code,internal_code,name,manufacturer_name,manufacture_country,manufacturer_item_description,unit_qty,quantity,unit_of_measure,weighted,qty_in_package,price,unit_of_measure_price,allow_discount,status,item_id
300,false,פיתה פרינה,,,פיתה ש.י.שאשא,Unknown,0.00,Unknown,false,1,1.70,1.70,true,1,
602,false,קפה טורקי 85גרם,,,בצל יבש,Unknown,0.00,"ק""ג",true,0,5.90,5.90,true,1,
619,false,פלפל אדום,,,פלפל אדום,Unknown,0.00,"ק""ג",true,0,12.90,12.90,true,1,
5942,false,"תפו""ע קריספי",,,"תפו""ע קריספי",Unknown,0.00,"ק""ג",true,0,19.90,19.90,true,1,
46020,false,גבינה צהובה גלבוע 22% במשקל תנובה,,,גבינה צהובה גלבוע-במ,Unknown,0.00,"ק""ג",true,0,42.58,42.58,true,1,
47034,false,קולאז רוקפור גליל במשקל-חריץ,,,קולאז רוקפור גליל,קילוגרמים,0.00,"ק""ג",true,0,145.00,145.00,true,1,
47485,false,"פיראוס בולגרית 24% בפח 3 ק""ג",,,בולגרית פיראוס 24%,Unknown,0.00,"ק""ג",true,0,65.00,65.00,true,1,
53219,false,גבינה חריץ טל העמק 32% במשקל,,,גבינה טל העמק 32%,Unknown,0.00,"ק""ג",true,0,69.00,69.00,true,1,
56326,false,גבינה שוויצרית במשקל,,,גבינה שוויצרית במשקל,Unknown,0.00,"ק""ג",true,0,82.00,82.00,true,1,
90207,false,שום במשקל,,,שום במשקל,Unknown,0.00,"ק""ג",true,0,29.90,29.90,true,1,
363486,false,נקניק תה טירת צבי במשקל,,,נקניק תה טירת צבי,Unknown,0.00,"ק""ג",true,0,60.00,60.00,true,1,
365756,false,פסטרמה גחלים דל שומןטירת צבי,,,פסטרמה גחלים דל שומן,Unknown,0.00,"ק""ג",true,0,93.00,93.00,true,1,
365954,false,פסטרמה הודו גחלים טירת צבי,,,פסטרמה גחלים,Unknown,0.00,"ק""ג",true,0,93.00,93.00,true,1,
369341,false,לבנה אבו גוש ירוק במשקל,,,לבנה אבו גוש ירוק במ,Unknown,0.00,"ק""ג",true,0,59.00,59.00,true,1,
554754,false,מוצרלה במים כדורים קטנים 18%,,,מוצרלה קטן במשקל,Unknown,0.00,"ק""ג",true,0,115.00,115.00,true,1,
554815,false,מוצרלה טבעית במשקל,,,מוצרלה טבעית במשקל,Unknown,0.00,"ק""ג",true,0,105.00,105.00,true,1,
554921,false,גבינה ריקוטה 5% במשקל,,,גבינת ריקוטה,קילוגרמים,0.00,"ק""ג",true,0,70.00,70.00,true,1,
1191187,false,הרינג שלם בוואקום במשקל,,IL,הרינג שלם בוואקום במ,קילוגרמים,0.00,"ק""ג",true,0,33.00,33.00,true,1,
1356630,false,פילה הרינג כבוש במשקל,,,פילה הרינג כבוש במש,Unknown,0.00,"ק""ג",true,0,64.00,64.00,true,1,
1402399,false,פריזר דוקטורסקייה,,IL,פריזר דוקטורסקייה,Unknown,0.00,"ק""ג",true,0,75.00,75.00,true,1,
1404379,false,נקניק בריאנסקיה,,,נקניק בריאנסקיה,Unknown,0.00,"ק""ג",true,0,95.00,95.00,true,1,
1418475,false,פריזר אליטנאיה במשקל,,,פריזר אליטנאיה במשקל,Unknown,0.00,"ק""ג",true,0,99.00,99.00,true,1,
2073932,false,פסטרמה רוסט ריב עגל,,,פסטרמה רוסט ריב עגל,Unknown,0.00,"ק""ג",true,0,119.00,119.00,true,1,
2385455,false,בולגרית מעודנת 24% גד במשקל,,,בולגרית מעודנת 24% ג,Unknown,0.00,"ק""ג",true,0,75.00,75.00,true,1,
2400554,false,טיבון טלה סקין פריים,,IL,טיבון טלה סקין פריים,Unknown,0.00,"ק""ג",true,0,139.90,139.90,true,1,
2438045,false,נקניקיות באיירן,,IL,נקניקיות באיירן,Unknown,0.00,"ק""ג",true,0,46.90,46.90,true,1,
2511137,false,פטה עיזים 20% במשקל,,,פטה עיזים 20% במשקל,Unknown,0.00,"ק""ג",true,0,108.00,108.00,true,1,
2511281,false,ברינזה צאן במשקל,,,ברינזה צאן במשקל,Unknown,0.00,"ק""ג",true,0,90.00,90.00,true,1,
2511335,false,תום כבשים מחלבת המושבהבמשקל,,,תום כבשים מחלבת המוש,Unknown,0.00,"ק""ג",true,0,178.00,178.00,true,1,
2511427,false,אצבעות שוקלד וניל במשקל,,,אצבעות שוקלד וניל במ,Unknown,0.00,"ק""ג",true,0,70.00,70.00,true,1,
2617471,false,גבינת צדר אנגלית מיושנת במשקל,,,גבינת צדר אנגלית,Unknown,0.00,"ק""ג",true,0,131.00,131.00,true,1,
2617495,false,גבינת צדר אנגלית עם וויסקי במשקל,,,גבינת צדר אנגלית,Unknown,0.00,"ק""ג",true,0,168.00,168.00,true,1,
2617501,false,גבינת צדר עם חמוציות במשקל,,,גבינת צדר עם חמוציות,Unknown,0.00,"ק""ג",true,0,174.00,174.00,true,1,
2649403,false,פרמזנו רגאנו איטלקי במשקל,,IT,פרמזנו רגאנו איטלקי,Unknown,0.00,"ק""ג",true,0,203.00,203.00,true,1,
2749561,false,נקניקיות בוואריה מזרע,,,נקניקיות בוואריה,Unknown,0.00,"ק""ג",true,0,82.00,82.00,true,1,
2812530,false,גאודה הולנדי עשבי תיבול במשקל,,,גאודה עשבי תיבול,Unknown,0.00,"ק""ג",true,0,107.00,107.00,true,1,
3006120,false,טאפס שכונתי במשקל,,,טאפס שכונתי במשקל,Unknown,0.00,"ק""ג",true,0,184.00,184.00,true,1,
3464562,false,סטייק סינטה עגל טרי,,,סטייק סינטה עגל,Unknown,0.00,"ק""ג",true,0,109.90,109.90,true,1,
3800513,false,פילה עוף טרי,,,פילה עוף טרי,Unknown,0.00,"ק""ג",true,0,41.90,41.90,true,1,
4050191,false,נקניק סלמי הונגרי,,,נקניק סלמי הונגרי,Unknown,0.00,"ק""ג",true,0,180.00,180.00,true,1,
4050283,false,פפרוני עגל במשקל,,,פפרוני עגל במשקל,Unknown,0.00,"ק""ג",true,0,175.00,175.00,true,1,
4050443,false,בייקון במשקל,,,בייקון במשקל,Unknown,0.00,"ק""ג",true,0,210.00,210.00,true,1,
4050597,false,פרושוטו,,,פרושוטו,Unknown,0.00,"ק""ג",true,0,320.00,320.00,true,1,
4050801,false,לשון בקר איטלקי,,,לשון בקר איטלקי,Unknown,0.00,"ק""ג",true,0,140.00,140.00,true,1,
4050894,false,נקניק סלמי כפרי,,,נקניק סלמי כפרי,Unknown,0.00,"ק""ג",true,0,182.00,182.00,true,1,
4051082,false,קורנביף במשקל,,,קורנביף במשקל,Unknown,0.00,"ק""ג",true,0,125.00,125.00,true,1,
4051204,false,פסטרמה הודו עם אווז,,,פסטרמה הודו עם אווז,Unknown,0.00,"ק""ג",true,0,140.00,140.00,true,1,
4051464,false,נקניק סלמי מילאנו,,,נקניק סלמי מילאנו,Unknown,0.00,"ק""ג",true,0,160.00,160.00,true,1,
4051495,false,בוזנינה כפרית במשקל,,,בוזנינה כפרית במשקל,Unknown,0.00,"ק""ג",true,0,180.00,180.00,true,1,
4051617,false,נקניק סלמי רוונה במשקל,,,נקניק סלמי רוונה,Unknown,0.00,"ק""ג",true,0,105.00,105.00,true,1,
4051785,false,מורטדלה איטלקית,,,מורטדלה איטלקית,Unknown,0.00,"ק""ג",true,0,75.00,75.00,true,1,
4052034,false,נקניק מוסקובסקיה -מזרע,,,נקניק מוסקובסקיה,Unknown,0.00,"ק""ג",true,0,120.00,120.00,true,1,
4052119,false,חטיפי קבנוס רו,,,חטיפי קבנוס רו,Unknown,0.00,"ק""ג",true,0,185.00,185.00,true,1,
4052188,false,חזה הודו מעושן בגריל במשקל,,,חזה הודו מעושן בגריל,Unknown,0.00,"ק""ג",true,0,85.00,85.00,true,1,
4052348,false,קבנוס מזרע,,,קבנוס מזרע,Unknown,0.00,"ק""ג",true,0,105.00,105.00,true,1,
4052423,false,ברזאולה,,,ברזאולה,Unknown,0.00,"ק""ג",true,0,300.00,300.00,true,1,
4052652,false,רו בייקון במשקל,,,רו בייקון במשקל,Unknown,0.00,"ק""ג",true,0,270.00,270.00,true,1,
4053000,false,נקניק רו סרוולט,,,נקניק רו סרוולט,Unknown,0.00,"ק""ג",true,0,175.00,175.00,true,1,
4053017,false,נקניק סלמי הרץ מזרע,,,נקניק סלמי הרץ מזרע,Unknown,0.00,"ק""ג",true,0,160.00,160.00,true,1,
4053024,false,נקניק פפרוני,,,נקניק פפרוני,Unknown,0.00,"ק""ג",true,0,175.00,175.00,true,1,
4053710,false,פסטרמה חזה הודו מקסיקני,,,פסטרמה חזה הודו,Unknown,0.00,"ק""ג",true,0,85.00,85.00,true,1,
4053918,false,כתף בקר מעושנת במשקל,,,כתף בקר מעושנת במשקל,Unknown,0.00,"ק""ג",true,0,130.00,130.00,true,1,
4054014,false,שינקן מעושן במשקל,,,שינקן מעושן במשקל,Unknown,0.00,"ק""ג",true,0,135.00,135.00,true,1,
4054397,false,פרושוטו רוסי,,,פרושוטו רוסי,Unknown,0.00,"ק""ג",true,0,225.00,225.00,true,1,
4055103,false,נקניקיות עגל במשקל,,,נקניקיות עגל במשקל,Unknown,0.00,"ק""ג",true,0,55.00,55.00,true,1,
4055479,false,פסטרמה בקר בפלפל,,,פסטרמה בקר בפלפל,Unknown,0.00,"ק""ג",true,0,130.00,130.00,true,1,
4055608,false,פריזר איטלקי,,,פריזר איטלקי,Unknown,0.00,"ק""ג",true,0,65.00,65.00,true,1,
4055615,false,פריזר עגל,,,פריזר עגל,Unknown,0.00,"ק""ג",true,0,49.00,49.00,true,1,
4055769,false,נקניק לוביטליסקיה,,,נקניק לוביטליסקיה,Unknown,0.00,"ק""ג",true,0,110.00,110.00,true,1,
4055813,false,נקניק טורו מבשר בקר,,,נקניק טורו מבשר בקר,Unknown,0.00,"ק""ג",true,0,140.00,140.00,true,1,
4068400,false,קאשקבל במשקל,,,קאשקבל במשקל,Unknown,0.00,"ק""ג",true,0,149.00,149.00,true,1,
4128401,false,פטה פיראוס 20% במשקל,,,פטה פיראוס 20% במשקל,Unknown,0.00,"ק""ג",true,0,140.00,140.00,true,1,
4135324,false,בולגרית מעודנת פיראוס 5% למעדניה,,,בולגרית פיראוס מעודנ,Unknown,0.00,"ק""ג",true,0,55.00,55.00,true,1,
4136291,false,צפתית מעודנת פיראוס 5% למעדניה,,,גבינה צפתית מעודנת 5,Unknown,0.00,"ק""ג",true,0,65.00,65.00,true,1,
4412142,false,"תפו""ע גאלה",,,תפוע גאלה,Unknown,0.00,"ק""ג",true,0,15.90,15.90,true,1,
4412166,false,אשכולית אדומה,,,אשכולית אדומה,Unknown,0.00,"ק""ג",true,0,9.90,9.90,true,1,
4412227,false,"תפו""א אדום",,,תפוא אדום,Unknown,0.00,"ק""ג",true,0,6.90,6.90,true,1,
4412289,false,תפוזינה,,,תפוזינה,Unknown,0.00,"ק""ג",true,0,9.90,9.90,true,1,
4412319,false,בטטה,,,בטטה,Unknown,0.00,"ק""ג",true,0,13.90,13.90,true,1,
4412340,false,קלמנטינה,,,קלמנטינה,Unknown,0.00,"ק""ג",true,0,12.90,12.90,true,1,
4412395,false,תפוז ברשת,,,תפוז ברשת,Unknown,0.00,"ק""ג",true,0,12.90,12.90,true,1,
4412418,false,קיווי,,,קיווי,Unknown,0.00,"ק""ג",true,0,29.90,29.90,true,1,
4412432,false,תפוזים,,,תפוזים,Unknown,0.00,"ק""ג",true,0,9.90,9.90,true,1,
4412449,false,"תפו""ע יהונתן",,,תפוע יהונתן,Unknown,0.00,"ק""ג",true,0,15.90,15.90,true,1,
4412456,false,"תפו""ע חרמון",,,תפוע חרמון,Unknown,0.00,"ק""ג",true,0,14.90,14.90,true,1,
4412463,false,"תפו""ע מוזהב",,,תפוע מוזהב,Unknown,0.00,"ק""ג",true,0,13.90,13.90,true,1,
4412470,false,"תפו""ע סמיט",,,תפוע סמיט,Unknown,0.00,"ק""ג",true,0,14.90,14.90,true,1,
4412487,false,שזיף אדום,,,שזיף אדום,Unknown,0.00,"ק""ג",true,0,23.90,23.90,true,1,
4412500,false,בצל אדום,,,בצל אדום,Unknown,0.00,"ק""ג",true,0,8.90,8.90,true,1,
4412524,false,פומלית,,,פומלית,Unknown,0.00,"ק""ג",true,0,9.90,9.90,true,1,
4412531,false,ענבים ירוקים,,,ענבים ירוקים,Unknown,0.00,"ק""ג",true,0,34.90,34.90,true,1,
4412548,false,ענבים שחורים,,,ענבים שחורים,Unknown,0.00,"ק""ג",true,0,34.90,34.90,true,1,
4412579,false,מנגו,,,מנגו,Unknown,0.00,"ק""ג",true,0,19.90,19.90,true,1,
4412586,false,לימון,,,לימון,Unknown,0.00,"ק""ג",true,0,12.90,12.90,true,1,
4412616,false,בננות,,,בננות,Unknown,0.00,"ק""ג",true,0,11.90,11.90,true,1,
4412623,false,אגסים,,,אגסים,Unknown,0.00,"ק""ג",true,0,17.90,17.90,true,1,
4412630,false,אשכוליות,,,אשכוליות,Unknown,0.00,"ק""ג",true,0,9.90,9.90,true,1,
4412647,false,אבוקדו,,,אבוקדו,Unknown,0.00,"ק""ג",true,0,22.90,22.90,true,1,
4412654,false,אפרסמון,,,אפרסמון,Unknown,0.00,"ק""ג",true,0,24.90,24.90,true,1,
4412678,false,"תפו""א לבן",,,תפוא לבן,Unknown,0.00,"ק""ג",true,0,5.90,5.90,true,1,
4412708,false,קולרבי,,,קולורבי,Unknown,0.00,"ק""ג",true,0,8.90,8.90,true,1,
4412715,false,קשואים,,,קישואים,Unknown,0.00,"ק""ג",true,0,9.90,9.90,true,1,
4412746,false,פלפל חריף,,,פלפל חריף,Unknown,0.00,"ק""ג",true,0,11.90,11.90,true,1,
4412777,false,פלפל צהוב,,,פלפל צהוב,Unknown,0.00,"ק""ג",true,0,11.90,11.90,true,1,
4412784,false,עגבניות,,,עגבניות,Unknown,0.00,"ק""ג",true,0,11.90,11.90,true,1,
4412814,false,מלפפונים,,,מלפפונים,Unknown,0.00,"ק""ג",true,0,10.90,10.90,true,1,
4412838,false,כרובית,,,כרובית,Unknown,0.00,"ק""ג",true,0,14.90,14.90,true,1,
4412852,false,כרוב לבן,,,כרוב לבן,Unknown,0.00,"ק""ג",true,0,5.90,5.90,true,1,
4412869,false,חצילים,,,חצילים,Unknown,0.00,"ק""ג",true,0,9.90,9.90,true,1,
4412883,false,גזר,,,גזר,Unknown,0.00,"ק""ג",true,0,6.90,6.90,true,1,
4530044,false,אמנטל צרפתי במשקל,,,אמנטל צרפתי במשקל,Unknown,0.00,"ק""ג",true,0,120.00,120.00,true,1,
4535209,false,סטייק צוואר פרוס טרי,,,סטייק צוואר פרוס טרי,Unknown,0.00,"ק""ג",true,0,94.90,94.90,true,1,
4725600,false,גבינה צהובה סקנדינבית 31% במשקל,,,גבינה צהובה סקנדינבי,Unknown,0.00,"ק""ג",true,0,90.00,90.00,true,1,
4861025,false,גבינה בולגרית 5%,,,גבינה בולגרית 5%,Unknown,0.00,"ק""ג",true,0,52.00,52.00,true,1,
4861261,false,טבורוג בטעמים 9%,,,טבורוג בטעמים 9%,Unknown,0.00,"ק""ג",true,0,42.00,42.00,true,1,
4861285,false,טבורוג טבעי 9%,,,טבורוג טבעי 9%,Unknown,0.00,"ק""ג",true,0,42.00,42.00,true,1,
5678400,false,ענבים ראד גלוב חרצנים,,,ענבים ראד גלוב חרצני,Unknown,0.00,"ק""ג",true,0,49.90,49.90,true,1,
5992889,false,גבינת שמנת 30% שמיר,,,גבינת שמנת 30% שמיר,קילוגרמים,0.00,"ק""ג",true,0,55.00,55.00,true,1,
5992964,false,פטה כבשים מסורתי במשקל,,,פטה כבשים מסורתי,Unknown,0.00,"ק""ג",true,0,145.00,145.00,true,1,
6187253,false,סלמי סוגוק,,,סלמי סוגוק,Unknown,0.00,"ק""ג",true,0,155.00,155.00,true,1,
6187260,false,סינטה לבן טרי מפורק,,,סינטה לבנה מפורקת,Unknown,0.00,"ק""ג",true,0,79.90,79.90,true,1,
6188663,false,חזה הודו ברביקיו דל שומן מזרע,,,חזה הודו דל שומן,Unknown,0.00,"ק""ג",true,0,85.00,85.00,true,1,
6188717,false,חזה הודו רומני דל שומן מזרע,,,חזה הודו רומני דל.ש,Unknown,0.00,"ק""ג",true,0,90.00,90.00,true,1,
6189042,false,סרוולט הזהב,,,סרוולט הזהב,Unknown,0.00,"ק""ג",true,0,189.00,189.00,true,1,
6191915,false,גבינה מגורדת,,,גבינה מגורדת,Unknown,0.00,"ק""ג",true,0,57.00,57.00,true,1,
6194190,false,קצוות נקניק,,,קצוות נקניק,Unknown,0.00,"ק""ג",true,0,33.00,33.00,true,1,
6519511,false,פריזר עוף מזרע,,,פריזר עוף,Unknown,0.00,"ק""ג",true,0,36.00,36.00,true,1,
6520388,false,שניצל חזה עוף פרוס טרי,,,שניצל חזה עוף פרוס,Unknown,0.00,"ק""ג",true,0,41.90,41.90,true,1,
6520463,false,עוף מחולק- טרי,,,עוף מחולק טרי,Unknown,0.00,"ק""ג",true,0,19.90,19.90,true,1,
6707574,false,כרעיים עוף טרי בלי עור עוף טוב במגש,,,כרעיים טרי בלי עור,Unknown,0.00,"ק""ג",true,0,39.90,39.90,true,1,
6835161,false,פסטרמה לבנה רוסית מעושנת מזרע,,,פסטרמה לבנה רוסית,Unknown,0.00,"ק""ג",true,0,125.00,125.00,true,1,
6837004,false,גבינה מעורב במשקל,,,גבינה מעורב במשקל,Unknown,0.00,"ק""ג",true,0,47.00,47.00,true,1,
6837509,false,גבינת דנאבלו דנמרק במשקל,,,גבינת דנאבלו דנמרק,Unknown,0.00,"ק""ג",true,0,131.00,131.00,true,1,
6843371,false,ספריבס חזה לבן ללא עור טרי,,,ספריבס חזה לבן ללא ע,Unknown,0.00,"ק""ג",true,0,86.90,86.90,true,1,
6843913,false,ירכיים עוף טרי,,,ירכיים עוף טרי,Unknown,0.00,"ק""ג",true,0,27.90,27.90,true,1,
6843944,false,עוף שלם טרי,,,עוף שלם טרי,Unknown,0.00,"ק""ג",true,0,18.90,18.90,true,1,
6843951,false,גרון/גב/עצמות עוף טרי,,,גרון/גב/עצמות עוף טר,Unknown,0.00,"ק""ג",true,0,6.90,6.90,true,1,
8434683,false,צדר אדום גרמני במשקל,,,צדר אדום גרמני במשקל,Unknown,0.00,"ק""ג",true,0,90.00,90.00,true,1,
8434799,false,צדר לבן גרמני במשקל,,,צדר לבן גרמני במשקל,Unknown,0.00,"ק""ג",true,0,100.00,100.00,true,1,
8439510,false,פסטרמה הודו בדבש מזרע,,,פסטרמה הודו בדבש,Unknown,0.00,"ק""ג",true,0,75.00,75.00,true,1,
8439541,false,פסטרמה הודו על האש,,,פסטרמה הודו על האש,Unknown,0.00,"ק""ג",true,0,75.00,75.00,true,1,
8439572,false,פסטרמה הודו פרפר רומני מזרע,,,פסטרמה הודו פרפר,Unknown,0.00,"ק""ג",true,0,79.00,79.00,true,1,
8439756,false,פסטרמה הודו פלפל מזרע,,,פסטרמה הודו פלפל,Unknown,0.00,"ק""ג",true,0,75.00,75.00,true,1,
8439787,false,פסטרמה לבנה רומנית מזרע,,,פסטרמה לבנה רומנית,Unknown,0.00,"ק""ג",true,0,125.00,125.00,true,1,
8441056,false,זלץ מזרע,,,זלץ,Unknown,0.00,"ק""ג",true,0,85.00,85.00,true,1,
8442350,false,גבינה מעושנת SNACKS במשקל,,,SNACKS גבינה אנלוגי,Unknown,0.00,"ק""ג",true,0,130.00,130.00,true,1,
8442398,false,אסאדו עגל טרי רצועות,,,אסאדו עגל טרי רצועות,Unknown,0.00,"ק""ג",true,0,54.90,54.90,true,1,
8442640,false,פילה דג בסה קפוא בוואקום,,,פילה דג בסה קפוא,Unknown,0.00,"ק""ג",true,0,32.90,32.90,true,1,
8442688,false,נקניק כפרית יבש מזרע,,,נקניק כפרית יבש,Unknown,0.00,"ק""ג",true,0,170.00,170.00,true,1,
8498210,false,גבינת כבשים עם פטריות כמהין במשקל,,,גבינת כבשים עם פטריו,Unknown,0.00,"ק""ג",true,0,330.00,330.00,true,1,
8498265,false,גבינה תום דה קטלוניה במשקל,,,גבינה תום דה קטלוניה,Unknown,0.00,"ק""ג",true,0,194.00,194.00,true,1,
8498531,false,גבינת עיזים כמהין במשקל,,,גבינת עיזים כמהין במ,Unknown,0.00,"ק""ג",true,0,315.00,315.00,true,1,
8498838,false,גאודה עיזים מיושנת במשקל,,,גאודה עיזים מיושנת ב,Unknown,0.00,"ק""ג",true,0,204.00,204.00,true,1,
8618007,false,פילה סלמון פרוס טרי סקין,,IL,פילה סלמון פרוס טרי,Unknown,0.00,"ק""ג",true,0,124.90,124.90,true,1,
8618021,false,פילה דניס טרי סקין,,IL,פילה דניס טרי,Unknown,0.00,"ק""ג",true,0,134.90,134.90,true,1,
8713438,false,גאודה מיושנת גלגל במשקל D DAIRY,,,גאודה הולנדית מיושנת,Unknown,0.00,"ק""ג",true,0,136.00,136.00,true,1,
8713573,false,גאודה הולנדית חרדל במשקל,,,גאודה הולנדית חרדל,Unknown,0.00,"ק""ג",true,0,126.00,126.00,true,1,
8776875,false,סטייק ניו יורק,,,סטייק ניו יורק,Unknown,0.00,"ק""ג",true,0,119.90,119.90,true,1,
9441017,false,עגבניות שרי,,,עגבניות שרי,Unknown,0.00,"ק""ג",true,0,19.90,19.90,true,1,
9441024,false,עגבניות תמר,,,עגבניות שרי,Unknown,0.00,"ק""ג",true,0,29.90,29.90,true,1,
32147230,false,לימונית - מיץ לימון משומר,ג'נרל מילס סאן אדריא,CH,מיץ לימון משומר 200,מיליליטרים,200.00,"100 מ""ל",false,1,8.90,4.45,true,1,
40084107,false,ביצת שוקולד הפתעה קינדר,פרדי קונדטוריה אס פי,IT,קינדר ביצת הפתעה,Unknown,0.00,Unknown,false,1,6.90,6.90,true,1,
40111445,false,מ&מס פינאטס 45 גרם,,,מ&מס פינאטס 45 גרם,גרמים,45.00,100 גרם,false,1,5.50,12.22,true,1,
40345512,false,-XXL סוכריות סמרטיז עדשים צבעוני 130 ג,,AT,-XXL סוכריות סמרטיז,גרמים,130.00,100 גרם,false,1,13.90,10.69,true,1,
41001356,false,"בירה בקס פחית 500 מ""ל",יבואן ומשווק: ש. שסט,DE,"בירה בקס פחית 500 מ""",מיליליטרים,500.00,"100 מ""ל",false,1,12.90,2.58,true,1,
42061939,false,"בירה בקס בקבוק 500 מ""ל בקבוק","איי, בי, אינבוו",DE,"בירה בקס 500 מ""ל",מיליליטרים,500.00,"100 מ""ל",false,1,10.90,2.18,true,1,
42101666,false,איירוייבז מנטה ואקליפטוס בקופסה 25 יח HP,ריגלי,GB,איירוייבז מנטה ואקלי,Unknown,0.00,Unknown,false,1,7.90,7.90,true,1,
42138105,false,סיגריות וינסטון סופר סלימס כחול,גיי טי אינטרנשיונל,,ווינסטון סופר סלימס,Unknown,0.00,Unknown,false,1,33.00,33.00,true,1,
42138129,false,סיגריות וינסטון סופר סלימס מנטול,JTI,,ווינסטון סופר סלימס,Unknown,0.00,Unknown,false,1,33.00,33.00,true,1,
42182115,false,אורביט פייב ספירמינט 12 סטיקס 29 גר,ריגלי צרפת,FR,אורביט פייב ספירמינט,Unknown,0.00,Unknown,false,1,7.50,7.50,true,1,
42188889,false,אורביט פייב אבטיח 12 סטיקס 29 גר,ריגלי צרפת,FR,אורביט פייב אבטיח 12,Unknown,0.00,Unknown,false,1,7.50,7.50,true,1,
42370314,false,גונץ-סמרטיז קלפר מולטי מיקס 55.5 גר,,,גונץ-סמרטיז קלפר מול,גרמים,55.00,100 גרם,false,1,16.90,30.73,true,1,
45358850,false,אוסובוקו טרי פרוס,,,אוסובוקו טרי,Unknown,0.00,"ק""ג",true,0,49.90,49.90,true,1,
59039549,false,ווג פריזון מנטול חפיסה,BAT,,ווג פריזון מנטול חפי,Unknown,0.00,Unknown,false,1,38.00,38.00,true,1,
59068907,false,סיגריות פאל מאל כחול דמי סלימס,גלוברנס,,פאל מאל כחול דמי סלי,Unknown,0.00,Unknown,false,1,26.00,26.00,true,1,
59068914,false,סיגריות פאל מאל סילבר דמי סלימס,,,פאל מאל סילבר דמי סל,Unknown,0.00,Unknown,false,1,26.00,26.00,true,1,
59455233,false,סיגריות ווג ליידי כח,BAT,,ווג סופרסלימס כחול,יחידה,1.00,יחידה,false,1,38.00,38.00,true,1,
59455240,false,ווג סופרסלימס לילך חפיסה,BAT,,ווג סופרסלימס לילך,יחידה,1.00,יחידה,false,1,38.00,38.00,true,1,
72940754,false,מעדן מילקי בטעם וניל עם קצפת,"שטראוס גרופ בע""מ",IL,מילקי וניל 130 גרם,גרמים,130.00,100 גרם,false,1,2.90,2.23,true,1,
72940761,false,מעדן מילקי בטעם שוקולד עם קצפת,מיוצר עי קונדיטוריית,IL,מילקי שוקולד 130 גרם,גרמים,130.00,100 גרם,false,1,2.90,2.23,true,1,
72963753,false,שמנת אורגינל של פעם 27% שומן 200 ג' תנובה,תנובה מרכז שיתופי לש,IL,שמנת של פעם 27% 200,מיליליטרים,200.00,"100 מ""ל",false,1,4.40,2.20,true,1,
72964132,false,פרילי טבע עם גרנולה 1.5% 200מל,מיוצר עי קונדיטוריית,IL,פרילי טבע 3% 200 גר,גרמים,200.00,100 גרם,false,1,6.10,3.05,true,1,
72986370,false,"גלידת בן & ג'ריס פיינטים וניל 500מ""ל",מוצרי איכות אמריקאים,IL,בן אנד גריס גלידת ונ,מיליליטרים,500.00,"100 מ""ל",false,1,25.90,5.18,true,1,
72986455,false,"ניו יורק סופר גלידת שוקולד, חתיכות פאדג' ואגוזים",מוצרי איכות אמריקאיי,IL,בן אנד גריס גלידת ני,מיליליטרים,500.00,"100 מ""ל",false,1,25.90,5.18,true,1,
72986479,false,"צ'אנקי מנקי גלידת וניל, בננות, חתיכות פאדג' ואגוזים",מוצרי איכות אמריקאיי,IL,בן אנד גריס גלידת צא,מיליליטרים,500.00,"100 מ""ל",false,1,25.90,5.18,true,1,
72989425,false,"גלידת בן & ג'ריס פיינטים שוקולד בראוניז 500מ""ל",מוצרי איכות אמריקאיי,IL,בן אנד גריס שוקולד ב,מיליליטרים,500.00,"100 מ""ל",false,1,25.90,5.18,true,1,
72991886,false,"גלידת דולצ'ה בטעם ריבת חלב עם פאדג' בן וג'ירי 500 מ""ל",מוצרי איכות אמריקאיי,IL,בן אנד גריס 500,מיליליטרים,500.00,"100 מ""ל",false,1,25.90,5.18,true,1,
75032814,false,"בירה קורונה 355 מ""ל בקבוק",,,"בירה קורונה 355 מ""ל",מיליליטרים,355.00,"100 מ""ל",false,1,8.90,2.51,true,1,
76136184,false,פאל מאל סופרסלימס כחול קופסה,BAT,,פאל מאל סופרסלימס כח,Unknown,0.00,Unknown,false,1,30.00,30.00,true,1,
80042556,false,POLPA עגבניות חתוכות דק 400 גרם MUTTI,"איי, בי, אינבוו",IT,POLPA עגבניות חתוכות,גרמים,400.00,100 גרם,false,1,7.90,1.98,true,1,
80042563,false,רסק עגבניות 700 ג' (צהוב) MUTTI,"איי, בי, אינבוו",IT,מחית עגבניות קלה 700,גרמים,700.00,100 גרם,false,1,12.90,1.84,true,1,
80050278,false,פררו רושר חטיף כדורים שלישיה 40ג',קדבורי,IT,חטיף פררו רושר שלישי,גרמים,37.00,100 גרם,false,1,6.90,18.65,true,1,
80052760,false,קינדר בואנו Kinder Bueno עם חלב ואגוזי לוז,קינדר Kinder,PL,חטיף קינדר בואנו 43,גרמים,43.00,100 גרם,false,1,5.50,12.79,true,1,
80176732,false,קינדר הפי היפו 28 יחידות,קדבורי,DE,קינדר הפי הפי בודד 3,גרמים,35.00,100 גרם,false,1,4.50,12.86,true,1,
80176800,false,נוטלה ממרח שוקולד 750 גרם,פררו תעשיות איטליה ס,IT,ממרח שוקולד נוטלה 75,גרמים,750.00,100 גרם,false,1,27.90,3.72,true,1,
80177173,false,ממרח אגוזי לוז עם קקאו,נוטלה Nutella,IT,ממרח נוטלה 350 גרם,גרמים,350.00,100 גרם,false,1,16.90,4.83,true,1,
80177180,false,שוקולד קינדר קאונטרי 23.5 גרם,קדבורי,IT,שוקולד קינדר קאונטרי,גרמים,24.00,100 גרם,false,1,3.50,14.58,true,1,
80177609,false,אצבעות שוקולד קינדר Kinder ארבע יחידות,קינדר Kinder,IT,קינדר 50 גרם,גרמים,50.00,100 גרם,false,1,5.50,11.00,true,1,
80177616,false,אצבעות שוקולד קינדר Kinder שמונה יחידות,קינדר Kinder,IT,טבלת שוקולד קינדר 10,גרמים,100.00,100 גרם,false,1,9.90,9.90,true,1,
80310167,false,קינדר מקסי שישייה 126 גר,,,קינדר מקסי שישייה 12,גרמים,126.00,100 גרם,false,1,11.90,9.44,true,1,
80310549,false,הפי היפו חטיף קינדר שוקולד לבן 20.5ג',קדבורי,DE,קינדר הפי היפו אגוזי,גרמים,35.00,100 גרם,false,1,4.50,12.86,true,1,
80310891,false,ביצת הפתעה קינדר ג'וי כתום,פררו,ZA,ביצת הפתעה קינדר גוי,גרמים,20.00,100 גרם,false,1,6.90,34.50,true,1,
80525264,false,Agnesi רוטב עגבניות ובזיל 400 גר,,IT,רוטב עגבניות,גרמים,400.00,100 גרם,false,0,15.60,3.90,true,1,
80525288,false,Agnesi רוטב עגבניות וזיתים 400 גר,,IT,Agnesi רוטב עגבניות,גרמים,400.00,100 גרם,false,0,15.60,3.90,true,1,
80525462,false,Agnesi רוטב עגבניות נפוליטנה 400 גר,,IT,Agnesi רוטב עגבניות,גרמים,400.00,100 גרם,false,0,15.60,3.90,true,1,
80761761,false,קינדר בואנו לבן בודד 39 גרם,קדבורי,PL,קינדר בואנו לבן בודד,גרמים,39.00,100 גרם,false,1,5.50,14.10,true,1,
80768258,false,קינדר ג'וי Joy ביצת הפתעה ורוד,קינדר Kinder,ZA,ביצה קינדר גוי ורוד,גרמים,20.00,100 גרם,false,1,6.90,34.50,true,1,
80773429,false,מסטיק מנטוס פיור פרש בבקבוק בינוני בטעם תות 60 ג',"פרפטי ואן מלה ג'ידה,",TR,מנטוס בבקבוק פיור,Unknown,0.00,Unknown,false,1,10.90,10.90,true,1,
80773443,false,מסטיק מנטוס בבקבוק מעוגל בטעם מנטה מעודנת 60 ג',"פרפטי ואן מלה ג'ידה,",TR,מנטוס בבקבוק מעוגל ט,Unknown,0.00,Unknown,false,1,10.90,10.90,true,1,
80790990,false,מסטיק מנטוס בבקבוק מעוגל בטעם פירות -מנטה 60 ג',"פרפטי ואן מלה ג'ידה,",TR,מנטוס בבקבוק מעוגל ט,Unknown,0.00,Unknown,false,1,10.90,10.90,true,1,
80843184,false,מנטוס מסטיק פיור פרש בטעם ענבים 60גר,פרפטי ואן מלה ברדה,TR,מנטוס בבקבוק פיור בט,גרמים,60.00,100 גרם,false,1,10.90,18.17,true,1,
80854753,false,סוכריות מנטוס מנטה 30 יח' ללא סוכר CLEAN BREATH,פרפטי ואן מלה,TR,"מנטוס מנטה לל""ס 21 ג",גרמים,21.00,100 גרם,false,1,7.90,37.62,true,1,
80864295,false,סוכריות פיור וויט טעם מנטה עדינה 60 ג' מנטוס,"פרפטי ואן מלה ג'ידה,",TR,מסטיק מנטוס וייט מנט,גרמים,60.00,100 גרם,false,1,10.90,18.17,true,1,
80874652,false,קינדר קארדס 120 גרם - בודד,פררו,IT,וופל קינדר קארדס 25.,גרמים,26.00,100 גרם,false,1,4.50,17.31,true,1,
80896081,false,מסטיק מנטוס פיור פרש בבקבוק בינוני בטעם אבטיח 60 ג',"פרפטי ואן מלה ג'ידה,",TR,מנטוס בבקבוק בינוני,Unknown,0.00,Unknown,false,1,10.90,10.90,true,1,
80913467,false,מסטיק מנטו בבקבוק מעוגל בטעם מנטה 60 ג',פרפטי ואן מלה ברדה,TR,מנטוס בבקבוק מעוגל ב,Unknown,0.00,Unknown,false,1,10.90,10.90,true,1,
80945468,false,סוכריות פיור וויט טעם מנטה מתוקה 60 ג' מנטוס,"פרפטי ואן מלה ג'ידה,",TR,מסטיק מנטוס וייט מנט,גרמים,60.00,100 גרם,false,1,10.90,18.17,true,1,
80979128,false,מנטוס בבקבוק פיור בטעם דובדבן 60 גר,פרפטי ואן מלה ברדה,TR,מנטוס בבקבוק פיור בט,גרמים,60.00,100 גרם,false,1,10.90,18.17,true,1,
80986348,false,סוכריות פיור וויט טעם מנטה 60 ג' מנטוס,"פרפטי ואן מלה ג'ידה,",TR,מסטיק מנטוס וייט מנט,גרמים,60.00,100 גרם,false,1,10.90,18.17,true,1,
80995128,false,מנטוס - מסטיק בטעם הדרים בתוספת ויטמינים 60 גרם,פרפטי ואן מלה ברדה,TR,מסטיק מנטוס ויטמין ב,גרמים,60.00,100 גרם,false,1,10.90,18.17,true,1,
90162602,false,"משקה רד בול מוגז פחית 250 מ""ל",רד בול ג'י.אם.בי. אץ,AT,משקה רד בול מוגז פחי,מיליליטרים,250.00,"100 מ""ל",false,1,7.90,3.16,true,1,
90162800,false,רד בול משקה אנרגיה ללא סוכר פקדון 30 אג,רד בול ג'י.אם.בי. אץ,AT,משקה רד בול מוגז,מיליליטרים,250.00,"100 מ""ל",false,1,7.90,3.16,true,1,
90448867,false,"משקה אנרגיה רד בול ללא פחמימות 250 מ""ל",רד בול,AT,משקה אנרגיה רד בול ל,מיליליטרים,250.00,"100 מ""ל",false,1,7.90,3.16,true,1,
8112100298,false,שמן שומשום טהור לא מ,Flavor full foods in,TW,"שמן שומשום 185 מ""ל",מיליליטרים,185.00,"100 מ""ל",false,1,15.90,8.59,true,1,
9800800056,false,חטיף שוקולד עם מקלות לחם אנד גו,נוטלה Nutella,DE,נוטלה & גו 52 גרם,גרמים,52.00,100 גרם,false,1,6.90,13.27,true,1,
11210000094,false,"רוטב ""טבסקו"" על בסיס פלפל אדום 60 מ""ל",מקאילהייני אייבורי,US,טבסקו פלפל אדום 60 מ,מיליליטרים,90.00,"100 מ""ל",false,1,12.80,14.22,true,1,
11210009387,false,רוטב טבסקו פלפל ירוק,מקאילהייני אייבורי,US,טבסקו פלפל ירוק 60 מ,מיליליטרים,60.00,"100 מ""ל",false,1,12.80,21.33,true,1,
11210698055,false,רוטב טבסקו סרירציה 566 גרם,מקאילהייני קו,US,רוטב טבסקו סרירציה 5,גרמים,566.00,100 גרם,false,1,34.50,6.10,true,1,
11359645088,false,מארז ציפס ודיפ גבינת צדר 150 גרם,,,מארז ציפס ודיפ גבינת,גרמים,150.00,100 גרם,false,1,11.40,7.60,true,1,
11359645095,false,מארז ציפס ודיפ סלסה 150 גרם,,,מארז ציפס ודיפ סלסה,גרמים,150.00,100 גרם,false,1,11.40,7.60,true,1,
11359645286,false,טורטילה ציפס נאצוס גבינה 200 גרם,,,טורטילה ציפס נאצוס ג,גרמים,200.00,100 גרם,false,1,11.00,5.50,true,1,
12086322211,false,יין דרוהין שבלי 750 מל צרפתי,,,יין דרוהין שבלי 750,Unknown,0.00,Unknown,false,1,109.90,109.90,true,1,
12300107136,false,סיגריות כאמל כחול פק,JTI,,כאמל כחול עשירייה,Unknown,0.00,Unknown,false,1,305.00,305.00,true,1,
13300606728,false,תערובת להכנת דונאט פילסברי ורוד וניל 459,הום טאון פוד שיקגו,US,תערובת להכנת דונאט פ,גרמים,459.00,100 גרם,false,1,29.90,6.51,true,1,
16000185517,false,דגני בוקר פייבר וואן עתירי סובין FIBRE1,בטר אנד דיפרנט,US,פייבר וואן 555 גרם,גרמים,555.00,100 גרם,false,1,32.90,5.93,true,1,
16000423534,false,ניטשר ואלי חטיף שיבולת שועל שוקולד מריר קראנצי 210ג',ג'נרל מילס סאן אדריא,ES,קראנצי שיבולת שועל ו,גרמים,210.00,100 גרם,false,1,19.90,9.48,true,1,
16000548503,false,ניטשר ואלי קראנצי חטיף גרנולהומייפל 10 יח' 210 ג',ג'נרל מילס סאן אדריא,ES,קראנצי בטעם מייפל,גרמים,210.00,100 גרם,false,1,19.90,9.48,true,1,
16229917593,false,"מי קוקוס 330 מ""ל",ויט וורלד קומפני,VN,"מי קוקוס 330 מ""ל",מיליליטרים,330.00,"100 מ""ל",false,1,9.10,2.76,true,1,
18000701223,false,תערובת לעוגת שוקולד 517 גרם פילסבורי,הדקלאים אגודת שיתופי,IL,תערובת לעוגת שוקולד,גרמים,517.00,100 גרם,false,1,19.90,3.85,true,1,
25675121058,false,"חמצוצים רחבים תפו""ע 115 גר",פאסין,NL,חמצוצים רחב תפוח 115,גרמים,115.00,100 גרם,false,1,12.60,10.96,true,1,
29801025203,false,עוגיות חמאה קריספי - ב. באטרס 200 גר,,,עוגיות חמאה קריספי -,גרמים,200.00,100 גרם,false,1,21.90,10.95,true,1,
30000315989,false,קוואקר פרוטאין חמוציות ושקדים 372 גר,קוואקר אוטס קומפני,US,קוואקר פרוטאין חמוצי,גרמים,372.00,100 גרם,false,1,25.90,6.96,true,1,
30100100553,false,קרקר קלאב טאון האוס אורגנל 391 גרם קיבלר,,,קרקר קלאב טאון האוס,גרמים,391.00,100 גרם,false,1,20.00,5.12,true,1,
30891052826,false,"דפי אורז 22 ס""מ 400",,,דפי אורז 400 גרם,גרמים,400.00,100 גרם,false,1,13.90,3.48,true,1,
34000196173,false,קוקיס אנד קרים בטעם שוקולד לבן עם שברי עוגיות,ליימן מותגים,,טבלת קוקיס אנד קרים,גרמים,120.00,100 גרם,false,1,12.40,10.33,true,1,
34000442652,false,שוקולד חלב ריסס Reese's במילוי חמאת בוטנים,ליימן מותגים,,טבלת ריזס 120 גרם X,גרמים,120.00,100 גרם,false,1,12.90,10.75,true,1,
34000996643,false,מארז שוקולד הרשי דרופס 215 גרם,ליימן מותגים,US,הרשי דרופס 215 גר,גרמים,215.00,100 גרם,false,1,24.00,11.16,true,1,
36000516876,false,ממחטות נייר קלינקס לושן 3 שכבות 75 דף,חוגלה קימברלי,GB,ממחטות נייר קלינקס ל,Unknown,0.00,Unknown,false,1,12.90,12.90,true,1,
37600297943,false,מטבל סלסה חריף- צ'י צ'י 439 גר,hormel foods,US,מטבל סלסה חריף צי צי,גרמים,439.00,100 גרם,false,1,22.90,5.22,true,1,
37600297967,false,מטבל סלסה בחריפות עדינה ציי צי 439 גר,hormel foods,US,מטבל סלסה בחריפות עד,גרמים,439.00,100 גרם,false,1,22.90,5.22,true,1,
38000138638,false,חטיף צ'יפס בטעם פיצה,פרינגלס מנופקצורינג,US,פרינגלס פיצה 158 גרם,גרמים,158.00,100 גרם,false,1,10.90,6.90,true,1,
38000138720,false,פרינגלס  תכלת ראנץ 158 ג',פרינגלס מניופקצ'ורינ,US,פרינגלס ראנץ 158 גרם,גרמים,158.00,100 גרם,false,1,10.90,6.90,true,1,
38000183690,false,פרינגלסמידי ברביקיו 71 גרם - חדש,פרינגלס Pringles,US,פרינגלס מידי ברביקיו,גרמים,71.00,100 גרם,false,1,5.90,8.31,true,1,
38000183928,false,פרינגלס חרדל ודבש 158 גרם,פרינגלס מניופקצ'ורינ,US,פרינגלס חרדל ודבש 15,גרמים,158.00,100 גרם,false,1,10.90,6.90,true,1,
38000197840,false,פרינגלס גלי בטעם חריף מתוק 137 ג',פרינגלס מניופקצ'ורינ,US,פרינגלס וייב חריף מת,גרמים,137.00,100 גרם,false,1,10.90,7.96,true,1,
38000202278,false,חטיף צ'יפס גלי בטעם אורגינל מלוח,פרינגלס מניופקצ'ורינ,US,פרינגלס וייב אורגינל,גרמים,130.00,100 גרם,false,1,10.90,8.38,true,1,
38000232152,false,פרינגלס ברביקיו 158 גרם – חדש,פרינגלס מניופקצ'ורינ,US,פרינגלס ברביקיו 158,גרמים,158.00,100 גרם,false,1,10.90,6.90,true,1,
38000232176,false,חטיף צ'יפס שמנת חמוצה ובצל,פרינגלס מניופקצ'ורינ,US,פרינגלס שמנת בצל 158,גרמים,158.00,100 גרם,false,1,10.90,6.90,true,1,
38000232183,false,פרינגלס אוריגינל 149 גרם,פרינגלס מניופקצ'ורינ,US,פרינגלס אוריגינל 149,גרמים,149.00,100 גרם,false,1,10.90,7.32,true,1,
38527591060,false,דגני קוואקר מרובעים Quaker Squares עם סוכר חום,BEVERAGES FOODS & SE,US,דגני בוקר מרובעים 4,גרמים,411.00,100 גרם,false,1,22.90,5.57,true,1,
39000008051,false,טורטיה אורטגה ארוחת טאקו קיט,בי אנד גי,US,אורטגה טאקו ארוחת קי,גרמים,283.00,100 גרם,false,1,38.50,13.60,true,1,
39047001152,false,ווקרס עוגיות חמאה פינגרס 150 גרם,,,ווקרס עוגיות חמאה פי,גרמים,150.00,100 גרם,false,1,22.90,15.27,true,1,
39047005440,false,ווקרס ביסקוויט שוקולד +אגוזי לוז 150 גרם,,,ווקרס ביסקוויט שוקול,גרמים,150.00,100 גרם,false,1,22.90,15.27,true,1,
41500805016,false,"רוטב רד הוט פלפל 148 מ""ל",,,רוטב רד הוט פלפל 148,מיליליטרים,148.00,"100 מ""ל",false,1,17.70,11.96,true,1,
46214382259,false,עוגיות בראוניס שוקולד 225 ג',בנקטבקריי מרבה בי.וי,NL,עוגיות בראוניס 200 ג,גרמים,200.00,100 גרם,false,1,10.90,5.45,true,1,
46214731552,false,עוגיות שוקולד ציפס מובחרות 225 ג',קריניציה ויטמינה אס,NL,עוגיות מרבה שוקולד צ,גרמים,225.00,100 גרם,false,1,10.90,4.84,true,1,
48327203513,false,"שמן זית כתית מעולה 750 מ""ל YBARRA",,ES,שמן זית כתית מעולה 7,מיליליטרים,750.00,"100 מ""ל",false,1,39.90,5.32,true,1,
50000168583,false,"פריסקיז אקסטרא קראנץ 1.43 ק""ג",פורינה,US,פריסקיז אקסטרא קראנץ,Unknown,1.00,Unknown,false,1,35.90,35.90,true,1,
52100040806,false,תערובת שום בצל פלפל שחור ומלח ים 120 גר,מקורמיק,US,תערובת שום בצל פלפל,גרמים,120.00,100 גרם,false,1,28.20,23.50,true,1,
54881003995,false,תה שחור פירות 20 שקיקים אחמד,אחמד תה אנגליה,,תה שחור פירות 20 שקי,Unknown,0.00,Unknown,false,1,13.70,13.70,true,1,
54881008167,false,תה אינגליש ברקפסט 100 שקיות AHMAD TEA,תה אחמד Ahmad tea,,תה אחמד אינגליש ברק,גרמים,200.00,100 גרם,false,1,23.00,11.50,true,1,
54881008174,false,תה אחמד ארל גריי 100 שקיקים,תה אחמד Ahmad tea,,תה אחמד ארל גריי 100,גרמים,180.00,100 גרם,false,1,23.00,12.78,true,1,
54881012720,false,אחמד מארז תה פירות 6 סוגים 120 גרם,,,אחמד מארז תה פירות 6,גרמים,120.00,100 גרם,false,1,33.50,27.92,true,1,
55369902342,false,אפלסנקס צנצנת רסק תפוחי עץ ממותק בסגנון ביתי 680 גרם עברית,לייהי אורצרדס,CA,"אפלסנק רסק תפו""ע בית",גרמים,709.00,100 גרם,false,1,16.90,2.38,true,1,
63517877145,false,פרנקיז חטיף צדר אורז קינואה אורגני 113,,CA,פרנקיז חטיף צדר אורז,גרמים,113.00,100 גרם,false,1,23.00,20.35,true,1,
63517877169,false,חטיף ברביקיו אורז קינואה אורגני 113,,CA,חטיף ברביקיו אורז קי,גרמים,113.00,100 גרם,false,1,23.00,20.35,true,1,
70080126099,false,ממרח חרדל דלי דיזון מעודן 311 גרם,,,ממרח חרדל דלי דיזון,גרמים,311.00,100 גרם,false,1,12.90,4.15,true,1,
70177086664,false,תה ירוק טהור 25 שק TWININGS,טווינינגס Twinings,GB,תה גרין פיור 50 גרם,Unknown,0.00,Unknown,false,1,22.90,22.90,true,1,
70177173166,false,תה יסמין ירוק 25 שקיקים TWININGS,טווינינגס Twinings,PL,תה גרין יסמין 45 גרם,Unknown,0.00,Unknown,false,1,22.90,22.90,true,1,
71570010041,false,גלי בלי סוכריות בטעם מסטיק 70 גרם,,,גלי בלי סוכריות בטעם,גרמים,70.00,100 גרם,false,1,14.90,21.29,true,1,
72600005846,false,הר טורטיה דיפר מתירס לבן 383 גרם,,,הר טורטיה דיפר מתירס,גרמים,383.00,100 גרם,false,1,28.00,7.31,true,1,
72600007130,false,הר חטיף תפוח אדמה חלפינו חריף 170 גרם,,,הר חטיף תפוח אדמה,גרמים,170.00,100 גרם,false,1,25.50,15.00,true,1,
72600009257,false,הר טורטיה צ'יפס מתירס לבן 255 גרם,הר פודס,US,הר חטיפי טורטיה תירס,גרמים,255.00,100 גרם,false,1,24.90,9.76,true,1,
72600062290,false,הר חטיף גבינה חלפניו חריף 198 גרם,הר פודס,US,הר חטיף בטעם גבינה ח,גרמים,198.00,100 גרם,false,1,25.90,13.08,true,1,
72600062306,false,הרס חטיף במבה בטעם גבינה 198 גרם,הר פודס,,הר חטיפים בטעם גבינה,גרמים,198.00,100 גרם,false,1,25.90,13.08,true,1,
72600062313,false,הר חטיף גבינה בפאלו גבינה כחולה 198 גר,הר פודס,,הר חטיף גבינה בפאלו,גרמים,198.00,100 גרם,false,1,25.90,13.08,true,1,
72600062320,false,הר חטיף גבינה בטעם פיצה 198 גרם,הר פודס,,הר חטיף גבינהה בטעם,גרמים,198.00,100 גרם,false,1,25.90,13.08,true,1,
74410470050,false,אצות קומבו 57 גרם רונגצאנג,,,אצות קומבו 57 גרם רו,גרמים,57.00,100 גרם,false,1,12.90,22.63,true,1,
74570004003,false,גלידת שמנת משובחת ונ,האגן דאז,,גלידה האגן דאז וניל,גרמים,417.00,100 גרם,false,1,26.90,6.45,true,1,
74570174003,false,"גלידת שמנת אגוזי מקדמיה 473 מ""ל",האגן דאז,,גלידה האגן דאז מקדמי,מיליליטרים,473.00,"100 מ""ל",false,1,26.90,5.69,true,1,
74570610051,false,"גלידת שמנת שוקולד בלגי 500 מ""ל",האגן דאז,,גלידה האגן דאז שוקול,גרמים,417.00,100 גרם,false,1,26.90,6.45,true,1,
74603003287,false,סאמיאנג נודלס ראמן בטעם קימצי 120 גרם,סאמיאנג פודס,KR,סאמיאנג נודלס ראמן ב,גרמים,120.00,100 גרם,false,1,12.90,10.75,true,1,
76808009347,false,עוגיות בטעם חמאה 180 גרם,,,עוגיות בטעם חמאה 180,גרמים,180.00,100 גרם,false,1,16.70,9.28,true,1,
76808009354,false,עוגיות קקאו שוקולד חלב ומריר 200 גרם,,,עוגיות קקאו שוקולד ח,גרמים,180.00,100 גרם,false,1,16.70,9.28,true,1,
76808009361,false,עוגיות לב ושבבי שוקולד מריר 200 גרם,,,עוגיות לב ושבבי שוקו,גרמים,180.00,100 גרם,false,1,16.70,9.28,true,1,
76840100156,false,"בן אנד גריס גלידת צרי גרסיה 500 מ""ל",מוצרי איכות אמריקאיי,IL,גלידת צרי גרסיה בן,גרמים,441.00,100 גרם,false,1,25.90,5.87,true,1,
76840100583,false,"גלידת וניל עם בצק עוגיות בן וג'ירי 473 מ""ל",מוצרי איכות אמריקאיי,IL,בן אנד גריס וניל עם,גרמים,500.00,100 גרם,false,1,25.90,5.18,true,1,
76840400218,false,"גלידה בן&ג'ריס תות שדה ועוגת גבינה 500מ""ל",מוצרי איכות אמריקאיי,IL,בן אנד גריס עוגת גבי,מיליליטרים,473.00,"100 מ""ל",false,1,25.90,5.48,true,1,
77975094624,false,"סניידרס סנדוויץ בייגלה במילוי חמאת בוטנים , 226 ג'",סניידרס Snyder's,US,סניידרס שברי בייגלה,גרמים,270.00,100 גרם,false,1,17.70,6.56,true,1,
77975094631,false,סנדביץ בייגלה במילוי קרם בטעם צ'דר 226 גרם סניידרס,סניידרס Snyder's,US,סניידרס סנדוויץ בייג,גרמים,283.00,100 גרם,false,1,17.70,6.25,true,1,
77975094761,false,שברי בייגלה סניידרס בטעם צידר 340 גרם,סניידרס Snyder's,US,שברי בייגלה סניידרס,גרמים,340.00,100 גרם,false,1,17.70,5.21,true,1,
77975094778,false,שברי בייגלה סניידרס בטעם דבש חרדל 340 גר,סניידרס Snyder's,US,שברי בייגלה סניידרס,גרמים,340.00,100 גרם,false,1,17.70,5.21,true,1,
77975095157,false,סניידרס שברי בייגלה וחלפיניו 340 גרם,סניידרס Snyder's,US,שברי בייגלה סניידרס,גרמים,318.00,100 גרם,false,1,17.70,5.57,true,1,
85696608037,false,טופו רך ללא גלוטן 340 גר,,,טופו רך ללא גלוטן 34,מיליליטרים,340.00,"100 מ""ל",false,1,14.60,4.29,true,1,
85696608044,false,טופו ללא גלוטן מזרח,Morinaga nutritional,US,טופו ללא גלוטן 349 ג,מיליליטרים,349.00,"100 מ""ל",false,1,13.90,3.98,true,1,
87666052819,false,"רוטב סריראצ`ה חריף 455 מ""ל",,,רוטב סריראצ`ה חריף 4,מיליליטרים,455.00,"100 מ""ל",false,1,31.50,6.92,true,1,
89041081056,false,מזרח ומערב יבוא שמן,flavor full foods,TW,"שמן צילי 180 מ""ל",מיליליטרים,185.00,"100 מ""ל",false,1,14.20,7.68,true,1,
308910525744,false,אטריות אורז דקות 454 גרם,ליאן תאי רייס,TH,אטריות אורז דקות 454,גרמים,454.00,100 גרם,false,1,11.90,2.62,true,1,
613008742348,false,בקבוק אריזונה ג'נסינג ודבש 1 ליטר,נובה טרייד אל טי די,DE,אריזונה גנסנג ודבש ב,מיליליטרים,1000.00,"100 מ""ל",false,1,12.80,1.28,true,1,
613008742409,false,בקבוק אריזונה אפרסק 1 ליטר,נובה טרייד אל טי די,DE,אריזונה אפרסק בקבוק,מיליליטרים,1000.00,"100 מ""ל",false,1,12.80,1.28,true,1,
613008753290,false,"בקבוק אריזונה אפרסק 450 מ""ל",נובה טרייד אל טי די,BG,"אריזונה אפרסק 450 מ""",מיליליטרים,450.00,"100 מ""ל",false,1,7.90,1.76,true,1,
613008753320,false,"אריזונה ג'ינסנג ודבש בקבוק 450 מ""ל.",אריזונה Arizona,BG,אריזונה גינסנג ודבש,מיליליטרים,450.00,"100 מ""ל",false,1,7.90,1.76,true,1,
613008753351,false,"בקבוק אריזונה רימונים 450 מ""ל",נובה טרייד אל טי די,BG,אריזונה רימונים 450,מיליליטרים,450.00,"100 מ""ל",false,1,7.90,1.76,true,1,
613008755461,false,בקבוק אריזונה אוכמניות 1 ליטר,נובה טרייד אל טי די,DE,אריזונה אוכמניות בקב,מיליליטרים,1000.00,"100 מ""ל",false,1,12.80,1.28,true,1,
645173911038,false,קורנישון מלפפוןן מיני 720 גרם - תומר,קלמן אינדיה,IN,קורנישון מיני בצנצנת,גרמים,720.00,100 גרם,false,1,11.50,1.60,true,1,
728229130444,false,"חטיף על בסיס ירקות שורש עם בטטה, תפו""א כחול וסלק",היין סלסטיאל גרופ,US,חטיף ציפס מירקות כחו,גרמים,110.00,100 גרם,false,1,16.90,15.36,true,1,
731559148089,false,עץ אשוח ירוק 90 סמ,,,עץ אשוח ירוק 90 סמ,Unknown,0.00,Unknown,false,1,59.00,59.00,true,1,
731559148560,false,שקית שי קטן,,,שקית שי קטן,Unknown,0.00,Unknown,false,1,5.00,5.00,true,1,
731559148577,false,שקית שי בינוני,,,שקית שי בינוני,Unknown,0.00,Unknown,false,1,8.00,8.00,true,1,
731559148775,false,כובע חג מולד,,,כובע חג מולד,Unknown,0.00,Unknown,false,1,10.00,10.00,true,1,
731559148799,false,כובע חג מולד,,,כובע חג מולד,Unknown,0.00,Unknown,false,1,12.00,12.00,true,1,
731559149185,false,חוט כסף נוצצים צבעוני,,,חוט כסף נוצצים צבעונ,Unknown,0.00,Unknown,false,1,8.00,8.00,true,1,
731559150525,false,ספל עם ציור סנטה,,,ספל עם ציור סנטה,Unknown,0.00,Unknown,false,1,25.00,25.00,true,1,
731559150594,false,עליון לעץ אשוח,,,עליון לעץ אשוח,Unknown,0.00,Unknown,false,1,25.00,25.00,true,1,
731559150631,false,סט כדורי פלסטיק 6 יחידות משובץ,,,סט כדורי פלסטיק 6 יח,Unknown,0.00,Unknown,false,1,17.00,17.00,true,1,
731559150662,false,סט כדורי פלסטיק 9 יחידות,,,סט כדורי פלסטיק 9 י,Unknown,0.00,Unknown,false,1,39.00,39.00,true,1,
768404001640,false,"גלידה בן&ג'ריס קפה משפחתית 500מ""ל",מוצרי איכות אמריקאיי,IL,בן אנד גריס בטעם קפה,מיליליטרים,500.00,"100 מ""ל",false,1,25.90,5.18,true,1,
769904000997,false,דגש שקדי מרק ללא גלו,משובח תעשיות מזון,IL,"שקדי מרק דג""ש 200 ג",גרמים,200.00,100 גרם,false,1,15.90,7.95,true,1,
788434104821,false,ONE חטיף חמאת בוטנים 60 גרם,בלמונט קונפקשנס,US,ONE חטיף חמאת בוטנים,גרמים,60.00,100 גרם,false,1,17.90,29.83,true,1,
788434108379,false,ONE חטיף חלבון קרם עוגיות 60 גרם,בלמונט קונפקשנס,US,ONE חטיף חלבון קרם ע,גרמים,60.00,100 גרם,false,1,17.90,29.83,true,1,
788434108515,false,ONE חטיף חלבון שוקולד בראוניז 60 גרם,,US,ONE חטיף חלבון שוקול,גרמים,60.00,100 גרם,false,1,17.90,29.83,true,1,
851621000043,false,"בירה 1664 Blanc בקבוק 330 מ""ל",,,בירה 1664 Blanc בקבו,מיליליטרים,330.00,"100 מ""ל",false,1,10.50,3.18,true,1,
851621000050,false,בירה חיטה בטעם הדרים 1664 בלאנק - שישייה,קרלסברג ספליי קומפאנ,PL,שישיית בירה 1664 Bla,מיליליטרים,1980.00,"100 מ""ל",false,1,49.90,2.52,true,1,
856591000062,false,עבאדי עוגיות מזרחיות מלח 400 גרם,מאפיית יוסף ושמחה עב,IL,עבאדי עוגיות מזרחיות,גרמים,400.00,100 גרם,false,1,21.90,5.48,true,1,
856591000949,false,עבאדי קטנטנים מאפה חיטה מלוח 350ג גר',עבאדי,IL,מאפה חיטה עבאדי מלוח,גרמים,35000.00,100 גרם,false,1,21.90,0.06,true,1,
884912116505,false,דגני בננה נאט קראנץ' Banana Nut Crunch,post consumer brands,US,דגני סלקט בננה 369 ג,גרמים,369.00,100 גרם,false,1,27.90,7.56,true,1,
884912126115,false,דגני סלקט גרייט גריינס 454 גרם פוסט,הנסיך- מפעל לייצור ט,US,דגני סלקט גרייט גרי,גרמים,454.00,100 גרם,false,1,27.90,6.15,true,1,
884912359414,false,דגני בוקר האני באנצס קינמון 340 ג' POST,פוסט לקיוויל,US,האני באנצס עם קינמון,גרמים,340.00,100 גרם,false,1,24.90,7.32,true,1,
884912365217,false,דגני בוקר אוראו הדור הבא 311 גר,פוסט לקיוויל,US,דגני בוקר אוראו הדור,גרמים,311.00,100 גרם,false,1,23.90,7.68,true,1,
3046920010801,false,שוקולד מריר אקסלנס עם אגוזי לוז,לינדט ושפרונגלי אס.א,FR,לינדט שוקולד אקסלנס,גרמים,100.00,100 גרם,false,1,17.90,17.90,true,1,
3046920010856,false,לינדט שוקולד אקסלנס לימון גינגיר 100 גר,,CH,לינדט שוקולד אקסלנס,גרמים,100.00,100 גרם,false,1,17.90,17.90,true,1,
3046920016377,false,לינדט שוקולד אקסלנס מריר 100% קקאו 50 גר,לינדט ושפרונגלי,DE,לינדט שוקולד אקסלנס,גרמים,50.00,100 גרם,false,1,17.90,35.80,true,1,
3046920028004,false,לינדט שוקולד אקסלנס מריר 70% 100 גר,לינדט ושפרונגלי,FR,לינדט שוקולד אקסלנס,גרמים,100.00,100 גרם,false,1,17.90,17.90,true,1,
3046920028721,false,שוקולד מריר אקסלנס 99%,לינדט ושפרונגלי,FR,לינדט אקסלנס 99%,גרמים,50.00,100 גרם,false,1,17.90,35.80,true,1,
3046920029674,false,שוקולד מריר אקסלנס עם מלח ים,לינדט ושפרונגלי,DE,לינדט אקס סולט 100 ג,גרמים,100.00,100 גרם,false,1,17.90,17.90,true,1,
3046920029681,false,לינדט שוקולד אקסלנס מילד 85% קקאו 100 גר,לינדט,DE,לינדט שוקולד אקסלנס,גרמים,100.00,100 גרם,false,1,17.90,17.90,true,1,
3161911366429,false,חמאה רכה מלוחה אלוויר 250 גרם,ארזינא,FR,אלוויר חמאה רכה מלוח,גרמים,250.00,100 גרם,false,1,23.90,9.56,true,1,
3178530402353,false,עוגיות ספוג קטנות מיני מדלן,סן מישל St Michel,FR,מיני מדליינס סאן מיש,גרמים,175.00,100 גרם,false,1,12.90,7.37,true,1,
3178530407938,false,עוגיות מיני מדלן עם פצפוצי שוקולד,סן מישל St Michel,FR,מיני מדליין 175 גר,גרמים,175.00,100 גרם,false,1,14.90,8.51,true,1,
3178530411478,false,ביסקוויטים גאלט עם חמאה ומלח ים,סן מישל St Michel,,ביסקוויט סאן מישל גד,גרמים,150.00,100 גרם,false,1,13.90,9.27,true,1,
3211200008049,false,"יין לאודלה רוזה 750 מ""ל",,FR,יין לאודלה רוזה 750,מיליליטרים,750.00,"100 מ""ל",false,1,49.90,6.65,true,1,
3211200108756,false,"יין מיזון קסטל מרלו רוזה 750 מ""ל",,,יין מיזון קסטל מרלו,Unknown,0.00,Unknown,false,1,48.90,48.90,true,1,
3211201046439,false,מיזון קסטל קברנה סוביניון 750 מל,,,מיזון קסטל קברנה סוב,Unknown,0.00,Unknown,false,1,48.90,48.90,true,1,
3211201046460,false,"מיזון קסטל מרלו 750 מ""ל",,,מיזון קסטל מרלו 750,Unknown,0.00,Unknown,false,1,48.90,48.90,true,1,
3211201046644,false,"קסטל קוט דו רון גראנש סירה 750 מ""ל",,,מיזון קסטל קוט דו רו,Unknown,0.00,Unknown,false,1,52.90,52.90,true,1,
3211203429315,false,ברון דה לסטאק בלאן בורדו 750 מל,,,ברון דה לסטאק בלאן,Unknown,0.00,Unknown,false,1,65.90,65.90,true,1,
3211203433220,false,ברון דה לסטאק בורדו 750 מל,,,ברון דה לסטאק בורדו,Unknown,0.00,Unknown,false,1,65.90,65.90,true,1,
3211203444066,false,מיזון קסטל גרנד רזרב שרדונה 750 מל,,,מיזון קסטל גרנד רזרב,Unknown,0.00,Unknown,false,1,52.90,52.90,true,1,
3211203444103,false,מיזון קסטל גרנד רזרב ק. סוביניון 750 מ,,,מיזון קסטל גרנד רזרב,Unknown,0.00,Unknown,false,1,52.90,52.90,true,1,
3211203444141,false,מיזון קסטל גרנד רזרב סירה 750 מל,,,מיזון קסטל גרנד רזרב,Unknown,0.00,Unknown,false,1,52.90,52.90,true,1,
3211209117964,false,"מיזון קסטל קוט דה פרובנס רוזה 750 מ""ל",,,מיזון קסטל קוט דה פר,Unknown,0.00,Unknown,false,1,67.90,67.90,true,1,
3211209133544,false,"יין שאטו גואלן 750 מ""ל",,FR,יין שאטו גואלן 750 מ,מיליליטרים,750.00,"100 מ""ל",false,1,73.90,9.85,true,1,
3211209149897,false,יין ברון דה לסטאק רוזה בורדו 750 מל,,,יין ברון דה לסטאק רו,Unknown,0.00,Unknown,false,1,65.90,65.90,true,1,
3211209194507,false,מיזון קסטל שרדונה 750 מל,,,מיזון קסטל שרדונה 75,Unknown,0.00,Unknown,false,1,48.90,48.90,true,1,
3211209217602,false,מיזון רוזה דאנזו חצי מתוק 750 מל,,,מיזון רוזה דאנזו חצי,Unknown,0.00,Unknown,false,1,52.90,52.90,true,1,
3211209267126,false,מיזון קסטל גוורצטרמינר 750 מל,,,מיזון קסטל גוורצטרמי,Unknown,0.00,Unknown,false,1,48.90,48.90,true,1,
3211209282167,false,"מיזון קסטל ברוט רוזה מבעבע 750 מ""ל",,,מיזון קסטל ברוט רוזה,Unknown,0.00,Unknown,false,1,65.90,65.90,true,1,
3211209719342,false,שאטו דו בוסקה קוט דה בורג 750 מל,,,שאטו דו בוסקה קוט דה,Unknown,0.00,Unknown,false,1,86.90,86.90,true,1,
3211209968832,false,"יין מיזון קסטל ויוניה 750 מ""ל",,,יין מיזון קסטל ויוני,Unknown,0.00,Unknown,false,1,48.90,48.90,true,1,
3211209987550,false,שאטו קבלייר רוזה קוט דה פרובאנס 750,,,שאטו קבלייר רוזה קוט,Unknown,0.00,Unknown,false,1,70.90,70.90,true,1,
3211209999553,false,"יין לאודלה קברנה סוביניון 750 מ""ל",,FR,יין לאודלה קברנה סוב,מיליליטרים,750.00,"100 מ""ל",false,1,49.90,6.65,true,1,
3211209999584,false,"יין לאודלה מרלו 750 מ""ל",,FR,יין לאודלה מרלו 750,מיליליטרים,750.00,"100 מ""ל",false,1,49.90,6.65,true,1,
3245995960015,false,הנסי 700 V.S באריזת מתנה,,,הנסי 700 V.S באריזת,מיליליטרים,700.00,"100 מ""ל",false,1,157.90,22.56,true,1,
3256760106392,false,חמאה צרפתית 100 גר פלשארד,,FR,חמאה צרפתית 100 גר,גרמים,100.00,100 גרם,false,1,6.50,6.50,true,1,
3257150100204,false,"קוניאק צרפתי מיוקוב 700 מ""ל V.S",,,קוניאק צרפתי מיוקוב,מיליליטרים,700.00,"100 מ""ל",false,1,157.90,22.56,true,1,
3257150101119,false,"מארז קוניאק מיוקוב 5 כוכבים 700 מ""ל",,,מארז קוניאק מיוקוב 5,מיליליטרים,700.00,"100 מ""ל",false,1,178.90,25.56,true,1,
3271470759935,false,"סיידר אותנטיק יבש 750 מ""ל",,,סיידר אותנטיק יבש,מיליליטרים,750.00,"100 מ""ל",false,1,23.90,3.19,true,1,
3276210810105,false,יין לה פטיט פרייר סוביניון בלאן 750 מל,,,יין לה פטיט פרייר סו,Unknown,0.00,Unknown,false,1,52.90,52.90,true,1,
3276210811102,false,יין אדום יבש פינו נואר 750 מל,,,יין לה פטיט פרייר יב,Unknown,0.00,Unknown,false,1,52.90,52.90,true,1,
3276210812109,false,יין לה פטיט פרייר פינו נואר רוזה 750 מל,,,יין לה פטיט פרייר פי,Unknown,0.00,Unknown,false,1,52.90,52.90,true,1,
3387390525960,false,קראנץ' דגנים פריכים עם שוקולד 500 גרם,הנסיך- מפעל לייצור ט,FR,דגני בוקר קראנץ 500,גרמים,500.00,100 גרם,false,1,26.90,5.38,true,1,
3415581117110,false,"האגן דאז שמנת קרמל ובסקוויטים 500 מ""ל",האגן דאז,FR,גלידה האגן דאז שמנת,מיליליטרים,500.00,"100 מ""ל",false,1,26.90,5.38,true,1,
3415582301921,false,גלידה האגן דאז דואו שוקולד נריר קרמל מלו,האגן דאז,FR,גלידה האגן דאז דואו,גרמים,355.00,100 גרם,false,1,26.90,7.58,true,1,
3500610093708,false,גיי פי שנה רוזה מבעבע 750 מל,,,גיי פי שנה רוזה מבעב,Unknown,0.00,Unknown,false,1,45.90,45.90,true,1,
3523230032278,false,גבינת עיזים למריחה 150 גרם,השחר,FR,גבינת עיזים למריחה 1,גרמים,150.00,100 גרם,false,1,26.90,17.93,true,1,
3770000016758,false,יין פטיט שבלי דומיין דה שאטיון כש 750 מ,דומיין דה לה,FR,יין פטיט שבלי דומיין,Unknown,0.00,Unknown,false,1,94.90,94.90,true,1,
3770000016796,false,"יין שבלי דומיין דה שאטיון כשל""פ 750 מ""ל",דומיין דה לה,FR,יין שבלי דומיין דה ש,Unknown,0.00,Unknown,false,1,94.90,94.90,true,1,
3800020418819,false,רביעייה חטיף בוטנים קיט קט צ'אנקי נסטלה 4*42 ג',,,נסטלה קיט קט צאנקי ח,גרמים,160.00,100 גרם,false,1,12.50,7.81,true,1,
3800065723015,false,מקלות גריסיני מלוח קלאסי סוויט פלוס 235 גר,,BG,גריסיני קלאסי עם מלח,גרמים,235.00,100 גרם,false,1,9.50,4.04,true,1,
3800065723022,false,מקלות גריסיני עם פרג סוויט פלוס 235 גר,,BG,גריסיני עם פרג סטיקס,גרמים,235.00,100 גרם,false,1,5.15,2.19,true,1,
3800093511561,false,טימס לחמניות באנס ריבת דובדבנים 250 גרם,,,טימס לחמניות באנס רי,גרמים,250.00,100 גרם,false,1,12.90,5.16,true,1,
3800093511578,false,"טימס מאפה שמרים עם מרמלדת תפו""ע 250 ג",,,טימס מאפה שמרים עם מ,גרמים,250.00,100 גרם,false,1,12.90,5.16,true,1,
3800093511622,false,טימס מאפה שמרים עם מרמלדת ורד בר 250 גר,,,טימס מאפה שמרים עם מ,גרמים,250.00,100 גרם,false,1,12.90,5.16,true,1,
4000161060116,false,נידרגר שוקולד מריר במילוי מרציפן 110 גר,,,נידרגר שוקולד מריר ב,גרמים,110.00,100 גרם,false,1,21.90,19.91,true,1,
4000161100072,false,נידריגר אצבעות מרציפן 50 גרם,,,נידריגר אצבעות מרציפ,גרמים,50.00,100 גרם,false,1,16.70,33.40,true,1,
4000269001370,false,"ליקר קסו קסו 700 מ""ל",,,"ליקר קסו קסו 700 מ""ל",מיליליטרים,700.00,"100 מ""ל",false,1,73.90,10.56,true,1,
4000417019004,false,שוקולד חלב עם אגוזי לוז שלמים,ריטר ספורט Ritter sport,DE,שוקולד RITTER SPORT,גרמים,400.00,100 גרם,false,1,11.90,2.98,true,1,
4000417022004,false,שוקולד ריטר ספורט צימוק אגוז 100 גרם חלב נוכרי,ריטר ספורט Ritter sport,DE,שוקולד ריטר ספורט צי,גרמים,100.00,100 גרם,false,1,9.90,9.90,true,1,
4000417023001,false,שוקולד ריטר ספורט שקדים חלב 100גר,ריטר ספורט Ritter sport,DE,שוקולד RITTER SPORT,גרמים,100.00,100 גרם,false,1,11.90,11.90,true,1,
4000417025005,false,שוקולד ריטר ספורט מרציפן 100 גרם חלב נוכרי,ריטר ספורט Ritter sport,DE,שוקולד RITTER SPORT,גרמים,100.00,100 גרם,false,1,9.90,9.90,true,1,
4000417026002,false,שוקולד ריטר ספורט פרלין 100 גרם חלב נוכרי,ריטר ספורט Ritter sport,DE,שוקולד ריטר ספורט נו,גרמים,100.00,100 גרם,false,1,9.90,9.90,true,1,
4000417211002,false,שוקולד ריטר ספורט מוס קרמל 100 גרם חלב נוכרי,ריטר ספורט Ritter sport,DE,ריטר ספורט מוס קרמל,גרמים,100.00,100 גרם,false,1,9.90,9.90,true,1,
4000504149423,false,גבינת קמבוזולה 125 גרם,,DE,גבינת קמבוזולה 125 ג,גרמים,125.00,100 גרם,false,1,23.00,18.40,true,1,
4000504213028,false,גבינה דורבלו גרמנית במשקל,,,גבינה דורבלו גרמנית,Unknown,0.00,"ק""ג",true,0,189.00,189.00,true,1,
4002631025069,false,בירה גרמנית קוניגסבכר Konigsbacher,קרלסברג יבוא יצוא,DE,בירה קוניגסבכר 4.6%,מיליליטרים,500.00,"100 מ""ל",false,1,5.90,1.18,true,1,
4002631025830,false,"בירה קוניגסבאכר חיטה 5.1% 500 מ""ל פחית",קרלסברג יבוא יצוא,DE,בירה קוניגסבאכר חיטה,מיליליטרים,500.00,"100 מ""ל",false,1,6.90,1.38,true,1,
4005563194025,false,"ליקר פידג תאנים 700 מ""ל",,,ליקר פידג תאנים 700,מיליליטרים,700.00,"100 מ""ל",false,1,65.90,9.41,true,1,
4005808366392,false,שפתון כחול בליסטר לבלו,טרופיקל דגיל תעשיות,DE,שפתון לבלו כחול,Unknown,0.00,Unknown,false,1,15.90,15.90,true,1,
4007745058804,false,מיונז אמיתי אורגני נ,אף.סי תבליני בגליל ב,DE,מיונז אורגני 350 גרם,גרמים,350.00,100 גרם,false,1,24.90,7.11,true,1,
4008287051032,false,בירה קרומבאכר פילס 0.50 ליטר פחית,מנדלז סי.אר. פרודקשן,DE,בירה קרומבאכר פילס,מיליליטרים,500.00,"100 מ""ל",false,1,10.90,2.18,true,1,
4008287905786,false,בירה קרומבאכר חיטה 5.3% פחית 500 מל,מנדלז סי.אר. פרודקשן,DE,בירה קרומבאכר חיטה,מיליליטרים,500.00,"100 מ""ל",false,1,10.90,2.18,true,1,
4008400230726,false,ביצת שוקולד הפתעה קינדר ענקית 100ג' בנים,קינדר Kinder,BE,ביצת הפתעה קינדר מק,גרמים,100.00,100 גרם,false,1,29.30,29.30,true,1,
4009300524625,false,תה פומפדור צאי מסאלה 20 שקיקים,פומפדור Pompadour,DE,תה צאי מסאלה 20 יח,Unknown,0.00,Unknown,false,1,16.90,16.90,true,1,
4009300525011,false,פומפידור תה ירוק עם תפוז וג'ינגר 25 שקיקים,"איטיליאן פוד, אס.פי.",DE,תה פומפדור ירוק עם ת,Unknown,0.00,Unknown,false,1,24.50,24.50,true,1,
4009309022399,false,כרוב כבוש אורגני 680 גר,,,כרוב כבוש אורגני 680,גרמים,680.00,100 גרם,false,1,19.30,2.84,true,1,
4009309114346,false,"מלפפונים ללת""ס אורגניים בחומץ 670 גר",,,"מלפפונים ללת""ס אורגנ",גרמים,670.00,100 גרם,false,1,25.50,3.81,true,1,
4009900379564,false,מסטיק הובה בובה Hubba Bubba טייפ בטעם פירות,הובה בובה Hubba Bubba,GB,הובה בובה טייפ פירות,Unknown,0.00,Unknown,false,1,9.10,9.10,true,1,
4009900402965,false,מסטיק אורביט וויט בטעם פירות ללא סוכר,ריגלי פולין,PL,מסטיק אורביט WHITE ב,Unknown,0.00,Unknown,false,1,11.90,11.90,true,1,
4009900403023,false,מסטיק אורביט בקבוקון דאבל white קלאסי 64ג',"ב.א מזון בע""מ",PL,מסטיק אורביט WHITE ב,Unknown,0.00,Unknown,false,1,11.90,11.90,true,1,
4009900420129,false,מסטיק אורביט פרופשנל פפרמינט בקבוקון 64 גר',מרס נדרלנד,PL,מסטיק אורביט פרופשיו,Unknown,0.00,Unknown,false,1,11.90,11.90,true,1,
4009900455299,false,סוכריות סקיטלס פירות 174 גרם,סקיטלס Skittles,CZ,סקיטלס פירות 174 גרם,גרמים,174.00,100 גרם,false,1,10.90,6.26,true,1,
4009900465304,false,סוכריות סקיטלס פירות חמוצים 174 גרם,סקיטלס Skittles,CZ,סקיטלס פירות חמוצים,גרמים,174.00,100 גרם,false,1,10.90,6.26,true,1,
4009900479998,false,מסטיק אורביט בטעם אוכמניות ללא סוכר,ריגלי פולין,PL,"מסטיק אורביט לל""ס או",Unknown,0.00,Unknown,false,1,11.90,11.90,true,1,
4009900482417,false,מסטיק אורביט פירות מנטה בקבוקון באבל מינט 45יח,ריגלי פולין,PL,מסטיק אורביט באבל מי,Unknown,0.00,Unknown,false,1,11.90,11.90,true,1,
4009900521581,false,סוכריות אורביט מינטס מנטה בבקבוקון 77 גר,ריגלי פולין,PL,סוכריות אורביט מינטס,גרמים,77.00,100 גרם,false,1,12.00,15.58,true,1,
4009900531122,false,"מסטיק בטעם מנטה ספירמינט, 64 ג' פרופשיונל אורפיט",מרס נדרלנד,PL,מסטיק אורביט פרופשיו,Unknown,0.00,Unknown,false,1,11.90,11.90,true,1,
4009900535519,false,מסטיק אורביט רפרשרס ספירמינט ללא סוכר 15.6גר',,PL,אורביט רפרשרס ספירמי,גרמים,16.00,100 גרם,false,1,4.50,28.13,true,1,
4009900535540,false,מסטיק אורביט רפרשרס פפרמינט ללא סוכר 15.6גר',,PL,אורביט רפרשרס פפרמינ,גרמים,16.00,100 גרם,false,1,4.50,28.13,true,1,
4009900535823,false,מסטיק אורביט רפרשרס באבלמינט ללא סוכר 15.6גר',,PL,אורביט רפרשרס באבלמי,גרמים,16.00,100 גרם,false,1,4.50,28.13,true,1,
4009900539340,false,סקיטלס ג'יינט סאוור 141 גרם,מרס ריגלי קונפקשונרי,PL,סקיטלס גיינט סאוור 1,גרמים,141.00,100 גרם,false,1,10.90,7.73,true,1,
4009900539685,false,"מסטיק פייב באונס בטעם מנטה בקבוקון, 61.8 גרם",ריגלי בעמ רוסיה,PL,מסטיק פייב באונס מנט,גרמים,62.00,100 גרם,false,1,12.90,20.81,true,1,
4009900539746,false,"מסטיק פייב באונס בטעם אבטיח בקבוקון, 61.8 גרם",ריגלי בעמ רוסיה,PL,מסטיק פייב באונס אבט,גרמים,62.00,100 גרם,false,1,12.90,20.81,true,1,
4011800290078,false,חטיף חלבון קורני עוגיות 50 גר,,CZ,חטיף חלבון קורני עוג,גרמים,50.00,100 גרם,false,1,8.90,17.80,true,1,
4011800290092,false,חטיף חלבון קורני וניל 50 גר,,CZ,חטיף חלבון קורני וני,גרמים,50.00,100 גרם,false,1,8.90,17.80,true,1,
4011800568610,false,חטיף קורני מילק Corny milk קלאסי,שוורטאוור וורקה,DE,קורני מילק קלאסיק 4,גרמים,120.00,100 גרם,false,1,13.90,11.58,true,1,
4011800617813,false,קורני ביג בראוני 50 גר,שוורטאוור וורקה,DE,קורני ביג בראוני 50,גרמים,50.00,100 גרם,false,1,5.50,11.00,true,1,
4011800618315,false,קורני ביג דארק & וואיט 40 גר,,DE,קורני ביג דארק & ווא,גרמים,50.00,100 גרם,false,1,5.50,11.00,true,1,
4011800629519,false,קורני בייס נאטס 150 גר 6 יח 150 גר,קורני Corny,DE,קורני בייס נאטס 150,גרמים,150.00,100 גרם,false,1,13.90,9.27,true,1,
4011800630515,false,חטיף קורני שוקולד חלב ובננה 6 יח 150 גר,מיוצר עי קונדיטוריית,DE,חטיף קורני שוקולד חל,גרמים,150.00,100 גרם,false,1,13.90,9.27,true,1,
4011800632519,false,חטיף דגנים עם שוקולד חלב וקוקוס,מיוצר עי קונדיטוריית,DE,קורני בייס קוקונט 6,גרמים,150.00,100 גרם,false,1,13.90,9.27,true,1,
4011800633516,false,חטיף דגנים עם שוקולד מריר מעולה,שוורטאוור וורקה,DE,קורני בייס דרק שוקו,גרמים,138.00,100 גרם,false,1,13.90,10.07,true,1,
4011800635510,false,חטיף קורני Corny Free עם אגוזי לוז ללא תוספת סוכר,קורני Corny,DE,קורני פרי נאטס 6 יח,גרמים,120.00,100 גרם,false,1,13.90,11.58,true,1,
4011800636517,false,חטיף קורני Corny Free עם שוקולד חלב,מיוצר עי קונדיטוריית,DE,קורני פרי שוקולד חלב,גרמים,120.00,100 גרם,false,1,13.90,11.58,true,1,
4011800637514,false,חטיף קורני Corny Free עם שוקולד לבן ללא תוספת סוכר,קורני Corny,DE,קורני פרי ואיט שוקול,גרמים,120.00,100 גרם,false,1,13.90,11.58,true,1,
4014086024245,false,בירה גרלסבורג חיטה מעוננת לא מסוננת 500,,,בירה גרלסבורג חיטה מ,מיליליטרים,500.00,"100 מ""ל",false,1,6.90,1.38,true,1,
4014400901191,false,בונבונירה מרסי קלאסי 250 גרם חלב נוכרי,ליימן מותגים,DE,בונבוניירה מרסי 250,גרמים,250.00,100 גרם,false,1,31.90,12.76,true,1,
4014400907902,false,סוכריות חמאה ללא סוכר בטעם קרמל בקופסא,תות ממתקי איכות,DE,סוכריות וורטר בוקס ל,Unknown,0.00,Unknown,false,1,8.50,8.50,true,1,
4014400910063,false,סוכריות וורטר אורגינל שקית 135 גרם,ליימן מותגים,DE,סוכריות וורטר אורגינ,גרמים,135.00,100 גרם,false,1,14.60,10.81,true,1,
4014400914245,false,טבלת מרסי שוקולד חלב מעולה 100 גרם,,,טבלת מרסי שוקולד חלב,גרמים,100.00,100 גרם,false,1,11.90,11.90,true,1,
4014400914252,false,טבלת שוקולד חלב ממולא אגוזים מרסי 100 ג',,,מרסי שוקולד חלב אגוז,גרמים,100.00,100 גרם,false,1,11.90,11.90,true,1,
4014400914276,false,טבלת מרסי שוקולד מריר מעולה 100 גרם,,,טבלת מרסי שוקולד מרי,גרמים,100.00,100 גרם,false,1,11.90,11.90,true,1,
4014400914696,false,סוכריות חמאה וורטר אור ללא סוכר 80 גרם,ליימן מותגים,DE,סוכריות חמאה וורטר א,Unknown,0.00,Unknown,false,1,10.90,10.90,true,1,
4014400916744,false,טבלת מרסי שוקולד מריר מעולה מרציפן 100 ג,,,טבלת מרסי שוקולד מרי,גרמים,100.00,100 גרם,false,1,11.90,11.90,true,1,
4014400920857,false,סוכריות וורטר Werther's בטעם שוקולד ללא סוכר,קריניציה ויטמינה אס,DE,סוכריות וורטר ללא ס,Unknown,0.00,Unknown,false,1,10.90,10.90,true,1,
4014400923711,false,טופיפי 125 גר' - חלב נוכרי,ליימן מותגים,DE,טופיפי 125 גרם,גרמים,125.00,100 גרם,false,1,13.90,11.12,true,1,
4014400925319,false,סוכריות וורטר פופקורן קרמל 140 גר',וורטרס Werther's,DE,וורטר פופקורן קרמל 1,גרמים,140.00,100 גרם,false,1,16.90,12.07,true,1,
4014400926545,false,ממבה מגיק סטיקס 290 גרם,,DE,ממבה מגיק סטיקס 290,גרמים,290.00,100 גרם,false,1,18.90,6.52,true,1,
4014400928532,false,ממבה פרוט סרפר 290 גרם,,DE,ממבה פרוט סרפר 290 ג,גרמים,290.00,100 גרם,false,1,18.90,6.52,true,1,
4014400931327,false,ורטרס אורגינל פופקורן עם קרמל זרעי דלעת 1/12,וורטרס Werther's,DE,פופקורן קרמל גרעינים,גרמים,140.00,100 גרם,false,1,16.90,12.07,true,1,
4014522120104,false,בודטה-סוכריות פירות מולטיויטמין לל.ס 100ג,,DE,בודטה-סוכריות פירות,גרמים,100.00,100 גרם,false,1,12.50,12.50,true,1,
4014522120203,false,בודטה-סוכריות בטעם דובדבן לל.ס 100ג,,DE,בודטה-סוכריות בטעם ד,גרמים,100.00,100 גרם,false,1,12.50,12.50,true,1,
4015400564034,false,מגני תחתון אולוויז לונג פלוס עם ניחוח,פרוקטר אנד גמבל,DE,אולדייז מגה פק לונג,Unknown,0.00,Unknown,false,1,22.90,22.90,true,1,
4015400564454,false,מגני תחתון אולוויז לארג' עם ניחוח מגה פק,פרוקטר אנד גמבל,DE,אולדייז מגה פק לארג,Unknown,0.00,Unknown,false,1,22.90,22.90,true,1,
4015400681670,false,תחבושות אולוויז לילה בטוח וליו פק 18 יח,פרוקטר אנד גמבל,UA,תחבושות אולוויז לילה,Unknown,0.00,Unknown,false,1,22.90,22.90,true,1,
4015400690313,false,טמפונים פרל רגולר טמפקס קומפאק 18 יח,טמפקס Tampax,HU,טמפונים פרל רגולר טמ,Unknown,0.00,Unknown,false,1,29.50,29.50,true,1,
4015400690405,false,טמפונים פרל סופר טמפקס קומפאק 18 יח,טמפקס Tampax,HU,טמפונים פרל סופר טמפ,Unknown,0.00,Unknown,false,1,29.50,29.50,true,1,
4015400731719,false,תחבושות היגייניות אולוויז יום ולילה Day & Night,פרוקטר אנד גמבל,UA,תחבושות אולוויז כפול,Unknown,0.00,Unknown,false,1,22.90,22.90,true,1,
4015400746812,false,מגני תחתון אולוויז נורמל עם ניחוח מגה פק,פרוקטר אנד גמבל,UA,מגן תחתון נורמל,Unknown,0.00,Unknown,false,1,22.90,22.90,true,1,
4015400755241,false,תחבושות היגייניות אולוויז אולטרה נורמל - 28 יח',פרוקטר אנד גמבל,UA,תחבושות אולוויז וליו,Unknown,0.00,Unknown,false,1,22.90,22.90,true,1,
4015400755487,false,תחבושות היגייניות אולוויז אולטרה לונג - 24 יח',פרוקטר אנד גמבל,UA,תחבושות אולוויז וליו,Unknown,0.00,Unknown,false,1,22.90,22.90,true,1,
4015400824749,false,טמפקס פלאש סופר פלוס 30 יחידות,פרוקטר אנד גמבל,HU,טמפקס פלאש סופר פלוס,Unknown,0.00,Unknown,false,1,40.90,40.90,true,1,
4015400990482,false,אריאל אבקת כביסה קולור 3 קג,אריאל Ariel,,אריאל אבקת כביסה קול,קילוגרמים,0.00,"ק""ג",false,1,43.90,43.90,true,1,
4015576235493,false,"בירה בהירה ברלינר גשיחטה הל בפחית 500 מ""",,DE,בירה בהירה ברלינר גש,מיליליטרים,500.00,"100 מ""ל",false,1,8.90,1.78,true,1,
4015600762742,false,שמפו יומיומי למניעת קשקשים הנוסחה הקלאסית,פרוקטר אנד גמבל,RO,הד&שולדרס שמפו 500 מ,מיליליטרים,500.00,"100 מ""ל",false,1,24.90,4.98,true,1,
4015600762902,false,"שמפו מנטול הד אנד שולדרס 500 מ""ל",פרוקטר אנד גמבל,RO,הד&שולדרס שמפו 500 מ,מיליליטרים,500.00,"100 מ""ל",false,1,24.90,4.98,true,1,
4015600762940,false,שמפו יומיומי למניעת קשקשים בניחוח תפוח,פרוקטר אנד גמבל,RO,הד&שולדרס שמפו 500 מ,מיליליטרים,500.00,"100 מ""ל",false,1,24.90,4.98,true,1,
4017100198151,false,עוגיות היט Hit קקאו במילוי קרם וניל,הדקלאים אגודת שיתופי,PL,ביסקוויט ממולא קרם ו,גרמים,220.00,100 גרם,false,1,10.90,4.95,true,1,
4017100210105,false,גלילי וופל בלזן וופלטן שוקו' מריר 100ג',הדקלאים אגודת שיתופי,DE,וופלטן מריר 100 גרם,גרמים,100.00,100 גרם,false,1,15.90,15.90,true,1,
4017100219900,false,וופלטן גליליות וופל עם שוקולד 100 גרם,הדקלאים אגודת שיתופי,DE,וופלטן גליליות וופל,גרמים,100.00,100 גרם,false,1,15.90,15.90,true,1,
4017100290008,false,ביסקוויט בלזן ליבניץ שוקולד חלב 125 ג',הדקלאים אגודת שיתופי,DE,ביסקוויט ליבניץ שוקו,גרמים,125.00,100 גרם,false,1,15.90,12.72,true,1,
4017100364112,false,עוגיות היט Hit במילוי קרם בטעם שוקולד,הדקלאים אגודת שיתופי,PL,ביסקוויט ממולא קרם ש,גרמים,220.00,100 גרם,false,1,10.90,4.95,true,1,
4019400440657,false,הלורן דפדפי שוקולד מנטה 200 גר,,,שוקולד במילוי מנטה 2,גרמים,200.00,100 גרם,false,1,17.90,8.95,true,1,
4022025000137,false,יין בלו נאן גוורצטרמינר 750 מל,,,יין בלו נאן גוורצטרמ,Unknown,0.00,Unknown,false,1,52.90,52.90,true,1,
4022025372036,false,"בלו נאן מבעבע יבש מהדורת הזהב 750 מ""ל",,,בלו נאן זהב מבעבע 75,Unknown,0.00,Unknown,false,1,52.90,52.90,true,1,
4022025379035,false,"בלו נאן רוזה מבעבע 750 מ""ל",,,בלו נאן רוזה מבעבע 7,Unknown,0.00,Unknown,false,1,52.90,52.90,true,1,
4025700001962,false,שוקולד מילקה לבן 100 גרם,פי אר ג'יי אס סי מונ,DE,שוקולד לבן מילקה 100,גרמים,100.00,100 גרם,false,1,7.90,7.90,true,1,
4032900111292,false,סיגריות וינסטון קומפקט פלוס,JTI,UA,ווינסטון קומפלקט כחו,Unknown,0.00,Unknown,false,1,28.50,28.50,true,1,
4032900124254,false,ווינסטון קומפלקט ברי PP חפיסה,,,ווינסטון קומפלקט ברי,Unknown,0.00,Unknown,false,1,28.50,28.50,true,1,
4033100014529,false,סיגריות אל די סלים ח,JTI,,LD סלימס בודד,Unknown,0.00,Unknown,false,1,25.90,25.90,true,1,
4033100024146,false,סיגריות וינסטון קוד,JTI,,ווינסטון CODE חפיסה,יחידה,1.00,יחידה,false,1,30.90,30.90,true,1,
4033100024252,false,וינסטון אקווה לייט קופסה,JTI,,ווינסטון AQUA חפיסה,יחידה,1.00,יחידה,false,1,30.90,30.90,true,1,
4037719657290,false,סוכריות בצנצנת פירות 300ג',קוונדיש,DE,סוכריות בצנצנת שי 30,גרמים,300.00,100 גרם,false,1,18.90,6.30,true,1,
4052197000017,false,"בירה בנדיקטינר חיטה לא מסוננת 500 מ""ל",בנדיקטינר וויצבראו,DE,בירה בנדיקטינר חיטה,מיליליטרים,500.00,"100 מ""ל",false,1,12.90,2.58,true,1,
4061445096689,false,קפה דוידוף מגורען 100 גר ESPRESSO 57,,,קפה דווידוף אספרסו 5,גרמים,100.00,100 גרם,false,1,23.90,23.90,true,1,
4066600601920,false,"בירה פאולנר פחית 500 מ""ל",פאולנר Paulaner,DE,"בירה פאולנר 500 מ""ל",מיליליטרים,500.00,"100 מ""ל",false,1,12.90,2.58,true,1,
4066600999614,false,"בירה פאולנר חיטה 500 מ""ל בקובק",מבשלת פאולנר,DE,בירה פאולנר חיטה 500,מיליליטרים,500.00,"100 מ""ל",false,1,12.90,2.58,true,1,
4072700003649,false,"בירה פרנסיסקאנר בהירה 500 מ""ל","איי, בי, אינבוו",DE,בירה פרנסיסקאנר בהיר,מיליליטרים,500.00,"100 מ""ל",false,1,13.90,2.78,true,1,
4084500088917,false,"נוזל כלים פיירי לימון 650 מ""ל",פרוקטר אנד גמבל,GB,נוזל כלים פיירי לימו,מיליליטרים,650.00,"100 מ""ל",false,1,10.90,1.68,true,1,
4084500149526,false,טייד נוזל כביסה 2.48 ליטר,פרוקטר אנד גמבל,DE,גל כביסה טייד 2.48 ל,ליטרים,0.00,ליטר,false,1,28.20,28.20,true,1,
4105120623941,false,"בירה ויינשטפן בק' ח""פ 500 מ""ל",ווינשטפן Weihenstephaner,DE,בירה ויינשטפן 500 מ,מיליליטרים,330.00,"100 מ""ל",false,1,13.90,4.21,true,1,
4105120624412,false,"בירה ויינשטפן ויטוס 500 מ""ל",קרלסברג ישראל,IL,בירה ויינשטפן ויטוס,מיליליטרים,500.00,"100 מ""ל",false,1,13.90,2.78,true,1,
4250231139956,false,הלורן-רויאל טינס דפדפי פטל 200 גרם,,,הלורן-רויאל טינס דפד,גרמים,200.00,100 גרם,false,1,18.40,9.20,true,1,
4333465053769,false,יין פרנאווי-סוביניון בלאן ניו זילנד 750,,,יין פרנאווי-סוביניון,Unknown,0.00,Unknown,false,1,88.90,88.90,true,1,
4600080501075,false,וופל ממולא קרם חלב מבושל 150 גר קורובקה,,,וופל ממולא קרם חלב מ,גרמים,150.00,100 גרם,false,1,10.50,7.00,true,1,
4600659010854,false,וודקה סטולי בקבוק 70,איי. אס. לטבייאס בלז,LV,וודקה 40% סטולי 700,מיליליטרים,700.00,"100 מ""ל",false,1,64.90,9.27,true,1,
4601780002572,false,"קמח מקפה 1 ק""ג",,,"קמח מקפה 1 ק""ג",גרמים,1000.00,100 גרם,false,1,12.90,1.29,true,1,
4601780010003,false,כוסמת 5*80 גר מאקפה,,,כוסמת 5*80 גר מאקפה,גרמים,400.00,100 גרם,false,1,11.90,2.98,true,1,
4601780010676,false,גריסי פנינה 5*80 גר מקפה,,,גריסי פנינה 5*80 גר,גרמים,400.00,100 גרם,false,1,8.50,2.13,true,1,
4603400000043,false,"וודקה רוסקיי סטנדרט 700 מ""ל",רוסקי סטנדרט וודקה,RU,וודקה רוסקיי סטנדרט,מיליליטרים,700.00,"100 מ""ל",false,1,64.90,9.27,true,1,
4603928000976,false,"וודקה בלוגה נובל 700 מ""ל+כוס",מרינסקי ליקרו ונבאנצ,RU,וודקה בלוגה נובל 700,מיליליטרים,700.00,"100 מ""ל",false,1,134.90,19.27,true,1,
4604248000349,false,רוטב בטעם מיונז פרובנסל 380 גרם,,,רוטב בטעם מיונז מאחי,גרמים,380.00,100 גרם,false,1,11.90,3.13,true,1,
4604248000844,false,רוטב בטעם מיונז עם שמן זית 380 גרם,,,מיונז מאחייב עם שמן,גרמים,380.00,100 גרם,false,1,11.90,3.13,true,1,
4604248003081,false,מיונז מאחייב פרובנסאל 420 גר PEREPEL,,,רוטב בטעם מיונז מאחי,גרמים,380.00,100 גרם,false,1,11.90,3.13,true,1,
4604248003517,false,חרדל רוסקיה 140 גרם,,,חרדל רוסי 140 גר Mah,גרמים,140.00,100 גרם,false,1,7.10,5.07,true,1,
4604248006952,false,ריבת תות שדה מאחייב בזכוכית 400 גר,,RU,ריבת תות שדה מאחייב,גרמים,400.00,100 גרם,false,1,23.90,5.98,true,1,
4604248012618,false,חרדל רוסקיה 190 גרם מחייב,,,Maheev חרדל רוסי 190,גרמים,190.00,100 גרם,false,1,9.50,5.00,true,1,
4604248014766,false,רוטב תיבול חריף אגיקה מאחייב 140 גר,,,רוטב תיבול חריף אגיק,גרמים,140.00,100 גרם,false,1,7.50,5.36,true,1,
4604248016289,false,ריבת מאחייב פירות יער בזכוכית 400 גר,,,ריבת מאחייב פירות,גרמים,400.00,100 גרם,false,1,23.90,5.98,true,1,
4604248016920,false,ריבת אפרסק ומנגו מאחייב בזכוכית 400 גר,,RU,ריבת אפרסק ומנגו מאח,גרמים,400.00,100 גרם,false,1,23.90,5.98,true,1,
4604248018276,false,רוטב בטעם גבינה 200 גרם,,,רוטב בטעם גבינה 200,גרמים,200.00,100 גרם,false,1,8.50,4.25,true,1,
4604248018283,false,רוטב בטעם שמנת חמוצה עם פטריות 200 גרם,,,רוטב בטעם שמנת חמוצה,גרמים,200.00,100 גרם,false,1,8.50,4.25,true,1,
4605561011975,false,חתיכות פילה הרינג בשמן 150 גר RS,,,חתיכות פילה הרינג בש,גרמים,200.00,100 גרם,false,1,8.90,4.45,true,1,
4605561013009,false,פילה הרינג בשמן 400 גר RS,,,פילה הרינג בשמן 400,גרמים,400.00,100 גרם,false,1,18.80,4.70,true,1,
4607001410324,false,"רולדה ""אגדה"" בטעם פירות יער 200 גרם",,,"רולדה ""אגדה"" בטעם פי",גרמים,200.00,100 גרם,false,1,7.90,3.95,true,1,
4607001411666,false,"רולדה ""אגדה"" בטעם ריבת חלב 200 גרם",,,"רולדה ""אגדה"" בטעם רי",גרמים,200.00,100 גרם,false,1,7.90,3.95,true,1,
4607002990290,false,מלפפונים מוחמצים 680 גר D. Vanya,רוסקויי פולה אלבאשי,RU,מלפפונים מוחמצים 680,גרמים,680.00,100 גרם,false,1,14.90,2.19,true,1,
4607002995943,false,ממרח קישואים קלויים דיאדיה וניה 460 גר,דדיה ואניה,RU,ממרח קישואים קלויים,גרמים,460.00,100 גרם,false,1,12.90,2.80,true,1,
4607005400567,false,שושוקולד עם צימוקים ואגוזים פובדה 250 גר,,RU,שוקולד עם צימוקים וא,גרמים,250.00,100 גרם,false,1,19.90,7.96,true,1,
4607005404169,false,טרופל עם מרציפן בשוקולד מריר וקקאו 225 ג,,RU,טרופל עם מרציפן בשוק,גרמים,225.00,100 גרם,false,1,39.90,17.73,true,1,
4607005404176,false,טרופל עם מרציפן בשוקולד ומסקרפונה 225 גר,,RU,טרופל עם מרציפן בשוק,גרמים,225.00,100 גרם,false,1,39.90,17.73,true,1,
4607012350992,false,גרעיני חמניות מרטין 100 גרם,,,גרעיני חמניות מרטין,גרמים,100.00,100 גרם,false,1,8.30,8.30,true,1,
4607012351005,false,גרעיני חמניות מרטין ללא מלח 200 גרם,"נארז ע""י : א.ג. גילר",RU,גרעיני חמניות מרטין,גרמים,200.00,100 גרם,false,1,12.90,6.45,true,1,
4607012351128,false,גרעיני חמניות מרטין 500 גרם,מרטין,,גרעיני חמניות מרטין,גרמים,500.00,100 גרם,false,1,31.50,6.30,true,1,
4607012351999,false,גרעיני חמניות מרטין עם מלח 200 גרם,"נארז ע""י : א.ג. גילר",RU,גרעיני חמניות מרטין,גרמים,200.00,100 גרם,false,1,12.90,6.45,true,1,
4607012352095,false,גרעיני חמניות מרטין עם מלח 500 גרם,מרטין,,גרעיני חמניות מרטין,גרמים,500.00,100 גרם,false,1,31.50,6.30,true,1,
4607012352453,false,גרעיני חמניות מרטין פסים עם מלח 150 גר,מרטין,RU,גרעיני חמניות מרטין,גרמים,150.00,100 גרם,false,1,12.00,8.00,true,1,
4607012352538,false,גרעיני חמניות מרטין מיקס 200 גרם,מרטין,,גרעיני חמניות מרטין,גרמים,200.00,100 גרם,false,1,12.90,6.45,true,1,
4607037431300,false,זפיר וניל 420 גרם NEVA,,,זפיר וניל 420 גרם NE,גרמים,420.00,100 גרם,false,1,19.90,4.74,true,1,
4607041232757,false,כעכים 200 גרם MALUTKA,,,כעכים 200 גרם MALUTK,גרמים,200.00,100 גרם,false,1,5.90,2.95,true,1,
4607067934055,false,גלידת מצופה שוקולד עם שביי שקדים 80 גר,,RU,גלידת מצופה שוקולד ע,גרמים,80.00,100 גרם,false,1,6.90,8.63,true,1,
4607067937537,false,גלידה כוס פלומביר פילבסקי 90 גר,,,גלידה כוס פלומביר פי,גרמים,90.00,100 גרם,false,1,6.90,7.67,true,1,
4607067937551,false,גלידה כוס פלומביר פילבסקי שוקולד 90 גר,,,גלידה כוס פלומביר פי,גרמים,90.00,100 גרם,false,1,6.90,7.67,true,1,
4610018570073,false,קוויאר בפחית 95 גר,,,קוויאר בפחית 95 גר,גרמים,95.00,100 גרם,false,1,41.90,44.11,true,1,
4631143923657,false,שוקולטיה חטיף דגנים ושקדים (תכלת) 200 גר,,RU,שוקולטיה חטיף דגנים,Unknown,200.00,Unknown,false,1,29.90,0.15,true,1,
4631150667667,false,שוקולטיה חטיף דגנים ואגוזי מלך ש.לבן 200,,RU,שוקולטיה חטיף דגנים,Unknown,200.00,Unknown,false,1,29.90,0.15,true,1,
4660013949466,false,סט ממתקים מתנה מרובע 200 גר,,RU,סט ממתקים מתנה מרובע,גרמים,200.00,100 גרם,false,1,19.90,9.95,true,1,
4710068001692,false,"מאסטר קפה לאטה פחית 240מ""ל",תאיט מרקטינג אנד דיס,TW,מאסטר קפה לאטה 240 מ,מיליליטרים,240.00,"100 מ""ל",false,1,8.20,3.42,true,1,
4710068001739,false,"מאסטר קפה קולומביאני 240 מ""ל",יוני פרזינדנט אנטרפר,TW,מאסטר קפה קולוביאני,מיליליטרים,250.00,"100 מ""ל",false,1,8.20,3.28,true,1,
4710068002798,false,"מאסטר קפה ונילה פחית 240מ""ל",מאיטה פוד אינדוסטריא,TW,מאסטר קפה וניל 240 מ,מיליליטרים,240.00,"100 מ""ל",false,1,8.20,3.42,true,1,
4710068003313,false,"מאסטר קפה אמריקאנו פחית 240מ""ל",מאיטה פוד אינדוסטריא,TW,מאסטר קפה אמריקנו 24,מיליליטרים,240.00,"100 מ""ל",false,1,8.20,3.42,true,1,
4710964170799,false,שומשום שחור קלוי 91 גרם,פלייבור פול פודס טיי,TH,שומשום שחור קלוי 91,גרמים,91.00,100 גרם,false,1,17.90,19.67,true,1,
4740098079309,false,"סיידר ""FIZZ"" אוכמניות 500 מ""ל",צ'סו,,"סיידר ""FIZZ"" אוכמניו",מיליליטרים,500.00,"100 מ""ל",false,1,9.00,1.80,true,1,
4740098079316,false,"סיידר ""FIZZ"" תות שדה 500 מ""ל",צ'סו,,"סיידר ""FIZZ"" תות שדה",מיליליטרים,500.00,"100 מ""ל",false,1,9.00,1.80,true,1,
4740098079323,false,"סיידר ""FIZZ"" אגס 500 מ""ל",צ'סו,,"סיידר ""FIZZ"" אגס 500",מיליליטרים,500.00,"100 מ""ל",false,1,9.00,1.80,true,1,
4740098084440,false,"סיידר ""FIZZ"" תפוח עץ 500 מ""ל",צ'סו,,"סיידר ""FIZZ"" תפוח עץ",מיליליטרים,500.00,"100 מ""ל",false,1,9.00,1.80,true,1,
4740098090137,false,"בירה אינדיה פייל אייל לבנה 500 מ""ל",א.לה קוק A.Le Coq,EE,בירה אינדיה פייל איי,מיליליטרים,500.00,"100 מ""ל",false,1,13.90,2.78,true,1,
4740098098331,false,"קוקטייל בלו לגון אה לה קוק 330 מ""ל",אה לי קוק,EE,קוקטייל בלו לגון אה,מיליליטרים,330.00,"100 מ""ל",false,1,12.90,3.91,true,1,
4740098098379,false,"קוקטייל מרגריטה אה לה קוק 330 מ""ל",אה לי קוק,EE,קוקטייל מרגריטה אה ל,מיליליטרים,330.00,"100 מ""ל",false,1,12.90,3.91,true,1,
4740098098393,false,"קוקטייל און דה ביץ אה לה קוק 330 מ""ל",אה לי קוק,EE,קוקטייל און דה ביץ,מיליליטרים,330.00,"100 מ""ל",false,1,12.90,3.91,true,1,
4750001008869,false,בונבוניירה אסורטי מריר 70% לאימה 360 גר,,,בונבוניירה אסורטי מר,גרמים,360.00,100 גרם,false,1,40.90,11.36,true,1,
4750001948110,false,אסורטי שוקולד מריר 70% 215 גרם LAIMA,,,אסורטי שוקולד מריר 7,גרמים,215.00,100 גרם,false,1,26.90,12.51,true,1,
4750012000173,false,דיווה קוסמופוליטן פסיפלורה 750 מל,Amberbev Internation,LV,דיווה קוסמופוליטן פס,Unknown,0.00,Unknown,false,1,24.90,24.90,true,1,
4750012026852,false,דיווה קוסמופוליטן שיכר פרי יער 750 מל,,,דיווה קוסמופוליטן,Unknown,0.00,Unknown,false,1,24.90,24.90,true,1,
4750021008665,false,"וודקה ריגה בלאק קרנברי 700 מ""ל",,,וודקה ריגה בלאק קרנב,מיליליטרים,700.00,"100 מ""ל",false,1,52.90,7.56,true,1,
4750021011139,false,דיווה קוסמופוליטן פינה קולדה 750 מל,,,דיווה קוסמופוליטן פי,Unknown,0.00,Unknown,false,1,24.90,24.90,true,1,
4750021201592,false,וודקה 1 ליור RIGA BLACK,,,וודקה 1 ליטר RIGA BL,מיליליטרים,1000.00,"100 מ""ל",false,1,87.90,8.79,true,1,
4750021221361,false,"וודקה 700 מ""ל RIGA BLACK",,,"וודקה 700 מ""ל RIGA B",מיליליטרים,700.00,"100 מ""ל",false,1,52.90,7.56,true,1,
4750142005062,false,"בירה ברוזה לא מסוננת צסו 568 מ""ל",,,בירה ברוזה לא מסוננת,מיליליטרים,568.00,"100 מ""ל",false,1,8.90,1.57,true,1,
4750142016518,false,בירה צסו לא מסוננת 5.4% 568 מל,צ'סו אלוס,LV,בירה צסו לא מסוננת 5,מיליליטרים,568.00,"100 מ""ל",false,1,8.90,1.57,true,1,
4750616000258,false,שפרוטים גדולים מעושנים בשמן צמחי,בריויאס וילניוס,LV,שפרוטים בשמן ביג 190,גרמים,190.00,100 גרם,false,1,11.90,6.26,true,1,
4750616000593,false,שפרוטים מעושנים ריגה 190 גר,בריויאס וילניוס,LV,שפרוטים בשמן ריגה 19,גרמים,190.00,100 גרם,false,1,10.90,5.74,true,1,
4750616002276,false,קילקה עם צילי במיץ עגבניות 240 גר,בריויאס וילניוס,,קילקה עם צילי במיץ ע,גרמים,240.00,100 גרם,false,1,7.90,3.29,true,1,
4750616002337,false,קילקה במיץ עגבניות בריווס וילנוס 240 גר,בריויאס וילניוס,,קילקה במיץ עגבניות ב,גרמים,240.00,100 גרם,false,1,7.90,3.29,true,1,
4750616002344,false,קילקה עם ירקות במיץ עגבניות 240 גר,בריויאס וילניוס,,קילקה עם ירקות במיץ,גרמים,240.00,100 גרם,false,1,7.90,3.29,true,1,
4751002125494,false,לחם בורודינסקי עם גרעיני חמניות 350גר,,LV,לחם בורודינסקי עם גר,גרמים,350.00,100 גרם,false,1,15.90,4.54,true,1,
4751007732970,false,סלט איטלקי עם סלומון 170 גרם,,,סלט איטלקי עם סלומון,גרמים,170.00,100 גרם,false,1,11.90,7.00,true,1,
4751033540426,false,שוקולד מריר 80% קקאו 100 גר COLOMBIA,,RU,שוקולד מריר 80% קקאו,גרמים,100.00,100 גרם,false,1,14.90,14.90,true,1,
4760013403637,false,וופלים בטעם לימון 200 גר SLADOK,,,וופלים בטעם לימון 20,גרמים,200.00,100 גרם,false,1,5.90,2.95,true,1,
4760018504612,false,ריבה דובדבן 400 גרם BIZIM TARLA,,AZ,ריבה דובדבן 400 גרם,גרמים,400.00,100 גרם,false,1,15.90,3.98,true,1,
4760068001710,false,ריבת תות שדה 400 גרם ביזים טארלה,אזרסטאן קאנד,AZ,ריבת תות שדה 400 גרם,גרמים,400.00,100 גרם,false,1,15.90,3.98,true,1,
4760068002274,false,ריבת חבושים 400 גרם ביזים טארלה,אזרסטאן קאנד,AZ,ריבת חבושים 400 גרם,גרמים,400.00,100 גרם,false,1,15.90,3.98,true,1,
4760127700639,false,עוגת רולדה במילוי קרם בטעם חלב 150,,,עוגת רולדה במילוי קר,גרמים,150.00,100 גרם,false,1,5.90,3.93,true,1,
4760127702206,false,עוגת רולדה במילוי קרם בטעם שוקולד150 גר,,,עוגת רולדה במילוי קר,גרמים,150.00,100 גרם,false,1,5.90,3.93,true,1,
4760127702213,false,עוגת רולדה במילוי קרם ברולה 150 גר,,,עוגת רולדה במילוי קר,גרמים,150.00,100 גרם,false,1,5.90,3.93,true,1,
4760127702237,false,עוגת רולדה במילוי קרם חלב מרוכז 150 גר,,,עוגת רולדה במילוי קר,גרמים,150.00,100 גרם,false,1,5.90,3.93,true,1,
4760127703197,false,מאפינס בטעם שוקולד 210 גר DARENKA,,,מאפינס בטעם שוקולד 2,גרמים,210.00,100 גרם,false,1,9.90,4.71,true,1,
4760127703203,false,מאפינס בטעם תות שדה ושמנת 210 גר DARENKA,,,מאפינס בטעם תות שדה,גרמים,210.00,100 גרם,false,1,9.90,4.71,true,1,
4760127703753,false,מאפינס בטעם וניל לימון 210 גר DARENKA,,,מאפינס בטעם וניל לימ,גרמים,210.00,100 גרם,false,1,9.90,4.71,true,1,
4770237051804,false,חטיף גבינה וניל 45 גר,,,חטיף גבינה וניל 45 ג,גרמים,4500.00,100 גרם,false,1,4.50,0.10,true,1,
4770237051811,false,חטיף גבינה עם ריבת חלב 45 גר,,,חטיף גבינה עם ריבת ח,גרמים,4500.00,100 גרם,false,1,4.50,0.10,true,1,
4770237051828,false,חטיף גבינה תות שדה 45 גר,,,חטיף גבינה תות שדה 4,גרמים,4500.00,100 גרם,false,1,4.50,0.10,true,1,
4770237051842,false,חטיף גבינה בטעם שוקולד 45 גר,,,חטיף גבינה בטעם שוקו,גרמים,4500.00,100 גרם,false,1,4.50,0.10,true,1,
4770237055055,false,"200 גר ""SMETANKA"" 30",,,30% 200 גר SMETANKA,גרמים,200.00,100 גרם,false,1,11.90,5.95,true,1,
4770265046452,false,גבינה מותכת 28% סבליה 185 גר,,LT,גבינה מותכת 28% סבלי,גרמים,185.00,100 גרם,false,1,20.90,11.30,true,1,
4770275049580,false,טבורוג 5% סבליה 370 גר,,,טבורוג אנלוגי סבליה,גרמים,370.00,100 גרם,false,1,20.90,5.65,true,1,
4770301236861,false,קווס משקה לחם לבובסקי 1.5 ל,,,קווס משקה לחם לבובסק,ליטרים,0.00,ליטר,false,1,13.90,13.90,true,1,
4770583219194,false,כרוב כבוש עם חמוציות 900 גרם,,,כרוב כבוש עם חמוציות,גרמים,900.00,100 גרם,false,1,17.90,1.99,true,1,
4780030690063,false,AGROMIRתערובת עגבניות שרי ומלפפונים 720,,,AGROMIRתערובת עגבניו,גרמים,720.00,100 גרם,false,1,15.90,2.21,true,1,
4792032060454,false,"גרין קוקו - מי קוקוס אורגניים 330 מ""ל",,,גרין קוקו - מי קוקוס,מיליליטרים,330.00,"100 מ""ל",false,1,10.50,3.18,true,1,
4792252002746,false,תה שחור באזילור קלאסי אסורטי 2 גר* 20 שק,,,תה שחור באזילור קלאס,Unknown,0.00,Unknown,false,1,19.90,19.90,true,1,
4810065013121,false,חלב מרוכז ממותק דוי פק רוגציוב 280 גרם,,BY,חלב מרוכז ממותק דוי,גרמים,280.00,100 גרם,false,1,15.90,5.68,true,1,
4810168000011,false,פילה דג הרינג מלוח מצונן 250ג',סנטה ברמור,BY,פילה הרינג מלוח 250,גרמים,250.00,100 גרם,false,1,15.60,6.24,true,1,
4810168000103,false,פילה הרינג מטיאס 250גר,,BY,פילה הרינג מלוח מעוש,גרמים,250.00,100 גרם,false,1,15.60,6.24,true,1,
4810168000998,false,פילה דג הרינג מלוח מצונן עם בצל בצנצנת חתיכות 260ג',סנטה ברמור,BY,חתיכות פילה הרינג,גרמים,260.00,100 גרם,false,1,19.80,7.62,true,1,
4810168024260,false,ביצי דג שיבוט מומלח מצונן 130 גר,,,ביצי דג שיבוט מומלח,גרמים,130.00,100 גרם,false,1,17.70,13.62,true,1,
4810168057435,false,חתיכות פילה דג הרינג מלוח בשמן מצונן 400 גר,,RU,חתיכות פילה הרינג מל,גרמים,500.00,100 גרם,false,1,31.50,6.30,true,1,
4810285006743,false,"קווס ""לידסקיי"" כהה 1.5 ליטר",,,"קווס ""לידסקיי"" כהה 1",ליטרים,0.00,ליטר,false,1,14.90,14.90,true,1,
4820030561410,false,שעועית ברוטב עגבניות 540 גרם באבושקינה,,,שעועית ברוטב עגבניות,גרמים,540.00,100 גרם,false,1,13.90,2.57,true,1,
4820077081124,false,"שמן חמניות לא מזוכך גרנה 850 מ""ל",,,שמן חמניות לא מזוכך,מיליליטרים,850.00,"100 מ""ל",false,1,12.90,1.52,true,1,
4820103341574,false,חלב מרוכז 370 גרם,,,חלב מרוכז 370 גרם,גרמים,370.00,100 גרם,false,1,12.90,3.49,true,1,
4820182740053,false,ציפס בטעם סרטן 70 גר,,,ציפס בטעם סרטן 70 גר,גרמים,70.00,100 גרם,false,1,8.90,12.71,true,1,
4820182740084,false,ציפס בטעם בקון 70 גר,,,ציפס בטעם בקון 70 גר,Unknown,0.00,Unknown,false,1,8.90,8.90,true,1,
4820182742019,false,ציפס בטעם כנפיים ברביקיו 70 גר פלינט,,,ציפס כנפיים ברביקיו,גרמים,70.00,100 גרם,false,1,8.90,12.71,true,1,
4820182742903,false,קרוטונים פלינט בטעם סרטן 35 גרם,,UA,קרוטונים פלינט בטעם,גרמים,35.00,100 גרם,false,1,3.50,10.00,true,1,
4820182742972,false,קרוטונים פלינט בטעם קוויאר 35 גרם,,UA,קרוטונים פלינט בטעם,גרמים,35.00,100 גרם,false,1,3.50,10.00,true,1,
4820182742989,false,קרוטונים פלינט בטעם גבינה 35 גר,,UA,קרוטונים פלינט בטעם,גרמים,35.00,100 גרם,false,1,3.50,10.00,true,1,
4820182743009,false,קרוטונים פלינט בטעם שישליק 35 גרם,,UA,קרוטונים פלינט בטעם,גרמים,35.00,100 גרם,false,1,3.50,10.00,true,1,
4820185233330,false,גלידה משפחתית לאסקה תות 1 קג,,,גלידה משפחתית לאסקה,גרמים,1000.00,100 גרם,false,1,36.90,3.69,true,1,
4820185234535,false,גלידה שלגון תות שדה 145 גר,,UA,גלידה שלגון תות שדה,גרמים,900.00,100 גרם,false,1,8.90,0.99,true,1,
4820193030051,false,"בירה אובולון ללא אלכוהול 500 מ""ל פחית",,,בירה אובולון ללא אלכ,מיליליטרים,500.00,"100 מ""ל",false,1,7.80,1.56,true,1,
4820193030303,false,בירה Zibert בהירה בפחית 500 מל,,,בירה Zibert בהירה ב,מיליליטרים,500.00,"100 מ""ל",false,1,9.90,1.98,true,1,
4820193551754,false,"גלידת פלומביר שמנת לסונקה וניל 1 ק""ג",,UA,גלידת פלומביר שמנת,קילוגרמים,0.00,"ק""ג",false,1,36.90,36.90,true,1,
4820198873271,false,תה שחור 1.8 גר * 25 שק DALAI LADY GREY,,UA,תה שחור 1.8 גר * 25,גרמים,45.00,100 גרם,false,1,10.90,24.22,true,1,
4820198873288,false,תה ירוק 1.8 גר * 25 שק DALAI GREEN,,UA,תה ירוק 1.8 גר * 25,גרמים,45.00,100 גרם,false,1,10.90,24.22,true,1,
4820198873332,false,תה שחור 24 שק DALAI ASSORTI 4 FLAVORS,,UA,תה שחור 24 שק DALAI,גרמים,40.00,100 גרם,false,1,10.90,27.25,true,1,
4823070203296,false,גלידה פלומביר בלרוסי 90 גר,,,גלידה פלומביר בלרוסי,גרמים,90.00,100 גרם,false,1,5.90,6.56,true,1,
4823077602863,false,סוכריות דבורה משוגעת 200 גרם שקית,רושן,UA,"רושן סוכריות גלי ""קר",גרמים,200.00,100 גרם,false,1,6.90,3.45,true,1,
4823077608513,false,סוכריות קורובקה 205 גרם רושן,רושן Roshen,UA,סוכריות קורובקה 205,גרמים,205.00,100 גרם,false,1,6.90,3.37,true,1,
4823077611933,false,אסורטי אליגנט 145 גר רושן,,,אסורטי אליגנט 145 גר,גרמים,145.00,100 גרם,false,1,19.90,13.72,true,1,
4823077611940,false,אסורטי קלאסיק 154 גר רושן,,,אסורטי קלאסיק 154 גר,גרמים,154.00,100 גרם,false,1,19.90,12.92,true,1,
4823077613203,false,שוקולד רושן מריר + פונדוק שלם 90 גר רושן,רושן Roshen,,שוקולד רושן מריר + פ,גרמים,90.00,100 גרם,false,1,7.90,8.78,true,1,
4823077613630,false,חטיף שוקולד חלב במילוי קרם ברולה,רושן Roshen,UA,באטונציק קרם ברולה 4,גרמים,43.00,100 גרם,false,1,3.90,9.07,true,1,
4823077614699,false,ביסקוויט וניל 185 גר רושן,,,ביסקוויט וניל 185 גר,גרמים,185.00,100 גרם,false,1,3.90,2.11,true,1,
4823077614767,false,שוקולד רושן חלב נוגט בטעם אגוזי לוז 90 ג,,,שוקולד רושן חלב נוגט,גרמים,90.00,100 גרם,false,1,4.90,5.44,true,1,
4823077614804,false,שוקולד חלב נוגט וניל 90 גרם רושן,רושן Roshen,,שוקולד חלב נוגט וניל,גרמים,90.00,100 גרם,false,1,4.90,5.44,true,1,
4823077617041,false,חטיף שוקולד חלב במילוי קרמל,רושן Roshen,UA,באטונציק קרמל 40 גר,גרמים,40.00,100 גרם,false,1,3.10,7.75,true,1,
4823077621154,false,באטונציק 43 גר רושן,,,באטונציק 43 גר רושן,גרמים,43.00,100 גרם,false,1,3.90,9.07,true,1,
4823077621635,false,וופל רושן בטעם חלב 72 גר,,,וופל רושן בטעם חלב 7,גרמים,72.00,100 גרם,false,1,3.90,5.42,true,1,
4823077621642,false,וופל רושן בטעם שוקולד 72 גר,,,וופל רושן בטעם שוקול,גרמים,72.00,100 גרם,false,1,3.90,5.42,true,1,
4823077621659,false,וופל רושן בטעם אגוז 72 גר,,,וופל רושן בטעם אגוז,גרמים,72.00,100 גרם,false,1,3.90,5.42,true,1,
4823077622359,false,אסורטי שוקולאטריה רושן 256 גר,,UA,אסורטי שוקולאטריה רו,גרמים,256.00,100 גרם,false,1,36.90,14.41,true,1,
4823077623684,false,קרמל רושן טיפת חלב 150 גר,רושן,UA,קרמל רושן טיפת חלב 1,גרמים,150.00,100 גרם,false,1,4.90,3.27,true,1,
4823077624261,false,גילי בוני פרוט 200 גר BERRY MIX,,,גילי בוני פרוט 200 ג,גרמים,200.00,100 גרם,false,1,6.90,3.45,true,1,
4823077624391,false,"רושן סוכריות טופי ""מינקי בינקי"" 185 גר",רושן,UA,"רושן סוכריות טופי ""מ",גרמים,185.00,100 גרם,false,1,6.90,3.73,true,1,
4823077625589,false,וופל וואפרס חלב רושן 216 גר,,UA,וופל וואפרס חלב רושן,גרמים,216.00,100 גרם,false,1,6.90,3.19,true,1,
4823077625602,false,וופל וואפרס שוקולד רושן 216 גר,,UA,וופל וואפרס שוקולד ר,גרמים,216.00,100 גרם,false,1,6.90,3.19,true,1,
4823077625626,false,וופל וואפרס אגוז רושן 216 גר,,UA,וופל וואפרס אגוז רוש,גרמים,216.00,100 גרם,false,1,6.90,3.19,true,1,
4823077626203,false,שוקולד אורירי מריר 80 גר רושן,רושן Roshen,UA,שוקולד אורירי מריר 8,גרמים,80.00,100 גרם,false,1,6.90,8.63,true,1,
4823077626227,false,שוקולד אורירי חלב 80 גר רושן,רושן Roshen,UA,שוקולד אורירי חלב 80,גרמים,80.00,100 גרם,false,1,6.90,8.63,true,1,
4823077629136,false,שוקולד רושן חלב 90 גר LACMI,,UA,שוקולד רושן חלב 90 ג,גרמים,90.00,100 גרם,false,1,6.90,7.67,true,1,
4823077631467,false,קרקר עם מלח ים רושן 168 גר,,,קרקר עם מלח ים רושן,גרמים,168.00,100 גרם,false,1,4.90,2.92,true,1,
4823077631474,false,קרקר קלאסי רושן 168 גר,,,קרקר קלאסי רושן 168,גרמים,168.00,100 גרם,false,1,4.90,2.92,true,1,
4823077631856,false,וופל רול קונאפטו קוקוס 140 גר,,UA,וופל רול קונאפטו קוק,גרמים,140.00,100 גרם,false,1,6.90,4.93,true,1,
4823077632112,false,וופל בטעם קקאו חלב רושן 216 גר,,,וופל בטעם קקאו חלב ר,גרמים,216.00,100 גרם,false,1,6.90,3.19,true,1,
4823077632259,false,באטונציק קרם עם בוטנים 38 גר,רושן Roshen,UA,באטונציק קרם עם בוטנ,גרמים,38.00,100 גרם,false,1,3.90,10.26,true,1,
4823077632570,false,שוקולד רושן מריר 85 גר BRUT,,UA,שוקולד רושן מריר 85,גרמים,85.00,100 גרם,false,1,6.90,8.12,true,1,
4823077632587,false,שוקולד רושן חלב עם שקד שלם 90 גר LACMI,,,שוקולד רושן חלב עם ש,גרמים,90.00,100 גרם,false,1,7.90,8.78,true,1,
4823077632594,false,שוקולד רושן חלב עם אגוז שלם 90 גר LACMI,,,שוקולד רושן חלב עם א,גרמים,90.00,100 גרם,false,1,7.90,8.78,true,1,
4823077633058,false,"גליליות וופל רושן ""קונאפטו"" אגוז 140 ג",,,"גליליות וופל רושן ""ק",גרמים,140.00,100 גרם,false,1,6.90,4.93,true,1,
4823077633317,false,עוגיות שוקולד עם חתיכות שוקולד 150 גר,,,עוגיות שוקולד עם חתי,גרמים,150.00,100 גרם,false,1,6.90,4.60,true,1,
4823077633324,false,עוגיות רושן עם חתיכות שוקולד 150 גר,,,עוגיות שוקוציפס עם,גרמים,150.00,100 גרם,false,1,6.90,4.60,true,1,
4823077633348,false,עוגיות רושן עם חתיכות בוטנים 150 גר,,,עוגיות רושן עם חתיכו,גרמים,150.00,100 גרם,false,1,6.90,4.60,true,1,
4823077634178,false,עוגיות עם מילוי תפוח קינמון 168 גר LOVIT,,,עוגיות עם מילוי תפוח,גרמים,168.00,100 גרם,false,1,6.90,4.11,true,1,
4823077634192,false,עוגיות עם מילוי דובדבן וניל 168 גר LOVIT,,,עוגיות עם מילוי דובד,גרמים,168.00,100 גרם,false,1,6.90,4.11,true,1,
4823077634222,false,עוגיות Lovita ממולאות ג'לי תפוז מצופות צימקאו,רושן Roshen,,עוגיות תפוז 135 גר L,גרמים,135.00,100 גרם,false,1,6.90,5.11,true,1,
4823077634246,false,עוגיות Lovita ממולאות ג'לי פטל מצופות צימקאו,רושן Roshen,,עוגיות פטל 135 גר LO,גרמים,135.00,100 גרם,false,1,6.90,5.11,true,1,
4823077634277,false,עוגיות Lovita ממולאות ג'לי תות שדה מצופות צימקאו,רושן Roshen,,עוגיות תות שדה 135 ג,גרמים,135.00,100 גרם,false,1,6.90,5.11,true,1,
4823077634369,false,שוקולד רושן חלב אוורירי 85 גר LACMI,,UA,שוקולד רושן חלב אוור,גרמים,85.00,100 גרם,false,1,6.90,8.12,true,1,
4823077634406,false,"עוגות אישיות ""TOO COOL"" שוקולד 270 גר",,,"עוגות אישיות ""TOO CO",גרמים,270.00,100 גרם,false,1,14.90,5.52,true,1,
4823077634741,false,עוגיות עם מילוי תות שדה 168 גר LOVITA,,,עוגיות עם מילוי תות,גרמים,168.00,100 גרם,false,1,6.90,4.11,true,1,
4823077635489,false,חטיף וופל רושן קרם קקאו 350 גר,,,חטיף וופל רושן קרם ק,גרמים,350.00,100 גרם,false,1,18.90,5.40,true,1,
4823077636004,false,עוגיות Lovita ממולאות ג'לי דובדבן מצופות צימקאו,רושן Roshen,,עוגיות קקאו דובדבן 1,גרמים,135.00,100 גרם,false,1,6.90,5.11,true,1,
4823077636059,false,עוגיות קקאו דובדבן 420 גר LOVITA,,UA,עוגיות קקאו דובדבן,גרמים,420.00,100 גרם,false,1,18.90,4.50,true,1,
4823077636073,false,עוגיות תות שדה 420 גר LOVITA,,,עוגיות תות שדה 420 ג,גרמים,420.00,100 גרם,false,1,18.90,4.50,true,1,
4823077636332,false,עוגיות רושן במילוי קרם שוקולד127ג LOVITA,,,עוגיות רושן במילוי ק,גרמים,127.00,100 גרם,false,1,6.90,5.43,true,1,
4823077636400,false,עוגיות רושן במילוי קרם חלב 127 גר LOVITA,,,עוגיות רושן במילוי ק,גרמים,127.00,100 גרם,false,1,6.90,5.43,true,1,
4823077636417,false,עוגיות רושן במילוי קרם אגוזים127ג LOVITA,,,עוגיות רושן במילוי ק,גרמים,127.00,100 גרם,false,1,6.90,5.43,true,1,
4823077636547,false,סוכריות ממולאות פירות בים בום468ג ROSHEN,,UA,סוכריות ממולאות פירו,גרמים,468.00,100 גרם,false,1,11.90,2.54,true,1,
4823077636561,false,סוכריות ממולאות חלב קפה 378 גר ROSHEN,,,סוכריות ממולאות חלב,גרמים,378.00,100 גרם,false,1,11.90,3.15,true,1,
4823077636578,false,סוכריות טופי כוס חלב 325 גר ROSHEN,,,סוכריות טופי כוס חלב,גרמים,325.00,100 גרם,false,1,11.90,3.66,true,1,
4823077636592,false,סוכריות גלי קרייזי פצולקה 378 גר ROSHEN,,,סוכריות גלי קרייזי פ,גרמים,378.00,100 גרם,false,1,11.90,3.15,true,1,
4840008000987,false,סושקה וניל 500 גרם FRANZELUTA,פרנזלוטה,,סושקה וניל 500 גרם F,גרמים,500.00,100 גרם,false,1,10.90,2.18,true,1,
4840008001205,false,מיני סושקה עם פרג 500 גרם FRANZELUTA,,,מיני סושקה עם פרג 50,גרמים,500.00,100 גרם,false,1,10.90,2.18,true,1,
4860019001414,false,"בקבוק מים בוז'ורמי 750 מ""ל",אי.די.אס בורג'יומי,,"מים בורגומי 750 מ""ל",מיליליטרים,750.00,"100 מ""ל",false,1,9.20,1.23,true,1,
4903001904192,false,"רוטב סויה יאמסה פרימיום 500 מ""ל",הדקלאים אגודת שיתופי,JP,רוטב סויה יאמסה 500,מיליליטרים,500.00,"100 מ""ל",false,1,18.80,3.76,true,1,
5000157143365,false,מתבל בטעם מיונז וקטשופ היינץ 425 ג',היינץ Heinz,PL,מתבל בטעם מיונז וקטש,מיליליטרים,425.00,"100 מ""ל",false,1,15.90,3.74,true,1,
5000159020312,false,מלטיזרס אריזה קטנה 37 גרם,מלטיזרס Maltesers,NL,מלטיזרס 37 גרם,גרמים,37.00,100 גרם,false,1,5.50,14.86,true,1,
5000159376655,false,סוכריות סקיטלס 38 גר פירות 38 גרם,ריגלי ממתקים,GB,סקיטלס פירות 38 גרם,גרמים,38.00,100 גרם,false,1,3.60,9.47,true,1,
5000159382694,false,מארס עשירייה 450 גרם,,NL,מארס עשירייה 450 גרם,גרמים,450.00,100 גרם,false,1,27.90,6.20,true,1,
5000159382731,false,סניקרס 10*50 גרם,,,סניקרס 10*50 גרם,גרמים,500.00,100 גרם,false,1,27.90,5.58,true,1,
5000159382786,false,טוויקס 10*50 גרם,,,טוויקס 10*50 גרם,גרמים,500.00,100 גרם,false,1,27.90,5.58,true,1,
5000159461122,false,חטיף שוקולד סניקרס 50 ג',"נארז ע""י : א.ג. גילר",NL,חטיף סניקרס 50 גרם,גרמים,50.00,100 גרם,false,1,4.90,9.80,true,1,
5000159461412,false,מילקי ווי-חטיף נוגט וקרמל מארז 21.5 גר,,,מילקי ווי-חטיף נוגט,גרמים,22.00,100 גרם,false,1,11.90,54.09,true,1,
5000159471510,false,אם אנד אם בוטנים 220 גרם,,FR,אם אנד אם בוטנים 220,גרמים,220.00,100 גרם,false,1,17.60,8.00,true,1,
5000159471794,false,אם אנד אם שוקולד 220 גרם,,BE,אם אנד אם שוקולד 220,גרמים,220.00,100 גרם,false,1,17.60,8.00,true,1,
5000159472029,false,אם אנד אם קריספי 213 גרם,,FR,אם אנד אם קריספי 213,גרמים,213.00,100 גרם,false,1,20.90,9.81,true,1,
5000159503617,false,מלטיזרס 68 גרם,,,מלטיזרס 68 גרם,גרמים,68.00,100 גרם,false,1,10.90,16.03,true,1,
5000213000359,false,בירה גינס בקבוק 330 מל,גינס Guinness,,בירה גינס בקבוק 330,מיליליטרים,330.00,"100 מ""ל",false,1,15.90,4.82,true,1,
5000213014905,false,בירה גינס 440 מל פחית,קרלסברג Carlsberg,IE,"בירה גינס 440 מ""ל פח",מיליליטרים,440.00,"100 מ""ל",false,1,17.90,4.07,true,1,
5000267116303,false,מארז וויסקי גוני ווקר דאבל בלק 700 מל,אלכוהול (איי.בי.בי),,מארז וויסקי גוני ווק,מיליליטרים,700.00,"100 מ""ל",false,1,162.90,23.27,true,1,
5000328181844,false,דוריטוס - רוטב דיפ נאציו גבינה 280גרם,,GB,דוריטוס - רוטב דיפ נ,גרמים,280.00,100 גרם,false,1,19.90,7.11,true,1,
5000328637327,false,דוריטוס רוטב דיפ שמנת ועירית שום 300 גר,,GB,דוריטוס רוטב דיפ שמנ,גרמים,300.00,100 גרם,false,1,19.90,6.63,true,1,
5000328697796,false,דוריטוס-דיפ סלסה חריפות בינונית 300 גרם,,GB,דוריטוס-דיפ סלסה חרי,גרמים,300.00,100 גרם,false,1,19.90,6.63,true,1,
5000329002193,false,משקה ג'ין ביפאיטר 70,ג'יימס בורו,,"גין ביפאיטר 700 מ""ל",מיליליטרים,700.00,"100 מ""ל",false,1,99.90,14.27,true,1,
5000394137486,false,רביעיות סוללות אופטימום AA דורסל,דורסל Duracell,BE,מארז *4 סוללות דורסל,Unknown,0.00,Unknown,false,1,23.00,23.00,true,1,
5000394137516,false,רביעיות סוללות אופטימום AAA דורסל,דורסל Duracell,BE,מארז *4 סוללות דורסל,Unknown,0.00,Unknown,false,1,21.90,21.90,true,1,
5010035068383,false,פוקס-עוגיות שוק ציפס חצי-מצופות שוק 180ג,,,פוקס-עוגיות שוק ציפס,גרמים,180.00,100 גרם,false,1,12.50,6.94,true,1,
5010038454831,false,בירה בלו מון 330 מל בקבוק,"איי, בי, אינבוו",IL,בירה בלו מון 330 מל,מיליליטרים,330.00,"100 מ""ל",false,1,13.90,4.21,true,1,
5010314101015,false,וויסקי פיימוס גראוס 1 ליטר,,,וויסקי פיימוס גראוס,מיליליטרים,1000.00,"100 מ""ל",false,1,109.90,10.99,true,1,
5010327399614,false,"גלנפידיך 12 אמריקן אווק כשר 700 מ""ל",וויליאם גרנטס ובניו,GB,גלנפידיך 12 אמריקן א,מיליליטרים,700.00,"100 מ""ל",false,1,179.90,25.70,true,1,
5010677551281,false,"בקרדי בריזר לימון 275 מ""ל בקבוק",בקרדי בריזר Bacardi Breezer,BE,בקרדי בריזר לימון,מיליליטרים,275.00,"100 מ""ל",false,1,16.80,6.11,true,1,
5010677554398,false,"בקרדי בריזר אבטיח 275 מ""ל בקבוק",בקרדי בריזר Bacardi Breezer,BE,בקרדי בריזר אבטיח,מיליליטרים,275.00,"100 מ""ל",false,1,16.80,6.11,true,1,
5010677714006,false,"גין בומבאי ספייר 700 מ""ל",ג'ון דיואר ובניו,ES,גין בומביי ספייר 700,מיליליטרים,700.00,"100 מ""ל",false,1,119.90,17.13,true,1,
5010909006121,false,היילנד עוגיות חמאה סקוטיות משולשות 125 ג,,GB,היילנד עוגיות חמאה ס,גרמים,125.00,100 גרם,false,1,6.90,5.52,true,1,
5011013935178,false,"בייליס פאי תפוחים 700 מ""ל",,IE,בייליס פאי תפוחים 7,מיליליטרים,700.00,"100 מ""ל",false,1,125.90,17.99,true,1,
5011157630281,false,אורז לבן ארוך בסמטי טילדה Tilda,טילדה Tilda,GB,אורז בסמטי טילדה 1 ק,גרמים,1000.00,100 גרם,false,1,25.90,2.59,true,1,
5011348008479,false,"בירה קינג גובלין 500 מ""ל",,,בירה קינג גובלין 500,מיליליטרים,500.00,"100 מ""ל",false,1,18.90,3.78,true,1,
5011348008530,false,"בירה מארסטונס אי.פי.איי 500 מ""ל בקבוק",,,בירה מארסטונס אי.פי.,מיליליטרים,500.00,"100 מ""ל",false,1,18.90,3.78,true,1,
5011348017099,false,"בירה הובגובלין גולד פחית 500 מ""ל",,GB,בירה הובגובלין גולד,מיליליטרים,500.00,"100 מ""ל",false,1,17.90,3.58,true,1,
5011348017112,false,"בירה הובגובלין פחית 500 מ""ל",,GB,בירה הובגובלין פחית,מיליליטרים,500.00,"100 מ""ל",false,1,17.90,3.58,true,1,
5011348023458,false,"בירה הובגובלין אי.פי.איי. פחית 500 מ""ל",,GB,בירה הובגובלין אי.פי,מיליליטרים,500.00,"100 מ""ל",false,1,17.90,3.58,true,1,
5011885003500,false,בירה פולרס לונדון פרייד 330 מל,,,בירה פולרס לונדון פר,מיליליטרים,330.00,"100 מ""ל",false,1,15.90,4.82,true,1,
5014201701623,false,ווסטונס אינגליש וינטג סיידר 750 מל,,,ווסטונס אינגליש וינט,מיליליטרים,750.00,"100 מ""ל",false,1,28.90,3.85,true,1,
5018357006731,false,תערובת דגנים 40% פירות ואגוזים 560 גרם,דורסט סיריאלס,,תערובת דגנים 40% פיר,גרמים,560.00,100 גרם,false,1,33.50,5.98,true,1,
5024546366609,false,"וויסקי 700 מ""ל LAUDERS SCOTCH",מקדוף אינטרנשנל דיסט,,"וויסקי 700 מ""ל LAUDE",מיליליטרים,700.00,"100 מ""ל",false,1,89.90,12.84,true,1,
5029053523446,false,קוטקס - תחבושות אולטרה נייט + כנפיים 20 יח',קימברלי קלארק,GB,תחבושת קוטקס נייט,Unknown,0.00,Unknown,false,1,25.90,25.90,true,1,
5030544902121,false,גבינה מעושנת DORSET RED במשקל,,,גבינה מעושנת DORSET,Unknown,0.00,"ק""ג",true,0,147.00,147.00,true,1,
5032678006553,false,"מי טוניק אשכולית אדומה 200 מ""ל",,GB,מי טוניק אשכולית אדו,מיליליטרים,200.00,"100 מ""ל",false,1,7.50,3.75,true,1,
5035766060253,false,"בירה מרפיס פחית 500 מ""ל",מרפיס Murphys,,"מרפיס פחית 500 מ""ל",מיליליטרים,500.00,"100 מ""ל",false,1,14.90,2.98,true,1,
5056357900925,false,סניקרס חטיף חלבון חמאת בוטנים 57 גרם,מרס נדרלנד,US,סניקרס חטיף חלבון חמ,גרמים,57.00,100 גרם,false,1,17.90,31.40,true,1,
5056357903834,false,באונטי מעושר בחלבון 52 גרם,מארס יורק אנגליה,GB,באונטי חטיף חלבון 52,גרמים,52.00,100 גרם,false,1,17.90,34.42,true,1,
5060017740011,false,"גין ברוקרס 700 מ""ל",,,"גין ברוקרס 700 מ""ל",מיליליטרים,700.00,"100 מ""ל",false,1,115.90,16.56,true,1,
5060122034487,false,"משקה באונטי 350 מ""ל",,,"משקה באונטי 350 מ""ל",גרמים,350.00,100 גרם,false,1,13.90,3.97,true,1,
5060250343765,false,ריסס עוגיות קקאו במילוי חמאת בוטנים 96 ג,,,עוגיות ריסז ראונדס ב,גרמים,96.00,100 גרם,false,1,11.90,12.40,true,1,
5060319120078,false,תה איבנינג אורגני 40 גרם הייר ליבינג,,,תה איבנינג אורגני 40,Unknown,0.00,Unknown,false,1,18.90,18.90,true,1,
5060319120153,false,תה קמומיל ונילה אורגני 30 גר הייר ליבינג,,,תה קמומיל ונילה אורג,Unknown,0.00,Unknown,false,1,18.90,18.90,true,1,
5060402906459,false,עוגיות טוויקס קרמל 144 גרם,,GB,עוגיות טוויקס קרמל 1,גרמים,144.00,100 גרם,false,1,14.60,10.14,true,1,
5060402908286,false,מארס חטיף חלבון 59 גרם,מרס נדרלנד,US,מארס חטיף חלבון 59 ג,גרמים,59.00,100 גרם,false,1,17.90,30.34,true,1,
5060517886486,false,"מונסטר משקה אנרגיה קלאסי 500 מ""ל",מונסטר אנרג'י Monster Energy,RU,מונסטר אנרגי פח 500,מיליליטרים,500.00,"100 מ""ל",false,1,7.90,1.58,true,1,
5060517886516,false,"מונסטר משקה אנרגיה 500 מ""ל פחית זירו",מונסטר אנרג'י Monster Energy,RU,מונסטר אנרגי זירו פח,מיליליטרים,500.00,"100 מ""ל",false,1,7.90,1.58,true,1,
5060639128051,false,"משקה אנרגיה מונסטר אולטרה פחית 500 מ""ל",מונסטר אנרג'י Monster Energy,RS,מונסטר ULTRA פחית 50,מיליליטרים,500.00,"100 מ""ל",false,1,7.90,1.58,true,1,
5060639129102,false,"משקה אנרגיה מונסטר מנגו פח 500 מ""ל",מונסטר אנרג'י Monster Energy,RS,Mango Loco מונסטר 50,מיליליטרים,500.00,"100 מ""ל",false,1,7.90,1.58,true,1,
5060751218173,false,"משקה אנרגיה מונסטר Pipline punch פח 500 מ""ל",מונסטר אנרג'י לימטד,IE,מונסטר פייפליין פאנצ,מיליליטרים,500.00,"100 מ""ל",false,1,7.50,1.50,true,1,
5060751219033,false,"משקה אנרגיה מונסטר ULTRA PARADISE פח 500 מ""ל",מונסטר אנרג'י לימטד,IE,מונסטר אולטרה פרדייס,מיליליטרים,500.00,"100 מ""ל",false,1,7.50,1.50,true,1,
5060805990703,false,חברים-עוגיות רייצל עוגיות רד וולוט 150ג,,,חברים-עוגיות רייצל ע,גרמים,150.00,100 גרם,false,1,22.90,15.27,true,1,
5099873038758,false,וויסקי ג'נטלמן ג'ק Gentleman Jack,ג'ק דניאלס Jack Daniel's,US,וויסקי גנטלמן גק 700,מיליליטרים,700.00,"100 מ""ל",false,1,144.90,20.70,true,1,
5200133120582,false,גליליות וופלים במילוי שוקולד מריר 150 ג,גולדן ברייק Golden break,,גליליות וופלים במילו,גרמים,150.00,100 גרם,false,1,8.50,5.67,true,1,
5201004020338,false,קפריס וופל רול ממולא קרם אגוזי לוז 400 ג',פפדופולוס,GR,גליליות וופל קפריס ר,גרמים,400.00,100 גרם,false,1,21.90,5.48,true,1,
5201940010011,false,זיתים שחורים טבעיים בפח 454 גרם,סיוארס אס.איי,GR,זיתים שחורים טבעיים,גרמים,454.00,100 גרם,false,1,21.90,4.82,true,1,
5202175001515,false,נאצ'וס בטעם מלוח 225 גרם,אל סבור מקסיקן פוד,TW,נאצ`וס בטעם מלוח 225,גרמים,225.00,100 גרם,false,1,12.50,5.56,true,1,
5202413007019,false,אוזו פלומארי כשר 700,Plomari ouzo distill,GR,"אוזו פלומארי 700 מ""ל",מיליליטרים,700.00,"100 מ""ל",false,1,79.90,11.41,true,1,
5400265037998,false,המלט - בובת סנטה 125 גר,,,המלט - בובת סנטה 125,גרמים,125.00,100 גרם,false,1,18.90,15.12,true,1,
5400265038391,false,המלט סוכריית מקל סבא בקופסה 100 גר,,,המלט סוכריית מקל סבא,גרמים,100.00,100 גרם,false,1,16.90,16.90,true,1,
5400265041360,false,"המלט-עוגיות מקרון תות,פיסטוק ושוק 75 גר",,,המלט-עוגיות מקרון תו,גרמים,75.00,100 גרם,false,1,24.90,33.20,true,1,
5410041435900,false,טוק קרקרים בתיבול פפריקה 100 גרם,,HU,טוק קרקרים בתיבול פפ,גרמים,100.00,100 גרם,false,1,7.70,7.70,true,1,
5410126006087,false,ביסקוויט לוטוס קרמל 700 גרם,לוטוס ביקרי נ.וי.,BE,ביסקוויט לוטוס קרמל,גרמים,700.00,100 גרם,false,1,33.50,4.79,true,1,
5410126106183,false,ביסקויט לוטוס קרמל 312 גר 50 יח ארוז,כלורוקס אוקלנד,BE,ביסקויט לוטוס קרמל 3,גרמים,312.00,100 גרם,false,1,19.90,6.38,true,1,
5410126116953,false,ממרח עוגיות לוטוס קרמל 400 גר,לוטוס בייקרי בלגיה נ,BE,ממרח עוגיות לוטוס קר,גרמים,400.00,100 גרם,false,1,25.90,6.48,true,1,
5410126666038,false,עוגיות לוטוס 18*2 279 גרם,לוטוס ביקרי,BE,עוגיות לוטוס 279 גרם,גרמים,279.00,100 גרם,false,1,14.60,5.23,true,1,
5410126716016,false,"ביסקוויט בטעם קרמל לוטוס בד""צ 250 ג'",לוטוס ביקרי בלגיה,BE,ביסקויט קרמל לוטוס 2,גרמים,250.00,100 גרם,false,1,12.90,5.16,true,1,
5410158510064,false,מילקה מלוקקס שישייה 100 גרם,,,מילקה מלוקקס שישייה,גרמים,100.00,100 גרם,false,1,11.90,11.90,true,1,
5410228141266,false,"בירה סטלה ארטואה 330 מ""ל",קרלסברג יבוא יצוא,IL,בירה סטלה ארטואה 330,מיליליטרים,330.00,"100 מ""ל",false,1,6.90,2.09,true,1,
5410228144755,false,"בירה סטלה ארטואה שישייה בקבוק 330 מ""ל",קרלסברג יבוא יצוא,IL,שישיית סטלה ארטואה,מיליליטרים,1980.00,"100 מ""ל",false,1,36.90,1.86,true,1,
5410228267508,false,"באדוויזר בקבוק 330 מ""ל - 5% אלכוהול","איי, בי, אינבוו",GB,בירה לאגר באדוויזר 3,מיליליטרים,330.00,"100 מ""ל",false,1,7.90,2.39,true,1,
5410358452027,false,הריבו ספקיז מרשמלו ורוד לבן פסים 175 גרם,,BE,הריבו ספקיז מרשמלו ו,גרמים,175.00,100 גרם,false,1,8.30,4.74,true,1,
5410358453024,false,הריבו מרשמלו אקזוטי 175 גרם,,BE,הריבו מרשמלו אקזוטי,גרמים,175.00,100 גרם,false,1,9.30,5.31,true,1,
5410358453116,false,הריבו- מרשמלו מיקס 175 גרם,,BE,הריבו- מרשמלו מיקס 1,גרמים,175.00,100 גרם,false,1,9.30,5.31,true,1,
5410601598038,false,רד בנד טו גו מיקס גומי פירות 200 גרם,,,רד בנד טו גו מיקס גו,גרמים,200.00,100 גרם,false,1,9.90,4.95,true,1,
5410601598045,false,רד בנד טו גו מטבעות גומי פירות 200 גרם,,,רד בנד טו גו מטבעות,גרמים,200.00,100 גרם,false,1,9.90,4.95,true,1,
5410769100081,false,"בירה לה שוף 330 מ""ל בקבוק","איי, בי, אינבוו",BE,"בירה לה שוף 330 מ""ל",מיליליטרים,330.00,"100 מ""ל",false,1,17.90,5.42,true,1,
5410769100098,false,"בקבוק לה שוף 750 מ""ל בקבוק",,,"בקבוק לה שוף 750 מ""ל",מיליליטרים,750.00,"100 מ""ל",false,1,31.90,4.25,true,1,
5410769200088,false,"בירה מק שוף 330 מ""ל בקבוק",פארייפאבה אגרואינדוס,BE,"בירה מק שוף 330 מ""ל",מיליליטרים,330.00,"100 מ""ל",false,1,17.90,5.42,true,1,
5410769800097,false,"בירה לה צרי שוף 8% 330 מ""ל בקבוק",פארייפאבה אגרואינדוס,BE,בירה לה צרי שוף 8%,מיליליטרים,330.00,"100 מ""ל",false,1,17.90,5.42,true,1,
5410976853015,false,גיליאן-שוקולד חלב שקד מקורמל 100 גר,,,גיליאן-שוקולד חלב שק,גרמים,100.00,100 גרם,false,1,16.90,16.90,true,1,
5411081000677,false,"בירה קסטיל טריפל 330 מ""ל",ואן הונסברוק,BE,בירה קסטיל טריפל 330,מיליליטרים,330.00,"100 מ""ל",false,1,12.90,3.91,true,1,
5411081003654,false,"בירה קסטיל רוז 330 מ""ל",ואן הונסברוק,BE,בירה קסטיל רוז 330 מ,מיליליטרים,330.00,"100 מ""ל",false,1,12.90,3.91,true,1,
5411081005696,false,"בירה קסטיל שוקולד (בריסטה) 330 מ""ל",,,בירה קסטיל שוקולד (ב,מיליליטרים,330.00,"100 מ""ל",false,1,12.90,3.91,true,1,
5411081009007,false,"בירה קסטיל אקסטרה 330 מ""ל",,,בירה קסטיל אקסטרה 33,מיליליטרים,330.00,"100 מ""ל",false,1,12.90,3.91,true,1,
5411188081852,false,אלפרו משקה סויה בטעם וניל 1 ל',הנסיך- מפעל לייצור ט,BE,אלפרו סויה בטעם וניל,מיליליטרים,1000.00,"100 מ""ל",false,1,17.50,1.75,true,1,
5411188112709,false,"משקה קוקוס אלפרו 1 ליטר משקה שקדים לל""ס",הנסיך- מפעל לייצור ט,BE,אלפרו משקה שקדים ללא,מיליליטרים,1000.00,"100 מ""ל",false,1,15.90,1.59,true,1,
5411188115366,false,משקה קוקוס אלפרו 1 ליטר משקה שיבולת שועל 1 ליטר,הנסיך- מפעל לייצור ט,BE,אלפרו משקה שיבולת שו,מיליליטרים,1000.00,"100 מ""ל",false,1,15.90,1.59,true,1,
5411188118732,false,אלפרו חלב משקה קוקוס שקדים 1 ל',הנסיך- מפעל לייצור ט,BE,אלפרו משקה קוקוס שקד,מיליליטרים,1000.00,"100 מ""ל",false,1,15.90,1.59,true,1,
5411188120742,false,משקה קוקוס אלפרו 1 ליטר שקדים וניל 1 ל',הנסיך- מפעל לייצור ט,BE,אלפרו משקה שקדים בטע,מיליליטרים,1000.00,"100 מ""ל",false,1,15.90,1.59,true,1,
5411188121978,false,"משקה סויה בטעם שוקולד 3 * 250 מ""ל אלפרו",אלפרו C.V.A,BE,שלישיות אלפרו סויה ש,מיליליטרים,750.00,"100 מ""ל",false,1,15.90,2.12,true,1,
5411188122661,false,אלפרו משקה שקדים לא קלויים ללא תוספת סוכר 1 ל',אלפרו Alpro,,אלפרו משקה שקדים לא,מיליליטרים,1000.00,"100 מ""ל",false,1,15.90,1.59,true,1,
5411188124689,false,משקה שיבולת שועל ללא סוכר 1ל' אלפרו,אלפרו Alpro,BE,אלפרו משקה שיבולת שו,מיליליטרים,1000.00,"100 מ""ל",false,1,15.90,1.59,true,1,
5411188124726,false,אלפרו משקה שיבולת שועל שקדים 1 ליטר,הדקלאים אגודת שיתופי,BE,אלפרו משקה שיבולת שו,מיליליטרים,1000.00,"100 מ""ל",false,1,15.90,1.59,true,1,
5411188126195,false,אלפרו משקה שקדים אורגני 1 ליטר,אלפרו Alpro,BE,אלפרו משקה שקדים,מיליליטרים,1000.00,"100 מ""ל",false,1,15.90,1.59,true,1,
5411188300328,false,אלפרו סויה בטעם שוקו 1 ליטר,הנסיך- מפעל לייצור ט,BE,אלפרו סויה בטעם שוקו,מיליליטרים,1000.00,"100 מ""ל",false,1,17.50,1.75,true,1,
5413121356829,false,שוקולד חלב 100 גר ללתס,,,שוקולד חלב 100 גר,גרמים,100.00,100 גרם,false,1,18.50,18.50,true,1,
5413121359981,false,"בלגיאן שוקולד ללת""ס חלב אגוזים 100 גר",,,"בלגיאן שוקולד ללת""ס",גרמים,100.00,100 גרם,false,1,22.90,22.90,true,1,
5413149655522,false,"אבקת כביסה שושן צחור 1.25 ק""ג אריאל",פרוקטר אנד גמבל,TR,אריאל שושן צחור 1.25,קילוגרמים,0.00,"ק""ג",false,1,23.90,23.90,true,1,
5413548040479,false,בונבוניירה רפאלו 240 גרם,קדבורי,PL,בונבוניירה רפאלו 240,גרמים,240.00,100 גרם,false,1,28.90,12.04,true,1,
5413548280189,false,קינדר שוקובון 16 יחידות,פררו,BE,קינדר שוקובון 125 גר,גרמים,125.00,100 גרם,false,1,15.90,12.72,true,1,
5601012045505,false,"יין גאזלה 750 מ""ל",,,"יין גאזלה 750 מ""ל",Unknown,0.00,Unknown,false,1,40.90,40.90,true,1,
5601083640104,false,יין סנדמאן פורט טוני 750 מל,,,יין סנדמאן פורט טוני,Unknown,0.00,Unknown,false,1,70.90,70.90,true,1,
5601083653104,false,יין סנדמאן פורט פאונדרס רזרב 750 מל,,,סנדמאן פורט פאונדרס,Unknown,0.00,Unknown,false,1,78.90,78.90,true,1,
5601996355485,false,"יין פורטה 6 לבן 750 מ""ל",,PT,יין פורטה 6 לבן 750,Unknown,0.00,Unknown,false,1,49.90,49.90,true,1,
5601996547897,false,"יין פורטה 6 אדום 750 מ""ל",,PT,יין פורטה 6 אדום 750,Unknown,0.00,Unknown,false,1,49.90,49.90,true,1,
5601996669872,false,"יין פורטה 6 וינו ורדה 750 מ""ל",,PT,יין פורטה 6 וינו ורד,Unknown,0.00,Unknown,false,1,49.90,49.90,true,1,
5694230223312,false,כבד דג במיץ טבעי 121 גר BRIVAIS VILNIS,,IS,כבד דג במיץ טבעי 121,גרמים,121.00,100 גרם,false,1,10.90,9.01,true,1,
5701932026971,false,פופקורן להכנה במיקרוגל בטעם חמאה 6 שקיות,ליימן מותגים,US,הוטפופ חמאה 600 גרם,גרמים,600.00,100 גרם,false,1,16.90,2.82,true,1,
5711953106583,false,גבינת שמנת בטעם טבעי 200 גרם ארלה,ארלה פודס אמבה,DK,גבינת שמנת טבעי ארלה,גרמים,200.00,100 גרם,false,1,17.90,8.95,true,1,
5740900403215,false,ממרח מחמאת לורפק עם מלח 250 ג',לורפאק Lurpak,DK,ממרח לורפק עם מלח 25,גרמים,250.00,100 גרם,false,1,17.90,7.16,true,1,
5740900403222,false,ממרח לורפק חמאה עם מלח מופחת שומן 250 ג,לורפאק Lurpak,DK,ממרח לורפק עם מלח מו,גרמים,250.00,100 גרם,false,1,19.90,7.96,true,1,
5740900403239,false,ממרח מחמאת לורפק ללא מלח 250 ג',לורפאק Lurpak,DK,ממרח לורפק ללא מלח 2,גרמים,250.00,100 גרם,false,1,19.90,7.96,true,1,
5740900403260,false,ממרח מחמאת לורפק ללא מלח 27% פחות שומן,ארלה פודס אמבה,DK,ממרח לורפק ללא מלח מ,גרמים,250.00,100 גרם,false,1,19.90,7.96,true,1,
5774540984452,false,אנטון ברג-מרציפן דובדבן ברום 220 גר,,,אנטון ברג-מרציפן דוב,גרמים,220.00,100 גרם,false,1,43.90,19.95,true,1,
5900020018908,false,חטיף פיטנס דגנים עם עוגיות ופצפוצי שוקולד לבן,מיוצר עי קונדיטוריית,PL,פיטנס חטיף דגנים קרם,גרמים,141.00,100 גרם,false,1,18.90,13.40,true,1,
5900020024817,false,פיטנס דליס Fitness Delice חטיף דגנים עם שוקולד לבן,סי.פי.פולין,PL,פיטנס בר דליס שוקולד,גרמים,135.00,100 גרם,false,1,18.90,14.00,true,1,
5900020026552,false,דגני בוקר האני נאט צ'יריוס בטעם דבש ושקדים,נסטלה צרפת איטנקורט,FR,האני נאט ציריוס מלחמ,גרמים,625.00,100 גרם,false,1,27.90,4.46,true,1,
5900020033314,false,חטיף דגני בוקר Lion בטעם קרמל ושוקולד על קרם חלב,נסטלה פולין דגני בוק,PL,ליון חטיף דגנים 150,גרמים,150.00,100 גרם,false,1,17.90,11.93,true,1,
5900020034991,false,דגני בוקר צדפים בטעם שוקולד 450 ג' קראנץ',סי. פי. פולין,IL,קראנץ צדפים בטעם שוק,גרמים,450.00,100 גרם,false,1,27.90,6.20,true,1,
5900020037916,false,דגני בוקר שיבולת שועל צ'ריוס 375ג',ג'נרל מילס סאן אדריא,US,צריוס שיבולת שועל 37,גרמים,375.00,100 גרם,false,1,20.90,5.57,true,1,
5900020039620,false,פיטנס חטיף דגנים שקדים ודבש פרווה 8 6*23 ג,סי.פי.פולין,PL,פיטנס חטיף דגנים שקד,גרמים,140.00,100 גרם,false,1,18.90,13.50,true,1,
5900020041371,false,מארז חטיף פיטנס שוקולד מריר 23.5X6 גרם,נסטלה פולין ברים,PL,פיטנס חטיף שוקולד מר,גרמים,141.00,100 גרם,false,1,18.90,13.40,true,1,
5900951291593,false,אם אנד אם קרמל מלוח 70 גרם,,,אם אנד אם קרמל מלוח,גרמים,175.00,100 גרם,false,1,10.90,6.23,true,1,
5900951293610,false,אם אנד אם בראוניז 70 גרם,,,אם אנד אם בראוניז 70,גרמים,175.00,100 גרם,false,1,10.90,6.23,true,1,
5901008000991,false,שימורי עגבניות כבושות 660 גר POLAN,,,שימורי עגבניות כבושו,גרמים,660.00,100 גרם,false,1,12.50,1.89,true,1,
5901008990100,false,פרוסות מלפפון ופלפל 850 גר POLAN,,PL,פרוסות מלפפון ופלפל,גרמים,850.00,100 גרם,false,1,14.90,1.75,true,1,
5901008990155,false,עגבניות ירוקות-פלפל 840 גר Polan,,PL,עגבניות ירוקות פלפל,גרמים,840.00,100 גרם,false,1,13.90,1.65,true,1,
5901008990407,false,שימורי מלפפונים מוחמצים 860 גר POLAN,,,שימורי מלפפונים מוחמ,גרמים,860.00,100 גרם,false,1,20.90,2.43,true,1,
5901008990421,false,שימורי עגבניות שרי כבושות 880 גר POLAN,,PL,שימורי עגבניות שרי כ,גרמים,880.00,100 גרם,false,1,20.90,2.38,true,1,
5901008990452,false,כרוב כבוש 900 גר POLAN,,,כרוב כבוש 900 גר POL,גרמים,900.00,100 גרם,false,1,17.90,1.99,true,1,
5901414200411,false,ביסקוויט מיניס ממולא שוקולד היט 130 גר,בלזן פולסקה,PL,ביסקוויט מיניס ממולא,גרמים,130.00,100 גרם,false,1,9.40,7.23,true,1,
5902198160403,false,"משקה אנרגיה XL TEN פחית לל""ס 250מ""ל","טמפו משקאות בע""מ",IL,XL TEN משקה אנרגיה,מיליליטרים,250.00,"100 מ""ל",false,1,4.90,1.96,true,1,
5906485301012,false,"משקה אנרגיה XL פחית 250 מ""ל","טמפו משקאות בע""מ",IL,משקה אנרגיה XL פחית,מיליליטרים,250.00,"100 מ""ל",false,1,4.90,1.96,true,1,
5941021002190,false,טבלת שוקולד לבן אגוז היידי גראנדור 100 ג',,,טבלת היידי גראנדור ל,גרמים,100.00,100 גרם,false,1,11.00,11.00,true,1,
5941021005023,false,היידי-בוקה אגוז 120 גר,,,היידי-בוקה אגוז 120,גרמים,120.00,100 גרם,false,1,19.90,16.58,true,1,
5941021007577,false,טבלת שוקולד פיסטוק היידי גראנדור 80 ג',היידי שוקולד,,טבלת היידי גראנדור פ,Unknown,0.00,Unknown,false,1,9.90,9.90,true,1,
5941021008673,false,טבלת שוקולד לבן שקד פיסטוק היידי גראנדור 100 ג',היידי שוקולד,,טבלת היידי גראנדור ל,גרמים,100.00,100 גרם,false,1,11.00,11.00,true,1,
5941021022303,false,טבלת שוקולד היידי מריר עם דובדבן 80 גר,,RO,טבלת שוקולד היידי מר,גרמים,80.00,100 גרם,false,1,9.90,12.38,true,1,
5998711388928,false,טוק קרקרים עם גבינה 100 גרם,,HU,טוק קרקרים עם גבינה,גרמים,100.00,100 גרם,false,1,7.70,7.70,true,1,
6001067017332,false,קולגייט מברשת שיניים מדיום 360 אופטיק ווייט,,,קולגייט מברשת שיניים,Unknown,0.00,Unknown,false,1,20.90,20.90,true,1,
6001495062591,false,"ליקר אמרולה 750 מ""ל",,,ליקר אמרולה,מיליליטרים,750.00,"100 מ""ל",false,1,93.90,12.52,true,1,
6008165003984,false,סיגריות פאל מאל כחול סטרים פילט בודד,אמריקן גרדן,,פאל מאל כחול סטרים פ,יחידה,1.00,יחידה,false,1,30.00,30.00,true,1,
6008165271192,false,פאל מאל אדום ארוך האוס חפיסה,אמריקן גרדן,,פאל מאל אדום ארוך הא,Unknown,0.00,Unknown,false,1,30.00,30.00,true,1,
6008165274629,false,פאל מאל כחול ארוך סטרים פילטר חפיסה,יושלם,,פאל מאל כחול ארוך סט,Unknown,0.00,Unknown,false,1,30.00,30.00,true,1,
6009678813985,false,קייפ פודס מטחנת מלח הימלאיה ורוד 390 גרם,,ZA,קייפ פודס מטחנת מלח,גרמים,390.00,100 גרם,false,1,19.80,5.08,true,1,
6297000361154,false,סילאן תמרים אורגני 470 גרם,,,סילאן תמרים אורגני 4,גרמים,470.00,100 גרם,false,1,14.90,3.17,true,1,
6912977000140,false,אטריות שעועית 250 גר' ( Yantai)ללא גלוטן,יאנטאי ינסידה לנוגקא,CN,אטריות שעועית דקות 2,גרמים,250.00,100 גרם,false,1,9.90,3.96,true,1,
6921052701001,false,אצות ווקאמה מיובשות,ננטונג הידה אקוטיק פ,CN,אצות ווקאמה 40 גרם,גרמים,40.00,100 גרם,false,1,10.50,26.25,true,1,
6922202121052,false,סט מיני כדורים,,,סט מיני כדורים,Unknown,0.00,Unknown,false,1,15.00,15.00,true,1,
6933960500089,false,קנפיו 100 גרם-רצועות דלעת לסושי,qingdao sun growing,CN,קנפיו 100 גרם-רצועות,גרמים,100.00,100 גרם,false,1,13.50,13.50,true,1,
6934731210138,false,אטריות טריות עבות 200 גרם,יאנטאי ינסידה לנוגקא,CN,אטריות טריות עבות 20,גרמים,200.00,100 גרם,false,1,8.30,4.15,true,1,
6936745600783,false,"חומץ אורז 500 מ""ל (דאניינג)",דאנינג יוה פודס קו,CN,חומץ אורז מיצוקאן 50,מיליליטרים,500.00,"100 מ""ל",false,1,17.90,3.58,true,1,
6942971509844,false,"סוויט בוקס צעצוע ו דובוני גלי ""זומבי""",,CN,סוויט בוקס צעצוע ו ד,Unknown,0.00,Unknown,false,1,12.90,12.90,true,1,
7271730901261,false,ווקי מאק ארוחת אטריות עם גבינה 156 גרם,ניו וורלד פסטה קומפנ,US,פסטה עם גבינה הכנה מ,גרמים,156.00,100 גרם,false,1,12.90,8.27,true,1,
7290000000374,false,"פטריות שמפיניון בד""ץ (רביבים)",מרינה פטריות,IL,פטריות,Unknown,0.00,Unknown,false,1,12.90,12.90,true,1,
7290000000603,false,תמרים מגהול כחול 5 ק,,,בצל ירוק,Unknown,0.00,Unknown,false,1,5.90,5.90,true,1,
7290000000632,false,שום,,,שום ברשת,Unknown,0.00,Unknown,false,1,12.90,12.90,true,1,
7290000000664,false,תות שדה,,,תות שדה,Unknown,0.00,Unknown,false,0,16.90,16.90,true,1,
7290000001104,false,פטריות חורש מיני ארוז 200 ג',מרינה פטריות,IL,פטריות פרטובלה,Unknown,0.00,Unknown,false,1,11.90,11.90,true,1,
7290000040042,false,יוגורט תות %3 גביע 150 ג' יופלה,תנובה בעמ,IL,יופלה תות 3% 150 גרם,גרמים,150.00,100 גרם,false,1,5.70,3.80,true,1,
7290000040066,false,יוגורט דובדבן 3% שומן 150 ג' יופלה,תנובה מרכז שיתופי לש,IL,יופלה דובדבן 3% 150,גרמים,150.00,100 גרם,false,1,5.70,3.80,true,1,
7290000040080,false,יוגורט אפרסק 3% שומן 150 ג' יופלה,תנובה בעמ,IL,יופלה אפרסק 3% 150 ג,גרמים,150.00,100 גרם,false,1,5.70,3.80,true,1,
7290000040301,false,"גבינת קולאז קממבר עין גדי 24%, 125 ג'",תנובה מרכז שיתופי לש,IL,קולאז קממבר עין גדי,גרמים,125.00,100 גרם,false,1,23.90,19.12,true,1,
7290000040318,false,גבינת ברי 24% קולאז עדי תנובה 125 ג',תנובה מרכז שיתופי לש,IL,קולאז ברי בחפיסה 125,גרמים,125.00,100 גרם,false,1,22.90,18.32,true,1,
7290000040974,false,חלב תנובה קרטון דל לקטוז 2% 1ל,תנובה מרכז שיתופי לש,IL,חלב טרי דל לקטוז 1 ל,מיליליטרים,1000.00,"100 מ""ל",false,1,7.20,0.72,true,1,
7290000041858,false,"שמנת חמוצה 15% יטבתה 200 מ""ל מהדרין",שטראוס גרופ,IL,שמנת חמוצה 15% 200 מ,מיליליטרים,200.00,"100 מ""ל",false,1,2.90,1.45,true,1,
7290000042435,false,חלב דל שומן בקרטון+פקק 1 ליטר 1%,תנובה מרכז שיתופי לש,IL,חלב דל שומן בקרטון,מיליליטרים,1000.00,"100 מ""ל",false,1,5.86,0.59,true,1,
7290000042640,false,"חלב תנובה עמיד 3% קרטון 250 מ""ל",תנובה מרכז שיתופי לש,IL,"חלב עמיד 3% 250 מ""ל",מיליליטרים,250.00,"100 מ""ל",false,1,3.20,1.28,true,1,
7290000042855,false,יוטבתה שוקו שקית 225מל,שטראוס גרופ,IL,"שוקו שקית 225 מ""ל",מיליליטרים,225.00,"100 מ""ל",false,1,2.70,1.20,true,1,
7290000043814,false,"שמנת מתוקה להקצפה 38% 250 מ""ל תנובה",תנובה מרכז שיתופי לש,IL,שמנת עמידה להקצפה 38,גרמים,250.00,100 גרם,false,1,6.47,2.59,true,1,
7290000043890,false,רוויון קרטון 1 ליטר %1.5,תנובה מרכז שיתופי לש,IL,רויון 1.5% 1 ליטר,מיליליטרים,1000.00,"100 מ""ל",false,1,12.60,1.26,true,1,
7290000043944,false,כד יוגורט תנובה 4% שומן 1.5 ליטר,מיוצר עי קונדיטוריית,IL,יוגורט 4% 1.5 ליטר,ליטרים,0.00,ליטר,false,1,18.90,18.90,true,1,
7290000044248,false,"רויון קרטון 1.5% שומן 500 מ""ל תנובה",תנובה,IL,"שלי רוויון 500 מ""ל",גרמים,500.00,100 גרם,false,1,7.50,1.50,true,1,
7290000044712,false,יוגורט עם תות 1.5% שומן 500 ג' פרילי,מיוצר עי קונדיטוריית,IL,פרילי תות 500 גרם,גרמים,500.00,100 גרם,false,1,12.90,2.58,true,1,
7290000045573,false,גבינת מותכת משולשים 25% שומן 200 ג' נעמה,תנובה,IL,גבינה מותכת נעמה 200,גרמים,200.00,100 גרם,false,1,17.90,8.95,true,1,
7290000045917,false,תנובה גבינת פרומעז 23% גלילית 200ג,תנובה,IL,קולאז עיזים פרומעז ג,גרמים,200.00,100 גרם,false,1,28.90,14.45,true,1,
7290000046327,false,"גבינת גלבוע פרוס 22%, 200 ג' תנובה",תנובה מרכז שיתופי לש,IL,גבינת גלבוע פרוס 200,גרמים,200.00,100 גרם,false,1,14.90,7.45,true,1,
7290000047621,false,גבינה לבנה רכה 5% תנובה 250ג' מהדרין,תנובה מרכז שיתופי לש,IL,גבינה למריחה 5% מהדר,גרמים,250.00,100 גרם,false,1,4.98,1.99,true,1,
7290000048185,false,גבינה לבנה 5% שומן 250 ג' תנובה,מיוצר עי קונדיטוריית,IL,גבינה לבנה 5% 250 גר,גרמים,250.00,100 גרם,false,1,4.98,1.99,true,1,
7290000048192,false,גבינה לבנה 9% שומן 250 ג' תנובה,מחלבת אלון תבור,IL,גבינה למריחה 9% 250,גרמים,250.00,100 גרם,false,1,4.98,1.99,true,1,
7290000048307,false,גבינת קוטג 5% עם זיתים 250ירוקים גרם,מיוצר עי קונדיטוריית,IL,גבינת קוטג 5%,גרמים,250.00,100 גרם,false,1,6.20,2.48,true,1,
7290000048437,false,גבינה צפתית 5% 200 ג' פיראוס,פארייפאבה אגרואינדוס,IL,צפתית פיראוס 5% 200,גרמים,200.00,100 גרם,false,1,16.50,8.25,true,1,
7290000050447,false,יוגורט תות 500 ג' יופלה,מיוצר עי קונדיטוריית,IL,יופלה תות 3% 500גר,גרמים,500.00,100 גרם,false,1,15.10,3.02,true,1,
7290000050454,false,יוגורט אפרסק 500 ג' יופלה,מיוצר עי קונדיטוריית,IL,יופלה אפרסק 3% 500 ג,גרמים,500.00,100 גרם,false,1,15.10,3.02,true,1,
7290000051352,false,חלב מלא בטעם של פעם 3.4% תנובה קרטון 1 ל',תנובה מרכז שיתופי לש,IL,חלב של פעם 3.5% 1 ל,מיליליטרים,1000.00,"100 מ""ל",false,1,8.50,0.85,true,1,
7290000051376,false,יופלה דיאט אננס ספורטיבי 0% 150גר,תנובה מרכז שיתופי לש,IL,יופלה דיאט אננס ספור,גרמים,150.00,100 גרם,false,1,5.70,3.80,true,1,
7290000052311,false,עמק פרוס בקופסא 200 גר 15% שומן,תנובה מרכז שיתופי לש,IL,עמק פרוס בקופסא 200,גרמים,200.00,100 גרם,false,1,17.90,8.95,true,1,
7290000052717,false,קוטג' 5%עם שום שמיר 250 ג' תנובה,מיוצר עי קונדיטוריית,IL,קוטג 5% עם שום שמיר,גרמים,250.00,100 גרם,false,1,6.70,2.68,true,1,
7290000055015,false,גבינת פיראוס פטה כבשים 5% 250 ג' פיראוס,תנובה מרכז שיתופי לש,IL,פיראוס פטה כבשים 5%,גרמים,250.00,100 גרם,false,1,30.90,12.36,true,1,
7290000055329,false,משקה יוגורט יופלה בטעם תות-מלון 250 גר,תנובה מרכז שיתופי לש,IL,משקה יוגורט יופלה בט,גרמים,250.00,100 גרם,false,1,6.50,2.60,true,1,
7290000055336,false,משקה יוגורט יופלה בטעם בננה אפרסק 250 גר,תנובה מרכז שיתופי לש,IL,משקה יוגורט יופלה בט,גרמים,250.00,100 גרם,false,1,6.50,2.60,true,1,
7290000055343,false,משקה יוגורט יופלה בטעם טרופי 250 גר,תנובה מרכז שיתופי לש,IL,משקה יוגורט יופלה בט,גרמים,250.00,100 גרם,false,1,6.50,2.60,true,1,
7290000055350,false,גבינה צהובה חריץ עמק 28% במשקל,תנובה מרכז שיתופי לש,IL,גבינה צהובה עמק 28%,Unknown,0.00,"ק""ג",true,0,44.79,44.79,true,1,
7290000056845,false,חלב טרי 3% הומוגני קרטון 1.5 ל' תנובה,פארייפאבה אגרואינדוס,IL,חלב קרטון 3% תנובה,ליטרים,0.00,ליטר,false,1,9.34,9.34,true,1,
7290000056951,false,שמנת לבישול 15% 500 מל עמיד השף הלבן,תנובה מרכז שיתופי לש,IL,שמנת 15% באריזה עם פ,מיליליטרים,500.00,"100 מ""ל",false,1,19.50,3.90,true,1,
7290000057088,false,עמק פרוס דק דק 200 גרם 28%,תנובה מרכז שיתופי לש,IL,עמק דק 200 גרם,גרמים,200.00,100 גרם,false,1,17.90,8.95,true,1,
7290000057118,false,עמק סמי מעדנייה כשרות מהדרין,תנובה מרכז שיתופי לש,IL,גבינה סמי 28% 400 גר,גרמים,400.00,100 גרם,false,1,23.90,5.98,true,1,
7290000057132,false,יוגורט תנובה טבעי 1.5% גביע 200 גרם,מחלבת אלון תבור,IL,יוגורט 1.5% 200 גרם,גרמים,200.00,100 גרם,false,1,3.30,1.65,true,1,
7290000057149,false,יוגורט תנובה טבעי 3% גביע 200 גרם,מיוצר עי קונדיטוריית,IL,יוגורט תנובה 3% 200,גרמים,200.00,100 גרם,false,1,3.30,1.65,true,1,
7290000058030,false,"יופלה שטוזים משקה יוגורט תות 8 יח' * 100 מ""ל",מיוצר עי קונדיטוריית,IL,משקה יופלה שטוזים,מיליליטרים,800.00,"100 מ""ל",false,1,22.90,2.86,true,1,
7290000058047,false,**שף לבן שמנת מתוקה מהדרין 38% פקק 500מ,תנובה מרכז שיתופי לש,IL,שמנת 38% עם פקק 500,מיליליטרים,500.00,"100 מ""ל",false,1,12.94,2.59,true,1,
7290000058580,false,קוקילידה וניל ועוגיות שוקולד נסטלה 83ג',נגה גלידות (גלידות נ,IL,קוקילידה וניל,Unknown,0.00,Unknown,false,1,10.00,10.00,true,1,
7290000060071,false,אוסם - חטיפי פריכונים מאורז מלא קלוי 80גר,"מיוצר ע""י PT, משווק",IL,פריכונים טבעי 80 גר,גרמים,80.00,100 גרם,false,1,8.50,10.63,true,1,
7290000060088,false,בייגלה אסם מקלות מלוחים 400 גרם,מיוצר עי קונדיטוריית,IL,בייגלה מקלות מלוחים,גרמים,400.00,100 גרם,false,1,13.90,3.48,true,1,
7290000060163,false,פסטה אסם אטריות דקות 400גר,"אסם השקעות בע""מ",IL,אטריות דקות 400 גרם,גרמים,400.00,100 גרם,false,1,8.50,2.13,true,1,
7290000060200,false,פסטה אסם פתיתים אפויים קוסקוס 500גר,"אסם השקעות בע""מ",IL,פתיתים אפויים קוסקוס,גרמים,500.00,100 גרם,false,1,7.90,1.58,true,1,
7290000060217,false,פסטה אסם מקרוני 7 500 גר,פסטה זארה,IT,פסטה מקרוני מס 7 500,גרמים,500.00,100 גרם,false,1,6.90,1.38,true,1,
7290000060330,false,פרפקטו פרפקטו ספיראלי גירף 500 גר,פסטה זארה,IL,פסטה פרפקטו ספירלי 5,גרמים,500.00,100 גרם,false,1,8.30,1.66,true,1,
7290000061764,false,נסקפה רד מאג טעם חדש 200ג',נסטלה ספרד קפה,ES,נס קפה רד מאג 200 גר,גרמים,200.00,100 גרם,false,1,24.90,12.45,true,1,
7290000063140,false,שקדי מרק רכיבים טבעיים בשקית 400 ג' אסם,"אסם השקעות בע""מ",IL,שקדי מרק 400 גרם -שק,גרמים,400.00,100 גרם,false,1,12.90,3.23,true,1,
7290000063157,false,"קמח עוגה תופח מאליו 1 ק""ג","אסם השקעות בע""מ",IL,קמח עוגה תופח מאליו,גרמים,1000.00,100 גרם,false,1,10.90,1.09,true,1,
7290000065328,false,חלה מתוקה שאשא,,,חלה מתוקה שאשא,Unknown,0.00,Unknown,false,1,17.90,17.90,true,1,
7290000065557,false,אוסם - מנה חמה קוסקוס עם ירקות 84 גרם,"אסם תעשיות מזון בע""מ",IL,מנה חמה קוסקוס עם יר,גרמים,62.00,100 גרם,false,1,8.80,14.19,true,1,
7290000065977,false,חטיפי פריכונים תירס שומשום 80 ג' אוסם,"מיוצר ע""י פרח, משווק",IL,אסם חטיפי פריכונים ת,גרמים,80.00,100 גרם,false,1,8.50,10.63,true,1,
7290000066141,false,ביסלי בטעם גריל 70 גרם,"אסם השקעות בע""מ",IL,ביסלי בטעם גריל 70 ג,גרמים,70.00,100 גרם,false,1,4.70,6.71,true,1,
7290000066196,false,ביסלי גדול בטעם גריל 200 ג' אסם,מיוצר עי קונדיטוריית,IL,ביסלי בטעם גריל 200,גרמים,200.00,100 גרם,false,1,8.90,4.45,true,1,
7290000066264,false,אוסם - חטיף דובונים 40 גרם,"אסם השקעות בע""מ",IL,"דובונים חטיף תפו""א 4",גרמים,40.00,100 גרם,false,1,4.90,12.25,true,1,
7290000066295,false,אסם במבה תות מחומרים טבעיים 30גר,מיוצר עי קונדיטוריית,IL,במבה תות מחומרים טבע,גרמים,30.00,100 גרם,false,1,3.40,11.33,true,1,
7290000066318,false,במבה קלאסי 40*80גרם,"אסם השקעות בע""מ",IL,במבה 80 גרם,גרמים,80.00,100 גרם,false,1,4.90,6.13,true,1,
7290000066332,false,אפרופו חטיף אסם 50ג',מיוצר עי קונדיטוריית,IL,חטיף אפרופו 50 גרם,גרמים,50.00,100 גרם,false,1,5.90,11.80,true,1,
7290000066431,false,פופקו חטיף תירס בטעם חמאה ודבש 80 גרם,מיוצר עי קונדיטוריית,IL,פופקו חטיף תירס בטעם,גרמים,80.00,100 גרם,false,1,5.50,6.88,true,1,
7290000067544,false,פירורית זהב שקית 200גר,עינת תעשיות מזון אגו,IL,פירורית זהב 200 גרם,גרמים,200.00,100 גרם,false,1,7.50,3.75,true,1,
7290000067599,false,אוסם - מנה חמה ספגטי רוטב בולנז 65 גרם,"אסם השקעות בע""מ",IL,מנה חמה ספגטי בולונז,גרמים,65.00,100 גרם,false,1,8.80,13.54,true,1,
7290000068138,false,אסם פודינג אינסטנט וניל 80 גרם,מיוצר עי קונדיטוריית,IL,פודינג אינסטנט בטעם,גרמים,80.00,100 גרם,false,1,5.90,7.38,true,1,
7290000068343,false,אוסם - פירכונים מאורז מלא 140 גרם,"מיוצר ע""י PT, משווק",IL,פריכונים מאורז מלא 1,גרמים,140.00,100 גרם,false,1,8.90,6.36,true,1,
7290000068770,false,במבה יום הולדת 80 גרם,"אסם השקעות בע""מ",IL,במבה יום הולדת 80 גר,גרמים,80.00,100 גרם,false,1,4.90,6.13,true,1,
7290000069364,false,פריכונים עגולים אורז דל נתרן אסם 140 גרם,"מיוצר ע""י PT, משווק",IL,פריכונים מאורז מלא ל,גרמים,140.00,100 גרם,false,1,8.90,6.36,true,1,
7290000070308,false,אבקת מרק עוף אמיתי במיכל 400 גרם,"אסם השקעות בע""מ",IL,אבקת מרק עוף אמיתי,גרמים,400.00,100 גרם,false,1,23.90,5.98,true,1,
7290000072623,false,קטשופ אסם בקבוק לחיץ 750 גרם,"אסם השקעות בע""מ",IL,קטשופ אסם בקבוק לחיץ,גרמים,750.00,100 גרם,false,1,12.90,1.72,true,1,
7290000072753,false,קפה טייסטר צ'ויס קפה מגורען 200ג',נסטלה קוריאה - קפה,IL,נסקפה טייסטרס צויס,גרמים,200.00,100 גרם,false,1,32.90,16.45,true,1,
7290000072760,false,נסקפה טייסטרס צויס 100 גר אוריגנל,נסטלה,KR,נסקפה טייסטרס צויס,גרמים,100.00,100 גרם,false,1,28.20,28.20,true,1,
7290000072777,false,קפה טייסטר צ'ויס מגור' נ.קפאין 200ג',לוטה נסטלה קוריאה,IL,נסקפה טייסטרס צויס,גרמים,200.00,100 גרם,false,1,39.90,19.95,true,1,
7290000073125,false,אוסם - מנה חמה פסטה עם עגבניות 62 גרם,"אסם השקעות בע""מ",IL,מנה חמה פסטה עם עגבנ,גרמים,62.00,100 גרם,false,1,8.80,14.19,true,1,
7290000073750,false,מנה חמה נודלס אטר+ירקות טעם עוף 70 גרם,טאי רזידנט,TH,מנה חמה נודלס אטר+יר,גרמים,70.00,100 גרם,false,1,7.50,10.71,true,1,
7290000074153,false,ביסקוויט פתיבר שוקו,מיוצר עי קונדיטוריית,IL,פתי בר שוקו 500 גרם,גרמים,500.00,100 גרם,false,1,14.90,2.98,true,1,
7290000074184,false,אוסם - פתי בר בינוני 500 גרם,"אסם השקעות בע""מ",IL,פתי בר וניל 500 גרם,גרמים,500.00,100 גרם,false,1,12.50,2.50,true,1,
7290000074245,false,אוסם - קרם קרקר אסם 250 גרם,"אסם השקעות בע""מ",IL,קרם קרקר 250 גרם,גרמים,250.00,100 גרם,false,1,11.90,4.76,true,1,
7290000074252,false,קרקר אסם שומשום 250 גרם,"אסם השקעות בע""מ",IL,קרקר שומשום 250 גרם,גרמים,250.00,100 גרם,false,1,11.90,4.76,true,1,
7290000074276,false,קרקר פיקנטי טבעון 250 ג' אסם,"אסם השקעות בע""מ",IL,קרקר קלאסי 250 גרם א,גרמים,250.00,100 גרם,false,1,11.90,4.76,true,1,
7290000074375,false,אוסם - קרקר זהב 150 גרם,"אסם השקעות בע""מ",IL,קרקר זהב 150 גרם,גרמים,150.00,100 גרם,false,1,8.50,5.67,true,1,
7290000074481,false,לחמית אגוזים אסם 160 ג',"אסם השקעות בע""מ",IL,לחמית כפרית 190 גרם,גרמים,160.00,100 גרם,false,1,11.90,7.44,true,1,
7290000075204,false,אוסם - לחמית חיטה מלאה 250 גרם,"אסם השקעות בע""מ",IL,לחמית חיטה מלאה 250,גרמים,250.00,100 גרם,false,1,11.00,4.40,true,1,
7290000076126,false,אוסם - בייגלה שמיניות קטנות 80 גרם,"אסם השקעות בע""מ",IL,בייגלה שמיניות קטנות,גרמים,80.00,100 גרם,false,1,3.90,4.88,true,1,
7290000076645,false,אוסם - טוסטעים חיטה מלאה 100 גרם,ון דר מולן האלום,NL,טוסטעים חיטה מלאה 10,גרמים,100.00,100 גרם,false,1,11.90,11.90,true,1,
7290000077017,false,עוגיות קרמוגית וקרם שוקולד אסם 200 גרם,מיוצר עי קונדיטוריית,IL,עוגיות קרמוגית במילו,גרמים,200.00,100 גרם,false,1,13.90,6.95,true,1,
7290000077253,false,אוסם - לחמית כפרית עם דגנים מלאים 190 גרם,"אסם השקעות בע""מ",IL,לחמית כפרית 190 גרם,גרמים,190.00,100 גרם,false,1,11.90,6.26,true,1,
7290000078762,false,אוסם - חטיפי פריכונים מאורז מלא בטעם דבש 80גר,סנורייס בלגיום אן. ו,BE,פריכונים מאורז מלא ב,גרמים,80.00,100 גרם,false,1,8.50,10.63,true,1,
7290000079233,false,קרם קרקר דיאטטי דל נתרן 250 גרם,אסם תעשיות,IL,קרם קרקר דיאטטי דל נ,גרמים,250.00,100 גרם,false,1,13.50,5.40,true,1,
7290000080765,false,טוסטעים פת קלויה עם שומשום 100 ג' אוסם,ון דר מולן האלום,NL,טוסטעים פת קלויה שומ,גרמים,100.00,100 גרם,false,1,11.90,11.90,true,1,
7290000081663,false,בייגלה אסם טבעות שומשום 300 גרם,מיוצר עי קונדיטוריית,IL,בייגלה טבעות עם שומש,גרמים,300.00,100 גרם,false,1,13.90,4.63,true,1,
7290000085180,false,גטניו פתי בר וניל 470 גרם,"אחים גטניו בע""מ",,פתי בר וניל 470 גר,גרמים,470.00,100 גרם,false,1,11.00,2.34,true,1,
7290000100128,false,פירות קפואים תות סנפרוסט 300 ג',"סנפרוסט בע""מ",IL,תות קפוא סנפרוסט 300,גרמים,300.00,100 גרם,false,1,19.90,6.63,true,1,
7290000100135,false,פירות קפואים סנפרוסט דובדבן 300 גר,"סנפרוסט בע""מ",IL,פירות קפואים דובדבן,גרמים,300.00,100 גרם,false,1,20.90,6.97,true,1,
7290000101927,false,אוכמניות כחולות מוקפאות סנפרוסט 300 גרם,"איי, בי, אינבוו",IL,אוכמניות כחולות מוקפ,גרמים,300.00,100 גרם,false,1,19.90,6.63,true,1,
7290000101934,false,מיקס פירות יער מוקפאות 300 ג' סנפרוסט,"סנפרוסט בע""מ",IL,מיקס פירות יער מוקפא,גרמים,300.00,100 גרם,false,1,19.90,6.63,true,1,
7290000101941,false,אננס חתוך מוקפא סנפרוסט 300ג',"סנפרוסט בע""מ",IL,אננס מוקפא סנפרוסט,גרמים,300.00,100 גרם,false,1,19.90,6.63,true,1,
7290000103815,false,סנפרוסט לקט להקפצה תאילנדי 800 גר,"סנפרוסט בע""מ",IL,לקט להקפצה בסגנון תא,גרמים,800.00,100 גרם,false,1,27.20,3.40,true,1,
7290000104676,false,אפונה קפואה סנפרוסט 800 גרם,"איי, בי, אינבוו",IL,אפונת גינה 800 גרם,גרמים,800.00,100 גרם,false,1,19.90,2.49,true,1,
7290000104683,false,שעועית ירוקה שלמה 800 גר סנפרוסט,"סנפרוסט בע""מ",IL,שעועית ירוקה שלמה,גרמים,800.00,100 גרם,false,1,22.90,2.86,true,1,
7290000104690,false,תירס גרעינים 800 גרם סנפרוסט,"איי, בי, אינבוו",IL,תירס גרעינים 800 גרם,גרמים,800.00,100 גרם,false,1,19.90,2.49,true,1,
7290000104836,false,שעועית עדינה שלמה 600 גר סנפרוסט,"סנפרוסט בע""מ",IL,שעועית עדינה שלמה 60,גרמים,600.00,100 גרם,false,1,25.90,4.32,true,1,
7290000106526,false,ירקות מעורבים מוקפאים חגיגה ירוקה להקפצה,"איי, בי, אינבוו",IL,חגיגה ירוקה להקפצה ס,גרמים,800.00,100 גרם,false,1,27.90,3.49,true,1,
7290000107165,false,פולי סויה אדממה סנפרוסט 400 ג',"איי, בי, אינבוו",IL,חטיף סויה סנפרוסט,גרמים,400.00,100 גרם,false,1,14.90,3.73,true,1,
7290000107295,false,תפרחות ברוקולי סנפרוסט 800 ג',"איי, בי, אינבוו",IL,ברוקולי 800 גרם סנפר,גרמים,800.00,100 גרם,false,1,28.90,3.61,true,1,
7290000110851,false,"כיפלי בצל בד""צ תלמה 70 ג'",אתר שפע - Food,IL,"כפלי בצל בד""צ 70 גרם",גרמים,70.00,100 גרם,false,1,6.90,9.86,true,1,
7290000111000,false,שתיה קרה בודד,,,שתיה קרה בודד,Unknown,0.00,Unknown,false,1,1.00,1.00,true,1,
7290000111063,false,מיונז אמיתי תלמה 250 ג',יוניליוור ישראל מזון,IL,מיונז תלמה 250 גרם,גרמים,250.00,100 גרם,false,1,7.90,3.16,true,1,
7290000111186,false,מיונז תלמה 500 גרם-צנצנת,יוניליוור ישראל מזון,IL,מיונז תלמה 500 גרם-צ,גרמים,500.00,100 גרם,false,1,11.90,2.38,true,1,
7290000111360,false,חרדל תלמה 250 גרם-צנצנת,יוניליוור ישראל מזו,IL,חרדל תלמה 250 גרם-צנ,גרמים,250.00,100 גרם,false,1,7.50,3.00,true,1,
7290000112220,false,בארכה טחינה 100% שומשום 500 גרם,רושדי תעשיות מזון בע,IL,טחינה 500 גר בארכה,גרמים,500.00,100 גרם,false,1,15.90,3.18,true,1,
7290000112497,false,מרק עשיר עוף אטריות קנור 75 גרם - שקיות,יוניליוור ישראל מזון,IL,מרק עשיר עוף אטריות,גרמים,75.00,100 גרם,false,1,13.90,18.53,true,1,
7290000112503,false,מרק עשיר ירקות קנור 69 גרם - שקיות,יוניליוור ישראל מזון,IL,מרק עשיר ירקות קנור,גרמים,69.00,100 גרם,false,1,13.90,20.14,true,1,
7290000116921,false,רוטב צ'ילי מתוק 370ג'12x קנור,יוניליוור ישראל מזון,IL,רוטב קנור צילי מתוק,מיליליטרים,300.00,"100 מ""ל",false,1,13.90,4.63,true,1,
7290000116945,false,קנור סויה קלאסי בדצ 350ג PAL,יוניליוור ישראל מזון,IL,רוטב קנור סויה 300 מ,מיליליטרים,300.00,"100 מ""ל",false,1,14.90,4.97,true,1,
7290000117720,false,קנור - נמס בכוס זוג פטריות 21.50 גרם * 2,יוניליוור ישראל מזון,IL,מרק נמס בכוס פטריות,גרמים,43.00,100 גרם,false,1,8.50,19.77,true,1,
7290000120836,false,הלמנס מיונז אמיתי 394גר ADR,קונפקו אינק' די.בי.א,CA,מיונז הלמנס 394 גרם,גרמים,433.00,100 גרם,false,1,12.80,2.96,true,1,
7290000121093,false,גבינה מון בלאן שוצרית 120 גרם,האי נאם סי או אל.טי.,IL,מון בלאן שוצרית 120,גרמים,120.00,100 גרם,false,1,13.90,11.58,true,1,
7290000129457,false,אבקת רוטב פטריות קנור 28 ג' שקית,יוניליוור ישראל מזון,IL,קנור רוטב פטריות באב,גרמים,29.00,100 גרם,false,1,5.50,18.97,true,1,
7290000135052,false,"XL TEN משקה אנרגיה מנגו ללא סוכר 250 מ""ל","טמפו משקאות בע""מ",IL,XL TEN משקה אנרגיה מ,מיליליטרים,250.00,"100 מ""ל",false,1,4.90,1.96,true,1,
7290000135113,false,משקה אנרגיה XL TEN ללא סוכר בטעם נענע ליים,טמפו 7.5%,IL,פחית XL TEN נענע ליי,מיליליטרים,250.00,"100 מ""ל",false,1,4.90,1.96,true,1,
7290000135311,false,פפסי מקס ליים 1.5 ליטר בודד,"טמפו משקאות בע""מ",IL,פפסי מקס ליים 1.5 לי,ליטרים,0.00,ליטר,false,1,8.10,8.10,true,1,
7290000136677,false,פפסי קולה פיקדון 1.5 ליטר,טמפו,IL,פפסי קולה 1.5 ליטר,ליטרים,0.00,ליטר,false,1,8.90,8.90,true,1,
7290000136684,false,פפסי מקס פיקדון 1.5 ליטר,טמפו,IL,פפסי מקס 1.5 ליטר,ליטרים,0.00,ליטר,false,1,8.10,8.10,true,1,
7290000136707,false,מירינדה בקבוק 1.5 לי,טמפו,IL,מירינדה 1.5 ליטר,ליטרים,0.00,ליטר,false,1,8.90,8.90,true,1,
7290000136868,false,שישיית מים מינרלים סאן בנדטו,סאן בנדטו San Benedetto,IL,שישיית מים סאן בנדטו,ליטרים,0.01,ליטר,false,1,19.90,1990.00,true,1,
7290000136875,false,מארז מים מינרלים מוגז 6* 1.5 ל' סאן בנדטו,סאן בנדטו San Benedetto,IL,שישיית סאן בנדטו מוג,ליטרים,0.01,ליטר,false,1,19.90,1990.00,true,1,
7290000144160,false,"שמן זית כתית מעולה מודגש""עץ-הזית"" 750 מ""ל","מרקאולאו, ספרד.אבסה,",IL,שמן זית כתית מעולה ב,מיליליטרים,750.00,"100 מ""ל",false,1,34.90,4.65,true,1,
7290000144474,false,שמן עץ הזית קנולה 1 ליטר בריאות מהטבע,שמן תעשיות,EE,שמן עץ הזית קנולה 1,מיליליטרים,1000.00,"100 מ""ל",false,1,16.90,1.69,true,1,
7290000148380,false,פיסטוק קלוי שקית 200 גרם,"ג'י אנד ג'י בע""מ",IL,פיסטוק קלוי שקית 200,גרמים,200.00,100 גרם,false,1,26.50,13.25,true,1,
7290000168173,false,ברנפלקס קרנצים 375 ג' תלמה,יוניליור ישראל מזון,IL,ברנפלקס קרנצים 375 ג,גרמים,375.00,100 גרם,false,1,25.90,6.91,true,1,
7290000169798,false,"עוגי מופחת סוכר 20% פצפוצי שוקו' 500ג' בד""צ",יוניליוור שפע ישראל,IL,עוגי 20% פחות סוכר 5,גרמים,500.00,100 גרם,false,1,26.50,5.30,true,1,
7290000174723,false,שוקולית אבקה להכנת משקה שוקו 500 גרם,הנסיך- מפעל לייצור ט,IL,שוקולית 500 גרם,גרמים,500.00,100 גרם,false,1,15.90,3.18,true,1,
7290000176062,false,קפה עלית טורקי 100 גרם,שטראוס קפה בי.וי.,IL,קפה עלית טורקי 100 ג,גרמים,100.00,100 גרם,false,1,9.50,9.50,true,1,
7290000176079,false,קפה עלית טורקי עם הל 100 גרם,הנסיך- מפעל לייצור ט,IL,קפה עלית טורקי עם הל,גרמים,100.00,100 גרם,false,1,10.90,10.90,true,1,
7290000176413,false,קפה נמס עלית 50 גרם,הנסיך- מפעל לייצור ט,IL,קפה נמס עלית 50 גרם,גרמים,50.00,100 גרם,false,1,13.90,27.80,true,1,
7290000178707,false,תפוצ'יפס טבעי 50 גרם,"שטראוס פריטו ליי בע""",IL,תפוציפס טבעי 50 גרם,גרמים,50.00,100 גרם,false,1,4.90,9.80,true,1,
7290000178721,false,תפוציפס מלוח 200 גרם,"שטראוס פריטו ליי בע""",IL,תפוציפס טבעי 200 גרם,גרמים,200.00,100 גרם,false,1,10.90,5.45,true,1,
7290000187860,false,מגבוני טואלט לחים לילי דיספנסר 40יח',עלבד משואות יצחק בעמ,IL,נייר טואלט לח לילי פ,Unknown,0.00,Unknown,false,1,9.50,9.50,true,1,
7290000189116,false,ניקול תבניות אלומניום עגולות 5 יח',בראבו,CN,תבניות אינגליש קייק,Unknown,0.00,Unknown,false,1,14.90,14.90,true,1,
7290000189277,false,תבניות מלבניות גדולות ועמוקות 3 יח,בראבו,CN,תבניות מלבניות גדולו,Unknown,0.00,Unknown,false,1,14.90,14.90,true,1,
7290000189598,false,מטליות לחות חד פעמיות לניקוי כללי 50 יח' ניקול,עלבד משואות יצחק בעמ,IL,ניקול מטלית לחות חד,Unknown,0.00,Unknown,false,1,12.90,12.90,true,1,
7290000190150,false,מפיות נייר מודפסות 3 שכבות ניקול 20 יח',PALOMA,SI,מפיות ניקול מודפסות,יחידה,1.00,יחידה,false,1,8.90,8.90,true,1,
7290000190853,false,לילי פיור נייר טואלט דו שכבתי 30 גלילים,לילי Lily,,לילי פיור נייר טואלט,מטרים,588.00,מטר,false,1,44.90,0.08,true,1,
7290000191539,false,ממחטות טישו לילי צבעוני חמישיה,חוגלה קימברלי,IL,ממחטות נייר לילי 5 י,Unknown,0.00,Unknown,false,1,16.70,16.70,true,1,
7290000195537,false,האגיס - מגבוני האגיס דיילי קר לא מבושם 64 יח' * 4,חוגלה קימברלי,IL,מגבוני האגיס רביעיה,Unknown,0.00,Unknown,false,1,24.90,24.90,true,1,
7290000196039,false,"מפות שולחן איריס ח""פ ניקול 2 יח'",דיספובד,IL,מפות שולחן ניקול זוג,Unknown,0.00,Unknown,false,1,17.90,17.90,true,1,
7290000196343,false,"מפת שולחן מהודרת לילי 180X120ס""מ",דיספובד,IL,מפת ניקול סטייל 1 יח,Unknown,0.00,Unknown,false,1,18.80,18.80,true,1,
7290000197012,false,ניקול שקיות ניילון ריצרץ לאחסון 15יח',קילת,CN,שקיות ריצרץ לטריות 1,Unknown,0.00,Unknown,false,1,18.90,18.90,true,1,
7290000197029,false,ניקול שקיות ניילון ריצרץ לאחסון 12יח',קילת,IL,שקיות ריצרץ לאיחסון,Unknown,0.00,Unknown,false,1,18.90,18.90,true,1,
7290000197326,false,רדיד אלומניום ניקול זוגי 30X7.5מ',אופל,IL,רדיד אלומיניום ניקול,מטרים,15.00,מטר,false,1,13.90,0.93,true,1,
7290000197432,false,שקיות אוכל סנדביצ'ון ניקול מארז 150X2יח',אשלפסט תעשיות בעמ,IL,זוג סנדביצון ענק,Unknown,0.00,Unknown,false,1,16.50,16.50,true,1,
7290000197463,false,האגיס פרידום דריי שלב 4+ 42 יחידות,קימברלי קלארק ישראל,IL,האגיס פרידום דריי של,Unknown,0.00,Unknown,false,1,45.90,45.90,true,1,
7290000197753,false,ניילון נצמד אנטי בטקריאלי ניקול 30X2מ',GTC,CN,זוג ניילון נצמד ניקו,מטרים,60.00,מטר,false,1,13.90,0.23,true,1,
7290000197876,false,ניקול תבנית אלומיניום 4 יח' 2 מכסים,פאלאס,CN,מגשית חד פעמית ניקול,Unknown,0.00,Unknown,false,1,11.90,11.90,true,1,
7290000197883,false,ניקול תבניות אלומיניום 4יח',ארץ ייצור: סין,CN,מגשית 100 כסופה - חי,Unknown,0.00,Unknown,false,1,11.90,11.90,true,1,
7290000204215,false,ניקול כריות יפניות 6 יח',פלסטו פוליש (ברקן),IL,כרית ניקול שישייה,Unknown,0.00,Unknown,false,1,13.90,13.90,true,1,
7290000204512,false,מטליות לחות לרצפה בניחוח לימון 10 יח' ניקול,עלבד משואות יצחק בעמ,IL,מטליות לחות לרצפה בר,Unknown,0.00,Unknown,false,1,14.90,14.90,true,1,
7290000208077,false,אפונת גינה רגילה 550 גרם יכין,"זנלכל בע""מ",IL,אפונת גינה רגילה 550,גרמים,550.00,100 גרם,false,1,8.90,1.62,true,1,
7290000208145,false,גרעיני תירס מתוק לייט 550 גרם יכין,"זנלכל בע""מ",IL,תירס לייט יכין 550 ג,גרמים,550.00,100 גרם,false,1,10.90,1.98,true,1,
7290000208213,false,שעועית לבנה אפויה A2 ברוטב עגבניות יכין 560ג',היינץ צפון אמריקה מק,IL,שעועית יכין אפויה 58,גרמים,580.00,100 גרם,false,1,9.90,1.71,true,1,
7290000208336,false,רסק יכין 240גר 22% יכין בית יוסף,"זנלכל בע""מ",IL,רוטב עגבניות יכין 24,גרמים,240.00,100 גרם,false,1,4.90,2.04,true,1,
7290000208480,false,גרעיני תירס מתוק בטעם חמאה 550 גרם יכין,זנלכל,IL,תירס בטעם חמאה יכין,גרמים,550.00,100 גרם,false,1,10.90,1.98,true,1,
7290000208534,false,גרעיני תירס מתוק לילדים 550 גרם יכין,"זנלכל בע""מ",IL,תירס קיד יכין 550 גר,גרמים,550.00,100 גרם,false,1,10.90,1.98,true,1,
7290000208978,false,פריכוז 100 גרם יכין בית יוסף,היינץ צפון אמריקה מק,IL,רסק עגבניות פריכוז 1,גרמים,100.00,100 גרם,false,1,3.40,3.40,true,1,
7290000209012,false,חומץ הדרים 5% יכין 1,"זנלכל בע""מ",IL,חומץ הדרים 1 ליטר,מיליליטרים,1000.00,"100 מ""ל",false,1,6.90,0.69,true,1,
7290000209951,false,רוטב עגבניות לפיצה 260 גרם יכין,"זנלכל בע""מ",IL,רוטב עגבניות לפיצה,גרמים,260.00,100 גרם,false,1,6.90,2.65,true,1,
7290000210469,false,עגבניות שלמות יכין A2.5 בית יוסף,זנלכל,IL,עגבניות 2.5 A שלמות,גרמים,850.00,100 גרם,false,1,9.90,1.16,true,1,
7290000211169,false,"אורז תאילנדי אחד אחד סוגת 1 ק""ג",האי נאם סי או אל.טי.,IL,"אורז תאילנדי 1 ק""ג",קילוגרמים,0.00,"ק""ג",false,1,8.30,8.30,true,1,
7290000211312,false,סוגת אורז מלא פרסי אחד אחד 1 קג,האי נאם סי או אל.טי.,IL,"אורז מלא 1 ק""ג",גרמים,1000.00,100 גרם,false,1,10.90,1.09,true,1,
7290000211442,false,"סוגת אורז פרסי קלאסי שקית 1 ק""ג",האי נאם סי או אל.טי.,IL,"אורז פרסי 1 ק""ג סוג",גרמים,1000.00,100 גרם,false,1,10.90,1.09,true,1,
7290000211503,false,סוכר לבן ארוז בשקית,"סוגת תעשיות בע""מ",IL,"סוכר לבן 1 ק""ג",קילוגרמים,0.00,"ק""ג",false,1,4.90,4.90,true,1,
7290000211985,false,"אורז ריזוטו עגול סוגת 1 ק""ג","סוגת תעשיות בע""מ",IL,אורז עגול 1 קג,גרמים,1000.00,100 גרם,false,1,9.90,0.99,true,1,
7290000238029,false,"בצק עלים צרפתי מרודד מעדנות 1ק""ג",מיוצר עי קונדיטוריית,IL,"בצק עלים מרודד 1 ק""ג",גרמים,1000.00,100 גרם,false,1,24.90,2.49,true,1,
7290000238036,false,מלווח עגול מעדנות 700 ג',מיוצר עי קונדיטוריית,IL,מלאווח מעדנות 700 גר,גרמים,700.00,100 גרם,false,1,18.90,2.70,true,1,
7290000238173,false,מעדנות בורקס גבינה 800גר,מיוצר עי קונדיטוריית,IL,בורקס גבינה מעדנות,גרמים,800.00,100 גרם,false,1,25.90,3.24,true,1,
7290000238180,false,בורקס תפוחי אדמה מעדנות 800ג',מיוצר עי קונדיטוריית,IL,"בורקס תפו""א 800 גרם",גרמים,800.00,100 גרם,false,1,25.90,3.24,true,1,
7290000262031,false,נייר טואלט מולט לב 32 גלילים,חוגלה קימברלי,IL,נייר טואלט מולט 32 ג,מטרים,588.80,מטר,false,1,32.90,0.06,true,1,
7290000267043,false,שקד מולבן פרוס 100 גרם,"דין שיווק וקלייה בע""",IL,שקד מולבן פרוס 100 ג,גרמים,100.00,100 גרם,false,1,13.90,13.90,true,1,
7290000267500,false,קליפות הדר מצופות בשוקולד 200 גרם,"דין שיווק וקלייה בע""",IL,קליפות הדר מצופות בש,גרמים,200.00,100 גרם,false,1,14.20,7.10,true,1,
7290000272696,false,עסיס מיץ לימון טבעי משומר 1 ל' אסם,בית-השיטה עסיס תעשיו,IL,מיץ לימון עסיס משומר,מיליליטרים,1000.00,"100 מ""ל",false,1,12.90,1.29,true,1,
7290000286549,false,סנו סושי מטליות לניקוי כללי 9 יח',נועם אורים תעשיות בע,IL,סנו סושי מטלית לכל 9,Unknown,0.00,Unknown,false,1,13.90,13.90,true,1,
7290000286761,false,ניילון נצמד סנו סושי פלסטיק מארז 30X2 מ',מיוצר עי קונדיטוריית,CN,ניילון נצמד פלוס ללא,מטרים,30.00,מטר,false,1,12.90,0.43,true,1,
7290000288109,false,"אבקת כביסה מקסימה אפקט ג''אוול 1.25 ק""ג סנו",סנו מפעלי ברונוס בעמ,IL,סנו מקסימה א. זאוול,קילוגרמים,0.00,"ק""ג",false,1,16.90,16.90,true,1,
7290000292687,false,סנובון לאסלה כחול אפרסק נתלה 55X3ג',מיוצר עי קונדיטוריית,IL,סנובון כחול שלישייה,Unknown,0.00,Unknown,false,1,17.90,17.90,true,1,
7290000295336,false,"סנו - מקסימה אבקת כביסה סנסטיב 1.25 ק""ג",סנו מפעלי ברונוס בעמ,IL,סנו מקסימה סנסטיב שק,קילוגרמים,0.00,"ק""ג",false,1,16.90,16.90,true,1,
7290000295404,false,סנו סושי שקית אשפה חזקות 70*50 60 יח',מיוצר עי קונדיטוריית,IL,סנו סושי אשפה 60 שק,Unknown,0.00,Unknown,false,1,23.90,23.90,true,1,
7290000295558,false,רדיד אלומיניום סנו סושי זוגי 30X7.5מ',מולינו ניקולי s.p.a,TR,סנו סושי צמד רדידי א,מטרים,15.00,מטר,false,1,10.90,0.73,true,1,
7290000300900,false,טבעול שניצל תירס 8*750גרם רכיבים טבעיים,עיצובים 2020 (4.8),IL,שניצל תירס 750 גרם,גרמים,750.00,100 גרם,false,1,27.90,3.72,true,1,
7290000313160,false,עוגיות חברים זהבה ו-3 הדובים שוקו' אסם 250 גר',היינץ צפון אמריקה מק,IL,עוגיות חברים זהבה 3,גרמים,250.00,100 גרם,false,1,10.00,4.00,true,1,
7290000315126,false,קנור ציר עוף משחתי 3,יוניליוור ישראל מזון,IL,ציר עוף 300 גרם קנור,גרמים,300.00,100 גרם,false,1,27.80,9.27,true,1,
7290000315140,false,קורנפלקס מלא 500 גרם בדץ,יוניליוור שפע ישראל,IL,קורנפלקס מלא 500 גרם,גרמים,500.00,100 גרם,false,1,22.40,4.48,true,1,
7290000341071,false,בדין - מרכך כביסה בייבי לבן 2 ליטר,יוניליוור ישראל טיפו,IL,בדין בייבי 2 ליטר,ליטרים,0.00,ליטר,false,1,19.90,19.90,true,1,
7290000342856,false,מרכך כביסה כחול 4 ל' בדין,יוניליור ישראל טיפוח,IL,בדין 4 ליטר כחול,ליטרים,0.00,ליטר,false,1,24.90,24.90,true,1,
7290000345260,false,תה ויסוצקי 25 שקיקים 1.5 גרם,מולינו ניקולי s.p.a,IL,תה ויסוצקי 25 שקיקים,Unknown,0.00,Unknown,false,1,8.80,8.80,true,1,
7290000345284,false,תה ויסוצקי קלאסיק טעם עשיר 100/1.5יח',מולינו ניקולי s.p.a,IL,תה קלאסיק 100 שקיקים,גרמים,150.00,100 גרם,false,1,18.90,12.60,true,1,
7290000345291,false,תה ארל גריי 25 שקיקים ויסוצקי,ויסוצקי,IL,תה ארל גריי 25 שקיקי,Unknown,0.00,Unknown,false,1,18.90,18.90,true,1,
7290000345307,false,תה ארל גריי 50 שקיקים ויסוצקי,מולינו ניקולי s.p.a,IL,תה ארל גריי 50 שקיקי,Unknown,0.00,Unknown,false,1,29.90,29.90,true,1,
7290000346199,false,חליטת פירות היער 25 שקיקים גן קסום,HIQ FOOD PRODUCTS,IL,חליטת פירות היער 25,Unknown,0.00,Unknown,false,1,19.90,19.90,true,1,
7290000346205,false,חליטת קמומיל 25 שקיקים הגן קסום,HIQ FOOD PRODUCTS,IL,חליטת קמומיל 25 שקיק,Unknown,0.00,Unknown,false,1,19.90,19.90,true,1,
7290000347752,false,תה ירוק לימונית ולואיזה 25 שקיקים *1.5 ג'' ויסוצקי,HIQ FOOD PRODUCTS,IL,תה ירוק לימונית לואי,Unknown,0.00,Unknown,false,1,26.90,26.90,true,1,
7290000364261,false,דקניקים סלסולי כתף בקר 120 ג' טירת צבי,הנסיך- מפעל לייצור ט,IL,סלסולי כתף בקר 120גר,גרמים,120.00,100 גרם,false,1,17.90,14.92,true,1,
7290000364278,false,דקניקים סילסולי סלמי איטלקי 120 ג' טירת צבי,הנסיך- מפעל לייצור ט,IL,סלסולי סלמי איטלקי,גרמים,120.00,100 גרם,false,1,17.90,14.92,true,1,
7290000364285,false,דקניקים סלסולי פסטרמה הודו 120 ג' טירת צבי,הנסיך- מפעל לייצור ט,IL,סלסולי פסטרמה הודו,גרמים,120.00,100 גרם,false,1,17.90,14.92,true,1,
7290000364292,false,דקניקים סלסולי פסטרמה הודו על גחלים 120 ג' טירת צבי,הנסיך- מפעל לייצור ט,IL,סלסולי גחלים 120גר,גרמים,120.00,100 גרם,false,1,17.90,14.92,true,1,
7290000364803,false,נקניקיות קרנץ אמריקאי טירת צבי 500 ג',הנסיך- מפעל לייצור ט,IL,נקניקיות קרנץ אמריקא,גרמים,500.00,100 גרם,false,1,32.10,6.42,true,1,
7290000364858,false,"נקניקיות עוף טרי 1 ק""ג טירת צבי",הנסיך- מפעל לייצור ט,IL,טירת צבי נקניקיות עו,קילוגרמים,0.00,"ק""ג",false,1,27.90,27.90,true,1,
7290000364872,false,נקניקיות עוף 400 גרםטירת צבי,טיב טירת צבי 2000,IL,נקניקיות עוף 400 גרם,גרמים,400.00,100 גרם,false,1,14.90,3.73,true,1,
7290000367590,false,צמד כפרי סלמי+פסטרמה 800 גרם טירת צבי,טיב טירת צבי 2000,IL,צמד כפרי טירת צבי,גרמים,800.00,100 גרם,false,1,30.90,3.86,true,1,
7290000369617,false,כדורי מעדן גבינה בשמן 225 ג' ניצן,"ניצן מותגי מזון בע""מ",IL,כדורי פטה מתובלים 15,גרמים,150.00,100 גרם,false,1,20.90,13.93,true,1,
7290000369709,false,ניצן חמאה ט.שונים 10,"ניצן מותגי מזון בע""מ",IL,חמאה מתובלת 100 גר,גרמים,100.00,100 גרם,false,1,15.90,15.90,true,1,
7290000408316,false,יוגורט דנונה דל לקטוז 200 גרם,מיוצר עי קונדיטוריית,IL,דנונה דל לקטוז,גרמים,200.00,100 גרם,false,1,3.70,1.85,true,1,
7290000408354,false,יוגורט עם אורז מצופה שוקולד קקאו 175 ג' דנונה,"שטראוס בריאות בע""מ",IL,דנונה בר פצפוצים 173,גרמים,173.00,100 גרם,false,1,4.80,2.77,true,1,
7290000412481,false,סנו - מנקה אסלות 00 1 ליטר,מיוצר עי קונדיטוריית,IL,סנו מנקה אסלות 00 1,מיליליטרים,1000.00,"100 מ""ל",false,1,9.90,0.99,true,1,
7290000419893,false,לנדוור חזק - קפה טחון טורקי 100 גרם,מולינו ניקולי s.p.a,IL,קפה לנדוור לבוקר טחו,גרמים,100.00,100 גרם,false,1,8.90,8.90,true,1,
7290000419909,false,לנדוור לבוקר קפה טחון שחור טורקי 100 גרם,מולינו ניקולי s.p.a,IL,קפה לנדוור טעם אקספר,גרמים,100.00,100 גרם,false,1,8.90,8.90,true,1,
7290000420325,false,פופ קורן טבעי למיקרוגל 5 יח',Preston farms,US,פופ קורן טבעי למיקרו,גרמים,300.00,100 גרם,false,1,16.90,5.63,true,1,
7290000420332,false,פופ קורן חמאה למיקרוגל 5יח',Preston farms,US,פופ קורן חמאה למיקרו,גרמים,300.00,100 גרם,false,1,16.90,5.63,true,1,
7290000430102,false,"שקיות קרח 2 ק""ג ""מר אייס""","אייס (קיובס) בע""מ -",IL,"קוביות קרח 2 ק""ג",קילוגרמים,0.00,"ק""ג",false,1,10.90,10.90,true,1,
7290000461793,false,בייגלה ארוך ארוך סידרה ירוקה 200גר,בייגל את בייגל מזון,IL,מקלות ארוך 150 גרם,גרמים,150.00,100 גרם,false,1,9.10,6.07,true,1,
7290000462141,false,סחוג אדום חריף מאוד (מכסה אדום) 150 גרם,קריניסה ויטמין אס אי,IL,זחוק אדום מריף מאוד,גרמים,350.00,100 גרם,false,1,10.90,3.11,true,1,
7290000462172,false,סחוג ירוק חריף מאוד מ.ירוק 150 גרם,קריניסה ויטמין אס אי,IL,סחוג זהבי ירוק חריף,גרמים,150.00,100 גרם,false,1,10.90,7.27,true,1,
7290000474502,false,גבינה לבנה 5% 250ג' טרה מהדרין,טרה,IL,גבינה לבנה 5%,גרמים,250.00,100 גרם,false,1,4.98,1.99,true,1,
7290000474540,false,גבינה טוב טעם 3% טרה 250ג' מהדרין,טרה,IL,טוב טעם 250 גרם,גרמים,250.00,100 גרם,false,1,12.90,5.16,true,1,
7290000480107,false,קוואקר שיבולת שועל פחית 500 גר',וולקרס סנקס לימיטד,GB,קוואקר שיבולת שועל פ,גרמים,500.00,100 גרם,false,1,14.90,2.98,true,1,
7290000484747,false,עראק עלית 700 מל 40% כהל,יקב הגליל שווק בעמ,IL,"ערק עלית 40% 700 מ""ל",מיליליטרים,700.00,"100 מ""ל",false,1,59.90,8.56,true,1,
7290000497044,false,לחם ברמן אקטיב 750 גר,מאפית י את א ברמן בע,IL,לחם ברמן אקטיב 750 ג,גרמים,750.00,100 גרם,false,1,17.90,2.39,true,1,
7290000497112,false,לחם ברמן אחיד פרוס 750ג',מאפית י את א ברמן בע,IL,אחיד פרוס ברמן,גרמים,750.00,100 גרם,false,1,7.11,0.95,true,1,
7290000497204,false,פיתות אסלי 5 יח' ברמן,מאפית י את א ברמן בע,IL,פיתות אסלי ברמן 5 יח,גרמים,500.00,100 גרם,false,1,7.50,1.50,true,1,
7290000523125,false,מלח הארץ הים האדום 250 ג' עדין,חברת מלח הארץ אילת ב,IL,מלח הארץ ים יבש 250,גרמים,250.00,100 גרם,false,1,6.70,2.68,true,1,
7290000523811,false,"צנצנת מלח גס 1 ק""ג מלח הארץ",חברת מלח הארץ אילת ב,IL,"מלח גס 1 ק""ג צנצנת",גרמים,1000.00,100 גרם,false,1,9.10,0.91,true,1,
7290000525969,false,פרימור סחוט תפוזים טבעי 1ל',"גניר (1992) בע""מ",IL,מיץ תפוזים סחוט 1 ל,מיליליטרים,1000.00,"100 מ""ל",false,1,17.90,1.79,true,1,
7290000540009,false,סכין יפני צר כריכה מתכת,,IN,מדליק פחם שקד ראש גפ,Unknown,0.00,Unknown,false,1,6.50,6.50,true,1,
7290000540160,false,"עוגיות ללת""ס 500 גר",,,עוגיות מקלח מלא,גרמים,500.00,100 גרם,false,1,18.90,3.78,true,1,
7290000540931,false,עוגיות האחים 400 גרם פירמידה,,,עוגיות האחים 400 גרם,גרמים,400.00,100 גרם,false,1,14.90,3.73,true,1,
7290000554532,false,גבינה צפתית מעודנת במלח ים 5% 200 ג' גד,הנסיך- מפעל לייצור ט,IL,צפתית מעודנת 5% במלח,גרמים,200.00,100 גרם,false,1,17.50,8.75,true,1,
7290000554600,false,מוצרלה מגורדת 18% 300 גרם - רובין,מחלבות גד בעמ,IL,מוצרלה מגורדת 300 גר,גרמים,300.00,100 גרם,false,1,28.90,9.63,true,1,
7290000554624,false,ירח מתוק 3% 150 גרם רובין,"מיוצר ע""י קוד יצרן E",IL,מעדן ירח מתוק 150 גר,גרמים,150.00,100 גרם,false,1,7.10,4.73,true,1,
7290000554686,false,לאבנה שמן זית וזעתר 5% 250 גרם - רבנות,מחלבות גד בעמ,IL,לבנה בשמן זית וזעתר,גרמים,250.00,100 גרם,false,1,17.90,7.16,true,1,
7290000554822,false,גבינת ריקוטה טבעי 5% שומן 250 ג' גד,מחלבות גד בעמ,IL,ריקוטה 250 גרם,גרמים,250.00,100 גרם,false,1,16.90,6.76,true,1,
7290000554839,false,שמנת מתוקה קשה בסגנון איטלקי 40% שומן 250 ג' גד,מחלבות גד בעמ,IL,גבינת מסקרפונה 250 ג,גרמים,250.00,100 גרם,false,1,25.50,10.20,true,1,
7290000652542,false,פילה אמנון 5-7 100% דג,,CN,פילה אמנון קפוא,Unknown,0.00,"ק""ג",true,0,39.90,39.90,true,1,
7290000654546,false,פילה אמנון קפוא 100% דג,תנובה,IL,פילה אמנון קפוא 7-9,Unknown,0.00,"ק""ג",true,0,39.90,39.90,true,1,
7290000662817,false,סלמון מעושן 100 גרם נורבגי,,צ'ילה (TDE),סלמון מעושן 100 גרם,גרמים,100.00,100 גרם,false,0,25.90,25.90,true,1,
7290000690536,false,לבבות חסה שטופה,,,לבבות חסה שטופה,Unknown,0.00,Unknown,false,1,11.90,11.90,true,1,
7290000805900,false,"לה קט עוף 2.85 ק""ג","ביופט בע""מ",FR,לה קט 2.85 קג עוף,קילוגרמים,0.00,"ק""ג",false,1,59.90,59.90,true,1,
7290000982113,false,מגי עגבניות טעם,חקלאי,IL,עגבניית טעם,Unknown,0.00,"ק""ג",true,0,19.90,19.90,true,1,
7290000995410,false,נבטים סיניים ארוז,נסטלה פורינה USA קר,IL,נבטים סינים,Unknown,0.00,Unknown,false,1,11.90,11.90,true,1,
7290001045169,false,פרימור סחוט תפוחי עץ צלול 1 ל',"גניר (1992) בע""מ",IL,מיץ תפוחים צלול 1 ל,מיליליטרים,1000.00,"100 מ""ל",false,1,17.90,1.79,true,1,
7290001045633,false,פרימור מיץ לימון ונענע סחוט טרי 400מל,פרימור,IL,לימונענע 400 מ פרימו,מיליליטרים,400.00,"100 מ""ל",false,1,11.90,2.98,true,1,
7290001045657,false,פרימור מיץ תפוחים סחוט מקורר 400מל,פרימור,IL,"תפוחים צלול 400 מ""ל",מיליליטרים,400.00,"100 מ""ל",false,1,11.90,2.98,true,1,
7290001045688,false,"תפוזים סחוט 400 מ""ל פרימור",פרימור,IL,"תפוזים סחוט 400 מ""ל",מיליליטרים,400.00,"100 מ""ל",false,1,11.90,2.98,true,1,
7290001111500,false,לחם מחמצת בטעמים 700 גרם,,,לחם מחמצת בטעמים 700,גרמים,700.00,100 גרם,false,1,18.50,2.64,true,1,
7290001201589,false,ביצים אריזון 12 גדול,"מ.לסר בע""מ",IL,ביצים אריזון 12 גדול,Unknown,0.00,Unknown,false,1,12.05,12.05,true,1,
7290001201862,false,ביצי חופש לארג' 12 יחידות,לסר,IL,ביצי חופש 12 יח L,Unknown,0.00,Unknown,false,1,21.90,21.90,true,1,
7290001216057,false,"טחינה גולמית אל ארז 1 ק""ג",טחינה אל ארז,IL,"טחינה 1 ק""ג טחינת אל",גרמים,500.00,100 גרם,false,1,34.90,6.98,true,1,
7290001216231,false,טחינה גולמית שומשום מלא אל ארז 500ג',דולפין ספא,IL,טחינה מלאה 500 גרם ט,גרמים,500.00,100 גרם,false,1,19.90,3.98,true,1,
7290001230331,false,סיגריות כאמל בוקס חפ,JTI,,כאמל בוקס חפיסה,Unknown,0.00,Unknown,false,1,30.90,30.90,true,1,
7290001230739,false,כאמל קופסא בודדת כחו,JTI,,כאמל כחול חפיסה,Unknown,0.00,Unknown,false,1,30.90,30.90,true,1,
7290001231932,false,ווינסטון כחול בוקס חפיסה,JTI,,ווינסטון כחול בוקס ח,Unknown,0.00,Unknown,false,1,33.00,33.00,true,1,
7290001235938,false,סיגריות וינסטון כחול,JTI,,ווינסטון כחול ארוך,Unknown,0.00,Unknown,false,1,33.00,33.00,true,1,
7290001246153,false,"טאצ' מבשם נטול גז לבנדר 350 מ""ל",,,מבשם נטול גז לבנדר 3,Unknown,0.00,Unknown,false,1,10.90,10.90,true,1,
7290001246238,false,"טאצ' תרסיס מטהר אוויר פריחה 300 מ""ל",,,תרסיס מטהר אוויר פרי,Unknown,0.00,Unknown,false,1,5.50,5.50,true,1,
7290001247082,false,קרטונית נקטר ספרינג עגבניות 1 ליטר,"יפאורה תבורי בע""מ",IL,קרטונית נקטר ספרינג,מיליליטרים,1000.00,"100 מ""ל",false,1,7.60,0.76,true,1,
7290001247099,false,קרטונית נקטר ספרינג מנגו 1 ליטר,"יפאורה תבורי בע""מ",IL,קרטונית נקטר ספרינג,מיליליטרים,1000.00,"100 מ""ל",false,1,7.40,0.74,true,1,
7290001247105,false,קרטונית נקטר ספרינג אפרסק 1 ליטר,"יפאורה תבורי בע""מ",IL,קרטונית נקטר ספרינג,מיליליטרים,1000.00,"100 מ""ל",false,1,7.40,0.74,true,1,
7290001247129,false,נקטר ספרינג תפוזים קרטונית 1 ל',"יפאורה תבורי בע""מ",IL,קרטונית נקטר ספרינג,מיליליטרים,1000.00,"100 מ""ל",false,1,7.40,0.74,true,1,
7290001247143,false,נקטר ספרינג תפוחים קרטונית 1 ל',"יפאורה תבורי בע""מ",IL,קרטונית נקטר ספרינג,מיליליטרים,1000.00,"100 מ""ל",false,1,7.40,0.74,true,1,
7290001305058,false,"פלמוליב - נטורלס תחליב רחצה חלב ודבש 500 מ""ל",הנסיך- מפעל לייצור ט,TR,פלמוליב נטורלס סבון,מיליליטרים,500.00,"100 מ""ל",false,1,21.90,4.38,true,1,
7290001305188,false,פלמוליב כלים שקוף לימון 750 בקבוק חדש,יבואן ומשווק: ש. שסט,GR,פלמוליב לכלים אקטיב,מיליליטרים,750.00,"100 מ""ל",false,1,13.90,1.85,true,1,
7290001356166,false,סלמון מעושן 100 גרם,ישראגל,,סלמון מעושן 100 גרם,גרמים,100.00,100 גרם,false,1,25.00,25.00,true,1,
7290001356173,false,סלמון פרוס 200 גרם,ישראגל,,סלמון פרוס 200 גרם,גרמים,200.00,100 גרם,false,1,47.00,23.50,true,1,
7290001407813,false,חלבה שאמית פיסטוק בקטנה בארכה 350ג',רושדי תעשיות מזון בע,IL,חלבה שאמית פיסטוק 35,גרמים,350.00,100 גרם,false,1,18.20,5.20,true,1,
7290001427019,false,"מיץ תפוזים סחוט 100% 500 מ""ל",קשת מיצים,IL,"מיץ תפוז קשת 500 מ""ל",מיליליטרים,500.00,"100 מ""ל",false,1,18.90,3.78,true,1,
7290001427033,false,מיץ תפוחים סחוט טבעי,"פריניב בע""מ",IL,מיץ תפוחים 1 ליטר,מיליליטרים,1000.00,"100 מ""ל",false,1,19.90,1.99,true,1,
7290001427095,false,מיץ תפוח וסלק 100% סחוט,קשת מיצים טבעיים,IL,"מיץ סלק 500 מ""ל",מיליליטרים,500.00,"100 מ""ל",false,1,15.50,3.10,true,1,
7290001427132,false,"מיץ רימונים טבעי 500 מ""ל קשת",קשת מיצים טבעיים,IL,"מיץ רימונים 500 מ""ל",מיליליטרים,500.00,"100 מ""ל",false,1,25.90,5.18,true,1,
7290001427323,false,פריניב מיץ סלק 1 ליטר פלסטיק,,,מיץ סלק ותפוח פט 1 ל,מיליליטרים,1000.00,"100 מ""ל",false,1,23.90,2.39,true,1,
7290001482384,false,אננס חתוך 227 גרם ויליפוד,טקרנג,TH,אננס חתוך וילי פוד 2,גרמים,227.00,100 גרם,false,1,4.90,2.16,true,1,
7290001491096,false,תה ירוק בתוספת לימונית ולואיזה 50 שקיקים ויסוצקי,ויסוצקי,IL,תה ירוק לימונית לואי,Unknown,0.00,Unknown,false,1,48.50,48.50,true,1,
7290001581094,false,כנפיים עוף ללא נוצות טרי,,,כנפיים עוף ללא נוצות,Unknown,0.00,"ק""ג",true,0,18.90,18.90,true,1,
7290001581797,false,בשר עגל טחון קפוא,,IL,בשר עגל טחון קפוא,גרמים,600.00,100 גרם,false,1,34.90,5.82,true,1,
7290001594025,false,"קוקה קולה זכוכית 350 מ""ל",החברה המרכזית לייצור,IL,קוקה קולה קלאסי 350,מיליליטרים,350.00,"100 מ""ל",false,1,6.60,1.89,true,1,
7290001594155,false,קוקה קולה בקבוק 500,החברה המרכזית לייצור,IL,"קוקה קולה 500 מ""ל",מיליליטרים,500.00,"100 מ""ל",false,1,8.50,1.70,true,1,
7290001594230,false,"קינלי סודה בקבוק 250 מ""ל",החברה המרכזית לייצור,IL,"קינלי סודה 250 מ""ל",מיליליטרים,250.00,"100 מ""ל",false,1,4.00,1.60,true,1,
7290001594377,false,פריגת משקה קל תפוזים,מבשלות בירה בינלאומי,IL,"פריגת תפוזים 500 מ""ל",מיליליטרים,500.00,"100 מ""ל",false,1,5.90,1.18,true,1,
7290001594384,false,פריגת משקה קל אשכולי,מבשלות בירה בינלאומי,IL,פריגת אשכוליות 500 מ,מיליליטרים,500.00,"100 מ""ל",false,1,5.90,1.18,true,1,
7290001594391,false,פריגת משקה קל ענבים,מבשלות בירה בינלאומי,IL,פריגת ענבים 500,מיליליטרים,500.00,"100 מ""ל",false,1,5.90,1.18,true,1,
7290001594544,false,"בירה שחורה מאלטי בקבוק 330מ""ל",,,טובורג מאלט בקבוק 33,מיליליטרים,330.00,"100 מ""ל",false,1,6.50,1.97,true,1,
7290001594568,false,"בירה קרלסברג פחית 500 מ""ל",מבשלות בירה בינלאומי,RO,"קרלסברג פחית 500 מ""ל",מיליליטרים,500.00,"100 מ""ל",false,1,9.90,1.98,true,1,
7290001594575,false,"בירה טובורג פחית 500 מ""ל",מבשלות בירה בינלאומי,IL,"בירה טובורג 500 מ""ל",מיליליטרים,500.00,"100 מ""ל",false,1,9.90,1.98,true,1,
7290001594858,false,"טובורג רד שישייה בקבוק 330 מ""ל",קרלסברג ישראל,IL,טובורג רד שישייה בקב,מיליליטרים,1980.00,"100 מ""ל",false,1,39.90,2.02,true,1,
7290001780800,false,שלגון קראנץ ליבת נוגט שוקולד,גלידות נסטלה,IL,קראנץ ליבת נוגט,Unknown,0.00,Unknown,false,1,10.90,10.90,true,1,
7290001791349,false,אקונומיקה פסגה ריחנית 4ליטר,"סנו מפעלי ברונוס בע""",IL,פסגה אקונומיקה 4 ליט,ליטרים,0.00,ליטר,false,1,11.90,11.90,true,1,
7290001817728,false,צ'יטוס חטיף כאפה קטשופ 55 גרם,"שטראוס פריטו ליי בע""",IL,ציטוס כאפה עידן הקרח,גרמים,55.00,100 גרם,false,1,4.90,8.91,true,1,
7290001865439,false,פמלי לקשרי 1ליטר וניל טהור +משאבה,אף.סי תבליני בגליל ב,IL,פמילי אל סבון נוזלי,מיליליטרים,1000.00,"100 מ""ל",false,1,15.90,1.59,true,1,
7290001990117,false,שומשום סוגת 100 גרם,האי נאם סי או אל.טי.,IL,שומשום 100 גרם,גרמים,100.00,100 גרם,false,1,4.70,4.70,true,1,
7290001990148,false,"סוכר גולדן קלאסי צנצנת 1ק""ג סוגת",האי נאם סי או אל.טי.,IL,סוכר גולדן קלאסי צנצ,גרמים,1000.00,100 גרם,false,1,13.90,1.39,true,1,
7290002037309,false,שמיניית לחמניות המבורגר,מאפית י את א ברמן בע,IL,שמיניית לחמניות המבו,גרמים,300.00,100 גרם,false,1,14.50,4.83,true,1,
7290002037569,false,שישיית לחמניות באניס,,,שישיית לחמניות באניס,גרמים,450.00,100 גרם,false,1,14.90,3.31,true,1,
7290002037637,false,חליות מתוקות מארז 4יח',מאפית י את א ברמן בע,IL,מארז 4 חליות מתוקות,גרמים,360.00,100 גרם,false,1,14.50,4.03,true,1,
7290002057451,false,מלפפון בחומץ ‏9‏-‏7‏ %‏20‏ 560 ג' יבנה,אף.סי תבליני בגליל ב,IL,מלפפון בחומץ יבנה 7-,גרמים,540.00,100 גרם,false,1,7.90,1.46,true,1,
7290002057468,false,מלפפון חומץ ‏12‏-‏10‏ 560 ג' יבנה,קבוצת יבנה,IL,מלפפון בחומץ יבנה 10,גרמים,540.00,100 גרם,false,1,8.90,1.65,true,1,
7290002073505,false,מנצגו כבשים דותן במשקל,,,מנצגו כבשים דותן,גרמים,0.00,"ק""ג",true,0,205.00,205.00,true,1,
7290002073628,false,גאודה אגוזים הולנדי במשקל,,,גאודה אגוזים הולנדי,Unknown,0.00,"ק""ג",true,0,147.00,147.00,true,1,
7290002073635,false,גאודה פסטו הולנדי במשקל,,,גאודה פסטו הולנדי במ,Unknown,0.00,"ק""ג",true,0,139.00,139.00,true,1,
7290002075233,false,איס קונפקט קטן צנצנת,יושלם,,אייסקונפקט 250 גרם,גרמים,250.00,100 גרם,false,1,18.60,7.44,true,1,
7290002107385,false,גבינת מה עיזים בגליל צוריאל 180 ג',מחלבת משק צוריאל,IL,עז מה גבינת עיזים,גרמים,180.00,100 גרם,false,1,25.90,14.39,true,1,
7290002107491,false,גבינת עזים למריחה טבעי 5% צוריאל 250 ג',מחלבת משק צוריאל,IL,גבינת עיזים למריחה 5,גרמים,250.00,100 גרם,false,1,17.50,7.00,true,1,
7290002130567,false,דבש טהור מפרחי בר בזכוכית 350 גרם,מכוורת יד מרדכי שטרא,IL,דבש טהור יד מרדכי 35,גרמים,350.00,100 גרם,false,1,21.90,6.26,true,1,
7290002130574,false,דבש טהור מפרחי בר בזכוכית 500 ג' יד מרדכי,מכוורת יד מרדכי שטרא,IL,דבש טהור יד מרדכי500,גרמים,500.00,100 גרם,false,1,29.90,5.98,true,1,
7290002132011,false,עבאדי עוגיות מזרחיות 400 גרם,מאפיית יוסף ושמחה עב,IL,עבאדי עוגיות מזרחיות,גרמים,400.00,100 גרם,false,1,21.90,5.48,true,1,
7290002190516,false,קומידה ממרח ריבת חלב,קרלו,IL,ממרח ריבת חלב 500 גר,גרמים,500.00,100 גרם,false,1,14.90,2.98,true,1,
7290002208471,false,פיקורינו כבשים משק דותן 200 גרם,,,פיקורינו כבשים משק ד,גרמים,200.00,100 גרם,false,1,42.90,21.45,true,1,
7290002208488,false,מנצגו כבשים משק דותן 200 גרם,,,מנצגו כבשים משק דותן,גרמים,200.00,100 גרם,false,1,42.90,21.45,true,1,
7290002208532,false,צדר כבשים משק דותן 200 גרם,,,צדר כבשים משק דותן 2,גרמים,200.00,100 גרם,false,1,42.90,21.45,true,1,
7290002253006,false,שום כתוש בצנצנת 200 גר דורות,עיצובים 2020 (3.8),IL,שום כתוש בצנצנת 200,גרמים,200.00,100 גרם,false,1,19.90,9.95,true,1,
7290002253105,false,מגשית קוביות שום טרי דורות 80 ג',עיצובים 2020 (3.8),IL,מגשית שום טרי דורות,גרמים,80.00,100 גרם,false,1,16.90,21.13,true,1,
7290002331018,false,"נביעות מים עם פקק ספורט 500מ""ל",נביעות טבע הגליל בעמ,IL,"נביעות 500 מ""ל",מיליליטרים,500.00,"100 מ""ל",false,1,4.90,0.98,true,1,
7290002331025,false,"מים מינרלים נביעות ספורט 500 מ""ל פקדון",נביעות טבע הגליל בעמ,IL,"נביעות 500 מ""ל",מיליליטרים,500.00,"100 מ""ל",false,1,5.90,1.18,true,1,
7290002331094,false,"נביעות+ מים טעם ענבים 755מ""ל",נביעות טבע הגליל בעמ,IL,"נביעות בודד 755 מ""ל",מיליליטרים,755.00,"100 מ""ל",false,1,5.90,0.78,true,1,
7290002331124,false,מים נביעות בטעם תפוח 0.5 ליטר,נביעות טבע הגליל בעמ,IL,מים נביעות בטעם תפוח,מיליליטרים,500.00,"100 מ""ל",false,1,7.90,1.58,true,1,
7290002331360,false,"נביעות מים מינרליים טו גו מארז 500X6מ""ל",נביעות,IL,שישיית מים נביעות,מיליליטרים,3000.00,"100 מ""ל",false,1,16.90,0.56,true,1,
7290002331421,false,"מים אישי נביעות מארז שישייה* 755 מ""ל",נביעות,IL,"שישיית נביעות 755 מ""",מיליליטרים,4530.00,"100 מ""ל",false,1,17.90,0.40,true,1,
7290002353836,false,סרדינים רוברט בשמן זית 115 גרם,קונסרבס פורטוגל נורט,PT,סרדינים רוברט בשמן,גרמים,120.00,100 גרם,false,1,8.90,7.42,true,1,
7290002360124,false,פומפדור חליטת צמחים ורד הבר והיביסקו חדש,TEEKANNE- POMPADOU,DE,תה פומפדור ורד בר+הי,Unknown,0.00,Unknown,false,1,18.90,18.90,true,1,
7290002360278,false,חליטת תה מנטה פומפדור 20 שקיקים,"איטיליאן פוד, אס.פי.",DE,תה חליטת מנטה 20 יח,Unknown,0.00,Unknown,false,1,18.90,18.90,true,1,
7290002371526,false,סלסולי פסטרמה שום וצילי 120 גר טירת צבי,הנסיך- מפעל לייצור ט,IL,סלסולי פסטרמה שום,גרמים,120.00,100 גרם,false,1,17.90,14.92,true,1,
7290002371533,false,דקניקים סלסולי פסטרמה בדבש 120 ג' טירת צבי,הנסיך- מפעל לייצור ט,IL,סלסולי פסטרמה ודבש 1,גרמים,120.00,100 גרם,false,1,17.90,14.92,true,1,
7290002371540,false,דקניקים קורנדביף 120 ג' טירת צבי,הנסיך- מפעל לייצור ט,IL,קורנביף 120 גר,גרמים,120.00,100 גרם,false,1,17.90,14.92,true,1,
7290002374268,false,שמן חמניות מילומור 1 ליטר,שמן תעשיות,IL,שמן חמניות 1 ליטר,מיליליטרים,1000.00,"100 מ""ל",false,1,13.50,1.35,true,1,
7290002374312,false,"שמן קנולה מילומור 1 ל' עד""ח","נארז ע""י : א.ג. גילר",IL,שמן קנולה 1 ליטר,מיליליטרים,1000.00,"100 מ""ל",false,1,12.90,1.29,true,1,
7290002400998,false,כדורי בשר לבישול קפוא 500 גרם,,,כדורי בשר לבישול,גרמים,500.00,100 גרם,false,1,32.90,6.58,true,1,
7290002421443,false,"גבינת צ""דר בקר 180 ג",מחלבת גדות,,גבינת צדר 180 גרם,גרמים,180.00,100 גרם,false,1,32.40,18.00,true,1,
7290002485025,false,חומוס מסעדות 500 גרם,"סלטי שמיר 2006 בע""מ",IL,חומוס מסעדות 500גר,גרמים,500.00,100 גרם,false,1,16.70,3.34,true,1,
7290002485049,false,חומוס מסבחה 500 גרם,"סלטי שמיר 2006 בע""מ",IL,חומוס מסבחה 500גר,גרמים,500.00,100 גרם,false,1,16.70,3.34,true,1,
7290002485063,false,חומוס אבו גוש 500 גר,"סלטי שמיר 2006 בע""מ",IL,חומוס אבו גוש 500גר,גרמים,500.00,100 גרם,false,1,16.70,3.34,true,1,
7290002511410,false,משקה רזינקה 2 ליטר,"מחלבת המושבה בע""מ",IL,משקה רזינקה 2 ליטר,ליטרים,0.00,ליטר,false,1,23.90,23.90,true,1,
7290002543237,false,קלוגס קורן פלקס 750 גרם,קלוגס קומפני אוף גרי,DE,קלוגס קורן פלקס 750,גרמים,750.00,100 גרם,false,1,17.90,2.39,true,1,
7290002551003,false,טונה בשמן בודד 160 ג' סטארקיסט,סטארקיסט,,טונה סטארקיסט בשמן,גרמים,160.00,100 גרם,false,1,8.20,5.13,true,1,
7290002551010,false,טונה סטארקיסט במים 160 גרם,"סטארקיסט פודור בע""מ",TR,טונה סטארקיסט במים,גרמים,160.00,100 גרם,false,1,8.20,5.13,true,1,
7290002617013,false,מונטניולו גרמני במשקל,,,מונטניולו גרמני במשק,Unknown,0.00,"ק""ג",true,0,177.00,177.00,true,1,
7290002617709,false,"שרימפס מקולף גמבו 1 ק""ג קפוא 16/20",,,שרימפס מקולף גמבו 1,קילוגרמים,0.00,"ק""ג",false,1,143.50,143.50,true,1,
7290002617723,false,"שרימפס מקולף 1 ק""ג גדול קפוא 26/30",,,שרימפס מקולף גדול,קילוגרמים,0.00,"ק""ג",false,1,111.50,111.50,true,1,
7290002661443,false,פירורי לחם מוזהבים עדינים 200 גר.,,IL,פירור זהוב עדין 200,גרמים,250.00,100 גרם,false,1,3.50,1.40,true,1,
7290002661856,false,מיני קרוטונים מתובלים למרק ולסלט 350 גרם,מאפית י את א ברמן בע,GB,מיני קרוטונים מתובלי,גרמים,350.00,100 גרם,false,1,18.50,5.29,true,1,
7290002692393,false,שמן קנולה מועשר1 ליטר-עץ הזית,שמן תעשיות,IL,שמן קנולה עץ הזית 1,מיליליטרים,1000.00,"100 מ""ל",false,1,16.90,1.69,true,1,
7290002692768,false,"תרסיס קנולה מופחת קלוריות 200 מ""ל עץ הזית",טרנסומס פוד איי בי,IL,תרסיס שמן קנולה מזוכ,מיליליטרים,200.00,"100 מ""ל",false,1,16.70,8.35,true,1,
7290002692782,false,"תרסיס שמן זית כתית מעולה עץ הזית 150 מ""ל",י.ב טכנולוגיות אריזה,IL,תרסיס שמן זית כתית מ,מיליליטרים,150.00,"100 מ""ל",false,1,16.70,11.13,true,1,
7290002697114,false,10 פיתות עבודת יד,,,10 פיתות עבודת יד,גרמים,500.00,100 גרם,false,1,17.90,3.58,true,1,
7290002697176,false,פיתה תימנית 5 יחידות עבודת יד,,,פיתה תימנית 5 יחידות,גרמים,500.00,100 גרם,false,1,8.90,1.78,true,1,
7290002730675,false,"קולגייט משחת שיניים אדומה משפחתי 100 מ""ל",קולגייט פלמוליב,PL,משחת שיניים קולגייט,Unknown,0.00,Unknown,false,1,10.90,10.90,true,1,
7290002730811,false,"קולגייט משחת שיניים ג'ל משפחתי 100מ""ל",הנסיך- מפעל לייצור ט,PL,משחת שיניים קולגייט,גרמים,150.00,100 גרם,false,1,14.90,9.93,true,1,
7290002752332,false,"סוכריות מנטוס פירות בגליל, 37.5 גרם",הדקלאים אגודת שיתופי,NL,מנטוס פירות,גרמים,37.00,100 גרם,false,1,3.60,9.73,true,1,
7290002752349,false,סוכריות מנטוס מנטה 40יח' בגליל 38ג',פרפטי ואן מלה,NL,מנטוס מנטה גליל 37 ג,גרמים,37.00,100 גרם,false,1,3.60,9.73,true,1,
7290002752493,false,רביעיה סוכריות מנטה 4* 16 ג' טיק טק,פררו,EC,טיק טק מנטה רביעייה,גרמים,64.00,100 גרם,false,1,12.50,19.53,true,1,
7290002771128,false,קפה אלנח'לה בלי הל 250 ג',מולינו ניקולי s.p.a,IL,קפה בלי הל 250 גרם,גרמים,250.00,100 גרם,false,1,19.90,7.96,true,1,
7290002824183,false,גבינה לבנה 5% שומן 500 ג' שטראוס,מיוצר עי קונדיטוריית,IL,סקי משפחתי 5% 500 גר,גרמים,500.00,100 גרם,false,1,9.96,1.99,true,1,
7290002824466,false,יוגורט דנונה ביו 0% 200 גרם,"שטראוס בריאות בע""מ",IL,יוגורט דנונה ביו 0%,מיליליטרים,200.00,"100 מ""ל",false,1,3.70,1.85,true,1,
7290002824640,false,גבינה שטראוס 5% 250 ג',מיוצר עי קונדיטוריית,IL,גבינת סקי 5% 250 גרם,גרמים,250.00,100 גרם,false,1,4.98,1.99,true,1,
7290002825722,false,סלט כרוב אדום אחלה 5,מיוצר עי קונדיטוריית,IL,כרוב אדום 500 גר,גרמים,500.00,100 גרם,false,1,17.70,3.54,true,1,
7290002842415,false,פילה אנשובי אמיתי 50 גרם,,,פילה אנשובי אמיתי 50,גרמים,50.00,100 גרם,false,1,7.90,15.80,true,1,
7290002868996,false,קוטג' 5% מועשר טרה 250ג' מהדרין,טרה,IL,קוטג 5% מועשר 250 גר,גרמים,250.00,100 גרם,false,1,6.50,2.60,true,1,
7290002881254,false,קוקטייל פירות טרופי תומר 820 ג',סאן רייז,TH,קוקטייל טרופי תומר,גרמים,850.00,100 גרם,false,1,12.90,1.52,true,1,
7290002881551,false,עלי גפן בשמן זית ממולא 400ג תומר,אסמא קונסרב,TR,עלי גפן ממולאים 400,גרמים,400.00,100 גרם,false,1,11.00,2.75,true,1,
7290002900566,false,פסטרמה ברביקיו דל שומן טירת צבי 360 ג',הנסיך- מפעל לייצור ט,IL,"פסטרמה ברביקיו ד""ש 3",גרמים,360.00,100 גרם,false,1,30.90,8.58,true,1,
7290002971009,false,"קמח חיטה לבן בהיר שטיבל 1 ק""ג",שטיבל טחנות קמח,IL,"קמח לבן שטיבל 1 ק""ג",גרמים,1000.00,100 גרם,false,1,4.80,0.48,true,1,
7290002971955,false,קמח שטיבל חיטה לבן מנופה 1קג,טחנת קמח דגן-שטיבל,IL,קמח שטיבל 650 ללא ני,גרמים,1000.00,100 גרם,false,1,9.50,0.95,true,1,
7290002986652,false,גטניו פתי בר שוקו 470 גרם,"אחים גטניו בע""מ",,פתי בר שוקו,גרמים,470.00,100 גרם,false,1,11.00,2.34,true,1,
7290003024001,false,גבינה ברי צרפתי במשקל,,,גבינה ברי צרפתי,Unknown,0.00,"ק""ג",true,0,189.00,189.00,true,1,
7290003029181,false,משקה יטבתה שוקו' בקבוק 1ל מהדרין,שטראוס גרופ,IL,שוקו בקבוק יטבתה,מיליליטרים,1000.00,"100 מ""ל",false,1,12.50,1.25,true,1,
7290003029389,false,"משקה חלב בננה פקק ספורט 250 מ""ל יוטבתה",שטראוס גרופ,IL,"בננה פקק 250 מ""ל",מיליליטרים,250.00,"100 מ""ל",false,1,5.70,2.28,true,1,
7290003029433,false,"משקה יטבתה שוקו פקק 250 מ""ל מהדרין",שטראוס גרופ,IL,שוקו פקק יטבתה 250 מ,מיליליטרים,250.00,"100 מ""ל",false,1,5.70,2.28,true,1,
7290003054176,false,מסטמכר לחם שיפון עם מסלי 500ג,מרום את קונפינו,,לחם שיפון פומפרניקל,גרמים,500.00,100 גרם,false,1,15.90,3.18,true,1,
7290003054183,false,מסטמכר לחם שיפון מלא 500ג,מרום את קונפינו,DE,לחם שיפון מלא 500 גר,גרמים,500.00,100 גרם,false,1,15.90,3.18,true,1,
7290003054190,false,מסטמכר לחם שיפון עם שלושה דגנים 500ג,מרום את קונפינו,DE,לחם שיפון 3 דגנים 50,גרמים,500.00,100 גרם,false,1,15.90,3.18,true,1,
7290003054206,false,מסטמכר לחם שיפון עם זרעי חמניות 500ג,מרום את קונפינו,DE,לחם שיפון חמניות 500,גרמים,500.00,100 גרם,false,1,15.90,3.18,true,1,
7290003054657,false,חרדל דיזון אקסטרה פורטה 370 גרם,מרום את קונפינו,FR,חרדל דיזיון 370 גר,גרמים,370.00,100 גרם,false,1,13.90,3.76,true,1,
7290003072804,false,פסטרמה של פעם טירת צבי 200 ג',טירת- צבי,IL,פסטרמה של פעם 200 גר,גרמים,200.00,100 גרם,false,1,24.90,12.45,true,1,
7290003072965,false,קבנוס חריף מעושן טירת צבי 120 גרם,טירת- צבי,IL,קבנוס חריף מעושן טיר,גרמים,120.00,100 גרם,false,1,12.90,10.75,true,1,
7290003072972,false,קבנוס בתיבול מעושן טירת צבי 120 גרם,טירת- צבי,IL,קבנוס בתיבול מעושן ט,גרמים,120.00,100 גרם,false,1,12.90,10.75,true,1,
7290003094127,false,ביצי דג אילתית 190 גר,,,ביצי דג אילתית 190 ג,גרמים,190.00,100 גרם,false,1,78.90,41.53,true,1,
7290003208579,false,וודקה גריי גוס 1 ליטר,,,וודקה גריי גוס 1 ליט,מיליליטרים,1000.00,"100 מ""ל",false,1,157.90,15.79,true,1,
7290003208609,false,"וורמוט מרטיני אדום מתוק 750 מ""ל",מרטיני ורוסי,IT,וורמוט מרטיני אדום מ,Unknown,0.00,Unknown,false,1,49.90,49.90,true,1,
7290003229109,false,פסטרמה בפפריקה 400 גרםטירת צבי,הנסיך- מפעל לייצור ט,IL,פסטרמה בפפריקה 400 ג,גרמים,400.00,100 גרם,false,1,30.90,7.73,true,1,
7290003229116,false,פסטרמה בדבש 400 גרםטירת צבי,הנסיך- מפעל לייצור ט,IL,פסטרמה בדבש 400 גרם,גרמים,400.00,100 גרם,false,1,30.90,7.73,true,1,
7290003229123,false,פסטרמה על גחלים 400 גרםטירת צבי,הנסיך- מפעל לייצור ט,IL,פסטרמה על גחלים,גרמים,400.00,100 גרם,false,1,30.90,7.73,true,1,
7290003229192,false,כתף בקר מעושן טירת צבי 400 ג' צבי,טיב טירת צבי 2000,IL,כתף בקר מעושן 400 גר,גרמים,400.00,100 גרם,false,1,32.90,8.23,true,1,
7290003229208,false,פסטרמה ספרדית 2% טירת צבי 360 ג',טירת- צבי,IL,פסטרמה ספרדית 360 גר,גרמים,360.00,100 גרם,false,1,33.50,9.31,true,1,
7290003229215,false,פסטרמה איטלקית טירת צבי 360 ג',טירת- צבי,IL,פסטרמה איטלקית 360 ג,גרמים,360.00,100 גרם,false,1,33.50,9.31,true,1,
7290003321155,false,יוגורט בר עם פקאן מצופה שוקולד 183 ג' דנונה,"שטראוס בריאות בע""מ",IL,דנונה בר פקאן 183 גר,גרמים,183.00,100 גרם,false,1,4.80,2.62,true,1,
7290003321292,false,גבינה לבנה 9% שומן 250 ג' שטראוס,מיוצר עי קונדיטוריית,IL,גבינת סקי 9% 250 גרם,גרמים,250.00,100 גרם,false,1,4.98,1.99,true,1,
7290003326020,false,סלק וואקום,,,סלק וואקום,Unknown,0.00,Unknown,false,1,11.90,11.90,true,1,
7290003400500,false,חטיף הרשי ריזס נאטרייגיס 47 גרם,ליימן מותגים,US,חטיף הרשי ריזס,גרמים,47.00,100 גרם,false,1,5.90,12.55,true,1,
7290003402809,false,חטיף הרשי ריזס שוקולד לבן 39 גר,ליימן מותגים,US,חטיף הרשי ריזס שוקול,גרמים,39.00,100 גרם,false,1,3.90,10.00,true,1,
7290003423909,false,חטיף הרשי קוקיס קרם לבן 43 גרם,ליימן מותגים,US,חטיף הרשי קוקיס קרם,Unknown,0.00,Unknown,false,1,5.50,5.50,true,1,
7290003427154,false,"שמן זית כתית מעולה מעודן זיתא 750 מ""ל",זיתא – י.ט.ב תעשיות,IL,שמן זית כתית מעולה מ,מיליליטרים,750.00,"100 מ""ל",false,1,36.90,4.92,true,1,
7290003438020,false,ממרח עגבניות מיובשות אוליביה 190 גר,מיוצר עי קונדיטוריית,IL,ממרח עגבניות מיובשות,גרמים,190.00,100 גרם,false,1,14.90,7.84,true,1,
7290003438709,false,ממרח אולביה זיתים שחורים וירוקים 190 ג',גוד פוד פרודקטס S.p,IL,ממרח זיתים שחורים,גרמים,190.00,100 גרם,false,1,14.90,7.84,true,1,
7290003444009,false,חטיף הרשי ריזס שוקולד חלב 42 גר,ליימן מותגים,US,חטיף הרשי ריזס שוקול,גרמים,42.00,100 גרם,false,1,4.50,10.71,true,1,
7290003464883,false,אגוז טרי,,,אגוז עגל טרי,Unknown,0.00,"ק""ג",true,0,69.90,69.90,true,1,
7290003578177,false,תירס גמדי שלם ויליפוד 410 ג',מגסטיק פוד אידסטרי ק,TH,תירס גמדי צעיר שלם 4,גרמים,410.00,100 גרם,false,1,7.90,1.93,true,1,
7290003578290,false,מקלוני אורז וילי פוד 300ג',פוגיאן לונגהאי אנליד,CN,מקלוני אורז 300 גרם,גרמים,1000.00,100 גרם,false,1,6.50,0.65,true,1,
7290003598311,false,מינוט סטייק חלק ריאה 300 ג',בלדי,IL,מינוט סטייק 300 גרם,גרמים,300.00,100 גרם,false,1,34.90,11.63,true,1,
7290003643004,false,"אורז בסמטי קלאסי 1 ק""ג סוגת",האי נאם סי או אל.טי.,IL,"אורז בסמטי 1 ק""ג",גרמים,1000.00,100 גרם,false,1,14.90,1.49,true,1,
7290003643158,false,קורנפלור 200 ג' סוגת,המאפיה של הרמן,IL,קורנפלור 200 גרם,גרמים,200.00,100 גרם,false,1,3.90,1.95,true,1,
7290003643684,false,אפונה יבשה סוגת 500 גר',האי נאם סי או אל.טי.,IL,אפונה 500 גרם,גרמים,500.00,100 גרם,false,1,7.90,1.58,true,1,
7290003643707,false,סוגת גריסים 500 גרם,"סוגת תעשיות בע""מ",IL,גריסים 500 גרם,גרמים,500.00,100 גרם,false,1,5.90,1.18,true,1,
7290003643714,false,סוגת חומוס 500 גרם,האי נאם סי או אל.טי.,IL,חומוס 500 גרם,גרמים,500.00,100 גרם,false,1,8.90,1.78,true,1,
7290003643745,false,סוגת כוסמת 500 גרם,האי נאם סי או אל.טי.,IL,כוסמת 500 גרם,גרמים,500.00,100 גרם,false,1,7.90,1.58,true,1,
7290003643752,false,עדשים ירוקים יבש סוגת 500 גר',האי נאם סי או אל.טי.,IL,עדשים ירוקים 500 גרם,גרמים,500.00,100 גרם,false,1,8.50,1.70,true,1,
7290003643776,false,"פופקורן גרעינים סוגת 500 ג' כשל""פ",האי נאם סי או אל.טי.,IL,פופקורן 500 גרם,גרמים,500.00,100 גרם,false,1,6.50,1.30,true,1,
7290003643806,false,שעועית לבנה יבשה סוגת 500 ג',האי נאם סי או אל.טי.,IL,שעועית לבנה 500 גרם,גרמים,500.00,100 גרם,false,1,12.90,2.58,true,1,
7290003713950,false,טרס פסוס סלסה מקסיקנ,,IL,סלסה מקסיקנה 210 גרם,גרמים,200.00,100 גרם,false,1,19.50,9.75,true,1,
7290003726615,false,טופו הבית משק ויילר,הדקלאים אגודת שיתופי,IL,טופו וילר 300 גר,גרמים,300.00,100 גרם,false,1,13.00,4.33,true,1,
7290003744862,false,אובלטים עם זעתר 300 גר,,,אובלטים 300 גר זעתר,גרמים,300.00,100 גרם,false,1,10.00,3.33,true,1,
7290003805501,false,"פתית שוודי חסכוני בד""צ 300 גרם",יוניליוור ישראל מזון,IL,פתית שוודי חסכוני בד,גרמים,300.00,100 גרם,false,1,19.90,6.63,true,1,
7290003807482,false,"רוטב קנור טריאקי 300 מ""ל",יוניליוור ישראל מזון,IL,רוטב קנור טריאקי 30,מיליליטרים,300.00,"100 מ""ל",false,1,13.90,4.63,true,1,
7290003864478,false,סרדינים בשמן צמחי ויליפוד 110ג' פתח קל,גולדן פרייז קאנינג א,TH,סרדינים בשמן צמחי 11,גרמים,110.00,100 גרם,false,1,5.50,5.00,true,1,
7290003864485,false,סרדינים ברוטב עגבנ יות ויליפוד 110ג' פתח קל,גולדן פרייז קאנינג א,TH,סרדינים ברוטב עגבניו,גרמים,110.00,100 גרם,false,1,5.50,5.00,true,1,
7290003976966,false,טאצ' מרסס ניקוי כללי בתוספת חומץ 1 ליטר,,,מרסס ניקוי כללי בתוס,Unknown,0.00,Unknown,false,1,11.90,11.90,true,1,
7290003989096,false,חציל פיקנטי אחלה 500 גרם,מיוצר עי קונדיטוריית,IL,חציל פיקנטי אחלה 500,גרמים,500.00,100 גרם,false,1,20.70,4.14,true,1,
7290003989539,false,לורנצו רביולי במילוי גבינה,מיוצר עי קונדיטוריית,IL,רביולי גבינה 400 גר,גרמים,400.00,100 גרם,false,1,23.90,5.98,true,1,
7290004011338,false,"קצפת מתוקה מכונה 250 מ""ל ריץ'",האי נאם סי או אל.טי.,IT,ריץ קצפת במיכל 250 ג,גרמים,250.00,100 גרם,false,1,14.90,5.96,true,1,
7290004011345,false,"קצפת ריצ` פרווה במיכל 250 מ""ל",האי נאם סי או אל.טי.,IT,ריץ קצפת במיכל 250 ג,גרמים,250.00,100 גרם,false,1,12.90,5.16,true,1,
7290004030100,false,מיץ תפוזים ולנסיה סחוט 1 ליטר100%,פריניב,IL,מיץ תפוזים סחוט ולנס,מיליליטרים,1000.00,"100 מ""ל",false,1,19.90,1.99,true,1,
7290004030445,false,פריניב סחוט טבעי תפוזים 1ליטר,פריניב בעמ,IL,מיץ תפוזים 1 ליטר,מיליליטרים,1000.00,"100 מ""ל",false,1,16.90,1.69,true,1,
7290004030834,false,פריניב מיץ רימונים סחוט 1 ליטר,פריניב בעמ,IL,סחוט טרי רימונים 1ל,מיליליטרים,1000.00,"100 מ""ל",false,1,30.90,3.09,true,1,
7290004033736,false,"עננים לחם לבן בסגנון בריוש עם פרוסות עבות, 500 גרם",מאפית י את א ברמן בע,IL,לחם עננים בסגנון ברי,גרמים,750.00,100 גרם,false,1,16.90,2.25,true,1,
7290004050788,false,בייקון 170 גר,,,בייקון 170 גר,גרמים,170.00,100 גרם,false,1,52.00,30.59,true,1,
7290004050856,false,סלמי מילאנו פרוס 170 גר,,,סלמי מילאנו פרוס 170,גרמים,170.00,100 גרם,false,1,35.00,20.59,true,1,
7290004050863,false,סלמי הרץ 170 גר,,,סלמי הרץ 170 גר,גרמים,170.00,100 גרם,false,1,35.00,20.59,true,1,
7290004050887,false,פרושוטו 120 גר,,,פרושוטו 120 גר,גרמים,120.00,100 גרם,false,1,41.90,34.92,true,1,
7290004050948,false,סלמי כפרית פרוס 170 גר,,,סלמי כפרית פרוס 170,גרמים,170.00,100 גרם,false,1,36.00,21.18,true,1,
7290004050955,false,פטה כבד עוף 170 גר,,,פטה כבד עוף 170 גר,גרמים,170.00,100 גרם,false,1,17.90,10.53,true,1,
7290004050986,false,רו בייקון 170 גר,,,רו בייקון 170 גר,גרמים,170.00,100 גרם,false,1,59.90,35.24,true,1,
7290004051068,false,שינקן מעושן פרוס 200 גר,,,שינקן מעושן פרוס 200,גרמים,200.00,100 גרם,false,1,33.50,16.75,true,1,
7290004051136,false,סלמי צרפתי פרוס 170 גר,,,סלמי צרפתי פרוס,גרמים,170.00,100 גרם,false,1,36.50,21.47,true,1,
7290004051150,false,סלמי רו סרוולט 170 גר,,,סלמי רו סרוולט 170 ג,גרמים,170.00,100 גרם,false,1,36.50,21.47,true,1,
7290004051365,false,קרפצו 120 גר,,,קרפצו 120 גר,גרמים,120.00,100 גרם,false,1,36.90,30.75,true,1,
7290004051419,false,ממרח כבד מיני 220 גר,,,ממרח כבד מיני 220 גר,גרמים,220.00,100 גרם,false,1,19.90,9.05,true,1,
7290004052041,false,קבנוס קלאסי 210 גר,,,קבנוס קלאסי 210 גר,גרמים,210.00,100 גרם,false,1,31.50,15.00,true,1,
7290004052317,false,סלמי פפרוני 170 גר,,,סלמי פפרוני 170 גר,גרמים,170.00,100 גרם,false,1,36.50,21.47,true,1,
7290004052690,false,נקניקיות פרגית 600 גר,,,נקניקיות פרגית 600 ג,גרמים,600.00,100 גרם,false,1,23.90,3.98,true,1,
7290004053192,false,נקניקיות עגל 600 גר,,,נקניקיות עגל 600 גר,גרמים,600.00,100 גרם,false,1,26.90,4.48,true,1,
7290004053291,false,קרפלך עגל בטעם ביתי 600 גר,,,קרפלך עגל בטעם ביתי,גרמים,600.00,100 גרם,false,1,23.00,3.83,true,1,
7290004054236,false,גיוזה עוף 320 גר,,,גיוזה עוף 320 גר,גרמים,320.00,100 גרם,false,1,36.90,11.53,true,1,
7290004054243,false,גיוזה ירקות 320 גר,,,גיוזה ירקות 320 גר,גרמים,320.00,100 גרם,false,1,36.90,11.53,true,1,
7290004054267,false,נקניקיות פרנקפורטר 900 גר,,,נקניקיות פרנקפורטר,גרמים,900.00,100 גרם,false,1,56.90,6.32,true,1,
7290004054649,false,מיני מוסקובסקיה 300 גרם,,,מיני מוסקובסקיה 300,גרמים,300.00,100 גרם,false,1,39.90,13.30,true,1,
7290004054885,false,נקניקיות איטלקיות עם גבינה 400 גר,,,נקניקיות איטלקיות עם,גרמים,400.00,100 גרם,false,1,29.90,7.48,true,1,
7290004055271,false,פניני קבנוס 150 גר,,,פניני קבנוס 150 גר,גרמים,150.00,100 גרם,false,1,34.90,23.27,true,1,
7290004063016,false,מלח שולחן מעולה דק 1,האי נאם סי או אל.טי.,IL,"מלח דק 1 ק""ג",גרמים,1000.00,100 גרם,false,1,2.07,0.21,true,1,
7290004063115,false,"מלח מטבח עבה להמלחת בשר ובישול 1 ק""ג 1ק""ג",האי נאם סי או אל.טי.,IL,"מלח מטבח גס 1 ק""ג",גרמים,1000.00,100 גרם,false,1,2.07,0.21,true,1,
7290004064082,false,מטחנה מלח ים טבעי 250 גרם מלח הארץ,חברת מלח הארץ אילת ב,IL,מטחנה מלח ים טבעי 25,גרמים,250.00,100 גרם,false,1,14.90,5.96,true,1,
7290004064105,false,מטחנה מלח עשבי תיבול 250 גר מלח הארץ,מלח הארץ אילת,IL,מטחנה מלח עשבי תיבול,גרמים,250.00,100 גרם,false,1,18.90,7.56,true,1,
7290004119133,false,כד יוגורט תנובה 6.5% שומן 1.5 ליטר,מיוצר עי קונדיטוריית,IL,יוגורט 7% 1.5 ליטר,ליטרים,0.00,ליטר,false,1,21.50,21.50,true,1,
7290004119225,false,יוגורט אננס 3% שומן 150 ג' יופלה,תנובה מרכז שיתופי לש,IL,יופלה אננס 3% 150 גר,גרמים,150.00,100 גרם,false,1,5.70,3.80,true,1,
7290004120108,false,יופלה דיאט יוגורט דובדבן %0 גביע 150ג',תנובה מרכז שיתופי לש,IL,דיאט יופלה דובדבן 15,גרמים,150.00,100 גרם,false,1,5.70,3.80,true,1,
7290004120566,false,גבינה בולגרית פיראוס 24% 250 גרם,תנובה,IL,גבינה בולגרית פיראוס,גרמים,250.00,100 גרם,false,1,25.90,10.36,true,1,
7290004120573,false,גבינה בולגרית פיראוס 16% 250 גרם,תנובה מרכז שיתופי לש,IL,גבינה בולגרית פיראוס,גרמים,250.00,100 גרם,false,1,25.90,10.36,true,1,
7290004120634,false,גבינה פיראוס בולגרית 5% 250 גרם,תנובה מרכז שיתופי לש,IL,גבינה פיראוס בולגרית,גרמים,250.00,100 גרם,false,1,25.90,10.36,true,1,
7290004120832,false,חלב תנובה טרי 3% מהדרין כד 2 ל',תנובה מרכז שיתופי לש,IL,כד חלב 2 ליטר 3%,ליטרים,0.00,ליטר,false,1,12.46,12.46,true,1,
7290004121488,false,יופלה דיאט אפרסק 0% גביע 150 ג',תנובה מרכז שיתופי לש,IL,דיאט יופלה אפרסק 150,מיליליטרים,150.00,"100 מ""ל",false,1,5.70,3.80,true,1,
7290004121754,false,יוגורט עוגת גבינה ותות 3% שומן 150 ג' יופלה,תנובה בעמ,IL,יופלה עוגת גבינה,גרמים,150.00,100 גרם,false,1,5.70,3.80,true,1,
7290004121853,false,גבינה בולגרית פיראוס 5% קוביות 200 גרם,תנובה מרכז שיתופי לש,IL,גבינה בולגרית פיראוס,גרמים,200.00,100 גרם,false,1,25.90,12.95,true,1,
7290004122119,false,פתיתי פרמזן לפסטה %23 100 ג' השף הלבן,פ.פ.ח. שאביט,IL,פתיתי פרמזן לפסטה הש,גרמים,220.00,100 גרם,false,1,14.90,6.77,true,1,
7290004122195,false,"גבינת גוש חלב פרוס 28%, כשרות מהדרין, 200 ג'",תנובה,IL,גבינה צהובה גוש חלב,גרמים,200.00,100 גרם,false,1,15.90,7.95,true,1,
7290004122270,false,גבינה צהובה פרוס בקופסא %28 200 ג' עמק,תנובה מרכז שיתופי לש,IL,גבינה עמק פרוס בקופס,גרמים,200.00,100 גרם,false,1,17.90,8.95,true,1,
7290004122348,false,גבינת עמק לייט פרוס בקופסא 200 גרם,תנובה מרכז שיתופי לש,IL,גבינת עמק לייט פרוס,גרמים,200.00,100 גרם,false,1,17.90,8.95,true,1,
7290004122683,false,חטיף גבינת אצבעות 28% 172 ג' עמק,תנובה מרכז שיתופי לש,IL,אצבעות עמק 172 גר,גרמים,172.00,100 גרם,false,1,17.90,10.41,true,1,
7290004125370,false,"שמנת חמוצה מופחתת שומן 9% 200 מ""ל",תנובה מרכז שיתופי לש,IL,שמנת חמוצה מופחתת,מיליליטרים,200.00,"100 מ""ל",false,1,3.90,1.95,true,1,
7290004125400,false,"שלי אשל 4.5% תנובה 200מ""ל מהדרין",פארייפאבה אגרואינדוס,IL,"שלי אשל 200 מ""ל",מיליליטרים,200.00,"100 מ""ל",false,1,1.69,0.85,true,1,
7290004125417,false,"שלי גיל 3% תנובה 200מ""ל מהדרין",תנובה מרכז שיתופי לש,IL,"שלי גיל 200 מ""ל",מיליליטרים,200.00,"100 מ""ל",false,1,1.50,0.75,true,1,
7290004125455,false,**תנובה שמנת אורגינל מהדרין 15% 200מל,תנובה מרכז שיתופי לש,IL,שמנת חמוצה 15% 200 מ,גרמים,200.00,100 גרם,false,1,2.40,1.20,true,1,
7290004125462,false,"שמנת אורגינל 15% מהדרין 500 מ""ל",תנובה מרכז שיתופי לש,IL,שמנת חמוצה 15% 500 מ,מיליליטרים,500.00,"100 מ""ל",false,1,6.00,1.20,true,1,
7290004125509,false,"שמנת 15% חצי מנה 100 מ""ל תנובה",תנובה מרכז שיתופי לש,IL,"שמנת חמוצה 100 מ""ל",מיליליטרים,100.00,"100 מ""ל",false,1,1.80,1.80,true,1,
7290004125578,false,משקה סויה מעושר בסידן תנובה 1ל',תנובה מרכז שיתופי לש,IL,משקה סויה מועשר 1 לי,מיליליטרים,1000.00,"100 מ""ל",false,1,12.50,1.25,true,1,
7290004125585,false,משקה סויה וניל תנובה E אלטרנטיב,תנובה מרכז שיתופי לש,IL,משקה סויה על הבוקר 1,מיליליטרים,1000.00,"100 מ""ל",false,1,13.50,1.35,true,1,
7290004125721,false,"שמנת לבישול 15% שומן 250 מ""ל תנובה",תנובה מרכז שיתופי לש,IL,שמנת לבישול 15% השף,גרמים,250.00,100 גרם,false,1,8.90,3.56,true,1,
7290004125738,false,שמנת מתוקה להקצפה32% 250מל עמיד השף הלבן,תנובה מרכז שיתופי לש,IL,שמנת מתוקה להקצפה 32,גרמים,250.00,100 גרם,false,1,7.20,2.88,true,1,
7290004125776,false,גבינה צהובה עמק 28% 400 גרם בקופסא,תנובה,IL,עמק פרוס בקופסה 400ג,גרמים,400.00,100 גרם,false,1,31.90,7.98,true,1,
7290004126674,false,פרוסות גבינה חצי קשה 9% שומן 200 ג' עמק,תנובה מרכז שיתופי לש,IL,טל העמק לייט 200 גרם,גרמים,200.00,100 גרם,false,1,19.90,9.95,true,1,
7290004127077,false,קוטג' 3% שומן 250 ג' תנובה,מיוצר עי קונדיטוריית,IL,קוטג 3% 250 גרם,גרמים,250.00,100 גרם,false,1,5.70,2.28,true,1,
7290004127329,false,קוטג' 5% תנובה 250ג' מהדרין,מיוצר עי קונדיטוריית,IL,גבינת קוטג 5% 250 גר,גרמים,250.00,100 גרם,false,1,5.70,2.28,true,1,
7290004127336,false,קוטג' 9% תנובה 250 ג' הדרין,מיוצר עי קונדיטוריית,IL,גבינת קוטג 9% 250 גר,גרמים,250.00,100 גרם,false,1,5.70,2.28,true,1,
7290004128333,false,לאבנה על בסיס יוגורט %9 שומן 500 ג' פיראוס,תנובה,IL,גבינה לאבנה 9% 500 ג,גרמים,500.00,100 גרם,false,1,23.50,4.70,true,1,
7290004128340,false,קרם גבינת שמנת %5 בטעם טבעי 200 ג' תנובה,תנובה,IL,גבינת שמנת בטעם טבעי,גרמים,200.00,100 גרם,false,1,14.90,7.45,true,1,
7290004128364,false,קרם גבינת שמנת 5% עם זיתים ירוקים 200 ג' תנובה,"תנובה, מחלבת תל יוסף",IL,גבינת שמנת עם זיתים,גרמים,200.00,100 גרם,false,1,14.90,7.45,true,1,
7290004128432,false,פתיתים מיוחדים לפיצה על בסיס גבינה 500 ג',תנובה,IL,פתיתים מיוחדים לפיצה,גרמים,500.00,100 גרם,false,1,25.90,5.18,true,1,
7290004129101,false,גבינת שמנת 25% בטעם טבעי 225 ג' נפוליאון,תנובה מרכז שיתופי לש,IL,נפוליאון טבעי 225 גר,גרמים,225.00,100 גרם,false,1,15.20,6.76,true,1,
7290004129118,false,גבינת שמנת 24% עם זיתים ירוקים 225 ג' נפוליאון,תנובה מרכז שיתופי לש,IL,נפוליאון זיתים 225 ג,גרמים,225.00,100 גרם,false,1,15.20,6.76,true,1,
7290004129156,false,גבינת שמנת25% עם שום שמיר 225 ג' נפוליאון,תנובה מרכז שיתופי לש,IL,נפוליאון שום שמיר 22,גרמים,225.00,100 גרם,false,1,15.20,6.76,true,1,
7290004129545,false,גבינה לבנה 3% שומן 250 ג' תנובה,מחלבת אלון תבור,IL,גבינת תנובה 3% 250 ג,גרמים,250.00,100 גרם,false,1,4.98,1.99,true,1,
7290004130794,false,משקה סויה טבעי במתיקות מופחתת 1 ליטר,תנובה מרכז שיתופי לש,IL,משקה סויה טבעי מתיקו,מיליליטרים,1000.00,"100 מ""ל",false,1,13.50,1.35,true,1,
7290004130916,false,יוגורט 3% פירות יער בשמנת 150 ג' יופלה,תנובה מרכז שיתופי לש,IL,יופלה פירות יער בשמנ,גרמים,150.00,100 גרם,false,1,5.70,3.80,true,1,
7290004131074,false,**חלב תנובה טרי מהדרין קרטון 3% 1ל,תנובה מרכז שיתופי לש,IL,חלב קרטון+פקק 3% תנו,מיליליטרים,1000.00,"100 מ""ל",false,1,6.23,0.62,true,1,
7290004131814,false,גבינה צפתית 5% מעודנת 200 ג' פיראוס,פארייפאבה אגרואינדוס,IL,פיראוס צפתית מעודנת,גרמים,200.00,100 גרם,false,1,16.50,8.25,true,1,
7290004132552,false,משקה סויה לייט בטעם טבעי טרי 1 ליטר,תנובה מרכז שיתופי לש,IL,דיאט סויה טבעי 1 ליט,מיליליטרים,1000.00,"100 מ""ל",false,1,13.50,1.35,true,1,
7290004135225,false,מעדן תנובה דיאט שוקולדה 0% 150 גרם,תנובה מרכז שיתופי לש,IL,מעדן שוקולד דיאט 0%,מיליליטרים,150.00,"100 מ""ל",false,1,4.80,3.20,true,1,
7290004135614,false,גבינה בולגרית מעודנת 5% 250 ג' פיראוס,תנובה,IL,פיראוס בולגרית מעודנ,גרמים,250.00,100 גרם,false,1,25.90,10.36,true,1,
7290004136598,false,מארז הפסקת אוכל עם קורנפלקס ומשקה חלב עמיד בטעם וניל,פארייפאבה אגרואינדוס,IL,מארז הפסקת אוכל-חלב,גרמים,250.00,100 גרם,false,1,11.50,4.60,true,1,
7290004136857,false,גלי פטל תנובה 125 גר,תנובה מרכז שיתופי לש,IL,גלי פטל 125גר,גרמים,125.00,100 גרם,false,1,2.90,2.32,true,1,
7290004136871,false,ג'לי תנובה אפרסק עם חתיכות אפרסק 125מל,תנובה מרכז שיתופי לש,IL,גלי אפרסק עם חתיכות,גרמים,150.00,100 גרם,false,1,3.10,2.07,true,1,
7290004137021,false,"שמנת לבישול 10% עמיד השף הלבן 250 מ""ל",תנובה מרכז שיתופי לש,IL,שמנת לבישול 10%-השף,גרמים,250.00,100 גרם,false,1,8.90,3.56,true,1,
7290004137311,false,עמק לייט משפחתית 9% 400ג-ועדת מהדרין,תנובה,IL,עמק לייט פרוס 9% 400,גרמים,400.00,100 גרם,false,1,33.90,8.48,true,1,
7290004137809,false,פיראוס לאבנה 5% גביע 250 גרם,"תנובה, מחלבת אלון תב",IL,פיראוס לאבנה 5% 250,גרמים,250.00,100 גרם,false,1,15.50,6.20,true,1,
7290004150174,false,קולוסלאו פיקנטי פרימיום 300 גרם,"סלטי שמיר 2006 בע""מ",IL,קולוסלאו פיקנטי פרימ,גרמים,300.00,100 גרם,false,1,16.90,5.63,true,1,
7290004150235,false,חומוס עם חריף 300 גרם פיקנטי פרימיום,"סלטי שמיר 2006 בע""מ",IL,חומוס עם חריף 300 גר,גרמים,300.00,100 גרם,false,1,16.90,5.63,true,1,
7290004221409,false,וובר רוטב חזרת 453 גרם בקבוק לחיץ,וובר,,וובר רוטב חזרת 453 ג,גרמים,453.00,100 גרם,false,1,30.90,6.82,true,1,
7290004494049,false,פומה סוביניון בלאן-דלתון 750 מל,"איי, בי, אינבוו",IL,פומה סוביניון בלאן-ד,Unknown,0.00,Unknown,false,1,64.90,64.90,true,1,
7290004494131,false,יין דלתון קברנה סוביניון גליל,"איי, בי, אינבוו",IL,יין דלתון קברנה סובנ,Unknown,0.00,Unknown,false,1,68.90,68.90,true,1,
7290004494315,false,יין כנען מוסקטו דלתון 750 מל,,,יין כנען מוסקטו דלתו,Unknown,0.00,Unknown,false,1,44.90,44.90,true,1,
7290004494377,false,"יין אדום שיראז סדרת דלתון 750 מ""ל","איי, בי, אינבוו",IL,יין אדום שיראז סדרת,Unknown,0.00,Unknown,false,1,68.90,68.90,true,1,
7290004494919,false,יין כנען קברנה שיראז 750 מל דלתון,כצט,IL,יין כנען קברנה שיראז,מיליליטרים,750.00,"100 מ""ל",false,1,44.90,5.99,true,1,
7290004502690,false,וודקה פינלנדיה 1 ליטר,,,וודקה פינלנדיה 1 ל,מיליליטרים,1000.00,"100 מ""ל",false,1,99.90,9.99,true,1,
7290004584306,false,רבעיית גמדים בטעם תות בננה * 100 ג' שטראוס,מיוצר עי קונדיטוריית,IL,גמדים סופר תות -בננה,גרמים,200.00,100 גרם,false,1,12.90,6.45,true,1,
7290004584351,false,גבינה לבנה סימפוניה עם תוספות 200 ג' חמישית 200,"שטראוס בריאות בע""מ",IL,סימפוניה 5% 200 גרם,גרמים,200.00,100 גרם,false,1,12.90,6.45,true,1,
7290004584528,false,יוגורט דנונה ביו טבעי 1.7% 200 גרם,מיוצר עי קונדיטוריית,IL,יוגורט דנונה ביו טבע,גרמים,200.00,100 גרם,false,1,3.70,1.85,true,1,
7290004658960,false,יין ארמלד ריזלינג P.C לבן חצי יבש 750 מ,אגודת הכורמים הקואופ,IL,יין אמרלד ריזלינג P.,Unknown,0.00,Unknown,false,1,42.90,42.90,true,1,
7290004685010,false,לחם 100% שיפון פלוס לחם הארץ 500 גר',מאפית י את א ברמן בע,IL,לחם 100% שיפון מקמח,גרמים,500.00,100 גרם,false,1,18.50,3.70,true,1,
7290004685089,false,לחם הארץ לחם חמניות 500 גר',מאפית י את א ברמן בע,IL,לחם חמניות 500 גרם,גרמים,500.00,100 גרם,false,1,18.50,3.70,true,1,
7290004685126,false,לחם פומפרניקל לחם הארץ 750 גרם,מאפית י את א ברמן בע,IL,לחם 5 דגנים 750 גרם,גרמים,750.00,100 גרם,false,1,18.50,2.47,true,1,
7290004685157,false,לחם שיפון 100% 750 גרם לחם הארץ,מאפית י את א ברמן בע,IL,לחם שיפון 100%,גרמים,750.00,100 גרם,false,1,17.90,2.39,true,1,
7290004685225,false,לחם שיפון פומפרניקל מקמח שיפון,מאפית י את א ברמן בע,IL,לחם שיפון פומפרניקל,גרמים,750.00,100 גרם,false,1,17.90,2.39,true,1,
7290004685430,false,לחם כוסמין לחם הארץ,מאפית י את א ברמן בע,IL,לחם כוסמין 100% 500,גרמים,500.00,100 גרם,false,1,17.90,3.58,true,1,
7290004685447,false,לחמניות כוסמין 6 יחי' 450 גר',מאפית י את א ברמן בע,IL,שישיית לחמניות כוסמי,Unknown,0.00,Unknown,false,1,16.50,16.50,true,1,
7290004731472,false,"אל סבון צבעוני כיף שלישיה* 500 מ""ל",טרופיקל דגיל תעשיות,IL,אלסבון כיף שלישייה 5,ליטרים,0.00,ליטר,false,1,22.90,22.90,true,1,
7290004737719,false,אספרגוס שלם בצנצנת 330 ג' ולי פוד,heze sanqing food,CN,אספרגוס שלם מקולף 33,גרמים,330.00,100 גרם,false,1,12.50,3.79,true,1,
7290004737900,false,חלב מרוכז ממותק 397 גרם ויליפוד,יו.איי.בי מאריג'אמפו,LT,חלב מרוכז ממותק וילי,גרמים,397.00,100 גרם,false,1,11.50,2.90,true,1,
7290005020162,false,"וויסקי בלנטייניס 700 מ""ל",פרנו,IL,וויסקי בלנטיינס 700,מיליליטרים,700.00,"100 מ""ל",false,1,89.90,12.84,true,1,
7290005020360,false,"רום בקרדי זהב 750 מ""ל",,,"רום בקרדי זהב 750 מ""",מיליליטרים,750.00,"100 מ""ל",false,1,162.90,21.72,true,1,
7290005084355,false,"סנסודיין - משחת שיניים דואל קר זהב 75 מ""ל",גלקסו סמית קליין,GB,משחת שיניים סנסודיי,גרמים,75.00,100 גרם,false,1,23.90,31.87,true,1,
7290005174551,false,סלט חומוס עם צנוברים 125 ג' אחלה,מיוצר עי קונדיטוריית,IL,חומוס יום יום 125 גר,גרמים,125.00,100 גרם,false,1,5.80,4.64,true,1,
7290005174575,false,טחינה אחלה יום יום משובחת 125ג',מיוצר עי קונדיטוריית,IL,טחינה יום יום 125 גר,גרמים,125.00,100 גרם,false,1,5.80,4.64,true,1,
7290005197758,false,עוגיות חיוכים שוקו שוקו 150ג',אפיפית נצרת תעשיות ב,IL,חיוכים שוקו 150 גרם,גרמים,150.00,100 גרם,false,1,7.20,4.80,true,1,
7290005199578,false,"קפה פלאטינום עלית נטול 200ג' כש""לפ",שטראוס גרופ,IL,קפה פלטניום נטול 200,גרמים,200.00,100 גרם,false,1,28.90,14.45,true,1,
7290005200786,false,תפוצ'יפס שמנת ובצל 50 גרם,"שטראוס פריטו ליי בע""",IL,תפוציפס שמנת ובצל 50,גרמים,50.00,100 גרם,false,1,4.90,9.80,true,1,
7290005201882,false,קפה טורקי עלית 200 גרם,הנסיך- מפעל לייצור ט,IL,קפה טורקי עלית 200 ג,גרמים,200.00,100 גרם,false,1,17.90,8.95,true,1,
7290005287206,false,טונה סטארקיסט בשמן רביעיות 4*160 גר,"סטארקיסט פודור בע""מ",IL,טונה סטארקיסט בשמן ר,גרמים,640.00,100 גרם,false,1,25.90,4.05,true,1,
7290005287251,false,טונה סטארקיסט במים רביעיות 4*160 גר,"סטארקיסט פודור בע""מ",IL,טונה סטארקיסט במים ר,גרמים,640.00,100 גרם,false,1,25.90,4.05,true,1,
7290005287527,false,טונה סטארקיסט בשמן עם לימון 160 גר,תאי יוניון גרופ,TH,טונה בשמן עם לימון 1,גרמים,160.00,100 גרם,false,1,9.40,5.88,true,1,
7290005287534,false,טונה בשמן עישון טבעי 160 ג' סטארקיסט,תאי יוניון גרופ,TH,טונה בשמן עישון טבעי,גרמים,160.00,100 גרם,false,1,9.40,5.88,true,1,
7290005425646,false,סנו קליר ספריי אקדח לניקוי והברקת חלונות 1ל',"סנו מפעלי ברונוס בע""",IL,סנוקליר אקדח 1 ליטר,מיליליטרים,1000.00,"100 מ""ל",false,1,12.90,1.29,true,1,
7290005426193,false,ספוג הפלא אריזת סנו 6יח',טרופיקל דגיל תעשיות,IL,סנו סושי ספוג הפלא,Unknown,0.00,Unknown,false,1,15.00,15.00,true,1,
7290005430480,false,מטלית הפלא מיקרופייבר סנו סושי,N.S.,CN,מטלית פלא סנו סושי,Unknown,0.00,Unknown,false,1,8.90,8.90,true,1,
7290005431883,false,עדן מלבי חלבי 165 גר,עדן קינוחים Eden,IL,מלבי חלבי 165 גר,גרמים,165.00,100 גרם,false,1,8.20,4.97,true,1,
7290005431906,false,עדן קדאיף 82 גרם,עדן קינוחים Eden,IL,קדאיף 82 גר,גרמים,82.00,100 גרם,false,1,8.20,10.00,true,1,
7290005431913,false,עוגת גבינה פירורים 92 גרם.,עדן קינוחים Eden,IL,עוגת גבינה פירורים,גרמים,92.00,100 גרם,false,1,8.20,8.91,true,1,
7290005431920,false,עוגת גבינה פירורים ללא תוספת סוכר,עדן קינוחים Eden,IL,עוגת גבינה פירורים,גרמים,78.00,100 גרם,false,1,8.20,10.51,true,1,
7290005431937,false,עוגת טירימיסו 82 גרם,עדן קינוחים Eden,IL,טירמיסו 82 גר,גרמים,82.00,100 גרם,false,1,8.20,10.00,true,1,
7290005431968,false,מלבי שמנת עדן קינוחי,עדן קינוחים Eden,IL,מלבי שמנת 150 גרם,גרמים,150.00,100 גרם,false,1,8.70,5.80,true,1,
7290005559914,false,פיצה משפחתית זיתים מעדנות 550 גר,מיוצר עי קונדיטוריית,IL,פיצה משפחתית זיתים מ,גרמים,550.00,100 גרם,false,1,25.90,4.71,true,1,
7290005571039,false,פילה עגל מדומה טרי,,,פילה מדומה טרי,Unknown,0.00,"ק""ג",true,0,69.90,69.90,true,1,
7290005571046,false,כתף בקר מרכזי טרי,,,כתף בקר מרכזי טרי,Unknown,0.00,"ק""ג",true,0,69.90,69.90,true,1,
7290005571169,false,צך טרי שלם,,,צך טרי,Unknown,0.00,"ק""ג",true,0,69.90,69.90,true,1,
7290005571176,false,ויסבארטן טרי,,,ויסבארטן טרי,Unknown,0.00,"ק""ג",true,0,69.90,69.90,true,1,
7290005571183,false,שייטל בקר שלם,,,שייטל שלם,Unknown,0.00,"ק""ג",true,0,89.90,89.90,true,1,
7290005571596,false,סינטה פילה עגלה קוד קניה,,,סינטה עגל טרי,Unknown,0.00,"ק""ג",true,0,99.90,99.90,true,1,
7290005610509,false,צנוניות ארוזות דוד מ,חקלאי,IL,צנונית,Unknown,0.00,Unknown,false,1,7.90,7.90,true,1,
7290005678585,false,סקרלוטה ללא חרצנים,,,סקרלוטה ללא חרצנים,Unknown,0.00,"ק""ג",true,0,39.90,39.90,true,1,
7290005686405,false,בננה ציפס 200 גרם ששון הקולה,"דין שיווק וקליה בע""מ",,בננה ציפס 200 גרם שש,גרמים,200.00,100 גרם,false,1,8.50,4.25,true,1,
7290005686436,false,תפוחי עץ מיובש קופסא 160 גרם,"דין שיווק וקליה בע""מ",,תפוחי עץ 200 גר,גרמים,160.00,100 גרם,false,1,14.50,9.06,true,1,
7290005697272,false,תום עיזים מונפורט מנות שקיל,גלילי,,תום עיזים מונפורט,Unknown,0.00,"ק""ג",true,0,224.00,224.00,true,1,
7290005697517,false,"יוגורט עיזים טבעי ביו 500 מ""ל",גלילי,,יוגורט עיזים טבעי בי,מיליליטרים,500.00,"100 מ""ל",false,1,18.90,3.78,true,1,
7290005697708,false,יוגורט עיזים טבעי מחלבת גלילי 1 ליטר,,,יוגורט עיזים טבעי מח,מיליליטרים,1000.00,"100 מ""ל",false,1,23.00,2.30,true,1,
7290005838002,false,מעדן גבינה ויוגורט בטעם וניל 88 ג' דניאלה,"שטראוס בריאות בע""מ",IL,דניאלה וניל 100 גרם,גרמים,88.00,100 גרם,false,1,4.30,4.89,true,1,
7290005839078,false,"דנונה יוגורט ביו 3% לבן מארז 150X8מ""ל",מיוצר עי קונדיטוריית,IL,מולטיפק יוגורט דנונה,ליטרים,0.00,ליטר,false,1,17.90,17.90,true,1,
7290005839108,false,גבינה לבנה סימפוניה עם תוספות 200 ג'+זיתים 5%,"שטראוס בריאות בע""מ",IL,סימפוניה 5% עם זיתים,גרמים,200.00,100 גרם,false,1,12.90,6.45,true,1,
7290005896620,false,מים מוגז ' סאן בנדטו ' יחידה,אקווה מינרלה סאן בנד,IT,מים סאן בנדטו 1.5 ל,ליטרים,0.00,ליטר,false,1,3.60,3.60,true,1,
7290005896637,false,מים סן בנדטו בודד 1.5 ליטר-,אקווה מינרלה סאן בנד,IT,מים סאן בנדיטו 1.5 ל,ליטרים,0.00,ליטר,false,1,4.00,4.00,true,1,
7290005992575,false,בולגרית למריחה 5% 250 גרם - רבנות,מחלבות גד בעמ,IL,בולגרית למריחה 250 ג,גרמים,250.00,100 גרם,false,1,21.50,8.60,true,1,
7290006189358,false,סטייק אנטריקוט מוצר בשר מעובד מופשר,,,אנטריקוט מעובד מופשר,Unknown,0.00,"ק""ג",true,0,109.90,109.90,true,1,
7290006194008,false,גבינת פקורינו רומנו איטלקי שקיל,,,גבינת פקורינו רומנו,Unknown,0.00,"ק""ג",true,0,175.00,175.00,true,1,
7290006194015,false,גבינת גורגונזולה פיקנטית במשקל,,,גבינת גורגונזולה פיק,Unknown,0.00,"ק""ג",true,0,200.00,200.00,true,1,
7290006194022,false,גורגונזולה דולצה איטלקי במשקל,,,גורגונזולה דולצה,Unknown,0.00,"ק""ג",true,0,199.00,199.00,true,1,
7290006251275,false,תה ירוק סיני 25 שקיקים של 1.5 ג,HIQ FOOD PRODUCTS,IL,תה ירוק סיני 25 שקיק,Unknown,0.00,Unknown,false,1,26.90,26.90,true,1,
7290006251589,false,תה ירוק עם עלי נענע 50 שקיקים ויסוצקי,בית ויסוצקי,IL,תה ירוק נענע באריזה,Unknown,0.00,Unknown,false,1,48.50,48.50,true,1,
7290006265500,false,פטריות שמפיניון ארוז מרינה,"מרינה פטריות הגליל בע""מ",IL,פטריות שמפיניון ארוז,Unknown,0.00,Unknown,false,1,12.90,12.90,true,1,
7290006272072,false,חטיפי פיצה בשקית מעדנות 650ג',"מעדנות בע""מ",IL,חטיפי פיצה גבינה,גרמים,650.00,100 גרם,false,1,36.90,5.68,true,1,
7290006272430,false,בצק עלים חמאה מעדנות 600 ג',מיוצר עי קונדיטוריית,IL,בצק עלים חמאה מעדנות,גרמים,600.00,100 גרם,false,1,31.90,5.32,true,1,
7290006342065,false,בוטנים קלויים 200 ג ששון הקולה,,,בוטן קלויים 200 גרם,גרמים,200.00,100 גרם,false,1,7.90,3.95,true,1,
7290006342072,false,גרעין לבן 200 גרם ששון הקולה,"דין שיווק וקלייה בע""",IL,גרעין לבן 200 גרם,גרמים,200.00,100 גרם,false,1,9.90,4.95,true,1,
7290006342089,false,גרעין שחור 200 גרם ששון הקולה,דין שיווק,,גרעין שחור 200 גרם ש,גרמים,200.00,100 גרם,false,1,7.00,3.50,true,1,
7290006342447,false,גרעין אבטיח 200 גרם ששון הקולה,דין שיווק,IL,גרעין אבטיח 200 גרם,גרמים,200.00,100 גרם,false,1,15.90,7.95,true,1,
7290006342515,false,מנצס 200 גרם ששון הקולה,יושלם,,מנצס 200 גרם ששון הק,גרמים,200.00,100 גרם,false,1,6.90,3.45,true,1,
7290006342553,false,קבוקים 200 גרם ששון וקולה,יושלם,,קבוקים 200 גרם ששון,גרמים,200.00,100 גרם,false,1,5.90,2.95,true,1,
7290006342560,false,בוטן אמריקאי 200 גרם ששון הקולה,דין שיווק,IL,בוטן אמריקאי 200 גרם,גרמים,200.00,100 גרם,false,1,5.90,2.95,true,1,
7290006355065,false,קשקבליו איטלקי במשקל,,,קשקבליו איטלקי במשקל,Unknown,0.00,"ק""ג",true,0,204.00,204.00,true,1,
7290006355119,false,קשקבליו איטלקי מעושן במשקל,,,קשקבליו איטלקי מעושן,Unknown,0.00,"ק""ג",true,0,204.00,204.00,true,1,
7290006374738,false,קונפיטורת יד מרדכי תות 340 גרם,אף.סי תבליני בגליל ב,IL,קונפיטורת יד מרדכי ת,גרמים,340.00,100 גרם,false,1,15.90,4.68,true,1,
7290006459350,false,נפנף,,,נפנף,Unknown,0.00,Unknown,false,1,4.50,4.50,true,1,
7290006459510,false,נרות חנוכה רגיל 44 יח,,CN,נרות חנוכה רגיל 44 י,Unknown,0.00,Unknown,false,1,3.90,3.90,true,1,
7290006459527,false,נרות חנוכה לוקס לא נוטפים 45 יח,,CN,נרות חנוכה לוקס לא נ,Unknown,0.00,Unknown,false,1,7.50,7.50,true,1,
7290006492432,false,גבינת מוצרלה בייבי 18% 300 ג' גד,מחלבות גד בעמ,IL,מוצרלה בייבי 150 גרם,גרמים,170.00,100 גרם,false,1,19.90,11.71,true,1,
7290006492685,false,לאבנה עיזים 5% 250 גרם - רובין,מחלבות גד בעמ,IL,לבנה עיזים 3% 250 גר,גרמים,250.00,100 גרם,false,1,21.90,8.76,true,1,
7290006559029,false,כדורי מוצרלה בופלו במשקל,,,כדורי מוצרלה בופלו,Unknown,0.00,"ק""ג",true,0,170.00,170.00,true,1,
7290006653819,false,פתיתי קוסקוס דק 350 גרם,"מיוצר ע""י קוד יצרן K",IL,פתיתי קוסקוס דק 350,גרמים,350.00,100 גרם,false,1,10.50,3.00,true,1,
7290006664655,false,"אקטימל לבן טבעי מארז 100X8 מ""ל",מיוצר עי קונדיטוריית,IL,אקטימל טבעי שמינייה,מיליליטרים,800.00,"100 מ""ל",false,1,22.70,2.84,true,1,
7290006664990,false,דנונה ביו מארז חיסכון 1.5% 8 יח' *150 ג',מיוצר עי קונדיטוריית,IL,מארז ביו 1.7% 2+6 15,ליטרים,0.00,ליטר,false,1,17.90,17.90,true,1,
7290006681553,false,מארז קרמבו וניל שטראוס 8 יח',"גלידת שטראוס בע""מ",IL,שטראוס קרמבו וניל 8,Unknown,0.00,Unknown,false,1,17.90,17.90,true,1,
7290006681560,false,מארז קרמבו מוקה שטראוס 8 יח',"גלידת שטראוס בע""מ",IL,שטראוס קרמבו מוקה 8,Unknown,0.00,Unknown,false,1,17.90,17.90,true,1,
7290006704832,false,אוכמניות טריות יחידה,,,אוכמניות טריות יחידה,Unknown,0.00,Unknown,false,1,19.90,19.90,true,1,
7290006705334,false,מקלות סורימי 200 גרם,,,מקלות סורימי 200 גרם,גרמים,200.00,100 גרם,false,1,5.10,2.55,true,1,
7290006705594,false,נתחי סורימי 200 גרם,,,נתחי סורימי 200 גרם,גרמים,200.00,100 גרם,false,1,5.20,2.60,true,1,
7290006719058,false,חלה בפיקוח ברמן,,,חלה רגילה,גרמים,500.00,100 גרם,false,1,5.17,1.03,true,1,
7290006724472,false,טחינה אורגנית 500 גרם ליב,אחדות,IL,טחינה אורגנית 500 גר,גרמים,500.00,100 גרם,false,1,19.90,3.98,true,1,
7290006764072,false,"גולדסטאר בירה בק חוזר 500 מ""ל","טמפו משקאות בע""מ",IL,"בירה גולדסטאר 500 מ""",מיליליטרים,500.00,"100 מ""ל",false,1,7.90,1.58,true,1,
7290006765000,false,טורטיות חיטה מלאה 8יח 540 ג',אלקטי קוראבייכיסיגיד,TR,טורטיה מקמח מלא 540,גרמים,540.00,100 גרם,false,1,11.40,2.11,true,1,
7290006765895,false,בוטן בקליפה 200 גרם שושן הקולה,דין שיווק,IL,בוטן בקליפה 200 גרם,גרמים,200.00,100 גרם,false,1,8.90,4.45,true,1,
7290006805850,false,תערובת להכנת פנקייק פילסבורי 500 גר,הדקלאים אגודת שיתופי,IL,תערובת להכנת פנקייק,גרמים,500.00,100 גרם,false,1,19.90,3.98,true,1,
7290006834539,false,גבינת קומבוזולה גרמנית במשקל,,,גבינת קומבוזולה,Unknown,0.00,"ק""ג",true,0,199.00,199.00,true,1,
7290006834553,false,גבינת רוגט גרמני במשקל,,,גבינת רוגט גרמני,Unknown,0.00,"ק""ג",true,0,225.00,225.00,true,1,
7290006835321,false,קבנוס עגל 250 גר,,,קבנוס עגל 250 גר,גרמים,250.00,100 גרם,false,1,23.90,9.56,true,1,
7290006866363,false,אשכוליות אדומות טבעי סחוט 1 ל פרימור,"גניר (1992) בע""מ",IL,אשכוליות אדומות טבעי,מיליליטרים,1000.00,"100 מ""ל",false,1,19.90,1.99,true,1,
7290006983152,false,קרוטונים מתובלים למרק 400 ג' אסם,עינת תעשיות מזון אגו,IL,קרוטונים מתובלים למר,גרמים,400.00,100 גרם,false,1,21.90,5.48,true,1,
7290006983206,false,תערובת להכנת פלפל קלי קלות 180 גרם,"אסם השקעות בע""מ",IL,תערובת להכנת פלפל קל,גרמים,180.00,100 גרם,false,1,12.60,7.00,true,1,
7290006983763,false,עוגת הבית שוקולד 400 גרם אסם.,מיוצר עי קונדיטוריית,IL,עוגת שוקולד 400 גרם,גרמים,400.00,100 גרם,false,1,13.40,3.35,true,1,
7290008101318,false,קריספ פירורי לחם זהוב 300 גרם,א.ל ייצור ושיווק תבל,IL,פירורי לחם קריספ זהו,Unknown,0.00,Unknown,false,0,7.90,7.90,true,1,
7290008263047,false,ספגטי אורגני לבן 500 גר,פסטיפיסוי פליצ'טי,IT,ספגטי אורגני לבן 500,גרמים,500.00,100 גרם,false,1,11.90,2.38,true,1,
7290008263641,false,קוואקר אורגני עדין 500 גר,אול אורגני,IL,קוואקר אורגני עדין 5,גרמים,500.00,100 גרם,false,1,11.90,2.38,true,1,
7290008329255,false,מזלגות לבנות 100 י,,TR,מזלגות לבנות 100 י,Unknown,0.00,Unknown,false,1,11.40,11.40,true,1,
7290008329293,false,סכינים פרימיום שקוף/קרם/לבן/זהב דנטס אר' 50 יח',,TR,סכינים פרימיום שקוף/,Unknown,1.00,Unknown,false,1,9.50,9.50,true,1,
7290008329309,false,מזלגות פרמיום שקוף/קרם/לבן/זהב דנטס אר 50 יח,,TR,מזלגות פרמיום שקוף/ק,Unknown,1.00,Unknown,false,1,9.50,9.50,true,1,
7290008329316,false,כפות פרימיום שקוף/קרם/לבן/זהב דנטס 50 יח,,TR,כפות פרימיום שקוף/קר,Unknown,1.00,Unknown,false,1,9.50,9.50,true,1,
7290008409049,false,מאמא עוףמיני שניצלים בציפוי שומשום 500 ג,תנובה גליל שותפות מו,IL,מאמא עוף מיני שניצלי,גרמים,500.00,100 גרם,false,1,31.90,6.38,true,1,
7290008409100,false,אצבעות שניצל בציפוי שומשום מאמא עוף 700 גרם,תנובה גליל שותפות מו,IL,אצבעות שניצל בציפוי,גרמים,700.00,100 גרם,false,1,37.90,5.41,true,1,
7290008409216,false,מאמא עוף קפוא שניצל דק פריך 700 גרם,תנובה גליל,IL,שניצל דק דק פריך 700,גרמים,700.00,100 גרם,false,1,42.90,6.13,true,1,
7290008409223,false,שניצל דק מתובל 700 גר מאמא עוף,תנובה גליל שותפות מו,IL,שניצל דק מתובל 700 ג,גרמים,700.00,100 גרם,false,1,42.90,6.13,true,1,
7290008409315,false,מיני מיני דק שניצלונים בציפוי פריך מאמא עוף 500 ג',תנובה גליל,IL,מאמא עוף מיני שניצלי,גרמים,500.00,100 גרם,false,1,31.90,6.38,true,1,
7290008409551,false,שניצל עוף אמיתי בציפוי מעודן 700 ג' מאמא עוף,תנובה גליל שותפות מו,IL,שניצל עוף אמיתי בציפ,גרמים,700.00,100 גרם,false,1,44.50,6.36,true,1,
7290008409582,false,שניצל אמיתי בציפוי ביתי מאמא עוף 700 ג',תנובה גליל שותפות מו,IL,שניצל עוף אמיתי ביתי,גרמים,700.00,100 גרם,false,1,44.50,6.36,true,1,
7290008425322,false,"נקטר משמש 330 מ""ל",,,"נקטר משמש 330 מ""ל",מיליליטרים,330.00,"100 מ""ל",false,1,13.20,4.00,true,1,
7290008425339,false,"נקטר שזיף 330 מ""ל",,,"נקטר שזיף 330 מ""ל",מיליליטרים,330.00,"100 מ""ל",false,1,13.20,4.00,true,1,
7290008437127,false,רגל עגל חלב קפוא מזרע,,,רגל עגל קפוא מזרע,Unknown,0.00,"ק""ג",true,0,36.90,36.90,true,1,
7290008438285,false,גבינה אמנטל שוויצרי במשקל,,,גבינה אמנטל שוויצרי,Unknown,0.00,"ק""ג",true,0,220.00,220.00,true,1,
7290008439411,false,בלוק פטה אווז במשקל,,,בלוק פטה אווז במשקל,Unknown,0.00,"ק""ג",true,0,75.00,75.00,true,1,
7290008462204,false,חרדל דיזיון מקורי 380 גרם,יוניליבר צרפת,FR,חרדל דיזון מקורי 380,גרמים,380.00,100 גרם,false,1,18.90,4.97,true,1,
7290008464024,false,"בירה גולדסטאר לא מסוננת 500 מ""ל פחית","טמפו משקאות בע""מ",IL,בירה גולדסטאר לא מסו,מיליליטרים,500.00,"100 מ""ל",false,1,10.90,2.18,true,1,
7290008464130,false,"שישיית בירה גולדסטאר 330 מ""ל UNFILTERED",טמפו,IL,שישיית בירה גולדסטאר,מיליליטרים,1980.00,"100 מ""ל",false,1,37.90,1.91,true,1,
7290008464222,false,"בירה מכבי 7.9% פחית 500 מ""ל","טמפו משקאות בע""מ",IL,בירה מכבי 7.9% פחית,מיליליטרים,500.00,"100 מ""ל",false,1,8.90,1.78,true,1,
7290008464345,false,"בירה גולדסטאר בקבוק 330 מ""ל",טמפו משקאות בע''מ,IL,בירה גולדסטאר בקבוק,מיליליטרים,330.00,"100 מ""ל",false,1,7.90,2.39,true,1,
7290008464369,false,"פפסי קולה פחית 330 מ""ל",,,פפסי קולה פחית 330 מ,מיליליטרים,330.00,"100 מ""ל",false,1,4.30,1.30,true,1,
7290008464468,false,"בירה גולדסטאר פחית 500 מ""ל","טמפו משקות בע""מ",IL,"גולדסטאר פחית 500 מ""",מיליליטרים,500.00,"100 מ""ל",false,1,9.90,1.98,true,1,
7290008464475,false,"בירה מכבי פחית 500 מ""ל","טמפו משקאות בע""מ",IL,בירה מכבי פחית 500 מ,מיליליטרים,500.00,"100 מ""ל",false,1,9.90,1.98,true,1,
7290008464604,false,"בירה היינקן פחית 500מ""ל",טמפו משקאות בע''מ,NL,"היינקן פחית 500 מ""ל",מיליליטרים,500.00,"100 מ""ל",false,1,10.90,2.18,true,1,
7290008464673,false,"בירה גולדסטאר SLOWBREW פחית 10%, 500 מ""ל","טמפו משקאות בע""מ",IL,בירה גולדסטאר SLOW B,מיליליטרים,500.00,"100 מ""ל",false,1,10.90,2.18,true,1,
7290008464734,false,"בירה גולדסטאר SLOW BREW מארז 330X6מ""ל",טמפו משקאות בע''מ,IL,שישיית גולדסטאר 330,מיליליטרים,1980.00,"100 מ""ל",false,1,41.90,2.12,true,1,
7290008464741,false,"שישייית בירה גולדסטאר כהה 330X6 מ""ל",טמפו,IL,שישיית בקבוקי גולדסט,מיליליטרים,1980.00,"100 מ""ל",false,1,32.90,1.66,true,1,
7290008464796,false,"בירה היינקין ח""פ בקבוק 330X6מ""ל",טמפו,IL,שישיית הייניקן בקבוק,מיליליטרים,1980.00,"100 מ""ל",false,1,38.90,1.96,true,1,
7290008466318,false,רוגלך ירושלמי 300 גרם,דין שיווק,IL,רוגלך ירושלמי 300 גר,גרמים,300.00,100 גרם,false,1,18.90,6.30,true,1,
7290008493413,false,פירורי גריסיני קלאסי מאיר בייגל 200 גרם,מאיר בייגל,IL,פירורי גריסיני מאיר,גרמים,200.00,100 גרם,false,1,7.50,3.75,true,1,
7290008493710,false,פירורי גריסיני זהב מאיר בייגל 200 גרם,מאיר בייגל,IL,פירורי גריסיני בייגל,גרמים,200.00,100 גרם,false,1,7.50,3.75,true,1,
7290008644235,false,עלי בייבי 120 גר' שטראוס,שטראוס בריאות ירקות,IL,עלי בייבי אחלה טבע,גרמים,120.00,100 גרם,false,1,12.90,10.75,true,1,
7290008644945,false,סלט המושבה שטופים שט,שטראוס בריאות ירקות,IL,סלט המושבה אחלה טבע,גרמים,450.00,100 גרם,false,1,12.90,2.87,true,1,
7290008645935,false,חומוס לניגוב אחלה 750 ג',"שטראוס גרופ בע""מ",IL,חומוס אחלה 750 גרם,גרמים,750.00,100 גרם,false,1,11.90,1.59,true,1,
7290008670142,false,"יין רקנאטי יסמין אדום 2019 750 מ""ל",יקב רקאנטי,IL,רקנאטי יסמין אדום 75,Unknown,0.00,Unknown,false,1,39.90,39.90,true,1,
7290008670852,false,רקנאטי יונתן אדום 750 מל,,IL,רקנאטי יונתן אדום 75,Unknown,0.00,Unknown,false,1,43.90,43.90,true,1,
7290008690713,false,פריגת אושן ספריי חמוציות 1ל',מבשלות בירה בינלאומי,IL,נקטר אושן ספריי 1 ל,מיליליטרים,1000.00,"100 מ""ל",false,1,13.90,1.39,true,1,
7290008747547,false,תפוציפס קראנץ טבעי 200 גרם,"שטראוס פריטו ליי בע""",IL,תפוציפס קראנץ טבעי 2,גרמים,200.00,100 גרם,false,1,10.90,5.45,true,1,
7290008752244,false,תפוצ'יפס אקסטרא גריל 50 גרם,"שטראוס פריטו ליי בע""",IL,תפוציפס קראנצי גריל,גרמים,50.00,100 גרם,false,1,4.90,9.80,true,1,
7290008753111,false,תפוציפס קראנצי מקסיקני 50 גרם,"שטראוס פריטו ליי בע""",IL,תפוציפס קראנצי מקסיק,גרמים,50.00,100 גרם,false,1,4.90,9.80,true,1,
7290008753364,false,דוריטוס גריל עלית 55 ג',שטראוס פריטו ליי בע,IL,דוריטוס גריל 55 גר,גרמים,55.00,100 גרם,false,1,4.30,7.82,true,1,
7290008754415,false,גומי מאסט בטעם ספירמינט עדין פליפטופ 28 ג' עלית,"שטראוס גרופ בע""מ",IL,מסטיק מאסט מגדים ספי,Unknown,0.00,Unknown,false,1,4.90,4.90,true,1,
7290008775816,false,ערגליות שוקו חדש12*300גרם 2020,מיוצר עי קונדיטוריית,IL,ערגליות שוקו 300 גרם,גרמים,300.00,100 גרם,false,1,12.90,4.30,true,1,
7290008776028,false,המבורגר קלאסי קפוא,,,המבורגר קלאסי קפוא,גרמים,300.00,100 גרם,false,0,31.50,10.50,true,1,
7290008776103,false,קוביות לגולש עגל טרי,,,קוביות לגולש עגל טרי,Unknown,0.00,"ק""ג",true,0,69.90,69.90,true,1,
7290008801119,false,סלקטד סוביניון בלאן לבן יבש 750 מל,אגודת הכורמים הקואופ,IL,סלקטד סוביניון בלאן,Unknown,0.00,Unknown,false,1,29.90,29.90,true,1,
7290008801430,false,כרמל תירוש אדום (6) 750מל,"כד בני דרום בע""מ",IL,"תירוש אדום 750 מ""ל",Unknown,0.00,Unknown,false,1,18.90,18.90,true,1,
7290008801843,false,קברנה סוביניון אדום יבש 750 מל סלקטד,"כד בני דרום בע""מ",IL,קברנה סוביניון אדום,Unknown,0.00,Unknown,false,1,32.90,32.90,true,1,
7290008801850,false,סלקטד אמרלד ריזלינג לבן חצי יבש 750 מל,אגודת הכורמים הקואופ,IL,סלקטד אמרלד ריזלינג,Unknown,0.00,Unknown,false,1,29.90,29.90,true,1,
7290008802291,false,"יין מרלו פרייוט קולקשן 750 מ""ל",אגודת הכורמים הקואופ,IL,יין מרלו אדום יבש 75,Unknown,0.00,Unknown,false,1,42.90,42.90,true,1,
7290008802895,false,יין קברנה סוביניון פרייוט קולקשן,אגודת הכורמים הקאופו,IL,קברנה סובניון אדום י,Unknown,0.00,Unknown,false,1,42.90,42.90,true,1,
7290008804745,false,יין גורצטמינר גליל עליון 2007 750 מל,אגודת הכורמים הקואופ,IL,יין גורצטמינר גליל,Unknown,0.00,Unknown,false,1,64.90,64.90,true,1,
7290008849661,false,אוליביה ממרח עגבניות מיובשות פיקנטי 180 גרם,טרופיקל דגיל תעשיות,IL,ממרח עגבניות מיובשות,גרמים,180.00,100 גרם,false,1,16.40,9.11,true,1,
7290008849838,false,טפנד זיתים אוליביה 190 גר',"אוליביה גורמה בע""מ",IL,טפנד זיתים אוליביה 1,גרמים,180.00,100 גרם,false,1,16.40,9.11,true,1,
7290008909761,false,"קרלסברג בקבוק יחיד 330מ""ל",מבשלות בירה בינלאומי,IL,קרלסברג בקבוק 330 מל,מיליליטרים,330.00,"100 מ""ל",false,1,8.90,2.70,true,1,
7290008909853,false,קוקה קולה זירו בקבוק 500מל,החברה המרכזית לייצור,IL,"קוקה קולה 500 מ""ל Z",מיליליטרים,500.00,"100 מ""ל",false,1,8.50,1.70,true,1,
7290008909884,false,"קוקה קולה זירו 350 מ""ל בקבוק זכוכית",החברה המרכזית לייצור,IL,קוקה קולה ZERO קלאסי,מיליליטרים,350.00,"100 מ""ל",false,1,6.50,1.86,true,1,
7290008961110,false,טושיונקה בקר מיוחד 400 גר,,,טושיונקה בקר מיוחד 4,גרמים,400.00,100 גרם,false,1,25.10,6.28,true,1,
7290008961127,false,טושיונקה בקר רוסית 400 גרם,,,טושיונקה בקר רוסית 4,גרמים,400.00,100 גרם,false,1,25.10,6.28,true,1,
7290010002016,false,מימון כוסברה טחונה 1,,,כוסברה טחון 100 גרם,גרמים,100.00,100 גרם,false,1,10.50,10.50,true,1,
7290010002023,false,כורכום הודי טחון 100 גרם,א.ל ייצור ושיווק תבל,IL,כורכום הודי טחון 100,גרמים,100.00,100 גרם,false,1,12.90,12.90,true,1,
7290010002030,false,כמון טחון 100גרם יורדן,א.ל ייצור ושיווק תבל,IL,כמון 100 גרם,גרמים,100.00,100 גרם,false,1,12.90,12.90,true,1,
7290010002078,false,פלפל שחור טחון 100 גרם,א.ל ייצור ושיווק תבל,IL,פלפל שחור טחון 120 ג,גרמים,100.00,100 גרם,false,1,16.90,16.90,true,1,
7290010002108,false,פלפל שחור גרוס גס 90 גרם,א.ל ייצור ושיווק תבל,IL,פלפל שחור גרוס גס 90,גרמים,90.00,100 גרם,false,1,16.90,18.78,true,1,
7290010002139,false,פפריקה הונגרית חריפה 100 גרם,,,פפריקה הונגרית חריפה,גרמים,100.00,100 גרם,false,1,12.90,12.90,true,1,
7290010002191,false,תבליני מימון מקלות קינמון,TLV צ'יף,IL,מקלות קינמון 50 גרם,גרמים,50.00,100 גרם,false,1,12.90,25.80,true,1,
7290010002207,false,מימון קינמון טחון במ,א.ל ייצור ושיווק תבל,IL,קינמון טחון 100 גרם,גרמים,100.00,100 גרם,false,1,10.50,10.50,true,1,
7290010002214,false,צילי מקסיקני גרוס 70 גרם,TLV צ'יף,IL,צילי מקסיקני גרוס 70,Unknown,0.00,Unknown,false,1,12.90,12.90,true,1,
7290010002344,false,מימון תיבול לדג 100,,,תבלין לדג 100 גרם,גרמים,100.00,100 גרם,false,1,12.90,12.90,true,1,
7290010002351,false,זעתר ושומשום בלדי 100 גרם,א.ל ייצור ושיווק תבל,IL,זעתר ושומשום בלדי 10,גרמים,100.00,100 גרם,false,1,12.90,12.90,true,1,
7290010002368,false,תערובת חווג למרק 100 גרם,א.ל ייצור ושיווק תבל,IL,תערובת חווג למרק 100,גרמים,100.00,100 גרם,false,1,12.90,12.90,true,1,
7290010002375,false,מימון קארי 100 גרם,א.ל ייצור ושיווק תבל,IL,מדרס קארי 100 גרם,גרמים,100.00,100 גרם,false,1,12.90,12.90,true,1,
7290010002382,false,תבליני מימון אורגנו,,,אורגנו 40 גרם,Unknown,0.00,Unknown,false,1,10.50,10.50,true,1,
7290010002399,false,בזיליקום -ריחן 40 גרם,,,בזיליקום -ריחן 40 גר,Unknown,0.00,Unknown,false,1,10.50,10.50,true,1,
7290010002436,false,מימון פטרוזיליה במיכ,,,פטרוזיליה 25 גרם,Unknown,0.25,Unknown,false,1,10.50,42.00,true,1,
7290010002443,false,מימון רוזמרין במיכל,א.ל ייצור ושיווק תבל,IL,רוזמרין 40 גרם,Unknown,0.00,Unknown,false,1,10.50,10.50,true,1,
7290010002498,false,מימון שום גבישי 120,א.ל ייצור ושיווק תבל,IL,שום גבישי 120 גרם,גרמים,120.00,100 גרם,false,1,16.40,13.67,true,1,
7290010003686,false,מימון עלי דפנה שקית,,,עלי דפנה 20 גרם שקית,Unknown,0.00,Unknown,false,1,6.90,6.90,true,1,
7290010003754,false,מימון כמון טחון שקית,TLV צ'יף,IL,כמון טחון 50 גרם,Unknown,0.00,Unknown,false,1,6.90,6.90,true,1,
7290010003792,false,מלח לימון שקית 100 גרם,א.ל ייצור ושיווק תבל,IL,מלח לימון שקית 100 ג,גרמים,100.00,100 גרם,false,1,6.90,6.90,true,1,
7290010003839,false,קינמון טחון 80 גרם שקית,TLV צ'יף,IL,שקיות תבלינים שונים,Unknown,0.00,Unknown,false,1,6.90,6.90,true,1,
7290010117970,false,סבבה בוטנים קלויים מצופים - אריזה אישית,"שטראוס פריטו ליי בע""",IL,סבבה בוטנים אמריקאים,Unknown,0.00,Unknown,false,1,3.30,3.30,true,1,
7290010119950,false,דוריטוס חמוץ חריף 55 גרם-סטריפ,שטראוס גרופ,,דוריטוס חמוץ חריף 55,גרמים,55.00,100 גרם,false,1,4.30,7.82,true,1,
7290010163069,false,צנובר 100 גרם ששון הקולה,"דין שיווק וקלייה בע""",IL,צנובר 100 גרם ששון ו,גרמים,100.00,100 גרם,false,1,29.90,29.90,true,1,
7290010195268,false,פופקורן פופסטאר חמישייה מופחת שומן טבעי,פופ סטאר,US,פופקורן פופסטאר מופח,גרמים,425.00,100 גרם,false,1,16.90,3.98,true,1,
7290010237531,false,"פפסי קולה פלסטיק 500 מ""ל","טמפו משקאות בע""ם.",IL,"פפסי קולה 500 מ""ל",מיליליטרים,500.00,"100 מ""ל",false,1,4.90,0.98,true,1,
7290010237685,false,"הייניקן בירה צואר ארוך 330מ""ל",טמפו משקאות בע''מ,IL,"בירה הייניקן 330 מ""ל",מיליליטרים,330.00,"100 מ""ל",false,1,10.90,3.30,true,1,
7290010237890,false,"בירה הייניקן בקבוק 500 מ""ל חוזר",טמפו משקאות בע''מ,IL,"בירה היינקן 500 מ""ל",מיליליטרים,500.00,"100 מ""ל",false,1,9.90,1.98,true,1,
7290010259823,false,מנת השף מרק עם נודלס טעם עוף בדץ 70ג,נמצ'או(תאילנד) בעמ,TH,מרק עם נודלס טעם עוף,גרמים,70.00,100 גרם,false,1,6.00,8.57,true,1,
7290010259830,false,מרק עם נודלס סיני פיקנטי מנת השף 70 גר,נמצ'או(תאילנד) בעמ,TH,מרק עם נודלס סיני פי,גרמים,70.00,100 גרם,false,1,6.00,8.57,true,1,
7290010259977,false,שמן קנולה וילי פוד 1 ליטר,בונגי פולין אס.פי.זד,PL,שמן קנולה וילי פוד 1,מיליליטרים,1000.00,"100 מ""ל",false,1,11.90,1.19,true,1,
7290010471669,false,יוגורט תות עם קורנפלקס מצופה שוקולד ללא גלוטן 3.9%,"שטראוס בריאות בע""מ",IL,דנונה בר תות קורנפלק,גרמים,175.00,100 גרם,false,1,4.80,2.74,true,1,
7290010513703,false,צ'ופסטיקס צפצפה - 20 יחידות,גולין פנגזו,CN,צופסטיקס 20 יח חד פע,Unknown,0.00,Unknown,false,1,7.90,7.90,true,1,
7290010513727,false,פירורי לחם קינגדאו פנקו 200 גר,קינגדאו גוניון פודס,CN,פירורי לחם קינגדאו פ,גרמים,200.00,100 גרם,false,1,9.30,4.65,true,1,
7290010582037,false,פלפל ננסי טינקרבל,חקלאי,IL,חטיף פלפלון,Unknown,0.00,Unknown,false,1,9.90,9.90,true,1,
7290010627004,false,טחינה גולמית מסורתית ירושלים 500 ג',"בראשית ירושלים בע""מ",IL,טחינה ירושלים 500 גר,גרמים,500.00,100 גרם,false,1,16.90,3.38,true,1,
7290010676446,false,"פילה דג בסה מעובד קפוא 1 ק""ג",,,פילה דג בסה קפוא,קילוגרמים,0.00,"ק""ג",false,1,32.90,32.90,true,1,
7290010766949,false,ממרח תחתיות ארטישוק 180ג' אוליביה,אוליביה,IL,ממרח ארטישוק אוליביה,גרמים,190.00,100 גרם,false,1,14.90,7.84,true,1,
7290010777006,false,מארז לחמניות כוסמין 360 גרם,,IL,מארז לחמניות כוסמים,גרמים,360.00,100 גרם,false,1,16.90,4.69,true,1,
7290010777051,false,מארז לחמניות המבורגר 5 יח,,,מארז לחמניות המבורגר,Unknown,0.00,Unknown,false,1,15.90,15.90,true,1,
7290010777068,false,מארז לחמניות מתוקות/קלועות 5 יח,,,מארז לחמניות מתוקות/,Unknown,0.00,Unknown,false,1,15.90,15.90,true,1,
7290010777136,false,לחמנייה שמיניה 5 יח,,,לחמניה קלועה 5 יח,Unknown,0.00,Unknown,false,1,15.50,15.50,true,1,
7290010777150,false,פיתה חיטה מלאה בריבוע 8יח' שקית 800 גר',מגוון שיווק והפצת מא,IL,פיתה בריבוע חיטה מלא,Unknown,0.00,Unknown,false,1,17.90,17.90,true,1,
7290010777297,false,פיתה אקספרס מארז 12יח',מגוון שיווק והפצת מא,IL,פיתה ביס לבן,גרמים,500.00,100 גרם,false,1,17.90,3.58,true,1,
7290010777358,false,מארז שמיניית פיתות 100% כוסמין מלא,מגוון שיווק והפצת מא,IL,מארז שמיניית פיתות 1,גרמים,400.00,100 גרם,false,1,17.90,4.48,true,1,
7290010777488,false,מארז פיתות 100% מחמצת קמח מלא 500 גרם,מאפיית ביכורים מזון,IL,מארז פיתות 100% מחמצ,גרמים,500.00,100 גרם,false,1,18.90,3.78,true,1,
7290010777525,false,פיתות 100% כוסמין דק 99 קל 6 יח,מאפיית ביכורים מזון,IL,מארז פיתות כוסמין 6,Unknown,0.00,Unknown,false,1,19.90,19.90,true,1,
7290010945146,false,קוטג' 3% מועשר בסידן טרה 250 ג' מהדרין,טרה,IL,קוטג 3% מועשר 250 גר,גרמים,250.00,100 גרם,false,1,6.50,2.60,true,1,
7290011015862,false,"פריגת סירופ דיאט לימונענע 750 מ""ל",סירופ - גבעת חיים,IL,סירופ דיאט לימונענע,מיליליטרים,750.00,"100 מ""ל",false,1,23.90,3.19,true,1,
7290011017866,false,קוקה קולה קלאסי בפחית,החברה המרכזית לייצור,IL,"פחית סליק ק""ק 330 מ""",מיליליטרים,330.00,"100 מ""ל",false,1,5.90,1.79,true,1,
7290011017873,false,"קוקה קולה זירו פחית 330 מ""ל",החברה המרכזית לייצור,IL,פחית סליק זירו 330 מ,מיליליטרים,330.00,"100 מ""ל",false,1,5.90,1.79,true,1,
7290011017880,false,דיאט קוקה קולה פחית סליק 330מל,החברה המרכזית לייצור,IL,"פחית סליק ד. ק""ק 330",מיליליטרים,330.00,"100 מ""ל",false,1,5.90,1.79,true,1,
7290011018184,false,"אייס תה FUZE TEAאפרסק 500 מ""ל",מבשלות בירה בינלאומי,IL,"תה פיוז אפרסק 500 מ""",מיליליטרים,500.00,"100 מ""ל",false,1,8.80,1.76,true,1,
7290011064075,false,מעדן לאבנה ניצן אבו גוש 200 ג',הגבינות של ניצן,IL,לבנה עם תוספות 200 ג,גרמים,200.00,100 גרם,false,1,16.70,8.35,true,1,
7290011131371,false,מוזלי קראנצ'י שקדים ואגוזים,ויטליאה ניקולה דו,MK,מיזלי קראנץ אלמונ 1,גרמים,1000.00,100 גרם,false,1,27.90,2.79,true,1,
7290011132507,false,"סודה סן בנדטו מוגז עדין 500מ""ל",אקווה מינרלה סאן בנד,IT,סאן בנדטו מוגז 50 מל,מיליליטרים,500.00,"100 מ""ל",false,1,4.90,0.98,true,1,
7290011133634,false,"פפסי מקס פחית צרה מארז שישייה 330 מ""ל","טמפו משקאות בע""מ",IL,שישייה פחיות פפסי מק,ליטרים,0.00,ליטר,false,1,19.90,19.90,true,1,
7290011148898,false,גבעולי ברוקולי משקל 400 גר,חקלאי,IL,גבעולי ברוקולי 400 ג,קילוגרמים,0.00,"ק""ג",false,1,11.90,11.90,true,1,
7290011148904,false,פלפל צילי,,,פלפל צילי,Unknown,0.00,Unknown,false,1,6.90,6.90,true,1,
7290011148911,false,פלפלים מתוקים טינקרב,קוליוס,IL,פלפל טינקרבל,Unknown,0.00,Unknown,false,1,12.90,12.90,true,1,
7290011148935,false,מלפפון מיני ארוז,חקלאי,IL,מלפפון בייבי,Unknown,0.00,Unknown,false,1,14.90,14.90,true,1,
7290011194246,false,קוטג שטראוס 5% עם סידן 250ג,מיוצר עי קונדיטוריית,IL,קוטג 5% 250 גר,גרמים,250.00,100 גרם,false,1,5.90,2.36,true,1,
7290011235024,false,רוזמרין ארוז,חקלאי,IL,רוזמרין,Unknown,0.00,Unknown,false,1,5.90,5.90,true,1,
7290011235031,false,בזיליקום,,,רוקולה,Unknown,0.00,Unknown,false,1,5.90,5.90,true,1,
7290011235055,false,בזיליקום,יבולי הבשור,IL,בזיליקום,Unknown,0.00,Unknown,false,1,5.90,5.90,true,1,
7290011235062,false,עירית,חקלאי,IL,עירית,Unknown,0.00,Unknown,false,1,5.90,5.90,true,1,
7290011235079,false,קורנית (טימין),חקלאי,IL,קורנית,Unknown,0.00,Unknown,false,1,5.90,5.90,true,1,
7290011235109,false,מרווה,,,מרווה,Unknown,0.00,Unknown,false,1,5.90,5.90,true,1,
7290011438142,false,"משקה יטבתה אייס קפה בבקבוק אישי 350 מ""ל",שטראוס גרופ,IL,משקה חלב בטעם קפה,מיליליטרים,350.00,"100 מ""ל",false,1,7.30,2.09,true,1,
7290011447908,false,"סופר-קט בטעם עוף כבד 3 ק""ג",מעברות,IL,סופר קט מזון לחתולים,קילוגרמים,0.00,"ק""ג",false,1,49.90,49.90,true,1,
7290011499051,false,פטה כבשים מסורתית 20% בגביע 250 גרם - רובין,MKN עבור מחלבות גד ב,IL,פטה כבשים מסורתית 2,גרמים,250.00,100 גרם,false,1,31.90,12.76,true,1,
7290011499327,false,גבינה בולגרית מעודנת 5% 250 גרם - רבנות,מיוצר על ידי DSH עבו,IL,גבינה בולגרית מעודנת,גרמים,250.00,100 גרם,false,1,28.80,11.52,true,1,
7290011499358,false,פטה עיזים מסורתית 20% בגביע 200 גרם - רובין,מיוצר על ידי קוד יצר,IL,גבינת פטה עיזים 200,גרמים,200.00,100 גרם,false,1,33.90,16.95,true,1,
7290011499365,false,גבינה חלומי נענע גד,"מחלבות גד בע""מ",IL,גבינת חלומי 200 גר,גרמים,200.00,100 גרם,false,1,24.90,12.45,true,1,
7290011499419,false,גבינה במרקם שמנת בטעם טבעי 5% ניו יורק,מחלבות גד,IL,גבינה במרקם שמנת 5%,גרמים,200.00,100 גרם,false,1,12.90,6.45,true,1,
7290011499624,false,שמנת 30% ניו יורק טבעי 200 גרם רבנות,מחלבות גד,IL,גבינת שמנת 30% טבעי,גרמים,200.00,100 גרם,false,1,13.40,6.70,true,1,
7290011501617,false,חמוציות ברכז תפוחים ללא תוספת סוכר 250 גרם,אף.סי תבליני בגליל ב,IL,חמוציות תפוחים ללא ס,גרמים,250.00,100 גרם,false,1,19.90,7.96,true,1,
7290011587093,false,תירס גמדי תומר 400 ג,איידונג יוזו,IL,תירס גמדי 400 גרם,גרמים,400.00,100 גרם,false,1,6.90,1.73,true,1,
7290011587857,false,עגבניות מיובשות בשמן חמניות ועשבי תיבול,יושלם,IL,עגבניות מיובשות מתוב,גרמים,250.00,100 גרם,false,1,13.70,5.48,true,1,
7290011644000,false,מקלות תירס ממותקים 80 גרם,סנקי,IL,מקלות תירס ממותקים 8,גרמים,90.00,100 גרם,false,1,5.70,6.33,true,1,
7290011728007,false,נאצוס תירס טבעי טרז פזוס 180 גרם,,IL,נאצוס תירס טבעי טרז,גרמים,180.00,100 גרם,false,1,20.80,11.56,true,1,
7290011830250,false,אטריות אורגניות ללא גלוטן 100% כוסמת 250,הול גריין פודסטאפס ב,CN,אטריות אורגניות ללא,גרמים,100.00,100 גרם,false,1,19.90,19.90,true,1,
7290011877859,false,סנו אינסטלטור חדש פותח סתימות 200ג',מיוצר עי קונדיטוריית,IL,סנו אינסטלטור פותח ס,מיליליטרים,200.00,"100 מ""ל",false,1,17.90,8.95,true,1,
7290011878870,false,"נקטר שזיף ללא תוספת סוכר 330 מ""ל",,,נקטר שזיף ללא תוספת,מיליליטרים,330.00,"100 מ""ל",false,1,13.20,4.00,true,1,
7290011947309,false,זיתים מצוננים סורי מבוקע ולימון כבוש זיתא 230 ג',זיתא – י.ט.ב תעשיות,IL,זית סורי מבוקע עם לי,גרמים,220.00,100 גרם,false,1,14.90,6.77,true,1,
7290011947743,false,זיתים זיתא מיקס זית ירוק וזית קלמטה 215 גרם,זיתא - י.ט.ב תעשיות,IL,מיקס זיתים זיתא 215,גרמים,215.00,100 גרם,false,1,14.90,6.93,true,1,
7290011947781,false,מיקס זית ירוק וזית קלמטה ללא גלעין עם שמן זית 190 ג',זיתא - י.ט.ב תעשיות,IL,מיקס זית ירוק/קלמטה,גרמים,190.00,100 גרם,false,0,14.90,7.84,true,1,
7290011947798,false,זית קלמטה ללא גלעין עם שמן זית כתית 190 ג',זיתא - י.ט.ב תעשיות,IL,זית קלמטה ללא גלעין,גרמים,190.00,100 גרם,false,0,14.90,7.84,true,1,
7290012001994,false,חרדל דיז'ון גרעינים 350 ג' ריין דיזון,ריין דיז'ון reine dijon,FR,חרדל דיזיון 350 גרם,גרמים,350.00,100 גרם,false,1,13.90,3.97,true,1,
7290012019258,false,מחית תפוחי עץ רביעיה 4 * 113 ג' תומר,Cherry growers inc,US,"רסק תפו""ע 4 יח 113",גרמים,113.00,100 גרם,false,1,13.90,12.30,true,1,
7290012019265,false,"רסק תפוֿֿֿֿ""ע פלסטיק דיאט 4יח'12X",Cherry growers inc,US,"רסק תפו""ע דיאט 4 יח",גרמים,113.00,100 גרם,false,1,13.90,12.30,true,1,
7290012116537,false,"סנו מקסימה אבקת כביסה 2.5 ק""ג מאסק",טרופיקל דגיל תעשיות,IL,א.כ. מקסימה מאסק 2.5,קילוגרמים,0.00,"ק""ג",false,1,33.50,33.50,true,1,
7290012116735,false,נייר טואלט סנו סופט גמבו קומפקט 24 גל,סנו מפעלי ברונוס בעמ,IL,נייר טואלט סנו סופט,מטרים,900.00,מטר,false,1,43.90,0.05,true,1,
7290012117916,false,סנו אינסטלאטור פותח סתימות נוזלי 1 ל',"סנו מפעלי ברונוס בע""",IL,סנו אינסטלטור נוזלי,מיליליטרים,1000.00,"100 מ""ל",false,1,33.90,3.39,true,1,
7290012245176,false,גולד ציפס קריספי 700 גרם,אגריסטו,BE,גולד ציפס קריספי 700,גרמים,700.00,100 גרם,false,1,16.90,2.41,true,1,
7290012245183,false,ציפס קריספי קלאסי 700 גרם,אגריסטו,BE,ציפס קריספי קלאסי 70,גרמים,700.00,100 גרם,false,1,22.90,3.27,true,1,
7290012245312,false,"צ'יפס אמריקאי 1.5 ק""ג גולד שארית",יוליניבר,IL,גולד ציפס אמריקאי 1.,גרמים,1500.00,100 גרם,false,1,22.90,1.53,true,1,
7290012245329,false,"צ'יפס קלאסי 1.5 ק""ג גולד שארית",יוליניבר,BE,גולד ציפס קלאסי 1.5,גרמים,1500.00,100 גרם,false,1,22.90,1.53,true,1,
7290012251153,false,ביצי דג אלתית קוויאר במשקל,,,ביצי דג אלתית קוויאר,Unknown,0.00,"ק""ג",true,0,525.00,525.00,true,1,
7290012251177,false,מיני סרוולט איטלקי 400 גר,,,מיני סרוולט איטלקי,גרמים,400.00,100 גרם,false,1,49.90,12.48,true,1,
7290012251344,false,דים סאם ירקות ואורז 360 גר,,,דים סאם ירקות ואורז,גרמים,360.00,100 גרם,false,1,44.90,12.47,true,1,
7290012251474,false,שרימפס 26/30 מקולף 500 ג' קפוא,,,שרימפס מקולף 500 גר,גרמים,500.00,100 גרם,false,1,51.50,10.30,true,1,
7290012251498,false,שרימפס מקולף 500 גר קפוא M,,,שרימפס מקולף 500 גר,גרמים,500.00,100 גרם,false,1,52.50,10.50,true,1,
7290012251535,false,שרימפס מבושל 750 גר קפוא,,,שרימפס מבושל קפוא,גרמים,750.00,100 גרם,false,1,61.90,8.25,true,1,
7290012251542,false,"שרימפס לא מקולף גדול 1 ק""ג קפוא 26/30",,,שרימפס לא מקולף גדול,קילוגרמים,0.00,"ק""ג",false,1,110.50,110.50,true,1,
7290012251726,false,מזרע קרפלך הודו מתכון סבתא 600 גר,,,מזרע קרפלך הודו 600ג,גרמים,600.00,100 גרם,false,1,33.50,5.58,true,1,
7290012251757,false,קרפלך תפוחי אדמה 600 גר,,,קרפלך תפוחי אדמה 600,גרמים,600.00,100 גרם,false,1,23.00,3.83,true,1,
7290012251979,false,ממרח חמאה במליחות מעודנת Farmers cheese,,IL,ממרח חמאה במליחות מע,גרמים,150.00,100 גרם,false,1,12.90,8.60,true,1,
7290012306501,false,פריכיות כוסמת 150 גרם,,,פריכיות כוסמת 150 גר,גרמים,150.00,100 גרם,false,1,12.90,8.60,true,1,
7290012306532,false,פריכיות כוסמת עם מלח 150 גרם,מכבים,,פריכיות כוסמת עם מלח,גרמים,150.00,100 גרם,false,1,12.90,8.60,true,1,
7290012309878,false,חלבה פיסטוק ששון הקולה 500 ג',דין שיווק,IL,חלבה עם פיסטוק 500 ג,גרמים,500.00,100 גרם,false,1,16.70,3.34,true,1,
7290012404177,false,"שוופס Fruits תפוח זכוכית 330 מ""ל",יפאורה תבורי בעמ,IL,שוופס FRUITS תפוחים,מיליליטרים,330.00,"100 מ""ל",false,1,6.20,1.88,true,1,
7290012404184,false,"שוופס Fruits לימון זכוכית 330 מ""ל",יפאורה תבורי בעמ,IL,שוופס FRUITS לימונים,מיליליטרים,330.00,"100 מ""ל",false,1,6.20,1.88,true,1,
7290012404955,false,ספרינג קולקשן נקטר חמוציות 1.25 ל',"יפאורה תבורי בע""מ",IL,ספרינג Collection,ליטרים,0.00,ליטר,false,1,14.40,14.40,true,1,
7290012525049,false,קרחון אבטיח 108 גר,,IL,קרחון אבטיח 108 גר,גרמים,108.00,100 גרם,false,1,6.90,6.39,true,1,
7290012525087,false,שלגון בננה מצופה,,,שלגון בננה מצופה,Unknown,0.00,Unknown,false,1,6.90,6.90,true,1,
7290012525452,false,טילון אקסטרים נוק אאוט שוקו וניל 70ג',גלידות נסטלה (נגה גל,IL,אקסטרים שוקו וניל,Unknown,0.00,Unknown,false,1,10.00,10.00,true,1,
7290012588570,false,ווטר בוקס - מי מעיין טבעיים 1.ליטר,בוריסטליג' בוטלינג ק,IE,ווטר בוקס - מי מעיין,מיליליטרים,1000.00,"100 מ""ל",false,1,5.90,0.59,true,1,
7290012645112,false,"יוגורט עיזים בדלי חלב הארץ 750מ""ל",מחלבות סוסיא,IL,יוגורט עיזים בדלי 75,מיליליטרים,750.00,"100 מ""ל",false,1,21.90,2.92,true,1,
7290012645129,false,"יוגורט כבשים בדלי חלב הארץ 750מ""ל",מחלבות סוסיא,IL,יוגורט כבשים בדלי 7,מיליליטרים,750.00,"100 מ""ל",false,1,21.90,2.92,true,1,
7290012645297,false,סוסיא יוגורט עיזים ביו 2.8% ט.טבעי 150מל,מחלבות סוסיא,IL,יוגורט עיזים בטעם טב,גרמים,150.00,100 גרם,false,1,6.90,4.60,true,1,
7290012803765,false,טבלאת שוקולד מריר 100 גרם -טוסו,אלטינמארקה גידה סאן,TR,טוסו מר שוקולד מריר,גרמים,100.00,100 גרם,false,1,14.20,14.20,true,1,
7290012803772,false,שוקולד חלב ללא תוספת סוכר,אלטינמארקה גידה סאן,TR,טוסו מר שוקולד חלב 1,גרמים,100.00,100 גרם,false,1,14.20,14.20,true,1,
7290012803796,false,שוקולד חלב עם אגוזים ללא תוספת סוכר,אלטינמארקה גידה סאן,TR,טוסו מר שוקולד חלב ע,גרמים,100.00,100 גרם,false,1,14.20,14.20,true,1,
7290012823398,false,מטליות חד פעמיות לניקוי הרצפה בניחוח מרכך כביסה 10יח' סנו,סנו מפעלי ברונו בעמ,IL,מט.לחות לריצפה בניחו,Unknown,0.00,Unknown,false,1,14.90,14.90,true,1,
7290012823558,false,סנו סושי מטליות לחות לריצפה ענק 10 יח,סנו מפעלי ברונוס בעמ,IL,סנו סושי מטליות לחות,Unknown,0.00,Unknown,false,1,12.20,12.20,true,1,
7290012864001,false,נביטי חמניה 170ג',קרונוס,IL,נבטי חמניה,Unknown,0.00,Unknown,false,1,14.90,14.90,true,1,
7290012864025,false,מיקס אלפלפא חמניה,קרלסברג יבוא יצוא,IL,נבטי אלפלפא,Unknown,0.00,Unknown,false,1,9.90,9.90,true,1,
7290012901355,false,דודלס ארוחת אטריות עם גבינה 206 גרם,האי נאם סי או אל.טי.,US,פולד מקרוני & ציז 20,גרמים,206.00,100 גרם,false,1,12.90,6.26,true,1,
7290012901959,false,ארוחת אטריות עם גבינה מסולסלים 156 גרם,,US,אטריות עם גבינה מסול,גרמים,156.00,100 גרם,false,1,13.50,8.65,true,1,
7290012901973,false,שעועית אדומה גאלה 400 גרם,,IT,שעועית אדומה גאלה 40,גרמים,400.00,100 גרם,false,1,12.00,3.00,true,1,
7290012921032,false,"בירה מלכה אדמונית 330 מ""ל",בירה מלכה בעמ,IL,בירה מלכה אדמונית 33,מיליליטרים,330.00,"100 מ""ל",false,1,16.90,5.12,true,1,
7290012921063,false,בירה מלכה הינדי בבקבוק,בירה מלכה בעמ,IL,בירה מלכה הינדי 330,מיליליטרים,330.00,"100 מ""ל",false,1,16.90,5.12,true,1,
7290012936937,false,תבלינים בהרט בצנצנת 40 גרם,א.ל ייצור ושיווק תבל,IL,תבלינים בהרט בצנצנת,Unknown,0.00,Unknown,false,1,12.90,12.90,true,1,
7290013117410,false,בצק פריך מרודד למאפים מתוקים 900 ג' מעדנות,מיוצר עי קונדיטוריית,IL,בצק פריך מתוק 900 גר,גרמים,900.00,100 גרם,false,1,27.50,3.06,true,1,
7290013144232,false,פודינג בטעם וניל מימונס 80 ג',מיוצר עי קונדיטוריית,IL,פודינג וניל 85 גר,גרמים,85.00,100 גרם,false,1,6.60,7.76,true,1,
7290013144393,false,"תמצית בטעם וניל מימונס 50 מ""ל",מיוצר עי קונדיטוריית,IL,"תמצית וניל 50 מ""ל",מיליליטרים,50.00,"100 מ""ל",false,1,5.50,11.00,true,1,
7290013144768,false,סירופ בטעם שוקולד מימונס 500ג',מימונס אפיה,IL,סירופ בטעם שוקולד 50,גרמים,500.00,100 גרם,false,1,15.90,3.18,true,1,
7290013145123,false,שקד מולבן פרוס מימונס 100 גר',מימונס אפיה,IL,שקד מולבן פרוס 100 ג,גרמים,100.00,100 גרם,false,1,16.90,16.90,true,1,
7290013145178,false,קוקוס טחון לבן מימונס 100 ג',מימונס אפיה,IL,קוקוס טחון לבן 100 ג,גרמים,100.00,100 גרם,false,1,5.90,5.90,true,1,
7290013145192,false,שומשום מימונס 100 ג',מימונס אפיה,IL,שומשום 100 גר,גרמים,100.00,100 גרם,false,1,5.90,5.90,true,1,
7290013145451,false,אבקת קקאו מימונס 150 ג',מיוצר עי קונדיטוריית,IL,קקאו 150 גר,גרמים,150.00,100 גרם,false,1,11.00,7.33,true,1,
7290013145710,false,דובדבנים מסוכרים מימונס 100 ג',מיוצר עי קונדיטוריית,IL,דובדבנים מסוכרים 100,גרמים,100.00,100 גרם,false,1,10.90,10.90,true,1,
7290013145840,false,סוכר וניל מימונס 10* 10 ג',מיוצר עי קונדיטוריית,IL,סוכר וניל 10 יח בצלו,Unknown,0.00,Unknown,false,1,2.90,2.90,true,1,
7290013145857,false,אבקת אפייה 10 יח' בצלופן,מימונס אפיה,IL,אבקת אפיה 10 יח בצלו,Unknown,0.00,Unknown,false,1,2.90,2.90,true,1,
7290013145901,false,סודה לשתיה מימונס 100 ג',מימונס אפיה,IL,סודה לשתיה 100 גר,גרמים,100.00,100 גרם,false,1,2.00,2.00,true,1,
7290013145918,false,אבקת סוכר מימונס 100 גר',א.ל. ייצור ושיווק תב,IL,אבקת סוכר 100 גר,גרמים,100.00,100 גרם,false,1,2.30,2.30,true,1,
7290013145949,false,אבקת סוכר באריזת פטנט 250גר,מיוצר עי קונדיטוריית,IL,אבקת סוכר אריזת פטנט,גרמים,250.00,100 גרם,false,1,18.90,7.56,true,1,
7290013145963,false,שמרים יבשים בוואקום מימונוס 125 ג',מימונס אפיה,CN,שמרים יבשים בואקום 1,גרמים,125.00,100 גרם,false,1,6.60,5.28,true,1,
7290013145970,false,קורנפלור מימונס בשקית 200 ג',א.ל ייצור ושיווק תבל,IL,קורנפלור 200 גרם,גרמים,200.00,100 גרם,false,1,4.20,2.10,true,1,
7290013153432,false,"פריגת סחוט לימונענע 400 מ""ל",היינץ צפון אמריקה מק,IL,פריגת סחוט לימונע 40,מיליליטרים,400.00,"100 מ""ל",false,1,10.90,2.73,true,1,
7290013187765,false,ברוקולי טבעפרוסט 800 גר,,,ברוקולי טבעפרוסט 800,גרמים,800.00,100 גרם,false,1,19.90,2.49,true,1,
7290013187772,false,אפונה ירוקה עדינה טבעפרוסט 800 גר,,,אפונה ירוקה עדינה טב,גרמים,800.00,100 גרם,false,1,19.90,2.49,true,1,
7290013187789,false,אפונה ירוקה טבעפרוסט 800 גר,,,אפונה ירוקה טבעפרוסט,גרמים,800.00,100 גרם,false,1,16.70,2.09,true,1,
7290013187796,false,שעועית ירוקה שלמה טבעפרוסט 800 גר,,,שעועית ירוקה שלמה טב,גרמים,800.00,100 גרם,false,1,16.90,2.11,true,1,
7290013187826,false,כרוב ניצנים טבעפרוסט 800 גר,,,כרוב ניצנים טבעפרוסט,גרמים,800.00,100 גרם,false,1,16.90,2.11,true,1,
7290013187864,false,נקניקיות שפיקצקי 600 גרם,,,נקניקיות שפיקצקי,גרמים,600.00,100 גרם,false,1,44.90,7.48,true,1,
7290013187871,false,סרוולט אוסטרי 170 גר,,,סרוולט אוסטרי 170 גר,גרמים,170.00,100 גרם,false,1,35.90,21.12,true,1,
7290013187949,false,סרוולט איטלקי 170 גר,,,סרוולט איטלקי 170 גר,גרמים,170.00,100 גרם,false,1,24.90,14.65,true,1,
7290013215017,false,פטריות שמפניון זוגות,אראל תוצרת חקלאית בע,IL,פיטריות דואט,Unknown,0.00,Unknown,false,1,19.90,19.90,true,1,
7290013268020,false,סנו - מקסימה מרכך כביסה מרוכז אולטרה פרש 1 ליטר,"סנו מפעלי ברונוס בע""",IL,מרכך כביסה מקסימה סו,מיליליטרים,1000.00,"100 מ""ל",false,1,18.90,1.89,true,1,
7290013358448,false,"קרוטונים לסלט אקסטרה ארוכים בתיבול שום, בצל ופטרוזיליה",עינת תעשיות מזון אגו,IL,מנה קרוטונים לסלט 4,גרמים,200.00,100 גרם,false,1,16.50,8.25,true,1,
7290013389114,false,ניוקי תפוח אדמה 500 ג' לה פסטה,לה פסטה La' Pasta,,"ניוקי תפו""א 500 גרם",גרמים,500.00,100 גרם,false,1,10.30,2.06,true,1,
7290013389145,false,"ניוקי 500 ג' ""לה פסטה"" מיני 500 גר' 12X",לה פסטה La' Pasta,,מיני ניוקי 500 גרם,גרמים,500.00,100 גרם,false,1,13.50,2.70,true,1,
7290013430083,false,"בירה אלכסנדר בלונד בקבוק 330 מ""ל",מנדלז סי.אר. פרודקשן,IL,בירה אלכסנדר בלונד 3,מיליליטרים,330.00,"100 מ""ל",false,1,14.90,4.52,true,1,
7290013430304,false,בירה אלכסנדר גרין GREEN בירה ישראלית,מנדלז סי.אר. פרודקשן,IL,בירה אלכסנדר גרין 33,מיליליטרים,330.00,"100 מ""ל",false,1,14.90,4.52,true,1,
7290013472199,false,ערמונים קלופים וקלויים 105 גרם,בייג'גג פוינונג,CN,ערמונים קלופים וקלוי,גרמים,105.00,100 גרם,false,1,7.90,7.52,true,1,
7290013492005,false,אמא אדמה תפוח אדמה למיקרו 700 גר',שרווין ווליאמס,IL,תפוחוני אדמה למיקרו,גרמים,700.00,100 גרם,false,1,9.90,1.41,true,1,
7290013521859,false,חטיף ציפס אורגני מירקות שורש 65 גרם,"סיבי, נובי פריס",SK,חטיף ציפס אורגני,גרמים,65.00,100 גרם,false,1,12.90,19.85,true,1,
7290013542014,false,סכינים ארוז 100 יח' דנטס,,TR,סכינים לבנים 100 יח,Unknown,1.00,Unknown,false,1,11.40,11.40,true,1,
7290013542106,false,כוס לונג דרינק גמיש,,CN,כוס לונג דרינק גמיש,Unknown,1.00,Unknown,false,1,11.90,11.90,true,1,
7290013542168,false,כוסות נייר OZ 10 אר 50 דנטס,,CN,כוס נייר גדולה לשתי,Unknown,1.00,Unknown,false,1,18.40,18.40,true,1,
7290013542236,false,כוסות חד פעמי .א'ר 100 יח',,TR,כוס שתיה קרה 100 יח,Unknown,0.00,Unknown,false,1,11.00,11.00,true,1,
7290013542342,false,נייר אפיה ביתי 50 י,,FR,נייר אפיה ביתי 50 י,Unknown,1.00,Unknown,false,1,8.80,8.80,true,1,
7290013542427,false,שיפוד במבוק מובחר 10,,CN,שיפוד במבוק מובחר 10,Unknown,1.00,Unknown,false,1,2.90,2.90,true,1,
7290013542458,false,קיסמי שיניים מלחיה 3,,CN,קיסמי שיניים מלחיה 3,Unknown,0.00,Unknown,false,1,1.90,1.90,true,1,
7290013585233,false,"ספרייט זירו פחית סליק 330 מ""ל",קוקה קולה ישראל,IL,ספרייט ZERO פחית סלי,מיליליטרים,330.00,"100 מ""ל",false,1,5.90,1.79,true,1,
7290013585257,false,ספרייט זירו בקבוק 500מל,החברה המרכזית לייצור,IL,ספרייט ZERO בקבוק 50,מיליליטרים,500.00,"100 מ""ל",false,1,8.50,1.70,true,1,
7290013585394,false,קוקה-קולה 1 ליטר,החברה המרכזית לייצור,IL,קוקה קולה 1 ליטר,מיליליטרים,1000.00,"100 מ""ל",false,1,7.50,0.75,true,1,
7290013608260,false,פרימור מיץ רימונים 100% סחוט טרי 1ל',"גניר (1992) בע""מ",IL,מיץ רימונים 100% סחו,מיליליטרים,1000.00,"100 מ""ל",false,1,26.90,2.69,true,1,
7290013608864,false,פרימור משקה פירות הדר 1 ליטר בתוספת ויטמין C,"גניר (1992) בע""מ",IL,משקה פירות הדר בתוספ,מיליליטרים,1000.00,"100 מ""ל",false,1,17.90,1.79,true,1,
7290013645531,false,עוגיות מזרחיות עם שו,מוצרי הכט,IL,עוגיות מזרחיות עם שו,גרמים,230.00,100 גרם,false,1,30.30,13.17,true,1,
7290013713049,false,"בירה גמס 8.8 איל בלגי מחוזקת 330 מ""ל","אביר הבר בע""מ",IL,בירה גמס 8.8 איל בלג,מיליליטרים,330.00,"100 מ""ל",false,1,13.90,4.21,true,1,
7290013720436,false,קרפלך בטעם ביתי קפוא 600 גר,,,קרפלך בטעם ביתי קפוא,גרמים,600.00,100 גרם,false,1,21.90,3.65,true,1,
7290013720443,false,קרפלך סבתא עוף קפוא 600 גר,,,קרפלך סבתא עוף קפוא,גרמים,600.00,100 גרם,false,1,30.90,5.15,true,1,
7290013720498,false,פיין שרימפס מבושל 750 גר M,,,פיין שרימפס מבושל,גרמים,750.00,100 גרם,false,1,63.90,8.52,true,1,
7290013720924,false,ממרח פטה אווז 140 גר,,,ממרח פטה אווז 140 גר,גרמים,140.00,100 גרם,false,1,14.90,10.64,true,1,
7290013724939,false,חמוציות בשוקולד מריר 140 גר שקדיה,"דין שיווק וקלייה בע""",IL,חמוציות בשוקולד מריר,גרמים,140.00,100 גרם,false,1,14.20,10.14,true,1,
7290013724946,false,שקדים בשוקולד מריר 140 גר שקדיה,"דין שיווק וקלייה בע""",IL,שקדים בשוקולד מריר 1,גרמים,140.00,100 גרם,false,1,14.20,10.14,true,1,
7290013724953,false,חמוציות בשוקולד חלב 140 גר שקדיה,שקדיה,IL,חמוציות בשוקולד חלב,גרמים,140.00,100 גרם,false,1,14.20,10.14,true,1,
7290013724960,false,שקדים בשוקולד חלב 140 גר שקדיה,שקדיה,IL,שקדים בשוקולד חלב 14,גרמים,140.00,100 גרם,false,1,14.20,10.14,true,1,
7290013724977,false,צימוקים בשוקולד מריר 140 גר שקדיה,"דין שיווק וקלייה בע""",IL,צימוקים בשוקולד מריר,גרמים,140.00,100 גרם,false,1,14.20,10.14,true,1,
7290013746795,false,מקלוני כוסמין עם קצח וציה 200 גרם,פרוטרופיק סיה.,IL,מקלוני כוסמין עם קצח,גרמים,200.00,100 גרם,false,1,24.90,12.45,true,1,
7290013787392,false,רביולי גבינות קלאסי 330 גרם ריקו בית יוסף,יוניליוור גרמניה Gm,IL,רביולי גבינות 330 גר,גרמים,330.00,100 גרם,false,1,29.90,9.06,true,1,
7290013847393,false,נתחי טונה לייט 4% שומן עם עשבי תיבול 140 ג' סטארקיסט,סטארקיסט Starkist,IL,ס.ק לייט טונה 4% שומ,גרמים,140.00,100 גרם,false,1,8.90,6.36,true,1,
7290013847454,false,טונה סטארקיסט שמן קנולה רביעיות 4*160 גר,"סטארקיסט פודור בע""מ",IL,טונה סטארקיסט שמן קנ,גרמים,640.00,100 גרם,false,1,25.90,4.05,true,1,
7290013847553,false,נתחי טונה בהירה במים דל נתרן - מארז רביעיה,"סטארקיסט פודור בע""מ",TH,סטארקיסט טונה 4*160,גרמים,640.00,100 גרם,false,1,25.90,4.05,true,1,
7290013847812,false,נתחי טונה בהירה בשמן זית כתית מעולה Yellowfin,סטארקיסט Starkist,,טונה ילופין בשמן זית,גרמים,140.00,100 גרם,false,1,11.40,8.14,true,1,
7290013847867,false,מארז זוג טונה בשמן סויה 140 ג' סטארקיסט,טונה ויטנאם קו. אל.ט,IL,טונה סטארקיסט בשמן ס,גרמים,280.00,100 גרם,false,1,13.90,4.96,true,1,
7290013861443,false,המתוקים של ששון בוטנים 250 גרם,קריניציה ויטמינה אס,IL,המתוקים של ששון בוטנ,גרמים,250.00,100 גרם,false,1,14.00,5.60,true,1,
7290013903266,false,תערובת פירות יער אורגני מוקפא 300 גר,פריגו,RS,תערובת פירות יער אור,גרמים,300.00,100 גרם,false,1,26.50,8.83,true,1,
7290013903273,false,אדממה אורגני קפוא 400 גר,זהג'יאנג קינגסור פוד,CN,אדממה אורגני קפוא 40,גרמים,400.00,100 גרם,false,1,13.20,3.30,true,1,
7290013903594,false,רסק תפוחים טבעי 670 גרם ליב,טעמי הגליל בעמ,IL,רסק תפוחים טבעי 670,גרמים,670.00,100 גרם,false,1,13.50,2.01,true,1,
7290013903662,false,ממרח תמרים עם קקאו ליב 440 גרם,,IL,ממרח תמרים עם קקאו ל,גרמים,440.00,100 גרם,false,1,18.90,4.30,true,1,
7290013903822,false,קציצות כרובית וברוקולי טבעוני 400 גרם,,IL,קציצות כרובית וברוקו,גרמים,400.00,100 גרם,false,1,27.20,6.80,true,1,
7290013903846,false,קציצות סלק טבעוני 400 גרם,,IL,קציצות סלק טבעוני 40,גרמים,400.00,100 גרם,false,1,27.20,6.80,true,1,
7290013906052,false,נקניקיות פרגיות טירת צבי 300 גר',הנסיך- מפעל לייצור ט,IL,נקניקיות פרגיות,גרמים,300.00,100 גרם,false,1,14.90,4.97,true,1,
7290013906441,false,קבנוס טירת צבי 120 גר,הנסיך- מפעל לייצור ט,IL,קבנוס טירת צבי 120 ג,גרמים,120.00,100 גרם,false,1,12.90,10.75,true,1,
7290013906458,false,קבנוס בטעם פיקנטי טירת צבי 120 גר,הנסיך- מפעל לייצור ט,IL,קבנוס בטעם פיקנטי טי,גרמים,120.00,100 גרם,false,1,12.90,10.75,true,1,
7290013906489,false,חטיפי מיני קבנוס 120 ג' טירת צבי,הנסיך- מפעל לייצור ט,IL,חטיפי קבנוס טירת צבי,גרמים,120.00,100 גרם,false,1,12.90,10.75,true,1,
7290013906496,false,פסטרמה עגל בסגנון רומני טירת צבי 120 גר,הנסיך- מפעל לייצור ט,IL,פסטרמה עגל בסגנון רו,גרמים,120.00,100 גרם,false,1,19.90,16.58,true,1,
7290013906687,false,פסט' צמד כפרית ברביקיו ודבש 300X2ג' טירת צבי,הנסיך- מפעל לייצור ט,IL,צמד כפרית ברבקיו,גרמים,600.00,100 גרם,false,1,35.90,5.98,true,1,
7290014002203,false,תה ויסוצקי חליטת לימונית ולואיזה 20יח',HIQ FOOD PRODUCTS,IL,חליטת קמומיל ולואיזה,Unknown,0.00,Unknown,false,1,19.90,19.90,true,1,
7290014002944,false,גן קסום חליטת פירות וצמחים חמדת שקד 25 שקיקים,HIQ FOOD PRODUCTS,IL,גן קסום חליטת םירות,Unknown,0.00,Unknown,false,1,19.90,19.90,true,1,
7290014066373,false,לנדוור-קפסולות אספרסו קלאסיק(09) - 10יח'12X יח,קפה לנדוור,IL,לנדוור קפסולות אספרס,Unknown,0.00,Unknown,false,1,17.90,17.90,true,1,
7290014066380,false,לנדוור-קפסולות אספרסו סופרימו(10) - 10יח'12X יח,קפה לנדוור,IL,לנדוור קפסולות אספרס,Unknown,0.00,Unknown,false,1,17.90,17.90,true,1,
7290014079014,false,לבבות קיסר ארוז נספק,"מרינה פטריות הגליל בע""מ",IL,לבבות קיסר,Unknown,0.00,Unknown,false,1,11.90,11.90,true,1,
7290014079236,false,פטריות פורטובלה מיני סלסלה,מרינה פטריות,IL,פטריות פורטבלו,Unknown,0.00,Unknown,false,1,11.90,11.90,true,1,
7290014094352,false,אגוזי מלך בקופסא 200 ג',"דין שיווק וקליה בע""מ",,אגוזי מלך 200 גר,גרמים,200.00,100 גרם,false,1,16.90,8.45,true,1,
7290014094369,false,שקד טבעי 200 גר קופסא ששון הקולה,"דין שיווק וקליה בע""מ",IL,שקד טבעי 200 גר קופ,גרמים,200.00,100 גרם,false,1,23.90,11.95,true,1,
7290014094628,false,פקאן טבעי 200 ג' בקופסא,ששון הקולה,,פקאן טבעי 200 גר,גרמים,200.00,100 גרם,false,1,32.50,16.25,true,1,
7290014094659,false,אגוזי לוז טבעיים 250,דין שיווק,IL,בונדוק טבעי 250 גר,גרמים,250.00,100 גרם,false,1,33.50,13.40,true,1,
7290014094857,false,פקאן סיני מסוכר 150 גרם ששון הקולה,דין שיווק,IL,פקאן סיני מסוכר 150,גרמים,150.00,100 גרם,false,1,23.00,15.33,true,1,
7290014094864,false,פיסטוק קלוי 170 גר עם קליפה ששון הקולה,דין שיווק,IL,פיסטוק קלוי 170 גר,גרמים,170.00,100 גרם,false,1,19.90,11.71,true,1,
7290014094895,false,אגוזים מלך קלופים 150 גרם ששון הקולה,,,אגוזים מלך קלופים 15,גרמים,150.00,100 גרם,false,1,13.90,9.27,true,1,
7290014094901,false,פקאן טבעי 150 גרם ששון הקולה,דין שיווק,IL,פקאן טבעי 150 גרם שש,גרמים,150.00,100 גרם,false,1,24.50,16.33,true,1,
7290014095953,false,משוקלדים פקאן בשוקולד חלב 140 ג',שקדיה גבע בתעשיות עמ,IL,משוקלדים פקאן חלב 14,גרמים,140.00,100 גרם,false,1,14.20,10.14,true,1,
7290014095960,false,שיבולת שועל עבה 500 גרם קוואקר,"דין שיווק וקלייה בע""",IL,שיבולת שועל עבה 500,גרמים,500.00,100 גרם,false,1,7.90,1.58,true,1,
7290014218932,false,חטיפי פיצה בתוספת זיתים 710 ג' מעדנות,מיוצר עי קונדיטוריית,IL,חטיפי פיצה זיתים,גרמים,710.00,100 גרם,false,1,37.90,5.34,true,1,
7290014440333,false,"יין מדבר רוזה סדרה 22 750 מ""ל",,IL,יין מדבר קברנה סובינ,מיליליטרים,750.00,"100 מ""ל",false,1,52.90,7.05,true,1,
7290014440463,false,"יין מדבר שרדונה סדרה 22 750 מ""ל",,IL,יין מדבר שרדונה סדר,מיליליטרים,750.00,"100 מ""ל",false,1,52.90,7.05,true,1,
7290014440470,false,"יין מדבר סוביניון בלאן סדרה 22 750 מ""ל",,IL,יין מדבר סוביניון בל,מיליליטרים,750.00,"100 מ""ל",false,1,52.90,7.05,true,1,
7290014440494,false,"יין מדבר רוזה סדרה 22 750 מ""ל",,IL,יין מדבר רוזה סדרה,מיליליטרים,750.00,"100 מ""ל",false,1,52.90,7.05,true,1,
7290014455252,false,גבינה קשה מגורדת גרנה פדנו 29% שומן,מחלבות גד,IT,גבינה גרנה פדנו,גרמים,100.00,100 גרם,false,1,14.90,14.90,true,1,
7290014455320,false,גבינה כדורי מוצרלה פרסקה גד 100ג',מחלבות גד בעמ,IL,כדור מוצרלה פרסקה 10,גרמים,100.00,100 גרם,false,1,11.50,11.50,true,1,
7290014459137,false,"צ'יפס תפוגן סטייק 1.5 ק""ג","תעשיות תפוגן בע""מ",IL,תפוגן סטייק ציפס 1.5,קילוגרמים,0.00,"ק""ג",false,1,31.50,31.50,true,1,
7290014466609,false,יין מרלו גמלא 2020 750 מל,יקב רמת הגולן,IL,יין מרלו גמלא 2020 7,Unknown,0.00,Unknown,false,1,69.90,69.90,true,1,
7290014471412,false,"מוזלי בוטנים אגוזים ושקדים 1 ק""ג - 412 ירוק שקדיה","דין שיווק וקלייה בע""",IL,מוזלי בוטנים אגוז וש,גרמים,1000.00,100 גרם,false,1,22.90,2.29,true,1,
7290014471443,false,"גרנולה צימוקים אגוזים ושקדים1 ק""ג חדש - 443 כתום שקדיה (כתום)","דין שיווק וקלייה בע""",IL,גרנולה צימוקים אגוז,גרמים,1000.00,100 גרם,false,1,22.90,2.29,true,1,
7290014472136,false,גרעין שחור קלוי ששון הקולה 150 ג',"דין שיווק וקלייה בע""",IL,גרעין שחור קלוי 150,גרמים,150.00,100 גרם,false,1,5.30,3.53,true,1,
7290014472235,false,פקאן סיני מסוכר בקופ,ששון הקולה,,פקאן סיני מסוכר 200,גרמים,200.00,100 גרם,false,1,30.90,15.45,true,1,
7290014472471,false,גרעינים שחור ענק 200גר' פרימיום,דין שיווק,IL,גרעיני חמניה קלויים,גרמים,200.00,100 גרם,false,1,7.90,3.95,true,1,
7290014472488,false,שקד קלוי ענק 250 גרם פרימיום ששון הקולה,דין שיווק,IL,שקד קלוי ענק 250 גרם,גרמים,250.00,100 גרם,false,1,24.90,9.96,true,1,
7290014472495,false,קשיו קלוי ענק 250 גר פרימיום ששון הקולה,דין שיווק,IL,קשיו קלוי ענק 250 גר,גרמים,250.00,100 גרם,false,1,22.90,9.16,true,1,
7290014472501,false,פיסטוק קלוי ענק 250 ג פרימיום ששון הקולה,דין שיווק,IL,פיסטוק קלוי ענק 250,גרמים,250.00,100 גרם,false,1,24.90,9.96,true,1,
7290014472518,false,בוטן קלוי ענק 250 גר פרימיום ששון הקולה,דין שיווק,IL,בוטן קלוי ענק 250 גר,גרמים,250.00,100 גרם,false,1,12.90,5.16,true,1,
7290014472525,false,תערובת מובחרת 250 גר פרימיום ששון הקולה,דין שיווק,IL,תערובת מובחרת 250 גר,גרמים,250.00,100 גרם,false,1,24.90,9.96,true,1,
7290014503144,false,יין כנען לבן דלתון 750 מל,"איי, בי, אינבוו",IL,יין כנען לבן דלתון 7,Unknown,0.00,Unknown,false,1,44.90,44.90,true,1,
7290014673014,false,תבליני מימון פלפל אנ,,,פלפל אנגלי שלם 90 גר,Unknown,0.00,Unknown,false,1,16.40,16.40,true,1,
7290014673434,false,פלפל שחור גרוס דק שקית 80 גרם,,,פלפל שחור גרוס 80 גר,Unknown,0.00,Unknown,false,1,10.40,10.40,true,1,
7290014717862,false,יין פלטר גוורצטרמינר 2016 750 מל,,,יין פלטר גוורצטרמינר,Unknown,0.00,Unknown,false,1,109.90,109.90,true,1,
7290014758100,false,מאגדת יוגורט ביו 3% שומן 8 יח' *150ג' תנובה,מיוצר עי קונדיטוריית,IL,שמיניית מאגדת BIO,גרמים,150.00,100 גרם,false,1,17.20,11.47,true,1,
7290014758162,false,חלב עיזים מלא 3.6% קרטון 1 ל' תנובה,תנובה מרכז שיתופי לש,IL,חלב עיזים מלא 3.6% ש,מיליליטרים,1000.00,"100 מ""ל",false,1,18.50,1.85,true,1,
7290014758681,false,קוטג' תנובה 1% גביע 250 ג',מיוצר עי קונדיטוריית,IL,קוטג תנובה 1% 250 גר,גרמים,250.00,100 גרם,false,1,5.70,2.28,true,1,
7290014759084,false,גבינת שמנת 16% בטעם טבעי 225 ג' נפוליאון,תנובה מרכז שיתופי לש,IL,נפוליאון מופחת שומן,גרמים,225.00,100 גרם,false,1,15.20,6.76,true,1,
7290014759534,false,גבינה בולגרית למריחה טבעי 5% 200 ג' פיראוס,"תנובה, מחלבת תל יוסף",IL,פיראוס בולגרית למריח,גרמים,200.00,100 גרם,false,1,18.20,9.10,true,1,
7290014759992,false,גבינת רוקפור גליל פלח 140 ג' תנובה,"תנובה, מחלבת תל יוסף",IL,קולאז רוקפור גליל פל,גרמים,140.00,100 גרם,false,1,22.90,16.36,true,1,
7290014760134,false,מעדן סויה בטעם וניל אלטרנטיב,תנובה Alternative,IL,מעדן סויה וניל,גרמים,125.00,100 גרם,false,1,4.90,3.92,true,1,
7290014760141,false,משקה שקדים תנובה E אלטרנטיב,תנובה Alternative,IL,משקה שקדים טרי 1 ליט,מיליליטרים,1000.00,"100 מ""ל",false,1,14.90,1.49,true,1,
7290014760448,false,גבינה צהובה גלבוע 400 גרם 22% שומן תנובה,מחלבת בית יצחק,IL,גלבוע פרוס 22% 400 ג,גרמים,400.00,100 גרם,false,1,27.90,6.98,true,1,
7290014760912,false,פרוסות גבינה 28% שומן 400 ג' גוש חלב,תנובה מרכז שיתופי לש,IL,מאגדת גוש חלב 28%,גרמים,400.00,100 גרם,false,1,29.50,7.38,true,1,
7290014761056,false,מעדן שוקולד חלב מעולה 123 ג' יולו,מיוצר עי קונדיטוריית,IL,יולו שוקולד חלב,גרמים,123.00,100 גרם,false,1,5.20,4.23,true,1,
7290014761063,false,מעדן שוקולד מריר מעולה 123 ג' יולו,מיוצר עי קונדיטוריית,IL,יולו שוקולד מריר,גרמים,123.00,100 גרם,false,1,5.20,4.23,true,1,
7290014761070,false,מעדן שוקולד לבן מעולה 123 ג' יולו,מיוצר עי קונדיטוריית,IL,YOLO שוקולד לבן מעול,גרמים,123.00,100 גרם,false,1,5.20,4.23,true,1,
7290014762756,false,נפוליאון גבינת שמנת עם בצל 16% שומן,הרדוף חלב,IL,נפוליאון 16%בטעם בצל,גרמים,225.00,100 גרם,false,1,15.20,6.76,true,1,
7290014762800,false,מעדן סויה שוקולד גביע 125 גרם אלטרנטיב,תנובה מרכז שיתופי לש,IL,מעדן סויה שוקולד 125,גרמים,125.00,100 גרם,false,1,4.90,3.92,true,1,
7290014762831,false,גבינת שמנת חלפיניו 24% שומן 225 ג' נפוליאון,תנובה מרכז שיתופי לש,IL,גבינת שמנת נפוליאו 2,גרמים,225.00,100 גרם,false,1,15.20,6.76,true,1,
7290014762909,false,פתיתי מוצרלה 20% שומן 200 ג' השף הלבן,"תנובה, מחלבת תל יוסף",IL,פתיתי מוצרלה השף הלב,גרמים,220.00,100 גרם,false,1,19.90,9.05,true,1,
7290014763098,false,קרם גבינת שמנת 5% עם פלפל שום ובצל 200 ג' תנובה,תנובה,IL,קרם גבינה שמנת 5% טו,גרמים,200.00,100 גרם,false,1,14.90,7.45,true,1,
7290014763272,false,יוגורט סויה BIO לשתייה תות ובננה אלטרנטיב,תות תעשיות מזון (201,IL,משקה סויה ביו תות בנ,מיליליטרים,250.00,"100 מ""ל",false,1,6.50,2.60,true,1,
7290014789913,false,עוגיות אוראו עם מילוי קרם וניל 3 * 176 ג',,IL,מארז עוגיות אוראו עם,גרמים,528.00,100 גרם,false,1,25.10,4.75,true,1,
7290014860070,false,"מקלוני אורז ללא גלוטן 5 מ""מ 454גר' (אור)",ניינטי נודל קו,TH,מקלות אורז ללא גלוטן,גרמים,454.00,100 גרם,false,1,11.90,2.62,true,1,
7290015009126,false,עלי טורטייה מקמח מלא 420 גר 25 סמ,לווליה,,עלי טורטייה מקמח מלא,גרמים,420.00,100 גרם,false,1,16.50,3.93,true,1,
7290015009218,false,ניוקי עם ערמונים 300 גרם,סיאמה,IT,ניוקי עם ערמונים 300,גרמים,300.00,100 גרם,false,1,10.90,3.63,true,1,
7290015009393,false,זיתים שחורים מגולענים מזן קלמטה 430 גרם,אידיאל ס.א,GR,זיתים שחורים מגולעני,גרמים,430.00,100 גרם,false,1,19.90,4.63,true,1,
7290015009447,false,זיתים שחורים מזן קלמטה 440 גרם,,GR,זיתים שחורים מזן קלמ,גרמים,440.00,100 גרם,false,1,20.90,4.75,true,1,
7290015039338,false,נתחי טונה במי מלח רביעיה * 160 ג' וילי פוד,וילי פוד,TH,רביעית טונה במי מלח,גרמים,640.00,100 גרם,false,1,22.90,3.58,true,1,
7290015129145,false,אטריות קונג'אק בתוספת טפיוקה בצורת ספגטי,הוויזאי וואנגייה פוד,CN,סקיני פסטה ספגטי 270,גרמים,270.00,100 גרם,false,1,12.90,4.78,true,1,
7290015129220,false,איטריות קונגאק ללא גלוטן 270 גרם skinny,אף.סי תבליני בגליל ב,CN,איטריות קונגאק ללא ג,גרמים,270.00,100 גרם,false,1,12.90,4.78,true,1,
7290015129251,false,איטריות קונגאק ללא גלוטן 270 גרם skinny,אף.סי תבליני בגליל ב,CN,איטריות קונגאק ללא ג,גרמים,270.00,100 גרם,false,1,12.90,4.78,true,1,
7290015129268,false,סקיני פסטה פנה שיבולת שועל 200 גרם,,CN,סקיני פסטה פנה שיבול,גרמים,200.00,100 גרם,false,1,11.90,5.95,true,1,
7290015129657,false,סקיני פסטה פנה 270 גרם,,CN,סקיני פסטה פנה 270 ג,גרמים,270.00,100 גרם,false,1,12.90,4.78,true,1,
7290015129749,false,סקיני פסטה שיבולת שועל נודלס 270 גרם,סצ'ואן סנטאיואן,CN,סקיני פסטה שיבולת שו,גרמים,270.00,100 גרם,false,1,12.90,4.78,true,1,
7290015150088,false,מחית עגבניות גראנד איטליה 700 גרם,שוורצקוף& הנקל דיסלד,IT,מחית עגבניות גראנד א,גרמים,700.00,100 גרם,false,1,12.90,1.84,true,1,
7290015150118,false,עגבניות חתוכות דק בלה איטליה 3*400 ג',אמיליאנה קונסרב ס.פ.,IL,עגבניות חתוכות דק בל,גרמים,1200.00,100 גרם,false,1,18.90,1.58,true,1,
7290015155823,false,מחית תפוחי עץ חטיפטף ללא תוספת סוכר,פרוטה פודיווין איי.א,CZ,מחית תפוח חטיפטף פרי,גרמים,120.00,100 גרם,false,1,6.90,5.75,true,1,
7290015282000,false,איקרא אדומה SEVEN SEAS 200 גרם,שבעת הימים - שמיר,IL,איקרה אדומה 200 גרם,גרמים,200.00,100 גרם,false,0,16.70,8.35,true,1,
7290015282390,false,סלט תורכי 200 גרם שמיר,"סלטי שמיר 2006 בע""מ",IL,תורכי 200 גר,גרמים,200.00,100 גרם,false,1,13.90,6.95,true,1,
7290015282581,false,חומוס שמיר אבו גוש עם חריף 200 גר',"סלטי שמיר 2006 בע""מ",IL,חומוס אבו גוש עם חרי,גרמים,200.00,100 גרם,false,1,11.60,5.80,true,1,
7290015282598,false,חומוס שמיר מסעדות 200 גר',"סלטי שמיר 2006 בע""מ",IL,חומוס מסעדות 200 גר,גרמים,200.00,100 גרם,false,1,11.60,5.80,true,1,
7290015282604,false,טחינה שמיר מיוחדת גורמה 200ג',"סלטי שמיר 2006 בע""מ",IL,טחינה מיוחדת 200 גר,גרמים,200.00,100 גרם,false,1,11.60,5.80,true,1,
7290015282628,false,חציל שמיר בטעם כבד 200 גר',"סלטי שמיר 2006 בע""מ",IL,חציל בטעם כבד 200 גר,גרמים,200.00,100 גרם,false,1,13.90,6.95,true,1,
7290015282635,false,חומוס שמיר מסבחה 200 גר',"סלטי שמיר 2006 בע""מ",IL,חומוס מסבחה 200 גר,גרמים,200.00,100 גרם,false,1,11.60,5.80,true,1,
7290015282642,false,חומוס שמיר אבו גוש 200 גר',"סלטי שמיר 2006 בע""מ",IL,חומוס אבו גוש 200 גר,גרמים,200.00,100 גרם,false,1,11.60,5.80,true,1,
7290015282673,false,חציל שמיר במיונז ביתי 200 גורמה גר',"סלטי שמיר 2006 בע""מ",IL,חציל במיונז ביתי 200,גרמים,200.00,100 גרם,false,1,11.60,5.80,true,1,
7290015282680,false,קישוא בטעם כבד שמיר 200 גר',"סלטי שמיר 2006 בע""מ",IL,קישוא בטעם כבד 200 ג,גרמים,200.00,100 גרם,false,1,13.90,6.95,true,1,
7290015282741,false,חציל תאילנדי אסלי שמיר 200 ג',"סלטי שמיר 2006 בע""מ",IL,חציל תאילנדי 200 גר,גרמים,200.00,100 גרם,false,1,13.90,6.95,true,1,
7290015282796,false,"סלט תפו""א שמיר במיונז 200ג'","סלטי שמיר 2006 בע""מ",IL,תפוח אדמה 200 גר,גרמים,200.00,100 גרם,false,1,13.90,6.95,true,1,
7290015341516,false,עוגת קראנץ שמרים אנטיקוביץ 500 גרם,אנטיקביץ,IL,קראנץ שמרים 500 גרם,גרמים,500.00,100 גרם,false,1,18.90,3.78,true,1,
7290015395939,false,חטיף אורז בטעם מתוק מלוח 120 גרם,דין שיווק,IL,חטיף אורז בטעם מתוק,גרמים,150.00,100 גרם,false,1,16.90,11.27,true,1,
7290015528825,false,צלחת 7 מתכלה אר 25 יח' דנטס,,IN,צלחת קטנה 7 מתכלה מ,Unknown,1.00,Unknown,false,1,11.00,11.00,true,1,
7290015528832,false,צלחת 9 מתכלה אר' 25 יח' דנטס,,IN,צלחת 9 בינוני מתכלה,Unknown,1.00,Unknown,false,1,12.80,12.80,true,1,
7290015599023,false,פרוסות צהובה טבעונית בטעם קלאסי,וגה מוצרים טבעוניים VEGA,GR,צהובה טבעונית 200 ג,גרמים,200.00,100 גרם,false,1,24.50,12.25,true,1,
7290015599030,false,צהובה טבעונית בטעם פיצה פפרוני 200 גרם,,,צהובה טבעונית 200 ג,גרמים,200.00,100 גרם,false,1,24.50,12.25,true,1,
7290015603188,false,אטריות ביצים 454ג' (כ) (fu),פוגקן לונגהי אנלידה,CN,אטריות ביצים 454 גרם,גרמים,454.00,100 גרם,false,1,11.90,2.62,true,1,
7290015603546,false,"שימורי קרם קוקוס 17-19% 400 מ""ל (ASIATIC)(כ)",אסי אטיק גרו אינדוסט,TH,שימורי קרם קוקוס 17-,מיליליטרים,400.00,"100 מ""ל",false,1,10.90,2.73,true,1,
7290015603584,false,ג'ינגר לבן כבוש ללא מונוסודיום 160 גרם (כ),לאיווי איפנג פודס קו,CN,גינגר לבן כבוש ללא מ,גרמים,160.00,100 גרם,false,1,8.90,5.56,true,1,
7290015634076,false,יין עמק האלה שרדונה 2014 750 מל,עמק האלה,IL,יין עמק האלה שרדונה,Unknown,0.00,Unknown,false,1,87.90,87.90,true,1,
7290015634083,false,עמק האלה קברנה פרנק 2012 750 מל,,,יין עמק האלה קברנה פ,Unknown,0.00,Unknown,false,1,115.90,115.90,true,1,
7290015634168,false,יין עמק האלה מרלו 2013 750 מל,,,יין עמק האלה מרלו אס,Unknown,0.00,Unknown,false,1,87.90,87.90,true,1,
7290015652070,false,קשיו קלוי 150 גרם ששון הקולה,דין שיווק,IL,קשיו קלוי 150 גרם שש,גרמים,150.00,100 גרם,false,1,13.90,9.27,true,1,
7290015652087,false,תערובת פיצוחים 150 גרם ששון הקולה,דין שיווק,IL,תערובת פיצוחים 150 ג,גרמים,150.00,100 גרם,false,1,13.90,9.27,true,1,
7290015652254,false,גרעיני חמניה קלויים 400 גרם ששון הקלה,דין שיווק,IL,גרעיני חמניה קלויים,גרמים,400.00,100 גרם,false,1,10.00,2.50,true,1,
7290015652261,false,בוטנים קלויים 300 גרם ששון הקולה,"דין שיווק וקלייה בע""",IL,בוטנים קלויים 300 גר,גרמים,300.00,100 גרם,false,1,10.00,3.33,true,1,
7290015652278,false,תערובת פיצוחים 250 גרם ששון הקולה,"דין שיווק וקלייה בע""",IL,תערובת פיצוחים 250 ג,גרמים,250.00,100 גרם,false,1,20.00,8.00,true,1,
7290015652285,false,אגוזים קלופים 250 גרם ששון הקולה,דין שיווק,IL,אגוזים קלופים 250 גר,גרמים,250.00,100 גרם,false,1,20.00,8.00,true,1,
7290015652292,false,קבוקים עם שומשום 400 גרם ששון הקלה,"דין שיווק וקלייה בע""",IL,קבוקים עם שומשום 400,גרמים,400.00,100 גרם,false,1,10.00,2.50,true,1,
7290015652308,false,מנצס 300 גרם ששון הקולה,,,מנצס 300 גרם ששון הק,גרמים,300.00,100 גרם,false,1,10.00,3.33,true,1,
7290015652315,false,חמוציות מסוכרות 300 גרם ששון הקולה,"דין שיווק וקלייה בע""",IL,חמוציות מסוכרות 300,גרמים,300.00,100 גרם,false,1,10.00,3.33,true,1,
7290015652322,false,בוטנים אמריקאיים מצופים 400 גר ששון הקלה,"דין שיווק וקלייה בע""",IL,בוטנים אמריקאיים מצו,גרמים,400.00,100 גרם,false,1,10.00,2.50,true,1,
7290015781015,false,"יין ויז'ן מלבק 750 מ""ל",יקב טפרברג 1870 בעמ,IL,יין VISION מלבק 750,Unknown,0.00,Unknown,false,1,42.90,42.90,true,1,
7290015781053,false,"יין ויז'ן לבן יבש 750 מ""ל",יקב טפרברג 1870 בעמ,IL,יין VISION לבן יבש,Unknown,0.00,Unknown,false,1,42.90,42.90,true,1,
7290015781091,false,"יין ויז'ן קברנה סובניון 750 מ""ל",יקב טפרברג 1870 בעמ,IL,יין VISION קברנה סוב,Unknown,0.00,Unknown,false,1,42.90,42.90,true,1,
7290015781114,false,"יין אימפרשן מרלו 750 מ""ל",יקב טפרברג 1870 בעמ,IL,יין IMPRES מרלו 750,Unknown,0.00,Unknown,false,1,49.90,49.90,true,1,
7290015781282,false,"יין גוורצטמינר אימפרשן 750מ""ל",יקב טפרברג 1870,IL,יין IMPRES גוורצטרמי,Unknown,0.00,Unknown,false,1,49.90,49.90,true,1,
7290015790000,false,רימון קלוף מארגז כ-,חקלאי,IL,גרעיני רימון,קילוגרמים,0.00,"ק""ג",false,1,17.90,17.90,true,1,
7290015790017,false,פלחי פומלה קלופים,חקלאי,IL,פלחי פומלה 250 גר,קילוגרמים,0.00,"ק""ג",false,1,17.90,17.90,true,1,
7290015858106,false,ממרח פסטו ביתי 180 ג' עללחם,"מדשא תעשיות מזון בע""",IL,מצונן פסטו ביתי 180,גרמים,180.00,100 גרם,false,1,22.90,12.72,true,1,
7290015858113,false,ממרח עגבניות מיובשות עללחם 180 גרם,"מדשא תעשיות מזון בע""",IL,מצונן ממרח עגבניות,גרמים,180.00,100 גרם,false,1,20.90,11.61,true,1,
7290016006292,false,נקטר מנגו בננה מלון קרטונית 1 ל' ספרינג,יפאורה תבורי,IL,קרטונית נקטר ספרינג,מיליליטרים,1000.00,"100 מ""ל",false,1,7.40,0.74,true,1,
7290016028560,false,נר 48 שעות בכוס זכוכ,,CN,נר 48 שעות בכוס זכוכ,Unknown,1.00,Unknown,false,1,3.90,3.90,true,1,
7290016028683,false,"קיסמים מעוטרים 12 ס""מ 50 יח'",,CN,קיסמים מעוטרים 12 סמ,Unknown,1.00,Unknown,false,1,5.90,5.90,true,1,
7290016028836,false,קש מתקפל צבעוני אר' 150 יח' דנטס,,CN,קשית מתקפלת צבעונית,Unknown,0.00,Unknown,false,1,8.80,8.80,true,1,
7290016197488,false,מטליות מיקרופייבר למשטחים ניקול 3יח',UFO INC,CN,ניקול מטלית קסם לשיש,Unknown,0.00,Unknown,false,1,14.90,14.90,true,1,
7290016217759,false,חצילים בסגנון מרוקאי,"סלטי שמיר 2006 בע""מ",IL,חציל מרוקאי 200 גר,גרמים,200.00,100 גרם,false,1,13.90,6.95,true,1,
7290016270570,false,מלפפון בייבי,חקלאי,IL,מלפפון בייבי,Unknown,0.00,Unknown,false,1,14.90,14.90,true,1,
7290016277630,false,צנובר 150 גרם ששון - קופסא,,,צנובר 150 גרם ששון -,גרמים,150.00,100 גרם,false,1,31.90,21.27,true,1,
7290016277647,false,בננה מסוכרת 250 גרם ששון- קופסא,דין שיווק,IL,בננה מסוכרת 250 גרם,גרמים,250.00,100 גרם,false,1,13.50,5.40,true,1,
7290016321678,false,מגבונים לחים בניחוח מרענן עם תמציות קמומיל ואלוורה,עלבד משואות יצחק,IL,מגבונים פרש וואנס נט,Unknown,0.00,Unknown,false,1,19.90,19.90,true,1,
7290016334616,false,בצל ירוק ארוז,רקנאטי,IL,בצל ירוק,Unknown,0.00,Unknown,false,1,6.90,6.90,true,1,
7290016372373,false,רסק עגבניות ללא תוספת סוכר ומלח - מארז זוג,גרנד איטליה Grand Italia,IT,רסק עגבניות גראנד בל,גרמים,270.00,100 גרם,false,1,8.90,3.30,true,1,
7290016505023,false,שוקולד פנדה קרם נוגט טבעוני 100 גרם,"מדשא תעשיות מזון בע""",IL,שוקולד פנדה קרם נוגט,גרמים,100.00,100 גרם,false,1,20.90,20.90,true,1,
7290016505061,false,שוקולד פנדה לבן עוגיות טבעוני 100 גרם,,,שוקולד פנדה לבן עוגי,גרמים,100.00,100 גרם,false,1,20.90,20.90,true,1,
7290016513257,false,פטל שחור 250 גר,,,פטל שחור 250 גר,גרמים,250.00,100 גרם,false,1,16.90,6.76,true,1,
7290016513288,false,פטל אדום 250 גר,,,פטל אדום 250 גר,גרמים,250.00,100 גרם,false,1,22.90,9.16,true,1,
7290016513301,false,דומדומית שחורה 250 גר,,,דומדומית שחורה 250 ג,גרמים,250.00,100 גרם,false,1,12.50,5.00,true,1,
7290016513325,false,דובדבן 250 גר,,,דובדבן 250 גר,גרמים,250.00,100 גרם,false,1,12.50,5.00,true,1,
7290016513332,false,מיקס פירות 250 גר,,,מיקס פירות 250 גר,גרמים,250.00,100 גרם,false,1,12.50,5.00,true,1,
7290016523195,false,"סטימר לאידוי עץ ""8",,,"סטימר לאידוי עץ ""8",Unknown,0.00,Unknown,false,1,38.90,38.90,true,1,
7290016580204,false,מטלית מיקרופייבר 45/80,,,מטלית מיקרופייבר 45/,Unknown,0.00,Unknown,false,1,13.90,13.90,true,1,
7290016580679,false,"צלחת 7"" רויאל אר' 10 יח'",,CN,צלחת 7 רויאל 10 יח,Unknown,1.00,Unknown,false,1,15.50,15.50,true,1,
7290016580693,false,צלחת רויאל 10 10 יח,,CN,צלחת רויאל 10 10 יח,Unknown,1.00,Unknown,false,1,30.90,30.90,true,1,
7290016584011,false,חטיפוני גזר 350 גרם גיזרונים,"מרינה פטריות הגליל בע""מ",IL,חטיפוני גזר 350 גרם,גרמים,350.00,100 גרם,false,1,10.90,3.11,true,1,
7290016682038,false,"מיץ תפוזים סחוט 100% טבעי. מפוסטר, מקורר",פרי ניב,IL,מיץ תפוזים פריניב 40,מיליליטרים,400.00,"100 מ""ל",false,1,10.90,2.73,true,1,
7290016682052,false,"משקה קל לימונענע. מפוסטר, מקורר",פרי ניב,IL,מיץ לימונענע פריניב,מיליליטרים,400.00,"100 מ""ל",false,1,10.90,2.73,true,1,
7290016682083,false,"פריניב נקטר תות בננה 400 מ""ל",פרי ניב,IL,מיץ תות בננה פריניב,מיליליטרים,400.00,"100 מ""ל",false,1,10.90,2.73,true,1,
7290016682250,false,מיץ תפוז גזר פרי ניב 1 ליטר,פרי ניב,IL,מיץ תפוגזר 1 ליטר פר,מיליליטרים,1000.00,"100 מ""ל",false,1,18.20,1.82,true,1,
7290016682342,false,מיץ תפוזים וולנסיה פרי ניב 2 ליטר-,פרי ניב,IL,מיץ תפוז וולנסיה 100,ליטרים,0.00,ליטר,false,1,29.90,29.90,true,1,
7290016682359,false,מיץ תפוזים שמוטי פרי ניב 2 ליטר-,פרי ניב,IL,מיץ תפוז שמוטי 100%,ליטרים,0.00,ליטר,false,1,29.90,29.90,true,1,
7290016682397,false,מיץ חמוציות פרי ניב 2 ליטר-,פריניב,IL,מיץ חמוציות 2 ליטר,ליטרים,0.00,ליטר,false,1,26.90,26.90,true,1,
7290016682441,false,100% מיץ תפוזים מיוצר מרכז טבעי,פרי ניב,IL,מיץ תפוזים פריניב 1,מיליליטרים,1000.00,"100 מ""ל",false,1,16.90,1.69,true,1,
7290016717631,false,יין מוסקטו בעל חוזק אלכוהול נמוך פרייבט קולקשן,אגודת הכורמים הקואופ,IL,יין מוסקטו P.C לבן מ,Unknown,0.00,Unknown,false,1,42.90,42.90,true,1,
7290017062730,false,"נ.כלים 36% לבנדר טאצ' +משאבה 750 מ""ל",,,נוזל כלים לבנדר 36%,Unknown,0.00,Unknown,false,1,10.90,10.90,true,1,
7290017065236,false,גבינה בולגרית מעודנת 24% גד 250 ג',הנסיך- מפעל לייצור ט,IL,גבינה בולגרית מעודנת,גרמים,250.00,100 גרם,false,1,28.90,11.56,true,1,
7290017100401,false,M כפפות פנדה לטקס פרפקט 100 יח,פאלאס,ID,M כפפות פנדה לטקס פר,יחידה,1.00,יחידה,false,1,43.90,43.90,true,1,
7290017100418,false,כפפות לטקס עם אבקה 100 יח מידה L,פאלאס,ID,L כפפות פנדה לטקס פר,יחידה,1.00,יחידה,false,1,43.90,43.90,true,1,
7290017105048,false,שלישייה שימורי טבעות זיתים יכין 200 גר,,IL,שלישייה שימורי טבעות,גרמים,200.00,100 גרם,false,1,15.90,7.95,true,1,
7290017105123,false,שימורי פול יכין הקטניה הטובה 200 גר,היינץ צפון אמריקה מק,IL,שימורי פול יכין הקטנ,גרמים,200.00,100 גרם,false,1,4.90,2.45,true,1,
7290017142005,false,"שמן קוקוס אורגני עץ הזית צנצנת 320מ""ל",אקספלונקה,LK,שמן קוקוס אורגני כתי,מיליליטרים,320.00,"100 מ""ל",false,1,29.90,9.34,true,1,
7290017142203,false,פילה טונה בשמן זית בטעם מעושן עץ המוצר 120 ג',"יוניקורד ח.צ בע""מ",IL,פילה טונה פרוס בשמן,גרמים,120.00,100 גרם,false,1,15.90,13.25,true,1,
7290017142418,false,ארוחה אורז עם עדשים טונה בשמן זית 160 גר',יוניקורד ח.צ בעמ,TH,טונה עם אורז ועדשים,גרמים,160.00,100 גרם,false,1,14.90,9.31,true,1,
7290017142456,false,מארז נתחי טונה בהירה בשמן זית 2 * 160 ג' עץ הזית,עץ הזית,TH,נתחי טונה בשמן זית 1,גרמים,320.00,100 גרם,false,1,30.50,9.53,true,1,
7290017389028,false,אננס מיובש ללא סוכר 160 גרם קופסא,שקדיה,,אננס מיובש ללא סוכר,גרמים,160.00,100 גרם,false,1,21.90,13.69,true,1,
7290017477305,false,זרעי ציה 250 גר שקדי,דין שיווק,IL,זרעי ציה 250 גרם,גרמים,250.00,100 גרם,false,1,10.90,4.36,true,1,
7290017477596,false,תמר מגהול פרימיום 400 ג' בקופסא,דין שיווק,IL,תמר מגהול פרימיום 40,גרמים,400.00,100 גרם,false,1,20.90,5.23,true,1,
7290017513775,false,פליפז בייגלה מצופה שוקולד חלב 140 גרם,שוורצקוף& הנקל דיסלד,TR,בייגלה פליפז מצופה ב,גרמים,140.00,100 גרם,false,1,9.90,7.07,true,1,
7290017513782,false,פליפז בייגלה מצופה שוקולד מריר 140 גרם,שוורצקוף& הנקל דיסלד,TR,בייגלה פליפז מצופה ב,גרמים,140.00,100 גרם,false,1,9.90,7.07,true,1,
7290017617084,false,סטארקיסט מיקס טוגו טונה עם שעועית 185 גרם,דרדנל אוננטאס גידה,TR,סטארקיסט מיקס טו גו,גרמים,185.00,100 גרם,false,1,13.90,7.51,true,1,
7290017617091,false,סטארקיסט מיקס טוגו טונה עם פתיתים 185 גרם,דרדנל אוננטאס גידה,TR,סטארקיסט מיקס טו גו,גרמים,185.00,100 גרם,false,1,13.90,7.51,true,1,
7290017617107,false,סטארקיסט מיקס טוגו טונה עם 4 דגנים 185 גרם,"איטיליאן פוד, אס.פי.",TR,סטארקיסט מיקס טו גו,גרמים,185.00,100 גרם,false,1,13.90,7.51,true,1,
7290017617411,false,מיקס סלמון עם אורז מלא וירקות 160 ג' סטארקיסט,סטארקיסט Starkist,PL,טונה סטארקיסט סלמון,גרמים,160.00,100 גרם,false,1,16.90,10.56,true,1,
7290017617435,false,מיקס סלמון עם עדשים קינואה וירק 160 ג' סטארקיסט,סטארקיסט Starkist,PL,טונה סטארקיסט סלמון,גרמים,160.00,100 גרם,false,1,16.90,10.56,true,1,
7290017712192,false,פרמיו נתחי פילה עוף לחתול,פרמיו Premio,FR,פרמיו שימורי מזון מל,Unknown,0.00,Unknown,false,1,4.90,4.90,true,1,
7290017712659,false,הורייזן עוף לגור כלבים ננסי,הורייזן Horizon,DE,הוריזן עוף לגור כלבי,Unknown,1.00,Unknown,false,1,4.90,4.90,true,1,
7290017712666,false,הורייזן בקר לכלב ננסי,הורייזן Horizon,DE,הוריזן בקר לכלב ננסי,Unknown,1.00,Unknown,false,1,4.90,4.90,true,1,
7290017715315,false,זית צלוי על הגריל 74,,TR,זית על האש 740 גרם,גרמים,740.00,100 גרם,false,1,25.90,3.50,true,1,
7290017715346,false,זית שחור טאסוס 400 גרם,,TR,זית שחור טאסוס 400,גרמים,400.00,100 גרם,false,1,15.90,3.98,true,1,
7290017715537,false,שעועית לבנה אפויה ברוטב עגבניות 550 ג' תומר,,HU,שעועית ברוטב עגבניות,גרמים,550.00,100 גרם,false,1,6.50,1.18,true,1,
7290017715681,false,A2 זית מושחר חרוזית תומר 560 גרם,עדן,IL,A2 זית מושחר חרוזית,גרמים,560.00,100 גרם,false,1,9.90,1.77,true,1,
7290017715698,false,A2 זית ירוק טבעות תומר 560 גרם,,IL,A2 זית ירוק טבעות תו,גרמים,560.00,100 גרם,false,1,9.40,1.68,true,1,
7290017791142,false,קרקר כוסמין מלא שקית,פת במלח,IL,קרקר כוסמין מלא שקית,גרמים,225.00,100 גרם,false,1,27.90,12.40,true,1,
7290017812830,false,"יין רוזה פרייבט קולקשיין 750 מ""ל","כד בני דרום בע""מ",IL,"יין רוזה 750 מ""ל P.C",Unknown,0.00,Unknown,false,1,42.90,42.90,true,1,
7290017870717,false,צלחת 8 מרובעת מתכלה מעץ דקל 10 יח',HINDUSTAN ARECA PROD,IN,צלחת 8 בינונית מרוב,Unknown,1.00,Unknown,false,1,14.50,14.50,true,1,
7290017870762,false,מגש מלבני מתכלה מעץ דקל 10 יח',HINDUSTAN ARECA PROD,IN,מגש מלבני מתכלה מעץ,Unknown,1.00,Unknown,false,1,14.50,14.50,true,1,
7290017888019,false,"משקה תפוח רימון סלק גינגיר פרות &ווג 350 מ""ל",פרוט אנד וג' Fruit & Veg,IL,פרוט & ווג תפוח רימו,מיליליטרים,350.00,"100 מ""ל",false,1,8.90,2.54,true,1,
7290017888026,false,"משקה אננס תפוח גזר פרות & ווג 350 מ""ל",פרוט אנד וג' Fruit & Veg,IL,פרוט & וג אננס תפוח,מיליליטרים,350.00,"100 מ""ל",false,1,8.90,2.54,true,1,
7290017888033,false,"משקה בננה מלון נענע פרות &ווג 350 מ""ל",פרוט אנד וג' Fruit & Veg,IL,פרוט & וג בננה מלון,מיליליטרים,350.00,"100 מ""ל",false,1,8.90,2.54,true,1,
7290017888729,false,שוופס סודה בקבוק 1 ל',"יפאורה תבורי בע""מ",IL,שוופס סודה 1 ליטר,מיליליטרים,1000.00,"100 מ""ל",false,1,4.90,0.49,true,1,
7290017894010,false,מי קוקוס אורגני עם אננס גרין קוקו 1 ליטר,בן טרה ג'וינט סטוק (,LK,מי קוקוס אורגני עם א,מיליליטרים,1000.00,"100 מ""ל",false,1,21.90,2.19,true,1,
7290017894218,false,גרנולה ש.שועל מלאה ופירות דגש 250 גרם,דגש,IL,גרנולה ש.שועל מלאה ו,גרמים,250.00,100 גרם,false,1,21.90,8.76,true,1,
7290017894256,false,"פריכיות מאורז מלא לל""ג דגש 230 גרם",דגש,IL,פריכיות מאורז מלא לל,גרמים,230.00,100 גרם,false,1,14.90,6.48,true,1,
7290017894317,false,גנדולה עוגיות כוסמין ש.ציפס אורגני 250,גנדולה,IT,גנדולה עוגיות כוסמין,גרמים,250.00,100 גרם,false,1,15.90,6.36,true,1,
7290017925608,false,מיקלר ונגב -דזרט הייז 330מל,מיקלר אי פי אס,DK,מיקלר ונגב -דזרט היי,מיליליטרים,330.00,"100 מ""ל",false,1,13.90,4.21,true,1,
7290017928036,false,מאיר בייגל מקלות גריסיני שומשום 175 ג',מאיר בייגל,IL,מקלות גריסיני שומשום,גרמים,175.00,100 גרם,false,1,12.90,7.37,true,1,
7290017928661,false,מאיר בייגל -סמאש-שבורים בטעם צ'דר 300 גרם,מאיר בייגל,BG,סמאש שבורים בטעם צדר,גרמים,300.00,100 גרם,false,1,16.70,5.57,true,1,
7290017928821,false,מאיר בייגל מקלות גריסיני קלאסי 200 ג',מאיר בייגל,IL,מקלות גריסיני קלאסי,גרמים,200.00,100 גרם,false,1,12.90,6.45,true,1,
7290017973951,false,שבבי קלמר מיובש ומומלח 90 גרם,,,שבבי קלמר מיובש ומומ,גרמים,90.00,100 גרם,false,1,15.40,17.11,true,1,
7290018045695,false,דגנים במילוי קרם קרמל מלוח 480 ג' BON & BON,מונדיי Monday,DE,דגניםבמילוי קרם קרמל,מטרים,0.00,מטר,false,1,25.50,25.50,true,1,
7290018131251,false,אקסטרים מטבע שוקולד לבן וליבת קרם עוגיות 115ג',גלידות נסטלה (נגה גל,IL,אקסטרים מטבע שוקולד,גרמים,128.00,100 גרם,false,1,10.60,8.28,true,1,
7290018131336,false,נסטלה שלגון ליון 66 גרם,שוורצקוף& הנקל דיסלד,PL,שלגון ליון 71 גרם,גרמים,71.00,100 גרם,false,1,10.60,14.93,true,1,
7290018380079,false,אפונת גינה גדולה 550 ג' תומר,,HU,אפונת גינה תומר 550,גרמים,550.00,100 גרם,false,1,6.50,1.18,true,1,
7290018380147,false,חצילים כבושים 540 גרם A2,,IL,חצילים כבושים 540 גר,גרמים,540.00,100 גרם,false,1,7.50,1.39,true,1,
7290018380543,false,"סקוויז מחית תפו""ע 100 גרם",,,"סקוויז מחית תפו""ע 10",גרמים,100.00,100 גרם,false,1,6.50,6.50,true,1,
7290018380802,false,רגא'מה תבשיל הודי חומוס 300 גרם,,,תבשיל הודי חומוס 300,גרמים,300.00,100 גרם,false,1,12.90,4.30,true,1,
7290018380826,false,רגא'מה תבשיל הודי שעועית אדומה 300 גרם,,,תבשיל הודי שעועית אד,גרמים,300.00,100 גרם,false,1,12.90,4.30,true,1,
7290018440230,false,צ'אי ורדים 25 שק' ויסוצקי,ויסוצקי,IL,צאי ורדים 25 שקיקים,גרמים,50.00,100 גרם,false,1,22.90,45.80,true,1,
7290018440384,false,תה ירוק מאטה לימון נענע 25 שק' ויסוצקי,ויסוצקי,IL,תה ירוק מאטה לימון נ,גרמים,400.00,100 גרם,false,1,26.90,6.73,true,1,
7290018440513,false,סלט קליפורנייה קאלוו עם טונה 150 גר,קאלבו קונסרבס ס.ל.ו,ES,סלט קליפורנייה קאלוו,גרמים,150.00,100 גרם,false,1,14.90,9.93,true,1,
7290018468319,false,נקניקיה טבעונית בסגנון צוריסוס טירת צבי 400 גרם,טירת צבי,IL,נקניקיה טבעונית בסגנ,גרמים,400.00,100 גרם,false,1,42.90,10.73,true,1,
7290018468326,false,נקניקיה טבעונית בסגנון אמריקאי טירת צבי 400 גרם,טירת צבי,IL,נקניקיה טבעונית בסגנ,גרמים,400.00,100 גרם,false,1,42.90,10.73,true,1,
7290018468401,false,פסטרמה צמחונית בטעם גריל 100 גר טירת צבי,טיב טירת צבי 2000,IL,פסטרמה צמחונית בטעם,גרמים,100.00,100 גרם,false,1,20.90,20.90,true,1,
7290018468418,false,פסטרמה צמחונית בטעם מפולפל 100 ג טירת צב,טיב טירת צבי 2000,IL,פסטרמה צמחונית בטעם,גרמים,100.00,100 גרם,false,1,20.90,20.90,true,1,
7290018468425,false,נקניק טבעוני בטעם פקנטי 100 גרם טירת צבי,טיב טירת צבי 2000,IL,נקניק טבעוני בטעם פק,גרמים,100.00,100 גרם,false,1,20.90,20.90,true,1,
7290018468432,false,נקניק טבעוני בטעם מעושן 100 גרם טירת צבי,טיב טירת צבי 2000,IL,נקניק טבעוני בטעם מע,גרמים,100.00,100 גרם,false,1,20.90,20.90,true,1,
7290018471111,false,"שוויפס מוחיטו ליים נענע 330 מ""ל",יפאורה שותפות מובגלת,IL,שוופס ליים מוחיטו 33,מיליליטרים,330.00,"100 מ""ל",false,1,6.20,1.88,true,1,
7290018471128,false,"ספרינג שייק אננס מנגו פסיפלורה זכוכית 330 מ""ל","יפאורה תבורי בע""מ",IL,ספרינג שייק אננס מנג,מיליליטרים,330.00,"100 מ""ל",false,1,8.90,2.70,true,1,
7290018471142,false,"ספרינג שייק בננה אננס קוקוס פירות יער זכוכית 330 מ""ל","יפאורה תבורי בע""מ",IL,ספרינג שייק בננה אננ,מיליליטרים,330.00,"100 מ""ל",false,1,8.90,2.70,true,1,
7290018471180,false,משקה פרוט& ווג' אננס תפוח גזר 1 ליטר,פרוט אנד וג' Fruit & Veg,IL,פרוט & ווג אננס תפוח,מיליליטרים,1000.00,"100 מ""ל",false,1,15.90,1.59,true,1,
7290018471401,false,משקה פרוט& ווג' אננס בננה כורכום 1 ליטר,פרוט אנד וג' Fruit & Veg,IL,פרוט & ווג אננס בננה,מיליליטרים,1000.00,"100 מ""ל",false,1,15.90,1.59,true,1,
7290018471456,false,קרטונית ספרינג שייק אננס מנגו פסיפלורה 1 ליטר,"יפאורה תבורי בע""מ",IL,ספרינג שייק אננס מנג,מיליליטרים,1000.00,"100 מ""ל",false,1,14.60,1.46,true,1,
7290018471463,false,תפוזינה נקטר תפוז מנגו קרטונית 1 ליטר,"יפאורה תבורי בע""מ",IL,תפוזינה תפוז מנגו 1,מיליליטרים,1000.00,"100 מ""ל",false,1,8.00,0.80,true,1,
7290018471470,false,תפוזינה נקטר תפוז פסיפלורה קרטונית 1 ליטר,"יפאורה תבורי בע""מ",IL,תפוזינה תפוז פסיפלור,מיליליטרים,1000.00,"100 מ""ל",false,1,8.00,0.80,true,1,
7290018471487,false,תפוזינה נקטר תפוז אננס קרטונית 1 ליטר,"יפאורה תבורי בע""מ",IL,תפוזינה תפוז אננס 1,מיליליטרים,1000.00,"100 מ""ל",false,1,8.00,0.80,true,1,
7290018471494,false,תפוזינה משקה תפוז גזר קרטונית 1 ליטר,"יפאורה תבורי בע""מ",IL,תפוזינה תפוז גזר 1 ל,מיליליטרים,1000.00,"100 מ""ל",false,1,8.00,0.80,true,1,
7290018471630,false,שוופס טוניק מלפפון ליים 1 ליטר,"יפאורה תבורי בע""מ",IL,שוופס טוניק מלפפון ל,מיליליטרים,1000.00,"100 מ""ל",false,1,9.90,0.99,true,1,
7290018471906,false,שוופס מוגז פירות לימונדה ורודה 1.5 ליטר פיקדון,"יפאורה תבורי בע""מ",IL,שוופס מוגז לימונדה ו,ליטרים,0.00,ליטר,false,1,9.30,9.30,true,1,
7290018471944,false,שוופס מוגז פירות לימונייד 1.5 ליטר פיקדון,"יפאורה תבורי בע""מ",IL,שוופס מוגז לימונייד,ליטרים,0.00,ליטר,false,1,9.30,9.30,true,1,
7290018652015,false,נסטלה שלגון סופרולר 75 גרם,פרונרי איברייה,PL,סופרולר 75 גרם,גרמים,75.00,100 גרם,false,1,9.50,12.67,true,1,
7290018652053,false,"יסקולידה אקסטרה גלידה בטעמי וניל ושוקולד, 90 גרם",גלידות נסטלה,IL,ביסקולידה אקסטרה שוק,גרמים,90.00,100 גרם,false,1,5.90,6.56,true,1,
7290018860984,false,אטריות ביצים דקות 400 גרם,xiamen zhongshi impo,CN,אטריות ביצים דקות 40,גרמים,400.00,100 גרם,false,1,10.90,2.73,true,1,
7290018925065,false,מיץ פרימור תפוזים סחוט 2 ליטר-,"גניר (1992) בע""מ",IL,מיץ תפוזים סחוט 2 ל,מיליליטרים,2000.00,"100 מ""ל",false,1,28.90,1.45,true,1,
7290018972618,false,"תמר מג'הול 1 ק""ג תומר",,IL,"תמר מגהול תומר 1 ק""ג",גרמים,1000.00,100 גרם,false,1,19.90,1.99,true,1,
7290019056041,false,שוופס מוגז פירות לימונייד ללא סוכר 1.5 ליטר פיקדון,יפאורה תבורי,IL,שוופס מוגז ללא סוכר,ליטרים,0.00,ליטר,false,1,8.80,8.80,true,1,
7290019056065,false,שוופס מוגז עדין פירות יער 1.5 ליטר פיקדון,"יפאורה תבורי בע""מ",IL,שוופס מוגז עדין פירו,ליטרים,0.00,ליטר,false,1,9.90,9.90,true,1,
7290019056096,false,שוופס מוגז עדין אפרסק 1.5 ליטר פיקדון,"יפאורה תבורי בע""מ",IL,שוופס מוגז עדין אפרס,ליטרים,0.00,ליטר,false,1,9.90,9.90,true,1,
7290019056119,false,שוופס סודה 1.5 ליטר פיקדון,"יפאורה תבורי בע""מ",IL,שוופס סודה 1.5 ליטר,ליטרים,0.00,ליטר,false,1,4.00,4.00,true,1,
7290019056164,false,שוופס סודה 1.5 ליטר רביעייה פיקדון,"יפאורה תבורי בע""מ",IL,רביעיית שוופס סודה 1,ליטרים,0.00,ליטר,false,1,13.10,13.10,true,1,
7290019056232,false,משקה מוגז בטעם ליים מוחיטו 1.5 ל' שוופס,"יפאורה תבורי בע""מ",IL,שוופס ליים מוחיטו 1.,ליטרים,0.00,ליטר,false,1,11.90,11.90,true,1,
7290019056256,false,שוופס מים בטעמים תפוחים 1.5 ליטר פיקדון,יפאורה תבורי בעמ,IL,שוופס WATER תפוח 1.5,ליטרים,0.00,ליטר,false,1,9.90,9.90,true,1,
7290019056263,false,שוופס מים בטעמים אפרסק 1.5 ליטר פיקדון,יפאורה תבורי בעמ,IL,שוופס WATER אפרסק 1.,ליטרים,0.00,ליטר,false,1,9.90,9.90,true,1,
7290019056294,false,שוופס ג'ינג'ר אייל 1.5 ליטר פיקדון,"יפאורה תבורי בע""מ",IL,שוופס גינגר 1.5 ליטר,ליטרים,0.00,ליטר,false,1,12.70,12.70,true,1,
7290019056300,false,משקה בטעם ביטר לימון 1.5 ל' שוויפס,"יפאורה תבורי בע""מ",IL,שוופס ביטר 1.5 ליטר,ליטרים,0.00,ליטר,false,1,12.70,12.70,true,1,
7290019056317,false,שוופס ראשן 1.5 ליטר פיקדון,"יפאורה תבורי בע""מ",IL,משקה שוופס ראשן 1.5,ליטרים,0.00,ליטר,false,1,12.70,12.70,true,1,
7290019056324,false,שוופס טוניק 1.5 ליטר פיקדון,"יפאורה תבורי בע""מ",IL,שוופס טוניק 1.5 ליטר,ליטרים,0.00,ליטר,false,1,12.70,12.70,true,1,
7290019056331,false,שוופס טוניק ללא סוכר 1.5 ליטר פיקדון,יפאורה תבורי בעמ,IL,שוופס טוניק ללא סוכר,ליטרים,0.00,ליטר,false,1,12.70,12.70,true,1,
7290019056515,false,פרוט ווטר אננס 1.5 ליטר פיקדון,"יפאורה תבורי בע""מ",IL,FRUIT WATER אננס 1.5,ליטרים,0.00,ליטר,false,1,9.90,9.90,true,1,
7290019056539,false,פרוט ווטר אפרסק 1.5 ליטר פיקדון,"יפאורה תבורי בע""מ",IL,FRUIT WATER אפרסק 1.,ליטרים,0.00,ליטר,false,1,9.90,9.90,true,1,
7290019056553,false,עין גדי מים מינרלים 2 ליטר*6 יח',עין גדי מים מינרליים,IL,שישיית מים עין גדי 2,ליטרים,0.01,ליטר,false,1,13.80,1380.00,true,1,
7290019056942,false,מים עין גדי בקבוק 2,יפאורה,IL,מי עין גדי 2 ל,ליטרים,0.00,ליטר,false,1,3.00,3.00,true,1,
7290019056966,false,מי עדן בקבוק פיקדון 1.5 ליטר,יפאורה,IL,מי עדן 1.5 ליטר,ליטרים,0.00,ליטר,false,1,5.20,5.20,true,1,
7290019056973,false,שישיית מי עדן 1.5 ליטר משפחתי,מופק ממקור בזלתי עדן,IL,שישיית מי עדן 1.5 לי,ליטרים,0.01,ליטר,false,1,14.90,1490.00,true,1,
7290019153078,false,"שוופס ביטר למון לייט, 1.5 ליטר פקדון",יפאורה תבורי,IL,שוופס ביטר למון לייט,ליטרים,0.00,ליטר,false,1,12.70,12.70,true,1,
7290019153269,false,שוופס סודה אננס 1.5 ליטר רביעייה פיקדון,יפאורה תבורי,IL,שוופס סודה אננס 1.5,ליטרים,0.00,ליטר,false,1,13.10,13.10,true,1,
7290019167020,false,עוגת גבינה עם פירות יער לייט 80 ג' קינוחי עדן,עדן קינוחים Eden,IL,עוגת גבינה עם פירות,גרמים,80.00,100 גרם,false,1,7.90,9.88,true,1,
7290019167037,false,קינוח עדן תותים בקצפת 82 גרם,עדן קינוחים Eden,IL,תותים בקצפת 80 גרם,גרמים,80.00,100 גרם,false,1,7.90,9.88,true,1,
7290019167044,false,קצפת עם קרם בייגלה מתוק מלוח 82 ג' עדן,עדן קינוחים Eden,IL,קצפת עם קרם בייגלה מ,גרמים,80.00,100 גרם,false,1,7.90,9.88,true,1,
7290019168133,false,"צלחת 8"" מתכלה מרובעת סדרת יוניק מקני סוכר אר' 12 יח'",,,צלחת 8 מתכלה מרובעת,Unknown,0.00,Unknown,false,1,12.90,12.90,true,1,
7290019176046,false,פילה טונה בשמן זות 160 גר,,LV,פילה טונה בשמן זות 1,גרמים,160.00,100 גרם,false,1,16.90,10.56,true,1,
7290019297239,false,צימוק חום 250 גרם ששון הקולה,"דין שיווק וקליה בע""מ",,צימוק חום 330 גר,גרמים,330.00,100 גרם,false,1,15.40,4.67,true,1,
7290019297246,false,שזיפים מיובשים 250 גרם ששון הקולה,ששון הקולה,,שזיפים 330 גר,גרמים,330.00,100 גרם,false,1,24.00,7.27,true,1,
7290019297505,false,"רוטב רימונים שקדיה 700 מ""ל",דין שיווק,TR,רוטב רימונים שקדיה 7,מיליליטרים,700.00,"100 מ""ל",false,1,25.40,3.63,true,1,
7290019297543,false,שקדיה חמאת בוטנים 51,דין שיווק,CN,חמאת בוטנים 510 גרם,גרמים,510.00,100 גרם,false,1,16.40,3.22,true,1,
7290019297628,false,שקד טבעי 150 גרם ששון הקולה שקית,"דין שיווק וקלייה בע""",IL,שקד טבעי 150 גרם ששו,גרמים,150.00,100 גרם,false,1,16.90,11.27,true,1,
7290019297635,false,שקד קלויים 150 גרם ששון הקולה,דין שיווק,IL,שקד קלויים 150 גרם ש,גרמים,150.00,100 גרם,false,1,17.90,11.93,true,1,
7290067642005,false,"בירה גולדסטאר 10% 330 מ""ל SLOW BREW",טמפו,IL,בירה גולדסטאר 10% 33,מיליליטרים,1980.00,"100 מ""ל",false,1,8.50,0.43,true,1,
7290089617142,false,פטריות אופיאטה מוחמצפוסולסקי דבור 680 ג,,CN,פטריות אופיאטה מוחמ,גרמים,680.00,100 גרם,false,1,17.60,2.59,true,1,
7290089617388,false,פטריות בורוביצקי מוחמצים 680 ג,,CN,פטריות בורוביצקי מוח,גרמים,680.00,100 גרם,false,1,17.60,2.59,true,1,
7290100240137,false,"תרסיס למייבש כביסה כחול 500 מ""ל בדין","זוהר דליה, קיבוץ דלי",IL,בדין תרסיס למייבש כח,מיליליטרים,500.00,"100 מ""ל",false,1,23.90,4.78,true,1,
7290100240632,false,קרקר פתית 200-300ג' 6 דגנים 250 גרם,יוניליוור ישראל מזון,IL,"פתית 6 דגנים בד""צ 25",גרמים,250.00,100 גרם,false,1,19.90,7.96,true,1,
7290100245231,false,נמס בכוס מרק בטעם עוף עם אטריות ושקדי מרק-2 שקיות,יוניליוור ישראל מזון,IL,מרק נמס בכוס ועוד ט.,גרמים,50.00,100 גרם,false,1,8.50,17.00,true,1,
7290100249598,false,"רוטב לבישול שום ודבש קנור 320ג' בד""צ",יוניליוור ישראל מזון,IL,קנור רוטב שום ודבש 3,גרמים,320.00,100 גרם,false,1,14.90,4.66,true,1,
7290100323038,false,כרעיים עוף טרי,,,כרעיים עוף טרי,Unknown,0.00,"ק""ג",true,0,24.90,24.90,true,1,
7290100680650,false,מנה חמה נודלס-אטריות ירקות טעם תאילנדי אסם 76 ג',THAI PRESIDENT FOODS,TH,מנה חמה נודלס טעם יר,גרמים,70.00,100 גרם,false,1,7.50,10.71,true,1,
7290100680667,false,מנה חמה נודלס-אטריות+ירקות טעם סצ'ואן,THAI PRESIDENT FOODS,TH,מנה חמה נודלס טעם סי,גרמים,76.00,100 גרם,false,1,7.50,9.87,true,1,
7290100680728,false,פירורית רגילה שקית 350 גרם,מיוצר עי קונדיטוריית,IL,פירורית 350 גרם,גרמים,350.00,100 גרם,false,1,8.90,2.54,true,1,
7290100687109,false,במבה במילוי קרם נוגט 60ג' אסם,"אסם השקעות בע""מ",IL,במבה במילוי נוגת 60,גרמים,60.00,100 גרם,false,1,4.90,8.17,true,1,
7290100700242,false,"אורז מלא עגול סוגת 1 ק""ג","סוגת תעשיות בע""מ",IL,"אורז מלא עגול 1 ק""ג",גרמים,1000.00,100 גרם,false,1,11.90,1.19,true,1,
7290100700273,false,קינואה סוגת 500 גרם,האי נאם סי או אל.טי.,IL,קינואה 500 גרם,גרמים,500.00,100 גרם,false,1,15.90,3.18,true,1,
7290100700396,false,"סוגת אורז יסמין קלאסי 1 ק""ג",האי נאם סי או אל.טי.,IL,אורז יסמין קלאסי 1 ק,גרמים,1000.00,100 גרם,false,1,12.90,1.29,true,1,
7290100700563,false,"סוגת אורז מיקס 1 ק""ג",סוגת תעשיות בעמ,IL,"אורז מיקס 1 ק""ג",גרמים,1000.00,100 גרם,false,1,15.90,1.59,true,1,
7290100700587,false,"בורגול ""סוגת"" 500 גרם",האי נאם סי או אל.טי.,IL,בורגול 500 גרם,גרמים,500.00,100 גרם,false,1,5.50,1.10,true,1,
7290100701157,false,"אורז לסושי סוגת 1 ק""ג",סוגת תעשיות בעמ,IL,"אורז סושי 1 ק""ג",גרמים,1000.00,100 גרם,false,1,15.50,1.55,true,1,
7290100701348,false,"קמח שיפון מלא 1 ק""ג סוגת",טחנות קמח שטיבל באר,IL,"קמח שיפון מלא 1 ק""ג",גרמים,1000.00,100 גרם,false,1,7.90,0.79,true,1,
7290100702383,false,"קמח תופח סוגת 1 ק""ג",שטיבל טחנות קמח,IL,"קמח תופח 1 ק""ג סוגת",גרמים,1000.00,100 גרם,false,1,7.90,0.79,true,1,
7290100702987,false,פתיתי שיבולת שועל דק סוגת 500ג',סוגת תעשיות,,שיבולת שועל 500 גרם,גרמים,500.00,100 גרם,false,1,6.80,1.36,true,1,
7290100703434,false,בורגול חום סוגת 500 ג',"סוגת תעשיות בע""מ",IL,בורגול חום 500 גרם,גרמים,500.00,100 גרם,false,1,5.90,1.18,true,1,
7290100703458,false,כוסמת לא קלוי 500 ג' סוגת,"שטיבל בע""מ",IL,כוסמת ללא קליה 500 ג,גרמים,500.00,100 גרם,false,1,7.90,1.58,true,1,
7290100703670,false,"קמח כוסמין ללא ניפוי 1 ק""ג סוגת",,,קמח כוסמין מלא ללא נ,גרמים,1000.00,100 גרם,false,1,15.90,1.59,true,1,
7290100703687,false,"קמח חלה ללא ניפוי 1 ק""ג סוגת",סוגת,,קמח חלה ללא ניפוי 1,קילוגרמים,0.00,"ק""ג",false,1,9.30,9.30,true,1,
7290100703908,false,"סוכר דמררה סוגת 1 ק""ג",סוגת תעשיות בעמ,IL,"סוכר דמררה 1 ק""ג",גרמים,1000.00,100 גרם,false,1,12.90,1.29,true,1,
7290100858592,false,אבקת קקאו עלית שקית 150 ג',הנסיך- מפעל לייצור ט,IL,קקאו 150 גרם,גרמים,150.00,100 גרם,false,1,11.90,7.93,true,1,
7290101457800,false,12 נרות גמבו צהוב +,,CN,12 נרות גמבו צהוב +,Unknown,1.00,Unknown,false,12,4.50,4.50,true,1,
7290101458050,false,נרות יום הולדת,,,נרות יום הולדת,Unknown,0.00,Unknown,false,1,4.50,4.50,true,1,
7290101500506,false,פטרוזיליה ארוזה,,,פטרוזיליה ארוזה,Unknown,0.00,Unknown,false,1,5.90,5.90,true,1,
7290101500513,false,שמיר ארוז,,,שמיר ארוז,Unknown,0.00,Unknown,false,1,4.90,4.90,true,1,
7290101500520,false,כוסברה ארוזה,,,כוסברה ארוזה,Unknown,0.00,Unknown,false,1,4.90,4.90,true,1,
7290101500537,false,נענע ארוזה,,,נענע ארוזה,Unknown,0.00,Unknown,false,1,4.90,4.90,true,1,
7290101500551,false,סלרי אמריקאי ארוז,חקלאי,IL,סלרי אמריקאי ארוז,Unknown,0.00,Unknown,false,1,7.90,7.90,true,1,
7290101501176,false,פלפל פינקרבל,מ.ע יזמות,IL,פלפל טינקרבל,Unknown,0.00,Unknown,false,1,12.90,12.90,true,1,
7290101501237,false,עגבניות מגי,משתנה,IL,עגבניות מגי,Unknown,0.00,"ק""ג",true,0,19.90,19.90,true,1,
7290101501589,false,גינגר יחידה 200 גרם,יוליניבר,IL,גינגר טבעי,Unknown,0.00,Unknown,false,1,11.90,11.90,true,1,
7290101551027,false,קפסולות קפה אספרסו חזק במיוחד 14 עלית 10 יח',הנסיך- מפעל לייצור ט,IL,קפסולות 14 חזק במיוח,גרמים,50.00,100 גרם,false,1,18.90,37.80,true,1,
7290101551300,false,סילאן טבעי ללא תוספת סוכר בקבוק לחיץ,מכוורת יד מרדכי,IL,סילאן טבעי לחיץ יד מ,גרמים,700.00,100 גרם,false,1,16.90,2.41,true,1,
7290101551539,false,יוגורט PRO בטעם אפרסק 0% 20 גרם חלבון בגביע,דנונה - שטראוס,IL,דנונה פרו 20 גרם חלב,גרמים,200.00,100 גרם,false,1,6.20,3.10,true,1,
7290101812999,false,כדור תבלינים,,IL,מיני פיין סלמי 350 ג,גרמים,350.00,100 גרם,false,1,34.90,9.97,true,1,
7290101952510,false,לקט פרובנס טבעפרוסט 800 גר,,,לקט פרובנס טבעפרוסט,גרמים,800.00,100 גרם,false,1,19.80,2.48,true,1,
7290101952527,false,לקט בסגנון אסייתי טבעפרוסט 800 גר,,,לקט בסגנון אסייתי טב,גרמים,800.00,100 גרם,false,1,19.80,2.48,true,1,
7290101952558,false,גרעיני תירס קפואים טבעפרוסט 800 גרם,,,גרעיני תירס קפואים,גרמים,800.00,100 גרם,false,1,17.10,2.14,true,1,
7290102030330,false,תפוציפס קראנצ מקסיקני 200 גרם,"שטראוס פריטו ליי בע""",IL,תפוציפס קראנצ מקסיקנ,גרמים,200.00,100 גרם,false,1,10.90,5.45,true,1,
7290102300822,false,גבינה צ'דר אנגלית כתומה 200 ג',דאולי צ'יסמייקרס,GB,צדר אנגלית כתומה 200,גרמים,200.00,100 גרם,false,1,25.90,12.95,true,1,
7290102303984,false,גוש טונה במים רוברט 140 גרם,Ramirez,PT,גוש טונה במים רוברט,גרמים,140.00,100 גרם,false,1,11.90,8.50,true,1,
7290102390427,false,יוגורט ביו עם קציפת תות 3% שומן 150 ג' מולר,מולר Muller,IL,יוגורט מולר פרופ בטע,גרמים,150.00,100 גרם,false,1,5.90,3.93,true,1,
7290102390489,false,יוגורט ביו עם קציפת לימון 3% שומן 150 ג' מולר,מולר Muller,IL,פרופ לימון מולר 150,מיליליטרים,150.00,"100 מ""ל",false,1,5.90,3.93,true,1,
7290102391844,false,יוגורט ביו עם קציפת פירות יער3% שומן 150 ג' מולר,מולר Muller,IL,פרופ מולר פירות יער,גרמים,150.00,100 גרם,false,1,5.90,3.93,true,1,
7290102393039,false,מולר מיקס יוגורט קרמי בתוספת פצפוצי שוקולד 170 ג',מולר Muller,IL,מולר מיקס יוגורט,גרמים,150.00,100 גרם,false,1,6.50,4.33,true,1,
7290102393060,false,מיקס יוגורט גליליות וופל קרם אגוזים 170 ג' מולר,מולר Muller,IL,מולר מיקס יוגורט קרמ,גרמים,150.00,100 גרם,false,1,6.50,4.33,true,1,
7290102393176,false,סימפלי פרוט יוגורט אפרסק 3% שומן 150 ג' מולר,מילקו תעשיות בעמ,IL,SIMPLY FRUIT מולר בט,מיליליטרים,150.00,"100 מ""ל",false,1,5.60,3.73,true,1,
7290102393947,false,סימפלי פרוט יוגורט בטעם קיווי 3% שומן 150 ג' מולר,מילקו תעשיות בעמ,IL,SIMPLY FRUIT מולר בט,מיליליטרים,150.00,"100 מ""ל",false,1,5.60,3.73,true,1,
7290102394081,false,מולר מיקס יוגורט קרמי עם קורנפלקס מצופה שוקולד,מילקו תעשייה בעמ,IL,מולר מיקס עם קורנפלק,גרמים,150.00,100 גרם,false,1,6.50,4.33,true,1,
7290102394821,false,"נעם גבינה צהובה דק דק פ""ח 28% 200 גר",מילקו תעשיות בעמ,IL,נעם גבינה צהובה דק ד,גרמים,200.00,100 גרם,false,1,18.90,9.45,true,1,
7290102395231,false,מולר נטורל 2.8% ביאנקו מאגדת 8 יח' * 150 ג',מולר Muller,IL,מאגדת שמיניה מולר,גרמים,1200.00,100 גרם,false,1,19.90,1.66,true,1,
7290102395408,false,נעם גבינה צהובה 28% במשקל,טרה,IL,נעם גבינה צהובה 28%,Unknown,0.00,"ק""ג",true,0,44.79,44.79,true,1,
7290102395415,false,נעם גבינה צהובה 9% במשקל,,,נעם גבינה צהובה 9% ב,Unknown,0.00,"ק""ג",true,0,92.00,92.00,true,1,
7290102395422,false,נעם גבינה צהובה 22% במשקל,,,נעם גבינה צהובה 22%,Unknown,0.00,"ק""ג",true,0,42.58,42.58,true,1,
7290102396665,false,פרוסות גבינת נעם מופחתת שומן 15%,מילקו תעשיות בעמ,IL,גבינה צהובה נעם דק ד,גרמים,200.00,100 גרם,false,1,18.90,9.45,true,1,
7290102396719,false,יוגורט ביו עם תות שדה 0% Simply Fruit,מולר Muller,IL,מולר SIMPLY FRUIT תו,גרמים,150.00,100 גרם,false,1,5.60,3.73,true,1,
7290102397204,false,פרוסות גבינה 22% שומן 200 ג' נעם,מילקו תעשיות בעמ,IL,גבינה צהובה נעם דק ד,גרמים,200.00,100 גרם,false,1,18.90,9.45,true,1,
7290102397464,false,יוגורט ביו בתוספת גרעינים אגוזים וחמוציות 170 ג' מולר,מולר Muller,IL,מולר נטורל+ פקאן גרע,גרמים,170.00,100 גרם,false,1,6.50,3.82,true,1,
7290102397600,false,מיקס יוגורט בתוספת שקדים ובוטנים מקורמלים 170 ג' מולר,מילקו תעשייה בעמ,IL,מולר מיקס שקדים ובוט,גרמים,170.00,100 גרם,false,1,6.50,3.82,true,1,
7290102397617,false,יוגורט ביו קרמי עם כדורים מצופים שוקולד חום לבן,מולר Muller,IL,מולר מיקס קליק 170 ג,גרמים,170.00,100 גרם,false,1,6.50,3.82,true,1,
7290102397730,false,פרוסות גבינה אמנטל חצי קשה 30% שומן 200 ג' נעם,טרה,IL,גבינת אמנטל נעם 200,גרמים,200.00,100 גרם,false,1,19.90,9.95,true,1,
7290102397747,false,פרוסות גבינת מוצרלה נעם מחלב בקר 22%,טרה,IL,מוצרלה נעם רכיבים,גרמים,200.00,100 גרם,false,1,20.90,10.45,true,1,
7290102398065,false,**חלב בקרטון 2 ליטר 3% מהדרין - טרה,טרה,IL,חלב 3% מהדרין 2 ליטר,ליטרים,0.00,ליטר,false,1,12.46,12.46,true,1,
7290102398331,false,חלב דל לקטוז 2% מועשר בויטמין D,טרה,IL,חלב מועשר דל לקטוז 1,מיליליטרים,1000.00,"100 מ""ל",false,1,8.90,0.89,true,1,
7290102398560,false,שוקו מעושר בבקבוק 1ל' טרה,מילקו תעשיות בעמ,IL,שוקו מועשר טרה 1 ליט,מיליליטרים,1000.00,"100 מ""ל",false,1,13.90,1.39,true,1,
7290102398577,false,משקה חלב בטעם שוקו 2% בבקבוק אישי,מילקו תעשיות בעמ,IL,שוקו מועשר טרה 250 מ,מיליליטרים,250.00,"100 מ""ל",false,1,6.20,2.48,true,1,
7290102399048,false,פרוסות גבינת קשקבל נעם 200 ג' טרה,מילקו,IL,קשקבל נעם 200 גר,גרמים,200.00,100 גרם,false,1,26.90,13.45,true,1,
7290102399635,false,"מולר פרופ יוגורט ביו עם קציפת קוקוס ואננס 150 מ""ל",מולר Muller,IL,מולר פרופ קוקוס,מיליליטרים,150.00,"100 מ""ל",false,1,5.90,3.93,true,1,
7290102399796,false,מעדן יוגורט לבן מועשר בחלבון 200 ג' מולר אקטיב,מולר Muller,IL,מולר אקטיב יוגורט חל,גרמים,200.00,100 גרם,false,1,6.90,3.45,true,1,
7290102399802,false,יוגורט עם תות מולר אקטיב מועשר בחלבון 200 גר',מולר Muller,IL,מולר אקטיב יוגורט חל,גרמים,200.00,100 גרם,false,1,6.90,3.45,true,1,
7290102399819,false,יוגורט עם פירות יער מולר אקטיב מועשר בחלבון 200 גר',מולר Muller,IL,מולר אקטיב יוגורט,גרמים,200.00,100 גרם,false,1,6.90,3.45,true,1,
7290102399857,false,"יוגורט אקטיב עם תות 0% , 20 גרם חלבון בגביע",מולר Muller,IL,מולר אקטיב לייט יוגו,גרמים,200.00,100 גרם,false,1,6.90,3.45,true,1,
7290102601547,false,כפיות פרמיום שקוף/קרם/לבן/זהב א'ר 50 דנטס,,TR,כפיות פרמיום שקוף/קר,Unknown,0.00,Unknown,false,1,9.50,9.50,true,1,
7290102611836,false,להבונים בשקית 50 יח,,CN,להבונים בשקית 50 יח,Unknown,1.00,Unknown,false,1,12.50,12.50,true,1,
7290103401429,false,קפה קצב ברזילאי אוריגינס 200 גר,הנסיך- מפעל לייצור ט,IL,קפה קצב ברזילאי אורי,גרמים,200.00,100 גרם,false,1,29.90,14.95,true,1,
7290103404758,false,כרוב אדום במיונז אחל,מיוצר עי קונדיטוריית,IL,כרוב אדום 120 גר,גרמים,125.00,100 גרם,false,1,5.80,4.64,true,1,
7290103408206,false,עלי חסה בקופסא 250 גרם ירקות שטראוס,שטראוס בריאות ירקות,IL,עלי חסה שטופים בקופס,גרמים,250.00,100 גרם,false,1,11.90,4.76,true,1,
7290103702304,false,טאצ אשפתון עבה במיוחד 35 יחידות,"שניב תעשיות נייר בע""",,טאצ אשפתון עבה במיוח,Unknown,0.00,Unknown,false,1,15.90,15.90,true,1,
7290103703226,false,טאצ מטליות לחות לניקוי כללי,,,טאצ מטליות לחות לניק,Unknown,0.00,Unknown,false,1,9.90,9.90,true,1,
7290103703370,false,טאצ מגבוני טואלט לחים מארז שלישייה,,,טאצ מגבוני טואלט לחי,Unknown,0.00,Unknown,false,1,15.90,15.90,true,1,
7290103703998,false,טאצ' מגבונים לחים לחיטוי 99.9% אנטיבקטריאלים 50 יח',עלבד,IL,טאצ מגבונים אנטיבקטר,Unknown,0.00,Unknown,false,1,11.90,11.90,true,1,
7290103704575,false,נייר טואלט טאצ' פרימיום 48 גלילים,,,טואלט טאצ 48 מהדורת,Unknown,0.00,Unknown,false,18,39.90,39.90,true,1,
7290104061417,false,חומוס טחינה אחלה 400 ג',"שטראוס גרופ בע""מ",IL,חומוס טחינה 400 גר,גרמים,400.00,100 גרם,false,1,13.50,3.38,true,1,
7290104061431,false,חומוס אחלה עם צנובר 400 ג',"שטראוס גרופ בע""מ",IL,חומוס צנובר 400 גר,גרמים,400.00,100 גרם,false,1,13.50,3.38,true,1,
7290104061448,false,חומוס עם חריף 400 ג' אחלה,מיוצר עי קונדיטוריית,IL,חומוס חריף 400 גרם,גרמים,400.00,100 גרם,false,1,13.50,3.38,true,1,
7290104065934,false,עלי רוקט 150 גרם שטראוס,שטראוס בריאות ירקות,IL,עלי רוקט 150גר,גרמים,150.00,100 גרם,false,1,10.90,7.27,true,1,
7290104066566,false,טחינה שומשום מלא אחלה 500 גר',מיוצר עי קונדיטוריית,IL,טחינה 500 גרם,גרמים,500.00,100 גרם,false,1,19.50,3.90,true,1,
7290104500572,false,אפרופו חטיף איטליאנו 50 ג' אסם,מיוצר עי קונדיטוריית,IL,חטיף אפרופו איטליאנו,גרמים,50.00,100 גרם,false,1,5.90,11.80,true,1,
7290104508943,false,במבה אריזת חסכון 200 גרם,"אסם השקעות בע""מ",IL,במבה קלאסי 200 גרם,גרמים,200.00,100 גרם,false,1,9.90,4.95,true,1,
7290104721762,false,מארז קפה טורקי עלית 3*85 גר,שטראוס גרופ,IL,מארז קפה טורקי עלית,גרמים,255.00,100 גרם,false,1,24.90,9.76,true,1,
7290104722530,false,תפוצ'יפס שמנת בצל 200 גרם,"שטראוס פריטו ליי בע""",IL,תפוציפס שמנת בצל 200,גרמים,200.00,100 גרם,false,1,10.90,5.45,true,1,
7290104728310,false,"שמנת עמידה לקצפת 38% שומן 250 מ""ל יוטבתה",שטראוס גרופ,IL,שמנת עמידה לקצפת 38%,מיליליטרים,250.00,"100 מ""ל",false,1,6.47,2.59,true,1,
7290105360250,false,קפסולות 09 עשיר וארומטי למכונת נספרסו עלית 10יח',הנסיך- מפעל לייצור ט,IL,קפסולות מקיאטו למכונ,גרמים,50.00,100 גרם,false,1,18.90,37.80,true,1,
7290105360328,false,קפסולות אספרסו חזק למכונות נספרסו 10 יח',הנסיך- מפעל לייצור ט,IL,קפסולות אספרסו חזק ל,Unknown,0.00,Unknown,false,1,18.90,18.90,true,1,
7290105362339,false,"שמנת לבישול 15% 250 מ""ל יטבתה מהדרין",שטראוס גרופ,IL,שמנת לבישול 15% מהדר,מיליליטרים,250.00,"100 מ""ל",false,1,9.90,3.96,true,1,
7290105363602,false,כיף כף - מקלות קלאסי 40 גרם,"איי, בי, אינבוו",TR,כיף כף מקלות קלאסי 4,Unknown,0.00,Unknown,false,1,5.50,5.50,true,1,
7290105366993,false,גבינה לבנה סימפוניה עם תוספות 200 ג' פלפל שיפקה,"שטראוס בריאות בע""מ",IL,סימפוניה פלפל שיפקה,גרמים,200.00,100 גרם,false,1,12.90,6.45,true,1,
7290105369130,false,סימפוניה גבינה במרקם שמנת בצל ירוק 5%,"שטראוס בריאות בע""מ",IL,סימפוניה בצל ירוק 3%,גרמים,200.00,100 גרם,false,1,12.90,6.45,true,1,
7290105500151,false,וודקה פינלנדיה בקבוק,"אלטיה קורפ, הלסינקי,",FI,וודקה פינלנדיה 700 מ,מיליליטרים,700.00,"100 מ""ל",false,1,59.90,8.56,true,1,
7290105500236,false,וויסקי ג'ק דניאלס מס' 7 Brand No,ג'ק דניאלס Jack Daniel's,US,וויסקי גק דניאלס 700,מיליליטרים,700.00,"100 מ""ל",false,1,109.90,15.70,true,1,
7290105500953,false,"וויסקי ג'ק דניאלס דבש 700 מ""ל",ג'ק דניאל'ס,BE,וויסקי גק דניאלס דבש,מיליליטרים,700.00,"100 מ""ל",false,1,109.90,15.70,true,1,
7290105693457,false,עוגת הבית דמקה שוקו וניל 320 ג' אסם,מיוצר עי קונדיטוריית,IL,עוגת דמקה שוקו וניל,גרמים,320.00,100 גרם,false,1,13.40,4.19,true,1,
7290105965738,false,יוגורט לשתיה בטעם תות בננה267 ג' דנונה,מיוצר עי קונדיטוריית,IL,משקה בוקר תות בננה 2,מיליליטרים,267.00,"100 מ""ל",false,1,5.40,2.02,true,1,
7290105968777,false,פריכיות עם תחתית שוקולד מריר 70 ג' אנרגי,"טחנת האבן תעשיות בע""",IL,פריכיות אנרגי תחתית,גרמים,70.00,100 גרם,false,1,8.90,12.71,true,1,
7290105999238,false,ג'ו - קפסולות קרים אלומיניום תערובת אקסטרה,,IL,קפה קרים תערובת אקסט,גרמים,55.00,100 גרם,false,1,16.90,30.73,true,1,
7290105999535,false,"פחית קפה קר גו 250 מ""ל",,IL,פחית קפה קר גו 250 מ,מיליליטרים,250.00,"100 מ""ל",false,1,6.90,2.76,true,1,
7290106520066,false,רבע לשבע במילוי קרם אגוזים ובציפוי שוקולד חלב,הגביע מוצרי וופלים ב,IL,אצבעות וופל רבע לשבע,גרמים,160.00,100 גרם,false,1,13.50,8.44,true,1,
7290106520912,false,"שמנת לבישול 9% 250 מ""ל יטבתה",שטראוס גרופ,IL,שמנת לבישול 9% 250 מ,מיליליטרים,250.00,"100 מ""ל",false,1,9.90,3.96,true,1,
7290106521926,false,שקית קפה טורקי 150 ג' עלית,שטראוס גרופ,IL,טורקי עלית 150 גרם ש,גרמים,150.00,100 גרם,false,1,12.90,8.60,true,1,
7290106524439,false,תפוצ'יפס טבעי פופס 60גר',"שטראוס פריטו ליי בע""",IL,תפוציפס פופס 60 גרם,גרמים,60.00,100 גרם,false,1,4.90,8.17,true,1,
7290106525405,false,קפסולות למכונת נספרסו נטול קפאין,שטראוס קפה בי.וי,IL,קפסולות נטול למכונו,Unknown,0.00,Unknown,false,1,18.90,18.90,true,1,
7290106528567,false,חטיף דוריטוס גריל 185 גרם,שטראוס פריטו ליי (מל,IL,חטיף דוריטוס גריל 18,גרמים,185.00,100 גרם,false,1,8.90,4.81,true,1,
7290106528628,false,חטיף דוריטוס טבעי 185 גרם,"שטראוס פריטו ליי בע""",IL,Dippas חטיף דוריטוס,גרמים,185.00,100 גרם,false,1,8.90,4.81,true,1,
7290106528949,false,לקט לסלט ערוגות שטרא,שטראוס בריאות ירקות,IL,לקט ערוגות,Unknown,0.00,Unknown,false,1,12.90,12.90,true,1,
7290106572027,false,אוסם - לחמית חמישה דגנים 190 גרם,"אסם השקעות בע""מ",IL,לחמית חמישה דגנים 19,גרמים,190.00,100 גרם,false,1,11.00,5.79,true,1,
7290106574120,false,גומי גם קרחון שרבט עם סוכריות 90 גרם,גלידות נסטלה (נגה גל,IL,גומיגם 90 גר,גרמים,90.00,100 גרם,false,1,8.00,8.89,true,1,
7290106574953,false,בייגלה שטוחים כעכים שטוחים עם שומשום,מיוצר עי קונדיטוריית,IL,בייגלה שטוחים שומשום,גרמים,300.00,100 גרם,false,1,11.90,3.97,true,1,
7290106574977,false,בייגלה שטוחים כעכים שטוחים עם מלח,מיוצר עי קונדיטוריית,IL,בייגלה שטוחים עם מלח,גרמים,300.00,100 גרם,false,1,11.90,3.97,true,1,
7290106575431,false,עוגת הבית סופלה בטעם שוקוניל 340 ג' אסם,מיוצר עי קונדיטוריית,IL,עוגת סופלה בטעם שוקו,גרמים,340.00,100 גרם,false,1,13.40,3.94,true,1,
7290106576223,false,אפרופו מצופה שוקולד 40 ג',מיוצר עי קונדיטוריית,IL,אפרופו שוקולד 40 גרם,גרמים,40.00,100 גרם,false,1,5.90,14.75,true,1,
7290106578692,false,אוסם - במבה ביסלי מיקס 80 גרם,פרו מן יו פתרונות אר,IL,ביסלי במבה גריל מיקס,גרמים,80.00,100 גרם,false,1,4.90,6.13,true,1,
7290106652996,false,כיף כף מקלות קוקוס חלבי 40 גר',סולן בעבור שטראוס,TR,כיף כף מקלות קוקוס 4,Unknown,0.00,Unknown,false,1,5.50,5.50,true,1,
7290106653689,false,לקט לסלט בסגנון אסייתי,"שטראוס מזון טרי בע""מ",IL,לקט לסלט אסייתי 350,גרמים,350.00,100 גרם,false,1,12.90,3.69,true,1,
7290106663121,false,מילקי cake עוגה אישית 34 גרם,בובארד איטליה אס.פי.,IT,עוגה אישית מילקי 34,גרמים,34.00,100 גרם,false,1,3.30,9.71,true,1,
7290106663183,false,צ'יטוס חטיף טעם גבינה 65ג,,,ציטוס בטעם גבינה 65,גרמים,65.00,100 גרם,false,1,4.70,7.23,true,1,
7290106664067,false,לאבנה עם שמן זית וזעתר 10% שטראוס 400 ג',הדקלאים אגודת שיתופי,IL,לאבנה עם שמן זית וזע,גרמים,400.00,100 גרם,false,1,16.90,4.23,true,1,
7290106667266,false,חטיף דוריטוס חמוץ חריף 185 גרם,שטראוס פריטו ליי (מל,IL,חטיף דוריטוס חמוץ חר,גרמים,185.00,100 גרם,false,1,8.90,4.81,true,1,
7290106668577,false,"מיץ לימון טבעי יד מרדכי 250 מ""ל",האי נאם סי או אל.טי.,IT,"מיץ לימון 250 מ""ל יד",מיליליטרים,250.00,"100 מ""ל",false,1,9.90,3.96,true,1,
7290106669857,false,קפסולות 06 אספרסו בטעם וניל עלית 10יח',הנסיך- מפעל לייצור ט,IL,קפסולות אספרסו בטעם,גרמים,50.00,100 גרם,false,1,18.90,37.80,true,1,
7290106723689,false,עלי תרד בייבי שטראוס 200 גרם,שטראוס בריאות ירקות,IL,תרד בייבי 200 גר,גרמים,200.00,100 גרם,false,1,12.90,6.45,true,1,
7290107280709,false,"סנו ספארק נוזל הברקה למדיח 700 מ""ל","סנו מפעלי ברונוס בע""",IL,נוזל הברקה למדיח סנו,מיליליטרים,900.00,"100 מ""ל",false,1,16.90,1.88,true,1,
7290107280723,false,נוזל לניקוי כלים סנו ספארק Spark בניחוח לימון רענן,סנו כימיקלים,IL,נוזל כלים סנו ספארק,מיליליטרים,700.00,"100 מ""ל",false,1,10.50,1.50,true,1,
7290107280747,false,נוזל לניקוי כלים סנו ספארק Spark קלאסי,סנו כימיקלים,IL,נוזל כלים סנו ספארק,מיליליטרים,700.00,"100 מ""ל",false,1,10.50,1.50,true,1,
7290107280761,false,נוזל לניקוי כלים בניחוח לימון רענן סנו ספארק Spark,מיוצר עי קונדיטוריית,IL,ספארק נוזל כלים בניח,מיליליטרים,1000.00,"100 מ""ל",false,1,15.40,1.54,true,1,
7290107645591,false,אבקת מרק בטעם עוף 100% רכיבים טבעיים 400 גרם,יוניליוור ישראל מזון,IL,מרק טעם עוף קנור רכי,גרמים,400.00,100 גרם,false,1,20.90,5.23,true,1,
7290107646833,false,חטיף שוגי שוקולד לבן וחלב מארז 6 יח' * 23 ג',יוניליוור ישראל מזון,IL,מאגדת פצפוצי שוקולד,גרמים,138.00,100 גרם,false,1,14.90,10.80,true,1,
7290107647731,false,קוקומן חום לבן 20% פחות סוכר 375 גרם,אתר שפע - Food,IL,קוקומן חום לבן 20% פ,גרמים,375.00,100 גרם,false,1,23.90,6.37,true,1,
7290107647816,false,"דגני ברנפלקס ללא תוספת סוכר 500 גרם בד""צ",יוניליוור ישראל מזון,IL,דגני ברנפלקס ללא תוס,גרמים,500.00,100 גרם,false,1,25.90,5.18,true,1,
7290107649100,false,בייגלה טבעות שומשום 300 גר',בייגל את בייגל מזון,IL,בייגלה טבעות 300 גרם,גרמים,300.00,100 גרם,false,1,13.90,4.63,true,1,
7290107870047,false,"טילון אקסטרים מטבע ענק בראוניז, 115 ג'",תות תעשיות מזון (201,IL,אקסטרים טילון בראוני,גרמים,115.00,100 גרם,false,1,11.00,9.57,true,1,
7290107879644,false,גלידה לה פרוטה בננה תמר פקאן 70 גר,המאפיה של הרמן,IL,גלידה לה פרוטה בננה,Unknown,0.00,Unknown,false,1,6.90,6.90,true,1,
7290107932080,false,חלב מועשר יוטבתה בבקבוק 3% 1 ליטר,מחלבת יטבתה,IL,חלב מועשר יוטבתה בבק,מיליליטרים,1000.00,"100 מ""ל",false,1,7.90,0.79,true,1,
7290107932134,false,חלב מועשר יוטבתה בבקבוק 1% 1 ליטר,מחלבת יטבתה,IL,חלב מועשר יוטבתה בבק,מיליליטרים,1000.00,"100 מ""ל",false,1,7.90,0.79,true,1,
7290107933155,false,לקט לסלט סלנובה שטרא,שטראוס בריאות ירקות,IL,לקט סלנובה 200 גר,גרמים,200.00,100 גרם,false,1,13.90,6.95,true,1,
7290107936309,false,דנונה יוגורט 7% יווני לבן 130 ג',"שטראוס בריאות בע""מ",IL,דנונה יווני לבן 5.8%,גרמים,120.00,100 גרם,false,1,3.50,2.92,true,1,
7290107936965,false,עיגולים עד חצות עם שוקולד חלב 225 גר,ביסקווטרי עוגיות סנט,FR,עיגולים עד חצות עם,גרמים,225.00,100 גרם,false,1,14.80,6.58,true,1,
7290107937542,false,משקה יוגורט אקטיביה עם תות 1.2% שומן,מיוצר עי קונדיטוריית,IL,משקה אקטיביה תות 1.2,מיליליטרים,265.00,"100 מ""ל",false,1,6.40,2.42,true,1,
7290107937641,false,מסטיק בצנצנת קוביות בזוקה 58 ג',אסקום קונפקשיין,DE,צנצנת קוביות בזוקה 5,Unknown,0.00,Unknown,false,1,11.50,11.50,true,1,
7290107937856,false,קפסולות 11חזק למכונות נספרסו עלית 10יח',הנסיך- מפעל לייצור ט,IL,קפסולות אספרסו 11 למ,Unknown,0.00,Unknown,false,1,18.90,18.90,true,1,
7290107938396,false,"אקטימל משקה פרוביוטי תות 100X8 מ""ל",מיוצר עי קונדיטוריית,IL,שמיניית אקטימל תות 8,גרמים,864.00,100 גרם,false,1,22.70,2.63,true,1,
7290107940467,false,אקטיביה יוגורט 1.5% שומן 200 ג' דנונה,מיוצר עי קונדיטוריית,IL,יוגורט אקטיביה 1.5%,גרמים,200.00,100 גרם,false,1,4.10,2.05,true,1,
7290107941266,false,שעועית אדומה שטראוס,הורקסה לס לגונס דה ס,ES,שעועית אדומה מבושלת,גרמים,475.00,100 גרם,false,1,14.90,3.14,true,1,
7290107941273,false,חומוס מבושל שטראוס ט,הורקסה לס לגונס דה ס,ES,חומוס מבושל,גרמים,475.00,100 גרם,false,1,11.90,2.51,true,1,
7290107944472,false,סימפוניה גבינה במרקם שמנת 5% שום שמיר,"שטראוס בריאות בע""מ",IL,סימפוניה שום שמיר 5%,גרמים,200.00,100 גרם,false,1,12.90,6.45,true,1,
7290107950190,false,מעדן חלב דל קלוריות בטעם שוקולד מריר 0.5% שומן,מיוצר עי קונדיטוריית,IL,מעדן דיאט שוקולד מרי,גרמים,130.00,100 גרם,false,1,3.60,2.77,true,1,
7290107951104,false,בפלות ופלים ארוכים בטעם שוקולד,"א.ג. גילרו בע""מ",IL,בפלות שוקולד 200 גרם,גרמים,200.00,100 גרם,false,1,6.20,3.10,true,1,
7290107954709,false,קונפיטורת פירות יער 340 גר יד מרדכי,יד מרדכי,IL,קונפיטורת פירות יער,גרמים,340.00,100 גרם,false,1,15.90,4.68,true,1,
7290107956895,false,קפסולות 07 אספרסו בטעם קרמל עלית 10יח',שטראוס גרופ,IL,קפסולות אספרסו בטעם,Unknown,0.00,Unknown,false,1,18.90,18.90,true,1,
7290107956901,false,קפסולות בטעם אגוזים למכונות נספרסו 50 גר,שטראוס גרופ,IL,קפסולות בטעם אגוזים,גרמים,50.00,100 גרם,false,1,18.90,37.80,true,1,
7290107957113,false,סימפוניה 5% זיתים פיקנטיים 200 ג' שטראוס,שטראוס גרופ,IL,סימפוניה 5% זיתים פי,גרמים,200.00,100 גרם,false,1,12.90,6.45,true,1,
7290107957991,false,מילקי CAKE מיניס קרם חלב בציפוי שוקולד חלב שקית 16X9ג',בובארד איטליה אס.פי.,IT,מילקי CAKE מינייס 14,גרמים,144.00,100 גרם,false,1,17.60,12.22,true,1,
7290107971539,false,חטיף בוטנים וקשיו עם שוקולד מריר ללא גלוטן,פרי Free,,פרי חטיף בוטנים וקשי,גרמים,140.00,100 גרם,false,1,19.90,14.21,true,1,
7290107973038,false,"פלמוליב סבון ידיים אקווריום 300 מ""ל",הנסיך- מפעל לייצור ט,IT,פלמוליב סבון ידיים א,מיליליטרים,300.00,"100 מ""ל",false,1,12.90,4.30,true,1,
7290107974073,false,מנה עלי טורטיה קמח לבן מ.שף 20 סמ 320 גר,הנסיך- מפעל לייצור ט,DE,מנה עלי טורטיה קמח ל,גרמים,320.00,100 גרם,false,1,11.90,3.72,true,1,
7290107974080,false,מנה עלי טורטיה קמח לבן מ.שף 25 סמ 840 גר,הדקלאים אגודת שיתופי,DE,מנה עלי טורטיה קמח ל,גרמים,840.00,100 גרם,false,1,18.90,2.25,true,1,
7290108070309,false,שקית בלונים פסטל מעורב צבעים-100 יח,,,שקית בלונים פסטל מעו,Unknown,0.00,Unknown,false,1,27.90,27.90,true,1,
7290108078879,false,בלון מיילר 14 ספרה 7 כסף,,,בלון מיילר 14 ספרה 7,Unknown,0.00,Unknown,false,1,5.50,5.50,true,1,
7290108351958,false,סנובון סבון אסלה מוצק RINGS בניחוח אוקיינוס שלישיה,סנו מפעלי ברונוס בעמ,IL,סבון מוצק סנובון אוק,Unknown,0.00,Unknown,false,1,16.90,16.90,true,1,
7290108352061,false,משחת שיניים 145ג 'אורביטול Charcoal Go White,טרופיקל דגיל תעשיות,IL,משחת שיניים אורביטול,גרמים,145.00,100 גרם,false,1,16.90,11.66,true,1,
7290108352108,false,משחת שיניים אורביטול רעננות חריפה 145 גר,ג'נרל מילס סאן אדריא,IL,משחת שיניים אורביטול,גרמים,145.00,100 גרם,false,1,16.90,11.66,true,1,
7290108352573,false,מרכך כביסה מקסימה בבישום עוצמתי 4 ל' סנו,סנו,IL,סנו מקסימה מרכך כביס,ליטרים,0.00,ליטר,false,1,22.90,22.90,true,1,
7290108352689,false,סנו סושי כריות קרצוף ללכלוך קשה 9 יח',טרופיקל דגיל תעשיות,US,סקוטש ברייט סנו סושי,Unknown,0.00,Unknown,false,1,12.90,12.90,true,1,
7290108352801,false,"שקיות אשפה S לפחים קטנים 56*45 ס""מ בניחוח עדין","סנו מפעלי ברונוס בע""",IL,שקיות אשפה סנו סושי,Unknown,0.00,Unknown,false,1,22.90,22.90,true,1,
7290108352931,false,כפפות ניטריל כחולות 80 יח' L סנו סושי,,,כפפות סנו סושי L ניט,Unknown,0.00,Unknown,false,1,31.90,31.90,true,1,
7290108353068,false,ספוג הפלא נירוסטה עם סיבי קירצוף סנו סושי 2 יח',מיוצר עי קונדיטוריית,IL,כרית קרצוף סנו סושי,Unknown,0.00,Unknown,false,1,12.60,12.60,true,1,
7290108353426,false,צמד מברשות שיניים לחניכיים ושיניים רגישות,יבואן ומשווק: ש. שסט,CN,מברשות שיניים אורביט,Unknown,0.00,Unknown,false,1,19.90,19.90,true,1,
7290108353662,false,"סנו סושי מפת שולחן מוטבעת 120*270 ס""מ",,,XL סושי מפת שולחן מו,יחידה,1.00,יחידה,false,1,10.90,10.90,true,1,
7290108353846,false,כפפות ניטריל שחורות 80 יח' L סנו סושי,סנו,IL,שחורות כפפות סנו סוש,Unknown,0.00,Unknown,false,1,29.90,29.90,true,1,
7290108354270,false,מרכך כביסה מרוכז בבישום עוצמתי 1 ל' סנו מקסימה,מיוצר עי קונדיטוריית,IL,CALMמרכך כביסה מקסימ,מיליליטרים,1000.00,"100 מ""ל",false,1,18.90,1.89,true,1,
7290108357042,false,"קרליין - נושם ביו דאודורנט רול און 75 מ""ל Citrus Blossoms לאישה",קרליין Careline,IL,קרליין דאו. רולאון נ,Unknown,0.00,Unknown,false,1,15.50,15.50,true,1,
7290108357059,false,"קרליין - נושם ביו דאודורנט רול און 75 מ""ל Secret Garden לאישה",קרליין Careline,IL,קרליין דאו. רולאון 7,Unknown,0.00,Unknown,false,1,15.50,15.50,true,1,
7290108357073,false,"קרליין - נושם ביו דאודורנט ספריי 150 מ""ל Blossoms Citrus לאישה",קרליין Careline,IL,קרליין דאודורנט 150,מיליליטרים,200.00,"100 מ""ל",false,1,15.50,7.75,true,1,
7290108357097,false,"קרליין - נושם ביו דאודורנט ספריי 150 מ""ל Velvet Rose לאישה",קרליין Careline,IL,קרליין דאודורנט 150,מיליליטרים,200.00,"100 מ""ל",false,1,15.50,7.75,true,1,
7290108357202,false,סנוקליר לניקוי בניחוח בלו בלוסום 1 ליטר,"סנו מפעלי ברונוס בע""",IL,סנוקליר לניקוי בניחו,ליטרים,0.00,ליטר,false,1,12.90,12.90,true,1,
7290108357653,false,סבון ג'ל לאסלה בניחוח אוקיינוס 3 יח' סנו,,,סנובון שלישיה בניחוח,Unknown,0.00,Unknown,false,1,17.90,17.90,true,1,
7290108357660,false,סבון ג'ל לאסלה בניחוח לבנדר 3 יח' סנו,,,סנובון שלישיה בניחוח,Unknown,0.00,Unknown,false,1,17.90,17.90,true,1,
7290108358117,false,"פרש הום מקלות ריחניים לבית בניחוח כביסה רעננה 100 מ""ל",סנו,IL,פרש הום מקלות בישום,יחידה,1.00,יחידה,false,1,21.90,21.90,true,1,
7290108359008,false,סושי שקיות זיפר עם סליידר 15 יח לארג',סנו,IL,L סנו שקית זיפר 15 י,יחידה,1.00,יחידה,false,1,15.90,15.90,true,1,
7290108359039,false,שקיות אשפה עם ידיות סנו סושי לפחים 30 יחידות,סנאט גרופ,IL,שקיות אשפה סנו 30 יח,Unknown,0.00,Unknown,false,1,22.90,22.90,true,1,
7290108359985,false,סנו - ז'אוול מרסס קצף לניקוי וחינו בניחוח פריחה לבנה 1 ליטר,סנו ז'אוול Javel,IL,סנו זאוול מרסס פריחה,מיליליטרים,1000.00,"100 מ""ל",false,1,19.90,1.99,true,1,
7290108500264,false,נתחי טונה בהירה בשמן וילי פוד 95 גר,אליאנס סלקט פודס,TH,נתחי טונה בהירה בשמן,גרמים,95.00,100 גרם,false,1,4.50,4.74,true,1,
7290108500677,false,כבד דג שיבוט מעושן בשמן הדג,"איטיליאן פוד, אס.פי.",IS,כבד דג שיבוט בשמן הד,גרמים,115.00,100 גרם,false,1,11.90,10.35,true,1,
7290108501988,false,חטיף שקדים וחמוציות הפי נוטס מארז 35X4ג',ואמראליס,GR,הפי נוטס חטיף שקדים,גרמים,140.00,100 גרם,false,1,13.90,9.93,true,1,
7290108502329,false,רביעית טונה בשמן זית וילי פוד 4*160 גר,גולדן פרייז,TH,רביעית טונה בשמן זית,גרמים,640.00,100 גרם,false,1,28.90,4.52,true,1,
7290108502985,false,תפוחונים וילי פוד תפוחי עץ מיובשים 22 גר,הנסיך- מפעל לייצור ט,CN,תפוחונים וילי פוד תפ,גרמים,22.00,100 גרם,false,1,5.00,22.73,true,1,
7290108503647,false,"אורז בסמטי מובחר דאווט 1 ק""ג",אל.טי.פודס בעמ,IN,אורז בסמטי מובחר דאו,גרמים,1000.00,100 גרם,false,1,13.90,1.39,true,1,
7290108505719,false,גבינת מוצרלה מגורדת 25% שומן 200גר,יורו צ'יז Euro Cheese,TR,גבינת קשקבל חצי קשה,גרמים,200.00,100 גרם,false,0,16.90,8.45,true,1,
7290108506549,false,גליליות וופל במילוי קרם וניל 400ג' ויליפוד,,GR,גלילי וופל עם קרם ונ,גרמים,400.00,100 גרם,false,1,17.90,4.48,true,1,
7290108508703,false,טורטיה ללא גלוטן 270 גרם ויליפוד,מוטלוקל גידה סאנאי ט,TR,טורטיה ללא גלוטן 270,גרמים,270.00,100 גרם,false,1,10.90,4.04,true,1,
7290108509250,false,"אנטיפסטי ארטישוק+עגבניות מיובשות וצלפים בשמן חמניות 380 מ""ל",,,אנטיפסטי ארטישוק בשמ,מיליליטרים,380.00,"100 מ""ל",false,1,25.10,6.61,true,1,
7290108509359,false,פופקורן בציפוי בטעם קרמל 90 ג' ויליפוד,סנרו ס.א,UA,פופקורן בציפוי בטעם,גרמים,90.00,100 גרם,false,1,8.80,9.78,true,1,
7290108509908,false,"מנת השף בשקית-אטריות בטעם ירקות 85 ג' חתם סופר ב""ב",וילי פוד - מנת השף,TH,אטריות להכנה מהירה ב,גרמים,85.00,100 גרם,false,1,3.90,4.59,true,1,
7290108509922,false,"מנת השף בשקית-אטריות בטעם עוף 85 ג' חתם סופר ב""ב",וילי פוד - מנת השף,TH,אטריות להכנה מהירה ב,גרמים,85.00,100 גרם,false,1,3.90,4.59,true,1,
7290109355504,false,שלגון וניל במילוי נוגט קראנץ 100 גרם,נטו מלינדה-בשר,IL,שלגון וניל במילוי נו,גרמים,100.00,100 גרם,false,1,10.60,10.60,true,1,
7290109640198,false,מגורדת לפיצה ואפיה 20% שומן משומשו 200 ג,וי גרדן,IL,מגורדת לפיצה ואפיה 2,גרמים,200.00,100 גרם,false,1,22.90,11.45,true,1,
7290109640402,false,ממרח בטעם טבעי על בסיס רכיבי קוקוס 9%,משו משו,IL,ממרח טבעי 9% בסיס רכ,גרמים,200.00,100 גרם,false,1,17.90,8.95,true,1,
7290110110369,false,שישיית בירה קרלסברג LUMA בקבוק 330 מל,מבשלות בירה בינלאומי,IL,שישיית בירה קרלסברג,מיליליטרים,1980.00,"100 מ""ל",false,1,39.90,2.02,true,1,
7290110110574,false,"קוקה קולה זירו לימון פחית 330 מ""ל",החברה המרכזית לייצור,IL,סליק קולה ZERO לימון,מיליליטרים,330.00,"100 מ""ל",false,1,5.90,1.79,true,1,
7290110110635,false,ספרייט בטעם למון ליים,החברה המרכזית לייצור,IL,"ספרייט חדש 500 מ""ל",מיליליטרים,500.00,"100 מ""ל",false,1,8.50,1.70,true,1,
7290110110659,false,"ספרייט לימון ליים פחית 330מ""ל",החברה המרכזית לייצור,IL,ספרייט סליק חדש 330,מיליליטרים,330.00,"100 מ""ל",false,1,5.90,1.79,true,1,
7290110110703,false,מארז ספרייט שישייה פחיות FRIDGE PACK,קוקה קולה ישראל,IL,מארז ספרייט חדש 6*33,ליטרים,0.00,ליטר,false,1,24.90,24.90,true,1,
7290110113421,false,"בירה קרלסברג LUMA בקבוק 330 מ""ל",מבשלות בירה בינלאומי,IL,בירה קרלסברג LUMA בק,מיליליטרים,330.00,"100 מ""ל",false,1,7.90,2.39,true,1,
7290110113636,false,"בירה שקמה מרצן לאגר בק 330 מ""ל",מבשלות בירה בינלאומי,IL,בירה שקמה מרצן לאגר,מיליליטרים,330.00,"100 מ""ל",false,1,12.90,3.91,true,1,
7290110114794,false,נביעות + אפרסק 1.5 ליטר פיקדון,"נביעות טבע הגליל בע""",IL,מים נביעות 1.5 ליטר,ליטרים,0.00,ליטר,false,1,10.40,10.40,true,1,
7290110114855,false,"נביעות מים מינרליים, שישיה 6 * 1.5 ליטר פקדון",נביעות טבע הגליל בעמ,IL,שישיית מים נביעות,ליטרים,0.01,ליטר,false,1,13.90,1390.00,true,1,
7290110114893,false,פריגת סחוט טרי תפוז 2 ליטר,פריגת מצוננים,IL,פריגת סחוט טרי תפוז,ליטרים,0.00,ליטר,false,1,32.90,32.90,true,1,
7290110114961,false,מיץ בטעם תפוזים 1.5ל' פריגת,מבשלות בירה בינלאומי,IL,פריגת תפוזים 1.5 ליט,ליטרים,0.00,ליטר,false,1,9.90,9.90,true,1,
7290110114985,false,פריגת אשכולית 1.5 ליטר פיקדון,מבשלות בירה בינלאומי,IL,פריגת אשכוליות 1.5 ל,ליטרים,0.00,ליטר,false,1,9.90,9.90,true,1,
7290110115005,false,פריגת ענבים 1.5 ליטר פיקדון,מבשלות בירה בינלאומי,IL,פריגת ענבים 1.5 ליטר,ליטרים,0.00,ליטר,false,1,9.90,9.90,true,1,
7290110115029,false,"פריגת משק""ל תפוח 1.5 ליטר פיקדון",מבשלות בירה בינלאומי,IL,פריגת תפוחים 1.5 ליט,ליטרים,0.00,ליטר,false,1,9.90,9.90,true,1,
7290110115036,false,פריגת מנגו 1.5 ליטר פיקדון,מבשלות בירה בינלאומי,IL,פריגת מנגו 1.5 ליטר,ליטרים,0.00,ליטר,false,1,9.90,9.90,true,1,
7290110115043,false,פריגת לימונענע 1.5 ליטר פיקדון,מבשלות בירה בינלאומי,IL,פריגת לימונענע 1.5 ל,ליטרים,0.00,ליטר,false,1,9.90,9.90,true,1,
7290110115050,false,פריגת מיקס תות בננה 1.5 ליטר פיקדון,מבשלות בירה בינלאומי,IL,פריגת מיקס תות בננה,ליטרים,0.00,ליטר,false,1,9.90,9.90,true,1,
7290110115067,false,פריגת אפרסק 1.5 ליטר פיקדון,מבשלות בירה בינלאומי,IL,פריגת אפרסק 1.5 ליטר,ליטרים,0.00,ליטר,false,1,9.90,9.90,true,1,
7290110115111,false,פריגת צלול אננס 1.5 ליטר פיקדון,מבשלות בירה לישראל ב,IL,פריגת צלול אננס 1.5,ליטרים,0.00,ליטר,false,1,8.70,8.70,true,1,
7290110115203,false,קוקה קולה 1.5 ליטר פיקדון,קוקה קולה Coca Cola,IL,קוקה קולה 1.5 ליטר,ליטרים,0.00,ליטר,false,1,9.20,9.20,true,1,
7290110115210,false,דיאט קוקה קולה 1.5 ליטר פיקדון,קוקה קולה Coca Cola,IL,קוקה קולה דיאט 1.5 ל,ליטרים,0.00,ליטר,false,1,9.00,9.00,true,1,
7290110115227,false,קוקה קולה זירו 1.5 ליטר -,קוקה קולה Coca Cola,IL,קוקה קולה 1.5 ליטר,ליטרים,0.00,ליטר,false,1,9.50,9.50,true,1,
7290110115241,false,קוקה קולה זירו לימון 1.5 ליטר -,החברה המרכזית לייצור,IL,קולה ZERO לימון 1.5,ליטרים,0.00,ליטר,false,1,9.50,9.50,true,1,
7290110115265,false,ספרייט לימון ליים 1.5 ליטר-,החברה המרכזית לייצור,IL,ספרייט לימון- ליים 1,ליטרים,0.00,ליטר,false,1,9.00,9.00,true,1,
7290110115272,false,ZERO ספרייט זירו 1.5 ליטר פיקדון,החברה המרכזית לייצור,IL,ספרייט ZERO בקבוק 1.,ליטרים,0.00,ליטר,false,1,9.50,9.50,true,1,
7290110115302,false,פאנטה ZERO אורנג' 1.5 ליטר פיקדון,החברה המרכזית לייצור,IL,פאנטה ZERO אורנג 1.5,ליטרים,0.00,ליטר,false,1,10.00,10.00,true,1,
7290110115340,false,פאנטה ענבים 1.5 ליטר פיקדון,קוקה קולה,IL,פאנטה ענבים 1.5 ליטר,ליטרים,0.00,ליטר,false,1,10.00,10.00,true,1,
7290110115364,false,קוקה קולה שישיות 1.5 ליטר פיקדון,החברה המרכזית לייצור,IL,קוקה קולה שישייה 1.5,ליטרים,0.01,ליטר,false,1,52.90,5290.00,true,1,
7290110115401,false,קינלי סודה שישייה 1.5 ליטר פיקדון,החברה המרכזית לייצור,IL,קינלי סודה שישייה 1,ליטרים,0.01,ליטר,false,1,16.70,1670.00,true,1,
7290110115449,false,אייס תה בטעם מנגו אננס 1.5ל' FUZE TEA,מבשלות בירה בינלאומי,IL,תה פיוז מנגו 1.5 ליט,ליטרים,0.00,ליטר,false,1,9.90,9.90,true,1,
7290110115456,false,"תה קר בטעם אפרסק 19 קלוריות ב- 100 מ""ל",מבשלות בירה בינלאומי,IL,תה פיוז אפרסק 90 קל,ליטרים,0.00,ליטר,false,1,9.90,9.90,true,1,
7290110115463,false,אייס תה בטעם אפרסק 1.5ל' FUZE TEA,מבשלות בירה בינלאומי,IL,תה פיוז אפרסק 1.5 לי,ליטרים,0.00,ליטר,false,1,9.90,9.90,true,1,
7290110115494,false,אייס תה בטעם ענבים 1.5ל' FUZE TEA,מבשלות בירה בינלאומי,IL,תה פיוז ענבים 1.5 לי,ליטרים,0.00,ליטר,false,1,9.90,9.90,true,1,
7290110115623,false,משקה פיוז טי זירו ZERO בטעם אפרסק,מבשלות בירה בינלאומי,IL,פיוז טי זירו אפרסק 1,ליטרים,0.00,ליטר,false,1,9.90,9.90,true,1,
7290110115654,false,"פיוז טי זירו גרין אננס, 500 מ""ל",מבשלות בירה בינלאומי,IL,תה פיוז זירו גרין א,מיליליטרים,500.00,"100 מ""ל",false,1,8.80,1.76,true,1,
7290110115661,false,"אייס תה ZERO אפרסק 500 מ""ל FUZE tea",מבשלות בירה בינלאומי,IL,תה פיוז זירו אפרסק,מיליליטרים,500.00,"100 מ""ל",false,1,8.80,1.76,true,1,
7290110115777,false,מים מינרלים נביעות 1.5 ל,נביעות,,נביעות 1.5 ליטר,ליטרים,0.00,ליטר,false,1,3.90,3.90,true,1,
7290110115838,false,ספרייט לימון- ליים 1.5 ליטר,"אינסטנטה בע""מ",IL,ספרייט זירו לימון- ל,ליטרים,0.00,ליטר,false,1,9.50,9.50,true,1,
7290110115845,false,קוקה קולה 1.5 ליטר פיקדון,"אינסטנטה בע""מ",IL,קוקה קולה 1.5 ליטר,ליטרים,0.00,ליטר,false,1,9.20,9.20,true,1,
7290110115876,false,קינלי סודה 1.5ליטר-,"אינסטנטה בע""מ",IL,קינלי סודה 1.5 ליטר,ליטרים,0.00,ליטר,false,1,3.30,3.30,true,1,
7290110115975,false,קוקה קולה זירו בקבוק,החברה המרכזית לייצור,IL,קוקה קולה זירו 1 ליט,מיליליטרים,1000.00,"100 מ""ל",false,1,7.50,0.75,true,1,
7290110116064,false,פאנטה ZERO פירות ירוק 1.5 ליטר פיקדון,החברה המרכזית לייצור,IL,פאנטה זירו פירות ירו,ליטרים,0.00,ליטר,false,1,10.00,10.00,true,1,
7290110116132,false,סירופ בטעם לימון 750 מל פריגת,סירופ - גבעת חיים,IL,סירופ בטעם לימון 750,מיליליטרים,750.00,"100 מ""ל",false,1,24.90,3.32,true,1,
7290110116392,false,סירופ בטעם תפוזים 750 מל פריגת,סירופ - גבעת חיים,IL,סירופ בטעם תפוזים 7,מיליליטרים,750.00,"100 מ""ל",false,1,24.90,3.32,true,1,
7290110116491,false,מיץ סחוט אפרסק משמש 1 ל' פריגת,פריגת מצוננים,IL,פריגת מיקס אפרסק משמ,מיליליטרים,1000.00,"100 מ""ל",false,1,19.90,1.99,true,1,
7290110116507,false,מיץ מיקס אננה בננה אגס 1 ל' פריגת,פריגת מצוננים,IL,פריגת מיקס אננס בננה,מיליליטרים,1000.00,"100 מ""ל",false,1,19.90,1.99,true,1,
7290110320591,false,פיראוס בולגרית מעודנת 16% 250 גר,פיראוס,IL,פיראוס בולגרית מעודנ,גרמים,250.00,100 גרם,false,1,25.90,10.36,true,1,
7290110320850,false,פתיתים גבינה חצי קשה מגורדת 28% שומן,תנובה מרכז שיתופי לש,IL,פתיתי עמק 200 גר,גרמים,200.00,100 גרם,false,1,16.50,8.25,true,1,
7290110320867,false,פתיתים גבינה חצי קשה מגורדת 28% שומן,תנובה מרכז שיתופי לש,IL,פתיתי עמק למאפים 28%,גרמים,500.00,100 גרם,false,1,42.90,8.58,true,1,
7290110320935,false,גבינת מוצרלה תנובה 150ג' פרוסות,תנובה מרכז שיתופי לש,IL,פרוסות מוצרלה 150 גר,גרמים,150.00,100 גרם,false,1,19.50,13.00,true,1,
7290110321031,false,מעדן חלב GO יוגורט מועשר בחלבון טבעי 200 ג' יופלה,"תנובה, מחלבת אלון תב",IL,יופלה 200 מל GO,מיליליטרים,200.00,"100 מ""ל",false,1,6.80,3.40,true,1,
7290110321277,false,קוטג' בקטנה % 5 100 ג' תנובה,פארייפאבה אגרואינדוס,IL,קוטג בקטנה 5% 100 גר,גרמים,100.00,100 גרם,false,1,2.80,2.80,true,1,
7290110321284,false,קוטג' בקטנה 9% 100 ג' תנובה,פארייפאבה אגרואינדוס,IL,קוטג בקטנה 9% 100 גר,גרמים,100.00,100 גרם,false,1,2.80,2.80,true,1,
7290110321604,false,קוביות פיראוס בולגרית מעודנת 5% 200 גרם - רבנות,פיראוס,IL,קוביות בולגרית 5% מע,גרמים,200.00,100 גרם,false,1,24.90,12.45,true,1,
7290110321680,false,יוגורט GO בטעם תות 20 גרם חלבון בגביע,מיוצר עי קונדיטוריית,IL,יופלה גו תות חלבון,מיליליטרים,200.00,"100 מ""ל",false,1,6.80,3.40,true,1,
7290110321697,false,יוגורט GO בטעם אפרסק 20 גרם חלבון בגביע,מיוצר עי קונדיטוריית,IL,יופלה אפרסק GO,מיליליטרים,200.00,"100 מ""ל",false,1,6.80,3.40,true,1,
7290110321703,false,יוגורט GO בטעם פירות יער 20 גרם חלבון בגביע,מיוצר עי קונדיטוריית,IL,יופלה GO פירות יער 2,מיליליטרים,200.00,"100 מ""ל",false,1,6.80,3.40,true,1,
7290110322014,false,טופו בטעם טבעי תנובה ALTERNATIVE,שוורצקוף& הנקל דיסלד,IL,טופו טבעי 300 גר,גרמים,300.00,100 גרם,false,1,13.90,4.63,true,1,
7290110322038,false,טופו פיקנטי תנובה ALTERNATIVE,תנובה Alternative,IL,טופו פיקנטי 300 גר,גרמים,300.00,100 גרם,false,1,13.90,4.63,true,1,
7290110323585,false,יופלה יוגורט עם דובדבן מופחת קלוריות 200 ג' GO,יופלה Yoplait,IL,יוגורט עם דובדבן מופ,מיליליטרים,200.00,"100 מ""ל",false,1,6.80,3.40,true,1,
7290110323592,false,יופלה יוגורט עם אפרסק מופחת קלוריות 200 ג' GO,יופלה Yoplait,IL,יוגורט עם אפרסק מופח,מיליליטרים,200.00,"100 מ""ל",false,1,6.80,3.40,true,1,
7290110323714,false,משקה קוקוס שקדים תנובה E אלטרנטיב,מיוצר עי קונדיטוריית,IL,משקה קוקוס שקדים 1 ל,מיליליטרים,1000.00,"100 מ""ל",false,1,14.90,1.49,true,1,
7290110324070,false,גבינת חלומי מחלב בקר 22%שומן 200גר,"תנובה בע""מ",IL,חלומי מחלב בקר 22%,גרמים,200.00,100 גרם,false,1,22.90,11.45,true,1,
7290110324353,false,יוגורט GO לייט בטעם אננס 20 גרם חלבון בגביע,"תנובה בע""מ",IL,יופלה גו אננס לייט,מיליליטרים,200.00,"100 מ""ל",false,1,6.80,3.40,true,1,
7290110324711,false,"ממרח סויה בסגנון גבינה טעם טבעי בד""צ",מיוצר עי קונדיטוריית,IL,ממרח סויה טבעי 9% 25,גרמים,250.00,100 גרם,false,1,11.50,4.60,true,1,
7290110324872,false,גבינה צהובה גלבוע 5% שומן 200 גרם,גלבוע - תנובה,IL,גלבוע 5% 200 גרם,גרמים,200.00,100 גרם,false,1,19.90,9.95,true,1,
7290110324926,false,משקה סויה ללא תוספת סוכר E אלטרנטיב,תנובה מרכז שיתופי לש,IL,משקה סויה ללא תוספת,מיליליטרים,1000.00,"100 מ""ל",false,1,13.50,1.35,true,1,
7290110325114,false,"משקה יוגורט יופלה גו לייט תות בננה 250 מ""ל - רבנות",מיוצר עי קונדיטוריית,IL,משקה יוגורט גו לייט,מיליליטרים,250.00,"100 מ""ל",false,1,7.20,2.88,true,1,
7290110325305,false,מעדן סויה GO מועשר בחלבון במתיקות מעודנת,מיוצר עי קונדיטוריית,IL,מעדן סויה גו 200 גרם,גרמים,200.00,100 גרם,false,1,6.50,3.25,true,1,
7290110325312,false,מעדן סויה GO מועשר בחלבון בטעם תות,"תנובה בע""מ",IL,מעדן סויה גו 20 גר ח,גרמים,200.00,100 גרם,false,1,6.50,3.25,true,1,
7290110325619,false,משקה שיבולת שועל תנובה E אלטרנטיב,מיוצר עי קונדיטוריית,IL,משקה שיבולת שועל 1 ל,ליטרים,0.00,ליטר,false,1,15.50,15.50,true,1,
7290110325879,false,פתיתי גאודה 200 ג' תנובה,תנובה- השף הלבן,IL,פתיתי גאודה 200 גרם,גרמים,200.00,100 גרם,false,1,21.90,10.95,true,1,
7290110325893,false,משקה חלב GO מועשר בחלבון בטעם אייס קפה,מיוצר עי קונדיטוריית,IL,"אייס קפה GO 340 מ""ל",גרמים,340.00,100 גרם,false,1,9.50,2.79,true,1,
7290110326173,false,יולו COOKIES שוקולדלבן בטעם קרם עוגיות+עוגיות ונטיפי שוקולד 120 ג',תנובה,IL,יולו שוקולד לבן קרם,גרמים,120.00,100 גרם,false,1,5.90,4.92,true,1,
7290110326180,false,יולו COOKIES שוקולד חלב נוגט+עוגיות ונטיפי שוקולד 120 ג'.,תנובה,IL,יולו שוקולד חלב קרם,גרמים,120.00,100 גרם,false,1,5.90,4.92,true,1,
7290110326210,false,יופלה און טופ פצפוצים 157 גרם.,מיוצר עי קונדיטוריית,IL,יופלה און טופ פצפוצי,גרמים,157.00,100 גרם,false,1,6.20,3.95,true,1,
7290110326234,false,יוגורט און טופ כוכבים 157 ג' יופלה,מיוצר עי קונדיטוריית,IL,יופלה און טופ כוכבים,גרמים,157.00,100 גרם,false,1,6.20,3.95,true,1,
7290110326241,false,ייופלה און טופ גרנולה 157 גרם,מיוצר עי קונדיטוריית,IL,יופלה און טופ גרנולה,גרמים,157.00,100 גרם,false,1,6.20,3.95,true,1,
7290110326333,false,פרוסות גבינה בסגנון סקנדינבי 31%,פ.פ.ח. שאביט,IL,גבינה סקנדינבית פרוס,גרמים,170.00,100 גרם,false,0,21.90,12.88,true,1,
7290110326906,false,חלב טרי נטול לקטוז 3% 1 ליטר,מיוצר עי קונדיטוריית,IL,חלב טרי נטול לקטוז 3,מיליליטרים,1000.00,"100 מ""ל",false,1,8.30,0.83,true,1,
7290110327033,false,משקה סויה גו מועשר בחלבון במתיקות מופחתת 1 ליטר,מיוצר עי קונדיטוריית,IL,משקה סויה גו מועשר מ,מיליליטרים,1000.00,"100 מ""ל",false,1,14.90,1.49,true,1,
7290110327125,false,גבינה פטה 21% מחלב צאן 200 גרם,תנובה בעמ,GR,גבינה פטה 21% מחלב צ,גרמים,200.00,100 גרם,false,1,26.90,13.45,true,1,
7290110327514,false,משקה שיבולת שועל בטעם אגוזי לוז 1 ליטר אלטרנטיב,תנובה מרכז שיתופי לש,IL,משקה שיבולת שועל בטע,מיליליטרים,1000.00,"100 מ""ל",false,1,15.50,1.55,true,1,
7290110327637,false,יוגורט דיאט יופלה קיווי 0% שומן 150 ג' יופלה,תנובה מרכז שיתופי לש,IL,יופלה דיאט בטעם קיוו,גרמים,150.00,100 גרם,false,1,5.70,3.80,true,1,
7290110328580,false,יוגורט תנובה טבעי 5% גביע 200 גרם,מיוצר עי קונדיטוריית,IL,יוגורט תנובה 5% 200,גרמים,200.00,100 גרם,false,1,3.30,1.65,true,1,
7290110328627,false,יוגורט יופלה GO במרקם סמיך בטעם בננה קרמל 0%,מיוצר עי קונדיטוריית,IL,יוגורט גו סמיך בננה,מיליליטרים,200.00,"100 מ""ל",false,1,6.80,3.40,true,1,
7290110328764,false,יוגורט יופלה GO במרקם סמיך עם תות 0%,מיוצר עי קונדיטוריית,IL,יוגורט גו סמיך תות,מיליליטרים,200.00,"100 מ""ל",false,1,6.80,3.40,true,1,
7290110328771,false,יוגורט יופלה GO במרקם סמיך עם פירות יער 0%,מיוצר עי קונדיטוריית,IL,יוגורט גו סמיך פירות,מיליליטרים,200.00,"100 מ""ל",false,1,6.80,3.40,true,1,
7290110328788,false,יוגורט יופלה GO במרקם סמיך בטעם אפרסק 0%,תנובה מרכז שיתופי לש,IL,יוגורט גו סמיך אפרסק,מיליליטרים,200.00,"100 מ""ל",false,1,6.80,3.40,true,1,
7290110329136,false,מעדן חלב מעושר בחלבון בטעם שוקולד 120 ג' GO,תנובה מרכז שיתופי לש,IL,מעדן חלב go בטעם שוק,גרמים,120.00,100 גרם,false,1,5.70,4.75,true,1,
7290110329143,false,מעדן חלב מעושר בחלבון בטעם וניל גביע 120 ג' GO,תנובה מרכז שיתופי לש,IL,מעדן חלב go בטעם וני,גרמים,120.00,100 גרם,false,1,5.70,4.75,true,1,
7290110329266,false,יוגורט תנובה מחלב עיזים מלא תנובה 140 ג',תנובה,IL,יוגורט תנובה מחלב עי,גרמים,150.00,100 גרם,false,1,7.20,4.80,true,1,
7290110329303,false,פרוסות בטעם צהובה קלאסית אלטרנטיב 200 גר,תנובה Alternative,IL,פרוסות בטעם צהובה קל,גרמים,200.00,100 גרם,false,1,26.50,13.25,true,1,
7290110329433,false,טופו טבעי ALTERNATIVE 250 גרם עם רוטב סצ'ואן,תנובה,IL,טופו טבעי 250 גרם עם,ליטרים,0.31,ליטר,false,1,14.90,48.06,true,1,
7290110329686,false,"משקה חלב גו בטעם עוגיות 340 מ""ל",מיוצר עי קונדיטוריית,IL,משקה חלב גו בטעם עוג,מיליליטרים,340.00,"100 מ""ל",false,1,9.50,2.79,true,1,
7290110329709,false,יוגורט תנובה טבעי 0% גביע 200 גרם,מיוצר עי קונדיטוריית,IL,יוגורט תנובה 0% 200,גרמים,200.00,100 גרם,false,1,3.30,1.65,true,1,
7290110329716,false,משקה קפה קר בטעם קפוצ'ינו 230 ג' תנובה,תנובה מרכז שיתופי לש,IL,משקה קפה קר בטעם קפו,מיליליטרים,230.00,"100 מ""ל",false,1,7.90,3.43,true,1,
7290110329723,false,משקה קפה קר בטעם לאטה 230 ג' תנובה,תנובה מרכז שיתופי לש,IL,משקה קפה קר בטעם לאט,מיליליטרים,230.00,"100 מ""ל",false,1,7.90,3.43,true,1,
7290110329730,false,"משקה חלב עם שוקולד וקפה בסגנון לאטה 2.7%  230 מ""ל תנובה",תנובה מרכז שיתופי לש,IL,משקה חלב עם שוקולד ו,מיליליטרים,230.00,"100 מ""ל",false,1,7.90,3.43,true,1,
7290110329792,false,יוגורט סויה BIO Alternative אפרסק 150 ג' תנובה,מיוצר עי קונדיטוריית,IL,סויה BIO אפרסק גביע,גרמים,150.00,100 גרם,false,1,5.50,3.67,true,1,
7290110329808,false,יוגורט סויה BIO Alternative תות 150 ג' תנובה,מיוצר עי קונדיטוריית,IL,סויה BIO תות גביע 15,גרמים,150.00,100 גרם,false,1,5.50,3.67,true,1,
7290110329815,false,סויה BIO מתיקות מעודנת גביע 150 גרם אלטרנטיב,מיוצר עי קונדיטוריית,IL,מעדן סויה ביו מתיקות,גרמים,150.00,100 גרם,false,1,5.50,3.67,true,1,
7290110329822,false,יוגורט סויה BIO Alternative פירות יער 150 ג' תנובה,מיוצר עי קונדיטוריית,IL,מעדן סויה ביו פירות,גרמים,150.00,100 גרם,false,1,5.50,3.67,true,1,
7290110329846,false,יוגורט סויה BIO Alternative בטעם טבעי 150 ג' תנובה,תנובה Alternative,IL,סויה BIO טבעי גביע A,גרמים,150.00,100 גרם,false,1,5.50,3.67,true,1,
7290110550363,false,פריכיות משולשות קינואה ומלח ים 65 גרם,שטראוס גרופ,IL,משולשות קינואה ומלח,גרמים,65.00,100 גרם,false,1,12.80,19.69,true,1,
7290110552220,false,יוגורט PRO בטעם תות 0% סוכר לבן 20 גרם חלבון בגביע,"שטראוס בריאות בע""מ",IL,דנונה פרו תות 20 ג ח,גרמים,200.00,100 גרם,false,1,6.20,3.10,true,1,
7290110552237,false,יוגורט פרו בטעם אפרסק מנגו ללא סוכר 200 ג' דנונה,"שטראוס בריאות בע""מ",IL,דנונה פרו אפרסק מנגו,גרמים,200.00,100 גרם,false,1,6.20,3.10,true,1,
7290110553029,false,"אנרג'י קריספס-פריכיות חומוס, עדשים ואפונה עם קייל וסלק","פרח תעשיו מזון בע""מ",IL,פריכיות חלבון קייל ח,גרמים,60.00,100 גרם,false,1,12.80,21.33,true,1,
7290110553425,false,קפה נמס 200 גרם +20% תוספת עלית,,IL,קפה נמס 200+20 2022,גרמים,220.00,100 גרם,false,1,21.90,9.95,true,1,
7290110554460,false,ציטוס קראנץ צ'דר חלפיניו 65 ג' עלית,,,ציטוס קראנץ צדר חלפי,גרמים,65.00,100 גרם,false,1,4.70,7.23,true,1,
7290110554712,false,"קפסולות קפה אספרסו קלייה איטית ובהירה, 10 * 50 ג'",שטראוס קפה בי.וי,IL,"קפסולות שת""פ קפה נחת",גרמים,50.00,100 גרם,false,1,19.90,39.80,true,1,
7290110556242,false,"שוקולד מריר פרווה 100 גר' בד""ץ תוצרת חוץ","שטראוס גרופ בע""מ.",IL,שוקולד מריר פרווה ח,גרמים,100.00,100 גרם,false,1,6.00,6.00,true,1,
7290110557102,false,מעדן חלב עם שוקולד מועשר בחלבון 150 ג' שטראוס,מיוצר עי קונדיטוריית,IL,מעדן חלב עם שוקולד,גרמים,150.00,100 גרם,false,1,5.50,3.67,true,1,
7290110557133,false,מעדן הגולן וניל 125 ג' שטראוס,מיוצר עי קונדיטוריית,IL,מעדן הגולן וניל 125,גרמים,125.00,100 גרם,false,1,3.20,2.56,true,1,
7290110558215,false,"דנונה קראנצ`פיסטוק עם פיצפוץ לבן קראנצי פיסטוק, 173 גרם","שטראוס בריאות בע""מ",IL,דנונה בר קראנץ פיסטו,גרמים,180.00,100 גרם,false,1,4.80,2.67,true,1,
7290110558253,false,"דנונה ריפרש בננה אננס וצ`יה, 250 גרם","שטראוס בריאות בע""מ",IL,דנונה ריפרש בננה אננ,מיליליטרים,250.00,"100 מ""ל",false,1,6.50,2.60,true,1,
7290110558284,false,יוגורט ביו מולטי 200 ג' דנונה,"שטראוס בריאות בע""מ",IL,דנונה ביו מולטי 200,גרמים,200.00,100 גרם,false,1,4.80,2.40,true,1,
7290110558307,false,יוגורט דנונה PRO עם שיבולת שועל במתיקות מעודנת,"שטראוס בריאות בע""מ",IL,דנונה פרו 20 ג חלבון,גרמים,200.00,100 גרם,false,1,6.90,3.45,true,1,
7290110558314,false,דנונה פרו 20 ג' חלבון ללא סוכר פיסטוק 200 גרם,"שטראוס בריאות בע""מ",IL,דנונה פרו פיסטוק 20,גרמים,200.00,100 גרם,false,1,5.90,2.95,true,1,
7290110558741,false,"גמדים פאוץ תפוח בננה, 100 ג' שטראוס","שטראוס בריאות בע""מ",IL,גמדים פאוץ תפוח בננה,גרמים,100.00,100 גרם,false,1,6.50,6.50,true,1,
7290110559939,false,נתחי סויה בסגנון שווארמה ומגדרה דלישס,אוכל ביתי ניר עציון,IL,נתחי סויה בסגנון שוו,גרמים,350.00,100 גרם,false,1,28.90,8.26,true,1,
7290110560300,false,"הפריכיות הטעימות חומוס, עדשים שחורות, קינואה ופלפל שחור",אנרג'י Energy - שטראוס,IL,פריכיות משולשות אנרג,גרמים,30.00,100 גרם,false,1,5.90,19.67,true,1,
7290110560317,false,"הפריכיות הטעימות חומוס, עדשים שחורות, קינואה ומלח ים","פרח תעשיו מזון בע""מ",IL,פריכיות משולשות אנרג,גרמים,30.00,100 גרם,false,1,5.90,19.67,true,1,
7290110560324,false,"הפריכיות הטעימות תפו""א, אורז, אפונה ומלח ים","פרח תעשיו מזון בע""מ",IL,פריכיות משולשות אנרג,גרמים,30.00,100 גרם,false,1,5.90,19.67,true,1,
7290110560836,false,מילקי פסק זמן מהדרין 133ג',מיוצר עי קונדיטוריית,IL,מילקי פסק זמן 133 גר,גרמים,133.00,100 גרם,false,1,2.90,2.18,true,1,
7290110561352,false,דנונה יוגורט ביו פרוביוטי 3% דל לקטוז 150ג',"שטראוס בריאות בע""מ",IL,דנונה דל לקטוז,גרמים,200.00,100 גרם,false,1,3.70,1.85,true,1,
7290110563431,false,"משקה קפה קר בסגנון קלאסי 230 מ""ל 1.6% יוטבתה",האי נאם סי או אל.טי.,AT,משקה קפה קר 1.6% קלא,מיליליטרים,230.00,"100 מ""ל",false,1,8.90,3.87,true,1,
7290110563448,false,"משקה קפה קר בסגנון מעודן 230 מ""ל 1.6% יוטבתה",האי נאם סי או אל.טי.,AT,משקה קפה קר 1.6% מעו,מיליליטרים,230.00,"100 מ""ל",false,1,8.90,3.87,true,1,
7290110563462,false,חלב בבקבוק נטול לקטוז 2% יטבתה 1 ל',מחלבת יטבתה,IL,חלב נטול לקטוז 2% בב,ליטרים,0.00,ליטר,false,1,9.20,9.20,true,1,
7290110564339,false,חומוס אחלה הסידרה המובחר 30% טחינה 400 גר',מיוצר עי קונדיטוריית,IL,חומוס עשיר ב-30% טחי,גרמים,400.00,100 גרם,false,1,15.60,3.90,true,1,
7290110564360,false,חומוס אחלה הסידרה המובחר 40% טחינה 400 גר',מיוצר עי קונדיטוריית,IL,חומוס עשיר ב-40% טחי,גרמים,400.00,100 גרם,false,1,15.60,3.90,true,1,
7290110564742,false,"משקה קפה קר בסגנון חזק 230 מ""ל 1.2% יוטבתה",האי נאם סי או אל.טי.,AT,משקה קפה קר 1.2% חזק,מיליליטרים,230.00,"100 מ""ל",false,1,8.90,3.87,true,1,
7290110565527,false,יוגורט PRO פרו 1.5% 20 גרם חלבון בגביע,"שטראוס בריאות בע""מ",IL,דנונה פרו 20 גרם חלב,גרמים,200.00,100 גרם,false,1,6.20,3.10,true,1,
7290110566975,false,דנונה פרו יוגורט 0% תות עשיר בחלבון 200ג',"שטראוס בריאות בע""מ",IL,דנונה פרו תות 20 גרם,גרמים,200.00,100 גרם,false,1,6.20,3.10,true,1,
7290110570125,false,"משקה קפה קר בטעם אייריש קרים230 מ""ל יוטבתה",אנסטל מילק kg,AT,משקה קפה קר 1.6% בטע,מיליליטרים,230.00,"100 מ""ל",false,1,8.90,3.87,true,1,
7290110570224,false,משקה קפה קר בטעם עוגיות 230ג' יוטבתה,אנסטל מילק kg,AT,משקה קפה קר בטעם עוג,מיליליטרים,230.00,"100 מ""ל",false,1,8.90,3.87,true,1,
7290110571184,false,עדשים חומות 380 גר שטראוס טעם הטבע,קונסרב איטליה,IT,עדשים חומות 380 גר ש,גרמים,380.00,100 גרם,false,1,7.50,1.97,true,1,
7290110571382,false,מעדן חלב בטעם וניל מעושר בחלבון 150 ג' שטראוס,"שטראוס בריאות בע""מ",IL,מעדן חלב בטעם וניל מ,גרמים,150.00,100 גרם,false,1,5.50,3.67,true,1,
7290110572129,false,כיף כף מקלות שוקולד לבן 40 ג' עלית,סולן בעבור שטראוס,TR,כיף כף מקלות שוקולד,Unknown,0.00,Unknown,false,1,5.50,5.50,true,1,
7290110576370,false,מארז שלישייה שוקולד מריר חלבי עם אגוזי לוז,סמואה,FR,מארז שלישיית אגוז מר,גרמים,300.00,100 גרם,false,1,26.90,8.97,true,1,
7290110576387,false,מאגדת שלישיית שוקולד אגוז חלב 300 ג' עלית,שטראוס,FR,מארז שלישיית אגוז חל,גרמים,300.00,100 גרם,false,1,27.90,9.30,true,1,
7290110576868,false,רבעיית גמדים סלט פירוט * 100 ג' שטראוס,שטראוס גרופ,IL,גמדים רביעיית סלט פי,גרמים,200.00,100 גרם,false,1,12.90,6.45,true,1,
7290110577711,false,"משקה שייק חלבון מי גבינה עם אפרסק ומנגו350מ""ל יטבתה",מחלבת יטבתה,IL,שייק חלבון מי גבינה,מיליליטרים,350.00,"100 מ""ל",false,1,8.50,2.43,true,1,
7290110577728,false,"משקה שייק חלבון מי גבינה עם פירות יער 350מ""ל יטבתה",מחלבת יטבתה,IL,שייק חלבון מי גבינה,מיליליטרים,350.00,"100 מ""ל",false,1,8.50,2.43,true,1,
7290111340956,false,ניקול מטליות לחות לרצפה בניחוח פריחה לבנה,,IL,מט.לחות ניקול לנ.רצפ,Unknown,0.00,Unknown,false,1,15.90,15.90,true,1,
7290111341366,false,מפיות אירוח חד שכבתי 150 יחידות,shp slavosovce,IL,מפיות ניקול חד שכבתי,Unknown,0.00,Unknown,false,1,10.40,10.40,true,1,
7290111341373,false,נייר טואלט לילי פסטל 30 גלילים,חוגלה קימברלי,IL,לילי נייר פסטל 30 גל,מטרים,588.00,מטר,false,1,35.90,0.06,true,1,
7290111341984,false,לילי - מגבוני נייר טואלט לח פיור רביעייה,קימברלי,IL,נייר טואלט לילי לח מ,Unknown,0.00,Unknown,false,1,24.00,24.00,true,1,
7290111342059,false,מט.לחות ניקול לחיט משטחים אנטיבקטריאלי50,ניקול,IL,מט.לחות ניקול לחיט מ,Unknown,0.00,Unknown,false,1,15.90,15.90,true,1,
7290111342523,false,מפיות אירוח לשימוש יומיומי ניקול 100 יח,,IL,מפיות ניקול חד שכבתי,יחידה,1.00,יחידה,false,1,9.40,9.40,true,1,
7290111343117,false,ממחטות אף קלינקס לושן סופט פק 140 דף,קימברלי קלארק,IL,ממחטות אף קלינקס לוש,Unknown,0.00,Unknown,false,1,19.60,19.60,true,1,
7290111343841,false,ספוגית הקסם נירוסטה - מארז 3 יחידות,ניקול,CN,ספוגית הקסם ניקול ני,יחידה,1.00,יחידה,false,1,16.70,16.70,true,1,
7290111345814,false,נייר טואלט לילי נטורל קר 30 גלילים מהדורה,קימברלי קלארק,IL,לילי נייר טואלט נטור,מטרים,588.00,מטר,false,1,43.90,0.07,true,1,
7290111345821,false,נייר טואלט נטורל קר - מארז 16 גלילי ג'מבו,קימברלי,IL,נייר טואלט לילי לבן,מטרים,588.80,מטר,false,1,39.90,0.07,true,1,
7290111346293,false,מגבות ניקול שישייה מהדורה חגיגית,קימברלי קלארק,IL,מגבות ניקול שישייה מ,Unknown,0.00,Unknown,false,1,12.90,12.90,true,1,
7290111350092,false,מארז מיקס חטיפי מיני לואקר בסט 200 גר,ליימן מותגים,,מארז מיקס חטיפי מיני,גרמים,200.00,100 גרם,false,1,26.70,13.35,true,1,
7290111350665,false,קליית גת דבש לחיץ 350 גרם,חקלאות עין חרוד מאוח,IL,דבש לחיץ קליית גת 35,גרמים,350.00,100 גרם,false,1,25.10,7.17,true,1,
7290111350726,false,חטיף נאצוס הוטפופ בסגנון מקסיקני 322 גר,ליימן מותגים,US,חטיף נאצוס הוטפופ בס,גרמים,322.00,100 גרם,false,1,17.90,5.56,true,1,
7290111352966,false,יוגטה סוכריות ממולאות בטעם פירות 250 גרם ללא ג'לטין,סאדאט,TR,מקלות יוגטה ממולאות,גרמים,250.00,100 גרם,false,1,7.90,3.16,true,1,
7290111564277,false,פריכיות דקות ונימוחות 3 דגנים פיטנס Fitness,פרח תעשיות,IL,פריכיות פיטנס שלושה,גרמים,120.00,100 גרם,false,1,11.90,9.92,true,1,
7290111564291,false,פריכיות דקות ונימוחות 3 דגנים וקינואה פיטנס Fitness,פרח תעשיות,IL,פריכיות פיטנס דקות ע,גרמים,120.00,100 גרם,false,1,11.90,9.92,true,1,
7290111564956,false,ביסלי במבה מיקס 200 ג' אסם,פרו מן יו פתרונות אר,IL,ביסלי במבה מיקס 200,גרמים,200.00,100 גרם,false,1,10.60,5.30,true,1,
7290111565502,false,ארטיק אוראו וניל ועוגיות סנדוויץ נסטלה 80 ג',ג'נרל מילס סאן אדריא,IT,גלידה סנדוויץ אוראו,גרמים,80.00,100 גרם,false,1,10.00,12.50,true,1,
7290111566271,false,טבעול חטיפי תירס 657 גר',עיצובים 2020 (4.8),IL,חטיפי תירס טבעול 657,גרמים,657.00,100 גרם,false,1,34.90,5.31,true,1,
7290111566318,false,שניצל דק מן הצומח בטעם ביתי 700 גרם,עיצובים 2020 (4.8),IL,שניצל דק טבעול 564 ג,גרמים,564.00,100 גרם,false,1,34.90,6.19,true,1,
7290111566547,false,טבעול חזה בגריל צמחוני 99 קלוריות 560ג',עיצובים 2020 (4.8),IL,חזה בגריל צמחוני טבע,גרמים,560.00,100 גרם,false,1,34.90,6.23,true,1,
7290111566561,false,שניצל ברוקולי 99 קלוריות טבעול 560 גר,עיצובים 2020 (4.8),IL,שניצל ברוקולי 99 קלו,גרמים,560.00,100 גרם,false,1,38.50,6.88,true,1,
7290111873133,false,נרות מטה כוכבים סמי,,CN,נרות מטה כוכבים סמי,Unknown,1.00,Unknown,false,10,6.90,6.90,true,1,
7290112004208,false,טבליות למדיח בניחוח לימון 50 יח' פיניש,RECKITT BENCKISER PR,PL,פיניש טבליות הכל ב-1,Unknown,0.00,Unknown,false,1,52.50,52.50,true,1,
7290112190116,false,וופל הולנדי במילוי קרמל 224 גרם,,,וופל הולנדי במילוי ק,גרמים,224.00,100 גרם,false,1,11.40,5.09,true,1,
7290112330352,false,"יוגורט PRO בטעם וניל 0% , 20 גרם חלבון בגביע","שטראוס בריאות בע""מ",IL,דנונה פרו וניל 20 גר,גרמים,200.00,100 גרם,false,1,6.20,3.10,true,1,
7290112330390,false,יוגורט PRO בטעם פירות יער 0% 20 גרם חלבון בגביע,"שטראוס בריאות בע""מ",IL,דנונה פרו פירות יער,גרמים,200.00,100 גרם,false,1,6.20,3.10,true,1,
7290112332585,false,"פריכיות תפו""א, אורז בתיבול סלק ומלח חי 30 גר'","פרח תעשיו מזון בע""מ",IL,"פריכיות תפו""א, אורז,",גרמים,30.00,100 גרם,false,1,5.90,19.67,true,1,
7290112332899,false,עלית - צנצנת בזוקה פופים קלאסי 58 גרם,רוג'ר אנד רוג'ר,IL,צנצנת בזוקה פופים קל,גרמים,58.00,100 גרם,false,1,11.50,19.83,true,1,
7290112335494,false,הפריכיות הטעימות תפוחי אדמה בטעם פוטטוס,"פרח תעשיות מזון בע""מ",IL,פריכיות הטעימות פוטט,גרמים,135.00,100 גרם,false,1,12.90,9.56,true,1,
7290112335500,false,"הפריכיות הטעימות חומוס, אורז, עדשים שחורות וקינואה",אנרג'י Energy - שטראוס,IL,פריכיות הטעימות חלבו,גרמים,135.00,100 גרם,false,1,12.90,9.56,true,1,
7290112336637,false,סוכריות מאסט Must ללא סוכר יוגורט תות ואוכניות,שטראוס גרופ,PL,"סוכריות מאסט לל""ס יו",גרמים,80.00,100 גרם,false,1,10.90,13.63,true,1,
7290112336712,false,יוגורט PRO לבן 0% 21 גרם חלבון בגביע,"שטראוס בריאות בע""מ",IL,דנונה פרו 21 גרם חלב,גרמים,200.00,100 גרם,false,1,6.20,3.10,true,1,
7290112337474,false,סוכריות מאסט ללא סוכר פטל לימון 80 ג' עלית,שטראוס גרופ,PL,"סוכריות מאסט לל""ס פט",גרמים,80.00,100 גרם,false,1,10.90,13.63,true,1,
7290112339171,false,מילקי מוס עם שוקולד וקצפת,מיוצר עי קונדיטוריית,IL,מילקי מוס 133 גרם,גרמים,133.00,100 גרם,false,1,3.70,2.78,true,1,
7290112339867,false,גמדים לדרך גבינה לבנה עם מחית תות,שטראוס,IL,גמדים סקוויז תות 100,גרמים,100.00,100 גרם,false,1,6.50,6.50,true,1,
7290112339874,false,גמדים לדרך גבינה לבנה עם מחיות תות ובננה,שטראוס,IL,גמדים סקוויז תות,גרמים,100.00,100 גרם,false,1,6.50,6.50,true,1,
7290112340122,false,פריכיות טעימות 3 דגנים אנרגי 135 גר,אנרג'י Energy - שטראוס,IL,פריכיות טעימות 3 דגנ,גרמים,135.00,100 גרם,false,1,12.90,9.56,true,1,
7290112341679,false,דנונה אקטיביה 3% שומן 200 גרם,מיוצר עי קונדיטוריית,IL,יוגורט אקטיביה 3% 2,גרמים,200.00,100 גרם,false,1,4.10,2.05,true,1,
7290112342102,false,סימפוניה גבינה במרקם שמנת בצל מקורמל 5%,"שטראוס בריאות בע""מ",IL,סימפוניה בצל מקורמל,גרמים,200.00,100 גרם,false,1,12.90,6.45,true,1,
7290112343420,false,"משקה חלב עם דגנים מלאים ובננה פרו יטבתה 350מ""ל",מחלבת יטבתה,IL,משקה חלב עם דגנים וב,מיליליטרים,350.00,"100 מ""ל",false,1,8.20,2.34,true,1,
7290112343499,false,חטיף צ'יטוס פאפס אפוי בטעם גבינה,"שטראוס פריטו ליי בע""",IL,ציטוס 55 גרם 48 יחיד,גרמים,55.00,100 גרם,false,1,4.90,8.91,true,1,
7290112343512,false,ציטוס 160 גרם 9 יחידות puffs,"שטראוס פריטו ליי בע""",IL,ציטוס 160 גרם 9 יחי,גרמים,160.00,100 גרם,false,1,8.90,5.56,true,1,
7290112347008,false,גמדים לדרך גבינה לבנה עם מחית תות ושיבולת שועל,מיוצר עי קונדיטוריית,IL,גמדים סקוויז תות בננ,גרמים,100.00,100 גרם,false,1,6.20,6.20,true,1,
7290112348142,false,שעועית לבנה 380 גר' בקופסה טעם הטבע,שטראוס טעם הטבע,IT,שעועית לבנה טעם הטבע,גרמים,380.00,100 גרם,false,1,7.50,1.97,true,1,
7290112349606,false,מעדן גבינה ויוגורט תות בננה 88 ג' דניאלה,"שטראוס בריאות בע""מ",IL,דניאלה תות בננה 88 ג,גרמים,88.00,100 גרם,false,1,4.30,4.89,true,1,
7290112349750,false,פיצה רוטב עגבניות לפיצה 350 גר' יד מרדכי,אמיליאנה קונסרב,IT,רוטב עגבניות לפיצה י,גרמים,350.00,100 גרם,false,1,13.90,3.97,true,1,
7290112349897,false,מסטיק מאסט Must קוביות בטעם מנטה ללא סוכר,רוג'ר אנד רוג'ר,DE,מסטיק מאסט קוביות מנ,גרמים,86.00,100 גרם,false,1,16.70,19.42,true,1,
7290112351128,false,שוקולד פרה סוכריות קופצות 100 ג' עלית,"שטראוס גרופ בע""מ",IL,שוקולד פרה סוכריות ק,גרמים,90.00,100 גרם,false,1,6.50,7.22,true,1,
7290112353498,false,ממרח פרה אקסטרה קרם 350 גרם,,,ממרח פרה אקסטרה קרם,גרמים,350.00,100 גרם,false,1,15.90,4.54,true,1,
7290112354211,false,פיצה מרגריטה דלישס 400 גרם,סקרלינפיצה אס.אר.אל,IT,פיצה מרגריטה דלישס 4,קילוגרמים,0.28,"ק""ג",false,1,27.90,99.64,true,1,
7290112355027,false,דנונה פרו 20 גרם חלבון קרמל מלוח 200 גרם,"שטראוס בריאות בע""מ",IL,דנונה פרו 20 גרם חלב,גרמים,200.00,100 גרם,false,1,6.20,3.10,true,1,
7290112355102,false,גמדים סקוויז 100 גרם פאוץ סלט פירות 100 גרם,"שטראוס בריאות בע""מ",IL,גמדים פאוץ סלט פירות,גרמים,100.00,100 גרם,false,1,6.50,6.50,true,1,
7290112355812,false,מעדן מילקי עם טופ קורנפלקס מצופה שוקולד,"שטראוס גרופ בע""מ",IL,מילקי טופ קורנפלקס 1,גרמים,141.00,100 גרם,false,1,5.30,3.76,true,1,
7290112355867,false,מילקי קצפת טופ פיצפוץ 86 גרם,"שטראוס גרופ בע""מ",IL,מילקי קצפת טופ פיצפו,גרמים,86.00,100 גרם,false,1,4.50,5.23,true,1,
7290112357083,false,אפונת גינה טעם הטבע 380 גר' בקופסה,שטראוס טעם הטבע,IT,אפונת גינה טעם הטבע,גרמים,380.00,100 גרם,false,1,7.50,1.97,true,1,
7290112357106,false,שעועית אדומה 380 גר' בקופסה טעם הטבע,שטראוס טעם הטבע,IT,שעועית אדומה טעם הטב,גרמים,380.00,100 גרם,false,1,7.50,1.97,true,1,
7290112357175,false,קפסולות בוסט למכונות נספרסו 50 גר,שטראוס קפה בי.וי,IL,קפסולות בוסט למכונות,גרמים,50.00,100 גרם,false,1,18.90,37.80,true,1,
7290112358004,false,חטיף פסק זמן קראנץ 32 גרם,שולן צ'יקולטה גידה ס,TR,פסק זמן קראנץ 32 גר,גרמים,45.00,100 גרם,false,1,5.90,13.11,true,1,
7290112358127,false,דנונה פרו חלבון+מגנזיום- וניל ועוגיות 200 גרם,מיוצר עי קונדיטוריית,IL,דנונה פרו 20 ג חלבון,גרמים,200.00,100 גרם,false,1,6.90,3.45,true,1,
7290112358431,false,עד חצות דאבל ביסקוויט עם שוקולד חלב -8 אריזות אישיות,הדקלאים אגודת שיתופי,IL,ביסקוויט עד חצות דאב,גרמים,180.00,100 גרם,false,1,14.90,8.28,true,1,
7290112490032,false,"נמס בכוס תירס קנור בד""ץ, זוגי 22.5X2 גרם,",אתר חיפה אבקות - Foo,IL,מרק קנור נמס בכוס תי,גרמים,45.00,100 גרם,false,1,8.50,18.89,true,1,
7290112490209,false,נמס בכוס מרק עגבניות עם קרוטונים רכיבים טבעיים,אתר חיפה אבקות - Foo,IL,מרק נמס בכוס עגבניות,גרמים,56.00,100 גרם,false,1,8.50,15.18,true,1,
7290112490216,false,נמס בכוס מרק עוף עם קרוטונים רכיבים טבעיים,אתר חיפה אבקות - Foo,IL,מרק קנור נמס בכוס עו,גרמים,48.00,100 גרם,false,1,8.50,17.71,true,1,
7290112490230,false,קנור מרק נמס בכוס אפונה רכיבים טבעיים,אתר חיפה אבקות - Foo,IL,מרק נמס בכוס אפונה 5,גרמים,50.00,100 גרם,false,1,8.50,17.00,true,1,
7290112490582,false,חרדל דיזון צרפתי 350 ג' הלמנס,הלמנס hellmann's,FR,הלמנס חרדל דיזון 350,גרמים,350.00,100 גרם,false,1,16.90,4.83,true,1,
7290112490735,false,מרק עשיר עגבניות פסטה ר.טבעי קנור 105ג',יוניליוור,IL,מרק עגבניות עם פסטה,גרמים,105.00,100 גרם,false,1,14.90,14.19,true,1,
7290112490742,false,מרק עשיר פטריות עם גריסים רכיבים טבעיים 104 ג' קנור,יוניליוור,IL,מרק פטריות עם גריסים,גרמים,104.00,100 גרם,false,1,14.90,14.33,true,1,
7290112490759,false,מרק עשיר עוף עם אטריות רכיבים טבעיים 74 ג' קנור,יוניליוור,IL,מרק עוף עם אטריות,גרמים,74.00,100 גרם,false,1,14.90,20.14,true,1,
7290112491701,false,ברנפלקס אקסטרה פרוטאין 375 גרם,יוניליוור ישראל מזון,IL,ברנפלקס אקסטרה פרוטא,גרמים,375.00,100 גרם,false,1,25.90,6.91,true,1,
7290112492449,false,"פינוק - שמפו לשיער רגיל 700 מ""ל",יוניליוור ישראל טיפו,IL,שמפו פינוק לשיער רגי,מיליליטרים,700.00,"100 מ""ל",false,1,13.90,1.99,true,1,
7290112492531,false,"פינוק מרכך לשיער רגיל 700 מ""ל",אתר ליוור - HPC,IL,מרכך פינוק לשיער רגי,מיליליטרים,700.00,"100 מ""ל",false,1,13.90,1.99,true,1,
7290112492593,false,תחליב רחצה פינוק בניחוח פינוק קלאסי 700,אתר ליוור - HPC,IL,תחליב רחצה פינוק בני,מיליליטרים,700.00,"100 מ""ל",false,1,15.90,2.27,true,1,
7290112492609,false,"תחליב רחצה פינוק 700 מ""ל לבנדר ווניל",אתר ליוור - HPC,IL,תחליב רחצה פינוק לבנ,מיליליטרים,700.00,"100 מ""ל",false,1,15.90,2.27,true,1,
7290112492630,false,"שמפו וג'ל רחצה וסבון פנים לגבר 700 מ""ל פינוק",,IL,שמפו פינוק 3 ב-1 לגב,מיליליטרים,700.00,"100 מ""ל",false,1,13.90,1.99,true,1,
7290112492999,false,מרק טעם עוף 400 גרם צנצנת קנור,יוניליוור ישראל מזון,IL,מרק טעם עוף 400 גרם,גרמים,400.00,100 גרם,false,1,16.90,4.23,true,1,
7290112493088,false,נמס בכוס עדשים מרק רכיבים טבעיים קנור 54 ג',אתר חיפה אבקות - Foo,IL,מרק קנור נמס בכוס עד,גרמים,54.00,100 גרם,false,1,8.50,15.74,true,1,
7290112493095,false,נמס בכוס מרק עגבניות חריף רכיבים טבעיים קנור 48 ג',אתר חיפה אבקות - Foo,IL,מרק קנור נמס בכוס עג,גרמים,48.00,100 גרם,false,1,8.50,17.71,true,1,
7290112493293,false,קנור - נמס ירקות וקרוטונים ר.טבעי 44 גרם,אתר חיפה אבקות - Foo,IL,מרק קנור נמס בכוס יר,גרמים,44.00,100 גרם,false,1,8.50,19.32,true,1,
7290112493316,false,מרק אפונה רכיבים טבעיים 117 ג' קנור,יוניליוור,IL,מרק היום אפונה 117 ג,גרמים,117.00,100 גרם,false,1,14.90,12.74,true,1,
7290112494221,false,קליק - ביסקויט תפזורת 65 גרם,יוניליוור ישראל מזון,IL,קליק ביסקוויט 65 גרם,גרמים,65.00,100 גרם,false,1,6.90,10.62,true,1,
7290112494238,false,קליק - כדורים חלב תפזורת 65 גרם,יוניליוור ישראל מזון,IL,קליק כדורי חלב 65 גר,גרמים,65.00,100 גרם,false,1,6.90,10.62,true,1,
7290112494276,false,קליק כריות תפזורת 65 גר,יוניליוור ישראל מזון,IL,קליק כריות 65 גר,גרמים,65.00,100 גרם,false,1,7.90,12.15,true,1,
7290112494283,false,קליק - מעורב חום לבן תפזורת 65 גרם,יוניליוור ישראל מזון,IL,קליק חום לבן 65 גרם,גרמים,65.00,100 גרם,false,1,6.90,10.62,true,1,
7290112494313,false,קליק - קורנפלקס תפזורת 65 גרם,יוניליוור ישראל מזון,IL,קליק קורנפלקס 65 גרם,גרמים,65.00,100 גרם,false,1,6.90,10.62,true,1,
7290112494344,false,קורנפלקס כספי אלופים תלמה850 גר',יוניליוור שפע ישראל,IL,קורנפלקס של אלופים כ,גרמים,850.00,100 גרם,false,1,18.90,2.22,true,1,
7290112494351,false,תלמה קורנפלקס של אלופים 850 ג',יוניליוור שפע ישראל,IL,קורנפלקס של אלופים 8,גרמים,850.00,100 גרם,false,1,18.90,2.22,true,1,
7290112494382,false,פירה בטעם ביתי 260 גרם-קופסא,יוניליוור ישראל מזון,IL,פירה בטעם ביתי 260 ג,גרמים,260.00,100 גרם,false,1,14.90,5.73,true,1,
7290112494795,false,"ג'ל לכביסה לבנה וצבעונית בניחוח בדין כחול 2.5 ק""ג","זוהר דליה, קיבוץ דלי",IL,גל כביסה בדין בניחוח,קילוגרמים,0.00,"ק""ג",false,1,38.50,38.50,true,1,
7290112495006,false,כריות נוגט 686 גרם - קופסא,יוניליוור שפע ישראל,IL,כריות נוגט 686 גרם -,גרמים,686.00,100 גרם,false,1,27.90,4.07,true,1,
7290112495020,false,כריות צוקולדה 686 גרם קופסא,יוניליוור שפע ישראל,IL,כריות צוקולדה 686 ג,גרמים,686.00,100 גרם,false,1,29.90,4.36,true,1,
7290112495037,false,דגני בוקר בטעם שוקולד כדורים 375 ג' קוקומן,יוניליוור שפע ישראל,IL,קוקומן כדורים פחות ס,גרמים,375.00,100 גרם,false,1,21.90,5.84,true,1,
7290112495280,false,ריבועי ברנפלקס קינמון 400 גרם,אתר שפע - Food,IL,ריבועי ברנפלקס קינמו,גרמים,400.00,100 גרם,false,1,25.90,6.48,true,1,
7290112495433,false,דגני דליפקאן תוספת אגוזי פקאן ושקדים 400 גר,יוניליור שפע ישראל ב,IL,דליפקאן 400 גרם,גרמים,400.00,100 גרם,false,1,23.90,5.98,true,1,
7290112495556,false,חטיף שוקולד נוגט שוקולד חלב 105 גרם,,IL,חטיף שוקולד נוגט שוק,גרמים,105.00,100 גרם,false,1,15.90,15.14,true,1,
7290112495976,false,פריכיות אורז מצופות שוקולד חלב 35 גרם,גוד פוד פרודקטס Sp.z,PL,פריכיות אורז מצופות,גרמים,35.00,100 גרם,false,1,6.50,18.57,true,1,
7290112495983,false,פרכיות פתיתבציפוי שוקולד חלב ושבבי קרמל מלוח 39 גר',גוד פוד פרודקטס Sp.z,PL,פריכיות אורז שוקולד,גרמים,35.00,100 גרם,false,1,6.50,18.57,true,1,
7290112496218,false,קנור רוטב טריאקי הפחתה של מעל 50% סוכר ונתרן 310 ג',אתר חיפה 778 - Food,IL,רוטב קנור טריאקי 34,גרמים,340.00,100 גרם,false,1,13.90,4.09,true,1,
7290112496270,false,"פתית צ'יפס תפו""א בתוספת עגבניות ועשבי תיבול 22 ג'",JLM גלובל פודס37 דרך,GB,"פתית ציפס תפו""א עגבנ",גרמים,22.00,100 גרם,false,1,5.90,26.82,true,1,
7290112496287,false,פתית - צ'יפס בטטה בטעם טבעי 21 גרם,JLM גלובל פודס37 דרך,GB,פתית ציפס בטטה בטעם,גרמים,21.00,100 גרם,false,1,5.90,28.10,true,1,
7290112496294,false,חטיף פתית צ'יפס עם אפונה ירוקה צהובה וצ'ילי,JLM גלובל פודס37 דרך,GB,פתית ציפס אפונה בתוס,גרמים,22.00,100 גרם,false,1,5.90,26.82,true,1,
7290112496430,false,קנור נמס בכוס אקסטרה עגבניות+אטריות 37 גרם - רבנות,יוניליוור ישראל מזון,IL,נמס בכוס אקסטרה עגבנ,גרמים,37.00,100 גרם,false,1,4.90,13.24,true,1,
7290112496447,false,נמס בכוס אקסטרה טעם עוף עם המון אטריות 27ג',יוניליוור ישראל מזון,IL,נמס בכוס אקסטרה טעם,גרמים,27.00,100 גרם,false,1,4.90,18.15,true,1,
7290112496461,false,נמס בכוס אקסטרה מרק ירקות עם המון אטריות,יוניליוור ישראל מזון,IL,מרק נמס בכוס אקסטרה,גרמים,32.00,100 גרם,false,1,4.90,15.31,true,1,
7290112497031,false,קנור רוטב עגבניות לקציצות 415 גרם,יוניליוור,IT,קנור רוטב עגבניות לק,גרמים,415.00,100 גרם,false,1,13.90,3.35,true,1,
7290112497499,false,טבלה שוקולד לבן ועוגיות קליק 85 ג',יוניליוור,IL,קליק שוקולד לבן ועוג,גרמים,85.00,100 גרם,false,1,7.90,9.29,true,1,
7290112498007,false,גרנולה פרוטאין בתוספת חלבון שקדים וחמוציות תלמה 300 ג',תלמה,IL,גרנולה פרוטאין ת.חלב,גרמים,300.00,100 גרם,false,1,20.90,6.97,true,1,
7290112498526,false,פתית צ'יפס בטטה סגולה בטעם שמנת בצל 22 גרם,JLM גלובל פודס37 דרך,GB,פתית ציפס בטטה סגולה,גרמים,22.00,100 גרם,false,1,5.90,26.82,true,1,
7290112499509,false,"רקסונה - דאודורנט ספריי לאישה בניחוח אפרסק ולמון גראס 150 מ""ל",קוסטר - תורכיה,TR,דאו ספריי ניחוח אפרס,מיליליטרים,150.00,"100 מ""ל",false,1,20.90,13.93,true,1,
7290112960115,false,אסם שקדי מרק 30% קמח חיטה מלא 12*350גרם,אסם,IL,שקדי מרק 30% קמח חי,גרמים,350.00,100 גרם,false,1,12.90,3.69,true,1,
7290112961372,false,פיטנס חטיפי פריכיות דקות קינמון 60 גרם,"פרח תעשיות מזון בע""מ",IL,פיטנס חטיפי פריכיות,גרמים,60.00,100 גרם,false,1,9.90,16.50,true,1,
7290112961464,false,פיטנס חטיפי פריכיות דגנים וחומוס מתובלות,"פרח תעשיות מזון בע""מ",IL,פיטנס חטיפי פריכיות,גרמים,60.00,100 גרם,false,1,9.90,16.50,true,1,
7290112962003,false,שלגון קראנץ וניל עוגיות 90 גרם,שוורצקוף& הנקל דיסלד,IL,שלגון קראנץ וניל עוג,גרמים,90.00,100 גרם,false,1,10.60,11.78,true,1,
7290112963918,false,פיטנס חטיפי קרקר דק רוזמרין 140 גרם,נסטלה Nestle,IL,פיטנס קרקר דק רוזמרי,גרמים,140.00,100 גרם,false,1,13.90,9.93,true,1,
7290112964052,false,פרפקטו פסטה וזוביוטו 12*500גרם,ניולט פוד ס.פ.א,IT,פסטה מוביוטו פרפקטו,גרמים,500.00,100 גרם,false,1,13.90,2.78,true,1,
7290112964434,false,"רוטב לסלט קיסר 295 מ""ל אסם",אסם,IL,רוטב לסלט קיסר 295 מ,מיליליטרים,295.00,"100 מ""ל",false,1,15.00,5.08,true,1,
7290112965165,false,מרק נמס בטעם פטריות זוג * 24 ג' אסם,אסם,IL,זוג מרק נמס סוף פטרי,גרמים,48.00,100 גרם,false,1,5.90,12.29,true,1,
7290112965240,false,מרק נמס בטעם עגבניות זוג * 44 ג' אסם,אסם,IL,זוג מרק נמס עגבניות,גרמים,60.00,100 גרם,false,1,5.90,9.83,true,1,
7290112965288,false,אוסם - מרק נמס ירקות זוג 28 גרם * 2,אסם,IL,אסם זוג מרק נמס ירקו,גרמים,56.00,100 גרם,false,1,5.90,10.54,true,1,
7290112965684,false,פיטנס - חטיף מולטיגריין עשבי תיבול 25 גרם,מיוצר עי קונדיטוריית,IL,פיטנס חטיף מולטיגריי,גרמים,25.00,100 גרם,false,1,5.50,22.00,true,1,
7290112965707,false,פיטנס - חטיף מולטיגריין צילי מעודן 25 גרם,"אסם השקעות בע""מ",IL,פיטנס חטיף מולטיגריי,גרמים,25.00,100 גרם,false,1,5.50,22.00,true,1,
7290112965905,false,בייגלה שמיניות במליחות מעודנת אסם 400 גר',מיוצר עי קונדיטוריית,IL,בייגלה שמיניות במליח,גרמים,400.00,100 גרם,false,1,13.90,3.48,true,1,
7290112967114,false,פיטנס חטיפי פריכיות קטניות ופלפל 60 גרם,"פרח תעשיות מזון בע""מ",IL,פיטנס חטיפי פריכיות,גרמים,60.00,100 גרם,false,1,9.90,16.50,true,1,
7290112967381,false,פיטנס חטיפי פריכיות קטניות ומלח ים 60 גר',"פרח תעשיות מזון בע""מ",IL,פיטנס חטיפי פריכיות,גרמים,60.00,100 גרם,false,1,9.90,16.50,true,1,
7290112968203,false,צבר סלט טחינה בלאדי 6*250גרם,שוורצקוף& הנקל דיסלד,IL,סלט טחינה בלדי 250 ג,גרמים,250.00,100 גרם,false,1,12.50,5.00,true,1,
7290112968807,false,פיטנס - קרקר דק סלק 140 גרם,מפעל אסם יקנעם,IL,פיטנס קרקר דק סלק 14,גרמים,140.00,100 גרם,false,1,13.90,9.93,true,1,
7290112968821,false,פיטנס - קרקר דק בטטה 140 גרם,מפעל אסם יקנעם,IL,פיטנס קרקר דק בטטה 1,גרמים,140.00,100 גרם,false,1,13.90,9.93,true,1,
7290112969071,false,פסטה רדיאטורי פרפקטו 500 ג' אסם,,,פרפקטו פסטה רדיאטורי,גרמים,400.00,100 גרם,false,1,13.90,3.48,true,1,
7290113192089,false,בוטנים מצופים בטעם תירס בקופסא,דין שיווק,IL,בוטנים מצופים בטעם ת,גרמים,100.00,100 גרם,false,1,9.90,9.90,true,1,
7290113192164,false,אגוזי קשיו קלופים ששון הקולה 150 ג',דין שיווק,IL,אגוזי קשיו קלופים 15,גרמים,150.00,100 גרם,false,1,17.90,11.93,true,1,
7290113192171,false,מיקס אגוזים שקדים וחמוציות 150 גרם,דין שיווק,IL,מיקס אגוזים שקדים וח,גרמים,150.00,100 גרם,false,1,17.90,11.93,true,1,
7290113192300,false,זיתים מושחרים חרוזית 275 גרם בית השיטה,בית השיטה,IL,זיתים מושחרים חרוזית,גרמים,275.00,100 גרם,false,1,12.90,4.69,true,1,
7290113192331,false,בית השיטה זית ירוק גדול א2 12*340ג חדש,בית השיטה,IL,זית ירוק גדול A2 בית,גרמים,340.00,100 גרם,false,1,12.90,3.79,true,1,
7290113192355,false,חרוזית זיתים ירוקים ללא גלעין 275 ג' בית השיטה,בית השיטה,IL,זית חרוזית ירוק A2 ב,גרמים,275.00,100 גרם,false,1,10.90,3.96,true,1,
7290113192362,false,זיתים ירוקים טבעות A2 בית השיטה 280 גרם,בית השיטה,IL,זיתים ירוקים טבעות A,גרמים,280.00,100 גרם,false,1,13.50,4.82,true,1,
7290113192379,false,בית השיטה זיתים ירוקים מבוקעים א2 340גר',בית השיטה,IL,זיתים ירוקים מבוקעים,גרמים,340.00,100 גרם,false,1,12.60,3.71,true,1,
7290113192386,false,זיתים סורי מבוקע A2 בית השיטה 340ג',בית השיטה,IL,זית סורי מבוקע A2 בי,גרמים,666.00,100 גרם,false,1,13.90,2.09,true,1,
7290113192478,false,בית השיטה מלפפונים במלח בינוני 10-12 320 גרם,בית השיטה,IL,מלפפונים במלח 10-12,גרמים,320.00,100 גרם,false,1,9.50,2.97,true,1,
7290113192492,false,בית השיטה מלפפונים בחומץ קטנים 1317 290 גרם,בית השיטה,IL,מלפפון בחומץ 17-13 ב,גרמים,290.00,100 גרם,false,1,12.90,4.45,true,1,
7290113192515,false,בית השיטה מלפפונים במלח קטן מאוד 1825 320 גרם,בית השיטה,IL,מלפפון במלח 18-25 32,גרמים,320.00,100 גרם,false,1,13.90,4.34,true,1,
7290113192539,false,בית השיטה מלפפונים במלח גדול 79 320 גרם,בית השיטה,IL,מלפפון במלח 7-9 בית,גרמים,320.00,100 גרם,false,1,7.90,2.47,true,1,
7290113192546,false,בית השיטה מלפפונים בחומץ גדול 79 290 גרם,בית השיטה,IL,מלפפון בחומץ 7-9 בי,גרמים,290.00,100 גרם,false,1,7.90,2.72,true,1,
7290113192553,false,בית השיטה מלפפונים במלח 13-17 בלדי 320 גר',בית השיטה,IL,מלפפונים במלח באלדי,גרמים,320.00,100 גרם,false,1,11.90,3.72,true,1,
7290113192560,false,בית השיטה פלפל שיפקה חריף כבוש 230 גרם,בית השיטה,IL,פלפל שיפקה A2 בית ה,גרמים,230.00,100 גרם,false,1,8.80,3.83,true,1,
7290113192577,false,בית השיטה כרוב כבוש חתוך 430 גרם,בית השיטה,IL,כרוב כבוש A2 בית השי,גרמים,430.00,100 גרם,false,1,9.90,2.30,true,1,
7290113192881,false,"טורטיה חיטה מופחת קלוריות, קוטר 20 ס""מ - 6 יח'",דין שיווק,TR,טורטיה חיטה מופחתת ק,גרמים,270.00,100 גרם,false,1,11.90,4.41,true,1,
7290113193406,false,"קוקטייל טבעות זיתים - זיתים ירוקים, שחורים מרינד",בית השיטה,IL,בית השיטה טבעות קוקט,גרמים,280.00,100 גרם,false,1,12.70,4.54,true,1,
7290113195097,false,ריבת חלב 340 גרם,,IL,ריבת חלב 340 גרם,גרמים,340.00,100 גרם,false,1,13.90,4.09,true,1,
7290113196414,false,"אורז בסמטי 1 ק""ג כחול מטאלי שקדיה",דאבה סינג שאם סינג,IN,אורז בסמטי שקדיה 1 ק,גרמים,1000.00,100 גרם,false,1,13.20,1.32,true,1,
7290113198067,false,פקאן מצופה שוקולד לבן 150 גרם,"דין שיווק וקליה בע""מ",IL,פקאן מצופה שוקולד לב,גרמים,150.00,100 גרם,false,1,14.90,9.93,true,1,
7290113198074,false,פקאן מצופה שוקולד שיש 150 גרם,דין שיווק,IL,פקאן מצופה שוקולד שי,גרמים,150.00,100 גרם,false,1,14.90,9.93,true,1,
7290113199781,false,ממרח אגוזים ובוטנים 200 גרם השקדיה,פפאיינס,TW,ממרח אגוזים ובוטנים,גרמים,200.00,100 גרם,false,1,16.90,8.45,true,1,
7290113287013,false,כוסות נייר לשתייה חמה,,,כוסות נייר לשתייה חמ,Unknown,0.00,Unknown,false,1,14.20,14.20,true,1,
7290113560055,false,"מי פה פרודונטקס לטיפול יום יומי 500 מ""ל",פרודונטקס Parodontax,GB,מי פה פרודונטקס,מיליליטרים,500.00,"100 מ""ל",false,1,31.90,6.38,true,1,
7290114310215,false,"**טרה שמנת מתוקה 38% 250 מ""ל בקבוק.",מילקו תעשיות בעמ,IL,שמנת מתוקה 38% 250 מ,גרמים,250.00,100 גרם,false,1,6.47,2.59,true,1,
7290114310239,false,חלב טרה נטול לקטוז מועשר בוויטמין D 2% 1.5 ל',מילקו תעשיות בעמ,IL,חלב נטול לקטוז מועשר,מיליליטרים,1500.00,"100 מ""ל",false,1,13.90,0.93,true,1,
7290114310338,false,צפתית מעודנת 5% 225 גר' משק צוריאל,מחלבת משק צוריאל,IL,גבינה צפתית מעודנת 5,גרמים,225.00,100 גרם,false,1,19.50,8.67,true,1,
7290114310390,false,"מולר פרופ קציפת יוגורט בננה לוטי 5% 150 מ""ל",מולר Muller,IL,מולר WIP- יוגורט מוק,גרמים,97.00,100 גרם,false,1,5.90,6.08,true,1,
7290114310406,false,מולר פרופ יוגורט מוקצף בטעם תות 97 גרם,מולר Muller,IL,מולר WIP- יוגורט מוק,גרמים,97.00,100 גרם,false,1,5.90,6.08,true,1,
7290114310536,false,יוגורט לייט מעושר בחלבון בטעם וניל מולר 200 ג',מולר Muller,IL,מולר אקטיב לייט,גרמים,200.00,100 גרם,false,1,6.90,3.45,true,1,
7290114311021,false,"משקה חלב וניל עוגיות טרה 250 מ""ל פקק ספו",טרה,IL,משקה חלב וניל עוגיות,מיליליטרים,250.00,"100 מ""ל",false,1,6.20,2.48,true,1,
7290114311304,false,יוגורט קציפת מנגו פסיפלורה בננה 150 ג' מולר,מולר Muller,IL,יוגורט מולר פרופ בטע,גרמים,150.00,100 גרם,false,1,5.90,3.93,true,1,
7290114311328,false,חלב נטול לקטוז 2% שומן מועשר בויטמין D,ג'י.אר.אמ.גרופו אלימ,IL,חלב דל לקטוז מועשר ב,מיליליטרים,1000.00,"100 מ""ל",false,1,8.90,0.89,true,1,
7290114311434,false,מולר אקטיב יוגורט בטעם קרמל מלוח 200 גרם,מולר Muller,IL,מולר אקטיב יוגורט בט,גרמים,200.00,100 גרם,false,1,6.50,3.25,true,1,
7290114311441,false,"מולר אקטיב בטעם עוגיות חמאה 0% שומן, 200 גרם",מולר Muller,IL,מולר אקטיב יוגורט בט,גרמים,200.00,100 גרם,false,1,6.50,3.25,true,1,
7290114311502,false,"משקה חלב בקבוק בטעם סחלב, 1 ליטר",מילקו תעשיות בעמ,IL,משקה חלב בטעם סחלב ט,מיליליטרים,1000.00,"100 מ""ל",false,1,13.90,1.39,true,1,
7290114600927,false,עלי טורטיה חיטה מלאה מאסטר שף 320 גרם,אלקאטי קורביישיסי,TR,מנה עלי טורטיה חיט מ,גרמים,320.00,100 גרם,false,1,11.90,3.72,true,1,
7290114600941,false,מיונז מאסטר שף מיונז לחיץ 435 ג',רמיה סי.וי,NL,מיונז לחיץ מאסטר שף,גרמים,435.00,100 גרם,false,1,14.60,3.36,true,1,
7290114603508,false,"רוטב להקצפה מאסטר שף 300 מ""ל",סיטי פוד,TH,רוטב להקפצה מאסטר שף,מיליליטרים,300.00,"100 מ""ל",false,1,11.90,3.97,true,1,
7290114606547,false,מיונז פטריות כמהין לחיץ מאסטר שף 242 גרם,מאסטר שף,NL,מיונז פטריות כמהין ל,גרמים,242.00,100 גרם,false,1,14.60,6.03,true,1,
7290114651561,false,באנר אותיות יום הולד,,CN,באנר אותיות יום הולד,Unknown,1.00,Unknown,false,12,9.90,9.90,true,1,
7290114657280,false,מיני פופ סוכריה על מקל עם כדור 8גר כוח פי גיי,,CN,כוח פי גיי פופ סוכרי,יחידה,1.00,יחידה,false,1,12.90,12.90,true,1,
7290115071481,false,מטבעות שוקולד ברשת אל או אל 31 גר,,NL,מטבעות שוקולד ברשת א,גרמים,31.00,100 גרם,false,1,4.90,15.81,true,1,
7290115075205,false,מטבעות שוקולד ברשת לוני טונס 31 גר,,NL,מטבעות שוקולד ברשת ל,גרמים,31.00,100 גרם,false,1,4.90,15.81,true,1,
7290115180251,false,יחידות טבק לחימום אמבר PP קרטוש,פיליפ מוריס,,יחידות טבק לחימום אמ,Unknown,0.00,Unknown,false,1,26.50,26.50,true,1,
7290115180268,false,יחידות טבק לחימום צהוב PP,פיליפ מוריס,IL,יחידות טבק לחימום צה,Unknown,0.00,Unknown,false,1,26.50,26.50,true,1,
7290115180282,false,יחידות טבק לחימום ברונז PP,פיליפ מוריס,IL,יחידות טבק לחימום בר,Unknown,0.00,Unknown,false,1,26.50,26.50,true,1,
7290115180688,false,יחידות טבק לחימום סגול PP,,,יחידות טבק לחימום סג,Unknown,0.00,Unknown,false,1,26.50,26.50,true,1,
7290115190014,false,סיגריות מרלבורו רד קצר בוקס,פיליפ מוריס,,מרלבורו רד קצר בוקס,Unknown,0.00,Unknown,false,1,35.90,35.90,true,1,
7290115190038,false,סיגריות מרלבורו רד קצר סופט,פיליפ מוריס,,מרלבורו רד קצר סופט,Unknown,0.00,Unknown,false,1,33.90,33.90,true,1,
7290115190052,false,סיגריות מרלבורו מדיום פלייבור מיקס,פיליפ מוריס,,מרלבורו פלייבור מיקס,Unknown,0.00,Unknown,false,1,35.90,35.90,true,1,
7290115190076,false,סיגריות מרלבורו גולד ארוך 100 בוקס,פיליפ מוריס,,מרלבורו גולד 100 חפי,Unknown,0.00,Unknown,false,1,35.90,35.90,true,1,
7290115190083,false,מרלבורו גולד קצר פאקט,פיליפ מוריס,,מרלבורו גולד PP קרטו,Unknown,0.00,Unknown,false,1,355.00,355.00,true,1,
7290115190090,false,סיגריות מרלבורו גולד קצר בוקס,פיליפ מוריס,,מרלבורו גולד קצר,Unknown,0.00,Unknown,false,1,35.90,35.90,true,1,
7290115190120,false,מרלבורו גולד פיין טאצ' פאקט,פיליפ מוריס,,מרלבורו פיין טאץ PP,יחידה,1.00,יחידה,false,1,290.00,290.00,true,1,
7290115190137,false,מלבורו פיין טאצ 7.1 חפיסה,פיליפ מוריס,,מלבורו פיין טאצ 7.1,יחידה,1.00,יחידה,false,1,31.90,31.90,true,1,
7290115190151,false,מלבורו גולד טאצ 7.1 חפיסה,פיליפ מוריס,,מלבורו גולד טאצ 7.1,יחידה,1.00,יחידה,false,1,31.90,31.90,true,1,
7290115190175,false,פרלמנט סופר סלימס קופסא,פיליפ מוריס,,פרלמנט סופר סלימס חפ,Unknown,0.00,Unknown,false,1,41.00,41.00,true,1,
7290115190199,false,סיגריות פרלמנט (חפיס,פיליפ מוריס,,פרלמנט ארוך RCB חפיס,Unknown,0.00,Unknown,false,1,41.00,41.00,true,1,
7290115190212,false,פרלמנט ארוך בלו RCB קופסא,פיליפ מוריס,,פרלמנט ארוך בלו RCB,Unknown,0.00,Unknown,false,1,41.00,41.00,true,1,
7290115190236,false,סיגריות פרלמנט קצר בלו,פיליפ מוריס,,פרלמנט קצר בלו חפיסה,Unknown,0.00,Unknown,false,1,41.00,41.00,true,1,
7290115190250,false,סיגריות פרלמנט נייטP,פיליפ מוריס,,פרלמנט נייט PP חפיסה,Unknown,0.00,Unknown,false,1,41.00,41.00,true,1,
7290115190274,false,סיגריות פרלמנט סילבר,פיליפ מוריס,,פרלמנט סילבר חפיסה,Unknown,0.00,Unknown,false,1,41.00,41.00,true,1,
7290115190335,false,ל.מ.בלו לייבל ארוך בוקס חפיסה,פיליפ מוריס,,ל.מ.בלו לייבל ארוך ב,Unknown,0.00,Unknown,false,1,31.90,31.90,true,1,
7290115190359,false,L&M בלו לייבל קצר-חפיסה,פיליפ מוריס,,L&M בלו לייבל קצר-חפ,Unknown,0.00,Unknown,false,1,31.90,31.90,true,1,
7290115190373,false,סיגריות ל.מ. קפסולהP,פיליפ מוריס,,ל.מ.פורוורד חפיסה,Unknown,0.00,Unknown,false,1,31.90,31.90,true,1,
7290115190410,false,ל.מ. סילבר לייבל חפיסה,פיליפ מוריס,,ל.מ. סילבר לייבל חפי,Unknown,0.00,Unknown,false,1,31.90,31.90,true,1,
7290115190434,false,סיגריות LM לייט וייב סלימס,פיליפ מוריס,IL,ל.מ וייב PP חפיסה,Unknown,0.00,Unknown,false,1,31.90,31.90,true,1,
7290115190458,false,סיגריות נקסט אדג בוד,פיליפ מוריס,,נקסט ארג חפיסה,Unknown,0.00,Unknown,false,1,24.90,24.90,true,1,
7290115190472,false,סיגריות נקסט פיין אדג',פיליפ מוריס,,נקסט פיין ארג חפיסה,Unknown,0.00,Unknown,false,1,24.90,24.90,true,1,
7290115190496,false,סיגריות נקסט פיין 10,פיליפ מוריס,IL,נקסט פיין 100 חפיסה,Unknown,0.00,Unknown,false,1,29.90,29.90,true,1,
7290115190502,false,נקסט פיין קצר פאקט 1,פיליפ מוריס,,נקסט פיין PP קרטוש,Unknown,0.00,Unknown,false,1,279.90,279.90,true,1,
7290115190519,false,סיגריות נקסט פיין חפ,פיליפ מוריס,,נקסט חפיסה,Unknown,0.00,Unknown,false,1,29.90,29.90,true,1,
7290115190533,false,סיגריות נקסט כחול ארוך,פיליפ מוריס,,נקסט 100 ריסס חפיסה,Unknown,0.00,Unknown,false,1,25.90,25.90,true,1,
7290115190557,false,סיגריות נקסט כחול קצר,פיליפ מוריס,,נקסט ריסס חפיסה,Unknown,0.00,Unknown,false,1,25.90,25.90,true,1,
7290115190571,false,סיגריות נקסט לילךPP,פיליפ מוריס,,נקסט לילך PP חפיסה,Unknown,0.00,Unknown,false,1,29.90,29.90,true,1,
7290115190595,false,סיגריות נקסט אוריגינ,פיליפ מוריס,,נקסט FF חפיסה,Unknown,0.00,Unknown,false,1,29.90,29.90,true,1,
7290115190892,false,מרלבורו פיוזן קפסולה חפיסה,פיליפ מוריס,IL,מרלבורו פיוזן קפסולה,Unknown,0.00,Unknown,false,1,26.90,26.90,true,1,
7290115190939,false,אל.אם קפסולות קליק חפיסה,פיליפ מוריס,,ל.מ קליק קפסולה חפיס,Unknown,0.00,Unknown,false,1,24.90,24.90,true,1,
7290115191028,false,מרלבורו סאמר ספלאש קרטוש,פיליפ מוריס,RS,מרלבורו סאמר ספלאש ק,יחידה,1.00,יחידה,false,1,285.00,285.00,true,1,
7290115191035,false,מרלבורו סאמר ספלאש קופסא,פיליפ מוריס,RS,מרלבורו סאמר ספלאש ח,יחידה,1.00,יחידה,false,1,28.90,28.90,true,1,
7290115200676,false,עוגיות קרמוגית במילוי קרם בטעם קרמל מלוח,היינץ צפון אמריקה מק,IL,קרמוגית קרמל מלוח 20,גרמים,200.00,100 גרם,false,1,13.90,6.95,true,1,
7290115201680,false,ביסלי ברביקיו 70 גרם,"אסם השקעות בע""מ",IL,ביסלי ברביקיו 70 גרם,גרמים,70.00,100 גרם,false,1,4.70,6.71,true,1,
7290115201741,false,ביסלי בטעם בצל 70 גרם,"אסם השקעות בע""מ",IL,ביסלי בטעם בצל 70 גר,גרמים,70.00,100 גרם,false,1,4.70,6.71,true,1,
7290115202236,false,טבעול טופו קראנצים 470 גרם,עיצובים 2020 (4.8),IL,טופו קראנצ טבעול 470,גרמים,470.00,100 גרם,false,1,38.50,8.19,true,1,
7290115202786,false,מנה חמה פאוצ נדלס.אטר.טעם בקר 70 גרם,אסם,IL,מנה חמה פאוצ נדלס.אט,גרמים,70.00,100 גרם,false,1,5.80,8.29,true,1,
7290115202939,false,מנה חמה רייס נודלס עוף פטריות 50 ג' אסם,מיוצר עי קונדיטוריית,TH,מנה חמה רייס נודלס ע,גרמים,50.00,100 גרם,false,1,9.90,19.80,true,1,
7290115203134,false,פופקו פופקורן במבה - פופקורן בציפוי קרמל ובוטנים,"אסם השקעות בע""מ",IL,פופקו פופקורן במבה 8,גרמים,80.00,100 גרם,false,1,5.50,6.88,true,1,
7290115203172,false,במבה PRO מכיל 18 גרם חלבון בשקית,"אסם השקעות בע""מ",IL,במבה פרו 80 גרם,גרמים,80.00,100 גרם,false,1,4.90,6.13,true,1,
7290115204018,false,מנה חמה איטלקי פסטה בסגנון אלפרדו 60 ג' אסם,נסטלה,IL,מנה חמה איטלקי פסטה,גרמים,60.00,100 גרם,false,1,8.80,14.67,true,1,
7290115204056,false,אסם קטשופ 56% פחות סוכר 690 גרם,אסם,IL,קטשופ אסם מופחת סוכר,גרמים,690.00,100 גרם,false,1,12.90,1.87,true,1,
7290115205176,false,פיטנס - קרקר דק כפרי פיטנס 140 גרם,נסטלה Nestle,IL,פיטנס קרקר כפרי 140,גרמים,140.00,100 גרם,false,1,13.90,9.93,true,1,
7290115205312,false,קרקר פיטנס דק עם זיתי קלמטה ועשבי תיבול,"אסם השקעות בע""מ",IL,פיטנס קרקר זיתים 140,גרמים,140.00,100 גרם,false,1,13.90,9.93,true,1,
7290115205527,false,חטיף פיטנס מולטיגריין עם עדשים 25 גרם,פיטנס,IL,פיטנס חטיף מולטגריין,גרמים,25.00,100 גרם,false,1,5.50,22.00,true,1,
7290115205541,false,חטיף פיטנס מולטיגריין עם חומוס 25 גרם,"אסם השקעות בע""מ",IL,פיטנס חטיף מולטיגריי,גרמים,25.00,100 גרם,false,1,5.50,22.00,true,1,
7290115208047,false,ויטמינצ'יק תרכיז פטל 1 ליטר,בית-השיטה עסיס תעשיו,IL,סירופ ויטמינציק פטל,מיליליטרים,1000.00,"100 מ""ל",false,1,23.90,2.39,true,1,
7290115208344,false,אסם בייגלה כפיות שמנת בצל 300 גרם,אסם,IL,אסם בייגלה כפיות שמנ,גרמים,300.00,100 גרם,false,1,11.90,3.97,true,1,
7290115208597,false,אסם קרמוגית מיניס קרמל מלוח 200 גרם,"אסם השקעות בע""מ",IL,אסם קרמוגית מיניס קר,גרמים,200.00,100 גרם,false,1,12.90,6.45,true,1,
7290115208801,false,לחמית דבש ואגוזים 190ג אסם,אסם,IL,לחמית דבש ואגוזים 19,גרמים,190.00,100 גרם,false,1,11.90,6.26,true,1,
7290115208849,false,"מנה חמה פסטה מוקרמת ט.עוף בד""צ 55גר",נסטלה,IL,מנה חמה פירה עם בטטה,גרמים,51.00,100 גרם,false,1,8.80,17.25,true,1,
7290115209198,false,במבה אורירית 80 ג' אסם,אסם השקעות בעמ,IL,במבה אורירית 80 גרם,גרמים,80.00,100 גרם,false,1,4.90,6.13,true,1,
7290115209235,false,פתי בר קפה 500 גרם אסם,אסם,IL,אסם פתי בר קפה 500 ג,גרמים,500.00,100 גרם,false,1,14.90,2.98,true,1,
7290115209358,false,במבה במילוי קרם בטעם בראוניז,"אסם השקעות בע""מ",IL,במבה במילוי בראוניז,גרמים,60.00,100 גרם,false,1,4.90,8.17,true,1,
7290115209372,false,במבה במילוי בראוניז 150ג' אסם,"אסם השקעות בע""מ",IL,במבה במילוי בראוניז,גרמים,150.00,100 גרם,false,1,10.90,7.27,true,1,
7290115252354,false,וירו מנת קינואה ים תיכוני 470 גרם,,,וירו מנת קינואה ים ת,גרמים,470.00,100 גרם,false,1,15.90,3.38,true,1,
7290115675559,false,מארז קפה טורקי לדרך 70ג' עלית,שטראוס קפה בי.וי.,IL,מארז טורקי לדרך 70 ג,גרמים,70.00,100 גרם,false,1,9.90,14.14,true,1,
7290115676082,false,משקה דנונה פרו 20 יוגורט תות 255 ג' רבנות,"שטראוס בריאות בע""מ.",IL,משקה דנונה פרו 20 תו,מיליליטרים,265.00,"100 מ""ל",false,1,8.30,3.13,true,1,
7290115677362,false,נודלס טריאקי דלישס 350 גרם,"טרופיקל דגיל בע""מ אז",IL,נודלס טריאקי דלישס 3,גרמים,350.00,100 גרם,false,1,28.90,8.26,true,1,
7290115677423,false,אורז ירוק קארי חריף חריף דלישס 350 גרם,"טרופיקל דגיל בע""מ אז",IL,אורז ירוק קארי חריף,גרמים,350.00,100 גרם,false,1,28.90,8.26,true,1,
7290115677904,false,חומוס פלפלים חריף 235 גרם אחלה,מיוצר עי קונדיטוריית,IL,חומוס פלפלים חריף 23,גרמים,235.00,100 גרם,false,1,13.50,5.74,true,1,
7290115678376,false,מעדן הגולן שוקולד 125 גרם,מיוצר עי קונדיטוריית,IL,מעדן הגולן שוקולד,גרמים,125.00,100 גרם,false,1,3.20,2.56,true,1,
7290115678642,false,נשנושי גבינה 16% עם חטיף אפוי עם זיתים 67 ג' שטראוס,"מחלבת טבע עז בע""מ",IL,נשנושי גבינה 25% חטי,גרמים,67.00,100 גרם,false,1,11.90,17.76,true,1,
7290116240008,false,שקית 10 מקרון סגול,,CN,שקית 10 מקרון סגול,Unknown,1.00,Unknown,false,20,5.50,5.50,true,1,
7290116240022,false,שקית 10 מקרון תכלת,,CN,שקית 10 מקרון תכלת,Unknown,1.00,Unknown,false,20,5.50,5.50,true,1,
7290116242415,false,מיני פופ סוכריה על מקל עם כדור 8גר מפרץ הרפתקאות,,CN,מפרץ הרפתקאות פופ סו,יחידה,1.00,יחידה,false,1,12.90,12.90,true,1,
7290116531557,false,"פריכיות פתית תירס עם מלח 150 גרם כשל""פ",גוד פוד פרודקטס,PL,מאגדת פתית פריכיות ת,גרמים,150.00,100 גרם,false,1,13.90,9.27,true,1,
7290116531564,false,מאגדת פתית פריכיות תירס דקות עם קינואה ובזיליקום 150 ג',גוד פוד פרודקטס,PL,מאגדת פתית פריכיות ק,גרמים,150.00,100 גרם,false,1,13.90,9.27,true,1,
7290116531656,false,"מרכך פינוק לשיער בניחוח תפוח 700 מ""ל",יוניליוור ישראל טיפו,IL,מרכך פינוק בניחוח תפ,מיליליטרים,700.00,"100 מ""ל",false,1,13.90,1.99,true,1,
7290116531854,false,"תחליב רחצה שייק קיווי פסיפלורה ואשכולית אדומה 700 מ""ל פינוק",יוניליוור ישראל טיפו,IL,תחליב רחצה פינוק שיי,מיליליטרים,700.00,"100 מ""ל",false,1,15.90,2.27,true,1,
7290116532721,false,רוטב הלמנס ישראלי לסלט לימון וזעתר 305 ג,אתר חיפה ממרחים - Fo,IL,הלמנס רוטב לסלט לימו,גרמים,295.00,100 גרם,false,1,15.40,5.22,true,1,
7290116532738,false,רוטב לסלט הלמנס איטלקי בז' ואורגנו 305 ג,אתר חיפה ממרחים - Fo,IL,הלמנס רוטב איטלקי 29,גרמים,295.00,100 גרם,false,1,15.40,5.22,true,1,
7290116532769,false,"גרנולה פרוטאין בתוספת חלבון, תפוח וקינמון",תלמה,IL,גרנולה פרוטאין ת.חלב,גרמים,300.00,100 גרם,false,1,20.90,6.97,true,1,
7290116532882,false,נישנושים איירביס בצל 155 גרם,אתר בייגל - Food,IL,נשנושים איירביס בצל,גרמים,155.00,100 גרם,false,1,14.90,9.61,true,1,
7290116532899,false,נישנושים איירביס פלאפל 155 גרם,אתר בייגל - Food,IL,נשנושים איירביס פלאפ,גרמים,155.00,100 גרם,false,1,14.90,9.61,true,1,
7290116930282,false,ארוחה בקטנה לאבנה עם קרקרים 150ג' תנובה,תנובה,IL,ארוחה בקטנה לאבנה עם,גרמים,150.00,100 גרם,false,1,8.50,5.67,true,1,
7290116930435,false,יוגורט יופלה GO במרקם סמיך עם דובדבן 0%,תנובה מרכז שיתופי לש,IL,יוגורט גו סמיך דובדב,מיליליטרים,200.00,"100 מ""ל",false,1,6.80,3.40,true,1,
7290116930480,false,"משקה SHAKE בננה קיווי תפוח 230 מ""ל יופלה",קבוצת המזון אקטשלאר,IL,יופלה שייק בננה קיוו,מיליליטרים,230.00,"100 מ""ל",false,1,8.90,3.87,true,1,
7290116930626,false,ארוחה בקטנה ציזיקי עם קרקרים 150ג' תנובה,תנובה,IL,ארוחה בקטנה ציזיקי ע,גרמים,150.00,100 גרם,false,1,8.50,5.67,true,1,
7290116930701,false,מעדן חלב GO מועשר בחלבון בטעם קרמל מלוח,תנובה מרכז שיתופי לש,IL,מעדן חלב go בטעם קרמ,גרמים,120.00,100 גרם,false,1,5.40,4.50,true,1,
7290116930718,false,מעדן תנובה דיאט בטעם שוקולד וקרמל מלוח 0% 150ג' תנובה,"תנובה בע""מ",IL,מעדן תנובה דיאט שוקו,מיליליטרים,150.00,"100 מ""ל",false,1,4.80,3.20,true,1,
7290116930725,false,סויה BIO קוקוס גביע 150 גרם אלטרנטיב,תנובה בעמ,IL,סויה BIO קוקוס גביע,גרמים,150.00,100 גרם,false,1,5.10,3.40,true,1,
7290116931081,false,מעדן סויה - טופי קרמל 125 גרם אלטרנטיב,תנובה מרכז שיתופי לש,IL,מעדן סויה בטעם טופי,גרמים,125.00,100 גרם,false,1,4.70,3.76,true,1,
7290116931159,false,יופלה דיאט 0% שומן תות בננה 150 גרם,תנובה מרכז שיתופי לש,IL,דיאט יופלה 0% שומן ת,גרמים,150.00,100 גרם,false,1,5.70,3.80,true,1,
7290117260579,false,חטיף קראנצ'י על בסיס קמח עדשים בטעם שמנת חמוצה ובצל 80 ג',וילי פוד,LT,חטיף קראנצי על בסיס,גרמים,80.00,100 גרם,false,1,10.50,13.13,true,1,
7290117260586,false,חטיף קראנצ'י על בסיס קמח עדשים בטעם פלפל חלפיניו וליים 80 ג',וילי פוד,LT,חטיף קראנצי על בסיס,גרמים,80.00,100 גרם,false,1,10.50,13.13,true,1,
7290117260593,false,חטיף קראנצ'י על בסיס קמח עדשים בטעם צ'דר 80 ג',וילי פוד,LT,חטיף קראנצי על בסיס,גרמים,80.00,100 גרם,false,1,10.50,13.13,true,1,
7290117260951,false,ביסקוויטים ללא גלוטן ופירות הדר 125 גרם ויליפוד,וילי פוד,,ביסקוויטים וילי פוד,גרמים,125.00,100 גרם,false,1,9.90,7.92,true,1,
7290117261026,false,זיתים ירוקים מגולענים במי מלח 300 גרם ויליפוד,,TR,זיתים ירוק מגולענים,גרמים,300.00,100 גרם,false,1,9.90,3.30,true,1,
7290117261545,false,סלמון אטלנטי ברוטב טריאקי וילי פוד 120 ג,וילי פוד,LV,סלמון אטלנטי ברוטב ט,גרמים,120.00,100 גרם,false,1,14.90,12.42,true,1,
7290117261569,false,סלמון אטלנטי מעושן קנולה וילי פוד 120 גר,וילי פוד,LV,סלמון אטלנטי מעושן ק,גרמים,120.00,100 גרם,false,1,14.90,12.42,true,1,
7290117261576,false,סרדינים בריסלינג מעושנים ברוטב עגבניות 129 גרם,ליסיט,LV,סרדינים בריסלינג מעו,גרמים,185.00,100 גרם,false,1,14.90,8.05,true,1,
7290117261583,false,סרדינים בריסלינג מעושנים בשמן קנולה 129 גרם (צנצנת),ליסיט,LV,סרדינים בריסלינג מעו,גרמים,185.00,100 גרם,false,1,14.90,8.05,true,1,
7290117380864,false,עוגות בראוניס אישיות בטעם שוקולד 120 ג' סלים דליס פייבר,הלמה הלום,NL,סלים דליס פייבר עוגי,גרמים,120.00,100 גרם,false,1,12.90,10.75,true,1,
7290117383711,false,"מארז זוג תחליב רחצה חלב ודבש *750 מ""ל פלמוליב",קולגייט פלמוליב,TR,פלמוליב חלב ודבש 750,Unknown,0.00,Unknown,false,1,30.00,30.00,true,1,
7290117383728,false,"מארז זוג תחליב רחצה לומינוס  אבוקדו 750 מ""ל פלמוליב",קולגייט פלמוליב,TR,פלמוליב לומינוס אבוק,Unknown,0.00,Unknown,false,1,30.00,30.00,true,1,
7290117900949,false,בוטנים מצופים אמריקאים 250 גרם,,IL,בוטנים מצופים אמריקא,גרמים,250.00,100 גרם,false,1,10.90,4.36,true,1,
7290117900956,false,תערובת פיצוחים קלויים 180 גרם,,IL,תערובת פיצוחים קלויי,גרמים,180.00,100 גרם,false,1,15.90,8.83,true,1,
7290117900963,false,בוטנים קלויים 270 גרם,,IL,בוטנים קלויים 270 גר,גרמים,270.00,100 גרם,false,1,10.90,4.04,true,1,
7290117900970,false,שקדים קלויים 180 גרם,,IL,שקדים קלויים 180 גרם,גרמים,180.00,100 גרם,false,1,16.90,9.39,true,1,
7290117900987,false,אגוזי פקאן קלוף 140 גרם,,IL,אגוזי פקאן קלוף 140,גרמים,140.00,100 גרם,false,1,16.90,12.07,true,1,
7290117901007,false,פיסטוקים קלויים 130 גרם,,IL,פיסטוקים קלויים 130,גרמים,130.00,100 גרם,false,1,15.90,12.23,true,1,
7290117901014,false,אגוזי קשיו קלויים,,IL,קשיו קלוי 160 גרם,גרמים,160.00,100 גרם,false,1,15.90,9.94,true,1,
7290117901038,false,אגוזי מלך קלופים 190 גרם,,IL,אגוזי מלך קלופים 190,גרמים,190.00,100 גרם,false,1,15.90,8.37,true,1,
7290117901045,false,בוטן רביולי 200 גרם.,,IL,בוטן רביולי 200 גרם,גרמים,200.00,100 גרם,false,1,15.90,7.95,true,1,
7290117901168,false,מיקס אגוזים וחמוציות 250 גרם ששון הקולה,,,מיקס אגוזים וחמוציות,גרמים,250.00,100 גרם,false,1,20.00,8.00,true,1,
7290117901175,false,שקדים קלופים 250 גרם ששון הקולה,,,שקדים קלופים 250 גרם,גרמים,250.00,100 גרם,false,1,20.00,8.00,true,1,
7290117901182,false,בוטן קליפה קלוי 350 גרם ששון הקלה,,,בוטן קליפה קלוי 350,גרמים,350.00,100 גרם,false,1,10.00,2.86,true,1,
7290118350361,false,כוסות לשתיה קרה 50 יחידות,,,כוסות לשתיה קרה 50 י,Unknown,0.00,Unknown,false,1,5.90,5.90,true,1,
7290118420378,false,פתיבר פינוקים בטעם תותים בשמנת - חלבי,דר גררד,IL,אסם פתי בר פינוקים ת,גרמים,220.00,100 גרם,false,1,11.90,5.41,true,1,
7297488098305,false,קמח שקדים ללא גלוטן,תות תעשיות מזון (201,IL,קמח שקדים דגש 250 גר,גרמים,250.00,100 גרם,false,1,27.90,11.16,true,1,
7297488099906,false,פתיתים טבעוניים בסגנון פרמז'ן טבעוני 10 יח',"טרופיקל דגיל בע""מ אז",IL,פרוסות בסגנון קלאסי,גרמים,200.00,100 גרם,false,1,23.90,11.95,true,1,
7312040017683,false,וודקה אבסולוט בקבוק,חברת אבסולוט,SE,"וודקה אבסולוט 700 מ""",מיליליטרים,700.00,"100 מ""ל",false,1,64.90,9.27,true,1,
7394376616778,false,אוטלי משקה שיבולת שועל להקצפה בריסטה 1 ליטר,טרנסומס פוד,SE,משקה ש.שועל להקצפה ב,מיליליטרים,1000.00,"100 מ""ל",false,1,16.90,1.69,true,1,
7500162900000,false,"בירה סול 330 מ""ל בקבוק",היינקן,NL,"בירה סול 330 מ""ל בק",מיליליטרים,330.00,"100 מ""ל",false,1,7.50,2.27,true,1,
7501013122053,false,ג'ומקס מיץ אפרסק קרטונית ליטר תריסר,חומקס קומר קומרסאליז,MX,גומקס נקטר אפרסק קרט,מיליליטרים,1000.00,"100 מ""ל",false,1,11.70,1.17,true,1,
7501013122114,false,"נקטר משקה אננס בקרטונית ג'ומקס, 1 ל'",חומקס קומר קומרסאליז,MX,גומקס משקה אננס קרטו,מיליליטרים,1000.00,"100 מ""ל",false,1,11.70,1.17,true,1,
7501013122992,false,ג'ומקס מיץ קוקוס אננס קרטונית ליטר תריסר,חומקס קומר קומרסאליז,MX,גומקס משקה קוקוס אננ,מיליליטרים,1000.00,"100 מ""ל",false,1,11.70,1.17,true,1,
7501035042131,false,"טקילה קוארבו אספסיאל גולד 700 מ""ל",,,טקילה קוארבו אספסיאל,מיליליטרים,700.00,"100 מ""ל",false,1,99.90,14.27,true,1,
7501035042308,false,"טקילה קוארבו סילבר רולינגסטון 700 מ""ל",,,טקילה קוארבו סילבר ר,מיליליטרים,700.00,"100 מ""ל",false,1,99.90,14.27,true,1,
7501049936945,false,"בירה סול שישייה בקבוק 330 מ""ל",היינקן,NL,בירה סול שישייה בקב,מיליליטרים,1980.00,"100 מ""ל",false,1,39.90,2.02,true,1,
7501064191466,false,"שישיית בירה קורונה 355 מ""ל בקבוק",,,שישיית בירה קורונה 3,מיליליטרים,2130.00,"100 מ""ל",false,1,35.90,1.69,true,1,
7509546666846,false,"קולגייט טוטאל משחת שיניים פחם 75 מ""ל",קולגייט פלמוליב,MX,קולגייט טוטאל משחת,מיליליטרים,75.00,"100 מ""ל",false,1,22.90,30.53,true,1,
7509546678702,false,קולגייט משחת שיניים טוטל אנטי טרטר 100 מ,קולגייט-פלמוליב,BR,קולגייט טוטל אנטי טר,מיליליטרים,100.00,"100 מ""ל",false,1,19.90,19.90,true,1,
7610008709008,false,בונבוניירה רגוסה חלב 400 גר,,CH,בונבוניירה רגוסה חלב,גרמים,400.00,100 גרם,false,1,66.50,16.63,true,1,
7610113013250,false,"משקה כוהלי על בסיס רום בקרדי 250 מ""ל",בקרדי מרטיני,BE,משקה כוהלי על בסיס ר,מיליליטרים,250.00,"100 מ""ל",false,1,15.90,6.36,true,1,
7610211130804,false,הרמזית 800 טבליות,,CH,הרמזית 800 טבליות,גרמים,800.00,100 גרם,false,1,29.90,3.74,true,1,
7610400014632,false,לינדט שוקולד לבן 100 גרם,לינדט Lindt,CH,לינדט שוקולד לבן 100,גרמים,100.00,100 גרם,false,1,16.90,16.90,true,1,
7610400070577,false,שוקולד מריר אקסלנס עם צ'ילי,לינדט Lindt,CH,לינדט אקסלנס צילי 1,גרמים,100.00,100 גרם,false,1,17.90,17.90,true,1,
7610400075787,false,שוקולד חלב עם אגוזי לוז שלמים,"לינדט ושפרונגלי, קיל",CH,לינדט לה גרנד חלב אג,גרמים,150.00,100 גרם,false,1,24.90,16.60,true,1,
7610400085946,false,לינדט לגרנד דארק אלמונד סולט 150 גרם,לינדט,,לינדט לגרנד דארק אלמ,גרמים,150.00,100 גרם,false,1,24.90,16.60,true,1,
7610400086202,false,שוקולד מריר לה גרנד עם אוכמניות וחמוציות,לינדט Lindt,,לינדט לה גרנד בלו אנ,גרמים,150.00,100 גרם,false,1,24.90,16.60,true,1,
7610400091060,false,שוקולד מריר לינדט אקסלנס בתוספת תפוז ושקדים,לינדט ושפרונגלי קילש,CH,לינדט שוקולד אקסלנס,גרמים,100.00,100 גרם,false,1,17.90,17.90,true,1,
7610700010778,false,סוכריות ריקולה ללא סוכר פטל חמוציות 50 ג,,,סוכריות ריקולה ללא ס,גרמים,50.00,100 גרם,false,1,13.90,27.80,true,1,
7610700012642,false,ריקולה בשקית לימון מינט 70 גרם,ריקולה,CH,סוכריות לימון ריקולה,גרמים,70.00,100 גרם,false,1,11.90,17.00,true,1,
7610700607046,false,סוכריות צמחים לימון ומנטה ללא תוספת סוכר,ריקולה Ricola,CH,סוכריות ריקולה דיאט,גרמים,50.00,100 גרם,false,1,13.90,27.80,true,1,
7610700607077,false,סוכריות צמחים תפוז ומנטה ללא תוספת סוכר,ריקולה Ricola,,סוכריות ריקולה דיאט,גרמים,50.00,100 גרם,false,1,13.90,27.80,true,1,
7613030979647,false,דגני בוקר טריקס פירות עולם היורה 480 ג',ג'נרל מילס סאן אדריא,IL,דגנים טריקס פירות עו,גרמים,480.00,100 גרם,false,1,28.90,6.02,true,1,
7613033548192,false,פיטנס - דגני בוקר שוקולד מריר 375 גרם,נסטלה צרפת איטנקורט,FR,דגני בוקר פיטנס שוקו,גרמים,375.00,100 גרם,false,1,22.90,6.11,true,1,
7613035548374,false,דגני בוקר גולדן מיניס מחיטה מלאה ותירס,נסטלה פולין דגני בוק,FR,גולדן מיניס מלחמת הכ,גרמים,570.00,100 גרם,false,1,28.90,5.07,true,1,
7613035635845,false,פיטנס גרנולה שוקולד 14*300 גרם,שוורצקוף& הנקל דיסלד,LT,פיטנס גרנולה שוקולד,גרמים,300.00,100 גרם,false,1,17.90,5.97,true,1,
7613035807778,false,פרפקטו רוטב עגבניות לבולונז 400 ג' אסם,אסם פרפקטו Perfecto,ES,פרפקטו רוטב עגבניות,גרמים,400.00,100 גרם,false,1,11.90,2.98,true,1,
7613035809109,false,פרפקטו רוטב עגבניות ובזיליקום 400 ג'אסם,אסם פרפקטו Perfecto,ES,פרפקטו רוטב עגבניות,גרמים,400.00,100 גרם,false,1,11.90,2.98,true,1,
7613035809123,false,פרפקטו רוטב עגבניות עם פלפלים 400 ג' אסם,אסם פרפקטו Perfecto,ES,פרפקטו רוטב עגבניות,גרמים,400.00,100 גרם,false,1,11.90,2.98,true,1,
7613036576734,false,קרטיב חמשושים חדש נסטלה 60 גר,פרונרי איבריה ס.ל,ES,חמשושים 60 גר,גרמים,60.00,100 גרם,false,1,10.00,16.67,true,1,
7613036976718,false,פריסקיז פאוצ' ברווז ברוטב 26*85גרם,,,פאוץ פריסקיז ברווז 8,Unknown,0.00,Unknown,false,1,5.90,5.90,true,1,
7613036976732,false,פריסקיז - פאוץ סולומון 85 גרם,נסטלה פורינה,HU,פאוץ פריסקיז סלמון 8,Unknown,1.00,Unknown,false,1,5.90,5.90,true,1,
7613037276091,false,נסטלה מיקס מיני אריזות דגני בוקר 200 גרם,נסטלה Nestle,FR,נסטלה מיקס מיני אריז,גרמים,200.00,100 גרם,false,1,24.50,12.25,true,1,
7613038268262,false,דגני בוקר צ'יריוס דבש ושקדים במתיקות מעודנת,סי. פי. צרפת,FR,האני נאט ציריוס מופח,גרמים,410.00,100 גרם,false,1,21.90,5.34,true,1,
7613287155863,false,מטרנה מחית אגס פאוץ' 90 גר',נסטלה ספרד,ES,מחית גרבר פאוץ אגס 9,גרמים,90.00,100 גרם,false,1,6.90,7.67,true,1,
7613287181411,false,מחית סלט פירות ויטמינצ'יק 110 ג',"טרופיקל דגיל בע""מ אז",IL,ויטמינציק סלט פירות,גרמים,110.00,100 גרם,false,1,5.90,5.36,true,1,
7613287182326,false,מחית בננה תפוח ויטמינצ'יק 110 ג',"נסטלה ספרד ס.א, מפעל",ES,ויטמינציק בננה תפוח,גרמים,110.00,100 גרם,false,1,5.90,5.36,true,1,
7613287302373,false,קפסולות סטארבקס איטלאן סטייל רוסט 57*10גר',סטארבקס Starbucks,CH,קפסולות סטארבקס איטל,גרמים,55.00,100 גרם,false,1,22.90,41.64,true,1,
7613287325853,false,אוסם - דיפ אנד ספרד מטבל איולי ספייסי 295 גרם,נסטלה פולין,PL,רוטב ספייסי איולי לח,גרמים,295.00,100 גרם,false,1,16.90,5.73,true,1,
7613287476678,false,דגני בוקר סינימיניס צ'ורוס נסטלה 360 ג',נסטלה אוונקה,PT,סינימיניס צורוס 360,גרמים,360.00,100 גרם,false,1,29.90,8.31,true,1,
7613287525758,false,"פרייה מים מוגזים 500 מ""ל",,,פרייה מים מוגזים 500,מיליליטרים,500.00,"100 מ""ל",false,1,4.90,0.98,true,1,
7622010001858,false,אוראו ממולאות קרם וניל באטמן 176 גרם,פי אר ג'יי אס אי מנד,UA,אוראו ממולאות קרם ונ,גרמים,176.00,100 גרם,false,1,9.90,5.63,true,1,
7622201050757,false,שוקולד מילקה טבלת חלב עם קרמל 100 ג',מילקה Milka,DE,שוקולד חלב עם קרמל מ,גרמים,100.00,100 גרם,false,1,7.90,7.90,true,1,
7622201137052,false,אוראו מיני קוקיס - עוגיות שוקולד צ'יפס ותחתית מצופה שוקולד חלב,מונדלז אספנה גלטאס פ,ES,מילקה מיני קוקיז 110,גרמים,110.00,100 גרם,false,1,8.90,8.09,true,1,
7622201401900,false,עוגיות מילקה סנסיישן אוראו 156 גרם,מונדלז פולסקה פרודקש,PL,עוגיות מילקה סנסיישן,גרמים,156.00,100 גרם,false,1,12.90,8.27,true,1,
7622201425982,false,קדבורי-שוקולד חלב מבחר קריסטמיס 89 גרם,,GB,קדבורי-שוקולד חלב מב,גרמים,89.00,100 גרם,false,1,11.90,13.37,true,1,
7622201799571,false,קדבורי-שוקולד חלב מיקס קריסטמיס 145 גר,,GB,קדבורי-שוקולד חלב מי,גרמים,145.00,100 גרם,false,1,23.90,16.48,true,1,
7622201801809,false,מילקה- שוק' חלב עם אגוזים 100 גר' חדש,מנדלז דויצ'לנד סנקס,DE,שוקולד אגוז מילקה 10,גרמים,100.00,100 גרם,false,1,7.90,7.90,true,1,
7622201802394,false,שוקולד מילקה חלב מסרונים 100 גרם,מנדלז דויצ'לנד סנקס,DE,שוקולד מילקה חלב 100,גרמים,100.00,100 גרם,false,1,7.90,7.90,true,1,
7622201813390,false,עוגיות מילקה וואפל במילוי קרם קקאו 150 ג,מונדליז סי.אר. ביסקו,PL,עוגיות מילקה וואפל ב,גרמים,150.00,100 גרם,false,1,12.90,8.60,true,1,
7622210078131,false,מילקה שוקולד חלב במילוי קרם שמנת 100 ג',מנדלז דויצ'לנד סנקס,DE,שוקולד חלב עם דאיים,גרמים,100.00,100 גרם,false,1,7.90,7.90,true,1,
7622210137234,false,עוגיות אוראו עם דאבל קרים וניל 170 גר,מונדלייז,ES,עוגיות אוראו עם דאבל,גרמים,170.00,100 גרם,false,1,10.90,6.41,true,1,
7622210163899,false,שוקולד חלב במילוי סוכריות עדשים,מונדלז דויצ'לנד סנקס,DE,שוקולד חלב עם עדשים,גרמים,100.00,100 גרם,false,1,7.90,7.90,true,1,
7622210240200,false,מילקה שוקולד חלב ועוגיות אוריאו 300 גרם,,,מילקה שוקולד חלב ועו,גרמים,300.00,100 גרם,false,1,20.80,6.93,true,1,
7622210248671,false,מילקה ש.חלב עדשים וסוכריות 250 גרם,,,מילקה ש.חלב עדשים וס,גרמים,250.00,100 גרם,false,1,20.80,8.32,true,1,
7622210369444,false,מילקה טבלה שוקולד חלב אוורירי 90 גרם,,DE,מילקה טבלה שוקולד חל,גרמים,90.00,100 גרם,false,1,7.90,8.78,true,1,
7622210369543,false,מילקה טבלה שוקולד לבן אוורירי 95 גרם,,DE,מילקה טבלה שוקולד לב,גרמים,95.00,100 גרם,false,1,7.90,8.32,true,1,
7622210453327,false,עוגיות שוקוצ'יפס במילוי שוקולד סנסיישן,מנדלז פולסקה פרודקשן,PL,מילקה סנסיישן 156 גר,גרמים,100.00,100 גרם,false,1,12.90,12.90,true,1,
7622210497383,false,קדבורי שוקולד חלב 95 גרם,,GB,קדבורי שוקולד חלב 95,גרמים,95.00,100 גרם,false,1,11.90,12.53,true,1,
7622210585592,false,מילקה כדורי שוקולד חלב 86 גרם,,DE,מילקה כדורי שוקולד ח,גרמים,86.00,100 גרם,false,1,10.90,12.67,true,1,
7622210629555,false,קדבורי טווירל חמישייה 107.5 גרם,,GB,קדבורי טווירל חמישיי,גרמים,108.00,100 גרם,false,1,11.90,11.02,true,1,
7622210637994,false,מיני עוגיות אוראו קראנצ'י בייטס אורגינל,מונדלז אספניה ג'לאטס,ES,אוראו ביס קראנצי אור,גרמים,110.00,100 גרם,false,1,8.90,8.09,true,1,
7622210638021,false,מיני עוגיות אוראו קראנצ'י בייטס מצופים,מונדלז אספניה ג'לאטס,ES,אוראו ביס קראנצי ציפ,גרמים,110.00,100 גרם,false,1,8.90,8.09,true,1,
7622210826053,false,שוקולד מילקה אוראו סנדוויץ 92 גר',גיאורי קאקסז קייאףטי,HU,שוקולד מילקה אוראו ס,גרמים,92.00,100 גרם,false,1,7.90,8.59,true,1,
7622300270506,false,מילקה גריינס - עוגיות שיבולת שועל מצופות שוקולד 168 ג',מונדלז פולסקה פרודקש,PL,עוגיות ש.שועל מצופות,גרמים,168.00,100 גרם,false,1,12.90,7.68,true,1,
7622300340292,false,גבינת שמנת 11% שומן 175 ג' פילדלפיה,מונדלז דויצ'לנד פרוד,DE,גבינת פילדלפיה 11%,גרמים,175.00,100 גרם,false,1,17.90,10.23,true,1,
7622300489434,false,"עוגיות אוראו פאדג' בציפוי שוקולד חלב, 246 גרם",מנדלז אספנה גאלטס פר,ES,אוראו פאדג שוקולד חל,גרמים,246.00,100 גרם,false,1,19.90,8.09,true,1,
7622300495046,false,שוקולד מילקה אקסטרה קקאו 100 גרם,מנדלז דויצ'לנד סנקס,DE,שוקולד מילקה אקסטרה,גרמים,100.00,100 גרם,false,1,7.90,7.90,true,1,
7622300498429,false,טבלת שוקולד ממולא תות 100ג' מילקה,מונדלייז,DE,שוקולד מילקה קרם תות,גרמים,100.00,100 גרם,false,1,7.90,7.90,true,1,
7622300509606,false,ברני עוגת ספוג במילוי קרם שוקולד 150 גרם,,PL,ברני עוגת ספוג במילו,גרמים,150.00,100 גרם,false,1,11.90,7.93,true,1,
7622300617820,false,שוקלד מילקה טבלת חלב אוראו 100ג',מנדלז דויצ'לנד סנקס,DE,שוקולד מילקה אוראו 1,גרמים,100.00,100 גרם,false,1,7.90,7.90,true,1,
7622300756383,false,ממרח גבינת עם שוקולד מילקה פילדלפיה 175 ג',מונדלייז,DE,גבינת פילדלפיה עם שו,גרמים,175.00,100 גרם,false,1,17.90,10.23,true,1,
7622400005190,false,שוקולד חלב נגיעות שוקולד לבן מילקה 100 ג,מנדלז דויצ'לנד סנקס,DE,שוקולד חלב נגיעות שו,גרמים,100.00,100 גרם,false,1,7.90,7.90,true,1,
7630477891639,false,קפסולות קפה ורונה עוצמה 10 - 10 יח',סטארבקס Starbucks,CH,סטארבקס קפסולות ורונ,גרמים,55.00,100 גרם,false,1,22.90,41.64,true,1,
7702018468447,false,סכיני גילוח בלו 2 פלוס 10 יח,,PL,סכיני גילוח בלו 2 פל,Unknown,0.00,Unknown,false,1,33.90,33.90,true,1,
7702024074625,false,פיטנס - חטיפי קרקר חיטה מלאה 234 גרם,קומסטיבלס לה רוזה אס,CO,חטיפי קרקר חיטה מלאה,גרמים,234.00,100 גרם,false,1,13.90,5.94,true,1,
7790240094442,false,"יין טרפיצה פיור מלבק 750 מ""ל",,AR,יין טרפיצה פיור מלבק,מיליליטרים,750.00,"100 מ""ל",false,1,60.90,8.12,true,1,
7790762000679,false,סנטה אנה מרלו 750 מל,,,סנטה אנה מרלו 750 מל,Unknown,0.00,Unknown,false,1,41.90,41.90,true,1,
7790762000686,false,סנטה אנה שיראז 750 מל,,,סנטה אנה שיראז 750 מ,Unknown,0.00,Unknown,false,1,41.90,41.90,true,1,
7790762050902,false,סנטה אנה אונאנימה 750 מל,,,יין סנטה אנה,Unknown,0.00,Unknown,false,1,101.90,101.90,true,1,
7792860006218,false,סוכריות לקקנים בייבי דול Baby Doll לריטר,גוד פוד פרודקטס S.p,AR,לקקן בייבי דול 24 גר,גרמים,24.00,100 גרם,false,1,2.10,8.75,true,1,
8000070012783,false,קפה לוואצה קלוי וטחון חוזק 5 אורו 250 גר,לוואצה Lavazza,IT,קפה לוואצה קלוי וטחו,גרמים,250.00,100 גרם,false,1,39.90,15.96,true,1,
8000139000942,false,פסטה גרפולו לומצינה 500 גרם,,,פסטה גרפולו לומקינה,גרמים,500.00,100 גרם,false,1,14.20,2.84,true,1,
8000139001253,false,פסטה גרפולו פוזילי לונגי 500 גרם,,,פסטה גרפולו פוזילי,גרמים,500.00,100 גרם,false,1,15.40,3.08,true,1,
8000139910142,false,פסטה גרפולו ספגטי 500 גרם,,,פסטה גרפולו ספגטי 50,גרמים,500.00,100 גרם,false,1,14.20,2.84,true,1,
8000139910159,false,פסטה גרפולו לינגוין 500 גרם,,,פסטה גרפולו לינגוין,גרמים,500.00,100 גרם,false,1,14.20,2.84,true,1,
8000139910203,false,פסטה גרפולו קוצי סארדי 500 גרם,,,פסטה גרפולו קוצי סאר,גרמים,500.00,100 גרם,false,1,14.20,2.84,true,1,
8000139910241,false,פסטה פארפאלה גרפולו 500 גרם,,,פסטה פארפאלה גרפולו,גרמים,500.00,100 גרם,false,1,14.20,2.84,true,1,
8000139910272,false,פסטה גרפולו פפרדלה נידו 500 גר,,,פסטה גרפולו פפרדלה נ,גרמים,500.00,100 גרם,false,1,15.40,3.08,true,1,
8000139910289,false,פסטה טליאטלה גרפולו 500 גר,,,פסטה גרפולו טליאטלה,גרמים,500.00,100 גרם,false,1,15.40,3.08,true,1,
8000139910357,false,פסטה לומאקוני גרפולו 500 גרם,,,פסטה לומאקוני גארופא,גרמים,500.00,100 גרם,false,1,15.40,3.08,true,1,
8000139910432,false,פסטה גרפולו פטוציה 500 גרם,,,פסטה גרפולו פטוציה 5,גרמים,500.00,100 גרם,false,1,14.20,2.84,true,1,
8000139910852,false,לזניה גרפולו 500 גרם,,,לזניה גרפולו 500 גרם,גרמים,500.00,100 גרם,false,1,18.60,3.72,true,1,
8000215204219,false,משקה אורז - אורגני 1 ליטר,בטר אנד דיפרנט,IT,משקה אורז - אורגני 1,מיליליטרים,1000.00,"100 מ""ל",false,1,15.90,1.59,true,1,
8000215204240,false,משקה שקדים ואורז - אורגני 1 ליטר,בטר אנד דיפרנט,IT,משקה שקדים ואורז - א,מיליליטרים,1000.00,"100 מ""ל",false,1,15.90,1.59,true,1,
8000215204264,false,ויטריז - משקה אורז אישי אישי 200 גר,בטר אנד דיפרנט,IT,ויטריז - משקה אורז א,מיליליטרים,200.00,"100 מ""ל",false,1,5.50,2.75,true,1,
8000215204394,false,משקה אגוזי לוז ואורז אורגני 1 ליטר,בטר אנד דיפרנט,US,משקה אגוזי לוז ואורז,מיליליטרים,1000.00,"100 מ""ל",false,1,19.90,1.99,true,1,
8000215204653,false,ויטסי - משקה סויה או,בטר אנד דיפרנט,IT,VITASI משקה סויה 1 ל,מיליליטרים,1000.00,"100 מ""ל",false,1,13.90,1.39,true,1,
8000215204677,false,משקה ש.שועל בריסטה אורגני 1 ליטר ויטריז,בטר אנד דיפרנט,IT,משקה ש.שועל בריסטה א,מיליליטרים,1000.00,"100 מ""ל",false,1,15.90,1.59,true,1,
8000380003723,false,גרנד פטיסרי עוגיות וופל אגוזים 100ג',קריניציה ויטמינה אס,IT,עוגיות גרנד פטיסרי 1,גרמים,100.00,100 גרם,false,1,13.90,13.90,true,1,
8000380004676,false,קוביות וופל סנדוויץ Sandwich עם וניל וחלב,"א. לואקר, קונפקט ג'י",AT,וופל וניל 200 גרם,גרמים,200.00,100 גרם,false,1,15.90,7.95,true,1,
8000380004881,false,וופל קוארדטיני לואקר קוביות טרמיסו 220ג',קריניציה ויטמינה אס,IT,וופל קואדרטיני טירמי,גרמים,220.00,100 גרם,false,1,15.90,7.23,true,1,
8000380004911,false,קוביות וופל קואדרטיני Quadratini קרם אגוזים,קריניציה ויטמינה אס,AT,וופל קוארדטיני אגוז,גרמים,250.00,100 גרם,false,1,15.90,6.36,true,1,
8000380004942,false,וופל לואקר קוארדטיני קוביות ווניל 250ג',ליימן מותגים,AT,קואדרטיני וניל 250 ג,גרמים,250.00,100 גרם,false,1,15.90,6.36,true,1,
8000380004966,false,וופל קוארדטיני לואקר קוביות שוקולד 250ג',קריניציה ויטמינה אס,AT,וופל קוארדטיני קקאו,גרמים,250.00,100 גרם,false,1,15.90,6.36,true,1,
8000380005598,false,מארז וופל שוקולד טורטינה Tortina שוקולד מריר,ליימן מותגים,IT,טורטינה מריר 1/6 125,גרמים,125.00,100 גרם,false,1,18.90,15.12,true,1,
8000380007219,false,וופל לואקר אגוז קלאסי 175ג',ליימן מותגים,AT,וופל לואקר אגוז 175,גרמים,175.00,100 גרם,false,1,12.90,7.37,true,1,
8000380007257,false,וופל גרנדה מצופה שוקולד 200ג',קריניציה ויטמינה אס,IT,וופל גרדנה אגוז 200,גרמים,200.00,100 גרם,false,1,15.90,7.95,true,1,
8000380007264,false,וופל לואקר קקאו 175 גרם,קריניציה ויטמינה אס,AT,וופל לואקר קקאו 175,גרמים,175.00,100 גרם,false,1,12.90,7.37,true,1,
8000380106028,false,טורטינה לואקר וופל שוקולד ואגוזים שישיה 125ג',קריניציה ויטמינה אס,IT,טורטינה אורגינל 1/6,גרמים,125.00,100 גרם,false,1,18.90,15.12,true,1,
8000380144044,false,וופל גרדנה לואקר שוקולד 200ג',"א. לואקר , AG/SpA, ו",IT,וופל גרדנה שוקולד 20,גרמים,200.00,100 גרם,false,1,15.90,7.95,true,1,
8000380148035,false,וופל אגוזי לוג שוקולד מריר גראן פטיסרי Gran Pasticceria,קריניציה ויטמינה אס,IT,עוגיות גרנד פטיסרי 1,גרמים,100.00,100 גרם,false,1,13.90,13.90,true,1,
8000380180745,false,קוביות וופל קואדרטיני קקאו במילוי קר חלב,"א. לואקר, קונפקט ג'י",AT,לואקר קוביות וופל קק,גרמים,250.00,100 גרם,false,1,15.90,6.36,true,1,
8000380192199,false,וופל לואקר דאבל שוקולד 175 גרם,ליימן מותגים,AT,וופל לואקר דאבל שוקו,גרמים,175.00,100 גרם,false,1,12.90,7.37,true,1,
8000380192588,false,קואדרטיני בטעם קקאו במילוי קרם קקאו,קריניציה ויטמינה אס,AT,וופל קואדרטיני דאבל,גרמים,250.00,100 גרם,false,1,15.90,6.36,true,1,
8000380205400,false,קוביות וופל קואדרטיני בטעם חמאת בוטנים,ליימן מותגים,AT,וופל לואקר קואדרטיני,גרמים,250.00,100 גרם,false,1,15.90,6.36,true,1,
8000380205523,false,וופל לואקר קלאסיק חמאת בוטנים 175 גר,ליימן מותגים,AT,וופל לואקר קלאסיק חמ,גרמים,175.00,100 גרם,false,1,12.90,7.37,true,1,
8000380207183,false,שוקולד לואקר טורטינה חמאת בוטנים 126 גר,ליימן מותגים,IT,שוקולד לואקר טורטינה,גרמים,126.00,100 גרם,false,1,18.90,15.00,true,1,
8000500023624,false,חטיפי הפי היפו Happy Hippo במילוי קרם חלב וקקאו,קינדר Kinder,DE,קינדר הפי היפו חמישי,גרמים,104.00,100 גרם,false,1,15.90,15.29,true,1,
8000500023976,false,בונבוניירה רפאלו 150 גרם,פררו Ferrero,PL,בונבוניירה רפאלו 150,גרמים,150.00,100 גרם,false,1,19.90,13.27,true,1,
8000500026731,false,שוקולד ביצי הפתעה קינדר שלישייה,קינדר Kinder,IT,שלישיית ביצי הפתעה ק,גרמים,60.00,100 גרם,false,1,16.90,28.17,true,1,
8000500028124,false,"קינדר ג'וי, שלישיה 3 * 20 גרם",,ZA,ביצת הפתעה קינדר גוי,גרמים,60.00,100 גרם,false,1,16.90,28.17,true,1,
8000500029350,false,מארז וופל מצופה 3יח' *43 גרם קינדר בואנו,קינדר Kinder,PL,שלישייה קינדר בואנו,גרמים,129.00,100 גרם,false,1,12.90,10.00,true,1,
8000500037874,false,בונבוניירה פררו רושה 200 גרם,פררו Ferrero,IT,בונבוניירה פררו רושה,גרמים,200.00,100 גרם,false,1,27.90,13.95,true,1,
8000500071083,false,אצבעות שוקולד קינדר Kinder שש עשרה יחידות,קינדר Kinder,IT,קינדר שוקולד מארז 20,גרמים,200.00,100 גרם,false,1,14.90,7.45,true,1,
8000500094976,false,"בונבוניירה פררו רושר רושה קונוס, 212 גרם T17X4",פררו,IT,בונבוניירה פררו רושה,גרמים,212.00,100 גרם,false,1,48.90,23.07,true,1,
8000500121436,false,מארז קינדר בואנו Kinder Bueno לבן שלוש יחידות,קינדר Kinder,PL,שלישייה קינדר בואנו,גרמים,129.00,100 גרם,false,1,12.90,10.00,true,1,
8000500160466,false,פררו רושר קובייה 75 גרם,גוד פוד פרודקטס S.p,IT,פררו רושה 75 גר,גרמים,75.00,100 גרם,false,1,16.50,22.00,true,1,
8000500227848,false,נוטלה - בי רדי אצבעות ביסקוויט במילוי שוקולד 6 יח' * 22 גרם,פררו,IT,וופל נוטלה בי רדי שי,גרמים,132.00,100 גרם,false,1,14.50,10.98,true,1,
8000500249352,false,קינדר בואנו מיני מיקס שקית 205 ג',קינדר Kinder,PL,קינדר בואנו מיני מיק,גרמים,205.00,100 גרם,false,1,20.90,10.20,true,1,
8000500267103,false,קינדר דליס שוקול' אישי מארז 10 יח' 420 גר',קינדר Kinder,IT,עוגת קינדר דליס 390,גרמים,390.00,100 גרם,false,1,21.90,5.62,true,1,
8000500269169,false,קינדר קארדס Kinder Cards - חמישייה,קינדר Kinder,IT,וופל קינדר קארדס 128,גרמים,128.00,100 גרם,false,1,14.90,11.64,true,1,
8000500294345,false,רושר איש שלג שוקולד חלב ואגוזי לוז 90 גר,,PL,רושר איש שלג שוקולד,גרמים,90.00,100 גרם,false,1,16.90,18.78,true,1,
8000500359358,false,מארז שלישיית עוגיות נוטלה באריזה אישית - NUTELLA BISCUITTS,פררו,IT,ביסקוויטים במילוי נו,גרמים,41.00,100 גרם,false,1,3.90,9.51,true,1,
8000500359488,false,טבלת שוקולד פררו רושה חלב 90 גרם,,DE,טבלת שוקולד פררו רוש,גרמים,90.00,100 גרם,false,1,18.60,20.67,true,1,
8000500359556,false,פררו רפאלו שוקולד קוקוס ושקדים 90 גרם,,DE,טבלת שוקולד רפאלו 90,גרמים,90.00,100 גרם,false,1,18.60,20.67,true,1,
8000500359884,false,שוקולד לבן ממולא קרם אגוזים 90 ג' פררו רושר,,DE,טבלת שוקולד פררו רוש,גרמים,90.00,100 גרם,false,1,18.60,20.67,true,1,
8000500360262,false,שוקולד קינדר חנוכיה.,,PL,קינדר חנוכיה 135 גרם,גרמים,135.00,100 גרם,false,1,19.90,14.74,true,1,
8000500366073,false,נוטלה עוגיות נוטלה בשקית 20 יח'- NUTELLA BISCUITTS,נוטלה Nutella,IT,ביסקוויטים במילוי נו,גרמים,276.00,100 גרם,false,1,21.90,7.93,true,1,
8000500389652,false,קינדר האפי מומנטס 161 גרם,,DE,קינדר האפי מומנטס 16,גרמים,161.00,100 גרם,false,1,29.90,18.57,true,1,
8000895003355,false,עוגיות קנטוציני שקדים 175 גרם SAPORI,,,עוגיות קנטוציני שקדי,גרמים,175.00,100 גרם,false,1,13.50,7.71,true,1,
8000895003379,false,עוגיות רכות עם שקדים 175 גרם SAPORI,,,עוגיות רכות עם שקדים,גרמים,175.00,100 גרם,false,1,18.40,10.51,true,1,
8001090458353,false,סבון כלים פעולה אנטי-בקטריאלית אקליפטוס,פיירי Fairy,,נוזל כלים אנטי בקטרי,מיליליטרים,515.00,"100 מ""ל",false,1,13.90,2.70,true,1,
8001090721129,false,קפסולות לכביסה אריאל פודש קולור 27 יח,פרוקטר אנד גמבל,FR,קפסולות לכביסה אריאל,Unknown,0.00,Unknown,false,1,36.90,36.90,true,1,
8001090832535,false,"שמפו פנטן שמן מרוקאי משקם 660 מ""ל",פרוקטר אנד גמבל,RO,שמפו פנטן שמן מרוקאי,מיליליטרים,660.00,"100 מ""ל",false,1,23.90,3.62,true,1,
8001090833136,false,אריאל ג'ל כביסה בייבי 2.255 ליטר,אריאל Ariel,FR,גל כביסה אריאל בייבי,ליטרים,0.00,ליטר,false,1,36.90,36.90,true,1,
8001090833228,false,אריאל ג'ל כביסה קולור 2.365 ליטר,אריאל Ariel,FR,גל כביסה אריאל קולור,ליטרים,0.00,ליטר,false,1,36.90,36.90,true,1,
8001100051055,false,עוגת פנטונה עם צימוקים בציפוי אגוזי 750ג,,,עוגת פנטונה עם צימוק,גרמים,750.00,100 גרם,false,1,49.90,6.65,true,1,
8001100058979,false,עוגת פנטונה בציפוי סוכר 750 גרם,,IT,עוגת פנדורו בחושה קל,גרמים,750.00,100 גרם,false,1,54.90,7.32,true,1,
8001100062518,false,פנטונה 750 גרם PANDORO פח,,,פנטונה 750 גרם PANDO,גרמים,750.00,100 גרם,false,1,74.90,9.99,true,1,
8001100063690,false,פנדורו במילוי קרם טירמיסו 800 גר Balocco,,IT,פנדורו במילוי קרם טי,גרמים,800.00,100 גרם,false,1,54.90,6.86,true,1,
8001100064802,false,עוגת סאן סירו 500 גרם,,IT,עוגת סאן סירו 500 גר,גרמים,500.00,100 גרם,false,1,29.90,5.98,true,1,
8001100067667,false,עוגת פנדורו בון נאטלה 700 גרם,,IT,עוגת פנדורו בון נאטל,גרמים,700.00,100 גרם,false,1,43.90,6.27,true,1,
8001160000888,false,"גטורייד משקה ספורט תפוז 500 מ""ל",ALOE VERA HEAVEN SRL,IT,גטורייד ספורט תפוז 5,מיליליטרים,500.00,"100 מ""ל",false,1,12.90,2.58,true,1,
8001160001786,false,"משקה אנרגיה גטורייד ספורט כחול 500מ""ל",סאן בנדטו אס פי איי,IT,גטורייד ספורט כחול 5,מיליליטרים,500.00,"100 מ""ל",false,1,12.90,2.58,true,1,
8001200023808,false,פסטה אליציה צבעוני 500 גר Agnesi,,,פסטה אליציה צבעוני 5,גרמים,500.00,100 גרם,false,1,8.80,1.76,true,1,
8001200038994,false,פסטה ספגטי חיטה מלאה 500 גר Agnesi,,,פסטה ספגטי חיטה מלאה,גרמים,500.00,100 גרם,false,1,14.20,2.84,true,1,
8001200039014,false,פסטה פנה חיטה מלאה 500 גר Agnesi,,,פסטה פנה חיטה מלאה 5,גרמים,500.00,100 גרם,false,1,14.20,2.84,true,1,
8001200045039,false,פסטה ספגטי מס.3 500 גר Agnesi,,IT,פסטה ספגטי מס.3 500,גרמים,500.00,100 גרם,false,1,8.80,1.76,true,1,
8001200045190,false,פסטה אליציה מס.56 500 גר Agnesi,,,פסטה אליציה מס.56 50,גרמים,500.00,100 גרם,false,1,8.80,1.76,true,1,
8001200045299,false,פסטה פנה ריגטה 500 גר Agnesi,,IT,פסטה פנה ריגטה 500 ג,גרמים,500.00,100 גרם,false,1,8.80,1.76,true,1,
8001200045350,false,פסטה ניוקי 500 גר Agnesi,,IT,פסטה ניוקי 500 גר Ag,גרמים,500.00,100 גרם,false,1,8.80,1.76,true,1,
8001200045374,false,פסטה צילנטני מסולסל 500 גר Agnesi,,,פסטה צילנטני מסולסל,גרמים,500.00,100 גרם,false,1,8.80,1.76,true,1,
8001200045473,false,פסטה ריגטוני 500 גר Agnesi,,,פסטה ריגטוני 500 גר,גרמים,500.00,100 גרם,false,1,8.80,1.76,true,1,
8001200045831,false,פסטה פארפלה מס.61 500 גר Agnesi,,IT,פסטה פארפלה מס.61 50,גרמים,500.00,100 גרם,false,1,8.80,1.76,true,1,
8001200045916,false,פסטה טליאטלה ביצים 250 גר Agnesi,,,פסטה טליאטלה ביצים 2,גרמים,250.00,100 גרם,false,1,14.20,5.68,true,1,
8001200045978,false,פסטה פפרדלה ביצים 250 גר Agnesi,,,פסטה פפרדלה ביצים 25,גרמים,250.00,100 גרם,false,1,14.20,5.68,true,1,
8001291057515,false,ברון קיאנטי דל ברון ריקאסולי 750 מל,,,ברון קיאנטי דל ברון,Unknown,0.00,Unknown,false,1,52.90,52.90,true,1,
8001387077106,false,קונטיזקה קאנטלופי פרימיטיבו סאלנטו 750 מ,,IT,קונטיזקה קאנטלופי פר,מיליליטרים,750.00,"100 מ""ל",false,1,60.90,8.12,true,1,
8001387287109,false,קונטיזקה קוואטרו קונטי פרימיטיבו 750 מל,,IT,קונטיזקה קוואטרו קונ,מיליליטרים,750.00,"100 מ""ל",false,1,45.90,6.12,true,1,
8001620011935,false,מים מינרלים מוגזים שישייה בקבוק אישי,אקווה מינרלה סאן בנד,IT,שישיית סאן בנדטו מוג,מיליליטרים,1500.00,"100 מ""ל",false,1,14.90,0.99,true,1,
8001620015636,false,"משקה פירות פרוטה-מיקס פירות 400 מ""ל סאן בנדטו",אקווה מינרלה סאן בנד,IT,סן בנדטו מיקס פירות,מיליליטרים,400.00,"100 מ""ל",false,1,7.90,1.98,true,1,
8001620018408,false,"משקה פירות בטעם מנגו תפוח 400 מ""ל פרוטה",אקווה מינרלה סאן בנד,IT,סן בנדטו מנגו תפוח 4,מיליליטרים,400.00,"100 מ""ל",false,1,7.90,1.98,true,1,
8001620019160,false,"סן בנדטו אפרסק 400 מ""ל 12 יח'",אקווה מינרלה סאן בנד,IT,סאן בנדטו אפרסק 400,מיליליטרים,400.00,"100 מ""ל",false,1,5.50,1.38,true,1,
8001620019177,false,"סן בנדטו ענבים 400 מ""ל 12 יח'",אקווה מינרלה סאן בנד,IT,סאן בנדטו ענבים 400,מיליליטרים,400.00,"100 מ""ל",false,1,5.50,1.38,true,1,
8001841625188,false,סבון כלים פלטינום לימון X3 פעולות להסרת שומנים,פרוקטר אנד גמבל,GB,נוזל כלים פיירי פלטי,מיליליטרים,515.00,"100 מ""ל",false,1,13.90,2.70,true,1,
8001841625461,false,סבון כלים פלטינום X3 פעולות להסרת שומנים,פרוקטר אנד גמבל,GB,נוזל כלים פיירי פלטי,מיליליטרים,515.00,"100 מ""ל",false,1,13.90,2.70,true,1,
8001841669465,false,אריאל קפסולות לכביסה ג'ל 24 יח' בניחוח לנור,פרוקטר אנד גמבל,FR,קפסולות לכביסה אריאל,Unknown,0.00,Unknown,false,1,36.90,36.90,true,1,
8001841958460,false,פיירי טבליות למדיח אורגינל הכל באחד - מארז 48 יח',פרוקטר אנד גמבל,BE,טבליות למדיח פיירי 4,יחידה,1.00,יחידה,false,1,43.90,43.90,true,1,
8002066001412,false,אטריות ביצים טליאוליני ללא גלוטן 250גר,,IT,אטריות ביצים טליאולי,גרמים,250.00,100 גרם,false,1,18.90,7.56,true,1,
8002200145682,false,קפה קימבו אינטנסו קפסולות 10 יח,,,קפה קימבו אינטנסו קפ,Unknown,0.00,Unknown,false,1,19.80,19.80,true,1,
8002230000012,false,מארז משקה קוקטייל אפ,אלכוהול (איי.בי.בי),,אפרול 1 ליטר,מיליליטרים,1000.00,"100 מ""ל",false,1,89.90,8.99,true,1,
8002270015649,false,משקה סאן פלגרינו 250 מל,סן פלגרינו ס.פ.א לוק,IT,משקה סאן פלגרינו 1/2,מיליליטרים,250.00,"100 מ""ל",false,1,8.20,3.28,true,1,
8002270015656,false,סאן פלגרינו מים מוגז,סן פלגרינו ס.פ.א לוק,IT,סאן פלגרינו 750 מל,מיליליטרים,750.00,"100 מ""ל",false,1,11.90,1.59,true,1,
8002270216800,false,סאן פלגרינו בטעם לימון 500 מ,,,סאן פלגרינו בטעם לימ,מיליליטרים,500.00,"100 מ""ל",false,1,6.90,1.38,true,1,
8002270436581,false,"שישיית מים סאן פלגרינו פלסט 500 מ""ל",סן פלגרינו,,שישיית מים סאן פלגרי,מיליליטרים,3000.00,"100 מ""ל",false,1,27.90,0.93,true,1,
8002305008370,false,"רוקה דלה מאציה מנדוס פרימיטיבו 750 מ""ל",,,רוקה דלה מאציה מנדוס,Unknown,0.00,Unknown,false,1,83.90,83.90,true,1,
8002590017514,false,קרקר רוזמרין ושמן זית 250 גרם COLUSSI,,,קרקר רוזמרין ושמן זי,גרמים,250.00,100 גרם,false,1,8.90,3.56,true,1,
8002590055417,false,עוגיות קנטוציני שוקולד 175 גרם SAPORI,,,עוגיות קנטוציני שוקו,גרמים,175.00,100 גרם,false,1,13.50,7.71,true,1,
8003007800842,false,פסטה קונצינטלי 4 טעמים 500 גרם,,IT,פסטה קונצינטלי 4 טע,גרמים,500.00,100 גרם,false,1,17.90,3.58,true,1,
8003410212638,false,תערובת פולי קפה אינטרמצו עוצמה 12 500 ג,,IT,תערובת פולי קפה אינט,גרמים,500.00,100 גרם,false,1,68.50,13.70,true,1,
8003410249306,false,שרוול תערובת קפה קלאסיקו עוצמה 10,,IT,שרוול תערובת קפה סגפ,גרמים,10.00,100 גרם,false,1,21.90,219.00,true,1,
8003490044815,false,רוברטו-ברוסקטה רוזמרין 100 גר,,,רוברטו-ברוסקטה רוזמר,גרמים,100.00,100 גרם,false,1,12.90,12.90,true,1,
8003490044839,false,רוברטו-ברוסקטה עגבניות בזיליקום 100 גר,,,רוברטו-ברוסקטה עגבני,גרמים,100.00,100 גרם,false,1,12.90,12.90,true,1,
8004030022010,false,ירקות גינה עם טונה ריו מרה אינסלטיסימי 160 ג',"בולטון אלימנטרי בע""מ",IT,ריו מרה אינסלטיסימי,גרמים,160.00,100 גרם,false,1,17.90,11.19,true,1,
8004030026018,false,"מקסיקני עם טונה ריו מרה אינסלטיסימי, 160 ג'","בולטון אלימנטרי בע""מ",IT,ריו מרה אינסלטיסימי,גרמים,160.00,100 גרם,false,1,17.90,11.19,true,1,
8004030044005,false,נתחי טונה בשמן זית ריו מרה 160 ג',"בולטון אלימנטרי בע""מ",IT,טונה בשמן זית ריו מר,גרמים,160.00,100 גרם,false,1,18.70,11.69,true,1,
8004030102033,false,טונה בשמן זית עם מיץ לימון ופלפל שחור - מארז 3 יח',בולטון אלימנטרי,IT,טונה ריו מרה בשמן עם,גרמים,240.00,100 גרם,false,1,28.90,12.04,true,1,
8004030344938,false,טונה בשמן זית ריו מרה שלישיה * 80 ג',"בולטון אלימנטרי בע""מ",IT,שלישיית טונה ריו מרה,גרמים,240.00,100 גרם,false,1,28.90,12.04,true,1,
8004030845046,false,טונה עם ירקות בתוספת עם אורז ריו מרה אינסלטיסימי 160 ג',בולטון אלימנטרי,IT,ריו מרה אינסלטיסימי,גרמים,160.00,100 גרם,false,1,17.90,11.19,true,1,
8004275058775,false,שמן זית כתית מעולה 500 מל CIRIO,,,שמן זית כתית מעולה 5,מיליליטרים,500.00,"100 מ""ל",false,1,28.20,5.64,true,1,
8004275059543,false,"חומץ בלסמי ממודנה גלייז 250 מ""ל CIRIO",,,חומץ בלסמי ממודנה,מיליליטרים,250.00,"100 מ""ל",false,1,21.90,8.76,true,1,
8004690278246,false,"קמח דורום איטלקי לפיצה 1 ק""ג",,IT,קמח דורום איטלקי לפי,גרמים,1000.00,100 גרם,false,1,10.90,1.09,true,1,
8004800004826,false,לאגו פלאסיר - וופלים במילוי קרם קוקוס שוקולד מריר - 98ג,לאגו,IT,וופלים לאגו פלאסיר ק,גרמים,98.00,100 גרם,false,1,12.90,13.16,true,1,
8005110002243,false,רכז עגבניות Doppio Concentr בשפופרת 185 ג' MUTTI,"איי, בי, אינבוו",IT,רכז עגבניות DOPPIO ב,גרמים,185.00,100 גרם,false,1,8.90,4.81,true,1,
8005110060106,false,מארז זוג עגבניות מקולפות 400*2 גרם MUTTI,"איי, בי, אינבוו",IT,מארז זוג עגבניות מקו,גרמים,800.00,100 גרם,false,1,15.90,1.99,true,1,
8005110170300,false,עגבניות מרוסקות חתוכות מוטי MUTTI שלישיה *400,מוטי Mutti,IT,POLPA עגבניות חתוכות,גרמים,400.00,100 גרם,false,1,19.90,4.98,true,1,
8005110171215,false,עגבניות חתוכות 690 POLPAPEZZI ג' (כחול) MUTTI,"איי, בי, אינבוו",IT,POLPAPEZZI עגבניות ח,גרמים,500.00,100 גרם,false,1,16.90,3.38,true,1,
8005110191015,false,רסק עגבניות ובזיליקום 700 ג' (ירוק) MUTTI,"איי, בי, אינבוו",IT,רסק עגבניות ובזיליקו,גרמים,500.00,100 גרם,false,1,14.90,2.98,true,1,
8005110200014,false,רסק עגבניות בתוספת מלח,"איי, בי, אינבוו",IT,רכז עגבניות 210 גרם,מיליליטרים,212.00,"100 מ""ל",false,1,8.90,4.20,true,1,
8005110550508,false,עגבניות שרי 400 גרם MUTTI,mutti s.p.a,IT,עגבניות שרי 400 גרם,מיליליטרים,400.00,"100 מ""ל",false,1,9.90,2.48,true,1,
8005110551253,false,רוטב עגבניות לפיצה MUTTI,"איי, בי, אינבוו",IT,רוטב פיצה 400 גרם,גרמים,400.00,100 גרם,false,1,9.90,2.48,true,1,
8005390002667,false,יין פרוסקו ברוט 750 מל,,,יין פרוסקו ברוט 750,Unknown,0.00,Unknown,false,1,60.90,60.90,true,1,
8005390046579,false,"סרטורי, פינו גריגיו רוזה, לאב סטורי 750מ",,,סרטורי פינו גריגיו,Unknown,0.00,Unknown,false,1,52.90,52.90,true,1,
8005390095317,false,יין סרטורי קוסטוזה 750 מל,,,יין סרטורי קוסטוזה 7,Unknown,0.00,Unknown,false,1,52.90,52.90,true,1,
8005390936153,false,"סרטורי פינו גריגיו ארכולה 750 מ""ל",,,סרטורי פינו גריגיו,Unknown,0.00,Unknown,false,1,52.90,52.90,true,1,
8005829120962,false,"ליקר בוטגה פטל 500 מ""ל",,,ליקר בוטגה פטל 500 מ,מיליליטרים,500.00,"100 מ""ל",false,1,88.90,17.78,true,1,
8005829230333,false,בוטגה פרוסקו גולד 750 מל,,,בוטגה פרוסקו גולד 75,Unknown,0.00,Unknown,false,1,130.90,130.90,true,1,
8006227000405,false,סמנצאטו-לחם פרוס חיטה מלאה 400 גרם,,IT,סמנצאטו-לחם פרוס חיט,גרמים,400.00,100 גרם,false,1,15.90,3.98,true,1,
8006227001372,false,סמנצאטו לחם לבן שמן זית ללא קשה 400 גר,רו. מאר ס.ר.ל,IT,סמנצאטו לחם לבן שמן,גרמים,400.00,100 גרם,false,1,19.90,4.98,true,1,
8006227001389,false,סמנצאטו לחם מלא שמן זית ללא קשה 400 גר,רו. מאר ס.ר.ל,IT,סמנצאטו לחם מלא שמן,גרמים,400.00,100 גרם,false,1,19.90,4.98,true,1,
8006540352960,false,טמפונים טמפקס פרל רג,פרוקטר אנד גמבל,HK,טמפקס פרל רגולר 20 י,Unknown,0.00,Unknown,false,1,27.90,27.90,true,1,
8006540353004,false,טמפונים טמפקס פרל סו,פרוקטר אנד גמבל,HK,טמפקס פרל סופר 18 יח,Unknown,0.00,Unknown,false,1,24.90,24.90,true,1,
8006540425930,false,אריאל קפסולות לכביסה ג'ל 24 יח' לכתמים קשים,פרוקטר אנד גמבל,FR,קפסולות לכביסה אריאל,Unknown,0.00,Unknown,false,1,36.90,36.90,true,1,
8006540429327,false,פיירי מקס פאוור לימון עם מנגנון למניעת נזילות,פיירי Fairy,CZ,פיירי סבון כלים לימו,יחידה,1.00,יחידה,false,1,10.90,10.90,true,1,
8006663001042,false,גראנה פאדנה 200 ג' VIRGILIO,,IT,גרנה פדנו איטלקי,גרמים,200.00,100 גרם,false,1,28.20,14.10,true,1,
8006663001073,false,פרמזנו רגאנו איטלקי 200 גרם,,IT,פרמזנו רגאנו איטלקי,גרמים,200.00,100 גרם,false,1,35.90,17.95,true,1,
8007537005937,false,פרימיום ציפס פלפל שחור ומלח ים 300 גרם,,IT,פרימיום ציפס פלפל שח,גרמים,300.00,100 גרם,false,1,29.90,9.97,true,1,
8008660210038,false,מעדן ריבה מנץ אנד גאססר תות שדה 300 גר,קריניציה ויטמינה אס,IT,מעדן ריבה מנץ אנד גא,גרמים,300.00,100 גרם,false,1,18.90,6.30,true,1,
8008698002599,false,לחם הבית פרוס ללא גל,דר שר,DE,SCHAR לחם הבית 240 ג,גרמים,240.00,100 גרם,false,1,24.00,10.00,true,1,
8008698004548,false,שר ביסקוויט בציפוי קרם שוקולד חלב ללא גלוטן 150 גר',שר Schar,IT,ביסקוויטים בציפוי קר,גרמים,150.00,100 גרם,false,1,20.90,13.93,true,1,
8008698005347,false,ביסקוטי עם שוקולד מריר ללא גלוטן,שר Schar,IT,ביסקוטי שוקולד שר 15,גרמים,150.00,100 גרם,false,1,15.90,10.60,true,1,
8008698008157,false,שר עוגיות שוקולד במילוי קרם שמנת ללא גלוטן 100 גר',דר שר ס.ר.ל פוסטל,IT,עוגיות דבל וניל 100,גרמים,100.00,100 גרם,false,1,13.90,13.90,true,1,
8008698024065,false,לחם ללא גלוטן פאן בלנקו 250 גר,schar,IT,לחם ללא גלוטן פאן בל,גרמים,250.00,100 גרם,false,1,20.80,8.32,true,1,
8008698024140,false,לחם ללא גלוטן פאן מולטי גראנו 250 גר,schar,DE,לחם ללא גלוטן פאן מו,גרמים,250.00,100 גרם,false,1,20.80,8.32,true,1,
8008698024188,false,לחם ללא גלוטן פאן רוסטיקו 250 גר,,DE,לחם ללא גלוטן פאן רו,גרמים,250.00,100 גרם,false,1,20.80,8.32,true,1,
8008698031056,false,"חטיף קרוויס טבעי לל""ג 170 גרם",,FR,"חטיף קרוויס טבעי לל""",גרמים,170.00,100 גרם,false,1,20.90,12.29,true,1,
8008825005363,false,עגבניות מרוסקות 3*400 גר Rodolfi,,,עגבניות מרוסקות 3*4,קילוגרמים,0.00,"ק""ג",false,1,18.80,18.80,true,1,
8008920590078,false,למברוסקו ספומנטה לבן 750 מל CORONA,,,למברוסקו ספומנטה לבן,Unknown,0.00,Unknown,false,1,33.90,33.90,true,1,
8008920590085,false,למברוסקו ספומנטה אדום 750 מל CORONA,,,למברוסקו ספומנטה רוז,Unknown,0.00,Unknown,false,1,33.90,33.90,true,1,
8009915008950,false,מיני גריסיני ללא גלוטן עם רוזמרין 250 ג' (8),מולינו דה פירו,IT,מיני גריסיני ל.גלוטן,גרמים,250.00,100 גרם,false,1,18.90,7.56,true,1,
8014601028747,false,קמח 00 איטלקי כחול 1 קג CAPUTO,,,"קמח ""00"" איטלקי כחול",גרמים,1000.00,100 גרם,false,1,14.90,1.49,true,1,
8015997000133,false,מאריני-קנטוצ'יני עוגיות עם שקדים 200 גר',,IT,מאריני-קנטוציני עוגי,גרמים,200.00,100 גרם,false,1,16.90,8.45,true,1,
8019428007005,false,משקה סויה אורגני 1 ליטר,the bridge,IT,משקה סויה אורגני 1 ל,מיליליטרים,1000.00,"100 מ""ל",false,1,12.90,1.29,true,1,
8022734000103,false,"חומץ בלסמי ממודנה 250 מ""ל ORO",,,חומץ בלסמי ממודנה 25,מיליליטרים,250.00,"100 מ""ל",false,1,111.50,44.60,true,1,
8024985002783,false,סמוזי נטורה נובה גזר ודלעת 100 גרם,נטורה נובה Natura Nuova,,סמוזי נטורה נובה גזר,גרמים,100.00,100 גרם,false,1,6.50,6.50,true,1,
8024985002912,false,סמוזי אגס בטטה 100 גר נטורה נובה,נטורה נובה,IT,סמוזי אגס בטטה 100 ג,גרמים,100.00,100 גרם,false,1,6.50,6.50,true,1,
8024985004299,false,סמוזי מעורב תפוח/פירות רביעיה 400 גר,,,סמוזי מעורב תפוח/פיר,גרמים,400.00,100 גרם,false,1,24.50,6.13,true,1,
8026985075910,false,"מיץ תפוחים אורגני 750 מ""ל",,,מיץ תפוחים אורגני 75,מיליליטרים,750.00,"100 מ""ל",false,1,20.90,2.79,true,1,
8030316001011,false,מונטאלבאנו פינו גריגיו 750 מל אורגני,,,מונטאלבאנו פינו,מיליליטרים,750.00,"100 מ""ל",false,1,70.90,9.45,true,1,
8032793344520,false,תרכיז עגבניות רסק עגבניות מרוכז מאוד,קונסוריזיו דל פרומוד,IT,תרכיז עגבניות מרוכז,גרמים,200.00,100 גרם,false,1,8.50,4.25,true,1,
8033020445973,false,"PIVETTI קמח 00 לכל מטרה 1 ק""ג",פיווטי Pivetti,IT,PIVETTI קמח 00 לכל מ,גרמים,1000.00,100 גרם,false,1,8.30,0.83,true,1,
8033020446000,false,"קמח איטלקי לפיצה ופוקצה 1 ק""ג 00 PIVETTI",פיווטי Pivetti,IT,PIVETTI קמח איטלקי ל,גרמים,1000.00,100 גרם,false,1,10.90,1.09,true,1,
8033993042353,false,אבקת כמהין 65 גרם,,,אבקת כמהין 65 גרם,גרמים,65.00,100 גרם,false,1,47.90,73.69,true,1,
8034023208503,false,TERREעגבניות מיובשות בשמן חמניות 280 גר,,,TERREעגבניות מיובשות,גרמים,280.00,100 גרם,false,1,18.60,6.64,true,1,
8034023209104,false,רבעי ארטישוק 280 גרם TERRE,,,רבעי ארטישוק 280 גרם,גרמים,280.00,100 גרם,false,1,20.90,7.46,true,1,
8034023209166,false,ארטישוק שלם 530 גר TERRE,,,ארטישוק שלם 530 גר T,גרמים,530.00,100 גרם,false,1,30.50,5.75,true,1,
8076800195019,false,ברילה - צ.א ספגטי מס1 קפליני 500 גרם,ברילה גי.אי.אר פרטלי,IT,ספגטי מס 1 קפליני 5,גרמים,500.00,100 גרם,false,1,7.90,1.58,true,1,
8076800195033,false,ברילה - צ.א ספגטיני מס3 חדש 500 גרם,ברילה גי.אי.אר פרטלי,IT,ספגטי ברילה מס 3 ברי,גרמים,500.00,100 גרם,false,1,7.90,1.58,true,1,
8076800195132,false,ברילה - צ.א בבטה מס13 500 גרם,ברילה גי.אי.אר פרטלי,IT,פסטה ברילה מס 13,גרמים,500.00,100 גרם,false,1,7.90,1.58,true,1,
8076800315097,false,ברילה - צ.א בוקטיני מס9 500 גרם,ברילה גי.אי.אר פרטלי,IT,ספגטי ברילה בוקטיני,גרמים,500.00,100 גרם,false,1,7.90,1.58,true,1,
8076802085738,false,ברילה - צ.ק פנה רגטה חדש 500 גרם,ברילה גי.אי.אר פרטלי,IT,פסטה ברילה פנה רגטה,גרמים,500.00,100 גרם,false,1,7.90,1.58,true,1,
8076808050440,false,ברילה פסטה מקרוני מס 44 500 גר,ברילה Barilla,IT,פסטה ברילה מקרוני,גרמים,500.00,100 גרם,false,1,7.90,1.58,true,1,
8076808060654,false,ברילה - צ.ק פרפלה חדש 500 גרם,ברילה גי.אי.אר פרטלי,IT,ברילה פרפלה מס 65,גרמים,500.00,100 גרם,false,1,7.90,1.58,true,1,
8076808150072,false,ברילה - צ.א ספגטוני מס7 חדש 500 גרם,ברילה גי.אי.אר פרטלי,IT,ספגטי ברילה מס 7 ברי,גרמים,500.00,100 גרם,false,1,7.90,1.58,true,1,
8076809512268,false,ברילה - צ.ק גירנדולה חדש 500 גרם,ברילה גי.אי.אר פרטלי,IT,ברילה גירנדולה מס 34,גרמים,500.00,100 גרם,false,1,7.90,1.58,true,1,
8076809513654,false,בסיס רוטב עגבניות לבולונז 400 גרם ברילה,ברילה גי.אי.אר פרטלי,IT,בסיס רוטב עגבניות לב,גרמים,400.00,100 גרם,false,1,16.90,4.23,true,1,
8076809513692,false,רוטב עגבניות נפולטנה בתוספת ירקות,ברילה גי.אי.אר פרטלי,IT,רוטב נפוליטנה 400 גר,גרמים,400.00,100 גרם,false,1,16.90,4.23,true,1,
8076809513739,false,רוטב פסטה ברילה בזיליקום 400 ג',ברילה גי.אי.אר פרטלי,IT,רוטב בזיליקום 400 גר,גרמים,400.00,100 גרם,false,1,16.90,4.23,true,1,
8076809529419,false,ספגטי מחיטה מלאה מס' 5 500 ג' ברילה,ברילה גי. אי. אר פרט,IT,ספגטי חיטה מלאה 500,גרמים,500.00,100 גרם,false,1,15.50,3.10,true,1,
8076809545457,false,ברילה אטריות ללא גלוטן 400 ג' צינורות 400 ג',"ש. שסטוביץ בע""מ",IT,ברילה פסטה ללא גלוטן,גרמים,400.00,100 גרם,false,1,15.90,3.98,true,1,
8410013991042,false,יין קאווה באך יבש 750 מל,,,יין קאווה באך יבש 75,Unknown,0.00,Unknown,false,1,44.90,44.90,true,1,
8410076610492,false,סוויט אנד סולטי שוקולד מריר בציפוי חמאת בוטנים,יבואן ומשווק: ש. שסט,ES,חטיף צואי נייטשר ווא,גרמים,150.00,100 גרם,false,1,19.90,13.27,true,1,
8410076610508,false,"נייטשר וואלי צ'ואי שוקולד מריר בוטנים ושקדים, חמישיה 5 * 30 גרם",נייצ'ר ואלי Nature Valley,ES,חטיף צואי נייטשר ווא,גרמים,150.00,100 גרם,false,1,19.90,13.27,true,1,
8410076621009,false,עוגות אישיות בטעם קרמל עם חתיכות בטעם קרמל מלוח,"גלאטס סירו בע""מ",ES,חטיף פייבר 1 בטעם קר,גרמים,120.00,100 גרם,false,1,17.90,14.92,true,1,
8410076621047,false,עוגות אישיות בטעם שוקולד עם חתיכות בטעם שוקולד,"גלאטס סירו בע""מ",ES,חטיף פייבר 1 בטעם שו,גרמים,120.00,100 גרם,false,1,17.90,14.92,true,1,
8410376009392,false,גולון- ביסקוויטחיטה מלאה ללא סוכר 170 גר'1/16,גאלטס גלון סא,ES,ביסקוויט חיטה מלאה,גרמים,170.00,100 גרם,false,1,10.90,6.41,true,1,
8410376014051,false,גולון-קרקר פיק מיניס 350 גר,,,קרקר פיק מיניס 350 ג,גרמים,350.00,100 גרם,false,1,16.90,4.83,true,1,
8410376036862,false,גולון ביסקוויט סנדוויץ וניל 500 גר,,ES,גולון ביסקוויט סנדוו,גרמים,500.00,100 גרם,false,1,11.00,2.20,true,1,
8410376037319,false,קרקר פיק מלח גולון 300 גר,,ES,קרקר פיק מלח גולון 3,גרמים,300.00,100 גרם,false,1,10.90,3.63,true,1,
8410376052633,false,גולון-עוגיות שוקוצ'יפס ללא תוספת סוכר 150 ג 1/12,,ES,גולון-עוגיות שוקוציפ,גרמים,150.00,100 גרם,false,1,12.90,8.60,true,1,
8410376057270,false,גולון-ביסקוויט ללא סוכר עם ש.מריר 150 גר' 1/12,,ES,"גולון-ביסקוויט ללת""ס",גרמים,150.00,100 גרם,false,1,18.90,12.60,true,1,
8410406611007,false,מרקס דה קסרס רוזה ריוחה 750 מל,,,מרקס דה קסרס רוזה רי,Unknown,0.00,Unknown,false,1,64.90,64.90,true,1,
8410525116681,false,פיני גומי צפרדעים 90 גרם,,ES,פיני גומי צפרדעים 90,Unknown,1.00,Unknown,false,1,7.50,7.50,true,1,
8410525116704,false,פיני גומי נשיקות 90 גרם,,ES,פיני גומי נשיקות 90,Unknown,1.00,Unknown,false,1,7.50,7.50,true,1,
8410525116711,false,פיני גומי נחשים חמוץ 90 גרם,,ES,פיני גומי נחשים חמוץ,גרמים,90.00,100 גרם,false,1,7.50,8.33,true,1,
8410525116728,false,פיני גומי דובונים 90 גרם,,ES,פיני גומי דובונים 90,Unknown,0.00,Unknown,false,1,7.50,7.50,true,1,
8410525116834,false,פיני גומי כרישים 90 גרם,,ES,פיני גומי כרישים 90,Unknown,1.00,Unknown,false,1,7.50,7.50,true,1,
8410525121500,false,פיני שטיחים מסוכרים 90 גרם,,ES,פיני שטיחים מסוכרים,Unknown,1.00,Unknown,false,1,7.50,7.50,true,1,
8410525143397,false,פיני מסטיק פירות 90 גרם,,ES,פיני מסטיק פירות 90,Unknown,0.00,Unknown,false,1,7.50,7.50,true,1,
8410525144264,false,פיני מיני טיובס 90 גרם,,ES,פיני מיני טיובס 90 ג,גרמים,90.00,100 גרם,false,1,7.50,8.33,true,1,
8410525150364,false,פיני גלאקסי מיקס מסוכר 90 גרם,,ES,פיני גלאקסי מיקס מסו,גרמים,90.00,100 גרם,false,1,7.50,8.33,true,1,
8410525152412,false,פיני גומי חמוץ במילוי מתוק 90 גרם,,ES,פיני גומי חמוץ במילו,Unknown,1.00,Unknown,false,1,7.50,7.50,true,1,
8410525160554,false,פיני צורות שונות מיקס 90 גרם,,ES,פיני צורות שונות מיק,גרמים,90.00,100 גרם,false,1,7.50,8.33,true,1,
8410525179839,false,פיני טוויסט טופ 90 גרם,,ES,פיני טוויסט טופ 90 ג,Unknown,0.00,Unknown,false,1,7.50,7.50,true,1,
8410525179914,false,פיני גומי ביצת עין 90 גרם,,ES,פיני גומי ביצת עין 9,Unknown,0.00,Unknown,false,1,7.50,7.50,true,1,
8410525180194,false,פיני מיקס גומי ממולא 90 גרם,,ES,פיני מיקס גומי ממולא,Unknown,1.00,Unknown,false,1,7.50,7.50,true,1,
8410525180651,false,פיני בריקס גומי חמוץ מסוכר 90 גרם,,ES,פיני בריקס גומי חמוץ,Unknown,0.00,Unknown,false,1,7.50,7.50,true,1,
8410525182846,false,פיני בריקס גומי במילוי מתוק 90 גרם,,ES,פיני בריקס גומי במיל,Unknown,1.00,Unknown,false,1,7.50,7.50,true,1,
8410525206160,false,פיני שטיחים חמוצים בטעם פירות 90 גרם,,ES,פיני שטיחים חמוצים ב,Unknown,1.00,Unknown,false,1,7.50,7.50,true,1,
8410525211096,false,פיני גומי ריינבואו במילוי מתוק 90 גרם,,ES,פיני גומי ריינבואו ב,Unknown,0.00,Unknown,false,1,7.50,7.50,true,1,
8410525228353,false,פיני פיזי קארייב שטיחים צבעוניים 75 גרם,,ES,פיני פיזי קארייב שטי,גרמים,75.00,100 גרם,false,1,7.50,10.00,true,1,
8410525228360,false,פיני ליקריץ אדום 80 גרם,,ES,פיני ליקריץ אדום 80,Unknown,1.00,Unknown,false,1,7.50,7.50,true,1,
8410525241338,false,פיני מרשמלו צבעוני 80 גרם,,ES,פיני מרשמלו צבעוני 8,Unknown,0.00,Unknown,false,1,7.50,7.50,true,1,
8410655000416,false,"בירה סאן מיגל 330 מ""ל",,,"בירה סאן מיגל 330 מ""",מיליליטרים,330.00,"100 מ""ל",false,1,10.90,3.30,true,1,
8410655000423,false,"מארז בירה סאן מיגל 4*330 מ""ל",,,מארז בירה סאן מיגל 4,מיליליטרים,1320.00,"100 מ""ל",false,1,26.90,2.04,true,1,
8410655001147,false,בירה סאן מיגל 500 מל פחית,,,בירה סאן מיגל אספסיא,מיליליטרים,500.00,"100 מ""ל",false,1,9.90,1.98,true,1,
8410655002458,false,"בירה סאן מיגל ללא גלוטן 330 מ""ל",,,בירה סאן מיגל ללא גל,מיליליטרים,330.00,"100 מ""ל",false,1,13.90,4.21,true,1,
8410679030048,false,טבלת שוקולד לבן ללא סוכר טראפה 75ג',,ES,טבלת טראפה ל.ס. לבן,גרמים,75.00,100 גרם,false,1,8.90,11.87,true,1,
8410679030062,false,טבלת שוקולד חלב שקד ללא סוכר טראפה 75ג',,ES,טבלת טראפה ל.ס. חלב,גרמים,75.00,100 גרם,false,1,8.90,11.87,true,1,
8410743700297,false,יין קווה קסטילו פרלדה יבש 750 מל,PERGALE,ES,יין קווה קסטילו פרלד,Unknown,0.00,Unknown,false,1,53.90,53.90,true,1,
8410743700303,false,יין קווה קסטילו פרלדה חצי יבש 750 מל,PERGALE,ES,יין קווה קסטילו פרלד,Unknown,0.00,Unknown,false,1,53.90,53.90,true,1,
8411320334027,false,נתחי טונה צהובה בשמן זית (פחית) 112 ג ORTIZ,אורטיז ORTIZ,ES,נתחי טונה צהובה בשמן,גרמים,112.00,100 גרם,false,1,17.30,15.45,true,1,
8411327521017,false,"מארז בירה סאן מיגל אספסיאל 330 מ""ל + כוס",,,מארז בירה סאן מיגל א,מיליליטרים,1320.00,"100 מ""ל",false,1,25.90,1.96,true,1,
8413165061618,false,אוגרטה ריוחה קריאנזה 750 מל,,,אוגרטה ריוחה קריאנזה,Unknown,0.00,Unknown,false,1,60.90,60.90,true,1,
8413165070825,false,אוגרטה ריוחה קוסצה 2012 750 מל,,,אוגרטה ריוחה קוסצה,Unknown,0.00,Unknown,false,1,48.90,48.90,true,1,
8413664611611,false,פאפאס ארגנטה ציפס דליקטס 180 גרם,,ES,פאפאס ארגנטה ציפס דל,גרמים,180.00,100 גרם,false,1,24.90,13.83,true,1,
8413664611956,false,פאפאס ארגנטה-ציפס עם עשבי תיבול 160 ג,,,פאפאס ארגנטה-ציפס עם,גרמים,160.00,100 גרם,false,1,24.90,15.56,true,1,
8413664811851,false,פאפאס ארגנטה ציפס עם שמן זית 160 גרם,,ES,פאפאס ארגנטה ציפס עם,גרמים,160.00,100 גרם,false,1,24.90,15.56,true,1,
8423207206488,false,חטיף דגנים מלאים מצופה שוקולד חלב 120 גר,אף.סי תבליני בגליל ב,ES,חטיף דגנים מלאים מצו,גרמים,120.00,100 גרם,false,1,13.90,11.58,true,1,
8423207206495,false,חטיף דגנים מלאים מצופה שוקולד מריר 120 ג,אף.סי תבליני בגליל ב,ES,חטיף דגנים מלאים מצו,גרמים,120.00,100 גרם,false,1,13.90,11.58,true,1,
8423207207362,false,חטיף דגנים סלים דליס שוקולד לבן 120 גר,ביסנצ'ורי אס.אל.יו,ES,חטיף דגנים סלים דליס,גרמים,120.00,100 גרם,false,1,13.90,11.58,true,1,
8423207208680,false,מרבה חטיפי סלים דליס לילדים שוקולד חלב,ביסנצ'ורי אס.אל.יו,ES,סלים דליס לילדים עם,גרמים,120.00,100 גרם,false,1,13.90,11.58,true,1,
8423207208697,false,מרבה סלים דליס לילדים עם שוקולד לבן חדש,ביסנצ'ורי אס.אל.יו,ES,סלים דליס לילדים עם,גרמים,120.00,100 גרם,false,1,13.90,11.58,true,1,
8423207208703,false,מרבה חטיפי סלים דליס לילדים שוקולד מריר,ביסנצ'ורי אס.אל.יו,ES,סלים דליס מהדורה עם,גרמים,120.00,100 גרם,false,1,13.90,11.58,true,1,
8423207208871,false,פרכיות תירס בטעם טבעי סלים דליס 130ג',סלים דליס Slim Delis,ES,פריכיות תירס בטעם טב,גרמים,130.00,100 גרם,false,1,10.90,8.38,true,1,
8423207210928,false,חטיף דגנים מצופה שוקולד חלב ואגוזי לוז - 5 במארז,ביסנצ'ורי אס.אל.יו,ES,סלים דליס טופינג אגו,גרמים,90.00,100 גרם,false,1,13.90,15.44,true,1,
8423371007577,false,פיסטוקים קלויים סאליסול 50 גר,,,פיסטוקים קלויים סאל,גרמים,50.00,100 גרם,false,1,9.90,19.80,true,1,
8423371007584,false,אגוז קשיו קלויים סאליסול 50 גר,,,אגוז קשיו קלויים סאל,גרמים,50.00,100 גרם,false,1,9.90,19.80,true,1,
8423371007591,false,שקדים קלויים סאליסול 50 גר,,,שקדים קלויים סאליסול,גרמים,50.00,100 גרם,false,1,9.90,19.80,true,1,
8423371007614,false,מיקס אגוזים חמוציות וצימוק סאליסול 50 גר,,ES,מיקס אגוזים חמוציות,גרמים,50.00,100 גרם,false,1,9.90,19.80,true,1,
8423453905654,false,"בירה ווילדר לאגר 330 מ""ל בקבוק",פונט סלאם וולנסיה,ES,בירה ווילדר לאגר 330,מיליליטרים,330.00,"100 מ""ל",false,1,6.50,1.97,true,1,
8423453905692,false,"בירה ווילדר לאגר 500 מ""ל פחית",,ES,בירה ווילדר לאגר 500,מיליליטרים,500.00,"100 מ""ל",false,1,7.90,1.58,true,1,
8431438000256,false,מנצגו קייסו ספרדי במשקל,,,מנצגו קייסו ספרדי במ,Unknown,0.00,"ק""ג",true,0,210.00,210.00,true,1,
8435185944009,false,"משקה קל ד""ר פפר 330 מ""ל",,,"משקה קל ד""ר פפר 330",מיליליטרים,330.00,"100 מ""ל",false,1,6.90,2.09,true,1,
8435185953711,false,"משקה מוגז ד""ר פפר 330 מ""ל ללא סוכר",,,"משקה מוגז ד""ר פפר 33",מיליליטרים,330.00,"100 מ""ל",false,1,5.90,1.79,true,1,
8435185954626,false,"משקה קל ד""ר פפר בטעם דובדבן 330 מ""ל",,,"משקה קל ד""ר פפר בטעם",מיליליטרים,330.00,"100 מ""ל",false,1,6.90,2.09,true,1,
8445290427120,false,דגני פיטנס Fitness שוקולד מריר ובננה,נסטלה צרפת איטנקורט,FR,פיטנס שוקולד מריר וב,גרמים,375.00,100 גרם,false,1,22.90,6.11,true,1,
8593868000302,false,"בירה סטארופרמן לאגר בקבוק 5% 500 מ""ל",,CZ,בירה סטארופרמן פרימי,מיליליטרים,500.00,"100 מ""ל",false,1,12.90,2.58,true,1,
8594009923429,false,"בירה קרושוביצה אמפריאל 500 מ""ל פחית",,,בירה קרושוביצה אמפרי,מיליליטרים,500.00,"100 מ""ל",false,1,12.90,2.58,true,1,
8594014862966,false,חטיף אנרגיה שוקולד מריר וולטייג 65 גרם,,CZ,חטיף אנרגיה שוקולד מ,גרמים,65.00,100 גרם,false,1,14.90,22.92,true,1,
8594014868869,false,"קוויז חטיף חלבון פיסטוק שקדים לל""ס 65 גר",,CZ,קוויז חטיף חלבון פיס,גרמים,65.00,100 גרם,false,1,17.90,27.54,true,1,
8594014868876,false,"קוויז חטיף חלבון בננה קרמל לל""ס 65 גר",,CZ,קוויז חטיף חלבון בננ,גרמים,65.00,100 גרם,false,1,17.90,27.54,true,1,
8594073170842,false,חטיף חלבון וניל אננס שוקו אקסלנט 85 גרם,,CZ,חטיף חלבון וניל אננס,גרמים,85.00,100 גרם,false,1,18.90,22.24,true,1,
8594073170859,false,חטיף חלבון שוקולד ואגוזים אקסלנט 85 גרם,,CZ,חטיף חלבון שוקולד וא,גרמים,85.00,100 גרם,false,1,18.90,22.24,true,1,
8594073171979,false,קוויז חטיף חלבון חמאת בוטנים 60 גרם,,CZ,קוויז חטיף חלבון חמא,גרמים,60.00,100 גרם,false,1,17.90,29.83,true,1,
8594073171986,false,קוויז חטיף חלבון שוקולד קוקוס 60 גרם,,CZ,קוויז חטיף חלבון שוק,גרמים,60.00,100 גרם,false,1,17.90,29.83,true,1,
8594073172006,false,קוויז חטיף חלבון שוקולד שקדים 60 גרם,,CZ,קוויז חטיף חלבון שוק,גרמים,60.00,100 גרם,false,1,17.90,29.83,true,1,
8594073172013,false,קוויז חטיף חלבון קרמל מלוח 60 גרם,,CZ,קוויז חטיף חלבון קרמ,גרמים,60.00,100 גרם,false,1,17.90,29.83,true,1,
8594403707649,false,"בירה באדוויזר דארק לאגר 500 מ""ל פחית",,,בירה באדוויזר דארק ל,מיליליטרים,500.00,"100 מ""ל",false,1,8.90,1.78,true,1,
8594403707977,false,"בירה באדוויזר לאגר פחית 500 מ""ל",,,בירה באדוויזר לאגר פ,מיליליטרים,500.00,"100 מ""ל",false,1,9.90,1.98,true,1,
8606109023647,false,פרוויטה - מיץ סלק ותפוחי עץ 750 מל,,IL,פרוויטה - מיץ סלק ות,מיליליטרים,750.00,"100 מ""ל",false,1,14.90,1.99,true,1,
8681863065270,false,מלח ים מים האגאי וילי פוד 350 גר,שף סיזונס גידה סאן,TR,מלח ים מים האגאי ויל,גרמים,350.00,100 גרם,false,1,24.90,7.11,true,1,
8683323063024,false,ממתק בטעם תותי פרוטי בצורת שטיח,ליימן מותגים,TR,יוגטה שטיחים תותי פר,גרמים,220.00,100 גרם,false,1,7.90,3.59,true,1,
8690504081913,false,מקוויטיס טינס מצופה שוקולד חלב 150 גרם,"אולקר ביסקווי סנאי,",TR,מקוויטיס טינס מצופה,גרמים,150.00,100 גרם,false,1,12.00,8.00,true,1,
8690637073373,false,תה ארל גריי בטעם ברגמוט ליפטון 25 שקיקים,יונילוור - תורכיה,TR,תה ארל גריי - 25 סרו,Unknown,0.00,Unknown,false,1,10.50,10.50,true,1,
8690637073434,false,תה ליפטון ארל גריי 100 שקיקים,ליפטון Lipton,,תה ארל גריי 100 שקיק,גרמים,200.00,100 גרם,false,1,31.50,15.75,true,1,
8690637503856,false,ממרח הלמנס כ- 40% פחות שומן לעומת מיונז,"בסטפוד - 3P ארה""ב Fo",TR,ממרח הלמנס לחיץ מופח,גרמים,355.00,100 גרם,false,1,17.70,4.99,true,1,
8690637799594,false,ליפטון תה ירוק נענע בסגנון מרוקאי 20 שק,בסן בסין סנאיי וי טי,TR,ליפטון תה ירוק נענע,Unknown,0.00,Unknown,false,1,21.90,21.90,true,1,
8690637835643,false,תה ירוק לואיז הולימונית 20 שק ליפטון,ליפטון Lipton,TR,תה ירוק לואיז הולימו,Unknown,0.00,Unknown,false,1,21.90,21.90,true,1,
8690637871245,false,הלמנס מיונז אמיתי 395 גר' בקבוק לחיץ.,"בסטפוד - 3P ארה""ב Fo",TR,מיונז אמיתי הלמנס לח,גרמים,395.00,100 גרם,false,1,16.90,4.28,true,1,
8690637976995,false,"בדין - מרכך כביסה אקסטרא ורוד סחלבים פראי 960 מ""ל",יוניליוור סנאיי וי ט,TR,מרכך כביסה בדין אקסט,מיליליטרים,960.00,"100 מ""ל",false,1,17.90,1.86,true,1,
8690766156374,false,שוקולד גודייבה מריר 72% מוצרי קקאו 90 גר,"אולקר מקבוצת פלאדיס,",TR,שוקולד מריר 72% גודי,גרמים,90.00,100 גרם,false,1,15.90,17.67,true,1,
8690766156381,false,גודייבה שוקולד מריר 90% מוצקי קקאו 90 גרם,"אולקר מקבוצת פלאדיס,",TR,שוקולד מריר 90% גודי,גרמים,90.00,100 גרם,false,1,15.90,17.67,true,1,
8690766156404,false,שוקולד מריר מעולה גודייבה תפוז אדום 90 גרם,גודייבה,TR,שוקולד מריר גודייבה,גרמים,90.00,100 גרם,false,1,15.90,17.67,true,1,
8690777204071,false,פלפלים כבושים - חריפים,יוליניבר,TR,פלפל חריף 640 גרם SE,גרמים,640.00,100 גרם,false,1,15.90,2.48,true,1,
8690777221405,false,פלפל אדום קלויים על האש 650 גרם SERA,קוראהן פזלרמה וי דיס,TR,פלפל אדום קלויים על,גרמים,650.00,100 גרם,false,1,13.90,2.14,true,1,
8691351103001,false,טורקיש דילייט פירות 300 גרם,,TR,טורקיש דילייט פירות,גרמים,300.00,100 גרם,false,0,13.90,4.63,true,1,
8691351103117,false,טורקיש דילייט מי ורדים 125 גרם,,TR,טורקיש דילייט מי ורד,גרמים,125.00,100 גרם,false,1,9.90,7.92,true,1,
8691351103131,false,טורקיש דילייט פיסטוק וא.לוז 125 גרם,,TR,טורקיש דילייט פיסטוק,גרמים,125.00,100 גרם,false,1,9.90,7.92,true,1,
8691351103650,false,נוגט עם שקדים ופירות אקזוטיים 100 גרם,,TR,נוגט עם שקדים ופירות,גרמים,100.00,100 גרם,false,1,11.90,11.90,true,1,
8694686405857,false,מיטו מזון לחתול 1 קג,,TR,מיטו מזון לחתול 1 קג,Unknown,0.00,Unknown,false,1,21.90,21.90,true,1,
8697418280173,false,עלי טורטייה מחיטה מלאה 840 גרם LAVALIA,פרינסס גידה,TR,עלי טורטייה מחיטה מל,גרמים,840.00,100 גרם,false,1,27.90,3.32,true,1,
8697431925143,false,קונפיטורה 70% פירות יער 450 ג' FRUPPA,פרוטנגו Fruitango,,קונפיטורה 70% פירות,גרמים,450.00,100 גרם,false,1,18.60,4.13,true,1,
8697530910743,false,סיגריות פאל מאל כחול קצר מטאליק,BAT,,פאל מאל כחול קצר האו,Unknown,0.00,Unknown,false,1,30.00,30.00,true,1,
8697530910781,false,סיגריות פאל מאל אדום מטאליק,BAT,TR,פאל מאל אדום האוס חפ,Unknown,0.00,Unknown,false,1,30.00,30.00,true,1,
8697826469092,false,טורטיה קטנה 12 יחידות 540 גרם,דין שיווק,TR,טורטיה קטנה 12 יחיד,גרמים,540.00,100 גרם,false,1,11.90,2.20,true,1,
8710418111213,false,עוגיות חמאה ברינק ספריטס הולנדי 400 גרם,,,עוגיות חמאה ברינק ספ,גרמים,400.00,100 גרם,false,1,12.50,3.13,true,1,
8710502064814,false,עוגיות מרבה שוקולד ציפס במרקם רך 175 גר,בנקטבקריי מרבה בי.וי,NL,עוגיות מרבה שוקולד צ,גרמים,175.00,100 גרם,false,1,10.90,6.23,true,1,
8710502139017,false,עוגיות מרבה טריפל שוקולד שוקוצ'יפס 180ג',בנקטבקריי מרבה בי.וי,NL,עוגיות שוקולד מצופות,גרמים,180.00,100 גרם,false,1,10.90,6.06,true,1,
8710502194801,false,עוגיות שוקולד צ'יפס במרקם רך עם פירות יער,בנקטבקריי מרבה בי.וי,NL,מרבה עוגיות שוקולד צ,גרמים,175.00,100 גרם,false,1,10.90,6.23,true,1,
8710502285509,false,עוגיות לימון ושוקולד צ'יפס במרקם רך 175 ג' מרבה,בנקטבקריי מרבה בי.וי,NL,עוגיות לימון שוקולד,גרמים,175.00,100 גרם,false,1,10.90,6.23,true,1,
8710502405204,false,מרבה עוגיות שוקוציפס ממולא קרם שוקולד 175ג',קריניציה ויטמינה אס,NL,עוגיות שוק.ציפס ממול,גרמים,175.00,100 גרם,false,1,10.90,6.23,true,1,
8710502470028,false,עוגיות שוקולד צ'יפס ממולאות בקרם נוגט,קריניציה ויטמינה אס,NL,עוגיות מרבה נוגטלי 1,גרמים,160.00,100 גרם,false,1,10.90,6.81,true,1,
8710739494897,false,תחנת רוח וופל טוסט 12 יח במארז 250 גר,,,תחנת רוח וופל טוסט 1,גרמים,250.00,100 גרם,false,1,13.90,5.56,true,1,
8710912603894,false,גאודה עיזים הולנדית במשקל,,,גאודה עיזים הולנדית,Unknown,0.00,"ק""ג",true,0,140.00,140.00,true,1,
8711000371206,false,קפסולות קפה אספרסו ריסטרטו 10*52 ג' ג'ייקובס,קריניציה ויטמינה אס,FR,קפסולות קפה אספרסו ר,גרמים,52.00,100 גרם,false,1,17.90,34.42,true,1,
8712000051099,false,"שישיית בירה היינקן 0.0% אלכוהול 330 מ""ל",פארייפאבה אגרואינדוס,NL,שישיית בירה היינקן 0,מיליליטרים,1980.00,"100 מ""ל",false,1,35.90,1.81,true,1,
8712092034673,false,גבינה מותכת מעושנת 23% במשקל,,,גבינה מותכת מעושנת 2,Unknown,0.00,"ק""ג",true,0,105.00,105.00,true,1,
8712561594608,false,"דאב תחליב רחיצה להזנה עמוקה 750 מ""ל",יוניליוור גרמניה (בו,DE,תחליב רחצה דאב להזנה,מיליליטרים,750.00,"100 מ""ל",false,1,23.90,3.19,true,1,
8713505038608,false,גאודה הולנדית פטריות כמהין במשקל,,,גאודה הולנדית פטריות,Unknown,0.00,"ק""ג",true,0,189.00,189.00,true,1,
8713800123566,false,רד בנד טו גו מקלות גומי חמוץ פירות 185 ג,,,רד בנד טו גו מקלות ג,גרמים,185.00,100 גרם,false,1,9.90,5.35,true,1,
8714599412336,false,קפה נמס בריסטה אמריקנו קלוי וטחון 160 ג' ג'ייקובס,ג'ייקובס דאו אגברטס,RU,גיקובס בריסטה אמריקנ,גרמים,160.00,100 גרם,false,1,29.50,18.44,true,1,
8714599513781,false,קפה נמס גולד מיובש בהקפאה 200 ג' ג'ייקובס,אל.אל. סי ג''יקובס ד,RU,גיקובס גולד מיובש בה,גרמים,200.00,100 גרם,false,1,29.90,14.95,true,1,
8714789177229,false,מברשת שיניים אקסטרה קלין מדיום - מארז רביעיה,הנסיך- מפעל לייצור ט,CN,רביעיית מברשות שיניי,Unknown,0.00,Unknown,false,1,17.70,17.70,true,1,
8715035150300,false,"רוטב סויה קיקומן ללא גלוטן 250 מ""ל",קיקומן פודז יורופ בי,NL,רוטב סויה קיקומן ללא,מיליליטרים,250.00,"100 מ""ל",false,1,24.50,9.80,true,1,
8715151631035,false,רום דיאמונד כהה 1 ליטר,,GB,רום דיאמונד כהה 1 לי,ליטרים,0.00,ליטר,false,1,99.90,99.90,true,1,
8715675121081,false,דרוסטה שוקולד מריר מנטה (ירוק) 85 גרם,דרוסטה,NL,דרוסטה שוקולד מריר מ,גרמים,85.00,100 גרם,false,1,8.90,10.47,true,1,
8715675121098,false,דרוסטה שוקולד חלב קרמל ומלח ים 85 גר,דרוסטה,NL,דרוסטה שוקולד חלב קר,גרמים,85.00,100 גרם,false,1,8.90,10.47,true,1,
8715700110158,false,מיונז לייט בצנצנת היינץ 490 גרם,ה.י.היינץ הולדינג בי,NL,מיונז לייט בצנצנת הי,גרמים,490.00,100 גרם,false,1,12.90,2.63,true,1,
8715700115641,false,ממרח מיונז לחיץ לייט במרקם קרמי 420 ג' היינץ,ה.י. היינץ,NL,ממרח קרמי לחיץ לייט,גרמים,420.00,100 גרם,false,1,15.90,3.79,true,1,
8715700117805,false,"קטשופ היינץ מתבל עגבניות ללא תוספת סוכר ומלח 425 מ""ל",ה.י היינץ הולדינג בי,NL,"מתבל עגבניות ללת""ס ו",מיליליטרים,425.00,"100 מ""ל",false,1,12.90,3.04,true,1,
8715700419695,false,רוטב ברביקיו מתוק 500 גרם,היינץ Heinz,,רוטב ברביקיו מתוק 50,גרמים,500.00,100 גרם,false,1,19.90,3.98,true,1,
8715700419732,false,מתבל עגבניות היינץ 7,ה.י. היינץ,NL,מתבל היינץ 700 גרם,גרמים,700.00,100 גרם,false,1,13.90,1.99,true,1,
8715700421322,false,רוטב ברביקיו צילי 490 גרם,היינץ Heinz,,רוטב ברביקיו צילי,גרמים,490.00,100 גרם,false,1,19.90,4.06,true,1,
8715700422473,false,ממרח מיונז ללא חומרים משמרים 395 ג' היינץ,ה.י. היינץ,NL,מיונז לחיץ היינץ 395,גרמים,395.00,100 גרם,false,1,15.90,4.03,true,1,
8716605000995,false,גבינה מסדאם הולנדית במשקל,,,גבינה מסדאם הולנדית,Unknown,0.00,"ק""ג",true,0,90.00,90.00,true,1,
8716605001022,false,גבינת דניש בלו 100 גר,,,גבינת דניש בלו 100 ג,גרמים,100.00,100 גרם,false,1,15.20,15.20,true,1,
8717163711668,false,"דאודורנט רקסונה ספריי טלק 150 מ""ל",יוניליוור,IL,דאו רקסונה ספריי טלק,מיליליטרים,150.00,"100 מ""ל",false,1,20.90,13.93,true,1,
8717677332175,false,טוני שוקולונלי שוקולד חלב אגוזי לוז 180ג,,NL,טוני שוקולונלי שוקול,מיליליטרים,180.00,"100 מ""ל",false,1,21.90,12.17,true,1,
8717677334094,false,טוני שוקולונלי שוקולד חלב 180 גרם,,NL,טוני שוקולונלי שוקול,מיליליטרים,180.00,"100 מ""ל",false,1,21.90,12.17,true,1,
8717677334117,false,טוני שוקולונלי שוקולד מריר 70% 180 גרם,,NL,טוני שוקולונלי שוקול,מיליליטרים,180.00,"100 מ""ל",false,1,21.90,12.17,true,1,
8717677337842,false,טוני שוקולונלי שוקולד לבן 180 גרם,,NL,טוני שוקולונלי שוקול,מיליליטרים,180.00,"100 מ""ל",false,1,21.90,12.17,true,1,
8717677338597,false,טוני שוקולונלי שוקולד חלב מריר 42% 180 ג,,NL,טוני שוקולונלי שוקול,מיליליטרים,180.00,"100 מ""ל",false,1,21.90,12.17,true,1,
8718114734484,false,מיונז מיילי 320 גרם,בונגראן,FR,מיונז מייל 320 גרם,גרמים,320.00,100 גרם,false,1,17.70,5.53,true,1,
8718951428492,false,"פלמוליב סבון רחצה לגבר 4ב1 מועשר בפחם 750 מ""ל",CP - Turkey+60,TR,פלמוליב סבון רחצה לג,מיליליטרים,750.00,"100 מ""ל",false,1,21.90,2.92,true,1,
8719956492068,false,טוני שוקולונלי ש.חלב עוגיות ציפס 180 ג,,,טוני שוקולונלי ש.חלב,מיליליטרים,180.00,"100 מ""ל",false,1,21.90,12.17,true,1,
8719956496707,false,טוני שוקולונלי שוק. חלב ושבבי אגוזי 180ג,,,טוני שוקולונלי שוק.,מיליליטרים,180.00,"100 מ""ל",false,1,21.90,12.17,true,1,
8719956496721,false,טוני שוקולונלי שוקולד חלב וופל 180 גר,,,טוני שוקולונלי שוקול,מיליליטרים,180.00,"100 מ""ל",false,1,21.90,12.17,true,1,
8719956496745,false,טוני שוקולונלי שוקולד חלב ביסקוויט 180 ג,,,טוני שוקולונלי שוקול,מיליליטרים,180.00,"100 מ""ל",false,1,21.90,12.17,true,1,
8719992179329,false,גוי גומי חמוץ ציפס 225 גרם,,NL,גוי גומי חמוץ ציפס 2,גרמים,225.00,100 גרם,false,1,9.90,4.40,true,1,
8723400756552,false,מארז סוכריות מנטוס Mentos ריינבואו,פרפטי ואן מלה ברדה,NL,מנטוסRAINBOW 1/4,גרמים,150.00,100 גרם,false,1,14.60,9.73,true,1,
8801055707966,false,קפה טייסטר צו'יס נס קפה בריסטה 180ג',נסטלה קוריאה - קפה,IL,נסקפה טייסטרס צויס ב,גרמים,180.00,100 גרם,false,1,32.90,18.28,true,1,
8801055708772,false,מארז טייסטרס צ'ויס 200 גרם+50 גר' מתנה,לוטה נסטלה קוריאה,IL,טייסטר צויס מארז 200,גרמים,250.00,100 גרם,false,1,32.90,13.16,true,1,
8801055709427,false,נסקפה טייסטרס צויס אלטה ריקה 100 גר,נסטלה קוריאה - קפה,KR,נסקפה טייסטרס צויס א,גרמים,100.00,100 גרם,false,1,25.10,25.10,true,1,
8801055709465,false,אבקה להכנת משקה קפה בטעם קפוצ'ינו וניל,לוטה נסטלה קוריאה,DE,נסקפה קפוצינו וניל,גרמים,185.00,100 גרם,false,1,22.60,12.22,true,1,
8850180040028,false,קמח טמפורה להכנת בלי,קרנחם אוטאי פחרה,TH,טמפורה 500 גרם GOGI,גרמים,500.00,100 גרם,false,1,12.50,2.50,true,1,
8850206250592,false,רוטב צ'ילי סריראצ'ה 540 גרם (מזרח ומערב),יאן וואל יון קו.לטד,TH,רוטב צ`ילי סיראצ`ה 5,גרמים,540.00,100 גרם,false,1,20.90,3.87,true,1,
8850367992164,false,קרם קוקוס 250 מל 20-22% ללא חומר משמר,טאפ פאד ונגפורן,TH,"קרם קוקוס 250 מ""ל 20",גרמים,250.00,100 גרם,false,1,8.90,3.56,true,1,
8850367994021,false,"רוטב צילי מתוק ללא סוכר לל""ג 280 מ""ל",יאן ונזל יון,TH,רוטב צילי מתוק ללא ס,מיליליטרים,280.00,"100 מ""ל",false,1,13.90,4.96,true,1,
8850389103159,false,"משקה ליצ'י עם חתיכות גלי קוקוס 320 מ""ל מוגו מוגו",סאפה פובליק קומפני ל,TH,מוגו מוגו ליצי עם חת,מיליליטרים,320.00,"100 מ""ל",false,1,8.80,2.75,true,1,
8850389105849,false,סאפה אלוורה אפרסק 1 ליטר,סאפה פובליק קומפני ל,TH,סאפה אלוורה אפרסק 1,מיליליטרים,1000.00,"100 מ""ל",false,1,15.20,1.52,true,1,
8850389111352,false,"משקה מלון עם חתיכות גלי קוקוס 320 מ""ל מוגו מוגו",סאפה פובליק קומפני ל,TH,מוגו מוגו מלון עם חת,מיליליטרים,320.00,"100 מ""ל",false,1,8.80,2.75,true,1,
8850389115336,false,סאפה מלון בקבוק תריסר 1ל',סאפה פובליק קומפני ל,TH,סאפה אלוורה מלון 1 ל,מיליליטרים,1000.00,"100 מ""ל",false,1,15.20,1.52,true,1,
8850632604372,false,יוגטה מקלות חמוצות שטיח - תות שדה 50 גרם,ג'נרל קנדי בעמ,TH,שטיח חספוסים יוגטה,גרמים,50.00,100 גרם,false,1,5.90,11.80,true,1,
8851613101378,false,"נוזל קוקוס ארוי די 250 מ""ל",כלורוקס אוקלנד,TH,נוזל קוקוס,מיליליטרים,250.00,"100 מ""ל",false,1,10.90,4.36,true,1,
8852633020403,false,פניני טפיוקה מזרח ומ,super j internationa,TH,טפיוקה גרגרים 500 גר,גרמים,500.00,100 גרם,false,1,12.90,2.58,true,1,
8853662004020,false,"רוטב צילי מתוק 725 מ""ל EXOTIC",,,רוטב צילי מתוק 725 מ,מיליליטרים,725.00,"100 מ""ל",false,1,16.70,2.30,true,1,
8853662056661,false,"רוטב סריראצ`ה מיו 455 מ""ל",,,רוטב סריראצ`ה מיו 45,מיליליטרים,455.00,"100 מ""ל",false,1,31.50,6.92,true,1,
8854404000829,false,מחית קארי מסמאן 70 גר' B.E,,TH,מחית קארי מסמאן 70 ג,גרמים,70.00,100 גרם,false,1,14.20,20.29,true,1,
8854661001843,false,שרימפס בייבי 500 גרם קפוא,,,שרימפס בייבי 500 גרם,גרמים,500.00,100 גרם,false,1,36.90,7.38,true,1,
8854661003786,false,שרימפס מבושל עם ראש 500 גר,,,שרימפס מבושל עם ראש,גרמים,510.00,100 גרם,false,1,35.90,7.04,true,1,
8854661007012,false,"שרימפס מבושל מקולף 1 ק""ג קפוא",,,שרימפס מבושל מקולף,קילוגרמים,0.00,"ק""ג",false,1,88.50,88.50,true,1,
8858271002870,false,"רוטב פאד תאי 250 מ""ל מקסצאפ","ייאן וואל יון בע""מ",TH,"רוטב פאד תאי 250 מ""ל",מיליליטרים,250.00,"100 מ""ל",false,1,13.90,5.56,true,1,
8858271003921,false,"רוטב קארי אדום 250 מ""ל מקסצאפ",יאן וואל יאן,TH,רוטב קארי אדום 250 מ,מיליליטרים,250.00,"100 מ""ל",false,1,13.90,5.56,true,1,
8858271003945,false,"רוטב קארי צהוב 250 מ""ל מקסצאפ",,,רוטב קארי צהוב 250 מ,מיליליטרים,250.00,"100 מ""ל",false,1,13.90,5.56,true,1,
8858271004300,false,רוטב טריאקי מקסצאפ 700 מל,דאנינג יוה פודס קו,TH,רוטב טריאקי מקסצאפ 7,מיליליטרים,700.00,"100 מ""ל",false,1,21.90,3.13,true,1,
8858271005499,false,"רוטב ברביקיו 250 מ""ל מקצאפ",,,"רוטב ברביקיו 250 מ""ל",מיליליטרים,250.00,"100 מ""ל",false,1,15.00,6.00,true,1,
8901537024014,false,"אורז בסמטי מובחר 1 ק""ג - דוואט) יורה דיעה",הנסיך- מפעל לייצור ט,IN,אורז בסמטי מובחר,גרמים,1000.00,100 גרם,false,1,13.90,1.39,true,1,
8908001017558,false,חטיף תירס בטעם צילי מתוק 150 גרם,,,חטיף תירס בטעם צילי,גרמים,150.00,100 גרם,false,1,12.90,8.60,true,1,
8934878081811,false,"דפי אורז 22 ס""מ 400 גר'(Trav) ללא גלוטן",דאנינג יוה פודס קו,CN,"דפי אורז 22 ס""מ 400",גרמים,400.00,100 גרם,false,1,14.90,3.73,true,1,
8935083158008,false,קוקטייל פירות ים 500 גר,,,קוקטייל פירות ים 500,גרמים,500.00,100 גרם,false,1,33.50,6.70,true,1,
8936018435218,false,דג צנינון מלוח מיובש 100 גר BALICHOK,,VN,דג צנינון מלוח מיובש,גרמים,100.00,100 גרם,false,1,15.40,15.40,true,1,
8936018435270,false,דג צנינון מלוח מיובש 100 גר BARAKUDA,,VN,דג צנינון מלוח מיובש,גרמים,100.00,100 גרם,false,1,15.40,15.40,true,1,
9001148803103,false,שיני שום קלופות 170,חקלאי,IL,שום קלוף,Unknown,0.00,Unknown,false,1,17.90,17.90,true,1,
9002859050367,false,בובות סנטה קטנות בשקית 100 גר גונץ,,,בובות סנטה קטנות בשק,גרמים,100.00,100 גרם,false,1,12.90,12.90,true,1,
9002859050381,false,מיקס סנטה גדול בשקית 100 גר גונץ,,,מיקס סנטה גדול בשקית,גרמים,100.00,100 גרם,false,1,12.90,12.90,true,1,
9002859050725,false,תפזורת סנטה ברשת 100 גר גונץ,,,תפזורת סנטה ברשת 10,גרמים,100.00,100 גרם,false,1,12.60,12.60,true,1,
9002859056963,false,אנשי שלג משוקולד ברשת 100 גר גונץ,,,אנשי שלג משוקולד ברש,גרמים,100.00,100 גרם,false,1,12.50,12.50,true,1,
9002859058172,false,בונבוניירה בננה ציפוי שוקולד מריר 300 גר,,AT,בונבוניירה בננה ציפו,גרמים,300.00,100 גרם,false,1,15.90,5.30,true,1,
9002859070921,false,גונץ בוטנים קלוים עם מלח 150 גרם,,,גונץ בוטנים קלוים עם,גרמים,150.00,100 גרם,false,1,10.90,7.27,true,1,
9002859073199,false,גונץ-וופל קרם אגוז מצופה קקאו 200 גר,,,גונץ-וופל קרם אגוז מ,גרמים,200.00,100 גרם,false,1,12.90,6.45,true,1,
9002859080777,false,גונץ שוקולד לוח שנה קריסטמיס 75 גר,,,גונץ שוקולד לוח שנה,גרמים,75.00,100 גרם,false,1,12.90,17.20,true,1,
9002859082153,false,גונץ וופל רול עם קרם אגוז קקאו 400 גרם,,,גונץ וופל רול עם קרם,גרמים,400.00,100 גרם,false,1,18.90,4.73,true,1,
9002859087189,false,גונץ גומי פירות יער 400 גר,,,גונץ גומי פירות יער,גרמים,400.00,100 גרם,false,1,22.90,5.73,true,1,
9002859090851,false,גונץ-מרשמלו לבבות 200 ג,,,גונץ-מרשמלו לבבות 20,גרמים,200.00,100 גרם,false,1,10.90,5.45,true,1,
9002859099373,false,גונץ-מטבעות קריסמס ברשת 85 גרם,,,גונץ-מטבעות קריסמס ב,גרמים,85.00,100 גרם,false,1,10.90,12.82,true,1,
9002859102936,false,גונץ-סוכריה על מקל עם מסטיק פירות 144 ג,,,גונץ-סוכריה על מקל ע,גרמים,144.00,100 גרם,false,1,9.90,6.88,true,1,
9002859109959,false,גונץ-וופל פריך מצופה שוקולד 171 גר,,,גונץ-וופל פריך מצופה,גרמים,171.00,100 גרם,false,1,14.90,8.71,true,1,
9002859110252,false,גונץ מוצרט.שוק מריר טראפל ומרציפן 143 ג,,,גונץ מוצרט.שוק מריר,גרמים,143.00,100 גרם,false,1,15.60,10.91,true,1,
9008700146982,false,מיץ מולטיויטמין פרי אדומים 100% 1 ל ראוך,,,מיץ מולטיויטמין פרי,מיליליטרים,1000.00,"100 מ""ל",false,1,15.40,1.54,true,1,
9028800639962,false,אדלוויס הפרטובה בירת,,,"בירה אדלוויס 500 מ""ל",מיליליטרים,500.00,"100 מ""ל",false,1,14.90,2.98,true,1,
9044400851672,false,סוכריות פז סוגים שונים + 3 מילויים,פז פרודקשיין יורו,HU,סוכריות 3+1 PEZ,Unknown,0.00,Unknown,false,1,12.90,12.90,true,1,
9270011131654,false,"מיזלי ביג מיקס 1 ק""ג",,,"מיזלי ביג מיקס 1 ק""ג",גרמים,1000.00,100 גרם,false,1,27.90,2.79,true,1,
9310072028743,false,טים טם Tim Tam וופל שוקולד קלאסי,"ארנוטס ביסקוויטס בע""",AU,טים טם אורגינל 200 ג,גרמים,200.00,100 גרם,false,1,21.70,10.85,true,1,
9322969000015,false,פריכיות תירס בטעם אורגינל ריל פודס 150 ג',אף.סי תבליני בגליל ב,AU,פריכיות תירס 150 גרם,גרמים,150.00,100 גרם,false,1,14.90,9.93,true,1,
9322969000039,false,פריכיות תירס 150 גרם עם 5 סוגי דגנים,,,פריכיות תירס 150 גרם,גרמים,150.00,100 גרם,false,1,14.90,9.93,true,1,
9322969000046,false,פריכיות תירס שומשום אורגני ריל פודס 150 ג',אף.סי תבליני בגליל ב,AU,פריכויות תירס אורגני,גרמים,150.00,100 גרם,false,1,13.90,9.27,true,1,
9785386048914,false,סט כדורים לעץ,,,סט כדורים לעץ,Unknown,0.00,Unknown,false,1,15.90,15.90,true,1,
9785386048921,false,כדור שלג זכוכית,,,כדור שלג זכוכית,Unknown,0.00,Unknown,false,1,19.90,19.90,true,1,
9785912505980,false,פסלון מואר,,,פסלון מואר,Unknown,0.00,Unknown,false,1,11.90,11.90,true,1,
9785957316824,false,קישוט לעץ,,,קישוט לעץ,Unknown,0.00,Unknown,false,1,10.10,10.10,true,1,
9871184221359,false,גאודה הולנדית 30% במשקל,,,גאודה הולנדית 30%,Unknown,0.00,"ק""ג",true,0,90.00,90.00,true,1,
