code,internal_code,name,manufacturer_name,manufacture_country,manufacturer_item_description,unit_qty,quantity,unit_of_measure,weighted,qty_in_package,price,unit_of_measure_price,allow_discount,status,item_id
96,true,משלוח אינטרנטי.,,,משלוח אינטרנטי,00000000000000000000,0.00,00000000000000000000,false,,28.00,0.0000,true,1,126221
301,true,בקבוק ריק חוזר בירה,,,בקבוק ריק חוזר בירה,אין,0.00,יחידה,false,,1.20,0.0000,true,1,101536
374,true,פטריות שמפניון,,,פטריות שמפניון,00000000000000000000,0.00,00000000000000000000,false,,9.90,0.0000,true,1,136856
810,true,5יח לחמניה קשר/קלועה,,,5יח לחמניה קשר/קלועה,00000000000000000000,0.00,00000000000000000000,false,,13.90,0.0000,true,1,127956
1028,true,חצי בגט,,,חצי בגט,אין,0.00,יחידה,false,,3.20,0.0000,true,1,156048
1095,true,בייבי בטטה,,,בייבי בטטה,00000000000000000000,0.00,00000000000000000000,false,,8.90,0.0000,true,1,136879
1488,true,אשכולית אדומה,,,אשכולית אדומה,קילוגרמים,1.00,"ק""ג",true,,7.90,7.9000,true,1,136895
1494,true,תפו`א לבן תפזורת,,,תפו`א לבן תפזורת,קילוגרמים,1.00,"ק""ג",true,,4.90,4.9000,true,1,136901
1495,true,תפו`א אדום תפזורת,,,תפו`א אדום תפזורת,קילוגרמים,1.00,"ק""ג",true,,4.90,4.9000,true,1,133640
1500,true,פלפל כתום,,,פלפל כתום,קילוגרמים,1.00,"ק""ג",true,,11.90,11.9000,true,1,136906
1501,true,עגבניות,,,עגבניות,קילוגרמים,1.00,"ק""ג",true,,7.90,7.9000,true,1,136907
1502,true,מלפפונים,,,מלפפונים,קילוגרמים,1.00,"ק""ג",true,,7.90,7.9000,true,1,136908
1503,true,גזר ארוז,,,גזר ארוז,קילוגרמים,1.00,"ק""ג",true,,5.90,5.9000,true,1,136909
1504,true,סלק,,,סלק,קילוגרמים,1.00,"ק""ג",true,,6.90,6.9000,true,1,136910
1505,true,כרוב לבן,,,כרוב לבן,קילוגרמים,1.00,"ק""ג",true,,4.90,4.9000,true,1,136911
1506,true,כרוב אדום,,,כרוב אדום,קילוגרמים,1.00,"ק""ג",true,,6.90,6.9000,true,1,136912
1507,true,כרובית,,,כרובית,קילוגרמים,1.00,"ק""ג",true,,9.90,9.9000,true,1,136913
1510,true,קישואים,,,קישואים,קילוגרמים,1.00,"ק""ג",true,,10.90,10.9000,true,1,136915
1511,true,חצילים,,,חצילים,קילוגרמים,1.00,"ק""ג",true,,10.90,10.9000,true,1,136916
1515,true,פלפל חריף,,,פלפל חריף,קילוגרמים,1.00,"ק""ג",true,,9.90,9.9000,true,1,136919
1516,true,פלפל אדום,,,פלפל אדום,קילוגרמים,1.00,"ק""ג",true,,9.90,9.9000,true,1,136920
1519,true,בצל יבש,,,בצל יבש,קילוגרמים,1.00,"ק""ג",true,,6.90,6.9000,true,1,136923
1521,true,קולורבי,,,קולורבי,קילוגרמים,1.00,"ק""ג",true,,9.90,9.9000,true,1,136924
1522,true,חסה ערבית,,,חסה ערבית,00000000000000000000,0.00,00000000000000000000,false,,5.90,0.0000,true,1,136925
1535,true,תפו`א אדום ארוז,,,תפו`א אדום ארוז,קילוגרמים,1.00,"ק""ג",true,,5.90,5.9000,true,1,136932
1545,true,שום ארוז ייבוא יח',,,שום ארוז ייבוא יח',00000000000000000000,0.00,00000000000000000000,false,,8.90,0.0000,true,1,136941
1547,true,שומר,,,שומר,קילוגרמים,1.00,"ק""ג",true,,6.90,6.9000,true,1,136943
1550,true,תפו`א לבן ארוז,,,תפו`א לבן ארוז,קילוגרמים,1.00,"ק""ג",true,,4.90,4.9000,true,1,136945
1551,true,לימון,,,לימון,קילוגרמים,1.00,"ק""ג",true,,7.90,7.9000,true,1,136946
1552,true,תפוז,,,תפוז,קילוגרמים,1.00,"ק""ג",true,,6.90,6.9000,true,1,136947
1553,true,ענב לבן,,,ענב לבן,קילוגרמים,1.00,"ק""ג",true,,39.90,39.9000,true,1,136948
1555,true,תפוז ארוז,,,תפוז ארוז,קילוגרמים,1.00,"ק""ג",true,,5.90,5.9000,true,1,136949
1556,true,בננה מובחרת,,,בננה מובחרת,קילוגרמים,1.00,"ק""ג",true,,7.90,7.9000,true,1,136950
1558,true,אשכולית צהובה,,,אשכולית צהובה,קילוגרמים,1.00,"ק""ג",true,,7.90,7.9000,true,1,136952
1560,true,דלעת ארוזה,,,דלעת ארוזה,קילוגרמים,1.00,"ק""ג",true,,16.90,16.9000,true,1,136954
1561,true,תפוח עץ זהוב,,,תפוח עץ זהוב,קילוגרמים,1.00,"ק""ג",true,,11.90,11.9000,true,1,136955
1563,true,תפוח עץ חרמון,,,תפוח עץ חרמון,קילוגרמים,1.00,"ק""ג",true,,11.90,11.9000,true,1,136957
1564,true,תפוח עץ סמיט,,,תפוח עץ סמיט,קילוגרמים,1.00,"ק""ג",true,,11.90,11.9000,true,1,136958
1568,true,רימון,,,רימון,קילוגרמים,1.00,"ק""ג",true,,9.90,9.9000,true,1,136961
1570,true,קלמנטינה,,,קלמנטינה,קילוגרמים,1.00,"ק""ג",true,,6.90,6.9000,true,1,136963
1571,true,פלפל שושקה,,,פלפל שושקה,קילוגרמים,1.00,"ק""ג",true,,9.90,9.9000,true,1,136964
1572,true,אבוקדו מובחר,,,אבוקדו מובחר,קילוגרמים,1.00,"ק""ג",true,,13.90,13.9000,true,1,136965
1574,true,בטטה מתוקה,,,בטטה מתוקה,קילוגרמים,1.00,"ק""ג",true,,10.90,10.9000,true,1,136967
1576,true,אגסים,,,אגסים,קילוגרמים,1.00,"ק""ג",true,,12.90,12.9000,true,1,136968
1581,true,פלפל צהוב,,,פלפל צהוב,קילוגרמים,1.00,"ק""ג",true,,11.90,11.9000,true,1,136972
1588,true,תירס ארוז,,,תירס ארוז,קילוגרמים,1.00,"ק""ג",true,,11.90,11.9000,true,1,136977
1590,true,משורית סרט 1590 ממ,,,פומלה,קילוגרמים,1.00,"ק""ג",true,,8.90,8.9000,true,1,136978
1591,true,ענב אדום,,,ענב אדום,קילוגרמים,1.00,"ק""ג",true,,27.90,27.9000,true,1,136979
1603,true,אבוקדו ברשת,,,אבוקדו ברשת,קילוגרמים,1.00,"ק""ג",true,,13.90,13.9000,true,1,136986
1604,true,אפרסמון 7.0,,,אפרסמון 7.0,קילוגרמים,1.00,"ק""ג",true,,18.90,18.9000,true,1,136987
1608,true,זנגוויל\גינגיר תפזור,,,זנגוויל\גינגיר תפזור,קילוגרמים,1.00,"ק""ג",true,,29.90,29.9000,true,1,136990
1610,true,שרי אשכולות לקג,,,שרי אשכולות לקג,קילוגרמים,1.00,"ק""ג",true,,16.90,16.9000,true,1,136991
1613,true,דלורית,,,דלורית,קילוגרמים,1.00,"ק""ג",true,,10.90,10.9000,true,1,136994
1615,true,בצל אדום,,,בצל אדום,קילוגרמים,1.00,"ק""ג",true,,8.90,8.9000,true,1,136996
1618,true,אפרסמון קרמבו,,,אפרסמון קרמבו,קילוגרמים,1.00,"ק""ג",true,,18.90,18.9000,true,1,136998
1620,true,קיווי,,,קיווי,קילוגרמים,1.00,"ק""ג",true,,24.90,24.9000,true,1,137000
1632,true,קישוא זוקיני ירוק,,,קישוא זוקיני ירוק,קילוגרמים,1.00,"ק""ג",true,,10.90,10.9000,true,1,137006
1636,true,פיטאיה,,,פיטאיה,גרם,700.00,גרם,false,,14.90,0.0213,true,1,137009
1645,true,תפוח עץ גלה,,,תפוח עץ גלה,קילוגרמים,1.00,"ק""ג",true,,11.90,11.9000,true,1,137012
1683,true,תפוח עץ פינק קריפס,,,תפוח עץ פינק,קילוגרמים,1.00,"ק""ג",true,,16.90,16.9000,true,1,137025
1708,true,גזר תפזורת,,,גזר תפזורת,קילוגרמים,1.00,"ק""ג",true,,5.90,5.9000,true,1,137036
3500,true,עוף טרי כולל פירוק,,,עוף טרי כולל פירוק,קילוגרמים,1.00,"ק""ג",true,,23.90,23.9000,true,1,117519
3501,true,כרעיים עוף טרי,,,כרעיים עוף טרי,קילוגרמים,1.00,"ק""ג",true,,29.90,29.9000,true,1,117520
3502,true,חזה עוף טרי,,,חזה עוף טרי,קילוגרמים,1.00,"ק""ג",true,,36.90,36.9000,true,1,117521
3507,true,שניצל עוף פרוס טרי,,,שניצל עוף פרוס טרי,קילוגרמים,1.00,"ק""ג",true,,39.90,39.9000,true,1,126389
3509,true,שניצל עוף דק דק טרי,,,שניצל עוף דק דק טרי,קילוגרמים,1.00,"ק""ג",true,,39.90,39.9000,true,1,111031
3512,true,שוארמה נקבה טרי,,,שוארמה נקבה טרי,קילוגרמים,1.00,"ק""ג",true,,64.90,64.9000,true,1,117529
3517,true,שוקיים פטם טרי,,,שוקיים פטם טרי,קילוגרמים,1.00,"ק""ג",true,,34.90,34.9000,true,1,117533
3520,true,ירכיים עוף טרי,,,ירכיים עוף טרי,קילוגרמים,1.00,"ק""ג",true,,29.90,29.9000,true,1,117536
3522,true,שוארמה פרגיות טרי,,,שוארמה פרגיות טרי,קילוגרמים,1.00,"ק""ג",true,,64.90,64.9000,true,1,117537
3539,true,טחון בקר חלק טרי,,,טחון בקר חלק טרי,קילוגרמים,1.00,"ק""ג",true,,69.90,69.9000,true,1,97044
4266,true,שדות בר ירק שטוף,,,שדות בר ירק שטוף,קילוגרמים,1.00,"ק""ג",true,,30.00,30.0000,true,1,140611
6013,true,"תרומה פתחון לב 10 ש""",,,"תרומה פתחון לב 10 ש""",אין,0.00,יחידה,false,,10.00,0.0000,true,1,183138
5678585,true,ענב סקרלוטה,,,ענב סקרלוטה,קילוגרמים,1.00,"ק""ג",true,,27.90,27.9000,true,1,170093
15983143,false,מלפפון בייבי שדות בר,,,מלפפון בייבי שדות בר,קילוגרמים,1.00,"ק""ג",true,,30.00,30.0000,true,1,163986
46024824,false,סיגריות נקסט (בודד),פיליפ מוריס,,סיגריות נקסט (בודד),00000000000000000000,0.00,00000000000000000000,false,,29.00,0.0000,false,1,120931
72940761,false,"מילקי מעדן שוקולד עם קצפת שטראוס 133 מ""ל",מיוצר עי קונדיטוריית,,מילקי שוקולד מהדרין,"מ""ל",170.00,"מ""ל",false,,2.90,0.0171,true,1,115022
80177609,false,אצבעות שוקולד קינדר Kinder ארבע יחידות,פררו - אלבה,,קינדר אצבעות שוק.חלב,גרם,50.00,גרם,false,,5.00,0.1000,true,1,132858
16000423534,false,חטיפי גרנולה קראנצ'י עם שיבולת שועל ושוקולד מריר נייצ'ר ואלי 5*42 גרם,ג'נרל מילס סאן אדריאן,,חטיף קראנצי שיבולת ש,גרמים,210.00,100 גרם,false,,21.90,0.1043,true,1,106469
16000548602,false,חטיפי גרנולה קראנצ'י קינמון נייצ'ר ואלי 5*24 גרם,ג'נרל מילס סאן אדריאן,,חטיף שיבולת שועל מלא,גרמים,210.00,100 גרם,false,,21.90,0.1043,true,1,106477
36000516876,false,ממחטות נייר קלינקס לושן 3 שכבות 75 דף,חוגלה קימברלי,,קלינקס לושן תלת שכבת,אין,0.00,יחידה,false,,10.00,0.0000,true,1,185910
38000232176,false,פרינגלס ביג שמנת בצל 158 גרם,פרינגלס מנופקצ'ורינג קונ,,פרינגלס ביג שמנת בצל,גרמים,158.00,100 גרם,false,,8.90,0.0563,true,1,177394
38000232183,false,פרינגלס ביג אורגינל 149 גרם,פרינגלס מנופקצ'ורינג קונ,,פרינגלס ביג אורגינל,גרמים,158.00,100 גרם,false,,8.90,0.0563,true,1,177395
38527591060,false,דגני קוואקר מרובעים Quaker Squares עם סוכר חום,קוואקר אוטס קומפני,,דגני בוקר מרובעים קו,גרמים,412.00,100 גרם,false,,22.70,0.0551,true,1,115631
46214731552,false,עוגיות שוקולד צ'יפס 37% גודיס 225 גרם,קריניציה ויטמינה אס,,מרבה עוגיות שוקולד צ,גרמים,225.00,100 גרם,false,,10.90,0.0484,true,1,113521
76840620029,false,"גלידה בן&ג'ריס שמנת עם תות 500מ""ל",מוצרי איכות אמריקאיים בע,,*מבצע* גלידה שמנת עם,"מ""ל",420.00,"מ""ל",false,,19.90,0.0474,true,1,107535
611745285685,true,אבוקדו בשל יח,,,אבוקדו בשל יח,גרם,470.00,גרם,false,,10.90,0.0232,true,1,148791
651080647519,false,קיסמים עם חוט דנטלי פלאקרס מנטה 35 יחידות,"פלקרס רנור ארה""ב",,פלאקרס חוט דנטלי מנט,אין,0.00,יחידה,false,,10.90,0.0000,true,1,100418
835811006435,false,מגש הכסף תבנית מלבן עמוק + מכסה 9 יח`,,,תבנית מלבנית עמוקה ע,00000000000000000000,0.00,00000000000000000000,false,,13.90,0.0000,true,1,102125
3073781161663,false,גבינה מותכת 18.5% שומן לה וואש קירי,בני ג`ורג` שוקחה (חיפה) בעמ,,גבינת לה וואש קירי 8,גרמים,128.00,100 גרם,false,,12.90,0.1008,true,1,180870
3178530407938,false,עוגיות מיני מדליין עם שוקוצ'יפס סאן מישל 175 גרם,א. סיימן סחר בעמ,,מיני מדליין פצפוצי ש,גרמים,175.00,100 גרם,false,,11.90,0.0680,true,1,160369
3178530417340,false,בראוניז שוקולד סאן מישל 210 גרם,א. סיימן סחר בעמ,,בראוניז שוקולד סאן מ,גרמים,210.00,100 גרם,false,,15.90,0.0757,true,1,178345
4009900420129,false,מסטיק אורביט פרופשנל פפרמינט בקבוקון 64 גר',"מרס ריגלי ישראל בע""מ",,אורביט פרופשייונל פפ,גרמים,64.00,100 גרם,false,,11.90,0.1859,true,1,175468
4009900479998,false,אורביט וויט אוכמניות בקבוקון 46 מלבניות,"מרס ריגלי ישראל בע""מ",,אורביט מסטיק בקבוקון,גרמים,64.00,100 גרם,false,,11.90,0.1859,true,1,132545
4009900482417,false,מסטיק אורביט פירות מנטה בקבוקון באבל מינט 45יח,"מרס ריגלי ישראל בע""מ",,אורביט באבל מינט בקב,גרמים,64.00,100 גרם,false,,11.90,0.1859,true,1,132547
4009900531122,false,"מסטיק בטעם מנטה ספירמינט, 64 ג' פרופשיונל אורפיט","מרס ריגלי ישראל בע""מ",,אורביט פרופשייונל ספ,גרמים,64.00,100 גרם,false,,11.90,0.1859,true,1,175469
4011800630515,false,חטיף קורני שוקולד חלב ובננה 6 יח 150 גר,מיוצר עי קונדיטוריית,,חטיף דגנים עם שוקולד,גרמים,150.00,100 גרם,false,,14.90,0.0993,true,1,100533
4014400904390,false,סוכריות טופי ממולא חלב סטורק 325 גרם,קריניציה ויטמינה אס,,סוכריות וולמליש 325ג,גרמים,325.00,100 גרם,false,,19.70,0.0606,true,1,106566
4014400914924,false,"סוכריות בטעם קפה וורטר אורגינל לל""ס 80 גרם",קריניציה ויטמינה אס,,80 סוכריות קפה וורטר,גרמים,80.00,100 גרם,false,,9.00,0.1125,true,1,106576
4015400564454,false,מגני תחתון אולוויז לארג' עם ניחוח מגה פק,דיפלומט מפיצים (1986) בע`מ,,מגן תחתון לארג מגה פ,אין,0.00,יחידה,false,,19.90,0.0000,true,1,117883
4084500149526,false,טייד גל כביסה 2.48 ליטר אלפים רענן,דיפלומט מפיצים (1986) בע`מ,,טייד גל 2.48 ליטר,ליטר,2.48,ליטר,false,,29.70,11.9758,true,1,118075
4860019001414,false,מים מינרליים 750 מל בורזוימי,האי נאם סי או אל.טי.,,בורז'ומי מים מינרלים,מיליליטרים,750.00,"100 מ""ל",false,,8.90,0.0119,true,1,105177
5000159442572,false,טויקס חטיף שוקולד מארז 403 גרם,"מרס ריגלי ישראל בע""מ",,טוויקס מיני 403 גרם,גרמים,403.00,100 גרם,false,,20.90,0.0519,true,1,132589
5000394137486,false,רביעיות סוללות אופטימום AA דורסל,דיפלומט מפיצים (1968) בעמ,,סוללות דורסל רבעיות,אין,0.00,יחידה,false,,23.90,0.0000,true,1,182510
5201004020338,false,גליליות קפריס קרם אגוזים שוקולד 400 גר,משה סידס ובנו בעמ,,קפריס רולס קלאסיק 40,גרמים,400.00,100 גרם,false,,20.90,0.0522,true,1,176697
5410126116953,false,ממרח ביסקוויט קרמל לוטוס (400 גרם),דיפלומט מפיצים (1968) בעמ**,,לוטוס ממרח ביסקוויט,גרמים,400.00,100 גרם,false,,20.90,0.0522,true,1,100235
5411188126195,false,אלפרו משקה שקדים אורגני 1ל מפוקח סקאל,שטראוס גרופ בע`מ,,אלפרו משקה שקדים אור,ליטר,1.00,ליטר,false,,16.80,16.8000,true,1,165146
5411188513483,false,"סויה לבישול 14% שומן אלפרו 250 מ""ל",שטראוס גרופ בעמ/מצונן,,אלפרו סויה לבישול 14,מיליליטרים,250.00,"100 מ""ל",false,,10.90,0.0436,true,1,183510
5711953106583,false,גבינת שמנת בטעם טבעי 200 גרם ארלה,שטראוס גרופ בעמ/מצונן,,ארלה גבינת שמנת טבעי,גרמים,200.00,100 גרם,false,,16.90,0.0845,true,1,178878
5740900403215,false,ממרח חמאה דנית לורפק עם מלח 250 גרם,שטראוס גרופ בעמ/מצונן,,ממרח לורפק עם מלח 25,גרמים,250.00,100 גרם,false,,14.90,0.0596,true,1,172756
5740900403239,false,ממרח חמאה דנית לורפק ללא מלח 250 גרם,שטראוס גרופ בעמ/מצונן,,ממרח לורפק ללא מלח 2,גרמים,250.00,100 גרם,false,,14.90,0.0596,true,1,172758
5900020031877,false,נסטלה האני ציריוס חטיף דגני בוקר שישייה,קבוצת אוסם סחר-שות.מוגבלת,,חטיף דגנים צ'יריוס ה,גרמים,132.00,100 גרם,false,,10.90,0.0826,true,1,167582
5900020032454,false,מארז חטיף פיטנס עוגיות 8 X 23.5 גרם,קבוצת אוסם סחר שותפות מוגבלת,,חטיף דגנים עוגיות פ,גרמים,188.00,100 גרם,false,,17.90,0.0952,true,1,181548
5900020032539,false,מארז חטיף פיטנס שוקולד 8 X 23.5 גרם,קבוצת אוסם סחר שותפות מוגבלת,,חטיף דגנים שוקולד פ,גרמים,188.00,100 גרם,false,,17.90,0.0952,true,1,184870
5900627066715,false,טבליות למדיח פיניש הכל ב-1 100 יח,רקיט בנקיזר (ניר איסט) בעמ,,פיניש 100 טבליות AIO,אין,0.00,יחידה,false,,69.90,0.0000,true,1,113220
7290000000626,false,ברוקולי ארוז במגשית,,,ברוקולי ארוז במגשית,אין,0.00,יחידה,false,,8.90,0.0000,true,1,184486
7290000004815,false,מוצרלה גד 22% במשקל,,,*מבצע* מוצרלה גד 22%,קילוגרמים,1.00,"ק""ג",true,,85.00,85.0000,true,1,107730
7290000011593,false,שזיף,,,שזיף,קילוגרמים,1.00,"ק""ג",true,,29.90,29.9000,true,1,137104
7290000021003,false,עוף טרי שלם,,,עוף טרי שלם,קילוגרמים,1.00,"ק""ג",true,,21.90,21.9000,true,1,117553
7290000024523,false,"תירוש של סגל ,מיץ ענבים , 1 ליטר",כרמי צבי - האחים סגל,,תירוש של סגל 1 ליטר,ליטר,1.00,ליטר,false,,14.90,14.9000,true,1,103800
7290000032665,false,רוטב עגבניות 28% 580ג' פרי זה,זנלכל בעמ,,28% פרי580גר A2 רסק,גרם,580.00,גרם,false,,5.90,0.0102,true,1,103100
7290000039235,false,פילה מיניון עגל טרי,,,פילה מיניון עגל טרי,קילוגרמים,1.00,"ק""ג",true,,240.00,240.0000,true,1,97049
7290000040301,false,תנובה עין גדי קממבר מחלב בקר 24% שומן,תנובה מרכז שיתופי לש,,תנובה גבינת קממבר עי,גרמים,125.00,100 גרם,false,,19.90,0.1592,true,1,117001
7290000040318,false,גבינת עדי ברי 24% קולאז` (125 גרם)קולקש,תנובה מרכז שיתופי לש,,תנובה גבינת ברי 24%,גרמים,125.00,100 גרם,false,,19.90,0.1592,true,1,117002
7290000041858,false,"שמנת חמוצה 15% מועשרת יטבתה 200 מ""ל",שטראוס גרופ בעמ/מצונן,,יטבתה שמנת חמוצה 15%,"מ""ל",200.00,"מ""ל",false,,2.50,0.0125,true,1,115033
7290000042435,false,חלב דל שומן 1% בקרטון תנובה (1 ליטר)פיק,תנובה מרכז שיתופי לש,,חלב תנובה בקרטון 1%,00000000000000000000,0.00,00000000000000000000,false,,5.40,0.0000,true,1,117014
7290000042442,false,"חלב תנובה טרי 3% ""תנובה"" - מוצר בפיקוח",תנובה בעמ ***,,חלב תנובה בקרטון 3%,00000000000000000000,0.00,00000000000000000000,false,,5.75,0.0000,true,1,117015
7290000043012,false,"שוקו עמיד 2% בקרטון 250 מ""ל תנובה",תנובה מרכז שיתופי לש,,שוק שוקו עמיד 2% בקר,מיליליטרים,250.00,"100 מ""ל",false,,4.60,0.0184,true,1,117022
7290000043890,false,תנובה רויון לבן מחלב מפסוטר 1.5%,תנובה מרכז שיתופי לש,,ריויון 1.5% 1ל,00000000000000000000,0.00,00000000000000000000,false,,12.50,0.0000,true,1,117025
7290000045580,false,גבינה מותכת נעמה חורש תנובה 240 גרם,תנובה מרכז שיתופי לש,,נעמה גבינת מותכת 25%,גרמים,240.00,100 גרם,false,,18.50,0.0771,true,1,117034
7290000046006,false,גבינה צהובה עמק בלוק,תנובה מרכז שיתופי לש,,עמק 28% במשקל,קילוגרמים,1.00,"ק""ג",true,,41.30,41.3000,true,1,116920
7290000046501,false,"גב.טל העמק32% 1 ק""ג משקל",קריות זול,,טל העמק מעדנייה,קילוגרמים,1.00,"ק""ג",true,,58.00,58.0000,true,1,116925
7290000046662,false,גב.קשה סקנדינבית31%משקל,תנובה מרכז שיתופי לש,,סקנד' חריץ מעדניה,קילוגרמים,1.00,"ק""ג",true,,75.00,75.0000,true,1,116928
7290000048185,false,גבינה לבנה 5% תנובה 250 גרם מהדרין,מיוצר עי קונדיטוריית,,תנובה גבינה לבנה רכה,גרם,250.00,גרם,false,,4.60,0.0184,true,1,117041
7290000048192,false,גבינה לבנה 9% תנובה 250 גרם מהדרין,מחלבת אלון תבור,,תנובה גבינה לבנה רכה,גרם,250.00,גרם,false,,4.60,0.0184,true,1,117042
7290000048437,false,גבינת צפתית (2005% גרם)פיראוס תנובה,פארייפאבה אגרואינדוס,,פיראוס צפתית 5% 200ג,גרם,200.00,גרם,false,,14.90,0.0745,true,1,117045
7290000050454,false,יוגורט ביו 3% אפרסק יופלה (500 גרם),מיוצר עי קונדיטוריית,,יופלהYYY אפרסק 3% 50,מיליליטרים,500.00,"100 מ""ל",false,,13.80,0.0276,true,1,117054
7290000051376,false,יוגורט יופלה דיאט אננס 0% שומן 150 גרם,תנובה מרכז שיתופי לש,,יופלה דיאט אננס ספור,מיליליטרים,150.00,"100 מ""ל",false,,4.70,0.0313,true,1,117060
7290000052311,false,גבינה צהובה עמק לייט 15% שומן 200 גרם,תנובה מרכז שיתופי לש,,עמק מהדרין 15% 200 ג,גרם,200.00,גרם,false,,16.20,0.0810,true,1,117066
7290000055893,false,חמאה משמנת מפוסטרת 200גרם 82% כ.מהדרין - מוצר בפיקוח,תנובה מרכז שיתופי לש,,חמאה מהדרין תנובה 20,גרמים,200.00,100 גרם,false,,7.60,0.0380,true,1,117086
7290000056845,false,תנובה חלב טרי 3% שומן 1.5 ליטר - מוצר בפיקוח,פארייפאבה אגרואינדוס,,חלב תנובה בקרטון 3%,ליטר,2.00,ליטר,false,,8.60,4.3000,true,1,117094
7290000058001,false,עצמות עגל חלק טרי,,,עצמות עגל חלק טרי,קילוגרמים,1.00,"ק""ג",true,,24.90,24.9000,true,1,97061
7290000058003,false,צלעות עגל חלק טרי,,,צלעות עגל חלק טרי,קילוגרמים,1.00,"ק""ג",true,,69.90,69.9000,true,1,97063
7290000058006,false,אסדו על עצם עגל חלק,,,אסדו על עצם עגל חלק,קילוגרמים,1.00,"ק""ג",true,,69.90,69.9000,true,1,97066
7290000058007,false,צלי כתף עגל חלק טרי,,,צלי כתף עגל חלק טרי,קילוגרמים,1.00,"ק""ג",true,,94.90,94.9000,true,1,97067
7290000058010,false,פילה מדומה עגל חלק ט,,,פילה מדומה עגל חלק ט,קילוגרמים,1.00,"ק""ג",true,,89.90,89.9000,true,1,97070
7290000058014,false,לשון עגל טרי,,,לשון עגל טרי,קילוגרמים,1.00,"ק""ג",true,,49.90,49.9000,true,1,97074
7290000058018,false,כבד עגל טרי לצליה בל,,,כבד עגל טרי לצליה בל,קילוגרמים,1.00,"ק""ג",true,,24.90,24.9000,true,1,97076
7290000058043,false,גולש בקר טרי,,,גולש בקר טרי,קילוגרמים,1.00,"ק""ג",true,,99.90,99.9000,true,1,97093
7290000060408,false,פסטה אסם פתיתים אפויים טבעות 500 גר,קבוצת אוסם סחר שותפות מוגבלת,,פתיתים אפויים טבעות,גרמים,500.00,100 גרם,false,,7.90,0.0158,true,1,111531
7290000060781,false,פרומנטי פתיתים מסולסלים אוסם,קבוצת אוסם סחר שותפות מוגבלת,,פסטה מסולסלים אסם 50,גרמים,500.00,100 גרם,false,,6.90,0.0138,true,1,111539
7290000060828,false,פסטה קרניים בינוניות אסם (500 גרם),קבוצת אוסם סחר שותפות מוגבלת,,פסטה קרניים בינוניות,גרמים,500.00,100 גרם,false,,6.90,0.0138,true,1,111540
7290000060880,false,פסטה ספגטי מספר 8 אסם 500 גרם,קבוצת אוסם סחר שותפות מוגבלת,,ספגטי אסם 500 גרם,גרמים,500.00,100 גרם,false,,6.90,0.0138,true,1,111544
7290000061245,false,עוגיות שוקוצ'יפס במילוי שוקולד אסם 220 גרם,קבוצת אוסם סחר-שות.מוגבלת,,אסם עוגיות שוקוצ'יפס,גרמים,220.00,100 גרם,false,,12.70,0.0577,true,1,111554
7290000062952,false,אוסם - מיני קרוטונים למרק ולסלט 250 גרם,קבוצת אוסם סחר שותפות מוגבלת,,מיני קרוטונים למרק ו,גרמים,250.00,100 גרם,false,,16.50,0.0660,true,1,111563
7290000063140,false,שקדי מרק רכיבים טבעיים בשקית 400 ג' אסם,קבוצת אוסם סחר שותפות מוגבלת,,שקדי מרק רכיבים טבעי,גרמים,400.00,100 גרם,false,,10.00,0.0250,true,1,111568
7290000064758,false,קוסקוס בינוני אמיתי אסם 350 ג',קבוצת אוסם סחר שותפות מוגבלת,,קוסקוס אמיתי אסם 350,גרמים,350.00,100 גרם,false,,6.90,0.0197,true,1,111579
7290000066141,false,ביסלי חטיף בטעם גריל אסם (70 גרם),קבוצת אוסם סחר שותפות מוגבלת,,ביסלי גריל 70 גר'.,גרמים,70.00,100 גרם,false,,4.50,0.0643,true,1,111592
7290000066196,false,ביסלי חטיף בטעם גריל אסם (200 גרם),קבוצת אוסם סחר שותפות מוגבלת,,ביסלי גריל 200גרם,גרמים,200.00,100 גרם,false,,7.90,0.0395,true,1,111597
7290000066295,false,אסם במבה תות מחומרים טבעיים 30גר,קבוצת אוסם סחר שותפות מוגבלת,,במבה מתוקה מחומרים ט,גרמים,30.00,100 גרם,false,,2.90,0.0967,true,1,111602
7290000066318,false,במבה חטיף בוטנים אסם 80 גרם,קבוצת אוסם סחר שותפות מוגבלת,,במבה קלאסי 40*80גרם,גרם,80.00,גרם,false,,4.90,0.0613,true,1,111604
7290000066332,false,אפרופו חטיף תירס אסם (50 גרם),קבוצת אוסם סחר שותפות מוגבלת,,אפרופו 50 גרם,גרמים,50.00,100 גרם,false,,5.80,0.1160,true,1,111605
7290000067599,false,מנה חמה ספגטי ברוטב בולונז אסם 65 גרם,קבוצת אוסם סחר שותפות מוגבלת,,מנה חמה ספגטי בולונז,גרמים,65.00,100 גרם,false,,6.90,0.1062,true,1,111620
7290000068138,false,אינסטנט פודינג בטעם וניל אסם 80 גרם,קבוצת אוסם סחר שותפות מוגבלת,,אסם פודינג אינסטנט ו,גרמים,80.00,100 גרם,false,,6.50,0.0813,true,1,111626
7290000072241,false,"רוטב פיצה 290 מ""ל-בקבוק",קבוצת אוסם סחר שותפות מוגבלת,,אסם רוטב פיצה 290מל,מיליליטרים,290.00,"100 מ""ל",false,,10.00,0.0345,true,1,111670
7290000072623,false,קטשופ אסם בקבוק לחיץ 750 גרם,קבוצת אוסם סחר שותפות מוגבלת,,*מבצע* אסם קטשופ בקב,גרם,750.00,גרם,false,,10.90,0.0145,true,1,111672
7290000072753,false,קפה נמס מגורען טסטרס צ'ויס 200 גרם-,קבוצת אוסם סחר שותפות מוגבלת,,*מבצע* טסטרס צ'ויס 1,גרם,200.00,גרם,false,,32.90,0.1645,true,1,111675
7290000072968,false,דגני בוקר סיני מיניס חיטה מלאה וקינמון נסטלה 500 גרם,קבוצת אוסם סחר-שות.מוגבלת,,סיני מיניס דגני נסטל,אין,500.00,יחידה,false,,22.90,0.0458,true,1,111683
7290000074153,false,ביסקוויט פתי בר שוקולד אסם (500 גרם),קבוצת אוסם סחר שותפות מוגבלת,,אסם פתי בר שוקו 500ג,גרמים,500.00,100 גרם,false,,14.90,0.0298,true,1,111693
7290000074184,false,ביסקוויט פתי בר אסם (500 גרם),קבוצת אוסם סחר שותפות מוגבלת,,אסם פתי בר 500גרם,גרמים,500.00,100 גרם,false,,14.90,0.0298,true,1,111695
7290000074252,false,אסם קרקר שומשום 250 גרם,קבוצת אוסם סחר שותפות מוגבלת,,אסם קרקר שומשום 250ג,גרמים,250.00,100 גרם,false,,10.90,0.0436,true,1,111697
7290000074375,false,אוסם - קרקר זהב 150 גרם,קבוצת אוסם סחר שותפות מוגבלת,,אסם קרקר זהב 150גרם,גרמים,150.00,100 גרם,false,,8.10,0.0540,true,1,111701
7290000076126,false,אוסם - בייגלה שמיניות קטנות 80 גרם,קבוצת אוסם סחר שותפות מוגבלת,,אסם בייגלה שמיניות ק,גרמים,80.00,100 גרם,false,,3.50,0.0438,true,1,111715
7290000078212,false,קרוטונים מתובלים למרק אסם (250 גרם),קבוצת אוסם סחר שותפות מוגבלת,,קרוטונים מתובלים אסם,גרמים,250.00,100 גרם,false,,15.90,0.0636,true,1,111724
7290000079412,false,אמנטל נעם מהדרין במש,,,חריץ אמנטל - נעם - מ,קילוגרמים,1.00,"ק""ג",true,,67.00,67.0000,true,1,101106
7290000085180,false,גטניו פתי בר וניל 470 גרם,"אחים גטניו בע""מ",,גטניו - פתיבר וניל 4,גרמים,470.00,100 גרם,false,,9.90,0.0211,true,1,160082
7290000095422,false,נעם22%חריץ מעדניה טר,,,נעם22%חריץ מעדניה טר,קילוגרמים,1.00,"ק""ג",true,,41.30,41.3000,true,1,101111
7290000100128,false,פירות קפואים תות 300 גר`סנפרוסט,תנובה ענף ב.ע.ד,,סדרת פירות קפואים-תו,גרמים,300.00,100 גרם,false,,18.90,0.0630,true,1,164733
7290000101927,false,אוכמניות כחולות מוקפאות סנפרוסט 300 גרם,תנובה ענף ב.ע.ד,,אוכמניות כחולות מוקפ,גרמים,300.00,100 גרם,false,,18.90,0.0630,true,1,116769
7290000101934,false,מיקס פירות יער מוקפאים 300 גר סנפרוסט,"איי, בי, אינבוו",,מיקס פירות יער 300 ג,גרמים,300.00,100 גרם,false,,18.90,0.0630,true,1,116770
7290000101941,false,אננס חתוך מוקפא סנפרוסט (300 גרם),תנובה ענף ב.ע.ד,,אננס מוקפא 300 גרם,גרם,300.00,גרם,false,,18.90,0.0630,true,1,116764
7290000101941,false,אננס חתוך מוקפא סנפרוסט (300 גרם),תנובה ענף ב.ע.ד,,אננס מוקפא 300 גרם,גרמים,300.00,100 גרם,false,,17.90,0.0597,true,1,178025
7290000104744,false,כרובית מוקפאת סנפרוסט (800 גרם),תנובה מרכז שיתופי לשיווק תוצרת,,כרובית 800גר,גרמים,800.00,100 גרם,false,,26.90,0.0336,true,1,116825
7290000104799,false,שעועית לבנה מבושלת סנפרוסט (800 גרם),תנובה מרכז שיתופי לשיווק תוצרת,,שעועית לבנה מבושלת 8,גרמים,800.00,100 גרם,false,,20.90,0.0261,true,1,116829
7290000104911,false,לקט נורמנדי מוקפא סנפרוסט (800 גרם),תנובה מרכז שיתופי לשיווק תוצרת,,לקט נורמנדי 800גר,גרמים,800.00,100 גרם,false,,23.90,0.0299,true,1,116837
7290000107295,false,תפרחות ברוקולי סנפרוסט 800 גרם,תנובה מרכז שיתופי לשיווק תוצרת,,תפרחות ברוקולי 800ג,גרם,800.00,גרם,false,,27.90,0.0349,true,1,116843
7290000107316,false,טבורוג 5% צוריאלמעדנ,,,טבורוג 5% צוריאלמעדנ,קילוגרמים,1.00,"ק""ג",true,,48.00,48.0000,true,1,101117
7290000110844,false,כיפלי בטעם גריל בד`צ 70 גרם .,יוניליוור ישראל שיווק בע`מ,,חטיף כיפלי גריל 70 ג,גרמים,70.00,100 גרם,false,,5.90,0.0843,true,1,104433
7290000111186,false,"מיונז אמיתי תלמה 500 גרם בד""צ","יוניליוור ישראל שיווק בע""מ",,מיונז אמיתי תלמה 500,גרמים,500.00,100 גרם,false,,10.40,0.0208,true,1,104438
7290000111353,false,מיונז אמיתי תלמה (1 קג),"יוניליוור ישראל שיווק בע""מ",,מיונז 1 קג,אלף,1.00,"ק""ג",false,,18.90,18.9000,true,1,104440
7290000112220,false,טחינה גולמית שומשום טהור בארכה 500 גרם,קבוצת אוסם סחר שותפות מוגבלת,,*מבצע* בארכה טחינה 1,גרם,500.00,גרם,false,,10.90,0.0218,true,1,111732
7290000136646,false,בירה נשר מאלט ללא אלכוהול 1.5 ליטר,"טמפו משקאות בע""\מ",,נשר מאלט 1.5 ליטר,ליטר,1.50,ליטר,false,,9.90,6.6000,true,1,184457
7290000136752,false,סבן אפ דיאט מארז שישייה 1.5 ל' FREE,"טמפו משקאות בע""\מ",,סבן אפ דיאט 6*1.5 לי,ליטר,9.00,ליטר,false,,39.90,4.4333,true,1,178256
7290000136868,false,סאן בנדטו - מים מינרלים - מארז שישיית 1.5 ליטר,אקווה מינרלה סאן בנדטו ב,,מים סאן בנדטו 6* 1.5,ליטר,9.00,ליטר,false,,19.90,2.2111,true,1,186231
7290000143187,false,שמפו ומרכך לגבר הוואי (700 מל),שוורצקוף& הנקל דיסלד,,שמפו לגבר הוואי 700,מיליליטרים,700.00,"100 מ""ל",false,,11.90,0.0170,true,1,102578
7290000144160,false,"שמן זית כתית מעולה ארומתי עץ הזית 750 מ""ל","מרקאולאו, ספרד.אבסה,",,שמן זית כתית מעולה א,מיליליטרים,750.00,"100 מ""ל",false,,34.90,0.0465,true,1,121252
7290000144474,false,שמן עץ הזית קנולה 1 ליטר בריאות מהטבע,סוגת תעשיות בעמ,,שמן קנולה בריאות 1 ל,00000000000000000000,0.00,00000000000000000000,false,,15.90,0.0000,true,1,121256
7290000154795,false,רצועות חזה עוף יצור,,,רצועות חזה עוף יצור,קילוגרמים,1.00,"ק""ג",true,,34.70,34.7000,true,1,117557
7290000175760,false,מנציגו כבשים ויליפו,,,*מבצע* מנציגו כבשים,קילוגרמים,1.00,"ק""ג",true,,114.00,114.0000,true,1,98039
7290000178707,false,חטיף צ`יפס בטעם טבעי תפוצ`יפס (50 גרם),"שטראוס פריטו ליי בע""\מ )",,תפוצ'יפס טבעי 50ג,גרם,50.00,גרם,false,,4.30,0.0860,true,1,115634
7290000178721,false,חטיף צ`יפס בטעם טבעי תפוצ`יפס (200 גרם),"שטראוס פריטו ליי בע""\מ )",,*מבצע* תפוציפס טבעי,גרם,200.00,גרם,false,,8.90,0.0445,true,1,115636
7290000187921,false,נייר טואלט דו שכבתי לבן לילי 32 יחידות,קימברלי קלארק ישראל שיווק בעמ,,"*מבצע* נייר טואלט ""ל",מטרים,588.00,מטר,false,,34.90,0.0594,true,1,103317
7290000187938,false,לילי - נייר טואולט נייר טואלט פסטל 32 יח',קימברלי קלארק ישראל שיווק בעמ,,"*מבצע* נייר טואלט ""ל",מטרים,588.00,מטר,false,,36.90,0.0628,true,1,103318
7290000188355,false,ניקול מגבות נייר לבנות 6 גלילים,קימברלי קלארק ישראל שיווק בעמ,,מגבות מטבח ניקול לבנ,מטרים,65.00,מטר,false,,12.90,0.1985,true,1,103323
7290000189277,false,תבניות מלבניות עבות וחזקות ניקול 3 יחידות,קימברלי קלארק ישראל שיווק בעמ,,ניקול תבניות מלבניות,אין,0.00,יחידה,false,,12.90,0.0000,true,1,103343
7290000189482,false,תבניות אפיה מרובעות מקרטון ניקול 4 יחידות,קימברלי קלארק ישראל שיווק בעמ,,ניקול תבנית אפייה מק,00000000000000000000,0.00,00000000000000000000,false,,10.90,0.0000,true,1,103346
7290000189505,false,ניקול תבנית אפייה מקרטון אינגליש קייק ניקול 5 יחידות,קימברלי קלארק ישראל שיווק בעמ,,ניקול תבנית אפייה מק,00000000000000000000,0.00,00000000000000000000,false,,10.90,0.0000,true,1,103348
7290000189598,false,מטליות לחות חד פעמיות לניקוי כללי 50 יח' ניקול,קימברלי קלארק ישראל שיווק בעמ,,מטליות לחות חד פעמיו,אין,0.00,יחידה,false,,12.90,0.0000,true,1,103351
7290000189659,false,מטליות לחות לרצפה ניקול 10 יח'-מרכז,קימברלי קלארק ישראל שיווק בעמ,,ניקול מטליות לחות לר,אין,0.00,יחידה,false,,17.90,0.0000,true,1,103353
7290000191469,false,לחם אחיד 750 גרם,מאפיות ברמן,,לחם אחיד 750 גרם,גרמים,750.00,100 גרם,false,,5.10,0.0068,true,1,179386
7290000191652,false,שלישיית ממחטות אולטרה סופט קלינקס 90 יחידות,קימברלי קלארק ישראל שיווק בעמ,,קלינקס קלאסיק ניילון,00000000000000000000,0.00,00000000000000000000,false,,12.90,0.0000,true,1,103385
7290000192581,false,מגבת נייר גליל כפול ניקול 12=6 גליל,קימברלי קלארק ישראל שיווק בעמ,,מגבת כפולה ניקול 6=1,מטרים,129.70,מטר,false,,19.90,0.1534,true,1,165187
7290000195537,false,האגיס - מגבוני האגיס דיילי קר לא מבושם 64 יח' * 4,קימברלי קלארק ישראל שיווק בעמ,,*מבצע* מארז מגבוני ה,00000000000000000000,0.00,00000000000000000000,false,,19.90,0.0000,true,1,103426
7290000195773,false,האגיס - מגבוני האגיס סנסטיב קר לא מבושם 64 יח' * 4,קימברלי קלארק ישראל שיווק בעמ,,*מבצע* האגיס נטורל מ,00000000000000000000,0.00,00000000000000000000,false,,19.90,0.0000,true,1,103430
7290000197326,false,רדיד אלומיניום ניקול זוגות 7.5*2קצר,קימברלי קלארק ישראל שיווק בעמ,,ניקול רדיד אלומיניום,מטרים,15.00,מטר,false,,12.90,0.8600,true,1,103449
7290000197883,false,תבנית אלומיניום 100 גדולה ניקול 4 יחידות,קימברלי קלארק ישראל שיווק בעמ,,ניקול תבניות אלומיני,אין,0.00,יחידה,false,,10.90,0.0000,true,1,103467
7290000204215,false,שישיית כרית יפנית ניקול 6 יחידות,קימברלי קלארק ישראל שיווק בעמ,,ניקול כריות יפניות 6,00000000000000000000,0.00,00000000000000000000,false,,12.90,0.0000,true,1,103500
7290000207063,false,רסק עגבניות פריכוז 28% 240 גרם יכין,היינץ צפון אמריקה מק,,רוטב עגבניות פריכוז,גרמים,240.00,100 גרם,false,,4.50,0.0188,true,1,103102
7290000207162,false,רוטב עגבניות מרכיב טבעי 100 ג' יכין,זנלכול יכין,,רסק עגבניות מרכיב טב,גרם,100.00,גרם,false,,2.10,0.0210,true,1,103105
7290000208114,false,"אפונה וגזר יכין A2 פ""ק בית יוסף",זנלכול יכין,,אפונת גינה וגזר יכין,גרמים,330.00,100 גרם,false,,7.80,0.0236,true,1,103114
7290000208213,false,שעועית לבנה אפויה A2 ברוטב עגבניות יכין 560ג',היינץ צפון אמריקה מק,,שעועית לבנה ברוטב עג,גרמים,355.00,100 גרם,false,,7.80,0.0220,true,1,103119
7290000208312,false,גרעיני תירס מתוק בואקום יכין 400 גר',"זנלכל בע""\מ",,גרעיני תירס מתוק,גרם,245.00,גרם,false,,5.10,0.0208,true,1,103124
7290000208336,false,רסק יכין 240גר 22% יכין בית יוסף,"זנלכל בע""\מ",,רוטב עגבניות יכין 24,גרמים,240.00,100 גרם,false,,4.60,0.0192,true,1,103126
7290000208428,false,גרגרי חומוס שלם 550 גרם יכין,היינץ צפון אמריקה מק,,550 חומוס שלם ללא סו,גרם,290.00,גרם,false,,6.40,0.0221,true,1,103131
7290000208893,false,גרעיני תירס מתוק לייט 400 גרם יכין,היינץ צפון אמריקה מק,,תירס לייט יכין 400 ג,גרמים,246.00,100 גרם,false,,5.10,0.0207,true,1,103140
7290000209371,false,מארז גרעיני תירס מתוק יכין (200x3 גרם),היינץ צפון אמריקה מק,,*מבצע* יכין תירס 3*1,גרם,495.00,גרם,false,,9.90,0.0200,true,1,103155
7290000209708,false,עגבניות מרוסקות עם בזיליקום 240 גרם יכין,היינץ צפון אמריקה מק,,עגבניות מרוסקות בזיל,גרמים,260.00,100 גרם,false,,5.60,0.0215,true,1,103165
7290000209944,false,רוטב לעגבניות בסיס לשקשוקה 240 ג' יכין,"זנלכל בע""\מ",,יכין בסיס לעגבניות ש,גרם,260.00,גרם,false,,5.60,0.0215,true,1,103170
7290000211442,false,אורז בסגנון פרסי קלאסי סוגת (1 קג),האי נאם סי או אל.טי.,,סוגת אורז פרסי קלאסי,00000000000000000000,0.00,00000000000000000000,false,,9.90,0.0000,true,1,110379
7290000211503,false,סוכר לבן ארוז בשקית,"סוגת תעשיות בע""\מ",,"סוכר סוגת 1 ק""ג",אלף,1.00,"ק""ג",false,,4.50,4.5000,true,1,110380
7290000211985,false,אורז עגול ריזוטו אחד אחד 1 קג,"סוגת תעשיות בע""\מ",,סוגת אורז עגול 1קג,00000000000000000000,0.00,00000000000000000000,false,,10.90,0.0000,true,1,110383
7290000238029,false,"בצק עלים צרפתי מרודד מעדנות 1 ק""ג",תנובה מרכז שיתופי לשיווק תוצרת,,"בצק עלים 1ק""ג",אלף,1.00,"ק""ג",false,,24.90,24.9000,true,1,127417
7290000238036,false,מלאווח מעדנות 6 יח`700 גרם קפוא,תנובה מרכז שיתופי לשיווק תוצרת,,מעדנות מלווח 700גר,גרמים,700.00,100 גרם,false,,18.90,0.0270,true,1,127418
7290000238173,false,.בורקס במילוי גבינה 800 גרם מעדנות,מיוצר עי קונדיטוריית,,בורקס גבינה מעדנות 8,גרמים,800.00,100 גרם,false,,22.90,0.0286,true,1,127419
7290000238180,false,בורקס במילוי תפוא 800 גרם מעדנות,מיוצר עי קונדיטוריית,,"בורקס תפו""א 800גר",גרמים,800.00,100 גרם,false,,21.90,0.0274,true,1,127420
7290000243566,false,שמן קנולה בריאות עץ הזית (750 מל),סוגת תעשיות בעמ,,שמן קנולה בריאות 750,"מ""ל",750.00,"מ""ל",false,,10.90,0.0145,true,1,121262
7290000262031,false,נייר טואלט מולט לבבות 32 גלילים,קימברלי קלארק ישראל שיווק בעמ,,נייר טואלט מולט לב 3,מטרים,563.00,מטר,false,,30.90,0.0549,true,1,103509
7290000286228,false,ספוגיות לניקוי כללי סנו סושי 6 יחידות,החברה הדרומית לשיווק בעמ,,סנו סושי שישיות כריו,אין,0.00,יחידה,false,,10.90,0.0000,true,1,121532
7290000288727,false,סנו מקסימה אבקת כביסה מאסק מילוי 1.25,החברה הדרומית לשיווק בעמ,,סנו מקסימה מאסק 1.25,אלף,1.25,"ק""ג",false,,17.90,14.3200,true,1,153142
7290000289601,false,סנו ז'אוול בריח לבנדר 2 ל',"סנו מפעלי ברונוס בע""מ",,אקונומיקה LEVAJ לבנד,ליטר,2.00,ליטר,false,,13.50,6.7500,true,1,174865
7290000293943,false,"מרסס לבן מסיר אבנית 1 ליטר אנטי קאלק ""סנו""",החברה הדרומית לשיווק בעמ,,*מבצע* סנו אנטי קאלק,00000000000000000000,0.00,00000000000000000000,false,,15.90,0.0000,true,1,121620
7290000295121,false,מטליות זיגזג סנו סושי לניקוי רצפות 3יח',החברה הדרומית לשיווק בעמ,,מטלית זיגזג 3יח,00000000000000000000,0.00,00000000000000000000,false,,12.90,0.0000,true,1,121627
7290000295336,false,סנו מקסימה אבקת כביסה סנסטיב מילוי1.25,החברה הדרומית לשיווק בעמ,,סנו מקסימה סנסיטיב 1,אלף,1.25,"ק""ג",false,,17.90,14.3200,true,1,121630
7290000295404,false,שקיות אשפה עם שרוך 54 * 65 סנו סושי 60 יחידות,החברה הדרומית לשיווק בעמ,,שקיות אשפה נשלפות סנ,אין,0.00,יחידה,false,,23.90,0.0000,true,1,121633
7290000295503,false,זוג שקיות מזון טבע 19*25 סנו סושי 150 יחידות,החברה הדרומית לשיווק בעמ,,סנו סושי צמד שקיות א,אין,0.00,יחידה,false,,14.50,0.0000,true,1,121634
7290000295794,false,ספוגיות מתכת אל חלד לניקוי סנו 3 יחידות,החברה הדרומית לשיווק בעמ,,ספוגיות אל חלד זוג,אין,0.00,יחידה,false,,11.90,0.0000,true,1,121641
7290000313290,false,אסם נודלס נודלס איטריות מסולסלות 200גר,קבוצת אוסם סחר שותפות מוגבלת,,נודלס אטריות מסולסלו,אין,200.00,יחידה,false,,9.90,0.0495,true,1,111745
7290000334684,false,תפוגן טבעות בצל לתנור 700 גרם,קבוצת אוסם סחר שותפות מוגבלת,,טבעות בצל 700 גרם,גרמים,700.00,100 גרם,false,,19.90,0.0284,true,1,112501
7290000363899,false,נקניקיות פיקנטיות טירת צבי 400 גרם,תנובה ענף ב.ע.ד,,נקניקיות פיקנטיות,גרמים,400.00,100 גרם,false,,11.90,0.0298,true,1,116690
7290000364292,false,דקניקים סלסולי פסטרמה הודו על גחלים 1% טירת צבי 120 גרם,תנובה מרכז שיתופי לשיווק תוצרת,,סלסולי פסטרמה גחלים,גרם,120.00,גרם,false,,16.80,0.1400,true,1,116696
7290000364872,false,נקניקיות עוף טירת צבי (400 גרם),טיב טירת צבי 2000,,נקניקיות עוף 400 גרם,גרם,400.00,גרם,false,,15.50,0.0388,true,1,116702
7290000369341,false,לבנה אבו גוש ירוק15%משקל,גבינות אמיר ניצן בעמ,,לאבנה אבו גוש ניצן מ,קילוגרמים,1.00,"ק""ג",true,,58.00,58.0000,true,1,100978
7290000379258,false,"חלה מתוקה קונדטוריה ארוזה ""אנג'ל""",מאפיית שלמה א. אנג'\ל בע,,חלת קונדיטורית אנגל,גרמים,500.00,100 גרם,false,,16.90,0.0338,true,1,159112
7290000408316,false,יוגורט דנונה דל לקטוז 200 גרם,שטראוס גרופ בעמ/מצונן,,דנונה טבעי 3% 200מל,"מ""ל",200.00,"מ""ל",false,,3.70,0.0185,true,1,115041
7290000408354,false,יוגורט עם אורז מצופה שוקולד קקאו 175 ג' דנונה,שטראוס גרופ בעמ/מצונן,,דנונה בר פיצפוצים 17,"מ""ל",175.00,"מ""ל",false,,4.80,0.0274,true,1,115042
7290000416021,false,ממרח בטעם שוקולד השחר העולה (500 גרם),השחר העולה תעשית ממתקים בעמ,,ממרח 500 גר',גרם,500.00,גרם,false,,13.90,0.0278,true,1,120847
7290000416618,false,"ממרח שוקולד פרווה השחר 400 גרם כשל""פ",השחר העולה תעשית ממתקים בעמ,,ממרח שוקולד פרווה הש,גרמים,400.00,100 גרם,false,,12.90,0.0323,true,1,120857
7290000420325,false,"פופסטאר פופקורן למקירוגל בטעם טבעי 5 שקיות,500 גרם","דנשר (1963) בע,מ",,פופ קורן טבעי למיקרו,גרם,500.00,גרם,false,,17.90,0.0358,true,1,100639
7290000420417,false,גלילונית שקיות אשפה 52X65 עם שרוך 60 יחידות,"איטיליאן פוד, אס.פי.",,גלילונית שקיות אשפה,אין,0.00,יחידה,false,,18.90,0.0000,true,1,100641
7290000453415,false,בצק עלים מצונן ומוכן לאפייה שמרית 300 גרם,שטראוס גרופ בעמ/מצונן,,שמרית בצק עלים מצונן,גרמים,300.00,100 גרם,false,,15.90,0.0530,true,1,177267
7290000461047,false,סיימן ברי לה רוסטיק,,,*מבצע* סיימן ברי לה,קילוגרמים,1.00,"ק""ג",true,,150.00,150.0000,true,1,109613
7290000462103,false,סחוג תימני אדום חריף עדין זהבי הכרם 150 גרם,שטראוס גרופ בעמ/מצונן,,סחוג אדום חריף עדין,גרמים,150.00,100 גרם,false,,8.90,0.0593,true,1,115047
7290000467320,false,מלך החומוס אבו מרוואן 400 גרם,קבוצת אוסם סחר שותפות מוגבלת,,צבר חומוס אבו מרוואן,גרם,400.00,גרם,false,,14.90,0.0373,true,1,112514
7290000474090,false,"חלב בקרטון 1%- 1 ליטר בד""צ - מוצר בפיקוח",*החברה המרכזית להפצת משקאותבעמ,,טרה חלב בקרטון 1% 1ל,00000000000000000000,0.00,00000000000000000000,false,,5.40,0.0000,true,1,101161
7290000474502,false,גבינה לבנה טרה 5% מרכיבים טבעיים,*החברה המרכזית להפצת משקאותבעמ,,טרה גבינה לבנה 5% 25,גרם,250.00,גרם,false,,4.60,0.0184,true,1,101170
7290000480442,false,קוואקר שיבולת שועל בשקית 500 גרם,שטראוס פריטו ליי בע`מ,,שיבולת שועל בשקית קו,גרמים,500.00,100 גרם,false,,14.80,0.0296,true,1,115638
7290000481029,false,10 פיתות בטעם ביתי דגנית עין בר,דגנית עין בר תעשיות מזון ואפיה,,פיתות 10 יחידות בטעם,אלף,1.00,"ק""ג",false,,9.90,9.9000,true,1,176424
7290000481883,false,דגנית עין בר מארז לחמניות 10 יח'*75 ג',דגנית עין בר תעשיות מזון ואפיה,,10 לחמניות דגנית,גרמים,750.00,100 גרם,false,,12.90,0.0172,true,1,99428
7290000493183,false,אבקת רוטב פטריות לבשר-30 גרם,קבוצת אוסם סחר שותפות מוגבלת,,אסם אבקת רוטב פטריות,גרמים,30.00,100 גרם,false,,5.50,0.1833,true,1,111783
7290000523125,false,מלח הארץ הים האדום 250 ג' עדין,"חברת מלח הארץ אילת בע""\מ",,מלח ים יבש הארץ 250,גרמים,250.00,100 גרם,false,,6.90,0.0276,true,1,116118
7290000523224,false,מלח הארץ הים האדום 500 ג' עדין,"חברת מלח הארץ אילת בע""\מ",,מלח ים יבש הארץ 500,גרמים,500.00,100 גרם,false,,8.50,0.0170,true,1,116119
7290000523811,false,"צנצנת מלח גס 1 ק""ג מלח הארץ","חברת מלח הארץ אילת בע""\מ",,מלח גס בצנצנת הארץ 1,אלף,1.00,"ק""ג",false,,8.20,8.2000,true,1,116123
7290000530413,false,המבורגר זהב זוגלובק 400 גרם,נקניק נהריה כשר זוגל,,המבורגר זהב 400גר,גרמים,400.00,100 גרם,false,,22.90,0.0572,true,1,130442
7290000554532,false,גבינה צפתית מעודנת במלח ים 5% 200 ג' גד,מחלבות גד שיווק 1992 בעמ,,גד צפתית מעודנת במלח,גרמים,200.00,100 גרם,false,,15.90,0.0795,true,1,107788
7290000554686,false,גבינת לאבנה בתוספת שמן זית וזעתר 5% גד 250 גרם,מחלבות גד שיווק 1992 בעמ,,גד לאבנה בשמן זית וז,גרמים,250.00,100 גרם,false,,14.90,0.0596,true,1,107791
7290000561981,false,אגוז מלך קלוף פיצוחי חממה (200 גרם),בוטנת בעמ חברה לקלייה ואריזת פ,,אגוז מלך 200ג,גרם,200.00,גרם,false,,23.90,0.1195,true,1,96753
7290000574035,false,לחם אחיד פרוס דגנית עין בר (750 גרם),דגנית עין בר תעשיות מזון ואפיה,,לחם אחיד פרוס דגנית,גרמים,750.00,100 גרם,false,,5.90,0.0079,true,1,99434
7290000574141,false,לחם חיטה מלא 750ג' דגנית עין בר,דגנית עין בר תעשיות מזון ואפיה,,לחם חיטה מלאה דגנית,גרמים,750.00,100 גרם,false,,13.90,0.0185,true,1,99441
7290000574172,false,לחם קל מחיטה מלאה 750 ג' דגנית עין בר,דגנית עין בר תעשיות מזון ואפיה,,לחם קל חיטה מלאה דגנ,גרמים,750.00,100 גרם,false,,15.90,0.0212,true,1,99443
7290000644783,false,נתחי פילה סלמון קפוא קג,תנובה קפואים,,דגי תנובה נתחי פילה,קילוגרמים,1.00,"ק""ג",true,,89.90,89.9000,true,1,117499
7290000653815,false,סטייק פרגית טרי כרע,,,סטייק פרגית טרי כרע,קילוגרמים,1.00,"ק""ג",true,,49.90,49.9000,true,1,117605
7290000680185,false,פילה עוף טרי ארוז,,,פילה עוף טרי ארוז,קילוגרמים,1.00,"ק""ג",true,,36.90,36.9000,true,1,165600
7290000688114,false,מים מינרלים מי עדן 1.5 ליטר,יפאורה שותפות מוגבלת לשיווק,,מי עדן 1.5ל,ליטר,2.00,ליטר,false,,5.20,2.6000,true,1,105455
7290000688381,false,מים מינרלים פקק ספורט מי עדן (500x6 מל),יפאורה שותפות מוגבלת לשיווק,,מי עדן פקק ספורט 6*5,ליטר,3.00,ליטר,false,,14.90,4.9667,true,1,105458
7290000688503,false,"מים מינרלים פקק ספורט מי עדן 6*750 מ""ל",יפאורה שותפות מוגבלת לשיווק,,*מבצע* מי עדן ג'ים 6,ליטר,5.00,ליטר,false,,15.90,3.1800,true,1,105461
7290000714133,false,פילה מדומה עגל פולני,,,פילה מדומה עגל פולני,קילוגרמים,1.00,"ק""ג",true,,79.90,79.9000,true,1,97421
7290000714157,false,כתף פולני עגל חלק טר,,,כתף פולני עגל חלק טר,קילוגרמים,1.00,"ק""ג",true,,79.90,79.9000,true,1,97422
7290000714188,false,אנטריקוט עגל פולני ח,,,אנטריקוט עגל פולני ח,קילוגרמים,1.00,"ק""ג",true,,139.90,139.9000,true,1,97424
7290000714201,false,צלעות עגל פולני חלק,,,צלעות עגל פולני חלק,קילוגרמים,1.00,"ק""ג",true,,69.90,69.9000,true,1,97425
7290000714232,false,אסאדו עגל פולני חלק,,,אסאדו עגל פולני חלק,קילוגרמים,1.00,"ק""ג",true,,59.90,59.9000,true,1,97428
7290000715140,false,צלי כתף עגל פולני חל,,,צלי כתף עגל פולני חל,קילוגרמים,1.00,"ק""ג",true,,99.90,99.9000,true,1,97433
7290000835954,false,פילה אמנון 5-7 בוואק,,,פילה אמנון 5-7 בוואק,קילוגרמים,1.00,"ק""ג",true,,32.90,32.9000,true,1,178616
7290000982393,false,*מבצע* סיימן ברס בלו,,,*מבצע* סיימן ברס בלו,קילוגרמים,1.00,"ק""ג",true,,170.00,170.0000,true,1,109741
7290001045688,false,"מיץ תפוזים סחוט פרימור 400 מ""ל",שטראוס גרופ בעמ/מצונן,,פרימור מיץ תפוזים 40,מיליליטרים,400.00,"100 מ""ל",false,,7.90,0.0197,true,1,115061
7290001136362,false,נקה 7 תחליב רחצה אלוורה ארומה ירוק 1 ל',מיוצר בסין.יבוא ושיו,,תחליב רחצה אלוורה ות,אין,0.00,יחידה,false,,15.90,0.0000,true,1,121650
7290001201589,false,ביצים ארוזות L מ. לסר) (12 פיקוח,מ לסר בעמ - חברה לשיווק ביצים,,מ.לסר ביצים רגילות ל,00000000000000000000,0.00,00000000000000000000,false,,11.30,0.0000,true,1,107187
7290001201596,false,ביצים ארוזות M 12 יחידות,מ לסר בעמ - חברה לשיווק ביצים,,מ.לסר ביצים רגילות מ,00000000000000000000,0.00,00000000000000000000,false,,10.40,0.0000,true,1,107188
7290001201862,false,ביצי חופש לארג' 12 יחידות,מ לסר בעמ - חברה לשיווק ביצים,,ביצים חופש L12,00000000000000000000,0.00,00000000000000000000,false,,17.90,0.0000,true,1,107199
7290001247112,false,קרטונית נקטר ספרינג לימונענע 1 ליטר,יפאורה שותפות מובגלת לשיווק,,ספרינג לימונענע קרטו,00000000000000000000,0.00,00000000000000000000,false,,5.90,0.0000,true,1,105473
7290001247143,false,קרטונית נקטר ספרינג תפוחים 1 ליטר,יפאורה שותפות מובגלת לשיווק,,ספרינג תפוח קרטונית,ליטר,1.00,ליטר,false,,5.90,5.9000,true,1,105476
7290001419618,false,וופל בלגי עלמה שחור לבן וניל 200ג',מ.ד אטיאס סוכנויות מזון בע`מ,,וופל עלמה בלגי שוקו,גרמים,200.00,100 גרם,false,,4.80,0.0240,true,1,159786
7290001436790,false,נקנקיות מרגז מיני אקסטרה חריף ארוז בלדי 500 ג',יוליניבר,,מרגז מיני אקסטרה חרי,גרם,500.00,גרם,false,,27.90,0.0558,true,1,127092
7290001594858,false,מארז שישייה בירה טובורג רד (330x6 מל),החברה המרכזית להפצת משקאות בעמ,,טובורג רד בקבוק פקדו,ליטר,1.98,ליטר,false,,43.90,22.1717,true,1,101531
7290001670057,false,כפיות לבן 100 יח`הנמל,הנמל אריזות ושיווק (1984) בעמ,,.סכום ח.פ.כפיות 100י,אין,0.00,יחידה,false,,8.90,0.0000,true,1,102245
7290001791349,false,אקונומיקה פיסגה ריחנית סנו (4 ליטר),החברה הדרומית לשיווק בעמ,,אקונומיקה ריחנית פסג,ליטר,4.00,ליטר,false,,11.50,2.8750,true,1,121675
7290002007234,false,אבקת סוכר הנמל 100 גרם,הנמל אריזות ושיווק 1984 בע`מ,,אבקת סוכר 100ג,גרמים,100.00,100 גרם,false,,2.00,0.0200,true,1,102274
7290002007890,false,כוסות חד פעמיות מפלסטיק 100 יח`,הנמל אריזות ושיווק (1984) בעמ,,כוס שתיה קרה 100 יח,אין,0.00,יחידה,false,,5.90,0.0000,true,1,102294
7290002008507,false,נייר אפיה הנמל 50 יחידות,הנמל אריזות ושיווק (1984) בעמ,,נייר אפיה 50יח,אין,0.00,יחידה,false,,10.90,0.0000,true,1,102322
7290002057376,false,מלפפונים במלח ‏17‏-‏13‏ קבוצת יבנה 320 גרם,"קבוצת יבנה מוצרי מזון בע""מ",,מלפפון במלח 13-17 קב,גרמים,560.00,100 גרם,false,,9.90,0.0177,true,1,119074
7290002065616,false,לחם שיפון גרעינים פרוס אחדות (750 גרם),מאפיית שלמה א. אנג'\ל בע,,שיפון גרעינים אנגל 7,גרמים,750.00,100 גרם,false,,14.90,0.0199,true,1,127216
7290002111696,false,עגבניות מרוסקות פרי מבורך 800 גרם,פרי מבורך,,עגבניות מרוסקות פרי,גרמים,800.00,100 גרם,false,,8.60,0.0107,true,1,103188
7290002253006,false,שום טרי כתוש צנצנת דורות 200 גרם,קבוצת אוסם סחר-שות.מוגבלת,,דורות שום כתוש טרי 2,גרמים,200.00,100 גרם,false,,17.90,0.0895,true,1,112516
7290002253105,false,שום במגשית 20 שיניים כתושות קפוא 80,קבוצת אוסם סחר-שות.מוגבלת,,דורות מגשית קוביות ש,גרם,80.00,גרם,false,,14.90,0.1863,true,1,112519
7290002253167,false,פטרוזיליה טרייה קצוצה מוקפאת 70 גרם,קבוצת אוסם סחר שותפות מוגבלת,,פטרוזליה טרייה קצוצה,גרמים,70.00,100 גרם,false,,11.10,0.1586,true,1,112521
7290002319139,false,שעועית לבנה יבשה מיה 500 ג',מיה תעשיות מזון מ.ת.מ. בעמ,,שעועית מיה 500 גרם,גרמים,500.00,100 גרם,false,,11.80,0.0236,true,1,108014
7290002319184,false,עדשים אדומים יבשים מיה 500 גר',מיה תעשיות מזון מ.ת.מ. בעמ,,עדשים אדומים מיה 500,גרמים,500.00,100 גרם,false,,8.40,0.0168,true,1,108018
7290002327059,false,"בצק עלים 1 ק""ג שלושת האופים קהילות",נטו מלינדה סחר בע`מ,,בצק עלים 1 ק`ג,אלף,1.00,"ק""ג",false,,19.90,19.9000,true,1,157638
7290002331162,false,נביעות מים מינרלים 1.5ל',החברה המרכזית להפצת משקאות בעמ,,נביעות 1.5 ליטר,ליטר,1.50,ליטר,false,,3.90,2.6000,true,1,101551
7290002331421,false,"שישיית מים מינרליים GO TO נביעות 755 מ""ל",החברה המרכזית להפצת משקאות בעמ,,נביעות 6*755מל,ליטר,5.00,ליטר,false,,20.40,4.0800,true,1,101555
7290002360278,false,חליטת צמחים פומפדור מנטה 20 יחידות,"איטיליאן פוד, אס.פי.",,פומפדור חליטת מנטה 2,גרמים,45.00,100 גרם,false,,10.90,0.2422,true,1,113711
7290002371533,false,דקניקים סלסולי פסטרמה דבש טירת צבי 120 גרם,תנובה מרכז שיתופי לשיווק תוצרת,,טירת צבי סלסולי פסטר,גרם,120.00,גרם,false,,16.80,0.1400,true,1,116708
7290002374312,false,שמן קנולה מזוכך 6% מילומור (1 ליטר),"נארז ע""י : א.ג. גילר",,שמן קנולה מילומור 1,ליטר,1.00,ליטר,false,,8.50,8.5000,true,1,121267
7290002502036,false,בונז'ור לחמנית קשר 100ג',בונז'ור,,בונז'ור לחמניוה קשר,אין,0.00,יחידה,false,,2.90,0.0000,true,1,125735
7290002517375,false,בזילקום עלים 30 גר' טעם וריח,"תבליני טעם וריח בע""מ",,תבלין בזיליקום בשקית,גרמים,30.00,100 גרם,false,,8.90,0.2967,true,1,133820
7290002608516,false,לחם מחמצת מקמח מלא (,פילסברי,,לחם מחמצת מקמח מלא,גרמים,530.00,100 גרם,false,,16.90,0.0319,true,1,176282
7290002628088,false,טחון הודו 500גרם קפוא ארוז,בלדי בע`מ,,טחון הודו קפוא 500 ג,גרם,500.00,גרם,false,,9.90,0.0198,true,1,127097
7290002651116,false,גחנון חמסי ארוז 1 קג,מאפיית אריאל,,חמסי גחנון 1 קילו,אלף,1.00,"ק""ג",false,,16.90,16.9000,true,1,106002
7290002661023,false,לחם אחיד ברמן 750 גר,,,לחם אחיד ברמן 750 גר,גרמים,750.00,100 גרם,false,,4.90,0.0065,true,1,160042
7290002703310,false,צנצנת דבש עין חרוד 5,,,צנצנת דבש עין חרוד 5,גרמים,500.00,100 גרם,false,,23.90,0.0478,true,1,139050
7290002703402,false,דבש לחיץ עין חרוד 400 גרם,,,עין חרוד דבש 400גר,גרם,350.00,גרם,false,,19.90,0.0569,true,1,139052
7290002703426,false,דבש לחיץ בבקבוק עין חרוד 250 גרם,דבש שלנו( )1987בעמ,,דבש לחיץ 250 גרם-מכו,גרם,250.00,גרם,false,,13.90,0.0556,true,1,139053
7290002730262,false,נוזל לניקוי כלים קלאסי פלמוליב (750 מל),יבואן ומשווק: ש. שסט,,פלמוליב לכלים קלאסי,מיליליטרים,750.00,"100 מ""ל",false,,12.90,0.0172,true,1,113716
7290002757511,false,דלידג קציצות דג לבישול 750 גר קהילות,נטו מלינדה סחר בע`מ,,דלידג קציצות דג לביש,גרמים,750.00,100 גרם,false,,31.90,0.0425,true,1,109997
7290002787884,false,"מקלות פילו תפו""א 600 גרם שלושת האופים",נטו מלינדה סחר בע`מ,,שלושת האופים מקלות פ,גרמים,600.00,100 גרם,false,,21.90,0.0365,true,1,157696
7290002824183,false,"גבינה לבנה סקי 500 גרם 5% ""שטראוס"" -מוצר בפיקוח",שטראוס גרופ בעמ/מצונן,,שטראוס גבינה לבנה 5%,גרם,500.00,גרם,false,,9.20,0.0184,true,1,115063
7290002824640,false,"גבינת סקי 250 גרם 5% ""שטראוס"" -מוצר בפיקוח",שטראוס גרופ בעמ/מצונן,,שטראוס גבינה 5% 250ג,גרם,250.00,גרם,false,,4.60,0.0184,true,1,115065
7290002868996,false,"קוטג' 5% שומן, רכיבים טבעיים, 250 גרם",*החברה המרכזית להפצת משקאותבעמ,,טרה קוטג מועשר 5% 25,גרם,250.00,גרם,false,,5.50,0.0220,true,1,101203
7290002871361,false,"בירה קרלסברג בקבוק 500 מ""ל חוזר",החברה המרכזית להפצת משקאות בעמ,,קרלסברג בירה בק.חוזר,מיליליטרים,500.00,"100 מ""ל",false,,8.90,0.0178,true,1,101578
7290002900566,false,פסטרמה ברביקיו דל שומן טירת צבי 400 גרם,הנסיך- מפעל לייצור ט,,פסטרמה ברביקיו דל שו,גרמים,360.00,100 גרם,false,,29.90,0.0831,true,1,116713
7290002909880,false,"פולי סויה - אדממה - 400 גרם (בד""ץ עדה חרדית)",בלדי בעמ,,פולי סויה אדממה 400,גרם,400.00,גרם,false,,6.00,0.0150,true,1,127121
7290002972365,false,קמח תופח שטיבל 13 ללא צורך בניפוי 1 קג,טחנות קמח שטיבל בש בעמ,,קמח תופח ללא צורך בנ,אלף,1.00,"ק""ג",false,,8.90,8.9000,true,1,103681
7290002973676,false,"קמח שטיבל לחלה 18 ללא ניפוי 1 ק""ג",טחנת קמח דגן-שטיבל,,קמח לחלה ללא צורך בנ,אלף,1.00,"ק""ג",false,,8.20,8.2000,true,1,176507
7290002987963,false,"חומוס אחלה 1 ק""ג שטראוס",שטראוס גרופ בעמ/מצונן,,אחלה חומוס 1קג,אלף,1.00,"ק""ג",false,,15.90,15.9000,true,1,115068
7290003015627,false,"נוזל רצפות אפרסק 2 ליטר ""ריצפז פרש""",החברה הדרומית לשיווק בעמ,,ריצפז פרש אפרסק 2 לי,ליטר,2.00,ליטר,false,,15.90,7.9500,true,1,121702
7290003026036,false,"ד""ר פישר - קמיל בלו סנסיטיב אל סבון עדין לתינוק 1 ליטר","פישר תעשיות פרמבצטיות בע""מ",,קמיל בלו סנסיטיב מוע,אין,0.00,יחידה,false,,21.90,0.0000,true,1,121037
7290003029181,false,משקה יטבתה שוקו' בקבוק 1ל מהדרין,שטראוס גרופ בעמ/מצונן,,יטבתה שוקו בקבוק 1ל,ליטר,1.00,ליטר,false,,12.50,12.5000,true,1,115072
7290003029433,false,"משקה יטבתה שוקו פקק 250 מ""ל מהדרין",שטראוס גרופ בעמ/מצונן,,יטבתה שוקו +פקק 250מ,"מ""ל",250.00,"מ""ל",false,,5.60,0.0224,true,1,115077
7290003029792,false,"משקה יטבתה שוקו שקיות מהדרין מארז 225X8מ""ל",שטראוס גרופ בעמ/מצונן,,יטבתה מהדרין שוקו שק,ליטר,2.00,ליטר,false,,20.90,10.4500,true,1,115081
7290003029815,false,חלב מועשר 3% בכד יטבתה 2 ליטר,שטראוס גרופ בעמ/מצונן,,חלב מועשר בכד2 ליטר,ליטר,2.00,ליטר,false,,15.70,7.8500,true,1,115082
7290003107223,false,טחנת קמח דגן סולת 1קג,טחנות קמח דגן (2006) בעמ,,"סולת חיטה דגן 1 ק""ג",אלף,1.00,"ק""ג",false,,5.90,5.9000,true,1,103687
7290003107247,false,שמרים יבשים אינסטנט33גרם,אבאל יזמות בעמ,,שטיבל שמרים יבשים 33,גרמים,33.00,100 גרם,false,,5.60,0.1697,true,1,103689
7290003107315,false,סולת בשקית טחנת קמח דגן (1 קג),טחנות קמח דגן (2006) בעמ,,"סולת דגן 1 ק""ג",אלף,1.00,"ק""ג",false,,3.90,3.9000,true,1,103690
7290003107346,false,קמח חיטה לבן בדץ טחנת קמח דגן (1 קג),טחנות קמח דגן (2006) בעמ,,קמח חיטה לבן דגן 1 ק,אלף,1.00,"ק""ג",false,,3.90,3.9000,true,1,103692
7290003126958,false,טופו גבינה גוש בואקום צוריאל 300 ג',*החברה המרכזית להפצת משקאותבעמ,,צוריאל גבינה גוש טופ,גרמים,300.00,100 גרם,false,,12.90,0.0430,true,1,101210
7290003145782,false,צנובר רכיבים טבעיים קליית גת 100 גרם,הדקלאים אגודת שיתופי,,צנובר טבעי 100 גרם,גרמים,100.00,100 גרם,false,,26.90,0.2690,true,1,106649
7290003145959,false,פקאן טבעי קליית גת 150 גרם,ליימן שליסל בעמ,,אגוז פקאן טבעי 150 ג,גרמים,150.00,100 גרם,false,,19.90,0.1327,true,1,106650
7290003220595,false,"ווק אורז לסושי 1 ק""ג WOK","מיה תעשיות מזון בע""מ",,אורז לסושי 1 ק'ג WOK,00000000000000000000,0.00,00000000000000000000,false,,14.40,0.0000,true,1,132620
7290003229123,false,פסטרמה הודו על גחלים 2% טירת צבי 400 גרם,תנובה מרכז שיתופי לשיווק תוצרת,,א.מ. פסטרמה על גחלים,גרם,400.00,גרם,false,,29.90,0.0747,true,1,116722
7290003229192,false,נקניק כתף בקר מעושן 2% טירת צבי 400 גרם,תנובה מרכז שיתופי לשיווק תוצרת,,א.מ. כתף בקר מעושן 4,גרמים,400.00,100 גרם,false,,37.90,0.0947,true,1,116726
7290003287215,false,גולש בקר קפוא ארוז 800 ג',בלדי,,גולש בקר קפוא ארוז 8,גרמים,800.00,100 גרם,false,,35.90,0.0449,true,1,127123
7290003287291,false,קבב טלה וצנובר קצביה ארוז 600 ג' - 8 יח',בלדי בע`מ,,קבב טלה וצנובר קצביה,גרם,600.00,גרם,false,,27.90,0.0465,true,1,127099
7290003321155,false,יוגורט בר עם פקאן מצופה שוקולד 183 ג' דנונה,שטראוס גרופ בעמ/מצונן,,דנונה בר פקאן 183 מל,"מ""ל",183.00,"מ""ל",false,,4.80,0.0262,true,1,115085
7290003570164,false,מינוט שווארמה פרגית 300 גרם / 20 יחידות,"בלדי בע""\מ",,מינוט שוארמה פרגית 3,גרמים,300.00,100 גרם,false,,26.90,0.0897,true,1,162957
7290003643004,false,אורז בסמטי קלאסי סוגת (1 קג),האי נאם סי או אל.טי.,,סוגת אורז בסמטי הודי,00000000000000000000,0.00,00000000000000000000,false,,14.90,0.0000,true,1,110396
7290003643646,false,"סוכר דמררה קלאסי בצנצנת סוגת 1 ק""ג",האי נאם סי או אל.טי.,,*מבצע* סוכר דמררה 1,00000000000000000000,0.00,00000000000000000000,false,,10.00,0.0000,true,1,110407
7290003643707,false,גריסים סוגת (500 גרם),"סוגת תעשיות בע""מ",,סוגת גריסים 500גר,גרמים,500.00,100 גרם,false,,6.90,0.0138,true,1,110409
7290003643714,false,חומוס גרגירים 500 גרם סוגת,האי נאם סי או אל.טי.,,חומוס 500 גרם,גרמים,500.00,100 גרם,false,,8.90,0.0178,true,1,110410
7290003643745,false,כוסמת סוגת (500 גרם),האי נאם סי או אל.טי.,,כוסמת 500 גרם,גרמים,500.00,100 גרם,false,,6.90,0.0138,true,1,110412
7290003643806,false,שעועית לבנה יבשה סוגת (500 גרם),האי נאם סי או אל.טי.,,שעועית לבנה 500 גרם,גרמים,500.00,100 גרם,false,,9.90,0.0198,true,1,110417
7290003681365,false,קישוט לעוגה צבעוני בבצנצנת מיה 80 גרם,מיה תעשיות מזון מ.ת.מ. בעמ,,70 סוכריות קישוט לעו,גרמים,70.00,100 גרם,false,,5.90,0.0843,true,1,153065
7290003706167,false,בצל ירוק ארוז,,,בצל ירוק ארוז,00000000000000000000,0.00,00000000000000000000,false,,6.90,0.0000,true,1,137148
7290003726615,false,"טופו ויילר 300 גרם ""שטראוס""",שטראוס גרופ בעמ/מצונן,,טופו ויילר 300 גרם.,גרמים,300.00,100 גרם,false,,13.50,0.0450,true,1,186277
7290003726868,false,טופו חומוס בתוספת עגבניות מיובשות 300 ג' משק ויילר,שטראוס גרופ בעמ/מצונן,,טופו חומוס עם עגבניו,גרמים,300.00,100 גרם,false,,13.90,0.0463,true,1,178557
7290003726875,false,טופו חומוס בתוספת פסטו ויילר 300 גרם,שטראוס גרופ בעמ/מצונן,,טופו חומוס עם פסטו 3,גרמים,300.00,100 גרם,false,,13.90,0.0463,true,1,181737
7290003805501,false,"פתית בסגנון שוודי תלמה בד""צ 300 גרם",יוניליוור ישראל שיווק בע`מ,,פתית שוודי חסכוני בד,גרמים,300.00,100 גרם,false,,17.90,0.0597,true,1,104693
7290004011284,false,בסיס להכנת קצפת צמחי ריץ` (212 מל),ריצ' פרודקטס קורפריי,,ריצ בסיס להכנת קצפת,מיליליטרים,212.00,"100 מ""ל",false,,8.90,0.0420,true,1,153076
7290004011338,false,קצפת מתוקה מוכנה ספריי ריץ` (250 מל),נטו מלינדה סחר בע`מ,,ריצ קצפת במיכל 250מל,מיליליטרים,250.00,"100 מ""ל",false,,12.90,0.0516,true,1,110097
7290004063016,false,מלח שולחן מעולה סלית (1 קג)פיקוח,האי נאם סי או אל.טי.,,"מלח שולחן 1 ק""ג 1קג",00000000000000000000,0.00,00000000000000000000,false,,1.90,0.0000,true,1,108631
7290004063115,false,"מלח מטבח עבה להמלחת בשר ובישול 1 ק""ג 1ק""ג",האי נאם סי או אל.טי.,,מלח למליחות בשר וביש,00000000000000000000,0.00,00000000000000000000,false,,1.90,0.0000,true,1,108632
7290004064389,false,מלח הימלאיה דק 250ג מלחיה סוגת*,"חברת מלח הארץ אילת בע""\מ",,מלח הימלאיה דק מלחיי,גרמים,250.00,100 גרם,false,,11.90,0.0476,true,1,185883
7290004119133,false,כד יוגורט תנובה 6.5% שומן 1.5 ליטר,מיוצר עי קונדיטוריית,,יוגורט כדים תנובה 7%,ליטר,2.00,ליטר,false,,17.90,8.9500,true,1,117141
7290004120634,false,גבינה בולגרית (2505% גרם)פיראוס תנובה,תנובה מרכז שיתופי לש,,פיראוס בולגרית 5% 25,גרמים,250.00,100 גרם,false,,19.98,0.0799,true,1,117156
7290004121488,false,יוגורט ביו דיאט 0% אפרסק יופלה (150 גרם),תנובה מרכז שיתופי לש,,יופלה דיאט אפרסק 0%,"מ""ל",150.00,"מ""ל",false,,4.70,0.0313,true,1,117158
7290004121853,false,גבינה בולגרית קוביות (2005% גרם)פיראוס,תנובה מרכז שיתופי לש,,פיראוס בולגרית בקובי,גרם,200.00,גרם,false,,22.90,0.1145,true,1,117162
7290004122119,false,פתיתי פרמזן לפסטה 23% השף הלבן 100 גרם,"תנובה בע""מ ***",,שף לבן פתיתי פרמזן ל,גרם,100.00,גרם,false,,12.90,0.1290,true,1,117164
7290004122195,false,גוש חלב גבינה צהובה פרוסה 28% תנובה 200 גרם,"תנובה בע""מ ***",,גוש חלב פרוס 28% 200,גרם,200.00,גרם,false,,14.50,0.0725,true,1,117165
7290004122270,false,עמק קלאסית פרוסות גבינה חצי קשה 28% 200 גרם,תנובה מרכז שיתופי לש,,עמק פרוס סגירה חוזרת,גרם,200.00,גרם,false,,16.40,0.0820,true,1,117166
7290004122348,false,גבינה צהובה מופחתת שומן 9% עמק (200 גרם),תנובה מרכז שיתופי לש,,עמק לייט 9% 200ג,גרם,200.00,גרם,false,,16.90,0.0845,true,1,117167
7290004125370,false,"שמנת חמוצה 9% מופחתת שומן תנובה 200 מ""ל מהדרין",תנובה מרכז שיתופי לש,,תנובה שמנת מופחתת 9%,"מ""ל",200.00,"מ""ל",false,,3.70,0.0185,true,1,117180
7290004125509,false,"שמנת חמוצה 15% מועשרת תנובה 100 מ""ל",תנובה מרכז שיתופי לש,,תנובה שמנת חצי מנה 1,"מ""ל",100.00,"מ""ל",false,,1.80,0.0180,true,1,117185
7290004125585,false,משקה סויה בטעם וניל תנובה 1 ליטר,תנובה מרכז שיתופי לש,,סויה תנובה משקה סויה,00000000000000000000,0.00,00000000000000000000,false,,11.90,0.0000,true,1,117187
7290004125721,false,"השף הלבן שמנת עמידה לבישול 15% תנובה 250 מ""ל",תנובה מרכז שיתופי לש,,שף לבן שמנת לבישול 1,"מ""ל",250.00,"מ""ל",false,,8.50,0.0340,true,1,117189
7290004125776,false,גבינה צהובה קלאסית 28% עמק (400 גרם),"תנובה בע""מ ***",,עמק גבינה קשה פרוסה,גרם,400.00,גרם,false,,29.90,0.0747,true,1,117191
7290004127329,false,קוטג תנובה גביע 250 גרם %5 ו.מהדרין,מיוצר עי קונדיטוריית,,קוטג תנובה מהדרין 5%,גרם,250.00,גרם,false,,5.70,0.0228,true,1,117197
7290004127336,false,קוטג תנובה גביע 250 גרם %9 ו.מהדרין,מיוצר עי קונדיטוריית,,קוטג תנובה 9% 250ג,גרם,250.00,גרם,false,,5.70,0.0228,true,1,117198
7290004127800,false,"גבינה לבנה 500 גרם 5% ""תנובה"" -מוצר בפיקוח",מיוצר עי קונדיטוריית,,תנובה גבינה לבנה 5%,גרם,500.00,גרם,false,,9.20,0.0184,true,1,117200
7290004129156,false,גבינת שמנת25% עם שום שמיר 225 ג' נפוליאון,תנובה מרכז שיתופי לש,,נפוליאון שום שמיר 25,גרם,225.00,גרם,false,,14.90,0.0662,true,1,117211
7290004130794,false,משקה סויה במתיקות מופחתת תנובה (1 ליטר),תנובה מרכז שיתופי לש,,סויה תנובה טבעי במתי,ליטר,1.00,ליטר,false,,11.90,11.9000,true,1,117218
7290004131074,false,"חלב 1 ליטר 3% קרטון ""תנובה""- מוצר בפיקוח",תנובה מרכז שיתופי לש,,חלב תנובה טרי מהדרין,00000000000000000000,0.00,00000000000000000000,false,,5.75,0.0000,true,1,117221
7290004132552,false,משקה סויה בטעם טבעי לייט תנובה 1 ליטר,תנובה מרכז שיתופי לש,,סויה תנובה לייט בטעם,ליטר,1.00,ליטר,false,,11.90,11.9000,true,1,117233
7290004132712,false,חטיף אצבעות גבינת מוצרלה 20% 172 ג' עמק,תנובה מרכז שיתופי לש,,עמק אצבעות מוצרלה 20,גרם,174.00,גרם,false,,16.90,0.0971,true,1,117235
7290004135614,false,גבינה בולגרית מעודנת 5% פיראוס 250 גרם,"תנובה בע""מ ***",,*מבצע* פיראוס בולגרי,גרם,250.00,גרם,false,,19.90,0.0796,true,1,117252
7290004136598,false,מארז הפסקת אוכל עם קורנפלקס ומשקה חלב עמיד בטעם וניל,פארייפאבה אגרואינדוס,,מארז הפסקת אוכל חלב,גרמים,150.00,100 גרם,false,,9.90,0.0660,true,1,117259
7290004136857,false,מעדן ג`לי בטעם פטל תנובה (125 גרם),תנובה מרכז שיתופי לש,,ג'לי תנובה פטל 125מל,"מ""ל",125.00,"מ""ל",false,,2.70,0.0216,true,1,117260
7290004137311,false,גבינה צהובה מופחתת שומן 9% עמק (400 גרם),"תנובה בע""מ ***",,עמק לייט משפחתית 9%,גרם,400.00,גרם,false,,30.90,0.0772,true,1,117265
7290004230081,false,קציצות עוף ברוטב עגבניות שגב 800 גרם,"טיבון ויל אחזקות בע""\מ",,שגב קציצות עוף ברוטב,גרמים,800.00,100 גרם,false,,24.90,0.0311,true,1,110120
7290004584351,false,גבינה לבנה סימפוניה עם תוספות 200 ג' חמישית 200,שטראוס גרופ בעמ/מצונן,,סימפוניה חמישית 200ג,גרמים,200.00,100 גרם,false,,12.40,0.0620,true,1,115091
7290004731519,false,"מקסימה מרכך ומבשם כביסה למייבש סנסיטיב סנו 750 מ""ל",החברה הדרומית לשיווק בעמ,,סנו מקסימה למייבש סנ,מיליליטרים,750.00,"100 מ""ל",false,,18.50,0.0247,true,1,121727
7290004923051,false,מים מינרלים עין גדי 2 ל',יפאורה שותפות מוגבלת לשיווק,,עין גדי מים מינרלים,ליטר,2.00,ליטר,false,,3.60,1.8000,true,1,105496
7290005287206,false,רביעיית טונה בשמן סטארקיסט 160 גרם,דיפלומט מפיצים (1968) בעמ**,,טונה סטארקיסט בשמן ב,גרם,640.00,גרם,false,,26.90,0.0420,true,1,117696
7290005287251,false,רביעיית טונה במים סטארקיסט 160 גרם,דיפלומט מפיצים (1968) בעמ**,,טונה סטארקיסט במים ב,גרם,640.00,גרם,false,,26.90,0.0420,true,1,117699
7290005384851,false,וילי פוד מיץ לימון בדץ 200מל,קריות זול,,מיץ לימון משומר וילי,מיליליטרים,200.00,"100 מ""ל",false,,3.90,0.0195,true,1,98151
7290005403972,false,תחתיות ארטישוק 400 ג,,,תחתיות ארטישוק 400 ג,גרם,400.00,גרם,false,,15.90,0.0398,true,1,149917
7290005403989,false,במיה קפואה 600 גרם ש,,,במיה קפואה 600 גרם ש,גרמים,600.00,100 גרם,false,,9.90,0.0165,true,1,149095
7290005427725,false,"חמישיית מגבונים מבושם ""ליטופים""",טרופיקל דגיל קוסמטיק,,מגבונים ליטופים מארז,00000000000000000000,0.00,00000000000000000000,false,,26.70,0.0000,true,1,121829
7290005559907,false,פיצה משפחתית 100% גבינה מעדנות 500 גרם,תנובה מרכז שיתופי לשיווק תוצרת,,פיצה משפחתית גבינה 5,גרמים,500.00,100 גרם,false,,23.90,0.0478,true,1,127428
7290005591761,false,דבש טהור מפרחי בר בלחיץ 400 ג' יד מרדכי,מכוורת יד מרדכי שטרא,,דבש טהור מפרחי בר בל,גרם,400.00,גרם,false,,26.00,0.0650,true,1,114369
7290005610127,false,תפוח אדמה גורמה דוד משה,אראל תוצרת חקלאית בע,,תפו`א גורמה דוד משה,קילוגרמים,1.00,"ק""ג",true,,7.90,7.9000,true,1,137133
7290005719189,false,לחם מחמצת שיפון אגוז,,,לחם מחמצת שיפון אגו,אין,0.00,יחידה,false,,17.90,0.0000,true,1,176306
7290005838002,false,מעדן גבינה ויוגורט בטעם וניל 88 ג' דניאלה,שטראוס גרופ בעמ/מצונן,,דניאלה מעדן גבינה 15,"מ""ל",150.00,"מ""ל",false,,4.30,0.0287,true,1,115099
7290005839078,false,שמיניית יוגורט לבן 3% ביו דנונה 150 גרם,שטראוס גרופ בעמ/מצונן,,דנונה ביו מארז חסכון,אלף,1.00,"ק""ג",false,,17.60,17.6000,true,1,115102
7290005901348,false,קבב כבש מעדני המנגל,,,קבב כבש מעדני המנגל,גרמים,400.00,100 גרם,false,,15.90,0.0398,true,1,183765
7290005938245,false,ממרח פסטו קלאסי פרסקו 220ג' מצונן,מיוצר עי פרסקו חצבה,,פרסקו ממרח מצונן פסט,גרמים,220.00,100 גרם,false,,19.90,0.0905,true,1,110151
7290005992735,false,לאבנה טבעית 5% 250 גר' - רבנות,מחלבות גד שיווק 1992 בעמ,,גד לאבנה 5% 250ג,גרמים,250.00,100 גרם,false,,12.90,0.0516,true,1,107807
7290006241191,false,אגוזי מלך טבעיים קליית גת (150 גרם),הדקלאים אגודת שיתופי,,אגוזי מלך 150 גרם .,גרמים,150.00,100 גרם,false,,17.90,0.1193,true,1,106663
7290006271174,false,ג'חנון לאפיה בתנור מעדנות 700 גרם,תנובה מרכז שיתופי לשיווק תוצרת,,גחנון לאפיה בתנור מע,גרמים,700.00,100 גרם,false,,20.60,0.0294,true,1,127434
7290006271655,false,מיני בורקס במילוי גבינה מעדנות (800 גרם),תנובה מרכז שיתופי לשיווק תוצרת,,מיני בורקס גבינה 800,גרמים,800.00,100 גרם,false,,26.90,0.0336,true,1,127440
7290006272072,false,חטיפי פיצה גבינה מעדנות 650 גרם,תנובה קפואים,,חטיפי פיצה מעדנות 65,גרמים,650.00,100 גרם,false,,34.90,0.0537,true,1,127443
7290006306319,false,רביולי במילוי בטטה 400 ג' פסטה נונה,דורום תעשיות מזון ופסטה,,פסטה נונה פסטה נונה,גרמים,400.00,100 גרם,false,,25.90,0.0647,true,1,117285
7290006449955,false,מלפפון בייבי מארז,"מרינה פטריות הגליל בע""מ",,מלפפון בייבי,אין,0.00,יחידה,false,,9.90,0.0000,true,1,181755
7290006492432,false,גבינה מוצרלה בייבי 18% גד (150 גרם),מחלבות גד שיווק 1992 בעמ,,גד בייבי מוצרלה 150ג,גרם,170.00,גרם,false,,15.50,0.0912,true,1,107808
7290006494917,false,טוסו וופל קלאסי במילוי שוקולד 200 גרם,"איטיליאן פוד, אס.פי.",,טוסו וופל טעם שוקולד,גרמים,180.00,100 גרם,false,,12.30,0.0683,true,1,100720
7290006511751,false,פטריות שמפניון חתוך ויליפוד 290X3 ג' בד”צ,ג.וילי-פוד אינטרנשיונל בעמ,,פטריות חתוכות ויליפו,גרמים,870.00,100 גרם,false,,9.90,0.0114,true,1,98158
7290006644411,false,מארז רביעת סודה שוופס,תבורי שותפות מוגבלת לשיווק,,שוופס סודה 4*1.5ל,ליטר,6.00,ליטר,false,,11.00,1.8333,true,1,105502
7290006644510,false,"מיץ ענבים 500 מ""ל תפוזינה",יפאורה שותפות מוגבלת לשיווק,,תפוזינה משקה קל ענבי,"מ""ל",500.00,"מ""ל",false,,4.50,0.0090,true,1,153047
7290006644732,false,ספרינג פירות טרופיים 1 ל,יפאורה שותפות מובגלת לשיווק,,ספרינג פירות קיץ קרט,00000000000000000000,0.00,00000000000000000000,false,,5.90,0.0000,true,1,105512
7290006653819,false,קוסקוס אמיתי דק בשקית 350 גרם,קבוצת אוסם סחר שותפות מוגבלת,,קוסקוס דק בשקית אסם,גרמים,350.00,100 גרם,false,,6.90,0.0197,true,1,111814
7290006664051,false,"אקטימל לבן 1.51 ק""ג מארז 14 יחידות",שטראוס גרופ בעמ/מצונן,,אקטימל טבעי 14*100מל,ליטר,1.00,ליטר,false,,32.60,32.6000,true,1,115108
7290006664532,false,יוגורט עם תות 3% שומן 150 ג' דנונה,שטראוס גרופ בעמ/מצונן,,דנונה תות 3% 150מל,גרם,150.00,גרם,false,,3.90,0.0260,true,1,115115
7290006664990,false,"יוגורט דנונה ביו לבן 1.7% שומן 8*150 מ""ל",שטראוס גרופ בעמ/מצונן,,דנונה ביו מארז חיסכו,אלף,1.00,"ק""ג",false,,17.60,17.6000,true,1,115120
7290006739421,false,נקניק סלמי מעושן איטלקי זוגלובק 300 גרם,נקניק נהריה כשר זוגל,,סלמי מעושן איטלקי ז,גרמים,300.00,100 גרם,false,,32.70,0.1090,true,1,130497
7290006742292,false,פסטרמה הודו בדבש 330 ג' זוגלובק,נקניק נהריה כשר זוגל,,פסטרממיה בדבש 1% 330,גרמים,330.00,100 גרם,false,,32.90,0.0997,true,1,130521
7290006742315,false,פסטרמה חזה הודו ברביקיו 2% זוגלובק 330 גרם,נקניק נהריה כשר זוגל,,חזה הודו ברביקיו 1%,גרמים,330.00,100 גרם,false,,32.90,0.0997,true,1,130523
7290006804907,false,פיתה אסלית אפויה קפואה (חמישיות),קונסיגנציה ג`נרל מילס ישראל בע,,פיתות אסלי חמישיה,גרמים,500.00,100 גרם,false,,7.90,0.0158,true,1,176289
7290006983763,false,עוגת הבית בטעם שוקולד אסם (400 גרם),קבוצת אוסם סחר שותפות מוגבלת,,עוגת הבית שוקולד 400,גרמים,400.00,100 גרם,false,,14.90,0.0373,true,1,111822
7290008268301,false,אוכמניות יחידה,בראשית,,אוכמניות,גרמים,120.00,100 גרם,false,,13.90,0.1158,true,1,177950
7290008300599,false,70*50 'שקיות אשפה שר,,,70*50 'שקיות אשפה שר,00000000000000000000,0.00,00000000000000000000,false,,16.90,0.0000,true,1,135068
7290008300605,false,90*75 'שקיות אשפה 50,בריזה,,90*75 'שקיות אשפה 50,00000000000000000000,0.00,00000000000000000000,false,,11.90,0.0000,true,1,135069
7290008300629,false,שקיות אוכל בקופסא של,,,שקיות אוכל בקופסא של,אין,0.00,יחידה,false,,12.90,0.0000,true,1,163403
7290008340618,false,סלמון מעושן מצונן דלידג 100 ג',נטו מילנדה סחר בעמ*,,סלמון 100 מעושן מצונ,גרמים,100.00,100 גרם,false,,20.00,0.2000,true,1,110167
7290008347211,false,אצבעות דג מצופות דלידג (700 גרם),אף.סי תבליני בגליל ב,,דלידג אצבעות דג 700,גרמים,700.00,100 גרם,false,,26.90,0.0384,true,1,110191
7290008693134,false,מעדן גבינה ויוגורט בטעם תות 5% שומן 88 ג' דניאלה,שטראוס גרופ בעמ/מצונן,,דניאלה תות מעדן גבינ,"מ""ל",150.00,"מ""ל",false,,4.30,0.0287,true,1,115128
7290008745239,false,תפוצ'יפס קראנצ' בטעם טבעי עלית 50 גרם,"שטראוס פריטו ליי בע""\מ )",,תפוציפס קראנץ טבעי 5,גרם,50.00,גרם,false,,4.30,0.0860,true,1,115646
7290008747547,false,תפוצ'יפס קראנץ' בטעם טבעי עלית 200 גרם,"שטראוס פריטו ליי בע""\מ )",,*מבצע* תפוציפס קראנץ,גרם,200.00,גרם,false,,8.90,0.0445,true,1,153104
7290008753111,false,תפוצ'יפס קראנץ' בטעם מקסיקני עלית 50 גרם,"שטראוס פריטו ליי בע""\מ )",,תפוציפס מקסיקני 50גר,גרמים,50.00,100 גרם,false,,4.30,0.0860,true,1,115650
7290008775816,false,ערגליות עוגיות במילוי שוקולד אסם 300 גרם,קבוצת אוסם סחר שותפות מוגבלת,,ערגליות שוקולד 300 ג,גרמים,300.00,100 גרם,false,,11.50,0.0383,true,1,111833
7290008775823,false,ערגליות עוגיות תות שדה אסם 300 גרם,קבוצת אוסם סחר שותפות מוגבלת,,ערגליות תות שדה 300,גרמים,300.00,100 גרם,false,,11.50,0.0383,true,1,111834
7290008805384,false,סלקטד מוסקטו לבן יקבי כרמל (750 מל),אגודת הכורמים הקואופרטיב,,יין סלקטד מוסקטו 750,מיליליטרים,750.00,"100 מ""ל",false,,27.90,0.0372,true,1,95671
7290008849777,false,רוטב צ'ילי מתוק אוליביה 345 גרם,תה ויסוצקי (ישראל)בעמ,,אוליביה רוטב צילי מת,גרמים,350.00,100 גרם,false,,12.90,0.0369,true,1,98569
7290009018004,false,פיקדון בקבוק/פחית בו,Unknown,,פיקדון בקבוק/פחית בו,00000000000000000000,0.00,00000000000000000000,false,,0.30,0.0000,true,1,95282
7290009018011,false,פיקדון בקבוק/פחיות ש,,,פיקדון בקבוק/פחיות ש,00000000000000000000,0.00,00000000000000000000,false,,1.80,0.0000,true,1,95990
7290009018264,false,פיקדון בקבוק/פחית רב,,,פיקדון בקבוק/פחית רב,00000000000000000000,0.00,00000000000000000000,false,,1.20,0.0000,true,1,95756
7290009083842,false,שתיה בקבוק 1.5 ליטר,,,שתיה בקבוק,ליטר,2.00,ליטר,false,,10.00,5.0000,true,1,138061
7290010060597,false,"סרקל שמפו דר' פישר 1.250 מ""ל","פישר תעשיות פרמבצטיות בע""מ",,סרקל שמפו לילדים 125,ליטר,1.25,ליטר,false,,32.90,26.3200,true,1,178315
7290010066582,false,נתחי טונה בשמן קנולה רביעיה * 158 ג' פילטונה,תעשיות פילטונה בעמ,,פיל טונה נתחי טונה ב,גרם,632.00,גרם,false,,24.90,0.0394,true,1,117638
7290010118328,false,חטיף צ`יפס בטעם טבעי תפוצ`יפס (40x6 גרם),"שטראוס פריטו ליי בע""מ",,תפוצ'יפס טבעי 6*40ג,גרם,240.00,גרם,false,,11.90,0.0496,true,1,115661
7290010153510,false,בורגול יבש מיה 500 גר',מיה תעשיות מזון מ.ת.מ. בעמ,,בורגול מיה 500 גרם,גרמים,500.00,100 גרם,false,,5.90,0.0118,true,1,108152
7290010192007,false,פטרוזיליה,,,פטרוזיליה,00000000000000000000,0.00,00000000000000000000,false,,4.90,0.0000,true,1,137168
7290010192014,false,שמיר,,,שמיר,אין,0.00,יחידה,false,,4.90,0.0000,true,1,137169
7290010192021,false,כוסברה ארוז,,,כוסברה,00000000000000000000,0.00,00000000000000000000,false,,4.90,0.0000,true,1,137170
7290010192038,false,שורש פטרוזיליה ארוז,,,שורש פטרוזיליה ארוז,00000000000000000000,0.00,00000000000000000000,false,,6.90,0.0000,true,1,137171
7290010192045,false,נענע יחידה,חקלאי,,נענע יחידה,00000000000000000000,0.00,00000000000000000000,false,,4.90,0.0000,true,1,137172
7290010192052,false,סלרי עלים (אמריקאי),,,סלרי עלים (אמריקאי),00000000000000000000,0.00,00000000000000000000,false,,6.90,0.0000,true,1,137173
7290010192069,false,סלרי ראש יחידה,קטיף.,,סלרי ראש ארוז,00000000000000000000,0.00,00000000000000000000,false,,6.90,0.0000,true,1,137174
7290010192083,false,מנגולד ארוז,,,מנגולד ארוז,יח',1.00,יח',false,,6.90,6.9000,true,1,137175
7290010429554,false,"שמן זית כתית מעולה יד מרדכי 2 קלאסי, 750 מ""ל",מכוורת יד מרדכי שטראוס ב,,יד מרדכי ש.זית כתית,"מ""ל",750.00,"מ""ל",false,,37.90,0.0505,true,1,114414
7290010471669,false,יוגורט תות עם קורנפלקס מצופה שוקולד ללא גלוטן 3.9%,שטראוס גרופ בעמ/מצונן,,דנונה בר תות קורנפלק,"מ""ל",175.00,"מ""ל",false,,4.80,0.0274,true,1,115129
7290010472307,false,"שמיניית משקה גמדים תות בננה דיסני 108 מ""ל",שטראוס גרופ בעמ/מצונן,,גמדים לשתיה תות בננה,מיליליטרים,864.00,"100 מ""ל",false,,20.90,0.0242,true,1,115132
7290010627004,false,טחינה גולמית מסורתית ירושלים 500 ג',תה ויסוצקי (ישראל) בעמ,,טחינה ירושלים 500 גר,גרם,500.00,גרם,false,,17.90,0.0358,true,1,116183
7290010650033,false,בצלצלי שלוט מגשית 350 גר,ביכורי השדה צפון 1994 ג.ד. בעמ,,בצלצלי שאלוט 350 גר',גרם,350.00,גרם,false,,14.90,0.0426,true,1,139495
7290010777099,false,פיתות בעבודת יד פיתה אקספרס 8 יחידות,מגוון שיווק והפצת מאפים בעמ,,8 פיתות במרקם מיוחד,גרמים,800.00,100 גרם,false,,10.90,0.0136,true,1,158355
7290010777297,false,פיתות עבודת יד10 יח'/ פיתה ביס לבן 12 יח',מגוון שיווק והפצת מאפים בעמ,,10 פיתות ביס,אלף,1.00,"ק""ג",false,,12.50,12.5000,true,1,158360
7290010777358,false,מארז שמיניית פיתות 100% כוסמין מלא,מגוון שיווק והפצת מאפים בעמ,,8 פיתות כוסמין מלא 1,אין,0.00,יחידה,false,,15.90,0.0000,true,1,158363
7290011051488,false,תה ספרינג אפרסק 1.5 ליטר,יפאורה שותפות מובגלת לשיווק,,ספרינג טי קר אפרסק 1,ליטר,2.00,ליטר,false,,6.90,3.4500,true,1,105553
7290011051495,false,תה ספרינג ירוק לימון1.5ל,יפאורה שותפות מובגלת לשיווק,,ספרינג טי קר לימון ל,ליטר,2.00,ליטר,false,,6.90,3.4500,true,1,105554
7290011115166,false,נקה 7 ארומה סבון נוזלי לבנדר 1 ל',החברה הדרומית לשיווק בעמ,,תחליב רחצה לבנדר נקה,אין,0.00,יחידה,false,,15.90,0.0000,true,1,121959
7290011131968,false,"גרנולה בתוספת שקדים ואגוזים גרין 1 ק""ג",ויטליה ניקולא דו,,גרנולה אגוזים בתוספת,אלף,1.00,"ק""ג",false,,24.90,24.9000,true,1,157438
7290011148911,false,פלפלים מתוקים טינקרב,מרינה פטריות הגליל,,פלפלים מתוקים טינקרב,גרם,300.00,גרם,false,,9.90,0.0330,true,1,137184
7290011194246,false,קוטג 5% 250 גרם עם סידן שטראוס,שטראוס גרופ בעמ/מצונן,,קוטג שטראוס 5% עם סי,גרם,250.00,גרם,false,,6.00,0.0240,true,1,115137
7290011249748,false,רולים גלילי ופל במילוי קרם שוקולד 100 ג' עלמה,ח.כהן סוכנות מזון ומשקאות בע,,גילרו רולים שוקו 100,גרמים,100.00,100 גרם,false,,6.90,0.0690,true,1,159819
7290011312381,false,פטריות סטייק פורטבלה ארוז,קונס`-מרינה פטריות הגליל בעמ*ש,,פורטבלה על אש מרינה,גרמים,300.00,100 גרם,false,,14.90,0.0497,true,1,153200
7290011379018,false,מארז משפחתי שמפיניון 500 ג' מרינה,ביכורי השדה צפון 1994 ג.ד. בעמ,,פטריות צמד חמד 500 ג,גרם,500.00,גרם,false,,16.90,0.0338,true,1,137187
7290011518561,false,"אקטימל תות 1.51 ק""ג מארז 14 יחידות",שטראוס גרופ בעמ/מצונן,,אקטימל תות משפחתי 14,ליטר,1.00,ליטר,false,,32.60,32.6000,true,1,115148
7290011723200,false,טחינה הר ברכה 100% שומשום טהור 500 גר,טחינה הר ברכה בעמ,,טחינה הר ברכה טחינה,גרמים,500.00,100 גרם,false,,17.90,0.0358,true,1,132761
7290011947309,false,זיתים מצוננים סורי מבוקע ולימון כבוש זיתא 230 ג',תה ויסוצקי (ישראל) בעמ,,זית סורי מבוקע עם לי,גרמים,215.00,100 גרם,false,,15.60,0.0726,true,1,116206
7290012086113,false,עגבניות שרי אשכולות מארז,ביכורי השדה הצפון בעמ` 1964,,עגבניות שרי,גרמים,500.00,100 גרם,false,,9.90,0.0198,true,1,96883
7290012117275,false,"קליר שקית מילוי לניקוי חלונות סנו 750 מ""ל",החברה הדרומית לשיווק בעמ,,סנוקליר שקית מילוי 7,מיליליטרים,750.00,"100 מ""ל",false,,6.90,0.0092,true,1,122046
7290012117350,false,"נוזל רצפות לילך 2 ליטר ""ריצפז פרש""",החברה הדרומית לשיווק בעמ,,ריצפז פרש לילך לבנדר,ליטר,2.00,ליטר,false,,15.90,7.9500,true,1,122047
7290012117558,false,מקסימה מרכך כביסה מרוכז ורוד בניחוח מאסק סנו 1 ליטר,החברה הדרומית לשיווק בעמ,,סנו מקסימה מרכך קומפ,אין,0.00,יחידה,false,,15.90,0.0000,true,1,122058
7290012159275,false,מיונז אמיתי 430 גרם LINA,יורוסטנדרט בעמ,,מיונז לינה 430גר' כש,גרמים,430.00,100 גרם,false,,9.90,0.0230,true,1,105190
7290012404863,false,ספרינג תה מנגו אפרסק1.5ל,יפאורה שותפות מובגלת לשיווק,,ספרינג טי מנגו אפרסק,ליטר,1.50,ליטר,false,,6.90,4.6000,true,1,105584
7290012637032,false,זעתר הקברקרולי 130 גרם,תבליני ב.ד.,,זעתר מובחר,אין,0.00,יחידה,false,,15.90,0.0000,true,1,139476
7290012803796,false,טוסו שוקולד חלב עם אגוזים ללא תוספת סוכר 100 גר',אלטינמארקה גידה סאן,,טוסו שוקלד חלב ואגוז,גרמים,100.00,100 גרם,false,,11.90,0.1190,true,1,100844
7290012884986,false,צ`יפס לתנור עד 4% שומן תפוגן (1.5 קג),קבוצת אוסם סחר שותפות מוגבלת,,תפוגן ציפס לתנור עד,אלף,1.50,"ק""ג",false,,29.90,19.9333,true,1,112590
7290013117212,false,בורקס פילו במילוי גבינה 600 גר`מעדנות,תנובה מרכז שיתופי לשיווק תוצרת,,בורקס פילו גבינה מעד,גרמים,600.00,100 גרם,false,,22.90,0.0382,true,1,127450
7290013117410,false,בצק פריך מרודד למאפים מתוקים 900 ג' מעדנות,תנובה מרכז שיתופי לשיווק תוצרת,,מעדנות בצק פריך מרוד,גרמים,900.00,100 גרם,false,,25.90,0.0288,true,1,127455
7290013146656,false,כוכבים תכלת ירוק לבן לקישוט 60 גר`מימונ,א.ל ייצור ושיווק תבלינים בעמ,,כוכבים צבעוניים לקיש,אין,0.00,יחידה,false,,11.90,0.0000,true,1,180199
7290013146670,false,סוכריות לב סגול ורוד לבן לקישוט 60 גרם,א.ל ייצור ושיווק תבלינים בעמ,,סוכריות לב צבעוניות,אין,0.00,יחידה,false,,11.90,0.0000,true,1,180200
7290013156921,false,עוגיות מרוקאיות ללא סוכר,הלל בן הלל שיווק ומסחר בעמ,,"עוגיות מרוקאיות לל""",גרמים,350.00,100 גרם,false,,16.40,0.0469,true,1,181794
7290013203182,false,שרי מנומר -ליקופן,,,שרי מנומר -ליקופן,גרם,200.00,גרם,false,,10.90,0.0545,true,1,137190
7290013268020,false,מקסימה מרכך כביסה מרוכז בניחוח אולטרא פרש סנו 1 ליטר,החברה הדרומית לשיווק בעמ,,סנו מקסימה אולטרא פר,אין,0.00,יחידה,false,,15.90,0.0000,true,1,122126
7290013268938,false,סנובון סבון לאסלה בניחוח מאסק סנו 3*65 גרם,החברה הדרומית לשיווק בעמ,,סנובון שלישיה מאסק 3,גרם,195.00,גרם,false,,11.90,0.0610,true,1,122161
7290013358356,false,פירורי לחם מוזהבים מאסטר שף (320גרם),ש. שסטוביץ בע`מ,,מאסטר שף פירורי לחם,גרמים,350.00,100 גרם,false,,9.90,0.0283,true,1,113780
7290013358363,false,מאסטר שף פרורי לחם פנקו עבים בסגנון יפני 300 גר,קריניציה ויטמינה אס,,מאסטר שף פירורי לחם,גרמים,300.00,100 גרם,false,,10.80,0.0360,true,1,113781
7290013358806,false,מנה מאגדת פריכיות אורז עם מלח 264 גרם,ש. שסטוביץ בע`מ,,מאגדת פריכיות עם מלח,גרמים,264.00,100 גרם,false,,12.90,0.0489,true,1,113802
7290013412966,false,רבעיית מגבונים תולי 72*4 יחידות,שקד תבל בעמ,,תולי מגבונים לחים 4*,00000000000000000000,0.00,00000000000000000000,false,,11.90,0.0000,true,1,121389
7290013558824,false,תבלין רוקולה /בזיליקום 100 גר,תאי,,תבלין טרי 100 גר,00000000000000000000,0.00,00000000000000000000,false,,7.90,0.0000,true,1,140537
7290013585387,false,בקבוק זירו קוקה-קולה (1 ליטר),החברה המרכזית להפצת משקאות בעמ,,קולה זירו 1 ליטר,ליטר,1.00,ליטר,false,,6.50,6.5000,true,1,101770
7290013848345,false,מארז מטליות לחיטוי וניקוי יסודי אנטיבקטריאלי 99.9%,החברה הדרומית לשיווק בעמ,,מטליות לחות לחיטוי י,אין,0.00,יחידה,false,,24.90,0.0000,true,1,184528
7290014002203,false,חליטת לימונית ולואיזה הגן הקסום ויסוצקי 25 יחידות,תה ויסוצקי (ישראל) בעמ,,תה חליטת לימונית ולו,גרמים,37.50,100 גרם,false,,21.90,0.5840,true,1,116234
7290014046757,false,סלמי תה יחיעם (300 גרם),מעדני יחיעם (1993) בעמ,,סלמי תה `שרולה` 300,גרמים,300.00,100 גרם,false,,21.90,0.0730,true,1,108753
7290014079328,false,פרסה כרישה ארוזה מרי,"מרינה פטריות הגליל בע""מ",,לוף רגיל ארוז ליח (מ,00000000000000000000,0.00,00000000000000000000,false,,9.90,0.0000,true,1,151357
7290014079847,false,פטריות בייבי בלה צמד מרינה,קונס`-מרינה פטריות הגליל בעמ*ש,,פטריות בייבי בלה מאר,אין,0.00,יחידה,false,,14.90,0.0000,true,1,137199
7290014094260,false,שיני שום קלוף קמעונאי,קונס`-מרינה פטריות הגליל בעמ*ש,,שום קלוף 200 גרם,גרמים,200.00,100 גרם,false,,9.90,0.0495,true,1,140679
7290014094406,false,צימוק לבן בקופסא ששון הקולה 330 גרם,דין שיווק וקליה 2021 בעמ,,שקדיה צימוק לבן בקופ,גרמים,330.00,100 גרם,false,,16.90,0.0512,true,1,99685
7290014397514,false,"מבשם אויר סנו פרש הום בניחוח כותנה מלטפת 350 מ""ל",החברה הדרומית לשיווק בעמ,,*מבצע* סנו פרש הום כ,"מ""ל",350.00,"מ""ל",false,,10.90,0.0311,true,1,122245
7290014455320,false,גבינה כדורי מוצרלה פרסקה גד 100ג',מחלבות גד שיווק 1992 בעמ,,גד כדור מוצרלה פרסקה,גרם,100.00,גרם,false,,10.50,0.1050,true,1,107849
7290014459373,false,"צ'יפס קראנצ'י לתנור קפוא תפוגן 1.5ק""ג",קבוצת אוסם סחר שותפות מוגבלת,,תפוגן ציפס קראנצי 1.,אלף,1.50,"ק""ג",false,,27.90,18.6000,true,1,112605
7290014673434,false,פלפל שחור גרוס דק שקית תבליני מימון 80גרם,א.ל.ייצור ושיווק תבלינים בעמ,,פלפל שחור גרוס דק בש,גרמים,80.00,100 גרם,false,,11.90,0.1488,true,1,171955
7290014731264,false,ספלאש כוסות 180CC לשתייה קרה 100 יחידות,רם,,כוסות לשתיה קרה חד פ,יח',100.00,יח',false,,3.90,0.0390,true,1,119186
7290014760912,false,גבינה צהובה 28% מהדרין גוש חלב (400 גרם),תנובה מרכז שיתופי לש,,גוש חלב 28% מהדרין 4,גרם,400.00,גרם,false,,27.90,0.0697,true,1,117323
7290014761056,false,מעדן שוקולד חלב יולו תנובה 123 גרם,מיוצר עי קונדיטוריית,,יולו שוקולד חלב מעול,גרם,122.00,גרם,false,,4.90,0.0402,true,1,117325
7290014761414,false,יולו מעדן שכבות שוקולד חלב ולבן 123 גר,מיוצר עי קונדיטוריית,,יולו מעדן שכבות שוקו,גרמים,122.00,100 גרם,false,,4.90,0.0402,true,1,117336
7290014931015,false,כוסברה עם השורש יחידה,ל. פלמינגו ישראל בעמ,,כוסברה עם שורש,אין,0.00,יחידה,false,,7.90,0.0000,true,1,140541
7290014931077,false,עירית עם השורש יחידה,תעשיות תמרוקים שיק 1,,עירית עם שורש,00000000000000000000,0.00,00000000000000000000,false,,7.90,0.0000,true,1,140546
7290015150118,false,שלישיית עגבניות חתוכות דק גרנד איטליה 400 גרם,תה ויסוצקי (ישראל) בעמ,,*מבצע* עגבניות חתוכו,גרם,400.00,גרם,false,,12.90,0.0323,true,1,116270
7290015282598,false,חומוס מסעדות גורמה שמיר 200 גרם,"סלטי שמיר 2006 בע""מ",,חומוס מסעדות,גרם,200.00,גרם,false,,7.90,0.0395,true,1,110827
7290015282604,false,טחינה מיוחדת גורמה שמיר 200 גרם,"סלטי שמיר 2006 בע""מ",,טחינה מיוחדת,גרמים,200.00,100 גרם,false,,7.90,0.0395,true,1,110828
7290015324052,false,פפריקה מתוקה 80 גר' טעם וריח,"תבליני טעם וריח בע""מ",,טעם וריח פפריקה מתוק,גרמים,80.00,100 גרם,false,,8.90,0.1113,true,1,133883
7290015395045,false,"קינואה בשקית שקדיה 400 גרם בד""ץ",דין שיווק וקליה 2021 בעמ,,קינואה שקדיה 400 גרם,גרמים,400.00,100 גרם,false,,16.90,0.0422,true,1,99768
7290015603560,false,"שימורי קרם קוקוס 20-22% 400 מ""ל (ASIATIC)(כ)",אסיאטיק אגרו אינדוסטרי,,שימורי קרם קוקוס 20-,מיליליטרים,400.00,"100 מ""ל",false,,9.90,0.0248,true,1,139237
7290016006735,false,שוופס מוגז פירות תפוז 1.5ל',יפאורה שותפות מובגלת לשיווק,,שוופס מוגז פירות תפו,ליטר,2.00,ליטר,false,,6.90,3.4500,true,1,105665
7290016114300,false,נייר טואלט דו שכבתי אורך כפול לבן לילי 16 גלילים,קימברלי קלארק ישראל שיווק בעמ,,*מבצע* לילי גליל כפו,מטרים,588.00,מטר,false,,36.90,0.0628,true,1,103535
7290016150117,false,סלק אדום מקולף ומבושל500,ביג פוד כחול לבן בעמ*שיק 30 יו,,מעדן סלק בוואקום 500,גרם,500.00,גרם,false,,6.90,0.0138,true,1,137379
7290016197495,false,ניקול זוג מטליות הקסם מיקרופייבר לרצפה,קימברלי קלארק ישראל שיווק בעמ,,מטלית קסם לרצפה מארז,אין,0.00,יחידה,false,,16.90,0.0000,true,1,103549
7290016217735,false,חציל על האש 200גרם גורמה,"סלטי שמיר 2006 בע""מ",,חציל על האש סלטי שמי,גרמים,200.00,100 גרם,false,,7.90,0.0395,true,1,110857
7290016217742,false,חציל בטחינה 200גרם גורמה,"סלטי שמיר 2006 בע""מ",,חציל בטחינה סלטי שמי,גרמים,200.00,100 גרם,false,,7.90,0.0395,true,1,110858
7290016509786,false,פרסיל גל לכביסה לבנה וצבעונית-ירוק 2.5 ל,גורי שיווק בעמ,,פרסיל ג'ל 2.5 ליטר י,ליטר,2.50,ליטר,false,,33.90,13.5600,true,1,164262
7290016584011,false,חטיפוני גזר 350 גרם גיזרונים,קונס`-מרינה פטריות הגליל בעמ*ש,,חטיפוני גזר 350 גרם,גרם,350.00,גרם,false,,11.90,0.0340,true,1,141968
7290016682243,false,פריניב מיץ אשכולית אדומה סחוט 1 ליטר,תנובה - פריניב,,פרי ניב מיץ אשכולית,ליטר,2.00,ליטר,false,,14.90,7.4500,true,1,173586
7290016823004,false,בזיליקום יח freshlid,"מרינה פטריות הגליל בע""מ",,בזיליקום יח',00000000000000000000,0.00,00000000000000000000,false,,6.90,0.0000,true,1,136330
7290016823028,false,עירית ארוז יח,"מרינה פטריות הגליל בע""מ",,עירית,אין,0.00,יחידה,false,,6.90,0.0000,true,1,132907
7290016823059,false,טימין קורנית ארוז יח,"מרינה פטריות הגליל בע""מ",,טימין,אין,0.00,יחידה,false,,6.90,0.0000,true,1,136332
7290016998245,false,מיקס שורשים נטורזה 4,ביכורי השדה צפון 1994 ג.ד. בעמ,,מיקס שורשים 400 גר,גרמים,400.00,100 גרם,false,,9.90,0.0248,true,1,182651
7290017065137,false,ריקוטה למריחה 5% טבעית 200 גר`מחלבות גד,מחלבות גד שיווק 1992 בעמ,,גבינה ריקוטה למריחה,גרם,200.00,גרם,false,,11.50,0.0575,true,1,146583
7290017088914,false,מגבונים בייביסיטר מבושם מארז שישייה,שקד תבל בעמ,,מגבונים מבושם בייביס,אין,0.00,יחידה,false,,17.90,0.0000,true,1,179370
7290017105895,false,גרגרי חומוס להכנת חומוס משובח יכין 560 ג,זנלכל בעמ,,גרגרי חומוס מסעדות י,גרמים,550.00,100 גרם,false,,10.90,0.0198,true,1,182736
7290017142340,false,שמן זרעי ענבים מזוכך 1 ליטר עץ הזית*,אף.ג'\יי.סנצ'\ז סוקחורס,,שמן זרעי ענבים מזוכך,ליטר,1.00,ליטר,false,,32.90,32.9000,true,1,182745
7290017457932,false,סוד מרכך כביסה מרוכז פרש קונטרול כחול,גורי שיווק בעמ,,מרכך כביסה מרוכז סוד,מיליליטרים,900.00,"100 מ""ל",false,,14.90,0.0166,true,1,182171
7290017871370,true,סבון ידיים מועשר בשמ,,,סבון ידיים מועשר בשמ,מיליליטרים,500.00,"100 מ""ל",false,,10.90,0.0218,true,1,182600
7290017928043,false,מקלות גריסיני קראנץ' מלח מאיר בייגל 175 גרם,מאיר את בייגל,,גריסיני קראנץ' מלח מ,גרמים,175.00,100 גרם,false,,12.90,0.0737,true,1,176474
7290017941370,false,להבונים 50 יח' 3 שעו,,,להבונים 50 יח' 3 שעו,אין,0.00,יחידה,false,,10.90,0.0000,true,1,178818
7290017941394,false,נייר סנדוויץ 100 יח',,,נייר סנדוויץ 100 יח',אין,0.00,יחידה,false,,10.90,0.0000,true,1,178358
7290017941981,false,כוסות 12OZ לשתייה חמ,,,כוסות 12OZ לשתייה חמ,אין,0.00,יחידה,false,,17.90,0.0000,true,1,184325
7290017946368,false,שלישיית כדוריות סבון לאסלה אוקיינוס סוד 50 גרם,גורי שיווק בעמ,,סוד כדוריות לאסלה P.,גרמים,150.00,100 גרם,false,,19.90,0.1327,true,1,176178
7290017947105,false,לחם אנג'ל בסגנון אמריקה 500 גרם,מאפיית שלמה א. אנג'\ל בע,,לחם בסגנון אמריקה אנ,גרמים,500.00,100 גרם,false,,13.90,0.0278,true,1,177463
7290017947464,false,שמיניית פיתות כוסמין אנג'ל 8*50 גרם,מאפיית שלמה א.אנג'\ל בע\,,שמיניית פיתות כוסמין,גרמים,400.00,100 גרם,false,,15.90,0.0398,true,1,177473
7290017947921,true,מארז לחמניות המבורגר,,,מארז לחמניות המבורגר,גרמים,450.00,100 גרם,false,,12.90,0.0287,true,1,177479
7290017947938,false,מיני לחמניות המבורגר בסגנון אמריקה 400 ג' אנג'ל,מאפיית שלמה א. אנג'\ל בע,,8 לחמניות המבורגר בס,גרמים,4000.00,100 גרם,false,,13.90,0.0035,true,1,177480
7290018359853,false,עדשים שחורות יכין 400 גרם,"זנלכל בע""מ",,עדשים שחורות יכין 40,גרמים,400.00,100 גרם,false,,7.90,0.0198,true,1,177980
7290018471029,false,"סודה בטעם לימון - מארז 6 בקבוקים 500 מ""ל",יפאורה שותפות מוגבלת לשיווק,,שוופס סודה לימון שיש,ליטר,3.00,ליטר,false,,16.30,5.4333,true,1,180192
7290018540329,false,שקית פיתה פיתה בלדי 800 ג' אנג'ל,מאפיית שלמה א. אנג'\ל בע,,פיתה פיתה אנגל 880 ג,יח',10.00,יח',false,,11.40,1.1400,true,1,177482
7290018886991,false,שמן קנולה מזוכך 1לי- בית יוסף,סקנולה,,שמן קנולה אלומות 1 ל,ליטר,1.00,ליטר,false,,11.90,11.9000,true,1,185118
7290018893081,false,עוגות מגולגלות במילוי קרם חלבי וציפוי בטעם שוקולד,ש. שסטוביץ בע`מ,,צ'וקטה מגולגלות חלב,גרמים,222.00,100 גרם,false,,8.90,0.0401,true,1,182619
7290018925065,false,מיץ תפוזים סחוט פרימור (2 ליטר),שטראוס גרופ בעמ/מצונן,,פרימור מיץ תפוזים סח,ליטר,2.00,ליטר,false,,27.90,13.9500,true,1,178443
7290019031079,false,תבנית R-29 מרובעת קט,,,תבנית R-29 מרובעת קט,אין,0.00,יחידה,false,,9.90,0.0000,true,1,180601
7290019031086,false,תבנית R-31 גדולה 7 י,,,תבנית R-31 גדולה 7 י,אין,0.00,יחידה,false,,9.90,0.0000,true,1,180602
7290019031307,false,לפתניות לבנות 25 יח',,,לפתניות לבנות 25 יח',אין,0.00,יחידה,false,,6.90,0.0000,true,1,184485
7290019056362,false,תפוזינה משקה קל ענבים 1.5 ליטר,יפאורה - שותפות מוגבלת לשיווק,,תפוזינה ענבים 1.5 לי,ליטר,1.50,ליטר,false,,9.30,6.2000,true,1,184306
7290019056539,false,fruit water פרוט ווטר אפרסק 1.5 ליטר-,יפאורה שותפות מוגבלת לשיווק,,פרוט ווטר אפרסק 1.5,ליטר,1.50,ליטר,false,,9.30,6.2000,true,1,183715
7290019056553,false,שישיית מים מינרלים עין גדי 2 ליטר,יפאורה - שותפות מוגבלת לשיווק,,עין גדי מים מינרלים,ליטר,12.00,ליטר,false,,13.80,1.1500,true,1,186053
7290019056638,false,משקה קל ספרינג 1.5 ליטר תות בננה,יפאורה - שותפות מוגבלת לשיווק,,ספרינג תות בננה 1.5,ליטר,1.50,ליטר,false,,9.30,6.2000,true,1,181716
7290100240656,false,"פתית שיפון בד""צ חדש 300X24 גר'",יוניליוור ישראל שיווק בע`מ,,פתית שיפון תלמה 300,גרמים,300.00,100 גרם,false,,17.90,0.0597,true,1,104781
7290100412800,false,"תחליב רחצה לעור יבש וילד פלאור דר עור 700 מ""ל","אמיליה קוסמטיקס בע""מ",,תחליב רחצה עור יבש פ,מיליליטרים,700.00,"100 מ""ל",false,,15.90,0.0227,true,1,148829
7290100680711,false,פירורית זהב אסם זהב 350ג',קבוצת אוסם סחר שותפות מוגבלת,,אסם פירורית זהב 350,גרמים,350.00,100 גרם,false,,9.90,0.0283,true,1,111896
7290100681138,false,מארז אפרופו חטיף תירס 3 יחידות,קבוצת אוסם סחר שותפות מוגבלת,,אפרופו מאח.10 3*50גר,גרם,150.00,גרם,false,,12.90,0.0860,true,1,111901
7290100684764,false,במבה יום הולדת על סרט אסם 25 ג',קבוצת אוסם סחר שותפות מוגבלת,,במבה יום הולדת סרט6,גרמים,25.00,100 גרם,false,,2.50,0.1000,true,1,111917
7290100685136,false,"אבקת מרק טעם עוף 1 ק""ג 1/8 אסם",קבוצת אוסם סחר שותפות מוגבלת,,מרק בטעם עוף אסם 1 ק,אלף,1.00,"ק""ג",false,,10.90,10.9000,true,1,111919
7290100689301,false,אבקת מרק בטעם עוף זך עדיף אסם 400 גרם,קבוצת אוסם סחר שותפות מוגבלת,,מרק בטעם עוף זך אסם,גרמים,400.00,100 גרם,false,,15.90,0.0398,true,1,111941
7290100700075,false,פירורי לחם מוזהבים סוגת (200 גרם),"סוגת תעשיות בע""\מ",,פירורי לחם מוזהבים ש,גרמים,200.00,100 גרם,false,,3.90,0.0195,true,1,110423
7290100700266,false,פירורי לחם לבנים סוגת 200 גרם,"סוגת תעשיות בע""מ",,סוגת פרורי לחם לבן 2,גרמים,200.00,100 גרם,false,,3.90,0.0195,true,1,110425
7290100700273,false,קינואה לבנה 500 ג סו,האי נאם סי או אל.טי.,,קינואה סוגת 500 גרם,גרמים,500.00,100 גרם,false,,15.90,0.0318,true,1,110426
7290100701454,false,בורגול דק גרישה סוגת (500 גרם),"סוגת תעשיות בע""\מ",,גרישה 500 גרם,גרמים,500.00,100 גרם,false,,6.90,0.0138,true,1,110452
7290100703687,false,"קמח חלה ללא ניפוי 1 ק""ג סוגת",סוגת תעשיות בעמ,,קמח חלה ללא ניפוי סו,אלף,1.00,"ק""ג",false,,8.90,8.9000,true,1,157797
7290100704578,false,"קמח כוסמין לבן תופח סוגת 1 ק""ג","שטיבל בע""\מ - טחנת קמח",,קמח כוסמין לבן סוגת,אלף,1.00,"ק""ג",false,,14.00,14.0000,true,1,176779
7290100926598,false,פרסיל א.כביסה סודה אקטיב 5קג,גורי שיווק בעמ,,פרסיל אבקת כביסה 5 ק,אלף,5.00,"ק""ג",false,,44.90,8.9800,true,1,126881
7290101551300,false,סילאן טבעי ללא תוספת סוכר בקבוק לחיץ,מכוורת יד מרדכי שטראוס ב,,סילאן טבעי לחיץ יד מ,גרמים,380.00,100 גרם,false,,14.90,0.0392,true,1,169661
7290101551584,false,תפוצ'יפס קידס מארז 10 יח' * 20 ג',"שטראוס פריטו ליי בע""מ )פ",,מארז תפוצ'יפס קידס 1,גרם,200.00,גרם,false,,15.90,0.0795,true,1,172190
7290101864127,false,ספריי להסרת כתמים וניש קליה (750 מל),רקיט בנקיזר (ניר איסט) בעמ,,קליה אוקסי ספריי 750,מיליליטרים,750.00,"100 מ""ל",false,,15.90,0.0212,true,1,113259
7290101868958,false,פיניש נוזל הברקה למדיח בניחוח לימון,רקיט בנקיזר (ניר איסט) בעמ,,פיניש נוזל הברקה לימ,מיליליטרים,800.00,"100 מ""ל",false,,19.90,0.0249,true,1,113298
7290101869702,false,"ג 'ל פיניש AIO MAX מרוכז למדיח 600מ""ל",רקיט בנקיזר (ניר איסט) בעמ,,פיניש ג'ל 600 מלAIO,מיליליטרים,600.00,"100 מ""ל",false,,32.90,0.0548,true,1,113307
7290102390427,false,יוגורט ביו עם קציפת תות 3% שומן 150 ג' מולר,החברה המרכזית טלהפצת משקאות בע,,מולר פרופ תות 3% 150,גרם,150.00,גרם,false,,5.20,0.0347,true,1,101259
7290102390465,false,יוגורט ביו עם קציפת אפרסק ופסיפלורה 3% שומן 150 ג' מולר,החברה המרכזית טלהפצת משקאות בע,,מולר פרופ אפרסק פסיפ,גרם,150.00,גרם,false,,5.20,0.0347,true,1,101260
7290102390489,false,יוגורט ביו עם קציפת לימון 3% שומן 150 ג' מולר,*החברה המרכזית להפצת משקאותבעמ,,מולר פרופ לימון 3% 1,גרם,150.00,גרם,false,,5.20,0.0347,true,1,101262
7290102391844,false,יוגורט ביו עם קציפת פירות יער3% שומן 150 ג' מולר,החברה המרכזית טלהפצת משקאות בע,,מולר פרופ לבן+קציפת,גרם,150.00,גרם,false,,5.20,0.0347,true,1,101269
7290102392254,false,"חלב בקרטון 1% 2 ליטר בד""צ - מוצר בפיקוח",*החברה המרכזית להפצת משקאותבעמ,,טרה חלב 1% 2ל,ליטר,2.00,ליטר,false,,10.80,5.4000,true,1,101275
7290102393268,false,"גבינה לבנה 5% שומן, רכיבים טבעיים 750 גרם",*החברה המרכזית להפצת משקאותבעמ,,טרה גבינה לבנה אריזת,גרם,750.00,גרם,false,,13.80,0.0184,true,1,101298
7290102394463,false,נעם גבינה צהובה פרוסה ואקום 28% טרה 500 גרם,החברה המרכזית טלהפצת משקאות בע,,נעם גבינה צהובה וואק,גרם,500.00,גרם,false,,27.90,0.0558,true,1,101317
7290102394845,false,נעם גבינה צהובה לייט פרוסה דק דק 9% טרה 200 גרם,*החברה המרכזית להפצת משקאותבעמ,,נעם גבינה צהובה דק ד,גרם,200.00,גרם,false,,16.70,0.0835,true,1,101322
7290102395521,false,"שמנת לבישול 15% שומן 500 מ""ל טרה",החברה המרכזית טלהפצת משקאות בע,,טרה שמנת לבישול 15%+,מיליליטרים,500.00,"100 מ""ל",false,,15.90,0.0318,true,1,101340
7290102397204,false,גבינה צהובה נעם דק דק פתח סגור 200 גר,*החברה המרכזית להפצת משקאותבעמ,,נעם צהובה דק דק 22%,גרם,200.00,גרם,false,,15.90,0.0795,true,1,101399
7290102397617,false,יוגורט ביו קרמי עם כדורים מצופים שוקולד חום לבן,*החברה המרכזית להפצת משקאותבעמ,,מולר מיקס קליק 168 ג,גרמים,168.00,100 גרם,false,,5.90,0.0351,true,1,101425
7290102397730,false,פרוסות גבינה אמנטל חצי קשה 30% שומן 200 ג' נעם,*החברה המרכזית להפצת משקאותבעמ,,גבינת אמנטל נעם פתיח,גרם,200.00,גרם,false,,17.90,0.0895,true,1,101431
7290102397747,false,פרוסות גבינת מוצרלה נעם מחלב בקר 22%,*החברה המרכזית להפצת משקאותבעמ,,מוצרלה נעם רכיבים ט,גרם,200.00,גרם,false,,18.50,0.0925,true,1,146070
7290102398065,false,חלב טרה בקרטון 2 ליטר מהדרין 3% - מוצר בפיקוח,*החברה המרכזית להפצת משקאותבעמ,,טרה חלב קרטון 3% מהד,00000000000000000000,0.00,00000000000000000000,false,,11.50,0.0000,true,1,101447
7290102398560,false,משקה שוקו מועשר בבקבוק 1 ליטר טרה,החברה המרכזית טלהפצת משקאות בע,,שוקו טרה מועשר בבקבו,ליטר,1.00,ליטר,false,,10.90,10.9000,true,1,164471
7290103400194,false,כרוב לבן 400 ג בדצ ירקות שטראוס טעם הטבע,שטראוס בריאות ירקות טריי,,כרוב לבן 400 ג בדצ י,גרמים,400.00,100 גרם,false,,9.90,0.0248,true,1,115183
7290103400231,false,גזר גוליאן 400גר שטראוס טעם הטבע,ביכורי השדה הצפון בעמ` 1964,,גזר גוליאן בדצ 400גר,גרמים,400.00,100 גרם,false,,9.90,0.0248,true,1,115184
7290103408206,false,עלי חסה ערבית שטופים 250 גר טעם הטבע,ביכורי השדה הצפון בעמ` 1964,,עלי חסה ערבית שטופים,גרם,250.00,גרם,false,,11.90,0.0476,true,1,115192
7290103701093,false,"זוג מטליות מיקרו פייבר לריצפה ""פאצ'""","שניב תעשיות נייר בע""",,טאצ מטליות מקרופייבר,אין,0.00,יחידה,false,,18.90,0.0000,true,1,115890
7290103702823,false,נייר טואלט פרש 48 גל,,,טואלט טאצ` פרש 48 גל,מטרים,860.00,מטר,false,,45.90,0.0534,true,1,115917
7290103704155,false,נייר מגבת טאצ' 6 גלילים מהדורת 2021,שניב תעשיות נייר בעמ,,מגבות נייר 6 גלילים,מטרים,63.00,מטר,false,,10.90,0.1730,true,1,183511
7290103746001,false,ממחטות טאצ`חמישייה צבעוני 500 דף,שניב תעשיות נייר בעמ,,ממחטות טאצ' חמישייה,אין,0.00,יחידה,false,,12.90,0.0000,true,1,115926
7290104501661,false,אינסטנט פודינג בטעם וניל צרפתי אסם 80 גרם,קבוצת אוסם סחר-שות.מוגבלת,,אסם פודינג בטעם וניל,גרמים,80.00,100 גרם,false,,6.50,0.0813,true,1,111945
7290104504228,false,מיני דובונים אסם 100 גרם מארז 5 יחידות,קבוצת אוסם סחר-שות.מוגבלת,,דובונים קדמ.מארז אחי,גרמים,100.00,100 גרם,false,,14.90,0.1490,true,1,111950
7290104508943,false,במבה חטיף בוטנים אסם 200 גרם,קבוצת אוסם סחר-שות.מוגבלת,,במבה קלאסי 18*200 גר,גרם,200.00,גרם,false,,10.50,0.0525,true,1,111959
7290104721762,false,מארז שלשות קפה טורקי עלית 85 ג',"שטראוס גרופ בע""מ",,טורקי עלית 3*85ג,גרם,255.00,גרם,false,,19.90,0.0780,true,1,114558
7290104726712,false,מארז 8 יחידות מעדן מילקי בטעם שוקולד עם קצפת,שטראוס גרופ בעמ/מצונן,,מילקי שמינייה מארז 8,אלף,1.06,"ק""ג",false,,21.20,20.0000,true,1,115219
7290104960246,false,נקה 7 ארומה תחליב רחצה ורד יסמין 750 מ,טרופיקל דגיל תעשיות קוסמ,,תחליב רחצה ורד ויסמי,מיליליטרים,750.00,"100 מ""ל",false,,10.90,0.0145,true,1,122280
7290105360755,false,"שמן זית 3 חזק 750 מ""ל יד מרדכי",מכוורת יד מרדכי שטראוס ב,,יד מרדכי שמן זית כתי,"מ""ל",750.00,"מ""ל",false,,37.90,0.0505,true,1,114579
7290105360878,false,תפוציפס טבעי 50 גרם מארז רביעייה,"שטראוס פריטו ליי בע""\מ )",,תפוציפס מארז 4*50ג,גרמים,200.00,100 גרם,false,,12.50,0.0625,true,1,115701
7290105362339,false,"שמנת לבישול 15% 250 מ""ל יטבתה מהדרין",שטראוס גרופ בעמ/מצונן,,יטבתה שמנת לבישול 15,מיליליטרים,250.00,"100 מ""ל",false,,8.60,0.0344,true,1,115229
7290105368928,false,שמנת חמוצה יטבתה %9 200 מל גביע מהדרין,שטראוס גרופ בעמ/מצונן,,יטבתה שמנת 9% 200מל,מיליליטרים,200.00,"100 מ""ל",false,,3.20,0.0160,true,1,115261
7290105439505,false,מאסטר שף קרם בטעם מיונז לייט 479 גר כשלפ,רמיה סי.וי. הולנד,,מאסטר שף קרם בטעם מ,גרמים,479.00,100 גרם,false,,13.50,0.0282,true,1,113933
7290105691965,false,רוטב סויה סיני אסם 290 מ,"אסם השקעות בע""\מ",,אסם רוטב סויה בסגנון,"מ""ל",290.00,"מ""ל",false,,13.80,0.0476,true,1,111978
7290105693341,false,מארז עשיריית במבה אסם 25*10 גרם,קבוצת אוסם סחר שותפות מוגבלת,,במבה מאח.15 10*25גרם,גרם,250.00,גרם,false,,14.90,0.0596,true,1,111985
7290105693457,false,עוגת הבית דמקה שוקו וניל 320 גר`בחושות,קבוצת אוסם סחר שותפות מוגבלת,,עוגת הבית דמקה שוקו,גרמים,320.00,100 גרם,false,,14.90,0.0466,true,1,111986
7290105964564,false,חומוס אחלה 400 גרם. שטראוס,שטראוס גרופ בעמ/מצונן,,אחלה חומוס אחלה 400ג,גרם,400.00,גרם,false,,9.90,0.0248,true,1,115271
7290106520912,false,שמנת לבישול 9% שומן 258גר מהדרין יטבתה,שטראוס גרופ בעמ/מצונן,,יטבתה שמנת לבישול 9%,מיליליטרים,250.00,"100 מ""ל",false,,8.60,0.0344,true,1,115298
7290106521926,false,קפה טורקי בצלופן עלית 150 גרם,שטראוס קפה בי.ויn\.,,קפה טורקי עלית 150 ג,גרמים,150.00,100 גרם,false,,15.90,0.1060,true,1,114635
7290106524439,false,חטיף פופס תפוצ`יפס (60 גרם),"שטראוס פריטו ליי בע""\מ )",,תפוצ'יפס פופס 60 גרם,גרם,60.00,גרם,false,,4.30,0.0717,true,1,149389
7290106571921,false,פיטנס עוגיות עם חמוציות נסטלה (180 גרם),קבוצת אוסם סחר שותפות מוגבלת,,פיטנס עוגיות חמוציות,גרמים,180.00,100 גרם,false,,12.70,0.0706,true,1,112012
7290106574502,false,קמח שמרים ללא גלוטן350גר,תחנת קמח המפרץ,,"אסם קמח שמרים כשל""פ",גרמים,350.00,100 גרם,false,,10.90,0.0311,true,1,112031
7290106574977,false,בייגלה שטוחים טבעות עם מלח אסם (300 גרם),קבוצת אוסם סחר שותפות מוגבלת,,אסם בייגלה שטוחים עם,גרמים,300.00,100 גרם,false,,11.90,0.0397,true,1,112037
7290106576513,false,סלט רק חומוס צבר 400 גרם,קבוצת אוסם סחר שותפות מוגבלת,,צבר חומוס 400גרם,גרם,400.00,גרם,false,,10.90,0.0273,true,1,112665
7290106576537,false,חומוס מסעדה צבר (700 גרם),קבוצת אוסם סחר שותפות מוגבלת,,צבר חומוס מסעדה 700,גרם,700.00,גרם,false,,11.90,0.0170,true,1,112666
7290106578692,false,ביסלי במבה מיקס מהדורת אליפות אסם 80 גרם,קבוצת אוסם סחר שותפות מוגבלת,,במבה ביסלי מיקס 36*8,גרמים,80.00,100 גרם,false,,5.50,0.0688,true,1,112060
7290106664067,false,לאבנה עם שמן זית וזעתר 10% שטראוס 400 ג',שטראוס גרופ בעמ/מצונן,,שטראוס לאבנה שמן זית,גרמים,400.00,100 גרם,false,,15.50,0.0388,true,1,115352
7290106723689,false,עלי תרד בייבי 200 גר`שטראוס טעם הטבע,ביכורי השדה הצפון בעמ` 1964,,שטראוס תרד בייבי 200,גרמים,200.00,100 גרם,false,,10.90,0.0545,true,1,115366
7290107280723,false,נוזל לניקוי כלים סנו ספארק Spark בניחוח לימון רענן,החברה הדרומית לשיווק בעמ,,סנו ספארק נוזל לניקו,מיליליטרים,700.00,"100 מ""ל",false,,10.90,0.0156,true,1,122397
7290107646154,false,"חטיף קוקומן פצפוצים תלמה 126 גרם מארז 6 יחידות בד""צ","יוניליוור ישראל שיווק בע""מ",,חטיף קוקומן פצפוצים,גרמים,126.00,100 גרם,false,,13.90,0.1103,true,1,157211
7290107646826,false,"חטיף שוגי שוקו תלמה 156 גרם מארז 6 יחידות בד""צ","יוניליוור ישראל שיווק בע""מ",,חטיף שוגי שוקו שוקו,גרמים,156.00,100 גרם,false,,13.90,0.0891,true,1,157214
7290107871990,false,פסטה צינורות מהדרין אסם (500 גרם),קבוצת אוסם סחר שותפות מוגבלת,,פסטה צינורות אסם 500,גרמים,500.00,100 גרם,false,,6.90,0.0138,true,1,112088
7290107875004,false,פופקורן חמאה ודבש מארז12*20גר',קבוצת אסם סחר שות. מוגבלת,,פופקו חמאה ודבש מארז,גרם,240.00,גרם,false,,19.90,0.0829,true,1,169852
7290107932080,false,חלב 3% מועשר בבקבוק יטבתה (1 ליטר),שטראוס גרופ בעמ/מצונן,,יטבתה חלב בבקבוק 3%,00000000000000000000,0.00,00000000000000000000,false,,7.90,0.0000,true,1,115407
7290107932134,false,חלב מועשר 1% בבקבוק יטבתה (1 ליטר),שטראוס גרופ בעמ/מצונן,,יטבתה חלב בבקבוק 1%,00000000000000000000,0.00,00000000000000000000,false,,7.90,0.0000,true,1,115409
7290107936309,false,דנונה יוגורט 7% יווני לבן 130 ג',שטראוס גרופ בעמ/מצונן,,דנונה יווני לבן 130,גרם,130.00,גרם,false,,3.50,0.0269,true,1,115431
7290107937542,false,משקה יוגורט אקטיביה עם תות 1.2% שומן,שטראוס גרופ בעמ/מצונן,,משקה אקטיביה תות 1.2,מיליליטרים,265.00,"100 מ""ל",false,,5.10,0.0192,true,1,115437
7290107940030,false,"חומוס אחלה מופחת שומן 650 גרם ""אחלה""","שטראוס גרופ ***בע""מ",,*מבצע* חומוס אחלה 65,גרם,650.00,גרם,false,,9.90,0.0152,true,1,115460
7290107940467,false,אקטיביה יוגורט קרמי 1.5% דנונה (200 גרם),שטראוס גרופ בעמ/מצונן,,דנונה אקטיביה יוגורט,גרמים,200.00,100 גרם,false,,4.20,0.0210,true,1,115466
7290107943192,false,"שמנת חמוצה מהערבה 27% שומן 200 מ""ל יטבתה",שטראוס גרופ בעמ/מצונן,,יטבתה שמנת 27% 200מ,מיליליטרים,200.00,"100 מ""ל",false,,4.20,0.0210,true,1,142415
7290107951104,false,בפלות ופלים ארוכים בטעם שוקולד,"שטראוס גרופ בע""\מ",,בפלות 200 גרם שוקולד,גרמים,200.00,100 גרם,false,,4.50,0.0225,true,1,158557
7290107953559,false,"מארז קפה טורקי עלית לדרך כשל""פ 168 גרם",הנסיך- מפעל לייצור ט,,קפה טורקי לדרך 168 ג,גרמים,168.00,100 גרם,false,,19.90,0.1185,true,1,114974
7290107954709,false,"קונפיטורת פירות יער ""יד מרדכי"" 340 גר'",שטראוס גרופ בע`מ,,יד מרדכי קונפיטורת פ,גרמים,340.00,100 גרם,false,,10.90,0.0321,true,1,114992
7290107955638,false,בראוניז טורטית כשלפ380ג,"שטראוס גרופ בע""\מ",,בראוניז שוקולד טורטי,גרם,380.00,גרם,false,,14.90,0.0392,true,1,151721
7290107974073,false,מנה עלי טורטיה קמח לבן מ.שף 20 סמ 320 גר,אלקאטי קורביישיסי גי,,עלי טורטיה קמח לבן מ,גרמים,320.00,100 גרם,false,,10.00,0.0313,true,1,113990
7290108350128,false,סנו סושי שקיות אשפה חזקות במיוחד 40 יח',החברה הדרומית לשיווק בעמ,,סנו סושי שקיות חזקות,אין,0.00,יחידה,false,,29.60,0.0000,true,1,122409
7290108350210,false,סנו סושי 30 שקיות אשפה XL חזקות במיוחד,החברה הדרומית לשיווק בעמ,,סושי שקיות אקסטרא חז,אין,0.00,יחידה,false,,25.90,0.0000,true,1,122417
7290108351552,false,"סנו - ג'ט לניקוי כללי בתוספת חומץ בניחוח לבנדר 750 מ""ל",החברה הדרומית לשיווק בעמ,,סנו ג'ט מתז חומץ 750,מיליליטרים,750.00,"100 מ""ל",false,,15.90,0.0212,true,1,146759
7290108352597,false,דלי מגבונים לניקוי כללי סנו 400 יחידות,החברה הדרומית לשיווק בעמ,,מגבונים בדלי 400 יח',אין,0.00,יחידה,false,,31.90,0.0000,true,1,122472
7290108352689,false,כריות קרצוף ללכלוך קשה סנו סושי 9 יחידות,החברה הדרומית לשיווק בעמ,,כריות קרצוף ללכלוך ק,אין,0.00,יחידה,false,,13.90,0.0000,true,1,122478
7290108353532,false,"שקיות אשפה חזקות עם שרוך לארג' 54 * 65 ס""מ סנו סושי 100 יחידות",החברה הדרומית לשיווק בעמ,,שקיות אשפה בגליל סנו,אין,0.00,יחידה,false,,34.90,0.0000,true,1,185348
7290108354911,false,"שמפו, ג'ל רחצה וגילוח מועשר בתמצית אלוורה",החברה הדרומית לשיווק בעמ,,שמפו ג'ל רחצה וגילו,מיליליטרים,700.00,"100 מ""ל",false,,16.90,0.0241,true,1,180949
7290108356021,false,כיף תחליב רחצה בניחוח גלידת קרם עוגיות,החברה הדרומית לשיווק בעמ,,*מבצע* כיף תחליב רחצ,"מ""ל",700.00,"מ""ל",false,,12.90,0.0184,true,1,175521
7290108356076,false,כיף תחליב רחצה בניחוח קרמל מלוח 700 מל`,החב. הדרומית לשיווק,,*מבצע* כיף תחליב רחצ,"מ""ל",700.00,"מ""ל",false,,12.90,0.0184,true,1,175525
7290108356120,false,תחליב רחצה כיף ניחוח קוקוס וניל700 מל,החברה הדרומית לשיווק בעמ,,תחליב רחצה קוקוס וני,מיליליטרים,700.00,"100 מ""ל",false,,13.90,0.0199,true,1,174310
7290108357202,false,סנוקליר לניקוי בניחוח בלו בלוסום 1 ליטר,החברה הדרומית לשיווק בעמ,,סנו קליר אקדח בניחוח,ליטר,1.00,ליטר,false,,12.90,12.9000,true,1,182765
7290108357707,false,"כיף שמפו לשיער רגיל- תפוח זרעי צ'יה 700 מ""ל",החברה הדרומית לשיווק בעמ,,שמפו לשיער רגיל תפוח,מיליליטרים,700.00,"100 מ""ל",false,,12.90,0.0184,true,1,178592
7290108357769,false,"מרכך לשיער רגיל תפוח וזרעי צ'יה 700 מ""ל כיף",החברה הדרומית לשיווק בעמ,,מרכך לשיער רגיל תפוח,מיליליטרים,700.00,"100 מ""ל",false,,13.90,0.0199,true,1,185356
7290108358087,false,"תחליב רחצה מאסק קרמה 700מ""ל.",החברה הדרומית לשיווק בעמ,,קרמה תחליב רחצה מאסק,מיליליטרים,700.00,"100 מ""ל",false,,17.90,0.0256,true,1,179885
7290108501353,false,פילה אנשובי אמיתי ארוך בשמן וילי פוד 45,ג. וילי-פוד אינטרנשיונל בע`מ,,וילי פוד אנשובי ארוך,גרם,45.00,גרם,false,,6.90,0.1533,true,1,153573
7290109351971,false,פריכיות דגנים פיטנס מצופות שוקולד חלב,קבוצת אוסם סחר שותפות מוגבלת,,בר פריכיות שוקולד חל,גרמים,84.00,100 גרם,false,,15.90,0.1893,true,1,112691
7290109352916,false,פריכיות דגנים פיטנס מצופות שוקולד לבן,קבוצת אוסם סחר שותפות מוגבלת,,בר פריכיות שוקולד לב,גרמים,84.00,100 גרם,false,,15.90,0.1893,true,1,112695
7290109354101,false,קרקר לחמית ללא גלוטן 200 גר אסם,קבוצת אוסם סחר שותפות מוגבלת,,לחמית ללא גלוטן 200,גרמים,200.00,100 גרם,false,,10.90,0.0545,true,1,112227
7290109580104,false,זוגלובק פרימיום רוסטביף 150 גרם,נקניק זוגלובק נהריה,,רוסטביף זוגלובק פרמי,גרמים,150.00,100 גרם,false,,25.90,0.1727,true,1,177576
7290109580166,false,סרוולד קלאסי פרימיום 150 גרם זוגלובק,נקניק זוגלובק נהריה,,סרוולד קלאסי זוגלובק,גרמים,150.00,100 גרם,false,,25.90,0.1727,true,1,177580
7290110110932,false,פריגת תפוזים שמוטי 1,,,פריגת תפוזים שמוטי 1,ליטר,2.00,ליטר,false,,7.80,3.9000,true,1,145828
7290110320591,false,גבינה בולגרית במרקם מעודן 16% פיראוס,"תנובה בע""מ ***",,בולגרית 16% במרקם מע,גרמים,250.00,100 גרם,false,,19.90,0.0796,true,1,117433
7290110320850,false,פתיתים גבינה חצי קשה מגורדת 28% שומן,תנובה מרכז שיתופי לש,,עמק פתיתים 200ג תנו,גרם,200.00,גרם,false,,15.90,0.0795,true,1,142930
7290110320867,false,פתיתים גבינה חצי קשה מגורדת 28% שומן,תנובה מרכז שיתופי לש,,עמק פתיתים למאפים 28,גרם,500.00,גרם,false,,35.00,0.0700,true,1,117445
7290110321277,false,קוטג בקטנה 5%. 100 גרם מהדרין תנובה,פארייפאבה אגרואינדוס,,קוטג' תנובה בקטנה 5,גרם,100.00,גרם,false,,2.60,0.0260,true,1,146688
7290110321680,false,יוגורט GO בטעם תות 20 גרם חלבון בגביע,מיוצר עי קונדיטוריית,,יופלה גו בטעם תות 20,גרם,200.00,גרם,false,,5.90,0.0295,true,1,150169
7290110322014,false,טופו בטעם טבעי תנובה ALTERNATIVE,שוורצקוף& הנקל דיסלד,,*מבצע* טופו טבעי 300,גרם,300.00,גרם,false,,9.90,0.0330,true,1,163710
7290110324353,false,יוגורט GO לייט בטעם אננס 20 גרם חלבון בגביע,מיוצר עי קונדיטוריית,,יופלה גו לייט בטעם א,גרמים,200.00,100 גרם,false,,5.90,0.0295,true,1,183284
7290110325619,false,משקה שיבולת שועל תנובה E אלטרנטיב,מיוצר עי קונדיטוריית,,תנובה משקה שיבולת שו,אין,0.00,יחידה,false,,12.90,0.0000,true,1,184525
7290110326227,false,יופלה און טופ קורנפלקס תנובה 157 גרם,מיוצר עי קונדיטוריית,,יופלה און טופ קורנפל,גרמים,157.00,100 גרם,false,,5.50,0.0350,true,1,184671
7290110328627,false,יוגורט יופלה GO במרקם סמיך בטעם בננה קרמל 0%,מיוצר עי קונדיטוריית,,יוגורט גו סמיך 0% בנ,גרמים,200.00,100 גרם,false,,5.90,0.0295,true,1,185496
7290110552121,false,יוגורט 5% בתוספת סידן וויטמין D היוגורט הראשון שלי,שטראוס גרופ בעמ/מצונן,,היוגורט הראשון שלי 5,גרמים,100.00,100 גרם,false,,2.50,0.0250,true,1,185677
7290110561352,false,דנונה יוגורט ביו פרוביוטי 3% דל לקטוז 150ג',שטראוס גרופ בעמ/מצונן,,דנונה דל לקטוז 3% 2,גרם,200.00,גרם,false,,3.70,0.0185,true,1,163127
7290110563462,false,חלב 2% דל לקטוז בבקבוק יטבתה 1 ליטר.,שטראוס גרופ בעמ/מצונן,,יטבתה חלב בבקבוק נטו,ליטר,1.00,ליטר,false,,8.90,8.9000,true,1,186280
7290110566975,false,דנונה פרו יוגורט 0% תות עשיר בחלבון 200ג',שטראוס גרופ בעמ/מצונן,,דנונה PRO 20 גרם חלב,גרם,200.00,גרם,false,,6.50,0.0325,true,1,163199
7290110568238,false,"קצפת צמחית 21% שומן 250 מ""ל יוטבתה",שטראוס גרופ בעמ/מצונן,,קצפת צימחית 21% במתי,מיליליטרים,250.00,"100 מ""ל",false,,8.90,0.0356,true,1,167141
7290111096921,false,קוויק מגבונים לניקוי כללי בתוספת חומץ ומלח לימון 50 יח',שקד תבל בע`מ,,מטליות לחות לניקוי ב,אין,0.00,יחידה,false,,9.90,0.0000,true,1,183290
7290111097041,false,מגבונים בייביסיטר מבושם שמינייה,קיבוץ עמיר dpl,,בייביסיטר מגבונים לח,אין,0.00,יחידה,false,,22.90,0.0000,true,1,184675
7290111098536,false,מגבונים לחים לתינוק,,,מגבונים לחים לתינוק,אין,0.00,יחידה,false,,14.90,0.0000,true,1,183388
7290111344732,false,קלינקס - טיישו אלרג'י קומפורט ניילון זוגות 140 דף,קימברלי קלארק ישראל שיווק בעמ,,קלינקס אלרג'י קומפור,אין,0.00,יחידה,false,,13.90,0.0000,true,1,181535
7290111564277,false,פריכיות דקות ונימוחות 3 דגנים פיטנס Fitness,קבוצת אוסם סחר שותפות מוגבלת,,פריכיות 3 דגנים דקות,גרמים,120.00,100 גרם,false,,11.90,0.0992,true,1,112287
7290111566318,false,שניצל דק מן הצומח בטעם ביתי 700 גרם,קבוצת אוסם סחר שותפות מוגבלת,,שניצל דק צמחוני בט,גרמים,564.00,100 גרם,false,,34.90,0.0619,true,1,158191
7290111939143,false,נייר אפייה קוקי עגול קוטר 28,,,קוקי נייר אפייה עגול,אין,0.00,יחידה,false,,8.90,0.0000,true,1,183507
7290112002099,false,קולון גל כביסה מרוכז 2.5 ליטר קלאסי,רקיט בנקיזר (ניר איסט) בעמ,,קולון ג'ל 2.5 ליטר ב,ליטר,2.50,ליטר,false,,26.90,10.7600,true,1,183278
7290112002150,false,ג'ל כביסה מרוכז קולון 101 בניחוח ורדים,רקיט בנקיזר (ניר איסט) בעמ,,קולון ג'ל 4 ליטר בני,ליטר,4.00,ליטר,false,,38.90,9.7250,true,1,178775
7290112002167,false,קולון ג'ל כביסה בניחוח פריחה מרענן ירוק 4 ליטר,רקיט בנקיזר (ניר איסט) בעמ,,קולון ג'ל 4 ליטר בני,ליטר,4.00,ליטר,false,,38.90,9.7250,true,1,181400
7290112347008,false,גמדים לדרך גבינה לבנה עם מחית תות ושיבולת שועל,שטראוס גרופ בעמ/מצונן,,גמדים ארוחת בוקר תות,גרמים,100.00,100 גרם,false,,5.90,0.0590,true,1,177282
7290112348142,false,שעועית לבנה 380 גר' בקופסה טעם הטבע,שטראוס גרופ בע`מ,,שעועית לבנה טעם הטבע,גרמים,380.00,100 גרם,false,,7.90,0.0208,true,1,176151
7290112348999,false,הפריכיות הטעימות תירס דקות אנרג'י 135 גרם,שטראוס גרופ בע`מ,,פריכיות טעימות תירס,גרמים,135.00,100 גרם,false,,13.50,0.1000,true,1,176078
7290112349736,false,בזיליקום רוטב עגבניות לפסטה יד מרדכי 350 גרם,אמיליאנה קונסרב סוסייטה,,רוטב עגבניות בזיליקו,גרמים,350.00,100 גרם,false,,11.90,0.0340,true,1,182758
7290112351463,false,שלישיית סוכריות מאסט FRESH פטל לימון 45 ג' עלית,"הליקון גידה בע""\מ",,שלישיית סוכריות FRES,גרמים,45.00,100 גרם,false,,9.50,0.2111,true,1,177235
7290112357083,false,טעם הטבע אפונה ירוקה 380 גרם קופסה,הדקלאים אגודת שיתופי,,אפונה ירוקה טעם הטבע,גרמים,380.00,100 גרם,false,,7.90,0.0208,true,1,178550
7290112357113,false,גרגרי חומוס בקופסה 380 גר' טעם הטבע,"שטראוס גרופ בע""מ",,גרגרי חומוס טעם הטבע,גרמים,380.00,100 גרם,false,,7.90,0.0208,true,1,184233
7290112490735,false,מרק עשיר עגבניות עם פסטה ר.טבעיים 105 גרם קנור,יוניליוור ישראל שיווק בע`מ,,מרק היום מרק עגבניות,גרמים,105.00,100 גרם,false,,12.50,0.1190,true,1,178500
7290112490742,false,מרק עשיר פטריות עם גריסים רכיבים טבעיים 104 ג' קנור,"יוניליוור ישראל שיווק בע""מ",,מרק היום מרק פטריות,גרמים,104.00,100 גרם,false,,12.50,0.1202,true,1,178501
7290112492487,false,פינוק שמפו לשיער עם שמן מרוקאי 700 מל,"יוניליוור ישראל שיווק בע""מ",,פינוק שמפו שמן מרוקא,מיליליטרים,700.00,"100 מ""ל",false,,11.90,0.0170,true,1,181712
7290112494221,false,חטיף ביסקויט שוקולד חלב קליק (65 גרם),יוניליוור ישראל שיווק בע`מ,,קליק ביסקוויט 65 גרם,גרמים,65.00,100 גרם,false,,5.90,0.0908,true,1,176549
7290112495433,false,דגני דליפקאן תוספת אגוזי פקאן ושקדים 400 גר,יוניליוור ישראל שיווק בע`מ,,"דליפקאן תלמה בד""ץ 40",גרמים,400.00,100 גרם,false,,18.90,0.0472,true,1,176582
7290112961440,false,פיטנס חטיפי פריכיות שוקולד מריר 84 גרם,קבוצת אוסם סחר שותפות מוגבלת,,פיטנס בר פריכיות שוק,גרמים,84.00,100 גרם,false,,14.90,0.1774,true,1,179851
7290112964434,false,אסם רוטב קיסר חדש לסלט 295 גרם,קבוצת אוסם סחר שותפות מוגבלת,,אסם רוטב קיסר לסלט 2,מיליליטרים,295.00,"100 מ""ל",false,,12.90,0.0437,true,1,176826
7290112964625,false,רוטב שום לייט לסלט 310 גרם אסם,קבוצת אוסם סחר שותפות מוגבלת,,אסם רוטב שום לייט לס,מיליליטרים,295.00,"100 מ""ל",false,,12.90,0.0437,true,1,176834
7290112967138,false,בייגלה שמיניות ללא גלוטן 250 גרם אסם,קבוצת אוסם סחר שותפות מוגבלת,,אסם בייגלה שמיניות ל,גרמים,250.00,100 גרם,false,,14.90,0.0596,true,1,176876
7290112968708,false,"טבעול שניצל תירס עדה חרדית 1.3 ק""ג",קבוצת אוסם סחר שותפות מוגבלת,,שניצל תירס עדה חרדי,אלף,1.30,"ק""ג",false,,44.90,34.5385,true,1,176978
7290113192508,false,ב.השיטה מלפפון במלח ר.טבע א2 17-13 320 גרם,קבוצת אוסם סחר שותפות מוגבלת,,מלפפון במלח 13-17 בי,גרמים,320.00,100 גרם,false,,11.90,0.0372,true,1,184666
7290113193406,false,"קוקטייל טבעות זיתים - זיתים ירוקים, שחורים מרינד",קבוצת אוסם סחר שותפות מוגבלת,,טבעות קוקטיל זיתים ב,גרמים,560.00,100 גרם,false,,14.90,0.0266,true,1,176134
7290113289475,false,מפיות חד שכבתיות 80,,,מפיות חד שכבתיות 80,אין,0.00,יחידה,false,,5.90,0.0000,true,1,185775
7290113289543,false,כוסות שקופות 150 יחי,,,כוסות שקופות 150 יחי,אין,0.00,יחידה,false,,15.90,0.0000,true,1,178845
7290114311151,false,גבינת עיזים מה עז כמ,מחלבת משק צוריאל,,גבינת עיזים- כמהין,גרמים,150.00,100 גרם,false,,26.90,0.1793,true,1,184269
7290114311182,false,תום עיזים צוריאל 150 גרם,מילקו תעשיות בעמ,,גבינת תום עיזים 28%,גרמים,150.00,100 גרם,false,,27.90,0.1860,true,1,185882
7290114603539,false,קרוטונים למרק שום בצל מאסטר שף 350 גרם,"עינת תעשיות מזון, אגשח ב",,מאסטר שף קרוטונים למ,גרמים,350.00,100 גרם,false,,19.90,0.0569,true,1,178543
7290114606561,false,מאסטר שף אטריות אורז דקות ורמיצ'לי 400 ג,לינג טונג רייס ורמיצ'ילי,,אטריות אורז דקות מאס,גרמים,400.00,100 גרם,false,,12.90,0.0323,true,1,183723
7290115200713,false,במבה קלאסי מארז אחיד 5*50 גר` אסם,קבוצת אוסם סחר שותפות מוגבלת,,מארז במבה קלאסי אסם,גרמים,250.00,100 גרם,false,,12.90,0.0516,true,1,182493
7290115202786,false,מנה חמה פאוצ' נדלס.אטר.טעם בקר 70 גרם,קבוצת אוסם סחר שותפות מוגבלת,,מנה חמה פאוצ' נדלסאט,גרמים,70.00,100 גרם,false,,4.90,0.0700,true,1,180206
7290115202816,false,מנה חמה פאוץ נודלס אטריות טעם עוף 70 גרם,קבוצת אוסם סחר שותפות מוגבלת,,מנה חמה פאוצ' נדלסאט,גרמים,70.00,100 גרם,false,,4.90,0.0700,true,1,178766
7290115202939,false,מנה חמה רייס נודלס עוף פטריות אסם 50 גרם,קבוצת אוסם סחר שותפות מוגבלת,,מנה חמה רייס נודלס ע,גרמים,50.00,100 גרם,false,,8.90,0.1780,true,1,184308
7290115204056,false,"קטשופ מופחת סוכר אסם 690 גרם כשל""פ",קבוצת אוסם סחר שותפות מוגבלת,,אסם קטשופ מופחת סוכר,אין,690.00,יחידה,false,,9.90,0.0143,true,1,182052
7290115403404,false,עוגיות פרפריות שוקו 450ג דל,שיבולים יצור ושיווק מוצרי מאפה,,עוגיות פרפריות שוקו,גרמים,450.00,100 גרם,false,,14.90,0.0331,true,1,184720
7290115403459,false,עוגיות נסיכה בטעם תות 500 גר`,שיבולים יצור ושיווק מוצרי מאפה,,עוגיות נסיכה בטעם תו,גרמים,500.00,100 גרם,false,,14.90,0.0298,true,1,184725
7290116531854,false,"פינוק תחליב רחצה שייק קיווי, פסיפלורה ואשכולית אדומה",יוניליוור ישראל שיווק בעמ,,תחליב רחצה בניחוח שי,מיליליטרים,700.00,"100 מ""ל",false,,10.90,0.0156,true,1,185248
7501064191398,false,שישיית בירה קורונה אקסטרא *355 מל,קריניציה ויטמינה אס,,קורונה מארז שישיה 6*,ליטר,2.13,ליטר,false,,39.90,18.7324,true,1,177403
7613035379794,false,דנטלייף חטיף דנטלי לכלבים מגזע בינוני - 4 יחידות,קבוצת אוסם סחר-שות.מוגבלת,,דנטלייף גזע בינוני 5,גרמים,690.00,100 גרם,false,,14.90,0.0216,true,1,181394
7613035379817,false,דנטלייף חטיף דנטלי לכלבים מגזע קטן - 4 יחידות,קבוצת אוסם סחר-שות.מוגבלת,,דנטלייף גזע קטן 7 6*,גרמים,690.00,100 גרם,false,,14.90,0.0216,true,1,181110
7613035548374,false,דגני בוקר גולדן מיניס מחיטה מלאה ותירס,קבוצת אוסם סחר-שות.מוגבלת,,דגני בוקר גולדן מיני,גרמים,570.00,100 גרם,false,,22.90,0.0402,true,1,112332
7613036105545,false,"דוגלי גזע קטן 4*3 קילו ""אסם""",קבוצת אוסם סחר שותפות מוגבלת,,דוגלי בטעם בקר גזע ק,אלף,3.00,"ק""ג",false,,50.90,16.9667,true,1,112344
7613036105606,false,דוגלי בקר לכלבים בוגרים,קבוצת אוסם סחר שותפות מוגבלת,,דוגלי בוגר בקר 4*3קג,אלף,3.00,"ק""ג",false,,52.90,17.6333,true,1,112346
7613037811629,false,קורנפלקס גו פרי ללא גלוטן 500 גר`,קבוצת אוסם סחר שותפות מוגבלת,,קורנפלקס גו פרי 500,גרמים,500.00,100 גרם,false,,14.90,0.0298,true,1,176945
7622201798154,false,גבינת שמנת לייט מופחתת שומן 13% שומן,מיודלז אספניה פרודוק,,פילדלפיה גבינת שמנת,גרמים,150.00,100 גרם,false,,13.90,0.0927,true,1,182394
7622210453327,false,עוגיות שוקוצ'יפס במילוי שוקולד סנסיישן,דיפלומט מפיצים (1968) בעמ**,,מילקה סנסיישן 156 גר,גרמים,156.00,100 גרם,false,,14.90,0.0955,true,1,156626
7622300270506,false,מילקה גריינס - עוגיות שיבולת שועל מצופות שוקולד 168 ג',דיפלומט מפיצים (1968) בעמ**,,מילקה גריינס עוגיות,גרמים,168.00,100 גרם,false,,14.90,0.0887,true,1,100173
8000380003723,false,וופלים גרנד פטיסרי במילוי קרם אגוזים 100,קריניציה ויטמינה אס,,גרנד פטיסרי ופל אגוז,גרמים,100.00,100 גרם,false,,12.90,0.1290,true,1,157316
8000500029350,false,מארז וופל מצופה 3יח' *43 גרם קינדר בואנו,פרימיום-חברה לדברי מתיקה ולמסח,,קינדר בואנו 3*43 גרם,גרמים,129.00,100 גרם,false,,11.90,0.0922,true,1,132877
8000500121436,false,מארז קינדר בואנו Kinder Bueno לבן שלוש יחידות,פרימיום חברה לדברי מתיקה ולמסח,,קינדר בואנו לבן 3*43,גרמים,117.00,100 גרם,false,,11.90,0.1017,true,1,132883
8000500227848,false,נוטלה - בי רדי אצבעות ביסקוויט במילוי שוקולד 6 יח' * 22 גרם,פרימיום-חברה לדברי מתיקה ולמסח,,'וופל מלוח במילוי ממ,גרמים,132.00,100 גרם,false,,12.50,0.0947,true,1,163277
8000500258798,false,מעטפת שוקולד חלב פרר,,,פררו סנאי 90 גרם,גרם,90.00,גרם,false,,12.90,0.1433,true,1,173267
8001090721099,false,טבליות ג'ל לכביסה 3 ב-1 בניחוח אביב הרים,דיפלומט מפיצים (1986) בע`מ,,אריאל פודס קפסולות 2,יח',27.00,יח',false,,32.90,1.2185,true,1,165882
8001090802385,false,קפסולות גל לכביסה טייד בניחוח לנור 26 יח,דיפלומט מפיצים (1986) בע`מ,,טייד קפסולות ג'ל בני,אין,0.00,יחידה,false,,32.90,0.0000,true,1,179871
8001090832535,false,"שמפו פנטן שמן מרוקאי משקם 660 מ""ל",דיפלומט מפיצים (1986) בע`מ,,שמפו שמן מרוקאי משקם,מיליליטרים,660.00,"100 מ""ל",false,,22.90,0.0347,true,1,178309
8001090832573,false,שמפו שמן לחות מוגברת 660 מל פנטן,דיפלומט מפיצים (1986) בע`מ,,שמפו לחות מוגברת פנט,מיליליטרים,660.00,"100 מ""ל",false,,22.90,0.0347,true,1,182074
8001090832894,false,מרכך לשיער חלש ופגום לחות מוגברת,דיפלומט מפיצים (1986) בע`מ,,מרכך לחות מוגברת פנט,מיליליטרים,660.00,"100 מ""ל",false,,22.90,0.0347,true,1,179872
8001090899194,false,תחבושות אולוויז פלטינום נורמל 24 יחידות,דיפלומט מפיצים (1986) בע`מ,,תחבושות פלטינום נורמ,אין,0.00,יחידה,false,,23.90,0.0000,true,1,178310
8005110170300,false,עגבניות מרוסקות חתוכות מוטי MUTTI שלישיה *400,רסטרטו יבוא ושיווק בעמ*אין החז,,עגבניות MUTTI מרוסקו,אלף,1.20,"ק""ג",false,,16.90,14.0833,true,1,176218
8006540091937,false,לנור כדוריות הבושם בניחוח אריאל 210 גרם,פטר קרמר עבור פרוקטור אנ,,לנור כדוריות הבושם ב,גרמים,210.00,100 גרם,false,,31.90,0.1519,true,1,180858
8076800195132,false,ברילה - צ.א בבטה מס13 500 גרם,ברילה גי.אי.אר פרטלי ס.פ,,ספגטי בבטה מס' 13 בר,גרמים,500.00,100 גרם,false,,7.90,0.0158,true,1,114083
8076802085981,false,ברילה - צ.ק פוזילי חדש 500 גרם,ברילה גי.אי.אר פרטלי ס.פ,,פסטה פוזילי 98 ברילה,גרמים,500.00,100 גרם,false,,7.90,0.0158,true,1,114089
8076808050440,false,פסטה מקרוני מספר 44 ברילה 500 גרם,ש. שסטוביץ בע`מ,,פסטה מקרוני מס' 44 ב,גרמים,500.00,100 גרם,false,,7.90,0.0158,true,1,158439
8076808060654,false,פסטה פרפלה מספר 65 ברילה 500 גרם,ברילה גי.אי.אר פרטלי ס.פ,,פסטה פרפלה 65 ברילה,גרמים,500.00,100 גרם,false,,7.90,0.0158,true,1,114091
8076808150072,false,ברילה - צ.א ספגטוני מס7 חדש 500 גרם,ברילה גי.אי.אר פרטלי ס.פ,,ספגטי מס' 7 ברילה 50,גרמים,500.00,100 גרם,false,,7.90,0.0158,true,1,114093
8076809512268,false,פסטה גירנדולה טורסדס מספר 34 ברילה 500 גרם,ברילה גי.אי.אר פרטלי ס.פ,,פסטה גירנדולה מס' 34,גרמים,500.00,100 גרם,false,,7.90,0.0158,true,1,114095
8076809513395,false,ברילה פומודורו רוטב עגבניות קלאסי 400 גר,ברילה גי.אי.אר פרטלי ס.פ,,ברילה רוטב פורמודרו,גרמים,400.00,100 גרם,false,,10.90,0.0273,true,1,114097
8076809529433,false,פסטה פנה ריגטה חיטה מלאה ברילה (500 גרם),"ש. שסטוביץ בע""\מ",,פנה רגטה מחיטה מלאה,גרמים,500.00,100 גרם,false,,12.90,0.0258,true,1,114108
8410104039134,false,"מנקה ומחדש מדיח כלים פיניש 250 מ""ל",רקיט בנקיזר (ניר איסט) בעמ,,פיניש מנקה ומחדש מדי,"מ""ל",250.00,"מ""ל",false,,15.90,0.0636,true,1,113368
8410104044916,false,אבקה למדיח כלים פיניש (2.7 קג),רקיט בנקיזר (ניר איסט) בעמ,,פיניש 2.7 קג רגיל,אלף,3.00,"ק""ג",false,,49.90,16.6333,true,1,113369
8423207206495,false,סלים דליס חטיף דגנים מצופה שוקולד מריר מרבה 6*20 גרם,אף.סי תבליני בגליל ב,,סלים דליס חטיף דגנים,גרמים,120.00,100 גרם,false,,11.90,0.0992,true,1,114124
8423207207362,false,חטיפי סלים דליס שוקולד לבן מרבה 6 יחידות,ביסנצ'ורי אס.אל.יו,,סלים דליס חטיף דגנים,גרמים,120.00,100 גרם,false,,11.90,0.0992,true,1,114127
8683130025574,false,"מרכך כביסה מרוכז אקסטרה לבנדר בדין 960 מ""ל",יוניליוור ישראל שיווק בע`מ,,בדין אקסטרא לבנדר-96,מיליליטרים,960.00,"100 מ""ל",false,,15.90,0.0166,true,1,185187
8690637505607,false,מרכך כביסה מרוכז בדין אקסטרה בניחוח פינוק כחול,יוניליוור ישראל שיווק בע`מ,,מרכך כביסה אקסטרה כח,מיליליטרים,960.00,"100 מ""ל",false,,15.90,0.0166,true,1,178754
8690637994029,false,מרכך כביסה אקסטרה בניחוח סחלבים פראי,"יוניליוור ישראל שיווק בע""מ",,בדין אקסטרא מכך כביס,ליטר,1.44,ליטר,false,,21.90,15.2083,true,1,183270
8690766156367,false,טבלת שוקולד חלב מעולה 90 גר` גודייבה,תה ויסוצקי (ישראל) בעמ,,גודייבה שוקולד חלב מ,גרמים,90.00,100 גרם,false,,14.90,0.1656,true,1,177336
8690766156404,false,שוקולד מריר מעולה גודייבה תפוז אדום 90 גרם,תה ויסוצקי (ישראל) בעמ,,גודייבה שוקולד מריר,גרמים,90.00,100 גרם,false,,14.90,0.1656,true,1,177340
8710502064814,false,עוגיות מרבה שוקולד ציפס במרקם רך 175 גר,בנקטבקריי מרבה בי.וי,,מרבה עוגיות שוקוציפס,גרמים,175.00,100 גרם,false,,10.90,0.0623,true,1,114151
8714599410530,false,קפה ג`ייקובס קרוננג מיובש בהקפאה 200 ג,דיפלומט מפיצים (1968) בעמ**,,גייקובס קפה נמס 200ג,גרם,200.00,גרם,false,,21.90,0.1095,true,1,143697
8714599513866,false,"קפה נמס מיובש בהקפאה קרונג צנצנת ג'ייקובס 200 גרם לל""ס",דיפלומט מפיצים (1968) בעמ**,,קפה ג'יקובס קרונונג,גרמים,200.00,100 גרם,false,,32.90,0.1645,true,1,100193
8715700110158,false,היינץ ממרח במרקם קרמי צנצנת 490 גרם,דיפלומט מפיצים (1968) בעמ**,,מיונז היינץ לייט צנצ,גרמים,490.00,100 גרם,false,,8.90,0.0182,true,1,142529
8718951175600,false,"משחת שיניים קולגייט אוטאל קליין מינט 75 מ""ל",ש.שסטוביץ בעמ,,קולגייט משחת שיניים,מיליליטרים,75.00,"100 מ""ל",false,,14.90,0.1987,true,1,185256
8718951236806,false,"קולגייט טוטאל הלבנה משחת שיניים המסייעת בהסרת כתמים 100 מ""ל",ש. שסטוביץ בע`מ,,מש.שיניים להלבנה קול,מיליליטרים,100.00,"100 מ""ל",false,,20.90,0.2090,true,1,175112
8809168840471,false,חטיף אצות מיובשות 9יח 4.5גרם.,מזרח ומערב יבוא ושיווק,,חטיף אצות מיובשות 9,גרמים,4.50,100 גרם,false,,25.90,5.7556,true,1,185498
8850367992164,false,קרם קוקוס 250 מל 20-22% ללא חומר משמר,מזרח ומערב יבוא ושיווק,,קרם קוקוס ללא גלוטן,גרמים,250.00,100 גרם,false,,8.80,0.0352,true,1,139244
9310072028743,false,טים טם ביסקוויט במילוי שוקולד 200 גרם,"ארנוטס ביסקוויטס בע""",,טים טם אוריגינל 200,גרמים,200.00,100 גרם,false,,21.70,0.1085,true,1,107365
9322969000015,false,פריכיות תירס בטעם אורגינל ריל פודס 150 ג',אף.סי תבליני בגליל ב,,פריכיות תירס בטעם או,גרמים,150.00,100 גרם,false,,13.50,0.0900,true,1,100971
9720188050109,false,ממרח על בסיס סויה בסגנון גבינה טופוטי 225 גרם,*החברה המרכזית להפצת משקאותבעמ,,טופוטי ממרח טופו בטע,גרמים,225.00,100 גרם,false,,23.60,0.1049,true,1,101457
