code,internal_code,name,manufacturer_name,manufacture_country,manufacturer_item_description,unit_qty,quantity,unit_of_measure,weighted,qty_in_package,price,unit_of_measure_price,allow_discount,status,item_id
321,true,תן ביס פטור מעמ,ספקים שונים,,,יח`,1,,false,1,0.01,0.01,false,1,
2003,true,אבוקדו,גליל שוק מקומי אגשח*שיק ל60 יו,,,"ק""ג",1,,true,1,9.90,9.90,false,1,
2006,true,ארטישוק,אנונה שיווק בעמ*שיק 45 יום*,,,"ק""ג",1,,true,1,25,25,false,1,
2009,true,בננות,גליל שוק מקומי אגשח*שיק ל60 יו,,,"ק""ג",1,,true,1,5.90,5.90,false,1,
2010,true,בצל יבש,רביבו יהודה חקלאות ונכסים בעמ,,,"ק""ג",1,,true,1,4.90,4.90,false,1,
2012,true,אננס,פירות הכרמל אגשח בעמ*שיק 45 יו,,,יח`,1,,false,1,40,40,false,1,
2013,true,גויאבה,אלדד קליימן שיווק בעמ*שיק 40 י,,,"ק""ג",1,,true,1,19.90,19.90,false,1,
2021,true,חצילים,שיווק העשור ירקות הזהב*שיק 30,,,"ק""ג",1,,true,1,6.90,6.90,false,1,
2029,true,מלון,בננות החוף אגשח בעמ,,,"ק""ג",1,,true,1,7.90,7.90,false,1,
2040,true,פלפל ירוק,ינאי - מרכז פרי והירק בעמ*שיק,,,"ק""ג",1,,true,1,7.90,7.90,false,1,
2041,true,פלפל חריף,שיווק העשור ירקות הזהב*שיק 30,,,"ק""ג",1,,true,1,8.90,8.90,false,1,
2046,true,קולורבי,תעשיות תוצרת חקלאית אביטן בני,,,"ק""ג",1,,true,1,6.90,6.90,false,1,
2049,true,קיווי,בראשית - אגודה שיתופית*שיק 45,,,"ק""ג",1,,true,1,19.90,19.90,false,1,
2051,true,לפת,מלוא הסל שיווק ירקות בעמ*שיק 3,,,"ק""ג",1,,true,1,6.90,6.90,false,1,
2061,true,פלפל אדום,י.ל. החקלאים שיווק והפצה בעמ*ש,,,"ק""ג",1,,true,1,8.90,8.90,false,1,
2067,true,פלפל צהוב,ב.ד. גידול ירקות בעמ*שיק 30 יו,,,"ק""ג",1,,true,1,8.90,8.90,false,1,
2068,true,אפרסמון,מור פירות השרון בעמ* שיק 45 יו,,,"ק""ג",1,,true,1,12.90,12.90,false,1,
2092,true,פלפל שושקה,י.ל. החקלאים שיווק והפצה בעמ*ש,,,"ק""ג",1,,true,1,9.90,9.90,false,1,
2099,true,שזיף אדום,בועז את עמיר בעמ*שיק 40 יום*,,,"ק""ג",1,,true,1,15.90,15.90,false,1,
2113,true,פלפל כתום,י.ל. החקלאים שיווק והפצה בעמ*ש,,,"ק""ג",1,,true,1,8.90,8.90,false,1,
2130,true,אנונה,גליל שוק מקומי אגשח*שיק ל60 יו,,,"ק""ג",1,,true,1,18.90,18.90,false,1,
2170,true,שעועית ירוקה,בננות החוף אגשח בעמ,,,יח`,1,,false,1,10,10,false,1,
2173,true,חציל בלדי,י.ל. החקלאים שיווק והפצה בעמ*ש,,,"ק""ג",1,,true,1,7.90,7.90,true,1,
2323,true,גבינה מגורדת מעדנייה,תנובה - חלב,,,"ק""ג",1000,גרם,true,1,48,4.80,false,1,
11004,true,הולנדית+שויצרית+צ`דר,גבינות הכפר בעמ,,,"ק""ג",1000,גרם,true,1,37,3.70,false,1,
12001,true,מעושנת,גבינות הכפר בעמ,,,"ק""ג",1000,גרם,true,1,38,3.80,false,1,
14005,true,מקסיקנית,גבינות הכפר בעמ,,,"ק""ג",1000,גרם,true,1,36,3.60,false,1,
15002,true,גבינה שום שמיר+זיתים במישקל,גבינות הכפר בעמ,,,"ק""ג",1000,גרם,true,1,36,3.60,false,1,
46662,true,סקנדינבית 31% תנובה,תנובה - חלב,,,"ק""ג",1000,גרם,true,1,76,7.60,false,1,
47485,true,בולגרית פיראוס 24% פח 3 קג`תנובה,תנובה - חלב,,,"ק""ג",1000,גרם,true,1,56,5.60,false,1,
282305,true,דג לברק טרי נקי,מאסטרפוד בעמ,,,"ק""ג",1,,true,1,69,69,true,1,
328900,true,נפוליאון טבעי גבינת שמנת 25% מעדניה,תנובה - חלב,,,"ק""ג",1000,גרם,true,1,46,4.60,false,1,
328917,true,נפוליאון זיתים גבינת שמנת 24% מעדניה,תנובה - חלב,,,"ק""ג",1000,גרם,true,1,46,4.60,false,1,
328924,true,נפוליאון שום שמיר גבינת שמנת 25% מעדניה,תנובה - חלב,,,"ק""ג",1000,גרם,true,1,46,4.60,false,1,
366203,true,דג בורי טרי נקי,מאסטרפוד בעמ,,,"ק""ג",1,,true,1,39,39,false,1,
372204,true,דג ברמונדי נקי שלם,מאסטרפוד בעמ,,,"ק""ג",1,,true,1,49.90,49.90,true,1,
395408,true,גבנצ 28% נעם חריץ פיקוח מעדנייה,החב` המרכזית - טרה,,,"ק""ג",1000,גרם,true,1,44.79,4.48,false,1,
395422,true,גבנצ 22% נעם חריץ פיקוח מעדנייה,החב` המרכזית - טרה,,,"ק""ג",1000,גרם,true,1,42.58,4.26,false,1,
554792,true,בולגרית 5% 16% מעודנת- גד מעדניה,מחלבות גד שיווק 1992 בעמ,,,"ק""ג",1000,גרם,true,1,56,5.60,false,1,
554914,true,גבינה צפתית רכה 5% מעדנייה גד,מחלבות גד שיווק 1992 בעמ,,,"ק""ג",1000,גרם,true,1,60,6,false,1,
554969,true,שמנות 30% גד,מחלבות גד שיווק 1992 בעמ,,,"ק""ג",1000,גרם,true,1,45,4.50,false,1,
554990,true,כדורי מוצרלה במים גד פרסקה מעדניה,מחלבות גד שיווק 1992 בעמ,,,"ק""ג",1000,גרם,true,1,92,9.20,false,1,
560915,true,דג דניס טרי נקי,מאסטרפוד בעמ,,,"ק""ג",1,,true,1,65,65,true,1,
560946,true,דג קרפיון מצונן נקי,מאסטרפוד בעמ,,,"ק""ג",1,,true,1,29.90,29.90,true,1,
571515,true,פילה סלמון נורבגי שלם -טרי,מאסטרפוד בעמ,,,"ק""ג",1,,true,1,109,109,true,1,
657424,true,סופגניה אריאל במאפית,מאפיית אריאל בעמ,,,יח`,1,,false,1,3.50,3.50,false,1,
821009,true,אצבעות אנטריקוט קפוא,נחמיה לחוביץ בעמ,,,"ק""ג",1,,true,1,54.90,54.90,false,1,
1319161,true,בשר מס` 3 חזה,נחמיה לחוביץ בעמ,,,"ק""ג",1,,true,1,29.90,29.90,false,1,
1532195,true,מקרל מעושן קטן,הרמס דגים בעמ,,,"ק""ג",1000,גרם,true,1,56,5.60,false,1,
1532249,true,מקרוסקה מעושן חם בואקום,הרמס דגים בעמ,,,"ק""ג",1000,גרם,true,1,99,9.90,false,1,
1710159,true,גולש עגל קפוא,לאטי עזרא בעמ,,,"ק""ג",1,,true,1,35.90,35.90,false,1,
1710289,true,דג מקרל ארוז,בלדי בעמ,,,"ק""ג",1,,true,1,19.90,19.90,false,1,
2107743,true,צפתית מעודנת 5% צוריאל,החב` המרכזית - טרה,,,"ק""ג",1000,גרם,true,1,44,4.40,false,1,
2206019,true,כרעיים עוף טרי ארוז,קורניש חן (1987) בעמ,,,"ק""ג",1,,true,1,25.90,25.90,true,1,
2206033,true,שוקיים עוף טרי ארוז,קורניש חן (1987) בעמ,,,"ק""ג",1,,true,1,29.90,29.90,true,1,
2206040,true,כנפיים עוף טרי ארוז,קורניש חן (1987) בעמ,,,"ק""ג",1,,true,1,12.90,12.90,true,1,
2206057,true,חזה עוף טרי שלם ארוז,קורניש חן (1987) בעמ,,,"ק""ג",1,,true,1,32.90,32.90,true,1,
2206064,true,חזה עוף פרוס טרי ארוז שניצל,קורניש חן (1987) בעמ,,,"ק""ג",1,,true,1,34.90,34.90,true,1,
2206101,true,סטייק פרגית ללא עור,קורניש חן (1987) בעמ,,,"ק""ג",1,,true,1,54.90,54.90,true,1,
2206118,true,כבד עוף לצליה טרי ארוז,קורניש חן (1987) בעמ,,,"ק""ג",1,,true,1,15.90,15.90,false,1,
2206408,true,חזה הודו נקבה טרי ארוז מוביל,קורניש חן (1987) בעמ,,,"ק""ג",1,,true,1,25.90,25.90,false,1,
2206514,true,נתחי חזה הודו טרי ארוז מוביל,קורניש חן (1987) בעמ,,,"ק""ג",1,,true,1,23.90,23.90,false,1,
2209071,true,פילה עוף טרי ארוז,קורניש חן (1987) בעמ,,,"ק""ג",1,,true,1,34.90,34.90,true,1,
2370123,true,גבינת עיזים רכה 29% שומן מעדניה,ג.וילי-פוד אינטרנשיונל **גבינו,,,"ק""ג",1000,גרם,true,1,80,8,false,1,
2370420,true,גבינת גאודה מהולנד 30% שומן-מעדניה,ג.וילי-פוד אינטרנשיונל **גבינו,,,"ק""ג",1000,גרם,true,1,59,5.90,false,1,
2385455,true,בולגרית מעודנת 24% מעדנייה גד,מחלבות גד שיווק 1992 בעמ,,,"ק""ג",1000,גרם,true,1,61,6.10,false,1,
2461098,true,נילוס פרוס,גול סחר בעמ,,,"ק""ג",1,,true,1,44.90,44.90,false,1,
3001620,true,בשר מס` 2 צלעות,נחמיה לחוביץ בעמ,,,"ק""ג",1,,true,1,29.90,29.90,false,1,
3163847,true,בשר מס` 4 כתף בקר .,נחמיה לחוביץ בעמ,,,"ק""ג",1,,true,1,29.90,29.90,false,1,
3414406,true,נטיפי אפייה חמאת בוטנים ריסז (283 גרם),ליימן שליסל בעמ,,,יח`,283,גרם,false,1,14.90,5.27,true,1,
3423909,true,חטיף שוקולד לבן עם שברי עוגיות הרשי 43 ג,ליימן שליסל בעמ,,,יח`,1,,false,1,4.90,4.90,false,1,
3444009,true,חטיף שוקולד חלב עם חמאת בוטנים הרשי 42 ג,ליימן שליסל בעמ,,,יח`,1,,false,1,3.90,3.90,false,1,
3578085,true,גבינת מוצרלה 21% מעדניה,ג.וילי-פוד אינטרנשיונל **גבינו,,,"ק""ג",1000,גרם,true,1,52,5.20,false,1,
3578504,true,גבינת אדם- מעדניה,ג.וילי-פוד אינטרנשיונל **גבינו,,,"ק""ג",1000,גרם,true,1,55,5.50,false,1,
3632367,true,פילה ברבוניה,נ.ת.נ.ג.ב החזקות יעוץ וניהול ב,,,יח`,400,גרם,false,1,19.90,4.98,false,1,
4033712,true,לחם עננים מקמח מלא 750 גרם.,י.את א. ברמן בעמ,,,יח`,750,גרם,false,1,15.50,2.07,true,1,
4033736,true,לחם עננים בסגנון בריוש 500 גר`,י.את א. ברמן בעמ,,,יח`,500,גרם,false,1,13.90,2.78,true,1,
4043108,true,מ@מס שוקו 89 גר`,מרס ריגלי ישראל בעמ,,,יח`,89,גרם,false,1,5.90,6.63,false,1,
4043205,true,מ@מס פיאנטס,מרס ריגלי ישראל בעמ,,,יח`,92.70,גרם,false,1,5.90,6.36,false,1,
4135324,true,פיראוס בולגרית 5% מעודנת,תנובה - חלב,,,"ק""ג",1000,גרם,true,1,43,4.30,false,1,
4136291,true,צפתית/מעודנת 5%,תנובה - חלב,,,"ק""ג",1000,גרם,true,1,51,5.10,false,1,
4751001,true,סופגניה אריאל עם ריבה,מאפיית אריאל בעמ,,,יח`,1,,false,1,2.90,2.90,true,1,
4751002,true,סופגניה אריאל ללא ריבה,מאפיית אריאל בעמ,,,יח`,1,,false,1,2.90,2.90,true,1,
4751003,true,מיני סופגניה אריאל עם ריבה,מאפיית אריאל בעמ,,,יח`,1,,false,1,1.90,1.90,true,1,
4751004,true,מיני סופגניה אריאל ללא ריבה,מאפיית אריאל בעמ,,,יח`,1,,false,1,1.90,1.90,true,1,
5358005,true,נסיכת הנילוס שלם,גול סחר בעמ,,,"ק""ג",1,,true,1,29.90,29.90,false,1,
5992858,true,פטה עיזים 5%-20% גד מעדניה,מחלבות גד שיווק 1992 בעמ,,,"ק""ג",1000,גרם,true,1,110,11,false,1,
6010032,true,מצוני 5 ליטר יבנה,גבינות הכפר בעמ,,,"ק""ג",1000,גרם,true,1,10,1,false,1,
6040619,true,גבינת טבורוג 5% יבנה,גבינות הכפר בעמ,,,"ק""ג",1000,גרם,true,1,22,2.20,false,1,
6041043,true,גבינת צימוקים יבנה,גבינות הכפר בעמ,,,"ק""ג",1000,גרם,true,1,23,2.30,false,1,
6131188,true,פילה סלמון,נ.ת.נ.ג.ב החזקות יעוץ וניהול ב,,,"ק""ג",1,,true,1,69.90,69.90,false,1,
6131706,true,פילה אמנון (מושט) קפוא,נ.ת.נ.ג.ב החזקות יעוץ וניהול ב,,,"ק""ג",1,,true,1,24.90,24.90,false,1,
6131829,true,פילה סלמון מנות,נ.ת.נ.ג.ב החזקות יעוץ וניהול ב,,,"ק""ג",1,,true,1,79.90,79.90,false,1,
6464811,true,בשר מס` 6 פילה מדומה,נחמיה לחוביץ בעמ,,,"ק""ג",1,,true,1,34.90,34.90,false,1,
6464828,true,בשר מס` 8 שריר,ישראל פלדמן בעמ,,,"ק""ג",1,,true,1,29.90,29.90,false,1,
6740212,true,נקניקיות ג`מבו,זוגלובק שיווק בעמ,,,"ק""ג",1000,גרם,true,1,19.90,1.99,false,1,
6920461,true,מוצרלה מגורדת,גבינות הכפר בעמ,,,"ק""ג",1000,גרם,true,1,45,4.50,false,1,
8175760,true,גבינת מנצ`גו(חלב כבשים),ג.וילי-פוד אינטרנשיונל **גבינו,,,"ק""ג",1000,גרם,true,1,89,8.90,false,1,
8175777,true,איבריקו ויליפוד,ג.וילי-פוד אינטרנשיונל **גבינו,,,"ק""ג",1000,גרם,true,1,80,8,false,1,
8175906,true,גאודה מחלב עיזים חצי קשה 32%,ג.וילי-פוד אינטרנשיונל **גבינו,,,"ק""ג",1000,גרם,true,1,99,9.90,false,1,
8577267,true,עוף טרי שלם ארוז,קורניש חן (1987) בעמ,,,"ק""ג",1,,true,1,19.90,19.90,true,1,
40111216,true,באונטי חטיף שוקולד קוקוס 57 גרם,מרס ריגלי ישראל בעמ,,,יח`,57,גרם,false,1,3.90,6.84,true,1,
72940754,true,מילקי וניל,שטראוס גרופ בעמ/מצונן,,,יח`,130,"מ""ל",false,1,2.80,2.15,false,1,
72940761,true,מילקי שוקו,שטראוס גרופ בעמ/מצונן,,,יח`,130,"מ""ל",false,1,2.90,2.23,false,1,
72940952,true,מילקי פי 2 קצפת,שטראוס גרופ בעמ/מצונן,,,יח`,170,"מ""ל",false,1,3.90,2.29,false,1,
72945308,true,שמרים טריים קובייה שמרית (50 גרם),שטראוס גרופ בעמ/מצונן,,,יח`,50,גרם,false,1,3.50,7,false,1,
72961506,true,יוגורט עם תות 1.5% פרילי (125 גרם),תנובה - חלב,,,יח`,125,"מ""ל",false,1,3.50,2.80,false,1,
72961544,true,יוגורט בטעם תות שדה 3% באדי (125 גרם),תנובה - חלב,,,יח`,125,"מ""ל",false,1,3,2.40,false,1,
72964422,true,יוגורט לבן 4.5% תנובה (200 מל),תנובה - חלב,,,יח`,200,"מ""ל",false,1,2.90,1.45,false,1,
72986370,true,גלידת פיינטים וניל צרפתי בן אנד גריס,מוצרי איכות אמריקאיים בעמ,,,יח`,420,"מ""ל",false,1,19.90,4.74,true,1,
72986424,true,גלידת פיינטים קרם עוגיות,מוצרי איכות אמריקאיים בעמ,,,יח`,420,"מ""ל",false,1,19.90,4.74,true,1,
72986448,true,גלידת פיינטים טופי קרנץ,מוצרי איכות אמריקאיים בעמ,,,יח`,420,"מ""ל",false,1,19.90,4.74,true,1,
72986455,true,גלידת פיינטים ניו-יורק סופר,מוצרי איכות אמריקאיים בעמ,,,יח`,420,"מ""ל",false,1,19.90,4.74,true,1,
72986479,true,גלידת פיינטים צאנקי מנקי,מוצרי איכות אמריקאיים בעמ,,,יח`,420,"מ""ל",false,1,19.90,4.74,true,1,
72989425,true,גלידת פיינטים שוקולד בראוניס,מוצרי איכות אמריקאיים בעמ,,,יח`,420,"מ""ל",false,1,19.90,4.74,true,1,
72991886,true,גלידת פיינטים בן אנד גריס פיינט 500 מל,מוצרי איכות אמריקאיים בעמ,,,יח`,500,"מ""ל",false,1,19.90,3.98,true,1,
72994061,true,Good2 פסק זמן 36 גרם,שטראוס גרופ בעמ,,,יח`,36,גרם,false,1,4.90,13.61,false,1,
80001799,true,טורטינה שוקולד לבן.,ליימן שליסל בעמ,,,יח`,21,גרם,false,1,3.90,18.57,false,1,
80136194,true,חטיף היפו אגוזי לוז 5 יח,פרימיום-חברה לדברי מתיקה ולמסח,,,יח`,90,גרם,false,1,11.90,13.22,false,1,
80176800,true,ממרח אגוזי לוז נוטלה (750 גרם),פרימיום-חברה לדברי מתיקה ולמסח,,,יח`,750,גרם,false,1,24.90,3.32,false,1,
80177173,true,ממרח אגוזי לוז נוטלה (350 גרם),פרימיום-חברה לדברי מתיקה ולמסח,,,יח`,350,גרם,false,1,14.90,4.26,false,1,
80177616,true,אצבעות שוקולד קינדר (8 יח`- 100 גרם),פרימיום-חברה לדברי מתיקה ולמסח,,,יח`,1,,false,1,7.90,7.90,false,1,
80773429,true,מסטיק מנטוס פיור פרש בטעם תות ללס 60 גר,ליימן שליסל בעמ,,,יח`,60,גרם,false,1,9.90,16.50,true,1,
80773443,true,מסטיק מנטוס בטעם מנטה עדין ללס,ליימן שליסל בעמ,,,יח`,60,גרם,false,1,9.90,16.50,true,1,
80790990,true,מסטיק מנטוס טעם פירות מנטה ללס,ליימן שליסל בעמ,,,יח`,60,גרם,false,1,9.90,16.50,true,1,
80831402,true,סוכריות מנטוס מנטה עדינה ללס clean bera,ליימן שליסל בעמ,,,יח`,1,,false,1,6.90,6.90,true,1,
80832560,true,סוכריות מנטוס פירות יער ללס,ליימן שליסל בעמ,,,יח`,21,גרם,false,1,6.90,32.86,true,1,
80843184,true,מסטיק מנטוס טעם ענבים ללס 60 גר,ליימן שליסל בעמ,,,יח`,60,גרם,false,1,9.90,16.50,true,1,
80854753,true,סוכריות מנטוס מנטה ללס,ליימן שליסל בעמ,,,יח`,1,,false,1,6.90,6.90,true,1,
80864295,true,גומי לעיסה ללא סוכר בטעם מנטה עדינה 60 ג,ליימן שליסל בעמ,,,יח`,60,גרם,false,1,9.90,16.50,true,1,
80896081,true,מסטיק מנטוס פיור פרש טעם אבטיח ללס 60 ג,ליימן שליסל בעמ,,,יח`,60,גרם,false,1,9.90,16.50,true,1,
80913467,true,מסטיק מנטוס טעם מנטה ללס 60 גר,ליימן שליסל בעמ,,,יח`,60,גרם,false,1,9.90,16.50,true,1,
80945468,true,גומי לעיסה ללא סוכר בטעם מנטה מתוקה 60 ג,ליימן שליסל בעמ,,,יח`,60,גרם,false,1,9.90,16.50,true,1,
80979128,true,מסטיק מנטוס טעם דובדבן ללס 60 גר,ליימן שליסל בעמ,,,יח`,60,גרם,false,1,9.90,16.50,true,1,
80986348,true,גומי לעיסה ללא סוכר 60 גר`פיור וויט מנט,ליימן שליסל בעמ,,,יח`,60,גרם,false,1,9.90,16.50,true,1,
87108538,true,סוכריות לעיסה בטעם תות מנטוס (37.5 גרם),ליימן שליסל בעמ,,,יח`,37,גרם,false,1,3.90,10.54,true,1,
87311396,true,מנטוס גליל 7 טעמים,ליימן שליסל בעמ,,,יח`,37.50,גרם,false,1,3.90,10.40,true,1,
90162602,true,משקה אנרגיה רד בול (250 מל),דיפלומט היינץ,,,יח`,250,"מ""ל",false,1,5.90,2.24,true,1,
90446269,true,משקה אנרגיה רד בול (250 מל),דיפלומט היינץ,,,יח`,250,"מ""ל",false,1,5.90,2.24,true,1,
90453427,true,רד בול משקה אנרגיה פיטאיה 250 מל,דיפלומט היינץ,,,יח`,250,"מ""ל",false,1,5.90,2.24,true,1,
9800800056,true,נוטלה אנד גו 52 גרם,פרימיום-חברה לדברי מתיקה ולמסח,,,יח`,52,גרם,false,1,5.50,10.58,true,1,
11182700954,true,קינג קול שעועית שחורה 454 גרם,מור-ים מרקטינג בעמ,,,יח`,439,גרם,false,1,9.90,2.26,false,1,
13495113506,true,חטיף ביסקויט שוקולד חלב קליק (75 גרם),יוניליוור ישראל שיווק בעמ,,,יח`,75,גרם,false,1,6.50,8.67,true,1,
13495113513,true,חטיף כדורים שוקולד חלב קליק (75 גרם),יוניליוור ישראל שיווק בעמ,,,יח`,75,גרם,false,1,6.50,8.67,true,1,
13495113520,true,חטיף קורנפלקס שוקולד חלב קליק (75 גרם),יוניליוור ישראל שיווק בעמ,,,יח`,75,גרם,false,1,6.50,8.67,true,1,
13495113537,true,חטיף שוקולד חום לבן קליק (75 גרם),יוניליוור ישראל שיווק בעמ,,,יח`,75,גרם,false,1,6.50,8.67,true,1,
13495113551,true,קליק שקיות עוגי,יוניליוור ישראל שיווק בעמ,,,יח`,75,גרם,false,1,6.50,8.67,true,1,
13495113582,true,חטיף כריות שוקולד חלב קליק (75 גרם),יוניליוור ישראל שיווק בעמ,,,יח`,75,גרם,false,1,6.50,8.67,true,1,
16000548404,true,נייטשר וואלי 210 גר`שיבולת שועל ודבש,ליימן שליסל בעמ,,,יח`,175,גרם,false,1,14.90,8.51,false,1,
16000548503,true,נייטשר וואלי 210 גר`מייפל וסוכר חום,ליימן שליסל בעמ,,,יח`,210,גרם,false,1,14.90,7.10,false,1,
16000548909,true,נייטשר וואלי 210 גר`מעורב,ליימן שליסל בעמ,,,יח`,210,גרם,false,1,14.90,7.10,false,1,
18000701223,true,פילסברי תערובת שוקולד,ליימן שליסל בעמ,,,יח`,517,גרם,false,1,16.90,3.27,false,1,
18000766413,true,תערובת לעוגת בראוניס פילסברי (550 גרם),ליימן שליסל בעמ,,,יח`,609,גרם,false,1,18.90,3.10,true,1,
34000148301,true,נטיפי שוקולד מריר לאפייה 340 גר הרשי,ליימן שליסל בעמ,,,יח`,340,גרם,false,1,19.90,5.85,true,1,
37600207188,true,חמאת בוטנים קלאסי 462ג סקיפי,דיפלומט היינץ,,,יח`,462,גרם,false,1,19.90,4.31,false,1,
37600207256,true,חמאת בוטנים עם שברי בוטנים 462ג סקיפי,דיפלומט היינץ,,,יח`,462,גרם,false,1,19.90,4.31,false,1,
38000138638,true,פרינגלס פיצה 158 גר`,דיפלומט היינץ,,,יח`,158,גרם,false,1,8.90,5.63,true,1,
38000232152,true,פרינגלס ברביקיו 158 גר`,דיפלומט היינץ,,,יח`,158,גרם,false,1,8.90,5.63,true,1,
38000232176,true,פרינגלס שמנת בצל 158 גר`,דיפלומט היינץ,,,יח`,158,גרם,false,1,8.90,5.63,true,1,
38000232183,true,פרינגלס אורגינל 149 גר`,דיפלומט היינץ,,,יח`,149,גרם,false,1,8.90,5.97,true,1,
40000512943,true,M M שוקולד 303 גר`,מרס ריגלי ישראל בעמ,,,יח`,303,גרם,false,1,19.90,6.57,false,1,
40000513568,true,מ@מס 156 גר,מרס ריגלי ישראל בעמ,,,יח`,156,גרם,false,1,9.90,6.35,false,1,
40000514480,true,עדשי שוקולד אם אנד אם (48 גרם),מרס ריגלי ישראל בעמ,,,יח`,1,,false,1,4.90,4.90,true,1,
41190007097,true,חומץ תפוחים 946 מל גאלה,מור-ים מרקטינג בעמ,,,יח`,946,"מ""ל",false,1,13.90,1.47,false,1,
46214372250,true,עוגיות שטרודל תפוח עץ מרבה (225 גרם),ש.שסטוביץ בעמ,,,יח`,225,גרם,false,1,9.90,4.40,true,1,
46214731552,true,עוגיות שוקולד צ`יפס מרבה (225 גרם),ש.שסטוביץ בעמ,,,יח`,225,גרם,false,1,9.90,4.40,true,1,
55369902557,true,רביעות רסק תפוחי עץ ממותק בסגנון ביתי 45,מור-ים מרקטינג בעמ,,,יח`,452,גרם,false,1,13.90,3.08,false,1,
64144090020,true,תרסיס שמן זית פאם (148 מל),ליימן שליסל בעמ,,,יח`,141,גרם,false,1,20.90,14.82,true,1,
76840100156,true,גלידת פיינט צ`רי גרסיה דובדבנים וחתיכות,מוצרי איכות אמריקאיים בעמ,,,יח`,473,גרם,false,1,19.90,4.21,true,1,
76840100583,true,גלידה וניל+בצק עוגיות ושוקולד ציפס 473ג,מוצרי איכות אמריקאיים בעמ,,,יח`,473,"מ""ל",false,1,19.90,4.21,true,1,
77343000233,true,נרות חימום מנורה שי נר (50),אבאל יזמות בעמ,,,יח`,1,,false,1,9.90,9.90,true,1,
77975094631,true,סניידרס בייגלה במילוי קרם צ`דר ( 226 גר`,ליימן שליסל בעמ,,,יח`,226,גרם,false,1,14.90,6.59,true,1,
77975094761,true,סניידרס שברי בייגל בטעם גבינת צ`אדר,ליימן שליסל בעמ,,,יח`,340,גרם,false,1,14.90,4.38,true,1,
77975094778,true,סניידרס שברי בייגל בטעם דבש וחרדל 340 גר,ליימן שליסל בעמ,,,יח`,340,גרם,false,1,14.90,4.38,true,1,
77975095157,true,סניידרס שברי בייגלה חלפינו 318 גר`,ליימן שליסל בעמ,,,יח`,318,גרם,false,1,14.90,4.69,true,1,
611745285685,true,אבוקדו בשל ארוז - מור בריאות,קונסיגנציה-מור בריאות בעמ,,,יח`,1,,false,1,7.90,7.90,true,1,
613008753290,true,אריזונה אפרסק 450 מל בקבוק,טמפו משקאות בעמ,,,יח`,450,"מ""ל",false,1,7.90,1.69,true,1,
649660432020,true,שזיפים מיובשים מגולענים 567 גר`היל ויו,מור-ים מרקטינג בעמ,,,יח`,567,גרם,false,1,28.90,5.10,false,1,
728229123613,true,חטיף צ`יפס מתפוח אדמה כחול טרה (110 גרם),משה סידס ובנו בעמ,,,יח`,110,גרם,false,1,14.90,13.55,true,1,
728229123811,true,חטיף צ`יפס ים תיכוני טרה (110 גרם),משה סידס ובנו בעמ,,,יח`,110,גרם,false,1,14.90,13.55,true,1,
728229130444,true,חטיף טרה צ`יפס 110 גר`,משה סידס ובנו בעמ,,,יח`,110,גרם,false,1,14.90,13.55,true,1,
835811001676,true,מגש הכסף תבנית מלבןגדול 9 יח`,הנמל אריזות ושיווק (1984) בעמ,,,יח`,1,,false,1,9.90,9.90,false,1,
835811003595,true,צלחות קלאסי קטן לבן 65 יח`,הנמל אריזות ושיווק (1984) בעמ,,,יח`,1,,false,1,24.90,24.90,true,1,
835811004202,true,מפת שולחן 6 יח עבה ניילון הנמל,הנמל אריזות ושיווק (1984) בעמ,,,יח`,1,,false,1,9.90,9.90,false,1,
835811004424,true,חלב מרוכז 340 גר הנמל,הנמל אריזות ושיווק (1984) בעמ,,,יח`,340,גרם,false,1,11.90,3.50,false,1,
835811005810,true,מגש הכסף תבנית מרובע קטן+מכסה 10 יח`,הנמל אריזות ושיווק (1984) בעמ,,,יח`,1,,false,1,9.90,9.90,false,1,
835811005933,true,מגש הכסף תבנית אלומ`ענק 5 יח`,הנמל אריזות ושיווק (1984) בעמ,,,יח`,1,,false,1,9.90,9.90,false,1,
835811005940,true,מגש הכסף תבנית אלומ` גדולה+ מכסה 8 יח`,הנמל אריזות ושיווק (1984) בעמ,,,יח`,1,,false,1,9.90,9.90,false,1,
835811005957,true,מגש הכסף תבנית אלומ` +90 מכסה 8 יח`,הנמל אריזות ושיווק (1984) בעמ,,,יח`,1,,false,1,9.90,9.90,false,1,
835811005964,true,מגש הכסף תבנית אלומ`מאורך 20 יח`,הנמל אריזות ושיווק (1984) בעמ,,,יח`,1,,false,1,9.90,9.90,false,1,
835811006053,true,קורנפלור 200 גר`כשר לפסח הנמל,הנמל אריזות ושיווק (1984) בעמ,,,יח`,200,גרם,false,1,2.90,1.45,false,1,
835811006435,true,מגש הכסף תבנית מלבןעמוק+ מכסה 9 יח`,הנמל אריזות ושיווק (1984) בעמ,,,יח`,1,,false,1,9.90,9.90,false,1,
835811006770,true,מגש הכסף תבנית עגול 5 יח`,הנמל אריזות ושיווק (1984) בעמ,,,יח`,1,,false,1,9.90,9.90,false,1,
835811007357,true,סלטינות אובלי 25 יח`הנמל,הנמל אריזות ושיווק (1984) בעמ,,,יח`,1,,false,1,5.90,5.90,true,1,
835811008347,true,גפרור ענק הנמל,הנמל אריזות ושיווק (1984) בעמ,,,יח`,1,,false,1,5.90,5.90,false,1,
850006036028,true,מקלונים בטעם סלק בצל 400 גר` עבאדי,תה ויסוצקי (ישראל) בעמ,,,יח`,400,גרם,false,1,16.90,4.23,true,1,
884912377142,true,האני באנצס וניל 340 גר`.,ר.ב מוצרי דגנים בעמ,,,יח`,340,גרם,false,1,21.90,6.44,true,1,
1230000116022,false,המבורגר ביונד מיט 113 גר` זוג,דיפלומט היינץ,,,יח`,226,גרם,false,1,34.90,15.44,true,1,
3014260007867,false,מברשות שיניים אורל בי סופט זוג,פארמה דיל (פ.א.ב.) שיווק והפצה,,,יח`,1,,false,1,24.90,24.90,false,1,
3014260201753,false,סכיני גילוח בלו חד פעמי ג`ילט) (5,דיפלומט מפיצים (1968) בעמ,,,יח`,1,,false,1,11.90,11.90,false,1,
3014260240226,false,קצף גילוח רגיש 200 מל`,דיפלומט מפיצים (1968) בעמ,,,יח`,200,"מ""ל",false,1,13.90,6.95,false,1,
3046920028752,false,לינדט אקסלנס מינט( 100 גר`),משה סידס ובנו בעמ,,,יח`,100,גרם,false,1,15.90,15.90,true,1,
3046920029674,false,אקסלנס עם שבבי מלח לינדט (100 גרם),משה סידס ובנו בעמ,,,יח`,100,גרם,false,1,15.90,15.90,true,1,
3073781161663,false,גבינה לוואש קרי(מותכת) 8 יח 128 גר,בני ג`ורג` שוקחה (חיפה) בעמ,,,יח`,128,גרם,false,1,11.90,9.30,false,1,
3073781161687,false,גבינה לוואש קרי(מותכת) 16 יח 256 גר,בני ג`ורג` שוקחה (חיפה) בעמ,,,יח`,256,גרם,false,1,22.70,8.87,false,1,
3083681142983,false,שעועית עדינה קפואה בונדואל 600 גר`,קפוא-זן תעשיות מזון בעמ - תפוג,,,יח`,600,גרם,false,1,21.90,3.65,false,1,
3083681143010,false,אפונת גן קפואה בונדואל 600 גר`,קפוא-זן תעשיות מזון בעמ - תפוג,,,יח`,600,גרם,false,1,13.90,2.32,false,1,
3083681143041,false,גרעיני תירס קפואים בונדואל 600 גר`,קפוא-זן תעשיות מזון בעמ - תפוג,,,יח`,600,גרם,false,1,14.90,2.48,false,1,
3083681143652,false,פרוסות חציל בגריל בונדואל 600 גר`,קפוא-זן תעשיות מזון בעמ - תפוג,,,יח`,600,גרם,false,1,24.90,4.15,false,1,
3083681143690,false,פרוסות זוקיני בגריל בונדואל 600 גר`,קפוא-זן תעשיות מזון בעמ - תפוג,,,יח`,600,גרם,false,1,24.90,4.15,false,1,
3083681143720,false,חצאי פלפלים בגריל בונדואל 600 גר`,קפוא-זן תעשיות מזון בעמ - תפוג,,,יח`,600,גרם,false,1,24.90,4.15,false,1,
3141360054405,false,פיניש מפיץ ריח לימון,רקיט בנקיזר (ניר איסט) בעמ,,,יח`,27,גרם,false,1,14.90,55.19,true,1,
3387390320244,false,פיטנס פירות נסטלה (375 גרם),קבוצת אסם סחר שות. מוגבלת,,,יח`,375,גרם,false,1,19.90,5.31,true,1,
3387390525960,false,דגני קראנץ` נסטלה (500 גרם),קבוצת אסם סחר שות. מוגבלת,,,יח`,500,גרם,false,1,19.90,3.98,true,1,
3387390730852,false,פיטנס 375 גר` דגני בוקר,קבוצת אסם סחר שות. מוגבלת,,,יח`,375,גרם,false,1,19.90,5.31,true,1,
3563490014898,false,חרדל דיזון לחיץ 265 גר,דיפלומט היינץ,,,יח`,265,גרם,false,1,12.90,4.87,false,1,
3574660464429,false,קרפרי מגה פק מגן תחתון אווורירי 76 יח,ש.שסטוביץ בעמ,,,יח`,1,,false,1,19.90,19.90,false,1,
3574661135601,false,מי פה ליסטרין קול מינט 1 ליטר יבוא מקבי,איינשטיין-צור יבוא-יצוא וסחר ב,,,יח`,1000,"מ""ל",false,1,19.90,1.99,false,1,
3574661203577,false,ליסטרין אדוונס וויט 500 מל-יבוא מקביל,בית הצעצוע בעמ,,,יח`,500,"מ""ל",false,1,14.90,2.98,true,1,
4000351109380,false,שמן קנולה 1 ליטר BROLIO.,המותג-לא פעיל להקלדה,,,יח`,1,1 ליטר,false,1,8.90,8.90,false,1,
4000415358303,false,שוקו פאן ביסקוויט חמישיות 210 גר`,יעד ממתקים בעמ,,,יח`,210,גרם,false,1,8.90,4.24,true,1,
4000415358501,false,שוקו פאן שביעיות קוקוס 175 גר`,יעד ממתקים בעמ,,,יח`,175,גרם,false,1,8.90,5.09,true,1,
4000415440701,false,שוקו פאן שישיות בוטנים 216 גר`,יעד ממתקים בעמ,,,יח`,216,גרם,false,1,8.90,4.12,true,1,
4000415440909,false,שוקו פאן שישיות קרמל 216 גר`,יעד ממתקים בעמ,,,יח`,216,גרם,false,1,8.90,4.12,true,1,
4000417019004,false,שוקולד ריטר חלבי אגוזים 100 גר`,ליימן שליסל בעמ,,,יח`,100,גרם,false,1,9.90,9.90,true,1,
4000417023001,false,שוקולד ריטר חלבי שקד 100 גר`,ליימן שליסל בעמ,,,יח`,100,גרם,false,1,9.90,9.90,true,1,
4000417025005,false,שוקולד ריטרמרציפן 100 גר`,ליימן שליסל בעמ,,,יח`,100,גרם,false,1,9.90,9.90,true,1,
4000417212009,false,שוקולד ריטר ספורטמריר תפוז ושקד 100 גר`,ליימן שליסל בעמ,,,יח`,100,גרם,false,1,9.90,9.90,true,1,
4000417222008,false,שוקולד ריטר חלביעם שברי אגוזים 100גר`,ליימן שליסל בעמ,,,יח`,100,גרם,false,1,9.90,9.90,true,1,
4000417224002,false,שוקולד ריטר מריר אגוזים 100 גרם,ליימן שליסל בעמ,,,יח`,100,גרם,false,1,9.90,9.90,true,1,
4000607850004,false,שוגטן 100 גר`,יעד ממתקים בעמ,,,יח`,100,גרם,false,1,5.90,5.90,true,1,
4000607851001,false,שוגטן חלב אגוזים 100 גר`,יעד ממתקים בעמ,,,יח`,100,גרם,false,1,5.90,5.90,true,1,
4000607852008,false,שוגטן 100 גר`,יעד ממתקים בעמ,,,יח`,100,גרם,false,1,5.90,5.90,true,1,
4008287058161,false,בירה קרומבאכר פילס בקבוק 6* 330,אגודת הכורמים,,,יח`,1980,"מ""ל",false,1,29.90,1.42,false,1,
4008287905786,false,קרומבאכר חיטה פחית בודד 500 מל,אגודת הכורמים,,,יח`,500,"מ""ל",false,1,9.90,1.92,true,1,
4009900013581,false,מסטיק אורביט סטיקס מארז חמישייה ללס בטע,מרס ריגלי ישראל בעמ,,,יח`,1,,false,1,9.90,9.90,false,1,
4009900379564,false,מסטיק טייפ בטעם פירות הובה בובה (56 גרם),מרס ריגלי ישראל בעמ,,,יח`,56,גרם,false,1,6.90,12.32,false,1,
4009900402965,false,מסטיק אורביט וויט בטעם פירות ללס,מרס ריגלי ישראל בעמ,,,יח`,1,,false,1,10.90,10.90,true,1,
4009900403023,false,מסטיק אורביט וויט בטעם מנטה ללס,מרס ריגלי ישראל בעמ,,,יח`,1,,false,1,10.90,10.90,true,1,
4009900455299,false,סוכריות פירות סקיטלס (174 גרם),מרס ריגלי ישראל בעמ,,,יח`,174,גרם,false,1,8.90,5.11,true,1,
4009900465304,false,סקיטלס סוכריות חמוצים 174 גר,מרס ריגלי ישראל בעמ,,,יח`,174,גרם,false,1,8.90,5.11,true,1,
4009900479998,false,מסטיק אורביט בטעם אוכמניות ללס,מרס ריגלי ישראל בעמ,,,יח`,1,,false,1,10.90,10.90,true,1,
4009900482417,false,מסטיק אורביט בטעם פירות ומנטה ללס,מרס ריגלי ישראל בעמ,,,יח`,1,,false,1,10.90,10.90,true,1,
4009900483803,false,מסטיק אירויבז בטעם מנטה אקליפטוס ללס אר,מרס ריגלי ישראל בעמ,,,יח`,84,גרם,false,1,13,15.48,false,1,
4009900484060,false,מסטיק אורביט בטעם מנטה חזקה ללס אריזה מ,מרס ריגלי ישראל בעמ,,,יח`,84,גרם,false,1,13,15.48,false,1,
4009900491044,false,מסטיק אירוויבז בטעם מנטה אוכמניות ללס,מרס ריגלי ישראל בעמ,,,יח`,84,גרם,false,1,13,15.48,false,1,
4009900500166,false,סקיטלס פירות בקבוק 125 גר,מרס ריגלי ישראל בעמ,,,יח`,125,גרם,false,1,8.90,7.12,true,1,
4009900531122,false,מסטיק אורביט פרופשיונל בטעם מנטה עדינה ל,מרס ריגלי ישראל בעמ,,,יח`,1,,false,1,10.90,10.90,true,1,
4009900535823,false,מסטיק אורביט רפרשרס בטעם פירות מנטה ללס,מרס ריגלי ישראל בעמ,,,יח`,15.60,גרם,false,1,3.90,25,true,1,
4009900536288,false,מסטיק אורביט refreshers פפרמינט בקבוקון,מרס ריגלי ישראל בעמ,,,יח`,67,גרם,false,1,11.90,17.76,true,1,
4009900536486,false,מסטיק אורביט רפרשרס בטעם פירות ומנטה לל,מרס ריגלי ישראל בעמ,,,יח`,67,גרם,false,1,11.90,17.76,true,1,
4009900539746,false,מסטיק פייב באונס בטעם אבטיח בקבוקון,מרס ריגלי ישראל בעמ,,,יח`,67,גרם,false,1,11.90,17.76,true,1,
4009900540551,false,מסטיק אורביט רפרשרס טרופיקל,מרס ריגלי ישראל בעמ,,,יח`,67,גרם,false,1,11.90,17.76,true,1,
4011800567613,false,חטיף קורני שחור לבן רביעייה,משה סידס ובנו בעמ,,,יח`,120,גרם,false,1,9.90,8.25,false,1,
4014400900217,false,מרסי 400 גר`,ליימן שליסל בעמ,,,יח`,400,גרם,false,1,39.90,9.98,false,1,
4014400901191,false,מרסי 250 גר`,ליימן שליסל בעמ,,,יח`,250,גרם,false,1,24.90,9.96,true,1,
4014400904277,false,סוכריות אייס פרש שטורק (425 גרם),ליימן שליסל בעמ,,,יח`,425,גרם,false,1,14.90,3.51,true,1,
4014400904390,false,סוכריות שטורק וולמיש 325 גר`,ליימן שליסל בעמ,,,יח`,325,גרם,false,1,14.90,4.58,true,1,
4014400923711,false,חטיפי שוקולד טופיפי (125 גרם),ליימן שליסל בעמ,,,יח`,125,גרם,false,1,12.90,10.32,true,1,
4014400931327,false,פופקרן בציפוי גרעינים 140 גר` וורטר,ליימן שליסל בעמ,,,יח`,140,גרם,false,1,14.90,10.64,true,1,
4015400564034,false,מגן תחתון אולווייז מגה פק לונג פלוס 58 י,דיפלומט מפיצים (1968) בעמ,,,יח`,1,,false,1,19.90,19.90,true,1,
4015400598381,false,אולוויז קוואטרו לונג פלוס 48 יח`,דיפלומט מפיצים (1968) בעמ,,,יח`,1,,false,1,35.90,35.90,false,1,
4015400681670,false,תחבושות לילה בטוח אולווייז) (18,דיפלומט מפיצים (1968) בעמ,,,יח`,1,,false,1,19.90,19.90,true,1,
4015400746812,false,מגן תחתון אולווייז מגה פק נורמל 80 יח`,דיפלומט מפיצים (1968) בעמ,,,יח`,1,,false,1,19.90,19.90,true,1,
4015400755241,false,תחבושות אולוויז וליו פק נורמל פלוס 28 יח,דיפלומט מפיצים (1968) בעמ,,,יח`,1,,false,1,19.90,19.90,true,1,
4015400755487,false,תחבושות אולטרה לונג פלוס אולווייז) (24,דיפלומט מפיצים (1968) בעמ,,,יח`,1,,false,1,19.90,19.90,true,1,
4015600762742,false,הד אנד שולדרס שמפו 500 מל כחול,דיפלומט מפיצים (1968) בעמ,,,יח`,500,"מ""ל",false,1,19.90,3.98,false,1,
4015600762780,false,הד אנד שולדרס שמפו 500 מל,דיפלומט מפיצים (1968) בעמ,,,יח`,500,"מ""ל",false,1,19.90,3.98,false,1,
4015600762902,false,הד אנד שולדרס שמפו 500 מל נענע,דיפלומט מפיצים (1968) בעמ,,,יח`,500,"מ""ל",false,1,19.90,3.98,false,1,
4015600763022,false,הד אנד שולדרס שמפו 500 מל ורוד,דיפלומט מפיצים (1968) בעמ,,,יח`,500,"מ""ל",false,1,19.90,3.98,false,1,
4015600763251,false,שמפו הד&שולדרס קלאסי 600 מל,דיפלומט מפיצים (1968) בעמ,,,יח`,600,"מ""ל",false,1,23.90,3.98,false,1,
4015600763299,false,הד&שולדרס 2ב1- 600 מל,דיפלומט מפיצים (1968) בעמ,,,יח`,600,"מ""ל",false,1,23.90,3.98,false,1,
4015600763411,false,שמפו הד&שולדרס מנטול 600 מל,דיפלומט מפיצים (1968) בעמ,,,יח`,600,"מ""ל",false,1,23.90,3.98,false,1,
4015600763459,false,שמפו הד&שולדרס תפוח 600 מל,דיפלומט מפיצים (1968) בעמ,,,יח`,600,"מ""ל",false,1,23.90,3.98,false,1,
4015600763534,false,שמפו הד&שולדרס מגע משי 600 מל,דיפלומט מפיצים (1968) בעמ,,,יח`,600,"מ""ל",false,1,23.90,3.98,false,1,
4015600766658,false,שמפו 2ב1 הד&שולדרס מנטול 600 מל,דיפלומט מפיצים (1968) בעמ,,,יח`,600,"מ""ל",false,1,23.90,3.98,false,1,
4022025001905,false,בלו ווין מבעבע זהב 750 מל כשר,היכל היין שקד גולן בעמ,,,יח`,750,"מ""ל",false,1,54.90,7.28,true,1,
4064666232386,false,וולפלקס ספריי לעיצוב אולטרה גמיש 250 מל,דיפלומט מפיצים (1968) בעמ,,,יח`,250,"מ""ל",false,1,27.90,11.16,false,1,
4084500065536,false,פנטן קרם לחות מוגברת לעיצוב השיער 300 מ,דיפלומט מפיצים (1968) בעמ,,,יח`,300,"מ""ל",false,1,19.90,6.63,false,1,
4084500853836,false,פיירי ורדים ומשי 515 מל,דיפלומט מפיצים (1968) בעמ,,,יח`,515,"מ""ל",false,1,10.90,2.12,false,1,
4210201244486,false,אורל בי מברשת נטענת קארס,דיפלומט מפיצים (1968) בעמ,,,יח`,1,,false,1,99.90,99.90,false,1,
4210201262183,false,אורל בי מברשת חשמלית נטענת,דיפלומט מפיצים (1968) בעמ,,,יח`,1,,false,1,99.90,99.90,true,1,
4260147890513,false,איטריות ביצים דקות 500 גר`,דין שיווק וקליה 2021 בעמ,,,יח`,500,גרם,false,1,10.90,2.18,true,1,
4260147890711,false,איטריות ביצים מגולגלות 500 גר`,דין שיווק וקליה 2021 בעמ,,,יח`,500,גרם,false,1,10.90,2.18,true,1,
4603400000043,false,וודקה רוסקי יורוסטנדרט (700 מל),יורוסטנדרט בעמ,,,יח`,700,"מ""ל",false,1,59.90,8.51,false,1,
4605561010305,false,פילה הרינג עם שמיר בשמן חתיכות 500 גר`,דילר בי.אמ.די פורמולה בעמ,,,יח`,500,גרם,false,1,26.90,5.38,true,1,
4605561011975,false,פילה הרינג בשמן 150 גר`,דילר בי.אמ.די פורמולה בעמ,,,יח`,150,גרם,false,1,7.90,5.27,false,1,
4605561012613,false,פילה הרינג (קצוץ) בשמן 400 גר`,דילר בי.אמ.די פורמולה בעמ,,,יח`,400,גרם,false,1,15.90,3.98,true,1,
4605561013009,false,פילה הרינג בשמן 400 גר`,דילר בי.אמ.די פורמולה בעמ,,,יח`,400,גרם,false,1,15.90,3.98,true,1,
4810168000066,false,פילה דג הרינג מלוח מצונן עם תבלין 250 גר,דילר בי.אמ.די פורמולה בעמ,,,יח`,250,גרם,false,1,13.90,5.56,true,1,
4810168001056,false,פילה דג הרינג מלוח מצונן 260 גר`,דילר בי.אמ.די פורמולה בעמ,,,יח`,260,גרם,false,1,17.90,6.88,true,1,
4810168018795,false,פילה דג הרינג מלוח מצונן 200 גר`,דילר בי.אמ.די פורמולה בעמ,,,יח`,200,גרם,false,1,13.90,6.95,true,1,
4810168019051,false,פילה דג הרינג מלוח מצונן עם תבלין 200 גר,דילר בי.אמ.די פורמולה בעמ,,,יח`,200,גרם,false,1,13.90,6.95,true,1,
4810168024512,false,פילה דג הרינג עם תבלין 260 גר`,דילר בי.אמ.די פורמולה בעמ,,,יח`,260,גרם,false,1,17.90,6.88,true,1,
4810168047368,false,בצק שמרים עלים מרודד מוקפא 450 גר`,דילר בי.אמ.די פורמולה בעמ,,,יח`,450,גרם,false,1,8.90,1.98,true,1,
4810168049966,false,בלינצ`ס במילוי דובדבן מוקפא 360 גר`,דילר בי.אמ.די פורמולה בעמ,,,יח`,360,גרם,false,1,12.90,3.58,true,1,
4810168057435,false,חתיכות פילה דג הרינג מלוח בשמן 400 גר`,דילר בי.אמ.די פורמולה בעמ,,,יח`,400,גרם,false,1,26.90,6.73,true,1,
4810168058975,false,פילה דג הרינג סקנדינבי מלוח מצונן 260 גר,דילר בי.אמ.די פורמולה בעמ,,,יח`,260,גרם,false,1,17.90,6.88,true,1,
4810168058982,false,חתיכות פילה דג הרינג סקנדינבי מלוח בשמן,דילר בי.אמ.די פורמולה בעמ,,,יח`,400,גרם,false,1,26.90,6.73,true,1,
4810168058999,false,פילה דג הרינג סקנדיבי מלוח מצונן 250 גר`,דילר בי.אמ.די פורמולה בעמ,,,יח`,250,גרם,false,1,13.90,5.56,true,1,
4823077608513,false,סוכריות טופי חלב 205 גר`,דילר בי.אמ.די.אינטרנשויונל בעמ,,,יח`,205,גרם,false,1,6.90,3.37,false,1,
4823077613203,false,שוקולד רושן מריר עם אגוז שלם 90 גר`,דילר בי.אמ.די.אינטרנשויונל בעמ,,,יח`,90,גרם,false,1,7.90,8.78,true,1,
4823077613630,false,חטיף שוקולד רושן ממולה קרם בורלה 43 גר`,דילר בי.אמ.די.אינטרנשויונל בעמ,,,יח`,43,גרם,false,1,3.90,9.07,true,1,
4823077614675,false,ביסקוויט לקפה רושן בטעם חלב 185 גר`,דילר בי.אמ.די.אינטרנשויונל בעמ,,,יח`,185,גרם,false,1,3.90,2.11,true,1,
4823077614699,false,ביסקוויט לקפה רושן בטעם חמאה וניל 185 גר,דילר בי.אמ.די.אינטרנשויונל בעמ,,,יח`,185,גרם,false,1,3.90,2.11,true,1,
4823077614804,false,שוקולד רושן חלב נוגט בטעם אוכמניות כחולו,דילר בי.אמ.די.אינטרנשויונל בעמ,,,יח`,90,גרם,false,1,4.90,5.44,true,1,
4823077617041,false,חטיף שוקולד רושן ממולה קרם קרמל 43 גר`,דילר בי.אמ.די.אינטרנשויונל בעמ,,,יח`,43,גרם,false,1,3.90,9.07,true,1,
4823077618161,false,גליליות רושן קונאפטו חלב 140 גר`,דילר בי.אמ.די.אינטרנשויונל בעמ,,,יח`,140,גרם,false,1,6.90,4.93,true,1,
4823077618901,false,בונבוניירה רושן ליקר רום 150 גר`,דילר בי.אמ.די.אינטרנשויונל בעמ,,,יח`,150,גרם,false,1,12.90,8.60,true,1,
4823077621635,false,וופל רושן בטעם חלב 72 גר`,דילר בי.אמ.די.אינטרנשויונל בעמ,,,יח`,72,גרם,false,1,3.90,5.42,true,1,
4823077621642,false,וופל רושן בטעם שוקולד 72 גר`,דילר בי.אמ.די.אינטרנשויונל בעמ,,,יח`,72,גרם,false,1,3.90,5.42,true,1,
4823077621659,false,וופל רושן בטעם אגוז 72 גר`,דילר בי.אמ.די.אינטרנשויונל בעמ,,,יח`,72,גרם,false,1,3.90,5.42,true,1,
4823077623714,false,סוכריות טופי ממולאים בטעם חלב 150 גר`,דילר בי.אמ.די.אינטרנשויונל בעמ,,,יח`,150,גרם,false,1,6.90,4.60,false,1,
4823077624223,false,סוכריות ג`לי בוני פרוט בטעמי פירות 200,דילר בי.אמ.די.אינטרנשויונל בעמ,,,יח`,200,גרם,false,1,6.90,3.45,true,1,
4823077624247,false,סוכריות ג`לי בוני פרוט בטעם הדרים 200,דילר בי.אמ.די.אינטרנשויונל בעמ,,,יח`,200,גרם,false,1,6.90,3.45,true,1,
4823077625145,false,בונבוניירה רושן ליקר שרי 155 גר`,דילר בי.אמ.די.אינטרנשויונל בעמ,,,יח`,155,גרם,false,1,12.90,8.32,true,1,
4823077625589,false,וופל רושן בטעם חלב 216 גר`,דילר בי.אמ.די.אינטרנשויונל בעמ,,,יח`,216,גרם,false,1,6.90,3.19,true,1,
4823077625602,false,וופל רושן בטעם שוקולד 216 גר`,דילר בי.אמ.די.אינטרנשויונל בעמ,,,יח`,216,גרם,false,1,6.90,3.19,true,1,
4823077625626,false,וופל רושן בטעם אגוז 216 גר`,דילר בי.אמ.די.אינטרנשויונל בעמ,,,יח`,216,גרם,false,1,6.90,3.19,true,1,
4823077626203,false,שוקולד רושן אורירי מריר 80 גר`,דילר בי.אמ.די.אינטרנשויונל בעמ,,,יח`,80,גרם,false,1,6.90,8.63,true,1,
4823077626227,false,שוקולד אורירי חלב 80 גר`,דילר בי.אמ.די.אינטרנשויונל בעמ,,,יח`,80,גרם,false,1,6.90,8.63,true,1,
4823077626241,false,שוקולד רושן אורירי לבן קרמל 80 גר`,דילר בי.אמ.די.אינטרנשויונל בעמ,,,יח`,80,גרם,false,1,6.90,8.63,true,1,
4823077626364,false,שוקולד רושן אורירי לבן 80 גר`,דילר בי.אמ.די.אינטרנשויונל בעמ,,,יח`,80,גרם,false,1,6.90,8.63,true,1,
4823077630439,false,סנדוויץ קרקר שוקולד רושן 235 גר`,דילר בי.אמ.די.אינטרנשויונל בעמ,,,יח`,235,גרם,false,1,9.90,4.21,true,1,
4823077631467,false,קרקר עם מלח ים רושן 168 גר`,דילר בי.אמ.די.אינטרנשויונל בעמ,,,יח`,168,גרם,false,1,4.90,2.92,true,1,
4823077631474,false,קרקר קלאסי רושן 168 גר`,דילר בי.אמ.די.אינטרנשויונל בעמ,,,יח`,168,גרם,false,1,4.90,2.92,true,1,
4823077631856,false,גליליות רושן קונאפטו קוקוס 140 גר`,דילר בי.אמ.די.אינטרנשויונל בעמ,,,יח`,140,גרם,false,1,6.90,4.93,true,1,
4823077631863,false,גליליות רושן קונאפטו וניל 140 גר`,דילר בי.אמ.די.אינטרנשויונל בעמ,,,יח`,140,גרם,false,1,6.90,4.93,true,1,
4823077632112,false,וופל רושן בטעם קקאו חלב 216 גר`,דילר בי.אמ.די.אינטרנשויונל בעמ,,,יח`,216,גרם,false,1,6.90,3.19,true,1,
4823077632259,false,חטיף שוקולד רושן עם בוטנים 38 גר`,דילר בי.אמ.די.אינטרנשויונל בעמ,,,יח`,38,גרם,false,1,3.90,10.26,true,1,
4823077632594,false,שוקולד רושן חלב עם אגוז שלם 90 גר` LACMI,דילר בי.אמ.די.אינטרנשויונל בעמ,,,יח`,90,גרם,false,1,7.90,8.78,true,1,
4823077633034,false,גליליות רושן קונאפטו קקאו 140 גר`,דילר בי.אמ.די.אינטרנשויונל בעמ,,,יח`,140,גרם,false,1,6.90,4.93,true,1,
4823077633058,false,גליליות רושן קונאפטו אגוז 140 גר`,דילר בי.אמ.די.אינטרנשויונל בעמ,,,יח`,140,גרם,false,1,6.90,4.93,true,1,
4823077633324,false,עוגיות שוקוצ`יפס 150 גר`,דילר בי.אמ.די.אינטרנשויונל בעמ,,,יח`,150,גרם,false,1,6.90,4.60,true,1,
4823077633331,false,עוגיות רושן בטעם תפוז 150 גר`,דילר בי.אמ.די.אינטרנשויונל בעמ,,,יח`,150,גרם,false,1,6.90,4.60,true,1,
4823077633348,false,עוגיות רושן עם חתיכות בוטנים 150 גר`,דילר בי.אמ.די.אינטרנשויונל בעמ,,,יח`,150,גרם,false,1,6.90,4.60,true,1,
4823077633508,false,וופל ROSHETTO במילוי קרם קקאו מצופה 34 ג,דילר בי.אמ.די.אינטרנשויונל בעמ,,,יח`,34,גרם,false,1,3.90,11.47,true,1,
4823077633515,false,וופל ROSHETTO במילוי קרם חלב מצופה 34 גר,דילר בי.אמ.די.אינטרנשויונל בעמ,,,יח`,34,גרם,false,1,3.90,11.47,true,1,
4823077634178,false,עוגיות עם מילוי תפוח וקינמון 168 גר`,דילר בי.אמ.די.אינטרנשויונל בעמ,,,יח`,168,גרם,false,1,6.90,4.11,true,1,
4823077634222,false,עוגיות תפוז 135 גר`,דילר בי.אמ.די.אינטרנשויונל בעמ,,,יח`,135,גרם,false,1,6.90,5.11,true,1,
4823077634246,false,עוגיות פטל 135 גר` LOVITA,דילר בי.אמ.די.אינטרנשויונל בעמ,,,יח`,168,גרם,false,1,5.90,3.51,true,1,
4823077634277,false,עוגיות תות שדה 135 גר`,דילר בי.אמ.די.אינטרנשויונל בעמ,,,יח`,135,גרם,false,1,6.90,5.11,true,1,
4823077634369,false,שוקולד רושן חלב אוורירי ופצפוצי אורז 85,דילר בי.אמ.די.אינטרנשויונל בעמ,,,יח`,85,גרם,false,1,6.90,8.12,true,1,
4823077634376,false,שוקולד רושן חלב אוורירי קרם אגוזים 85 גר,דילר בי.אמ.די.אינטרנשויונל בעמ,,,יח`,85,גרם,false,1,6.90,8.12,true,1,
4823077634741,false,עוגיות עם מילוי תות שדה 168 גר`,דילר בי.אמ.די.אינטרנשויונל בעמ,,,יח`,168,גרם,false,1,6.90,4.11,true,1,
4823077635489,false,וופל רושן קרם קקאו 350 גר`,דילר בי.אמ.די.אינטרנשויונל בעמ,,,יח`,350,גרם,false,1,16.90,4.83,true,1,
4823077635533,false,וופל רושן קרם חלב 350 גר`,דילר בי.אמ.די.אינטרנשויונל בעמ,,,יח`,350,גרם,false,1,16.90,4.83,true,1,
4823077636004,false,עוגיות קקאו דובדבן 135 גר`,דילר בי.אמ.די.אינטרנשויונל בעמ,,,יח`,135,גרם,false,1,6.90,5.11,true,1,
4823077636059,false,עוגיות קקאו דובדבן 420 גר`,דילר בי.אמ.די.אינטרנשויונל בעמ,,,יח`,420,גרם,false,1,16.90,4.02,true,1,
4823077636073,false,עוגיות תות שדה 420 גר`,דילר בי.אמ.די.אינטרנשויונל בעמ,,,יח`,420,גרם,false,1,16.90,4.02,true,1,
4823077636097,false,עוגיות פטל 420 גר`,דילר בי.אמ.די.אינטרנשויונל בעמ,,,יח`,420,גרם,false,1,16.90,4.02,true,1,
4823077636110,false,עוגיות תפוז 420 גר`,דילר בי.אמ.די.אינטרנשויונל בעמ,,,יח`,420,גרם,false,1,16.90,4.02,true,1,
4823077636172,false,וופל רושן בטעם לימון 216 גר,דילר בי.אמ.די.אינטרנשויונל בעמ,,,יח`,216,גרם,false,1,6.90,3.19,true,1,
4823077636332,false,עוגיות רושן במילוי קרם שוקולד,דילר בי.אמ.די.אינטרנשויונל בעמ,,,יח`,127,גרם,false,1,6.90,5.43,false,1,
4823077636400,false,עוגיות רושן במילוי קרם חלב 127 גר`,דילר בי.אמ.די.אינטרנשויונל בעמ,,,יח`,127,גרם,false,1,6.90,5.43,false,1,
4823077636417,false,עוגיות רושן במילוי קרם אגוזים 127 גר`,דילר בי.אמ.די.אינטרנשויונל בעמ,,,יח`,127,גרם,false,1,6.90,5.43,false,1,
4823077636561,false,סוכריות ממולאות בטעם חלב קפה קפה לייק,דילר בי.אמ.די.אינטרנשויונל בעמ,,,יח`,378,גרם,false,1,11.90,3.15,true,1,
4823077636578,false,סוכריות טופי כוס חלב 325 גר`,דילר בי.אמ.די.אינטרנשויונל בעמ,,,יח`,325,גרם,false,1,11.90,3.66,true,1,
4823077636592,false,סוכריות ג`לי רושן קרייזי פצ`ולקה 378 ג,דילר בי.אמ.די.אינטרנשויונל בעמ,,,יח`,378,גרם,false,1,11.90,3.15,true,1,
4860019001346,false,מים מינרלים 500 מל בקבוק בורזוימי,יורוסטנדרט בעמ,,,יח`,500,"מ""ל",false,1,6.90,1.32,false,1,
4860019001414,false,מים מינרליים 750 מל בורזוימי,יורוסטנדרט בעמ,,,יח`,750,"מ""ל",false,1,7.90,1.01,false,1,
4902430235921,false,מברשות אורל בי ציפורן שלישייה,פארמה דיל (פ.א.ב.) שיווק והפצה,,,יח`,1,,false,1,14.90,14.90,false,1,
4903001925784,false,רוטב סויה יאמאסה מופחת מלח 500 מל,ליימן שליסל בעמ,,,יח`,500,"מ""ל",false,1,17.90,3.58,false,1,
5000157143365,false,מתבל בטעם מיונז וקטשופ 425 מל,דיפלומט היינץ,,,יח`,425,גרם,false,1,14.90,3.51,false,1,
5000159452540,false,סניקרס חטיף שוקולד עם בוטנים חמישייה ברי,מרס ריגלי ישראל בעמ,,,יח`,200,גרם,false,1,9.90,4.95,false,1,
5000159461122,false,סניקרס חטיף שוקולד עם בוטנים 50 גרם,מרס ריגלי ישראל בעמ,,,יח`,57,גרם,false,1,3.90,6.84,true,1,
5000189974579,false,קיט קט מיני 200 גר`,קבוצת אסם סחר שות. מוגבלת,,,יח`,200,גרם,false,1,9.90,4.95,false,1,
5000204243000,false,דאק נוזל אפרסק על חלל 750 מל,דנשר (1963) בעמ,,,יח`,750,"מ""ל",false,1,10.90,1.45,true,1,
5000394137486,false,דורסל אופטימום רביעיות AA,דיפלומט מפיצים (1968) בעמ,,,יח`,1,,false,1,17.90,17.90,false,1,
5000394140820,false,דורסל שישיות AA פלוס פאוור 2021,דיפלומט מפיצים (1968) בעמ,,,יח`,1,,false,1,16.90,16.90,true,1,
5000394141209,false,דורסל שישיות AAA פלוס פאוור 2021,דיפלומט מפיצים (1968) בעמ,,,יח`,1,,false,1,16.90,16.90,true,1,
5010123703547,false,ליסטרין פרש בורסט 500 מל-יבוא מקביל,בית הצעצוע בעמ,,,יח`,500,"מ""ל",false,1,14.90,2.98,true,1,
5010123703585,false,ליסטרין קולמינט 500 מל-יבוא מקביל,בית הצעצוע בעמ,,,יח`,500,"מ""ל",false,1,14.90,2.98,true,1,
5010123730222,false,ליסטרין טוטאל קר 500 מל-יבוא מקביל,בית הצעצוע בעמ,,,יח`,500,"מ""ל",false,1,14.90,2.98,true,1,
5010182998861,false,דאק נוזל בודד 750מל ירוק,דנשר (1963) בעמ,,,יח`,750,"מ""ל",false,1,10.90,1.45,true,1,
5013931015741,false,ידית הפלא לשטיפת כלים דיש מטיק,דנשר (1963) בעמ,,,יח`,1,,false,1,19.90,19.90,true,1,
5029053510828,false,תחבושות סופר פלוס עם כנפיים קוטקס) (24,קימברלי קלארק ישראל שיווק בעמ,,,יח`,1,,false,1,19.90,19.90,true,1,
5029053523446,false,תחבושות עם כנפיים ללילה קוטקס) (20,קימברלי קלארק ישראל שיווק בעמ,,,יח`,1,,false,1,19.90,19.90,true,1,
5202390015618,false,צהובה טבעונית אורגינל,דיפלומט היינץ,,,יח`,200,גרם,false,1,22.90,11.45,true,1,
5206759020701,false,סוכריות ג`לי אקזוטי פרווה 700 גר,יעד ממתקים בעמ,,,יח`,700,גרם,false,1,14.90,2.13,false,1,
5391523057943,false,סימילאק גולד שלב 3 700 גר`,שקד תבל בעמ-סימילק,,,יח`,700,גרם,false,1,69.90,9.99,true,1,
5391523058070,false,סימילאק אדוונס פלוס שלב 3 700 גר,שקד תבל בעמ-סימילק,,,יח`,700,גרם,false,1,64.90,9.27,true,1,
5410126006087,false,ביסקוויט בטעם קרמל לוטוס (700 גרם),דיפלומט היינץ,,,יח`,700,גרם,false,1,27.90,3.99,true,1,
5410126106183,false,לוטוס קרמל 312 גר`,דיפלומט היינץ,,,יח`,312,גרם,false,1,14.90,4.78,true,1,
5410126116953,false,ממרח ביסקוויט קרמל לוטוס (400 גרם),דיפלומט היינץ,,,יח`,400,גרם,false,1,21.90,5.48,true,1,
5410126666038,false,עוגיות לוטוס 2*18 279 גר`,דיפלומט היינץ,,,יח`,279,גרם,false,1,12.90,4.62,true,1,
5410126726947,false,ממרח עוגיות לוטוס קראנץ` 380 גר`,דיפלומט היינץ,,,יח`,380,גרם,false,1,22.90,6.03,true,1,
5411188081852,false,אלפרו סויה וניל 1 ליטר,שטראוס גרופ בעמ,,,יח`,1,1 ליטר,false,1,12.90,12.90,true,1,
5411188110835,false,משקה שקדים אלפרו (1 ליטר),שטראוס גרופ בעמ,,,יח`,1,1 ליטר,false,1,12.90,12.90,true,1,
5411188112709,false,משקה שקדים ללס אלפרו (1 ליטר),שטראוס גרופ בעמ,,,יח`,1,1 ליטר,false,1,12.90,12.90,true,1,
5411188115434,false,אלפרו בריסטה סויה 1 ליטר,שטראוס גרופ בעמ,,,יח`,1,1 ליטר,false,1,12.90,12.90,true,1,
5411188115472,false,משקה סויה 1 ליטר אלפרו,שטראוס גרופ בעמ,,,יח`,1,1 ליטר,false,1,12.90,12.90,true,1,
5411188120742,false,משקה שקדים בטעם וניל אלפרו (1 ליטר),שטראוס גרופ בעמ,,,יח`,1,1 ליטר,false,1,12.90,12.90,true,1,
5411188121978,false,משקה סויה בטעם טבעי אלפרו (250x3 מל),שטראוס גרופ בעמ,,,יח`,750,"מ""ל",false,1,15.90,2.12,false,1,
5411188122661,false,אלפרו משקה שקדים לא קלויים ללתס 1 ליטר,שטראוס גרופ בעמ,,,יח`,1,1 ליטר,false,1,12.90,12.90,true,1,
5411188124689,false,משקה שיבולת שועל ללתס 1 ליטר אלפרו,שטראוס גרופ בעמ,,,יח`,1,1 ליטר,false,1,12.90,12.90,true,1,
5411188127697,false,אלפרו בריסטה שיבולת שועל 1 ליטר,שטראוס גרופ בעמ,,,יח`,1,1 ליטר,false,1,12.90,12.90,true,1,
5411188129899,false,אלפרו בריסטה שקדים 1 ליטר,שטראוס גרופ בעמ,,,יח`,1,1 ליטר,false,1,12.90,12.90,true,1,
5411188134985,false,אלפרו NOT MILK שיבולת שועל 3.5% שומן 1 ל,שטראוס גרופ בעמ/מצונן,,,יח`,1,1 ליטר,false,1,13.90,13.90,false,1,
5411188135005,false,אלפרו NOT MILK שיבולת שועל 1.8% ליטר,שטראוס גרופ בעמ/מצונן,,,יח`,1,1 ליטר,false,1,13.90,13.90,false,1,
5411188543398,false,משקה סויה ללס אלפרו 1 ליטר,שטראוס גרופ בעמ,,,יח`,1,1 ליטר,false,1,12.90,12.90,true,1,
5413149922907,false,אריאל 5 קג` קולור,דיפלומט מפיצים (1968) בעמ,,,יח`,5,"ק""ג",false,1,44.90,8.98,true,1,
5413149922938,false,אריאל 5 קג` שושן צחור,דיפלומט מפיצים (1968) בעמ,,,יח`,5,"ק""ג",false,1,44.90,8.98,true,1,
5701932026971,false,הוט פופ חמאה 600 גר`,ליימן שליסל בעמ,,,יח`,600,גרם,false,1,15.90,2.65,true,1,
5701932026995,false,הוט פופ לייט 600גר`,ליימן שליסל בעמ,,,יח`,600,גרם,false,1,15.90,2.65,true,1,
5705550300963,false,ביצי דג שיבוט 200 גר`שוקחה,בני ג`ורג` שוקחה (חיפה) בעמ,,,יח`,200,גרם,false,1,11.90,5.95,false,1,
5740900108264,false,ממרח לופרק ללא מלח מעדניה שטראוס,שטראוס גרופ בעמ/מצונן,,,"ק""ג",1000,גרם,true,1,42,4.20,false,1,
5740900403215,false,ממרח לורפק עם מלח 250 גר`,שטראוס גרופ בעמ/מצונן,,,יח`,250,גרם,false,1,16.90,6.76,false,1,
5740900403239,false,ממרח לורפק ללא מלח 250 גר`,שטראוס גרופ בעמ/מצונן,,,יח`,250,גרם,false,1,16.90,6.76,false,1,
5900020012814,false,נסקוויק 500 גר` דגני בוקר,קבוצת אסם סחר שות. מוגבלת,,,יח`,500,גרם,false,1,19.90,3.98,true,1,
5900020018908,false,פיטנס חטיפי דגנים קרם עוגיות,קבוצת אסם סחר שות. מוגבלת,,,יח`,141,גרם,false,1,15.90,11.28,true,1,
5900020024770,false,פיטנס בר דליס שוקולד אגוז,קבוצת אסם סחר שות. מוגבלת,,,יח`,135,גרם,false,1,15.90,11.78,true,1,
5900020024817,false,פיטנס בר דליס שוקולד לבן,קבוצת אסם סחר שות. מוגבלת,,,יח`,135,גרם,false,1,15.90,11.78,true,1,
5900020026552,false,האני נאט צ`יריוס עידן הקרח 625 גרם,קבוצת אסם סחר שות. מוגבלת,,,יח`,625,גרם,false,1,19.90,3.18,true,1,
5900020029669,false,חטיף דגנים פירות יער מארז 6 יח פיטנס,קבוצת אסם סחר שות. מוגבלת,,,יח`,23.50,גרם,false,1,16.90,71.91,true,1,
5900020034021,false,פיטנס חטיף דגנים שוקו בננה נסטלה (23.5x6,קבוצת אסם סחר שות. מוגבלת,,,יח`,141,גרם,false,1,15.90,11.28,true,1,
5900020036407,false,דגני בוקר שוקולד קרמל (480 גר`) ליון,קבוצת אסם סחר שות. מוגבלת,,,יח`,480,גרם,false,1,26.90,5.60,true,1,
5900020039590,false,פיטנס חטיף דגנים קלאסי 6.*23.5גר,קבוצת אסם סחר שות. מוגבלת,,,יח`,141,גרם,false,1,15.90,11.28,true,1,
5900020039620,false,פיטנס חטיף דגנים שקדים 6*23.5גר,קבוצת אסם סחר שות. מוגבלת,,,יח`,141,גרם,false,1,15.90,11.28,true,1,
5900020041142,false,פיטנס קורנפלקס 500 גר,קבוצת אסם סחר שות. מוגבלת,,,יח`,500,גרם,false,1,12.90,2.58,true,1,
5900352000770,false,גלרטקה דובדבן 190 גר`,יעד ממתקים בעמ,,,יח`,190,גרם,false,1,9.90,5.21,true,1,
5900352001814,false,גלרטקה תפוז 190 גר`,יעד ממתקים בעמ,,,יח`,190,גרם,false,1,9.90,5.21,true,1,
5900352001821,false,גלרטקה לימון 190 גר`,יעד ממתקים בעמ,,,יח`,190,גרם,false,1,9.90,5.21,true,1,
5900352002361,false,עוגיות קלאסי 140 גר,יעד ממתקים בעמ,,,יח`,140,גרם,false,1,5.90,4.21,true,1,
5900352002576,false,גלרטקה אוכמניות 190 גר`,יעד ממתקים בעמ,,,יח`,190,גרם,false,1,9.90,5.21,true,1,
5900352002866,false,חטיף טייגר/אליבי,יעד ממתקים בעמ,,,יח`,147,גרם,false,1,2.50,1.70,true,1,
5900352004044,false,יזיקי עוגיות קוקוס 140 גר,יעד ממתקים בעמ,,,יח`,140,גרם,false,1,5.90,4.21,true,1,
5900352004457,false,יזיקי עוגיות לקפה 140 גר,יעד ממתקים בעמ,,,יח`,140,גרם,false,1,5.90,4.21,true,1,
5900352006468,false,יזיקי עוגיות שרי 140 גר,יעד ממתקים בעמ,,,יח`,140,גרם,false,1,5.90,4.21,true,1,
5900352008509,false,יזיקי עוגיות אדווקט 140 גר`,יעד ממתקים בעמ,,,יח`,140,גרם,false,1,5.90,4.21,true,1,
5900352011356,false,יזיקי עוגיות מריר שרי 140 גר,יעד ממתקים בעמ,,,יח`,140,גרם,false,1,5.90,4.21,true,1,
5900352012605,false,אליבי קוקוס,יעד ממתקים בעמ,,,יח`,147,גרם,false,1,2.50,1.70,true,1,
5900352014456,false,וופל בלגי שוקולד 130 גר` יעד ממתקים,יעד ממתקים בעמ,,,יח`,130,גרם,false,1,3.90,3,true,1,
5900352014470,false,וופל בלגי קרמל 140 גר` יעד ממתקים,יעד ממתקים בעמ,,,יח`,140,גרם,false,1,3.90,2.79,true,1,
5900352014890,false,יזיקי עוגיות מריר תפוז 140 גר`,יעד ממתקים בעמ,,,יח`,140,גרם,false,1,5.90,4.21,true,1,
5900352015125,false,יזיקי עוגיות קרמל מלוח 140 גר,יעד ממתקים בעמ,,,יח`,140,גרם,false,1,5.90,4.21,true,1,
5900394009762,false,וופל אידילה 47 גר`,יעד ממתקים בעמ,,,יח`,47,גרם,false,1,2.50,5.32,true,1,
5900627063233,false,פיניש 50 טבליות AIO MAX,רקיט בנקיזר (ניר איסט) בעמ,,,יח`,1,,false,1,39.90,39.90,true,1,
5901888020560,false,חטיף דגנים עם קינואה בטעם עשבי תיבול 7,דנשר (1963) בעמ,,,יח`,70,גרם,false,1,12.90,18.43,true,1,
5902198160403,false,xl ten פחית 250 מל ללס,טמפו משקאות בעמ,,,יח`,250,"מ""ל",false,1,4.90,1.84,true,1,
5906485301012,false,משקה אנרגיה אקסל (250 מל),טמפו משקאות בעמ,,,יח`,250,"מ""ל",false,1,4.90,1.84,true,1,
6001067157182,false,מברשת שיניים קולגייט זיג זג צ`ארקואל שחו,פארמה דיל (פ.א.ב.) שיווק והפצה,,,יח`,1,,false,1,7.90,7.90,false,1,
7271730901261,false,ארוחת אטריות עם גבינה 156 גר`וויקי מאק,מור-ים מרקטינג בעמ,,,יח`,156,גרם,false,1,10.90,6.99,false,1,
7290000023809,false,קלאסיק קברנה סובניון יקבי ברקן (750 מל),טמפו משקאות בעמ,,,יח`,750,"מ""ל",false,1,32.90,4.35,true,1,
7290000023816,false,קלאסיק אמרלד ריזלינג יקבי ברקן (750 מל),טמפו משקאות בעמ,,,יח`,750,"מ""ל",false,1,32.90,4.35,true,1,
7290000023830,false,קלאסיק קברנה בלאש 750 מל,טמפו משקאות בעמ,,,יח`,750,"מ""ל",false,1,32.90,4.35,true,1,
7290000023847,false,קלאסיק שרדונה יקבי ברקן (750 מל),טמפו משקאות בעמ,,,יח`,750,"מ""ל",false,1,32.90,4.35,true,1,
7290000023977,false,קלאסיק מרלו יקבי ברקן (750 מל),טמפו משקאות בעמ,,,יח`,750,"מ""ל",false,1,32.90,4.35,true,1,
7290000024264,false,רזרב מרלו יקבי ברקן (750 מל),טמפו משקאות בעמ,,,יח`,750,"מ""ל",false,1,44.90,5.95,true,1,
7290000040042,false,יוגורט ביו 3% תות יופלה (150 גרם),תנובה - חלב,,,יח`,150,"מ""ל",false,1,4.90,3.27,false,1,
7290000040066,false,יופלה דובדבן 3%,תנובה - חלב,,,יח`,150,"מ""ל",false,1,4.90,3.27,false,1,
7290000040080,false,יוגורט ביו 3% אפרסק יופלה (150 גרם),תנובה - חלב,,,יח`,150,"מ""ל",false,1,4.90,3.27,false,1,
7290000040301,false,גבינת קממבר 24% עין גדי (125 גרם)קולקשי,תנובה - חלב,,,יח`,125,גרם,false,1,17.80,14.24,false,1,
7290000040462,false,גבינת טוסטי,תנובה - חלב,,,יח`,200,גרם,false,1,17.90,8.95,false,1,
7290000040974,false,חלב 2% דל לקטוז בקרטון תנובה (1 ליטר),תנובה - חלב,,,יח`,1,1 ליטר,false,1,7,7,false,1,
7290000041858,false,שמנת חמוצה מעושר 15% יטבתה (200 מל),שטראוס גרופ בעמ/מצונן,,,יח`,200,"מ""ל",false,1,2.50,1.25,false,1,
7290000041865,false,לבן 4.5% יטבתה (200 מל),שטראוס גרופ בעמ/מצונן,,,יח`,200,"מ""ל",false,1,2.10,1.05,false,1,
7290000041872,false,לבן 3%,שטראוס גרופ בעמ/מצונן,,,יח`,200,"מ""ל",false,1,2.10,1.05,false,1,
7290000042015,false,חלב 3% בשקית בדצ תנובה (1 ליטר)פיקוח,תנובה - חלב,,,יח`,1,1 ליטר,false,1,5.43,5.43,false,1,
7290000042435,false,חלב דל שומן 1% בקרטון תנובה (1 ליטר)פיק,תנובה - חלב,,,יח`,1000,"מ""ל",false,1,5.86,0.59,false,1,
7290000042640,false,חלב עמיד 3% תנובה (250 מל),תנובה - חלב,,,יח`,250,"מ""ל",false,1,2.60,1.04,false,1,
7290000043012,false,שוקו עמיד 2% תנובה (250 מל),תנובה - חלב,,,יח`,250,"מ""ל",false,1,4.70,1.88,false,1,
7290000043111,false,חמאה תנובה (200 גרם)פיקוח,תנובה - חלב,,,יח`,200,גרם,false,1,7.80,3.90,false,1,
7290000043814,false,השף הלבן שמנת עמיד 38% קר 250,תנובה - חלב,,,יח`,250,"מ""ל",false,1,6.47,2.59,false,1,
7290000043890,false,רויון 1.5% תנובה (1 ליטר),תנובה - חלב,,,יח`,1,1 ליטר,false,1,11.50,11.50,false,1,
7290000043944,false,יוגורט לבן 4% תנובה (1.5 ליטר),תנובה - חלב,,,יח`,1.50,1 ליטר,false,1,16.50,11,false,1,
7290000044712,false,יוגורט עם תות 1.5% פרילי (500 גרם),תנובה - חלב,,,יח`,500,"מ""ל",false,1,10.90,2.18,false,1,
7290000044880,false,יוגורט בטעם תות שדה 3% באדי (500 גרם),תנובה - חלב,,,יח`,500,"מ""ל",false,1,8.80,1.76,false,1,
7290000045580,false,גבינת חורש,תנובה - חלב,,,יח`,240,גרם,false,1,17.90,7.46,false,1,
7290000045917,false,פרומעז גבינת עיזים 23% קולקשיין תנובה,תנובה - חלב,,,יח`,200,גרם,false,1,25.90,12.95,false,1,
7290000046020,false,גבינת גלבוע 22% תנובה,תנובה - חלב,,,"ק""ג",1000,גרם,true,1,42.58,4.26,false,1,
7290000046563,false,קולאג 23% פרמזן חריץ תנובה,תנובה - חלב,,,"ק""ג",1000,גרם,true,1,113,11.30,false,1,
7290000047546,false,גבינה כנען 500,תנובה - חלב,,,יח`,500,גרם,false,1,23.90,4.78,false,1,
7290000047942,false,גבינה לבנה 250 גר 9%,תנובה - חלב,,,יח`,250,גרם,false,1,4.70,1.88,false,1,
7290000048185,false,גבינה לבנה 5% תנובה (250 גרם)פיקוח,תנובה - חלב,,,יח`,250,גרם,false,1,4.98,1.99,false,1,
7290000050447,false,יוגורט ביו 3% תות יופלה (500 גרם),תנובה - חלב,,,יח`,1,1 ליטר,false,1,12.90,12.90,false,1,
7290000050454,false,יוגורט ביו 3% אפרסק יופלה (500 גרם),תנובה - חלב,,,יח`,500,"מ""ל",false,1,12.90,2.58,false,1,
7290000051307,false,הפסקת אוכל דגני עוגי וחלבי ווניל,תנובה - חלב,,,יח`,150,"מ""ל",false,1,9.90,6.60,false,1,
7290000051376,false,יופלה דיאט אננס 0%,תנובה - חלב,,,יח`,150,"מ""ל",false,1,4.90,3.27,false,1,
7290000053219,false,טל העמק 32% צהובה,תנובה - חלב,,,"ק""ג",1000,גרם,true,1,55,5.50,false,1,
7290000055336,false,יופלה משקה יוגורט 250 מל בננה אפרסק,תנובה - חלב,,,יח`,250,גרם,false,1,5.50,2.20,false,1,
7290000055350,false,עמק פיקוח 28% צהובה מעדנייה,תנובה - חלב,,,"ק""ג",1000,גרם,true,1,44.79,4.48,false,1,
7290000055893,false,חמאה מהדרין תנובה (200 גרם)פיקוח,תנובה - חלב,,,יח`,1,,false,1,7.80,7.80,false,1,
7290000056906,false,יופלה לבן שמינייה 1.5%,תנובה - חלב,,,יח`,1200,"מ""ל",false,1,17.50,1.46,false,1,
7290000056951,false,שמנת עמידה לבישול 15% השף הלבן (500 מל),תנובה - חלב,,,יח`,500,"מ""ל",false,1,15.90,3.18,false,1,
7290000057118,false,סמי עמק 400 גר,תנובה - חלב,,,יח`,400,גרם,false,1,20.90,5.23,false,1,
7290000057132,false,יוגורט ביו 1.5% תנובה (200 גרם),תנובה - חלב,,,יח`,200,גרם,false,1,3.20,1.60,false,1,
7290000057149,false,יוגורט ביו 3% תנובה (200 גרם),תנובה - חלב,,,יח`,200,גרם,false,1,3.20,1.60,false,1,
7290000058047,false,שמנת 38% 500 מל עם פקק פיקוח,תנובה - חלב,,,יח`,500,"מ""ל",false,1,12.94,2.59,false,1,
7290000060163,false,אטריות דקות אסם (400 גרם),קבוצת אסם סחר שות. מוגבלת,,,יח`,400,גרם,false,1,7.90,1.98,true,1,
7290000060200,false,פתיתים אפויים קוסקוס אסם (500 גרם),קבוצת אסם סחר שות. מוגבלת,,,יח`,500,גרם,false,1,6.90,1.38,true,1,
7290000060248,false,פסטה תלתלים אסם (500 גרם),קבוצת אסם סחר שות. מוגבלת,,,יח`,500,גרם,false,1,5.90,1.18,true,1,
7290000060781,false,פסטה מסולסלים אסם (500 גרם),קבוצת אסם סחר שות. מוגבלת,,,יח`,500,גרם,false,1,5.90,1.18,true,1,
7290000060828,false,פסטה קרניים בינוניות אסם (500 גרם),קבוצת אסם סחר שות. מוגבלת,,,יח`,500,גרם,false,1,5.90,1.18,true,1,
7290000060842,false,פסטה צדפים גדולים אסם (500 גרם),קבוצת אסם סחר שות. מוגבלת,,,יח`,500,גרם,false,1,5.90,1.18,true,1,
7290000060880,false,ספגטי אסם (500 גרם),קבוצת אסם סחר שות. מוגבלת,,,יח`,500,גרם,false,1,5.90,1.18,true,1,
7290000060903,false,פתיתים אפויים אורז אסם (500 גרם),קבוצת אסם סחר שות. מוגבלת,,,יח`,500,גרם,false,1,6.90,1.38,true,1,
7290000060958,false,אטריות מובחרות בינוניות אסם (400 גרם),קבוצת אסם סחר שות. מוגבלת,,,יח`,400,גרם,false,1,7.90,1.98,true,1,
7290000060965,false,אטריות רחבות אסם (400 גרם),קבוצת אסם סחר שות. מוגבלת,,,יח`,400,גרם,false,1,7.90,1.98,true,1,
7290000061061,false,קרקר בצל אסם (250 גרם),קבוצת אסם סחר שות. מוגבלת,,,יח`,250,גרם,false,1,10.90,4.36,true,1,
7290000061108,false,רוטב טריאקי אסם (290 מל),קבוצת אסם סחר שות. מוגבלת,,,יח`,290,"מ""ל",false,1,11.90,4.10,true,1,
7290000061764,false,קפה רד מאג נסקפה (200 גרם),קבוצת אסם סחר שות. מוגבלת,,,יח`,200,גרם,false,1,18.90,9.45,false,1,
7290000062952,false,מיני קרוטונים למרק,קבוצת אסם סחר שות. מוגבלת,,,יח`,250,גרם,false,1,15.90,6.36,true,1,
7290000063140,false,שקדי מרק אסם (400 גרם),קבוצת אסם סחר שות. מוגבלת,,,יח`,400,גרם,false,1,10.90,2.73,true,1,
7290000063157,false,קמח תופח אסם (1 קג),קבוצת אסם סחר שות. מוגבלת,,,יח`,1,"ק""ג",false,1,9.90,9.90,false,1,
7290000064758,false,קוסקוס בינוני אסם (350 גרם),קבוצת אסם סחר שות. מוגבלת,,,יח`,350,גרם,false,1,8.90,2.54,false,1,
7290000064871,false,מנה חמה פירה עם בצל אסם (56 גרם),קבוצת אסם סחר שות. מוגבלת,,,יח`,56,גרם,false,1,6.90,12.32,true,1,
7290000065090,false,מיני קרוטונים למרק וסלט,קבוצת אסם סחר שות. מוגבלת,,,יח`,400,גרם,false,1,22.80,5.70,false,1,
7290000065557,false,מנה חמה קוסקוס עם ירקות אסם (84 גרם),קבוצת אסם סחר שות. מוגבלת,,,יח`,62,גרם,false,1,6.90,11.13,true,1,
7290000066141,false,ביסלי חטיף בטעם גריל אסם (70 גרם),קבוצת אסם סחר שות. מוגבלת,,,יח`,70,גרם,false,1,3.90,5.57,true,1,
7290000066318,false,במבה אסם (80 גרם),קבוצת אסם סחר שות. מוגבלת,,,יח`,80,גרם,false,1,4.30,5.38,true,1,
7290000066332,false,אפרופו חטיף תירס אסם (50 גרם),קבוצת אסם סחר שות. מוגבלת,,,יח`,50,גרם,false,1,5,10,true,1,
7290000066431,false,חטיף פופקו חמאה ודבש אסם (80 גרם),קבוצת אסם סחר שות. מוגבלת,,,יח`,80,גרם,false,1,5.50,6.88,true,1,
7290000067735,false,ניוקי בצקיות מקמח אסם פרפקטו (500 גרם),קבוצת אסם סחר שות. מוגבלת,,,יח`,500,גרם,false,1,12.90,2.58,false,1,
7290000068138,false,פודינג בטעם וניל 80 גר`אסם,קבוצת אסם סחר שות. מוגבלת,,,יח`,80,גרם,false,1,5.90,7.38,false,1,
7290000068190,false,אבקה להכנת ג`לי בטעם תות אסם (90 גרם),קבוצת אסם סחר שות. מוגבלת,,,יח`,90,גרם,false,1,6.90,7.67,false,1,
7290000068237,false,אבקה להכנת ג`לי בטעם פטל אסם (85 גרם),קבוצת אסם סחר שות. מוגבלת,,,יח`,85,גרם,false,1,6.90,8.12,false,1,
7290000068770,false,במבה יום הולדת אסם (80 גרם),קבוצת אסם סחר שות. מוגבלת,,,יח`,80,גרם,false,1,4.30,5.38,true,1,
7290000070308,false,מרק עוף אמיתי בשרי אסם (400 גרם),קבוצת אסם סחר שות. מוגבלת,,,יח`,400,גרם,false,1,20,5,false,1,
7290000070322,false,מרק פטריות אסם (400 גרם),קבוצת אסם סחר שות. מוגבלת,,,יח`,400,גרם,false,1,24.90,6.23,true,1,
7290000072623,false,קטשופ אסם (750 גרם),קבוצת אסם סחר שות. מוגבלת,,,יח`,750,גרם,false,1,10.90,1.45,true,1,
7290000072630,false,קטשופ חריף אסם (750 גרם),קבוצת אסם סחר שות. מוגבלת,,,יח`,750,גרם,false,1,11.90,1.59,false,1,
7290000072753,false,קפה טייסטרס צ`ויס נסקפה (200 גרם),קבוצת אסם סחר שות. מוגבלת,,,יח`,200,גרם,false,1,29.90,14.95,false,1,
7290000072777,false,טייסטר צ ויס נטול 200 גר,קבוצת אסם סחר שות. מוגבלת,,,יח`,200,גרם,false,1,35.90,17.95,false,1,
7290000072968,false,סיני מיניס בטעם קינמון נסטלה (500 גרם),קבוצת אסם סחר שות. מוגבלת,,,יח`,375,גרם,false,1,19.90,5.31,true,1,
7290000073415,false,מנה חמה פסטה ברוטב פיצה אסם (61 גרם),קבוצת אסם סחר שות. מוגבלת,,,יח`,61,גרם,false,1,6.90,11.31,true,1,
7290000073699,false,צבר חומוס 150 גר`,קבוצת אסם סחר שות. מוגבלת,,,יח`,150,גרם,false,1,4.50,3,false,1,
7290000073767,false,מנה חמה נודלס בטעם בקר אסם (70 גרם),קבוצת אסם סחר שות. מוגבלת,,,יח`,70,גרם,false,1,7.90,11.29,true,1,
7290000073774,false,מנה חמה נודלס בטעם פיקנטי אסם (70 גרם),קבוצת אסם סחר שות. מוגבלת,,,יח`,76,גרם,false,1,7.90,10.39,true,1,
7290000074153,false,ביסקוויט פתי בר שוקולד אסם (500 גרם),קבוצת אסם סחר שות. מוגבלת,,,יח`,500,גרם,false,1,11.90,2.38,false,1,
7290000074184,false,ביסקוויט פתי בר אסם (500 גרם),קבוצת אסם סחר שות. מוגבלת,,,יח`,500,גרם,false,1,11.90,2.38,true,1,
7290000074245,false,קרם קרקר אסם (250 גרם),קבוצת אסם סחר שות. מוגבלת,,,יח`,250,גרם,false,1,9.90,3.96,true,1,
7290000074276,false,קרקר פיקנטי אסם (250 גרם),קבוצת אסם סחר שות. מוגבלת,,,יח`,250,גרם,false,1,10.90,4.36,true,1,
7290000074375,false,קרקר זהב אסם (150 גרם),קבוצת אסם סחר שות. מוגבלת,,,יח`,150,גרם,false,1,7.90,5.27,true,1,
7290000074764,false,קרקר זהב אסם (900 גרם),קבוצת אסם סחר שות. מוגבלת,,,יח`,900,גרם,false,1,27.90,3.10,true,1,
7290000075204,false,קרקר לחמית חיטה מלאה אסם (250 גרם),קבוצת אסם סחר שות. מוגבלת,,,יח`,250,גרם,false,1,8.90,3.56,true,1,
7290000076645,false,טוסטעים חיטה מלאה אסם (100 גרם),קבוצת אסם סחר שות. מוגבלת,,,יח`,100,גרם,false,1,9.90,9.90,false,1,
7290000077017,false,קרמוגית משהו שוקולוד,קבוצת אסם סחר שות. מוגבלת,,,יח`,200,גרם,false,1,11.90,5.95,true,1,
7290000077253,false,קרקר לחמית כפרית אסם (190 גרם),קבוצת אסם סחר שות. מוגבלת,,,יח`,190,גרם,false,1,10.90,5.74,true,1,
7290000078762,false,פריכונים בדבש מאורז מלא אסם (80 גרם),קבוצת אסם סחר שות. מוגבלת,,,יח`,80,גרם,false,1,7.90,9.88,true,1,
7290000079233,false,קרם קרקר דל נתרן אסם (250 גרם),קבוצת אסם סחר שות. מוגבלת,,,יח`,250,גרם,false,1,10.90,4.36,true,1,
7290000080765,false,פת קלויה טוסטעים עם שומשום אסם (100 גרם),קבוצת אסם סחר שות. מוגבלת,,,יח`,100,גרם,false,1,9.90,9.90,false,1,
7290000101941,false,אננס חתוך מוקפא סנפרוסט (300 גרם),תנובה קפואים,,,יח`,300,גרם,false,1,15.90,5.30,true,1,
7290000101958,false,מנגו חתוך מוקפא סנפרוסט (300 גרם),תנובה קפואים,,,יח`,300,גרם,false,1,15.90,5.30,true,1,
7290000103815,false,לקט להקפצה בסגנון תאילנדי 800 גר`סנפרוס,תנובה קפואים,,,יח`,800,גרם,false,1,24,3,true,1,
7290000103822,false,לקט מוקפא לעוף סנפרוסט (800 גרם),תנובה קפואים,,,יח`,800,גרם,false,1,23,2.88,true,1,
7290000103839,false,מרק כתום עשיר בירקות סנפרוסט (572 גרם),תנובה קפואים,,,יח`,572,גרם,false,1,18,3.15,true,1,
7290000103860,false,מרק עדשים עשיר בירקות סנפרוסט (572 גרם),תנובה קפואים,,,יח`,572,גרם,false,1,18,3.15,true,1,
7290000104188,false,שעועית אדומה מבושלת 800 גר`סנפרוסט,תנובה קפואים,,,יח`,800,גרם,false,1,19.90,2.49,true,1,
7290000104201,false,אפונה עדינה מוקפאת סנפרוסט (600 גרם),תנובה קפואים,,,יח`,600,גרם,false,1,18.90,3.15,true,1,
7290000104676,false,אפונה 800 גר`סנפרוסט,תנובה קפואים,,,יח`,800,גרם,false,1,16.90,2.11,true,1,
7290000104683,false,שעועית ירוקה שלמה סנפרוסט (800 גרם),תנובה קפואים,,,יח`,800,גרם,false,1,19.90,2.49,true,1,
7290000104690,false,גרעיני תירס מוקפאים סנפרוסט (800 גרם),תנובה קפואים,,,יח`,800,גרם,false,1,17.90,2.24,true,1,
7290000104706,false,גזר גמדי מוקפא סנפרוסט (800 גרם),תנובה קפואים,,,יח`,800,גרם,false,1,17.90,2.24,true,1,
7290000104713,false,פול ירוק 800 גר`סנפרוסט,תנובה קפואים,,,יח`,800,גרם,false,1,24.90,3.11,true,1,
7290000104720,false,שעועית ירוקה חתוכה סנפרוסט (800 גרם),תנובה קפואים,,,יח`,800,גרם,false,1,19.90,2.49,true,1,
7290000104744,false,כרובית מוקפאת סנפרוסט (800 גרם),תנובה קפואים,,,יח`,800,גרם,false,1,25,3.13,true,1,
7290000104751,false,כרוב ניצנים סנפרוסט (800 גרם),תנובה קפואים,,,יח`,800,גרם,false,1,24.90,3.11,true,1,
7290000104775,false,מדליוני תרד סנפרוסט (800 גרם),תנובה קפואים,,,יח`,800,גרם,false,1,26,3.25,true,1,
7290000104799,false,שעועית לבנה מבושלת סנפרוסט (800 גרם),תנובה קפואים,,,יח`,800,גרם,false,1,19.90,2.49,true,1,
7290000104805,false,גרגרי חומוס מבושלים סנפרוסט (800 גרם),תנובה קפואים,,,יח`,800,גרם,false,1,19.90,2.49,true,1,
7290000104836,false,שעועית עדינה שלמה סנפרוסט (600 גרם),תנובה קפואים,,,יח`,600,גרם,false,1,22.90,3.82,true,1,
7290000104874,false,לקט מוקפא לקוסקוס סנפרוסט (800 גרם),תנובה קפואים,,,יח`,800,גרם,false,1,23,2.88,true,1,
7290000104881,false,לקט אפונה וגזר מוקפאים סנפרוסט (800 גרם),תנובה קפואים,,,יח`,800,גרם,false,1,16.90,2.11,true,1,
7290000104911,false,לקט נורמנדי מוקפא סנפרוסט (800 גרם),תנובה קפואים,,,יח`,800,גרם,false,1,16.90,2.11,true,1,
7290000106526,false,חגיגה ירוקה להקפצה 800 גר`סנפרוסט,תנובה קפואים,,,יח`,800,גרם,false,1,24,3,true,1,
7290000107295,false,ברוקולי סנפרוסט (800 גרם),תנובה קפואים,,,יח`,800,גרם,false,1,24.90,3.11,true,1,
7290000107622,false,פסטה וירקות אל איטליה 800 גר`סנפרוסט,תנובה קפואים,,,יח`,800,גרם,false,1,23,2.88,true,1,
7290000111186,false,מיונז אמיתי תלמה (500 גרם),יוניליוור ישראל שיווק בעמ,,,יח`,500,גרם,false,1,10.90,2.18,true,1,
7290000111384,false,חרדל אמיתי תלמה (550 גרם),יוניליוור ישראל שיווק בעמ,,,יח`,550,גרם,false,1,9.90,1.80,true,1,
7290000112220,false,בארכה טחינה 100% שומשום,קבוצת אסם סחר שות. מוגבלת,,,יח`,500,גרם,false,1,13.90,2.78,true,1,
7290000112619,false,מרק עוף אמיתי בשרי קנור (400 גרם),יוניליוור ישראל שיווק בעמ,,,יח`,400,גרם,false,1,25.90,6.48,true,1,
7290000116204,false,מרק דגש זך טעם עוף קנור (1 קג),יוניליוור ישראל שיווק בעמ,,,יח`,1,"ק""ג",false,1,17.90,17.90,false,1,
7290000116884,false,רוטב ברביקיו קנור (300 מל),יוניליוור ישראל שיווק בעמ,,,יח`,300,"מ""ל",false,1,12.90,4.30,true,1,
7290000118277,false,אבקה לקניידלך קנור (2 יח`- 130 גרם),יוניליוור ישראל שיווק בעמ,,,יח`,130,גרם,false,1,12.90,9.92,true,1,
7290000120874,false,מיונז לייט הלמנס (424 גרם),יוניליוור ישראל שיווק בעמ,,,יח`,476,גרם,false,1,12.90,2.71,true,1,
7290000129457,false,רוטב פטריות קנור (28 גרם),יוניליוור ישראל שיווק בעמ,,,יח`,28,גרם,false,1,4.90,17.50,true,1,
7290000134307,false,קינמון טחון 50 גר`,תבליני טעם וריח בעמ,,,יח`,50,גרם,false,1,6.90,13.80,false,1,
7290000134338,false,שום אבקה 90 גר`,תבליני טעם וריח בעמ,,,יח`,90,גרם,false,1,9.90,11,true,1,
7290000134376,false,פפריקה בשמן 90 גר`,תבליני טעם וריח בעמ,,,יח`,90,גרם,false,1,9.90,11,true,1,
7290000134550,false,עלי דפנה 20 גר`,תבליני טעם וריח בעמ,,,יח`,20,גרם,false,1,6.90,34.50,false,1,
7290000134673,false,זנגביל 30 גר`,תבליני טעם וריח בעמ,,,יח`,30,גרם,false,1,6.90,23,false,1,
7290000134758,false,תיבול לתפוא 100 גר`,תבליני טעם וריח בעמ,,,יח`,100,גרם,false,1,9.90,9.90,true,1,
7290000134826,false,זעתר מעורב 100 גר`,תבליני טעם וריח בעמ,,,יח`,100,גרם,false,1,9.90,9.90,true,1,
7290000134840,false,כורכום טחון 100 גר`,תבליני טעם וריח בעמ,,,יח`,100,גרם,false,1,9.90,9.90,true,1,
7290000134857,false,פפריקה מתוקה 100 גר`,תבליני טעם וריח בעמ,,,יח`,100,גרם,false,1,9.90,9.90,true,1,
7290000134864,false,פפריקה חריפה 100 גר`,תבליני טעם וריח בעמ,,,יח`,100,גרם,false,1,9.90,9.90,true,1,
7290000134871,false,פלפל שחור טחון 100 גר`,תבליני טעם וריח בעמ,,,יח`,100,גרם,false,1,12.90,12.90,true,1,
7290000134970,false,חוואיג`100 גר`,תבליני טעם וריח בעמ,,,יח`,100,גרם,false,1,9.90,9.90,true,1,
7290000135052,false,משקה אנרגיה מנגו אקסל (250 מל) TEN,טמפו משקאות בעמ,,,יח`,250,"מ""ל",false,1,4.90,1.84,true,1,
7290000136868,false,סאן בנדטו 1.5 ליטר שישייה,טמפו משקאות בעמ,,,יח`,9,1 ליטר,false,1,18.90,1.90,true,1,
7290000136875,false,סאן בנדטו מוגז 1.5 ליטר שישיה,טמפו משקאות בעמ,,,יח`,9,1 ליטר,false,1,19.90,2.01,false,1,
7290000143279,false,שמפו למניעת קשקשים הוואי (700 מל),הנקל סוד בעמ,,,יח`,700,"מ""ל",false,1,8.90,1.27,false,1,
7290000144467,false,שמן חמניות מזוכך עץ הזית (1 ליטר),סוגת תעשיות בעמ,,,יח`,1,1 ליטר,false,1,16.90,16.90,true,1,
7290000144474,false,שמן קנולה מזוכך עץ הזית (1 ליטר),סוגת תעשיות בעמ,,,יח`,1,1 ליטר,false,1,15.90,15.90,true,1,
7290000146997,false,משחת שיניים לילדים טום וג`רי (50 מל),הנקל סוד בעמ,,,יח`,60,גרם,false,1,8.90,14.83,true,1,
7290000148489,false,גרעיני דלעת שקית 200 גר`,ליימן שליסל בעמ,,,יח`,200,גרם,false,1,8.90,4.45,false,1,
7290000148618,false,קשיו מטוגן שקית 200 גר,ליימן שליסל בעמ,,,יח`,200,גרם,false,1,17.90,8.95,true,1,
7290000148748,false,גרעיני חמניה 200 גר`,ליימן שליסל בעמ,,,יח`,200,גרם,false,1,5.90,2.95,true,1,
7290000148939,false,שקדים קלויים קליית גת (200 גרם),ליימן שליסל בעמ,,,יח`,200,גרם,false,1,14.90,7.45,false,1,
7290000149905,false,טקסטיל שמפו נוזל,החברה הדרומית לשיווק בעמ,,,יח`,1,1 ליטר,false,1,12.90,12.90,false,1,
7290000168630,false,קליק שקיות דג דג שוקלד חלבי דצ,יוניליוור ישראל שיווק בעמ,,,יח`,75,גרם,false,1,6.50,8.67,true,1,
7290000174723,false,שוקולית אבקת שוקו עלית (500 גרם),שטראוס גרופ בעמ,,,יח`,500,גרם,false,1,11.90,2.38,false,1,
7290000176062,false,קפה טורקי עלית (100 גרם),שטראוס גרופ בעמ,,,יח`,100,גרם,false,1,8.90,8.90,false,1,
7290000176079,false,קפה טורקי עם הל עלית (100 גרם),שטראוס גרופ בעמ,,,יח`,100,גרם,false,1,8.90,8.90,false,1,
7290000176116,false,קפה טורקי בוואקום עלית (1 קג),שטראוס גרופ בעמ,,,יח`,1,"ק""ג",false,1,74.90,74.90,false,1,
7290000176413,false,נס קפה קטן פח,שטראוס גרופ בעמ,,,יח`,50,גרם,false,1,9.90,19.80,false,1,
7290000176420,false,קפה נמס עלית (200 גרם),שטראוס גרופ בעמ,,,יח`,200,גרם,false,1,19.90,9.95,false,1,
7290000178707,false,חטיף צ`יפס בטעם טבעי תפוצ`יפס (50 גרם),שטראוס פריטו ליי בעמ,,,יח`,50,גרם,false,1,3.90,7.80,false,1,
7290000186535,false,נייר טואלט טריו לבן לילי) (32,קימברלי קלארק ישראל שיווק בעמ,,,יח`,1,,false,1,44.90,44.90,false,1,
7290000187952,false,נייר טואלט טריו לילי) (32,קימברלי קלארק ישראל שיווק בעמ,,,יח`,1,,false,1,44.90,44.90,false,1,
7290000189598,false,מטליות לחות לניקוי כללי ניקול) (50,קימברלי קלארק ישראל שיווק בעמ,,,יח`,1,יח`,false,1,12.90,12.90,true,1,
7290000190150,false,מפיות אירוח לילי סטייל ניקול) (20,קימברלי קלארק ישראל שיווק בעמ,,,יח`,102,גרם,false,1,9.90,9.71,false,1,
7290000190853,false,נייר טואלט 30 גלילים לילי לבן,קימברלי קלארק ישראל שיווק בעמ,,,יח`,2300,גרם,false,1,39.90,1.73,false,1,
7290000191645,false,האגיס ניו בורן- רך נולד,קימברלי קלארק ישראל שיווק בעמ,,,יח`,1,,false,1,29.90,29.90,false,1,
7290000195216,false,ניקול נייר אפייה 50 דף בשקית,קימברלי קלארק ישראל שיווק בעמ,,,יח`,1,,false,1,9.90,9.90,false,1,
7290000195537,false,מגבוני האגיס דיילי קר ללא בישום 4*64,קימברלי קלארק ישראל שיווק בעמ,,,יח`,1,,false,1,19.90,19.90,false,1,
7290000196763,false,שקיות אשפה חזקות במיוחד 65x52 ניקול) (40,קימברלי קלארק ישראל שיווק בעמ,,,יח`,1,יח`,false,1,28.90,28.90,true,1,
7290000197456,false,חיתולי פרידום דריי שלב 4 האגיס) (44,קימברלי קלארק ישראל שיווק בעמ,,,יח`,1,,false,1,41.90,41.90,false,1,
7290000201832,false,חיתולי פרימיום שלב 3 טיטולים) (50,קימברלי קלארק ישראל שיווק בעמ,,,יח`,1,,false,1,39.90,39.90,true,1,
7290000204086,false,כריות קרצוף סקוטש ניקול) (3,קימברלי קלארק ישראל שיווק בעמ,,,יח`,3,יח`,false,1,12.90,4.30,true,1,
7290000204147,false,כרית יפנית רביעייה ניקול,קימברלי קלארק ישראל שיווק בעמ,,,יח`,4,יח`,false,1,12.90,3.23,true,1,
7290000204215,false,כריות יפניות ניקול) (6,קימברלי קלארק ישראל שיווק בעמ,,,יח`,600,גרם,false,1,12.90,2.15,true,1,
7290000204239,false,ניקול מטליות רצפה רביעיה,קימברלי קלארק ישראל שיווק בעמ,,,יח`,4,יח`,false,1,13.90,3.48,true,1,
7290000204253,false,מטליות רב שימושיות לניקיון ניקול) (9,קימברלי קלארק ישראל שיווק בעמ,,,יח`,9,יח`,false,1,12.90,1.43,true,1,
7290000204512,false,מטליות לחות לרצפה בריח לימון 10 יח,קימברלי קלארק ישראל שיווק בעמ,,,יח`,1,,false,1,14.90,14.90,true,1,
7290000207162,false,רוטב עגבניות 22% יכין (100 גרם),זנלכל בעמ,,,יח`,100,גרם,false,1,2.50,2.50,true,1,
7290000207438,false,עגבניות מקולפות חתוכות לקוביות,זנלכל בעמ,,,יח`,800,גרם,false,1,9.90,1.24,false,1,
7290000208022,false,עגבניות מרוסקות יכין (800 גרם),זנלכל בעמ,,,יח`,800,גרם,false,1,9.90,1.24,false,1,
7290000208077,false,אפונת גינה גדולה יכין (550 גרם),זנלכל בעמ,,,יח`,550,גרם,false,1,8.50,1.55,true,1,
7290000208114,false,אפונת גינה וגזר יכין (550 גרם),זנלכל בעמ,,,יח`,550,גרם,false,1,8.50,1.55,true,1,
7290000208213,false,שעועית לבנה ברוטב עגבניות יכין (580 גרם),זנלכל בעמ,,,יח`,580,גרם,false,1,9.50,1.64,true,1,
7290000208329,false,גרעיני תירס מתוק יכין (550 גרם),זנלכל בעמ,,,יח`,550,גרם,false,1,8.50,1.55,true,1,
7290000208336,false,רוטב עגבניות 22% יכין (240 גרם),זנלכל בעמ,,,יח`,240,גרם,false,1,4.50,1.88,true,1,
7290000208343,false,עגבניות מרוסקות עם שום יכין (800 גרם),זנלכל בעמ,,,יח`,800,גרם,false,1,9.90,1.24,false,1,
7290000208350,false,עגבניות מרוסקות עם בצל יכין (800 גרם),זנלכל בעמ,,,יח`,800,גרם,false,1,9.90,1.24,false,1,
7290000208367,false,עגבניות מרוסקות בזיליקום (800 גרם),זנלכל בעמ,,,יח`,800,גרם,false,1,9.90,1.24,false,1,
7290000208428,false,חומוס שלם יכין (550 גרם),זנלכל בעמ,,,יח`,550,גרם,false,1,9.50,1.73,true,1,
7290000208459,false,ירקות מעורבים יכין (550 גרם),זנלכל בעמ,,,יח`,550,גרם,false,1,9.90,1.80,false,1,
7290000209012,false,חומץ 5% יכין (1 ליטר),זנלכל בעמ,,,יח`,1,1 ליטר,false,1,6.90,6.90,true,1,
7290000209043,false,מיץ לימון משומר לתיבול יכין (1 ליטר),זנלכל בעמ,,,יח`,1,1 ליטר,false,1,7.50,7.50,true,1,
7290000209371,false,מארז גרעיני תירס מתוק יכין (200x3 גרם),זנלכל בעמ,,,יח`,600,גרם,false,1,14.90,2.48,false,1,
7290000209524,false,סירופ דיאט בטעם פטל יכין (1 ליטר),זנלכל בעמ,,,יח`,1000,"מ""ל",false,1,16.90,1.69,false,1,
7290000209722,false,רוטב עגבניות 28% יכין (580 גרם)פריכוז,זנלכל בעמ,,,יח`,580,גרם,false,1,10.90,1.88,false,1,
7290000209944,false,רוטב מתובל לשקשוקה יכין (240 גרם),זנלכל בעמ,,,יח`,240,גרם,false,1,5.50,2.29,false,1,
7290000209951,false,רוטב לפיצה יכין (240 גרם),זנלכל בעמ,,,יח`,240,גרם,false,1,5.50,2.29,false,1,
7290000210469,false,עגבניות שלמות מקולפות יכין (800 גרם),זנלכל בעמ,,,יח`,800,גרם,false,1,9.90,1.24,false,1,
7290000210896,false,רוטב בולונז יכין (240 גרם),זנלכל בעמ,,,יח`,240,גרם,false,1,5.90,2.46,false,1,
7290000211169,false,אורז בסגנון תאילנדי סוגת (1 קג),סוגת תעשיות בעמ,,,יח`,1,"ק""ג",false,1,6.90,6.90,true,1,
7290000211312,false,אורז מלא ארוך סוגת (1 קג),סוגת תעשיות בעמ,,,יח`,1,"ק""ג",false,1,7.90,7.90,false,1,
7290000211381,false,סוכר חום שקית 1 קג סוגת,סוגת תעשיות בעמ,,,יח`,1,"ק""ג",false,1,14.90,14.90,true,1,
7290000211442,false,אורז בסגנון פרסי קלאסי סוגת (1 קג),סוגת תעשיות בעמ,,,יח`,1,"ק""ג",false,1,10.90,10.90,false,1,
7290000211503,false,סוכר לבן סוגת (1 קג),סוגת תעשיות בעמ,,,יח`,1,"ק""ג",false,1,3.90,3.90,false,1,
7290000211985,false,אורז ריזוטו עגול סוגת (1 קג),סוגת תעשיות בעמ,,,יח`,1,"ק""ג",false,1,9.90,9.90,true,1,
7290000238029,false,בצק עלים מרודד מעדנות (1 קג),תנובה קפואים,,,יח`,1000,גרם,false,1,21.90,2.19,true,1,
7290000238036,false,מלווח מעדנות (6 יח`- 700 גרם),תנובה קפואים,,,יח`,700,גרם,false,1,16.90,2.41,true,1,
7290000238173,false,בורקס גבינה מעדנות,תנובה קפואים,,,יח`,800,גרם,false,1,20.90,2.61,true,1,
7290000238180,false,בורקס תפוא מעדנות,תנובה קפואים,,,יח`,800,גרם,false,1,19.90,2.49,true,1,
7290000240541,false,ריבועי בצק עלים מעדנות,תנובה קפואים,,,יח`,800,גרם,false,1,25,3.13,false,1,
7290000244143,false,קרם לאחר גילוח הוואי (120 מל),הנקל סוד בעמ,,,יח`,120,גרם,false,1,17.90,14.92,true,1,
7290000272696,false,מיץ לימון משומר עסיס (1 ליטר),קבוצת אסם סחר שות. מוגבלת,,,יח`,1,1 ליטר,false,1,9.90,9.90,false,1,
7290000272726,false,חומץ 5% עסיס (1 ליטר),קבוצת אסם סחר שות. מוגבלת,,,יח`,1,1 ליטר,false,1,7.90,7.90,false,1,
7290000287485,false,סנובון לאסלה לובר סנו (55x3 גרם),החברה הדרומית לשיווק בעמ,,,יח`,165,גרם,false,1,11.90,7.21,true,1,
7290000287621,false,אנטי קאלק לאסלה 750 מל,החברה הדרומית לשיווק בעמ,,,יח`,750,"מ""ל",false,1,11.90,1.59,true,1,
7290000288024,false,אקונומיקה ז`אוול לימון סנו (4 ליטר),החברה הדרומית לשיווק בעמ,,,יח`,4000,"מ""ל",false,1,16.90,0.42,false,1,
7290000288048,false,ז`אוול מרסס לניקוי כללי לבנדר סנו (1 ליט,החברה הדרומית לשיווק בעמ,,,יח`,1,1 ליטר,false,1,18.90,18.90,true,1,
7290000288109,false,סנו מקסימה 1.25 קג`,החברה הדרומית לשיווק בעמ,,,יח`,1.25,"ק""ג",false,1,13.90,11.12,true,1,
7290000289069,false,סנו ז`אוול מרסס 1 ליטר,החברה הדרומית לשיווק בעמ,,,יח`,1,1 ליטר,false,1,18.90,18.90,true,1,
7290000289496,false,קרם לניקוי כללי לימון סנו (750 מל),החברה הדרומית לשיווק בעמ,,,יח`,750,"מ""ל",false,1,10.90,1.45,false,1,
7290000289748,false,מסיר שומנים פורטה פלוס סנו (750 מל),החברה הדרומית לשיווק בעמ,,,יח`,750,"מ""ל",false,1,13.90,1.85,true,1,
7290000292687,false,סנובון לאסלה קלאסיק כחול סנו (55x3 גרם),החברה הדרומית לשיווק בעמ,,,יח`,165,גרם,false,1,17.90,10.85,true,1,
7290000292915,false,רסס ונגב לניקוי כללי תרסיס סנו (750 מל),החברה הדרומית לשיווק בעמ,,,יח`,750,"מ""ל",false,1,14.90,1.99,true,1,
7290000293561,false,מסיר עובש סנו (750 מל),החברה הדרומית לשיווק בעמ,,,יח`,750,"מ""ל",false,1,14.90,1.99,true,1,
7290000294780,false,אקונומיקה ז`אוול סמיכה סנו (4 ליטר),החברה הדרומית לשיווק בעמ,,,יח`,4000,"מ""ל",false,1,16.90,0.42,false,1,
7290000295336,false,סנו מקסימה 1.25 קג`,החברה הדרומית לשיווק בעמ,,,יח`,1.25,"ק""ג",false,1,13.90,11.12,true,1,
7290000295343,false,סנו מקסימה 1.25 קג`,החברה הדרומית לשיווק בעמ,,,יח`,1.25,"ק""ג",false,1,13.90,11.12,true,1,
7290000295503,false,שקיות סנדביצ`ים סנו סושי) (150x2,החברה הדרומית לשיווק בעמ,,,יח`,1,,false,1,14.90,14.90,false,1,
7290000295558,false,סושי רדיד אלומיניום צמד,החברה הדרומית לשיווק בעמ,,,יח`,1,,false,1,11.90,11.90,true,1,
7290000300900,false,טבעול-שניצל תירס 750 גרם,קבוצת אסם סחר שות. מוגבלת,,,יח`,750,גרם,false,1,24.90,3.32,false,1,
7290000303581,false,פול מצרי 560 גר`פרי גליל,ויטה -פרי גליל (החדשה) בעמ,,,יח`,560,גרם,false,1,6.90,1.23,false,1,
7290000305882,false,קוליאס 120גרם,סטארקיסט דיפלומט היינץ,,,יח`,120,גרם,false,1,5.90,4.92,false,1,
7290000307046,false,אפונה וגזר 550 גר`A2 פרי גליל,ויטה -פרי גליל (החדשה) בעמ,,,יח`,550,גרם,false,1,6.90,1.25,false,1,
7290000313160,false,חברים זהבה 3 דובים שוקו,קבוצת אסם סחר שות. מוגבלת,,,יח`,250,גרם,false,1,7.90,3.16,false,1,
7290000341071,false,בדין בייבי 2 ליטר,יוניליוור ישראל שיווק בעמ,,,יח`,2,1 ליטר,false,1,20.90,10.45,true,1,
7290000342832,false,מרכך כביסה צהוב בדין (4 ליטר),יוניליוור ישראל שיווק בעמ,,,יח`,4,1 ליטר,false,1,19.90,4.98,false,1,
7290000345284,false,תה קלאסיק ויסוצקי) (100,תה ויסוצקי (ישראל) בעמ,,,יח`,150,גרם,false,1,16.90,11.27,false,1,
7290000345307,false,תה ארל גריי ויסוצקי (50),תה ויסוצקי (ישראל) בעמ,,,יח`,75,גרם,false,1,27.90,37.20,true,1,
7290000346120,false,תה קסם הקינמון ויסוצקי הגן הקסום) (25,תה ויסוצקי (ישראל) בעמ,,,יח`,62.50,גרם,false,1,17.50,28,true,1,
7290000346168,false,תה שומר ויסוצקי הגן הקסום) (25,תה ויסוצקי (ישראל) בעמ,,,יח`,37.50,גרם,false,1,17.50,46.67,true,1,
7290000346199,false,תה פירות היער ויסוצקי הגן הקסום) (25,תה ויסוצקי (ישראל) בעמ,,,יח`,67.50,גרם,false,1,17.50,25.93,true,1,
7290000346229,false,הגן הקסום ורד הבר 25 שקיקים,תה ויסוצקי (ישראל) בעמ,,,יח`,75,גרם,false,1,17.50,23.33,true,1,
7290000347738,false,תה ירוק נענע ויסוצקי (25),תה ויסוצקי (ישראל) בעמ,,,יח`,37.50,גרם,false,1,24.90,66.40,true,1,
7290000347752,false,תה ירוק לימונית ולואיזה ויסוצקי (25),תה ויסוצקי (ישראל) בעמ,,,יח`,1,,false,1,24.90,24.90,true,1,
7290000377209,false,בוטנים מטוגנים קליית גת (200 גרם),ליימן שליסל בעמ,,,יח`,200,גרם,false,1,6.90,3.45,false,1,
7290000408354,false,דנונה בר פיצפוצים,שטראוס גרופ בעמ/מצונן,,,יח`,173,"מ""ל",false,1,4.40,2.54,false,1,
7290000412481,false,נוזל לניקוי אסלות 00 סנו (1 ליטר),החברה הדרומית לשיווק בעמ,,,יח`,1,1 ליטר,false,1,7.90,7.90,true,1,
7290000416021,false,ממרח בטעם שוקולד השחר העולה (500 גרם),השחר העולה תעשית ממתקים בעמ,,,יח`,500,גרם,false,1,13.90,2.78,true,1,
7290000416045,false,ממרח בטעם שוקולד השחר העולה (1 קג),השחר העולה תעשית ממתקים בעמ,,,יח`,1,"ק""ג",false,1,24.90,24.90,true,1,
7290000416618,false,ממרח 400 גר` פרווה השחר,השחר העולה תעשית ממתקים בעמ,,,יח`,400,גרם,false,1,11.90,2.98,true,1,
7290000416632,false,ממרח פרווה 1 קג` השחר,השחר העולה תעשית ממתקים בעמ,,,יח`,1,"ק""ג",false,1,24.90,24.90,true,1,
7290000419107,false,קפה שחור קפה לנדוור (100 גרם),ש.שסטוביץ בעמ,,,יח`,100,גרם,false,1,7.90,7.90,false,1,
7290000419220,false,קפה שחור קפה לנדוור (100x3 גרם),ש.שסטוביץ בעמ,,,יח`,300,גרם,false,1,18.90,6.30,false,1,
7290000419374,false,קפה לנדוור לבוקר שלישיה,ש.שסטוביץ בעמ,,,יח`,300,גרם,false,1,18.90,6.30,false,1,
7290000419909,false,קפה לנדוור אספרסו קפה טחון 100,ש.שסטוביץ בעמ,,,יח`,100,גרם,false,1,7.90,7.90,false,1,
7290000420325,false,פופקורן פופסטאר חמישייה טבעי,דנשר (1963) בעמ,,,יח`,500,גרם,false,1,16.90,3.38,true,1,
7290000420332,false,פופקורן פופסטאר חמישייה חמאה,דנשר (1963) בעמ,,,יח`,500,גרם,false,1,16.90,3.38,true,1,
7290000420417,false,גלילונית לפח 60 יח`,דנשר (1963) בעמ,,,יח`,1,,false,1,19.90,19.90,true,1,
7290000453019,false,שמרים טריים שמרית (50 גרם),שטראוס גרופ בעמ/מצונן,,,יח`,50,גרם,false,1,4.50,9,false,1,
7290000453415,false,בצק עלים מצונן ומוכן לאפייה 300 גר` שימר,שטראוס גרופ בעמ/מצונן,,,יח`,300,גרם,false,1,16.90,5.63,true,1,
7290000453866,false,נטורינה קוקוס 200 גר`שמרית,שטראוס גרופ בעמ/מצונן,,,יח`,200,גרם,false,1,7.40,3.70,false,1,
7290000461656,false,בייגלה אחד אחד 400 גר`,יוניליוור ישראל שיווק בעמ,,,יח`,400,גרם,false,1,10.90,2.73,true,1,
7290000462103,false,סחוג תימני,שטראוס גרופ בעמ/מצונן,,,יח`,150,גרם,false,1,7.90,5.27,false,1,
7290000474373,false,שמנת חמוצה 15% טרה (200 מל),החב` המרכזית - טרה,,,יח`,200,"מ""ל",false,1,2.40,1.20,false,1,
7290000474502,false,גבינה לבנה 5% 250 גר` פיקוח,החב` המרכזית - טרה,,,יח`,250,גרם,false,1,4.98,1.99,false,1,
7290000474540,false,גבינת טוב טעם,החב` המרכזית - טרה,,,יח`,250,גרם,false,1,11.50,4.60,false,1,
7290000480107,false,שיבולת שועל קוואקר (500 גרם),שטראוס פריטו ליי בעמ,,,יח`,500,גרם,false,1,11.90,2.38,false,1,
7290000481531,false,לחמניות חיטה מלאה דגנית עין בר) (10,דגנית עין בר תעשיות מזון ואפיה,,,יח`,750,גרם,false,1,12.90,1.72,false,1,
7290000481883,false,לחמניות אצבע דגנית עין בר) (10,דגנית עין בר תעשיות מזון ואפיה,,,יח`,750,גרם,false,1,12.90,1.72,false,1,
7290000484747,false,עלית הארק יקב הגליל (700 מל),יקב הגליל שיווק בעמ,,,יח`,700,"מ""ל",false,1,59.90,8.51,false,1,
7290000493183,false,רוטב פטריות אסם (30 גרם),קבוצת אסם סחר שות. מוגבלת,,,יח`,30,גרם,false,1,4.90,16.33,false,1,
7290000497044,false,לחם אקטיב ברמן (750 גרם),י.את א. ברמן בעמ,,,יח`,750,גרם,false,1,15.90,2.12,false,1,
7290000497112,false,לחם אחיד כהה פרוס ברמן (750 גרם)פי,י.את א. ברמן בעמ,,,יח`,750,גרם,false,1,6.90,0.92,false,1,
7290000497228,false,לחמניות שישייה,י.את א. ברמן בעמ,,,יח`,450,גרם,false,1,10.90,2.42,true,1,
7290000497303,false,לחמניות מקמח מלא ברמן (6),י.את א. ברמן בעמ,,,יח`,540,גרם,false,1,12.90,2.39,true,1,
7290000497426,false,לחם לענין פלוס ברמן,י.את א. ברמן בעמ,,,יח`,750,גרם,false,1,14.60,1.95,false,1,
7290000497532,false,לחם ברמן לעניין פרוס ברמן (750 גרם),י.את א. ברמן בעמ,,,יח`,750,גרם,false,1,14.50,1.93,false,1,
7290000497570,false,דגנים פלוס ברמן (500 גרם),י.את א. ברמן בעמ,,,יח`,500,גרם,false,1,14.50,2.90,false,1,
7290000498034,false,לחם מקמח כוסמין מלא 750 גר`E FREE,י.את א. ברמן בעמ,,,יח`,750,גרם,false,1,15.90,2.12,false,1,
7290000498393,false,חלה רגילה (500 גרם)פיקוח,י.את א. ברמן בעמ,,,יח`,500,גרם,false,1,4.90,0.98,false,1,
7290000504025,false,סוכרזית פטריה) (300,שטראוס גרופ בעמ,,,יח`,246,גרם,false,1,7.90,3.21,false,1,
7290000504049,false,סוכרזית קלאסי) (1200,שטראוס גרופ בעמ,,,יח`,984,גרם,false,1,21.90,2.23,false,1,
7290000504278,false,סוכרזית פטנט) (700,שטראוס גרופ בעמ,,,יח`,574,גרם,false,1,13.90,2.42,false,1,
7290000521008,false,יין אדום יבש של סגל (750 מל),טמפו משקאות בעמ,,,יח`,750,"מ""ל",false,1,21.90,2.88,true,1,
7290000523125,false,מלח ים יבש מלח הארץ (250 גרם),סוגת תעשיות בעמ,,,יח`,200,גרם,false,1,5.90,2.95,false,1,
7290000523224,false,מלח ים יבש מלח הארץ (500 גרם),סוגת תעשיות בעמ,,,יח`,500,גרם,false,1,7.90,1.58,false,1,
7290000523804,false,מלח עדין מלח הארץ (1 קג),סוגת תעשיות בעמ,,,יח`,1,"ק""ג",false,1,7.20,7.20,false,1,
7290000523811,false,מלח גס מלח הארץ (1 קג),סוגת תעשיות בעמ,,,יח`,1,"ק""ג",false,1,7.50,7.50,false,1,
7290000525969,false,מיץ תפוזים סחוט טבעי פרימור (1 ליטר),שטראוס גרופ בעמ/מצונן,,,יח`,1,1 ליטר,false,1,15.90,15.90,false,1,
7290000530116,false,נקניק סלמי בשן זוגלובק (470 גרם),זוגלובק שיווק בעמ,,,יח`,700,גרם,false,1,28.90,4.13,false,1,
7290000530291,false,נקניק מבשר הודו זוגלובק,זוגלובק שיווק בעמ,,,יח`,0,גרם,false,1,18.90,18.90,false,1,
7290000530413,false,המבורגר זהב,זוגלובק שיווק בעמ,,,יח`,400,גרם,false,1,19.90,4.98,false,1,
7290000530468,false,נקניקיות וניר 1 קג` זוגלובק,זוגלובק שיווק בעמ,,,יח`,1,"ק""ג",false,1,29.90,29.90,true,1,
7290000530598,false,נקניקיות וינר זוגלובק (500 גרם),זוגלובק שיווק בעמ,,,יח`,500,גרם,false,1,16.90,3.38,true,1,
7290000530703,false,מארז פסטרמה חרמון+תה,זוגלובק שיווק בעמ,,,יח`,800,גרם,false,1,33.90,4.24,true,1,
7290000537566,false,נקניקיות עוף זוגלובק (400 גרם),זוגלובק שיווק בעמ,,,יח`,400,גרם,false,1,13.90,3.48,true,1,
7290000537603,false,נקניקיות עוף זוגלובק (1 קג),זוגלובק שיווק בעמ,,,יח`,1,"ק""ג",false,1,29.90,29.90,true,1,
7290000538709,false,תה מעושן 200,זוגלובק שיווק בעמ,,,יח`,200,גרם,false,1,14.90,7.45,false,1,
7290000554457,false,גבינה צפתית 5% גד (350 גרם),מחלבות גד שיווק 1992 בעמ,,,יח`,350,גרם,false,1,19.90,5.69,false,1,
7290000554471,false,גבינה מוצרלה 22% גד (180 גרם),מחלבות גד שיווק 1992 בעמ,,,יח`,180,גרם,false,1,16.90,9.39,false,1,
7290000554532,false,גבינה צפתית מעודנת 5% גד (200 גרם),מחלבות גד שיווק 1992 בעמ,,,יח`,200,גרם,false,1,14.90,7.45,false,1,
7290000554686,false,לבנה בשמן זית-גד- מדף,מחלבות גד שיווק 1992 בעמ,,,יח`,250,גרם,false,1,13.90,5.56,false,1,
7290000554815,false,גבינת מוצרלה נקניק מעדנייה גד,מחלבות גד שיווק 1992 בעמ,,,"ק""ג",1000,גרם,true,1,80,8,false,1,
7290000574035,false,לחם אחיד פרוס דגנית עין בר (750 גרם),דגנית עין בר תעשיות מזון ואפיה,,,יח`,750,גרם,false,1,6.90,0.92,false,1,
7290000574141,false,לחם חיטה מלאה 750 גר`דגנית,דגנית עין בר תעשיות מזון ואפיה,,,יח`,750,גרם,false,1,14.90,1.99,false,1,
7290000574172,false,לחם קל חיטה מלאה 750 גר`דגנית,דגנית עין בר תעשיות מזון ואפיה,,,יח`,750,גרם,false,1,15.90,2.12,false,1,
7290000574455,false,לחם חיטה מלא+כוסמין דגנית,דגנית עין בר תעשיות מזון ואפיה,,,יח`,750,גרם,false,1,14.50,1.93,false,1,
7290000688084,false,מי עדן ספורט 1/2 ליטר,יפאורה,,,יח`,500,"מ""ל",false,1,2.50,0.44,false,1,
7290000688381,false,מים מינרלים פקק ספורט מי עדן (500x6 מל),יפאורה,,,יח`,3,1 ליטר,false,1,12.90,3.70,true,1,
7290001041635,false,פירורי לחם מוזהבים 200 גר`מיה,מיה תעשיות מזון מ.ת.מ. בעמ,,,יח`,200,גרם,false,1,4,2,true,1,
7290001045169,false,סחוט 1 ליטר פרימור,שטראוס גרופ בעמ/מצונן,,,יח`,1,1 ליטר,false,1,15.90,15.90,false,1,
7290001123775,false,שווארמה פרגיות 500 גר` טיבון ויל,נטו מלינדה סחר בעמ,,,יח`,500,גרם,false,1,28.90,5.78,true,1,
7290001123782,false,שווארמה אמיתית הודו טיבון ויל (500 גרם),נטו מלינדה סחר בעמ,,,יח`,500,גרם,false,1,28.90,5.78,true,1,
7290001124536,false,מג`יק טעם תירס,נטו מלינדה סחר בעמ,,,יח`,70,גרם,false,1,4.50,6.43,false,1,
7290001201510,false,ביצים ארוזות M מ. לסר) (30 פיקוח,מ לסר בעמ - חברה לשיווק ביצים,,,יח`,1,,false,1,27.87,27.87,false,1,
7290001201589,false,ביצים ארוזות L מ. לסר) (12 פיקוח,מ לסר בעמ - חברה לשיווק ביצים,,,יח`,1,,false,1,12.05,12.05,false,1,
7290001201596,false,ביצים 12 יחידות M פיקוח,מ לסר בעמ - חברה לשיווק ביצים,,,יח`,1,,false,1,11.15,11.15,false,1,
7290001216057,false,טחינה אל ארז 1 קג,סוגת תעשיות בעמ,,,יח`,1,"ק""ג",false,1,30.90,30.90,true,1,
7290001216231,false,טחינה משומשום מלא אל ארז (500 גרם),סוגת תעשיות בעמ,,,יח`,500,גרם,false,1,16.90,3.38,false,1,
7290001245705,false,אקונומיקה מבושמת 4 ליטר טאצ`,סאסאטק אגשח בעמ,,,יח`,4,1 ליטר,false,1,9.90,2.48,false,1,
7290001245736,false,ג`ל כביסה כחול 3 ליטר טאצ`,סאסאטק אגשח בעמ,,,יח`,3,1 ליטר,false,1,17.90,5.97,false,1,
7290001245835,false,נוזל רצפות אורנים 4 ליטר טאצ,סאסאטק אגשח בעמ,,,יח`,4,1 ליטר,false,1,13.90,3.48,false,1,
7290001245842,false,נוזל רצפות מאסק 4 ליטר טאצ,סאסאטק אגשח בעמ,,,יח`,4,1 ליטר,false,1,13.90,3.48,false,1,
7290001245897,false,נוזל רצפות יסמין 4 ליטר טאצ`,סאסאטק אגשח בעמ,,,יח`,4,1 ליטר,false,1,13.90,3.48,false,1,
7290001245958,false,מרכך כביסה 4 ליטר ורוד,סאסאטק אגשח בעמ,,,יח`,4,1 ליטר,false,1,13.90,3.48,false,1,
7290001245965,false,מרכך כביסה 4 ליטר כחול,סאסאטק אגשח בעמ,,,יח`,4,1 ליטר,false,1,13.90,3.48,false,1,
7290001245972,false,מרכך כביסה 4 ליטר לבן,סאסאטק אגשח בעמ,,,יח`,4,1 ליטר,false,1,13.90,3.48,false,1,
7290001246061,false,מרכך מרוכז פרימיום פנטזי( 1 ליטר)טאצ`,סאסאטק אגשח בעמ,,,יח`,1,1 ליטר,false,1,10.90,10.90,false,1,
7290001246078,false,מרכך מרוכך פרפיום סנשואל( 1 ליטר)טאצ`,סאסאטק אגשח בעמ,,,יח`,1,1 ליטר,false,1,10.90,10.90,false,1,
7290001246085,false,נוזל לניקוי חלונות 1 ליטר טאצ,סאסאטק אגשח בעמ,,,יח`,1000,"מ""ל",false,1,5.90,0.59,false,1,
7290001246108,false,תרסיס מסיר אבנית 750 מל טאצ`,סאסאטק אגשח בעמ,,,יח`,750,"מ""ל",false,1,11.90,1.59,false,1,
7290001246122,false,תרסיס ניקוי כללי 750 מל+אקונומיקה טאצ`,סאסאטק אגשח בעמ,,,יח`,750,"מ""ל",false,1,11.90,1.59,false,1,
7290001246474,false,תרסיס ניקוי שטיחים 600 מל טא`צ,סאסאטק אגשח בעמ,,,יח`,600,"מ""ל",false,1,14.90,2.48,false,1,
7290001247082,false,נקטר עגבניות ספרינג( 1 ליטר),יפאורה,,,יח`,1,1 ליטר,false,1,6.90,6.90,false,1,
7290001247099,false,נקטר מנגו ספרינג (1 ליטר),יפאורה,,,יח`,1,1 ליטר,false,1,6.90,6.90,false,1,
7290001247105,false,נקטר אפרסקים ספרינג (1 ליטר),יפאורה,,,יח`,1,1 ליטר,false,1,6.90,6.90,false,1,
7290001247112,false,נקטר לימונענע ספרינג( 1 ליטר),יפאורה,,,יח`,1,1 ליטר,false,1,6.90,6.90,false,1,
7290001247129,false,נקטר תפוזים ספרינג (1 ליטר),יפאורה,,,יח`,1,1 ליטר,false,1,6.90,6.90,false,1,
7290001247143,false,נקטר תפוחים ספרינג (1 ליטר),יפאורה,,,יח`,1,1 ליטר,false,1,6.90,6.90,false,1,
7290001327180,false,שטראוס קרמיסימו,גלידות שטראוס בעמ,,,יח`,1.33,1 ליטר,false,1,19.90,14.96,true,1,
7290001327197,false,שטראוס קרמיסימו שוקולד וניל,גלידות שטראוס בעמ,,,יח`,1.33,1 ליטר,false,1,19.90,14.96,true,1,
7290001327791,false,שטראוס קרמיסימו,גלידות שטראוס בעמ,,,יח`,1.33,1 ליטר,false,1,19.90,14.96,true,1,
7290001343845,false,גרנולה עם תוספות 1 קג,דין שיווק וקליה 2021 בעמ,,,יח`,1,"ק""ג",false,1,19.90,19.90,false,1,
7290001407547,false,טחינה בארכה שומשום מלא פי 6 סידן,קבוצת אסם סחר שות. מוגבלת,,,יח`,500,גרם,false,1,12.90,2.58,false,1,
7290001407813,false,חלבה בארכה שאמית+פיסטוק 350 גר`,קבוצת אסם סחר שות. מוגבלת,,,יח`,350,גרם,false,1,14.90,4.26,false,1,
7290001462010,false,אריסה מרוקאית תבליני ביטון יוחאי.,נטו מלינדה סחר בעמ,,,יח`,250,גרם,false,1,13.90,5.56,true,1,
7290001485019,false,גבינת שמנת 200 גר`9%,החב` המרכזית - טרה,,,יח`,200,גרם,false,1,11.90,5.95,false,1,
7290001491010,false,תה ירוק יסמין ויסוצקי (25),תה ויסוצקי (ישראל) בעמ,,,יח`,37.50,גרם,false,1,24.90,66.40,true,1,
7290001491096,false,תה ירוק לימונית ולואיזה ויסוצקי (50),תה ויסוצקי (ישראל) בעמ,,,יח`,75,גרם,false,1,44.90,59.87,true,1,
7290001594858,false,מארז שישייה בירה טובורג רד (330x6 מל),החברה המרכזית להפצת משקאות בעמ,,,יח`,1.98,1 ליטר,false,1,41.90,20.25,true,1,
7290001670057,false,כפיות לבן 100 יח`הנמל,הנמל אריזות ושיווק (1984) בעמ,,,יח`,1,,false,1,11.90,11.90,true,1,
7290001670064,false,סכינים לבן 100 יח`הנמל,הנמל אריזות ושיווק (1984) בעמ,,,יח`,1,,false,1,11.90,11.90,true,1,
7290001670255,false,כוסות קרטון 8B 50 יח`הנמל,הנמל אריזות ושיווק (1984) בעמ,,,יח`,1,,false,1,10.90,10.90,true,1,
7290001670514,false,מלית אוכמניות הנמל,הנמל אריזות ושיווק (1984) בעמ,,,יח`,400,גרם,false,1,13.90,3.48,true,1,
7290001670668,false,שקיות להכנת קוביות קרח הנמל,הנמל אריזות ושיווק (1984) בעמ,,,יח`,1,,false,1,4.90,4.90,false,1,
7290001670873,false,צלחות 1 קג`הנמל,הנמל אריזות ושיווק (1984) בעמ,,,יח`,1,,false,1,39.90,39.90,false,1,
7290001710159,false,גולש עגל 800 גרם .,לאטי עזרא בעמ,,,יח`,800,גרם,false,1,35.90,4.49,false,1,
7290001881040,false,מלפפון ביביי כבוש במלח 600 גר`מאמא מרי,מאמא - מרי בעמ,,,יח`,600,גרם,false,1,18.90,3.15,false,1,
7290001881873,false,כרוב כבוש עם חמוציות 750 גר`מאמא מרי,מאמא - מרי בעמ,,,יח`,750,גרם,false,1,17.90,2.39,true,1,
7290001973233,false,מגבונים קמיל בלו מילוי+דיספנסר 120 יח,פישר תעשיות פרמצבטיות בעמ,,,יח`,120,יח`,false,1,10.90,0.09,false,1,
7290001990148,false,סוכר גולדן קלאסי סוגת (1 קג),סוגת תעשיות בעמ,,,יח`,1,"ק""ג",false,1,13.90,13.90,true,1,
7290002007890,false,כוסות 100 יח`200 PP הנמל,הנמל אריזות ושיווק (1984) בעמ,,,יח`,100,יח`,false,1,9.90,0.10,false,1,
7290002007999,false,צלחות גדול 50 יח` הנמל,הנמל אריזות ושיווק (1984) בעמ,,,יח`,1,,false,1,15.90,15.90,true,1,
7290002008507,false,נייר אפיה הנמל 50 יח`,הנמל אריזות ושיווק (1984) בעמ,,,יח`,1,,false,1,8.90,8.90,true,1,
7290002008651,false,קמח תפוא 500 גר`הנמל,הנמל אריזות ושיווק (1984) בעמ,,,יח`,500,גרם,false,1,6.90,1.38,true,1,
7290002019787,false,רוטב עגבניות מרוכז עגבניות 22% 260 גר` פ,אבאל יזמות בעמ,,,יח`,260,גרם,false,1,3.90,1.50,true,1,
7290002040064,false,קוסקוס דק מזון קוסקוס (350 גרם),הנמל אריזות ושיווק (1984) בעמ,,,יח`,350,גרם,false,1,5.90,1.69,false,1,
7290002040071,false,קוסקוס עבה מזון קוסקוס (350 גרם),הנמל אריזות ושיווק (1984) בעמ,,,יח`,350,גרם,false,1,5.90,1.69,false,1,
7290002107071,false,בולגרית עיזים מעודנת 16% 200 גר`,החב` המרכזית - טרה,,,יח`,200,גרם,false,1,26.20,13.10,false,1,
7290002128311,false,נר נשמה בכוס זכוכית שבועי מנורה שי נר,אבאל יזמות בעמ,,,יח`,1,,false,1,9.90,9.90,false,1,
7290002129479,false,פיצה איטלקית דקה שלושת האופים 320 גר,נטו מלינדה סחר בעמ,,,יח`,320,גרם,false,1,13.90,4.34,true,1,
7290002129486,false,פיצה איטלקית דקה 340 גר` שלושת האופים,נטו מלינדה סחר בעמ,,,יח`,340,גרם,false,1,14.90,4.38,true,1,
7290002130567,false,דבש טהור מפרחי בר יד מרדכי (350 גרם),שטראוס גרופ בעמ,,,יח`,350,גרם,false,1,16.90,4.83,false,1,
7290002130574,false,דבש דבורים טהור 500גר,שטראוס גרופ בעמ,,,יח`,500,גרם,false,1,24.90,4.98,false,1,
7290002130581,false,דבש טהור מפרחי בר יד מרדכי (1 קג),שטראוס גרופ בעמ,,,יח`,1,"ק""ג",false,1,42.90,42.90,false,1,
7290002132011,false,עוגיות מזרחיות עם שומשום עבאדי (400 גר),תה ויסוצקי (ישראל) בעמ,,,יח`,400,גרם,false,1,16.90,4.23,true,1,
7290002317081,false,זית חרוזית A2 מוטולה,אבאל יזמות בעמ,,,יח`,560,גרם,false,1,9.90,1.77,true,1,
7290002317265,false,מלפפון במלח 7-9 מוטולה,אבאל יזמות בעמ,,,יח`,560,גרם,false,1,7.90,1.41,true,1,
7290002317289,false,חצילים A2 מוטולה,אבאל יזמות בעמ,,,יח`,560,גרם,false,1,8.90,1.59,true,1,
7290002317296,false,פלפל שיפקה A2 מוטולה,אבאל יזמות בעמ,,,יח`,540,גרם,false,1,8.90,1.65,true,1,
7290002317319,false,מלפפון בחומץ 7-9 מוטולה,אבאל יזמות בעמ,,,יח`,348,גרם,false,1,7.90,2.27,true,1,
7290002317357,false,פלפל שיפקה חריף צנצנת זכוכית מוטולה,אבאל יזמות בעמ,,,יח`,550,גרם,false,1,8.90,1.62,true,1,
7290002317609,false,כרוב כבוש מוטולה,אבאל יזמות בעמ,,,יח`,560,גרם,false,1,8.90,1.59,true,1,
7290002317852,false,מלפפון ביתי בצנצנת מוטולה (900גר`),אבאל יזמות בעמ,,,יח`,900,גרם,false,1,29.90,3.32,false,1,
7290002319016,false,אבקת אפיה מיה (10x10 גרם),מיה תעשיות מזון מ.ת.מ. בעמ,,,יח`,100,גרם,false,1,2.90,2.90,true,1,
7290002319023,false,סוכר ווניל עשירייה,מיה תעשיות מזון מ.ת.מ. בעמ,,,יח`,100,גרם,false,1,2.90,2.90,true,1,
7290002319061,false,קוקוס טחון מיה (100 גרם),מיה תעשיות מזון מ.ת.מ. בעמ,,,יח`,100,גרם,false,1,2.90,2.90,false,1,
7290002319078,false,שומשום 100 גר`,מיה תעשיות מזון מ.ת.מ. בעמ,,,יח`,100,גרם,false,1,2.90,2.90,false,1,
7290002319207,false,כוסמת מיה (500 גרם),מיה תעשיות מזון מ.ת.מ. בעמ,,,יח`,500,גרם,false,1,8,1.60,true,1,
7290002319375,false,קורנפלור 200 גר`,מיה תעשיות מזון מ.ת.מ. בעמ,,,יח`,200,גרם,false,1,5,2.50,false,1,
7290002319771,false,תמצית אפיה בטעם וניל מיה (50 מל),מיה תעשיות מזון מ.ת.מ. בעמ,,,יח`,50,"מ""ל",false,1,3.90,7.80,false,1,
7290002319788,false,תמצית אפיה בטעם רום כשלפ בדצ העדח,מיה תעשיות מזון מ.ת.מ. בעמ,,,יח`,60,"מ""ל",false,1,3.90,6.50,false,1,
7290002319825,false,אבקת סוכר 100 גר`,מיה תעשיות מזון מ.ת.מ. בעמ,,,יח`,100,גרם,false,1,2.50,2.50,true,1,
7290002327073,false,בורקס גבינה שלושת האופים,נטו מלינדה סחר בעמ,,,יח`,800,גרם,false,1,19.90,2.49,true,1,
7290002331025,false,נביעות 500 תו-גוווו,החברה המרכזית להפצת משקאות בעמ,,,יח`,500,"מ""ל",false,1,3.30,0.60,false,1,
7290002331360,false,נביעות שישיה 0.500 טו גוווווו,החברה המרכזית להפצת משקאות בעמ,,,יח`,3,1 ליטר,false,1,15.70,4.63,true,1,
7290002345015,false,דק דק סינטה אל גאוצו,נטו מלינדה סחר בעמ,,,יח`,250,גרם,false,1,24.90,9.96,true,1,
7290002374312,false,שמן קנולה מזוכך 6% מילומור (1 ליטר),סוגת תעשיות בעמ,,,יח`,1,1 ליטר,false,1,10.90,10.90,false,1,
7290002374640,false,שמן קנולה פלוס אומגה 3 עץ הזית (1 ליטר),סוגת תעשיות בעמ,,,יח`,1,1 ליטר,false,1,16.90,16.90,false,1,
7290002407348,false,שמן זית ג`השאן כתית מעולה 750 מל`,אבאל יזמות בעמ,,,יח`,750,"מ""ל",false,1,34.90,4.65,true,1,
7290002407645,false,שמן זית כתית מעולה ( 750 מל) ארץ הגליל,אבאל יזמות בעמ,,,יח`,750,"מ""ל",false,1,29.90,3.99,true,1,
7290002512004,false,מלווח צנעני (900 גרם),צנעני מוצרי בצק בעמ,,,יח`,900,גרם,false,1,19.90,2.21,false,1,
7290002512257,false,מלווח מופחת שומן,צנעני מוצרי בצק בעמ,,,יח`,700,גרם,false,1,17.90,2.56,true,1,
7290002515371,false,קמיל בלו משפחתי קלאסיק,פישר תעשיות פרמצבטיות בעמ,,,יח`,1,1 ליטר,false,1,30.90,30.90,true,1,
7290002517337,false,אורגנו עלים 20 גר`,תבליני טעם וריח בעמ,,,יח`,20,גרם,false,1,6.90,34.50,false,1,
7290002542780,false,בירה סטלה ארטואה 330 מל בקבוק שישייה,תימקו בירה בעמ,,,יח`,1.98,1 ליטר,false,1,34.90,16.72,true,1,
7290002627098,false,פיצה ביס 350 גר` שלושת האופים 12 יח,נטו מלינדה סחר בעמ,,,יח`,350,גרם,false,1,15.90,4.54,true,1,
7290002627210,false,גפילטע פיש מדגי קרפיון וכסיף בעלז 560 ג,נטו מלינדה סחר בעמ,,,יח`,560,גרם,false,1,9.90,1.77,false,1,
7290002661153,false,לחם דני קל פרוס ברמן (1 קג),י.את א. ברמן בעמ,,,יח`,1000,גרם,false,1,15.90,1.59,false,1,
7290002692393,false,שמן קנולה מזוכך מועשר עץ הזית (1 ליטר),סוגת תעשיות בעמ,,,יח`,1,1 ליטר,false,1,15.90,15.90,true,1,
7290002715504,false,ארוחת נודלס בטעם עוף מג`יק (70 גרם),נטו מלינדה סחר בעמ,,,יח`,70,גרם,false,1,4.50,6.43,false,1,
7290002715511,false,ארוחת נודלס בטעם בשר מג`יק (70 גרם),נטו מלינדה סחר בעמ,,,יח`,70,גרם,false,1,4.50,6.43,false,1,
7290002715528,false,ארוחת נודלס בטעם ירקות מג`יק (70 גרם),נטו מלינדה סחר בעמ,,,יח`,70,גרם,false,1,4.50,6.43,false,1,
7290002715580,false,מג`יק טעם סיני,נטו מלינדה סחר בעמ,,,יח`,70,גרם,false,1,4.50,6.43,false,1,
7290002730941,false,צמר גפן פרוס בלונס (100 גרם),ש.שסטוביץ בעמ,,,יח`,100,גרם,false,1,6.90,6.90,false,1,
7290002735113,false,בורקס גבינה ינון 800 גר`,קפוא-זן תעשיות מזון בעמ - תפוג,,,יח`,800,גרם,false,1,16.90,2.11,false,1,
7290002752349,false,מנטוס גליל טעם מנטה (37.5 גרם),ליימן שליסל בעמ,,,יח`,37.50,גרם,false,1,3.90,10.40,true,1,
7290002753995,false,ערכת קישוטי עוגה דקו 150 גר,ליימן שליסל בעמ,,,יח`,150,גרם,false,1,17.90,11.93,true,1,
7290002757139,false,מלוואח 700 גר`שלושת האופים,נטו מלינדה סחר בעמ,,,יח`,700,גרם,false,1,15.90,2.27,true,1,
7290002824640,false,קרם גבינה 5% סקי (250 גרם),שטראוס גרופ בעמ/מצונן,,,יח`,250,גרם,false,1,4.97,1.99,false,1,
7290002825722,false,כרוב אדום במיונז אחלה (500 גרם),שטראוס גרופ בעמ/מצונן,,,יח`,575,גרם,false,1,14.90,2.59,true,1,
7290002842002,false,פתיתי שיבולת שועל 500 גר`מורנפלייק,ליימן שליסל בעמ,,,יח`,500,גרם,false,1,9.90,1.98,false,1,
7290002868996,false,קוטג` 5% מועשר 250 גר`,החב` המרכזית - טרה,,,יח`,250,גרם,false,1,5.60,2.24,false,1,
7290002971986,false,קמח שיפון ללא צורך בניפוי שטיבל,אבאל יזמות בעמ,,,יח`,1,"ק""ג",false,1,8.50,8.50,true,1,
7290002972365,false,קמח תופח ללא צורך בניפוי 1 קג שטיבל,אבאל יזמות בעמ,,,יח`,1,"ק""ג",false,1,8.50,8.50,true,1,
7290002973812,false,קמח כוסמין (80% 1 קג)ללא צורך בניפוי ש,אבאל יזמות בעמ,,,יח`,1000,גרם,false,1,14.90,1.49,false,1,
7290002974222,false,קמח עוגיות ללא צורך בניפוי 1 קג שטיבל,אבאל יזמות בעמ,,,יח`,1,"ק""ג",false,1,8.50,8.50,true,1,
7290002974239,false,קמח עוגות 1 קג שטיבל,אבאל יזמות בעמ,,,יח`,1,"ק""ג",false,1,8.50,8.50,true,1,
7290002974314,false,קמח פיצה 1 קג שטיבל,אבאל יזמות בעמ,,,יח`,1,"ק""ג",false,1,10.90,10.90,false,1,
7290003009312,false,בוטן קלוי קליית גת (200 גרם),ליימן שליסל בעמ,,,יח`,200,גרם,false,1,6.90,3.45,true,1,
7290003009329,false,בוטנים אמריקאיים קליית גת (200 גרם),ליימן שליסל בעמ,,,יח`,200,גרם,false,1,5.90,2.95,true,1,
7290003009336,false,קבוקים קליית גת (200 גרם),ליימן שליסל בעמ,,,יח`,200,גרם,false,1,5.90,2.95,true,1,
7290003015634,false,ריצפז פרש 2 ליטר פסיפלורה,החברה הדרומית לשיווק בעמ,,,יח`,2,1 ליטר,false,1,19.90,9.95,true,1,
7290003015641,false,ריצפז פרש 2 ליטר יסמין,החברה הדרומית לשיווק בעמ,,,יח`,2,1 ליטר,false,1,19.90,9.95,true,1,
7290003029181,false,שוקו 2% בבקבוק יטבתה (1 ליטר),שטראוס גרופ בעמ/מצונן,,,יח`,1,1 ליטר,false,1,11.90,11.90,false,1,
7290003029433,false,שוקו 2% עם פקק ספורט יטבתה (250 מל),שטראוס גרופ בעמ/מצונן,,,יח`,250,"מ""ל",false,1,5.50,2.20,false,1,
7290003029815,false,חלב מועשר 3% בכד יטבתה 2 ליטר,שטראוס גרופ בעמ/מצונן,,,יח`,2000,"מ""ל",false,1,14.90,0.75,false,1,
7290003029907,false,משקה חלב אייס קפה 2% יטבתה (1 ליטר,שטראוס גרופ בעמ/מצונן,,,יח`,1,1 ליטר,false,1,11.90,11.90,false,1,
7290003054657,false,חרדל דיז`ון ריין דה דיז`ון (370 גרם),דיפלומט היינץ,,,יח`,370,גרם,false,1,11.90,3.22,false,1,
7290003072972,false,קבנוס בתיבול שום 120 גר` טירת צבי,תנובה קפואים,,,יח`,120,גרם,false,1,11.90,9.92,true,1,
7290003107216,false,קמח לבן בהיר 1 קג דגן מוביל,טחנות קמח דגן (2006) בעמ,,,יח`,1000,גרם,false,1,6.60,0.66,false,1,
7290003107223,false,סולת 1 קג דגן מוביל,טחנות קמח דגן (2006) בעמ,,,יח`,1,"ק""ג",false,1,6.30,6.30,false,1,
7290003107353,false,משפר אפייה ביתי (10*3 גר`)שטיבל,אבאל יזמות בעמ,,,יח`,30,גרם,false,1,5.90,19.67,true,1,
7290003121083,false,ארוחת נודלס בטעם בשר מג`יק (85 גרם),נטו מלינדה סחר בעמ,,,יח`,85,גרם,false,1,3.30,3.88,true,1,
7290003121090,false,ארוחת נודלס בטעם ירקות מג`יק (85 גרם),נטו מלינדה סחר בעמ,,,יח`,85,גרם,false,1,3.30,3.88,true,1,
7290003121106,false,ארוחת נודלס בטעם עוף מג`יק (85 גרם),נטו מלינדה סחר בעמ,,,יח`,85,גרם,false,1,3.30,3.88,true,1,
7290003126958,false,טופו משק צוריאל (300 גרם),החב` המרכזית - טרה,,,יח`,300,גרם,false,1,12.40,4.13,true,1,
7290003141159,false,חטיפי מרשמלו יוגטה (180 גרם),ליימן שליסל בעמ,,,יח`,180,גרם,false,1,8.90,4.94,true,1,
7290003143146,false,ממרח תמרים קליית גת (450 גרם),ליימן שליסל בעמ,,,יח`,450,גרם,false,1,6.90,1.53,true,1,
7290003143276,false,מרשמלו מגולגל יוגטה (180 גרם),ליימן שליסל בעמ,,,יח`,180,גרם,false,1,8.90,4.94,true,1,
7290003144310,false,תערובת אגוזים וחמוציות150 גר`,ליימן שליסל בעמ,,,יח`,150,גרם,false,1,15.90,10.60,true,1,
7290003145751,false,אגוזי קשיו קלויים קליית גת (200 גרם),ליימן שליסל בעמ,,,יח`,200,גרם,false,1,14.90,7.45,true,1,
7290003145959,false,פקאן טבעי 150 גר,ליימן שליסל בעמ,,,יח`,150,גרם,false,1,19.90,13.27,false,1,
7290003224128,false,כיסוני תפוא 800 גר`קפוא מאמא מרי,מאמא - מרי בעמ,,,יח`,800,גרם,false,1,16.90,2.11,false,1,
7290003224265,false,כיסונים עם בשר בקר 800 גר`מאמא מרי,מאמא - מרי בעמ,,,יח`,800,גרם,false,1,28.90,3.61,false,1,
7290003224272,false,כיסונים בשר מוסקובסקי 1 קג`קפוא מאמא מר,מאמא - מרי בעמ,,,יח`,1,"ק""ג",false,1,27.90,27.90,true,1,
7290003224456,false,כיסונים בשר סיבירסקי 1 קג`מאמא מרי,מאמא - מרי בעמ,,,יח`,1,"ק""ג",false,1,27.90,27.90,true,1,
7290003224463,false,כיסונים בשר אוראינסקי 1 קג`מאמא מרי,מאמא - מרי בעמ,,,יח`,1,"ק""ג",false,1,27.90,27.90,false,1,
7290003224487,false,כיסונים בשר 1 קג`מאמא מרי,מאמא - מרי בעמ,,,יח`,1,"ק""ג",false,1,27.90,27.90,false,1,
7290003224579,false,כיסונים במילוי בשר 1.5 קג`XXL מאמא מרי,מאמא - מרי בעמ,,,יח`,1.50,"ק""ג",false,1,38.90,25.93,false,1,
7290003268252,false,לחם חיטה מלא לילדים דגנית,דגנית עין בר תעשיות מזון ואפיה,,,יח`,750,גרם,false,1,14.50,1.93,false,1,
7290003321155,false,דנונה פרי בר פקאן,שטראוס גרופ בעמ/מצונן,,,יח`,175,"מ""ל",false,1,4.40,2.51,false,1,
7290003411696,false,מרקיות לבן 25 יח`הנמל,הנמל אריזות ושיווק (1984) בעמ,,,יח`,25,יח`,false,1,9.90,0.40,true,1,
7290003411726,false,קיסמים הנמל) (300,הנמל אריזות ושיווק (1984) בעמ,,,יח`,1,,false,1,4.90,4.90,false,1,
7290003411993,false,גפרורים,הנמל אריזות ושיווק (1984) בעמ,,,יח`,1,,false,1,2.90,2.90,false,1,
7290003427154,false,שמן זית כתית מעולה 750 מל זיתא,תה ויסוצקי (ישראל) בעמ,,,יח`,750,"מ""ל",false,1,27.90,3.72,false,1,
7290003438013,false,אוליביה ממרח זיתים ירוקים (190 גרם),תה ויסוצקי (ישראל) בעמ,,,יח`,190,גרם,false,1,13.90,7.32,true,1,
7290003450602,false,חרדל היינץ (255 גרם),דיפלומט היינץ,,,יח`,255,גרם,false,1,11.90,4.67,false,1,
7290003550753,false,נתחי טונה בהירה בשמן פוסידון (108x4 גרם),נטו מלינדה סחר בעמ,,,יח`,432,גרם,false,1,21.90,5.07,true,1,
7290003578061,false,לבבות דקל שלמים וילי פוד (400 גרם),ג.וילי-פוד אינטרנשיונל בעמ,,,יח`,400,גרם,false,1,12.90,3.23,false,1,
7290003578078,false,קוקטייל פירות 850 גר`,ג.וילי-פוד אינטרנשיונל בעמ,,,יח`,850,גרם,false,1,9.90,1.16,false,1,
7290003578313,false,דובדבן חמוץ ללא חרצן,ג.וילי-פוד אינטרנשיונל בעמ,,,יח`,720,גרם,false,1,8.90,1.24,true,1,
7290003643004,false,אורז בסמטי קלאסי סוגת (1 קג),סוגת תעשיות בעמ,,,יח`,1,"ק""ג",false,1,13.90,13.90,true,1,
7290003643646,false,סוכר דמררה סוגת 1 קג,סוגת תעשיות בעמ,,,יח`,1000,גרם,false,1,12.90,1.29,false,1,
7290003643684,false,אפונה סוגת (500 גרם),סוגת תעשיות בעמ,,,יח`,500,גרם,false,1,6.90,1.38,true,1,
7290003643707,false,גריסים סוגת (500 גרם),סוגת תעשיות בעמ,,,יח`,500,גרם,false,1,5.90,1.18,true,1,
7290003643714,false,חומוס סוגת (500 גרם),סוגת תעשיות בעמ,,,יח`,500,גרם,false,1,7.90,1.58,true,1,
7290003643738,false,חיטה סוגת (500 גרם),סוגת תעשיות בעמ,,,יח`,500,גרם,false,1,5.90,1.18,true,1,
7290003643745,false,כוסמת סוגת (500 גרם),סוגת תעשיות בעמ,,,יח`,500,גרם,false,1,7.90,1.58,true,1,
7290003643752,false,עדשים ירוקות סוגת (500 גרם),סוגת תעשיות בעמ,,,יח`,500,גרם,false,1,7.90,1.58,true,1,
7290003643769,false,עדשים אדומות סוגת (500 גרם),סוגת תעשיות בעמ,,,יח`,500,גרם,false,1,7.90,1.58,true,1,
7290003643776,false,פופקורן סוגת (500 גרם),סוגת תעשיות בעמ,,,יח`,500,גרם,false,1,6.90,1.38,true,1,
7290003643806,false,שעועית לבנה יבשה סוגת (500 גרם),סוגת תעשיות בעמ,,,יח`,500,גרם,false,1,12.90,2.58,true,1,
7290003681365,false,קישוט לעוגה 70 גר`צבעוני,מיה תעשיות מזון מ.ת.מ. בעמ,,,יח`,200,גרם,false,1,6.90,3.45,false,1,
7290003781065,false,קורנישונים כבושום בחומץ 680 גר`וילי פוד,ג.וילי-פוד אינטרנשיונל בעמ,,,יח`,690,גרם,false,1,9.90,1.43,false,1,
7290003804252,false,תיבוליות הודי קנור (8 יח`- 72 גרם),יוניליוור ישראל שיווק בעמ,,,יח`,80,גרם,false,1,9.90,12.38,true,1,
7290003804368,false,תיבוליות בזיליקום קנור (8 יח`- 72 גרם),יוניליוור ישראל שיווק בעמ,,,יח`,72,גרם,false,1,9.90,13.75,true,1,
7290003807178,false,רוטב סויה סגנון סיני קנור (300 מל),יוניליוור ישראל שיווק בעמ,,,יח`,300,"מ""ל",false,1,12.90,4.30,true,1,
7290003807482,false,רוטב טריאקי קנור (300 מל),יוניליוור ישראל שיווק בעמ,,,יח`,300,"מ""ל",false,1,12.90,4.30,true,1,
7290003864478,false,סרדינים בשמן צמחי וילי פוד (110 גרם),ג.וילי-פוד אינטרנשיונל בעמ,,,יח`,110,גרם,false,1,5.90,5.36,true,1,
7290003864485,false,סרדינים ברוטב עגבניות וילי פוד (110 גרם),ג.וילי-פוד אינטרנשיונל בעמ,,,יח`,110,גרם,false,1,5.90,5.36,true,1,
7290003864492,false,סרדין בשמן צמחי 110 גר`,ג.וילי-פוד אינטרנשיונל בעמ,,,יח`,110,גרם,false,1,5.90,5.36,true,1,
7290003882922,false,עלי גפן ממולאים באורז 400 גר`.,ג.וילי-פוד אינטרנשיונל בעמ,,,יח`,400,גרם,false,1,8.90,2.23,false,1,
7290003896141,false,אלמנדוס חטיף ספרדי,ליימן שליסל בעמ,,,יח`,200,גרם,false,1,8.90,4.45,true,1,
7290003903771,false,קפוצ ינו פחית 200 גר`,שטראוס גרופ בעמ,,,יח`,200,גרם,false,1,23.90,11.95,false,1,
7290003976560,false,מטהר אויר אוטומט( 250 מל)מיסטרי טאצ,סאסאטק אגשח בעמ,,,יח`,250,"מ""ל",false,1,12.90,5.16,false,1,
7290003976591,false,מטהר אויר אוטומט( 250 מל)לוטוס טאצ,סאסאטק אגשח בעמ,,,יח`,250,"מ""ל",false,1,12.90,5.16,false,1,
7290003989096,false,חצילים פיקנטי אחלה (500 גרם),שטראוס גרופ בעמ/מצונן,,,יח`,575,גרם,false,1,15.90,2.77,true,1,
7290003989539,false,רביולי עם גבינה שטראוס (400 גרם),שטראוס גרופ בעמ/מצונן,,,יח`,400,גרם,false,1,20.90,5.23,true,1,
7290003989553,false,טורטליני פטריות 400 גר` שטראוס,שטראוס גרופ בעמ/מצונן,,,יח`,400,גרם,false,1,20.90,5.23,true,1,
7290004011338,false,קצפת מתוקה מוכנה ספריי ריץ` (250 מל),נטו מלינדה סחר בעמ,,,יח`,250,"מ""ל",false,1,15.90,6.36,true,1,
7290004030100,false,מיץ תפוזים סחוט וולנסיה 1 ליטר,תנובה - פריניב,,,יח`,1,1 ליטר,false,1,16.90,16.90,false,1,
7290004030445,false,סחוט 1 ליטר תפוזים פרי ניב,תנובה - פריניב,,,יח`,1,1 ליטר,false,1,13.90,13.90,false,1,
7290004030612,false,מיץ קיווי אגס 1 ליטר ללתס פריניב,תנובה - פריניב,,,יח`,1,1 ליטר,false,1,15.90,15.90,true,1,
7290004030834,false,מיץ רימונים 1 ליטר,תנובה - פריניב,,,יח`,1,1 ליטר,false,1,24.90,24.90,false,1,
7290004063016,false,מלח שולחן מעולה סלית (1 קג)פיקוח,סוגת תעשיות בעמ,,,יח`,1,"ק""ג",false,1,1.90,1.90,false,1,
7290004063115,false,מלח מטבח גס ארזינא (1 קג)פיקוח,סוגת תעשיות בעמ,,,יח`,1,"ק""ג",false,1,1.90,1.90,false,1,
7290004064389,false,מלח הימלאיה דק מלחייה 250 גרם,סוגת תעשיות בעמ,,,יח`,250,גרם,false,1,11.90,4.76,true,1,
7290004119225,false,יוגורט ביו 3% אננס יופלה (150 גרם),תנובה - חלב,,,יח`,150,"מ""ל",false,1,4.90,3.27,false,1,
7290004120108,false,דיאט יופלה דובדבן,תנובה - חלב,,,יח`,150,"מ""ל",false,1,4.90,3.27,false,1,
7290004120566,false,גבינה בולגרית (25024% גרם)פיראוס תנובה,תנובה - חלב,,,יח`,250,גרם,false,1,22.90,9.16,false,1,
7290004120573,false,גבינה בולגרית (25016% גרם)פיראוס תנובה,תנובה - חלב,,,יח`,250,גרם,false,1,22.90,9.16,false,1,
7290004120634,false,גבינה בולגרית (2505% גרם)פיראוס תנובה,תנובה - חלב,,,יח`,250,גרם,false,1,21.90,8.76,false,1,
7290004121488,false,יוגורט ביו דיאט 0% אפרסק יופלה (150 גרם),תנובה - חלב,,,יח`,150,"מ""ל",false,1,4.90,3.27,false,1,
7290004121853,false,גבינה בולגרית קוביות (2005% גרם)פיראוס,תנובה - חלב,,,יח`,200,גרם,false,1,21.90,10.95,false,1,
7290004122119,false,פתיתי פרמז`ן השף הלבן (100 גרם),תנובה - חלב,,,יח`,100,גרם,false,1,12.20,12.20,false,1,
7290004122195,false,גוש חלב פרוס,תנובה - חלב,,,יח`,200,גרם,false,1,13.80,6.90,false,1,
7290004122270,false,גבינה צהובה קלאסית 28% עמק (200 גרם),תנובה - חלב,,,יח`,200,גרם,false,1,16.10,8.05,false,1,
7290004122348,false,גבינה צהובה מופחתת שומן 9% עמק (200 גרם),תנובה - חלב,,,יח`,200,גרם,false,1,16.90,8.45,false,1,
7290004122683,false,אצבעות עמק,תנובה - חלב,,,יח`,172,גרם,false,1,16.20,9.42,false,1,
7290004124205,false,יוגורט ביו דיאט 0% תות יופלה (150 גרם),תנובה - חלב,,,יח`,150,"מ""ל",false,1,4.90,3.27,false,1,
7290004124847,false,קצפת צמחית השף הלבן 500,תנובה - חלב,,,יח`,500,"מ""ל",false,1,14.90,2.98,false,1,
7290004125370,false,שמנת 9%,תנובה - חלב,,,יח`,200,"מ""ל",false,1,3.70,1.85,false,1,
7290004125400,false,אשל 4.5% מהדרין תנובה (200 מל)פיקוח,תנובה - חלב,,,יח`,200,"מ""ל",false,1,1.69,0.85,false,1,
7290004125417,false,גיל 3% מהדרין תנובה (200 מל)פיקוח,תנובה - חלב,,,יח`,200,"מ""ל",false,1,1.51,0.76,false,1,
7290004125455,false,שמנת חמוצה 15% מהדרין תנובה (200 מל),תנובה - חלב,,,יח`,200,"מ""ל",false,1,2.40,1.20,false,1,
7290004125462,false,שמנת חמוצה 15% תנובה (500 מל),תנובה - חלב,,,יח`,500,"מ""ל",false,1,6,1.20,false,1,
7290004125509,false,שמנת חמוצה 15% תנובה (100 מל),תנובה - חלב,,,יח`,100,"מ""ל",false,1,1.60,1.60,false,1,
7290004125578,false,משקה סויה מועשר תנובה (1 ליטר),תנובה - חלב,,,יח`,1,1 ליטר,false,1,9.90,9.90,false,1,
7290004125585,false,משקה סויה 1 ליטר וניל על הבוקר,תנובה - חלב,,,יח`,1,1 ליטר,false,1,9.90,9.90,false,1,
7290004125721,false,שמנת עמידה לבישול 15% השף הלבן (250 מל),תנובה - חלב,,,יח`,250,"מ""ל",false,1,8.20,3.28,false,1,
7290004125738,false,השף הלבן שמנת להקצפה 250,תנובה - חלב,,,יח`,250,"מ""ל",false,1,6.40,2.56,false,1,
7290004125776,false,גבינה צהובה קלאסית 28% עמק (400 גרם),תנובה - חלב,,,יח`,400,גרם,false,1,27.80,6.95,false,1,
7290004126759,false,יופלה דיאט פירות יער,תנובה - חלב,,,יח`,150,"מ""ל",false,1,4.90,3.27,false,1,
7290004127329,false,גבינת קוטג`5% תנובה (250 גרם),תנובה - חלב,,,יח`,250,גרם,false,1,5.50,2.20,false,1,
7290004127336,false,גבינת קוטג`9% תנובה (250 גרם),תנובה - חלב,,,יח`,250,גרם,false,1,5.50,2.20,false,1,
7290004127800,false,גבינה לבנה 5% תנובה (500 גרם)פיק,תנובה - חלב,,,יח`,500,גרם,false,1,9.96,1.99,false,1,
7290004127862,false,גבינה לבנה 5% תנובה (750 גרם),תנובה - חלב,,,יח`,750,גרם,false,1,14.94,1.99,false,1,
7290004128340,false,גבינת שמנת 5% 200 גר`,תנובה - חלב,,,יח`,200,גרם,false,1,11.50,5.75,false,1,
7290004129101,false,גבינת נפוליאון 225 גר`טבעי גביע,תנובה - חלב,,,יח`,225,גרם,false,1,13.90,6.18,false,1,
7290004129156,false,גבינת נפוליאון 225 גר`שום שמיר גביע,תנובה - חלב,,,יח`,225,גרם,false,1,13.90,6.18,false,1,
7290004130916,false,יופלה שמנת עם פירות יער,תנובה - חלב,,,יח`,150,"מ""ל",false,1,4.90,3.27,false,1,
7290004131074,false,חלב 3% מהדרין תנובה (1 ליטר),תנובה - חלב,,,יח`,1,1 ליטר,false,1,6.23,6.23,false,1,
7290004132552,false,משקה סויה 1 ליטר דיא,תנובה - חלב,,,יח`,1,1 ליטר,false,1,9.90,9.90,false,1,
7290004132606,false,קרלו מיני שמינייה וניל,תנובה - חלב,,,יח`,800,"מ""ל",false,1,13.90,1.74,false,1,
7290004132712,false,אצבעות עמק,תנובה - חלב,,,יח`,174,גרם,false,1,16.50,9.48,false,1,
7290004132903,false,גבינה לבנה 250 גר`3%,תנובה - חלב,,,יח`,250,גרם,false,1,4.70,1.88,false,1,
7290004133511,false,מאגדת שמינייה יופלה,תנובה - חלב,,,יח`,1.20,1 ליטר,false,1,20.90,17.42,false,1,
7290004134945,false,יוגורט ביו 3% בטעם מוקה יופלה (150 גרם),תנובה - חלב,,,יח`,150,"מ""ל",false,1,4.90,3.27,false,1,
7290004135072,false,קרלו מיני שמינייה שוקולד,תנובה - חלב,,,יח`,800,"מ""ל",false,1,13.90,1.74,false,1,
7290004135614,false,גבינה בולגרית מעודנת (2505% גרם)פיראוס,תנובה - חלב,,,יח`,250,גרם,false,1,21.90,8.76,false,1,
7290004136598,false,מארז הפסקת אוכל חלבי+ קורנפלקס,תנובה - חלב,,,יח`,150,"מ""ל",false,1,9.90,6.60,false,1,
7290004136857,false,מעדן ג`לי בטעם פטל תנובה (125 גרם),תנובה - חלב,,,יח`,125,"מ""ל",false,1,2.30,1.84,false,1,
7290004136864,false,ג`לי אננס+חתיכות,תנובה - חלב,,,יח`,125,"מ""ל",false,1,2.60,2.08,false,1,
7290004136871,false,ג`לי אפרסק+חתיכות,תנובה - חלב,,,יח`,125,"מ""ל",false,1,2.60,2.08,false,1,
7290004137311,false,גבינה צהובה מופחתת שומן 9% עמק (400 גרם),תנובה - חלב,,,יח`,400,גרם,false,1,30.80,7.70,false,1,
7290004137809,false,לאבנה אסלית 5% גביע (250 גרם)פיראוס תנו,תנובה - חלב,,,יח`,250,גרם,false,1,12.50,5,false,1,
7290004219819,false,קומפלטה מלבין חלבי,ג.וילי-פוד אינטרנשיונל בעמ,,,יח`,200,גרם,false,1,9.90,4.95,false,1,
7290004255428,false,נר נשמה בפחית 24 שעות מנורה,אבאל יזמות בעמ,,,יח`,1,,false,1,1.90,1.90,false,1,
7290004256371,false,צהובה ריץ פרוסה 400 גר`,נטו מלינדה סחר בעמ,,,יח`,400,גרם,false,1,19.90,4.98,false,1,
7290004492274,false,בייגלה גל גל 400 גר`,יוניליוור ישראל שיווק בעמ,,,יח`,400,גרם,false,1,10.90,2.73,true,1,
7290004584351,false,גבינת במרקם שמנת 5% סימפוניה 200 גר (200,שטראוס גרופ בעמ/מצונן,,,יח`,200,גרם,false,1,11.40,5.70,true,1,
7290004584528,false,יוגורט ביו 1.7% דנונה (200 גרם),שטראוס גרופ בעמ/מצונן,,,יח`,200,"מ""ל",false,1,3.50,1.75,false,1,
7290004658953,false,סוביניון בלאן פי.סי יין לבן יבש 750 מל,אגודת הכורמים,,,יח`,750,"מ""ל",false,1,39.90,5.28,true,1,
7290004685201,false,לחם שיפון אגוזים .,י.את א. ברמן בעמ,,,יח`,500,גרם,false,1,16.20,3.24,false,1,
7290004685447,false,לחמניות כוסמין 6 יח בשקית מלא 450 גר`E,י.את א. ברמן בעמ,,,יח`,450,גרם,false,1,15.90,3.53,true,1,
7290004731472,false,כיף אלסבון שלישיה,החברה הדרומית לשיווק בעמ,,,יח`,1.50,1 ליטר,false,1,20.90,13.93,true,1,
7290004737900,false,חלב מרוכז הולנדי וילי פוד (397 גרם),ג.וילי-פוד אינטרנשיונל בעמ,,,יח`,397,גרם,false,1,9.90,2.49,false,1,
7290005008184,false,פלמוליב סבון נוזלי חלב שקדים 500 מל,ש.שסטוביץ בעמ,,,יח`,500,"מ""ל",false,1,15.90,3.18,false,1,
7290005174513,false,חצילים במיונז אחלה (500 גרם),שטראוס גרופ בעמ/מצונן,,,יח`,500,גרם,false,1,15.50,3.10,true,1,
7290005174551,false,חומוס אחלה (125 גרם),שטראוס גרופ בעמ/מצונן,,,יח`,125,גרם,false,1,4.90,3.92,false,1,
7290005174568,false,חצילים אחלה יום יום 125 גר`,שטראוס גרופ בעמ/מצונן,,,יח`,125,גרם,false,1,4.90,3.92,false,1,
7290005199578,false,קפה PLATINUM נטול 200 גר,שטראוס גרופ בעמ,,,יח`,200,גרם,false,1,24.90,12.45,false,1,
7290005200786,false,תפוצ`יפס 50 גר שמנת בצל,שטראוס פריטו ליי בעמ,,,יח`,50,גרם,false,1,3.90,7.80,false,1,
7290005230059,false,צלחת מרק לבנה 25 יח`פאלאס,פאלאס תעשיות נטו (2014) בעמ,,,יח`,2500,גרם,false,1,9.90,0.40,false,1,
7290005287206,false,טונה סטאריקיסט בשמן 160 גר`רביעייה,סטארקיסט דיפלומט היינץ,,,יח`,640,גרם,false,1,24.90,3.89,false,1,
7290005287251,false,טונה סטארקיסט במים 160 גר`רביעייה,סטארקיסט דיפלומט היינץ,,,יח`,640,גרם,false,1,24.90,3.89,false,1,
7290005287527,false,ס.ק בשמן עם לימון פ.ק 160 גרם בי,סטארקיסט דיפלומט היינץ,,,יח`,160,גרם,false,1,8.90,5.56,false,1,
7290005287657,false,ממרח טונה סטארקיסט (160 גרם),סטארקיסט דיפלומט היינץ,,,יח`,160,גרם,false,1,7.90,4.94,true,1,
7290005326585,false,פסטו בזיליקום 180 גר`אוליביה,תנובה - חלב,,,יח`,180,גרם,false,1,11.90,6.61,false,1,
7290005423253,false,סנו מקסימה למייבש 750 מל,החברה הדרומית לשיווק בעמ,,,יח`,750,"מ""ל",false,1,17.90,2.39,true,1,
7290005423567,false,מטליות לניקוי בגליל צהוב סנו סושי (40),החברה הדרומית לשיווק בעמ,,,יח`,1,,false,1,19.90,19.90,true,1,
7290005423635,false,דוחה חרקים 2 ליטר,החברה הדרומית לשיווק בעמ,,,יח`,2,1 ליטר,false,1,22.90,11.45,true,1,
7290005423734,false,סנו מקסימה4 ליטר תכלת,החברה הדרומית לשיווק בעמ,,,יח`,4,1 ליטר,false,1,19.90,4.98,true,1,
7290005423918,false,סנו מקסימה4 ליטר כחול,החברה הדרומית לשיווק בעמ,,,יח`,4,1 ליטר,false,1,19.90,4.98,true,1,
7290005424762,false,ריצפז+דוחה חרקים+ווקס,החברה הדרומית לשיווק בעמ,,,יח`,2,1 ליטר,false,1,25.90,12.95,false,1,
7290005425127,false,מרסס מנקה שומנים ואבנית 99.9% 750 מל סנ,החברה הדרומית לשיווק בעמ,,,יח`,750,"מ""ל",false,1,14.90,1.99,true,1,
7290005426568,false,קרמה קרם לחות לשיער רגיל,החברה הדרומית לשיווק בעמ,,,יח`,400,"מ""ל",false,1,19.90,4.98,true,1,
7290005426803,false,סנו מקסימה4 ליטר סגול,החברה הדרומית לשיווק בעמ,,,יח`,4,1 ליטר,false,1,19.90,4.98,true,1,
7290005426964,false,סנובון לאסלה כחול אפרסק סנו (55x3 גרם),החברה הדרומית לשיווק בעמ,,,יח`,165,גרם,false,1,17.90,10.85,true,1,
7290005426971,false,סנובון לאסלה כחול תפוח סנו (55x3 גרם),החברה הדרומית לשיווק בעמ,,,יח`,165,גרם,false,1,17.90,10.85,true,1,
7290005427107,false,מגבת הפלא סנו סושי (6),החברה הדרומית לשיווק בעמ,,,יח`,570,גרם,false,1,12.90,2.26,true,1,
7290005429279,false,סנו מקסימה 6 קג`,החברה הדרומית לשיווק בעמ,,,יח`,6,"ק""ג",false,1,49.90,8.32,true,1,
7290005431883,false,מלבי חלבי 165 גר`עדן קינוחים,תנובה - חלב,,,יח`,165,"מ""ל",false,1,6.90,4.18,false,1,
7290005431968,false,מלבי שמנת 150 גר`תנובה,תנובה - חלב,,,יח`,150,"מ""ל",false,1,6.90,4.60,false,1,
7290005559587,false,מאפה נקניקיה מעדנות,תנובה קפואים,,,יח`,800,גרם,false,1,30,3.75,false,1,
7290005559907,false,פיצה משפחתית גבינה מעדנות (500 גרם),תנובה קפואים,,,יח`,500,גרם,false,1,23.90,4.78,false,1,
7290005559914,false,פיצה משפחתית זיתים מעדנות (550 גרם),תנובה קפואים,,,יח`,550,גרם,false,1,25.90,4.71,false,1,
7290005559990,false,בצק פילאס תורכי מעדנות (600 גרם),תנובה קפואים,,,יח`,600,גרם,false,1,22.90,3.82,true,1,
7290005591761,false,דבש לחיץ 400 גר` יד מרדכי,שטראוס גרופ בעמ,,,יח`,400,גרם,false,1,20.90,5.23,true,1,
7290005838002,false,דניאלה מעדן בטעם וניל שטראוס (88 גרם),שטראוס גרופ בעמ/מצונן,,,יח`,150,"מ""ל",false,1,4,2.67,false,1,
7290005839078,false,יוגורט ביו 3% דנונה (150x8 גרם),שטראוס גרופ בעמ/מצונן,,,יח`,1.20,1 ליטר,false,1,16.80,14,false,1,
7290005839313,false,מילקי טופ מגולגלת,שטראוס גרופ בעמ/מצונן,,,יח`,130,"מ""ל",false,1,4.90,3.77,false,1,
7290005992735,false,לאבנה 5% גד (250 גרם),מחלבות גד שיווק 1992 בעמ,,,יח`,250,גרם,false,1,11.90,4.76,false,1,
7290006229427,false,מים מינרלים סאן בנדטו (500x6 מל),טמפו משקאות בעמ,,,יח`,3,1 ליטר,false,1,13.70,3.97,true,1,
7290006241153,false,אגוזי פקאן סיניים קליית גת (150 גרם),ליימן שליסל בעמ,,,יח`,150,גרם,false,1,17.50,11.67,false,1,
7290006241191,false,אגוזי מלך טבעיים קליית גת (150 גרם),ליימן שליסל בעמ,,,יח`,150,גרם,false,1,16.90,11.27,true,1,
7290006241214,false,שקדים טבעיים קליית גת (200 גרם),ליימן שליסל בעמ,,,יח`,200,גרם,false,1,16.90,8.45,true,1,
7290006251275,false,תה ירוק סיני ויסוצקי (25),תה ויסוצקי (ישראל) בעמ,,,יח`,37.50,גרם,false,1,24.90,66.40,true,1,
7290006251282,false,תה חמוציות ויסוצקי הגן הקסום) (25,תה ויסוצקי (ישראל) בעמ,,,יח`,75,גרם,false,1,17.50,23.33,true,1,
7290006251374,false,תה ירוק לימונית וג`ינג`ר ויסוצקי (25),תה ויסוצקי (ישראל) בעמ,,,יח`,25,גרם,false,1,24.90,99.60,true,1,
7290006271174,false,מעדנות-ג חנון בצק,תנובה קפואים,,,יח`,700,גרם,false,1,18.90,2.70,true,1,
7290006271655,false,מיני בורקס במילוי גבינה מעדנות (800 גרם),תנובה קפואים,,,יח`,800,גרם,false,1,25.90,3.24,true,1,
7290006272072,false,מעדנות חטיפי פיצה 650 גר`,תנובה קפואים,,,יח`,650,גרם,false,1,33.90,5.22,true,1,
7290006272430,false,בצק עלים חמאה חלבי מעדנות (600 גרם),תנובה קפואים,,,יח`,600,גרם,false,1,29,4.83,false,1,
7290006306296,false,רביולי גבינה לילדים פסטה נונה (400 גרם),מחלבות גד שיווק 1992 בעמ,,,יח`,400,גרם,false,1,23.90,5.98,true,1,
7290006342072,false,גרעין לבן 200 גר`ששון הקולה,דין שיווק וקליה 2021 בעמ,,,יח`,200,גרם,false,1,9.90,4.95,false,1,
7290006374738,false,קונפיטורת תות יד מרדכי 340 גר`,שטראוס גרופ בעמ,,,יח`,340,גרם,false,1,11.90,3.50,false,1,
7290006492432,false,גבינה מוצרלה בייבי 18% גד (150 גרם),מחלבות גד שיווק 1992 בעמ,,,יח`,170,גרם,false,1,12.90,7.59,false,1,
7290006492630,false,גבינה עיזים גדעז 20% גד (180 גרם),מחלבות גד שיווק 1992 בעמ,,,יח`,180,גרם,false,1,22.90,12.72,false,1,
7290006511751,false,שלישית פטריות חתוכות,ג.וילי-פוד אינטרנשיונל בעמ,,,יח`,870,גרם,false,1,11.90,1.37,false,1,
7290006567048,false,פתיתי קוסקוס ישראלי אסם (350 גרם),קבוצת אסם סחר שות. מוגבלת,,,יח`,350,גרם,false,1,8.90,2.54,false,1,
7290006582355,false,סילאן שקדיה (900 גרם),דין שיווק וקליה 2021 בעמ,,,יח`,900,גרם,false,1,14.90,1.66,true,1,
7290006582539,false,חמוציות 250 גר`שקדיה,דין שיווק וקליה 2021 בעמ,,,יח`,250,גרם,false,1,9.90,3.96,false,1,
7290006653819,false,קוסקוס דק אסם (350 גרם),קבוצת אסם סחר שות. מוגבלת,,,יח`,350,גרם,false,1,8.90,2.54,false,1,
7290006664655,false,אקטימל דנונה (100x8 מל),שטראוס גרופ בעמ/מצונן,,,יח`,800,"מ""ל",false,1,19.90,2.49,false,1,
7290006664990,false,יוגורט ביו 1.7% דנונה (150x8 גרם),שטראוס גרופ בעמ/מצונן,,,יח`,1.20,1 ליטר,false,1,16.80,14,false,1,
7290006681003,false,שטראוס קרמיסימו תות לימון,גלידות שטראוס בעמ,,,יח`,1.33,1 ליטר,false,1,19.90,14.96,true,1,
7290006681553,false,קרמבו שמינייה וניל,גלידות שטראוס בעמ,,,יח`,200,גרם,false,1,15.90,7.95,false,1,
7290006681560,false,קרמבו שמינייה מוקה,גלידות שטראוס בעמ,,,יח`,200,גרם,false,1,15.90,7.95,false,1,
7290006681966,false,שטראוס קרמיסימו,גלידות שטראוס בעמ,,,יח`,1.33,1 ליטר,false,1,19.90,14.96,true,1,
7290006681980,false,שטראוס קרמיסימו פירות יער,גלידות שטראוס בעמ,,,יח`,1.33,1 ליטר,false,1,19.90,14.96,true,1,
7290006739131,false,זוגלובק בצק פילו,זוגלובק שיווק בעמ,,,יח`,500,גרם,false,1,18.90,3.78,false,1,
7290006739292,false,פסטרממיה תבור 330,זוגלובק שיווק בעמ,,,יח`,330,גרם,false,1,28.90,8.76,true,1,
7290006739346,false,נקניקיות פרגיות זוגלובק (400 גרם),זוגלובק שיווק בעמ,,,יח`,400,גרם,false,1,17.90,4.48,false,1,
7290006739407,false,שניצל תירס לייט זוגלובק (630 גרם),זוגלובק שיווק בעמ,,,יח`,600,גרם,false,1,35.90,5.98,true,1,
7290006739414,false,סלמי קוניאק זוגלובק (300 גרם),זוגלובק שיווק בעמ,,,יח`,350,גרם,false,1,29.90,8.54,true,1,
7290006739421,false,סלמי איטלקי מעושן זוגלובק (300 גרם),זוגלובק שיווק בעמ,,,יח`,300,גרם,false,1,28.90,9.63,true,1,
7290006739445,false,שניצל תירס זוגלובק (750 גרם),זוגלובק שיווק בעמ,,,יח`,750,גרם,false,1,26.90,3.59,true,1,
7290006742278,false,פסטרמה צלויה 330 גר`,זוגלובק שיווק בעמ,,,יח`,330,גרם,false,1,28.90,8.76,true,1,
7290006742292,false,פסטרממיה בדבש 330 גר`,זוגלובק שיווק בעמ,,,יח`,330,גרם,false,1,28.90,8.76,true,1,
7290006742315,false,חזה הודו ברביקיו 330 גר`,זוגלובק שיווק בעמ,,,יח`,330,גרם,false,1,28.90,8.76,true,1,
7290006822192,false,פריגת אושן ספריי 1 ליטר,החברה המרכזית להפצת משקאות בעמ,,,יח`,1,1 ליטר,false,1,12.90,12.90,false,1,
7290006960429,false,כרוב בולגרי כבוש 750 גר`מאמא מרי,מאמא - מרי בעמ,,,יח`,750,גרם,false,1,17.90,2.39,true,1,
7290006983176,false,קרקר לחמית שיפון אסם (230 גרם),קבוצת אסם סחר שות. מוגבלת,,,יח`,230,גרם,false,1,8.90,3.87,true,1,
7290006983206,false,פלאפל בקלי קלות 90 גר`,קבוצת אסם סחר שות. מוגבלת,,,יח`,90,גרם,false,1,10.90,12.11,false,1,
7290006983770,false,עוגת הבית שיש אסם (400 גרם),קבוצת אסם סחר שות. מוגבלת,,,יח`,400,גרם,false,1,11.90,2.98,false,1,
7290006983787,false,עוגת הבית שוקוצ`יפס אסם (400 גרם),קבוצת אסם סחר שות. מוגבלת,,,יח`,400,גרם,false,1,11.90,2.98,false,1,
7290006983794,false,עוגת הבית תפוז אסם (400 גרם),קבוצת אסם סחר שות. מוגבלת,,,יח`,400,גרם,false,1,11.90,2.98,false,1,
7290006992185,false,דייסת אורז מטרנה (200 גרם),קבוצת אסם סחר שות. מוגבלת,,,יח`,200,גרם,false,1,12.90,6.45,false,1,
7290006992208,false,דייסת דגנים מעורבים מטרנה (200 גרם),קבוצת אסם סחר שות. מוגבלת,,,יח`,200,גרם,false,1,12.90,6.45,false,1,
7290006992390,false,דייסת וניל מטרנה (200 גרם),קבוצת אסם סחר שות. מוגבלת,,,יח`,200,גרם,false,1,12.90,6.45,false,1,
7290008175692,false,איטריות נודלס 400 גר`,ג.וילי-פוד אינטרנשיונל בעמ,,,יח`,400,גרם,false,1,7.90,1.98,false,1,
7290008175814,false,פטריות חתוך 400 גר`,ג.וילי-פוד אינטרנשיונל בעמ,,,יח`,400,גרם,false,1,4.90,1.23,false,1,
7290008343503,false,ג`חנון אפוי 650 גר`שלושת האופים,נטו מלינדה סחר בעמ,,,יח`,650,גרם,false,1,20.90,3.22,true,1,
7290008343558,false,סיגרים בשר 1 קג שלושת האופים,נטו מלינדה סחר בעמ,,,יח`,1,"ק""ג",false,1,19.90,19.90,true,1,
7290008343572,false,אגרול סיני 1 קג -שלושת האופים,נטו מלינדה סחר בעמ,,,יח`,1,"ק""ג",false,1,19.90,19.90,false,1,
7290008343619,false,פסטלים תפוא 1 קג שלושת האופים,נטו מלינדה סחר בעמ,,,יח`,1,"ק""ג",false,1,19.90,19.90,false,1,
7290008343626,false,כדורי פלאפל 1 קג -שלושת האופים,נטו מלינדה סחר בעמ,,,יח`,1,"ק""ג",false,1,19.90,19.90,true,1,
7290008345453,false,מג`יק פירה+ירקות,נטו מלינדה סחר בעמ,,,יח`,53,גרם,false,1,4.50,8.49,false,1,
7290008347211,false,אצבעות דג מצופות דלידג (700 גרם),נטו מלינדה סחר בעמ,,,יח`,700,גרם,false,1,22.90,3.27,true,1,
7290008409124,false,שניצל ג`ונגל מאמא עוף (700 גרם),תנובה קפואים,,,יח`,700,גרם,false,1,36,5.14,true,1,
7290008415071,false,חומוס עם טחינה צבר (150 גרם),קבוצת אסם סחר שות. מוגבלת,,,יח`,150,גרם,false,1,4.90,3.27,false,1,
7290008415514,false,צבר חומוס+חריף 150,קבוצת אסם סחר שות. מוגבלת,,,יח`,150,גרם,false,1,4.90,3.27,false,1,
7290008464505,false,מים סאן בנדטו 500 מל,טמפו משקאות בעמ,,,יח`,500,"מ""ל",false,1,4.30,0.80,false,1,
7290008464703,false,בירה מכבי (330x6 מל),טמפו משקאות בעמ,,,יח`,1.98,1 ליטר,false,1,33.90,16.21,true,1,
7290008464741,false,בירה גולדסטאר 330 מל בקבוק שישייה,טמפו משקאות בעמ,,,יח`,1.98,1 ליטר,false,1,37.90,18.23,true,1,
7290008493413,false,פירורי גריסיני מאיר בייגל (200 גרם),דנשר (1963) בעמ,,,יח`,200,גרם,false,1,5.90,2.95,false,1,
7290008636650,false,קמח מצה 500 גר`,מיה תעשיות מזון מ.ת.מ. בעמ,,,יח`,500,גרם,false,1,8.90,1.78,false,1,
7290008644112,false,מטבוחה 125אחלה יום יום,שטראוס גרופ בעמ/מצונן,,,יח`,125,גרם,false,1,4.90,3.92,false,1,
7290008645935,false,חומוס אחלה (750 גרם),שטראוס גרופ בעמ/מצונן,,,יח`,750,גרם,false,1,9.90,1.32,false,1,
7290008690713,false,נקטר חמוציות אושן ספריי פריגת (1 ליטר),החברה המרכזית להפצת משקאות בעמ,,,יח`,1,1 ליטר,false,1,12.90,12.90,false,1,
7290008693134,false,דניאלה מעדן בטעם תות שטראוס (88 גרם),שטראוס גרופ בעמ/מצונן,,,יח`,150,"מ""ל",false,1,4,2.67,false,1,
7290008745239,false,תפוצ`יפס 50 גר קראנץ`,שטראוס פריטו ליי בעמ,,,יח`,55,גרם,false,1,3.90,7.09,false,1,
7290008750264,false,מאסט ללס בטעם דובדבן (28 גרם),שטראוס גרופ בעמ,,,יח`,28,גרם,false,1,4.90,17.50,false,1,
7290008752244,false,תפוצ`יפס 50 גר קראנץ`גריל,שטראוס פריטו ליי בעמ,,,יח`,50,גרם,false,1,3.90,7.80,false,1,
7290008753111,false,תפוצ`יפס 50 גר קראנץ`מקסיקני,שטראוס פריטו ליי בעמ,,,יח`,50,גרם,false,1,3.90,7.80,false,1,
7290008754415,false,מאסט מנטה עדין ללס 28 גרם,שטראוס גרופ בעמ,,,יח`,28,גרם,false,1,4.90,17.50,false,1,
7290008775816,false,ערגליות שוקו אסם (300 גרם),קבוצת אסם סחר שות. מוגבלת,,,יח`,300,גרם,false,1,10.90,3.63,true,1,
7290008775823,false,ערגליות תות אסם (300 גרם),קבוצת אסם סחר שות. מוגבלת,,,יח`,300,גרם,false,1,10.90,3.63,true,1,
7290008792264,false,מפיות טאצ`100 יח,שניב תעשיות נייר בעמ,,,יח`,1,,false,1,4.90,4.90,false,1,
7290008801119,false,סלקטד סוביניון בלאן יקבי כרמל (750 מל),אגודת הכורמים,,,יח`,750,"מ""ל",false,1,29.90,3.95,true,1,
7290008801157,false,סלקטד מרלו יקבי כרמל (750 מל),אגודת הכורמים,,,יח`,750,"מ""ל",false,1,29.90,3.95,true,1,
7290008801522,false,קונקורד אדום מתוק 750 מל קינג דיוויד,אגודת הכורמים,,,יח`,750,"מ""ל",false,1,21.90,2.88,true,1,
7290008801539,false,כרמל 120 אדום מתוק 750 מל קינג דיוויד,אגודת הכורמים,,,יח`,750,"מ""ל",false,1,21.90,2.88,true,1,
7290008801843,false,סלקטד קברנה סובניון יקבי כרמל (750 מל),אגודת הכורמים,,,יח`,750,"מ""ל",false,1,29.90,3.95,true,1,
7290008801850,false,סלקטד אמרלד ריזלינג יקבי כרמל (750 מל),אגודת הכורמים,,,יח`,750,"מ""ל",false,1,29.90,3.95,true,1,
7290008802895,false,קברנה סוביניון פי.סי אדום יבש 750 מל,אגודת הכורמים,,,יח`,750,"מ""ל",false,1,39.90,5.28,true,1,
7290008804189,false,קברנה סוביניון אזורית אדום יבש 750 מל,אגודת הכורמים,,,יח`,750,"מ""ל",false,1,54.90,7.28,true,1,
7290008805520,false,קברנה מרלו סלקטד אדום יבש 750 מל,אגודת הכורמים,,,יח`,750,"מ""ל",false,1,29.90,3.95,true,1,
7290008806961,false,שטראוס קרמיסימו שוקולד ציפ,גלידות שטראוס בעמ,,,יח`,1.33,1 ליטר,false,1,19.90,14.96,true,1,
7290008836036,false,גרנאש רוזה אפרת (750 מל),יקב טפרברג 1870 בעמ (יינות ומש,,,יח`,750,"מ""ל",false,1,19.50,2.56,false,1,
7290008836494,false,תירוש ענבים אפרת (1 ליטר),יקב טפרברג 1870 בעמ (יינות ומש,,,יח`,1000,"מ""ל",false,1,16.90,1.66,true,1,
7290008849838,false,טפנד זיתים 180 גר`אוליביה,תנובה - חלב,,,יח`,180,גרם,false,1,11.90,6.61,false,1,
7290010002030,false,כמון טחון תבליני מימון (100 גרם),א.ל.ייצור ושיווק תבלינים בעמ,,,יח`,100,גרם,false,1,11.90,11.90,false,1,
7290010002139,false,פפריקה הונגרית חריפה 100 גר`,א.ל.ייצור ושיווק תבלינים בעמ,,,יח`,100,גרם,false,1,11.90,11.90,false,1,
7290010002283,false,תיבול על האש 100 גר`,א.ל.ייצור ושיווק תבלינים בעמ,,,יח`,100,גרם,false,1,11.90,11.90,false,1,
7290010002658,false,פלפל מתוק 150 גר`,א.ל.ייצור ושיווק תבלינים בעמ,,,יח`,150,גרם,false,1,12.90,8.60,false,1,
7290010003990,false,פטרוזיליה תבליני מימון (20 גרם),א.ל.ייצור ושיווק תבלינים בעמ,,,יח`,80,גרם,false,1,5.90,7.38,false,1,
7290010018390,false,חומוס עם טחינה 130 גר`,יורוסטנדרט בעמ,,,יח`,130,גרם,false,1,4.90,3.77,false,1,
7290010023141,false,תה לימונענע ויסוצקי הגן הקסום) (25,תה ויסוצקי (ישראל) בעמ,,,יח`,50,גרם,false,1,17.50,35,true,1,
7290010065745,false,מחית לפתן פירות שלב 3 פרינוק (190 גרם),גורי מוצרי צריכה (1991) בעמ,,,יח`,190,גרם,false,1,6.60,3.47,true,1,
7290010066513,false,טונה בשמן צמחי 158 גר` רביעייה פילטונה,פילטונה תעשיות בעמ,,,יח`,632,גרם,false,1,22.90,3.62,false,1,
7290010066520,false,פילטונה בשמן קנולה 160 גר,פילטונה תעשיות בעמ,,,יח`,160,גרם,false,1,5.90,3.69,false,1,
7290010066582,false,טונה בשמן קנולה 158 גר` רביעייה פילטונה,פילטונה תעשיות בעמ,,,יח`,632,גרם,false,1,22.90,3.62,false,1,
7290010118328,false,חטיף צ`יפס בטעם טבעי תפוצ`יפס (40x6 גרם),שטראוס פריטו ליי בעמ,,,יח`,240,גרם,false,1,12.90,5.38,false,1,
7290010129300,false,עוגיות רייף 350 גר`אנג`ל,שיבולים יצור ושיווק מוצרי מאפה,,,יח`,350,גרם,false,1,15.90,4.54,false,1,
7290010129652,false,עוגיות לקפה 350 גר`אנג`ל,שיבולים יצור ושיווק מוצרי מאפה,,,יח`,350,גרם,false,1,15.90,4.54,false,1,
7290010129676,false,עוגיות מרוקאיות 350 גר`אנגל,שיבולים יצור ושיווק מוצרי מאפה,,,יח`,350,גרם,false,1,15.90,4.54,false,1,
7290010153534,false,קמח תירס 400 גר`,מיה תעשיות מזון מ.ת.מ. בעמ,,,יח`,400,גרם,false,1,6.90,1.73,false,1,
7290010153770,false,ציפוי לשניצל פיקנטי 500 גר`מיה,מיה תעשיות מזון מ.ת.מ. בעמ,,,יח`,500,גרם,false,1,11.90,2.38,true,1,
7290010154012,false,לימון בלאדי תבליני ביטון יוחאי (250 גרם),נטו מלינדה סחר בעמ,,,יח`,250,גרם,false,1,15.90,6.36,true,1,
7290010154029,false,אריסה מתוקה תבליני ביטון יוחאי (250 גרם),נטו מלינדה סחר בעמ,,,יח`,250,גרם,false,1,14.90,5.96,true,1,
7290010154036,false,עמבה תבליני ביטון יוחאי (250 גרם),נטו מלינדה סחר בעמ,,,יח`,250,גרם,false,1,13.90,5.56,true,1,
7290010163069,false,צנובר 100 גרם שקית שקדיה,דין שיווק וקליה 2021 בעמ,,,יח`,100,גרם,false,1,24.90,24.90,true,1,
7290010237685,false,בירה הייניקן 330 בקבוק,טמפו משקאות בעמ,,,יח`,330,"מ""ל",false,1,10.10,2.97,false,1,
7290010259359,false,נודלס ביצים להקצפה וילי פוד (200 גרם),ג.וילי-פוד אינטרנשיונל בעמ,,,יח`,200,גרם,false,1,4.90,2.45,false,1,
7290010259366,false,נודלס מסולסלות וילי פוד (200 גרם),ג.וילי-פוד אינטרנשיונל בעמ,,,יח`,200,גרם,false,1,4.90,2.45,false,1,
7290010259991,false,צנימים וילי פוד (250 גרם),ג.וילי-פוד אינטרנשיונל בעמ,,,יח`,250,גרם,false,1,7.90,3.16,true,1,
7290010429684,false,מארז דבש יד מרדכי (2*350 גר`),שטראוס גרופ בעמ,,,יח`,700,גרם,false,1,29.90,4.27,false,1,
7290010569717,false,שטראוס קרמיסימו,גלידות שטראוס בעמ,,,יח`,1.33,1 ליטר,false,1,19.90,14.96,true,1,
7290010627004,false,טחינה ירושלים 500 גר`,תה ויסוצקי (ישראל) בעמ,,,יח`,500,גרם,false,1,15.90,3.18,true,1,
7290010748860,false,קרם ידיים אפקטיב קר,פישר תעשיות פרמצבטיות בעמ,,,יח`,150,"מ""ל",false,1,18.90,12.60,true,1,
7290010931330,false,מטבוחה אחלה (500 גרם),שטראוס גרופ בעמ/מצונן,,,יח`,500,גרם,false,1,14.90,2.98,true,1,
7290010945146,false,קוטג` 3% מועשר 250 גר`,החב` המרכזית - טרה,,,יח`,250,גרם,false,1,5.60,2.24,false,1,
7290010945306,false,חלב 3% בקרטון טרה (2 ליטר),החב` המרכזית - טרה,,,יח`,2,1 ליטר,false,1,12.46,6.23,false,1,
7290010945450,false,גבינה לבנה 3% 250 גר` פיקוח,החב` המרכזית - טרה,,,יח`,250,גרם,false,1,4.98,1.99,false,1,
7290011081041,false,שטראוס קרמיסימו וניל גורמה,גלידות שטראוס בעמ,,,יח`,1.30,1 ליטר,false,1,19.90,15.31,true,1,
7290011081492,false,שטראוס קרמיסימו בטעמי 3 שוקלד,גלידות שטראוס בעמ,,,יח`,1.33,1 ליטר,false,1,19.90,14.96,true,1,
7290011081690,false,שטראוס קרמיסימו,גלידות שטראוס בעמ,,,יח`,1.33,1 ליטר,false,1,19.90,14.96,true,1,
7290011126452,false,תה קמומיל ונענע ויסוצקי הגן הקסום) (25,תה ויסוצקי (ישראל) בעמ,,,יח`,37.50,גרם,false,1,17.50,46.67,true,1,
7290011126469,false,תה קמומיל ודבש ויסוצקי הגן הקסום) (25,תה ויסוצקי (ישראל) בעמ,,,יח`,37.50,גרם,false,1,17.50,46.67,true,1,
7290011128050,false,השורשים של שליט גזר צבעוני מובחר,גזר שליט (חוות מיכאל)בעמ,,,יח`,1,,false,1,9.90,9.90,false,1,
7290011142001,false,לחם שיפון 550 גר`,מאפיית דואט בעמ,,,יח`,550,גרם,false,1,11.90,2.16,false,1,
7290011142025,false,לחם שיפון כפרי 600 גר,מאפיית דואט בעמ,,,יח`,600,גרם,false,1,11.90,1.98,false,1,
7290011142032,false,לחם שיפון ביתי 630 גר`,מאפיית דואט בעמ,,,יח`,630,גרם,false,1,11.90,1.89,false,1,
7290011142049,false,לחם דגנים 630 גר`,מאפיית דואט בעמ,,,יח`,630,גרם,false,1,11.90,1.89,false,1,
7290011142315,false,לחם מרוקאי מסורתי 550 גר`,מאפיית דואט בעמ,,,יח`,550,גרם,false,1,13.90,2.53,false,1,
7290011142650,false,לחם שיפון (900100% גר`),מאפיית דואט בעמ,,,יח`,900,גרם,false,1,14.90,1.66,false,1,
7290011194215,false,דניאלה מעדן בטעם בננה שטראוס (88 גרם),שטראוס גרופ בעמ/מצונן,,,יח`,150,"מ""ל",false,1,4,2.67,false,1,
7290011194246,false,גבינת קוטג`5% שטראוס (250 גרם),שטראוס גרופ בעמ/מצונן,,,יח`,250,גרם,false,1,5.90,2.36,false,1,
7290011223038,false,עלים לקרמשניט 300 גר`,דנשר (1963) בעמ,,,יח`,300,גרם,false,1,17.90,5.97,true,1,
7290011223045,false,בישקוטים ליידיפינגרז בונומי (200 גרם),דנשר (1963) בעמ,,,יח`,200,גרם,false,1,7.90,3.95,true,1,
7290011254254,false,שוקו צ`יפס בטעם שוקולד מיה (300 גרם),מיה תעשיות מזון מ.ת.מ. בעמ,,,יח`,300,גרם,false,1,7.90,2.63,false,1,
7290011378769,false,מאגדת חלבה וניל,קבוצת אסם סחר שות. מוגבלת,,,יח`,1,,false,1,11.90,11.90,true,1,
7290011447304,false,תחליף חלב שלב 3 חלבי מטרנה (700 גרם),קבוצת אסם סחר שות. מוגבלת,,,יח`,700,גרם,false,1,49.90,7.13,true,1,
7290011499105,false,גבינה בולגרית 5% גד (250 גרם),מחלבות גד שיווק 1992 בעמ,,,יח`,250,גרם,false,1,23.90,9.56,false,1,
7290011499327,false,גבינה בולגרית מעודנת 5% גד (250 גרם),מחלבות גד שיווק 1992 בעמ,,,יח`,250,גרם,false,1,22.90,9.16,false,1,
7290011499341,false,גבינת קשקאבל 26% שומן גד (200 גרם),מחלבות גד שיווק 1992 בעמ,,,יח`,200,גרם,false,1,25.90,12.95,false,1,
7290011499624,false,גבינת שמנת 30% 200 גר`גד,מחלבות גד שיווק 1992 בעמ,,,יח`,200,גרם,false,1,12.90,6.45,true,1,
7290011505790,false,צימרוני אוזניים מפלסטיק בחבית 500 יח`,אינטרסן 1996 בעמ,,,יח`,1,,false,1,11.90,11.90,false,1,
7290011598211,false,סנו אנטי קאלק 4ב1 700 מל,החברה הדרומית לשיווק בעמ,,,יח`,700,"מ""ל",false,1,15.90,2.27,true,1,
7290011800840,false,טחינה בלאדי רפי כהן צבר (400 גרם),קבוצת אסם סחר שות. מוגבלת,,,יח`,400,גרם,false,1,15.90,3.98,false,1,
7290011860271,false,ביסבול כדורי פירה תפוגן (700 גרם),קבוצת אסם סחר שות. מוגבלת,,,יח`,700,גרם,false,1,12.90,1.84,false,1,
7290011877842,false,אריזות ואקום לאיחסון,החברה הדרומית לשיווק בעמ,,,יח`,1,יח`,false,1,24.90,24.90,false,1,
7290011877866,false,סנו מקסימה 6 קג מאסק,החברה הדרומית לשיווק בעמ,,,יח`,6,"ק""ג",false,1,49.90,8.32,true,1,
7290011947521,false,זיתא בדץ כמ בטע 750 מל,תה ויסוצקי (ישראל) בעמ,,,יח`,750,"מ""ל",false,1,27.90,3.72,false,1,
7290011964344,false,שום גבישי 120 גר`,תבליני טעם וריח בעמ,,,יח`,120,גרם,false,1,9.90,8.25,true,1,
7290011964702,false,תיבול לשווארמה 100 גר`,תבליני טעם וריח בעמ,,,יח`,100,גרם,false,1,9.90,9.90,true,1,
7290011996178,false,רוטב סויה בסגנון יפני 300 מל,טחנת האבן קואופ בעמ,,,יח`,300,"מ""ל",false,1,10.90,3.63,false,1,
7290011996222,false,מי קוקוס טעמי אסיה (400 מל),טחנת האבן קואופ בעמ,,,יח`,400,"מ""ל",false,1,8.90,2.23,false,1,
7290011996758,false,קמח טמפורה כשר מזרח ומערב 500 גר`,טחנת האבן קואופ בעמ,,,יח`,500,גרם,false,1,11.90,2.38,false,1,
7290012116735,false,נייר טואלטסנו סופט ג`מבו 24,החברה הדרומית לשיווק בעמ,,,יח`,1,,false,1,39.90,39.90,false,1,
7290012117350,false,ריצפז פרש 2 ליטר לילך,החברה הדרומית לשיווק בעמ,,,יח`,2,1 ליטר,false,1,19.90,9.95,true,1,
7290012117411,false,קרמה ג`ל רחצה לגבר 700 מל כתום,החברה הדרומית לשיווק בעמ,,,יח`,700,"מ""ל",false,1,15,2.14,true,1,
7290012117558,false,סנו מקסימה מרכך 1 ליטר ורוד בהיר,החברה הדרומית לשיווק בעמ,,,יח`,1,1 ליטר,false,1,17.90,17.90,true,1,
7290012117879,false,סנו קליר 750 מל לחלונות,החברה הדרומית לשיווק בעמ,,,יח`,750,"מ""ל",false,1,9.90,1.32,true,1,
7290012117916,false,סנו אינסטלטור נוזלי 1 ליטר,החברה הדרומית לשיווק בעמ,,,יח`,1,1 ליטר,false,1,26.90,26.90,false,1,
7290012191992,false,גפרורים ארוכים,אבאל יזמות בעמ,,,יח`,1,,false,1,5.90,5.90,true,1,
7290012193125,false,סוכרלוז טבליות מרמולייט (150),דנשר (1963) בעמ,,,יח`,150,גרם,false,1,32.90,21.93,true,1,
7290012226021,false,נקניק סלמי מעושן פראג זוגלובק (400 גרם),זוגלובק שיווק בעמ,,,יח`,400,גרם,false,1,21.90,5.48,false,1,
7290012226120,false,קבנוס זוגלובק (45x3 גרם),זוגלובק שיווק בעמ,,,יח`,135,גרם,false,1,11.90,8.81,true,1,
7290012226939,false,קבנוס 135 גר`עם צ`ילי חריף זוגלובק,זוגלובק שיווק בעמ,,,יח`,135,גרם,false,1,11.90,8.81,true,1,
7290012227172,false,חרמון כפרית 300 גר`+ברביקיו 300 גר`,זוגלובק שיווק בעמ,,,יח`,600,גרם,false,1,33.90,5.65,true,1,
7290012227325,false,סלמי מעושן דק דק 120 גר`זוגלובק,זוגלובק שיווק בעמ,,,יח`,120,גרם,false,1,13.50,11.25,true,1,
7290012227615,false,נקניקיות עוף 800 גר,זוגלובק שיווק בעמ,,,יח`,800,גרם,false,1,27.90,3.49,false,1,
7290012227912,false,קבנוס מעודן 135 גרם,זוגלובק שיווק בעמ,,,יח`,135,גרם,false,1,10.90,8.07,true,1,
7290012227974,false,פסטרמה בדבש 120 גר`זוגלובק,זוגלובק שיווק בעמ,,,יח`,120,גרם,false,1,13.50,11.25,true,1,
7290012227981,false,פסטרמה ברביקין 120 גר`זוגלובק,זוגלובק שיווק בעמ,,,יח`,120,גרם,false,1,13.50,11.25,true,1,
7290012227998,false,חזה בקר 120 גר`זוגלובק,זוגלובק שיווק בעמ,,,יח`,120,גרם,false,1,13.50,11.25,true,1,
7290012228261,false,נקנקיות בוקוורסט הודו 300 גר,זוגלובק שיווק בעמ,,,יח`,300,גרם,false,1,19.90,6.63,false,1,
7290012228278,false,נקנקיות בוקוורסט הודו ובקר 310 גר,זוגלובק שיווק בעמ,,,יח`,310,גרם,false,1,19.90,6.42,false,1,
7290012228407,false,נקנקיות ג`מבו מחפוד 1.5 קג זוגלובק,זוגלובק שיווק בעמ,,,יח`,1500,גרם,false,1,37.90,2.53,false,1,
7290012228766,false,קבנוס מחפוד 120 גר זוגלובק,זוגלובק שיווק בעמ,,,יח`,120,גרם,false,1,9.90,8.25,true,1,
7290012367717,false,קרם ידיים אפקטיב קר,פישר תעשיות פרמצבטיות בעמ,,,יח`,100,גרם,false,1,18.90,18.90,true,1,
7290012413643,false,תה ירוק קמומיל ויסוצקי (25),תה ויסוצקי (ישראל) בעמ,,,יח`,37.50,גרם,false,1,24.90,66.40,true,1,
7290012522581,false,שניצל תירס ללא גלוטן טבעול (664 גרם),קבוצת אסם סחר שות. מוגבלת,,,יח`,750,גרם,false,1,19.90,2.65,false,1,
7290012823381,false,סנו מקסימה מרכך 1 ליטר ורוד פסים,החברה הדרומית לשיווק בעמ,,,יח`,1,1 ליטר,false,1,17.90,17.90,true,1,
7290012901959,false,ארוחת אטריות עם גבינה מסולסלים 156 גר`,מור-ים מרקטינג בעמ,,,יח`,206,גרם,false,1,10.90,5.29,false,1,
7290012911729,false,ג`ינג`ר לסושי ורוד 250 גר,טחנת האבן קואופ בעמ,,,יח`,250,גרם,false,1,9.90,3.96,false,1,
7290012962448,false,מדליק פחם נוזלי 250 מל,אינטרסן 1996 בעמ,,,יח`,250,"מ""ל",false,1,9.90,3.96,false,1,
7290013083661,false,מטרנה אקסטרא קייר 700 גר` שלב 1,קבוצת אסם סחר שות. מוגבלת,,,יח`,700,גרם,false,1,59.90,8.56,true,1,
7290013083678,false,מטרנה אקסטרא קייר 700 גר` שלב 2,קבוצת אסם סחר שות. מוגבלת,,,יח`,700,גרם,false,1,59.90,8.56,true,1,
7290013083685,false,מטרנה אקסטרא קייר 700 גר` שלב3,קבוצת אסם סחר שות. מוגבלת,,,יח`,700,גרם,false,1,59.90,8.56,true,1,
7290013117212,false,בורקס פילו גבינה מעדנות,תנובה קפואים,,,יח`,600,גרם,false,1,21.90,3.65,true,1,
7290013117229,false,בורקס פילו תפוא מעדנות,תנובה קפואים,,,יח`,600,גרם,false,1,21.90,3.65,true,1,
7290013117236,false,בורקס פילו פיצה מעדנות,תנובה קפואים,,,יח`,600,גרם,false,1,21.90,3.65,true,1,
7290013117410,false,בצק פריך מתוק 900 גר`מעדנות,תנובה קפואים,,,יח`,900,גרם,false,1,24,2.67,true,1,
7290013117526,false,בצק שמרים מתוק מעדנות,תנובה קפואים,,,יח`,900,גרם,false,1,22.90,2.54,true,1,
7290013144768,false,סירופ שוקולד מימונס (500 גרם),א.ל.ייצור ושיווק תבלינים בעמ,,,יח`,500,"מ""ל",false,1,15.90,3.18,true,1,
7290013220103,false,דובדבן קפוא א.מ שרון (500 גרם),א.מ. שרון שיווק (2014) בעמ,,,יח`,500,גרם,false,1,24.90,4.98,true,1,
7290013220127,false,דומדמנית שחורה א.מ שרון (500 גרם),א.מ. שרון שיווק (2014) בעמ,,,יח`,500,גרם,false,1,24.90,4.98,true,1,
7290013220134,false,מיקס פירות שדה א.מ שרון (500 גרם),א.מ. שרון שיווק (2014) בעמ,,,יח`,500,גרם,false,1,24.90,4.98,true,1,
7290013220899,false,תות שדה א.מ שרון (500 גרם),א.מ. שרון שיווק (2014) בעמ,,,יח`,500,גרם,false,1,24.90,4.98,true,1,
7290013220929,false,אוכמנית א.מ שרון (400 גרם),א.מ. שרון שיווק (2014) בעמ,,,יח`,400,גרם,false,1,24.90,6.23,true,1,
7290013221001,false,אננס קפוא 500 גר`,א.מ. שרון שיווק (2014) בעמ,,,יח`,500,גרם,false,1,24.90,4.98,true,1,
7290013221018,false,מנגו קפוא 500 גר`,א.מ. שרון שיווק (2014) בעמ,,,יח`,500,גרם,false,1,24.90,4.98,true,1,
7290013268891,false,אוקסיג`ן ג`ל 3 ליטר,החברה הדרומית לשיווק בעמ,,,יח`,3,1 ליטר,false,1,29.90,9.97,true,1,
7290013268938,false,סנובון שלישיה מאסק,החברה הדרומית לשיווק בעמ,,,יח`,195,גרם,false,1,11.90,6.10,true,1,
7290013268983,false,סנו מקסימה מרכך 1 ליטר MOMENTS OF JOY,החברה הדרומית לשיווק בעמ,,,יח`,1,1 ליטר,false,1,17.90,17.90,true,1,
7290013268990,false,מקסימה מרכך סופר מרוכז ביו סנו (1 ליטר),החברה הדרומית לשיווק בעמ,,,יח`,1,1 ליטר,false,1,17.90,17.90,true,1,
7290013269263,false,מקסימה ג`ל כביסה 3 ליטר,החברה הדרומית לשיווק בעמ,,,יח`,3,1 ליטר,false,1,29.60,9.87,true,1,
7290013269287,false,מקסימה ג`ל כביסה 3 ליטר,החברה הדרומית לשיווק בעמ,,,יח`,3000,1 ליטר,false,1,29.60,0.01,true,1,
7290013269652,false,פוליויקס גרניט פורצלן 2 ליטר,החברה הדרומית לשיווק בעמ,,,יח`,2,1 ליטר,false,1,22.90,11.45,true,1,
7290013284105,false,פריניר זיתים טבעות ירוק a2,אבאל יזמות בעמ,,,יח`,560,גרם,false,1,8.50,1.52,true,1,
7290013284112,false,פריניר זיתים חרוזית ירוק a2,אבאל יזמות בעמ,,,יח`,100,גרם,false,1,8.50,8.50,true,1,
7290013284136,false,פריניר מלפפון במלח 7-9 560ג.,אבאל יזמות בעמ,,,יח`,560,גרם,false,1,6.50,1.16,true,1,
7290013284174,false,פריניר מלפפונים בחומץ 7-9 560גר.,אבאל יזמות בעמ,,,יח`,560,גרם,false,1,6.50,1.16,true,1,
7290013310101,false,שיפודי במבוק ג`מבו 50 יח,אינטרסן 1996 בעמ,,,יח`,1,,false,1,5.90,5.90,false,1,
7290013358356,false,פירורי לחם מוזהבים מאסטר שף (320גרם),ש.שסטוביץ בעמ,,,יח`,320,גרם,false,1,6.90,2.16,false,1,
7290013358363,false,פירורי לחם פנקו מוזהבים 300 גר`מנה מאסט,ש.שסטוביץ בעמ,,,יח`,300,גרם,false,1,9.90,3.30,false,1,
7290013358462,false,מיני קרוטונים שום בצל 350 גר`מנה מאסטר,ש.שסטוביץ בעמ,,,יח`,350,גרם,false,1,18.90,5.40,true,1,
7290013358585,false,נודלס ביצים 400 גר`מנה מאסטר שף,ש.שסטוביץ בעמ,,,יח`,400,גרם,false,1,9.90,2.48,true,1,
7290013531117,false,רוטב פסטה לילדים יכין (240 גר`),זנלכל בעמ,,,יח`,240,גרם,false,1,5.90,2.46,false,1,
7290013531582,false,זיתים חרוזית יכין 200 גר`שלישייה,זנלכל בעמ,,,יח`,200,גרם,false,1,15.50,7.75,false,1,
7290013531612,false,רוטב נפוליטנה יכין (240 גרם),זנלכל בעמ,,,יח`,240,גרם,false,1,5.90,2.46,false,1,
7290013531759,false,שעועית לבנה מבושלת במים יכין (550 גרם),זנלכל בעמ,,,יח`,550,גרם,false,1,10.50,1.91,false,1,
7290013585387,false,בקבוק זירו קוקה-קולה (1 ליטר),החברה המרכזית להפצת משקאות בעמ,,,יח`,1000,"מ""ל",false,1,7.70,0.74,false,1,
7290013585394,false,בקבוק קוקה-קולה (1 ליטר),החברה המרכזית להפצת משקאות בעמ,,,יח`,1000,"מ""ל",false,1,7.70,0.74,false,1,
7290013608260,false,מיץ רימונים סחוט פרימור (1 ליטר),שטראוס גרופ בעמ/מצונן,,,יח`,1,1 ליטר,false,1,20.90,20.90,false,1,
7290013675545,false,שניצל כלי תחבורה מאמא עוף (700 גרם),תנובה קפואים,,,יח`,700,גרם,false,1,34.90,4.99,true,1,
7290013725769,false,נודלס עבה 400 גר`,דין שיווק וקליה 2021 בעמ,,,יח`,400,גרם,false,1,7.90,1.98,false,1,
7290013847454,false,טונה סטאריקיסט בשמן קנולה רביעייה 160 גר,סטארקיסט דיפלומט היינץ,,,יח`,640,גרם,false,1,24.90,3.89,false,1,
7290013847980,false,סטארקיסט שפע משקל 425 גר`,סטארקיסט דיפלומט היינץ,,,יח`,425,גרם,false,1,17.90,4.21,false,1,
7290013848383,false,ג`ל רחצה לגבר אקטיב בלוק קרמה (700 מל),החברה הדרומית לשיווק בעמ,,,יח`,700,"מ""ל",false,1,15,2.14,true,1,
7290013848758,false,סנו מקסימה ג`ל מרוכז בייבי,החברה הדרומית לשיווק בעמ,,,יח`,3,1 ליטר,false,1,32.90,10.97,false,1,
7290013906441,false,קבנוס 120 גר` טירת צבי,תנובה קפואים,,,יח`,120,גרם,false,1,11.90,9.92,true,1,
7290013906458,false,קבנוס 120 גר` פיקנטי טירת צבי,תנובה קפואים,,,יח`,120,גרם,false,1,11.90,9.92,true,1,
7290014002135,false,תה ירוק מיקס 5 טעמים ויסוצקי (25),תה ויסוצקי (ישראל) בעמ,,,יח`,37.50,גרם,false,1,24.90,66.40,true,1,
7290014002982,false,תה ירוק סטיביה 25 שקיקים,תה ויסוצקי (ישראל) בעמ,,,יח`,1,,false,1,24.90,24.90,true,1,
7290014083813,false,שפורטים בשמן וילי פוד (190 גרם),ג.וילי-פוד אינטרנשיונל בעמ,,,יח`,190,גרם,false,1,7.90,4.16,false,1,
7290014094796,false,משמש מיובש ומסוכר 300 גר` בשקית ששון הקו,דין שיווק וקליה 2021 בעמ,,,יח`,300,גרם,false,1,20.90,6.97,true,1,
7290014094826,false,שזיפים ללא גלעין 300 גר,דין שיווק וקליה 2021 בעמ,,,יח`,300,גרם,false,1,22.90,7.63,true,1,
7290014094833,false,צימוק לבן שקית 300 גר`,דין שיווק וקליה 2021 בעמ,,,יח`,300,גרם,false,1,14.90,4.97,false,1,
7290014094840,false,צימוק חום 300 גר ששון הקולה,דין שיווק וקליה 2021 בעמ,,,יח`,300,גרם,false,1,10.90,3.63,false,1,
7290014094864,false,פיסטוק קלוי 170 גר`ששון הקולה,דין שיווק וקליה 2021 בעמ,,,יח`,170,גרם,false,1,16.90,9.94,false,1,
7290014094895,false,אגוזי מלך קלופים ששון הקולה (150 גרם),דין שיווק וקליה 2021 בעמ,,,יח`,150,גרם,false,1,10.90,7.27,true,1,
7290014094901,false,פקאן טבעי 150 גר`,דין שיווק וקליה 2021 בעמ,,,יח`,150,גרם,false,1,19.90,13.27,false,1,
7290014095861,false,שיבולת שועל דקה שקדיה (500 גרם),דין שיווק וקליה 2021 בעמ,,,יח`,500,גרם,false,1,5.90,1.18,true,1,
7290014095953,false,משוקלדים פקאן חלב 140 גר`בקופסא,דין שיווק וקליה 2021 בעמ,,,יח`,140,גרם,false,1,11.90,8.50,true,1,
7290014095960,false,שיבולת שועל עבה שקדיה (500 גרם),דין שיווק וקליה 2021 בעמ,,,יח`,500,גרם,false,1,5.90,1.18,true,1,
7290014217010,false,דגים 90T-BUL גר`,תבליני טעם וריח בעמ,,,יח`,90,גרם,false,1,12.90,14.33,true,1,
7290014217065,false,אורגנו עלים 30 גר`,תבליני טעם וריח בעמ,,,יח`,30,גרם,false,1,9.90,33,true,1,
7290014217157,false,תיבול טוסקנה 120 גר`,תבליני טעם וריח בעמ,,,יח`,120,גרם,false,1,9.90,8.25,true,1,
7290014217171,false,תיבול גריל דג 100 גר`,תבליני טעם וריח בעמ,,,יח`,100,גרם,false,1,9.90,9.90,true,1,
7290014217263,false,תיבול לפרגית 100 גר`,תבליני טעם וריח בעמ,,,יח`,100,גרם,false,1,9.90,9.90,true,1,
7290014217348,false,צ`ילי כתוש 70 גר`,תבליני טעם וריח בעמ,,,יח`,70,גרם,false,1,9.90,14.14,true,1,
7290014217355,false,קרי אבקה 100 גר`,תבליני טעם וריח בעמ,,,יח`,100,גרם,false,1,9.90,9.90,true,1,
7290014217409,false,תערובת עשבי תיבול הרבס דה פרובנס,תבליני טעם וריח בעמ,,,יח`,30,גרם,false,1,9.90,33,false,1,
7290014218932,false,חטיפי פיצה בתוספת זיתים 710 גר` מעדנות,תנובה קפואים,,,יח`,710,גרם,false,1,33.90,4.77,true,1,
7290014256637,false,יין ספארקלינג מוסקטו 750 מל BUZZ,אגודת הכורמים,,,יח`,750,"מ""ל",false,1,27.90,3.68,true,1,
7290014397286,false,מקסימה מרכך מרוכז חלב ודבש סנו (1 ליטר),החברה הדרומית לשיווק בעמ,,,יח`,1,1 ליטר,false,1,17.90,17.90,true,1,
7290014397873,false,סנו מקסימה מרכך כביסה 4 ליטר gentle bree,החברה הדרומית לשיווק בעמ,,,יח`,4000,"מ""ל",false,1,19.90,0.50,true,1,
7290014471429,false,מוזלי עם פירות שקדיה (1 קג),דין שיווק וקליה 2021 בעמ,,,יח`,1,"ק""ג",false,1,19.90,19.90,false,1,
7290014472990,false,ממרח 100% שקדים שקדיה (300 גרם),דין שיווק וקליה 2021 בעמ,,,יח`,300,גרם,false,1,34.90,11.63,true,1,
7290014525290,false,סלים דליס קריספי תות מרבה (125 גרם),ש.שסטוביץ בעמ,,,יח`,120,גרם,false,1,10.90,9.08,true,1,
7290014525306,false,סלים דליס קריספי אוכמניות מרבה (125 גרם),ש.שסטוביץ בעמ,,,יח`,125,גרם,false,1,10.90,8.72,true,1,
7290014525313,false,סלים דליס קריספי שוקולד מרבה (125 גרם),ש.שסטוביץ בעמ,,,יח`,125,גרם,false,1,10.90,8.72,true,1,
7290014603813,false,שטראוס קרמסימו מסטיגם 1.33 ליטר,גלידות שטראוס בעמ,,,יח`,1.33,1 ליטר,false,1,19.90,14.96,true,1,
7290014648166,false,LA BELLE קרם חמצן 9% 60מל,פארמה דיל (פ.א.ב.) שיווק והפצה,,,יח`,1,,false,1,3.90,3.90,false,1,
7290014648593,false,מקלוני אוזניים פלסטיק 300 יח`LA BELLE,פארמה דיל (פ.א.ב.) שיווק והפצה,,,יח`,1,,false,1,3.90,3.90,false,1,
7290014648944,false,קיסמי מברשת דו צדדים 300 יח,פארמה דיל (פ.א.ב.) שיווק והפצה,,,יח`,1,,false,1,9.90,9.90,false,1,
7290014649033,false,שלישיית ספוגי רחצה עדינים לאמבט מפנק,פארמה דיל (פ.א.ב.) שיווק והפצה,,,יח`,1,,false,1,9.90,9.90,false,1,
7290014673557,false,זעפרן אמיתי תבליני מימון קופסא,א.ל.ייצור ושיווק תבלינים בעמ,,,יח`,500,גרם,false,1,21.90,4.38,false,1,
7290014692305,false,גבינת קממבר 125 גר,ג.וילי-פוד אינטרנשיונל **גבינו,,,יח`,125,גרם,false,1,14.90,11.92,false,1,
7290014692541,false,פתיתים מגורדת וילי פוד (500 גרם)GOLDEN,ג.וילי-פוד אינטרנשיונל **גבינו,,,יח`,500,גרם,false,1,19.90,3.98,false,1,
7290014748590,false,עוף טוב מקלוני דגים בציפוי צ`ילי,קבוצת אסם סחר שות. מוגבלת,,,יח`,600,גרם,false,1,27.90,4.65,true,1,
7290014758100,false,יוגורט ביו 3% תנובה (150x8 גרם),תנובה - חלב,,,יח`,1200,גרם,false,1,16.50,1.38,false,1,
7290014758117,false,יוגורט ביו 1.5% תנובה (150x8 גרם),תנובה - חלב,,,יח`,1200,גרם,false,1,16.50,1.38,false,1,
7290014758162,false,חלב עיזים מלא 3.6% שומן תנובה (1 ליטר),תנובה - חלב,,,יח`,1,1 ליטר,false,1,15,15,false,1,
7290014759084,false,גבינת נפוליאון 225 גר`16% גביע,תנובה - חלב,,,יח`,225,גרם,false,1,13.90,6.18,false,1,
7290014759534,false,פיראוס בולגרית למריחה 5% 200 גר`פיראוס,תנובה - חלב,,,יח`,200,גרם,false,1,14.30,7.15,false,1,
7290014761056,false,מעדן שוקולד חלב יולו (123 גרם),תנובה - חלב,,,יח`,123,"מ""ל",false,1,4.50,3.66,false,1,
7290014761070,false,מעדן שוקולד לבן יולו (123 גרם),תנובה - חלב,,,יח`,123,"מ""ל",false,1,4.50,3.66,false,1,
7290014761414,false,יולו מעדן שכבות שוקולד חלבי לבן,תנובה - חלב,,,יח`,123,"מ""ל",false,1,4.50,3.66,false,1,
7290014761612,false,יולו מעדן שכבות שוקולד מריר לבן,תנובה - חלב,,,יח`,123,"מ""ל",false,1,4.50,3.66,false,1,
7290014762800,false,מעדן סויה טעם שוקולד 125,תנובה - חלב,,,יח`,125,גרם,false,1,4.20,3.36,false,1,
7290014762909,false,פתיתי מוצרלה 200 גרם,תנובה - חלב,,,יח`,200,גרם,false,1,15.90,7.95,false,1,
7290014763098,false,קרם גבינה שמנת 5% טוסקנה 200 גרם,תנובה - חלב,,,יח`,200,גרם,false,1,11.50,5.75,false,1,
7290014910515,false,שימורי דגים שפרוטים מעושנים בשמן צמחי 25,יורוסטנדרט בעמ,,,יח`,250,גרם,false,1,11.90,4.76,false,1,
7290014973060,false,סלמון מעושן 100 גר`,הרמס דגים בעמ,,,יח`,100,גרם,false,1,16.90,16.90,false,1,
7290014973664,false,איקרה אדומה 250 גר`,הרמס דגים בעמ,,,יח`,250,גרם,false,1,13.90,5.56,false,1,
7290014973671,false,איקרה לבנה 250 גר`,הרמס דגים בעמ,,,יח`,250,גרם,false,1,13.90,5.56,false,1,
7290015039246,false,טונה בשמן רביעייה 160 גר - וילי פוד,ג.וילי-פוד אינטרנשיונל בעמ,,,יח`,640,גרם,false,1,21.90,3.42,true,1,
7290015150118,false,עגבניות חתוכות דק בלה איטליה 3*400,תה ויסוצקי (ישראל) בעמ,,,יח`,1.20,"ק""ג",false,1,16.90,14.08,false,1,
7290015150361,false,תה ירוק נענע בתוספת סטיביה ויסוצקי (25),תה ויסוצקי (ישראל) בעמ,,,יח`,68.80,גרם,false,1,24.90,36.19,true,1,
7290015155823,false,פאוץ`פרינוק תפוח 120 גר`,גורי מוצרי צריכה (1991) בעמ,,,יח`,120,גרם,false,1,5.90,4.92,true,1,
7290015155830,false,פאוץ`פרינוק תפוח בננה 120 גר`,גורי מוצרי צריכה (1991) בעמ,,,יח`,120,גרם,false,1,5.90,4.92,true,1,
7290015156776,false,פאוץ`פרינוק פירות טרופיים 120 גר`,גורי מוצרי צריכה (1991) בעמ,,,יח`,120,גרם,false,1,5.90,4.92,true,1,
7290015156790,false,פאוץ`פרינוק לפתן פירות 120 גר`,גורי מוצרי צריכה (1991) בעמ,,,יח`,120,גרם,false,1,5.90,4.92,true,1,
7290015156813,false,פאוץ`פרינוק פירות מעורבים 120 גר`,גורי מוצרי צריכה (1991) בעמ,,,יח`,120,גרם,false,1,5.90,4.92,true,1,
7290015253277,false,פחמים 2קג,פחם קוואנגו סחר בעמ,,,יח`,2000,גרם,false,1,11.90,0.60,false,1,
7290015282000,false,איקרה אדומה 200גר,סלטי שמיר 2006 בעמ,,,יח`,200,גרם,false,1,12.90,6.45,false,1,
7290015282024,false,איקרה לבנה 200גר,סלטי שמיר 2006 בעמ,,,יח`,200,גרם,false,1,12.90,6.45,false,1,
7290015282581,false,חומוס אבו גוש עם חריף 200גר,סלטי שמיר 2006 בעמ,,,יח`,200,גרם,false,1,9.90,4.95,true,1,
7290015282604,false,טחינה מיוחדת 200גר,סלטי שמיר 2006 בעמ,,,יח`,200,גרם,false,1,9.90,4.95,true,1,
7290015282628,false,חציל בטעם כבד 200גר,סלטי שמיר 2006 בעמ,,,יח`,200,גרם,false,1,11.90,5.95,true,1,
7290015282673,false,חציל במיונז ביתי 200גר,סלטי שמיר 2006 בעמ,,,יח`,200,גרם,false,1,9.90,4.95,true,1,
7290015282680,false,קישוא בטעם כבד 200גר,סלטי שמיר 2006 בעמ,,,יח`,200,גרם,false,1,9.90,4.95,true,1,
7290015282697,false,כרוב אדום 200גר,סלטי שמיר 2006 בעמ,,,יח`,200,גרם,false,1,9.90,4.95,true,1,
7290015282727,false,גזר מרוקאי ברוטב פיקנטי 200 גר,סלטי שמיר 2006 בעמ,,,יח`,200,גרם,false,1,11.90,5.95,true,1,
7290015282741,false,חציל תאילנדי 200 גר,סלטי שמיר 2006 בעמ,,,יח`,200,גרם,false,1,11.90,5.95,true,1,
7290015282796,false,סלט תפוח אדמה 200 גר,סלטי שמיר 2006 בעמ,,,יח`,200,גרם,false,1,11.90,5.95,true,1,
7290015320481,false,שוקולד מריר 60% יעד ממתקים,יעד ממתקים בעמ,,,יח`,1,,false,1,3.90,3.90,true,1,
7290015324007,false,פלפל שחור גרוס 80 גר`,תבליני טעם וריח בעמ,,,יח`,80,גרם,false,1,9.90,12.38,false,1,
7290015324014,false,פלפל שחור טחון 80 גר`,תבליני טעם וריח בעמ,,,יח`,80,גרם,false,1,9.90,12.38,false,1,
7290015324038,false,פפריקה מתוקה בשמן 80 גר`,תבליני טעם וריח בעמ,,,יח`,80,גרם,false,1,5.90,7.38,false,1,
7290015324045,false,פפריקה חריפה 80 גר`,תבליני טעם וריח בעמ,,,יח`,80,גרם,false,1,5.90,7.38,false,1,
7290015324052,false,פפריקה מתוקה 80 גר`,תבליני טעם וריח בעמ,,,יח`,80,גרם,false,1,5.90,7.38,false,1,
7290015324069,false,גריל עוף 80 גר`,תבליני טעם וריח בעמ,,,יח`,80,גרם,false,1,5.90,7.38,false,1,
7290015324083,false,מלח לימון 80 גר`,תבליני טעם וריח בעמ,,,יח`,80,גרם,false,1,5.90,7.38,false,1,
7290015324106,false,כורכום טחון 80 גר`,תבליני טעם וריח בעמ,,,יח`,80,גרם,false,1,5.90,7.38,false,1,
7290015324120,false,שום גבישי 80 גר`,תבליני טעם וריח בעמ,,,יח`,80,גרם,false,1,6.90,8.63,false,1,
7290015324526,false,תערובת תיבול לפרגיות 80 גר`,תבליני טעם וריח בעמ,,,יח`,80,גרם,false,1,5.90,7.38,false,1,
7290015324540,false,טימין מיכל גדול 30 גר`,תבליני טעם וריח בעמ,,,יח`,30,גרם,false,1,9.90,33,true,1,
7290015324564,false,כוסברה טחונה מיכל גדול 70 גר`,תבליני טעם וריח בעמ,,,יח`,55,גרם,false,1,9.90,18,true,1,
7290015324571,false,פפריקה מתוקה בשמן בסגנון מרוקאי 400 גר`,תבליני טעם וריח בעמ,,,יח`,400,גרם,false,1,19.90,4.98,false,1,
7290015324588,false,פלפל לבן 100 גר`טעם וריח,תבליני טעם וריח בעמ,,,יח`,100,גרם,false,1,12.90,12.90,true,1,
7290015324663,false,צ`לי גרוס חריף אש 70 גר`,תבליני טעם וריח בעמ,,,יח`,70,גרם,false,1,9.90,14.14,true,1,
7290015347273,false,נטיפי שוקולד לאפייה שוקולדמריר 250גר,מיה תעשיות מזון מ.ת.מ. בעמ,,,יח`,250,גרם,false,1,9.90,3.96,false,1,
7290015366663,false,אקוה פרש 100 מל עדין,גורי ע.ע.ע בעמ,,,יח`,100,גרם,false,1,6.90,6.90,true,1,
7290015366670,false,משחת שיניים בטעם מנטה אקוהפרש (100 מל),גורי ע.ע.ע בעמ,,,יח`,100,"מ""ל",false,1,6.90,6.90,true,1,
7290015395045,false,קינואה שקדיה (400 גרם),דין שיווק וקליה 2021 בעמ,,,יח`,400,גרם,false,1,14.90,3.73,true,1,
7290015597548,false,קרמיסימו בננה שוקולד צ`יפ,גלידות שטראוס בעמ,,,יח`,133,1 ליטר,false,1,19.90,0.15,true,1,
7290015597555,false,קרמיסימו וניל פירות טרופיים סולרו,גלידות שטראוס בעמ,,,יח`,133,1 ליטר,false,1,19.90,0.15,false,1,
7290015652070,false,קשיו קלוי 150 גר` שקית,דין שיווק וקליה 2021 בעמ,,,יח`,150,גרם,false,1,12.90,8.60,true,1,
7290015652087,false,תערובת פיצוחים 150 גר` בשקית,דין שיווק וקליה 2021 בעמ,,,יח`,150,גרם,false,1,12.90,8.60,true,1,
7290015652261,false,בוטנים קלויים 300 גר`,דין שיווק וקליה 2021 בעמ,,,יח`,300,גרם,false,1,10,3.33,false,1,
7290015652322,false,בוטנים אמריקאים מצופים 400 גר`,דין שיווק וקליה 2021 בעמ,,,יח`,400,גרם,false,1,10,2.50,false,1,
7290015733427,false,מטרנה דייסת גם וגם 300 גר`וניל פרו,קבוצת אסם סחר שות. מוגבלת,,,יח`,300,גרם,false,1,18.90,6.30,true,1,
7290015781008,false,יין מרלו ויז`יון טפרברג (750 מל),יקב טפרברג 1870 בעמ (יינות ומש,,,יח`,750,"מ""ל",false,1,39.90,5.28,true,1,
7290015781046,false,יין לבן חצי יבש VISION,יקב טפרברג 1870 בעמ (יינות ומש,,,יח`,750,"מ""ל",false,1,39.90,5.28,true,1,
7290015781053,false,יין לבן יבש ויזון יקב טפרברג (750 מל),יקב טפרברג 1870 בעמ (יינות ומש,,,יח`,750,"מ""ל",false,1,39.90,5.28,true,1,
7290015781114,false,יין אדום אימפרשיין מרלו טפרברג (750 מל),יקב טפרברג 1870 בעמ (יינות ומש,,,יח`,750,"מ""ל",false,1,49.90,6.61,true,1,
7290015781121,false,יין קברנה סובניון 750 מל IMPRESSION,יקב טפרברג 1870 בעמ (יינות ומש,,,יח`,750,"מ""ל",false,1,49.90,6.61,true,1,
7290015781138,false,יין שרדונה 750 מל IMPRESSION,יקב טפרברג 1870 בעמ (יינות ומש,,,יח`,750,"מ""ל",false,1,49.90,6.61,true,1,
7290015781152,false,רוזה אימפרשון יקב טפרברג (750 מל),יקב טפרברג 1870 בעמ (יינות ומש,,,יח`,750,"מ""ל",false,1,49.90,6.61,true,1,
7290015781169,false,יין אדום חצי יבש 750 מל IMPRESSION,יקב טפרברג 1870 בעמ (יינות ומש,,,יח`,750,"מ""ל",false,1,49.90,6.61,true,1,
7290015781282,false,יין גוורצטרמינר 750 מל IMPRESSION,יקב טפרברג 1870 בעמ (יינות ומש,,,יח`,750,"מ""ל",false,1,49.90,6.61,true,1,
7290015781299,false,יין שיראז ויזון יקב טפרברג (750 מל),יקב טפרברג 1870 בעמ (יינות ומש,,,יח`,750,"מ""ל",false,1,39.90,5.28,true,1,
7290015858106,false,ממרח פסטו ביתי 180 גר-על לחם,שטראוס גרופ בעמ/מצונן,,,יח`,180,גרם,false,1,16.90,9.39,false,1,
7290015858175,false,ממרח פלפלים קלויים 180 גר-על לחם,שטראוס גרופ בעמ/מצונן,,,יח`,180,גרם,false,1,16.90,9.39,false,1,
7290015858212,false,ממרח לימון כבוש 180 גר-על לחם,שטראוס גרופ בעמ/מצונן,,,יח`,180,יח`,false,1,16.90,0.09,false,1,
7290015858328,false,איולי פסטו עללחם 295 גר`,שטראוס גרופ בעמ,,,יח`,295,גרם,false,1,12.90,4.37,false,1,
7290015858441,false,איולי פלפלים עללחם 295 גר`,שטראוס גרופ בעמ,,,יח`,295,גרם,false,1,12.90,4.37,false,1,
7290015858687,false,איולי שום עללחם 295 גר`,שטראוס גרופ בעמ,,,יח`,295,גרם,false,1,12.90,4.37,false,1,
7290015865715,false,ענבי ציון תענוג פרי פירות יער 400 גר`,אבאל יזמות בעמ,,,יח`,400,גרם,false,1,16.90,4.23,false,1,
7290015888196,false,שמן חמניות 1 ליטר שוקחה,בני ג`ורג` שוקחה (חיפה) בעמ,,,יח`,1000,"מ""ל",false,1,12.90,1.29,true,1,
7290015968782,false,פדים להסרת איפוא במארז 80*3 יח,אינטרסן 1996 בעמ,,,יח`,1,,false,1,19.90,19.90,true,1,
7290015968997,false,כפפות ניטריל שחורות סייף טאץ XL ללא אבקה,אינטרסן 1996 בעמ,,,יח`,1,,false,1,23.90,23.90,true,1,
7290015996983,false,סוכרלוז 100 שקית אפס קלוריות,שטראוס גרופ בעמ,,,יח`,130,גרם,false,1,25.90,19.92,false,1,
7290016006292,false,נקטר מנגו בננה ספרינג (1 ליטר),יפאורה,,,יח`,1,1 ליטר,false,1,6.90,6.90,false,1,
7290016077759,false,רוטב ברביקין קלאסי 480 גר`היינץ,דיפלומט היינץ,,,יח`,480,גרם,false,1,16.90,3.52,false,1,
7290016150117,false,סלק אדום בוואקום 500 גרם,ביג פוד כחול לבן בעמ*שיק 30 יו,,,יח`,1,,false,1,8.90,8.90,true,1,
7290016150711,false,נוזל קוקוס פחית 400 גר` AVEL,אבאל יזמות בעמ,,,יח`,400,גרם,false,1,5.90,1.48,true,1,
7290016197488,false,מטליות מיקרופייבר למשטחים ניקול) (3,קימברלי קלארק ישראל שיווק בעמ,,,יח`,1,,false,1,15.90,15.90,true,1,
7290016197495,false,מטליות מיקרופייבר לרצפה ניקול) (2,קימברלי קלארק ישראל שיווק בעמ,,,יח`,1,,false,1,24.90,24.90,true,1,
7290016217759,false,סלט חציל מרוקאי 200 גר,סלטי שמיר 2006 בעמ,,,יח`,200,גרם,false,1,11.90,5.95,true,1,
7290016246445,false,טחינה גולמית מעודנת שומשום מלא גר`310,קבוצת אסם סחר שות. מוגבלת,,,יח`,310,גרם,false,1,10.90,3.52,false,1,
7290016276534,false,שמן קוקוס לא מזו,קונסיגנציה-דין שיווק וקליה 202,,,יח`,500,"מ""ל",false,1,34.90,6.98,false,1,
7290016321661,false,פרש וואנס רביעייה מגבונים לחים ללא בישום,דנשר (1963) בעמ,,,יח`,1,,false,1,15.90,15.90,true,1,
7290016321678,false,פרש וואנס רביעייה מגבונים לחים קמומיל,דנשר (1963) בעמ,,,יח`,1,,false,1,15.90,15.90,true,1,
7290016509786,false,פרסיל ג`ל 2.5 ליטר ירוק,גורי שיווק בעמ,,,יח`,2.50,1 ליטר,false,1,34.90,13.96,true,1,
7290016564006,false,מבריקל הפלא- ספוג לכלים שלישייה,אבאל יזמות בעמ,,,יח`,1,,false,1,9.90,9.90,false,1,
7290016564075,false,זוג מטליות מייקרופייבר לניקוי והברקה מבר,אבאל יזמות בעמ,,,יח`,1,,false,1,9.90,9.90,true,1,
7290016564211,false,מארז 3 מטליות מייקרופבר למטבח מבריקל,אבאל יזמות בעמ,,,יח`,1,,false,1,11.90,11.90,true,1,
7290016564235,false,זוג מטליות מיקרופייבר לרצפה גדולות מבריק,אבאל יזמות בעמ,,,יח`,1,,false,1,17.90,17.90,false,1,
7290016564266,false,כיסוי הפלא 30 יח מבריקל,אבאל יזמות בעמ,,,יח`,1,,false,1,9.90,9.90,false,1,
7290016564273,false,שלישיית סחבות לרצפה מבריקל,אבאל יזמות בעמ,,,יח`,1,,false,1,14.90,14.90,false,1,
7290016564297,false,מארז זוג שקיות סנדוויץ 300 גר מבריקל,אבאל יזמות בעמ,,,יח`,1,,false,1,11.90,11.90,true,1,
7290016564310,false,ניילון נצמד זוגות 60 מטר מבריקל,אבאל יזמות בעמ,,,יח`,1,,false,1,9.90,9.90,true,1,
7290016564426,false,מבריקל שקיות אשפה ג`מבו XXL עם ידית 25,אבאל יזמות בעמ,,,יח`,1,,false,1,15.90,15.90,true,1,
7290016564440,false,ספוגית הפלא גדול מארז שישייה מבריקל,אבאל יזמות בעמ,,,יח`,1,,false,1,8.90,8.90,true,1,
7290016621341,false,קמיל אל סבון נוזלי ניקיון ולחות צהוב 1 ל,פישר תעשיות פרמצבטיות בעמ,,,יח`,1,1 ליטר,false,1,15.90,15.90,true,1,
7290016621358,false,קמיל אל סבון נוזלי ניקיון והזנה ורוד 1 ל,פישר תעשיות פרמצבטיות בעמ,,,יח`,1,1 ליטר,false,1,15.90,15.90,true,1,
7290016682335,false,מיץ תפוזים סחוט 2 ליטר פרי ניב,תנובה - פריניב,,,יח`,2,1 ליטר,false,1,25.90,12.80,true,1,
7290016682342,false,מיץ תפוזים ולנסיה 2 ליטר פרי ניב,תנובה - פריניב,,,יח`,2,1 ליטר,false,1,27.90,13.80,true,1,
7290016682397,false,מיץ חמוציות 2 ליטר פיר ניב,תנובה - פריניב,,,יח`,2,1 ליטר,false,1,19.90,9.80,true,1,
7290016717044,false,באזז מנגו 750 מל,אגודת הכורמים,,,יח`,750,"מ""ל",false,1,27.90,3.68,true,1,
7290016717976,false,יין ספארקלינג בטעם אפרסק 750 מל BUZZ,אגודת הכורמים,,,יח`,750,"מ""ל",false,1,27.90,3.68,true,1,
7290016866643,false,משחת שיניים פרודונטקס פרש 75 מל,גורי ע.ע.ע בעמ,,,יח`,75,"מ""ל",false,1,30.90,41.20,true,1,
7290016866667,false,משחת שיניים פרודונטקס פלאוריד 75 מל,גורי ע.ע.ע בעמ,,,יח`,75,"מ""ל",false,1,30.90,41.20,true,1,
7290017062693,false,מרכך מרוכז לבן( 1 ליטר)טאצ`,סאסאטק אגשח בעמ,,,יח`,1,1 ליטר,false,1,10.90,10.90,false,1,
7290017065007,false,מוצרלה פרוסה 200 גר-מדף,מחלבות גד שיווק 1992 בעמ,,,יח`,200,גרם,false,1,17.90,8.95,false,1,
7290017065236,false,גבינה בולגרית מעודנת 24% גד (250 גרם),מחלבות גד שיווק 1992 בעמ,,,יח`,250,גרם,false,1,23.90,9.56,false,1,
7290017065731,false,גבינת שמנת ניו יורק 30% עם כמהין 200 גר`,מחלבות גד שיווק 1992 בעמ,,,יח`,200,גרם,false,1,12.90,6.45,true,1,
7290017065960,false,רוטב פורצ`יני מחלבות גד 200 גר`,מחלבות גד שיווק 1992 בעמ,,,יח`,200,גרם,false,1,14.90,7.45,false,1,
7290017068374,false,שמרים בוואקום 500 גר`מיה,מיה תעשיות מזון מ.ת.מ. בעמ,,,יח`,500,גרם,false,1,12.50,2.50,false,1,
7290017068848,false,סוכריות קישוט לעוגה צבעוני 200 גר`` צנצ,מיה תעשיות מזון מ.ת.מ. בעמ,,,יח`,200,גרם,false,1,9.90,4.95,false,1,
7290017088051,false,חיתולים בייביסיטר מידה 3 (52 יח),שקד תבל בעמ,,,יח`,1,,false,1,32.90,32.90,true,1,
7290017088631,false,מגבוני טולי רביעייה ללא בישום,שקד תבל בעמ,,,יח`,1,,false,1,9.90,9.90,true,1,
7290017088815,false,תחבושות BREEZE נורמל 12 יח`,שקד תבל בעמ,,,יח`,1,,false,1,18.90,18.90,false,1,
7290017088839,false,תחבושות BREEZE אקסטרה פלוס 8 יח`,שקד תבל בעמ,,,יח`,1,,false,1,18.90,18.90,false,1,
7290017106069,false,קוביות סלק 550 גר`יכין,זנלכל בעמ,,,יח`,550,גרם,false,1,9.90,1.80,false,1,
7290017121093,false,אריסה חריפה250 גר עללחם,שטראוס גרופ בעמ/מצונן,,,יח`,250,גרם,false,1,13.90,5.56,false,1,
7290017142111,false,פתיתי טונה בהירה בשמן זית אריזת to go עץ,סוגת תעשיות בעמ,,,יח`,85,גרם,false,1,9.90,11.65,true,1,
7290017142166,false,פילה טונה פרוס עם שמן זית 120 גר`עץ הזי,סוגת תעשיות בעמ,,,יח`,120,גרם,false,1,14.90,12.42,true,1,
7290017142180,false,פילה טונה פרוס עם שמן זית טעם לימון עם פ,סוגת תעשיות בעמ,,,יח`,120,גרם,false,1,14.90,12.42,true,1,
7290017142340,false,שמן זרעי ענבים מזוכך 1 ליטר עץ הזית,סוגת תעשיות בעמ,,,יח`,1,1 ליטר,false,1,29.90,29.90,true,1,
7290017142388,false,שמן חמניות פלוס 1 ליטר אומגה 3 עץ הזית,סוגת תעשיות בעמ,,,יח`,1,1 ליטר,false,1,15.90,15.90,true,1,
7290017142395,false,פסטה עם טונה בשמן זית 160 גר`עץ הזית,סוגת תעשיות בעמ,,,יח`,160,גרם,false,1,13.90,8.69,true,1,
7290017142456,false,נתחי טונה בשמן זית 160*2 גר עץ הזית,סוגת תעשיות בעמ,,,יח`,320,גרם,false,1,27.90,8.72,true,1,
7290017142487,false,בורגול עם גרגירי חומוס עם טונה בשמן זית,סוגת תעשיות בעמ,,,יח`,160,גרם,false,1,13.90,8.69,true,1,
7290017142500,false,תרסיס שמן זית בטעם שום עץ הזית 150 מל,סוגת תעשיות בעמ,,,יח`,150,"מ""ל",false,1,17.90,11.93,false,1,
7290017197029,false,אל סבון מאסק 1 ליטר LA BELLE,פארמה דיל (פ.א.ב.) שיווק והפצה,,,יח`,1,1 ליטר,false,1,8.90,8.90,false,1,
7290017197043,false,אל סבון קלאסיק מרענן 1 ליטר LA BELLE,פארמה דיל (פ.א.ב.) שיווק והפצה,,,יח`,1,1 ליטר,false,1,8.90,8.90,false,1,
7290017289168,false,יין אדום יבש 750 מל ישראלי,יקב טפרברג 1870 בעמ (יינות ומש,,,יח`,750,"מ""ל",false,1,21.90,2.88,true,1,
7290017289175,false,יין פטיט סירה 750 מל ישראלי,יקב טפרברג 1870 בעמ (יינות ומש,,,יח`,750,"מ""ל",false,1,21.90,2.88,true,1,
7290017289182,false,יין לבן חצי יבש 750 מל ישראלי,יקב טפרברג 1870 בעמ (יינות ומש,,,יח`,750,"מ""ל",false,1,21.90,2.88,true,1,
7290017297088,false,ציפס 2 קג,ויטה -פרי גליל (החדשה) בעמ,,,יח`,2000,גרם,false,1,21.90,1.10,false,1,
7290017297095,false,סטייק ציפס 2 קג,ויטה -פרי גליל (החדשה) בעמ,,,יח`,2000,גרם,false,1,21.90,1.10,false,1,
7290017297118,false,ציפס אמריקאי 2 קג,ויטה -פרי גליל (החדשה) בעמ,,,יח`,2000,גרם,false,1,21.90,1.10,false,1,
7290017477305,false,זרעי צ`יה 250 גר`שקדיה,דין שיווק וקליה 2021 בעמ,,,יח`,250,גרם,false,1,9.90,3.96,false,1,
7290017513409,false,תה ירוק סופר פלפל ויסוצקי (25),תה ויסוצקי (ישראל) בעמ,,,יח`,1,,false,1,24.90,24.90,true,1,
7290017513775,false,בייגלהמצופים שוקולד חלב 140 גר` פליפז,תה ויסוצקי (ישראל) בעמ,,,יח`,140,גרם,false,1,8.90,6.36,true,1,
7290017513782,false,בייגלה מצופים שוקולד מריר 140 גר` פליפז,תה ויסוצקי (ישראל) בעמ,,,יח`,140,גרם,false,1,8.90,6.36,true,1,
7290017536521,false,מארז סופגניות ללא גלוטן רביעייה קפוא,דויטש,,,יח`,1,,false,1,19.90,19.90,false,1,
7290017589565,false,יין קלאסיק גוורץ יקבי ברקן (750 מל),טמפו משקאות בעמ,,,יח`,750,"מ""ל",false,1,32.90,4.35,true,1,
7290017617084,false,סטארקיסט מיקס טוגו טונה עם שעועית 185 גר,סטארקיסט דיפלומט היינץ,,,יח`,185,גרם,false,1,12.90,6.97,false,1,
7290017617091,false,סטארקיסט מיקס טוגו טונה עם פתיתים 185 גר,סטארקיסט דיפלומט היינץ,,,יח`,185,גרם,false,1,12.90,6.97,false,1,
7290017617107,false,סטארקיסט מיקס טוגו טונה עם 4 דגנים 185 ג,סטארקיסט דיפלומט היינץ,,,יח`,185,גרם,false,1,12.90,6.97,false,1,
7290017617282,false,נתחי טונה בשמן 140 גר` יונה רביעייה,סטארקיסט דיפלומט היינץ,,,יח`,140,גרם,false,1,21.90,15.64,true,1,
7290017617428,false,סטארקיסט מיקס סלמון עם עם פסטה ברוטב עגב,סטארקיסט דיפלומט היינץ,,,יח`,160,גרם,false,1,14.90,9.31,false,1,
7290017812571,false,תירוש אדום 1 ליטר 100% טבעי,אגודת הכורמים,,,יח`,1,1 ליטר,false,1,19.90,19.90,false,1,
7290017812588,false,תירוש לבן 1 ליטר 100% טבעי,אגודת הכורמים,,,יח`,1,1 ליטר,false,1,19.90,19.90,false,1,
7290017812847,false,יין לבן חצי יבש( 750 מל)פרנ`ץ גוורצרמ,אגודת הכורמים,,,יח`,750,"מ""ל",false,1,29.90,3.95,true,1,
7290017872872,false,בייביביס חטיף אפוי טעם גזר וסלק 40 גר`,דנשר (1963) בעמ,,,יח`,40,גרם,false,1,13.90,34.75,true,1,
7290017928036,false,מקלות גריסני שומשום 175 גר` מאיר בייגל,דנשר (1963) בעמ,,,יח`,175,גרם,false,1,11.90,6.80,true,1,
7290017928821,false,מקלות גריסני קלאסי 200 גר` מאיר בייגל,דנשר (1963) בעמ,,,יח`,200,גרם,false,1,11.90,5.95,true,1,
7290017932231,false,סירופ מייפל טהור גאלה 250 מל,מור-ים מרקטינג בעמ,,,יח`,250,"מ""ל",false,1,26.90,10.76,false,1,
7290018043639,false,פראוד חטיף חלבון שוקולד קריספי 29 גר`,דיפלומט היינץ,,,יח`,29,גרם,false,1,8.90,30.69,false,1,
7290018091074,false,מעדנות בצק עוגיות שוקולד ציפס 300גר,תנובה קפואים,,,יח`,300,גרם,false,1,14.90,4.97,false,1,
7290018091272,false,מעדנות בצק עוגיות קקאו טריפל שוקולד ציפס,תנובה קפואים,,,יח`,300,גרם,false,1,14.90,4.97,false,1,
7290018131831,false,מאגדת שלגוני מילקה 4*66 גרם,נגה גלידות שותפות מוגבלת,,,יח`,284,גרם,false,1,31.90,11.23,false,1,
7290018131879,false,אקסטרים טילון ריבת חלב 6*72 גרם,נגה גלידות שותפות מוגבלת,,,יח`,432,גרם,false,1,31.90,7.38,false,1,
7290018294932,false,מיץ ענבים אדום 1 ליטר,אגודת הכורמים,,,יח`,1,1 ליטר,false,1,12.90,12.90,false,1,
7290018344170,false,חטיף חלווה משומשום מלא בטעם וניל ללא סוכ,אבאל יזמות בעמ,,,יח`,70,גרם,false,1,7.90,11.29,false,1,
7290018359358,false,רוטב עגבניות 200 גר`שלישייה יכין,זנלכל בעמ,,,יח`,600,גרם,false,1,12.90,2.15,false,1,
7290018359662,false,קוביות סלק יכין מארז שלישייה 3*200 גרם,זנלכל בעמ,,,יח`,600,גרם,false,1,14.90,2.48,false,1,
7290018440193,false,בייגלה מצופים קרם בטעם חמאת בוטנים 140,תה ויסוצקי (ישראל) בעמ,,,יח`,140,גרם,false,1,8.90,6.36,true,1,
7290018440209,false,בייגלה בציפוי פאדג` לבן 140 גר` פליפז,תה ויסוצקי (ישראל) בעמ,,,יח`,140,גרם,false,1,8.90,6.36,true,1,
7290018440445,false,טונה בשמן זית 160 גרם,תה ויסוצקי (ישראל) בעמ,,,יח`,160,גרם,false,1,16.90,10.56,true,1,
7290018440476,false,בייגלה מצופה בקרם עוגת גבינה ותותים 140,תה ויסוצקי (ישראל) בעמ,,,יח`,140,גרם,false,1,8.90,6.36,true,1,
7290018440483,false,בייגלה מצופה בקרמל מלוח ושוקולד 140 גר`,תה ויסוצקי (ישראל) בעמ,,,יח`,140,גרם,false,1,8.90,6.36,true,1,
7290018440490,false,סלט טונה עם קוסקוס 150 ג,תה ויסוצקי (ישראל) בעמ,,,יח`,150,גרם,false,1,14.90,9.93,true,1,
7290018440513,false,סלט קליפורניה עם טונה 150 גר`,תה ויסוצקי (ישראל) בעמ,,,יח`,150,גרם,false,1,14.90,9.93,true,1,
7290018471210,false,נקטר אגס תפוח סברס ספרינג (1 ליטר),יפאורה,,,יח`,1,1 ליטר,false,1,6.90,6.90,false,1,
7290018493144,false,קמיל אל סבון היגייני להזנת העור מועשר בש,פישר תעשיות פרמצבטיות בעמ,,,יח`,1000,"מ""ל",false,1,15.90,1.59,true,1,
7290018493977,false,קמיל קלין&קלאם אל סבון היגייני 1 ליטר ד,פישר תעשיות פרמצבטיות בעמ,,,יח`,1,1 ליטר,false,1,15.90,15.90,true,1,
7290018516324,false,פאוץ`פרינוק תפוח ושיבולת שועל 120 גר`,גורי מוצרי צריכה (1991) בעמ,,,יח`,120,גרם,false,1,5.90,4.92,true,1,
7290018516331,false,פאוץ`פרינוק תפוח בננה ושיבולת שועל 120,גורי מוצרי צריכה (1991) בעמ,,,יח`,120,גרם,false,1,5.90,4.92,true,1,
7290018516348,false,פאוץ`פרינוק סלט פירות ושיבולת שועל 120,גורי מוצרי צריכה (1991) בעמ,,,יח`,120,גרם,false,1,5.90,4.92,true,1,
7290018516355,false,ג`וניור תפוח עץ ושיבולת שועל 190 גר`,גורי מוצרי צריכה (1991) בעמ,,,יח`,190,גרם,false,1,6.60,3.47,true,1,
7290018516362,false,ג`וניור תפוח עץ בננה ושיבולת שועל 190 גר,גורי מוצרי צריכה (1991) בעמ,,,יח`,190,גרם,false,1,6.60,3.47,true,1,
7290018652213,false,מאגדת קראנץ בר 6 יח`246 גר`,נגה גלידות שותפות מוגבלת,,,יח`,246,גרם,false,1,29.90,12.15,true,1,
7290018652688,false,לה קרמריה סורבה טרופי ופירות יער,נגה גלידות שותפות מוגבלת,,,יח`,1.40,1 ליטר,false,1,22.90,16.36,true,1,
7290018652909,false,מאגדת גלידה קפה שוקולד ופקאן 5 יח`.,נגה גלידות שותפות מוגבלת,,,יח`,225,גרם,false,1,27.90,12.40,false,1,
7290018724408,false,דגני בוקר נטורלה נוגט ללא גלוטן 375 גר,י.איטליאנו אחזקות בעמ,,,יח`,375,גרם,false,1,19.90,5.31,false,1,
7290018724415,false,דגני בוקר נטורלה בראוניז ללא גלוטן 375,י.איטליאנו אחזקות בעמ,,,יח`,375,גרם,false,1,19.90,5.31,false,1,
7290018792841,false,אבקת קקאו טבעי 150 גר` גאנה,תה ויסוצקי (ישראל) בעמ,,,יח`,150,גרם,false,1,10.90,7.27,true,1,
7290018792858,false,אבקת קקאו טבעי 500 גר` גאנה,תה ויסוצקי (ישראל) בעמ,,,יח`,500,גרם,false,1,25.90,5.18,true,1,
7290018878743,false,חמישיות שוקולד מריר (5*100 גר`) כרמית,כרמית תעשיות ממתקים בעמ,,,יח`,500,גרם,false,1,17.90,3.58,false,1,
7290018893265,false,צ`וקטה עוגות אישיות מריר 240 גרם,ש.שסטוביץ בעמ,,,יח`,240,גרם,false,1,12.90,5.38,true,1,
7290018893661,false,צ`וקטה עוגות אישיות בציפוי שוקולד מריר(,ש.שסטוביץ בעמ,,,יח`,240,גרם,false,1,12.90,5.38,true,1,
7290018893708,false,צ`וקטה עוגיות סנדביץ שוקו 250 גר`,ש.שסטוביץ בעמ,,,יח`,250,גרם,false,1,7.90,3.16,true,1,
7290018893807,false,שוקולד מריר 60% צ`וקטה (100x3 גרם),ש.שסטוביץ בעמ,,,יח`,300,גרם,false,1,12.90,4.30,false,1,
7290018893845,false,פתי בר 400 גר`צ`וקטה,ש.שסטוביץ בעמ,,,יח`,400,גרם,false,1,6.90,1.73,false,1,
7290018893876,false,צ`וקטה עוגות אישיות וניל 200 גרם,ש.שסטוביץ בעמ,,,יח`,200,גרם,false,1,12.90,6.45,true,1,
7290018893906,false,צ`וקטה עוגיות סנדביץ וניל 250 גר`,ש.שסטוביץ בעמ,,,יח`,250,גרם,false,1,7.90,3.16,true,1,
7290018894217,false,בלקוני עוגות מיקס מקס קקאו 350 גר`,ש.שסטוביץ בעמ,,,יח`,350,גרם,false,1,14.90,4.26,true,1,
7290018921654,false,אפקטיב קר תחליב רחצה מועשר בתמצית לבנדר,פישר תעשיות פרמצבטיות בעמ,,,יח`,700,"מ""ל",false,1,16.90,2.41,true,1,
7290018925072,false,משקה קל לימונים ונענע (2 ליטר)פרימור,שטראוס גרופ בעמ/מצונן,,,יח`,2,1 ליטר,false,1,27.90,13.80,false,1,
7290018989128,false,סירופ בטעם ענבים יכין 1 ליטר,זנלכל בעמ,,,יח`,1,1 ליטר,false,1,18.90,18.90,false,1,
7290019056058,false,שוופס מוגז עדין( 1.5 ליטר) תפוח ליים,יפאורה,,,יח`,1.50,1 ליטר,false,1,8.90,5.73,true,1,
7290019056065,false,שוופס מוגז עדין( 1.5 ליטר) פירות יער,יפאורה,,,יח`,1.50,1 ליטר,false,1,8.90,5.73,true,1,
7290019056072,false,שוופס מוגז עדין( 1.5 ליטר) אננס,יפאורה,,,יח`,1.50,1 ליטר,false,1,8.90,5.73,true,1,
7290019056089,false,שוופס מוגז עדין( 1.5 ליטר) ענבי ריזלינג,יפאורה,,,יח`,1.50,1 ליטר,false,1,8.90,5.73,true,1,
7290019056096,false,שוופס מוגז עדין( 1.5 ליטר) אפרסק,יפאורה,,,יח`,1.50,1 ליטר,false,1,8.90,5.73,true,1,
7290019056119,false,מי סודה (1.5 ליטר) שוופס,יפאורה,,,יח`,1.50,1 ליטר,false,1,3.80,2.33,true,1,
7290019056164,false,מי סודה (1.5x4 ליטר)שוופס,יפאורה,,,יח`,6,1 ליטר,false,1,12.20,1.83,false,1,
7290019056171,false,מי סודה (1.5x4 ליטר)בטעם לימון שוופס,יפאורה,,,יח`,6,1 ליטר,false,1,12.20,1.83,false,1,
7290019056249,false,שוופס מים 1.5 ליטר בטעם ענבים,יפאורה,,,יח`,1.50,1 ליטר,false,1,8.90,5.73,true,1,
7290019056256,false,שוופס מים 1.5 ליטר בטעם תפוחים,יפאורה,,,יח`,1.50,1 ליטר,false,1,8.90,5.73,true,1,
7290019056263,false,שוופס מים 1.5 ליטר בטעם אפרסק,יפאורה,,,יח`,1.50,1 ליטר,false,1,8.90,5.73,true,1,
7290019056270,false,שוופס מים 1.5 ליטר בטעם פירות יער,יפאורה,,,יח`,1.50,1 ליטר,false,1,8.90,5.73,true,1,
7290019056317,false,משקה שוופס (1.5 ליטר)ראשן,יפאורה,,,יח`,1500,"מ""ל",false,1,11.90,0.77,false,1,
7290019056324,false,שוופס (1.5 ליטר)מי טוניק,יפאורה,,,יח`,1.50,1 ליטר,false,1,11.90,7.73,false,1,
7290019056355,false,משקה תפוזינה 1.5 ליטר לימונענע,יפאורה,,,יח`,1.50,1 ליטר,false,1,8.90,5.73,true,1,
7290019056362,false,משקה קל תפוזינה 1.5 ליטר ענבים,יפאורה,,,יח`,1.50,1 ליטר,false,1,8.90,5.73,true,1,
7290019056379,false,משקה קל תפוזינה 1.5 ליטר תפוזים,יפאורה,,,יח`,1.50,1 ליטר,false,1,8.90,5.73,true,1,
7290019056386,false,משקה קל תפוזינה 1.5 ליטר אשכוליות,יפאורה,,,יח`,1.50,"מ""ל",false,1,8.90,573.33,true,1,
7290019056393,false,משקה קל תפוזינה 1.5 ליטר תות בננה,יפאורה,,,יח`,1.50,1 ליטר,false,1,8.90,5.73,true,1,
7290019056409,false,משקה קל תפוזינה 1.5 ליטר מנגו,יפאורה,,,יח`,1.50,1 ליטר,false,1,8.90,5.73,true,1,
7290019056423,false,משקה תפוזינה 1.5 ליטר תפוחים,יפאורה,,,יח`,1.50,1 ליטר,false,1,8.90,5.73,true,1,
7290019056508,false,פרוט ווטר 1.5 ליטר בטעם ענבים,יפאורה,,,יח`,1.50,1 ליטר,false,1,8.90,5.73,true,1,
7290019056515,false,פרוט ווטר 1.5 ליטר בטעם אננס,יפאורה,,,יח`,1.50,1 ליטר,false,1,8.90,5.73,true,1,
7290019056522,false,פרוט ווטר 1.5 ליטר בטעם תות,יפאורה,,,יח`,1.50,1 ליטר,false,1,8.90,5.73,true,1,
7290019056539,false,פרוט ווטר 1.5 ליטר בטעם אפרסק,יפאורה,,,יח`,1.50,1 ליטר,false,1,8.90,5.73,true,1,
7290019056546,false,פרוט ווטר 1.5 ליטר בטעם אבטיח,יפאורה,,,יח`,1.50,1 ליטר,false,1,8.90,5.73,true,1,
7290019056553,false,מים מינרלים עין גדי (2x6 ליטר),יפאורה,,,יח`,1.20,1 ליטר,false,1,13.70,9.92,false,1,
7290019056577,false,משקה קל ספרינג 1.5 ליטר מנגו,יפאורה,,,יח`,1.50,1 ליטר,false,1,8.90,5.73,true,1,
7290019056584,false,משקה קל ספרינג 1.5 ליטר תפוזים,יפאורה,,,יח`,1.50,1 ליטר,false,1,8.90,5.73,true,1,
7290019056621,false,משקה קל ספרינג 1.5 ליטר פירות טרופיים,יפאורה,,,יח`,1.50,1 ליטר,false,1,8.90,5.73,true,1,
7290019056638,false,משקה קל ספרינג 1.5 ליטר תות בננה,יפאורה,,,יח`,1.50,1 ליטר,false,1,8.90,5.73,true,1,
7290019056645,false,משקה קל ספרינג 1.5 ליטר אגס תפוח סברס,יפאורה,,,יח`,1.50,1 ליטר,false,1,8.90,5.73,true,1,
7290019056973,false,מים מינרלים (1.5x6 ליטר)מי עדן,יפאורה,,,יח`,9,1 ליטר,false,1,13.90,1.34,false,1,
7290019105107,false,רביעיות מגבונים לתינוק ויקטורי פרימיום מ,טרופיקל-דגיל תעשיות קוסמטיקה ב,,,יח`,1,,false,1,13.90,13.90,false,1,
7290019145486,false,מרקש ערק פסיפלורה 700 מל,אבאל יזמות בעמ,,,יח`,700,"מ""ל",false,1,39.90,5.66,true,1,
7290019167020,false,עוגת גבינה עם פירורים 82 גרם עדן קינוחים,תנובה - חלב,,,יח`,82,גרם,false,1,6.90,8.41,false,1,
7290019167044,false,קצפת עם קרם בייגלה מתוק מלוח 82 גרם עדן,תנובה - חלב,,,יח`,82,גרם,false,1,6.90,8.41,false,1,
7290019232834,false,בייגלה מצופים בקרם עוגיות ושוקולד 140 גר,תה ויסוצקי (ישראל) בעמ,,,יח`,140,גרם,false,1,7.90,5.64,true,1,
7290019297420,false,מעדן פרי תות 284 גר` ללא תוספת סוכר- ש,דין שיווק וקליה 2021 בעמ,,,יח`,284,גרם,false,1,10.90,3.84,true,1,
7290019297543,false,חמאת בוטנים 510 גר` דין שיווק,דין שיווק וקליה 2021 בעמ,,,יח`,510,גרם,false,1,12.90,2.53,true,1,
7290019297628,false,שקד טבעי 150 גרם ששון הקולה,דין שיווק וקליה 2021 בעמ,,,יח`,150,גרם,false,1,13.90,9.27,true,1,
7290019297635,false,שקדים קלויים 150 גר ששון הקולה,דין שיווק וקליה 2021 בעמ,,,יח`,150,גרם,false,1,16.90,11.27,false,1,
7290019302315,false,יין ספארקלין אבטיח מלון 750 מל BUZZ,אגודת הכורמים,,,יח`,750,"מ""ל",false,1,27.90,3.68,true,1,
7290019393047,false,קמח כוסמין לבן ללא צורך בניפוי 1 קג,אבאל יזמות בעמ,,,יח`,1,"ק""ג",false,1,14.90,14.90,false,1,
7290019393061,false,קמח כוסמין 100% ללא צורך בניפוי 1 קג,אבאל יזמות בעמ,,,יח`,1,"ק""ג",false,1,14.90,14.90,false,1,
7290100240137,false,בדין תרסיס למייבש כביסה,יוניליוור ישראל שיווק בעמ,,,יח`,500,"מ""ל",false,1,19.90,3.98,true,1,
7290100243671,false,בדין אקסטרא כחול 960 מל,יוניליוור ישראל שיווק בעמ,,,יח`,960,"מ""ל",false,1,16.90,1.76,true,1,
7290100245231,false,נמס בכוס ועוד טעם עוף שקדי מרק,יוניליוור ישראל שיווק בעמ,,,יח`,50,גרם,false,1,6.90,13.80,true,1,
7290100247969,false,קליק שקיות כריות צ`וקולדה,יוניליוור ישראל שיווק בעמ,,,יח`,75,גרם,false,1,6.50,8.67,true,1,
7290100680667,false,מנה חמה נודלס בסגנון סצ`ואן אסם (76 גרם),קבוצת אסם סחר שות. מוגבלת,,,יח`,76,גרם,false,1,7.90,10.39,true,1,
7290100680711,false,פירורית זהב אסם (350 גרם),קבוצת אסם סחר שות. מוגבלת,,,יח`,350,גרם,false,1,8.90,2.54,false,1,
7290100680728,false,פירורית אסם (350 גרם),קבוצת אסם סחר שות. מוגבלת,,,יח`,350,גרם,false,1,7.90,2.26,false,1,
7290100681015,false,פודינג בטעם ריבת חלב 84 גר`אסם,קבוצת אסם סחר שות. מוגבלת,,,יח`,84,גרם,false,1,5.90,7.02,false,1,
7290100681138,false,אפרופו מארז שלישיה,קבוצת אסם סחר שות. מוגבלת,,,יח`,150,גרם,false,1,13.90,9.27,true,1,
7290100685136,false,אבקת מרק בטעם עוף אסם (1 קג),קבוצת אסם סחר שות. מוגבלת,,,יח`,1,"ק""ג",false,1,14.90,14.90,true,1,
7290100685341,false,אבקת מרק רכיבים 400 גר`,קבוצת אסם סחר שות. מוגבלת,,,יח`,400,גרם,false,1,16.90,4.23,true,1,
7290100689301,false,מרק בטעם עוף זך אסם (400 גרם),קבוצת אסם סחר שות. מוגבלת,,,יח`,400,גרם,false,1,15.90,3.98,true,1,
7290100700020,false,גריסי פנינה סוגת (500 גרם),סוגת תעשיות בעמ,,,יח`,200,גרם,false,1,6.90,3.45,true,1,
7290100700068,false,שעועית צבעונית 500 גר`,סוגת תעשיות בעמ,,,יח`,500,גרם,false,1,11.90,2.38,true,1,
7290100700075,false,פירורי לחם מוזהבים סוגת (200 גרם),סוגת תעשיות בעמ,,,יח`,200,גרם,false,1,4,2,true,1,
7290100700242,false,אורז מלא עגול סוגת (1 קג),סוגת תעשיות בעמ,,,יח`,1000,גרם,false,1,9.90,0.99,false,1,
7290100700396,false,אורז יסמין סוגת (1 קג),סוגת תעשיות בעמ,,,יח`,1,"ק""ג",false,1,12.90,12.90,true,1,
7290100700587,false,בורגול סוגת (500 גרם),סוגת תעשיות בעמ,,,יח`,500,גרם,false,1,5.90,1.18,true,1,
7290100701157,false,אורז להכנת סושי סוגת (1 קג),סוגת תעשיות בעמ,,,יח`,1,"ק""ג",false,1,11.90,11.90,false,1,
7290100702628,false,פתיתים אפויים קוסקוס,סוגת תעשיות בעמ,,,יח`,500,גרם,false,1,5.90,1.18,true,1,
7290100850909,false,חטיף תירס נאצ`ו מקסיקני דוריטוס (70 גרם),שטראוס פריטו ליי בעמ,,,יח`,70,גרם,false,1,3.90,5.57,true,1,
7290100850916,false,חטיף תירס חמוץ חריף דוריטוס (70 גרם),שטראוס פריטו ליי בעמ,,,יח`,70,גרם,false,1,3.90,5.57,true,1,
7290100850923,false,חטיף תירס גריל דוריטוס (70 גרם),שטראוס פריטו ליי בעמ,,,יח`,70,גרם,false,1,3.90,5.57,true,1,
7290100850930,false,חטיף תירס בטעם טבעי דוריטוס (70 גרם),שטראוס פריטו ליי בעמ,,,יח`,70,גרם,false,1,3.90,5.57,true,1,
7290100851968,false,קפה נמס עלית 200 גר`זוג,שטראוס גרופ בעמ,,,יח`,400,גרם,false,1,39.90,9.98,false,1,
7290100858592,false,אבקת קקאו עלית (150 גרם),שטראוס גרופ בעמ,,,יח`,150,גרם,false,1,8.90,5.93,false,1,
7290100858608,false,אבקת קקאו עלית (500 גרם),שטראוס גרופ בעמ,,,יח`,500,גרם,false,1,23.90,4.78,false,1,
7290100924457,false,כדוריות שלישייה בניחוח לימון,גורי שיווק בעמ,,,יח`,1,,false,1,16.90,16.90,true,1,
7290100924464,false,כדוריות שלישייה אקנומיקה,גורי שיווק בעמ,,,יח`,1,,false,1,16.90,16.90,true,1,
7290100924631,false,מרכך כביסה מרוכז בייבי סוד (900 מל),גורי שיווק בעמ,,,יח`,900,"מ""ל",false,1,12.90,1.43,false,1,
7290101455264,false,בקבוק שתייה דגם שקוף-700 מל-מפרץ ההרפ,שמחה זה אנחנו בעמ,,,יח`,1,,false,1,24.90,24.90,false,1,
7290101551027,false,קפסולות 14 למכונות נספרו עלית) (10,שטראוס גרופ בעמ,,,יח`,50,גרם,false,1,16.90,33.80,true,1,
7290101551300,false,סילאן טבעי לחיץ 380 גר`יד מרדכי .,שטראוס גרופ בעמ,,,יח`,380,גרם,false,1,14.90,3.92,false,1,
7290101551584,false,חטיף צ`יפס קידס תפוצ`יפס) (10*20,שטראוס פריטו ליי בעמ,,,יח`,200,גרם,false,1,12.90,6.45,false,1,
7290101551638,false,מארז צ`יטוס כאפה עשירייה עלית,שטראוס פריטו ליי בעמ,,,יח`,200,גרם,false,1,12.90,6.45,true,1,
7290101864127,false,ספריי להסרת כתמים וניש קליה (750 מל),רקיט בנקיזר (ניר איסט) בעמ,,,יח`,750,"מ""ל",false,1,16.90,2.25,false,1,
7290101865261,false,נוזל הברקה למדיח כלים פיניש (800 מל),רקיט בנקיזר (ניר איסט) בעמ,,,יח`,800,"מ""ל",false,1,19.90,2.49,false,1,
7290101866633,false,ג`ל להסרת כתמים וניש קליה (3 ליטר),רקיט בנקיזר (ניר איסט) בעמ,,,יח`,3,1 ליטר,false,1,29.90,9.97,false,1,
7290101866787,false,קליה ג`ל 3 ליטר,רקיט בנקיזר (ניר איסט) בעמ,,,יח`,3,1 ליטר,false,1,29.90,9.97,false,1,
7290102031276,false,שמיניית אקטימל תות בננה,שטראוס גרופ בעמ/מצונן,,,יח`,800,"מ""ל",false,1,19.90,2.49,false,1,
7290102032334,false,קפה נמס וניל עלית (200 גרם),שטראוס גרופ בעמ,,,יח`,200,גרם,false,1,19.90,9.95,false,1,
7290102390427,false,יוגורט ביו פרופ 3% תות מולר (150 גרם),החב` המרכזית - טרה,,,יח`,150,"מ""ל",false,1,5.30,3.53,false,1,
7290102390465,false,מולר מעדן אפרסק 150 מל,החב` המרכזית - טרה,,,יח`,150,"מ""ל",false,1,5.30,3.53,false,1,
7290102390489,false,יוגורט ביו פרופ 3% לימון מולר (150 גרם),החב` המרכזית - טרה,,,יח`,150,"מ""ל",false,1,5.30,3.53,false,1,
7290102391844,false,מולר יוגורט פרי פרופ יער 150 מל,החב` המרכזית - טרה,,,יח`,150,"מ""ל",false,1,5.30,3.53,false,1,
7290102392094,false,חלב עיזים מלא 4.1% משק צוריאל (1 ליטר),החב` המרכזית - טרה,,,יח`,1,1 ליטר,false,1,17.40,17.40,false,1,
7290102393039,false,מולר מיקס יוגורט קרמי,החב` המרכזית - טרה,,,יח`,170,גרם,false,1,6.20,3.65,false,1,
7290102393060,false,מולר מיקס יוגורט קרמי,החב` המרכזית - טרה,,,יח`,170,"מ""ל",false,1,6.20,3.65,false,1,
7290102393169,false,מולר סימפלי פרויט תות שדה,החב` המרכזית - טרה,,,יח`,150,גרם,false,1,5.30,3.53,true,1,
7290102393176,false,מולר סימפלי פרויט אפרסק,החב` המרכזית - טרה,,,יח`,150,גרם,false,1,5.30,3.53,true,1,
7290102393190,false,מולר סימפלי פרויט פירות היער,החב` המרכזית - טרה,,,יח`,150,גרם,false,1,5.30,3.53,true,1,
7290102393268,false,גבינה לבנה 5% 750 גר`פיקוח,החב` המרכזית - טרה,,,יח`,750,גרם,false,1,14.94,1.99,false,1,
7290102393947,false,מולר סימפלי פרויט קיווי,החב` המרכזית - טרה,,,יח`,150,"מ""ל",false,1,5.30,3.53,true,1,
7290102394463,false,גבינה צהובה ואקום 28%,החב` המרכזית - טרה,,,יח`,500,גרם,false,1,29.40,5.88,false,1,
7290102394821,false,גבינה צהובה 200 גר`דק דק 28% אדם נעם,החב` המרכזית - טרה,,,יח`,200,גרם,false,1,17.40,8.70,false,1,
7290102394845,false,גבינה צהובה 200 גר`דק דק 9% נעם,החב` המרכזית - טרה,,,יח`,200,גרם,false,1,17.80,8.90,false,1,
7290102395101,false,ממרח גבינה ושוקולד מוו (200 גרם),החב` המרכזית - טרה,,,יח`,200,גרם,false,1,11.90,5.95,false,1,
7290102395224,false,יוגורט ביו נטורל 1.7% מולר (150x8 גרם),החב` המרכזית - טרה,,,יח`,1200,גרם,false,1,18.80,1.57,false,1,
7290102395231,false,יוגורט ביו נטורל 2.8% מולר (150x8 גרם),החב` המרכזית - טרה,,,יח`,1,,false,1,18.80,18.80,false,1,
7290102395262,false,מאגדת שמינייה מולר סיפלי תות,החב` המרכזית - טרה,,,יח`,1,,false,1,31.40,31.40,false,1,
7290102395439,false,מאגדת שמינייה מולר סיפלי פרוט,החב` המרכזית - טרה,,,יח`,1,,false,1,31.40,31.40,false,1,
7290102395446,false,מעדן בטעם וניל עם קצפת מוו (123 גרם),החב` המרכזית - טרה,,,יח`,123,גרם,false,1,3,2.44,false,1,
7290102395477,false,מעדן בטעם שוקולד קצפת מוו (123 גרם),החב` המרכזית - טרה,,,יח`,123,גרם,false,1,3,2.44,false,1,
7290102395521,false,שמנת לבישול 15% 500 מל,החב` המרכזית - טרה,,,יח`,500,"מ""ל",false,1,17.40,3.48,false,1,
7290102396399,false,מעדן בטעם שוקולד מוו (100x8 גרם),החב` המרכזית - טרה,,,יח`,800,גרם,false,1,14.20,1.78,false,1,
7290102396405,false,מעדן בטעם וניל מוו (100x8 גרם),החב` המרכזית - טרה,,,יח`,800,גרם,false,1,14.20,1.78,false,1,
7290102396436,false,מעדן בטעם שוקולד 1.5% שומן מוו (125 גרם),החב` המרכזית - טרה,,,יח`,125,גרם,false,1,2.90,2.32,true,1,
7290102396443,false,מעדן בטעם וניל 1.5% שומן מוו (125 גרם),החב` המרכזית - טרה,,,יח`,125,גרם,false,1,2.90,2.32,true,1,
7290102396580,false,מעדן מוו שוקולד ומוס שוקולד,החב` המרכזית - טרה,,,יח`,123,גרם,false,1,3,2.44,false,1,
7290102396597,false,מעדן מוו וניל ומוס שוקולד,החב` המרכזית - טרה,,,יח`,123,גרם,false,1,3,2.44,false,1,
7290102396665,false,גבינה צהובה דקה דקה 15% נעם (200 גרם),החב` המרכזית - טרה,,,יח`,200,גרם,false,1,17.80,8.90,false,1,
7290102396719,false,יוגורט 0% תות סימפלי מולר (150 גרם),החב` המרכזית - טרה,,,יח`,150,גרם,false,1,5.30,3.53,true,1,
7290102397075,false,יוגורט 4% בקרטון טרה (1.5 ליטר),החב` המרכזית - טרה,,,יח`,1.50,1 ליטר,false,1,15.70,10.47,false,1,
7290102397204,false,גבינה צהובה נעם דק דק פתח סגור 200 גר,החב` המרכזית - טרה,,,יח`,200,גרם,false,1,17.80,8.90,false,1,
7290102397464,false,מולר נטורל+פקאן גרעינים וחמוציות 150,החב` המרכזית - טרה,,,יח`,150,גרם,false,1,6.20,4.13,false,1,
7290102397600,false,מולר מיקס שקדים ובוטנים בקרמל 170 גרם,החב` המרכזית - טרה,,,יח`,170,גרם,false,1,6.20,3.65,false,1,
7290102397617,false,מולר מיקס קליק 170 גרם,החב` המרכזית - טרה,,,יח`,170,גרם,false,1,6.20,3.65,false,1,
7290102397730,false,גבינה צהובה אמנטל 30% נעם (200 גרם),החב` המרכזית - טרה,,,יח`,200,גרם,false,1,17.80,8.90,false,1,
7290102397747,false,מוצרלה נעם פתיחה חוזרת 200 גר`,החב` המרכזית - טרה,,,יח`,200,גרם,false,1,19.90,9.95,false,1,
7290102397891,false,גבינה מותכת 100 גר צוריאל,החב` המרכזית - טרה,,,יח`,100,גרם,false,1,7.90,7.90,false,1,
7290102398065,false,חלב קרטון 2 ליטר 3% מהדרין וסט,החב` המרכזית - טרה,,,יח`,2,1 ליטר,false,1,12.46,6.23,false,1,
7290102398331,false,חלב מועשר דל לקטוז 1 ליטר טרה,החב` המרכזית - טרה,,,יח`,1,1 ליטר,false,1,7.50,7.50,false,1,
7290102398553,false,משקה שוקו בקבוק 1.5 ליטר בבקבוק,החב` המרכזית - טרה,,,יח`,1500,"מ""ל",false,1,16.70,1.11,false,1,
7290102398560,false,משקה שוקו מועשר בבקבוק 1 ליטר טרה,החב` המרכזית - טרה,,,יח`,1,1 ליטר,false,1,12.10,12.10,false,1,
7290102398577,false,שוקו מעושר בבקבוק 250 מל טרה,החב` המרכזית - טרה,,,יח`,250,"מ""ל",false,1,5.20,2.08,false,1,
7290102398614,false,משקה חלב בטעם בננה 1 ליטר טרה,החב` המרכזית - טרה,,,יח`,1,1 ליטר,false,1,12.10,12.10,false,1,
7290102398669,false,משקה חלב אייס קפוצינו 1 ליטר טרה,החב` המרכזית - טרה,,,יח`,1,1 ליטר,false,1,12.10,12.10,false,1,
7290102398782,false,משקה סויה קלאסי 1 ליטר משק צוריאל,החב` המרכזית - טרה,,,יח`,1,1 ליטר,false,1,9.90,9.90,false,1,
7290102399635,false,Muller Froop TROPICAL קוקוס ואננס 4.1% ש,החב` המרכזית - טרה,,,יח`,150,"מ""ל",false,1,5.30,3.53,false,1,
7290102399772,false,ממרח חמאה מולר במליחות עדינה 250 גר`,החב` המרכזית - טרה,,,יח`,250,גרם,false,1,17.80,7.12,false,1,
7290102399796,false,יוגורט מולר אקטיב לבן חלבון 25 גר,החב` המרכזית - טרה,,,יח`,200,גרם,false,1,6.20,3.10,true,1,
7290102399802,false,יוגורט מולר אקטיב תות חלבון 20גר,החב` המרכזית - טרה,,,יח`,200,גרם,false,1,6.20,3.10,true,1,
7290102399819,false,יוגורט מולר אקטיב פירות יער חלבון 20גר,החב` המרכזית - טרה,,,יח`,200,גרם,false,1,6.20,3.10,true,1,
7290103156466,false,כפות חד פעמיות לפיד) (100,פאלאס תעשיות נטו (2014) בעמ,,,יח`,1,,false,1,9.90,9.90,true,1,
7290103156473,false,כפיות לפיד) (100,פאלאס תעשיות נטו (2014) בעמ,,,יח`,1,,false,1,9.90,9.90,true,1,
7290103401429,false,קפה PLATINUM ברזילאי 200 גר,שטראוס גרופ בעמ,,,יח`,200,גרם,false,1,24.90,12.45,true,1,
7290103702779,false,מפיות טאצ`150 יח,שניב תעשיות נייר בעמ,,,יח`,1,,false,1,7.90,7.90,false,1,
7290103704155,false,מגבות טאצ`6,שניב תעשיות נייר בעמ,,,יח`,1,,false,1,10.90,10.90,false,1,
7290103704575,false,טואלט טאצ` 48 פרמיום,שניב תעשיות נייר בעמ,,,יח`,1,,false,1,37.90,37.90,false,1,
7290103746001,false,ממחטות טאצ`חמישייה צבעוני 500 דף,שניב תעשיות נייר בעמ,,,יח`,1,,false,1,12.90,12.90,false,1,
7290104061417,false,חומוס עם טחינה אחלה (400 גרם),שטראוס גרופ בעמ/מצונן,,,יח`,400,גרם,false,1,11.50,2.88,true,1,
7290104061424,false,חומוס וזעתר אחלה (400 גרם),שטראוס גרופ בעמ/מצונן,,,יח`,400,גרם,false,1,11.50,2.88,true,1,
7290104061431,false,חומוס עם צנובר אחלה (400 גרם),שטראוס גרופ בעמ/מצונן,,,יח`,400,גרם,false,1,11.50,2.88,true,1,
7290104061448,false,חומוס וחריף אחלה (400 גרם),שטראוס גרופ בעמ/מצונן,,,יח`,400,גרם,false,1,11.50,2.88,true,1,
7290104066566,false,טחינה משומשום מלא אחלה (500 גרם),שטראוס גרופ בעמ/מצונן,,,יח`,500,גרם,false,1,14.90,2.98,true,1,
7290104068546,false,מאסט טעם קולה לימון ללס 28 ג,שטראוס גרופ בעמ,,,יח`,28,גרם,false,1,4.90,17.50,false,1,
7290104501661,false,פודינג בטעם וניל צרפתי 80 גר`אסם,קבוצת אסם סחר שות. מוגבלת,,,יח`,80,גרם,false,1,5.90,7.38,false,1,
7290104570629,false,ממרח תמרים450 גר בדץ,בני ג`ורג` שוקחה (חיפה) בעמ,,,יח`,450,גרם,false,1,5.90,1.31,false,1,
7290104721762,false,קפה טורקי עלית (85x3 גרם),שטראוס גרופ בעמ,,,יח`,255,גרם,false,1,19.90,7.80,false,1,
7290104722530,false,תפוצ`יפס 200 גר` שמנת בצל,שטראוס פריטו ליי בעמ,,,יח`,200,גרם,false,1,10.90,5.45,true,1,
7290104726712,false,מילקי שמיניה,שטראוס גרופ בעמ/מצונן,,,יח`,868,"מ""ל",false,1,19.90,2.29,false,1,
7290104728310,false,שמנת עמידה לקצפת 38% שומן 250 מל,שטראוס גרופ בעמ/מצונן,,,יח`,250,"מ""ל",false,1,6.47,2.59,false,1,
7290104729003,false,שמן זית כתית מעולה יד מרדכי (750 מל),שטראוס גרופ בעמ,,,יח`,750,"מ""ל",false,1,33.90,4.52,true,1,
7290104960239,false,תחליב רחצה בניחוח קמומיל נקה (7507 מל),החברה הדרומית לשיווק בעמ,,,יח`,750,"מ""ל",false,1,10.90,1.45,true,1,
7290104960246,false,תחליב רחצה נקה 7 ורוד ורד,החברה הדרומית לשיווק בעמ,,,יח`,750,"מ""ל",false,1,10.90,1.45,true,1,
7290105360250,false,קפסולות קפה עלית עשיר וארומטי)(10,שטראוס גרופ בעמ,,,יח`,1,,false,1,16.90,16.90,true,1,
7290105360335,false,קפסולות 7 עדין וקטיפתי עלית) (10,שטראוס גרופ בעמ,,,יח`,50,גרם,false,1,16.90,33.80,true,1,
7290105362339,false,שמנת לבישול 15% יטבתה (250 מל),שטראוס גרופ בעמ/מצונן,,,יח`,250,"מ""ל",false,1,8.40,3.36,true,1,
7290105363602,false,מקלות כיף כף קלאסי עלית (40 גרם),שטראוס גרופ בעמ,,,יח`,40,גרם,false,1,5,12.50,true,1,
7290105364302,false,מקלות כיף כף אגוזים עלית (42 גרם),שטראוס גרופ בעמ,,,יח`,42,גרם,false,1,5,11.90,true,1,
7290105366023,false,חצילים בטעם כבד אחלה (400 גרם),שטראוס גרופ בעמ/מצונן,,,יח`,400,גרם,false,1,15.50,3.88,true,1,
7290105368225,false,חומוס עם פלפל שיפקה אחלה (400 גרם),שטראוס גרופ בעמ/מצונן,,,יח`,400,גרם,false,1,11.50,2.88,false,1,
7290105368331,false,מילקי תות פיקוח,שטראוס גרופ בעמ/מצונן,,,יח`,130,"מ""ל",false,1,2.80,2.15,false,1,
7290105368928,false,שמנת חמוצה 9% יטבתה (200 מל),שטראוס גרופ בעמ/מצונן,,,יח`,200,"מ""ל",false,1,3.10,1.55,false,1,
7290105439499,false,מיונז הולנדי מאסטר שף (483 גר`),ש.שסטוביץ בעמ,,,יח`,483,גרם,false,1,11.90,2.46,false,1,
7290105439505,false,מיונז לייט 479 גר מנה מאסטר שף,ש.שסטוביץ בעמ,,,יח`,479,גרם,false,1,11.90,2.48,false,1,
7290105439581,false,חרדל דיז`ון צרפתי מאסטר שף (370 גרם),ש.שסטוביץ בעמ,,,יח`,370,גרם,false,1,11.90,3.22,false,1,
7290105691224,false,חטיף טורטיה שום ובצל אסם (60 גרם),קבוצת אסם סחר שות. מוגבלת,,,יח`,60,גרם,false,1,7.90,13.17,true,1,
7290105691934,false,קמח שמרים אסם (1 קג),קבוצת אסם סחר שות. מוגבלת,,,יח`,1,"ק""ג",false,1,10.90,10.90,false,1,
7290105693341,false,במבה אסם (25x10 גרם),קבוצת אסם סחר שות. מוגבלת,,,יח`,250,גרם,false,1,16.90,6.76,true,1,
7290105694614,false,ספגטי מהיר הכנה אסם (500 גרם),קבוצת אסם סחר שות. מוגבלת,,,יח`,500,גרם,false,1,5.90,1.18,true,1,
7290105962331,false,סחוג חריף מאוד 220 גרם,שטראוס גרופ בעמ/מצונן,,,יח`,220,גרם,false,1,9.90,4.50,false,1,
7290105964564,false,חומוס אחלה (400 גרם),שטראוס גרופ בעמ/מצונן,,,יח`,400,גרם,false,1,8.90,2.23,false,1,
7290105965738,false,דנונה לשתיה תות בננה,שטראוס גרופ בעמ/מצונן,,,יח`,263,"מ""ל",false,1,4.90,1.86,false,1,
7290105968098,false,סלט קולסלאו אחלה (500 גרם),שטראוס גרופ בעמ/מצונן,,,יח`,500,גרם,false,1,15.40,3.08,true,1,
7290105968654,false,רביולי עם בטטה פרווה שטראוס (400 גרם),שטראוס גרופ בעמ/מצונן,,,יח`,400,גרם,false,1,20.90,5.23,true,1,
7290105968777,false,אנרג`י פריכיות תחתית שוקולד מריר,שטראוס גרופ בעמ,,,יח`,80,גרם,false,1,8.90,11.13,true,1,
7290106520066,false,רבע לשבע- רגיל,שטראוס גרופ בעמ,,,יח`,160,גרם,false,1,12.90,8.06,true,1,
7290106520912,false,שמנת לבישול 9% יטבתה (250 מל),שטראוס גרופ בעמ/מצונן,,,יח`,258,"מ""ל",false,1,8.40,3.26,true,1,
7290106526822,false,אנרג`י פריכיות תחתית שוקולד,שטראוס גרופ בעמ,,,יח`,70,גרם,false,1,8.90,12.71,true,1,
7290106572027,false,קרקר לחמית חמישה דגנים אסם (190 גרם),קבוצת אסם סחר שות. מוגבלת,,,יח`,190,גרם,false,1,8.90,4.68,true,1,
7290106572065,false,חטיפי טורטיה בטעם חמוץ מתוק אסם (60 גרם),קבוצת אסם סחר שות. מוגבלת,,,יח`,60,גרם,false,1,7.90,13.17,true,1,
7290106573628,false,חומוס עם טחינה צבר (400 גרם),קבוצת אסם סחר שות. מוגבלת,,,יח`,400,גרם,false,1,12,3,false,1,
7290106574793,false,עוגת הבית שוקוצ`יפס אסם (350 גרם),קבוצת אסם סחר שות. מוגבלת,,,יח`,350,גרם,false,1,11.90,3.40,false,1,
7290106575257,false,עוגת הבית סופלה טעם שוקולד,קבוצת אסם סחר שות. מוגבלת,,,יח`,340,גרם,false,1,11.90,3.50,false,1,
7290106576513,false,חומוס צבר (400 גרם),קבוצת אסם סחר שות. מוגבלת,,,יח`,500,גרם,false,1,11.90,2.38,false,1,
7290106576537,false,חומוס מסעדה צבר (700 גרם),קבוצת אסם סחר שות. מוגבלת,,,יח`,700,גרם,false,1,10.90,1.56,false,1,
7290106576810,false,לה קרמריה 1.4 ריבת חלב,נגה גלידות שותפות מוגבלת,,,יח`,1.40,1 ליטר,false,1,22.90,16.36,true,1,
7290106576858,false,לה קרמריה 1.4 תותים בשמנת,נגה גלידות שותפות מוגבלת,,,יח`,1.40,1 ליטר,false,1,22.90,16.36,true,1,
7290106577282,false,טחינה אמיתית צבר (400 גרם),קבוצת אסם סחר שות. מוגבלת,,,יח`,400,גרם,false,1,11.90,2.98,false,1,
7290106577541,false,סלט כרוב אדום צבר (400 גרם),קבוצת אסם סחר שות. מוגבלת,,,יח`,400,גרם,false,1,10.90,2.73,false,1,
7290106578692,false,במבה ביסלי מיקס 80 גר`,קבוצת אסם סחר שות. מוגבלת,,,יח`,80,גרם,false,1,4.30,5.38,true,1,
7290106578821,false,עוגת הבית שמרים שוקולד קלאסית,קבוצת אסם סחר שות. מוגבלת,,,יח`,350,גרם,false,1,17.90,5.11,true,1,
7290106652996,false,כיף כף מקלות קוקוס,שטראוס גרופ בעמ,,,יח`,42,גרם,false,1,5,11.90,true,1,
7290106656727,false,חיוכיםשוקו 600 גר בדצ,שטראוס גרופ בעמ,,,יח`,600,גרם,false,1,17.90,2.98,false,1,
7290106656734,false,חיוכים וניל600 גר בדצ,שטראוס גרופ בעמ,,,יח`,600,גרם,false,1,17.90,2.98,false,1,
7290106666788,false,סוכ`נוסטלגיה דבש ממולאות,שטראוס גרופ בעמ,,,יח`,80,גרם,false,1,5.90,7.38,false,1,
7290106668577,false,יד מרדכי מיץ לימון 250 מל,שטראוס גרופ בעמ,,,יח`,250,"מ""ל",false,1,7.90,3.16,true,1,
7290106669857,false,קפסולות קפה עלית בטעם וניל 50 גר,שטראוס גרופ בעמ,,,יח`,50,גרם,false,1,16.90,33.80,true,1,
7290106720626,false,חטיף תירס בטעם גבינה צ`יטוס (80 גרם),שטראוס פריטו ליי בעמ,,,יח`,80,גרם,false,1,4.50,5.63,false,1,
7290106725867,false,סירופ מייפל טהור ללס יד מרדכי 189 גר,שטראוס גרופ בעמ,,,יח`,189,"מ""ל",false,1,29.90,15.82,false,1,
7290106727984,false,כיף כף פצפצים עלית (135 גרם),שטראוס גרופ בעמ,,,יח`,135,גרם,false,1,9.90,7.33,false,1,
7290107280723,false,נוזל לניקוי כלים לימון 700 מל,החברה הדרומית לשיווק בעמ,,,יח`,700,"מ""ל",false,1,7.90,1.13,true,1,
7290107280730,false,נוזל לניקוי כלים 700מל בניחוח לבנדר,החברה הדרומית לשיווק בעמ,,,יח`,700,"מ""ל",false,1,7.90,1.13,true,1,
7290107280747,false,נוזל לניקוי כלים קלאסי 700 מל,החברה הדרומית לשיווק בעמ,,,יח`,700,"מ""ל",false,1,7.90,1.13,true,1,
7290107280754,false,נוזל לניקוי כלים היפואלרגני,החברה הדרומית לשיווק בעמ,,,יח`,700,"מ""ל",false,1,7.90,1.13,true,1,
7290107645928,false,קליק ביסקויט לבן 75 גר,יוניליוור ישראל שיווק בעמ,,,יח`,75,גרם,false,1,6.50,8.67,true,1,
7290107646383,false,מטליות לחות לניקוי רצפות בניחוח לימון,יוניליוור ישראל שיווק בעמ,,,יח`,1,,false,1,10.90,10.90,true,1,
7290107647076,false,קרמיסימו תותים ושוקולד לבן,גלידות שטראוס בעמ,,,יח`,1.33,1 ליטר,false,1,19.90,14.96,true,1,
7290107647663,false,שטראוס קרמיסימו בננה טופי,גלידות שטראוס בעמ,,,יח`,1330,"מ""ל",false,1,19.90,1.50,true,1,
7290107647816,false,ברנפלקס ללתס 500 גר`בדצ,יוניליוור ישראל שיווק בעמ,,,יח`,500,גרם,false,1,22.90,4.58,true,1,
7290107649643,false,קליק חטיף שוקולד בטעפ כדורי שוקולד 70 גר,יוניליוור ישראל שיווק בעמ,,,יח`,70,גרם,false,1,6.50,9.29,true,1,
7290107649773,false,שטראוס קרמיסימו טעם פיסטוק ושוקולד עם רי,גלידות שטראוס בעמ,,,יח`,1.33,1 ליטר,false,1,19.90,14.96,true,1,
7290107871990,false,פסטה צינורות מהדרין אסם (500 גרם),קבוצת אסם סחר שות. מוגבלת,,,יח`,500,גרם,false,1,5.90,1.18,true,1,
7290107875271,false,ביסלי ברביקיו מארז 4יח*55גרם,קבוצת אסם סחר שות. מוגבלת,,,יח`,220,גרם,false,1,12.90,5.86,true,1,
7290107875820,false,קרוטונים אפויים בתיבול ביתי,קבוצת אסם סחר שות. מוגבלת,,,יח`,180,גרם,false,1,10.90,6.06,false,1,
7290107932080,false,חלב 3% מועשר בבקבוק יטבתה (1 ליטר),שטראוס גרופ בעמ/מצונן,,,יח`,1000,"מ""ל",false,1,7.60,0.76,false,1,
7290107936309,false,דנונה יווני לבן 7%,שטראוס גרופ בעמ/מצונן,,,יח`,130,גרם,false,1,3.50,2.69,false,1,
7290107937627,false,צנצנת קוביות ספירמינט גומי לעיסה 58גר,שטראוס גרופ בעמ,,,יח`,58,גרם,false,1,9.90,17.07,true,1,
7290107937634,false,צנצנת קוביות פפירמינט גומי לעיסה 58גר,שטראוס גרופ בעמ,,,יח`,58,גרם,false,1,9.90,17.07,true,1,
7290107937856,false,קפסולות קפה עלית 100% גואטמלה) (10,שטראוס גרופ בעמ,,,יח`,50,גרם,false,1,16.90,33.80,true,1,
7290107938396,false,אקטימל תות שמינייה בנים,שטראוס גרופ בעמ/מצונן,,,יח`,864,גרם,false,1,19.90,2.30,false,1,
7290107943192,false,שמנת חמוצה מהערבה 27% שומן יטבתה,שטראוס גרופ בעמ/מצונן,,,יח`,200,"מ""ל",false,1,3.90,1.95,false,1,
7290107943369,false,קוואקר שיבולת שועל ללא גולטן 511 גר`,שטראוס פריטו ליי בעמ,,,יח`,511,גרם,false,1,19.90,3.89,false,1,
7290107944243,false,אפיפית 200 גר`ללא גולטן בדצ עלית,שטראוס גרופ בעמ,,,יח`,200,גרם,false,1,6.90,3.45,false,1,
7290107945165,false,קונפיטורת משמש 340 גר,שטראוס גרופ בעמ,,,יח`,340,גרם,false,1,11.90,3.50,false,1,
7290107951104,false,בפלות שוקולד 200 גר`עלית,שטראוס גרופ בעמ,,,יח`,200,גרם,false,1,3.90,1.95,false,1,
7290107951715,false,צנצנת קוביות ענבים 58 גר,שטראוס גרופ בעמ,,,יח`,58,גרם,false,1,9.90,17.07,true,1,
7290107953559,false,מארז טורקי לדרך כשלפ,שטראוס גרופ בעמ,,,יח`,168,גרם,false,1,17.90,10.65,false,1,
7290107954709,false,קונפיטורת פירות יער 340 גר יד מרדכי,שטראוס גרופ בעמ,,,יח`,340,גרם,false,1,11.90,3.50,false,1,
7290107956901,false,קפסולות אספרסו בטעם אגוזים עלית,שטראוס גרופ בעמ,,,יח`,50,גרם,false,1,16.90,33.80,true,1,
7290107956925,false,קפסולות קפה עלית אוגנדה 13 למכונות נספרו,שטראוס גרופ בעמ,,,יח`,50,גרם,false,1,16.90,33.80,true,1,
7290107956932,false,קפסולות קפה עלית אידונזיה מס`12,שטראוס גרופ בעמ,,,יח`,50,גרם,false,1,16.90,33.80,true,1,
7290107974066,false,עלי טורטיה קמח מלא 320 גר`מנה מאסטר שף,ש.שסטוביץ בעמ,,,יח`,320,גרם,false,1,9.90,3.09,true,1,
7290107974073,false,עלי טורטיה קמח לבן 320 גר`מנה מאסטר שף,ש.שסטוביץ בעמ,,,יח`,320,גרם,false,1,9.90,3.09,true,1,
7290107974080,false,עלי טורטיה קמח לבן 744 גר`מנה מאסטר שף,ש.שסטוביץ בעמ,,,יח`,744,גרם,false,1,15.90,2.14,false,1,
7290107974837,false,ממרח מתובל שום 253 גר מנה מאסטר שף,ש.שסטוביץ בעמ,,,יח`,253,גרם,false,1,7.90,3.12,true,1,
7290107978347,false,מאסטר שף איטריות בינוניות 400 גר,ש.שסטוביץ בעמ,,,יח`,400,גרם,false,1,5.90,1.48,true,1,
7290108350616,false,סנו מקסימה מרכך 1 ליטר blue blossom,החברה הדרומית לשיווק בעמ,,,יח`,1,1 ליטר,false,1,17.90,17.90,true,1,
7290108350623,false,מקסימה מרכך כביסה סופט סילק סנו (1 ליטר),החברה הדרומית לשיווק בעמ,,,יח`,1,1 ליטר,false,1,17.90,17.90,true,1,
7290108351507,false,מרכך כביסה מקסימה Soft Silk,החברה הדרומית לשיווק בעמ,,,יח`,4,1 ליטר,false,1,19.90,4.98,true,1,
7290108351552,false,ג`ט פלוס לניקוי כללי+חומץ 750 ל סנו,החברה הדרומית לשיווק בעמ,,,יח`,750,"מ""ל",false,1,13.90,1.85,true,1,
7290108351804,false,סנו מקסימה סופר מרוכז (1 ליטר)- בריזה,החברה הדרומית לשיווק בעמ,,,יח`,1,1 ליטר,false,1,17.90,17.90,true,1,
7290108351811,false,סנו מקסימה סופר מרוכז (1 ליטר)- פרחוני,החברה הדרומית לשיווק בעמ,,,יח`,1,1 ליטר,false,1,17.90,17.90,true,1,
7290108351835,false,סנו מקסימהמרכך כביסה 4 ליטר floral touch,החברה הדרומית לשיווק בעמ,,,יח`,4000,"מ""ל",false,1,19.90,0.50,true,1,
7290108351996,false,מרסס בייבי לחיטוי משטחים 99.9% 750 מל ס,החברה הדרומית לשיווק בעמ,,,יח`,750,"מ""ל",false,1,14.90,1.99,true,1,
7290108352207,false,מקסימהקפסולות לכביסה 40 יח` בניחוח flora,החברה הדרומית לשיווק בעמ,,,יח`,1,,false,1,36.90,36.90,true,1,
7290108352214,false,מקסימה קפסולות לכביסה 40 יח` בניחוח fres,החברה הדרומית לשיווק בעמ,,,יח`,1,,false,1,36.90,36.90,true,1,
7290108352528,false,מרסס לניקוי וחיטוי חדרי אמבטיה 99.9% 75,החברה הדרומית לשיווק בעמ,,,יח`,750,"מ""ל",false,1,14.90,1.99,true,1,
7290108352566,false,מקסימה מרכך כביסה 4 ליטר ג`וי,החברה הדרומית לשיווק בעמ,,,יח`,4000,"מ""ל",false,1,19.90,0.50,true,1,
7290108352597,false,מגבונים לניקוי כללי בדלי סנו) (400,החברה הדרומית לשיווק בעמ,,,יח`,1,,false,1,29.90,29.90,false,1,
7290108353686,false,מטלית חלומית לרצפה סנו סושי,החברה הדרומית לשיווק בעמ,,,יח`,1,,false,1,11.90,11.90,true,1,
7290108354270,false,מקסימה מרכך כביסה מרוכז 1ליטר קאלם,החברה הדרומית לשיווק בעמ,,,יח`,1,1 ליטר,false,1,17.90,17.90,true,1,
7290108354751,false,ג`ט פלוס לניקוי כללי+סודה 750 ל סנו,החברה הדרומית לשיווק בעמ,,,יח`,750,"מ""ל",false,1,12.90,1.72,true,1,
7290108356113,false,תחליב רחצה כיף ניחוח דבש 700 מל,החברה הדרומית לשיווק בעמ,,,יח`,700,"מ""ל",false,1,11.90,1.70,true,1,
7290108356120,false,תחליב רחצה כיף ניחוח קוקוס וניל700 מל,החברה הדרומית לשיווק בעמ,,,יח`,700,"מ""ל",false,1,11.90,1.70,true,1,
7290108356137,false,תחליב רחצה כיף ניחוח לבנדר 700 מל,החברה הדרומית לשיווק בעמ,,,יח`,700,"מ""ל",false,1,11.90,1.70,true,1,
7290108356151,false,תחליב רחצה כיף ניחוחמאסק יסמין 700 מל,החברה הדרומית לשיווק בעמ,,,יח`,700,"מ""ל",false,1,11.90,1.70,true,1,
7290108357011,false,כיף מרכך ורד ושמן קוקוי 700,החברה הדרומית לשיווק בעמ,,,יח`,700,"מ""ל",false,1,11.90,1.70,true,1,
7290108357196,false,ג`ט + מתז לניקוי בתוספת תמצית עץ התה 750,החברה הדרומית לשיווק בעמ,,,יח`,750,"מ""ל",false,1,13.90,1.85,true,1,
7290108357233,false,סנו קליר מטליות לחות לניקוי והברקה 50 יח,החברה הדרומית לשיווק בעמ,,,יח`,1,,false,1,11.90,11.90,false,1,
7290108500677,false,כבד דג שיבוט בשמן הדג 115 גר`,ג.וילי-פוד אינטרנשיונל בעמ,,,יח`,115,גרם,false,1,9.90,8.61,true,1,
7290108502541,false,גבינת שמנת טבעי 200 גר` EURO CHEESE,ג.וילי-פוד אינטרנשיונל **גבינו,,,יח`,200,גרם,false,1,12.90,6.45,true,1,
7290108502763,false,גבינת קממבר 200 גר`וילי פוד,ג.וילי-פוד אינטרנשיונל **גבינו,,,יח`,200,גרם,false,1,19.90,9.95,false,1,
7290108503043,false,מארז תפוחונים (3 יח +1 ),ג.וילי-פוד אינטרנשיונל בעמ,,,יח`,0,גרם,false,1,14.90,14.90,false,1,
7290108504378,false,גבינת שמנת עם זיתים 200 גר` EURO CHEESE,ג.וילי-פוד אינטרנשיונל **גבינו,,,יח`,200,גרם,false,1,12.90,6.45,true,1,
7290108505719,false,גבינת מוצרלה מרוגדת 25% שומן( 200 גר`)יו,ג.וילי-פוד אינטרנשיונל **גבינו,,,יח`,200,גרם,false,1,13.90,6.95,true,1,
7290108505726,false,אצבעות-גבינה חצי קשה 25% שומן ( 200 גר),ג.וילי-פוד אינטרנשיונל **גבינו,,,יח`,200,גרם,false,1,13.90,6.95,true,1,
7290108505733,false,צמות -גבינה חצי קשה 25% שומן ( 200 גר) ו,ג.וילי-פוד אינטרנשיונל **גבינו,,,יח`,200,גרם,false,1,13.90,6.95,true,1,
7290108506495,false,כנאפה קפוא 192.5 גר` ולי פוד,ג.וילי-פוד אינטרנשיונל **גבינו,,,יח`,192.50,גרם,false,1,12.90,6.70,true,1,
7290108507058,false,ביסקוויט פריך בשוקולד חלב 100 גר,ג.וילי-פוד אינטרנשיונל בעמ,,,יח`,100,גרם,false,1,6.90,6.90,true,1,
7290108507188,false,כנאפה קפוא 675.5 גר` וילי פוד,ג.וילי-פוד אינטרנשיונל **גבינו,,,יח`,657.50,גרם,false,1,29.90,4.55,true,1,
7290108507652,false,ביסקוויט פריך בשוקולד לבן 100 גר,ג.וילי-פוד אינטרנשיונל בעמ,,,יח`,100,גרם,false,1,6.90,6.90,true,1,
7290108508499,false,איירן משקה יוגורט בסגנון טורקי 293 מל,ג.וילי-פוד אינטרנשיונל **גבינו,,,יח`,293,"מ""ל",false,1,4.90,1.67,true,1,
7290108508772,false,קונכיות פתיתים עם תרד 400 גרם וילי פוד,ג.וילי-פוד אינטרנשיונל בעמ,,,יח`,400,גרם,false,1,5.90,1.48,true,1,
7290108508963,false,גבינת מוצרלה מגורדת 25% שומן( 200 גר`)יו,ג.וילי-פוד אינטרנשיונל **גבינו,,,יח`,200,גרם,false,1,13.90,6.95,true,1,
7290108509137,false,גבינה בולגרית מעודנת 250 גר 5%,ג.וילי-פוד אינטרנשיונל **גבינו,,,יח`,250,גרם,false,1,11.90,4.76,true,1,
7290108509250,false,אנטיפסטי ארטישוק עגבניות מיובשות וצלפים,ג.וילי-פוד אינטרנשיונל בעמ,,,יח`,380,גרם,false,1,22.90,6.03,false,1,
7290108509359,false,פופקורן בציפוי בטעם קרמל 90 גר`,ג.וילי-פוד אינטרנשיונל בעמ,,,יח`,90,גרם,false,1,5.90,6.56,true,1,
7290108509700,false,אורז פרסי 1 קג`DAAWAT וילי פוד,ג.וילי-פוד אינטרנשיונל בעמ,,,יח`,1,"ק""ג",false,1,9.90,9.90,false,1,
7290108509908,false,מנת השף אטריות להכנה מהירה בטעם ירקות,ג.וילי-פוד אינטרנשיונל בעמ,,,יח`,1,,false,1,3.90,3.90,true,1,
7290108509915,false,מנת השף אטריות להכנה מהירה בטעם סיני פ,ג.וילי-פוד אינטרנשיונל בעמ,,,יח`,1,,false,1,3.90,3.90,true,1,
7290108509991,false,רוטב טריאקי 300 מל וילי פוד,ג.וילי-פוד אינטרנשיונל בעמ,,,יח`,300,"מ""ל",false,1,8.90,2.97,false,1,
7290109351025,false,חומוסטחינה חלק צבר (400 גרם),קבוצת אסם סחר שות. מוגבלת,,,יח`,400,גרם,false,1,13.90,3.48,false,1,
7290109358482,false,קרמוגית במילוי חלווה 200 גר` אסם,קבוצת אסם סחר שות. מוגבלת,,,יח`,200,גרם,false,1,11.90,5.95,true,1,
7290109580043,false,שניצל תירס 1.75 קג בדצ זוגלובק,זוגלובק שיווק בעמ,,,יח`,1.80,גרם,false,1,49.90,2772.22,false,1,
7290109580098,false,קבנוס בטעם סרירצ`ה 135 גר,זוגלובק שיווק בעמ,,,יח`,135,גרם,false,1,11.90,8.81,true,1,
7290109580319,false,וונדרס בורגר 280 גרם,זוגלובק-וונדרס,,,יח`,280,גרם,false,1,29.90,10.68,true,1,
7290109580432,false,פסטרמה אקסטרה מעושנת 120 גר`,זוגלובק שיווק בעמ,,,יח`,120,גרם,false,1,13.50,11.25,true,1,
7290110114787,false,נביעות פלוס 1.5 ליטר תפוח,החברה המרכזית להפצת משקאות בעמ,,,יח`,1.50,1 ליטר,false,1,8.90,5.73,false,1,
7290110114794,false,נביעות פלוס 1.5 ליטר אפרסק,החברה המרכזית להפצת משקאות בעמ,,,יח`,1.50,1 ליטר,false,1,8.90,5.73,false,1,
7290110114855,false,נביעות 1.5 ליטר שישייה,החברה המרכזית להפצת משקאות בעמ,,,יח`,9,1 ליטר,false,1,13.90,1.34,true,1,
7290110114893,false,פריגת סחוט תפוז 2 ליטר,החב` המרכזית - טרה,,,יח`,2,1 ליטר,false,1,29.90,14.80,true,1,
7290110114954,false,פריגת תפוזים מתקתק 2 ליטר,החב` המרכזית - טרה,,,יח`,2,1 ליטר,false,1,24.90,12.30,true,1,
7290110114961,false,משקה קל בטעם תפוזים פריגת (1.5 ליטר),החברה המרכזית להפצת משקאות בעמ,,,יח`,1500,"מ""ל",false,1,9.50,0.61,false,1,
7290110114992,false,משקה קל בטעם אשכוליות לייט פריגת (1.5 לי,החברה המרכזית להפצת משקאות בעמ,,,יח`,1500,"מ""ל",false,1,9.50,0.61,false,1,
7290110115081,false,פריגת צלול בטעם ענבים 1.5 ליטר,החברה המרכזית להפצת משקאות בעמ,,,יח`,1500,"מ""ל",false,1,9.50,0.61,false,1,
7290110115203,false,קוקה קולה 1.5 ליטר,החברה המרכזית להפצת משקאות בעמ,,,יח`,0,1 ליטר,false,1,8.90,8.90,false,1,
7290110115227,false,קוקה קולה זירו 1.5 ליטר,החברה המרכזית להפצת משקאות בעמ,,,יח`,1.50,1 ליטר,false,1,8.90,5.73,false,1,
7290110115265,false,ספרייט ליים 1.5 ליטר,החברה המרכזית להפצת משקאות בעמ,,,יח`,1.50,1 ליטר,false,1,8.90,5.73,true,1,
7290110115272,false,ספרייט זירו 1.5 ליטר,החברה המרכזית להפצת משקאות בעמ,,,יח`,1.50,1 ליטר,false,1,8.90,5.73,true,1,
7290110115289,false,ספרייט לימון-נענע 1.5 ליטר,החברה המרכזית להפצת משקאות בעמ,,,יח`,1.50,1 ליטר,false,1,8.50,5.47,true,1,
7290110115302,false,פאנטה אורנג`זירו 1.5 ליטר,החברה המרכזית להפצת משקאות בעמ,,,יח`,1.50,1 ליטר,false,1,9.50,6.13,false,1,
7290110115319,false,פאנטה אקזוטיק 1.5 ליטר,החברה המרכזית להפצת משקאות בעמ,,,יח`,1.50,1 ליטר,false,1,9.50,6.13,false,1,
7290110115364,false,קוקה קולה 1.5 ליטר מארז שישייה,החברה המרכזית להפצת משקאות בעמ,,,יח`,9,1 ליטר,false,1,49.90,5.34,false,1,
7290110115418,false,קוקה קולה זירו 1.5 ליטר מארז שישייה,החברה המרכזית להפצת משקאות בעמ,,,יח`,9,1 ליטר,false,1,49.90,5.34,false,1,
7290110115463,false,פיוז תה 1.5 ליטר בטעם אפרסק,החברה המרכזית להפצת משקאות בעמ,,,יח`,1.50,1 ליטר,false,1,8.90,5.73,false,1,
7290110116064,false,פאנטה זירו פירות ירוק 1.5 ליטר,החברה המרכזית להפצת משקאות בעמ,,,יח`,1.50,1 ליטר,false,1,9.50,6.13,false,1,
7290110116507,false,פריגת מיקס אננס (1 ליטר),החב` המרכזית - טרה,,,יח`,1,1 ליטר,false,1,15.90,15.90,false,1,
7290110320591,false,בולגרית 16% במרקם מעודן 250 גר,תנובה - חלב,,,יח`,250,גרם,false,1,21.90,8.76,false,1,
7290110320683,false,משקה יופלה בטעם תות שמינייה תנובה,תנובה - חלב,,,יח`,0.90,גרם,false,1,17.50,1944.44,false,1,
7290110320867,false,פתיתי עמק למאפים 28% 500 גר,תנובה - חלב,,,יח`,500,גרם,false,1,34.90,6.98,false,1,
7290110321277,false,קוטג בקטנה 5% מהדרין 100 גר`תנובה,תנובה - חלב,,,יח`,100,גרם,false,1,2.50,2.50,false,1,
7290110321284,false,קוטג בקטנה 9% מהדרין 100 גר`תנובה,תנובה - חלב,,,יח`,100,גרם,false,1,2.50,2.50,false,1,
7290110322014,false,טופו בטעם טבעי 300 גר`תנובה,תנובה - חלב,,,יח`,300,גרם,false,1,11.90,3.97,false,1,
7290110323073,false,משקה גו תות פטל 250 מל,תנובה - חלב,,,יח`,250,"מ""ל",false,1,6.20,2.48,false,1,
7290110323714,false,משקה קוקוס שקדים 1 ליטר תנובה,תנובה - חלב,,,יח`,1000,"מ""ל",false,1,11.90,1.19,false,1,
7290110324711,false,ממרח סויה 9% בטעם טבעי 250 גר` תנובה,תנובה - חלב,,,יח`,250,גרם,false,1,8.90,3.56,false,1,
7290110324926,false,משקה סויה ללתס 1 ליטר תנובה,תנובה - חלב,,,יח`,1,"מ""ל",false,1,9.90,990,false,1,
7290110325121,false,משקה גו לייט מנגו אננס 250 מל,תנובה - חלב,,,יח`,250,"מ""ל",false,1,6.10,2.44,false,1,
7290110325619,false,משקה שיבולת שועל 1 ליטר תנובה,תנובה - חלב,,,יח`,1000,"מ""ל",false,1,11.90,1.19,false,1,
7290110325893,false,משקה גו אייס קפה 340 מל,תנובה - חלב,,,יח`,340,גרם,false,1,7.90,2.32,false,1,
7290110326210,false,יופלה און טופ פצפוצים 157 גר`,תנובה - חלב,,,יח`,157,גרם,false,1,4.90,3.12,false,1,
7290110326227,false,יופלה און טופ קורנפלקס 157 גר`,תנובה - חלב,,,יח`,157,גרם,false,1,4.90,3.12,false,1,
7290110326234,false,יופלה און טופ כוכבים 157 גר`,תנובה - חלב,,,יח`,157,גרם,false,1,4.90,3.12,false,1,
7290110327798,false,חטיף חלבון GO בטעם שוקולד 20 גר`חלבון,שקד תבל בעמ,,,יח`,1,,false,1,11.90,11.90,true,1,
7290110327804,false,חטיף חלבון GO בטעם בצק עוגיות 20 גר`חלב,שקד תבל בעמ,,,יח`,1,,false,1,11.90,11.90,true,1,
7290110327811,false,חטיף חלבון GO בטעם בצק קוקוס 20 גר`חלבו,שקד תבל בעמ,,,יח`,1,,false,1,11.90,11.90,true,1,
7290110327828,false,חטיף חלבון GO בטעם חמאת בוטנים 20 גר`חל,שקד תבל בעמ,,,יח`,1,,false,1,11.90,11.90,true,1,
7290110328627,false,יוגורט גו סמיך בננה קרמל 0% שומן 200 גרם,תנובה - חלב,,,יח`,200,גרם,false,1,5.70,2.85,false,1,
7290110328764,false,יוגורט גו סמיך תות 0% שומן 200 גרם,תנובה - חלב,,,יח`,200,גרם,false,1,5.70,2.85,false,1,
7290110328771,false,יוגורט גו סמיך פירות יער 0% שומן 200 גרם,תנובה - חלב,,,יח`,200,גרם,false,1,5.70,2.85,false,1,
7290110328788,false,יוגורט גו סמיך אפרסק 0% שומן 200 גרם,תנובה - חלב,,,יח`,200,גרם,false,1,5.70,2.85,false,1,
7290110329136,false,מעדן חלב גו בטעם שוקולד 12 גר`חלבון,תנובה - חלב,,,יח`,120,גרם,false,1,4.90,4.08,false,1,
7290110329143,false,מעדן חלב גו בטעם שוקולד 12 גר`חלבון,תנובה - חלב,,,יח`,120,גרם,false,1,4.90,4.08,false,1,
7290110329686,false,משקה חלב גו בטעם עוגיות 340 מל,תנובה - חלב,,,יח`,340,גרם,false,1,7.90,2.32,false,1,
7290110329792,false,סויה BIO אפרסק גביע 150 גרם Alternative,תנובה - חלב,,,יח`,150,גרם,false,1,4.50,3,false,1,
7290110329808,false,סויה BIO תות גביע 150 גרם Alternative,תנובה - חלב,,,יח`,150,גרם,false,1,4.50,3,false,1,
7290110329822,false,סויה BIO פירות יער גביע 150 גרם Alternat,תנובה - חלב,,,יח`,150,גרם,false,1,4.50,3,false,1,
7290110554422,false,רוטב עגבניות ופלפלים לשקשוקה 350 גר` יד,שטראוס גרופ בעמ,,,יח`,350,גרם,false,1,10.90,3.11,true,1,
7290110554545,false,קפסולות אספרסו לאפוגטו בטעם קוקוס,שטראוס גרופ בעמ,,,יח`,50,גרם,false,1,16.90,33.80,true,1,
7290110554583,false,מארז צ`יטוס פאפס גבינה (10*20),שטראוס פריטו ליי בעמ,,,יח`,200,גרם,false,1,12.90,6.45,true,1,
7290110554712,false,קפסולות קפה נחת למכונות נספרו עלית,שטראוס גרופ בעמ,,,יח`,1,,false,1,19.90,19.90,true,1,
7290110554729,false,קפסולות 04 למכונות נספרו עלית) (10,שטראוס גרופ בעמ,,,יח`,50,גרם,false,1,16.90,33.80,true,1,
7290110555009,false,פסאטה זוגות 700 גר`,שטראוס גרופ בעמ,,,יח`,700,גרם,false,1,12.90,1.84,false,1,
7290110556242,false,שוקולד פרה מריר פרווה עלית (100 גרם),שטראוס גרופ בעמ,,,יח`,100,גרם,false,1,5.50,5.50,true,1,
7290110557027,false,חומוס אחלה 50% טחינה 400 גרם,שטראוס גרופ בעמ/מצונן,,,יח`,400,גרם,false,1,13.90,3.48,false,1,
7290110557645,false,אנרג`י מיקס צימוקים חמוציות וש. לבן שטרא,שטראוס גרופ בעמ,,,יח`,105,גרם,false,1,14.90,14.19,true,1,
7290110558130,false,אקטיביה עם שיבולת שועל ודבש,שטראוס גרופ בעמ/מצונן,,,יח`,150,גרם,false,1,4.60,3.07,false,1,
7290110558284,false,דנונה ביו מולטי 200 גר`,שטראוס גרופ בעמ/מצונן,,,יח`,200,גרם,false,1,3.90,1.95,false,1,
7290110558666,false,דניאלה מעדן בטעם תפוח (88 גרם),שטראוס גרופ בעמ/מצונן,,,יח`,150,"מ""ל",false,1,4,2.67,false,1,
7290110559007,false,שעועית חומה 380 גר` טעם הטבע שטראוס,שטראוס גרופ בעמ,,,יח`,380,גרם,false,1,6.90,1.82,true,1,
7290110559014,false,שעועית שחורה 380 גר` טעם הטבע שטראוס,שטראוס גרופ בעמ,,,יח`,380,גרם,false,1,6.90,1.82,true,1,
7290110559755,false,ריל מאגדת בוטנים פיסטוק וחמוציות שטראוס,שטראוס גרופ בעמ,,,יח`,105,גרם,false,1,14.90,14.19,true,1,
7290110559762,false,ריל מאגדת אגוזים תמרים קוקוס שטראוס,שטראוס גרופ בעמ,,,יח`,105,גרם,false,1,14.90,14.19,true,1,
7290110560300,false,פריכיות משולשות-פלפל שחור 30 גר`אנג`י,שטראוס גרופ בעמ,,,יח`,30,גרם,false,1,4.90,16.33,false,1,
7290110560324,false,פריכיות משולשות-אפונה ירוקה 30 גר`אנרג,שטראוס גרופ בעמ,,,יח`,30,גרם,false,1,4.90,16.33,false,1,
7290110561352,false,דנונה דל לקטוז ביו 200 גר`,שטראוס גרופ בעמ/מצונן,,,יח`,200,"מ""ל",false,1,3.50,1.75,false,1,
7290110561604,false,מעדן בטעם תות בננה גמדים מעורבב (100x8 ג,שטראוס גרופ בעמ/מצונן,,,יח`,800,"מ""ל",false,1,18.80,2.35,false,1,
7290110563462,false,חלב נטול לקטוז 2% יטבתה בקבוק,שטראוס גרופ בעמ/מצונן,,,יח`,1,1 ליטר,false,1,7.90,7.90,false,1,
7290110564339,false,חומוס הסדרה המובחרת עשיר 30% טחינה 400 ג,שטראוס גרופ בעמ/מצונן,,,יח`,400,גרם,false,1,13.90,3.48,false,1,
7290110564360,false,חומוס הסדרה המובחרת עשיר 40% טחינה 400 ג,שטראוס גרופ בעמ/מצונן,,,יח`,400,גרם,false,1,13.90,3.48,false,1,
7290110565572,false,מארז טורקי לדרך עם הל 168 גר`,שטראוס גרופ בעמ,,,יח`,168,גרם,false,1,17.90,10.65,false,1,
7290110566975,false,דנונה פרו 200 גר`תות,שטראוס גרופ בעמ/מצונן,,,יח`,200,"מ""ל",false,1,5.90,2.95,false,1,
7290110568559,false,חטיף מארז דוריטוס חמוץ חריף 25*10 גר`,שטראוס פריטו ליי בעמ,,,יח`,250,גרם,false,1,13.90,5.56,false,1,
7290110570224,false,משקה קפה קר בטעם עוגיות (230 גר`) יטבתה,שטראוס גרופ בעמ/מצונן,,,יח`,230,"מ""ל",false,1,7.90,3.43,true,1,
7290110571184,false,עדשים חומות 380 גר` טעם הטבע שטראוס,שטראוס גרופ בעמ,,,יח`,380,גרם,false,1,6.90,1.82,true,1,
7290110571375,false,אנרג`י מיקס צימוקים תמרים טופי ופקאן שטר,שטראוס גרופ בעמ,,,יח`,105,גרם,false,1,14.90,14.19,true,1,
7290110571382,false,מעדן חלב בטעם וניל מועשר בחלבון,שטראוס גרופ בעמ/מצונן,,,יח`,150,גרם,false,1,5.20,3.47,true,1,
7290110571405,false,מיני פינוקיות בגביע פסק זמן 180 גר`,שטראוס גרופ בעמ,,,יח`,180,גרם,false,1,10.90,6.06,true,1,
7290110571412,false,מיני פינוקיות בגביע פאדג` 180 גר`,שטראוס גרופ בעמ,,,יח`,180,גרם,false,1,10.90,6.06,true,1,
7290110571474,false,רבע לשבע טבעוני פופקורן,שטראוס גרופ בעמ,,,יח`,160,גרם,false,1,12.90,8.06,true,1,
7290110571481,false,קפה נמס עלית (200 גרם)קמפיין משפטים,שטראוס גרופ בעמ,,,יח`,200,גרם,false,1,19.90,9.95,false,1,
7290110572129,false,כיף כף מקלות שוקולד לבן,שטראוס גרופ בעמ,,,יח`,40,גרם,false,1,5,12.50,true,1,
7290110572969,false,כיף כף פצפצים עלית קרם לבן (40 גר`),שטראוס גרופ בעמ,,,יח`,40,גרם,false,1,4.90,12.25,true,1,
7290110572976,false,כיף כף פצפצים קרם לבן עלית (135 גרם),שטראוס גרופ בעמ,,,יח`,135,גרם,false,1,9.90,7.33,false,1,
7290110576318,false,מארז שלישיית אגוז לבן) (3*100 עלית,שטראוס גרופ בעמ,,,יח`,300,גרם,false,1,24.90,8.30,true,1,
7290110576370,false,מארז שלישיית אגוז מריר (3X100 ) עלית,שטראוס גרופ בעמ,,,יח`,300,גרם,false,1,24.90,8.30,true,1,
7290110576776,false,שוקולד מריר 85% ספלנדיד (100 גרם),שטראוס גרופ בעמ,,,יח`,100,גרם,false,1,10.90,10.90,true,1,
7290111343797,false,מטליות לניקוי חלונות 48 יח ניקול,קימברלי קלארק ישראל שיווק בעמ,,,יח`,1,,false,1,12.90,12.90,true,1,
7290111344206,false,מגבוני האגיס נטורל קייר מבושם 4*64,קימברלי קלארק ישראל שיווק בעמ,,,יח`,1,,false,1,19.90,19.90,false,1,
7290111344824,false,מגן תחתון קוטקס אנטיבקטראלי 52 יח`,קימברלי קלארק ישראל שיווק בעמ,,,יח`,1,,false,1,15.90,15.90,false,1,
7290111346088,false,נייר טואלט מולט דו שכבתי 30 גלילים,קימברלי קלארק ישראל שיווק בעמ,,,יח`,1,,false,1,29.90,29.90,false,1,
7290111346293,false,מגבת נייר רב שימושית שישייה ניקול,קימברלי קלארק ישראל שיווק בעמ,,,יח`,1,,false,1,11.90,11.90,false,1,
7290111346347,false,קלינקס טישו אוריגינל חמישייה,קימברלי קלארק ישראל שיווק בעמ,,,יח`,1,,false,1,14.90,14.90,true,1,
7290111350030,false,רסק תפוחי עץ טבעי בצנצנת 670 גר קלית גת,ליימן שליסל בעמ,,,יח`,670,גרם,false,1,11.90,1.78,false,1,
7290111352942,false,סוכריות טופי (850 גר`) יוגטה,ליימן שליסל בעמ,,,יח`,850,גרם,false,1,20.90,2.46,true,1,
7290111352966,false,יוגטה גומי מקלות ממולאות 250 גר` יוגטה,ליימן שליסל בעמ,,,יח`,250,גרם,false,1,7.90,3.16,true,1,
7290111352973,false,קוביות חמוצות ( 220 גר`)יוגטה,ליימן שליסל בעמ,,,יח`,220,גרם,false,1,7.90,3.59,true,1,
7290111566103,false,פלאפל מרכיבים ביתיים בלבד 590 גר` טבעול,קבוצת אסם סחר שות. מוגבלת,,,יח`,590,גרם,false,1,32.90,5.58,true,1,
7290111566127,false,אוראו מאגדת סנדביץ,נגה גלידות שותפות מוגבלת,,,יח`,198,גרם,false,1,24.90,12.58,true,1,
7290111566271,false,חטיפי תירס 657 גר` טבעול,קבוצת אסם סחר שות. מוגבלת,,,יח`,657,גרם,false,1,29.90,4.55,true,1,
7290111566561,false,שניצל ברוקולי 99 קלוריות 560 גר` טבעול,קבוצת אסם סחר שות. מוגבלת,,,יח`,560,גרם,false,1,32.90,5.88,true,1,
7290111566660,false,קציצות עדשים כתומות 530 גר` טבעול,קבוצת אסם סחר שות. מוגבלת,,,יח`,530,גרם,false,1,32.90,6.21,true,1,
7290111566691,false,שניצל תרד 99 קלוריות 560 גר` טבעול,קבוצת אסם סחר שות. מוגבלת,,,יח`,560,גרם,false,1,32.90,5.88,true,1,
7290111566752,false,שניצל תירס 99 קלוריות 693 גר` טבעול,קבוצת אסם סחר שות. מוגבלת,,,יח`,693,גרם,false,1,32.90,4.75,true,1,
7290111568206,false,ביסלי פארטי מיקס 150 גר` אסם,קבוצת אסם סחר שות. מוגבלת,,,יח`,150,גרם,false,1,7.90,5.27,true,1,
7290111568275,false,נודלס אטריות אורז רחבות 300 גר`אסם,קבוצת אסם סחר שות. מוגבלת,,,יח`,300,גרם,false,1,9.90,3.30,false,1,
7290111568299,false,נודלס אטריות עם תרד 300 גר`אסם,קבוצת אסם סחר שות. מוגבלת,,,יח`,300,גרם,false,1,9.90,3.30,false,1,
7290111930850,false,קראנצוס פיצה 55 גר`,ש.שסטוביץ בעמ,,,יח`,55,גרם,false,1,2.50,4.55,true,1,
7290111930904,false,פוף כוכבים בצל 40 גר`,ש.שסטוביץ בעמ,,,יח`,40,גרם,false,1,3.90,9.75,true,1,
7290111930911,false,פוף לבבות קלאסי 40 גר`,ש.שסטוביץ בעמ,,,יח`,40,גרם,false,1,3.90,9.75,true,1,
7290111933561,false,תעורבת ציפוי נגטס 250 גר`מנה,ש.שסטוביץ בעמ,,,יח`,250,גרם,false,1,7.90,3.16,false,1,
7290112002099,false,קולון ג`ל 2.5 ליטר כחול,רקיט בנקיזר (ניר איסט) בעמ,,,יח`,2.50,1 ליטר,false,1,24.90,9.96,true,1,
7290112002105,false,קולון ג`ל 2.5 ליטר כביסה מרוכז סגול,רקיט בנקיזר (ניר איסט) בעמ,,,יח`,2.50,1 ליטר,false,1,24.90,9.96,true,1,
7290112002112,false,קולון ג`ל 2.5 ליטר בניחוח ורדים ורוד,רקיט בנקיזר (ניר איסט) בעמ,,,יח`,2.50,1 ליטר,false,1,24.90,9.96,true,1,
7290112002129,false,קולון ג`ל 2.5 ליטר בניחוח מרענן ירוק,רקיט בנקיזר (ניר איסט) בעמ,,,יח`,2.50,1 ליטר,false,1,24.90,9.96,true,1,
7290112002136,false,קולון ג`ל 4 ליטר רגיל כחול,רקיט בנקיזר (ניר איסט) בעמ,,,יח`,4,1 ליטר,false,1,34.90,8.73,false,1,
7290112004024,false,וניש גולד ג`ל 940 מ`ל לבן,רקיט בנקיזר (ניר איסט) בעמ,,,יח`,940,"מ""ל",false,1,19.90,2.12,false,1,
7290112004208,false,פיניש 50 טבליות לימון AIO MAX,רקיט בנקיזר (ניר איסט) בעמ,,,יח`,1,,false,1,39.90,39.90,true,1,
7290112004314,false,דטול תרסיס מנקה ומחטא רימונים 750 מל,רקיט בנקיזר (ניר איסט) בעמ,,,יח`,750,"מ""ל",false,1,15.90,2.12,true,1,
7290112004413,false,ספריי להסרת כתמים וניש קליה לבן (750 מל,רקיט בנקיזר (ניר איסט) בעמ,,,יח`,750,"מ""ל",false,1,16.90,2.25,false,1,
7290112005045,false,וניש מסיר כתמים א.לכביסה לבנה 480 גר`,רקיט בנקיזר (ניר איסט) בעמ,,,יח`,480,גרם,false,1,16.90,3.52,true,1,
7290112005052,false,וניש אבקה לכביסה לבנה,רקיט בנקיזר (ניר איסט) בעמ,,,יח`,1.50,"ק""ג",false,1,39.90,26.60,true,1,
7290112005076,false,וניש מסיר כתמים א.לכביסה צבעונית 480 גר`,רקיט בנקיזר (ניר איסט) בעמ,,,יח`,480,גרם,false,1,16.90,3.52,true,1,
7290112330352,false,דנונה פרו 200 גר`וניל 0% שומן,שטראוס גרופ בעמ/מצונן,,,יח`,200,"מ""ל",false,1,5.90,2.95,false,1,
7290112334596,false,שוקולית אבקת שוקו עלית,שטראוס גרופ בעמ,,,יח`,935,גרם,false,1,18.50,1.98,true,1,
7290112334749,false,קפה טורקי עלית (200 גרם) 10% תוספת,שטראוס גרופ בעמ,,,יח`,220,גרם,false,1,15.90,7.23,true,1,
7290112335494,false,הפריכות הטעימות פוטטוס 135 גר`,שטראוס גרופ בעמ,,,יח`,135,גרם,false,1,12.90,9.56,true,1,
7290112335500,false,הפריכיות הטעימות חלבון 135 גר`,שטראוס גרופ בעמ,,,יח`,135,גרם,false,1,12.90,9.56,true,1,
7290112336651,false,מאסט סוכריות ריבת חלב 80 גר ללא סוכר,שטראוס גרופ בעמ,,,יח`,80,גרם,false,1,8.90,11.13,false,1,
7290112337481,false,מאסט סוכריות קפוצ`נו 80 גר ללא סוכר,שטראוס גרופ בעמ,,,יח`,80,גרם,false,1,8.90,11.13,false,1,
7290112339171,false,מעדן מוס שוקולד 81 גר`מילקי,שטראוס גרופ בעמ/מצונן,,,יח`,81,גרם,false,1,3.30,4.07,false,1,
7290112339867,false,גמדים סקוויז בודד תות (100 גר`),שטראוס גרופ בעמ/מצונן,,,יח`,100,גרם,false,1,5.90,5.90,false,1,
7290112339874,false,גמדים סקוויז בודד תות בננה (100 גר`),שטראוס גרופ בעמ/מצונן,,,יח`,100,גרם,false,1,5.90,5.90,false,1,
7290112340276,false,עוגיות קרם קפה עלית 200 גר` עלית,שטראוס גרופ בעמ,,,יח`,200,גרם,false,1,10.90,5.45,true,1,
7290112342102,false,סימפוניה בצל מקורמל 5% שטראוס,שטראוס גרופ בעמ/מצונן,,,יח`,200,גרם,false,1,11.40,5.70,true,1,
7290112343499,false,צ`יטוס 55 גר` puffs,שטראוס פריטו ליי בעמ,,,יח`,60,גרם,false,1,3.50,5.83,true,1,
7290112344724,false,מעדן מוס שוקולד בלונדי 133 גר`מילקי,שטראוס גרופ בעמ/מצונן,,,יח`,133,גרם,false,1,3.30,2.48,false,1,
7290112344786,false,קפה PLATINUMקלאסי 200 גר,שטראוס גרופ בעמ,,,יח`,200,גרם,false,1,24.90,12.45,true,1,
7290112344953,false,סימפוניה חציל קלוי 5%,שטראוס גרופ בעמ/מצונן,,,יח`,200,גרם,false,1,11.40,5.70,true,1,
7290112346360,false,בפלות אחת אחת בציפוי שוקלוד חלב עלית,שטראוס גרופ בעמ,,,יח`,180,גרם,false,1,13.90,7.72,false,1,
7290112346797,false,אקטיביה שיבולת שועל ושזיף 150 גר`,שטראוס גרופ בעמ/מצונן,,,יח`,150,"מ""ל",false,1,4.60,3.07,false,1,
7290112346827,false,אקטימל ויטמין c פטל שמייניה( 100x8),שטראוס גרופ בעמ/מצונן,,,יח`,800,"מ""ל",false,1,19.90,2.49,false,1,
7290112347008,false,גמדים ארוחת בוקר תות סקוויז 100 גר,שטראוס גרופ בעמ/מצונן,,,יח`,100,גרם,false,1,5.90,5.90,false,1,
7290112348999,false,פריכיות טעימות תירס דקות( 135 גר`)עלית,שטראוס גרופ בעמ,,,יח`,135,גרם,false,1,12.90,9.56,true,1,
7290112349606,false,דניאלה מעדן בטעם תות בננה שטראוס (88 גרם,שטראוס גרופ בעמ/מצונן,,,יח`,150,"מ""ל",false,1,4,2.67,false,1,
7290112349705,false,מחית עגבניות קלאסי לפסטה 350 גר` פומודור,שטראוס גרופ בעמ,,,יח`,350,גרם,false,1,10.90,3.11,true,1,
7290112349736,false,רוטב עגבניות לפסטה 350 גר` בזיליקום,שטראוס גרופ בעמ,,,יח`,350,גרם,false,1,10.90,3.11,true,1,
7290112349743,false,רוטב עגבניות פיקנטי לפסטה 350 גר` ארביאט,שטראוס גרופ בעמ,,,יח`,350,גרם,false,1,10.90,3.11,true,1,
7290112349750,false,רוטב עגבניות לפיצה 350 גר`,שטראוס גרופ בעמ,,,יח`,350,גרם,false,1,10.90,3.11,true,1,
7290112350275,false,קפסולות LUNGO למכונות נספרו עלית,שטראוס גרופ בעמ,,,יח`,55,גרם,false,1,16.90,30.73,true,1,
7290112350312,false,קפסולות 15 למכונות נספרו עלית) (10,שטראוס גרופ בעמ,,,יח`,50,גרם,false,1,16.90,33.80,true,1,
7290112350589,false,צ`יקו להכנת משקה צ`יקוריה עלית (65 גרם),שטראוס גרופ בעמ,,,יח`,65,גרם,false,1,9.90,15.23,false,1,
7290112354945,false,תפוצ`יפס (50 גרם)היתר מכירה,שטראוס פריטו ליי בעמ,,,יח`,50,גרם,false,1,3.90,7.80,false,1,
7290112354952,false,תפוצ`יפס פפריקה (50 גרם)היתר מכירה,שטראוס פריטו ליי בעמ,,,יח`,50,גרם,false,1,3.90,7.80,false,1,
7290112355027,false,דנונה פרו 20 גר`חלבון בטעם קרמל מלוח(,שטראוס גרופ בעמ/מצונן,,,יח`,200,"מ""ל",false,1,5.90,2.95,false,1,
7290112355812,false,מילקי טופ קורנפלקס,שטראוס גרופ בעמ/מצונן,,,יח`,130,"מ""ל",false,1,4.90,3.77,false,1,
7290112357045,false,עגבניות איטלקיות מרוסקות 390 גר` טעם הטב,שטראוס גרופ בעמ,,,יח`,500,גרם,false,1,6.90,1.38,true,1,
7290112357106,false,שעועית אדומה 380 גר` טעם הטבע קופסה,שטראוס גרופ בעמ,,,יח`,380,גרם,false,1,6.90,1.82,true,1,
7290112357113,false,גרגרי חומוס 380 גר טעם הטבע קופסה,שטראוס גרופ בעמ,,,יח`,380,גרם,false,1,6.90,1.82,true,1,
7290112358004,false,פסק זמן חטיף קראנץ עלית( 32 גר`),שטראוס גרופ בעמ,,,יח`,32,גרם,false,1,4.90,15.31,false,1,
7290112358219,false,רוטב צ`ילי מתוק יד מרדכי (300 גר`),שטראוס גרופ בעמ,,,יח`,300,גרם,false,1,13.90,4.63,false,1,
7290112358431,false,ביסקוויט עד חצות דאבל 200 גר`,שטראוס גרופ בעמ,,,יח`,200,גרם,false,1,13.90,6.95,true,1,
7290112359353,false,קפה טורקי אלדין ( 200 גר`) עלית,שטראוס גרופ בעמ,,,יח`,200,גרם,false,1,19.90,9.95,true,1,
7290112490032,false,מרק נמס בכוס תירס קנור,יוניליוור ישראל שיווק בעמ,,,יח`,45,גרם,false,1,6.90,15.33,true,1,
7290112490216,false,מרק נמס בכוס טעם עוף קנור (2*24 גר`),יוניליוור ישראל שיווק בעמ,,,יח`,48,גרם,false,1,6.90,14.38,true,1,
7290112490230,false,מרק נמס בכוס אפונה קנור) (25*2,יוניליוור ישראל שיווק בעמ,,,יח`,50,גרם,false,1,6.90,13.80,true,1,
7290112490650,false,קונפיטורת תות שדה (340788 גר`),יוניליוור ישראל שיווק בעמ,,,יח`,340,גרם,false,1,13.90,4.09,true,1,
7290112490667,false,קונפיטורת משמשים (788 340 גר`),יוניליוור ישראל שיווק בעמ,,,יח`,340,גרם,false,1,13.90,4.09,true,1,
7290112490803,false,קליק שקית עוגיות קרמל,יוניליוור ישראל שיווק בעמ,,,יח`,70,גרם,false,1,6.50,9.29,true,1,
7290112490810,false,קליק שקית עוגיות טעם חמאה,יוניליוור ישראל שיווק בעמ,,,יח`,70,גרם,false,1,6.50,9.29,true,1,
7290112490827,false,בדין תרסיס למייבש כביסה בייבי 500 מל,יוניליוור ישראל שיווק בעמ,,,יח`,500,"מ""ל",false,1,19.90,3.98,true,1,
7290112490896,false,רוטב צ`ילי חריף קנור (370מל),יוניליוור ישראל שיווק בעמ,,,יח`,370,"מ""ל",false,1,12.90,3.49,true,1,
7290112491268,false,קליק כדורים פרווה 75 גר,יוניליוור ישראל שיווק בעמ,,,יח`,75,גרם,false,1,6.50,8.67,true,1,
7290112492449,false,שמפו פינוק שיער רגיל 700 מל,יוניליוור ישראל שיווק בעמ,,,יח`,700,גרם,false,1,12.90,1.84,true,1,
7290112492456,false,שמפו לשיער יבש פינוק (700 מל),יוניליוור ישראל שיווק בעמ,,,יח`,700,"מ""ל",false,1,12.90,1.84,true,1,
7290112492470,false,שמפו ומרכך פינוק 2ב (7001 מל),יוניליוור ישראל שיווק בעמ,,,יח`,700,"מ""ל",false,1,12.90,1.84,true,1,
7290112492500,false,שמפו פינוקשמן קוקוס (700מל),יוניליוור ישראל שיווק בעמ,,,יח`,700,"מ""ל",false,1,12.90,1.84,true,1,
7290112492548,false,מרכך לשיער יבש (700 מל)פינוק,יוניליוור ישראל שיווק בעמ,,,יח`,700,"מ""ל",false,1,12.90,1.84,true,1,
7290112492579,false,מרכך פינוקלשיער רגיל (700 מל),יוניליוור ישראל שיווק בעמ,,,יח`,700,"מ""ל",false,1,12.90,1.84,true,1,
7290112492982,false,מרק פטריות רכיבים טבעיים 400 גר`קנור,יוניליוור ישראל שיווק בעמ,,,יח`,400,גרם,false,1,27.90,6.98,true,1,
7290112492999,false,אבקת מרק טעם עוף 400 גר`קנור,יוניליוור ישראל שיווק בעמ,,,יח`,400,גרם,false,1,15.90,3.98,true,1,
7290112493088,false,נמס בכוס עדשים 100% רכיבים טביעיים קנור,יוניליוור ישראל שיווק בעמ,,,יח`,54,גרם,false,1,6.90,12.78,false,1,
7290112493095,false,נמס בכוס עגבניות חריף 100% רכיבים טביעיי,יוניליוור ישראל שיווק בעמ,,,יח`,48,גרם,false,1,6.90,14.38,false,1,
7290112493163,false,חטיף קליק מיקס כריות וגלילית (65 גרם),יוניליוור ישראל שיווק בעמ,,,יח`,65,גרם,false,1,6.50,10,true,1,
7290112493170,false,חטיף כריות נוגט לבן (75 גרם),יוניליוור ישראל שיווק בעמ,,,יח`,75,גרם,false,1,6.50,8.67,true,1,
7290112493293,false,נמס בכוס ירקות 100% רכיבים טביעיים קנור,יוניליוור ישראל שיווק בעמ,,,יח`,44,גרם,false,1,6.90,15.68,true,1,
7290112493927,false,שטראוס קרמיסימו בטעם ריבת חלב,גלידות שטראוס בעמ,,,יח`,1.33,1 ליטר,false,1,19.90,14.96,true,1,
7290112493934,false,שטראוס קרמיסימו וניל צרפתי,גלידות שטראוס בעמ,,,יח`,1.33,1 ליטר,false,1,19.90,14.96,true,1,
7290112493965,false,שטראוס קרמיסימו וניל ומסטיק,גלידות שטראוס בעמ,,,יח`,1.33,1 ליטר,false,1,19.90,14.96,true,1,
7290112494214,false,חטיף קליק ביסקוויט לבן 65 גר`,יוניליוור ישראל שיווק בעמ,,,יח`,65,גרם,false,1,6.50,10,true,1,
7290112494221,false,חטיף ביסקויט שוקולד חלב קליק (65 גרם),יוניליוור ישראל שיווק בעמ,,,יח`,65,גרם,false,1,6.50,10,true,1,
7290112494238,false,חטיף כדורים שוקולד חלב קליק (65 גרם),יוניליוור ישראל שיווק בעמ,,,יח`,65,גרם,false,1,6.50,10,true,1,
7290112494269,false,חטיף קליק כריות צוקולטה 65 גר`,יוניליוור ישראל שיווק בעמ,,,יח`,65,גרם,false,1,6.50,10,true,1,
7290112494276,false,חטיף קליק כריות 65 גר`,יוניליוור ישראל שיווק בעמ,,,יח`,65,גרם,false,1,6.50,10,true,1,
7290112494283,false,חטיף כדורים מעורב חום לבו 65 גר`קליק,יוניליוור ישראל שיווק בעמ,,,יח`,65,גרם,false,1,6.50,10,true,1,
7290112494290,false,קליק שקיות עוגי 65 גר`,יוניליוור ישראל שיווק בעמ,,,יח`,75,גרם,false,1,6.50,8.67,true,1,
7290112494313,false,חטיף קליק קורנפלקס 65 גר`,יוניליוור ישראל שיווק בעמ,,,יח`,65,גרם,false,1,6.50,10,true,1,
7290112494344,false,קורנפלקס של אלופים תלמה (850 גרם)רבנות,יוניליוור ישראל שיווק בעמ,,,יח`,850,גרם,false,1,19.90,2.34,true,1,
7290112494351,false,קורנפלקס של אלופים תלמה (850 גרם).בדצ,יוניליוור ישראל שיווק בעמ,,,יח`,850,גרם,false,1,19.90,2.34,true,1,
7290112494382,false,פירה בטעם ביתי 260 גר`קנור,יוניליוור ישראל שיווק בעמ,,,יח`,260,גרם,false,1,8.90,3.42,false,1,
7290112494795,false,ג`ל כביסה לבנה וצבעונית בניחוח בדין כחול,יוניליוור ישראל שיווק בעמ,,,יח`,2.50,1 ליטר,false,1,29.90,11.96,true,1,
7290112495006,false,כריות נוגט 686 גר` תלמה,יוניליוור ישראל שיווק בעמ,,,יח`,686,גרם,false,1,26.90,3.92,true,1,
7290112495044,false,דגני קוקומן פצפוצים תלמה (375 גרם),יוניליוור ישראל שיווק בעמ,,,יח`,375,גרם,false,1,21.90,5.84,true,1,
7290112495105,false,נישנושים תפוא שמנת בצל 260 גר`,יוניליוור ישראל שיווק בעמ,,,יח`,260,גרם,false,1,12.90,4.96,true,1,
7290112495266,false,קליק דאבל קרם עוגיות 65 גר`,יוניליוור ישראל שיווק בעמ,,,יח`,65,גרם,false,1,6.50,10,true,1,
7290112495273,false,קליק דאבל קרם חלב 65 גר`,יוניליוור ישראל שיווק בעמ,,,יח`,65,גרם,false,1,6.50,10,true,1,
7290112495433,false,דליפקאן תוספת אגוזי פקאן ושקדים תלמה (40,יוניליוור ישראל שיווק בעמ,,,יח`,400,גרם,false,1,22.90,5.73,true,1,
7290112495556,false,קליק חטיף נוגט שלישיות 105 גר`,יוניליוור ישראל שיווק בעמ,,,יח`,105,גרם,false,1,9.90,9.43,true,1,
7290112495785,false,רוטב לסלט שום (300 גרם)הלמנס,יוניליוור ישראל שיווק בעמ,,,יח`,300,גרם,false,1,12.90,4.30,true,1,
7290112495815,false,רוטב לסלט חרדל ודבש לייט (305 גרם)הלמנס,יוניליוור ישראל שיווק בעמ,,,יח`,305,גרם,false,1,12.90,4.23,true,1,
7290112496201,false,אקס בושם כיס שוקולד,יוניליוור ישראל שיווק בעמ,,,יח`,1,,false,1,10,10,true,1,
7290112496447,false,נמס בכוס אקסטרה טעם עוף,יוניליוור ישראל שיווק בעמ,,,יח`,27,גרם,false,1,4.90,18.15,false,1,
7290112496584,false,חטיף קליק כריות בלאק לבן 65 גר,יוניליוור ישראל שיווק בעמ,,,יח`,65,גרם,false,1,6.50,10,true,1,
7290112496591,false,חטיף קליק כריות בלאק חלב 65 גר,יוניליוור ישראל שיווק בעמ,,,יח`,65,גרם,false,1,6.50,10,true,1,
7290112497994,false,גרנולה פרוטאין בתוספת חלבון ואגוזים 300,יוניליוור ישראל שיווק בעמ,,,יח`,300,גרם,false,1,14.90,4.97,true,1,
7290112498847,false,שטראוס קרמיסימו בטעמי נוגט וניל שוקולד,גלידות שטראוס בעמ,,,יח`,1.33,1 ליטר,false,1,19.90,14.96,true,1,
7290112498915,false,מאגדת-מיני מגנום שקדים מובחרים,גלידות שטראוס בעמ,,,יח`,250,גרם,false,1,27.90,11.16,false,1,
7290112498922,false,מאגדת-מיני מגנום לבן,גלידות שטראוס בעמ,,,יח`,1,,false,1,27.90,27.90,false,1,
7290112499059,false,שטראוס קרמיסימו שוקולד לבן ותות,גלידות שטראוס בעמ,,,יח`,1.33,1 ליטר,false,1,19.90,14.96,true,1,
7290112499066,false,שטראוס קרמיסימו שוקולד לבן ופיסטוק,גלידות שטראוס בעמ,,,יח`,1.33,1 ליטר,false,1,19.90,14.96,true,1,
7290112499189,false,שטראוס קרמיסימו חד קרן,גלידות שטראוס בעמ,,,יח`,1.33,1 ליטר,false,1,19.90,14.96,true,1,
7290112499196,false,שטראוס קרמיסימו החלב של הקורנפלקס,גלידות שטראוס בעמ,,,יח`,1.33,1 ליטר,false,1,19.90,14.96,true,1,
7290112499219,false,מאגדת גודיז בטעמי פיסטוק ושוקולד שטראוס,גלידות שטראוס בעמ,,,יח`,235,גרם,false,1,30.90,13.15,false,1,
7290112499776,false,מאגדת לייט וניל עוגיות עד( 99 קלוריות),גלידות שטראוס בעמ,,,יח`,342,גרם,false,1,30.90,9.04,false,1,
7290112499943,false,מאגדת-מיני מגנום קלאסיק שוקולד,גלידות שטראוס בעמ,,,יח`,1,,false,1,32.90,32.90,false,1,
7290112962287,false,שווארמה טבעונית 450 גר` טבעול,קבוצת אסם סחר שות. מוגבלת,,,יח`,450,גרם,false,1,32.90,7.31,true,1,
7290112963918,false,חטיפי קרקר דק רוזמרין 140 גר` פיטנס,קבוצת אסם סחר שות. מוגבלת,,,יח`,140,גרם,false,1,11.90,8.50,true,1,
7290112964434,false,רוטב לסלט קיסר אסם (295 מל),קבוצת אסם סחר שות. מוגבלת,,,יח`,290,"מ""ל",false,1,11.90,4.10,true,1,
7290112964564,false,רוטב אלף האיים לייט לסלט אסם (295 מל),קבוצת אסם סחר שות. מוגבלת,,,יח`,295,"מ""ל",false,1,11.90,4.03,true,1,
7290112964601,false,רוטב בנוסח סצואן 290 מל אסם,קבוצת אסם סחר שות. מוגבלת,,,יח`,290,"מ""ל",false,1,14.90,5.14,true,1,
7290112964724,false,המבורגר טבעוני 580 גר` טבעול,קבוצת אסם סחר שות. מוגבלת,,,יח`,504,גרם,false,1,32.90,6.53,true,1,
7290112965264,false,מרק נמס סוף זוג אפונה בדצ,קבוצת אסם סחר שות. מוגבלת,,,יח`,52,גרם,false,1,5.90,11.35,false,1,
7290112965288,false,מרק נמס בטעם ירקות אסם 52 גר`,קבוצת אסם סחר שות. מוגבלת,,,יח`,52,גרם,false,1,5.90,11.35,false,1,
7290112965943,false,נאגטס ירקות ירוקים ( 500 גר`) טבעול,קבוצת אסם סחר שות. מוגבלת,,,יח`,500,גרם,false,1,31.90,6.38,true,1,
7290112966094,false,עוגת הבית בטעם תפוז מופחת סוכראסם (400 ג,קבוצת אסם סחר שות. מוגבלת,,,יח`,400,גרם,false,1,11.90,2.98,false,1,
7290112966247,false,לחמית כוסמין 200 גר`אסם,קבוצת אסם סחר שות. מוגבלת,,,יח`,200,גרם,false,1,10.90,5.45,true,1,
7290112966803,false,אינסטנט פודינג בטעם שוקולד אסם (88 גרם),קבוצת אסם סחר שות. מוגבלת,,,יח`,88,גרם,false,1,5.90,6.70,false,1,
7290112967572,false,רוטב ברביקיו ( 290 מל) אסם,קבוצת אסם סחר שות. מוגבלת,,,יח`,250,גרם,false,1,11.90,4.76,true,1,
7290112968203,false,סלט טחינה בלאדי 250 גר`צבר,קבוצת אסם סחר שות. מוגבלת,,,יח`,250,גרם,false,1,9.90,3.96,false,1,
7290112968807,false,חטיפי קרקר דק סלק 140 גר` פיטנס,קבוצת אסם סחר שות. מוגבלת,,,יח`,140,גרם,false,1,11.90,8.50,true,1,
7290112968821,false,חטיפי קרקר דק בטטה 140 גר` פיטנס,קבוצת אסם סחר שות. מוגבלת,,,יח`,140,גרם,false,1,11.90,8.50,true,1,
7290113192300,false,חרוזית מושחר 275 גר`בית השיטה,קבוצת אסם סחר שות. מוגבלת,,,יח`,275,גרם,false,1,10.90,3.96,false,1,
7290113192331,false,זיתים ירוקים שלמים גדולים 340 גר`,קבוצת אסם סחר שות. מוגבלת,,,יח`,340,גרם,false,1,9.90,2.91,false,1,
7290113192348,false,זית ירוק טעם שום (34017-19 גר`),קבוצת אסם סחר שות. מוגבלת,,,יח`,340,גרם,false,1,10.90,3.21,true,1,
7290113192355,false,זיתים חרוזית ירוק A2 בית השיטה,קבוצת אסם סחר שות. מוגבלת,,,יח`,560,גרם,false,1,10.90,1.95,true,1,
7290113192362,false,זיתים ירוקים טבעות (560 גרם) בית השיטה,קבוצת אסם סחר שות. מוגבלת,,,יח`,560,גרם,false,1,10.90,1.95,true,1,
7290113192386,false,זיתים סורי מבוקע A2 בית השיטה,קבוצת אסם סחר שות. מוגבלת,,,יח`,560,גרם,false,1,9.90,1.77,false,1,
7290113192393,false,קוקטייל זיתים בית השיטה (336 גרם),קבוצת אסם סחר שות. מוגבלת,,,יח`,336,גרם,false,1,11.90,3.54,false,1,
7290113192539,false,מלפפון במלח 7-9 A2 בית השיטה( 320 גר`),קבוצת אסם סחר שות. מוגבלת,,,יח`,320,גרם,false,1,6.90,2.16,false,1,
7290113192881,false,טורטיה חיטה מופחת קלוריות 270 גר,דין שיווק וקליה 2021 בעמ,,,יח`,270,גרם,false,1,9.90,3.67,true,1,
7290113192997,false,זית מרוקאי 340 גר`בית השיטה,קבוצת אסם סחר שות. מוגבלת,,,יח`,340,גרם,false,1,12.90,3.79,false,1,
7290113193406,false,טבעות קוקטייל זיתים 280 גר`בית השיטה,קבוצת אסם סחר שות. מוגבלת,,,יח`,280,גרם,false,1,12.90,4.61,false,1,
7290113196414,false,אורז בסמטי 1 קג שקדיה,דין שיווק וקליה 2021 בעמ,,,יח`,1,"ק""ג",false,1,9.90,9.90,false,1,
7290113196490,false,פרכיות כוסמת צ`יה במליחות עדינה 150 גר`,דין שיווק וקליה 2021 בעמ,,,יח`,150,גרם,false,1,10.90,7.27,true,1,
7290113196506,false,פרכיות כוסמת ללא מלח 150 גר`,דין שיווק וקליה 2021 בעמ,,,יח`,150,גרם,false,1,10.90,7.27,true,1,
7290113198029,false,פקאן מצופה חלבה 150 גר`,דין שיווק וקליה 2021 בעמ,,,יח`,150,גרם,false,1,14.90,9.93,false,1,
7290113199323,false,טורטיה מיני 150 גר`,דין שיווק וקליה 2021 בעמ,,,יח`,150,גרם,false,1,4.90,3.27,false,1,
7290113560109,false,משחת שיניים פרודונטקס 75 מל,גורי ע.ע.ע בעמ,,,יח`,75,"מ""ל",false,1,30.90,41.20,true,1,
7290114310215,false,טרה שמנת מתוקה עמידה בקבוק 38% 250 מל,החב` המרכזית - טרה,,,יח`,250,"מ""ל",false,1,6.47,2.59,false,1,
7290114310222,false,חלב מועשר בסידן ווטמין D טרה( 1.5 ליט,החב` המרכזית - טרה,,,יח`,1.50,"מ""ל",false,1,12.50,833.33,false,1,
7290114310239,false,חלב נטול לקטוז מעושר( 1.5 ליטר)בויטמין,החב` המרכזית - טרה,,,יח`,1.50,"מ""ל",false,1,12.50,833.33,false,1,
7290114310338,false,צפתית מעודנת (2255% גר`)משק צוריאל,החב` המרכזית - טרה,,,יח`,255,גרם,false,1,19.10,7.49,false,1,
7290114310345,false,מעדן יוגרוט בטעם תות (1.5% 125 גר`),החב` המרכזית - טרה,,,יח`,125,גרם,false,1,3,2.40,true,1,
7290114310536,false,יוגורט מולר אקטיב וניל חלבון 25 גר`,החב` המרכזית - טרה,,,יח`,200,גרם,false,1,6.20,3.10,true,1,
7290114310611,false,משקה חלב בננה בבקבוק 250 מל טרה,החב` המרכזית - טרה,,,יח`,250,"מ""ל",false,1,5.20,2.08,false,1,
7290114310628,false,משקה חלב וניל עוגיות 1 ליטר,החב` המרכזית - טרה,,,יח`,1,1 ליטר,false,1,12.10,12.10,false,1,
7290114311014,false,אייס קפוצ`ינו פקק ספורט 250 מל טרה,החב` המרכזית - טרה,,,יח`,250,"מ""ל",false,1,5.20,2.08,false,1,
7290114311021,false,משקה חלב וניל עוגיות 250 מל טרה,החב` המרכזית - טרה,,,יח`,250,"מ""ל",false,1,5.20,2.08,false,1,
7290114311069,false,יוגורט מולר אקטיב 0% לבן חלבון 25 גר,החב` המרכזית - טרה,,,יח`,200,גרם,false,1,6.20,3.10,true,1,
7290114311076,false,חמאת מולר צהובה עם שום 200 גר`,החב` המרכזית - טרה,,,יח`,200,גרם,false,1,11.50,5.75,false,1,
7290114311083,false,חמאת מולר צהובה עם מלח 200 גר`,החב` המרכזית - טרה,,,יח`,200,גרם,false,1,11.50,5.75,false,1,
7290114311298,false,קציפת תות בננה מלון מולר פרופ 150 גר`,החב` המרכזית - טרה,,,יח`,150,"מ""ל",false,1,5.30,3.53,false,1,
7290114311304,false,קציפת מנגו פסיפלורה בננה מולר פרופ 150 ג,החב` המרכזית - טרה,,,יח`,150,"מ""ל",false,1,5.30,3.53,false,1,
7290114311328,false,חלב נטול לקטוז מועשר בוויטמין D טרה,החב` המרכזית - טרה,,,יח`,1,1 ליטר,false,1,7.50,7.50,false,1,
7290114311359,false,קציפת מנגו 3% שומן מולר פרופ 150 גר`,החב` המרכזית - טרה,,,יח`,150,"מ""ל",false,1,5.30,3.53,false,1,
7290114311434,false,מולר אקטיב קרמל מלוח 0% שומן 20 ג`חלבון,החב` המרכזית - טרה,,,יח`,200,גרם,false,1,5.90,2.95,false,1,
7290114311441,false,מולר אקטיב עוגיות חמאה 0% שומן 20 ג`חלב,החב` המרכזית - טרה,,,יח`,200,גרם,false,1,5.90,2.95,false,1,
7290114311458,false,חלב קרטון 3% מועשר ויטמין די 1 ליטר,החב` המרכזית - טרה,,,יח`,1,1 ליטר,false,1,7.10,7.10,false,1,
7290114600996,false,רוטב שום 250 גר`מאסטר שף,ש.שסטוביץ בעמ,,,יח`,250,"מ""ל",false,1,9.90,3.96,false,1,
7290114603539,false,קרוטונים למרק שום בצל 350 גר`מאסטר שף,ש.שסטוביץ בעמ,,,יח`,350,גרם,false,1,18.90,5.40,false,1,
7290114604857,false,מאסטר שף דפי אורז קוטר 22,ש.שסטוביץ בעמ,,,יח`,400,גרם,false,1,9.90,2.48,true,1,
7290114604895,false,ממרח ספייסי לחיץ 446 גר`מאסטר שף,ש.שסטוביץ בעמ,,,יח`,446,גרם,false,1,14.90,3.34,true,1,
7290114604963,false,מאסטר שף פירורי לחם מתובלים 230 גר,ש.שסטוביץ בעמ,,,יח`,230,גרם,false,1,6.90,3,false,1,
7290114606530,false,רוטב בטעם מיונז וקטשופ 515 גרם מאסטר שף,ש.שסטוביץ בעמ,,,יח`,515,גרם,false,1,14.90,2.89,true,1,
7290114606547,false,מיונז עם פטריות כמהין 242 גר`מאסטר שף,ש.שסטוביץ בעמ,,,יח`,242,גרם,false,1,14.90,6.16,true,1,
7290114606554,false,מיונז לייט לחיץ 470 גרם מאסטר שף,ש.שסטוביץ בעמ,,,יח`,470,גרם,false,1,14.90,3.17,true,1,
7290114606608,false,רוטב סויה דל נתרן מאסטר שף 40% פולי סוי,ש.שסטוביץ בעמ,,,יח`,620,גרם,false,1,11.90,1.92,true,1,
7290114608640,false,קרוטונים לסלט כוסמין 260 גר`מאסטר שף,ש.שסטוביץ בעמ,,,יח`,260,גרם,false,1,18.90,7.27,false,1,
7290115077131,false,מסכה לפנים חד פעמי לילדים 40 יח`,שמחה זה אנחנו בעמ,,,יח`,1,,false,1,9.90,9.90,false,1,
7290115200003,false,פתי בר פינוקי וניל 200 גר`אסם,קבוצת אסם סחר שות. מוגבלת,,,יח`,220,גרם,false,1,10.90,4.95,true,1,
7290115200027,false,פתי בר פינוקי שוקו 200 גר`אסם,קבוצת אסם סחר שות. מוגבלת,,,יח`,220,גרם,false,1,10.90,4.95,true,1,
7290115201031,false,פתי בר דובי שוקולד 175 גר`אסם,קבוצת אסם סחר שות. מוגבלת,,,יח`,175,גרם,false,1,10.90,6.23,true,1,
7290115201680,false,ביסלי חטיף בטעם ברביקין אסם (70 גרם),קבוצת אסם סחר שות. מוגבלת,,,יח`,70,גרם,false,1,3.90,5.57,true,1,
7290115202434,false,חומוס עם זעתר 375 גר`צבר,קבוצת אסם סחר שות. מוגבלת,,,יח`,375,גרם,false,1,12,3.20,false,1,
7290115203134,false,חטיף פופקו פופקורן במבה אסם (80 גרם),קבוצת אסם סחר שות. מוגבלת,,,יח`,80,גרם,false,1,5.50,6.88,true,1,
7290115204056,false,קטשופ 56% פחות סוכר 690 גרם אסם,קבוצת אסם סחר שות. מוגבלת,,,יח`,690,גרם,false,1,11.90,1.72,false,1,
7290115205176,false,חטיפי קרקר כפרי 140 גר` פיטנס,קבוצת אסם סחר שות. מוגבלת,,,יח`,140,גרם,false,1,11.90,8.50,true,1,
7290115205251,false,פיטנס בר פריכיות קרמל מלוח 84 גרם,קבוצת אסם סחר שות. מוגבלת,,,יח`,84,גרם,false,1,14.90,17.74,true,1,
7290115205312,false,חטיפי קרקר זיתים 140 גר` thin deli פיטנס,קבוצת אסם סחר שות. מוגבלת,,,יח`,140,גרם,false,1,11.90,8.50,true,1,
7290115205695,false,בצק לפיצה מצונן 460 גר`בונז`ור,קבוצת אסם סחר שות. מוגבלת,,,יח`,460,גרם,false,1,18.90,4.11,true,1,
7290115205978,false,פתי בר אצבעות שוקולד 180 גר`אסם,קבוצת אסם סחר שות. מוגבלת,,,יח`,180,גרם,false,1,11.90,6.61,true,1,
7290115207484,false,צבר חציל על האש 400 גר`,קבוצת אסם סחר שות. מוגבלת,,,יח`,400,גרם,false,1,15.90,3.98,false,1,
7290115207620,false,רוטב סויה קלאסי אסם (290 מל),קבוצת אסם סחר שות. מוגבלת,,,יח`,290,"מ""ל",false,1,17.90,6.17,true,1,
7290115207682,false,רוטב סויה בסגנון סיני אסם (290 מל),קבוצת אסם סחר שות. מוגבלת,,,יח`,290,"מ""ל",false,1,11.90,4.10,true,1,
7290115207941,false,ויטמינצ`יק אננס 1 ליטר,קבוצת אסם סחר שות. מוגבלת,,,יח`,1000,"מ""ל",false,1,19.90,1.99,false,1,
7290115208009,false,ויטמינצ`יק ענבים 1 ליטר,קבוצת אסם סחר שות. מוגבלת,,,יח`,1000,"מ""ל",false,1,19.90,1.99,false,1,
7290115208047,false,סירופ פטל ויטמינצ`יק (1 ליטר),קבוצת אסם סחר שות. מוגבלת,,,יח`,1000,"מ""ל",false,1,19.90,1.99,false,1,
7290115208061,false,ויטמינצ`יק תפוח 1 ליטר,קבוצת אסם סחר שות. מוגבלת,,,יח`,1000,"מ""ל",false,1,19.90,1.99,false,1,
7290115208320,false,אפרופו טעם ביסלי בצלאסם (50 גרם),קבוצת אסם סחר שות. מוגבלת,,,יח`,50,גרם,false,1,5,10,true,1,
7290115208597,false,קרמוגית מיניס קרמל מלוח 200 גר` אסם,קבוצת אסם סחר שות. מוגבלת,,,יח`,200,גרם,false,1,11.90,5.95,true,1,
7290115209198,false,במבה אורירית 80 גר` אסם,קבוצת אסם סחר שות. מוגבלת,,,יח`,80,גרם,false,1,4.30,5.38,true,1,
7290115209235,false,ביסקוויט פתי בר קפה אסם (500 גרם),קבוצת אסם סחר שות. מוגבלת,,,יח`,500,גרם,false,1,11.90,2.38,false,1,
7290115209358,false,במבה במילוי בראוניז אסם (60 גרם),קבוצת אסם סחר שות. מוגבלת,,,יח`,60,גרם,false,1,4.30,7.17,true,1,
7290115400274,false,מיני דובשניות 400 גר,שיבולים יצור ושיווק מוצרי מאפה,,,יח`,400,גרם,false,1,9.90,2.48,false,1,
7290115403299,false,עוגיות פרפריות 450 גר`,שיבולים יצור ושיווק מוצרי מאפה,,,יח`,450,גרם,false,1,14.90,3.31,false,1,
7290115403404,false,עוגיות פרפריות שוקו 450 גר`,שיבולים יצור ושיווק מוצרי מאפה,,,יח`,450,גרם,false,1,14.90,3.31,false,1,
7290115403442,false,עוגיות ממולאות טעם שוקולד 500 גר`,שיבולים יצור ושיווק מוצרי מאפה,,,יח`,500,גרם,false,1,14.90,2.98,false,1,
7290115403473,false,עוגיות עינוגי שוקולד 500 גר`,שיבולים יצור ושיווק מוצרי מאפה,,,יח`,500,גרם,false,1,14.90,2.98,false,1,
7290115403480,false,עוגיות בסגנון מרוקאי מיני 500 גר`,שיבולים יצור ושיווק מוצרי מאפה,,,יח`,500,גרם,false,1,14.90,2.98,false,1,
7290115403510,false,עוגיות מגולגלות תמרים 500 גר`,שיבולים יצור ושיווק מוצרי מאפה,,,יח`,500,גרם,false,1,14.90,2.98,false,1,
7290115405774,false,פחזניות ממולאות בטעם וניל 180 גר`,קפולסקי אדל בעמ,,,יח`,180,גרם,false,1,14.90,8.28,false,1,
7290115480016,false,סוד קפסולות ג`ל 3+1,גורי שיווק בעמ,,,יח`,338,גרם,false,1,29.90,8.85,true,1,
7290115670677,false,אנרג`י גרנולה פירות טרופיים 400 גרם,שטראוס גרופ בעמ,,,יח`,400,גרם,false,1,12.90,3.23,false,1,
7290115670691,false,אנרג`י גרנולה פירות יער 400 גר,שטראוס גרופ בעמ,,,יח`,400,גרם,false,1,12.90,3.23,false,1,
7290115671339,false,מיני פינוקיות בראוניז בייגל בוטן 180 גר`,שטראוס גרופ בעמ,,,יח`,180,גרם,false,1,10.90,6.06,true,1,
7290115671353,false,מיני פינוקיות שחור לבן 180 גר`,שטראוס גרופ בעמ,,,יח`,180,גרם,false,1,10.90,6.06,true,1,
7290115677089,false,קונפיטורת תפוח וקינמון יד מרדכי 340 גר`,שטראוס גרופ בעמ,,,יח`,340,גרם,false,1,11.90,3.50,false,1,
7290115678376,false,מעדן הגולן שוקולד 125 גרם,שטראוס גרופ בעמ/מצונן,,,יח`,1,,false,1,2.90,2.90,true,1,
7290115678383,false,מעדן הגולן שוקולד מריר 125 גרם,שטראוס גרופ בעמ/מצונן,,,יח`,1,,false,1,2.90,2.90,true,1,
7290116530314,false,קליק כריות דאבל בלק שוקולד לבן 65גר,יוניליוור ישראל שיווק בעמ,,,יח`,65,גרם,false,1,6.50,10,true,1,
7290116530321,false,קליק כריות דאבל בלק שוקולד חלב 65גר,יוניליוור ישראל שיווק בעמ,,,יח`,65,גרם,false,1,6.50,10,true,1,
7290116531090,false,דגדג חטיף אפוי במליחות מעודנת 250 גר`,יוניליוור ישראל שיווק בעמ,,,יח`,250,גרם,false,1,9.90,3.96,true,1,
7290116531748,false,חטיף כדורים מעורב חום לבן 65 גר`קליק,יוניליוור ישראל שיווק בעמ,,,יח`,65,גרם,false,1,6.50,10,true,1,
7290116532035,false,חטיף קליק קורנפלקס 65 גר`כשל,יוניליוור ישראל שיווק בעמ,,,יח`,65,גרם,false,1,6.50,10,true,1,
7290116532042,false,חטיף קליק כריות 65 גר`כשלפ,יוניליוור ישראל שיווק בעמ,,,יח`,65,גרם,false,1,6.50,10,true,1,
7290116532240,false,קליק XL שוקולד חלב עוגיות ודגנים 85 גר`,יוניליוור ישראל שיווק בעמ,,,יח`,85,גרם,false,1,5.90,6.94,true,1,
7290116532622,false,מרכך פינוק בתוספת תמצית גוג`י ברי 700 מ,יוניליוור ישראל שיווק בעמ,,,יח`,700,"מ""ל",false,1,12.90,1.84,true,1,
7290116532721,false,רוטב לסלט לימון וזעתר 295 גרם,יוניליוור ישראל שיווק בעמ,,,יח`,295,"מ""ל",false,1,12.90,4.37,false,1,
7290116532899,false,נישנושים איירביס טעם פלאפל 155 גר`,יוניליוור ישראל שיווק בעמ,,,יח`,155,גרם,false,1,12.90,8.32,false,1,
7290116532905,false,נישנושים איירביס טעם ברביקיו 155 גר`,יוניליוור ישראל שיווק בעמ,,,יח`,155,גרם,false,1,12.90,8.32,false,1,
7290116533063,false,שוגי בטעם קרטיב ענבים 400 גר` תלמה,יוניליוור ישראל שיווק בעמ,,,יח`,400,גרם,false,1,21.90,5.48,true,1,
7290116930435,false,יוגורט גו סמיך דובדבן 0% שומן 200 גרם,תנובה - חלב,,,יח`,200,גרם,false,1,5.70,2.85,false,1,
7290116930657,false,משקה חלב גו בטעם בננה תמר 340 מל,תנובה - חלב,,,יח`,340,גרם,false,1,7.90,2.32,false,1,
7290116930701,false,מעדן חלב גו בטעם קרמל מלוח 120 גר`,תנובה - חלב,,,יח`,120,גרם,false,1,4.90,4.08,false,1,
7290116930954,false,יוגורט ביו 3% פאי תפוחים (150גרם),תנובה - חלב,,,יח`,150,"מ""ל",false,1,4.90,3.27,false,1,
7290116931104,false,יוגורט גו סמיך אננס 0% שומן 200 גרם,תנובה - חלב,,,יח`,200,גרם,false,1,5.70,2.85,false,1,
7290117260890,false,פופקורן בטעם קוקוס 90 גר`,ג.וילי-פוד אינטרנשיונל בעמ,,,יח`,90,גרם,false,1,5.90,6.56,true,1,
7290117261040,false,זיתים שחורים מרינד 454 גר`,ג.וילי-פוד אינטרנשיונל בעמ,,,יח`,454,גרם,false,1,14.90,3.28,false,1,
7290117261057,false,זוג קינוחים בטעם קרם עוגיות 140 גר`,ג.וילי-פוד אינטרנשיונל **גבינו,,,יח`,140,גרם,false,1,9.90,7.07,false,1,
7290117261101,false,זוג קינוחים בטעם שוקולד ואגוזי לוז 140 ג,ג.וילי-פוד אינטרנשיונל **גבינו,,,יח`,140,גרם,false,1,9.90,7.07,false,1,
7290117261118,false,זוג קינוחים בטעם שוקולד בציפוי שוקולד חל,ג.וילי-פוד אינטרנשיונל **גבינו,,,יח`,140,גרם,false,1,9.90,7.07,false,1,
7290117261125,false,זוג קינוחים בטעם וניל בציפוי שוקולד לבן,ג.וילי-פוד אינטרנשיונל **גבינו,,,יח`,140,גרם,false,1,9.90,7.07,false,1,
7290117261132,false,זוג קינוחים בטעם קרמל מלוח 140 גר`,ג.וילי-פוד אינטרנשיונל **גבינו,,,יח`,140,גרם,false,1,9.90,7.07,false,1,
7290117261545,false,סלמון אטלנטי ברוטב טריאקי 120 גר`,ג.וילי-פוד אינטרנשיונל בעמ,,,יח`,120,גרם,false,1,11.90,9.92,true,1,
7290117261569,false,סלמון אטלנטי מעושן בשמן קנולה 120 גר`,ג.וילי-פוד אינטרנשיונל בעמ,,,יח`,120,גרם,false,1,11.90,9.92,true,1,
7290117381236,false,פוף פרכיות מצופות שוקולד מריר 70 גר`,ש.שסטוביץ בעמ,,,יח`,70,גרם,false,1,7.90,11.29,true,1,
7290117381243,false,פוף פרכיות מצופות שוקולד חלב ותות 70 גר`,ש.שסטוביץ בעמ,,,יח`,70,גרם,false,1,7.90,11.29,true,1,
7290117381250,false,פוף פרכיות מצופות שוקולד מריר ותפוז 70 ג,ש.שסטוביץ בעמ,,,יח`,70,גרם,false,1,7.90,11.29,true,1,
7290117823798,false,ערכת אנטיגן מארז 5 יח`,שמחה זה אנחנו בעמ,,,יח`,1,,false,1,35,35,false,1,
7290117901182,false,בוטן קליפה קלוי 350 גר`שקדיה,דין שיווק וקליה 2021 בעמ,,,יח`,350,גרם,false,1,10,2.86,false,1,
7290118420378,false,פתי בר פינוקים תותים בשמנת 220 גר`אסם,קבוצת אסם סחר שות. מוגבלת,,,יח`,220,גרם,false,1,11.90,5.41,true,1,
7290118420415,false,קטשופ אסם קלאסי (750 גרם)היתר מכירה,קבוצת אסם סחר שות. מוגבלת,,,יח`,750,גרם,false,1,10.90,1.45,false,1,
7290118420477,false,בייגלה שטוחים טעם ביסלי בצל אסם (300 גרם,קבוצת אסם סחר שות. מוגבלת,,,יח`,300,גרם,false,1,9.90,3.30,false,1,
7290900010367,false,טורטיה 360 גר AVEL,אבאל יזמות בעמ,,,יח`,360,גרם,false,1,8.90,2.47,true,1,
7297488098152,false,קמח חומוס ללא גלוטן דגש 500 גרם,נטורפוד בעמ,,,יח`,500,גרם,false,1,14.80,2.96,false,1,
7297488098282,false,אבקת מרק בטעם עוף ללא גלוטן בריאות וטבע,נטורפוד בעמ,,,יח`,500,גרם,false,1,21.90,4.38,false,1,
7501013101348,false,ג`ומקס נקטר מנגו,טמפו משקאות בעמ,,,יח`,473,"מ""ל",false,1,7.90,1.61,true,1,
7501064191398,false,בירה קורונה 355 מל בקבוק שישייה,תימקו בירה בעמ,,,יח`,2.13,1 ליטר,false,1,34.90,15.54,true,1,
7509546061160,false,קולגייט משחת ילדים מיניונים 2-5 75 מל,ש.שסטוביץ בעמ,,,יח`,75,"מ""ל",false,1,12.90,17.20,false,1,
7610400085946,false,לינדט לגרנד ד.אלמונד סולט 150 גרם,משה סידס ובנו בעמ,,,יח`,150,גרם,false,1,23.90,15.93,true,1,
7613030979647,false,טריקס נסטלה (480 גרם),קבוצת אסם סחר שות. מוגבלת,,,יח`,480,גרם,false,1,19.90,4.15,true,1,
7613033548192,false,פיטנס שוקולד מריר נסטלה (375 גרם),קבוצת אסם סחר שות. מוגבלת,,,יח`,375,גרם,false,1,19.90,5.31,true,1,
7613035635845,false,פיטנס גרנולה שוקולד 300 גר`אסם,קבוצת אסם סחר שות. מוגבלת,,,יח`,300,גרם,false,1,15.90,5.30,true,1,
7613035807778,false,רוטב עגבניות לבולנז פרפקטו,קבוצת אסם סחר שות. מוגבלת,,,יח`,400,גרם,false,1,9.90,2.48,true,1,
7613035809109,false,רוטב עגבניות ובזיליקום פרפקטו,קבוצת אסם סחר שות. מוגבלת,,,יח`,400,גרם,false,1,9.90,2.48,true,1,
7613035809123,false,רוטב עגבניות עם פלפלים פרפקטו,קבוצת אסם סחר שות. מוגבלת,,,יח`,400,גרם,false,1,9.90,2.48,true,1,
7613035809857,false,רוטב עגבניות לפסטה פרפקטו,קבוצת אסם סחר שות. מוגבלת,,,יח`,400,גרם,false,1,9.90,2.48,true,1,
7613036387798,false,פיטנס יוגורט 350 גר` נסטלה,קבוצת אסם סחר שות. מוגבלת,,,יח`,350,גרם,false,1,19.90,5.69,true,1,
7613036520492,false,רוטב עגבניות לפיצה 400 גר`פרפקטו,קבוצת אסם סחר שות. מוגבלת,,,יח`,400,גרם,false,1,9.90,2.48,true,1,
7613036880534,false,מחית מרק ירקות מעורבים 190 גר` גרבר,קבוצת אסם סחר שות. מוגבלת,,,יח`,190,גרם,false,1,6.90,3.63,true,1,
7613037012095,false,פיטנס גרנולה שוקולד קינואה ושקדים נסטלה,קבוצת אסם סחר שות. מוגבלת,,,יח`,300,גרם,false,1,15.90,5.30,true,1,
7613037204889,false,סטארבקס פולי קפה אספרסו 450גר,קבוצת אסם סחר שות. מוגבלת,,,יח`,450,גרם,false,1,49.90,11.09,false,1,
7613037686906,false,פיטנס שקדים ודבש (355 גרם) נסטלה,קבוצת אסם סחר שות. מוגבלת,,,יח`,355,גרם,false,1,19.90,5.61,true,1,
7613039547632,false,מחית תפוח בננה תות פאוץ 90 גר`גרבר,קבוצת אסם סחר שות. מוגבלת,,,יח`,90,גרם,false,1,6.90,7.67,false,1,
7613039881965,false,גרבר מחית גזר תפוח ומנגו 190 גר`,קבוצת אסם סחר שות. מוגבלת,,,יח`,190,גרם,false,1,6.90,3.63,false,1,
7613287155863,false,מחית אגס פאוץ 90 גר`גרבר כשלפ,קבוצת אסם סחר שות. מוגבלת,,,יח`,90,גרם,false,1,6.90,7.67,false,1,
7613287181411,false,ויטמינצ`יק סלט פירות 110 גר`,קבוצת אסם סחר שות. מוגבלת,,,יח`,110,גרם,false,1,5.90,5.36,true,1,
7613287182326,false,ויטמינצ`יק בננה תפוח 110 גר`,קבוצת אסם סחר שות. מוגבלת,,,יח`,110,גרם,false,1,5.90,5.36,true,1,
7613287182425,false,ויטמינצ`יק תפוח בננה ותות 110 גר`,קבוצת אסם סחר שות. מוגבלת,,,יח`,110,גרם,false,1,5.90,5.36,true,1,
7613287325983,false,מטבל סלסלה 335 גר אסם,קבוצת אסם סחר שות. מוגבלת,,,יח`,335,גרם,false,1,14.90,4.45,true,1,
7622010001858,false,אוראו וניל 176 גר`,דיפלומט היינץ,,,יח`,176,גרם,false,1,8.90,5.06,true,1,
7622201050757,false,שוקולד חלב עם קרמל מילקה (100 גרם),דיפלומט היינץ,,,יח`,100,גרם,false,1,6.90,6.90,true,1,
7622201139278,false,גבינת פילדלפיה שמנת 150 גר`% (27 שומן),נטו מלינדה סחר בעמ,,,יח`,150,גרם,false,1,13.90,9.27,true,1,
7622201401900,false,עוגיות מילקה סנביישן אוראו 156 גר`,דיפלומט היינץ,,,יח`,156,גרם,false,1,12.90,8.27,true,1,
7622201500733,false,אוראו רמיקס דאבל קרם קרמל וניל 157 גר`,דיפלומט היינץ,,,יח`,157,גרם,false,1,7.90,5.03,false,1,
7622201502515,false,מילקה קוקי לופ 132 גר`,דיפלומט היינץ,,,יח`,132,גרם,false,1,12.90,9.77,true,1,
7622201802363,false,מילקה-שוק` חלבי עם צימוקים ואגוזים 100,דיפלומט היינץ,,,יח`,100,גרם,false,1,6.90,6.90,true,1,
7622201808631,false,אוראו מיני כוסות בטעם וניל 67 גר`,דיפלומט היינץ,,,יח`,67,גרם,false,1,6.90,10.30,false,1,
7622201813390,false,וופל במילוי קרם קקאו מילקה (150 גרם),דיפלומט היינץ,,,יח`,150,גרם,false,1,13.90,9.27,true,1,
7622210163899,false,שוקולד חלב עם עדשים 100 גר` מילקה,דיפלומט היינץ,,,יח`,100,גרם,false,1,6.90,6.90,true,1,
7622210637994,false,אוראו ביס קראנ`צי אורגינל 110 גר`,דיפלומט היינץ,,,יח`,110,גרם,false,1,7.90,7.18,true,1,
7622210638021,false,אוראו ביס קראנ`צי בציפוי שוקולד 110 גר`,דיפלומט היינץ,,,יח`,110,גרם,false,1,7.90,7.18,true,1,
7622210664150,false,עוגיות אוראו וניל 396 גר`,דיפלומט היינץ,,,יח`,396,גרם,false,1,15.90,4.02,false,1,
7622210693266,false,מילקה אגוזים שלמים 270 גר,דיפלומט היינץ,,,יח`,270,גרם,false,1,15.90,5.89,true,1,
7622300200237,false,מילקה שוקולד חלבי 250 גרם,דיפלומט היינץ,,,יח`,250,גרם,false,1,14.90,5.96,true,1,
7622300270506,false,עוגיות מילקה גריינס שיבולת שועל,דיפלומט היינץ,,,יח`,168,גרם,false,1,12.90,7.68,true,1,
7622300489427,false,אוראו פאדג שוקולד לבן 246גר,דיפלומט היינץ,,,יח`,246,גרם,false,1,19.90,8.09,true,1,
7622300489434,false,עוגיות אוראו בציפוי שוקולד חלבי 246 גרם,דיפלומט היינץ,,,יח`,246,גרם,false,1,19.90,8.09,true,1,
7622300503079,false,ביסקוויט מצופה שוקולד מילקה (200 גרם),דיפלומט היינץ,,,יח`,200,גרם,false,1,12.90,6.45,true,1,
7622300617820,false,שוקולד אוראו מילקה (100 גרם),דיפלומט היינץ,,,יח`,100,גרם,false,1,6.90,6.90,true,1,
7622300761363,false,עוג מיני אוראו קרם שוקולד 67 גרם,דיפלומט היינץ,,,יח`,67,גרם,false,1,6.90,10.30,true,1,
7702018263783,false,סכיני גילוח מאך -3 שמינייה,דיפלומט מפיצים (1968) בעמ,,,יח`,1,,false,1,69.90,69.90,false,1,
7702018321582,false,דאודורנט סטיק מתקדם ג`ילט (45 מל),דיפלומט מפיצים (1968) בעמ,,,יח`,50,גרם,false,1,17.90,35.80,false,1,
7702018874460,false,סכיני גילוח ג`ילט פיוזן רביעייה- יבוא,פארמה דיל (פ.א.ב.) שיווק והפצה,,,יח`,1,,false,1,54.90,54.90,false,1,
7702024074625,false,חטיפי קרקר חיטה מלאה 234 גר`פיטנס,קבוצת אסם סחר שות. מוגבלת,,,יח`,234,גרם,false,1,11.90,5.09,false,1,
7702174066631,false,לקקן יוגטה פינפופ 10 יחידות,ליימן שליסל בעמ,,,יח`,180,גרם,false,1,7.90,4.39,true,1,
7702174068826,false,לקקן יוגטה12 יח`,ליימן שליסל בעמ,,,יח`,216,גרם,false,1,10.90,5.05,true,1,
7702174068833,false,לקקן יוגטה גלידה12 יח`,ליימן שליסל בעמ,,,יח`,216,גרם,false,1,10.90,5.05,true,1,
7792860006218,false,סוכריות לקקן בייבי דול לריטייר (24 גרם),משה סידס ובנו בעמ,,,יח`,24,גרם,false,1,2.90,12.08,true,1,
7798304600011,false,אוכמניות- טרי 125 גר,בראשית - אגודה שיתופית*שיק 45,,,יח`,125,גרם,false,1,10,8,false,1,
7804632390255,false,אוכמניות טרי 125 גר,בראשית - אגודה שיתופית*שיק 45,,,יח`,125,גרם,false,1,10,8,false,1,
7804651030026,false,אוכמניות- טרי 125 גר,איגל טרייטדינג שיווק חקלאי בעמ,,,יח`,125,גרם,false,1,10,8,false,1,
8000380003723,false,גרנד פטיסרי 100 גר`אגוז,ליימן שליסל בעמ,,,יח`,100,גרם,false,1,13.90,13.90,true,1,
8000380004676,false,וופל סנדוויץ`בטעם וניל לואקר (200 גרם),ליימן שליסל בעמ,,,יח`,200,גרם,false,1,13.90,6.95,true,1,
8000380004911,false,קוארדטיני 250 גר` אגוז,ליימן שליסל בעמ,,,יח`,250,גרם,false,1,14.90,5.96,true,1,
8000380004966,false,קוארדטיני 250 גר` קקאו,ליימן שליסל בעמ,,,יח`,250,גרם,false,1,14.90,5.96,true,1,
8000380005918,false,קוארדטיני 125 גר`אגוז,ליימן שליסל בעמ,,,יח`,125,גרם,false,1,6.90,5.52,false,1,
8000380007219,false,וופל בטעם אגוזים לואקר (175 גרם),ליימן שליסל בעמ,,,יח`,175,גרם,false,1,10.90,6.23,true,1,
8000380007257,false,וופל לואקר גרדנה 200 גר`,ליימן שליסל בעמ,,,יח`,200,גרם,false,1,14.40,7.20,true,1,
8000380007264,false,וופל קקאו לואקר (175 גרם),ליימן שליסל בעמ,,,יח`,175,גרם,false,1,10.90,6.23,true,1,
8000380007271,false,וופל במילוי קרם חלב לואקר (175 גרם),ליימן שליסל בעמ,,,יח`,175,גרם,false,1,10.90,6.23,true,1,
8000380106028,false,טורטינה שישיה אורגינל לואקר 125 גר,ליימן שליסל בעמ,,,יח`,125,גרם,false,1,17.90,14.32,true,1,
8000380180745,false,קוארדטיני 250 גר` שוקו- חלב,ליימן שליסל בעמ,,,יח`,250,גרם,false,1,14.90,5.96,true,1,
8000380192243,false,וופלים מלבנים פריכיים בטעם אגוז 200 גר`,ליימן שליסל בעמ,,,יח`,200,גרם,false,1,12.90,6.45,false,1,
8000380192250,false,וופלים מלבנים פריכיים בטעם שוקולד 200 גר,ליימן שליסל בעמ,,,יח`,200,גרם,false,1,12.90,6.45,false,1,
8000380198221,false,וופלים מקסי דאבל שוקולד 175 גר`לואקר,ליימן שליסל בעמ,,,יח`,175,גרם,false,1,12.90,7.37,true,1,
8000380205400,false,קוארדטיני 250 גר` חמאת בוטנים,ליימן שליסל בעמ,,,יח`,250,גרם,false,1,14.90,5.96,true,1,
8000500023624,false,חטיף הפי היפו קינדר (5 יח` - 103.5 גרם),פרימיום-חברה לדברי מתיקה ולמסח,,,יח`,90,גרם,false,1,12.90,14.33,false,1,
8000500023976,false,בונבוניירת רפאלו פררו (150 גרם),פרימיום-חברה לדברי מתיקה ולמסח,,,יח`,150,גרם,false,1,15.90,10.60,false,1,
8000500026731,false,ביצת הפתעה קינדר (20x3 גרם),פרימיום-חברה לדברי מתיקה ולמסח,,,יח`,60,גרם,false,1,14.90,24.83,false,1,
8000500029350,false,קינדר בואנו וופל שלישייה (43x3 גרם),פרימיום-חברה לדברי מתיקה ולמסח,,,יח`,129,גרם,false,1,9.90,7.67,false,1,
8000500037874,false,רושר בוני 200 גר`,פרימיום-חברה לדברי מתיקה ולמסח,,,יח`,200,גרם,false,1,25.90,12.95,false,1,
8000500071083,false,אצבעות שוקולד קינדר (16 יח`- 200 גרם),פרימיום-חברה לדברי מתיקה ולמסח,,,יח`,200,גרם,false,1,12.90,6.45,false,1,
8000500121436,false,קינדר בואנו וופל לבן שלישייה(39x3 גרם),פרימיום-חברה לדברי מתיקה ולמסח,,,יח`,117,גרם,false,1,9.90,8.46,false,1,
8000500217740,false,קינדר בואנו מיני 86 גר`,פרימיום-חברה לדברי מתיקה ולמסח,,,יח`,1,,false,1,9.90,9.90,false,1,
8000500227848,false,נוטלה 132 גר` B ready,פרימיום-חברה לדברי מתיקה ולמסח,,,יח`,132,גרם,false,1,11.90,9.02,true,1,
8000500267103,false,10 עוגות אישית בעטיפה אישית 39 גר` קינדר,פרימיום-חברה לדברי מתיקה ולמסח,,,יח`,390,גרם,false,1,19.90,5.10,true,1,
8000500269169,false,קינדר קארדס 5 יח`128 גר`,פרימיום-חברה לדברי מתיקה ולמסח,,,יח`,128,גרם,false,1,13.90,10.86,false,1,
8001090222541,false,הרבל אסנסס שמפו תות שדה ומנטה 400 מל,דיפלומט מפיצים (1968) בעמ,,,יח`,400,"מ""ל",false,1,19.90,4.98,true,1,
8001090222725,false,הרבל אסנסס שמפו שמן מורינגה 400 מל,דיפלומט מפיצים (1968) בעמ,,,יח`,400,"מ""ל",false,1,19.90,4.98,true,1,
8001090222756,false,הרבל אסנסס מרכך שמן מורינגה 400 מל,דיפלומט מפיצים (1968) בעמ,,,יח`,400,"מ""ל",false,1,19.90,4.98,true,1,
8001090222848,false,הרבל אסנסס שמפו שיקום שמן ארגן 400 מל,דיפלומט מפיצים (1968) בעמ,,,יח`,400,"מ""ל",false,1,19.90,4.98,true,1,
8001090290830,false,אורל בי משחת שיניים פנינה בוהקת,דיפלומט מפיצים (1968) בעמ,,,יח`,75,גרם,false,1,29.90,39.87,true,1,
8001090375285,false,פנטן מרכך הקסם 200 מל למגע רק כמשי,דיפלומט מפיצים (1968) בעמ,,,יח`,200,"מ""ל",false,1,24.90,12.45,false,1,
8001090493637,false,הד שולדרסשמפו לגבראולטרא טוטאל קר 450 מ,דיפלומט מפיצים (1968) בעמ,,,יח`,450,"מ""ל",false,1,19.90,4.42,false,1,
8001090493675,false,שמפו הד&שולדרס אולטרא טוטל קר 540 מל,דיפלומט מפיצים (1968) בעמ,,,יח`,540,"מ""ל",false,1,23.90,4.43,false,1,
8001090734044,false,מגן תחתון אולווייז מגה פק לארג`פרש 64 י,דיפלומט מפיצים (1968) בעמ,,,יח`,1,,false,1,19.90,19.90,true,1,
8001090737809,false,מגן תחתון אולדייז סינגל טנגה 36 יחידות,דיפלומט מפיצים (1968) בעמ,,,יח`,1,,false,1,14.90,14.90,true,1,
8001090740717,false,מגן תחתון אולדייז נורמל אולווייז) (76,דיפלומט מפיצים (1968) בעמ,,,יח`,1,,false,1,19.90,19.90,true,1,
8001090891273,false,לנור כדוריות הבושם סחלב (210 גר`),דיפלומט מפיצים (1968) בעמ,,,יח`,210,גרם,false,1,27.90,13.29,true,1,
8001160000888,false,גוטרייד ספורט תפוז,טמפו משקאות בעמ,,,יח`,500,"מ""ל",false,1,9.90,1.92,true,1,
8001160001786,false,גטורייד ספורט כחול,טמפו משקאות בעמ,,,יח`,500,"מ""ל",false,1,9.90,1.92,true,1,
8001160001892,false,גוטרייד ספורט תפוז אדום,טמפו משקאות בעמ,,,יח`,500,"מ""ל",false,1,9.90,1.92,true,1,
8001440124167,false,רוטב פומודורו לפסטה צ`יריו 446 מל,דיפלומט היינץ,,,יח`,446,"מ""ל",false,1,11.90,2.67,false,1,
8001620011935,false,סאן בנדטו מוגז שישייה 500 מל,טמפו משקאות בעמ,,,יח`,3,1 ליטר,false,1,13.70,3.97,true,1,
8001841006710,false,לנור כדוריות הבושם בניחוח רענן ( 210 גר`,דיפלומט מפיצים (1968) בעמ,,,יח`,210,גרם,false,1,27.90,13.29,true,1,
8001841053806,false,תחבושת עבה ללילה אולווייז) (10,דיפלומט מפיצים (1968) בעמ,,,יח`,1,,false,1,9.90,9.90,false,1,
8001841216584,false,תחבושות לילה בטוח אולווייז (36),דיפלומט מפיצים (1968) בעמ,,,יח`,1,,false,1,35.90,35.90,false,1,
8001841410524,false,שמפו הד&שולדרס קוקוס 600 מל,דיפלומט מפיצים (1968) בעמ,,,יח`,600,"מ""ל",false,1,23.90,3.98,false,1,
8001841500799,false,הרבל אסנס שמפו ללא סולפטים אלוורה ומנג,דיפלומט מפיצים (1968) בעמ,,,יח`,380,"מ""ל",false,1,19.90,5.24,true,1,
8001841500942,false,הרבל אסנס שמפו ללא סולפטים אלוורה ובמב,דיפלומט מפיצים (1968) בעמ,,,יח`,380,"מ""ל",false,1,19.90,5.24,true,1,
8001841502298,false,הרבל אסנס מרכל ללא סולפטים אלוורה ומנג,דיפלומט מפיצים (1968) בעמ,,,יח`,275,"מ""ל",false,1,19.90,7.24,true,1,
8001841502601,false,הרבל אסנס מרכל ללא סולפטים אלוורה ובמב,דיפלומט מפיצים (1968) בעמ,,,יח`,275,"מ""ל",false,1,19.90,7.24,true,1,
8001841566771,false,לנור כדוריות הבושם יסמין (210 גר`),דיפלומט מפיצים (1968) בעמ,,,יח`,210,גרם,false,1,27.90,13.29,true,1,
8001841664866,false,שמפו פנטן סופר פוד 400 מל יבוא מקביל,איינשטיין-צור יבוא-יצוא וסחר ב,,,יח`,400,"מ""ל",false,1,14.90,3.73,true,1,
8001841665290,false,שמפו פנטן קלאסי 400 מל יבוא מקביל,איינשטיין-צור יבוא-יצוא וסחר ב,,,יח`,400,"מ""ל",false,1,14.90,3.73,true,1,
8001841716435,false,שולדרס ג`ל רחצה ושמפו לעור רגיש 360 מל,דיפלומט מפיצים (1968) בעמ,,,יח`,360,"מ""ל",false,1,16.90,4.69,true,1,
8001841893990,false,פיירי קפסולות למדיח פלטינום 30 יח,דיפלומט מפיצים (1968) בעמ,,,יח`,1,,false,1,39.90,39.90,true,1,
8001841941929,false,תחבושות אולווייז וליו פק לילה בטוח אקסטר,דיפלומט מפיצים (1968) בעמ,,,יח`,1,,false,1,19.90,19.90,true,1,
8003440997833,false,מסטיק פיור פרש בטעם מנטה פירות אריזת חיס,ליימן שליסל בעמ,,,יח`,200,גרם,false,1,19.90,9.95,false,1,
8004030022010,false,ירקות גינה עם טונה ריו מרה (160 גרם),ש.שסטוביץ בעמ,,,יח`,160,גרם,false,1,17.90,11.19,true,1,
8004030845046,false,ריו מארה אינסלטיסימי אורז עם טונה 160 גר,ש.שסטוביץ בעמ,,,יח`,160,גרם,false,1,17.90,11.19,true,1,
8004030860001,false,ריו מארה אינסלטיסימיה קוסקוס עם טונה 160,ש.שסטוביץ בעמ,,,יח`,160,גרם,false,1,17.90,11.19,true,1,
8004800005519,false,לאגו מיני רול-גלילי וופל במילוי קרם אגוז,תה ויסוצקי (ישראל) בעמ,,,יח`,125,גרם,false,1,9.90,7.92,true,1,
8005110002243,false,רכז עגבניות בשפרפרת 185 גר`mutti,רסטרטו יבוא ושיווק בעמ*אין החז,,,יח`,185,גרם,false,1,7.50,4.05,false,1,
8005200286584,false,נסטי בטעם מנגו אננס 1.5 ליטר,טמפו משקאות בעמ,,,יח`,1500,"מ""ל",false,1,8.90,0.57,true,1,
8005200316588,false,נסטי בטעם דיאט אפרסק 1.5 ליטר,טמפו משקאות בעמ,,,יח`,1500,"מ""ל",false,1,7.90,0.51,true,1,
8006540112793,false,לנור מרכך מרוכז בניחוח יסמין 900 מל,דיפלומט מפיצים (1968) בעמ,,,יח`,900,"מ""ל",false,1,14.90,1.66,true,1,
8006540405031,false,תחבושות אולוויז דיסקרט סמול פלוס 16 יח,דיפלומט מפיצים (1968) בעמ,,,יח`,1,,false,1,18.90,18.90,true,1,
8006540495216,false,לנור מרכך מרוכז בניחוח אמאטיסט 900 מל,דיפלומט מפיצים (1968) בעמ,,,יח`,900,"מ""ל",false,1,14.90,1.66,true,1,
8006540495247,false,לנור מרכך מרוכז בניחוח פרחי בר 900 מל,דיפלומט מפיצים (1968) בעמ,,,יח`,900,"מ""ל",false,1,14.90,1.66,true,1,
8010024006010,false,חמאת שקדים 100% השקד נטורפוד 350 גרם,נטורפוד בעמ,,,יח`,1,,false,1,38.90,38.90,false,1,
8032793342458,false,עגבניות מרוסקות דק ומסוננות בקבוק 700 גר,גורי מוצרי צריכה (1991) בעמ,,,יח`,700,גרם,false,1,12.90,1.84,true,1,
8032793344520,false,תרכיז עגבניות פומי מרוכז מאוד 200 גרם,גורי מוצרי צריכה (1991) בעמ,,,יח`,200,גרם,false,1,6.90,3.45,true,1,
8076802085738,false,ברילה 500 גר` פנה רגטה צ.ק,ש.שסטוביץ בעמ,,,יח`,500,גרם,false,1,6.90,1.38,false,1,
8076808060654,false,ברילה 500 גר` פרפלה מס` 65 צ.ק,ש.שסטוביץ בעמ,,,יח`,500,גרם,false,1,6.90,1.38,false,1,
8076809513395,false,רוטב לפסטה פומודורו ברילה (400 גרם),ש.שסטוביץ בעמ,,,יח`,400,גרם,false,1,14.90,3.73,true,1,
8076809514774,false,פרפנדלה ברילה (250 גרם),ש.שסטוביץ בעמ,,,יח`,250,גרם,false,1,17.90,7.16,false,1,
8076809523561,false,רוטב לפסטה טוסקנה ברילה (400 גרם),ש.שסטוביץ בעמ,,,יח`,400,גרם,false,1,14.90,3.73,true,1,
8076809523714,false,טליאטלה ברילה (500 גרם),ש.שסטוביץ בעמ,,,יח`,500,גרם,false,1,25.90,5.18,false,1,
8076809523738,false,לזניה ברילה (500 גרם),ש.שסטוביץ בעמ,,,יח`,500,גרם,false,1,23.90,4.78,true,1,
8076809529419,false,ספגטי חיטה מלאה ברילה (500 גרם),ש.שסטוביץ בעמ,,,יח`,500,גרם,false,1,14.90,2.98,true,1,
8076809529433,false,פסטה פנה ריגטה חיטה מלאה ברילה (500 גרם),ש.שסטוביץ בעמ,,,יח`,500,גרם,false,1,14.90,2.98,false,1,
8076809545457,false,פסטה פנה ריגטה ללא גלוטן ברילה (400 גרם),ש.שסטוביץ בעמ,,,יח`,400,גרם,false,1,14.90,3.73,false,1,
8121300206946,false,סטיביה ממתיק 80 שקיקיים טרוביה 80 גר,גורי ע.ע.ע בעמ,,,יח`,80,גרם,false,1,19.90,24.88,true,1,
8410076610379,false,נייטשר וואלי פרוטאין בוטנים ושבבי שוקולד,ליימן שליסל בעמ,,,יח`,210,גרם,false,1,24.90,11.86,true,1,
8410076610386,false,נייטשר וואלי פרוטאין בוטנים עם ציפוי בטע,ליימן שליסל בעמ,,,יח`,210,גרם,false,1,24.90,11.86,true,1,
8410076621009,false,חטיף פייברONE טעם קרמל מלוח,ליימן שליסל בעמ,,,יח`,1,,false,1,14.90,14.90,true,1,
8410076621047,false,חטיף פייברONE בטעם שוקולד,ליימן שליסל בעמ,,,יח`,1,,false,1,14.90,14.90,true,1,
8410104045111,false,פינש מלח למדיח 2 קג`,רקיט בנקיזר (ניר איסט) בעמ,,,יח`,2,"ק""ג",false,1,14.90,7.45,false,1,
8410655000423,false,בירה רביעייה 5.4% אלכוהול 330 מל סאן מי,אבאל יזמות בעמ,,,יח`,1.32,1 ליטר,false,1,24.90,17.95,false,1,
8423207206488,false,מרבה סלים דליס שוקולד חלב,ש.שסטוביץ בעמ,,,יח`,120,גרם,false,1,10.90,9.08,true,1,
8423207206495,false,מרבה סלים דליס שוקולד מריר,ש.שסטוביץ בעמ,,,יח`,120,גרם,false,1,10.90,9.08,true,1,
8423207206501,false,מרבה סלים דליס חצי מצופה,ש.שסטוביץ בעמ,,,יח`,78,גרם,false,1,10.90,13.97,true,1,
8423207207362,false,מרבה סלים דליס,ש.שסטוביץ בעמ,,,יח`,120,גרם,false,1,10.90,9.08,true,1,
8423207208697,false,סלים דליס לילדים עם שוקולד לבן,ש.שסטוביץ בעמ,,,יח`,78,גרם,false,1,10.90,13.97,true,1,
8423207208871,false,פריכיות תירס טבעי- סלים דליס,גורי מוצרי צריכה (1991) בעמ,,,יח`,130,גרם,false,1,9.90,7.62,true,1,
8423207208888,false,פריכיות תירס בטעם עגבניות עשבי תיבול כש,גורי מוצרי צריכה (1991) בעמ,,,יח`,123,גרם,false,1,9.90,8.05,true,1,
8423207208895,false,פריכיות תירס זיתים ועירית כשלפ סלים דלי,גורי מוצרי צריכה (1991) בעמ,,,יח`,123,גרם,false,1,9.90,8.05,true,1,
8423207209885,false,סלים דליס מהדורה מיוחדת עם שוקולד חלב,ש.שסטוביץ בעמ,,,יח`,120,גרם,false,1,10.90,9.08,true,1,
8423207210287,false,מרבה סלים דליס שוקולד לבן בטעם יוגורט,ש.שסטוביץ בעמ,,,יח`,120,גרם,false,1,10.90,9.08,true,1,
8423207210928,false,סלים דליס טופינג אגוזי לוז,ש.שסטוביץ בעמ,,,יח`,90,גרם,false,1,10.90,12.11,true,1,
8423207210942,false,סלים דליס טופינג פירות יער,ש.שסטוביץ בעמ,,,יח`,90,גרם,false,1,10.90,12.11,true,1,
8435495805106,false,ביומט 5 קג,ליימן שליסל בעמ,,,יח`,5,"ק""ג",false,1,29.90,5.98,true,1,
8435495805168,false,תינוקלין 1.25 קג`,ליימן שליסל בעמ,,,יח`,1.25,"ק""ג",false,1,21.90,17.52,false,1,
8435495819363,false,תינוקלין מרכך כביסה 1 ליטר Gentle fresh,ליימן שליסל בעמ,,,יח`,1,1 ליטר,false,1,19.90,19.90,false,1,
8445290427120,false,פיטנס שוקולד מריר ובננה 330 גר`,קבוצת אסם סחר שות. מוגבלת,,,יח`,330,גרם,false,1,19.90,6.03,true,1,
8683130008935,false,הלמנס קטשיונז 425 גרם,יוניליוור ישראל שיווק בעמ,,,יח`,425,גרם,false,1,14.90,3.51,true,1,
8683130025574,false,בדין אקסטרא לבנדר 960 מל,יוניליוור ישראל שיווק בעמ,,,יח`,960,"מ""ל",false,1,16.90,1.76,true,1,
8683130025581,false,בדין אקסטרא ענבר 960 מל .,יוניליוור ישראל שיווק בעמ,,,יח`,960,"מ""ל",false,1,16.90,1.76,true,1,
8683323063024,false,יוגטה שטיחים תותי פרוטי 220 גר`,ליימן שליסל בעמ,,,יח`,220,גרם,false,1,7.90,3.59,true,1,
8690637505607,false,מרכך בדין אקסטרה 960 מל בניחוח פינוק קלא,יוניליוור ישראל שיווק בעמ,,,יח`,960,"מ""ל",false,1,16.90,1.76,true,1,
8690637505614,false,בדין אקסטרא בניחוח פינוק קוקוס 960 מל,יוניליוור ישראל שיווק בעמ,,,יח`,960,"מ""ל",false,1,16.90,1.76,true,1,
8690637506956,false,דאב שמפו למניעת קשקשים 600 גר`,יוניליוור ישראל שיווק בעמ,,,יח`,600,"מ""ל",false,1,14.90,2.48,false,1,
8690637555084,false,בדין אקסטרא פריחת התפוז 960 מל,יוניליוור ישראל שיווק בעמ,,,יח`,960,"מ""ל",false,1,16.90,1.76,true,1,
8690637871047,false,דאב שמפו עם שמן קוקוס 600 מל,יוניליוור ישראל שיווק בעמ,,,יח`,600,"מ""ל",false,1,14.90,2.48,true,1,
8690637871061,false,דאב שמפו עם שמן אבוקדו ותמצית קלנדולה,יוניליוור ישראל שיווק בעמ,,,יח`,600,"מ""ל",false,1,14.90,2.48,true,1,
8690637946301,false,בדין אקסטרא בייבי 960 מל,יוניליוור ישראל שיווק בעמ,,,יח`,960,"מ""ל",false,1,16.90,1.76,true,1,
8690637971310,false,בדין אקסטרא יערת הדבש (960מל),יוניליוור ישראל שיווק בעמ,,,יח`,960,"מ""ל",false,1,16.90,1.76,true,1,
8690766156404,false,שוקולד מריר בטעם תפוז אדום 90 גר`,תה ויסוצקי (ישראל) בעמ,,,יח`,90,גרם,false,1,14.90,16.56,true,1,
8690770322598,false,שמרים יבשים לאפיה הנמל (125 גרם),הנמל אריזות ושיווק (1984) בעמ,,,יח`,125,גרם,false,1,5.50,4.40,true,1,
8690777203012,false,פלפל ירוק כבוש לא חריף סרה (600 גרם),ג.וילי-פוד אינטרנשיונל בעמ,,,יח`,600,גרם,false,1,12.90,2.15,true,1,
8690777206051,false,חציל קלוי על האש סרה (650 גרם),ג.וילי-פוד אינטרנשיונל בעמ,,,יח`,650,גרם,false,1,12.90,1.98,true,1,
8690784516440,false,דאק ג`ל נוזל לניקוי מתקדם בניחוח לבנדר ב,דנשר (1963) בעמ,,,יח`,750,"מ""ל",false,1,10.90,1.45,true,1,
8691058141238,false,ערמונים שלמים קלויים וקלופים 100 גר` Ave,אבאל יזמות בעמ,,,יח`,100,גרם,false,1,4.90,4.90,true,1,
8691707036014,false,אוזמו שוקולד בצורת ביצה,מוחמד נעמה (1994) בעמ,,,יח`,1,,false,1,3.90,3.90,true,1,
8691707066035,false,אוזמו בורגר ביסקוויט סנדוויץ ממולא,מוחמד נעמה (1994) בעמ,,,יח`,1,,false,1,2.90,2.90,true,1,
8691707087962,false,אוזמו סוכריה שוקולד על מקל,מוחמד נעמה (1994) בעמ,,,יח`,1,,false,1,2.90,2.90,true,1,
8691707590042,false,אוזמו וופל בצורת טילון ממולא שוקולד (4יח,מוחמד נעמה (1994) בעמ,,,יח`,1,,false,1,6.90,6.90,true,1,
8693495034364,false,פלמוליב סבון מוצק אורכידאה שחורה רביעייה,פארמה דיל (פ.א.ב.) שיווק והפצה,,,יח`,1,,false,1,9.90,9.90,false,1,
8693495048019,false,מברשת שיניים קולגייט 360 צ`רקואל זהב,פארמה דיל (פ.א.ב.) שיווק והפצה,,,יח`,1,,false,1,9.90,9.90,false,1,
8697826469092,false,טורטיה קטנה 540 גר`12יח,דין שיווק וקליה 2021 בעמ,,,יח`,540,גרם,false,1,9.90,1.83,true,1,
8699141054595,false,אוזמו האפי ביסקוויט במילוי,מוחמד נעמה (1994) בעמ,,,יח`,1,,false,1,1.90,1.90,true,1,
8710502064814,false,עוגיות שוקולד צ`יפס רך מרבה (175 גרם),ש.שסטוביץ בעמ,,,יח`,175,גרם,false,1,9.90,5.66,true,1,
8710502139017,false,עוגיות טריפל שוקולד צ`יפס מרבה (180 גרם),ש.שסטוביץ בעמ,,,יח`,225,גרם,false,1,9.90,4.40,true,1,
8710502470028,false,עוגיות נוגטלי מרבה (160 גרם),ש.שסטוביץ בעמ,,,יח`,160,גרם,false,1,9.90,6.19,true,1,
8711000362617,false,קפסולות קפה אספרסו לונגו פרופונדו (8 )52,דיפלומט היינץ,,,יח`,1,,false,1,19.90,19.90,true,1,
8711000362693,false,קפסולות קפה אספרסו פפואה (7)52 גר`לור,דיפלומט היינץ,,,יח`,0,גרם,false,1,19.90,19.90,true,1,
8711000371176,false,קפסולות קפה אספרסו קלאסיקו ג`ייקבוס עוצמ,דיפלומט היינץ,,,יח`,1,,false,1,15.90,15.90,true,1,
8711000371183,false,קפסולות קפה אספרסו קלאסיקו אינטנסו עוצמה,דיפלומט היינץ,,,יח`,1,,false,1,15.90,15.90,true,1,
8711000371206,false,קפסולות קפה אספרסו ריסטרטו ג`ייקבוס (עוצ,דיפלומט היינץ,,,יח`,1,,false,1,15.90,15.90,true,1,
8711000371244,false,קפסולות קפה אספרסו לונגו גייקבוס,דיפלומט היינץ,,,יח`,1,,false,1,15.90,15.90,true,1,
8711000397466,false,קפסולות קפה אספרסו נטול קפואין ריסטרטו(,דיפלומט היינץ,,,יח`,1,,false,1,19.90,19.90,true,1,
8711000431108,false,קפסולות קפה אספרסו הודו (10)52 גר`לור,דיפלומט היינץ,,,יח`,0,גרם,false,1,19.90,19.90,true,1,
8712400802499,false,תחליף חלב שלב 1 נוטרילון (800 גרם),דיפלומט היינץ,,,יח`,800,גרם,false,1,62.90,7.86,true,1,
8712400802512,false,תחליף חלב שלב 2 נוטרילון (800 גרם),דיפלומט היינץ,,,יח`,800,גרם,false,1,62.90,7.86,true,1,
8714599104316,false,קפה שחור 200 גר`קלוי וטחון טורקי ג`ייקו,דיפלומט היינץ,,,יח`,200,גרם,false,1,14.90,7.45,false,1,
8714599410806,false,ג`ייקובס קרוננג מיובש בהקפאה 160 גר` שקי,דיפלומט היינץ,,,יח`,160,גרם,false,1,17.90,11.19,true,1,
8714599513781,false,ג`יקובס גולד 200 גר`מיובש בהקפאה,דיפלומט היינץ,,,יח`,200,גרם,false,1,24.90,12.45,false,1,
8714599513835,false,ג`יקובס נטול קופאין 200 גר`מיובש בהקפאה,דיפלומט היינץ,,,יח`,200,גרם,false,1,32.90,16.45,false,1,
8714599513866,false,קפה נמס קרוננג ג`יקובס 200 גר`,דיפלומט היינץ,,,יח`,200,גרם,false,1,24.90,12.45,true,1,
8714789183800,false,קולגייט מברשת שיניים 360 מדיום,פארמה דיל (פ.א.ב.) שיווק והפצה,,,יח`,1,,false,1,9.90,9.90,false,1,
8714789394534,false,משחת שיניים קולגייט הגנה מפני עששת- יבו,איינשטיין-צור יבוא-יצוא וסחר ב,,,יח`,100,גרם,false,1,8.90,8.90,false,1,
8714789699110,false,פלמוליב סבון מוצק חלב שקדים רביעייה-יבוא,פארמה דיל (פ.א.ב.) שיווק והפצה,,,יח`,1,,false,1,9.90,9.90,false,1,
8715700110141,false,מיונז צנצנת 460 גר`היינץ,דיפלומט היינץ,,,יח`,460,גרם,false,1,11.90,2.59,true,1,
8715700110158,false,מיונז לייט צנצנת 490 גר`היינץ,דיפלומט היינץ,,,יח`,490,גרם,false,1,11.90,2.43,true,1,
8715700117805,false,מתבל עגבניות ללתס ומלח 400 מל היינץ,דיפלומט היינץ,,,יח`,400,גרם,false,1,11.90,2.98,true,1,
8715700118925,false,היינץ מתבל עגבניות חריף 460 גר`,דיפלומט היינץ,,,יח`,460,גרם,false,1,11.90,2.59,false,1,
8715700419732,false,מתבל עגבניות היינץ (700 גרם),דיפלומט היינץ,,,יח`,700,גרם,false,1,11.90,1.70,true,1,
8715700422473,false,ממרח לחיץ היינץ 395 גר ללא חומר משמר,דיפלומט היינץ,,,יח`,395,גרם,false,1,15.90,4.03,false,1,
8717677336630,false,שוקולד חלב עם שקדים ודבש טוניס שוקולונלי,ליימן שליסל בעמ,,,יח`,180,גרם,false,1,19.90,11.06,true,1,
8717677336661,false,שוקולד מריר 70% טוניס שוקולונלי 180 גר`,ליימן שליסל בעמ,,,יח`,180,גרם,false,1,19.90,11.06,true,1,
8718951240742,false,קולגייט טוטאל משחת שיניים פסים מרעענים ל,איינשטיין-צור יבוא-יצוא וסחר ב,,,יח`,100,"מ""ל",false,1,12.90,12.90,false,1,
8718951253827,false,קולגייט משחת שיניים אופטיק פחם 75 מל,איינשטיין-צור יבוא-יצוא וסחר ב,,,יח`,75,"מ""ל",false,1,14.90,19.87,true,1,
8718951264618,false,קולגיט אופטיק וויט עם פחם פעיל 75 מל,איינשטיין-צור יבוא-יצוא וסחר ב,,,יח`,75,"מ""ל",false,1,14.90,19.87,false,1,
8718951278851,false,קולגייט משחת שיניים הלבנה מתקדמת פחם 75,איינשטיין-צור יבוא-יצוא וסחר ב,,,יח`,75,"מ""ל",false,1,14.90,19.87,false,1,
8719200998001,false,בלו בנד בלי מלח 250 גר`,דיפלומט היינץ,,,יח`,200,גרם,false,1,4.50,2.25,false,1,
8719200998018,false,מרגרינה מחמאה בטעם חמאה 200 גר`בלובנד,דיפלומט היינץ,,,יח`,200,גרם,false,1,4.80,2.40,false,1,
8720181114458,false,אקס דאו ספריי לאישה 150 מל(יבוא מקביל,איינשטיין-צור יבוא-יצוא וסחר ב,,,יח`,150,"מ""ל",false,1,9.90,6.60,true,1,
8720181114465,false,אקס דאו ספריי לגבר 150 מל(יבוא מקביל),איינשטיין-צור יבוא-יצוא וסחר ב,,,יח`,150,"מ""ל",false,1,9.90,6.60,true,1,
8720181114472,false,אקס דאו ספריי לגבר אפולו 150 מל(יבוא,איינשטיין-צור יבוא-יצוא וסחר ב,,,יח`,150,"מ""ל",false,1,9.90,6.60,true,1,
8720181114496,false,אקס דאו ספריי לגבר DARK TEMPTATION 150 מ,איינשטיין-צור יבוא-יצוא וסחר ב,,,יח`,150,"מ""ל",false,1,9.90,6.60,true,1,
8720181114519,false,אקס גולד דאו ספריי לגבר 150 מל(יבוא מ,איינשטיין-צור יבוא-יצוא וסחר ב,,,יח`,150,"מ""ל",false,1,9.90,6.60,true,1,
8801055707966,false,קפה טייסטרס צ`ויס בריסטה נסקפה (180 גרם),קבוצת אסם סחר שות. מוגבלת,,,יח`,180,גרם,false,1,32.90,18.28,false,1,
8801055709458,false,נס קפה קפוצ`ינו קרמל 170 גר`,קבוצת אסם סחר שות. מוגבלת,,,יח`,170,גרם,false,1,18.90,11.12,false,1,
8801055709465,false,נס קפה קפוצ`ינו וניל 185 גר`,קבוצת אסם סחר שות. מוגבלת,,,יח`,185,גרם,false,1,18.90,10.22,false,1,
8801055709472,false,נס קפה קפוצ`ינו קלאסיק 125 גר`,קבוצת אסם סחר שות. מוגבלת,,,יח`,125,גרם,false,1,18.90,15.12,false,1,
8832774554005,false,תנור קוורץ BT-55400,קונסיגנציה-ד.ש.ש. אלקטרוניקה ב,,,יח`,1,,false,1,39,39,false,1,
8850632604372,false,חמצוצים שטיח בטעם תות שדה יוגטה (50 גרם),ליימן שליסל בעמ,,,יח`,50,גרם,false,1,3.90,7.80,false,1,
8850632604402,false,יוגטה חמצוצים שטיח 50 גר`,ליימן שליסל בעמ,,,יח`,50,גרם,false,1,3.90,7.80,false,1,
8857101301008,false,רוטב צ`ילי מתוק וילי פוד (700 מל),ג.וילי-פוד אינטרנשיונל בעמ,,,יח`,700,"מ""ל",false,1,9.80,1.40,false,1,
8888021200720,false,סוללות אנרג ייזר-שמיניה,דנשר (1963) בעמ,,,יח`,1,,false,1,24.90,24.90,false,1,
8901314517487,false,מברשת שיניים קולגייט 360 וויזבל וויט 4 י,פארמה דיל (פ.א.ב.) שיווק והפצה,,,יח`,1,,false,1,19.90,19.90,false,1,
8901314517999,false,מברשת שיניים קולגייט צ`רקואל מארז רביעיי,פארמה דיל (פ.א.ב.) שיווק והפצה,,,יח`,1,,false,1,19.90,19.90,false,1,
8901537024014,false,אורז בסמטי דאווט וילי פוד (1 קג),ג.וילי-פוד אינטרנשיונל בעמ,,,יח`,1,"ק""ג",false,1,11.90,11.90,false,1,
8936018435263,false,דג אופירית מלוח מיובש 100 גר`,דילר בי.אמ.די פורמולה בעמ,,,יח`,100,גרם,false,1,13.90,13.90,false,1,
8959286455405,false,תנור קוורץ BT-55405,קונסיגנציה-ד.ש.ש. אלקטרוניקה ב,,,יח`,1,,false,1,69,69,false,1,
9000101372878,false,דיסקס לכביסה לבנה וצבעונית 22 יח פרסיל,גורי שיווק בעמ,,,יח`,1,,false,1,34.90,34.90,false,1,
9002975393812,false,הריבו האפי צ`רי 70 גר`,משה סידס ובנו בעמ,,,יח`,70,גרם,false,1,6.90,9.86,true,1,
9002975393843,false,הריבו גולדברס 70 גר`,משה סידס ובנו בעמ,,,יח`,70,גרם,false,1,6.90,9.86,true,1,
9310072028750,false,חטיף שוקולד דאבל קרם טים טם (200 גרם),משה סידס ובנו בעמ,,,יח`,200,גרם,false,1,20.90,10.45,true,1,
9322969000039,false,פריכיות תירס עם ארבע דגנים מלאים 150 גר`,דנשר (1963) בעמ,,,יח`,150,גרם,false,1,13.90,9.27,true,1,
9711953105807,false,בלוז מעדנייה שטראוס,שטראוס גרופ בעמ/מצונן,,,"ק""ג",1000,גרם,true,1,69,6.90,false,1,
