code,internal_code,name,manufacturer_name,manufacture_country,manufacturer_item_description,unit_qty,quantity,unit_of_measure,weighted,qty_in_package,price,unit_of_measure_price,allow_discount,status,item_id
32147230,false,"מיץ לימון משומר 200מ""ל(לימונית אקסטרא)",ג'נרל מילס סאן אדריא,CH,מיץ לימון משומר,מיליליטרים,200.00,"100 מ""ל",false,0,6.90,3.45,true,1,
72940754,false,"מילקי מעדן וניל עם קצפת שטראוס 133 מ""ל","שטראוס גרופ בע""\מ",IL,מילקי טעם וניל,מיליליטרים,170.00,"100 מ""ל",false,0,2.80,1.65,true,1,
72940761,false,"מילקי מעדן שוקולד עם קצפת שטראוס 133 מ""ל",מיוצר עי קונדיטוריית,IL,מילקי טעם שוקולד,מיליליטרים,170.00,"100 מ""ל",false,0,2.80,1.65,true,1,
72940952,false,מעדן מילקי בטעם שוקולד עם אקסטרה קצפת,"שטראוס גרופ בע""\מ",IL,מילקי אקסטרה,מיליליטרים,170.00,"100 מ""ל",false,0,3.80,2.24,true,1,
72945308,false,קוביית שמרים טריים לאפיה שמרית 50 גרם,"פאקא תעשיות בע""\מ",IL,קוביות שמרים,גרמים,50.00,100 גרם,false,0,3.40,6.80,true,1,
72961209,false,"שמנת חמוצהבד""צ תנובה",תנובה מרכז שיתופי לש,IL,שמנית תנובה 15%,מיליליטרים,200.00,"100 מ""ל",false,0,2.40,1.20,true,1,
72961216,false,"אשל מהדרין 200 מ""ל.",תנובה מרכז שיתופי לש,IL,"אשד 200 מ""ל",מיליליטרים,200.00,"100 מ""ל",false,0,1.60,0.80,true,1,
72961223,false,"גילה 3% תנובה 200 מ""ל",תנובה מרכז שיתופי לש,IL,גילה 3%,מיליליטרים,200.00,"100 מ""ל",false,0,1.50,0.75,true,1,
72961506,false,יוגורט עם תות 1.5% שומן 125 ג' פרילי,מיוצר עי קונדיטוריית,IL,פרילי תות,גרמים,125.00,100 גרם,false,0,3.50,2.80,true,1,
72961520,false,"פרילי יוגורט עם אננס 1.5% תנובה 125 מ""ל",מיוצר עי קונדיטוריית,IL,פרילי אננס 1.5%,גרמים,125.00,100 גרם,false,0,3.50,2.80,true,1,
72961544,false,"באדי יוגורט בטעם תות שדה 3% תנובה 125 מ""ל",מחלבת אלון תבור,IL,מעדן באדי תות 3%,גרמים,125.00,100 גרם,false,0,2.70,2.16,true,1,
72963753,false,שמנת אורגינל של פעם 27% שומן 200 ג' תנובה,תנובה מרכז שיתופי לש,IL,שמנת חמוצה תנובה,גרמים,200.00,100 גרם,false,0,3.90,1.95,true,1,
72964422,false,יוגורט פרחים 4.5% שומן 200 גרם,מחלבת תנובה,IL,יוגורט תנובה4.5%,מיליליטרים,200.00,"100 מ""ל",false,0,2.70,1.35,true,1,
72986233,false,באדי מעדן וניל גביע 1.5%שומן 125 גרם בדצ,מחלבת אלון תבור,IL,מעדן באדי וניל,גרמים,125.00,100 גרם,false,0,2.70,2.16,true,1,
72986240,false,באדי מעדן חלב בטעם שוקולד תנובה 125 גרם,מחלבת אלון תבור,IL,מעדן באדי שוקו,גרמים,125.00,100 גרם,false,0,2.70,2.16,true,1,
72986370,false,"גלידת בן & ג'ריס פיינטים וניל 500מ""ל",מוצרי איכות אמריקאיים,IL,גלידה בן & ג'ריס,מיליליטרים,500.00,"100 מ""ל",false,0,19.90,3.98,true,1,
72986424,false,"גלידת בן & ג'ריס פיינטים קרם עוגיות 500מ""ל",מוצרי איכות אמריקאיים בע,IL,גלידה בן & ג'ר,מיליליטרים,500.00,"100 מ""ל",false,0,19.90,3.98,true,1,
72989425,false,"גלידת בן & ג'ריס פיינטים שוקולד בראוניז 500מ""ל",מוצרי איכות אמריקאיים בע,IL,גלידה בן & ג'ר,מיליליטרים,500.00,"100 מ""ל",false,0,19.90,3.98,true,1,
72991008,false,חטיף פסק זמן במילוי ופל מגולגל 45 גרם,"שטראוס גרופ בע""מ",IL,פסק זמן חלב,גרמים,45.00,100 גרם,false,0,5.90,13.11,true,1,
72991886,false,"גלידת דולצ'ה בטעם ריבת חלב עם פאדג' בן וג'ירי 500 מ""ל",מוצרי איכות אמריקאיים בע,IL,גלידה בן & ג'ר,מיליליטרים,500.00,"100 מ""ל",false,0,19.90,3.98,true,1,
72993637,false,מעדן חלב בטעם שוקולד 125 ג' דני,"שטראוס גרופ בע""\מ",IL,דני שוקולד 1.5%,גרמים,125.00,100 גרם,false,0,2.70,2.16,true,1,
80762362,false,מנטוס גומי לעיסה ללא סוכר בטעם מנטה-אקליפטוס,פרפטי ואן מלה,TR,מנטוס וויט,גרמים,60.00,100 גרם,false,1,9.90,16.50,true,1,
80773429,false,מנטוס בקבוק מעוגל - מסטיק ללא סוכר בטעם תות 60 גרם,"פרפטי ואן מלה ג'\ידה,סאן",TR,מנטוס בקבוק,גרמים,60.00,100 גרם,false,1,9.90,16.50,true,1,
80773443,false,מנטוס בקבוק מעוגל - מסטיק ללא סוכר בטעם מנטה 60 גרם,"פרפטי ואן מלה ג'\ידה,סאן",TR,מסטיק מנטוס,גרמים,60.00,100 גרם,false,1,9.90,16.50,true,1,
80790990,false,מסטיק מנטוס בבקבוק מעוגל בטעם פירות -מנטה 60 ג',"פרפטי ואן מלה ג'\ידה,סאן",TR,מסטיק מנטוס,גרמים,60.00,100 גרם,false,1,9.90,16.50,true,1,
80843184,false,מנטוס מסטיק פיור פרש בטעם ענבים 60גר,פרפטי ואן מלה הולנד,TR,מסטיק מנטוס,גרמים,60.00,100 גרם,false,1,9.90,16.50,true,1,
80864295,false,סוכריות פיור וויט טעם מנטה עדינה 60 ג' מנטוס,"פרפטי ואן מלה ג'ידה,סאן",TR,מנטוס פיור וויט,גרמים,60.00,100 גרם,false,1,9.90,16.50,true,1,
80945468,false,סוכריות פיור וויט טעם מנטה מתוקה 60 ג' מנטוס,"פרפטי ואן מלה ג'ידה,סאן",TR,מנטוס פיור וויט,גרמים,60.00,100 גרם,false,1,9.90,16.50,true,1,
80979128,false,מנטוס בקבוק מעוגל - מסטיק ללא סוכר בטעם דובדבן,פרפטי ואן מלה הולנד,TR,מסטיק מנטוס,גרמים,60.00,100 גרם,false,1,9.90,16.50,true,1,
80986348,false,סוכריות פיור וויט טעם מנטה 60 ג' מנטוס,"פרפטי ואן מלה ג'ידה,סאן",TR,מנטוס פיור וויט,גרמים,60.00,100 גרם,false,1,9.90,16.50,true,1,
87108651,false,סוכריות בטעם מנטה מנטוס 4*37.5 גרם,הדקלאים אגודת שיתופי,NL,מנטוס מנטה 4 יח',גרמים,150.00,100 גרם,false,0,10.90,7.27,true,1,
87108712,false,סוכריות בטעם פירות מנטוס 4*37.5 גרם,פרפטי ואן מלה ברדה,NL,מנטוס פירות 4,גרמים,150.00,100 גרם,false,0,10.90,7.27,true,1,
11210000094,false,רוטב טבסקו אדום 60 גרם,מקאילהייני אייבורי,US,רוטב טבסקו,מיליליטרים,60.00,"100 מ""ל",false,0,10.90,18.17,true,1,
16000423534,false,חטיפי גרנולה קראנצ'י עם שיבולת שועל ושוקולד מריר נייצ'ר ואלי 5*42 גרם,ג'נרל מילס סאן אדריאן,ES,חטיף נייצ'ר ואלי,גרמים,210.00,100 גרם,false,0,14.90,7.10,true,1,
16000548404,false,חטיפי גרנולה קראנצ'י עם שיבולת שועל ודבש נייצ'ר ואלי 5*42 גרם,ג'נרל מילס סאן אדריאן,ES,חטיף נייטשר ואלי,גרמים,210.00,100 גרם,false,0,14.90,7.10,true,1,
16000548503,false,חטיפי גרנולה קראנצ'י עם מייפל וסוכר חום נייצ'ר ואלי 5*42 גרם,ג'נרל מילס סאן אדריאן,ES,חטיף נייטשר ואלי,גרמים,210.00,100 גרם,false,0,14.90,7.10,true,1,
16000548602,false,חטיפי גרנולה קראנצ'י קינמון נייצ'ר ואלי 5*24 גרם,ג'נרל מילס סאן אדריאן,ES,חטיף נייטשר ואלי,גרמים,210.00,100 גרם,false,0,14.90,7.10,true,1,
16000548909,false,חטיפי גרנולה קראנצ'י במגוון טעמים נייצ'ר ואלי 5*42 גרם,ג'נרל מילס סאן אדריאן,ES,חטיף נייטשר ואלי,גרמים,210.00,100 גרם,false,0,14.90,7.10,true,1,
25675010048,false,עוגיות סנדוויץ וניל 708,INC FOODS CONAGRA,US,עוגיות סנדוויץ,גרמים,708.00,100 גרם,false,1,24.90,3.52,true,1,
25675015050,false,פריכיות אורז מרובע לירון קרביץ 140 גרם,RACIO S.R.O.,CZ,פריכיות אורז,גרמים,140.00,100 גרם,false,0,6.90,4.93,true,1,
25675015159,false,פריכיות חיטה מלאה מרובע לירון קרביץ 155 גרם,RACIO S.R.O.,IL,פריכיות,גרמים,155.00,100 גרם,false,0,6.90,4.45,true,1,
25675015289,false,פריכיות דגנים מרובע לירון קרביץ 140 גרם,RACIO S.R.O.,IL,פריכיות דגנים,גרמים,140.00,100 גרם,false,0,6.90,4.93,true,1,
25675015357,false,פריכיות כוסמין 155 גרם לירון קרביץ,RACIO S.R.O.,CZ,פריכיות כוסמין,גרמים,155.00,100 גרם,false,0,6.90,4.45,true,1,
25675094727,false,פשקס לקקן תות 50 יח' באריזה,DORI ALIMENTOS LTDA,NL,לקקן טופי תות,גרמים,540.00,100 גרם,false,0,16.90,3.13,true,1,
25675094741,false,לקקן טופי פטל פשקס 5,DORI ALIMENTOS LTDA,NL,לקקן טופי פטל,גרמים,540.00,100 גרם,false,0,16.90,3.13,true,1,
25675705654,false,בצל מטוגן פריך בשקית פשקז 400ג',איסטרוניקס,IL,בצל מטוגן פריך,גרמים,400.00,100 גרם,false,1,12.90,3.23,true,1,
25675950313,false,פשקס סוכריות אודלס תות מארז שקית,ג'ודילינג פודס קומפנ,CN,סוכרית אודלס224ג,גרמים,224.00,100 גרם,false,1,13.90,6.21,true,1,
25675950351,false,פשקס סוכריות אודלס דובדבן מארז שקית,ג'ודילינג פודס קומפנ,CN,סוכרית אודלס224ג,גרמים,224.00,100 גרם,false,1,13.90,6.21,true,1,
25675950382,false,פשקס סוכריות אודלס פטל מארז שקית,ג'ודילינג פודס קומפנ,CN,סוכרית אודלס224ג,גרמים,224.00,100 גרם,false,1,13.90,6.21,true,1,
25675950429,false,סביבון אודלס מאגדת שקיות מיקס 192 גרם,צאוזי גונדילונג פוד,CN,אודלס סביבון,גרמים,192.00,100 גרם,false,1,12.90,6.72,true,1,
35000458476,false,קולגייט מברשת שיניים ילדים מארז רביעייה,קולגייט פלמוליב,VN,מברשת קולגייט,יחידה,1.00,יחידה,false,1,19.90,19.90,true,1,
43427002103,false,"תרסיס שמן קנולה 142 גרם ""ליברס""",פולמר דוולופמנט,US,תרסיס שמן קנולה,גרמים,142.00,100 גרם,false,1,17.90,12.61,true,1,
43427003919,false,"מארז 8 שקיות רשת בד לבישול ֿֿֿֿ""ליברסֿֿֿֿ""",,IL,שקיות לבישול 8יח,יחידה,1.00,יחידה,false,1,9.90,9.90,true,1,
43427011525,false,"פרוסות פלפל חריף 473 מֿֿֿֿ""ל ֿֿֿֿ""ליברסֿֿֿֿ""",,US,פרוסות פלפל חריף,מיליליטרים,473.00,"100 מ""ל",false,1,21.90,4.63,true,1,
43427019002,false,"רסק תפוחים ללא תוספת סוכר כשל""פ ""ליברס"" 1.3 ק""ג",בורנייט פודס,US,רסק תפוחים,קילוגרמים,1.36,"ק""ג",false,1,19.90,14.63,true,1,
43427022378,false,"תערובת לקניידלך 125 גר' ֿֿֿֿ""ליברסֿֿֿֿ""",אימפריאל פודס אינק,US,תערובת לקניידלך,גרמים,125.00,100 גרם,false,1,12.90,10.32,true,1,
43427101332,false,"סירופ תירס 12 אונקיית נוזל, 340 גרם",סי ברייז,US,סירופ תירס 340 ם,מיליליטרים,355.00,"100 מ""ל",false,1,17.90,5.04,true,1,
43427112093,false,"תרסיס שמן זית 142 גרם ""ליברס""",פולאר,IL,תרסיס שמן זית,גרמים,142.00,100 גרם,false,1,26.90,18.94,true,1,
43427192354,false,"ממתק ג'לי פיש 255 גרם ""ליברס""",מיה,IL,ממתק ג'לי פיש,גרמים,255.00,100 גרם,false,1,16.90,6.63,true,1,
43427195157,false,אבקה להכנת מרק 78 גרם,אימפריאל פודס אינק,US,אבקה להכנת מרק,גרמים,78.00,100 גרם,false,1,12.90,16.54,true,1,
43427240017,false,"חומץ בלסמי אורגני כשל""פ 500 מ""ל ""ליברס""",ליברס,IL,חומץ בלסמי,מיליליטרים,500.00,"100 מ""ל",false,1,21.90,4.38,true,1,
43427245005,false,"מחית תפוחים ממותק פאוץ 4*90 גרם ֿֿֿֿ""ליברסֿֿֿֿ""",ליברס,US,מחית תפוחים ממות,גרמים,360.00,100 גרם,false,1,11.90,3.31,true,1,
43427400183,false,"ממתק סטרוברי טוויסט 113 גרם ""ליברס""",ליברס,US,ממתק סטרוברי,גרמים,113.00,100 גרם,false,1,15.90,14.07,true,1,
43427410304,false,סוכריות טופי בטעם פירות 340 גרם ליברס,ליברס,TR,סוכריות טופי,גרמים,340.00,100 גרם,false,1,21.90,6.44,true,1,
43427613002,false,"שימורי רוטב עגבניות ""ליברס"" 425 גרם HE חדש",ליברס,US,רוטב עגבניות,גרמים,425.00,100 גרם,false,1,8.90,2.09,true,1,
43427890007,false,"זיתי מנזלינו ממולאים ""ליברס"" 283 גרם",,ES,זיתים ממולאים,גרמים,283.00,100 גרם,false,1,14.90,5.27,true,1,
58000313200,false,"קולגייט משחת שיניים פרש כחול 150 מ""ל",קולגייט,MX,מקס פרש כחול,מיליליטרים,150.00,"100 מ""ל",false,1,17.90,11.93,true,1,
64144090013,false,פאם תרסיס על בסיס שמן קנולה בטעם חמאה,קונאגרה פודס,US,תרסיס שמן,מיליליטרים,148.00,"100 מ""ל",false,0,17.90,12.09,true,1,
64144090020,false,"ספריי שמן PAM בטעם שמן זית 141 מ""ל",קונאגרה פודס,US,תרסיס שמן זית,מיליליטרים,148.00,"100 מ""ל",false,0,17.90,12.09,true,1,
64144090051,false,"ספריי שמן PAM קנולה אורגינל 148 מ""ל",קונאגרה פודס,US,תרסיס שמן קנולה,מיליליטרים,148.00,"100 מ""ל",false,0,17.90,12.09,true,1,
73490129919,false,ביסקוויט ביס קסטה הדר 250 גרם,אפיפית נצרת,IL,ביסקויט קסטה,גרמים,250.00,100 גרם,false,0,5.90,2.36,true,1,
73490130359,false,קרקר קרם קרקר רגיל 2,אפיפית נצרת,IL,"קרם קרקר ""הדר""",גרמים,250.00,100 גרם,false,0,7.90,3.16,true,1,
73490153419,false,מיץ ענבים גאולה קונקורד 1.89 ליטר,קדם פוד פרודקטסn\,US,מיץ ענבים 1.89 ל,ליטרים,1.89,ליטר,false,8,27.20,14.39,true,1,
77245110610,false,סוכריות מאסט ללא סוכר בטעם מנטה 80 ג'עלית,MIESZKO S.A - MS. JO,PL,סוכריות מאסט,גרמים,80.00,100 גרם,false,0,7.90,9.88,true,1,
78328005670,false,דגני בוקר ברנפלקס 510 גרם taanug,פוסט פודס,US,ברנפלקס,גרמים,510.00,100 גרם,false,1,27.90,5.47,true,1,
78328031457,false,דגני בוקר טבעות דגנים עם דבש 347 גרם taanug,פוסט פודס,IL,דגני בוקר טבעות,גרמים,347.00,100 גרם,false,1,31.90,9.19,true,1,
142486607110,false,חטיף גרנולה קראנצ'י שוקולד שישיה 255 גרם Oola,קנובר,MK,חטיף קראנץ 6 יח,גרמים,255.00,100 גרם,false,1,21.90,8.59,true,1,
142486607127,false,חטיף גרנולה קראנצ'י חמאת בוטנים שישיה 255 גרם Oola,קנובר,MK,חטיף קראנץ 6 יח,גרמים,255.00,100 גרם,false,1,21.90,8.59,true,1,
608614253340,false,חלת קונדטוריה 500 גרם,,IL,חלת קונדטוריה,גרמים,500.00,100 גרם,false,1,10.90,2.18,true,1,
633016004351,false,בזיליקום קצוץ 70 גרם,,IL,בזיליקום קצוץ,גרמים,70.00,100 גרם,false,1,14.90,21.29,true,1,
633016004368,false,כוסברה קצוץ 70 גרם,,IL,כוסברה קצוץ,גרמים,70.00,100 גרם,false,1,14.90,21.29,true,1,
633016004382,false,שום כתוש 80 גר' עת רן,עט רן,IL,שום כתוש,גרמים,70.00,100 גרם,false,1,14.90,21.29,true,1,
633016004399,false,פטרוזיליה קצוצה 70 גרם,עט רן,IL,פטרוזיליה קצוצה,גרמים,70.00,100 גרם,false,1,14.90,21.29,true,1,
633710350600,false,צלחת קנה סוכר עגול קטן,,CN,צלחת קנה סוכר,יחידה,1.00,יחידה,false,1,17.90,17.90,true,1,
633710350662,false,צלחת נייר קטנה 50 יחידות,"בס""ד",CN,צלחת נייר קטנה,יחידה,1.00,יחידה,false,1,6.90,6.90,true,1,
655160628801,false,סלט חציל בטעם כבד 230 גר,"לימון-מילה של איכות בע""מ",IL,סלט חצילים,גרמים,230.00,100 גרם,false,1,16.90,7.35,true,1,
655160628818,false,סלט חציל על האש 230 גרם,"לימון-מילה של איכות בע""מ",IL,סלט חציל על האש,גרמים,230.00,100 גרם,false,1,14.90,6.48,true,1,
655160628825,false,סלט חציל בתחמיץ 230 גרם,"לימון-מילה של איכות בע""מ",IL,סלט חציל בתחמיץ,גרמים,230.00,100 גרם,false,1,14.90,6.48,true,1,
655160628832,false,סלט חציל בצ'ילי 230 גרם,"לימון-מילה של איכות בע""מ",IL,סלט חציל בצ'ילי,גרמים,230.00,100 גרם,false,1,14.90,6.48,true,1,
655160628863,false,סלט טחינה של סבתא 230 גר,"לימון-מילה של איכות בע""מ",IL,סלט טחינה,גרמים,230.00,100 גרם,false,1,14.90,6.48,true,1,
655160628900,false,סחוג אדום 150 גרם,"לימון-מילה של איכות בע""מ",IL,סחוג אדום,גרמים,150.00,100 גרם,false,1,14.90,9.93,true,1,
655160628917,false,סחוג ירוק 150 גרם,"לימון-מילה של איכות בע""מ",IL,סחוג ירוק,גרמים,150.00,100 גרם,false,1,14.90,9.93,true,1,
655160628931,false,מעדן זיתים 150 גרם,"לימון-מילה של איכות בע""מ",IL,מעדן זיתים,גרמים,150.00,100 גרם,false,1,14.90,9.93,true,1,
655160629112,false,סלט חציל פיקנטי 230 גרם,"לימון-מילה של איכות בע""מ",IL,סלט חציל פיקנטי,גרמים,230.00,100 גרם,false,1,14.90,6.48,true,1,
655160629136,false,סלט פלפלים קלויים אש 230,"לימון-מילה של איכות בע""מ",IL,סלט פלפלים,גרמים,230.00,100 גרם,false,1,14.90,6.48,true,1,
655160629143,false,סלט פלפלים קלויים 230 גר,"לימון-מילה של איכות בע""מ",IL,סלט פלפלים,גרמים,230.00,100 גרם,false,1,14.90,6.48,true,1,
655160629150,false,סלט תפוחי אדמה 230 גרם,"לימון-מילה של איכות בע""מ",IL,סלט תפוחי אדמה,גרמים,230.00,100 גרם,false,1,14.90,6.48,true,1,
655160629167,false,סלט חומוס נוסטלגי 230 גר,"לימון-מילה של איכות בע""מ",IL,סלט חומוס,גרמים,230.00,100 גרם,false,1,14.90,6.48,true,1,
655160629181,false,סלט מטבוחה ישראלית 230 ג,"לימון-מילה של איכות בע""מ",IL,סלט מטבוחה,גרמים,230.00,100 גרם,false,1,14.90,6.48,true,1,
655160629198,false,סלט מטבוחה אש 230 גרם,"לימון-מילה של איכות בע""מ",IL,סלט מטבוחה,גרמים,230.00,100 גרם,false,1,14.90,6.48,true,1,
693493142847,false,פיתות פרימיום מארז עשירייה,מאסטר פייתה,IL,עשיריה פיתות,יחידה,1.00,יחידה,false,1,11.90,11.90,true,1,
693493142892,false,רביעיית פוקצות פרימיום עם זעתר פיתא 480 גרם,פיתא,IL,פוקצ'ה עם זעתר,גרמים,460.00,100 גרם,false,1,16.90,3.67,true,1,
693493142908,false,רביעיית פוקצות פרימיום עם בצל פיתא 480 גרם,פיתא,IL,פוקצ'ה בצל 460גר,גרמים,460.00,100 גרם,false,1,16.90,3.67,true,1,
693493177375,false,כוסות שתיה חמה 0Z12 50,HABAHBEH,JO,כוסות שתיה חמה,יחידה,1.00,יחידה,false,1,19.90,19.90,true,1,
693493186902,false,שמיניית מיני פרנה 500 גרם,,IL,מיני פרנה 10 יח,גרמים,500.00,100 גרם,false,1,14.90,2.98,true,1,
693493186926,false,רביעיית פרנה פיתא 480 גרם,פיתא,IL,פרנה 4 יח,גרמים,480.00,100 גרם,false,1,14.90,3.10,true,1,
701980285271,false,מיונז זיתים 230 גרם,"לימון-מילה של איכות בע""מ",IL,מיונז זיתים,גרמים,230.00,100 גרם,false,1,14.90,6.48,true,1,
701980285288,false,מיונז חריף אש 210 גרם,"לימון-מילה של איכות בע""מ",IL,מיונז חריף,גרמים,210.00,100 גרם,false,1,14.90,7.10,true,1,
710069305168,false,"רסק תפו""ע + תות בגביע אישי 113גר'*6",,IL,"רסק תפו""ע",גרמים,680.00,100 גרם,false,0,17.90,2.63,true,1,
710069811003,false,מיונז גפן 854 גרם,,US,מיונז גפן 900גרם,גרמים,900.00,100 גרם,false,0,32.90,3.66,true,1,
710069811027,false,מיונז מופחת שומן גפן 900 גר',די אנד אל,US,מיונז מופחת שומן,גרמים,900.00,100 גרם,false,1,32.90,3.66,true,1,
710069812000,false,רוטב פסטה קלאסיק מרינדה 737 גרם,,IL,רוטב פסטה גפן,גרמים,680.00,100 גרם,false,0,12.90,1.90,true,1,
710069812031,false,רוטב פיצה עגבניות קלאסי 737 גר',,IL,רוטב פיצה קדם,גרמים,737.00,100 גרם,false,0,12.90,1.75,true,1,
710069812154,false,"רסק תפו""ע לל""ס 1.300 ק""ג","כנס פוד ארה""ב",US,"רסק תפו""ע לל""ס",קילוגרמים,1.30,"ק""ג",false,1,21.90,16.85,true,1,
710069812161,false,רסק תפוחים בגביע אישי 113גר'*6,"כנס פוד ארה""ב",US,"רסק תפו""ע מארז 6",גרמים,678.00,100 גרם,false,1,17.90,2.64,true,1,
710069812178,false,רסק תפוחים ללא תוס' סוכר בגביע אישי 113גר'*6,"כנס פוד ארה""ב",US,"רסק תפו""ע 6יח",גרמים,678.00,100 גרם,false,1,17.90,2.64,true,1,
717410697934,false,מיונז בצל ירוק 230 גרם,"לימון-מילה של איכות בע""מ",IL,מיונז בצל ירוק,גרמים,230.00,100 גרם,false,1,14.90,6.48,true,1,
718122911400,false,"פסטה מסולסל אורז חום מלא ללא גלוטן ""גולדבאו 454ג",ריזופיה פוד פרודקטס,IL,"פסטה מסולסל לל""ג",גרמים,454.00,100 גרם,false,1,16.90,3.72,true,1,
732973000878,false,ווייטפיש A&B קלאסיק565גר,איי אנד בי פיימוס גפ,US,וייטפיש A&Bקלאסי,גרמים,565.00,100 גרם,false,1,36.90,6.53,true,1,
753182231761,false,"משקה אנרגיה BLU ללא תוספת סוכר 250 מ""ל",אקווה ויט,PL,משקה אנרגיה,מיליליטרים,250.00,"100 מ""ל",false,0,3.90,1.56,true,1,
768404001640,false,"גלידה בן&ג'ריס קפה משפחתית 500מ""ל",מוצרי איכות אמריקאיים בע,IL,גלידת בן & ג'ריס,מיליליטרים,500.00,"100 מ""ל",false,0,19.90,3.98,true,1,
769904000607,false,שקדי מרק משובח 200 גרם כשלפ,גיי אפ פי ייצור מזון,IL,שקדי מרק,גרמים,200.00,100 גרם,false,0,9.90,4.95,true,1,
783495814276,false,ד.בוקר ריבועי חיטה 368גר,פוסט פודס,CA,דגני בוקר 368גרם,גרמים,368.00,100 גרם,false,1,24.90,6.77,true,1,
807405052098,false,פאנדורה רדיד אלומיניום חתוך 200 יחידות,פנדורה,CN,רדיד אלומיניום,יחידה,1.00,יחידה,false,1,34.90,34.90,true,1,
807405068532,false,שקיות פסגור לאחסון פלסטיקו 40 יחידות,פטקר,CN,שקיות פסגור,יחידה,1.00,יחידה,false,1,14.90,14.90,true,1,
807405068556,false,שקיות פסגור לאיחסון (1/4) פלסטיקו 50 יחידות,פטקר,CN,שקיות פסגור,יחידה,1.00,יחידה,false,1,14.90,14.90,true,1,
807405068570,false,שקיות פסגור לחטיף פלסטיקו 100 יחידות,פטקר,CN,שקיות פסגור קטן,יחידה,1.00,יחידה,false,1,14.90,14.90,true,1,
807405068594,false,שקיות פסגור לסנדוויץ פלסטיקו 100 יחידות,פטקר,CN,שקיות פסגור,יחידה,1.00,יחידה,false,1,14.90,14.90,true,1,
811146030185,false,פשקס סוכריות טינגלרס דובדבן בשקית 288 גרם,גוגרנולא פוד אינדסטר,IL,טינגלרס ממולא דו,גרמים,288.00,100 גרם,false,1,10.90,3.78,true,1,
811146030314,false,"פשקס אודלס פטל סביבון בשקית בד""צ",,IL,סוכרית אודלס,גרמים,192.00,100 גרם,false,1,12.90,6.72,true,1,
811146030383,false,פשקס סוכריות קשות בצורת ספינר 120גר,פרימיום פודס,CN,לקקן בצורת ספינר,גרמים,120.00,100 גרם,false,1,12.90,10.75,true,1,
811146030390,false,סוכריות קשות בצורת שבשבת פשקס 12 יח,קיומי שנגיואנג פודס,CN,לקקן בצורת שבשבת,גרמים,144.00,100 גרם,false,1,12.90,8.96,true,1,
811146030741,false,סוכריות לולי פופ חמוץ משפחתי 144 גרם,גואנגדונג צאואן פוד,CN,סוכ.על מקל,גרמים,144.00,100 גרם,false,1,12.90,8.96,true,1,
811146030758,false,סוכריות פרו זיפס פירות בשקית 255 גרם,גוגרנולא פוד אינדסטר,PK,סוכ.טופי 255גרם,גרמים,255.00,100 גרם,false,1,11.90,4.67,true,1,
811146030765,false,פרו זיפס כפול פירות בשקית 255 גרם,גוגרנולא פוד אינדסטר,PK,סוכ.טופי 255גרם,גרמים,255.00,100 גרם,false,1,11.90,4.67,true,1,
811146030772,false,פרו זיפס ארוכות פירות בשקית 255 גרם,גוגרנולא פוד אינדסטר,PK,סוכ.טופי ממולאות,גרמים,255.00,100 גרם,false,1,11.90,4.67,true,1,
811250031344,false,רוטב שזיפים צנצנת,נפטון מוצרי מזון (1990),IL,רוטב שזיפים380ג,גרמים,380.00,100 גרם,false,1,10.90,2.87,true,1,
839762000641,false,משקה איילנד מנגו נקטר 1 ל',"פאראגאלה,דה אג'יפשן קו פ",EG,נקטר איילנד,ליטרים,1.00,ליטר,false,0,10.00,10.00,true,1,
839762000658,false,איילנד גויאבה המשקה של חופי סיני 1 ליטר,The Egyptian Co. for,EG,נקטר איילנד,ליטרים,1.00,ליטר,false,0,10.00,10.00,true,1,
840762001408,false,רוטב ברביקיו רגיל 510 גר,פרמונט קומפני,US,רוטב ברביקיו,גרמים,510.00,100 גרם,false,1,17.90,3.51,true,1,
840762001415,false,רוטב ברביקיו מתוק עדין,פרמונט קומפני,US,רוטב ברביקיו,גרמים,510.00,100 גרם,false,1,17.90,3.51,true,1,
840762811403,false,פטריות שמפניון חתוכות 22,גרינירד,NL,פטריות שמפניון,גרמים,227.00,100 גרם,false,1,6.90,3.04,true,1,
844510013101,false,"יין ירושלים הילז קברנה סוביניון 750 מ""ל",אגדת,IL,קברנה סוביניון,מיליליטרים,750.00,"100 מ""ל",false,1,42.90,5.72,true,1,
856591000062,false,עוגיות מזרחיות עם מלח עבאדי 400 גרם,מאפיית יוסף ושמחה עבאדי,IL,עוגיות מזרחיות,גרמים,400.00,100 גרם,false,0,16.90,4.23,true,1,
856591000109,false,עוגיות מזרחיות פריך במיוחד עבאדי 400 גרם,מאפיית יוסף ושמחה עבאדי,IL,עוגיות מזרחיות,גרמים,400.00,100 גרם,false,0,16.90,4.23,true,1,
856591000949,false,"מאפה חיטה מלוח ""קטנטנים"" עבאדי 350 גרם",עבאדי,IL,קטנטנים עבאדי,גרמים,350.00,100 גרם,false,1,14.90,4.26,true,1,
877300002160,false,רוטב צ'ילי מתוק 370 גרם,נפטון מוצרי מזון (1990),IL,רוטב צ'ילי מתוק,גרמים,370.00,100 גרם,false,1,10.90,2.95,true,1,
877300003235,false,רוטב חמוץ מתוק 360 גרם,נפטון מוצרי מזון (1990),IL,רוטב חמוץ מתוק,גרמים,360.00,100 גרם,false,1,10.90,3.03,true,1,
877300003242,false,רוטב ברביקיו נפטון 3,נפטון מוצרי מזון (1990),IL,רוטב ברביקיו,גרמים,350.00,100 גרם,false,1,10.90,3.11,true,1,
877300003273,false,רוטב טריאקי נפטון 3,נפטון מוצרי מזון (1990),IL,רוטב טריאקי 350ג,גרמים,350.00,100 גרם,false,1,10.90,3.11,true,1,
877300003280,false,רוטב סויה צנצנת 340 גרם,נפטון מוצרי מזון (1990),IL,רוטב סויה 340 גר,גרמים,340.00,100 גרם,false,1,10.90,3.21,true,1,
877300003310,false,רוטב צ'ילי חריף 370 גרם,נפטון מוצרי מזון (1990),IL,רוטב צ'ילי חריף,גרמים,370.00,100 גרם,false,1,10.90,2.95,true,1,
877300003327,false,רוטב סויה מתוק 360 גרם,נפטון מוצרי מזון (1990),IL,רוטב סויה 360גרם,גרמים,360.00,100 גרם,false,1,10.90,3.03,true,1,
877300008841,false,רוטב אלף האיים 310 גרם,נפטון מוצרי מזון (1990),IL,רוטב אלף האיים,גרמים,310.00,100 גרם,false,1,10.90,3.52,true,1,
877300008858,false,רוטב ויניגרט הדרים 310 ג,נפטון מוצרי מזון (1990),IL,רוטב וינגריט,גרמים,310.00,100 גרם,false,1,10.90,3.52,true,1,
877300008902,false,רוטב שום שמיר 310 גרם,נפטון מוצרי מזון,IL,רוטב שום שמיר,גרמים,310.00,100 גרם,false,1,10.90,3.52,true,1,
884912365200,false,דגני בוקר אוראו שחור ולבן 311 גרם,פוסט ארצות הברית,US,דגני בוקר אוראו,גרמים,311.00,100 גרם,false,1,23.90,7.68,true,1,
893022001137,false,"מגבונים לחים 72 יחידות כשל""פ מותר לשימוש בשבת",ווטנפס בעמ,IL,מגבונים לשבת,יחידה,1.00,יחידה,false,1,4.90,4.90,true,1,
3059943016569,false,"מבשם אוויר אירוויק ספריי פרסיה ויסמין 240 מ""ל",איירוויק Air Wick,GB,אירויק ספריי,מיליליטרים,240.00,"100 מ""ל",false,0,9.90,4.13,true,1,
3574660115154,false,או-בה טמפונים קלאסי סופר 32יח',ג'\ונסון אנד ג'\ונסון,GR,טמפוני או בה,יחידה,1.00,יחידה,false,0,24.90,24.90,true,1,
3574661419435,false,תחבושות הגייניות וניה מקסי 12 יחידות,Johnson Vania - BL,BE,תחבושות וניה,יחידה,1.00,יחידה,false,1,22.90,22.90,true,1,
3574661487328,false,קרפרי מגני תחתון אורגינל פלוס 56 יח',הדקלאים אגודת שיתופי,IT,מגני תחתון קרפרי,יחידה,1.00,יחידה,false,1,17.90,17.90,true,1,
3574661487625,false,מגני תחתון פלוס לארג' בניחוח עדין L,הדקלאים אגודת שיתופי,IT,מגן תחתון קרפרי,יחידה,1.00,יחידה,false,1,17.90,17.90,true,1,
3574661552804,false,מגן תחתון קרפרי אלוורה 56 יחידות,הדקלאים אגודת שיתופי,IT,מגני תחתון קרפרי,יחידה,1.00,יחידה,false,1,17.90,17.90,true,1,
3574661552811,false,מגן תחתון קרפרי כותון אוורירי 56 יחידות,הדקלאים אגודת שיתופי,GR,מגן תחתון קרפרי,יחידה,1.00,יחידה,false,1,17.90,17.90,true,1,
3574661554877,false,מגן תחתון קרפרי כותון מבושם 56 יחידות,הנסיך- מפעל לייצור ט,GR,מגני תחתון קרפרי,יחידה,1.00,יחידה,false,1,17.90,17.90,true,1,
3574669908665,false,גונסונס בייבי אל סבון לפני השינה 750 מל,גונסון אנד גונסון,IT,ג'ונסון אל סבון,מיליליטרים,750.00,"100 מ""ל",false,1,21.90,2.92,true,1,
3600521720219,false,קרם פנים לילה עם פעולה משולשת לכל סוגי העור,"קרלסרו, גרמניה",DE,קרם לילה,מיליליטרים,50.00,"100 מ""ל",false,0,39.90,79.80,true,1,
3600522373278,false,"לוריאל - דאודורנט לגבר מן אקספרט שרט פרוטקט 150 מ""ל",SOPROCOS,FR,דאודורנט אקספרט,מיליליטרים,150.00,"100 מ""ל",false,1,15.90,10.60,true,1,
3600523462360,false,דאו.מן אקספרט סנסטיב150מ,SOPROCOS,FR,דאו. מן אקספרט,מיליליטרים,150.00,"100 מ""ל",false,1,15.90,10.60,true,1,
3600523651870,false,שמפו לחיזוק סיב השערה לכל סוגי השיער,לוריאל - אלביב Elvive,TR,אלביב שמפו,מיליליטרים,550.00,"100 מ""ל",false,1,17.90,3.25,true,1,
3600523651900,false,מרכך לחיזוק סיב השערה לכל סוגי השיער,לוריאל - אלביב Elvive,TR,אלביב מרכך,מיליליטרים,550.00,"100 מ""ל",false,1,17.90,3.25,true,1,
3600523652242,false,"לוריאל - אלביב שמפו קולור פרוטקט 550 מ""ל",לוריאל - אלביב Elvive,TR,אלביב שמפו,מיליליטרים,550.00,"100 מ""ל",false,1,17.90,3.25,true,1,
3600523652280,false,"לוריאל אלביב שמפו מועשר ב 6 שמנים, 550 מ""ל",לוריאל - אלביב Elvive,TR,אלביב שמפו,מיליליטרים,550.00,"100 מ""ל",false,1,17.90,3.25,true,1,
3600541740006,false,"גרנייה - דאודורנט ספריי לאישה אקשן קונטרול 72 שעות 150 מ""ל","לוריאל ישראל בע""מ",FR,דאו.גרנייה,מיליליטרים,150.00,"100 מ""ל",false,1,9.90,6.60,true,1,
3600541928275,false,מי פנים מיסלריים דו-פאזיים מסיר איפור עמיד במים,"קוסמופול, פולין",PL,מים מיסלריים דו,מיליליטרים,400.00,"100 מ""ל",false,1,32.90,8.23,true,1,
3607345265117,false,"אדידס - דאודורנט ספריי לגבר טים פורס 150 מ""ל",מיוצר עי קונדיטוריית,ES,ספריי גוף אדידס,מיליליטרים,150.00,"100 מ""ל",false,0,14.90,9.93,true,1,
3661163970448,false,"אדידס דאודורנט ספריי מקס פרש לגברים 200 מ""ל",מיוצר עי קונדיטוריית,PT,דאודורנט אדידס,מיליליטרים,200.00,"100 מ""ל",false,0,13.90,6.95,true,1,
4005808811700,false,"ניוואה ג'ל לניקוי מאזן לעור, 150 מ""ל",ביירסדורץ,DE,ג'ל ניקוי מ/ש,מיליליטרים,150.00,"100 מ""ל",false,0,29.90,19.93,true,1,
4005808890507,false,קרם ניוואה סופט צנצנת 200 מל,ניוואה Nivea,ES,קרם ניוואה סופט,מיליליטרים,200.00,"100 מ""ל",false,0,29.90,14.95,true,1,
4008287058161,false,"שישייה בירה קרומבאכר פילס 330X6 מ""ל",מנדלז סי.אר. פרודקשן,DE,בירה קרומבאכר6יח,ליטרים,1.98,ליטר,false,1,29.90,15.10,true,1,
4008287762020,false,בירה קרומבאכר חיטה 0.50 ליטר בקבוק,קרומבכר בראורי,DE,בירה קרומבאכר,מיליליטרים,500.00,"100 מ""ל",false,0,9.90,1.98,true,1,
4008287905786,false,בירה קרומבאכר חיטה 5.3% פחית 500 מל,מנדלז סי.אר. פרודקשן,DE,בירה קרומבאכר,מיליליטרים,500.00,"100 מ""ל",false,1,9.90,1.98,true,1,
4009900402965,false,אורביט וויט בטעם פירות בקבוקון 46מלבניות,ריגלי פולין,PL,אורביט בקבוקון,גרמים,64.00,100 גרם,false,0,9.90,15.47,true,1,
4009900403023,false,אורביט וויט בטעם מנטה בקבוקון 46 מלבניות,"ב.א מזון בע""מ",PL,אורביט בקבוקון,גרמים,64.00,100 גרם,false,0,9.90,15.47,true,1,
4009900420129,false,מסטיק אורביט פרופשנל פפרמינט בקבוקון 64 גר',מרס נדרלנד,PL,אורביט פפרמינט,גרמים,64.00,100 גרם,false,1,9.90,15.47,true,1,
4009900536288,false,מסטיק אורביט רפרשרס פפרמינט בקבוקון ללא סוכר 67 גר',מרס ריגלי קונפקשונרי,PL,אורביט רפרשרס,גרמים,67.00,100 גרם,false,1,12.90,19.25,true,1,
4015000519915,false,"פה - דאודורנט ספריי לאישה פינק פרדייס 200 מ""ל",שוורצקופף והנקל,TR,דאודורנט FA,מיליליטרים,200.00,"100 מ""ל",false,0,10.90,5.45,true,1,
4015000615891,false,"פה - דאודורנט ספריי לאישה אקווה 200 מ""ל",שוורצקופף והנקל,DE,דאודורנט FA,מיליליטרים,200.00,"100 מ""ל",false,0,10.90,5.45,true,1,
4015400564034,false,מגן תחתון אולוויז מגה פק לונג פלוס 58 יחידות,פרוקטר אנד גמבל,DE,מגן תחתון אולויז,יחידה,1.00,יחידה,false,0,24.90,24.90,true,1,
4015400564454,false,מגני תחתון אולוויז לארג' עם ניחוח מגה פק,פרוקטר אנד גמבל,DE,מגן תחתון אולויז,יחידה,1.00,יחידה,false,0,24.90,24.90,true,1,
4015400598381,false,תחבושות היגייניות אולטרה לונג - מארז קוואטרו 48 יח',פרוקטר אנד גמבל,DE,תחבושות אולוויז,יחידה,1.00,יחידה,false,0,32.90,32.90,true,1,
4015400598411,false,תחבושות היגייניות יום ולילה Day & Night - מארז 40 יח',פרוקטר אנד גמבל,DE,תחבושות אולוויז,יחידה,1.00,יחידה,false,0,32.90,32.90,true,1,
4015400681670,false,תחבושות אולוויז וליו פק לילה בטוח 18 יחידות,פרוקטר אנד גמבל,UA,תחבושות אולוייז,יחידה,1.00,יחידה,false,0,21.90,21.90,true,1,
4015400695677,false,פמפרס בייבי דריי מידה 4+ 80 יח,פרוקטר & גמבל,TR,פמפרס אריזת ענק,יחידה,1.00,יחידה,false,1,69.90,69.90,true,1,
4015400695691,false,פמפרס בייבי דריי מידה 5 74 יח,פרוקטר & גמבל,TR,פמפרס אריזת ענק,יחידה,1.00,יחידה,false,1,69.90,69.90,true,1,
4015400731719,false,תחבושות היגייניות אולוויז יום ולילה Day & Night,פרוקטר אנד גמבל,UA,תחבושות אולוייז,יחידה,1.00,יחידה,false,1,21.90,21.90,true,1,
4015400746812,false,מגני תחתון אולוויז נורמל עם ניחוח מגה פק,פרוקטר אנד גמבל,DE,מגן תחתון אולויז,יחידה,1.00,יחידה,false,1,24.90,24.90,true,1,
4015400755487,false,תחבושות היגייניות אולוויז אולטרה לונג - 24 יח',פרוקטר אנד גמבל,DE,תחבושות אולוייז,יחידה,1.00,יחידה,false,1,21.90,21.90,true,1,
4015600763251,false,שמפו הד&שולדרס קלאסי600מ,פרוקטר אנד גמבל,RO,שמפו הד&שולדרס,מיליליטרים,600.00,"100 מ""ל",false,0,24.90,4.15,true,1,
4015600763299,false,הד&שולדרס 600 שמפו 2ב1 קלאסי,פרוקטר אנד גמבל,RO,שמפו הד&שולדרס,מיליליטרים,600.00,"100 מ""ל",false,0,24.90,4.15,true,1,
4015600763411,false,שמפו הד&שולדרס מנטול 600,פרוקטר אנד גמבל,RO,שמפו הד&שולדרס,מיליליטרים,600.00,"100 מ""ל",false,0,24.90,4.15,true,1,
4015600763459,false,שמפו הד&שולדרס תפוח600מל,פרוקטר אנד גמבל,RO,שמפו הד&שולדרס,מיליליטרים,600.00,"100 מ""ל",false,0,24.90,4.15,true,1,
4015600763534,false,הד&שולדרס 600 שמפו מגע משי,פרוקטר אנד גמבל,RO,שמפו הד&שולדרס,מיליליטרים,600.00,"100 מ""ל",false,0,24.90,4.15,true,1,
4627137373225,false,בונבוניירה שוקולד במילוי בטעם טראפלס (180 ג'),,BY,בנבוניירה שוקולד,גרמים,180.00,100 גרם,false,1,15.90,8.83,true,1,
4627137373256,false,בונבוניירה שוקולד במילוי בטעם קרמל (294 ג'),,BY,בנבוניירה שוקולד,גרמים,294.00,100 גרם,false,1,24.90,8.47,true,1,
4800888150080,false,"דאב - דאודורנט רול און לאישה פרש טאצ' מלפפונים 50 מ""ל",יוניליוור פיליפינים,PH,דאודורנט דאב,מיליליטרים,50.00,"100 מ""ל",false,0,19.90,39.80,true,1,
4800888219510,false,דאב - דאודורנט סטיק לאישה פרש מלפפונים 50 גרם,יוניליוור פיליפינים,PH,דאודורנט דאב,גרמים,50.00,100 גרם,false,1,19.90,39.80,true,1,
4810168058975,false,חתיכות פילה דג הרינג סקנדינבי מלוח מצונן 260 גר,סנטה ברמור,BY,פילה הרינג 260גר,גרמים,260.00,100 גרם,false,1,18.90,7.27,true,1,
4810168058999,false,פילה דג הרינג סקנדינבי מלוח מצונן 250 גרם,סנטה ברמור,BY,פילה דג הרינג,גרמים,250.00,100 גרם,false,1,14.90,5.96,true,1,
4891199027598,false,סול אולטרה אלקליין C4 1.5V AA,סמיקום,CN,רביעיית סוללות,יחידה,1.00,יחידה,false,0,8.90,8.90,true,1,
4891199027659,false,סול אולטרה אלקליין C4 1.5V AAA,סמיקום,CN,רביעיית סוללות,יחידה,1.00,יחידה,false,0,8.90,8.90,true,1,
4891228430061,false,סכיני גילוח שיק אקזקטה 2 לנשים ורוד 10 יח',הנסיך- מפעל לייצור ט,CN,סכיני גילוח 10יח,יחידה,1.00,יחידה,false,0,26.90,26.90,true,1,
5000159376792,false,סוכריות סקיטלס Skittles פירות חמוצים,ריגלי ממתקים,CZ,סוכריות סקיטלס,גרמים,38.00,100 גרם,false,0,2.90,7.63,true,1,
5000204133509,false,זיפלוק שקיות אחסון גדולות 19 יחידות,אס.סי.גונסון ובניו,US,שקיות אחסון,יחידה,1.00,יחידה,false,1,11.90,11.90,true,1,
5000204658187,false,"קיווי נוזל נעליים קראון שחור 75 מ""ל",אס' סי' ג'ונסון במה,PL,קיווי נוזל,מיליליטרים,75.00,"100 מ""ל",false,0,14.90,19.87,true,1,
5000213014905,false,"בירה גינס פחית 440 מ""ל",קרלסברג ישראל,IE,בירה גינס פחית,מיליליטרים,440.00,"100 מ""ל",false,0,14.90,3.39,true,1,
5000267024233,false,"וויסקי ג'וני בלאק לייבל עם פורר 700מ""ל",ג'וני ווקר Johnnie walker,GB,ויסקי ג'וני ווקר,מיליליטרים,700.00,"100 מ""ל",false,0,129.90,18.56,true,1,
5010677850100,false,וודקה גריי גוס בקבוק,בקרדי מרטיני,FR,וודקה גריי גוס,מיליליטרים,700.00,"100 מ""ל",false,1,119.90,17.13,true,1,
5016616000520,false,טופי חלבי עם חמאה 200 גרם Rumplers,פי אנד די,GR,טופי חלבי,גרמים,200.00,100 גרם,false,1,11.90,5.95,true,1,
5016616300248,false,סוכריות טופי טעם שוקולד ומנטה 150 גרם,פי אנד די,GR,טופי שוקולד ומנט,גרמים,150.00,100 גרם,false,1,11.90,7.93,true,1,
5016616300255,false,סוכריות טופי טעם ענבים ופטל 150 גרם,פי אנד די,GR,טופי ענבים ופטל,גרמים,150.00,100 גרם,false,1,11.90,7.93,true,1,
5024546366838,false,ויסקי לאודרס ספיישל 1 ל,לה גרנד שדה פראנס,GB,ויסקי לאודרס,יחידה,1.00,יחידה,false,0,139.60,139.60,true,1,
5029053527574,false,האגיס תחתון ספיגה 4-7 בנים דריי נייטס 10 יחידות,חוגלה קימברלי,CZ,10 תחתוני ספיגה,יחידה,1.00,יחידה,false,0,34.90,34.90,true,1,
5099864006377,false,תחליף חלב מהדרין שלב 1 סימילאק אדוונס 90,אבוט מעבדות רפואיות,ES,סימילאק שלב 1,גרמים,900.00,100 גרם,false,0,79.90,8.88,true,1,
5099864006384,false,תחליף חלב למהדרין שלב 2 סימילאק 900 גרם,אבוט מעבדות רפואיות,ES,סימילאק שלב 2,גרמים,900.00,100 גרם,false,0,79.90,8.88,true,1,
5099864006391,false,תחליף חלב למהדרין שלב 3 סימילאק 900 גרם,אבוט מעבדות רפואיות,ES,סימילאק שלב 3,גרמים,900.00,100 גרם,false,0,79.90,8.88,true,1,
5099873017623,false,"וויסקי גק דניאלס טנסי אפל 700 מ""ל",ג'ק דניאלס Jack Daniel's,BE,ג'ק דניאלס תפוח,יחידה,1.00,יחידה,false,0,129.60,129.60,true,1,
5391523062152,false,סימילאק למהדרין 400 גרם שלב 1,אבוט אירלנד,IE,סימילאק למהדרין,גרמים,400.00,100 גרם,false,1,39.90,9.98,true,1,
5410126106183,false,עוגיות לוטוס 50 יחידות ארוזות בנפרד 312 גרם,כלורוקס אוקלנד,BE,ביסקוויט לוטוס,גרמים,312.00,100 גרם,false,0,15.90,5.10,true,1,
5410126716016,false,"עוגיות לוטוס ביסקויט קרמל בד""צ 250 גרם",לוטוס ביקרי בלגיה,BE,ביסקויט לוטוס,גרמים,250.00,100 גרם,false,0,11.90,4.76,true,1,
5410126726947,false,ממרח ביסקוויט קרמל קראנץ' לוטוס 380 גרם,לוטוס בייקרי בלגיה נ,BE,ממרח עוגיות,גרמים,380.00,100 גרם,false,0,22.90,6.03,true,1,
5411188096108,false,"שמנת לבישול ע""ב סויה 250 מ""ל אלפרו",אלפרו C.V.A,BE,שמנת צמחית,מיליליטרים,250.00,"100 מ""ל",false,0,9.90,3.96,true,1,
5411188110835,false,אלפרו חלב סויה שקדים וניל 1ל',הנסיך- מפעל לייצור ט,BE,משקה שקדים אלפרו,ליטרים,1.00,ליטר,false,0,14.90,14.90,true,1,
5411188112709,false,"משקה קוקוס אלפרו 1 ליטר משקה שקדים לל""ס",הנסיך- מפעל לייצור ט,BE,משקה שקדים אלפרו,ליטרים,1.00,ליטר,false,0,14.90,14.90,true,1,
5411188115366,false,משקה קוקוס אלפרו 1 ליטר משקה שיבולת שועל 1 ליטר,הנסיך- מפעל לייצור ט,BE,משקה שיבולת שועל,ליטרים,1.00,ליטר,false,0,14.90,14.90,true,1,
5411188115472,false,משקה סויה אלפרו 1 ליטר,הנסיך- מפעל לייצור ט,BE,משקה סויה אלפרו,ליטרים,1.00,ליטר,false,1,14.90,14.90,true,1,
5411188120957,false,"אלפרו תערובת לבישול על בסיס קוקוס 250 מ""ל",אלפרו C.V.A,BE,אלפרו לבישול,מיליליטרים,250.00,"100 מ""ל",false,1,10.90,4.36,true,1,
5411188134985,false,משקה NOT MILK שיבולת שועל 3.5% אלפרו 1 ליטר,הנסיך- מפעל לייצור ט,BE,משקה שיבולת שועל,ליטרים,1.00,ליטר,false,1,13.90,13.90,true,1,
5411188300328,false,אלפרו סויה שוקו 1 ליטר * 8 יחי,הנסיך- מפעל לייצור ט,BE,משקה סויה שוקו,ליטרים,1.00,ליטר,false,0,14.90,14.90,true,1,
5411188543398,false,משקה סויה ללא סוכר אלפרו 1 ליטר,הנסיך- מפעל לייצור ט,BE,משקה סויה אלפרו,ליטרים,1.00,ליטר,false,1,14.90,14.90,true,1,
5701932026964,false,"הוטפופ גרעיני תירס להכנת פופקורן במיקרוגל בטעם טבעי, בתוספת מלח, 600 גרם",ליימן מותגים,US,פופקורן הוטפופ,גרמים,600.00,100 גרם,false,0,16.90,2.82,true,1,
5701932026971,false,הוטפופ גרעיני תירס להכנת פופקורן במיקרוגל בטעם חמאה 600 גרם,ליימן מותגים,US,הוטפופ טעם חמאה,גרמים,600.00,100 גרם,false,0,16.90,2.82,true,1,
5701932026995,false,"הוטפופ גרעיני תירס להכנת פופקורן במיקרוגל בטעם טבעי מופחת שומן, 510 גרם",קריניציה ויטמינה אס,US,הוטפופ טעם טבעי,גרמים,510.00,100 גרם,false,0,16.90,3.31,true,1,
5765571543619,false,לקקן של פעם 8 יחידות,ממתקי נעמה,IL,לקקנים,גרמים,100.00,100 גרם,false,1,11.90,11.90,true,1,
5902198160403,false,XL משקה אנרגיה מוגז ללא סוכר עד 10 קלוריות לפחית 250 מל,"טמפו משקאות בע""\מ",IL,משקה אנרגיה,מיליליטרים,250.00,"100 מ""ל",false,1,4.50,1.80,true,1,
5904941750312,false,"משקה אנרגיה BLU מוחיטו בודד 250 מ""ל",אקו - ביט,PL,בלו מוחיטו,מיליליטרים,250.00,"100 מ""ל",false,0,3.90,1.56,true,1,
5904941751302,false,"משקה אנרגיה בלו 250 מ""ל- בודד",אקו - ביט,PL,משקה אנרגיה,מיליליטרים,250.00,"100 מ""ל",false,0,3.90,1.56,true,1,
5904941751920,false,"משקה אנרגיה BLU day רגיל 250 מ""ל",אקו - ביט,PL,בלו דיי משקה,מיליליטרים,250.00,"100 מ""ל",false,0,3.90,1.56,true,1,
5904941751975,false,"בלו משקה אנרגיה דיי ענבים 250 מ""ל",אקו - ביט,PL,בלו דיי ענבים,מיליליטרים,250.00,"100 מ""ל",false,1,3.90,1.56,true,1,
5906485301012,false,"משקה אנרגיה XL פחית 250 מ""ל","טמפו משקאות בע""מ",IL,משקה אנרגיה XL,מיליליטרים,250.00,"100 מ""ל",false,0,4.50,1.80,true,1,
6009606260218,false,דגני בוקר וויטביקס 450 גרם,ויטביקס,IL,דגני בוקר 430גר,גרמים,430.00,100 גרם,false,1,24.90,5.79,true,1,
6111094000259,false,קוסקוס דארי בינוני 500ג'18X,דארי קוספאט אס. איי. או,MA,קוסקוס דארי,גרמים,500.00,100 גרם,false,1,9.90,1.98,true,1,
6111094000709,false,דארי קוסקוס מחיטה מלאה 500 גרם,דארי קוספאט אס. איי. או,MA,קוסקוס דארי,גרמים,500.00,100 גרם,false,1,9.90,1.98,true,1,
6112017103354,false,אטבי כביסה סיליקון 12 יח',,IL,אטבי כביסה,יחידה,1.00,יחידה,false,1,8.90,8.90,true,1,
6201601120027,false,נר הבדלה דונג,,CN,נר הבדלה דונג,יחידה,1.00,יחידה,false,1,5.90,5.90,true,1,
6920190410066,false,שיפודי במבוק 70 יחידות,INTEMATIONAL FOCUS NEW,CN,שיפודי במבוק,יחידה,1.00,יחידה,false,1,2.90,2.90,true,1,
7180589856540,false,NICE אביזרי שיער,,IL,אביזרים לבית,יחידה,1.00,יחידה,false,0,3.90,3.90,true,1,
7290000000022,true,עגבניות חממה,קטיף.,IL,עגבניה,קילוגרמים,0.00,"ק""ג",true,0,4.90,4.90,true,1,
7290000000046,true,מלפפונים,קטיף.,IL,מלפפון,קילוגרמים,0.00,"ק""ג",true,0,4.90,4.90,true,1,
7290000000053,true,קישואים מובחר,קטיף.,IL,קישואים מובחר,קילוגרמים,0.00,"ק""ג",true,0,6.90,6.90,true,1,
7290000000084,true,פלפל ירוק בהיר,שותפות מזרחי,IL,פלפל ירוק בהיר,קילוגרמים,0.00,"ק""ג",true,0,7.90,7.90,true,1,
7290000000091,true,פלפל אדום,קטיף.,IL,פלפל אדום,קילוגרמים,0.00,"ק""ג",true,0,7.90,7.90,true,1,
7290000000107,true,פלפל ירוק כהה,קטיף.,IL,פלפל ירוק כהה,קילוגרמים,0.00,"ק""ג",true,0,6.90,6.90,true,1,
7290000000114,true,חצילים,קטיף.,IL,חצילים,קילוגרמים,0.00,"ק""ג",true,0,4.90,4.90,true,1,
7290000000138,true,כרוב לבן,קטיף.,IL,כרוב לבן,קילוגרמים,0.00,"ק""ג",true,0,3.90,3.90,true,1,
7290000000183,true,סלק,קטיף.,IL,סלק,קילוגרמים,0.00,"ק""ג",true,0,4.90,4.90,true,1,
7290000000213,true,צנונית -יח,קטיף.,IL,צנונית -יח,יחידה,1.00,יחידה,false,0,5.90,5.90,true,1,
7290000000220,true,קולורבי,קטיף.,IL,קולורבי,קילוגרמים,0.00,"ק""ג",true,0,5.90,5.90,true,1,
7290000000336,true,כרישה מוסדי שקיל,קטיף.,IL,כרישה,קילוגרמים,0.00,"ק""ג",true,0,14.90,14.90,true,1,
7290000000374,true,פטריות שמפניון יחידה,קטיף.,IL,שמפניון,גרמים,220.00,100 גרם,false,0,8.90,4.05,true,1,
7290000000411,true,שום - רביעייה במארז,קטיף.,XX,שום יבוא,גרמים,190.00,100 גרם,false,0,5.90,3.11,true,1,
7290000000428,true,בטטות מובחר,קטיף.,IL,בטטה,קילוגרמים,0.00,"ק""ג",true,0,9.90,9.90,true,1,
7290000000480,true,בצל יבש,קטיף.,IL,בצל יבש,קילוגרמים,0.00,"ק""ג",true,0,3.90,3.90,true,1,
7290000000596,true,תפוח אדמה לבן תפזורת,קטיף.,IL,תפוח אדמה תפזורת,קילוגרמים,0.00,"ק""ג",true,0,4.90,4.90,true,1,
7290000000619,true,פלפל חריף,שותפות מזרחי,IL,פלפל חריף,קילוגרמים,0.00,"ק""ג",true,0,6.90,6.90,true,1,
7290000000732,true,דלורית,קטיף.,IL,דלורית,קילוגרמים,0.00,"ק""ג",true,0,4.90,4.90,true,1,
7290000000855,true,פלפל צהוב,קטיף.,IL,פלפל צהוב,קילוגרמים,0.00,"ק""ג",true,0,7.90,7.90,true,1,
7290000001036,true,בצל יבש אדום,קטיף.,XX,בצל יבש אדום,קילוגרמים,0.00,"ק""ג",true,0,5.90,5.90,true,1,
7290000001661,true,גזר תפזורת,קטיף.,IL,גזר תפזורת,קילוגרמים,0.00,"ק""ג",true,0,4.90,4.90,true,1,
7290000001722,true,תפוח אדמה אדום תפזורת,קטיף.,IL,"תפו""א אדום תפז'",קילוגרמים,0.00,"ק""ג",true,0,5.90,5.90,true,1,
7290000002026,true,לחם אחיד 750 גרם,מאפית ברמן,IL,לחם אחיד,גרמים,750.00,100 גרם,false,0,4.70,0.63,true,1,
7290000002040,true,חלה רגילה 500 גרם,מאפית ברמן,IL,חלה רגילה,גרמים,500.00,100 גרם,false,0,4.90,0.98,true,1,
7290000023083,false,ערק אשקלון בקבוק 700,"יקבי ברקן בע""\מ",IL,ערק אשקלון,מיליליטרים,700.00,"100 מ""ל",false,0,49.90,7.13,true,1,
7290000023809,false,"יין קלאסיק קברנה סוביניון ברקן 750 מ""ל",יקבי ברקן שיווק והפצה בע,IL,קברנה קלאסיק,מיליליטרים,750.00,"100 מ""ל",false,0,26.90,3.59,true,1,
7290000023816,false,"יין קלאסיק אמרלד ריזלינג ברקן 750 מ""ל",יקבי ברקן שיווק והפצה בע,IL,ריזלינג קלאסיק,מיליליטרים,750.00,"100 מ""ל",false,0,26.90,3.59,true,1,
7290000023977,false,"יין קלאסיק מרלו ברקן 750 מ""ל",יקבי ברקן שיווק והפצה בע,IL,מרלו קלאסיק,מיליליטרים,750.00,"100 מ""ל",false,0,26.90,3.59,true,1,
7290000024202,false,"יין רזרב קברנה סוביניון ברקן 750 מ""ל",ברקן שיווק והפצה בעמ,IL,ברקן רזרב,מיליליטרים,750.00,"100 מ""ל",false,0,34.90,4.65,true,1,
7290000024240,false,יין רזרב שרדונה 750 מל שביעית,ביבקבי ברקן שיווק וה,IL,יין ברקן שרדונה,מיליליטרים,750.00,"100 מ""ל",false,0,34.90,4.65,true,1,
7290000024264,false,"יין רזרב מרלו ברקן 750 מ""ל","כרמי צבי - אחים סגל בע""\",IL,מרלו רזרב,מיליליטרים,750.00,"100 מ""ל",false,0,34.90,4.65,true,1,
7290000034256,false,ביסקוויט תירוש חצי מצופה הדר 175ג',אפיפית נצרת תעשיות ב,IL,ביסקוויט תירוש,גרמים,175.00,100 גרם,false,0,6.90,3.94,true,1,
7290000040042,false,יופלה יוגורט תות 3% שומן 150 גרם,תנובה חלב,IL,יופלה תות 3%,גרמים,150.00,100 גרם,false,0,4.90,3.27,true,1,
7290000040066,false,יופלה יוגורט דובדבן %3 גביע 150 גרם,תנובה מרכז שיתופי לש,IL,יופלה דובדבן3%,גרמים,150.00,100 גרם,false,0,4.90,3.27,true,1,
7290000040080,false,יופלה יוגורט אפרסק 3% שומן 150 גרם,תנובה חלב,IL,יופלה אפרסק3%,גרמים,150.00,100 גרם,false,0,4.90,3.27,true,1,
7290000040318,false,גבינת ברי 24% קולאז עדי תנובה 125 ג',תנובה מרכז שיתופי לש,IL,גבינת עדי ברי24%,גרמים,125.00,100 גרם,false,0,19.80,15.84,true,1,
7290000041407,false,"גיל קטן 3% תנובה 125 מ""ל בד""ץ",תנובה מרכז שיתופי לש,IL,גיל מועשר 3%,מיליליטרים,125.00,"100 מ""ל",false,0,0.90,0.72,true,1,
7290000041445,false,קוטג תנובה גביע 250 גרם 5% בדצ,מיוצר עי קונדיטוריית,IL,קוטג' תנובה 5%,גרמים,250.00,100 גרם,false,0,5.50,2.20,true,1,
7290000041452,false,קוטג תנובה גביע 250 גרם 9% בדצ,תנובה מרכז שיתופי לש,IL,קוטג' 9% מהדרין,גרמים,250.00,100 גרם,false,0,5.50,2.20,true,1,
7290000041865,false,"לבן 4.5% שומן מהדרין ""יטבתה""",שטראוס גרופ,IL,לבן יטבתה4.5%,מיליליטרים,200.00,"100 מ""ל",false,0,2.00,1.00,true,1,
7290000041872,false,"לבן 3% יטבתה 200מ""ל מהדרין",שטראוס גרופ,IL,לבן יטבתה 3%,מיליליטרים,200.00,"100 מ""ל",false,0,2.00,1.00,true,1,
7290000042015,false,"חלב שתייה תנובה בד""צ בשקית 1 ליטר",תנובה מרכז שיתופי לש,IL,חלב 3% שקית,ליטרים,1.00,ליטר,false,0,5.40,5.40,true,1,
7290000042367,false,חלב טרי 3% בקבוק תנובה 1 ליטר מהדרין,תנובה מרכז שיתופי לש,IL,חלב טרי 3%,ליטרים,1.00,ליטר,false,0,6.20,6.20,true,1,
7290000042404,false,חלב 3% בשקית יטבתה 1 ליטר מהדרין,שטראוס גרופ,IL,חלב 3% בשקית,ליטרים,1.00,ליטר,false,0,5.70,5.70,true,1,
7290000042442,false,"חלב תנובה טרי 3% ""תנובה"" - מוצר בפיקוח",תנובה חלב,IL,חלב תנובה 3%,ליטרים,1.00,ליטר,false,0,6.20,6.20,true,1,
7290000042671,false,חלב עמיד %3 קרטון 1 ל בהכשר בדצ,תנובה מרכז שיתופי לש,IL,חלב עמיד 3%,ליטרים,1.00,ליטר,false,0,6.90,6.90,true,1,
7290000042855,false,"שוקו בשקית 250 מ""ל ""יטבתה""",שטראוס גרופ,IL,שוקו בשקית,מיליליטרים,225.00,"100 מ""ל",false,0,2.40,1.07,true,1,
7290000043012,false,"שוקו עמיד 2% בקרטון 250 מ""ל תנובה",תנובה מרכז שיתופי לש,IL,שוקו עמיד,מיליליטרים,250.00,"100 מ""ל",false,0,4.30,1.72,true,1,
7290000043814,false,השף הלבן שמנת להקצפה 38% שומן 250 מל - מוצר בפיקוח,תנובה מרכז שיתופי לש,IL,שמנת עמידה לקצפת,מיליליטרים,250.00,"100 מ""ל",false,0,6.40,2.56,true,1,
7290000043890,false,תנובה רויון לבן מחלב מפסוטר 1.5%,תנובה מרכז שיתופי לש,IL,רויון בקרטון1.5%,ליטרים,1.00,ליטר,false,0,10.90,10.90,true,1,
7290000044712,false,יוגורט עם תות 1.5% שומן 500 ג' פרילי,מיוצר עי קונדיטוריית,IL,פרילי תות-שדה,גרמים,500.00,100 גרם,false,0,10.40,2.08,true,1,
7290000044880,false,באדי יוגורט תות 3% שומן 500 ג' תנובה,מיוצר עי קונדיטוריית,IL,מעדן באדי תות 3%,גרמים,500.00,100 גרם,false,0,9.00,1.80,true,1,
7290000045399,false,שמיניית גבינה מותכת 2.6% תנובה 25 גרם,תנובה מרכז שיתופי לש,IL,גבינה מותכת,גרמים,200.00,100 גרם,false,0,14.90,7.45,true,1,
7290000047546,false,השף הלבן כנען גבינה לבנה דלת נתרן 5% תנובה 500 גרם,תנובה מרכז שיתופי לש,IL,גבינת כנען 5%,גרמים,500.00,100 גרם,false,0,22.90,4.58,true,1,
7290000047621,false,גבינה לבנה רכה 5% תנובה 250ג' מהדרין,מיוצר עי קונדיטוריית,IL,גבינה %5 מהדרי,גרמים,250.00,100 גרם,false,0,4.90,1.96,true,1,
7290000047942,false,"גבינה לבנה בד""צ 9% תנובה 250 גרם",תנובה מרכז שיתופי לש,IL,גבינה9%מהדרין,גרמים,250.00,100 גרם,false,0,4.60,1.84,true,1,
7290000048185,false,גבינה לבנה 5% תנובה 250 גרם מהדרין,מיוצר עי קונדיטוריית,IL,גבינה לבנה 5%,גרמים,250.00,100 גרם,false,0,4.90,1.96,true,1,
7290000048307,false,גבינת קוטג' עם זיתים 5% תנובה 250 גרם,מיוצר עי קונדיטוריית,IL,קוטג' עם זיתים5%,גרמים,250.00,100 גרם,false,0,5.80,2.32,true,1,
7290000048413,false,פיראוס חמד גבינה מלוחה 16% שומן,תנובה מרכז שיתופי לש,IL,גבינה מלוחה 16%,גרמים,250.00,100 גרם,false,0,17.90,7.16,true,1,
7290000048437,false,פיראוס צפתית 5% שומן 200 גרם,פארייפאבה אגרואינדוס,IL,גבינה צפתית 5%,גרמים,200.00,100 גרם,false,0,14.90,7.45,true,1,
7290000048451,false,פיראוס חרמון מלוחה 16% 250גר,תנובה מרכז שיתופי לש,IL,גבינת חרמון,גרמים,250.00,100 גרם,false,0,17.90,7.16,true,1,
7290000050447,false,"יוגורט ביו בטעם תות YYY יופלה 500 מ""ל",מיוצר עי קונדיטוריית,IL,יופלה תות,גרמים,500.00,100 גרם,false,0,12.90,2.58,true,1,
7290000050454,false,יוגורט יופלה אפרסק 3% שומן 500 גרם,מיוצר עי קונדיטוריית,IL,יופלה אפרסק,גרמים,500.00,100 גרם,false,0,12.90,2.58,true,1,
7290000050966,false,תנובה גבינה לבנה מהדרין 5% 850 גר,תנובה מרכז שיתופי לש,IL,גבינה לבנה 850 ג,גרמים,850.00,100 גרם,false,0,16.50,1.94,true,1,
7290000051376,false,יוגורט יופלה דיאט אננס 0% שומן 150 גרם,תנובה מרכז שיתופי לש,IL,יופלה דיאט אננס,גרמים,150.00,100 גרם,false,0,4.90,3.27,true,1,
7290000052649,false,גבינת לאבנה 5% שומן 500 ג' פיראוס,תנובה מרכז שיתופי לש,IL,לאבנה פיראוס 5%,גרמים,500.00,100 גרם,false,0,19.90,3.98,true,1,
7290000052717,false,גבינת קוטג' שום שמיר 5% תנובה 250 גרם,מיוצר עי קונדיטוריית,IL,קוטג' +שום שמיר,גרמים,250.00,100 גרם,false,0,5.80,2.32,true,1,
7290000052946,false,מארז יוגורט יופלה לבן מעודן בדצ 8*150,תנובה מרכז שיתופי לש,IL,יופלה מעודן 8 יח,קילוגרמים,1.20,"ק""ג",false,0,19.90,16.58,true,1,
7290000053981,false,מאגדת יופלה 4*תות 150ג 4*אפרסק 150ג בדצ,תנובה מרכז שיתופי לש,IL,יופלה פרי 8 יח,קילוגרמים,1.20,"ק""ג",false,0,25.90,21.58,true,1,
7290000053998,false,"יופלה לבן ביו 1.5% טבעי מארז 150X8מ""ל בד""צ",תנובה מרכז שיתופי לש,IL,יופלה לבן 8 יח,קילוגרמים,1.20,"ק""ג",false,0,16.90,14.08,true,1,
7290000055015,false,פיראוס גבינת פטה כבשים 5% תנובה 250 גרם,תנובה מרכז שיתופי לש,IL,פטה כבשים פיראוס,גרמים,250.00,100 גרם,false,0,25.90,10.36,true,1,
7290000055206,false,גבינה לבנה 5% בטעם בצל מטוגן 250 ג' תנובה,תנובה מרכז שיתופי לש,IL,גבינה לבנה 5%,גרמים,250.00,100 גרם,false,0,5.30,2.12,true,1,
7290000055329,false,"משקה בוקר יוגורט 1.5% בטעם תות מלון יופלה 250 מ""ל",תנובה מרכז שיתופי לש,IL,משקה יוגורט,גרמים,250.00,100 גרם,false,0,5.50,2.20,true,1,
7290000055343,false,משקה יוגורט יופלה פירות טרופיים 250 גרם,תנובה מרכז שיתופי לש,IL,משקה יוגורט,גרמים,250.00,100 גרם,false,0,5.50,2.20,true,1,
7290000055893,false,חמאה משמנת מפוסטרת 200גרם 82% כ.מהדרין - מוצר בפיקוח,תנובה מרכז שיתופי לש,IL,חמאה מהדרין,גרמים,200.00,100 גרם,false,0,7.20,3.60,true,1,
7290000056272,false,גבינה לבנה 5% עם זיתים ירוקים 250 ג' תנובה,תנובה מרכז שיתופי לש,IL,גבינה לבנה 5%,גרמים,250.00,100 גרם,false,0,5.30,2.12,true,1,
7290000056753,false,גבינה צהובה עמק בדצ 28% שומן 200 גרם,תנובה חלב,IL,גבינה עמק 200 גר,גרמים,200.00,100 גרם,false,0,14.90,7.45,true,1,
7290000056760,false,גבינת עמק פרוס 28% בקופסא 400 גרם,תנובה מרכז שיתופי לש,IL,גבינה עמק 400 גר,גרמים,400.00,100 גרם,false,0,27.90,6.98,true,1,
7290000056845,false,תנובה חלב טרי 3% שומן 1.5 ליטר - מוצר בפיקוח,פארייפאבה אגרואינדוס,IL,חלב תנובה 3%,ליטרים,1.50,ליטר,false,0,9.30,6.20,true,1,
7290000056883,false,שמיניית יוגורט יופלה 3% טעמים שונים 150 גרם,תנובה מרכז שיתופי לש,IL,יופלה 8 יח במארז,קילוגרמים,1.20,"ק""ג",false,0,29.90,24.92,true,1,
7290000056906,false,מאגדת לבן טבעי 1.5% שומן 8 יח' * 150 ג' יופלה,מחלבת אלון תבור,IL,יופלה לבן 1.5%,קילוגרמים,1.20,"ק""ג",false,0,16.90,14.08,true,1,
7290000057088,false,עמק גבינה צהובה פרוסה דק דק 28% תנובה 200 גרם,תנובה מרכז שיתופי לש,IL,עמק דק28% 200גרם,גרמים,200.00,100 גרם,false,0,14.90,7.45,true,1,
7290000057477,false,חלב בקרטון 3% הומוגני 1.5 ליטר,תנובה מרכז שיתופי לש,IL,חלב טרי הומוגני,ליטרים,1.50,ליטר,false,0,9.30,6.20,true,1,
7290000057552,false,יופלה דיאט עוגת גבינה ותות 0% גביע 150ג',תנובה חלב,IL,יופלה עוגת גבינה,גרמים,150.00,100 גרם,false,0,4.90,3.27,true,1,
7290000057934,false,"שוקו בבקבוק תנובה 1 ליטר בד""ץ",תנובה מרכז שיתופי לש,IL,שוקו 1 ליטר,ליטרים,1.00,ליטר,false,0,12.80,12.80,true,1,
7290000058030,false,"שמיניית יופלה שטוזים משקה יוגורט תות 100 מ""ל",מיוצר עי קונדיטוריית,IL,8שטוזים משקה תות,מיליליטרים,800.00,"100 מ""ל",false,0,19.90,2.49,true,1,
7290000058047,false,שמנת להקצפה 38% 500מל מהדרין עמיד השף הלבן,תנובה מרכז שיתופי לש,IL,משמנת להקצפה 38%,מיליליטרים,500.00,"100 מ""ל",false,0,12.90,2.58,true,1,
7290000058276,false,"שמיניית קרלו מיני תות 100 גרם בד""ץ",תנובה מרכז שיתופי לש,IL,מיני קרלו 8 יח',גרמים,800.00,100 גרם,false,0,12.90,1.61,true,1,
7290000058979,false,גיל בטעם תות 3% שומן 125 ג' תנובה,תנובה מרכז שיתופי לש,IL,גיל בטעם תות125ג,גרמים,125.00,100 גרם,false,0,1.40,1.12,true,1,
7290000066318,false,במבה חטיף בוטנים אסם 80 גרם,"אסם השקעות בע""\מ",IL,במבה,גרמים,80.00,100 גרם,false,0,4.50,5.63,true,1,
7290000072623,false,קטשופ אסם בקבוק לחיץ 750 גרם,"אסם תעשיות בע""מ",IL,קטשופ בקבוק לחיץ,גרמים,750.00,100 גרם,false,0,11.90,1.59,true,1,
7290000072753,false,קפה נמס מגורען טסטרס צ'ויס 200 גרם-,נסטלה קוריאה - קפה,KR,קפה טסטרס צ'ויס,גרמים,200.00,100 גרם,false,0,32.90,16.45,true,1,
7290000090627,true,לחמניה מתוקה,גידרון,IL,לחמניה מתוק עגול,יחידה,1.00,יחידה,false,0,2.00,2.00,true,1,
7290000090832,true,בייגל אמריקאי רגיל,גידרון,IL,בייגל אמריקאי,יחידה,1.00,יחידה,false,0,3.90,3.90,true,1,
7290000091808,true,בייגל שמינייה,גידרון,IL,בייגל שמינייה,יחידה,1.00,יחידה,false,0,3.90,3.90,true,1,
7290000093031,true,לחם ג'בטה,גידרון,IL,לחם ג'בטה,יחידה,1.00,יחידה,false,0,5.90,5.90,true,1,
7290000094168,true,בייגל אמריקאי כפרי,גידרון,IL,בייגל אמריקאי כפ,יחידה,1.00,יחידה,false,0,3.90,3.90,true,1,
7290000094199,true,לחם חצי ג'בטה,גידרון,IL,חצי ג'בטה לבן,יחידה,1.00,יחידה,false,0,3.90,3.90,true,1,
7290000094373,true,לחם חצי ג'בטה כפרי,גידרון,IL,לחם חצי ג'בטה,יחידה,1.00,יחידה,false,0,3.90,3.90,true,1,
7290000096032,true,חצי בגט,גידרון,IL,חצי בגט,יחידה,1.00,יחידה,false,0,2.90,2.90,true,1,
7290000097596,true,לחמנית 1/3 באגט,גידרון,IL,לחמנית בגט,יחידה,1.00,יחידה,false,0,2.50,2.50,true,1,
7290000097633,true,לחמניית קשר,גידרון,IL,לחמניית קשר,יחידה,1.00,יחידה,false,0,2.90,2.90,true,1,
7290000097657,true,לחמניית חלה,גידרון,IL,לחמניית חלה,יחידה,1.00,יחידה,false,0,3.90,3.90,true,1,
7290000098296,true,לחמניית אצבע,גידרון,IL,לחמניית אצבע,יחידה,1.00,יחידה,false,0,2.00,2.00,true,1,
7290000100289,false,"לקט שדה ירקות קפואים 700 גר' סנפרוסט-תנובה בד""ץ","סנפרוסט בע""\מ",IL,"לקט השדה בד""צ",גרמים,700.00,100 גרם,false,1,19.90,2.84,true,1,
7290000100555,false,מיני ברוקולי קפוא 600 גרם בדצ,"סנפרוסט בע""\מ",IL,מיני ברוקולי בדצ,גרמים,600.00,100 גרם,false,1,29.90,4.98,true,1,
7290000100562,false,"מיני כרובית בד""צ 600 גרם","סנפרוסט בע""\מ",IL,מיני כרובית 600ג,גרמים,600.00,100 גרם,false,1,24.90,4.15,true,1,
7290000100975,false,שעועית ירוקה עדינה שלמה סנפרוסט 600 גרם,"סנפרוסט בע""\מ",IL,שעועית ירוקה600ג,גרמים,600.00,100 גרם,false,1,16.90,2.82,true,1,
7290000103495,false,"אפונת גינה בד""ץ סנפרוסט 700 גרם","סנפרוסט בע""\מ",IL,אפונת גינה,גרמים,700.00,100 גרם,false,0,13.90,1.99,true,1,
7290000103501,false,"שעועית ירוקה חתוכה סנפרוסט 700 גר' בד""צ","סנפרוסט בע""\מ",IL,שעועית ירוקה חתו,גרמים,700.00,100 גרם,false,0,13.90,1.99,true,1,
7290000103525,false,גזר גמדי -שמיטה 700 גרם סנפרוסט,"סנפרוסט בע""\מ",IL,גזר גמדי,גרמים,700.00,100 גרם,false,0,13.90,1.99,true,1,
7290000103532,false,גרעיני תירס סנפרוסט 700ג' בדץ,"סנפרוסט בע""\מ",IL,גרעיני תירס,גרמים,700.00,100 גרם,false,0,13.90,1.99,true,1,
7290000103549,false,אפונה עדינה קפואה סנפרוסט 600 ג' בדץ,"סנפרוסט בע""\מ",IL,אפונה עדינה שלמה,גרמים,600.00,100 גרם,false,0,16.90,2.82,true,1,
7290000103556,false,גרגירי חומוס מבושל סנפרוסט 700ג' בדצ,"סנפרוסט בע""\מ",IL,גרגירי חומוס,גרמים,700.00,100 גרם,false,0,13.90,1.99,true,1,
7290000104713,false,פול ירוק סנפרוסט 800 גרם,"איי, בי, אינבוו",IL,פול ירוק מוקפא,גרמים,800.00,100 גרם,false,0,19.90,2.49,true,1,
7290000104799,false,שעועית לבנה מבושלת סנפרוסט 800 גרם,"איי, בי, אינבוו",IL,שעועית לבנה,גרמים,800.00,100 גרם,false,0,21.90,2.74,true,1,
7290000107189,false,תחתיות ארטישוק סנפרוסט 400 גרם,"איי, בי, אינבוו",IL,תחתיות ארטישוק,גרמים,400.00,100 גרם,false,0,19.90,4.98,true,1,
7290000110844,false,"כיפלי גריל בד""צ תלמה 70 ג'",יוניליור ישראל מזון,IL,כיפלי בטעם גריל,גרמים,70.00,100 גרם,false,0,6.90,9.86,true,1,
7290000110851,false,חטיף כיפלי בטעם בצל 70גר,יוניליוור מזון,IL,כיפלי בטעם בצל,גרמים,70.00,100 גרם,false,0,6.90,9.86,true,1,
7290000111117,false,מרכך כביסה לבן בדין 4 ליטר,יוניליור ישראל טיפוח איש,IL,מרכך כביסה בדין,ליטרים,4.00,ליטר,false,0,24.90,6.23,true,1,
7290000111360,false,חרדל תלמה 250 גרם-צנצנת,יוניליוור ישראל מזו,IL,חרדל אמיתי תלמה,גרמים,250.00,100 גרם,false,0,7.90,3.16,true,1,
7290000116204,false,"אבקת מרק דגש בטעם עוף 1ק""ג קנור",יוניליוור ישראל מזון בע\,IL,מרק דגש טעם עוף,קילוגרמים,1.00,"ק""ג",false,0,17.90,17.90,true,1,
7290000116884,false,"רוטב ברביקיו קנור 300 גרם בד""צ",יוניליוור ישראל מזון בע\,IL,רוטב ברביקיו,גרמים,350.00,100 גרם,false,0,12.90,3.69,true,1,
7290000116921,false,רוטב צ'ילי מתוק 340 גרם קנור,יוניליוור ישראל מזון בע\,IL,רוטב צ'ילי מתוק,גרמים,370.00,100 גרם,false,0,12.90,3.49,true,1,
7290000116945,false,"רוטב סויה קלאסי קנור בד""צ 350 גרם",יוניליוור ישראל מזון בע\,IL,רוטב סויה קלאסי,מיליליטרים,300.00,"100 מ""ל",false,0,12.90,4.30,true,1,
7290000117720,false,נמס בכוס פטריות קנור 21.5 גרם מארז זוגי,יוניליוור ישראל מזון בע\,IL,מרק נמס בכוס,גרמים,43.00,100 גרם,false,0,7.90,18.37,true,1,
7290000133645,false,שלישיית משחת שיניים סודה אורביטול 145 גרם,טרופיקל דגיל תעשיות קוסמ,IL,משחת שיניים 3 יח,גרמים,435.00,100 גרם,false,0,15.90,3.66,true,1,
7290000135045,false,"XL TEN משקה אנרגיה פתוח ללא סוכר 250 מ""ל","טמפו משקאות בע""\מ",IL,TEN XL בטעם תפוח,מיליליטרים,250.00,"100 מ""ל",false,1,4.50,1.80,true,1,
7290000135052,false,"XL TEN משקה אנרגיה מנגו ללא סוכר 250 מ""ל","טמפו משקאות בע""\מ",IL,TEN XL בטעם מנגו,מיליליטרים,250.00,"100 מ""ל",false,1,4.50,1.80,true,1,
7290000135113,false,משקה אנרגיה XL TEN ללא סוכר בטעם נענע ליים,"טמפו משקאות בע""\מ",IL,TEN XL נענע ליים,מיליליטרים,250.00,"100 מ""ל",false,1,4.50,1.80,true,1,
7290000135182,false,"סבן אפ דיאט פחית צרה שישיה * 330 מ""ל","טמפו משקאות בע""מ",IL,סבן אפ פחיות 6יח,ליטרים,1.98,ליטר,false,1,16.50,8.33,true,1,
7290000135465,false,"מי סודה 500 מ""ל - מארז 12 בקבוקים","טמפו משקאות בע""\מ",IL,מי סודה 12 בקבוק,ליטרים,0.00,ליטר,false,0,26.90,26.90,true,1,
7290000136141,false,משקה בטעם קולה 1.5ל' פפסי,"טמפו משקאות בע""\מ",IL,פפסי קולה,ליטרים,1.50,ליטר,false,0,7.50,5.00,true,1,
7290000136158,false,פפסי מקס משקה מוגז דל קלוריות בטעם קולה,"טמפו משקאות בע""\מ",IL,פפסי מקס,ליטרים,1.50,ליטר,false,0,7.10,4.73,true,1,
7290000136165,false,משקה מירינדה 1.5ליטר,"טמפו משקאות בע""\מ",IL,מירינדה תפוזי,ליטרים,1.50,ליטר,false,0,7.50,5.00,true,1,
7290000136172,false,סבן אפ בקבוק 1.5 ליט,"טמפו משקאות בע""\מ",IL,סבן אפ,ליטרים,1.50,ליטר,false,0,7.50,5.00,true,1,
7290000136189,false,סבן אף דיאט 1.5 ליטר בודד,"טמפו משקאות בע""\ם.",IL,דיאט סבן אפ,ליטרים,1.50,ליטר,false,0,7.00,4.67,true,1,
7290000136295,false,"סירופ בטעם פטל ג'ויסר סיידר הגליל 330 מ""ל","טמפו משקאות בע""\מ",IL,סירופ סיידר גליל,מיליליטרים,330.00,"100 מ""ל",false,1,14.90,4.52,true,1,
7290000136301,false,"סירופ בטעם ענבים ג'ויסר סיידר הגליל 330 מ""ל","טמפו משקאות בע""\מ",IL,סירופ סיידר גליל,מיליליטרים,330.00,"100 מ""ל",false,1,14.90,4.52,true,1,
7290000136431,false,משקה בטעם אפרסק צלול תריסר 1.5 ל' ג'אמפ,"טמפו משקאות בע""\מ",IL,ג'אמפ אפרסק,ליטרים,1.50,ליטר,false,0,7.50,5.00,true,1,
7290000136455,false,משקה בטעם אשכוליות תריסר 1.5 ל' ג'אמפ,"טמפו משקאות בע""\ם.",IL,ג'אמפ אשכוליו,ליטרים,1.50,ליטר,false,0,7.50,5.00,true,1,
7290000136486,false,משקה בטעם אשכוליות דיאט תריסר 1.5 ל' ג'אמפ,"טמפו משקאות בע""\ם.",IL,ג'אמפ דיאט,ליטרים,1.50,ליטר,false,0,7.50,5.00,true,1,
7290000136516,false,משקה בטעם מנגו פסיפלורה תריסר 1.5 ל' ג'אמפ,טמפו משקאות בעמ,IL,ג'אמפ מנגו,ליטרים,1.50,ליטר,false,0,7.50,5.00,true,1,
7290000136523,false,משקה בטעם ענבים תריסר 1.5 ל' ג'אמפ,"טמפו משקאות בע""\ם.",IL,ג'אמפ ענבים,ליטרים,1.50,ליטר,false,0,7.50,5.00,true,1,
7290000136561,false,משקה בטעם תות בננה תריסר 1.5 ל' ג'אמפ,"טמפו משקאות בע""\מ",IL,ג'אמפ תות בננ,ליטרים,1.50,ליטר,false,0,7.50,5.00,true,1,
7290000136585,false,משקה בטעם תפוזים תריסר 1.5 ל' ג'אמפ,"טמפו משקאות בע""\ם.",IL,ג'אמפ תפוזים,ליטרים,1.50,ליטר,false,0,7.50,5.00,true,1,
7290000136608,false,משקה בטעם תפוח צלול תריסר 1.5 ל' ג'אמפ,"טמפו משקאות בע""\ם.",IL,ג'אמפ תפוחים,ליטרים,1.50,ליטר,false,0,7.50,5.00,true,1,
7290000136646,false,בירה נשר מאלט ללא אלכוהול 1.5 ליטר,"טמפו משקאות בע""\מ",IL,נשר מאלט,ליטרים,1.50,ליטר,false,0,9.90,6.60,true,1,
7290000136653,false,דיאט נשר מאלט ללא אלכוהול 1.5 ליטר,"טמפו משקאות בע""\מ",IL,נשר מאלט דיאט,ליטרים,1.50,ליטר,false,0,9.90,6.60,true,1,
7290000136691,false,מארז שישייה סבן אפ 1.5 ל',סבן אפ 7up,IL,סבן אפ 1.5*6ל,ליטרים,9.00,ליטר,false,0,37.20,4.13,true,1,
7290000136752,false,סבן אפ דיאט מארז שישייה 1.5 ל' FREE,"טמפו משקאות בע""\מ",IL,סבן אפ דיאט1.5*6,ליטרים,9.00,ליטר,false,0,34.10,3.79,true,1,
7290000136769,false,מארז שישיה בטעם קולה 1.5 ל' פפסי,"טמפו משקאות בע""\מ",IL,פפסי קולה 1.5*6ל,ליטרים,9.00,ליטר,false,0,37.20,4.13,true,1,
7290000136776,false,שישיית פפסי מקס דל קלוריות 1.5 ליטר,פפסי Pepsi,IL,פפסי מקס1.5*6ל,ליטרים,9.00,ליטר,false,0,38.90,4.32,true,1,
7290000136790,false,שישיית מי סודה טמפו 1.5 ליטר,"טמפו משקאות בע""\מ",IL,סודה טמפו1.5*6ל,ליטרים,9.00,ליטר,false,0,16.70,1.86,true,1,
7290000136806,false,מארז סודה רביעייה לימון ליים 1.5 ל' טמפו,טמפו משקאות בעמ,IL,סודה למון1.5*4ל,ליטרים,6.00,ליטר,false,0,11.10,1.85,true,1,
7290000136813,false,סודה בטעם אננס מארז רביעייה 1.5 ל' טמפו,טמפו משקאות בע''מn\,IL,סודה ט.אננס1.5*4,ליטרים,6.00,ליטר,false,0,11.10,1.85,true,1,
7290000136820,false,סודה בטעם פירות יער מארז ריבעיה * 1.5 ל' טמפו,טמפו משקאות בע''מn\,IL,4סודה פרי יער1.5,ליטרים,6.00,ליטר,false,0,11.10,1.85,true,1,
7290000136837,false,רביעיית מי סודה נגיעות אפרסק טמפו 1.5 ליטר,טמפו משקאות בע''מn\,IL,4סודה ט.אפרסק1.5,ליטרים,6.00,ליטר,false,0,11.10,1.85,true,1,
7290000136844,false,מארז מים מזוככים אקווה נובה שישיית 2 ליטר,"טמפו משקאות בע""\מ",IL,אקווה נובה2*6ל,ליטרים,12.00,ליטר,false,0,11.90,0.99,true,1,
7290000144160,false,"שמן זית כתית מעולה ארומתי עץ הזית 750 מ""ל","מרקאולאו, ספרד.אבסה,",IT,שמן זית,מיליליטרים,750.00,"100 מ""ל",false,0,34.90,4.65,true,1,
7290000144474,false,שמן עץ הזית קנולה 1 ליטר בריאות מהטבע,שמן תעשיות בעמ,EE,שמן קנולה,ליטרים,1.00,ליטר,false,0,14.90,14.90,true,1,
7290000146645,false,הוואי - סבון מוצק שחור מסתורי 100 גרם רביעייה,טרופיקל דגיל קוסמטיק,IL,סבון הוואי 4 יח,גרמים,400.00,100 גרם,false,0,11.90,2.98,true,1,
7290000146652,false,הוואי סבון מוצק רביעיה ורוד רומנטי 4*100 גרם,טרופיקל דגיל קוסמטיק,PL,סבון הוואי 4 יח,גרמים,400.00,100 גרם,false,0,11.90,2.98,true,1,
7290000146683,false,הוואי - סבון מוצק אפקט דאודורנט 100 גרם רביעייה,טרופיקל דגיל קוסמטיק,PL,סבון הוואי 4 יח,גרמים,400.00,100 גרם,false,0,11.90,2.98,true,1,
7290000146928,false,"משחת שיניים לילדים בטעם ענבים טום וג'רי 50 מ""ל",טרופיקל דגיל קוסמטיק,IL,משחת טום וג'רי,מיליליטרים,50.00,"100 מ""ל",false,0,7.90,15.80,true,1,
7290000146997,false,משחת שיניים לילדים מסטיק טום וג'רי 50 מל,טרופיקל דגיל קוסמטיק,IL,משחת טום וג'רי,מיליליטרים,50.00,"100 מ""ל",false,0,7.90,15.80,true,1,
7290000149615,false,רביעיית סבון מוצק קלאסי לתינוק נקה 7 4*100 גרם,גליל כימיקלים בעממשו,IL,נקה 7 סבון 4 יח,גרמים,400.00,100 גרם,false,0,10.90,2.73,true,1,
7290000149851,false,סבון לניקוי והסרת כתמים סינטבון 460 גרם,יבואן ומשווק: ש. שסט,IL,סינטבון נקה כפול,גרמים,460.00,100 גרם,false,0,9.90,2.15,true,1,
7290000149905,false,טקסטיל נוזל לכביסה עדינה נקה 1 ליטר,מיוצר עי קונדיטוריית,IL,נוזל כביס טקסטיל,ליטרים,1.00,ליטר,false,0,13.90,13.90,true,1,
7290000168173,false,"ברנפלקס קרנצ'ים תלמה 375 גרם בד""צ",יוניליור ישראל מזון,IL,ברנפלקס קרנצ'ים,גרמים,375.00,100 גרם,false,0,24.90,6.64,true,1,
7290000169798,false,"עוגי מופחת סוכר 20% פצפוצי שוקו' 500ג' בד""צ",יוניליוור ישראל מזון בע\,IL,עוגי מופחת סוכר,גרמים,500.00,100 גרם,false,0,25.90,5.18,true,1,
7290000170053,false,"שוקולד פרה חלב 100 גרם בד""צ לל""ג","שטראוס גרופ בע""\מ.",IL,שוקולד פרה חלב,גרמים,100.00,100 גרם,false,0,5.50,5.50,true,1,
7290000176420,false,קפה נמס פחית עלית 200 גרם,שטראוס קפה בי.וי,IL,קפה נמס,גרמים,200.00,100 גרם,false,0,19.90,9.95,true,1,
7290000176475,false,האג קפה נמס נטול קפאין עלית 200 גרם,שטראוס גרופ,VN,קפה נמס האג,גרמים,200.00,100 גרם,false,0,37.30,18.65,true,1,
7290000178707,false,תפוצ'יפס בטעם טבעי 50 גרם,"שטראוס פריטו ליי בע""\מ )",IL,חטיף תפוצ'יפס,גרמים,50.00,100 גרם,false,0,3.90,7.80,true,1,
7290000178721,false,תפוצ'יפס בטעם טבעי 200 גרם,"שטראוס פריטו ליי בע""\מ )",IL,תפוצי'פס טבעי,גרמים,200.00,100 גרם,false,0,9.90,4.95,true,1,
7290000190853,false,לילי פיור נייר טואלט דו שכבתי לבן 30 גלילים,לילי נייר טואלט חוגלה,IL,נייר טואלט לילי,מטרים,537.00,100 מטר,false,0,44.90,8.36,true,1,
7290000191225,false,חיתולים ליטל בייביז מידה 2 האגיס 46 יחידות,קימברלי קלארק שיווק,IL,האגיס ליטל בייבי,יחידה,1.00,יחידה,false,1,31.90,31.90,true,1,
7290000191645,false,"חיתולים האגיס ליטל בייביס ניו בורן שלב 1 עד 4 ק""ג",קימברלי קלארק ארהב,US,חיתולי האגיס,יחידה,1.00,יחידה,false,0,31.90,31.90,true,1,
7290000191652,false,שלישיית ממחטות אולטרה סופט קלינקס 90 יחידות,חוגלה קימברלי,IL,קלינקס מעוצב 3יח,יחידה,1.00,יחידה,false,0,12.90,12.90,true,1,
7290000192581,false,מגבת נייר גליל כפול ניקול 12=6 גליל,קימברלי-קלארק,IL,מגבות נייר,מטרים,129.00,מטר,false,1,27.90,0.22,true,1,
7290000193014,false,מגן תחתון פדיות אינטרלוד לילי 50 יחידות,חוגלה קימברלי,CZ,לילי פדים,יחידה,1.00,יחידה,false,0,9.90,9.90,true,1,
7290000193083,false,נובה-לי תחבושות היגייניות לילי 28 יחידות,חוגלה קימברלי,CZ,תחבושות נובה לי,יחידה,1.00,יחידה,false,0,9.90,9.90,true,1,
7290000193205,false,תחבושות עם כנפיים ללילה נטורל לילי 20 יחידות,חוגלה קימברלי,BE,תחבושות לילי,יחידה,1.00,יחידה,false,0,14.90,14.90,true,1,
7290000193472,false,מגן תחתון נטורל נורמל לילי 60 יחידות,חוגלה קימברלי,ES,פדיות לילי,יחידה,1.00,יחידה,false,0,12.90,12.90,true,1,
7290000193540,false,מגן תחתון לונג נטורל לילי 52 יחידות,חוגלה קימברלי,ES,פדיות לילי,יחידה,1.00,יחידה,false,0,12.90,12.90,true,1,
7290000193618,false,לילי אינטימייט מגן תחתון נורמל 24 יח',חוגלה קימברלי,ES,פדיות לילי נטורל,יחידה,1.00,יחידה,false,0,12.90,12.90,true,1,
7290000193793,false,לילי תחבושות אינטימי נורמל אולט' 24 יח',חוגלה קימברלי,BE,תחבושות לילי,יחידה,1.00,יחידה,false,0,14.90,14.90,true,1,
7290000193953,false,תחבושות לילי נורמל24*2יח,חוגלה קימברלי,ES,זוג תחבושות לילי,יחידה,1.00,יחידה,false,0,25.90,25.90,true,1,
7290000193960,false,תח.לילי סופר פלוס 24*2יח,חוגלה קימברלי,ES,תחבושות לילי זוג,יחידה,1.00,יחידה,false,0,25.90,25.90,true,1,
7290000197425,false,חיתולים פרידום דריי שלב 3 האגיס 52 יחידות,קימברלי קלארק ישראל,IL,חיתולי האגיס,יחידה,1.00,יחידה,false,0,42.90,42.90,true,1,
7290000197456,false,חיתולים פרידום דריי שלב 4 האגיס 44 יחידות,קימברלי קלארק ישראל,IL,חיתולי האגיס,יחידה,1.00,יחידה,false,0,42.90,42.90,true,1,
7290000197463,false,חיתולים פרידום דריי שלב +4 האגיס 40 יחידות,קימברלי קלארק ישראל,IL,חיתולי האגיס,יחידה,1.00,יחידה,false,0,42.90,42.90,true,1,
7290000197548,false,חיתולים פרידום דריי שלב 5 האגיס 36 יחידות,קימברלי קלארק ישראל,IL,חיתולי האגיס,יחידה,1.00,יחידה,false,0,42.90,42.90,true,1,
7290000197678,false,חיתולי האגיס פרידום דריי שלב 6 30 יחידות,קימברלי קלארק ישראל,IL,חיתולי האגיס,יחידה,1.00,יחידה,false,0,42.90,42.90,true,1,
7290000201818,false,טיטולים פרימיום שלב 2 64 יחידות,חוגלה קימברלי,IL,טיטולים פרימיום,יחידה,1.00,יחידה,false,1,29.90,29.90,true,1,
7290000201832,false,טיטולים פרימיום שלב 3 50 יחידות,חוגלה קימברלי,IL,טיטולים פרימיום,יחידה,1.00,יחידה,false,1,29.90,29.90,true,1,
7290000211312,false,"אורז מלא ארוך סוגת 1 ק""ג",האי נאם סי או אל.טי.,IL,אורז מלא ארוך,קילוגרמים,1.00,"ק""ג",false,0,9.90,9.90,true,1,
7290000211442,false,"אורז פרסי קלאסי סוגת 1 ק""ג",האי נאם סי או אל.טי.,IL,אורז פרסי קלאסי,קילוגרמים,1.00,"ק""ג",false,0,8.90,8.90,true,1,
7290000226514,false,עוגת דובוש טעם ריבת חלב קפולסקי 450 גרם,תופינים מקבוצת קפולסקי,IL,עוגת ריבת חלב,גרמים,450.00,100 גרם,false,0,32.90,7.31,true,1,
7290000238029,false,"בצק עלים צרפתי מרודד מעדנות 1 ק""ג",מיוצר עי קונדיטוריית,IL,בצק עלים מרודד,קילוגרמים,1.00,"ק""ג",false,0,17.90,17.90,true,1,
7290000238036,false,מלאווח בקופסא מעדנות 700 גרם,מיוצר עי קונדיטוריית,IL,מלווח מעדנית,גרמים,700.00,100 גרם,false,0,14.90,2.13,true,1,
7290000238173,false,בורקס גבינה מעדנות 800 גרם,מיוצר עי קונדיטוריית,IL,בורקס גבינה קפוא,גרמים,800.00,100 גרם,false,0,19.90,2.49,true,1,
7290000238180,false,בורקס תפוחי אדמה מעדנות 800 גרם,מיוצר עי קונדיטוריית,IL,"בורקס תפו""א קפוא",גרמים,800.00,100 גרם,false,0,17.90,2.24,true,1,
7290000253251,false,שוקולד צ'יפס לבן אופנהיימר 250 גרם,אופנהיימר,IL,שוקו צ'יפס לבן,גרמים,250.00,100 גרם,false,0,11.90,4.76,true,1,
7290000253374,false,מיני שוקולד צ'יפס 250 גרם- 66% מוצקי קקאו,אופנהיימר,IL,מיני שוקולד ציפס,גרמים,250.00,100 גרם,false,1,15.90,6.36,true,1,
7290000253381,false,שוקולד ציפס 500 ג-אופינהיימר,אופנהיימר,IL,שוקולד צ'יפס500ג,גרמים,500.00,100 גרם,false,1,17.90,3.58,true,1,
7290000262031,false,נייר טואלט מולט לב 32 גלילים,קימברלי-קלארק,IL,נייר טואלט,מטרים,562.00,100 מטר,false,0,32.90,5.85,true,1,
7290000263359,false,חיתולים ליטל בייביז מידה 1 האגיס 40 יחידות,קימברלי קלארק שיווק,IL,חיתולי האגיס,יחידה,1.00,יחידה,false,0,31.90,31.90,true,1,
7290000286297,false,"אנטי קאלק מסיר אבנית מקומקום סנו 700 מ""ל",סנו מפעלי ברונוס בעמ,IL,סנו מסיר אבן,מיליליטרים,700.00,"100 מ""ל",false,0,11.90,1.70,true,1,
7290000286549,false,מטליות לניקוי כללי סנו סושי 9 יחידות,נועם אורים תעשיות בע,IL,מטליות לכל 9 יח,יחידה,1.00,יחידה,false,0,9.90,9.90,true,1,
7290000286594,false,אבקה לניקוי במיכל לימון X סנו 600 גרם,סנו מפעלי ברונוס בעמ,IL,סנוX- קרם לניק,גרמים,600.00,100 גרם,false,0,9.90,1.65,true,1,
7290000286761,false,ניילון נצמד סנו סושי פלסטיק מארז 30X2 מ',מיוצר עי קונדיטוריית,CN,צמד ניילון נצמד,מטרים,60.00,מטר,false,0,9.90,0.17,true,1,
7290000286921,false,"ספריי להסרת כתמים סנו קל 750 מ""ל",סנו מפעלי ברונוס בעמ,IL,סנוקל רסס וכבס,מיליליטרים,750.00,"100 מ""ל",false,0,13.90,1.85,true,1,
7290000287362,false,פוליויקס נוזל רצפות בניחוח לוטוס סנו 4 ליטר,סנו,IL,פוליויקס סנרייז,ליטרים,4.00,ליטר,false,0,36.90,9.23,true,1,
7290000287409,false,"שלישיית סנובון תות לאסלה ""סנו""",סנו מפעלי ברונוס בעמ,IL,סנובון לאסלה 3יח,גרמים,165.00,100 גרם,false,0,11.90,7.21,true,1,
7290000287430,false,סנובון צבעוני לאסלה בריח לימון שלישייה,סנו מפעלי ברונו בעמ,IL,סנובון לאסלה 3יח,גרמים,165.00,100 גרם,false,0,11.90,7.21,true,1,
7290000287485,false,סנובון סבון אסלה בריח לובר סנו 3 יחידות,סנו מפעלי ברונו בעמ,IL,סנובון בריח לובר,גרמים,165.00,100 גרם,false,0,11.90,7.21,true,1,
7290000288024,false,סנו - ז'אוול אקונומיקה בריח לימון 4 ליטר,"סנו מפעלי ברונוס בע""מ",IL,סנו JAVEL אקונומ,ליטרים,4.00,ליטר,false,0,15.90,3.98,true,1,
7290000288048,false,סנו זאוול מרסס מונבלאן 1 ליטר,"סנו מפעלי ברונוס בע""מ",IL,סנו ג'אוול לבנדר,ליטרים,1.00,ליטר,false,0,15.90,15.90,true,1,
7290000288086,false,אבקת ניקוי עם אקונומיקה בריח לימון סנו ז'אוול 600 ג',מיוצר עי קונדיטוריית,IL,סנו ג'אוול אבק,גרמים,600.00,100 גרם,false,0,10.90,1.82,true,1,
7290000288352,false,"קוטל חרקים וזוחלים K-300 סנו 630 מ""ל","סנו מפעלי ברונוס בע""מ",IL,300-K קוטל חרק,מיליליטרים,630.00,"100 מ""ל",false,0,21.90,3.48,true,1,
7290000288390,false,"קוטל זבובים ויתושים K-600 סנו 500 מ""ל","סנו מפעלי ברונוס בע""מ",IL,סנו 600-K תרסיס,מיליליטרים,500.00,"100 מ""ל",false,0,21.90,4.38,true,1,
7290000288642,false,מקסימה מרכך כביסה סנסיטיב בייבי סנו 4 ליטר,"סנו מפעלי ברונוס בע""\מ",IL,מרכך כביסה,ליטרים,4.00,ליטר,false,0,19.90,4.98,true,1,
7290000289069,false,סנו - ז'אוול מרסס קצף ניקוי בתוספת אקונומיקה בריח לימון 1 ליטר,"סנו מפעלי ברונוס בע""מ",IL,סנו ג'אוול מרסס,ליטרים,1.00,ליטר,false,0,15.90,15.90,true,1,
7290000289380,false,"סנו - ז'אוול לניקוי אסלות לימון 750 מ""ל",סנו מפעלי ברונוס בעמ,IL,ג'ל לאסלה ג'אוול,מיליליטרים,750.00,"100 מ""ל",false,0,10.90,1.45,true,1,
7290000289496,false,"סנו - ז'אוול ג'ל קרם לניקוי כללי לימון 750 מ""ל","סנו מפעלי ברונוס בע""\מ",IL,ג'אוול ג'ל קרם,מיליליטרים,750.00,"100 מ""ל",false,0,12.90,1.72,true,1,
7290000289595,false,"אורביטול משחת שיניים לילדים בטעם תות שדה 145 מ""ל",טרופיקל דגיל תעשיות קוסמ,IL,משחת שיניים,גרמים,145.00,100 גרם,false,0,7.90,5.45,true,1,
7290000289885,false,"מטהר אוויר ענק אושנבריז סנו פרש 375 מ""ל","סנו מפעלי ברונוס בע""\מ",IL,מטהר סנופרש ענק,מיליליטרים,375.00,"100 מ""ל",false,0,9.90,2.64,true,1,
7290000291932,false,"סנובון נוזל לניקוי אסלה בניחוח לבנדר סנו 750 מ""ל","סנו מפעלי ברונוס בע""מ",IL,סנובון נוזלי,מיליליטרים,750.00,"100 מ""ל",false,0,9.90,1.32,true,1,
7290000292311,false,פוליויקס נוזל רצפות בניחוח סחלבים סנו 2 ליטר,"סנו מפעלי ברונוס בע""\מ",IL,סנו פוליויקס,ליטרים,2.00,ליטר,false,0,21.90,10.95,true,1,
7290000292502,false,"K 800 קוטל נמלים סנו 300 מ""ל","סנו מפעלי ברונוס בע""מ",IL,K800 קוטל נמלים,מיליליטרים,300.00,"100 מ""ל",false,1,17.90,5.97,true,1,
7290000292687,false,סנובון מוצק לניקוי אסלה קלאסיק כחול סנו 3 יחידות,מיוצר עי קונדיטוריית,IL,סנובון כחול 3 יח,גרמים,165.00,100 גרם,false,0,16.90,10.24,true,1,
7290000293073,false,מקסימה מרכך כביסה ביו לבן סנו 4 ליטר,"סנו מפעלי ברונוס בע""\מ",IL,מרכך כביסה,ליטרים,4.00,ליטר,false,0,19.90,4.98,true,1,
7290000293820,false,"קרמה מן שמפו וג'ל גל רחצה אקטיב בלוק 700מ""ל",קוסמופארם בעמ,IL,שמפו וג'ל רחצה,מיליליטרים,700.00,"100 מ""ל",false,1,17.90,2.56,true,1,
7290000293943,false,"מרסס לבן מסיר אבנית 1 ליטר אנטי קאלק ""סנו""",מיוצר עי קונדיטוריית,IL,סנו אנטי קאלק,ליטרים,1.00,ליטר,false,0,16.90,16.90,true,1,
7290000294391,false,נוזל לניקוי כללי בניחוח סחלבים סנו ג'ט 4 ליטר,סנו מפעלי ברונוס בעמ,IL,סנו ג'ט,ליטרים,4.00,ליטר,false,0,14.90,3.73,true,1,
7290000294773,false,אקונומיקה בריח לבנדר סנו ז'אוול 4 ליטר,"סנו מפעלי ברונוס בע""\מ",IL,סנו ג'אוול 4 ליט,ליטרים,4.00,ליטר,false,0,15.90,3.98,true,1,
7290000294780,false,אקונומיקה סמיכה בריח לימון סנו ז'אוול 4 ליטר,"סנו מפעלי ברונוס בע""מ",IL,סנו ג'אוול 4 ל,ליטרים,4.00,ליטר,false,0,15.90,3.98,true,1,
7290000295299,false,סנו סושי כריות הפלא רב תכלתיות רביעייה,סנו מפעלי ברונו בעמ,IL,כרית יפנית,יחידה,1.00,יחידה,false,0,9.90,9.90,true,1,
7290000295336,false,סנו מקסימה אבקת כביסה סנסטיב מילוי1.25,סנו מפעלי ברונוס בעמ,IL,אבקת כביסה,קילוגרמים,1.25,"ק""ג",false,0,14.90,11.92,true,1,
7290000295589,false,טלק לתינוק בייבי כיף 200 גרם,מייצר :אשבל בע''מ .,IL,טלק בייבי כיף,גרמים,200.00,100 גרם,false,0,14.90,7.45,true,1,
7290000311067,false,מן-וופלים קוביות מינימן לא מצופה 200גר,רוקחמן,IL,מיני ופלים,גרמים,200.00,100 גרם,false,0,7.90,3.95,true,1,
7290000311128,false,מן עוגיות בטעם חמאה 300 גרם*נ.ל.פ,תות ממתקי איכות,IL,עוגיות חמאה מן,גרמים,300.00,100 גרם,false,0,7.90,2.63,true,1,
7290000311135,false,מן עוגיות סטיקס בטעם שוקולד 300 גרם*,"רוקחמן בע""מ",IL,עוג. גרנולה בטעם,גרמים,250.00,100 גרם,false,0,7.90,3.16,true,1,
7290000311203,false,"וופלים בטעם שוקולד ""מן"" 200 גרם",תות ממתקי איכות,IL,ופלים טעם שוקולד,גרמים,200.00,100 גרם,false,0,5.90,2.95,true,1,
7290000311258,false,מן וופל מצופה שוקולד 250 גרם,"רוקחמן בע""מ",IL,וופלים מצופים,גרמים,250.00,100 גרם,false,1,7.90,3.16,true,1,
7290000311357,false,מן וופלים בטעם אגוזים 10*28 גר-נ.ל.פ,"רוקחמן בע""מ",IL,מארז וופל אגוזית,גרמים,280.00,100 גרם,false,0,11.90,4.25,true,1,
7290000311425,false,ופל מצופה עשיריות מן 220 גרם מארז 10 יחידות,תות ממתקי איכות,IL,ופלים מצופים,גרמים,220.00,100 גרם,false,0,8.90,4.05,true,1,
7290000311708,false,מן עוגיות מחיטה מלאה 300 גרם*נ.ל.פ,תות ממתקי איכות,IL,עוגיות חיטה מלאה,גרמים,300.00,100 גרם,false,0,7.90,2.63,true,1,
7290000311715,false,מן עוגיות כוכבים בטעם שוקולד 300 גרם*נ.ל.פ,תות ממתקי איכות,IL,עוגיות שוקולד,גרמים,300.00,100 גרם,false,0,7.90,2.63,true,1,
7290000311722,false,מן עוגיות כוכבים וניל 300 גרם,תות ממתקי איכות,IL,עוגיות כוכבים,גרמים,300.00,100 גרם,false,0,7.90,2.63,true,1,
7290000311883,false,מן עוגיות גרנולה ללא תוספת סוכר 200 גר,תות ממתקי איכות,IL,עוגיות גרנולה,גרמים,200.00,100 גרם,false,0,9.90,4.95,true,1,
7290000327044,false,"שישיית סבן אפ פחית צרה *330 מ""ל","מודרן גרופ משקאות בע""\מ",IL,סבן אפ פחיות 6יח,ליטרים,1.98,ליטר,false,1,18.90,9.55,true,1,
7290000341071,false,בדין - מרכך כביסה בייבי לבן 2 ליטר,יוניליור ישראל טיפוח איש,IL,מרכך כביסה בייבי,ליטרים,2.00,ליטר,false,0,19.90,9.95,true,1,
7290000342856,false,מרכך כביסה כחול בדין 4 ליטר,יוניליור ישראל טיפוח איש,IL,מרכך כביסה בדין,ליטרים,4.00,ליטר,false,0,24.90,6.23,true,1,
7290000345048,false,תה ויסוצקי 74 - 125 גרם,תה ויסוצקי,IL,תה ויסוצקי 74,גרמים,125.00,100 גרם,false,0,12.90,10.32,true,1,
7290000345116,false,תה ירוק ויסוצקי 125 גרם,תה ויסוצקי,IL,תה ירוק עלים,גרמים,125.00,100 גרם,false,0,13.90,11.12,true,1,
7290000345277,false,תה ויסוצקי קלאסי אריזה ירוקה מרובעת (50שקיקים),מולינו ניקולי s.p.a,IL,תה ויסוצקי 50 שק,גרמים,75.00,100 גרם,false,0,11.90,15.87,true,1,
7290000345307,false,תה ארל גריי ויסוצקי 50 יחידות,מולינו ניקולי s.p.a,IL,תה ארל גריי 50שק,גרמים,75.00,100 גרם,false,0,26.90,35.87,true,1,
7290000346120,false,חליטת קינמון הגן הקסום ויסוצקי 25 יחידות,תה ויסוצקי,IL,חליטת קינמון,גרמים,62.00,100 גרם,false,0,16.90,27.26,true,1,
7290000346137,false,חליטת הילולי פירות הגן הקסום ויסוצקי 25 יחידות,תה ויסוצקי,IL,חליטת פירות,גרמים,62.00,100 גרם,false,0,16.90,27.26,true,1,
7290000346168,false,חליטת שומר הגן הקסום ויסוצקי 25 יחידות,תה ויסוצקי,IL,חליטת שומר,גרמים,37.00,100 גרם,false,0,16.90,45.68,true,1,
7290000346199,false,חליטת פירות יער הגן הקסום ויסוצקי 25 יחידות,תה ויסוצקי,IL,חליטת פירות היער,גרמים,67.00,100 גרם,false,0,16.90,25.22,true,1,
7290000346205,false,חליטת קמומיל הגן הקסום ויסוצקי 25 יחידות,תה ויסוצקי,IL,חליטת קמומיל,גרמים,37.00,100 גרם,false,0,16.90,45.68,true,1,
7290000346212,false,חליטת מנטה הגן הקסום ויסוצקי 25 יחידות,תה ויסוצקי,IL,חליטת מנטה,גרמים,50.00,100 גרם,false,0,16.90,33.80,true,1,
7290000346960,false,תה ויסוצקי נענע 1.7 גרם 50יח',בית ויסוצקי,IL,תה נענע 50 שקיק.,גרמים,75.00,100 גרם,false,0,29.40,39.20,true,1,
7290000347738,false,תה ירוק נענע ויסוצקי 25 יחידות,תה ויסוצקי,IL,תה ירוק נענע,גרמים,37.00,100 גרם,false,0,23.90,64.59,true,1,
7290000408316,false,יוגורט דנונה דל לקטוז 200 גרם,מיוצר עי קונדיטוריית,IL,יוגורט ביו 3%,גרמים,200.00,100 גרם,false,0,3.50,1.75,true,1,
7290000408354,false,יוגורט עם אורז מצופה שוקולד קקאו 175 ג' דנונה,"שטראוס בריאות בע""\מ",IL,דנונה בר פצפוצים,גרמים,173.00,100 גרם,false,0,4.90,2.83,true,1,
7290000412481,false,נוזל לניקוי אסלות 00 סנו 1 ליטר,מיוצר עי קונדיטוריית,IL,"מנקה אסלות 00""",ליטרים,1.00,ליטר,false,0,7.90,7.90,true,1,
7290000416076,false,"צימקאו לאפייה וציפוי השחר 400 גרם כשל""פ",השחר העולה תעשייות מ,IL,צימקאו לאפיה,גרמים,400.00,100 גרם,false,0,10.90,2.73,true,1,
7290000416618,false,קרם מובחר בטעם שוקולד פרווה השחר למהדרין,השחר העולה תעשייות מ,IL,ממרח בטעם שוקולד,גרמים,400.00,100 גרם,false,0,10.90,2.73,true,1,
7290000426914,false,בודק תות שדה קפוא 454 גרם,"מטר ארצכם בע""מ",US,תות שדה בודק,גרמים,454.00,100 גרם,false,1,25.90,5.70,true,1,
7290000446127,false,פירכיות אורז ללא מלח בטר אנד דיפרנט 100 גרם,בטר אנד דיפרנט B&D,IL,פריכיות אורז,גרמים,100.00,100 גרם,false,0,3.90,3.90,true,1,
7290000446264,false,דייסת קורנפלור 200 גרם,השדה מוצרים אורגניים,IL,דייסת קורנפלור,גרמים,200.00,100 גרם,false,0,8.90,4.45,true,1,
7290000446318,false,דייסת סולת 200 גרם.,השדה מוצרים אורגניים,IL,דייסת סולת,גרמים,200.00,100 גרם,false,0,8.90,4.45,true,1,
7290000446714,false,שמן שומשום כבישה קרה,בטר אנד דיפרנט,IL,שמן שומשום,מיליליטרים,500.00,"100 מ""ל",false,0,34.90,6.98,true,1,
7290000446790,false,גרנולה צימוקים בטר אנד דיפרנט 350 גרם,,IL,גרנולה + צימוק,גרמים,400.00,100 גרם,false,0,12.90,3.23,true,1,
7290000446806,false,דיסת דגנים מעורבים 200 גר,השדה מוצרים אורגניים,IL,דייסת דגנים,גרמים,200.00,100 גרם,false,0,8.90,4.45,true,1,
7290000446943,false,פריכיות אורז כוסמת 100ג' בי&די,בטר אנד דיפרנט B&D,IL,פריכיות כוסמת,גרמים,100.00,100 גרם,false,0,3.90,3.90,true,1,
7290000449128,false,סיף פנטסטיק לימון ניקוי רב תכליתי 4ל',יוניליוור ישראל טיפוח אי,IL,פנטסטיק לניקוי,ליטרים,4.00,ליטר,false,0,21.90,5.48,true,1,
7290000450209,false,פוסידון טונה בהירה בשמן 77 גרם,"מיוצר עי וליגר בעמ,",IL,טונה פוסידון,גרמים,108.00,100 גרם,false,0,6.90,6.39,true,1,
7290000453019,false,שמרים טריים לאפייה שקית שמרית 50 ג',"פאקא תעשיות בע""\מ",IL,שמרית-שמרים טרי,גרמים,50.00,100 גרם,false,0,4.20,8.40,true,1,
7290000453125,false,שמרים ומשפר אפיה ביתי שמרית 100ג',"פאקא תעשיות בע""\מ",IL,שמרית+ משפר אפיה,גרמים,100.00,100 גרם,false,0,7.50,7.50,true,1,
7290000453385,false,שמרים יבשים פארא אינסטנט 500 גרם עלית,"פאקא תעשיות בע""מ",GB,שמרים יבשים פאקא,גרמים,500.00,100 גרם,false,0,11.90,2.38,true,1,
7290000453415,false,בצק עלים מצונן ומוכן לאפייה שמרית 300 גרם,"פאקא תעשיות בע""מ",FR,בצק עלים מצונן,גרמים,300.00,100 גרם,false,1,14.90,4.97,true,1,
7290000453422,false,בצק פילו מצונן ומוכן לאפייה שמרית 300 גרם,"פאקא תעשיות בע""מ",GR,בצק פילו מצונן,גרמים,300.00,100 גרם,false,1,14.90,4.97,true,1,
7290000453866,false,נטורינה תחליף מרגרינה לבישול ואפיה קוקוס שמרית 200 גרם,גרונבאנג- גרונדנסק א,DK,נטורינה קוקוס,גרמים,200.00,100 גרם,false,1,6.90,3.45,true,1,
7290000461625,false,בייגלה שמיניות מלח בייגל בייגל 400 ג',בייגל את בייגל מזון 198),IL,בייגלה שמיניות,גרמים,400.00,100 גרם,false,0,9.90,2.48,true,1,
7290000462103,false,סחוג תימני אדום חריף עדין זהבי הכרם 150 גרם,קריניסה ויטמין אס אי,IL,סחוג זהבי אדום,גרמים,150.00,100 גרם,false,0,7.90,5.27,true,1,
7290000462172,false,סחוג תימני ירוק חריף זהבי הכרם 150 גרם,קריניסה ויטמין אס אי,IL,סחוג זהבי ירוק,גרמים,150.00,100 גרם,false,0,7.90,5.27,true,1,
7290000474021,false,חלב 3% טרה שקית 1 ל' מהדרין,Unknown,IL,חלב 3% בשקית 1 ל,ליטרים,1.00,ליטר,false,0,5.40,5.40,true,1,
7290000474076,false,"חלב קרטון 3%-1 ליטר ""טרה""-מוצר בפיקוח",קריות זול,IL,חלב טרי טרה 3%,ליטרים,1.00,ליטר,false,0,6.20,6.20,true,1,
7290000474373,false,"שמנת חמוצה 15% שומן 200 מ""ל טרה",קריות זול,IL,שמנת חמוצה15%,מיליליטרים,200.00,"100 מ""ל",false,0,2.40,1.20,true,1,
7290000474502,false,גבינה לבנה טרה 5% מרכיבים טבעיים,הפריט בפיקוח,IL,גבינה לבנה 5%,גרמים,250.00,100 גרם,false,0,4.90,1.96,true,1,
7290000480442,false,קוואקר שיבולת שועל בשקית 500 גרם,פריטו ליי FRITO-LAY,IL,קוואקר,גרמים,500.00,100 גרם,false,0,11.90,2.38,true,1,
7290000481043,false,10 פיתות מקמח כוסמין מלא דגנית,דגנית עין בר תעשיות מזון,IL,פיתות כוסמין10יח,גרמים,700.00,100 גרם,false,1,13.90,1.99,true,1,
7290000481531,false,דגנית עין בר לחמניות אצבע מחיטה מלאה בשקית 750 ג',דגנית עין בר תעשיות מזון,IL,10לחמניות ח.מלאה,גרמים,750.00,100 גרם,false,0,11.90,1.59,true,1,
7290000481883,false,דגנית עין בר מארז לחמניות 10 יח'*75 ג',דגנית עין בר תעשיות מזון,IL,לחמניות אצבע10יח,גרמים,750.00,100 גרם,false,0,11.90,1.59,true,1,
7290000484747,false,"ארק איילות 40% 700 מ""ל",יקב הגליל יוסף גולד ובניו,IL,עלית הארק,מיליליטרים,700.00,"100 מ""ל",false,1,59.90,8.56,true,1,
7290000494531,false,קפה כתר 150 גרם,רוני רג'ואן ושות,IL,קפה כתר 150 גרם,גרמים,150.00,100 גרם,false,1,6.90,4.60,true,1,
7290000497044,false,"לחם אקטיב 750 גרם ""ברמן""",מאפית י את א ברמן בע,IL,לחם ברמן אקטיב,גרמים,750.00,100 גרם,false,0,15.90,2.12,true,1,
7290000497112,false,"לחם כהה פרוס וארוז ""ברמן""-מוצר בפיקוח",מאפית י את א ברמן בע,IL,לחם פרוס אחיד,גרמים,750.00,100 גרם,false,0,6.90,0.92,true,1,
7290000497228,false,לחמניה רגילה בשקית ברמן 6יח',מאפית י את א ברמן בע,IL,6 לחמניות בשקית,גרמים,450.00,100 גרם,false,0,9.90,2.20,true,1,
7290000497303,false,"שישיית לחמניות מקמח מלא ""ברמן""",מאפית י את א ברמן בע,IL,6לחמניות קמח מלא,גרמים,450.00,100 גרם,false,0,12.90,2.87,true,1,
7290000497426,false,לחם ברמן לענין פלוס 500 גרם,מאפית י את א ברמן בע,IL,לחם ברמן לעניין+,גרמים,500.00,100 גרם,false,0,14.90,2.98,true,1,
7290000497570,false,לחם דגנים פלוס ברמן 500 גרם,מאפית י את א ברמן בע,IL,לחם דגנים פלוס,גרמים,500.00,100 גרם,false,0,14.90,2.98,true,1,
7290000498034,false,E-FREEלחם מקמח כוסמין מלא 750 גר',מאפית י את א ברמן בע,IL,לחם מקמח כוסמין,גרמים,750.00,100 גרם,false,1,15.90,2.12,true,1,
7290000504025,false,ממתיק סוכרזית פטרייה עלית 300 גרם,אף.סי תבליני בגליל ב,IL,סוכרזית פטריה,גרמים,24.00,100 גרם,false,0,8.90,37.08,true,1,
7290000504049,false,סוכרזית קלאסי קנקן 1200 טבליות,אף.סי תבליני בגליל ב,IL,סוכרזית טבליות,גרמים,98.00,100 גרם,false,0,19.90,20.31,true,1,
7290000504209,false,"סוכרזית דיאט טיפ נוזלי 220 מ""ל",אף.סי תבליני בגליל ב,IL,נוזל של סוכרזית,מיליליטרים,220.00,"100 מ""ל",false,0,16.90,7.68,true,1,
7290000504278,false,ממתיק סוכרזית אריזת פטנט 700 טבליות,אף.סי תבליני בגליל ב,IL,סוכרזית טבליות,גרמים,57.00,100 גרם,false,0,15.90,27.89,true,1,
7290000514307,false,אפונה וגזר תמי 550 ג',שימורי הגליל,IL,אפונה וגזר,גרמים,560.00,100 גרם,false,0,6.90,1.23,true,1,
7290000514314,false,אפונת גינה גדולה תמי 560 ג',שימורי הגליל,IL,אפונה,גרמים,560.00,100 גרם,false,0,6.90,1.23,true,1,
7290000514406,false,חומוס שלם 560 גרם,שימורי הגליל,IL,חומוס שלם,גרמים,550.00,100 גרם,false,0,6.90,1.25,true,1,
7290000514499,false,שעועית לבנה ברוטב עגבניות תמי 580גר,שימורי הגליל,IL,שעועית ברוטב,גרמים,580.00,100 גרם,false,0,6.90,1.19,true,1,
7290000521008,false,יין אדום יבש של סגל750מל,"כרמי צבי - אחים סגל בע""\",IL,יין סגל אדום,מיליליטרים,750.00,"100 מ""ל",false,0,17.90,2.39,true,1,
7290000521015,false,"יין לבן יבש של סגל750מ""ל","מיוצר ע""י כרמי צבי-",IL,יין לבן של סגל,מיליליטרים,750.00,"100 מ""ל",false,0,17.90,2.39,true,1,
7290000521022,false,"של סגל, יין לבן חצי יבש 750 מ""ל","מיוצר ע""י כרמי צבי-",IL,יין לבן חצי יבש,מיליליטרים,750.00,"100 מ""ל",false,0,17.90,2.39,true,1,
7290000523125,false,מלח הארץ הים האדום 250 ג' עדין,"חברת מלח הארץ אילת בע""\מ",IL,מלח ים יבש,גרמים,250.00,100 גרם,false,0,5.90,2.36,true,1,
7290000523224,false,מלח הארץ הים האדום 500 ג' עדין,"חברת מלח הארץ אילת בע""\מ",IL,מלח ים דק,גרמים,500.00,100 גרם,false,0,6.90,1.38,true,1,
7290000523514,false,מלח ים יבש מלח הארץ 250 גרם מופחת נתרן,"חברת מלח הארץ אילת בע""\מ",IL,מלח דל נתרן,גרמים,250.00,100 גרם,false,0,9.90,3.96,true,1,
7290000523804,false,"מלח עדין צנצנת 1 ק""ג מלח הארץ","חברת מלח הארץ אילת בע""\מ",IL,מלח הארץ עדין,קילוגרמים,1.00,"ק""ג",false,0,6.90,6.90,true,1,
7290000523811,false,"צנצנת מלח גס 1 ק""ג מלח הארץ","חברת מלח הארץ אילת בע""\מ",IL,מלח הארץ גס,קילוגרמים,1.00,"ק""ג",false,0,6.90,6.90,true,1,
7290000531977,false,בורקס גבינה זוגלובק 800 גרם,נקניק נהריה כשר זוגל,IL,בורקס גבינה,גרמים,800.00,100 גרם,false,0,15.90,1.99,true,1,
7290000533353,false,"בצק עלים צרפתי 1 ק""ג זוגלובק",נקניק נהריה כשר זוגל,IL,בצק עלים,גרמים,1000.00,100 גרם,false,0,14.90,1.49,true,1,
7290000536316,false,"שניצל מן הצומח זוגלובק 1 ק""ג",נקניק נהריה כשר זוגל,IL,שניצל מן הצומח,גרמים,1000.00,100 גרם,false,0,29.90,2.99,true,1,
7290000536743,false,שניצלונים קריספי ט. תירס 500 גר' זוגלובק,נקניק נהריה כשר זוגל,IL,קריספי סטיקסתירס,גרמים,500.00,100 גרם,false,0,19.90,3.98,true,1,
7290000536774,false,"נקניקיות מן הצומח זוגלובק 1ק""ג בד""צ",זוגלובק טבע,IL,נקניקיה מן הצומח,גרמים,1000.00,100 גרם,false,0,34.90,3.49,true,1,
7290000536781,false,"קבב צמחי זוגלובק 1 ק""ג",זוגלובק,IL,קבב מן הצומח,גרמים,1000.00,100 גרם,false,0,34.90,3.49,true,1,
7290000572055,false,אחוה חלוה ללא סוכר עם סיבים ואגוזים 400 גרם,אחדות ביחר לטחינה חל,IL,"חלווה ללת""ס",גרמים,400.00,100 גרם,false,0,15.90,3.98,true,1,
7290000572086,false,טחינה אורגנית אחדות 500 גרם,אחדות ביחר לטחינה חל,IL,טחינה אורגנית,גרמים,500.00,100 גרם,false,0,12.90,2.58,true,1,
7290000572093,false,טחינה גולמית אחוה בפחית 500 גר',אחוה,IL,טחינה 500גרם,גרמים,500.00,100 גרם,false,0,11.90,2.38,true,1,
7290000572208,false,חלוה בטעם וניל אחווה 100 גרם,שוורצקוף& הנקל דיסלד,IL,חלווה 100 גרם,גרמים,100.00,100 גרם,false,0,3.90,3.90,true,1,
7290000572222,false,חלווה בלוק וניל אחוה 500 גרם,שוורצקוף& הנקל דיסלד,IL,חלווה בלוק500 גר,גרמים,500.00,100 גרם,false,0,11.90,2.38,true,1,
7290000572529,false,חלוה עם פיסטוק אחווה 400 גרם,אחדות ביחר לטחינה חל,IL,חלווה פיסטוק,גרמים,400.00,100 גרם,false,0,14.90,3.73,true,1,
7290000572536,false,אחווה חלווה ווניל במגש 400 גר,אחדות ביחר לטחינה חל,IL,חלווה וניל400ג,גרמים,400.00,100 גרם,false,0,11.90,2.98,true,1,
7290000572543,false,חלוה בטעם שוקו וניל אחווה 400 גרם,אחדות ביחר לטחינה חל,IL,חלווה 400 גרם,גרמים,400.00,100 גרם,false,0,11.90,2.98,true,1,
7290000572802,false,טחינה אורגנית משומשום מלא אחוה 500 גרם,"אחדות בע""מ א.ת. ברקן",IL,טחינה 500 גרם,גרמים,500.00,100 גרם,false,0,12.90,2.58,true,1,
7290000574066,false,לחם מלא פלוס שיפון 750 ג' דגנית עין בר,דגנית עין בר תעשיות מזון,IL,לחם מלא,גרמים,750.00,100 גרם,false,0,14.90,1.99,true,1,
7290000574141,false,לחם חיטה מלא 750ג' דגנית עין בר,דגנית עין בר תעשיות מזון,IL,לחם חיטה מלא,גרמים,750.00,100 גרם,false,0,10.90,1.45,true,1,
7290000574172,false,לחם קל מחיטה מלאה 750 ג' דגנית עין בר,דגנית עין בר תעשיות מזון,IL,לחם קל חיטה מלאה,גרמים,750.00,100 גרם,false,0,10.90,1.45,true,1,
7290000574370,false,לחם שיפון אמיתי קל 750 ג' דגנית עין בר,דגנית עין בר תעשיות מזון,IL,לחם שיפון קל,גרמים,750.00,100 גרם,false,0,12.90,1.72,true,1,
7290000574455,false,לחם חיטה מלא פלוס כוסמין 750 ג' דגנית עין בר,פריט ללא פיקוח,IL,לחם חיטה מלא,גרמים,750.00,100 גרם,false,1,12.90,1.72,true,1,
7290000644783,false,נתחי פילה סלמון קפוא קג,דגי תנובה,DK,נתחי פילה סלמון,קילוגרמים,0.00,"ק""ג",true,0,89.90,89.90,true,1,
7290000652177,false,נתחי פילה נסיכה 100% דג קפוא תנובה,דגי תנובה,IL,נתחי נסיכת הנילו,קילוגרמים,0.00,"ק""ג",true,1,69.90,69.90,true,1,
7290000659312,false,פילה סלמון פרימיום דגי תנובה,דגי תנובה,IL,פילה סלמון,קילוגרמים,0.00,"ק""ג",true,0,84.90,84.90,true,1,
7290000682211,false,פתיתים אפויים 500ג' שיבולים,שיבולים,IL,פתיתים אפויים,גרמים,500.00,100 גרם,false,0,5.90,1.18,true,1,
7290000688466,false,מים מינרלים פקק ספור,מופק ממקור בזלתי עדן,IL,מי עדן ספורט,מיליליטרים,750.00,"100 מ""ל",false,0,4.10,0.55,true,1,
7290000692203,false,נוזל לניקוי כללי ורצפות בניחוח לימון אג'קס 2 ליטר,הנסיך- מפעל לייצור ט,GR,אג'קס ניקוי כללי,ליטרים,2.00,ליטר,false,0,21.90,10.95,true,1,
7290000692210,false,נוזל לניקוי כללי ורצפות בניחוח לבנדר אג'קס 2 ליטר,הנסיך- מפעל לייצור ט,GR,אג'קס ניקוי כללי,ליטרים,2.00,ליטר,false,0,21.90,10.95,true,1,
7290000692227,false,נוזל כלים פלמוליב צילינדר קלאסי 1 ליטר,יבואן ומשווק: ש. שסט,GR,פלמוליב לכלים,ליטרים,1.00,ליטר,false,0,12.90,12.90,true,1,
7290000803180,false,"מרידול - מי פה שטיפה דנטלית 400 מ""ל",קולגייט פלמוליב,CH,שטיפה מרידול,מיליליטרים,400.00,"100 מ""ל",false,0,27.90,6.98,true,1,
7290000841557,false,"סטרילי נוזל חיטוי 500 מ""ל לניקוי פירות וירקות",,IL,סטרילי נוזל לח,מיליליטרים,500.00,"100 מ""ל",false,0,11.90,2.38,true,1,
7290000900513,true,שומר,,IL,שומר,קילוגרמים,0.00,"ק""ג",true,0,6.90,6.90,true,1,
7290000922782,true,שיפודי אנטריקוט שקיל,לי אדרת,IL,שיפודי אנטריקוט,קילוגרמים,0.00,"ק""ג",true,1,99.90,99.90,true,1,
7290000922980,true,שיפודי פרגית עוף טרי,לי אדרת,IL,שיפודי פרגית עוף,קילוגרמים,0.00,"ק""ג",true,1,89.90,89.90,true,1,
7290000927749,true,שניצל עוף טרי פרימיום דק,,IL,שניצל עוף טרי,קילוגרמים,0.00,"ק""ג",true,1,49.90,49.90,true,1,
7290000952369,true,"עוף שלם ""יש"" קפוא",גלאט עוף,IL,עוף שלם קפוא,קילוגרמים,0.00,"ק""ג",true,1,25.90,25.90,true,1,
7290000952420,true,"כרעיים עוף ""יש"" קפוא",גלאט עוף,IL,כרעיים עוף קפוא,קילוגרמים,0.00,"ק""ג",true,1,39.90,39.90,true,1,
7290000952451,true,"ירכיים עוף ""יש"" קפוא",גלאט עוף,IL,ירכיים עוף קפוא,קילוגרמים,0.00,"ק""ג",true,1,36.90,36.90,true,1,
7290000952468,true,"שוקיים עוף ""יש"" קפוא",גלאט עוף,IL,שוקיים עוף קפוא,קילוגרמים,0.00,"ק""ג",true,1,44.90,44.90,true,1,
7290000952475,true,"חזה עוף ""יש"" קפוא",גלאט עוף,IL,חזה עוף קפוא,קילוגרמים,0.00,"ק""ג",true,1,39.90,39.90,true,1,
7290000952581,true,"שניצל עוף ""יש"" קפוא",גלאט עוף,IL,שניצל עוף קפוא,קילוגרמים,0.00,"ק""ג",true,1,42.90,42.90,true,1,
7290000952642,true,"פרגיות עוף ""יש"" קפוא",גלאט עוף,IL,"פרגיות עוף ""יש""",קילוגרמים,0.00,"ק""ג",true,1,79.90,79.90,true,1,
7290000952680,true,"כנפיים עוף ""יש"" קפוא",גלאט עוף,IL,כנפיים עוף קפוא,קילוגרמים,0.00,"ק""ג",true,1,14.90,14.90,true,1,
7290000952697,true,"גרונות עוף ""יש"" קפוא",גלאט עוף,IL,גרונות עוף קפוא,קילוגרמים,0.00,"ק""ג",true,1,8.90,8.90,true,1,
7290000952703,true,"עצמות עוף ""יש"" קפוא",גלאט עוף,IL,"עצמות עוף ""יש""",קילוגרמים,0.00,"ק""ג",true,1,7.90,7.90,true,1,
7290000952970,true,כרעיים עוף טרי מקוצב,,IL,כרעיים עוף טרי,קילוגרמים,0.00,"ק""ג",true,1,36.90,36.90,true,1,
7290000953397,true,"סטייק פרגית עוף טרי ע""ע",לי אדרת,IL,סטייק פרגית עוף,קילוגרמים,0.00,"ק""ג",true,1,79.90,79.90,true,1,
7290000953618,true,פלענקאן טרי,,IL,פלענקאן טרי,קילוגרמים,0.00,"ק""ג",true,1,84.90,84.90,true,1,
7290000953762,true,"בשר לחמין ע""ע טרי",,IL,"בשר לחמין ע""ע",קילוגרמים,0.00,"ק""ג",true,1,74.90,74.90,true,1,
7290000961552,true,פלפל כתום,קטיף.,IL,פלפל כתום,קילוגרמים,0.00,"ק""ג",true,0,7.90,7.90,true,1,
7290000963419,true,תפוח עץ גאלה 65,קטיף.,XX,תפוח עץ גאלה,קילוגרמים,0.00,"ק""ג",true,0,9.90,9.90,true,1,
7290000965055,true,מלון מובחר,קטיף.,IL,מלון מובחר,קילוגרמים,0.00,"ק""ג",true,0,5.90,5.90,true,1,
7290000965833,true,אננס ראש תפזורת,,IL,אננס ראש,יחידה,1.00,יחידה,false,1,24.90,24.90,true,1,
7290000966786,true,תות שדה במשקל,קטיף.,IL,תות שדה,גרמים,0.00,"ק""ג",true,0,49.00,49.00,true,1,
7290000971643,true,דג סול,,IL,דג סול,קילוגרמים,0.00,"ק""ג",true,1,69.90,69.90,true,1,
7290000971971,true,פילה סלמון נורבגי שקיל,,PL,פילה סלמון,קילוגרמים,0.00,"ק""ג",true,1,79.90,79.90,true,1,
7290000972367,true,ערמונים-תפזורת,קטיף.,IL,ערמונים,גרמים,0.00,"ק""ג",true,0,9.90,9.90,true,1,
7290000979427,true,עגבניה שרי כתום יחידה,קטיף,IL,עגבניה שרי כתום,יחידה,1.00,יחידה,false,1,8.90,8.90,true,1,
7290000988092,true,קוקוס ראש - יח',קטיף.,IL,קוקוס ראש יח,יחידה,1.00,יחידה,false,0,5.90,5.90,true,1,
7290000990101,true,כתף מרכזי טרי,,IL,כתף מרכזי טרי,קילוגרמים,0.00,"ק""ג",true,1,79.90,79.90,true,1,
7290000991788,true,אוסבוקו טרי,,IL,אוסבוקו טרי,קילוגרמים,0.00,"ק""ג",true,1,79.90,79.90,true,1,
7290000991825,true,בשר מס' 10 אשפר,,IL,בשר מס' 10 אשפר,קילוגרמים,0.00,"ק""ג",true,1,24.90,24.90,true,1,
7290000991863,true,צלעות בקר טרי,,IL,צלעות בקר טרי,קילוגרמים,0.00,"ק""ג",true,1,79.90,79.90,true,1,
7290000991870,true,פילה מדומה טרי,,IL,פילה מדומה טרי,קילוגרמים,0.00,"ק""ג",true,0,89.90,89.90,true,1,
7290000991894,true,צלי כתף טרי,,IL,צלי כתף טרי,קילוגרמים,0.00,"ק""ג",true,0,109.90,109.90,true,1,
7290000992143,true,שריר הזרוע טרי,,IL,שריר הזרוע טרי,קילוגרמים,0.00,"ק""ג",true,0,84.90,84.90,true,1,
7290000992822,true,שריר אשפר שקיל,,IL,שריר אשפר שקיל,קילוגרמים,0.00,"ק""ג",true,1,39.90,39.90,true,1,
7290000992983,true,מכסה הצלע מס' 7 אשפר,,IL,מכסה הצלע,קילוגרמים,0.00,"ק""ג",true,1,29.90,29.90,true,1,
7290000993096,true,כתף מרכזי מס 4 אשפר שקיל,,IL,כתף מס 4,קילוגרמים,0.00,"ק""ג",true,1,32.90,32.90,true,1,
7290000993164,true,צלעות מס' 2 אשפר,,IL,צלעות מס' 2 אשפר,קילוגרמים,0.00,"ק""ג",true,1,32.90,32.90,true,1,
7290000993461,true,עגבניה שרי צהוב יחידה,קטיף.,IL,עגבניה שרי צהובה,גרמים,460.00,100 גרם,false,0,8.90,1.93,true,1,
7290000993560,true,עגבניות שרי שוקו יחידה,קטיף.,IL,שרי שוקו,גרמים,480.00,100 גרם,false,0,8.90,1.85,true,1,
7290000993690,true,בשר אדום טרי,,IL,בשר אדום טרי,קילוגרמים,0.00,"ק""ג",true,1,69.90,69.90,true,1,
7290000994352,true,כנף הודו טרי,,IL,כנף הודו טרי,קילוגרמים,0.00,"ק""ג",true,1,19.90,19.90,true,1,
7290000994475,true,שוק הודו טרי,,IL,שוקהודו טרי,קילוגרמים,0.00,"ק""ג",true,1,32.90,32.90,true,1,
7290000994574,true,חזה עוף טרי פרוס,,IL,חזה עוף טרי פרוס,קילוגרמים,0.00,"ק""ג",true,1,42.90,42.90,true,1,
7290000994611,true,שווארמה הודו טרי,,IL,שווארמה הודו,קילוגרמים,0.00,"ק""ג",true,1,64.90,64.90,true,1,
7290000994635,true,פלאנקען לחמין,,IL,פלאנקען לחמין,קילוגרמים,0.00,"ק""ג",true,1,99.90,99.90,true,1,
7290000995038,true,כרעיים בלי עור טרי,,IL,כרעיים בלי עור,קילוגרמים,0.00,"ק""ג",true,1,42.90,42.90,true,1,
7290000995199,true,רצועות עוף סיני,,IL,רצועות עוף סיני,קילוגרמים,0.00,"ק""ג",true,1,42.90,42.90,true,1,
7290000995298,true,טחון עוף טרי,,IL,טחון עוף טרי,קילוגרמים,0.00,"ק""ג",true,1,39.90,39.90,true,1,
7290000995397,true,חזה בקר טרי,,IL,חזה בקר טרי,קילוגרמים,0.00,"ק""ג",true,1,79.90,79.90,true,1,
7290000995410,true,נבטים בחבילה,נבטי העמק,IL,נבטים בחבילה-יח',יחידה,1.00,יחידה,false,0,5.90,5.90,true,1,
7290000996486,true,לשון אשפר שקיל,,IL,לשון אשפר,קילוגרמים,0.00,"ק""ג",true,1,39.90,39.90,true,1,
7290000996783,true,"פילה אמנון ""יש"" 5-7 קפוא",,CN,"פילה אמנון ""יש""",קילוגרמים,0.00,"ק""ג",true,1,29.90,29.90,true,1,
7290000996974,true,סטייק אנטריקוט פרימיום,,IL,סטייק אנטריקוט,קילוגרמים,0.00,"ק""ג",true,1,139.00,139.00,true,1,
7290000996998,true,פרגית עוף ארוכה טרי,,IL,פרגית ארוכה טרי,קילוגרמים,0.00,"ק""ג",true,1,74.90,74.90,true,1,
7290000997582,true,עוף טרי מחולק,,IL,עוף טרי מחולק,קילוגרמים,0.00,"ק""ג",true,1,28.90,28.90,true,1,
7290000997667,true,עוף טרי מפורק לשניצל,,IL,עוף טרי מחולק,קילוגרמים,0.00,"ק""ג",true,1,29.90,29.90,true,1,
7290000997704,true,בקר טחון טרי,,IL,בקר טחון טרי,קילוגרמים,0.00,"ק""ג",true,1,69.90,69.90,true,1,
7290000997728,true,טחון הודו טרי,,IL,טחון הודו טרי,קילוגרמים,0.00,"ק""ג",true,1,39.90,39.90,true,1,
7290000997834,true,כרעיים עוף טרי,,IL,כרעיים עוף טרי,קילוגרמים,0.00,"ק""ג",true,1,36.90,36.90,true,1,
7290000997841,true,בשר מס 3 שקיל,,IL,בשר מס 3,קילוגרמים,0.00,"ק""ג",true,1,29.90,29.90,true,1,
7290000997940,true,ירכיים עוף טרי,,IL,ירכיים עוף טרי,קילוגרמים,0.00,"ק""ג",true,1,36.90,36.90,true,1,
7290000998107,true,"תפו""ע מוזהב ברשת",,IL,"תפו""ע מוזהב ברשת",קילוגרמים,0.00,"ק""ג",true,1,5.90,5.90,true,1,
7290000998282,true,שוקיים עוף טרי,,IL,שוקיים עוף טרי,קילוגרמים,0.00,"ק""ג",true,1,38.90,38.90,true,1,
7290000998336,true,כנפיים עוף טרי,,IL,כנפיים עוף טרי,קילוגרמים,0.00,"ק""ג",true,1,17.90,17.90,true,1,
7290000998466,true,חזה עוף טרי,,IL,חזה עוף טרי,קילוגרמים,0.00,"ק""ג",true,1,39.90,39.90,true,1,
7290000998497,true,לקט שורשים - יח',פאר לי,IL,לקט שורשים יחידה,יחידה,1.00,יחידה,false,1,9.90,9.90,true,1,
7290000998671,true,עוף שלם טרי,,IL,עוף טרי שלם,קילוגרמים,0.00,"ק""ג",true,1,24.90,24.90,true,1,
7290000998787,true,עצמות עוף טרי,,IL,עצמות עוף טרי,קילוגרמים,0.00,"ק""ג",true,1,6.90,6.90,true,1,
7290000998954,true,צוואר בקר טרי,,IL,צוואר בקר טרי,קילוגרמים,0.00,"ק""ג",true,1,69.90,69.90,true,1,
7290000999159,true,אבוקדו אוצר בית דין,קטיף,IL,אבוקדו,קילוגרמים,0.00,"ק""ג",true,1,14.90,14.90,true,1,
7290000999173,true,אפרסמון,קטיף.,IL,אפרסמון,קילוגרמים,0.00,"ק""ג",true,1,9.90,9.90,true,1,
7290000999180,true,קלמנטינה אוצר בית דין,קטיף,IL,קלמנטינה,קילוגרמים,0.00,"ק""ג",true,1,5.90,5.90,true,1,
7290000999197,true,תפוז,,IL,תפוז,קילוגרמים,0.00,"ק""ג",true,1,5.90,5.90,true,1,
7290000999456,true,שום במארז,קטיף,IL,שום במארז,יחידה,1.00,יחידה,false,1,5.90,5.90,true,1,
7290000999500,true,חזה הודו טרי,,IL,חזה הודו טרי,קילוגרמים,0.00,"ק""ג",true,1,36.90,36.90,true,1,
7290000999548,true,דלעת ארוזה במשקל,קטיף,IL,דלעת ארוזה,קילוגרמים,0.00,"ק""ג",true,1,11.90,11.90,true,1,
7290000999562,true,גזר ארוז במשקל,קטיף,IL,גזר ארוז,קילוגרמים,0.00,"ק""ג",true,1,3.90,3.90,true,1,
7290000999579,true,"תפו""א לבן ארוז במשקל",קטיף,IL,"תפו""א לבן ארוז",קילוגרמים,0.00,"ק""ג",true,1,4.70,4.70,true,1,
7290000999586,true,"תפו""א אדום ארוז במשקל",קטיף,IL,"תפו""א אדום ארוז",קילוגרמים,0.00,"ק""ג",true,1,5.20,5.20,true,1,
7290000999593,true,תפוח אדמה קטן ארוז ברשת,קטיף.,IL,תפוח אדמה קטן אר,קילוגרמים,0.00,"ק""ג",true,1,4.90,4.90,true,1,
7290000999616,true,גרון הודו טרי,,IL,גרון הודו טרי,קילוגרמים,0.00,"ק""ג",true,1,31.90,31.90,true,1,
7290000999708,true,אשכולית לבנה,,IL,אשכולית לבנה,קילוגרמים,0.00,"ק""ג",true,1,5.90,5.90,true,1,
7290000999715,true,אשכולית אדומה,,IL,אשכולית אדומה,קילוגרמים,0.00,"ק""ג",true,1,5.90,5.90,true,1,
7290000999722,true,פומלה לבנה,,IL,פומלה לבנה,קילוגרמים,0.00,"ק""ג",true,1,6.90,6.90,true,1,
7290000999739,true,פומלית,,IL,פומלית,קילוגרמים,0.00,"ק""ג",true,1,5.90,5.90,true,1,
7290000999746,true,עגבניות שרי במשקל,קטיף,IL,עגבניות שרי,קילוגרמים,0.00,"ק""ג",true,1,14.90,14.90,true,1,
7290000999814,true,"תפו""ע סטרקינג",קטיף,IL,תפוח עץ סטרקינג,קילוגרמים,0.00,"ק""ג",true,1,9.90,9.90,true,1,
7290000999821,true,"תפו""ע סמיט",קטיף,IL,תפוח עץ סמיט,קילוגרמים,0.00,"ק""ג",true,1,9.90,9.90,true,1,
7290000999838,true,"תפו""ע מוזהב",קטיף,IL,תפוח עץ מוזהב,קילוגרמים,0.00,"ק""ג",true,1,9.90,9.90,true,1,
7290000999852,true,"תפו""ע פינקריספי",קטיף,IL,תפוח עץ פינקריספ,קילוגרמים,0.00,"ק""ג",true,1,15.90,15.90,true,1,
7290000999937,true,בננה אוצר בית דין,קטיף,IL,בננה,קילוגרמים,0.00,"ק""ג",true,1,5.90,5.90,true,1,
7290000999951,true,לימון אוצר בית דין,קטיף,IL,לימון,קילוגרמים,0.00,"ק""ג",true,1,7.90,7.90,true,1,
7290000999999,true,אגס אוצר בית דין,קטיף,IL,אגס,קילוגרמים,0.00,"ק""ג",true,1,9.90,9.90,true,1,
7290001041017,false,חוואיג' תימני בצנצנת מיה 50 גרם,מיה תעשיות מזון מ.ת.מ. ב,IL,חוואיג' תימני,גרמים,50.00,100 גרם,false,0,6.90,13.80,true,1,
7290001041048,false,תבלין על האש בצנצנת מיה 50 גרם,מיה תעשיות מזון מ.ת.מ. ב,IL,תבלין על האש50גר,גרמים,50.00,100 גרם,false,0,6.90,13.80,true,1,
7290001041123,false,שקדים מולבנים פרוסים מיה 100 גרם,מיה תעשיות מזון מ.ת.מ. ב,IL,שקד מולבן,גרמים,100.00,100 גרם,false,0,12.90,12.90,true,1,
7290001041178,false,"אפונה ירוקה מיה 1 ק""ג",מיה תעשיות מזון מ.ת.מ. ב,IL,אפונה יבשה,קילוגרמים,1.00,"ק""ג",false,0,7.90,7.90,true,1,
7290001041260,false,שומשום מיה 400 גרם,מיה תעשיות מזון מ.ת.מ. ב,IL,שומשום,גרמים,400.00,100 גרם,false,0,9.90,2.48,true,1,
7290001041277,false,פירורי לחם רגיל מיה 400ג ',מיה תעשיות מזון מ.ת.מ. ב,IL,פרורי לחם,גרמים,400.00,100 גרם,false,0,5.90,1.48,true,1,
7290001041284,false,לקקן סוכריה תות על מקל 20 יח',מיה תעשיות מזון מ.ת.מ. ב,IL,לקקנים בטעם תות,גרמים,160.00,100 גרם,false,0,6.90,4.31,true,1,
7290001041291,false,לקקן סוכריה על מקל 70יח',מיה תעשיות מזון מ.ת.מ. ב,IL,לקקנים,גרמים,900.00,100 גרם,false,0,19.80,2.20,true,1,
7290001041482,false,זנגויל בצנצנת מיה 50 גרם,מיה תעשיות מזון מ.ת.מ. ב,IL,זנגוויל 50 גרם,גרמים,50.00,100 גרם,false,0,5.60,11.20,true,1,
7290001041840,false,שקדים טחונים 250 גרם,מיה תעשיות מזון מ.ת.מ. ב,IL,שקדים טחונים,גרמים,250.00,100 גרם,false,0,17.90,7.16,true,1,
7290001041888,false,פפריקה מתוקה בצנצנת מיה 300 גרם,מיה תעשיות מזון מ.ת.מ. ב,IL,פפריקה מתוקה,גרמים,300.00,100 גרם,false,0,15.90,5.30,true,1,
7290001041895,false,פלפל שחור בצנצנת מיה 300 גרם,מיה תעשיות מזון מ.ת.מ. ב,IL,פלפל שחור,גרמים,300.00,100 גרם,false,0,29.90,9.97,true,1,
7290001041994,false,"סוכר דמררה בצנצנת מיה 1 ק""ג",מיה תעשיות מזון מ.ת.מ. ב,IL,"סוכר זהב 1 ק""ג",קילוגרמים,1.00,"ק""ג",false,0,11.90,11.90,true,1,
7290001136287,false,"שמפו לשיער רגיל בבושם פרחים נקה 7 750 מ""ל","אמיליה קוסמטיקס בע""מ",IL,שמפו נקה 7,מיליליטרים,750.00,"100 מ""ל",false,0,10.90,1.45,true,1,
7290001136294,false,"שמפו לשיער יבש בבישום פרחים נקה 7 750 מ""ל","אמיליה קוסמטיקס בע""מ",IL,שמפו נקה 7,מיליליטרים,750.00,"100 מ""ל",false,0,10.90,1.45,true,1,
7290001136683,false,"מרכך לשיער רגיל בבושם פרחים נקה 7 750 מ""ל","אמיליה קוסמטיקס בע""מ",IL,קונדישינר נקה 7,מיליליטרים,750.00,"100 מ""ל",false,0,10.90,1.45,true,1,
7290001193853,false,זוג כוסיות + רגלית גומי שלהבת,שלהבת,,זוג כוסיות לנרות,יחידה,1.00,יחידה,false,0,5.90,5.90,true,1,
7290001201510,false,תבנית ביצים מדיום 30 יח',לסר,IL,ביצים 30 יח,יחידה,1.00,יחידה,false,0,27.87,27.87,true,1,
7290001201589,false,ביצים ארוזות L 12 יחידות,שופרסל,IL,ביצים L 12 יח',יחידה,1.00,יחידה,false,0,12.05,12.05,true,1,
7290001201596,false,ביצים ארוזות M 12 יחידות,שופרסל,IL,ביצים M 12 יח',יחידה,1.00,יחידה,false,0,11.15,11.15,true,1,
7290001209189,false,נקניקיות חריפות עטרה 400ג' מהדרין,מעדני הטלה והעגל,IL,נקניקיות חריפות,גרמים,400.00,100 גרם,false,0,11.90,2.98,true,1,
7290001209349,false,עוף טרי שלם ארוז עטר,שונות,IL,עוף טרי עטרה,קילוגרמים,0.00,"ק""ג",true,0,23.90,23.90,true,1,
7290001209356,false,כרעיים עוף טרי ארוז עטרה,שונות,IL,כרעיים ע.טרי עטר,קילוגרמים,0.00,"ק""ג",true,0,33.90,33.90,true,1,
7290001209363,false,שניצל עוף טרי ארוז עטרה,שונות,IL,שניצל ע.טרי עטרה,קילוגרמים,0.00,"ק""ג",true,0,35.90,35.90,true,1,
7290001209370,false,ירכיים עוף טרי ארוז עטרה,שונות,IL,ירכיים ע.טרי עטר,קילוגרמים,0.00,"ק""ג",true,0,33.90,33.90,true,1,
7290001209387,false,שוקיים עוף טרי ארוז עטרה,שונות,IL,שוקיים עוף טרי ע,קילוגרמים,0.00,"ק""ג",true,0,37.90,37.90,true,1,
7290001209394,false,כנפיים עוף טרי ארוז עטרה,שונות,IL,כנפיים ע.טרי עטר,קילוגרמים,0.00,"ק""ג",true,0,15.90,15.90,true,1,
7290001209516,false,סטייק עין עטרה מעובד עטרה 800 גרם,טיבון ויל אחזקות בעמ,IL,סטייק עין,גרמים,800.00,100 גרם,false,0,59.90,7.49,true,1,
7290001216040,false,טחינה גולמית שומשום טהור אל ארז 500 גרם,אגס ירוק מסחר ושירותים,IL,טחינה גולמית,גרמים,500.00,100 גרם,false,0,14.90,2.98,true,1,
7290001245699,false,אקונומיקה סמיכה בניחוח לימון 4 ל' טאצ',,IL,אקונומיקה סמיכה,ליטרים,4.00,ליטר,false,1,12.90,3.23,true,1,
7290001247068,false,קרטונית נקטר ספרינג תות בננה 1 ליטר,יפאורה שותפות מובגלת לשיווק,IL,נקטר תות בננה,ליטרים,1.00,ליטר,false,0,6.10,6.10,true,1,
7290001247082,false,מיץ עגבניות רכיבים טבעיים ספרינג 1 ליטר,יפאורה שותפות מובגלת לשיווק,IL,נקטר עגבניות,ליטרים,1.00,ליטר,false,0,5.70,5.70,true,1,
7290001247099,false,קרטונית נקטר ספרינג מנגו 1 ליטר,יפאורה שותפות מובגלת לשיווק,IL,נקטר ספרינג מנגו,ליטרים,1.00,ליטר,false,0,6.10,6.10,true,1,
7290001247105,false,קרטונית נקטר ספרינג אפרסק 1 ליטר,יפאורה שותפות מובגלת לשיווק,IL,נקטר אפרסק,ליטרים,1.00,ליטר,false,0,6.10,6.10,true,1,
7290001247112,false,קרטונית נקטר ספרינג לימונענע 1 ליטר,יפאורה שותפות מובגלת לשיווק,IL,משקה לימונענע,ליטרים,1.00,ליטר,false,0,6.10,6.10,true,1,
7290001247129,false,נקטר ספרינג תפוזים קרטונית 1 ל',יפאורה שותפות מובגלת לשיווק,IL,נקטר ספרינג תפוז,ליטרים,1.00,ליטר,false,0,6.10,6.10,true,1,
7290001247143,false,קרטונית נקטר ספרינג תפוחים 1 ליטר,יפאורה שותפות מובגלת לשיווק,IL,נקטר ספרינג תפוח,ליטרים,1.00,ליטר,false,0,6.10,6.10,true,1,
7290001274392,false,כוס שוקו וניל,,IL,כוס שוקו וניל,יחידה,1.00,יחידה,false,0,2.90,2.90,true,1,
7290001274408,false,כוס תות לימון 60 גרם,,IL,כוס תות לימון,גרמים,60.00,100 גרם,false,0,2.90,4.83,true,1,
7290001274934,false,"שמיניית גלידל פרי לימון ""פלדמן""",הגלידות של פלדמן,IL,גלידל פרי לימון,גרמים,640.00,100 גרם,false,0,19.90,3.11,true,1,
7290001274941,false,"שמיניית גלידל פרי פטל ""פלדמן""",הגלידות של פלדמן,IL,גלידל פרי פטל,גרמים,640.00,100 גרם,false,0,19.90,3.11,true,1,
7290001312995,false,בגט 280 גרם,גידרון,IL,באגט,יחידה,1.00,יחידה,false,0,3.90,3.90,true,1,
7290001369623,false,חזה בקר 3 אגודים,,IL,חזה בקר 3 אגודים,קילוגרמים,0.00,"ק""ג",true,0,39.90,39.90,true,1,
7290001419618,false,וופל בלגי עלמה שחור לבן וניל 200ג',"גילרו בע""מ",IL,וופל בלגי שוקולד,גרמים,200.00,100 גרם,false,0,3.90,1.95,true,1,
7290001419779,false,וופל שוקו' עלמה קלאסי 200 גר,"גילרו בע""מ",IL,ופלים ט.שוקולד,גרמים,200.00,100 גרם,false,0,3.90,1.95,true,1,
7290001419892,false,"ופל קלאסי בטעם לימון ""עלמה"" 200 גרם","גילרו בע""מ",IL,וופל 200 גרם,גרמים,200.00,100 גרם,false,1,3.90,1.95,true,1,
7290001491096,false,תה ירוק בתוספת לימונית ולואיזה 50 שקיקים ויסוצקי,תה ויסוצקי,IL,תה ירוק לימונית,גרמים,75.00,100 גרם,false,0,44.90,59.87,true,1,
7290001594810,false,"בירה שחורה מאלטי בקב' מארז 330X6מ""ל",החברה המרכזית לייצור משקאות,IL,מאלטי בקבוק 6 יח,ליטרים,1.98,ליטר,false,0,19.90,10.05,true,1,
7290001594858,false,"שישייה בירה טובורג רד בקבוק 330 מ""ל",מבשלות בירה בינלאומיות ב,IL,טובורג רד 6 יח,ליטרים,1.98,ליטר,false,0,29.90,15.10,true,1,
7290001594865,false,"שישייה בירה קרלסברג בקבוק 330 מ""ל",מבשלות בירה בינלאומיות ב,IL,בירה קרלסברג 6יח,ליטרים,1.98,ליטר,false,0,29.90,15.10,true,1,
7290001713167,false,סנט מוריץ - מרסס קצף ניקוי 1 ליטר סניטרי אפור,קומפלקס כימיקלים בעמ,IL,קצף ניקוי,ליטרים,1.00,ליטר,false,1,9.90,9.90,true,1,
7290001780428,false,גלידיאט שלגון מצופה נסטלה 312 גרם מארז 6 יחידות,גלידות נסטלה )נגה גלידות,IL,מארז גלידיאט,גרמים,360.00,100 גרם,false,0,25.90,7.19,true,1,
7290001813454,false,"עוגיות חיוכים שוקולד עלית 900 גרם מארז 6 יחידות בד""צ",אפיפית נצרת תעשיות ב,IL,חיוכים שוקו,גרמים,900.00,100 גרם,false,0,21.90,2.43,true,1,
7290001817377,false,צ'יטוס חטיף איקס עיגול פיצה 60 גרם,"שטראוס פריטו ליי בע""\מ )",IL,צ'יטוס איקס,גרמים,60.00,100 גרם,false,0,3.50,5.83,true,1,
7290001817728,false,צ'יטוס אפוי כאפה בטעם קטשופ 55 גרם,"שטראוס פריטו ליי בע""\מ )",IL,צ'יטוס כפאה,גרמים,55.00,100 גרם,false,0,3.50,6.36,true,1,
7290001820094,false,אבקה לתיבול טשולנט,מתבל תעשיות מזון,IL,אבקת תיבול,גרמים,300.00,100 גרם,false,0,14.90,4.97,true,1,
7290001820254,false,אבקת מרק טעם עוף מתבל צנצנת 400 גר',מתבל תעשיות מזון,IL,מרק בטעם עוף,גרמים,350.00,100 גרם,false,0,11.90,3.40,true,1,
7290001820261,false,אבקת מרק פטריות מתבל צנצנת 400 גר',מתבל תעשיות מזון,IL,מרק פטריות,גרמים,400.00,100 גרם,false,0,15.90,3.98,true,1,
7290001820278,false,אבקת מרק בצל טבעי 400 ג',מתבל תעשיות מזון,IL,אבקת מרק בצל,גרמים,400.00,100 גרם,false,0,15.90,3.98,true,1,
7290001820285,false,אבקת מרק ירקות טבעי 400ג,מתבל תעשיות מזון,IL,אבקת מרק ירקות,גרמים,400.00,100 גרם,false,0,15.90,3.98,true,1,
7290001820605,false,רוטב פיטריות בקופסא 300,מתבל,IL,רוטב פיטריות300ג,גרמים,300.00,100 גרם,false,1,15.90,5.30,true,1,
7290001865439,false,פמילי אל סבון נוזלי בניחוח וניל 1 ליטר,אף.סי תבליני בגליל ב,IL,סבון נוזלי פמלי,ליטרים,1.00,ליטר,false,0,9.90,9.90,true,1,
7290001865453,false,פמילי לקשרי 1 ליטר לבנדר ארומטי+משאבה,מיוצר עי קונדיטוריית,TR,סבון נוזלי פמלי,ליטרים,1.00,ליטר,false,0,9.90,9.90,true,1,
7290001901724,false,רולדה ווייטפיש דלישס,,IL,ווייטפיש דלישס,גרמים,500.00,100 גרם,false,1,24.90,4.98,true,1,
7290001902134,false,לחם איטלקי 290 גרם,"גידרון תעשיות בע""מ",IL,לחם איטלקי,יחידה,1.00,יחידה,false,0,6.30,6.30,true,1,
7290001902301,false,חלה מתוקה קלועה 450 גרם,"גידרון תעשיות בע""מ",IL,חלה מתוקה קלוע,יחידה,1.00,יחידה,false,0,10.90,10.90,true,1,
7290001902325,false,חלה קלועה שופרסל,"גידרון תעשיות בע""מ",IL,חלה קלועה שופרסל,יחידה,1.00,יחידה,false,0,10.90,10.90,true,1,
7290001902677,false,לחמניה 100% קמח מלא,"גידרון תעשיות בע""מ",IL,לחמניה מקמח מלא,יחידה,1.00,יחידה,false,0,2.90,2.90,true,1,
7290001902776,false,לחמנית עם דגנים קפוא,"גידרון תעשיות בע""מ",IL,לחמנית עם דגנים,יחידה,1.00,יחידה,false,0,3.90,3.90,true,1,
7290001902783,false,לחמנית המבורגר,"גידרון תעשיות בע""מ",IL,לחמנית המבורגר,יחידה,1.00,יחידה,false,0,2.90,2.90,true,1,
7290001989746,false,מקרל מעושן שלם משקל,סלטי שמיר,IL,מקרל מעושן,קילוגרמים,0.00,"ק""ג",true,1,99.00,99.00,true,1,
7290001990148,false,"סוכר גולדן קלאסי בצנצנת סוגת 1 ק""ג",האי נאם סי או אל.טי.,IL,סוכר גולדן,קילוגרמים,1.00,"ק""ג",false,0,10.90,10.90,true,1,
7290002003168,false,"שלישיית קרם ידיים קלאסי פנג'ל 80 מ""ל",אינטרקוסמא 1985 במ,IL,קרם יד.פנג'ל 3יח,מיליליטרים,240.00,"100 מ""ל",false,0,14.90,6.21,true,1,
7290002014201,false,חומוס מעדני מיקי 200 גרם,"סלטי שמיר 2006 בע""\מ",IL,חומוס 200 גרם,גרמים,200.00,100 גרם,false,0,8.90,4.45,true,1,
7290002014218,false,טחינה מעדני מיקי 200 גרם,"סלטי שמיר 2006 בע""\מ",IL,טחינה 200 גרם,גרמים,200.00,100 גרם,false,0,8.90,4.45,true,1,
7290002014225,false,חציל במיונז מעדני מיקי 200 גרם,"סלטי שמיר 2006 בע""\מ",IL,סלט חצילים במי,גרמים,200.00,100 גרם,false,0,8.90,4.45,true,1,
7290002014799,false,מטבוחה מעדני מיקי 200 גרם,"סלטי שמיר 2006 בע""\מ",IL,סלט מטבוחה 200,גרמים,200.00,100 גרם,false,0,8.90,4.45,true,1,
7290002015093,false,מלפפון בחומץ 13-17 בני דרום 560 גרם,בני דרום,IL,מלפפונים בחומץ,גרמים,560.00,100 גרם,false,0,9.90,1.77,true,1,
7290002015116,false,מלפפון בחומץ 7-9 בני דרום 560 גרם,בני דרום,IL,מלפפונים בחומץ,גרמים,560.00,100 גרם,false,0,6.90,1.23,true,1,
7290002015147,false,מלפפון בחומץ 18-25בני דרום 560 גרם,בני דרום,IL,מלפפונים בחומץ,גרמים,560.00,100 גרם,false,0,11.90,2.13,true,1,
7290002015154,false,מלפפון במלח 7-9 בני דרום 560 גרם,בני דרום,IL,מלפפונים במלח,גרמים,560.00,100 גרם,false,0,6.90,1.23,true,1,
7290002015192,false,מלפפון במלח 18-25 בני דרום 560 גרם,בני דרום,IL,מלפפון במלח,גרמים,560.00,100 גרם,false,0,11.90,2.13,true,1,
7290002015208,false,מלפפון במלח 13-17 בני דרום 560 גרם,בני דרום,IL,מלפפון במלח,גרמים,560.00,100 גרם,false,0,9.90,1.77,true,1,
7290002015666,false,פלפל חריף שיפקה בני דרום 540 גרם,בני דרום,IL,פלפל חריף שיפקה,גרמים,540.00,100 גרם,false,0,6.90,1.28,true,1,
7290002020837,false,לחמניות מיני חלה,גידרון,IL,לחמניות מיני חל,יחידה,1.00,יחידה,false,0,3.90,3.90,true,1,
7290002026365,false,טבעות בצל טוגני טבעות בצל מצופים,מוצרי איכות אמריקאיים,BE,טבעות בצל,גרמים,500.00,100 גרם,false,20,9.90,1.98,true,1,
7290002026402,false,בלינצס גבינה בראנץ אנד קראנץ 350 ג',מוצרי איכות אמריקאיים בע,IL,בלינצ'ס גבינה,גרמים,350.00,100 גרם,false,0,13.90,3.97,true,1,
7290002026440,false,פרצלס בייגלה בראנץ אנד קראנץ 280 ג',מוצרי איכות אמריקאיים בע,IL,פרצלס קפוא 280גר,גרמים,280.00,100 גרם,false,0,12.90,4.61,true,1,
7290002037309,false,שמיניית לחמניות המבורגר,מאפית י את א ברמן בע,IL,8לחמניות המבורגר,גרמים,400.00,100 גרם,false,0,12.90,3.23,true,1,
7290002040019,false,קוסקוס רגיל הנמל 350 גרם,"קוסקוס מזון בע""מ",IL,קוסקוס רגיל,גרמים,350.00,100 גרם,false,0,4.90,1.40,true,1,
7290002040064,false,קוסקוס דק הנמל 350 גרם,קוסקוס מזון,IL,קוסקוס דק,גרמים,350.00,100 גרם,false,0,4.90,1.40,true,1,
7290002040071,false,קוסקוס עבה שקית 350 גרם הנמל,קוסקוס מזון,IL,קוסקוס עבה,גרמים,350.00,100 גרם,false,0,4.90,1.40,true,1,
7290002040088,false,קוסקוס מלא הנמל 350 גרם,קוסקוס מזון,IL,קוסקוס מלא,גרמים,350.00,100 גרם,false,0,5.90,1.69,true,1,
7290002057260,false,זיתים מנזנילו גדול 15/17 600 גר' יבנה,קבוצת יבנה,IL,זית מנזנילו גדול,גרמים,540.00,100 גרם,false,1,7.90,1.46,true,1,
7290002057291,false,פלפל חריף שיפקה A2יבנה 540 גרם,קבוצת יבנה,IL,פלפל חריף שיפקה,גרמים,540.00,100 גרם,false,1,4.90,0.91,true,1,
7290002109402,false,גבינה מותכת בטעם זיתים 120 ג,,IL,גבינה מותכת 120ג,גרמים,120.00,100 גרם,false,0,12.90,10.75,true,1,
7290002109419,false,גבינה מותכת בטעם שום שמיר 120 ג,,IL,גבינה מותכת 120ג,גרמים,120.00,100 גרם,false,0,12.90,10.75,true,1,
7290002109426,false,גבינה מותכת בטעם פיקנטי 120 ג,,IL,גבינה מותכת 120ג,גרמים,120.00,100 גרם,false,0,12.90,10.75,true,1,
7290002109433,false,גבינה מותכת בטעם שוויצרי 120 ג,,IL,גבינה מותכת 120ג,גרמים,120.00,100 גרם,false,0,12.90,10.75,true,1,
7290002111337,false,"רוטב עגבניות 22% ""פרי מבורך"" 240 גרם","זנלכל בע""\מ",IL,רוטב עגבניות260ג,גרמים,260.00,100 גרם,false,0,3.90,1.50,true,1,
7290002129431,false,שניצלוני דג מצופה דלידג 600ג',דלידג בעמ,IL,שניצלוני דג,גרמים,600.00,100 גרם,false,1,22.90,3.82,true,1,
7290002130574,false,דבש טהור מפרחי בר בזכוכית 500 ג' יד מרדכי,מכוורת יד מרדכי שטראוס ב,IL,דבש מפרחי בר,גרמים,500.00,100 גרם,false,0,24.90,4.98,true,1,
7290002130581,false,"דבש טהור יד מרדכי 1 ק""ג",מכוורת יד מרדכי שטראוס ב,IL,דבש טהור,קילוגרמים,1.00,"ק""ג",false,0,44.90,44.90,true,1,
7290002132011,false,עוגיות מזרחיות מלוחות עבאדי 400 גרם,מאפיית יוסף ושמחה עבאדי,IL,עוגיות מזרחיות,גרמים,400.00,100 גרם,false,0,16.90,4.23,true,1,
7290002153061,false,קמח מצה חמץ,,IL,קמח מצה חמץ,גרמים,500.00,100 גרם,false,0,6.90,1.38,true,1,
7290002153153,false,"מצות חמץ 1 ק""ג",מצות ראשון לציון,IL,"מצות חמץ 1 ק""ג",קילוגרמים,1.00,"ק""ג",false,0,17.90,17.90,true,1,
7290002157694,false,כבד עוף צלוי עטרה 200גרם,נטו,IL,כבד עוף צלוי200ג,גרמים,200.00,100 גרם,false,1,24.90,12.45,true,1,
7290002190141,false,ריבת חלב קונדיטור 450גרם,Barhan gida sanayi v,IL,ריבת חלב קונדיטו,גרמים,450.00,100 גרם,false,0,14.90,3.31,true,1,
7290002190516,false,"ריבת חלב גלעם-קומידה 500ג' 12X-כשל""פ",אשבל מזון פונקציונלי בע\,IL,ממרח ריבת חלב,גרמים,500.00,100 גרם,false,0,14.90,2.98,true,1,
7290002206682,false,שניצל פרימ' טרי אר' קהיל,נטו,IL,שניצל פרימיום,קילוגרמים,0.00,"ק""ג",true,1,49.90,49.90,true,1,
7290002210009,false,חלבה וניל בלוק 500 גרם,עדן,IL,חלבה וניל בלוק,גרמים,500.00,100 גרם,false,1,9.90,1.98,true,1,
7290002210115,false,חלבה עם שקד ואגוז 500 גר,עדן,IL,חלבה שקד ואגוז,גרמים,500.00,100 גרם,false,1,11.90,2.38,true,1,
7290002253006,false,שום כתוש דורות בצנצנת 200 גרם,עיצובים 2020 (3.8),IL,שום טרי כתוש,גרמים,200.00,100 גרם,false,0,16.90,8.45,true,1,
7290002253174,false,קוביות שמיר קצוץ דורות 70 גרם,עיצובים 2020 (3.8),IL,דורות שמיר מגשית,גרמים,70.00,100 גרם,false,0,10.90,15.57,true,1,
7290002259664,false,רדיד אלומיניום דיימונד גדול 60X0.60מ',ריינולדס מוצרי צריכה,US,רדיד אלומיניום,מטרים,60.00,מטר,false,0,39.90,0.67,true,1,
7290002278528,false,כריות ניקוי שבתכלין ביאנקו שייני 2 יחידות,מ.א ייצור ושיווק מטל,IL,כרית כלים לשבת,יחידה,1.00,יחידה,false,0,6.90,6.90,true,1,
7290002285069,false,קבב חריף אש עטרה 500 גרם,טיבון ויל אחזקות בעמ,IL,קבב חריף אש,גרמים,500.00,100 גרם,false,0,21.90,4.38,true,1,
7290002285816,false,שניצל פרימ' טרי אר' עטרה,נטו,IL,שניצל פרימיום טר,קילוגרמים,0.00,"ק""ג",true,1,42.90,42.90,true,1,
7290002292548,false,כבד צלוי טרי לנדא ארוז,,IL,כבד צלוי טרי,גרמים,200.00,100 גרם,false,1,32.90,16.45,true,1,
7290002317661,false,זיתים ירוקים מנזנילו גדול בצנצנת,שימורי מוטולה בעמ,IL,זיתים ירוקים,גרמים,560.00,100 גרם,false,1,9.90,1.77,true,1,
7290002317678,false,חרוזית צנצנת זיתים 560 ג' מוטולה,שימורי מוטולה בעמ,IL,זיתים נטול גלעין,גרמים,560.00,100 גרם,false,1,9.90,1.77,true,1,
7290002317814,false,חצילים מוחמצים צנצנת700ג,שימורי מוטולה בעמ,IL,חצילים מוחמצים,גרמים,700.00,100 גרם,false,1,9.90,1.41,true,1,
7290002319054,false,פרג טחון מיה 100 גרם,מיה תעשיות מזון מ.ת.מ. ב,IL,פרג טחון,גרמים,100.00,100 גרם,false,0,5.80,5.80,true,1,
7290002319061,false,קוקוס טחון מיה 100 גרם,מיה תעשיות מזון מ.ת.מ. ב,IL,קוקוס טחון,גרמים,100.00,100 גרם,false,0,3.90,3.90,true,1,
7290002319115,false,חומוס גדול יבש מיה 500 גר',מיה תעשיות מזון מ.ת.מ. ב,IL,גרעיני חומוס,גרמים,500.00,100 גרם,false,0,7.90,1.58,true,1,
7290002319122,false,גריסים יבשים מיה 500 גר',מיה תעשיות מזון מ.ת.מ. ב,IL,גריסים,גרמים,500.00,100 גרם,false,0,4.90,0.98,true,1,
7290002319139,false,שעועית לבנה יבשה מיה 500 ג',מיה תעשיות מזון מ.ת.מ. ב,IL,שעועית לבנה,גרמים,500.00,100 גרם,false,0,7.90,1.58,true,1,
7290002319146,false,שעועית אדומה מיה 500 גרם,מיה תעשיות מזון מ.ת.מ. ב,IL,שעועית אדומה,גרמים,500.00,100 גרם,false,0,8.90,1.78,true,1,
7290002319160,false,אפונה ירוקה יבשה מיה 500 ג',מיה תעשיות מזון מ.ת.מ. ב,IL,אפונה ירוקה,גרמים,500.00,100 גרם,false,0,4.90,0.98,true,1,
7290002319177,false,פופקורן גרעינים מיה 500 גר',מיה תעשיות מזון מ.ת.מ. ב,IL,גרעיני פופקורן,גרמים,500.00,100 גרם,false,0,4.90,0.98,true,1,
7290002319184,false,עדשים אדומים יבשים מיה 500 גר',מיה תעשיות מזון מ.ת.מ. ב,IL,עדשים אדומים,גרמים,500.00,100 גרם,false,0,6.90,1.38,true,1,
7290002319191,false,עדשים ירוקים יבשים מיה 500 גר',מיה תעשיות מזון מ.ת.מ. ב,IL,עדשים ירוקים,גרמים,500.00,100 גרם,false,0,6.90,1.38,true,1,
7290002319214,false,קוואקר שיבולת שועל מיה 200ג',מיה תעשיות מזון מ.ת.מ. ב,IL,קווקר,גרמים,200.00,100 גרם,false,0,2.80,1.40,true,1,
7290002319221,false,מיה חיטה 500 גרם,מיה תעשיות מזון מ.ת.מ. ב,IL,חיטה,גרמים,500.00,100 גרם,false,0,4.90,0.98,true,1,
7290002319337,false,תמרים שקית 200גרם,מיה תעשיות מזון מ.ת.מ. ב,IL,תמרים שקית,גרמים,200.00,100 גרם,false,0,6.90,3.45,true,1,
7290002319344,false,שקדים טבעיים מיה 100,מיה תעשיות מזון מ.ת.מ. ב,IL,שקדים טבעי 100ג,גרמים,100.00,100 גרם,false,0,12.90,12.90,true,1,
7290002319405,false,תבלין קינמון בקופסא 80 גר' מיה,מיה תעשיות מזון מ.ת.מ. ב,IL,קינמון,גרמים,80.00,100 גרם,false,0,6.90,8.63,true,1,
7290002319412,false,פפריקה חריפה בצנצנת מיה 80 גרם,מיה תעשיות מזון מ.ת.מ. ב,IL,פפריקה חריפה,גרמים,80.00,100 גרם,false,0,6.90,8.63,true,1,
7290002319429,false,פפריקה מתוקה בצנצנת מיה 80 גרם,מיה תעשיות מזון מ.ת.מ. ב,IL,פפריקה מתוקה,גרמים,80.00,100 גרם,false,0,6.90,8.63,true,1,
7290002319436,false,פלפל שחור טחון בצנצנת מיה 70 גרם,מיה תעשיות מזון מ.ת.מ. ב,IL,פלפל שחור,גרמים,70.00,100 גרם,false,0,9.90,14.14,true,1,
7290002319443,false,כמון בצנצנת מיה 80 גרם,מיה תעשיות מזון מ.ת.מ. ב,IL,כמון,גרמים,80.00,100 גרם,false,0,6.90,8.63,true,1,
7290002319450,false,תבלין כרכום צנצנת 80 גר' מיה,מיה תעשיות מזון מ.ת.מ. ב,IL,כרכום,גרמים,80.00,100 גרם,false,0,6.90,8.63,true,1,
7290002319467,false,אורגנו בצנצנת מיה 35 גרם,מיה תעשיות מזון מ.ת.מ. ב,IL,אורגנו,גרמים,35.00,100 גרם,false,0,6.90,19.71,true,1,
7290002319474,false,תבלין אבקת שום מיכל 80 ג' מיה,מיה תעשיות מזון מ.ת.מ. ב,IL,אבקת שום,גרמים,80.00,100 גרם,false,0,7.90,9.88,true,1,
7290002319597,false,תבלין כוסברה ירוקה בשקית 80 גר' מיה,מיה תעשיות מזון מ.ת.מ. ב,IL,כוסברה 80 גרם,גרמים,80.00,100 גרם,false,0,6.90,8.63,true,1,
7290002319610,false,שקדים טחונים מיה 100 גרם,מיה תעשיות מזון מ.ת.מ. ב,IL,שקדים טחונים,גרמים,100.00,100 גרם,false,0,12.90,12.90,true,1,
7290002319641,false,תבלין גריל עוף צנצנת 80 גר' מיה,מיה תעשיות מזון מ.ת.מ. ב,IL,גריל עוף,גרמים,80.00,100 גרם,false,0,6.90,8.63,true,1,
7290002319658,false,תבלין לסטייק בצנצנת מיה 80 גרם,מיה תעשיות מזון מ.ת.מ. ב,IL,תבלין לסטייק,גרמים,80.00,100 גרם,false,0,6.90,8.63,true,1,
7290002319696,false,פלפל לבן בצנצנת מיה 70 גרם,מיה תעשיות מזון מ.ת.מ. ב,IL,פלפל לבן,גרמים,70.00,100 גרם,false,0,9.90,14.14,true,1,
7290002319771,false,"תמצית אפיה בטעם וניל מיה 50 מ""ל",מיה תעשיות מזון מ.ת.מ. ב,IL,תמצית אפיה וניל,מיליליטרים,55.00,"100 מ""ל",false,0,2.90,5.27,true,1,
7290002319788,false,"תמצית אפיה רום מיה 50 מ""ל",מיה תעשיות מזון מ.ת.מ. ב,IL,תמצית אפיה רום,מיליליטרים,50.00,"100 מ""ל",false,0,2.90,5.80,true,1,
7290002319795,false,"תמצית אפיה שקדים מיה 50 מ""ל",מיה,IL,תמצית אפיה שקדים,מיליליטרים,55.00,"100 מ""ל",false,0,4.90,8.91,true,1,
7290002319801,false,שבבי בצל בצנצנת מיה 50 גרם,מיה תעשיות מזון מ.ת.מ. ב,IL,שבבי בצל,גרמים,50.00,100 גרם,false,0,6.90,13.80,true,1,
7290002319825,false,אבקת סוכר מיה 100 גרם,מיה תעשיות מזון מ.ת.מ. ב,IL,אבקת סוכר,גרמים,100.00,100 גרם,false,0,1.90,1.90,true,1,
7290002331360,false,"נביעות מים מינרליים טו גו מארז 500X6מ""ל",נביעות טבע,IL,נביעות ספורט 6יח,ליטרים,3.00,ליטר,false,0,16.90,5.63,true,1,
7290002331490,false,מים מינרליים נביעות 1 ליטר,נביעות טבע הגליל בעמ,IL,מים נביעות,ליטרים,1.00,ליטר,false,0,2.90,2.90,true,1,
7290002374640,false,שמן בריאות קנולה פלוס אומגה 3 עץ הזית 1 ליטר,שמן תעשיות,EE,שמן קנולה פלוס,ליטרים,1.00,ליטר,false,0,16.90,16.90,true,1,
7290002386834,false,נקניקיות עוף 400 גרם קהילות,מעדני הטלה והעגל,IL,נקניקיות עוף,גרמים,400.00,100 גרם,false,0,13.20,3.30,true,1,
7290002404576,false,"מוריה- יין מתוק לייט 750 מ""ל",יקבי ארזה,IL,יין מוריה לייט,מיליליטרים,750.00,"100 מ""ל",false,0,15.90,2.12,true,1,
7290002404583,false,"יין בראשית קברנה ארזה 750 מ""ל",יקבי ארזה,IL,יין קברנה בראשית,מיליליטרים,750.00,"100 מ""ל",false,1,34.90,4.65,true,1,
7290002404590,false,"יין בראשית מרלו ארזה 750 מ""ל",יקבי ארזה,IL,יין מרלו בראשית,מיליליטרים,750.00,"100 מ""ל",false,1,34.90,4.65,true,1,
7290002404620,false,"היוצר וירטואוזו מרלו 750 מ""ל",יקבי ארזה,IL,מרלו וירטאוזו750,מיליליטרים,750.00,"100 מ""ל",false,1,44.90,5.98,true,1,
7290002404637,false,"היוצר וירטואוזו שיראז 750 מ""ל",יקבי ארזה,IL,שיראז וירטאוזו 7,מיליליטרים,750.00,"100 מ""ל",false,1,44.90,5.98,true,1,
7290002404958,false,יין גינוסר ליטר -מתוק לקידוש 1 ליטר,יקבי ארזה,IL,יין גינוסר,ליטרים,1.00,ליטר,false,0,14.90,14.90,true,1,
7290002404965,false,"מוריה יין אדום מתוק יקב ארזה 750 מ""ל",יקבי ארזה,IL,יין מוריה,מיליליטרים,750.00,"100 מ""ל",false,0,15.90,2.12,true,1,
7290002472186,false,עוגת מאפין שוקו צ'יפס550,"גידרון תעשיות בע""מ",IL,מאפין שוקוצ'יפס,יחידה,1.00,יחידה,false,0,20.90,20.90,true,1,
7290002472193,false,עוגת מאפין שוקו 550 גרם,"גידרון תעשיות בע""מ",IL,מאפין בטעם שוקו,יחידה,1.00,יחידה,false,0,20.90,20.90,true,1,
7290002472209,false,מאפין שוקו וניל 550 גרם,"גידרון תעשיות בע""מ",IL,מאפין שיש,יחידה,1.00,יחידה,false,0,20.90,20.90,true,1,
7290002472223,false,עוגת מאפין תפוז 550 גרם,"גידרון תעשיות בע""מ",IL,מאפין בטעם תפוז,יחידה,1.00,יחידה,false,0,20.90,20.90,true,1,
7290002472254,false,עוגת מאפין אגוזים 550גרם,"גידרון תעשיות בע""מ",IL,מאפין אגוזים,יחידה,1.00,יחידה,false,0,20.90,20.90,true,1,
7290002472629,false,עוגת שמרים ושוקולד,"גידרון תעשיות בע""מ",IL,עוג.שמרים שוקולד,גרמים,460.00,100 גרם,false,0,17.90,3.89,true,1,
7290002472667,false,עוגת שמרים גבינה 520ג,"גידרון תעשיות בע""מ",IL,עוגת שמרים גבינה,גרמים,460.00,100 גרם,false,0,24.90,5.41,true,1,
7290002472759,false,עוגת מאפין עם דבש,,IL,מאפין עם דבש,גרמים,450.00,100 גרם,false,0,14.90,3.31,true,1,
7290002472841,false,עוגת סבתא שוקולד 850 גרם,"גידרון תעשיות בע""מ",IL,עוגת סבתא שוקו,גרמים,730.00,100 גרם,false,0,19.90,2.73,true,1,
7290002475033,false,פרוסות קרפיון 390 גרם,דג טעים,IL,פרוסות קרפיון,גרמים,390.00,100 גרם,false,0,19.90,5.10,true,1,
7290002475101,false,גפילטע פיש ללא סוכר 4 מנו,"דג טעים (משווק ע""י א",IL,גפילטע פיש,גרמים,510.00,100 גרם,false,0,16.90,3.31,true,1,
7290002505105,false,עוף טרי ארוז קהילות משקל,נטו,IL,עוף טרי קהילות,קילוגרמים,0.00,"ק""ג",true,0,24.90,24.90,true,1,
7290002505112,false,שוקיים עוף ארוז קהילות,שונות,IL,שוקיים ע.טרי קהי,קילוגרמים,0.00,"ק""ג",true,0,39.90,39.90,true,1,
7290002505129,false,ירכיים עוף ארוז קהילות,שונות,IL,ירכיים ע.טרי,קילוגרמים,0.00,"ק""ג",true,0,34.90,34.90,true,1,
7290002505136,false,כנפיים עוף ארוז קהילות,שונות,IL,כנפיים ע.ט קהילו,קילוגרמים,0.00,"ק""ג",true,0,18.90,18.90,true,1,
7290002505143,false,שניצל עוף ארוז קהילות מח,שונות,IL,שניצל ע.טרי קהיל,קילוגרמים,0.00,"ק""ג",true,0,43.90,43.90,true,1,
7290002505297,false,עוף מס2' קהילות קפוא מחי,קהילות,IL,עוף מס' 2,קילוגרמים,0.00,"ק""ג",true,0,24.90,24.90,true,1,
7290002505433,false,כבד עוף צלוי טרי ארוז 200 גרם קהילות,שונות,IL,כבד עוף צלוי טרי,גרמים,200.00,100 גרם,false,0,29.90,14.95,true,1,
7290002505464,false,כרעיים עוף ארוז קהילות,שונות,IL,כרעיים ע.טרי קהי,קילוגרמים,0.00,"ק""ג",true,0,37.90,37.90,true,1,
7290002505471,false,חזה עוף ארוז קהילות מחיר,שונות,IL,חזה עוף טרי קהיל,קילוגרמים,0.00,"ק""ג",true,0,41.90,41.90,true,1,
7290002507451,false,קציצות דג סלמון דלידג 750 גר',דלידג בעמ,IL,קציצות דג סלמון,גרמים,750.00,100 גרם,false,1,29.90,3.99,true,1,
7290002538110,false,מארז קרמבו וניל/ מו,גלידות קולרדו,IL,קרמבו-ימבו 32 יח,גרמים,800.00,100 גרם,false,1,29.90,3.74,true,1,
7290002538158,false,גלידה חמה גביע וופל במילוי קרם 15 יחידות,גלידות קולרדו,IL,ימבו גלידה חמה,גרמים,225.00,100 גרם,false,1,17.90,7.96,true,1,
7290002538899,false,קרמבו קרמבולי 12 יחידות,גלידות קולרדו,IL,קרמבולי 12 יח,גרמים,300.00,100 גרם,false,0,8.90,2.97,true,1,
7290002543237,false,דגני בוקר קלוגס קורנפלקס 750 גרם,קלוגס קומפני אוף גרייט ב,GB,קורנפלקס קלוגס,גרמים,750.00,100 גרם,false,0,15.90,2.12,true,1,
7290002552468,false,שלגון גליגל חלבי 75 גרם,ריאו,IL,שלגון גליגל,גרמים,75.00,100 גרם,false,1,2.90,3.87,true,1,
7290002552499,false,מאגדת שלגוני שרבט פרווה תות מנגו 8 יח' ריאו,"גלידות ריאו ביח""ר לג",IL,שלגוני פרי מנגו,גרמים,720.00,100 גרם,false,0,14.90,2.07,true,1,
7290002577508,false,פילה דג הרינג מלוח בשמן ובצל דלידג 240 ג',מיוצר על ידי קוד יצר,IL,פילה הרניג,גרמים,240.00,100 גרם,false,1,24.90,10.38,true,1,
7290002581352,false,קרקר עם חיטה מלאה ללא סוכר 250 גר',אפיפית נצרת,IL,קרקר דגן הדר,גרמים,250.00,100 גרם,false,0,7.90,3.16,true,1,
7290002651116,false,גחנון חמסי 1 קג לא א,מאפיית אריאל,IL,ג'חנון חמסי,גרמים,1000.00,100 גרם,false,0,15.90,1.59,true,1,
7290002651123,false,מלאווח חמסי ארוז 1 ק,מאפיית אריאל,IL,מלווח חמסי,גרמים,1000.00,100 גרם,false,0,15.90,1.59,true,1,
7290002651253,false,גחנון אפוי חמסי 600 גרם,מעדני הטלה,IL,גחנון אפוי חמסי,גרמים,600.00,100 גרם,false,1,15.90,2.65,true,1,
7290002674238,false,"אקווה פרש - משחת שיניים מנטה מרענן 125 מ""ל",גלקסוסמיתקליין,SK,משחת אקווה פרש,מיליליטרים,125.00,"100 מ""ל",false,0,8.90,7.12,true,1,
7290002692393,false,שמן קנולה מזוכך מועשר עץ הזית 1 ליטר,שמן תעשיות בעמ,EE,שמן קנולה מועשר,ליטרים,1.00,ליטר,false,0,12.90,12.90,true,1,
7290002692478,false,"שמן זית כתית מעולה מעודן עץ הזית 750 מ""ל","מרקאולאו, ספרד.אבסה,",IT,שמן זית,מיליליטרים,750.00,"100 מ""ל",false,0,34.90,4.65,true,1,
7290002715504,false,ארוחת נודלס בטעם עוף מג'יק 70 גרם,טאט הוי פוד בעמ,SG,מג'יק נודלס,גרמים,70.00,100 גרם,false,0,4.40,6.29,true,1,
7290002715511,false,ארוחת נודלס בטעם בשר מג'יק 70 גרם,טאט הוי פוד בעמ,SG,מג'יק אטריות,גרמים,70.00,100 גרם,false,0,4.40,6.29,true,1,
7290002715580,false,ארוחת נודלס בטעם סיני חריף מג'יק 70 גרם,טאט הוי פוד בעמ,SG,מג'יק נודלס,גרמים,70.00,100 גרם,false,0,4.40,6.29,true,1,
7290002716068,false,אגוז מלך מקולף,,IL,אגוז מלך מקולף,גרמים,100.00,100 גרם,false,0,10.90,10.90,true,1,
7290002716082,false,קוקוס דרומה,,IL,קוקוס דרומה,גרמים,100.00,100 גרם,false,0,2.90,2.90,true,1,
7290002716112,false,שקד טבעי קלוף,,IL,שקד טבעי קלוף,גרמים,100.00,100 גרם,false,0,12.90,12.90,true,1,
7290002716273,false,סוכר וניל,,IL,סוכר וניל,גרמים,100.00,100 גרם,false,0,2.40,2.40,true,1,
7290002716280,false,שבבי תפוא דרומה 500,דרומה י.א.ט בעמ,IL,"שביבי תפו""א",גרמים,500.00,100 גרם,false,0,10.90,2.18,true,1,
7290002716372,false,אבקת פלאפל,,IL,אבקת פלאפל,גרמים,250.00,100 גרם,false,0,7.40,2.96,true,1,
7290002716419,false,שקד קלוף דרומה 400 ג,דרומה י.א.ט בעמ,IL,שקד קלוף / טחון,גרמים,400.00,100 גרם,false,0,29.90,7.48,true,1,
7290002716426,false,קוקוס,,IL,קוקוס,גרמים,400.00,100 גרם,false,0,9.90,2.48,true,1,
7290002716464,false,אב' סוכר לפסח דרומה,,IL,אב' סוכר לפסח,גרמים,100.00,100 גרם,false,0,2.80,2.80,true,1,
7290002716600,false,דבש דרומה 500 גרם,נחלת ראובן,IL,דבש דבורים טהור,גרמים,500.00,100 גרם,false,0,21.90,4.38,true,1,
7290002716662,false,א.מלך בקליפה500ג,,IL,א.מלך בקליפה500ג,גרמים,500.00,100 גרם,false,0,15.90,3.18,true,1,
7290002716709,false,פקאן בקליפה,,IL,פקאן בקליפה,גרמים,500.00,100 גרם,false,0,29.90,5.98,true,1,
7290002716877,false,קקאו דרומה 500 גרם,ADM COCOA BV,IL,קקאו,גרמים,500.00,100 גרם,false,0,15.90,3.18,true,1,
7290002716945,false,"שוקונית משקה קקאו 1 ק""ג",דרומה י.א.ט בעמ,IL,שוקונית,קילוגרמים,1.00,"ק""ג",false,0,14.90,14.90,true,1,
7290002730811,false,"משחת שיניים ג'ל פסים מרעננים קולגייט 100 מ""ל",הנסיך- מפעל לייצור ט,PL,משחת קולגייט ג'ל,מיליליטרים,100.00,"100 מ""ל",false,0,13.90,13.90,true,1,
7290002730958,false,סבון מוצק בניחוח זיתים ואלוורה פלמוליב 4*100 גרם,הנסיך- מפעל לייצור ט,TR,סבון פלמוליב 4יח,גרמים,360.00,100 גרם,false,0,16.90,4.69,true,1,
7290002739159,false,רולדה בקר קהילות מחיר לפ,,,רולדה בקר,קילוגרמים,0.00,"ק""ג",true,0,64.90,64.90,true,1,
7290002739173,false,גולש עגל קהילות מחיר לפי,,,גולש עגל,קילוגרמים,0.00,"ק""ג",true,0,64.90,64.90,true,1,
7290002739685,false,נקניקיות מרגז 400ג מוכן עטרה,טיבון ויל אחזקות בעמ,IL,נקניקיות מרגז,גרמים,400.00,100 גרם,false,1,19.90,4.98,true,1,
7290002739692,false,נקניקיות צ'וריסוס 500 ג' מוכן עטרה,טיבון ויל אחזקות בעמ,IL,נקניקיות צוריסוס,גרמים,500.00,100 גרם,false,1,24.90,4.98,true,1,
7290002739890,false,עצמות עוף טרי קהילות,קהילות,IL,עצמות עוף טרי,קילוגרמים,0.00,"ק""ג",true,1,9.90,9.90,true,1,
7290002752332,false,"סוכריות מנטוס פירות בגליל, 37.5 גרם",הדקלאים אגודת שיתופי,NL,סוכריות מנטוס,גרמים,37.00,100 גרם,false,0,2.90,7.84,true,1,
7290002753223,false,רביעייה סוכריות תפוז 4*16 ג' טיק טק,פררו - אלבה,ZA,סוכריות טיק טק,גרמים,64.00,100 גרם,false,0,10.90,17.03,true,1,
7290002768036,false,"מי פה תיאדנט ענק מונע עששת 150מ""ל",אמיליה קוסמטיקס,IL,מי פה תיאדנט,מיליליטרים,150.00,"100 מ""ל",false,0,15.90,10.60,true,1,
7290002768043,false,"תיאדנט מי-פה ענק פלאוריד 150 מ""ל",אמיליה קוסמטיקס בע'\'\מ,IL,מי פה תיאדנט,מיליליטרים,150.00,"100 מ""ל",false,0,15.90,10.60,true,1,
7290002768074,false,אל סבון נוזלי רגיל דרמפון 1 ליטר,"אמיליה קוסמטיקס בע""מ",IL,דרמפון אל סבון,ליטרים,1.00,ליטר,false,0,16.90,16.90,true,1,
7290002771104,false,קפה עם הל אל נחלה 500 גרם,מולינו ניקולי s.p.a,IL,קפה עם הל,גרמים,500.00,100 גרם,false,0,29.90,5.98,true,1,
7290002771111,false,קפה עם הל אל נחלה 250 גרם,מולינו ניקולי s.p.a,IL,קפה עם הל,גרמים,250.00,100 גרם,false,0,14.90,5.96,true,1,
7290002771128,false,קפה אלנח'לה בלי הל 250 ג',מולינו ניקולי s.p.a,IL,קפה בלי הל,גרמים,250.00,100 גרם,false,0,15.90,6.36,true,1,
7290002814054,false,סנט מוריץ מתז אנטרטיק מתז 1 ליטר,קומפלקס כימיקלים בעמ,IL,אנטרטיק מרסס,ליטרים,1.00,ליטר,false,1,9.90,9.90,true,1,
7290002814078,false,סנט מוריץ נוזל לניקוי אמבט אנטרטיק 1ל',"קומפלקס כימיקלים בע""",IL,אנטרטיק לאמבט,ליטרים,1.00,ליטר,false,0,8.90,8.90,true,1,
7290002814160,false,מסיר שומנים סנט מוריץ 1ל,קומפלקס כימיקלים בעמ,IL,מסיר שומנים,ליטרים,1.00,ליטר,false,1,18.90,18.90,true,1,
7290002814610,false,סנט מוריץ מסיר שומנים מבושם שחור 1 ליטר,קומפלקס כימיקלים בעמ,IL,מסיר שומנים,ליטרים,1.00,ליטר,false,0,11.90,11.90,true,1,
7290002814870,false,"סנט מוריץ - מרסס מסיר שומנים קר מבושם לוונדר\פרחים 750 מ""ל",קומפלקס כימיקלים בעמ,IL,מסיר שומנים קר,מיליליטרים,750.00,"100 מ""ל",false,1,9.90,1.32,true,1,
7290002824183,false,"גבינה לבנה סקי 500 גרם 5% ""שטראוס"" -מוצר בפיקוח",מיוצר עי קונדיטוריית,IL,גבינת סקי 5%,גרמים,500.00,100 גרם,false,0,8.90,1.78,true,1,
7290002824466,false,יוגורט דנונה ביו לבן 0% שומן 200 גרם,"שטראוס בריאות בע""\מ",IL,יוגורט ביו 0%,גרמים,200.00,100 גרם,false,0,3.50,1.75,true,1,
7290002824640,false,"גבינת סקי 250 גרם 5% ""שטראוס"" -מוצר בפיקוח",מיוצר עי קונדיטוריית,IL,גבינת סקי 5%,גרמים,250.00,100 גרם,false,0,4.50,1.80,true,1,
7290002825722,false,סלט כרוב אדום אחלה 500 גרם,מיוצר עי קונדיטוריית,IL,סלט כרוב אחלה,גרמים,500.00,100 גרם,false,0,13.90,2.78,true,1,
7290002842002,false,פתיתי שיבולת שועל קוואקר אנגלי מורנפלייק,מורנינג פוד,GB,קוואקר אנגלי,גרמים,500.00,100 גרם,false,0,11.90,2.38,true,1,
7290002845157,false,פלפל שיפקה 560 גרם,שימורי הגליל,IL,פלפל שיפקה,גרמים,542.00,100 גרם,false,0,6.90,1.27,true,1,
7290002845256,false,זיתים ירוקים ללא גלע,,,זיתים חרוזית,יחידה,1.00,יחידה,false,0,8.90,8.90,true,1,
7290002862000,false,הררית אריסה טוניסאית,"הררית מזון בע""מ",IL,אריסה תוניסאית,גרמים,250.00,100 גרם,false,0,12.90,5.16,true,1,
7290002862017,false,שום כתוש 250 הררית,"הררית מזון בע""מ",IL,שום כתוש,גרמים,250.00,100 גרם,false,0,12.90,5.16,true,1,
7290002862055,false,לימון כבוש 250 גרם,,IL,לימון כבוש,גרמים,250.00,100 גרם,false,0,12.90,5.16,true,1,
7290002862123,false,סחוג ירוק 150 גר הררית,"הררית מזון בע""מ",IL,סחוג ירוק,גרמים,150.00,100 גרם,false,0,9.90,6.60,true,1,
7290002862277,false,ממרח לימון 200 גרם,הררית מזון בעמ,IL,לימון כבוש,גרמים,200.00,100 גרם,false,0,11.90,5.95,true,1,
7290002862338,false,סחוג אדום 150 גרם,"הררית מזון בע""מ",IL,סחוג אדום,גרמים,150.00,100 גרם,false,0,9.90,6.60,true,1,
7290002862369,false,עמבה בצנצנת,,IL,עמבה בצנצנת,גרמים,250.00,100 גרם,false,0,12.90,5.16,true,1,
7290002862376,false,מעדן עגבניות מיובשות200ג,הררית מזון בעמ,IL,מעדן עגבנ.מיובש,גרמים,200.00,100 גרם,false,1,15.90,7.95,true,1,
7290002862802,false,הררית אריסה בתוספת לימון 250מל,הררית מזון בעמ,IL,אריסה,גרמים,250.00,100 גרם,false,1,12.90,5.16,true,1,
7290002881735,false,לבבות דקל שלם 410 גר תומר,אינקופלמיטו אס.אי,EC,לבבות דקל שלם,גרמים,400.00,100 גרם,false,0,11.90,2.98,true,1,
7290002881742,false,לבבות דקל פרוסות תומר 400 גרם,Inaexpo,EC,לבבות דקל פרוס,גרמים,400.00,100 גרם,false,0,9.90,2.48,true,1,
7290002881872,false,"פטריות חתוכות 290 גרם ""תומר""",,NL,פיטריות חתוכות,גרמים,290.00,100 גרם,false,1,4.90,1.69,true,1,
7290002904694,false,"טיטניום דאודורנט ספריי לגברים 150 מ""ל","אמיליה קוסמטיקס בע""מ",IL,דאודורנט טיטניום,מיליליטרים,180.00,"100 מ""ל",false,0,16.90,9.39,true,1,
7290002922797,false,חזה הודו עטרה טרי אר,שונות,IL,חזה הודו טרי,קילוגרמים,0.00,"ק""ג",true,0,36.90,36.90,true,1,
7290002925798,false,"גם וגם משחת שיניים ירוק מי פה לייט 120 מ""ל",אמיליה קוסמטיקס,IL,גם וגם ירוק,מיליליטרים,120.00,"100 מ""ל",false,0,14.90,12.42,true,1,
7290002939108,false,חזה עוף טרי ארוז עטרה לק,שונות,IL,חזה עוף טרי עטרה,קילוגרמים,0.00,"ק""ג",true,0,34.90,34.90,true,1,
7290002939177,false,גרון הודו טרי ארוז עטרה,שונות,IL,גרון הודו טרי,קילוגרמים,0.00,"ק""ג",true,0,28.90,28.90,true,1,
7290002939498,false,בשר מס' 8 שריר הזרוע עטרה,עטרה,IL,בשר מס8' שריר,קילוגרמים,0.00,"ק""ג",true,0,53.90,53.90,true,1,
7290002939535,false,בשר ראש קפוא עטרה,,IL,בשר ראש קפוא,גרמים,0.00,"ק""ג",true,0,69.90,69.90,true,1,
7290002939542,false,לשון בקר קפוא ב.יוסף קג,עטרה,PY,לשון בקר קפוא,קילוגרמים,0.00,"ק""ג",true,0,62.90,62.90,true,1,
7290002971016,false,"שטיבל סולת חיטה 1 ק""ג","שטיבל בע""מ",IL,"סולת 1 ק""ג",קילוגרמים,1.00,"ק""ג",false,1,4.90,4.90,true,1,
7290002972365,false,קמח תופח שטיבל 13 ללא צורך בניפוי 1 קג,מיוצר עי קונדיטוריית,IL,קמח תופח,קילוגרמים,1.00,"ק""ג",false,1,7.90,7.90,true,1,
7290002972426,false,"קמח חיטה 80% ללא ניפוי שטיבל 1ק""ג",טחנת קמח דגן-שטיבל,IL,קמח חיטה,קילוגרמים,1.00,"ק""ג",false,1,7.90,7.90,true,1,
7290002973676,false,"קמח שטיבל לחלה 18 ללא ניפוי 1 ק""ג",טחנת קמח דגן-שטיבל,IL,קמח חלה,קילוגרמים,1.00,"ק""ג",false,1,7.90,7.90,true,1,
7290002987963,false,"סלט חומוס אחלה 1 ק""ג",מיוצר עי קונדיטוריית,IL,"חומוס אחלה 1 ק""ג",קילוגרמים,1.00,"ק""ג",false,0,13.90,13.90,true,1,
7290003013005,false,פתיליות עגולות לשמן 50 יחידות שלהבת,שלהבת,IL,פתיליות,יחידה,1.00,יחידה,false,0,3.90,3.90,true,1,
7290003013128,false,פתיל צף מתומן כ-50 יחידות שלהבת,שלהבת,IL,פתיל צף גדול מתו,יחידה,1.00,יחידה,false,0,4.90,4.90,true,1,
7290003015627,false,"נוזל רצפות אפרסק 2 ליטר ""ריצפז פרש""","סנו מפעלי ברונוס בע""",IL,ריצפז פרש,ליטרים,2.00,ליטר,false,0,16.90,8.45,true,1,
7290003023196,false,"משקה יטבתה מוקה שקית 225 מ""ל",שטראוס גרופ,IL,מוקה בשקית יטבתה,מיליליטרים,225.00,"100 מ""ל",false,0,2.30,1.02,true,1,
7290003026036,false,"ד""ר פישר - קמיל בלו סנסיטיב אל סבון עדין לתינוק 1 ליטר",פישר מעבדות פרמצבטיות בע,IL,אל סבון קמיל בלו,ליטרים,1.00,ליטר,false,0,23.90,23.90,true,1,
7290003026234,false,"ד""ר פישר - קמיל בלו תחליב לתינוק 500 מ""ל",פישר מעבדות פרמצבטיות בע,IL,קרם גוף לתינוק,גרמים,500.00,100 גרם,false,0,19.90,3.98,true,1,
7290003029181,false,משקה יטבתה שוקו' בקבוק 1ל מהדרין,שטראוס גרופ,IL,שוקו יטבתה,ליטרים,1.00,ליטר,false,0,11.90,11.90,true,1,
7290003029372,false,משקה חלב בטעם בננה יטבתה 1 ליטר,שטראוס גרופ,IL,משקה חלב בננה,ליטרים,1.00,ליטר,false,0,11.90,11.90,true,1,
7290003029389,false,"משקה חלב בננה פקק ספורט 250 מ""ל יוטבתה",שטראוס גרופ,IL,משקה בננה,מיליליטרים,250.00,"100 מ""ל",false,0,5.30,2.12,true,1,
7290003029433,false,"משקה יטבתה שוקו פקק 250 מ""ל מהדרין",שטראוס גרופ,IL,שוקו יטבתה,מיליליטרים,250.00,"100 מ""ל",false,0,5.30,2.12,true,1,
7290003029532,false,מוקה בבקבוק יטבתה 1 ליטר מהדרין,שטראוס גרופ,IL,מוקה יטבתה בקבוק,ליטרים,1.00,ליטר,false,0,11.90,11.90,true,1,
7290003029617,false,שמנת מנה אישית 100 גרם מהדרין,שטראוס גרופ,IL,שמנת מנה אישית,מיליליטרים,100.00,"100 מ""ל",false,0,1.90,1.90,true,1,
7290003029792,false,"משקה יטבתה שוקו שקיות מהדרין מארז 225X8מ""ל",שטראוס גרופ,IL,שקיות שוקו 8 יח',ליטרים,1.80,ליטר,false,0,18.90,10.50,true,1,
7290003029815,false,כד חלב 3% יטבתה 2 ליטר מהדרין,שטראוס גרופ,IL,חלב מועשר יטבתה,ליטרים,2.00,ליטר,false,0,14.90,7.45,true,1,
7290003029884,false,"מוקה בשקית יטבתה 225 מ""ל מארז 6 יחידות",שטראוס גרופ,IL,משקה מוקה 6X,ליטרים,1.50,ליטר,false,0,15.90,10.60,true,1,
7290003029907,false,אייס קפה יטבתה 1 ליטר מהדרין,שטראוס גרופ,IL,אייס קפה יטבתה,ליטרים,1.00,ליטר,false,0,11.90,11.90,true,1,
7290003031757,false,פסטרמה הודו בפפריקה מחפוד טירת צבי 400 גרם,טיב טירת צבי 2000,IL,פסטרמה בפפריקה,גרמים,400.00,100 גרם,false,0,29.90,7.48,true,1,
7290003031818,false,פסטרמה שום וצ'ילי פיקנטי מחפוד טירת צבי 400 גרם,טיב טירת צבי 2000,IL,פסטרמה שום וצילי,גרמים,400.00,100 גרם,false,0,29.90,7.48,true,1,
7290003069682,false,בצק פילאס קפוא 500 גרם שלושת האופים,שלושת האופים שגמור,IL,בצק פילאס,גרמים,500.00,100 גרם,false,0,19.90,3.98,true,1,
7290003072521,false,כתף בקר מעושן מחפוד טירת צבי 300 גרם,טיב טירת צבי 2000,IL,כתף בקר מעושנת,גרמים,300.00,100 גרם,false,1,29.90,9.97,true,1,
7290003107247,false,שמרים יבשים אינסטנט33גרם,שטיבל,IL,שמרים יבשים,גרמים,33.00,100 גרם,false,0,5.80,17.58,true,1,
7290003107353,false,משפר אפיה ביתי שטיבל 30 גרם,ט.ק דגן טכנולוגיות ב,IL,משפר אפייה ביתי,גרמים,30.00,100 גרם,false,0,5.90,19.67,true,1,
7290003121083,false,ארוחת נודלס בטעם בשר בשקית מג'יק 85 גרם,טאט הוי פוד בעמ,SG,ארוחת נודלס,גרמים,85.00,100 גרם,false,0,2.90,3.41,true,1,
7290003121106,false,ארוחת נודלס טעם עוף בשקית מג'יק 85 גרם,"טאט פוד הוי בע""מ",SG,ארוחת נודלס,גרמים,85.00,100 גרם,false,0,2.90,3.41,true,1,
7290003158980,false,מארז פיתה פרנה 3יח180*גר,מאפיית אורן משי,IL,פיתה פרנה,גרמים,540.00,100 גרם,false,0,10.90,2.02,true,1,
7290003203086,false,גרונות הודיות-במגש-קפוא,מ ב גלאט עוף למהדרין,IL,גרונות הודיות,קילוגרמים,0.00,"ק""ג",true,0,39.90,39.90,true,1,
7290003217014,false,דגנית עין בר פיתות מזרחיות 5 יח' 500ג',יוניליוור גרמניה Gm,IL,פיתות 5 יח',יחידה,1.00,יחידה,false,0,5.90,5.90,true,1,
7290003220533,false,"רוטב צ'ילי מתוק ווק 700 מ""ל",תאי פרידה אינדסטרי ב,TH,רוטב צ'ילי מתוק,מיליליטרים,700.00,"100 מ""ל",false,0,12.90,1.84,true,1,
7290003220717,false,WOK אצות נורי סילבר 10 יחידות,ג'י וואן גלובול נאט,KR,אצות נורי לסושי,גרמים,22.00,100 גרם,false,0,9.90,45.00,true,1,
7290003220755,false,"WOK רוטב סויה כהה 640 מ""ל",ליאנג סאנג האנד הואד,TH,רוטב סויה כהה,מיליליטרים,640.00,"100 מ""ל",false,0,11.90,1.86,true,1,
7290003222070,false,פיתות חומרים טבעי100*13ג,מאפיית המכבים,IL,פיתות 13 יח,קילוגרמים,1.30,"ק""ג",false,1,9.90,7.62,true,1,
7290003222780,false,פיתות מקמח מלא מאפיית המכבים 5 יחידות,מאפיית המכבים,IL,פיתה כפרית 5 יח,גרמים,500.00,100 גרם,false,0,6.30,1.26,true,1,
7290003268245,false,חלה מתוקה המיוחדת של עינת 500ג' דגנית עין בר,דגנית עין בר תעשיות מזון,IL,המיוחדת של עינת,גרמים,500.00,100 גרם,false,1,11.90,2.38,true,1,
7290003268252,false,לחם חיטה מלא לילדים 750 ג' דגנית עין בר,דגנית עין בר תעשיות מזון,IL,לחם חיטה מלא,גרמים,750.00,100 גרם,false,1,13.90,1.85,true,1,
7290003268429,false,לחם ירוק מקמח מלא 750 ג' דגנית עין בר,דגנית עין בר תעשיות מזון,IL,לחם ירוק קמח מלא,גרמים,750.00,100 גרם,false,0,12.90,1.72,true,1,
7290003268641,false,חלה מתוקה מיוחדת דגנית 500 גרם,דגנית עין בר תעשיות מזון,IL,המיוחדת של עינת,גרמים,500.00,100 גרם,false,1,11.90,2.38,true,1,
7290003321155,false,יוגורט בר עם פקאן מצופה שוקולד 183 ג' דנונה,"שטראוס בריאות בע""\מ",IL,דנונה בר פקאן,גרמים,183.00,100 גרם,false,0,4.90,2.68,true,1,
7290003321292,false,גבינה לבנה 9% שומן 250 ג' שטראוס,מיוצר עי קונדיטוריית,IL,גבינת סקי 9%,גרמים,250.00,100 גרם,false,0,4.50,1.80,true,1,
7290003331444,false,מפות שולחן ניילון 18 יח',טופ פלסט שיווק 2006,IL,מפת שולחן ניילון,יחידה,1.00,יחידה,false,0,16.90,16.90,true,1,
7290003397136,false,בדית תחבושות 18 יחידות,כ.כיפות שיווק וסחר,IL,בדית תחבושות 8,יחידה,1.00,יחידה,false,0,6.90,6.90,true,1,
7290003427154,false,"שמן זית כתית מעולה טעם מעודן זיתא 750 מ""ל",זיתא תעשיות שמן זיתt\,IL,שמן זית כתית,מיליליטרים,750.00,"100 מ""ל",false,0,32.90,4.39,true,1,
7290003478002,false,סחוג אדום של רומיה 150 גר,הסחוג הביתי של רומיה,IL,סחוג אדום 150גרם,גרמים,150.00,100 גרם,false,1,9.90,6.60,true,1,
7290003478019,false,סחוג ירוק של רומיה 150 גר,הסחוג הביתי של רומיה,IL,סחוג ירוק 150גרם,גרמים,150.00,100 גרם,false,1,9.90,6.60,true,1,
7290003478040,false,עמבה של רומיה 250 גרם,הסחוג הביתי של רומיה,IL,עמבה 250גר,גרמים,250.00,100 גרם,false,1,9.90,3.96,true,1,
7290003478132,false,פלפל צומה של רומיה 250 גר,הסחוג הביתי של רומיה,IL,פלפל צ'ומה 250גר,גרמים,250.00,100 גרם,false,1,9.90,3.96,true,1,
7290003478149,false,אריסה של רומיה 250גרם,הסחוג הביתי של רומיה,IL,אריסה 250גרם,גרמים,250.00,100 גרם,false,1,9.90,3.96,true,1,
7290003478156,false,שום כתוש של רומיה 250 גר,הסחוג הביתי של רומיה,IL,שום כתוש 250גרם,גרמים,250.00,100 גרם,false,1,11.90,4.76,true,1,
7290003478200,false,לימון בלדי של רומיה 250 גר,הסחוג הביתי של רומיה,IL,לימון בלאדי250גר,גרמים,250.00,100 גרם,false,1,9.90,3.96,true,1,
7290003521760,false,"פישר אפטרסול ג'ל אלוורה להרגעת העור, 200 מ""ל",פישר מעבדות פרמצבטיות בע,IL,ג'ל אלוורה,מיליליטרים,200.00,"100 מ""ל",false,0,19.90,9.95,true,1,
7290003525461,false,סלט טונה פיקנטי ויליגר 160 גרם,ויליגר,IL,סלט טונה פיקנטי,גרמים,160.00,100 גרם,false,0,4.90,3.06,true,1,
7290003584192,false,שירותון ראטן 1 יחידה,,IL,שירותון ראטן,יחידה,1.00,יחידה,false,1,24.90,24.90,true,1,
7290003593149,false,בשר מס 4 צרכני אשפר חלק,,UY,בשר מס 4,קילוגרמים,0.00,"ק""ג",true,1,32.90,32.90,true,1,
7290003593545,false,ירכיים עוף קפוא,קורניש,IL,ירכיים עוף קפוא,קילוגרמים,0.00,"ק""ג",true,1,32.90,32.90,true,1,
7290003593552,false,כרעיים עוף קפוא,קורניש,IL,כרעיים עוף קפוא,קילוגרמים,0.00,"ק""ג",true,1,34.90,34.90,true,1,
7290003593569,false,כבד עוף קפוא,קורניש,IL,כבד עוף קפוא,קילוגרמים,0.00,"ק""ג",true,1,29.90,29.90,true,1,
7290003593576,false,כנפיים עוף קפוא,קורניש,IL,כנפיים עוף קפוא,קילוגרמים,0.00,"ק""ג",true,1,14.90,14.90,true,1,
7290003593583,false,לבבות עוף קפוא,קורניש,IL,לבבות עוף קפוא,קילוגרמים,0.00,"ק""ג",true,1,32.90,32.90,true,1,
7290003593620,false,עוף קפוא מס' 2 אשפר,קורניש,IL,עוף קפוא מס' 2,קילוגרמים,0.00,"ק""ג",true,1,23.90,23.90,true,1,
7290003593651,false,שוקיים עוף קפוא,קורניש,IL,שוקיים עוף קפוא,קילוגרמים,0.00,"ק""ג",true,1,35.90,35.90,true,1,
7290003593668,false,שניצל עוף קפוא,קורניש,IL,שניצל עוף קפוא,קילוגרמים,0.00,"ק""ג",true,1,39.90,39.90,true,1,
7290003643004,false,"סוגת אורז בסמטי קלאסי 1 ק""ג",האי נאם סי או אל.טי.,IL,אורז בסמטי קלאסי,קילוגרמים,1.00,"ק""ג",false,0,13.90,13.90,true,1,
7290003643646,false,"סוכר דמררה קלאסי בצנצנת סוגת 1 ק""ג",האי נאם סי או אל.טי.,IL,סוכר דמררה,קילוגרמים,1.00,"ק""ג",false,0,9.90,9.90,true,1,
7290003643745,false,סוגת כוסמת 500 גרם,האי נאם סי או אל.טי.,IL,כוסמת,גרמים,500.00,100 גרם,false,0,7.90,1.58,true,1,
7290003681174,false,"צימוקים שחורים 200 ג' בד""ץ מיה",מיה תעשיות מזון מ.ת.מ. ב,IL,צמוקים שחורים,גרמים,200.00,100 גרם,false,0,8.90,4.45,true,1,
7290003681228,false,עלי דפנה בצנצנת מיה 10 גרם,מיה תעשיות מזון מ.ת.מ. ב,IL,עלי דפנה,גרמים,10.00,100 גרם,false,0,6.90,69.00,true,1,
7290003681235,false,פלפל אנגלי בצנצנת מיה 50 גרם,מיה תעשיות מזון מ.ת.מ. ב,IL,פלפל אנגלי,גרמים,50.00,100 גרם,false,0,6.90,13.80,true,1,
7290003681242,false,זעתר בצנצנת מיה 50 גרם,מיה תעשיות מזון מ.ת.מ. ב,IL,זעתר,גרמים,50.00,100 גרם,false,0,6.90,13.80,true,1,
7290003681303,false,שעועית מעורבת יבשה מיה 500 גר',מיה תעשיות מזון מ.ת.מ. ב,IL,שעועית מעורבת,גרמים,500.00,100 גרם,false,0,7.90,1.58,true,1,
7290003681365,false,קישוט לעוגה צבעוני בבצנצנת מיה 80 גרם,מיה תעשיות מזון מ.ת.מ. ב,IL,קישוטי עוגה,גרמים,70.00,100 גרם,false,0,4.90,7.00,true,1,
7290003681532,false,דובדבנים מסוכרים 80 גר' מיה,מיה תעשיות מזון מ.ת.מ. ב,IL,דובדבנים מסוכרים,גרמים,80.00,100 גרם,false,0,6.90,8.63,true,1,
7290003681693,false,חומוס לבן ענק יבש מיה 500 גר',מיה תעשיות מזון מ.ת.מ. ב,IL,חומוס לבן ענק,גרמים,500.00,100 גרם,false,0,9.90,1.98,true,1,
7290003681716,false,גריסי פנינה מיה 500 גרם,מיה תעשיות מזון מ.ת.מ. ב,IL,גריסי פנינה,גרמים,500.00,100 גרם,false,0,4.90,0.98,true,1,
7290003681723,false,תבלין לפיצה בצנצנת מיה 80 גרם,מיה תעשיות מזון מ.ת.מ. ב,IL,תבלין לפיצה,גרמים,80.00,100 גרם,false,0,6.90,8.63,true,1,
7290003681730,false,תבלין לגריל דג מיה 80 גרם,מיה תעשיות מזון מ.ת.מ. ב,IL,תבלין גריל דג,גרמים,80.00,100 גרם,false,0,6.90,8.63,true,1,
7290003681747,false,תבלין גריל בשר בשקית 80 גר' מיה,מיה תעשיות מזון מ.ת.מ. ב,IL,תבלין גריל בשר,גרמים,80.00,100 גרם,false,0,6.90,8.63,true,1,
7290003681754,false,אבקת קארי בצנצנת מיה 80 גרם,מיה תעשיות מזון מ.ת.מ. ב,IL,קארי,גרמים,80.00,100 גרם,false,0,5.70,7.13,true,1,
7290003681761,false,גבישי שום בצנצנת מיה 80 גרם,מיה תעשיות מזון מ.ת.מ. ב,IL,גבישי שום,גרמים,80.00,100 גרם,false,0,8.90,11.13,true,1,
7290003681792,false,סוכריות טופי בטעם פירות מיה 850 גרם,מיה תעשיות מזון מ.ת.מ. ב,IL,סוכריות טופי,גרמים,850.00,100 גרם,false,0,13.70,1.61,true,1,
7290003681945,false,"מיץ לימון סחוט רכיבים טבעיים מיה 500 מ""ל",מיה,IL,מיץ לימון 100%,מיליליטרים,500.00,"100 מ""ל",false,0,9.90,1.98,true,1,
7290003718627,false,פול ירוק 400 גרם (ממותג),פספרוסט,EG,פול ירוק מצרי,גרמים,400.00,100 גרם,false,1,8.90,2.23,true,1,
7290003726592,false,טופו מתובל בפסטו במרקם קלאסי,"משק ויילר בע""\מ",IL,טופו בטעם פסטו,גרמים,300.00,100 גרם,false,1,11.90,3.97,true,1,
7290003726615,false,"טופו ויילר 300 גרם ""שטראוס""",הדקלאים אגודת שיתופי,IL,טופו ויילר,גרמים,300.00,100 גרם,false,1,11.90,3.97,true,1,
7290003726684,false,טופו חומוס בטעם טבעי 300 ג' משק ויילר,הנסיך- מפעל לייצור ט,IL,טופו חומוס,גרמים,300.00,100 גרם,false,1,12.90,4.30,true,1,
7290003751112,false,"עוף טחון 500 גר' קפוא בד""ץ",גלאט עוף,IL,"עוף טחון עד""ח",גרמים,500.00,100 גרם,false,0,24.90,4.98,true,1,
7290003751204,false,רולדה הודו גלאט עוף,מ ב גלאט עוף למהדרין,IL,רולדה הודו,קילוגרמים,0.00,"ק""ג",true,0,54.90,54.90,true,1,
7290003751242,false,הודו טחון גלאט 500 גרם,מ ב גלאט עוף למהדרין,IL,הודו טחון 500גר,גרמים,500.00,100 גרם,false,0,24.90,4.98,true,1,
7290003751372,false,עצמות מח בקר-קמעונאי-קפוא,,IL,עצמות מח,גרמים,0.00,"ק""ג",true,1,54.90,54.90,true,1,
7290003751457,false,כנפיים הודיות-במגש-קפוא,מ ב גלאט עוף למהדרין,IL,כנפיים הודיות,קילוגרמים,0.00,"ק""ג",true,0,19.90,19.90,true,1,
7290003751563,false,גרונות הודו-במגש-קפוא,מ ב גלאט עוף למהדרין,IL,"גרון הודו עד""ח",קילוגרמים,0.00,"ק""ג",true,0,39.90,39.90,true,1,
7290003751594,false,שוקיים הודיות קפוא במגש,גלאט עוף,IL,שוקיים הודיות,קילוגרמים,0.00,"ק""ג",true,0,29.90,29.90,true,1,
7290003804368,false,"תיבוליות בזיליקום קנור 72 גרם בד""צ",יוניליוור ישראל מזון בע\,IL,תיבוליות קנור,גרמים,72.00,100 גרם,false,0,11.90,16.53,true,1,
7290003805501,false,"פתית שוודי חסכוני בד""צ 300 גרם",יוניליוור ישראל מזון בע\,IL,פתית קרקר שוודי,גרמים,300.00,100 גרם,false,0,19.90,6.63,true,1,
7290003807482,false,קנור רוטב טריאקי מופחת נתרן 370 גרם,יוניליוור ישראל מזון בע\,IL,רוטב טריאקי,גרמים,300.00,100 גרם,false,0,12.90,4.30,true,1,
7290003882922,false,עלי גפן ממולאים באורז וילי פוד 360 גרם,הזה פלאקספו פוד קו ב,CN,עלי גפן ממולאים,גרמים,400.00,100 גרם,false,0,8.90,2.23,true,1,
7290003893027,false,מרלוזה ארוז קפוא וונירפוד,פארגיפקו דל סאדסטה,AR,פילה מרלוזה,קילוגרמים,0.00,"ק""ג",true,0,29.90,29.90,true,1,
7290003893690,false,"פילה אמנון בד""ץ מחיר לפי",ג.עופר,IL,פילה אמנון 5-7,קילוגרמים,0.00,"ק""ג",true,1,29.90,29.90,true,1,
7290003893843,false,פילה אמנון ללא עור 7,איינן צ'דקסין,CN,פילה אמנון,קילוגרמים,0.00,"ק""ג",true,1,34.90,34.90,true,1,
7290003989096,false,סלט חצילים פיקנטי אחלה 500 גרם,מיוצר עי קונדיטוריית,IL,חציל פיקנטי אחלה,גרמים,500.00,100 גרם,false,0,15.90,3.18,true,1,
7290003989539,false,לורנצו רביולי במילוי גבינה,מיוצר עי קונדיטוריית,IL,רביולי גבינה,גרמים,400.00,100 גרם,false,0,19.90,4.98,true,1,
7290003989553,false,פסטה טורטליני גבינה ופטריות 400 גרם,מיוצר עי קונדיטוריית,IL,טורטליני פטריות,גרמים,400.00,100 גרם,false,0,19.90,4.98,true,1,
7290004011284,false,"ריץ' בסיס להכנת קצפת 212 מ""ל",ריצ' פרודקטס קורפריי,US,ריצ' להכנת קצפת,מיליליטרים,212.00,"100 מ""ל",false,0,7.90,3.73,true,1,
7290004011291,false,"קצפת ריץ' בסיס קרטונית 425 מ""ל",ריצ' פרודקטס קורפורי,US,בסיס להכנת קצפת,מיליליטרים,425.00,"100 מ""ל",false,0,15.90,3.74,true,1,
7290004011345,false,"ספריי קצפת מתוקה מוכנה פרווה ריץ' 238 מ""ל",האי נאם סי או אל.טי.,IT,קצפת מתוקה,גרמים,250.00,100 גרם,false,0,10.90,4.36,true,1,
7290004030018,false,"מיץ לימון סחוט לסלטים 500 מ""ל פרי העץ",הנסיך- מפעל לייצור ט,IL,מיץ לימון לתיבול,מיליליטרים,500.00,"100 מ""ל",false,0,6.90,1.38,true,1,
7290004030100,false,מיץ תפוזים סחוט ולנסיה 1 ליטר,פרי ניב,IL,מיץ תפוזי ולנסיה,ליטרים,1.00,ליטר,false,1,15.70,15.70,true,1,
7290004030216,false,משקה בטעם חמוציות 1 ליטר פריניב,פריניב בעמ,IL,נקטר חמוציות,ליטרים,1.00,ליטר,false,1,11.70,11.70,true,1,
7290004030612,false,"מיץ תפוח, קיווי אגס ללא תוספת סוכר 1 ליטר פרי ניב",פריניב בעמ,IL,משקה תפוח קיווי,ליטרים,1.00,ליטר,false,0,14.90,14.90,true,1,
7290004030810,false,שייק 100% בננה פסיפלורה תפוז מופחת סוכר1,פריניב בעמ,IL,מיץ פריניב,מיליליטרים,1000.00,"100 מ""ל",false,1,18.70,1.87,true,1,
7290004030834,false,מיץ רימונים סחוט 100% רכיבים טבעיים פרי ניב 1 ליטר,פריניב בעמ,IL,מיץ רימונים,ליטרים,1.00,ליטר,false,0,20.90,20.90,true,1,
7290004033705,false,הבורגריה – 6 לחמניות המבורגר בשקית,מאפית י את א ברמן בע,IL,לחמניות 6 יח',גרמים,600.00,100 גרם,false,1,12.90,2.15,true,1,
7290004033736,false,"עננים לחם לבן בסגנון בריוש עם פרוסות עבות, 500 גרם",מאפית י את א ברמן בע,IL,לחם עננים בריוש,גרמים,500.00,100 גרם,false,1,15.90,3.18,true,1,
7290004063016,false,"מלח שולחן דק סלית 1 ק""ג בדץ",האי נאם סי או אל.טי.,IL,מלח שולחן,קילוגרמים,1.00,"ק""ג",false,0,1.50,1.50,true,1,
7290004063115,false,"מלח מטבח עבה להמלחת בשר ובישול 1 ק""ג",האי נאם סי או אל.טי.,IL,מלח מטבח גס,קילוגרמים,1.00,"ק""ג",false,0,1.80,1.80,true,1,
7290004064297,false,"מלח מועשר ביוד בצנצנת מלח הארץ 1 ק""ג","חברת מלח הארץ אילת בע""\מ",IL,מלח מועשר ביוד,קילוגרמים,1.00,"ק""ג",false,1,9.90,9.90,true,1,
7290004078270,false,נוזל לניקוי כלים בריח לימון פלמוליב 1 ליטר,יבואן ומשווק: ש. שסט,GR,פלמוליב לכלים,ליטרים,1.00,ליטר,false,0,12.90,12.90,true,1,
7290004078690,false,"גל אקונומיקה אגקס ניחוח רענן 750 מ""ל",הנסיך- מפעל לייצור ט,GR,אג'קס מרענן,מיליליטרים,750.00,"100 מ""ל",false,0,10.90,1.46,true,1,
7290004091217,false,"גודרדס, חומר לניקוי והברקת כלי כסף 144 מל",אס סי גונסון פורטוגל,PT,נוזל ניקוי כסף,מיליליטרים,125.00,"100 מ""ל",false,0,14.90,11.92,true,1,
7290004119225,false,יופלה יוגורט אננס %3 גביע 150 גרם,תנובה מרכז שיתופי לש,IL,יופלה אננס 3%,גרמים,150.00,100 גרם,false,0,4.90,3.27,true,1,
7290004119522,false,"משקה תנובה שוקו 2% קרלו שקית 225מ""ל",תנובה חלב,IL,שוקו בשקית,מיליליטרים,225.00,"100 מ""ל",false,0,2.80,1.24,true,1,
7290004119928,false,מעדן חלב בטעם וניל 2% קרלו תנובה 125 גרם,מחלבת אלון תבור,IL,מעדן קרלו וניל3%,גרמים,125.00,100 גרם,false,0,2.70,2.16,true,1,
7290004119973,false,קרלו מעדן שוקו רביעיה גביע 1.5% 125 גרם,תנובה מרכז שיתופי לש,IL,קרלו שוקולדה,גרמים,125.00,100 גרם,false,0,2.70,2.16,true,1,
7290004120061,false,מעדן חלב בטעם שוקו וניל שוניל 2% קרלו 125 גרם,תנובה מרכז שיתופי לש,IL,מעדן קרלו שוניל,גרמים,125.00,100 גרם,false,0,2.80,2.24,true,1,
7290004120108,false,יופלה דיאט יוגורט דובדבן %0 גביע 150גרם,תנובה מרכז שיתופי לש,IL,יופלה דיאט 0%,גרמים,150.00,100 גרם,false,0,4.90,3.27,true,1,
7290004120283,false,"שוקו תנובה בד""צ בשקית 225 מ""ל",תנובה חלב,IL,שוקו בשקית,מיליליטרים,225.00,"100 מ""ל",false,0,2.70,1.20,true,1,
7290004120566,false,פיראוס 24% גבינה בולגרית 250 גרם,תנובה חלב,IL,גבינה בולגרית24%,גרמים,250.00,100 גרם,false,0,19.90,7.96,true,1,
7290004120634,false,גבינה פיראוס בולגרית 5% 250 גרם,תנובה מרכז שיתופי לש,IL,גבינה בולגרית5%,גרמים,250.00,100 גרם,false,0,22.90,9.16,true,1,
7290004120832,false,"חלב 2 ליטר 3% כד ""תנובה""- מוצר בפיקוח",תנובה מרכז שיתופי לש,IL,חלב שתיה 3%,ליטרים,2.00,ליטר,false,0,12.40,6.20,true,1,
7290004121488,false,יופלה דיאט אפרסק 0% גביע 150 גרם,תנובה מרכז שיתופי לש,IL,יופלה דיאט אפרסק,גרמים,150.00,100 גרם,false,0,4.90,3.27,true,1,
7290004121754,false,יוגורט ביו עוגת גבינה ותות 3% יופלה 150 גרם,תנובה חלב,IL,יופלה קרם גבינה,גרמים,150.00,100 גרם,false,0,4.90,3.27,true,1,
7290004121853,false,גבינה בולגרית פיראוס 5% קוביות 200 גרם,תנובה מרכז שיתופי לש,IL,קוביות בולגרית5%,גרמים,200.00,100 גרם,false,0,20.90,10.45,true,1,
7290004122195,false,גוש חלב גבינה צהובה פרוסה 28% תנובה 200 גרם,תנובה חלב,IL,גבינה גוש חלב,גרמים,200.00,100 גרם,false,0,12.90,6.45,true,1,
7290004122348,false,גבינת עמק לייט פרוס בקופסא 200 גרם,תנובה מרכז שיתופי לש,IL,גבינת עמק 9%,גרמים,200.00,100 גרם,false,0,15.90,7.95,true,1,
7290004122676,false,גבינת חמד לייט 5% פיראוס 250 ג',"תנובה,מחלבת טנא נוגה",IL,גבינת חמד לייט5%,גרמים,250.00,100 גרם,false,0,17.90,7.16,true,1,
7290004124205,false,יופלה דיאט יוגורט תות %0 גביע 150 גרם,תנובה מרכז שיתופי לש,IL,יופלה דיאט תות0%,גרמים,150.00,100 גרם,false,0,4.90,3.27,true,1,
7290004124847,false,"קצפת צמחית השף הלבן 500 מ""ל תנובה",תנובה מרכז שיתופי לש,IL,קצפת צמחית,מיליליטרים,500.00,"100 מ""ל",false,0,17.90,3.58,true,1,
7290004125370,false,"שמנת חמוצה 9% מופחתת שומן תנובה 200 מ""ל מהדרין",תנובה מרכז שיתופי לש,IL,שמנת חמוצה 9%,מיליליטרים,200.00,"100 מ""ל",false,0,3.40,1.70,true,1,
7290004125400,false,"אשל שלי מהדרין 200 מ""ל 4.5% ""תנובה""- מוצר בפיקוח",פארייפאבה אגרואינדוס,IL,אשל 4.5% שומן,מיליליטרים,200.00,"100 מ""ל",false,0,1.60,0.80,true,1,
7290004125417,false,"גיל 3% שלי 200 מ""ל ""תנובה"" -מוצר בפיקוח",תנובה מרכז שיתופי לש,IL,גיל לבן 3%שומן,מיליליטרים,200.00,"100 מ""ל",false,0,1.50,0.75,true,1,
7290004125455,false,"שמנת חמוצה 200 מ""ל 15% ""תנובה"" -מוצר בפיקוח",תנובה מרכז שיתופי לש,IL,שמנת תנובה 15%,מיליליטרים,200.00,"100 מ""ל",false,0,2.40,1.20,true,1,
7290004125462,false,"שמנת חמוצה 15% תנובה 500 מ""ל מהדרין",תנובה מרכז שיתופי לש,IL,שמנת חמוצה 15%,מיליליטרים,500.00,"100 מ""ל",false,0,5.90,1.18,true,1,
7290004125509,false,"שמנת חמוצה 15% מועשרת תנובה 100 מ""ל",תנובה מרכז שיתופי לש,IL,שמנת חמוצה 15%,מיליליטרים,100.00,"100 מ""ל",false,0,1.70,1.70,true,1,
7290004125578,false,משקה סויה מעושר בסידן תנובה 1ל',תנובה מרכז שיתופי לש,IL,משקה סויה,ליטרים,1.00,ליטר,false,0,9.90,9.90,true,1,
7290004125585,false,משקה סויה בטעם וניל תנובה 1 ליטר,תנובה מרכז שיתופי לש,IL,משקה סויה וניל,ליטרים,1.00,ליטר,false,0,9.90,9.90,true,1,
7290004125738,false,שמנת מתוקה להקצפה32% 250מל עמיד השף הלבן,תנובה מרכז שיתופי לש,IL,שמנת להקצפה32%,מיליליטרים,250.00,"100 מ""ל",false,0,5.90,2.36,true,1,
7290004126759,false,יוגורט דיאט יופלה פירות יער 150 גרם,תנובה חלב,IL,יופלה דיאט,גרמים,150.00,100 גרם,false,0,4.90,3.27,true,1,
7290004126872,false,"שוקו תנובה בבקבוק 250 מ""ל תנובה",תנובה חלב,IL,שוקו בקבוק,מיליליטרים,250.00,"100 מ""ל",false,0,5.40,2.16,true,1,
7290004127077,false,קוטג תנובה 3% גביע 250 גרם מהדרין,מיוצר עי קונדיטוריית,IL,קוטג' 3% שומן,גרמים,250.00,100 גרם,false,0,5.50,2.20,true,1,
7290004127336,false,קוטג תנובה גביע 250 גרם %9 ו.מהדרין,מיוצר עי קונדיטוריית,IL,קוטג' תנובה 9%,גרמים,250.00,100 גרם,false,0,5.50,2.20,true,1,
7290004127800,false,"גבינה לבנה 500 גרם 5% ""תנובה"" -מוצר בפיקוח",מיוצר עי קונדיטוריית,IL,גבינה לבנה 5%,גרמים,500.00,100 גרם,false,0,9.80,1.96,true,1,
7290004127817,false,גבינה לבנה 9% שומן 500 ג' תנובה,מיוצר עי קונדיטוריית,IL,גבינה לבנה 9%,גרמים,500.00,100 גרם,false,0,8.90,1.78,true,1,
7290004127862,false,גבינה לבנה 5% שומן 750 ג' תנובה,תנובה מרכז שיתופי לש,IL,גבינה לבנה 5%,גרמים,750.00,100 גרם,false,0,14.70,1.96,true,1,
7290004127916,false,גבינה לבנה 0.5% שומן 500 ג' תנובה,תנובה מרכז שיתופי לש,IL,גבינה 0.5%,גרמים,500.00,100 גרם,false,0,8.90,1.78,true,1,
7290004129101,false,גבינת שמנת 25% בטעם טבעי 225 ג' נפוליאון,תנובה מרכז שיתופי לש,IL,גבינת נפוליאון,גרמים,225.00,100 גרם,false,0,13.90,6.18,true,1,
7290004129118,false,גבינת שמנת 24% עם זיתים ירוקים 225 ג' נפוליאון,תנובה מרכז שיתופי לש,IL,גבינת נפוליאון,גרמים,225.00,100 גרם,false,0,13.90,6.18,true,1,
7290004129156,false,גבינת שמנת25% עם שום שמיר 225 ג' נפוליאון,תנובה מרכז שיתופי לש,IL,גבינת נפוליאון,גרמים,225.00,100 גרם,false,0,13.90,6.18,true,1,
7290004129767,false,"3% 'יופלה לבן מארז שמינייה 1.2 ק""ג",מחלבת אלון תבור,IL,יופלה לבן 3%,קילוגרמים,1.20,"ק""ג",false,0,16.90,14.08,true,1,
7290004130794,false,משקה סויה במתיקות מופחתת תנובה 1 ליטר,תנובה מרכז שיתופי לש,IL,משקה סויה,ליטרים,1.00,ליטר,false,0,9.90,9.90,true,1,
7290004130916,false,יוגורט יופלה פירות יער בשמנת 3% 150 גרם,תנובה מרכז שיתופי לש,IL,יופלה פירות יער,גרמים,150.00,100 גרם,false,0,4.90,3.27,true,1,
7290004131074,false,"חלב 1 ליטר 3% קרטון ""תנובה""- מוצר בפיקוח",תנובה מרכז שיתופי לש,IL,חלב בקרטון 3%,ליטרים,1.00,ליטר,false,0,6.20,6.20,true,1,
7290004131227,false,גבינה לבנה 3% שומן 500 גרם מהדרין,תנובה מרכז שיתופי לש,IL,גבינה לבנה 3%,גרמים,500.00,100 גרם,false,0,8.90,1.78,true,1,
7290004131814,false,גבינה צפתית 5% מעודנת 200 ג' פיראוס,פארייפאבה אגרואינדוס,IL,צפתית 5% פיראוס,גרמים,200.00,100 גרם,false,0,14.90,7.45,true,1,
7290004132231,false,"חלב מיוחד לקפה 3% תנובה קרטון 800 מ""ל","תנובה, מחלבת רחובות",IL,משקה חלב לקפה,מיליליטרים,800.00,"100 מ""ל",false,0,6.90,0.86,true,1,
7290004132552,false,משקה סויה בטעם טבעי לייט תנובה 1 ליטר,תנובה מרכז שיתופי לש,IL,משקה סויה,ליטרים,1.00,ליטר,false,0,9.90,9.90,true,1,
7290004132712,false,חטיף אצבעות גבינת מוצרלה 20% 172 ג' עמק,תנובה מרכז שיתופי לש,IL,אצבעות מוצרלה,גרמים,172.00,100 גרם,false,0,16.10,9.36,true,1,
7290004132903,false,גבינה לבנה 3% מהדרין תנובה 250 גרם,תנובה מרכז שיתופי לש,IL,גבינה לבנה 3%,גרמים,250.00,100 גרם,false,0,4.60,1.84,true,1,
7290004133511,false,יופלה מאגדת לבן 1.5% מעודן 8 יח' * 150 ג',מיוצר עי קונדיטוריית,IL,יופלה מעודן 8 יח,קילוגרמים,1.20,"ק""ג",false,0,19.90,16.58,true,1,
7290004134945,false,יוגורט מוקה 3% שומן 150 ג' יופלה,תנובה מרכז שיתופי לש,IL,יופלה מוקה 3%,גרמים,150.00,100 גרם,false,0,4.90,3.27,true,1,
7290004135072,false,"מעדן חלב מיני שוקולדה 1.5% מהדרין קרלו 8*100 מ""ל",תנובה מרכז שיתופי לש,IL,קרלו מיני 8 יח,גרמים,800.00,100 גרם,false,0,12.90,1.61,true,1,
7290004135119,false,"שמיניית קרלו מיני וניל 100 גרם בד""ץ",תנובה מרכז שיתופי לש,IL,קרלו מיני 8 יח,גרמים,800.00,100 גרם,false,0,12.90,1.61,true,1,
7290004135225,false,מעדן חלב דל קלוריות בטעם שוקולד 0.2שומ,תנובה מרכז שיתופי לש,IL,מעדן דיאט שוקולד,גרמים,150.00,100 גרם,false,0,3.80,2.53,true,1,
7290004136598,false,מארז הפסקת אוכל עם קורנפלקס ומשקה חלב עמיד בטעם וניל,פארייפאבה אגרואינדוס,IL,חלב עם דגנים,יחידה,1.00,יחידה,false,0,8.90,8.90,true,1,
7290004136857,false,מעדן גלי פטל תנובה 125 גרם,תנובה מרכז שיתופי לש,IL,מעדן ג'לי פטל,גרמים,125.00,100 גרם,false,0,2.20,1.76,true,1,
7290004136864,false,מעדן ג'לי בטעם אננס עם חתיכות תנובה 125 גרם,תנובה חלב,IL,מעדן ג'לי אננס,גרמים,125.00,100 גרם,false,0,2.20,1.76,true,1,
7290004136871,false,מעדן ג'לי בטעם אפרסק עם חתיכות תנובה 125 גרם,תנובה מרכז שיתופי לש,IL,מעדן ג'לי אפרסק,גרמים,125.00,100 גרם,false,0,2.20,1.76,true,1,
7290004137021,false,"שמנת עמידה לבישול מופחת שומן 10% השף הלבן 250 מ""ל",תנובה מרכז שיתופי לש,IL,שמנת לבישול10%,מיליליטרים,250.00,"100 מ""ל",false,0,7.80,3.12,true,1,
7290004137311,false,גבינה צהובה לייט 9% שומן 400 ג' עמק,תנובה חלב,IL,גבינת עמק 9%,גרמים,400.00,100 גרם,false,0,28.90,7.23,true,1,
7290004170080,false,קרנץ שוקולד קינמון 450גר,גדרון,IL,עוגת קראנץ,גרמים,450.00,100 גרם,false,1,19.90,4.42,true,1,
7290004170103,false,עוגת קרנץ במילוי נוג,גדרון,IL,עוגת קרנץ' נוגט,גרמים,450.00,100 גרם,false,1,19.90,4.42,true,1,
7290004220013,false,טחון בקר 1קג קהילות,טיבון ויל אחזקות בעמ,IL,טחון בקר,גרמים,1000.00,100 גרם,false,0,39.90,3.99,true,1,
7290004220037,false,סטייק אנטריקוט 800 גר' עטרה,טיבון ויל אחזקות בעמ,IL,סטייק אנטריקוט,גרמים,800.00,100 גרם,false,0,55.00,6.88,true,1,
7290004220044,false,קציצות ביתיות עטרה 400גר,עטרה,IL,קציצות בתיות,גרמים,400.00,100 גרם,false,0,21.90,5.48,true,1,
7290004220105,false,שניצלוני עוף עטרה 600 גרם,טיבון ויל אחזקות בעמ,IL,שניצלוני עוף,גרמים,600.00,100 גרם,false,1,26.90,4.48,true,1,
7290004220761,false,קבב כבש ביתי עטרה 50,טיבון ויל אחזקות בעמ,IL,קבב כבש,גרמים,500.00,100 גרם,false,0,24.00,4.80,true,1,
7290004220778,false,המבורגר קהילות 500גרם,טיבון ויל אחזקות בעמ,IL,המבורגר קהילות,גרמים,500.00,100 גרם,false,0,23.90,4.78,true,1,
7290004220815,false,קישקע 500 גרם קהילות,,IL,קישקע קהילות,גרמים,500.00,100 גרם,false,0,19.90,3.98,true,1,
7290004228804,false,עלי בצק לסיגרים שלושת האופים 450 גרם.,"שלושת האופים בע""\מ",IL,עלי בצק למילוי ס,גרמים,450.00,100 גרם,false,1,12.00,2.67,true,1,
7290004252441,false,רולעדין גביעי וופל לגלידה 24 יח',DRUM BIG,IN,גביעי גלידה24יח,יחידה,1.00,יחידה,false,1,19.90,19.90,true,1,
7290004255343,false,נריות 72 בקופסא - 4 שעות,"מנורה שי נר בע""מ",IL,נריות 4 שעות,יחידה,1.00,יחידה,false,0,21.90,21.90,true,1,
7290004255367,false,נריות 63 בקופסא - 6 שעות,"מנורה שי נר בע""מ",IL,נריות 6 שעות,יחידה,1.00,יחידה,false,1,21.90,21.90,true,1,
7290004257132,false,אנטריקוט דקדק קהילות,טיבון ויל,IL,אנטריקוט דק דק,גרמים,250.00,100 גרם,false,1,35.90,14.36,true,1,
7290004257446,false,"טחון בקר 100% 1 ק""ג קהילות",טיבון ויל אחזקות בעמ,IL,טחון בקר,קילוגרמים,1.00,"ק""ג",false,1,49.90,49.90,true,1,
7290004257477,false,טחון חזה עוף100% עטרה1קג,"טיבון ויל אחזקות בע""\מ",IL,טחון חזה עוף,קילוגרמים,1.00,"ק""ג",false,1,34.90,34.90,true,1,
7290004257484,false,"טחון הודו 100% עטרה 1 ק""","טיבון ויל אחזקות בע""\מ",IL,טחון הודו,קילוגרמים,1.00,"ק""ג",false,1,34.90,34.90,true,1,
7290004257491,false,"טחון בקר 100% עטרה 1 ק""ג",טיבון ויל אחזקות בעמ,IL,טחון בקר,קילוגרמים,1.00,"ק""ג",false,1,44.90,44.90,true,1,
7290004263027,false,קבב בקר בית יוסף 500 גרם,טיבון ויל אחזקות בעמ,IL,קבב בקר ב.יוסף,גרמים,500.00,100 גרם,false,0,19.30,3.86,true,1,
7290004263041,false,גולש בקר מחיר לפי משקל,עטרה,IL,גולש בקר,קילוגרמים,0.00,"ק""ג",true,0,42.90,42.90,true,1,
7290004263393,false,קישקע ירושלמי קפוא ארוז עטרה 500 ג',טיבון ויל אחזקות בעמ,IL,קשקע ירושלמי,גרמים,500.00,100 גרם,false,0,14.90,2.98,true,1,
7290004263652,false,נקניקיות עוף עטרה 400ג',מעדני הטלה והעגל,IL,נקניקיות עוף,גרמים,400.00,100 גרם,false,0,11.90,2.98,true,1,
7290004263799,false,צלי כתף מס5 עטרה קפוא קג,עטרה,IL,צלי כתף מס' 5,קילוגרמים,0.00,"ק""ג",true,0,79.90,79.90,true,1,
7290004263867,false,בשר מס' 6 פילה מדומה עטרה,עטרה,IL,פילה מדומה מס',קילוגרמים,0.00,"ק""ג",true,0,69.90,69.90,true,1,
7290004263935,false,בשרמס7 מכסה הצלע עטרה קפ,עטרה,IL,מכסה הצלע מס' 7,קילוגרמים,0.00,"ק""ג",true,0,37.90,37.90,true,1,
7290004267230,false,פריכיות אורז מצופה שוקולד ברמן 80 ג',ברמן שוקולד ועוגיות,IL,פריכיות מצופות,גרמים,80.00,100 גרם,false,0,5.90,7.38,true,1,
7290004532574,false,גרעינים שחורים 200 גר',"גיי אנג גי פקאנס בע""",IL,גרעין שחור 200ג',גרמים,200.00,100 גרם,false,0,2.90,1.45,true,1,
7290004551018,false,תמצית אפיה רום,,IL,תמצית אפיה רום,מיליליטרים,56.00,"100 מ""ל",false,0,1.90,3.39,true,1,
7290004551445,false,פלפל שחור שקית 50 גרם,"חב' המשווק טיפנברון בע""מ",IL,פלפל שחור,גרמים,50.00,100 גרם,false,0,5.90,11.80,true,1,
7290004551469,false,שום גבישי שקית,,IL,שום גבישי שקית,גרמים,50.00,100 גרם,false,0,3.90,7.80,true,1,
7290004551483,false,אבקת אפיה,,IL,אבקת אפיה,גרמים,100.00,100 גרם,false,0,2.40,2.40,true,1,
7290004551513,false,פקאן סיני 100 גרם,דרומה,IL,פקאן סיני,גרמים,100.00,100 גרם,false,1,13.90,13.90,true,1,
7290004551575,false,שומשום,,,שומשום,גרמים,400.00,100 גרם,false,0,8.90,2.23,true,1,
7290004551926,false,אבקת פלאפל דרומה 1 ק,דרומה י.א.ט בעמ,IL,אבקת פלאפל,קילוגרמים,1.00,"ק""ג",false,0,19.90,19.90,true,1,
7290004575007,false,טילון וניל וופך ושברי אגוז ריאו מארז 70X5ג',"גלידות ריאו ביח""ר לג",IL,מארז טילונים,גרמים,350.00,100 גרם,false,0,14.90,4.26,true,1,
7290004575069,false,גלידה מיניס חטיפים וניל ציפוי שוקו' ופצפוצי נ.חיטה ריאו מארז 32יח',"גלידות ריאו ביח""ר לג",IL,חטיפי גלידה טופו,גרמים,600.00,100 גרם,false,0,37.90,6.32,true,1,
7290004575335,false,ארטיק מגיק מיני וניל ציפוי שוקו' ופצפוצי נ.חיטה ריאו מארז 45X8ג'באריזה,"גלידות ריאו ביח""ר לג",IL,שלגוני מיני,גרמים,360.00,100 גרם,false,0,19.90,5.53,true,1,
7290004575373,false,שלגון מצופים וניל בציפוי שוקולד ריאו מארז 80X8 ג',"גלידות ריאו ביח""ר לג",IL,שלגונים מצופים,גרמים,480.00,100 גרם,false,0,16.90,3.52,true,1,
7290004575397,false,גלידה בטעמי מוקה וניל פיסטוק 1.8 ל' ריאו,"גלידות ריאו ביח""ר לג",IL,גלידה בטעמים,ליטרים,1.80,ליטר,false,0,16.90,9.39,true,1,
7290004575403,false,טריו גלידת פרווה בטעמים 1.8 ליטר ריאו,"גלידות ריאו ביח""ר לג",IL,גלידה בטעמים,ליטרים,1.80,ליטר,false,0,16.90,9.39,true,1,
7290004575540,false,קרחון בודד בטעמים ריאו 90 גרם,"גלידות ריאו ביח""ר לג",IL,קרחונים במבחר,יחידה,1.00,יחידה,false,0,1.50,1.50,true,1,
7290004575564,false,קרחון גלי גל פרווה ריאו,ריאו,IL,שלגון גליגל,גרמים,75.00,100 גרם,false,1,2.90,3.87,true,1,
7290004575588,false,טילון ריבת חלב ריאו 60ג 'חלבי,ריאו,IL,טילון ריבת חלב 7,יחידה,1.00,יחידה,false,0,3.90,3.90,true,1,
7290004584306,false,רבעיית גמדים בטעם תות בננה * 100 ג' שטראוס,מיוצר עי קונדיטוריית,IL,סופר גמדים 4 יח,גרמים,400.00,100 גרם,false,0,10.90,2.73,true,1,
7290004584351,false,גבינה לבנה סימפוניה עם תוספות 200 ג' חמישית 200,"שטראוס בריאות בע""\מ",IL,גבינת סימפוניה,גרמים,200.00,100 גרם,false,0,9.90,4.95,true,1,
7290004584528,false,יוגורט דנונה ביו לבן 1.7% שומן 200 גרם,מיוצר עי קונדיטוריית,IL,יוגורט ביו 1.7%,גרמים,200.00,100 גרם,false,0,3.50,1.75,true,1,
7290004585907,false,דני ועדן וניל 1.5% 125ג' שטראוס,מיוצר עי קונדיטוריית,IL,דני וניל 1.5%,גרמים,125.00,100 גרם,false,0,2.70,2.16,true,1,
7290004638030,false,נקניקיות עוף וינר 400 גר,מעדני הטלה והעגל,IL,נקניקיות עוף,גרמים,400.00,100 גרם,false,1,14.90,3.73,true,1,
7290004645069,false,דג הליבוט פרוס בלי עור ל,"ש.רוזנרס בע""מ",NO,הליבוט פרוס בלי,קילוגרמים,0.00,"ק""ג",true,0,79.90,79.90,true,1,
7290004645106,false,סלמון פילה מנות לפי משקל,,IL,סלמון פילה מנות,קילוגרמים,0.00,"ק""ג",true,1,89.90,89.90,true,1,
7290004645137,false,טונה אלבקור קפוא (וואקום),,IL,פילה טונה אלבקור,קילוגרמים,0.00,"ק""ג",true,0,49.90,49.90,true,1,
7290004645267,false,דג נילוס פרוס (וואקום),,IL,נילוס פרוס L,קילוגרמים,0.00,"ק""ג",true,0,49.90,49.90,true,1,
7290004645274,false,פילה נסיכת הנילוס ע.,,TZ,דג נסיכת הנילוס,קילוגרמים,0.00,"ק""ג",true,1,39.90,39.90,true,1,
7290004645328,false,פילה סלמון שלם לפי משקל,,IL,פילה סלמון שלם,קילוגרמים,0.00,"ק""ג",true,0,89.90,89.90,true,1,
7290004645410,false,נתחי טונה שקיל,רוזנרס,IL,נתחי טונה,קילוגרמים,0.00,"ק""ג",true,1,19.90,19.90,true,1,
7290004645434,false,פילה סלמון קפוא ללא עור,רוזנרס,IL,פילה סלמון קפוא,קילוגרמים,0.00,"ק""ג",true,1,89.90,89.90,true,1,
7290004645519,false,רצועות פילה נסיכת הנילוס,,IL,דג נסיכת הנילוס,קילוגרמים,0.00,"ק""ג",true,1,24.90,24.90,true,1,
7290004645540,false,פילה סלומון קפוא ללא עור,רוזנרס פיש,NO,פילה סלומון קפוא,קילוגרמים,0.00,"ק""ג",true,1,104.90,104.90,true,1,
7290004645557,false,מנות פילה פורל ים,רוזנרס פיש,NO,מנות פילה פורל,קילוגרמים,0.00,"ק""ג",true,1,99.90,99.90,true,1,
7290004645748,false,פילה אמנון ללא עור קהילות,רוזנרס,IL,פילה אמנון קפוא,קילוגרמים,0.00,"ק""ג",true,1,37.90,37.90,true,1,
7290004645854,false,פילה פורל ים רוזנרס,,NO,פילה פורל ים שלם,קילוגרמים,0.00,"ק""ג",true,1,74.90,74.90,true,1,
7290004658953,false,"יין כרמל פרייבט קולקשן סוביניון בלאן, 750 מ""ל","כד בני דרום בע""מ",IL,סוביניון בלאן,מיליליטרים,750.00,"100 מ""ל",false,0,32.90,4.39,true,1,
7290004658960,false,יין אמרלד ריזלינג פרייבט קולקשן יקבי כרמל,אגודת הכורמים הקואופרטיב,IL,אמרלד ריזלינג,מיליליטרים,750.00,"100 מ""ל",false,0,32.90,4.39,true,1,
7290004731083,false,"סבון נוזלי לידיים ג'נסינג ""כיף""",טרופיקל דגיל תעשיות,IL,אל סבון כיף,ליטרים,1.00,ליטר,false,0,11.90,11.90,true,1,
7290004731090,false,"סבון נוזלי לידיים קמומיל ""כיף""",קוסמופארם בע'\'\מ,IL,אל סבון כיף,ליטרים,1.00,ליטר,false,0,11.90,11.90,true,1,
7290004731410,false,"שלישיית כריות קרצוף ירוקות סנו סושי 25X10.6 ס""מ",קריות זול,IL,כריות קרצוף,יחידה,1.00,יחידה,false,0,9.90,9.90,true,1,
7290004731472,false,"שלישיית אלסבון צבעוני כיף 500 מ""ל",טרופיקל דגיל תעשיות,IL,אלסבון כיף 3 יח,ליטרים,1.50,ליטר,false,0,18.90,12.60,true,1,
7290004731519,false,"מקסימה מרכך ומבשם כביסה למייבש סנסיטיב סנו 750 מ""ל",סנו מקסימה,IL,מקסימה למייבש,מיליליטרים,750.00,"100 מ""ל",false,0,16.90,2.25,true,1,
7290004731564,false,"מקסימה מבשם ומרכך למייבש הכביסה בלו בלוסום 750 מ""ל",סנו מקסימה,IL,מקסימה למייבש,מיליליטרים,750.00,"100 מ""ל",false,1,16.90,2.25,true,1,
7290004731670,false,"מטהר אוויר דואופרש פצ'ולי לבנדר סנו 300 מ""ל","סנו מפעלי ברונוס בע""\מ",IL,סנו דואו פרש,מיליליטרים,300.00,"100 מ""ל",false,0,11.90,3.97,true,1,
7290004731984,false,משחת שיניים אורביטול להלבנה 145 גר,טרופיקל דגיל תעשיות קוסמ,IL,משחת אורביטול,גרמים,145.00,100 גרם,false,1,14.90,10.28,true,1,
7290004942083,false,חומוס גרגרים יבש 500 גר',,IL,גרעיני חומוס,גרמים,500.00,100 גרם,false,0,9.90,1.98,true,1,
7290004942298,false,עדשים שחורים 500 גרם,"ע.רן שיווק כיטוב בע""מ",IL,עדשים שחורים,גרמים,500.00,100 גרם,false,1,12.90,2.58,true,1,
7290004944032,false,חומוס אמיתי אסלי שמיר 400 גרם,"סלטי שמיר 2006 בע""מ",IL,חומוס אסלי,גרמים,400.00,100 גרם,false,0,10.90,2.73,true,1,
7290004944049,false,טחינה אסלי שמיר 400 גרם,"סלטי שמיר 2006 בע""מ",IL,טחינה אסלי,גרמים,400.00,100 גרם,false,0,10.90,2.73,true,1,
7290004944056,false,סדרת האסלי חציל במיונז שמיר 400 גרם,"סלטי שמיר 2006 בע""מ",IL,חציל במיונז,גרמים,400.00,100 גרם,false,0,10.90,2.73,true,1,
7290004944063,false,סלט תורכי אסלי שמיר 400 ג',"סלטי שמיר 2006 בע""מ",IL,תורכי אסלי,גרמים,400.00,100 גרם,false,0,10.90,2.73,true,1,
7290005011405,false,עמבה עם פרי 500 גרם,תבליני שמש בעמ,IL,עמבה הודית,גרמים,550.00,100 גרם,false,0,9.90,1.80,true,1,
7290005095443,false,נר נשמה בכוס 48 שעות,,IL,נר נשמה 48 שעות,יחידה,1.00,יחידה,false,0,4.50,4.50,true,1,
7290005095450,false,נר נשמה בכוס 26 שעות יחי,HQP,CN,נר נשמה בכוס,יחידה,1.00,יחידה,false,1,3.90,3.90,true,1,
7290005095641,false,חטיף תפוחה מצוקה 230 גר שלוה,מפעלי דגן ניסן את גפ,IL,חיטה תפוחה מתוקה,גרמים,230.00,100 גרם,false,0,7.90,3.43,true,1,
7290005095658,false,תפיחוני תירס מתוקים 150 גר שלוה,מפעלי דגן ניסן את גפ,IL,תפיחוני תירס,גרמים,150.00,100 גרם,false,0,7.90,5.27,true,1,
7290005095702,false,חיטה תפוחה בדבש 200 גר שלוה,מפעלי דגן ניסן את גפ,IL,חיטה תפוחה בדבש,גרמים,210.00,100 גרם,false,0,7.90,3.76,true,1,
7290005113123,false,"חרוזית שחור A2יבנה בד""ץ 600ג'",קבוצת יבנה,IL,זית שחור 540 גרם,גרמים,540.00,100 גרם,false,1,7.90,1.46,true,1,
7290005113888,false,"זיתים טבעות שחורA2 ק.יבנה 560ג' בד""ץ",קבוצת יבנה מוצרי מזון,IL,טבעות זיתים שחור,גרמים,540.00,100 גרם,false,1,7.90,1.46,true,1,
7290005168253,false,"יין קליל דל אלכוהול יקבי ציון 750 מ""ל",יקבי ציון,IL,יין מתוק אדום,מיליליטרים,750.00,"100 מ""ל",false,0,14.90,1.99,true,1,
7290005168284,false,"יין גן עדן יקבי ציון 750 מ""ל",יקבי ציון,IL,יין גו עדן עתי,מיליליטרים,750.00,"100 מ""ל",false,0,21.90,2.92,true,1,
7290005168314,false,יין אצילים אדום מתוק750מ,יקבי ציון,IL,אצילים מתוק אד,מיליליטרים,750.00,"100 מ""ל",false,0,14.90,1.99,true,1,
7290005168420,false,מיץ ענבים בית סבא יקבי ציון 1 ליטר,יקבי ציון,IL,בית סבא אדום,ליטרים,1.00,ליטר,false,0,18.90,18.90,true,1,
7290005168475,false,מיץ ענבים מובחר אדום 100% טבעי 1 ליטר,יקבי ציון,IL,תירוש אדום מובחר,ליטרים,1.00,ליטר,false,0,16.90,16.90,true,1,
7290005174513,false,חציל אחלה במיונז 500 ג' אחלה+ 33% תוספת,מיוצר עי קונדיטוריית,IL,סלט חציל מיונז,גרמים,500.00,100 גרם,false,0,15.90,3.18,true,1,
7290005174551,false,סלט חומוס עם צנוברים 125 ג' אחלה,מיוצר עי קונדיטוריית,IL,חומוס יום יום,גרמים,125.00,100 גרם,false,0,4.90,3.92,true,1,
7290005174568,false,סלט חצילים במיונז אחלה 125 גרם,"שטראוס גרופ בע""\מ",IL,חציל במיונז אחלה,גרמים,125.00,100 גרם,false,0,4.90,3.92,true,1,
7290005200786,false,תפוצ'יפס בטעם שמנת בצל עלית 50 גרם,"שטראוס פריטו ליי בע""\מ )",IL,תפוצ'יפס שמנת,גרמים,50.00,100 גרם,false,0,3.90,7.80,true,1,
7290005201455,false,קפה נמס מגורען ארומה קלאסי עלית 200 גרם,"אינסטנטה בע""מ",PL,קפה נמס ארומה,גרמים,200.00,100 גרם,false,0,23.90,11.95,true,1,
7290005287657,false,"סטארקיסט ממרח טונה 160 גרם בד""צ","סטארקיסט פודור בע""מ",TH,ממרח טונה,גרמים,160.00,100 גרם,false,0,6.90,4.31,true,1,
7290005416491,false,משקה יוגורט עיזים טל,מחלבת טל טלה,IL,יוגורט מחלב עיזי,מיליליטרים,750.00,"100 מ""ל",false,0,17.90,2.39,true,1,
7290005423253,false,"סנו - מקסימה מרסס למייבש כביסה אולטרה פרש 750 מ""ל","סנו מפעלי ברונוס בע""\מ",IL,מקסימה למייבש,מיליליטרים,750.00,"100 מ""ל",false,0,16.90,2.25,true,1,
7290005423505,false,"אורביטול מי פה להלבנת השיניים 500 מ""ל",קוסמופארם,IL,מי פה אורביטול,מיליליטרים,500.00,"100 מ""ל",false,0,21.90,4.38,true,1,
7290005423543,false,משחת שיניים מלבינה לבן אורביטול 145 גרם,טרופיקל דגיל קוסמטיק,IL,משחת שיניים,גרמים,145.00,100 גרם,false,0,8.90,6.14,true,1,
7290005423635,false,ריצפז נוזל רצפות דוחה תיקנים סנו 2 ליטר,מיוצר עי קונדיטוריית,IL,ריצפז דוחה חרקים,ליטרים,2.00,ליטר,false,0,20.90,10.45,true,1,
7290005423734,false,מרכך כביסה מרוכז אולטרא פרש סנו מקסימה 4 ליטר,"סנו מפעלי ברונוס בע""\מ",IL,מרכך כביסה,ליטרים,4.00,ליטר,false,0,19.90,4.98,true,1,
7290005423871,false,שלישיית משחת שיניים מנטול אורביטול 145 גרם,טרופיקל דגיל תעשיות קוסמ,IL,משחת שיניים,גרמים,435.00,100 גרם,false,0,15.90,3.66,true,1,
7290005423888,false,"אל סבון נוזלי מעורב כיף 3*500 מ""ל",טרופיקל דגיל תעשיות,IL,אל סבון כיף 3 יח,ליטרים,1.50,ליטר,false,0,18.90,12.60,true,1,
7290005423918,false,סנו - מקסימה מרכך כביסה היפואלרגני אלוורה 4 ליטר,"סנו מפעלי ברונוס בע""\מ",IL,מרכך כביסה,ליטרים,4.00,ליטר,false,0,23.00,5.75,true,1,
7290005424311,false,"קוטל חרקים רב קוטל K סנו 500 מ""ל",מיוצר עי קונדיטוריית,IL,סנו K רב קוטל,מיליליטרים,500.00,"100 מ""ל",false,0,19.90,3.98,true,1,
7290005424403,false,"אל סבון כיף אצות ים קטיפתי 1ליטר,",טרופיקל דגיל תעשיות,IL,אל סבון כיף,ליטרים,1.00,ליטר,false,0,11.90,11.90,true,1,
7290005424700,false,סנו - פורטה פלוס מרסס מסיר שומנים 1 ליטר,"סנו מפעלי ברונוס בע""\מ",IL,סנו פורטה פלוס,ליטרים,1.00,ליטר,false,1,16.90,16.90,true,1,
7290005424847,false,"מפיות סופט לבנות לשולחן (150 יח') ""סנו""",מיוצר עי קונדיטוריית,TR,מפיות דו שכבתי,יחידה,1.00,יחידה,false,0,5.90,5.90,true,1,
7290005424991,false,סנו פרש אוטומטיק בהתזה קצובה ניחוח בייבי פאודר,סנו מפעלי ברונוס בעמ,IL,סנו פרש בייבי,מיליליטרים,250.00,"100 מ""ל",false,1,14.90,5.96,true,1,
7290005425912,false,אוקסיג'ן ג'ל להסרת כתמים עם חמצן פעיל סנו 4 ליטר,סנו אוקסיג'ן,IL,ג'ל אוקסיג'ן 4ל',ליטרים,4.00,ליטר,false,0,32.90,8.23,true,1,
7290005426568,false,"קרמה - קרם לחות לשיער רגיל 400 מ""ל",טרופיקל דגיל תעשיות,IL,קרם לחות קרמה,מיליליטרים,400.00,"100 מ""ל",false,0,19.90,4.98,true,1,
7290005426575,false,"קרמה לחות לשיער יבש ללא שטיפה 400 מ""ל",טרופיקל דגיל תעשיות,IL,קרם לחות קרמה,מיליליטרים,400.00,"100 מ""ל",false,0,19.90,4.98,true,1,
7290005426735,false,"סנו - מקסימה אבקת כביסה בלאק 1.25 ק""ג",סנו מקסימה,IL,אבקת כביסה,קילוגרמים,1.25,"ק""ג",false,0,14.90,11.92,true,1,
7290005426803,false,מקסימה מרכך כביסה פצ'ולי לבנדר סגול סנו 4 ליטר,סנו מקסימה,IL,מרכך כביסה,ליטרים,4.00,ליטר,false,0,19.90,4.98,true,1,
7290005426940,false,"סנו K-300 מדביר חרקים 475 מ""ל",טרופיקל דגיל תעשיות,IL,300-K פלוס,מיליליטרים,400.00,"100 מ""ל",false,0,17.90,4.48,true,1,
7290005426964,false,סנובון סבון לאסלה בניחוח אפרסק סנו 3 יחידות,סנו מפעלי ברונו בעמ,IL,סנובון שלישיה,גרמים,165.00,100 גרם,false,0,16.90,10.24,true,1,
7290005426971,false,סנובון סבון לאסלה תפוח כחול סנו 3 יחידות,סנו מפעלי ברונו בעמ,IL,סנובון שלישיה,גרמים,165.00,100 גרם,false,0,16.90,10.24,true,1,
7290005427749,false,אלסבון כיף אצות ים 2ליטר,טרופיקל דגיל תעשיות,IL,אלסבון כיף,ליטרים,2.00,ליטר,false,0,19.90,9.95,true,1,
7290005427763,false,אלסבון ג'נסינג כיף 2 ליטר,קוסמופארם,IL,אלסבון כיף,ליטרים,2.00,ליטר,false,0,19.90,9.95,true,1,
7290005427787,false,"קרמה - קרם לחות לשיער מתולתל 400 מ""ל",טרופיקל דגיל תעשיות,IL,קרם לשיער קרמה,מיליליטרים,400.00,"100 מ""ל",false,0,19.90,4.98,true,1,
7290005427978,false,"תחליב רחצה לפנים פילינג קרמה 180 מ""ל",גוד פוד פרודקטס S.p,IL,תחליב רחצה לפנים,מיליליטרים,180.00,"100 מ""ל",false,0,14.90,8.28,true,1,
7290005430602,false,"סנו אוקסיג'ן ספריי להסרת כתמים עם חמצן פעיל 750 מ""ל","סנו מפעלי ברונוס בע""",IL,אוקסיג'ן מ.כתמים,מיליליטרים,750.00,"100 מ""ל",false,0,16.90,2.25,true,1,
7290005437168,false,שמן זית זך קבר רחל טעמן 1 ליטר,מוצרי יסוד - טעמן,ES,שמן זית,ליטרים,1.00,ליטר,false,0,36.90,36.90,true,1,
7290005437632,false,שמן קנולה 1 ליטר טעמן,,IL,שמן קנולה,ליטרים,1.00,ליטר,false,0,9.90,9.90,true,1,
7290005477669,false,סבון נוזלי דרמפון מועשר לחות קרליין 1 ליטר,"אמיליה קוסמטיקס בע""מ",IL,דרמפון סבון לחות,ליטרים,1.00,ליטר,false,0,16.90,16.90,true,1,
7290005559914,false,פיצה משפחתית עם 100% גבינה בתוספת זיתים מעדנות 550 גרם,מיוצר עי קונדיטוריית,IL,פיצה משפחתית,גרמים,550.00,100 גרם,false,0,25.20,4.58,true,1,
7290005559990,false,בצק פילאס תורכי מעדנות 600 גרם,מיוצר עי קונדיטוריית,IL,בצק פילאס תורכי,גרמים,600.00,100 גרם,false,0,19.90,3.32,true,1,
7290005576201,false,כרוב לבן קצוץ 400 ג' גאלט,רביבים,IL,כרוב לבן 400 גרם,גרמים,400.00,100 גרם,false,0,12.90,3.23,true,1,
7290005576218,false,כרוב אדום קצוץ 400 ג' גאלט,רביבים,IL,כרוב אדום 400 גר,גרמים,400.00,100 גרם,false,0,12.90,3.23,true,1,
7290005576225,false,קולוסלאו גלאט עלים 400ג' בי&די,רביבים,IL,קולסלאו 400 גרם,גרמים,400.00,100 גרם,false,0,12.90,3.23,true,1,
7290005576232,false,חסה אייסברג מצונן 300גרם,רביבים,IL,חסה אייסברג 300ג,גרמים,300.00,100 גרם,false,0,12.90,4.30,true,1,
7290005576249,false,לקט קלאסי ירקות מהדרין 350 גר',רביבים,IL,לקט ים תיכוני,גרמים,350.00,100 גרם,false,0,14.90,4.26,true,1,
7290005576348,false,שבבי גזר 250 גרם,יעל ירק עלים,IL,גזר דקיק 250 גרם,גרמים,250.00,100 גרם,false,1,7.90,3.16,true,1,
7290005576904,false,"חסה גלאט עלים בד""ץ [שנת שמיטה]",רביבים,IL,חסה טריה ארוזה ג,יחידה,1.00,יחידה,false,1,8.90,8.90,true,1,
7290005576928,false,"פטרוזיליה גלאט עלים בד""ץ [שנת שמיטה]",רביבים,IL,פטרוזיליה גלאט ע,יחידה,1.00,יחידה,false,1,7.90,7.90,true,1,
7290005576935,false,"כוסברה גלאט עלים בד""ץ [שנת שמיטה]",רביבים,IL,כוסברה גלאט עלים,יחידה,1.00,יחידה,false,1,7.90,7.90,true,1,
7290005576942,false,"שמיר גלאט עלים בד""ץ [שנת שמיטה]",רביבים,IL,שמיר גלאט עלים,יחידה,1.00,יחידה,false,1,7.90,7.90,true,1,
7290005576966,false,"סלרי גלאט עלים בד""ץ [שנת שמיטה]",רביבים,IL,סלרי גלאט עלים,יחידה,1.00,יחידה,false,1,8.90,8.90,true,1,
7290005576980,false,"בצל ירוק גלאט עלים בד""ץ [שנת שמיטה]",רביבים,IL,בצל ירוק גלאט על,יחידה,1.00,יחידה,false,1,8.90,8.90,true,1,
7290005576997,false,"כרוב לבן גלאט עלים בד""ץ [שנת שמיטה]",,IL,כרוב לבן גלאט על,קילוגרמים,0.00,"ק""ג",true,1,16.90,16.90,true,1,
7290005610509,false,צנונית ארוז דוד משה 500ג',ביכורי השקמה,IL,צנונית -יח',יחידה,1.00,יחידה,false,0,5.90,5.90,true,1,
7290005680052,false,טמפונים סופר פלוס אובה 32 יחידות,גונסון אנד גונסון,GR,טמפוני או-בה,יחידה,1.00,יחידה,false,0,24.90,24.90,true,1,
7290005718021,false,שטרודל גבינה,"גידרון תעשיות בע""מ",IL,שטרודל גבינה,יחידה,1.00,יחידה,false,0,17.90,17.90,true,1,
7290005718038,false,"שטרודל תפו""ע","גידרון תעשיות בע""מ",IL,"שטרודל תפו""ע",יחידה,1.00,יחידה,false,0,17.90,17.90,true,1,
7290005811111,false,בייגלה מקמח כוסמין עם מלח 300 גרם,"אם החיטה בע""מ",IL,בייגלה כוסמין,גרמים,270.00,100 גרם,false,1,10.90,4.04,true,1,
7290005811128,false,בייגלה מקמח כוסמין עם שומשום 300 גרם,"אם החיטה בע""מ",IL,בייגלה כוסמין,גרמים,270.00,100 גרם,false,1,10.90,4.04,true,1,
7290005811135,false,בייגלה חיטה מלח 270 גרם,אם החיטה,IL,בייגלה חיטה מלח,גרמים,270.00,100 גרם,false,1,4.90,1.81,true,1,
7290005816017,false,"פילה סלומון קפוא בד""ץ לפ",סלטן,NO,פילה סלומון,גרמים,0.00,"ק""ג",true,1,89.90,89.90,true,1,
7290005838002,false,מעדן גבינה ויוגורט בטעם וניל 88 ג' דניאלה,"שטראוס בריאות בע""מ",IL,מעדן דניאלה,גרמים,88.00,100 גרם,false,0,4.00,4.55,true,1,
7290005838613,false,"סקי וניל בודד 125 גרם ""שטראוס""","שטראוס בריאות בע""\מ",IL,סקי מעדן גבינה,גרמים,125.00,100 גרם,false,0,3.70,2.96,true,1,
7290005838972,false,גבינת יום יום 5% שטראוס 125ג',מיוצר עי קונדיטוריית,IL,גבינת סקי,גרמים,125.00,100 גרם,false,0,3.30,2.64,true,1,
7290005839078,false,שמיניית יוגורט לבן 3% ביו דנונה 150 גרם,מיוצר עי קונדיטוריית,IL,דנונה ביו 8 יח,קילוגרמים,1.20,"ק""ג",false,0,16.90,14.08,true,1,
7290005839108,false,גבינה לבנה סימפוניה עם תוספות 200 ג'+זיתים 5%,"שטראוס בריאות בע""\מ",IL,גבינת סימפוניה,גרמים,200.00,100 גרם,false,0,9.90,4.95,true,1,
7290005896439,false,"בירה מכבי, בקבוק חוזר 500 מ''ל","טמפו משקאות בע""מ",IL,בירה מכבי,מיליליטרים,500.00,"100 מ""ל",false,0,6.90,1.38,true,1,
7290005896453,false,"בירה מכבי 7.9%, בירה חזקה, בקבוק חוזר 500 מ''ל",טמפו משקאות בע''מ,IL,בירה מכבי 7.9%,מיליליטרים,500.00,"100 מ""ל",false,1,7.90,1.58,true,1,
7290006199942,false,"שמיניית גלידל פרי דובדבן ""פלדמן""",הגלידות של פלדמן,IL,פרי דובדבן 8יח,גרמים,640.00,100 גרם,false,0,19.90,3.11,true,1,
7290006220301,false,בשר לחמין אגודים,,UY,בשר לחמין אגודים,קילוגרמים,0.00,"ק""ג",true,0,49.90,49.90,true,1,
7290006251343,false,חליטת פסיפלורה מנגו הגן הקסום ויסוצקי 25 יחידות,תה ויסוצקי,IL,חליטת פסיפלורה,גרמים,62.00,100 גרם,false,0,16.90,27.26,true,1,
7290006251589,false,תה ירוק עם עלי נענע 50 שקיקים ויסוצקי,בית ויסוצקי,IL,תה ירוק נענע,גרמים,75.00,100 גרם,false,0,44.90,59.87,true,1,
7290006265500,false,פטריות שמפיניון ארוז מרינה,"מרינה פטריות הגליל בע""מ",IL,פטריות שמפניון,יחידה,1.00,יחידה,false,0,8.90,8.90,true,1,
7290006271181,false,ג'חנון אפוי למיקרוגל מעדנות 750 גרם,מיוצר עי קונדיטוריית,IL,ג'חנון אפוי,גרמים,750.00,100 גרם,false,0,19.90,2.65,true,1,
7290006366436,false,כרעיים עוף קהילות M,עוף עוז,IL,כרעיים עוף,קילוגרמים,0.00,"ק""ג",true,1,39.90,39.90,true,1,
7290006366443,false,שוקיים עוף קהילות M,עוף עוז,IL,שוקיים עוף,קילוגרמים,0.00,"ק""ג",true,1,42.90,42.90,true,1,
7290006366467,false,ירכיים עוף קהילות M,עוף עוז,IL,ירכיים עוף,קילוגרמים,0.00,"ק""ג",true,0,39.90,39.90,true,1,
7290006366474,false,חזה עוף קהילות M,עוף עוז,IL,חזה עוף,קילוגרמים,0.00,"ק""ג",true,0,44.90,44.90,true,1,
7290006366504,false,כנפיים עוף קהילות M,עוף עוז,IL,כנפיים עוף,קילוגרמים,0.00,"ק""ג",true,0,21.90,21.90,true,1,
7290006366511,false,שניצל עוף פרוס קהילות M,עוף עוז,IL,שניצל עוף פרוס,קילוגרמים,0.00,"ק""ג",true,0,47.90,47.90,true,1,
7290006366863,false,שוק הודו טרי,,,שוק הודו טרי,גרמים,0.00,"ק""ג",true,0,32.90,32.90,true,1,
7290006374738,false,קונפיטורית תות 340 גר' יד מרדכי,אף.סי תבליני בגליל ב,IL,קונפיטורה תות,גרמים,340.00,100 גרם,false,0,13.90,4.09,true,1,
7290006376046,false,סוכר דמררה פירימיום 1קג,ר.ס-.חברה ליבוא וייצור מ,IL,סוכר דמררה,קילוגרמים,1.00,"ק""ג",false,1,9.90,9.90,true,1,
7290006376053,false,סוכר חום רטוב פרימיום 1,ר.ס-.חברה ליבוא וייצור מ,IL,סוכר חום כהה,קילוגרמים,1.00,"ק""ג",false,1,13.90,13.90,true,1,
7290006376619,false,"מרק בטעם עוף 1 ק""ג",ר.ס-.חברה ליבוא וייצור מ,IL,מרק בטעם עוף,קילוגרמים,1.00,"ק""ג",false,1,12.90,12.90,true,1,
7290006390745,false,שבלול עם צימוקים קפוא,"גידרון תעשיות בע""מ",IL,שבלול עם צימוקים,יחידה,1.00,יחידה,false,0,3.90,3.90,true,1,
7290006391018,false,לחמניית ביס באגט כפרי,גידרון,IL,ביס באגט כפרי,יחידה,1.00,יחידה,false,0,1.50,1.50,true,1,
7290006391025,false,בייגלה ירושלמי קפוא,"גידרון תעשיות בע""מ",IL,ביגלה ירושלמי,יחידה,1.00,יחידה,false,0,4.50,4.50,true,1,
7290006494924,false,ופלים במילוי קרם בטעם לימון ללא תוספת סוכר,"גילרו בע""מ",IL,ופלים טוסו,גרמים,200.00,100 גרם,false,1,9.90,4.95,true,1,
7290006511157,false,פטריות שמפיניון שלמות ויליפוד,אוקצ'מפס אס.איי אויי,PL,פטריות שלמות,גרמים,400.00,100 גרם,false,0,8.10,2.03,true,1,
7290006550972,false,"טחון בקר עטרה קפוא1 ק""ג",טיבון ויל אחזקות בעמ,IL,טחון בקר 1קג,גרמים,1000.00,100 גרם,false,0,24.90,2.49,true,1,
7290006618078,false,"מרסס לניקוי יסודי מטבח אסטוניש 750 מ""ל",יעקובי אסטוניש,GB,אסטוניש מרסס,מיליליטרים,750.00,"100 מ""ל",false,0,11.90,1.59,true,1,
7290006664037,false,גמדים דגנים ארוחת בוקר מארז 100X4ג',"שטראוס בריאות בע""\מ",IL,מארז גמדים 4 יח,גרמים,400.00,100 גרם,false,0,10.90,2.73,true,1,
7290006664051,false,"אקטימל לבן 1.51 ק""ג מארז 14 יחידות",מיוצר עי קונדיטוריית,IL,אקטימל מארז14יח',ליטרים,1.40,ליטר,false,0,29.90,21.36,true,1,
7290006664310,false,גבינה לבנה 3% שומן 250 ג' שטראוס,מיוצר עי קונדיטוריית,IL,גבינת סקי 3%,גרמים,250.00,100 גרם,false,0,4.50,1.80,true,1,
7290006664402,false,גבינה לבנה סקי 5% שומן 750 גרם,מיוצר עי קונדיטוריית,IL,גבינת סקי5%,גרמים,750.00,100 גרם,false,0,12.90,1.72,true,1,
7290006664532,false,יוגורט עם תות 3% שומן 150 ג' דנונה,מיוצר עי קונדיטוריית,IL,דנונה תות 3%,גרמים,150.00,100 גרם,false,0,3.90,2.60,true,1,
7290006664655,false,"אקטימל לבן טבעי מארז 100X8 מ""ל",מיוצר עי קונדיטוריית,IL,אקטימל לבן 8 יח,מיליליטרים,800.00,"100 מ""ל",false,0,20.90,2.61,true,1,
7290006664693,false,יוגורט עם אפרסק 3% שומן 150 ג' דנונה,מיוצר עי קונדיטוריית,IL,דנונה אפרסק %3,גרמים,150.00,100 גרם,false,0,3.90,2.60,true,1,
7290006664990,false,"יוגורט דנונה ביו לבן 1.7% שומן 8*150 מ""ל",מיוצר עי קונדיטוריית,IL,דנונה ביו 8 יח',קילוגרמים,1.20,"ק""ג",false,0,16.90,14.08,true,1,
7290006672810,false,פילה אמנון גודל 5-7 לפי,,CN,פילה אמנון,קילוגרמים,0.00,"ק""ג",true,1,32.90,32.90,true,1,
7290006672919,false,סטייק טונה צהובת סנפיר,,VN,סטייק טונה,קילוגרמים,0.00,"ק""ג",true,1,49.90,49.90,true,1,
7290006672926,false,דג סטייק טונה לבנה קפוא,,VN,סטייק טונה בהירה,קילוגרמים,0.00,"ק""ג",true,1,59.90,59.90,true,1,
7290006737618,false,טורטייה 6 יחידות 390 גרם,לאבאליה גידה שנאי וט,TR,טורטיות מקמח חיט,גרמים,390.00,100 גרם,false,1,8.90,2.28,true,1,
7290006737625,false,טורטייה 6 יחידות מקמח מלא 390 גרם,לאבאליה גידה שנאי וט,TR,טורטיות מקמח חיט,גרמים,390.00,100 גרם,false,1,8.90,2.28,true,1,
7290006737755,false,טורטייה 8 יחידות 320 גרם,לאבאליה גידה שנאי וט,TR,טורטיות מקמח חיט,גרמים,320.00,100 גרם,false,1,8.90,2.78,true,1,
7290006737854,false,מרשמלו צבעוני 180 גרם,,IL,מרשמלו צבעוני,גרמים,150.00,100 גרם,false,0,4.90,3.27,true,1,
7290006739407,false,שניצל תירס לייט זוגלובק 600 גרם,נקניק נהריה כשר זוגל,IL,שניצל תירס,גרמים,630.00,100 גרם,false,0,29.90,4.75,true,1,
7290006741363,false,בורקס תפוחי אדמה זוגלובק 800 גרם,מאפיית אריאל וגידרון,IL,"בורקס תפו""א",גרמים,800.00,100 גרם,false,0,15.90,1.99,true,1,
7290006764065,false,בירה נשר מאלט ללא אלכוהול 500 מל,"טמפו משקאות בע""\ם.",IL,בירה נשר מאלט,מיליליטרים,500.00,"100 מ""ל",false,0,4.90,0.98,true,1,
7290006764072,false,"בירה גולדסטאר בקבוק 500 מ""ל חוזר","טמפו משקאות בע""\מ",IL,בירה גולדסטאר,מיליליטרים,500.00,"100 מ""ל",false,0,6.90,1.38,true,1,
7290006775016,false,אחווה עוגת תפוז 450 גרם,אחדות ביחר לטחינה חל,IL,עוגה תפוז,גרמים,450.00,100 גרם,false,0,8.90,1.98,true,1,
7290006775023,false,עוגה אנגלית אחווה 450 גר',אחדות ביחר לטחינה חל,IL,עוגה אנגלית,גרמים,450.00,100 גרם,false,0,8.90,1.98,true,1,
7290006775030,false,עוגת שוקולד צ'יפס 450 ג אחוה,אחדות ביחר לטחינה חל,IL,עוגת שוקולד ציפס,גרמים,450.00,100 גרם,false,0,8.90,1.98,true,1,
7290006775047,false,עוגת שוקולד אחוה 450 גרם,אחדות ביחר לטחינה חל,IL,עוגת שוקולד,גרמים,450.00,100 גרם,false,0,8.90,1.98,true,1,
7290006775054,false,עוגת שיש אחווה 450 ג' אחוה,אחדות ביחר לטחינה חל,IL,עוגת שיש,גרמים,450.00,100 גרם,false,0,8.90,1.98,true,1,
7290006775085,false,עוגת שמרים במילוי שוקולד אחוה,אחדות ביחר לטחינה חל,IL,עוגת שמרים,גרמים,400.00,100 גרם,false,0,10.90,2.73,true,1,
7290006775191,false,מאפינס ממולא שוקולד אחווה 50 ג',אחדות ביחר לטחינה חל,IL,מאפין שוקולד50גר,גרמים,50.00,100 גרם,false,0,1.90,3.80,true,1,
7290006775306,false,מאפינס אישי וניל במילוי תות אחווה 50ג',אחדות ביחר לטחינה חל,IL,מאפין ממולא,גרמים,50.00,100 גרם,false,0,1.90,3.80,true,1,
7290006775337,false,עוגת שמרים במילוי פרג אחווה,אחדות ביחר לטחינה חל,IL,עוגת שמרים פרג,גרמים,400.00,100 גרם,false,0,10.90,2.73,true,1,
7290006775344,false,עוגת שמרים במילוי קרם קינמון אחוה 400 גרם,אחדות ביחר לטחינה חל,IL,עוגת שמרים,גרמים,400.00,100 גרם,false,0,10.90,2.73,true,1,
7290006775764,false,"עוגת שוקוצ'יפס לל""ס אחדות 400 גר'",אחדות ביחר לטחינה חל,IL,עוגת שוקוציפס,גרמים,400.00,100 גרם,false,0,11.90,2.98,true,1,
7290006775795,false,עוגת תפוחי עץ עם מילוי מעודן אחוה 450 גרם,"אחדות ביח""ר לטחינה ח",IL,עוגת תפוחי עץ,גרמים,450.00,100 גרם,false,0,11.90,2.64,true,1,
7290006775894,false,"עוגת שיש לל""ס אחדות 400 גר'","אחדות ביח""ר לטחינה ח",IL,עוגת שיש,גרמים,400.00,100 גרם,false,0,11.90,2.98,true,1,
7290006775900,false,עוגיות מיני מרוקאיות אחוה 500 גרם,"אחדות ביח""ר לטחינה",IL,עוגיות 500 גרם,גרמים,500.00,100 גרם,false,0,9.90,1.98,true,1,
7290006784865,false,סנט מוריץ לניקוי משטחי מטבחים מרוכז ועוצמתי 1ל',קומפלקס כימיקלים בעמ,IL,מרסס למטבח,ליטרים,1.00,ליטר,false,1,11.90,11.90,true,1,
7290006788405,false,"קרליין - נושם אקטיב דאודורנט רול און לאישה ברודו 75 מ""ל",מיוצר עי : אמיליה קוסמטי,IL,דאודורנט קרליין,מיליליטרים,75.00,"100 מ""ל",false,0,12.90,17.20,true,1,
7290006788412,false,"קרליין - נושם אקווה דאודורנט רול און לאישה כחול 75 מ""ל",אמיליה קוסמטיקס בעמ,IL,דאודורנט קרליין,מיליליטרים,75.00,"100 מ""ל",false,0,12.90,17.20,true,1,
7290006788429,false,"קרליין - נושם סאן רייס דאודורנט רול און לאישה כתום 75 מ""ל","אמיליה קוסמטיקס בע""מ",IL,דאודורנט קרליין,מיליליטרים,75.00,"100 מ""ל",false,0,12.90,17.20,true,1,
7290006788436,false,"קרליין - נושם פיור דאודורנט רול און לאישה ורוד 75 מ""ל",משווק: קוסמופארם בעמ,IL,דאודורנט קרליין,מיליליטרים,75.00,"100 מ""ל",false,0,12.90,17.20,true,1,
7290006788443,false,"קרליין - נושם אוקסיג'ן דאודורנט רול און לאישה סגול 75 מ""ל","אמיליה קוסמטיקס בע""מ",IL,דאודורנט קרליין,מיליליטרים,75.00,"100 מ""ל",false,0,12.90,17.20,true,1,
7290006788467,false,"קרליין - נושם אקטיב דאודורנט ספריי לאישה בורדו 200 מ""ל",מיוצר עי : אמיליה קוסמטי,IL,דאודורנט קרליין,מיליליטרים,200.00,"100 מ""ל",false,0,12.90,6.45,true,1,
7290006788504,false,"קרליין - נושם אוקסיג'ן דאודורנט ספריי לאישה סגול 200 מ""ל",מיוצר עי : אמיליה קוסמטי,IL,דאודורנט קרליין,מיליליטרים,200.00,"100 מ""ל",false,0,12.90,6.45,true,1,
7290006789631,false,קרליין קרם לחות לשיער רגיל 400 גרם,מיוצר עי : אמיליה קוסמטי,IL,קרם לחות לשיער,מיליליטרים,400.00,"100 מ""ל",false,0,14.90,3.73,true,1,
7290006822192,false,נקטר דיאט חמוציות אושן ספריי פריגת 1 ליטר,מבשלות בירה בינלאומיות ב,IL,אושן ספריי,ליטרים,1.00,ליטר,false,0,10.80,10.80,true,1,
7290006989123,false,יעה עם פס גומי,YANAGXI,CN,יעה,יחידה,1.00,יחידה,false,1,5.90,5.90,true,1,
7290006989253,false,מטאטא חום עם מקל,אליבו,CN,מטאטא חום עם מקל,יחידה,1.00,יחידה,false,1,18.90,18.90,true,1,
7290008023542,false,סיף פנטסטיק שמפו רצפות כתום 4ל',יוניליוור ישראל טיפוח אי,IL,סיף שמפו לרצפות,ליטרים,4.00,ליטר,false,0,21.90,5.48,true,1,
7290008101356,false,קריספ פאנקו זהב 300 גרם מיימונס,א.ל ייצור ושיווק תבל,IL,פנקו זהוב קריספ,גרמים,300.00,100 גרם,false,1,9.90,3.30,true,1,
7290008102469,false,קריספ פירורי לחם זהוב 800 גרם מיימונס,מימונס,IL,פירורי לחם,גרמים,800.00,100 גרם,false,1,12.90,1.61,true,1,
7290008257459,false,אלכוהול רפואי 70% 100 סמ,אריסטוקרט,IL,אלכוהול רפואי,מיליליטרים,100.00,"100 מ""ל",false,0,5.90,5.90,true,1,
7290008257503,false,רפידות הנקה אריסטוקרט 30 יח',,IL,רפידות הנקה,יחידה,1.00,יחידה,false,0,9.80,9.80,true,1,
7290008300087,false,אשפתון אפור,,,שקיות אשפה,יחידה,1.00,יחידה,false,0,11.90,11.90,true,1,
7290008300094,false,שקיות אשפה שפע 50*70,,,אשפתון עם ידית,יחידה,1.00,יחידה,false,0,11.90,11.90,true,1,
7290008300100,false,שקיות הקפאה 25*35 1,,,שקיות להקפאה,יחידה,1.00,יחידה,false,0,9.90,9.90,true,1,
7290008300452,false,200שק.אוכל נשלף 18X24 HD,,IL,שקיות אוכל,יחידה,1.00,יחידה,false,0,4.90,4.90,true,1,
7290008300483,false,200שקיות סנדויץ 17X27 LD,בריזה,IL,שקיות סנדויץ,יחידה,1.00,יחידה,false,0,9.90,9.90,true,1,
7290008300490,false,אשפתון+90*75ידיות 40 יח,בריזה,IL,אשפתון 40 יח,יחידה,1.00,יחידה,false,1,19.90,19.90,true,1,
7290008300773,false,100שק.הקפאת מזון25X35 HD,,IL,שקיות להקפאה,יחידה,1.00,יחידה,false,0,4.90,4.90,true,1,
7290008343466,false,בצק פילו 500 גרם שלושת האופים,שלושת האופים שגמור,IL,בצק פילו 500 גרם,גרמים,500.00,100 גרם,false,0,19.90,3.98,true,1,
7290008343565,false,"סיגרים תפו""א 1 ק""ג שלושת האופים","שלושת האופים בע""\מ",IL,"סיגרים תפו""א",קילוגרמים,1.00,"ק""ג",false,0,19.90,19.90,true,1,
7290008343619,false,"פסטלים תפו""א שלושת האופים 1 ק""ג","שלושת האופים בע""\מ",IL,"פסטלים תפו""א",קילוגרמים,1.00,"ק""ג",false,0,19.90,19.90,true,1,
7290008343626,false,"כדורי פלאפל 1 ק""ג שלושת האופים","שלושת האופים בע""\מ",IL,פלאפל 1 ק'ג,גרמים,1000.00,100 גרם,false,0,19.90,1.99,true,1,
7290008345132,false,הרינג כבוש דלידג 240 ג',כלורוקס אוקלנד,IL,הרינג כבוש,גרמים,240.00,100 גרם,false,0,24.90,10.38,true,1,
7290008347211,false,אצבעות דג מצופות דלידג 700 גרם,אף.סי תבליני בגליל ב,IL,אצבעות דג,גרמים,700.00,100 גרם,false,0,21.90,3.13,true,1,
7290008443616,false,"מרכך לשיער יבש אדום נקה 7 750 מ""ל","אמיליה קוסמטיקס בע""מ",IL,קונדישנר נקה 7,מיליליטרים,750.00,"100 מ""ל",false,0,10.90,1.45,true,1,
7290008443647,false,"מרכך לשיער מתולתל סגול, 750 מ""ל נקה 7","אמיליה קוסמטיקס בע""מ",IL,קונדישנר נקה 7,מיליליטרים,750.00,"100 מ""ל",false,0,10.90,1.45,true,1,
7290008455619,false,אחדות עוף מס' 2 בשקית קפוא,אחד למהדרין,IL,עוף קפוא מס' 2,קילוגרמים,0.00,"ק""ג",true,1,27.90,27.90,true,1,
7290008455626,false,אחדות עוף מס' 3 בשקית קפוא,אחד למהדרין,IL,עוף קפוא מס' 3,קילוגרמים,0.00,"ק""ג",true,1,27.90,27.90,true,1,
7290008455800,false,"עוף טרי ארוז ""אחדות"" לנדא",,IL,עוף שלם טרי לנדא,קילוגרמים,0.00,"ק""ג",true,1,28.90,28.90,true,1,
7290008455824,false,"כרעיים עוף טרי ארוז ""אחדות"" לנדא",,IL,כרעיים טרי לנדא,קילוגרמים,0.00,"ק""ג",true,1,44.90,44.90,true,1,
7290008455831,false,"חזה עוף טרי ארוז ""אחדות"" לנדא",,IL,חזה טרי לנדא,קילוגרמים,0.00,"ק""ג",true,1,45.90,45.90,true,1,
7290008464130,false,"בירה גולדסטאר Unfiltered, בירה לא מסוננת, מארז שישייה, בקבוק 330 מ""ל",טמפו,IL,בירה גולדסטאר6יח,ליטרים,1.98,ליטר,false,0,36.90,18.64,true,1,
7290008464611,false,"הסודה של טמפו, מי סודה בגיזוז חזק, 275 מל",טמפו משקאות בעמ,IL,הסודה של טמפו,מיליליטרים,275.00,"100 מ""ל",false,1,3.90,1.42,true,1,
7290008464697,false,"בירה מכבי 7.9%, בירה חזקה, מארז שישייה, בקבוק 330 מ""ל",טמפו,IL,בירה מכבי 6 יח,ליטרים,1.98,ליטר,false,0,35.90,18.13,true,1,
7290008464741,false,"בירה גולדסטאר, מארז שישייה, בקבוק 330 מ''ל","טמפו משקאות בע""\מ",IL,גולדסטאר 6 יח',ליטרים,1.98,ליטר,false,0,34.90,17.63,true,1,
7290008482561,false,פודינג שוקולד אינסטנ,י.כהן,IL,פודינג שוקולד85ג,גרמים,85.00,100 גרם,false,1,4.90,5.76,true,1,
7290008482578,false,פודינג וניל קרטונטה85 גר,י.כהן,IL,פודינג וניל85 גר,גרמים,85.00,100 גרם,false,1,4.90,5.76,true,1,
7290008493413,false,פירורי לחם מאיר בייגל פירורי גריסיני 200 גרם,מאיר את ביגל,IL,פירורי גריסיני,גרמים,200.00,100 גרם,false,0,6.90,3.45,true,1,
7290008503877,false,סלמון נורווגי קפוא,סיבורן,NO,סלמון נורווגי,קילוגרמים,0.00,"ק""ג",true,1,69.90,69.90,true,1,
7290008636193,false,כמון בצנצנת מיה 300 גרם,מיה תעשיות מזון מ.ת.מ. ב,IL,כמון צנצנת,גרמים,300.00,100 גרם,false,0,15.90,5.30,true,1,
7290008636209,false,כורכום בצנצנת מיה 300 גרם,מיה תעשיות מזון מ.ת.מ. ב,IL,כורכום צנצנת,גרמים,300.00,100 גרם,false,0,15.90,5.30,true,1,
7290008636926,false,קקאו הולנדי בשקית מיה 500 גרם,מיה תעשיות מזון מ.ת.מ. ב,IL,אבקת קקאו,גרמים,500.00,100 גרם,false,0,14.90,2.98,true,1,
7290008636988,false,גרעיני חמניות קלופים 100 גר' מיה,מיה תעשיות מזון מ.ת.מ. ב,IL,גרעיני חמניה,גרמים,100.00,100 גרם,false,0,3.00,3.00,true,1,
7290008636995,false,גרעיני דלעת קלופים מיה 100 גרם,מיה תעשיות מזון מ.ת.מ. ב,IL,גרעיני דלעת קלוף,גרמים,100.00,100 גרם,false,0,9.90,9.90,true,1,
7290008644112,false,סלט מטבוחה יום יום אחלה 125 גרם,"שטראוס גרופ בע""\מ",IL,מטבוחה יום יום,גרמים,125.00,100 גרם,false,0,4.90,3.92,true,1,
7290008645935,false,חומוס לניגוב אחלה 750 ג',"שטראוס גרופ בע""\מ",IL,חומוס אחלה,גרמים,750.00,100 גרם,false,0,9.90,1.32,true,1,
7290008690713,false,נקטר חמוציות אושן ספריי פריגת 1 ליטר,מבשלות בירה בינלאומיות ב,IL,אושן ספריי,ליטרים,1.00,ליטר,false,0,11.10,11.10,true,1,
7290008693134,false,מעדן גבינה ויוגורט בטעם תות 5% שומן 88 ג' דניאלה,"שטראוס בריאות בע""מ",IL,דניאלה תות מוקצף,גרמים,88.00,100 גרם,false,0,4.00,4.55,true,1,
7290008745239,false,תפוצ'יפס קראנצ' בטעם טבעי עלית 50 גרם,"שטראוס פריטו ליי בע""\מ )",IL,תפוצ'יפס קראנצ',גרמים,50.00,100 גרם,false,0,3.90,7.80,true,1,
7290008747547,false,תפוצ'יפס קראנץ' בטעם טבעי עלית 200 גרם,"שטראוס פריטו ליי בע""\מ )",IL,תפוצ'יפס קראנצ',גרמים,200.00,100 גרם,false,0,9.90,4.95,true,1,
7290008753111,false,תפוצ'יפס קראנץ' בטעם מקסיקני עלית 50 גרם,"שטראוס פריטו ליי בע""\מ )",IL,תפוצ'יפס קראנצ',גרמים,50.00,100 גרם,false,0,3.90,7.80,true,1,
7290008754040,false,ממרח בטעם שוקולד פרה מגדים עלית 850 גרם,שטראוס גרופ,IL,ממרח בטעם שוקולד,גרמים,850.00,100 גרם,false,0,15.90,1.87,true,1,
7290008756143,false,שמן פרפין,,CN,שמן פרפין,יחידה,1.00,יחידה,false,1,29.90,29.90,true,1,
7290008757980,false,קרטונית ספרינג נקטר רימונים 1 ליטר,יפאורה שותפות מובגלת לשיווק,IL,נקטר רימונים,ליטרים,1.00,ליטר,false,0,6.10,6.10,true,1,
7290008761956,false,קבב בקר קהילות 500 גרם,טיבון ויל אחזקות בעמ,IL,קבב בקר 500 גרם,גרמים,500.00,100 גרם,false,0,24.90,4.98,true,1,
7290008801010,false,"יין קברנה סוביניון מרלו פרייוט קולקשן 750 מ""ל",אגודת הכורמים הקאופו,IL,קברנה מרלו P.C,מיליליטרים,750.00,"100 מ""ל",false,0,32.90,4.39,true,1,
7290008801539,false,יין כרמל 120 קינג דיוויד יקבי כרמל,אגודת הכורמים הקואופרטיב,IL,קינג דיוויד,מיליליטרים,750.00,"100 מ""ל",false,0,19.90,2.65,true,1,
7290008802291,false,יין מרלו פרייבט קולקשן יקבי כרמל,אגודת הכורמים הקואופרטיב,IL,מרלו P.C,מיליליטרים,750.00,"100 מ""ל",false,0,32.90,4.39,true,1,
7290008802512,false,"יין וינו אדום ""כרמל מזרחי""","כד בני דרום בע""מ",IL,יין אדום יבש,מיליליטרים,750.00,"100 מ""ל",false,0,19.90,2.65,true,1,
7290008802529,false,"יין לבן חצי יבש וינו 750 מ""ל",כרמל מזרחי,IL,יין לבן יבש וינו,מיליליטרים,750.00,"100 מ""ל",false,0,19.90,2.65,true,1,
7290008802895,false,יין קברנה סוביניון פרייבט קולקשן יקבי כרמל,אגודת הכורמים הקאופורטיב,IL,קברנה סוביניון,מיליליטרים,750.00,"100 מ""ל",false,0,32.90,4.39,true,1,
7290008804462,false,יין מוסקט קינוח פרייבט קולקשן יקבי כרמל,אגודת הכורמים הקואופרטיב,IL,מוסקט קינוח,מיליליטרים,500.00,"100 מ""ל",false,0,32.90,6.58,true,1,
7290008807272,false,רזרב גוורצטרמינר חצי יבש,בנימינה Binyamina,IL,"יין רזרב 750 מ""ל",מיליליטרים,750.00,"100 מ""ל",false,0,69.90,9.32,true,1,
7290008837866,false,שירת הלל 100% מיץ ענבים טבעי 1 ליטר,יקבי ארזה,IL,תירוש ענבים,ליטרים,1.00,ליטר,false,0,16.90,16.90,true,1,
7290008909853,false,"קוקה קולה זירו בקבוק 500 מ""ל.",החברה המרכזית לייצור משקאות,IL,קוקה קולה זירו,מיליליטרים,500.00,"100 מ""ל",false,0,7.50,1.50,true,1,
7290008989299,false,גרנולה חמוציות בטר אנד דיפרנט 350 גרם,,IL,גרנולה 350 גר,גרמים,350.00,100 גרם,false,0,12.90,3.69,true,1,
7290008989428,false,גרנולה עם אגוזים ושקדים 400 גר' B.D,,IL,גרנולה אגוזים,גרמים,400.00,100 גרם,false,0,12.90,3.23,true,1,
7290008989572,false,ממרח חלווה בטעם וניל בטר אנד דיפרנט 350 גרם,,IL,ממרח חלבה וניל,גרמים,350.00,100 גרם,false,0,11.90,3.40,true,1,
7290008989749,false,פריכיות קינואה 200 ג' B-D,בטר אנד דיפרנט,IL,פריכיות קינואה,גרמים,200.00,100 גרם,false,0,10.90,5.45,true,1,
7290008989855,false,"פרכוני אורז בטר אנד דיפרנט 80 גרם כשל""פ",בטר אנד דיפרנט B&D,IL,פריכוני אורז,גרמים,80.00,100 גרם,false,0,3.90,4.88,true,1,
7290009147179,true,פלאנקן בקר קפוא,גלאט עוף,IL,פלאנקן בקר קפוא,קילוגרמים,0.00,"ק""ג",true,1,89.90,89.90,true,1,
7290009397642,true,חמישית מאפין שוקו 200גרם,גידרון,IL,חמישיית מאפין,גרמים,5.00,100 גרם,false,0,7.90,158.00,true,1,
7290009397697,true,מאפין שוק.צ'יפס 5י גדרון,גידרון,IL,חמישיית מאפין,גרמים,5.00,100 גרם,false,0,7.90,158.00,true,1,
7290009398021,true,לחמניית ביס באגט,גידרון,IL,לחמניית ביס באגט,יחידה,1.00,יחידה,false,0,1.50,1.50,true,1,
7290009398786,true,מארז פיתות אסלית 5יח100*,מאפיית אנג'ל,IL,5 פיתות אסליות,גרמים,500.00,100 גרם,false,0,5.90,1.18,true,1,
7290009399165,true,לחמניה קלה,גידרון,IL,לחמניה קלה,יחידה,1.00,יחידה,false,0,2.90,2.90,true,1,
7290009399868,true,לחמניית חלה קלה,גידרון,IL,לחמניה חלה קלה,יחידה,1.00,יחידה,false,0,3.90,3.90,true,1,
7290009401790,true,מארז פיתה כפרית 5יח100*ג,מאפיית אנג'ל,IL,פיתה קמח מלא 5יח,גרמים,500.00,100 גרם,false,0,7.90,1.58,true,1,
7290009951899,true,מאפה מלוח משקל,גידרון,IL,מאפה מלוח חלבי,קילוגרמים,0.00,"ק""ג",true,0,29.00,29.00,true,1,
7290009951912,true,מאפה מתוק משקל,גידרון,IL,מאפה מתוק,קילוגרמים,0.00,"ק""ג",true,0,29.00,29.00,true,1,
7290010023141,false,תה לימונענע הגן הקסום ויסוצקי 25 יחידות,תה ויסוצקי,IL,חליטת לימונענע,גרמים,55.00,100 גרם,false,0,16.90,30.73,true,1,
7290010068029,false,גריסי פנינה פרמיום 500 ג,כיטוב,IL,גריסי פנינה,גרמים,500.00,100 גרם,false,1,11.90,2.38,true,1,
7290010068036,false,עדשים ירוקים בואקום 500 ג' כי טוב,,IL,עדשים ירוקים,גרמים,500.00,100 גרם,false,0,8.90,1.78,true,1,
7290010068043,false,עדשים אדומות בואקום 500 ג' כי טוב,,IL,עדשים אדומים,גרמים,500.00,100 גרם,false,0,10.90,2.18,true,1,
7290010068074,false,שעועית לבנה טובה כיטוב 500 גרם,TBD,IL,שעועית לבנה,גרמים,500.00,100 גרם,false,0,10.90,2.18,true,1,
7290010068081,false,כי טוב כוסמת קלויה 500גר,,IL,כוסמת קלויה,גרמים,500.00,100 גרם,false,0,9.90,1.98,true,1,
7290010068098,false,"חיטה כיטוב 500 גרם בד""ץ",,IL,חיטה,גרמים,500.00,100 גרם,false,0,7.90,1.58,true,1,
7290010068104,false,שעועית אדומה כיטוב 500 גרם,,IL,שעועית אדומה,גרמים,500.00,100 גרם,false,0,9.90,1.98,true,1,
7290010068111,false,"גריסי פנינה כיטוב 500 גרם בד""ץ",TBD,IL,גריסי פנינה,גרמים,500.00,100 גרם,false,0,7.90,1.58,true,1,
7290010068128,false,כי טוב אפונה יבשה בואקום 500גר,,IL,אפונה יבשה,גרמים,500.00,100 גרם,false,0,7.90,1.58,true,1,
7290010068142,false,"אורז בסמטי פרימיום 1 ק""ג",כיטוב,IL,אורז בסמטי,קילוגרמים,1.00,"ק""ג",false,0,21.90,21.90,true,1,
7290010068159,false,קוואקר בוואקום כיטוב 320 גרם,,IL,קוואקר,גרמים,320.00,100 גרם,false,0,6.90,2.16,true,1,
7290010068173,false,בורגול כיטוב 500 גרם,,IL,בורגול,גרמים,500.00,100 גרם,false,0,7.90,1.58,true,1,
7290010068197,false,שעועית מעורבת יבשה 500 ג' כי טוב,,IL,שעועית מעורבת,גרמים,500.00,100 גרם,false,0,9.90,1.98,true,1,
7290010068203,false,אורז בסמטי כיטוב 500 גרם,,IL,אורז בסמטי,גרמים,500.00,100 גרם,false,0,9.90,1.98,true,1,
7290010068227,false,"קינואה כיטוב 300 גרם בד""ץ",,IL,קינואה,גרמים,300.00,100 גרם,false,0,13.90,4.63,true,1,
7290010068234,false,"שומשום מלא כיטוב 200 גרם בד""ץ",,IL,שומשום מלא,גרמים,200.00,100 גרם,false,0,9.90,4.95,true,1,
7290010068241,false,גרעיני חמניה כיטוב 200 גרם,,IL,גרעיני חמניות,גרמים,200.00,100 גרם,false,0,9.90,4.95,true,1,
7290010068258,false,כוסמת טבעית 500 גרם,"ע.רן שיווק כיטוב בע""מ",IL,כוסמת טבעית,גרמים,500.00,100 גרם,false,0,12.90,2.58,true,1,
7290010068265,false,חומוס לבן ענק כיטוב 500 גרם,,IL,חומוס לבן,גרמים,500.00,100 גרם,false,0,11.90,2.38,true,1,
7290010068357,false,"אורז לבן פרסי בד""צ בואקום כיטוב 2 ק""ג",,IL,אורז לבן פרסי,קילוגרמים,2.00,"ק""ג",false,0,24.90,12.45,true,1,
7290010068463,false,שעועית מש 500 גרם,"ע.רן שיווק כיטוב בע""מ",IL,שעועית מש,גרמים,500.00,100 גרם,false,0,12.90,2.58,true,1,
7290010068500,false,"אורז לבן פרסי בואקום כיטוב 1 ק""ג",,IL,אורז פרסי,גרמים,1000.00,100 גרם,false,0,12.90,1.29,true,1,
7290010068531,false,"אורז קלאסי בוואקום 1 ק""ג",ע.רן שיווק,IL,אורז קלאסי,קילוגרמים,1.00,"ק""ג",false,1,12.90,12.90,true,1,
7290010068708,false,קוואקר כיטוב הכנה מהירה 500 גרם,,IL,קוואקר שקית,גרמים,500.00,100 גרם,false,0,9.90,1.98,true,1,
7290010068753,false,קוסקוס נקי בוואקום 350 גרם כי טוב,,IL,קוסקוס,גרמים,350.00,100 גרם,false,1,9.90,2.83,true,1,
7290010068784,false,"אורז בסמטי 1 ק""ג כי טוב",,IL,אורז בסמטי,גרמים,1000.00,100 גרם,false,0,15.90,1.59,true,1,
7290010068852,false,כי טוב אורז לבן יסמין 1 קג,,IL,אורז לבן יסמין,קילוגרמים,1.00,"ק""ג",false,0,13.90,13.90,true,1,
7290010068876,false,"גריסי פנינה 1 ק""ג כי טוב",,IL,גריסים,קילוגרמים,1.00,"ק""ג",false,0,13.90,13.90,true,1,
7290010068890,false,"שעועית לבנה 1 ק""ג כי טוב",,IL,שעועית לבנה,גרמים,1000.00,100 גרם,false,0,17.90,1.79,true,1,
7290010068906,false,"אורז מלא 1 ק""ג כי טוב",,IL,אורז מלא,קילוגרמים,1.00,"ק""ג",false,0,14.90,14.90,true,1,
7290010116980,false,אבקת שוקולית שקית עלית 850 ג',הנסיך- מפעל לייצור ט,IL,שוקולית עלית,גרמים,850.00,100 גרם,false,0,16.90,1.99,true,1,
7290010117864,false,דוריטוס חטיף תירס בטעם חריף אש עלית 70 גרם,"שטראוס פריטו ליי בע""\מ )",IL,דוריטוס חריף,גרמים,70.00,100 גרם,false,0,3.40,4.86,true,1,
7290010119240,false,מארז תפוצ'יפס טבעי 216 גרם 12 יחידות,"שטראוס פריטו ליי בע""\מ )",IL,תפוצ'יפס 12 יח,גרמים,216.00,100 גרם,false,0,14.90,6.90,true,1,
7290010124473,false,"אפונה עדינה 600 גרם ארוז - בד""ץ עדה חרדית",פספרוסט,BE,אפונה עדינה,גרמים,600.00,100 גרם,false,1,12.90,2.15,true,1,
7290010129003,false,עוגיות אוזניים 600 גרם,ק.א. ומשווק בבלעדיות על,IL,עוגיות אוזניים,גרמים,600.00,100 גרם,false,0,17.90,2.98,true,1,
7290010129027,false,עוגיות מרוקאיות 600 גרם,ק.א. ומשווק בבלעדיו על י,IL,עוגיות מרוקאיות,גרמים,600.00,100 גרם,false,0,17.90,2.98,true,1,
7290010129324,false,עוגיות מעמול 600 גרם,ק.א. ומשווק בבלעדיות על,IL,עוגיות מעמול,גרמים,600.00,100 גרם,false,0,17.90,2.98,true,1,
7290010129553,false,עוגיות רולדה תמרים 600 גרם,ק.א. ומשווק בבלעדיות על,IL,עוגיות רולדה,גרמים,600.00,100 גרם,false,1,17.90,2.98,true,1,
7290010129652,false,עוגיות לקפה דולצ'ה ו,קונדטוריית אנגל,IL,עוגיות לקפה,גרמים,350.00,100 גרם,false,1,14.90,4.26,true,1,
7290010153503,false,שעועית בובס יבשה מיה 400 גר',מיה תעשיות מזון מ.ת.מ. ב,IL,שעועית ענק,גרמים,400.00,100 גרם,false,0,8.00,2.00,true,1,
7290010153510,false,בורגול יבש מיה 500 גר',מיה תעשיות מזון מ.ת.מ. ב,IL,בורגול,גרמים,500.00,100 גרם,false,0,4.90,0.98,true,1,
7290010153527,false,ג'ריש מיה 500 גרם,מיה תעשיות מזון מ.ת.מ. ב,IL,ג'ריש,גרמים,500.00,100 גרם,false,0,4.90,0.98,true,1,
7290010153534,false,קמח תירס מיה 400 גרם,מיה תעשיות מזון מ.ת.מ. ב,IL,קמח תירס,גרמים,400.00,100 גרם,false,0,6.90,1.73,true,1,
7290010153541,false,שיבולת שועל קוואקר מהיר הכנה מיה 500 גר',מיה תעשיות מזון מ.ת.מ. ב,IL,שיבולת שועל,גרמים,500.00,100 גרם,false,0,6.90,1.38,true,1,
7290010153688,false,חומץ רכיבים טבעיים 1 ליטר,פרידמן תעשיות חומץ ו,IL,חומץ טבעי,מיליליטרים,1000.00,"100 מ""ל",false,0,6.90,0.69,true,1,
7290010153770,false,ציפוי לשניצל פיקנטי מיה 500 גרם,מיה תעשיות מזון מ.ת.מ. ב,IL,ציפוי לשניצל,גרמים,500.00,100 גרם,false,0,9.90,1.98,true,1,
7290010153787,false,ציפוי לשניצל עם שום מיה 500 גרם,מיה תעשיות מזון מ.ת.מ. ב,IL,ציפוי לשניצל,גרמים,500.00,100 גרם,false,0,9.90,1.98,true,1,
7290010153794,false,ציפוי לשניצל עם עשבי תיבול מיה 500 גרם,מיה תעשיות מזון מ.ת.מ. ב,IL,ציפוי לשניצל,גרמים,500.00,100 גרם,false,0,9.90,1.98,true,1,
7290010153800,false,ציפוי לשניצל עם תיבול עדין מיה 500 גרם,מיה תעשיות מזון מ.ת.מ. ב,IL,ציפוי לשניצל,גרמים,500.00,100 גרם,false,0,9.90,1.98,true,1,
7290010153817,false,ריבת חלב אמיתי מיה 400 גרם,מיה תעשיות מזון מ.ת.מ. ב,IL,ריבת חלב,גרמים,400.00,100 גרם,false,0,11.90,2.98,true,1,
7290010153848,false,תבלין פפריקה מרוקאי בשמן 80 גר' מיה,מיה תעשיות מזון מ.ת.מ. ב,IL,פפריקה בשמן,גרמים,80.00,100 גרם,false,0,6.90,8.63,true,1,
7290010153855,false,פפריקה מרוקאית בשמן 300 גרם צנצנת,מיה תעשיות מזון מ.ת.מ. ב,IL,פפריקה מרוקאית,גרמים,300.00,100 גרם,false,0,15.90,5.30,true,1,
7290010153862,false,פלפל שחור גרוס בצנצנת מיה 70 גרם,מיה תעשיות מזון מ.ת.מ. ב,IL,פלפל שחור גרוס,גרמים,70.00,100 גרם,false,0,9.90,14.14,true,1,
7290010153879,false,ריבת חלב מרוכזת בטעם שמנת מיה 400 גר',מיה תעשיות מזון מ.ת.מ. ב,IL,ריבת חלב ט.שמנת,גרמים,400.00,100 גרם,false,0,11.90,2.98,true,1,
7290010153978,false,קונפיטורה שזיפים מיה 340 גרם,מיה תעשיות מזון מ.ת.מ. ב,IL,קונפיטורה שזיפים,גרמים,340.00,100 גרם,false,0,8.90,2.62,true,1,
7290010161669,false,אדם פרימייר דאודורנט ספריי 200 מל,זוהר קוסמטיקס,IL,דאו.אדם פרמייר,מיליליטרים,200.00,"100 מ""ל",false,0,16.90,8.45,true,1,
7290010175048,false,מיץ בטעם לימון משומר 1 ליטר טעמן,טעמן,IL,מיץ לימון משומר 1 ליטר,ליטרים,1.00,ליטר,false,0,4.90,4.90,true,1,
7290010176014,false,"מיץ לימון טבעי טעמן 1ל' בד""ץ",,IT,מיץ לימון,ליטרים,1.00,ליטר,false,0,12.90,12.90,true,1,
7290010193288,false,קישקע ממולא גלאט עוף 500 גרם,מ ב גלאט עוף למהדרין,IL,קישקע קפוא 500 ג,גרמים,500.00,100 גרם,false,0,15.90,3.18,true,1,
7290010193318,false,המבורגר גלאט עוף 400,מ ב גלאט עוף למהדרין,IL,המבורגר בקר,גרמים,400.00,100 גרם,false,0,24.90,6.23,true,1,
7290010193431,false,סלמי מובחר 200 גר' ג.ע.,גלאט עוף,IL,סלמי מובחר200גרם,גרמים,200.00,100 גרם,false,0,13.90,6.95,true,1,
7290010193523,false,פסטרמה מעודנת 400 גרם גלאט עוף,מ ב גלאט עוף למהדרין,IL,פסטרמה מעודנת,גרמים,400.00,100 גרם,false,0,22.00,5.50,true,1,
7290010193530,false,נקניק קבנוס ג.עוף 18,מ ב גלאט עוף למהדרין,IL,קבנוס 180 גרם,גרמים,180.00,100 גרם,false,0,13.90,7.72,true,1,
7290010193608,false,מארז שלישיה נקניקיות עוף 300 גר',מ ב גלאט עוף למהדרין,IL,נקניקיות עוף,גרמים,900.00,100 גרם,false,0,21.90,2.43,true,1,
7290010193615,false,מארז זוגי פסטרמה הודו מעושן+תה מעושן גלאט עוף 300 גרם,מ ב גלאט עוף למהדרין,IL,נקניק תה+פסטרמה,גרמים,600.00,100 גרם,false,0,24.90,4.15,true,1,
7290010193851,false,"שניצל אמריקאי גלאט עוף 2 ק""ג",מ ב גלאט עוף למהדרין,IL,שניצל אמריקאי,קילוגרמים,2.00,"ק""ג",false,0,59.90,29.95,true,1,
7290010193929,false,שניצלונים בשומשום 1.3 קג,מ ב גלאט עוף למהדרין,IL,שניצלונים שומשום,קילוגרמים,1.30,"ק""ג",false,1,59.90,46.08,true,1,
7290010193998,false,קישקע פרווה 700 גרם,גלאט עוף,IL,קישקע פרווה,גרמים,700.00,100 גרם,false,1,18.90,2.70,true,1,
7290010237531,false,"פפסי קולה פלסטיק 500 מ""ל","טמפו משקאות בע""ם.",IL,פפסי בקבוק,מיליליטרים,500.00,"100 מ""ל",false,0,4.10,0.82,true,1,
7290010237548,false,"פפסי מקס דל קלוריות 500 מ""ל בקבוק",טמפו משקאות בעמ,IL,פפסי מקס,מיליליטרים,500.00,"100 מ""ל",false,0,3.90,0.78,true,1,
7290010237562,false,משקה פפסי מרינדה קוו,"טמפו משקאות בע""מ",IL,מירינדה,מיליליטרים,500.00,"100 מ""ל",false,0,4.10,0.82,true,1,
7290010237579,false,משקה סבן אפ קוול 500,"טמפו משקאות בע""מ",IL,סבנ אפ,מיליליטרים,500.00,"100 מ""ל",false,0,4.10,0.82,true,1,
7290010237586,false,"סבן אפ דיאט בקבוק 500 מ""ל",טמפו 7.5%,IL,סבנ אפ דיאט,מיליליטרים,500.00,"100 מ""ל",false,0,3.90,0.78,true,1,
7290010237784,false,בירה שנדי בתוספת משקה לימון ליים - שישייה,"טמפו משקאות בע""\מ",IL,מכבי שנדי 6 יח,ליטרים,1.98,ליטר,false,0,34.90,17.63,true,1,
7290010237890,false,"בירה הייניקן בקבוק 500 מ""ל חוזר",טמפו משקאות בע''מ,IL,בירה הייניקן,מיליליטרים,500.00,"100 מ""ל",false,0,8.90,1.78,true,1,
7290010259830,false,מנת השף נודלס בסגנון סיני פיקנטי וילי פוד 70 גרם,נמצ'או(תאילנד) בעמ,TH,מנת השף נודלס,גרמים,70.00,100 גרם,false,0,3.90,5.57,true,1,
7290010259847,false,מנת השף מרק עם נודלס בטעם תירס ויליפוד 70 גרם,קריות זול,TH,מנת השף נודלס,גרמים,70.00,100 גרם,false,0,3.90,5.57,true,1,
7290010259854,false,מנת השף מרק עם נודלס בטעם פטריות ויליפוד 70 גרם,נמצ'או(תאילנד) בעמ,TH,מנת השף נודלס,גרמים,70.00,100 גרם,false,0,3.90,5.57,true,1,
7290010328093,false,ממרח חלווה אחווה 400 ג' מהדרין,אחדות בית חרושת לטחי,IL,ממרח חלוה,גרמים,400.00,100 גרם,false,0,11.90,2.98,true,1,
7290010328178,false,חלבה מסולסלת שערות אחוה 250 ג',אחדות ביחר לטחינה חל,IL,חלוה מסולסלת,גרמים,250.00,100 גרם,false,0,11.90,4.76,true,1,
7290010328239,false,טחינה גולמית מתובלת אחווה 500 ג',אחדות ביחר לטחינה חל,IL,טחינה מתובלת,גרמים,500.00,100 גרם,false,0,11.90,2.38,true,1,
7290010328451,false,חלווה פולי קקאו אחוה 400 גרם,אחדות ביחר לטחינה חל,IL,חלווה+פולי קקאו,גרמים,400.00,100 גרם,false,0,14.90,3.73,true,1,
7290010328680,false,עוגה בטעם שוקולד עם שוקוצ'יפס מריר ולבן 450 גרם,אחדות ביחר לטחינה חל,IL,עוגת שוקולד450גר,גרמים,450.00,100 גרם,false,1,8.90,1.98,true,1,
7290010328710,false,קיצפיות בטעם וניל תות 18,אחדות ביחר לטחינה חל,IL,קיצפיות 180 גרם,גרמים,180.00,100 גרם,false,1,9.90,5.50,true,1,
7290010328727,false,ממרח טחינה עם שוקולד אחווה 400 גרם,אחדות ביחר לטחינה חל,IL,ממרח שומשום 400ג,גרמים,400.00,100 גרם,false,1,11.90,2.98,true,1,
7290010328819,false,ממרח טחינה עם שוקולד משומשום מלא אחווה 400 גרם,אחדות ביחר לטחינה חל,IL,ממרח טחינה,גרמים,400.00,100 גרם,false,1,11.90,2.98,true,1,
7290010328895,false,מאפינס וניל/שוקולד 45 גר',אחדות ביחר לטחינה חל,IL,מאפין שוקולד45ג,גרמים,45.00,100 גרם,false,1,1.90,4.22,true,1,
7290010328901,false,מאפין בטעם וניל אחוה 45 גרם,אחדות ביחר לטחינה חל,IL,מאפין בטעם וניל,גרמים,45.00,100 גרם,false,1,1.90,4.22,true,1,
7290010329984,false,שוקולד ציפס 60% מוצקי קקאו 250 גר',כרמית תעשיות ממתקים בעמ,IL,שוקולד צ'יפס,גרמים,250.00,100 גרם,false,0,9.90,3.96,true,1,
7290010429554,false,"שמן זית כתית מעולה יד מרדכי 2 קלאסי, 750 מ""ל",מכוורת יד מרדכי שטראוס ב,IL,שמן זית 2 קלאסי,מיליליטרים,750.00,"100 מ""ל",false,0,34.90,4.65,true,1,
7290010471669,false,יוגורט תות עם קורנפלקס מצופה שוקולד ללא גלוטן 3.9%,"שטראוס בריאות בע""\מ",IL,דנונה בר תות,גרמים,175.00,100 גרם,false,0,4.90,2.80,true,1,
7290010472390,false,מארז 8 יחידות מעדן דני בטעם שוקולד 1.5%,מיוצר עי קונדיטוריית,IL,דני שוקולד 8 יח',קילוגרמים,1.00,"ק""ג",false,0,14.90,14.90,true,1,
7290010617258,false,מוצץ סיליקון קטן לרך נולד פרח זוגי,אריסטוקרט,TH,מוצץ פרח זוג,יחידה,1.00,יחידה,false,0,17.90,17.90,true,1,
7290010617968,false,קיסמי שיניים דנטלים 200יח',אריסטוקרט,,קסמי שיניים דנטל,יחידה,1.00,יחידה,false,0,9.90,9.90,true,1,
7290010748860,false,"ד""ר פישר - אפקטיב קר קרם ידיים אינטנסיב 150 מ""ל",פישר מעבדות פרמצבטיות בע,IL,קרם ידיים,מיליליטרים,150.00,"100 מ""ל",false,0,14.90,9.93,true,1,
7290010827886,false,מגבונים לתינוק 72 דף,דינמיק,IL,מגבונים לתינוק,יחידה,1.00,יחידה,false,1,1.90,1.90,true,1,
7290010838219,false,ממתיק על בסיס צמח הסטיביה - שקיות,"קיפל טבליות וממתיקים בע""מ",IL,ממתיק מרמולייט,גרמים,100.00,100 גרם,false,0,29.90,29.90,true,1,
7290010838424,false,ג'ל לניקוי מתקדם בניחוח רענן - מארז זוג,"איטיליאן פוד, אס.פי.",NL,דאק לאסלה זוג,ליטרים,1.50,ליטר,false,0,18.90,12.60,true,1,
7290010838431,false,ג'ל לניקוי מתקדם בניחוח ים - מארז זוג,מיוצר עי קונדיטוריית,NL,דאק לאסלה זוג,ליטרים,1.50,ליטר,false,0,18.90,12.60,true,1,
7290010883356,false,כפפות אלוורה רב שימושיות גדולות L סנו סושי,סנו סושי,CN,סנו סושי כפפות,יחידה,1.00,יחידה,false,0,9.90,9.90,true,1,
7290010883370,false,כפפות אלוורה רב שימושיות בינוניות M סנו סושי,האי נאם סי או אל.טי.,CN,סנו סוש כפפות,יחידה,1.00,יחידה,false,0,9.90,9.90,true,1,
7290010903917,false,שניצל תירס שף הטבע,משק ויילר,IL,"שניצל תירס 1 ק""ג",קילוגרמים,1.00,"ק""ג",false,1,24.90,24.90,true,1,
7290010903924,false,שניצל צמחי שף הטבע 1,משק ויילר,IL,"שניצל צמחי1 ק""ג",קילוגרמים,1.00,"ק""ג",false,1,24.90,24.90,true,1,
7290010903931,false,כוכבי תירס שף הטבע 1,משק ויילר,IL,"כוכבי תירס 1 ק""ג",קילוגרמים,1.00,"ק""ג",false,1,24.90,24.90,true,1,
7290010922857,false,"מנגו קפוא 250 גרם - Shake It - בד""ץ עדה חרדית","הבו-קדו בע""\מn\",IL,מנגו קפוא 250 גר,גרמים,250.00,100 גרם,false,1,14.90,5.96,true,1,
7290010922888,false,"בלדי טחון בקר טהור אשפר1 ק""ג","בלדי בע""\מ",IL,"בקר טחון 1 ק""ג",יחידה,1.00,יחידה,false,1,39.90,39.90,true,1,
7290010922895,false,המבורגר בקר בלדי אשפר 400 גרם ארוז,"בלדי בע""\מn\",IL,המבורגר בקר400גר,גרמים,400.00,100 גרם,false,1,14.90,3.73,true,1,
7290010922901,false,קבב מזרחי קפוא ארוז אשפר 400 גרם בלדי,"בלדי בע""\מ",IL,קבב מזרחי 400גרם,גרמים,400.00,100 גרם,false,1,14.90,3.73,true,1,
7290010931330,false,סלט מטבוחה אחלה 500 גרם,מיוצר עי קונדיטוריית,IL,סלט מטבוחה אחלה,גרמים,500.00,100 גרם,false,0,15.90,3.18,true,1,
7290010945306,false,חלב בקרטון 3% 2 ליטר טרה,הפריט בפיקוח,IL,חלב 3% בקרטון,ליטרים,2.00,ליטר,false,0,12.40,6.20,true,1,
7290010945481,false,גבינה לבנה טרה 5% מרכיבים טבעיים,הפריט בפיקוח,IL,גבינה לבנה 5%,גרמים,500.00,100 גרם,false,0,9.50,1.90,true,1,
7290011015985,false,"סירופ בטעם דיאט אננס 750 מ""ל פריגת",סירופ - גבעת חיים,IL,סירופ דיאט אננס,מיליליטרים,750.00,"100 מ""ל",false,0,24.90,3.32,true,1,
7290011017866,false,קוקה קולה קלאסי בפחית,החברה המרכזית לייצור משקאות,IL,קוקה קולה פחית,מיליליטרים,330.00,"100 מ""ל",false,0,4.90,1.48,true,1,
7290011017873,false,"פחיות קוקה קולה זירו 330 מ""ל",החברה המרכזית לייצור משקאות,IL,קולה זירו,מיליליטרים,330.00,"100 מ""ל",false,0,4.90,1.48,true,1,
7290011108724,false,"כרוב לבן 1 ק""ג קטיף הארץ",,IL,"כרוב לבן 1 ק""ג ק",גרמים,1000.00,100 גרם,false,1,19.90,1.99,true,1,
7290011108731,false,"כרוב אדום 1 ק""ג קטיף האר",,IL,"כרוב אדום 1 ק""ג",גרמים,1000.00,100 גרם,false,1,19.90,1.99,true,1,
7290011108748,false,"סלט קולסלאו 1 ק""ג קטיף ה",,IL,"סלט קולסלאו 1 ק""",גרמים,1000.00,100 גרם,false,1,19.90,1.99,true,1,
7290011113926,false,דאודורנט ספריי טיטניום בלאק Titanium Black,משווק: וסמופארם בעממ,IL,דאודורנט טיטניום,מיליליטרים,200.00,"100 מ""ל",false,0,16.90,8.45,true,1,
7290011115203,false,אל סבון מוצק מבושם בניחוח עדין קלאסיק - מארז רביעיה,טרופיקל דגיל תעשיות,IL,סבון נקה 7 4 יח,גרמים,400.00,100 גרם,false,0,10.90,2.73,true,1,
7290011115241,false,אל סבון ארומטי מוצק ורוד ורד ויסמין - מארז רביעיה,"גליל כימיכלים בע""מ",IL,סבון נקה 4X 7,גרמים,400.00,100 גרם,false,0,10.90,2.73,true,1,
7290011126452,false,הגן הקסום תה בטעם קמומיל ונענע ויסוצקי 25 יחידות,תה ויסוצקי,IL,חליטת קמומיל,גרמים,37.00,100 גרם,false,0,16.90,45.68,true,1,
7290011133375,false,בירה שנדי בתוספת משקה אפרסק - שישייה,"טמפו משקאות בע""מ",IL,מכבי שנדי 6 יח,ליטרים,1.98,ליטר,false,0,34.90,17.63,true,1,
7290011133634,false,"פפסי מקס פחית צרה מארז שישייה 330 מ""ל","טמפו משקאות בע""\מ",IL,פפסי מקס 6 פחיות,ליטרים,1.98,ליטר,false,1,16.50,8.33,true,1,
7290011154035,false,"תרכיז תפוחים סחוט טעמי הגליל 500 מ""ל",טעמי הגליל,IL,תרכיז תפוחים,מיליליטרים,500.00,"100 מ""ל",false,1,20.50,4.10,true,1,
7290011154042,false,"ממרח תמרים בד""ץ 450 גרם",,IL,"ממרח תמרים בד""ץ",גרמים,450.00,100 גרם,false,1,5.90,1.31,true,1,
7290011154103,false,"רסק תפו""ע ללא סוכר ד",,IL,"רסק תפו""ע",גרמים,560.00,100 גרם,false,0,7.90,1.41,true,1,
7290011154134,false,סילאן דבש תמרים צנצנת900,,IL,סילאן צנצנת,גרמים,900.00,100 גרם,false,0,13.90,1.54,true,1,
7290011154301,false,ממרח תמרים טעמי הגלי,טעמי הגליל,IL,ממרח תמרים 450 ג,גרמים,450.00,100 גרם,false,0,5.90,1.31,true,1,
7290011154318,false,סילאן טבעי 900גר טעמי הגליל,טעמי הגליל,IL,סילאן טבעי,גרמים,900.00,100 גרם,false,1,19.90,2.21,true,1,
7290011174156,false,תירס גרעינים ויטה 550גרם,פרי הגליל בעמ,IL,תירס גרעינים,גרמים,550.00,100 גרם,false,0,5.90,1.07,true,1,
7290011174187,false,אפונה ירוקה 550 גר' ויטה,פרי הגליל,IL,אפונה גינה,גרמים,580.00,100 גרם,false,0,5.90,1.02,true,1,
7290011174392,false,שעועית לבנה ברוטב עגבניות,פרי הגליל בעמ,IL,שעועית אפויה,גרמים,570.00,100 גרם,false,0,5.90,1.04,true,1,
7290011194246,false,קוטג' 5% עם סידן 250 ג' שטראוס,מיוצר עי קונדיטוריית,IL,קוטג' 5% שומן,גרמים,250.00,100 גרם,false,0,5.80,2.32,true,1,
7290011202019,false,גרעיני חמניה קלופים 100,דרומה,IL,גרעיני חמניה,גרמים,100.00,100 גרם,false,1,4.00,4.00,true,1,
7290011202026,false,שקד מולבן פרוס,,IL,שקד מולבן פרוס,גרמים,100.00,100 גרם,false,0,12.90,12.90,true,1,
7290011202316,false,גריל עוף 80 גרם,,IL,גריל עוף 80 גרם,גרמים,80.00,100 גרם,false,0,3.90,4.88,true,1,
7290011202323,false,פפריקה חריפה80ג,,IL,פפריקה חריפה80ג,גרמים,80.00,100 גרם,false,0,3.90,4.88,true,1,
7290011202354,false,כורכום בשקית80גר,,IL,כורכום בשקית80גר,גרמים,80.00,100 גרם,false,0,3.90,4.88,true,1,
7290011202361,false,אורגנו בשקית,,,אורגנו בשקית,גרמים,30.00,100 גרם,false,0,3.90,13.00,true,1,
7290011202415,false,סודה לשתיה,,,סודה לשתיה,גרמים,200.00,100 גרם,false,0,3.90,1.95,true,1,
7290011202835,false,פפריקה מתוקה קופסה 300 ג,,IL,פפריקה מתוקה קופסה 300 ג,גרמים,300.00,100 גרם,false,0,14.90,4.97,true,1,
7290011202842,false,פלפל שחור דרומה 300,דרומה י.א.ט בעמ,IL,פלפל שחור,גרמים,300.00,100 גרם,false,0,24.90,8.30,true,1,
7290011202866,false,מלח לימון צנצנת,,IL,מלח לימון צנצנת,גרמים,300.00,100 גרם,false,0,14.90,4.97,true,1,
7290011202873,false,סודה לשתיה 800 גרם,דרומה,IL,סודה לשתיה,גרמים,600.00,100 גרם,false,0,14.90,2.48,true,1,
7290011202910,false,כורכום 300 גרם,דרומה,IL,כורכום,גרמים,300.00,100 גרם,false,0,14.90,4.97,true,1,
7290011231620,false,רביעיית סוללות אלקליין AA,,CN,4 סוללות אלקליין,יחידה,1.00,יחידה,false,1,7.50,7.50,true,1,
7290011240332,false,מיץ ענבים אדום תירוש יקבי ציון 1 ליטר,יקבי ציון,IL,תירוש ענבים,ליטרים,1.00,ליטר,false,0,14.90,14.90,true,1,
7290011240868,false,"יין מוסקטו אדום מבעבע יקבי ציון 750 מ""ל",יקבי ציון,IL,מוסקטו אדום,מיליליטרים,750.00,"100 מ""ל",false,0,26.90,3.59,true,1,
7290011240905,false,"יין מוסקטו לבן מבעבע יקבי ציון 750 מ""ל",יקבי ציון,IL,מוסקטו לבן,מיליליטרים,750.00,"100 מ""ל",false,0,26.90,3.59,true,1,
7290011249212,false,וופל עלמה בלגי לימון 200 גר' ללא סוכר,"גילרו בע""מ",IL,וופל 200 גרם,גרמים,200.00,100 גרם,false,1,3.90,1.95,true,1,
7290011249748,false,רולים גלילי ופל במילוי קרם שוקולד 100 ג' עלמה,"גילרו בע""מ",IL,רולים בטעם שוקו,גרמים,100.00,100 גרם,false,0,3.90,3.90,true,1,
7290011249755,false,רולים גלילי ופל במילוי קרם אגוזים 100 ג' עלמה,"גילרו בע""מ",IL,רולים טעם אגוז,גרמים,100.00,100 גרם,false,0,3.90,3.90,true,1,
7290011254018,false,שעועית מש מיה 500 גר',מיה תעשיות מזון מ.ת.מ. ב,IL,שעועית מש,גרמים,500.00,100 גרם,false,0,6.90,1.38,true,1,
7290011254230,false,תן צ'אפ חטיף טבעות מארז 15X10ג',מיה תעשיות מזון מ.ת.מ. ב,IL,מארז תן צ'אפ,גרמים,120.00,100 גרם,false,0,8.90,7.42,true,1,
7290011254247,false,תן צ'אפ חטיף גלגלים מארז 15X10ג',מיה תעשיות מזון בעמ,IL,חטיף תן צ'אפ,גרמים,120.00,100 גרם,false,0,8.90,7.42,true,1,
7290011254346,false,מיה קטניות קינואה בד,מיה תעשיות מזון מ.ת.מ. ב,IL,קינואה,קילוגרמים,1.00,"ק""ג",false,0,19.90,19.90,true,1,
7290011254452,false,סוכריות ללא תוספת סוכר בטעם מנטה מיה 80 גרם,מיה תעשיות מזון מ.ת.מ. ב,IL,סוכריות ללא סוכר,גרמים,80.00,100 גרם,false,0,5.80,7.25,true,1,
7290011254469,false,סוכריות ללא תוספת סוכר בטעם לימון מיה 80 גרם,מיה תעשיות מזון מ.ת.מ. ב,IL,סוכריות ללא סוכר,גרמים,80.00,100 גרם,false,0,5.80,7.25,true,1,
7290011254476,false,סוכריות ללא תוספת סוכר בטעם תפוז מיה 80 גרם,מיה תעשיות מזון מ.ת.מ. ב,IL,סוכריות ללא סוכר,גרמים,80.00,100 גרם,false,0,5.80,7.25,true,1,
7290011254483,false,סוכריות ללא תוספת סוכר בטעם אפרסק מיה 80 גרם,מיה תעשיות מזון מ.ת.מ. ב,IL,סוכריות ללא סוכר,גרמים,80.00,100 גרם,false,0,5.80,7.25,true,1,
7290011254490,false,סוכריות ללא תוספת סוכר בטעם פירות יער מיה 80 גרם,מיה תעשיות מזון מ.ת.מ. ב,IL,סוכריות ללא סוכר,גרמים,80.00,100 גרם,false,0,5.80,7.25,true,1,
7290011254582,false,חמוציות חתוכות מיה 150 גרם,מיה תעשיות מזון מ.ת.מ. ב,IL,חמוציות,גרמים,150.00,100 גרם,false,0,7.90,5.27,true,1,
7290011254759,false,שעועית שחורה יבשה מיה 500 גר',מיה תעשיות מזון מ.ת.מ. ב,IL,שעועית שחורה,גרמים,500.00,100 גרם,false,0,6.90,1.38,true,1,
7290011254766,false,"שעועית לוביה יבשה מיה 400 גר'בד""צ",מיה תעשיות מזון מ.ת.מ. ב,IL,שעועית לוביה,גרמים,400.00,100 גרם,false,0,6.90,1.73,true,1,
7290011254773,false,שעועית ארגנטינאית מיה 500 גרם,מיה תעשיות מזון מ.ת.מ. ב,IL,שעועית ארגנטינאי,גרמים,500.00,100 גרם,false,0,8.90,1.78,true,1,
7290011254780,false,"שעועית ארגנטינאית יבשה מיה 1 ק""ג",מיה תעשיות מזון מ.ת.מ. ב,IL,"שעועית 1 ק""ג",קילוגרמים,1.00,"ק""ג",false,0,16.90,16.90,true,1,
7290011254810,false,סוכריות ג'לילנד דובונים פרי קיץ 125 גרם,מיה תעשיות מזון מ.ת.מ. ב,IL,סוכריות גלי 125ג,גרמים,125.00,100 גרם,false,0,5.90,4.72,true,1,
7290011254858,false,סוכריות ג'לילנד ג'ונגל בטעמים טרופיים 125 גר',מיה תעשיות מזון מ.ת.מ. ב,IL,סוכריות ג'לי בטע,יחידה,1.00,יחידה,false,1,5.90,5.90,true,1,
7290011254964,false,מאגדת ג'לי טבעי מיה 250 גרם,מיה תעשיות מזון מ.ת.מ. ב,IL,סוכריות גלי10*25,גרמים,250.00,100 גרם,false,0,9.90,3.96,true,1,
7290011372002,false,בדי בדיקה יהודית,אריסטוקרט,IL,בדי בדיקה,יחידה,1.00,יחידה,false,0,8.90,8.90,true,1,
7290011431020,false,כוסות קרטון 10 OZ איכותי 50 יחי' שמאי,,IL,כוסות קרטון,יחידה,1.00,יחידה,false,1,15.90,15.90,true,1,
7290011431037,false,כוסות קרטון 12 OZ איכותי 50 יחי' שמאי,,TR,כוסות שתיה חמה,יחידה,1.00,יחידה,false,1,19.90,19.90,true,1,
7290011431341,false,"מזלג איכותי שמאי 100 יחי' כשל""פ עד""ח",,TR,מזלג חד פעמי,יחידה,1.00,יחידה,false,1,7.90,7.90,true,1,
7290011431358,false,כפיות איכותי ר. שמאי 100 יחי' כשל''פ עד''ח,,TR,כפיות חד פעמי,יחידה,1.00,יחידה,false,1,7.90,7.90,true,1,
7290011431365,false,סכינים חד פעמי ר.שמאי 100 יחידות,,TR,סכין חד פעמי,יחידה,1.00,יחידה,false,1,7.90,7.90,true,1,
7290011431983,false,"כוסיות ליקר איכותי 40 יח' כשל""פ עד""ח שמאי",,TR,כוסיות ליקר40 יח,יחידה,1.00,יחידה,false,0,6.90,6.90,true,1,
7290011438142,false,"משקה יטבתה אייס קפה בבקבוק אישי 350 מ""ל",שטראוס גרופ,IL,משקה חלב קפה,מיליליטרים,350.00,"100 מ""ל",false,0,6.30,1.80,true,1,
7290011498962,false,שקד לבן בכבישה קרה 300 ג,"אלמונדס בע""מ",IL,שקד לבן כבישה קר,גרמים,300.00,100 גרם,false,0,34.90,11.63,true,1,
7290011499051,false,פטה כבשים מסורתית 20% בגביע מחלבות גד,MKN עבור מחלבות גד ב,IL,פטה כבשים,גרמים,250.00,100 גרם,false,0,24.90,9.96,true,1,
7290011499365,false,גבינת חלומי 24% גד 200 גרם,"מחלבות גד בע""\מ",IL,חלומי גד 24%,גרמים,200.00,100 גרם,false,0,19.90,9.95,true,1,
7290011515683,false,מאגדת טילון אקסטרים וניל נסטלה 6 יחידות,תות תעשיות מזון (201,IL,מאגדת אקסטרים,גרמים,432.00,100 גרם,false,0,21.90,5.07,true,1,
7290011518561,false,"אקטימל תות 1.51 ק""ג מארז 14 יחידות",מיוצר עי קונדיטוריית,IL,אקטימל מארז14יח',ליטרים,1.40,ליטר,false,0,29.90,21.36,true,1,
7290011570507,false,קמח כרגיל ללא גלוטן 450 גרם,אשבל מזון פונקציונלי בע\,IL,קמח רב תכליתי,גרמים,450.00,100 גרם,false,1,14.90,3.31,true,1,
7290011570644,false,קמח רב תכליתי ללא גלוטן אשבל 450 גרם,אשבל מזון פונקציונלי בע\,IL,קמח לחם,גרמים,500.00,100 גרם,false,1,14.90,2.98,true,1,
7290011587093,false,תירס גמדי שלם במי מלח480,פוג'אן טונגפה,CN,תירס גמדי,גרמים,480.00,100 גרם,false,1,5.90,1.23,true,1,
7290011598211,false,"סנו - אנטי קאלק מרסס ניקוי כללי 4 ב-1 700 מ""ל",מיוצר עי קונדיטוריית,IL,סנו אנטי קאלק,מיליליטרים,700.00,"100 מ""ל",false,0,16.90,2.41,true,1,
7290011598402,false,מקסימה מרכך כביסה ארומתרפי מאסק סנו 4 ליטר,"סנו מפעלי ברונוס בע""\מ",IL,מרכך כביסה,ליטרים,4.00,ליטר,false,0,19.90,4.98,true,1,
7290011599836,false,משפר אפיה טבעי 100 ג' רובינפלד,"סופר קמח רובינפלד בע""מ",IL,משפר אפיה,גרמים,100.00,100 גרם,false,1,10.90,10.90,true,1,
7290011622428,false,כתמטמינים-חטיף בריאות לתינוקות וילדים 45 ג',מיוצר עבור גולדן האר,IL,חטיף בריאות,גרמים,45.00,100 גרם,false,0,4.90,10.89,true,1,
7290011765446,false,משחת שיניים לילדים בוב ספוג בטעם מיץ ענבים עם פלואוריד למניעת עששת,טרופיקל דגיל תעשיות קוסמ,IL,משחת שיניים,גרמים,70.00,100 גרם,false,0,7.90,11.29,true,1,
7290011877156,false,"מבשם אוויר, בגדים וארונות פרש בניחוח מאסק",מיוצר עי קונדיטוריית,IL,סנו פרש ענק,מיליליטרים,375.00,"100 מ""ל",false,0,9.90,2.64,true,1,
7290011877859,false,סנו אינסטלטור חדש פותח סתימות 200ג',מיוצר עי קונדיטוריית,IL,סנו אינסטלטור,גרמים,200.00,100 גרם,false,0,13.90,6.95,true,1,
7290011931162,false,סוכרלייט ממתיק נוזלי על בסיס סוכרלוז,אף.סי תבליני בגליל ב,IL,סוכרלוז נוזלי,מיליליטרים,220.00,"100 מ""ל",false,0,27.90,12.68,true,1,
7290011963002,false,"פטרוזיליה כשר בד""ץ - יח'",משק ימיני,IL,פטרוזיליה כשר,יחידה,1.00,יחידה,false,30,4.90,4.90,true,1,
7290011963019,false,"כוסברה כשר בד""ץ - יח'",משק ימיני,IL,"כוסברה כשר בד""ץ",יחידה,1.00,יחידה,false,0,4.90,4.90,true,1,
7290011963033,false,"שמיר כשר בד""ץ - יחי'",משק ימיני,IL,"שמיר כשר בד""ץ",יחידה,1.00,יחידה,false,0,4.90,4.90,true,1,
7290011963040,false,"סלרי עלים כשר בד""ץ -יחי'",משק ימיני,IL,"סלרי כשר בד""ץ",יחידה,1.00,יחידה,false,0,5.90,5.90,true,1,
7290011963057,false,"סלק עלים כשר בד""ץ - יחי'",משק ימיני,IL,"סלק עלים כשר בד""",יחידה,1.00,יחידה,false,0,5.90,5.90,true,1,
7290011963064,false,"חסה כשר בד""ץ - יחי'",משק ימיני,IL,"חסה כשר בד""ץ",יחידה,1.00,יחידה,false,0,5.90,5.90,true,1,
7290011963071,false,"כרוב לבן שלם בד""ץ",משק ימיני,IL,"כרוב לבן כשר בד""",קילוגרמים,0.00,"ק""ג",true,0,12.90,12.90,true,1,
7290011963231,false,חסה לבבות כשר - יח',משק ימיני,IL,חסה לבבות כשר,יחידה,1.00,יחידה,false,10,9.90,9.90,true,1,
7290011977627,false,סרדינים בשמן צמחי טעים 125 גרם,טעמן,MA,סרדינים בשמן,גרמים,125.00,100 גרם,false,0,3.90,3.12,true,1,
7290011977634,false,סרדינים בשמן קנולה עם פלפל חריף טעים 125 גרם,טעמן,IL,סרדינים עם חריף,גרמים,125.00,100 גרם,false,0,3.90,3.12,true,1,
7290011977641,false,סרדינים בשמן קנולה עם לימון טעים 125 גרם,טעמן,IL,סרדינים שמן לימו,גרמים,125.00,100 גרם,false,0,3.90,3.12,true,1,
7290011977665,false,סרדינים ברוטב עגבניות טעים 125 גרם,טעמן,MA,סרדינים ברוטב,גרמים,125.00,100 גרם,false,0,3.90,3.12,true,1,
7290012001321,false,קטשופ היינץ עומד על הראש 567 גר',היינץ,US,מתבל עגבניות,גרמים,567.00,100 גרם,false,0,9.90,1.75,true,1,
7290012022005,false,פריכיות חיטה 60 גרם,דילייט,IL,קריספיות טבעי,גרמים,60.00,100 גרם,false,0,11.90,19.83,true,1,
7290012022050,false,קריספיות מרובה דגנים 75ג,דילייט,IL,קריספיות דגנים,גרמים,75.00,100 גרם,false,0,11.90,15.87,true,1,
7290012022067,false,קריספיות קידס 30 גרם,דילייט,IL,קריספיות קידס,גרמים,30.00,100 גרם,false,0,10.90,36.33,true,1,
7290012025822,false,שמיר סלק אסלי 400 גרם,"סלטי שמיר 2006 בע""מ",IL,סלט סלק,גרמים,400.00,100 גרם,false,1,10.90,2.73,true,1,
7290012025839,false,מטבוחה שמיר אסלי 400 גרם,"סלטי שמיר 2006 בע""מ",IL,מטבוחה אסלי,גרמים,400.00,100 גרם,false,0,10.90,2.73,true,1,
7290012071003,false,"ד""ר פישר - קמיל בלו משחה לתינוק 200 גרם",פישר מעבדות פרמצבטיו,IL,משחה לתינוק,גרמים,200.00,100 גרם,false,0,22.90,11.45,true,1,
7290012086113,false,עגבניות שרי צימן קופסא 500ג',ביכורי השקמה,IL,שרי אשכולות,גרמים,460.00,100 גרם,false,0,8.90,1.93,true,1,
7290012116551,false,אנטי קאלק נוזל לניקוי כללי סנו 2 ליטר,מיוצר עי קונדיטוריית,IL,סנו אנטי קאלק,ליטרים,2.00,ליטר,false,0,20.90,10.45,true,1,
7290012116612,false,אורביטול מברשת שיניים מארז 4 יח',ג'נרל מילס סאן אדריא,CN,4 מברשות שיניים,יחידה,1.00,יחידה,false,0,12.90,12.90,true,1,
7290012117275,false,"קליר שקית מילוי לניקוי חלונות סנו 750 מ""ל",טרופיקל דגיל תעשיות,IL,סנוקליר מילוי,מיליליטרים,750.00,"100 מ""ל",false,0,5.90,0.79,true,1,
7290012117350,false,"נוזל רצפות לילך 2 ליטר ""ריצפז פרש""","סנו מפעלי ברונוס בע""\מ",IL,סנו ריצפז,ליטרים,2.00,ליטר,false,0,16.90,8.45,true,1,
7290012117428,false,"ג'ל רחצה ושמפו מעיינות מנטה קרמה מן 700 מ""ל",טרופיקל דגיל תעשיות,IL,קרמה ג'ל רחצה,מיליליטרים,700.00,"100 מ""ל",false,0,17.90,2.56,true,1,
7290012117435,false,"קרמה - שמפו וג'ל רחצה 2 ב-1 אלוורה 700 מ""ל",טרופיקל דגיל תעשיות,IL,קרמה ג'ל רחצה,מיליליטרים,700.00,"100 מ""ל",false,0,17.90,2.56,true,1,
7290012117534,false,מרכך כביסה מרוכז תכלת קול סנו מקסימה 1 ליטר,"סנו מפעלי ברונוס בע""\מ",IL,מקסימה ס.מרוכז,ליטרים,1.00,ליטר,false,0,15.90,15.90,true,1,
7290012117558,false,מקסימה מרכך כביסה מרוכז ורוד בניחוח מאסק סנו 1 ליטר,"סנו מפעלי ברונוס בע""\מ",IL,מקסימה ס.מרוכז,ליטרים,1.00,ליטר,false,0,15.90,15.90,true,1,
7290012117732,false,מקסימה מרכך כביסה ארומתרפי קול סנו 4 ליטר,"סנו מפעלי ברונוס בע""\מ",IL,מרכך מקסימה COOL,ליטרים,4.00,ליטר,false,0,19.90,4.98,true,1,
7290012117916,false,אינסטלטור נוזל לפתיחת סתימות סנו 1 ליטר,"סנו מפעלי ברונוס בע""",IL,אינסטלטור נוזלי,ליטרים,1.00,ליטר,false,0,24.90,24.90,true,1,
7290012193163,false,פמילי אל סבון נוזלי פריחת הדובדבן 1 ליטר,אף.סי תבליני בגליל ב,IL,סבון פמילי,ליטרים,1.00,ליטר,false,0,9.90,9.90,true,1,
7290012227592,false,פסט' חרמון כפרי וסלמי תה זוגי זוגלובק 300X2ג' מחפוד,זוגלובק,IL,זוג חרמון+תה,גרמים,700.00,100 גרם,false,0,29.90,4.27,true,1,
7290012227608,false,מארז חרמון 300 גר' +חרמון ברבקיו 300ג' זוגלובק,זוגלובק,IL,חרמון+ברביקיו,גרמים,600.00,100 גרם,false,0,29.90,4.98,true,1,
7290012227615,false,נקניקיות עוף זוגלובק 800 ג' מחפוד,זוגלובק,IL,נקניקיות עוף800ג,גרמים,800.00,100 גרם,false,0,21.90,2.74,true,1,
7290012227622,false,פסטרמה חרמון כפרית דבש 400גר מחפוד זוגלובק,זוגלובק,IL,חרמון כפרית דבש,גרמים,400.00,100 גרם,false,0,21.90,5.48,true,1,
7290012227738,false,זוגלובק סלמי תה מעושן מחפוד 370 גרם,זוגלובק,IL,סלמי תה מעושן,גרמים,370.00,100 גרם,false,1,19.90,5.38,true,1,
7290012227769,false,פסטרמה ברביקיו זוגלובק מחפוד 400 גרם,זוגלובק,IL,פסטרמה ברביקיו,גרמים,400.00,100 גרם,false,1,21.90,5.48,true,1,
7290012227783,false,נקניק תה מעושן מחפוד זוגלובק 400ג',זוגלובק,IL,תה מעושן,גרמים,400.00,100 גרם,false,1,21.90,5.48,true,1,
7290012228407,false,"נקניקיות ג'מבו מחפוד זוגלובק 1.5 ק""ג",זוגלובק,IL,נקניקיות גמבו,קילוגרמים,1.50,"ק""ג",false,1,34.90,23.27,true,1,
7290012228612,false,"זוג ח.הודו ועוף+ח.ברביקיו 600 גר' ""קהילות""",זוגלובק,IL,זוג חזה עוף,גרמים,600.00,100 גרם,false,1,32.90,5.48,true,1,
7290012228629,false,נקניקיות עוף זוגלובק 800 גר' קהילות,זוגלובק,IL,נקניקיות עוף,גרמים,800.00,100 גרם,false,1,24.90,3.11,true,1,
7290012228766,false,קבנוס מחפוד זוגלובק 120 גרם,זוגלובק,IL,קבנוס 120 גרם,גרמים,120.00,100 גרם,false,1,10.90,9.08,true,1,
7290012313462,false,מלפפון במלח 7-9 20%+ 650,קבוצת יבנה,IL,מלפפון במלח,גרמים,650.00,100 גרם,false,1,5.90,0.91,true,1,
7290012313479,false,מלפפון במלח 10-12 20%+ 6,קבוצת יבנה,IL,מלפפון במלח,גרמים,650.00,100 גרם,false,1,6.90,1.06,true,1,
7290012313486,false,מלפפון במלח 13-17 20%+,קבוצת יבנה מוצרי מזון,IL,מלפפון במלח,גרמים,650.00,100 גרם,false,1,7.90,1.22,true,1,
7290012313493,false,מלפפון בחומץ 7-9 20%+ 65,קבוצת יבנה,IL,מלפפון בחומץ,גרמים,650.00,100 גרם,false,1,5.90,0.91,true,1,
7290012313509,false,מלפפון בחומץ 10-12 20%+,קבוצת יבנה,IL,מלפפון בחומץ,גרמים,650.00,100 גרם,false,1,6.90,1.06,true,1,
7290012367717,false,קרם ידיים וציפורניים Intensive relief לעור יבש ומגורה,פישר מעבדות פרמצבטיות בע,IL,קרם ידיים,מיליליטרים,150.00,"100 מ""ל",false,0,14.90,9.93,true,1,
7290012372100,false,"קמח מלא בהיר 80% רובינפלד 1 ק""ג","סופר קמח רובינפלד בע""מ",IL,קמח חיטה,קילוגרמים,1.00,"ק""ג",false,0,10.90,10.90,true,1,
7290012372117,false,קמח מלא 100% רובינפלד,"סופר קמח רובינפלד בע""מ",IL,קמח חיטה מלא,קילוגרמים,1.00,"ק""ג",false,0,10.90,10.90,true,1,
7290012372124,false,"קמח מנופה כוסמין מלא רוביפנלד 1 ק""ג","סופר קמח רובינפלד בע""מ",IL,קמח כוסמין,קילוגרמים,1.00,"ק""ג",false,1,16.90,16.90,true,1,
7290012372155,false,"קמח מנופה כוסמין 80% רוביפנלד 1 ק""ג","סופר קמח רובינפלד בע""מ",IL,קמח כוסמין,קילוגרמים,1.00,"ק""ג",false,1,16.90,16.90,true,1,
7290012372247,false,"קמח מנופה כוסמין לבן רוביפנלד 1 ק""ג","סופר קמח רובינפלד בע""מ",IL,קמח כוסמין,קילוגרמים,1.00,"ק""ג",false,1,17.90,17.90,true,1,
7290012454172,false,סוכריות ללא תוספת סוכר בטעם תות מיה 80 גרם,מיה תעשיות מזון מ.ת.מ. ב,IL,סוכריות ללא סוכר,גרמים,80.00,100 גרם,false,0,5.80,7.25,true,1,
7290012454189,false,סוכריות יוגורט אפרסק ללא סוכר מיה 80 גרם,מיה תעשיות מזון,IL,סוכריות ללא סוכר,גרמים,80.00,100 גרם,false,0,5.80,7.25,true,1,
7290012454202,false,סוכריות ללא תוספת סוכר בטעם ריבת חלב מיה 80 גרם,מיה תעשיות מזון מ.ת.מ. ב,IL,סוכריות ללא סוכר,גרמים,80.00,100 גרם,false,0,5.80,7.25,true,1,
7290012454578,false,סוכריות קישוט לעוגה לבן מיה 70 גרם,מיה,IL,קישוט לעוגה,גרמים,70.00,100 גרם,false,0,4.90,7.00,true,1,
7290012454592,false,סוכריות דבש לימון ללא סוכר מיה 80 גרם,מיה תעשיות מזון מ.ת.מ. ב,IL,סוכ.ללא סוכר,גרמים,80.00,100 גרם,false,0,5.80,7.25,true,1,
7290012645075,false,יוגורט כבשים יווני גביע 350 גרם חלב הארץ,חלב הארץ,IL,יוגורט יווני,גרמים,350.00,100 גרם,false,0,11.90,3.40,true,1,
7290012645129,false,יוגורט כבשים 5% בדלי חלב הארץ 750 גרם,מחלבות סוסיא,IL,יוגורט כבשים,גרמים,750.00,100 גרם,false,0,17.90,2.39,true,1,
7290012645297,false,יוגורט עיזים ביו 2.8% טעם טבעי חלב הארץ 150 גרם,מחלבות סוסיא,IL,יוגורט עיזים,גרמים,150.00,100 גרם,false,0,5.90,3.93,true,1,
7290012645389,false,יוגורט עיזים 3.7%בבקבוק חלב הארץ 1 ליטר,מחלבות סוסיא,IL,יוגורט עיזים,ליטרים,1.00,ליטר,false,0,19.90,19.90,true,1,
7290012803055,false,סוכרלוז מרמולייט- 100שקיות אישיות,"קיפל טבליות וממתיקים בע""מ",IL,סוכרלוז,גרמים,100.00,100 גרם,false,0,19.90,19.90,true,1,
7290012803215,false,וופל בלגי בטעם שוקולד ללא תוספת סוכר,בטר אנד דיפרנט,IL,וופל בלגי,גרמים,200.00,100 גרם,false,0,9.90,4.95,true,1,
7290012818035,false,מאגדת חטיף בוטנים ספיידר 25ג,"10 ברוס ע.ט בע""מ",IL,ספיידר במארז,גרמים,250.00,100 גרם,false,1,7.90,3.16,true,1,
7290012818073,false,צ'יק צ'אק בצל 190 גרם,"10 ברוס ע.ט בע""מ",IL,צ'יק צ'אק בצל,גרמים,190.00,100 גרם,false,1,3.90,2.05,true,1,
7290012818080,false,ספיידר חטיף בוטנים 80 גר,"10 ברוס ע.ט בע""מ",IL,ספיידר בוטנים,גרמים,80.00,100 גרם,false,1,2.90,3.63,true,1,
7290012818219,false,צ'יק צ'אק גריל 190 גרם,"10 ברוס ע.ט בע""מ",IL,צ'יק צ'אק גריל,גרמים,190.00,100 גרם,false,1,3.90,2.05,true,1,
7290012818523,false,צ'יק צ'אק ברבקיו 190 גרם,"10 ברוס ע.ט בע""מ",IL,צ'יק צ'אק ברבקיו,גרמים,190.00,100 גרם,false,1,3.90,2.05,true,1,
7290012818530,false,ציק צאק ביתסא 190 גרם,"10 ברוס ע.ט בע""מ",IL,צ'יק צ'אק פיצה,גרמים,190.00,100 גרם,false,1,3.90,2.05,true,1,
7290012823381,false,מקסימה מרכך כביסה מרוכז סנסטיב בייבי סנו 1 ליטר,"סנו מפעלי ברונוס בע""\מ",IL,מרכך כביסה,ליטרים,1.00,ליטר,false,0,15.90,15.90,true,1,
7290012823398,false,מטליות חד פעמיות לניקוי הרצפה בניחוח מרכך כביסה 10יח' סנו,סנו מפעלי ברונו בעמ,IL,מטליות ריצפז,יחידה,1.00,יחידה,false,1,11.90,11.90,true,1,
7290012823794,false,כיף אל סבון יסמין לבנדר 2 ל',קוסמופארם,IL,אל סבון כיף,ליטרים,2.00,ליטר,false,0,19.90,9.95,true,1,
7290012823916,false,גל כביסה סנו מקסימ מרוכז קריסטל נואר 5 ל,"סנו מפעלי ברונוס בע""\מ",IL,מקסימה ג'ל,ליטרים,5.00,ליטר,false,0,39.90,7.98,true,1,
7290012823923,false,"מרכך כביסה מרוכז פרפיום גולדן מקסימה 750 מ""ל",סנו מפעלי ברונוס בעמ,IL,מקסימה פרפיום,מיליליטרים,750.00,"100 מ""ל",false,0,15.90,2.12,true,1,
7290012823947,false,"סנו - מרכך כביסה מרוכז פרפיום קריסטל נואר 750 מ""ל",מיוצר עי קונדיטוריית,IL,מקסימה פרפיום,מיליליטרים,750.00,"100 מ""ל",false,0,15.90,2.12,true,1,
7290012864025,false,נבטי אלפא אלפא ארוז א.אדמה,קרלסברג יבוא יצוא,IL,נבטים אלפלפא,יחידה,1.00,יחידה,false,0,5.90,5.90,true,1,
7290012929779,false,פסטה מקמח מלא ספירלה 500גרם טעמן,מוצרי יסוד - טעמן,TR,פסטה ספירלה,גרמים,500.00,100 גרם,false,0,4.90,0.98,true,1,
7290012929786,false,פסטה מקמח מלא צינורות 500 גרם טעמן,מוצרי יסוד - טעמן,TR,פסטה צינורות,גרמים,500.00,100 גרם,false,0,4.90,0.98,true,1,
7290012929793,false,פסטה ספגטי מקמח מלא טעמן 500 גר',מוצרי יסוד - טעמן,TR,ספגטי חיטה מלאה,גרמים,500.00,100 גרם,false,0,4.90,0.98,true,1,
7290012938405,false,"רדיד אלומיניום עבה במיוחד לבישול,אפייה והקפאה.",ריינולדס,CN,רדיד אלומיניום,מטרים,7600.00,מטר,false,0,14.90,0.00,true,1,
7290012938740,false,"משחת שיניים פרש מינט מנטה 75מ""ל סנסודיין",גלקסו סמית קליין,GB,משחת סנסודיין,מיליליטרים,75.00,"100 מ""ל",false,0,19.90,26.53,true,1,
7290012982873,false,"פילה אמנון קפוא 7-9 בד""ץ",ג.עופר,IL,פילה אמנון 7-9,קילוגרמים,0.00,"ק""ג",true,1,29.90,29.90,true,1,
7290013117212,false,בורקס פילו במילוי גבינה מעדנות 600 גר,מיוצר עי קונדיטוריית,IL,בורקס גבינה,גרמים,600.00,100 גרם,false,0,17.90,2.98,true,1,
7290013117229,false,"בורקס פילו במילוי תפו""א מעדנות 600 גר",מיוצר עי קונדיטוריית,IL,"בורקס תפו""א",גרמים,600.00,100 גרם,false,0,17.90,2.98,true,1,
7290013117410,false,בצק פריך מרודד למאפים מתוקים 900 ג' מעדנות,מיוצר עי קונדיטוריית,IL,בצק פריך,גרמים,900.00,100 גרם,false,0,19.90,2.21,true,1,
7290013117526,false,בצק שמרים מרודד למאפים מתוקים מעדנות 900 גרם,"מעדנות בע""\מ",IL,בצק שמרים,גרמים,900.00,100 גרם,false,0,17.90,1.99,true,1,
7290013144171,false,מיימונס תערובת עוגת שוקולד 560 גרם.,א.ל ייצור ושיווק תבלינים,IL,תערובת לעוגה,גרמים,560.00,100 גרם,false,0,14.90,2.66,true,1,
7290013144188,false,מימונס תערובת להכנת בראוניז 600 גרם,א.ל ייצור ושיווק תבלינים,IL,תערובת בראונס,גרמים,600.00,100 גרם,false,0,14.90,2.48,true,1,
7290013144195,false,מיימונס תערובת כדורי שוקולד 500 גרם.,א.ל ייצור ושיווק תבלינים,IL,תערובת כ.שוקולד,גרמים,500.00,100 גרם,false,0,14.90,2.98,true,1,
7290013144201,false,מיימונס תערובת פנקייק 400 גרם,א.ל ייצור ושיווק תבלינים,IL,תערובת פנקייק,גרמים,400.00,100 גרם,false,0,14.90,3.73,true,1,
7290013144232,false,מיימונס פודינג בטעם וניל 80 גרם,א.ל ייצור ושיווק תבלינים,IL,פודינג וניל,גרמים,80.00,100 גרם,false,0,4.90,6.13,true,1,
7290013144317,false,מימונס ג'וני גלילית וופל למילוי 18 יחידות,הגביע מוצרי וופלים ב,IL,ג'וני גלילת וופל,יחידה,1.00,יחידה,false,0,19.90,19.90,true,1,
7290013144393,false,"תמצית בטעם וניל מימונס 50 מ""ל",א.ל ייצור ושיווק תבלינים,IL,תמצית וניל,מיליליטרים,50.00,"100 מ""ל",false,0,4.90,9.80,true,1,
7290013144539,false,צבע מאכל אדום מימונס 50 גרם,א.ל ייצור ושיווק תבלינים,IL,צבע מאכל אדום,מיליליטרים,50.00,"100 מ""ל",false,0,4.90,9.80,true,1,
7290013144751,false,סירופ בטעם מייפל מימונס 500 גרם,א.ל ייצור ושיווק תבלינים,IL,סירופ טעם מייפל,גרמים,500.00,100 גרם,false,0,13.90,2.78,true,1,
7290013144805,false,אבקת אייס קפה דיאט 320 גרם מימונס,מימונס אפייה,IL,אייס קפה דיאט,גרמים,245.00,100 גרם,false,1,21.90,8.94,true,1,
7290013144812,false,אבקת אייס קפה וניל 320 גרם מימונס,מימונס אפייה,IL,אייס בטעם וניל,גרמים,320.00,100 גרם,false,1,17.90,5.59,true,1,
7290013145017,false,אגוז מלך קלוף מיימונס 100 גרם,א.ל ייצור ושיווק תבלינים,IL,אגוז מלך קלוף,גרמים,100.00,100 גרם,false,0,12.90,12.90,true,1,
7290013145109,false,שקד מולבון טחון מימונס 100 גרם,א.ל ייצור ושיווק תבלינים,IL,שקד מולבן טחון,גרמים,100.00,100 גרם,false,0,12.90,12.90,true,1,
7290013145178,false,קוקוס טחון לבן מיימונס 100 גרם,א.ל ייצור ושיווק תבלינים,IL,קוקוס טחון לבן,גרמים,100.00,100 גרם,false,0,3.90,3.90,true,1,
7290013145215,false,שומשום מימונס 400 גרם,א.ל ייצור ושיווק תבלינים,IL,שומשום,גרמים,400.00,100 גרם,false,0,14.90,3.73,true,1,
7290013145277,false,עלים לקרמשניט מימונס 300 גרם,מימונס אפייה,IT,עלים לקרמשניט,גרמים,300.00,100 גרם,false,1,17.90,5.97,true,1,
7290013145437,false,שוקולד מריר מעולה ציפס מימונס 250 ג',אינטרגטה תעשיות מזון 19),IL,שוקולד צ'יפס,גרמים,250.00,100 גרם,false,0,14.90,5.96,true,1,
7290013145574,false,מיימונס ערכה לקישוט 100 גרם,א.ל ייצור ושיווק תבלינים,IL,ערכה לקישוט100גר,גרמים,100.00,100 גרם,false,0,12.90,12.90,true,1,
7290013145659,false,ג'ילי בטעם לימון מימונס 85 ג',א.ל ייצור ושיווק תבלינים,IL,ג'לי לימון 85 גר,גרמים,85.00,100 גרם,false,1,5.90,6.94,true,1,
7290013145796,false,"רביעיית צבעי מאכל גל 4*25 מ""ל",מימונס אפייה,IL,צבעי מאכל 4 יח,מיליליטרים,100.00,"100 מ""ל",false,1,49.90,49.90,true,1,
7290013145826,false,פודניג בטעם וניל לבן במיוחד מימונס 80 ג',א.ל ייצור ושיווק תבלינים,IL,פודינג וניל,גרמים,80.00,100 גרם,false,1,4.90,6.13,true,1,
7290013145901,false,סודה לשתיה מיימונס 100 גרם,א.ל ייצור ושיווק תבלינים,IL,סודה לשתיה,גרמים,100.00,100 גרם,false,0,2.90,2.90,true,1,
7290013145956,false,שמרים יבשים בוואקום מיימונס 500 גרם,הנסיך- מפעל לייצור ט,CN,שמרים יבשים,גרמים,500.00,100 גרם,false,0,13.90,2.78,true,1,
7290013146014,false,מלית אוכמניות 70% פרי מיימונס 400 גרם,אינטרגטה,IL,מלית אוכמניות,גרמים,400.00,100 גרם,false,0,14.90,3.73,true,1,
7290013146021,false,מלית תפוח עץ עם קינמון לדברי מאפה 400 ג',אינטרגטה,IL,"מלית תפו""ע",גרמים,400.00,100 גרם,false,0,14.90,3.73,true,1,
7290013146038,false,מיימונס מלית דובדבנים 70% פרי 400 גרם,א.ל ייצור ושיווק תבלינים,IL,מלית דובדבנים,גרמים,400.00,100 גרם,false,0,14.90,3.73,true,1,
7290013146199,false,מלית קרם נוגט 350 גרם מימונס,אינטרגטה תעשיות מזון 19),IL,קרם נוגט,גרמים,400.00,100 גרם,false,0,14.90,3.73,true,1,
7290013146267,false,"פודינג בטעם וניל שקית מימונס 1 ק""ג",א.ל ייצור ושיווק תבלינים,IL,פודינג בטעם וניל,קילוגרמים,1.00,"ק""ג",false,1,22.90,22.90,true,1,
7290013146298,false,טארטלטים תחתיות בצק פריך אפויות למילוי מימונס 120 ג',א.ל ייצור ושיווק תבל,IL,טארטלטים תחתיות,גרמים,120.00,100 גרם,false,1,19.90,16.58,true,1,
7290013146304,false,קורנפלור מימונס 500 גרם,א.ל ייצור ושיווק תבלינים,IL,קורנפלור,גרמים,500.00,100 גרם,false,1,6.90,1.38,true,1,
7290013146724,false,אבקת אייס קפה 350 גרם מימונס,מימונס אפייה,IL,אייס קפה,גרמים,350.00,100 גרם,false,1,17.90,5.11,true,1,
7290013189295,false,"מגב דיסקברי+מקל 40ס""מ יח",המברשת רוחמה,IL,מגב+מקל,יחידה,1.00,יחידה,false,0,24.90,24.90,true,1,
7290013195272,false,רולדה גפילטע הונגרי 500 גרם,,IL,געפילטע הונגרי,גרמים,500.00,100 גרם,false,0,21.90,4.38,true,1,
7290013195289,false,רולדה גפילטע ירושלמי 500 גר,,IL,געפילטע פיש ירוש,גרמים,500.00,100 גרם,false,0,21.90,4.38,true,1,
7290013195296,false,רולדה וויט פיש אמריקאי 500 גרם,,IL,וייט פיש רוזנר'ס,גרמים,500.00,100 גרם,false,0,28.90,5.78,true,1,
7290013215017,false,פטריות זוגות חוות השמפניון,אראל תוצרת חקלאית בע,IL,פטריות דואט,גרמים,420.00,100 גרם,false,0,14.90,3.55,true,1,
7290013220042,false,מיקס טרופי קפוא 500 גרם,א.מ שרון,PL,מיקס טרופי500גרם,גרמים,500.00,100 גרם,false,1,24.90,4.98,true,1,
7290013220462,false,גרעיני רימון 500 גרם,HLADNIYA RON,EG,גרעיני רימון,גרמים,500.00,100 גרם,false,1,24.90,4.98,true,1,
7290013220899,false,תות שדה קפוא 500 גרם,א.מ שרון,PL,תות שדה קפוא,גרמים,500.00,100 גרם,false,1,24.90,4.98,true,1,
7290013220929,false,אוכמניות כחולות 400 גרם,א.צלוביץ,PL,אוכמניות כחולות,גרמים,400.00,100 גרם,false,1,24.90,6.23,true,1,
7290013221018,false,מנגו חתוך קפוא 500 גרם,א.מ שרון,PL,מנגו חתוך קפוא,גרמים,500.00,100 גרם,false,1,24.90,4.98,true,1,
7290013268020,false,מקסימה מרכך כביסה מרוכז בניחוח אולטרא פרש סנו 1 ליטר,"סנו מפעלי ברונוס בע""\מ",IL,מרכך כביסה,ליטרים,1.00,ליטר,false,0,15.90,15.90,true,1,
7290013268884,false,"נוזל רצפות מאסק 2 ליטר ""ריצפז פרש""",מיוצר עי קונדיטוריית,IL,ריצפז פרש לרצפות,ליטרים,2.00,ליטר,false,0,16.90,8.45,true,1,
7290013268907,false,ג'ל כביסה ביו בטמפרטורות נמוכות,"סנו מפעלי ברונוס בע""\מ",IL,מקסימה ג'ל,ליטרים,3.00,ליטר,false,0,27.90,9.30,true,1,
7290013268938,false,סנובון סבון אסלה בניחוח מאסק - מארז 3 יח',סנו סנובון,IL,סנובון מאסק 3 יח,גרמים,165.00,100 גרם,false,0,11.90,7.21,true,1,
7290013268983,false,מרכך כביסה סופר מרוכז בבישום עוצמתי סנו מקסימה 1 ל',"סנו מפעלי ברונוס בע""\מ",IL,מרכך מרוכז ג'וי,ליטרים,1.00,ליטר,false,1,15.90,15.90,true,1,
7290013269003,false,מרכך כביסה סופר מרוכז בייבי לתינוקות ולעור רגיש,"סנו מפעלי ברונוס בע""\מ",IL,מקסימה מרכך,ליטרים,1.00,ליטר,false,0,18.90,18.90,true,1,
7290013269287,false,סנו - מקסימה ג'ל כביסה מרוכז מאסק 3 ליטר,"סנו מפעלי ברונוס בע""\מ",IL,ג'ל כביסה מרוכז,ליטרים,3.00,ליטר,false,0,27.90,9.30,true,1,
7290013269300,false,ניילון נצמד פלוס סנו סושי 150 מטר,"מיוצר בהונג קונג, סי",IL,ניילון נצמד פלוס,מטרים,150.00,מטר,false,0,27.90,0.19,true,1,
7290013269638,false,ספוג הפלא אקסטרה Extra- מארז 6 יח',החברה הדרומית,IL,ספוג הפלא אקסטרה,יחידה,1.00,יחידה,false,0,9.90,9.90,true,1,
7290013269645,false,ריצפז פרש מטליות לחות לריצפה בניחוח מאסק 10 יחידות,סנו מפעלי ברונוס בעמ,IL,מטליות ריצפז,יחידה,1.00,יחידה,false,0,11.90,11.90,true,1,
7290013269652,false,פוליויקס נוזל לניקוי רצפות גרניט פורצלן סנו 2 ליטר,סנו פוליויקס,IL,פוליויקס מאסק,ליטרים,2.00,ליטר,false,0,21.90,10.95,true,1,
7290013269669,false,ריצפז בניחוח פנטזיה לניקוי הרצפה,"סנו מפעלי ברונוס בע""",IL,ריצפז פנטזיה,ליטרים,3.00,ליטר,false,0,11.90,3.97,true,1,
7290013269911,false,"סנו K-333 קוטל חרקים ללא ריח 750מ""ל","סנו מפעלי ברונוס בע""",IL,סנו K333,מיליליטרים,750.00,"100 מ""ל",false,0,29.90,3.99,true,1,
7290013284310,false,רוטב פסטה לילדים פריניר 240 גרם,פריניר ( הדס 1987) ב,IL,רוטב פסטה,גרמים,240.00,100 גרם,false,0,5.50,2.29,true,1,
7290013284662,false,רוטב פיצה פיתה לילדים 240 ג' פריניר,פריניר ( הדס 1987) ב,IL,רוטב פיצה פיתה,גרמים,240.00,100 גרם,false,0,5.50,2.29,true,1,
7290013358356,false,מאסטר שף - פירורי לחם מוזהבים 320 גרם,מנה י.א בעמ,IL,פירורי לחם,גרמים,320.00,100 גרם,false,0,7.90,2.47,true,1,
7290013358448,false,"קרוטונים לסלט אקסטרה ארוכים בתיבול שום, בצל ופטרוזיליה",עינת תעשיות מזון אגו,IL,קרוטונים לסלט,גרמים,200.00,100 גרם,false,0,12.90,6.45,true,1,
7290013440648,false,מאגדת שלגוני אבטיח נסטלה 5 יחידות,גלידות נסטלה )נגה גלידות,IL,מאגדת אבטיח,גרמים,540.00,100 גרם,false,0,22.90,4.24,true,1,
7290013472205,false,פטריות חתוך מהדרין תפארת 400 ג' ויליפוד,וילי פוד,NL,פטריות שמפניון,גרמים,400.00,100 גרם,false,0,5.50,1.38,true,1,
7290013516305,false,סלט חזרת ללא תוספת סוכר,שפע מן המבושל,IL,חזרת 300 גרם,גרמים,300.00,100 גרם,false,1,13.90,4.63,true,1,
7290013536266,false,פיתות כוסמין 99 קלוריות,,IL,פיתות כוסמין,יחידה,1.00,יחידה,false,1,11.90,11.90,true,1,
7290013536273,false,לחמניות קמח מלא 99 קלורי,,IL,לחמניות קמח מלא,גרמים,320.00,100 גרם,false,1,9.90,3.09,true,1,
7290013536280,false,לחמניות כוסמין 99 קלו' .,,IL,לחמניות כוסמין,גרמים,252.00,100 גרם,false,1,9.90,3.93,true,1,
7290013536372,false,לחמניות כוסמין מזונות,מאפיית יוסף ברון בעמ,IL,לחמניות כוסמין,גרמים,315.00,100 גרם,false,1,13.90,4.41,true,1,
7290013585387,false,קוקה קולה זירו בקבוק,החברה המרכזית לייצור משקאות,IL,קולה זירו,ליטרים,1.00,ליטר,false,1,6.30,6.30,true,1,
7290013585394,false,קוקה קולה 1ליטר בודד,החברה המרכזית לייצור משקאות,IL,קוקה קולה,ליטרים,1.00,ליטר,false,1,6.70,6.70,true,1,
7290013608260,false,מיץ רימונים 100%מיץ סחוט טרי מצונן 1ליט,"גניר (1992) בע""מ",IL,מיץ רימונים,ליטרים,1.00,ליטר,false,0,22.50,22.50,true,1,
7290013625670,false,סינטטי חומצה אצטית מדוללת למזון 5%,טעמן,IL,חומץ 1 ליטר,ליטרים,1.00,ליטר,false,0,3.90,3.90,true,1,
7290013655561,false,מגש קריסטל שקוף יחידה,,IL,מגש קריסטל שקוף,יחידה,1.00,יחידה,false,1,6.90,6.90,true,1,
7290013655592,false,"קערה אובלי קריסטל 11ס""מ",,IL,קערה אובלי קריסט,יחידה,1.00,יחידה,false,1,8.90,8.90,true,1,
7290013677648,false,שמן זית למאור מיה 1 ליטר,מיה תעשיות מזון בעמ,ES,שמן זית למאור,ליטרים,1.00,ליטר,false,0,21.90,21.90,true,1,
7290013677747,false,שוקו בשקית מיה 500 גרם,מיה תעשיות מזון מ.ת.מ. ב,IL,אבקת שוקו,גרמים,500.00,100 גרם,false,0,6.90,1.38,true,1,
7290013719492,false,אורז לבן יסמין פרימיום,כיטוב,IL,אורז לבן יסמין,קילוגרמים,1.00,"ק""ג",false,1,19.90,19.90,true,1,
7290013847379,false,סטארקיסט טונה בשמן מארז 140X6ג',סטארקיסט,IL,טונה סטארקיסט6יח,גרמים,840.00,100 גרם,false,1,29.90,3.56,true,1,
7290013847492,false,סטארקיסט טונה במים מארז 140X6ג',סטארקיסט,IL,טונה סטארקיסט6יח,גרמים,840.00,100 גרם,false,1,29.90,3.56,true,1,
7290013848345,false,מארז מטליות לחיטוי וניקוי יסודי אנטיבקטריאלי 99.9%,סנו מפעלי ברונוס בעמ,IL,מטליות ניקוי 3יח,יחידה,1.00,יחידה,false,1,21.90,21.90,true,1,
7290013848383,false,קרמה מן גל רחצה אקטיב בלוק 700 מל לגבר,טרופיקל דגיל תעשיות,IL,ג'ל רחצה קרמה מן,מיליליטרים,700.00,"100 מ""ל",false,0,17.90,2.56,true,1,
7290013906311,false,פסטרמה מעושנת קהילות טירת צבי 400 גרם,טיב טירת צבי 2000,IL,פסטרמה 400 גרם,גרמים,400.00,100 גרם,false,0,29.90,7.48,true,1,
7290013906991,false,סלמי מהדרין 400 גרם מחפוד טירת צבי,טיב טירת צבי 2000,IL,סלמי מהדרין,גרמים,400.00,100 גרם,false,1,19.90,4.98,true,1,
7290013927002,false,עוגיות דיקליות בטעם שוקו אחווה 400 ג',אחדות,IL,דיקליות טעם שוקו,גרמים,400.00,100 גרם,false,0,9.90,2.48,true,1,
7290013927033,false,עוגיות מעמול במילוי תמרים ואגוזים אחווה 600 ג',אחוה,IL,עוגיות מעמול,גרמים,600.00,100 גרם,false,0,10.90,1.82,true,1,
7290013927040,false,עוגיות ממולאות שוקולד אחווה 600 גרם,אחוה,IL,עוגיות ממולאות,גרמים,600.00,100 גרם,false,0,10.90,1.82,true,1,
7290013927064,false,א. עוגיות גרנולה עם פירות יער 400 ג'-אחווה,"אחדות ביח""ר לטחינה",IL,עוגיות גרנולה,גרמים,400.00,100 גרם,false,0,9.90,2.48,true,1,
7290013927101,false,"עוגת תפוחים לל""ס 450 גר' אחדות",אחדות ביחר לטחינה חל,IL,עוגת תפוח עץ,גרמים,450.00,100 גרם,false,0,11.90,2.64,true,1,
7290013927156,false,"עוגת ט.פירות יער לל""ס אחווה 450ג'",אחדות ביחר לטחינה חל,IL,עוגת פירות יער,גרמים,450.00,100 גרם,false,0,11.90,2.64,true,1,
7290013927200,false,עוגת שוקולד צ'יפס עשירה אחווה 400ג',אחדות ביחר לטחינה חל,IL,עוגת שוקוצ'יפס,גרמים,400.00,100 גרם,false,0,11.90,2.98,true,1,
7290013927323,false,עוגת בראוניס אחווה 400 גר',אחדות ביחר לטחינה חל,IL,עוגת בראוניס,גרמים,400.00,100 גרם,false,0,11.90,2.98,true,1,
7290013927637,false,חלוה ללא תוספת סוכר במגש 400 גר' אחוה,אחדות ביחר לטחינה חל,IL,"חלווה ללת""ס",גרמים,400.00,100 גרם,false,1,13.90,3.48,true,1,
7290013927644,false,עוגיות כתר בטעם תות 400 גר' אחוה,אחוה,IL,עוגיות כתר תות,גרמים,400.00,100 גרם,false,1,9.90,2.48,true,1,
7290013927996,false,עוגת שמרים קרנץ בטעם שוקולד אחוה 400 גרם,אחדות ביחר לטחינה חל,IL,עוגת שמרים קרנץ,גרמים,400.00,100 גרם,false,1,10.90,2.73,true,1,
7290014002197,false,חליטת קמומיל ולימונית הגן הקסום ויסוצקי 25 יחידות,תה ויסוצקי,IL,חליטת קמומיל,גרמים,75.00,100 גרם,false,0,16.90,22.53,true,1,
7290014002203,false,חליטת לימונית ולואיזה הגן הקסום ויסוצקי 25 יחידות,תה ויסוצקי,IL,חליטת לימונית,גרמים,75.00,100 גרם,false,0,16.90,22.53,true,1,
7290014002944,false,גן קסום חליטת פירות וצמחים חמדת שקד 25 שקיקים,תה ויסוצקי,IL,חליטת חמדת שקד,גרמים,57.00,100 גרם,false,0,16.90,29.65,true,1,
7290014072220,false,כרוב לבן כשר,קטיף.,IL,כרוב לבן קטיף כה,קילוגרמים,0.00,"ק""ג",true,1,13.90,13.90,true,1,
7290014083806,false,עוגיות בטעם חמאה 350 גרם בפח,וילי פוד,PT,עוגיות טעם חמאה,גרמים,350.00,100 גרם,false,0,12.90,3.69,true,1,
7290014088900,false,"מיונז אמיתי 0.5 ק""ג הילדה",ר.ס,IL,מיונז 500 גרם,גרמים,500.00,100 גרם,false,1,9.90,1.98,true,1,
7290014088917,false,"מיונז אמיתי הילדה 1 ק""ג",ר.ס,IL,"מיונז 1 ק""ג",קילוגרמים,1.00,"ק""ג",false,1,17.90,17.90,true,1,
7290014088962,false,שוקולה 850 גרם פרימי,,IL,אבקת שוקו,גרמים,850.00,100 גרם,false,1,10.90,1.28,true,1,
7290014090040,false,"אפונה קפואה עת רן 1.5 ק""ג",,,אפונה 1.5קג,קילוגרמים,1.50,"ק""ג",false,0,16.90,11.27,true,1,
7290014090057,false,"שעועית שלמה קפוא עת רן 1.5 ק""ג",,IL,שעועית שלמה,קילוגרמים,1.50,"ק""ג",false,0,16.90,11.27,true,1,
7290014090064,false,"שעועית חתוכה קפוא עת רן 1.5 ק""ג",,IL,שעועית חתוכה,קילוגרמים,1.50,"ק""ג",false,0,16.90,11.27,true,1,
7290014090071,false,שעועית צהובה,,IL,שעועית צהובה,קילוגרמים,1.50,"ק""ג",false,0,16.90,11.27,true,1,
7290014090088,false,אפונה וגזר,,IL,אפונה וגזר,קילוגרמים,1.50,"ק""ג",false,0,16.90,11.27,true,1,
7290014090095,false,ירקות העונה,,IL,ירקות העונה,קילוגרמים,1.50,"ק""ג",false,0,16.90,11.27,true,1,
7290014090460,false,שעועית עדינה מאוד קפואה 600 ג',הוראפרוסט,BE,שעועית שלמה 600ג,גרמים,600.00,100 גרם,false,1,11.90,1.98,true,1,
7290014090514,false,אפונה עדינה מאוד עת רן 600 ג',הוראפרוסט,BE,אפונה עדינה 600ג,גרמים,600.00,100 גרם,false,1,11.90,1.98,true,1,
7290014090576,false,פולי סויה קפואות אדממה עת רן 450 גר',עט רן,IL,פולי סויה,גרמים,450.00,100 גרם,false,0,9.90,2.20,true,1,
7290014090620,false,תחתיות ארטישוק קפואות עת רן 600 ג',.,IL,תחתיות ארטישוק,גרמים,600.00,100 גרם,false,15,14.90,2.48,true,1,
7290014168145,false,"רדיד אלומיניום 4.5*50ס""מ",טופ פלסט,IL,רדיד אלומיניום,מטרים,50.00,מטר,false,1,34.90,0.70,true,1,
7290014168770,false,תבניות רוסטר בינוניות 30,,IL,תבניות רוסטר30יח,יחידה,1.00,יחידה,false,1,49.90,49.90,true,1,
7290014170032,false,"תמר מג'הול 1 ק""ג בד""ץ כשל""פ",,IL,תמר מג'הול ארוז,קילוגרמים,1.00,"ק""ג",false,1,21.90,21.90,true,1,
7290014205000,false,צלחות גדולות 50 יחידות,,IL,צלחות גדולות,יחידה,1.00,יחידה,false,1,16.90,16.90,true,1,
7290014205017,false,צלחות קטנות 50 יחידות,,TR,צלחות קטנות לבן,יחידה,1.00,יחידה,false,1,9.90,9.90,true,1,
7290014205031,false,לפתניה לבנה 25 יחי',,IL,לפתניה לבנה,יחידה,1.00,יחידה,false,1,4.90,4.90,true,1,
7290014205048,false,מרקיה לבן שווה 25 יחידות,,IL,צלחות מרק 'שווה',יחידה,1.00,יחידה,false,1,9.90,9.90,true,1,
7290014205062,false,כוסות שקוף עובי1.7 100יח,,IL,כוסות שקוף 100יח,יחידה,1.00,יחידה,false,1,8.90,8.90,true,1,
7290014205116,false,"כוסות שקוף 200 מ""ל 140יח",שווה,IL,כוסות שקוף,יחידה,1.00,יחידה,false,1,16.90,16.90,true,1,
7290014205147,false,"צלחת קטן צבעוני ""שווה""",שווה,IL,צלחת קטן צבעוני,יחידה,1.00,יחידה,false,1,11.90,11.90,true,1,
7290014205161,false,ליפתניות צבעוני 25 י,שווה,IL,לפתניות 25 יח',יחידה,1.00,יחידה,false,1,7.90,7.90,true,1,
7290014205178,false,"מרקיה צבעוני ""שווה"" 25יח",שווה,IL,מרקיה צבעוני,יחידה,1.00,יחידה,false,1,11.90,11.90,true,1,
7290014205185,false,"צלחת ענק צבעוני ""שווה""",שווה,IL,צלחת ענק,יחידה,1.00,יחידה,false,1,24.90,24.90,true,1,
7290014205697,false,אננס חתוך בסירופ קל 565,,TH,אננס חתוך בסירופ,גרמים,565.00,100 גרם,false,1,7.90,1.40,true,1,
7290014206939,false,"מרקיה שקופה ""שווה""",שווה,IL,מרקיה שקופה,יחידה,1.00,יחידה,false,1,11.90,11.90,true,1,
7290014218482,false,"חטיפי פיצה גבינה בד""ץ מעדנות 650 גרם","מעדנות בע""\מ",IL,חטיפי פיצה,גרמים,650.00,100 גרם,false,1,29.90,4.60,true,1,
7290014218505,false,"שלישיית פיצות בד""ץ מעדנות 3*360 גרם","מעדנות בע""\מ",IL,מארז פיצות,יחידה,1.00,יחידה,false,1,29.90,29.90,true,1,
7290014256637,false,"יין מבעבע מוסקטו באזז יקבי כרמל 750 מ""ל",יקבי כרמל Carmel Winery,IL,מוסקטו באזז,מיליליטרים,750.00,"100 מ""ל",false,0,24.90,3.32,true,1,
7290014325036,false,סוכריות ג'לי עטופות שמחות מיה 600 גרם,מיה תעשיות מזון מ.ת.מ. ב,IL,סוכריות גלי,גרמים,600.00,100 גרם,false,0,18.90,3.15,true,1,
7290014325043,false,"פודינג וניל 1 ק""ג שקית",מיה תעשיות מזון מ.ת.מ. ב,IL,פודינג טעם וניל,קילוגרמים,1.00,"ק""ג",false,0,14.90,14.90,true,1,
7290014325050,false,קורנפלור מיה 500 גרם,מיה תעשיות מזון מ.ת.מ. ב,IL,קורנפלור,גרמים,500.00,100 גרם,false,0,4.90,0.98,true,1,
7290014325067,false,מארז תן צ'אפ כריות טבעי מיה 150 גרם,מיה תעשיות מזון מ.ת.מ. ב,IL,מארז תן צ'אפ,גרמים,96.00,100 גרם,false,0,8.90,9.27,true,1,
7290014325081,false,מארז תן צ'אפ כריות פלאפל מיה 150 גרם,מיה תעשיות מזון מ.ת.מ. ב,IL,מארז תן צ'אפ,גרמים,96.00,100 גרם,false,0,8.90,9.27,true,1,
7290014325272,false,תן צ'אפ חטיף טבעות בטעם צ'ילי מארז 15X8ג',מיה תעשיות מזון בעמ,IL,תן צ'אפ גלגלים,גרמים,125.00,100 גרם,false,0,8.90,7.12,true,1,
7290014325531,false,חמאת בוטנים 510 גרם כשלפ,מיה תעשיות מזון מ.ת.מ. ב,IL,חמאת בוטנים,גרמים,500.00,100 גרם,false,0,12.90,2.58,true,1,
7290014355705,false,קבב מקסיקני גלאטשף 400 ג,מ ב גלאט עוף למהדרין,IL,קבב מקסיקני גלאט,גרמים,400.00,100 גרם,false,1,31.90,7.98,true,1,
7290014355712,false,סטייק אנטריקוט 500 גרם במגש,מ ב גלאט עוף למהדרין,IL,סטייק גלאטשף,גרמים,500.00,100 גרם,false,1,59.90,11.98,true,1,
7290014355729,false,נקניקיות קנקרס-375 גרם-קפוא,מ ב גלאט עוף למהדרין,IL,נקניקיות קנקרס,גרמים,375.00,100 גרם,false,1,29.90,7.97,true,1,
7290014355736,false,נקניקיות קראנץ' 375 גרם קפוא גלאט עוף,מ ב גלאט עוף למהדרין,IL,נקניקיות קראנץ',גרמים,375.00,100 גרם,false,1,22.90,6.11,true,1,
7290014355781,false,נקניקיות קנקרס חריפות 375 גרם קפוא גלאט עוף,מ ב גלאט עוף למהדרין,IL,נקניקיות קנקרס ח,גרמים,375.00,100 גרם,false,1,29.90,7.97,true,1,
7290014355798,false,נקניקיות צ'וריסוס 375 גרם קפוא גלאט עוף,מ ב גלאט עוף למהדרין,IL,נקניקיות צ'וריסו,גרמים,375.00,100 גרם,false,1,29.90,7.97,true,1,
7290014355811,false,קבב עגל 400 גרם גלאט עוף,מ ב גלאט עוף למהדרין,IL,קבב גלאטשף,גרמים,400.00,100 גרם,false,1,31.90,7.98,true,1,
7290014397170,false,"פרש מיכל מילוי אוטומטיק סופט בלאנס 250 מ""ל סנו",מיוצר עי קונדיטוריית,IL,סנו פרש סופט,מיליליטרים,250.00,"100 מ""ל",false,1,14.90,5.96,true,1,
7290014397279,false,שקיות מזון גדולות XL סנו סושי 300 יחידות,"אשפלסט תעשיות בע""מ",CN,שקיות מזון,יחידה,1.00,יחידה,false,0,9.90,9.90,true,1,
7290014397286,false,מרכך כביסה מרוכז חלב ודבש סנו מקסימה 1 ליטר,סנו-מקסימה,IL,מרכך כביסה מרוכז,ליטרים,1.00,ליטר,false,0,15.90,15.90,true,1,
7290014397453,false,סנו אוקסיגן גל מסיר כתמים כביסה לבנה 3 ל,סנו אוקסיג'ן,IL,מסיר כתמים 3ליטר,ליטרים,3.00,ליטר,false,0,26.90,8.97,true,1,
7290014397491,false,"מבשם אויר סנו פרש הום בניחוח וניל קוקוס 350 מ""ל",סנו פרש Fresh,IL,סנופרש ונ.קוקוס,מיליליטרים,350.00,"100 מ""ל",false,0,10.90,3.11,true,1,
7290014397767,false,סנו ריצפז פרש הום כותנה מלטפת 2 ליטר,"סנו מפעלי ברונוס בע""",IL,ריצפז פרש הום,ליטרים,2.00,ליטר,false,0,19.90,9.95,true,1,
7290014397873,false,מרכך כביסה בבישום עוצמתי ג'נטל בריז,סנו מפעלי ברונוס בעמ,IL,מרכך מקסימה,ליטרים,4.00,ליטר,false,1,19.90,4.98,true,1,
7290014426061,false,משחת שיניים הלו קיטי בטעם ענבים לגיל 2-6,כצט נוביס,IL,משחת שיניים,מיליליטרים,50.00,"100 מ""ל",false,0,11.90,23.80,true,1,
7290014499973,false,קש מעוצב בצבעי נאון-,,CN,קשים מעוצבים,יחידה,1.00,יחידה,false,0,6.90,6.90,true,1,
7290014500440,false,קש ניאון צבעוני 225 יח,,CN,קש ניאון צבעוני,יחידה,1.00,יחידה,false,0,12.90,12.90,true,1,
7290014562370,false,פרכוני כוסמת בטר אנד דיפרנט 50 גרם,בטר אנד דיפרנט B&D,IL,פריכוני כוסמת,גרמים,50.00,100 גרם,false,0,3.90,7.80,true,1,
7290014562547,false,טחינה עינן 700 ג',,IL,טחינה עינן 100%,גרמים,700.00,100 גרם,false,0,19.90,2.84,true,1,
7290014674004,false,קריספ פירורי לחם שומשום ומלח ים 300 גרם מיימונס,א.ל ייצור ושיווק תבל,IL,פירורי לחם קריספ,גרמים,300.00,100 גרם,false,1,7.90,2.63,true,1,
7290014731264,false,ספלאש כוסות 180CC לשתייה קרה 100 יחידות,רם,IL,כוסות חד פעמיות,יחידה,1.00,יחידה,false,1,6.90,6.90,true,1,
7290014758117,false,מאגדת יוגורט ביו 1.5% שומן 8 יח' *150 ג' תנובה,מיוצר עי קונדיטוריית,IL,יוגורט ביו 8 יח,קילוגרמים,1.20,"ק""ג",false,0,15.90,13.25,true,1,
7290014759084,false,גבינת שמנת נפוליאון 16% מופחת שומן תנובה 225 גרם,תנובה מרכז שיתופי לש,IL,גבינת נפוליאון,גרמים,225.00,100 גרם,false,0,13.90,6.18,true,1,
7290014759701,false,"מאגדת שמינייה יופלה מעודן בד""צ בנגיעות וניל",עדן קינוחים בעמ,IL,יופלה וניל 8 יח,קילוגרמים,1.20,"ק""ג",false,0,19.90,16.58,true,1,
7290014760134,false,"מעדן סויה בטעם וניל תנובה 125 מ""ל",תנובה Alternative,IL,מעדן סויה וניל,גרמים,125.00,100 גרם,false,1,3.90,3.12,true,1,
7290014760141,false,משקה שקדים טרי תנובה 1 ליטר,תנובה Alternative,IL,משקה שקדים,ליטרים,1.00,ליטר,false,1,12.90,12.90,true,1,
7290014761018,false,גיל בטעם וניל תנובה 125 גרם,תנובה מרכז שיתופי לש,IL,גיל בטעם וניל,גרמים,125.00,100 גרם,false,0,1.40,1.12,true,1,
7290014761056,false,מעדן שוקולד חלב יולו תנובה 123 גרם,מיוצר עי קונדיטוריית,IL,יולו שוקולד חלב,גרמים,123.00,100 גרם,false,0,4.50,3.66,true,1,
7290014761063,false,מעדן שוקולד מריר יולו תנובה 123 גרם,מיוצר עי קונדיטוריית,IL,יולו שוקולד מריר,גרמים,123.00,100 גרם,false,0,4.50,3.66,true,1,
7290014761070,false,מעדן שוקולד לבן יולו תנובה 123 גרם,מיוצר עי קונדיטוריית,IL,יולו שוקולד לבן,גרמים,123.00,100 גרם,false,0,4.50,3.66,true,1,
7290014761193,false,יוגורט עם פירות יער 1.5% שומן 125 ג' פרילי,תנובה מרכז שיתופי לש,IL,פרילי פירות יער,גרמים,125.00,100 גרם,false,0,3.50,2.80,true,1,
7290014761254,false,"שמיניית יוגורט ביו 3% תנובה 150 גרם בד""ץ",תנובה מרכז שיתופי לש,IL,יוגורט 8 יחידות,קילוגרמים,1.20,"ק""ג",false,0,15.90,13.25,true,1,
7290014761414,false,יולו מעדן שכבות שוקולד חלב ולבן 123 גר,מיוצר עי קונדיטוריית,IL,יולו שכבות שוקו.,גרמים,123.00,100 גרם,false,0,4.50,3.66,true,1,
7290014761612,false,מעדן שכבות שוקולד מריר ולבן יולו 122 גרם,מיוצר עי קונדיטוריית,IL,יולו שכבות שוקו.,גרמים,122.00,100 גרם,false,1,4.50,3.69,true,1,
7290014761698,false,"גבינת עמק 28% סמי חצי קשה 600 גרם בד""ץ",תנובה מרכז שיתופי לש,IL,גבינה צהובה סמי,גרמים,600.00,100 גרם,false,1,29.90,4.98,true,1,
7290014762237,false,"שרינק מיני קרלו שוקולד 16 יחידות בד""צ",תנובה מרכז שיתופי לש,IL,מיני קרלו,גרמים,1600.00,100 גרם,false,1,22.90,1.43,true,1,
7290014762831,false,גבינת שמנת נפוליאון 16% עם פלפל חלפיניו תנובה 225 גרם,תנובה מרכז שיתופי לש,IL,גבינת נפוליאון,גרמים,225.00,100 גרם,false,1,13.90,6.18,true,1,
7290014762848,false,גבינה צהובה מגורדת 22% שומן 500 ג' פתיתי גלבוע,גלבוע - תנובה,IL,פתיתי גלבוע,גרמים,500.00,100 גרם,false,1,32.90,6.58,true,1,
7290014763272,false,"משקה סויה ביו בטעם תות בננה ""תנובה""",תות תעשיות מזון (201,IL,משקה סויה ביו,מיליליטרים,250.00,"100 מ""ל",false,1,5.90,2.36,true,1,
7290014763418,false,"כד יוגרט תנובה 4% שומן 1.5 ליטר, מהדרין",תנובה מרכז שיתופי לש,IL,יוגורט כד 1.5 ל',ליטרים,1.50,ליטר,false,1,15.90,10.60,true,1,
7290014867130,false,שום גבישי דרומה 300 גרם,דרומה,IL,שום גבישי דרומה,גרמים,300.00,100 גרם,false,0,14.90,4.97,true,1,
7290014867246,false,שביבי בצל צנצנת 140 גרם,,IL,שביבי בצל צנצנת,גרמים,140.00,100 גרם,false,1,14.90,10.64,true,1,
7290014907195,false,סטייק טונה אלבקור שקיל,,VN,סטייק טונה,קילוגרמים,0.00,"ק""ג",true,1,49.90,49.90,true,1,
7290014975408,false,מגן תחתון שחור תשובה כנה פמינה 40 יחידות,,CN,מגן תחתון שחור,יחידה,1.00,יחידה,false,1,16.90,16.90,true,1,
7290015008143,false,"כוסות קרטון שתיה חמה ח""פ 40 יח'",,IL,כוסות קרטון 8-OZ,יחידה,1.00,יחידה,false,0,9.90,9.90,true,1,
7290015008372,false,"כוס קרטון לשתיה חמה 8OZ ח""פ 50יח'",,CN,כוסות שתייה חמה,יחידה,1.00,יחידה,false,1,9.90,9.90,true,1,
7290015008525,false,קיסמי שיניים מלחייה 300 יח',,CN,קיסמי שיניים,יחידה,1.00,יחידה,false,1,3.90,3.90,true,1,
7290015057110,false,מקלות חמוצים בטעם תות 20גרם טעמן,אלבן מזון תעשיות ומס,TR,מקלות חמוצים תות,גרמים,20.00,100 גרם,false,0,1.90,9.50,true,1,
7290015057134,false,מקלות חמוצים בטעם פטל 20 גרם טעמן,אלבן מזון תעשיות ומס,TR,מקלות חמוצים פטל,גרמים,20.00,100 גרם,false,0,1.90,9.50,true,1,
7290015057202,false,חומץ טבעי 5% טעמן 1ל',,IL,חומץ טבעי 1 ליטר,ליטרים,1.00,ליטר,false,0,6.90,6.90,true,1,
7290015150118,false,שלישיית עגבניות חתוכות דק גרנד איטליה 400 גרם,אמיליאנה קונסרב ס.פ.,IT,עגבניות חתוכות,קילוגרמים,1.20,"ק""ג",false,1,16.90,14.08,true,1,
7290015153157,false,"אפרסק 900 גרם אריזות ירושלים בד""ץ",קרונוס,GR,חצאי אפרסקים,גרמים,820.00,100 גרם,false,1,9.90,1.21,true,1,
7290015155311,false,"פרינוק תפוח עץ שישיה בודד בד""ץ * 1",פרינוק,CZ,שישיית פרינוק,קילוגרמים,1.14,"ק""ג",false,0,19.90,17.46,true,1,
7290015155328,false,ג'וניור פרינוק מחיות תפוח בננה מארז 190X6ג',,CZ,שישיית פרינוק,קילוגרמים,1.14,"ק""ג",false,0,19.90,17.46,true,1,
7290015155335,false,ג'וניור פרינוק מחיות פירות מארז 190X6ג',,CZ,שישיית פרינוק,קילוגרמים,1.14,"ק""ג",false,0,19.90,17.46,true,1,
7290015155342,false,ג'וניור פרינוק לפתן פירות מארז 190X6ג',,CZ,שישיית פרינוק,קילוגרמים,1.14,"ק""ג",false,0,19.90,17.46,true,1,
7290015193849,false,קרקר עם מלח ארומה 300 גרם,פפושדו,IL,קרקר מלח,גרמים,300.00,100 גרם,false,1,6.90,2.30,true,1,
7290015194204,false,דגני מולטי כוכבים 600גXL,אשבול,IL,מולטי כוכבים600ג,גרמים,600.00,100 גרם,false,1,12.90,2.15,true,1,
7290015194211,false,דגני בוקר מולטי פירות XL,אשבול,IL,מולטי פירות 600ג,גרמים,600.00,100 גרם,false,1,12.90,2.15,true,1,
7290015194228,false,מולטי שוקו וניל 600 גרXL,אשבול,IL,מולטי שוקו וניל,גרמים,600.00,100 גרם,false,1,12.90,2.15,true,1,
7290015194235,false,דגני מולטי שוקולד600גXL,אשבול,IL,מולטי שוקולד600ג,גרמים,600.00,100 גרם,false,1,12.90,2.15,true,1,
7290015194532,false,חטיף קרמלי נוגט אשבול 70 גרם,אשבול,IL,קרמלי נוגט,גרמים,70.00,100 גרם,false,1,3.90,5.57,true,1,
7290015194549,false,חטיף קרמלי שוקולד 70 גרם,אשבול,IL,קרמלי שוקולד,גרמים,70.00,100 גרם,false,1,3.90,5.57,true,1,
7290015194556,false,חטיף קרמלי חלבה 70 גרם,אשבול,IL,קרמלי חלבה,גרמים,70.00,100 גרם,false,1,3.90,5.57,true,1,
7290015194778,false,קרמים XL טעם נוגט 700 גר,אשבול,IL,קרמים XL,גרמים,700.00,100 גרם,false,1,19.90,2.84,true,1,
7290015194785,false,קרמיםXL טעם שוקולד 700 ג,אשבול,IL,קרמים 700גרם,גרמים,700.00,100 גרם,false,1,19.90,2.84,true,1,
7290015194792,false,קרמים XL טעם וניל עוגיות,אשבול,IL,קרמים 700XLגרם,גרמים,700.00,100 גרם,false,1,19.90,2.84,true,1,
7290015194808,false,קרמים XL טעם קרמל700 גר,אשבול,IL,קרמים 700גרםXL,גרמים,700.00,100 גרם,false,1,19.90,2.84,true,1,
7290015266079,false,פחם טבעי איכותי מהדרים,פחם הגן,IL,פחם טבעי איכותי,קילוגרמים,2.00,"ק""ג",false,1,24.90,12.45,true,1,
7290015282727,false,גזר מרוקאי ברוטב פיקנטי אסלי שמיר 200 ג',"סלטי שמיר 2006 בע""מ",IL,גזר מרוקאי,גרמים,200.00,100 גרם,false,0,12.90,6.45,true,1,
7290015282734,false,מטבוחה ביתית גורמה שמיר 200 גרם,"סלטי שמיר 2006 בע""מ",IL,מטבוחה 200 גרם,גרמים,200.00,100 גרם,false,0,12.90,6.45,true,1,
7290015339483,false,ערמונים קלופים וקלויים טעמן 100ג',טאנגשאלן היואן פוד,IL,ערמונים 100גרם,גרמים,100.00,100 גרם,false,0,5.90,5.90,true,1,
7290015339643,false,שוקולד מריר 100 גרם טעמן.,הלל תעשיות,CH,שוקולד מריר.,גרמים,100.00,100 גרם,false,1,6.90,6.90,true,1,
7290015339650,false,"שוקולד חלבי בד""ץ 100 גרם",אלבה שוקולד,CH,שוקולד חלבי,גרמים,100.00,100 גרם,false,1,6.90,6.90,true,1,
7290015339933,false,ריבת חלב טעמן 340 גרם,טעמן,IL,ריבת חלב,גרמים,340.00,100 גרם,false,0,13.90,4.09,true,1,
7290015347310,false,"מעדן משמש 280 גרם בד""ץ",,BG,מעדן משמש,גרמים,280.00,100 גרם,false,1,14.90,5.32,true,1,
7290015347426,false,סוכריות ללא סוכר בטעם קולה לימון,מיה תעשיות מזון מ.ת.מ. ב,IL,סוכריות קולה,גרמים,80.00,100 גרם,false,1,5.80,7.25,true,1,
7290015347433,false,סוכריות ללא סוכר בטעם פינה קולדה,מיה תעשיות מזון מ.ת.מ. ב,IL,סוכריות פינה קול,גרמים,80.00,100 גרם,false,1,5.80,7.25,true,1,
7290015347464,false,מיה קינואה מעורבת 400 גרם,מיה תעשיות מזון מ.ת.מ. ב,IL,קינואה מעורבת,גרמים,400.00,100 גרם,false,1,19.90,4.98,true,1,
7290015347488,false,"סוכר דמררה חום שקית מיה 1 ק""ג",מיה תעשיות מזון מ.ת.מ. ב,IL,סוכר דמררה,קילוגרמים,1.00,"ק""ג",false,0,9.90,9.90,true,1,
7290015347556,false,גבישי שום בצנצנת מיה 300 גרם,מיה תעשיות מזון בעמ,IL,גבישי שום300גרם,גרמים,300.00,100 גרם,false,1,24.90,8.30,true,1,
7290015347679,false,"תבלין צ'ילי גרוס 70 גר' צנצנת כשל""פ",מיה תעשיות מזון מ.ת.מ. ב,IL,צילי גרוס,גרמים,70.00,100 גרם,false,1,7.90,11.29,true,1,
7290015347785,false,סוכריות ג'לילנד לבבות 125 גר' מיה,מיה תעשיות מזון מ.ת.מ. ב,IL,ג'לי לבבות,גרמים,125.00,100 גרם,false,1,5.90,4.72,true,1,
7290015347990,false,מארז שמיניית עדשי שוקולד מיה 160 גרם,מיה תעשיות מזון בעמ,IL,עדשי שוקולד מארז,גרמים,160.00,100 גרם,false,1,9.90,6.19,true,1,
7290015366663,false,"משחת שיניים מנטה עדין אקווה פרש 100 מ""ל",גלקסוסמיתקליין,SK,משחה אקווה פרש,מיליליטרים,100.00,"100 מ""ל",false,1,6.90,6.90,true,1,
7290015366670,false,משחת שיניים הגנה משולשת מנטה מרענן,גלקסוסמיתקליין,SK,משחה אקווה פרש,מיליליטרים,100.00,"100 מ""ל",false,1,6.90,6.90,true,1,
7290015690072,false,צ'יק צ'אק פלאפל 190 גרם,"10 ברוס ע.ט בע""מ",IL,צ'יק צ'אק פלאפל,גרמים,190.00,100 גרם,false,1,3.90,2.05,true,1,
7290015856607,false,קרקר תירוש מלוח מתוק חצי מצופה בטעם שוקולד,אפיפית נצרת תעשיות ב,IL,קרקר תירוש,גרמים,175.00,100 גרם,false,1,6.90,3.94,true,1,
7290015856621,false,ביסקויט תירוש בטעם קרמל[לוטוס]175 גרם,אפיפית נצרת תעשיות ב,IL,ביסקוויט תירוש,גרמים,175.00,100 גרם,false,1,6.90,3.94,true,1,
7290015856942,false,קרם קרקר עם זעתר אפיפית,אפיפית,IL,קרם קרקר עם זעתר,גרמים,250.00,100 גרם,false,1,7.90,3.16,true,1,
7290015856973,false,פתי בר וניל ללא סוכר 150 גרם הדר,הדר,IL,"פתיבר לל""ס 150גר",גרמים,150.00,100 גרם,false,1,5.90,3.93,true,1,
7290015856980,false,פתי בר ללא סוכר 150 גר הדר שוקו,הדר,IL,"פתיבר לל""ס 150גר",גרמים,150.00,100 גרם,false,1,5.90,3.93,true,1,
7290015858106,false,"ממרח פסטו ביתי 180 גרם ""עללחם""","מדשא תעשיות מזון בע""\מ",IL,פסטו ביתי,גרמים,180.00,100 גרם,false,1,16.90,9.39,true,1,
7290015858113,false,"ממרח עגבניות מיובשות 180 גרם ""טריטרי""","מדשא תעשיות מזון בע""\מ",IL,ממרח עגבניות,גרמים,180.00,100 גרם,false,1,16.90,9.39,true,1,
7290015858144,false,ממרח ארטישוק עללחם 180 גרם,"מדשא תעשיות מזון בע""\מ",IL,ממרח ארטישוק,גרמים,180.00,100 גרם,false,1,16.90,9.39,true,1,
7290015858243,false,ממרח צימיצורי עללחם 180 גרם,"מדשא תעשיות מזון בע""\מ",IL,צ'ימצ'ורי,גרמים,180.00,100 גרם,false,1,16.90,9.39,true,1,
7290015879705,false,"תערובתאיטלקית לאפיה לל""ג",DFS,IT,תערובת לאפיה,קילוגרמים,1.00,"ק""ג",false,1,21.90,21.90,true,1,
7290015879729,false,תערובת לאפיה ללא גלוטן.,DFS,IT,תערובת לאפיה,גרמים,500.00,100 גרם,false,1,21.90,4.38,true,1,
7290016006292,false,נקטר מנגו בננה מלון קרטונית 1 ל' ספרינג,יפאורה שותפות מובגלת לשיווק,IL,נקטר ספרינג,ליטרים,1.00,ליטר,false,1,6.10,6.10,true,1,
7290016006346,false,שוופס סודה 0.5 ליטר מארז שישייה,יפאורה שותפות מובגלת לשיווק,IL,שוופס סודה,ליטרים,3.00,ליטר,false,1,14.90,4.97,true,1,
7290016054002,false,מברשת שיניים ברש גלאט לשבת,CHIN CARL,CN,מברשת שיניים,יחידה,1.00,יחידה,false,1,18.90,18.90,true,1,
7290016087123,false,רוטב מתובל לפסטה בסגנון קלאסי פריניר 240 גרם,פריניר,IL,רוטב עגבניות,גרמים,240.00,100 גרם,false,1,5.50,2.29,true,1,
7290016087147,false,רוטב עגבניות מתובל לפיצה מרגריטה 240 גרם,פריניר,IL,רוטב עגבניות,גרמים,240.00,100 גרם,false,1,5.50,2.29,true,1,
7290016087239,false,רוטב עגבניות מרוכז לשקשוקה פיקנטי פריניר 230 גרם,פרי ניב,IL,רוטב עגבניות,גרמים,230.00,100 גרם,false,1,5.50,2.39,true,1,
7290016096507,false,טונה בשמן קנולה80*3 גרם,תעשיות פילטונה,IL,3טונה בשמן קנולה,גרמים,240.00,100 גרם,false,1,11.90,4.96,true,1,
7290016096613,false,שישיות פילטונה בשמן צמחי,"תעשיות פילטונה בע""מ",IL,שישיות פילטונה,גרמים,840.00,100 גרם,false,1,28.90,3.44,true,1,
7290016096637,false,שישיות פילטונה שמן קנולה,"תעשיות פילטונה בע""מ",IL,שישיות פילטונה,גרמים,840.00,100 גרם,false,1,28.90,3.44,true,1,
7290016096651,false,שישיות פיל טונה במי מלח,"תעשיות פילטונה בע""מ",IL,שישיות פיטונה,גרמים,840.00,100 גרם,false,1,28.90,3.44,true,1,
7290016096811,false,רביעיית ממרח טונה פילטונה - 160 גרם ליחידה,תעשיות פילטונה,IL,ממרח טונה 4 יח,גרמים,640.00,100 גרם,false,1,21.90,3.42,true,1,
7290016096934,false,מארז זוגות סלט טונה 2*160 ג' פילטונה,תעשיות פילטונה,IL,סלט טונה 2 יח,גרמים,320.00,100 גרם,false,1,12.90,4.03,true,1,
7290016102079,false,קינוחית משולשת שקופה שמאי 20 יח',,CN,קינוחית משולשת,יחידה,1.00,יחידה,false,1,12.90,12.90,true,1,
7290016102093,false,קינוחית מדורגת שקופה שמאי 20 יח',,CN,קינוחית מדורגת,יחידה,1.00,יחידה,false,1,12.90,12.90,true,1,
7290016102192,false,"מאפינס אישיים גדולים מנייר 20 יח' שמאי עד""ח",,IL,מאפינס אישיים,יחידה,1.00,יחידה,false,1,6.90,6.90,true,1,
7290016102239,false,נרות 48 שעות זכוכית אחת שתיים שמאי,,CN,נר נשמה 48 שעות,יחידה,1.00,יחידה,false,1,4.90,4.90,true,1,
7290016104363,false,"תמצית אפייה וניל 50 מ""ל",פוליבה,IL,תמצית אפייה,מיליליטרים,50.00,"100 מ""ל",false,1,2.90,5.80,true,1,
7290016104370,false,"תמצית אפייה רום 50 מ""ל",פוליבה,IL,תמצית אפייה,מיליליטרים,50.00,"100 מ""ל",false,1,2.90,5.80,true,1,
7290016106411,false,פרוסות מנגו 425 גרם בסירופ קל,לונגהי גואנגפה פוד ב,IL,פרוסות מנגו,גרמים,425.00,100 גרם,false,1,7.90,1.86,true,1,
7290016106671,false,נתחי טונה בהירה בשמן צמחי,פילטונה,IL,טונה בשמן,גרמים,140.00,100 גרם,false,1,4.90,3.50,true,1,
7290016106688,false,נתחי טונה במי מלח טעמן 140 ג',פילטונה,IL,טונה במים,גרמים,140.00,100 גרם,false,1,4.90,3.50,true,1,
7290016144017,false,"קמח מלא נפלאות 100% ללא ניפוי 1 ק""ג",קמח מלכים,IL,קמח חיטה מלאה,קילוגרמים,1.00,"ק""ג",false,1,9.90,9.90,true,1,
7290016144048,false,"קמח כוסמין לבן נפלאות 1 ק""ג","קמח מלכים בע""מ",IL,קמח כוסמין,קילוגרמים,1.00,"ק""ג",false,1,19.90,19.90,true,1,
7290016144055,false,קמח כוסמין בהיר 80%-נפלאות,קמח מלכים,IL,קמח כוסמין 80%,קילוגרמים,1.00,"ק""ג",false,1,16.90,16.90,true,1,
7290016162219,false,כדורי שוקולד 280 גרם קפולסקי,תופינים מקבוצת קפולסקי,IL,כדורי שוקולד,גרמים,280.00,100 גרם,false,1,29.90,10.68,true,1,
7290016197617,false,תחבושת לנשים אקסטרה דיפנד 10 יחידות,קימברלי קלארק,VN,תחבושות דיפנד,יחידה,1.00,יחידה,false,1,19.90,19.90,true,1,
7290016217643,false,חמוצים סיני אסלי שמיר 400 גרם,"סלטי שמיר 2006 בע""מ",IL,חמוצים סיני,גרמים,400.00,100 גרם,false,1,10.90,2.73,true,1,
7290016276763,false,מעדן שזיף 100% רכיבי פרי ללא סוכר שקדיה 284 ג',סיטי פודסטף,CN,מעדן שזיף,גרמים,284.00,100 גרם,false,1,11.90,4.19,true,1,
7290016276787,false,מעדן אננס 100% רכיבי פרי ללא סוכר שקדיה 284 ג',סיטי פודסטף,CN,מעדן אננס,גרמים,284.00,100 גרם,false,1,11.90,4.19,true,1,
7290016276794,false,מעדן פירות ללא סוכר שקדיה 284 ג',סיטי פודסטף,CN,מעדן תפוז,גרמים,284.00,100 גרם,false,1,11.90,4.19,true,1,
7290016276800,false,מעדן תפוח עץ 100% רכיבי פרי ללא סוכר שקדיה 284 ג',סיטי פודסטף,CN,מעדן תפוח עץ,גרמים,284.00,100 גרם,false,1,11.90,4.19,true,1,
7290016313055,false,קוגל איטריות משולשים תכלס,תכלית מזון,IL,קוגל אטריות משול,גרמים,650.00,100 גרם,false,1,12.90,1.98,true,1,
7290016314762,false,פרובנציאל מטיאס 200 גרם,סלטי שמיר,IL,פרובנציאל מטיאס,גרמים,200.00,100 גרם,false,1,16.90,8.45,true,1,
7290016314779,false,פילה מטיאס הולנדי 200גרם,סלטי שמיר,IL,פילה מטיאס,גרמים,200.00,100 גרם,false,1,16.90,8.45,true,1,
7290016314786,false,הרינג כבוש במרינדה 220גר,סלטי שמיר,IL,הרינג כבוש,גרמים,220.00,100 גרם,false,1,16.90,7.68,true,1,
7290016314809,false,סלט סלמון עם מיונז 200 ג,סלטי שמיר,IL,סלט סלמון,גרמים,200.00,100 גרם,false,1,16.90,8.45,true,1,
7290016314816,false,סלט הרינג עם מיונז 200 ג,,IL,סלט הרינג,גרמים,200.00,100 גרם,false,1,16.90,8.45,true,1,
7290016314823,false,סלט מטיאס עם מיונז 200 ג,סלטי שמיר,IL,סלט מטיאס,גרמים,200.00,100 גרם,false,1,16.90,8.45,true,1,
7290016314847,false,סלמון מובחר 100גרם,סלטי שמיר,IL,סלמון מובחר,גרמים,100.00,100 גרם,false,1,19.90,19.90,true,1,
7290016319309,false,סבון נוזלי מאסק קלאסי+משאבה פמלי 1 ל,הנסיך- מפעל לייצור ט,IL,אל סבון פמלי,ליטרים,1.00,ליטר,false,1,9.90,9.90,true,1,
7290016329278,false,קמיל בלו מגבונים מילוי 64 יח רביעייה,פישר מעבדות פרמצבטיות בע,IL,מגבונים קמיל בלו,יחידה,1.00,יחידה,false,1,19.90,19.90,true,1,
7290016370027,false,זית חרוזית מוגדלת 650 גר,קבוצת יבנה,IL,זית חרוזית,גרמים,650.00,100 גרם,false,1,9.90,1.52,true,1,
7290016372342,false,עגבניות חתוך קוביות גראנד איטליה מארז 400X3ג',גרנד איטליה Grand Italia,IT,עגבניות חתוכ3.יח,קילוגרמים,1.20,"ק""ג",false,1,16.90,14.08,true,1,
7290016372373,false,רסק עגבניות ללא תוספת סוכר ומלח - מארז זוג,גרנד איטליה Grand Italia,IT,רסק עגבניות 2 יח,גרמים,280.00,100 גרם,false,1,7.90,2.82,true,1,
7290016373707,false,מקלות חמוצים בטעם אפרסק 20גרם טעמן,אלבן מזון תעשיות ומס,IL,מקלות חמוצים אפר,גרמים,20.00,100 גרם,false,1,1.90,9.50,true,1,
7290016373820,false,גוגלס לקקן צובע פה 500 גרם,פסין.אס.איי.,BR,לקקנים,גרמים,500.00,100 גרם,false,1,16.90,3.38,true,1,
7290016408980,false,מטבעות שוקולד חלב כרמית 36 גרם,כרמית תעשיות מזון,IL,מטבעות שוקולד,גרמים,36.00,100 גרם,false,1,3.90,10.83,true,1,
7290016411164,false,פרחי כרובית מוקפאים 600ג,י.ש. ירקות עליים,IL,כרובית צפראי 600,גרמים,600.00,100 גרם,false,1,34.90,5.82,true,1,
7290016411188,false,פרחי ברוקלי מוקפאים 600ג,י.ש. ירקות עליים,IL,ברוקולי 600 גרם,גרמים,600.00,100 גרם,false,1,34.90,5.82,true,1,
7290016411706,false,כוסברה הרב לנדאו ביכורי,,IL,כוסברה קטיף הטבע,יחידה,1.00,יחידה,false,1,5.90,5.90,true,1,
7290016411713,false,שמיר הרב לנדאו ביכורי שד,,IL,שמיר קטיף הטבע,יחידה,1.00,יחידה,false,1,5.90,5.90,true,1,
7290016411720,false,נענע הרב לנדאו ביכורי שד,,IL,נענע קטיף הטבע,יחידה,1.00,יחידה,false,1,5.90,5.90,true,1,
7290016411737,false,פטרוזיליה הרב לנדאו ביכו,,IL,פטרוזיליה קטיף ה,יחידה,1.00,יחידה,false,1,5.90,5.90,true,1,
7290016411744,false,כרוב לבן שלם הרב לנדאו ב,,IL,כרוב שלם קטיף הט,קילוגרמים,0.00,"ק""ג",true,1,13.90,13.90,true,1,
7290016411751,false,חסה הרב לנדאו ביכורי שדה,,IL,חסה קטיף הטבע,יחידה,1.00,יחידה,false,1,6.90,6.90,true,1,
7290016411768,false,בצל ירוק הכשר הרב לנדאו,,IL,בצל ירוק קטיף הט,יחידה,1.00,יחידה,false,1,6.90,6.90,true,1,
7290016411775,false,סלרי הרב לנדאו ביכורי שד,,IL,סלרי עלים קטיף ה,יחידה,1.00,יחידה,false,1,6.90,6.90,true,1,
7290016411836,false,"כרוב לבן קטיף הטבע 1 ק""ג","י.ש.ירקות עלים בע""מ",IL,כרוב לבן קטיף,קילוגרמים,1.00,"ק""ג",false,1,17.90,17.90,true,1,
7290016411843,false,"כרוב אדום קטיף הטבע 1ק""ג","י.ש.ירקות עלים בע""מ",IL,כרוב אדום קטיף ה,קילוגרמים,1.00,"ק""ג",false,1,19.90,19.90,true,1,
7290016416961,false,מוס גבינה תות שדה קפולסקי 400 גרם,קפולסקי שיווק וקמעונ,IL,מוס גבינה תות,גרמים,400.00,100 גרם,false,1,29.90,7.48,true,1,
7290016416992,false,עוגת דובוש בסקוויטים קפולסקי 400 גרם,תופינים מקבוצת קפולסקי,IL,עוגת דובוש,גרמים,400.00,100 גרם,false,1,29.90,7.48,true,1,
7290016439601,false,ממרח תמרים צור 450 גרם,"משק צור עין יהב בע""מ",IL,ממרח תמרים 450גר,גרמים,450.00,100 גרם,false,1,6.90,1.53,true,1,
7290016496208,false,פתיל צף עגול בינוני מוכן,שלהבת,IN,פתיל פקק צף עגול,יחידה,1.00,יחידה,false,1,5.90,5.90,true,1,
7290016496345,false,פתיל צף מוכן עגול קטן 100 יח',,IL,פתיל צף מוכן,יחידה,1.00,יחידה,false,1,10.90,10.90,true,1,
7290016509786,false,פרסיל גל לכביסה לבנה וצבעונית-ירוק 2.5 ל,"הנקל סוד בע""\מ",IL,ג'ל כביסה פרסיל,ליטרים,2.50,ליטר,false,1,32.90,13.16,true,1,
7290016509809,false,ג'ל מרוכז לכביסה קולור 2.5 ל' פרסיל,"הנקל סוד בע""\מ",IL,ג'ל כביסה פרסיל,ליטרים,2.50,ליטר,false,1,32.90,13.16,true,1,
7290016509847,false,פרסיל ג'ל לכביסה כהה בלאק 2.5 ליטר,"הנקל סוד בע""\מ",IL,פרסיל ג'ל בלאק,ליטרים,2.50,ליטר,false,1,32.90,13.16,true,1,
7290016513981,false,"קרפלך תפו""א איי פוד 600 גרם",אימפריאל רזרב פוד,IL,"קרפלך תפו""א",גרמים,600.00,100 גרם,false,1,15.90,2.65,true,1,
7290016524871,false,מיני במיה קפואה 500 גרם,,EG,מיני במיה קפואה,גרמים,500.00,100 גרם,false,1,14.90,2.98,true,1,
7290016621358,false,"ד""ר פישר - קמיל אל סבון ניקיון והזנה ורוד 1 ליטר",פישר מעבדות פרמצבטיות בע,IL,אל סבון קמיל,ליטרים,1.00,ליטר,false,1,12.90,12.90,true,1,
7290016621365,false,אל סבון היגייני לניקוי יסודי קמיל Clean & Moisture,פישר מעבדות פרמצבטיות בע,IL,אל סבון קמיל,ליטרים,1.00,ליטר,false,1,12.90,12.90,true,1,
7290016682182,false,שייק תמר בננה מופחת סוכר 1 ליטר פרי ניב,פריניב בעמ,IL,שייק תמר בננה,מיליליטרים,1000.00,"100 מ""ל",false,1,14.70,1.47,true,1,
7290016682199,false,פריניב שייק תות בננה מופחת סוכר 1 ליטר,פריניב בעמ,IL,שייק תות בננה,מיליליטרים,1000.00,"100 מ""ל",false,1,14.70,1.47,true,1,
7290016682243,false,פריניב אשכולית אדומה סחוט 100% 1 ליטר,פריניב,IL,מיץ אשכולית אדומ,ליטרים,1.00,ליטר,false,1,14.90,14.90,true,1,
7290016682359,false,מיץ תפוזים שמוטי פרי ניב 2 ליטר-,פרי ניב,IL,מיץ תפוזים סחוט,ליטרים,2.00,ליטר,false,0,26.90,13.45,true,1,
7290016682366,false,מיץ תפוח צלול פרי ניב 2 ליטר-,פריניב,IL,מיץ תפוח עץ,ליטרים,2.00,ליטר,false,0,24.90,12.45,true,1,
7290016682380,false,מיץ טבעי לימונדה ולואיזה פרי ניב 2 ליטר-,פרי ניב,IL,משקה קל מצנון,ליטרים,2.00,ליטר,false,0,24.90,12.45,true,1,
7290016682441,false,100% מיץ תפוזים מיוצר מרכז טבעי,פרי ניב,IL,מיץ תפוזים סחוט,ליטרים,1.00,ליטר,false,1,14.90,14.90,true,1,
7290016693041,false,"יין אמירים רזרב קברנה 750 מ""ל",יקבי ארזה,IL,אמירים רזרב קברנ,מיליליטרים,750.00,"100 מ""ל",false,1,18.90,2.52,true,1,
7290016693058,false,"יין אמירים רזרב מרלו 750 מ""ל",יקבי ארזה,IL,אמירים רזרב מרלו,מיליליטרים,750.00,"100 מ""ל",false,1,18.90,2.52,true,1,
7290016693065,false,"יין אמירים רזרב רוזה 750 מ""ל",יקבי ארזה,IL,אמירים רזרב א.רו,מיליליטרים,750.00,"100 מ""ל",false,1,18.90,2.52,true,1,
7290016693072,false,"יין אמירים רזרב ריזלינג 750 מ""ל",יקבי ארזה,IL,אמירים אמרלד ר.,מיליליטרים,750.00,"100 מ""ל",false,1,18.90,2.52,true,1,
7290016693799,false,"יין מוסקטו פינק ארזה 750 מ""ל",קנטינה סנט,IT,יין מוסקטו רוזה,מיליליטרים,750.00,"100 מ""ל",false,1,34.90,4.65,true,1,
7290016693850,false,"יין מלודי שרדונה 750 מ""ל",יקבי ארזה,IL,מלודי שרדונה,מיליליטרים,750.00,"100 מ""ל",false,1,49.90,6.65,true,1,
7290016693959,false,"יין בראשית קברנהמתוק עדין ארזה 750 מ""ל",יקבי ארזה,IL,קברנה מתוק עדין,מיליליטרים,750.00,"100 מ""ל",false,1,34.90,4.65,true,1,
7290016717044,false,"יין מוסקטו סלקטד באז כרמל 750 מ""ל",כרמל מזרחי,IL,"באזז מנגו 750מ""ל",מיליליטרים,750.00,"100 מ""ל",false,1,24.90,3.32,true,1,
7290016717051,false,משקה Buzz מוגז בטעם רימון מבוסס יין אדום מתוק,יקבי כרמל Carmel Winery,IL,רימון באזז,מיליליטרים,750.00,"100 מ""ל",false,1,24.90,3.32,true,1,
7290016717617,false,תירוש כרמל אדום 1.2 ליטר,יקבי כרמל,IL,מיץ ענבים תירוש,ליטרים,1.20,ליטר,false,1,19.90,16.58,true,1,
7290016717754,false,"יין ישן נושן יקבי כרמל 750 מ""ל ^^^",אגודת הכורמים הקואופרטיב,IL,יין ישן נושן,מיליליטרים,750.00,"100 מ""ל",false,1,17.90,2.39,true,1,
7290016717976,false,"יין סלקטד באז אפרסק כרמל 750 מ""ל",כרמל מזרחי,IL,ספארקלינג אפרסק,מיליליטרים,750.00,"100 מ""ל",false,1,24.90,3.32,true,1,
7290016806168,false,תירס בוואקום 340 גרם,EKO,HU,תירס בוואקום340ג,גרמים,340.00,100 גרם,false,1,5.50,1.62,true,1,
7290016898002,false,סיר אלומניום גדול זוג 5.4 ליטר שמאי,,IL,סיר אלומיניום,יחידה,1.00,יחידה,false,1,11.90,11.90,true,1,
7290016898019,false,סיר אלומיניום בינוני ר.שמאי מארז 2יח',,IL,סיר אלומיניום,יחידה,1.00,יחידה,false,1,9.90,9.90,true,1,
7290016898040,false,מכסה לסיר אלומיניום בינוני ר.שמאי מארז 2יח',,IL,מכסה לסיר בינוני,יחידה,1.00,יחידה,false,1,4.90,4.90,true,1,
7290016898323,false,"כוסות קרטון 10OZ איכותי ח""פ 50 יח'",ר.שמאי,CN,כוסות קרטון,יחידה,1.00,יחידה,false,1,13.90,13.90,true,1,
7290016898941,false,מנג'ט לאפיה מס' 3 לבן שמאי 125 יח',,IL,מנג' לבן,יחידה,1.00,יחידה,false,1,5.90,5.90,true,1,
7290016898958,false,עטרות לעוגות מס' 4 לבן 125יח',,IL,מנג'ט לבן,יחידה,1.00,יחידה,false,1,5.90,5.90,true,1,
7290017008721,false,צלעות צרכני מס' 2,,BR,בשר מס' 2 אשפר,קילוגרמים,0.00,"ק""ג",true,1,32.90,32.90,true,1,
7290017008790,false,מכסה הצלע מס 7 אשפר שקיל,,BR,מכסה הצלע,קילוגרמים,0.00,"ק""ג",true,1,29.90,29.90,true,1,
7290017008813,false,בשר מס 8 שריר זרוע שקיל,וינר פוד,BR,בשר מס 8 שריר,קילוגרמים,0.00,"ק""ג",true,1,39.90,39.90,true,1,
7290017008868,false,אצבעות אנטריקוט חלק,פריגורפיקו,AR,אצבעות אנטריקוט,קילוגרמים,0.00,"ק""ג",true,1,59.90,59.90,true,1,
7290017023212,false,"שוויפס מוגז פירות תפוח מארז רביעייה* 330 מ""ל",יפאורה תבורי בעמ,IL,שוופס מוגז4פחיות,ליטרים,1.32,ליטר,false,1,11.50,8.71,true,1,
7290017023229,false,"שוויפס מוגז פירות תות ליים מארז רביעיה* 330 מ""ל",יפאורה תבורי בעמ,IL,שוופס מוגז4פחיות,ליטרים,1.32,ליטר,false,1,11.50,8.71,true,1,
7290017023663,false,"שוופס מיץ פירות לימונייד פחית מארז 330X4מ""ל",יפאורה תבורי,IL,שוופס 4 פחיות,ליטרים,1.32,ליטר,false,1,11.50,8.71,true,1,
7290017058825,false,תרסיס שמן קנולה תומר 142 גרם,,TR,תרסיס שמן קנולה,גרמים,142.00,100 גרם,false,1,11.90,8.38,true,1,
7290017058863,false,תרסיס שמן קנולה בטעם שמן זית,,TR,תרסיס שמן זית,גרמים,142.00,100 גרם,false,1,11.90,8.38,true,1,
7290017062853,false,"קצף לניקוי כללי 500 מ""ל פלירוסול טאצ",סאסאטק,IL,קצף ניקוי כללי,מיליליטרים,500.00,"100 מ""ל",false,1,21.90,4.38,true,1,
7290017062860,false,קצף ניקוי פלירוסול מילוי,סאסאטק,IL,קצף ניקוי פלירוס,מיליליטרים,500.00,"100 מ""ל",false,1,11.90,2.38,true,1,
7290017062891,false,"קצף לכלים בניחוח תפוח פלירוסול 500 מ""ל טאצ",סאסאטק,IL,קצף לכלים תפוח,מיליליטרים,500.00,"100 מ""ל",false,1,21.90,4.38,true,1,
7290017065007,false,פרוסות גבינה מוצרלה חצי קשה 22% שומן 200 ג' גד,מחלבות גד בעמ,IL,מוצרלה פרוסות,גרמים,150.00,100 גרם,false,1,17.90,11.93,true,1,
7290017068206,false,צימוקים בהירים בקרטון 350 גר' מיה,מיה תעשיות מזון בעמ,IL,צימוקים בהירים,גרמים,350.00,100 גרם,false,1,14.90,4.26,true,1,
7290017068213,false,חמוציות חתוכות בקרטון מיה 350 גרם,מיה תעשיות מזון בעמ,IL,חמוציות חתוכות,גרמים,350.00,100 גרם,false,1,14.90,4.26,true,1,
7290017068343,false,חמוציות חתוכות ללא סוכר 150 גר' מיה,מיה,IL,חמוציות חתוכות,גרמים,150.00,100 גרם,false,1,19.90,13.27,true,1,
7290017068466,false,שקדים טחונים 300 גרם,,IL,שקדים טחונים,גרמים,300.00,100 גרם,false,1,20.90,6.97,true,1,
7290017068497,false,אגוז מלך בקליפה 500 גרם,,IL,אגוז מלך בקליפה,גרמים,500.00,100 גרם,false,1,14.90,2.98,true,1,
7290017068848,false,סוכריות קישוט לעוגה צבעוני מיה 200 גרם,מיה,IL,סוכריות צבעוניות,גרמים,200.00,100 גרם,false,1,7.90,3.95,true,1,
7290017068886,false,ג'לי דובונים בציפוי שמן 350 גרם,מיה תעשיות מזון בעמ,IL,ג'לי דובונים,גרמים,350.00,100 גרם,false,1,16.90,4.83,true,1,
7290017068893,false,ג'לי דגיגים בציפוי סוכר 350 גרם,מיה תעשיות מזון בעמ,IL,ג'לי דגיגים,גרמים,350.00,100 גרם,false,1,16.90,4.83,true,1,
7290017068916,false,ג'לי טבעות בציפוי סוכר 350 גרם,מיה תעשיות מזון בעמ,IL,ג'לי טבעות,גרמים,350.00,100 גרם,false,1,16.90,4.83,true,1,
7290017079738,false,חמישיית שוקולד מריר,מילאנו ספולקה זד,IL,שוקולד מריר 5יח,גרמים,500.00,100 גרם,false,1,21.90,4.38,true,1,
7290017079776,false,מחיות פאוץ' סלט פירות פריטוב 120 גרם,פרוטה פודיוין איי.אס,CZ,מחית סלט פירות,גרמים,120.00,100 גרם,false,1,3.90,3.25,true,1,
7290017079967,false,"סרדינים בשמן צימחי בד""ץ טעמן 125 גר'",,MA,סרדינים 125 גרם,גרמים,125.00,100 גרם,false,1,7.90,6.32,true,1,
7290017079974,false,סרדינים בשמן פלפל חריף טעמן 125 גרם,,MA,סרדינים 125 גרם,גרמים,125.00,100 גרם,false,1,7.90,6.32,true,1,
7290017084992,false,סבורי בצל קצוץ מוזהב,אירוסיבולס,ES,בצל קצוץ מוזהב,גרמים,390.00,100 גרם,false,1,9.90,2.54,true,1,
7290017094830,false,סלט גזר ברוטב פיקנטי אסלי שמיר 400 ג',"סלטי שמיר 2006 בע""מ",IL,גזר פיקנטי אסלי,גרמים,400.00,100 גרם,false,1,10.90,2.73,true,1,
7290017094847,false,סלט תפוחי אדמה אסלי שמיר 400 ג',"סלטי שמיר 2006 בע""מ",IL,"סלט תפו""א אסלי",גרמים,400.00,100 גרם,false,1,10.90,2.73,true,1,
7290017094861,false,חומוס עם רוטב מסבחה אסלי שמיר 400 ג',"סלטי שמיר 2006 בע""מ",IL,חומוס אסלי מסבחה,גרמים,400.00,100 גרם,false,1,10.90,2.73,true,1,
7290017100142,false,כוסיות יין 100cc שמאי ארוז 50 יח',,CN,כוס יין לחיים,יחידה,1.00,יחידה,false,1,4.90,4.90,true,1,
7290017121086,false,"אריסה ביתית מתוקה עללחם, 250 גרם","מדשא תעשיות מזון בע""\מ",IL,אריסה מתוקה,גרמים,250.00,100 גרם,false,1,14.90,5.96,true,1,
7290017121093,false,"אריסה חריפה 250 גרם ""עללחם""","מדשא תעשיות מזון בע""\מ",IL,אריסה חריפה,גרמים,250.00,100 גרם,false,1,14.90,5.96,true,1,
7290017129822,false,מטבעות שוקולד מריר כרמית 36 גרם,כרמית,IL,מטבעות שוקולד,יחידה,1.00,יחידה,false,1,3.90,3.90,true,1,
7290017129983,false,שוקולד צ'יפס לבן פרווה כרמית 250 גרם,"כרמית תעשיות ממתקים בע""\",IL,שוקוציפס לבן250ג,גרמים,250.00,100 גרם,false,1,9.90,3.96,true,1,
7290017239118,false,גרבלקס סלמון אטלנטי,סלטי שמיר,IL,גרבלקס סלמון,גרמים,100.00,100 גרם,false,1,19.90,19.90,true,1,
7290017239286,false,פילה מטיאס מעודן 250 גרם,"פוד קולקשיין בע""מ",IL,פילה מטיאס250גרם,גרמים,250.00,100 גרם,false,1,21.90,8.76,true,1,
7290017239941,false,מקרל בעישון חם עםתבלינים,"פוד קולקשיין בע""מ",IL,מקרל בעישון חם,גרמים,200.00,100 גרם,false,1,34.90,17.45,true,1,
7290017240022,false,ג'ינג'ר ארוז,,IL,שורש גינגר,קילוגרמים,0.00,"ק""ג",true,1,19.90,19.90,true,1,
7290017240039,false,דלעת ארוזה פאר לי,,IL,דלעת ארוזה,קילוגרמים,0.00,"ק""ג",true,1,11.90,11.90,true,1,
7290017252964,false,שמן קנולה 1 ליטר,,IL,שמן קנולה 1 ליטר,ליטרים,1.00,ליטר,false,1,9.90,9.90,true,1,
7290017266046,false,מארז וופל קראנצ' אישי 30 יחידות עלמה,"גילרו בע""מ",IL,וופל עלמה קראנצ',גרמים,600.00,100 גרם,false,1,12.90,2.15,true,1,
7290017266398,false,גלילי וופל למילוי עלמה 150 גרם,גילרו,IL,גלילי ופל למילוי,גרמים,150.00,100 גרם,false,1,17.90,11.93,true,1,
7290017266503,false,"גלילי וופל במילוי קרם שוקולד לל""ס 100 גר' עלמה",גילרו,IL,"גליל ופל ללת""ס",גרמים,100.00,100 גרם,false,1,6.90,6.90,true,1,
7290017266725,false,וופל קראנצ' במילוי בטעם שוקולד 30 יח',"גילרו בע""מ",IL,וופל קראנצ,גרמים,600.00,100 גרם,false,1,12.90,2.15,true,1,
7290017266909,false,וופלים מעולים במילוי קרם בטעם שוקולד SUNי 200 גרם,"גילרו בע""מ",IL,וופל שוקולד 200ג,גרמים,200.00,100 גרם,false,1,4.90,2.45,true,1,
7290017266916,false,וופלים מעולים במילוי קרם בטעם לימון SUNי 200 גרם,"גילרו בע""מ",IL,וופל בטעם לימון,גרמים,200.00,100 גרם,false,1,4.90,2.45,true,1,
7290017275086,false,אחווה עוגיות ללא תוספת סוכר בטעם תות 350 גר',אחוה,IL,"עוגיות ללת""ס תות",גרמים,350.00,100 גרם,false,1,9.90,2.83,true,1,
7290017275130,false,עוגת שמרים אישית במילוי פרג 120 גרם,אחדות ביחר לטחינה חל,IL,עוגת שמרים אישית,גרמים,120.00,100 גרם,false,1,3.90,3.25,true,1,
7290017275147,false,עוגת שמרים אישית דניש קינמון אחוה 120 גרם,אחדות ביחר לטחינה חל,IL,עוגת שמרים אישית,גרמים,120.00,100 גרם,false,1,3.90,3.25,true,1,
7290017275154,false,עוגת שמרים אישית שוקולד אחוה 120 גרם,אחדות ביחר לטחינה חל,IL,עוגת שמרים אישית,גרמים,120.00,100 גרם,false,1,3.90,3.25,true,1,
7290017275338,false,טורקיז- טחינה גולמית 500 גרם,אחדות ביחר לטחינה חל,IL,טחינה גולמית500ג,גרמים,500.00,100 גרם,false,1,12.90,2.58,true,1,
7290017275345,false,"טחינה גולמית בבקבוק לחיץ , 350 גרם אחווה",אחדות ביחר לטחינה חל,IL,טחינה בקבוק לחיץ,גרמים,350.00,100 גרם,false,1,9.90,2.83,true,1,
7290017275369,false,טורקיז- טחינה משומשום מלא 500 גרם,אחדות ביחר לטחינה חל,IL,טחינה משומשום,גרמים,500.00,100 גרם,false,1,12.90,2.58,true,1,
7290017275413,false,מיני קצפיות בטעם וניל אחוה 140 גרם,אחדות ביחר לטחינה חל,IL,מיני קצפיות140ג,גרמים,140.00,100 גרם,false,1,9.90,7.07,true,1,
7290017275420,false,מיני קצפיות בטעם תות אחוה 140 גרם,אחדות ביחר לטחינה חל,IL,מיני קצפיות140ג,גרמים,140.00,100 גרם,false,1,9.90,7.07,true,1,
7290017275437,false,מיני קצפיות בטעם פירות יער אחוה 140 גרם,אחדות ביחר לטחינה חל,IL,מיני קצפיות 140ג,גרמים,140.00,100 גרם,false,1,9.90,7.07,true,1,
7290017275444,false,מיני קצפיות בטעם ענבים אחוה 140 גרם,אחדות ביחר לטחינה חל,IL,מיני קצפיות בטעם,גרמים,140.00,100 גרם,false,1,9.90,7.07,true,1,
7290017275499,false,"סירופ בטעם אננס אחוה 900 מ""ל",אחדות ביחר לטחינה חל,IL,סירופ אננס,מיליליטרים,900.00,"100 מ""ל",false,1,17.90,1.99,true,1,
7290017275505,false,"סירופ בטעם פטל אחוה 900 מ""ל",אחדות ביחר לטחינה חל,IL,סירופ פטל,מיליליטרים,900.00,"100 מ""ל",false,1,17.90,1.99,true,1,
7290017275710,false,חטיפי בננית במגש 12 יח' אחוה,,IL,חטיפי בננית במגש,יחידה,1.00,יחידה,false,1,11.90,11.90,true,1,
7290017275727,false,חטיפי תותית במגש 12 יח' אחוה,,IL,חטיפי תותית במגש,יחידה,1.00,יחידה,false,1,11.90,11.90,true,1,
7290017275741,false,חלוה עם אגוזי לוז במגש 400 גרם אחווה,אחוה,IL,חלווה אגוזי לוז,גרמים,400.00,100 גרם,false,1,14.90,3.73,true,1,
7290017285740,false,"סרקל שמפו ד""ר פישר 1 ליטר",פישר מעבדות פרמצבטיות בע,IL,סרקל שמפו לילדים,ליטרים,1.00,ליטר,false,1,23.90,23.90,true,1,
7290017285757,false,"סרקל שמפו + מעצב ד""ר פישר 1 ליטר",פישר מעבדות פרמצבטיות בע,IL,סרקל שמפו+מרכך,ליטרים,1.00,ליטר,false,1,23.90,23.90,true,1,
7290017297699,false,רוטב עגבניות מרוכז מאוד 100 גרם ויטה,"מילוז(1989)בע""""מ",IL,רוטב עגבניות,גרמים,100.00,100 גרם,false,1,2.50,2.50,true,1,
7290017297705,false,רוטב עגבניות מרוכז 240 גרם BX22 ויטה,ויטה,IL,רוטב עגבניות,גרמים,240.00,100 גרם,false,1,5.80,2.42,true,1,
7290017406992,false,פתיתים בצורת קוסקוס 400,אובה מקרנה ציליק,TR,פתיתים,גרמים,400.00,100 גרם,false,1,4.90,1.23,true,1,
7290017418476,false,קראש קוביות נוגט בצי,"לבס שוקולד בע""מ",IL,קראש כריות 65 גר,גרמים,65.00,100 גרם,false,1,4.90,7.54,true,1,
7290017418483,false,קראש קורנפלקס בציפוי,"לבס שוקולד בע""מ",IL,קראש קורנפלקס65ג,גרמים,65.00,100 גרם,false,1,4.90,7.54,true,1,
7290017418551,false,קראש קרקר דג בציפוי,"לבס שוקולד בע""מ",IL,קראש קרקר דג65 ג,גרמים,65.00,100 גרם,false,1,4.90,7.54,true,1,
7290017440934,false,קמיל בלו קלאסיק אל סבון 1 ליטר מגזרי,CHEMIPAL FISHER (BIO,IL,אל סבון 1 ליטר,ליטרים,1.00,ליטר,false,1,26.90,26.90,true,1,
7290017457925,false,סוד מרכך כביסה מרוכז פרש קונטרול ורוד,הנקל סוד,IL,סוד מרכך ורוד,מיליליטרים,900.00,"100 מ""ל",false,1,12.90,1.43,true,1,
7290017457932,false,סוד מרכך כביסה מרוכז פרש קונטרול כחול,הנקל סוד,IL,סוד מרכך כחול,מיליליטרים,900.00,"100 מ""ל",false,1,12.90,1.43,true,1,
7290017470719,false,"מגש מחולק עגול קטן 6 חלקים כשלפ עד""ח ר.שמאי",,CN,מגש מחולק עגול,יחידה,1.00,יחידה,false,1,10.90,10.90,true,1,
7290017476957,false,"בורגול עבה 1 ק""ג",ארוז על ידי דין שיווק וק,IL,"בורגול עבה 1 ק""ג",קילוגרמים,1.00,"ק""ג",false,1,9.90,9.90,true,1,
7290017476988,false,"חומוס ענק 1 ק""ג",ארוז על ידי דין שיווק וק,IL,"חומוס ענק 1 ק""ג",קילוגרמים,1.00,"ק""ג",false,1,19.90,19.90,true,1,
7290017476995,false,"חיטה 1 ק""ג",ארוז על ידי דין שיווק וק,IL,"חיטה 1 ק""ג",קילוגרמים,1.00,"ק""ג",false,1,9.90,9.90,true,1,
7290017477008,false,"כוסמת 1 ק""ג",ארוז על ידי דין שיווק וק,IL,"כוסמת 1 ק""ג",קילוגרמים,1.00,"ק""ג",false,1,12.90,12.90,true,1,
7290017477015,false,"עדשים כתומות 1 ק""ג",דין שיווק,IL,עדשים כתומות1קג,קילוגרמים,1.00,"ק""ג",false,1,12.90,12.90,true,1,
7290017477022,false,"עדשים ירוקות 1 ק""ג",ארוז על ידי דין שיווק וק,IL,עדשים ירוקות1קג,קילוגרמים,1.00,"ק""ג",false,1,12.90,12.90,true,1,
7290017477039,false,"עדשים שחורות 1 ק""ג",ארוז על ידי דין שיווק וק,IL,עדשים שחורות,קילוגרמים,1.00,"ק""ג",false,1,12.90,12.90,true,1,
7290017477077,false,"שעועית לבנה 1 ק""ג",ארוז על ידי דין שיווק וק,IL,"שעועית לבנה1 ק""ג",קילוגרמים,1.00,"ק""ג",false,1,14.90,14.90,true,1,
7290017595047,false,זוג כוסיות לנרונים שלהבת,שלהבת,IL,זוג כוסיות שלהבת,יחידה,1.00,יחידה,false,1,13.90,13.90,true,1,
7290017595061,false,זוג כוסיות לנרונים 2 יח',,CN,כוסיות לנר,יחידה,1.00,יחידה,false,1,5.90,5.90,true,1,
7290017599236,false,סוכריות סטיוויה 200 טבליות,סנו מפעלי ברונוס.,IL,סוכרזית סטיוויה,גרמים,17.00,100 גרם,false,1,28.90,170.00,true,1,
7290017599250,false,סוכרזית קלאסי 120 שקיות,ביסקול בע''מ,IL,סוכרזית קלאסי,גרמים,120.00,100 גרם,false,1,17.90,14.92,true,1,
7290017599267,false,סוכרלוז 120 שקיות ממתיק שולחני,סוכרזית Sucrazit,IL,סוכרזית סוכרלוז,גרמים,120.00,100 גרם,false,1,27.90,23.25,true,1,
7290017599274,false,סוכרזית סטיוויה 120 שקיות,ביסקול בע''מ,IL,סוכרזית סטיוויה,גרמים,120.00,100 גרם,false,1,34.90,29.08,true,1,
7290017615189,false,בשר מס' 10 צוואר צרכני,,UY,בשר מס' 10 צוואר,קילוגרמים,0.00,"ק""ג",true,1,24.90,24.90,true,1,
7290017615196,false,בשר מס 3 צרכני אשפר חלק,,UY,בשר מס 3,קילוגרמים,0.00,"ק""ג",true,1,29.90,29.90,true,1,
7290017615295,false,קובה בטעם בשר 10 יחידות,,IL,קובה בטעם בשר,יחידה,1.00,יחידה,false,1,19.90,19.90,true,1,
7290017615301,false,"פסטלים במילוי תפו""א700גר",,IL,פסטלים 700 גרם,גרמים,700.00,100 גרם,false,1,19.90,2.84,true,1,
7290017615332,false,סיגרים בטעם בשר 500 גרם,,IL,סיגרים בטעם בשר,גרמים,500.00,100 גרם,false,1,19.90,3.98,true,1,
7290017615356,false,כדורי פלאפל 700 גרם,,IL,כדורי פלאפל,גרמים,700.00,100 גרם,false,1,19.90,2.84,true,1,
7290017615516,false,דג סול,,NL,דג סול,קילוגרמים,0.00,"ק""ג",true,1,69.90,69.90,true,1,
7290017616940,false,"צ'יפס זיג זג עת רן 1.5 ק""ג",אקרופרוסט,BE,צ'יפס קפוא זיגזג,קילוגרמים,1.50,"ק""ג",false,1,24.90,16.60,true,1,
7290017641591,false,כרמית מרשמלו ורוד לבן 30 גרם,"כרמית תעשיות ממתקים בע""\",IL,מרשמלו ורוד לבן,גרמים,30.00,100 גרם,false,1,1.80,6.00,true,1,
7290017659732,false,מגב סילקון 50,רוחמה,IL,מגב סילקון,יחידה,1.00,יחידה,false,1,24.90,24.90,true,1,
7290017659756,false,"מגב רצפה 40 ס""מ",רוחמה,IL,"מגב רצפה 40 ס""מ",יחידה,1.00,יחידה,false,1,8.90,8.90,true,1,
7290017659763,false,מגב רצפה 50 .,רוחמה,IL,מגב רצפה,יחידה,1.00,יחידה,false,1,12.90,12.90,true,1,
7290017715681,false,A2 זית מושחר חרוזית תומר 560 גרם,עדן,IL,זית חרוזית מושחר,גרמים,560.00,100 גרם,false,1,9.90,1.77,true,1,
7290017715728,false,זית מנזלינו גדול תומר 560 גרם A2,עדן,IL,זית מנזילו גדול,גרמים,560.00,100 גרם,false,1,7.90,1.41,true,1,
7290017715735,false,A2 זית סורי מבוקע תומר 560 גרם,עדן,IL,זית סורי מובקע,גרמים,560.00,100 גרם,false,1,9.90,1.77,true,1,
7290017715803,false,A2 זית שחור מרינט חתוך תומר 560 גרם,,IL,זיתים שחורים,גרמים,560.00,100 גרם,false,1,9.90,1.77,true,1,
7290017715834,false,A2 זית נובו מבוקע ג.מאוד תומר 560 גרם,"א.א שימורי עדן בע""מ",IL,זית נובו מובקע,גרמים,560.00,100 גרם,false,1,9.90,1.77,true,1,
7290017812052,false,יין שיראז-קברנה סוביניון אקסלנס יקבי כרמל,יקבי כרמל Carmel Winery,IL,שיראז-קברנה,מיליליטרים,750.00,"100 מ""ל",false,1,24.90,3.32,true,1,
7290017812069,false,יין אמרלד ריזלינג שרדונה אקסלנס Excellence,יקבי כרמל Carmel Winery,IL,ריזלינג-שרדונה,מיליליטרים,750.00,"100 מ""ל",false,1,24.90,3.32,true,1,
7290017812168,false,"יין קדמון 900 מ""ל",יקבי כרמל,IL,יין קדמון 900,מיליליטרים,900.00,"100 מ""ל",false,1,42.90,4.77,true,1,
7290017812212,false,"קברנה סלקטד 900 מ""ל",יקבי כרמל,IL,קברנה סלקטד,מיליליטרים,900.00,"100 מ""ל",false,1,26.90,2.99,true,1,
7290017812229,false,"מרלו סלקטד 900 מ""ל",יקבי כרמל,IL,מרלו סלקטד,מיליליטרים,900.00,"100 מ""ל",false,1,26.90,2.99,true,1,
7290017812304,false,קברנה שירז אזורית 900 מל,יקבי כרמל,IL,קברנה שירז סדרה,מיליליטרים,900.00,"100 מ""ל",false,1,49.90,5.54,true,1,
7290017812311,false,"מרלו סדרה אזורית 900 מ""ל",אגודת הכורמים הקואופרטיב,IL,מרלו סדרה אזורית,מיליליטרים,900.00,"100 מ""ל",false,1,49.90,5.54,true,1,
7290017812595,false,"יין ישן נושן לייט כרמל 3.5% אלכוהל 750 מ""ל",יקבי כרמל Carmel Winery,IL,ישן נושן לייט,מיליליטרים,750.00,"100 מ""ל",false,1,17.90,2.39,true,1,
7290017812649,false,תירוש כרמל לבן 1.2 ליטר,יקבי כרמל,IL,תירוש כרמל לבן,ליטרים,1.20,ליטר,false,1,19.90,16.58,true,1,
7290017812656,false,"תירוש אדום מיץ ענבים מבעבע כרמל 750 מ""ל",ג'\קובז'\י איי.אי פיגלי,IL,תירוש מבעבע אדום,מיליליטרים,750.00,"100 מ""ל",false,1,19.90,2.65,true,1,
7290017812663,false,"תירוש לבן מיץ ענבים מבעבע כרמל 750 מ""ל",ג'\קובז'\י איי.אי פיגלי,IL,תירוש מבעבע לבן,מיליליטרים,750.00,"100 מ""ל",false,1,19.90,2.65,true,1,
7290017812885,false,יין קברנה סוביניון בלאן גוורצטרמינר,אגודת הכורמים א.ת אל,IL,סוביניון גוורצטר,מיליליטרים,750.00,"100 מ""ל",false,1,32.90,4.39,true,1,
7290017812977,false,"יין קריניאנו סלקטדאננס באז כרמל 750 מ""ל",כרמל מזרחי,IL,באזז בטעם אננס,מיליליטרים,750.00,"100 מ""ל",false,1,24.90,3.32,true,1,
7290017871462,false,טוסו חטיף פצפוצי אורז מצופה שוקולד מריר ללא תוספת סוכר,תות תעשיות מזון (2014) ב,IL,חטיף פצפוצי אורז,גרמים,105.00,100 גרם,false,1,15.90,15.14,true,1,
7290017871707,false,חטיף פיצפוצי אורז וקוקוס מצופה שוקולד מריר ללא תוספת סוכר,תות תעשיות מזון (2014) ב,IL,חטיף פצפוצי אורז,גרמים,105.00,100 גרם,false,1,15.90,15.14,true,1,
7290017872179,false,טוסו - עוגיות טחינה ללא סוכר 200 גרם,"הגביע מוצרי וופלים בע""\מ",IL,עוגיות טחינה,גרמים,200.00,100 גרם,false,1,17.90,8.95,true,1,
7290017872186,false,טוסו - עוגיות פקאן ללא סוכר 200 גרם,"הגביע מוצרי וופלים בע""\מ",IL,עוגיות פקאן,גרמים,200.00,100 גרם,false,1,17.90,8.95,true,1,
7290017883342,false,סוכריות קופצות בטעם ענבים מארז 12 יח',האלקס גידה,TR,סוכריות קופצות,גרמים,48.00,100 גרם,false,1,11.90,24.79,true,1,
7290017883359,false,סוכריות קופצות בטעם תות שדה מארז 12 יח',האלקס גידה,TR,סוכריות קופצות,גרמים,48.00,100 גרם,false,1,11.90,24.79,true,1,
7290017883366,false,סוכריות קופצות בטעם פטל מארז 12 יח',האלקס גידה,TR,סוכריות קופצות,גרמים,48.00,100 גרם,false,1,11.90,24.79,true,1,
7290017883656,false,פס טופי דאבל טעמים 160 ג,קונפקטיס 3 ק.מ אמליאס,GR,פס טופי דאבל,גרמים,160.00,100 גרם,false,1,14.90,9.31,true,1,
7290017883663,false,דאבליו סוכריות טופי 200 גרם,קונפקטיס 3 ק.מ אמליאס,GR,סוכריות טופי,גרמים,200.00,100 גרם,false,1,11.90,5.95,true,1,
7290017888095,false,"שוופס מוגז עדין פירות יער פחיות רביעייה 330 מ""ל",יפאורה תבורי בעמ,IL,שוופס מוגז 4 יח,ליטרים,1.32,ליטר,false,1,12.00,9.09,true,1,
7290017888101,false,"שוויפס מוגז עדין אפרסק מארז רביעייה* 330 מ""ל",יפאורה תבורי בעמ,IL,שוופס מוגז 4 פח,ליטרים,1.32,ליטר,false,1,12.00,9.09,true,1,
7290017888729,false,שוופס סודה בקבוק 1 ל',"יפאורה תבורי בע""\מ",IL,סודה שוופס,ליטרים,1.00,ליטר,false,1,4.90,4.90,true,1,
7290017917283,false,"מגבוני קמיל בלו ד""ר פישר ללא בישום רביעי",פישר מעבדות פרמצבטיות,IL,מגבונים קמיל בלו,יחידה,1.00,יחידה,false,1,19.90,19.90,true,1,
7290017917757,false,"ד""ר פישר EFFECTIVE CARE קרם גוף בשמן כותנה 450 מ""ל",פישר מעבדות פרמצבטיות בע,IL,קרם גוף אפקטיב,מיליליטרים,450.00,"100 מ""ל",false,1,19.90,4.42,true,1,
7290017917764,false,"ד""ר פישר - אפקטיב קר קרם גוף מועשר בשמן ארגן 450 מ""ל",פישר מעבדות פרמצבטיות בע,IL,קרם גוף,מיליליטרים,450.00,"100 מ""ל",false,1,19.90,4.42,true,1,
7290017928036,false,מקלות גריסיני שומשום מאיר בייגל 175 גרם,מאיר את בייגל,IL,גריסיני שומשום,גרמים,175.00,100 גרם,false,1,11.90,6.80,true,1,
7290017928043,false,מקלות גריסיני קראנץ' מלח מאיר בייגל 175 גרם,מאיר את בייגל,IL,גריסיני קראנץ,גרמים,175.00,100 גרם,false,1,11.90,6.80,true,1,
7290017928098,false,שטוחלה מלח מאיר בייגל 330 גרם,מאיר את בייגל,IL,בייגלה שטוחל'ה,גרמים,330.00,100 גרם,false,1,11.90,3.61,true,1,
7290017928227,false,שטוחלה פינוקים מאיר בייגל 300 גרם,מאיר את בייגל,IL,בייגלה שטוחלה,גרמים,300.00,100 גרם,false,1,11.90,3.97,true,1,
7290017928296,false,מאיר בייגל -סמאש-שבורים בטעם דבש חרדל ובצל 300 גרם,מאיר בייגל,BG,סמאש שברי בייגלה,גרמים,300.00,100 גרם,false,1,12.90,4.30,true,1,
7290017928432,false,מקלות גריסיני קראנץ' פרג מאיר בייגל 175 גרם,מאיר את בייגל,IL,גריסיני קראנץ,גרמים,175.00,100 גרם,false,1,11.90,6.80,true,1,
7290017928494,false,מאיר בייגל -סמאש-שבורים בטעם צ'דר 300 גרם,מאיר בייגל,BG,סמאש שברי בייגלה,גרמים,300.00,100 גרם,false,1,12.90,4.30,true,1,
7290017928524,false,בייגלה שטוח ניגובים מלח 330 ג' מאיר בייגל,מאיר את בייגל,IL,שטוחל'ה ניגובים,גרמים,330.00,100 גרם,false,1,11.90,3.61,true,1,
7290017928616,false,שטוחלה שומשום מאיר בייגל 300 גרם,מאיר את בייגל,IL,בייגלה שטוחלה,גרמים,300.00,100 גרם,false,1,11.90,3.97,true,1,
7290017928630,false,מקלות גריסיני קראנץ' פינוקים מאיר בייגל 175 גרם,מאיר את בייגל,IL,גריסיני קראנץ,גרמים,175.00,100 גרם,false,1,11.90,6.80,true,1,
7290017928685,false,בייגלה שמיניות מלוח מאיר בייגל 400 גרם.,מאיר את בייגל,IL,בייגלה שמיניות,גרמים,400.00,100 גרם,false,1,11.90,2.98,true,1,
7290017928722,false,בייגלה שטוח ניגובים שומשום 300 ג' מאיר בייגל,מאיר את בייגל,IL,שטוחל'ה ניגובים,גרמים,300.00,100 גרם,false,1,11.90,3.97,true,1,
7290017928746,false,פירורי בייגלה מאיר בייגל 200 גרם,מאיר בייגל,IL,פירורי בייגלה,גרמים,200.00,100 גרם,false,1,6.90,3.45,true,1,
7290017928821,false,מקלות גריסיני קלאסי מאיר בייגל 200 גרם,מאיר את בייגל,IL,גריסיני קלאסי,גרמים,200.00,100 גרם,false,1,11.90,5.95,true,1,
7290017938264,false,"חומוס בתוספת רוטב פיקנטי, 200 גרם","סלטי שמיר 2006 בע""\מ",IL,חומוס חריף,גרמים,200.00,100 גרם,false,1,8.90,4.45,true,1,
7290017946979,false,פרסיל גל לכביסה דיפ קלין מנטרל ריחות 2.4,"הנקל סוד בע""\מ",IL,פרסיל ג'ל כביסה,יחידה,1.00,יחידה,false,0,34.90,34.90,true,1,
7290017974583,false,רביולי בטטה איי פוד 450 גרם,אימפריאל רזרב פוד,IL,רביולי בטטה,גרמים,450.00,100 גרם,false,1,24.90,5.53,true,1,
7290017974873,false,כיסונים למרק במילוי בשר הודו 750 גרם,"אימפריאל הזרב פוד בע""מ",IL,כיסונים למרק,גרמים,750.00,100 גרם,false,1,22.90,3.05,true,1,
7290017974927,false,"בלינצ'ס תפו""א ופטריות איי פוד 400 גרם",אימפריאל רזרב פוד,IL,בלינצ'ס 400גרם,גרמים,400.00,100 גרם,false,1,21.90,5.48,true,1,
7290017978017,false,קרמבו ריאו וניל סוכריות 16 יחידות,"גלידות ריאו ביח""ר לג",IL,קרמבו וניל,גרמים,400.00,100 גרם,false,1,22.90,5.73,true,1,
7290018050408,false,אגוזי פיסטוק קלויים ומומלחים 160 גר',גי אנד גי פקאנס,IL,אגוזי פיסטוק,גרמים,160.00,100 גרם,false,1,17.90,11.19,true,1,
7290018050422,false,פקאן סיני 160 גרם,גי אנד גי פקאנס,IL,פקאן סיני,גרמים,160.00,100 גרם,false,1,17.90,11.19,true,1,
7290018050439,false,אגוזי פקאן קלויים ומומלחים 140 גרם,גי אנד גי פקאנס,IL,אגוזי פקאן קלוי,גרמים,140.00,100 גרם,false,1,17.90,12.79,true,1,
7290018050453,false,אגוזי קשיו טבעיים 220 גר,גי אנד גי פקאנס,IL,אגוזי קשיו טבעי,גרמים,220.00,100 גרם,false,1,17.90,8.14,true,1,
7290018050460,false,אגוזי קשיו קלויים וממולח,גי אנד גי פקאנס,IL,אגוזי קשיו קלוי,גרמים,200.00,100 גרם,false,1,17.90,8.95,true,1,
7290018050484,false,אגוז מלך קלופים טבעיים 150 גרם,גי אנד גי פקאנס,IL,אגוזי מלך טבעיים,גרמים,150.00,100 גרם,false,1,12.90,8.60,true,1,
7290018050491,false,אלמנדוס חטיף בוטנים220ג,גי אנד גי פקאנס,IL,אלמנדוס,גרמים,220.00,100 גרם,false,1,12.90,5.86,true,1,
7290018050514,false,בוטנים מטוגנים וממולחים,גי אנד גי פקאנס,IL,בוטנים מטוגנים,גרמים,240.00,100 גרם,false,1,12.90,5.38,true,1,
7290018050521,false,אגוזי לוז טבעי קופסא,גי אנד גי פקאנס,IL,אגוזי לוז טבעי,גרמים,150.00,100 גרם,false,1,12.90,8.60,true,1,
7290018050545,false,גרעיני אבטיח קלויים ומומלחים 140 גר',גי אנד גי פקאנס,IL,גרעיני אבטיח,גרמים,140.00,100 גרם,false,1,12.90,9.21,true,1,
7290018050552,false,גרעיני דלעת קלופים טבעיים 240 גרם,גי אנד גי פקאנס,IL,גרעיני דלעת,גרמים,240.00,100 גרם,false,1,12.90,5.38,true,1,
7290018050569,false,גרעיני חמנייה קלופים טבעיים 400 גרם,גי אנד גי פקאנס,IL,גרעיני חמניה,גרמים,400.00,100 גרם,false,1,12.90,3.23,true,1,
7290018050613,false,צימוקים כהים קופסא 3,גי אנד גי פקאנס,IL,צימוקים כהים,גרמים,300.00,100 גרם,false,1,12.90,4.30,true,1,
7290018050620,false,צימוקים בהירים קןפסא,גי אנד גי פקאנס,IL,צימוקים בהירים,גרמים,220.00,100 גרם,false,1,12.90,5.86,true,1,
7290018050637,false,בוטנים אמריקאים-בוטנים מצופים 300 גרם,גי אנד גי פקאנס,IL,בוטנים אמריקאים,גרמים,300.00,100 גרם,false,1,12.90,4.30,true,1,
7290018050644,false,קבוקים בוטנים מצופים 300 גרם,גי אנד גי פקאנס,IL,קבוקים בוטנים,גרמים,300.00,100 גרם,false,1,12.90,4.30,true,1,
7290018050651,false,קראנץ ישראלי בוטנים מצופים ומתובלים 200 גר',גי אנד גי פקאנס,IL,קרנץ ישראלי,גרמים,200.00,100 גרם,false,1,12.90,6.45,true,1,
7290018050675,false,שקדים קלויים וממולחים,גי אנד גי פקאנס,IL,שקדים קלויים,גרמים,210.00,100 גרם,false,1,17.90,8.52,true,1,
7290018050699,false,שקדים טבעיים קלופים 230 גרם,גי אנד גי פקאנס,IL,שקדים טבעיים,גרמים,230.00,100 גרם,false,1,17.90,7.78,true,1,
7290018050712,false,שקדים מולבנים פרוסים 130 גרם,גי אנד גי פקאנס,IL,שקדים פרוסים,גרמים,130.00,100 גרם,false,1,12.90,9.92,true,1,
7290018050736,false,לקט מובחר- תערובת אגוזים ושקדים קלויים ומומלחים 150 גר',גי אנד גי פקאנס,IL,תערובת אגוזים,גרמים,150.00,100 גרם,false,1,12.90,8.60,true,1,
7290018050750,false,מיקס אגוזים וחמוציות מיובשות ומסוכרות 130 גר',גי אנד גי פקאנס,IL,מיקס אגוזים,גרמים,130.00,100 גרם,false,1,12.90,9.92,true,1,
7290018050835,false,בוטנים קלויים ומומלחים 250 גרם,גי אנד גי פקאנס,IL,בוטנים קלויים,גרמים,250.00,100 גרם,false,1,12.90,5.16,true,1,
7290018050842,false,שקדים בקרמל קופסא 20,גי אנד גי פקאנס,IL,שקדים בקרמל,גרמים,200.00,100 גרם,false,1,17.90,8.95,true,1,
7290018050859,false,אגוזי קשיו בקרמל 200 גרם,גי אנד גי פקאנס,IL,אגוזי קשיו בקרמל,גרמים,200.00,100 גרם,false,1,17.90,8.95,true,1,
7290018050866,false,בוטנים בכרמל קופסא 2,גי אנד גי פקאנס,IL,בוטנים בקרמל,גרמים,200.00,100 גרם,false,1,12.90,6.45,true,1,
7290018091029,false,מקלות פילו תפוחי אדמה מעדנות 450 ג',תנובה מעדנות,IL,מקלותפילו ת.אדמה,גרמים,450.00,100 גרם,false,1,21.90,4.87,true,1,
7290018091616,false,מקלות פילו גבינה מעדנות 450 גרם,מיוצר עי קונדיטוריית,IL,מקלות פילו גבינה,גרמים,450.00,100 גרם,false,1,21.90,4.87,true,1,
7290018098301,false,מיקס תות בננה קפוא 300 גרם,,IL,מיקס תות בננה,גרמים,300.00,100 גרם,false,1,17.90,5.97,true,1,
7290018098332,false,"תערובת בננה, פסיפלורה, תמר ואסאי מוקפאים 300 ג' פרי שייק","פרוטלנד בע""\מ",IL,פירות קפואים300ג,גרמים,300.00,100 גרם,false,1,17.90,5.97,true,1,
7290018099025,false,עשירייה פיתות כוסמין רכות במיוחד 99 קלוריות,מאסטר פייתה,IL,10 פיתות כוסמין,יחידה,1.00,יחידה,false,1,14.90,14.90,true,1,
7290018131756,false,מאגדת שלגון וניל מצופה תות נסטלה 440 גרם,גלידות נסטלה )נגה גלידות,IL,מאגדת וניל מצופה,גרמים,440.00,100 גרם,false,1,24.90,5.66,true,1,
7290018131855,false,אקסטרים טילון בראוניז בדצ מאגדת 6*72 גרם נסטלה,גלידות נסטלה )נגה גלידות,IL,מאגדת אקסטרים בר,גרמים,432.00,100 גרם,false,1,21.90,5.07,true,1,
7290018131879,false,אקסטרים טילון חלב בדצ מאגדת 6*72 גרם נסטלה,גלידות נסטלה )נגה גלידות,IL,מאגדת אקסטרים,גרמים,432.00,100 גרם,false,1,21.90,5.07,true,1,
7290018131893,false,אקסטרים טילון פקאן בדצ מאגדת 6*72 גרם נסטלה,גלידות נסטלה )נגה גלידות,IL,מאגדת אקסטרים,גרמים,432.00,100 גרם,false,1,21.90,5.07,true,1,
7290018131954,false,קרחון שרבט פרווה לה פרוטה תות שדה ושוקולד מריר,נגה גלידות שותפות מוגבלת,IL,מאגדת להפרוטה תו,גרמים,350.00,100 גרם,false,1,26.90,7.69,true,1,
7290018192658,false,מארז זוג פטריות פורטובלה ושמפיניון מרינה,"מרינה פטריות הגליל בע""מ",IL,צמד פטריות,יחידה,1.00,יחידה,false,1,14.90,14.90,true,1,
7290018195048,false,"חתיכות אננס בסירופ קל טעמן, 850 גרם",פ.ת גרייט פנאפל,TH,חתיכות אננס 850ג,גרמים,850.00,100 גרם,false,1,10.90,1.28,true,1,
7290018195406,false,"שמן זית כתית מעולה עגול 750 מ""ל",מוצרי יסוד - טעמן,IL,שמן זית כתית,מיליליטרים,750.00,"100 מ""ל",false,1,29.90,3.99,true,1,
7290018204573,false,מנג'טים לאפיה צבעוניים 1.5 100 יח' PVC ר. שמאי,,IL,מנג'טים צבעוניים,יחידה,1.00,יחידה,false,1,4.90,4.90,true,1,
7290018204580,false,מנג'טים לאפיה צבעוניים 2 100 יח' PVC ר. שמאי,,IL,מנג'טים צבעוניים,יחידה,1.00,יחידה,false,1,4.90,4.90,true,1,
7290018204597,false,מנג'טים לאפיה צבעוניים 3 100 יח' PVC ר. שמאי,,IL,מנג'טים צבעוניים,יחידה,1.00,יחידה,false,1,5.90,5.90,true,1,
7290018294000,false,"יין קינג דויד רוזה כרמל 750 מ""ל",כרמל מזרחי,IL,קינג דויד רוזה,מיליליטרים,750.00,"100 מ""ל",false,1,19.90,2.65,true,1,
7290018294055,false,תירוש כרמל רוזה 1.2 ליטר,יקבי כרמל,IL,תירוש כרמל רוזה,ליטרים,1.20,ליטר,false,1,19.90,16.58,true,1,
7290018294345,false,סלקטד אדום ישראלי 900 מל,יקבי כרמל,IL,סלקטד אדום 900מל,מיליליטרים,900.00,"100 מ""ל",false,1,26.90,2.99,true,1,
7290018380734,false,דפי בצק פילו משולשים תומר 360 גרם,,TR,דפי בצק פילו,גרמים,360.00,100 גרם,false,1,14.90,4.14,true,1,
7290018380741,false,דפי בצק פילו עגולים תומר 500 גרם,,TR,דפי בצק פילו,גרמים,500.00,100 גרם,false,1,14.90,2.98,true,1,
7290018402740,false,רביולי פטריות איי פוד 450 גרם,"אימפריאל הזרב פוד בע""מ",IL,רביולי פטריות,גרמים,450.00,100 גרם,false,1,24.90,5.53,true,1,
7290018440438,false,Calvo טונה בשמן זית פתיחה קלה 3 * 65 גרם,"קאלוו קונסרבס ס.ל.יו. ,",ES,טונה בשמן זית3יח,גרמים,195.00,100 גרם,false,1,25.90,13.28,true,1,
7290018440490,false,סלט טונה קאלוו עם קוסקוס 150 גר,"קאלוו קונסרבס ס.ל.יו. ,",ES,סלט טונה+קוסקוס,גרמים,150.00,100 גרם,false,1,14.90,9.93,true,1,
7290018440513,false,סלט קליפורנייה קאלוו עם טונה 150 גר,"קאלוו קונסרבס ס.ל.יו. ,",ES,סלט קליפורניה,גרמים,150.00,100 גרם,false,1,14.90,9.93,true,1,
7290018471210,false,קרטונית נקטר ספרינג תפוח סברס 1 ליטר,"יפאורה תבורי בע""\מ",IL,ספרינג 1 ליטר,ליטרים,1.00,ליטר,false,1,6.10,6.10,true,1,
7290018471449,false,קרטונית ספרינג שייק בננה תמר תפוז 1 ליטר,"יפאורה תבורי בע""\מ",IL,ספרינג שייק,ליטרים,1.00,ליטר,false,1,12.90,12.90,true,1,
7290018471463,false,תפוזינה נקטר תפוז מנגו קרטונית 1 ליטר,"יפאורה תבורי בע""\מ",IL,תפוזינה enjoy,ליטרים,1.00,ליטר,false,1,7.10,7.10,true,1,
7290018471470,false,תפוזינה נקטר תפוז פסיפלורה קרטונית 1 ליטר,"יפאורה תבורי בע""\מ",IL,תפוזינה enjoy,ליטרים,1.00,ליטר,false,1,7.10,7.10,true,1,
7290018471487,false,תפוזינה נקטר תפוז אננס קרטונית 1 ליטר,"יפאורה תבורי בע""\מ",IL,תפוזינה תפוז אננ,ליטרים,1.00,ליטר,false,1,7.10,7.10,true,1,
7290018471494,false,קרטונית נקטר ספרינג תפוז גזר 1 ליטר,"יפאורה תבורי בע""\מ",IL,תפוזינה תפוז גזר,ליטרים,1.00,ליטר,false,1,7.10,7.10,true,1,
7290018471692,false,ספרינג שייק בננה אננס קוקוס פירות יער קרטונית 1 ל',"יפאורה תבורי בע""\מ",IL,ספרינג שייק,ליטרים,1.00,ליטר,false,1,12.90,12.90,true,1,
7290018471906,false,שוופס מוגז פירות לימונדה ורודה 1.5 ליטר פיקדון,"יפאורה תבורי בע""\מ",IL,שוופס לימונדה,ליטרים,1.50,ליטר,false,0,8.90,5.93,true,1,
7290018471913,false,משקה מוגז פירות תפוחים שוופס 1.5 ליטר,"יפאורה תבורי בע""\מ",IL,שוופס תפוחים,ליטרים,1.50,ליטר,false,0,8.90,5.93,true,1,
7290018471920,false,שוופס מוגז פירות ענבים 1.5 ליטר פיקדון,"יפאורה תבורי בע""\מ",IL,שוופס ענבים,ליטרים,1.50,ליטר,false,0,8.90,5.93,true,1,
7290018471937,false,שוופס מוגז פירות תות ליים 1.5 ליטר פיקדון,"יפאורה תבורי בע""\מ",IL,שוופס מוגז תו,ליטרים,1.50,ליטר,false,0,8.90,5.93,true,1,
7290018471944,false,שוופס מוגז פירות לימונייד 1.5 ליטר פיקדון,"יפאורה תבורי בע""\מ",IL,שוופס לימוניי,ליטרים,1.50,ליטר,false,0,8.90,5.93,true,1,
7290018471951,false,שוופס מוגז פירות אשכולית אדומה 1.5 ליטר פיקדון,"יפאורה תבורי בע""\מ",IL,שוופס אשכולית,ליטרים,1.50,ליטר,false,0,8.90,5.93,true,1,
7290018493069,false,"אפקטיב קר קרם ידייםמועשר בשמן כותנה ד""ר פישר 100 מ""ל",פישר מעבדות פרמצבטיות,IL,קרם ידיים,מיליליטרים,100.00,"100 מ""ל",false,1,14.90,14.90,true,1,
7290018493076,false,"אפקטיב קר קרם ידייםמועשר בשמן ארגן ד""ר פישר 100 מ""ל",פישר מעבדות פרמצבטיות,IL,קרם ידיים,מיליליטרים,100.00,"100 מ""ל",false,1,14.90,14.90,true,1,
7290018516515,false,"מחיות ג'וניור תפו""ע בננה וש.שועל 190 גרם",,CZ,ג'וניור תפוח בננ,גרמים,190.00,100 גרם,false,1,19.90,10.47,true,1,
7290018516522,false,סלט פירות ושיבולת שועל 190 גרם,,CZ,ג'וניור סלט פירו,גרמים,190.00,100 גרם,false,1,19.90,10.47,true,1,
7290018546147,false,אטריות ורמיצלי 400 גרם,אובה מקרנה ציליק,TR,אטריות ורמיצלי,גרמים,400.00,100 גרם,false,1,4.90,1.23,true,1,
7290018546161,false,פתיתים בצורת אורז 400 גר,אובה מקרנה ציליק,TR,פתיתים,גרמים,400.00,100 גרם,false,1,4.90,1.23,true,1,
7290018546185,false,איטריות 400 גרם,אובה מקרנה ציליק,TR,איטריות 400 גרם,גרמים,400.00,100 גרם,false,1,4.90,1.23,true,1,
7290018546536,false,פסטה ספגטי 400 גרם,אובה מקרנה ציליק,TR,פסטה ספגטי,גרמים,400.00,100 גרם,false,1,4.90,1.23,true,1,
7290018546550,false,פסטה פנה 400 גרם,אובה מקרנה ציליק,TR,פסטה פנה,גרמים,400.00,100 גרם,false,1,4.90,1.23,true,1,
7290018546574,false,פסטה פוזילי 400 גרם,אובה מקרנה ציליק,TR,פסטה פוזילי,גרמים,400.00,100 גרם,false,1,4.90,1.23,true,1,
7290018546598,false,פסטה קונכיות 400 גרם,אובה מקרנה ציליק,TR,פסטה קונכיות,גרמים,400.00,100 גרם,false,1,4.90,1.23,true,1,
7290018563175,false,"שנאפס משקה כהל 4% בטעם אסאי 275 מ""ל",פרי קטיף,IL,שנאפס בטעם אסאי,מיליליטרים,275.00,"100 מ""ל",false,1,12.90,4.69,true,1,
7290018563205,false,"שנאפס משקה כהל 4% בטעם לימונצ'לו 275 מ""ל",פרי קטיף,IL,"שנאפס 275 מ""ל",מיליליטרים,275.00,"100 מ""ל",false,1,12.90,4.69,true,1,
7290018563267,false,תרכיז תפוחים 100% ללא תוספת סוכר 1 ליטר בקבוק,"פ.קטיף מזון בע""מ",IL,תרכיז תפוחים,ליטרים,1.00,ליטר,false,1,29.90,29.90,true,1,
7290018563274,false,בקבוק תרכיז תפוחים 1 ליטר פרי קטיף,"פ.קטיף מזון בע""מ",IL,תרכיז תפוחים,ליטרים,1.00,ליטר,false,1,25.90,25.90,true,1,
7290018571101,false,"אגוזי המלך 200 גרם בד""ץ מיה",,IL,אגוזי מלך 200 ג,יחידה,1.00,יחידה,false,0,15.90,15.90,true,1,
7290018571125,false,אגוזי פקאן 200 גרם בנספק,מיה,IL,אגוזי פקאן 200 ג,יחידה,1.00,יחידה,false,0,22.90,22.90,true,1,
7290018571132,false,פקאן סיני בנספק מיה 200 גרם,מיה,IL,פקאן מסוכר 200 ג,יחידה,1.00,יחידה,false,0,22.90,22.90,true,1,
7290018571149,false,שקד מולבן פרוס בנספק מיה 200 גרם,מיה,IL,שקד מולבן פרוס,גרמים,200.00,100 גרם,false,1,15.90,7.95,true,1,
7290018571156,false,שקד מולבן שבבים בנספק מיה 200 גרם,מיה,IL,שקד מולבן שבבים,יחידה,1.00,יחידה,false,0,15.90,15.90,true,1,
7290018571279,false,שקדים קלויים בנספאק מיה 200 גרם,מיה תעשיות מזון בעמ,IL,שקדים קלויים,גרמים,200.00,100 גרם,false,1,21.90,10.95,true,1,
7290018571286,false,פיסטוקים קלויים בנספאק מיה 200 גרם,מיה תעשיות מזון בעמ,IL,פיסטוקים קלויים,גרמים,200.00,100 גרם,false,1,21.90,10.95,true,1,
7290018571408,false,מיה לקקנים מולטיקולור תותי פרוטי 220 גרם,מיה,IL,לקקנים בטעם תות,גרמים,220.00,100 גרם,false,1,6.90,3.14,true,1,
7290018571415,false,מיה לקקנים מולטיקולור תות בננה 220 גרם,מיה,IL,לקקנים בטעם תות,גרמים,220.00,100 גרם,false,1,6.90,3.14,true,1,
7290018571491,false,ריבת חלב אמיתי אמיתית בצנצנת 340 גרם,מיה תעשיות מזון בעמ,IL,ריבת חלב,גרמים,340.00,100 גרם,false,1,14.90,4.38,true,1,
7290018571590,false,שמן שקדים מזוכך מיה 1 ליטר,מיה,IL,שמן שקדים 1ליטר,מיליליטרים,1000.00,"100 מ""ל",false,1,24.90,2.49,true,1,
7290018571682,false,גריל עוף בצנצנת מיה 300 גרם,מיה תעשיות מזון מ.ת.מ. ב,IL,גריל עוף 300 גרם,גרמים,300.00,100 גרם,false,1,22.90,7.63,true,1,
7290018571712,false,"אורז פרסי מיה 1 ק""ג",מיה,IL,"אורז פרסי 1 ק""ג",קילוגרמים,1.00,"ק""ג",false,1,10.90,10.90,true,1,
7290018571729,false,"אורז ריזוטו עגול מיה 1 ק""ג",מיה,IL,אורז ריזוטו עגול,קילוגרמים,1.00,"ק""ג",false,1,9.90,9.90,true,1,
7290018571736,false,אורז בסמטי הודי 1ק''ג,מיה,IL,אורז בסמטי 1 קג,קילוגרמים,1.00,"ק""ג",false,1,11.90,11.90,true,1,
7290018571743,false,"אורז פרסי מלא 1 ק""ג",מיה,IL,אורז פרסי מלא 1,קילוגרמים,1.00,"ק""ג",false,1,9.90,9.90,true,1,
7290018571798,false,סוכריות ג'לי שמחות 2 צבעים מיה 540 גרם,מיה תעשיות מזון בעמ,IL,ג'לי שמחות,גרמים,540.00,100 גרם,false,1,19.90,3.69,true,1,
7290018571804,false,סוכריות ג'לי מטבעות 255 גרם,מיה תעשיות מזון בעמ,IL,ג'לי מטבעות,גרמים,255.00,100 גרם,false,1,11.90,4.67,true,1,
7290018571811,false,סירופ מייפל טהור 250 גר' מיה,מיה,IL,סירופ מייפל טהור,גרמים,250.00,100 גרם,false,1,32.90,13.16,true,1,
7290018652671,false,"לה קרמריה שוקולד וניל 1.4 ליטר [תו אי""ל]",גלידות נסטלה,IL,לה קרמריה שוקו ו,ליטרים,1.40,ליטר,false,1,17.90,12.79,true,1,
7290018652923,false,פרוייקט סער-תות עוגת גבינה נסטלה 5*43 גרם,גלידות נסטלה,IL,מאגדת מסקרפונה,גרמים,215.00,100 גרם,false,1,22.90,10.65,true,1,
7290018720011,false,ביסקוויט קרנבל חיות בטעם וניל 250 ג' מעדני מלך,הגביע מוצרי וופלים,IL,קרנבל החיות,גרמים,250.00,100 גרם,false,1,5.90,2.36,true,1,
7290018720028,false,קרנבל אותיות ביסקוויט בטעם חמאה 250 ג' מעדני מלך,הגביע מוצרי וופלים,IL,קרנבל אותיות,גרמים,250.00,100 גרם,false,1,5.90,2.36,true,1,
7290018720103,false,"אפיפיות וופל בטעם שוקו לל""ס הדר 250 גרם","א.ג גילרו בע""\מ",IL,אפיפיות ללא סוכר,גרמים,250.00,100 גרם,false,1,7.90,3.16,true,1,
7290018720110,false,מעדני המלך- יאמי עוגיות ממולאות בקרם אגוזים 30% 150 גרם,"הגביע מוצרי ופלים בע""\מ",IL,עוגיות יאמי,גרמים,150.00,100 גרם,false,1,7.90,5.27,true,1,
7290018720189,false,מעדני מלך-ביסקוויט קסטה בטעם שוקו 200 גרם,הגביע,IL,ביסקוויט קסטה,גרמים,200.00,100 גרם,false,1,5.90,2.95,true,1,
7290018720219,false,פצפוצי אורז ללא סוכר מעדני מלך 250 גרם,אשבל מזון פונקציונלי,IL,פצפוצי אורז250גר,גרמים,250.00,100 גרם,false,1,11.90,4.76,true,1,
7290018720226,false,פצפוצי אורז מעדני מלך 250 גרם,אשבל מזון פונקציונלי,IL,פצפוצי אורז250גר,גרמים,250.00,100 גרם,false,1,11.90,4.76,true,1,
7290018741108,false,"תאנים יבשות בד""צ 170 גרם",גי אנד גי פקאנס,IL,תאנים מיובשות,גרמים,170.00,100 גרם,false,1,12.90,7.59,true,1,
7290018741122,false,מנגו טבעי בדצ 140 גר',גי אנד גי פקאנס,IL,מנגו 140 גרם,גרמים,140.00,100 גרם,false,1,17.90,12.79,true,1,
7290018743003,false,גל לכביסה צבעונית 2.5 ליטר,"אל.די.גי בע""מ",GR,ג'ל לכביסה2.5 ל',ליטרים,2.50,ליטר,false,1,19.90,7.96,true,1,
7290018743010,false,Heaven ג'ל כביסה לבנה 2.5 ליטר,"אל.די.גי בע""מ",GR,ג'ל לכביסה לבנה,ליטרים,2.50,ליטר,false,1,19.90,7.96,true,1,
7290018743027,false,Heaven מרכך כביסה מרוכז יסמין 1 ליטר,"אל.די.גי בע""מ",GR,מ.כביסה מרוכז 1ל,ליטרים,1.00,ליטר,false,1,11.90,11.90,true,1,
7290018743034,false,Heaven מרכך כביסה מרוכז סחלב 1 ליטר,"אל.די.גי בע""מ",GR,מרכך כביסה מרוכז,ליטרים,1.00,ליטר,false,1,11.90,11.90,true,1,
7290018743041,false,Heaven מרכך כביסה מרוכז מאסק 1 ליטר,"אל.די.גי בע""מ",GR,מרכך כביסה מרוכז,ליטרים,1.00,ליטר,false,1,11.90,11.90,true,1,
7290018792889,false,שוקולד חלב עם אגוזי לוז,קיו פאין פוד,IL,שוקו.עם אגוזילוז,גרמים,100.00,100 גרם,false,1,7.90,7.90,true,1,
7290018792902,false,שוקולד חלב עם שברי עוגיה,קיו פאין פוד,IL,שוקו.עם עוגיות,גרמים,100.00,100 גרם,false,1,7.90,7.90,true,1,
7290018792919,false,שוקולד חלב עם עדשים100גר,קיו פאין פוד,IL,שוקולד 100 גרם,גרמים,100.00,100 גרם,false,1,7.90,7.90,true,1,
7290018792933,false,שוקולד חלב עם שברי וופל,קיו פאין פוד,IL,שוקולד 100 גרם,גרמים,100.00,100 גרם,false,1,7.90,7.90,true,1,
7290018835029,false,מרק בטעם עוף פרווה 400 ג,"מימונס אפיה בע""מ",IL,מרק בטעם עוף,גרמים,400.00,100 גרם,false,1,12.90,3.23,true,1,
7290018878088,false,שלשות שוקולד ללס מריר ב.יוסף 85ג*3*18בקרט,"כרמית תעשיות ממתקים בע""\",IL,"שוקולד מריר לל""ס",גרמים,255.00,100 גרם,false,1,15.90,6.24,true,1,
7290018878095,false,שלשות שוקולד ללס חלב 85ג*3*18בקרט,"כרמית תעשיות ממתקים בע""\",IL,"שוקולד לבן לל""ס",גרמים,255.00,100 גרם,false,1,15.90,6.24,true,1,
7290018878125,false,שלשות שוקולד ללס לבן 85ג*3*18בקרט,"כרמית תעשיות ממתקים בע""\",IL,"שוקולד לבן לל""ס",גרמים,255.00,100 גרם,false,1,15.90,6.24,true,1,
7290018878798,false,מטבעות שוקולד חלב צבעוני 36 גרם כרמית,כרמית,IL,מטבעות שוקולד,גרמים,36.00,100 גרם,false,1,3.90,10.83,true,1,
7290018879825,false,מטבעות שוקולד לבן 36 גרם כרמית,כרמית,IL,מטבעות שוקולד,גרמים,36.00,100 גרם,false,1,3.90,10.83,true,1,
7290018893036,false,צ'וקטה ביסקוויט בטעם שוקוטלד במילוי קרם בטעם וניל 176 גרם,צ'וקטה Chocketa,ES,עוגיות סנדוויץ,גרמים,176.00,100 גרם,false,1,6.90,3.92,true,1,
7290018893814,false,חמישיית שוקולד מריר 48% צ'וקטה 100 גרם,הדקלאים אגודת שיתופי,ES,שוקולד מריר5יח,גרמים,500.00,100 גרם,false,1,17.90,3.58,true,1,
7290018921029,false,"ד""ר פישר - קמיל בלו מגבוני סנסיטיב 64 יח' * 4",פישר מעבדות פרמצבטיות בע,IL,מגבוני קמיל בלו,יחידה,1.00,יחידה,false,1,21.90,21.90,true,1,
7290018921203,false,"קמיל בלו קרם החתלה קמומיל 120 ג' ד""ר פישר",פישר מעבדות פרמצבטיות בע,IL,קרם החתלה קמומיל,גרמים,120.00,100 גרם,false,1,14.90,12.41,true,1,
7290018921449,false,קמיל בלו מגבונים תפרחת חיתולים רביעייה,פישר תעשיות,IL,מגבונים קמיל 4יח,יחידה,1.00,יחידה,false,1,24.90,24.90,true,1,
7290018921456,false,"ד""ר פישר - אפקטיב קר תחליב רחצה שמן כותנה 700 מ""ל",פישר מעבדות פרמצבטיות בע,IL,תחליב רחצה כותנה,מיליליטרים,700.00,"100 מ""ל",false,1,14.90,2.13,true,1,
7290018921609,false,"ד""ר פישר - קמיל בלו קרם החתלה קלנדולה 120 גרם",פישר מעבדות פרמצבטיות בע,IL,קמיל בלו ק החתלה,גרמים,120.00,100 גרם,false,1,14.90,12.41,true,1,
7290018921654,false,"ד""ר פישר - אפקטיב קר תחליב רחצה תמצית לוונדר 700 מ""ל",פישר מעבדות פרמצבטיות בע,IL,תחליב רחצה לבנדר,מיליליטרים,700.00,"100 מ""ל",false,1,14.90,2.13,true,1,
7290018921807,false,"קמיל בלו משחת החתלה צמחי מרפא 120 ג' ד""ר פישר",פישר מעבדות פרמצבטיות בע,IL,קמיל בלו משחה,גרמים,120.00,100 גרם,false,1,14.90,12.42,true,1,
7290018925065,false,מיץ פרימור תפוזים סחוט 2 ליטר-,"גניר (1992) בע""מ",IL,מיץ תפוזים סחוט,ליטרים,2.00,ליטר,false,1,29.90,14.95,true,1,
7290018925072,false,משקה קל לימונים ונענע 2 ל פרימור,"גניר (1992) בע""מ",IL,משקה קל לימונים,ליטרים,2.00,ליטר,false,1,23.90,11.95,true,1,
7290018925089,false,"מיץ פרימור תפו""ע צלול סחוט 2 ליטר-","גניר (1992) בע""מ",IL,מיץ תפוחי עץ,ליטרים,2.00,ליטר,false,1,29.90,14.95,true,1,
7290018928134,false,לחמניות ללא גלוטן 3 יח,גידרון,IL,"לחמניות לל""ג",גרמים,300.00,100 גרם,false,1,19.90,6.63,true,1,
7290018935811,false,כוסות פלסטיק איכותי 75 יחידות 180cc,,IL,"75 כוסות ח""פ 180",יחידה,1.00,יחידה,false,1,6.90,6.90,true,1,
7290018972762,false,נודלס טעם עוף להכנה מהירה 72 גרם,,CN,נודלס עוף,גרמים,72.00,100 גרם,false,1,5.90,8.19,true,1,
7290018972779,false,נודלס מנה חמה בקר תומר 72 גרם,,CN,נודלס בקר,גרמים,72.00,100 גרם,false,1,5.90,8.19,true,1,
7290018972786,false,נודלס טעם ירקות להכנה מהירה 72 גרם,,CN,נודלס ירקות,גרמים,72.00,100 גרם,false,1,5.90,8.19,true,1,
7290018978245,false,דגני בוקר קראנץ נוגט686ג,"נטורל קייקס בע""מ",IL,דגני בוקר686 גרם,גרמים,686.00,100 גרם,false,1,21.90,3.19,true,1,
7290018978252,false,דגני בוקר קראנץ שוקולד,"נטורל קייקס בע""מ",IL,דגני בוקר686 גרם,גרמים,686.00,100 גרם,false,1,21.90,3.19,true,1,
7290018978269,false,דגני בוקר קראנץ קרם וניל,"נטורל קייקס בע""מ",IL,דגני בוקר686 גרם,גרמים,686.00,100 גרם,false,1,21.90,3.19,true,1,
7290018978276,false,דגני בוקר קראנץ קרמל686ג,"נטורל קייקס בע""מ",IL,דגני בוקר686 גרם,גרמים,686.00,100 גרם,false,1,21.90,3.19,true,1,
7290019014386,false,ניקוי הברקה רהיטי עץ500מ,סאסאטק,IL,ניקוירהיטי עץ,מיליליטרים,500.00,"100 מ""ל",false,1,29.90,5.98,true,1,
7290019014508,false,מרכך כביסה אוריאנטל900מ,סאסא טק,IL,מרכך כביסה,מיליליטרים,900.00,"100 מ""ל",false,1,19.90,2.21,true,1,
7290019014614,false,"מרכך כביסה בלו 900 מ""ל",סאסא טק,IL,מרכך כביסה בלו,מיליליטרים,900.00,"100 מ""ל",false,1,19.90,2.21,true,1,
7290019014621,false,"מרכך כביסה לגונה 900 מ""ל",סאסא טק,IL,מרכך כביסה לגונה,מיליליטרים,900.00,"100 מ""ל",false,1,19.90,2.21,true,1,
7290019014638,false,מרכך כביסה פרש וויט 900,סאסא טק,IL,מרכך כביסה פרש,מיליליטרים,900.00,"100 מ""ל",false,1,19.90,2.21,true,1,
7290019014645,false,"מסיר כתמים טנקס 500 מ""ל",סאסא טק,IL,מסיר כתמים TNX,מיליליטרים,500.00,"100 מ""ל",false,1,24.90,4.98,true,1,
7290019014669,false,ג'ל לכביסה צבעונית 1.35ל,סאסא טק,IL,ג'ל לכביסה ירוק,ליטרים,1.35,ליטר,false,1,29.90,22.15,true,1,
7290019014676,false,ג'ל לכביסה לבנה 1.35 ל,סאסא טק,IL,ג'ל לכביסה לבנה,ליטרים,1.35,ליטר,false,1,29.90,22.15,true,1,
7290019014690,false,נוזל רצפות פלאוור 1.35 ל,סאסא טק,IL,נוזל לרצפות,ליטרים,1.35,ליטר,false,1,24.90,18.44,true,1,
7290019014775,false,מרסס קצף מסיר שומנים 750,סאסא טק,IL,מרסס מסיר שומנים,מיליליטרים,750.00,"100 מ""ל",false,1,16.90,2.25,true,1,
7290019014799,false,מסיר אבנית לאמבטיה 750 מ,סאסא טק,IL,קצף מסיר אבנית,מיליליטרים,750.00,"100 מ""ל",false,1,14.90,1.99,true,1,
7290019014805,false,"מרסס מנקה ריפודים 500מ""ל",סאסא טק,IL,מרסס מנקה ריפוד,מיליליטרים,500.00,"100 מ""ל",false,1,24.90,4.98,true,1,
7290019014850,false,"תרסיס דוחה מים 400 מ""ל",סאסא טק,IL,תרסיס דוחה מים,מיליליטרים,400.00,"100 מ""ל",false,1,26.90,6.73,true,1,
7290019014867,false,"תרסיס מסיר דיו+דבק400מ""ל",סאסא טק,IL,תרסיס מסיר דיו,מיליליטרים,400.00,"100 מ""ל",false,1,26.90,6.73,true,1,
7290019014898,false,רדיד אלומיניום 30 מטר רו,,IL,רדיד אלומיניום,מטרים,30.00,מטר,false,1,39.90,1.33,true,1,
7290019014928,false,תבנית אלומיניום גסטרונום,,IL,תבנית אלומינום ג,יחידה,1.00,יחידה,false,1,14.90,14.90,true,1,
7290019014935,false,תבנית אלומיניום עבה רוסט,,IL,תבנית אלומינום ר,יחידה,1.00,יחידה,false,1,14.90,14.90,true,1,
7290019014942,false,תבנית אלומיניום רוסטר מ,,IL,תבנית אלומינום ר,יחידה,1.00,יחידה,false,1,14.90,14.90,true,1,
7290019014959,false,תבנית אלומיניום עבה דגם,,IL,תבנית אלומינום ל,יחידה,1.00,יחידה,false,1,14.90,14.90,true,1,
7290019014966,false,תבנית אלומיניום עבה חלה,,IL,תבנית אלומינום ל,יחידה,1.00,יחידה,false,1,14.90,14.90,true,1,
7290019014973,false,מבשם בדים בייבי לאב500מ,סאסא טק,IL,מבשם בדים בייבי,מיליליטרים,500.00,"100 מ""ל",false,1,19.90,3.98,true,1,
7290019038399,false,שמן זית מור ולבונה 750,סאן אויל עיבוד ושיווק שמ,IL,"שמן זית 750מ""ל",מיליליטרים,750.00,"100 מ""ל",false,1,32.90,4.39,true,1,
7290019056027,false,שוופס מוגז פירות תפוחים ללא סוכר 1.5 ליטר פיקדון,"יפאורה תבורי בע""\מ",IL,שוופס ללא סוכ,ליטרים,1.50,ליטר,false,0,8.40,5.60,true,1,
7290019056034,false,שוופס מוגז פירות אננס ללא סוכר 1.5 ליטר פיקדון,"יפאורה תבורי בע""מ",IL,שוופס אננס,ליטרים,1.50,ליטר,false,0,8.40,5.60,true,1,
7290019056041,false,שוופס מוגז פירות לימונייד ללא סוכר 1.5 ליטר פיקדון,"יפאורה תבורי בע""מ",IL,שוופס למונייד,ליטרים,1.50,ליטר,false,0,8.40,5.60,true,1,
7290019056058,false,שוופס מוגז עדין תפוח ליים 1.5 ליטר פיקדון,"יפאורה תבורי בע""\מ",IL,שוופס מוגז תפוח,ליטרים,1.50,ליטר,false,0,8.40,5.60,true,1,
7290019056065,false,שוופס מוגז עדין פירות יער 1.5 ליטר פיקדון,"יפאורה תבורי בע""\מ",IL,שוופס מוגז,ליטרים,1.50,ליטר,false,0,8.40,5.60,true,1,
7290019056072,false,שוופס מוגז עדין אננס 1.5 ליטר פיקדון,"יפאורה תבורי בע""מ",IL,שוופס מוגז עד,ליטרים,1.50,ליטר,false,0,8.40,5.60,true,1,
7290019056089,false,שוופס מוגז עדין ענבי ריזלינג 1.5 ליטר פיקדון,"יפאורה תבורי בע""\מ",IL,שוופס מוגז,ליטרים,1.50,ליטר,false,0,8.40,5.60,true,1,
7290019056096,false,שוופס מוגז עדין אפרסק 1.5 ליטר פיקדון,"יפאורה תבורי בע""\מ",IL,שוופס אפרסק,ליטרים,1.50,ליטר,false,0,8.40,5.60,true,1,
7290019056133,false,שוופס סודה נענע ליים 1.5 ליטר בק' בודד,"יפאורה תבורי בע""\מ",IL,שוופס סודה,ליטרים,1.50,ליטר,false,0,3.60,2.40,true,1,
7290019056164,false,שוופס סודה 1.5 ליטר רביעייה פיקדון,"יפאורה תבורי בע""\מ",IL,שוופס סודה1.5*4ל,ליטרים,6.00,ליטר,false,0,11.70,1.95,true,1,
7290019056171,false,שוופס סודה לימון 1.5 ליטר רביעייה פיקדון,"יפאורה תבורי בע""\מ",IL,סודה לימון 1.5*4,ליטרים,6.00,ליטר,false,0,11.70,1.95,true,1,
7290019056188,false,שוופס סודה נענע ליים 1.5 ליטר רביעייה פיקדון,"יפאורה תבורי בע""\מ",IL,שוופס סודה1.5*4ל,ליטרים,6.00,ליטר,false,0,11.70,1.95,true,1,
7290019056195,false,שוופס סודה למון גראס ג'ינג'ר 1.5 ליטר רביעייה פיקדון,"יפאורה תבורי בע""\מ",IL,שוופס סודה 4 יח,ליטרים,6.00,ליטר,false,0,11.70,1.95,true,1,
7290019056201,false,שוופס סודה פירות יער 1.5 ליטר רביעייה פיקדון,"יפאורה תבורי בע""\מ",IL,שוופס סודה1.5*4ל,ליטרים,6.00,ליטר,false,0,11.70,1.95,true,1,
7290019056232,false,משקה מוגז בטעם ליים מוחיטו 1.5 ל' שוופס,"יפאורה תבורי בע""\מ",IL,שוופס ליים מו,ליטרים,1.50,ליטר,false,0,8.90,5.93,true,1,
7290019056249,false,שוופס מים בטעמים ענבים 1.5 ליטר פיקדון,"יפאורה תבורי בע""מ",IL,מים בטעם ענבי,ליטרים,1.50,ליטר,false,0,7.50,5.00,true,1,
7290019056256,false,שוופס מים בטעמים תפוחים 1.5 ליטר פיקדון,"יפאורה תבורי בע""מ",IL,שוופס מים תפו,ליטרים,1.50,ליטר,false,0,7.50,5.00,true,1,
7290019056263,false,שוופס מים בטעמים אפרסק 1.5 ליטר פיקדון,"יפאורה תבורי בע""מ",IL,שוופס מים אפר,ליטרים,1.50,ליטר,false,0,7.50,5.00,true,1,
7290019056270,false,שוופס מים בטעמים פירות יער 1.5 ליטר פיקדון,"יפאורה תבורי בע""\מ",IL,מים פירות יער,ליטרים,1.50,ליטר,false,0,7.50,5.00,true,1,
7290019056287,false,שוופס מים בטעמים אפרסק ללא סוכר 1.5 ליטר פיקדון,יפאורה שותפות מובגלת לשי,IL,שוופס מים אפר,ליטרים,1.50,ליטר,false,0,7.50,5.00,true,1,
7290019056300,false,משקה בטעם ביטר לימון 1.5 ל' שוויפס,"יפאורה תבורי בע""\מ",IL,שוופס ביטר לי,ליטרים,1.50,ליטר,false,0,9.90,6.60,true,1,
7290019056317,false,שוופס ראשן 1.5 ליטר פיקדון,"יפאורה תבורי בע""\מ",IL,שוופס ראש'ן,ליטרים,1.50,ליטר,false,0,9.90,6.60,true,1,
7290019056324,false,שוופס טוניק 1.5 ליטר פיקדון,"יפאורה תבורי בע""\מ",IL,שוופס מי טוני,ליטרים,1.50,ליטר,false,0,9.90,6.60,true,1,
7290019056331,false,שוופס טוניק ללא סוכר 1.5 ליטר פיקדון,"יפאורה תבורי בע""מ",IL,מי טוניק ל.סו,ליטרים,1.50,ליטר,false,0,9.50,6.33,true,1,
7290019056355,false,תפוזינה לימונדה MIX לימונענע 1.5 ליטר,"יפאורה תבורי בע""\מ",IL,תפוזינה לימונ,ליטרים,1.50,ליטר,false,0,8.40,5.60,true,1,
7290019056362,false,תפוזינה ענבים 1.5 ליטר פיקדון,"יפאורה תבורי בע""\מ",IL,תפוזינה ענבים,ליטרים,1.50,ליטר,false,0,8.40,5.60,true,1,
7290019056379,false,תפוזינה תפוזים 1.5 ליטר פיקדון,"יפאורה תבורי בע""\מ",IL,תפוזינה תפוזי,ליטרים,1.50,ליטר,false,0,8.40,5.60,true,1,
7290019056386,false,פתוזינה אשכולית 1.5 ליטר פיקדון,"יפאורה תבורי בע""\מ",IL,תפוזינה אשכול,ליטרים,1.50,ליטר,false,0,8.40,5.60,true,1,
7290019056393,false,תפוזינה תות בננה 1.5 ליטר פיקדון,"יפאורה תבורי בע""\מ",IL,תפוזינה תות ב,ליטרים,1.50,ליטר,false,0,8.40,5.60,true,1,
7290019056409,false,תפוזינה מנגו 1.5 ליטר פיקדון,"יפאורה תבורי בע""\מ",IL,תפוזינה מנגו,ליטרים,1.50,ליטר,false,0,8.40,5.60,true,1,
7290019056416,false,מיץ בטעם לימונדה ורודה 1.5 ל' תפוזינה,"יפאורה תבורי בע""\מ",IL,תפוזינה לימונדה,ליטרים,1.50,ליטר,false,0,8.40,5.60,true,1,
7290019056423,false,מיץ בטעם תפוח רענן 1.5ל' תפוזינה,"יפאורה תבורי בע""\מ",IL,תפוזינה תפוח,ליטרים,1.50,ליטר,false,0,8.40,5.60,true,1,
7290019056430,false,תפוזינה תפוזים לייט 1.5 ליטר פיקדון,"יפאורה תבורי בע""\מ",IL,תפוזינה לייט,ליטרים,1.50,ליטר,false,0,7.90,5.27,true,1,
7290019056447,false,תפוזינה אשכוליות לייט 1.5 ליטר פיקדון,"יפאורה תבורי בע""\מ",IL,אשכוליות לייט,ליטרים,1.50,ליטר,false,0,7.90,5.27,true,1,
7290019056454,false,משקה מוגז בטעם קולה 1.5 ל' אר סי,"יפאורה תבורי בע""\מ",IL,R.C קולה,ליטרים,1.50,ליטר,false,0,6.90,4.60,true,1,
7290019056461,false,מארז משקה בטעם קולה שישייה * 1.5 ל' אר.סי,"יפאורה תבורי בע""\מ",IL,RC קולה 6 יח,ליטרים,9.00,ליטר,false,0,35.90,3.99,true,1,
7290019056478,false,ספרינג טי קר אפרסק 1.5ליטר פיקדון,"יפאורה תבורי בע""\מ",IL,ספרינג תה אפר,ליטרים,1.50,ליטר,false,0,7.80,5.20,true,1,
7290019056485,false,ספריג תה ירוק לימון לואיזה 1.5 ליטר פיקדון,"יפאורה תבורי בע""\מ",IL,תה ספרינג ירו,ליטרים,1.50,ליטר,false,0,7.80,5.20,true,1,
7290019056492,false,ספרינג תה מנגו אפרסק 1.5 ליטר פיקדון,"יפאורה תבורי בע""\מ",IL,ספרינג תה מנג,ליטרים,1.50,ליטר,false,0,7.80,5.20,true,1,
7290019056508,false,פרוט ווטר ענבים 1.5 ליטר פיקדון,"יפאורה תבורי בע""\מ",IL,פרוט ווטר ענב,ליטרים,1.50,ליטר,false,0,8.50,5.67,true,1,
7290019056515,false,פרוט ווטר אננס 1.5 ליטר פיקדון,"יפאורה תבורי בע""\מ",IL,פרוט ווטר אננ,ליטרים,1.50,ליטר,false,0,8.50,5.67,true,1,
7290019056522,false,פרוט ווטר תות 1.5 ליטר פיקדון,"יפאורה תבורי בע""\מ",IL,פרוט ווטר תות,ליטרים,1.50,ליטר,false,0,8.50,5.67,true,1,
7290019056539,false,פרוט ווטר אפרסק 1.5 ליטר פיקדון,"יפאורה תבורי בע""\מ",IL,פרוט ווטר אפר,ליטרים,1.50,ליטר,false,0,8.50,5.67,true,1,
7290019056546,false,פרוט ווטר אבטיח 1.5 ליטר פיקדון,"יפאורה תבורי בע""\מ",IL,פרוט ווטר אבט,ליטרים,1.50,ליטר,false,0,8.50,5.67,true,1,
7290019056553,false,שישיית מים מינרלים עין גדי 2 ליטר,עין גדי מים מינרליים,IL,מים עין גדי2*6ל,ליטרים,12.00,ליטר,false,0,12.90,1.08,true,1,
7290019056577,false,משקה קל מנגו ספרינג 1.5 ליטר,"יפאורה תבורי בע""\מ",IL,ספרינג מנגו,ליטרים,1.50,ליטר,false,0,8.40,5.60,true,1,
7290019056584,false,משקה קל תפוזים ספרינג 1.5 ליטר,"יפאורה תבורי בע""\מ",IL,ספרינג תפוזים,ליטרים,1.50,ליטר,false,0,8.40,5.60,true,1,
7290019056591,false,משקה קל ענבים ספרינג 1.5 ליטר,"יפאורה תבורי בע""\מ",IL,ספרינג ענבים,ליטרים,1.50,ליטר,false,0,8.40,5.60,true,1,
7290019056607,false,משקה קל תפוחים ספרינג 1.5 ליטר,"יפאורה תבורי בע""\מ",IL,ספרינג תפוחים,ליטרים,1.50,ליטר,false,0,8.40,5.60,true,1,
7290019056614,false,משקה קל אפרסק ספרינג 1.5 ליטר,"יפאורה תבורי בע""\מ",IL,ספרינג אפרסק,ליטרים,1.50,ליטר,false,0,8.40,5.60,true,1,
7290019056621,false,משקה קל פירות טרופיים ספרינג 1.5 ליטר,"יפאורה תבורי בע""\מ",IL,משקה ספרינג,ליטרים,1.50,ליטר,false,0,8.40,5.60,true,1,
7290019056638,false,משקה קל תות בננה ספרינג 1.5 ליטר,"יפאורה תבורי בע""\מ",IL,ספרינג תות בנ,ליטרים,1.50,ליטר,false,0,8.40,5.60,true,1,
7290019056645,false,משקה קל אגס תפוח סברס ספרינג 1.5 ליטר,"יפאורה תבורי בע""\מ",IL,משקה ספרינג,ליטרים,1.50,ליטר,false,0,8.40,5.60,true,1,
7290019056652,false,משקה קל אננס בננה ספרינג 1.5 ליטר,"יפאורה תבורי בע""\מ",IL,ספרינג אננס ב,ליטרים,1.50,ליטר,false,0,8.40,5.60,true,1,
7290019056669,false,משקה קל תפוחים דיאט ספרינג 1.5 ליטר,"יפאורה תבורי בע""\מ",IL,ספרינג תפוח ל,ליטרים,1.50,ליטר,false,0,7.90,5.27,true,1,
7290019056676,false,משקה קל אשכולית אננס דיאט ספרינג 1.5 ליטר,"יפאורה תבורי בע""\מ",IL,ספרינג לייט,ליטרים,1.50,ליטר,false,0,7.90,5.27,true,1,
7290019056720,false,קריסטל מיץ ענבים 2 ליטר פיקדון,"יפאורה תבורי בע""\מ",IL,משקה קל ענבים,ליטרים,2.00,ליטר,false,0,6.50,3.25,true,1,
7290019056737,false,קריסטל מיץ אשכוליטרות 2 ליטר,"יפאורה תבורי בע""\מ",IL,קריסטל אשכולי,ליטרים,2.00,ליטר,false,0,6.50,3.25,true,1,
7290019056744,false,קריסטל מיץ תפוזים 2 ליטר פיקדון,"יפאורה תבורי בע""\מ",IL,משקה קל תפוזי,ליטרים,2.00,ליטר,false,0,6.50,3.25,true,1,
7290019056751,false,קריסטל מיץ אשכוליות דיאט 2 ליטר פיקדון,"יפאורה תבורי בע""\מ",IL,אשכוליות דיאט,ליטרים,2.00,ליטר,false,0,5.50,2.75,true,1,
7290019056768,false,קריסטל מיץ מנגו 2 ליטר פיקדון,"יפאורה תבורי בע""\מ",IL,קריסטל מנגו,ליטרים,2.00,ליטר,false,0,6.50,3.25,true,1,
7290019056775,false,קריסטל מוגז ענבים 2 ליטר פיקדון,"יפאורה תבורי בע""\מ",IL,קריסטל ענבים,ליטרים,2.00,ליטר,false,0,6.50,3.25,true,1,
7290019056782,false,משקה מוגז בטעם לימון ליים 2 ל' קריסטל,"יפאורה תבורי בע""\מ",IL,גזוז לימון לי,ליטרים,2.00,ליטר,false,0,6.50,3.25,true,1,
7290019056799,false,קריסטל מוגז אקזוטי 2 ליטר פיקדון,"יפאורה תבורי בע""\מ",IL,קריסטל אקזוטי,ליטרים,2.00,ליטר,false,0,6.50,3.25,true,1,
7290019056805,false,קריסטל מוגז תפוחים 2 ליטר פיקדון,"יפאורה תבורי בע""\מ",IL,גזוז בטעם תפו,ליטרים,2.00,ליטר,false,0,6.50,3.25,true,1,
7290019056812,false,קריסטל מוגז מנטה 2 ליטר פיקדון,"יפאורה תבורי בע""\מ",IL,גזוז בטעם מנט,ליטרים,2.00,ליטר,false,0,6.50,3.25,true,1,
7290019056829,false,קריסטל מוגז תפוזים 2 ליטר פיקדון,"יפאורה תבורי בע""\מ",IL,קריסטל אורנג',ליטרים,2.00,ליטר,false,0,6.50,3.25,true,1,
7290019056836,false,קריסטל מוגז תות 2 ליטר פיקדון,"יפאורה תבורי בע""\מ",IL,קריסטל מוגז ת,ליטרים,2.00,ליטר,false,0,6.50,3.25,true,1,
7290019056843,false,קריסטל מוגז קולה 2 ליטר פיקדון,"יפאורה תבורי בע""\מ",IL,קריסטל קולה,ליטרים,2.00,ליטר,false,0,6.50,3.25,true,1,
7290019056850,false,ספרינג תה אפרסק דיאט 1.5 ליטר פיקדון,"יפאורה תבורי בע""\מ",IL,תה ספרינג דיא,ליטרים,1.50,ליטר,false,0,7.80,5.20,true,1,
7290019056973,false,שישיית מי עדן 1.5 ליטר משפחתי,"מופק ממקור בזלתי עדן ,1",IL,מי עדן 1.5*6ל,ליטרים,9.00,ליטר,false,0,13.70,1.52,true,1,
7290019075080,false,"קידס מולטי ויטמין אל סבון 1 ליטר ד""ר פישר","ד""ר פישר",IL,קידס מולטי,ליטרים,1.00,ליטר,false,1,25.90,25.90,true,1,
7290019075288,false,"קידס מולטי ויטמין שמפו 1 ליטר ד""ר פישר","ד""ר פישר",IL,קידס מולטי שמפו,ליטרים,1.00,ליטר,false,1,25.90,25.90,true,1,
7290019075493,false,"אפקטיב קר אל סבון עדין לידיים מועשר בתה ירוק ויסמין 350 מ""ל",פישר מעבדות פרמצבטיות בע,IL,אפקטיב קר יסמין,מיליליטרים,350.00,"100 מ""ל",false,1,11.90,3.40,true,1,
7290019075684,false,קידס מולטי ויטמין שמפו ומרכך 1ליטר,"ד""ר פישר",IL,שמפו ומרכך,ליטרים,1.00,ליטר,false,1,25.90,25.90,true,1,
7290019075691,false,"ד""ר פישר - אפקטיב קר תחליב רחצה עדין לידיים מועשר בלבנדר 350 מ""ל",פישר מעבדות פרמצבטיות,IL,אפקטיב קר לבנדר,מיליליטרים,350.00,"100 מ""ל",false,1,11.90,3.40,true,1,
7290019153023,false,אר.סי. קולה ללא סוכר 1.5 ל' מארז רביעייה,"יפאורה תבורי בע""\מ",IL,RC קולה רביעייה,ליטרים,6.00,ליטר,false,1,25.90,4.32,true,1,
7290019153078,false,"שוופס ביטר למון לייט, 1.5 ליטר פקדון","יפאורה תבורי בע""\מ",IL,שוופס ביטר למון,ליטרים,1.50,ליטר,false,1,9.50,6.33,true,1,
7290019153085,false,שוופס מוגז ליים מוחיטו ללא סוכר 1.5 ליטר-,"יפאורה תבורי בע""\מ",IL,שוופס מוחיטו ללס,ליטרים,1.50,ליטר,false,1,8.40,5.60,true,1,
7290019153252,false,שוופס סודה תפוח 1.5 ליטר רביעייה פיקדון,"יפאורה תבורי בע""\מ",IL,שוופס סודה 4 בק,ליטרים,6.00,ליטר,false,1,11.70,1.95,true,1,
7290019153535,false,"רביעיית שוופס מוגז פירות למונייד ללא סוכר 330 מ""ל פחיות",יפאורה תבורי,IL,שוופס לימונייד4*,ליטרים,1.32,ליטר,false,1,14.90,11.29,true,1,
7290019274063,false,ג'ל כביסה בייבי 1.35 ל',סאסא טק,IL,ג'ל כביסה בייבי,ליטרים,1.35,ליטר,false,1,33.90,25.11,true,1,
7290019274087,false,"ארוסול קצף לאסלות 400מ""ל",סאסא טק,IL,ארוסול קצף ניקוי,מיליליטרים,400.00,"100 מ""ל",false,1,19.90,4.98,true,1,
7290019274100,false,"מרסס לגיהוץ קל 500 מ""ל",סאסא טק,IL,מרסס לגיהוץ קל,מיליליטרים,500.00,"100 מ""ל",false,1,19.90,3.98,true,1,
7290019274278,false,מבשם בדים גרין פורסט500מ,"סאסאטק אגש""\ח בע""\מ",IL,מבשפ בדים פורסט,מיליליטרים,500.00,"100 מ""ל",false,1,19.90,3.98,true,1,
7290019274315,false,קוקהנומיקה לבנדר 1.25 ל,,IL,קוקנומיקה לבנדר,ליטרים,1.25,ליטר,false,1,13.00,10.40,true,1,
7290019274568,false,תרסיס לניקוי סירים 400מ,"סאסאטק אגש""\ח בע""\מ",IL,תרסיס קצף ניקוי,מיליליטרים,400.00,"100 מ""ל",false,1,19.90,4.98,true,1,
7290019274711,false,נוזל רצפות ניו בורן1.35ל,"סאסאטק אגש""\ח בע""\מ",IL,נוזל רצפות,ליטרים,1.35,ליטר,false,1,24.90,18.44,true,1,
7290019297383,false,מעדן משמש ללא סוכר שקדיה 284 ג',לינוי סיטי,CN,מעדן משמש,גרמים,284.00,100 גרם,false,1,11.90,4.19,true,1,
7290019297406,false,מעדן דובדובן ללא סוכר שקדיה 284 ג',לינוי סיטי,CN,מעדן דובדבדבן,גרמים,284.00,100 גרם,false,1,11.90,4.19,true,1,
7290019297420,false,מעדן תות שדה ללא סוכר שקדיה 284 ג',לינוי סיטי,CN,מעדן תות שדה,גרמים,284.00,100 גרם,false,1,11.90,4.19,true,1,
7290019302315,false,"ייו buzz אבטיח מלון 750 מ""ל",יקבי כרמל,IL,באזז אבטיח מבעבע,מיליליטרים,750.00,"100 מ""ל",false,1,24.90,3.32,true,1,
7290019400813,false,פקאן סיני 130 גרם,גי אנד גי פקאנס,IL,פקאן סיני 130 גר,גרמים,130.00,100 גרם,false,1,17.90,13.77,true,1,
7290019400868,false,פקאן טבעי 130 גרם,גי אנד גי פקאנס,IL,פקאן טבעי 130 גר,גרמים,130.00,100 גרם,false,1,17.90,13.77,true,1,
7290019400912,false,משמש מיובש 220 גרם,גי אנד גי פקאנס,IL,משמש מיובש220גרם,גרמים,220.00,100 גרם,false,1,17.90,8.14,true,1,
7290019400967,false,שזיף מיובש מגולען 340 גר,גי אנד גי פקאנס,IL,שזיף מיובש,גרמים,340.00,100 גרם,false,1,17.90,5.26,true,1,
7290019453024,false,קו'גל ירושלמי איטרי ות 800גרם,תכלית מזון,IL,קוגל אטריות מתוק,גרמים,750.00,100 גרם,false,1,15.90,2.12,true,1,
7290019453031,false,קוגל תפוחי אדמה 580 גרם,תכלית מזון,IL,"קוגל תפו""א",גרמים,750.00,100 גרם,false,1,15.90,2.12,true,1,
7290019453512,false,"מאפה רוגלך ""תכלס"" 500 גרם",המאפה של דר מרק בריא,IL,רוגעלך קטנים,גרמים,500.00,100 גרם,false,1,13.90,2.78,true,1,
7290055090702,false,איגלו שלוקים בטעמי פטל לימון וענבים,מנדלז סי.אר. פרודקשן,IL,איגלושלוקי,ליטרים,2.03,ליטר,false,0,14.90,7.34,true,1,
7290100240632,false,קרקר פתית 200-300ג' 6 דגנים 250 גרם,יוניליוור ישראל מזון בע\,IL,פתית 6 דגנים,גרמים,250.00,100 גרם,false,0,19.90,7.96,true,1,
7290100249598,false,"רוטב לעוף שום ודבש קנור 320 גרם בד""צ",יוניליוור ישראל מזון בע\,IL,רוטב לעוף,גרמים,320.00,100 גרם,false,0,12.90,4.03,true,1,
7290100659090,false,פרי חטיפים ללא גלוטן ותוספת סוכר מארז 5 תמרים וקינמון,טבעית מוצרים מן הטבע בעמ,IL,חטיף FREE תמרים,גרמים,110.00,100 גרם,false,0,16.90,15.36,true,1,
7290100700242,false,"סוגת אורז מלא עגול 1 ק""ג","סוגת תעשיות בע""\מ",IL,אורז מלא עגול,קילוגרמים,1.00,"ק""ג",false,0,8.90,8.90,true,1,
7290100700396,false,"סוגת אורז יסמין קלאסי 1 ק""ג",האי נאם סי או אל.טי.,IL,אורז יסמין סוגת,קילוגרמים,1.00,"ק""ג",false,0,11.90,11.90,true,1,
7290100702611,false,פתיתים אפויים אורז סוגת 500 גרם,"אסיף תעשיות מזון בע""\מ",IL,פתיתים סוגת,גרמים,500.00,100 גרם,false,0,4.90,0.98,true,1,
7290100702628,false,פתיתים אפויים קוסקוס סוגת 500 גרם,"אסיף תעשיות מזון בע""\מ",IL,פתיתים סוגת,גרמים,500.00,100 גרם,false,0,4.90,0.98,true,1,
7290100850909,false,דוריטוס נאצ'ו מקסיקני 70 גרם,"שטראוס פריטו ליי בע""\מ",IL,דוריטוס נאצ'ו,גרמים,70.00,100 גרם,false,0,3.40,4.86,true,1,
7290100850916,false,דוריטוס חמוץ חריף מעודן 70 גרם כשר לפסח,"שטראוס פריטו ליי בע""\מ )",IL,דוריטוס חמוץ ח,גרמים,70.00,100 גרם,false,0,3.40,4.86,true,1,
7290100850923,false,דוריטוס בטעם גריל 70 גרם,"שטראוס פריטו ליי בע""\מ )",IL,דוריטוס גריל,גרמים,70.00,100 גרם,false,0,3.40,4.86,true,1,
7290100850930,false,דוריטוס בטעם טבעי 70 גרם,"שטראוס פריטו ליי בע""\מ )",IL,חטיף דוריטוס,גרמים,70.00,100 גרם,false,0,3.40,4.86,true,1,
7290100852606,false,קפה טורקי 100*4 גרם,שטראוס קפה בי.ויn\.,IL,קפה טורקי 4 יח,גרמים,400.00,100 גרם,false,0,29.50,7.38,true,1,
7290100858608,false,אבקת קקאו עלית שקית 500 ג',שטראוס קפה בי.ויn\.,IL,קקאו עלית,גרמים,500.00,100 גרם,false,0,23.90,4.78,true,1,
7290100921593,false,מנקה אסלה סוד 4 כדוריות לאסלה לימון נתלה 50 ג',"הנקל סוד בע""\מ",RS,סבון אסלה סוד,גרמים,50.00,100 גרם,false,0,8.90,17.80,true,1,
7290100922569,false,קרם לטיפוח עוד הידיים והגוף- מארז שלישייה,טרופיקל דגיל,IL,קרם ידיים ולווטה,מיליליטרים,300.00,"100 מ""ל",false,0,15.90,5.30,true,1,
7290100922651,false,הוואי - סבון מוצק מי קוקוס 100 גרם רביעייה,טרופיקל דגיל קוסמטיק,IL,סבון הוואי 4 יח,גרמים,400.00,100 גרם,false,1,11.90,2.98,true,1,
7290100924457,false,שלישיית כדוריות סבון לאסלה לימון סוד 50 גרם,הנקל סוד,RS,סבון אסלה 3 יח,גרמים,150.00,100 גרם,false,1,16.90,11.27,true,1,
7290100924464,false,כדוריות סבון נתלה לאסלה עם אקונומיקה - 3 יח',הנקל סוד,HU,סבון אסלה 3 יח,גרמים,150.00,100 גרם,false,1,16.90,11.27,true,1,
7290101110453,false,גלידת שרבט פרווה בטעמי תות לימון משמש ואננס,הגלידות של פלדמן,IL,גלידה משפחתית,ליטרים,1.80,ליטר,false,0,19.90,11.06,true,1,
7290101112228,false,גלידל פרי קרחון מופחת קלוריות בטעם אננס - 8 יח',הגלידות של פלדמן,IL,מאגדת גלידל פרי,גרמים,640.00,100 גרם,false,48,19.90,3.11,true,1,
7290101112921,false,גלידל פרי קרחון מופחת קלוריות פירות טרופיים - 8 יח',הגלידות של פלדמן,IL,מאגדת גלידל פרי,גרמים,640.00,100 גרם,false,1,19.90,3.11,true,1,
7290101113904,false,מארז מנבו וניל 12 יח' פלדמן,הגלידות של פלדמן,IL,מנבו וניל,גרמים,288.00,100 גרם,false,1,22.90,7.95,true,1,
7290101486688,false,חטיף דגנים עם שוקולד ללא גלוטן וסוכר פרי 5*20 גרם,טבעית מוצרים מן הטבע בעמ,IL,חטיף FREE 5 יח',גרמים,100.00,100 גרם,false,0,16.90,16.90,true,1,
7290101488286,false,"ליידי ספיד סטיק - דאודורנט ספריי לאישה 24/7 פרש פיוזן ורוד 150 מ""ל",ליידי ספיד סטיק Lady Speed Stick,RU,ליידי ספיד סטיק,מיליליטרים,150.00,"100 מ""ל",false,0,13.90,9.27,true,1,
7290101488323,false,ליידי ספיד סטיק - דאודורנט סטיק לאישה ללא סימן ירוק סטיק 65 גרם,ליידי ספיד סטיק Lady Speed Stick,US,ליידי ספיד סטיק,גרמים,65.00,100 גרם,false,0,19.90,30.62,true,1,
7290101551027,false,קפסולות קפה אספרסו חזק במיוחד 14 עלית 10 יח',הנסיך- מפעל לייצור ט,IL,קפסולות מס' 14,גרמים,50.00,100 גרם,false,1,15.90,31.80,true,1,
7290101551263,false,סילאן טבעי ללא תוספת סוכר,מכוורת יד מרדכי,IL,סילאן טבעי,גרמים,700.00,100 גרם,false,1,21.90,3.13,true,1,
7290101551539,false,יוגורט PRO בטעם אפרסק 0% 20 גרם חלבון בגביע,"שטראוס בריאות בע""מ",IL,דנונה פרו אפרסק,גרמים,200.00,100 גרם,false,1,5.90,2.95,true,1,
7290101551584,false,תפוצ'יפס קידס מארז 10 יח' * 20 ג',"שטראוס פריטו ליי בע""מ )פ",IL,תפוצ'יפס קידס10*,גרמים,200.00,100 גרם,false,1,14.90,7.45,true,1,
7290101551638,false,חטיף צ'יטוס כאפה בטעם קטשופ - מארז 10 יח',"שטראוס פריטו ליי בע""מ )פ",IL,צ'יטוס כאפה 10יח,גרמים,200.00,100 גרם,false,1,12.90,6.45,true,1,
7290101551645,false,מארז ציטוס טעם פיצה איקס עיגול 10* 20 גר,"שטראוס פריטו ליי בע""מ )פ",IL,צ'יטוס 10 יח',גרמים,200.00,100 גרם,false,1,12.90,6.45,true,1,
7290101581710,false,יין רזרב Reserve שיראז גליל,בנימינה Binyamina,IL,שיראז רזרב,מיליליטרים,750.00,"100 מ""ל",false,1,59.90,7.99,true,1,
7290101581734,false,יין רזרב Reserve מרלו גליל,בנימינה Binyamina,IL,מרלו רזרב,מיליליטרים,750.00,"100 מ""ל",false,1,59.90,7.99,true,1,
7290101823506,false,ספריי שמן נגד חלודה יחזקאל אהרון,,,ספרי נגד חלודה,יחידה,1.00,יחידה,false,0,15.90,15.90,true,1,
7290101864127,false,"ספריי להסרת כתמים 750 מ""ל וניש קליה",קליה וניש Kalia Vanish,IL,קליה ספריי,מיליליטרים,750.00,"100 מ""ל",false,0,18.90,2.52,true,1,
7290101865261,false,"פיניש נוזל הברקה למדיח 800 מ""ל",רקיט בנקיזר,PL,פיניש נוזל הברקה,מיליליטרים,800.00,"100 מ""ל",false,0,21.90,2.74,true,1,
7290101866633,false,וניש קליה גל להסרת כתמים 3 ליטר אוקסיפרש,קליה וניש Kalia Vanish,IL,מסיר כתמים וניש,ליטרים,3.00,ליטר,false,0,24.90,8.30,true,1,
7290101866787,false,וניש קליה נוזל מסיר כתמים לכביסה לבנה 3 ליטר,קליה וניש Kalia Vanish,IL,וניש לכביסה לבנה,ליטרים,3.00,ליטר,false,0,24.90,8.30,true,1,
7290102031276,false,מארז 8 יחידות אקטימל משקה יוגורט בטעם תות בננה,מיוצר עי קונדיטוריית,IL,אקטימל 8 יח,מיליליטרים,800.00,"100 מ""ל",false,0,20.90,2.61,true,1,
7290102393268,false,גבינה לבנה 5% שומן 750 ג' טרה,הפריט בפיקוח,IL,גבינה לבנה 5%,גרמים,750.00,100 גרם,false,0,14.50,1.93,true,1,
7290102611904,false,כפות אמריקאי ר. שמאי כשל''פ עד''ח,,CN,כפות חד פעמי,יחידה,1.00,יחידה,false,1,7.90,7.90,true,1,
7290102840175,false,אינסטנט פודינג בטעם וניל מיה 85 גרם,מיה תעשיות מזון מ.ת.מ. ב,IL,פודינג וניל,גרמים,85.00,100 גרם,false,0,3.90,4.59,true,1,
7290102840182,false,פודינג שוקולד פרווה 85גר,מיה תעשיות מזון מ.ת.מ. ב,IL,פודינג שוקולד,גרמים,85.00,100 גרם,false,0,3.90,4.59,true,1,
7290102840199,false,ג'לי משמש פרווה 85 גרם,מיה תעשיות מזון מ.ת.מ. ב,IL,ג'לי משמש,גרמים,90.00,100 גרם,false,0,3.90,4.33,true,1,
7290102840205,false,אבקה להכנת ג'לי בטעם תות מיה 90 גרם,מיה תעשיות מזון מ.ת.מ. ב,IL,ג'לי תות,גרמים,85.00,100 גרם,false,0,3.90,4.59,true,1,
7290102842346,false,סוויט לוז- ממתיק דל קלוריות,ר.ש.חברה ליבוא ויצור מזו,IL,ממתיק סוויט לוז,יחידה,1.00,יחידה,false,0,17.90,17.90,true,1,
7290103124601,false,"תחליב רחצה נוזל חלב ודבש משאבה 750מ""ל פלמוליב",הנסיך- מפעל לייצור ט,TR,סבון פלמוליב,מיליליטרים,750.00,"100 מ""ל",false,0,14.90,1.99,true,1,
7290103129378,false,ספיד סטיק - דאודורנט ג'ל לגבר איקס 5 85 גרם,הנסיך- מפעל לייצור ט,US,דאו. ספיד סטיק,גרמים,85.00,100 גרם,false,0,19.90,23.41,true,1,
7290103401429,false,קפה קצב ברזילאי אוריגינס 200 גר,הנסיך- מפעל לייצור ט,IL,קפה פלטינום,גרמים,200.00,100 גרם,false,0,29.90,14.95,true,1,
7290103404758,false,סלט כרוב אדום במיונז אחלה 120 גרם,מיוצר עי קונדיטוריית,IL,כרוב אדום אחלה,גרמים,120.00,100 גרם,false,0,4.90,4.08,true,1,
7290103700041,false,טאצ' מטליות רב שימושיות מארז תשיעייה,שניב,IL,מארז מטליות,יחידה,1.00,יחידה,false,1,8.90,8.90,true,1,
7290103700072,false,טאצ מטליות זיג זג לריצפה שלישייה,שניב,IL,טאצ מטליות זיגזג,יחידה,1.00,יחידה,false,1,8.90,8.90,true,1,
7290103700386,false,טאצ כריות יפניות מארז שישיה,"שניב תעשיות נייר בע""",IL,טאצ כריות קרצוף,יחידה,1.00,יחידה,false,1,8.90,8.90,true,1,
7290103700652,false,טאצ' ספוג הפלא מארז שישייה,"שניב תעשיות נייר בע""",IL,טאצ ספוג הפלא,יחידה,1.00,יחידה,false,1,8.90,8.90,true,1,
7290103701017,false,טאצ' נייר אפייה נשלף 50 יח',"שניב תעשיות נייר בע""",IL,נייר אפיה 50יח,יחידה,1.00,יחידה,false,1,9.90,9.90,true,1,
7290103701093,false,טאצ' מטליות מיקרופייבר לרצפה 2 יח',"שניב תעשיות נייר בע""",IL,מיקרופייבר לרצפה,יחידה,1.00,יחידה,false,1,15.90,15.90,true,1,
7290103701130,false,מטליות מיקרופייבר לניקוי כללי טאצ 7 יח,שניב,IL,טאץ לניקוי כללי,יחידה,1.00,יחידה,false,1,15.90,15.90,true,1,
7290103702779,false,מפיות שולחן איכותיות 150 יח',שניב,IL,מפיות טאצ 150 יח,יחידה,1.00,יחידה,false,1,5.90,5.90,true,1,
7290103703455,false,טאצ' ספוג לניקוי כתמים שלישיה,שניב תעשיות נייר,IL,טאצ' ספוג מבריק,יחידה,1.00,יחידה,false,1,9.90,9.90,true,1,
7290103704957,false,מגבות נייר 3 שכבות ענק3ג,,IL,מגבות 3גלילי ענק,מטרים,57.00,מטר,false,1,19.90,0.35,true,1,
7290103704964,false,נייר טואלט 3 שכבות 9 גל,,IL,נייר טואלט 9 גל,מטרים,277.00,מטר,false,1,34.90,0.13,true,1,
7290104061417,false,סלט חומוס עם טחינה אחלה 400 גרם,"שטראוס גרופ בע""\מ",IL,חומוס טחינה אחלה,גרמים,400.00,100 גרם,false,0,10.90,2.73,true,1,
7290104061424,false,סלט חומוס עם זעתר אחלה 400 גרם,מיוצר עי קונדיטוריית,IL,חומוס זעתר אחלה,גרמים,400.00,100 גרם,false,0,10.90,2.73,true,1,
7290104061431,false,סלט חומוס עם צנובר אחלה 400 גרם,"שטראוס גרופ בע""\מ",IL,חומוס צנובר אחלה,גרמים,400.00,100 גרם,false,0,10.90,2.73,true,1,
7290104061448,false,סלט חומוס עם חריף אחלה 400 גרם,מיוצר עי קונדיטוריית,IL,חומוס חריף אחלה,גרמים,400.00,100 גרם,false,0,10.90,2.73,true,1,
7290104062599,false,מארז 8 יחידות מעדן גמדים בטעמי תות ובננה,"שטראוס בריאות בע""\מ",IL,גמדים תות בננה,גרמים,800.00,100 גרם,false,0,17.90,2.24,true,1,
7290104066566,false,טחינה משומשום מלא אח,מיוצר עי קונדיטוריית,IL,טחינה אחלה 500גר,גרמים,500.00,100 גרם,false,0,15.90,3.18,true,1,
7290104720499,false,מארז 8 יחידות מעדן דני בטעם וניל 1.5%,מיוצר עי קונדיטוריית,IL,דני וניל 8 יח',קילוגרמים,1.00,"ק""ג",false,0,14.90,14.90,true,1,
7290104721533,false,רצועות פלפלים קלויים אחלה 400 ג',מיוצר עי קונדיטוריית,IL,פלפלים קלויים,גרמים,400.00,100 גרם,false,0,15.90,3.98,true,1,
7290104722530,false,תפוצ'יפס בטעם שמנת בצל עלית 200 גרם,"שטראוס פריטו ליי בע""\מ )",IL,תפוצ'יפס שמנת,גרמים,200.00,100 גרם,false,0,9.90,4.95,true,1,
7290104726262,false,רביעייה מעדן דני שוקולד דיסני לבנים 125 גרם,מיוצר עי קונדיטוריית,IL,דני שלוק 4 יח,גרמים,500.00,100 גרם,false,0,10.90,2.18,true,1,
7290104728310,false,"שמנת מתוקה עמידה 38% שומן ""יטבתה"" -מוצר בפיקוח",שטראוס גרופ,IL,שמנת לקצפת 38%,גרמים,250.00,100 גרם,false,0,5.90,2.36,true,1,
7290104729010,false,"לבן בטעם תות יטבתה 100 מ""ל מהדרין",שטראוס גרופ,IL,לבן בטעם תות,גרמים,100.00,100 גרם,false,0,1.40,1.40,true,1,
7290104960246,false,"נקה 7 - תחליב רחצה ורד ויסמין 750 מ""ל",טרופיקל דגיל תעשיות קוסמ,IL,תחליב רחצה נקה 7,מיליליטרים,750.00,"100 מ""ל",false,0,10.90,1.45,true,1,
7290104961205,false,"נקה 7 תחליב רחצה מגע קטיפה מ""לפפון קיווי 750 מ""ל",טרופיקל דגיל תעשיות קוסמ,IL,תחליב רחצה נקה,מיליליטרים,750.00,"100 מ""ל",false,0,10.90,1.45,true,1,
7290104961243,false,"נקה 7 תחליב רחצה מגע קטיפה קוקוס ליים 750 מ""ל",טרופיקל דגיל תעשיות קוסמ,IL,תחליב רחצה,מיליליטרים,750.00,"100 מ""ל",false,0,10.90,1.45,true,1,
7290104961250,false,"נקה 7 תחליב רחצה מגע קטיפה וניל מאסק 750 מ""ל",טרופיקל דגיל תעשיות קוסמ,IL,תחליב רחצה נקה,מיליליטרים,750.00,"100 מ""ל",false,0,10.90,1.45,true,1,
7290104961526,false,דאודורנט ספריי גוף טיטניום קלאסיק Titanium Classic,"אמיליה קוסמטיקס בע""מ",IL,טיטניום ספריי,מיליליטרים,150.00,"100 מ""ל",false,0,12.90,8.60,true,1,
7290104961540,false,דאודורנט ספריי גוף טיטניום מטאל Titanium Metal,אמיליה קוסמטיקס,IL,טיטניום ספריי,מיליליטרים,150.00,"100 מ""ל",false,0,12.90,8.60,true,1,
7290104962073,false,דאודורנט ספריי גוף טיטניום גולד Titanium Gold,"אמיליה קוסמטיקס בע""מ",IL,דאו.טיטניום,מיליליטרים,180.00,"100 מ""ל",false,0,16.90,9.39,true,1,
7290104963216,false,סופטקר - אל סבון עדין לתינוק לעור רגיש 1 ליטר,קוסמופארם בע'\'\מ,IL,סופטקר אל סבון,ליטרים,1.00,ליטר,false,1,19.90,19.90,true,1,
7290104963223,false,סופטקר - אל סבון עדין לתינוק לעור רגיש 1 ליטר,קוסמופארם בע'\'\מ,IL,סופטקר אל סבון,ליטרים,1.00,ליטר,false,1,19.90,19.90,true,1,
7290104963650,false,נקה 7 שמפו אל דמע סופטקר 1 ליטר,קוסמופארם בע'\'\מ,IL,סופטקר שמפו,ליטרים,1.00,ליטר,false,1,19.90,19.90,true,1,
7290104963667,false,שמפו ותחליב רחצה אל דמע סופט קר 1 ליטר,קוסמופארם בע'\'\מ,IL,סופטקר 2ב1-,ליטרים,1.00,ליטר,false,1,19.90,19.90,true,1,
7290105180384,false,מוצץ סיליקון צבעוני שלישייה גדול,אריסטוקרט,TH,מוצץ סיליקון 3יח,יחידה,1.00,יחידה,false,0,16.90,16.90,true,1,
7290105360250,false,קפסולות 09 עשיר וארומטי למכונת נספרסו עלית 10יח',הנסיך- מפעל לייצור ט,IL,קפסולות קפה,גרמים,50.00,100 גרם,false,0,15.90,31.80,true,1,
7290105360335,false,קפסולות אספרסו למכונות נספרסו 50 גר,הנסיך- מפעל לייצור ט,IL,קפסולות מס' 7,גרמים,50.00,100 גרם,false,0,15.90,31.80,true,1,
7290105362339,false,"שמנת לבישול 15% 250 מ""ל יטבתה מהדרין",שטראוס גרופ,IL,שמנת לבישול 15%,מיליליטרים,250.00,"100 מ""ל",false,0,7.90,3.16,true,1,
7290105364678,false,"אקטיביה משקה יוגורט בטעם אפרסק שטראוס 250 מ""ל",מיוצר עי קונדיטוריית,IL,משקה אקטיביה,מיליליטרים,250.00,"100 מ""ל",false,0,5.50,2.20,true,1,
7290105366023,false,סלט חצילים בטעם כבד אחלה 400 גרם,מיוצר עי קונדיטוריית,IL,חציל בטעם כבד,גרמים,400.00,100 גרם,false,0,15.90,3.98,true,1,
7290105366047,false,טחינה לבנה אחלה 400 גרם,מיוצר עי קונדיטוריית,IL,טחינה לבנה,גרמים,400.00,100 גרם,false,0,15.90,3.98,true,1,
7290105366993,false,סימפוניה גבינת שמנת פלפל שיפקה 5% שטראוס 200 גרם,"שטראוס בריאות בע""מ",IL,סימפוניה פלפל,גרמים,200.00,100 גרם,false,0,9.90,4.95,true,1,
7290105368331,false,מעדן מילקי בטעם תות עם קצפת,מחלבת אחיהוד,IL,מילקי טעם תות,מיליליטרים,170.00,"100 מ""ל",false,0,2.80,1.65,true,1,
7290105368904,false,"שמנת מתוקה להקצפה 32% שומן 250 מ""ל יוטבתה",שטראוס גרופ,IL,שמנת מתוקה32%,מיליליטרים,250.00,"100 מ""ל",false,0,6.90,2.76,true,1,
7290105368928,false,"שמנת 9% שומן 200 מ""ל יוטבתה",שטראוס גרופ,IL,שמנת 9% יטבתה,מיליליטרים,200.00,"100 מ""ל",false,0,3.20,1.60,true,1,
7290105430441,false,תחליב רחצה סחלב שחור וקרם לחות Naturals משאבה,הנסיך- מפעל לייצור ט,TR,סבון פלמוליב,מיליליטרים,750.00,"100 מ""ל",false,0,14.90,1.99,true,1,
7290105430458,false,תחליב רחצה מועשר בשקדים וקרם לחות Naturals משאבה,הנסיך- מפעל לייצור ט,TR,סבון פלמוליב,מיליליטרים,750.00,"100 מ""ל",false,0,14.90,1.99,true,1,
7290105433985,false,ליידי ספיד סטיק פרש אסנס פריחת הדובדבן סטיק 65 גר,ליידי ספיד סטיק Lady Speed Stick,US,ליידי ספיד סטיק,גרמים,65.00,100 גרם,false,0,19.90,30.62,true,1,
7290105434029,false,"ספיד סטיק - דאודורנט ספריי לגבר נוטרו פאואר 150 מ""ל",קולגייט-פלמוליב,RU,דאו. ספיד סטיק,מיליליטרים,150.00,"100 מ""ל",false,0,13.90,9.27,true,1,
7290105436382,false,חטיף פרי תמרים קשיו ללא תוספת סוכר וגלוטן 5 יח,טבעית מוצרים מן הטבע בעמ,IL,חטיפי FREE,גרמים,125.00,100 גרם,false,0,16.90,13.52,true,1,
7290105500151,false,וודקה פינלנדיה בקבוק,"אלטיה קורפ, הלסינקי,",FI,וודקה פינלנדיה,מיליליטרים,700.00,"100 מ""ל",false,0,64.90,9.27,true,1,
7290105500953,false,"וויסקי ג'ק דניאלס דבש 700 מ""ל",ג'ק דניאל'ס,BE,וויסקי,מיליליטרים,700.00,"100 מ""ל",false,0,129.90,18.56,true,1,
7290105962331,false,סחוג תימני אדום חריף מאוד זהבי הכרם 220 גרם,קריניסה ויטמין אס אי,IL,סחוג חריף זהבי,גרמים,220.00,100 גרם,false,0,10.90,4.95,true,1,
7290105965738,false,יוגורט לשתיה בטעם תות בננה267 ג' דנונה,מיוצר עי קונדיטוריית,IL,דנונה לשתיה,גרמים,267.00,100 גרם,false,0,5.30,1.99,true,1,
7290105966469,false,"חומץ בלסמי ממודנה יד מרדכי 250 מ""ל",אצטייה ג'וזפה קרמוני,IT,חומץ בלסמי,גרמים,250.00,100 גרם,false,0,14.90,5.96,true,1,
7290105968098,false,"סלט קולסלאו 500 גרם ""אחלה""",שטראוס גרופ סלטים,IL,סלט קולסלאו אחלה,גרמים,500.00,100 גרם,false,0,15.90,3.18,true,1,
7290105968654,false,רביולי בטטה פרווה פסטה נונה 400 ג',מיוצר עי קונדיטוריית,IL,רביולי בטטה 400ג,גרמים,400.00,100 גרם,false,0,19.90,4.98,true,1,
7290105968777,false,פריכיות 5 דגנים עם תחתית שוקולד מריר 70 גרם,"טחנת האבן תעשיות בע""",IL,פריכיות + שוקולד,גרמים,70.00,100 גרם,false,0,7.90,11.29,true,1,
7290106512122,false,עוגת קראנץ אגוזים 500 גר,,IL,עוגת קראנץ,גרמים,500.00,100 גרם,false,1,19.90,3.98,true,1,
7290106513013,false,רוגלך 700 גרם בילקע,,IL,רוגלך 700 גרם,גרמים,700.00,100 גרם,false,1,19.90,2.84,true,1,
7290106513075,false,רוגלך עלים 700 גרם,,IL,רוגלך עלים 700גר,גרמים,700.00,100 גרם,false,1,19.90,2.84,true,1,
7290106513082,false,עוגיות מלוחות 700 גרם בילקע,,IL,עוגיות 700גרם,גרמים,700.00,100 גרם,false,1,19.90,2.84,true,1,
7290106513099,false,עוגיות שוקוצ'יפס 700 גרם בילקע,,IL,עוגיות 700גרם,גרמים,700.00,100 גרם,false,1,19.90,2.84,true,1,
7290106513105,false,עוגיות ממולאות שוקולד 700 גרם בילקע,,IL,עוגיות 700גרם,גרמים,700.00,100 גרם,false,1,19.90,2.84,true,1,
7290106513129,false,עוגיות מרוקאיות 700 גרם בילקע,,IL,עוגיות 700גרם,גרמים,700.00,100 גרם,false,1,19.90,2.84,true,1,
7290106513136,false,עוגיות עם ריבה 700 גרם בילקע,,IL,עוגיות 700גרם,גרמים,700.00,100 גרם,false,1,19.90,2.84,true,1,
7290106513143,false,עוגיות בצק עלים 700 גרם בילקע,,IL,עוג.בצק עלים,גרמים,700.00,100 גרם,false,1,19.90,2.84,true,1,
7290106520066,false,"רבע לשבע שוקולד חלב במילוי אגוזים עלית 160 גרם בד""צ","הגביע מוצרי וופלים בע""\מ",IL,רבע לשבע 160 גרם,גרמים,160.00,100 גרם,false,0,11.90,7.44,true,1,
7290106520288,false,יוגורט פרו חלבון עם תות 2.4% שומן 150 ג' דנונה,"שטראוס בריאות בע""מ",IL,דנונה WOW תות,גרמים,150.00,100 גרם,false,1,4.50,3.00,true,1,
7290106520905,false,סלט טורקי אחלה 400 גרם,"שטראוס גרופ בע""\מ",IL,סלט טורקי,גרמים,400.00,100 גרם,false,0,15.90,3.98,true,1,
7290106520912,false,"שמנת 9% לבישול יטבתה 250 מ""ל מהדרין",שטראוס גרופ,IL,שמנת לבישול 9%,מיליליטרים,250.00,"100 מ""ל",false,0,7.90,3.16,true,1,
7290106524439,false,"תפוצ'יפס פופס 60 גרם ""עלית""","שטראוס פריטו ליי בע""\מ )",IL,תפוצ'יפס פופס,גרמים,60.00,100 גרם,false,1,3.90,6.50,true,1,
7290106525399,false,קפסולות 06 ברזיל למכונות נספרסו עלית 10יח',הנסיך- מפעל לייצור ט,IL,קפסולות קפה,גרמים,50.00,100 גרם,false,1,15.90,31.80,true,1,
7290106528567,false,"דוריטוס גריל 185 גרם ""עלית""","שטראוס פריטו ליי בע""\מ )",IL,דוריטוס גריל,גרמים,185.00,100 גרם,false,1,7.90,4.27,true,1,
7290106528628,false,"דוריטוס טבעי 185 גרם ""עלית""","שטראוס פריטו ליי בע""\מ )",IL,דוריטוס Dippas,גרמים,185.00,100 גרם,false,1,7.90,4.27,true,1,
7290106547353,false,צלחות מלוכה רימון זהב,,CN,"צלחות ח""פ רימון",יחידה,1.00,יחידה,false,1,9.90,9.90,true,1,
7290106576797,false,"לה קרמריה גלידת וניל איטלקי כשל""פ 1.4ל'",תות תעשיות מזון (201,IL,לה קרמריה וניל,ליטרים,1.40,ליטר,false,0,17.90,12.79,true,1,
7290106576810,false,גלידה לה קרמריה ריבת חלב 1.4 ל' נסטלה,לה קרמריה- נסטלה,IL,לה קרמריה צמחי,ליטרים,1.40,ליטר,false,0,17.90,12.79,true,1,
7290106576834,false,גלידה לה קרמריה פונטש בננה1.4 ל' נסטלה,תות תעשיות מזון (201,IL,לה קרמריה,ליטרים,1.40,ליטר,false,0,17.90,12.79,true,1,
7290106576858,false,גלידה לה קרמריה תותים בשמנת 1.4 ל' נסטלה,גלידות נסטלה )נגה גלידות,IL,לה קרמריה,ליטרים,1.40,ליטר,false,0,17.90,12.79,true,1,
7290106576919,false,לה קרמריה גלידת סורבה תות לימון 1.4ל',גלידות נסטלה )נגה גלידות,IL,לח קרמריה,ליטרים,1.40,ליטר,false,0,17.90,12.79,true,1,
7290106576957,false,"לה קרמריה גלידת שוקו וניל פליק פרווה כשל""פ 1.4",תות תעשיות מזון (201,IL,לה קרמריה,ליטרים,1.40,ליטר,false,0,17.90,12.79,true,1,
7290106576971,false,גלידה לה קרמריה שוקולד בלגי 1.4 ל' נסטלה,תות תעשיות מזון (201,IL,לה קרמריה,ליטרים,1.40,ליטר,false,0,17.90,12.79,true,1,
7290106576995,false,גלידה סורבה לה קרמריה תות מנגו לייט 1.4 ל' נסטלה,גלידות נסטלה )נגה גלידות,IL,לה קרמריה לייט,ליטרים,1.40,ליטר,false,0,17.90,12.79,true,1,
7290106577039,false,גלידה לה קרמריה שוקו וניל פליק 1.4 ל' נסטלה,תות תעשיות מזון (201,IL,לא קרמריה,ליטרים,1.40,ליטר,false,0,17.90,12.79,true,1,
7290106658479,false,וופל טורטית שוקלד מגדים 40ג',"שטראוס גרופ בע""\מ",IL,טורטית מגדים,גרמים,40.00,100 גרם,false,1,3.90,9.75,true,1,
7290106663091,false,"לאבנה 9 % עם שמן זית 500 גר' ""שטראוס""",הדקלאים אגודת שיתופי,IL,לאבנה 9%,גרמים,500.00,100 גרם,false,1,18.90,3.78,true,1,
7290106663503,false,קונפיטורה לייט תות יד מרדכי 230 גרם,אף.סי תבליני בגליל ב,IL,קונפיטורה תות,גרמים,230.00,100 גרם,false,0,13.80,6.00,true,1,
7290106663558,false,"רוטב טריאקי ורימון יד מרדכי 280מ""ל",אף.סי תבליני בגליל ב,IL,רוטב טריאקי,גרמים,320.00,100 גרם,false,1,12.90,4.03,true,1,
7290106664067,false,לאבנה עם שמן זית וזעתר 10% שטראוס 400 ג',הדקלאים אגודת שיתופי,IL,לאבנה שמן זית,גרמים,400.00,100 גרם,false,1,14.90,3.73,true,1,
7290106664555,false,"רוטב שמנת עם עגבניות 9% שומן 250 מ""ל יוטבתה",שטראוס גרופ,IL,רוטב שמנת,מיליליטרים,250.00,"100 מ""ל",false,1,10.90,4.36,true,1,
7290106666788,false,עלית - סוכריות נוסטלגיה דבש ממולאות 80 גרם,שטראוס גרופ,PL,סוכריות דבש,גרמים,80.00,100 גרם,false,1,4.90,6.13,true,1,
7290106667266,false,"דוריטוס חמוץ חריף 185 גרם ""עלית""","שטראוס פריטו ליי בע""\מ )",IL,דוריטוס,גרמים,185.00,100 גרם,false,1,7.90,4.27,true,1,
7290106668577,false,"מיץ לימון טיבעי 250 מ""ל יד מרדכי",האי נאם סי או אל.טי.,IT,מיץ לימון,גרמים,250.00,100 גרם,false,1,7.90,3.16,true,1,
7290106668713,false,יוגורט עם פירות יער 3% שומן 150 ג' דנונה,מיוצר עי קונדיטוריית,IL,דנונה פירות יער,גרמים,150.00,100 גרם,false,1,3.90,2.60,true,1,
7290106721906,false,צנצנת בזוקה מגדים ציקלט 66 גרם,"שטראוס גרופ בע""מ",IL,מסטיק בזוקה,גרמים,66.00,100 גרם,false,1,9.90,15.00,true,1,
7290106721913,false,מסטיק מאסט MUST ללא סוכר בטעם מנטה מרעננת,"שטראוס גרופ בע""מ",IL,מסטיק מרעננת,גרמים,66.00,100 גרם,false,1,9.90,15.00,true,1,
7290106724488,false,דנונה טבעי פרוביוטי 1.7% טבעי 150ג',שטראוס,IL,דנונה ביו החזרות,גרמים,150.00,100 גרם,false,1,2.50,1.67,true,1,
7290106726178,false,יוגורט PRO עם פירות יער 2.4% 10 גרם חלבון בגביע,מיוצר עי קונדיטוריית,IL,דנונה WOW פ.יער,גרמים,150.00,100 גרם,false,1,4.50,3.00,true,1,
7290106770577,false,גרוסליין- בלגה ממרח חלבה 350 גרם.,"אלמונדס בע""מ",IL,ממרח חלבה,גרמים,350.00,100 גרם,false,1,12.90,3.69,true,1,
7290106772472,false,גרוסליין - בלגה ממרח שוקולד 350 גרם,"אלמנדוס בע""מ",IL,ממרח אגוזי לוז,גרמים,350.00,100 גרם,false,1,12.90,3.69,true,1,
7290106774445,false,חמאת בוטנים טבעית 700 גר,,AR,חמאת בוטנים,גרמים,700.00,100 גרם,false,1,19.90,2.84,true,1,
7290107280020,false,שלישיית מטליות לחות לניקוי כללי סנו סושי 50 יחידות,טרופיקל דגיל- תעשיות,IL,מטליות לחות מארז,יחידה,1.00,יחידה,false,0,17.90,17.90,true,1,
7290107280099,false,שלישיית מגובנים נשטפים באסלה סופט סוד 48 יחידות,טרופיקל דגיל- תעשיות,IL,מגבוני נייר לחים,יחידה,1.00,יחידה,false,0,17.90,17.90,true,1,
7290107280518,false,"מקסימה אבקת כביסה ז'אוול 8 ק""ג",סנו,IL,מקסימה ג'אוול,קילוגרמים,8.00,"ק""ג",false,0,54.90,6.86,true,1,
7290107280563,false,ג'ל אוקסיג'ן בייבי סנו 3 ליטר,"איי, בי, אינבוו",IL,אוקסיג'ן בייבי,ליטרים,3.00,ליטר,false,0,26.90,8.97,true,1,
7290107280570,false,סנו - מקסימה ג'ל כביסה מרוכז לכביסה צבעונית 3 ליטר,מיוצר עי קונדיטוריית,IL,ג'ל כביסה,ליטרים,3.00,ליטר,false,0,27.90,9.30,true,1,
7290107280587,false,שלישיית סנובון מוצק דאבל אקשן פריחה ורודה 55 גרם,סנו מפעלי ברונו בעמ,IL,סנובון דאבל אקשן,גרמים,165.00,100 גרם,false,1,11.90,7.21,true,1,
7290107280594,false,שלישיית סנובון מוצק דאבל אקשן לבנדר 55 גרם,סנו מפעלי ברונוס בעמ,IL,סנובון דאבל אקשן,גרמים,155.00,100 גרם,false,1,11.90,7.68,true,1,
7290107280600,false,טבליות למדיח סנו ספארק 100 טבליות במארז,גרופה אינקו,PL,ספארק טב' למדיח,יחידה,1.00,יחידה,false,1,59.90,59.90,true,1,
7290107280631,false,"סנו מקסימה ביו 8 ק""ג",סנו,IL,מקסימה ביו,קילוגרמים,8.00,"ק""ג",false,0,54.90,6.86,true,1,
7290107280648,false,"סנו מקסימה מאסק 8 ק""ג",סנו,IL,מקסימה מאסק,קילוגרמים,8.00,"ק""ג",false,0,54.90,6.86,true,1,
7290107280655,false,"אבקת כביסה בייבי סנו מקסימה 3.25 ק""ג",סנו מקסימה,IL,מקסימה בייבי,קילוגרמים,3.25,"ק""ג",false,0,32.90,10.12,true,1,
7290107280709,false,"סנו ספארק נוזל הברקה למדיח 700 מ""ל","סנו מפעלי ברונוס בע""\מ",IL,נוזל הברקה למדיח,מיליליטרים,700.00,"100 מ""ל",false,1,14.90,2.13,true,1,
7290107280716,false,מלח למדיח להגנה מפני אבנית סנו ספארק Spark,סנו ספארק,IL,ספארק מלח למדיח,קילוגרמים,2.00,"ק""ג",false,1,10.90,5.45,true,1,
7290107280761,false,נוזל לניקוי כלים בניחוח לימון רענן סנו ספארק Spark,מיוצר עי קונדיטוריית,IL,נוזל כלים לימון,ליטרים,1.00,ליטר,false,0,10.90,10.90,true,1,
7290107280822,false,ריצפז פרש הום בניחוח ספא מרגיע 2 ל',"סנו מפעלי ברונוס בע""\מ",IL,ריצפז פרש הום,ליטרים,2.00,ליטר,false,0,19.90,9.95,true,1,
7290107645591,false,אבקת מרק טעם עוף רכביים טבעיים קנור 400ג',יוניליוור ישראל מזון בע\,IL,מרק טעם עוף,גרמים,400.00,100 גרם,false,1,19.90,4.98,true,1,
7290107646062,false,אבקת מרק בצל רכיבים טבעיים קנור 400 ג',יוניליוור ישראל מזון בע\,IL,מרק בצל,גרמים,400.00,100 גרם,false,1,24.90,6.23,true,1,
7290107879569,false,קרחון לה פרוטה שרבט מנגו מאגדת 5יח',גלידות נסטלה )נגה גלידות,IL,מאגדת לה פרוטה,גרמים,350.00,100 גרם,false,1,22.90,6.54,true,1,
7290107930321,false,קונפיטורת יד מרדכי דובדובן 340 גרם,"בית אל מזון בע""מ",IL,קונפיטורה דובדבן,גרמים,340.00,100 גרם,false,1,13.90,4.09,true,1,
7290107932080,false,חלב מועשר יוטבתה בבקבוק 3% 1 ליטר,מחלבת יטבתה,IL,חלב מועשר 3%,ליטרים,1.00,ליטר,false,1,7.90,7.90,true,1,
7290107932134,false,חלב מועשר יוטבתה בבקבוק 1% 1 ליטר,מחלבת יטבתה,IL,חלב מועשר 1%,ליטרים,1.00,ליטר,false,1,7.90,7.90,true,1,
7290107934473,false,שמינייה יוגורט לבן אקטיביה 1.5% דנונה 150 גרם,"שטראוס גרופ בע""\מ",IL,אקטביה 1.5% 8 יח,ליטרים,1.20,ליטר,false,1,21.90,18.25,true,1,
7290107936309,false,דנונה יוגורט 7% יווני לבן 130 ג',"שטראוס בריאות בע""מ",IL,יוגורט יווני,גרמים,130.00,100 גרם,false,1,3.20,2.46,true,1,
7290107937542,false,משקה יוגורט אקטיביה עם תות 1.2% שומן,מיוצר עי קונדיטוריית,IL,משקה אקטביה תות,גרמים,265.00,100 גרם,false,1,5.50,2.08,true,1,
7290107937627,false,מסטיק מאסט Must קוביות ללא סוכר בטעם מנטה עדינה,אסקום קונפקשיין,DE,קוביות מסטיק,גרמים,58.00,100 גרם,false,1,9.90,17.07,true,1,
7290107937634,false,צנצנית מסטיק מאסט קוביות פפירמינט 58 ג' עלית,אסקום קונפקשיין,DE,קוביות מסטיק,גרמים,58.00,100 גרם,false,1,9.90,17.07,true,1,
7290107937641,false,צנצנת מסטיק בזוקה קוביות ללא סוכר,אסקום קונפקשיין,DE,קוביות מסטיק,גרמים,58.00,100 גרם,false,1,9.90,17.07,true,1,
7290107938396,false,שמיניית אקטימל תות דיסני בנים 108 גרם,מיוצר עי קונדיטוריית,IL,אקטימל תות 8יח',מיליליטרים,800.00,"100 מ""ל",false,1,20.90,2.61,true,1,
7290107940467,false,אקטיביה יוגורט 1.5% שומן 200 ג' דנונה,מיוצר עי קונדיטוריית,IL,אקטיביה 1.5%,גרמים,200.00,100 גרם,false,1,3.80,1.90,true,1,
7290107943192,false,"שמנת חמוצה מהערבה 27% שומן 200 מ""ל יטבתה",מחלבת יטבתה,IL,שמנת חמוצה 27%,מיליליטרים,200.00,"100 מ""ל",false,1,3.90,1.95,true,1,
7290107945165,false,קונפיטורת משמש יד מרדכי 340 גרם,אף.סי תבליני בגליל ב,IL,קונפיטורת משמש,גרמים,340.00,100 גרם,false,1,13.90,4.09,true,1,
7290107950190,false,מעדן חלב דל קלוריות בטעם שוקולד מריר 0.5% שומן,מיוצר עי קונדיטוריית,IL,מעדן דיאט שוקולד,גרמים,130.00,100 גרם,false,1,2.90,2.23,true,1,
7290107950206,false,מעדן חלב דל קלוריות בטעם שוקולד 0% שומן,מיוצר עי קונדיטוריית,IL,מעדן דיאט שוקולד,גרמים,130.00,100 גרם,false,1,2.90,2.23,true,1,
7290107951104,false,בפלות ופלים ארוכים בטעם שוקולד,"שטראוס גרופ בע""\מ",IL,בפלות טעם שוקולד,גרמים,200.00,100 גרם,false,1,4.90,2.45,true,1,
7290107951715,false,צנצנת מסטיק מאסט קוביות בטעם ענבים 58 ג' עלית,אסקום קונפקשיין,IL,מסטיק קוביות,גרמים,58.00,100 גרם,false,1,9.90,17.07,true,1,
7290107953559,false,"מארז קפה טורקי עלית לדרך כשל""פ 168 גרם",הנסיך- מפעל לייצור ט,IL,קפה טורקי לדרך,גרמים,168.00,100 גרם,false,1,18.90,11.25,true,1,
7290107954709,false,"קונפיטורת פירות יער ""יד מרדכי"" 340 גר'","ב.א. מזון בע""\מ",IL,קונפיטורה פירות,גרמים,340.00,100 גרם,false,1,13.90,4.09,true,1,
7290107956710,false,מארז מיני מילקי 70 גרם 16 יחידות,"שטראוס גרופ בע""\מ",IL,מיני מילקי 16 יח,קילוגרמים,1.12,"ק""ג",false,1,19.90,17.77,true,1,
7290107956963,false,"דנונה וניל 3% תות מארז 12X100מ""ל",שטראוס מחלבות,IL,מארז דנונה תות,קילוגרמים,1.20,"ק""ג",false,1,19.90,16.58,true,1,
7290107958035,false,יוגורט במתיקות מעודנת 2% ללא תוספת סוכר- מארז 8 יח,"שטראוס בריאות בע""\מ",IL,דנונה מעודן 8 יח,קילוגרמים,1.20,"ק""ג",false,1,18.90,15.75,true,1,
7290107958639,false,"מטבוחה מרוקאית חריפה 400 גרם ""אחלה""",מיוצר עי קונדיטוריית,IL,מטבוחה,גרמים,400.00,100 גרם,false,1,15.90,3.98,true,1,
7290107971744,false,"קולגייט - מי פה טוטל ירוק ספרמינט 500 מ""ל",יבואן ומשווק: ש. שסט,PL,מי פה קולגייט,מיליליטרים,500.00,"100 מ""ל",false,1,29.90,5.98,true,1,
7290107971751,false,מי פה קולגייט טוטל ללא אלכוהול פפרמינט,יבואן ומשווק: ש. שסט,PL,מי פה קולגייט,מיליליטרים,500.00,"100 מ""ל",false,1,29.90,5.98,true,1,
7290107974820,false,ממרח בטעם ספייסי מיונז מאסטר שף 250 גרם,רמיה סי.וי.הולנד,NL,ממרח מתובל ספייס,גרמים,250.00,100 גרם,false,1,8.90,3.56,true,1,
7290107974837,false,מנה מאסטר שף ממרח מתובל שום 246 גר,רמיה סי.וי.הולנד,NL,ממרח מתובל שום,גרמים,250.00,100 גרם,false,1,8.90,3.56,true,1,
7290108192537,false,מארז 12 סוללות AA,,CN,מארז סוללות,יחידה,1.00,יחידה,false,1,9.90,9.90,true,1,
7290108192544,false,מארז 12 סוללות AAA,,CN,12 סוללות AAA,יחידה,1.00,יחידה,false,1,9.90,9.90,true,1,
7290108350531,false,סנו ספארק נוזל כלים בניחוח קלאסי עם משאבה 1 ל',מיוצר עי קונדיטוריית,IL,ספארק לכלים,ליטרים,1.00,ליטר,false,1,10.90,10.90,true,1,
7290108350555,false,נוזל כלים סנו ספארק Spark היפואלרגני פריחת השקד,סנו ספארק,IL,ספארק לכלים,ליטרים,1.00,ליטר,false,1,10.90,10.90,true,1,
7290108350586,false,נוזל לניקוי כלים סנו ספארק Spark בניחוח לימון רענן,"סנו מפעלי ברונוס בע""\מ",IL,ספארק נוזל לכלים,ליטרים,1.50,ליטר,false,1,14.90,9.93,true,1,
7290108350739,false,משחת שיניים אורביטול קידס סטעם סוכריות ג'לי 70 גרם,טרופיקל דגיל תעשיות קוסמ,IL,משחה אורביטול,גרמים,70.00,100 גרם,false,1,7.90,11.29,true,1,
7290108351156,false,ג'ל ניקוי כללי בתוספת חומץ בריח לבנדר סנו ג'ט 1.5 ליטר,"סנו מפעלי ברונוס בע""\מ",IL,סנו ג'ט פלוס,ליטרים,1.50,ליטר,false,1,11.90,7.93,true,1,
7290108351507,false,מרכך כביסה אינספרישיין סנו מקסימה 4 ליטר,סנו מקסימה,IL,מרכך מקסימה,ליטרים,4.00,ליטר,false,1,19.90,4.98,true,1,
7290108351552,false,"סנו - ג'ט לניקוי כללי בתוספת חומץ בניחוח לבנדר 750 מ""ל","סנו מפעלי ברונוס בע""\מ",IL,סנו ג'ט עם חומץ,מיליליטרים,750.00,"100 מ""ל",false,1,11.90,1.59,true,1,
7290108351569,false,מבשם ומרכך למייבש כביסה Baby לתינוקות ולעור רגיש,"סנו מפעלי ברונוס בע""\מ",IL,מקסימה למייבש,מיליליטרים,750.00,"100 מ""ל",false,1,16.90,2.25,true,1,
7290108351583,false,"סנו - ג'ט פלוס חומץ ג'ל לניקוי אסלות לבנדר 750 מ""ל",טרופיקל דגיל תעשיות,IL,סנו ג'ט לאסלות,מיליליטרים,750.00,"100 מ""ל",false,1,11.90,1.59,true,1,
7290108351590,false,מטהר אוויר סופט סילק סנו פרש הום 350 מל,סנו פרש Fresh,IL,סנופרש בלוסם,מיליליטרים,350.00,"100 מ""ל",false,1,10.90,3.11,true,1,
7290108351606,false,מטהר אוויר בלו בלוסום סנו פרש הום 350 מל,סנו מפעלי ברונוס בעמ,IL,סנופרש הום,מיליליטרים,350.00,"100 מ""ל",false,1,10.90,3.11,true,1,
7290108351613,false,סנו ריצפז פרש הום בניחוח מלון חלומי 2 ל,"סנו מפעלי ברונוס בע""\מ",IL,ריצפז פרש הום,ליטרים,2.00,ליטר,false,1,19.90,9.95,true,1,
7290108351637,false,"אבקת כביסה מקסימה סמארט 5 ק""ג סנו",סנו מקסימה,IL,אבקת כביסה,קילוגרמים,5.00,"ק""ג",false,1,47.90,9.58,true,1,
7290108351675,false,גל כביסה סנו מקסימה מיקס אנד ווש 5 ל,סנו מפעלי ברונוס בעמ,IL,מקסימה ג'ל,ליטרים,5.00,ליטר,false,1,39.90,7.98,true,1,
7290108351682,false,גל כביסה סנו מקסימה ביו קולד ווטר 5 ל,"סנו מפעלי ברונוס בע""\מ",IL,מקסימה ג'ל,ליטרים,5.00,ליטר,false,1,39.90,7.98,true,1,
7290108351699,false,סנו - ג'ט מטליות לחות לניקוי כללי בתוספת חומץ לבנדר שלישיה,סנו מפעלי ברונוס על,IL,סנו ג'ט מטליות3*,יחידה,1.00,יחידה,false,1,21.90,21.90,true,1,
7290108351804,false,מרכך כביסה סופר מרוכז Gentl Breeze סנו מקסימה 1 ליטר,מיוצר עי קונדיטוריית,IL,מרכך מקסימה,ליטרים,1.00,ליטר,false,1,15.90,15.90,true,1,
7290108351811,false,מרכך כביסה סופר מרוכז Floral touch סנו מקסימה 1 ליטר,מיוצר עי קונדיטוריית,IL,מרכך מקסימה,ליטרים,1.00,ליטר,false,1,15.90,15.90,true,1,
7290108351835,false,מרכך כביסה Pure Sensation סנו מקסימה 4 ליטר,מיוצר עי קונדיטוריית,IL,מרכך מקסימה,ליטרים,4.00,ליטר,false,1,19.90,4.98,true,1,
7290108351934,false,סנובון סבון אסלה מוצק RINGS בניחוח לימון שלישיה,החברה הדרומית,PL,סבון אסלה 3 יח,גרמים,120.00,100 גרם,false,1,14.90,12.42,true,1,
7290108351989,false,סנופרש הום מבשם לבית בניחוח מלון מפנק,מיוצר עי קונדיטוריית,IL,מבשם אוויר לבית,מיליליטרים,200.00,"100 מ""ל",false,1,11.90,5.95,true,1,
7290108352061,false,משחת שיניים Go White אורביט 145 גרם עם פחם,טרופיקל דגיל תעשיות קוסמ,IL,משחת אורביטול,גרמים,145.00,100 גרם,false,1,14.90,10.28,true,1,
7290108352207,false,מקסימה 40 קפסולות לכביסה בניחוח fresh burst,"גליל כימיקלים, א.ת. צפונ",IL,מקסימה קפסולות,יחידה,1.00,יחידה,false,1,42.90,42.90,true,1,
7290108352214,false,סנו - מקסימה קפסולות כביסה בניחוח בריזה מרעננת 40 יח',טרופיקל דגיל תעשיות,IL,קפסולות לכביסה,יחידה,1.00,יחידה,false,1,42.90,42.90,true,1,
7290108352221,false,סנופרש הום מבשם נוזלי בניחוח מלון מפנק,סנו מפעלי ברונוס בעמ,IL,סנו פרש הום,מיליליטרים,350.00,"100 מ""ל",false,1,10.90,3.11,true,1,
7290108352252,false,נוזל לניקוי כלים מתאים לניקוי ירקות ופירות סנו ספארק,"סנו מפעלי ברונוס בע""\מ",IL,ספארק נוזל כלים,ליטרים,1.00,ליטר,false,1,10.90,10.90,true,1,
7290108352269,false,סנו מטליות לחיטוי ולניקוי בדלי 400 יחידו,החברה הדרומית,IL,מטליות לחיטוי,יחידה,1.00,יחידה,false,1,29.90,29.90,true,1,
7290108352344,false,"פרש מבשם אויר אוטומטי בניחוח לבנדר סנו 250 מ""ל",מיוצר עי קונדיטוריית,IL,סנו פרש מילוי,מיליליטרים,250.00,"100 מ""ל",false,1,14.90,5.96,true,1,
7290108352399,false,ריצפז פרש הום בניחוח מרכך כביסה פלורל טאצ',"סנו מפעלי ברונוס בע""\מ",IL,ריצפז פרש הום,ליטרים,2.00,ליטר,false,1,19.90,9.95,true,1,
7290108352443,false,סנובון מוצק לניקוי אסלה כחול סנו 3 יחידות,סנו מפעלי ברונוס בעמ,IL,סנובון מוצק,גרמים,165.00,100 גרם,false,1,16.90,10.24,true,1,
7290108352511,false,ניקוי וחיטוי מכונת הכביסה בתוספת חומץ סנו מקסימה,"סנו מפעלי ברונוס בע""\מ",IL,מנקה מכונת כביסה,מיליליטרים,500.00,"100 מ""ל",false,1,12.90,2.58,true,1,
7290108352566,false,מרכך כביסה בבישום עוצמתי 4 ל' סנו מקסינה,"סנו מפעלי ברונוס בע""\מ",IL,מקסימה מרכך JOY,ליטרים,4.00,ליטר,false,1,19.90,4.98,true,1,
7290108352672,false,צמד מטליות הפלא לרצפה מיקרפייבר סנו סושי,סנו מפעלי ברונוס.,CN,מטליות לרצפה 2יח,יחידה,1.00,יחידה,false,1,19.90,19.90,true,1,
7290108352788,false,סנו סושי שקיות זיפר לאוכל L 20 יחידות,פיין ונטג,IL,שקיות מזון זיפר,יחידה,1.00,יחידה,false,1,10.90,10.90,true,1,
7290108352795,false,סנו סושי שקיות M זיפר 50 יחידות,פיין ונטג,CN,שקיות מזון זיפר,יחידה,1.00,יחידה,false,1,10.90,10.90,true,1,
7290108352825,false,ספוג הפלא נירוסטה סנו סושי 3יח',ltdn s.k.a.tסנו מפעלי בר,CN,ספוג הפלא נירוסט,יחידה,1.00,יחידה,false,1,11.90,11.90,true,1,
7290108352924,false,כפפות ניטריל כחולות 80 יח' M סנו סושי,סנו סושי,TH,כפפות ניטריל M,יחידה,1.00,יחידה,false,1,29.90,29.90,true,1,
7290108352931,false,כפפות ניטריל כחולות 80 יח' L סנו סושי,סנו סושי,TH,כפפות ניטריל L,יחידה,1.00,יחידה,false,1,29.90,29.90,true,1,
7290108353006,false,סנו סושי - שקיות אוכל נקשרות 250 יחידות XL,מיוצר עי קונדיטוריית,IL,שקיות אוכל נקשרו,יחידה,1.00,יחידה,false,1,9.90,9.90,true,1,
7290108353068,false,ספוג הפלא נירוסטה עם סיבי קירצוף סנו סושי 2 יח',מיוצר עי קונדיטוריית,IL,כריות קרצוף 2 יח,יחידה,1.00,יחידה,false,1,11.90,11.90,true,1,
7290108353099,false,ממחטות אף במארז ניילון סנו סופט 5 יח' * 100 דף,טרופיקל דגיל תעשיות,IL,ממחטות סופט מארז,יחידה,1.00,יחידה,false,1,12.90,12.90,true,1,
7290108353389,false,"אורביטול - מי פה ג'וניור לגילאי 8+ 250 מ""ל",קוסמופארם בעמ,IL,מי פה ג'וניור,מיליליטרים,250.00,"100 מ""ל",false,1,12.90,5.16,true,1,
7290108353433,false,שטיפת פה לרעננות מתמשכת מנטה עדין Protect & Fresh,"קוסמופארם בע""\מ",IL,שטיפת פה פרוטקט,מיליליטרים,500.00,"100 מ""ל",false,1,21.90,4.38,true,1,
7290108353549,false,נייר אפייה סנו סושי 100 יח,"טופ פלסט 2002 בע""\מ",IL,סנו סושי נייר,יחידה,1.00,יחידה,false,1,21.90,21.90,true,1,
7290108353778,false,"תחליב רחצה שוודיה נקה 7 בניחוח פיטנגו 750 מ""ל","אמיליה קוסמטיקס בע""מ",IL,תחליב רח.פינטגו,מיליליטרים,750.00,"100 מ""ל",false,1,10.90,1.45,true,1,
7290108353785,false,תחליב רחצה נקה 7 מרוקו בניחוח טונקה 750,"אמיליה קוסמטיקס בע""מ",IL,תחליב רחצה,מיליליטרים,750.00,"100 מ""ל",false,1,10.90,1.45,true,1,
7290108353808,false,"תחליב רחצה מדגסקר נקה 7 בניחוח אמבר 750 מ""ל","אמיליה קוסמטיקס בע""מ",IL,תחליב רחצה בניחו,מיליליטרים,750.00,"100 מ""ל",false,1,10.90,1.45,true,1,
7290108353815,false,"תחליב רחצה מדיטציה, בניחוח פצ'ולי לבנדר 600 מ""ל קרימה","קוסמופארם בע""\מ",IL,קרמה תחליב רחצה,מיליליטרים,600.00,"100 מ""ל",false,1,17.90,2.98,true,1,
7290108353983,false,"קרמה - קרם גוף קרמה קלאסי 500 מ""ל",טרופיקל דגיל תעשיות,IL,קרם גוף קלאסי,מיליליטרים,500.00,"100 מ""ל",false,1,22.90,4.58,true,1,
7290108354065,false,קרמה מן גל רחצה פילינג 700 מל לגבר,קוסמופארם בע'\'\מ,IL,קרמה מן ג'ל רחצה,מיליליטרים,700.00,"100 מ""ל",false,1,17.90,2.56,true,1,
7290108354164,false,"כיף שלישיית אל סבון קטיפתי מועשר בשמנים 3*500 מ""ל",טרופיקל דגיל תעשיות,IL,אלסבון כיף 3 יח,ליטרים,1.50,ליטר,false,1,21.90,14.60,true,1,
7290108354270,false,מרכך כביסה מרוכז בבישום עוצמתי 1 ל' סנו מקסימה,מיוצר עי קונדיטוריית,IL,מרכך מקסימה,ליטרים,1.00,ליטר,false,1,15.90,15.90,true,1,
7290108354430,false,"שמפו כיף לשיקום והזנה שמן קוקוס וקרטין 700 מ""ל",קוסמופארם בעמ,IL,שמפו כיף,מיליליטרים,700.00,"100 מ""ל",false,1,11.90,1.70,false,1,
7290108354447,false,"מרכך כיף לשיקום והזנה שמן קוקוס וקרטין 700 מ""ל",גוד פוד פרודקטס S.p,IL,מרכך שיער כיף,מיליליטרים,700.00,"100 מ""ל",false,1,11.90,1.70,false,1,
7290108354485,false,"קרליין מרכך 10 לשיער שמן ארגן 700 מ""ל","קוסמופארם בע""\מ",IL,מרכך 10 ארגן,מיליליטרים,700.00,"100 מ""ל",false,1,12.90,1.84,true,1,
7290108354492,false,"קרליין שמפו 10 לשיער שמן ארגן 700 מ""ל","קוסמופארם בע""\מ",IL,שמפו 10 ארגן,מיליליטרים,700.00,"100 מ""ל",false,1,12.90,1.84,true,1,
7290108354591,false,"תחליב רחצה בניחוח מי קקטוס ושמן באבאסו 750 מ""ל נקה 7","אמיליה קוסמטיקס בע""מ",IL,תחליב רחצה נקה 7,מיליליטרים,750.00,"100 מ""ל",false,1,10.90,1.45,true,1,
7290108354607,false,"שמפו בניחוח מי קקטוס ושמן באבאסו 750 מ""ל נקה 7","אמיליה קוסמטיקס בע""מ",IL,שמפו נקה 7 קקטוס,מיליליטרים,750.00,"100 מ""ל",false,1,10.90,1.45,true,1,
7290108354614,false,"מרכך בניחוח מי קקטוס ושמן באבאסו 750 מ""ל נקה 7","אמיליה קוסמטיקס בע""מ",IL,מרכך נקה 7 קקטוס,מיליליטרים,750.00,"100 מ""ל",false,1,10.90,1.45,true,1,
7290108354751,false,"סנו - ג'ט מרסס לניקוי כללי בתוספת אבקת סודה 750 מ""ל","סנו מפעלי ברונוס בע""\מ",IL,סנו ג'ט עם סודה,מיליליטרים,750.00,"100 מ""ל",false,1,11.90,1.59,true,1,
7290108355031,false,"נקה 7 אל סבון לילדים מיניונים 750 מ""ל",קוסמופארם בע'\'\מ,IL,אל סבון נקה7,מיליליטרים,750.00,"100 מ""ל",false,1,12.90,1.72,true,1,
7290108355116,false,אלסבון בייבי כיף לפני השינה+משאבה 750 מ,קוסמופארם,IL,בייבי כיף אלסבון,מיליליטרים,750.00,"100 מ""ל",false,1,18.90,2.52,true,1,
7290108355130,false,"בייבי כיף שמן גוף לפני שינה 500 מ""ל",קוסמופארם,IL,בייבי כיף שמן,מיליליטרים,500.00,"100 מ""ל",false,1,26.90,5.38,true,1,
7290108355147,false,"תחליב רחצה שמני הזנה נקה 7 750 מ""ל",טרופיקל דגיל תעשיות קוסמ,IL,תחליב רחצה נקה 7,מיליליטרים,750.00,"100 מ""ל",false,1,10.90,1.45,true,1,
7290108355154,false,"שמפו שמני הזנה נקה 7 750 מ""ל","אמיליה קוסמטיקס בע""מ",IL,שמפו נקה 7,מיליליטרים,750.00,"100 מ""ל",false,1,10.90,1.45,true,1,
7290108355161,false,"מרכך שיער שמני הזנה 750 מ""ל נקה 7","אמיליה קוסמטיקס בע""מ",IL,מרכך נקה 7,מיליליטרים,750.00,"100 מ""ל",false,1,10.90,1.45,true,1,
7290108355802,false,"תחליב רחצה קרמה ורד ווניל 700 מ""ל",גוד פוד פרודקטס S.p,IL,תחליב רחצה קרמה,מיליליטרים,700.00,"100 מ""ל",false,1,16.90,2.41,true,1,
7290108356106,false,כיף תחליב רחצה חלב שקדים 700 מל,החברה הדרומית,IL,כיף תחליב רחצה,מיליליטרים,700.00,"100 מ""ל",false,1,10.90,1.56,true,1,
7290108356113,false,כיף תחליב רחצה חלב ודבש 700 מל,קוסמופארם בעמ,IL,כיף תחליב רחצה,מיליליטרים,700.00,"100 מ""ל",false,1,10.90,1.56,true,1,
7290108356120,false,"תחליב רחצה כיף קוקוס וניל 700 מ""ל",קוסמופארם,IL,כיף תחליב רחצה,מיליליטרים,700.00,"100 מ""ל",false,1,10.90,1.56,true,1,
7290108356137,false,"כיף - תחליב רחצה לבנדר 700 מ""ל",קוסמופארם,IL,כיף תחליב רחצה,מיליליטרים,700.00,"100 מ""ל",false,1,10.90,1.56,true,1,
7290108356151,false,"תחליב רחצה כיף מאסק יסמין 700 מ""ל",גוד פוד פרודקטס S.p,IL,כיף תחליב רחצה,מיליליטרים,700.00,"100 מ""ל",false,1,10.90,1.56,true,1,
7290108356168,false,"כיף - תחליב רחצה אוקיינוס 700 מ""ל",גוד פוד פרודקטס S.p,IL,כיף תחליב רחצה,מיליליטרים,700.00,"100 מ""ל",false,1,10.90,1.56,true,1,
7290108356175,false,כיף אל סבון אבטיח ומנטה 1 ליטר משאבה,טרופיקל דגיל תעשיות,IL,אל סבון כיף,ליטרים,1.00,ליטר,false,1,11.90,11.90,true,1,
7290108356182,false,כיף אל סבון תאנה ותה ירוק 1 ליטר משאבה,קוסמופארם בע'\'\מ,IL,אל סבון כיף,ליטרים,1.00,ליטר,false,1,11.90,11.90,true,1,
7290108356199,false,אל סבון כיף בניחוח אפרסק ופלפל שחור 1 ל,טרופיקל דגיל תעשיות,IL,אל סבון כיף,ליטרים,1.00,ליטר,false,1,11.90,11.90,true,1,
7290108356489,false,"כיף - תחליב רחצה אפרסק וחמאת מורומורו 700 מ""ל",קוסמופארם בעמ,IL,תחליב רחצה אפרסק,מיליליטרים,700.00,"100 מ""ל",false,1,10.90,1.56,true,1,
7290108356519,false,קרליין שמפו 10למניעת קשקשים 700מל,"קוסמופארם בע""\מ",IL,שמפו 10 קרליין,מיליליטרים,700.00,"100 מ""ל",false,1,12.90,1.84,true,1,
7290108356526,false,"קרליין - שמפו 10 לשיער יבש 700 מ""ל","קוסמופארם בע""\מ",IL,שמפו 10 קרליין,מיליליטרים,700.00,"100 מ""ל",false,1,12.90,1.84,true,1,
7290108356533,false,קרוליין 10 שמפו לשיער מתולתל 700 מל,"קוסמופארם בע""\מ",IL,שמפו 10 קרליין,מיליליטרים,700.00,"100 מ""ל",false,1,12.90,1.84,true,1,
7290108356557,false,"שמפו 10 לשיער למניעת קשקשים 700 מ""ל קרליין","קוסמופארם בע""\מ",IL,שמפו 10 קרליין,מיליליטרים,700.00,"100 מ""ל",false,1,12.90,1.84,true,1,
7290108356564,false,"קרליין - מרכך 10 לשיער רגיל 700 מ""ל","קוסמופארם בע""\מn\",IL,מרכך 10 קרליין,מיליליטרים,700.00,"100 מ""ל",false,1,12.90,1.84,true,1,
7290108356571,false,"קרליין - מרכך 10 לשיער יבש 700 מ""ל","קוסמופארם בע""\מ",IL,מרכך 10 קרליין,מיליליטרים,700.00,"100 מ""ל",false,1,12.90,1.84,true,1,
7290108356854,false,מגבוני בייבי כיף בניוח עדין מארז חמישייה,"טרופיקל דגיל בע""\מ",IL,מגבוני בייבי כיף,יחידה,1.00,יחידה,false,1,22.90,22.90,true,1,
7290108356861,false,מגבוני בייבי כיף ללא בישום מארז חמישייה,"טרופיקל דגיל בע""\מ",IL,מגבוני בייבי כיף,יחידה,1.00,יחידה,false,1,22.90,22.90,true,1,
7290108357004,false,כיף שמפו ורד ושמן קוקוי לרכות וברק,טרופיקל דגיל תעשיות,IL,שמפו כיף,מיליליטרים,700.00,"100 מ""ל",false,1,11.90,1.70,true,1,
7290108357011,false,כיף קונדישינר לשיער שמן קוקוי 700 מל,טרופיקל דגיל תעשיות,IL,מרכך שיער כיף,מיליליטרים,700.00,"100 מ""ל",false,1,11.90,1.70,true,1,
7290108357028,false,"תחליב רחצה כיף ורד ושמן קוקוי 700 מ""ל",קוסמופארם בעמ,IL,כיף תחליב רחצה,מיליליטרים,700.00,"100 מ""ל",false,1,10.90,1.56,true,1,
7290108357073,false,"קרליין - נושם ביו דאודורנט ספריי 150 מ""ל Blossoms Citrus לאישה",קוסטר אירוסול,IL,דאו.ספריי ביו,מיליליטרים,150.00,"100 מ""ל",false,1,14.90,9.93,true,1,
7290108357097,false,"קרליין - נושם ביו דאודורנט ספריי 150 מ""ל Velvet Rose לאישה",קוסטר אירוסול,IL,דאו.ספריי ביו,מיליליטרים,150.00,"100 מ""ל",false,1,14.90,9.93,true,1,
7290108357189,false,"מבשם ומרכך למייבש הכביסה מקסימה פלורל 750 מ""ל סנו","סנו מפעלי ברונוס בע""\מ",IL,מקסימה למייבש,מיליליטרים,750.00,"100 מ""ל",false,1,16.90,2.25,true,1,
7290108357202,false,סנוקליר לניקוי בניחוח בלו בלוסום 1 ליטר,"סנו מפעלי ברונוס בע""\מ",IL,סנו קליר,ליטרים,1.00,ליטר,false,1,9.90,9.90,true,1,
7290108357226,false,"אוקסיגן POWER אבקה לכביסה לבנה והסרת כתמים 1.4 ק""ג סנו",החברה הדרומית,IL,אוקסיג'ן פאואר,קילוגרמים,1.40,"ק""ג",false,1,26.90,19.21,true,1,
7290108357240,false,סנו אוקסיג'ן אבקה לכביסה להסרת כתמים קשים,החברה הדרומית,IL,אוקסיג'ן פאואר,קילוגרמים,1.40,"ק""ג",false,1,26.90,19.21,true,1,
7290108357271,false,סנובון ג'ל לניקוי אסלות עם חמצן פעיל לניקוי עוצמתי,סנו מפעלי ברונוס בעמ,IL,סנובון עם חמצן,מיליליטרים,750.00,"100 מ""ל",false,1,7.90,1.05,true,1,
7290108357288,false,אקונומיקה ז'אוול בניחוח פריחה לבנה 4 ל' סנו,סנו ז'אוול Javel,IL,אקונומיקה ג'אוול,ליטרים,4.00,ליטר,false,1,15.90,3.98,true,1,
7290108357400,false,"תחליב רחצה קרמה לבנדר ואקליפטוס 700 מ""ל",קוסמופארם בעמ,IL,תחליב רחצה קרמה,מיליליטרים,700.00,"100 מ""ל",false,1,16.90,2.41,true,1,
7290108357417,false,"קרמה - קרם גוף קרמה ורד ווניל 500 מ""ל",טרופיקל דגיל תעשיות,IL,קרם גוף ורד ווני,מיליליטרים,500.00,"100 מ""ל",false,1,22.90,4.58,true,1,
7290108357448,false,"קרמה - קרם גוף קרמה לבנדר ואקליפטוס 500 מ""ל",קוסמופארם בע'\'\מ,IL,קרם גוף לבנדר,מיליליטרים,500.00,"100 מ""ל",false,1,22.90,4.58,true,1,
7290108357578,false,קרם יד.וניל+פלפל קרמה100,"קוסמופארם בע""\מ.",IL,קרם ידיים קרמה,מיליליטרים,100.00,"100 מ""ל",false,1,8.90,8.90,true,1,
7290108357660,false,סנובון Bubbles שלישיית כדוריות ג'ל אסלה ניחוח לבנדר,סנו סנובון,CZ,סבון אסלה לבנדר,קילוגרמים,1.20,"ק""ג",false,1,15.90,13.25,true,1,
7290108357707,false,"כיף שמפו לשיער רגיל- תפוח זרעי צ'יה 700 מ""ל",גוד פוד פרודקטס S.p,IL,כיף שמפו,מיליליטרים,700.00,"100 מ""ל",false,1,11.90,1.70,true,1,
7290108357714,false,"כיף שמפו לשיער יבש -רימונים ושמן ארגן 700 מ""ל",גוד פוד פרודקטס S.p,IL,כיף שמפו,מיליליטרים,700.00,"100 מ""ל",false,1,11.90,1.70,true,1,
7290108357745,false,שמפו ומרכך 2 ב-1 תאנה ומנטה לכל סוגי השיער,גוד פוד פרודקטס S.p,IL,כיף 2in1 שמפו,מיליליטרים,700.00,"100 מ""ל",false,1,11.90,1.70,true,1,
7290108357769,false,"מרכך לשיער רגיל תפוח וזרעי צ'יה 700 מ""ל כיף",גוד פוד פרודקטס S.p,IL,כיף מרכך שיער,מיליליטרים,700.00,"100 מ""ל",false,1,11.90,1.70,true,1,
7290108357776,false,"כיף מרכך לשיער יבש -רימונים ושמן ארגן 700 מ""ל",גוד פוד פרודקטס S.p,IL,כיף מרכך שיער,מיליליטרים,700.00,"100 מ""ל",false,1,11.90,1.70,true,1,
7290108357837,false,כיף אל סבון 1 ליטר ג'נסינג שקית מילוי + פקק,"קוסמופארם בע""\מ",IL,כיף שקית מילוי,ליטרים,1.00,ליטר,false,1,9.90,9.90,true,1,
7290108357844,false,שקית מילוי אל סבון בניחוח גינסנג 1 ל' כיף,"קוסמופארם בע""\מ",IL,כיף שקית מילוי,ליטרים,1.00,ליטר,false,1,9.90,9.90,true,1,
7290108357851,false,"כיף - ג'ל רחצה אליקסיר אוילס מועשר בשמן קוקוס 700 מ""ל","קוסמופארם בע""\מ",IL,כיף ג'ל רחצה,מיליליטרים,700.00,"100 מ""ל",false,1,10.90,1.56,true,1,
7290108357868,false,"כיף - ג'ל רחצה אליקסיר אויל מועשר בשמן מקדמיה 700 מ""ל","קוסמופארם בע""\מ",IL,כיף ג'ל רחצה,מיליליטרים,700.00,"100 מ""ל",false,1,10.90,1.56,true,1,
7290108357875,false,"כיף - שמפו לחות מוגברת עם אפרסק וחמאת מורומורו 700 מ""ל",קוסמופארם בעמ,IL,כיף שמפו אפרסק,מיליליטרים,700.00,"100 מ""ל",false,1,11.90,1.70,true,1,
7290108357882,false,"כיף - מרכך לחות מוגברת עם אפרסק וחמאת מורומורו 700 מ""ל",קוסמופארם בעמ,IL,כיף מרכך לשיער,מיליליטרים,700.00,"100 מ""ל",false,1,11.90,1.70,true,1,
7290108358124,false,דפי בישום לחים למייבש הכביסה בניחוח מרכך כביסה 20 יח' מקסימה,טרופיגל דגיל תעשיות קוסמ,IL,דפי בישום למייבש,יחידה,1.00,יחידה,false,1,13.90,13.90,true,1,
7290108359060,false,סנו סושי כריות הפלא רב תכלתיות *4 לשבת,סנו מפעלי ברונו בעמ,IL,כריות ניקוי לשבת,יחידה,1.00,יחידה,false,1,11.90,11.90,true,1,
7290108359824,false,"כיף - בייבי כיף קרם 500 מ""ל",קוסמופארם בעמ,IL,קרם גוף בייבי,מיליליטרים,500.00,"100 מ""ל",false,1,24.90,4.98,true,1,
7290108359855,false,"שמפו אל דמע בייבי כיף+משאבה 750 מ""ל",גוד פוד פרודקטס S.p,IL,שמפו בייבי כיף,מיליליטרים,750.00,"100 מ""ל",false,1,18.90,2.52,true,1,
7290108359961,false,אורביטול משחת שיניים פרוטקט פרש 145 ג' שלישיה,טרופיקל דגיל תעשיות קוסמ,IL,משחת אורביטול3יח,גרמים,435.00,100 גרם,false,1,22.90,5.26,true,1,
7290108359985,false,סנו - ז'אוול מרסס קצף לניקוי וחינו בניחוח פריחה לבנה 1 ליטר,סנו ז'אוול Javel,IL,ג'אוול קצף ניקוי,ליטרים,1.00,ליטר,false,1,15.90,15.90,true,1,
7290108503647,false,"DAAWAT אורז בסמטי מהדרין ויליפוד 1 ק""ג",אל.טי.פודס בעמ,IN,אורז בסמטי,קילוגרמים,1.00,"ק""ג",false,1,15.90,15.90,true,1,
7290108508765,false,קונכיות פתיתים ויליפוד 400גרם,וילי פוד,TR,קונכיות פתיתים,גרמים,400.00,100 גרם,false,1,5.90,1.48,true,1,
7290108509908,false,מנתהשף אטריות להכנה מהירה פיקנטי ויליפוד 85 גרם,וילי פוד - מנת השף,TH,איטריות ט.ירקות,גרמים,85.00,100 גרם,false,1,4.90,5.76,true,1,
7290108509915,false,מנתהשף אטריות להכנה מהירה סיני פיקנטי ויליפוד 85 גרם,וילי פוד - מנת השף,TH,איטריות טעם סיני,גרמים,85.00,100 גרם,false,1,4.90,5.76,true,1,
7290108509922,false,מנתהשף אטריות להכנה מהירה טעם עוף ויליפוד 85 גרם,וילי פוד - מנת השף,TH,איטריות טעם עוף,גרמים,85.00,100 גרם,false,1,4.90,5.76,true,1,
7290108620023,false,יין קפיטל קברנה סובניון יבש אדום 750 מל,יקבי ציון,IL,יין קפיטל קברנה,מיליליטרים,750.00,"100 מ""ל",false,1,54.90,7.32,true,1,
7290108620054,false,יין אסטייט קברנה סובניון יבש אדום 750 מל,יקבי ציון,IL,יין אסטייט קברנה,מיליליטרים,750.00,"100 מ""ל",false,1,36.90,4.92,true,1,
7290108620115,false,יין אימפריאל מרלו אדום יבש 750 מל,יקבי ציון,IL,יין אימפריאל מרל,מיליליטרים,750.00,"100 מ""ל",false,1,26.90,3.59,true,1,
7290108620122,false,יין אימפריאל קברנה מרלו אדום יבש 750 מל,יקבי ציון,IL,יין אימפריאל קבר,מיליליטרים,750.00,"100 מ""ל",false,1,26.90,3.59,true,1,
7290108620153,false,יין אסטייט קברנה סמי חצי מתוק אדום 750 מל,יקבי ציון,IL,יין אסטייט קברנה,מיליליטרים,750.00,"100 מ""ל",false,1,36.90,4.92,true,1,
7290108620177,false,"יין פאלאס בלנד אדום 750 מ""ל",יקבי ציון,IL,יין פאלאס בלנד א,מיליליטרים,750.00,"100 מ""ל",false,1,22.90,3.05,true,1,
7290108620214,false,"יין פאלאס בלנד לבן 750 מ""ל",יקבי ציון,IL,יין פאלאס בלנד ל,מיליליטרים,750.00,"100 מ""ל",false,1,22.90,3.05,true,1,
7290108620245,false,מיץ ענבים מובחר לבן 100% טבעי 1 ליטר,יקבי ציון,IL,תירוש לבן מובחר,ליטרים,1.00,ליטר,false,1,16.90,16.90,true,1,
7290108620351,false,"יין גן עדן מוסקט המבורג יקבי ציון 750 מ""ל",יקבי ציון,IL,יין גן עדן מוסקט,מיליליטרים,750.00,"100 מ""ל",false,1,21.90,2.92,true,1,
7290108620368,false,"יין גן עדן מוסקט אלכסנדרוני יקבי ציון 750 מ""ל",יקבי ציון,IL,יין גן עדן מוסקט,מיליליטרים,750.00,"100 מ""ל",false,1,21.90,2.92,true,1,
7290109354057,false,קרחוני לה פרוטה La Frutta בטעמי אננס תפוז- 5 יח',תות תעשיות מזון (201,IL,מאגדת לה פרוטה,גרמים,350.00,100 גרם,false,1,22.90,6.54,true,1,
7290109354101,false,"לחמית ללא גלוטן 200 גר' ""אסם""","אסם תעשיות בע""מ",IL,לחמית ללא גלוטן,גרמים,200.00,100 גרם,false,1,9.90,4.95,true,1,
7290109354996,false,פתי בר ללא גלוטן שוקו 200 גרם אסם,מיוצר עי קונדיטוריית,IL,פתי בר ללא גלוטן,גרמים,200.00,100 גרם,false,1,6.90,3.45,true,1,
7290109580043,false,"שניצל תירס קלאסי זוגלובק 1.75 ק""ג",זוגלובק,IL,שניצל תירס 1.75ק,קילוגרמים,1.75,"ק""ג",false,1,49.90,28.51,true,1,
7290109580142,false,"נקניקיות מן הצומח זוגלובק 1.75 ק""ג בד""ץ",קריות זול,IL,נקניקיות מן הצומ,קילוגרמים,1.75,"ק""ג",false,1,49.90,28.51,true,1,
7290109580241,false,נאגטס מן הצומח זוגלובק 500 גרם,זוגלובק טבע,IL,נאגטס מן הצומח,קילוגרמים,0.50,"ק""ג",false,1,24.90,49.80,true,1,
7290109580258,false,מארז ח.עוף והודו+סלמי תה 600 גרם קהילות,זוגלובק,IL,נקניק תה+חזהעוף,קילוגרמים,0.60,"ק""ג",false,1,29.90,49.83,true,1,
7290109580302,false,מארז זוג תה מעושן 350+חזה עוף 350 זוגלובק,זוגלובק,IL,זוג תה מעושן+חזה,גרמים,700.00,100 גרם,false,1,28.90,4.13,true,1,
7290109580326,false,נקניקיות עוף זוגלובק 800 גרם בית יוסף,זוגלובק,IL,נקניקיות עוף,גרמים,800.00,100 גרם,false,1,21.90,2.74,true,1,
7290109580357,false,מארז זוג חרמון 300 +חרמון ברביקיו 300 גרם זוגלובק,זוגלובק,IL,זוג חרמון,גרמים,600.00,100 גרם,false,1,31.90,5.32,true,1,
7290109640020,false,גוש טבעוני בטעם מוצרלה 18% שומן 300 גרם - משומשו,וי גרדן,IL,גוש טבעוני,גרמים,300.00,100 גרם,false,1,19.90,6.63,true,1,
7290109640198,false,מגורדת לפיצה ולאפיה 20% שומן 200 גרם - משומשו,וי גרדן,IL,מגורדת לפיצה,גרמים,200.00,100 גרם,false,1,19.90,9.95,true,1,
7290109640372,false,ממרח זיתים על בסיס קוקוס 9% שומן 200 גרם - משומשו,גן שמואל-תעשיות בריאות,IL,"ממרח ע""ב קוקוס",גרמים,200.00,100 גרם,false,1,15.90,7.95,true,1,
7290109640396,false,"משומשו - ממרח עם שום שמיר 9% שומן 200 ג""ר",גן שמואל-תעשיות בריאות,IL,"ממרח ע""ב קוקוס",גרמים,200.00,100 גרם,false,1,15.90,7.95,true,1,
7290109640402,false,ממרח על בסיס קוקוס 9% שומן 200 גרם - משומשו,גן שמואל-תעשיות בריאות,IL,"ממרח ע""ב קוקוס",גרמים,200.00,100 גרם,false,1,15.90,7.95,true,1,
7290109920313,false,"אסטוניש מרסס לניקוי חלונות 750 מ""ל",יעקבי- אסטוניש Astonish,GB,מרסס חלונות,מיליליטרים,750.00,"100 מ""ל",false,1,11.90,1.59,true,1,
7290109920597,false,"אסטוניש - מרסס לניקוי המקלחון 750 מ""ל",יעקבי- אסטוניש Astonish,GB,מרסס למקלחון,מיליליטרים,750.00,"100 מ""ל",false,1,11.90,1.59,true,1,
7290109921853,false,אסטוניש המשחה המקורית לניקוי עם עוצמה,יעקבי- אסטוניש Astonish,GB,אסטוניש משחה,גרמים,150.00,100 גרם,false,1,15.90,10.60,true,1,
7290110000288,false,"מיצוי מימי של שזיפים מיובשים 946 מ""ל",היל ויו פאקינג קומפני,XX,"מיץ שזיפים946מ""ל",מיליליטרים,946.00,"100 מ""ל",false,1,22.70,2.40,true,1,
7290110001841,false,חמאת בוטנים טבעית 760 גר,בטר אנד דיפרנט,IL,תמאת בוטנים טבעי,גרמים,760.00,100 גרם,false,1,19.90,2.62,true,1,
7290110001902,false,חמאת בוטנים מתוקה 760 גר,בטר אנד דיפרנט,IL,חמאת בוטנים,גרמים,760.00,100 גרם,false,1,19.90,2.62,true,1,
7290110002206,false,שמן קוקוס מזוכך בטר אנד דיפרנט 500 מ''ל,"בטר אנד דיפרנט בע""מ",IL,שמן קוקוס 500 מ',מיליליטרים,500.00,"100 מ""ל",false,1,22.90,4.58,true,1,
7290110110369,false,"שישייה בירה קרלסברג LUMA בקבוק 330 מ""ל",מבשלות בירה בינלאומיות ב,IL,קרלסברג לומה 6יח,ליטרים,1.98,ליטר,false,1,32.90,16.62,true,1,
7290110114787,false,נביעות+ מים מינרליים בטעם תפוח 1.5 ליטר,נביעות טבע הגליל בעמ,IL,נביעות+תפוח,ליטרים,1.50,ליטר,false,0,8.50,5.67,true,1,
7290110114794,false,נביעות+ מים מינרליים בטעם אפרסק 1.5 ליטר,"נביעות טבע הגליל בע""\מ ,",IL,נביעות+אפרסק,ליטרים,1.50,ליטר,false,0,8.50,5.67,true,1,
7290110114800,false,נביעות+ מים מינרליים בטעם ענבים 1.5 ליטר,"נביעות טבע הגליל בע""\מ",IL,נביעות+ענבים,ליטרים,1.50,ליטר,false,0,8.50,5.67,true,1,
7290110114824,false,נביעות+רכיבי פרי אבטיח 1.5 ליטר פיקדון,"נביעות טבע הגליל בע""\מ",IL,נביעות+טעם אב,ליטרים,1.50,ליטר,false,0,9.90,6.60,true,1,
7290110114855,false,"נביעות מים מינרליים, שישיה 6 * 1.5 ליטר פקדון",נביעות טבע הגליל בעמ,IL,מים נביעות1.5*6ל,ליטרים,9.00,ליטר,false,0,11.90,1.32,true,1,
7290110114893,false,פריגת סחוט טרי תפוז 2 ליטר,פריגת מצוננים,IL,מיץ תפוזים,ליטרים,2.00,ליטר,false,0,26.90,13.45,true,1,
7290110114909,false,100% מיץ תפוחים צלול עשוי מרכז,היינץ צפון אמריקה מק,IL,מיץ תפוחים,ליטרים,2.00,ליטר,false,0,26.90,13.45,true,1,
7290110114916,false,מיץ סחוט לימונענע פריגת 2 ליטר,פריגת מצוננים,IL,סחוט לימון נע,ליטרים,2.00,ליטר,false,0,23.90,11.95,true,1,
7290110114961,false,משקה קל תפוזים פריגת 1.5 ליטר,מבשלות בירה בינלאומיות ב,IL,פריגת תפוזים,ליטרים,1.50,ליטר,false,0,8.60,5.73,true,1,
7290110114985,false,משקה קל אשכוליות פריגת 1.5 ליטר,מבשלות בירה בינלאומיות ב,IL,פריגת אשכוליו,ליטרים,1.50,ליטר,false,0,8.60,5.73,true,1,
7290110114992,false,משקה קל לייט אשכוליות פריגת 1.5 ליטר,מבשלות בירה בינלאומיות ב,IL,פריגת אשכולי,ליטרים,1.50,ליטר,false,0,8.10,5.40,true,1,
7290110115005,false,משקה קל ענבים פריגת 1.5 ליטר,מבשלות בירה בינלאומיות ב,IL,פריגת ענבים,ליטרים,1.50,ליטר,false,0,8.60,5.73,true,1,
7290110115012,false,מיץ ענבים בניחוח מרלו 1.5 ל' פריגת,פריגת,IL,פריגת ענבים,ליטרים,1.50,ליטר,false,0,8.60,5.73,true,1,
7290110115029,false,"פריגת משק""ל תפוח 1.5 ליטר פיקדון",מבשלות בירה בינלאומיות ב,IL,פריגת תפוחים,ליטרים,1.50,ליטר,false,0,8.60,5.73,true,1,
7290110115036,false,משקה קל מנגו פריגת 1.5 ליטר,מבשלות בירה בינלאומיות ב,IL,פריגת מנגו,ליטרים,1.50,ליטר,false,0,8.60,5.73,true,1,
7290110115043,false,משקה קל לימונענע פריגת 1.5 ליטר,מבשלות בירה בינלאומיות ב,IL,"משק""ל פריגת",ליטרים,1.50,ליטר,false,0,8.60,5.73,true,1,
7290110115050,false,פריגת מיקס תות בננה 1.5 ליטר פיקדון,מבשלות בירה בינלאומיות ב,IL,פריגת תות בננ,ליטרים,1.50,ליטר,false,0,8.60,5.73,true,1,
7290110115067,false,פריגת אפרסק 1.5 ליטר פיקדון,מבשלות בירה בינלאומיות ב,IL,פריגת אפרסק,ליטרים,1.50,ליטר,false,0,8.60,5.73,true,1,
7290110115074,false,פריגת תפוח דובדבן 1.5 ליטר פיקדון,מבשלות בירה בינלאומיות ב,IL,פריגת דובדבן,ליטרים,1.50,ליטר,false,0,8.60,5.73,true,1,
7290110115081,false,פריגת צלול ענבים 1.5 ליטר פיקדון,"מבשלות בירה לישראל בע""\מ",IL,פריגת צלול ענ,ליטרים,1.50,ליטר,false,0,8.10,5.40,true,1,
7290110115098,false,פריגת צלול תפוחים 1.5 ליטר פיקדון,"מבשלות בירה לישראל בע""\מ",IL,פריגת צלול תפ,ליטרים,1.50,ליטר,false,0,8.10,5.40,true,1,
7290110115104,false,פריגת צלול אפרסק 1.5 ליטר פיקדון,מבשלות בירה בינלאומיות ב,IL,פריגת צלול אפ,ליטרים,1.50,ליטר,false,0,8.10,5.40,true,1,
7290110115111,false,פריגת צלול אננס 1.5 ליטר פיקדון,"מבשלות בירה לישראל בע""\מ",IL,פריגת צלול אנ,ליטרים,1.50,ליטר,false,0,8.10,5.40,true,1,
7290110115128,false,פריגת צלול בטעם לימונענע 1.5 ליטר פיקדון,"מבשלות בירה לישראל בע""\מ",IL,פריגת צלול,ליטרים,1.50,ליטר,false,0,8.10,5.40,true,1,
7290110115203,false,קוקה קולה 1.5 ליטר פיקדון,החברה המרכזית לייצור משק,IL,קוקה קולה,ליטרים,1.50,ליטר,false,0,8.40,5.60,true,1,
7290110115227,false,קוקה-קולה זירו בקבוק 1.5 ליטר,החברה המרכזית לייצור משק,IL,קוקה קולה זיר,ליטרים,1.50,ליטר,false,0,8.00,5.33,true,1,
7290110115234,false,קוקה-קולה זירו נטול בקבוק 1.5 ליטר,החברה המרכזית לייצור משק,IL,קולה זירו נטו,ליטרים,1.50,ליטר,false,0,8.10,5.40,true,1,
7290110115241,false,קוקה-קולה זירו לימון בקבוק 1.5 ליטר,החברה המרכזית לייצור משק,IL,קולה זירו לימ,ליטרים,1.50,ליטר,false,0,8.10,5.40,true,1,
7290110115265,false,ספרייט לימון ליים 1.5 ליטר-,החברה המרכזית לייצור משק,IL,ספרייט ליים,ליטרים,1.50,ליטר,false,0,8.60,5.73,true,1,
7290110115272,false,ZERO ספרייט 1.5 ליטר פיקדון,החברה המרכזית לייצור משק,IL,ספרייט זירו,ליטרים,1.50,ליטר,false,0,8.10,5.40,true,1,
7290110115289,false,ספרייט 19 קל' לימון-נענע 1.5 ליטר פיקדון,החברה המרכזית לייצור משק,IL,ספרייט נענע,ליטרים,1.50,ליטר,false,0,8.10,5.40,true,1,
7290110115296,false,משקה מוגז אורנג' פאנטה 1.5 ליטר,החברה המרכזית לייצור משק,IL,פאנטה אורנג',ליטרים,1.50,ליטר,false,0,9.00,6.00,true,1,
7290110115302,false,משקה מוגז אורנג' זירו פאנטה 1.5 ליטר,החברה המרכזית לייצור משק,IL,פאנטה זירו או,ליטרים,1.50,ליטר,false,0,8.50,5.67,true,1,
7290110115319,false,פאנטה אקזוטיק 1.5 ליטר פיקדון,החברה המרכזית לייצור משק,IL,פאנטה אקזוטי,ליטרים,1.50,ליטר,false,0,9.00,6.00,true,1,
7290110115333,false,פאנטה תות 1.5 ליטר פיקדון,החברה המרכזית לייצור משק,IL,פאנטה תות,ליטרים,1.50,ליטר,false,0,9.00,6.00,true,1,
7290110115340,false,פאנטה ענבים 1.5 ליטר פיקדון,החברה המרכזית לייצור משק,IL,פאנטה ענבים,ליטרים,1.50,ליטר,false,0,9.00,6.00,true,1,
7290110115357,false,קינלי סודה 1.5 ליטר פיקדון,החברה המרכזית לייצור משק,IL,קינלי סודה,ליטרים,1.50,ליטר,false,0,3.90,2.60,true,1,
7290110115364,false,שישייה קוקה קולה 1.5 ליטר פיקדון,החברה המרכזית לייצור משק,IL,קוקה קולה1.5*6ל,ליטרים,9.00,ליטר,false,0,48.20,5.36,true,1,
7290110115388,false,ספרייט ליים שישיות 1.5 ליטר פיקדון,החברה המרכזית לייצור משק,IL,ספרייט ליים1.5*6,ליטרים,9.00,ליטר,false,0,49.20,5.47,true,1,
7290110115395,false,ZERO ספרייט שישיות 1.5 ליטר פיקדון,החברה המרכזית לייצור משק,IL,ספרייט זירו1.5*6,ליטרים,9.00,ליטר,false,0,45.90,5.10,true,1,
7290110115401,false,קינלי סודה שישיה 1.5 ליטר פיקדון,החברה המרכזית לייצור משק,IL,קינלי סודה1.5*6ל,ליטרים,9.00,ליטר,false,0,15.90,1.77,true,1,
7290110115418,false,מארז שישייה קוקה קולה זירו 1.5 ל',החברה המרכזית לייצור משק,IL,קולה זירו1.5*6ל,ליטרים,9.00,ליטר,false,0,45.90,5.10,true,1,
7290110115449,false,אייס תה בטעם מנגו אננס 1.5ל' FUZE TEA,מבשלות בירה בינלאומיות ב,IL,תה טי מנגו אננס,ליטרים,1.50,ליטר,false,0,9.60,6.40,true,1,
7290110115456,false,"תה קר בטעם אפרסק 19 קלוריות ב- 100 מ""ל",מבשלות בירה בינלאומיות ב,IL,פיוז טי תה אפרסק,ליטרים,1.50,ליטר,false,0,9.10,6.07,true,1,
7290110115463,false,פיוז טי אפרסק 1.5 ליטר פיקדון,מבשלות בירה בינלאומיות ב,IL,פיוז טי תה אפרסק,ליטרים,1.50,ליטר,false,0,9.60,6.40,true,1,
7290110115494,false,תה קר בטעם ענבים פיוז טי 1.5 ליטר,מבשלות בירה בינלאומית בע,IL,פיוז טי תה ענבים,ליטרים,1.50,ליטר,false,0,9.60,6.40,true,1,
7290110115609,false,פריגת ענבים 40% פחות סוכר 1.5 ליטר פיקדון,מבשלות בירה בינלאומיות ב,IL,פריגת ענבים,ליטרים,1.50,ליטר,false,0,8.10,5.40,true,1,
7290110115616,false,אייס תה בטעם גרין אננס 1.5ל' FUZE TEA,מבשלות בירה בינלאומיות ב,IL,פיוז טי תה אננס,ליטרים,1.50,ליטר,false,1,9.10,6.07,true,1,
7290110115623,false,משקה פיוז טי זירו ZERO בטעם אפרסק,מבשלות בירה בינלאומיות ב,IL,פיוז טי תה אפרסק,ליטרים,1.50,ליטר,false,1,9.10,6.07,true,1,
7290110116132,false,"סירופ בטעם לימון פריגת 750 מ""ל",סירופ - גבעת חיים,IL,סירופ בטעם לימון,מיליליטרים,750.00,"100 מ""ל",false,1,24.90,3.32,true,1,
7290110116149,false,"סירופ בטעם ענבים פריגת 750 מ""ל",סירופ - גבעת חיים,IL,סירופ בטעם ענבים,מיליליטרים,750.00,"100 מ""ל",false,1,24.90,3.32,true,1,
7290110116156,false,נביעות+רכיבי פרי מנגו-פסיפלורה 1.5 ליטר-,"נביעות טבע הגליל בע""\מ",IL,נביעות+פרי מנגו,ליטרים,1.50,ליטר,false,1,9.90,6.60,true,1,
7290110116194,false,נביעות+ סדרת 0 קלוריות לימון-ליים 1.5 ליטר,"נביעות טבע הגליל בע""\מ",IL,נביעות+למון ליים,ליטרים,1.50,ליטר,false,1,9.90,6.60,true,1,
7290110116217,false,נביעות+ סדרת 0 קלוריות אשכוליות 1.5 ליטר,"נביעות טבע הגליל בע""\מ",IL,נביעות+אשכולית,ליטרים,1.50,ליטר,false,1,9.90,6.60,true,1,
7290110116392,false,"סירופ בטעם תפוזים פריגת 750 מ""ל",סירופ - גבעת חיים,IL,סירופ תפוזים,מיליליטרים,750.00,"100 מ""ל",false,1,24.90,3.32,true,1,
7290110116569,false,"ספרייט זירו ZERO בק LEMON HIT, 1.5 ליטר",החברה המרכזית לייצור משק,IL,ספרייט זירו למון,ליטרים,1.50,ליטר,false,1,8.10,5.40,true,1,
7290110320867,false,פתיתים גבינה חצי קשה מגורדת 28% שומן,תנובה מרכז שיתופי לש,IL,פתיתי עמק,גרמים,500.00,100 גרם,false,1,34.90,6.98,true,1,
7290110321277,false,קוטג' בקטנה 5% תנובה 100 גרם מהדרין,פארייפאבה אגרואינדוס,IL,קוטג' בקטנה 5%,גרמים,100.00,100 גרם,false,1,2.90,2.90,true,1,
7290110321284,false,קוטג' בקטנה 9% תנובה 100 גרם מהדרין,פארייפאבה אגרואינדוס,IL,קוטג' בקטנה 9%,גרמים,100.00,100 גרם,false,1,2.90,2.90,true,1,
7290110321468,false,"מאגדת 12 יח' יופלה תות בד""צ 3% שומן בד""צ עד""ח",תנובה מרכז שיתופי לש,IL,מארז יופלה,קילוגרמים,1.20,"ק""ג",false,1,24.90,20.75,true,1,
7290110322014,false,"תנובה טופו טבעי 300 גר' בד""צ",שוורצקוף& הנקל דיסלד,IL,טופו טבעי300 גרם,גרמים,300.00,100 גרם,false,1,11.90,3.97,true,1,
7290110322038,false,"תנובה טופו פיקנטי 300 גר' בד""צ",שוורצקוף& הנקל דיסלד,IL,טופו פיקנטי,גרמים,300.00,100 גרם,false,1,11.90,3.97,true,1,
7290110322946,false,יופלה טיוב יוגורט במרקם חלק בטעם תות בננה כשרות רבנות 348 ג',תנובה חלב,IL,יופלה טיוב 6 יח,גרמים,348.00,100 גרם,false,1,13.90,3.99,true,1,
7290110323097,false,מעדן גבינה עם תות 5% שומן 80 ג' תנובה,תנובה בעמ,IL,תאומים גביע 80גר,גרמים,80.00,100 גרם,false,1,1.90,2.38,true,1,
7290110323714,false,משקה קוקוס שקדים תנובה 1 ליטר,מיוצר עי קונדיטוריית,IL,משקה קוקוס שקדים,ליטרים,1.00,ליטר,false,1,12.90,12.90,true,1,
7290110323998,false,מאגדת שמינייה מיני קרלו קצפת 8*77 ג',תנובה מרכז שיתופי לש,IL,מאגדת מיני קרלו,גרמים,616.00,100 גרם,false,1,12.90,2.09,true,1,
7290110324070,false,גבינת חלומי מחלב בקר תנובה 200 גרם,"תנובה בע""\מ",IL,גבינת חלומי,גרמים,200.00,100 גרם,false,1,19.90,9.95,true,1,
7290110324711,false,ממרח סויה 9% שומן בטעם טבעי תנובה 250 גרם,מיוצר עי קונדיטוריית,IL,ממרח סויה 9%,גרמים,250.00,100 גרם,false,1,8.90,3.56,true,1,
7290110324728,false,ממרח סויה 9% שומן עם שום שמיר תנובה 250 גרם,מיוצר עי קונדיטוריית,IL,ממרח סויה 9%,גרמים,250.00,100 גרם,false,1,8.90,3.56,true,1,
7290110324858,false,מעדן שקדים בטעם אגוזי לוז תנובה 125 גרם,תנובה Alternative,IL,מעדן שקדים,גרמים,125.00,100 גרם,false,1,4.50,3.60,true,1,
7290110324926,false,משקה סויה ללא תוספת סוכר 1 ליטר,תנובה מרכז שיתופי לש,IL,"משקה סויה ללת""ס",ליטרים,1.00,ליטר,false,1,9.90,9.90,true,1,
7290110325084,false,מאגדת שמינייה מיני קרלו שוניל 8*100גרם,"תנובה בע""\מ",IL,מיני קרלו 8 יח,גרמים,800.00,100 גרם,false,1,14.90,1.86,true,1,
7290110325169,false,פרוסות גאודה תנובה 170 גרם,תנובה חלב,IL,פרוסות גאודה,גרמים,170.00,100 גרם,false,1,19.90,11.71,true,1,
7290110325305,false,יופלה GO סויה 20 גרם חלבון במתיקות מעודנת תנובה 200 גרם,מיוצר עי קונדיטוריית,IL,מעדן גו סויה,גרמים,200.00,100 גרם,false,1,6.90,3.45,true,1,
7290110325510,false,יופלה טיוב יוגורט במרקם חלק בטעם וניל-יוניקור,"תנובה בע""\מ",IL,יופלה טיוב וניל,גרמים,348.00,100 גרם,false,1,13.90,3.99,true,1,
7290110325619,false,אלטרנטיב משקה שיבולת שועל 1 ליטר,מיוצר עי קונדיטוריית,IL,משקה שיבולת שועל,ליטרים,1.00,ליטר,false,1,12.90,12.90,true,1,
7290110325701,false,פיראוס צזיקי יווני 9% שומן בשיטת יצור מסורתית על בסיס יוגורט,גוד פוד פרודקטס S.p,IL,צזיקי יווני,גרמים,250.00,100 גרם,false,1,12.90,5.16,true,1,
7290110325893,false,משקה חלב GO מועשר בחלבון בטעם אייס קפה,מיוצר עי קונדיטוריית,IL,אייס קפה GO,מיליליטרים,340.00,"100 מ""ל",false,1,7.90,2.32,true,1,
7290110326180,false,יולו בטעם נוגט בתוס' עוגיות ונטיפים בטעם שוקולד 120גר',תנובה חלב,IL,יולו שוקולד,גרמים,120.00,100 גרם,false,1,5.50,4.58,true,1,
7290110326210,false,יופלה און טופ פצפוצים תנובה 157 גרם,מיוצר עי קונדיטוריית,IL,יופלה און טופ,גרמים,157.00,100 גרם,false,1,4.90,3.12,true,1,
7290110326234,false,יופלה און טופ כוכבים תנובה 157 גרם,מיוצר עי קונדיטוריית,IL,יופלה און טופ,גרמים,157.00,100 גרם,false,1,4.90,3.12,true,1,
7290110326876,false,פיראוס לאבנה עיזים 5% גביע 250 גרם,"תנובה בע""\מ",IL,לאבנה עיזים,גרמים,250.00,100 גרם,false,1,17.90,7.16,true,1,
7290110327033,false,משקה סויה תנובה גו מועשר בחלבון במתיקות מופחתת,מיוצר עי קונדיטוריית,IL,משקה סויה מועשר,ליטרים,1.00,ליטר,false,1,12.90,12.90,true,1,
7290110327279,false,גבינת שמנת בסגנון טוסקנה נפוליאון 24% שומן 225 ג',תנובה מרכז שיתופי לש,IL,נפוליאון טוסקנה,גרמים,225.00,100 גרם,false,1,13.90,6.18,true,1,
7290110327514,false,alternative משקה שיבולת שועל בטעם אגוזי לוז תנובה 1 ליטר,תנובה מרכז שיתופי לש,IL,משקה ש.שועל,ליטרים,1.00,ליטר,false,1,12.90,12.90,true,1,
7290110327637,false,יוגורט דיאט יופלה קיווי 0% שומן 150 ג' יופלה,תנובה מרכז שיתופי לש,IL,יופלה דיאט קיווי,גרמים,150.00,100 גרם,false,1,4.90,3.27,true,1,
7290110328627,false,יוגורט יופלה GO במרקם סמיך בטעם בננה קרמל 0%,מיוצר עי קונדיטוריית,IL,יוגורט גו קרמי,גרמים,200.00,100 גרם,false,1,5.90,2.95,true,1,
7290110328764,false,יוגורט יופלה GO במרקם סמיך עם תות 0%,מיוצר עי קונדיטוריית,IL,יוגורט גו קרמי,גרמים,200.00,100 גרם,false,1,5.90,2.95,true,1,
7290110328771,false,יוגורט יופלה GO במרקם סמיך עם פירות יער 0%,מיוצר עי קונדיטוריית,IL,יוגורט גו קרמי,גרמים,200.00,100 גרם,false,1,5.90,2.95,true,1,
7290110328788,false,יוגורט יופלה GO במרקם סמיך בטעם אפרסק 0%,תנובה מרכז שיתופי לש,IL,יוגורט גו סמיך,גרמים,200.00,100 גרם,false,1,5.90,2.95,true,1,
7290110329136,false,מעדן חלב מעושר בחלבון בטעם שוקולד 120 ג' GO,תנובה מרכז שיתופי לש,IL,מעדן חלב גו,גרמים,120.00,100 גרם,false,1,4.60,3.83,true,1,
7290110329266,false,יוגורט תנובה מחלב עיזים מלא תנובה 140 ג',קריות זול,IL,יוגורט עיזים מלא,גרמים,140.00,100 גרם,false,1,5.90,4.21,true,1,
7290110329303,false,פרוסות בטעם צהובה קלאסית אלטרנטיב 200 גר,תנובה Alternative,IL,פרוסות צהובה,גרמים,200.00,100 גרם,false,1,21.90,10.95,true,1,
7290110329600,false,שלישיית שמנת לבישול 15% השף הלבן,תנובה,IL,שמנת לבישול 3 יח,גרמים,750.00,100 גרם,false,1,21.10,2.81,true,1,
7290110329709,false,יוגורט תנובה טבעי 0% גביע 200 גרם,מיוצר עי קונדיטוריית,IL,יוגורט תנובה0%,גרמים,200.00,100 גרם,false,1,3.00,1.50,true,1,
7290110329730,false,"משקה חלב עם שוקולד וקפה בסגנון לאטה 2.7%  230 מ""ל תנובה",תנובה מרכז שיתופי לש,IL,משקה חלב שוקולד,גרמים,230.00,100 גרם,false,1,7.90,3.43,true,1,
7290110329792,false,יוגורט סויה BIO Alternative אפרסק 150 ג' תנובה,מיוצר עי קונדיטוריית,IL,מעדן סויה ביו,גרמים,150.00,100 גרם,false,1,4.90,3.27,true,1,
7290110329808,false,יוגורט סויה BIO Alternative תות 150 ג' תנובה,מיוצר עי קונדיטוריית,IL,מעדן סויה ביו,גרמים,150.00,100 גרם,false,1,4.90,3.27,true,1,
7290110329815,false,סויה BIO מתיקות מעודנת גביע 150 גרם Alternative,מיוצר עי קונדיטוריית,IL,מעדן סויה ביו,גרמים,150.00,100 גרם,false,1,4.90,3.27,true,1,
7290110329822,false,יוגורט סויה BIO Alternative פירות יער 150 ג' תנובה,מיוצר עי קונדיטוריית,IL,מעדן סויה ביו,גרמים,150.00,100 גרם,false,1,4.90,3.27,true,1,
7290110329839,false,alternative פרוסות בטעם צהובה עם זיתים 200 גרם,מיוצר עי קונדיטוריית,IL,פרוסות צהובה,גרמים,200.00,100 גרם,false,1,21.90,10.95,true,1,
7290110329914,false,"מאגדת משקה Alternative שיבולת שועל ושקדים 6*100 מ""ל תנובה",תנובה מרכז שיתופי לש,IL,משקה שיבולת שועל,גרמים,600.00,100 גרם,false,1,20.90,3.48,true,1,
7290110552121,false,יוגורט בתוספת סידן וויטמין ד 100 ג' דנונה,תנובה מרכז שיתופי לש,IL,היוגורט הראשון,גרמים,100.00,100 גרם,false,1,2.50,2.50,true,1,
7290110552220,false,יוגורט PRO בטעם תות 0% סוכר לבן 20 גרם חלבון בגביע,"שטראוס בריאות בע""\מ",IL,דנונה פרו חלבון,גרמים,200.00,100 גרם,false,1,5.90,2.95,true,1,
7290110552237,false,יוגורט פרו בטעם אפרסק מנגו ללא סוכר 200 ג' דנונה,"שטראוס בריאות בע""\מ",IL,דנונה פרו חלבון,גרמים,200.00,100 גרם,false,1,5.90,2.95,true,1,
7290110554095,false,דבש לחיץ 440 גרם,מכוורת יד מרדכי שטראוס ב,IL,דבש לחיץ,גרמים,440.00,100 גרם,false,1,24.90,5.66,true,1,
7290110554422,false,פומודורו רוטב עגבניות ופלפלים לשקשוקה לפסטה יד מרדכי 350 גרם,אמיליאנה קונסרב סוסייטה,IT,רוטב לשקשוקה,גרמים,350.00,100 גרם,false,1,11.90,3.40,true,1,
7290110554583,false,מארז חטיפי צ'יטוס פאפס בטעם גבינה - 10 יחידות,"שטראוס פריטו ליי בע""\מ )",IL,צ'יטוס פאפס 10יח,גרמים,200.00,100 גרם,false,1,12.90,6.45,true,1,
7290110555078,false,לאבנה עם שמן זית ועשבי תיבול שטראוס 250 גרם,"מחלבות בר בכפר בע""\מ",IL,לאבנה,גרמים,250.00,100 גרם,false,1,11.90,4.76,true,1,
7290110555092,false,לאבנה עם שמן זית וצ'ילי שטראוס 250 גרם,"מחלבות בר בכפר בע""\מ",IL,לאבנה,גרמים,250.00,100 גרם,false,1,11.90,4.76,true,1,
7290110555306,false,רבע לשבע טבעוני סינמון באן עלית 125 גרם,"הגביע מוצרי וופלים בע""\מ",IL,רב לשבע טבעוני,גרמים,125.00,100 גרם,false,1,11.90,9.52,true,1,
7290110556242,false,עלית - שוקולד מריר פרווה בדץ 100 גרם,"שטראוס גרופ בע""מ.",FR,שוקולד פרה מריר,גרמים,100.00,100 גרם,false,1,5.50,5.50,true,1,
7290110557027,false,חומוס עשיר 50% טחינה גולמית 400 ג' אחלה,מיוצר עי קונדיטוריית,IL,חומוס עשיר 50% ט,גרמים,400.00,100 גרם,false,1,13.90,3.48,true,1,
7290110557102,false,מעדן חלב עם שוקולד מועשר בחלבון 150 ג' שטראוס,מיוצר עי קונדיטוריית,IL,מעדן שוקולד פרו,גרמים,150.00,100 גרם,false,1,5.50,3.67,true,1,
7290110557133,false,מעדן הגולן וניל 125 ג' שטראוס,מיוצר עי קונדיטוריית,IL,מעדן הגולן וניל,גרמים,125.00,100 גרם,false,1,3.30,2.64,true,1,
7290110557317,false,יוגורט בתוספת סידן וויטמין ד עם שיבולת שועל 100 ג' דנונה,תנובה מרכז שיתופי לש,IL,היוגורט הראשון,גרמים,100.00,100 גרם,false,1,2.50,2.50,true,1,
7290110557478,false,סלט חומוס גלילי אחלה 600 גרם,"שטראוס גרופ בע""\מ",IL,חומוס גלילי,גרמים,600.00,100 גרם,false,1,12.90,2.15,true,1,
7290110558154,false,דנונה לייט אנד פרי עוגת תפוחים 150ג דנונה,"שטראוס בריאות בע""\מ",IL,דנונה לייט,גרמים,150.00,100 גרם,false,1,4.70,3.13,true,1,
7290110558253,false,דנונה שייק נונה ריפרש בננה אננס וצ'יה,"שטראוס בריאות בע""\מ",IL,יוגורט ריפרש,גרמים,250.00,100 גרם,false,1,5.50,2.20,true,1,
7290110558284,false,דנונה ביו מולטי שטראוס 200 גרם,"שטראוס בריאות בע""\מ",IL,דנונה ביו מולטי,גרמים,200.00,100 גרם,false,1,4.50,2.25,true,1,
7290110558314,false,דנונה פרו 20 גרם חלבון ללא סוכר פיסטוק 200 גרם,"שטראוס בריאות בע""\מ",IL,דנונה פרו,גרמים,200.00,100 גרם,false,1,5.90,2.95,true,1,
7290110559007,false,"שועועית חומה טעם הטבע קופסה, 380 גרם",קונסרב איטליה,IT,שעועית חומה,גרמים,380.00,100 גרם,false,1,6.90,1.82,true,1,
7290110559014,false,שעועית שחורה מבושלת טעם הטבע 380 גרם,קונסרב איטליה,IT,שעועית שחורה,גרמים,380.00,100 גרם,false,1,6.90,1.82,true,1,
7290110560317,false,"הפריכיות הטעימות חומוס, עדשים שחורות, קינואה ומלח ים","פרח תעשיו מזון בע""מ",IL,פריכיות אנרג'י,גרמים,30.00,100 גרם,false,1,5.90,19.67,true,1,
7290110560324,false,"הפריכיות הטעימות תפו""א, אורז, אפונה ומלח ים","פרח תעשיו מזון בע""מ",IL,פריכיות אנרג'י,גרמים,30.00,100 גרם,false,1,5.90,19.67,true,1,
7290110561352,false,דנונה יוגורט ביו פרוביוטי 3% דל לקטוז 150ג',"שטראוס בריאות בע""\מ",IL,דנונה דל לקטוז,גרמים,200.00,100 גרם,false,1,3.50,1.75,true,1,
7290110563462,false,חלב 2% דל לקטוז בבקבוק יטבתה 1 ליטר.,מחלבת יטבתה,IL,חלב נטול לקטוז,ליטרים,1.00,ליטר,false,1,7.90,7.90,true,1,
7290110564339,false,חומוס אחלה הסידרה המובחר 30% טחינה 400 גר',מיוצר עי קונדיטוריית,IL,חומוס בטחינה,גרמים,400.00,100 גרם,false,1,13.90,3.48,true,1,
7290110564360,false,חומוס אחלה הסידרה המובחר 40% טחינה 400 גר',מיוצר עי קונדיטוריית,IL,חומוס בטחינה,גרמים,400.00,100 גרם,false,1,13.90,3.48,true,1,
7290110564414,false,חומוס אחלה הסידרה המובחר 30% טחינה 600 גר',מיוצר עי קונדיטוריית,IL,חומוס 30% טחינה,גרמים,600.00,100 גרם,false,1,14.90,2.48,true,1,
7290110565435,false,"לימבו ג'לי פטל 125 גרם חלבי ""שטראוס""","שטראוס גרופ בע""\מ",IL,לימבו פטל,גרמים,125.00,100 גרם,false,1,1.90,1.52,true,1,
7290110565527,false,יוגורט PRO פרו 1.5% 20 גרם חלבון בגביע,"שטראוס בריאות בע""מ",IL,דנונה פרו חלבון,גרמים,200.00,100 גרם,false,1,5.90,2.95,true,1,
7290110565572,false,מארז קפה טורקי עלית לדרך עם הל 168 גרם,שטראוס קפה בי.וי.,IL,קפה טורקי לדרך,גרמים,168.00,100 גרם,false,1,18.90,11.25,true,1,
7290110566975,false,דנונה פרו יוגורט 0% תות עשיר בחלבון 200ג',"שטראוס בריאות בע""\מ",IL,דנונה פרו חלבון,גרמים,200.00,100 גרם,false,1,5.90,2.95,true,1,
7290110567057,false,צנצנת מסטיק מאסט קוביות מנטה חזקה 66 ג' עלית,אסקום קונפקשיין,DE,מסטיק מאסט,גרמים,66.00,100 גרם,false,1,9.90,15.00,true,1,
7290110568238,false,"קצפת צמחית 21% שומן 250 מ""ל יוטבתה",מחלבת יטבתה,IL,קצפת צמחית יטבתה,מיליליטרים,250.00,"100 מ""ל",false,1,7.90,3.16,true,1,
7290110568559,false,דוריטוס עלית מארז חמוץ חריף 10 יח' *25 ג',"שטראוס פריטו ליי בע""מ )פ",IL,דוריטוס 10 יח,גרמים,250.00,100 גרם,false,1,12.90,5.16,true,1,
7290110568566,false,דוריטוס גריל עלית מארז 10 יח' *25 ג',"שטראוס פריטו ליי בע""מ )פ",IL,דוריטוס 10 יח,גרמים,250.00,100 גרם,false,1,12.90,5.16,true,1,
7290110571382,false,מעדן חלב בטעם וניל מעושר בחלבון 150 ג' שטראוס,"שטראוס בריאות בע""\מ",IL,מעדן פרו,גרמים,150.00,100 גרם,false,1,5.50,3.67,true,1,
7290110571405,false,עלית - מיני פינוקיות בגביע פסק זמן 180 גרם,"הגביע מוצרי ופלים בע""\מ",IL,מיני פינוקיות,גרמים,180.00,100 גרם,false,1,10.90,6.06,true,1,
7290110571412,false,עלית - מיני פינוקיות בגביע פאדג' 180 גרם,"הגביע מוצרי ופלים בע""\מ",IL,מיני פינוקיות,גרמים,180.00,100 גרם,false,1,10.90,6.06,true,1,
7290110571535,false,מארז קפה טורקי הל עלית 300 גרם,שטראוס קפה בי.וי.,IL,עלית טורקי הל,גרמים,300.00,100 גרם,false,1,22.90,7.64,true,1,
7290110576752,false,טבלאות שוקולד ספלנדיד מריר 70% 100 ג' עלית,קימ'ס גריפלנן,BE,שוקולד ספלנדיד,גרמים,100.00,100 גרם,false,1,10.90,10.90,true,1,
7290110576776,false,טבלאות שוקולד ספלנדיד מריר 85% 100 ג' עלית,קימ'ס גריפלנן,BE,שוקולד ספלנדיד,גרמים,100.00,100 גרם,false,1,10.90,10.90,true,1,
7290110576868,false,רבעיית גמדים סלט פירוט * 100 ג' שטראוס,"שטראוס בריאות בע""\מ",IL,גמדים 4 יח,גרמים,400.00,100 גרם,false,1,10.90,2.73,true,1,
7290110577629,false,עלית - רבע לשבע טבעוני טורטית 125 גרם,"הגביע מוצרי וופלים בע""\מ",IL,רבע לשבע,גרמים,125.00,100 גרם,false,1,11.90,9.52,true,1,
7290110577636,false,עלית - רבע לשבע טבעוני חמאת בוטנים 125 גרם,"הגביע מוצרי וופלים בע""\מ",IL,רבע לשבע,גרמים,125.00,100 גרם,false,1,11.90,9.52,true,1,
7290111344732,false,קלינקס - טיישו אלרג'י קומפורט ניילון זוגות 140 דף,קימברלי קלארק,IL,קלינקס זוג,יחידה,1.00,יחידה,false,1,15.90,15.90,true,1,
7290111353376,false,מארז 100 סוכריות מנטוס שמחות בטעם מנטה 250 גרם,פרפטי ואן מלה ברדה,NL,מנטוס שמחות,גרמים,250.00,100 גרם,false,1,14.90,5.96,true,1,
7290111353383,false,מארז 100 סוכריות מנטוס שמחות בטעם תות 250 גרם,פרפטי ואן מלה ברדה,NL,מנטוס שמחות,גרמים,250.00,100 גרם,false,1,14.90,5.96,true,1,
7290111534010,false,פס גבינה שמנת פירורים קפולסקי 400 גרם,תופינים מקבוצת קפולסקי,IL,עוגת גבינה שמנת,גרמים,450.00,100 גרם,false,1,34.90,7.76,true,1,
7290111564239,false,שלגוני קראנץ' Crunch בטעם וניל - 5 יח',גלידות נסטלה )נגה גלידות,IL,מאגדת מיני קראנץ,גרמים,275.00,100 גרם,false,1,27.90,10.15,true,1,
7290111565038,false,"לה קרמריה וניל קוקילידה בד""צ 1.4 ל'",גלידות נסטלה )נגה גלידות,IL,להקרמריה קוקיליד,ליטרים,1.40,ליטר,false,1,17.90,12.79,true,1,
7290111665073,false,מפיות פרינס 20 יח,DOMOS,DE,מפיות פרינס 20יח,יחידה,1.00,יחידה,false,1,5.90,5.90,true,1,
7290111667541,false,קשים מנייר פסים צבעוני,,CN,קשים 50 יחידות,יחידה,1.00,יחידה,false,1,4.90,4.90,true,1,
7290111930898,false,חטיף פוף כוכבים גריל אמריקאי 40 גרם,פוף POOF,IL,פוף כוכבים גריל,גרמים,40.00,100 גרם,false,1,3.90,9.75,true,1,
7290111930904,false,חטיף פוף כוכבים בצל 40 גרם,פוף POOF,IL,פוף כוכבים בצל,גרמים,40.00,100 גרם,false,1,3.90,9.75,true,1,
7290111930911,false,חטיף פוף לבבות קלאסי 40 גרם,פוף POOF,IL,פוף לבבות רגיל,גרמים,40.00,100 גרם,false,1,3.90,9.75,true,1,
7290111930928,false,חטיף פוף לבבות גריל 40 גרם,פוף POOF,IL,פוף לבבות גריל,גרמים,40.00,100 גרם,false,1,3.90,9.75,true,1,
7290111930935,false,חטיף פוף טבעות קלאסי 40 גרם,פוף POOF,IL,פוף טבעות,גרמים,40.00,100 גרם,false,1,3.90,9.75,true,1,
7290111932380,false,"מרידול משחת שיניים מארז 75X2מ""ל כשל""פ",GABA LOER GER,PL,משחת מרידול 2 יח,מיליליטרים,150.00,"100 מ""ל",false,1,26.90,17.93,true,1,
7290111936296,false,"פלמוליב סבון נוזלי בניחוח סנסיישן מסאז' ,750 מ""ל",קולגייט פלמוליב,TR,סבון פלמוליב,מיליליטרים,750.00,"100 מ""ל",false,1,14.90,1.99,true,1,
7290111938481,false,"רוטב סויה בהירה מאסטר שף 300 מ""ל",מאסטר שף,TH,רוטב סויה בהירה,מיליליטרים,300.00,"100 מ""ל",false,1,9.90,3.30,true,1,
7290112001436,false,"פיניש מנקה מדיח כלים בניחוח לימון 250 מ""ל",רקיט בנקיזר,PL,פיניש מנקה מדיח,מיליליטרים,250.00,"100 מ""ל",false,1,16.90,6.76,true,1,
7290112004413,false,"ספריי וניש קליה להסרת כתמים לבגדים לבנים 750 מ""ל",רקיט בנקיזר,PL,מסיר כתמים ספריי,מיליליטרים,750.00,"100 מ""ל",false,1,18.90,2.52,true,1,
7290112004970,false,פיניש אולטימייט קוואנטום 50 טבליות למדיח,רקיט בנקיזר,IL,פיניש אולטימייט,יחידה,1.00,יחידה,false,1,64.90,64.90,true,1,
7290112005052,false,וניש תוסף כביסה רב תכליתי לבגדים לבנים,קליה וניש Kalia Vanish,IT,וניש אבקה לכביסה,קילוגרמים,1.50,"ק""ג",false,1,39.90,26.60,true,1,
7290112005083,false,וניש תוסף כביסה רב תכליתי לכביסה צבעונית,קליה וניש Kalia Vanish,IT,וניש אבקה לכביסה,קילוגרמים,1.50,"ק""ג",false,1,39.90,26.60,true,1,
7290112330390,false,דנונה פרו פירות יער 20 גרם חלבון 0% שומן 200 גרם,"שטראוס בריאות בע""\מ",IL,דנונה פרו 0%,גרמים,200.00,100 גרם,false,1,5.90,2.95,true,1,
7290112330420,false,דנונה פרו לבן 2.9% שומן 150 גרם,מיוצר עי קונדיטוריית,IL,דנונה עם חלבון,גרמים,150.00,100 גרם,false,1,4.50,3.00,true,1,
7290112332585,false,פריכיות משולש תפוא אורז בתיבול סלק ומלח ים אנרג'י 30 גרם,"פרח תעשיו מזון בע""מ",IL,"פריכיות תפו""א",גרמים,30.00,100 גרם,false,1,5.90,19.67,true,1,
7290112332691,false,פינוקיות עוגיות קרם פסק זמן אגוזים 200 גרם,"הגביע מוצרי וופלים בע""\מ",IL,פינוקיות פסק זמן,גרמים,200.00,100 גרם,false,1,10.90,5.45,true,1,
7290112332899,false,עלית - צנצנת בזוקה פופים קלאסי 58 גרם,אסקום קונפקשיין,DE,מסטיק בזוקה,גרמים,58.00,100 גרם,false,1,9.90,17.07,true,1,
7290112334305,false,סלט כרובית בטחינה אחלה 330 ג',"שטראוס גרופ בע""\מ",IL,סלט כרובית טחינה,גרמים,330.00,100 גרם,false,1,15.90,4.82,true,1,
7290112335487,false,הפריכיות הטעימות קצח ודגנים אנרג'י 135 גרם,"פרח תעשיות מזון בע""\מ",IL,הפריכיות הטעימות,גרמים,135.00,100 גרם,false,1,11.90,8.81,true,1,
7290112335494,false,הפריכיות הטעימות תפוחי אדמה בטעם פוטטוס,"פרח תעשיות מזון בע""\מ",IL,הפריכיות הטעימות,גרמים,135.00,100 גרם,false,1,11.90,8.81,true,1,
7290112335500,false,"פרכיות אנרג'י חומוס,אורז,עדשים שחורות וקינואה 135 גרם","פרח תעשיות מזון בע""\מ",IL,פריכיות טעימות,גרמים,135.00,100 גרם,false,1,11.90,8.81,true,1,
7290112336637,false,סוכריות מאסט Must ללא סוכר יוגורט תות ואוכניות,שטראוס גרופ,PL,סוכריות מאסט,גרמים,80.00,100 גרם,false,1,7.90,9.88,true,1,
7290112336644,false,סוכריות מאסט ללא סוכר לימון 80 ג' עלית,שטראוס גרופ,PL,סוכריות מאסט,גרמים,80.00,100 גרם,false,1,7.90,9.88,true,1,
7290112336651,false,סוכריות מאסט ללא סוכר ריבת חלב 80 ג' עלית,שטראוס גרופ,PL,סוכריות מאסט,גרמים,80.00,100 גרם,false,1,7.90,9.88,true,1,
7290112336712,false,יוגורט PRO לבן 0% 21 גרם חלבון בגביע,"שטראוס בריאות בע""מ",IL,דנונה פרו 21,גרמים,200.00,100 גרם,false,1,5.90,2.95,true,1,
7290112337474,false,סוכריות מאסט ללא סוכר פטל לימון 80 ג' עלית,שטראוס גרופ,PL,סוכריות מאסט,גרמים,80.00,100 גרם,false,1,7.90,9.88,true,1,
7290112337481,false,סוכריות מאסט ללא סוכר קפצ''ינו 80 ג' עלית,שטראוס גרופ,PL,סוכריות מאסט,גרמים,80.00,100 גרם,false,1,7.90,9.88,true,1,
7290112338877,false,מעדן גבינה בטעם תות 3% 125ג' סקי,"שטראוס בריאות בע""\מ",IL,סקי תות,גרמים,125.00,100 גרם,false,1,3.70,2.96,true,1,
7290112339362,false,דנונה לייט אנד פריי בטעם קפוצ'ינו 150 גרם,"שטראוס בריאות בע""\מ",IL,דנונה לייט,גרמים,150.00,100 גרם,false,1,4.70,3.13,true,1,
7290112339867,false,גמדים לדרך גבינה לבנה עם מחית תות,"שטראוס בריאות בע""\מ",IL,גמדים לדרך,גרמים,100.00,100 גרם,false,1,5.90,5.90,true,1,
7290112339874,false,גמדים לדרך גבינה לבנה עם מחיות תות ובננה,"שטראוס בריאות בע""\מ",IL,גמדים לדרך,גרמים,100.00,100 גרם,false,1,5.90,5.90,true,1,
7290112340122,false,הפריכיות הטעימות 3 דגנים אנרג'י 135 גרם,"פרח תעשיות מזון בע""\מ",IL,פריכיות טעימות,גרמים,135.00,100 גרם,false,1,11.90,8.81,true,1,
7290112340276,false,פינוקיות עוגיות קרם קפה 200 גרם,"הגביע מוצרי וופלים בע""\מ",IL,פינוקיות קרם קפה,גרמים,200.00,100 גרם,false,1,10.90,5.45,true,1,
7290112341679,false,דנונה אקטיביה 3% שומן 200 גרם,מיוצר עי קונדיטוריית,IL,אקטיביה 3%,גרמים,200.00,100 גרם,false,1,3.80,1.90,true,1,
7290112341686,false,שמינייה יוגורט לבן אקטיביה 3% דנונה 150 גרם.,מיוצר עי קונדיטוריית,IL,אקטיביה מארז 8יח,קילוגרמים,1.20,"ק""ג",false,1,21.90,18.25,true,1,
7290112342270,false,קפה פלטינום אינטנס מחוזק ב- 10% אספרסו,שטראוס קפה בי.וי,IL,קפה פלטינום,גרמים,125.00,100 גרם,false,1,19.90,15.92,true,1,
7290112343260,false,יטבתה רוטב שמנת עם פטריות 9% 250 גר,שטראוס גרופ,IL,רוטב שמנת קלאסי,גרמים,260.00,100 גרם,false,1,10.90,4.19,true,1,
7290112343499,false,חטיף צ'יטוס פאפס אפוי בטעם גבינה,"שטראוס פריטו ליי בע""\מ )",IL,חטיף צ'יטוס puff,גרמים,55.00,100 גרם,false,1,3.50,6.36,true,1,
7290112344564,false,רביולי גבינה קלאסי שטראוס 400 ג',"שטראוס גרופ בע""\מ",IL,רביולי גבינה,גרמים,400.00,100 גרם,false,1,19.90,4.98,true,1,
7290112344724,false,מעדן בטעם שוקולד בלונדי 170 ג' מילקי,מיוצר עי קונדיטוריית,IL,מילקי בלונדי,גרמים,133.00,100 גרם,false,1,3.50,2.63,true,1,
7290112344755,false,מילקי עם 26% פחות סוכר 135 גרם,מיוצר עי קונדיטוריית,IL,מילקי,גרמים,135.00,100 גרם,false,1,2.80,2.07,true,1,
7290112344786,false,קפה פלטינום קלאסיק עלית 200 גרם,שטראוס קפה בי.וי.,IL,קפה נמס פלטינום,גרמים,200.00,100 גרם,false,1,29.90,14.95,true,1,
7290112346360,false,בפלות אחת אחת ופל בטעם שוקולד מצופה שוקולד,הגביע מוצרי וופלים ב,GR,בפלות אחת אחת,גרמים,180.00,100 גרם,false,1,12.90,7.17,true,1,
7290112346537,false,עוגיות פינוקיות בטעם טורטית 200 ג' עלית,"הגביע מוצרי ופלים בע""\מ",IL,פינוקיות טורטית,גרמים,200.00,100 גרם,false,1,10.90,5.45,true,1,
7290112346827,false,שמיניית אקטימל ויטמין C פטל 108 גרם,"שטראוס בריאות בע""\מ",IL,אקטימל ויטמין C,מיליליטרים,800.00,"100 מ""ל",false,1,20.90,2.61,true,1,
7290112347008,false,גמדים לדרך גבינה לבנה עם מחית תות ושיבולת שועל,מיוצר עי קונדיטוריית,IL,גמדים ארוחת בוקר,גרמים,100.00,100 גרם,false,1,5.90,5.90,true,1,
7290112347473,false,מארז דנונה לייט אנד פריי תות ואפרסק 150 גרם 8 יחידות,מיוצר עי קונדיטוריית,IL,דנונה לייט 8 יח,קילוגרמים,1.20,"ק""ג",false,1,28.90,24.08,true,1,
7290112348999,false,הפריכיות הטעימות תירס דקות אנרג'י 135 גרם,פרח תעשיות,IL,פריכיות תירס,גרמים,135.00,100 גרם,false,1,11.90,8.81,true,1,
7290112349538,false,קפה עלית טורקי 160 גרם,שטראוס קפה בי.וי.,IL,קפה טורקי עלית,גרמים,160.00,100 גרם,false,1,11.90,7.44,true,1,
7290112349699,false,פסאטה מחית עגבניות חלקה יד מרדכי 350 גר,אמיליאנה קונסרב סוסייטה,IT,מחית עגבניות,גרמים,350.00,100 גרם,false,1,7.90,2.26,true,1,
7290112349736,false,בזיליקום רוטב עגבניות לפסטה יד מרדכי 350 גרם,אמיליאנה קונסרב סוסייטה,IT,רוטב עגבניות,גרמים,350.00,100 גרם,false,1,11.90,3.40,true,1,
7290112349750,false,פיצה רוטב עגבניות לפיצה יד מרדכי 350 גרם,אמיליאנה קונסרב סוסייטה,IT,רוטב עגבניות,גרמים,350.00,100 גרם,false,1,11.90,3.40,true,1,
7290112349897,false,מסטיק מאסט Must קוביות בטעם מנטה ללא סוכר,אסקום קונפקשיין,DE,מסטיק מאסט מנטה,גרמים,86.00,100 גרם,false,1,14.90,17.33,true,1,
7290112350312,false,קפסולות 15 קפה יותר למכונות נספרסו עלית 10יח',הנסיך- מפעל לייצור ט,IL,קפסולות קפה,גרמים,50.00,100 גרם,false,1,15.90,31.80,true,1,
7290112351104,false,שוקולד פרה ממולא פיצפוצי אורז 100 ג' עלית,"שטראוס גרופ בע""\מ",IL,שוקולד פרה,גרמים,100.00,100 גרם,false,1,5.50,5.50,true,1,
7290112351128,false,שוקולד פרה סוכריות קופצות וועסטהייים,"שטראוס גרופ בע""\מ",IL,שוקולד פרה,גרמים,90.00,100 גרם,false,1,5.50,6.11,true,1,
7290112351463,false,שלישיית סוכריות מאסט FRESH פטל לימון 45 ג' עלית,"הליקון גידה בע""\מ",TR,"סוכריות לל""ס",גרמים,45.00,100 גרם,false,1,8.90,19.78,true,1,
7290112351470,false,סוכריות ללא סוכר בטעם תות רימון מאסט פרש,"הליקון גידה בע""\מ",TR,"סוכריות לל""ס",גרמים,45.00,100 גרם,false,1,8.90,19.78,true,1,
7290112353412,false,"פריכיות משולשות-תפו""א תירס אפונה סלק ומלח אנרג'י 30 גרם","פרח תעשיו מזון בע""מ",IL,"פריכיות תפו""א",גרמים,30.00,100 גרם,false,1,5.90,19.67,true,1,
7290112355102,false,גמדים סקוויז 100 גרם פאוץ סלט פירות 100 גרם,"שטראוס בריאות בע""\מ",IL,גמדים לדרך,גרמים,100.00,100 גרם,false,1,5.90,5.90,false,1,
7290112355393,false,יטבתה רוטב שמנת עם בטטה 9% 250 גרם,שטראוס גרופ,IL,רוטב שמנת בטטה,גרמים,257.00,100 גרם,false,1,10.90,4.24,true,1,
7290112355812,false,מעדן מילקי עם טופ קורנפלקס מצופה שוקולד,"שטראוס גרופ בע""\מ",IL,מילקי טופ,גרמים,141.00,100 גרם,false,1,4.90,3.48,true,1,
7290112357045,false,עגבניות איטלקיות מרוסקות ט.הטבע קופסה 390 גר',שטראוס טעם הטבע,IT,עגבניות מרוסקות,גרמים,390.00,100 גרם,false,1,6.90,1.77,true,1,
7290112357069,false,מחית עגבניות איטלקיות 500 גרם ט.הטבע קופסה,שטראוס טעם הטבע,IT,מחית עגבניות,גרמים,500.00,100 גרם,false,1,6.90,1.38,true,1,
7290112357083,false,טעם הטבע אפונה ירוקה 380 גרם קופסה,שטראוס טעם הטבע,IT,אפונה ירוקה,גרמים,380.00,100 גרם,false,1,7.90,2.08,true,1,
7290112357106,false,שעועית אדומה מבושלת טעם הטבע 380 ג',שטראוס טעם הטבע,IT,שעועית אדומה,גרמים,380.00,100 גרם,false,1,6.90,1.82,true,1,
7290112357113,false,טעם הטבע גרגרי חומוס 380 גרם קופסה,שטראוס טעם הטבע,IT,גרגרי חומוס,גרמים,380.00,100 גרם,false,1,6.90,1.82,true,1,
7290112358127,false,יוגורט PRO בטעם וניל עוגיות פלוס מגנזיום,מיוצר עי קונדיטוריית,IL,דנונ.פרו+מגנזיום,גרמים,200.00,100 גרם,false,1,5.90,2.95,true,1,
7290112358240,false,רוטב גריל יד מרדכי 300 גרם,"בית אל מזון בע""מ",IL,רוטב גריל,גרמים,300.00,100 גרם,false,1,12.90,4.30,true,1,
7290112358554,false,מארז קפה נמס מנות אישיות לדרך 50.4 גר,שטראוס רומניה,RO,נמס לדרך מארז,גרמים,50.00,100 גרם,false,1,11.90,23.80,true,1,
7290112490032,false,"נמס בכוס טעם תירס קנור 31 גרם מארז זוגי בד""צ",יוניליוור ישראל מזון בעמ,IL,נמס בכוס תירס,גרמים,45.00,100 גרם,false,1,7.90,17.56,true,1,
7290112490896,false,"קנור רוטב צ'ילי חריף 370 מ""ל PAL",אתר חיפה 778,IL,רוטב צ'ילי חריף,גרמים,370.00,100 גרם,false,1,12.90,3.49,true,1,
7290112492982,false,אבקת מרק פטריות רכיבים טבעיים קנור 400ג',יוניליוור ישראל מזון בע\,IL,מרק פטריות,גרמים,400.00,100 גרם,false,1,24.90,6.23,true,1,
7290112494221,false,קליק - ביסקויט תפזורת 65 גרם,יוניליוור ישראל מזון בע\,IL,קליק ביסקוויט,גרמים,65.00,100 גרם,false,1,6.90,10.62,true,1,
7290112494238,false,קליק - כדורים חלב תפזורת 65 גרם,יוניליוור ישראל מזון בע\,IL,קליק כדורים,גרמים,65.00,100 גרם,false,1,6.90,10.62,true,1,
7290112494276,false,קליק כריות תפזורת 65 גר,יוניליוור ישראל מזון בע\,IL,קליק כריות,גרמים,65.00,100 גרם,false,1,6.90,10.62,true,1,
7290112494283,false,קליק - מעורב חום לבן תפזורת 65 גרם,יוניליוור ישראל מזון בע\,IL,קליק חום לבן,גרמים,65.00,100 גרם,false,1,6.90,10.62,true,1,
7290112494313,false,קליק - קורנפלקס תפזורת 65 גרם,יוניליוור ישראל מזון בע\,IL,קליק קורנפלקס,גרמים,65.00,100 גרם,false,1,6.90,10.62,true,1,
7290112494351,false,"קורנפלקס אלופים תלמה 850 ג בד""ץ","יוניליוור שפע ישראל בע""\",IL,קורנפלקס אלופים,גרמים,850.00,100 גרם,false,1,18.90,2.22,true,1,
7290112495105,false,נשנושים חטיף בטעם שמנת בצל,בייגל את בייגל מזון 198),IL,נשנושים שמנת בצל,גרמים,260.00,100 גרם,false,1,13.90,5.35,true,1,
7290112495112,false,נשנושים טעם זעתר בייגל בייגל 260 גרם,בייגל את בייגל מזון 198),IL,נשנושים זעתר,גרמים,260.00,100 גרם,false,1,13.90,5.35,true,1,
7290112495143,false,נשנושי קרקר קוקטייל מלוח בייגל בייגל 300 גרם,בייגל את בייגל מזון 198),IL,נשנושי קרקר,גרמים,300.00,100 גרם,false,1,13.90,4.63,true,1,
7290112495150,false,נשנושים קרקר עגול מלוח 300 גרם נ.ל.פ,בייגל את בייגל מזון 198),IL,נשנושי קרקר,גרמים,300.00,100 גרם,false,1,13.90,4.63,true,1,
7290112495754,false,"רטבי הלמנס לסלט 300 מ""ל אלף האיים",יוניליוור ישראל מזון בעמ,IL,רוטב אלף האיים,גרמים,305.00,100 גרם,false,1,12.90,4.23,true,1,
7290112495761,false,"רטבי הלמנס לסלט 300 מ""ל אלף האיים לייט",יוניליוור ישראל מזון בעמ,IL,רוטב אלף האיים,גרמים,305.00,100 גרם,false,1,12.90,4.23,true,1,
7290112495785,false,רוטב לסלט שום הלמנס 300ג,יוניליוור ישראל מזון בעמ,IL,רוטב שום לסלט,גרמים,300.00,100 גרם,false,1,12.90,4.30,true,1,
7290112497505,false,וזלין תחליב גוף בתוספת אלוורה 600 מל,"יוניליוור, ג'פרסון סיטי,",US,קרם גוף ואזלין,מיליליטרים,600.00,"100 מ""ל",false,1,27.90,4.65,true,1,
7290112497727,false,פינוק בייבי אל סבון אל דמע לתינוקות 700,יוניליוור ישראלn\טיפוח א,IL,אל סבון בייבי,מיליליטרים,700.00,"100 מ""ל",false,1,17.90,2.56,true,1,
7290112963321,false,גריסיני בייגלה שטוח ללא גלוטן אסם 300גרם,מיוצר עי קונדיטוריית,IL,גרטיפיי בייגלה,גרמים,300.00,100 גרם,false,1,14.90,4.97,true,1,
7290112967138,false,בייגלה שמיניות ללא גלוטן אסם 250 גרם,מיוצר עי קונדיטוריית,IL,בייגלה שמיניות,גרמים,250.00,100 גרם,false,1,9.90,3.96,true,1,
7290114600941,false,מאסטר שף מיונז הולנדי לחיץ 435 גרם,קפה לנדוור,NL,מיונז לחיץ,גרמים,435.00,100 גרם,false,1,13.90,3.20,true,1,
7290114600989,false,"רוטב אלף האיים מאסטר שף 250 מ""ל",קפה לנדוור,NL,רוטב אלף האיים,מיליליטרים,250.00,"100 מ""ל",false,1,10.90,4.36,true,1,
7290114604895,false,מאסטר שף ממרח לחיץ ספייסי לחיץ 446 גרם,מאסטר שף,NL,ממרח ספייסי לחיץ,גרמים,446.00,100 גרם,false,1,13.90,3.12,true,1,
7290114604901,false,ממרח שום לחיץ מאסטר שף 444 גרם,מאסטר שף,NL,ממרח שום לחיץ,גרמים,444.00,100 גרם,false,1,13.90,3.13,true,1,
7290114604932,false,רוטב ברביקיו דבש מאסטר שף 520 גרם,רמיה סי.וי. הולנד,NL,רוטב ברביקיו דבש,גרמים,520.00,100 גרם,false,1,13.90,2.67,true,1,
7290114604949,false,מאסטר שף רוטב ברביקיו 524 גרם,רמיה סי.וי. הולנד,NL,רוטב ברביקיו,גרמים,524.00,100 גרם,false,1,13.90,2.65,true,1,
7290114606530,false,רוטב בטעם מיונז וקטשופ מאסטר שף 515 גרם,מאסטר שף,NL,רוטב טעם מיונז,גרמים,515.00,100 גרם,false,1,13.90,2.70,true,1,
7290115073676,false,מסכה לפנים חד פעמי 50 יח צבעוניות,שמחה זה אנחנו,CN,מסכת פנים חד פעמ,יחידה,1.00,יחידה,false,1,9.90,9.90,true,1,
7290115074987,false,מארז 5 יח' מסכות ילדים חד קרן,Unknown,IL,מסכה חד פעמית חד,יחידה,1.00,יחידה,false,1,4.90,4.90,true,1,
7290115075403,false,מסכה חד פעמית טאי דאי 5,,IL,מסכה חד פעמית חד,יחידה,1.00,יחידה,false,1,4.90,4.90,true,1,
7290115204056,false,"קטשופ מופחת סוכר אסם 690 גרם כשל""פ","אסם תעשיות בע""מ",IL,קטשופ מופחת סוכר,גרמים,690.00,100 גרם,false,1,11.90,1.72,true,1,
7290115403299,false,עוגיות פרפריות 450 גרם,"שיבולים א.ד.ל ק""\א",IL,עוגיות פרפריות,גרמים,450.00,100 גרם,false,1,15.90,3.53,true,1,
7290115403312,false,עוגיות מלוחות קריספי 450,,IL,עוגיות מלוחות,גרמים,450.00,100 גרם,false,1,15.90,3.53,true,1,
7290115403404,false,עוגיות פרפריות שוקו 450,"שיבולים א.ד.ל ק""\א",IL,עוגיות פרפריות,גרמים,450.00,100 גרם,false,1,15.90,3.53,true,1,
7290115403411,false,עוגיות עינוגים אגוזים,,IL,עוגיות עינוגים,גרמים,500.00,100 גרם,false,1,15.90,3.18,true,1,
7290115403435,false,עוגיות מעמול תמר 500 גרם,שיבולים א.ד.ל )ק.א(,IL,עוגיות מעמול תמר,גרמים,500.00,100 גרם,false,1,15.90,3.18,true,1,
7290115403466,false,עוגיות נסיכה מיקס 500 גר,שיבולים א.ד.ל )ק.א(,IL,עוגיות נסיכה,גרמים,500.00,100 גרם,false,1,15.90,3.18,true,1,
7290115403480,false,עוגיות בסגנון מרוקאי 500,,IL,עוגיות מרוקאי,גרמים,500.00,100 גרם,false,1,15.90,3.18,true,1,
7290115403565,false,עוגיות קיפל וניל 500 גרם,,IL,עוגיות קיפל וניל,גרמים,500.00,100 גרם,false,1,15.90,3.18,true,1,
7290115405774,false,פחזניות ממולאות בטעם וניל קפולסקי 180 גרם,תופינים מקבוצת קפולס,IL,פחזניות וניל,גרמים,180.00,100 גרם,false,1,14.90,8.28,true,1,
7290115480009,false,"מרכך כביסה מרוכז פרש קונטרול ירוק 900 מ""ל סוד",הנקל סוד,IL,סוד מרכך פרש,מיליליטרים,900.00,"100 מ""ל",false,1,12.90,1.43,true,1,
7290115642223,false,מארז מאפינס נפתח לשליפה,,CN,מארז מאפינס,יחידה,1.00,יחידה,false,1,12.90,12.90,true,1,
7290115671223,false,מסטיק מאסט פאן אבטיח מנגו צנצנת 58 גרם,אסקום קונפקשיין,DE,מסטיק מאסט,גרמים,58.00,100 גרם,false,1,9.90,17.07,true,1,
7290115671308,false,מסטיק מאסט פאן תות דובדבן צנצנת 58 גרם,אסקום קונפשטיין,DE,מסטיק מאסט,גרמים,58.00,100 גרם,false,1,9.90,17.07,true,1,
7290115671339,false,מיני פינוקיות בראוניז בייגל בוטן עלית 180 ג' עלית,"הגביע מוצרי ופלים בע""\מ",IL,מיני פינוקיות,גרמים,180.00,100 גרם,false,1,10.90,6.06,true,1,
7290115671346,false,מיני פינוקיות טופי קרמל מלוח עלית 180 גרם,"הגביע מוצרי ופלים בע""\מ",IL,מיני פינוקיות,גרמים,180.00,100 גרם,false,1,10.90,6.06,true,1,
7290115671353,false,מיני פינוקיות עוגיות קקאו במילוי קרם בטעם וניל,"הגביע מוצרי ופלים בע""\מ",IL,מיני פינוקיות,גרמים,180.00,100 גרם,false,1,10.90,6.06,true,1,
7290115675559,false,מארז קפה טורקי לדרך 10 יחידות,שטראוס קפה בי.וי.,IL,מארז טורקי לדרך,גרמים,70.00,100 גרם,false,1,8.90,12.71,true,1,
7290115676051,false,"משקה אקטיביה שיבולת שועל במתיקות מעודנת 250 מ""ל",מיוצר עי קונדיטוריית,IL,משקה אקטיביה,גרמים,265.00,100 גרם,false,1,5.50,2.08,true,1,
7290115677089,false,קונפיטורת תפוח וקינמון יד מרדכי 340 גרם,"בית אל מזון בע""מ",IL,קונפיטורה תפוח,גרמים,340.00,100 גרם,false,1,13.90,4.09,true,1,
7290115677676,false,חומוס עשיר בטחינה גולמית עם מלא חריף 400 גר אחלה,"שטראוס גרופ בע""\מ",IL,חומוס 40% טחינה,גרמים,400.00,100 גרם,false,1,13.90,3.48,true,1,
7290115678222,false,מארז 8 גביעים יוגורט Greek בסגנון יווני 6.5% שומן,"שטראוס בריאות בע""\מ",IL,דנונה יווני 8 יח,קילוגרמים,1.04,"ק""ג",false,1,24.90,23.94,true,1,
7290115678376,false,מעדן הגולן שוקולד 125 גרם,מיוצר עי קונדיטוריית,IL,מעדן הגולן,גרמים,125.00,100 גרם,false,1,3.30,2.64,true,1,
7290115678383,false,מעדן הגולן שוקולד מריר 125 גרם,מיוצר עי קונדיטוריית,IL,מעדן הגולן,גרמים,125.00,100 גרם,false,1,3.30,2.64,true,1,
7290115678970,false,מארז סוכריות FRESH בטעם בזוקה עלית 3*15 ג',"הליקון גידה בע""\מ",TR,"סוכריות לל""ס",גרמים,45.00,100 גרם,false,1,8.90,19.78,true,1,
7290115679960,false,ציטוס פופקורן בטעם טבעי 60 ג 24 יח,"שטראוס פריטו ליי בע""\מ )",IL,צ'יטוס פופקורן,גרמים,60.00,100 גרם,false,1,3.50,5.83,true,1,
7290115720280,false,בריקס לגו סוריות בטעם פירות גרוס מארז 18 יחידות,גרוסליין,CN,סוכריות לגו,גרמים,216.00,100 גרם,false,1,19.90,9.21,true,1,
7290115720464,false,סוכריות מוצץ גרוס מארז 18 יחידות,גרוסליין,BE,סוכריית מוצץ18יח,גרמים,105.00,100 גרם,false,1,19.90,18.95,true,1,
7290115720471,false,סוכריות משרוקית גרוס מארז 18 יחידות,גרוסליין,BE,סוכריית משרוקית,גרמים,170.00,100 גרם,false,1,19.90,11.71,true,1,
7290115720709,false,גואל פופ מארז מארז 18 יחידות,גרוסליין,CN,סוכ.טבעת 18 יח,גרמים,225.00,100 גרם,false,1,19.90,8.84,true,1,
7290115721027,false,סוכרית סביבון מארז 10 יח' גרוסליין,גואנדונג באישנג פודס,CN,סוכריות סביבון,גרמים,120.00,100 גרם,false,1,12.90,10.75,true,1,
7290115730937,false,כוס מעוטר צבעוני 300,תבניכל,CN,כוס מעוטר 40 יחי,יחידה,1.00,יחידה,false,1,13.90,13.90,true,1,
7290115731507,false,גביעי דוריקינו קטנים 12,,CN,גביעי דוריקינו,יחידה,1.00,יחידה,false,1,9.90,9.90,true,1,
7290115731552,false,גביעי קוביקינו קטנים12יח,,CN,גביעי קוביקינו,יחידה,1.00,יחידה,false,1,9.90,9.90,true,1,
7290115733259,false,מאפינס צבעוני 20 יחידות,,CN,מאפינס צבעוני,יחידה,1.00,יחידה,false,1,12.90,12.90,true,1,
7290115733525,false,תבניות עגולות קשיחות,,CN,תבניות עגולות,יחידה,1.00,יחידה,false,1,14.90,14.90,true,1,
7290115733938,false,תבנית פאי+מכסה זהב שחור,,CN,תבנית פאי 2 יח',יחידה,1.00,יחידה,false,1,14.90,14.90,true,1,
7290115733945,false,תבנית לזניה+מכסהזהב שחור,,CN,תבנית לזניה 4 יח,יחידה,1.00,יחידה,false,1,14.90,14.90,true,1,
7290115733969,false,תבנית לב +מכסה זהב שחור,,CN,תבנית לב 10יח',יחידה,1.00,יחידה,false,1,14.90,14.90,true,1,
7290115733983,false,גביע פאי+מכסה זהב שחור,,CN,גביע פאי+מכסה,יחידה,1.00,יחידה,false,1,14.90,14.90,true,1,
7290115736076,false,מקלון דנטלי בשקית 30 יחי,תבניכל,CN,מקלון דנטלי,יחידה,1.00,יחידה,false,1,4.90,4.90,true,1,
7290115736083,false,קיסם דנטלי בקופסא 300 יח,תבניכל,CN,קיסם דנטלי,יחידה,1.00,יחידה,false,1,6.90,6.90,true,1,
7290115736113,false,8 צלחות קטנות קרם כלנית,,IL,8 צלחות קטנות קר,יחידה,1.00,יחידה,false,1,10.90,10.90,true,1,
7290115736137,false,8 צלחות קטנות לבן כלנית,,IL,8 צלחות קטנות לב,יחידה,1.00,יחידה,false,1,10.90,10.90,true,1,
7290115736205,false,8 מרקיות קרם כלנית,,IL,8 מרקיות קרם,יחידה,1.00,יחידה,false,1,13.90,13.90,true,1,
7290115736298,false,8 צלחות גדולות קרם כלני,,IL,8 צלחות גדולות ק,יחידה,1.00,יחידה,false,1,20.90,20.90,true,1,
7290115736335,false,8 צלחות גדולות נצנץ זהב,,IL,8 צלחות גדולות נ,יחידה,1.00,יחידה,false,1,20.90,20.90,true,1,
7290115736380,false,8 צלחות בינוני קרם כלנית,,IL,8 צלחות בינוני ק,יחידה,1.00,יחידה,false,1,16.90,16.90,true,1,
7290115736403,false,8 צלחות בינוני לבן כלני,,IL,8 צלחות בינוני ל,יחידה,1.00,יחידה,false,1,16.90,16.90,true,1,
7290115736427,false,8 צלחות בינוני נצנץ זהב,,IL,8 צלחות בינוני נ,יחידה,1.00,יחידה,false,1,16.90,16.90,true,1,
7290115736489,false,6 קסרול שחור כלנית,,IL,6 קסרול שחור,יחידה,1.00,יחידה,false,1,7.90,7.90,true,1,
7290115736496,false,6 קסרול לבן כלנית,,IL,6 קסרול לבן כלנ,יחידה,1.00,יחידה,false,1,7.90,7.90,true,1,
7290115736519,false,6 קסרול נצנץ זהב כלנית,,IL,6 קסרול נצנץ זהב,יחידה,1.00,יחידה,false,1,7.90,7.90,true,1,
7290115737349,false,תבנית מרובעת + מכסה 12 י,תבניכל,CN,תבנית מרובעת,יחידה,1.00,יחידה,false,1,10.90,10.90,true,1,
7290115737387,false,תבנית מלבן + מכסה 8 יחיד,תבניכל,CN,תבנית מלבן+מכסה,יחידה,1.00,יחידה,false,1,10.90,10.90,true,1,
7290115737394,false,תבנית בוטיק אובל 30יח,תבניכל,CN,תבנית חלה 30 יחי,יחידה,1.00,יחידה,false,1,10.90,10.90,true,1,
7290115737424,false,תבנית בוטיק חלה 32.5,תבניכל,CN,תבנית חלה,יחידה,1.00,יחידה,false,1,10.90,10.90,true,1,
7290116530062,false,רוטב ויניגרט לסלט הלמנס 295 גרם,יוניליוור ישראל מזון בע\,IL,רוטב ויניגרט,גרמים,295.00,100 גרם,false,1,12.90,4.37,true,1,
7290116530222,false,דאודרנט סטיק לגבר אנרכי 76 ג' אקס,יוניליוור פארם,US,דאו.סטיק אקס,גרמים,77.00,100 גרם,false,1,19.90,25.84,true,1,
7290116530895,false,"תרסיס ריחני למייבש כביסה פינוק כחול בדין 500 מ""ל","זוהר דליה, קיבוץ דליה, 1",TR,תרסיס למייבש,מיליליטרים,500.00,"100 מ""ל",false,1,19.90,3.98,true,1,
7290116531083,false,"ברנפלקס ללא ת.סוכר בטעם דבש בתוספת שקדים, 400 גרם","יוניליוור שפע ישראל בע""\",IL,ברנפלקס טעם דבש,גרמים,400.00,100 גרם,false,1,24.90,6.23,true,1,
7290116531243,false,"שמפו ומרכך 2ב-1 למניעת קשקשים 700 מ""ל פינוק",יוניליוור ישראל טיפוח אי,IL,שמפו פינוק,מיליליטרים,700.00,"100 מ""ל",false,1,15.90,2.27,true,1,
7290116532462,false,גלידת שמנת קליק בטעמי שוקולד בננה 384 ג' שטראוס,"גלידת שטראוס בע""\מ, רחוב",IL,"קליק גלידה 520מ""",מיליליטרים,520.00,"100 מ""ל",false,1,19.90,3.83,true,1,
7290116760674,false,צלחת ענקית לבן-זהב 10 יח,"בס""ד",CN,צלחת ענקית,יחידה,1.00,יחידה,false,1,13.90,13.90,true,1,
7290116760827,false,צלחת מרק לבן כסף 10 יחיד,"בס""ד",CN,צלחת מרק,יחידה,1.00,יחידה,false,1,11.90,11.90,true,1,
7290116930244,false,"שמיניית יוגורט תנובה 1.5% בד""צ 150 גרם",תנובה מרכז שיתופי לש,IL,מארז יוגורט,קילוגרמים,1.20,"ק""ג",false,1,15.90,13.25,true,1,
7290116930435,false,יוגורט יופלה GO במרקם סמיך עם דובדבן 0%,תנובה מרכז שיתופי לש,IL,יוגורט גו סמיך,גרמים,200.00,100 גרם,false,1,5.90,2.95,true,1,
7290116930657,false,"משקה חלב גו בטעם בננה תמר בתוספת שיבולת שועל במרקם חלק 340 מ""ל",תנובה מרכז שיתופי לש,IL,משקה גו בננה תמר,מיליליטרים,340.00,"100 מ""ל",false,1,7.90,2.32,true,1,
7290116930725,false,סויה BIO קוקוס גביע Alternative 150 גרם,תנובה חלב,IL,מעדן סויה ביו,גרמים,150.00,100 גרם,false,1,4.90,3.27,true,1,
7290116931104,false,יופלה GO במרקם סמיך עם אננס 0% תנובה 200 גרם,תנובה חלב,IL,יופלה גו סמיך,גרמים,200.00,100 גרם,false,1,5.90,2.95,true,1,
7290116931159,false,יוגורט דיאט 0% שומן תות בננה 150 ג' יופלה,תנובה מרכז שיתופי לש,IL,יופלה דיאט,גרמים,150.00,100 גרם,false,1,4.90,3.27,true,1,
7290116931289,false,יופלה גו במרקם סמיך אלפחורס 200מל,תנובה מרכז שיתופי לש,IL,יוגורט גו סמיך,גרמים,200.00,100 גרם,false,1,5.90,2.95,true,1,
7290117030929,false,תבניות אלומיניום 31-R 10,,IL,תבניות אלומיניום,יחידה,1.00,יחידה,false,1,8.90,8.90,true,1,
7290117030936,false,10תבניות אלומיניום 2-R,,IL,תבניות אלומיניום,יחידה,1.00,יחידה,false,1,8.90,8.90,true,1,
7290117030943,false,תבניות אלומ. עמוקות 64-R,,IL,תבניות אלומיניום,יחידה,1.00,יחידה,false,1,8.90,8.90,true,1,
7290117030950,false,5תבניות אלומיניום 99-R,,IL,תבניות אלומיניום,יחידה,1.00,יחידה,false,1,8.90,8.90,true,1,
7290117030967,false,תבניות אינגלייש 88-R,,IL,תבניות אלומיניום,יחידה,1.00,יחידה,false,1,8.90,8.90,true,1,
7290117030974,false,תבניות אלומ. טוסטר 29-R,,IL,תבניות אלומיניום,יחידה,1.00,יחידה,false,1,8.90,8.90,true,1,
7290117030998,false,תבניות אלומ.גדולות 10-C,,IL,תבניות אלומיניום,יחידה,1.00,יחידה,false,1,8.90,8.90,true,1,
7290117031506,false,כוסות נייר 40 יח' 8B,,CN,"כוסות ח""פ 40 יח",יחידה,1.00,יחידה,false,1,7.90,7.90,true,1,
7290117182345,false,מארז 18 בדי בדיקה איכותיים,,IL,בד בדיקה רך 100%,יחידה,1.00,יחידה,false,1,7.90,7.90,true,1,
7290117183328,false,מארז 20 מגן פמוט באריזה,השלושה,CN,מארז 20 מגן פמוט,יחידה,1.00,יחידה,false,1,7.90,7.90,true,1,
7290117183946,false,חזרת שפעמן 360 גרם,שפע מן המבושל,IL,חזרת שפעמן 360 ג,גרמים,360.00,100 גרם,false,1,16.90,4.69,true,1,
7290117199978,false,ליקר טריפל שוק.מנטה 500,ישראליקר,IL,ליקר טריפל שוקול,מיליליטרים,500.00,"100 מ""ל",false,1,49.90,9.98,true,1,
7290117380192,false,חטיף פוף קראנץ בטעם גריל 60 גרם,מנה,IL,חטיף פוף קראנץ,גרמים,60.00,100 גרם,false,1,3.90,6.50,true,1,
7290117380208,false,חטיף פוף קראנץ בטעם חמוץ חריף 60 גרם,מנה,IL,חטיף פוף קראנץ',גרמים,60.00,100 גרם,false,1,3.90,6.50,true,1,
7290117380215,false,חטיף פוף קראנץ בטעם טאקו 60 גרם,מנה,IL,חטיף פוף קראנץ',גרמים,60.00,100 גרם,false,1,3.90,6.50,true,1,
7290589856775,false,נייס שבלולים לשיער,,IL,אביזרים לבית,יחידה,1.00,יחידה,false,0,5.90,5.90,true,1,
7291008080603,false,"תמר מג'הול 1 ק""ג",מהדרין,IL,"תמר מג'הול 1 ק""ג",קילוגרמים,1.00,"ק""ג",false,1,21.90,21.90,true,1,
7296073126720,false,אובלטים שומשום,,IL,אובלטים שומשום,גרמים,300.00,100 גרם,false,0,7.90,2.63,true,1,
7296073126737,false,אובלטים מלוחים,,IL,אובלטים מלוחים,גרמים,300.00,100 גרם,false,0,7.90,2.63,true,1,
7296073126744,false,שקיות אשפה,,IL,שקיות אשפה,יחידה,1.00,יחידה,false,0,14.90,14.90,true,1,
7296073126751,false,שקיות אשפה,,IL,שקיות אשפה,יחידה,1.00,יחידה,false,0,15.90,15.90,true,1,
7296073126768,false,שקיות אשפה 75X90 יש 50X2,,IL,זוג שקיות אשפה,יחידה,1.00,יחידה,false,0,22.90,22.90,true,1,
7296073126775,false,שקיות אשפה,,IL,שקיות אשפה,יחידה,1.00,יחידה,false,0,24.90,24.90,true,1,
7296073126799,false,מארז שקיות אוכל,,IL,מארז שקיות אוכל,יחידה,1.00,יחידה,false,0,12.90,12.90,true,1,
7296073126812,false,שקיות הקפאה,,IL,שקיות הקפאה,יחידה,1.00,יחידה,false,0,9.90,9.90,true,1,
7296073127932,false,"פריכיות אורז ""יש"" 340גרם",בטר אנד דיפרנט,IL,פריכיות אורז34גר,גרמים,340.00,100 גרם,false,0,11.90,3.50,true,1,
7296073128175,false,"נייר טואלט פרימ"".יש32""גל",שניב תעשיות נייר,IL,נייר טואלט,מטרים,589.00,100 מטר,false,0,24.90,4.23,true,1,
7296073128182,false,"נייר טואלט ""יש"" 48גלילים",שניב תעשיות נייר,IL,נייר טואלט,מטרים,883.00,100 מטר,false,0,32.90,3.73,true,1,
7296073128755,false,"וופל בלגי ""יש"" 150 גרם",גילרו,IL,וופל בלגי,גרמים,150.00,100 גרם,false,0,2.90,1.93,true,1,
7296073128847,false,עוגיות סנדוויץ שוקו150גר,מגדנית הדר,IL,עוגיות סנדוויץ,גרמים,150.00,100 גרם,false,0,2.90,1.93,true,1,
7296073128854,false,עוגיות סנדוויץ תות 150גר,מגדנית הדר,IL,עוגיות סנדוויץ,גרמים,150.00,100 גרם,false,0,2.90,1.93,true,1,
7296073128861,false,עוגיות סנדוויץ וניל150גר,מגדנית הדר,IL,עוגיות סנדוויץ,גרמים,150.00,100 גרם,false,0,2.90,1.93,true,1,
7296073128908,false,"מיץ ענבים ""יש"" 1 ליטר",יקבי ארזה,IL,"מיץ ענבים ""יש""",ליטרים,1.00,ליטר,false,0,9.90,9.90,true,1,
7296073128915,false,יין לקידוש בציר 1 ליטר,יקבי ארזה,IL,יין אדום לקידוש,ליטרים,1.00,ליטר,false,0,12.90,12.90,true,1,
7296073129974,false,"סלט חומוס מזרחי ""יש"" 1קג",סלטי שמיר,IL,חומוס מזרחי,קילוגרמים,1.00,"ק""ג",false,0,11.90,11.90,true,1,
7296073133780,false,קמח יש,,IL,קמח יש,קילוגרמים,1.00,"ק""ג",false,0,2.90,2.90,true,1,
7296073133933,false,ספגטי,,TR,ספגטי,גרמים,500.00,100 גרם,false,0,2.90,0.58,true,1,
7296073133940,false,ספגטיני,,TR,ספגטיני,גרמים,500.00,100 גרם,false,0,2.90,0.58,true,1,
7296073133964,false,צינורות,,IL,צינורות,גרמים,500.00,100 גרם,false,0,2.90,0.58,true,1,
7296073133971,false,קונכיות,,TR,קונכיות,גרמים,500.00,100 גרם,false,0,2.90,0.58,true,1,
7296073133988,false,"ספירלה ""יש500""גר",,TR,"ספירלה ""יש500""גר",גרמים,500.00,100 גרם,false,0,2.90,0.58,true,1,
7296073133995,false,שמן זית כתית,,ES,שמן זית כתית,מיליליטרים,750.00,"100 מ""ל",false,0,27.90,3.72,true,1,
7296073134107,false,ממחטות אף דו שכבתי צץ רץ,שניב תעשיות נייר,IL,"ממחטות אף ""יש""",יחידה,1.00,יחידה,false,0,9.90,9.90,true,1,
7296073134121,false,נייר חתוך לשבת 100*10 יח,שניב תעשיות נייר,IL,נייר חתוך לשבת,יחידה,1.00,יחידה,false,0,11.90,11.90,true,1,
7296073134503,false,"דבש ""יש"" 1 ק""ג",מכוורת עמק חפר,IL,דבש יש,קילוגרמים,1.00,"ק""ג",false,0,37.90,37.90,true,1,
7296073134527,false,"דבש ""יש"" 500 גרם",מכוורת עמק חפר,IL,דבש יש,גרמים,500.00,100 גרם,false,0,19.90,3.98,true,1,
7296073140511,false,"גביעי גלידה ""יש"" 105 גרם",גילרו,IL,גביעי גלידה,גרמים,105.00,100 גרם,false,0,6.90,6.57,true,1,
7296073141242,false,"סוכר ""יש"" 1 ק""ג",סוגת,IL,"סוכר ""יש"" 1 ק""ג",קילוגרמים,1.00,"ק""ג",false,0,3.90,3.90,true,1,
7296073142478,false,צ'יפס קלאסי יש 2.2קג,תפוגן,IL,צ'יפס קלאסי,קילוגרמים,2.20,"ק""ג",false,0,19.90,9.05,true,1,
7296073160960,false,מטיות ריצפה 4 יח,,IL,מטיות ריצפה 4 יח,יחידה,1.00,יחידה,false,0,7.90,7.90,true,1,
7296073160977,false,מטליות לניקוי,,IL,מטליות לניקוי,יחידה,1.00,יחידה,false,0,7.90,7.90,true,1,
7296073160984,false,גליל מטליות כללי,,IL,גליל מטליות כללי,יחידה,1.00,יחידה,false,0,14.90,14.90,true,1,
7296073161004,false,צמר פלדה 5 יח,,IL,צמר פלדה 5 יח,יחידה,1.00,יחידה,false,0,3.50,3.50,true,1,
7296073161042,false,סקוטש משובח 3 יח,,IL,סקוטש משובח 3 יח,יחידה,1.00,יחידה,false,0,6.90,6.90,true,1,
7296073161059,false,כרית יפנית 6 יח,,IL,כרית יפנית 6 יח,יחידה,1.00,יחידה,false,0,5.90,5.90,true,1,
7296073161066,false,ספוג פלא 6יח,,IL,ספוג פלא 6יח,יחידה,1.00,יחידה,false,0,6.90,6.90,true,1,
7296073162124,false,"קרקר שומשום ""יש"" 600 גרם",מגדנית הדר,IL,קרקר בקרטון 600ג,גרמים,600.00,100 גרם,false,0,9.90,1.65,true,1,
7296073162131,false,"קרקר בקרטון מלח""יש600""ג",מגדנית הדר,IL,קרקר 600 גרם,גרמים,600.00,100 גרם,false,0,9.90,1.65,true,1,
7296073187707,false,"פסטה מסולסלת""יש",,IL,"פסטה מסולסלת""יש",גרמים,500.00,100 גרם,false,0,2.90,0.58,true,1,
7296073225447,false,"קפה נמס ""יש""",,IL,"קפה נמס ""יש""",גרמים,200.00,100 גרם,false,0,12.90,6.45,true,1,
7296073237419,false,"חציל במיונז ""יש"" 900 גרם",סלטי שמיר,IL,חציל במיונז,גרמים,900.00,100 גרם,false,1,11.90,1.32,true,1,
7296073237433,false,"טחינה ""יש"" 900 גרם",סלטי שמיר,IL,טחינה 900 גרם,גרמים,900.00,100 גרם,false,1,11.90,1.32,true,1,
7296073249207,false,מטלית מיקרופייבר 4 יח,מ.א. ייצור ןיבוא מטליות,CN,מטלית מיקרופייבר,יחידה,1.00,יחידה,false,1,4.90,4.90,true,1,
7296073249214,false,מטלית מיקרופייבר לריצפה,מ.א. ייצור ןיבוא מטליות,CN,מטלית מיקרופייבר,יחידה,1.00,יחידה,false,1,13.90,13.90,true,1,
7296073260950,false,"קמח חיטה מנופה ""יש"" 1 קג",שטיבל,IL,"קמח מנופה1ק""ג",קילוגרמים,1.00,"ק""ג",false,1,4.90,4.90,true,1,
7296073272939,false,"אטריות דקות ""יש"" 400 גרם",שיבולים בני דרום,IL,"אטריות דקות""יש""",גרמים,400.00,100 גרם,false,1,3.90,0.98,true,1,
7296073295839,false,"איטריות דקיקות""יש"" 400ג'",שיבולים בני דרום,IL,איטריות דקיקות,גרמים,400.00,100 גרם,false,1,3.90,0.98,true,1,
7296073297116,false,"נוזל כלים ""יש"" צהוב 750","סאסאטק אגש""ח בע""מ",IL,נ.כלים צהוב,מיליליטרים,750.00,"100 מ""ל",false,1,5.90,0.79,true,1,
7296073297123,false,"נוזל כלים ""יש"" ירוק 750","סאסאטק אגש""ח בע""מ",IL,נ.כלים תפוח ירוק,מיליליטרים,750.00,"100 מ""ל",false,1,5.90,0.79,true,1,
7296073297130,false,"נוזל כלים ""יש"" ירוק 4 ל'","סאסאטק אגש""ח בע""מ",IL,נוזל כלים יש 4ל',ליטרים,4.00,ליטר,false,1,19.90,4.98,true,1,
7296073297147,false,שמפו רצפות סחלבים יש 4ל',"סאסאטק אגש""ח בע""מ",IL,שמפו רצפות 4ליטר,ליטרים,4.00,ליטר,false,1,9.90,2.48,true,1,
7296073297154,false,שמפו רצפות אורנים יש 4ל',"סאסאטק אגש""ח בע""מ",IL,שמפו רצפות 4ליטר,ליטרים,4.00,ליטר,false,1,9.90,2.48,true,1,
7296073297161,false,שמפו רצפות אוקיינוס יש 4,"סאסאטק אגש""ח בע""מ",IL,שמפו רצפות 4ליטר,ליטרים,4.00,ליטר,false,1,9.90,2.48,true,1,
7296073297178,false,אקונומיקה מבושמת יש 4 ל',"סאסאטק אגש""ח בע""מ",IL,אקונומיקה יש 4 ל,ליטרים,4.00,ליטר,false,1,6.90,1.73,true,1,
7296073297185,false,סבון נוזלי לידיים כחול,סאסא קוסמטיקס,IL,סבון נוזלי,מיליליטרים,1500.00,"100 מ""ל",false,1,9.90,0.66,true,1,
7296073297192,false,סבון נוזלי לידיים ורוד,סאסא קוסמטיקס,IL,סבון נוזלי,מיליליטרים,1500.00,"100 מ""ל",false,1,9.90,0.66,true,1,
7296073297208,false,סבון נוזלי לידיים לבן,סאסא קוסמטיקס,IL,סבון נוזלי,מיליליטרים,1500.00,"100 מ""ל",false,1,9.90,0.66,true,1,
7296073323815,false,מרכך כביסה כחול 4 ליטר,סאסאטק,IL,מרכך כביסה 4ליטר,ליטרים,4.00,ליטר,false,1,12.90,3.23,true,1,
7296073323822,false,מרכך כביסה ורוד 4 ליטר,סאסאטק,IL,מרכך כביסה4 ליטר,ליטרים,4.00,ליטר,false,1,12.90,3.23,true,1,
7296073323839,false,מרכך כביסה לבן 4 ליטר,סאסאטק,IL,מרכך כביסה 4ליטר,ליטרים,4.00,ליטר,false,1,12.90,3.23,true,1,
7296073323846,false,מ.כביסה מרוכז יש כחול 1ל,סאסאטק,IL,מ.כביסה מרוכז 1ל,ליטרים,1.00,ליטר,false,1,8.90,8.90,true,1,
7296073323853,false,מ.כביסה מרוכז יש ורוד 1ל,סאסאטק,IL,מ.כביסה מרוכז 1ל,ליטרים,1.00,ליטר,false,1,8.90,8.90,true,1,
7296073323860,false,מ.כביסה מרוכז יש סגול 1ל,סאסאטק,IL,מ.כביסה מרוכז,ליטרים,1.00,ליטר,false,1,8.90,8.90,true,1,
7296073324881,false,"8 מפות ניילון ח""פ יש עבה",טופ פלסט,IL,מפות ניילון 8 יח,יחידה,1.00,יחידה,false,1,8.90,8.90,true,1,
7296073324898,false,"6 מפות ניילון ח""פ יש עבה",טופ פלסט,IL,מפות ניילון 6 יח,יחידה,1.00,יחידה,false,1,8.90,8.90,true,1,
7296073328834,false,"טרופיקס ""יש"" 40 יחידות",דודו הדיל,IL,"טרופיקס ""יש"" 40",ליטרים,8.00,ליטר,false,1,34.90,4.36,true,1,
7296073328841,false,"משקה הקפאה ""יש"" 100*8 מל",דודו הדיל,IL,"משקה הקפאה ""יש""",מיליליטרים,800.00,"100 מ""ל",false,1,2.90,0.36,true,1,
7296073329527,false,"מפות ניילון ח""פ ""יש"" 6יח",טופ פלסט,IL,מפת ניילון 6יח,יחידה,1.00,יחידה,false,1,4.90,4.90,true,1,
7296073329534,false,"מפות ניילון ח""פ ""יש"" 8יח",טופ פלסט,IL,מפת ניילון 8 יח,יחידה,1.00,יחידה,false,1,4.90,4.90,true,1,
7296073339922,false,מרכך כביסה סגול 4 ליטר,סאסאטק,IL,מרכך כביסה 4ליטר,ליטרים,4.00,ליטר,false,1,12.90,3.23,true,1,
7296073339939,false,מ.כביסה מרוכז יש שחור 1ל,סאסאטק,IL,מרכך כביסה 1ליטר,ליטרים,1.00,ליטר,false,1,8.90,8.90,true,1,
7296073340980,false,מפת ניילון יש 45*1.35מטר,טופ פלסט,IL,"גליל מפה ""יש"" 45",מטרים,45.00,מטר,false,1,29.90,0.66,true,1,
7296073342151,false,"רדיד אלומיניום רחב ""יש""",טופ פלסט,IL,רדיד אלומיניום ר,מטרים,25.00,מטר,false,1,15.90,0.64,true,1,
7296073342168,false,"רדיד אלומיניום צר ""יש""",טופ פלסט,IL,רדיד אלומיניום,מטרים,30.00,מטר,false,1,14.90,0.50,true,1,
7296073349389,false,"מנקה חלונות ""יש"" 1 ליטר",קומפלקס כימיקלים,IL,מנקה חלונות 1 לי,ליטרים,1.00,ליטר,false,1,4.90,4.90,true,1,
7296073361466,false,מפת ניילון יש 50*1.52מטר,,IL,גליל מפת ניילון,מטרים,50.00,מטר,false,1,29.90,0.60,true,1,
7296073365723,false,"טחינה ""יש"" 500 גרם",הנסיך,IL,"טחינה ""יש500""גרם",גרמים,500.00,100 גרם,false,1,8.90,1.78,true,1,
7296073367680,false,"מסיר שומנים ""יש"" 1 ליטר",קומפלקס כימיקלים בעמ,IL,"מסיר שומנים""יש",ליטרים,1.00,ליטר,false,1,11.90,11.90,true,1,
7296073369332,false,"קמח מלא מנופה ""יש"" 1 ק""ג",שטיבל,IL,קמח מלא,קילוגרמים,1.00,"ק""ג",false,1,5.90,5.90,true,1,
7296073369349,false,קמח כוסמין מנופה יש 1 קג,שטיבל,IL,קמח כוסמין,קילוגרמים,1.00,"ק""ג",false,1,7.90,7.90,true,1,
7296073369998,false,"גפרורים ענקיים ""יש""",,SE,"גפרורים ענקיים """,יחידה,1.00,יחידה,false,1,3.90,3.90,true,1,
7296073370000,false,"מארז גפרורים ""יש"" 10 יח'",,SE,גפרורים יש,יחידה,1.00,יחידה,false,1,2.90,2.90,true,1,
7296073380177,false,מארז שקיות אוכל יש 150*2,בריזה,IL,מארז שקיות אוכל,יחידה,1.00,יחידה,false,1,5.90,5.90,true,1,
7296073389293,false,גפילטע פיש ירושלמי 560 ג,דג טעים,IL,גפילטעפיש 560 גר,גרמים,560.00,100 גרם,false,1,12.90,2.30,true,1,
7296073389309,false,גפילטע פיש הונגרי560 ג,דג טעים,IL,גפילטעפיש 560 גר,גרמים,560.00,100 גרם,false,1,12.90,2.30,true,1,
7296073389835,false,"צ'יפס אמריקאי ""יש 1.8ק""ג",תפוגן,IL,ציפס אמריקאי,קילוגרמים,1.80,"ק""ג",false,1,19.90,11.06,true,1,
7296073389842,false,"צ'יפס זיגזג ""יש"" 1.8 ק""ג",תפוגן,IL,"צ'יפס זיגזג ""יש""",קילוגרמים,1.80,"ק""ג",false,1,19.90,11.06,true,1,
7296073391722,false,"שמפו לשיער רגיל ""יש"" 700",טאהא קימיה,TR,שמפו קוקוס,מיליליטרים,700.00,"100 מ""ל",false,1,7.90,1.13,true,1,
7296073391739,false,"שמפו לשיער שמן ""יש"" 700",טאהא קימיה,TR,שמפו לשיער שמן,מיליליטרים,700.00,"100 מ""ל",false,1,7.90,1.13,true,1,
7296073391746,false,"שמפו לשיער יבש ""יש"" 700",טאהא קימיה,TR,"שמפו לשיער ""יש""",מיליליטרים,700.00,"100 מ""ל",false,1,7.90,1.13,true,1,
7296073391753,false,"שמפו לשיער צבוע ""יש"" 700",טאהא קימיה,TR,"שמפו לשיער ""יש""",מיליליטרים,700.00,"100 מ""ל",false,1,7.90,1.13,true,1,
7296073391760,false,"שמפו לשיער פגום ""יש"" 700",טאהא קימיה,TR,שמפו לשיער פגום,מיליליטרים,700.00,"100 מ""ל",false,1,7.90,1.13,true,1,
7296073391777,false,"תחליב רחצה ""יש"" ורדים",טאהא קימיה,TR,"תחליב רחצה ""יש""",מיליליטרים,700.00,"100 מ""ל",false,1,7.90,1.13,true,1,
7296073391784,false,"3ב1- שמפו מרכך וג'ל ""יש""",טאהא קימיה,TR,3ב1- שמפו מרכך ו,מיליליטרים,700.00,"100 מ""ל",false,1,7.90,1.13,true,1,
7296073391791,false,"תחליב רחצה ""יש"" וניל שקד",טאהא קימיה,TR,"תחליב רחצה ""יש""",מיליליטרים,700.00,"100 מ""ל",false,1,7.90,1.13,true,1,
7296073391807,false,"תחליב רחצה ""יש"" כותנה",טאהא קימיה,TR,"תחליב רחצה ""יש""",מיליליטרים,700.00,"100 מ""ל",false,1,7.90,1.13,true,1,
7296073391845,false,שלישיית מברשות שיניים יש,באנאט,TR,מארז מברשות שיני,יחידה,1.00,יחידה,false,1,5.90,5.90,true,1,
7296073392804,false,סילאן טבעי 100% 900 גרם,משק צור,IL,סילאן טבעי,גרמים,900.00,100 גרם,false,1,17.90,1.99,true,1,
7296073392811,false,סילאן לחיץ 350 גרם,משק צור,IL,סילאן לחיץ,גרמים,350.00,100 גרם,false,1,12.90,3.69,true,1,
7296073395232,false,חטיף חיטה גריל יש 70 גרם,מנה,IL,חטיף חיטה גריל,גרמים,70.00,100 גרם,false,1,1.90,2.71,true,1,
7296073395249,false,חטיף חיטה ברביקיו יש 70ג,מנה,IL,חטיף חיטה ברביקי,גרמים,70.00,100 גרם,false,1,1.90,2.71,true,1,
7296073395256,false,חטיף חיטה פלאפל יש 70גרם,מנה,IL,חטיף חיטה פלאפל,גרמים,70.00,100 גרם,false,1,1.90,2.71,true,1,
7296073395263,false,חטיף חיטה פיצה יש 70 גרם,מנה,IL,חטיף טעם פיצה,גרמים,70.00,100 גרם,false,1,1.90,2.71,true,1,
7296073395270,false,חטיף חיטה בצל יש 70 גרם,מנה,IL,חטיף חיטה בצל,גרמים,70.00,100 גרם,false,1,1.90,2.71,true,1,
7296073395836,false,"מרכך לשיער שמן ""יש"" 700",טאהא קימיה,TR,"מרכך שיער ""יש""",מיליליטרים,700.00,"100 מ""ל",false,1,7.90,1.13,true,1,
7296073395843,false,"מרכך לשיער צבוע ""יש"" 700",טאהא קימיה,TR,"מרכך שיער ""יש""",מיליליטרים,700.00,"100 מ""ל",false,1,7.90,1.13,true,1,
7296073395850,false,"מרכך לשיער פגום ""יש"" 700",טאהא קימיה,TR,"מרכך שיער ""יש""",מיליליטרים,700.00,"100 מ""ל",false,1,7.90,1.13,true,1,
7296073395874,false,"מרכך לשיער יבש ""יש"" 700",טאהא קימיה,TR,"מרכך שיער ""יש""",מיליליטרים,700.00,"100 מ""ל",false,1,7.90,1.13,true,1,
7296073395911,false,מברשת שיניים פרימיום יש,באנאט,IL,מברשת שיניים,יחידה,1.00,יחידה,false,1,5.90,5.90,true,1,
7296073395928,false,תרסיס מתיר קשרים לילד יש,בי.אף.אף,TR,תרסיס מתיר קשרים,מיליליטרים,400.00,"100 מ""ל",false,1,9.90,2.48,true,1,
7296073395935,false,קרם מתיר קשרים לילדים,בי.אף.אף,TR,קרם מתיר קשרים,מיליליטרים,400.00,"100 מ""ל",false,1,9.90,2.48,true,1,
7296073395942,false,"שמפו לילדים ""יש"" 1 ליטר",בי.אף.אף,TR,"שמפו לילדים ""יש""",ליטרים,1.00,ליטר,false,1,12.90,12.90,true,1,
7296073395959,false,מרכך שיער לילדים יש 1ל,בי.אף.אף,TR,מרכך שיער לילדים,ליטרים,1.00,ליטר,false,1,12.90,12.90,true,1,
7296073396512,false,"פתי בר וניל ""יש"" 2 ק""ג",הדר,IL,"פתי בר וניל ""יש""",קילוגרמים,2.00,"ק""ג",false,1,19.90,9.95,true,1,
7296073396529,false,"פתי בר שוקו ""יש"" 2 ק""ג",הדר,IL,"פתי בר שוקו ""יש""",קילוגרמים,2.00,"ק""ג",false,1,19.90,9.95,true,1,
7296073398899,false,"שלוקונים חטיפי משקה ""יש""",דודו הדיל,IL,שלוקונים חטיפי מ,ליטרים,2.10,ליטר,false,1,9.90,4.71,true,1,
7296073401353,false,"מרסס מסיר עובש ""יש"" 1 לי",סאסאטק,IL,מסיר עובש 1ליטר,ליטרים,1.00,ליטר,false,1,7.90,7.90,true,1,
7296073401360,false,"מרסס אקונומיקה""יש"" 1ליטר",סאסאטק,IL,מרסס אקונומיקה,ליטרים,1.00,ליטר,false,1,7.90,7.90,true,1,
7296073401377,false,"ניקוי כללי ""יש"" 1 ליטר",סאסאטק,IL,ניקוי כללי 1 ליט,ליטרים,1.00,ליטר,false,1,7.90,7.90,true,1,
7296073401582,false,מארז קפה שחור יש 100*4 ג,רוני רג'ואן ושות,IL,קפה שחור 4יח,גרמים,400.00,100 גרם,false,1,17.90,4.48,true,1,
7296073401599,false,"קפה טורקי שחור""יש100""ג",רוני רג'ואן ושות',IL,קפה שחור100גרם,גרמים,100.00,100 גרם,false,1,5.90,5.90,true,1,
7296073402275,false,"דבש לחיץ ""יש"" 250 גרם",מכוורת עמק חפר,IL,דבש לחיץ250גרם,גרמים,250.00,100 גרם,false,1,12.90,5.16,true,1,
7296073402930,false,"שקיות אשפה יש 90*75 ס""מ",טופ פלסט,IL,שקיות אשפה,יחידה,1.00,יחידה,false,1,9.90,9.90,true,1,
7296073402947,false,"שקיות אשפה יש 70*55 ס""מ",טופ פלסט,IL,שקיות אשפה,יחידה,1.00,יחידה,false,1,9.90,9.90,true,1,
7296073403388,false,"נ.טואלט""יש""תלת שכבתי 32",שניב,IL,נ.טואלט לבן,יחידה,1.00,יחידה,false,1,29.90,29.90,true,1,
7296073403395,false,"מגבות נייר ""יש"" 6 גלילים",שניב,IL,מגבות יש,מטרים,21.00,מטר,false,1,14.90,0.71,true,1,
7296073407751,false,ג'ל הגייני לידיים יש 500,,TR,"ג'ל ידיים 500 מ""",מיליליטרים,500.00,"100 מ""ל",false,1,19.90,3.98,true,1,
7296073408857,false,"שקדי מרק ""יש"" 600 גרם",מנה,IL,"שקדי מרק ""יש""",גרמים,600.00,100 גרם,false,1,8.80,1.47,true,1,
7296073413547,false,"נוזל כלים 24% לימון ""יש""",סאסא טק,IL,נוזל כלים1.6ליטר,ליטרים,1.60,ליטר,false,1,9.90,6.19,true,1,
7296073413554,false,"נוזל כלים24% תפוח ""יש""",סאסא טק,IL,נוזל כלים1.6ליטר,ליטרים,1.60,ליטר,false,1,9.90,6.19,true,1,
7296073413561,false,"נוזל כלים 24% לבנדר ""יש""",סאסא טק,IL,נוזל כלים1.6ליטר,ליטרים,1.60,ליטר,false,1,9.90,6.19,true,1,
7296073413790,false,"ממרח שוקולד ""יש"" 850 גרם",אר גי אם תעשיות,IL,ממרח שוקולד 850ג,גרמים,850.00,100 גרם,false,1,9.90,1.16,true,1,
7296073413813,false,שוקולד צ'יפס יש 500 גרם,מיה,IL,שוקולד ציפס500ג,גרמים,500.00,100 גרם,false,1,12.90,2.58,true,1,
7296073414742,false,מיץ ענבים אדום 1 ליטר,כרם מהדרין,IL,מיץ ענבים 1 ליטר,ליטרים,1.00,ליטר,false,1,11.90,11.90,true,1,
7296073415190,false,"שעועית בואקום ""יש"" 1 ק""ג",מיה,IL,שעועית בואקום1קג,קילוגרמים,1.00,"ק""ג",false,1,14.90,14.90,true,1,
7296073415206,false,גריסי פנינה בואקום יש 1ק,מיה,IL,"גריסי פנינה 1ק""ג",קילוגרמים,1.00,"ק""ג",false,1,11.90,11.90,true,1,
7296073415213,false,חומוס גדול בואקום יש 1קג,מיה,IL,"חומוס גדול 1 ק""ג",קילוגרמים,1.00,"ק""ג",false,1,14.90,14.90,true,1,
7296073415220,false,"אורז פרסי בואקום 1 ק""ג",מיה,IL,"אורז פרסי 1 ק""ג",קילוגרמים,1.00,"ק""ג",false,1,9.90,9.90,true,1,
7296073415237,false,אורז בסמטי בואקום יש 1קג,מיה,IL,"אורז בסמטי 1 ק""ג",קילוגרמים,1.00,"ק""ג",false,1,12.90,12.90,true,1,
7296073415855,false,לחם אחיד פרוס 750 גרם,דגנית עין בר,IL,לחם אחיד פרוס,יחידה,1.00,יחידה,false,0,4.90,4.90,true,1,
7296073415862,false,"מארז פיתות ""יש"" 10יחידות",דגנית עין בר,IL,פיתות 10יחידות,יחידה,1.00,יחידה,false,0,7.90,7.90,true,1,
7296073416142,false,מב.שיניים ורוד ילדים 2-5,,TR,מב.שיניים ורוד ל,יחידה,1.00,יחידה,false,1,3.90,3.90,true,1,
7296073416159,false,מב.שיניים כחול ילדים 2-5,,IL,מב.שיניים כחול י,יחידה,1.00,יחידה,false,1,3.90,3.90,true,1,
7296073416173,false,מב.שיניים כחול לילדים +5,,TR,מב.שיניים כחול ל,יחידה,1.00,יחידה,false,1,4.90,4.90,true,1,
7296073420736,false,חליטת קמומיל 25 שקיקים,תה עדנים,IL,חליטת קמומיל,גרמים,32.00,100 גרם,false,1,9.90,30.94,true,1,
7296073420767,false,חליטת קמומיל נענע 25 שק,תה עדנים,IL,קמומיל נענע,גרמים,37.00,100 גרם,false,1,9.90,26.76,true,1,
7296073420774,false,חליטת כורכום וג'ינג'ר 25,תה עדנים,IL,חליטת כורכום,יחידה,1.00,יחידה,false,1,9.90,9.90,true,1,
7296073420781,false,תה ירוק נענע 25 שקיקים,תה עדנים,IL,תה ירוק נענע,יחידה,1.00,יחידה,false,1,12.90,12.90,true,1,
7296073420804,false,תה נענע 25 שקיקים,תה עדנים,IL,תה נענע,גרמים,37.00,100 גרם,false,1,9.90,26.76,true,1,
7296073420811,false,תה ארל גריי יש 1.5*50גרם,תה עדנים,IL,תה ארל גריי,גרמים,75.00,100 גרם,false,1,12.90,17.20,true,1,
7296073420828,false,תה קלאסיק יש 1.5*100 גרם,תה עדנים,IL,"תה קלאסיק ""יש""",גרמים,150.00,100 גרם,false,1,9.90,6.60,true,1,
7296073427032,false,מארז מגבונים 72*6 דף,"טרופיקל דגיל בע""מ",IL,מארז מגבונים,יחידה,1.00,יחידה,false,1,19.90,19.90,true,1,
7296073427049,false,מטליות לחות לריצפה 10 יח,"טרופיקל דגיל בע""מ",IL,מט. לחות לריצפה,יחידה,1.00,יחידה,false,1,6.90,6.90,true,1,
7296073427063,false,"מטליות לחות לניקוי ""יש""","טרופיקל דגיל בע""מ",IL,מטליות לחות 50יח,יחידה,1.00,יחידה,false,1,4.90,4.90,true,1,
7296073427285,false,"אל סבון לתינוק 750 מ""ל",בי.אף.אף,TR,אל סבון לתינוק,מיליליטרים,750.00,"100 מ""ל",false,1,9.90,1.32,true,1,
7296073427292,false,שמפו לתינוק אל דמע 750 מ,בי.אף.אף,TR,"שמפו אל דמע750מ""",מיליליטרים,750.00,"100 מ""ל",false,1,9.90,1.32,true,1,
7296073427308,false,"תחליב רחצה לתינוק 750 מ""",בי.אף.אף,TR,תחליב רחצה 750מל,מיליליטרים,750.00,"100 מ""ל",false,1,9.90,1.32,true,1,
7296073441274,false,"שוקולד חלב ""יש"" 100 גרם",כרמית,IL,שוקולד חלב,גרמים,100.00,100 גרם,false,1,2.90,2.90,true,1,
7296073441304,false,שוקולד מריר יש 100*5 גרם,כרמית,IL,מאגדת שוקולד,גרמים,500.00,100 גרם,false,1,11.90,2.38,true,1,
7296073441564,false,"סטייק צ'יפס ""יש"" 1.8 ק""ג",תפוגן,IL,סטייק צ'יפס,קילוגרמים,1.80,"ק""ג",false,1,19.90,11.06,true,1,
7296073445456,false,תבניות אפיה משפחתיות 4יח,טופ פלסט,IL,תבניות אפיה 4יח,יחידה,1.00,יחידה,false,1,8.90,8.90,true,1,
7296073445647,false,ביסקוויט חצי מצופה 175 ג,הגביע,IL,ביסקוויט 175 גרם,גרמים,175.00,100 גרם,false,1,4.90,2.80,true,1,
7296073447078,false,טחינה שומשום מלא 500 גרם,אר גי אם תעשיות,IL,טחינה שומשום500ג,גרמים,500.00,100 גרם,false,1,9.90,1.98,true,1,
7296073447085,false,"טחינה שומשום 1 ק""ג",אר גי אם תעשיות,IL,"טחינה שומשום 1ק""",קילוגרמים,1.00,"ק""ג",false,1,15.90,15.90,true,1,
7296073449584,false,מלפפון במלח 560 גרם7-9,בית השיטה,IL,מלפפון במלח,גרמים,560.00,100 גרם,false,1,4.90,0.88,true,1,
7296073449591,false,מלפפון חומץ 560 ג 7-9,בית השיטה,IL,מלפפון בחומץ,גרמים,560.00,100 גרם,false,1,4.90,0.88,true,1,
7296073449607,false,מלפפון במלח 560 גרם10-12,בית השיטה,IL,מלפפון במלח,גרמים,560.00,100 גרם,false,1,5.90,1.05,true,1,
7296073449614,false,מלפפון בחומץ 10-12 560גר,בית השיטה,IL,מלפפון בחומץ,גרמים,560.00,100 גרם,false,1,5.90,1.05,true,1,
7296073449621,false,מלפפון במלח560גר,בית השיטה,IL,מלפפונים במלח,גרמים,560.00,100 גרם,false,1,7.70,1.38,true,1,
7296073449638,false,מלפפון בחומץ 560 13-17,בית השיטה,IL,מלפפון בחומץ,גרמים,560.00,100 גרם,false,1,7.70,1.38,true,1,
7296073449645,false,מלפפון במלח 560 גרם18-25,,IL,מלפפונים המלח,גרמים,560.00,100 גרם,false,1,8.80,1.57,true,1,
7296073449652,false,מלפפון בחומץ 560ג 18-25,בית השיטה,IL,מלפפון בחומץ,גרמים,560.00,100 גרם,false,1,8.80,1.57,true,1,
7296073450221,false,"פתי בר שוקו ""יש"" 500 גרם","אם החיטה בע""\מ",IL,פתי בר 500 גרם,גרמים,500.00,100 גרם,false,1,7.90,1.58,true,1,
7296073450238,false,"פתי בר וניל ""יש"" 500 גרם","אם החיטה בע""\מ",IL,פתי בר 500 גרם,גרמים,500.00,100 גרם,false,1,7.90,1.58,true,1,
7296073450924,false,"פתיתים מסולסלים לל""ג 400",מסימוזירו,IT,"פתיתים לל""ג 400ג",גרמים,400.00,100 גרם,false,1,17.90,4.48,true,1,
7296073459392,false,ממתק חמוץ קולה 20 גרם,טאייש,TR,ממתק חמוץ קולה,גרמים,20.00,100 גרם,false,1,0.90,4.50,true,1,
7296073459408,false,ממתק חמוץ תפוח 20 גרם,טאייש,TR,ממתק חמוץ תפוח,גרמים,20.00,100 גרם,false,1,0.90,4.50,true,1,
7296073484295,false,"אבקת סוכר ""יש"" 500 גרם",מיה,IL,א.סוכר 500 גרם,גרמים,500.00,100 גרם,false,1,5.90,1.18,true,1,
7296073484301,false,"שוקולד צ'יפס צימקאו""יש""",מיה,IL,ש.צ'יפס 500 גרם,גרמים,500.00,100 גרם,false,1,9.90,1.98,true,1,
7296073485155,false,אבקת קארי בשקית 80 גרם,תבליני יונה,IL,אבקת קארי 80 גרם,גרמים,80.00,100 גרם,false,1,2.90,3.63,true,1,
7296073485162,false,גריל דג בשקית 80 גרם,תבליני יונה,IL,גריל דג 80 גרם,גרמים,80.00,100 גרם,false,1,2.90,3.63,true,1,
7296073485179,false,חוויג' למרק בשקית 80 גרם,תבליני יונה,IL,חוויג' 80 גרם,גרמים,80.00,100 גרם,false,1,2.90,3.63,true,1,
7296073485186,false,קינמון טחון בשקית 80 גרם,תבליני יונה,IL,קינמון בשקית 80ג,גרמים,80.00,100 גרם,false,1,2.90,3.63,true,1,
7296073485193,false,אבקת שום בשקית 80 גרם,תבליני יונה,IL,אבקת שום 80גרם,גרמים,80.00,100 גרם,false,1,2.90,3.63,true,1,
7296073485209,false,גריל עוף בשקית 80 גרם,תבליני יונה,IL,גריל עוף 80גרם,גרמים,80.00,100 גרם,false,1,2.90,3.63,true,1,
7296073485216,false,זנגוויל בשקית 50 גרם,תבליני יונה,IL,זנגוויל 50גרם,גרמים,50.00,100 גרם,false,1,3.90,7.80,true,1,
7296073485223,false,תיבול לפרגיות בשקית 80 ג,תבליני יונה,IL,תבלין לפרגיות,גרמים,80.00,100 גרם,false,1,2.90,3.63,true,1,
7296073485254,false,פלפל לבן בשקית 50 גרם,תבליני יונה,IL,פלפל לבן 50 גרם,גרמים,50.00,100 גרם,false,1,3.90,7.80,true,1,
7296073485261,false,פלפל שחור גרוס בשקית50ג,תבליני יונה,IL,פלפל שחור גרוס,גרמים,50.00,100 גרם,false,1,3.90,7.80,true,1,
7296073485278,false,פלפל שחור טחון בשקית50ג,תבליני יונה,IL,פלפל שחור טחון,גרמים,50.00,100 גרם,false,1,3.90,7.80,true,1,
7296073485285,false,פפריקה חריפה בשקית 80 גר,תבליני יונה,IL,פפריקה חריפה 80ג,גרמים,80.00,100 גרם,false,1,2.90,3.63,true,1,
7296073485308,false,שום גבישי בשקית 50 גרם,תבליני יונה,IL,שום גבישי 50 גרם,גרמים,50.00,100 גרם,false,1,2.90,5.80,true,1,
7296073485315,false,כמון טחון בשקית 80 גרם,תבליני יונה,IL,כמון בשקית,גרמים,80.00,100 גרם,false,1,2.90,3.63,true,1,
7296073485322,false,כורכום בשקית 80 גרם,תבליני יונה,IL,כורכום בשקית80גר,גרמים,80.00,100 גרם,false,1,2.90,3.63,true,1,
7296073485353,false,חוויג' תימני במיכל 80 גר,תבליני יונה,IL,חוויג' במיכל80ג,גרמים,80.00,100 גרם,false,1,4.90,6.13,true,1,
7296073485377,false,קינמון טחון במיכל 80 גרם,תבליני יונה,IL,קינמון טחון 80 ג,גרמים,80.00,100 גרם,false,1,4.90,6.13,true,1,
7296073485407,false,אבקת גריל עוף במיכל 80 ג,תבליני יונה,IL,א.גריל עוף במיכל,גרמים,80.00,100 גרם,false,1,4.90,6.13,true,1,
7296073485445,false,תבלין לסטייק במיכל 80 גר,תבליני יונה,IL,תבלין לסטיק 80גר,גרמים,80.00,100 גרם,false,1,4.90,6.13,true,1,
7296073485452,false,תבלין לפרגיות במיכל 80 ג,תבליני יונה,IL,תבלין לפרגיות,גרמים,80.00,100 גרם,false,1,4.90,6.13,true,1,
7296073485483,false,תבלין על האש במיכל 80 גר,תבליני יונה,IL,תבלין על האש,גרמים,80.00,100 גרם,false,1,4.90,6.13,true,1,
7296073485513,false,פלפל שחור גרוס במיכל80ג,תבליני יונה,IL,פלפל שחור גרוס,גרמים,80.00,100 גרם,false,1,5.90,7.38,true,1,
7296073485537,false,פפריקה חריפה במיכל 80 גר,תבליני יונה,IL,פפריקה חריפה 80ג,גרמים,80.00,100 גרם,false,1,4.90,6.13,true,1,
7296073485544,false,פפריקה מתוקה במיכל 80 גר,תבליני יונה,IL,פפריקה מתוקה 80ג,גרמים,80.00,100 גרם,false,1,4.90,6.13,true,1,
7296073485575,false,תבלין שום גבישי במיכל80ג,תבליני יונה,IL,תבלין שום גבישי,גרמים,80.00,100 גרם,false,1,4.90,6.13,true,1,
7296073485599,false,כמון במיכל 80 גרם,תבליני יונה,IL,כמון במיכל80גרם,גרמים,80.00,100 גרם,false,1,4.90,6.13,true,1,
7296073485605,false,כורכום במיכל 80 גרם,תבליני יונה,IL,כורכוםבמיכל80גרם,גרמים,80.00,100 גרם,false,1,4.90,6.13,true,1,
7296073496397,false,"קרם קרקר ""יש"" 1 ק""ג",אפיפית,IL,"קרם קרקר 1 ק""ג",קילוגרמים,1.00,"ק""ג",false,1,16.90,16.90,true,1,
7296073496410,false,"בייגלה מלח ""יש"" 300 גרם",אפיפית,IL,בייגלה שמיניות,גרמים,300.00,100 גרם,false,1,3.90,1.30,true,1,
7296073496427,false,"בייגלה שומשום ""יש"" 300ג'",אפיפית,IL,בייגלה שמיניות,גרמים,300.00,100 גרם,false,1,3.90,1.30,true,1,
7296073496571,false,"ג'ל רחצה ""יש"" מועשר בשמן",טאהא קימיה,TR,"ג'ל רחצה ""יש""",מיליליטרים,700.00,"100 מ""ל",false,1,7.90,1.13,true,1,
7296073496588,false,"ג'ל רחצה ""יש"" אבוקדו",טאהא קימיה,TR,"ג'ל רחצה ""יש""",מיליליטרים,700.00,"100 מ""ל",false,1,7.90,1.13,true,1,
7296073496595,false,"ג'ל רחצה ""יש"" מקרמיה",מבשלות בירה ישראל,TR,"ג'ל רחצה ""יש""",מיליליטרים,700.00,"100 מ""ל",false,1,7.90,1.13,true,1,
7296073497066,false,פדים להסרת איפור 80*3 יח,IPAK,TR,פדים להסרת איפור,יחידה,1.00,יחידה,false,1,14.90,14.90,true,1,
7296073497073,false,"צמר גפן ""יש"" 100 גרם",IPAK,CN,צמר גפן,יחידה,1.00,יחידה,false,1,3.90,3.90,true,1,
7296073497080,false,מקלוני אוזניים לתינוק,קנגמין,CN,מקלוני אוזניים,יחידה,1.00,יחידה,false,1,4.90,4.90,true,1,
7296073497097,false,מקלוני צמר גפן עץ 200 יח,קנגמין,CN,מקלוני צמר גפן ע,יחידה,1.00,יחידה,false,1,2.90,2.90,true,1,
7296073497103,false,מקלוני אוזניים200 יח',קנגמין,CN,מקלוני אוזניים,יחידה,1.00,יחידה,false,1,3.90,3.90,true,1,
7296073497110,false,מקלוני צמר גפן עץ 100 יח,קנגמין,CN,מקלוני צמר גפן ע,יחידה,1.00,יחידה,false,1,1.00,1.00,true,1,
7296073497127,false,מד חום דיגיטלי,ונזו יוסו מדיקל,CN,מד חום דיגיטלי,יחידה,1.00,יחידה,false,1,14.90,14.90,true,1,
7296073516323,false,אננס פרוס בסירופ יש 565ג,FRUITCANNING KUIBURI,TH,אננס פרוס565גרם,גרמים,565.00,100 גרם,false,1,6.90,1.22,true,1,
7296073516330,false,קוקטיל פירות טרופי 565 ג,FRUITCANNING KUIBURI,TH,קוקטייל פירות,גרמים,565.00,100 גרם,false,1,7.90,1.40,true,1,
7296073526346,false,ביסקויט בצורת חיות 180 ג,אפיפית,IL,ביסקויט גן חיות,גרמים,180.00,100 גרם,false,1,2.90,1.61,true,1,
7296073526353,false,חטיפי קרקר מלח יש 180 גר,אפיפית,IL,חטיפי קרקר 180ג,גרמים,180.00,100 גרם,false,1,2.90,1.61,true,1,
7296073526360,false,חטיף קרקר שומשום יש 180ג,אפיפית,IL,חטיף קרקר 180גרם,גרמים,180.00,100 גרם,false,1,2.90,1.61,true,1,
7296073526506,false,"שמן קנולה ""יש"" 1 ליטר",ברוקלמן,DE,שמן קנולה 1 ליטר,ליטרים,1.00,ליטר,false,1,6.90,6.90,true,1,
7296073527657,false,בקר טחון קפוא 500 גרם,גלאט עוף,IL,בקר טחון 500 גרם,גרמים,500.00,100 גרם,false,1,44.90,8.98,true,1,
7296073528937,false,"כפפות ניטריל ""יש"" מידה M",,CN,"כפפות ח""פ 100יח",יחידה,1.00,יחידה,false,1,24.90,24.90,true,1,
7296073528944,false,"כפפות ניטריל ""יש"" מידה L",,CN,"כפפות ח""פ 100יח",יחידה,1.00,יחידה,false,1,24.90,24.90,true,1,
7296073528951,false,"כפפות ניטריל ""יש""מידה XL",,CN,"כפפות ח""פ",יחידה,1.00,יחידה,false,1,24.90,24.90,true,1,
7296073530961,false,פפריקה מתוקה בשמן צנצנת,תבליני יונה,IL,פפריקה מתוקה בשמ,גרמים,80.00,100 גרם,false,1,4.90,6.13,true,1,
7296073551737,false,"מזלג שקוף ""יש"" 50 יחידות",TRWP,TR,מזלג שקוף,יחידה,1.00,יחידה,false,1,7.90,7.90,true,1,
7296073551751,false,"מזלג לבן ""יש"" 50 יחידות",TRWP,TR,מזלג לבן,יחידה,1.00,יחידה,false,1,7.90,7.90,true,1,
7296073551768,false,"מזלג כסף ""יש"" 50 יחידות",TRWP,TR,מזלג כסף,יחידה,1.00,יחידה,false,1,7.90,7.90,true,1,
7296073551775,false,"מזלג זהב ""יש"" 50 יחידות",TRWP,TR,מזלג זהב,יחידה,1.00,יחידה,false,1,7.90,7.90,true,1,
7296073551782,false,"כף שקוף ""יש"" 50 יחידות",TRWP,TR,כף שקוף,יחידה,1.00,יחידה,false,1,7.90,7.90,true,1,
7296073551799,false,"כף קרם ""יש"" 50 יחידות",TRWP,TR,כף קרם,יחידה,1.00,יחידה,false,1,7.90,7.90,true,1,
7296073551805,false,"כף לבן ""יש"" 50 יחידות",TRWP,TR,כף לבן,יחידה,1.00,יחידה,false,1,7.90,7.90,true,1,
7296073551812,false,"כף כסף ""יש"" 50 יחידות",TRWP,TR,כף כסף,יחידה,1.00,יחידה,false,1,7.90,7.90,true,1,
7296073551829,false,"כף זהב ""יש"" 50 יחידות",TRWP,TR,כף זהב,יחידה,1.00,יחידה,false,1,7.90,7.90,true,1,
7296073551843,false,"סכין קרם ""יש"" 50 יחידות",TRWP,TR,סכין קרם,יחידה,1.00,יחידה,false,1,7.90,7.90,true,1,
7296073551850,false,"סכין לבן ""יש"" 50 יחידות",TRWP,TR,סכין לבן,יחידה,1.00,יחידה,false,1,7.90,7.90,true,1,
7296073551867,false,"סכין כסף ""יש"" 50 יחידות",TRWP,TR,סכין כסף,יחידה,1.00,יחידה,false,1,7.90,7.90,true,1,
7296073551874,false,"סכין זהב ""יש"" 50 יחידות",TRWP,TR,סכין זהב,יחידה,1.00,יחידה,false,1,7.90,7.90,true,1,
7296073551898,false,"כפית קרם ""יש"" 50 יחידות",TRWP,TR,כפית קרם,יחידה,1.00,יחידה,false,1,5.90,5.90,true,1,
7296073551911,false,"כפית כסף ""יש"" 50 יחידות",TRWP,TR,כפית כסף,יחידה,1.00,יחידה,false,1,5.90,5.90,true,1,
7296073551928,false,"כפית זהב ""יש"" 50 יחידות",TRWP,TR,כפית זהב,יחידה,1.00,יחידה,false,1,5.90,5.90,true,1,
7296073553212,false,"שקיות צליה ""יש"" 50*35ס""מ",RZPLASTIC,TR,"שקיות צליה ""יש""",יחידה,1.00,יחידה,false,1,6.90,6.90,true,1,
7296073553229,false,"שקיות צליה ""יש"" 25*38 ס""",RZPLASTIC,TR,"שקיות צליה ""יש""",יחידה,1.00,יחידה,false,1,6.90,6.90,true,1,
7296073553335,false,"קרקר מלח ""יש"" 110 גרם",אפיפית,IL,"קרקר מלח ""יש""",גרמים,110.00,100 גרם,false,1,2.90,2.64,true,1,
7296073553342,false,קרקר שומשום 110 גרם,אפיפית,IL,קרקר שומשום,גרמים,110.00,100 גרם,false,1,2.90,2.64,true,1,
7296073553359,false,"פתיבר ""יש"" 110 גרם",אפיפית,IL,פתיבר,גרמים,110.00,100 גרם,false,1,2.90,2.64,true,1,
7296073553366,false,"פתיבר שוקו ""יש"" 110 גרם",אפיפית,IL,פתיבר,גרמים,110.00,100 גרם,false,1,2.90,2.64,true,1,
7296073554271,false,"אבקת אפיה ""יש"" 10*10 גרם",מיה,IL,אבקת אפיה,גרמים,100.00,100 גרם,false,1,1.50,1.50,true,1,
7296073554288,false,"סוכר וניל ""יש"" 10*10גרם",מיה,IL,סוכר וניל10*10 ג,גרמים,100.00,100 גרם,false,1,1.50,1.50,true,1,
7296073564577,false,"ופלים ""יש"" טעם שוקולד 20",מנעמים,IL,"ופלים ""יש""",גרמים,200.00,100 גרם,false,1,2.90,1.45,true,1,
7296073564775,false,"וופלים ""יש"" טעם לימון",מנעמים,IL,"וופלים ""יש""",גרמים,200.00,100 גרם,false,1,2.90,1.45,true,1,
7296073564782,false,וופל במילוי קרם אגוזים,מנעמים,IL,וופלים 200 גרם,גרמים,200.00,100 גרם,false,1,2.90,1.45,true,1,
7296073567394,false,"נריות ""יש"" 4 שעות 72 יח'",השלושה,CN,"נריות ""יש""",יחידה,1.00,יחידה,false,1,19.90,19.90,true,1,
7296073567424,false,"נר נשמה ""יש"" 26 שעות",השלושה,CN,נר נשמה,יחידה,1.00,יחידה,false,1,1.20,1.20,true,1,
7296073567431,false,"נר נשמה ""יש"" 48 שעות",השלושה,CN,נר נשמה,יחידה,1.00,יחידה,false,1,3.90,3.90,true,1,
7296073567448,false,"נר נשמה שבועי ""יש"" .",השלושה,CN,נר נשמה שבועי,יחידה,1.00,יחידה,false,1,7.90,7.90,true,1,
7296073567455,false,נרות חימום 100 יחידות,השלושה,CN,נרות חימום,יחידה,1.00,יחידה,false,1,14.90,14.90,true,1,
7296073567462,false,"נרות חימום ""יש"" 4 שעות",השלושה,CN,נרות חימום,יחידה,1.00,יחידה,false,1,8.90,8.90,true,1,
7296073567547,false,עוגת שוקולד450 גרם,,IL,עוגת שוקולד450גר,גרמים,450.00,100 גרם,false,1,7.90,1.76,true,1,
7296073567561,false,עוגת תפוז 450 גרם,,IL,עוגת תפוז 450 גר,גרמים,450.00,100 גרם,false,1,7.90,1.76,true,1,
7296073567585,false,עוגת שיש 450 גרם,,IL,עוגת שיש 450גרם,גרמים,450.00,100 גרם,false,1,7.90,1.76,true,1,
7296073567684,false,צלחת ענקית קרם 25 יחידות,,CN,צלחת ענקית קרם,יחידה,1.00,יחידה,false,1,19.90,19.90,true,1,
7296073567707,false,צלחות קטנות קרם 25 יח',,CN,צלחת קטנה קרם,יחידה,1.00,יחידה,false,1,7.90,7.90,true,1,
7296073567776,false,צלחות ענקית כסף 25 יח',,CN,צלחות ענק כסף,יחידה,1.00,יחידה,false,1,19.90,19.90,true,1,
7296073567783,false,צלחות גדולות כסף 25 יח',,CN,צלחות גדולות,יחידה,1.00,יחידה,false,1,12.90,12.90,true,1,
7296073567790,false,צלחות קטנות כסף 25 יח',,CN,צלחות קטנות25 יח,יחידה,1.00,יחידה,false,1,7.90,7.90,true,1,
7296073567806,false,מרקיה כסף 25 יחידות,,CN,מרקיה כסף 25 יח',יחידה,1.00,יחידה,false,1,9.90,9.90,true,1,
7296073579199,false,צלחת ענקית זהב 25 יחידות,,CN,צלחת ענקית זהב,יחידה,1.00,יחידה,false,1,19.90,19.90,true,1,
7296073579205,false,צלחת גדולה זהב 25 יחידות,,CN,צלחת גדולה זהב,יחידה,1.00,יחידה,false,1,12.90,12.90,true,1,
7296073579212,false,צלחת קטנה זהב 25 יחידות,,CN,צלחת קטנה זהב,יחידה,1.00,יחידה,false,1,7.90,7.90,true,1,
7296073579229,false,מרקיה זהב 25 יחידות,,CN,מרקיה זהב 25 יח',יחידה,1.00,יחידה,false,1,9.90,9.90,true,1,
7296073579243,false,לפתנית זהב 25 יחידות,,CN,לפתנית זהב 25יח',יחידה,1.00,יחידה,false,1,4.90,4.90,true,1,
7296073579281,false,צלחת ענקית שקופה 25 יח',,CN,צלחת ענק שקופה,יחידה,1.00,יחידה,false,1,19.90,19.90,true,1,
7296073579298,false,צלחת גדולה שקופה 25יח',,CN,צלחת גדולה שקופה,יחידה,1.00,יחידה,false,1,12.90,12.90,true,1,
7296073579304,false,צלחת קטנה שקופה 25 יח',,CN,צלחת קטנה שקופה,יחידה,1.00,יחידה,false,1,7.90,7.90,true,1,
7296073579311,false,מרקיה שקופה 25 יחידות,,CN,מרקיה שקופה25יח',יחידה,1.00,יחידה,false,1,9.90,9.90,true,1,
7296073579342,false,מגש אובלי שקוף 25 יחידות,,CN,מגש אובלי שקוף,יחידה,1.00,יחידה,false,1,19.90,19.90,true,1,
7296073580515,false,פלאנקן לחמין,גלאט עוף,IL,פלאנקן לחמין,קילוגרמים,0.00,"ק""ג",true,1,99.90,99.90,true,1,
7296073592792,false,"חיתולי בייבי שלב ""NB1יש""",PAKTEN,TR,"חיתולי בייבי ""יש",יחידה,1.00,יחידה,false,1,27.90,27.90,true,1,
7296073592808,false,"חיתולי בייבי שלב 2 ""יש""",PAKTEN,TR,"חיתולי בייבי ""יש",יחידה,1.00,יחידה,false,1,27.90,27.90,true,1,
7296073592815,false,"חיתולי בייבי שלב 3 ""יש""",PAKTEN,TR,"חיתולי בייבי ""יש",יחידה,1.00,יחידה,false,1,27.90,27.90,true,1,
7296073592822,false,"חיתולי בייבי שלב 4 ""יש""",PAKTEN,TR,"חיתולי בייבי ""יש",יחידה,1.00,יחידה,false,1,27.90,27.90,true,1,
7296073592839,false,"חיתולי בייבי שלב+4 ""יש""",PAKTEN,TR,"חיתולי בייבי ""יש",יחידה,1.00,יחידה,false,1,27.90,27.90,true,1,
7296073592846,false,"חיתולי בייבי שלב 5 ""יש""",PAKTEN,TR,"חיתולי בייבי ""יש",יחידה,1.00,יחידה,false,1,27.90,27.90,true,1,
7296073592853,false,"חיתולי בייבי שלב 6 ""יש""",PAKTEN,TR,"חיתולי בייבי ""יש",יחידה,1.00,יחידה,false,1,27.90,27.90,true,1,
7296102061855,false,מטאטא ביאנקו + מ,,IL,מטאטא ביאנקו + מ,יחידה,1.00,יחידה,false,1,22.90,22.90,true,1,
7296102242711,false,יעה מפואר +מקל,אייפלסט,IL,יעה מפואר +מקל,יחידה,1.00,יחידה,false,1,14.90,14.90,true,1,
7296155150698,false,דלי פיה סופר,YIWU-KAI-WUN,CN,דלי פיה,יחידה,1.00,יחידה,false,1,12.90,12.90,true,1,
7296155152449,false,מגב יציקה סיליקון+מקל,קוצ'ינה,CN,מגב יציקה+מקל,יחידה,1.00,יחידה,false,1,29.90,29.90,true,1,
7296168001390,false,אציטון 100 גרם,איתן ספקים E,IL,אציטון,מיליליטרים,100.00,"100 מ""ל",false,0,4.90,4.90,true,1,
7296168018244,false,צמרוני אוזניים צבעוניים אקולוגים,,,צמרוני אוזניים,יחידה,1.00,יחידה,false,0,6.90,6.90,true,1,
7297292000310,false,בד צח סריגית רך ועדין 18 יח',כ.כיפות שיווק וסחר,IL,סריגית (בדית),יחידה,1.00,יחידה,false,0,6.90,6.90,true,1,
7297292000426,false,בדי טהרה היגיינים 18 יחי,,IL,בדי טהרה,יחידה,1.00,יחידה,false,1,9.90,9.90,true,1,
7297488099906,false,פתיתים טבעוניים בסגנון פרמז'ן טבעוני 10 יח',"טרופיקל דגיל בע""מ אז",IL,פרוסות קלאסי,גרמים,200.00,100 גרם,false,1,19.90,9.95,true,1,
7297507980000,false,רפידות הנקה אוליטה 30 יח,"מיס שריתה בע""מ",TH,רפידות הנקה,יחידה,1.00,יחידה,false,1,14.90,14.90,true,1,
7297507980024,false,בדי בדיקה לבן 18 יחידות,"מיס שריתה בע""מ",TH,בדי בדיקה,יחידה,1.00,יחידה,false,1,8.90,8.90,true,1,
7297507980284,false,נשכן קירור 1 יחידה,"מיס שריתה בע""מ",TH,נשכן קירור,יחידה,1.00,יחידה,false,1,6.90,6.90,true,1,
7297507980291,false,"משחת נעלים +ספוג "" שחור "" 60 מ""ל","מיס שריתה בע""מ",TH,משחת נעליים,מיליליטרים,60.00,"100 מ""ל",false,1,3.90,6.50,true,1,
7297507980314,false,"נוזל לצחצוח נעלים "" שחור "" 80 מ""ל","מיס שריתה בע""מ",TH,נוזל נעליים,יחידה,1.00,יחידה,false,1,3.90,3.90,true,1,
7297507980390,false,"בקבוק שתיה לתינוק עם ידית ""דואט"" 300 מ""ל","מיס שריתה בע""מ",TH,בקבוק לתינוק,יחידה,1.00,יחידה,false,1,15.90,15.90,true,1,
7297507980468,false,"ספוג רחצה רך שלישיה ""נחל""","מיס שריתה בע""מ",TH,ספוג רחצה,יחידה,1.00,יחידה,false,1,7.90,7.90,true,1,
7297507980475,false,"ספוג רחצה חצי מסאג' ""נהר ""","מיס שריתה בע""מ",TH,ספוג רחצה,יחידה,1.00,יחידה,false,1,3.90,3.90,true,1,
7297507980673,false,סינר מיקרופייבר לילדים גדול 2 יח',"מיס שריתה בע""מ",TH,זוג סינר,יחידה,1.00,יחידה,false,1,22.90,22.90,true,1,
7297507980680,false,"סכיני גילוח חד פעמיים , פס ריכוך אלוורה - 5 יחי",.,IL,סכיני גילוח,יחידה,1.00,יחידה,false,1,4.50,4.50,true,1,
7297507980697,false,קיסמי שיניים דנטליים 1 י,"מיס שריתה בע""מ",TH,קיסמי שיניים,יחידה,1.00,יחידה,false,1,8.90,8.90,true,1,
7297507980703,false,"כוס אימון אחיזה נוחה ""ולס""","מיס שריתה בע""מ",TH,כוס אימון,יחידה,1.00,יחידה,false,1,17.90,17.90,true,1,
7297507980765,false,פטמה צרה לבקבוק 3 יחידות,"מיס שריתה בע""מ",TH,פטמה צרה,יחידה,1.00,יחידה,false,1,4.90,4.90,true,1,
7297507980826,false,מספריים לתינוק 1 יחידה,"מיס שריתה בע""מ",TH,מספריים לתינוק,יחידה,1.00,יחידה,false,1,7.90,7.90,true,1,
7297507980833,false,מברשת מסרק לתינוק 1 יחיד,"מיס שריתה בע""מ",TH,מברשת לתינוק,יחידה,1.00,יחידה,false,1,7.60,7.60,true,1,
7297507980840,false,מחזיק מוצץ קליפס 1 יחידה,"מיס שריתה בע""מ",TH,מחזיק מוצץ,יחידה,1.00,יחידה,false,1,19.90,19.90,true,1,
7297507980857,false,"מתז לניקוי התינוק 150 מ""","מיס שריתה בע""מ",TH,מתז לניקוי תינוק,מיליליטרים,150.00,"100 מ""ל",false,1,11.90,7.93,true,1,
7297507980963,false,מוצץ סימטרי ברקת L 2 יחי,"מיס שריתה בע""מ",TH,מוצץ,יחידה,1.00,יחידה,false,1,20.90,20.90,true,1,
7297507980970,false,סינר מגבת,"מיס שריתה בע""מ",TH,סינר מגבת,יחידה,1.00,יחידה,false,1,14.90,14.90,true,1,
7297507981038,false,אלכוהול 70% אוליטה 100 מ,"מיס שריתה בע""מ",TH,אלכוהול,מיליליטרים,100.00,"100 מ""ל",false,1,5.50,5.50,true,1,
7297507981045,false,"אציטון אוליטה 100 מ""ל","מיס שריתה בע""מ",TH,אציטון,מיליליטרים,100.00,"100 מ""ל",false,1,2.90,2.90,true,1,
7297507981236,false,"בקבוק שתיה לתינוק 250 מ""ל שלישיה ""אקורד""","מיס שריתה בע""מ",TH,שלישיית בקבוקים,יחידה,1.00,יחידה,false,1,16.90,16.90,true,1,
7297507981243,false,מחזיק מוצץ קליפס+חוט יחי,,CN,מחזיק מוצץ,יחידה,1.00,יחידה,false,1,36.90,36.90,true,1,
7297507981298,false,שפתון וזלין אליטה 15 ג',,IL,שפתון וזלין,גרמים,10.00,100 גרם,false,1,5.90,59.00,true,1,
7297507981342,false,"מוצץ סיליקון אורטודנטי "" קרט "" קטן 4 יח'","מיס שריתה בע""מ",TH,מוצץ אורטודנטי,יחידה,1.00,יחידה,false,1,20.90,20.90,true,1,
7297507981397,false,רפידות הנקה 60 יח,,CN,רפידות הנקה 60יח,יחידה,1.00,יחידה,false,1,18.90,18.90,true,1,
7297507981410,false,"ספוג רחצה חצי מסאג' "" אוקיינוס """,מיס שריתה,CN,ספוג רחצה,יחידה,1.00,יחידה,false,1,7.90,7.90,true,1,
7297507981427,false,קיסמי שיניים עם חוט דנטל,,CN,קיסמי שיניים,יחידה,1.00,יחידה,false,1,9.90,9.90,true,1,
7297507981496,false,סכיני גילוח 3יח,.,CN,סכיני גילוח 3יח,יחידה,1.00,יחידה,false,1,14.90,14.90,true,1,
7297507981564,false,"בקבוק רחב לתינוק נבל 250 מ""ל",מיס שריתה,TH,בקבוק לתינוק,מיליליטרים,250.00,"100 מ""ל",false,1,19.90,7.96,true,1,
7297507981700,false,מברשת שיניים סיליקון .,"מיס שריתה בע""מ",TH,מברשת שיניים,יחידה,1.00,יחידה,false,1,17.90,17.90,true,1,
7380580005255,false,נייס שבלולים לשיער,,IL,אביזרים לבית,יחידה,1.00,יחידה,false,0,7.90,7.90,true,1,
7480588956563,false,נייס שבלולים לשיער,,IL,אביזרים לבית,יחידה,1.00,יחידה,false,0,9.90,9.90,true,1,
7509546666846,false,"קולגייט טוטאל משחת שיניים פחם 75 מ""ל",קולגייט פלמוליב,MX,טוטאל פחם,מיליליטרים,75.00,"100 מ""ל",false,1,21.90,29.20,true,1,
7610008056959,false,חטיף שוקולד במילוי 100 ג,שוקולה קמיל בלוך,CH,חטיף שוקולד,יחידה,1.00,יחידה,false,1,15.90,15.90,true,1,
7613039880807,false,גרבר מחית תפוח וגזר 190 גרם,נסטלה פולסקה אס.איי,PL,גרבר תפוח גזר,גרמים,190.00,100 גרם,false,1,5.90,3.11,false,1,
7622010001858,false,עוגיות אוראו ממולאות קרם וניל 176 גרם.,פי אר ג'\יי אס אי מנדלז,UA,עוגיות אוראו,גרמים,176.00,100 גרם,false,1,8.90,5.06,true,1,
7622201808631,false,אוראו מיני עוגיות ממולאות קרם וניל 67גרם,פי.טי. מונדלז אינדונ,ID,עוגיות אוראו מינ,גרמים,67.00,100 גרם,false,1,7.90,11.79,true,1,
7622300761363,false,אוראו מיני עוגיות ממולאות קרם שוקו 67 גר,פי.טי. מונדלז אינדונ,ID,עוגיות מיני אורא,גרמים,67.00,100 גרם,false,0,7.90,11.79,true,1,
7638900431803,false,סוללות אנרג'ייזר 12יחAAA,אנרגייזר,CN,סוללות12יחAAA,יחידה,1.00,יחידה,false,1,26.90,26.90,true,1,
7690589856667,false,נייס שבלולים לשיער,,IL,אביזרים לבית,יחידה,1.00,יחידה,false,0,12.90,12.90,true,1,
7702018978106,false,"ג'ילט - דאודורנט ג'ל לגבר ארטיק אייס 70 מ""ל",פרוקטר אנד גמבל,PL,דאו.קליר ג'ל,מיליליטרים,70.00,"100 מ""ל",false,0,16.90,24.14,true,1,
7790040420076,false,מיני אלפחורס בון בון 117 גר,ארקור,AR,אלפחורס עוגיות ב,גרמים,117.00,100 גרם,false,1,9.90,8.46,true,1,
7790580315986,false,סוכריות ממולאות תות 453ג' מהדרין,,AR,סוכריות ממולאות,גרמים,470.00,100 גרם,false,0,16.90,3.60,true,1,
7790580412654,false,מארז בון בון צהוב 270 גרם,ארקור,MX,בון בון צהוב270ג,גרמים,270.00,100 גרם,false,1,17.90,6.63,true,1,
7900250001006,false,NICE אביזרי שיער,,IL,אביזרים לבית,יחידה,1.00,יחידה,false,0,15.90,15.90,true,1,
7900250001013,false,מברשת שיער פן רחבה,,IL,אביזרים לבית,יחידה,1.00,יחידה,false,0,19.90,19.90,true,1,
8000380192243,false,וופלים לואקר מקסי בטעם אגוז 200 גר',לואקר Loacker,AT,וופל אגוז לואקר,גרמים,200.00,100 גרם,false,1,14.90,7.45,true,1,
8000380192250,false,וופלים לואקר מקסי בטעם שוקולד 200 גר',לואקר Loacker,AT,וופל שוקולד,גרמים,200.00,100 גרם,false,1,14.90,7.45,true,1,
8000380198221,false,"וופל לואקר מקסי דאבל שוקולד 200 גרם בד""צ",לואקר Loacker,AT,וופל דאבל שוקולד,גרמים,200.00,100 גרם,false,1,14.90,7.45,true,1,
8000500353738,false,רביעיה סוכריות בטעם מנטה חזק 4 * 16 ג' טחק טק,פררו,ZA,סוכריות טיק טק,גרמים,64.00,100 גרם,false,1,10.90,17.03,true,1,
8001090016003,false,"טבליות למדיח פיירי 84 יחידות בד""צ",פרוקטר אנד גמבל,BE,פיירי טבליות,יחידה,1.00,יחידה,false,1,59.90,59.90,true,1,
8001090156839,false,פמפרס בייבי דריי מידה 4 86 יח,פרוקטר & גמבל,TR,פמפרס אריזת ענק,יחידה,1.00,יחידה,false,1,69.90,69.90,true,1,
8001090184375,false,"פיירי נוזל לניקוי כלים קלאסי שקוף, 900 מ""ל",פרוקטר אנד גמבל,GB,פיירי לכלים,מיליליטרים,900.00,"100 מ""ל",false,1,12.90,1.43,true,1,
8001090268679,false,פמפרס בייבי דריי מידה 3 100 יח,פרוקטר & גמבל,TR,פמפרס אריזת ענק,יחידה,1.00,יחידה,false,1,69.90,69.90,true,1,
8001090316103,false,קפסולות לכתמים קשים 45 יח' אריאל,דיפלומט,FR,אריאל קפסולות,יחידה,1.00,יחידה,false,1,57.90,57.90,true,1,
8001090364319,false,קפסולות ג'ל לכביסה טייד אפקט פיירי 37 יח',פרוקטר & גמבל,FR,טייד קפסולות,יחידה,1.00,יחידה,false,1,59.90,59.90,true,1,
8001090368553,false,פמפרס בייבי דריי מידה 6 68 יח,פרוקטר & גמבל,TR,פמפרס אריזת ענק,יחידה,1.00,יחידה,false,1,69.90,69.90,true,1,
8001090379368,false,פמפרס פרימיום קר חיתולים שלב 4 34 יח VP,פרוקטר אנד גמבל,PL,פמפרס פרימיום,יחידה,1.00,יחידה,false,1,34.90,34.90,true,1,
8001090379399,false,פמפרס פרימיום קר חיתולים שלב 5 30 יח VP,פרוקטר אנד גמבל,PL,פמפרס פרימיום,יחידה,1.00,יחידה,false,1,34.90,34.90,true,1,
8001090458353,false,סבון כלים פעולה אנטי-בקטריאלית אקליפטוס,פרוקטר אנד גמבל,GB,פיירי א.בקטריאלי,מיליליטרים,515.00,"100 מ""ל",false,1,10.90,2.12,true,1,
8001090832450,false,"שמפו פנטן הנוסחה הקלאסית 660 מ""ל",פרוקטר אנד גמבל,RO,שמפו פנטן,מיליליטרים,660.00,"100 מ""ל",false,1,19.90,3.02,true,1,
8001090832535,false,"שמפו פנטן שמן מרוקאי משקם 660 מ""ל",פרוקטר אנד גמבל,RO,שמפו פנטן,מיליליטרים,660.00,"100 מ""ל",false,1,19.90,3.02,true,1,
8001090832573,false,"שמפו פנטן לחות מוגברת 660 מ""ל",פרוקטר אנד גמבל,RO,שמפו פנטן,מיליליטרים,660.00,"100 מ""ל",false,1,19.90,3.02,true,1,
8001090832610,false,"שמפו פנטן למגע רך כמשי 660 מ""ל",פרוקטר אנד גמבל,RO,שמפו פנטן,מיליליטרים,660.00,"100 מ""ל",false,1,19.90,3.02,true,1,
8001090832818,false,מרכך פנטן הנוסחה הקלאסית לשיער רגיל ומעורב,פרוקטר אנד גמבל,RO,מרכך פנטן,מיליליטרים,660.00,"100 מ""ל",false,1,19.90,3.02,true,1,
8001090832894,false,מרכך לשיער חלש ופגום לחות מוגברת,פרוקטר אנד גמבל,RO,מרכך פנטן,מיליליטרים,660.00,"100 מ""ל",false,1,19.90,3.02,true,1,
8001090832931,false,"פנטן 660 מ""ל קונדישינר למגע רך כמשי",פרוקטר אנד גמבל,RO,מרכך פנטן,מיליליטרים,660.00,"100 מ""ל",false,1,19.90,3.02,true,1,
8001841053806,false,תחבושות היגייניות אולוויז מקסי עבה לילה,פרוקטר אנד גמבל,HU,תחבושות אולוויז,יחידה,1.00,יחידה,false,1,12.90,12.90,true,1,
8001841062624,false,פמפרס מגבונים לחים ללא בישום רביעייה,פרוקטר אנד גמבל.,DE,מגבוני פמפרס 4יח,יחידה,1.00,יחידה,false,1,19.90,19.90,true,1,
8001841077949,false,מארז מגבוני פמפרס בניחוח מרענן - רביעייה,פרוקטר אנד גמבל,DE,מגבוני פמפרס 4יח,יחידה,1.00,יחידה,false,1,19.90,19.90,true,1,
8001841216584,false,תחבושות אולוויז אולטרה לילה בטוח,פרוקטר אנד גמבל,UA,תחבושות אולוייז,יחידה,1.00,יחידה,false,1,32.90,32.90,true,1,
8001841625362,false,"נוזל כלים בניחוח לימון פלטינום 780 מ""ל פיירי",פרוקטר אנד גמבל,GB,פיירי נוזל כלים,מיליליטרים,780.00,"100 מ""ל",false,1,12.90,1.65,true,1,
8001841625461,false,סבון כלים פלטינום X3 פעולות להסרת שומנים,פרוקטר אנד גמבל,GB,פיירי נוזל כלים,מיליליטרים,515.00,"100 מ""ל",false,1,10.90,2.12,true,1,
8005200256587,false,נסטי - תה קר בטעם אפרסק 1.5 ליטר,מפעל סאנפלגרינו S.P.A,IT,נסטי בטעם אפר,ליטרים,1.50,ליטר,false,0,8.90,5.93,true,1,
8005200286584,false,תה קר בטעם מנגו אננס נסטי 1.5 ליטר,מפעל סאנפלגרינו S.P.A,IT,נסטי מנגו אננ,ליטרים,1.50,ליטר,false,0,8.90,5.93,true,1,
8006540385067,false,הד&שולדרס MEN שמפו אולטרא ספורט מרענן540,URLATI GAMBLE & PROCTER,RO,ה&ש שמפו מן,מיליליטרים,540.00,"100 מ""ל",false,1,24.90,4.61,true,1,
8006540620403,false,"טייד אבקת כביסה אפקט פיירי 7 ק""ג",פרוקטר אנד גמבל,TR,טייד אבקת כביסה,קילוגרמים,7.00,"ק""ג",false,1,59.90,8.56,true,1,
8008857300238,false,פסטה רגיה 23 גליל תומר 500 גרם,פאסטופיציו אנטוניו,IT,פסטה גליל,גרמים,500.00,100 גרם,false,1,4.90,0.98,true,1,
8008857300603,false,פסטה רגיה 60 קונכיה 500 גרם,פאסטופיציו אנטוניו,IT,פסטה קונכיה,גרמים,500.00,100 גרם,false,1,4.90,0.98,true,1,
8008857300634,false,פסטה רגיה 19 תלתל תומר 500 גרם,פאסטופיציו אנטוניו,IT,פסטה תלתל,גרמים,500.00,100 גרם,false,1,4.90,0.98,true,1,
8076800195019,false,ברילה - צ.א ספגטי מס1 קפליני 500 גרם,ברילה גי.אי.אר פרטלי ס.פ,IT,ספגטי ברילה,גרמים,500.00,100 גרם,false,0,7.90,1.58,true,1,
8076800195057,false,ברילה - צ.א ספגטי מס5 חדש 500 גרם,ברילה גי.אי.אר פרטלי ס.פ,IT,ספגטי מס 5 ברילה,גרמים,500.00,100 גרם,false,0,7.90,1.58,true,1,
8076800195132,false,ברילה - צ.א בבטה מס13 500 גרם,ברילה גי.אי.אר פרטלי ס.פ,IT,אטריות בבטה,גרמים,500.00,100 גרם,false,0,7.90,1.58,true,1,
8076800315097,false,פסטה מקרוני בוקטיני מספר 9 ברילה 500 גרם,ברילה גי.אי.אר פרטלי ס.פ,IT,ספגטי בוקטיני,גרמים,500.00,100 גרם,false,0,7.90,1.58,true,1,
8076802085738,false,ברילה צ.ק פנה רגטה מס' 73 500 גרם,ברילה גי.אי.אר פרטלי ס.פ,IT,פנה ריגטה ברילה,גרמים,500.00,100 גרם,false,0,7.90,1.58,true,1,
8076802085981,false,ברילה - צ.ק פוזילי חדש 500 גרם,ברילה גי.אי.אר פרטלי ס.פ,IT,פוזילי ברילה,גרמים,500.00,100 גרם,false,0,7.90,1.58,true,1,
8076808050440,false,פסטה מקרוני מספר 44 ברילה 500 גרם,ברילה Barilla,IT,מקרוני ברילה,גרמים,500.00,100 גרם,false,0,7.90,1.58,true,1,
8076808150072,false,ברילה - צ.א ספגטוני מס7 חדש 500 גרם,ברילה גי.אי.אר פרטלי ס.פ,IT,ספגטי ברילה,גרמים,500.00,100 גרם,false,0,7.90,1.58,true,1,
8076809512268,false,פסטה גירנדולה טורסדס מספר 34 ברילה 500 גרם,ברילה גי.אי.אר פרטלי ס.פ,IT,פסטה גירנדולה,גרמים,500.00,100 גרם,false,0,7.90,1.58,true,1,
8076809513395,false,ברילה פומודורו רוטב עגבניות קלאסי 400 גר,ברילה גי.אי.אר פרטלי ס.פ,IT,רוטב עגבניות,גרמים,400.00,100 גרם,false,0,13.90,3.48,true,1,
8410076600622,false,חטיפי גרנולה קראנצ'י עם שוקולד מריר נייצ'ר ואלי 210 גרם,ג'נרל מילס סאן אדריאן,ES,נייצר וואלי שוקו,גרמים,210.00,100 גרם,false,0,14.90,7.10,true,1,
8410104039134,false,"מנקה ומחדש מדיח כלים פיניש 250 מ""ל",הדקלאים אגודת שיתופי,PL,פיניש ניקוי מדיח,מיליליטרים,250.00,"100 מ""ל",false,0,16.90,6.76,true,1,
8420822130624,false,"ספריי סופר מסיר כתמים 750מ""ל יעקבי",קה לורדה,ES,מסיר כתמים,מיליליטרים,750.00,"100 מ""ל",false,1,17.90,2.39,true,1,
8436575292205,false,ארטיק חמשושים מאגדת 15*12 גר',גלידות נסטלה )נגה גלידות,IL,מאגדת חמשושים,גרמים,180.00,100 גרם,false,1,19.90,11.06,true,1,
8682376710435,false,נייר טואלט 32 גלילים BELINNO,,TR,נייר טואלט 32 יח,יחידה,1.00,יחידה,false,1,27.90,27.90,true,1,
8683130025581,false,"מרכך כביסה מרוכז אקסטרה ענבר בדין 960 מ""ל",יבוא ושיווק: יוניליוור י,TR,מרכך בדין אקסטרה,מיליליטרים,960.00,"100 מ""ל",false,1,19.90,2.07,true,1,
8690637505607,false,בדין אקסטרה מרכך כביסה בניחוח פינוק כחול,יוניליוור סנאיי וי טיקאר,TR,מרכך כביסה בדין,מיליליטרים,960.00,"100 מ""ל",false,1,19.90,2.07,true,1,
8690637555084,false,"מרכך כביסה מרוכז אקסטרה פריחת התפוז בדין 960 מ""ל",יוניליוור סנאיי וי טיקאר,TR,מרכך בדין אקסטרא,מיליליטרים,960.00,"100 מ""ל",false,0,19.90,2.07,true,1,
8690637704277,false,"שמפו ומרכך לשיער רגיל 600 מ""ל דאב",יוניליוור טורקיה. אזור ת,TR,שמפו דאב,מיליליטרים,600.00,"100 מ""ל",false,0,21.90,3.65,true,1,
8690637704437,false,שמפו עם שמני הזנה לטיפוח לשיער יבש,יוניליוור סנאיי וי טיקאר,TR,שמפו דאב,מיליליטרים,600.00,"100 מ""ל",false,0,21.90,3.65,true,1,
8690637871061,false,"דאב שמפו עם שמן אבוקדו ותמצית קלנדולה 600 מ""ל",יונילוור - תורכיה,TR,שמפו דאב,מיליליטרים,600.00,"100 מ""ל",false,1,21.90,3.65,true,1,
8690784614771,false,דאק כדוריות ניקוי אסלה בניחוח רענן,דאופלור אס.פי.אי כונ,PL,דאק סבון אסלה,יחידה,1.00,יחידה,false,1,9.90,9.90,true,1,
8693495053693,false,מברשות 360 קולגייט 4 יח,,CN,מברשות 360 4 יח,יחידה,1.00,יחידה,false,1,34.90,34.90,true,1,
8697409841864,false,מטאטא ברייט פלור+מקל,קוצ'ינה,CN,מטאטא ברייט פלור,יחידה,1.00,יחידה,false,1,19.90,19.90,true,1,
8697425880090,false,מגב חלון פלורה,,IL,מגב חלון פלורה,יחידה,1.00,יחידה,false,0,6.90,6.90,true,1,
8697425880502,false,מגב רצפה איכותי+מקל,,TR,מגב+מקל,יחידה,1.00,יחידה,false,1,15.90,15.90,true,1,
8697425881158,false,יעה+גומי איטליה איכותי,קוצ'ינה,CN,יעה +גומי,יחידה,1.00,יחידה,false,1,5.90,5.90,true,1,
8698996005783,false,ממחטות טישו 100*7 יחידות,פאלאס,TR,מארז טישו 7 יח',יחידה,1.00,יחידה,false,1,14.90,14.90,true,1,
8710428005762,false,תרכובת מזון לתינוקות על בסיס חלבון סויה איזומיל טף שלב 2,"אבוט מעבדות רפואיות בע""מ",NL,סימילאק צמחי,גרמים,400.00,100 גרם,false,0,49.90,12.48,true,1,
8710502194825,false,מרבה - עוגיות שוקוצ'יפס כשר למהדרין 150 גרם,מרבה הולנד,NL,עוגיות שוקוצ'יפס,גרמים,150.00,100 גרם,false,1,6.90,4.60,true,1,
8710908326691,false,"תחליב רחצה פרח האדמונית דאב 750 מ""ל",יוניליוור גרמניה (בו,DE,תחליב רחצה דאב,מיליליטרים,750.00,"100 מ""ל",false,1,22.90,3.05,true,1,
8714789402918,false,נוזל לניקוי כללי ורצפות בניחוח פרחי בר אג'קס 1.5 ליטר,הנסיך- מפעל לייצור ט,GR,אג'קס לניקוי,ליטרים,1.50,ליטר,false,0,13.90,9.26,true,1,
8714789402932,false,נוזל לניקוי כללי ורצפות בניחוח ורדי בוקר אג'קס 1.5 ליטר,הנסיך- מפעל לייצור ט,GR,אג'קס לניקוי,ליטרים,1.50,ליטר,false,0,13.90,9.26,true,1,
8714789930848,false,"משחת שיניים אופטיק וייט הלבנה מיידית קולגייט 75 מ""ל",הנסיך- מפעל לייצור ט,PL,משחת קולגייט,מיליליטרים,75.00,"100 מ""ל",false,0,19.90,26.53,true,1,
8717163655764,false,"רקסונה - דאודורנט ספריי לאישה שוואר פרש 150 מ""ל","קוסטר אירוסול, גבזה 4140",GB,דאודורנט רקסונה,מיליליטרים,150.00,"100 מ""ל",false,1,17.90,11.93,true,1,
8717163655825,false,"רקסונה דאו' ספריי לנשים בניחוח כותנה, 150 מ""ל","קוסטר אירוסול, גבזה 4140",GB,דאודורנט רקסונה,מיליליטרים,150.00,"100 מ""ל",false,1,17.90,11.93,true,1,
8718951166561,false,משחת שיניים לרעננות מוגברת max fresh cooling crystals,הנסיך- מפעל לייצור ט,PL,משחת קולגייט מקס,מיליליטרים,125.00,"100 מ""ל",false,1,16.90,13.52,true,1,
8718951187115,false,זוג מברשות שיניים אלמקס לילדים גילאי 3-6,GABA TRISA SWIZ,CN,מברשות אלמקס 2יח,יחידה,1.00,יחידה,false,1,24.90,24.90,true,1,
8718951236790,false,"קולגייט טוטאל משחת שיניים קלין מינט לפה בריא 100 מ""ל",קולגייט פלמוליב,PL,קולגייט טוטל,מיליליטרים,100.00,"100 מ""ל",false,1,16.90,16.90,true,1,
8718951236806,false,"קולגייט טוטאל הלבנה משחת שיניים המסייעת בהסרת כתמים 100 מ""ל",קולגייט Colgate,PL,קולגייט טוטל,מיליליטרים,100.00,"100 מ""ל",false,1,16.90,16.90,true,1,
8718951240742,false,"קולגייט טוטאל משחת שיניים פסים מרעננים 100 מ""ל",קולגייט פלמוליב,PL,קולגייט טוטל,מיליליטרים,100.00,"100 מ""ל",false,1,16.90,16.90,true,1,
8718951315303,false,"קולגייט אדומה משחת שיניים להגנה מפני עששת 2*100 מ""ל",קולגייט-פלמוליב,PL,משחת קולגייט 2יח,מיליליטרים,200.00,"100 מ""ל",false,1,18.90,9.45,true,1,
8718951370135,false,פלמוליב ס.נוזלי ארומה סנסיישן גלואו 750,קולגייט פלמוליב,TR,סבון פלמוליב,מיליליטרים,750.00,"100 מ""ל",false,1,14.90,1.99,true,1,
8718951385290,false,נוזל לניקוי כללי ורצפות אג'קס 2 ליטר,קולגייט פלמוליב,GR,אג'קס ניקוי כללי,ליטרים,2.00,ליטר,false,1,21.90,10.95,true,1,
8718951428492,false,"פלמוליב סבון רחצה לגבר 4ב1 מועשר בפחם 750 מ""ל",שסטוביץ,TR,סבון רחצה לגבר,מיליליטרים,750.00,"100 מ""ל",false,1,14.90,1.99,true,1,
8719200998001,false,מרגרינה לאפיה ובישול בלי מלח 200 ג' בלו בנד,יוניליוור ישראל מזון בע\,IL,מרגרינה בלובנד,גרמים,200.00,100 גרם,false,1,4.30,2.15,true,1,
8719200998018,false,מחמאה מרגרינה בטעם חמאה בלובנד 200 גרם,"מיוצר ע""\י יוניליוור ישר",IL,מחמאה מרגרינה,גרמים,200.00,100 גרם,false,1,4.70,2.35,true,1,
8719200998032,false,"מרגרינה מזולה גלורי טעם חמאה 250גר 8 יחידות - כשל""פ","מיוצר ע""\י יוניליוור ישר",IL,מזולה טעם חמאה,גרמים,250.00,100 גרם,false,1,10.80,4.32,true,1,
8720181090202,false,תחליב רחצה עם שמן זית דאב 750 מל,"יוניליוור גרמניה, Gmbh &",DE,תחליב רחצה דאב,מיליליטרים,750.00,"100 מ""ל",false,1,22.90,3.05,true,1,
8720181090219,false,תחליב רחצה רימונים ותמצית פרח היביסקוס,"יוניליוור גרמניה, Gmbh &",DE,תחליב רחצה דאב,מיליליטרים,750.00,"100 מ""ל",false,1,22.90,3.05,true,1,
8720182256362,false,שישית דאב סבון מוצק קלאסי 90 גרם,יוניליוור גרמניה (בו,DE,סבון מוצק 6יח,גרמים,540.00,100 גרם,false,1,19.90,3.69,true,1,
8850389105825,false,משקה אלוורה בטעם ענבים סאפה 1 ליטר,סאפה פובליק קומפני לימיט,TH,סאפה ענבים,ליטרים,1.00,ליטר,false,0,12.90,12.90,true,1,
8850389105832,false,סאפה משקה אלוורה בטעם תפוח עם קוביות אלוורה 1 ליטר,סאפה פובליק קומפני לימיט,TH,סאפה תפוחים,ליטרים,1.00,ליטר,false,0,12.90,12.90,true,1,
8850389105849,false,סאפה משקה אלוורה מופחת קלוריות בטעם אפרסק 1 ליטר,סאפה פובליק קומפני לימיט,TH,סאפה אפרסק,ליטרים,1.00,ליטר,false,0,12.90,12.90,true,1,
8850389115336,false,משקה אלוורה בטעם מלון סאפה 1 ליטר,סאפה פובליק קומפני לימיט,TH,משקה אלוורה,ליטרים,1.00,ליטר,false,1,12.90,12.90,true,1,
8888021200256,false,סוללות אנרג'ייזר AA מקס 8 יחידות,יצרן: אנרג'ייזר סינג,SG,שמינית סוללות,יחידה,1.00,יחידה,false,0,24.90,24.90,true,1,
9001616202117,false,מאם מוצצים סיליקון 0-6 זמן לאהבה אפור,טרופיקל דגיל תעשיות,HU,2 מוצצי סיליקון,יחידה,1.00,יחידה,false,0,32.90,32.90,true,1,
9001616671579,false,מאם מוצצים סיליקון 0-6 אייר תכלת,מאם Mam,AT,מוצץ מאמ AIR 0-6,יחידה,1.00,יחידה,false,1,32.90,32.90,true,1,
9001616702662,false,זוג מוצצים סיליקון פרל מאמ 0-6 ורוד,General,HU,זוג מוצצים פרל 0,יחידה,1.00,יחידה,false,1,32.90,32.90,true,1,
9310088007015,false,דיפנד תחבושות אוברנייט בלילה,קימברלי-קלארק,VN,תחבושות דיפנד,יחידה,1.00,יחידה,false,0,19.90,19.90,true,1,
9843022871156,false,נר הבדלה דקורטיבי,,CN,נר הבדלה,יחידה,1.00,יחידה,false,1,19.90,19.90,true,1,
9843022871576,false,פתיל צמר אריזה+סגר,,IL,פתיל צמר גפן,יחידה,1.00,יחידה,false,1,3.90,3.90,true,1,
