code,internal_code,name,manufacturer_name,manufacture_country,manufacturer_item_description,unit_qty,quantity,unit_of_measure,weighted,qty_in_package,price,unit_of_measure_price,allow_discount,status,item_id
54051157,false,מעדן סויה טעם שוקו אלפרו רביעיה 125 ג',קריות זול,BE,מעדן סויה 4 יח',גרמים,500.00,100 גרם,false,0,17.90,3.58,true,1,
80044079,false,קינמון טחון אורגני 42 גר קנהמלה,קנהמלה,IT,קינמון טחון,גרמים,42.00,100 גרם,false,1,14.90,35.48,true,1,
80718765,false,טונה במים בצנצנת קלי,גיאצינטו קליפו,IT,טונה במים,גרמים,160.00,100 גרם,false,0,22.90,14.31,true,1,
16229914578,false,מי קוקוס טבעי פוקו 1 ל',ויט וורלד קומפני,VN,מי קוקוס טבעי,ליטרים,1.00,ליטר,false,1,23.90,23.90,true,1,
16229917593,false,מי קוקוס 100% פוקו 3,ויט וורלד קומפני,VN,מי קוקוס,מיליליטרים,330.00,"100 מ""ל",false,1,10.90,3.30,true,1,
16229917609,false,"מי קוקוס עם רימון 330מ""ל",ויט וורלד קומפני,VN,מי קוקוס ורימון,מיליליטרים,330.00,"100 מ""ל",false,1,10.90,3.30,true,1,
16229917616,false,"מי קוקוס + גויאבה 330מ""ל",ויט וורלד קומפני,VN,מי קוקוס+גויאבה,מיליליטרים,330.00,"100 מ""ל",false,1,10.90,3.30,true,1,
16229917654,false,"מי קוקוס בתוספת ליצי 330 מ""ל",ויט וורלד קומפני,VN,מי קוקוס+ליצ'י,מיליליטרים,330.00,"100 מ""ל",false,1,10.90,3.30,true,1,
30568115281,false,סוכריות ג'ינג'ר,,US,סוכריות ג'ינג'ר,גרמים,100.00,100 גרם,false,0,19.50,19.50,true,1,
30568115342,false,סוכריות תות מנגו 100 גרם,,US,סוכריות אורגניות,גרמים,100.00,100 גרם,false,1,19.50,19.50,true,1,
55369901673,false,אפלסנקס רביעיות רסק תפוחי עץ אפרסק ללא תוספת סוכר,ליייהי אורצ'רדס,CA,רסק תפוחים 4 יח,גרמים,452.00,100 גרם,false,0,14.90,3.30,true,1,
55369901703,false,"רסק אפל סנקס תפו""ע תות שדה לל""ס מארז 113X4ג'",ליייהי אורצ'רדס,CA,"רסק תפו""ע 4 יח",גרמים,452.00,100 גרם,false,0,14.90,3.30,true,1,
58449450009,false,דייסת אינסטנט מיקס 400 גרם,נייטשר פאת'\,US,דייסת אינסטנט,גרמים,400.00,100 גרם,false,0,28.90,7.23,true,1,
58449450634,false,"דייסה בטעמים לל""ג אורגני 320 גר",נייטשר פאת'\,US,דייסת אינסטנט,גרמים,320.00,100 גרם,false,1,37.90,11.84,true,1,
58449620044,false,"פצפוצי חיטת קמו מלא ללת""ס אורגני 170 גרם",נייטשר פאת',US,פצפוצי חיטה קמוט,גרמים,170.00,100 גרם,false,1,19.90,11.71,true,1,
58449779032,false,דגני טבעות תירס ואורז מלא 325 גר WHOLE,נאטשר פאת פוד,US,טבעות תירס ואורז,גרמים,325.00,100 גרם,false,0,22.90,7.05,true,1,
63517877145,false,פרנקיז חטיף אורגני גבינת צ'דר עם אורז מלא 113 גרם,,CA,חטיף אורגני,גרמים,113.00,100 גרם,false,1,19.90,17.61,true,1,
63517877169,false,פרנקיז חטיף אורגני ברביקיו עם אורז מלא 113 גרם,,CA,חטיף אורגני,גרמים,113.00,100 גרם,false,1,19.90,17.61,true,1,
75810001356,false,תמרי -רוטב סויה אורגני גדול 592 גרם,,US,רוטב סויה תמרי,מיליליטרים,592.00,"100 מ""ל",false,0,55.40,9.36,true,1,
75810021354,false,"רוטב סויה סאן גיי תמרי 592 מ""ל ללא גלוטן",סאן-ג'י,US,רוטב סויה תמרי,מיליליטרים,592.00,"100 מ""ל",false,0,46.90,7.92,true,1,
85696608037,false,טופו רך ללא גלוטן 340ג' (כ) Morinaga,Morinaga NUTRITIONAL,US,טופו רך,גרמים,340.00,100 גרם,false,0,10.00,2.94,true,1,
85696608044,false,טופו ללא גלוטן 349ג' (כ) Morinaga,Morinaga NUTRITIONAL,US,טופו ללא גלוטן,גרמים,340.00,100 גרם,false,0,10.00,2.94,true,1,
96086000003,false,קיטו מיני גריסיני בסיס קמח שקדים 200 גרם,מצות אביב 2014 מאפה בעמ,IL,קיטו מיני גריסינ,גרמים,200.00,100 גרם,false,1,23.90,11.95,true,1,
96086000294,false,לחמנ.קיטו קמח שקדים100*4,מצות אביב 2014 מאפה בעמ,IL,לחמניות קיטו 4יח,גרמים,400.00,100 גרם,false,1,29.90,7.48,true,1,
96086000560,false,קרקר חמישה דגנים אורגני 200 גרם,מצות אביב 2014 מאפה בעמ,IL,קרקר חמישה דגנים,גרמים,200.00,100 גרם,false,0,11.90,5.95,true,1,
96086000577,false,קרקר כוסמת אורגני 200 גרם,מצות אביב 2014 מאפה בעמ,IL,קרקר כוסמין,גרמים,200.00,100 גרם,false,0,11.90,5.95,true,1,
96086000676,false,"עוגיות מקמח כוסמין ציה ללת""ס 200 גרם",מצות אביב 2014 מאפה בעמ,IL,עוגיות כוסמין,גרמים,200.00,100 גרם,false,1,16.50,8.25,true,1,
96086000829,false,קיטו נודלס אטריות מלבבות דקל 255 גר,אינדוסטריה אגריקולה אקספ,EC,קיטו נודלס,גרמים,255.00,100 גרם,false,1,19.90,7.80,true,1,
96086000966,false,"קרקר כוסמין מלא ושומשום 200 גר' ""אביב""",מצות אביב,IL,קרקר כוסמין,גרמים,200.00,100 גרם,false,0,11.90,5.95,true,1,
96086001031,false,פירורי קיטו מקמח שקד,מצות אביב 2014 מאפה בעמ,IL,פירורי קיטו,גרמים,300.00,100 גרם,false,1,23.90,7.97,true,1,
308910525744,false,אטריות אורז דקות 454 גרם ורמיצ'לי (כ),ליאן תאי רייס,TH,איטריות אורז,גרמים,454.00,100 גרם,false,0,11.90,2.62,true,1,
621683920555,false,טינקיאדה אלבו פסטה ארוז ללא גלוטן 454 גר,,CA,פסטה ללא גלוטן,גרמים,454.00,100 גרם,false,0,23.90,5.26,true,1,
638102201010,false,חטיף על בסיס חלבון סויה שוקולד וחמאת בוטנים,"אבוט נוטרישן, מעבדות",US,חטיף זון בוטנים,גרמים,50.00,100 גרם,false,0,13.90,27.80,true,1,
728229123590,false,טרה אורגינל חטיף על בסיס ירקות שורש בטעם טבעי 110 גרם,הונדורס צ'יפס יצור א,HN,צ'יפס,גרמים,110.00,100 גרם,false,0,15.50,14.09,true,1,
728229123811,false,טרה חטיף על בסיס ירקות שורש בתיבול ים תיכוני 110 גרם,הונדורס צ'יפס יצור א,HN,צ'יפס מתובל,גרמים,110.00,100 גרם,false,0,15.50,14.09,true,1,
761720988183,false,ארגו אבקת אפיה ללא אלומיניאום 340 גר,איי סי אייץ,US,אבקת אפיה,גרמים,340.00,100 גרם,false,1,22.90,6.74,true,1,
770009011924,false,ניירות אפייה 100% טבעי 24 יח,Source Atlantique,IL,100% נייר אפייה,יחידה,1.00,יחידה,false,0,24.40,24.40,true,1,
801541040438,false,חליטת טולסי ג'ינג'ר 25שק,אורגניק אינדיה,IN,טולסי 25 שק.,גרמים,43.00,100 גרם,false,1,17.90,41.63,true,1,
801541050505,false,חליטת טולסי אורגינל 25שק,אורגניק אינדיה,IN,טולסי 25 שק.,גרמים,45.00,100 גרם,false,1,17.90,39.78,true,1,
801541080434,false,תה טולסי צ'אי מסאלה 25שק,אורגניק אינדיה,IN,חליטת טולסי,גרמים,52.00,100 גרם,false,1,17.90,34.42,true,1,
801541500086,false,טולסי לימון+ג'ינג'ר25,אורגניק אינדיה,IN,חליטת טולסי,גרמים,50.00,100 גרם,false,0,17.90,35.80,true,1,
801541508402,false,טולסי דבש קמומיל 25 ש,אורגניק אינדיה,IN,חליטת טולסי,גרמים,42.00,100 גרם,false,1,17.90,42.62,true,1,
801541512324,false,תה טולסי כורכום ג'ינגר25,אורגניק אינדיה,IN,טולסי 25 שק.,גרמים,47.00,100 גרם,false,1,17.90,38.09,true,1,
801541514243,false,חליטת טולסי יסמי 1.7*25ג,אורגניק אינדיה,IN,חליטת יסמין,יחידה,1.00,יחידה,false,1,17.90,17.90,true,1,
801541514274,false,תה טולסי קינמון ורדים25ש,אורגניק אינדיה,IN,תה טולסי 25 שק.,יחידה,1.00,יחידה,false,1,17.90,17.90,true,1,
801541514991,false,חליטת טולסי נענע 25שק,אורגניק אינדיה,IN,חל טולסי 25 שק.,יחידה,1.00,יחידה,false,1,17.90,17.90,true,1,
811961021191,false,אבק.תותי אסאי אורגני113ג,נביטס,US,אבקת תותי אסאי,גרמים,113.00,100 גרם,false,1,122.90,108.76,true,1,
833949000264,false,"סירופ מייפל אמיתי 100% אורגני 250 מ""ל",דיקסר קוויבק,CA,סירופ מייפל,מיליליטרים,250.00,"100 מ""ל",false,0,40.10,16.04,true,1,
833949000295,false,סירופ מייפל אמיתי 100% אורגני 1 ליטר,דיקסר,CA,סירופ מייפל אמית,ליטרים,1.00,ליטר,false,1,122.90,122.90,true,1,
842515020155,false,צימוקים סולטנה מיובשים בשמש אורגני 250 ג,קיי.אפ.סי,TR,צימוקים סולטנה,גרמים,250.00,100 גרם,false,1,26.90,10.76,true,1,
855694004380,false,לינגוויני מלבבות דקל340ג,,EC,לינגוויני לב.דקל,גרמים,340.00,100 גרם,false,1,21.90,6.44,true,1,
859605002052,false,חטיף צקי מאנקי עם בננה אורגני 60 גרם,סנקי,IL,צ'יקי מאנקי בננה,גרמים,60.00,100 גרם,false,1,7.90,13.17,true,1,
897581000365,false,מרשמלו טבעוני 283 גרם ללא גלוטן,גוד פוד פרודקטס S.p,US,מרשמלו טבעוני,גרמים,283.00,100 גרם,false,1,23.90,8.45,true,1,
897581000372,false,מיני מרשמלו טבעוני 283 גרם,,US,מיני מרשמלו,גרמים,283.00,100 גרם,false,1,23.90,8.45,true,1,
1230000116022,false,המבורגר ביונד מיט מארז זוגות 226ג,ביונד מיט קליפורניה ארהב,US,המבורגר ביונד מי,גרמים,226.00,100 גרם,false,1,39.90,17.65,true,1,
3067140243114,false,אבקה להכנת משקה על בסיס עולש בטעם קרמל,LEROUX COFFEE SUB,FR,תחליף קפה ציקורי,גרמים,100.00,100 גרם,false,0,30.00,30.00,true,1,
4007745058828,false,חרדל צרפתי גרגרים אורגני 200 גרם,נטורפוד בעמ,DE,חרדל גרגרים,גרמים,145.00,100 גרם,false,0,14.50,10.00,true,1,
4009300522966,false,תה ירוק עם נענע פומפדור 20 יחידות,"איטיליאן פוד, אס.פי.",DE,תה ירוק נענע,גרמים,30.00,100 גרם,false,0,23.50,78.33,true,1,
4009300527909,false,חליטת צמחים ג'ינג'ר כורכום ללא קפאין,ש. שסטוביץ בע`מ,DE,חליטת ג'ינג'ר,גרמים,80.00,100 גרם,false,1,20.00,25.00,true,1,
4009300529613,false,"חליטת צמחים אורגנית עם קמומיל, מליסה ויערת דבש","איטיליאן פוד, אס.פי.",,חליטת פומפדור,יחידה,1.00,יחידה,false,0,21.90,21.90,true,1,
4009300529699,false,"חליטת צמחים אורגנית עם מאטה, נענע וגרידת לימון","איטיליאן פוד, אס.פי.",,חליטת פומפדור,יחידה,1.00,יחידה,false,0,21.90,21.90,true,1,
4010442413357,false,פרוסות מנגו אורגני 100 ג,,DE,פרוסות מנגו,גרמים,100.00,100 גרם,false,1,20.90,20.90,true,1,
4014522180306,false,בודטה סוכריות אורגני מנטול ללא סוכר 100 גרם,,DE,סוכריות מנטול,גרמים,75.00,100 גרם,false,1,10.90,14.53,true,1,
4033634030071,false,קרקר כוסמין קינואה110ג,,DE,חטיף קרקר כוסמין,גרמים,110.00,100 גרם,false,1,12.90,11.73,true,1,
4033634030095,false,חטיף קרקר ציה אמרנט110ג,,DE,חטיף קרקר ציה,גרמים,110.00,100 גרם,false,1,12.90,11.73,true,1,
4033634066094,false,קרקר כוסמין מוזלי200,,DE,קרקרכוסמין מוזלי,גרמים,200.00,100 גרם,false,1,16.90,8.45,true,1,
4044889000054,false,ויואני-שוקולד אורגני מריר 85% 100 גר,אקופינה,DE,שוקולד אורגני,גרמים,100.00,100 גרם,false,0,19.50,19.50,true,1,
4044889002249,false,ויואני שוקולד אורגני מריר 92% 80 גרם,אקופינה,DE,שוקולד מריר,גרמים,80.00,100 גרם,false,1,19.50,24.38,true,1,
4044889002904,false,ויואני-שוקולד מריר אורגני 99% 80 גרם,אקופינה,DE,שוקולד אורגני,גרמים,80.00,100 גרם,false,1,19.50,24.38,true,1,
4100470106700,false,חומץ תפוחים אורגני-נטורפוד.,נטורפוד בעמ,DE,חומץ תפוחים,מיליליטרים,750.00,"100 מ""ל",false,0,22.90,3.05,true,1,
4260334140049,false,שוקולד גנדויה טבעוני עם אגוזי לוז 65 גר,וגו גוד,IT,שוקולד טבעוני,גרמים,65.00,100 גרם,false,1,12.90,19.85,true,1,
4260334140605,false,שוקולד ג'נדויה טבעוני עם אגוזי לוז שלמים 150 גרם ללא גלוטן,האי נאם סי או אל.טי.,IT,שוקולד טבעוני,גרמים,150.00,100 גרם,false,1,19.90,13.27,true,1,
4770577229062,false,סלק אדום מבושל אורגני500,.,LT,סלק אדום אורגני,גרמים,500.00,100 גרם,false,1,10.90,2.18,true,1,
4792032060454,false,"גרין קוקו - מי קוקוס אורגניים 330 מ""ל",נטורפוד בעמ,VN,מי קוקוס אורגני,מיליליטרים,330.00,"100 מ""ל",false,1,10.40,3.15,true,1,
4792059022053,false,קרם קוקוס אורגני 400 מ`ל,סי בי אל נטורל פודס,LK,קרם קוקוס,מיליליטרים,400.00,"100 מ""ל",false,1,12.90,3.23,true,1,
4903001925784,false,"רוטב סויה יאמאסה דל מלח 500מ""ל פרימיום",הדקלאים אגודת שיתופי,JP,רוטב סויה,מיליליטרים,500.00,"100 מ""ל",false,0,21.00,4.20,true,1,
5010067322453,false,טרוביה תחליף אבקת סוכר 280 גרם,גורי ע.ע.ע. בעמ,US,טרוביה אבקה,גרמים,280.00,100 גרם,false,1,35.90,12.82,true,1,
5010265002836,false,"פת פריכה אוריגינל שיפון מלא 250 גרם ""ריוטה""",דה ג'ורדנס אנד ריווי,GB,פת פריכה אורגינל,גרמים,250.00,100 גרם,false,1,16.50,6.60,true,1,
5010265002911,false,רייויטה פת פריכה מקמח שיפון מלא 250 גרם,דה ג'ורדנס אנד ריווי,GB,פת פריכה,גרמים,250.00,100 גרם,false,1,16.50,6.60,true,1,
5014271300429,false,"מעדן משמש 100% פרי סנטדלפור 284 גרם לל""ס",סאן דלפור - שמבור,FR,מעדן מישמש,גרמים,284.00,100 גרם,false,0,22.90,8.06,true,1,
5014271400426,false,"מעדן בטעם תות שדה לל""ס סאן דלפור 284 גרם",נטו מלינדה סחר בעמ,FR,מעדן תות שדה,גרמים,284.00,100 גרם,false,0,22.90,8.06,true,1,
5018357006779,false,תערובת דגנים 50% פירות ואגוז+חמוציות 540,אחים טיירי עסקי מזון בעמ,GB,מוזלי דגנים,גרמים,540.00,100 גרם,false,0,38.90,7.20,true,1,
5018357007653,false,מוזלי תערובת דגנים ופירות Simply Fruity,דורסט סיריאלס Dorset Cereals,GB,תערובת דגנים,גרמים,620.00,100 גרם,false,0,28.90,4.66,true,1,
5050974505259,false,פת פריכה קמח שיפון מלא עם גרעינים ודגנים קלויים,דה ג'ורדנס אנד ריווי,GB,פת פריכה שיפון,גרמים,250.00,100 גרם,false,1,16.50,6.60,true,1,
5060319120023,false,תה קינמון אורגני 40 גרם הייר ליבינג,הייר ליבינג,GB,תה קינמון,גרמים,30.00,100 גרם,false,1,17.90,59.67,true,1,
5060319120078,false,תה איבנינג אורגני 40 גרם הייר ליבינג,אונלי נטורל פרודקטס,GB,תה איבנינג,גרמים,30.00,100 גרם,false,1,17.90,59.67,true,1,
5060319120122,false,תה צאי ירוק אורגני 40 גרם הייר ליבינג,אונלי נטורל פרודקטס,GB,תה ירוק צ'אי,גרמים,33.00,100 גרם,false,1,17.90,54.24,true,1,
5060319129286,false,הייר ליבינג-תה לבן אורגני 35 גרם,אונלי נטורל פרודקטס,GB,תה לבן אורגני,גרמים,40.00,100 גרם,false,1,17.90,44.75,true,1,
5201671803593,false,זיתים ירוקים אורגניים ללא גלעינים (אריזת פאוצ') 150 גרם,השדה מוצרים טבעיים ו,GR,זיתים ללא גלעין,גרמים,150.00,100 גרם,false,1,19.90,13.27,true,1,
5202390020407,false,פטה טבעונית גוש ויולייף 200 ג',דיפלומט מפיצים (1968) בעמ**,GR,בסגנון פטה,גרמים,200.00,100 גרם,false,1,26.90,13.45,true,1,
5202390021121,false,קרמי אוריגינל טבעוני ויולייף 150 גר,דיפלומט מפיצים (1968) בעמ**,GR,קרמי אורגינל,גרמים,150.00,100 גרם,false,1,18.90,12.60,true,1,
5411188081852,false,אלפרו משקה סויה בטעם וניל 1 ליטר,הנסיך- מפעל לייצור ט,BE,משקה סויה וניל,ליטרים,1.00,ליטר,false,0,14.90,14.90,true,1,
5411188106159,false,אלפרו סויה לייט מופחת שומן 1.2% 1 ליטר,הנסיך- מפעל לייצור ט,BE,משקה סויה אלפרו,ליטרים,1.00,ליטר,false,0,14.50,14.50,true,1,
5411188112709,false,"משקה קוקוס אלפרו 1 ליטר משקה שקדים לל""ס",הנסיך- מפעל לייצור ט,BE,משקה שקדים אלפרו,ליטרים,1.00,ליטר,false,0,14.90,14.90,true,1,
5411188115434,false,משקה אלפרו בריסטה סויה 1 ליטר,"שטראוס גרופ בע""מ",BE,משקה סויה בריסטה,ליטרים,1.00,ליטר,false,1,14.90,14.90,true,1,
5411188120742,false,משקה קוקוס אלפרו 1 ליטר שקדים וניל 1 ל',הנסיך- מפעל לייצור ט,BE,משקה שקדים וניל,ליטרים,1.00,ליטר,false,1,14.90,14.90,true,1,
5411188121923,false,"משקה סויה מועשר סידן אלפרו 3*250 מ""ל",הנסיך- מפעל לייצור ט,BE,משקה סויה 3 יח,מיליליטרים,750.00,"100 מ""ל",false,1,15.90,2.12,true,1,
5411188121978,false,אלפרו משקה סויה עמיד מועשר בסידן 3*250,"שטראוס גרופ בע""מ",BE,משקה סויה 3 יח,מיליליטרים,750.00,"100 מ""ל",false,1,15.90,2.12,true,1,
5411188122586,false,אלפרו משקה אגוזי קשיו 1 ל`,הנסיך- מפעל לייצור ט,BE,משקה שקדים,מיליליטרים,250.00,"100 מ""ל",false,1,6.00,2.40,true,1,
5411188126195,false,אלפרו משקה שקדים אורגני 1ל מפוקח סקאל,שטראוס גרופ בע`מ,BE,משקה שקדים אלפרו,ליטרים,1.00,ליטר,false,1,14.90,14.90,true,1,
5411188127697,false,אלפרו בריסטה משקה שיבולת שועל 1 ליטר,הנסיך- מפעל לייצור ט,BE,משקה שיבולת שועל,ליטרים,1.00,ליטר,false,1,14.90,14.90,true,1,
5411188129899,false,אלפרו בריסטה משקה שקדים 1 ליטר,הנסיך- מפעל לייצור ט,BE,משקה שקדים אלפרו,ליטרים,1.00,ליטר,false,1,14.90,14.90,true,1,
5411188134985,false,אלפרו 3.5% NOT M*LK שיבולת שועל 1 ליטר בית יוסף,שטראוס גרופ בעמ/מצונן,BE,משקה שיבולת שועל,ליטרים,1.00,ליטר,false,1,15.90,15.90,true,1,
5411188300328,false,אלפרו משקה סויה עמיד בטעם שוקו 1 ליטר,הנסיך- מפעל לייצור ט,BE,משקה סויה שוקו,ליטרים,1.00,ליטר,false,0,14.90,14.90,true,1,
5412533001617,false,נוזל לניקוי כלים אלוורה ולימון 1 ליטר,אקובר,BE,נוזל לכלים,ליטרים,1.00,ליטר,false,0,15.90,15.90,true,1,
5412533002287,false,נוזל לניקוי אסלות בניחוח אורנים ECOVER,,BE,נוזל ניקוי אסלות,מיליליטרים,750.00,"100 מ""ל",false,0,19.90,2.65,true,1,
5412533003857,false,נוזל ניקוי אסלות גלי-ים (פקק כחול) 750 מ,אקובר,BE,נוזל ניקוי אסלות,מיליליטרים,750.00,"100 מ""ל",false,0,19.90,2.65,true,1,
5412533416626,false,אקובר הכל באחד למדיח גמבו,אקובר,BE,טבליות למדיח,קילוגרמים,1.30,"ק""ג",false,1,91.90,70.69,true,1,
5412533418781,false,נוזל כביסה זירו 1.5 ליטר,,BE,נוזל כביסה זירו,ליטרים,1.50,ליטר,false,1,65.90,43.93,true,1,
5412533419566,false,נוזל לכביסה עדינה בניחוח נופר 750 מל,אקובר,BE,נוזל כביסה עדינה,מיליליטרים,750.00,"100 מ""ל",false,1,23.90,3.19,true,1,
5412533419665,false,"מרכך כביסה תפוח ושקדים 750 מ""ל",,BE,מרכך כביסה,מיליליטרים,750.00,"100 מ""ל",false,1,17.90,2.39,true,1,
5412533420364,false,נוזל כביסה פורמולה מרוכזת 1 ליטר,אקובר,BE,נוזל לכביסה,ליטרים,1.00,ליטר,false,1,43.90,43.90,true,1,
5600286004072,false,תפוחונים אורגניים מתקתק 40 גר,נטורפוד,PT,תפוחונים אורגנים,גרמים,40.00,100 גרם,false,1,7.90,19.75,true,1,
5600395034076,false,טונה בהירה בשמן זית אורגני 110 גרם,קופיסה אס.איי,PT,נתחי טונה בהירה,גרמים,120.00,100 גרם,false,1,10.90,9.08,true,1,
5601010211070,false,סרדין במים רמירז 125 גרם,רמירז אנד קה פילהאוס,PT,סרדינים במים,גרמים,125.00,100 גרם,false,0,11.90,9.52,true,1,
5907713370329,false,סוכריות טופי קוקוס טעם טופי אורגני 150 ג,קוקירניזה ספולדזילניה אינוואלידו ידנוסק,PL,סוכריות טופי,גרמים,150.00,100 גרם,false,1,22.90,15.27,true,1,
6086142556418,false,עלי מורינגה אורגניים יח,אודי,IL,עלי מורינגה,יחידה,1.00,יחידה,false,1,13.90,13.90,true,1,
6910191800287,false,אצות נורי בלו 10 דף (ננגטונג),מזרח ומערב יבוא ושיווק,CN,אצות ים נורי,גרמים,28.00,100 גרם,false,0,13.90,49.64,true,1,
6936745600462,false,"מירין 500 מ""ל (דאניינג)",מזרח ומערב יבוא ושיווק,CN,"מירין 500 מ""ל",מיליליטרים,500.00,"100 מ""ל",false,0,23.70,4.74,true,1,
6941156100166,false,מחית סויה אדומה - אקא מיסו 500 גר '(דליאן),מזרח ומערב יבוא ושיווק,CN,מחית סויה אדומה,גרמים,500.00,100 גרם,false,0,13.90,2.78,true,1,
6948896600451,false,חליטת תה ירוק תפזורת,תבליני טעם של פעם,IL,תה ירוק,גרמים,100.00,100 גרם,false,1,20.90,20.90,true,1,
7290000091150,true,בננה ללא תוספת סוכר משקל,,IL,"בננה ללת""ס",קילוגרמים,0.00,"ק""ג",true,0,94.00,94.00,true,1,
7290000091273,true,גוג'י ברי,,IL,גוג'י ברי,קילוגרמים,0.00,"ק""ג",true,0,64.00,64.00,true,1,
7290000091518,true,גולדן ברי במשקל,,IL,גולדן ברי,קילוגרמים,0.00,"ק""ג",true,0,115.00,115.00,true,1,
7290000091648,true,קוקוס פיליפיני טחון משקל,,IL,קוקוס פיליפיני,קילוגרמים,0.00,"ק""ג",true,0,18.00,18.00,true,1,
7290000096438,true,דלעת יפנית אורגנ,,IL,דלעת יפנית אורגנ,קילוגרמים,0.00,"ק""ג",true,0,15.90,15.90,true,1,
7290000099866,true,עגבניה תמר אורגנית במשקל,יבולי בר אורגני,IL,עגבניה תמר,קילוגרמים,0.00,"ק""ג",true,0,10.90,10.90,true,1,
7290000099941,true,גזר אורגני במשקל,,IL,גזר אורגני ארוז,קילוגרמים,0.00,"ק""ג",true,0,9.90,9.90,true,1,
7290000446547,false,חמאת בוטנים טבעית בטר אנד דיפרנט 350 גרם,"בטר אנד דיפרנט בע""מ",IL,חמאת בוטנים,גרמים,350.00,100 גרם,false,0,16.20,4.63,true,1,
7290000446776,false,פיצפוצי אורז מלא ללא סוכר ומלח בשקית 450 גרם,בטר אנד דיפרנט בעמ,IL,פיצפוצי אורז מלא,גרמים,450.00,100 גרם,false,0,21.90,4.87,true,1,
7290000453330,false,תמי תערובת עוגת וניל ללא גלוטן 500גר,,IL,תערובת לעוגה,גרמים,500.00,100 גרם,false,1,16.90,3.38,true,1,
7290000504025,false,ממתיק סוכרזית פטרייה עלית 300 גרם,אף.סי תבליני בגליל ב,IL,סוכרזית פטריה,גרמים,24.00,100 גרם,false,0,9.90,41.25,true,1,
7290000504278,false,ממתיק סוכרזית אריזת פטנט 700 טבליות,אף.סי תבליני בגליל ב,IL,סוכרזית טבליות,גרמים,57.00,100 גרם,false,0,18.90,33.16,true,1,
7290000518220,false,ממתיק סוכרה דיאט 100 יחידות,מתוק וקל בעמ,IL,סוכרה דיאט,גרמים,80.00,100 גרם,false,1,27.90,34.88,true,1,
7290000518336,false,ממתק צמר גפן מתוק מסיבים תזונתיים,מתוק וקל בעמ,IL,צמר גפן מתוק,גרמים,10.00,100 גרם,false,1,5.90,59.00,true,1,
7290000841557,false,"סטרילי נוזל חיטוי 500 מ""ל לניקוי פירות וירקות",סטרילי מעבדות בעמ,IL,סטרילי נוזל לח,מיליליטרים,500.00,"100 מ""ל",false,0,13.50,2.70,true,1,
7290000900162,true,סלק אורגני במשקל,.,IL,סלק אורגני,קילוגרמים,0.00,"ק""ג",true,0,14.90,14.90,true,1,
7290000900445,true,שום יבש אורגני,,IL,שום יבש אורגני,קילוגרמים,0.00,"ק""ג",true,0,29.90,29.90,true,1,
7290000901374,true,בצל אדום יבש אורגני משקל,,NL,בצל אדום אורגני,קילוגרמים,0.00,"ק""ג",true,0,11.90,11.90,true,1,
7290000901787,true,קיווי אורגני במשקל,,IL,קיווי אורגני,קילוגרמים,0.00,"ק""ג",true,0,22.90,22.90,true,1,
7290000910345,true,דלורית אורגנית,,IL,דלורית אורגנית,קילוגרמים,0.00,"ק""ג",true,0,13.90,13.90,true,1,
7290000916248,true,כרוב לבן אורגני,,IL,כרוב לבן אורגני,קילוגרמים,0.00,"ק""ג",true,0,10.90,10.90,true,1,
7290000942315,true,כרוב אדום אורגני,,IL,כרוב אדום אורגני,קילוגרמים,0.00,"ק""ג",true,0,12.90,12.90,true,1,
7290000960258,true,תפוז אורגני במשקל,.,IL,תפוז אורגני,קילוגרמים,0.00,"ק""ג",true,0,11.90,11.90,true,1,
7290000960272,true,עגבניה אורגנית,,IL,עגבניה אורגנית,קילוגרמים,0.00,"ק""ג",true,0,10.90,10.90,true,1,
7290000960395,true,"תפו""ע גרנד סמיט אורגני",.,IL,תפוח סמיט אורגנ,קילוגרמים,0.00,"ק""ג",true,0,20.90,20.90,true,1,
7290000960548,true,מלפפון אורגני,,IL,מלפפון אורגני,קילוגרמים,0.00,"ק""ג",true,0,11.90,11.90,true,1,
7290000960616,true,קישוא כהה אורגני,,IL,קישוא כהה אורגני,קילוגרמים,0.00,"ק""ג",true,0,12.90,12.90,true,1,
7290000960760,true,פלפל אדום אורגני,,IL,פלפל אדום אורגני,קילוגרמים,0.00,"ק""ג",true,0,12.90,12.90,true,1,
7290000960906,true,בצל יבש אורגני,,IL,בצל יבש אורגני,קילוגרמים,0.00,"ק""ג",true,0,9.90,9.90,true,1,
7290000961279,true,פלפל צהוב אורגני,,IL,פלפל צהוב אורגני,קילוגרמים,0.00,"ק""ג",true,0,15.90,15.90,true,1,
7290000961446,true,פלפל כתום אורגני,,IL,פלפל כתום אורגני,קילוגרמים,0.00,"ק""ג",true,0,14.90,14.90,true,1,
7290000965598,true,בטטה אורגני,,IL,בטטה אורגני,קילוגרמים,0.00,"ק""ג",true,0,13.90,13.90,true,1,
7290000965765,true,"תפו""ע זהוב אורגנ",,IT,תפוחזהוב אורגנ,קילוגרמים,0.00,"ק""ג",true,0,20.90,20.90,true,1,
7290000965772,true,בננה אורגנית,,IL,בננה אורגנית,קילוגרמים,0.00,"ק""ג",true,0,12.90,12.90,true,1,
7290000965819,true,פאפיה אורגני,,IL,פאפיה אורגני,קילוגרמים,0.00,"ק""ג",true,0,33.90,33.90,true,1,
7290000965826,true,לימון אורגני,,IL,לימון אורגני,קילוגרמים,0.00,"ק""ג",true,0,11.90,11.90,true,1,
7290000965888,true,ליים אורגני,,IL,ליים אורגני,קילוגרמים,0.00,"ק""ג",true,0,17.90,17.90,true,1,
7290000965956,true,רימון אורגני,,IL,רימון אורגני,קילוגרמים,0.00,"ק""ג",true,0,12.90,12.90,true,1,
7290000967509,true,תפוח אדמה אורגני,,IL,תפוח אדמה אורגני,קילוגרמים,0.00,"ק""ג",true,0,6.90,6.90,true,1,
7290000969367,true,עגבנית שרי עגולה אורגנית,,IL,עגבנ.שרי אורגני,קילוגרמים,0.00,"ק""ג",true,0,26.90,26.90,true,1,
7290000971032,true,פומלית אורגנית,,IL,פומלית אורגנית,קילוגרמים,0.00,"ק""ג",true,0,8.90,8.90,true,1,
7290000972800,true,אשכולית אדומה,,IL,אשכולית אדומה,קילוגרמים,0.00,"ק""ג",true,0,8.90,8.90,true,1,
7290000976679,true,חציל אורגני,,IL,חציל אורגני,קילוגרמים,0.00,"ק""ג",true,0,13.90,13.90,true,1,
7290000977669,true,דלעת אורגנית,,IL,דלעת אורגנית,קילוגרמים,0.00,"ק""ג",true,0,14.90,14.90,true,1,
7290000986678,true,קישוא בהיר אורגנ,,IL,קישוא בהיר אורגנ,קילוגרמים,0.00,"ק""ג",true,0,16.90,16.90,true,1,
7290000992013,true,פלפל רומירו אורג,,IL,פלפל רומירו אורג,קילוגרמים,0.00,"ק""ג",true,0,15.90,15.90,true,1,
7290000993171,true,אנונה אורגנית,,IL,אנונה אורגנית,קילוגרמים,0.00,"ק""ג",true,0,46.90,46.90,true,1,
7290000994147,true,שומר אורגני,,IL,שומר אורגני,קילוגרמים,0.00,"ק""ג",true,0,13.90,13.90,true,1,
7290000994215,true,קולורבי אורגני במשקל,.,IL,קולורבי אורגני,קילוגרמים,0.00,"ק""ג",true,0,10.90,10.90,true,1,
7290000994604,true,דלעת ערמונים אורגני משקל,,IL,דלעת ערמונים,קילוגרמים,0.00,"ק""ג",true,0,20.90,20.90,true,1,
7290000994741,true,אפרסמון אורגני,,IL,אפרסמון אורגני,קילוגרמים,0.00,"ק""ג",true,0,35.90,35.90,true,1,
7290000995021,true,"תפו""ע גאלה אורגנ",,IT,תפוח גאלה אורגנ,קילוגרמים,0.00,"ק""ג",true,0,17.90,17.90,true,1,
7290001164266,false,אפקטבעי גרנולה ללא סוכר 500גר,אפקט טבעי בעמ,IL,גרנולה ממותקת,גרמים,500.00,100 גרם,false,0,19.90,3.98,true,1,
7290001164273,false,אפקטבעי חגיגת גרנולה 500גרם,,IL,חגיגת גרנולה,גרמים,500.00,100 גרם,false,0,20.20,4.04,true,1,
7290001164419,false,גאלה תערובת אגוזים וגרעינים לסלט 600 גר,אפקט טבעי,IL,ג'עלה,גרמים,550.00,100 גרם,false,0,32.30,5.87,true,1,
7290001246955,false,אקופרנד לשטיפה וניקוי פירות וירקות 1 ליט,סאסאטק,IL,מנקה פירות וירקו,מיליליטרים,750.00,"100 מ""ל",false,1,17.50,2.33,true,1,
7290001246986,false,אקופרינד-נוזל רב תכליתי 1 ליטר,אקופרנד,IL,נוזל לניקוי,ליטרים,1.00,ליטר,false,1,19.90,19.90,true,1,
7290001427019,false,קשת מיץ תפוזים טבעי 500 מל,קשת מיצים טבעיים,IL,מיץ תפוזים קשת,מיליליטרים,500.00,"100 מ""ל",false,1,13.90,2.78,true,1,
7290001427033,false,מיץ תפוחים רכיבים טבעיים 1 ליטר,תנובה - פריניב,IL,מיץ סחוט תפוחים,ליטרים,1.00,ליטר,false,0,17.90,17.90,true,1,
7290001427064,false,"פריגת מיץ פסיפלורה ותפוחים 500 מ""ל",קשת מיצים טבעיים,IL,מיץ תפוח פסיפלור,מיליליטרים,500.00,"100 מ""ל",false,0,16.90,3.38,true,1,
7290001427118,false,"משקה תפוח 500 מ""ל פריניב זכוכית",קשת מיצים טבעיים,IL,מיץ תפוחים,מיליליטרים,500.00,"100 מ""ל",false,1,13.90,2.78,true,1,
7290001427132,false,"משקה רימון 500 מ""ל פריניב זכוכית",קשת מיצים טבעיים,IL,מיץ רימונים טבעי,מיליליטרים,500.00,"100 מ""ל",false,0,20.90,4.18,true,1,
7290001427347,false,מיץ תפוחים 100% סחוט תוז סמית 1לי,תנובה - פריניב,IL,מיץ תפוחים סחוט,ליטרים,1.00,ליטר,false,0,21.90,21.90,true,1,
7290001427392,false,"משקה רימון 250 מ""ל פריניב זכוכית",קשת מיצים טבעיים,IL,מיץ רימונים,מיליליטרים,250.00,"100 מ""ל",false,1,10.90,4.36,true,1,
7290001427415,false,"משקה תפוח 250 מ""ל פריניב זכוכית",קשת מיצים טבעיים,IL,מיץ תפוח טבעי,מיליליטרים,250.00,"100 מ""ל",false,1,10.90,4.36,true,1,
7290001427439,false,"משקה סלק 250 מ""ל פריניב זכוכית",קשת מיצים טבעיים,IL,מיץ תפוח סלק,מיליליטרים,250.00,"100 מ""ל",false,1,12.20,4.88,true,1,
7290001507063,false,פתיבר מקמח מלא אורגני השדה מוצרים אורגנים 200 גרם,השדה מוצרים אורגניים,IL,פתי בר אורגני,גרמים,200.00,100 גרם,false,0,7.90,3.95,true,1,
7290001507162,false,חטיף אובלטים אורגניים שומשום 100 גר,השדה מוצרים אורגניים,IL,אובלטים שומשום,גרמים,100.00,100 גרם,false,0,9.50,9.50,true,1,
7290001507353,false,פתיתים אורגנים-קוסקוס500,השדה מוצרים אורגניים,IL,פתיתים אורגנים,גרמים,500.00,100 גרם,false,0,15.90,3.18,true,1,
7290001507360,false,חטיף אובלטים אורגניים עם כוסמין 100 גר,השדה מוצרים אורגניים,IL,אובלטים כוסמין,גרמים,100.00,100 גרם,false,0,11.90,11.90,true,1,
7290001598085,false,לחם משפחתי עם דגנים מקמח מלא,מאפיית יוסף ברון,IL,לחם קסטן משפחתי,קילוגרמים,1.10,"ק""ג",false,0,17.90,16.27,true,1,
7290001598191,false,לחם קל שיפון מלא מהדרין 700גר,מאפיית יוסף ברון בעמ,IL,לחם קל שיפון מלא,גרמים,550.00,100 גרם,false,1,15.90,2.89,true,1,
7290001598269,false,לחם 7 דגנים קל 36 קל' ללא שמרים550 גר',מאפיית יוסף ברון,IL,לחם 7 דגנים,גרמים,550.00,100 גרם,false,1,15.90,2.89,true,1,
7290001598528,false,לחם כוסמין 100% 450ג' הברון,מאפיית יוסף ברון בעמ,IL,לחם כוסמין מלא,גרמים,450.00,100 גרם,false,1,18.90,4.20,true,1,
7290001598580,false,פיתות כוסמין 6יח 99 קלוריות,מאפיית יוסף ברון בעמ,IL,פיתות כוסמין מלא,גרמים,372.00,100 גרם,false,1,17.90,4.81,true,1,
7290002196532,false,ממרח איולי טבעוני280 גרם,"משק דבורים לין בע""\מ",IL,ממרח איולי,גרמים,280.00,100 גרם,false,1,21.90,7.82,true,1,
7290002232964,false,ציפוי לשניצל פז טחון דק 500 גרם דגש,נטורפוד בעמ,IL,ציפוי פז דק,גרמים,600.00,100 גרם,false,0,33.90,5.65,true,1,
7290002232995,false,ציפוי פז דגש 500גר ללא גלוטן.,נטורפוד בעמ,IL,ציפוי פז,גרמים,500.00,100 גרם,false,0,33.90,6.78,true,1,
7290002333463,false,שעועית מש אורגני הרדוף 500 גרם,אול אורגני,IL,שעועית מש אורגני,גרמים,500.00,100 גרם,false,0,14.90,2.98,true,1,
7290002333494,false,שעועית אזוקי אורגנית הרדוף 500 גרם,טריאקי,IL,שעועית אורגנית,גרמים,500.00,100 גרם,false,0,12.90,2.58,true,1,
7290002333500,false,עדשים אדומות אורגני 500 גרם - הרדוף,אול אורגני,IL,עדשים אורגני,גרמים,500.00,100 גרם,false,0,11.90,2.38,true,1,
7290002333678,false,שומשום מלא אורגני הרדוף 300 גרם,אול אורגני,IL,שומשום מלא אורגנ,גרמים,300.00,100 גרם,false,0,12.90,4.30,true,1,
7290002333838,false,כוסמת אורגנית ירוקה 500 גרם - הרדוף,אול אורגני,IL,כוסמת אורגנית,גרמים,500.00,100 גרם,false,0,11.90,2.38,true,1,
7290002333968,false,עדשים צהובות חצויות אורגני 500 גר,אול אורגני,IL,עדשים אורגנים,גרמים,500.00,100 גרם,false,1,14.90,2.98,true,1,
7290002333999,false,גרעיני חמניות קלופים אורגני הרדוף 300 גרם,אול אורגני,IL,גרעיני חמניות,גרמים,300.00,100 גרם,false,0,10.90,3.63,true,1,
7290002360155,false,חליטת תה פרחי שומר פומפדור 20 שקיקים,ש. שסטוביץ בע`מ,DE,חליטת שומר,גרמים,40.00,100 גרם,false,0,20.00,50.00,true,1,
7290002544203,false,ממרח פסטו מוטי שף 180גרם,,IL,ממרח פסטו,גרמים,180.00,100 גרם,false,0,19.90,11.06,true,1,
7290002544234,false,ממרח עגבניות מיובשות 190 גרם,,IL,ממרח עגבניות,גרמים,180.00,100 גרם,false,0,19.90,11.06,true,1,
7290002703747,false,דבש אורגני מפרחי בר500גר,נאימן,AR,דבש מפרחי בר,גרמים,500.00,100 גרם,false,1,34.90,6.98,true,1,
7290002703754,false,"דבש אורגני מפרחי בר 1ק""ג",נאימן,AR,דבש מפרחי בר,גרמים,1000.00,100 גרם,false,1,64.90,6.49,true,1,
7290003054213,false,מסטמכר לחם שיפון כפרי 500ג,דיפלומט מפיצים (1968) בעמ**,DE,לחם שיפון כפרי,גרמים,500.00,100 גרם,false,0,15.80,3.16,true,1,
7290003070077,false,טחינה שומשום מלא,,IL,טחינה שומשום מלא,גרמים,700.00,100 גרם,false,0,42.90,6.13,true,1,
7290003520572,false,מטריות חרובים שקית בודד (בשרוול 6 שקיות),תופינית,,מטריות שוקולד,גרמים,54.00,100 גרם,false,0,14.90,27.59,true,1,
7290003726011,false,טופו רך כפרי בריא 30,Unknown,IL,טופו במרקם רך,גרמים,300.00,100 גרם,false,0,12.90,4.30,true,1,
7290003726110,false,טופו אורגני בוואקום,Unknown,IL,טופו אורגני,גרמים,300.00,100 גרם,false,0,14.50,4.83,true,1,
7290003726332,false,עוגיות תמר וטופו 500 גרם,קינג דיויד,IL,עוגיות תמר וטופו,גרמים,500.00,100 גרם,false,0,26.90,5.38,true,1,
7290003726356,false,עוגיות תמרים ותפוחים350ג,קינג דיויד,IL,"עוגיות תמר ותפ""ע",גרמים,350.00,100 גרם,false,0,26.90,7.69,true,1,
7290003726424,false,טופו פסטרמה,,IL,טופו פסטרמה,גרמים,200.00,100 גרם,false,0,19.90,9.95,true,1,
7290003726615,false,"טופו ויילר 300 גרם ""שטראוס""",שטראוס גרופ בעמ/מצונן,IL,טופו ויילר,גרמים,300.00,100 גרם,false,1,12.00,4.00,true,1,
7290003726806,false,שניצל טופו עם ברוקולי 420 גר`,קפוא-זן תעשיות מזון בעמ - תפוג,IL,שניצל טופו,גרמים,420.00,100 גרם,false,1,19.90,4.74,true,1,
7290003726868,false,טופו חומוס בתוספת עגבניות מיובשות 300 ג' משק ויילר,שטראוס גרופ בעמ/מצונן,IL,טופו חומוס,גרמים,300.00,100 גרם,false,1,12.90,4.30,true,1,
7290003726875,false,טופו חומוס בתוספת פסטו ויילר 300 גרם,שטראוס גרופ בעמ/מצונן,IL,טופו חומוס פסטו,גרמים,300.00,100 גרם,false,1,12.90,4.30,true,1,
7290003976331,false,"אקופרנד מחטא רב תכליתי 750 מ""ל",אקופרנד,IL,מנקה ומחטא,מיליליטרים,750.00,"100 מ""ל",false,1,16.90,2.25,true,1,
7290004023041,false,"לחם שיפון ללא שמרים ד""ר מרק 750 גר'",המאפה של דר מרק בריאות באפייה,IL,לחם מחמצת שיפון,גרמים,750.00,100 גרם,false,0,14.90,1.99,true,1,
7290004023430,false,לחם כוסמין ללא שמרים400ג,,IL,לחם כוסמין מלא,גרמים,400.00,100 גרם,false,0,19.90,4.98,true,1,
7290004125585,false,משקה סויה בטעם וניל תנובה 1 ליטר,תנובה מרכז שיתופי לש,IL,משקה סויה וניל,ליטרים,1.00,ליטר,false,0,11.90,11.90,true,1,
7290004130794,false,משקה סויה במתיקות מופחתת תנובה (1 ליטר),תנובה מרכז שיתופי לש,IL,משקה סויה,ליטרים,1.00,ליטר,false,0,11.90,11.90,true,1,
7290004339173,false,המבורגר קינואה 400גרם טבע דלי,טבע דלי,IL,המבורגר קינואה,גרמים,400.00,100 גרם,false,0,25.90,6.48,true,1,
7290004339401,false,המבורגר אורז עדשים 400גרם טבע דלי,טבע דלי,IL,המבורגר אורז,גרמים,400.00,100 גרם,false,0,25.90,6.48,true,1,
7290004339425,false,שווארמה מהצומח 350 גרם טבע דלי,טבע דלי בעמ,IL,שווארמה מן הצומח,גרמים,350.00,100 גרם,false,0,25.90,7.40,true,1,
7290004339432,false,סייטן קפוא טבעי 500 גרם טבע דלי,טבע דלי בעמ,IL,סייטן סגנון טבעי,גרמים,500.00,100 גרם,false,0,17.90,3.58,true,1,
7290004339692,false,סייטן קפוא ביתי 500 גרם טבע דלי,טבע דלי,,סייטן קפוא ביתי,גרמים,500.00,100 גרם,false,0,17.90,3.58,true,1,
7290004339784,false,המבורגר ניו יורק על האש 400 גרם טבע דלי,טבע דלי,IL,המבורגר ניו יורק,גרמים,400.00,100 גרם,false,0,25.90,6.48,true,1,
7290004339807,false,המבורגר הוט מקסיקן כוסמת מש מונבט אורז מלא וצ'יה 400גר טבע דלי,טבע דלי בעמ,IL,המבורגר צמחוני,גרמים,400.00,100 גרם,false,0,25.90,6.48,true,1,
7290004339999,false,טבע דלי סייטן אמרנט שניצלונים 400גר,טבע דלי,IL,סייטן אמרנט,גרמים,400.00,100 גרם,false,1,29.90,7.48,true,1,
7290004952778,false,טופו מפולי סויה אורגני הרדוף 300 גר,כפר בריא בעמ,IL,טופו אורגני,גרמים,300.00,100 גרם,false,0,13.90,4.63,true,1,
7290004952785,false,פריכיות דקות מאורז מלא וכוסמת אורגני 100 גרם הרדוף,פרח תעשיות,IL,פריכיות אורגניות,גרמים,100.00,100 גרם,false,0,13.90,13.90,true,1,
7290004952792,false,פריכיות אורז מלא דקות אורגני הרדוף 100גר,פרח תעשיות,IL,פריכיות אורגני,גרמים,100.00,100 גרם,false,0,13.90,13.90,true,1,
7290005158261,false,מקלוני טחינה שומשום מכוסמין 200גר' דגן,"דגן מיני מזונות בע""\מ",IL,מקלוני טחינה,גרמים,200.00,100 גרם,false,1,28.90,14.45,true,1,
7290005416095,false,מחלבת טל גבינת עיזים טבעית 5% 200ג,"ל.ד בר אל בע""מ",IL,גבינת עזים 5% טל,גרמים,200.00,100 גרם,false,0,15.50,7.75,true,1,
7290005416262,false,מחלבת טל יוגורט עיזים בטעם תות 500מל,"ל.ד בר אל בע""מ",IL,יוגורט עיזים תות,מיליליטרים,500.00,"100 מ""ל",false,0,14.90,2.98,true,1,
7290005416286,false,יוגורט עיזים ביו עם אננס 3.5%,"ל.ד בר אל בע""מ",IL,יוגורט עיזים,מיליליטרים,500.00,"100 מ""ל",false,0,14.90,2.98,true,1,
7290005416415,false,יוגורט עיזים בגביע 200 גר,מחלבת טל,IL,יוגורט עזים טבעי,גרמים,200.00,100 גרם,false,0,6.50,3.25,true,1,
7290005416491,false,משקה יוגורט עיזים טל,מחלבת טל טלה,IL,יוגורט מחלב עיזי,מיליליטרים,750.00,"100 מ""ל",false,0,17.90,2.39,true,1,
7290005583568,false,אוריריות כוסמת עם מלח50ג,,IL,אוריריות כוסמת,גרמים,150.00,100 גרם,false,0,14.90,9.93,true,1,
7290005697517,false,"יוגורט עיזים טבעי ביו 500 מ""ל ""גלילי""",מחלבת גלילי,IL,יוגורט עיזים ביו,מיליליטרים,500.00,"100 מ""ל",false,1,14.90,2.98,true,1,
7290005697524,false,"יוגורט עיזים תמרים ביו 500 מ""ל ""גלילי""",מחלבת גלילי,IL,יוגורט עיזים תמר,מיליליטרים,500.00,"100 מ""ל",false,1,14.90,2.98,true,1,
7290005697531,false,"יוגורט עיזים תות ביו 500 מ""ל ""גלילי""",מחלבת גלילי,IL,יוגורט עיזים תות,מיליליטרים,500.00,"100 מ""ל",false,1,14.90,2.98,true,1,
7290005697555,false,יוגורט עיזים ביו1ליטר,מחלבת גלילי,IL,יוגורט עיזים ביו,ליטרים,1.00,ליטר,false,1,20.90,20.90,true,1,
7290005697630,false,"יוגורט עיזים תאנים ביו 500 מ""ל ""גלילי""",בי או די רגבים,IL,יוגורט עיזים,מיליליטרים,500.00,"100 מ""ל",false,1,14.90,2.98,true,1,
7290006374660,false,שמן זית כתית לתיבול קלאסי יד מרדכי 1 ליטר,מכוורת יד מרדכי שטראוס ב,IL,שמן זית 2 קלאסי,ליטרים,1.00,ליטר,false,0,44.90,44.90,true,1,
7290006541925,false,ממרח עגבניות מיובשות ולימון כבוש 180 גר,,IL,ממרח עגבניות,גרמים,180.00,100 גרם,false,0,19.90,11.06,true,1,
7290006559180,false,לבנה בופאלו למריחה 250 גר,,IL,לבנה למריחה 250ג,גרמים,250.00,100 גרם,false,0,20.90,8.36,true,1,
7290006559265,false,גבינת מוצרלה בופאלו,,IL,מוצרלה בופאלו,גרמים,250.00,100 גרם,false,0,38.90,15.56,true,1,
7290006559340,false,בוקצינו די בופאלו 150 גר,,IL,בוקנצ'ני בופאל,גרמים,150.00,100 גרם,false,0,27.00,18.00,true,1,
7290006559388,false,"יורט סגנון של יוגורט 850 גרם ""בופלו""",מחלבת חוות הבופאלו,IL,יורט ביו ביו,גרמים,850.00,100 גרם,false,0,25.50,3.00,true,1,
7290006559593,false,גבינה בופאלו למריחה 250גר,,IL,גבינה בופאלו,גרמים,250.00,100 גרם,false,0,24.90,9.96,true,1,
7290006559692,false,גבינת קדם %00 55ג' בופלו,,IL,גבינת קדם,גרמים,500.00,100 גרם,false,0,24.90,4.98,true,1,
7290006559784,false,דבקה גבינה צ'רקסית 250גר,מחלבת חוות הבופאלו,IL,גבינה צ'רקסית,גרמים,250.00,100 גרם,false,1,27.90,11.16,true,1,
7290006559807,false,בלה מוצרלה 18% שומן150גר,מחלבת חוות הבופאלו,IL,בלה מוצרלה,גרמים,150.00,100 גרם,false,1,26.90,17.93,true,1,
7290006577160,false,יוגורט טבעי 3.6% אורגני 1 ליטר מחלבת גלילי,חוות רום,IL,יוגורט אורגני,ליטרים,1.00,ליטר,false,0,22.90,22.90,true,1,
7290006577658,false,ברינזה עיזים 5% 200 גרם מחלבת גלילי,מחלבת גלילי,IL,ברינזה עיזים,גרמים,200.00,100 גרם,false,0,33.50,16.75,true,1,
7290006855183,false,חטיף תמרים אגוזי מלך 4 יח`במארז ברבריא,טבעית מוצרים מן הטבע,IL,חטיפי ברבריא 4יח,גרמים,120.00,100 גרם,false,0,15.80,13.17,true,1,
7290008263535,false,ממרח שוקולד אורגני-הרדוף 350 גר,ברינקרס פוד,NL,ממרח שוקולד,גרמים,350.00,100 גרם,false,0,22.50,6.43,true,1,
7290008263597,false,קוואקר אורגני הרדוף 500 גרם,אול אורגני,IL,קוואקר אורגני,גרמים,500.00,100 גרם,false,0,11.90,2.38,true,1,
7290008263641,false,קוואקר עדין אורגני 500 גרם - הרדוף,אול אורגני,IL,קוואקר אורגני,גרמים,500.00,100 גרם,false,0,11.90,2.38,true,1,
7290008263658,false,"משקה סויה ללת""ס אורגני 1 ליטר",ליקואטס,ES,"משקה סויה ללת""ס",ליטרים,1.00,ליטר,false,0,13.90,13.90,true,1,
7290008425124,false,יוגורט ביו לאסי אורג,,IL,יוגורט לאסי,מיליליטרים,500.00,"100 מ""ל",false,0,15.90,3.18,true,1,
7290008425155,false,"שמן זית אורגני 750 מ""ל",,IL,שמן זית אורגני,מיליליטרים,750.00,"100 מ""ל",false,0,59.90,7.99,true,1,
7290008425681,false,זיתים ברנע 400 גרם,,IL,זיתים אורגניים,גרמים,400.00,100 גרם,false,0,21.90,5.48,true,1,
7290008989169,false,"אורז תפוח בשקית בטר אנד דיפרנט 500 גרם לל""ג",בטר אנד דיפרנט בעמ,IL,אורז תפוח,גרמים,500.00,100 גרם,false,0,21.90,4.38,true,1,
7290008989473,false,ממרח חרובים בטעם שוקולד בטר אנד דיפרנט 350 גרם,"בטר אנד דיפרנט בע""מ",IL,ממרח חרובים,גרמים,350.00,100 גרם,false,0,16.90,4.83,true,1,
7290008989671,false,"ציפוי עדיף פריך ""ללא גלוטן"" בטר אנד דיפרנט 250 גרם",בטר אנד דיפרנט בעמ,IL,ציפוי עדיף פריך,גרמים,250.00,100 גרם,false,0,12.90,5.16,true,1,
7290008989848,false,ממרח חמאת בוטנים קרנצי בטר אנד דיפרנט 350 גרם,בטר אנד דיפרנט B&D,IL,חמאת בוטנים,גרמים,350.00,100 גרם,false,0,16.20,4.63,true,1,
7290009137897,true,אבוקדו במשקל,,IL,אבקודו גליל,קילוגרמים,0.00,"ק""ג",true,1,14.90,14.90,true,1,
7290009953060,true,אגוז ברזיל במשקל,,,אגוז ברזיל,קילוגרמים,0.00,"ק""ג",true,0,95.00,95.00,true,1,
7290009953084,true,בוטנים קלופים,,,בוטנים קלופים,קילוגרמים,0.00,"ק""ג",true,0,24.00,24.00,true,1,
7290009953138,true,צימוקים לבנים במשקל,,,צימוקים לבנים,קילוגרמים,0.00,"ק""ג",true,0,46.00,46.00,true,1,
7290009953220,true,שקד אמריקאי,,,שקד אמריקאי,קילוגרמים,0.00,"ק""ג",true,0,87.00,87.00,true,1,
7290009953237,true,שקד לבן חצאים משקל,,IL,שקד לבן חצאים,קילוגרמים,0.00,"ק""ג",true,0,87.00,87.00,true,1,
7290009953527,true,פיסטוק מקולף במשקל,,,פיסטוק מקולף,קילוגרמים,0.00,"ק""ג",true,0,160.00,160.00,true,1,
7290009953589,true,חמוציות ברכז תפוחים משקל,,,חמוציות רכז תפוח,קילוגרמים,0.00,"ק""ג",true,0,53.00,53.00,true,1,
7290009958515,true,"תפו""ע קנדין אורגני במשקל",,IT,תפוח עץ קנדין,קילוגרמים,0.00,"ק""ג",true,1,23.90,23.90,true,1,
7290010032327,false,דבש אקליפטוס 500 גרם מכוורת צוקרמן,,IL,דבש אקליפטוס,גרמים,500.00,100 גרם,false,0,28.80,5.76,true,1,
7290010032402,false,"דבש פרחי הדר 1 ק""ג מכוורת צוקרמן",,IL,דבש פרחי הדר,קילוגרמים,1.00,"ק""ג",false,0,55.90,55.90,true,1,
7290010032419,false,"דבש פרחי בר 1 ק""ג מכוורת צוקרמן",,IL,דבש פרחי בר,קילוגרמים,1.00,"ק""ג",false,0,55.90,55.90,true,1,
7290010032426,false,"דבש אקליפטוס 1 ק""ג מכוורת צוקרמן",,IL,דבש אקליפטוס,קילוגרמים,1.00,"ק""ג",false,0,55.90,55.90,true,1,
7290010032518,false,דבש פרחי בר,,IL,דבש פרחי בר,קילוגרמים,1.50,"ק""ג",false,0,73.90,49.27,true,1,
7290010032525,false,דבש אקליפטוס,,IL,דבש אקליפטוס,קילוגרמים,1.50,"ק""ג",false,0,73.90,49.27,true,1,
7290010032549,false,"דבש אשל 1.5ק""ג",,IL,"דבש אשל 1.5ק""ג",קילוגרמים,1.50,"ק""ג",false,0,73.90,49.27,true,1,
7290010192809,false,תמר מג'הול ללא גלעין45ג,,IL,תמר ללא גלעין,גרמים,45.00,100 גרם,false,1,6.90,15.33,true,1,
7290010328505,false,"מארז מיני חלווה 15 יחידות לל""ס אחוה 150 גרם",אחדות ביחר לטחינה חל,IL,מיני חלווה,גרמים,150.00,100 גרם,false,0,12.80,8.53,true,1,
7290010328819,false,"ממרח טחינה עם שוקולד לל""ס 400 ג' אחדות!.",אחדות ביחר לטחינה חל,IL,ממרח טחינה,גרמים,400.00,100 גרם,false,1,14.90,3.73,true,1,
7290010561698,false,ברילי כמו סוכר קיטו 500 גרם,אשבל מזון פונקציונלי בע\,IL,כמו סוכר,גרמים,500.00,100 גרם,false,1,40.90,8.18,true,1,
7290010701568,false,תערובת להכנת ת.בשר130ג,,IL,תערובת חלבון,גרמים,130.00,100 גרם,false,1,30.90,23.77,true,1,
7290010760749,false,מארז לחמניות שישייה אריאל,מאפיית אריאל בעמ,IL,לחמניה ללא גלוטן,גרמים,400.00,100 גרם,false,0,18.90,4.73,true,1,
7290010760886,false,"בורקס גבינה כשל""פ 600 גרם",מאפיית אריאל בעמ,IL,בורקס גבינה כשלפ,גרמים,600.00,100 גרם,false,1,23.90,3.98,true,1,
7290010760893,false,"בורקס תפו""א כשל""פ 600 גרם",מאפיית אריאל בעמ,IL,"בורקס תפו""א",גרמים,600.00,100 גרם,false,1,23.90,3.98,true,1,
7290010814695,false,שוקולד מריר פרווה ללא תוספת סוכר כרמית 85 גרם,"כרמית תעשיות ממתקים בע""\",IL,שוקולד מריר,גרמים,85.00,100 גרם,false,0,7.90,9.29,true,1,
7290010838219,false,ממתיק על בסיס צמח הסטיביה - שקיות,"קיפל טבליות וממתיקים בע""מ",IL,ממתיק מרמולייט,גרמים,100.00,100 גרם,false,0,36.30,36.30,true,1,
7290010970018,false,תמרים מרוסקים 500 גרם,,AE,תמרים מרוסקים,גרמים,500.00,100 גרם,false,1,14.90,2.98,true,1,
7290011378028,false,חלבה קלאסית וניל ללא תוספת סוכר בארכה 350 גרם,קבוצת אסם סחר שות. מוגבלת,IL,"חלבה ללת""ס",גרמים,350.00,100 גרם,false,0,18.90,5.40,true,1,
7290011426033,false,פשתן טחון ט.מהדרין 300גר,,IL,פשתן טחון - טבע,גרמים,300.00,100 גרם,false,0,11.00,3.67,true,1,
7290011426040,false,נבט חיטה טבע מהדרין300גר,,IL,נבט חיטה,גרמים,300.00,100 גרם,false,0,11.00,3.67,true,1,
7290011426057,false,כח לכל טבע מהדרין 300 גר,,IL,כח לכל טבע,גרמים,300.00,100 גרם,false,0,37.90,12.63,true,1,
7290011426071,false,פשתן טחון אורגני 300 גרם,,IL,פשתן טחון אורגני,גרמים,300.00,100 גרם,false,0,11.10,3.70,true,1,
7290011426248,false,סובין חיטה 150 גרם,,IL,סובין חיטה,גרמים,150.00,100 גרם,false,0,7.00,4.67,true,1,
7290011426293,false,סובין שיבולת שועל 500 גר,,IL,סובין שבולת שועל,גרמים,500.00,100 גרם,false,0,17.80,3.56,true,1,
7290011426507,false,שמן פשתן,,IL,שמן פשתן,מיליליטרים,400.00,"100 מ""ל",false,0,48.50,12.13,true,1,
7290011426521,false,"שמן פשתן אורגני 400 מ""ל",,IL,שמן פשתן אורגני,מיליליטרים,400.00,"100 מ""ל",false,0,54.90,13.73,true,1,
7290011426576,false,שקדימון 300 גרם,,IL,שקדימון,גרמים,300.00,100 גרם,false,0,35.90,11.97,true,1,
7290011426583,false,שקדימון צנצנת זכוכית750ג,,IL,שקדימון,גרמים,750.00,100 גרם,false,0,90.90,12.12,true,1,
7290011426613,false,שקדימון,,IL,שקדימון,גרמים,200.00,100 גרם,false,0,30.50,15.25,true,1,
7290011473273,false,בורגול מלא אורגני 500ג,גורי מוצרי צריכה בעמ,TR,בורגול אורגני,גרמים,500.00,100 גרם,false,0,9.50,1.90,true,1,
7290011473297,false,גריסי פנינה אורגנים 500 גרם,גורי מוצרי צריכה בעמ,IT,גריסי פנינה,גרמים,500.00,100 גרם,false,0,11.10,2.22,true,1,
7290011474461,false,מלח ים אטלנטי עבה קו,,PT,"מלח ים עבה 1 ק""ג",קילוגרמים,1.00,"ק""ג",false,0,21.00,21.00,true,1,
7290011493165,false,"תמצית וניל טהורה 50 מ""ל",,US,תמצית וניל טהורה,מיליליטרים,50.00,"100 מ""ל",false,0,61.90,123.80,true,1,
7290011498092,false,מרציפן נטו 56% 200 גרם,"אלמנדוס בע""מ",IL,מרציפן 56%,גרמים,200.00,100 גרם,false,1,21.90,10.95,true,1,
7290011498177,false,ממרח שקד לבן מקולף 700 ג,שקד תבור,IL,ממרח שקד לבן,גרמים,700.00,100 גרם,false,0,67.90,9.70,true,1,
7290011498351,false,ממרח אילסר אגוזי לוז,שקד תבור,IL,חמאת אגוזי לוז,גרמים,200.00,100 גרם,false,1,24.90,12.45,true,1,
7290011498511,false,ממרח חלבה מלאה עשירה350ג,שקד תבור,IL,ממרח חלבה,גרמים,350.00,100 גרם,false,1,16.90,4.83,true,1,
7290011498870,false,מארז חטיפי תמר במילוי חמאת שקדים 150 גרם,"אלמנדוס בע""מ",IL,חטיף תמרים,גרמים,150.00,100 גרם,false,0,18.90,12.60,true,1,
7290011498894,false,מארז חטיפי תמר במילוי חמאת בוטנים 150 גרם,מרכז השקד,IL,חטיפי תמר,גרמים,150.00,100 גרם,false,0,18.90,12.60,true,1,
7290011498900,false,מארז חטיפי תמר במילוי חמ.שקדים בציפוי שוקולד 100% קקאו 150 גרם,"אלמנדוס בע""מ",IL,חטיפי תמר,גרמים,150.00,100 גרם,false,0,18.90,12.60,true,1,
7290011498948,false,מארז חטיפי תמר מצופה שוקולד 100% קקאו 150 גרם,"אלמנדוס בע""מ",IL,חטיפי תמר מצופים,גרמים,150.00,100 גרם,false,0,19.90,13.27,true,1,
7290011498955,false,אגוזי אדמה חמאת בוטנ300ג,שקד תבור,IL,חמאת בוטנים,גרמים,300.00,100 גרם,false,0,13.90,4.63,true,1,
7290011498962,false,שקד לבן בכבישה קרה 300 ג,"אלמונדס בע""מ",IL,שקד לבן כבישה קר,גרמים,300.00,100 גרם,false,0,34.90,11.63,true,1,
7290011498979,false,שקד לבן בתוספת סיבים 300 גרם,מרכז השקד,IL,שקד לבן,גרמים,300.00,100 גרם,false,0,34.90,11.63,true,1,
7290011498986,false,מארז חטיפי תמר במילוי חמאת קשיו בציפוי שוקולד 100% קקאו,שקד תבור,IL,חטיף תמרים,גרמים,150.00,100 גרם,false,0,18.90,12.60,true,1,
7290011830007,false,"סוכר חום אורגני השדה מוצרים אורגנים 1 ק""ג",השדה מוצרים אורגניים,IN,סוכר קנים חום,קילוגרמים,1.00,"ק""ג",false,0,13.00,13.00,true,1,
7290011830144,false,פתיתים כוסמין לחם השדה 500 גר,השדה מוצרים טבעיים ו,IL,פתיתים אורגנים,גרמים,400.00,100 גרם,false,0,18.90,4.73,true,1,
7290011830205,false,פסטה כוסמין פטוציני השדה 350 גר,השדה מוצרים אורגניים,HU,פסטה פטוצ'יני,גרמים,350.00,100 גרם,false,0,20.90,5.97,true,1,
7290011830236,false,בייגלה מקמח כוסמין +מלח 200 גרם השדה,השדה מוצרים אורגניים,IL,בייגלה אורגני,גרמים,200.00,100 גרם,false,0,16.90,8.45,true,1,
7290011830243,false,אטריות אורג. ללא גלוטן מאורז תאילנדי 250,השדה מוצרים אורגניים,CN,אטריות אורז תאי,גרמים,250.00,100 גרם,false,0,16.90,6.76,true,1,
7290011830250,false,נודלס אורגני ללא גלוטן 100% כווסמת 250 גרם,השדה מוצרים אורגניים,CN,אטריות כוסמת,גרמים,250.00,100 גרם,false,0,18.90,7.56,true,1,
7290011830267,false,אטריות אורגניות ללא גלוטן מאורז מלא 250,השדה מוצרים אורגניים,CN,אטריות מאורז מלא,גרמים,250.00,100 גרם,false,0,16.90,6.76,true,1,
7290011830373,false,פפרדלה מקמח דורום 5 צבעים אורגני 500 גרם,השדה מוצרים טבעיים ו,IT,פסטה אורגנית,גרמים,500.00,100 גרם,false,1,29.90,5.98,true,1,
7290011830564,false,פתיבר כוסמין אורגני השדה מוצרים אורגנים 200 גרם,השדה מוצרים אורגניים,IL,פתי בר כוסמין,גרמים,180.00,100 גרם,false,0,13.00,7.22,true,1,
7290011830601,false,פינגווינים חטיף אורגני להקפאה בטעמים 400,דולפין ספא,IT,פינגווינים אורגנ,גרמים,400.00,100 גרם,false,0,14.50,3.63,true,1,
7290011830830,false,חטיף ציקי מאנקי אורגני 20 גר השדה,השדה מוצרים אורגניים,IL,צ'יקי מאנקי,גרמים,20.00,100 גרם,false,0,3.90,19.50,true,1,
7290011878221,false,נאות סמדר רביעיית חטיף משמש 30 גר,טבעית,IL,מעדן מדברי,גרמים,120.00,100 גרם,false,0,25.90,21.58,true,1,
7290011878351,false,תמרים מגהול 400 גרם אורגני,,IL,תמר מג'הול,גרמים,400.00,100 גרם,false,0,27.90,6.98,true,1,
7290011878375,false,תמרים דקל נור 400 גרם,,IL,תמר דקל,גרמים,400.00,100 גרם,false,0,19.50,4.88,true,1,
7290011878597,false,גבינת שיטה בולגרית א,,IL,שיטה גבינה בולגר,גרמים,200.00,100 גרם,false,0,30.90,15.45,true,1,
7290012208362,false,פריכיות כוסמת עם טף בהיר 135 גרם,זן - בר המכללה לטבעונות,IL,פריכיות כוסמת,גרמים,135.00,100 גרם,false,1,12.90,9.56,true,1,
7290012208379,false,פריכיות כוסמת עם קינואה 135 גרם,זן - בר המכללה לטבעונות,IL,פריכיות כוסמת,גרמים,135.00,100 גרם,false,1,12.90,9.56,true,1,
7290012208485,false,פריכיות כוסמין עם עדשים אדומות 120 גרם,זן - בר המכללה לטבעונות,IL,פריכיות כוסמין,גרמים,120.00,100 גרם,false,1,11.90,9.92,true,1,
7290012208539,false,לחמניות אצבע עם קמח טף 330 גרם,אשבל בעמ,IL,לחמניות קמח טף,גרמים,330.00,100 גרם,false,1,22.90,6.94,true,1,
7290012208614,false,עגבניות מרוסקות אורגני 700 גרם,,IT,עגבניות מרוסקות,גרמים,700.00,100 גרם,false,1,11.90,1.70,true,1,
7290012208676,false,מחית פרי אסאי אורגני100ג,גולה אינדוסטריה,BR,מחית פרי אסאי,גרמים,100.00,100 גרם,false,1,12.90,12.90,true,1,
7290012208959,false,יובה חלבון סויה מיובש בצורת כנפיים 300 ג,נאיהואנג יג'\יה פוד רו א,CN,חלבון סויה מיובש,גרמים,100.00,100 גרם,false,0,20.90,20.90,true,1,
7290012349553,false,מלח דק גבישי מן ההימלאיה,,IL,מלח דק גבישי מן,גרמים,500.00,100 גרם,false,0,14.90,2.98,true,1,
7290012349560,false,מלח עבה גבישי הימלאיה,,IL,מלח עבה גבישי,גרמים,500.00,100 גרם,false,0,14.90,2.98,true,1,
7290012475108,false,משקה משעורה נמס אורגני גרין פילד 75 גרם,י.איטליאנו אחזקות בעמ,EG,משקה שעורה,גרמים,100.00,100 גרם,false,0,16.90,16.90,true,1,
7290012475856,false,"צהובה בזיליקום ע""ב אורז טבעוני 150 גרם",פריסקולאט ס.ר.ל. קוסטנזה,IT,פרוסות צהובה,גרמים,150.00,100 גרם,false,1,24.90,16.60,true,1,
7290012491696,false,תערובת ציטרונלה להגנה מפני עקיצות יתושים,מאמי קר Mommy Care,IL,ציטרונלהספריי,מיליליטרים,50.00,"100 מ""ל",false,0,34.60,69.20,true,1,
7290012697388,false,סוכרזית מצמח הסטיוויה כפית לכפית 100 גר,"שטראוס גרופ בע""מ",IL,סוכרזית סטיוויה,גרמים,100.00,100 גרם,false,0,40.40,40.40,true,1,
7290012759253,false,טראפלס תמרים וקקאו 280 גר' - ממה,ממה חטיפי אנרגיה,IL,טראפלס תמרים,גרמים,280.00,100 גרם,false,1,31.90,11.39,true,1,
7290012759529,false,טראפלס שקדים וטחינה 280 גר' - ממה,ממה חטיפי אנרגיה,IL,טראפלס שקדים,גרמים,280.00,100 גרם,false,1,31.90,11.39,true,1,
7290012759666,false,משפחתית בראוניז תמר שוקולד פקאן ופולי קקאו 240 גר' - ממה,ממה חטיפי אנרגיה,IL,חטיפי בראוניז,גרמים,240.00,100 גרם,false,1,27.90,11.63,true,1,
7290012759673,false,משפחתית בראוניז חמאת בוטנים קשיו וגוג'י ברי 240 גר' - ממה,ממה חטיפי אנרגיה,IL,חטיף בראוניז,גרמים,240.00,100 גרם,false,1,27.90,11.63,true,1,
7290012803055,false,סוכרלוז מרמולייט- 100שקיות אישיות,"קיפל טבליות וממתיקים בע""מ",IL,סוכרלוז,גרמים,100.00,100 גרם,false,0,21.90,21.90,true,1,
7290012803222,false,טוסו ופל בסגנון בלגי בטעם לימון ללא תוספת סוכר 200 גרם,בטר אנד דיפרנט,IL,וופל בלגי,גרמים,200.00,100 גרם,false,0,9.90,4.95,true,1,
7290012803321,false,מרמולייט סוכרלוז 200 שקיות אישיות,דנשר (1963) בעמ,IL,סוכרלוז 200שקיות,גרמים,200.00,100 גרם,false,0,44.90,22.45,true,1,
7290012803451,false,טוסו שוקולד מריר 62% מוצקי קקאו ללא תוספת סוכר 100 גרם,"דנשר (1963) בע,מ",TR,שוקולד מריר62%,גרמים,100.00,100 גרם,false,0,13.10,13.10,true,1,
7290012803765,false,טוסו שוקולד מריר ללא תוספת סוכר 100 גרם,אלטינמארקה גידה סאן,TR,שוקולד מריר,גרמים,100.00,100 גרם,false,0,13.10,13.10,true,1,
7290012803772,false,טוסו שוקולד חלב ללא תוספת סוכר 100 גרם,אלטינמארקה גידה סאן,TR,שוקולד חלב,גרמים,100.00,100 גרם,false,0,13.10,13.10,true,1,
7290013090157,false,חסה ערבית אורגנית,.,IL,חסה אורגני,יחידה,1.00,יחידה,false,0,6.90,6.90,true,1,
7290013090225,false,סלרי עלים אורגני יחידה,.,IL,סלרי עלים אורגני,יחידה,1.00,יחידה,false,0,11.90,11.90,true,1,
7290013090362,false,עלי מנגולד אורגני יחידה,.,IL,עלי מנגולד אורגנ,יחידה,1.00,יחידה,false,0,10.90,10.90,true,1,
7290013090379,false,בצל ירוק אורגני יחידה,,IL,בצל ירוק אורגני,יחידה,1.00,יחידה,false,0,9.90,9.90,true,1,
7290013090386,false,לוף אורגני יחידה,.,IL,לוף אורגני,יחידה,1.00,יחידה,false,0,15.90,15.90,true,1,
7290013090485,false,בזיליקום אורגני יח,.,IL,בזיליקום אורגני,יחידה,1.00,יחידה,false,0,8.90,8.90,true,1,
7290013090492,false,כוסברה אורגני יח,,IL,כוסברה אורגני,יחידה,1.00,יחידה,false,0,6.90,6.90,true,1,
7290013090508,false,נענע אורגני יחידה,,IL,נענע אורגני,יחידה,1.00,יחידה,false,0,6.90,6.90,true,1,
7290013090515,false,פטרוזיליה אורגני יח,,IL,פטרוזיליה אורגני,יחידה,1.00,יחידה,false,0,6.90,6.90,true,1,
7290013090522,false,שמיר אורגני יח,,IL,שמיר אורגני,יחידה,1.00,יחידה,false,0,6.90,6.90,true,1,
7290013090539,false,רוזמרין אורגני יחידה,,IL,רוזמרין אורגני,יחידה,1.00,יחידה,false,1,9.90,9.90,true,1,
7290013090652,false,מרווה אורגני יח,,IL,מרווה אורגני יח,יחידה,1.00,יחידה,false,1,9.90,9.90,true,1,
7290013090706,false,ארטישוק ירושלמי אורגני,,IL,ארטישוק ירושלמי,יחידה,1.00,יחידה,false,1,15.90,15.90,true,1,
7290013090744,false,עלי רוקט אורגני יחידה,יבולי בר אורגני,IL,עלי רוקט אורגני,יחידה,1.00,יחידה,false,1,13.90,13.90,true,1,
7290013121011,false,חלת שבת 500 גרם ללא גלוטן,אביב קונדיטוריה מעול,IL,"חלת שבת לל""ג",גרמים,500.00,100 גרם,false,0,23.90,4.78,true,1,
7290013121028,false,לחם לבן 500 גרם ללא גלוטן גרין לייט,אביב קונדיטוריה מעול,IL,לחם לבן ל.גלוטן,גרמים,500.00,100 גרם,false,0,18.90,3.78,true,1,
7290013121035,false,לחם פשתן ללא גלוטן 500 גר קפוא,אביב קונדיטוריה מעול,IL,לחם פשתן,גרמים,500.00,100 גרם,false,0,20.90,4.18,true,1,
7290013121103,false,רביעיית לחמניות סנדויץ ללא גלוטן 460 גרם,אביב קונדיטוריה מעול,IL,רביעיית באגטים,גרמים,400.00,100 גרם,false,0,18.90,4.73,true,1,
7290013121158,false,לחמניות סנדוויץ ללא גלוטן גרין לייט 4 * 115 גרם,אביב קונדיטוריה מעול,IL,רביעיית לחמניות,גרמים,460.00,100 גרם,false,0,18.90,4.11,true,1,
7290013121684,false,כדורי שוקולד 400 גרם ללא גלוטן,אביב קונדיטוריה מעול,IL,כדורי שוקולד,גרמים,400.00,100 גרם,false,0,26.90,6.73,true,1,
7290013121691,false,שלישיית לאפות 80 גר`ליחידה ללא גולטן גר,"גרין לייט פוד בע""מ",IL,שלישיית לאפות,גרמים,240.00,100 גרם,false,1,19.90,8.29,true,1,
7290013121776,false,לחם כפרי ללא תוספת סוכר וללא גלוטן,אביב קונדיטוריה מעול,IL,"לחם כפרי ללת""ס",גרמים,700.00,100 גרם,false,0,20.90,2.99,true,1,
7290013181121,false,"כפיות 16ס""מ מעץ לבנה 25",,IL,כפיות מתכלות,יחידה,1.00,יחידה,false,0,9.90,9.90,true,1,
7290013181152,false,צלחת רבועה בינונית ע.דקל,,IL,צלחות מרובעות,יחידה,1.00,יחידה,false,0,17.90,17.90,true,1,
7290013433077,false,גרנולה אגוזים 44% 300 גרם,אפקט טבעי,IL,גרנולה אגוזים,גרמים,300.00,100 גרם,false,0,18.90,6.30,true,1,
7290013433084,false,גרנולה פירות 46% 300 גרם,אפקט טבעי,IL,גרנולה קשיו,גרמים,300.00,100 גרם,false,0,18.90,6.30,true,1,
7290013433091,false,גרנולה שוקולד ודגנים 300 גרם,,IL,גרנולה דגנים,גרמים,300.00,100 גרם,false,0,18.90,6.30,true,1,
7290013433107,false,גרנולה חלבה תמר 43% 300 גרם,אפקט טבעי,IL,גרנולה,גרמים,300.00,100 גרם,false,0,18.90,6.30,true,1,
7290013433114,false,חמאת קוקוס טבעית 300 גרם,,IL,חמאת קוקוס טבעית,גרמים,300.00,100 גרם,false,0,29.90,9.97,true,1,
7290013433244,false,גרנולה עשירה בחלבון 300 ג,אפקטבעי,IL,גרנולה חלבון,גרמים,300.00,100 גרם,false,1,18.90,6.30,true,1,
7290013433329,false,גרנולה קפה שקוף שזה טבעי 300 ג,אפקטבעי,IL,גרנולה 30% פרי,גרמים,300.00,100 גרם,false,1,18.90,6.30,true,1,
7290013433503,false,סוכר תמרים אורגני 500 גרם,,AE,סוכר תמרים,גרמים,500.00,100 גרם,false,1,26.90,5.38,true,1,
7290013453068,false,עוגיות כוסמין ופירות יער ללא ת.ס 240 גר,האי נאם סי או אל.טי.,IL,עוגיות כוסמין,גרמים,240.00,100 גרם,false,0,24.90,10.38,true,1,
7290013453082,false,עוגיות כוסמין ושוקולד ציפס 230 גר,,IL,עוגיות גרנולה,גרמים,230.00,100 גרם,false,0,24.90,10.83,true,1,
7290013453105,false,דני וגלית עוגיות לתה מקמח מלא,,IL,עוגיות מרוקאיות,גרמים,240.00,100 גרם,false,0,19.90,8.29,true,1,
7290013453112,false,ריבועי כוסמין ללא ת.סוכר 250 גר,,IL,ריבועי כוסמין,גרמים,250.00,100 גרם,false,0,24.90,9.96,true,1,
7290013453136,false,עוגיות כוסמין שטרודל תפוחים ללא תוספת סוכר טבעוני,דני וגלית,IL,עוגיות כוסמין,גרמים,230.00,100 גרם,false,0,24.90,10.83,true,1,
7290013453242,false,עוגיות אניס מרוקאיות,,IL,עוגיות אניס,גרמים,230.00,100 גרם,false,0,19.90,8.65,true,1,
7290013453280,false,מקלוני כוסמין וזעתר 200 גר,"דני וגלית בע""מ",IL,מקלוני כוסמין,גרמים,200.00,100 גרם,false,1,20.90,10.45,true,1,
7290013453389,false,עוגיות חלבון חמאת בוטנים 180 גרם,"דני וגלית בע""מ",IL,עוגיות חמאת בוטנ,גרמים,180.00,100 גרם,false,1,21.90,12.17,true,1,
7290013453419,false,עוגיות חלבון שוקולד 180 גרם,דני וגלית בעמ,IL,עוגיות שוקולד,גרמים,180.00,100 גרם,false,1,21.90,12.17,true,1,
7290013453587,false,עוגיות גרנולה ושוקוצ'יפס,"דני וגלית בע""מ",IL,עוגיות גרנולה,גרמים,230.00,100 גרם,false,1,24.90,10.83,true,1,
7290013453594,false,עוגיות גרנולה חמוציות וקשיו 230 גר,.,IL,עוגיות גרנולה,גרמים,230.00,100 גרם,false,1,24.90,10.83,true,1,
7290013453624,false,דני וגלית עוגיות שוקולדצ'יפס מקמח שקדים וקמח אורז מלא 230 גרם,י.איטליאנו אחזקות בעמ,IL,עוג.שוקולד צ'יפס,גרמים,230.00,100 גרם,false,1,26.90,11.70,true,1,
7290013453631,false,דני וגלית עוגיות חמאת בוטנים שוקולדצ'יפס מפצפוצי אורז מלא 230 גרם,האי נאם סי או אל.טי.,IL,עוג.חמאת בוטנים,גרמים,200.00,100 גרם,false,1,26.90,13.45,true,1,
7290013453655,false,עוגיות קוקוס ולוז מקמח שקדים וקמח אורז מלא,י.איטליאנו אחזקות בעמ,IL,עוגיות קוקוס לוז,גרמים,230.00,100 גרם,false,1,26.90,11.70,true,1,
7290013521187,false,ספגטי עדשים אדומות ללא גלוטן אורגני השדה 250גרם,השדה מוצרים טבעיים ו,IT,ספגטי עדשים,גרמים,250.00,100 גרם,false,0,14.90,5.96,true,1,
7290013521200,false,פוזילי אפונה ירוקה אורגני 250 גרם ללא גלוטן,השדה מוצרים טבעיים ו,IT,פוזלי אפונה ירוק,גרמים,250.00,100 גרם,false,0,14.90,5.96,true,1,
7290013521224,false,ספגטי כוסמת ללא גלוטן אורגני השדה 250גרם,השדה מוצרים טבעיים ו,IT,ספגטי כוסמת,גרמים,250.00,100 גרם,false,0,14.90,5.96,true,1,
7290013521347,false,חרדל דיג'ון אורגני 200גרם,השדה מוצרים אורגניים,NL,חרדל דיז'ון,גרמים,200.00,100 גרם,false,0,14.90,7.45,true,1,
7290013521385,false,רסק תפוחים אורגני השדה מוצרים אורגנים 700 גרם,השדה מוצרים אורגניים,NL,רסק תפוחים אורגנ,גרמים,700.00,100 גרם,false,0,18.90,2.70,true,1,
7290013521415,false,אבקת מרק אורגני 20 בטעם עוף 200 גר,השדה מוצרים אורגניים,NL,אבקת מרק אורגנית,גרמים,200.00,100 גרם,false,0,22.90,11.45,true,1,
7290013521491,false,השדה קטשופ אורגני 567 גרם,השדה מוצרים טבעיים ו,US,קטשופ אורגני,גרמים,568.00,100 גרם,false,0,18.90,3.33,true,1,
7290013521835,false,פסטה כוסמין ספירולינה פוזילי אורגני השדה מוצרים אורגנים 300 גרם,האי נאם סי או אל.טי.,HU,פסטה כוסמין,גרמים,300.00,100 גרם,false,1,19.90,6.63,true,1,
7290013521859,false,צ'יפס תפוח אדמה אפוי בתוספת ירקות 65 גרם,"סיבי, נובי פריס",SK,"חטיף תפו""א+ירקות",גרמים,65.00,100 גרם,false,1,13.90,21.38,true,1,
7290013521866,false,חטיף אורגני מתפוחי אדמה ללא מלח 65 גרם,"סיבי, נובי פריס",SK,"חטיף תפו""א אפוי",גרמים,65.00,100 גרם,false,1,13.90,21.38,true,1,
7290013521873,false,סוכר קוקוס אורגני השדה מוצרים אורגנים 300 גרם,כפרי בריא,ID,סוכר קוקוס,גרמים,300.00,100 גרם,false,1,17.00,5.67,true,1,
7290013521965,false,עוגיות אורגניות מקמח כוסמין מלא 180 גרם,השדה מוצרים טבעיים ו,IL,עוגיות חצי ירח,גרמים,180.00,100 גרם,false,1,17.90,9.94,true,1,
7290013645050,false,פירורי לחם שרהלה 300 גרם,מוצרי הכט,IL,פרורי לחם,גרמים,300.00,100 גרם,false,0,22.70,7.57,true,1,
7290013645500,false,מקלות מלוחים ללא גלו,מוצרי הכט,IL,מקלות מלוחים,גרמים,230.00,100 גרם,false,0,22.70,9.87,true,1,
7290013645531,false,עוגיות מזרחיות ללא ג,מוצרי הכט,IL,עוגיות מזרחיות,גרמים,230.00,100 גרם,false,0,22.70,9.87,true,1,
7290013675194,false,שניצל אמיתי ביתי ללא גלוטן מאמא עוף 700 גרם,תנובה מרכז שיתופי לשיווק תוצרת,IL,שניצל אמיתי,גרמים,700.00,100 גרם,false,1,44.50,6.36,true,1,
7290013746689,false,עוג.ש.שועל אוכמניות250ג,"דגן מיני מזונות בע""\מ",IL,עוגיות כוסמין,גרמים,250.00,100 גרם,false,1,28.90,11.56,true,1,
7290013903327,false,טופו טבעי 500 יח 2 יח נפרדות ליב,ל.י.ב. (לחיות יותר בטבע) בעמ,IL,טופו בטעם טבעי,גרמים,500.00,100 גרם,false,1,14.90,2.98,true,1,
7290013903594,false,רסק תפוחים טבעי 670 גרם ליב,ל.י.ב. (לחיות יותר בטבע) בעמ,IL,רסק תפוחים טבעי,גרמים,670.00,100 גרם,false,1,12.90,1.93,true,1,
7290013994028,false,אורז חום מלא עגול אורגני 500 גר הרדוף,,IL,אורז חום עגול,גרמים,500.00,100 גרם,false,0,10.90,2.18,true,1,
7290013994073,false,פוזילי אורגני 400 גר מקמח כוסמין מלא,הרדוף,IT,פוסילי,גרמים,400.00,100 גרם,false,0,20.90,5.23,true,1,
7290013994080,false,פנה אורגני 400 גר מקמח כוסמין מלא,הרדוף,IT,פנה מקמח כוסמין,גרמים,400.00,100 גרם,false,0,20.90,5.23,true,1,
7290013994295,false,קינואה אדומה אורגנית 500 גר,אול אורגני,IL,קינואה אדומה,גרמים,500.00,100 גרם,false,1,20.90,4.18,true,1,
7290013994301,false,קינואה שחורה אורגנית 500 גר,אול אורגני,IL,קינואה שחורה,גרמים,500.00,100 גרם,false,1,22.90,4.58,true,1,
7290013994387,false,שימורי גרעיני תירס מתוק אורגני 340 גר,אול אורגני,IT,שימורי תירס,גרמים,340.00,100 גרם,false,1,11.80,3.47,true,1,
7290013994417,false,הרדוף גרעיני שיבולת שועל אורגני 500 גרם,אול אורגני,IL,גרעיני שיבולת,גרמים,500.00,100 גרם,false,1,10.90,2.18,true,1,
7290013994424,false,הרדוף גרעיני כוסמין אורגני 500 גרם,אול אורגני,IL,גרעיני כוסמין,גרמים,500.00,100 גרם,false,1,10.90,2.18,true,1,
7290013994547,false,אורז בסמטי חום אורגני 500 גר,אול אורגני,IL,אורז בסמטי חום,גרמים,500.00,100 גרם,false,0,12.90,2.58,true,1,
7290013994554,false,אורז בסמטי לבן 500 אורגני גרם - הרדוף,אול אורגני,IL,אורז בסמטי לבן,גרמים,500.00,100 גרם,false,0,12.90,2.58,true,1,
7290013994653,false,קינואה רויאל אורגני 500 גרם - הרדוף,אול אורגני,IL,קינואה אורגנית,גרמים,500.00,100 גרם,false,1,17.90,3.58,true,1,
7290013994684,false,אפונה חצויה אורגנית הרדוף 500 גרם,אול אורגני,IL,אפונה ירוקה חצוי,גרמים,500.00,100 גרם,false,0,13.90,2.78,true,1,
7290013994783,false,שעועית עדינ.קפוא אורג800,פינגווין,BE,שעועית עדינה,גרמים,800.00,100 גרם,false,1,24.90,3.11,true,1,
7290013994790,false,לקט ירקות קפוא אורגני800,פינגווין,BE,לקט ירקות קפוא,גרמים,800.00,100 גרם,false,1,24.90,3.11,true,1,
7290013994820,false,הרדוף שומשום שחור אורגני 300 גרם,אול אורגני,IL,שומשום שחור,גרמים,300.00,100 גרם,false,1,10.90,3.63,true,1,
7290013994905,false,"קמח חיטה 70% אורגני הרדוף 1 ק""ג",,IL,קמח חיטה 70%,קילוגרמים,1.00,"ק""ג",false,1,15.90,15.90,true,1,
7290013994912,false,"קמח כוסמין 70% אורגני הרדוף 1 ק""ג",עץ השדה,IL,קמח כוסמין 70%,קילוגרמים,1.00,"ק""ג",false,1,21.90,21.90,true,1,
7290014001008,false,דבש מהרי ירושלים 500 גרם,"משק דבורים לין בע""\מ",IL,דבש מהרי ירושלים,גרמים,500.00,100 גרם,false,0,33.30,6.66,true,1,
7290014017320,false,0 אבקת מרק עוף ללא גלוטן,נטו מלינדה-בשר,,אבקת מרק עוף,גרמים,400.00,100 גרם,false,0,19.70,4.93,true,1,
7290014021518,false,פרי FREE חטיף אננס קראנצ'י 27 גרם,לנאקו שוואנגטי פודסטאף,CN,חטיף אננס,גרמים,20.00,100 גרם,false,1,11.90,59.50,true,1,
7290014021525,false,פרי FREE חטיף ליצ'י קראנצ'י 27 גרם,לנאקו שוואנגטי פודסטאף,CN,חטיף ליצי,גרמים,20.00,100 גרם,false,1,11.90,59.50,true,1,
7290014021716,false,פרי FREE חטיף מנגו קראנצ'י 27 גרם,,CN,חטיף מנגו בהקפאה,גרמים,20.00,100 גרם,false,1,11.90,59.50,true,1,
7290014076426,false,ממתיק סטיביה טבעי 100 מ`ל,"שליידר לבורטוריס בע""מ",IL,תמצית סטיוויה,מיליליטרים,100.00,"100 מ""ל",false,1,41.90,41.90,true,1,
7290014321007,false,"שמן קוקוס אורגני 350 מ""ל",כפרי בריא,LK,שמן קוקוס אורגני,מיליליטרים,350.00,"100 מ""ל",false,0,29.90,8.54,true,1,
7290014321212,false,קרקר פשתן ושום 125 גרם less & more,"ל.ב. סחר ושיווק בע""מ",IL,קרקרים פשתן,גרמים,125.00,100 גרם,false,1,25.90,20.72,true,1,
7290014451018,false,ספוג כלים אקולוגי 4 יח GF,גרין-פלאש,CA,ספוג לכלים 4 יח,יחידה,1.00,יחידה,false,0,13.90,13.90,true,1,
7290014451230,false,נייר אפייה טבעי 30 דפים GF,גרין פלאש,IL,נייר אפיה טבעי,יחידה,1.00,יחידה,false,1,12.90,12.90,true,1,
7290014548565,false,צרקסית עיזים 12% 200 גרם,חוות רום,IL,גבינה צ'רקסית,גרמים,200.00,100 גרם,false,0,23.50,11.75,true,1,
7290014548572,false,צרקסית עשבי תיבול 12% 200 גרם,חוות רום,IL,גבינה צ'רקסית,גרמים,200.00,100 גרם,false,0,23.50,11.75,true,1,
7290014628427,false,קרקר ירוק 150 גרם,שורשי ציון,IL,קרקר ירוק,גרמים,150.00,100 גרם,false,1,29.90,19.93,true,1,
7290014758162,false,חלב עיזים מלא 3.6% שומן תנובה (1 ליטר),תנובה מרכז שיתופי לש,IL,חלב עיזים מלא 1ל,ליטרים,1.00,ליטר,false,0,15.40,15.40,true,1,
7290014760134,false,"מעדן סויה בטעם וניל תנובה 125 מ""ל",תנובה Alternative,IL,מעדן סויה וניל,גרמים,125.00,100 גרם,false,1,4.70,3.76,true,1,
7290014760141,false,משקה שקדים טרי תנובה (1 ליטר),"תנובה בע""מ ***",IL,משקה שקדים,ליטרים,1.00,ליטר,false,1,14.80,14.80,true,1,
7290014762800,false,מעדן סויה שוקולד גביע 125 גרם אלטרנטיב,תנובה מרכז שיתופי לש,IL,מעדן סויה ט.שוקו,גרמים,125.00,100 גרם,false,1,4.70,3.76,true,1,
7290014763272,false,יוגורט סויה BIO לשתיה תות ובננה אלטרנטיב,תות תעשיות מזון (201,IL,משקה סויה ביו,מיליליטרים,250.00,"100 מ""ל",false,1,6.90,2.76,true,1,
7290014860094,false,"מקלוני אורז ללא גלוטן 3מ""מ 454גר' (אור)",מזרח ומערב יבוא ושיווק,TH,מקלוני אורז,גרמים,454.00,100 גרם,false,0,11.90,2.62,true,1,
7290014981669,false,GS חלבון עוגיות 600 גרם,NATURAL MARSHAL,IL,GS חלבון עוגיות,גרמים,600.00,100 גרם,false,0,139.90,23.32,true,1,
7290015127066,false,תמר בהרי אורגני נאות סמדר 400 גרם,נוקדי המדבר,IL,תמר בהרי אורגני,גרמים,400.00,100 גרם,false,1,18.90,4.73,true,1,
7290015129121,false,אטריות גל קונג`אק נודלס ללא גלוטן סקיני,הוויזאי וואנגייה פוד,CN,אטריות קונגאק,גרמים,270.00,100 גרם,false,0,11.90,4.41,true,1,
7290015129145,false,אטריות קונג'אק בתוספת טפיוקה בצורת ספגטי,הוויזאי וואנגייה פוד,CN,אטריות קונגאק,גרמים,270.00,100 גרם,false,0,11.90,4.41,true,1,
7290015129220,false,איטריות גל קונג`אק בצורת קוסקוס סקיני פס,אף.סי תבליני בגליל ב,CN,פסטה קונגאק,גרמים,270.00,100 גרם,false,1,11.90,4.41,true,1,
7290015129251,false,איטריות גל קונג`אק בצורת פסטה פטוצ`יני ס,אף.סי תבליני בגליל ב,CN,פסטה קונגאק,גרמים,270.00,100 גרם,false,1,11.90,4.41,true,1,
7290015129312,false,תבשיל מרק עם אטריות קונגאק סקיני סופ בטע,אף.סי תבליני בגליל ב,CN,סקיני סופ,גרמים,234.00,100 גרם,false,1,16.90,7.22,true,1,
7290015129749,false,סקיני פסטה שיבולת שועל נודלס 270 גרם,הוויזאי וואנגייה,CN,פסטה שיבולת שועל,גרמים,270.00,100 גרם,false,1,11.90,4.41,true,1,
7290015129756,false,סקיני פסטה שיבולת שועל פטוצ'יני 270 גרם,הוויזאי וואנגייה,CN,פסטה שיבולת שועל,גרמים,270.00,100 גרם,false,1,11.90,4.41,true,1,
7290015139250,false,"שוקולד מריר פצפוצי אורז כרמית 85 גרם לל""ס",כרמית תעשיות ממתקים בעמ,IL,שוקולד מריר,גרמים,85.00,100 גרם,false,1,7.90,9.29,true,1,
7290015139267,false,שוקולד מריר עם שקדים ללא תוספת סוכר וסטהיים,"כרמית תעשיות ממתקים בע""\",IL,שוקולד מריר,גרמים,85.00,100 גרם,false,1,7.90,9.29,true,1,
7290015161244,false,"קרם קוקוס 17% אורגני ללא גלוטן 400 מ""ל נוטרה זן","אינסטנטה בע""מ",LK,קרם קוקוס אורגני,מיליליטרים,400.00,"100 מ""ל",false,1,9.90,2.48,true,1,
7290015161367,false,אבקת מרק ירקות אורגני טבעוני דל שומן,נוטרה זן NutraZen,DE,אבקת מרק ירקות,גרמים,200.00,100 גרם,false,1,23.90,11.95,true,1,
7290015161541,false,קוואקר שיבולת שועל אינסטנט ללא גלוטן - 400 גרם,י.איטליאנו אחזקות בעמ,DK,"קוואקר דק לל""ג",גרמים,400.00,100 גרם,false,1,21.90,5.48,true,1,
7290015161558,false,קמח שיבולת שועל מלאה אורגני ללא גלוטן,י.איטליאנו אחזקות בעמ,DK,קמח שבולת שועל,גרמים,500.00,100 גרם,false,1,22.90,4.58,true,1,
7290015161589,false,פת פריכה אורגנית ללא גלוטן ירקות גינה 100 גרם,אקסטרודו בצ'\יצה,CZ,קרקר פריך,גרמים,100.00,100 גרם,false,1,12.90,12.90,true,1,
7290015161626,false,אבקת אפייה ל.גלוטן 120 ג,,LV,אבקת אפיה אורגני,גרמים,120.00,100 גרם,false,1,14.90,12.42,true,1,
7290015161640,false,סודה לשתייה ל.גלוטן120ג,,LV,סודה לשתייה,גרמים,120.00,100 גרם,false,1,14.90,12.42,true,1,
7290015161763,false,אבקת מרק ירקות אורגני ללא שמרים 200 גרם,ויטאם הפה פרודקט,DE,אבקת מרק ירקות,גרמים,200.00,100 גרם,false,1,23.90,11.95,true,1,
7290015161831,false,פת פריכה אורגנית ללא גלוטן - אמרנט 100 ג,אקסטרודו בצ'\יצה,CZ,פת פריכה,גרמים,100.00,100 גרם,false,1,13.90,13.90,true,1,
7290015161848,false,פת פריכה אורגנית ללא גלוטן - כוסמת וקינואה 100 גרם,י.איטליאנו אחזקות בעמ,CZ,פת פריכה,גרמים,100.00,100 גרם,false,1,13.90,13.90,true,1,
7290015161862,false,פת פריכה אורגנית ללא גלוטן - ערמונים 100 גרם,י.איטליאנו אחזקות בעמ,CZ,פת פריכה,גרמים,100.00,100 גרם,false,1,13.90,13.90,true,1,
7290015161879,false,פת פריכה אורגנית PRO ללא גלוטן עדשים אדומות וחומות 100 ג',אקסטרודו בצ'\יצה,CZ,פת פריכה עדשים,גרמים,100.00,100 גרם,false,1,18.30,18.30,true,1,
7290015161893,false,פת פריכה אורגנית PRO ללא גלוטן זרעי דלעת בתיבול שום 100 ג',אקסטרודו בצ'\יצה,CZ,"פת פריכה לל""ג",גרמים,100.00,100 גרם,false,1,18.30,18.30,true,1,
7290015161930,false,"פסטPRO קסרצ'ה פתיתים אורגניים, ללא גלוטן",י.איטליאנו אחזקות בעמ,IT,פסטה אורגנית,גרמים,250.00,100 גרם,false,1,18.90,7.56,true,1,
7290015164832,false,מחית קארי ירוק 400 גרם SUREE כשר,מזרח ומערב יבוא ושיווק,TH,מחית קארי ירוקה,גרמים,400.00,100 גרם,false,0,20.90,5.23,true,1,
7290015599023,false,VEGA צהובה טבעונית בטעם קלאסי 200 גרם,וגה מוצרים טבעוניים VEGA,GR,צהובה טבעונית,גרמים,200.00,100 גרם,false,0,23.80,11.90,true,1,
7290015599047,false,בלוק צהובה טבעונית לגירוד על פיצה 200 גרם ללא גלוטן,וגה מוצרים טבעוניים VEGA,GR,צהובה טבעונית,גרמים,200.00,100 גרם,false,0,17.90,8.95,true,1,
7290015599054,false,פרוסות צהובה טבעונית בטעם גבינת צ'דר,וגה מוצרים טבעוניים VEGA,GR,צהובה טבעונית,גרמים,200.00,100 גרם,false,0,23.80,11.90,true,1,
7290015599061,false,VEGA צהובה טבעונית בטעם מוצרלה 200 גרם,וגה מוצרים טבעוניים VEGA,GR,צהובה טבעונית,גרמים,200.00,100 גרם,false,1,23.80,11.90,true,1,
7290015599078,false,פרוסות צהובה טבעונית בתוספת עשבי תיבול,וגה מוצרים טבעוניים VEGA,GR,צהובה טבעונית,גרמים,200.00,100 גרם,false,0,23.80,11.90,true,1,
7290015599191,false,VEGA ממרח טבעוני בסגנון גבינת שמנת בטעם קלאסי 170 גרם,ביוטי איילנד פודס בע,GB,ממרח טבעוני,גרמים,170.00,100 גרם,false,1,18.80,11.06,true,1,
7290015599207,false,VEGA ממרח טבעוני בסגנון גבינת שמנת בטעם צ'דר 170 גרם,ביוטי איילנד פודס בע,GB,ממרח טבעוני,גרמים,170.00,100 גרם,false,1,18.80,11.06,true,1,
7290015599214,false,שמרים יבשים בתוספת ויטמינים 110 ג NOOCH,רד סטאר וסט קומפני,US,שמרים יבשים,גרמים,110.00,100 גרם,false,1,19.90,18.09,true,1,
7290015599313,false,VEGA ממרח טבעוני בסגנון גבינת שמנת בצל ירוק ופלפל שחור 170 גרם,וגה מוצרים טבעוניים בעמ,GB,ממרח טבעוני,גרמים,170.00,100 גרם,false,1,18.80,11.06,true,1,
7290015599504,false,VEGA ממרח בטעם חמאה אורגני 225 גרם,גוד פוד פרודקטס S.p,DK,ממרח טעם חמאה,גרמים,225.00,100 גרם,false,1,18.90,8.40,true,1,
7290015599719,false,תחליף פרמזן טבעוני 1,המאפיה של הרמן,GR,צהובה טבעונית,גרמים,150.00,100 גרם,false,1,24.90,16.60,true,1,
7290015599733,false,קובה במילוי טחון מהצומח 400 גרם,,IL,קובה מן הצומח,גרמים,400.00,100 גרם,false,1,30.90,7.73,true,1,
7290015599740,false,אמפנדה במילוי טחון מהצומח 400 גרם,,IL,אמפנדה מן הצומח,גרמים,400.00,100 גרם,false,1,30.90,7.73,true,1,
7290015603195,false,איטריות בתוספת תרד 454 גרם,פוגיאן לונגהי אנלידה אינ,CN,איטריות תרד,גרמים,454.00,100 גרם,false,1,10.90,2.40,true,1,
7290015603218,false,אטריות עם עגבניה מזרח מערב 454 גרם,מזרח ומערב יבוא ושיווק,CN,איטריות עם עגבני,גרמים,454.00,100 גרם,false,1,10.90,2.40,true,1,
7290015603584,false,ג'ינגר לבן כבוש ללא מונוסודיום 160 גרם (כ),מזרח ומערב יבוא ושיווק,CN,ג'ינג'ר לבן כבוש,גרמים,160.00,100 גרם,false,1,8.90,5.56,true,1,
7290015603591,false,גינגר ורוד כבוש ללא מונוסודיום 160 גרם,מזרח ומערב יבוא ושיווק,CN,ג'ינג'ר ורוד,גרמים,160.00,100 גרם,false,1,8.90,5.56,true,1,
7290015673204,false,קבב בולגרי עם פטרוזילה טבע דלי 400 גרם,ל.י.ב. (לחיות יותר בטבע) בעמ,IL,קבב מהצומח,גרמים,400.00,100 גרם,false,1,25.90,6.48,true,1,
7290015673587,false,קריספי טופו -נגיסי טופו אסייתי טבע דלי 350 גרם,טבע דלי,IL,קריספי טופו,גרמים,350.00,100 גרם,false,1,27.90,7.97,true,1,
7290015673594,false,קריספי טופו ברוטב בטנים אמריקאי טבע דלי 350 גרם,טבע דלי,IL,קריספי טופו,גרמים,350.00,100 גרם,false,1,27.90,7.97,true,1,
7290015695800,false,נבטי ברוקולי אורגני יח,הנבטים של אודי,IL,נבטי ברוקולי,יחידה,1.00,יחידה,false,1,11.90,11.90,true,1,
7290015695817,false,נבטי קייל אורגני יח,הנבטים של אודי,IL,נבטי קייל,יחידה,1.00,יחידה,false,1,11.90,11.90,true,1,
7290015695848,false,נבטי אלפלפא אורגני יח,אודי,IL,נבטי אלפלפה,יחידה,1.00,יחידה,false,1,11.90,11.90,true,1,
7290015695855,false,נבטי חמניה אורגני יח,הנבטים של אודי,IL,נבטי חמניה,יחידה,1.00,יחידה,false,1,11.90,11.90,true,1,
7290015695879,false,עשב חיטה אורגני יח,אודי,IL,עשב חיטה,יחידה,1.00,יחידה,false,1,11.90,11.90,true,1,
7290015695886,false,מיקס נבטים אורגני יח,הנבטים של אודי,IL,מיקס נבטים,יחידה,1.00,יחידה,false,1,11.90,11.90,true,1,
7290015695916,false,מיקס נבטים ענק אורגני יח,הנבטים של אודי,IL,מיקס נבטים,יחידה,1.00,יחידה,false,1,18.90,18.90,true,1,
7290015695923,false,נבטים סיניים אורגני יח,מושב אחיטוב,IL,נבטים סיניים,יחידה,1.00,יחידה,false,1,11.90,11.90,true,1,
7290015695947,false,נבטי אפונה אורגני יח,הנבטים של אודי,IL,נבטי אפונה,יחידה,1.00,יחידה,false,1,11.90,11.90,true,1,
7290015695992,false,פטריות שמפיניון אורג200ג,,IL,פטריות שמפיניון,גרמים,200.00,100 גרם,false,1,18.90,9.45,true,1,
7290016047301,false,קמח רב תכליתי 500 גרם ללא גלוטן,גורי מוצרי צריכה (1991) בעמ,IL,קמח רב תכליתי,גרמים,500.00,100 גרם,false,1,25.90,5.18,true,1,
7290016146004,false,קמח שקד מולבן 300 גרם,שקד תבור,IL,קמח שקד קלוף,גרמים,300.00,100 גרם,false,1,27.90,9.30,true,1,
7290016146110,false,סירופ חרובים לחיץ 500 גרם,"אלמונדס בע""מ",IL,סירופ חרובים,גרמים,500.00,100 גרם,false,1,28.90,5.78,true,1,
7290016146400,false,שוקולד תבור 60% גאנה100ג,שקד תבור,IL,שוקולד תבור 60%,גרמים,100.00,100 גרם,false,1,17.90,17.90,true,1,
7290016146431,false,שוקולד תבור 72% 100 גרם,שקד תבור,IL,שוקולד תבור,גרמים,100.00,100 גרם,false,1,17.90,17.90,true,1,
7290016245318,false,לחם פשתן פרוס מזרעי פשתן טחונים 450 גר,ביכורים,IL,לחם פשתן פרוס,גרמים,450.00,100 גרם,false,1,25.90,5.76,true,1,
7290016245325,false,לחם טחינה פרוס 450 גרם,ביכורים,IL,לחם טחינה פרוס,גרמים,450.00,100 גרם,false,1,29.50,6.56,true,1,
7290016306002,false,"גלידת וניל קוקוס 473 מ""ל",גלידת אילו,IL,גלידת וניל קוקוס,מיליליטרים,473.00,"100 מ""ל",false,1,34.90,7.38,true,1,
7290016306026,false,גלידת שוקולד פצפוצים473מ,היידי שוקולד בירונטי,IL,גלידת שוקולד,מיליליטרים,473.00,"100 מ""ל",false,1,34.90,7.38,true,1,
7290016306033,false,גלידת שוקולד פיצפוץ120מל,גלידת אילו,IL,גלידת שוקולד,מיליליטרים,120.00,"100 מ""ל",false,1,13.90,11.58,true,1,
7290016306040,false,גלידת קרמל פקאן קלוי473מ,היידי שוקולד בירונטי,IL,גלידת קרמל פקאן,מיליליטרים,473.00,"100 מ""ל",false,1,34.90,7.38,true,1,
7290016306057,false,גלידת אילו קרמל פקאן120מ,גלידת אילו,IL,גלידת קרמל פקאן,מיליליטרים,120.00,"100 מ""ל",false,1,13.90,11.58,true,1,
7290016306101,false,גלידת קפוצינו שוק.מר473מ,גלידת אילו,IL,גלידת קפוצינו,מיליליטרים,473.00,"100 מ""ל",false,1,34.90,7.38,true,1,
7290016306118,false,גלידת אילו קפוצ'ינו120ל,גלידת אילו,IL,גלידת קפוצ'ינו,מיליליטרים,120.00,"100 מ""ל",false,1,13.90,11.58,true,1,
7290016306132,false,"גלידת אילו פיסטוק 473מ""ל",היידי שוקולד בירונטי,IL,גלידת פיסטוק,מיליליטרים,473.00,"100 מ""ל",false,1,34.90,7.38,true,1,
7290016306149,false,"גלידת תותים שמנת 473מ""ל",היידי שוקולד בירונטי,IL,גלידת אילו תותים,מיליליטרים,473.00,"100 מ""ל",false,1,34.90,7.38,true,1,
7290016306163,false,"גלידת אילו פיסטוק 120מ""ל",גלידת אילו,IL,גלידת פיסטוק,מיליליטרים,120.00,"100 מ""ל",false,1,13.90,11.58,true,1,
7290016306187,false,גלידת קוקוס פירות יער473,גלידת אילו,IL,גלידת קוקוס,מיליליטרים,473.00,"100 מ""ל",false,1,34.90,7.38,true,1,
7290016306200,false,"גלידת אילו תותים 120 מ""ל",גלידת אילו,IL,גלידת אילו תותים,מיליליטרים,120.00,"100 מ""ל",false,1,13.90,11.58,true,1,
7290016306224,false,"גלידת וניל פיצפוצ473מ""ל",גלידת אילו,IL,גלידת וניל,מיליליטרים,473.00,"100 מ""ל",false,1,34.90,7.38,true,1,
7290016505009,false,שוקולד פנדה קרם בוטנים טבעוני 100 גרם,"מדשא תעשיות מזון בע""",IL,ממתק פנדה,גרמים,100.00,100 גרם,false,1,18.70,18.70,true,1,
7290016505023,false,שוקולד פנדה קרם נוגט טבעוני 100 גרם,"מדשא תעשיות מזון בע""",IL,ממתק פנדה,גרמים,100.00,100 גרם,false,1,18.70,18.70,true,1,
7290016505047,false,שוקולד קרמל ומלח גס 100 גרם - פנדה,"מדשא תעשיות מזון בע""",IL,ממתק פנדה,גרמים,100.00,100 גרם,false,1,18.70,18.70,true,1,
7290016505061,false,שוקולד פנדה לבן עוגיות טבעוני 100 גרם,,IL,שוקולד עוגיות,גרמים,100.00,100 גרם,false,1,18.70,18.70,true,1,
7290016505085,false,חטיף נוגט פצפוצים 45 גרם - פנדה,"פנדהמוצריםטבעונייםבע""מ",IL,חטיף נוגט פנדה,גרמים,45.00,100 גרם,false,1,8.70,19.33,true,1,
7290016594003,false,ממרח מסיבת אגוזים 300 גרם,,IL,מסיבת אגוזים,גרמים,300.00,100 גרם,false,1,32.50,10.83,true,1,
7290016594027,false,שליז חמאת אגוזי נמר אגוזי לוז ושקדים 300,,IL,חמאת אגוזי לוז,גרמים,300.00,100 גרם,false,1,32.50,10.83,true,1,
7290016594065,false,שליז צופלה-ממרח אגוזי נמר קשיו קקאו 300ג,תבליני דניאל,IL,ממרח אגוזי נמר,גרמים,300.00,100 גרם,false,1,32.50,10.83,true,1,
7290016594201,false,ממרח אגוזי נמר וקשיו קרמלו 300 גרם,,,ממרח קוקוס אגוזי,יחידה,1.00,יחידה,false,0,32.50,32.50,true,1,
7290016606164,false,פריגורט תות אורגני 500 ג,חוות גבעות עולם,IL,פריגורט תות,גרמים,500.00,100 גרם,false,1,14.90,2.98,true,1,
7290016606171,false,פריגורט עיזים פ.יער 500ג,חוות גבעות עולם,IL,פריגורט עיזים,גרמים,500.00,100 גרם,false,1,14.90,2.98,true,1,
7290016606188,false,פריגורט עיזים פסיפלור500,חוות גבעות עולם,IL,פריגורט עיזים,גרמים,500.00,100 גרם,false,1,14.90,2.98,true,1,
7290016646115,false,"היילה חלווה עם פיסטוק ללת""ס 400 גרם",,IL,חלווה עם פיסטוק,גרמים,400.00,100 גרם,false,1,27.90,6.98,true,1,
7290016867008,false,"לחם כוסמין מחמצת ד""ר מרק",המאפה של דר מרק בריאות באפייה,IL,לחם מחמצת,גרמים,750.00,100 גרם,false,1,20.90,2.79,true,1,
7290016867046,false,"מארז פיתות קלות כוסמין במתיקות מעודנת 6 יחידות ד""ר מרק",המאפה של דר מרק בריאות באפייה,IL,פיתות קלות 6 יח,גרמים,303.00,100 גרם,false,1,16.90,5.58,true,1,
7290016867053,false,לחם קל כוסמין בתוספת מחמצת 450 גרם,המאפה של דר מרק בריאות באפייה,IL,לחם קל כוסמין,גרמים,450.00,100 גרם,false,1,20.90,4.64,true,1,
7290016867114,false,לחם קל מכוסמין מלא 500 גר`דר מרק,המאפה של דר מרק בריאות באפייה,IL,לחם קל מכוסמין,גרמים,500.00,100 גרם,false,1,19.90,3.98,true,1,
7290016867138,false,"מארז לחמניות קלות כוסמין 5 יחידות ד""ר מרק",המאפה של דר מרק בריאות באפייה,IL,5 לחמניות כוסמין,גרמים,330.00,100 גרם,false,1,13.90,4.21,true,1,
7290016867176,false,"מארז לחמניות קלות כוסמין שומשום במתיקות מעודמת 5 יחידות ד""ר מרק",המאפה של דר מרק בריאות באפייה,IL,לחמניות קלות,גרמים,351.00,100 גרם,false,1,15.90,4.53,true,1,
7290016867251,false,לחם קל שיפון 450 גרם,המאפה של דר מרק בריאו בעמ,IL,לחם שיפון קל,גרמים,450.00,100 גרם,false,1,16.90,3.76,true,1,
7290017086101,false,כדורי אפונה ירוק 400 גר,,IL,כדורי אפונה ירוק,גרמים,400.00,100 גרם,false,1,23.90,5.98,true,1,
7290017142005,false,"שמן קוקוס אורגני עץ הזית צנצנת 320מ""ל",סוגת תעשיות בעמ,LK,שמן קוקוס אורגני,מיליליטרים,320.00,"100 מ""ל",false,1,31.90,9.97,true,1,
7290017142012,false,שמן קוקוס אורגני כתית 500 מל עץ הזית,סוגת תעשיות בעמ,LK,שמן קוקוס אורגני,מיליליטרים,500.00,"100 מ""ל",false,1,41.90,8.38,true,1,
7290017142029,false,שמן קוקוס אורגני כתית1 ליטר עץ הזית,אקספולנקה,LK,שמן קוקוס אורגני,ליטרים,1.00,ליטר,false,1,71.90,71.90,true,1,
7290017325347,false,מקלות בייגלה מקמח כוסמין אורגני הרדוף 200 גרם,"אם החיטה בע""\מ",IL,מקלות ביגלה,גרמים,200.00,100 גרם,false,1,16.90,8.45,true,1,
7290017325422,false,פריכיות דקות אורז מלא אורגני 100 גרם,פרח תעשיות מזון,IL,פריכיות אורז מלא,גרמים,100.00,100 גרם,false,1,13.90,13.90,true,1,
7290017325453,false,משקה שקדים אורגני 1 ליטר הרדוף – ללא תוספת סוכר ללא גלוטן,ליקואטס,ES,"משקה שקדים ללת""ס",ליטרים,1.00,ליטר,false,1,14.90,14.90,true,1,
7290017325477,false,רסק עגבניות 100 גר אורגני - הרדוף,פריניר (הדס 1987) בע,IL,רסק עגבניות,גרמים,100.00,100 גרם,false,1,3.90,3.90,true,1,
7290017325514,false,שזיפים מיובשים אורגניים הרדוף 200 גרם,,BG,שזיפים מגולענים,גרמים,200.00,100 גרם,false,1,23.90,11.95,true,1,
7290017325613,false,משקה שיבולת שועל אורגני 1 ליטר הרדוף,סוי מג'יק,ES,משקה שיבולת שועל,ליטרים,1.00,ליטר,false,1,12.50,12.50,true,1,
7290017325644,false,אורז שחור אורגני הרדוף 500 גרם,הרדוף,IT,אורז שחור אורגני,גרמים,500.00,100 גרם,false,1,26.90,5.38,true,1,
7290017325651,false,אורז מעורב אורגני הרדוף 500 גרם,,IT,אורז מעורב,גרמים,500.00,100 גרם,false,1,23.90,4.78,true,1,
7290017325668,false,עדשים מנומרות אורגני500ג,אול אורגני,IL,עדשים מנומרות,גרמים,500.00,100 גרם,false,1,16.90,3.38,true,1,
7290017325682,false,פריכיות כוסמת אורגני הרדוף 160 גרם,פרח תעשיות מזון,IL,פריכיות כוסמת,גרמים,160.00,100 גרם,false,1,13.90,8.69,true,1,
7290017325729,false,קמח כוסמת ירוקה אורגני 500גר הרדוף,טחנת קמח דגן לישראל,IL,קמח כוסמת ירוקה,גרמים,500.00,100 גרם,false,1,20.90,4.18,true,1,
7290017325743,false,"קמח עדשים אדומות לל""ג אורגני 500 גרם",טחנת קמח דגן לישראל,IL,קמח עדשים,גרמים,500.00,100 גרם,false,1,18.90,3.78,true,1,
7290017325804,false,קוואקר עדין אורגני 500 גרם הרדוף ללא גלוטן,אול אורגני,IL,קוואקר עדין,גרמים,500.00,100 גרם,false,1,18.90,3.78,true,1,
7290017325811,false,שעועית בובס אורגני 400 גרם הרדוף,אול אורגני,IL,שעועית בובס,גרמים,400.00,100 גרם,false,1,13.90,3.48,true,1,
7290017325873,false,קרקר מקמח שיפון מלא אורגני 125גר הרדוף,"ל.ב. סחר ושיווק בע""\מ",IL,קרקר שיפון מלא,גרמים,125.00,100 גרם,false,1,20.90,16.72,true,1,
7290017325910,false,"קורנפלקס ללת""ס אורגני הרדוף 375 גר",לאמרי,IT,קורנפלקס אורגני,גרמים,375.00,100 גרם,false,1,20.90,5.57,true,1,
7290017325934,false,טחינה מלאה אורגני 450 גרם,הרדוף,IL,טחינה מלאה הרדוף,גרמים,450.00,100 גרם,false,1,19.90,4.42,true,1,
7290017516424,false,שוקולד+ פנגיאה שוקולד קוקוס ואגוזי לוז 300 גרם,י.איטליאנו אחזקות בעמ,IL,מארז פנגיאה,גרמים,300.00,100 גרם,false,1,33.90,11.30,true,1,
7290017516578,false,שלשיית חטיפי חלבון פנגיאה שוקלד 3*60 גרם,ש.ר רגע בטבע,IL,חטיפי חלבון 3 יח,גרמים,180.00,100 גרם,false,1,29.90,16.61,true,1,
7290017884462,false,"אריאל כשל""פ- ריבועי בצק עלים 450 גר'",מאפיית אריאל בעמ,IL,ריבועי בצק עלים,גרמים,450.00,100 גרם,false,1,20.90,4.64,true,1,
7290017894157,false,נייר אפייה טבעי 40יחידות,,IL,נייר אפייה טבעי,יחידה,1.00,יחידה,false,1,14.90,14.90,true,1,
7290017907208,false,תערובת קמח רב תכליתי לנמנעים מגלוטן,י.איטליאנו אחזקות בעמ,IL,קמח רב תכליתי,גרמים,500.00,100 גרם,false,1,16.90,3.38,true,1,
7290017907222,false,תערובת קמח תופח לנמנעים מגלוטן,י.איטליאנו אחזקות בעמ,IL,קמח תמי תופח,גרמים,500.00,100 גרם,false,1,16.90,3.38,true,1,
7290017907253,false,פתיתים מאורז לנמנעים מגלוטן,י.איטליאנו אחזקות בעמ,IL,פתיתים תמי,גרמים,300.00,100 גרם,false,1,14.90,4.97,true,1,
7290017932316,false,רוטב עגבניות לפסטה עם שמן זית 680 גר' דיניקולה,מור ים מרקטינג בעמ,IL,רוטב פסטה,גרמים,680.00,100 גרם,false,1,17.90,2.63,true,1,
7290017962009,false,גרנולה וניל אגוזים 330 גרם,"דני וגלית בע""מ",IL,גרנולה וניל אגוז,גרמים,330.00,100 גרם,false,1,19.90,6.03,true,1,
7290017962023,false,גרנולה מייפל תמר פקאן 330 גרם,"דני וגלית בע""מ",IL,גרנולה מייפל תמר,גרמים,330.00,100 גרם,false,1,19.90,6.03,true,1,
7290017962146,false,עוגיות כוסמין קוקוס קינמון טבעוני 230 גר,,IL,עוגיות כוסמין,גרמים,230.00,100 גרם,false,1,25.90,11.26,true,1,
7290018038444,false,פיצה זוגית מרגריטה מבצק כוסמין 380 גר,פרוזן פקטורי,IL,פיצה מרגריטה,גרמים,380.00,100 גרם,false,1,26.90,7.08,true,1,
7290018098578,false,המבורגר טבעונינ BEEF FREE,גורי מוצרי צריכה (1991) בעמ,IL,המבורגר צמחי,גרמים,230.00,100 גרם,false,1,22.90,9.96,true,1,
7290018127285,false,גרנולה קראנ'ץ קינמון 250,"מאמא יארא בע""\מ",IL,גרנולה קראנץ,גרמים,250.00,100 גרם,false,1,24.90,9.96,true,1,
7290018127469,false,"ביסקוויט פתי בר בטעם שוקולד לל""ג 200 גרם",אבאל יזמות בעמ,IL,פתיבר בטעם שוקו,גרמים,200.00,100 גרם,false,1,12.90,6.45,true,1,
7290018140543,false,כמו בשר טחון 300גרם,,FI,כמו בשר טחון,גרמים,300.00,100 גרם,false,1,30.90,10.30,true,1,
7290018140741,false,רצועות סויה סגנון בקר300,,FI,רצועות סויה,גרמים,300.00,100 גרם,false,1,30.90,10.30,true,1,
7290018140949,false,רצועות סויה שווארמה300ג,,FI,רצועות סויה,גרמים,300.00,100 גרם,false,1,30.90,10.30,true,1,
7290018175002,false,פיתה מתנפחת ללא גלוטן300,,IL,פיתה מתנפחת,גרמים,300.00,100 גרם,false,1,21.00,7.00,true,1,
7290018175224,false,אצבעות בייגלה ירושלמי220,"מאמא יארא בע""\מ",IL,אצבעות בייגלה,גרמים,220.00,100 גרם,false,1,15.90,7.23,true,1,
7290018249123,false,אינסטנט פודינג סוויטאנגו בטעם וניל,י.איטליאנו אחזקות בעמ,IL,אינסטנט פודינג,גרמים,50.00,100 גרם,false,1,12.90,25.80,true,1,
7290018249154,false,ממרח קקאו עם אגוזי סוויטאנגו 350 גר`,י.איטליאנו אחזקות בעמ,IL,ממרח קקאו,גרמים,350.00,100 גרם,false,1,33.90,9.69,true,1,
7290018249291,false,ממתיק סוכר וניל סוויטאנגו 100 ג',מתבל תעשיות מזון,IL,ממתיק בטעם וניל,גרמים,100.00,100 גרם,false,1,12.90,12.90,true,1,
7290018249352,false,אינסטנט פודינג קרמל סוויטאנגו 55 גר,מתבל תעשיות מזון,IL,אינסטנט פודינג,גרמים,55.00,100 גרם,false,1,12.90,23.45,true,1,
7290018249727,false,תחליף אבקת סוכר 400 גרם- סוויטנגו,מתבל תעשיות מזון,IL,סוויטאנגו ממתיק,גרמים,400.00,100 גרם,false,1,36.90,9.23,true,1,
7290018249802,false,ממתיק סוויטאנגו צנצנת 280 גרם,י.איטליאנו אחזקות בעמ,IL,סוויטאנגו,גרמים,280.00,100 גרם,false,1,27.90,9.96,true,1,
7290018249994,false,סוויטאנגו תחליף סוכר ממתיק 700 גר',מתבל תעשיות מזון,IL,סוויטאנגו,גרמים,700.00,100 גרם,false,1,56.90,8.13,true,1,
7290018338001,false,חלבון אפונה אורגני 200 גרם,תבואות,CN,חלבון אפונה,גרמים,200.00,100 גרם,false,1,28.00,14.00,true,1,
7290018338247,false,כמון טחון אורגני 90 גרם,,IN,כמון טחון אורגני,גרמים,90.00,100 גרם,false,1,14.90,16.56,true,1,
7290018338254,false,ג'ינג'ר טחון אורגני 75 גר,,IN,גינגר טחון,גרמים,75.00,100 גרם,false,1,14.90,19.87,true,1,
7290018338377,false,פלפל קאיין אורגני 90 גרם,,IN,פלפל קאיין,גרמים,90.00,100 גרם,false,1,14.90,16.56,true,1,
7290018338438,false,פניני טפיוקה קטן 400 גרם,,TH,פניני טפיוקה,גרמים,400.00,100 גרם,false,1,10.90,2.73,true,1,
7290018371008,false,טורטיה ציפס תירס סגול וצילי אורגני 70 גר,קואקספרה,PE,חטיף טורטייה,גרמים,70.00,100 גרם,false,1,17.90,25.57,true,1,
7290018371060,false,"תרסיס שמן זית אורגני השדה 200 מ""ל",השדה מוצרים טבעיים ו,TR,תרסיס שמן זית,מיליליטרים,200.00,"100 מ""ל",false,1,36.90,18.45,true,1,
7290018371091,false,בייגלה אורגני מקמח כוסמין ללא מלח 200 גר,השדה מוצרים טבעיים ו,IL,בייגלה כוסמין,גרמים,200.00,100 גרם,false,1,16.90,8.45,true,1,
7290018371176,false,זיתים במילוי שום אורגני 295 גרם,,GR,זיתים עם שום,גרמים,295.00,100 גרם,false,1,19.90,6.75,true,1,
7290018371183,false,זיתי קלמטה שלמים אורגני השדה מוצרים אורגנים 300 גרם,,GR,זיתי קלמטה,גרמים,300.00,100 גרם,false,1,16.90,5.63,true,1,
7290018371299,false,אובלטים אורגניים מקמח חומוס 100 גרם,השדה מוצרים טבעיים ו,IL,אובלטים אורגניים,גרמים,100.00,100 גרם,false,1,13.80,13.80,true,1,
7290018371305,false,אובלטים מקמח עדשים אדומות אורגני 100 גרם,השדה מוצרים טבעיים ו,IL,אובלטים אורגניים,גרמים,100.00,100 גרם,false,1,13.80,13.80,true,1,
7290018371312,false,אובלטים מקמח כוסמת אורגני 100 גרם,אם החיטה,IL,אובלטים אורגניים,גרמים,100.00,100 גרם,false,1,13.80,13.80,true,1,
7290018371411,false,פסטה רדיאטורי אורגנית255,,IT,פסטה אורגנית,גרמים,255.00,100 גרם,false,1,29.90,11.73,true,1,
7290018371480,false,וופל קמח כוסמין חרובים אורגני 200 גרם,השדה מוצרים טבעיים ו,IL,וופל קמח כוסמין,גרמים,200.00,100 גרם,false,1,16.90,8.45,true,1,
7290018468418,false,פסטרמה צמחונית טעם מפולפל 120 גרם טירת צבי,תנובה מרכז שיתופי לשיווק תוצרת,IL,פסטרמה צמחונית,גרמים,120.00,100 גרם,false,1,15.90,13.25,true,1,
7290018468425,false,נקניק טבעוני בטעם פיקנטי 100 גרם טירת צבי,תנובה מרכז שיתופי לשיווק תוצרת,IL,נקניק טבעוני,גרמים,120.00,100 גרם,false,1,15.90,13.25,true,1,
7290018593004,false,פטה שקדים טבעי 200 גרם -פלנטי (חדש),פלנטי,IL,פטה שקדים טבעי,גרמים,200.00,100 גרם,false,1,29.90,14.95,true,1,
7290018593011,false,פטה שקדים עשבי תיבול 200 גרם,פלנטי,IL,פטה שקדים עשבים,גרמים,200.00,100 גרם,false,1,29.90,14.95,true,1,
7290018593035,false,כמוצרלה קשיו 200 גרם - פלנטי (חדש),פלנטי,IL,כמוצרלה קשיו,גרמים,200.00,100 גרם,false,1,26.90,13.45,true,1,
7290018593059,false,אגוז'נו בסגנון פרמזן 115 גרם - פלנטי (חדש),פלנטי,IL,אגוז'נו פרמז'ן,גרמים,115.00,100 גרם,false,1,26.90,23.39,true,1,
7290018593110,false,רביולי גבינות שקדים וקשיו 400 גרם - פלנטי,,IL,רביולי גבינות,גרמים,400.00,100 גרם,false,1,39.90,9.98,true,1,
7290018593127,false,רביולי תרד גבינות 400גרם,,IL,רביולי מילוי תרד,גרמים,400.00,100 גרם,false,1,39.90,9.98,true,1,
7290018677070,false,"קרם קוקוס אורגני ללא גלוטן 330 מ""ל",בראנץ'\ אוף בן טרה אימפו,VN,קרם קוקוס אורני,מיליליטרים,330.00,"100 מ""ל",false,1,12.90,3.91,true,1,
7290018677124,false,גרנולה קראנצ'י חמוציות ודובדבנים ללא גלוטן וללא תוספת סוכר נוטרה זן-300 גרם,י.איטליאנו אחזקות בעמ,CZ,גרנולה קראנצ',גרמים,300.00,100 גרם,false,1,24.90,8.30,true,1,
7290018677148,false,גרנולה קראנצ'י שוקולד וקוקוס ללא גלוטן וללא תוספת סוכר נוטרה זן-300 גרם,י.איטליאנו אחזקות בעמ,CZ,גרנולה קראנצ',גרמים,300.00,100 גרם,false,1,24.90,8.30,true,1,
7290018720103,false,"אפיפיות וופל בטעם שוקו לל""ס הדר 250 גרם",רזיט שיווק בעמ,IL,אפיפיות ללא סוכר,גרמים,250.00,100 גרם,false,1,7.90,3.16,true,1,
7290018752722,false,מארז שוקולתמר במילוי חמאת בוטנים 120 גרם,,IL,שוקולדתמר מארז,גרמים,120.00,100 גרם,false,1,17.90,14.92,true,1,
7290018752814,false,ריבועי מרציפן אגוז 120ג,,IL,ריבועי מרציפן,גרמים,120.00,100 גרם,false,1,22.90,19.08,true,1,
7290018752838,false,ריבועי מרציפן פיסטוק120ג,,IL,ריבועי מרציפן,גרמים,120.00,100 גרם,false,1,22.90,19.08,true,1,
7290018757000,false,מיץ רימונים אורגני עתיד ירוק 1 ליטר,,TR,מיץ רימונים,ליטרים,1.00,ליטר,false,1,23.90,23.90,true,1,
7290018757116,false,קמח שקדים עתיד ירוק 250 גרם,"אשבל פונקציות בע""מ",IL,קמח שקדים,גרמים,250.00,100 גרם,false,1,26.90,10.76,true,1,
7290018757123,false,פתיתי ש.שועל דקה קוואקר אורגני 400 גרם,נוטרה זן,FI,פתיתי ש.שועל,גרמים,400.00,100 גרם,false,1,20.90,5.23,true,1,
7290018757147,false,"קמח ש.שועל מלאה לל""ג אורגני 400 גרם",נוטרה זן,FI,קמח שיבולת שועל,גרמים,400.00,100 גרם,false,1,19.90,4.98,true,1,
7290018757154,false,קמח עדשים אדומות עתיד ירוק 400 גרם,טחנת קמח טל,IL,קמח עדשים אדומות,גרמים,400.00,100 גרם,false,1,21.70,5.43,true,1,
7290018757222,false,בורגר פטריות טבעוני עתיד ירוק 375 גרם,"פרה מזון בע""\מ",IL,בורגר פטריות טבע,גרמים,375.00,100 גרם,false,1,22.90,6.11,true,1,
7290018757246,false,שווארמה טבעונית עתיד ירוק 400 גרם,פרה מזון בעמ,IL,שווארמה טבעונית,גרמים,400.00,100 גרם,false,1,21.90,5.48,true,1,
7290018757260,false,בורגר סלק טבעוני עתיד ירוק 400 גרם,פרה מזון בעמ,IL,בורגר סלק טבעוני,גרמים,400.00,100 גרם,false,1,19.90,4.98,true,1,
7290018757291,false,זרעי צ'יה לבנה 230 גרם,,PY,זרעי צ'יה לבנה,גרמים,230.00,100 גרם,false,1,20.90,9.09,true,1,
7290018757338,false,אבקת אסאי אורגנית 100 גר,,BR,אבקת אסאי אורגני,גרמים,100.00,100 גרם,false,1,109.90,109.90,true,1,
7290018757369,false,אבקת ספירולינה 250 גרם,,CN,אבקת ספירולינה,גרמים,250.00,100 גרם,false,1,124.90,49.96,true,1,
7290018757420,false,יובה חלבון סויה מיובש מסולסלת קשרים 300,נאיהואנג יג'\יה פוד רו א,CN,חלבון סויה מיובש,גרמים,300.00,100 גרם,false,1,20.90,6.97,true,1,
7290018757512,false,"אבקת אפיה ללא אלומיניום לל""ג 600 גרם",,IL,אבקת אפייה,גרמים,600.00,100 גרם,false,1,19.90,3.32,true,1,
7290018757574,false,זרעי ציה 230 ג SUPER FOOD,,IL,זרעי צ'יה,גרמים,230.00,100 גרם,false,1,17.90,7.78,true,1,
7290018757659,false,אגר אגר 25 גרם,,IL,אגר אגר,גרמים,25.00,100 גרם,false,1,20.90,83.60,true,1,
7290018757666,false,אבקת מורינגה אורגנית100ג,,IN,אבקת מורינגה,גרמים,100.00,100 גרם,false,1,93.90,93.90,true,1,
7290018757833,false,קמח אגוזי נמר שליס 250 גרם,קמח טל,IL,קמח אגוזי נמר,גרמים,250.00,100 גרם,false,1,27.90,11.16,true,1,
7290018857885,false,"חמאת בוטנים 1 ק""ג",,AR,חמאת בוטנים,קילוגרמים,1.00,"ק""ג",false,1,32.90,32.90,true,1,
7290018949009,false,גרופר משקה קל מוגז אורגני תפוזזה 330 מל,טחנת האבן קואופ בעמ,PL,משקה קל מוגז,מיליליטרים,330.00,"100 מ""ל",false,1,10.50,3.18,true,1,
7290018949016,false,גרופר משקה קל מוגז אורגני תפוחוחה 330 מל,טחנת האבן קואופ בעמ,PL,משקה קל מוגז,מיליליטרים,330.00,"100 מ""ל",false,1,10.50,3.18,true,1,
7290019047537,false,בדיקת קורונה מארז 20 יח,פארמה דיל,CN,בדיקת קורונה מאר,יחידה,1.00,יחידה,false,1,189.00,189.00,true,1,
7290019078784,false,אבקת קקאו אורגנית 400 גרם,"אלמונדס בע""מ",PE,אבקת קקאו אורגני,גרמים,400.00,100 גרם,false,1,32.90,8.23,true,1,
7290019297215,false,"פולי סויה אדממה 1ק""ג",שקדיה,IL,פולי סויה אדממה,גרמים,1000.00,100 גרם,false,0,17.70,1.77,true,1,
7290100790311,false,קפה מפולי תמר תוספת הל אווא 250 גרם,,IL,קפה תמרים הל,גרמים,250.00,100 גרם,false,1,29.90,11.96,true,1,
7290100799864,false,קפה תמרים מעודן טורקי200,,IL,פולי תמר קלוי,גרמים,250.00,100 גרם,false,0,29.90,11.96,true,1,
7290101486688,false,חטיף דגנים עם שוקולד ללא גלוטן וסוכר פרי 5*20 גרם,טבעית מוצרים מן הטבע בעמ,IL,חטיף FREE 5 יח',גרמים,100.00,100 גרם,false,0,18.50,18.50,true,1,
7290105431516,false,מארז חטיף פריי תמרים ובוטנים ללא גלוטן ותוספת סוכר 125 גרם,טבעית מוצרים מן הטבע בעמ,IL,חטיפי FREE,גרמים,125.00,100 גרם,false,0,18.50,14.80,true,1,
7290105436382,false,חטיף פרי תמרים קשיו ללא תוספת סוכר וגלוטן 5 יח,טבעית מוצרים מן הטבע בעמ,IL,חטיפי FREE,גרמים,125.00,100 גרם,false,0,18.50,14.80,true,1,
7290107536042,false,מארז גיפט קארד מרובע ניי,.,IL,מארז גיפטקארד,יחידה,1.00,יחידה,false,1,6.00,6.00,true,1,
7290107943369,false,קוואקר שיבולת שועל ללא גלוטן 511 גר'.,שטראוס פריטו ליי בע`מ,US,קוואקר ללא גלוטן,גרמים,511.00,100 גרם,false,1,17.00,3.32,true,1,
7290107971522,false,חטיף בוטנים ושקדים עם שוקולד מריר ופיסטוק,אמקו סאם מילס ספול.,CZ,חטיף FREE,גרמים,140.00,100 גרם,false,1,17.90,12.79,true,1,
7290108504934,false,"דפי אורז למילוי 22 ס""מ 300 גרם בית יוסף",ג.וילי פוד אינטרנשיונל בעמ,VN,דפי אורז למילוי,גרמים,300.00,100 גרם,false,1,10.90,3.64,true,1,
7290108508703,false,טורטיה ללא גלוטן 270 גרם ויליפוד,ג.וילי-פוד אינטרנשיונל בעמ,TR,טורטיה ללא גלוטן,גרמים,270.00,100 גרם,false,1,8.90,3.30,true,1,
7290109354101,false,קרקר לחמית ללא גלוטן 200 גר אסם,קבוצת אוסם סחר שותפות מוגבלת,IL,לחמית ללא גלוטן,גרמים,200.00,100 גרם,false,1,12.00,6.00,true,1,
7290109640198,false,מגורדת לפיצה ולאפיה 20% שומן 200 גרם - משומשו,קפוא זן תעשיות מזון בעמ,IL,מגורדת לפיצה,גרמים,200.00,100 גרם,false,1,19.90,9.95,true,1,
7290109640396,false,ממרח שום שמיר על בסיס קוקוס 9% שומן 200 גרם - משומשו,קפוא זן תעשיות מזון בעמ,IL,"ממרח ע""ב קוקוס",גרמים,200.00,100 גרם,false,1,16.90,8.45,true,1,
7290109640402,false,ממרח על בסיס קוקוס 9% שומן 200 גרם - משומשו,קפוא זן תעשיות מזון בעמ,IL,"ממרח ע""ב קוקוס",גרמים,200.00,100 גרם,false,1,16.90,8.45,true,1,
7290110001841,false,חמאת בוטנים טבעית 760 גר,בטר אנד דיפרנט,IL,תמאת בוטנים טבעי,גרמים,760.00,100 גרם,false,1,25.90,3.41,true,1,
7290110322014,false,טופו בטעם טבעי תנובה ALTERNATIVE,שוורצקוף& הנקל דיסלד,IL,טופו טבעי300 גרם,גרמים,300.00,100 גרם,false,1,12.50,4.17,true,1,
7290110322021,false,"תנובה טופו בזיליקום 300 גר' בד""צ",שוורצקוף& הנקל דיסלד,IL,טופו בזיליקום,גרמים,300.00,100 גרם,false,1,12.50,4.17,true,1,
7290110322038,false,טופו בטעם פיקנטי 300 גר`תנובה,תנובה Alternative,IL,טופו פיקנטי,גרמים,300.00,100 גרם,false,1,12.50,4.17,true,1,
7290110323714,false,משקה קוקוס שקדים תנובה E אלטרנטיב,מיוצר עי קונדיטוריית,IL,משקה קוקוס שקדים,ליטרים,1.00,ליטר,false,1,14.80,14.80,true,1,
7290110324711,false,ממרח סויה 9% שומן בטעם טבעי תנובה 250 גרם,מיוצר עי קונדיטוריית,IL,ממרח סויה 9%,גרמים,250.00,100 גרם,false,1,10.90,4.36,true,1,
7290110324841,false,מעדן שקדים עם שוקולד מריר תנובה 125 גרם,מיוצר עי קונדיטוריית,IL,מעדן שקדים,גרמים,125.00,100 גרם,false,1,4.50,3.60,true,1,
7290110324858,false,מעדן שקדים בטעם אגוזי לוז תנובה 125 גרם,מיוצר עי קונדיטוריית,IL,מעדן שקדים,גרמים,125.00,100 גרם,false,1,4.50,3.60,true,1,
7290110324926,false,משקה סויה ללא תוספת סוכר E אלטרנטיב,תנובה מרכז שיתופי לש,IL,"משקה סויה ללת""ס",ליטרים,1.00,ליטר,false,1,11.90,11.90,true,1,
7290110325305,false,יופלה GO סויה 20 גרם חלבון במתיקות מעודנת תנובה 200 גרם,מיוצר עי קונדיטוריית,IL,מעדן גו סויה,גרמים,200.00,100 גרם,false,1,5.70,2.85,true,1,
7290110325312,false,יופלה GO סויה 20 גרם חלבון בטעם תות תנובה 200 גרם,תנובה בעמ ***,IL,מעדן סויה ביו,גרמים,200.00,100 גרם,false,1,5.70,2.85,true,1,
7290110325619,false,משקה שיבולת שועל תנובה E אלטרנטיב,מיוצר עי קונדיטוריית,IL,משקה שיבולת שועל,ליטרים,1.00,ליטר,false,1,14.80,14.80,true,1,
7290110327033,false,משקה סויה תנובה גו מועשר בחלבון במתיקות מופחתת,מיוצר עי קונדיטוריית,IL,משקה סויה מועשר,ליטרים,1.00,ליטר,false,1,14.80,14.80,true,1,
7290110327064,false,משקה אייס קפה שיבולת שועל בטעם קרמל 1 ל' ALTERNATIVE,תנובה מרכז שיתופי לש,IL,אייס קפה ש.שועל,ליטרים,1.00,ליטר,false,1,13.90,13.90,true,1,
7290110327514,false,alternative משקה שיבולת שועל בטעם אגוזי לוז תנובה 1 ליטר,תנובה מרכז שיתופי לש,IL,משקה ש.שועל,ליטרים,1.00,ליטר,false,1,14.80,14.80,true,1,
7290110327798,false,חטיף חלבון GO - שוקולד 60 ג' חלב נוכרי - רבנות,"בלמונט קונפקציות בע""\מ.",US,חטיף חלבון,גרמים,60.00,100 גרם,false,1,13.90,23.17,true,1,
7290110327811,false,חטיף חלבון GO בטעם בצק קוקוס 20 גר`חלבו,"בלמונט קונפקציות בע""\מ.",US,חטיף חלבון,גרמים,60.00,100 גרם,false,1,13.90,23.17,true,1,
7290110327828,false,חטיף חלבון GO - חמאת בוטנים 60 ג' חלב נוכרי - רבנות,"בלמונט קונפקציות בע""\מ.",US,חטיף חלבון,גרמים,60.00,100 גרם,false,1,13.90,23.17,true,1,
7290110329303,false,פרוסות בטעם צהובה קלאסית אלטרנטיב 200 גר,תנובה Alternative,IL,פרוסות צהובה,גרמים,200.00,100 גרם,false,1,22.90,11.45,true,1,
7290110329792,false,יוגורט סויה BIO Alternative אפרסק 150 ג' תנובה,מיוצר עי קונדיטוריית,IL,מעדן סויה ביו,גרמים,150.00,100 גרם,false,1,5.50,3.67,true,1,
7290110329808,false,יוגורט סויה BIO Alternative תות 150 ג' תנובה,מיוצר עי קונדיטוריית,IL,מעדן סויה ביו,גרמים,150.00,100 גרם,false,1,5.50,3.67,true,1,
7290110329822,false,יוגורט סויה BIO Alternative פירות יער 150 ג' תנובה,מיוצר עי קונדיטוריית,IL,מעדן סויה ביו,גרמים,150.00,100 גרם,false,1,5.50,3.67,true,1,
7290110329839,false,פרוסות צהובה בטעם זיתים 200 ג' אלטרנטיב אלטרנטיב,מיוצר עי קונדיטוריית,IL,פרוסות צהובה,גרמים,200.00,100 גרם,false,1,22.90,11.45,true,1,
7290110329846,false,יוגורט סויה BIO Alternative בטעם טבעי 150 ג' תנובה,מיוצר עי קונדיטוריית,IL,מעדן ביו טבעי,גרמים,150.00,100 גרם,false,1,5.50,3.67,true,1,
7290110329914,false,מאגדת משקה שיבולת שועל ושקדים 100 גרם*6 יח' ביו אלטרנטיב,תנובה מרכז שיתופי לש,IL,משקה שיבולת שועל,גרמים,600.00,100 גרם,false,1,20.90,3.48,true,1,
7290111566561,false,"שניצל ברוקולי 99 קלוריות 560 גר' ""טבעול""",קבוצת אוסם סחר שותפות מוגבלת,IL,שניצל ברוקולי 99,גרמים,560.00,100 גרם,false,1,34.90,6.23,true,1,
7290112498069,false,#קוקומן ללא גלוטן כשלפ 375ג - חדש,יוניליוור ישראל שיווק בע`מ,IT,קוקומן ללא גלוטן,גרמים,375.00,100 גרם,false,1,23.90,6.37,true,1,
7290112967138,false,בייגלה שמיניות ללא גלוטן 250 גרם אסם,קבוצת אוסם סחר שותפות מוגבלת,IL,בייגלה שמיניות,גרמים,250.00,100 גרם,false,1,15.10,6.04,true,1,
7290114320191,false,קרמאמא שום שמיר 240 גרם,מאמא קיו,IL,קרמאמא שום שמיר,גרמים,240.00,100 גרם,false,1,16.90,7.04,true,1,
7290114320207,false,מאמא קיו קרמאמה זיתי,מאמא קיו,IL,קראמאמא זיתים,גרמים,240.00,100 גרם,false,1,16.90,7.04,true,1,
7290114320238,false,גליל טבעוני גב.עיזים160ג,מאמא קיו,IL,גליל טבעוני,גרמים,160.00,100 גרם,false,1,16.90,10.56,true,1,
7290114320245,false,גליל טבעוני בטעם טבעי160,מאמא קיו,IL,גליל טבעוני,גרמים,160.00,100 גרם,false,1,16.90,10.56,true,1,
7290114320252,false,גליל טבעוני תוספת חלפניו,מאמא קיו,IL,גליל טבעוני,גרמים,160.00,100 גרם,false,1,16.90,10.56,true,1,
7290114320269,false,גליל טבעוני ט.פלפל קלוי,מאמא קיו,IL,גליל טבעוני,גרמים,160.00,100 גרם,false,1,16.90,10.56,true,1,
7290114320276,false,גליל טבעוני תוספת עגבניה,מאמא קיו,IL,גליל טבעוני,גרמים,160.00,100 גרם,false,1,16.90,10.56,true,1,
7290114659949,false,מסכה כירורגית חד פעמית מארז 50 יח',שמחה זה אנחנו בעמ,CN,מסכת פנים חד פעמ,יחידה,1.00,יחידה,false,1,9.90,9.90,true,1,
7290116531045,false,קורנפלקס דליפקאן 350ג ללא גלוטן,"יוניליוור ישראלשיווק בע""מ",IT,דליפקאן ל.גלוטן,גרמים,350.00,100 גרם,false,1,25.90,7.40,true,1,
7290116930725,false,סויה BIO קוקוס גביע 150 גרם אלטרנטיב,תנובה בעמ ***,IL,מעדן סויה ביו,גרמים,150.00,100 גרם,false,1,5.50,3.67,true,1,
7290116931081,false,מעדן סויה - טופי קרמל 125 גרם אלטרנטיב,תנובה מרכז שיתופי לש,IL,מעדן סויה טופי,גרמים,125.00,100 גרם,false,1,4.70,3.76,true,1,
7290117260920,false,קרקרים ללא גלוטן 125 גרם ויליפוד,ג.וילי פוד אינטרנשיונל בעמ,IT,קרקרים ללא גלוטן,גרמים,125.00,100 גרם,false,1,6.90,5.52,true,1,
7290117260937,false,קרקרים עם עגבניות ואורגנו ללא גלוטן 125 ג' ויליפוד,ג.וילי-פוד אינטרנשיונל בעמ,IT,קרקר לללא גלוטן,גרמים,125.00,100 גרם,false,1,6.90,5.52,true,1,
7290117260944,false,מיני גריסיני עם שמן זית ללא גלוטן ויליפוד 125 גרם,ג. וילי-פוד אינטרנשיונל בע`מ,IT,מיני גריסיני,גרמים,125.00,100 גרם,false,1,6.90,5.52,true,1,
7296058000519,false,פריכיות כוסמת דל נתרן פרח 130 גרם,"פרח תעשיות מזון בע""מ.",IL,פריכיות כוסמת,גרמים,160.00,100 גרם,false,1,9.50,5.94,true,1,
7296058000526,false,פריכיות כוסמת פרח 160 גרם,מ.ד אטיאס סוכנויות מזון בע`מ,IL,פרכיות כוסמת,גרמים,160.00,100 גרם,false,0,8.50,5.31,true,1,
7296073164388,false,עלי תרד אורגניים,,IL,עלי תרד אורגניים,יחידה,1.00,יחידה,false,0,12.90,12.90,true,1,
7296073164661,false,תאנים אורגניות,,IL,תאנים אורגניות,גרמים,460.00,100 גרם,false,0,26.90,5.85,true,1,
7296073164685,false,קייל אורגני גרין,,IL,קייל אורגני גרין,יחידה,1.00,יחידה,false,0,12.90,12.90,true,1,
7296073195245,false,חלווה אורגנית גרין 300גר,"אחדות בע""מ א.ת. ברקן",IL,חלווה אורגנית,גרמים,300.00,100 גרם,false,0,14.80,4.93,true,1,
7296073195252,false,פריכיות אורז מלא גרין100,"פרח תעשיות מזון בע""\מ",IL,פריכיות אורז מלא,גרמים,100.00,100 גרם,false,0,8.50,8.50,true,1,
7296073195269,false,פריכיות אורז מלא+קינואה,פרח תעשיות מזון,IL,פריכיות אורז מלא,גרמים,100.00,100 גרם,false,0,8.50,8.50,true,1,
7296073205111,false,"ניוקי תפו""א ל.ג.גרין500ג",,IT,"ניוקי תפו""א",גרמים,500.00,100 גרם,false,0,10.00,2.00,true,1,
7296073205456,false,פנה מלא אורגני,,IT,פנה מלא אורגני,גרמים,500.00,100 גרם,false,0,10.90,2.18,true,1,
7296073205494,false,ספגטי אורגני גרין 500גרם,,IT,ספגטי אורגני,גרמים,500.00,100 גרם,false,0,10.90,2.18,true,1,
7296073205616,false,תמר מג'הול אורגני גרין1ק,אלסקה,IL,תמר מג'הול גרין,קילוגרמים,1.00,"ק""ג",false,0,22.90,22.90,true,1,
7296073205708,false,רוט.פסט.בזיליקום אורג350,אלת'אה אס.פי.איי,IT,רוטב פסטה,גרמים,350.00,100 גרם,false,0,10.00,2.86,true,1,
7296073206095,false,סירופ אגבה,,MX,סירופ אגבה,גרמים,330.00,100 גרם,false,0,17.90,5.42,true,1,
7296073206101,false,סירופ אגבה אורג.גרין660ג,,MX,סירופ אגבה,גרמים,660.00,100 גרם,false,0,29.90,4.53,true,1,
7296073206347,false,דבש אקליפטוס,,IL,דבש אקליפטוס,גרמים,500.00,100 גרם,false,0,25.70,5.14,true,1,
7296073206354,false,דבש הדרים גרין 500 גרם,,IL,דבש הדרים,גרמים,500.00,100 גרם,false,0,25.70,5.14,true,1,
7296073218234,false,סוכר חום אורגני גרין 1 ק,,IL,סוכר קנים חום,קילוגרמים,1.00,"ק""ג",false,0,10.00,10.00,true,1,
7296073220008,false,ממתיק על בסיס סוכרלוז100,"ביסקול בע""מ",IL,ממתיק סוכרלוז,גרמים,100.00,100 גרם,false,0,17.90,17.90,true,1,
7296073220442,false,דובדבן קפוא שופרסל 300גר,d.o.o Lukowa,RS,דובדבן,גרמים,300.00,100 גרם,false,0,16.80,5.60,true,1,
7296073224402,false,גרגירי חומוס אורגני גרין,,IL,גרגירי חומוס,גרמים,500.00,100 גרם,false,0,11.90,2.38,true,1,
7296073224419,false,שומשום מלא אורגני גר100ג,,IL,שומשום מלא,גרמים,100.00,100 גרם,false,0,5.90,5.90,true,1,
7296073224457,false,כוסמת אורגנית גרין 500 ג,,IL,כוסמת אורגנית,גרמים,500.00,100 גרם,false,0,9.90,1.98,true,1,
7296073224464,false,אורז לבן ארוך גרין 500 ג,,IL,אורז לבן ארוך,גרמים,500.00,100 גרם,false,0,11.90,2.38,true,1,
7296073224471,false,עדשים אדומות אורגני גרין,,IL,עדשים אדומות,גרמים,500.00,100 גרם,false,0,10.90,2.18,true,1,
7296073224518,false,גרעיני חמניה,,IL,גרעיני חמניה,גרמים,100.00,100 גרם,false,0,5.90,5.90,true,1,
7296073224525,false,שבבי שיב.שוע500גרוס גרין,,IL,קוואקר אורגני,גרמים,500.00,100 גרם,false,0,11.90,2.38,true,1,
7296073224549,false,זרעי פשתן גרין 500 גרם,,IL,זרעי פשתן,גרמים,500.00,100 גרם,false,0,11.90,2.38,true,1,
7296073224556,false,שבבי שיבולת שועל גרין500,,IL,קוואקר אורג.עבה,גרמים,500.00,100 גרם,false,0,11.90,2.38,true,1,
7296073224662,false,12ביצים חופש אורגניות M,חוות גבעות עולם,IL,ביצי חופש 12 יח,יחידה,1.00,יחידה,false,0,22.90,22.90,true,1,
7296073224679,false,12ביצים חופש אורגני L,חוות גבעות עולם,IL,ביצי חופש 12 יח,יחידה,1.00,יחידה,false,0,22.90,22.90,true,1,
7296073225560,false,"ופלים שוקולד ללת""ס200גרם","מנעמים תעשיות מזון בע""\מ",IL,"ופל שוקולד ללת""ס",גרמים,200.00,100 גרם,false,0,6.50,3.25,true,1,
7296073225720,false,שעועית מש 500 גרם,,IL,שעועית מש,גרמים,500.00,100 גרם,false,0,13.90,2.78,true,1,
7296073225737,false,שעועית אזוקי 500 גרם,,IL,שעועית אזוקי,גרמים,500.00,100 גרם,false,0,12.90,2.58,true,1,
7296073230960,false,קרקר+מלח אורגני גרין250ג,נובה אינדסטריה,IT,קרקר עם מלח,גרמים,250.00,100 גרם,false,1,6.90,2.76,true,1,
7296073232377,false,חלב1% נטול לקטוז גרין1ל,מחלבת רמת-הגולן,IL,חלב נטול לקטוז,ליטרים,1.00,ליטר,false,1,8.90,8.90,true,1,
7296073232384,false,שוקו נטול לקטוז1%גרין1ל,מחלבות רמת הגולן,IL,שוקו נטול לקטוז,ליטרים,1.00,ליטר,false,1,8.90,8.90,true,1,
7296073241331,false,עגבניות שרי אדומות אורגנ,יבולי בר אורגני,IL,עגבניות שרי,גרמים,460.00,100 גרם,false,1,13.90,3.02,true,1,
7296073243342,false,עוג.במילוי וניל ל.ג300ג,קופרנט פיינבק ג'י אם בי,DE,עוגיות וניל,גרמים,300.00,100 גרם,false,1,15.90,5.30,true,1,
7296073244417,false,"קורנפלקס ללא גלוטן כשל""פ",נקסקוב מילס,DK,קורנפלקס,גרמים,500.00,100 גרם,false,1,12.00,2.40,true,1,
7296073254164,false,דג.בוקר נוגט גרין ל.ג375,נייס פוד,IT,דגני בוקר נוגט,גרמים,375.00,100 גרם,false,1,16.90,4.51,true,1,
7296073254256,false,ערמונים אורגניים גרין100,CO FOODS LIYUAN HEBEI,CN,ערמונים אורגניים,גרמים,100.00,100 גרם,false,1,8.90,8.90,true,1,
7296073265344,false,חלב נטול לקטוז3%גרין 1ל,מחלבת רמת-הגולן,IL,חלב נטול לקטוז,ליטרים,1.00,ליטר,false,1,8.90,8.90,true,1,
7296073265351,false,ספגטי ללא גלוטן גרין400ג,SPA MENNUCCI PASTIFICI,IT,ספגטי ללא גלוטן,גרמים,400.00,100 גרם,false,1,11.90,2.98,true,1,
7296073265368,false,פסטה פנה ללא גלוטן 400גר,SPA MENNUCCI PASTIFICI,IT,פנה ללא גלוטן,גרמים,400.00,100 גרם,false,1,11.90,2.98,true,1,
7296073265375,false,פוזילי ללא גלוטן גרין400,SPA MENNUCCI PASTIFICI,IT,פוזילי ללא גלוטן,גרמים,400.00,100 גרם,false,1,11.90,2.98,true,1,
7296073265481,false,עוגת דבש ללא גלוטן400גרם,מאפ גדרון,IL,עוגת מאפין דבש,גרמים,400.00,100 גרם,false,1,20.90,5.23,true,1,
7296073266310,false,"רסק תפו""ע ללת""ס 113*4 גר",FOODS HUIZIANG JIANGSU,CN,"רסק תפו""ע 4 יח",גרמים,452.00,100 גרם,false,1,10.90,2.41,true,1,
7296073266693,false,מיץ תפוזים אורגני גרין1ל,גניר,IL,מיץ תפוזים,ליטרים,1.00,ליטר,false,1,18.90,18.90,true,1,
7296073266709,false,רוט.סויה ל.גלוטן גרין300,DEVELOPMENT YI LIAN,CN,רוטב סויה,מיליליטרים,280.00,"100 מ""ל",false,1,13.90,4.96,true,1,
7296073266730,false,חומץ אורז אורגני גרין500,DEVELOPMENT YI LIAN,CN,חומץ אורז אורגני,מיליליטרים,500.00,"100 מ""ל",false,1,17.90,3.58,true,1,
7296073266976,false,חטיף בוטנים ללא גלוטן80ג,סנקי,IL,חטיף בוטנים,גרמים,80.00,100 גרם,false,1,4.80,6.00,true,1,
7296073270010,false,חומץ תפוח5%אורג.גרין750מ,אקווניל,ES,חומץ תפוחים,מיליליטרים,750.00,"100 מ""ל",false,1,15.90,2.12,true,1,
7296073270027,false,חומץ יין לבן500אורג.גרין,אקווניל,ES,חומץ יין לבן,מיליליטרים,500.00,"100 מ""ל",false,1,16.90,3.38,true,1,
7296073273509,false,מקלוני אורז ללא גלוטן454,פוג'יאן לונגהי,CN,מקלוני אורז רחב,גרמים,454.00,100 גרם,false,1,9.90,2.18,true,1,
7296073274667,false,מקלוני אורז ללא גלוטן454,פוג'יאן לונגהי,CN,מקלוני אורז דק,גרמים,454.00,100 גרם,false,1,9.90,2.18,true,1,
7296073274957,false,חמאת בוטנים טבעית510גרם,יונייטד פודס,IN,חמאת בוטנים,גרמים,510.00,100 גרם,false,1,12.90,2.53,true,1,
7296073274964,false,חמאת בוטנים טבעית+שבבים,יונייטד פודס,IN,חמאת בוטנים,גרמים,510.00,100 גרם,false,1,12.90,2.53,true,1,
7296073277903,false,ופל מצ.שוק.גרין21.5*3ל.ג,הלווה ופלבקרי,NL,וופל מצופה,גרמים,64.00,100 גרם,false,1,9.90,15.47,true,1,
7296073277927,false,וופל מצופ.ללתס שופרסל100,הלווה ופלבקרי,NL,"וופל מצופה ללת""ס",גרמים,100.00,100 גרם,false,1,11.90,11.90,true,1,
7296073277941,false,"אצבעות וופל שוקולד ללת""ס",הלווה ופלבקרי,NL,אצבעות וופל,גרמים,64.00,100 גרם,false,1,10.90,17.03,true,1,
7296073285953,false,אורז בסמ.מלא אורג.גרין1ק,קהמן,IN,אורז בסמטי אורגנ,קילוגרמים,1.00,"ק""ג",false,1,10.00,10.00,true,1,
7296073293019,false,פלפל אורג.סוויט גרין200ג,יבולי בר אורגני,IL,פלפל אורגני,גרמים,200.00,100 גרם,false,1,12.90,6.45,true,1,
7296073293583,false,שמן קוקוס אורגני גרין330,סנקי,LK,שמן קוקוס אורגני,מיליליטרים,330.00,"100 מ""ל",false,1,18.90,5.73,true,1,
7296073294788,false,פירורי לחם ללא גלוטן250ג,אשבל מזון פונקציונלי בע\,IL,פירורי לחם,גרמים,250.00,100 גרם,false,1,15.90,6.36,true,1,
7296073294818,false,פתיתים קוסק.ללא גלוטן200,אשבול,IL,פתיתים קוסקוס,גרמים,200.00,100 גרם,false,1,13.90,6.95,true,1,
7296073294825,false,תערובת לעוגה לא גלוטן500,אשבול,IL,תערובת לעוגה,גרמים,500.00,100 גרם,false,1,17.50,3.50,true,1,
7296073294856,false,תערוב.רב תכליתי ל.ג500גר,אשבול,IL,תערובת רב תכליתי,גרמים,500.00,100 גרם,false,1,16.90,3.38,true,1,
7296073295655,false,"שוק.חלב ללת""ס שופרסל100ג",,IT,"שוקולד חלב ללת""ס",גרמים,100.00,100 גרם,false,1,6.90,6.90,true,1,
7296073295679,false,"שוק.אגוז ללת""ס שופרסל100",,IT,שוקולד אגוז ללתס,גרמים,100.00,100 גרם,false,1,7.90,7.90,true,1,
7296073298588,false,"ניוקי טריקולור לל""ג500 ג",סיימה אלימינטרי,IT,ניוקי ללא גלוטן,גרמים,500.00,100 גרם,false,1,15.90,3.18,true,1,
7296073319795,false,רוטב עגבנ.אורגני גרין700,פרוטאגל,IT,רוטב עגבניות,גרמים,700.00,100 גרם,false,1,12.90,1.84,true,1,
7296073319801,false,עגב.מרוסק אורגני גרין690,פרוטאגל,IT,עגבניות מרוסקות,גרמים,690.00,100 גרם,false,1,12.90,1.87,true,1,
7296073320128,false,מלפפון בייבי אורגני יח,,IL,מלפפון בייבי,יחידה,1.00,יחידה,false,1,11.90,11.90,true,1,
7296073320159,false,חסה לבבות אורגני גרין יח,,IL,חסה לבבות,יחידה,1.00,יחידה,false,1,13.90,13.90,true,1,
7296073321392,false,צנונית אורגני גרין יח,יבולי בר אורגני,IL,צנונית אורגני,יחידה,1.00,יחידה,false,1,13.90,13.90,true,1,
7296073321705,false,ג'ינג'ר גרין 250 גרם,,CN,ג'ינג'ר גרין,גרמים,250.00,100 גרם,false,1,15.90,6.36,true,1,
7296073323433,false,סירופ מייפל אורג.גרין250,קופדקס,DK,סירופ מייפל,מיליליטרים,250.00,"100 מ""ל",false,1,22.90,9.16,true,1,
7296073323631,false,פריפלצת מחית מנגו בננ120,גו פרוסלבה,ES,מחית פירות,גרמים,120.00,100 גרם,false,1,4.50,3.75,true,1,
7296073323648,false,פריפלצת מחית בננ.תות120ג,גו פרוסלבה,ES,מחית פירות,גרמים,120.00,100 גרם,false,1,4.50,3.75,true,1,
7296073323655,false,פריפלצת מחית תפוח בננ120,גו פרוסלבה,ES,מחית פירות,גרמים,120.00,100 גרם,false,1,4.50,3.75,true,1,
7296073323662,false,פריפלצת מיקס פירות120ג,גו פרוסלבה,ES,מחית פירות,גרמים,120.00,100 גרם,false,1,4.50,3.75,true,1,
7296073323679,false,פריפלצת מחית אגס 120ג,גו פרוסלבה,ES,מחית פירות,גרמים,120.00,100 גרם,false,1,4.50,3.75,true,1,
7296073323686,false,פריפלצת מחית בננה 120ג,גו פרוסלבה,ES,מחית פירות,גרמים,120.00,100 גרם,false,1,4.50,3.75,true,1,
7296073323693,false,פריפלצת מחית תפוח 120 גר,גו פרוסלבה,ES,מחית פירות,גרמים,120.00,100 גרם,false,1,4.50,3.75,true,1,
7296073324690,false,מיץ אשכול.אדום אורגני1ל,גניר,IL,מיץ אשכוליות,ליטרים,0.00,ליטר,false,1,18.90,18.90,true,1,
7296073327264,false,פופק.ללא גלוטן דבש 60גרם,אשבל,IL,פופקורן דבש חמאה,גרמים,60.00,100 גרם,false,1,4.90,8.17,true,1,
7296073327752,false,לבבות דקל שלמים400גרם,,EC,לבבות דקל שלמים,גרמים,400.00,100 גרם,false,1,11.90,2.98,true,1,
7296073327769,false,לבבות דקל חתוכים 400 גרם,,EC,לבבות דקל חתוך,גרמים,400.00,100 גרם,false,1,9.90,2.48,true,1,
7296073329398,false,"רסק תפוח אורג.ללת""ס113*4",,US,רסק תפוחי עץ 4יח,גרמים,452.00,100 גרם,false,1,16.90,3.74,true,1,
7296073341444,false,חומץ תפוחים אורגני מלא5%,,ES,חומץ תפוחים,מיליליטרים,750.00,"100 מ""ל",false,1,18.90,2.52,true,1,
7296073345060,false,לחם לבן ללא גלוטן 500 גר,גידרון,IL,לחם לבן ל.גלוטן,גרמים,500.00,100 גרם,false,1,15.90,3.18,true,1,
7296073345077,false,לחם כפרי ללא גלוטן 500 ג,גידרון,IL,לחם כפרי ל.גלוטן,גרמים,500.00,100 גרם,false,1,15.90,3.18,true,1,
7296073345084,false,לחם גרעינים ל.גלוטן500גר,גידרון,IL,לחם גרעינים,גרמים,500.00,100 גרם,false,1,17.90,3.58,true,1,
7296073345107,false,לחמניות המבורגר ל.ג90*4ג,גידרון,IL,לחמניות המבורגר,גרמים,360.00,100 גרם,false,1,14.90,4.14,true,1,
7296073345121,false,לחמניות ללא גלוטן 90*4ג,גידרון,IL,לחמניות אצבע,גרמים,360.00,100 גרם,false,1,14.90,4.14,true,1,
7296073345138,false,לחמניות ביס ל.גלוטן8*45ג,גידרון,IL,לחמניות ביס 8 יח,גרמים,360.00,100 גרם,false,1,14.90,4.14,true,1,
7296073345145,false,בסיס פיצה אישי ל.ג120*3ג,גידרון,IL,בסיס לפיצה 3 יח,גרמים,360.00,100 גרם,false,1,15.90,4.42,true,1,
7296073345732,false,טופו אורגני גרין 300 גרם,כפרי בריא משק ויילר,IL,טופו אורגני,גרמים,300.00,100 גרם,false,1,9.90,3.30,true,1,
7296073345749,false,טופו רך גרין 300 גרם,כפרי בריא משק ויילר,IL,טופו רך,גרמים,300.00,100 גרם,false,1,8.90,2.97,true,1,
7296073345763,false,טופו טעם טבעי 300 גרם,כפרי בריא משק ויילר,IL,טופו טעם טבעי,גרמים,300.00,100 גרם,false,1,8.90,2.97,true,1,
7296073348955,false,ספגטי אמר אורגני 500 גרם,,IT,ספגטי אמר אורגני,גרמים,500.00,100 גרם,false,1,12.90,2.58,true,1,
7296073348962,false,פסטה אמר פנה אורגני500גר,,IT,פסטה פנה אורגני,גרמים,500.00,100 גרם,false,1,12.90,2.58,true,1,
7296073348979,false,פסטה אמר פוזילי גרין500ג,,IT,פוזילי אורגני,גרמים,500.00,100 גרם,false,1,12.90,2.58,true,1,
7296073348993,false,פליני חיטה מלאה 500 גרם,,IT,פליני מלא אורגני,גרמים,500.00,100 גרם,false,1,10.90,2.18,true,1,
7296073352136,false,פתיתים חומוס ל.גלוטן250ג,,IT,פתיתים חומוס,גרמים,250.00,100 גרם,false,1,12.90,5.16,true,1,
7296073352150,false,פנה עדשים אדומות 250ג,,IT,פנה עדשים אדומות,גרמים,250.00,100 גרם,false,1,12.90,5.16,true,1,
7296073352167,false,פוזילי אפונה גרין 250גר,,IT,פוזילי אפונה ללג,גרמים,250.00,100 גרם,false,1,12.90,5.16,true,1,
7296073365914,false,קמח אורז לבן ל.גלוטן 500,,IL,"קמח אורז לל""ג",גרמים,500.00,100 גרם,false,1,10.90,2.18,true,1,
7296073365945,false,קמח תירס ללא גלוטן 500גר,,IL,"קמח תירס לל""ג",גרמים,500.00,100 גרם,false,1,11.90,2.38,true,1,
7296073368212,false,טחינה אורגנית גרין 500 ג,,IL,טחינה אורגנית,גרמים,500.00,100 גרם,false,1,10.00,2.00,true,1,
7296073372271,false,שמנת לבישול נ.לקטוז250מל,,IL,שמנת לבישול15%,מיליליטרים,250.00,"100 מ""ל",false,1,7.90,3.16,true,1,
7296073372486,false,משקה אורז שקדים אורגני1ל,ליקואטס וגטאלס,ES,משקה אורז שקדים,ליטרים,1.00,ליטר,false,1,12.90,12.90,true,1,
7296073372509,false,משקה אורז אורגני 1 ליטר,ליקואטס וגטאלס,ES,משקה אורז אורגני,ליטרים,1.00,ליטר,false,1,12.90,12.90,true,1,
7296073372523,false,משקה שקדים אורגני 1 ליטר,ליקואטס וגטאלס,ES,משקה שקדים,ליטרים,1.00,ליטר,false,1,12.90,12.90,true,1,
7296073372530,false,"משקה שקדים ללת""ס 1 ליטר",ליקואטס וגטאלס,ES,"משקה שקדים ללת""ס",ליטרים,1.00,ליטר,false,1,12.90,12.90,true,1,
7296073372547,false,משקה ש.שועל שקדים 1 ליטר,ליקואטס וגטאלס,ES,משקה שיבולת שועל,ליטרים,1.00,ליטר,false,1,12.90,12.90,true,1,
7296073372554,false,משקה ש.שועל אורגני 1ליטר,ליקואטס וגטאלס,ES,משקה שיבולת שועל,ליטרים,1.00,ליטר,false,1,12.90,12.90,true,1,
7296073377269,false,פולי סויה אדממה 454 גרם,,CN,פולי סויה אדממה,גרמים,454.00,100 גרם,false,1,12.90,2.84,true,1,
7296073380948,false,ג'ל אלכוהול 70%בניחוח ים,,TR,ג'ל אלכוהול 70%ב,מיליליטרים,200.00,"100 מ""ל",false,1,12.90,6.45,true,1,
7296073381709,false,גרעיני דלעת אורגניים300ג,,IL,גרעיני דלעת,גרמים,300.00,100 גרם,false,1,15.90,5.30,true,1,
7296073381747,false,עדשים שחורות אורגניות500,,IL,עדשים שחורות,גרמים,500.00,100 גרם,false,1,15.90,3.18,true,1,
7296073384779,false,פריפלצת אגס גזר דלעת120,פרוסלה,ES,פריפלצת אגס גזר,גרמים,120.00,100 גרם,false,1,4.50,3.75,true,1,
7296073384786,false,פריפלצת גזר בטטה 120 גרם,פרוסלה,ES,פריפלצת גזר בטטה,גרמים,120.00,100 גרם,false,1,4.50,3.75,true,1,
7296073384793,false,פריפלצת דלעת בטטה 120ג,פרוסלה,ES,פריפלצת דלעת,גרמים,120.00,100 גרם,false,1,4.50,3.75,true,1,
7296073386957,false,נשיקות ללא גלוטן 100גרם,אשבל מזון פונקציונלי בע\,IL,"נשיקות לל""ג גרין",גרמים,100.00,100 גרם,false,1,21.90,21.90,true,1,
7296073386971,false,מקלות מלוחים ל.גלוטן230ג,אשבל מזון פונקציונלי בע\,IL,מקלות מלוחים,גרמים,230.00,100 גרם,false,1,21.90,9.52,true,1,
7296073386988,false,עוג.מזרחיות ל.גלוטן230,אשבל מזון פונקציונלי בע\,IL,עוגיות מזרחיות,גרמים,230.00,100 גרם,false,1,21.90,9.52,true,1,
7296073386995,false,"עוג.סנדויץ ריבה לל""ג250ג",אשבל מזון פונקציונלי בע\,IL,עוג.סנדויץ ריבה,גרמים,250.00,100 גרם,false,1,21.90,8.76,true,1,
7296073387008,false,"עוג.שוקולד צ'יפס לל""ג200",אשבל מזון פונקציונלי בע\,IL,עוגיות שוקוצ'יפס,גרמים,200.00,100 גרם,false,1,21.90,10.95,true,1,
7296073389422,false,"שמן זית אורגני 750 מ""ל",,IT,שמן זית אורגני,מיליליטרים,750.00,"100 מ""ל",false,1,29.90,3.98,true,1,
7296073389446,false,בגט גרעינים ללא גלוטן240,,IL,"בגט גרעינים לל""ג",גרמים,240.00,100 גרם,false,1,15.90,6.63,true,1,
7296073391654,false,מגבונים לחיטוי וניקוי50י,טרופיקל דגיל,IL,מגבונים לניקוי,יחידה,1.00,יחידה,false,1,14.90,14.90,true,1,
7296073392927,false,חטיף קטניות ללג אורגני60,,IT,חטיף תירס+קטניות,גרמים,60.00,100 גרם,false,1,10.90,18.17,true,1,
7296073393580,false,פת פריכה ל.גלוטן200ג,,CZ,פת פריכה ל.גלוטן,גרמים,200.00,100 גרם,false,1,10.00,5.00,true,1,
7296073398158,false,תפוחונים גרין1+5מארז132ג,,CN,תפוחונים מארז6יח,גרמים,132.00,100 גרם,false,1,13.90,10.53,true,1,
7296073402961,false,"מלח הימלאיה גס 1 ק""ג",סולטס אן סולטס,PK,מלח הימלאיה גס,קילוגרמים,1.00,"ק""ג",false,1,17.90,17.90,true,1,
7296073404262,false,בוקצ'וי אורגני גרין יח,,IL,בוקצ'וי אורגני,יחידה,1.00,יחידה,false,1,14.90,14.90,true,1,
7296073415572,false,שניצלוני תירס צמחוני 650,"טיבון ויל אחזקות בע""\מ",IL,שניצלוני תירס צמ,גרמים,650.00,100 גרם,false,1,21.90,3.37,true,1,
7296073416005,false,"תפוחונים קינמון לל""ג 22ג",,CN,תפוחונים קינמון,גרמים,22.00,100 גרם,false,1,4.50,20.45,true,1,
7296073416012,false,תפוחונים קינמון 1+5מארז,,CN,תפוחונים 6 יח,גרמים,132.00,100 גרם,false,1,13.90,10.53,true,1,
7296073416104,false,"מי קוקוס אורגני 330 מ""ל",,VN,מי קוקוס טבעי,מיליליטרים,330.00,"100 מ""ל",false,1,9.60,2.91,true,1,
7296073416111,false,"מי קוקוס אננס 330 מ""ל",,VN,מי קוקוס אננס,מיליליטרים,330.00,"100 מ""ל",false,1,9.60,2.91,true,1,
7296073420330,false,פריכיות כוסמת ללא מלח160,,IL,פריכיות כוסמת,גרמים,160.00,100 גרם,false,1,10.90,6.81,true,1,
7296073424376,false,חסה אורגני יחידה,,IL,חסה אורגני יחידה,יחידה,1.00,יחידה,false,1,6.90,6.90,true,1,
7296073424406,false,בצל ירוק אורגני יחידה,,IL,בצל ירוק אורגני,יחידה,1.00,יחידה,false,1,9.90,9.90,true,1,
7296073424437,false,פטרוזיליה אורגני יחידה,,IL,פטרוזיליה אורגני,יחידה,1.00,יחידה,false,1,6.90,6.90,true,1,
7296073424444,false,שמיר אורגני י גרין חידה,,IL,שמיר אורגני,יחידה,1.00,יחידה,false,1,6.90,6.90,true,1,
7296073424451,false,נענע אורגני יחידה,,IL,נענע אורגני,יחידה,1.00,יחידה,false,1,6.90,6.90,true,1,
7296073426523,false,חלב אורגני גרין 3% 1 ל,מחלבות רמת הגולן,IL,חלב אורגני גרין,ליטרים,1.00,ליטר,false,1,10.90,10.90,true,1,
7296073426592,false,עוג.ללא גלוטן שוקו150ג,,IT,עוגיות ללא גלוטן,גרמים,150.00,100 גרם,false,1,12.90,8.60,true,1,
7296073426608,false,עוג.ללא גלוטן לימון150ג,,IT,עוגיות ללא גלוטן,גרמים,150.00,100 גרם,false,1,12.90,8.60,true,1,
7296073431244,false,גאודה נטול לקטוז 150 גרם,,PL,גאודה נטול לקטוז,גרמים,150.00,100 גרם,false,1,7.50,5.00,true,1,
7296073447108,false,קמח עמילן ללא גלוטן500,,IT,קמח בסיס עמילן,גרמים,500.00,100 גרם,false,1,14.90,2.98,true,1,
7296073451471,false,מלוואח ללא גלוטן 500 גרם,גידרון,IL,מלוואח ללא גלוטן,גרמים,400.00,100 גרם,false,1,23.90,5.98,true,1,
7296073451495,false,בצק עלים ללא גלוטן 450 ג,גידרון,IL,בצק עלים ל.גלוטן,גרמים,450.00,100 גרם,false,1,21.90,4.87,true,1,
7296073451501,false,"בורקס תפו""א ללא גלוטן500",גידרון,IL,"בורקס תפו""א",גרמים,500.00,100 גרם,false,1,24.90,4.98,true,1,
7296073451570,false,בורקס פיצה ללא גלוטן500ג,גידרון,IL,בורקס פיצה,גרמים,500.00,100 גרם,false,1,24.90,4.98,true,1,
7296073473466,false,סילאן אורגני לחיץ 470 ג,,AE,סילאן אורגני,גרמים,470.00,100 גרם,false,1,19.90,4.23,true,1,
7296073473657,false,שקדי מרק ללא גלוטן 200 ג,"חיים טובים מזון בע""\מ",IL,שקדי מרק ל.גלוטן,גרמים,200.00,100 גרם,false,1,13.90,6.95,true,1,
7296073473671,false,עוגת תפוזים ללא גלוטן350,גידרון,IL,עוגת תפוזים,גרמים,350.00,100 גרם,false,1,20.90,5.97,true,1,
7296073473800,false,ספגטי קונג'אק ל.גלוטן270,MORNING EASTERN SICHUAN,CN,ספגטי קונג'אק,גרמים,270.00,100 גרם,false,1,10.90,4.04,true,1,
7296073495857,false,טופו אורגני רך 300 גרם,"משק ויילר בע""\מ",IL,טופו אורגני,גרמים,300.00,100 גרם,false,1,9.90,3.30,true,1,
7296073496601,false,קרם קוקוס אורגני 500 גרם,COCONUT THAI,TH,קרם קוקוס אורגני,מיליליטרים,500.00,"100 מ""ל",false,1,15.90,3.18,true,1,
7296073496618,false,חלב קוקוס אורגני 500 גרם,COCONUT THAI,TH,חלב קוקוס אורגני,מיליליטרים,500.00,"100 מ""ל",false,1,13.90,2.78,true,1,
7296073496816,false,עגבניות מרוסקות400*3ג,S.P.A DAVIA,IT,עגבניות מרוסק3יח,קילוגרמים,1.20,"ק""ג",false,1,18.90,15.75,true,1,
7296073496830,false,עגבנ.אורגניות מקולפות400,S.P.A DAVIA,IT,עגבניות אורגניות,גרמים,400.00,100 גרם,false,1,3.90,0.98,true,1,
7296073496892,false,ממרח טחינה שקדים340ג,ענבי ציון,IL,ממרח טחינה,גרמים,340.00,100 גרם,false,1,23.90,7.03,true,1,
7296073496915,false,ממרח טחינה אגוזי לוז340ג,ענבי ציון,IL,ממרח טחינה,גרמים,340.00,100 גרם,false,1,23.90,7.03,true,1,
7296073497738,false,ש.שועל עבה ללא גלוטן500ג,,IL,שבולת שועל עבה,גרמים,500.00,100 גרם,false,1,18.90,3.78,true,1,
7296073497813,false,סילאן אורגני 900 גרם,FACTORY DATES BARAKAH AL,AE,סילאן אורגני,גרמים,900.00,100 גרם,false,1,25.90,2.88,true,1,
7296073516019,false,דגנים ציפוי שוק.לבן65ג,נטורל קייקס,IL,דגנים בציפוי ללג,גרמים,65.00,100 גרם,false,1,9.90,15.23,true,1,
7296073516026,false,דגנים בציפוי שוקולד 65ג,נטורל קייקס,IL,דגנים בציפוי,גרמים,65.00,100 גרם,false,1,9.90,15.23,true,1,
7296073526414,false,שזיפים אורגניים מיובש250,SERENA,BG,שזיפים אורגניים,גרמים,250.00,100 גרם,false,1,21.90,8.76,true,1,
7296073526445,false,צימוקים אורגניים 500 גרם,FOODS OZGUR,TR,צימוקים אורגניים,גרמים,500.00,100 גרם,false,1,20.90,4.18,true,1,
7296073526520,false,בישקוטים ללא גלוטן 125 ג,ויסנזי,IT,בישקוטים ל.גלוטן,גרמים,125.00,100 גרם,false,1,15.90,12.72,true,1,
7296073530251,false,בדיקות קורונה מארז 20 יח,,CN,בדיקות קורונה מא,יחידה,1.00,יחידה,false,1,149.90,149.90,true,1,
7296073530374,false,טחינה אורגנית גרין 500 ג,אחדות,IL,טחינה אורגנית,גרמים,500.00,100 גרם,false,1,10.00,2.00,true,1,
7296073530381,false,טחינה אורגנית מלאה500ג,אחדות,IL,טחינה אורגנית,גרמים,500.00,100 גרם,false,1,10.00,2.00,true,1,
7297488098152,false,קמח חומוס ללא גלוטן דגש 500 גרם,אף.סי תבליני בגליל ב,IL,קמח חומוס,גרמים,500.00,100 גרם,false,0,18.00,3.60,true,1,
7297488098190,false,0 קמח אורז מלא ללא גלוטן,אף.סי תבליני בגליל ב,IL,קמח אורז,גרמים,500.00,100 גרם,false,0,15.30,3.06,true,1,
7297488098398,false,"קסנטאן גאם - משפר לישה ומרקם, משפר אפיה",דגש- דוכן גן שמואל,IL,משפר אפייה,גרמים,300.00,100 גרם,false,0,41.90,13.97,true,1,
7297488098688,false,דגש פצפוצי אורז מלא ללא תוספת סוכר ומלח 450 גרם,משובח תעשיות מזון,IL,פצפוצי אורז,גרמים,450.00,100 גרם,false,1,24.10,5.36,true,1,
7297488099760,false,עוגיות ללא גלוטן בטעם חלווה דגש 250 גרם,דגש- דוכן גן שמואל,IL,עוגיות חלווה,גרמים,250.00,100 גרם,false,1,29.90,11.96,true,1,
7297488099777,false,עוגיות ללא גלוטן בטעם קאשיו דגש 250 גרם,דגש- דוכן גן שמואל,IL,עוגיות קאשיו,גרמים,250.00,100 גרם,false,1,29.90,11.96,true,1,
7297488099890,false,פרוסות בסגנון קלאסי מופחתת שומן טבעוני 200 גרם,"טרופיקל דגיל בע""מ אז",IL,פרוסות קלאסי,גרמים,200.00,100 גרם,false,1,19.90,9.95,true,1,
7297488099906,false,פרוסות בסגנון קלאסי 18% טבעונית 200 גרם,קפוא זן תעשיות מזון בעמ,IL,פרוסות קלאסי,גרמים,200.00,100 גרם,false,1,19.90,9.95,true,1,
7297488099968,false,משומשו מלוחה 16% 250גר טבעוני,קפוא זן תעשיות מזון בעמ,IL,מלוחה 16%,גרמים,250.00,100 גרם,false,1,19.90,7.96,true,1,
7610148246586,false,סטלה אקספיריינס שוקולד 100% קקאו 70 ג,שוקולד סטלה,CH,שוקולד פולי קקאו,גרמים,70.00,100 גרם,false,0,19.90,28.43,true,1,
7610211130804,false,הרמזית 800 טבליות 9גרם,,CH,הרמזית,גרמים,9.00,100 גרם,false,1,30.20,335.56,true,1,
7613037811629,false,קורנפלקס גו פרי ללא גלוטן 500 גר`,קבוצת אוסם סחר שותפות מוגבלת,GB,גו פרי קורנפלקס,גרמים,500.00,100 גרם,false,1,14.90,2.98,true,1,
8000215204219,false,משקה אורז ביו אורגני ויטאריז 1 ליטר,בטר אנד דיפרנט,IT,משקה אורז אורגני,ליטרים,1.00,ליטר,false,0,15.90,15.90,true,1,
8000215204240,false,משקה אורז ושקדים ביו אורגני ויטאריז 1 לי,בטר אנד דיפרנט,IT,משקה שקדים ואורז,ליטרים,1.00,ליטר,false,0,15.90,15.90,true,1,
8000215204653,false,משקה סויה ויטאסי 1 ליטר,בטר אנד דיפרנט,IT,משקה סויה אורגני,ליטרים,1.00,ליטר,false,1,14.50,14.50,true,1,
8000215204677,false,ויטריז - משקה שיבולת שועל בריסטה אורגני,בטר אנד דיפרנט,IT,משקה שיבולת שועל,ליטרים,1.00,ליטר,false,1,15.90,15.90,true,1,
8000215204714,false,משקה שיבולת שועל אורגני פרימונה 1 ליטר,בטר אנד דיפרנט,IT,משקה שיבולת שועל,ליטרים,1.00,ליטר,false,0,15.90,15.90,true,1,
8001505000177,false,נטורפוד מעדן משמש אורגני 250 גרם,פיור די פרוטה,IT,מעדן משמש אורגני,גרמים,250.00,100 גרם,false,0,23.90,9.56,true,1,
8007270999012,false,שמן גרעיני ענבים קוסטה דורו 1 ליטר,קוסטה דיאורו,IT,שמן גרעיני ענבים,ליטרים,1.00,ליטר,false,0,47.90,47.90,true,1,
8008698002100,false,מקלות גריסיני 200 גרם ד''ר שר,"ד""ר שר ס.ר.ל",IT,גריסיני אפויים,גרמים,150.00,100 גרם,false,0,21.90,14.60,true,1,
8008698003961,false,"שוקו סטיקס מקלוני עוגיות לל""ג 150 גר",דר שר דויטשלנד ג'\י אם ב,DE,שוקו סטיקס,גרמים,150.00,100 גרם,false,1,23.90,15.93,true,1,
8008698004807,false,תערובת קמחים לאפיית לחם ל.גלוטן 1020קג,ל.י.ב. (לחיות יותר בטבע) בעמ,AT,קמח ללא גלוטן שר,גרמים,1000.00,100 גרם,false,0,31.90,3.19,true,1,
8008698008157,false,שר עוגיות שוקולד במילוי קרם שמנת ללא גלוטן 100 גר',ל.י.ב. (לחיות יותר בטבע) בעמ,IT,עוגיות ממולאות,גרמים,100.00,100 גרם,false,0,10.90,10.90,true,1,
8008698012857,false,ביסקויט פתי בר בטעם חמאה 165 גרם ללא גלוטן petit,ל.י.ב. (לחיות יותר בטבע) בעמ,IT,ביסקוויט ל.גלוטן,גרמים,165.00,100 גרם,false,1,15.90,9.63,true,1,
8008698024188,false,פאן רוסטיקו מאפה ללא גלוטן 250 גר`,לחיות יותר בטבע בעמ,IT,פאן רוסטיקו פרוס,גרמים,250.00,100 גרם,false,1,17.90,7.16,true,1,
8017938005764,false,מיץ תפוחים אורגני 100% 1 ליטר נטורפוד,יבואן ומשווק: ש. שסט,IT,מיץ תפוחים,ליטרים,1.00,ליטר,false,0,21.00,21.00,true,1,
8022836001299,false,יין אדום יבש אורגני750מל,,IT,יין אדום יבש,מיליליטרים,750.00,"100 מ""ל",false,1,64.90,8.65,true,1,
8023678164517,false,משקה שקדים ללא סוכר טבעי אורגני 1ליטר ISOLA,לחיות יותר בטבע בעמ,IT,משקה שקדים טבעי,ליטרים,1.00,ליטר,false,1,16.90,16.90,true,1,
8024046201018,false,מחית אורגנית שזיפים 120 גרם,ביואיטליה,IT,מחית אורגנית,גרמים,120.00,100 גרם,false,1,6.90,5.75,true,1,
8024046202015,false,"מחית אורגנית תפו""ע תות שדה ובננה 120 גרם",ביואיטליה,IT,מחית אורגנית,גרמים,120.00,100 גרם,false,1,6.90,5.75,true,1,
8024046203012,false,מחית אורגנית תפוחי עץ ואוכמניות 120 גר,ביואיטליה,IT,מחית אורגנית,גרמים,120.00,100 גרם,false,1,6.90,5.75,true,1,
8024046204019,false,מחית אורגנית גזר משמש ודלעת 120 גרם,ביואיטליה,IT,מחית אורגנית,גרמים,120.00,100 גרם,false,1,6.90,5.75,true,1,
8024046205016,false,מחית אורגנית תפוחי עץ קיווי ותרד 120 ג,ביואיטליה,IT,מחית אורגנית,גרמים,120.00,100 גרם,false,1,6.90,5.75,true,1,
8024985000079,false,מחית תפוח משמש 100% פרי 200 ג נטורה נובה,נטורפוד בעמ,IT,מחית תפוח משמש,גרמים,200.00,100 גרם,false,0,10.50,5.25,true,1,
8024985000086,false,נטורה נובה - מחית תפוח בננה אורגנית 100% פרי,"נטורפוד בע""מ",IT,מחית תפוח בננה,גרמים,200.00,100 גרם,false,0,10.50,5.25,true,1,
8024985000109,false,מחית אגס אורגנ 100% פרי 200 ג נטורה נובה,נטורה נובה,IT,מחית אגס אורגני,גרמים,200.00,100 גרם,false,0,10.50,5.25,true,1,
8024985002912,false,מחית סמוצ`י תפוח אגס בטטה אורגנית נטורה,נטורפוד בעמ,IT,סמוזי תפוח אגס,גרמים,100.00,100 גרם,false,1,6.50,6.50,true,1,
8024985002943,false,מחית סמוצ`י תפוח אננס קוקוס אורגנית נטור,נטורפוד בעמ,IT,סמוזי אננס קוקוס,גרמים,100.00,100 גרם,false,1,6.50,6.50,true,1,
8024985003988,false,מחית פירות סמוצ`י תפוחים ובננה אורגנית ל,נטורפוד בעמ,IT,סמוזי תפוח בננה,גרמים,100.00,100 גרם,false,1,6.50,6.50,true,1,
8024985005234,false,מחית פירות סמוצ`י תפוח עץ ומנגו אורגנית,נטורפוד בעמ,IT,סמוזי תפוח אפרסק,גרמים,100.00,100 גרם,false,1,6.50,6.50,true,1,
8024985008051,false,מחית פירות סמוצ`י פירות אדומים אורגנית ל,"נטורפוד בע""מ",IT,סמוזי פירות אדום,גרמים,100.00,100 גרם,false,0,6.50,6.50,true,1,
8024985011204,false,נטורה נובה-סמוזי תפוח תות בננה 100 גרם,נטורה נובה,IT,סמוזי תפוח,גרמים,100.00,100 גרם,false,1,6.50,6.50,true,1,
8032804432024,false,דפי לזניה אורז-תירס אורגנית ללא גלוטן,מולינו אנדריאני,IT,לזניה אורז מלא,גרמים,250.00,100 גרם,false,1,17.50,7.00,true,1,
8121300207004,false,טרוביה - סטיביה ממתיק בצנצנת 270 גרם,קספרס פאקאגעהג,US,טרוביה בצנצנת,גרמים,270.00,100 גרם,false,1,34.90,12.93,true,1,
8121300208780,false,טרוביה תחליף סוכר לכל מטרה 360 גרם,גורי ע.ע.ע. בעמ,US,טרוביה תחליף,גרמים,360.00,100 גרם,false,1,35.90,9.97,true,1,
8121300209466,false,טרוביה תחליף סוכר חום 320 גרם,גורי ע.ע.ע. בעמ,US,טרוביה תחליף,גרמים,320.00,100 גרם,false,1,35.90,11.22,true,1,
8410376010701,false,"ביסקוויט ללת""ס גולון גלטה מריה 400 גר",תות תעשיות מזון (201,ES,"ביסקוויט ללת""ס",גרמים,400.00,100 גרם,false,1,19.90,4.98,true,1,
8410376037883,false,גוליאן עוגיות שוקו צפס ללא גלוטן 130 ג ו,תות תעשיות מזון (201,ES,שוקולד שוקוצ'יפס,גרמים,130.00,100 גרם,false,0,12.90,9.92,true,1,
8423207208260,false,מרבה סלים דליס 125 ג' ללא גלוטן שוקולד חלב,ביסנצ'ורי אס.אל.יו,ES,חטיף דגנים,גרמים,78.00,100 גרם,false,1,16.80,21.54,true,1,
8691530924670,false,סירופ רימונים נאטרסן345ג,נטורסן,TR,סירופ רימונים,מיליליטרים,345.00,"100 מ""ל",false,0,19.70,5.71,true,1,
8697418280173,false,עלי טורטייה מחיטה מלאה 840 גרם LAVALIA,פרינסיס און וה אונלו,TR,עלי טורטיה,גרמים,840.00,100 גרם,false,0,27.30,3.25,true,1,
8697418280487,false,עלי טורטייה קמח תירס 20 סמ 540 ג LAVALIA,פרינסיס און וה אונלו,TR,עלי טורטייה,גרמים,540.00,100 גרם,false,1,22.70,4.20,true,1,
8850161161247,false,קוקו מקס 100% מי קוקוס 1 ליטר,טויו סייקאן קו.אל.טי.די,TH,מי קוקוס קוקו,ליטרים,1.00,ליטר,false,1,18.90,18.90,true,1,
8850161167041,false,"קוקו וואי משקה קוקוס 270 מ""ל",טויו טייקאן קו.אל.טי.די,TH,חלב קוקוס קוקו,מיליליטרים,270.00,"100 מ""ל",false,1,10.50,3.89,true,1,
8850367992164,false,קרם קוקוס 250 מל 20-22% ללא חומר משמר,מזרח ומערב יבוא ושיווק,TH,קרם קוקוס,מיליליטרים,250.00,"100 מ""ל",false,0,8.80,3.52,true,1,
8850367992980,false,נוזל אגוזי קוקוס 5-7% מופחת שומן 400 מל,c coconut Theppadungporn,TH,נוזל קוקוס מופחת,ליטרים,0.40,ליטר,false,1,7.50,18.75,true,1,
8851613101385,false,"חלב קוקוס ארוי-די קרטון 500מ""ל",גורי מוצרי צריכה (1991) בעמ,TH,נוזל קוקוס,מיליליטרים,500.00,"100 מ""ל",false,0,13.20,2.64,true,1,
8852633020403,false,פניני טפיוקה 500 גרם (כשר),מזרח ומערב יבוא ושיווק,TH,פניני טפיוקה,גרמים,500.00,100 גרם,false,0,12.90,2.58,true,1,
8901138500306,false,משחת שיניים איורודית עם פלואוריד מן הטבע,הימלאיה Himalaya,IN,מש.שיניים הימלאי,מיליליטרים,100.00,"100 מ""ל",false,0,24.20,24.20,true,1,
8934878081798,false,"דפים 16ס""מ קמח טפיוקה400",מזרח ומערב יבוא ושיווק,VN,דפים קמח טפיוקה,גרמים,400.00,100 גרם,false,0,10.90,2.73,true,1,
8938535541366,false,"דפי אורז 22ס""מ צבעוני 400גר ללא גלוטן",מזרח ומערב יבוא ושיווק,VN,דפי אורז צבעונים,גרמים,400.00,100 גרם,false,1,15.90,3.98,true,1,
9009200014559,false,סוכ.גומי אורגני פירות 100 גר BioBon,,AT,סוכריות ג'לי100ג,גרמים,100.00,100 גרם,false,0,13.90,13.90,true,1,
9322969000015,false,פריכיות תירס בטעם אורגינל ריל פודס 150 ג',אף.סי תבליני בגליל ב,AU,פריכיות תירס,גרמים,150.00,100 גרם,false,0,12.90,8.60,true,1,
9322969000022,false,"ריל פוד פריכיות תירס עם סויה וזרעי פשתן, ללא גלוטן 150 גרם",אף.סי תבליני בגליל ב,AU,פריכיות תירס,גרמים,150.00,100 גרם,false,0,12.90,8.60,true,1,
9322969000039,false,פריכיות תירס עם ארבע דגנים מלאים 150 גר`,ריאל פודס בעמ,AU,פריכיות תירס,גרמים,150.00,100 גרם,false,1,12.90,8.60,true,1,
