code,internal_code,name,manufacturer_name,manufacture_country,manufacturer_item_description,unit_qty,quantity,unit_of_measure,weighted,qty_in_package,price,unit_of_measure_price,allow_discount,status,item_id
32147230,false,"מיץ לימון משומר 200מ""ל(לימונית אקסטרא)",ג'נרל מילס סאן אדריא,CH,מיץ לימון משומר,מיליליטרים,200.00,"100 מ""ל",false,0,6.70,3.35,true,1,
40052403,false,קיט קט 4 אצבעות שוקולד חלב,נסטלה Nestle,DE,חטיף קיט קאט,גרמים,41.00,100 גרם,false,1,3.90,9.51,true,1,
40084107,false,ביצת שוקולד הפתעה קינדר,פרדי קונדטוריה אס פי,IT,ביצת הפתעה,גרמים,20.00,100 גרם,false,1,5.30,26.50,true,1,
40111216,false,באונטי חטיף קוקוס ושוקולד 57ג',"נארז ע""י : א.ג. גילר",NL,חטיף באונטי,גרמים,57.00,100 גרם,false,0,3.90,6.84,true,1,
42123873,false,אורביט פרופשיונל ספירמיט,ריגלי,PL,מסטיק אורביט,יחידה,1.00,יחידה,false,0,3.10,3.10,true,1,
42212119,false,אורביט פרופשיונל באריזת מעטפה פפרמינט,ריגלי צרפת,FR,אורביט מעטפה,גרמים,27.00,100 גרם,false,1,5.80,21.48,true,1,
42247739,false,מסטיק 5 אסנשיאל ספירמינט,ריגלי,FR,מסטיק פייב,גרמים,19.00,100 גרם,false,1,5.00,26.32,true,1,
42247821,false,פייב אסנשיאל מנטה19גרם,ריגלי,FR,מסטיק פייב,גרמים,19.00,100 גרם,false,0,5.00,26.32,true,1,
42306788,false,מסטיק בטעם אוכמניות ומנטה איירווייבס 35 גרם,ריגלי,GB,מסטיק איירווייבז,גרמים,35.00,100 גרם,false,1,5.70,16.29,true,1,
42306795,false,מסטיק אירוויבז אניס מנטה,ריגלי,GB,מסטיק איירווייבז,גרמים,35.00,100 גרם,false,1,5.70,16.29,true,1,
46024817,false,נקסט אוריגינלPP חפיס,פיליפ מוריס,,נקסט יח',יחידה,1.00,יחידה,false,0,29.50,29.50,false,1,
46024824,false,סיגריות נקסט (בודד),פיליפ מוריס,,נקסט יח',יחידה,1.00,יחידה,false,0,29.50,29.50,false,1,
46026491,false,פרלמנט סופר סלימס חפיסה,פיליפ מוריס,,פרלמנט חפיסה,יחידה,1.00,יחידה,false,0,38.00,38.00,false,1,
54051157,false,מעדן סויה טעם שוקו אלפרו רביעיה 125 ג',קריות זול,BE,מעדן סויה 4יח',גרמים,500.00,100 גרם,false,0,18.90,3.78,true,1,
54509962,false,סיגריות מרילנד כחול,חב טבק לנדוויק,LU,מרילנד כחול,יחידה,1.00,יחידה,false,1,24.00,24.00,false,1,
57300443,false,כבד דג שיבוט מעושן 120גר,אקראבורג,IS,כבד דג מעושן,גרמים,120.00,100 גרם,false,0,13.60,11.33,true,1,
59039549,false,סיגריות ווג פריזון מנטה בודד,Unknown,PL,ווג פריזון מנטול,יחידה,1.00,יחידה,false,0,36.50,36.50,false,1,
72917329,false,חטיף אגוזי 45 גר,STRAUSS-ISRAEL,IL,חטיף אגוזי,גרמים,45.00,100 גרם,false,0,3.90,8.67,true,1,
72917367,false,חטיף שוקולד טעמי עלי,"שטראוס גרופ בע""מ",IL,חטיף טעמי,גרמים,40.00,100 גרם,false,0,3.90,9.75,true,1,
72917589,false,מקופלת חלב 25 גרם,"שטראוס גרופ בע""מ",IL,מקופלת חלב,גרמים,25.00,100 גרם,false,0,3.90,15.60,true,1,
72917893,false,וופל פסק זמן חלב 45 גרם,STRAUSS-ISRAEL,IL,פסק זמן חלב,גרמים,45.00,100 גרם,false,0,4.90,10.89,true,1,
72918388,false,חטיף טויסט 28 גרם,"שטראוס גרופ בע""מ",IL,חטיף טוויסט,גרמים,28.00,100 גרם,false,0,3.90,13.93,true,1,
72940754,false,"מילקי מעדן וניל עם קצפת שטראוס 133 מ""ל","שטראוס גרופ בע""\מ",IL,מילקי טעם וניל,מיליליטרים,170.00,"100 מ""ל",false,0,2.80,1.65,true,1,
72940761,false,"מילקי מעדן שוקולד עם קצפת שטראוס 133 מ""ל",מיוצר עי קונדיטוריית,IL,מילקי טעם שוקולד,מיליליטרים,170.00,"100 מ""ל",false,0,2.80,1.65,true,1,
72940952,false,מעדן מילקי בטעם שוקולד עם אקסטרה קצפת,"שטראוס גרופ בע""\מ",IL,מילקי אקסטרה,מיליליטרים,170.00,"100 מ""ל",false,0,3.90,2.29,true,1,
72940976,false,סלט כרוב אדום אחלה 250 גרם,מיוצר עי קונדיטוריית,IL,סלט כרוב אדום,גרמים,250.00,100 גרם,false,0,7.40,2.96,true,1,
72941041,false,מעדן מילקי מיני בטעם שוקולד עם קצפת,"שטראוס גרופ בע""\מ",IL,מיני מילקי,מיליליטרים,90.00,"100 מ""ל",false,0,2.00,2.22,true,1,
72945308,false,קוביות שמרים לאפיה שמרית 2*25 ג',"פאקא תעשיות בע""\מ",IL,קוביות שמרים,גרמים,50.00,100 גרם,false,0,3.20,6.40,true,1,
72961506,false,יוגורט עם תות 1.5% שומן 125 ג' פרילי,מיוצר עי קונדיטוריית,IL,פרילי תות,גרמים,125.00,100 גרם,false,0,3.50,2.80,true,1,
72961513,false,יוגורט פרילי משמש 1.5% שומן 125 גרם,מחלבת אלון תבור,IL,פרילי משמש,מיליליטרים,125.00,"100 מ""ל",false,0,3.50,2.80,true,1,
72961520,false,"פרילי יוגורט עם אננס 1.5% תנובה 125 מ""ל",מיוצר עי קונדיטוריית,IL,פרילי אננס 1.5%,גרמים,125.00,100 גרם,false,0,3.50,2.80,true,1,
72961544,false,"באדי יוגורט בטעם תות שדה 3% תנובה 125 מ""ל",מחלבת אלון תבור,IL,מעדן באדי תות 3%,גרמים,125.00,100 גרם,false,0,2.90,2.32,true,1,
72963104,false,חמאה מפוסטרת תנובה 1,תנובה,IL,חמאה,גרמים,100.00,100 גרם,false,0,3.80,3.80,true,1,
72963753,false,שמנת אורגינל של פעם 27% שומן 200 ג' תנובה,תנובה מרכז שיתופי לש,IL,שמנת חמוצה תנובה,גרמים,200.00,100 גרם,false,0,3.90,1.95,true,1,
72963920,false,דנובה יוגורט 4% 200מל,תנובה,IL,יוגורט דנובה,גרמים,200.00,100 גרם,false,0,3.40,1.70,true,1,
72964132,false,פרילי טבע יוגורט עם גרנולה 200 גרם,מיוצר עי קונדיטוריית,IL,פרילי טבע גרנולה,גרמים,200.00,100 גרם,false,0,4.70,2.35,true,1,
72964422,false,יוגורט פרחים 4.5% שומן 200 גרם,מחלבת תנובה,IL,יוגורט תנובה4.5%,מיליליטרים,200.00,"100 מ""ל",false,0,2.50,1.25,true,1,
72982457,false,מילקי קל טעם שוקולד170מל,"שטראוס גרופ בע""\מ",IL,מילקי קל שוקולד,מיליליטרים,170.00,"100 מ""ל",false,0,3.90,2.29,true,1,
72983225,false,מעדן מילקי הפוך 11% 170מ,"שטראוס גרופ בע""\מ",IL,מעדן מילקי הפוך,מיליליטרים,170.00,"100 מ""ל",false,0,3.90,2.29,true,1,
72983997,false,קופסה גולף גולד ארוך בוקס,דובק,,גולף גולד,יחידה,1.00,יחידה,false,0,29.00,29.00,false,1,
72986370,false,"גלידת בן & ג'ריס פיינטים וניל 500מ""ל",מוצרי איכות אמריקאיים,US,גלידה בן & ג'ריס,מיליליטרים,500.00,"100 מ""ל",false,0,25.50,5.10,true,1,
72986424,false,"גלידת בן & ג'ריס פיינטים קרם עוגיות 500מ""ל",מוצרי איכות אמריקאיים בע,US,גלידה בן & ג'ר,מיליליטרים,500.00,"100 מ""ל",false,0,25.50,5.10,true,1,
72986448,false,"גלידת בן & ג'ריס פיינטים טופי קראנץ 500מ""ל",מוצרי איכות אמריקאיים בע,US,גלידה בן & ג'ר,מיליליטרים,500.00,"100 מ""ל",false,0,25.50,5.10,true,1,
72986455,false,"גלידה ניו יורק סופר פאדג' צ'אנק בן אנד ג'ריס 500 מ""ל",מוצרי איכות אמריקאיים בע,US,גלידה בן & ג'ר,מיליליטרים,500.00,"100 מ""ל",false,0,25.50,5.10,true,1,
72986479,false,"גלידה שוקולד אגוז עם בננות בן וג'ירי 500 מ""ל",מוצרי איכות אמריקאיים בע,US,גלידה בן & ג'ר,מיליליטרים,500.00,"100 מ""ל",false,0,25.50,5.10,true,1,
72989425,false,"גלידת בן & ג'ריס פיינטים שוקולד בראוניז 500מ""ל",מוצרי איכות אמריקאיים בע,US,גלידה בן & ג'ר,מיליליטרים,500.00,"100 מ""ל",false,0,25.50,5.10,true,1,
72991374,false,סיגריות טיים רד בודד,דובק,IL,טיים RED יחידה,יחידה,1.00,יחידה,false,0,28.00,28.00,false,1,
72991398,false,סיגריות טיים בלו לי,דובק,IL,טיים BLUE יחיד,יחידה,1.00,יחידה,false,0,28.00,28.00,false,1,
72991428,false,קופסה ברודווי ארוך,דובק,IL,ברודווי 100 יח,יחידה,1.00,יחידה,false,0,28.00,28.00,false,1,
72991510,false,סיגריות מונטנה פילטר,"דובק בע""מ",IL,מונטנה פילטר,יחידה,1.00,יחידה,false,0,29.00,29.00,false,1,
72991527,false,מוסטאנג רד חפיסה,"דובק בע""מ",IL,מוסטנג רד חפיס,יחידה,1.00,יחידה,false,0,23.50,23.50,false,1,
72991886,false,"גלידת דולצ'ה בטעם ריבת חלב עם פאדג' בן וג'ירי 500 מ""ל",מוצרי איכות אמריקאיים בע,US,גלידה בן & ג'ר,מיליליטרים,500.00,"100 מ""ל",false,0,25.50,5.10,true,1,
72992944,false,סיג.מוסטנג בלו בודד,"דובק בע""מ",,מוסטנג כחול,יחידה,1.00,יחידה,false,0,23.50,23.50,false,1,
72993477,false,ל.מ וייב סלימס חפיסה,פיליפ מוריס,,ל.מ וייב חפ.,יחידה,1.00,יחידה,false,0,33.50,33.50,false,1,
72993637,false,מעדן חלב בטעם שוקולד 125 ג' דני,"שטראוס גרופ בע""\מ",IL,דני שוקולד 1.5%,גרמים,125.00,100 גרם,false,0,2.60,2.08,true,1,
72993927,false,סיגריות נקסט (בודד),פיליפ מוריס,,נקסט 100 חפיסה,יחידה,1.00,יחידה,false,0,29.50,29.50,false,1,
72994061,false,חטיף פסק זמן GOOD גלילית לבן 40 גרם,שולן צ'\יקולטה גידה סאן.,IL,פסק זמן 2 גוד,גרמים,36.00,100 גרם,false,0,4.90,13.61,true,1,
72994252,false,סיגריות נקסט לילך חפ.,פיליפ מוריס,IL,סיגריות נקסט,יחידה,1.00,יחידה,false,0,29.50,29.50,false,1,
72994313,false,סיגריות רויאל כחול בודד,דובק,IL,רויאל כחול חפיסה,יחידה,1.00,יחידה,false,0,22.50,22.50,false,1,
72994610,false,סיגריות נקסט ריסס 10,פיליפ מוריס,TR,סיגריות נקסט,יחידה,1.00,יחידה,false,1,29.50,29.50,false,1,
76136184,false,סיגריות פאל מל סלימס כחול בודד,Unknown,CH,פאל מאל חפיסה,יחידה,1.00,יחידה,false,0,28.50,28.50,false,1,
78605039,false,טיק טק דובד+פסיפלורה 16ג,פררו - אלבה,EC,סוכריות טיק טק,גרמים,16.00,100 גרם,false,0,3.30,20.63,true,1,
80042556,false,POLPA עגבניות חתוכות דק 400 גרם MUTTI,"איי, בי, אינבוו",,עגבניות מרוסקות,גרמים,400.00,100 גרם,false,0,6.00,1.50,true,1,
80042563,false,רסק עגבניות MUTTI{צהוב} 700 גרם,"איי, בי, אינבוו",,רסק עגבניות,גרמים,700.00,100 גרם,false,0,12.30,1.76,true,1,
80050124,false,סוכריות טיק טק מנטה 16 גרם,פררו - אלבה,EC,סוכריות טיק טק,גרמים,16.00,100 גרם,false,0,3.30,20.63,true,1,
80050278,false,פררו רושר חטיף כדורים שלישיה 40ג',פררו - אלבה,PL,פררו רושה שלשה,גרמים,37.00,100 גרם,false,0,5.50,14.86,true,1,
80052760,false,קינדר בואנו Kinder Bueno עם חלב ואגוזי לוז,פררו - אלבה,IT,קינדר בואנו זוג,גרמים,43.00,100 גרם,false,0,4.50,10.47,true,1,
80176800,false,נוטלה ממרח שוקולד 750 גרם,פררו תעשיות איטליה ס,PL,ממרח נוטלה,גרמים,750.00,100 גרם,false,0,24.90,3.32,true,1,
80177173,false,ממרח שוקולד נוטלה 350 גרם,פררו - אלבה,IT,ממרח נוטלה,גרמים,350.00,100 גרם,false,0,14.00,4.00,true,1,
80177616,false,אצבעות שוקולד קינדר Kinder שמונה יחידות,פררו - אלבה,IT,שוקולד קינדר,גרמים,100.00,100 גרם,false,0,8.20,8.20,true,1,
80473336,false,פלפל שחור טחון אורגני 50 גר קנהמלה,קנמלה Cannamela,IT,פלפל שחור טחון,גרמים,50.00,100 גרם,false,1,14.90,29.80,true,1,
80655404,false,שום גבישי אורגני 70 גר קנהמלה,קנהמלה,IT,שום גבישי אורגני,גרמים,70.00,100 גרם,false,1,14.90,21.29,true,1,
80761761,false,קינדר בואנו לבן בודד 39 גרם,ליימן שליסל,,קינדר בואנו לבן,גרמים,39.00,100 גרם,false,0,4.50,11.54,true,1,
80762362,false,מנטוס גומי לעיסה ללא סוכר בטעם מנטה-אקליפטוס,"אינסטנטה בע""מ",TR,מנטוס וויט,גרמים,60.00,100 גרם,false,1,9.90,16.50,true,1,
80767091,false,מסטיק מנטוס פירות אדומ90,פרפטי ואן מלה,TR,מסטיק מנטוס,גרמים,90.00,100 גרם,false,0,10.00,11.11,true,1,
80768814,false,מנטוס מנטה אקליפטוס 60גר,פרפטי ואן מלה,TR,מנטוס בקבוק,גרמים,60.00,100 גרם,false,1,9.90,16.50,true,1,
80768890,false,מסטיק מנטוס וויט ביג מנטה עדינה 105 ג',"אינסטנטה בע""מ",TR,מסטיק מנטוס,גרמים,105.00,100 גרם,false,1,10.00,9.52,true,1,
80773443,false,מנטוס בקבוק מעוגל - מסטיק ללא סוכר בטעם מנטה 60 גרם,"פרפטי ואן מלה ג'\ידה,סאן",TR,מסטיק מנטוס,גרמים,60.00,100 גרם,false,1,9.90,16.50,true,1,
80776307,false,מסטיק מנטוס ביג בבקבוק מעוגל טעם פירות מנטה 90 ג',פרפטי ואן מלה הולנד,TR,מסטיק מנטוס,גרמים,90.00,100 גרם,false,1,12.90,14.33,true,1,
80780595,false,מסטיק מנטוס ביג בבקבוק מעוגל טעם מנטה-עדינה 90 ג',פרפטי ואן מלה הולנד,TR,מסטיק מנטוס,גרמים,90.00,100 גרם,false,1,12.90,14.33,true,1,
80787075,false,מסטיק מנטוס מנטה15.5גרם,פרפטי ואן מלה,TR,מסטיק מנטוס גליל,גרמים,15.00,100 גרם,false,1,2.90,19.33,true,1,
80791324,false,מסטיק מנטוס בבל פרש 90 ג,פרפטי ואן מלה,TR,מסטיק מנטוס,גרמים,90.00,100 גרם,false,0,10.00,11.11,true,1,
80794233,false,מסטיק מנטוס ביג בבקבוק מעוגל טעם מנטה 90 ג',פרפטי ואן מלה הולנד,TR,מסטיק מנטוס,גרמים,90.00,100 גרם,false,1,12.90,14.33,true,1,
80804697,false,מסטיק וויט White בטעם מנטה מתוקה ללא סוכר,"אינסטנטה בע""מ",TR,מסטיק מנטוס,גרמים,105.00,100 גרם,false,1,10.00,9.52,true,1,
80817109,false,מסטיק מנטוס 3D תפוח/פטל,פרפטי ואן מלה,TR,מסטיק מנטוס,גרמים,33.00,100 גרם,false,0,7.50,22.73,true,1,
80828174,false,מסטיק מנטוס וויט סוויטמינט 60 ג',"פרפטי ואן מלה ג'ידה,סאן",TR,מנטוס וויט,גרמים,60.00,100 גרם,false,0,9.90,16.50,true,1,
80828266,false,מסטיק מנטוס מנטה 90 גרם,פרפטי ואן מלה,TR,מסטיק מנטוס,גרמים,90.00,100 גרם,false,0,10.00,11.11,true,1,
80850885,false,גומי לעיסה מנטוס וויט בטעם מנטה עדינה ללא סוכר,פרפטי ואן מלה,TR,מנטוס וויט,גרמים,60.00,100 גרם,false,0,9.90,16.50,true,1,
80859741,false,מסטיק מנטוס בקב.פירות60ג,פרפטי ואן מלה,TR,מנטוס בקבוק,גרמים,60.00,100 גרם,false,1,9.90,16.50,true,1,
80862734,false,מ.וויט ביג מנטה אקליפ105,פרפטי ואן מלה,TR,מסטיק וויט ביג,גרמים,105.00,100 גרם,false,1,10.00,9.52,true,1,
80938828,false,מסט.מנטוס 3D אבטיח/אננס,פרפטי ואן מלה,TR,מסטיק מנטוס,גרמים,33.00,100 גרם,false,0,7.50,22.73,true,1,
80949466,false,מנטוס בקבוק פירות מנטה60,פרפטי ואן מלה,TR,מנטוס בקבוק,גרמים,60.00,100 גרם,false,1,9.90,16.50,true,1,
80974482,false,ביצת הפתעה קינדר גוי לבנים 20 גרם,פררו - אלבה,PL,ביצת הפתעה קינדר,גרמים,20.00,100 גרם,false,0,5.90,29.50,true,1,
80991052,false,מ.מנטוס מעטפ.מנטה עדין33,פרפטי ואן מלה,TR,מסטיק מנטוס מעטפ,גרמים,33.00,100 גרם,false,1,7.90,23.94,true,1,
87108712,false,סוכריות בטעם פירות מנטוס 4*37.5 גרם,פרפטי ואן מלה ברדה,NL,מנטוס פירות 4,גרמים,150.00,100 גרם,false,0,11.30,7.53,true,1,
90087011,true,מיץ 100% תפוחי עץ 1 ליטר,ראוך פרוכטסאפטה,AT,"מיץ תפו""ע",ליטרים,1.00,ליטר,false,1,10.00,10.00,true,1,
90087271,true,נקטר דומדמניות שחורות 1,תומר,AT,נקטר אוכמניות,ליטרים,1.00,ליטר,false,0,10.00,10.00,true,1,
90087974,true,"חומץ טבעי מתפוחים 750מ""ל",GMBH FRUCHTSAFTE RAUCH,AT,חומץ תפוחים,מיליליטרים,750.00,"100 מ""ל",false,0,13.90,1.85,true,1,
90162602,true,רד בול משקה אנרגיה פח250,רד בול ג'\י.אם.בי. אץ'\,AT,רד בול,מיליליטרים,250.00,"100 מ""ל",false,0,8.10,3.24,true,1,
90162800,true,רד בול שוגרפרי פחית250מל,רד בול,AT,רד בול ללא סוכר,מיליליטרים,250.00,"100 מ""ל",false,0,8.10,3.24,true,1,
90424038,true,"רד בול טרופי 250 מ""ל",רד בול,AT,רד בול טרופי,מיליליטרים,250.00,"100 מ""ל",false,1,8.10,3.24,true,1,
8112100298,false,"שמן שומשום טהור מזרח ומערב 185 מ""ל",Flavor full foods in,,שמן שומשום,מיליליטרים,185.00,"100 מ""ל",false,0,9.90,5.35,true,1,
10900035187,false,25שקיות מזון זיפר בינוני,ריינולדס,TH,שקיות מזון זיפר,יחידה,1.00,יחידה,false,1,17.90,17.90,true,1,
11210000032,false,"רוטב טבסקו משפחתי 360מ""ל",מקאילהייני Mc.Ilhenn,IL,רוטב טבסקו,מיליליטרים,360.00,"100 מ""ל",false,0,49.90,13.86,true,1,
11210000094,false,"רוטב ""טבסקו"" על בסיס פלפל אדום 60 מ""ל",מקאילהייני אייבורי,US,רוטב טבסקו,מיליליטרים,60.00,"100 מ""ל",false,0,10.90,18.17,true,1,
11210009387,false,"רוטב ""טבסקו"" על בסיס פלפל ירוק חריף 60 מ""ל",מקאילהייני אייבורי,US,רוטב טבסקו ירוק,מיליליטרים,60.00,"100 מ""ל",false,0,10.90,18.17,true,1,
13495113506,false,קליק ביסקוויט 75 גרם,יוניליוור ישראל מזון בע\,IL,קליק ביסקוויט,גרמים,75.00,100 גרם,false,0,5.90,7.87,true,1,
13495113513,false,קליק שוקולד חלב 75 גרם,יוניליוור ישראל מזון בע\,IL,קליק שוקולד,גרמים,75.00,100 גרם,false,0,5.90,7.87,true,1,
13495113520,false,קליק קורנפלקס 75 גרם,יוניליוור ישראל מזון בע\,IL,קליק קורנפלקס,גרמים,75.00,100 גרם,false,0,5.90,7.87,true,1,
13495113537,false,קליק חום לבן מעורב 75 גר,אתר צפת חטיפים - Foo,IL,קליק מעורב,גרמים,75.00,100 גרם,false,0,5.90,7.87,true,1,
13495113582,false,קליק כריות 75 גרם,יוניליוור ישראל מזון בע\,IL,קליק כריות,גרמים,75.00,100 גרם,false,0,5.90,7.87,true,1,
16000423534,false,חטיפי גרנולה קראנצ'י עם שיבולת שועל ושוקולד מריר נייצ'ר ואלי 5*42 גרם,ג'נרל מילס סאן אדריאן,US,חטיף נייצ'ר ואלי,גרמים,210.00,100 גרם,false,0,19.90,9.48,true,1,
16000548404,false,חטיפי גרנולה קראנצ'י עם שיבולת שועל ודבש נייצ'ר ואלי 5*42 גרם,ג'נרל מילס סאן אדריאן,US,חטיף נייטשר ואלי,גרמים,210.00,100 גרם,false,0,19.90,9.48,true,1,
16000548503,false,חטיפי גרנולה קראנצ'י עם מייפל וסוכר חום נייצ'ר ואלי 5*42 גרם,ג'נרל מילס סאן אדריאן,US,חטיף נייטשר ואלי,גרמים,210.00,100 גרם,false,0,19.90,9.48,true,1,
16000548909,false,חטיפי גרנולה קראנצ'י במגוון טעמים נייצ'ר ואלי 5*42 גרם,ג'נרל מילס סאן אדריאן,US,חטיף נייטשר ואלי,גרמים,210.00,100 גרם,false,0,19.90,9.48,true,1,
16000824256,false,נייטשר ואלי חמאת בוטנ5יח,ג'נרל מילס,ES,חטיף נייטשר ואלי,גרמים,210.00,100 גרם,false,0,19.90,9.48,true,1,
16800204470,false,פחם רויאל נדלק בקלות,רויאל אוק,US,פחמים רויאל,קילוגרמים,3.00,"ק""ג",false,0,39.60,13.20,true,1,
18000701223,false,"פילסברי, עוגה בטעם שוקולד, תערובת להכנת עוגה בטעם שוקולד. 500 גרם",הדקלאים אגודת שיתופי,IL,תערובת לעוגה,גרמים,500.00,100 גרם,false,0,17.90,3.58,true,1,
18000766413,false,"פילסברי, עוגה בטעם שוקולד, תערובת להכנת עוגה בטעם שוקולד. 550 גרם.",הדקלאים אגודת שיתופי,IL,תערובת לעוגה,גרמים,550.00,100 גרם,false,0,17.90,3.25,true,1,
22200956949,false,דאודורנט ג'ל כתום לגבר ספיד סטיק 85 גרם,קולגייט-פלמוליב,US,דאודורנט,גרמים,85.00,100 גרם,false,0,21.90,25.76,true,1,
24000154617,false,אננס שלם בסירופ,,,אננס שלם בסירופ,גרמים,825.00,100 גרם,false,0,8.90,1.08,true,1,
25675120020,false,סאוור סטיקס Sour Sticks בטעם אוכמניות,פשקס קנדי,BE,חמצוצים פטל,גרמים,100.00,100 גרם,false,0,8.40,8.40,true,1,
25675120037,false,מקלות חמצוצים תות פשקז 100 גרם,פשקס קנדי,NL,חמצוצים תות,גרמים,100.00,100 גרם,false,0,8.40,8.40,true,1,
25675120068,false,מקלות חמצוצים בטעם קולה פשקז 100 גרם,פשקז Paskesz,NL,חמצוצים קולה,גרמים,100.00,100 גרם,false,0,8.40,8.40,true,1,
27000609019,false,רוטב ברביקיו האנט'ס 510ג,קונגרה,US,רוטב ברביקיו,גרמים,510.00,100 גרם,false,0,13.70,2.69,true,1,
27000609040,false,רוטב היקורי מעושן 510גרם,קונגרה,US,רוטב ברביקיו,גרמים,510.00,100 גרם,false,0,13.70,2.69,true,1,
27000609064,false,רוטב ברביקיו חרדל ודבש,קונגרה,US,רוטב ברביקיו,גרמים,510.00,100 גרם,false,0,13.70,2.69,true,1,
28200101907,false,מרלבורו גולד 100 בוקס10י,פיליפ מוריס,US,מרלבורו גולד,יחידה,1.00,יחידה,false,0,329.90,329.90,false,1,
28200106902,false,מרלבורו גולד קצר בוקס10י,פיליפ מוריס,US,מרלבורו גולד ק,יחידה,1.00,יחידה,false,0,329.90,329.90,false,1,
28200112507,false,פרלמנט ארוך RCB 10 יח',פיליפ מוריס,,פרלמנט ארוך חב,יחידה,1.00,יחידה,false,0,369.90,369.90,false,1,
28200114907,false,פרלמנט פאקט 10*20יח,פיליפ מוריס,US,פרלמנט קצר10יח,יחידה,1.00,יחידה,false,0,369.90,369.90,false,1,
28200133502,false,מרלבורו רד קצר בוקס 10יח,פיליפ מוריס,IL,מרלבורו רד חבילה,יחידה,1.00,יחידה,false,0,329.90,329.90,false,1,
28200152701,false,ל.מ. בלו לייבל קצר 10,פיליפ מוריס,US,ל.מ. בלו לייבל,יחידה,1.00,יחידה,false,0,319.90,319.90,false,1,
33617000309,false,פת פריכה זרעי פשתן 260 ג,,IL,פת פריכה,גרמים,260.00,100 גרם,false,0,13.40,5.15,true,1,
33617340610,false,קרקר ואזה 203-275 גרם מקמח שיפון 275,כלורוקס אוקלנד,IL,פת פריכה שיפון,גרמים,250.00,100 גרם,false,0,13.40,5.36,true,1,
34000239566,false,קוקיס&קרים 5 * 12.60 גרם,הרשי שוקולד,US,קוקיס&קרים,גרמים,63.00,100 גרם,false,1,5.00,7.94,true,1,
34000312177,false,הרשי סירופ בטעם שוקולד 680 גרם,ליימן מותגים,US,סירופ שוקולד,גרמים,680.00,100 גרם,false,0,16.90,2.49,true,1,
34000442652,false,ריזס טבלה בטעם שוקולד ממולאת קרם בוטנים 120 גרם,ליימן מותגים,US,טבלת ריזס XL,גרמים,120.00,100 גרם,false,1,9.80,8.17,true,1,
34000491087,false,ריזס קאפס 5 * 15.4 גרם,הרשי שוקולד,US,ריזס קאפס,גרמים,77.00,100 גרם,false,1,5.00,6.49,true,1,
35000764522,false,משחה קולגייט מקס פרש100מ,קולגייט-פלמוליב,PL,משחת שיניים,מיליליטרים,100.00,"100 מ""ל",false,0,19.90,19.90,true,1,
36000258295,false,קלינקס לושן עם אלוורה 75,קלינקס,IL,קלינקס לושן,יחידה,1.00,יחידה,false,0,8.90,8.90,true,1,
36000258660,false,קלינקס לושן אלוורה 120יח,קלינקס,IL,קלינקס לושן,יחידה,1.00,יחידה,false,0,14.90,14.90,true,1,
37600207188,false,חמאת בוטנים סקיפי קלאסי 462 גרם,חברת המזון אלגוד,US,חמאת בוטנים,גרמים,462.00,100 גרם,false,0,17.90,3.87,true,1,
37600207256,false,חמאת בוטנים סקיפי עם שברי בוטנים 462 גרם,חברת המזון אלגוד,US,חמאת בוטנים,גרמים,462.00,100 גרם,false,0,17.90,3.87,true,1,
38000138416,false,פרינגלס אורגינל 149 גרם,פרינגלס מנופקצ'ורינג קונ,US,פרינגלס אורגינל,גרמים,149.00,100 גרם,false,1,9.10,6.11,true,1,
38000138430,false,פרינגלס שמנת בצל 158 גרם,פרינגלס מנופקצ'ורינג קונ,US,פרינגלס שמנת בצל,גרמים,158.00,100 גרם,false,1,9.10,5.76,true,1,
38000138546,false,פרינגלס ברביקיו 158 גרם,פרינגלס מנופקצ'ורינג קונ,US,פרינגלס ברביקיו,גרמים,158.00,100 גרם,false,1,9.10,5.76,true,1,
38000138638,false,חטיף צ'יפס פרינגלס פיצה 158 גרם,פרינגלס מנופקצ'ורינג קונ,US,פרינגלס פיצה,גרמים,158.00,100 גרם,false,1,9.10,5.76,true,1,
38000138874,false,חטיף צ'יפס פרינגלס חלפינו 158 גרם,פרינגלס מנופקצ'ורינג קונ,US,פרינגלס חלפינו,גרמים,158.00,100 גרם,false,1,9.10,5.76,true,1,
38000845246,false,פרינגלס מידי אורגינל67ג,פרינגלס מנופקצ'ורינג קונ,IL,פרינגלס אורגינל,גרמים,67.00,100 גרם,false,1,5.50,8.21,true,1,
38000845253,false,חטיף צ'יפס פרינגלס מידי שמנת בצל 71 גרם,פרינגלס מנופקצ'ורינג קונ,IL,פרינגלס שמנת בצל,גרמים,71.00,100 גרם,false,1,5.50,7.75,true,1,
38527591053,false,קואקר דגנים מרובעים שיבולת שועל וקינמון,קוואקר אוטס קומפני,,דגנים מרובעים,גרמים,412.00,100 גרם,false,0,19.90,4.83,true,1,
38527591060,false,דגני קוואקר מרובעים Quaker Squares עם סוכר חום,קוואקר אוטס קומפני,,דגנים מרובעים,גרמים,412.00,100 גרם,false,0,19.90,4.83,true,1,
38527591121,false,קפטן קראנץ קוואר דגני בוקר 398 גר',BEVERAGES FOODS & SE,IL,קוואקר קראנץ,גרמים,398.00,100 גרם,false,0,19.90,5.00,true,1,
38900779238,false,מיץ אננס דול רביעיות 4*250 מל,דול פיליפינים אינק,PH,מיץ אננס 4 יח',ליטרים,1.00,ליטר,false,0,14.80,14.80,true,1,
40000420729,false,עדשי שוק.מ&מ'ס בוטנים226,מרס,US,עדשי שוקולד מ&מ,גרמים,226.00,100 גרם,false,0,19.70,8.72,true,1,
40000483632,false,עדשי מ&מ'ס חמאת בוטנ226ג,מרס,US,עדשי מ&מ'ס,גרמים,226.00,100 גרם,false,1,19.70,8.72,true,1,
40000514480,false,M&M אריזה קטנה's שוקולד אריזה קטנה 48 גרם,M&M אם אנד אם,US,עדשי מ&מ'ס,גרמים,48.00,100 גרם,false,1,5.00,10.42,true,1,
41390000027,false,"רוטב סויה קיקומן 296 מ""ל",קיקומן פודז אינק,US,רוטב סויה קיקומן,מיליליטרים,296.00,"100 מ""ל",false,0,13.50,4.56,true,1,
41390000904,false,"רוטב סויה קיקומן 444 מ""ל",קיקומן פודז אינק,US,רוטב סויה קיקומן,מיליליטרים,444.00,"100 מ""ל",false,0,14.90,3.36,true,1,
41390001079,false,"רוטב סויה קיקומן מופחת נתרן 444 מ""ל",קיקומן פודז אינק,IL,רוטב סויה,מיליליטרים,444.00,"100 מ""ל",false,0,14.90,3.36,true,1,
41390010309,false,"רוטב טריאקי קיקומן 444 מ""ל",קיקומן פודז אינק,US,רוטב טריאקי,מיליליטרים,444.00,"100 מ""ל",false,0,14.90,3.36,true,1,
46214372250,false,"עוגיות שטרודל פריכות תפו""ע וצימוקים",קריות זול,NL,עוגיות שטרודל,גרמים,218.00,100 גרם,false,0,10.90,5.00,true,1,
46214731552,false,עוגיות שוקולד צ'יפס 37% גודיס 225 גרם,קריניציה ויטמינה אס,NL,עוגיות ש.צ'יפס,גרמים,225.00,100 גרם,false,0,10.90,4.84,true,1,
48256222203,false,אסטוניש לתנורים 500 גרם,אסטוניש -לידס,GB,אסטוניש משחה,גרמים,500.00,100 גרם,false,0,11.90,2.38,true,1,
49508006008,false,בייגל דק פריך אורגינל204,סנק פקטורי,US,בייגל דק פריך,גרמים,204.00,100 גרם,false,1,11.90,5.83,true,1,
49508006206,false,בייגל דק פריך מתובל204גר,סנק פקטורי,US,בייגל דק פריך,גרמים,204.00,100 גרם,false,1,11.90,5.83,true,1,
49508100010,false,בייגל דק חרדל דבש בצל204,סנק פקטורי,US,בייגל דק,גרמים,204.00,100 גרם,false,1,11.90,5.83,true,1,
49568010342,false,ממרח טבעוני לסנדוויץ סלט,ארת' איילנד,US,ממרח טבעוני,גרמים,340.00,100 גרם,false,1,24.90,7.32,true,1,
49568730349,false,ממרח טבעוני פסטו 340 גרם,ארת' איילנד,US,ממרח טבעוני,גרמים,340.00,100 גרם,false,1,28.90,8.50,true,1,
50000014811,false,פריסקיז יבש מעדן בית2.86,נסטלה פורינה,US,פריסקיז לחתול,קילוגרמים,2.86,"ק""ג",false,0,62.90,21.99,true,1,
50000170180,false,מזון חתולים פריסקיז עוף ברוטב 156 גרם,נסטלה פורינה USA קר,US,פריסקיז לחתול,גרמים,156.00,100 גרם,false,0,6.30,4.04,true,1,
50000423347,false,פריסקיז לח סלמון 156 גרם,נסטלה פורינה USA קר,US,פריסקיז לח לחתול,גרמים,156.00,100 גרם,false,0,6.30,4.04,true,1,
51000002846,false,מיץ ירקות V8 אורגינל,INTERNATIONAL AMERIC,IL,V8 מיץ ירקות,מיליליטרים,946.00,"100 מ""ל",false,0,18.90,2.00,true,1,
55369901666,false,אפלסנקס תפוע פירות 113*4,,CA,"אפלסנקס תפו""ע",גרמים,452.00,100 גרם,false,0,15.80,3.50,true,1,
58449770206,false,הריטאג מולטיגריין 375 גרם,נייטשר פאת'\,US,דגני בוקר,גרמים,375.00,100 גרם,false,0,23.50,6.27,true,1,
58449860037,false,"קואלה קריספי דגני בוקר natures path לל""ג 325 גרם",נאטשר פאת פוד,IL,דגני בוקר,גרמים,326.00,100 גרם,false,0,23.90,7.33,true,1,
64144090013,false,פאם תרסיס על בסיס שמן קנולה בטעם חמאה,קונאגרה פודס,IL,תרסיס שמן,מיליליטרים,148.00,"100 מ""ל",false,0,19.20,12.97,true,1,
64144090020,false,"ספריי שמן PAM בטעם שמן זית 141 מ""ל",ליימן מותגים,IL,תרסיס שמן זית,מיליליטרים,148.00,"100 מ""ל",false,0,19.20,12.97,true,1,
64144090051,false,"ספריי שמן PAM קנולה אורגינל 148 מ""ל",קונאגרה פודס,US,תרסיס שמן קנולה,מיליליטרים,148.00,"100 מ""ל",false,0,19.20,12.97,true,1,
70450020873,false,שזיפים מגולענים סנסוויט 500 גרם,סנסוויט גרוורס קליפו,US,שזיפים סנסוויט,גרמים,500.00,100 גרם,false,0,29.90,5.98,true,1,
70734053283,false,חליטת תה בנגל ספייס 20 שקיקים,גלובל פרודאכט,US,תה בנגל ספייס,יחידה,1.00,יחידה,false,0,14.90,14.90,true,1,
75172078966,false,סוכריות פנדה ליקריש240גר,אורקולה,FI,סוכריות פנדה,גרמים,240.00,100 גרם,false,1,14.90,6.21,true,1,
75810001356,false,תמרי -רוטב סויה אורגני גדול 592 גרם,,US,רוטב סויה תמרי,מיליליטרים,592.00,"100 מ""ל",false,0,54.40,9.19,true,1,
76840100125,false,"גלידה בן&ג'ריס צ'אבי וניל פאדג' 550מ""ל",מוצרי איכות אמריקאיים בע,IL,גל בןאנדג'רי,גרמים,473.00,100 גרם,false,0,25.50,5.39,true,1,
76840100583,false,גלידה וניל +בצק עוגיות ושוקולד צי'פס 473ג,מוצרי איכות אמריקאיים בע,IL,גל.בןאנדג'ריס,מיליליטרים,473.00,"100 מ""ל",false,0,25.50,5.39,true,1,
76840101542,false,בן&גריס פיינטים קרמל סוטרא 500 גרם,מוצרי איכות אמריקאיים בע,US,גל.קרמל,גרמים,428.00,100 גרם,false,0,25.50,5.96,true,1,
76840220267,false,יוגורט יווני בננה חמאת,מוצרי איכות אמריקאיים,IL,גלידה בן ג'ריס,מיליליטרים,473.00,"100 מ""ל",false,0,25.30,5.35,true,1,
76840400027,false,"גלידה בטעם שוקולד כשל""פ",מוצרי איכות אמריקאיים בע,US,גלידת בן & ג'ר,מיליליטרים,500.00,"100 מ""ל",false,0,25.50,5.10,true,1,
76840400218,false,"גלידה בן&ג'ריס תות שדה ועוגת גבינה 500מ""ל",מוצרי איכות אמריקאיים בע,IL,גל.עוגת גבינ.תות,גרמים,420.00,100 גרם,false,0,25.50,6.07,true,1,
76840529872,false,"גלידת בראוני באטר 473מ""ל",בן & ג'ריס,US,גלידת בראוני,מיליליטרים,473.00,"100 מ""ל",false,1,25.50,5.39,true,1,
76840580767,false,פינט באטרעוגיות טבעוני ל,מוצרי איכות אמריקאיים,IL,גל'בן אנד ג'ריס,מיליליטרים,473.00,"100 מ""ל",false,1,33.00,6.98,true,1,
77245110573,false,סוכ.מאסט יוג.תות/אוכמ80ג,שטראוס,PL,סוכריות מאסט,גרמים,80.00,100 גרם,false,0,7.50,9.38,true,1,
77245110597,false,סוכריות מאסט לימון 80גרם,MIESZKO S.A - MS. JO,PL,סוכריות מאסט,גרמים,80.00,100 גרם,false,0,7.50,9.38,true,1,
77245110610,false,סוכריות מאסט ללא סוכר בטעם מנטה 80 ג'עלית,MIESZKO S.A - MS. JO,PL,סוכריות מאסט,גרמים,80.00,100 גרם,false,0,7.50,9.38,true,1,
77245111136,false,סוכ.מאסט ריבת חלב 80 גרם,שטראוס,PL,סוכריות מאסט,גרמים,80.00,100 גרם,false,0,7.50,9.38,true,1,
77975088210,false,שברי בייגל גבינת צ'דר340,ליימן מותגים,US,שברי בייגל,גרמים,340.00,100 גרם,false,0,16.90,4.97,true,1,
77975091784,false,טורטיות צ'יפס תירס צ354ג,סניידרס,US,נאצ'וס,גרמים,354.00,100 גרם,false,1,13.90,3.93,true,1,
80432400432,false,וויסקי שיבאס רגאל 12 שנה - ליטר,מזקקת האחים שיבאס,GB,וויסקי שיבס,ליטרים,1.00,ליטר,false,0,139.90,139.90,true,1,
84213017420,false,מסטמכר מיסלי אורגני עם אגוזים וצימוקים 500 גרם,מרום את קונפינו,DE,מיזלי אורגני,גרמים,500.00,100 גרם,false,0,19.30,3.86,true,1,
84213017499,false,מסטמכר מיסלי אורגני עם פירות יער 500 גרם,מרום את קונפינו,DE,מיסלי אורגני,גרמים,500.00,100 גרם,false,0,19.20,3.84,true,1,
96086000546,false,עוגיות גרנולה אורגניות מקמח כוסמין מלא 200 גר',מצות אביב,IL,עוגיות גרנולה,גרמים,200.00,100 גרם,false,0,11.00,5.50,true,1,
96086000577,false,קרקר כוסמת אורגני 200 גרם,מצות אביב 2014 מאפה בעמ,,קרקר כוסמין,גרמים,200.00,100 גרם,false,0,12.50,6.25,true,1,
96086000966,false,"קרקר כוסמין מלא ושומשום 200 גר' ""אביב""",מצות אביב,IL,קרקר כוסמין,גרמים,200.00,100 גרם,false,0,12.50,6.25,true,1,
482562200560,false,מסיר שומנים אסטוניש 750,אסטוניש -לידס,GB,מסיר שומנים,מיליליטרים,750.00,"100 מ""ל",false,0,11.90,1.59,true,1,
605453520961,false,סורימי דליקטס שרימפס 300 גר,אל.אם פודס,IL,סורינה דליקטס,גרמים,300.00,100 גרם,false,1,34.90,11.63,true,1,
605453620753,false,חתיכות סורימי קפוא 454 גרם,.,IL,חתיכות סורינו,גרמים,454.00,100 גרם,false,1,34.90,7.69,true,1,
616932184314,false,חסה חמאה הידרופונית יח',קטיף.,IL,חסה הידרופונית,יחידה,1.00,יחידה,false,0,11.90,11.90,true,1,
617395100019,false,חסה רומית הידרופוני יח,קטיף.,IL,חסה רומית הידרופ,יחידה,1.00,יחידה,false,1,11.90,11.90,true,1,
645173911038,false,קורנישון מלפפוןן מיני 720 גרם - תומר,קלמן אינדיה פי וי סי,IN,מלפפ.קורנישונים,גרמים,670.00,100 גרם,false,0,8.50,1.27,true,1,
645692556864,false,עוגיות גרנולה צימוקים300,"אחים פפושדו ובניהם בע""מ",IL,עוגיות גרנולה,גרמים,300.00,100 גרם,false,1,11.90,3.97,true,1,
649660432020,false,היל ויו שזיפים מיובשים מגולענים 567 גרם,היל ויו פקינג קומפני,US,שזיף מיובש,גרמים,567.00,100 גרם,false,1,24.90,4.39,true,1,
650748779340,false,אטריות פנה מאורז לבן340ג,פמלי טרי פודס,TH,אטריות פנה,גרמים,340.00,100 גרם,false,1,8.90,2.62,true,1,
651080455060,false,24קיסם עם חוט ג'ורדן ילד,קלרו,MY,קיסם עם חוט,יחידה,1.00,יחידה,false,0,9.90,9.90,true,1,
651080647519,false,קיסמים עם חוט דנטלי פלאקרס מנטה 35 יחידות,"פלקרס רנור ארה""ב",MY,קיסם עם חוט,יחידה,1.00,יחידה,false,1,9.90,9.90,true,1,
724353783822,false,"תמר מג'הול מדיום 1 ק""ג בד""ץ מהדרין.",פרי וירק טמרה ושותפי,IL,"תמר מג'הול 1 ק""ג",קילוגרמים,1.00,"ק""ג",false,0,23.90,23.90,true,1,
728229123590,false,טרה אורגינל חטיף על בסיס ירקות שורש בטעם טבעי 110 גרם,הונדורס צ'יפס יצור א,IL,צ'יפס,גרמים,110.00,100 גרם,false,0,15.90,14.45,true,1,
728229124771,false,טרה חטיף על בסיס בטטה בטעם ברביקיו 110 גרם,היין פיוצ'ור נטורל פ,US,ציפס טרה בטטה,גרמים,110.00,100 גרם,false,1,15.90,14.45,true,1,
728229130154,false,טרה חטיף על בסיס בטטה וסלק בטעם טבעי 110 גרם,הונדורס צ'יפס יצור א,US,צ'יפס בטטה סלק,גרמים,110.00,100 גרם,false,0,15.90,14.45,true,1,
728229130444,false,"חטיף על בסיס ירקות שורש עם בטטה, תפו""א כחול וסלק",היין סלסטיאל גרופ,US,צ'יפס ירקות,גרמים,110.00,100 גרם,false,0,15.90,14.45,true,1,
745092005815,false,גלי בינס טרופיקל פירות יער 100 גרם,General,IE,ג'לי בינס,גרמים,100.00,100 גרם,false,1,9.90,9.90,true,1,
745092005877,false,גלי בינס טרופיקל קוקטייל פירות 100 גרם,גורי,IE,ג'לי בינס,גרמים,100.00,100 גרם,false,1,9.90,9.90,true,1,
768404001640,false,"גלידה בן&ג'ריס קפה משפחתית 500מ""ל",מוצרי איכות אמריקאיים בע,US,גלידת בן & ג'ריס,מיליליטרים,500.00,"100 מ""ל",false,0,25.50,5.10,true,1,
769904000997,false,שקדי מרק ללא גלוטן200גרם,דגש- דוכן גן שמואל,IL,שקדי מרק,גרמים,200.00,100 גרם,false,0,13.40,6.70,true,1,
783007983780,false,18 טמפוני פלייטקס רגולר,אנרג'ייזר,IL,טמפוני פלייטקס,יחידה,1.00,יחידה,false,0,26.10,26.10,true,1,
801541500048,false,תה טולסי ירוק,,IN,תה טולסי ירוק,גרמים,34.00,100 גרם,false,0,16.90,49.71,true,1,
801541500055,false,חליטת קמומיל+דבש,,IN,חליטת קמומיל+דבש,גרמים,30.00,100 גרם,false,0,16.90,56.33,true,1,
801541500079,false,תה טולסי יסמין,,IN,תה טולסי יסמין,גרמים,30.00,100 גרם,false,0,16.90,56.33,true,1,
801541507726,false,תה קינמון טולסי,,IN,תה קינמון טולסי,גרמים,32.00,100 גרם,false,0,16.90,52.81,true,1,
801541508440,false,תה צ'אי מסאלה,,IN,תה צ'אי מסאלה,גרמים,36.00,100 גרם,false,0,16.90,46.94,true,1,
810607023094,false,פופקורנרס צ'דר 85 גרם,פיירבנקס,US,פופקורנרס צ'דר,גרמים,85.00,100 גרם,false,1,5.00,5.88,true,1,
810607023100,false,חטיף פופקורן ציפס מלח85,פיירבנקס,US,פופקורנרס מלח,גרמים,85.00,100 גרם,false,1,5.00,5.88,true,1,
810607023148,false,פופקורנרס צילי 85 גרם,פיירבנקס,US,פופקורנרס צילי,גרמים,85.00,100 גרם,false,1,5.00,5.88,true,1,
810607023551,false,פופקורנרס צילי 28 גרם,פיירבנקס,US,פופקורנרס צילי,גרמים,28.00,100 גרם,false,1,2.90,10.36,true,1,
835811001546,false,מרקיות ונציה הנמל 10 יח,.,IL,מרקיה ונציה,יחידה,1.00,יחידה,false,1,12.90,12.90,true,1,
835811001560,false,"צלחות חד""פ ונציה גדול (9 יח') ""הנמל""",.,IL,צלחות ונציה,יחידה,1.00,יחידה,false,1,17.90,17.90,true,1,
835811002062,false,כוס קינוח סביון 12 יחידו,.,CN,כוס קינוח,יחידה,1.00,יחידה,false,1,5.00,5.00,true,1,
835811002215,false,מאפינס צבעוני מס' 4 הנמל 200 יח',יונק,IL,מאפינס צבעוני,יחידה,1.00,יחידה,false,1,12.90,12.90,true,1,
835811002246,false,מאפינס צבעוני מס' 2 הנמל 200 יח',יונק,IL,מאפינס צבעוני,יחידה,1.00,יחידה,false,1,8.90,8.90,true,1,
835811002413,false,מפת שולחן אל-בד +רנר כסף מודפס בגליל 16 מ`,"איטיליאן פוד, אס.פי.",IL,מפת שולחן,יחידה,1.00,יחידה,false,1,29.90,29.90,true,1,
835811002420,false,מפת שולחן אל בד+רנר זהב מודפס בגליל 16 מטר,.,IL,מפת שולחן,יחידה,1.00,יחידה,false,1,29.90,29.90,true,1,
835811002475,false,כפות קרם חד פעמי 100 י,.,IL,כפות קרם,יחידה,1.00,יחידה,false,1,10.00,10.00,true,1,
835811005094,false,"כוס יין רגל 100 סמ""ק 10 יח",,,כוסות יין,יחידה,1.00,יחידה,false,0,6.10,6.10,true,1,
835811006053,false,הנמל קורנפלור 200 גר,ר.ס חברה ליבוא ויצור,IL,קורנפלור 200 גרם,גרמים,200.00,100 גרם,false,0,3.30,1.65,true,1,
835811006565,false,אינסטנט סחלב בקופסא80*2ג,הנמל,IL,אינסטנט סחלב,גרמים,160.00,100 גרם,false,0,11.80,7.38,true,1,
835811006596,false,"ליפתן הגשה +6 מכסה, 12 יחידות",מיקרון מקינה,CN,ליפתניה+מכסה,יחידה,1.00,יחידה,false,0,9.90,9.90,true,1,
835811007494,false,גלטין טהור מדגים 2 יח` 14 X גר`,גואנגדונג מיניאנג,IL,ג'לטין טהור,גרמים,28.00,100 גרם,false,0,9.80,35.00,true,1,
835811008088,false,עוג.מרוקאיות מקמח מלא350,הנמל,IL,עוגיות מרוקאיות,גרמים,350.00,100 גרם,false,0,19.50,5.57,true,1,
835811008996,false,"כוסות חד פעמי קרטון 295 מ""ל",אכוף,CN,כוסות קפה גדולות,יחידה,1.00,יחידה,false,1,11.90,11.90,true,1,
835811009108,false,קערה ענקית אובלית,הנמל,IL,קערה ענקית,יחידה,1.00,יחידה,false,0,5.90,5.90,true,1,
835811009337,false,"מארז כוס יין ח""פ 12 יח'",הנמל,IL,"כוס יין ח""פ",יחידה,1.00,יחידה,false,0,7.90,7.90,true,1,
842020054232,false,גליליות וופל וניל 375גרם,אתנין פמילי,GR,גליליות וופל,גרמים,375.00,100 גרם,false,1,10.00,2.67,true,1,
850668000863,false,חטיף צי'פס ללא גלוטן בטעם ברביקו,בארל אופאן סנאק,US,חטיף ברביקיו,גרמים,142.00,100 גרם,false,0,15.50,10.92,true,1,
850668000993,false,חטיף צ'יפס ללא גלוטן בטעם שמנת ובצל,בארל אופאן סנאק,US,"חטיף תפו""א",גרמים,142.00,100 גרם,false,1,15.50,10.92,true,1,
852852004008,false,מלפפון במלח 18-25 פרי חן 540 ג',פרי חן,IL,מלפפונים במלח,גרמים,540.00,100 גרם,false,0,13.90,2.57,true,1,
854183006614,false,פנה מעדשים ירוקות 250 גר,מולינו אדריאני,IT,פנה עדשים ירוקות,גרמים,250.00,100 גרם,false,1,11.90,4.76,true,1,
854693000034,false,רסק עגבניות עם בזילקום 7,מוטי,IT,רסק עגבניות,גרמים,700.00,100 גרם,false,1,12.90,1.84,true,1,
856591000055,false,עוגיות מזרחיות קריספי שרוף במיוחד,מאפיית יוסף ושמחה עבאדי,IL,עוגיות מזרחיות,גרמים,400.00,100 גרם,false,1,17.40,4.35,true,1,
856591000062,false,עוגיות מזרחיות עם מלח עבאדי 400 גרם,מאפיית יוסף ושמחה עבאדי,IL,עוגיות מזרחיות,גרמים,400.00,100 גרם,false,0,17.40,4.35,true,1,
856591000109,false,עבאדי עוגיות מזרחיות פריך במיוחד 400 גרם,מאפיית יוסף ושמחה עבאדי,IL,עוגיות מזרחיות,גרמים,400.00,100 גרם,false,0,17.40,4.35,true,1,
856591000123,false,עוגיות מזרחיות עבאדי700ג,עבאדי,IL,עוגיות מזרחיות,גרמים,700.00,100 גרם,false,0,22.00,3.14,true,1,
856591000444,false,מיני מזרח.חריף בקטנה200ג,עבאדי,IL,עוגיות מזרחיות,גרמים,200.00,100 גרם,false,0,10.80,5.40,true,1,
856591000451,false,מיני מזרח.מעורב ירושלמי,עבאדי,IL,עוגיות מזרחיות,גרמים,200.00,100 גרם,false,0,10.80,5.40,true,1,
856591000529,false,עוג.מזרחיות מקמח מלא400ג,עבאדי,IL,עוגיות מזרחיות,גרמים,400.00,100 גרם,false,0,17.40,4.35,true,1,
856591000550,false,מיני מזרחיות טבעי 200גרם,עבאדי,IL,עוגיות מזרחיות,גרמים,200.00,100 גרם,false,1,10.80,5.40,true,1,
884912002372,false,דגני בוקר גרייט גריינס פוסט453 גרם,פוסט ארצות הברית,US,גרייט גריינס,גרמים,368.00,100 גרם,false,0,19.90,5.41,true,1,
884912014245,false,פוסט הני בנצ'ס רוסטד411ג,הנסיך- מפעל לייצור ט,US,פוסט הני בנצ'ס,גרמים,411.00,100 גרם,false,0,17.90,4.36,true,1,
884912014252,false,פוסט הני בנצ'ס אלמונד411,הנסיך- מפעל לייצור ט,US,דגני הני בנצ'ס,גרמים,411.00,100 גרם,false,0,17.90,4.36,true,1,
884912102102,false,דגני בוקר פוסט סלקט אוכמניות 382 גר,הנסיך- מפעל לייצור ט,US,גרייט גריינס,גרמים,382.00,100 גרם,false,1,19.90,5.21,true,1,
884912103703,false,פוסט וופל קריספ 325 גרם,פוסט,,פוסט וופל קריספ,גרמים,325.00,100 גרם,false,0,17.90,5.51,true,1,
884912126115,false,גרייט גריינס דגני בוקר עם פירות יבשים פוסט 453 גרם,הנסיך- מפעל לייצור ט,US,דגני גרייט גרינס,גרמים,453.00,100 גרם,false,0,19.90,4.39,true,1,
884912129659,false,קקאו פבלס אורז תפוח 425ג,פוסט,US,דגני קקאו פבלס,גרמים,425.00,100 גרם,false,0,17.90,4.21,true,1,
884912256539,false,פוסט קינמון פבלס 425 גרם,פוסט,US,קינמון פבלס,גרמים,425.00,100 גרם,false,1,17.90,4.21,true,1,
884912259363,false,הני בנצ'ס פקאן 425 גרם,פוסט ארצות הברית,US,דגני הני בנצ'ס,גרמים,425.00,100 גרם,false,1,17.90,4.21,true,1,
890146001012,false,סוכריות על מקל 15 יחידות,,,סוכריות על מקל,יחידה,1.00,יחידה,false,0,19.30,19.30,true,1,
893594002037,false,פופקורנרס חלפינו 28 גרם,פיירבנקס,US,פופקורנרס חלפינו,גרמים,28.00,100 גרם,false,0,2.90,10.36,true,1,
893594002051,false,"חטיף פופקורן צ`יפס בטעם גבינת צ`דר, 28ג Medora snacks",PepsiCo inc. Frito lay Division,US,פופקורנרס צ'דר,גרמים,28.00,100 גרם,false,0,2.90,10.36,true,1,
893594002068,false,"חטיף פופקורן צ`יפס עם מלח ים,28 ג HANTRONIX",PepsiCo inc. Frito lay Division,US,פופקוררנס מלח,גרמים,28.00,100 גרם,false,0,2.90,10.36,true,1,
960860015432,false,"עוגיות קלות ללת""ס קמח מלא 200 גר",מצות אביב 2014 מאפה בעמ,IL,עוגיות ללא סוכר,גרמים,200.00,100 גרם,false,0,14.30,7.15,true,1,
3014260007270,false,מברשת פרו פלקס 38 מדיום,פרוקטר & גמבל,IE,מברשת פרו פלקס 38 מדיום,יחידה,1.00,יחידה,false,0,33.70,33.70,true,1,
3014260022730,false,מב.שיניים אדוונטג 40 מדיום אורל בי זוג,דיפלומט מפיצים 1968 בעמ,IL,זוג מברשות,יחידה,1.00,יחידה,false,0,22.90,22.90,true,1,
3014260023089,false,שלישייית מברשת שיניים אורל בי קלאסיק 40 מדיום,פרוקטר אנד גמבל,IL,3 מברשות שיניים,יחידה,1.00,יחידה,false,1,16.50,16.50,true,1,
3014260214692,false,"ג'ל גילוח ג'ילט סירייס לעור רגיש 200 מ""ל",דיפלומט מפיצים (1986) בע`מ,IL,ג'ל גילוח סירייס,מיליליטרים,200.00,"100 מ""ל",false,0,20.90,10.45,true,1,
3014260221614,false,10 סכיני גילוח בלו II +,פרוקטר & גמבל,PL,סכיני גילוח בלו,יחידה,1.00,יחידה,false,0,29.30,29.30,true,1,
3014260240226,false,"קצף גילוח ג'ילט לעור רגיש 200 מ""ל",דיפלומט מפיצים (1986) בע`מ,GB,קצף גילוח ג'ילט,מיליליטרים,200.00,"100 מ""ל",false,0,14.90,7.45,true,1,
3014260262228,false,מברשת אורל בי גילאי 2-4,פרוקטר אנד גמבל,IE,מברשת שיניים,יחידה,1.00,יחידה,false,0,17.90,17.90,true,1,
3014260280772,false,אורל בי חוט דנטלי אסנשיאל מנטה שעווה 50מ',דיפלומט מפיצים (1968) בעמ,IE,חוט דנטלי אורלB-,מטרים,50.00,מטר,false,0,19.40,0.39,true,1,
3014260836665,false,אורל בי פרו אקספרט להגנה מקיפה 35 רך זוג,פרוקטר אנד גמבל,ES,מברשת אורל בי,יחידה,1.00,יחידה,false,1,41.90,41.90,true,1,
3023470001015,false,עוגיות גאלט חמאה 130 גרם,סאן מישל ביסוויט,FR,ביסקויט חמאה,גרמים,150.00,100 גרם,false,0,9.90,6.60,true,1,
3045140105502,false,שוקולד חלב מילקה 100 גרם,מנדלז דויצ'\לנד סנקס פרו,DE,שוקולד חלב מילקה,גרמים,100.00,100 גרם,false,0,7.40,7.40,true,1,
3045140280902,false,שוק.אגוז/צימוק מילקה100ג,מנדלז דויצ'\לנד סנקס פרו,DE,שוקולד מילקה,גרמים,100.00,100 גרם,false,0,7.40,7.40,true,1,
3046920010047,false,לינדט שוקולד אקסלנס מריר 78% 100 גר,לינדט ושפרונגלי קילשברג,FR,שוקולד אקסלנס,גרמים,100.00,100 גרם,false,1,16.00,16.00,true,1,
3046920022545,false,שוקולד לינדט הזלנט 100גר,לינדט ושפרונגלי קילשברג,FR,שוקולד לינדט,גרמים,100.00,100 גרם,false,1,17.90,17.90,true,1,
3046920028004,false,לינדט שוקולד אקסלנס מריר 70% 100 גר,לינדט ושפרונגלי קילשברג,FR,שוקולד אקסלנס,גרמים,100.00,100 גרם,false,0,16.00,16.00,true,1,
3046920028363,false,לינדט אקסלנס 85% מוצקי קקאו 100 גרם,לינדט ושפרונגלי קילשברג,FR,שוקולד לינדט 85%,גרמים,100.00,100 גרם,false,0,16.00,16.00,true,1,
3046920028721,false,לינדט אקסלנס סטרוברי 100גר`,לינדט ושפרונגלי קילשברג,FR,שוקולד אקסלנס,גרמים,50.00,100 גרם,false,1,16.00,32.00,true,1,
3046920029759,false,אקסלנס שוקולד מריר 90% לינדט (100 גרם),לינדט ושפרונגלי קילשברג,DE,שוקולד אקסלנס,גרמים,100.00,100 גרם,false,1,16.00,16.00,true,1,
3046920029780,false,שוקולד לינדט אקסלנס קקאו 70 %,לינדט ושפרונגלי קילשברג,DE,שוקולד אקסלנס,גרמים,100.00,100 גרם,false,1,16.00,16.00,true,1,
3046920044752,false,שוק.לינדט קריאשן מינט100,לינדט ושפרונגלי קילשברג,FR,שוקולד לינדט,גרמים,100.00,100 גרם,false,1,17.90,17.90,true,1,
3059943015104,false,"אירוויק מבשם אויר נטול גז בניחוח פריסיה ויסמין 345 מ""ל",רקיט בנקיזר (ניר איסט) בעמ,PL,אירוויק מבשם,מיליליטרים,345.00,"100 מ""ל",false,0,16.90,4.90,true,1,
3059943015128,false,מבשם אוויר נטול גז אקווה מיסט בניחוח לבנדר פראי ואוויר הרים,רקיט בנקיזר (ניר איסט) בעמ,PL,אירוויק מבשם,מיליליטרים,345.00,"100 מ""ל",false,0,16.90,4.90,true,1,
3059946156330,false,פיניש מנקה מדיח לימון250,רקיט בנקיזר,PL,פיניש מנקה ומחדש,מיליליטרים,250.00,"100 מ""ל",false,0,14.90,5.96,true,1,
3067140013113,false,אבקה להכנת משקה על בסיס עולש,LEROUX COFFEE SUB,FR,תחליף קפה ציקורי,גרמים,100.00,100 גרם,false,0,29.50,29.50,true,1,
3141360050001,false,"קלגון ג'ל 750 מ""ל",רקיט בנקיזר,IT,"קלגון ג'ל 750מ""ל",מיליליטרים,750.00,"100 מ""ל",false,0,29.60,3.95,true,1,
3141360054405,false,פיניש מפיץ ריח למדיח בניחוח לימון וליים,רקיט בנקיזר (ניר איסט) בעמ,HU,מפיץ ריח למדיח,יחידה,1.00,יחידה,false,1,14.90,14.90,true,1,
3173282715027,false,שוק.חלב ממולא קרם חלב200,די פאסאס,FR,שוקולד חלב,גרמים,200.00,100 גרם,false,1,10.90,5.45,true,1,
3175460000062,false,גבינת בורסאן פלפל שחור 150 גרם,השחר,FR,גבינת בורסאן,גרמים,150.00,100 גרם,false,0,19.70,13.13,true,1,
3178530402278,false,"עוגיות פצפוצי קרמל, 150 גרם",סן מישל St Michel,FR,ביסקוויט גאלט,גרמים,150.00,100 גרם,false,1,14.90,9.93,true,1,
3178530411478,false,ביסקוויטים גאלט עם חמאה ומלח ים,א. סיימן סחר בעמ,FR,עוגיות גאלט,גרמים,150.00,100 גרם,false,1,12.90,8.60,true,1,
3254550033279,false,גבינת קממבר 250 גרם סנט מר,א. סיימן סחר בעמ,FR,גבינת קממבר,גרמים,250.00,100 גרם,false,1,27.90,11.16,true,1,
3331849002106,false,אל סו סוויטי אדט אישה100,פי.בי.לייסנס,FR,בושם אל סו קיוט,מיליליטרים,100.00,"100 מ""ל",false,1,99.00,99.00,true,1,
3386460076388,false,"רושאס מן רושאס - א.ד.ט 100 מ""ל",רבלון בישום,IL,רושאס לגבר,מיליליטרים,100.00,"100 מ""ל",false,1,179.00,179.00,true,1,
3387390320244,false,פיטנס דגני בוקר מחיטה מלאה עם פירות נסטלה 375 גרם,קבוצת אוסם סחר שותפות מוגבלת,FR,דגני פיטנס,גרמים,375.00,100 גרם,false,0,17.90,4.77,true,1,
3387390525960,false,קראנץ' דגני בוקר עם שוקולד חלב נסטלה 500 גרם,קבוצת אוסם סחר שותפות מוגבלת,FR,קראנץ דגני בוקר,גרמים,500.00,100 גרם,false,0,18.90,3.78,true,1,
3412242310071,false,"בושם אדידס DYNAMIC PULSE 100 מ""ל",COTY,ES,א.ד.ט אדידס,מיליליטרים,100.00,"100 מ""ל",false,0,39.90,39.90,true,1,
3412242508027,false,נאוטיקה בלו אדט גבר100מל,סופטאץ בישום,IL,נאוטיקה בלו אדט,מיליליטרים,100.00,"100 מ""ל",false,0,49.90,49.90,true,1,
3414204200949,false,"ניקוס סקלפצ'ר פיור הום - א.ד.ט 100 מ""ל",סקלפצ'ר SCULPTURE,,סקלפצר לגבר א.,מיליליטרים,100.00,"100 מ""ל",false,0,129.00,129.00,true,1,
3451790550324,false,ממרח חמאה לייט אלווי,אלוויר,BE,ממרח חמאה רכה,גרמים,250.00,100 גרם,false,0,15.80,6.32,true,1,
3523230016230,false,גבינת קממבר מרסי שף,אוריאל,FR,גבינת קממבר מרסי,גרמים,240.00,100 גרם,false,0,15.80,6.58,true,1,
3523230032278,false,גבינת עיזים למריחה 150 גרם,אוריאל,IT,גבינת עיזים,גרמים,150.00,100 גרם,false,1,19.90,13.27,true,1,
3563490014898,false,ריין דיז'ון חרדל דיז'ון 265 גרם,דיפלומט מפיצים (1968) בעמ**,FR,חרדל דיז'ון,גרמים,265.00,100 גרם,false,0,11.90,4.49,true,1,
3573972006082,false,סט קונוסים 12יחידות,WWP,CN,סט קונוסים,יחידה,1.00,יחידה,false,1,19.90,19.90,true,1,
3574660089547,false,טמפונים נורמל קלאסי אובה 32 יחידות,ג'\ונסון אנד ג'\ונסון,DE,טמפוני או בה,יחידה,1.00,יחידה,false,0,24.90,24.90,true,1,
3574660292794,false,שמן לתינוק ג'ונסון 500מל,ג'ונסון,IL,שמן לתינוק,מיליליטרים,500.00,"100 מ""ל",false,0,29.80,5.96,true,1,
3574660322576,false,מגן תחתון קרפרי רגיל,ג'ונסון אנד ג'ונסון,IT,קרפרי רגיל 58 יחידות,יחידה,1.00,יחידה,false,0,16.90,16.90,true,1,
3574660464399,false,64 קרפרי מגה פאק מקסי L,ג'ונסון,IT,מגן תחתון קרפרי,יחידה,1.00,יחידה,false,0,20.00,20.00,true,1,
3574660464429,false,מגני תחתון קרפרי נורמל אוורירי עם מעטפת כותנה,ג'\ונסון אנד ג'\ונסון,IT,מגן תחתון קרפרי,יחידה,1.00,יחידה,false,0,20.00,20.00,true,1,
3574660536829,false,גונסונס בייבי טלק 500 גרם חדש,Johnson Toilet-IT,IT,טלק ג'ונסון,גרמים,500.00,100 גרם,false,0,30.20,6.04,true,1,
3574660696028,false,נטרוגינה קרם ידיים 50 מל,שסטוביץ,FR,קרם ידיים,מיליליטרים,50.00,"100 מ""ל",false,0,28.70,57.40,true,1,
3574661017495,false,תח. גוף נטרוג'ינה יבש400,ג'ונסון,IL,תחליב גוף,מיליליטרים,400.00,"100 מ""ל",false,0,25.00,6.25,true,1,
3574661199894,false,"נוטרוגינה קרם ידיים ויזבלי ריניו 75 מ""ל",ניוטרוג'ינה Neutrogena,GR,קרם ידיים,מיליליטרים,75.00,"100 מ""ל",false,1,28.70,38.27,true,1,
3600521720219,false,קרם פנים לילה עם פעולה משולשת לכל סוגי העור,לוריאל ישראל קוסמטיקס בעמ,DE,קרם לילה,מיליליטרים,50.00,"100 מ""ל",false,0,50.00,100.00,true,1,
3600521982112,false,מסכה אלביב מירקל ריפי200,kozmetik canan,FR,מסיכה לשיער,מיליליטרים,200.00,"100 מ""ל",false,0,19.90,9.95,true,1,
3600522050278,false,ג'ל ניקוי סובלים פרש150מ,קלסרואה,FR,ג'ל ניקוי פנים,מיליליטרים,150.00,"100 מ""ל",false,0,30.00,20.00,true,1,
3600522050285,false,סובלים סופט ג'ל ניקוי150,אולניי,FR,ג'ל ניקוי סופט,מיליליטרים,150.00,"100 מ""ל",false,1,30.00,20.00,true,1,
3600522550204,false,קרם אנטי-אייג'ינג יום אייג' ספשיאליסט +55,לוריאל ישראל קוסמטיקס בעמ,DE,קרם יום,מיליליטרים,50.00,"100 מ""ל",false,1,59.90,119.80,true,1,
3600522632436,false,קרם אנטי-אייג'ינג לילה אייג' ספשיאליסט +55,לוריאל ישראל קוסמטיקס בעמ,DE,קרם לילה,מיליליטרים,50.00,"100 מ""ל",false,1,59.90,119.80,true,1,
3600523136155,false,אלביב מסכה שמנים מופלאים,לוריאל ישראל קוסמטיקס בעמ,TR,מסכה אלביב,מיליליטרים,300.00,"100 מ""ל",false,1,24.90,8.30,true,1,
3600523154685,false,שמפו אלביב טוטל ריפר 2ב1,קוסמטיקס,TR,שמפו אלביב,מיליליטרים,600.00,"100 מ""ל",false,1,18.70,3.12,true,1,
3600523154784,false,שמפו אלביב טוטל ריפר 600,קוסמטיקס,TR,שמפו אלביב,מיליליטרים,600.00,"100 מ""ל",false,1,18.70,3.12,true,1,
3600523154791,false,"מרכך אלביב ארג'נין600מ""ל",קוסמטיקס,TR,מרכך אלביב,מיליליטרים,600.00,"100 מ""ל",false,1,18.70,3.12,true,1,
3600523154814,false,מרכך אלביב טוטל ריפר600מ,"לוריאל ישראל בע""מ",TR,מרכך אלביב,מיליליטרים,600.00,"100 מ""ל",false,1,18.70,3.12,true,1,
3600523154838,false,שמפו אלביב קולור פרופ600,קוסמטיקס,TR,שמפו אלביב,מיליליטרים,600.00,"100 מ""ל",false,1,18.70,3.12,true,1,
3600523165742,false,שמפו אלביב 6 שמנים 600מל,קוסמטיקס,TR,שמפו אלביב,מיליליטרים,600.00,"100 מ""ל",false,1,18.70,3.12,true,1,
3600523171040,false,מרכך אלביב 6 שמנים 600מל,קוסמטיקס,TR,מרכך אלביב,מיליליטרים,600.00,"100 מ""ל",false,1,18.70,3.12,true,1,
3600523275380,false,שמפו אלביב טוטל ריפר600,קוסמטיקס,TR,שמפו אלביב,מיליליטרים,600.00,"100 מ""ל",false,1,18.70,3.12,true,1,
3600523275427,false,מרכך אלביב טוטל ריפר600,קוסמטיקס,TR,מרכך אלביב,מיליליטרים,600.00,"100 מ""ל",false,1,18.70,3.12,true,1,
3600523323579,false,"שמפו אלביב ארג'נין600מ""ל",קוסמטיקס,TR,שמפו אלביב,מיליליטרים,600.00,"100 מ""ל",false,1,18.70,3.12,true,1,
3600523524563,false,שמפו אלביב מרענן 600מ,קוסמטיקס,TR,שמפו אלביב,מיליליטרים,600.00,"100 מ""ל",false,1,18.70,3.12,true,1,
3600523525232,false,מרכך אלביב לסירוק קל 600,קוסמטיקס,TR,מרכך אלביב,מיליליטרים,600.00,"100 מ""ל",false,1,18.70,3.12,true,1,
3600530901890,false,בייבי ליפס צהוב,סופרוג'ם,FR,בייבי ליפס צהוב,יחידה,1.00,יחידה,false,1,10.90,10.90,true,1,
3600540308627,false,צבע לשיער קולור נטורלס 4,לוריאל ישראל קוסמטיקס בע,PL,צבע לשיער גרנייה,יחידה,1.00,יחידה,false,0,21.60,21.60,true,1,
3600540308863,false,5.52 גרנייה קולור נטורלס חום מהגוני,קוסמופול,PL,צבע לשיער גרנייה,יחידה,1.00,יחידה,false,0,21.60,21.60,true,1,
3600540471833,false,לחות אסנשיאל לעור יבש50מ,קלסרואה,DE,קרם יום אסנשיאל,מיליליטרים,50.00,"100 מ""ל",false,0,45.00,90.00,true,1,
3600540764294,false,לחות אסנשיאל לעור רגיל50,קלסרואה,DE,קרם יום אסנשאל,מיליליטרים,50.00,"100 מ""ל",false,0,45.00,90.00,true,1,
3600540928863,false,גרניה מיניראל רול און קליר אינויזיבל,לוריאל ישראל קוסמטיקס בעמ,,דאודורנט גרנייה,מיליליטרים,50.00,"100 מ""ל",false,0,13.90,27.80,true,1,
3600541014206,false,צבע לשיער חום שוקולד,קוסמופול,PL,צבע לשיער גרנייה,יחידה,1.00,יחידה,false,0,21.60,21.60,true,1,
3600541029323,false,מסיר איפור עמיד במים אסנשיאלס 2 ב-1,לוריאל ישראל קוסמטיקס בעמ,FR,מסיר איפור,מיליליטרים,200.00,"100 מ""ל",false,0,25.00,12.50,true,1,
3600541243071,false,מגבוני אסנשיאל רגיל 25יח,קארלסרו,PL,מגבונים אסנשיאל,יחידה,1.00,יחידה,false,0,11.90,11.90,true,1,
3600541269255,false,לחות לעור יבש מויסט מאץ,סופרויאל,FR,לחות לעור יבש,מיליליטרים,50.00,"100 מ""ל",false,0,40.00,80.00,true,1,
3600541466197,false,"דאודורנט פרו5 סגול150מ""ל",סופרוקוס,FR,דאו.גרנייה,מיליליטרים,150.00,"100 מ""ל",false,1,13.90,9.27,true,1,
3600541609570,false,פיור אקטיב קרם לחות 50מל,אונלי נטורל פרודרטס,FR,פיור קרם לחות,מיליליטרים,50.00,"100 מ""ל",false,1,39.90,79.80,true,1,
3600541740006,false,"גרנייה - דאודורנט ספריי לאישה אקשן קונטרול 72 שעות 150 מ""ל",לוריאל ישראל קוסמטיקס בעמ,FR,דאו.גרנייה,מיליליטרים,150.00,"100 מ""ל",false,1,13.90,9.27,true,1,
3600541937475,false,גרניה פיור גרגרים מסיכה לעור מעורב עד שמן,לוריאל ישראל קוסמטיקס בעמ,PL,גרנייה פיור ניקו,מיליליטרים,150.00,"100 מ""ל",false,1,30.00,20.00,true,1,
3607345264912,false,"אדידס בודי ספריי לגבר אייס דייב, ללא אלומיניום, 150 מל",אגריפק אס איי לגרדה,ES,דאודורנט אדידס,מיליליטרים,150.00,"100 מ""ל",false,0,16.90,11.27,true,1,
3607346373835,false,נאוטיקה קלאסיק ספרי150מ,קוטי,ES,נאוטיקה ספריי,מיליליטרים,150.00,"100 מ""ל",false,1,19.90,13.27,true,1,
3608580873402,false,קונפיטורת תות בון מאמא 20% תוספת 444 גר,אנדורס,FR,קונפיטורת תות,גרמים,444.00,100 גרם,false,1,14.90,3.36,true,1,
3608580873419,false,קונפ.טעם משמש370ג20%+,אנדורס,FR,קונפיטורת משמש,גרמים,444.00,100 גרם,false,1,14.90,3.36,true,1,
3661163934945,false,דאו.סטיק אדידס דינמיק51ג,COTY,GB,דאודורנט אדידס,גרמים,51.00,100 גרם,false,0,16.90,33.14,true,1,
3661163970448,false,"אדידס דאודורנט ספריי מקס פרש לגברים 200 מ""ל",מיוצר עי קונדיטוריית,PT,דאודורנט אדידס,מיליליטרים,200.00,"100 מ""ל",false,0,16.90,8.45,true,1,
3661163990323,false,דאו.אדידס A3 קול דרי200מ,קולפ סי סי,ES,דאודורנט אדידס,מיליליטרים,200.00,"100 מ""ל",false,0,16.90,8.45,true,1,
3661163990545,false,"אדידס דאודורנט ספריי לגברים אקשיין 200 מ""ל",מיוצר עי קונדיטוריית,PT,דאודורנט אדידס,מיליליטרים,200.00,"100 מ""ל",false,0,16.90,8.45,true,1,
3661164003725,false,דאו.אדידס A3 קונטרול 150,COLEPCCL,ES,דאודורנט אדידס,מיליליטרים,150.00,"100 מ""ל",false,0,16.90,11.27,true,1,
3700230200771,false,בגט צרפתי,International Neuhauser,IL,בגט צרפתי,יחידה,1.00,יחידה,false,0,5.90,5.90,true,1,
3800020403631,false,קיט קט וופל פריך עם קרם בוטנים (19%) בציפוי שוקולד חלב (61.8%),קבוצת אוסם סחר שותפות מוגבלת,BG,חטיף קיט קט,גרמים,42.00,100 גרם,false,1,3.90,9.29,true,1,
3800020444580,false,חטיף ליון פופ צ'וק 140 ג,נסטלה,BG,חטיף ליון,גרמים,140.00,100 גרם,false,0,8.90,6.36,true,1,
4000415325701,false,בונבוניירה הפינס 400 גרם,SCHOKOLADEFABRIK LUDWIG,PL,בונבוניירה הפינס,גרמים,400.00,100 גרם,false,1,20.00,5.00,true,1,
4000417025005,false,שוקולד מריר במילוי מרציפן ריטר ספורט 100 גרם,ריטר ספורט Ritter sport,DE,שוקולד ריטר,גרמים,100.00,100 גרם,false,0,9.90,9.90,true,1,
4000417211002,false,שוקולד חלב מעולה ממולא קרם קרמל מוקצף ושברי שקדים מומלחים,ריטר ספורט Ritter sport,DE,שוקולד ריטר,גרמים,100.00,100 גרם,false,1,9.90,9.90,true,1,
4000417233004,false,ריטר שוקולד חלבן עם שברי אגוזים 100גר`,ליימן שליסל,DE,שוקולד ריטר,גרמים,100.00,100 גרם,false,1,9.90,9.90,true,1,
4000417260000,false,שוק. ריטר מריר%73 100גרם,ריטר,DE,שוקולד ריטר,גרמים,100.00,100 גרם,false,0,9.90,9.90,true,1,
4000522009747,false,"מקלות בייגלה תפו""א צ'יו 80 גרם",טרופיקל דגיל תעשיות,HU,"סטיקלטי תפו""א",גרמים,85.00,100 גרם,false,1,3.90,4.59,true,1,
4001518102961,false,פת חיטה 250 גרם,גריסון,DE,פת חיטה,גרמים,250.00,100 גרם,false,0,11.10,4.44,true,1,
4001518106952,false,פת חיטה מלאה 250 גרם,גריסון,DE,פת חיטה מלאה,גרמים,250.00,100 גרם,false,0,11.10,4.44,true,1,
4002448017684,false,"סיליט באנג ספריי ניקוי כללי מסיר אבנית 750 מ""ל",רקיט בנקיזר (ניר איסט) בעמ,IL,סיליט באנג ספריי,מיליליטרים,750.00,"100 מ""ל",false,0,10.00,1.33,true,1,
4002720005736,false,מליטה קפה לפילטר פרימיום 250 גרם,המאפיה של הרמן,DE,קפה פילטר מליטה,גרמים,250.00,100 גרם,false,0,18.40,7.36,true,1,
4005808128273,false,ג'ל רחצה לגבר אנרג'י עם תמציות מנטה בניחוח ממריץ,טרופיקל דגיל תעשיות,DE,ניוואה ג'ל רחצה,מיליליטרים,500.00,"100 מ""ל",false,0,16.80,3.36,true,1,
4005808500000,false,לבלו שפתון ליובש כחול,אלפא קוסמטיקה,DE,לבלו שפתון,יחידה,1.00,יחידה,false,0,8.90,8.90,true,1,
4005808624867,false,דאו.ניוואה בלק&וויט 200מ,ביירסדורץ,IL,דאודורנט ניוואה,מיליליטרים,200.00,"100 מ""ל",false,0,17.90,8.95,true,1,
4005808812011,false,"ויסאג' קרם יום יבש 50מ""ל",ביירסדורץ,DE,ניוואה קרם יום,מיליליטרים,50.00,"100 מ""ל",false,0,40.00,80.00,true,1,
4005808813001,false,תחליב לחות לאחר גילוח ניוואה,ביירסדורף,DE,אפטר שייב ניוואה,מיליליטרים,100.00,"100 מ""ל",false,0,44.90,44.90,true,1,
4005808846207,false,ק.ידיים ניוואה מעורב 100,ביירסדורץ,DE,קרם ידיים ניוואה,מיליליטרים,100.00,"100 מ""ל",false,0,18.10,18.10,true,1,
4005808890507,false,ניוואה קרם סופט רב שימושי 200 מל יבוא,פארמה דיל (פ.א.ב.) שיווק והפצה,ES,קרם ניוואה סופ,מיליליטרים,200.00,"100 מ""ל",false,0,24.90,12.45,true,1,
4005900085597,false,קרם רחצה ניוואה מטפח 750,ביירסדורץ,IL,קרם רחצה ניוואה,מיליליטרים,750.00,"100 מ""ל",false,0,15.90,2.12,true,1,
4005900243720,false,דאו.ניוואה פרפקט&קר 50 מ,ביירסדורץ,IL,דאודורנט ניוואה,מיליליטרים,50.00,"100 מ""ל",false,1,17.90,35.80,true,1,
4005900816009,false,ניוואה דאודורנט ספריי לגבר פרש 150מל,אלפא- ב.ד.ף בעמ,DE,דאודורנט ניוואה,מיליליטרים,150.00,"100 מ""ל",false,0,17.90,11.93,true,1,
4005900816115,false,"ניוואה - דאודורנט רול און לאישה יבש 50 מ""ל",אלפא- ב.ד.ף בעמ,DE,דאודורנט ניוואה,מיליליטרים,50.00,"100 מ""ל",false,0,17.90,35.80,true,1,
4006508123094,false,"מליטה-נייר פילטר לקפה מספר 2, 40 יח",דנשר (1963) בעמ,DE,נייר לקפה פילטר,יחידה,1.00,יחידה,false,1,8.90,8.90,true,1,
4007745058804,false,נטורפוד מיונז אורגני 340 גרם,אף.סי תבליני בגליל ב,,מיונז אורגני,גרמים,340.00,100 גרם,false,0,23.10,6.79,true,1,
4008102002867,false,גרגירים להכנת תה לימון מילפורד 400 גרם,ליימן מותגים,DE,משקה לימון,גרמים,400.00,100 גרם,false,0,14.40,3.60,true,1,
4009300522935,false,תה ירוק לימונית ולואיזה פומפדור 20 יחידות,"איטיליאן פוד, אס.פי.",DE,תה ירוק לואיזה,גרמים,30.00,100 גרם,false,0,14.90,49.67,true,1,
4009300522966,false,תה ירוק עם נענע פומפדור 20 יחידות,"איטיליאן פוד, אס.פי.",IL,תה ירוק נענע,גרמים,30.00,100 גרם,false,0,14.90,49.67,true,1,
4009300524625,false,תה צ'אי מסאלה פומפדור 20 יחידות,ש.שסטוביץ בעמ,DE,חליטת צ'אי מאסלה,גרמים,40.00,100 גרם,false,0,11.90,29.75,true,1,
4009309022399,false,כרוב כבוש אורגני 670 גרם,נטורפוד בעמ,DE,כרוב כבוש,גרמים,670.00,100 גרם,false,1,15.40,2.30,true,1,
4009900385824,false,מסטיק אורביט פפרמינט סטיקס משפחתי-חמישיות,"מרס ריגלי ישראל בע""מ",FR,מסטיק סטיקס,גרמים,65.00,100 גרם,false,0,9.90,15.23,true,1,
4009900402965,false,אורביט וויט בטעם פירות בקבוקון 46מלבניות,"מרס ריגלי ישראל בע""מ",PL,אורביט בקבוקון,גרמים,64.00,100 גרם,false,0,9.90,15.47,true,1,
4009900403023,false,אורביט וויט בטעם מנטה בקבוקון 46 מלבניות,"מרס ריגלי ישראל בע""מ",PL,אורביט בקבוקון,גרמים,64.00,100 גרם,false,0,9.90,15.47,true,1,
4009900412087,false,אורביט פפרמינט בקבוק64ג,ריגלי,PL,אורביט בקבוקון,גרמים,64.00,100 גרם,false,1,9.90,15.47,true,1,
4009900412117,false,אורביט ספירמינט בקבוק64ג,ריגלי,PL,אורביט בקבוקון,גרמים,64.00,100 גרם,false,1,9.90,15.47,true,1,
4009900420303,false,אורביט פרופשיונל שלשה ספרמינט,מרס ריגלי ישראל בעמ,PL,מסטיק אורביט,גרמים,42.00,100 גרם,false,0,8.90,21.19,true,1,
4009900426039,false,מסטיק מנטה אקליפטוס בקבוקון איירווייבס 64 גרם,"מרס ריגלי ישראל בע""מ",PL,מסטיק איירוויבז,גרמים,64.00,100 גרם,false,1,9.90,15.47,true,1,
4009900426121,false,מסטיק אורביט איירוויז בקבוקון אוכמניות 64ג',"מרס ריגלי ישראל בע""מ",PL,מסטיק איירוויבז,גרמים,64.00,100 גרם,false,1,9.90,15.47,true,1,
4009900455299,false,"סוכרית ג'לי אדומה 174 גרם ""סקיטלס""","מרס ריגלי ישראל בע""מ",CZ,סוכריות סקיטלס,גרמים,174.00,100 גרם,false,0,8.80,5.06,true,1,
4009900463201,false,סוכ.סקיטלס פירות יער174ג,ריגלי,CZ,סוכריות סקיטלס,גרמים,174.00,100 גרם,false,1,8.80,5.06,true,1,
4009900465304,false,סוכריות סקיטלס פירות חמוצים 174 גרם,"מרס ריגלי ישראל בע""מ",CZ,סוכריות סקיטלס,גרמים,174.00,100 גרם,false,0,8.80,5.06,true,1,
4009900479998,false,אורביט וויט אוכמניות בקבוקון 46 מלבניות,"מרס ריגלי ישראל בע""מ",PL,אורביט בקבוקון,גרמים,64.00,100 גרם,false,0,9.90,15.47,true,1,
4009900482417,false,מסטיק אורביט פירות מנטה בקבוקון באבל מינט 45יח,"מרס ריגלי ישראל בע""מ",PL,אורביט באבל מינט,גרמים,64.00,100 גרם,false,0,9.90,15.47,true,1,
4009900484008,false,אורביט בקבוקMאקליפטוס84ג,ריגלי,PL,אורביט בקבוק,גרמים,84.00,100 גרם,false,0,10.00,11.90,true,1,
4009900484060,false,מסטיק אורביט פרופשיונל בטעם מנטה ללא סוכר,מרס ריגלי ישראל בעמ,PL,אורביט בקבוק,גרמים,84.00,100 גרם,false,0,10.00,11.90,true,1,
4009900484091,false,מסטיק אורביט פרופשיונל בטעם מנטה ללא סוכר,"מרס ריגלי ישראל בע""מ",PL,אורביט בקבוק,גרמים,84.00,100 גרם,false,0,10.00,11.90,true,1,
4009900484305,false,מסטיק אורביט פרופשיונל סוויטמינט ביגי לבן 60יח',"מרס ריגלי ישראל בע""מ",PL,אורביט בקבוק,גרמים,84.00,100 גרם,false,0,10.00,11.90,true,1,
4009900487283,false,מסטיק אורביט סטיקס מארז חמישייה ללס בטע,"מרס ריגלי ישראל בע""מ",FR,מסטיק סטיקס,גרמים,65.00,100 גרם,false,0,9.90,15.23,true,1,
4009900496247,false,"מסטיק אורביט לל""ס מלבניות בקבוק בבלימנט 60 יח",מרס ריגלי ישראל בעמ,GB,אורביט בקבוק,גרמים,84.00,100 גרם,false,1,10.00,11.90,true,1,
4009900504218,false,אורביט וויט בטעם תפוז בקבוקון 46 מלבניות,חברת ריגלי בעמ,PL,אורביט בקבוקון,גרמים,64.00,100 גרם,false,1,9.90,15.47,true,1,
4009900506977,false,סוכריות סקיטלס פ.חמוצ180,ריגלי,CZ,סוכריות סקיטלס,גרמים,180.00,100 גרם,false,1,10.00,5.56,true,1,
4009900509770,false,מסטיק אורביט בטעם תות ללס אריזה מוגדלת,מרס ריגלי ישראל בעמ,FR,אורביט בקבוק,גרמים,84.00,100 גרם,false,1,10.00,11.90,true,1,
4009900514996,false,מסטיק טעם תות בקבוקון אורביט 64 גרם,"מרס ריגלי ישראל בע""מ",PL,אורביט בקבוקון,גרמים,64.00,100 גרם,false,1,9.90,15.47,true,1,
4011100001220,false,מרס חטיף שוקולד עם קרמל מארז 403 גרם,לינדט ושפרונגלי קילשברג,IL,מיני מרס,גרמים,403.00,100 גרם,false,0,22.90,5.68,true,1,
4011100002227,false,באונטי חטיף שוקולד קוקוס מארז 403 גרם,לינדט ושפרונגלי קילשברג,NL,מיני באונטי,גרמים,403.00,100 גרם,false,0,22.90,5.68,true,1,
4011800568610,false,מארז רביעיית קורני בטעם קלאסי,משה סידס ובנו בעמ,IL,קורני סנדוויץ,גרמים,120.00,100 גרם,false,0,11.90,9.92,true,1,
4011800628512,false,חטיף קורני שוקולד חלב 6 יח 150 גר,מיוצר עי קונדיטוריית,DE,קורני חטיף דגנים,גרמים,150.00,100 גרם,false,0,11.90,7.93,true,1,
4011800630515,false,חטיף קורני שוקולד חלב ובננה 6 יח 150 גר,מיוצר עי קונדיטוריית,DE,קורני חטיף דגנים,גרמים,150.00,100 גרם,false,0,11.90,7.93,true,1,
4011800636517,false,קורני פרי שוקולד חלב מעולה ללא סוכר 6*1,מיוצר עי קונדיטוריית,IL,קורני חטיף דגנים,גרמים,120.00,100 גרם,false,0,11.90,9.92,true,1,
4014400900217,false,בונבונריית מרסי מבחר ממתקי שוקולד 400 גרם,קריניציה ויטמינה אס,DE,בונבוניירת מרסי,גרמים,400.00,100 גרם,false,0,49.90,12.48,true,1,
4014400901191,false,בונבונריית מרסי מבחר ממתקי שוקולד 250 גרם,ליימן שליסל בע`מ,DE,בונבוניירת מרסי,גרמים,250.00,100 גרם,false,0,27.30,10.92,true,1,
4014400901405,false,בונבונריית מרסי מבחר ממתקי שוקולד חלב 250 גרם,קריניציה ויטמינה אס,DE,מרסי שוקולד חלב,גרמים,250.00,100 גרם,false,0,27.30,10.92,true,1,
4014400901412,false,מרסי בונבוניירה שוק`מריר 250 גר כשלפ,ליימן שליסל בע`מ,DE,מרסי מריר,גרמים,250.00,100 גרם,false,0,27.30,10.92,true,1,
4014400904390,false,סוכריות טופי ממולא חלב סטורק 325 גרם,קריניציה ויטמינה אס,DE,סוכר.ממולאות,גרמים,325.00,100 גרם,false,0,19.60,6.03,true,1,
4014400910063,false,סוכריות חמאה וורטרס אורגינל (135 גרם),ליימן שליסל בע`מ,DE,סוכריות וורטר,גרמים,135.00,100 גרם,false,0,8.00,5.93,true,1,
4014400914696,false,וורטרס אורגינל סוכריות ללא סוכר 80 גרם,ליימן שליסל בע`מ,DE,סוכריות וורטר,גרמים,80.00,100 גרם,false,0,8.90,11.13,true,1,
4014400914924,false,"סוכריות בטעם קפה וורטר אורגינל לל""ס 80 גרם",קריניציה ויטמינה אס,DE,סוכריות וורטר,גרמים,80.00,100 גרם,false,0,8.90,11.13,true,1,
4014400920857,false,וורטר אורגינל ללא סוכר בטעם שוקולד-שקית 70 גרם,קריניציה ויטמינה אס,DE,סוכריות וורטר,גרמים,70.00,100 גרם,false,1,8.90,12.71,true,1,
4014400923711,false,בונבוניירה שוקולד אגוזים טופיפי 125 גרם,ליימן שליסל בע`מ,DE,טופיפי,גרמים,125.00,100 גרם,false,1,12.50,10.00,true,1,
4015000031394,false,"ספטיל - משחה להסרת כתמים 200 מ""ל",גורי שיווק בעמ,HU,ספטיל מסיר כתמים,מיליליטרים,200.00,"100 מ""ל",false,0,16.80,8.40,true,1,
4015000280372,false,"דאודורנט רול און בניחוח לימון פה 50 מ""ל",שוורצקופף והנקל,DE,דאודורנט FA,מיליליטרים,50.00,"100 מ""ל",false,0,10.90,21.80,true,1,
4015000615921,false,"פה - דאודורנט ספריי לגבר ספורט 200 מ""ל",שוורצקופף והנקל,DE,דאודורנט FA,מיליליטרים,200.00,"100 מ""ל",false,0,10.90,5.45,true,1,
4015000976312,false,גליס מסכה מיליון גלוס150,הנקל סוד,DE,מסכת גליס,מיליליטרים,150.00,"100 מ""ל",false,0,27.90,18.60,true,1,
4015400057369,false,אולוויז עבה לילה 12 יחידות,פרוקטר אנד גמבל,DE,תחבושות אולוויז,יחידה,1.00,יחידה,false,0,14.40,14.40,true,1,
4015400269762,false,טמפקס פרל רגולר 20 יחידות,פרוקטר אנד גמבל,HU,טמפקס פרל,יחידה,1.00,יחידה,false,0,20.90,20.90,true,1,
4015400428657,false,תחבושות עבות לונג +,פרוקטר אנד גמבל,DE,15 אולוויז עבה לונג+,יחידה,1.00,יחידה,false,0,14.40,14.40,true,1,
4015400564454,false,מגני תחתון אולוויז לארג' עם ניחוח מגה פק,דיפלומט מפיצים (1986) בע`מ,IL,מגן תחתון אולויז,יחידה,1.00,יחידה,false,0,19.90,19.90,true,1,
4015400598329,false,תחבושות אולוויז קוואטרו נורמל פלוס 56 יחידות,דיפלומט מפיצים (1968) בעמ,IL,תחבושות אולוויז,יחידה,1.00,יחידה,false,0,36.90,36.90,true,1,
4015400598381,false,תחבושות היגייניות אולטרה לונג - מארז קוואטרו 48 יח',דיפלומט מפיצים (1968) בעמ,IL,תחבושות אולוויז,יחידה,1.00,יחידה,false,0,36.90,36.90,true,1,
4015400598411,false,תחבושות היגייניות יום ולילה Day & Night - מארז 40 יח',דיפלומט מפיצים (1968) בעמ,IL,תחבושות אולוויז,יחידה,1.00,יחידה,false,0,36.90,36.90,true,1,
4015400649649,false,66פמפרס ניו בייבי מידה2,פרוקטר & גמבל,IL,חיתולי פמפרס,יחידה,1.00,יחידה,false,0,49.50,49.50,true,1,
4015400690498,false,טמפונים פרל סופר פלוס טמפקס קומפאק 18 יח,דיפלומט מפיצים (1968) בעמ,HU,טמפקס,יחידה,1.00,יחידה,false,1,20.90,20.90,true,1,
4015400715320,false,טמפקס קומפאק רגולר לייט 22 יח`,דיפלומט מפיצים (1986) בע`מ,HU,טמפקס קומפאק,יחידה,1.00,יחידה,false,1,21.90,21.90,true,1,
4015400731719,false,תחבושות היגייניות אולוויז יום ולילה Day & Night,דיפלומט מפיצים (1986) בע`מ,DE,תחבושות אולוייז,יחידה,1.00,יחידה,false,1,19.90,19.90,true,1,
4015400737315,false,96פמפרס אקטיב בייב שלב+4,פרוקטר & גמבל,PL,חיתולי פמפרס,יחידה,1.00,יחידה,false,1,85.90,85.90,true,1,
4015400742913,false,62 מגני תחתון אוולוויז L,,,מגן תחתון אולויז,יחידה,1.00,יחידה,false,0,19.90,19.90,true,1,
4015400746812,false,מגני תחתון אולוויז נורמל עם ניחוח מגה פק,דיפלומט מפיצים (1986) בע`מ,DE,מגן תחתון אולויז,יחידה,1.00,יחידה,false,1,19.90,19.90,true,1,
4015400746843,false,78מגני תח.אולוויז מגה פר,פרוקטר & גמבל,DE,מגן תחתון אולווי,יחידה,1.00,יחידה,false,1,19.90,19.90,true,1,
4015400755241,false,תחבושות היגייניות אולוויז אולטרה נורמל - 28 יח',דיפלומט מפיצים (1986) בע`מ,DE,תחבושות אולוייז,יחידה,1.00,יחידה,false,1,19.90,19.90,true,1,
4015400755487,false,תחבושות היגייניות אולוויז אולטרה לונג - 24 יח',דיפלומט מפיצים (1986) בע`מ,DE,תחבושות אולוייז,יחידה,1.00,יחידה,false,1,19.90,19.90,true,1,
4015400824701,false,טמפונים עם מוליך רגולר טמפקס 30 יחידות,פרוקטר אנד גמבל,UA,טמפקס פלאש,יחידה,1.00,יחידה,false,0,31.60,31.60,true,1,
4015400824725,false,טמפונים סופר עם מוליך טמפקס 30 יחידות,דיפלומט מפיצים 1968 בעמ,UA,טמפקס פלאש סופר,יחידה,1.00,יחידה,false,0,31.60,31.60,true,1,
4015400841593,false,32 פמפרס מכנסונים מידה 6,פרוקטר & גמבל,PL,מכנסוני פמפרס,יחידה,1.00,יחידה,false,1,51.50,51.50,true,1,
4015400990543,false,"אבקת כביסה קולור 8 ק""ג אריאל",דיפלומט מפיצים (1968) בעמ,TR,אבקת אריאל קולור,קילוגרמים,8.00,"ק""ג",false,1,65.90,8.24,true,1,
4015600763251,false,"הד שולדרס שמפו קלאסי 600מ""ל",דיפלומט מפיצים (1968) בעמ,IL,שמפו הד&שולדרס,מיליליטרים,600.00,"100 מ""ל",false,0,19.90,3.32,true,1,
4015600763299,false,"הד שולדרס שמפו קלאסי 2ב1 600מ""ל",דיפלומט מפיצים (1968) בעמ,IL,שמפו הד&שולדרס,מיליליטרים,600.00,"100 מ""ל",false,0,19.90,3.32,true,1,
4015600763411,false,"הד שולדרס שמפו מנטול 600מ""ל",דיפלומט מפיצים (1968) בעמ,IL,שמפו הד&שולדרס,מיליליטרים,600.00,"100 מ""ל",false,0,19.90,3.32,true,1,
4015600763459,false,"הד שולדרס שמפו תפוח 600מ""ל",דיפלומט מפיצים (1968) בעמ,IL,שמפו הד&שולדרס,מיליליטרים,600.00,"100 מ""ל",false,0,19.90,3.32,true,1,
4015600763534,false,"הד שולדרס שמפו מגע משי 600מ""ל",דיפלומט מפיצים (1968) בעמ,IL,שמפו הד&שולדרס,מיליליטרים,600.00,"100 מ""ל",false,0,19.90,3.32,true,1,
4015600768966,false,הד&שולדרס עם לחות 600מ,פרוקטר אנד גמבל,IL,שמפו הד&שולדרס,מיליליטרים,600.00,"100 מ""ל",false,0,19.90,3.32,true,1,
4015600770228,false,פנטן שמפו שמן משקם 600 מ,פרוקטר אנד גמבל,FR,שמפו פנטן שמן,מיליליטרים,600.00,"100 מ""ל",false,0,21.90,3.65,true,1,
4015600770488,false,מרכך פנטן שמן משקם 600 מ,פרוקטר אנד גמבל,FR,מרכך פנטן שמן,מיליליטרים,600.00,"100 מ""ל",false,0,21.90,3.65,true,1,
4015600815318,false,שמפו פנטן מגע קטיפתי600מ,פרוקטר & גמבל,FR,שמפו פנטן,מיליליטרים,600.00,"100 מ""ל",false,0,21.90,3.65,true,1,
4015600815431,false,שמפו פנטן לשיער צבוע600מ,פרוקטר & גמבל,FR,שמפו פנטן,מיליליטרים,600.00,"100 מ""ל",false,0,21.90,3.65,true,1,
4015600815516,false,שמפ.פנטן נוסחה קלאסית600,פרוקטר & גמבל,FR,שמפו פנטן,מיליליטרים,600.00,"100 מ""ל",false,0,21.90,3.65,true,1,
4015600815554,false,מרכך פנטן נוסחה קלאס600.,פרוקטר אנד גמבל,FR,מרכך פנטן,מיליליטרים,600.00,"100 מ""ל",false,0,21.90,3.65,true,1,
4015600815592,false,שמפו+מרכך פנטן קלאסי600מ,פרוקטר & גמבל,FR,שמפו + מרכך פנטן,מיליליטרים,600.00,"100 מ""ל",false,0,21.90,3.65,true,1,
4017100135132,false,עוגיות בלזן מיניונים100ג,באלסן,DE,עוגיות בלזן,גרמים,100.00,100 גרם,false,1,5.90,5.90,true,1,
4017100198151,false,בלזן היט ביסקוויט עם מלית קרם בטעם וניל (41%) 220 גרם,הדקלאים אגודת שיתופי,PL,עוגיות סנדוויץ,גרמים,220.00,100 גרם,false,1,8.90,4.05,true,1,
4017100210105,false,וופל מגולגל מצופה שוקולד מריר בלזן 100 גרם,הדקלאים אגודת שיתופי,DE,בלזן וופלטן מריר,גרמים,100.00,100 גרם,false,1,11.50,11.50,true,1,
4017100212819,false,וופל מיניס אורגינל 100גר,באלסן,DE,וופל מיניס,גרמים,100.00,100 גרם,false,1,8.90,8.90,true,1,
4017100216800,false,בלזן וופל מיניס מצופה שוקולד חלב 100 גרם,בלזן פולסקה,DE,וופל מיניס,גרמים,100.00,100 גרם,false,1,8.90,8.90,true,1,
4017100290008,false,בלזן בסקויט חמאה מצופה שוקולד חלב 125 גרם,הדקלאים אגודת שיתופי,DE,ביסקוויט שוקולד,גרמים,125.00,100 גרם,false,0,11.50,9.20,true,1,
4017100356513,false,היט מיניס שחור לבן 130גר,באלסן,PL,היט מיניס,גרמים,130.00,100 גרם,false,1,6.30,4.85,true,1,
4017100364112,false,בלזן היט בסקוויט סנדביץ עם מלית קרם בטעם שוקולד קקאו (41%) 220 גרם,הדקלאים אגודת שיתופי,PL,עוגיות סנדוויץ,גרמים,220.00,100 גרם,false,1,8.90,4.05,true,1,
4025700001023,false,מילקה שוקולד חלב עם אגוזים 100 גרם,דיפלומט מפיצים (1968) בע`מ,DE,שוקולד מילקה,גרמים,100.00,100 גרם,false,0,7.40,7.40,true,1,
4025700001337,false,מילקה שוק.חלב+מילוי100גר,מונדלייז,DE,שוקולד מילקה,גרמים,100.00,100 גרם,false,0,7.40,7.40,true,1,
4033100003493,false,ווינסטון כחול סופט סלימס עשירייה,גלוברנדס בעמ - שיווק סיגריות,CH,וינסטו סופר,יחידה,1.00,יחידה,false,0,299.90,299.90,false,1,
4033100013355,false,אל.די בלו ארוך פאקט,גלוברנדס בעמ - שיווק סיגריות,TR,אל די ארוך חבילה,יחידה,1.00,יחידה,false,0,249.90,249.90,false,1,
4033100014505,false,אל די כחול 10 יחידות,גלוברנדס בעמ - שיווק סיגריות,TR,אל די כחול חבילה,יחידה,1.00,יחידה,false,0,249.90,249.90,false,1,
4033100014529,false,סיגריות אל די סלים בודד,גלוברנדס בעמ - שיווק סיגריות,TR,אל די סלימס חפ.,יחידה,1.00,יחידה,false,0,26.50,26.50,false,1,
4033100014536,false,אל די סלימס 10 יחידות,גלוברנדס בעמ - שיווק סיגריות,TR,אל די סלימס חב.,יחידה,1.00,יחידה,false,0,249.90,249.90,false,1,
4033100024146,false,סיגריות ווינסטון קוד בודד,גלוברנדס בעמ - שיווק סיגריות,CH,סיגריות ווינסטון,יחידה,1.00,יחידה,false,0,31.50,31.50,false,1,
4033634066070,false,לחם אורגני קמח כוסמין200,"ד""ר קראוס קארג",DE,לחם קמח כוסמין,גרמים,200.00,100 גרם,false,1,13.90,6.95,true,1,
4033634066193,false,לחם אורג.קינואה אמרנט200,"ד""ר קראוס קארג",DE,לחם קינואה,גרמים,200.00,100 גרם,false,1,13.90,6.95,true,1,
4037698193895,false,מפיות ROYALTY תבניכל,WWP,IL,מפיות תבניכל,יחידה,1.00,יחידה,false,1,5.90,5.90,true,1,
4044889001006,false,ויואני שוקולד אורגני מריר 71% 100 גרם,אקופינה,IL,שוקולד ויואני,גרמים,100.00,100 גרם,false,0,19.50,19.50,true,1,
4044889002904,false,ויואני-שוקולד מריר אורגני 99% 80 גרם,אקופינה,DE,שוקולד אורגני,גרמים,80.00,100 גרם,false,1,19.50,24.38,true,1,
4044889002942,false,חטיף אורגני קקאו+אגוז80ג,לודוויג וינריך,DE,חטיף קקאו+אגוזים,גרמים,80.00,100 גרם,false,1,16.90,21.13,true,1,
4046234767650,false,קפה צ'יבו גולד סלקשין200,דוידוף,PL,קפה צ'יבו,גרמים,200.00,100 גרם,false,1,19.80,9.90,true,1,
4046234794885,false,קפה צ'יבו בלאק נוויט200ג,צ'יבו,PL,קפה צ'יבו,גרמים,200.00,100 גרם,false,1,19.80,9.90,true,1,
4046234847369,false,קפסולות דוידוף פרסטיז10',מ.דוידס,PL,קפסולות דוידוף,גרמים,55.00,100 גרם,false,1,17.90,32.55,true,1,
4046234847383,false,קפסולות דוידוף סטייל10יח,מ.דוידס,PL,קפסולות דוידוף,גרמים,55.00,100 גרם,false,1,17.90,32.55,true,1,
4052197000017,false,"בירה בנדיקטינר חיטה לא מסוננת 500 מ""ל",בנדיקטינר וויצבראו,DE,בירה בנדיקטינר,מיליליטרים,500.00,"100 מ""ל",false,0,11.80,2.36,true,1,
4052197000925,false,"בירה בנדקטינר כהה בקבוק 500 מ""ל",בנדיקטינר וויצבראו,DE,בירה בנדיקטינר,מיליליטרים,500.00,"100 מ""ל",false,0,11.80,2.36,true,1,
4052197003254,false,"בירה בנדיקטינר לאגר אורגינל 500 מ""ל",בנדיקטינר וויצבראו,DE,בירה בנדיקטינר,מיליליטרים,500.00,"100 מ""ל",false,1,11.80,2.36,true,1,
4053700288205,false,"וייט קרם להסרת שיער לעור רגיש 100 מ""ל",רקיט בנקיזר (ניר איסט) בעמ,FR,קרם להסרת שיער,מיליליטרים,100.00,"100 מ""ל",false,0,19.90,19.90,true,1,
4053700292455,false,ויט רצועות שעווה מוכנות להסרת שיער לעור רגיל 12 יחידות,רקיט בנקיזר (ניר איסט) בעמ,FR,רצועות שעווה ויט,יחידה,1.00,יחידה,false,0,24.90,24.90,true,1,
4056800778225,false,קולסטון קיט אדום אקזוטי,פרוקטר & גמבל,DE,קולסטון קיט,יחידה,1.00,יחידה,false,0,39.90,39.90,true,1,
4066600999614,false,"בירה פאולנר, בירת חיטה מעוננת, בקבוק 500 מ""ל",טמפו משקאות בע`מ,DE,פאולנר חיטה,מיליליטרים,500.00,"100 מ""ל",false,1,13.90,2.78,true,1,
4084500065536,false,פנטן קרם לחות מוגברת לעיצוב השיער 300 מ,דיפלומט מפיצים (1968) בעמ,IL,קרם לשיער פנטן,מיליליטרים,300.00,"100 מ""ל",false,0,23.90,7.97,true,1,
4084500065598,false,"קרם לחות פנטן לתלתלים מושלמים 300 מ""ל",דיפלומט מפיצים (1968) בעמ,IL,קרם לשיער פנטן,מיליליטרים,300.00,"100 מ""ל",false,0,23.90,7.97,true,1,
4084500078796,false,טבליות כביסה אריאל קולור,פרוקטר & גמבל,IL,טבליות לכביסה,יחידה,1.00,יחידה,false,0,39.90,39.90,true,1,
4084500088917,false,נוזל לניקוי כלים לימון פיירי (650 מל),דיפלומט מפיצים (1986) בע`מ,IL,פיירי נוזל לכלים,מיליליטרים,650.00,"100 מ""ל",false,0,10.90,1.68,true,1,
4084500149526,false,טייד גל כביסה 2.48 ליטר אלפים רענן,דיפלומט מפיצים (1986) בע`מ,IL,טייד ג'ל,ליטרים,2.48,ליטר,false,0,28.90,11.65,true,1,
4084500178137,false,טייד נוזל כביסה 4 ליטר,דיפלומט מפיצים (1968) בעמ,IL,טייד ג'ל כביסה,ליטרים,4.00,ליטר,false,0,37.90,9.48,true,1,
4084500178199,false,טייד ג'ל קולור 2.48 ליטר,פרוקטר & גמבל,IL,טייד ג'ל קולור,ליטרים,2.48,ליטר,false,0,28.90,11.65,true,1,
4084500264397,false,שמפו הד&שולדרס 2ב1- 600,פרוקטר & גמבל,IL,שמפו הד&שולדרס,מיליליטרים,600.00,"100 מ""ל",false,1,19.90,3.32,true,1,
4084500371422,false,"אבקת כביסה אריאל שושן צחור 8 ק""ג",דיפלומט מפיצים (1968) בעמ,IL,אריאל שושן צחור,קילוגרמים,8.00,"ק""ג",false,0,65.90,8.24,true,1,
4084500371453,false,"אבקת כביסה טייד אלפיין 8 ק""ג",דיפלומט מפיצים (1968) בעמ,CH,אבקת כביסה טייד,קילוגרמים,8.00,"ק""ג",false,0,49.90,6.24,true,1,
4084500513570,false,אריאל נח.הרים2.47ל,פרוקטר & גמבל,IL,אריאל ג'ל,ליטרים,2.47,ליטר,false,0,32.90,13.32,true,1,
4084500513723,false,אריאל ג'ל נח.מרענן2.47ל,פרוקטר & גמבל,IL,אריאל ג'ל,ליטרים,2.47,ליטר,false,0,32.90,13.32,true,1,
4084500853553,false,פיירי נוזל כלים קלאסי אורגינל 650 מל,דיפלומט מפיצים (1986) בע`מ,GB,נוזל כלים פיירי,מיליליטרים,650.00,"100 מ""ל",false,1,10.90,1.68,true,1,
4084500853744,false,פיירי פלטינום לימון 515,פרוקטר אנד גמבל,GB,פיירי לכלים,מיליליטרים,515.00,"100 מ""ל",false,1,10.90,2.12,true,1,
4084500853836,false,"נוזל כלים פיירי ורדים ומשי 515 מ""ל בד""צ",דיפלומט מפיצים (1986) בע`מ,GB,פיירי נוזל לכלים,מיליליטרים,515.00,"100 מ""ל",false,1,10.90,2.12,true,1,
4084500853898,false,"נוזל כלים פיירי אלוורה ומלפפונים 515 מ""ל בד""צ",דיפלומט מפיצים (1986) בע`מ,GB,פיירי נוזל לכלים,מיליליטרים,515.00,"100 מ""ל",false,1,10.90,2.12,true,1,
4084500854109,false,פיירי לימון 1.01 ליטר,פרוקטר & גמבל,GB,נוזל כלים פיירי,ליטרים,1.01,ליטר,false,1,15.90,15.74,true,1,
4084500854581,false,"פנטן מרכך קצף לחות180מ""ל",פרוקטר & גמבל,PL,פנטן מרכך קצף,מיליליטרים,180.00,"100 מ""ל",false,1,17.90,9.94,true,1,
4084500854642,false,"פנטן מרכך קצף לחות 50מ""ל",פרוקטר & גמבל,PL,פנטן קצף לחות,מיליליטרים,50.00,"100 מ""ל",false,1,7.90,15.80,true,1,
4100470106700,false,חומץ תפוחים אורגני-נטורפוד.,נטורפוד בעמ,DE,חומץ תפוחים,מיליליטרים,750.00,"100 מ""ל",false,0,19.70,2.63,true,1,
4101730003555,false,בונבוניירה מוצרט קוגל120,רייבר,DE,בונבוניירה מוצרט,גרמים,120.00,100 גרם,false,0,20.00,16.67,true,1,
4101730003852,false,בונ.מוצרט לבבות 80 גרם,רבר,DE,בונבוניירה מוצרט,גרמים,80.00,100 גרם,false,0,16.90,21.13,true,1,
4101730004477,false,בונ.מוצרט שוקיס 100 גרם,רבר,DE,מוצרט שוקיס,גרמים,100.00,100 גרם,false,1,16.90,16.90,true,1,
4101730040024,false,שוקולד פיסטוק מוצרט100ג,רייבר,DE,שוקולד מוצרט,גרמים,100.00,100 גרם,false,1,15.90,15.90,true,1,
4101730040048,false,שוקולד נוגט מוצרט 100גרם,רבר,DE,שוקולד מוצרט,גרמים,100.00,100 גרם,false,1,15.90,15.90,true,1,
4101730040093,false,שוקולד מריר שקד מוצרט100,רייבר,DE,שוקולד מוצרט,גרמים,100.00,100 גרם,false,1,15.90,15.90,true,1,
4105120003903,false,בירה ויינשטפן בקבוק 500מ,ווינשטפן,DE,בירה ויינשטפן,מיליליטרים,500.00,"100 מ""ל",false,1,14.40,2.88,true,1,
4260147890513,false,אטריות ביצים דקות ורמיצ'לי 500ג',דין שיווק וקליה 2021 בעמ,,אטריות ביצים,גרמים,500.00,100 גרם,false,0,12.80,2.56,true,1,
4260147890537,false,אטריות ביצים רצועות רחבות 500 גר,דין שיווק וקליה 2021 בעמ,,אטריות ביצים רחבות 500גר,גרמים,500.00,100 גרם,false,0,10.00,2.00,true,1,
4260147890551,false,איטריות ביצים רצועות 500 גר`,דין שיווק וקליה 2021 בעמ,,אטריות ביצים,גרמים,500.00,100 גרם,false,0,12.80,2.56,true,1,
4260272980073,false,"חטיף תפו""א עם מלח 110גרם",co & gmbh snack Aroma,DE,חטיף תפוחי אדמה,גרמים,110.00,100 גרם,false,0,11.90,10.82,true,1,
4260334140032,false,שוקולד טבעוני לוז 150 גר,איקם ספא,IT,שוקולד טבעוני,גרמים,150.00,100 גרם,false,1,19.50,13.00,true,1,
4260334140049,false,שוקולד גנדויה טבעוני עם אגוזי לוז 65 גר,וגו גוד,US,שוקולד טבעוני,גרמים,65.00,100 גרם,false,1,12.50,19.23,true,1,
4603400000043,false,וודקה רוסקי יורוסטנדרט (700 מל),רוסקי סטנדרט וודקה,,וודקה רוסקי,מיליליטרים,700.00,"100 מ""ל",false,0,59.90,8.56,true,1,
4606203001293,false,נקסט 10 יח',פיליפ מוריס,,נקסט חבילה,יחידה,1.00,יחידה,false,0,279.90,279.90,false,1,
4607026530212,false,כוסמת כפרי וביתי (900 גרם),יורוסטנדרט בעמ,,כוסמת,גרמים,900.00,100 גרם,false,0,18.20,2.02,true,1,
4607109409619,false,פיניש הכל ב-1 טבליות למדיח 25 יח,רקיט בנקיזר (ניר איסט) בעמ,PL,פיניש הכל ב1,יחידה,1.00,יחידה,false,1,24.90,24.90,true,1,
4710068001692,false,מאסטר קפה בטעם לאטה בפחית 240מ`ל,תאיט מרקטינג אנד דיסטריב,IL,מאסטר קפה,מיליליטרים,240.00,"100 מ""ל",false,0,6.50,2.71,true,1,
4710068001715,false,משקה בטעם טירמיסו מאסטר קפה (240 מל),יוני פרזינדנט אנטרפר,IL,מאסטר קפה,מיליליטרים,240.00,"100 מ""ל",false,0,6.50,2.71,true,1,
4710068001739,false,מאסטר קפה בטעם קולומביאני בפחית 240מ`ל,יוני פרזינדנט אנטרפר,IL,מאסטר קפה,מיליליטרים,240.00,"100 מ""ל",false,0,6.50,2.71,true,1,
4710068002538,false,קפה קר מאסטר קפה קרמ,תאיט מרקטינג & דסטרי,IL,מאסטר קפה,מיליליטרים,240.00,"100 מ""ל",false,1,6.50,2.71,true,1,
4751005700643,false,פילה הרינג במיץ טבעי170ג,PIEJURA,LV,פילה הרינג,גרמים,170.00,100 גרם,false,1,7.90,4.65,true,1,
4751005700650,false,פילה הרינג+רוטב עגבנ170ג,PIEJURA,LV,פילה הרינג,גרמים,170.00,100 גרם,false,1,7.90,4.65,true,1,
4751005700698,false,פילה מקרל+רוטב עגבנ170גר,PIEJURA,LV,פילה מקרל,גרמים,170.00,100 גרם,false,1,9.90,5.82,true,1,
4751005700704,false,פילה מקרל במיץ טבעי170ג,PIEJURA,LV,פילה מקרל במיץ,גרמים,170.00,100 גרם,false,1,9.90,5.82,true,1,
4751005703569,false,שפרוטים מעושנים בשמן 250 גר AMBERFISH,PIEJURA,LV,שפרוטים מעושנים,גרמים,250.00,100 גרם,false,1,12.90,5.16,true,1,
4770577229062,false,סלק אדום מבושל אורגני500,.,IL,סלק אדום אורגני,גרמים,500.00,100 גרם,false,1,8.90,1.78,true,1,
4771173209403,false,גרעין חמנייה רוסי 300גרם,זיידרונו מרקסקו,PL,ג.חמנייה רוסי,גרמים,300.00,100 גרם,false,1,11.90,3.97,true,1,
4792032060454,false,"גרין קוקו - מי קוקוס אורגניים 330 מ""ל",נטורפוד בעמ,LK,מי קוקוס אורגני,מיליליטרים,330.00,"100 מ""ל",false,1,8.90,2.70,true,1,
4792059022053,false,קרם קוקוס אורגני 400 מ`ל,סי בי אל נטורל פודס,IL,קרם קוקוס,מיליליטרים,400.00,"100 מ""ל",false,1,12.80,3.20,true,1,
4792059372011,false,"שמן קוקוס אורגני גמוקה 500 מ""ל",,IL,שמן קוקוס,גרמים,500.00,100 גרם,false,0,48.50,9.70,true,1,
4800888175489,false,דאו.דאב מן קלין רול50.מ,יוניליוור,IL,דאודורנט דאב מן,מיליליטרים,50.00,"100 מ""ל",false,0,23.70,47.40,true,1,
4800888185440,false,דאו.דאב רולאון ללא סימ50,יוניליוור,PH,דאודורנט דאב,מיליליטרים,50.00,"100 מ""ל",false,0,23.20,46.40,true,1,
4800888190529,false,דאב - דאודורנט סטיק לאישה טאלק סופט 50 גרם,יוניליוור ישראל שיווק בע`מ,GB,דאודורנט דאב,גרמים,50.00,100 גרם,false,1,28.00,56.00,true,1,
4820163121437,false,וודקה חורטיצה פלטינום700,אימיג' הולדינג,UA,וודקה חורטיצה,מיליליטרים,700.00,"100 מ""ל",false,1,49.90,7.13,true,1,
4891228430061,false,סכיני גילוח שיק אקזקטה 2 לנשים ורוד 10 יח',הנסיך- מפעל לייצור ט,CN,סכיני גילוח,יחידה,1.00,יחידה,false,0,21.90,21.90,true,1,
4902430614450,false,2 אדוונטג' סופט35 להלבנה,פרוקטר & גמבל,IL,2 מברשות שיניים,יחידה,1.00,יחידה,false,1,22.90,22.90,true,1,
4903001925784,false,"רוטב סויה יאמאסה דל מלח 500מ""ל פרימיום",הדקלאים אגודת שיתופי,JP,רוטב סויה,מיליליטרים,500.00,"100 מ""ל",false,0,29.60,5.92,true,1,
5000127163195,false,דגני בוקר קלוגס ספיישל קיי 500גרם,חברת קלוגס בריטניה,GB,קלוג'ס ספיישלK,גרמים,500.00,100 גרם,false,0,24.90,4.98,true,1,
5000146401568,false,וולייט דפים למניעת העברת צבע 10 דפים,רקיט בנקיזר (ניר איסט) בעמ,IT,וולייט דפים,יחידה,1.00,יחידה,false,0,14.90,14.90,true,1,
5000159384186,false,חטיפי מרס מארז 45*4 גר,מרס,NL,מארז חטיפי מרס,גרמים,180.00,100 גרם,false,0,10.00,5.56,true,1,
5000159384209,false,רביעיית חטיף סניקרס 200 ג',מרס,NL,חטיפי סניקרס,גרמים,200.00,100 גרם,false,0,10.00,5.00,true,1,
5000159407236,false,מרס חטיף שוקולד עם קרמל 51 גרם,"מרס ריגלי ישראל בע""מ",NL,חטיף מרס,גרמים,51.00,100 גרם,false,0,3.90,7.65,true,1,
5000159409179,false,מארז סניקרס/מיניס משפחתי 403 גר,"מרס ריגלי ישראל בע""מ",DE,מיני סניקרס,גרמים,403.00,100 גרם,false,0,22.90,5.68,true,1,
5000159442572,false,טויקס חטיף שוקולד מארז 403 גרם,"מרס ריגלי ישראל בע""מ",DE,מיני טוויקס,גרמים,403.00,100 גרם,false,0,22.90,5.68,true,1,
5000159452977,false,מיקס שקית מיניס 400 גרם מרס-באונטי-טוויק,"מרס ריגלי ישראל בע""מ",DE,מיני מיקס,גרמים,400.00,100 גרם,false,0,22.90,5.73,true,1,
5000159459228,false,חטיף אצבעות קרמל ושוקולד טוויקס (50 גרם),"מרס ריגלי ישראל בע""מ",NL,חטיף טוויקס,גרמים,50.00,100 גרם,false,0,3.90,7.80,true,1,
5000159461122,false,סניקרס חטיף שוקולד עם בוטנים 50 גרם,"מרס ריגלי ישראל בע""מ",NL,חטיף סניקרס,גרמים,50.00,100 גרם,false,0,3.90,7.80,true,1,
5000168186597,false,הובנובס מצופה שוק.חלב300,DIGESTIVE MCVITIES,GB,ביסקוויט מקויטיס,גרמים,300.00,100 גרם,false,1,16.90,5.63,true,1,
5000189363069,false,חטיף שוקולד אפטר אייט200,נסטלה,DE,חטיף אפטר אייט,גרמים,200.00,100 גרם,false,0,18.90,9.45,true,1,
5000198285505,false,משחה פרדונטקס ג'ל 50 גרם,גלקסוסמיתקליין,GB,משחת שיניים,מיליליטרים,50.00,"100 מ""ל",false,0,21.90,43.80,true,1,
5000204657883,false,קיווי משחת נעליים בקופסא חום 50 מל,ג' אל ראיה בוגור ג'א,FR,קיווי משחה בחום,מיליליטרים,50.00,"100 מ""ל",false,0,5.90,11.80,true,1,
5000204657913,false,קיווי משחת נעליים בקופסא שחור 50 מ`ל,ג' אל ראיה בוגור,FR,קיווי משחה בשחור,מיליליטרים,50.00,"100 מ""ל",false,0,5.90,11.80,true,1,
5000204658064,false,"ספוגית הברקה קיווי אקספרס שחור 6 מ""ל",המאפיה של הרמן,FR,קיווי ספוג הברקה,יחידה,1.00,יחידה,false,0,14.90,14.90,true,1,
5000204658125,false,קיווי נוזל לניקוי נעליים חום 75 מל,אס' סי' ג'ונסון במה,FR,קיווי נוזל,מיליליטרים,75.00,"100 מ""ל",false,0,14.90,19.87,true,1,
5000204658187,false,משחת נעליים קראון שחור קיווי (75 מל),אס' סי' ג'ונסון במה,FR,קיווי נוזל,מיליליטרים,75.00,"100 מ""ל",false,0,14.90,19.87,true,1,
5000204886566,false,"תרסיס מנקה, מזין ומגן על העץ עם שמן תפוז טבעי","דנשר (1963) בע,מ",IL,פלדג' לרהיטים,מיליליטרים,473.00,"100 מ""ל",false,0,26.90,5.69,true,1,
5000219023772,false,פאקט סיגריות סטרים פילטר פאל מאל) (200,גלוברנדס בעמ - שיווק סיגריות,TR,פאקט סיגריות,יחידה,1.00,יחידה,false,0,269.90,269.90,false,1,
5000219120112,false,פאל מאל כחול ארוך סטרים פילטר עשירייה,גלוברנדס בעמ - שיווק סיגריות,TR,פאל מאל כחול,יחידה,1.00,יחידה,false,1,269.90,269.90,false,1,
5000394002692,false,4 סוללות דורסל AAAאולטרה,פרוקטר & גמבל,IL,סוללות דורסל,יחידה,1.00,יחידה,false,1,19.90,19.90,true,1,
5000394019089,false,סוללה פלוס פאוור 2 יחידות C דורסל,דיפלומט מפיצים (1986) בע`מ,IL,סוללות דורסל,יחידה,1.00,יחידה,false,1,32.90,32.90,true,1,
5000394114906,false,סוללות דורסל AAפלוס פאור,פרוקטר & גמבל,IL,סוללות דורסל 6יח,יחידה,1.00,יחידה,false,1,20.90,20.90,true,1,
5000396037548,false,מקוויטיס ביסקוויט מצופה שוקולד מריר 200 גרם,תה ויסוצקי (ישראל)בעמ,GB,ביסקוויט מקויטיס,גרמים,200.00,100 גרם,false,1,14.90,7.45,true,1,
5000396037937,false,ביסקוויט מקוויטיס 400גרם,DIGESTIVE MCVITIES,GB,ביסקוויט מקויטיס,גרמים,400.00,100 גרם,false,1,16.90,4.23,true,1,
5010029000023,false,ויטביקס-דגני חיטה 430גרם,וויטביקס,GB,וויטביקס דגנים,גרמים,430.00,100 גרם,false,0,30.00,6.98,true,1,
5010182996805,false,רייד מונע עש ניחוח לבנדר,דנשר (1963) בעמ,IL,רייד מונע עש,יחידה,1.00,יחידה,false,0,10.00,10.00,true,1,
5010182997338,false,דאק ג'ל לניקוי אסלות בניחוח רענן 55 מל,"איטיליאן פוד, אס.פי.",GB,דאק ג'ל לאסלה,מיליליטרים,55.00,"100 מ""ל",false,0,8.90,16.18,true,1,
5010182997680,false,"ארוסול-קוטל זוחלים אדום 400 מ""ל",אס.סי.ג'ונסון מידרכט,NL,רייד נמלים,מיליליטרים,300.00,"100 מ""ל",false,0,14.90,4.97,true,1,
5010182997918,false,דאק ג'ל לניקוי אסלות בניחוח ים 55 מל,"איטיליאן פוד, אס.פי.",IT,דאק ג'ל לאסלה,מיליליטרים,55.00,"100 מ""ל",false,0,8.90,16.18,true,1,
5010182998861,false,דאק נוזל לניקוי אסלות בניחוח רענן 750 מל,מיוצר עי קונדיטוריית,NL,דאק נוזל אסלה,מיליליטרים,750.00,"100 מ""ל",false,0,9.90,1.32,true,1,
5010265000283,false,פת פריכה קמ.שיפון מלא250,גורדנס,DE,פת פריכה,גרמים,250.00,100 גרם,false,1,10.90,4.36,true,1,
5010265000689,false,פת פריכה שיפון+שמשום250ג,דה ג'ורדנס אנד ריווי,GB,פת פריכה,גרמים,250.00,100 גרם,false,1,6.90,2.76,true,1,
5010265002201,false,פת פריכה מקמח שיפון250ג,דה ג'ורדנס אנד ריווי,GB,פת פריכה שיפון,גרמים,250.00,100 גרם,false,1,6.90,2.76,true,1,
5010622005012,false,חוט דנטלי אסנשייאל ללא שעווה 50 מטר,פארמה דיל (פ.א.ב.) שיווק והפצה,IE,חוט דנטלי,מטרים,50.00,מטר,false,0,19.40,0.39,true,1,
5010677331128,false,בריזר טעם לימון פחית250מ,בריזר,DE,בריזר בטעם לימון,מיליליטרים,250.00,"100 מ""ל",false,1,12.90,5.16,true,1,
5010677551281,false,בריזר לימון בבקבוק בקרדי (275 מל),בקרדי בריזר Bacardi Breezer,DE,בקרדי בריזר,מיליליטרים,275.00,"100 מ""ל",false,0,14.50,5.27,true,1,
5010677551397,false,"בקרדי בריזר בטעם לימון ליים 275 מ""ל",בקרדי בריזר Bacardi Breezer,DE,בקרדי בריזר,מיליליטרים,275.00,"100 מ""ל",false,1,14.50,5.27,true,1,
5010677552387,false,"בקרדי בריזר אננס 275 מ""ל בקבוק",בקרדי בריזר Bacardi Breezer,DE,בקרדי בריזר,מיליליטרים,275.00,"100 מ""ל",false,0,14.50,5.27,true,1,
5010677554398,false,בריזר אבטיח בבקבוק בקרדי (275 מל),בקרדי בריזר Bacardi Breezer,DE,בקרדי בריזר,מיליליטרים,275.00,"100 מ""ל",false,0,14.50,5.27,true,1,
5011157630281,false,אורז בסמטי המשאלי טילדה (1 קג),ש. שסטוביץ בע`מ,GB,אורז טילדה המשלי,קילוגרמים,1.00,"ק""ג",false,0,24.70,24.70,true,1,
5011408027976,false,"ספריי לשיער רגיל לוריאל 400 מ""ל",לוריאל Loreal,BE,אלנט ספריי לשיער,מיליליטרים,400.00,"100 מ""ל",false,0,29.60,7.40,true,1,
5011408053234,false,ק.לחות פעולה משולש.פרש50,"קרלסרו, גרמניה",DE,קרם לחות,מיליליטרים,50.00,"100 מ""ל",false,0,50.00,100.00,true,1,
5011408061345,false,אלנט ספריי לשיער צבוע400,kozmetik canan,BE,אלנט ספריי לשיער,מיליליטרים,400.00,"100 מ""ל",false,0,29.60,7.40,true,1,
5011417547885,false,"אירוויק מקלות ריחניים בניחוח כביסה באוויר 30 מ""ל",רקיט בנקיזר (ניר איסט) בעמ,PL,מקלות ריחניים,יחידה,1.00,יחידה,false,0,15.00,15.00,true,1,
5011417548110,false,פיניש קוואנטום 40 טבליות,רקיט בנקיזר,PL,פיניש טבליות,יחידה,1.00,יחידה,false,0,39.90,39.90,true,1,
5011417552247,false,"אירוויק מבשם אויר נטול גז בניחוח פשתן ופרחי לילך 345 מ""ל",רקיט בנקיזר (ניר איסט) בעמ,PL,אירוויק מבשם,מיליליטרים,345.00,"100 מ""ל",false,0,16.90,4.90,true,1,
5013965747656,false,מרכך הד&שולדרס קלאסי400מ,פרוקטר & גמבל,IL,מרכך הד&שולדרס,מיליליטרים,400.00,"100 מ""ל",false,0,20.90,5.23,true,1,
5013965747687,false,מרכך הד&שולדרס מ.משי400מ,פרוקטר & גמבל,IL,מרכך הד&שולדרס,מיליליטרים,400.00,"100 מ""ל",false,0,20.90,5.23,true,1,
5013965754937,false,"מי פה פרו אקספרט 500 מ""ל",פרוקטר & גמבל,IL,מי פה אורל בי,מיליליטרים,500.00,"100 מ""ל",false,0,33.90,6.78,true,1,
5014271330426,false,מעדן אוכמניות כחולות ללא תוספת סוכר 284 גרם,סאן דלפור - שמבור,FR,מעדן אוכמניות,גרמים,284.00,100 גרם,false,0,19.90,7.01,true,1,
5014271350424,false,מעדן ארבעה פירות ללא תוספת סוכר 284 גרם,סאן דלפור - שמבור,FR,מעדן 4 פירות,גרמים,284.00,100 גרם,false,0,19.90,7.01,true,1,
5014271360423,false,"מעדן תפוזים לל""ס סאן דלפור 284 גרם",סאן דלפור - שמבור,FR,מעדן תפוזים,גרמים,284.00,100 גרם,false,0,19.90,7.01,true,1,
5014271370422,false,מעדן אפרסקים ללא תוספת סוכר 284 גרם,סאן דלפור - שמבור,FR,מעדן אפרסקים,גרמים,284.00,100 גרם,false,0,19.90,7.01,true,1,
5014271390420,false,מע.פטל ללא תוספת סוכר284,סאן דלפור - שמבור,FR,מעדן פטל,גרמים,284.00,100 גרם,false,0,19.90,7.01,true,1,
5014271400426,false,"מעדן בטעם תות שדה לל""ס סאן דלפור 284 גרם",נטו מלינדה סחר בעמ,FR,מעדן תות שדה,גרמים,284.00,100 גרם,false,0,19.90,7.01,true,1,
5014271560427,false,מעדן תפוז וג'ינג'ר ללא סוכר סאן דלפור 284 גר,סאן דלפור - שמבור,FR,מעדן תפוז+גינג'ר,גרמים,284.00,100 גרם,false,0,19.90,7.01,true,1,
5014271796147,false,מעדן רימון ופטל 284 גרם,סאן דלפור - שמבור,FR,מעדן רימון ופטל,גרמים,284.00,100 גרם,false,0,19.90,7.01,true,1,
5026489482866,false,חטיף בוטנים+תמרים ל.ג40ג,FOODS SNACK COFRESH,GB,חטיף ללא גלוטן,גרמים,40.00,100 גרם,false,1,6.90,17.25,true,1,
5026489482873,false,חטיף אגוזי קשיו חמוצ40.ג,FOODS SNACK COFRESH,GB,חטיף ללא גלוטן,גרמים,40.00,100 גרם,false,1,6.90,17.25,true,1,
5026489482897,false,חטיף אגוז ופירות מיובש40,FOODS SNACK COFRESH,GB,חטיף ללא גלוטן,גרמים,40.00,100 גרם,false,1,6.90,17.25,true,1,
5026489483955,false,חטיף חומוס סיסולט איט ריל 45 גרם,לקסמי אנד סונס סי/\אי קו,GB,צ'יפס חומוס,גרמים,45.00,100 גרם,false,1,8.90,19.78,true,1,
5029053002408,false,קלינקס - נייר טואולט קליניקס לבן 9 גלילים,קימברלי קלארק ישראל שיווק בעמ,IL,נייר טואלט,מטרים,276.00,100 מטר,false,0,31.90,11.56,true,1,
5029053032658,false,שמיניית ממחטות טישו קלינקס 9 יחידות,קימברלי קלארק ישראל שיווק בעמ,IT,קלינקס שמיניה,יחידה,1.00,יחידה,false,1,7.90,7.90,true,1,
5029053510828,false,תחבושות סופר פלוס עם כנפיים קוטקס 22יחידות,קימברלי קלארק ישראל שיווק בעמ,IL,תחבושות קוטקס,יחידה,1.00,יחידה,false,0,22.90,22.90,true,1,
5029053523446,false,קוטקס - תחבושות אולטרה נייט + כנפיים 20 יח',קימברלי קלארק ישראל שיווק בעמ,IL,תחבושות קוטקס,יחידה,1.00,יחידה,false,0,22.90,22.90,true,1,
5029053527574,false,האגיס תחתון ספיגה 4-7 בנים דריי נייטס 10 יחידות,קימברלי קלארק ישראל שיווק בעמ,IL,10 תחתוני ספיגה,יחידה,1.00,יחידה,false,0,38.00,38.00,true,1,
5029053531229,false,12תח.גמילה בנים לילה 5,חוגלה קימברלי,IL,חיתולי האגיס,יחידה,1.00,יחידה,false,0,32.90,32.90,true,1,
5029053534589,false,קוטקס טמפוני מיני B נורמל 32 יחידות,קימברלי קלארק ישראל שיווק בעמ,CZ,טמפוני קוטקס,יחידה,1.00,יחידה,false,0,29.00,29.00,true,1,
5029053534596,false,קוטקס טמפוני נורמל ללא מוליך 32 יח,קימברלי קלארק ישראל שיווק בעמ,CZ,טמפוני קוטקס,יחידה,1.00,יחידה,false,0,29.00,29.00,true,1,
5035766044772,false,סיידר תפוחים סטרונגבאו 330 בקבוק רביעייה,טמפו משקאות בעמ,BE,סיידר תפוח 4 יח,ליטרים,1.32,ליטר,false,0,29.60,22.42,true,1,
5035766044796,false,סיידר דבש אלכוהולי 330מל,סטאסן ס.א,BE,סיידר דבש,מיליליטרים,330.00,"100 מ""ל",false,1,7.40,2.24,true,1,
5038483179598,false,שול תרסיס מונע ריח לנעל,רקיט בית מרקחת,IL,תרסיס לנעל,מיליליטרים,150.00,"100 מ""ל",false,0,20.00,13.33,true,1,
5050083262548,false,ספיישל K פירות אדומים300,קלוג'ס,DE,קלוגס ספיישל K,גרמים,300.00,100 גרם,false,0,15.00,5.00,true,1,
5050083559761,false,דגני בוקר קלוגס קוקו פופס שוקוס 500 גרם,קלוגס מניופקטורינג אספנה,DE,קוקו פופס קלוג'ס,גרמים,500.00,100 גרם,false,0,13.90,2.78,true,1,
5050974000334,false,פת פריכה גרע.חמניות250ג,נטורפוד,DE,פת פריכה,גרמים,250.00,100 גרם,false,1,10.90,4.36,true,1,
5053827173353,false,קלוגס קוקו פופס 510 גרם,קלוג'ס,US,קוקו פופס קלוגס,גרמים,510.00,100 גרם,false,1,13.90,2.73,true,1,
5060318091041,false,פבלובה סוכר ט.שוקולד100ג,B.V JEURGEN,NL,פבלובה,גרמים,100.00,100 גרם,false,1,14.90,14.90,true,1,
5099864004991,false,סימילאק טופ 3 א.חסכון900,אבוט,IE,סימילאק טופ 3,גרמים,900.00,100 גרם,false,0,75.70,8.41,true,1,
5099864005202,false,סימילאק אדבנס+שלב 3 400ג,אבוט,IE,סימילאק אדבנס,גרמים,400.00,100 גרם,false,0,42.10,10.53,true,1,
5099864006704,false,סימילאק אדבנס+שלב 1 900ג,אבוט,IE,סימילאק אדבנס,גרמים,900.00,100 גרם,false,0,79.90,8.88,true,1,
5099864006711,false,סימילאק אדבנס+שלב 2 900ג,אבוט,IE,סימילאק אדבנס,גרמים,900.00,100 גרם,false,0,79.90,8.88,true,1,
5099864006728,false,סימילאק אדבנס+שלב 3 900ג,אבוט,IE,סימילאק אדבנס,גרמים,900.00,100 גרם,false,0,79.90,8.88,true,1,
5099864006780,false,סימילאק טופ2 א.חיסכון900,אבוט,IE,סימילאק טופ 2,גרמים,900.00,100 גרם,false,0,75.70,8.41,true,1,
5200351240017,false,גליליות קרם אגוז+קקאו400,גולדן ברייק,GR,גליליות קרם אגוז,גרמים,400.00,100 גרם,false,0,17.90,4.48,true,1,
5201085540022,false,סוכריות ג'לי,,GR,סוכריות ג'לי,גרמים,200.00,100 גרם,false,0,9.80,4.90,true,1,
5201360521241,false,קרואסון במילוי ק.קקאו65ג,אס.סי. צי'פיטה,BG,קרואסון במילוי,גרמים,65.00,100 גרם,false,1,2.90,4.46,true,1,
5201940010110,false,זיתים שחורים קלמטה וילי פוד 250 גרם,ג. וילי-פוד אינטרנשיונל בע`מ,,זיתים שחורים,גרמים,454.00,100 גרם,false,0,18.50,4.07,true,1,
5202302000039,false,זיתים שחורים טבעיים קלמטה 275 גרם,,GR,זיתים שחורים,גרמים,275.00,100 גרם,false,0,23.70,8.62,true,1,
5202390007934,false,צהובה אורגינלית בגוש400ג,פרוטרופיק סיה.,GR,צהובה בגוש,גרמים,400.00,100 גרם,false,1,28.70,7.18,true,1,
5202390016325,false,גבינה צהובה טבעונית בטעם מעושן ויאו לייף 200ג',דיפלומט מפיצים (1968) בעמ**,GR,צהובה טבעונית,גרמים,200.00,100 גרם,false,1,23.70,11.85,true,1,
5202390019173,false,פסטרמה טבעונית ט.הודו200,אריביה אס.איי,GR,פסטרמה טבעונית,גרמים,200.00,100 גרם,false,1,23.90,11.95,true,1,
5203937005949,false,חטיף שומשום ודבש שלישייה,קרטאמל,GR,חטיף שומשום ודבש,יחידה,1.00,יחידה,false,1,11.90,11.90,true,1,
5310099005462,false,מיזלי קראנצ' שוקולד 1קג,ספץ תעשיות,MK,מיזלי קראנצ',קילוגרמים,1.00,"ק""ג",false,1,27.50,27.50,true,1,
5410033851459,false,תה ליפטון יילו לייבל 1.5*100 שקיקים כש,יוניליוור ישראל שיווק בע`מ,IN,תה ליפטון מעטפה,גרמים,150.00,100 גרם,false,0,12.90,8.60,true,1,
5410076353057,false,אב.כביסה תינוקלין 3קג,פרוקטר & גמבל,TR,אבקת תינוקלין,קילוגרמים,3.00,"ק""ג",false,0,46.90,15.63,true,1,
5410091678005,false,"סאיוס - ספריי לשיער ליצירת נפח 400 מ""ל",הנקל סוד בעמ,IL,ספרי עיצוב סאיוס,מיליליטרים,400.00,"100 מ""ל",false,0,29.60,7.40,true,1,
5410103161617,false,קרם יום עם פעולה משולשת Triple active לעור יבש ועדין,לוריאל ישראל קוסמטיקס בעמ,DE,קרם לחות עור יבש,מיליליטרים,50.00,"100 מ""ל",false,0,50.00,100.00,true,1,
5410126006087,false,ביסקויט ביסקפה לוטוס בטעם קרמל 700גר`ב,דיפלומט מפיצים (1968) בעמ**,BE,ביסקוויט לוטוס,גרמים,700.00,100 גרם,false,0,26.90,3.84,true,1,
5410126106183,false,עוגיות לוטוס 50 יחידות ארוזות בנפרד 312 גרם,דיפלומט מפיצים (1968) בעמ**,BE,ביסקוויט לוטוס,גרמים,312.00,100 גרם,false,0,13.90,4.46,true,1,
5410126116236,false,ביסקוויט לוטוס קרמל186ג,לוטוס ביקרי,BE,ביסקוויט לוטוס,גרמים,186.00,100 גרם,false,1,12.90,6.94,true,1,
5410126116953,false,ממרח ביסקוויט קרמל לוטוס (400 גרם),דיפלומט מפיצים (1968) בעמ**,BE,ממרח ביסקוויט,גרמים,400.00,100 גרם,false,0,19.90,4.98,true,1,
5410126726947,false,ממרח ביסקוויט קרמל קראנץ' לוטוס 380 גרם,דיפלומט מפיצים (1968) בעמ**,BE,ממרח עוגיות,גרמים,380.00,100 גרם,false,0,19.90,5.24,true,1,
5410173210055,false,רומבוטס קפה קלוי וטחון לפילטר 10 יח' 70 גרם,ליימן שליסל בע`מ,IL,קפה לפילטר,גרמים,70.00,100 גרם,false,0,18.90,27.00,true,1,
5410228141266,false,"בירה סטלה ארטואה בקבוק 330 מ""ל",קרלסברג יבוא יצוא,IL,בירה סטלה,מיליליטרים,330.00,"100 מ""ל",false,0,10.10,3.06,true,1,
5410228142089,false,בירה לף בלונד בקבוק330מל,אינבב.ברוורייליין1,BE,בירה לף בלונד,מיליליטרים,330.00,"100 מ""ל",false,0,12.40,3.76,true,1,
5410228146162,false,בירה לף בראון בקבוק 330מ,אינבב.ברוורייליין1,BE,בירה לף ברון,מיליליטרים,330.00,"100 מ""ל",false,0,12.40,3.76,true,1,
5410291021991,false,ממרח אגוזי לוז עם קקאו צ`וקטה (700 גרם),ש. שסטוביץ בע`מ,BE,ממרח אגוזי לוז,גרמים,700.00,100 גרם,false,1,17.90,2.56,true,1,
5410316983693,false,וודקה סמירנוף אייס בודד 275 מ``ל.,החברה המרכזית להפצת משקאות בעמ,IT,אייס סמירנוף,מיליליטרים,275.00,"100 מ""ל",false,0,9.90,3.60,true,1,
5410471110217,false,ביסקוויט דק עם שקדים100ג,ג'ולס דסטרופר,BE,ביסקוויט שקדים,גרמים,100.00,100 גרם,false,1,10.00,10.00,true,1,
5410471111238,false,וופל חמאה בלגי פריך100גר,ג'ולס דסטרופר,BE,וופל חמאה,גרמים,100.00,100 גרם,false,1,10.00,10.00,true,1,
5410471112068,false,ביסקוויט מצופה שוקולד100,ג'ולס דסטרופר,BE,ביסקוויט מצופה,גרמים,100.00,100 גרם,false,1,10.00,10.00,true,1,
5410769100081,false,"בירה לה שוף קטן 330 מ""ל בקבוק",הכרם משקאות חריפים בעמ,BE,בירה לה שוף,מיליליטרים,330.00,"100 מ""ל",false,1,16.80,5.09,true,1,
5411188080268,false,משקה סויה אלפרו אורגני אלפרו (1 ליטר),הנסיך- מפעל לייצור ט,IL,אלפרו סויה אורגנ,ליטרים,1.00,ליטר,false,0,15.90,15.90,true,1,
5411188081852,false,אלפרו משקה סויה בטעם וניל 1 ליטר,הנסיך- מפעל לייצור ט,IL,אלפרו סויה וניל,ליטרים,1.00,ליטר,false,0,15.90,15.90,true,1,
5411188094159,false,רביעיית מעדן סויה שוקו מריר אלפרו 125 גרם,הנסיך- מפעל לייצור ט,IL,מעדן סויה 4יח',גרמים,500.00,100 גרם,false,0,18.90,3.78,true,1,
5411188096108,false,"אלפרו שמנת צמחית לבישול לייט 250מ""ל",שטראוס גרופ בעמ/מצונן,IL,שמנת צמחית,מיליליטרים,250.00,"100 מ""ל",false,0,9.90,3.96,true,1,
5411188110835,false,אלפרו חלב סויה שקדים וניל 1ל',הנסיך- מפעל לייצור ט,BE,אלפרו משקה שקדים,ליטרים,1.00,ליטר,false,0,15.80,15.80,true,1,
5411188111375,false,משקה אורז וניל 1 ליטר,אלפרו,IL,משקה אורז וניל,ליטרים,1.00,ליטר,false,0,15.80,15.80,true,1,
5411188112709,false,"משקה קוקוס אלפרו 1 ליטר משקה שקדים לל""ס",הנסיך- מפעל לייצור ט,BE,אלפרו משקה שקדים,ליטרים,1.00,ליטר,false,0,15.80,15.80,true,1,
5411188114666,false,משקה שקדים ט.שוקו.מריר1ל,אלפרו,GB,משקה שקדים,ליטרים,1.00,ליטר,false,1,15.80,15.80,true,1,
5411188116882,false,אלפרו סויה מקיאטו 1 ליטר,אלפרו,IL,אלפרו סויה,ליטרים,1.00,ליטר,false,0,15.90,15.90,true,1,
5411188118732,false,משקה קוקוס ושקדים אלפרו (1 ליטר),הנסיך- מפעל לייצור ט,GB,משקה קוקוס ושקד,ליטרים,1.00,ליטר,false,1,15.80,15.80,true,1,
5411188120544,false,אלפ.מעדן+קוקוס סויה125*4,אלפרו,BE,מעדן קוקוס 4 יח,גרמים,500.00,100 גרם,false,1,18.90,3.78,true,1,
5411188120742,false,משקה קוקוס אלפרו 1 ליטר שקדים וניל 1 ל',הנסיך- מפעל לייצור ט,GB,משקה שקדים,ליטרים,1.00,ליטר,false,1,15.80,15.80,true,1,
5411188122661,false,אלפרו משקה שקדים לא קלויים ללא תוספת סוכר 1 ל',הנסיך- מפעל לייצור ט,BE,משקה שקדים,ליטרים,1.00,ליטר,false,1,15.80,15.80,true,1,
5411188122890,false,משקה קשיו 1 ליטר,אלפרו,BE,משקה קשיו,ליטרים,1.00,ליטר,false,1,15.80,15.80,true,1,
5411681014005,false,"בירה דובל בקבוק 330 מ""ל",הכרם משקאות חריפים בעמ,BE,בירה דובל,מיליליטרים,330.00,"100 מ""ל",false,0,16.80,5.09,true,1,
5412533001617,false,נוזל לניקוי כלים אלוורה ולימון 1 ליטר,אקובר,BE,נוזל לכלים,ליטרים,1.00,ליטר,false,0,16.90,16.90,true,1,
5412533009033,false,"מרכך כביסה פרחים 750 מ""ל",אקובר,BE,מרכך כביסה,מיליליטרים,750.00,"100 מ""ל",false,1,15.90,2.12,true,1,
5412533151008,false,נוז.כביסה ללא אנזימים1.5,אקובר,IL,נוזל כביסה,ליטרים,1.50,ליטר,false,0,38.90,25.93,true,1,
5412533403725,false,נוזל כביסה זרו 1.5 ליטר,אקובר,BE,נוזל כביסה זרו,ליטרים,1.50,ליטר,false,0,48.50,32.33,true,1,
5413149922938,false,"אריאל אבקת כביסה שושן צחור, 5 ק""ג",דיפלומט מפיצים (1986) בע`מ,TR,אבקת כביסה אריאל,קילוגרמים,5.00,"ק""ג",false,1,52.90,10.58,true,1,
5413548280189,false,קינדר שוקו בון 1 יחידות 125 גרם,פרימיום - חברה לדברי מתיקה ולמ,BE,קינדר שוקובון,גרמים,125.00,100 גרם,false,0,10.00,8.00,true,1,
5420066370032,false,טראפל בלגי מריר 150 גרם,CHOCOLATE Q,TR,טראפל בלגי מריר,גרמים,150.00,100 גרם,false,1,11.90,7.93,true,1,
5600395030689,false,סרדין בשמן סויה חריף115ג,קופיסה אס.איי,IL,סרדין בשמן,גרמים,115.00,100 גרם,false,0,7.00,6.09,true,1,
5600395030818,false,סרדין בשמן סויה נפטון115,קופיסה אס.איי,PT,סרדין בשמן,גרמים,115.00,100 גרם,false,0,7.00,6.09,true,1,
5600395034083,false,סרדינים בשמן זית אורגני 120 גרם,קופיסה אס.איי,PT,סרדינים בשמן זית,גרמים,120.00,100 גרם,false,1,8.90,7.42,true,1,
5601008200444,false,עוגיות גודיס טבעות מצופות שוקולד חלב מרבה 150 גרם,הנסיך- מפעל לייצור ט,NL,עוגיות גודיס,גרמים,150.00,100 גרם,false,0,8.80,5.87,true,1,
5601010211087,false,פילה סרדין בשמן זית כתית 100 גר רמירז,רמירז אנד קה פילהאוס,IL,פ.סרדינים בשמן,יחידה,1.00,יחידה,false,0,13.40,13.40,true,1,
5601036205671,false,לוריאל - אקסלנס קרם 7.3 בלונד זהוב,לוריאל,BE,צבע לשיער אקסלנס,יחידה,1.00,יחידה,false,0,39.60,39.60,true,1,
5701051000012,false,עוגיות טעם חמאה,,DK,עוגיות טעם חמאה,גרמים,340.00,100 גרם,false,0,14.80,4.35,true,1,
5701092108708,false,פיניש קוואנטום לימון20טב,רקיט בנקיזר (ניר איסט) בעמ,PL,טבליות קוואנטום,יחידה,1.00,יחידה,false,0,24.90,24.90,true,1,
5701932026964,false,"הוטפופ גרעיני תירס להכנת פופקורן במיקרוגל בטעם טבעי, בתוספת מלח, 600 גרם",ליימן שליסל בע`מ,IL,פופקורן הוט פופ,גרמים,600.00,100 גרם,false,0,14.50,2.42,true,1,
5701932026971,false,הוטפופ גרעיני תירס להכנת פופקורן במיקרוגל בטעם חמאה 600 גרם,ליימן שליסל בע`מ,US,הוט פופ טעם חמאה,גרמים,600.00,100 גרם,false,0,14.50,2.42,true,1,
5701932026995,false,"הוטפופ גרעיני תירס להכנת פופקורן במיקרוגל בטעם טבעי מופחת שומן, 510 גרם",קריניציה ויטמינה אס,IL,הוטפופ טבעי,גרמים,510.00,100 גרם,false,0,14.50,2.84,true,1,
5706516031358,false,פופקורן להכנה במיקרוגל בטעם טבעי מופחת שומן 5 שקיות,ליימן שליסל בע`מ,US,הוט פופ 100 קל',גרמים,160.00,100 גרם,false,0,14.50,9.06,true,1,
5711953038372,false,ארלה גבינת שמנת טבעי,ארלה פודס אמבה,DK,גבינת שמנת,גרמים,150.00,100 גרם,false,1,9.90,6.60,true,1,
5711953038419,false,גב.שמנת+תבלינים23.5% 150,ארלה פודס אמבה,DK,גבינת שמנת,גרמים,150.00,100 גרם,false,1,9.90,6.60,true,1,
5712341044692,false,טבק לעישון באלי כחול,S.T.G,IL,באלי כחול,גרמים,40.00,100 גרם,false,0,44.60,111.50,false,1,
5900020012814,false,דגנים תפוחים בטעם שוקולד נסקוויק נסטלה 500 גרם,קבוצת אוסם סחר שותפות מוגבלת,PL,דגני נסקוויק,גרמים,500.00,100 גרם,false,0,18.90,3.78,true,1,
5900020015174,false,פיטנס חטיפי אנרגיה דגנים בטעם שוקולד נסטלה 6*23.5 גרם,קבוצת אוסם סחר-שות.מוגבלת,PL,חטיפי פיטנס 6 יח,גרמים,141.00,100 גרם,false,0,15.80,11.21,true,1,
5900020022066,false,פיטנס חט.דגנים קרמל6יח',נסטלה פולין ברים,PL,חטיף דגנים פיטנס,גרמים,141.00,100 גרם,false,0,15.80,11.21,true,1,
5900020024770,false,פיטנס - דליס חטיף דגנים שוקולד אגוז 22.50 גרם * 6,קבוצת אוסם סחר שותפות מוגבלת,PL,חטיף דגנים פיטנס,גרמים,135.00,100 גרם,false,1,15.80,11.70,true,1,
5900020025647,false,חטיף דגנים פיטנס שוקולד חלב 135 גרם מארז 6 יחידות,קבוצת אוסם סחר שותפות מוגבלת,PL,חטיף דגנים פיטנס,גרמים,135.00,100 גרם,false,1,15.80,11.70,true,1,
5900020025821,false,קורנפלקס גו פרי 500 גרם,סי.פי,PL,קורנפלקס גו פרי,גרמים,500.00,100 גרם,false,1,14.90,2.98,true,1,
5900020025951,false,חטיף דגנ.גולדן מיניס 6יח,נסטלה,PL,חטיף גולדן מיניס,גרמים,150.00,100 גרם,false,1,15.80,10.53,true,1,
5900020025975,false,קורנפלקס גו פרי דבש500ג,מיוצר עי קונדיטוריית,PL,קורנפלקס גו פרי,גרמים,500.00,100 גרם,false,1,14.90,2.98,true,1,
5900020026552,false,דגני בוקר האני נאט צ'יריוס בטעם דבש ושקדים,קבוצת אוסם סחר שותפות מוגבלת,PL,האני נאט צ'יריוס,גרמים,625.00,100 גרם,false,1,18.90,3.02,true,1,
5900512110158,false,גבינה צהובה 28% 150 גרם,MEKOVITA,PL,גבינה צהובה 28%,גרמים,150.00,100 גרם,false,1,6.30,4.20,true,1,
5900512980546,false,גבינה ברי רכה 125 גרם,מולקוויטה,PL,גבינה ברי רכה,גרמים,125.00,100 גרם,false,1,8.90,7.12,true,1,
5900627027259,false,ויט 12 רצועות שעווה רגיש,רקיט בנקיזר,FR,רצועות שעווה ויט,יחידה,1.00,יחידה,false,0,24.90,24.90,true,1,
5900627044362,false,40טבליות קוואנטום לימון,רקיט בנקיזר,PL,טבליות קוואנטום,יחידה,1.00,יחידה,false,0,39.90,39.90,true,1,
5900627063233,false,טבליות למדיח הכל ב-1 פיניש מקס 50 יחידות,רקיט בנקיזר (ניר איסט) בעמ,PL,פיניש AIO,יחידה,1.00,יחידה,false,1,45.90,45.90,true,1,
5900907000101,false,תערובת מלפפון ועגבניה 2.5,דברים טובים סגל בעמ,,תערובת ירקות,קילוגרמים,2.55,"ק""ג",false,0,32.20,12.63,true,1,
5900907000583,false,מלפפון בחומץ 920 גרם צנצנת,דברים טובים סגל בעמ,PL,מלפפונים בחומץ,גרמים,900.00,100 גרם,false,0,15.60,1.73,true,1,
5900907000835,false,"מלפפונים בחומץ 2.55 ק""ג",דברים טובים סגל בעמ,PL,מלפפונים בחומץ,קילוגרמים,2.55,"ק""ג",false,0,32.20,12.63,true,1,
5900907001429,false,תערובת ירקות בחומץ 910 גרם צנצנת,דברים טובים סגל בעמ,,תערובת ירקות,גרמים,920.00,100 גרם,false,0,15.60,1.70,true,1,
5900907001450,false,מלפפון במלח צנצנת 920 גרם,דברים טובים סגל בעמ,PL,מלפפונים במלח,גרמים,900.00,100 גרם,false,0,15.60,1.73,true,1,
5900907001719,false,תערובת ירקות כבושים930גר,דברים טובים סגל בעמ,PL,תערובת ירקות,גרמים,930.00,100 גרם,false,0,15.60,1.68,true,1,
5901367005019,false,כוסמת קלויה 500 גרם,RAISIO,,כוסמת קלויה,גרמים,500.00,100 גרם,false,0,7.90,1.58,true,1,
5901414200411,false,בלזן היט מיני ביסקוויט סנדוויץ' עם מילוי קרם בטעם שוקולד 130 גרם,ליימן שליסל בע`מ,DE,היט מיניס שוקו,גרמים,130.00,100 גרם,false,0,6.30,4.85,true,1,
5901414203870,false,עוגיות דגנים מצופים143ג,באלסן,PL,עוגיות דגנים,גרמים,143.00,100 גרם,false,1,6.90,4.83,true,1,
5901414203887,false,עוגיות טבעות מצופים155ג,באלסן,PL,עוגיות טבעות,גרמים,155.00,100 גרם,false,1,6.90,4.45,true,1,
5902198160403,false,XL משקה אנרגיה מוגז ללא סוכר עד 10 קלוריות לפחית 250 מל,"טמפו משקאות בע""\מ",IL,משקה אנרגיה,מיליליטרים,250.00,"100 מ""ל",false,1,3.80,1.52,true,1,
5904941751302,false,משקה אנרגיה בפחית בלו (250 מל),בני פאוזי שמשום (2009) בעמ,PL,משקה אנרגיה,מיליליטרים,250.00,"100 מ""ל",false,0,3.30,1.32,true,1,
5906485301012,false,משקה אנרגיה XL מוגז פחית 250 מל,"טמפו משקאות בע""מ",IL,משקה אנרגיה XL,מיליליטרים,250.00,"100 מ""ל",false,0,3.80,1.52,true,1,
5908234805642,false,וופל רול מילוי קרם וניל,FLIS Z.P.C,PL,וופל רול וניל,גרמים,150.00,100 גרם,false,1,5.80,3.87,true,1,
5908234805659,false,וופל רול מילוי קוקוס150ג,FLIS Z.P.C,PL,וופל רול קוקוס,גרמים,150.00,100 גרם,false,1,5.80,3.87,true,1,
5908234805666,false,וופל רול מילוי ק.אגוז150,FLIS Z.P.C,PL,וופל רול אגוזים,גרמים,150.00,100 גרם,false,1,5.80,3.87,true,1,
5948935002605,false,ספגטי מקמח תירס 500,פאם מילס סרל,RO,ספגטי מקמח תירס,גרמים,500.00,100 גרם,false,0,9.80,1.96,true,1,
6001067025122,false,קולגייט מקס פרש וויט100מ,קולגייט-פלמוליב,BR,משחת שיניים,מיליליטרים,100.00,"100 מ""ל",false,0,19.90,19.90,true,1,
6001298987701,false,גלייד מילוי אב.רענן 269מ,מיוצר עי קונדיטוריית,TR,גלייד מילוי אביב,מיליליטרים,269.00,"100 מ""ל",false,0,15.00,5.58,true,1,
6008165003984,false,סיגריות פאל מאל כחול סטרים פילט בודד,גלוברנדס בעמ - שיווק סיגריות,TR,סיגריות פאל מאל,יחידה,1.00,יחידה,false,0,28.50,28.50,false,1,
6008165274629,false,פאל מאל כחול ארוך סטרים פילטר חפיסה,גלוברנדס בעמ - שיווק סיגריות,TR,פאל מאל כחול,יחידה,1.00,יחידה,false,1,28.50,28.50,false,1,
6009684860973,false,חטיף דגנים בתוספת אג,,,חטיף דגנים 6יח',גרמים,168.00,100 גרם,false,0,10.00,5.95,true,1,
6009684860997,false,חטיף דגנים בתוספת צי,,,חטיף דגנים,גרמים,168.00,100 גרם,false,0,10.00,5.95,true,1,
6009684861000,false,חטיף דגנים בטעם מייפל שקדים 175 גרם,דין שיווק,,חטיף דגנים,גרמים,168.00,100 גרם,false,0,10.00,5.95,true,1,
6111094000259,false,קוסקוס דארי בינוני 500 גר`,תומר ייבוא ושיווק מוצרי מזון [,MA,קוסקוס דארי,גרמים,500.00,100 גרם,false,1,8.80,1.76,true,1,
6111094000808,false,"קוסקוס דארי בינוני תומר 1 ק""ג + 10% תוספת",דארי קוספטה אל-זהרה,MA,קוסקוס דארי,קילוגרמים,1.10,"ק""ג",false,1,14.90,13.55,true,1,
6253503710059,false,"בירה אמסטל פחית 500 מ""ל",ג'נרל אינווסטמנטס,JO,בירה אמסטל פחית,מיליליטרים,500.00,"100 מ""ל",false,1,8.90,1.78,true,1,
6410500090014,false,פריכיות שיפון דקות 200גר,מיוצר עי קונדיטוריית,FI,פריכיות שיפון,גרמים,200.00,100 גרם,false,0,11.90,5.95,true,1,
6410500091868,false,קרקר פין קריספ דגנים200ג,המאפיה של הרמן,FI,קרקר פין דגנים,גרמים,175.00,100 גרם,false,0,11.90,6.80,true,1,
6487111125374,false,אדממה בנגיעות צילי 100גר,שונות,CN,אדממה צילי,גרמים,100.00,100 גרם,false,0,7.90,7.90,true,1,
6912977000140,false,אטריות שעועית 250 גר' ( Yantai)ללא גלוטן(כ),מזרח ומערב יבוא ושיווק,IL,אטריות שעועית,גרמים,250.00,100 גרם,false,0,8.80,3.52,true,1,
6924421202017,false,פטריות שי-מג'י -יחידה,חוות פטריות תקוע,IL,פטריות שי מגי,יחידה,1.00,יחידה,false,0,12.00,12.00,true,1,
6935325410118,false,שום יבוא יחידה,קטיף.,XX,שום יבוא יחידה,יחידה,1.00,יחידה,false,0,8.90,8.90,true,1,
7038516140418,false,ג'ורדן מברשת שיניים טוטאל קלין מדיום רביעייה,"דנשר (1963) בע,מ",IL,מברשת שיניים,יחידה,1.00,יחידה,false,0,14.90,14.90,true,1,
7046110064078,false,ג'ורדן מ.שיניים אינדיבידואל קלין מארז זוג,דנטלון,ML,מברשת שיניים,יחידה,1.00,יחידה,false,0,20.00,20.00,true,1,
7290000000022,true,עגבניות חממה,קטיף.,IL,עגבניות חממה,קילוגרמים,0.00,"ק""ג",true,0,6.90,6.90,true,1,
7290000000046,true,מלפפונים,קטיף.,IL,מלפפונים,קילוגרמים,0.00,"ק""ג",true,0,5.90,5.90,true,1,
7290000000053,true,קישואים,קטיף.,IL,קשואים,קילוגרמים,0.00,"ק""ג",true,0,9.90,9.90,true,1,
7290000000084,true,פלפל ירוק בהיר,שותפות מזרחי,IL,פלפל בהיר,קילוגרמים,0.00,"ק""ג",true,0,9.90,9.90,true,1,
7290000000091,true,פלפל אדום,קטיף.,IL,פלפל אדום,קילוגרמים,0.00,"ק""ג",true,0,9.90,9.90,true,1,
7290000000107,true,פלפל ירוק כהה,קטיף.,IL,פלפל כהה,קילוגרמים,0.00,"ק""ג",true,0,9.90,9.90,true,1,
7290000000114,true,חצילים,קטיף.,IL,חצילים,קילוגרמים,0.00,"ק""ג",true,0,7.90,7.90,true,1,
7290000000121,true,גזר ארוז,קטיף.,IL,גזר ארוז,קילוגרמים,0.00,"ק""ג",true,0,3.90,3.90,true,1,
7290000000138,true,כרוב לבן,קטיף.,IL,כרוב לבן,קילוגרמים,0.00,"ק""ג",true,0,4.90,4.90,true,1,
7290000000169,true,כרוב סיני יחידה,קטיף.,IL,כרוב סיני יחידה,יחידה,1.00,יחידה,false,0,6.90,6.90,true,1,
7290000000176,true,כרובית,קטיף.,IL,כרובית,קילוגרמים,0.00,"ק""ג",true,0,9.90,9.90,true,1,
7290000000183,true,סלק,קטיף.,IL,סלק,קילוגרמים,0.00,"ק""ג",true,0,4.90,4.90,true,1,
7290000000190,true,לפת,קטיף.,IL,לפת,קילוגרמים,0.00,"ק""ג",true,0,6.90,6.90,true,1,
7290000000206,true,צנון,קטיף.,IL,צנון,קילוגרמים,0.00,"ק""ג",true,0,7.90,7.90,true,1,
7290000000220,true,קולורבי,קטיף.,IL,קולורבי,קילוגרמים,0.00,"ק""ג",true,0,8.90,8.90,true,1,
7290000000282,true,חסה ערבית יחידה,קטיף,IL,חסה ערבית,יחידה,1.00,יחידה,false,0,4.90,4.90,true,1,
7290000000350,true,מנגולד )סלק עלים( יחידה,קטיף.,IL,פזיל-יח',יחידה,1.00,יחידה,false,0,6.90,6.90,true,1,
7290000000374,true,פטריות שמפניון יחידה,קטיף.,IL,שמפניון,יחידה,1.00,יחידה,false,0,9.90,9.90,true,1,
7290000000411,true,שום - רביעייה במארז,קטיף.,XX,שום מארז יחידה,יחידה,1.00,יחידה,false,0,8.90,8.90,true,1,
7290000000428,true,בטטות מובחר,קטיף.,IL,בטטה,קילוגרמים,0.00,"ק""ג",true,0,8.90,8.90,true,1,
7290000000435,true,סלרי עלים יחידה,קטיף,IL,סלרי עלים,יחידה,1.00,יחידה,false,0,5.90,5.90,true,1,
7290000000442,true,נבטים סיניים יחידה,קטיף,IL,נבטי סיניים יח',יחידה,1.00,יחידה,false,0,6.50,6.50,true,1,
7290000000459,true,נבטי אלפלפא יחידה,קטיף.,IL,נבטי אלפלפא-יח',יחידה,1.00,יחידה,false,0,6.50,6.50,true,1,
7290000000466,true,בצל ירוק יחידה,קטיף.,IL,בצל ירוק,יחידה,1.00,יחידה,false,0,5.90,5.90,true,1,
7290000000480,true,בצל יבש,קטיף.,IL,בצל יבש,קילוגרמים,0.00,"ק""ג",true,0,3.90,3.90,true,1,
7290000000503,true,תפוח אדמה קטן ארוז,קטיף.,IL,"תפו""א קטן ארוז",קילוגרמים,0.00,"ק""ג",true,0,3.90,3.90,true,1,
7290000000510,true,פטרוזיליה יחידה,קטיף.,IL,פטרוזיליה,יחידה,1.00,יחידה,false,0,3.90,3.90,true,1,
7290000000527,true,שמיר יחידה,קטיף,IL,שמיר,יחידה,1.00,יחידה,false,0,3.90,3.90,true,1,
7290000000534,true,סלרי ראש יחידה,קטיף,IL,סלרי ראש,יחידה,1.00,יחידה,false,0,5.90,5.90,true,1,
7290000000541,true,שורש פטרוזיליה,קטיף,IL,שורש,יחידה,1.00,יחידה,false,0,5.90,5.90,true,1,
7290000000558,true,כוסברה יחידה,קטיף.,IL,כוסברה,יחידה,1.00,יחידה,false,0,3.90,3.90,true,1,
7290000000565,true,נענע יחידה,קטיף,IL,נענע,יחידה,1.00,יחידה,false,0,3.90,3.90,true,1,
7290000000572,true,שומר,קטיף.,IL,שומר,קילוגרמים,0.00,"ק""ג",true,0,8.90,8.90,true,1,
7290000000589,true,"ארטישוק/תפו""א ירושלמי",קטיף.,IL,תפוא ירושלמי,קילוגרמים,0.00,"ק""ג",true,0,14.90,14.90,true,1,
7290000000596,true,תפוח אדמה לבן תפזורת,קטיף.,IL,תפוח אדמה תפזורת,קילוגרמים,0.00,"ק""ג",true,0,5.90,5.90,true,1,
7290000000619,true,פלפל חריף,שותפות מזרחי,IL,פלפל חריף,קילוגרמים,0.00,"ק""ג",true,0,9.90,9.90,true,1,
7290000000626,true,ברוקולי,קטיף.,IL,ברוקולי,קילוגרמים,0.00,"ק""ג",true,0,19.90,19.90,true,1,
7290000000633,true,עירית יחידה,קטיף,IL,עירית יחידה,יחידה,1.00,יחידה,false,0,5.00,5.00,true,1,
7290000000701,true,פטריות שמפניון למילוי,קטיף.,IL,פטריות למילוי,קילוגרמים,0.00,"ק""ג",true,0,36.90,36.90,true,1,
7290000000718,true,פטריות חורש במשקל,קטיף.,IL,פטריות חורש במשק,קילוגרמים,0.00,"ק""ג",true,0,36.90,36.90,true,1,
7290000000732,true,דלורית,קטיף.,IL,דלורית,קילוגרמים,0.00,"ק""ג",true,0,5.90,5.90,true,1,
7290000000749,true,פלפל שישקה מתוק,קטיף.,IL,פלפל שישקה מתוק,קילוגרמים,0.00,"ק""ג",true,0,9.90,9.90,true,1,
7290000000824,true,קשוא ירוק )זוקיני(,קטיף.,IL,קישוא ירוק,קילוגרמים,0.00,"ק""ג",true,0,9.90,9.90,true,1,
7290000000848,true,תירס קלוף ארוז,קטיף.,IL,תירס קלוף ארוז,קילוגרמים,0.00,"ק""ג",true,0,9.90,9.90,true,1,
7290000000855,true,פלפל צהוב,קטיף.,IL,פלפל צהוב,קילוגרמים,0.00,"ק""ג",true,0,11.90,11.90,true,1,
7290000000916,true,עגבניה שרי סוכריות יח,קטיף.,IL,שרי סוכריות,יחידה,1.00,יחידה,false,0,9.90,9.90,true,1,
7290000000954,true,רוקט ג.נחל חידה,קטיף.,IL,רוקט+ג.נחל-יח,יחידה,1.00,יחידה,false,0,5.00,5.00,true,1,
7290000001036,true,בצל יבש אדום,קטיף.,XX,בצל יבש אדום,קילוגרמים,0.00,"ק""ג",true,0,5.90,5.90,true,1,
7290000001050,true,בזיליקום יחידה,קטיף,IL,בזילקום יחידה,יחידה,1.00,יחידה,false,0,5.00,5.00,true,1,
7290000001661,true,גזר תפזורת,קטיף.,IL,גזר תפזורת,קילוגרמים,0.00,"ק""ג",true,0,4.90,4.90,true,1,
7290000001692,true,תפוח אדמה אדום ארוז,קטיף.,IL,תפוא אדום ארוז,קילוגרמים,0.00,"ק""ג",true,0,5.50,5.50,true,1,
7290000001715,true,תפוח אדמה לבן ארוז,קטיף.,IL,תפוח אדמה לבן,קילוגרמים,0.00,"ק""ג",true,0,3.90,3.90,true,1,
7290000001722,true,תפוח אדמה אדום תפזורת,קטיף.,IL,"תפו""א אדום תפז'",קילוגרמים,0.00,"ק""ג",true,0,5.90,5.90,true,1,
7290000002026,true,לחם אחיד 750 גרם,מאפית ברמן,IL,לחם אחיד,גרמים,750.00,100 גרם,false,0,4.90,0.65,true,1,
7290000002040,true,חלה רגילה 500 גרם,מאפית ברמן,IL,חלה רגילה,גרמים,500.00,100 גרם,false,0,4.90,0.98,true,1,
7290000002071,true,חלה קלועה רגילה 500 גרם,מאפית ברמן,IL,חלה קלועה רגילה,גרמים,500.00,100 גרם,false,0,4.90,0.98,true,1,
7290000002354,true,לחמנ.רגילה 75ג 235,מאפית ברמן,IL,לחמניה רגילה,יחידה,1.00,יחידה,false,0,1.90,1.90,true,1,
7290000011653,true,גבינה בולגרית5%,,IL,גבינה בולגרית5%,קילוגרמים,0.00,"ק""ג",true,0,77.00,77.00,true,1,
7290000016030,true,גבינה עזים קשה,,IL,גבינה עזים קשה,קילוגרמים,0.00,"ק""ג",true,0,139.00,139.00,true,1,
7290000023007,false,"ברנדי שטוק 84 37 % 750 מ""ל",טמפו משקאות בעמ,IL,ברנדי שטוק 84,מיליליטרים,750.00,"100 מ""ל",false,0,69.90,9.32,true,1,
7290000023083,false,ערק אשקלון בקבוק 700,טמפו משקאות בע`מ,IL,ערק אשקלון,מיליליטרים,700.00,"100 מ""ל",false,0,49.90,7.13,true,1,
7290000023816,false,קלאסיק אמרלד ריזלינג יקבי ברקן (750 מל),יקבי ברקן שיווק והפצה בע,IL,ריזלינג קלאסיק,מיליליטרים,750.00,"100 מ""ל",false,0,24.90,3.32,true,1,
7290000023847,false,קלאסיק שרדונה יקבי ברקן (750 מל),יקבי ברקן שיווק והפצה בע,IL,יין לבן שרדונה,מיליליטרים,750.00,"100 מ""ל",false,0,24.90,3.32,true,1,
7290000023960,false,"ברקן קלאסיק שיראז 750מ""ל",יקבי ברקן,IL,יין שיראז קלאסיק,מיליליטרים,750.00,"100 מ""ל",false,0,24.90,3.32,true,1,
7290000023977,false,קלאסיק מרלו יקבי ברקן (750 מל),יקבי ברקן שיווק והפצה בע,IL,מרלו קלאסיק,מיליליטרים,750.00,"100 מ""ל",false,0,24.90,3.32,true,1,
7290000024202,false,רזרב קברנה סובניון יקבי ברקן (750 מל),ברקן שיווק והפצה בעמ,IL,ברקן רזרב,מיליליטרים,750.00,"100 מ""ל",false,0,34.90,4.65,true,1,
7290000024530,false,יין אדום מתוק קידוש של סגל 750 מל,"כרמי צבי - אחים סגל בע""\",IL,יין מתוק לקידוש,מיליליטרים,750.00,"100 מ""ל",false,0,12.90,1.72,true,1,
7290000034256,false,ביסקוויט תירוש חצי מצופה 175 ג`הדר*,ח.כהן סוכנות מזון ומשקאות בע,IL,ביסקוויט תירוש,גרמים,175.00,100 גרם,false,0,5.90,3.37,true,1,
7290000040042,false,יוגורט יופלה תות 3% שומן 150 גרם,"תנובה בע""מ ***",IL,יופלה תות 3%,גרמים,150.00,100 גרם,false,0,5.00,3.33,true,1,
7290000040080,false,יוגורט יופלה אפרסק 3% שומן 150 גרם,"תנובה בע""מ ***",IL,יופלה אפרסק3%,גרמים,150.00,100 גרם,false,0,5.00,3.33,true,1,
7290000040301,false,תנובה עין גדי קממבר מחלב בקר 24% שומן,תנובה מרכז שיתופי לש,IL,עין גדי קממבר,גרמים,125.00,100 גרם,false,0,17.90,14.32,true,1,
7290000040974,false,חלב 2% דל לקטוז בקרטון תנובה (1 ליטר),תנובה מרכז שיתופי לש,IL,חלב טרי דל לקטוז,ליטרים,1.00,ליטר,false,0,7.00,7.00,true,1,
7290000041858,false,"שמנת חמוצה 15% מועשרת יטבתה 200 מ""ל",שטראוס גרופ בעמ/מצונן,IL,שמנת חמוצה יטבתה,מיליליטרים,200.00,"100 מ""ל",false,0,2.40,1.20,true,1,
7290000041865,false,"לבן 4.5% שומן מהדרין ""יטבתה""",שטראוס גרופ בעמ/מצונן,IL,לבן יטבתה4.5%,מיליליטרים,200.00,"100 מ""ל",false,0,2.00,1.00,true,1,
7290000041872,false,"לבן 3% יטבתה 200מ""ל מהדרין",שטראוס גרופ בעמ/מצונן,IL,לבן יטבתה 3%,מיליליטרים,200.00,"100 מ""ל",false,0,2.00,1.00,true,1,
7290000042008,false,חלב 3% בשקית תנובה (1 ליטר)פיקוח,"תנובה, מחלבת רחובות",IL,חלב 3% בשקית,ליטרים,1.00,ליטר,false,0,4.90,4.90,true,1,
7290000042015,false,חלב 3% בשקית בדצ תנובה (1 ליטר)פיקוח,תנובה מרכז שיתופי לש,IL,חלב 3% שקית,ליטרים,1.00,ליטר,false,0,4.90,4.90,true,1,
7290000042022,false,חלב על הבוקר1%קרט+.פקק1ל,תנובה מרכז שיתופי לש,IL,חלב על הבוקר 1%,ליטרים,1.00,ליטר,false,0,7.90,7.90,true,1,
7290000042244,false,חלב 3% תנובה (2 ליטר)פיקו,"תנובה, מחלבת רחובות",IL,חלב 3% כד 2 ליטר,ליטרים,2.00,ליטר,false,0,11.50,5.75,true,1,
7290000042404,false,חלב 3% מועשר מהדרין בשקית יטבתה (1 ליטר),שטראוס גרופ בעמ/מצונן,IL,חלב 3% בשקית,ליטרים,1.00,ליטר,false,0,5.90,5.90,true,1,
7290000042435,false,חלב דל שומן 1% בקרטון תנובה (1 ליטר)פיק,תנובה מרכז שיתופי לש,IL,חלב %1 בקרטון,ליטרים,1.00,ליטר,false,0,5.40,5.40,true,1,
7290000042442,false,"חלב תנובה טרי 3% ""תנובה"" - מוצר בפיקוח",תנובה בעמ ***,IL,חלב תנובה 3%,ליטרים,1.00,ליטר,false,0,5.75,5.75,true,1,
7290000042466,false,חלב מועשר 1% בקרטון 1 ל',פארייפאבה אגרואינדוס,IL,חלב מועשר בקרטון,ליטרים,1.00,ליטר,false,0,7.90,7.90,true,1,
7290000042503,false,חלב עמיד הומוגני 3% תנובה (1 ליטר),תנובה מרכז שיתופי לש,IL,חלב עמיד 3%,ליטרים,1.00,ליטר,false,0,6.90,6.90,true,1,
7290000042541,false,חלב עמיד קרטון דל שומן 1 ל' %1,תנובה חלב,IL,חלב עמיד 1%,ליטרים,1.00,ליטר,false,0,7.60,7.60,true,1,
7290000042640,false,"חלב תנובה עמיד 3% קרטון 250 מ""ל",תנובה מרכז שיתופי לש,IL,חלב עמיד 3% שומן,מיליליטרים,250.00,"100 מ""ל",false,0,2.60,1.04,true,1,
7290000042855,false,"שוקו בשקית 250 מ""ל ""יטבתה""",שטראוס גרופ בעמ/מצונן,IL,שוקו בשקית,מיליליטרים,225.00,"100 מ""ל",false,0,2.50,1.11,true,1,
7290000043012,false,"שוקו עמיד 2% בקרטון 250 מ""ל תנובה",תנובה מרכז שיתופי לש,IL,שוקו עמיד,מיליליטרים,250.00,"100 מ""ל",false,0,4.40,1.76,true,1,
7290000043111,false,תנובה חמאה 200 גרם - מוצר בפיקוח,תנובה מרכז שיתופי לש,IL,חמאה תנובה,גרמים,200.00,100 גרם,false,0,7.60,3.80,true,1,
7290000043814,false,השף הלבן שמנת להקצפה 38% שומן 250 מל - מוצר בפיקוח,תנובה מרכז שיתופי לש,IL,שמנת עמידה לקצפת,מיליליטרים,250.00,"100 מ""ל",false,0,5.95,2.38,true,1,
7290000043890,false,תנובה רויון לבן מחלב מפסוטר 1.5%,תנובה מרכז שיתופי לש,IL,רויון בקרטון1.5%,ליטרים,1.00,ליטר,false,0,10.90,10.90,true,1,
7290000043944,false,כד יוגורט תנובה 4% שומן 1.5 ליטר,מיוצר עי קונדיטוריית,IL,יוגורט בכד 4%,ליטרים,1.50,ליטר,false,0,15.90,10.60,true,1,
7290000044248,false,רויון בקרטון 1.5% 500 מל,תנובה חלב,IL,רויון בקרטון,מיליליטרים,500.00,"100 מ""ל",false,0,6.20,1.24,true,1,
7290000044712,false,יוגורט עם תות 1.5% שומן 500 ג' פרילי,מיוצר עי קונדיטוריית,IL,פרילי תות-שדה,גרמים,500.00,100 גרם,false,0,10.30,2.06,true,1,
7290000045573,false,גבינת מותכת משולשים 25% שומן 200 ג' נעמה,"תנובה בע""מ ***",IL,גבינת נעמה מותכת,גרמים,200.00,100 גרם,false,0,14.50,7.25,true,1,
7290000045580,false,גבינה מותכת נעמה חורש תנובה 240 גרם,תנובה מרכז שיתופי לש,IL,גבינת נעמה מותכת,גרמים,240.00,100 גרם,false,0,16.90,7.04,true,1,
7290000045771,false,יוגורט לבן 4% תנובה (3 ליטר),תנובה מרכז שיתופי לש,IL,יוגורט בכד4.5%,ליטרים,3.00,ליטר,false,0,28.70,9.57,true,1,
7290000045917,false,תנובה פרומעז גבינה מותכת מחלב עיזים 23% שומן,תנובה בעמ ***,IL,גבינת פרומעז,גרמים,200.00,100 גרם,false,0,25.70,12.85,true,1,
7290000046020,false,"גלבוע 22% שקילה}גבנ""צ{*.",תנובה מרכז שיתופי לש,IL,גבינת גלבוע 22%,קילוגרמים,0.00,"ק""ג",true,0,39.25,39.25,true,1,
7290000046327,false,גלבוע גבינה צהובה פרוסה 22% תנובה 200 גרם,תנובה מרכז שיתופי לש,IL,גבינת גלבוע פרוס,גרמים,200.00,100 גרם,false,0,12.70,6.35,true,1,
7290000046501,false,"גב.טל העמק32% 1 ק""ג משקל",קריות זול,IL,גבינת טל העמק,קילוגרמים,0.00,"ק""ג",true,0,57.00,57.00,true,1,
7290000046563,false,קולאג 23% פרמזן חריץ תנובה,תנובה מרכז שיתופי לש,IL,גבינת פרמזן,גרמים,0.00,"ק""ג",true,0,109.00,109.00,true,1,
7290000047027,false,גב.קולאז' גלעד 27% במשקל,תנובה מרכז שיתופי לש,IL,גבינת גלעד,קילוגרמים,0.00,"ק""ג",true,0,120.00,120.00,true,1,
7290000047034,false,רוקפור (26% גליל) חריץ תנובה,תנובה מרכז שיתופי לש,IL,גבינת רוקפור,קילוגרמים,0.00,"ק""ג",true,0,122.00,122.00,true,1,
7290000047485,false,גבינה בולגרית במשקל,תנובה מרכז שיתופי לש,IL,גבינה בולגרית,קילוגרמים,0.00,"ק""ג",true,0,58.00,58.00,true,1,
7290000047546,false,השף הלבן כנען גבינה לבנה דלת נתרן 5% תנובה 500 גרם,תנובה מרכז שיתופי לש,IL,גבינת כנען 5%,גרמים,500.00,100 גרם,false,0,23.90,4.78,true,1,
7290000048185,false,גבינה לבנה 5% תנובה 250 גרם מהדרין,מיוצר עי קונדיטוריית,IL,גבינה לבנה 5%,גרמים,250.00,100 גרם,false,0,4.60,1.84,true,1,
7290000048192,false,גבינה לבנה 9% תנובה 250 גרם מהדרין,מחלבת אלון תבור,IL,גבינה לבנה 9%,גרמים,250.00,100 גרם,false,0,4.60,1.84,true,1,
7290000048307,false,קוטג' 5% עם זתים 250 ג' תנובה,מיוצר עי קונדיטוריית,IL,קוטג' עם זיתים5%,גרמים,250.00,100 גרם,false,0,5.70,2.28,true,1,
7290000048413,false,גבינה חמד (25016% גרם)פיראוס תנובה,תנובה מרכז שיתופי לש,IL,גבינה מלוחה 16%,גרמים,250.00,100 גרם,false,0,18.30,7.32,true,1,
7290000048437,false,גבינת צפתית (2005% גרם)פיראוס תנובה,פארייפאבה אגרואינדוס,IL,גבינה צפתית 5%,גרמים,200.00,100 גרם,false,0,15.50,7.75,true,1,
7290000049458,false,גבינה בולגרית עיזים (25016% גרם)פיראוס,תנובה מרכז שיתופי לש,IL,פטה עיזים פיראוס,גרמים,250.00,100 גרם,false,0,27.50,11.00,true,1,
7290000050270,false,פיראוס צפתית עיזים5% 200,תנובה,IL,פיראוס צפתית 5%,גרמים,200.00,100 גרם,false,0,18.80,9.40,true,1,
7290000050300,false,גבינה תנובה 5% 125 ג,,IL,גבינה לבנה 5%,גרמים,125.00,100 גרם,false,0,2.30,1.84,true,1,
7290000050447,false,"יוגורט ביו בטעם תות YYY יופלה 500 מ""ל",מיוצר עי קונדיטוריית,IL,יופלה תות,גרמים,500.00,100 גרם,false,0,13.40,2.68,true,1,
7290000050454,false,יוגורט ביו 3% אפרסק יופלה (500 גרם),מיוצר עי קונדיטוריית,IL,יופלה אפרסק,גרמים,500.00,100 גרם,false,0,13.40,2.68,true,1,
7290000051307,false,"מארז הפסקת אוכל עם דגני עוגי ומשקה חלב עמיד בטעם וניל 150 מ""ל",תנובה מרכז שיתופי לש,IL,מארז הפסקת אוכל,יחידה,1.00,יחידה,false,0,9.20,9.20,true,1,
7290000051352,false,חלב מלא בטעם של פעם 3.4% תנובה קרטון 1 ל',הרדוף תוצרת מזון אור,IL,חלב של פעם מלא,ליטרים,1.00,ליטר,false,0,7.40,7.40,true,1,
7290000051376,false,יוגורט יופלה דיאט אננס 0% שומן 150 גרם,תנובה מרכז שיתופי לש,IL,יופלה דיאט אננס,גרמים,150.00,100 גרם,false,0,5.00,3.33,true,1,
7290000051710,false,פיראוס גבינת לאבנה אסלית על בסיס יוגורט תנובה 263 גרם,"תנובה, מחלבת אלון תב",IL,לאבנה פיראוס,גרמים,263.00,100 גרם,false,0,13.30,5.06,true,1,
7290000051772,false,מעדן תנובה בטעם שוקולד קוקוס 0% 150מל,תנובה,IL,מעדן תנובה דיאט,גרמים,150.00,100 גרם,false,0,3.90,2.60,true,1,
7290000051956,false,טל העמק 9% חריץ תנובה,תנובה - חלב,,טל העמק 9%,קילוגרמים,0.00,"ק""ג",true,0,79.00,79.00,true,1,
7290000052250,false,יופלהYYYפירות יער3% 500ג,תנובה בעמ,IL,יופלה YYY פ.יער,גרמים,500.00,100 גרם,false,0,13.40,2.68,true,1,
7290000052298,false,משקה מוקה בקבוק 1 ליטר,תנובה,,משקה מוקה בקבוק,מיליליטרים,1000.00,"100 מ""ל",false,0,10.00,1.00,true,1,
7290000052304,false,"משקה מוקה בקבוק 340 מ""ל",תנובה,IL,משקה מוקה בקבוק,מיליליטרים,340.00,"100 מ""ל",false,0,6.30,1.85,true,1,
7290000052311,false,גבינה צהובה עמק לייט 15% שומן 200 גרם,תנובה מרכז שיתופי לש,IL,עמק 15% פרוס,גרמים,200.00,100 גרם,false,0,15.20,7.60,true,1,
7290000052649,false,לאבנה אסלית (5005% גרם)פיראוס תנובה,תנובה מרכז שיתופי לש,IL,לבנה פיראוס 5%,גרמים,500.00,100 גרם,false,0,19.70,3.94,true,1,
7290000052717,false,קוטג' עם שום שמיר 5% תנובה 250 גרם,מיוצר עי קונדיטוריית,IL,קוטג' +שום שמיר,גרמים,250.00,100 גרם,false,0,5.70,2.28,true,1,
7290000053127,false,עמק חריץ 15% שומן במשקל,,IL,גבינת עמק 15%,קילוגרמים,0.00,"ק""ג",true,0,67.00,67.00,true,1,
7290000054513,false,שטוזים בטעמים 100*8ג,תנובה,IL,יופלה שטוזים 8יח,גרמים,800.00,100 גרם,false,0,15.90,1.99,true,1,
7290000054742,false,יופלה+מכסה דגנים 170*4גר,תנובה,IL,יופלה עם מכסה4יח,גרמים,680.00,100 גרם,false,0,16.80,2.47,true,1,
7290000055183,false,צפתית מלבנ.דל קטוז5%משקל,תנובה חלב,IL,צפתית פיראוס,קילוגרמים,0.00,"ק""ג",true,0,45.00,45.00,true,1,
7290000055206,false,גבינה לבנה 5% בטעם בצל מטוגן 250 ג' תנובה,מחלבת אלון תבור,IL,גבינה לבנה 5%,גרמים,250.00,100 גרם,false,0,5.40,2.16,true,1,
7290000055336,false,"משקה יוגורט 1.5% בטעם בננה אפרסק יופלה 250 מ""ל",תנובה מרכז שיתופי לש,IL,משקה יוגורט,גרמים,250.00,100 גרם,false,0,5.30,2.12,true,1,
7290000055343,false,משקה יוגורט יופלה פירות טרופיים 250 גרם,תנובה מרכז שיתופי לש,IL,משקה יוגורט,גרמים,250.00,100 גרם,false,0,5.30,2.12,true,1,
7290000055350,false,גבינה צהובה חריץ עמק 28% במשקל,תנובה מרכז שיתופי לש,IL,גבינת עמק 28%,קילוגרמים,0.00,"ק""ג",true,1,41.30,41.30,true,1,
7290000055411,false,משקה אורז עמיד 1 ליטר,סויה מג'יק עפולה,IL,משקה אורז עמיד,ליטרים,1.00,ליטר,false,1,12.90,12.90,true,1,
7290000055428,false,משקה שקדים עמיד 1 ליטר,סויה מג'יק עפולה,IL,משקה שקדים עמיד,ליטרים,1.00,ליטר,false,1,12.90,12.90,true,1,
7290000056081,false,מארז יוגורט פרילי טבע 6*200 גרם,מיוצר עי קונדיטוריית,IL,מארז פרילי טבע,קילוגרמים,1.20,"ק""ג",false,0,21.60,18.00,true,1,
7290000056272,false,גבינה לבנה 5% עם זיתים ירוקים 250 ג' תנובה,תנובה מרכז שיתופי לש,,גבינה לבנה 5%,גרמים,250.00,100 גרם,false,0,5.40,2.16,true,1,
7290000056784,false,גבינת פטה כבשים במשק,תנובה מרכז שיתופי לש,IL,פטה כבשים5% משקל,קילוגרמים,0.00,"ק""ג",true,0,107.00,107.00,true,1,
7290000056845,false,תנובה חלב טרי 3% שומן 1.5 ליטר - מוצר בפיקוח,פארייפאבה אגרואינדוס,,חלב תנובה 3%,ליטרים,1.50,ליטר,false,0,8.62,5.75,true,1,
7290000056883,false,שמיניית יוגורט יופלה 3% טעמים שונים 150 גרם,תנובה מרכז שיתופי לש,IL,יופלה 8 יח במארז,קילוגרמים,1.20,"ק""ג",false,0,29.90,24.92,true,1,
7290000056890,false,שמיניית דיאט יופלה 0% טעמים שונים 150 גרם,מיוצר עי קונדיטוריית,IL,יופלה 0% 8 יח,קילוגרמים,1.20,"ק""ג",false,0,29.90,24.92,true,1,
7290000056906,false,מאגדת לבן טבעי 1.5% שומן 8 יח' * 150 ג' יופלה,מחלבת אלון תבור,IL,יופלה לבן 1.5%,קילוגרמים,1.20,"ק""ג",false,0,17.90,14.92,true,1,
7290000056951,false,"תנובה, השף הלבן, שמנת לבישול 15% שומן 500 מל",תנובה מרכז שיתופי לש,,שמנת לבישול 15%,מיליליטרים,500.00,"100 מ""ל",false,0,15.70,3.14,true,1,
7290000056968,false,שמנת מתוקה38%עם פקק 500מ,תנובה,,שמנת38%,מיליליטרים,500.00,"100 מ""ל",false,0,11.90,2.38,true,1,
7290000057088,false,עמק גבינה צהובה פרוסה דק דק 28% תנובה 200 גרם,תנובה מרכז שיתופי לש,IL,גבינת עמק דק 28%,גרמים,200.00,100 גרם,false,0,15.20,7.60,true,1,
7290000057118,false,גבינה צהובה עמק 28% שומן ואקום 400 גרם,תנובה מרכז שיתופי לש,,גבינת עמק פרוסה,גרמים,400.00,100 גרם,false,0,21.30,5.33,true,1,
7290000057132,false,יוגורט תנובה טבעי 1.5% גביע 200 גרם,מחלבת אלון תבור,,יוגורט תנובה1.5%,גרמים,200.00,100 גרם,false,0,3.00,1.50,true,1,
7290000057149,false,יוגורט תנובה טבעי 3% גביע 200 גרם,מיוצר עי קונדיטוריית,,יוגורט תנובה 3%,גרמים,200.00,100 גרם,false,0,3.00,1.50,true,1,
7290000057552,false,יופלה דיאט עוגת גבינה ותות 0% גביע 150ג',תנובה - חלב,IL,יופלה עוגת גבינה,גרמים,150.00,100 גרם,false,0,5.00,3.33,true,1,
7290000058030,false,"שמיניית יופלה שטוזים משקה יוגורט תות 100 מ""ל",מיוצר עי קונדיטוריית,IL,8שטוזים משקה תות,מיליליטרים,800.00,"100 מ""ל",false,0,20.30,2.54,true,1,
7290000058283,false,גבינת עיזים למריחה 5,,,גבינת עיזים 5%,גרמים,240.00,100 גרם,false,0,15.00,6.25,true,1,
7290000060071,false,אוסם - חטיפי פריכונים מאורז מלא קלוי 80גר,קבוצת אוסם סחר שותפות מוגבלת,IL,חטיפי פריכונים,גרמים,80.00,100 גרם,false,0,7.90,9.88,true,1,
7290000060088,false,בייגלה מקלות עם מלח אסם (400 גרם),קבוצת אוסם סחר שותפות מוגבלת,IL,בייגלה מקלות,גרמים,400.00,100 גרם,false,0,9.90,2.48,true,1,
7290000060118,false,פסטה אסם מקרוני ספגטי 250ג,קבוצת אוסם סחר-שות.מוגבלת,IT,ספגטי אסם,גרמים,250.00,100 גרם,false,0,3.90,1.56,true,1,
7290000060163,false,פסטה אסם אטריות דקות 400גר,קבוצת אוסם סחר שותפות מוגבלת,IL,אטריות דקות,גרמים,400.00,100 גרם,false,0,6.90,1.73,true,1,
7290000060200,false,פסטה אסם פתיתים אפויים קוסקוס 500גר,קבוצת אוסם סחר שותפות מוגבלת,IL,פתיתים אפויים,גרמים,500.00,100 גרם,false,0,6.90,1.38,true,1,
7290000060217,false,פסטה מקרוני מספר 7 אסם (500 גרם),קבוצת אוסם סחר שותפות מוגבלת,IT,פסטה מקרוני 7,גרמים,500.00,100 גרם,false,0,5.70,1.14,true,1,
7290000060248,false,פסטה אסם פתיתים תלתלים 500 גר',קבוצת אוסם סחר שותפות מוגבלת,IT,פסטה תלתלים,גרמים,500.00,100 גרם,false,0,5.70,1.14,true,1,
7290000060316,false,פרפקטו ספגטי מס' 8 אסם 500 גרם,קבוצת אוסם סחר שותפות מוגבלת,IT,ספגטי פרפקטו,גרמים,500.00,100 גרם,false,0,6.90,1.38,true,1,
7290000060323,false,פסטה פרפקטו ספגטיני (2) 500 גרם,קבוצת אוסם סחר-שות.מוגבלת,IT,ספגטיני פרפקטו,גרמים,500.00,100 גרם,false,0,6.90,1.38,true,1,
7290000060408,false,פסטה אסם פתיתים אפויים טבעות 500 גר,קבוצת אוסם סחר שותפות מוגבלת,IL,פתיתים טבעות,גרמים,500.00,100 גרם,false,0,6.90,1.38,true,1,
7290000060415,false,"פסטה פרפקטו לאזניה 500 ג' ""אסם""",קבוצת אוסם סחר שותפות מוגבלת,IT,לזניה פרפקטו,גרמים,500.00,100 גרם,false,0,14.40,2.88,true,1,
7290000060491,false,פסטה פרפקטו קיפרי ריגאטי 500 ג' אסם,קריות זול,IT,פסטה קיפרי ריגטי,גרמים,500.00,100 גרם,false,0,6.90,1.38,true,1,
7290000060538,false,פסטה פרפקטו ניוקי 500 ג' אסם,פסטה זארה,IT,פרפקטו צדפים,גרמים,500.00,100 גרם,false,0,6.90,1.38,true,1,
7290000060576,false,פתיתים אפויים כוכבים אסם (500 גרם),קבוצת אוסם סחר שותפות מוגבלת,IL,פתיתים אפויים,גרמים,500.00,100 גרם,false,0,6.90,1.38,true,1,
7290000060781,false,פרומנטי פתיתים מסולסלים אוסם,קבוצת אוסם סחר שותפות מוגבלת,IT,פסטה מסולסלת,גרמים,500.00,100 גרם,false,0,5.70,1.14,true,1,
7290000060828,false,פסטה קרניים בינוניות אסם (500 גרם),קבוצת אוסם סחר שותפות מוגבלת,IT,פסטה קרניים,גרמים,500.00,100 גרם,false,0,5.70,1.14,true,1,
7290000060842,false,פסטה אסם פתיתים צדפים גדולים 500גר,קבוצת אוסם סחר שותפות מוגבלת,IT,פסטה צדפים אסם,גרמים,500.00,100 גרם,false,0,5.70,1.14,true,1,
7290000060859,false,פסטה אסם פתיתים צדפים קטנים 500גר,קבוצת אוסם סחר-שות.מוגבלת,IT,פסטה צדפים,גרמים,500.00,100 גרם,false,0,5.70,1.14,true,1,
7290000060880,false,פסטה ספגטי מספר 8 אסם 500 גרם,קבוצת אוסם סחר שותפות מוגבלת,IT,ספגטי מס' 8,גרמים,500.00,100 גרם,false,0,5.70,1.14,true,1,
7290000060903,false,פסטה אסם פתיתים אפויים אורז 500גר,קבוצת אוסם סחר שותפות מוגבלת,IL,פתיתים אפויים,גרמים,500.00,100 גרם,false,0,6.90,1.38,true,1,
7290000060958,false,אטריות מובחרות בינוניות אסם (400 גרם),קבוצת אוסם סחר שותפות מוגבלת,IL,אטריות בינוניות,גרמים,400.00,100 גרם,false,0,6.90,1.73,true,1,
7290000060965,false,פסטה אסם אטריות רחבות 400גר,קבוצת אוסם סחר שותפות מוגבלת,IL,אטריות רחבות,גרמים,400.00,100 גרם,false,0,6.90,1.73,true,1,
7290000061061,false,קרקר חיטה עם בצל אסם,קבוצת אוסם סחר שותפות מוגבלת,IL,קרקר בטעם בצל,גרמים,250.00,100 גרם,false,0,9.90,3.96,true,1,
7290000061085,false,"רוטב צילי מתוק 290 מ""ל-בקבוק",קבוצת אוסם סחר שותפות מוגבלת,IL,רוטב צ'ילי אסם,מיליליטרים,290.00,"100 מ""ל",false,0,9.90,3.41,true,1,
7290000061108,false,"רוטב טריאקי 290 מ""ל-בקבוק",קבוצת אוסם סחר שותפות מוגבלת,IL,רוטב טריאקי,מיליליטרים,290.00,"100 מ""ל",false,0,9.90,3.41,true,1,
7290000061214,false,פתיתים אפויים קוסקוס עם בצל אסם 500 גרם,קבוצת אסם סחר שות. מוגבלת,IL,פתיתים אפויים,גרמים,500.00,100 גרם,false,0,6.90,1.38,true,1,
7290000061283,false,שקדי מרק פלוס 25% תוספת אסם (500 גרם),קבוצת אוסם סחר-שות.מוגבלת,IL,שקדי מרק,גרמים,500.00,100 גרם,false,0,10.00,2.00,true,1,
7290000061764,false,קפה נמס מגורען רד מאג 200 גרם,קבוצת אוסם סחר שותפות מוגבלת,ES,נסקפה רד מאג,גרמים,200.00,100 גרם,false,0,21.90,10.95,true,1,
7290000062129,false,אינסטנט פודינג בטעם וניל אסם (1 קג),קבוצת אוסם סחר שותפות מוגבלת,IL,אינסטנט פודינג,קילוגרמים,1.00,"ק""ג",false,0,25.70,25.70,true,1,
7290000062242,false,דובנים שמנת בצל 40 ג' אסם,"אסם השקעות בע""\מ",IL,דובונים שמנת בצל,גרמים,40.00,100 גרם,false,0,4.30,10.75,true,1,
7290000062709,false,לחמית שיפון אריזת חס,אסם,IL,קרקר לחמית שיפון,גרמים,920.00,100 גרם,false,0,22.90,2.49,true,1,
7290000062952,false,אוסם - מיני קרוטונים למרק ולסלט 250 גרם,קבוצת אוסם סחר שותפות מוגבלת,IL,מיני קרוטונים,גרמים,250.00,100 גרם,false,0,13.90,5.56,true,1,
7290000063027,false,"לחמית ללא גלוטן 1 ק""ג",אסם,IL,לחמית ללא גלוטן,קילוגרמים,1.00,"ק""ג",false,0,29.90,29.90,true,1,
7290000063096,false,קטשופ בקב.לחיץ 750*2 גרם,"אסם השקעות בע""\מ",IL,קטשופ זוג,קילוגרמים,1.50,"ק""ג",false,0,19.90,13.27,true,1,
7290000063102,false,קמח עוגה תופח מאליו אסם 350 גרם,קבוצת אוסם סחר שותפות מוגבלת,IL,קמח תופח מאליו,גרמים,350.00,100 גרם,false,0,4.90,1.40,true,1,
7290000063157,false,"קמח עוגה תופח מאליו אסם 1 ק""ג",קבוצת אוסם סחר שותפות מוגבלת,IL,קמח תופח מאליו,קילוגרמים,1.00,"ק""ג",false,0,8.90,8.90,true,1,
7290000063294,false,סירופ ויטמינצ'יק ענבים2ל,בית השיטה עסיס תעשיו,IL,ויטמינצ'יק ענבים,ליטרים,2.00,ליטר,false,0,23.90,11.95,true,1,
7290000063300,false,סירופ ויטמינצ'יק פטל 2ל',בית-השיטה עסיס תעשיות מז,IL,ויטמינצ'יק פטל,ליטרים,2.00,ליטר,false,0,23.90,11.95,true,1,
7290000064321,false,תבשיל מגדרה אורז ועד,מיוצר עי קונדיטוריית,IL,תבשיל מג'דרה,גרמים,145.00,100 גרם,false,0,8.90,6.14,true,1,
7290000064758,false,קוסקוס בינוני אמיתי אסם 350 ג',קבוצת אוסם סחר שותפות מוגבלת,IL,קוסקוס בינוני,גרמים,350.00,100 גרם,false,0,8.50,2.43,true,1,
7290000064871,false,"אוסם - מנה חמה פירה תפו""א עם בצל 56 גרם",קבוצת אוסם סחר שותפות מוגבלת,IL,מנה חמה פירה,גרמים,56.00,100 גרם,false,0,5.90,10.54,true,1,
7290000065090,false,מיני קרוטונים מתובלים למרק ולסלט אסם 400 גרם,קבוצת אוסם סחר שותפות מוגבלת,IL,מיני קרוטונים,גרמים,400.00,100 גרם,false,0,22.80,5.70,true,1,
7290000065335,false,אוסם - מנה חמה פירה עם ירקות 55 גרם,קבוצת אוסם סחר שותפות מוגבלת,IL,מנה חמה פירה,גרמים,55.00,100 גרם,false,0,5.90,10.73,true,1,
7290000065557,false,אוסם - מנה חמה קוסקוס עם ירקות 84 גרם,קבוצת אוסם סחר שותפות מוגבלת,IL,מנה חמה קוסקוס,גרמים,84.00,100 גרם,false,0,5.90,7.02,true,1,
7290000065663,false,"רוטב לסלט קיסר 290 מ""ל",אסם,IL,רוטב לסלט,מיליליטרים,290.00,"100 מ""ל",false,0,10.90,3.76,true,1,
7290000065717,false,סירופ ויטמינצ'יק פטל 1ל',בית-השיטה עסיס תעשיות מז,IL,ויטמינצ'יק פטל,ליטרים,1.00,ליטר,false,0,12.90,12.90,true,1,
7290000065724,false,סירופ לימון ויטמינצ`יק (1 ליטר),קבוצת אסם סחר שות. מוגבלת,IL,ויטמינצ'יק לימון,ליטרים,1.00,ליטר,false,0,12.90,12.90,true,1,
7290000065748,false,סירופ ויטמינצ'יק אננס 1ל,בית-השיטה עסיס תעשיות מז,IL,ויטמינצ'יק אננס,ליטרים,1.00,ליטר,false,0,12.90,12.90,true,1,
7290000065977,false,אסם חטיפי פריכונים תירס שומשום 80 גרם,קבוצת אוסם סחר שותפות מוגבלת,IL,פריכונים תירס,גרמים,80.00,100 גרם,false,0,7.90,9.88,true,1,
7290000066134,false,ביסלי חטיף בטעם פלאפל אסם (70 גרם),קבוצת אוסם סחר שותפות מוגבלת,IL,ביסלי פלאפל,גרמים,70.00,100 גרם,false,0,4.20,6.00,true,1,
7290000066141,false,ביסלי חטיף בטעם גריל אסם (70 גרם),קבוצת אוסם סחר שותפות מוגבלת,IL,ביסלי גריל,גרמים,70.00,100 גרם,false,0,4.20,6.00,true,1,
7290000066158,false,ביסלי בטעם בצל אסם 7,מיוצר עי קונדיטוריית,IL,ביסלי בטעם בצל,גרמים,67.00,100 גרם,false,0,4.20,6.27,true,1,
7290000066165,false,ביסלי טעם ברביקיו 70,מיוצר עי קונדיטוריית,IL,ביסלי ברביקיו,גרמים,67.00,100 גרם,false,0,4.20,6.27,true,1,
7290000066172,false,ביסלי חטיף בטעם פיצה אסם (70 גרם),קבוצת אוסם סחר-שות.מוגבלת,IL,ביסלי פיצה,גרמים,70.00,100 גרם,false,0,4.20,6.00,true,1,
7290000066189,false,ביסלי חטיף בטעם פלאפל אסם (200 גרם),קבוצת אוסם סחר שותפות מוגבלת,IL,ביסלי פלאפל,גרמים,200.00,100 גרם,false,0,7.50,3.75,true,1,
7290000066196,false,ביסלי חטיף בטעם גריל אסם (200 גרם),קבוצת אוסם סחר שותפות מוגבלת,IL,ביסלי גריל,גרמים,200.00,100 גרם,false,0,7.50,3.75,true,1,
7290000066202,false,ביסלי ג.ט.בצל 190 גר,מיוצר עי קונדיטוריית,IL,ביסלי בטעם בצל,גרמים,190.00,100 גרם,false,0,7.50,3.95,true,1,
7290000066219,false,ביסלי גדול בטעם ברבי,מיוצר עי קונדיטוריית,IL,ביסלי ברביקיו,גרמים,190.00,100 גרם,false,0,7.50,3.95,true,1,
7290000066226,false,ביסלי חטיף בטעם פיצה אסם (200 גרם),קבוצת אוסם סחר שותפות מוגבלת,IL,ביסלי בטעם פיצה,גרמים,200.00,100 גרם,false,0,7.50,3.75,true,1,
7290000066264,false,דובונים חטיף תפוחי אדמה אסם (40 גרם),קבוצת אוסם סחר שותפות מוגבלת,IL,חטיפי דובונים,גרמים,40.00,100 גרם,false,0,4.30,10.75,true,1,
7290000066295,false,אסם במבה תות מחומרים טבעיים 30גר,קבוצת אוסם סחר שותפות מוגבלת,IL,במבה מתוקה,גרמים,30.00,100 גרם,false,0,2.80,9.33,true,1,
7290000066318,false,במבה חטיף בוטנים אסם 80 גרם,קבוצת אוסם סחר שותפות מוגבלת,IL,במבה,גרמים,80.00,100 גרם,false,0,4.50,5.63,true,1,
7290000066332,false,אפרופו חטיף תירס אסם (50 גרם),קבוצת אוסם סחר שותפות מוגבלת,IL,חטיף אפרופו,גרמים,50.00,100 גרם,false,0,5.30,10.60,true,1,
7290000066349,false,אפרופו חטיף תירס אסם (100 גרם),קבוצת אוסם סחר-שות.מוגבלת,IL,אפרופו חטיף תירס,גרמים,100.00,100 גרם,false,0,8.90,8.90,true,1,
7290000066431,false,פופקו חטיף פופקורן בטעם חמאה ודבש אסם 80 גרם,קבוצת אוסם סחר שותפות מוגבלת,IL,חטיף פופקו,גרמים,80.00,100 גרם,false,0,5.40,6.75,true,1,
7290000066943,false,סירופ ענבים ויטמינצ`יק (1 ליטר),קבוצת אסם סחר שות. מוגבלת,IL,ויטמינצ'יק ענבים,ליטרים,1.00,ליטר,false,0,12.90,12.90,true,1,
7290000066950,false,"ויטמינצ'יק סירופ תפו""ע1ל",בית-השיטה עסיס תעשיות מז,IL,"ויטמינצ'יק תפו""ע",ליטרים,1.00,ליטר,false,0,12.90,12.90,true,1,
7290000067070,false,עוג.מיני ממולא.שוקולד300,קבוצת אסם סחר שות. מוגבלת,IL,עוגיות ממולאות,גרמים,300.00,100 גרם,false,0,10.90,3.63,true,1,
7290000067544,false,פירורית זהב פירורי לחם אסם 200 גרם,קבוצת אוסם סחר שותפות מוגבלת,IL,פירורית זהב,גרמים,200.00,100 גרם,false,0,6.40,3.20,true,1,
7290000067599,false,מנה חמה ספגטי ברוטב בולונז אסם 65 גרם,קבוצת אוסם סחר שותפות מוגבלת,IL,מנה חמה בולונז,גרמים,65.00,100 גרם,false,0,5.90,9.08,true,1,
7290000067735,false,פרפקטו ניוקי בצקיות תפוחי אדמה 500 ג' אסם,קבוצת אוסם סחר שותפות מוגבלת,IT,ניוקי פרפקטו,גרמים,500.00,100 גרם,false,0,11.90,2.38,true,1,
7290000068138,false,אינסטנט פודינג בטעם וניל אסם 80 גרם,קבוצת אוסם סחר שותפות מוגבלת,IL,אינסטנט פודינג,גרמים,80.00,100 גרם,false,0,5.50,6.88,true,1,
7290000068169,false,אינסטנט פודינג שוקולד95ג,"אסם השקעות בע""מ",IL,אינסטנט פודינג,גרמים,95.00,100 גרם,false,0,5.50,5.79,true,1,
7290000068190,false,אסם ג'לי תות שדה צבעים טבעיים 90 גרם,קבוצת אוסם סחר שותפות מוגבלת,IL,ג'לי בטעם תות,גרמים,90.00,100 גרם,false,0,6.40,7.11,true,1,
7290000068237,false,אבקה להכנת ג`לי בטעם פטל אסם (85 גרם),קבוצת אוסם סחר שותפות מוגבלת,IL,ג'לי בטעם פטל,גרמים,85.00,100 גרם,false,0,6.40,7.53,true,1,
7290000068251,false,אבקה להכנת ג'לי בטעם אננס אסם 85 גרם,קבוצת אוסם סחר שותפות מוגבלת,IL,ג'לי בטעם אננס,גרמים,85.00,100 גרם,false,0,6.40,7.53,true,1,
7290000068343,false,אוסם - פירכונים מאורז מלא 140 גרם,קבוצת אוסם סחר שותפות מוגבלת,IL,פריכונים מאורז,גרמים,140.00,100 גרם,false,0,7.20,5.14,true,1,
7290000068701,false,אסם שקדי מרק רכיבים טבע.מיכל 400 גרם,קבוצת אוסם סחר שותפות מוגבלת,IL,שקדי מרק במיכל,גרמים,400.00,100 גרם,false,0,16.30,4.08,true,1,
7290000068770,false,במבה יום הולדת חטיף בוטנים אסם 80 גרם,קבוצת אוסם סחר שותפות מוגבלת,IL,במבה יום הולדת,גרמים,80.00,100 גרם,false,0,4.50,5.63,true,1,
7290000068787,false,במבה יום הולדת חטיף בוטנים אסם 25 גרם,קבוצת אוסם סחר שותפות מוגבלת,IL,במבה יום הולדת,גרמים,25.00,100 גרם,false,0,2.20,8.80,true,1,
7290000068893,false,אסם מארז במבה נוגט רביעייה,"אסם השקעות בע""\מ",IL,במבה נוגט 4 יח',גרמים,240.00,100 גרם,false,0,17.00,7.08,true,1,
7290000069258,false,פסטה פרפקטו פנה ריגאטה 500 ג' אסם,קבוצת אוסם סחר-שות.מוגבלת,IT,פנה ריגאטה,גרמים,500.00,100 גרם,false,0,6.90,1.38,true,1,
7290000069364,false,פריכונים מאורז מלא ללא תוספת סוכר אסם 140 גרם,קבוצת אוסם סחר שותפות מוגבלת,IL,פריכונים מאורז,גרמים,140.00,100 גרם,false,0,7.20,5.14,true,1,
7290000069739,false,אוסם - חטיפי קרקר שומשום 300 גרם,מיוצר עי קונדיטוריית,IL,חטיפי קרקר,גרמים,300.00,100 גרם,false,0,11.50,3.83,true,1,
7290000070322,false,אבקת מרק פטריות רכיבים טבעיים אסם 400 גרם,קבוצת אוסם סחר שותפות מוגבלת,IL,מרק פטריות אסם,גרמים,400.00,100 גרם,false,0,25.60,6.40,true,1,
7290000070353,false,אבקת מרק בצל רכיבים טבעיים אסם 400 גרם,קבוצת אוסם סחר שותפות מוגבלת,IL,מרק בצל אסם,גרמים,400.00,100 גרם,false,0,25.60,6.40,true,1,
7290000071008,false,בייגלה שטוחים טבעות עם מלח אסם (60 גרם),קבוצת אוסם סחר שותפות מוגבלת,IL,בייגלה שטוחים,גרמים,60.00,100 גרם,false,0,3.10,5.17,true,1,
7290000072203,false,רוטב אלף האיים אסם 290מל,אסם,IL,רוטב אלף האיים,מיליליטרים,290.00,"100 מ""ל",false,0,10.90,3.76,true,1,
7290000072227,false,רוטב סויה בסגנון סיני אסם (290 מל),קבוצת אוסם סחר-שות.מוגבלת,IL,רוטב סויה,מיליליטרים,290.00,"100 מ""ל",false,0,9.90,3.41,true,1,
7290000072241,false,"רוטב פיצה 290 מ""ל-בקבוק",קבוצת אוסם סחר שותפות מוגבלת,IL,רוטב לפיצה אסם,מיליליטרים,290.00,"100 מ""ל",false,0,9.90,3.41,true,1,
7290000072593,false,לחמית חיטה מלאה דבש200גר,אסם,IL,לחמית ח.מלאה דבש,גרמים,200.00,100 גרם,false,0,9.50,4.75,true,1,
7290000072623,false,קטשופ אסם בקבוק לחיץ 750 גרם,קבוצת אוסם סחר שותפות מוגבלת,IL,קטשופ בקבוק לחיץ,גרמים,750.00,100 גרם,false,0,10.00,1.33,true,1,
7290000072630,false,קטשופ אסם חריף 750 גרם-בקבוק,קבוצת אוסם סחר שותפות מוגבלת,IL,קטשופ חריף,גרמים,750.00,100 גרם,false,0,13.80,1.84,true,1,
7290000072753,false,קפה נמס מגורען טסטרס צ'ויס 200 גרם-,קבוצת אוסם סחר שותפות מוגבלת,KR,נסקפה טסטרס צויס,גרמים,200.00,100 גרם,false,0,34.90,17.45,true,1,
7290000072777,false,קפה נמס מגורען נטול קפאין טסטרס צ'ויס 200 גרם,קבוצת אוסם סחר שותפות מוגבלת,KR,קפה טסטרס צויס,גרמים,200.00,100 גרם,false,0,38.90,19.45,true,1,
7290000072784,false,קפה טייסטר צויס נטול קופאין 100 גר',קבוצת אוסם סחר שותפות מוגבלת,KR,קפה טסטרס צויס,גרמים,100.00,100 גרם,false,0,29.60,29.60,true,1,
7290000072814,false,נסקפה גולד אספרסו 200ג,נסטלה,FR,נסקפה גולד,גרמים,200.00,100 גרם,false,0,45.90,22.95,true,1,
7290000072890,false,רוטב אלף האיים 2% 290מ,אסם,IL,רוטב אלף האיים,מיליליטרים,290.00,"100 מ""ל",false,0,10.90,3.76,true,1,
7290000072913,false,"רוטב שום 2% שומן 290 מ""ל",אסם,IL,רוטב שום לייט,מיליליטרים,290.00,"100 מ""ל",false,0,10.90,3.76,true,1,
7290000072968,false,דגני בוקר סיני מיניס חיטה מלאה וקינמון נסטלה 500 גרם,קבוצת אוסם סחר-שות.מוגבלת,PL,דגני נסטלה,גרמים,500.00,100 גרם,false,0,18.90,3.78,true,1,
7290000073125,false,מנה חמה פסטה ברוטב עגבניות אסם (62 גרם),קבוצת אוסם סחר שותפות מוגבלת,IL,מנה חמה פסטה,גרמים,62.00,100 גרם,false,0,5.90,9.52,true,1,
7290000073415,false,אוסם - מנה חמה פסטה ברוטב פיצה 61 גרם,קבוצת אוסם סחר שותפות מוגבלת,IL,מנה חמה פסטה,גרמים,61.00,100 גרם,false,0,5.90,9.67,true,1,
7290000073699,false,סלט חומוס צבר 150 גרם,קבוצת אוסם סחר שותפות מוגבלת,IL,סלט חומוס צבר,גרמים,150.00,100 גרם,false,0,4.90,3.27,true,1,
7290000073750,false,מנה חמה נודלס אטר+ירקות טעם עוף 70 גרם,קבוצת אוסם סחר שותפות מוגבלת,TH,מנה חמה נודלס,גרמים,70.00,100 גרם,false,0,6.90,9.86,true,1,
7290000073767,false,מנה חמה נודלס אטר.+ירקות טעם בקר 70 גרם,קבוצת אוסם סחר שותפות מוגבלת,TH,מנה חמה נודלס,גרמים,70.00,100 גרם,false,0,6.90,9.86,true,1,
7290000073835,false,צ'יפסי 4 * 50 גרם,אסם,IL,צ'יפסי 4 יחידות,גרמים,200.00,100 גרם,false,0,11.40,5.70,true,1,
7290000073972,false,סלט טחינה צבר 150 גרם,צבר,IL,סלט טחינה צבר,גרמים,150.00,100 גרם,false,0,5.60,3.73,true,1,
7290000074153,false,ביסקוויט פתי בר שוקולד אסם (500 גרם),קבוצת אוסם סחר שותפות מוגבלת,IL,פתי בר שוקו,גרמים,500.00,100 גרם,false,0,13.90,2.78,true,1,
7290000074184,false,ביסקוויט פתי בר אסם (500 גרם),קבוצת אוסם סחר שותפות מוגבלת,IL,ביסקוויט פתי בר,גרמים,500.00,100 גרם,false,0,10.90,2.18,true,1,
7290000074245,false,אוסם - קרם קרקר אסם 250 גרם,קבוצת אוסם סחר שותפות מוגבלת,IL,קרם קרקר אסם,גרמים,250.00,100 גרם,false,0,9.80,3.92,true,1,
7290000074252,false,אסם קרקר שומשום 250 גרם,קבוצת אוסם סחר שותפות מוגבלת,IL,קרקר שומשום אסם,גרמים,250.00,100 גרם,false,0,9.90,3.96,true,1,
7290000074276,false,קרקר פיקנטי טבעון 250 ג' אסם,קבוצת אוסם סחר שותפות מוגבלת,IL,קרקר פיקנטי אסם,גרמים,250.00,100 גרם,false,0,9.90,3.96,true,1,
7290000074290,false,לחמית סובין חיטה אסם 230ג',"אסם השקעות בע""מ",IL,לחמית אסם,גרמים,230.00,100 גרם,false,0,9.50,4.13,true,1,
7290000074337,false,לחמית ח.מלאה דל נתרן250ג,אסם,IL,לחמית דל נתרן,גרמים,250.00,100 גרם,false,0,9.50,3.80,true,1,
7290000074375,false,אוסם - קרקר זהב 150 גרם,קבוצת אוסם סחר שותפות מוגבלת,IL,קרקר זהב אסם,גרמים,150.00,100 גרם,false,0,7.50,5.00,true,1,
7290000074481,false,קרקר לחמית אגוזים אסם (160 גרם),קבוצת אסם סחר שות. מוגבלת,IL,לחמית אגוזים,גרמים,160.00,100 גרם,false,0,9.50,5.94,true,1,
7290000074641,false,סלט כרוב אדום צבר 140 גר,צבר,IL,כרוב אדום צבר,גרמים,140.00,100 גרם,false,0,5.40,3.86,true,1,
7290000074696,false,"קרם קרקר 1 ק""ג אוסם",קבוצת אוסם סחר שותפות מוגבלת,IL,קרם קרקר,קילוגרמים,1.00,"ק""ג",false,0,28.90,28.90,true,1,
7290000074740,false,לחמית חיטה מלאה משופ,אסם,IL,לחמית חיטה מלאה,קילוגרמים,1.00,"ק""ג",false,0,22.90,22.90,true,1,
7290000074764,false,קרקר הזהב אסם 900 גרם,קבוצת אוסם סחר שותפות מוגבלת,IL,קרקר זהב אסם,גרמים,900.00,100 גרם,false,0,28.90,3.21,true,1,
7290000075143,false,אסם עוגיות שוקוצ'יפס קלאסי 200 גרם,מיוצר עי קונדיטוריית,IL,עוגיות שוקוצ'יפס,גרמים,200.00,100 גרם,false,0,10.80,5.40,true,1,
7290000075204,false,קרקר לחמית חיטה מלאה אסם (250 גרם),קבוצת אוסם סחר שותפות מוגבלת,IL,לחמית חיטה מלאה,גרמים,250.00,100 גרם,false,0,9.50,3.80,true,1,
7290000075693,false,עוגת הבית שמרים בריוש שוקולד אסם 360 גרם,קבוצת אסם סחר שות. מוגבלת,IL,עוגת בריוש,גרמים,360.00,100 גרם,false,0,17.30,4.81,true,1,
7290000076133,false,בייגלה שמיניות קטנות עם מלח אסם 400 גרם,קבוצת אוסם סחר שותפות מוגבלת,IL,בייגלה שמיניות,גרמים,400.00,100 גרם,false,0,9.90,2.48,true,1,
7290000076157,false,נסקוויק אבקה להכ.שוקו450,אסם,IL,נסקוויק שוקו,גרמים,450.00,100 גרם,false,0,13.90,3.09,true,1,
7290000076645,false,טוסטעים פת קלויה חיטה מלאה אסם 100 גרם,קבוצת אסם סחר שות. מוגבלת,NL,טוסטעיםחיטה מלאה,גרמים,100.00,100 גרם,false,0,10.50,10.50,true,1,
7290000076775,false,מאגדת לייט יוגורט חמוציו,נסטלה,IL,מאגדת לייט יוגור,גרמים,258.00,100 גרם,false,0,24.90,9.65,true,1,
7290000077017,false,עוגיות קרמוגית במילוי קרם שוקולד אסם 200 גרם,קבוצת אוסם סחר שותפות מוגבלת,IL,קרמוגית שוקולד,גרמים,200.00,100 גרם,false,0,10.90,5.45,true,1,
7290000077253,false,אוסם - לחמית כפרית עם דגנים מלאים 190 גרם,קבוצת אסם סחר שות. מוגבלת,IL,לחמית כפרית,גרמים,190.00,100 גרם,false,0,9.50,5.00,true,1,
7290000077925,false,אסם טוסטים צנימים עגולים חטה.מלא 125 גרם,קבוצת אסם סחר שות. מוגבלת,NL,טוסטעים צנימים,גרמים,125.00,100 גרם,false,0,10.50,8.40,true,1,
7290000078212,false,קרוטונים מתובלים למרק אסם (250 גרם),קבוצת אוסם סחר שותפות מוגבלת,IL,קרוטונים מתובל,גרמים,250.00,100 גרם,false,0,13.90,5.56,true,1,
7290000078762,false,אוסם - חטיפי פריכונים מאורז מלא בטעם דבש 80גר,קבוצת אוסם סחר-שות.מוגבלת,BE,חטיפי פריכונים,גרמים,80.00,100 גרם,false,0,7.90,9.88,true,1,
7290000079233,false,קרם קרקר דיאטטי דל נתרן 250 גרם,קבוצת אוסם סחר שותפות מוגבלת,IL,קרם קרקר דיאט,גרמים,250.00,100 גרם,false,0,9.90,3.96,true,1,
7290000080512,false,"סלט תפו""א ר.כהן כשל""פ400",צבר,IL,"סלט תפו""א",גרמים,400.00,100 גרם,false,0,15.90,3.98,true,1,
7290000080536,false,חציל טעם כבד רפי כהן 400 גר`,קבוצת אסם סחר,IL,חציל טעם כבד תבר,גרמים,400.00,100 גרם,false,0,15.90,3.98,true,1,
7290000080758,false,פת קלויה טוסטעים אסם (100 גרם),קבוצת אוסם סחר שותפות מוגבלת,NL,טוסטעים פת קלוי,גרמים,100.00,100 גרם,false,0,10.50,10.50,true,1,
7290000080765,false,פת קלויה טוסטעים עם שומשום אסם (100 גרם),קבוצת אוסם סחר שותפות מוגבלת,NL,טוסטעים +שומשו,גרמים,100.00,100 גרם,false,0,10.50,10.50,true,1,
7290000081168,false,חטיף צ'יפסי מלוח 50 גרם,אסם,IL,חטיף צ'יפסי,גרמים,50.00,100 גרם,false,0,3.40,6.80,true,1,
7290000081663,false,"בייגלה טבעות שומשום אסם 300 גרם בד""ץ",קבוצת אוסם סחר שותפות מוגבלת,IL,בייגלה טבעות,גרמים,300.00,100 גרם,false,0,9.90,3.30,true,1,
7290000090030,true,מאפה נפולאון מחיר לפי מש,גידרון,IL,מאפה נפוליאון,קילוגרמים,0.00,"ק""ג",true,0,35.00,35.00,true,1,
7290000090603,true,פוקצה עם ירקות קפוא,גידרון,IL,פוקצה עם ירקות,יחידה,1.00,יחידה,false,0,7.90,7.90,true,1,
7290000090627,true,לחמניה מתוקה,גידרון,IL,לחמניה מתוקה,יחידה,1.00,יחידה,false,0,2.00,2.00,true,1,
7290000090832,true,בייגל אמריקאי רגיל,גידרון,IL,בייגל אמריקאי,יחידה,1.00,יחידה,false,0,3.90,3.90,true,1,
7290000091808,true,בייגל שמינייה,גידרון,IL,בייגל שמינייה,יחידה,1.00,יחידה,false,0,3.90,3.90,true,1,
7290000092201,true,כיס גבינה וצימוקים,גידרון,IL,מאפה כיס גבינה,קילוגרמים,0.00,"ק""ג",true,0,35.00,35.00,true,1,
7290000092218,true,"כיס תפו""ע מחיר לפי משקל",גידרון,IL,"מאפה כיס תפו""ע",קילוגרמים,0.00,"ק""ג",true,0,35.00,35.00,true,1,
7290000092614,true,טורקי פטריות במשקל,גידרון,IL,טורקי פטריות,קילוגרמים,0.00,"ק""ג",true,0,35.00,35.00,true,1,
7290000093031,true,לחם ג'בטה,גידרון,IL,לחם ג'בטה,יחידה,1.00,יחידה,false,0,6.30,6.30,true,1,
7290000094083,true,לחמניה גידרול,גידרון,IL,לחמניה גידרול,יחידה,1.00,יחידה,false,0,4.50,4.50,true,1,
7290000094199,true,לחם חצי ג'בטה,גידרון,IL,חצי ג'בטה לבן,יחידה,1.00,יחידה,false,0,3.90,3.90,true,1,
7290000095486,true,"פילו תפו""ע פרימיום לקג",גידרון,IL,"פילו תפו""ע",קילוגרמים,0.00,"ק""ג",true,0,49.00,49.00,true,1,
7290000096018,true,שנייק קינמון במשקל,גידרון,IL,שנייק קינמון,קילוגרמים,0.00,"ק""ג",true,0,35.00,35.00,true,1,
7290000096032,true,חצי בגט,גידרון,IL,חצי בגט,יחידה,1.00,יחידה,false,0,2.90,2.90,true,1,
7290000096414,true,מארז 6 סופגניות גדולות .,גידרון,IL,סופגניות שישיה,יחידה,1.00,יחידה,false,6,18.00,18.00,true,1,
7290000096520,true,"בורקס טורקי תפו""א במשקל",גידרון,IL,בורקס טורקי תפ,קילוגרמים,0.00,"ק""ג",true,0,35.00,35.00,true,1,
7290000096919,true,טורקי גבינה במשקל,גידרון,IL,טורקי גבינה,קילוגרמים,0.00,"ק""ג",true,0,35.00,35.00,true,1,
7290000096926,true,שנייק פיצה חלבי במשקל,גידרון,IL,שנייק פיצה,קילוגרמים,0.00,"ק""ג",true,0,35.00,35.00,true,1,
7290000097237,true,בגט 280 גרם,גידרון,IL,בגט גדרון,יחידה,1.00,יחידה,false,0,4.20,4.20,true,1,
7290000097282,true,קרואסון שוקולד 1 יח,גידרון,IL,קרואסון שוקולד,יחידה,1.00,יחידה,false,0,6.00,6.00,true,1,
7290000097596,true,לחמנית 1/3 באגט,גידרון,IL,לחמנית בגט,יחידה,1.00,יחידה,false,0,2.70,2.70,true,1,
7290000097633,true,לחמניית קשר,גידרון,IL,לחמניית קשר,יחידה,1.00,יחידה,false,0,2.90,2.90,true,1,
7290000097657,true,לחמניית חלה,גידרון,IL,לחמניית חלה,יחידה,1.00,יחידה,false,0,3.90,3.90,true,1,
7290000098289,true,בייגלה,גידרון,IL,בייגלה,יחידה,1.00,יחידה,false,0,3.90,3.90,true,1,
7290000098296,true,לחמניית אצבע,גידרון,IL,לחמניית אצבע,יחידה,1.00,יחידה,false,0,2.00,2.00,true,1,
7290000099248,true,בורקס גבינה חלבי במשקל,גידרון,IL,בורקס גבינה,קילוגרמים,0.00,"ק""ג",true,0,35.00,35.00,true,1,
7290000099255,true,בורקס תפוח אדמה מחיר לקג,גידרון,IL,"בורקס תפו""א",קילוגרמים,0.00,"ק""ג",true,0,35.00,35.00,true,1,
7290000099385,true,גביניות חלבי במשקל,גידרון,IL,גביניות,קילוגרמים,0.00,"ק""ג",true,0,35.00,35.00,true,1,
7290000099392,true,מאפה פרג במשקל,גידרון,IL,מאפה פרג,קילוגרמים,0.00,"ק""ג",true,0,35.00,35.00,true,1,
7290000099415,true,רוגלך במשקל,גידרון,IL,רוגלך,קילוגרמים,0.00,"ק""ג",true,0,35.00,35.00,true,1,
7290000099439,true,קרואסון קטן במשקל,גידרון,IL,קרואסונים קטני,קילוגרמים,0.00,"ק""ג",true,0,35.00,35.00,true,1,
7290000099477,true,קרואסון ביס שוקולד במשקל,גידרון,IL,קרואסון שוקולד,קילוגרמים,0.00,"ק""ג",true,0,35.00,35.00,true,1,
7290000099491,true,"מאפה תפו""ע קטן לפי משקל",גידרון,IL,מאפה תפוח-עץ,קילוגרמים,0.00,"ק""ג",true,0,49.00,49.00,true,1,
7290000099873,true,קוקיס שוקולד חלבי במשקל,גידרון,IL,קוקיס שוקולד,קילוגרמים,0.00,"ק""ג",true,0,49.00,49.00,true,1,
7290000099927,true,בורקיטס חלבי במשקל,גידרון,IL,בורקיטס,קילוגרמים,0.00,"ק""ג",true,0,35.00,35.00,true,1,
7290000099941,true,גזר אורגני במשקל,,IL,גזר אורגני,קילוגרמים,0.00,"ק""ג",true,0,9.90,9.90,true,1,
7290000101132,false,לקט קטניות לחמין 800 גר סנפרוסט,"סנפרוסט בע""\מ",IL,לקט קטניות לחמין,גרמים,800.00,100 גרם,false,1,21.90,2.74,true,1,
7290000101149,false,"קלחי תירס מתוק 1ק""ג",תנובה,IL,קלחי תירס מתוק,גרמים,1000.00,100 גרם,false,1,19.90,1.99,true,1,
7290000101194,false,סלק אדום שלם קפוא 800גרם,תנובה,IL,סלק אדום שלם,גרמים,800.00,100 גרם,false,1,22.90,2.86,true,1,
7290000101927,false,אוכמניות כחולות מוקפאות סנפרוסט 300 גרם,תנובה ענף ב.ע.ד,IL,אוכמניות קפואות,גרמים,300.00,100 גרם,false,1,17.90,5.97,true,1,
7290000101934,false,מיקס פירות יער מוקפאים 300 גר סנפרוסט,"איי, בי, אינבוו",IL,מיקס פירות יער,גרמים,300.00,100 גרם,false,1,17.90,5.97,true,1,
7290000101965,false,פטל שחור סנפרוסט קפו,"סנפרוסט בע""מ",IL,פטל שחור קפוא,גרמים,300.00,100 גרם,false,1,17.90,5.97,true,1,
7290000103341,false,מרק עגבניות 644גרם,סנפרוסט,IL,מרק עגבניות,גרמים,644.00,100 גרם,false,0,17.90,2.78,true,1,
7290000103365,false,מרק ירקות עשיר סנפרוסט (550 גרם),תנובה מרכז שיתופי לשיווק תוצרת,IL,מרק ירקות,גרמים,560.00,100 גרם,false,0,17.90,3.20,true,1,
7290000103433,false,"לקט ירקות לתנור 800 גרם ""סנפרוסט""",תנובה מרכז שיתופי לשיווק תוצרת,IL,לקט ירקות לתנור,גרמים,800.00,100 גרם,false,1,22.90,2.86,true,1,
7290000103440,false,גלילי תירס לתנור 800 גרם,סנפרוסט,IL,גלילי תירס לתנור,גרמים,800.00,100 גרם,false,1,18.90,2.36,true,1,
7290000103457,false,מיני כרובית סנפרוסט (600 גרם),"סנפרוסט בע""\מ",IL,מיני כרובית,גרמים,600.00,100 גרם,false,1,17.90,2.98,true,1,
7290000103488,false,"ארטישוק ירושלמי 400 גרם ""סנפרוסט""",תנובה מרכז שיתופי לשיווק תוצרת,IL,ארטישוק י-ם קפוא,גרמים,400.00,100 גרם,false,1,21.90,5.48,true,1,
7290000103730,false,לקט להקפצה עם פסטה פוזילי סנפרוסט 800 גרם,תנובה מרכז שיתופי לשיווק תוצרת,IL,לקט להקפצה,גרמים,800.00,100 גרם,false,0,24.50,3.06,true,1,
7290000103747,false,לקט להקפצה פסטה פנה 800,סנפרוסט,IL,לקט להקפצה,גרמים,800.00,100 גרם,false,0,22.70,2.84,true,1,
7290000103808,false,לקט להקפצה סיני 800גרם,סנפרוסט,IL,לקט להקפצה,גרמים,800.00,100 גרם,false,0,23.70,2.96,true,1,
7290000103815,false,לקט להקפצה בסגנון תאילנדי סנפרוסט 800 גרם,תנובה מרכז שיתופי לשיווק תוצרת,IL,לקט תאילנדי,גרמים,800.00,100 גרם,false,0,24.90,3.11,true,1,
7290000103822,false,ירקות שמלווים עוף סנפרוסט 800ג',תנובה מרכז שיתופי לשיווק תוצרת,IL,לקט לעוף 800גרם,גרמים,800.00,100 גרם,false,0,23.00,2.88,true,1,
7290000103839,false,מרק כתום עשיר בירקות סנפרוסט (572 גרם),תנובה מרכז שיתופי לשיווק תוצרת,IL,מרק כתום,גרמים,572.00,100 גרם,false,0,17.90,3.13,true,1,
7290000103846,false,מרק אפונה עשיר בירקות סנפרוסט (572 גרם),תנובה מרכז שיתופי לשיווק תוצרת,IL,מרק אפונה,גרמים,572.00,100 גרם,false,0,17.90,3.13,true,1,
7290000103860,false,מרק עדשים עשיר בירקות סנפרוסט (572 גרם),תנובה מרכז שיתופי לשיווק תוצרת,IL,מרק עדשים,גרמים,572.00,100 גרם,false,0,17.90,3.13,true,1,
7290000103877,false,מרק שעועית עשיר בירקות סנפרוסט (644 גרם),תנובה מרכז שיתופי לשיווק תוצרת,IL,מרק שעועית,גרמים,644.00,100 גרם,false,0,17.90,2.78,true,1,
7290000104072,false,עדשים ירוקות מבושלות מוקפאות 800 ג' סנפרוסט,תנובה מרכז שיתופי לשיווק תוצרת,IL,עדשים ירוקות,גרמים,800.00,100 גרם,false,0,18.70,2.34,true,1,
7290000104188,false,שעועית אדומה מוקפאת מבושלת מוכנה לאכילה,תנובה מרכז שיתופי לשיווק תוצרת,IL,שעועית אדומה,גרמים,800.00,100 גרם,false,0,18.70,2.34,true,1,
7290000104201,false,אפונה עדינה מוקפאת סנפרוסט (600 גרם),"איי, בי, אינבוו",IL,אפונה עדינה קפוא,גרמים,600.00,100 גרם,false,0,18.50,3.08,true,1,
7290000104218,false,סנפרוסט במיה 600 גרם,תנובה מרכז שיתופי לשיווק תוצרת,IL,במיה מוקפאת,גרמים,600.00,100 גרם,false,0,15.80,2.63,true,1,
7290000104225,false,בצל קצוץ 600 גרם סנפרוסט,"סנפרוסט בע""\מ",IL,בצל קצוץ מוקפא,גרמים,600.00,100 גרם,false,0,17.00,2.83,true,1,
7290000104676,false,אפונה קפואה סנפרוסט 800 גרם,תנובה מרכז שיתופי לשיווק תוצרת,IL,אפונה ירוקה קפוא,גרמים,800.00,100 גרם,false,0,18.90,2.36,true,1,
7290000104683,false,שעועית ירוקה שלמה סנפרוסט (800 גרם),תנובה מרכז שיתופי לשיווק תוצרת,IL,שעועית שלמה-קפוא,גרמים,800.00,100 גרם,false,0,19.90,2.49,true,1,
7290000104690,false,גרעיני תירס מוקפאים סנפרוסט (800 גרם),תנובה מרכז שיתופי לשיווק תוצרת,IL,גרעיני תירס קפוא,גרמים,800.00,100 גרם,false,0,17.90,2.24,true,1,
7290000104706,false,גזר גמדי מוקפא סנפרוסט (800 גרם),תנובה מרכז שיתופי לשיווק תוצרת,IL,גזר גמדי מוקפא,גרמים,800.00,100 גרם,false,0,18.50,2.31,true,1,
7290000104713,false,פול ירוק קפוא סנפורסט 800 גרם,תנובה מרכז שיתופי לשיווק תוצרת,IL,פול ירוק מוקפא,גרמים,800.00,100 גרם,false,0,23.60,2.95,true,1,
7290000104720,false,שעועית ירוקה חתוכה סנפרוסט (800 גרם),תנובה מרכז שיתופי לשיווק תוצרת,IL,שעועית ירוקה,גרמים,800.00,100 גרם,false,0,18.70,2.34,true,1,
7290000104737,false,שעועית צהובה חתוכה סנפרוסט 800 גרם,תנובה מרכז שיתופי לשיווק תוצרת,IL,שעועית צהובה,גרמים,800.00,100 גרם,false,0,19.00,2.38,true,1,
7290000104744,false,כרובית מוקפאת סנפרוסט (800 גרם),תנובה מרכז שיתופי לשיווק תוצרת,IL,כרובית מוקפאת,גרמים,800.00,100 גרם,false,0,24.90,3.11,true,1,
7290000104751,false,"כרוב ניצנים 800 גרם ""סנפרוסט""",תנובה מרכז שיתופי לשיווק תוצרת,IL,כרוב ניצנים קפוא,גרמים,800.00,100 גרם,false,0,24.90,3.11,true,1,
7290000104768,false,עלי תרד סנפרוסט (800 גרם),תנובה מרכז שיתופי לשיווק תוצרת,IL,תרד עלים מוקפא,גרמים,800.00,100 גרם,false,0,25.60,3.20,true,1,
7290000104775,false,מדליוני תרד סנפרוסט (800 גרם),תנובה מרכז שיתופי לשיווק תוצרת,IL,מדליוני תרד קפ,גרמים,800.00,100 גרם,false,0,26.20,3.28,true,1,
7290000104799,false,שעועית לבנה מבושלת סנפרוסט (800 גרם),תנובה מרכז שיתופי לשיווק תוצרת,IL,שעועית לבנה,גרמים,800.00,100 גרם,false,0,19.80,2.48,true,1,
7290000104805,false,גרגירי חומוס מבושלים סנפרוסט 800 גרם,תנובה מרכז שיתופי לשיווק תוצרת,IL,גרגרי חומוס קפוא,גרמים,800.00,100 גרם,false,0,19.70,2.46,true,1,
7290000104829,false,קלחי תירס חתוכים סנפרוסט 1 קילו,תנובה מרכז שיתופי לשיווק תוצרת,IL,קלחוני תירס קפוא,קילוגרמים,1.00,"ק""ג",false,0,19.70,19.70,true,1,
7290000104836,false,שעועית ירוקה עדינה שלמה סנפרוסט 600 גרם,תנובה מרכז שיתופי לשיווק תוצרת,IL,שעועית שלמה קפוא,גרמים,600.00,100 גרם,false,0,23.90,3.98,true,1,
7290000104874,false,לקט מוקפא לקוסקוס סנפרוסט (800 גרם),תנובה מרכז שיתופי לשיווק תוצרת,IL,לקט לקוסקוס קפוא,גרמים,800.00,100 גרם,false,0,23.00,2.88,true,1,
7290000104881,false,לקט אפונה וגזר מוקפאים סנפרוסט (800 גרם),תנובה מרכז שיתופי לשיווק תוצרת,IL,אפונה וגזר קפוא,גרמים,800.00,100 גרם,false,0,15.90,1.99,true,1,
7290000104904,false,לקט ירקות מעורבים סנפורסט 800 גרם,תנובה מרכז שיתופי לשיווק תוצרת,IL,לקט ירקות מעור,גרמים,800.00,100 גרם,false,0,21.70,2.71,true,1,
7290000104911,false,לקט נורמנדי מוקפא סנפרוסט (800 גרם),תנובה מרכז שיתופי לשיווק תוצרת,IL,לקט נורמנדי קפוא,גרמים,800.00,100 גרם,false,0,23.60,2.95,true,1,
7290000106175,false,לקט כפרי מוקפא סנפרוסט (2 קג),"סנפרוסט בע""\מ",IL,לקט כפרי קפוא,קילוגרמים,2.00,"ק""ג",false,0,39.90,19.95,true,1,
7290000107189,false,תחתיות ארטישוק סנפרוסט (400 גרם),תנובה מרכז שיתופי לשיווק תוצרת,IL,תחתיות ארטישוק,גרמים,400.00,100 גרם,false,0,21.90,5.48,true,1,
7290000107295,false,תפרחות ברוקולי סנפרוסט 800 גרם,תנובה מרכז שיתופי לשיווק תוצרת,IL,ברוקולי מוקפא,גרמים,800.00,100 גרם,false,0,26.50,3.31,true,1,
7290000107677,false,שעועית צהובה עדינה שלמה 600 גר`סנפרוסט,תנובה מרכז שיתופי לשיווק תוצרת,IL,שעועית צהובה,גרמים,600.00,100 גרם,false,0,23.80,3.97,true,1,
7290000110035,false,מרגר.בלובנד לבישול 200גר,אתר חיפה מרגרינה,IL,מרגרינה בלובנד,גרמים,200.00,100 גרם,false,0,4.30,2.15,true,1,
7290000110059,false,"מרגרינה בלובנד ללת""ס200ג",יוניליוור ישראל מזון בע\,IL,מרגרינה בלו-בנד,גרמים,200.00,100 גרם,false,0,4.50,2.25,true,1,
7290000110073,false,מרגרינה בטעם חמאה 200גר,אתר חיפה מרגרינה,IL,מחמאה מרגרינה,גרמים,200.00,100 גרם,false,0,4.80,2.40,true,1,
7290000110844,false,כיפלי בטעם גריל בד`צ 70 גרם .,יוניליוור ישראל שיווק בע`מ,IL,כיפלי בטעם גריל,גרמים,60.00,100 גרם,false,0,4.90,8.17,true,1,
7290000110851,false,כיפלי חטיף בטעם בצל מהדרין תלמה (70 גרם),יוניליוור ישראל שיווק בע`מ,IL,כיפלי בטעם בצל,גרמים,70.00,100 גרם,false,0,4.90,7.00,true,1,
7290000111063,false,מיונז אמיתי תלמה (250 גרם),"יוניליוור ישראל שיווק בע""מ",IL,מיונז אמיתי תלמה,גרמים,250.00,100 גרם,false,0,6.80,2.72,true,1,
7290000111186,false,"מיונז אמיתי תלמה 500 גרם בד""צ","יוניליוור ישראל שיווק בע""מ",IL,מיונז אמיתי תלמה,גרמים,500.00,100 גרם,false,0,9.90,1.98,true,1,
7290000111353,false,מיונז אמיתי תלמה (1 קג),"יוניליוור ישראל שיווק בע""מ",IL,מיונז אמיתי תלמה,קילוגרמים,1.00,"ק""ג",false,0,16.50,16.50,true,1,
7290000111360,false,חרדל אמיתי חריף 250 גרם בצנצנת כשלפ,יוניליוור ישראל שיווק בע`מ,IL,חרדל אמיתי תלמה,גרמים,250.00,100 גרם,false,0,5.90,2.36,true,1,
7290000112220,false,טחינה גולמית שומשום טהור בארכה 500 גרם,קבוצת אוסם סחר שותפות מוגבלת,IL,טחינה גולמית,גרמים,500.00,100 גרם,false,0,10.90,2.18,true,1,
7290000112237,false,"טחינה גולמית שומשום טהור בארכה 1 ק""ג","רושדי תעשיות מזון בע""\מ",IL,טחינה גולמית,קילוגרמים,1.00,"ק""ג",false,0,28.60,28.60,true,1,
7290000112497,false,מרק עשיר עוף אטריות קנור 75 גרם - שקיות,יוניליוור ישראל שיווק בע`מ,IL,מרק עוף איטריות,גרמים,68.00,100 גרם,false,0,9.40,13.82,true,1,
7290000112503,false,מרק עשיר ירקות קנור 69 גרם - שקיות,יוניליוור ישראל שיווק בע`מ,IL,מרק ירקות קנור,גרמים,61.00,100 גרם,false,0,9.40,15.41,true,1,
7290000112510,false,מרק עשיר קנור-פטריות ויטליטי 83 ג',אתר חיפה אבקות - Foo,IL,מרק פטריות,גרמים,83.00,100 גרם,false,0,9.40,11.33,true,1,
7290000112619,false,אבקת מרק עוף אמיתי קנור 400 ג' כשלפ,יוניליוור ישראל שיווק בע`מ,IL,מרק עוף אמיתי,גרמים,400.00,100 גרם,false,0,14.90,3.73,true,1,
7290000112770,false,מרק עשיר אפונה קנור117גר,אתר חיפה אבקות - Foo,IL,מרק אפונה קנור,גרמים,117.00,100 גרם,false,0,9.40,8.03,true,1,
7290000113180,false,כיפלי צ`יפסים מהדרין תלמה (50 גרם),יוניליוור ישראל שיווק בע`מ,IL,כיפלי צ'יפסים,גרמים,50.00,100 גרם,false,0,4.90,9.80,true,1,
7290000114897,false,קורנפלקס כספי 750 גרם- BP,יוניליוור,IL,קורנפלקס תלמה,גרמים,750.00,100 גרם,false,0,15.50,2.07,true,1,
7290000116204,false,"אבקת מרק דגש בטעם עוף 1ק""ג קנור","יוניליוור ישראל שיווק בע""מ",IL,מרק דגש טעם עוף,קילוגרמים,1.00,"ק""ג",false,0,14.90,14.90,true,1,
7290000116884,false,"קנור רוטב ברביקיו 300 מ""ל כשלפ",יוניליוור ישראל שיווק בע`מ,IL,רוטב ברביקיו,מיליליטרים,300.00,"100 מ""ל",false,0,10.90,3.63,true,1,
7290000116921,false,"קנור רוטב צילי מתוק 300 מ""ל כשלפ","יוניליוור ישראל שיווק בע""מ",IL,רוטב צ'ילי מתוק,מיליליטרים,300.00,"100 מ""ל",false,0,10.90,3.63,true,1,
7290000117393,false,חט.דגנים שוקו שוגי 26*8ג,יוניליוור,IL,חטיפי דגנים 8 יח,גרמים,208.00,100 גרם,false,0,14.90,7.16,true,1,
7290000117430,false,חטיפי דגנים קוקומן 21X8ג,יוניליוור,IL,חטיפי דגנים 8 יח,גרמים,168.00,100 גרם,false,0,14.90,8.87,true,1,
7290000117799,false,מרק נמס בכוס ברוקולי42גר,אתר חיפה אבקות,IL,מרק נמס בכוס,גרמים,42.00,100 גרם,false,0,6.90,16.43,true,1,
7290000118277,false,כופתאות מצה להכנת מהירה 65 ג' קנור,"יוניליוור ישראל שיווק בע""מ",IL,אבקה לקניידלך,גרמים,130.00,100 גרם,false,0,9.80,7.54,true,1,
7290000120393,false,סיף ג'ל אקונומ.לימון750מ,יונילוור - תורכיה,IL,סיף אקונומיקה,מיליליטרים,750.00,"100 מ""ל",false,0,13.50,1.80,true,1,
7290000120836,false,מיונז אמיתי הלמנס (394 גרם),"יוניליוור ישראל שיווק בע""מ",US,מיונז הלמנס,גרמים,394.00,100 גרם,false,0,10.00,2.54,true,1,
7290000120874,false,מיונז הלמנס לייט מופחת קלוריות 424ג,יוניליוור ישראל שיווק בעמ,US,מיונז הלמנס,גרמים,424.00,100 גרם,false,0,10.00,2.36,true,1,
7290000121031,false,החתול המחייך גבינה מותכת 14% מון בלאן 120 גרם,נטו מילנדה סחר בעמ*,IL,גבינה מותכת,גרמים,120.00,100 גרם,false,0,10.00,8.33,true,1,
7290000121055,false,גבינת טעם טוב מותכת 7%,האי נאם סי או אל.טי.,IL,גבינת טעם טוב 7%,גרמים,100.00,100 גרם,false,0,7.90,7.90,true,1,
7290000121079,false,גבינה מותכת למריחה עם שום שמיר 9% מון בלאן 120 גרם,נטו מילנדה סחר בעמ*,IL,גבינת מון בלאן,גרמים,120.00,100 גרם,false,0,10.00,8.33,true,1,
7290000121093,false,גבינה מותכת לייט בטעם שוויצרי 7% מון בלאן 120 גר',האי נאם סי או אל.טי.,IL,גבינת מון בלאן,גרמים,120.00,100 גרם,false,0,10.00,8.33,true,1,
7290000121109,false,גבינה מותכת לייט עם זיתים 7% מון בלאן 120 גרם,נטו מילנדה סחר בעמ*,IL,גבינת מון בלאן,גרמים,120.00,100 גרם,false,0,10.00,8.33,true,1,
7290000121147,false,גבינה מותכת לייט בטעם פיקנטי 7% מון בלאן 120 גרם,נטו מלינדה סחר בע`מ,IL,גבינת מון בלאן,גרמים,120.00,100 גרם,false,0,10.00,8.33,true,1,
7290000121154,false,גבינה מותכת לייט עם סלמון 7% מון בלאן 120 גרם,נטו מלינדה סחר בע`מ,IL,גבינת מון בלאן,גרמים,120.00,100 גרם,false,0,10.00,8.33,true,1,
7290000121369,false,קונפ778. תות שדה לייט300,יוניליוור,IL,קונפיטורה 778,גרמים,300.00,100 גרם,false,0,11.90,3.97,true,1,
7290000121376,false,קונפ778.אוכמניות לייט300,יוניליוור,IL,קונפיטורה 778,גרמים,300.00,100 גרם,false,0,11.90,3.97,true,1,
7290000122175,false,"תמצית וניל אפיכל 50 מ""ל",יוניליוור,IL,תמצית וניל,מיליליטרים,50.00,"100 מ""ל",false,0,4.40,8.80,true,1,
7290000122700,false,סירופ מייפל 600 גרם,יוניליוור ישראל מזון,IL,סירופ מייפל,גרמים,600.00,100 גרם,false,0,13.10,2.18,true,1,
7290000122830,false,"רוטב מקסיקני סצ'ואן קנור 300 מ""ל",יוניליוור ישראל שיווק בע`מ,IL,רוטב סצ'ואן סיני,מיליליטרים,300.00,"100 מ""ל",false,0,10.90,3.63,true,1,
7290000123158,false,מרגרינה למריחה בטעם חמאה מזולה (250 גרם),יוניליוור ישראל שיווק בעמ,IL,מזולה טעם חמאה,גרמים,250.00,100 גרם,false,0,10.40,4.16,true,1,
7290000123172,false,מזולה בגביע טעם טבעי250ג,אתר חיפה מרגרינה,IL,מזולה בגביע,גרמים,250.00,100 גרם,false,0,9.40,3.76,true,1,
7290000123257,false,מזולה לייט+שמן זית 250גר,אתר חיפה מרגרינה,IL,מזולה לייט,גרמים,250.00,100 גרם,false,0,10.40,4.16,true,1,
7290000124841,false,ורד הגליל שוקולד חלב מארז שלישיה 300 גרם,"יוניליוור ישראל שיווק בע""מ",IL,שוקולד חלב 3 יח',גרמים,300.00,100 גרם,false,0,13.90,4.63,true,1,
7290000129457,false,אבקת רוטב פטריות קנור 28 ג' שקית,יוניליוור ישראל שיווק בע`מ,IL,רוטב פטריות,גרמים,28.00,100 גרם,false,0,3.90,13.93,true,1,
7290000130125,false,מצות אביב 400 גרם חמץ,מצות אביב 2014 מאפה בעמ,IL,מצות אביב,גרמים,400.00,100 גרם,false,0,12.40,3.10,true,1,
7290000130248,false,קמח מצות 500 גרם חמץ,מצות אביב,IL,קמח מצה חמץ,גרמים,500.00,100 גרם,false,0,6.40,1.28,true,1,
7290000133645,false,שלישיית משחת שיניים סודה אורביטול 145 גרם,החברה הדרומית לשיווק בעמ,,משחת שיניים 3 יח,גרמים,435.00,100 גרם,false,0,15.00,3.45,true,1,
7290000134147,false,טעם וריח מוסקט טחון מיכל 40גר,"תבליני טעם וריח בע""מ",IL,מוסקט טחון,גרמים,40.00,100 גרם,false,0,16.80,42.00,true,1,
7290000134307,false,קינמון טחון 50 גרם טעם וריח,"תבליני טעם וריח בע""מ",IL,קינמון טחון,גרמים,50.00,100 גרם,false,0,6.80,13.60,true,1,
7290000134314,false,פיצה תערובת תיבול 120 גרם מיכל גדול,"תבליני טעם וריח בע""מ",IL,תיבול לפיצה,גרמים,120.00,100 גרם,false,0,10.80,9.00,true,1,
7290000134352,false,קינמון טחון בקופ' 90 גר' טעם וריח,"תבליני טעם וריח בע""מ",IL,קינמון טחון,גרמים,80.00,100 גרם,false,0,10.80,13.50,true,1,
7290000134376,false,פפריקה בשמן בקופ' 90 גר' טעם וריח,"תבליני טעם וריח בע""מ",IL,פפריקה מתוקה,גרמים,90.00,100 גרם,false,0,11.80,13.11,true,1,
7290000134550,false,עלי דפנה 20 גר' טעם וריח,"תבליני טעם וריח בע""מ",IL,עלי דפנה בשקית,גרמים,20.00,100 גרם,false,0,8.80,44.00,true,1,
7290000134666,false,רוזמרין 15 גר מיכל ק,תבליני טעם וריח בעמ,IL,רוזמרין,גרמים,15.00,100 גרם,false,0,6.80,45.33,true,1,
7290000134680,false,קימל שלם 40 גר' טעם וריח,תבליני טעם וריח בעמ,IL,קימל שלם,גרמים,40.00,100 גרם,false,0,6.80,17.00,true,1,
7290000134758,false,"תיבול לתפו""א בקופ' 100 גר' טעם וריח","תבליני טעם וריח בע""מ",IL,"תיבול לתפו""א",גרמים,100.00,100 גרם,false,0,10.80,10.80,true,1,
7290000134857,false,פפריקה מתוקה בקופ' 100 גר' טעם וריח,"תבליני טעם וריח בע""מ",IL,פפריקה במיכל,גרמים,100.00,100 גרם,false,0,11.80,11.80,true,1,
7290000134871,false,פלפל שחור טחון בקופ' 100 גר' טעם וריח,"תבליני טעם וריח בע""מ",IL,פלפל שחור במיכ,גרמים,100.00,100 גרם,false,0,16.40,16.40,true,1,
7290000134970,false,חוואיג' בקופ' 100 גר' טעם וריח,"תבליני טעם וריח בע""מ",IL,חוואיג',גרמים,100.00,100 גרם,false,0,13.80,13.80,true,1,
7290000134987,false,פלפל שחור גרוס בקופ' 90 גר' טעם וריח,"תבליני טעם וריח בע""מ",IL,פלפל שחור גרוס,גרמים,90.00,100 גרם,false,0,16.40,18.22,true,1,
7290000134994,false,טימין 20 גר מיכל קטן,"תבליני טעם וריח בע""מ",IL,טימין,גרמים,20.00,100 גרם,false,0,7.90,39.50,true,1,
7290000136721,false,ג'אמפ תפוזים 1.5 ליטר,טמפו 7.5%,IL,ג'אמפ תפוזים,ליטרים,1.50,ליטר,false,0,5.90,3.93,true,1,
7290000136738,false,ג'אמפ אשכוליות 1.5 ליטר,"איי, בי, אינבוו",IL,ג'אמפ אשכוליות,ליטרים,1.50,ליטר,false,0,5.90,3.93,true,1,
7290000136745,false,ג'אמפ תות בננה 1.5 ליטר,"טמפו משקאות בע""מ",IL,ג'אמפ תות בננה,ליטרים,1.50,ליטר,false,0,5.90,3.93,true,1,
7290000137513,false,גלידונית גלידה וניל בציפוי שוקולד 60 יח' קרמיסימו,"גלידת שטראוס בע""\מ, רחוב",IL,גלידונית,גרמים,630.00,100 גרם,false,0,49.90,7.92,true,1,
7290000137643,false,שלגוני טעמקור בטעם שוקו וניל שטראוס 8*50 גרם,"גלידת שטראוס בע""\מ, רחוב",IL,מאגד טעמקור משפ',גרמים,400.00,100 גרם,false,0,39.90,9.98,true,1,
7290000139104,false,שלווה חיטה תפוחה מתוקה אשבול 230 גרם,"אשב""ל בע""מ",IL,שלווה בשקית,גרמים,230.00,100 גרם,false,0,8.30,3.61,true,1,
7290000139180,false,שלווה חיטה מלאה תפוחה אשבול 140 גרם,אשבל מזון פונקציונלי,IL,שלווה בשקית,גרמים,140.00,100 גרם,false,0,9.50,6.79,true,1,
7290000139227,false,דגן לבן משפחתי 150 גר' אשבול,מ.ד אטיאס סוכנויות מזון בע`מ,IL,דגן תפוח ממותק,גרמים,150.00,100 גרם,false,0,8.30,5.53,true,1,
7290000143187,false,שמפו ומרכך לגבר הוואי (700 מל),שוורצקוף& הנקל דיסלד,IL,שמפו הוואי לגבר,מיליליטרים,700.00,"100 מ""ל",false,0,8.90,1.27,true,1,
7290000143200,false,"הוואי - מרכך לשיער יבש 700 מ""ל",טרופיקל דגיל קוסמטיק,IL,מרכך שיער הוואי,מיליליטרים,700.00,"100 מ""ל",false,0,8.90,1.27,true,1,
7290000143217,false,הוואי שמפו לשיער יבש700 מל כחול,שוורצקוף& הנקל דיסלד,IL,שמפו הוואי,מיליליטרים,700.00,"100 מ""ל",false,0,8.90,1.27,true,1,
7290000143255,false,הוואי שמפו לשיער רגיל 700 מל ירוק,שוורצקוף& הנקל דיסלד,IL,שמפו הוואי,מיליליטרים,700.00,"100 מ""ל",false,0,8.90,1.27,true,1,
7290000143279,false,"הוואי שמפו לשיער נגד קשקשים 700 מ""ל",שוורצקוף& הנקל דיסלד,IL,שמפו הוואי,מיליליטרים,700.00,"100 מ""ל",false,0,8.90,1.27,true,1,
7290000143286,false,הוואי מרכך לשיער רגיל 700 מל ירוק,שוורצקוף& הנקל דיסלד,IL,מרכך הוואי,מיליליטרים,700.00,"100 מ""ל",false,0,8.90,1.27,true,1,
7290000144467,false,שמן חמניות מועשר בנוגדי חמצון 1 ל' עץ הזית,"נארז ע""י : א.ג. גילר",IL,שמן חמניות,ליטרים,1.00,ליטר,false,0,16.40,16.40,true,1,
7290000144474,false,שמן עץ הזית קנולה 1 ליטר בריאות מהטבע,סוגת תעשיות בעמ,IL,שמן קנולה,ליטרים,1.00,ליטר,false,0,15.00,15.00,true,1,
7290000144825,false,שמן קנולה פלוס אומגה9 1ל,שמן תעשיות,IL,שמן קנולה מועשר,ליטרים,1.00,ליטר,false,0,16.60,16.60,true,1,
7290000146645,false,הוואי - סבון מוצק שחור מסתורי 100 גרם רביעייה,טרופיקל דגיל קוסמטיק,IL,סבון הוואי 4 יח,גרמים,400.00,100 גרם,false,0,11.90,2.98,true,1,
7290000146652,false,הוואי - סבון מוצק ורוד רומנטי 100 גרם רביעייה,טרופיקל דגיל קוסמטיק,IL,סבון הוואי 4 יח,גרמים,400.00,100 גרם,false,0,11.90,2.98,true,1,
7290000146676,false,הוואי - סבון מוצק לגבר 100 גרם רביעייה,טרופיקל דגיל קוסמטיק,PL,סבון הוואי 4 יח,גרמים,400.00,100 גרם,false,0,11.90,2.98,true,1,
7290000146683,false,הוואי - סבון מוצק אפקט דאודורנט 100 גרם רביעייה,טרופיקל דגיל קוסמטיק,PL,סבון הוואי 4 יח,גרמים,400.00,100 גרם,false,0,11.90,2.98,true,1,
7290000148298,false,מיץ תפוזים סחוט קלאסי2ל,פריגת,IL,מיץ תפוזים סחוט,ליטרים,2.00,ליטר,false,0,25.50,12.75,true,1,
7290000149615,false,רביעיית סבון מוצק קלאסי לתינוק נקה 7 4*100 גרם,החברה הדרומית לשיווק בעמ,IL,נקה 7 סבון 4 יח,גרמים,400.00,100 גרם,false,0,9.90,2.48,true,1,
7290000149851,false,סבון לניקוי והסרת כתמים סינטבון 460 גרם,החברה הדרומית לשיווק בעמ,IL,סינטבון נקה כפול,גרמים,460.00,100 גרם,false,0,9.60,2.09,true,1,
7290000149905,false,טקסטיל שמפו נוזלי לאריגים עדינים1ליט,החברה הדרומית לשיווק בעמ,IL,נוזל כביס טקסטיל,ליטרים,1.00,ליטר,false,0,14.10,14.10,true,1,
7290000150925,false,נקניק סלמי ירדן 600 גרם,מוצרי עוף טוב (2001) בע\,IL,נקניק סלמי ירדן,גרמים,600.00,100 גרם,false,0,27.90,4.65,true,1,
7290000150956,false,עוף טוב מקלוני קבנוס 160 גרם,קבוצת אסם סחר שות. מוגבלת,IL,מקלוני קבנוס,גרמים,160.00,100 גרם,false,0,11.60,7.25,true,1,
7290000151281,false,פסטרמה ברביקיו דל שומן 3,מוצרי עוף טוב (2001) בע\,IL,חזה עוף ברביקיו,גרמים,300.00,100 גרם,false,0,25.90,8.63,true,1,
7290000152288,false,עוף טוב נקניקיות עוף מיס לוסי 400 גרם,קבוצת אוסם סחר שותפות מוגבלת,IL,נקניקיות עוף,גרמים,400.00,100 גרם,false,0,15.00,3.75,true,1,
7290000152943,false,מארז פסטרמה כפרית וסלמי כפרי עוף טוב 2*350 גרם,מוצרי עוף טוב (2001) בע\,IL,פסטרמה + סלמי,גרמים,700.00,100 גרם,false,0,28.40,4.06,true,1,
7290000153292,false,פסטרמ.ברביקיו פרוס דק140,עוף טוב,IL,פסטרמה ברביקיו,גרמים,140.00,100 גרם,false,0,15.50,11.07,true,1,
7290000153469,false,קציצות עוף קלאסיות 100% רכיבים טבעיים,קבוצת אסם סחר שות. מוגבלת,IL,קציצות עוף,גרמים,600.00,100 גרם,false,0,27.90,4.65,true,1,
7290000156217,false,מקלוני קבנוס יח,עוף טוב,IL,מקלוני קבנוס,גרמים,260.00,100 גרם,false,0,20.90,8.04,true,1,
7290000156545,false,פסטרמה מקסיקנית 300גרם,מוצרי עוף טוב (2001) בע\,IL,פסטרמה מקסיקנית,גרמים,300.00,100 גרם,false,0,25.90,8.63,true,1,
7290000158105,false,שניצל עוף מיני דינוזאור ללא אנטיביוטיקה מ100% ר.טבעי,קבוצת אסם סחר שות. מוגבלת,IL,שניצל דינוזאור,גרמים,700.00,100 גרם,false,0,37.00,5.29,true,1,
7290000158211,false,שניצל עוף דקיק ענקיסטי 7,"מוצרי עוף טוב (2001) בע""",,שניצל דק ענק,גרמים,700.00,100 גרם,false,0,38.90,5.56,true,1,
7290000158235,false,שניצל עוף דקיק צ'יפס שמח,"מוצרי עוף טוב (2001) בע""",IL,שניצל דק בציפוי,גרמים,700.00,100 גרם,false,0,38.90,5.56,true,1,
7290000158273,false,שניצל אמיתי מעודן 700גרם,עוף טוב,IL,שניצל אמיתי מעוד,גרמים,700.00,100 גרם,false,0,44.50,6.36,true,1,
7290000159010,false,שניצל עוף מיני דובונים ללא אנטיביוטיקה מ100% ר.טבעי,קבוצת אוסם סחר שותפות מוגבלת,IL,שניצל דובונים,גרמים,700.00,100 גרם,false,0,37.10,5.30,true,1,
7290000159096,false,חזה עוף בתיבול 500 גר`BBQ עוף טוב,קבוצת אסם סחר שות. מוגבלת,IL,חזה עוף צלוי,גרמים,500.00,100 גרם,false,0,42.00,8.40,true,1,
7290000159515,false,קבנוס מופחת שומן 120גרם,עוף טוב,IL,קבנוס מופחת שומן,גרמים,120.00,100 גרם,false,0,10.90,9.08,true,1,
7290000160252,false,דאב תרחיץ פנים רגיל180מל,יוניליוור,IL,דאב תרחיץ פנים,מיליליטרים,180.00,"100 מ""ל",false,0,10.00,5.56,true,1,
7290000160771,false,"כריות וניל בד""צ 750 גרם",יוניליוור ישראל מזון בע\,,כריות וניל,גרמים,750.00,100 גרם,false,0,27.90,3.72,true,1,
7290000161143,false,יורוטאב - בלו בנד גב,אתר חיפה מרגרינה,IL,בלובנד קלאסי,גרמים,250.00,100 גרם,false,0,7.40,2.96,true,1,
7290000161167,false,יורוטאב - מחמאה גביע,אתר חיפה מרגרינה,IL,מחמאה,גרמים,250.00,100 גרם,false,0,8.60,3.44,true,1,
7290000162386,false,"רוטב ""הלמנס"" רוטב שו","יוניליוור ישראל מזון בע""",IL,רוטב שום לסלט,גרמים,300.00,100 גרם,false,0,10.90,3.63,true,1,
7290000162560,false,"קורנפלקס דבש בד""צ 500גרם",יוניליוור,,קורנפלקס דבש,גרמים,500.00,100 גרם,false,0,18.70,3.74,true,1,
7290000162805,false,"בדין מרכך אקסטרה גרדניה סיגליות 960מ""ל",יונילוור - תורכיה,TR,מרכך בדין960מ,מיליליטרים,960.00,"100 מ""ל",false,0,15.90,1.66,true,1,
7290000162829,false,מיקספלקס פלוס אגוזים400ג,דליסר,,מיקספלקס פלוס,גרמים,400.00,100 גרם,false,0,16.90,4.23,true,1,
7290000163024,false,רוטב חרדל דבש לייט305גרם,יוניליוור,IL,רוטב חרדל דבש,גרמים,305.00,100 גרם,false,0,10.90,3.57,true,1,
7290000164632,false,בדין אקסטרה בייבי 960 מל,יונילוור - תורכיה,TR,בדין אקסטרה,מיליליטרים,960.00,"100 מ""ל",false,0,15.90,1.66,true,1,
7290000165073,false,סיף קרם ניקוי לימון 500מ,יוניליוור,TR,סיף קרם לימון,מיליליטרים,500.00,"100 מ""ל",false,0,10.90,2.18,true,1,
7290000166148,false,דאב בייבי תחליב רחצה700מ,יוניליוור ישראל טיפו,IL,תחליב רחצה דאב,מיליליטרים,700.00,"100 מ""ל",false,0,12.90,1.84,true,1,
7290000166414,false,מזולה לאפיה ללא מלח200ג,יוניליוור,IL,מזולה ללא מלח,גרמים,200.00,100 גרם,false,0,6.50,3.25,true,1,
7290000167756,false,קינמונים 500 גרם,דליסר,IL,קינמונים,גרמים,500.00,100 גרם,false,0,16.90,3.38,true,1,
7290000168173,false,"ברנפלקס קרנצ'ים תלמה בד""ץ 375 גרם",יוניליוור ישראל שיווק בעמ,IL,ברנפלקס קרנצ'ים,גרמים,375.00,100 גרם,false,0,16.90,4.51,true,1,
7290000168289,false,שמפו פינוק שמן מרוקאי700,יוניליוור ישראל טיפוח אי,IL,שמפו פינוק,מיליליטרים,700.00,"100 מ""ל",false,0,9.90,1.41,true,1,
7290000168296,false,"פינוק מרכך שמן מרוקאי 700 מ""ל",יוניליוור ישראל טיפוח אי,IL,מרכך פינוק,מיליליטרים,700.00,"100 מ""ל",false,0,9.90,1.41,true,1,
7290000168302,false,תחליב פינוק שמן מרוקא700,יוניליוור ישראל טיפוח אי,IL,תחליב רחצה פינוק,מיליליטרים,700.00,"100 מ""ל",false,0,9.90,1.41,true,1,
7290000168418,false,רוטב סויה סיני 25% פחות,אתר חיפה 778,IL,רוטב סויה סיני,מיליליטרים,300.00,"100 מ""ל",false,0,10.90,3.63,true,1,
7290000168425,false,רוטב צ'ילי מתוק 50% פחות,יוניליוור,IL,רוטב צ'ילי מתוק,מיליליטרים,300.00,"100 מ""ל",false,0,10.90,3.63,true,1,
7290000169521,false,נמס בכוס ירקות וקרוטונים,אתר חיפה אבקות,IL,נמס בכוס,גרמים,56.00,100 גרם,false,0,6.90,12.32,true,1,
7290000169798,false,"עוגי מופחת סוכר 20% פצפוצי שוקו' 500ג' בד""צ",יוניליוור ישראל שיווק בע`מ,IL,עוגי מופחת סוכר,גרמים,500.00,100 גרם,false,0,14.90,2.98,true,1,
7290000170053,false,שוקולד חלב 100 גרם בדץ,"שטראוס גרופ בע""\מ.",IL,שוקולד פרה חלב,גרמים,100.00,100 גרם,false,0,5.50,5.50,true,1,
7290000170077,false,שוקולד פרה מריר פרווה עלית (100 גרם),"שטראוס גרופ בע""\מ.",IL,שוקולד מריר,גרמים,100.00,100 גרם,false,0,5.50,5.50,true,1,
7290000170275,false,שוקולד ממולא קרם נוגט100,STRAUSS-ISRAEL,IL,שוקולד ממולא,גרמים,100.00,100 גרם,false,0,5.50,5.50,true,1,
7290000171470,false,כיף כף חטיף שוקולד עלית 45ג',"שטראוס גרופ בע""מ",IL,כיף כף,גרמים,45.00,100 גרם,false,0,3.90,8.67,true,1,
7290000174037,false,בפלות בטעם לימון 500 גרם,STRAUSS-ISRAEL,IL,בפלות בטעם לימון,גרמים,500.00,100 גרם,false,0,12.40,2.48,true,1,
7290000174099,false,בפלות בטעם שוקולד עלית (4 יח`- 500 גרם),שטראוס גרופ בעמ,IL,בפלות שוקולד,גרמים,500.00,100 גרם,false,0,12.40,2.48,true,1,
7290000174723,false,שוקולית אבקה להכנת משקה שוקו 500 גרם,הנסיך- מפעל לייצור ט,IL,שוקולית,גרמים,500.00,100 גרם,false,0,12.90,2.58,true,1,
7290000175027,false,ממרח בטעם שוקולד ממר,STRAUSS-ISRAEL,IL,ממרחית שוקולד,גרמים,500.00,100 גרם,false,0,9.70,1.94,true,1,
7290000176062,false,קפה טורקי בשקית 100 ג' עלית,שטראוס קפה בי.ויn\.,IL,קפה טורקי בצלופן,גרמים,100.00,100 גרם,false,0,8.90,8.90,true,1,
7290000176079,false,קפה טורקי עם הל עלית (100 גרם),הנסיך- מפעל לייצור ט,IL,קפה טורקי עם הל,גרמים,100.00,100 גרם,false,0,8.90,8.90,true,1,
7290000176093,false,קפה אלדין טורקי ואקום200,הנסיך- מפעל לייצור ט,IL,קפה טורקי אלדין,גרמים,200.00,100 גרם,false,0,17.90,8.95,true,1,
7290000176147,false,קפה לפילטר קלוי וטחון מוקה מספר 1 עלית 500 גרם,"שטראוס גרופ בע""מ",PL,קפה מוקה לפילטר,גרמים,500.00,100 גרם,false,0,50.50,10.10,true,1,
7290000176192,false,קפה טורקי האג ואקום200גר,STRAUSS-ISRAEL,IL,קפה טורקי האג,גרמים,200.00,100 גרם,false,0,27.10,13.55,true,1,
7290000176413,false,קפה נמס עלית פחית 50 גרם,הנסיך- מפעל לייצור ט,IL,קפה נמס,גרמים,50.00,100 גרם,false,0,9.60,19.20,true,1,
7290000176420,false,קפה נמס פחית עלית 200 גרם,פיקסל אם.גי.אם בעמ,IL,קפה נמס,גרמים,200.00,100 גרם,false,0,19.90,9.95,true,1,
7290000176475,false,קפה נמס נטול קפאין האג עלית (200 גרם),שטראוס גרופ בע`מ,IL,קפה נמס האג,גרמים,200.00,100 גרם,false,0,34.90,17.45,true,1,
7290000176482,false,"קפה נמס מגדים אריזה חדשה כשל""פ","שטראוס גרופ בע""מ",IL,קפה נמס 200 גרם,גרמים,200.00,100 גרם,false,0,19.90,9.95,true,1,
7290000176857,false,שוקולד לבן פרה 100 ג,STRAUSS-ISRAEL,IL,שוקולד לבן,גרמים,100.00,100 גרם,false,0,5.50,5.50,true,1,
7290000177694,false,קפה טורקי עלית וואקום 200ג',שטראוס קפה בי.ויn\.,IL,קפה טורקי ואקום,גרמים,200.00,100 גרם,false,0,18.90,9.45,true,1,
7290000178103,false,שוקולד פרה חלב 100 גרם מארז רביעייה,שטראוס גרופ,IL,שוקלד חלב 4 יח,גרמים,400.00,100 גרם,false,0,19.60,4.90,true,1,
7290000178134,false,שוקולד פרה מריר 100 גרם מארז רביעייה,שטראוס גרופ בע`מ,IL,שוקולד מריר 4 יח,גרמים,400.00,100 גרם,false,0,19.60,4.90,true,1,
7290000178707,false,חטיף צ`יפס בטעם טבעי תפוצ`יפס (50 גרם),"שטראוס פריטו ליי בע""\מ )",IL,חטיף תפוצ'יפס,גרמים,50.00,100 גרם,false,0,3.90,7.80,true,1,
7290000178721,false,חטיף צ`יפס בטעם טבעי תפוצ`יפס (200 גרם),"שטראוס פריטו ליי בע""\מ )",IL,חטיף תפוצ'יפס,גרמים,200.00,100 גרם,false,0,10.00,5.00,true,1,
7290000179445,false,עלית בזוקה גומי לעיס,STRAUSS-ISRAEL,IL,בזוקה בשקית,גרמים,180.00,100 גרם,false,0,6.90,3.83,true,1,
7290000180212,false,שוקולד מריר אגוז 100 גרם,"שטראוס גרופ בע""מ",IL,שוקולד מריר,גרמים,100.00,100 גרם,false,0,5.50,5.50,true,1,
7290000181103,false,ביסקויט בשוקולד חלב 200ג,STRAUSS-ISRAEL,IL,ביסקויט מצופה,גרמים,200.00,100 גרם,false,0,12.90,6.45,true,1,
7290000184708,false,"בפלות טעם שוק.ללת""ס500גר",שטראוס,IL,"בפלות ללת""ס",גרמים,500.00,100 גרם,false,0,19.70,3.94,true,1,
7290000186931,false,ניקול כריות קרצוף חתוכות 12 יח',ניקול,IL,כריות קרצוף,יחידה,1.00,יחידה,false,0,10.90,10.90,true,1,
7290000187709,false,נ.טואלט לילי קלאסיק 48גל,חוגלה קימברלי,IL,נייר טואלט לילי,מטרים,883.00,100 מטר,false,0,51.90,5.88,true,1,
7290000187907,false,מגבוני נ.טואלט,,IL,מגבוני נ.טואלט,יחידה,1.00,יחידה,false,0,14.90,14.90,true,1,
7290000187921,false,נייר טואלט דו שכבתי לבן לילי 32 יחידות,קימברלי קלארק ישראל שיווק בעמ,IL,נייר טואלט לילי,מטרים,588.00,100 מטר,false,0,37.90,6.45,true,1,
7290000187938,false,לילי - נייר טואולט נייר טואלט פסטל 32 יח',קימברלי קלארק ישראל שיווק בעמ,IL,נייר טואלט,מטרים,588.00,100 מטר,false,0,37.90,6.45,true,1,
7290000187952,false,לילי טריפל קומפורט ורוד נ.טואלט 32 גלילי,קימברלי קלארק ישראל שיווק בעמ,IL,נייר טואלט,מטרים,537.00,100 מטר,false,0,46.90,8.73,true,1,
7290000188249,false,מגבת ויוה חוזק מוגבר,חוגלה קימברלי,IL,מגבת ויוה,מטרים,16.00,מטר,false,0,14.30,0.89,true,1,
7290000188270,false,ממחטות אף אולטרה סופט קלינקס 2*80 יחידות,קימברלי קלארק ישראל שיווק בעמ,IL,קלינקס אולטרה,יחידה,1.00,יחידה,false,0,15.50,15.50,true,1,
7290000188355,false,ניקול מגבות נייר לבנות 6 גלילים,קימברלי קלארק ישראל שיווק בעמ,IL,מגבות ניקול,מטרים,65.00,מטר,false,0,10.90,0.17,true,1,
7290000188553,false,קוטקס מגן תחתון יאנג ביג 60 יחידות,קימברלי קלארק ישראל שיווק בעמ,CN,מגן תחתון קוטקס,יחידה,1.00,יחידה,false,0,19.90,19.90,true,1,
7290000188560,false,מגן תחתון לארג' קוטקס 52 יחידות,קימברלי קלארק ישראל שיווק בעמ,CN,מגן תחתון קוטקס,יחידה,1.00,יחידה,false,0,19.90,19.90,true,1,
7290000188591,false,קוטקס מגן תחתון יאנג ביג 60 יחידות,קימברלי קלארק ישראל שיווק בעמ,CN,מגן תחתון קוטקס,יחידה,1.00,יחידה,false,0,19.90,19.90,true,1,
7290000189079,false,תבניות אינגליש קייק עבות 6 יחידות ניקול,קימברלי קלארק ישראל שיווק בעמ,IL,תבניות אינגליש,יחידה,1.00,יחידה,false,0,9.90,9.90,true,1,
7290000189116,false,תבניות עגולות חזקות ועבות ניקול 5 יחידות,קימברלי קלארק ישראל שיווק בעמ,IL,תבניות עגולות,יחידה,1.00,יחידה,false,0,9.90,9.90,true,1,
7290000189192,false,סופר מטלית מטליות נייר רב פעמיות ניקול 64 יחידות,קימברלי קלארק ישראל שיווק בעמ,,מטליות נייר,מטרים,18.00,מטר,false,0,16.90,0.94,true,1,
7290000189260,false,תבניות מלבניות עבות וחזקות ניקול 5 יחידות,קימברלי קלארק ישראל שיווק בעמ,IL,תבניות מלבניות,יחידה,1.00,יחידה,false,0,11.90,11.90,true,1,
7290000189277,false,תבניות מלבניות עבות וחזקות ניקול 3 יחידות,קימברלי קלארק ישראל שיווק בעמ,IL,תבניות מלבניות,יחידה,1.00,יחידה,false,0,9.90,9.90,true,1,
7290000189482,false,תבניות אפיה מרובעות מקרטון ניקול 4 יחידות,קימברלי קלארק ישראל שיווק בעמ,IL,תבניות קרטון,יחידה,1.00,יחידה,false,0,9.90,9.90,true,1,
7290000189505,false,ניקול תבנית אפייה מקרטון אינגליש קייק ניקול 5 יחידות,קימברלי קלארק ישראל שיווק בעמ,IL,תבניות קרטון,יחידה,1.00,יחידה,false,0,9.90,9.90,true,1,
7290000189550,false,"שקיות אשפה ענקיות עם שרוך 78 * 90 ס""מ ניקול 2 * 10 יחידות",קימברלי קלארק ישראל שיווק בעמ,IL,זוג אשפתון ענק,יחידה,1.00,יחידה,false,0,25.90,25.90,true,1,
7290000189598,false,מטליות לחות חד פעמיות לניקוי כללי 50 יח' ניקול,קימברלי קלארק ישראל שיווק בעמ,IL,מטליות ניקול,יחידה,1.00,יחידה,false,0,11.50,11.50,true,1,
7290000189659,false,מטליות לחות לרצפה ניקול 10 יח'-מרכז,קימברלי קלארק ישראל שיווק בעמ,IL,מטליות רצפה לחות,יחידה,1.00,יחידה,false,0,11.50,11.50,true,1,
7290000189734,false,מטליות לחות לניקוי פרקט ניקול 10 יחידות,קימברלי קלארק ישראל שיווק בעמ,,מטליות לפרקט,יחידה,1.00,יחידה,false,0,18.40,18.40,true,1,
7290000189758,false,קוטקס מגן תחתון DESIGN עם ניחוח,KC Vietnam,IL,מגן תחתון,יחידה,1.00,יחידה,false,0,19.90,19.90,true,1,
7290000189871,false,"שקיות אשפה עם שרוך 52 * 65 ס""מ ניקול 55 שקיות",קימברלי קלארק ישראל שיווק בעמ,IL,שק. אשפה לפח,יחידה,1.00,יחידה,false,0,21.90,21.90,true,1,
7290000190150,false,מפיות מודפסות תלת שכבתיות ניקול 20 יחידות,קימברלי קלארק ישראל שיווק בעמ,IL,מפיות תלת שכבתי,יחידה,1.00,יחידה,false,0,7.90,7.90,true,1,
7290000190174,false,מפיות חד שכבתי זוג 85 יח,חוגלה קימברלי,IL,מפיות חד שכבתי,יחידה,1.00,יחידה,false,0,11.90,11.90,true,1,
7290000190198,false,מטליות לחות לניקוי וחיטוי 99.9% ניקול 50 יחידה,קימברלי קלארק ישראל שיווק בעמ,IL,מטליות ניקוי,יחידה,1.00,יחידה,false,0,10.90,10.90,true,1,
7290000190563,false,מפיות חד שכבתי מודפס זוג,חוגלה קימברלי,,מפיות ניקול זוג,יחידה,1.00,יחידה,false,0,11.90,11.90,true,1,
7290000191119,false,דיפנד מגן תחתון לגברים,חוגלה קימברלי,IL,דיפנד מגן תחתון,יחידה,1.00,יחידה,false,0,26.70,26.70,true,1,
7290000191140,false,נייר טואלט לח 3*,,IL,נייר טואלט לח 3*,יחידה,1.00,יחידה,false,0,14.90,14.90,true,1,
7290000191225,false,חיתולים ליטל בייביז מידה 2 האגיס 46 יחידות,קימברלי קלארק ישראל שיווק בעמ,IL,האגיס ליטל בייבי,יחידה,1.00,יחידה,false,1,35.60,35.60,true,1,
7290000191539,false,חמישיית ממחטות טישו צבועני לילי 100 יחידות,קימברלי קלארק ישראל שיווק בעמ,IL,מגבוני לילי 100,יחידה,1.00,יחידה,false,0,12.90,12.90,true,1,
7290000191546,false,ממחטות טישו צבעוני 2 שכבות לילי מארז 100X3יח',קימברלי קלארק ישראל שיווק בעמ,IL,לילי צבעוני100*3,יחידה,1.00,יחידה,false,0,8.90,8.90,true,1,
7290000191652,false,שלישיית ממחטות אולטרה סופט קלינקס 90 יחידות,קימברלי קלארק ישראל שיווק בעמ,,קלינקס מעוצב 3יח,יחידה,1.00,יחידה,false,0,9.90,9.90,true,1,
7290000193014,false,מגן תחתון פדיות אינטרלוד לילי 50 יחידות,קימברלי קלארק ישראל שיווק בעמ,IL,לילי פדים,יחידה,1.00,יחידה,false,0,9.90,9.90,true,1,
7290000193083,false,נובה-לי תחבושות היגייניות לילי 28 יחידות,קימברלי קלארק ישראל שיווק בעמ,IL,תחבושות נובה לי,יחידה,1.00,יחידה,false,0,9.70,9.70,true,1,
7290000193205,false,תחבושות עם כנפיים ללילה נטורל לילי 20 יחידות,קימברלי קלארק ישראל שיווק בעמ,,תחבושות לילי,יחידה,1.00,יחידה,false,0,16.00,16.00,true,1,
7290000193540,false,מגן תחתון ארוך נטורל לילי 52 יחידות,קימברלי קלארק ישראל שיווק בעמ,IL,פדיות לילי,יחידה,1.00,יחידה,false,0,16.00,16.00,true,1,
7290000193649,false,תחבושות עם כנפיים נורמל פלוס לילי 24 יחידות,קימברלי קלארק ישראל שיווק בעמ,IL,תחבושות לילי,יחידה,1.00,יחידה,false,0,16.00,16.00,true,1,
7290000193793,false,לילי תחבושות אינטימי נורמל אולט' 24 יח',קימברלי קלארק ישראל שיווק בעמ,IL,תחבושות לילי,יחידה,1.00,יחידה,false,0,16.00,16.00,true,1,
7290000194837,false,ניקול - שקיות מזון + ידיות קשירה אקסטרה לארג' 200 יח',קימברלי קלארק ישראל שיווק בעמ,IL,שקיות מזון,יחידה,1.00,יחידה,false,0,13.90,13.90,true,1,
7290000195216,false,נייר אפייה בשקית ניקול 50 יחידות,קימברלי קלארק ישראל שיווק בעמ,IL,נייר אפיה,יחידה,1.00,יחידה,false,0,10.90,10.90,true,1,
7290000195537,false,האגיס - מגבוני האגיס דיילי קר לא מבושם 64 יח' * 4,קימברלי קלארק ישראל שיווק בעמ,IL,מגבוני האגיס 4יח,יחידה,1.00,יחידה,false,0,19.90,19.90,true,1,
7290000195544,false,האגיס מגבונים רביעייה מילוי נטורל מבושם,חוגלה קימברלי,IL,מגבוני האגיס 4יח,יחידה,1.00,יחידה,false,0,19.90,19.90,true,1,
7290000195773,false,האגיס - מגבוני האגיס סנסטיב קר לא מבושם 64 יח' * 4,קימברלי קלארק ישראל שיווק בעמ,IL,מגבוני האגיס 4יח,יחידה,1.00,יחידה,false,0,19.90,19.90,true,1,
7290000196039,false,"מפות שולחן איריס ח""פ ניקול 2 יח'",קימברלי קלארק ישראל שיווק בעמ,IL,מפת שולחן,יחידה,1.00,יחידה,false,0,12.00,12.00,true,1,
7290000196343,false,"מפת שולחן מהודרת לילי 180X120ס""מ",קימברלי קלארק ישראל שיווק בעמ,IL,מפת שולחן דמוי ב,יחידה,1.00,יחידה,false,0,11.50,11.50,true,1,
7290000196763,false,"שקיות אשפה חזקות במיוחד עם שרוך 52 * 65 ס""מ ניקול 40 יחידות",קימברלי קלארק ישראל שיווק בעמ,,שקיות אשפה,יחידה,1.00,יחידה,false,0,25.90,25.90,true,1,
7290000197012,false,שקיות ריצ'רץ' אחסון למזון ניקול 15 יחידות,קימברלי קלארק ישראל שיווק בעמ,IL,שקיות ריצ-'רץ',יחידה,1.00,יחידה,false,0,13.40,13.40,true,1,
7290000197081,false,ניקול ניילון נצמד 150 מטר+מתקן לחיתוך קל,קימברלי קלארק ישראל שיווק בעמ,IL,ניילן נצמד,מטרים,150.00,מטר,false,0,31.90,0.21,true,1,
7290000197227,false,72 האגיס מגה פק שלב5,חוגלה קימברלי,IL,חיתולי האגיס,יחידה,1.00,יחידה,false,0,77.90,77.90,true,1,
7290000197258,false,64 האגיס מגה פק שלב6,חוגלה קימברלי,IL,חיתולי האגיס,יחידה,1.00,יחידה,false,1,77.90,77.90,true,1,
7290000197326,false,רדיד אלומיניום ניקול זוגות 7.5*2קצר,קימברלי קלארק ישראל שיווק בעמ,IL,זוג רדידי אלומינ,מטרים,15.00,מטר,false,0,10.80,0.72,true,1,
7290000197432,false,שקיות אוכל סנדביצ'ון ניקול מארז 150X2יח',קימברלי קלארק ישראל שיווק בעמ,IL,סנדוויצ'ון זוג,יחידה,1.00,יחידה,false,0,13.90,13.90,true,1,
7290000197463,false,חיתולים פרידום דריי שלב +4 האגיס 40 יחידות,קימברלי קלארק ישראל שיווק בעמ,IL,חיתולי האגיס,יחידה,1.00,יחידה,false,0,42.90,42.90,true,1,
7290000197470,false,שקיות רב שימושיות מתכלות ניקול 250 יחידות,קימברלי קלארק ישראל שיווק בעמ,IL,"שקיות רב""ש מארז",יחידה,1.00,יחידה,false,0,13.80,13.80,true,1,
7290000197548,false,חיתולים פרידום דריי שלב 5 האגיס 36 יחידות,קימברלי קלארק ישראל שיווק בעמ,IL,חיתולי האגיס,יחידה,1.00,יחידה,false,0,42.90,42.90,true,1,
7290000197654,false,שקיות אשפה ענקיות נשלפות 75*90 ניקול 50 יחידות,קימברלי קלארק ישראל שיווק בעמ,IL,שקיות אשפה,יחידה,1.00,יחידה,false,0,21.80,21.80,true,1,
7290000197678,false,חיתולי האגיס פרידום דריי שלב 6 30 יחידות,קימברלי קלארק ישראל שיווק בעמ,IL,חיתולי האגיס,יחידה,1.00,יחידה,false,0,42.90,42.90,true,1,
7290000197753,false,ניילון נצמד אנטי בטקריאלי ניקול 30X2מ',קימברלי קלארק ישראל שיווק בעמ,IL,ניילון נצמד זוג,מטרים,60.00,מטר,false,0,10.90,0.18,true,1,
7290000197876,false,תבניות אלומיניום קטנות עם מכסה ניקול 4 יחידות,קימברלי קלארק ישראל שיווק בעמ,IL,מגשית 4 יחידות,יחידה,1.00,יחידה,false,0,9.70,9.70,true,1,
7290000197883,false,תבנית אלומיניום 100 גדולה ניקול 4 יחידות,קימברלי קלארק ישראל שיווק בעמ,IL,מגשיות אלומיניום,יחידה,1.00,יחידה,false,0,9.70,9.70,true,1,
7290000197951,false,תבניות אלומיניום ענקיות ניקול 3 יחידות,קימברלי קלארק ישראל שיווק בעמ,IL,מגשית ניקול,יחידה,1.00,יחידה,false,0,9.70,9.70,true,1,
7290000199313,false,תחבושות עם כנפיים נורמל פלוס קוטקס 30 יחידות,קימברלי קלארק ישראל שיווק בעמ,IL,קוטקס תחבושות,יחידה,1.00,יחידה,false,0,22.90,22.90,true,1,
7290000200460,false,קוטקס מגני תחתון אולטרה לייט 60יח',חוגלה קימברלי,CN,מגן תחתון קוטקס,יחידה,1.00,יחידה,false,0,16.10,16.10,true,1,
7290000201856,false,חיתולי פרימיום שלב 4+ טיטולים) (38,קימברלי קלארק ישראל שיווק בעמ,IL,טיטולים פרימיום,יחידה,1.00,יחידה,false,1,34.90,34.90,true,1,
7290000201870,false,חיתולי פרימיום שלב 6 טיטולים) (30,קימברלי קלארק ישראל שיווק בעמ,IL,טיטולים פרימיום,יחידה,1.00,יחידה,false,1,34.90,34.90,true,1,
7290000201979,false,האגיס מגבונים ללא בישום רביעייה מהדורה,קימברלי קלארק ישראל שיווק בעמ,IL,מגבוני האגיס דיס,יחידה,1.00,יחידה,false,1,24.90,24.90,true,1,
7290000203317,false,תחתון סופג אפרסק נשים XL,חוגלה קימברלי,IL,תחתון דיפנד,יחידה,1.00,יחידה,false,0,71.90,71.90,true,1,
7290000203409,false,דיפנד תחתון סופג גברים L,חוגלה קימברלי,IL,תחתון דיפנד,יחידה,1.00,יחידה,false,0,71.90,71.90,true,1,
7290000204147,false,רביעיית כרית יפנית עבה ניקול 4 יחידות,קימברלי קלארק ישראל שיווק בעמ,IL,כריות יפניות 4X,יחידה,1.00,יחידה,false,0,10.90,10.90,true,1,
7290000204253,false,מטליות רב שימושיות לניקיון ניקול 9 יחידות,קימברלי קלארק ישראל שיווק בעמ,IL,מטליות ניקול,יחידה,1.00,יחידה,false,0,10.50,10.50,true,1,
7290000204307,false,מטלית רב שימושית בגליל ניקול 40 יחידות,קימברלי קלארק ישראל שיווק בעמ,IL,מטליות ניקול,יחידה,1.00,יחידה,false,0,21.50,21.50,true,1,
7290000204512,false,מטליות לחות לניקוי רצפה בריח לימון ניקול 10 יחידות,קימברלי קלארק ישראל שיווק בעמ,IL,מטליות רצפה לחות,יחידה,1.00,יחידה,false,1,11.50,11.50,true,1,
7290000204611,false,שישיית ספוגית הקסם ניקול 6 יחידות,קימברלי קלארק ישראל שיווק בעמ,IL,ספוגיות ניקול,יחידה,1.00,יחידה,false,0,10.90,10.90,true,1,
7290000205526,false,פיסגה נוזל ריחני לשטיפת רצפות סנו 2 ליטר,"סנו מפעלי ברונוס בע""",IL,פיסגה ניקוי רצפה,ליטרים,2.00,ליטר,false,0,9.70,4.85,true,1,
7290000207063,false,רסק עגבניות פריכוז 28% 240 גרם יכין,היינץ צפון אמריקה מק,IL,רוטב עגבניות,גרמים,260.00,100 גרם,false,0,4.10,1.58,true,1,
7290000207162,false,רוטב עגבניות מרכיב טבעי 100 ג' יכין,זנלכול יכין,IL,רוטב עגבניות,גרמים,100.00,100 גרם,false,0,1.90,1.90,true,1,
7290000207438,false,עגבניות מקולפות חתוכות לקוביות,זנלכול יכין,IL,עגבניות קוביות,גרמים,800.00,100 גרם,false,0,7.20,0.90,true,1,
7290000208008,false,רסק פלפל חריף חריסה A2 יכין 550 ג',זנלכול יכין,IL,חריסה יכין,גרמים,570.00,100 גרם,false,0,6.80,1.19,true,1,
7290000208022,false,עגבניות 2.5 A מרוסקות 850 גרם יכין,זנלכול יכין,IL,עגבניות מרוסקות,גרמים,800.00,100 גרם,false,0,7.20,0.90,true,1,
7290000208077,false,אפונת גינה גדולה יכין (550 גרם),זנלכול יכין,IL,אפונת גינה,גרמים,550.00,100 גרם,false,0,5.90,1.07,true,1,
7290000208084,false,אפונה בינונית 550ג' יכין,זנלכל,IL,אפונת גינה,גרמים,550.00,100 גרם,false,0,7.20,1.31,true,1,
7290000208091,false,אפונה קטנה עדינה יכין 550 גרם,"זנלכל בע""\מ",IL,אפונת גינה קטנה,גרמים,550.00,100 גרם,false,0,6.40,1.16,true,1,
7290000208114,false,"אפונה וגזר יכין A2 פ""ק בית יוסף",זנלכול יכין,IL,אפונת גינה וגז,גרמים,550.00,100 גרם,false,0,6.50,1.18,true,1,
7290000208145,false,גרעיני תירס מתוק לייט 550 גרם יכין,זנלכול יכין,IL,תירס לייט יכין,גרמים,550.00,100 גרם,false,0,7.10,1.29,true,1,
7290000208213,false,שעועית לבנה אפויה A2 ברוטב עגבניות יכין 560ג',היינץ צפון אמריקה מק,IL,שעועית ברוטב,גרמים,580.00,100 גרם,false,0,6.60,1.14,true,1,
7290000208312,false,גרעיני תירס מתוק בואקום יכין 400 גר',"זנלכל בע""\מ",IL,תירס ואקום,גרמים,400.00,100 גרם,false,0,5.40,1.35,true,1,
7290000208329,false,גרעיני תירס מתוק יכין (550 גרם),זנלכול יכין,IL,גרעיני תירס מתוק,גרמים,550.00,100 גרם,false,0,6.50,1.18,true,1,
7290000208336,false,רסק יכין 240גר 22% יכין בית יוסף,"זנלכל בע""\מ",IL,רוטב עגבניות,גרמים,260.00,100 גרם,false,0,4.20,1.62,true,1,
7290000208404,false,A2 פול מצרי 550 גרם יכין,זנלכול יכין,IL,פול מצרי,גרמים,550.00,100 גרם,false,0,5.80,1.05,true,1,
7290000208428,false,גרגרי חומוס שלם 550 גרם יכין,היינץ צפון אמריקה מק,IL,חומוס שלם,גרמים,560.00,100 גרם,false,0,6.30,1.13,true,1,
7290000208534,false,תירס קיד גרעיני תירס מתוק יכין (550 גרם),זנלכול יכין,IL,תירס קיד,גרמים,550.00,100 גרם,false,0,6.80,1.24,true,1,
7290000208855,false,רוטב לפסטה קלאסי יכין (240 גרם),זנלכול יכין,IL,רוטב פסטה,גרמים,260.00,100 גרם,false,0,4.70,1.81,true,1,
7290000208947,false,עגבניות מרוסקות יכין (240 גרם),היינץ צפון אמריקה מק,IL,עגבניות מרוסקות,גרמים,260.00,100 גרם,false,0,4.70,1.81,true,1,
7290000208978,false,רוטב עגבניות (10028% גרם)פריכוז יכין,זנלכול יכין,IL,רוטב עגבניות,גרמים,100.00,100 גרם,false,0,2.70,2.70,true,1,
7290000209173,false,חומצה אצטית למזון 5% יכין 1 ליטר,זנלכול יכין,IL,חומץ סינטטי,ליטרים,1.00,ליטר,false,0,4.70,4.70,true,1,
7290000209371,false,מארז גרעיני תירס מתוק יכין (200x3 גרם),היינץ צפון אמריקה מק,HU,תירס גרעינים 3יח,גרמים,495.00,100 גרם,false,1,9.50,1.92,true,1,
7290000209517,false,סירופ דיאט בטעם לימון יכין (1 ליטר),היינץ צפון אמריקה מק,IL,סירופ דיאט לימון,ליטרים,1.00,ליטר,false,0,8.00,8.00,true,1,
7290000209579,false,סירופ דיאט בטעם אננס יכין (1 ליטר),"זנלכל בע""\מ",IL,סירופ אננס דיאט,ליטרים,1.00,ליטר,false,0,8.00,8.00,true,1,
7290000209708,false,עגבניות מרוסקות עם בזיליקום 240 גרם יכין,היינץ צפון אמריקה מק,IL,עגבניות מרוסקות,גרמים,260.00,100 גרם,false,0,4.70,1.81,true,1,
7290000209722,false,רוטב עגבניות 28% יכין (580 גרם)פריכוז,"זנלכל בע""\מ",IL,רוטב עגבניות,גרמים,580.00,100 גרם,false,0,7.50,1.29,true,1,
7290000209944,false,רוטב לעגבניות בסיס לשקשוקה 240 ג' יכין,"זנלכל בע""\מ",IL,בסיס לשקשוקה,גרמים,260.00,100 גרם,false,0,4.70,1.81,true,1,
7290000209951,false,רוטב עגבניות לפיצה 260 גרם יכין,"זנלכל בע""\מ",IL,רוטב עגבניות,גרמים,260.00,100 גרם,false,0,4.70,1.81,true,1,
7290000210544,false,רוטב עגב.אורגני 22% 260ג,זנלכל,IL,רוטב עגבניות,גרמים,260.00,100 גרם,false,1,4.90,1.88,true,1,
7290000211312,false,סוגת אורז מלא פרסי אחד אחד 1 קג,האי נאם סי או אל.טי.,IL,אורז מלא ארוך,קילוגרמים,1.00,"ק""ג",false,0,8.50,8.50,true,1,
7290000211374,false,"קמח חיטה מלא סוגת 1 ק""ג",טחנת קמח דגן-שטיבל,IL,קמח חיטה מלא,קילוגרמים,1.00,"ק""ג",false,0,6.90,6.90,true,1,
7290000211381,false,"סוכר חום כהה בשקית סוגת 1 ק""ג","טונגט היולט שוגר בע""",IL,סוכר חום כהה,קילוגרמים,1.00,"ק""ג",false,0,10.50,10.50,true,1,
7290000211442,false,אורז בסגנון פרסי קלאסי סוגת (1 קג),האי נאם סי או אל.טי.,IL,אורז פרסי קלאסי,קילוגרמים,1.00,"ק""ג",false,0,8.90,8.90,true,1,
7290000211503,false,סוכר לבן ארוז בשקית,"סוגת תעשיות בע""\מ",IL,סוכר לבן סוגת,קילוגרמים,1.00,"ק""ג",false,0,4.40,4.40,true,1,
7290000211626,false,חיש אורז אחד אחד 1 קג,"סוגת תעשיות בע""\מ",IL,אורז חיש סוגת,קילוגרמים,1.00,"ק""ג",false,0,9.90,9.90,true,1,
7290000211985,false,אורז עגול ריזוטו אחד אחד 1 קג,"סוגת תעשיות בע""\מ",IL,אורז עגול סוגת,קילוגרמים,1.00,"ק""ג",false,0,8.50,8.50,true,1,
7290000212401,false,וופל שוקו מנעמים מצופית 400 גרם*,ח.כהן סוכנות מזון ומשקאות,IL,מצופית 400 גרם,גרמים,400.00,100 גרם,false,0,8.30,2.08,true,1,
7290000212579,false,וופלים מצופים מנעמים 800 גרם מארז 40 יחידות,ח.כהן סוכנות מזון ומשקאות,IL,ופלים מצופים,גרמים,800.00,100 גרם,false,0,15.70,1.96,true,1,
7290000214115,false,מרק עוף בצנצנת ויטה 400 גרם,ויטה- פרי גליל (החדשה) בעמ,IL,מרק עוף צנצנת,גרמים,400.00,100 גרם,false,0,13.80,3.45,true,1,
7290000238029,false,"בצק עלים צרפתי מרודד מעדנות 1 ק""ג",תנובה מרכז שיתופי לשיווק תוצרת,IL,בצק עלים מרודד,קילוגרמים,1.00,"ק""ג",false,0,22.90,22.90,true,1,
7290000238036,false,מלאווח מעדנות 6 יח`700 גרם קפוא,תנובה מרכז שיתופי לשיווק תוצרת,IL,מלווח מעדנית,גרמים,700.00,100 גרם,false,0,16.90,2.41,true,1,
7290000238173,false,.בורקס במילוי גבינה 800 גרם מעדנות,מיוצר עי קונדיטוריית,IL,בורקס גבינה קפוא,גרמים,800.00,100 גרם,false,0,19.90,2.49,true,1,
7290000238180,false,בורקס במילוי תפוא 800 גרם מעדנות,מיוצר עי קונדיטוריית,IL,"בורקס תפו""א קפוא",גרמים,800.00,100 גרם,false,0,19.70,2.46,true,1,
7290000240558,false,עלים בלינצ'ס/קרפ סוזט700,"מעדנות בע""מ",IL,עלי בלינצ'ס,גרמים,700.00,100 גרם,false,0,26.00,3.71,true,1,
7290000244082,false,"הוואי שלישיית סבון נוזלי שמיים כחולים 500 מ""ל","הנקל סוד בע""מ",IL,סב.נוזלי הוואי,ליטרים,1.50,ליטר,false,0,17.90,11.93,true,1,
7290000244143,false,קרם הוואי לאחר גילוח+ לחות 120 מ``ל,טרופיקל דגיל קוסמטיק,IL,קרם לאחר גילוח,גרמים,120.00,100 גרם,false,0,23.90,19.92,true,1,
7290000244761,false,"קרם ידיים ולווטה 100 מ""ל",טרופיקל דגיל קוסמטיק,IL,קרם ידיים ולווטה,מיליליטרים,100.00,"100 מ""ל",false,0,9.90,9.90,true,1,
7290000245072,false,סוד מרכך כביסה בייבי סנסטיב 4 ליטר,גורי שיווק בעמ,IL,מרכך כביסה בייבי,ליטרים,4.00,ליטר,false,0,15.90,3.98,true,1,
7290000245089,false,סוד סופט מרכך כביסה סגול 4 ליטר,גורי שיווק בעמ,IL,מרכך כביסה סוד,ליטרים,4.00,ליטר,false,0,15.90,3.98,true,1,
7290000245157,false,סוד סופט מרכך כביסה סנסיישן 4 ליטר,גורי שיווק בעמ,IL,מרכך כביסה סוד,ליטרים,4.00,ליטר,false,0,15.90,3.98,true,1,
7290000245294,false,"פרסיל אבקת כביסה סופרא 2.5ק""ג",גורי שיווק בעמ,IL,אבקת כביסה פרסיל,קילוגרמים,2.50,"ק""ג",false,0,19.90,7.96,true,1,
7290000245782,false,סוד סופט מרכך כביסה ורוד 4 ליטר,גורי שיווק בעמ,IL,מרכך כביסה סוד,ליטרים,4.00,ליטר,false,0,15.90,3.98,true,1,
7290000245799,false,סוד סופט מרכך כביסה כחול 4 ליטר,גורי שיווק בעמ,IL,מרכך כביסה סוד,ליטרים,4.00,ליטר,false,0,15.90,3.98,true,1,
7290000253220,false,שוקולדצ`יפס לאפייה 260 גר`אופנהיימר,תה ויסוצקי (ישראל) בעמ,IL,שוקולד צ'יפס,גרמים,300.00,100 גרם,false,0,10.80,3.60,true,1,
7290000253251,false,נטיפי שוקולד צ`יפס לבן לאפיה 250 גרם,תה ויסוצקי (ישראל) בעמ,IL,שוקו צ'יפס לבן,גרמים,300.00,100 גרם,false,0,10.80,3.60,true,1,
7290000255897,false,שוקולד חלב+פיצפוצים100גר,שטראוס גרופ,IL,שוקולד פיצפוצים,גרמים,100.00,100 גרם,false,0,5.50,5.50,true,1,
7290000256085,false,רולעדין גלילי ופל 100 גר,מאפים 4 ב10,IL,גלילי רולעדין,גרמים,100.00,100 גרם,false,0,6.80,6.80,true,1,
7290000256207,false,ופלים מצופים עדין 20*25ג,עדין,IL,ופל מצופה 25 יח,גרמים,500.00,100 גרם,false,0,15.30,3.06,true,1,
7290000256269,false,פיצפוצית 450 גרם,,IL,פיצפוצית,גרמים,450.00,100 גרם,false,0,18.90,4.20,true,1,
7290000260839,false,ספרינג משקה תפוזים 1.5ל',יפאורה שותפות מובגלת לשיווק,IL,ספרינג תפוזים,ליטרים,1.50,ליטר,false,0,6.20,4.13,true,1,
7290000260853,false,ספרינג משקה מנגו 1.5 ל',יפאורה שותפות מובגלת לשיווק,IL,ספרינג מנגו,ליטרים,1.50,ליטר,false,0,6.20,4.13,true,1,
7290000260860,false,ספרינג משקה אפרסק 1.5 ל',יפאורה שותפות מובגלת לשיווק,IL,ספרינג אפרסק,ליטרים,1.50,ליטר,false,0,6.20,4.13,true,1,
7290000260969,false,ספרינג אשכולית/אננס לייט,יפאורה שותפות מובגלת לשיווק,IL,ספרינג דיאט,ליטרים,1.50,ליטר,false,0,6.20,4.13,true,1,
7290000262239,false,נייר טואלט מולט 48 גלילים,קימברלי קלארק ישראל שיווק בעמ,,נייר טואלט מולט,מטרים,843.00,100 מטר,false,0,37.90,4.50,true,1,
7290000262499,false,מגבוני נייר לח קידס48*3י,חוגלה קימברלי,IL,מגבוני נ.טואלט,יחידה,1.00,יחידה,false,0,15.90,15.90,true,1,
7290000263298,false,מגבות נייר 4גליל כפול,חוגלה קימברלי,IL,מגבות נייר ג'מבו,מטרים,86.00,מטר,false,1,13.50,0.16,true,1,
7290000264752,false,רדיד אלומיניום זוג עם הטבעה ניקול,קימברלי קלארק ישראל שיווק בעמ,IL,רדיד אלומיניום2*,מטרים,15.00,מטר,false,1,10.80,0.72,true,1,
7290000267029,false,שקדים מולבנים חצויים השף 100 גרם,דין שיווק וקליה 2021 בעמ,IL,שקד מולבן חצוי,גרמים,100.00,100 גרם,false,0,12.80,12.80,true,1,
7290000267036,false,שקדים מולבנים משובבים השף 100 גרם,דין שיווק וקליה 2021 בעמ,IL,שקד מולבן משובב,גרמים,100.00,100 גרם,false,0,12.80,12.80,true,1,
7290000267043,false,שקדים מולבנים פרוסים השף 100 גרם,דין שיווק וקליה 2021 בעמ,IL,שקד מולבן פרוס,גרמים,100.00,100 גרם,false,0,12.80,12.80,true,1,
7290000267050,false,שקדים טבעיים טחונים השף 100 גרם,דין שיווק וקליה 2021 בעמ,IL,שקד טבעי טחון,גרמים,100.00,100 גרם,false,0,12.80,12.80,true,1,
7290000267104,false,שקד מולבן גרוס 100 גר` דין שיוק,דין שיווק וקליה 2021 בעמ,IL,שקד טבעי גרוס,גרמים,100.00,100 גרם,false,0,12.80,12.80,true,1,
7290000267425,false,שמן זית שקדיה כתית מעולה 750מל,שקדיה,IL,שמן זית כתית,מיליליטרים,750.00,"100 מ""ל",false,0,29.60,3.95,true,1,
7290000267500,false,קליפות הדר מצופות שוקולד מריר שקדיה 200 גרם,"דין שיווק וקלייה בע""",IL,קליפות הדר בשוק,גרמים,200.00,100 גרם,false,0,14.80,7.40,true,1,
7290000267678,false,גרעיני דלעת טבעי קלוף שקדיה 150 ג',דין שיווק וקליה 2021 בעמ,IL,גרעין דלעת קלוף,גרמים,150.00,100 גרם,false,0,16.80,11.20,true,1,
7290000272443,false,סירופ דיאט בטעם תפוזים עסיס 1 ליטר,קבוצת אוסם סחר שותפות מוגבלת,IL,סירופ דיאט תפוז,ליטרים,1.00,ליטר,false,0,10.90,10.90,true,1,
7290000272467,false,עסיס פטל דיאט סירופ 1 ליטר,קבוצת אוסם סחר שותפות מוגבלת,IL,סירופ פטל דיאט,ליטרים,1.00,ליטר,false,0,10.90,10.90,true,1,
7290000272696,false,מיץ לימון טבעי משומר 1 ליטר עסיס כלפ,קבוצת אוסם סחר שותפות מוגבלת,IL,מיץ לימון משומר,ליטרים,1.00,ליטר,false,0,9.50,9.50,true,1,
7290000272726,false,חומץ רכיבים רכיבים טבעיים 5% עסיס 1 ליטר,קבוצת אוסם סחר שותפות מוגבלת,IL,חומץ 5%,ליטרים,1.00,ליטר,false,0,6.90,6.90,true,1,
7290000275901,false,חומוסטחינה צנובר צבר400ג,סלטי אסם 2 ב 25,IL,חומוסטחינה צנובר,גרמים,400.00,100 גרם,false,1,14.90,3.73,true,1,
7290000284316,false,קוקה -קולה בקבוק 1.5 ליטר,החברה המרכזית לייצור משקאות,IL,קוקה קולה,ליטרים,1.50,ליטר,false,0,6.20,4.13,true,1,
7290000284347,false,סודה קינלי (1.5 ליטר),החברה המרכזית להפצת משקאות בעמ,IL,קינלי סודה,ליטרים,1.50,ליטר,false,0,4.00,2.67,true,1,
7290000284361,false,קולה דיאט בקבוק 1.5 ל',החברה המרכזית לייצור משקאות,IL,קוקה קולה דיאט,ליטרים,1.50,ליטר,false,0,6.20,4.13,true,1,
7290000284743,false,דיאט קולה נ.קופאין 1.5 ל,החברה המרכזית להפצת משקאות בעמ,IL,דיאט קולה,ליטרים,1.50,ליטר,false,0,6.80,4.53,true,1,
7290000285849,false,שוופס מי סודה 1.5 ליטר,יפאורה שותפות מובגלת לשיווק,IL,שוופס מי סודה,ליטרים,1.50,ליטר,false,0,3.30,2.20,true,1,
7290000286228,false,ספוגיות לניקוי כללי סנו סושי 6 יחידות,החברה הדרומית לשיווק בעמ,IL,כרית יפנית,יחידה,1.00,יחידה,false,0,10.00,10.00,true,1,
7290000286297,false,"אנטי קאלק מסיר אבנית מקומקום סנו 700 מ""ל",החברה הדרומית לשיווק בעמ,IL,סנו מסיר אבן,מיליליטרים,700.00,"100 מ""ל",false,0,9.90,1.41,true,1,
7290000286549,false,מטליות לניקוי כללי סנו סושי 9 יחידות,החברה הדרומית לשיווק בעמ,IL,מטליות לכל 9 יח,יחידה,1.00,יחידה,false,0,9.50,9.50,true,1,
7290000286594,false,אבקה לניקוי במיכל לימון X סנו 600 גרם,החברה הדרומית לשיווק בעמ,IL,סנוX- קרם לניק,גרמים,600.00,100 גרם,false,0,9.90,1.65,true,1,
7290000286761,false,ניילון נצמד סנו סושי פלסטיק מארז 30X2 מ',החברה הדרומית לשיווק בעמ,IL,צמד ניילון נצמד,מטרים,60.00,מטר,false,0,9.90,0.17,true,1,
7290000286891,false,שמפו לרצפה מגן קריסטל סנו (1 ליטר),החברה הדרומית לשיווק בעמ,IL,סנו מגן קריסטל,ליטרים,1.00,ליטר,false,0,28.00,28.00,true,1,
7290000286921,false,סנוקל רסס וכבס תרסיס אקדח 750 מ``ל,החברה הדרומית לשיווק בעמ,IL,סנוקל רסס וכבס,מיליליטרים,750.00,"100 מ""ל",false,0,10.00,1.33,true,1,
7290000287102,false,סנו שטיחים קצף לניקוי שטיחים 600 סמק,החברה הדרומית לשיווק בעמ,IL,סנו שמפו לשטיחים,גרמים,540.00,100 גרם,false,0,18.90,3.50,true,1,
7290000287195,false,"סנו רהיט ספריי עשיר בווקס להברקה 305 מ""ל",החברה הדרומית לשיווק בעמ,IL,סנו רהיט מרסס,מיליליטרים,305.00,"100 מ""ל",false,0,13.90,4.56,true,1,
7290000287430,false,סנובון צבעוני לאסלה בריח לימון שלישייה,החברה הדרומית לשיווק בעמ,IL,סנובון לאסלה 3יח,גרמים,165.00,100 גרם,false,0,10.90,6.61,true,1,
7290000287485,false,"שלישיית סנובון לובר לאסלה ""סנו""",החברה הדרומית לשיווק בעמ,IL,סנובון בריח לובר,גרמים,165.00,100 גרם,false,0,10.90,6.61,true,1,
7290000287492,false,"סנובון נוזל לניקוי אסלות בריח לימון סנו 750 מ""ל",החברה הדרומית לשיווק בעמ,IL,סנובון נוזלי,מיליליטרים,750.00,"100 מ""ל",false,0,8.90,1.19,true,1,
7290000287621,false,"אנטי קאלק נוזל לניקוי אסלות סנו 750 מ""ל",החברה הדרומית לשיווק בעמ,IL,סנו מנקה אסלות,מיליליטרים,750.00,"100 מ""ל",false,0,12.80,1.71,true,1,
7290000288017,false,אקונומיקה בריח לימון סנו ז'אוול 1 ליטר,החברה הדרומית לשיווק בעמ,IL,סנו JAVEL,ליטרים,1.00,ליטר,false,0,7.70,7.70,true,1,
7290000288024,false,סנו - ז'אוול אקונומיקה בריח לימון 4 ליטר,החברה הדרומית לשיווק בעמ,IL,סנו JAVEL אקונומ,ליטרים,4.00,ליטר,false,0,16.50,4.13,true,1,
7290000288031,false,"אקונומיקה תו תקן 4 ליטר ""סנו""",החברה הדרומית לשיווק בעמ,IL,סנו אקונמיקה,ליטרים,4.00,ליטר,false,0,10.90,2.73,true,1,
7290000288048,false,ז`אוול מרסס לניקוי כללי לבנדר סנו (1 ליט,החברה הדרומית לשיווק בעמ,IL,סנו ג'אוול לבנדר,ליטרים,1.00,ליטר,false,0,15.90,15.90,true,1,
7290000288079,false,סנו - ז'אוול אקונומיקה לימון 2 ליטר,החברה הדרומית לשיווק בעמ,IL,סנו JAVEL מלבין,ליטרים,2.00,ליטר,false,0,11.80,5.90,true,1,
7290000288086,false,אבקת ניקוי עם אקונומיקה בריח לימון סנו ז'אוול 600 ג',החברה הדרומית לשיווק בעמ,IL,סנו ג'אוול אבק,גרמים,600.00,100 גרם,false,0,10.90,1.82,true,1,
7290000288291,false,סנומט דוחה יתושים לוחיות אידוי 30 יחידות,החברה הדרומית לשיווק בעמ,IL,סנומט נגד יתוש,יחידה,1.00,יחידה,false,0,12.80,12.80,true,1,
7290000288352,false,"קוטל חרקים וזוחלים K-300 סנו 630 מ""ל",החברה הדרומית לשיווק בעמ,IL,300-K קוטל חרק,מיליליטרים,630.00,"100 מ""ל",false,0,20.90,3.32,true,1,
7290000288840,false,מים מזוקקים 2 ליטר לגיהוץ,החברה הדרומית לשיווק בעמ,IL,סנו מים מזוקקים,ליטרים,2.00,ליטר,false,0,10.00,5.00,true,1,
7290000289052,false,פוליויקס נוזל רצפות בניחוח סחלבים סנו 4 ליטר,סנו פוליויקס,IL,פוליויקס לריצפה,ליטרים,4.00,ליטר,false,0,35.90,8.98,true,1,
7290000289069,false,סנו - ז'אוול מרסס קצף ניקוי בתוספת אקונומיקה בריח לימון 1 ליטר,החברה הדרומית לשיווק בעמ,IL,סנו ג'אוול מרסס,ליטרים,1.00,ליטר,false,0,15.90,15.90,true,1,
7290000289472,false,סנו סושי רב שקית שקיות אשפה90*76 50י,החברה הדרומית לשיווק בעמ,IL,50 שקיות אשפה,יחידה,1.00,יחידה,false,0,18.90,18.90,true,1,
7290000289496,false,"סנו - ז'אוול ג'ל קרם לניקוי כללי לימון 750 מ""ל",החברה הדרומית לשיווק בעמ,IL,ג'אוול ג'ל קרם,מיליליטרים,750.00,"100 מ""ל",false,0,10.90,1.45,true,1,
7290000289595,false,"אורביטול משחת שיניים לילדים בטעם תות שדה 145 מ""ל",טרופיקל דגיל תעשיות קוסמ,IL,משחת שיניים,גרמים,145.00,100 גרם,false,0,7.40,5.10,true,1,
7290000289601,false,סנו ז'אוול בריח לבנדר 2 ל',"סנו מפעלי ברונוס בע""מ",IL,סנו ג'אוול,ליטרים,2.00,ליטר,false,0,11.80,5.90,true,1,
7290000289748,false,"מסיר שומנים לתנורים פורטה פלוס סנו 750 מ""ל",החברה הדרומית לשיווק בעמ,IL,סנו פורטה,מיליליטרים,750.00,"100 מ""ל",false,0,14.80,1.97,true,1,
7290000289885,false,"מטהר אוויר ענק אושנבריז סנו פרש 375 מ""ל",החברה הדרומית לשיווק בעמ,IL,מטהר סנופרש ענק,מיליליטרים,375.00,"100 מ""ל",false,0,9.80,2.61,true,1,
7290000291932,false,"סנובון נוזל לניקוי אסלה בניחוח לבנדר סנו 750 מ""ל",החברה הדרומית לשיווק בעמ,IL,סנובון נוזלי,מיליליטרים,750.00,"100 מ""ל",false,0,8.90,1.19,true,1,
7290000292311,false,פוליויקס נוזל רצפות בניחוח סחלבים סנו 2 ליטר,החברה הדרומית לשיווק בעמ,IL,סנו פוליויקס,ליטרים,2.00,ליטר,false,0,20.00,10.00,true,1,
7290000292564,false,סנו K-2000 תרסיס מיקרו קפסולרי ללא ריח 750 מ”ל,החברה הדרומית לשיווק בעמ,IL,סנו 2000-K תרסיס,מיליליטרים,750.00,"100 מ""ל",false,0,29.90,3.99,true,1,
7290000292687,false,סנובון מוצק לניקוי אסלה קלאסיק כחול סנו 3 יחידות,החברה הדרומית לשיווק בעמ,IL,סנובון כחול 3 יח,גרמים,165.00,100 גרם,false,0,15.00,9.09,true,1,
7290000292915,false,רסס ונגב לניקוי כללי תרסיס סנו (750 מל),החברה הדרומית לשיווק בעמ,IL,סנו רסס נגב מרסס,מיליליטרים,750.00,"100 מ""ל",false,0,10.00,1.33,true,1,
7290000292939,false,אקווה בלו למיכל אסלה100ג,סנו מפעלי ברונוס בעמ,IL,אקווה בלו לאסלה,גרמים,100.00,100 גרם,false,0,13.90,13.90,true,1,
7290000293073,false,מקסימה מרכך כביסה ביו לבן סנו 4 ליטר,החברה הדרומית לשיווק בעמ,IL,מרכך כביסה,ליטרים,4.00,ליטר,false,0,19.90,4.98,true,1,
7290000293530,false,שקית מילוי לסנו סופג לחות ומונע עובש,החברה הדרומית לשיווק בעמ,IL,סנו סופג לחות,גרמים,340.00,100 גרם,false,0,11.70,3.44,true,1,
7290000293561,false,"תרסיס להסרת כתמי עובש עם אקונומיקה סנו 750 מ""ל",החברה הדרומית לשיווק בעמ,IL,סנו מסיר עובש,מיליליטרים,750.00,"100 מ""ל",false,0,15.90,2.12,true,1,
7290000293943,false,"מרסס לבן מסיר אבנית 1 ליטר אנטי קאלק ""סנו""",החברה הדרומית לשיווק בעמ,IL,סנו אנטי קאלק,ליטרים,1.00,ליטר,false,0,16.50,16.50,true,1,
7290000294391,false,נוזל לניקוי כללי בניחוח סחלבים סנו ג'ט 4 ליטר,החברה הדרומית לשיווק בעמ,IL,סנו ג'ט,ליטרים,4.00,ליטר,false,0,15.00,3.75,true,1,
7290000294773,false,אקונומיקה בריח לבנדר סנו ז'אוול 4 ליטר,החברה הדרומית לשיווק בעמ,IL,סנו ג'אוול 4 ליט,ליטרים,4.00,ליטר,false,0,16.50,4.13,true,1,
7290000294780,false,אקונומיקה סמיכה בריח לימון סנו ז'אוול 4 ליטר,החברה הדרומית לשיווק בעמ,IL,סנו ג'אוול 4 ל,ליטרים,4.00,ליטר,false,0,16.50,4.13,true,1,
7290000295299,false,סנו סושי כריות הפלא רב תכלתיות רביעייה,החברה הדרומית לשיווק בעמ,IL,כרית יפנית,יחידה,1.00,יחידה,false,0,9.70,9.70,true,1,
7290000295367,false,"מקסימה אבקת כביסה אפקט ז'אוול סנו 2.5 ק""ג",החברה הדרומית לשיווק בעמ,IL,אבקת כביסה,קילוגרמים,2.50,"ק""ג",false,0,26.90,10.76,true,1,
7290000295404,false,שקיות אשפה עם שרוך 54 * 65 סנו סושי 60 יחידות,החברה הדרומית לשיווק בעמ,IL,שקיות אשפה,יחידה,1.00,יחידה,false,0,21.60,21.60,true,1,
7290000295503,false,זוג שקיות מזון טבע 19*25 סנו סושי 150 יחידות,החברה הדרומית לשיווק בעמ,IL,שקיות אוכל צמד,יחידה,1.00,יחידה,false,0,13.50,13.50,true,1,
7290000295541,false,סנו סושי רב מגבת ג`מבו 75 יחידות,החברה הדרומית לשיווק בעמ,IL,סנו סושי רב מגבת,מטרים,21.00,מטר,false,0,12.90,0.61,true,1,
7290000295558,false,"רדיד אלומיניום רוחב 30 ס""מ סנו סושי 2 יח' 7.5 מטר",החברה הדרומית לשיווק בעמ,IL,צמד רדידי אלומינ,מטרים,15.00,מטר,false,0,10.00,0.67,true,1,
7290000295565,false,"רדיד אלומיניום רוחב 45 ס""מ סנו 2 יח' 7.5 מטר",החברה הדרומית לשיווק בעמ,IL,צמד רדידי אלומינ,מטרים,15.00,מטר,false,0,16.30,1.09,true,1,
7290000295572,false,"מארז זוגי מנקה אסלות 00 סנו 750 מ""ל",החברה הדרומית לשיווק בעמ,IL,צמד מנקה אסלות,ליטרים,1.50,ליטר,false,0,16.90,11.27,true,1,
7290000295749,false,ספוג סאקי מסאז' כיף 1 יחידה,החב. הדרומית לשיווק,IL,ספוג סאקי מסג',יחידה,1.00,יחידה,false,0,14.00,14.00,true,1,
7290000300139,false,המבורגר מן הצומח 750 גרם,טבעול,IL,המבורגר מן הצומח,גרמים,750.00,100 גרם,false,0,35.60,4.75,true,1,
7290000300337,false,נקנקיה וינר מן הצומח 750,טבעול,IL,נקניקיה מן הצומח,גרמים,750.00,100 גרם,false,0,29.90,3.99,true,1,
7290000300689,false,שניצל ברוקולי 750 גרם,טבעול,IL,שניצל ברוקולי,גרמים,750.00,100 גרם,false,0,32.90,4.39,true,1,
7290000300924,false,שניצל תרד 750 גרם,טבעול,IL,שניצל תרד,גרמים,750.00,100 גרם,false,0,31.30,4.17,true,1,
7290000301662,false,שניצל מןהצומח %5שומן 750,טבעול,IL,שניצל מן הצומח,גרמים,750.00,100 גרם,false,0,33.90,4.52,true,1,
7290000301778,false,כרובית בציפוי פריך 500גר,טבעול ישראל,IL,כרובית בציפוי,גרמים,500.00,100 גרם,false,0,29.30,5.86,true,1,
7290000302027,false,סיגריות טיים אדום פא,"דובק בע""מ",IL,טיים RED חבילה,יחידה,1.00,יחידה,false,0,264.90,264.90,false,1,
7290000302065,false,ברודווי 80 פאקט,"דובק בע""מ",IL,ברודווי 80,יחידה,1.00,יחידה,false,0,264.90,264.90,false,1,
7290000302102,false,סיגריות מונטנה 10 יח,"דובק בע""מ",IL,מונטנה פילטר,יחידה,1.00,יחידה,false,0,274.90,274.90,false,1,
7290000302225,false,נובלס ורג'יניה פילטר,"דובק בע""מ",IL,נובלס פילטר,יחידה,1.00,יחידה,false,0,264.90,264.90,false,1,
7290000302294,false,גולף גולד ארוך סופט פאקט,"דובק בע""מ",IL,גולף 100 חבילה,יחידה,1.00,יחידה,false,0,274.90,274.90,false,1,
7290000302621,false,טיים בלו ארוך פאקט,"דובק בע""מ",IL,טיים BLUE 100,יחידה,1.00,יחידה,false,0,264.90,264.90,false,1,
7290000302881,false,גולף גולד ארוך פאקט,"דובק בע""מ",,גולף גולד,יחידה,1.00,יחידה,false,0,274.90,274.90,false,1,
7290000303598,false,שעועית לבנה ברוטב עגבניות פרי הגליל 570 גרם,ויטה -פרי גליל (החדשה) בעמ,IL,שעועית ברוטב,גרמים,570.00,100 גרם,false,0,6.90,1.21,true,1,
7290000303604,false,חומוס גרגירים 560 ג' פרי הגליל,ויטה- פרי גליל (החדשה) בעמ,IL,חומוס שלם,גרמים,550.00,100 גרם,false,0,6.20,1.13,true,1,
7290000304663,false,סלט טונה נון 160 גרם בדצ עדה חרדית,דיפלומט מפיצים (1968) בעמ**,IL,סלט טונה פיקנט,גרמים,160.00,100 גרם,false,0,7.80,4.88,true,1,
7290000305349,false,פסטרמה טונה מעוש.בשמן120,סטארקיסט,IL,פסטרמה טונה,גרמים,120.00,100 גרם,false,0,14.50,12.08,true,1,
7290000305516,false,ממרח סלמון מעודן 160גרם,סטארקיסט,IL,ממרח סלמון,גרמים,160.00,100 גרם,false,1,10.90,6.81,true,1,
7290000305882,false,אס הרינג עם ירקות ברוטב עגבניות 120 גרם,דיפלומט מפיצים (1968) בעמ**,IL,אס דגים+ירקות,גרמים,120.00,100 גרם,false,0,6.00,5.00,true,1,
7290000306230,false,לגונה ממרח צמחי 85X3גרם,סטארקיסט,IL,לגונה ממרח צמחי,גרמים,255.00,100 גרם,false,0,12.90,5.06,true,1,
7290000307015,false,אפונת גינה בינונית פרי הגליל 550 גרם,ויטה פרי גליל (החדשה) בע`מ,IL,אפונת גינה,גרמים,550.00,100 גרם,false,0,6.80,1.24,true,1,
7290000307046,false,אפונת גינה וגזר פרי הגליל 550 גרם,ויטה -פרי גליל (החדשה) בעמ,IL,אפונת גינה וגזר,גרמים,550.00,100 גרם,false,0,6.50,1.18,true,1,
7290000307220,false,גרעיני תירס מתוק בואקום פרי הגליל 285 גרם,ויטה- פרי גליל (החדשה) בעמ,IL,גרעיני תירס,גרמים,340.00,100 גרם,false,0,6.20,1.82,true,1,
7290000307237,false,גרעיני תירס מתוק פרי הגליל 550 גרם,ויטה פרי גליל (החדשה) בע`מ,IL,גרעיני תירס,גרמים,550.00,100 גרם,false,0,6.40,1.16,true,1,
7290000307343,false,שעועית ירוקה חתוכה פרי הגליל 550 גרם,ויטה פרי גליל (החדשה) בע`מ,IL,שעועית ירוקה,גרמים,550.00,100 גרם,false,0,6.90,1.25,true,1,
7290000309699,false,מטאטא זנב סוס עם מקל,המברשת רוחמה,IL,מטאטא עם מקל,יחידה,1.00,יחידה,false,0,50.50,50.50,true,1,
7290000311203,false,"וופלים בטעם שוקולד ""מן"" 200 גרם",רוקחמן בעמ מפעל לייצור ופלים ו,IL,ופלים טעם שוקולד,גרמים,200.00,100 גרם,false,0,4.40,2.20,true,1,
7290000311210,false,"וופלים בטעם לימון ""מן"" 200 גרם",רוקחמן בעמ מפעל לייצור ופלים ו,IL,וופלים לימון,גרמים,200.00,100 גרם,false,0,4.40,2.20,true,1,
7290000311425,false,ופל מצופה עשיריות מן 220 גרם מארז 10 יחידות,רוקחמן בעמ מפעל לייצור ופלים ו,IL,ופלים מצופים,גרמים,220.00,100 גרם,false,0,6.90,3.14,true,1,
7290000313184,false,עוגיות חברים גן חיות וניל אסם 250 גר',קבוצת אוסם סחר שותפות מוגבלת,IL,עוגיות גן חיות,גרמים,250.00,100 גרם,false,0,8.00,3.20,true,1,
7290000313283,false,אסם נודלס ביצים שטוחות 12*300גרם,פסטה זארה,IT,אטריות נודלס,גרמים,300.00,100 גרם,false,0,11.70,3.90,true,1,
7290000313290,false,אסם נודלס נודלס איטריות מסולסלות 200גר,קבוצת אוסם סחר שותפות מוגבלת,TH,אטריות נודלס,גרמים,200.00,100 גרם,false,0,11.00,5.50,true,1,
7290000313474,false,חומוסטחינה+פלפל חריף400ג,סלטי אסם 2 ב 25,IL,חונוסטחינה,גרמים,400.00,100 גרם,false,1,14.90,3.73,true,1,
7290000315126,false,קנור ציר עוף משחתי 300 ג,יוניליוור ישראל שיווק בע`מ,,ציר עוף קנור,גרמים,300.00,100 גרם,false,0,19.90,6.63,true,1,
7290000315157,false,מיונז אמיתי לחיץ 385 גרם,בסט פודס,IL,מיונז אמיתי לחיץ,גרמים,385.00,100 גרם,false,0,14.80,3.84,true,1,
7290000316444,false,ברנפלקס ל.תוספת סוכר500ג,יוניליוור,IL,"ברנפלקס ללת""ס",גרמים,500.00,100 גרם,false,0,24.70,4.94,true,1,
7290000316833,false,נשנושי ברנפלקס 375 גרם,יוניליוור,IL,נשנושי ברנפלקס,גרמים,375.00,100 גרם,false,0,16.90,4.51,true,1,
7290000318103,false,פסטרמה ברביקיו מעדניה,מעדני יחיעם ( 1993 ) בע`מ,IL,פסטרמה ברביקיו,קילוגרמים,0.00,"ק""ג",true,0,66.00,66.00,true,1,
7290000318127,false,נקניקיות ביס יחיעם (380 גרם),מעדני יחיעם (1993) בעמ,IL,"נקניקיות ""ביס""",גרמים,380.00,100 גרם,false,0,11.90,3.13,true,1,
7290000318479,false,נקניק פרושוטו בקר יחיעם 100 גרם,מעדני יחיעם ( 1993 ) בע`מ,IL,פרושוטו,גרמים,100.00,100 גרם,false,0,27.10,27.10,true,1,
7290000318493,false,כתף בקר מפולפל{מפולפל},מעדני יחיעם 1993 בעמ,IL,כתף בקר מפולפל,קילוגרמים,0.00,"ק""ג",true,0,110.00,110.00,true,1,
7290000318530,false,רוסטביף צלי בקר{יחיעם},מעדני יחיעם (1993) בעמ,IL,צלי בקר,קילוגרמים,0.00,"ק""ג",true,0,110.00,110.00,true,1,
7290000318684,false,סלמי פיין 85 800 גרם,מעדני יחיעם,IL,סלמי פיין 85,גרמים,800.00,100 גרם,false,0,34.30,4.29,true,1,
7290000318806,false,נקניק סרוולד סלמי מעדניה,מעדני יחיעם ( 1993 ) בע`מ,IL,סלמי סרוולד,קילוגרמים,0.00,"ק""ג",true,0,140.00,140.00,true,1,
7290000318868,false,סלמי פפרוני{יחיעם},מעדני יחיעם 1993 בעמ,IL,סלמי פפרוני,קילוגרמים,0.00,"ק""ג",true,0,69.00,69.00,true,1,
7290000318882,false,"מעושן איטלקי ק""ג{יחיעם}",מעדני יחיעם (1993) בעמ,IL,מעושן איטלקי,קילוגרמים,0.00,"ק""ג",true,0,59.00,59.00,true,1,
7290000318929,false,סלמי צרפתי מובחר במשקל,מעדני יחיעם ( 1993 ) בע`מ,IL,סלמי צרפתי מובחר,קילוגרמים,0.00,"ק""ג",true,0,139.00,139.00,true,1,
7290000318943,false,פסטרמה של פעם מעושן 1.5% יחיעם 200 גרם,מעדני יחיעם ( 1993 ) בע`מ,IL,פסטרמה של פעם,גרמים,200.00,100 גרם,false,0,22.80,11.40,true,1,
7290000319520,false,נקניק סלמי צרפתי יחיעם 100 גרם,מעדני יחיעם (1993) בעמ,IL,סלמי צרפתי,גרמים,100.00,100 גרם,false,0,19.90,19.90,true,1,
7290000319704,false,כתף בקר מעושן יחיעם מעדניה,מעדני יחיעם ( 1993 ) בע`מ,IL,כתף בקר מעושן,קילוגרמים,0.00,"ק""ג",true,0,95.00,95.00,true,1,
7290000319728,false,נקניק איטלקי מפולפל מעדניה,מעדני יחיעם ( 1993 ) בע`מ,IL,איטלקי מפולפל,קילוגרמים,0.00,"ק""ג",true,0,66.00,66.00,true,1,
7290000319803,false,קבנוס קלאסי יחיעם (125 גרם),מעדני יחיעם ( 1993 ) בע`מ,IL,קבנוס קלאסי,גרמים,125.00,100 גרם,false,5,14.90,11.92,true,1,
7290000319834,false,קבנוס פפרוני יחיעם (125 גרם),מעדני יחיעם ( 1993 ) בע`מ,IL,קבנוס פפרוני,גרמים,125.00,100 גרם,false,5,14.90,11.92,true,1,
7290000327532,false,פפסי קולה 1.5*6 ליטר,"טמפו משקאות בע""\מ",IL,פפסי קולה 6 יח,ליטרים,9.00,ליטר,false,0,21.90,2.43,true,1,
7290000327624,false,מי סודה טמפו 1.5 ליטר,"טמפו משקאות בע""מ",IL,מי סודה,ליטרים,1.50,ליטר,false,0,3.20,2.13,true,1,
7290000334325,false,ציפס למיקרו מארז שלישיה 125 ג' תפוגן,קבוצת אוסם סחר שותפות מוגבלת,IL,ציפס למיקרו,גרמים,375.00,100 גרם,false,0,13.80,3.68,true,1,
7290000334424,false,שניצל תפוגן ירקות 75,תפוגן,IL,שניצל ירקות,גרמים,750.00,100 גרם,false,0,22.90,3.05,true,1,
7290000334431,false,שניצל תירס 750 גרם,תפוגן,IL,שניצל תירס,גרמים,750.00,100 גרם,false,0,19.70,2.63,true,1,
7290000334745,false,"ציפס אמריקאי דקדק תפוגן 1.5 ק""ג",קבוצת אוסם סחר שותפות מוגבלת,IL,אמריקן צ'יפס,קילוגרמים,1.50,"ק""ג",false,0,26.90,17.93,true,1,
7290000334981,false,"אמריקן צ'יפס 1,2,3 750גר","תעשיות תפוגן בע""\מ",IL,אמריקן צ'יפס,גרמים,750.00,100 גרם,false,0,23.90,3.19,true,1,
7290000336053,false,תרכיז סיידר הגליל מיץ תפוחים מרוכז 330 מל,טמפו משקאות בע`מ,IL,סיידר תרכיז טב,מיליליטרים,330.00,"100 מ""ל",false,0,10.00,3.03,true,1,
7290000336275,false,"סיידר תפוח מוגז 330 מ""ל",טמפו,IL,סיידר תפוח מוג,מיליליטרים,330.00,"100 מ""ל",false,1,7.90,2.39,true,1,
7290000336282,false,"פריגת סיידר צלול 330 מ""ל בקבוק",טמפו משקאות בעמ,IL,סיידר תפוח צלול,מיליליטרים,330.00,"100 מ""ל",false,1,7.90,2.39,true,1,
7290000339191,false,רן אבקת הלבנה לכביסה 350 גרם,יוניליוור ישראל שיווק בע`מ,IL,רן אבקת הלבנה,גרמים,350.00,100 גרם,false,0,18.60,5.31,true,1,
7290000339566,false,מרכך כביסה ורוד בדין (4 ליטר),יוניליוור ישראל שיווק בע`מ,IL,מרכך כביסה בדין,ליטרים,4.00,ליטר,false,0,19.90,4.98,true,1,
7290000341071,false,בדין - מרכך כביסה בייבי לבן 2 ליטר,"יוניליוור ישראל שיווק בע""מ",IL,מרכך כביסה בייבי,ליטרים,2.00,ליטר,false,0,14.90,7.45,true,1,
7290000342832,false,מרכך כביסה צהוב בדין (4 ליטר),"יוניליוור ישראל שיווק בע""מ",IL,מרכך כביסה בדין,ליטרים,4.00,ליטר,false,0,19.90,4.98,true,1,
7290000342856,false,מרכך כביסה כחול בדין (4 ליטר),"יוניליוור ישראל שיווק בע""מ",IL,מרכך כביסה בדין,ליטרים,4.00,ליטר,false,0,19.90,4.98,true,1,
7290000345055,false,תה עלים ארל גריי ויסוצקי 100 גרם,תה ויסוצקי (ישראל) בעמ,IL,תה ארל גריי עלים,גרמים,100.00,100 גרם,false,0,14.00,14.00,true,1,
7290000345116,false,תה ירוק עלים ויסוצקי (125 גרם),תה ויסוצקי (ישראל) בעמ,IL,תה ירוק עלים,גרמים,125.00,100 גרם,false,0,14.00,11.20,true,1,
7290000345208,false,תה כחול קלאסיק ויסוצקי 25 יחידות,תה ויסוצקי (ישראל) בעמ,IL,תה ויסוצקי מעודן,גרמים,25.00,100 גרם,false,0,6.40,25.60,true,1,
7290000345215,false,תה כחול קלאסיק ויסוצקי 100 יחידות,תה ויסוצקי (ישראל) בעמ,IL,תה ויסוצקי 100שק,גרמים,100.00,100 גרם,false,0,15.90,15.90,true,1,
7290000345260,false,תה קלאסיק מעטפות ויסוצקי 25 יחידות,תה ויסוצקי (ישראל) בעמ,IL,תה ויסוצקי,גרמים,37.00,100 גרם,false,0,6.90,18.65,true,1,
7290000345277,false,תה קלאסיק מעטפות ויסוצקי 50 יחידות,תה ויסוצקי (ישראל)בעמ,IL,תה ויסוצקי 50 שק,גרמים,75.00,100 גרם,false,0,12.90,17.20,true,1,
7290000345284,false,תה ויסוצקי קלאסי אריזה ירוקה מרובעת (100 שקיקים),תה ויסוצקי (ישראל) בעמ,IL,תה ויסוצקי ירוק,גרמים,150.00,100 גרם,false,0,16.90,11.27,true,1,
7290000345291,false,תה ארל גרי 1.5/ 25 שקיקים ויסוצקי,תה ויסוצקי (ישראל) בעמ,IL,תה ארל גריי,גרמים,37.00,100 גרם,false,0,16.60,44.86,true,1,
7290000345307,false,תה ארל גרי 1.5/ 50 שקיקים ויסוצקי,תה ויסוצקי (ישראל) בעמ,IL,תה ארל גריי 50שק,גרמים,75.00,100 גרם,false,0,29.90,39.87,true,1,
7290000345598,false,תה ויסוצקי פירות אפר,ויסוצקי,IL,תה אפרסק,גרמים,50.00,100 גרם,false,0,16.50,33.00,true,1,
7290000345604,false,תה לימון 25 שקיקים 2 גרם,ויסוצקי,IL,תה לימון,גרמים,50.00,100 גרם,false,0,16.50,33.00,true,1,
7290000346021,false,חליטת קמומיל הגן הקסום ויסוצקי 50 יחידות,תה ויסוצקי (ישראל) בעמ,IL,חליטת קמומיל,גרמים,75.00,100 גרם,false,0,32.60,43.47,true,1,
7290000346137,false,חליטת הילולי פירות הגן הקסום ויסוצקי 25 יחידות,תה ויסוצקי (ישראל) בעמ,IL,חליטת פירות,גרמים,62.00,100 גרם,false,0,16.90,27.26,true,1,
7290000346144,false,הגן הקסום תה עינוגי התפוח ויסוצקי 25 יחידות,תה ויסוצקי (ישראל) בעמ,IL,חליטת פירות,גרמים,67.00,100 גרם,false,0,16.90,25.22,true,1,
7290000346199,false,חליטת פירות יער הגן הקסום ויסוצקי 25 יחידות,תה ויסוצקי (ישראל) בעמ,IL,חליטת פירות היער,גרמים,67.00,100 גרם,false,0,16.90,25.22,true,1,
7290000346205,false,חליטת קמומיל הגן הקסום ויסוצקי 25 יחידות,תה ויסוצקי (ישראל) בעמ,IL,חליטת קמומיל,גרמים,37.00,100 גרם,false,0,16.90,45.68,true,1,
7290000346212,false,חליטת מנטה הגן הקסום ויסוצקי 25 יחידות,תה ויסוצקי (ישראל) בעמ,IL,חליטת מנטה,גרמים,50.00,100 גרם,false,0,16.90,33.80,true,1,
7290000346960,false,תה ויסוצקי נענע 1.7 גרם 50יח',תה ויסוצקי (ישראל) בעמ,IL,תה נענע,גרמים,75.00,100 גרם,false,0,27.50,36.67,true,1,
7290000347738,false,תה ירוק בתוספת עלי נענע 25 שקיקים,תה ויסוצקי (ישראל) בעמ,IL,תה ירוק נענע,גרמים,37.00,100 גרם,false,0,25.90,70.00,true,1,
7290000347752,false,תה ירוק לימונית ולואיזה 25 שקיקים *1.5 ג'' ויסוצקי,תה ויסוצקי (ישראל) בעמ,IL,תה ירוק לימונית,גרמים,37.00,100 גרם,false,0,25.90,70.00,true,1,
7290000355757,false,עגבניות מרוסקות טריות טל 800 גרם,ויטה -פרי גליל (החדשה) בעמ,IL,עגבניות מרוסקות,גרמים,800.00,100 גרם,false,0,7.60,0.95,true,1,
7290000357386,false,פילה מרלוזה קפוא מחיר לפ,פריגוצאקו / פרגוואי,AR,פילה מרלוזה,קילוגרמים,0.00,"ק""ג",true,0,29.90,29.90,true,1,
7290000363189,false,סרוולד טירת צבי מעדנ,הנסיך- מפעל לייצור ט,IL,סלמי סרוולד,קילוגרמים,0.00,"ק""ג",true,0,148.00,148.00,true,1,
7290000363202,false,סלמי גליל מעושן נקניק מעושן חצי יבש 600 גרם,הנסיך- מפעל לייצור ט,IL,נקניק סלמי גליל,גרמים,600.00,100 גרם,false,0,34.60,5.77,true,1,
7290000363462,false,סלמי איטלקי מעושן ט.צבי,תנובה בשר,IL,מעושן איטלקי,קילוגרמים,0.00,"ק""ג",true,0,72.00,72.00,true,1,
7290000363486,false,נקניק תה טירת צבי מע,תנובה בשר,IL,נקניק תה,קילוגרמים,0.00,"ק""ג",true,0,52.00,52.00,true,1,
7290000364261,false,"דקניקים, סלסולי פסטרמה כתף בקר מעושנת 120 גרם",תנובה מרכז שיתופי לשיווק תוצרת,IL,דקניקים כתף בקר,גרמים,120.00,100 גרם,false,0,15.90,13.25,true,1,
7290000364278,false,דקניקים סלסולי סלמי איטלקי משובח טירת צבי 120 גרם,תנובה מרכז שיתופי לשיווק תוצרת,IL,דקניקים סלמי דק,גרמים,120.00,100 גרם,false,0,15.90,13.25,true,1,
7290000364285,false,דקניקים סלסולי פסטרמה הודו טירת צבי 120 גרם,תנובה מרכז שיתופי לשיווק תוצרת,IL,דקניקים פסטרמה,גרמים,120.00,100 גרם,false,0,15.90,13.25,true,1,
7290000364292,false,דקניקים סלסולי פסטרמה הודו על גחלים 1% טירת צבי 120 גרם,תנובה מרכז שיתופי לשיווק תוצרת,IL,דקמיקים פסטרמה,גרמים,120.00,100 גרם,false,0,15.90,13.25,true,1,
7290000364773,false,נקניקיות עוף תפזורת משקל,טירת- צבי,IL,נקניקיות עוף,קילוגרמים,0.00,"ק""ג",true,0,23.90,23.90,true,1,
7290000364803,false,נקניקיות בקר אמריקאיות טירת צבי 500 גרם,הנסיך- מפעל לייצור ט,IL,נקניקיות בקר,גרמים,500.00,100 גרם,false,0,27.90,5.58,true,1,
7290000364810,false,נקניקיות עגל 500 גרםטירת צבי,הנסיך- מפעל לייצור ט,IL,נקניקיות עגל,גרמים,500.00,100 גרם,false,0,26.90,5.38,true,1,
7290000364858,false,"נקניקיות עוף טרי טירת צבי 1 ק""ג",הנסיך- מפעל לייצור ט,IL,נקניקיות עוף,קילוגרמים,1.00,"ק""ג",false,0,29.90,29.90,true,1,
7290000364872,false,נקניקיות עוף טירת צבי (400 גרם),טיב טירת צבי 2000,IL,נקניקיות עוף,גרמים,400.00,100 גרם,false,0,14.10,3.53,true,1,
7290000365107,false,כתף בקר מפולפל{טירת צבי},תנובה קפואים,IL,כתף מפולפל,קילוגרמים,0.00,"ק""ג",true,0,98.00,98.00,true,1,
7290000365398,false,חזה הודו בדבשטירת צבי,תנובה בשר,IL,חזה הודו בדבש,קילוגרמים,0.00,"ק""ג",true,0,84.00,84.00,true,1,
7290000365749,false,פס.הודו מעושנת ד.שומן קג,תנובה בשר,IL,פס.הודו מעושנת,קילוגרמים,0.00,"ק""ג",true,0,84.00,84.00,true,1,
7290000365756,false,פסטרמה על גחלים ד.ש משקל,תנובה קפואים,IL,פסטרמה ברביקיו,קילוגרמים,0.00,"ק""ג",true,0,84.00,84.00,true,1,
7290000365909,false,פסטרמה הודו מעושנתטירת צבי,טירת- צבי,IL,פסטרמה הודו מעוש,קילוגרמים,0.00,"ק""ג",true,0,84.00,84.00,true,1,
7290000365954,false,פסטרמה גחלים טירת צבי,תנובה בשר,IL,פסטרמה על גחלי,קילוגרמים,0.00,"ק""ג",true,0,84.00,84.00,true,1,
7290000365978,false,פסטרמה בשום וצ'לי במשקל,טירת צבי,IL,פסטרמה בשום,קילוגרמים,0.00,"ק""ג",true,0,84.00,84.00,true,1,
7290000367590,false,פסטרמה כפרית וסלמי פריזר כפרי טירת צבי 2*400 גרם,תנובה מרכז שיתופי לשיווק תוצרת,IL,צמד כפרי נקניקים,גרמים,800.00,100 גרם,false,0,34.90,4.36,true,1,
7290000369037,false,סלט קוביות בולגרית גבינות ניצן 200 גרם,גבינות אמיר ניצן בעמ,IL,גבינה בולגרית,גרמים,175.00,100 גרם,false,0,18.10,10.34,true,1,
7290000369341,false,לבנה אבו גוש ירוק15%משקל,גבינות אמיר ניצן בעמ,IL,לבנה אבו גוש 15%,קילוגרמים,0.00,"ק""ג",true,0,56.00,56.00,true,1,
7290000369365,false,מעדן גבינה בולגרית עם חציל 9% ניצן 200 גרם,גבינות אמיר ניצן בעמ,IL,מעדן חציל+גבינה,גרמים,200.00,100 גרם,false,0,13.90,6.95,true,1,
7290000369617,false,מעדן כדורי פטה בשמן מתובל ניצן 230 גרם,גבינות אמיר ניצן בעמ,IL,כדורי פטה בשמן,גרמים,225.00,100 גרם,false,0,17.70,7.87,true,1,
7290000369709,false,חמאה עירונית בתוספת ריחן ושום טרי גבינות ניצן 100 גרם,גבינות אמיר ניצן בעמ,IL,חמאה מתובלת,גרמים,100.00,100 גרם,false,0,13.40,13.40,true,1,
7290000379128,false,חלה פרוס.וארוז500.גרם231,מאפיית שלמה א. אנג'\ל בע,IL,חלה פרוסה וארוזה,גרמים,500.00,100 גרם,false,0,9.20,1.84,true,1,
7290000379142,false,לחם עינן מחיטה מלאה פרוס 750 גרם(מרובע),מאפיית שלמה א. אנג'\ל בע,IL,לחם עינן פרוס,גרמים,750.00,100 גרם,false,0,15.90,2.12,true,1,
7290000379203,false,לחם עינן קל פרוס מחיטה מלאה אנג'ל 500 גרם,מאפיית שלמה א. אנג'\ל בע,IL,לחם עינן קל 500 גרם,גרמים,500.00,100 גרם,false,0,15.90,3.18,true,1,
7290000379357,false,חלה קלה פרוסה 500 גרם,מאפיית שלמה א. אנג'\ל בע,IL,חלה קלה פרוסה 500 גרם,גרמים,500.00,100 גרם,false,0,13.80,2.76,true,1,
7290000396224,false,תפוחי אדמה גורמה שקיל,אראל תוצרת חקלאית בע,IL,תפוחי אדמה גורמה,קילוגרמים,0.00,"ק""ג",true,1,5.50,5.50,true,1,
7290000396439,false,עגבניות שרי מידיפלס יח,ביכורי השדה צפון 1994 ג.ד. בעמ,IL,שרי מידיפלס יח,יחידה,1.00,יחידה,false,0,9.90,9.90,true,1,
7290000408316,false,יוגורט דנונה דל לקטוז 200 גרם,שטראוס גרופ בעמ/מצונן,IL,יוגורט ביו 3%,גרמים,200.00,100 גרם,false,0,3.60,1.80,true,1,
7290000408354,false,יוגורט עם אורז מצופה שוקולד קקאו 175 ג' דנונה,שטראוס גרופ בעמ/מצונן,IL,דנונה בר פצפוצים,גרמים,173.00,100 גרם,false,0,4.50,2.60,true,1,
7290000412481,false,נוזל לניקוי אסלות 00 סנו (1 ליטר),החברה הדרומית לשיווק בעמ,IL,"מנקה אסלות 00""",ליטרים,1.00,ליטר,false,0,6.90,6.90,true,1,
7290000416021,false,ממרח בטעם שוקולד השחר העולה (500 גרם),השחר העולה תעשית ממתקים בעמ,IL,ממרח השחר,גרמים,500.00,100 גרם,false,0,12.90,2.58,true,1,
7290000416045,false,ממרח בטעם שוקולד השחר העולה (1 קג),השחר העולה תעשית ממתקים בעמ,IL,ממרח השחר,קילוגרמים,1.00,"ק""ג",false,0,23.60,23.60,true,1,
7290000416076,false,"צימקאו לאפייה וציפוי השחר 400 גרם כשל""פ",השחר העולה תעשית ממתקים בעמ,IL,צימקאו לאפיה,גרמים,400.00,100 גרם,false,0,11.90,2.98,true,1,
7290000416618,false,"ממרח שוקולד פרווה השחר 400 גרם כשל""פ",השחר העולה תעשית ממתקים בעמ,IL,ממרח בטעם שוקולד,גרמים,400.00,100 גרם,false,0,11.50,2.88,true,1,
7290000416632,false,"ממרח שוקולד פרווה השחר 1 ק""ג כשל""פ",השחר העולה תעשית ממתקים בעמ,IL,ממרח שוקולד השחר,קילוגרמים,1.00,"ק""ג",false,0,23.90,23.90,true,1,
7290000416854,false,אבקת קקאו השחר העולה (150 גרם),השחר העולה תעשית ממתקים בעמ,IL,קקאו השחר העולה,גרמים,150.00,100 גרם,false,0,9.90,6.60,true,1,
7290000419107,false,לנדוור קפה מקורי לבוקר טחון טורקי 100 גרם,קפה לנדוור בע''מ,IL,קפה שחור לנדוור,גרמים,100.00,100 גרם,false,0,8.50,8.50,true,1,
7290000419114,false,קפה טחון שחור לנדוור 200 גר,"קפה לנדוור בע""\מ",IL,קפה שחור לנדוור,גרמים,200.00,100 גרם,false,0,16.60,8.30,true,1,
7290000419367,false,קפה לנדוור מקורי 70*4גרם,קפה לנדוור,,קפה לנדוור 4 יח',גרמים,280.00,100 גרם,false,0,19.70,7.04,true,1,
7290000419893,false,לנדוור קפה שחור חזק טחון טורקי 100 גרם,מולינו ניקולי s.p.a,IL,קפה שחור לבוקר,גרמים,100.00,100 גרם,false,0,8.50,8.50,true,1,
7290000419909,false,לנדוור קפה שחור לבוקר טחון טורקי 100 גרם,מולינו ניקולי s.p.a,IL,קפה בטעם אספרסו,גרמים,100.00,100 גרם,false,0,8.50,8.50,true,1,
7290000420325,false,"פופסטאר פופקורן למקירוגל בטעם טבעי 5 שקיות,500 גרם","דנשר (1963) בע,מ",US,פופקורן למיקרו,גרמים,500.00,100 גרם,false,0,11.90,2.38,true,1,
7290000420332,false,פופסטאר פופקורן למיקרוגל בטעם חמאה 5 יחידות 500 גרם,"דנשר (1963) בע,מ",US,פופקורן למיקרו,גרמים,500.00,100 גרם,false,0,11.90,2.38,true,1,
7290000420417,false,גלילונית שקיות אשפה 52X65 עם שרוך 60 יחידות,"איטיליאן פוד, אס.פי.",IL,גלילונית שרוך,יחידה,1.00,יחידה,false,0,17.90,17.90,true,1,
7290000432144,false,נרות שבת אקספורט 72 יח,פאלאס,IL,נרות שבת אקספורט,יחידה,1.00,יחידה,false,0,26.90,26.90,true,1,
7290000432182,false,נר נשמה בכוס 24 שעות,פאלאס תעשיות נטו (20,IL,נר נשמה בכוס,יחידה,1.00,יחידה,false,0,4.00,4.00,true,1,
7290000432335,false,נר זכרון בכוס פאלאס,פאלאס תעשיות נטו (2014) בעמ,IL,נר נשמה בכוס,יחידה,1.00,יחידה,false,0,5.90,5.90,true,1,
7290000432359,false,נר זכרון לשבוע נר ציון,פאלאס תעשיות נטו (2014) בעמ,IL,נר שבועי,יחידה,1.00,יחידה,false,0,11.00,11.00,true,1,
7290000432632,false,נרות שבת מס 4 180 גר,פאלאס תעשיות נטו (2014) בעמ,IL,נרות שבת,יחידה,1.00,יחידה,false,0,4.50,4.50,true,1,
7290000432649,false,נרות שבת 6 יחידות,פאלאס תעשיות נטו (2014) בעמ,IL,נרות שבת,יחידה,1.00,יחידה,false,0,4.50,4.50,true,1,
7290000432656,false,נרות שבת 8 יחידות,פאלאס תעשיות נטו (2014) בעמ,IL,נרות שבת,יחידה,1.00,יחידה,false,0,4.50,4.50,true,1,
7290000432663,false,נרות חימום 10 קוד,פאלאס תעשיות נטו (2014) בעמ,IL,נרות שבת,יחידה,1.00,יחידה,false,0,4.50,4.50,true,1,
7290000432694,false,נרות 20 180 גרם,פאלאס תעשיות נטו (2014) בעמ,IL,נרות שבת,יחידה,1.00,יחידה,false,0,4.50,4.50,true,1,
7290000432922,false,נריות בפלסטיק 5 שעות 72 יח,פאלאס תעשיות נטו (2014) בעמ,IL,נריות,יחידה,1.00,יחידה,false,0,21.90,21.90,true,1,
7290000433684,false,משקה מוגז בטעם קולה פפסי (1.5 ליטר),"טמפו משקאות בע""מ",IL,פפסי קולה,ליטרים,1.50,ליטר,false,0,5.30,3.53,true,1,
7290000433714,false,סבן אפ 1.5 ליטר,"טמפו משקאות בע""\מ",IL,סבן אפ,ליטרים,1.50,ליטר,false,0,5.40,3.60,true,1,
7290000433745,false,מירינדה 1.5 ליטר,"טמפו משקאות בע""מ",IL,מירינדה תפוזים,ליטרים,1.50,ליטר,false,0,5.40,3.60,true,1,
7290000433899,false,דיאט סבן אפ 1.5 ליטר,טמפו,IL,דיאט סבן אפ,ליטרים,1.50,ליטר,false,0,5.40,3.60,true,1,
7290000433974,false,פפסי מקס 1.5 ליטר,"טמפו משקאות בע""מ",IL,פפסי מקס,ליטרים,1.50,ליטר,false,0,5.90,3.93,true,1,
7290000442013,false,"פמינה - שטיפה אינטימית לנערות 220 מ""ל",פמינה,IL,פמינה,מיליליטרים,220.00,"100 מ""ל",false,0,21.60,9.82,true,1,
7290000442587,false,"קרם רב שימושי תוספת 33% גינקו 220 מ""ל.",כ.צ.ט,IL,קרם רב שימושי,מיליליטרים,250.00,"100 מ""ל",false,0,20.60,8.24,true,1,
7290000446110,false,פריכיות אורז עם מלח בטר אנד דיפרנט 100 גרם,בטר אנד דיפרנט בעמ,IL,פרכיות אורז,גרמים,100.00,100 גרם,false,0,4.60,4.60,true,1,
7290000446127,false,פירכיות אורז ללא מלח בטר אנד דיפרנט 100 גרם,בטר אנד דיפרנט בעמ,IL,פריכיות אורז,גרמים,100.00,100 גרם,false,0,4.60,4.60,true,1,
7290000446547,false,חמאת בוטנים טבעית בטר אנד דיפרנט 350 גרם,"בטר אנד דיפרנט בע""מ",IL,חמאת בוטנים,גרמים,350.00,100 גרם,false,0,11.90,3.40,true,1,
7290000446776,false,פיצפוצי אורז מלא ללא סוכר ומלח בשקית 450 גרם,בטר אנד דיפרנט בעמ,IL,אורז תפוח קל,גרמים,500.00,100 גרם,false,0,16.20,3.24,true,1,
7290000450209,false,נתחי טונה בהירה בשמן פוסידון (108 גרם),"מיוצר עי וליגר בעמ,",IL,טונה פוסידון,גרמים,108.00,100 גרם,false,0,5.80,5.37,true,1,
7290000453019,false,שמרים טריים לאפייה שקית שמרית 50 ג',שטראוס גרופ בעמ/מצונן,IL,שמרית-שמרים טרי,גרמים,50.00,100 גרם,false,0,4.20,8.40,true,1,
7290000453125,false,שמרית שמרים טריים לאפיה +משפר אפיה 100ג,שטראוס גרופ בעמ/מצונן,IL,שמרית+ משפר אפיה,גרמים,100.00,100 גרם,false,0,7.40,7.40,true,1,
7290000453385,false,שמרים יבשים פארא אינסטנט 500 גרם עלית,שטראוס גרופ בע`מ,,שמרים יבשים פאקא,גרמים,500.00,100 גרם,false,0,13.90,2.78,true,1,
7290000453880,false,מרגרינה ללא מלח לאפיה ובישול שמרית 200גר,שטראוס גרופ בעמ (ח),IL,מרגרינה,גרמים,200.00,100 גרם,false,1,4.90,2.45,true,1,
7290000453941,false,בצק פריך מלוח 500 גרם,פאקא,IL,בצק פריך מלוח,גרמים,500.00,100 גרם,false,1,10.90,2.18,true,1,
7290000461625,false,בייגלה שמיניות מלח בייגל בייגל 400 ג',יוניליוור ישראל שיווק בע`מ,IL,בייגלה שמיניות,גרמים,400.00,100 גרם,false,0,7.90,1.98,true,1,
7290000461656,false,בייגלה מקלות מלוחים בייגל בייגל 400 גרם,"יוניליוור ישראל שיווק בע""מ",IL,בייגלה מקלות,גרמים,400.00,100 גרם,false,0,7.90,1.98,true,1,
7290000461700,false,בייגלה שמיניות גדולות מלוחות 400 גרם,יוניליוור ישראל שיווק בע`מ,IL,בייגלה גדול,גרמים,400.00,100 גרם,false,0,10.00,2.50,true,1,
7290000461724,false,בייגלה שמיניות גדולות שומשום בייגל בייגל,"יוניליוור ישראל שיווק בע""מ",IL,בייגלה שמיניות,גרמים,400.00,100 גרם,false,0,15.10,3.78,true,1,
7290000461793,false,בייגלה ארוך ארוך סידרה ירוקה בייגל בייגל 150 גרם,יוניליוור ישראל שיווק בע`מ,IL,בייגל ארוך ארוך,גרמים,150.00,100 גרם,false,0,6.30,4.20,true,1,
7290000461861,false,דג דג חטיף מלוח 400 גרם,בייגל את בייגל מזון 198),IL,דג דג חטיף מלוח,גרמים,400.00,100 גרם,false,0,13.50,3.38,true,1,
7290000461922,false,ביג ביג מקלות שומשום150ג,יוניליוור ישראל שיווק בעמ,IL,בייגלה ביג ביג,גרמים,150.00,100 גרם,false,0,6.30,4.20,true,1,
7290000462103,false,סחוג תימני אדום חריף עדין זהבי הכרם 150 גרם,שטראוס גרופ בעמ/מצונן,IL,סחוג זהבי אדום,גרמים,150.00,100 גרם,false,0,7.40,4.93,true,1,
7290000462141,false,סחוג אדום תימני מקורי חריף מאוד זהבי 150 גרם,שטראוס גרופ בעמ/מצונן,IL,זחוק אדום חריף,גרמים,150.00,100 גרם,false,0,7.40,4.93,true,1,
7290000462172,false,סחוג זחוק ירוק תימני חריף זהבי (150 גרם),שטראוס גרופ בעמ/מצונן,IL,סחוג זהבי ירוק,גרמים,150.00,100 גרם,false,0,7.40,4.93,true,1,
7290000462233,false,זחוק זיתים קלמטה 150 גרם,זהבי הכרם,IL,זחוק זיתים קלמטה,גרמים,150.00,100 גרם,false,1,8.90,5.93,true,1,
7290000462448,false,זחוק חריף בטעם לימונ,זהבי הכרם,IL,לימוזחוק,גרמים,150.00,100 גרם,false,1,8.90,5.93,true,1,
7290000463148,false,זית מנזנילו בינוני560גרם,בית השיטה,IL,זית ירוקים,גרמים,560.00,100 גרם,false,0,9.80,1.75,true,1,
7290000463377,false,זיתים חרוזית 560 גרם,בית-השיטה עסיס תעשיות מז,IL,זיתים חרוזית,גרמים,560.00,100 גרם,false,0,9.50,1.70,true,1,
7290000463490,false,טבעות זיתים ירוקים 560ג,בית השיטה,IL,טבעות זית ירוק,גרמים,560.00,100 גרם,false,0,9.80,1.75,true,1,
7290000463698,false,סלט קרם סלק 220 גרם,צבר,IL,סלט קרם סלק,גרמים,220.00,100 גרם,false,1,10.70,4.86,true,1,
7290000464459,false,קוקטייל זיתים בית הש,בית השיטה,IL,קוקטייל זיתים,גרמים,560.00,100 גרם,false,0,10.80,1.93,true,1,
7290000465876,false,חומוסיבוב ברוטב חריף400ג,צבר,IL,חומוסיבוב,גרמים,400.00,100 גרם,false,1,14.90,3.73,true,1,
7290000466163,false,מלפ.גולן מלח 7-9 560 גרם,בית-השיטה עסיס תעשיות מז,IL,מלפפונים במלח,גרמים,560.00,100 גרם,false,0,6.30,1.13,true,1,
7290000466170,false,מלפפונים במלח בינוני 10-12 560 גרם,בית-השיטה עסיס תעשיות מז,IL,מלפפונים במלח,גרמים,560.00,100 גרם,false,0,7.00,1.25,true,1,
7290000466187,false,מלפפונים במלח קטן 13-17 320 גרם,בית-השיטה עסיס תעשיות מז,IL,מלפפונים במלח,גרמים,560.00,100 גרם,false,0,10.00,1.79,true,1,
7290000466194,false,מלפפונ.במלח18-25 560 גרם,בית-השיטה עסיס תעשיות מז,IL,מלפפונים במלח,גרמים,560.00,100 גרם,false,0,11.90,2.13,true,1,
7290000467153,false,מלך החומוס סמיר הגדול 400 גרם צבר,קבוצת אוסם סחר שותפות מוגבלת,IL,חומוס סמיר הגדול,גרמים,400.00,100 גרם,false,0,14.20,3.55,true,1,
7290000467160,false,מלפפון בחומץ גדול7-9 560,בית השיטה,IL,מלפפונים בחומץ,גרמים,560.00,100 גרם,false,0,6.30,1.13,true,1,
7290000467177,false,מלפפון 12-10 בחומץ 560גר,בית השיטה,IL,מלפפונים בחומץ,גרמים,560.00,100 גרם,false,0,7.00,1.25,true,1,
7290000467184,false,מלפפונים בחומץ קטנים,בית-השיטה עסיס תעשיות מז,IL,מלפפונים בחומץ,גרמים,560.00,100 גרם,false,0,10.00,1.79,true,1,
7290000467191,false,מלפ.בחומץ18-25 560 גרם,בית-השיטה עסיס תעשיות מז,IL,מלפפונים בחומץ,גרמים,560.00,100 גרם,false,0,11.90,2.13,true,1,
7290000467320,false,מלך החומוס אבו מרוואן 400 גרם,קבוצת אוסם סחר שותפות מוגבלת,IL,מלך החומוס צבר,גרמים,400.00,100 גרם,false,0,14.90,3.73,true,1,
7290000468006,false,כרוב כבוש בית השיטה 560ג,בית-השיטה עסיס תעשיו,IL,כרוב כבוש,גרמים,560.00,100 גרם,false,0,7.60,1.36,true,1,
7290000468167,false,פלפל שיפקה בית השיטה,בית-השיטה עסיס תעשיות מז,IL,פלפל שיפקה,גרמים,560.00,100 גרם,false,0,7.20,1.29,true,1,
7290000469638,false,"ספריי לגיהוץ קל מריטו 500 מ""ל",בולטון מניטובה,IL,מריטו לגיהוץ קל,מיליליטרים,500.00,"100 מ""ל",false,0,21.10,4.22,true,1,
7290000474021,false,חלב 3% בשקית טרה (1 ליטר)פיקוח,*החברה המרכזית להפצת משקאותבעמ,IL,חלב 3% בשקית 1 ל,ליטרים,1.00,ליטר,false,0,4.80,4.80,true,1,
7290000474090,false,"חלב בקרטון 1%- 1 ליטר בד""צ - מוצר בפיקוח",*החברה המרכזית להפצת משקאותבעמ,IL,חלב טרי טרה 1%,ליטרים,1.00,ליטר,false,0,5.40,5.40,true,1,
7290000474410,false,טרה חמאה מהדרין 100ג,Unknown,IL,חמאה טרה,גרמים,100.00,100 גרם,false,0,3.80,3.80,true,1,
7290000474502,false,גבינה לבנה טרה 5% מרכיבים טבעיים,*החברה המרכזית להפצת משקאותבעמ,IL,גבינה לבנה 5%,גרמים,250.00,100 גרם,false,0,4.60,1.84,true,1,
7290000474540,false,גבינה טוב טעם 3% טרה 250ג' מהדרין,החברה המרכזית טלהפצת משקאות בע,IL,גבינת טוב טעם3%,גרמים,250.00,100 גרם,false,0,10.50,4.20,true,1,
7290000480107,false,קוואקר שיבולת שועל פחית 500 גרם,שטראוס פריטו ליי בעמ,GB,קואקר שיבולת,גרמים,500.00,100 גרם,false,0,12.90,2.58,true,1,
7290000480329,false,ממתיק מלאכותי הרמזית נטול קלוריות 800 טבליות,דיפלומט מפיצים (1968) בעמ**,CH,ממתיק הרמזית,גרמים,9.00,100 גרם,false,0,24.70,274.44,true,1,
7290000480442,false,קוואקר שיבולת שועל בשקית 500 גרם,שטראוס פריטו ליי בע`מ,GB,קואקר,גרמים,500.00,100 גרם,false,0,12.80,2.56,true,1,
7290000481531,false,דגנית עין בר לחמניות אצבע מחיטה מלאה בשקית 750 ג',דגנית עין בר תעשיות מזון ואפיה,IL,לחמניות חיטה מלאה75*10גר,גרמים,750.00,100 גרם,false,0,15.40,2.05,true,1,
7290000482071,false,שקיות צליה ואפיה קוקי 20 יחידות,"ש. שסטוביץ בע""\מ",IL,קוקי שקיות אפיה,יחידה,1.00,יחידה,false,0,21.60,21.60,true,1,
7290000483139,false,מרציפן גולמי המרשלג 100 גרם,"המרשלג פרלינס בע""מ",IL,מרציפן,גרמים,100.00,100 גרם,false,0,9.80,9.80,true,1,
7290000484747,false,"ארק עלית 700 מ""ל 40% יקב הגליל*",יקב הגליל יוסף גולד ובניו,IL,עלית הארק,מיליליטרים,700.00,"100 מ""ל",false,1,59.90,8.56,true,1,
7290000490397,false,מנבו וניל פלדמן 20 יחידות,הגלידות של פלדמן,IL,מנבו 20 יחידות,גרמים,480.00,100 גרם,false,0,23.90,4.98,true,1,
7290000493176,false,אסם אבקת רוטב צלי לבשר 22 ג',קבוצת אוסם סחר שותפות מוגבלת,IL,רוטב צלי לבשר,גרמים,22.00,100 גרם,false,0,4.00,18.18,true,1,
7290000493183,false,אבקת רוטב פטריות לבשר-30 גרם,קבוצת אוסם סחר שותפות מוגבלת,IL,רוטב פטריות,גרמים,30.00,100 גרם,false,0,4.00,13.33,true,1,
7290000493923,false,פודינג שוקולד לבן 80 גרם,אסם,IL,פודינג שוקולד,גרמים,80.00,100 גרם,false,0,5.50,6.88,true,1,
7290000497044,false,לחם אקטיב ברמן (750 גרם),מאפית י את א ברמן בע,IL,לחם ברמן אקטיב,גרמים,750.00,100 גרם,false,0,10.00,1.33,true,1,
7290000497228,false,לחמניה רגילה בשקית ברמן 6יח',מאפית י את א ברמן בע,IL,6 לחמניות בשקית,גרמים,450.00,100 גרם,false,0,10.80,2.40,true,1,
7290000497273,false,לחמניות אקטיב ברמן שישייה 450 גרם,מאפית י את א ברמן בע,IL,6 לחמניות אקטיב,גרמים,450.00,100 גרם,false,1,13.90,3.09,true,1,
7290000497303,false,"שישיית לחמניות מקמח מלא ""ברמן""",מאפית י את א ברמן בע,IL,6לחמניות קמח מלא,גרמים,450.00,100 גרם,false,0,11.50,2.56,true,1,
7290000497426,false,לחם ברמן לענין פלוס 500 גרם,מאפית י את א ברמן בע,IL,לחם ברמן קל,גרמים,500.00,100 גרם,false,0,13.80,2.76,true,1,
7290000497457,false,לחם דגנים 750 גרם,"י.את.א.ברמן בע""\מ",IL,לחם דגנים,גרמים,750.00,100 גרם,false,0,13.80,1.84,true,1,
7290000497488,false,חלה פלוס ברמן( 500 גרם),מאפית י את א ברמן בע,IL,חלה קלה 500 גרם,גרמים,500.00,100 גרם,false,0,13.80,2.76,true,1,
7290000497532,false,לחם ברמן לעניין פרוס ברמן (750 גרם),מאפית י את א ברמן בע,IL,לחם ברמן לענין,גרמים,750.00,100 גרם,false,0,14.30,1.91,true,1,
7290000497570,false,לחם דגנים פלוס ברמן 500 גרם,מאפית י את א ברמן בע,IL,לחם דגני קלות,גרמים,500.00,100 גרם,false,0,10.00,2.00,true,1,
7290000504025,false,ממתיק סוכרזית פטרייה עלית 300 גרם,אף.סי תבליני בגליל ב,IL,סוכרזית פטריה,גרמים,24.00,100 גרם,false,0,9.50,39.58,true,1,
7290000504049,false,סוכרזית קלאסי קנקן 1200 טבליות,אף.סי תבליני בגליל ב,IL,סוכרזית טבליות,גרמים,98.00,100 גרם,false,0,19.90,20.31,true,1,
7290000504278,false,ממתיק סוכרזית אריזת פטנט 700 טבליות,אף.סי תבליני בגליל ב,IL,סוכרזית טבליות,גרמים,57.00,100 גרם,false,0,15.90,27.89,true,1,
7290000518169,false,ממתיק מתוק וקל 1000 טבליות,מתוק וקל בע`מ,IL,מתוק וקל,גרמים,80.00,100 גרם,false,0,8.90,11.13,true,1,
7290000518190,false,מתוק וקל סטיביה 100 יחידות,מתוק וקל,IL,מתוק וקל סטיביה,גרמים,80.00,100 גרם,false,1,29.90,37.38,true,1,
7290000518220,false,ממתיק סוכרה דיאט 100 יחידות,מתוק וקל בעמ,IL,סוכרה דיאט,גרמים,80.00,100 גרם,false,1,26.90,33.63,true,1,
7290000518251,false,ממתיק זהב מתוק וקל 100 יחידות,מתוק וקל בע`מ,IL,מתוק וקל זהב,יחידה,1.00,יחידה,false,0,11.80,11.80,true,1,
7290000521008,false,יין אדום יבש של סגל (750 מל),"כרמי צבי - אחים סגל בע""\",IL,יין סגל אדום,מיליליטרים,750.00,"100 מ""ל",false,0,17.90,2.39,true,1,
7290000521015,false,יין לבן יבש של סגל (750 מל),פארייפאבה אגרואינדוס,IL,יין לבן של סגל,מיליליטרים,750.00,"100 מ""ל",false,0,17.90,2.39,true,1,
7290000521350,false,"זני של סגל קברנה 750 מ""ל","כרמי צבי-אחים סגל בע""\מ",IL,קברנה סוביניון,מיליליטרים,750.00,"100 מ""ל",false,0,19.90,2.65,true,1,
7290000521367,false,"זני של סגל מרלו 750 מ""ל",קריות זול,IL,יין מרלו של סגל,מיליליטרים,750.00,"100 מ""ל",false,0,19.90,2.65,true,1,
7290000521404,false,"יין מרום גליל קברנה סוביניון סינגל 750 מ""ל",תאי פרזידנט פוד פאבל,IL,מרום גליל קברנה,מיליליטרים,750.00,"100 מ""ל",false,0,29.90,3.99,true,1,
7290000521411,false,יין מרום גליל סינגל מרלו 750 מל,תאי פרזידנט פוד פאבל,IL,מרום גליל מרלו,מיליליטרים,750.00,"100 מ""ל",false,0,29.90,3.99,true,1,
7290000523118,false,"מלח ים יבש 1 ק""ג",תעשיות מלח לישראל,IL,מלח ים שולחני,קילוגרמים,1.00,"ק""ג",false,0,6.70,6.70,true,1,
7290000523125,false,מלח הארץ הים האדום 250 ג' עדין,"חברת מלח הארץ אילת בע""\מ",IL,מלח ים יבש,גרמים,250.00,100 גרם,false,0,3.90,1.56,true,1,
7290000523224,false,מלח הארץ הים האדום 500 ג' עדין,"חברת מלח הארץ אילת בע""\מ",IL,מלח ים דק,גרמים,500.00,100 גרם,false,0,7.80,1.56,true,1,
7290000523521,false,מלח ים מלח הארץ 250 גרם מועשר ביוד,חברת מלח הארץ אילת ב,IL,מלח ים מועשר,גרמים,250.00,100 גרם,false,0,5.90,2.36,true,1,
7290000523804,false,"מלח עדין צנצנת 1 ק""ג מלח הארץ","חברת מלח הארץ אילת בע""\מ",,מלח הארץ עדין,קילוגרמים,1.00,"ק""ג",false,0,7.20,7.20,true,1,
7290000523811,false,"צנצנת מלח גס 1 ק""ג מלח הארץ","חברת מלח הארץ אילת בע""\מ",IL,מלח הארץ גס,קילוגרמים,1.00,"ק""ג",false,0,7.20,7.20,true,1,
7290000525969,false,מיץ תפוזים סחוט רכיבים טבעיים פרימור 1 ליטר,שטראוס גרופ בעמ/מצונן,IL,מיץ תפוזים סחוט,ליטרים,1.00,ליטר,false,0,14.90,14.90,true,1,
7290000529813,false,תה ירוק ביו עדנים 20 שקי,עדנים,,תה ירוק 20 שקיות,גרמים,30.00,100 גרם,false,0,14.50,48.33,true,1,
7290000530024,false,נקניק תה מעושן רחב במשקל,נקניק זוגלובק נהריה,IL,נקניק תה מעושן,קילוגרמים,0.00,"ק""ג",true,0,50.00,50.00,true,1,
7290000530031,false,סלמי פיין צר זוגלובק,זוגלובק,IL,פיין סלמי צר,קילוגרמים,0.00,"ק""ג",true,0,64.00,64.00,true,1,
7290000530048,false,נקניק סלמי פפרוני במ,נקניק זוגלובק נהריה,IL,סלמי פפרוני,גרמים,0.00,"ק""ג",true,0,56.00,56.00,true,1,
7290000530062,false,נקניק מעושן איטלקי במשקל,זוגלובק שיווק בעמ,IL,נקניק איטלקי,קילוגרמים,0.00,"ק""ג",true,0,80.00,80.00,true,1,
7290000530109,false,קבנוס זוגי בואקום זוגלובק 180ג',נקניק נהריה כשר זוגל,IL,זוג קבנוס בואקום,גרמים,360.00,100 גרם,false,0,27.10,7.53,true,1,
7290000530116,false,נקניק סלמי מעושן בשן 470 ג' זוגלובק,נקניק נהריה כשר זוגל,IL,נקניק תה בשן70-,גרמים,470.00,100 גרם,false,0,26.90,5.72,true,1,
7290000530178,false,קוניאק זוגלובק שקילה,זוגלובק שיווק בעמ,IL,נקניק קוניאק,קילוגרמים,0.00,"ק""ג",true,0,85.00,85.00,true,1,
7290000530260,false,נקניק מרטדלה רחב במשקל,זוגלובק שיווק בעמ,IL,נקניק מרטדלה,קילוגרמים,0.00,"ק""ג",true,0,38.00,38.00,true,1,
7290000530291,false,נקניק מבשר הודו קטן זוגלובק 750 גרם,נקניק נהריה כשר זוגל,IL,נקניק מבשר הודו,גרמים,800.00,100 גרם,false,0,19.90,2.49,true,1,
7290000530369,false,פסטרמה גולן חזה הודו מעושן מעדניה,נקניק זוגלובק נהריה,IL,גולן חזה הודו,קילוגרמים,0.00,"ק""ג",true,0,79.00,79.00,true,1,
7290000530413,false,המבורגר זהב זוגלובק 400 גרם,נקניק נהריה כשר זוגל,IL,המבורגר זהב,גרמים,400.00,100 גרם,false,0,19.90,4.98,true,1,
7290000530444,false,כתף בקר מעושן אורלנדו מש,זוגלובק שיווק בעמ,IL,כתף בקר מעושן,קילוגרמים,0.00,"ק""ג",true,0,109.00,109.00,true,1,
7290000530468,false,"נקניקיות וינר זוגלובק 1 ק""ג",זוגלובק שיווק בעמ,IL,נקניקיות וינר,קילוגרמים,1.00,"ק""ג",false,0,32.00,32.00,true,1,
7290000530598,false,נקניקיות עוף וינר זוגלובק 500 גרם,נקניק נהריה כשר זוגל,IL,נקניקיות וינר,גרמים,500.00,100 גרם,false,0,15.80,3.16,true,1,
7290000530703,false,פסטרמה חרמון כפרית ונקניק תה מעושן זוגלובק 2*400 גרם,נקניק נהריה כשר זוגל,IL,מארז חרמון+תה,גרמים,800.00,100 גרם,false,0,32.40,4.05,true,1,
7290000531410,false,פסטרממיה בדבש טהור במשקל,נקניק זוגלובק נהריה,IL,פסטרממיה בדבש,קילוגרמים,0.00,"ק""ג",true,0,79.00,79.00,true,1,
7290000532400,false,פסטרמה חזה הודו ברביקיו זוגלובק,נקניק זוגלובק נהריה,IL,חזה הודו ברבקי,קילוגרמים,0.00,"ק""ג",true,0,79.00,79.00,true,1,
7290000532585,false,רוסטביף חצוי זוגלובק,נקניק זוגלובק נהריה,IL,רוסטביף חצוי,קילוגרמים,0.00,"ק""ג",true,0,109.00,109.00,true,1,
7290000532721,false,כתף בקר מעושן בפלפל טורו מעדניה,נקניק זוגלובק נהריה,IL,כתף בקר בפלפל,קילוגרמים,0.00,"ק""ג",true,0,109.00,109.00,true,1,
7290000533353,false,"בצק עלים מרודד זוגלובק 1 ק""ג",מאפיית אריאל וגידרון,IL,בצק עלים,גרמים,1000.00,100 גרם,false,0,15.50,1.55,true,1,
7290000534718,false,פסטרמה הודו תבור 1% שומן זוגלובק,נקניק זוגלובק נהריה,IL,חזה הודו תבור,קילוגרמים,0.00,"ק""ג",true,0,79.00,79.00,true,1,
7290000534800,false,פסטרמה הודו רומני מעדניה,נקניק זוגלובק נהריה,IL,פסטרמה הודו,קילוגרמים,0.00,"ק""ג",true,0,85.00,85.00,true,1,
7290000536743,false,שניצלונים קריספי ט. תירס 500 גר' זוגלובק,נקניק נהריה כשר זוגל,IL,קריספי סטיקסתירס,גרמים,500.00,100 גרם,false,0,17.90,3.58,true,1,
7290000537566,false,נקניקיות עוף טרי 400 ג' זוגלובק,נקניק נהריה כשר זוגל,IL,נקניקיות עוף,גרמים,400.00,100 גרם,false,0,14.60,3.65,true,1,
7290000537603,false,"נקניקיות עוף 1 ק""ג זוגלובק.",זוגלובק שיווק בעמ,IL,נקניקיות עוף,קילוגרמים,1.00,"ק""ג",false,0,29.20,29.20,true,1,
7290000538099,false,פסטרמה כפרית 2% שומן זוגלובק,זוגלובק שיווק בעמ,IL,פסטרמה כפרית,קילוגרמים,0.00,"ק""ג",true,0,79.00,79.00,true,1,
7290000540245,false,דובשניות דבש טבעי 400גרם,האחים,IL,דובשניות,גרמים,400.00,100 גרם,false,1,11.90,2.98,true,1,
7290000540931,false,עוגיות האחים 400 גרם פירמידה,האחים יצרני חטיפים,IL,עוגיות פרמידה,גרמים,400.00,100 גרם,false,1,9.90,2.48,true,1,
7290000552194,false,קישקע קפוא טיבון ויל (500 גרם),טיבון ויל אחזקות בעמ,IL,קישקע,גרמים,500.00,100 גרם,false,0,14.90,2.98,true,1,
7290000552569,false,סטייקבורגר בקר טיבון ויל 400 גרם,"טיבון ויל אחזקות בע""\מ",IL,סטייק בורגר,גרמים,400.00,100 גרם,false,0,20.90,5.23,true,1,
7290000552927,false,בשר עוף קפוא טחון טיבון ויל (500 גרם),"טיבון ויל אחזקות בע""\מ",IL,טחון עוף,גרמים,500.00,100 גרם,false,0,14.90,2.98,true,1,
7290000552934,false,בשר הודו קפוא טחון טיבון ויל (500 גרם),"טיבון ויל אחזקות בע""\מ",IL,טחון הודו 500גרם,גרמים,500.00,100 גרם,false,0,14.90,2.98,true,1,
7290000552989,false,בשר טחון טיבון ויל 500 גרם,"טיבון ויל אחזקות בע""\מ",IL,בשר טחון מובחר,גרמים,500.00,100 גרם,false,0,29.50,5.90,true,1,
7290000554402,false,מעדן חלב מלבי גד (160 גרם),מחלבות גד שיווק 1992 בעמ,IL,מלבי,גרמים,160.00,100 גרם,false,0,5.50,3.44,true,1,
7290000554457,false,גבינה צפתית 5% 350 גרם - רבנות,מחלבות גד שיווק 1992 בעמ,IL,גבינה צפתית5%,גרמים,350.00,100 גרם,false,0,16.90,4.83,true,1,
7290000554471,false,נקניק מוצרלה 22 אחוז 180גרם גד מהדרין,מחלבות גד שיווק 1992 בעמ,IL,גבינת מוצרלה 22%,גרמים,180.00,100 גרם,false,0,15.90,8.83,true,1,
7290000554532,false,גבינה צפתית מעודנת במלח ים 5% 200 ג' גד,מחלבות גד שיווק 1992 בעמ,IL,צפתית מעודנת 5%,גרמים,200.00,100 גרם,false,0,15.10,7.55,true,1,
7290000554600,false,מוצרלה מגורדת 22 אחוז 300גרם גד מהדרין,מחלבות גד שיווק 1992 בעמ,IL,מוצרלה מגורדת,גרמים,300.00,100 גרם,false,0,23.70,7.90,true,1,
7290000554686,false,גבינת לאבנה בתוספת שמן זית וזעתר 5% גד 250 גרם,מחלבות גד שיווק 1992 בעמ,IL,לאבנה בשמן זית5%,גרמים,250.00,100 גרם,false,0,14.50,5.80,true,1,
7290000554792,false,גבינה בולגרית 5%במשקל,מחלבות גד,IL,גבינה בולגרית 5%,גרמים,0.00,"ק""ג",true,0,58.00,58.00,true,1,
7290000554815,false,גבינת מוצרלה נקניק מעדנייה גד,מחלבות גד שיווק 1992 בעמ,IL,גבינת מוצרלה,גרמים,0.00,"ק""ג",true,0,78.00,78.00,true,1,
7290000554822,false,ריקוטה גבינה לבנה בסגנון איטלקי 5% גד 250 גרם,מחלבות גד שיווק 1992 בעמ,IL,גבינת ריקוטה 5%,גרמים,250.00,100 גרם,false,0,10.00,4.00,true,1,
7290000554839,false,מסקרפונה שמנת מתוקה קשה בסגנון איטלקי 40% גד 250 גרם,מחלבות גד שיווק 1992 בעמ,IL,גבינה מסקרפונה,גרמים,250.00,100 גרם,false,0,20.70,8.28,true,1,
7290000554921,false,גבינת ריקוטה איטלקית,מחלבות גד,IL,גבינה ריקוטה 5%,קילוגרמים,0.00,"ק""ג",true,0,39.00,39.00,true,1,
7290000554969,false,גב.שמנת 30%שומן1קג משקל,מחלבות גד,IL,גבינת שמנת 30%,קילוגרמים,0.00,"ק""ג",true,0,50.00,50.00,true,1,
7290000554976,false,גבינת שמנת זיתים גד,מחלבות גד,IL,גבינת שמנת זית,גרמים,0.00,"ק""ג",true,0,50.00,50.00,true,1,
7290000554983,false,גבינה לאבנה גד במשקל,מחלבות גד,IL,גבינה לאבנה 5%,קילוגרמים,0.00,"ק""ג",true,0,39.00,39.00,true,1,
7290000560533,false,אדג`פרו ג`ל לגילוח רגיל ירוק 220 מל,אס.סי ג'ונסון ובניו,US,אדג' ג'ל לגילוח,מיליליטרים,200.00,"100 מ""ל",false,0,16.90,8.45,true,1,
7290000560540,false,אדג`פרו ג`ל לגילוח עור רגיש כתום220,המאפיה של הרמן,US,אדג' ג'ל לגילוח,מיליליטרים,200.00,"100 מ""ל",false,0,16.90,8.45,true,1,
7290000571119,false,גבינה גאודה הולנדית מעדניה,מחלבות גד שיווק 1992 בעמ,IL,גבינת גאודה,קילוגרמים,0.00,"ק""ג",true,0,105.00,105.00,true,1,
7290000571126,false,גבינת גאודה+כמון בית,תנובה מרכז שיתופי לש,IL,גאודה כמון,קילוגרמים,0.00,"ק""ג",true,0,105.00,105.00,true,1,
7290000571188,false,גבינת גאודה תום עיזים במשקל,מחלבות גד שיווק 1992 בעמ,IL,גבינת עיזים,קילוגרמים,0.00,"ק""ג",true,0,140.00,140.00,true,1,
7290000571294,false,גבינת גאודה מעושנת ב,מחלבה בית יצחק,IL,גאודה מעושנת,קילוגרמים,0.00,"ק""ג",true,0,105.00,105.00,true,1,
7290000571386,false,המחלבה יוגורמה יוגורט מחלב כבשים 5% 850 גרם,גבינות משק אחים מאיר בית,IL,יוגורמה 5%,גרמים,850.00,100 גרם,false,0,25.90,3.05,true,1,
7290000571393,false,המחלבה יוגורמה יוגורט מחלב כבשים 5% 140 גרם,מחלבות גד שיווק 1992 בעמ,IL,יוגורמה,גרמים,140.00,100 גרם,false,0,5.90,4.21,true,1,
7290000571577,false,יוגורט טו גו יוגורמה,תנובה,,יוגורמה טו גו,גרמים,75.00,100 גרם,false,0,3.10,4.13,true,1,
7290000572628,false,חלבה חטיף לייט 25 ג* 11יח קופ`שי אחוה,אחדות ביחר לטחינה חל,IL,חטיף חלווה לייט,גרמים,275.00,100 גרם,false,0,13.90,5.05,true,1,
7290000574141,false,לחם חיטה מלא 750ג' דגנית עין בר,דגנית עין בר תעשיות מזון ואפיה,IL,לחם חיטה מלא 750 גרם,גרמים,750.00,100 גרם,false,0,10.90,1.45,true,1,
7290000574172,false,לחם קל מחיטה מלאה 750 ג' דגנית עין בר,דגנית עין בר תעשיות מזון ואפיה,IL,לחם קל מחיטה מלאה 750גרם,גרמים,750.00,100 גרם,false,0,14.50,1.93,true,1,
7290000574370,false,לחם שיפון אמיתי קל 750 ג' דגנית עין בר,דגנית עין בר תעשיות מזון ואפיה,IL,לחם שיפון קל,גרמים,750.00,100 גרם,false,0,15.10,2.01,true,1,
7290000574455,false,לחם חיטה מלא פלוס כוסמין 750 ג' דגנית עין בר,דגנית עין בר תעשיות מזון ואפיה,IL,לחם חיטה מלא,גרמים,750.00,100 גרם,false,1,13.90,1.85,true,1,
7290000612966,false,גרון הודו זכר ארוז,עוף עוז שיווק,IL,גרון הודו טרי,קילוגרמים,0.00,"ק""ג",true,0,23.90,23.90,true,1,
7290000630083,false,פטם קפוא מס' 3 עטרה מחיר,שונות,IL,פטם קפוא מס' 3,קילוגרמים,0.00,"ק""ג",true,0,24.90,24.90,true,1,
7290000631035,false,כבד עוף קפוא עטרה מחיר ל,שונות,IL,כבד עוף קפוא,קילוגרמים,0.00,"ק""ג",true,0,35.50,35.50,true,1,
7290000632599,false,ירכיים פטם קפוא עטרה מחי,נטו מלינדה סחר בעמ,IL,ירכיים פטם קפוא,קילוגרמים,0.00,"ק""ג",true,0,33.90,33.90,true,1,
7290000639901,false,שוקי עוף טרי ארוז,תנובה,IL,שוקיים עוף טרי,קילוגרמים,0.00,"ק""ג",true,0,32.90,32.90,true,1,
7290000642345,false,נתחי הודו טרי ארוז,תנובה,IL,נתחי הודו טרי,קילוגרמים,0.00,"ק""ג",true,0,27.90,27.90,true,1,
7290000642857,false,שוק נקבה טרי ארוז,תנובה,IL,שוק נקבה טרי,קילוגרמים,0.00,"ק""ג",true,0,28.90,28.90,true,1,
7290000643298,false,שוארמה הודו נ.טרי ארוז,תנובה,IL,שוארמה הודו טרי,קילוגרמים,0.00,"ק""ג",true,0,54.90,54.90,true,1,
7290000643953,false,כנף הודו נ.טרי ארוז,תנובה,IL,כנף הודו טרי,קילוגרמים,0.00,"ק""ג",true,0,17.90,17.90,true,1,
7290000644530,false,גרון הודו נ.טרי ארוז,תנובה,IL,גרון הודו טרי,קילוגרמים,0.00,"ק""ג",true,0,23.90,23.90,true,1,
7290000644684,false,פילה אמנון קפוא תנובה קג,איסטרוניקס,IL,פילה אמנון,קילוגרמים,0.00,"ק""ג",true,0,37.90,37.90,true,1,
7290000644783,false,נתחי פילה סלמון קפוא קג,תנובה קפואים,IL,פילה סלמון מנות,קילוגרמים,0.00,"ק""ג",true,0,84.90,84.90,true,1,
7290000646060,false,שוק הודו מפורק,,IL,שוק הודו מפורק,קילוגרמים,0.00,"ק""ג",true,0,44.90,44.90,true,1,
7290000653006,false,שוקי עוף טרי ארוז דיל,תנובה,IL,שוקיים עוף טרי,קילוגרמים,0.00,"ק""ג",true,0,32.90,32.90,true,1,
7290000653037,false,חזה עוף טרי ארוז דיל,תנובה,IL,חזה עוף טרי,קילוגרמים,0.00,"ק""ג",true,0,31.90,31.90,true,1,
7290000653044,false,פילה עוף טרי ארוז דיל,תנובה,IL,פילה עוף טרי,קילוגרמים,0.00,"ק""ג",true,0,32.90,32.90,true,1,
7290000653051,false,לב עוף טרי ארוז דיל,תנובה,IL,לב עוף טרי,קילוגרמים,0.00,"ק""ג",true,0,23.90,23.90,true,1,
7290000653068,false,פרגיות עוף טרי ארוז דיל,תנובה,IL,פרגיות עוף טרי,קילוגרמים,0.00,"ק""ג",true,0,54.90,54.90,true,1,
7290000653075,false,כנפי עוף טרי ארוז דיל,תנובה,IL,כנפיים עוף טרי,קילוגרמים,0.00,"ק""ג",true,0,11.90,11.90,true,1,
7290000653082,false,כבד עוף טרי ארוז דיל,תנובה,IL,כבד עוף טרי,קילוגרמים,0.00,"ק""ג",true,0,17.90,17.90,true,1,
7290000653099,false,קורקבן עוף טרי ארוז דיל,תנובה,IL,קורקבן עוף טרי,קילוגרמים,0.00,"ק""ג",true,0,9.90,9.90,true,1,
7290000653570,false,שניצל דק טרי ארוז דיל,תנובה,IL,שניצל דק טרי,קילוגרמים,0.00,"ק""ג",true,1,39.90,39.90,true,1,
7290000654966,false,שיפודי פרגיות טרי ארוז,תנובה,IL,שיפודי פרגית טרי,קילוגרמים,0.00,"ק""ג",true,1,59.90,59.90,true,1,
7290000657912,false,חטיפי דג הנסיכה 400 גרם,דלידג - נטו,IL,חטיפי דג הנסיכה,גרמים,400.00,100 גרם,false,0,18.90,4.73,true,1,
7290000657950,false,שניצל דג נסיכה 400 גרם,דלידג - נטו,IL,שניצל דג נסיכה,גרמים,400.00,100 גרם,false,0,18.90,4.73,true,1,
7290000659312,false,דגי תנובה פילה סלומון קפוא בוואקום,תנובה בשר,IL,פילה סלמון,קילוגרמים,0.00,"ק""ג",true,0,84.90,84.90,true,1,
7290000681160,false,מטלית לחות וילדה,FHP,DE,וילדה מטלית,יחידה,1.00,יחידה,false,0,14.10,14.10,true,1,
7290000688114,false,מים מינרלים מי עדן 1.5 ליטר,יפאורה שותפות מוגבלת לשיווק,IL,מי-עדן מים מינרלים 1.5 ל,ליטרים,1.50,ליטר,false,0,5.00,3.33,true,1,
7290000688374,false,מים מינרלים סמיילי מי עדן (330X6מל),יפאורה שותפות מוגבלת לשיווק,IL,מי עדן בייבי 6יח,ליטרים,1.50,ליטר,false,0,15.00,10.00,true,1,
7290000688381,false,מים מינרלים פקק ספורט מי עדן (500x6 מל),יפאורה שותפות מוגבלת לשיווק,IL,מי עדן אישי 6 בק,ליטרים,3.00,ליטר,false,0,13.70,4.57,true,1,
7290000688732,false,שישיית מי עדן 1.5 ליטר משפחתי,"מופק ממקור בזלתי עדן ,1",IL,מי עדן 6 יח,ליטרים,9.00,ליטר,false,0,11.90,1.32,true,1,
7290000692203,false,נוזל לניקוי כללי ורצפות בניחוח לימון אג'קס 2 ליטר,הנסיך- מפעל לייצור ט,GR,אג'קס ניקוי כללי,ליטרים,2.00,ליטר,false,0,21.90,10.95,true,1,
7290000692210,false,נוזל לניקוי כללי ורצפות בניחוח לבנדר אג'קס 2 ליטר,הנסיך- מפעל לייצור ט,GR,אג'קס ניקוי כללי,ליטרים,2.00,ליטר,false,0,21.90,10.95,true,1,
7290000692227,false,נוזל כלים פלמוליב צילינדר קלאסי 1 ליטר,יבואן ומשווק: ש. שסט,GR,פלמוליב לכלים,ליטרים,1.00,ליטר,false,0,13.90,13.90,true,1,
7290000692456,false,אג'קס חלונות זוג 750*2 מל ספריי ורפיל,הנסיך- מפעל לייצור ט,GR,אג'קס לחלונות,ליטרים,1.50,ליטר,false,0,24.90,16.60,true,1,
7290000720852,false,פרש וואנס לילד ג'מבו320י,על בד,IL,מגבוני פרש ווא,יחידה,1.00,יחידה,false,0,14.80,14.80,true,1,
7290000802909,false,עדינול משחה לתינוק 100גר,מיוצר עי קונדיטוריית,IL,עדינול לתינוק,גרמים,100.00,100 גרם,false,0,12.90,12.90,true,1,
7290000803180,false,"מרידול-שטיפת פה דנטלית 400 מ""ל",קולגייט פלמוליב,CH,שטיפה מרידול,מיליליטרים,400.00,"100 מ""ל",false,0,19.90,4.98,true,1,
7290000805795,false,חול לחתולים יורו קיט,דיפלומט מפיצים (1968) בעמ**,IL,חול לחתולים,קילוגרמים,10.00,"ק""ג",false,0,24.90,2.49,true,1,
7290000805924,false,"מזון חתולים לה קט דגים 2.85 ק""ג",דיפלומט מפיצים (1968) בעמ**,IL,לה קט לחתול,קילוגרמים,2.85,"ק""ג",false,0,56.90,19.96,true,1,
7290000841557,false,"סטרילי נוזל חיטוי 500 מ""ל לניקוי פירות וירקות",סטרילי מעבדות בעמ,IL,סטרילי נוזל לח,מיליליטרים,500.00,"100 מ""ל",false,0,12.90,2.58,true,1,
7290000901374,true,בצל אדום יבש אורגני משקל,,IL,בצל אדום אורגני,קילוגרמים,0.00,"ק""ג",true,0,13.90,13.90,true,1,
7290000902081,true,תפוח עץ פוגי אורגני,.,IL,"תפו""ע פוגי אורגנ",קילוגרמים,0.00,"ק""ג",true,0,16.90,16.90,true,1,
7290000910345,true,דלורית אורגנית,,IL,דלורית אורגנית,קילוגרמים,0.00,"ק""ג",true,0,12.90,12.90,true,1,
7290000915883,true,טחון בקר טרי (עצמי) מחיר,שונות,IL,טחון בקר טרי,קילוגרמים,0.00,"ק""ג",true,0,59.90,59.90,true,1,
7290000916248,true,כרוב לבן אורגני,,IL,כרוב לבן אורגני,קילוגרמים,0.00,"ק""ג",true,0,7.90,7.90,true,1,
7290000916378,true,שניצל פרימיום טר,,IL,שניצל פרימיום טר,קילוגרמים,0.00,"ק""ג",true,0,44.90,44.90,true,1,
7290000919133,true,עוף בגריל)עצמי( יח',שונות,IL,עוף בגריל,יחידה,1.00,יחידה,false,0,34.90,34.90,true,1,
7290000928241,true,סלמון פרוס לא מעובד שופר,ויליגר תעשיות בעמ,IL,סלמון פרוס,קילוגרמים,0.00,"ק""ג",true,0,74.90,74.90,true,1,
7290000928265,true,פילה סלמון קפוא נורווגי,ויליגר תעשיות בעמ,IL,פילה סלמון קפוא,קילוגרמים,0.00,"ק""ג",true,0,74.90,74.90,true,1,
7290000928388,true,צלי כתף טרי)עצמי( מחיר ל,שונות,IL,צלי כתף טרי,קילוגרמים,0.00,"ק""ג",true,0,99.90,99.90,true,1,
7290000928401,true,כתף בשר טרי)עצמי( מחיר ל,שונות,IL,בשר כתף טרי,קילוגרמים,0.00,"ק""ג",true,0,94.90,94.90,true,1,
7290000928425,true,אסאדו עם עצם טרי מחיר לפ,שונות,IL,אסדו עם עצם טרי,קילוגרמים,0.00,"ק""ג",true,0,64.90,64.90,true,1,
7290000928432,true,צוואר עצם טרי(עצמי)משקל,שונות,IL,צוואר ע.עצם טרי,קילוגרמים,0.00,"ק""ג",true,0,69.90,69.90,true,1,
7290000928463,true,חזה עצם בשר טרי)עצמי( מח,שונות,IL,בשר חזה ע.עצם,קילוגרמים,0.00,"ק""ג",true,0,64.90,64.90,true,1,
7290000928494,true,צלעות עם עצם טרי)עצמי( מ,שונות,IL,צלעות עם עצם,קילוגרמים,0.00,"ק""ג",true,0,69.90,69.90,true,1,
7290000928500,true,אוסובוקו טרי )עצמי( מחיר,שונות,IL,אוסובוקו טרי,קילוגרמים,0.00,"ק""ג",true,0,64.90,64.90,true,1,
7290000928524,true,אנטריקוט עם עצם טרי מחיר,שונות,IL,אנטריקוט ע.עצםטר,קילוגרמים,0.00,"ק""ג",true,0,99.90,99.90,true,1,
7290000928562,true,שיטל טרי )עצמי( מחיר לפי,שונות,IL,שיטל טרי,קילוגרמים,0.00,"ק""ג",true,0,79.90,79.90,true,1,
7290000928692,true,עצמות חוליות טרי )עצמי(,שונות,IL,עצמות חוליות ט,קילוגרמים,0.00,"ק""ג",true,0,18.70,18.70,true,1,
7290000928814,true,גולש טרי )עצמי( מחיר לפי,שונות,IL,גולש טרי,קילוגרמים,0.00,"ק""ג",true,0,89.10,89.10,true,1,
7290000929989,true,ירכיים עוף גריל)עצמי( קג,שונות,IL,ירכיים עוף גריל,קילוגרמים,0.00,"ק""ג",true,0,49.50,49.50,true,1,
7290000940694,true,נבטי חמניות יחידה,קטיף,IL,נבטי חמניות יח,יחידה,1.00,יחידה,false,0,8.00,8.00,true,1,
7290000960258,true,תפוז אורגני במשקל,.,IL,תפוז אורגני,קילוגרמים,0.00,"ק""ג",true,0,9.90,9.90,true,1,
7290000960272,true,עגבניה אורגנית,,IL,עגבניה אורגנית,קילוגרמים,0.00,"ק""ג",true,0,9.90,9.90,true,1,
7290000960395,true,"תפו""ע גרנד סמיט אורגני",.,IL,"תפו""ע סמיט אורגנ",קילוגרמים,0.00,"ק""ג",true,0,22.90,22.90,true,1,
7290000960548,true,מלפפון אורגני,,IL,מלפפון אורגני,קילוגרמים,0.00,"ק""ג",true,0,9.90,9.90,true,1,
7290000960616,true,קישוא כהה אורגני,,IL,קישוא כהה אורגני,קילוגרמים,0.00,"ק""ג",true,0,10.90,10.90,true,1,
7290000960760,true,פלפל אדום אורגני,,IL,פלפל אדום אורגני,קילוגרמים,0.00,"ק""ג",true,0,10.90,10.90,true,1,
7290000960906,true,בצל יבש אורגני,,IL,בצל יבש אורגני,קילוגרמים,0.00,"ק""ג",true,0,9.90,9.90,true,1,
7290000961279,true,פלפל צהוב אורגני,,IL,פלפל צהוב אורגני,קילוגרמים,0.00,"ק""ג",true,0,10.90,10.90,true,1,
7290000961446,true,פלפל כתום אורגני,,IL,פלפל כתום אורגני,קילוגרמים,0.00,"ק""ג",true,0,10.90,10.90,true,1,
7290000961484,true,נבטוטים יחידה,קטיף,IL,נבטוטים -יח',יחידה,1.00,יחידה,false,0,8.00,8.00,true,1,
7290000961491,true,נבטי ברוקולי יחידה,קטיף,IL,נבטי ברוקולי יח,יחידה,1.00,יחידה,false,0,8.00,8.00,true,1,
7290000961552,true,פלפל כתום,קטיף.,IL,פלפל כתום,קילוגרמים,0.00,"ק""ג",true,0,11.90,11.90,true,1,
7290000961606,true,שורש ג'ינגר במשקל,קטיף.,XX,שורש גינגר במשקל,קילוגרמים,0.00,"ק""ג",true,0,30.90,30.90,true,1,
7290000961804,true,דלעת ארוזה,קטיף.,IL,דלעת ארוזה,קילוגרמים,0.00,"ק""ג",true,0,9.90,9.90,true,1,
7290000962474,true,חציל בלדי,קטיף.,IL,חציל בלדי,קילוגרמים,0.00,"ק""ג",true,0,7.90,7.90,true,1,
7290000962535,true,רוזמרין יחידה,קטיף.,IL,רוזמרין יחידה,יחידה,1.00,יחידה,false,0,5.00,5.00,true,1,
7290000962559,true,קורנית יחידה,קטיף.,IL,קורנית יחידה,יחידה,1.00,יחידה,false,0,5.00,5.00,true,1,
7290000962566,true,טרגון יחידה,קטיף.,IL,טרגון-יח',יחידה,1.00,יחידה,false,0,5.00,5.00,true,1,
7290000962580,true,מרווה יחידה,קטיף,IL,מרווה יחידה,יחידה,1.00,יחידה,false,0,5.00,5.00,true,1,
7290000963136,true,תפוח עץ מוזהב 65,קטיף.,XX,תפוח עץ מוזהב,קילוגרמים,0.00,"ק""ג",true,0,9.90,9.90,true,1,
7290000963228,true,תפוח עץ יונתן 65,קטיף.,XX,תפוח יונתן,קילוגרמים,0.00,"ק""ג",true,0,10.90,10.90,true,1,
7290000963297,true,תפוח עץ סטרקינג 65,קטיף.,XX,תפוח סטרקינג,קילוגרמים,0.00,"ק""ג",true,0,9.90,9.90,true,1,
7290000963310,true,תפוח עץ קנזי יבוא,קטיף.,XX,"תפו""ע קנזי",קילוגרמים,0.00,"ק""ג",true,0,14.90,14.90,true,1,
7290000963341,true,אגס אסיאתי,קטיף.,CN,אגס אסיאתי,קילוגרמים,0.00,"ק""ג",true,0,13.90,13.90,true,1,
7290000963365,true,תפוח עץ פינקריספי 65,קטיף.,XX,"תפו""ע פינקריספי",קילוגרמים,0.00,"ק""ג",true,0,12.90,12.90,true,1,
7290000963419,true,תפוח עץ גאלה 65,קטיף.,XX,תפוח עץ גאלה,קילוגרמים,0.00,"ק""ג",true,0,9.90,9.90,true,1,
7290000963563,true,תפוח עץ סמיט65,קטיף.,XX,תפוח עץ סמיט,קילוגרמים,0.00,"ק""ג",true,0,9.90,9.90,true,1,
7290000964096,true,אפרסמון קרמבו,קטיף.,IL,אפרסמון קרמבו,קילוגרמים,0.00,"ק""ג",true,0,16.90,16.90,true,1,
7290000964300,true,תפוז,קטיף.,IL,תפוז,קילוגרמים,0.00,"ק""ג",true,0,5.90,5.90,true,1,
7290000964348,true,תפוז ברשת למיץ,קטיף.,IL,תפוז ברשת למיץ,קילוגרמים,0.00,"ק""ג",true,0,4.90,4.90,true,1,
7290000964379,true,אשכולית לבנה,קטיף.,IL,אשכולית לבנה,קילוגרמים,0.00,"ק""ג",true,0,7.90,7.90,true,1,
7290000964393,true,אשכולית אדומה,קטיף.,IL,אשכולית אדומה,קילוגרמים,0.00,"ק""ג",true,0,6.90,6.90,true,1,
7290000964461,true,פומלית,קטיף.,IL,פומלית,קילוגרמים,0.00,"ק""ג",true,0,6.90,6.90,true,1,
7290000964492,true,לימון תפזורת,קטיף.,IL,לימון,קילוגרמים,0.00,"ק""ג",true,0,7.90,7.90,true,1,
7290000964560,true,קלמנטינה,קטיף.,IL,קלמנטינה,קילוגרמים,0.00,"ק""ג",true,0,5.90,5.90,true,1,
7290000964775,true,בננות,קטיף.,IL,בננה,קילוגרמים,0.00,"ק""ג",true,0,7.90,7.90,true,1,
7290000964829,true,אגס ספדונה 55,קטיף.,IL,אגס ספדונה,קילוגרמים,0.00,"ק""ג",true,0,9.90,9.90,true,1,
7290000964980,true,אבוקדו,קטיף.,IL,אבוקדו,קילוגרמים,0.00,"ק""ג",true,0,11.90,11.90,true,1,
7290000965062,true,מלון ספרדי,קטיף.,IL,מלון ספרדי,קילוגרמים,0.00,"ק""ג",true,0,4.90,4.90,true,1,
7290000965079,true,מלון כתום,,IL,מלון כתום,קילוגרמים,0.00,"ק""ג",true,0,4.90,4.90,true,1,
7290000965345,true,שזיף אדום 55,קטיף.,IL,שזיף אדום,קילוגרמים,0.00,"ק""ג",true,0,13.90,13.90,true,1,
7290000965475,true,פסיפלורה,קטיף,IL,פסיפלורה,קילוגרמים,0.00,"ק""ג",true,0,34.90,34.90,true,1,
7290000965482,true,אגס אורגני,,IL,אגס אורגני,קילוגרמים,0.00,"ק""ג",true,0,25.90,25.90,true,1,
7290000965598,true,בטטה אורגני,,IL,בטטה אורגני,קילוגרמים,0.00,"ק""ג",true,0,10.90,10.90,true,1,
7290000965635,true,אבוקדו אורגני,,IL,אבוקדו אורגני,קילוגרמים,0.00,"ק""ג",true,0,12.90,12.90,true,1,
7290000965765,true,"תפו""ע זהוב אורגנ",,IL,"תפו""ע זהוב אורגנ",קילוגרמים,0.00,"ק""ג",true,0,26.90,26.90,true,1,
7290000965772,true,בננה אורגנית,,IL,בננה אורגנית,קילוגרמים,0.00,"ק""ג",true,0,11.90,11.90,true,1,
7290000965826,true,לימון אורגני,,IL,לימון אורגני,קילוגרמים,0.00,"ק""ג",true,0,9.90,9.90,true,1,
7290000965918,true,שזיף שגיב,קטיף,,שזיף שגיב,קילוגרמים,0.00,"ק""ג",true,0,13.90,13.90,true,1,
7290000966328,true,אפרסמון סיני65,קטיף.,IL,אפרסמון סיני,קילוגרמים,0.00,"ק""ג",true,0,12.90,12.90,true,1,
7290000966434,true,מנגו,קטיף.,IL,מנגו,קילוגרמים,0.00,"ק""ג",true,0,9.90,9.90,true,1,
7290000966465,true,פפאיה,קטיף.,IL,פפיה,קילוגרמים,0.00,"ק""ג",true,0,12.90,12.90,true,1,
7290000966526,true,סברס ארוז,קטיף.,IL,סברס,קילוגרמים,0.00,"ק""ג",true,0,16.90,16.90,true,1,
7290000966564,true,רימון,קטיף.,IL,רימון,קילוגרמים,0.00,"ק""ג",true,0,7.90,7.90,true,1,
7290000966595,true,חבוש ענק,קטיף,XX,חבוש,קילוגרמים,0.00,"ק""ג",true,0,11.90,11.90,true,1,
7290000966618,true,גויאבות,קטיף.,IL,גויאבות,קילוגרמים,0.00,"ק""ג",true,0,16.90,16.90,true,1,
7290000966663,true,קיווי שקיל,קטיף.,IL,קיווי,קילוגרמים,0.00,"ק""ג",true,0,18.90,18.90,true,1,
7290000966670,true,אנונה,קטיף.,IL,אנונה,קילוגרמים,0.00,"ק""ג",true,0,16.90,16.90,true,1,
7290000967509,true,תפוח אדמה אורגני,,IL,"תפו""א אורגני",קילוגרמים,0.00,"ק""ג",true,0,5.90,5.90,true,1,
7290000967936,true,נבטי צנונית יחידה,קטיף.,IL,נבטי צנונית יח,יחידה,1.00,יחידה,false,0,8.00,8.00,true,1,
7290000971032,true,פומלית אורגנית,,IL,פומלית אורגנית,קילוגרמים,0.00,"ק""ג",true,0,6.90,6.90,true,1,
7290000972800,true,אשכולית אדומה,,IL,אשכולית אדומה,קילוגרמים,0.00,"ק""ג",true,0,6.90,6.90,true,1,
7290000976433,true,קאשיו ענק קלוי תפזורת,דין שיווק,IL,קאשיו ענק קלוי תפזורת,גרמים,0.00,"ק""ג",true,0,95.00,95.00,true,1,
7290000976457,true,גרעיני אבטיח קלויים תנור,דין שיווק,IL,גרעין אבטיח קלוי תפזורת,גרמים,0.00,"ק""ג",true,0,58.00,58.00,true,1,
7290000976471,true,'גרעיני דלעת קלופים תפז,דין שיווק,IL,'גרעיני דלעת קלופים תפז,גרמים,0.00,"ק""ג",true,0,65.00,65.00,true,1,
7290000976501,true,צימוק חום תפזורת,דין שיווק,IL,צימוק חום תפזורת,גרמים,0.00,"ק""ג",true,0,30.00,30.00,true,1,
7290000976532,true,אפונה קלויה תפזורת,דין שיווק,IL,אפונה קלויה תפז,גרמים,0.00,"ק""ג",true,0,50.00,50.00,true,1,
7290000976556,true,צנובר במשקל תפזורת,דין שיווק,IL,צנובר במשקל תפזורת,גרמים,0.00,"ק""ג",true,0,199.00,199.00,true,1,
7290000976594,true,פול מצרי-אפונה תפזורת,דין שיווק,IL,פול מצרי-אפונה,גרמים,0.00,"ק""ג",true,0,55.00,55.00,true,1,
7290000976600,true,משמש מיובש תפזורת,דין שיווק,TR,משמש מיובש תפזורת,גרמים,0.00,"ק""ג",true,0,55.00,55.00,true,1,
7290000976662,true,פקאן טבעי במשקל תפז',,IL,פקאן טבעי במשקל תפז',גרמים,0.00,"ק""ג",true,0,130.00,130.00,true,1,
7290000976716,true,תירס תפזורת,דין שיווק,IL,'תירס/סויה תפז,גרמים,0.00,"ק""ג",true,0,50.00,50.00,true,1,
7290000976754,true,מנצ'ס תפזורת,דין שיווק,IL,מנצ'ס תפזורת,גרמים,0.00,"ק""ג",true,0,55.00,55.00,true,1,
7290000976761,true,אגוזים קלופים תפזורת,דין שיווק,IL,אגוזים קלופים תפזורת,גרמים,0.00,"ק""ג",true,0,70.00,70.00,true,1,
7290000976860,true,שקד מולבן חצאים תפזורת,דין שיווק,IL,שקד מולבן חצאים תפזורת,גרמים,0.00,"ק""ג",true,0,120.00,120.00,true,1,
7290000976884,true,פקאן סיני תפזורת,דין שיווק,IL,פקאן סיני תפזורת,גרמים,0.00,"ק""ג",true,0,118.00,118.00,true,1,
7290000977010,true,קבוקים תפזורת,דין שיווק,IL,קבוקים תפזורת,גרמים,0.00,"ק""ג",true,0,35.00,35.00,true,1,
7290000977027,true,פיסטוק ענק קלוי תפזורת,דין שיווק,IL,פיסטוק ענק קלוי תפזורת,גרמים,0.00,"ק""ג",true,0,97.00,97.00,true,1,
7290000977089,true,אגוז קאשיו טבעי תפזורת,דין שיווק,IL,אגוז קאשיו טבעי תפזורת,גרמים,0.00,"ק""ג",true,0,84.00,84.00,true,1,
7290000977102,true,תערובת פיצוחים תפזורת,דין שיווק,IL,תערובת פיצוחים,גרמים,0.00,"ק""ג",true,0,95.00,95.00,true,1,
7290000977140,true,מקדמיה טבעית תפזורת,דין שיווק,IL,מקדמיה טבעית תפזורת,גרמים,0.00,"ק""ג",true,0,150.00,150.00,true,1,
7290000977454,true,גרעין שחור קלוי במלח תפז,דין שיווק,IL,גרעין שחור קלוי במלח תפז,גרמים,0.00,"ק""ג",true,0,29.00,29.00,true,1,
7290000977478,true,בוטנים קלויים תפזורת,דין שיווק,IL,בוטנים קלויים,גרמים,0.00,"ק""ג",true,0,37.00,37.00,true,1,
7290000977485,true,גרעין לבן קלוי תפזורת,דין שיווק,IL,גרעין לבן קלוי תפזורת,גרמים,0.00,"ק""ג",true,0,45.00,45.00,true,1,
7290000977645,true,חטיף יפני תפזורת,דין שיווק,IL,חטיף יפני תפזורת,גרמים,0.00,"ק""ג",true,0,65.00,65.00,true,1,
7290000977676,true,שקדים קלויים תפזורת,דין שיווק,IL,שקדים קלויים תפזורת,גרמים,0.00,"ק""ג",true,0,98.00,98.00,true,1,
7290000977683,true,פקאן קלוף קלוי תפזורת,דין שיווק,IL,פקאן קלוף קלוי תפזורת,גרמים,0.00,"ק""ג",true,0,126.00,126.00,true,1,
7290000977751,true,צימוק לבן גדול תפזורת,דין שיווק,IL,צימוק לבן גדול תפזורת,גרמים,0.00,"ק""ג",true,0,44.00,44.00,true,1,
7290000977799,true,שזיפים ללא גלעין תפזורת,דין שיווק,US,שזיפים ללא גלעין תפזורת,גרמים,0.00,"ק""ג",true,0,47.00,47.00,true,1,
7290000977850,true,צימוק לבן קטן תפזורת,דין שיווק,IL,צימוק לבן קטן תפזורת,גרמים,0.00,"ק""ג",true,0,37.00,37.00,true,1,
7290000977881,true,תפוח עץ יבש תפזורת,דין שיווק,IL,תפוח עץ יבש תפזורת,גרמים,0.00,"ק""ג",true,0,50.00,50.00,true,1,
7290000977980,true,אננס פלחים מסוכר תפזורת,דין שיווק,TH,אננס פלחים,גרמים,0.00,"ק""ג",true,0,40.00,40.00,true,1,
7290000978024,true,בננה צ'יפס תפזורת,דין שיווק,IL,בננה צ'יפס תפזורת,גרמים,0.00,"ק""ג",true,0,35.00,35.00,true,1,
7290000978321,true,מנגו יבש תפזורת,דין שיווק,IL,מנגו יבש תפזורת,גרמים,0.00,"ק""ג",true,0,40.00,40.00,true,1,
7290000978383,true,תמר מהגול ענק תפזורת,דין שיווק,IL,תמר מהגול ענק תפזורת,גרמים,0.00,"ק""ג",true,0,50.00,50.00,true,1,
7290000978574,true,מטבעות שוקולד חלב,דין שיווק,IT,פרלינים בתפזורת,גרמים,0.00,"ק""ג",true,0,90.00,90.00,true,1,
7290000978895,true,פ.טרופיים/ חמוציות שלמות,דין שיווק,IL,פירות טרופיים/חמוציות,גרמים,0.00,"ק""ג",true,0,70.00,70.00,true,1,
7290000979427,true,עגבניה שרי כתום יחידה,קטיף,IL,עגבניה שרי כתום,יחידה,1.00,יחידה,false,1,9.90,9.90,true,1,
7290000979700,true,חסה לבבות יחידה,קטיף.,IL,חסה לבבות,יחידה,1.00,יחידה,false,0,8.90,8.90,true,1,
7290000982939,true,כרישה )לוף( יחידה,קטיף.,IL,לוף פרסה-יחידה,יחידה,1.00,יחידה,false,0,9.90,9.90,true,1,
7290000986678,true,קישוא בהיר אורגנ,,IL,קישוא בהיר אורגנ,קילוגרמים,0.00,"ק""ג",true,0,12.90,12.90,true,1,
7290000986708,true,ענב אדום ללא גלעין-יחידה,קטיף,XX,ענב אדום,יחידה,1.00,יחידה,false,0,16.90,16.90,true,1,
7290000986906,true,חסה עגולה ארוזה,קטיף.,IL,חסה עגולה,יחידה,1.00,יחידה,false,0,6.90,6.90,true,1,
7290000989686,true,אגוז טחון תפזורת,דין שיווק,IL,אגוז טחון תפזורת,גרמים,0.00,"ק""ג",true,0,90.00,90.00,true,1,
7290000992839,true,מלון גולדן סוויט-צהוב,קטיף.,IL,מלון גולדן סוויט,קילוגרמים,0.00,"ק""ג",true,0,6.90,6.90,true,1,
7290000993362,true,שום ישראלי -יחידה,קטיף,IL,שום ישראלי,יחידה,1.00,יחידה,false,0,8.90,8.90,true,1,
7290000993461,true,עגבניה שרי צהוב יחידה,קטיף.,IL,עגבניה שרי צהובה,יחידה,1.00,יחידה,false,0,9.90,9.90,true,1,
7290000993560,true,עגבניות שרי שוקו יחידה,קטיף.,IL,שרי שוקו יח,יחידה,1.00,יחידה,false,0,9.90,9.90,true,1,
7290000994215,true,קולורבי אורגני במשקל,.,IL,קולורבי אורגני,קילוגרמים,0.00,"ק""ג",true,0,14.90,14.90,true,1,
7290000995021,true,"תפו""ע גאלה אורגנ",,IL,"תפו""ע גאלה אורגנ",קילוגרמים,0.00,"ק""ג",true,0,19.90,19.90,true,1,
7290000995441,true,קייל - יחידה,קטיף.,IL,קייל - יחידה,יחידה,1.00,יחידה,false,0,12.00,12.00,true,1,
7290000995731,true,ענב קרימסון ארוז שקיל,קטיף,IL,ענב קרימסון ארוז,קילוגרמים,0.00,"ק""ג",true,0,16.90,16.90,true,1,
7290001012123,false,פרש וואנס קייר כחול 72*4,על בד,IL,פרש וואנס,יחידה,1.00,יחידה,false,0,17.90,17.90,true,1,
7290001045169,false,מיץ תפוחי עץ צלול פרימור 1 ליטר,שטראוס גרופ בעמ/מצונן,IL,מיץ תפוחים צלול בק1.ליטר,ליטרים,1.00,ליטר,false,0,14.90,14.90,true,1,
7290001045220,false,פרימור סחוט תפוזים 2 ליטר,שטראוס גרופ בע`מ,IL,מיץ תפוזים סחוט,ליטרים,2.00,ליטר,false,0,24.90,12.45,true,1,
7290001045763,false,מיץ תפוחים 100% צלול 2 ל,"גניר (1992) בע""מ",IL,מיץ תפוחים צלול,ליטרים,2.00,ליטר,false,0,24.90,12.45,true,1,
7290001052044,false,קציצות בורגול וירקות 500,חמים וטעים,IL,קציצות בורגול,גרמים,500.00,100 גרם,false,1,24.90,4.98,true,1,
7290001052068,false,קציצות קינואה וחמוציות,חמים וטעים,IL,קציצות קינואה,גרמים,500.00,100 גרם,false,1,24.90,4.98,true,1,
7290001121023,false,פסטרמה של פעם יחיעם,מעדני יחיעם,IL,פסטרמה של פעם,קילוגרמים,0.00,"ק""ג",true,0,73.00,73.00,true,1,
7290001121054,false,צמד חמד פסטרמה וסלמי יחיעם 700 גרם,מעדני יחיעם ( 1993 ) בע`מ,IL,צמד חמד,גרמים,700.00,100 גרם,false,0,25.70,3.67,true,1,
7290001121092,false,פסטרמה עוף בגריל במשקל,מעדני יחיעם,IL,פסטרמה עוף בגריל,קילוגרמים,0.00,"ק""ג",true,0,80.00,80.00,true,1,
7290001121788,false,נקניקיות עוף טבעיות400גר,מעדני יחיעם,IL,נקניקיות עוף,גרמים,400.00,100 גרם,false,0,14.90,3.73,true,1,
7290001123058,false,פילה מדומה מס6' חלק קפוא,פניסקור בארת,IL,פ.מדומה מס6',קילוגרמים,0.00,"ק""ג",true,0,49.90,49.90,true,1,
7290001123775,false,שווארמה אמיתית פרגיות טיבון ויל 500 גרם,"טיבול ויל אחזקות בע""",IL,שווארמה פרגית,גרמים,500.00,100 גרם,false,0,24.90,4.98,true,1,
7290001123782,false,שווארמה אמיתית הודו טיבון ויל (500 גרם),נטו מלינדה סחר בע`מ,IL,שווארמה הודו,גרמים,500.00,100 גרם,false,0,23.70,4.74,true,1,
7290001124611,false,שומן כבש טיבון ויל 200 גרם,טיבון ויל אחזקות בעמ,IL,שומן כבש 200גרם,גרמים,200.00,100 גרם,false,0,19.90,9.95,true,1,
7290001128183,false,קציצות דג 700 גרם,דלידג - נטו,IL,קציצות דג 700גרם,גרמים,700.00,100 גרם,false,0,24.90,3.56,true,1,
7290001136287,false,"שמפו לשיער רגיל בבושם פרחים נקה 7 750 מ""ל",החברה הדרומית לשיווק בעמ,IL,שמפו נקה 7,מיליליטרים,750.00,"100 מ""ל",false,0,10.00,1.33,true,1,
7290001136294,false,"שמפו לשיער יבש בבישום פרחים נקה 7 750 מ""ל",החברה הדרומית לשיווק בעמ,IL,שמפו נקה 7,מיליליטרים,750.00,"100 מ""ל",false,0,10.00,1.33,true,1,
7290001136683,false,"מרכך לשיער רגיל בבושם פרחים נקה 7 750 מ""ל",החברה הדרומית לשיווק בעמ,IL,קונדישינר נקה 7,מיליליטרים,750.00,"100 מ""ל",false,0,10.00,1.33,true,1,
7290001136973,false,נקה 7 תחליב רחצה ארומה קמומיל לבן 1 ל',החברה הדרומית לשיווק בעמ,IL,תחליב רחצה נקה 7,ליטרים,1.00,ליטר,false,0,12.90,12.90,true,1,
7290001158579,false,עוף טחון )עצמי( מחיר לפי,שונות,IL,עוף טחון,קילוגרמים,0.00,"ק""ג",true,0,31.90,31.90,true,1,
7290001158586,false,הודו טחון אדום,שונות,IL,הודו טחון אדום,קילוגרמים,0.00,"ק""ג",true,0,44.90,44.90,true,1,
7290001164273,false,אפקטבעי חגיגת גרנולה 500גרם,,IL,חגיגת גרנולה,גרמים,500.00,100 גרם,false,0,19.70,3.94,true,1,
7290001199053,false,חציל תיאלנדי - ברדה,סלטי עמים ברדה,,סלט חציל תאילנדי,גרמים,500.00,100 גרם,false,0,14.80,2.96,true,1,
7290001199244,false,"סלט כרוב במלח 1 ק""ג",סלטי עמים ברדה,IL,"כרוב במלח 1 ק""ג",קילוגרמים,1.00,"ק""ג",false,0,16.80,16.80,true,1,
7290001201572,false,ביצים ארוזות XL 12יחידות,מ לסר בעמ - חברה לשיווק ביצים,IL,ביצים XL 12יח',יחידה,1.00,יחידה,false,0,12.50,12.50,true,1,
7290001201589,false,ביצים ארוזות L מ. לסר) (12 פיקוח,מ לסר בעמ - חברה לשיווק ביצים,IL,ביצים L 12 יח',יחידה,1.00,יחידה,false,0,11.45,11.45,true,1,
7290001201640,false,ביצים אומגה 3,,IL,ביצים אומגה 3,יחידה,1.00,יחידה,false,0,43.40,43.40,true,1,
7290001201855,false,ביצים אומגה L/12 גדול ארוז,מ לסר בעמ - חברה לשיווק ביצים,IL,ביצים אומגה10י L,יחידה,1.00,יחידה,false,1,20.50,20.50,true,1,
7290001212189,false,"ג'ל לקיבוע תלתלים 500מ""ל",קרליין,IL,ג'ל לעיצוב שיער,מיליליטרים,500.00,"100 מ""ל",false,0,18.10,3.62,true,1,
7290001215005,false,איקרא לבנה אמיתית במשקל,מעדני מיקי,IL,איקרא לבנה,קילוגרמים,0.00,"ק""ג",true,0,42.00,42.00,true,1,
7290001216040,false,טחינה גולמית שומשום טהור אל ארז 500 גרם,אגס ירוק מסחר ושירותים,IL,טחינה גולמית,גרמים,500.00,100 גרם,false,0,15.90,3.18,true,1,
7290001216057,false,"טחינה שומשום טהור אל ארז 1 ק""ג",אגס ירוק מסחר ושירותים,IL,טחינה גולמית,קילוגרמים,1.00,"ק""ג",false,0,31.60,31.60,true,1,
7290001216231,false,טחינה גולמית שומשום מלא אל ארז 500 גרם,אגס ירוק מסחר ושירותים,IL,טחינה מלאה,גרמים,500.00,100 גרם,false,0,16.90,3.38,true,1,
7290001230234,false,כאמל צהוב סופט חפיסה,גיי טי אינטרנשיונל,CH,כאמל סופט יח',יחידה,1.00,יחידה,false,0,31.50,31.50,false,1,
7290001231136,false,ווינסטון כחול סופט חפ.,Unknown,CH,ווינסטון כחול,יחידה,1.00,יחידה,false,0,31.50,31.50,false,1,
7290001231932,false,ווינסטון כחול בוקס חפיסה,Unknown,CH,ווינסטון כחול,יחידה,1.00,יחידה,false,0,31.50,31.50,false,1,
7290001247006,false,גזוז בטעם קולה קריסטל 2ל,יפאורה שותפות מובגלת לשיווק,IL,קריסטל קולה,ליטרים,2.00,ליטר,false,0,3.90,1.95,true,1,
7290001247037,false,גזוז בטעם מנטה קריסטל 2ל,יפאורה שותפות מובגלת לשיווק,IL,גזוז בטעם מנטה,ליטרים,2.00,ליטר,false,0,3.90,1.95,true,1,
7290001247044,false,קריסטל תות מוגז 2 ליטר,יפאורה שותפות מובגלת לשיווק,IL,קריסטל מוגז תות,ליטרים,2.00,ליטר,false,0,3.90,1.95,true,1,
7290001247051,false,קריסטל למון ליים 2 ליטר,יפאורה שותפות מובגלת לשיווק,IL,גזוז לימון ליים,ליטרים,2.00,ליטר,false,0,3.90,1.95,true,1,
7290001247068,false,קרטונית נקטר ספרינג תות בננה 1 ליטר,יפאורה שותפות מוגבלת לשיווק,IL,נקטר תות בננה,ליטרים,1.00,ליטר,false,0,5.30,5.30,true,1,
7290001247082,false,מיץ עגבניות רכיבים טבעיים ספרינג 1 ליטר,יפאורה שותפות מובגלת לשיווק,IL,נקטר עגבניות,ליטרים,1.00,ליטר,false,0,5.30,5.30,true,1,
7290001247099,false,קרטונית נקטר ספרינג מנגו 1 ליטר,יפאורה שותפות מובגלת לשיווק,IL,נקטר ספרינג מנגו,ליטרים,1.00,ליטר,false,0,5.30,5.30,true,1,
7290001247105,false,קרטונית נקטר ספרינג אפרסק 1 ליטר,יפאורה שותפות מובגלת לשיווק,IL,נקטר אפרסק,ליטרים,1.00,ליטר,false,0,5.30,5.30,true,1,
7290001247112,false,קרטונית נקטר ספרינג לימונענע 1 ליטר,יפאורה שותפות מובגלת לשיווק,IL,משקה לימונענע,ליטרים,1.00,ליטר,false,0,5.30,5.30,true,1,
7290001247129,false,נקטר ספרינג תפוזים קרטונית 1 ל',יפאורה שותפות מובגלת לשיווק,IL,נקטר ספרינג תפוז,ליטרים,1.00,ליטר,false,0,5.30,5.30,true,1,
7290001247143,false,קרטונית נקטר ספרינג תפוחים 1 ליטר,יפאורה שותפות מובגלת לשיווק,IL,נקטר ספרינג תפוח,ליטרים,1.00,ליטר,false,0,5.30,5.30,true,1,
7290001247211,false,קריסטל ענבים מוגז 2 ליטר,יפאורה שותפות מובגלת לשיווק,IL,קריסטל ענבים,ליטרים,2.00,ליטר,false,0,3.90,1.95,true,1,
7290001247952,false,"תפוזינה משק""ל ענבים1.5ל",יפאורה שותפות מובגלת לשיווק,IL,תפוזינה ענבים,ליטרים,1.50,ליטר,false,0,5.90,3.93,true,1,
7290001258019,false,קממבר עיזים בייבי במשקל,גבינות משק יעקבס,IL,קממבר עיזים,קילוגרמים,0.00,"ק""ג",true,1,125.00,125.00,true,1,
7290001258101,false,גבינת גאודה טבעית במ,גבינות משק יעקבס,IL,גאודה בטעמים,קילוגרמים,0.00,"ק""ג",true,0,94.00,94.00,true,1,
7290001258170,false,רוקפוא משק יעקבס לקג,גבינות משק יעקבס,IL,רוקפור צאן,קילוגרמים,0.00,"ק""ג",true,0,115.00,115.00,true,1,
7290001258385,false,מוצרלה במים 20% במשקל,גבינות משק יעקבס,IL,מוצרלה במים 20%,קילוגרמים,0.00,"ק""ג",true,0,69.00,69.00,true,1,
7290001258446,false,"יעקבס יוגורט כבשים 5% 850 מ""ל",גבינות משק יעקבס,IL,יוגורט כבשים5%,מיליליטרים,850.00,"100 מ""ל",false,0,19.70,2.32,true,1,
7290001258590,false,גבינת מנצג'ו 30%גוש משקל,גבינות משק יעקבס,IL,גבינת מנצג'ו,קילוגרמים,0.00,"ק""ג",true,0,129.00,129.00,true,1,
7290001258668,false,גבינת עז מה 5% יעקבס 250 גרם,גבינות משק יעקבס,,גבינת עז מה,גרמים,250.00,100 גרם,false,0,15.80,6.32,true,1,
7290001258811,false,גבינת מוצרלה בייבי ב,גבינות משק יעקבס,IL,מוצרלה בייבי,קילוגרמים,0.00,"ק""ג",true,1,69.00,69.00,true,1,
7290001258989,false,קממבר בקר בייבי במשקל,גבינות משק יעקבס,IL,קממבר בקר בייבי,קילוגרמים,0.00,"ק""ג",true,1,79.00,79.00,true,1,
7290001274422,false,שלגונים ציפוי בננה מאגדת שמינייה 560 ג',פלקו בעמ חברה ישראלית,IL,מאגדת בליסימו,יחידה,1.00,יחידה,false,0,19.80,19.80,true,1,
7290001274941,false,"שמיניית גלידל פרי פטל ""פלדמן""",הגלידות של פלדמן,IL,גלידל פרי פטל,גרמים,640.00,100 גרם,false,0,26.90,4.20,true,1,
7290001303030,false,שוקי עוף טרי ארוז דיל,עוף עוז,IL,שוקי עוף טרי,קילוגרמים,0.00,"ק""ג",true,1,32.90,32.90,true,1,
7290001303047,false,כרעיים עוף טרי ארוז דיל,עוף עוז,IL,כרעיים עוף טרי,קילוגרמים,0.00,"ק""ג",true,1,27.90,27.90,true,1,
7290001303054,false,כנפיים עוף טרי ארוז דיל,עוף עוז,IL,כנפיים עוף טרי,קילוגרמים,0.00,"ק""ג",true,1,11.90,11.90,true,1,
7290001303061,false,חזה עוף טרי ארוז דיל לקג,עוף עוז,IL,חזה עוף טרי,קילוגרמים,0.00,"ק""ג",true,1,31.90,31.90,true,1,
7290001303122,false,שניצל עוף טרי ארוז דיל ל,עוף עוז,IL,שניצל עוף טרי,קילוגרמים,0.00,"ק""ג",true,1,34.90,34.90,true,1,
7290001303139,false,פרגיות עוף טרי ארוז דיל,עוף עוז,IL,פרגיות עוף טרי,קילוגרמים,0.00,"ק""ג",true,1,54.90,54.90,true,1,
7290001305058,false,"פלמוליב - נטורלס תחליב רחצה חלב ודבש 500 מ""ל",הנסיך- מפעל לייצור ט,IT,סב.נוזלי פלמוליב,מיליליטרים,500.00,"100 מ""ל",false,0,13.90,2.78,true,1,
7290001305188,false,"נוזל לניקוי כלים בריח לימון פלמוליב 750 מ""ל",יבואן ומשווק: ש. שסט,GR,פלמוליב לכלים,מיליליטרים,750.00,"100 מ""ל",false,0,9.90,1.32,true,1,
7290001312995,false,בגט 280 גרם,גידרון,IL,באגט,יחידה,1.00,יחידה,false,0,4.20,4.20,true,1,
7290001327029,false,מאגדת מיקס 7 יחידות,שטראוס,IL,מאגדת מיקס,גרמים,440.00,100 גרם,false,0,33.90,7.70,true,1,
7290001327180,false,שטראוס קרמיסימו וניל ציפ 1.33 ליטר,"גלידת שטראוס בע""\מ, רחוב",IL,גלידה קרמיסימו,ליטרים,1.33,ליטר,false,0,19.90,14.96,true,1,
7290001327197,false,שטראוס קרמיסימו שוקולד וניל,"גלידת שטראוס בע""\מ, רח'\",IL,גלידה קרמיסימו,ליטרים,1.33,ליטר,false,0,19.90,14.96,true,1,
7290001327227,false,קרמיסימו ריבת חלב 1.33ל',"גלידת שטראוס בע""\מ",IL,גלידה קרמיסימו,ליטרים,1.33,ליטר,false,0,19.90,14.96,true,1,
7290001327357,false,גל.קרמיסימו וניל 1.33ל',"גלידת שטראוס בע""\מ",IL,גלידה קרמיסימו,ליטרים,1.33,ליטר,false,0,19.90,14.96,true,1,
7290001327838,false,מאגדת מיני מגנום פולטיפק,שטראוס,IL,מאגדת מיני מגנום,גרמים,250.00,100 גרם,false,0,28.90,11.56,true,1,
7290001343845,false,תערובת מיזלי עם פירות מיובשים 1 קג,דין שיווק וקליה 2021 בעמ,IL,"גרנולה ת.בריאות1- ק""ג",קילוגרמים,1.00,"ק""ג",false,0,27.00,27.00,true,1,
7290001407547,false,טחינה גולמית משומשום מלא פי 6 בארכה 500ג',קבוצת אוסם סחר שותפות מוגבלת,IL,טחינה שומשום מלא,גרמים,500.00,100 גרם,false,1,16.60,3.32,true,1,
7290001407752,false,טחינה גולמית עם פטרוזליה בארכה 500ג',קבוצת אוסם סחר שותפות מוגבלת,,טחינה גולמית,גרמים,500.00,100 גרם,false,0,15.80,3.16,true,1,
7290001407769,false,טחינה גולמית בארכה שומשום מלא 500 גרם,קבוצת אוסם סחר שותפות מוגבלת,IL,טחינה שומשום,גרמים,500.00,100 גרם,false,0,10.90,2.18,true,1,
7290001407813,false,חלבה שאמית פיסטוק בקטנה בארכה 350ג',קבוצת אוסם סחר-שות.מוגבלת,IL,חלבה פיסטוק,גרמים,350.00,100 גרם,false,0,14.80,4.23,true,1,
7290001407844,false,חלבה קלאסית בטעם וניל בארכה 350 גרם,קבוצת אוסם סחר שותפות מוגבלת,IL,חלבה וניל,גרמים,350.00,100 גרם,false,0,15.80,4.51,true,1,
7290001407936,false,בארכה-טחינה גולמית מעודנת בקבוק לחיץ 310 ג',קבוצת אוסם סחר שותפות מוגבלת,IL,טחינה מעודנת,גרמים,310.00,100 גרם,false,1,11.90,3.84,true,1,
7290001427279,false,מיץ תפוח בנגיעות לימון1ל,קשת מיצים טבעיים,IL,מיץ תפוחים,ליטרים,1.00,ליטר,false,1,18.50,18.50,true,1,
7290001462010,false,אריסה מרוקאית תבליני ביטון יוחאי.,נטו מלינדה סחר בעמ,IL,אריסה מרוקאית,גרמים,250.00,100 גרם,false,0,14.60,5.84,true,1,
7290001476208,false,גבינה ברי משולש כבשי,מחלבות גד,IL,ברי פקאן,קילוגרמים,0.00,"ק""ג",true,0,128.00,128.00,true,1,
7290001482049,false,בולגריה בקוביות עם ש,,,הבולגריה קוביות,קילוגרמים,0.00,"ק""ג",true,0,66.00,66.00,true,1,
7290001482506,false,וילי פוד חומץ בלסמי בדץ 500מל,ג. וילי-פוד אינטרנשיונל בע`מ,IT,חומץ בלסמי,מיליליטרים,500.00,"100 מ""ל",false,0,18.10,3.62,true,1,
7290001485019,false,גבינת קרם שמנת טבעי 5% טרה 200 גרם,*החברה המרכזית להפצת משקאותבעמ,IL,גבינת שמנת 5%,גרמים,200.00,100 גרם,false,0,10.80,5.40,true,1,
7290001485026,false,גבינת קרם שמנת זיתים 5% טרה 200 גרם,*החברה המרכזית להפצת משקאותבעמ,IL,גבינת שמנת+זיתים,גרמים,200.00,100 גרם,false,0,10.80,5.40,true,1,
7290001489024,false,טופו אורגני,,IL,טופו אורגני,גרמים,330.00,100 גרם,false,0,14.80,4.48,true,1,
7290001489635,false,קטיפה לבנה,,,קטיפה לבנה,גרמים,200.00,100 גרם,false,0,18.70,9.35,true,1,
7290001489673,false,קטיפה לבנה שום שמיר200ג,,,זן קטיפה שום,גרמים,200.00,100 גרם,false,0,18.70,9.35,true,1,
7290001489680,false,זן גב.סויה טאפנד זית200ג,,,זן גבינת זיתים,גרמים,200.00,100 גרם,false,0,18.70,9.35,true,1,
7290001489796,false,לחם פרוס טף ללא גלוטן500,,IL,לחם פרוס,גרמים,500.00,100 גרם,false,0,23.70,4.74,true,1,
7290001491096,false,תה ירוק בתוספת לימונית ולואיזה 50 שקיקים ויסוצקי,תה ויסוצקי (ישראל) בעמ,IL,תה ירוק לימונית,גרמים,75.00,100 גרם,false,0,46.50,62.00,true,1,
7290001507063,false,פתיבר מקמח מלא אורגני השדה מוצרים אורגנים 200 גרם,השדה מוצרים אורגניים,IL,פתי בר אורגני,גרמים,200.00,100 גרם,false,0,7.60,3.80,true,1,
7290001507162,false,חטיף אובלטים אורגניים שומשום 100 גר,השדה מוצרים אורגניים,IL,אובלטים שומשום,גרמים,100.00,100 גרם,false,0,7.50,7.50,true,1,
7290001507179,false,חטיף אובלטים אורגניים עם קימל 100 גר,השדה מוצרים טבעיים ו,IL,אובלטים קימל,גרמים,100.00,100 גרם,false,0,7.50,7.50,true,1,
7290001507285,false,בייגלה שומשום קמח מלא200,השדה מוצרים אורגניים,IL,בייגלה מקמח מל,גרמים,200.00,100 גרם,false,0,12.50,6.25,true,1,
7290001507360,false,חטיף אובלטים אורגניים עם כוסמין 100 גר,השדה מוצרים אורגניים,IL,אובלטים כוסמין,גרמים,100.00,100 גרם,false,0,10.60,10.60,true,1,
7290001509470,false,שניצל דק טרי ארוז דיל,מילועוף,IL,שניצל דק טרי,קילוגרמים,0.00,"ק""ג",true,1,39.90,39.90,true,1,
7290001567760,false,פסטרמה של פעם יחיעם 300 גרם,מעדני יחיעם ( 1993 ) בע`מ,IL,פסטרמה של פעם,גרמים,300.00,100 גרם,false,1,27.90,9.30,true,1,
7290001567791,false,פסטרמה בסגנון רומני 250 ג',מעדני יחיעם ( 1993 ) בע`מ,IL,פםטרמה רומנית,גרמים,250.00,100 גרם,false,1,27.90,11.16,true,1,
7290001567814,false,סלמי מעושן בסגנון איטלקי 300 ג' יחיעם,מעדני יחיעם ( 1993 ) בע`מ,IL,סלמי מעושן איטלק,גרמים,300.00,100 גרם,false,1,25.90,8.63,true,1,
7290001594155,false,"קוקה-קולה בבקבוק אישי 500 מ""ל",החברה המרכזית להפצת משקאות בעמ,IL,קוקה קולה,מיליליטרים,500.00,"100 מ""ל",false,0,6.90,1.38,true,1,
7290001594179,false,"פאנטה אורנג' בבקבוק אישי 500 מ""ל",החברה המרכזית להפצת משקאות בעמ,IL,פנטה אורנג',מיליליטרים,500.00,"100 מ""ל",false,0,6.90,1.38,true,1,
7290001594186,false,"דיאט קוקה-קולה בבקבוק אישי 500 מ""ל",החברה המרכזית להפצת משקאות בעמ,IL,קוקה קולה דיאט,מיליליטרים,500.00,"100 מ""ל",false,0,6.90,1.38,true,1,
7290001594377,false,פריגת תפוזים 0.5 ליטר חייב בפקדון,החברה המרכזית להפצת משקאות בעמ,IL,פריגת תפוזים,מיליליטרים,500.00,"100 מ""ל",false,0,6.20,1.24,true,1,
7290001594568,false,בירה בפחית קרלסברג (500 מל),החברה המרכזית להפצת משקאות בעמ,IL,בירה קרלסברג פח,מיליליטרים,500.00,"100 מ""ל",false,0,8.90,1.78,true,1,
7290001594575,false,בירה בפחית רד טובורג (500 מל),החברה המרכזית להפצת משקאות בעמ,IL,בירה טובורג פחית,מיליליטרים,500.00,"100 מ""ל",false,0,8.90,1.78,true,1,
7290001594810,false,"בירה שחורה מאלטי בקב' מארז 330X6מ""ל",החברה המרכזית להפצת משקאות בעמ,IL,מאלטי בקבוק 6 יח,ליטרים,1.98,ליטר,false,0,27.90,14.09,true,1,
7290001594858,false,מארז שישייה בירה טובורג רד (330x6 מל),החברה המרכזית להפצת משקאות בעמ,IL,טובורג רד 6 יח,ליטרים,1.98,ליטר,false,0,38.90,19.65,true,1,
7290001594865,false,"שישייה בירה קרלסברג בקבוק 330 מ""ל",החברה המרכזית להפצת משקאות בעמ,IL,בירה קרלסברג 6יח,ליטרים,1.98,ליטר,false,0,39.90,20.15,true,1,
7290001648643,false,מארז קפה טורקי כתר 100X3 גרם,רוני רג'ואן ושות,IL,מארז טורקי כתר,גרמים,300.00,100 גרם,false,0,13.80,4.60,true,1,
7290001670194,false,עוגיות מרוקאיות 400 גרם,הנמל,IL,עוגיות מרוקאיות,גרמים,400.00,100 גרם,false,0,15.00,3.75,true,1,
7290001670248,false,10 מפיות תחרה,,IL,10 מפיות תחרה,יחידה,1.00,יחידה,false,0,7.90,7.90,true,1,
7290001670354,false,"מפת שולחן סופגת לבן 137X274 ס""מ במיוחד",הנמל אריזות ושיווק (1984) בעמ,IL,מפת שולחן,יחידה,1.00,יחידה,false,0,9.90,9.90,true,1,
7290001696385,false,מיני רוגלך שוקולד,גדרון סהרון,IL,מיני רוגלך,קילוגרמים,0.00,"ק""ג",true,1,49.00,49.00,true,1,
7290001696408,false,בורקיטס מיני במשקל,.,IL,בורקיטס מיני,קילוגרמים,0.00,"ק""ג",true,1,49.00,49.00,true,1,
7290001696415,false,"בורקס יווני תפו""א פטריות",גידרון,IL,בורקס יווני,קילוגרמים,0.00,"ק""ג",true,1,49.00,49.00,true,1,
7290001696422,false,בורקס יווני גבינה תרד לק,גידרון,IL,בורקס יווני,קילוגרמים,0.00,"ק""ג",true,1,49.00,49.00,true,1,
7290001696446,false,"בורקס יווני חצילים לק""ג",גידרון,IL,בורקס יווני,קילוגרמים,0.00,"ק""ג",true,1,49.00,49.00,true,1,
7290001710784,false,נקניקיות מיני צ'וריסו500,מעדני הטלה,IL,נקניקיות מיני צ',גרמים,500.00,100 גרם,false,0,29.90,5.98,true,1,
7290001710869,false,"שניצל עוף קפוא לק""ג",מעדני הטלה,IL,שניצל עוף קפוא,קילוגרמים,0.00,"ק""ג",true,1,44.90,44.90,true,1,
7290001713853,false,אקונומיקה מבושמת 4 ליטר,קומפלקס כימיקלים בעמ,IL,אקונומיקה מבושמת,ליטרים,4.00,ליטר,false,0,9.90,2.48,true,1,
7290001779965,false,שלגוני ויטמינצ'יק כשלפ,נסטלה,IL,שלגוני ויטמינצ,גרמים,800.00,100 גרם,false,0,21.30,2.66,true,1,
7290001780428,false,מאגדת גלידת לייט שוקולד נסטלה 6יח' 312ג',נגה גלידות שותפות מוגבלת,IL,מארז גלידיאט,גרמים,360.00,100 גרם,false,0,29.90,8.31,true,1,
7290001791349,false,אקונומיקה פיסגה ריחנית סנו (4 ליטר),החברה הדרומית לשיווק בעמ,IL,אקונומיקה פיסגה,ליטרים,4.00,ליטר,false,0,10.00,2.50,true,1,
7290001791776,false,"סנו-די דוחה יתושים רול און עם אלוורה סנו 50 מ""ל",החב. הדרומית לשיווק,IL,סנו די רול און,מיליליטרים,50.00,"100 מ""ל",false,0,19.90,39.80,true,1,
7290001814147,false,ממרח בטעם שוקולד פרה500ג,STRAUSS-ISRAEL,IL,ממרח בטעם שוקולד,גרמים,500.00,100 גרם,false,0,9.90,1.98,true,1,
7290001814222,false,שוקולד חלב עם עדשים 100ג,STRAUSS-ISRAEL,IL,שוקולד עדשים,גרמים,100.00,100 גרם,false,0,5.50,5.50,true,1,
7290001817063,false,סוכ.טופי מזל וברכות850גר,STRAUSS-ISRAEL,IL,טופי ברכות פירות,גרמים,850.00,100 גרם,false,0,15.50,1.82,true,1,
7290001817377,false,צ`יטוס איקס עיגול בטעם פיצה 60 גרם,"שטראוס פריטו ליי בע""\מ )",IL,צ'יטוס איקס,גרמים,60.00,100 גרם,false,0,3.50,5.83,true,1,
7290001817582,false,צ'יטוס כאפה 15*10 גרם,עלית,IL,מארז צ'יטוס כאפה,גרמים,150.00,100 גרם,false,0,9.90,6.60,true,1,
7290001817728,false,צ'יטוס אפוי כאפה בטעם קטשופ 55 גרם,"שטראוס פריטו ליי בע""\מ )",IL,צ'יטוס כפאה,גרמים,55.00,100 גרם,false,0,3.50,6.36,true,1,
7290001865439,false,פמילי אל סבון נוזלי בניחוח וניל 1 ליטר,אף.סי תבליני בגליל ב,IL,סבון נוזלי פמלי,ליטרים,1.00,ליטר,false,0,10.00,10.00,true,1,
7290001865453,false,פמילי לקשרי 1 ליטר לבנדר ארומטי+משאבה,מיוצר עי קונדיטוריית,IL,סבון נוזלי פמלי,ליטרים,1.00,ליטר,false,0,10.00,10.00,true,1,
7290001902134,false,לחם איטלקי 290 גרם,"גידרון תעשיות בע""מ",IL,לחם איטלקי,יחידה,1.00,יחידה,false,0,6.20,6.20,true,1,
7290001902301,false,חלה מתוקה קלועה 450 גרם,"גידרון תעשיות בע""מ",IL,חלה מתוקה קלוע,יחידה,1.00,יחידה,false,0,11.90,11.90,true,1,
7290001902318,false,חלה מתוקה קלוע+צימוקקפוא,"גידרון תעשיות בע""מ",IL,חלה מתוקה קלוע,יחידה,1.00,יחידה,false,0,11.90,11.90,true,1,
7290001902325,false,חלה קלועה שופרסל,"גידרון תעשיות בע""מ",IL,"חלת ""גדרון""",יחידה,1.00,יחידה,false,0,11.90,11.90,true,1,
7290001902677,false,לחמניה 100% קמח מלא,"גידרון תעשיות בע""מ",IL,לחמניה מקמח מלא,יחידה,1.00,יחידה,false,0,2.90,2.90,true,1,
7290001902776,false,לחמנית עם דגנים קפוא,"גידרון תעשיות בע""מ",IL,לחמנית עם דגנים,יחידה,1.00,יחידה,false,0,4.50,4.50,true,1,
7290001902783,false,לחמנית המבורגר,"גידרון תעשיות בע""מ",IL,לחמנית המבורגר,יחידה,1.00,יחידה,false,0,2.90,2.90,true,1,
7290001902912,false,לחם מרוקאי רגיל 500 גרם,"גידרון תעשיות בע""מ",IL,לחם מרוקאי,יחידה,1.00,יחידה,false,0,13.40,13.40,true,1,
7290001946404,false,סלט שום כתוש תבליני ביטון יוחאי,נטו מלינדה סחר בעמ,IL,שום כתוש,גרמים,250.00,100 גרם,false,0,14.60,5.84,true,1,
7290001990094,false,"סוכר חום כהה צנצנת קלאסי סוגת 1ק""ג",האי נאם סי או אל.טי.,IL,סוכר חום קלאסי,קילוגרמים,1.00,"ק""ג",false,0,11.70,11.70,true,1,
7290001990148,false,"סוכר גולדן קלאסי בצנצנת 1 ק""ג סוגת",האי נאם סי או אל.טי.,IL,סוכר גולדן,קילוגרמים,1.00,"ק""ג",false,0,11.00,11.00,true,1,
7290001990261,false,"חומוס סוגת 1 ק""ג","סוגת תעשיות בע""\מ",IL,חומוס,קילוגרמים,1.00,"ק""ג",false,0,14.90,14.90,true,1,
7290001990278,false,"שעועית לבנה 1 ק""ג סוגת","סוגת תעשיות בע""\מ",IL,שעועית לבנה,קילוגרמים,1.00,"ק""ג",false,0,17.90,17.90,true,1,
7290001990391,false,אפונה יבשה 1קג סוגת,"סוגת תעשיות בע""\מ",IL,אפונה,קילוגרמים,1.00,"ק""ג",false,0,9.40,9.40,true,1,
7290001990407,false,"עדשים ירוקות סוגת 1 ק""ג","סוגת תעשיות בע""\מ",IL,עדשים ירוקות,קילוגרמים,1.00,"ק""ג",false,0,11.90,11.90,true,1,
7290001990414,false,"עדשים אדומות סוגת 1 ק""ג","סוגת תעשיות בע""\מ",IL,עדשים אדומות,קילוגרמים,1.00,"ק""ג",false,0,12.00,12.00,true,1,
7290001990421,false,"פופקורן גרעינים סוגת 1 ק""ג","סוגת תעשיות בע""\מ",IL,"פופקורן 1 ק""ג",קילוגרמים,1.00,"ק""ג",false,0,9.80,9.80,true,1,
7290002002611,false,מגע המשי הדבש שעווה קרה 500 גר,"ש. שוורץ (ב""ש) בע""מ",IL,שעווה קרה,גרמים,500.00,100 גרם,false,0,19.90,3.98,true,1,
7290002007234,false,אבקת סוכר הנמל 100 גרם,הנמל אריזות ושיווק 1984 בע`מ,IL,אבקת סוכר,גרמים,100.00,100 גרם,false,0,1.70,1.70,true,1,
7290002007241,false,סודה לשתיה הנמל 50 גרם,הנמל אריזות ושיווק (1984) בעמ,IL,סודה לשתיה,גרמים,50.00,100 גרם,false,0,2.50,5.00,true,1,
7290002007302,false,סוכריות לקישוט צבע אחיד 100 ג' הנמל,קריות זול,IL,סוכריות לקישוט,גרמים,100.00,100 גרם,false,0,5.70,5.70,true,1,
7290002007371,false,פירורי לחם הנמל 500 ג',הנמל אריזות ושיווק 1984 בע`מ,IL,פירורי לחם,גרמים,500.00,100 גרם,false,0,5.90,1.18,true,1,
7290002007395,false,דובדבנים מסוכרים 100 ג' הנמל,הדרום תעשיות מזון בע,IL,דובדבנים מסוכרים,גרמים,100.00,100 גרם,false,0,5.90,5.90,true,1,
7290002007500,false,קיסמי שיניים הנמל במבוק 500 יחידות,הנמל אריזות ושיווק 1984 בע`מ,IL,קיסמי שיניים,יחידה,1.00,יחידה,false,0,3.00,3.00,true,1,
7290002007623,false,כוסות יין חד פעמיות 50 יח`,הנמל אריזות ושיווק (1984) בעמ,IL,כוסות יין,יחידה,1.00,יחידה,false,0,3.90,3.90,true,1,
7290002008040,false,שיפודי במבוק הנמל 100 יחידות,הנמל אריזות ושיווק (1984) בעמ,IL,מקלות לשיפודים,יחידה,1.00,יחידה,false,0,3.00,3.00,true,1,
7290002008071,false,גביעי נייר מספר 2 הנמל 1 יחידה,הנמל אריזות ושיווק (1984) בעמ,IL,עטרות בקופסה,יחידה,1.00,יחידה,false,0,4.90,4.90,true,1,
7290002008187,false,קשים מתקפלים לשתיה הנמל 40 יחידות,הנמל אריזות ושיווק 1984 בע`מ,IL,קשים מתקפלים,יחידה,1.00,יחידה,false,0,0.90,0.90,true,1,
7290002008224,false,סוכריות לקישוט צבעונית הנמל 100 ג',הנמל אריזות ושיווק 1984 בע`מ,IL,סוכריות לקישוט,גרמים,100.00,100 גרם,false,0,5.70,5.70,true,1,
7290002008491,false,סוכריות לקישוט שוקולד 100 ג' הנמל,הנמל אריזות ושיווק 1984 בע`מ,IL,סוכריות לקישוט,גרמים,100.00,100 גרם,false,0,4.90,4.90,true,1,
7290002008743,false,סוכר וניל עשירייה הנמל 100 גרם,הנמל אריזות ושיווק 1984 בע`מ,IL,סוכר וניל 10 יח,גרמים,100.00,100 גרם,false,0,3.20,3.20,true,1,
7290002008750,false,אבקת אפיה עשירייה הנמל 100 גרם,הנמל אריזות ושיווק 1984 בע`מ,IL,אבקת אפיה,גרמים,100.00,100 גרם,false,0,3.20,3.20,true,1,
7290002008934,false,סוכריות צבעוניות לקישוט לעוגה 200 גר,הנמל אריזות ושיווק (1984) בעמ,IL,סוכריות לקישוט,גרמים,200.00,100 גרם,false,0,7.80,3.90,true,1,
7290002008941,false,עוג.מרוקאיות ללא סוכר400,הנמל,IL,עוגיות ללא סוכר,גרמים,400.00,100 גרם,false,0,19.50,4.88,true,1,
7290002008989,false,קישקשים קשים לשתיה 225יח הנמל,הנמל אריזות ושיווק (1984) בעמ,IL,קישקשים בקופסא,יחידה,1.00,יחידה,false,0,5.90,5.90,true,1,
7290002013006,false,פסטרמה מקסיקנית זוגלובג,נקניק זוגלובק נהריה,IL,פסטרמה מקסיקנית,קילוגרמים,0.00,"ק""ג",true,0,79.00,79.00,true,1,
7290002013037,false,פסטרמה פרגיות זוגלובג,נקניק זוגלובק נהריה,IL,פסטרמה פרגיות,קילוגרמים,0.00,"ק""ג",true,0,79.00,79.00,true,1,
7290002013174,false,פסטרמה של פעם זוגלובג,נקניק זוגלובק נהריה,IL,פסטרמה של פעם,קילוגרמים,0.00,"ק""ג",true,0,86.00,86.00,true,1,
7290002014607,false,"חומוס 1 ק""ג",מעדני מיקי,IL,"חומוס 1 ק""ג",קילוגרמים,1.00,"ק""ג",false,0,13.50,13.50,true,1,
7290002014836,false,שום כתוש 200 גרם,מעדני מיקי,IL,שום כתוש,גרמים,200.00,100 גרם,false,0,5.50,2.75,true,1,
7290002014997,false,סלמון מעושן פרוס 100 גרם,מעדני מיקי,IL,סלמון מעושן,גרמים,100.00,100 גרם,false,0,18.90,18.90,true,1,
7290002016830,false,שימורי דרום כרוב כבוש 560גר,בני דרום,IL,כרוב כבוש,גרמים,550.00,100 גרם,false,0,7.40,1.35,true,1,
7290002019114,false,רוטב עגבניות מרוכז מאד 28-30BX פריניר,ח.כהן סוכנות מזון ומשקאות בע,IL,תרכיז עגבניות,גרמים,580.00,100 גרם,false,0,6.50,1.12,true,1,
7290002019763,false,עגבניות מרוסקות 800ג פריניר ה.מכירה *,ח.כהן סוכנות מזון ומשקאות בע,IL,עגבניות מרוסקות,גרמים,800.00,100 גרם,false,0,6.70,0.84,true,1,
7290002019787,false,רוטב עגבניות מרוכז מאוד 260 גרם פריניר,ח.כהן סוכנות מזון ומשקאות בע,IL,רסק עגבניות,גרמים,260.00,100 גרם,false,0,3.40,1.31,true,1,
7290002019794,false,רוטב עגבניות מרוכז מאוד 100 גרם פריניר,ח.כהן סוכנות מזון ומשקאות בע,IL,רסק עגבניות,גרמים,100.00,100 גרם,false,0,1.90,1.90,true,1,
7290002020189,false,סופגניה מיני רגילה+ריבה,"גידרון תעשיות בע""מ",IL,סופגניה מיני,גרמים,35.00,100 גרם,false,0,2.50,7.14,true,1,
7290002020493,false,פילו תרד פרימיום לקג,"גידרון תעשיות בע""מ",,פילו תרד,קילוגרמים,0.00,"ק""ג",true,0,49.00,49.00,true,1,
7290002020837,false,לחמניות מיני חלה,גידרון,IL,לחמניות מיני חל,יחידה,1.00,יחידה,false,0,3.90,3.90,true,1,
7290002020981,false,מיני סופגניה ללא ריבה יח,"גידרון תעשיות בע""מ",IL,מיני סופגניה,גרמים,35.00,100 גרם,false,0,2.50,7.14,true,1,
7290002022046,false,כרמית מרשמלו ורוד לבן 180גרם,כרמית,IL,מרשמלו ורוד לבן,גרמים,180.00,100 גרם,false,0,7.80,4.33,true,1,
7290002026341,false,אריסטו קראנץ ציפס בטטה טוגנים 500גר,מוצרי איכות אמריקאיים בעמ,IL,ציפס בטטה,גרמים,500.00,100 גרם,false,12,19.90,3.98,true,1,
7290002026358,false,אריסטו קראנץ צ`יפס בטטה זיגזג טוגנים 500,מוצרי איכות אמריקאיים בעמ,IL,ציפס בטטה זיג זג,גרמים,500.00,100 גרם,false,1,19.90,3.98,true,1,
7290002026365,false,טבעות בצל אריסטו קראנץ' 500 גרם,מוצרי איכות אמריקאיים בעמ,IL,טבעות בצל,גרמים,500.00,100 גרם,false,20,14.80,2.96,true,1,
7290002026433,false,ופל בלגי קפוא ופל בלגי ק,מוצרי איכות אמריקאיים,IL,ופל בלגי קפוא,גרמים,220.00,100 גרם,false,0,14.90,6.77,true,1,
7290002026440,false,פרצלס בייגלה בראנץ אנד קראנץ 280 ג',מוצרי איכות אמריקאיים בעמ,IL,פרצלס קפוא 280גר,גרמים,280.00,100 גרם,false,0,14.90,5.32,true,1,
7290002026884,false,מאגדת צאנקי מיקס בן&גריס *4,מוצרי איכות אמריקאיים בע,IL,מאגדת ציאנקי,יחידה,1.00,יחידה,false,1,27.90,27.90,true,1,
7290002026891,false,קוקי מיקס מאגדות -4מנות אישיות בטעמים שו,מוצרי איכות אמריקאיים בעמ,IL,מאגדת קוקי מיקס,יחידה,1.00,יחידה,false,1,27.90,27.90,true,1,
7290002037040,false,חלה קלה פרוסה 500 גרם,מאפית י את א ברמן בע,IL,חלה קלה פרוסה,גרמים,500.00,100 גרם,false,0,13.80,2.76,true,1,
7290002037057,false,"לחם לבן פרוס ארוז ""ברמן"" - מוצר בפיקוח",מאפית י את א ברמן בע,IL,לחם פרוס לבן 500 גרם,גרמים,500.00,100 גרם,false,0,5.80,1.16,true,1,
7290002037125,false,חלה פרוסה מאפיית ודש (500 גרם),מאפית י את א ברמן בע,IL,חלה פרוסה,גרמים,500.00,100 גרם,false,0,9.20,1.84,true,1,
7290002037309,false,לחמניות המבורגר מאפיית ודש 8),מאפית י את א ברמן בע,IL,8לחמניות המבורגר,גרמים,400.00,100 גרם,false,0,11.50,2.88,true,1,
7290002037545,false,לחם שחור קל פרוס 750 גרם,מאפית ברמן,IL,לחם שחור קל פרוס,גרמים,750.00,100 גרם,false,0,13.80,1.84,true,1,
7290002037637,false,לחמניות הבית מתוקות מאפיית ודש) (4,מאפית י.את א. ברמן ב,IL,חליות מתוקות 4יח,גרמים,350.00,100 גרם,false,0,11.60,3.31,true,1,
7290002040019,false,קוסקוס רגיל מזון קוסקוס (350 גרם),הנמל אריזות ושיווק (1984) בעמ,IL,קוסקוס רגיל,גרמים,350.00,100 גרם,false,0,4.90,1.40,true,1,
7290002040064,false,קוסקוס דק להכנה מהירה בשקית 350 גרם,הנמל אריזות ושיווק (1984) בעמ,IL,קוסקוס דק,גרמים,350.00,100 גרם,false,0,4.90,1.40,true,1,
7290002040071,false,קוסקוס עבה להכנה קלה ומהירה 350 גרם,הנמל אריזות ושיווק (1984) בעמ,IL,קוסקוס עבה,גרמים,350.00,100 גרם,false,0,4.90,1.40,true,1,
7290002040088,false,קוסקוס מלא מזון קוסקוס (350 גרם),הנמל אריזות ושיווק (1984) בעמ,IL,קוסקוס מלא,גרמים,350.00,100 גרם,false,0,6.30,1.80,true,1,
7290002053095,false,אטריות ביצים דקות מספר 10 אוריינט 200 גרם,גורי מוצרי צריכה (1991) בעמ,IL,אטריות ביצים,גרמים,200.00,100 גרם,false,0,7.20,3.60,true,1,
7290002057017,false,זיתים ירוקים נובו קבוצת יבנה (540 גרם),קבוצת יבנה מוצרי מזון אגודה שי,IL,זיתים ירוקים,גרמים,560.00,100 גרם,false,1,10.30,1.84,true,1,
7290002057048,false,זית סורי מתובל בשמן קבוצת יבנה 560 גרם,"קבוצת יבנה מוצרי מזון בע""מ",IL,זית סורי מבוקע,גרמים,540.00,100 גרם,false,0,7.90,1.46,true,1,
7290002057055,false,זית סורי שלם בטעם שום יבנה 340 גרם,קבוצת יבנה מוצרי מזון בעמ,IL,זית סורי ירוק,גרמים,540.00,100 גרם,false,0,10.50,1.94,true,1,
7290002057062,false,זיתים מנזנילו ירוק בינוני קבוצת יבנה 340 גרם,קבוצת יבנה מוצרי מזון בעמ,IL,זית מנזנילו,גרמים,540.00,100 גרם,false,0,8.30,1.54,true,1,
7290002057093,false,זיתים מנזנילו גדול קבוצת יבנה 340 גרם,"קבוצת יבנה מוצרי מזון בע""מ",IL,זית מנזנילו יר,גרמים,540.00,100 גרם,false,0,8.50,1.57,true,1,
7290002057123,false,זיתים ירוקים מנזנילו קבוצת יבנה 560 גרם,קבוצת יבנה מוצרי מזון אגודה שי,IL,זית ללא גלעין,גרמים,540.00,100 גרם,false,0,8.90,1.65,true,1,
7290002057161,false,זיתים מרינט ביין גדול מאד קבוצת יבנה 340 גרם,קבוצת יבנה מוצרי מזון בעמ,IL,זית חתוך במרינד,גרמים,540.00,100 גרם,false,0,9.00,1.67,true,1,
7290002057185,false,טבעות זיתים ירוקים קבוצת יבנה 560 גרם,קבוצת יבנה מוצרי מזון אגודה שי,IL,טבעות זיתים,גרמים,540.00,100 גרם,false,0,9.30,1.72,true,1,
7290002057321,false,"מלפפון במלח ‏25‏-‏21‏ יבנה 1.3 ק""ג",קבוצת יבנה,IL,מלפפונים במלח,קילוגרמים,1.30,"ק""ג",false,0,17.90,13.77,true,1,
7290002057345,false,"מלפפונים במלח ‏36‏-‏30 קבוצת יבנה 1.75 ק""ג",קבוצת יבנה מוצרי מזון בעמ,IL,מלפפון במלח,קילוגרמים,3.00,"ק""ג",false,0,22.50,7.50,true,1,
7290002057352,false,מלפפונים במלח ‏9‏-‏7‏ קבוצת יבנה 320 גרם,"קבוצת יבנה מוצרי מזון בע""מ",IL,מלפפון במלח 7-9,גרמים,540.00,100 גרם,false,0,6.30,1.17,true,1,
7290002057369,false,מלפפונים במלח ‏12‏-‏10‏ קבוצת יבנה 320 גרם,"קבוצת יבנה מוצרי מזון בע""מ",IL,מלפפונים במלח,גרמים,540.00,100 גרם,false,0,7.50,1.39,true,1,
7290002057376,false,מלפפונים במלח ‏17‏-‏13‏ קבוצת יבנה 320 גרם,"קבוצת יבנה מוצרי מזון בע""מ",IL,מלפפונים במלח,גרמים,540.00,100 גרם,false,0,9.50,1.76,true,1,
7290002057383,false,מלפפון יבנה במלח קטנים מאוד 18-25 320 גר יבנה,"קבוצת יבנה מוצרי מזון בע""מ",IL,מלפפונים במלח,גרמים,540.00,100 גרם,false,0,12.30,2.28,true,1,
7290002057451,false,מלפפונים בחומץ ‏9‏-‏7 קבוצת יבנה 290 גרם,קבוצת יבנה מוצרי מזון אגודה שי,IL,מלפפונים בחומץ,גרמים,540.00,100 גרם,false,0,6.30,1.17,true,1,
7290002057468,false,מלפפון יבנה בחומץ בינוניים 10-12 290 גרם,"קבוצת יבנה מוצרי מזון בע""מ",IL,מלפפון בחומץ,גרמים,540.00,100 גרם,false,0,7.50,1.39,true,1,
7290002057475,false,מלפפונים בחומץ ‏17‏-‏13 קבוצת יבנה 290 גרם,קבוצת יבנה מוצרי מזון אגודה שי,IL,מלפפונים בחומץ,גרמים,540.00,100 גרם,false,0,9.50,1.76,true,1,
7290002057482,false,מלפפונים קטנים בחומץ קבוצת יבנה 560 גרם,קבוצת יבנה מוצרי מזון אגודה שי,IL,מלפפונים בחומץ,גרמים,540.00,100 גרם,false,0,12.30,2.28,true,1,
7290002057604,false,פלפל חריף שיפקה קבוצת יבנה (540 גרם),קבוצת יבנה מוצרי מזון אגודה שי,IL,פלפל חריף שיפקה,גרמים,540.00,100 גרם,false,0,6.30,1.17,true,1,
7290002057628,false,זיתים מושחרים טבעות קבוצת יבנה (540 גרם),קבוצת יבנה מוצרי מזון אגודה שי,IL,טבעות זיתים מושחרים540גר,גרמים,540.00,100 גרם,false,0,9.50,1.76,true,1,
7290002057703,false,חצילים במלח קבוצת יבנה 320 גרם,"קבוצת יבנה מוצרי מזון בע""מ",IL,חצילים במלח,גרמים,540.00,100 גרם,false,0,6.30,1.17,true,1,
7290002065555,false,שישיית לחמנייה הכי רכה בהפסקה אנג'ל 450 גרם,מאפיית שלמה א. אנג'\ל בע,IL,6 לחמניות בשקית,גרמים,450.00,100 גרם,false,0,11.50,2.56,true,1,
7290002065616,false,לחם שיפון גרעינים פרוס אחדות (750 גרם),מאפיית שלמה א. אנג'\ל בע,IL,לחם שיפון,גרמים,750.00,100 גרם,false,0,11.50,1.53,true,1,
7290002065623,false,לחם שיפון של פעם כפרי פרוס אורנים 750 גרם,מאפיית שלמה א. אנג'\ל בע,IL,לחם שיפון כפרי 750 גרם,גרמים,750.00,100 גרם,false,0,11.50,1.53,true,1,
7290002077268,false,מיני קציצות דג לבישול 500 גרם קהילות,האי נאם סי או אל.טי.,IL,קציצות דג,גרמים,500.00,100 גרם,false,0,21.90,4.38,true,1,
7290002107019,false,גב.צפתית מעודנת5% 250גרם,משק צוריאל תבור,IL,צפתית מעודנת5%,גרמים,250.00,100 גרם,false,0,16.90,6.76,true,1,
7290002107071,false,גבינת פטה עיזים מעודנת 16% משק צוריאל 200 גרם,החברה המרכזית טלהפצת משקאות בע,IL,גבינת פטה עיזים,גרמים,200.00,100 גרם,false,0,22.90,11.45,true,1,
7290002107385,false,גליל גבינת עיזים מה עז משק צוריאל 180 גרם,החברה המרכזית טלהפצת משקאות בע,IL,גבינת עיזים,גרמים,180.00,100 גרם,false,0,21.70,12.06,true,1,
7290002107422,false,בולגרית גלילית 5% במשקל,משק צוריאל תבור,IL,בולגרית גלילית5%,קילוגרמים,0.00,"ק""ג",true,0,58.00,58.00,true,1,
7290002107491,false,גבינה לבנה מחלב עיזים למריחה 5% משק צוריאל 250 גרם,*החברה המרכזית להפצת משקאותבעמ,IL,גבינת עיזים 5%,גרמים,250.00,100 גרם,false,0,14.80,5.92,true,1,
7290002107743,false,צפתית מעודנת5%משק צוריאל,מחלבת משק צוריאל,IL,גבינה צפתית 5%,קילוגרמים,0.00,"ק""ג",true,0,45.00,45.00,true,1,
7290002107798,false,גבינה בולגרית מעודנת 5% משק צוריאל 250 גרם,*החברה המרכזית להפצת משקאותבעמ,IL,גבינה בולגרית 5%,גרמים,250.00,100 גרם,false,0,16.90,6.76,true,1,
7290002107965,false,גבינת טבורוג לאפייה ומילוי %5 500גרם,*החברה המרכזית להפצת משקאותבעמ,IL,גבינת טבורוג,גרמים,500.00,100 גרם,false,0,22.90,4.58,true,1,
7290002109488,false,קבב 100% אמיתי טיבון ויל 440 גרם,"טיבון ויל אחזקות בע""\מ",IL,קבב אמיתי 440גרם,גרמים,440.00,100 גרם,false,0,19.90,4.52,true,1,
7290002129462,false,פיצה איטלקית דקה שלושת האופים מארז זוג 640 ג',נטו מלינדה סחר בעמ,IL,זוג פיצה משפחתית,גרמים,640.00,100 גרם,false,1,24.90,3.89,true,1,
7290002129479,false,פיצה איטלקית דקה שלושת האופים 320 גר,האי נאם סי או אל.טי.,IL,פיצה איטלקית דקה,גרמים,320.00,100 גרם,false,1,15.90,4.97,true,1,
7290002129486,false,פיצה איטלקית דקה זיתים 340 ג' שלושת האופים,האי נאם סי או אל.טי.,IL,פיצה איטלקית זית,גרמים,320.00,100 גרם,false,1,16.90,5.28,true,1,
7290002130567,false,דבש דבורים טהור פרחי בר יד מרדכי 350 גרם,מכוורת יד מרדכי שטראוס ב,IL,דבש טהור,גרמים,350.00,100 גרם,false,0,19.90,5.69,true,1,
7290002130574,false,דבש טהור מפרחי בר בזכוכית 500 ג' יד מרדכי,מכוורת יד מרדכי שטראוס ב,IL,דבש מפרחי בר,גרמים,500.00,100 גרם,false,0,24.70,4.94,true,1,
7290002130581,false,דבש טהור מפרחי בר יד מרדכי (1 קג),מכוורת יד מרדכי שטראוס ב,IL,דבש טהור,קילוגרמים,1.00,"ק""ג",false,0,42.90,42.90,true,1,
7290002133032,false,פתיתי קשקבל 29% גבינות השומרון 300 גרם,"מחלבת השומרון בע""מ",IL,גבינת קשקבל טחון,גרמים,300.00,100 גרם,false,0,25.00,8.33,true,1,
7290002133070,false,גב.קשקבל טורקי צאן22%משק,"מחלבת השומרון בע""מ",IL,גבינת קשקבל,קילוגרמים,0.00,"ק""ג",true,0,99.00,99.00,true,1,
7290002133087,false,גבינה בולגרית צאן20%משקל,מחלבת השומרון בעמ,,גב. בולגרית צאן,גרמים,0.00,"ק""ג",true,0,87.00,87.00,true,1,
7290002133117,false,בולגרית מעודנת 5% במשקל,"מחלבת השומרון בע""מ",IL,גבינה בולגרית 5%,קילוגרמים,0.00,"ק""ג",true,0,55.00,55.00,true,1,
7290002133131,false,גבינה ריקוטה 5% 250 גרם,מחלבת השומרון,,גבינה ריקוטה 5%,גרמים,250.00,100 גרם,false,0,13.50,5.40,true,1,
7290002133148,false,צפתית רכה שומרון במש,"מחלבת השומרון בע""מ",IL,גבינה צפתית 5%,קילוגרמים,0.00,"ק""ג",true,0,58.00,58.00,true,1,
7290002133193,false,בולגרית שומרון מעדני,מחלבת השומרון בעמ,IL,גבינה בולגרית 5%,קילוגרמים,0.00,"ק""ג",true,0,44.00,44.00,true,1,
7290002133247,false,לאבנה עם שמן זית וזעתר 5% גבינות השומרון 250 גרם,מחלבת שומרון בעמ`,IL,לבנה עם זעתר,גרמים,250.00,100 גרם,false,0,12.10,4.84,true,1,
7290002133506,false,יוגורט של פעם חלב עיזים 4% גבינות השומרון 400 גרם,מחלבת השומרון,IL,יוגורט של פעם,גרמים,400.00,100 גרם,false,0,12.00,3.00,true,1,
7290002133537,false,יוגורט של פעם חלב עיזים 4% גבינות השומרון 180 גרם,מחלבת השומרון,IL,יוגורט של פעם,גרמים,180.00,100 גרם,false,0,6.00,3.33,true,1,
7290002133551,false,גבינת לאבנה עם שמן זית וזעתר 5% השומרון 500 גרם,מחלבת השומרון,IL,לבנה בשמן זית,גרמים,500.00,100 גרם,false,0,18.70,3.74,true,1,
7290002133575,false,יוגורט של פעם חלב כבשים 5% גבינות השומרון 400 גרם,מחלבת השומרון,IL,יוגורט של פעם,גרמים,400.00,100 גרם,false,0,12.10,3.03,true,1,
7290002133612,false,"יוגורט יווני אותנטי 8% גבינות השומרון 180 מ""ל",מחלבת שומרון בעמ`,IL,יוגורט יווני 8%,גרמים,180.00,100 גרם,false,0,5.70,3.17,true,1,
7290002133643,false,גבינת פטה צאן 22% גבינות השומרון 200 גרם,מחלבת השומרון,IL,גבינת פטה צאן22%,גרמים,200.00,100 גרם,false,0,19.90,9.95,true,1,
7290002133889,false,גבינה בולגרית מעודנת 5% 250 גרם,מחלבת השומרון,IL,גבינה בולגרית 5%,גרמים,250.00,100 גרם,false,0,19.90,7.96,true,1,
7290002133940,false,יוגורט של פעם כבשים 4% גבינות השומרון 180 גרם,מחלבת השומרון,IL,יוגורט של פעם,גרמים,180.00,100 גרם,false,0,5.90,3.28,true,1,
7290002150404,false,"סיגר תפו""א חמים וטעים 1 קג",חמים וטעים בעמ,IL,"סיגר תפו""א 1קג",יחידה,1.00,יחידה,false,0,25.20,25.20,true,1,
7290002153665,false,קמח מצה 200 גר,"אם החיטה בע""מ",IL,קמח מצה חמץ,גרמים,200.00,100 גרם,false,0,4.00,2.00,true,1,
7290002157953,false,מארז נתחי טונה בהירה בשמן קנולה - 4 יחידות,נטו מלינדה סחר בע`מ,IL,טונה בשמן 4 יח,גרמים,560.00,100 גרם,false,1,21.90,3.91,true,1,
7290002232995,false,ציפוי פז דגש 500גר ללא גלוטן.,נטורפוד בעמ,IL,ציפוי פז,גרמים,500.00,100 גרם,false,0,28.30,5.66,true,1,
7290002253006,false,שום טרי כתוש צנצנת דורות 200 גרם,קבוצת אוסם סחר-שות.מוגבלת,IL,שום טרי כתוש,גרמים,200.00,100 גרם,false,0,15.90,7.95,true,1,
7290002253105,false,שום במגשית 20 שיניים כתושות קפוא 80,קבוצת אוסם סחר-שות.מוגבלת,IL,שום כתוש קפוא,גרמים,80.00,100 גרם,false,0,12.90,16.13,true,1,
7290002253150,false,קוביות בזיליקום קצוץ דורות 70 גרם,קבוצת אוסם סחר שותפות מוגבלת,IL,בזיליקום קצוץ,גרמים,70.00,100 גרם,false,0,10.40,14.86,true,1,
7290002253167,false,פטרוזיליה טרייה קצוצה מוקפאת 70 גרם,קבוצת אוסם סחר שותפות מוגבלת,IL,פטרוזיליה מוקפאת,גרמים,70.00,100 גרם,false,0,9.90,14.14,true,1,
7290002253181,false,כוסברה טרייה קצוצה 20 קוביות 70 גרם קפוא,קבוצת אוסם סחר שותפות מוגבלת,IL,כוסברה קצוצה,גרמים,70.00,100 גרם,false,0,9.90,14.14,true,1,
7290002253198,false,ג'ינג'ר טרי כתוש במגשית 70 ג' דורות,קבוצת אוסם סחר-שות.מוגבלת,IL,גינג'ר כתוש קפוא,גרמים,70.00,100 גרם,false,0,9.90,14.14,true,1,
7290002253235,false,דורות רוטב פסטו דורות,קבוצת אוסם סחר שותפות מוגבלת,IL,דורות רוטב פסטו,גרמים,160.00,100 גרם,false,16,11.80,7.38,true,1,
7290002253259,false,דורות רוטב עגבניות בזיליקום 160 גרם,עיצובים 2020 (3.8),IL,דורות רוטב עגבני,גרמים,160.00,100 גרם,false,16,11.80,7.38,true,1,
7290002259657,false,"דייאמונד רדיד אלומיניום צר 30 ס""מ ארוך פי 3, 22.5 מ'",גורי ע.ע.ע. בע`מ,US,רדיד אלומיניום,מטרים,22.00,מטר,false,0,21.70,0.99,true,1,
7290002259664,false,רדיד אלומיניום דיימונד גדול 60X0.60מ',ריינולדס מוצרי צריכה,IL,רדיד אלומיניום,מטרים,60.00,מטר,false,0,44.90,0.75,true,1,
7290002263258,false,קמח תגמיש 800 גרם,א.ל ייצור ושיווק תבלינים,IL,קמח תגמיש,גרמים,800.00,100 גרם,false,1,36.90,4.61,true,1,
7290002275176,false,לחמניות בסגנון הולנדי300,דגנית עין בר,IL,לחמניות,גרמים,300.00,100 גרם,false,1,6.90,2.30,true,1,
7290002277804,false,פילה נסיכת נילוס קפוא לק,דלידג,IL,פילה נסיכת נילוס,קילוגרמים,0.00,"ק""ג",true,1,39.90,39.90,true,1,
7290002304203,false,קונפיטורה ביתית תות לייט 600 גר,ענבי ציון,IL,קונפיטורה תות,גרמים,600.00,100 גרם,false,0,24.60,4.10,true,1,
7290002304241,false,קונפיטורה ביתית פירות יער לייט 600 גר,ענבי ציון,IL,קונפ.פירות יער,גרמים,600.00,100 גרם,false,0,24.60,4.10,true,1,
7290002319054,false,פרג טחון מיה 100 גרם,מיה תעשיות מזון מ.ת.מ. בעמ,IL,פרג טחון,גרמים,100.00,100 גרם,false,0,4.90,4.90,true,1,
7290002323198,false,ספרינג מיץ תפוחים 1.5 ל',יפאורה שותפות מובגלת לשיווק,IL,ספרינג תפוחים,ליטרים,1.50,ליטר,false,0,6.20,4.13,true,1,
7290002323204,false,ספרינג תפוחים לייט 1.5 ל,יפאורה שותפות מובגלת לשיווק,IL,ספרינג תפוח דיאט,ליטרים,1.50,ליטר,false,0,6.20,4.13,true,1,
7290002323815,false,משקה קל תפוזים קריסטל 2ל,יפאורה שותפות מוגבלת לשיווק,IL,משקה קל תפוזים,ליטרים,2.00,ליטר,false,0,3.90,1.95,true,1,
7290002323822,false,מיץ אשכוליות קריסטל2ליטר,יפאורה שותפות מובגלת לשיווק,IL,קריסטל אשכוליות,ליטרים,2.00,ליטר,false,0,3.90,1.95,true,1,
7290002323839,false,משקה קל ענבים קריסטל 2ל',יפאורה שותפות מוגבלת לשיווק,IL,משקה קל ענבים,ליטרים,2.00,ליטר,false,0,3.90,1.95,true,1,
7290002323846,false,קריסטל מיץ מנגו 2 לי,יפאורה שותפות מוגבלת לשיווק,IL,קריסטל מנגו,ליטרים,2.00,ליטר,false,0,3.90,1.95,true,1,
7290002327028,false,ג'חנון תימני 3 האופים 650 גר',נטו מלינדה סחר בעמ,IL,ג'חנון 650 גרם,גרמים,650.00,100 גרם,false,0,17.60,2.71,true,1,
7290002327059,false,"בצק עלים 1 ק""ג שלושת האופים קהילות",נטו מלינדה סחר בע`מ,IL,בצק עלים מרודד,קילוגרמים,1.00,"ק""ג",false,0,20.70,20.70,true,1,
7290002331117,false,נביעות+טעם ענבים 1.5ליטר,"נביעות טבע הגליל בע""\מ",IL,נביעות+ענבים,ליטרים,1.50,ליטר,false,0,7.50,5.00,true,1,
7290002331148,false,נביעות+טעם תפוח 1.5 ליטר,נביעות טבע הגליל בעמ,IL,נביעות+תפוח,ליטרים,1.50,ליטר,false,0,7.50,5.00,true,1,
7290002331179,false,נביעות+טעם אפרסק 1.5ליטר,"נביעות טבע הגליל בע""\מ ,",IL,נביעות+אפרסק,ליטרים,1.50,ליטר,false,0,7.50,5.00,true,1,
7290002331322,false,שישיית מים נביעות 1.5 ליטר,נביעות טבע הגליל בעמ,IL,מים נביעות 6 יח,ליטרים,9.00,ליטר,false,0,10.90,1.21,true,1,
7290002331360,false,"נביעות מים מינרליים טו גו מארז 500X6מ""ל",החברה המרכזית להפצת משקאות בעמ,IL,נביעות ספורט 6יח,ליטרים,3.00,ליטר,false,0,12.90,4.30,true,1,
7290002331421,false,"שישיית מים מינרליים GO TO נביעות 755 מ""ל",החברה המרכזית להפצת משקאות בעמ,IL,נביעות פקק טוגו,ליטרים,4.53,ליטר,false,0,18.30,4.04,true,1,
7290002331483,false,נביעות מים מינרלים שישיה בייבי 330 מ`ל,החברה המרכזית להפצת משקאות בעמ,IL,נביעות בייבי 6יח,ליטרים,1.92,ליטר,false,0,14.90,7.76,true,1,
7290002331490,false,מים מינרלים נביעות (1 ליטר),החברה המרכזית להפצת משקאות בעמ,IL,מים נביעות,ליטרים,1.00,ליטר,false,0,3.30,3.30,true,1,
7290002331643,false,נביעות מוגז מארז 1.5X6 ל',נביעות טבע הגליל בעמ,IL,נביעות מוגז 1.5*6 ליטר,ליטרים,9.00,ליטר,false,0,11.90,1.32,true,1,
7290002331711,false,נביעות מים מינרלים בטעם ענבים0.5ליטר,החברה המרכזית להפצת משקאות בעמ,IL,נביעות ענבים,מיליליטרים,500.00,"100 מ""ל",false,0,5.70,1.14,true,1,
7290002332022,false,נביעות+משמש אננס 1.5ליטר,נביעות טבע,IL,נביעות+משמש אננס,ליטרים,1.50,ליטר,false,0,7.50,5.00,true,1,
7290002333388,false,לחם שאור מלא אורגני 750ג,הרדוף,IL,לחם שאור מלא אור,גרמים,750.00,100 גרם,false,0,14.90,1.99,true,1,
7290002333463,false,שעועית מש אורגני הרדוף 500 גרם,אול אורגני,IL,שעועית מש אורגני,גרמים,500.00,100 גרם,false,0,14.50,2.90,true,1,
7290002333692,false,דוחן אורגני הרדוף 500 גרם,אול אורגני,IL,דוחן אורגני,גרמים,500.00,100 גרם,false,0,9.90,1.98,true,1,
7290002353836,false,סרדינים רוברט בשמן זית 115 גרם,קונסרבס פורטוגל נורטה,PT,סרדינים בשמן זית,גרמים,115.00,100 גרם,false,0,7.20,6.26,true,1,
7290002359562,false,ממרח חרובים/אג,,IL,ממרח חרובים/אג,גרמים,350.00,100 גרם,false,0,35.60,10.17,true,1,
7290002360155,false,חליטת תה פרחי שומר פומפדור 20 שקיקים,ש. שסטוביץ בע`מ,IL,חליטת שומר,גרמים,40.00,100 גרם,false,0,11.90,29.75,true,1,
7290002360278,false,חליטת צמחים פומפדור מנטה 20 יחידות,"איטיליאן פוד, אס.פי.",IL,חליטת מנטה,גרמים,45.00,100 גרם,false,0,11.90,26.44,true,1,
7290002360285,false,חליטת צמחים פומפדור קמומיל 20 יחידות,ש. שסטוביץ בע`מ,IL,חליטת קמומיל,גרמים,30.00,100 גרם,false,0,11.90,39.67,true,1,
7290002363491,false,"יין קונדיטון 750 מ""ל",הכורמים,IL,יין קונדיטון,מיליליטרים,750.00,"100 מ""ל",false,0,30.00,4.00,true,1,
7290002363798,false,יין לקידוש עונג שבת750מל,הכורמים,IL,יין עונג שבת,מיליליטרים,750.00,"100 מ""ל",false,0,15.40,2.05,true,1,
7290002363811,false,"יין המלכים אדום 750 מ""ל",הכורמים,IL,יין המלכים,מיליליטרים,750.00,"100 מ""ל",false,0,17.80,2.37,true,1,
7290002371403,false,טירת צבי מארז זוגות 600 ג',תנובה מרכז שיתופי לשיווק תוצרת,IL,פסטרמה+נקניק,גרמים,600.00,100 גרם,false,0,28.40,4.73,true,1,
7290002371533,false,דקניקים סלסולי פסטרמה דבש טירת צבי 120 גרם,תנובה מרכז שיתופי לשיווק תוצרת,IL,סלסולי פסטרמה,גרמים,120.00,100 גרם,false,0,15.90,13.25,true,1,
7290002371540,false,דקניקים קורנדביף ללא גלוטן טירת צבי 120 גרם,תנובה מרכז שיתופי לשיווק תוצרת,IL,קורנדביף,גרמים,120.00,100 גרם,false,0,15.90,13.25,true,1,
7290002371571,false,פסטרמה פרגיות לבאגט במשקלטירת צבי,טירת- צבי,IL,פסטרמה פרגיות,קילוגרמים,0.00,"ק""ג",true,0,84.00,84.00,true,1,
7290002371854,false,נקניקיות עוף חריפות טירת צבי 2 * 500 גרם,תנובה מרכז שיתופי לשיווק תוצרת,IL,נקניקיות עוף,קילוגרמים,1.00,"ק""ג",false,0,31.10,31.10,true,1,
7290002373148,false,לחם רוסי ענק 1.200 ק,מאפיית השלום,IL,לחם רוסי,קילוגרמים,1.20,"ק""ג",false,0,15.30,12.75,true,1,
7290002373292,false,לחם בריאות דגנים קל 500ג,מאפיית השלום,IL,לחם בריאות דגנים קל 500ג,גרמים,500.00,100 גרם,false,0,11.90,2.38,true,1,
7290002373506,false,לחם כפרי מקמח מלא 750גרם,מאפיית השלום,IL,לחם כפרי מקמח מלא 750גרם,גרמים,750.00,100 גרם,false,0,16.50,2.20,true,1,
7290002373513,false,לחם שיפון כפרי 750 גרם,מאפיית השלום,IL,לחם שיפון כפרי 750 גרם,גרמים,750.00,100 גרם,false,0,16.50,2.20,true,1,
7290002373537,false,לחם שיפון ללא שמרים750גר,מאפיית השלום,IL,לחם שיפון,גרמים,750.00,100 גרם,false,0,13.90,1.85,true,1,
7290002373544,false,לחם חיטה מלא ללא שמר750.,מאפיית השלום,IL,לחם חיטה מלא ללא שמר750.,גרמים,750.00,100 גרם,false,0,13.90,1.85,true,1,
7290002373551,false,לחם שיפון 750 גרם לל,מאפיית השלום,,לחם שיפון100% 750 גרם,גרמים,750.00,100 גרם,false,0,16.50,2.20,true,1,
7290002373575,false,לחם קל שיפון 500 גרם,מאפיית השלום,,לחם שיפון קל 500 גרם,גרמים,500.00,100 גרם,false,0,16.50,3.30,true,1,
7290002374640,false,שמן בריאות קנולה פלוס אומגה 3 עץ הזית 1 ליטר,סוגת תעשיות בעמ,IL,שמן קנולה פלוס,ליטרים,1.00,ליטר,false,0,16.60,16.60,true,1,
7290002385431,false,גבינה בולגרית 16% רכ,דשן,IL,בולגרית מסורתית,קילוגרמים,0.00,"ק""ג",true,0,58.00,58.00,true,1,
7290002385738,false,גבינת מנצ'גו משולשים גד,מחלבות גד,,מנצ'גו משולשים,קילוגרמים,0.00,"ק""ג",true,0,133.00,133.00,true,1,
7290002410010,false,שניצל עגל וינאי בואק,מעדני הטלה,,שניצל עגל וינאי,קילוגרמים,0.00,"ק""ג",true,0,67.90,67.90,true,1,
7290002410348,false,"רוסטביף עגל ברשת קפוא ק""",מעדני הטלה,IL,רוסטביף עגל,קילוגרמים,0.00,"ק""ג",true,0,67.90,67.90,true,1,
7290002410874,false,רבעי פרגיות ממולאות קג,לאטי עזרא גלם ודגים,,פרגיות ממולאות,קילוגרמים,0.00,"ק""ג",true,0,49.90,49.90,true,1,
7290002439080,false,פיצה ביס 100%גבינה 700גר,נטו,IL,פיצה ביס 100%גבי,גרמים,700.00,100 גרם,false,8,26.70,3.81,true,1,
7290002439400,false,פיצה ביס גבינה+זיתים 700,נטו,IL,פיצה ביס זיתים,גרמים,700.00,100 גרם,false,8,27.70,3.96,true,1,
7290002439424,false,מארז פיצה אישית100%גבינה,נטו,IL,פיצה אישית 100%,גרמים,800.00,100 גרם,false,6,26.70,3.34,true,1,
7290002472087,false,עוגת קצפת פס שוקולד 600ג,"גידרון תעשיות בע""מ",IL,עוגת קצפת,גרמים,600.00,100 גרם,false,0,33.00,5.50,true,1,
7290002472186,false,עוגת מאפין שוקו צ'יפס550,"גידרון תעשיות בע""מ",IL,עוגת מאפין שוק,יחידה,1.00,יחידה,false,0,20.90,20.90,true,1,
7290002472193,false,עוגת מאפין שוקו 550 גרם,"גידרון תעשיות בע""מ",IL,עוגת מאפין שוק,יחידה,1.00,יחידה,false,0,20.90,20.90,true,1,
7290002472209,false,מאפין שוקו וניל 550 גרם,"גידרון תעשיות בע""מ",IL,מאפין שוקו וני,יחידה,1.00,יחידה,false,0,20.90,20.90,true,1,
7290002472223,false,עוגת מאפין תפוז 550 גרם,"גידרון תעשיות בע""מ",IL,עוג.מאפין תפוז,יחידה,1.00,יחידה,false,0,20.90,20.90,true,1,
7290002472254,false,עוגת מאפין אגוזים 550גרם,"גידרון תעשיות בע""מ",IL,מאפין אגוזים,יחידה,1.00,יחידה,false,0,20.90,20.90,true,1,
7290002472261,false,"עוגת מאפין תפו""ע 550 גרם","גידרון תעשיות בע""מ",IL,עוגת מאפין,גרמים,550.00,100 גרם,false,0,20.90,3.80,true,1,
7290002485001,false,חומוס מסעדות אהרוני 250ג,סלטי שמיר,IL,סלט חומוס,גרמים,250.00,100 גרם,false,0,8.90,3.56,true,1,
7290002485025,false,סלט חומוס מסעדות 500 גרם,"סלטי שמיר 2006 בע""מ",IL,סלט חומוס,גרמים,500.00,100 גרם,false,0,12.90,2.58,true,1,
7290002485032,false,חומוס מסבחה 250גרם,סלטי שמיר,IL,סלט חומוס מסבחה,גרמים,250.00,100 גרם,false,0,8.90,3.56,true,1,
7290002485049,false,סלט חומוס מסבחה 500 גרם,"סלטי שמיר 2006 בע""מ",IL,סלט חומוס מסבחה,גרמים,500.00,100 גרם,false,0,12.90,2.58,true,1,
7290002485056,false,חומוס אבו גוש אהרוני250ג,סלטי שמיר,IL,חומוס אבו גוש,גרמים,250.00,100 גרם,false,0,8.90,3.56,true,1,
7290002485063,false,סלט חומוס אבו גוש בי,"סלטי שמיר 2006 בע""מ",IL,חומוס אבו גוש,גרמים,500.00,100 גרם,false,0,12.90,2.58,true,1,
7290002485070,false,סלט טחינה לבנה 250 גרם,סלטי שמיר,IL,סלט טחינה לבנה,גרמים,250.00,100 גרם,false,0,8.30,3.32,true,1,
7290002485100,false,חציל+בצל+אגוזים אהרונ250,סלטי שמיר,IL,סלט חציל טעם כבד,גרמים,250.00,100 גרם,false,0,13.80,5.52,true,1,
7290002485124,false,סלט חציל תאילנדי 250 גרם,סלטי שמיר,IL,סלט חציל תאילנדי,גרמים,250.00,100 גרם,false,0,13.80,5.52,true,1,
7290002485179,false,חציל פרוסות פיקנטי 280גר,סלטי שמיר,IL,סלט חציל פיקנטי,גרמים,280.00,100 גרם,false,0,13.90,4.96,true,1,
7290002485292,false,קוביות סלק 250 גרם,סלטי שמיר,IL,קוביות סלק,גרמים,250.00,100 גרם,false,0,8.30,3.32,true,1,
7290002485445,false,טונה עם ירקות אהרוני250ג,סלטי שמיר,IL,סלט טונה+ירקות,גרמים,250.00,100 גרם,false,0,17.70,7.08,true,1,
7290002487364,false,שלושת האופים ב. פילו גבינה זיתים 700 גר לנדא,שלושת האופים שגמור,IL,בורקס פילו,גרמים,700.00,100 גרם,false,0,20.70,2.96,true,1,
7290002487425,false,עוג.אוראו שוקולד חלב176ג,מונדלייז,ES,עוגיות אוראו,גרמים,176.00,100 גרם,false,0,8.90,5.06,true,1,
7290002487531,false,סטייק טונה,,,סטייק טונה,קילוגרמים,0.00,"ק""ג",true,0,39.90,39.90,true,1,
7290002487739,false,עוג.אוראו פאדג שוק.חל246,מונדלייז,ES,עוגיות אוראו,גרמים,246.00,100 גרם,false,0,19.40,7.89,true,1,
7290002487746,false,עוג.אוראו פאדג שוק.לב246,מונדלייז,ES,עוגיות אוראו,גרמים,246.00,100 גרם,false,0,19.40,7.89,true,1,
7290002496557,false,תמר לח בשקית 500גרם,פרי וירק טמרה ושותפי,IL,תמר לח 500ג,גרמים,500.00,100 גרם,false,0,9.90,1.98,true,1,
7290002507048,false,"אסאדו ע""ע טרי ארה""ב לקג",.,IL,"אסאדו ע""ע טרי",קילוגרמים,0.00,"ק""ג",true,1,64.90,64.90,true,1,
7290002507062,false,צוואר טרי אמריקאי קג,.,IL,צוואר טרי אמריקא,קילוגרמים,0.00,"ק""ג",true,1,59.90,59.90,true,1,
7290002507079,false,"אנטריקוט ע""ע טרי אמריקאי",.,IL,"אנטריקוט ע""ע טרי",קילוגרמים,0.00,"ק""ג",true,1,99.90,99.90,true,1,
7290002507253,false,מקלות פילו פטיסייר 600גר,נטו,IL,מקלות פילו פטיסי,גרמים,600.00,100 גרם,false,1,20.90,3.48,true,1,
7290002507369,false,צהובה מגורדת ריצ' 500 גר,שלושת האופים,IL,צהובה מגורדת,גרמים,500.00,100 גרם,false,1,18.90,3.78,true,1,
7290002507451,false,קציצות דג סלמון דלידג 750 גר',נטו מלינדה סחר בעמ,IL,קציצות דג סלמון,גרמים,750.00,100 גרם,false,1,29.90,3.99,true,1,
7290002507604,false,פיצה שגב השף מאיטליה 350 גרם,האי נאם סי או אל.טי.,IL,פיצה השף שגב,גרמים,320.00,100 גרם,false,1,16.90,5.28,true,1,
7290002511229,false,בולגרית מעודנת 16% במשקל,"מחלבת המושבה בע""מ",IL,בולגרית מעודנת,קילוגרמים,0.00,"ק""ג",true,0,45.00,45.00,true,1,
7290002511236,false,בולגרית מעודנת5% במשקל,"מחלבת המושבה בע""מ",IL,בולגרית מעודנת5%,קילוגרמים,0.00,"ק""ג",true,0,45.00,45.00,true,1,
7290002511281,false,גבינת ברינזה צאן18% משקל,"מחלבת המושבה בע""מ",IL,גבינת ברינזה 18%,קילוגרמים,0.00,"ק""ג",true,0,95.00,95.00,true,1,
7290002515333,false,"ד""ר פישר - קמיל בלו סנסיטיב אל סבון עדין לתינוק 500 מ""ל","פישר תעשיות פרמבצטיות בע""מ",IL,אלסבון קמיל בלו,מיליליטרים,500.00,"100 מ""ל",false,0,20.90,4.18,true,1,
7290002515371,false,"קמיל בלו אל סבון לתינוקות ד""ר פישר 1 ליטר","פישר תעשיות פרמצבטיות בע""מ",IL,קמיל בלו לתינוק,ליטרים,1.00,ליטר,false,0,19.90,19.90,true,1,
7290002517337,false,אורגנו עלים 20 גר' טעם וריח,"תבליני טעם וריח בע""מ",IL,אורגנו עלים,גרמים,20.00,100 גרם,false,0,6.80,34.00,true,1,
7290002517603,false,תבלין בזיליקום מיכל 10ג',"תבליני טעם וריח בע""מ",IL,בזיליקום,גרמים,10.00,100 גרם,false,0,6.80,68.00,true,1,
7290002517658,false,תבלין כורכום 40 גרם מיכל קטן,"תבליני טעם וריח בע""\מ",IL,כורכום,גרמים,40.00,100 גרם,false,0,6.80,17.00,true,1,
7290002517726,false,קינמון מקלות 15 גר' טעם וריח,"תבליני טעם וריח בע""מ",IL,קינמון מקלות,גרמים,15.00,100 גרם,false,0,6.80,45.33,true,1,
7290002517801,false,תבלין צ'ילי כתוש - חריף (פלפל קיינה) 30 ג',"תבליני טעם וריח בע""מ",IL,צ'ילי כתוש חריף,גרמים,30.00,100 גרם,false,0,6.80,22.67,true,1,
7290002517825,false,"פלפל לבן טחון 40 גרם ""טעם וריח""","תבליני טעם וריח בע""מ",IL,פלפל לבן,גרמים,40.00,100 גרם,false,0,11.90,29.75,true,1,
7290002541370,false,משקה סויה אלפרו 1 ליטר,הנסיך- מפעל לייצור ט,IL,משקה סויה טבעי,ליטרים,1.00,ליטר,false,0,13.90,13.90,true,1,
7290002541479,false,אלפרו משקה סויה עמיד בטעם שוקו 3*250 מ``,ש. שסטוביץ בע`מ,BE,משקה סויה שוקו3*,מיליליטרים,750.00,"100 מ""ל",false,0,15.50,2.07,true,1,
7290002541981,false,משקה סויה ללא תוספת סוכר,אלפרו השני בחצי מחיר,IL,משקה סויה,ליטרים,1.00,ליטר,false,0,13.90,13.90,true,1,
7290002543046,false,דגני בוקר קלוגס פרוסטיס 750 גרם,דיפלומט מפיצים (1968) בעמ**,GB,פרוסטיס 750 גרם,גרמים,750.00,100 גרם,false,0,22.90,3.05,true,1,
7290002543084,false,קלוגס אול בראן פלקס500גר,קלוג'ס,GB,קלוגס אול בראן,גרמים,500.00,100 גרם,false,0,15.00,3.00,true,1,
7290002543237,false,דגני בוקר קלוגס קורנפלקס 750 גרם,קלוגס קומפני אוף גרייט ב,GB,קורנפלקס קלוגס,גרמים,750.00,100 גרם,false,0,13.90,1.85,true,1,
7290002544203,false,ממרח פסטו מוטי שף 180גרם,,,ממרח פסטו,גרמים,180.00,100 גרם,false,0,21.30,11.83,true,1,
7290002544210,false,ממרח זיתים ירוקים 190 גרם,,IL,ממרח זיתים ירוק,גרמים,180.00,100 גרם,false,0,21.30,11.83,true,1,
7290002544227,false,ממרח זיתים שחורים 190 גרם,מוטי שף,IL,ממרח זיתים שחור,גרמים,180.00,100 גרם,false,0,21.30,11.83,true,1,
7290002551010,false,נתחי טונה בהירה במים סטארקיסט (160 גרם),דיפלומט מפיצים (1968) בעמ**,IL,טונה סטארקיסט,גרמים,160.00,100 גרם,false,0,7.40,4.63,true,1,
7290002566649,false,חטיפי קוקוס,,IL,חטיפי קוקוס,גרמים,300.00,100 גרם,false,0,19.50,6.50,true,1,
7290002566854,false,מוצץ בטעם תות 60 גרם,ממתקי נעמה,IL,מוצץ טעם תות,גרמים,60.00,100 גרם,false,1,17.90,29.83,true,1,
7290002577508,false,פילה דג הרינג מלוח בשמן ובצל דלידג 240 ג',מיוצר על ידי קוד יצר,IL,פילה הרניג,גרמים,240.00,100 גרם,false,1,22.00,9.17,true,1,
7290002581536,false,הדר וופל נפוליטנה ללא סוכר 250 גרם,אפיפית נצרת,IL,"ופלים הדר לל""ס",גרמים,250.00,100 גרם,false,0,7.80,3.12,true,1,
7290002651123,false,מלאווח חמסי ארוז 1 ק,מאפיית אריאל,IL,מלווח חמסי,גרמים,1000.00,100 גרם,false,0,15.20,1.52,true,1,
7290002651253,false,גחנון אפוי חמסי 600 גרם,מעדני הטלה,IL,גחנון אפוי חמסי,גרמים,600.00,100 גרם,false,1,17.90,2.98,true,1,
7290002661115,false,לחם שיפון הולנדי 1.2 מהדרין,מאפית י את א ברמן בע,IL,לחם הולנדי,קילוגרמים,1.20,"ק""ג",false,0,16.50,13.75,true,1,
7290002661153,false,לחם דני קל פרוס ברמן (1 קג),מאפית י את א ברמן בע,IL,לחם דני קל,גרמים,1000.00,100 גרם,false,0,16.50,1.65,true,1,
7290002661214,false,ברמן לחם גליל קל מהדרין 750 גרם,מאפית י את א ברמן בע,IL,לחם גלילי קל 750 גרם,גרמים,750.00,100 גרם,false,0,10.00,1.33,true,1,
7290002663522,false,תפוזינה משקה קל תפוז1.5ל,יפאורה שותפות מובגלת לשיווק,IL,תפוזינה תפוזים,ליטרים,1.50,ליטר,false,0,5.90,3.93,true,1,
7290002663539,false,תפוזינה אשכוליות 1.5ליטר,יפאורה שותפות מובגלת לשיווק,IL,תפוזינה אשכוליות,ליטרים,1.50,ליטר,false,0,5.90,3.93,true,1,
7290002663805,false,משקה שוופס מי טוניק,יפאורה שותפות מובגלת לשיווק,IL,שוופס מי טוניק,ליטרים,1.50,ליטר,false,0,8.90,5.93,true,1,
7290002663829,false,שוופס ביטר לימון 1.5ליטר,יפאורה שותפות מובגלת לשיווק,IL,שוופס ביטר לימון,ליטרים,1.50,ליטר,false,0,8.90,5.93,true,1,
7290002663881,false,תפוזינה אשכוליות דיאט1.5,יפאורה שותפות מובגלת לשיווק,IL,אשכולינה דיאט,ליטרים,1.50,ליטר,false,0,5.90,3.93,true,1,
7290002673255,false,"סיליט מקומקום מסיר אבנית 500 מ""ל",רקיט בנקיזר (ניר איסט) בעמ,IL,מסיר אבנית מקומק,מיליליטרים,500.00,"100 מ""ל",false,0,9.00,1.80,true,1,
7290002674238,false,"אקווה פרש - משחת שיניים מנטה מרענן 125 מ""ל",גלקסוסמיתקליין,GB,משחת אקווה פרש,מיליליטרים,125.00,"100 מ""ל",false,0,8.90,7.12,true,1,
7290002692393,false,שמן קנולה מזוכך מועשר עץ הזית (1 ליטר),סוגת תעשיות בעמ,IL,שמן קנולה מועשר,ליטרים,1.00,ליטר,false,0,10.00,10.00,true,1,
7290002692409,false,שמן חמניות עץ הזית 1 ל מועשר,שמן תעשיות,IL,שמן חמניות,ליטרים,1.00,ליטר,false,0,10.00,10.00,true,1,
7290002692478,false,"שמן זית כתית מעולה קלאסי מעודן 750 מ""ל עץ הזית","מרקאולאו, ספרד.אבסה,",IL,שמן זית מעודן,מיליליטרים,750.00,"100 מ""ל",false,0,34.90,4.65,true,1,
7290002692553,false,שמן זיתולה עשיר באומ,שמן תעשיות,IL,זיתולה עץ הזית,מיליליטרים,750.00,"100 מ""ל",false,0,17.00,2.27,true,1,
7290002692768,false,"תרסיס שמן קנולה מזוכך ללא תוספת גז עץ הזית 200 מ""ל",טרנסומס פוד איי בי,US,תרסיס שמן קנולה,מיליליטרים,200.00,"100 מ""ל",false,0,13.90,6.95,true,1,
7290002692782,false,"תרסיס שמן זית כתית מעולה ללא תוספת גז עץ הזית 150 מ""ל",י.ב טכנולוגיות אריזה,US,תרסיס שמן זית,מיליליטרים,148.00,"100 מ""ל",false,0,13.90,9.39,true,1,
7290002703068,false,צנצנת דבש עין חרוד 1,קונסיגנציה-דין שיווק וקליה 202,IL,דבש טהור בצנצנת,קילוגרמים,1.00,"ק""ג",false,0,43.00,43.00,true,1,
7290002703358,false,צנצנת דבש זכוכית 350 גרם,עין חרוד,IL,צנצנת דבש זכוכית,גרמים,350.00,100 גרם,false,0,16.80,4.80,true,1,
7290002706731,false,דלידג רצועות פילה הנסיכה קפוא 100%,דלידג ק.מלאכי,IL,רצועות פ.נילוס,קילוגרמים,0.00,"ק""ג",true,0,51.90,51.90,true,1,
7290002710110,false,מן הטבע ביצי חופש 12יח.,מן הטבע בארותיים,IL,ביצי חופש M,יחידה,1.00,יחידה,false,0,21.40,21.40,true,1,
7290002715375,false,קבב יווני טיבון ויל 400 גרם,טיבון ויל אחזקות בעמ,IL,קבב יווני,גרמים,400.00,100 גרם,false,0,19.90,4.98,true,1,
7290002715405,false,בקלה צעיר ללא ראש לקג,דלידג - נטו,IL,בקלה צעיר,קילוגרמים,0.00,"ק""ג",true,0,16.90,16.90,true,1,
7290002715504,false,ארוחת נודלס בטעם עוף מג`יק (70 גרם),נטו מלינדה סחר בע`מ,,מג'יק נודלס,גרמים,70.00,100 גרם,false,0,4.50,6.43,true,1,
7290002715580,false,ארוחת נודלס בטעם סיני חריף מג'יק 70 גרם,נטו מילנדה סחר בעמ*,SG,מג'יק נודלס,גרמים,70.00,100 גרם,false,0,4.50,6.43,true,1,
7290002730316,false,משחת שיניים קולגייט75*3מ,קולגייט-פלמוליב,IL,משחת שיניים,מיליליטרים,225.00,"100 מ""ל",false,0,19.90,8.84,true,1,
7290002730354,false,תחבושת הגיינית וניה מקסי לילה 12 יח',ש.שסטוביץ בעמ,BE,תחבושות הגיינה,יחידה,1.00,יחידה,false,0,24.50,24.50,true,1,
7290002730668,false,קולגייט טוטל קלין מינט 100 מל,הנסיך- מפעל לייצור ט,PL,משחת שיניים,מיליליטרים,100.00,"100 מ""ל",false,0,12.90,12.90,true,1,
7290002730675,false,"קולגייט משחת שיניים אדומה משפחתי 100 מ""ל",קולגייט-פלמוליב,PL,משחת שיניים,מיליליטרים,100.00,"100 מ""ל",false,0,10.50,10.50,true,1,
7290002730811,false,"משחת שיניים ג'ל פסים מרעננים קולגייט 100 מ""ל",הנסיך- מפעל לייצור ט,PL,משחת קולגייט ג'ל,מיליליטרים,100.00,"100 מ""ל",false,0,13.10,13.10,true,1,
7290002730958,false,סבון מוצק בניחוח זיתים ואלוורה פלמוליב 4*100 גרם,הנסיך- מפעל לייצור ט,TR,סבון פלמוליב 4יח,גרמים,360.00,100 גרם,false,0,16.80,4.67,true,1,
7290002741077,false,כריות צוקולדה 750 גרם,"יוניליוור ישראל מזון בע""",IL,כריות צוקולדה,גרמים,750.00,100 גרם,false,0,27.90,3.72,true,1,
7290002741084,false,8חטיפי דגנ.שוגי צדף שוקו,יוניליוור,IL,חטיפי דגנים 8 יח,גרמים,184.00,100 גרם,false,0,14.90,8.10,true,1,
7290002741091,false,חטיפי דגנים שוגי שוק8.יח,יוניליוור,IL,חטיפי דגנים 8 יח,גרמים,184.00,100 גרם,false,0,14.90,8.10,true,1,
7290002752349,false,סוכריות מנטוס מנטה 40יח' בגליל 38ג',ליימן שליסל בעמ,NL,סוכריות מנטוס,גרמים,37.00,100 גרם,false,0,3.50,9.46,true,1,
7290002752493,false,סוכריות טיק טק מנטה רביעיה 64 גרם,פרימיום-חברה לדברי מתיקה ולמסח,EC,סוכריות טיק טק,גרמים,64.00,100 גרם,false,0,10.90,17.03,true,1,
7290002753995,false,סוכריות עדשים לקישוט עוגה וורנר 6*25 גרם,היינץ צפון אמריקה מק,DE,סט דרז'ה צבעוני,גרמים,150.00,100 גרם,false,0,18.10,12.07,true,1,
7290002757139,false,מלוואח 700 גר' שלושת האופים קהילות,נטו מלינדה סחר בע`מ,IL,מלווח 700 גרם,גרמים,700.00,100 גרם,false,0,14.50,2.07,true,1,
7290002757528,false,"בורקס פילו תפו""א 700 גרם שלושת האופים",נטו מלינדה סחר בע`מ,IL,"בורקס פילו תפו""א",גרמים,700.00,100 גרם,false,0,20.70,2.96,true,1,
7290002757535,false,בורקס פילו אצבעות גבינה שלושת האופים 700 גרם,שלושת האופים שגמור,IL,פילו אצבעות,גרמים,700.00,100 גרם,false,0,20.70,2.96,true,1,
7290002759126,false,מארז 10יח מיני פיתהאסלית,מעיין תעשיות מאפה,IL,מיני פיתה,גרמים,500.00,100 גרם,false,0,11.90,2.38,true,1,
7290002759164,false,מארז בייגלה ירושלמי4יח',גידרון,IL,3בייגלה ירושלמי,יחידה,1.00,יחידה,false,0,12.00,12.00,true,1,
7290002759393,false,סופגניות מיני מארז 8 יח',גידרון,IL,סופגניות מיני 8י,יחידה,1.00,יחידה,false,0,18.00,18.00,true,1,
7290002759478,false,מארז חצי ג'בטה 4יח,גידרון,IL,מארז חצי ג'בטה,יחידה,1.00,יחידה,false,0,11.90,11.90,true,1,
7290002759768,false,פילס פיצה מחיר לפי משקל,גידרון,IL,פילס פיצהנדוס,קילוגרמים,0.00,"ק""ג",true,0,49.00,49.00,true,1,
7290002766056,false,עגבניות שרי לב אדום יח',רון שרי,IL,עגבניה שרי תמר,יחידה,1.00,יחידה,false,1,9.90,9.90,true,1,
7290002768036,false,"מי פה תיאדנט ענק מונע עששת 150מ""ל",החברה הדרומית לשיווק בעמ,IL,מי פה תיאדנט,מיליליטרים,150.00,"100 מ""ל",false,0,14.90,9.93,true,1,
7290002768043,false,"תיאדנט מי-פה ענק פלאוריד 150 מ""ל",החברה הדרומית לשיווק בעמ,IL,מי פה תיאדנט,מיליליטרים,150.00,"100 מ""ל",false,0,14.90,9.93,true,1,
7290002768159,false,"קצף אמבט בת אורן קרליין 500 מ""ל",החברה הדרומית לשיווק בעמ,IL,סבון אמבט בת אור,מיליליטרים,500.00,"100 מ""ל",false,0,18.60,3.72,true,1,
7290002771111,false,.קפה אלנחילה 250 גר עם הל,קפה אל נחלה בני רפיק,IL,קפה עם הל,גרמים,250.00,100 גרם,false,0,16.50,6.60,true,1,
7290002775010,false,מיני בורקס פילו גבינה שלושת האופים מהדרין 650 ג',שלושת האופים שגמור,IL,מיני בורקס פילו,גרמים,650.00,100 גרם,false,0,20.70,3.18,true,1,
7290002782759,false,קרם גוף מספר 2 פנינה רוזנבלום (340 מל),"פנינה רוזנבלום בע""מ",IL,קרם גוף פנינה,מיליליטרים,340.00,"100 מ""ל",false,0,21.90,6.44,true,1,
7290002787068,false,סטייק טונה בהירה קפוא לק,.,IL,סטייק טונה קפוא,קילוגרמים,0.00,"ק""ג",true,1,49.90,49.90,true,1,
7290002787761,false,גבינה צהובה עלמה26% משקל,מלקוויטה,PL,גבינה צהובה עלמה,קילוגרמים,0.00,"ק""ג",true,0,35.00,35.00,true,1,
7290002794422,false,קנט קלאסי ארוך חפיסה,bat,TR,קנט קלאסי יח',יחידה,1.00,יחידה,false,0,35.50,35.50,false,1,
7290002812522,false,סיגריות פרלמנט (חפיס,פיליפ מוריס,,פרלמנט ארוך יח,יחידה,1.00,יחידה,false,0,38.00,38.00,false,1,
7290002814047,false,אקונומיקה קצף ניקוי750מ,קומפלקס כימיקלים,IL,אקונומיקה קצף,מיליליטרים,750.00,"100 מ""ל",false,1,10.80,1.44,true,1,
7290002814078,false,סנט מוריץ נוזל לניקוי אמבט אנטרטיק 1ל',קומפלקס כימיקלסבעמ ~~~,IL,אנטרטיק לאמבט,ליטרים,1.00,ליטר,false,0,5.00,5.00,true,1,
7290002814160,false,מסיר שומנים סנט מוריץ 1ל,קומפלקס כימיקלים בעמ,IL,מסיר שומנים,ליטרים,1.00,ליטר,false,1,16.90,16.90,true,1,
7290002814214,false,קצף ניקוי כלים סינטריים סנט מוריץ 750מל,קומפלקס כימיקלים,IL,קצף ניקוי,מיליליטרים,750.00,"100 מ""ל",false,0,10.30,1.37,true,1,
7290002814405,false,שמפו לכלים לבנדר 1.6 ליטר,קומפלקס כימיקלים,IL,שמפו לכלים,ליטרים,1.50,ליטר,false,1,13.90,9.27,true,1,
7290002814412,false,סנט מוריץ נוזל כלים 1.6 ליטר לימון ליים 18%,קומפלקס כימיקלים בעמ,IL,שמפו לכלים,ליטרים,1.50,ליטר,false,0,13.90,9.27,true,1,
7290002814528,false,סנט מוריץ נוזל לאסלה No1 ירוק 1 ליטר,קומפלקס כימיקלסבעמ ~~~,IL,נוזל לאסלה מס' 1,ליטרים,1.00,ליטר,false,0,5.00,5.00,true,1,
7290002814597,false,סנט מוריץ טורנדו נוזל לפתיחת סתימות 1 לי,קומפלקס כימיקלסבעמ ~~~,IL,טורנדו פותח סתימ,ליטרים,1.00,ליטר,false,1,16.90,16.90,true,1,
7290002814689,false,"נוזל כלים סנט מוריץ בניחוח לימון מארז 750X3מ""ל",קומפלקס כימיקלים,,שמפו לכלים,ליטרים,2.25,ליטר,false,0,18.40,8.18,true,1,
7290002814928,false,סיגריות פרלמנט (חפיס,פיליפ מוריס,IL,פרלמנט קצר בודד,יחידה,1.00,יחידה,false,0,38.00,38.00,false,1,
7290002814931,false,סנט מוריץ שמפו רצפות בניחוח פרחים 4 ליטר - מרכז,קומפלקס כימיקלים בעמ,,שמפו רצפות,ליטרים,4.00,ליטר,false,0,11.90,2.98,true,1,
7290002824183,false,"גבינה לבנה סקי 500 גרם 5% ""שטראוס"" -מוצר בפיקוח",שטראוס גרופ בעמ/מצונן,IL,גבינת סקי 5%,גרמים,500.00,100 גרם,false,0,9.20,1.84,true,1,
7290002824466,false,יוגורט דנונה ביו לבן 0% שומן 200 גרם,שטראוס גרופ בעמ/מצונן,IL,יוגורט ביו 0%,גרמים,200.00,100 גרם,false,0,3.60,1.80,true,1,
7290002824640,false,"גבינת סקי 250 גרם 5% ""שטראוס"" -מוצר בפיקוח",שטראוס גרופ בעמ/מצונן,IL,גבינת סקי 5%,גרמים,250.00,100 גרם,false,0,4.60,1.84,true,1,
7290002825722,false,כרוב אדום במיונז אחלה (500 גרם),שטראוס גרופ בעמ/מצונן,IL,סלט כרוב אחלה,גרמים,500.00,100 גרם,false,0,14.20,2.84,true,1,
7290002830245,false,פילה לברק קפוא במשקל,דלידג - נטו,IL,פילה לברק יפני,קילוגרמים,0.00,"ק""ג",true,1,44.90,44.90,true,1,
7290002830948,false,גבינת עיזים מותכת 30% מון בלאן 120 גרם,סלס קרית מלאכי ישראל,IL,גבינת מון בלאן,גרמים,120.00,100 גרם,false,0,10.00,8.33,true,1,
7290002833525,false,מרלבורו רד קצר בוקס חפ.,פיליפ מוריס,,מרלבורו רד חפיסה,יחידה,1.00,יחידה,false,0,35.50,35.50,false,1,
7290002842002,false,פתיתי שיבולת שועל קוואקר אנגלי מורנפלייק,ליימן שליסל בעמ,GB,קואקר אנגלי,גרמים,500.00,100 גרם,false,0,11.00,2.20,true,1,
7290002842545,false,משקה חמוציות,,,משקה חמוציות,מיליליטרים,946.00,"100 מ""ל",false,0,12.80,1.35,true,1,
7290002852724,false,ל.מ. בלו לייבל קצר,פיליפ מוריס,US,ל.מ. בלו לייבל,יחידה,1.00,יחידה,false,0,33.50,33.50,false,1,
7290002854528,false,ל.מ. רד לייבל קצר,פיליפ מוריס,US,ל.מ. רד לייבל,יחידה,1.00,יחידה,false,0,33.50,33.50,false,1,
7290002862000,false,אריסה תוניסאית הררית 250גר,"הררית מזון בע""מ",IL,אריסה תוניסאית,גרמים,250.00,100 גרם,false,0,13.90,5.56,true,1,
7290002862017,false,שום כתוש 250 הררית,"הררית מזון בע""מ",IL,שום כתוש,גרמים,250.00,100 גרם,false,0,13.90,5.56,true,1,
7290002862055,false,לימון כבוש 250 גרם,בידאני נתן,,לימון כבוש,גרמים,250.00,100 גרם,false,0,13.90,5.56,true,1,
7290002862239,false,ממרח פלפלים קלויים 190 גרם,מוטי שף,IL,ממרח פלפלים,גרמים,180.00,100 גרם,false,0,21.30,11.83,true,1,
7290002868996,false,"קוטג' 5% שומן, רכיבים טבעיים, 250 גרם",*החברה המרכזית להפצת משקאותבעמ,IL,קוטג' 5% 250גרם,גרמים,250.00,100 גרם,false,0,5.20,2.08,true,1,
7290002871248,false,"בירה טובורג רד בקבוק 500 מ""ל חוזר",החברה המרכזית להפצת משקאות בעמ,IL,בירה טובורג רד,מיליליטרים,500.00,"100 מ""ל",false,0,6.90,1.38,true,1,
7290002871361,false,"בירה קרלסברג בקבוק 500 מ""ל חוזר",החברה המרכזית להפצת משקאות בעמ,IL,בירה קרלסברג,מיליליטרים,500.00,"100 מ""ל",false,0,8.40,1.68,true,1,
7290002871446,false,פריגת ענבים 1.5 ליטר,מבשלות בירה בינלאומיות ב,IL,פריגת ענבים,ליטרים,1.50,ליטר,false,0,6.50,4.33,true,1,
7290002871460,false,משקה קל תפוזים פריגת,מבשלות בירה בינלאומיות ב,IL,פריגת תפוזים,ליטרים,1.50,ליטר,false,0,6.50,4.33,true,1,
7290002871477,false,פריגת אשכוליות 1.5 ליטר,מבשלות בירה בינלאומיות ב,IL,פריגת אשכוליות,ליטרים,1.50,ליטר,false,0,6.50,4.33,true,1,
7290002871484,false,דיאט פריגת תפוזים 1.5 ל',מבשלות בירה בינלאומיות ב,IL,פריגת תפוזים,ליטרים,1.50,ליטר,false,0,6.50,4.33,true,1,
7290002871491,false,דיאט פריגת אשכוליות1.5ל,מבשלות בירה בינלאומיות ב,IL,פריגת אשכוליות,ליטרים,1.50,ליטר,false,0,6.50,4.33,true,1,
7290002874629,false,פרלמנט ארוך RCB בלו חפ,פיליפ מוריס,,פרלמנט ארוך יח,יחידה,1.00,יחידה,false,0,38.00,38.00,false,1,
7290002876326,false,סיגריות פרלמנט (חפיס,פיליפ מוריס,IL,פרלמנט קצר בלו,יחידה,1.00,יחידה,false,0,38.00,38.00,false,1,
7290002881216,false,רסק תפוחי עץ לא ממותק תומר 700 גרם,תומר ייבוא ושיווק מוצרי מזון [,NL,"רסק תפו""ע דיאט",גרמים,700.00,100 גרם,false,0,10.00,1.43,true,1,
7290002886925,false,מרלבורו גולד קצר בוקס,פיליפ מוריס,US,מרלבורו גולד קצר,יחידה,1.00,יחידה,false,0,35.50,35.50,false,1,
7290002900313,false,פסטרמה ספרדית טירת צבי,תנובה קפואים,IL,פסטרמה ספרדית,קילוגרמים,0.00,"ק""ג",true,0,84.00,84.00,true,1,
7290002900566,false,פסטרמה ברביקיו דל שומן טירת צבי 400 גרם,הנסיך- מפעל לייצור ט,IL,פסטרמה ברביקיו,גרמים,360.00,100 גרם,false,0,29.90,8.31,true,1,
7290002904694,false,"טיטניום דאודורנט ספריי לגברים 150 מ""ל",החברה הדרומית לשיווק בעמ,,דאודורנט טיטניום,מיליליטרים,180.00,"100 מ""ל",false,0,14.90,8.28,true,1,
7290002920311,false,גבינת קממבר צאן במשק,מחלבות גד,IL,גבינת קממבר,קילוגרמים,0.00,"ק""ג",true,0,121.00,121.00,true,1,
7290002921165,false,"חלב לניקוי רהיטי עור הזלין יעקבי 400 מ""ל",יעקב יעקבי ובניו בעמ,CH,הזלין לניקוי עור,מיליליטרים,400.00,"100 מ""ל",false,0,38.90,9.73,true,1,
7290002923466,false,בקר קפוא טחון לקציצות וקבב נטו (1 קג),טיבון ויל אחזקות בעמ,IL,בקר טחון קפוא,גרמים,1000.00,100 גרם,false,0,39.90,3.99,true,1,
7290002929642,false,נתחי טונה בהירה בשמן ויליגר (140x4 גרם),דיאמנט פוד פרודקט קו,IL,טונה בשמן 4 יח,גרמים,560.00,100 גרם,false,0,21.90,3.91,true,1,
7290002954026,false,"שמן תירס ""שוקחה"" 3 ליטר",בני ג`ורג` שוקחה (חיפה) בעמ,AR,"שמן תירס ""שוקח",ליטרים,3.00,ליטר,false,0,28.30,9.43,true,1,
7290002954187,false,אורז יסמין שוקחה (5 קג),בני ג`ורג` שוקחה (חיפה) בעמ,IL,אורז יסמין,קילוגרמים,5.00,"ק""ג",false,0,38.60,7.72,true,1,
7290002954460,false,"Sunwhite אורז אוסטרלי עגול לסושי-1 ק""ג",בני ג`ורג` שוקחה (חיפה) בעמ,AU,אורז אוסטרלי,קילוגרמים,1.00,"ק""ג",false,0,9.40,9.40,true,1,
7290002970323,false,מגש מצדה מוכסף קרם יח,WWP,IL,מגש מצדה מוכסף ק,יחידה,1.00,יחידה,false,1,5.90,5.90,true,1,
7290002970422,false,אינגליש ניר בחבק 4 יחי',WWP,IL,אינגליש ניר בחבק,יחידה,1.00,יחידה,false,1,4.90,4.90,true,1,
7290002970446,false,תבניות נייר איכותיות לאפיה 5 יחידות,חגיגית,IL,אינגליש ניר קטן,יחידה,1.00,יחידה,false,1,4.90,4.90,true,1,
7290002987963,false,"חומוס אחלה 1 ק""ג שטראוס",שטראוס גרופ בעמ/מצונן,IL,"חומוס אחלה 1 ק""ג",קילוגרמים,1.00,"ק""ג",false,0,13.90,13.90,true,1,
7290003006021,false,סלט קוביות בולגרי25%משקל,גבינות אמיר ניצן בעמ,IL,קוביות בולגרית,קילוגרמים,0.00,"ק""ג",true,0,71.00,71.00,true,1,
7290003006120,false,פינצ'וס פלפלונים+גב.משקל,גבינות אמיר ניצן בעמ,IL,פינצ'וס פלפלונים,קילוגרמים,0.00,"ק""ג",true,1,170.00,170.00,true,1,
7290003009138,false,סירופ לימונים פריגת 750מ,פריגת,IL,סירופ לימונים,מיליליטרים,750.00,"100 מ""ל",false,0,11.90,1.59,true,1,
7290003009152,false,"סירופ פטל פריגת 750 מ""ל",פריגת,IL,סירופ פטל,מיליליטרים,750.00,"100 מ""ל",false,0,11.90,1.59,true,1,
7290003009572,false,סירופ תפוזים פריגת 1.5ל',סירופ - גבעת חיים,IL,סירופ תפוזים,ליטרים,1.50,ליטר,false,0,19.70,13.13,true,1,
7290003009596,false,סירופ דיאט אשכוליות 750 מל פיקדון,החברה המרכזית להפצת משקאות בעמ,IL,סירופ אשכוליות,מיליליטרים,750.00,"100 מ""ל",false,0,17.50,2.33,true,1,
7290003009619,false,סירופ ענבים פריגת 1.5 ל',סירופ - גבעת חיים,IL,סירופ ענבים,ליטרים,1.50,ליטר,false,0,19.70,13.13,true,1,
7290003015467,false,תחליב רחצה בייבי כיף 1ל,טרופיקל דגיל תעשיות,IL,תחליב רחצה בייבי,ליטרים,1.00,ליטר,false,0,12.90,12.90,true,1,
7290003015474,false,מגבונ.עבים בייבי כיף72*4,מיוצר עי טרופיקל דגי,IL,מגבוני בייבי כיף,יחידה,1.00,יחידה,false,0,17.90,17.90,true,1,
7290003015627,false,"נוזל רצפות אפרסק 2 ליטר ""ריצפז פרש""",החברה הדרומית לשיווק בעמ,IL,ריצפז פרש,ליטרים,2.00,ליטר,false,0,15.90,7.95,true,1,
7290003015634,false,"נוזל רצפות פסיפלורה 2 ליטר ""ריצפז פרש""",החברה הדרומית לשיווק בעמ,IL,ריצפז פרש,ליטרים,2.00,ליטר,false,0,15.90,7.95,true,1,
7290003023165,false,שוקו יטבתה בכד פלסטי,מחלבת יטבתה,IL,שוקו בכד יטבתה,ליטרים,2.00,ליטר,false,0,16.90,8.45,true,1,
7290003029181,false,משקה יטבתה שוקו' בקבוק 1ל מהדרין,שטראוס גרופ בעמ/מצונן,IL,שוקו יטבתה,ליטרים,1.00,ליטר,false,0,11.80,11.80,true,1,
7290003029266,false,מילק שייק שוקו יטבתה400מ,STRAUSS-ISRAEL,IL,מילק שייק שוקו,מיליליטרים,400.00,"100 מ""ל",false,0,6.60,1.65,true,1,
7290003029372,false,יטבתה משקה בטעם בננה %3 בקבוק 1 ליטר,שטראוס גרופ בעמ/מצונן,IL,משקה חלב בננה,ליטרים,1.00,ליטר,false,0,11.80,11.80,true,1,
7290003029389,false,"משקה חלב בננה פקק ספורט 250 מ""ל יוטבתה",שטראוס גרופ בעמ/מצונן,IL,משקה בננה,מיליליטרים,250.00,"100 מ""ל",false,0,5.30,2.12,true,1,
7290003029433,false,"משקה יטבתה שוקו פקק 250 מ""ל מהדרין",שטראוס גרופ בעמ/מצונן,IL,שוקו יטבתה,מיליליטרים,250.00,"100 מ""ל",false,0,5.30,2.12,true,1,
7290003029532,false,מוקה בבקבוק יטבתה 1 ליטר מהדרין,שטראוס גרופ בעמ/מצונן,IL,מוקה יטבתה בקבוק,ליטרים,1.00,ליטר,false,0,11.80,11.80,true,1,
7290003029792,false,"משקה יטבתה שוקו שקיות מהדרין מארז 225X8מ""ל",שטראוס גרופ בעמ/מצונן,IL,שקיות שוקו 8 יח',ליטרים,1.80,ליטר,false,0,18.90,10.50,true,1,
7290003029815,false,חלב מועשר 3% בכד יטבתה 2 ליטר,שטראוס גרופ בעמ/מצונן,IL,חלב מועשר יטבתה,ליטרים,2.00,ליטר,false,0,15.00,7.50,true,1,
7290003029907,false,משקה חלב אייס קפה 2% יטבתה (1 ליטר,שטראוס גרופ בעמ/מצונן,IL,אייס קפה יטבתה,ליטרים,1.00,ליטר,false,0,11.80,11.80,true,1,
7290003031788,false,צמד כפרי סלמי+פסטרמה טירת צבי 400X2ג' מחפוד,תנובה מרכז שיתופי לשיווק תוצרת,IL,פסטרמה+סלמי מארז,גרמים,800.00,100 גרם,false,0,30.10,3.76,true,1,
7290003047635,false,ליפטון ילו לייבל25שק1.5*,יוניליוור,IN,תה ילו לייבל,גרמים,37.00,100 גרם,false,0,7.50,20.27,true,1,
7290003047642,false,תה שחור יילו לייבל 100*1.5 ג' שקיק ליפטון,"יוניליוור ישראל שיווק בע""מ",IN,תה ילו לייבל,גרמים,150.00,100 גרם,false,0,11.90,7.93,true,1,
7290003054213,false,מסטמכר לחם שיפון כפרי 500ג,דיפלומט מפיצים (1968) בעמ**,DE,לחם שיפון כפרי,גרמים,500.00,100 גרם,false,0,14.80,2.96,true,1,
7290003054657,false,חרדל ריין דיז'ון אקסטרה פורטה 370 גרם,דיפלומט מפיצים (1968) בעמ**,FR,חרדל דיז'ון,גרמים,370.00,100 גרם,false,0,11.60,3.14,true,1,
7290003069583,false,סטייק סלמון פרוס נורווגי,דלידג - נטו,XX,סטייק סלמון,קילוגרמים,0.00,"ק""ג",true,0,64.90,64.90,true,1,
7290003069590,false,"פילה פוטית עם עור קפוא דלידג 1 ק""ג",דאליאן גואופו אקאטיק,IL,דג סול,גרמים,1000.00,100 גרם,false,0,19.90,1.99,true,1,
7290003069682,false,בצק פילאס תורכי שלושת האופים (500 גרם),נטו מלינדה סחר בע`מ,IL,בצק פילאס,גרמים,500.00,100 גרם,false,0,18.70,3.74,true,1,
7290003069705,false,"פיצה אישית גבינה דק 80 ג' תפזורת בד""צ",נטו מלינדה סחר בעמ,IL,פיצה אישית יח,יחידה,1.00,יחידה,false,0,2.90,2.90,true,1,
7290003069712,false,פיצה משולש זית דק תפ' יח,שלושת האופים,IL,פיצה משולש יח,יחידה,1.00,יחידה,false,0,2.90,2.90,true,1,
7290003070084,false,טחינה שומשום מלא,,,טחינה שומשום מלא,גרמים,350.00,100 גרם,false,0,23.80,6.80,true,1,
7290003107216,false,קמח לבן בהיר 1 קג דגן מוביל,טחנות קמח דגן (2006) בעמ,IL,קמח לבן,קילוגרמים,1.00,"ק""ג",false,0,4.90,4.90,true,1,
7290003107223,false,טחנת קמח דגן סולת 1קג,טחנות קמח דגן (2006) בעמ,IL,סולת,קילוגרמים,1.00,"ק""ג",false,0,4.90,4.90,true,1,
7290003107247,false,שמרים יבשים אינסטנט33גרם,אבאל יזמות בעמ,IL,שמרים יבשים,גרמים,33.00,100 גרם,false,0,5.00,15.15,true,1,
7290003107353,false,שטיבל משפר אפייה ביתי 3 * 10 גרם,ט.ק דגן טכנולוגיות ב,,משפר אפייה ביתי,גרמים,30.00,100 גרם,false,0,5.50,18.33,true,1,
7290003107360,false,קמח לבן בהיר 1 קג ללא צורך בניפוי,טחנת קמח דגן לישראל,IL,קמח לבן בהיר,קילוגרמים,1.00,"ק""ג",false,1,8.90,8.90,true,1,
7290003115532,false,פרגיות עוף טרי ארוז דיל,מילועוף,IL,פרגיות עוף טרי,קילוגרמים,0.00,"ק""ג",true,0,54.90,54.90,true,1,
7290003115549,false,עוף שלם טרי ארוז דיל,מילועוף,IL,עוף טיר שלם,קילוגרמים,0.00,"ק""ג",true,0,18.90,18.90,true,1,
7290003115556,false,חזה עוף טרי ארוז דיל,מילועוף,IL,חזה עוף טרי,קילוגרמים,0.00,"ק""ג",true,0,31.90,31.90,true,1,
7290003115563,false,כרעי עוף טרי ארוז דיל,מילועוף,IL,כרעי עוף טרי,קילוגרמים,0.00,"ק""ג",true,0,27.90,27.90,true,1,
7290003115570,false,ירכי עוף טרי ארוז דיל,מילועוף,IL,ירכיים עוף טרי,קילוגרמים,0.00,"ק""ג",true,0,27.90,27.90,true,1,
7290003115587,false,שוקי עוף טרי ארוז דיל,מילועוף,IL,שוקיים עוף טרי,קילוגרמים,0.00,"ק""ג",true,0,32.90,32.90,true,1,
7290003115594,false,כנפי עוף טרי ארוז דיל,מילועוף,IL,כנפיים עוף טרי,קילוגרמים,0.00,"ק""ג",true,0,11.90,11.90,true,1,
7290003115600,false,כבד עוף טרי ארוז דיל,מילועוף,IL,כבד עוף טרי,קילוגרמים,0.00,"ק""ג",true,0,17.90,17.90,true,1,
7290003115655,false,פילה עוף טרי ארוז דיל,מילועוף,IL,פילה עוף טרי,קילוגרמים,0.00,"ק""ג",true,0,32.90,32.90,true,1,
7290003115662,false,קוקטייל טרי ארוז דיל,מילועוף,IL,קוקטייל עוף טרי,קילוגרמים,0.00,"ק""ג",true,0,27.90,27.90,true,1,
7290003119110,false,שישיית קוקה קולה 1.5 ליטר,החברה המרכזית לייצור משקאות,IL,קוקה קולה 1.5*6ל,ליטרים,9.00,ליטר,false,0,35.90,3.99,true,1,
7290003119165,false,דיאט קוקה קולה שישיי,החברה המרכזית לייצור משקאות,IL,קולה דיאט 6 יח,ליטרים,9.00,ליטר,false,0,35.90,3.99,true,1,
7290003119196,false,שישיית דיאט ספרייט 1.5 ליטר,החברה המרכזית לייצור משקאות,IL,ספרייט דיאט 1.5*6 ליטר,ליטרים,9.00,ליטר,false,0,35.90,3.99,true,1,
7290003120475,false,"בירה שחורה מאלטי 500 מ""ל בק.חוזר",החברה המרכזית להפצת משקאות בעמ,IL,בירה מאלטי,מיליליטרים,500.00,"100 מ""ל",false,0,4.30,0.86,true,1,
7290003121106,false,ארוחת נודלס טעם עוף בשקית מג'יק 85 גרם,נטו מילנדה סחר בעמ*,SG,ארוחת נודלס,גרמים,85.00,100 גרם,false,0,3.90,4.59,true,1,
7290003126712,false,יוגורט עיזים מחלב מלא 3.7% משק צוריאל 150 גרם,*החברה המרכזית להפצת משקאותבעמ,IL,יוגורט ביו 3%,גרמים,150.00,100 גרם,false,0,5.90,3.93,true,1,
7290003130184,false,"פיניש מלח למדיח 2*2 ק""ג",רקיט בנקיזר,IL,מלח למדיח 2 יח,קילוגרמים,4.00,"ק""ג",false,0,26.40,6.60,true,1,
7290003141159,false,יוגטה מרשמלו ממתק מוקצף בטעמי תות שדה ווניל 180 גרם,ליימן שליסל בעמ,IL,מרשמלו יוגטה,גרמים,180.00,100 גרם,false,0,7.90,4.39,true,1,
7290003142675,false,מנטוס מכונת ממתקים 4,פרו מן יו פתרונות אריזה,NL,מנטוס מכונת ממתק,גרמים,400.00,100 גרם,false,1,19.90,4.98,true,1,
7290003143146,false,ממרח תמרים קליית גת (450 גרם),הדקלאים אגודת שיתופי,IL,ממרח תמרים,גרמים,450.00,100 גרם,false,0,6.30,1.40,true,1,
7290003143276,false,יוגטה מרשמלו ממתק מוקצף בטעם תות שדה 180 גרם,ליימן שליסל בעמ,IL,מרשמלו רול,גרמים,180.00,100 גרם,false,0,7.90,4.39,true,1,
7290003144068,false,שוקולד צ'וקטה טבלת מריר 60%מארז 100X3ג',קומרשל שוקולד לקאזה אז.איי,ES,שוקולד מריר 3 יח,גרמים,300.00,100 גרם,false,1,9.90,3.30,true,1,
7290003144082,false,עוגות אישיות צ'וקטה300גר,קונדיטוריה אס.פי.אי,IT,עוגות אישיות,גרמים,300.00,100 גרם,false,1,9.90,3.30,true,1,
7290003144105,false,עוגות אישיות קרמל 300גרם,קריניציה ויטמינה אס,IT,עוגות אישיות,גרמים,300.00,100 גרם,false,1,9.90,3.30,true,1,
7290003144419,false,סילאן טבעי קליית גת (710 גרם),"טעמי הגליל בע""\מ",IL,סילאן טבעי,גרמים,710.00,100 גרם,false,1,25.90,3.65,true,1,
7290003144457,false,שוקולד חלב צ'וקטה 100גרם,אייברקקאו אס.אי.וי,ES,שוקולד חלב,גרמים,100.00,100 גרם,false,1,5.00,5.00,true,1,
7290003144525,false,"אבק.שוקו צ'וקטה כשל""פ400",אייברקקאו אס.אי.,ES,אבקת שוקו צ'וקטה,גרמים,400.00,100 גרם,false,1,11.90,2.98,true,1,
7290003144938,false,עוגת שכבות מלית משמש400ג,בלקוני,IT,עוגת שכבות,גרמים,400.00,100 גרם,false,1,10.00,2.50,true,1,
7290003144945,false,עוגה צ'וקטה אישיות קקאו וק.קוקוס 35X10ג',אס.פי.אס,IT,עוגות אישיות,גרמים,350.00,100 גרם,false,1,9.90,2.83,true,1,
7290003145195,false,בונ.טראפלס קפה 160 גרם,נאטרא,BE,טראפלס קפה,גרמים,160.00,100 גרם,false,1,17.90,11.19,true,1,
7290003145201,false,בונ.טראפלס טירמיסו 160גר,נאטרא,BE,טראפלס טירמיסו,גרמים,160.00,100 גרם,false,1,17.90,11.19,true,1,
7290003145317,false,תערובת אגוז שקד וחמוציות,פרו מן יו,IL,תע' אגוז שקד וחמ,גרמים,80.00,100 גרם,false,1,11.90,14.88,true,1,
7290003145539,false,שוק.מריר60% צ'וקטה100*6ג,אייברקקאו,ES,שוקולד מריר 6 יח,גרמים,600.00,100 גרם,false,1,18.90,3.15,true,1,
7290003153831,false,שוש חטיף בוטנים 80 גרם,"שטראוס פריטו ליי בע""\מ )",IL,שוש חטיף בוטנים,גרמים,80.00,100 גרם,false,0,3.90,4.88,true,1,
7290003158164,false,פילו ריקוטה פרימיום קג,"גידרון תעשיות בע""מ",IL,פילו ריקוטה,קילוגרמים,0.00,"ק""ג",true,0,49.00,49.00,true,1,
7290003185726,false,קבב מזרחי טיבון ויל 500 גרם,טיבון ויל אחזקות בעמ,IL,קבב מזרחי,גרמים,500.00,100 גרם,false,0,19.90,3.98,true,1,
7290003187140,false,סינטה מיושן אלגאוצ'ו לקג,אלגרצ'ו,IL,סינטה מעובדמופשר,קילוגרמים,0.00,"ק""ג",true,0,99.90,99.90,true,1,
7290003187843,false,עגל טחון טיבון ויל 500 גרם,טיבון ויל אחזקות בעמ,IL,טחון עגל 100%,גרמים,500.00,100 גרם,false,0,29.90,5.98,true,1,
7290003189199,false,צהובה טובה חריפה במש,צי תעשיות מזון יבנה,IL,מעדן חריפה,קילוגרמים,0.00,"ק""ג",true,0,30.00,30.00,true,1,
7290003189205,false,הצהובה הטובה לייט קלאסית 9% כפיר 200 גרם,כפיר,IL,הצהובה טובה לייט,גרמים,200.00,100 גרם,false,0,10.00,5.00,true,1,
7290003189267,false,הצהובה הטובה לייט קלאסית 5% כפיר 200 גרם,צי תעשיות מזון יבנה,IL,הצהובה טובה לייט,גרמים,200.00,100 גרם,false,0,10.00,5.00,true,1,
7290003189274,false,בנוסח מעושנת גליל26%משקל,צי תעשיות מזון יבנה,IL,בנוסח מעושנת,קילוגרמים,0.00,"ק""ג",true,0,39.00,39.00,true,1,
7290003220571,false,"WOK רוטב חמוץ מתוק700מ""ל",קיי אר אס ספייסי פוד,TH,רוטב חמוץ מתוק,מיליליטרים,700.00,"100 מ""ל",false,0,9.90,1.41,true,1,
7290003220595,false,"ווק אורז לסושי 1 ק""ג WOK","מיה תעשיות מזון בע""מ",TH,אורז לסושי,קילוגרמים,1.00,"ק""ג",false,0,13.80,13.80,true,1,
7290003220717,false,WOK אצות נורי סילבר 10 יחידות,ג'י וואן גלובול נאט,TH,אצות נורי לסושי,גרמים,22.00,100 גרם,false,0,7.90,35.91,true,1,
7290003220724,false,מקלות לסושי צ'ופסטיק 20 יחידות WOK,קוסומאי במבוק,TH,מקלות לסושי,יחידה,1.00,יחידה,false,0,6.80,6.80,true,1,
7290003220786,false,"אטריות אורז ללא גלוטן 5 מ""מ 400 ג' WOK",אסיאן סופירה פודס חב,TH,מקלות אורז,גרמים,400.00,100 גרם,false,0,6.90,1.73,true,1,
7290003220830,false,"WOK חומץ אורז יסמין 500 מ""ל",דיאמונד פריזרוד פודס,TH,חומץ אורז,מיליליטרים,500.00,"100 מ""ל",false,0,14.80,2.96,true,1,
7290003220908,false,ווק גינגר 227 גרם,"פנטה אמפאק בע""מ",IL,ג'ינג'ר 227 גרם,גרמים,227.00,100 גרם,false,0,12.80,5.64,true,1,
7290003222100,false,פיתות מאפיית המכבים,מאפיית המכבים,IL,פיתות,יחידה,1.00,יחידה,false,0,15.90,15.90,true,1,
7290003222568,false,פיתה המכבים 100 גרם 5 יח',פיתות מכבים י.מ. בעמ,IL,פיתות 5 יחידות 600) גרם(,גרמים,600.00,100 גרם,false,0,5.80,0.97,true,1,
7290003222742,false,פיתה תימנית 10 יחידות,מאפיית המכבים,IL,פיתה תימנית 10יח,יחידה,1.00,יחידה,false,0,10.90,10.90,true,1,
7290003224128,false,כיסוני תפוא 800 גר`קפוא מאמא מרי,מאמא - מרי בעמ,IL,"כיסונים עם תפו""א",גרמים,800.00,100 גרם,false,0,13.30,1.66,true,1,
7290003224272,false,כיסונים בשר מוסקובסקי 1 קג`קפוא מאמא מר,מאמא - מרי בעמ,IL,כיסונים עם בשר,גרמים,1000.00,100 גרם,false,0,26.20,2.62,true,1,
7290003224456,false,"כיסונים בשר סיבירסקי מאמא מרי 1 ק""ג",מאמא - מרי בעמ,IL,כיסונים עם בשר,גרמים,1000.00,100 גרם,false,0,23.70,2.37,true,1,
7290003229109,false,פסטרמה הודו בפפריקה טירת צבי (400 גרם),תנובה מרכז שיתופי לשיווק תוצרת,IL,פסטרמה בפפריקה,גרמים,400.00,100 גרם,false,0,31.40,7.85,true,1,
7290003229116,false,פסטרמה הודו בדבש שומן טירת צבי 400 גרם,תנובה מרכז שיתופי לשיווק תוצרת,IL,פסטרמה הודו בדבש,גרמים,400.00,100 גרם,false,0,31.40,7.85,true,1,
7290003229123,false,פסטרמה הודו על גחלים 2% טירת צבי 400 גרם,תנובה מרכז שיתופי לשיווק תוצרת,IL,פסטרמה על גחלים,גרמים,400.00,100 גרם,false,0,31.70,7.93,true,1,
7290003229147,false,נקניק סלמי איטלקי מעושן טירת צבי 300 גרם,תנובה מרכז שיתופי לשיווק תוצרת,IL,סלמי איטלקי,גרמים,300.00,100 גרם,false,0,28.90,9.63,true,1,
7290003229154,false,נקניק סלמי קוניאק טירת צבי 300 גרם,תנובה מרכז שיתופי לשיווק תוצרת,IL,סלמי קוניאק,גרמים,300.00,100 גרם,false,0,28.90,9.63,true,1,
7290003229192,false,נקניק כתף בקר מעושן 2% טירת צבי 400 גרם,תנובה מרכז שיתופי לשיווק תוצרת,IL,פסטרמה כתף בקר,גרמים,400.00,100 גרם,false,0,33.50,8.38,true,1,
7290003229222,false,נקניק סלמי תה טירת צבי 300 גרם,תנובה מרכז שיתופי לשיווק תוצרת,IL,סלמי תה משובח,גרמים,300.00,100 גרם,false,0,21.20,7.07,true,1,
7290003249305,false,כרעיים עוף קפוא עוף הארץ,.,IL,כרעיים עוף קפוא,קילוגרמים,0.00,"ק""ג",true,0,27.90,27.90,true,1,
7290003268252,false,לחם חיטה מלא לילדים 750 ג' דגנית עין בר,דגנית עין בר תעשיות מזון ואפיה,IL,לחם חיטה מלא,גרמים,750.00,100 גרם,false,1,13.90,1.85,true,1,
7290003310555,false,"מאגדת טילון קרם עוגיות 4*100 מ""ל בן וג'ירי",מוצרי איכות אמריקאיים בעמ,IL,מאגדת טילון קרם,יחידה,1.00,יחידה,false,0,27.90,27.90,true,1,
7290003321155,false,יוגורט בר עם פקאן מצופה שוקולד 183 ג' דנונה,שטראוס גרופ בעמ/מצונן,IL,דנונה בר פקאן,גרמים,183.00,100 גרם,false,0,4.50,2.46,true,1,
7290003321292,false,גבינה לבנה 9% שומן 250 ג' שטראוס,שטראוס גרופ בעמ/מצונן,IL,גבינת סקי 9%,גרמים,250.00,100 גרם,false,0,4.60,1.84,true,1,
7290003332007,false,קפה שחור עם הל נח`לה אדום (250 גרם),סובחי נחלה ובניו בעמ,IL,קפה שחור,גרמים,250.00,100 גרם,false,0,13.90,5.56,true,1,
7290003332045,false,קפה שחור בלי הל נח`לה אדום (250 גרם),סובחי נחלה ובניו בעמ,IL,קפה שחור בלי ה,גרמים,250.00,100 גרם,false,0,13.90,5.56,true,1,
7290003387205,false,ספיד סטיק - דאודורנט סטיק לגבר רגולר,הנסיך- מפעל לייצור ט,US,דאודורנט סטיק,גרמים,56.00,100 גרם,false,0,19.70,35.18,true,1,
7290003401376,false,"קרם לחות ועיצוב לשיער אלוורה נטורל 400 מ""ל",החברה הדרומית לשיווק בעמ,IL,קרם לחות לשיער,מיליליטרים,400.00,"100 מ""ל",false,0,19.90,4.98,true,1,
7290003401635,false,נטורל פורמולה לחות מעצבת לפתיחת תלתלים,החברה הדרומית לשיווק בעמ,IL,קרם לחות לשיער,מיליליטרים,400.00,"100 מ""ל",false,0,21.80,5.45,true,1,
7290003411238,false,ברוגמן שמרים יבשים נ,הנמל אריזות ושיווק (1984) בעמ,BE,שמרים יבשים,גרמים,500.00,100 גרם,false,0,14.60,2.92,true,1,
7290003411726,false,קיסמי שיניים מלחיה הנמל 300יח',הנמל אריזות ושיווק (1984) בעמ,IL,קיסמי שיניים,יחידה,1.00,יחידה,false,0,3.80,3.80,true,1,
7290003411832,false,גרנולה אגוזים הנמל (400 גרם),הנמל אריזות ושיווק (1984) בעמ,IL,גרנולה אגוזים,גרמים,400.00,100 גרם,false,0,11.20,2.80,true,1,
7290003411849,false,גרנולה עם תמרים ושקדים 400 גרם,הנמל אריזות ושיווק (1984) בעמ,IL,גרנולה תמרים,גרמים,400.00,100 גרם,false,0,11.20,2.80,true,1,
7290003411993,false,גפרורים הנמל 10 יחידות,הנמל אריזות ושיווק (1984) בעמ,IL,גפרורים,יחידה,1.00,יחידה,false,0,3.20,3.20,true,1,
7290003423909,false,חטיף קוקיס אנד קרים לבן 43 גרם,ליימן מותגים,US,חטיף שוקולד לבן,גרמים,43.00,100 גרם,false,0,4.90,11.40,true,1,
7290003427154,false,"שמן זית כתית מעולה טעם מעודן זיתא 750 מ""ל",תה ויסוצקי (ישראל) בעמ,IL,שמן זית כתית,מיליליטרים,750.00,"100 מ""ל",false,0,36.90,4.92,true,1,
7290003438006,false,ממרח אולביה פסטו וצנובר איטלקי 190ג',תה ויסוצקי (ישראל) בעמ,IL,רוטב פסטו,גרמים,180.00,100 גרם,false,0,13.70,7.61,true,1,
7290003438020,false,אוליביה ממרח עגבניות מיובשות (190 גרם),תה ויסוצקי (ישראל) בעמ,IL,ממרח עגבניות,גרמים,190.00,100 גרם,false,0,13.70,7.21,true,1,
7290003438617,false,אריסה חריפה אוליביה,אוליביה,,אריסה חריפה,גרמים,140.00,100 גרם,false,0,8.90,6.36,true,1,
7290003438624,false,אריסה מתוקה עם לימון140ג,אוליביה,,אריסה מתוקה,גרמים,140.00,100 גרם,false,0,8.90,6.36,true,1,
7290003438655,false,פסטו כוסברה 135 גרם,אוליביה,IL,פסטו כוסברה,גרמים,135.00,100 גרם,false,0,8.90,6.59,true,1,
7290003438686,false,סחוג אדום אוליביה 15,אוליביה,IL,סחוג אדום,גרמים,145.00,100 גרם,false,0,8.90,6.14,true,1,
7290003438709,false,ממרח אולביה זיתים שחורים וירוקים 190 ג',תה ויסוצקי (ישראל) בעמ,IL,ממרח זיתים,גרמים,190.00,100 גרם,false,0,13.70,7.21,true,1,
7290003438990,false,עיטורי עגבניות מיובשות וזיתים אוליביה 280 ג',תה ויסוצקי (ישראל) בעמ,IL,עגבניות מיובשות,גרמים,280.00,100 גרם,false,0,16.70,5.96,true,1,
7290003450602,false,חרדל אמיתי צהוב בקבוק לחיץ 255 גר,היינץ צפון אמריקה מקבוצת ה.י.היינץ,US,חרדל אמיתי,גרמים,255.00,100 גרם,false,0,7.90,3.10,true,1,
7290003451050,false,פילה בקלה ארוז קפוא,בלדי,CN,פילה בקלה ארוז,קילוגרמים,0.00,"ק""ג",true,0,19.90,19.90,true,1,
7290003495030,false,מאפה שקדים פרווה,"גידרון תעשיות בע""מ",IL,מאפה שקדים,קילוגרמים,0.00,"ק""ג",true,0,35.00,35.00,true,1,
7290003514007,false,מנה שקדי מרק מנה 400 גרם,ש.שסטוביץ בעמ,IL,שקדי מרק מנה,גרמים,400.00,100 גרם,false,0,7.90,1.98,true,1,
7290003514373,false,לבבות קלאסי 40 גרם,מנה,IL,לבבות קלאסי,גרמים,40.00,100 גרם,false,0,3.90,9.75,true,1,
7290003514557,false,ציפסונים קלאסי 40 גרם,מנה,IL,ציפסונים קלאסי,גרמים,40.00,100 גרם,false,0,3.90,9.75,true,1,
7290003514571,false,פריכונים אורז עם מלח מנה (100 גרם),ש.שסטוביץ בעמ,IL,פריכיות אורז,גרמים,100.00,100 גרם,false,0,5.60,5.60,true,1,
7290003514816,false,לבבות גריל 40 גרם,מנה,IL,לבבות גריל,גרמים,40.00,100 גרם,false,0,3.90,9.75,true,1,
7290003520572,false,מטריות חרובים שקית בודד (בשרוול 6 שקיות),תופינית,,מטריות שוקולד,גרמים,54.00,100 גרם,false,0,15.90,29.44,true,1,
7290003521197,false,"ד""ר פישר - סרקל תרסיס מתיר קשרים 340 מ""ל","פישר תעשיות פרמצביטות בע""מ",IL,סרקל מתיר קשרים,מיליליטרים,340.00,"100 מ""ל",false,0,22.90,6.74,true,1,
7290003524297,false,אספרגוס לבן שלם בצנצנת ויליגר 330 גרם,צ'אמפהאוס טרידייג קו,IL,אספרגוס לבן שלם,גרמים,330.00,100 גרם,false,0,8.90,2.70,true,1,
7290003525461,false,סלט טונה פיקנטי ויליגר 160 גרם,נטו מילנדה סחר בעמ*,IL,סלט טונה פיקנטי,גרמים,160.00,100 גרם,false,0,6.00,3.75,true,1,
7290003525478,false,סלט טונה ויליגר 160 גרם,נטו מילנדה סחר בעמ*,IL,סלט טונה,גרמים,160.00,100 גרם,false,0,6.00,3.75,true,1,
7290003550333,false,טחון בקר מופחת שומן 500,טיבון ויל אחזקות בעמ,IL,טחון בקר מ.שומן,גרמים,500.00,100 גרם,false,0,34.50,6.90,true,1,
7290003550753,false,נתחי טונה בהירה בשמן פוסידון (108x4 גרם),"מיוצר עי וליגר בעמ,",IL,טונה בשמן 4 יח',גרמים,432.00,100 גרם,false,0,22.90,5.30,true,1,
7290003578061,false,לבבות דקל שלמים וילי פוד (400 גרם),ג.וילי-פוד אינטרנשיונל בעמ,EC,לבבות דקל שלם,גרמים,400.00,100 גרם,false,0,9.80,2.45,true,1,
7290003578108,false,חתיכות אננס בסירופ קל וילי פוד (850 גרם),ג.וילי פוד אינטרנשיונל בעמ,TH,לפתן אננס חתוך,גרמים,850.00,100 גרם,false,0,6.80,0.80,true,1,
7290003578177,false,תירס צעיר שלם וילי פוד (410 גרם),ג.וילי-פוד אינטרנשיונל בעמ,TH,תירס צעיר שלם,גרמים,410.00,100 גרם,false,0,4.90,1.20,true,1,
7290003598311,false,דק דק אנטריקוט 300 גר`קפוא פרוס מינוט,"בלדי בע""\מ",IL,סטייק מינוט,גרמים,300.00,100 גרם,false,1,34.90,11.63,true,1,
7290003608089,false,ספרינג תות-בננה 1.5 ליטר,יפאורה שותפות מובגלת לשיווק,IL,ספרינג תות בננה,ליטרים,1.50,ליטר,false,0,6.20,4.13,true,1,
7290003608546,false,תפוזינה תות בננה 1.5ליטר,יפאורה שותפות מובגלת לשיווק,IL,תפוזינה תות בננה,ליטרים,1.50,ליטר,false,0,5.90,3.93,true,1,
7290003608621,false,קולה RC מארז 1.5*6 ליטר,יפאורה שותפות מובגלת לשיווק,IL,RC קולה 6 יח',ליטרים,9.00,ליטר,false,0,23.90,2.66,true,1,
7290003608898,false,תפוזינה תפוזים לייט1.5ל,יפאורה שותפות מובגלת לשיווק,IL,תפוזינה דיאט,ליטרים,1.50,ליטר,false,0,5.90,3.93,true,1,
7290003643004,false,אורז בסמטי קלאסי סוגת (1 קג),האי נאם סי או אל.טי.,IL,אורז בסמטי קלאסי,קילוגרמים,1.00,"ק""ג",false,0,11.90,11.90,true,1,
7290003643325,false,קוסקוס בינוני סוגת (350 גרם),"אסיף תעשיות מזון בע""\מ",IL,קוסקוס בינוני,גרמים,350.00,100 גרם,false,0,4.90,1.40,true,1,
7290003643387,false,"סוכר אריזת פלסטיק 1 ק""ג סוגת",האי נאם סי או אל.טי.,IL,סוכר לבן צנצנת,קילוגרמים,1.00,"ק""ג",false,0,6.50,6.50,true,1,
7290003643646,false,"סוכר דמררה קלאסי בצנצנת סוגת 1 ק""ג",האי נאם סי או אל.טי.,IL,"סוכר דמררה צנצנת 1 ק""ג",קילוגרמים,1.00,"ק""ג",false,0,11.50,11.50,true,1,
7290003643684,false,אפונה יבשה סוגת 500 גר',האי נאם סי או אל.טי.,IL,אפונה 500 גרם,גרמים,500.00,100 גרם,false,0,5.90,1.18,true,1,
7290003643714,false,חומוס גרגירים 500 גרם סוגת,האי נאם סי או אל.טי.,IL,חומוס,גרמים,500.00,100 גרם,false,0,7.90,1.58,true,1,
7290003643738,false,חיטה סוגת (500 גרם),האי נאם סי או אל.טי.,IL,חיטה 500 גרם,גרמים,500.00,100 גרם,false,0,4.90,0.98,true,1,
7290003643745,false,כוסמת סוגת (500 גרם),האי נאם סי או אל.טי.,IL,כוסמת,גרמים,500.00,100 גרם,false,0,5.90,1.18,true,1,
7290003643752,false,עדשים ירוקים יבש סוגת 500 גר',האי נאם סי או אל.טי.,IL,עדשים ירוקות,גרמים,500.00,100 גרם,false,0,6.90,1.38,true,1,
7290003643769,false,עדשים אדומים יבש סוגת 500 גר',"סוגת תעשיות בע""\מ",IL,עדשים אדומות,גרמים,500.00,100 גרם,false,0,6.90,1.38,true,1,
7290003643806,false,שעועית לבנה יבשה סוגת (500 גרם),האי נאם סי או אל.טי.,IL,שעועית לבנה,גרמים,500.00,100 גרם,false,0,11.80,2.36,true,1,
7290003643813,false,שעועית אדומה יבשה סוגת 500 גר',האי נאם סי או אל.טי.,IL,שעועית אדומה,גרמים,500.00,100 גרם,false,0,10.70,2.14,true,1,
7290003667109,false,פאנטה בטעם אורנג' 1.5 ל',החברה המרכזית לייצור משקאות,IL,פאנטה אורנג',ליטרים,1.50,ליטר,false,0,6.90,4.60,true,1,
7290003667369,false,פריגת מיקס תות-בננה1.5ל,מבשלות בירה בינלאומיות ב,IL,פריגת תות בננה,ליטרים,1.50,ליטר,false,0,6.50,4.33,true,1,
7290003667673,false,פנטה דיאט אורנג' 1.5ליטר,החברה המרכזית לייצור משקאות,IL,פנטה דיאט אורנג',ליטרים,1.50,ליטר,false,0,6.90,4.60,true,1,
7290003715411,false,צנובר סיני גדול 100,זארובי פיצוחי הגליל,IL,צנובר 100גרם,גרמים,100.00,100 גרם,false,1,19.90,19.90,true,1,
7290003719259,false,לחם אקסקלוסיבי פרוס ליבו (1 קג),מאפית י את א ברמן בע,IL,לחם אקסקלוסיבי,קילוגרמים,1.00,"ק""ג",false,0,15.50,15.50,true,1,
7290003726011,false,טופו רך כפרי בריא 30,Unknown,IL,טופו במרקם רך,גרמים,300.00,100 גרם,false,0,12.50,4.17,true,1,
7290003726110,false,טופו אורגני בוואקום,Unknown,IL,טופו אורגני,גרמים,300.00,100 גרם,false,0,13.20,4.40,true,1,
7290003726127,false,טופו מועשר בסידן,,IL,טופו מועשר בסידן,גרמים,300.00,100 גרם,false,0,12.50,4.17,true,1,
7290003726141,false,טופו אמיתי כפרי בריא 300 גרם,מחלבות גד שיווק 1992 בעמ,IL,טופו אמיתי כפרי,גרמים,300.00,100 גרם,false,0,12.90,4.30,true,1,
7290003726332,false,עוגיות תמר וטופו 500 גרם,קינג דיויד,IL,עוגיות תמר וטופו,גרמים,500.00,100 גרם,false,0,25.90,5.18,true,1,
7290003726363,false,עוגיות קינמון,,IL,עוגיות קינמון,גרמים,350.00,100 גרם,false,0,25.90,7.40,true,1,
7290003727667,false,"סלט חומוס צבר 1 ק""ג",קבוצת אוסם סחר-שות.מוגבלת,IL,סלט חומוס צבר,קילוגרמים,1.00,"ק""ג",false,0,14.50,14.50,true,1,
7290003744855,false,אובלטים עם שומשום 300 גר,שוקוטרייד בעמ,IL,אובלטים שומשום,גרמים,300.00,100 גרם,false,0,10.90,3.63,true,1,
7290003782130,false,פילה הרינג בשמן במשקל,מעדני מיקי תעשיות מז,IL,פילה הרינג בשמ,קילוגרמים,0.00,"ק""ג",true,0,54.00,54.00,true,1,
7290003782376,false,מקרל מעושן שלם במשקל,מעדני מיקי,IL,מקרל מעושן שלם,קילוגרמים,0.00,"ק""ג",true,0,80.00,80.00,true,1,
7290003804252,false,תיבוליות לאורז בנוסח הודי קנור 80גרם,יוניליוור ישראל שיווק בע`מ,IL,תיבוליות קנור,גרמים,72.00,100 גרם,false,0,8.90,12.36,true,1,
7290003804320,false,תיבולית קנור שום ופטורזיליה 72 גרם,"יוניליוור ישראל שיווק בע""מ",IL,תיבוליות קנור,גרמים,72.00,100 גרם,false,0,8.90,12.36,true,1,
7290003804368,false,תיבוליות בזיליקום קנור (8 יח`- 72 גרם),"יוניליוור ישראל שיווק בע""מ",IL,תיבוליות קנור,גרמים,72.00,100 גרם,false,0,8.90,12.36,true,1,
7290003804375,false,תיבולית קנור ניחוח צלי72,"יוניליוור ישראל מזון בע""",IL,תיבולית קנור,גרמים,72.00,100 גרם,false,0,8.90,12.36,true,1,
7290003804382,false,תיבוליות פטריות קנור (8 יח`- 72 גרם),יוניליוור ישראל שיווק בע`מ,IL,תיבוליות פטריות,גרמים,72.00,100 גרם,false,0,8.90,12.36,true,1,
7290003804894,false,ריבועים של אלופים500ג בד,יוניליוור,IL,ריבועים אלופים,גרמים,500.00,100 גרם,false,0,17.90,3.58,true,1,
7290003805501,false,"פתית בסגנון שוודי תלמה בד""צ 300 גרם",יוניליוור ישראל שיווק בע`מ,IL,פתית קרקר שוודי,גרמים,300.00,100 גרם,false,0,17.50,5.83,true,1,
7290003805525,false,קורנפלקס 750 גרם,יוניליוור,IL,קורנפלקס תלמה,גרמים,750.00,100 גרם,false,0,15.50,2.07,true,1,
7290003805556,false,"ברנפלקס חיטה מלא בד""ץ500",אתר שפע - Food,IL,ברנפלקס תלמה,גרמים,500.00,100 גרם,false,0,16.90,3.38,true,1,
7290003805587,false,"פתית חיטה מלאה בד""צ 250 גרם-קופסא",יוניליוור ישראל שיווק בע`מ,IL,פתית חיטה מלאה,גרמים,250.00,100 גרם,false,0,17.50,7.00,true,1,
7290003805686,false,קוקומן פצפוצים 500 גרם,יוניליוור,IL,קוקומן פצפוצים,גרמים,500.00,100 גרם,false,0,14.90,2.98,true,1,
7290003805709,false,"כריות נוגט בד""צ 750 גרם","יוניליוור ישראל מזון בע""",IL,כריות נוגט,גרמים,750.00,100 גרם,false,0,24.90,3.32,true,1,
7290003805716,false,נמס בכוס ט.עוף 24*2 גרם,יוניליוור ישראל מזון,IL,נמס בכוס ועוד,גרמים,48.00,100 גרם,false,0,6.90,14.38,true,1,
7290003805730,false,נמס בכוס עגבנ.קנור 32*2ג,יוניליוור,IL,נמס בכוס ועוד,גרמים,64.00,100 גרם,false,0,6.90,10.78,true,1,
7290003806577,false,דאו. דאב אורגינל 150מל,יוניליוור,GB,דאודורנט דאב,מיליליטרים,150.00,"100 מ""ל",false,1,20.90,13.93,true,1,
7290003806584,false,"דאב - דאודורנט ספריי לאישה אינביזיבל 150 מ""ל",יוניליוור,GB,דאודורנט דאב,מיליליטרים,150.00,"100 מ""ל",false,1,20.90,13.93,true,1,
7290003806591,false,"דאב - דאודורנט ספריי לאישה מלפפונים 150 מ""ל",ארנסט. רחוב קומבינצק,GB,דאודורנט דאב,מיליליטרים,150.00,"100 מ""ל",false,1,20.90,13.93,true,1,
7290003807314,false,מרק עוף רכיב.טבעיים 400ג,יוניליוור,,מרק עוף,גרמים,400.00,100 גרם,false,0,26.90,6.73,true,1,
7290003807482,false,קנור רוטב טריאקי מופחת נתרן 370 גרם,"יוניליוור ישראל שיווק בע""מ",IL,רוטב טריאקי,מיליליטרים,300.00,"100 מ""ל",false,0,10.90,3.63,true,1,
7290003821754,false,סלמון נורבגי מעושן קפוא,האי נאם סי או אל.טי.,IL,סלמון מעושן,גרמים,100.00,100 גרם,false,0,18.90,18.90,true,1,
7290003864478,false,סרדינים בשמן צמחי פתח קל ויליפוד 110 גרם,ג.וילי-פוד אינטרנשיונל בעמ,PH,סרדין בשמן צמח,גרמים,110.00,100 גרם,false,0,4.00,3.64,true,1,
7290003864485,false,סרדינים ברוטב עגבנ יות ויליפוד 110ג' פתח קל,ג. וילי-פוד אינטרנשיונל בע`מ,PH,סרדינים ברוטב,גרמים,110.00,100 גרם,false,0,4.00,3.64,true,1,
7290003864492,false,סרדין בשמן צמחי חריף פתח קל ויליפוד 110 גרם,ג. וילי-פוד אינטרנשיונל בע`מ,IL,סרדין פיקנטי,גרמים,110.00,100 גרם,false,0,4.00,3.64,true,1,
7290003882922,false,עלי גפן ממולאים באורז וילי פוד 360 גרם,ג. וילי-פוד אינטרנשיונל בע`מ,IL,עלי גפן ממולאים,גרמים,400.00,100 גרם,false,0,8.90,2.23,true,1,
7290003901197,false,שוקולד חלב אגוז 100*4 גר,STRAUSS-ISRAEL,IL,שוקולד אגוז 4 יח,גרמים,400.00,100 גרם,false,0,29.90,7.48,true,1,
7290003903771,false,קפה נמס קפוצ'ינו רגיל 200 ג',שטראוס גרופ בע`מ,IL,קפוצ'ינו פחית,גרמים,200.00,100 גרם,false,0,24.20,12.10,true,1,
7290003903788,false,אבקת קפוצ`ינו וניל עלית (200 גרם),שטראוס גרופ בע`מ,IL,קפוצ'ינו וניל,גרמים,200.00,100 גרם,false,0,24.20,12.10,true,1,
7290003903955,false,שוקולד במילוי קרם חלב 100 גרם,"שטראוס גרופ בע""מ",IL,שוקולד קרם חלב,גרמים,100.00,100 גרם,false,0,5.50,5.50,true,1,
7290003904389,false,שוק.פרה מריר ללא סוכר100,שטראוס גרופ,IL,שוקולד פרה דיאט,גרמים,100.00,100 גרם,false,0,9.40,9.40,true,1,
7290003905331,false,שוק.חלב+שברי אגוזים100גר,STRAUSS-ISRAEL,IL,שוק.חלב אגוזים,גרמים,100.00,100 גרם,false,0,5.50,5.50,true,1,
7290003905362,false,שוק.חלב ל.תוספת סוכר100ג,STRAUSS-ISRAEL,IL,שוקולד פרה דיאט,גרמים,100.00,100 גרם,false,0,9.40,9.40,true,1,
7290003938049,false,הפי נוזל הברקה למדיח 1 ל,יעקב יעקבי ובניו בעמ,DE,הפי נוזל למדיח,ליטרים,1.00,ליטר,false,0,17.90,17.90,true,1,
7290003956012,false,פטאקי 16% שומרון,"מחלבת השומרון בע""מ",IL,פטאקי 18% במשקל,קילוגרמים,0.00,"ק""ג",true,0,40.00,40.00,true,1,
7290003956074,false,כפפות לטקס קלין S 100 יח,קליר כימיקלים,ID,כפפות לטקס,יחידה,1.00,יחידה,false,0,24.90,24.90,true,1,
7290003989096,false,סלט חצילים פיקנטי אחלה 500 גרם,שטראוס גרופ בעמ/מצונן,IL,חציל פיקנטי אחלה,גרמים,500.00,100 גרם,false,0,15.50,3.10,true,1,
7290004011260,false,"ריצ' להעשרת קפה 427 מ""ל",נטו מלינדה סחר בעמ,US,ריצ' להעשרת קפה,מיליליטרים,427.00,"100 מ""ל",false,0,7.90,1.85,true,1,
7290004011277,false,"בסיס לבישול והקרמה צמחי ריצ' 220 מ""ל","אינסטנטה בע""מ",US,ריצ' לבישול,מיליליטרים,220.00,"100 מ""ל",false,0,7.80,3.55,true,1,
7290004011284,false,בסיס להכנת קצפת צמחי ריץ` (212 מל),ריצ' פרודקטס קורפריי,US,ריצ' להכנת קצפת,מיליליטרים,212.00,"100 מ""ל",false,0,8.70,4.10,true,1,
7290004011291,false,בסיס להכנת קצפת צמחי ריץ` (425 מל),נטו מלינדה סחר בע`מ,US,בסיס להכנת קצפת,מיליליטרים,425.00,"100 מ""ל",false,0,15.80,3.72,true,1,
7290004011345,false,"ספריי קצפת מתוקה מוכנה פרווה ריץ' 238 מ""ל",האי נאם סי או אל.טי.,IT,קצפת מתוקה,גרמים,250.00,100 גרם,false,0,16.80,6.72,true,1,
7290004011789,false,קציצות אלגאוצ'ו 400 גרם,טיבון ויל,IL,קציצות אלגאוצ'ו,גרמים,400.00,100 גרם,false,0,23.90,5.98,true,1,
7290004011802,false,נקניקיות צ'וריסוס אל גאוצ'ו 400 גר',טיבון ויל אחזקות בעמ,IL,צ'וריסוס,גרמים,400.00,100 גרם,false,0,23.90,5.98,true,1,
7290004011819,false,המבורגר ריב אנטריקוט אל גאוצ`ו 360 גר`ק,נטו מלינדה סחר בע`מ,IL,המבורגר ריב,גרמים,360.00,100 גרם,false,0,21.90,6.08,true,1,
7290004022309,false,עדשי מ&מ'ס חמאת בוטנים80,מרס,US,עדשי מ&מ'ס,גרמים,80.00,100 גרם,false,1,6.90,8.63,true,1,
7290004023041,false,"לחם שיפון ללא שמרים ד""ר מרק 750 גר'",המאפה של דר מרק בריאות באפייה,IL,לחם שיפון,גרמים,750.00,100 גרם,false,0,14.80,1.97,true,1,
7290004023058,false,לחם שבולת שועל דר מרק750,,IL,לחם שבולת שועל,גרמים,750.00,100 גרם,false,0,15.40,2.05,true,1,
7290004023430,false,לחם כוסמין ללא שמרים400ג,,IL,לחם כוסמין,גרמים,400.00,100 גרם,false,0,20.30,5.08,true,1,
7290004023720,false,עוג.שיפון מילוי תמרים230,המאפה של דר' מארק,IL,עוגיות שיפון,גרמים,230.00,100 גרם,false,1,18.90,8.22,true,1,
7290004030018,false,"פריניב מיץ לימון סחוט פרי לתיבול 500 מ""ל",הנסיך- מפעל לייצור ט,IL,מיץ לימון לתיבול,מיליליטרים,500.00,"100 מ""ל",false,0,6.80,1.36,true,1,
7290004030063,false,נקטר גויאבה,,IL,נקטר גויאבה,ליטרים,1.00,ליטר,false,0,11.80,11.80,true,1,
7290004030155,false,מיץ רימון תפוח 100% 1ל',פריניב,IL,מיץ רימון תפוח,ליטרים,1.00,ליטר,false,1,22.50,22.50,true,1,
7290004030216,false,משקה בטעם חמוציות 1 ליטר פריניב,הנסיך- מפעל לייצור ט,IL,נקטר חמוציות,ליטרים,1.00,ליטר,false,1,7.90,7.90,true,1,
7290004030322,false,מיץ תפוח גזר וסלק 1 ליטר,פריניב,IL,מיץ תפוח גזר סלק,ליטרים,1.00,ליטר,false,0,18.30,18.30,true,1,
7290004030414,false,מיץ תפוזים 2ליטר פרי,הנסיך- מפעל לייצור ט,IL,מיץ תפוזים מצונן,ליטרים,2.00,ליטר,false,0,18.90,9.45,true,1,
7290004030445,false,מיץ תפוזים סחוט רכיבים טבעיים 1 ליטר פרי ניב,הנסיך- מפעל לייצור ט,IL,מיץ תפוזים סחוט,ליטרים,1.00,ליטר,false,0,11.80,11.80,true,1,
7290004030568,false,מיץ אשכולית סחוט,,IL,מיץ אשכולית סחוט,ליטרים,2.00,ליטר,false,0,18.90,9.45,true,1,
7290004030612,false,"מיץ תפוח, קיווי אגס ללא תוספת סוכר 1 ליטר פרי ניב",הנסיך- מפעל לייצור ט,IL,משקה תפוח קיווי,ליטרים,1.00,ליטר,false,0,11.90,11.90,true,1,
7290004030780,false,מיץ קלמנטינה סחוט100% 1ל,פריניב,IL,מיץ קלמנטינה,מיליליטרים,1000.00,"100 מ""ל",false,1,11.90,1.19,true,1,
7290004030810,false,שייק 100% בננה פסיפלורה תפוז מופחת סוכר1,הנסיך- מפעל לייצור ט,IL,מיץ פריניב,מיליליטרים,1000.00,"100 מ""ל",false,1,18.30,1.83,true,1,
7290004030834,false,מיץ רימונים סחוט 100% רכיבים טבעיים פרי ניב 1 ליטר,הנסיך- מפעל לייצור ט,IL,מיץ רימונים,ליטרים,1.00,ליטר,false,0,22.50,22.50,true,1,
7290004043108,false,עדשי מ&מ'ס שוקולד 89 גרם,מרס,US,עדשי מ&מ'ס,גרמים,89.00,100 גרם,false,1,6.90,7.75,true,1,
7290004043205,false,עדשי שוק.מ&מ'ס בוטנים90ג,מרס,US,עדשי מ&מ'ס,גרמים,90.00,100 גרם,false,1,6.90,7.67,true,1,
7290004063153,false,מלח ים אטלנטי טבעי מלח הארץ (1 קג),חברת מלח הארץ אילת ב,IL,מלח ים אטלנטי,קילוגרמים,1.00,"ק""ג",false,0,15.90,15.90,true,1,
7290004064099,false,מטחנה מלח ים מהרי ההימלאיה מלח הארץ 100 גרם,"חברת מלח הארץ אילת בע""\מ",IL,מטחנה מלח,גרמים,250.00,100 גרם,false,1,16.90,6.76,true,1,
7290004067519,false,מעדן דובדבן 100% פרי בית יצחק,בית יצחק,IL,מעדן דובדבן,גרמים,284.00,100 גרם,false,0,16.90,5.95,true,1,
7290004067656,false,מעדן פירות יער 100% פרי ל.ת.סוכר בית יצחק 284ג',בית יצחק,IL,מעדן פירות יער,גרמים,284.00,100 גרם,false,1,16.90,5.95,true,1,
7290004068011,false,יוגורט כבשים בדלי 5% שומן 600 ג' גד,מחלבות גד שיווק 1992 בעמ,IL,יוגורט כבשים,גרמים,600.00,100 גרם,false,0,16.80,2.80,true,1,
7290004068028,false,"יוגורט צזיקי לשתיה 3.5% 500 מ""ל רובין",מחלבות גד שיווק 1992 בעמ,IL,ציזיקי לשתיה,מיליליטרים,500.00,"100 מ""ל",false,0,9.00,1.80,true,1,
7290004068035,false,"איירן יוגורט לשתייה 3% גד 500 מ""ל",מחלבות גד שיווק 1992 בעמ,IL,אירן משקה יוגורט,מיליליטרים,500.00,"100 מ""ל",false,0,7.80,1.56,true,1,
7290004068332,false,גבינה קממבר בקר משולשים גד,מחלבות גד,IL,גבינת קממבר בקר,קילוגרמים,0.00,"ק""ג",true,0,114.00,114.00,true,1,
7290004068424,false,גבינה גאודה משולשים,מחלבות גד בעמ`,IL,גבינת גאודה,קילוגרמים,0.00,"ק""ג",true,0,114.00,114.00,true,1,
7290004078225,false,"שטיפת פה קולגייט פלקס מינט ירוק 500מ""ל",קולגייט- פלמוליב,BR,מי פה קולגייט,מיליליטרים,500.00,"100 מ""ל",false,0,31.60,6.32,true,1,
7290004078270,false,נוזל לניקוי כלים בריח לימון פלמוליב 1 ליטר,יבואן ומשווק: ש. שסט,GR,פלמוליב לכלים,ליטרים,1.00,ליטר,false,0,13.90,13.90,true,1,
7290004078379,false,"קולגייט משחת שיניים טוטל פרש סטריפ 100מ""ל",קולגייט-פלמוליב,PL,משחת שיניים,מיליליטרים,100.00,"100 מ""ל",false,0,12.90,12.90,true,1,
7290004078690,false,"אגקס נוזל לניקוי אסלות מרענן 750 מ""ל",הנסיך- מפעל לייצור ט,GR,אג'קס מרענן,מיליליטרים,750.00,"100 מ""ל",false,0,14.90,1.99,true,1,
7290004078942,false,ליידי ספיד סטיק - דאודורנט ג'ל לאישה 65 גרם,קולגייט-פלמוליב,US,דאודורנט,גרמים,65.00,100 גרם,false,0,21.90,33.69,true,1,
7290004091248,false,וזלין פטרוליום אינטנסיב קאר ג'ל 106 גר',יוניליוור ישראל שיווק בע`מ,US,ואזלין טהור,גרמים,100.00,100 גרם,false,0,13.90,13.90,true,1,
7290004119133,false,כד יוגורט תנובה 6.5% שומן 1.5 ליטר,מיוצר עי קונדיטוריית,IL,יוגורט בכד,ליטרים,1.50,ליטר,false,0,16.90,11.27,true,1,
7290004119225,false,יוגורט יופלה אננס 3% שומן 150 גרם,תנובה מרכז שיתופי לש,IL,יופלה אננס 3%,גרמים,150.00,100 גרם,false,0,5.00,3.33,true,1,
7290004119522,false,"משקה תנובה שוקו 2% קרלו שקית 225מ""ל",תנובה בעמ ***,IL,שוקו בשקית,מיליליטרים,225.00,"100 מ""ל",false,0,2.70,1.20,true,1,
7290004119928,false,מעדן חלב בטעם וניל 2% קרלו תנובה 125 גרם,מחלבת אלון תבור,IL,מעדן קרלו וניל3%,גרמים,125.00,100 גרם,false,0,2.80,2.24,true,1,
7290004119973,false,קרלו מעדן שוקו רביעיה גביע 1.5% 125 גרם,תנובה מרכז שיתופי לש,IL,קרלו שוקולדה,גרמים,125.00,100 גרם,false,0,2.80,2.24,true,1,
7290004120061,false,מעדן חלב בטעם שוקו וניל שוניל 2% קרלו 125 גרם,תנובה מרכז שיתופי לש,IL,מעדן קרלו שוניל,גרמים,125.00,100 גרם,false,0,2.90,2.32,true,1,
7290004120269,false,שוק מאגדת 6 שקיות שו,תנובה,IL,שוקו 6 שקיות,ליטרים,1.35,ליטר,false,0,12.90,9.56,true,1,
7290004120566,false,גבינה בולגרית (25024% גרם)פיראוס תנובה,"תנובה בע""מ ***",IL,גבינה בולגרית24%,גרמים,250.00,100 גרם,false,0,22.90,9.16,true,1,
7290004120573,false,גבינה בולגרית (25016% גרם)פיראוס תנובה,תנובה מרכז שיתופי לש,IL,גבינה בולגרית16%,גרמים,250.00,100 גרם,false,0,22.90,9.16,true,1,
7290004120634,false,גבינה בולגרית (2505% גרם)פיראוס תנובה,תנובה מרכז שיתופי לש,IL,גבינה בולגרית5%,גרמים,250.00,100 גרם,false,0,21.90,8.76,true,1,
7290004120832,false,"חלב 2 ליטר 3% כד ""תנובה""- מוצר בפיקוח",תנובה מרכז שיתופי לש,IL,חלב שתיה 3%,ליטרים,2.00,ליטר,false,0,11.50,5.75,true,1,
7290004121488,false,יוגורט ביו דיאט 0% אפרסק יופלה (150 גרם),תנובה מרכז שיתופי לש,IL,יופלה דיאט אפרסק,גרמים,150.00,100 גרם,false,0,5.00,3.33,true,1,
7290004121525,false,יופלה מאגדת פרי 4 תות 4 אפרסק 3% 8 יח'*150 ג',תנובה מרכז שיתופי לש,IL,יופלה 3% 8 יח',קילוגרמים,1.20,"ק""ג",false,0,29.90,24.92,true,1,
7290004121754,false,יוגורט ביו עוגת גבינה ותות 3% יופלה 150 גרם,תנובה בעמ ***,IL,יופלה קרם גבינה,גרמים,150.00,100 גרם,false,0,5.00,3.33,true,1,
7290004121853,false,גבינה בולגרית קוביות (2005% גרם)פיראוס,תנובה מרכז שיתופי לש,IL,קוביות בולגרית5%,גרמים,200.00,100 גרם,false,0,20.90,10.45,true,1,
7290004122089,false,פתיתי גבינת עמק 200 גרם,תנובה,IL,פתיתי גבינת עמק,גרמים,200.00,100 גרם,false,0,13.90,6.95,true,1,
7290004122119,false,פתיתי פרמזן לפסטה 23% השף הלבן 100 גרם,"תנובה בע""מ ***",IL,פתיתי פרמזן,גרמים,100.00,100 גרם,false,0,11.80,11.80,true,1,
7290004122195,false,גוש חלב גבינה צהובה פרוסה 28% תנובה 200 גרם,"תנובה בע""מ ***",IL,גבינה גוש חלב,גרמים,200.00,100 גרם,false,0,13.50,6.75,true,1,
7290004122270,false,עמק קלאסית פרוסות גבינה חצי קשה 28% 200 גרם,תנובה מרכז שיתופי לש,IL,גבינת עמק פרוס,גרמים,200.00,100 גרם,false,0,15.20,7.60,true,1,
7290004122348,false,גבינה צהובה מופחתת שומן 9% עמק (200 גרם),תנובה מרכז שיתופי לש,IL,גבינת עמק לייט,גרמים,200.00,100 גרם,false,0,15.90,7.95,true,1,
7290004122560,false,פתיתי עמק השף הלבן 500גר,תנובה,IL,פתיתי גבינת עמק,גרמים,500.00,100 גרם,false,0,32.90,6.58,true,1,
7290004122607,false,גבינת עמק לייט 9% במשקל,תנובה מרכז שיתופי לש,IL,גבינת עמק לייט9%,קילוגרמים,0.00,"ק""ג",true,0,69.00,69.00,true,1,
7290004122676,false,גבינה חמד לייט (2505% גרם)פיראוס תנובה,תנובה מרכז שיתופי לש,IL,גבינת חמד לייט5%,גרמים,250.00,100 גרם,false,0,17.90,7.16,true,1,
7290004122683,false,עמק חטיף אצבעות גבינה חצי קשה 28% שומן,תנובה מרכז שיתופי לש,IL,אצבעות עמק,גרמים,172.00,100 גרם,false,0,15.90,9.24,true,1,
7290004123284,false,גב.לבנה רכה5%ללא מלח250ג,תנובה,IL,גבינה לבנה רכה5%,גרמים,250.00,100 גרם,false,0,4.60,1.84,true,1,
7290004124205,false,יופלה דיאט יוגורט תות %0 גביע 150 גרם,תנובה מרכז שיתופי לש,IL,יופלה דיאט תות0%,גרמים,150.00,100 גרם,false,0,5.00,3.33,true,1,
7290004124847,false,"קצפת צמחית השף הלבן 500 מ""ל תנובה",תנובה מרכז שיתופי לש,IL,קצפת צמחית,מיליליטרים,500.00,"100 מ""ל",false,0,16.40,3.28,true,1,
7290004124892,false,יופלה פירות יבשים4% 150ג,תנובה - חלב,IL,יופלה פירות יבש.,גרמים,150.00,100 גרם,false,0,5.00,3.33,true,1,
7290004125370,false,"שמנת חמוצה 9% מופחתת שומן תנובה 200 מ""ל מהדרין",תנובה מרכז שיתופי לש,IL,שמנת חמוצה 9%,מיליליטרים,200.00,"100 מ""ל",false,0,3.40,1.70,true,1,
7290004125400,false,"אשל שלי מהדרין 200 מ""ל 4.5% ""תנובה""- מוצר בפיקוח",פארייפאבה אגרואינדוס,IL,אשל 4.5% שומן,מיליליטרים,200.00,"100 מ""ל",false,0,1.55,0.78,true,1,
7290004125417,false,"גיל 3% שלי 200 מ""ל ""תנובה"" -מוצר בפיקוח",תנובה מרכז שיתופי לש,IL,גיל לבן 3%שומן,מיליליטרים,200.00,"100 מ""ל",false,0,1.40,0.70,true,1,
7290004125455,false,"שמנת חמוצה 200 מ""ל 15% ""תנובה"" -מוצר בפיקוח",תנובה מרכז שיתופי לש,IL,שמנת תנובה 15%,מיליליטרים,200.00,"100 מ""ל",false,0,2.20,1.10,true,1,
7290004125462,false,"שמנת חמוצה 15% תנובה 500 מ""ל מהדרין",תנובה מרכז שיתופי לש,IL,שמנת חמוצה 15%,מיליליטרים,500.00,"100 מ""ל",false,0,5.50,1.10,true,1,
7290004125509,false,"שמנת חמוצה 15% מועשרת תנובה 100 מ""ל",תנובה מרכז שיתופי לש,IL,שמנת חמוצה 15%,מיליליטרים,100.00,"100 מ""ל",false,0,1.70,1.70,true,1,
7290004125578,false,משקה סויה מועשר בסידן 1 ל`תנובה,תנובה מרכז שיתופי לש,IL,משקה סויה,ליטרים,1.00,ליטר,false,0,10.90,10.90,true,1,
7290004125585,false,משקה סויה בטעם וניל תנובה 1 ליטר,תנובה מרכז שיתופי לש,IL,משקה סויה וניל,ליטרים,1.00,ליטר,false,0,10.90,10.90,true,1,
7290004125721,false,"השף הלבן שמנת עמידה לבישול 15% תנובה 250 מ""ל",תנובה מרכז שיתופי לש,IL,שמנת לבישול15%,מיליליטרים,250.00,"100 מ""ל",false,0,8.10,3.24,true,1,
7290004125738,false,שמנת מתוקה להקצפה32% 250מל עמיד השף הלבן,תנובה מרכז שיתופי לש,IL,שמנת להקצפה32%,מיליליטרים,250.00,"100 מ""ל",false,0,6.50,2.60,true,1,
7290004125776,false,גבינה צהובה קלאסית 28% עמק (400 גרם),"תנובה בע""מ ***",IL,גבינת עמק פרוס,גרמים,400.00,100 גרם,false,0,28.90,7.23,true,1,
7290004126650,false,גבינה צפתית 5% תנובה,תנובה מרכז שיתופי לש,IL,גבינה צפתית 5%,קילוגרמים,0.00,"ק""ג",true,0,45.00,45.00,true,1,
7290004126674,false,טל העמק פרוסות גבינה חצי קשה לייט %9 200 גרם בקופסא,תנובה מרכז שיתופי לש,IL,גבינה טל העמק,גרמים,200.00,100 גרם,false,0,17.80,8.90,true,1,
7290004126759,false,דאיט יופלה פירות יער טו יוג פרי 150גר.,"תנובה בע""מ ***",IL,יופלה דיאט,גרמים,150.00,100 גרם,false,0,5.00,3.33,true,1,
7290004126872,false,משקאות חלב תנובה שוקו בקבוק 250מל,תנובה - חלב,IL,שוקו בקבוק,מיליליטרים,250.00,"100 מ""ל",false,0,5.30,2.12,true,1,
7290004127077,false,קוטג תנובה 3% גביע 250 גרם מהדרין,מיוצר עי קונדיטוריית,IL,קוטג' 3% שומן,גרמים,250.00,100 גרם,false,0,5.50,2.20,true,1,
7290004127329,false,קוטג תנובה גביע 250 גרם %5 ו.מהדרין,מיוצר עי קונדיטוריית,IL,קוטג' תנובה 5%,גרמים,250.00,100 גרם,false,0,5.50,2.20,true,1,
7290004127336,false,קוטג תנובה גביע 250 גרם %9 ו.מהדרין,מיוצר עי קונדיטוריית,IL,קוטג' תנובה 9%,גרמים,250.00,100 גרם,false,0,5.50,2.20,true,1,
7290004127800,false,"גבינה לבנה 500 גרם 5% ""תנובה"" -מוצר בפיקוח",מיוצר עי קונדיטוריית,IL,גבינה לבנה 5%,גרמים,500.00,100 גרם,false,0,9.20,1.84,true,1,
7290004127817,false,גבינה לבנה 9% שומן 500 ג' תנובה,מיוצר עי קונדיטוריית,IL,גבינה לבנה 9%,גרמים,500.00,100 גרם,false,0,9.20,1.84,true,1,
7290004127862,false,"גבינה לבנה 750 גרם 5% ""תנובה"" - מוצר בפיקוח",תנובה מרכז שיתופי לש,IL,גבינה לבנה 5%,גרמים,750.00,100 גרם,false,0,13.80,1.84,true,1,
7290004127916,false,גבינה לבנה 0.5% שומן 500 ג' תנובה,תנובה מרכז שיתופי לש,IL,גבינה 0.5%,גרמים,500.00,100 גרם,false,0,8.90,1.78,true,1,
7290004128272,false,גבינה אדם לייט9% 200 גרם,תנובה,IL,גבינה אדם לייט,גרמים,200.00,100 גרם,false,0,18.30,9.15,true,1,
7290004128333,false,לאבנה על בסיס יוגורט %9 שומן 500 ג' פיראוס,תנובה בעמ ***,IL,לבנה פיראוס 9%,גרמים,500.00,100 גרם,false,0,19.70,3.94,true,1,
7290004128340,false,קרם גבינת שמנת %5 בטעם טבעי 200 ג' תנובה,תנובה בעמ ***,IL,גבינת שמנת,גרמים,200.00,100 גרם,false,0,10.80,5.40,true,1,
7290004128364,false,קרם גבינת שמנת 5% עם זיתים ירוקים 200 ג' תנובה,"תנובה, מחלבת תל יוסף",IL,גבינת שמנת זיתים,גרמים,200.00,100 גרם,false,0,10.80,5.40,true,1,
7290004128401,false,גבינת פטה כבשים במשק,תנובה חלב,IL,פטה פיראוס 20%,קילוגרמים,0.00,"ק""ג",true,0,107.00,107.00,true,1,
7290004128432,false,פתיתים מיוחדים לפיצה על בסיס גבינה 500 ג',תנובה - חלב,IL,פתיתי גבינה,גרמים,500.00,100 גרם,false,0,21.90,4.38,true,1,
7290004129101,false,גבינת שמנת 25% בטעם טבעי 225 ג' נפוליאון,תנובה מרכז שיתופי לש,IL,גבינת נפוליאון,גרמים,225.00,100 גרם,false,0,13.60,6.04,true,1,
7290004129118,false,גבינת שמנת 24% עם זיתים ירוקים 225 ג' נפוליאון,מחלבת אלון תבור,IL,גבינת נפוליאון,גרמים,225.00,100 גרם,false,0,13.60,6.04,true,1,
7290004129156,false,גבינת שמנת25% עם שום שמיר 225 ג' נפוליאון,תנובה מרכז שיתופי לש,IL,גבינת נפוליאון,גרמים,225.00,100 גרם,false,0,13.60,6.04,true,1,
7290004129545,false,גבינה למריחה 3% 250 גרם,מחלבת אלון תבור,IL,גבינה לבנה 3%,גרמים,250.00,100 גרם,false,0,4.60,1.84,true,1,
7290004129569,false,נפוליאון שום שמיר25%משקל,תנובה,IL,גבינת שמנת+שום,קילוגרמים,0.00,"ק""ג",true,0,35.00,35.00,true,1,
7290004129576,false,גבינת שמנת+זיתים24% משקל,תנובה,IL,גבינת שמנת,קילוגרמים,0.00,"ק""ג",true,0,35.00,35.00,true,1,
7290004129668,false,יופלה+מכסה פצפוצי שוק167,תנובה מרכז שיתופי לש,IL,יופלה+פצפוצי שוק,גרמים,167.00,100 גרם,false,0,5.30,3.17,true,1,
7290004129736,false,יופלה לבן מעודן 1.5% גביע 200 גרם,תנובה מרכז שיתופי לש,IL,יופלהלבן מעודן,גרמים,200.00,100 גרם,false,0,4.10,2.05,true,1,
7290004129767,false,"3% 'יופלה לבן מארז שמינייה 1.2 ק""ג",תנובה מרכז שיתופי לש,IL,יופלה לבן 3%,קילוגרמים,1.20,"ק""ג",false,0,17.90,14.92,true,1,
7290004129903,false,נפוליאון גב.שמנת25% משקל,קריות זול,IL,גבינת שמנת,קילוגרמים,0.00,"ק""ג",true,0,35.00,35.00,true,1,
7290004130695,false,משקאות חלב תנובה אייס קפה בבקבוק 1ל,תנובה מרכז שיתופי לש,IL,משקה אייס קפה,ליטרים,1.00,ליטר,false,0,10.00,10.00,true,1,
7290004130794,false,משקה סויה במתיקות מופחתת תנובה (1 ליטר),תנובה מרכז שיתופי לש,IL,משקה סויה,ליטרים,1.00,ליטר,false,0,9.90,9.90,true,1,
7290004130916,false,יוגורט יופלה פירות יער בשמנת 3% 150 גרם,תנובה מרכז שיתופי לש,IL,יופלה פירות יער,גרמים,150.00,100 גרם,false,0,5.00,3.33,true,1,
7290004131074,false,"חלב 1 ליטר 3% קרטון ""תנובה""- מוצר בפיקוח",תנובה מרכז שיתופי לש,IL,חלב בקרטון 3%,ליטרים,1.00,ליטר,false,0,5.75,5.75,true,1,
7290004131227,false,תנובה גבינה לבנה 3%,מחלבת אלון תבור,IL,גבינה לבנה 3%,גרמים,500.00,100 גרם,false,0,9.20,1.84,true,1,
7290004131296,false,חלב אורגני 3% בקרטון 1 ל,הרדוף,IL,חלב אורגני קרטון,ליטרים,1.00,ליטר,false,0,11.90,11.90,true,1,
7290004131432,false,יוגורט יופלה לבן ביו 3% 200 גרם,מיוצר עי קונדיטוריית,IL,יופלה לבן 3%,גרמים,200.00,100 גרם,false,0,3.80,1.90,true,1,
7290004131456,false,יוגורט ביו 1.5% שומן 200 ג' יופלה,מיוצר עי קונדיטוריית,IL,יופלה לבן 1.5%,גרמים,200.00,100 גרם,false,0,3.90,1.95,true,1,
7290004131531,false,שוקו 30% פחות תוספת סוכר תנובה (1 ליטר),פארייפאבה אגרואינדוס,IL,שוקו בקבוק,ליטרים,1.00,ליטר,false,0,10.00,10.00,true,1,
7290004131814,false,גבינת צפתית מעודנת (2005% גרם)פיראוס ת,פארייפאבה אגרואינדוס,IL,פיראוס צפתית5%,גרמים,200.00,100 גרם,false,0,15.50,7.75,true,1,
7290004132231,false,חלב פלוס לקפה 3.5% שומן,"תנובה, מחלבת רחובות",IL,חלב פלוס לקפה,מיליליטרים,800.00,"100 מ""ל",false,0,6.50,0.81,true,1,
7290004132507,false,יופלה+מכסה דגנים מצופה,תנובה מרכז שיתופי לש,IL,יופלה עם מכסה,גרמים,167.00,100 גרם,false,0,5.30,3.17,true,1,
7290004132514,false,משקה שוקו בננה בקבוק,פארייפאבה אגרואינדוס,IL,משקה שוק בננה,ליטרים,1.00,ליטר,false,0,10.00,10.00,true,1,
7290004132552,false,משקה סויה בטעם טבעי לייט תנובה 1 ליטר,תנובה מרכז שיתופי לש,IL,משקה סויה,ליטרים,1.00,ליטר,false,0,10.90,10.90,true,1,
7290004132606,false,"קרלו מעדן חלב בטעם וניל 2% תנובה 8*100 מ""ל",תנובה מרכז שיתופי לש,IL,קרלו וניל 8 יח',גרמים,800.00,100 גרם,false,0,13.20,1.65,true,1,
7290004132712,false,חטיף אצבעות גבינת מוצרלה 20% 172 ג' עמק,תנובה מרכז שיתופי לש,IL,חטיפי מוצרלה,גרמים,172.00,100 גרם,false,0,15.90,9.24,true,1,
7290004133108,false,יופלה לבן+מכסה גרנולה170,תנובה מרכז שיתופי לש,IL,יופלה עם מכסה,גרמים,170.00,100 גרם,false,0,5.30,3.12,true,1,
7290004133207,false,יופלה לבן 0% שומן 200גרם,מחלבת אלון תבור,IL,יופלה לבן 0%שומן,גרמים,200.00,100 גרם,false,0,3.80,1.90,true,1,
7290004133511,false,יופלה מאגדת לבן 1.5% מעודן 8 יח' * 150 ג',מיוצר עי קונדיטוריית,IL,יופלה מעודן 8 יח,קילוגרמים,1.20,"ק""ג",false,0,19.90,16.58,true,1,
7290004133627,false,חלב על הבוקר וניל 3% 1 ל,תנובה מרכז שיתופי לש,IL,חלב על הבוקר 3%,ליטרים,1.00,ליטר,false,0,7.90,7.90,true,1,
7290004133900,false,.השף הלבן קצפת צמחית 250 מל פרווה,תנובה בעמ ***,IL,קצפת צמחית,מיליליטרים,250.00,"100 מ""ל",false,0,9.00,3.60,true,1,
7290004134198,false,"משקה בננה בקבוק 250 מ""ל",תנובה,IL,משקה בננה בקבוק,מיליליטרים,250.00,"100 מ""ל",false,0,5.30,2.12,true,1,
7290004134945,false,יוגורט ביו 3% בטעם מוקה יופלה (150 גרם),תנובה מרכז שיתופי לש,IL,יופלה מוקה 3%,גרמים,150.00,100 גרם,false,0,5.00,3.33,true,1,
7290004134983,false,פרוסות גבינת עמק 5% 200ג,תנובה,IL,גבינת עמק 5%,גרמים,200.00,100 גרם,false,0,17.20,8.60,true,1,
7290004135058,false,שמיניית קרלו מיני שוקולד 100 גרם מהדרין,תנובה מרכז שיתופי לש,,קרלו שוקולד 8 יח,גרמים,800.00,100 גרם,false,0,13.20,1.65,true,1,
7290004135225,false,מעדן חלב דל קלוריות בטעם שוקולד 0.2שומ,תנובה מרכז שיתופי לש,IL,מעדן דיאט שוקולד,גרמים,150.00,100 גרם,false,0,3.90,2.60,true,1,
7290004135324,false,פיראוס בולגרית מע5%משקל,תנובה מרכז שיתופי לש,IL,פיראוס בולגרית,קילוגרמים,0.00,"ק""ג",true,0,49.00,49.00,true,1,
7290004135614,false,גבינה בולגרית מעודנת 5% פיראוס 250 גרם,"תנובה בע""מ ***",IL,בולגרית פיראוס5%,גרמים,250.00,100 גרם,false,0,17.90,7.16,true,1,
7290004135621,false,בולג. מעוד.פיראוס 2503%ג,תנובה,IL,בולגרית פיראוס3%,גרמים,250.00,100 גרם,false,0,17.90,7.16,true,1,
7290004136130,false,"שוקו תנובה בקבוק 340 מ""ל",תנובה,IL,שוקו תנובה בקבוק,מיליליטרים,340.00,"100 מ""ל",false,0,6.30,1.85,true,1,
7290004136154,false,"משקה חלב אייס קפה תנובה בבקבוק 340 מ""ל",גוד פוד פרודקטס S.p,IL,משקה אייס קפה,מיליליטרים,340.00,"100 מ""ל",false,0,6.50,1.91,true,1,
7290004136192,false,מילק שייק פונץ בננה 250מ,תנובה,IL,מילק שייק פונץ,מיליליטרים,250.00,"100 מ""ל",false,0,5.90,2.36,true,1,
7290004136598,false,מארז הפסקת אוכל עם קורנפלקס ומשקה חלב עמיד בטעם וניל,פארייפאבה אגרואינדוס,IL,חלב עם דגנים,יחידה,1.00,יחידה,false,0,9.20,9.20,true,1,
7290004136857,false,מעדן ג`לי בטעם פטל תנובה (125 גרם),תנובה מרכז שיתופי לש,IL,מעדן ג'לי פטל,גרמים,125.00,100 גרם,false,0,2.30,1.84,true,1,
7290004136864,false,מעדן ג'לי בטעם אננס עם חתיכות תנובה 125 גרם,תנובה בעמ ***,IL,מעדן ג'לי אננס,גרמים,125.00,100 גרם,false,0,2.80,2.24,true,1,
7290004136871,false,מעדן ג'לי בטעם אפרסק עם חתיכות תנובה 125 גרם,תנובה מרכז שיתופי לש,,מעדן ג'לי אפרסק,גרמים,125.00,100 גרם,false,0,2.80,2.24,true,1,
7290004137021,false,"שמנת עמידה לבישול מופחת שומן 10% השף הלבן 250 מ""ל",תנובה מרכז שיתופי לש,IL,שמנת לבישול10%,מיליליטרים,250.00,"100 מ""ל",false,0,8.10,3.24,true,1,
7290004137311,false,גבינה צהובה מופחתת שומן 9% עמק (400 גרם),"תנובה בע""מ ***",IL,גבינת עמק לייט,גרמים,400.00,100 גרם,false,0,29.80,7.45,true,1,
7290004137809,false,לאבנה אסלית 5% גביע (250 גרם)פיראוס תנו,"תנובה, מחלבת אלון תב",IL,לבנה פיראוס5%,גרמים,250.00,100 גרם,false,0,12.50,5.00,true,1,
7290004165017,false,"רסק תפו""ע 600 גרם טבעי ללא סוכר יכין",ב ספירת מלאי,IL,"רסק תפו""ע דיאט",גרמים,560.00,100 גרם,false,0,5.90,1.05,true,1,
7290004199173,false,כפפות לטקס איזי טאצ 100 יח מדיום,הדקלאים אגודת שיתופי,TH,כפפות לטקס M,יחידה,1.00,יחידה,false,0,25.90,25.90,true,1,
7290004219277,false,אנשובי ארוך בצנצנת ויליפוד 80 גרם,ג.וילי פוד אינטרנשיונל בעמ,ES,פילה אנשובי,גרמים,80.00,100 גרם,false,0,12.90,16.13,true,1,
7290004219826,false,מלבין קפה הולנדי קומפלטה 400ג',ג. וילי-פוד אינטרנשיונל בע`מ,IL,מלבין קפה קומפלט,גרמים,400.00,100 גרם,false,0,19.70,4.93,true,1,
7290004225278,false,בסגנון דנבלו 28% במשקל,נטו מלינדה סיימן,IL,בסגנון דנבלו,קילוגרמים,0.00,"ק""ג",true,0,69.00,69.00,true,1,
7290004225285,false,גבינה בסגנון דנאבלו 100 גר,האי נאם סי או אל.טי.,DK,בסגנון דנאבלו,גרמים,100.00,100 גרם,false,0,10.00,10.00,true,1,
7290004225537,false,אנטריקוט מעובד מופשר קג,אלגרצ'ו,IL,אנטרי מעובדמופשר,קילוגרמים,0.00,"ק""ג",true,0,99.90,99.90,true,1,
7290004225872,false,קרם קוקוס ויליגר 400 גרם,טקרנג פינאפלה אינדוס,IL,קרם קוקוס ויליגר,מיליליטרים,400.00,"100 מ""ל",false,0,5.90,1.48,true,1,
7290004230074,false,קציצות דג ברוטב עגבניות שגב קפוא,אף.סי תבליני בגליל ב,IL,קציצות דג ברוטב,גרמים,800.00,100 גרם,false,0,34.60,4.33,true,1,
7290004230081,false,קציצות עוף ברוטב עגבניות שגב 800 גרם,"טיבון ויל אחזקות בע""\מ",IL,קציצות עוף ברוטב,גרמים,800.00,100 גרם,false,0,34.60,4.33,true,1,
7290004230265,false,שוארמה מזרחית שגב 500גרם,טיבון ויל,IL,שוארמה מזרחית,גרמים,500.00,100 גרם,false,1,39.60,7.92,true,1,
7290004230333,false,מקלות בורקס פילו תפ`א 600 גר` שגב קפוא,האי נאם סי או אל.טי.,IL,מקלות בורקס פילו,גרמים,600.00,100 גרם,false,0,20.90,3.48,true,1,
7290004230340,false,מקלות בורקס פילו תרד ובצל 600 גר` שגב,האי נאם סי או אל.טי.,IL,מקלות בורקס פילו,גרמים,600.00,100 גרם,false,0,20.90,3.48,true,1,
7290004234218,false,ברווז טרי ארוז,"נטו מלינדה סחר בע""מ",IL,ברווז שלם,קילוגרמים,0.00,"ק""ג",true,0,39.60,39.60,true,1,
7290004263027,false,קבב בקר בית יוסף 500 גרם,טיבון ויל אחזקות בעמ,IL,קבב בקר ב.יוסף,גרמים,500.00,100 גרם,false,0,19.90,3.98,true,1,
7290004263034,false,בורגר חלק קפוא למהדרין עטרה 500 גרם,טיבון ויל אחזקות בעמ,IL,המבורגר עטרה,גרמים,500.00,100 גרם,false,0,19.90,3.98,true,1,
7290004269890,false,עוגת בראוניס עשירה 380גר,לחמי,IL,עוגת בראוניס,גרמים,380.00,100 גרם,false,0,18.70,4.92,true,1,
7290004323882,false,טחון הודו אדום מתובל,"טיבון ויל אחזקות בע""\מ",IL,טחון הודו,גרמים,500.00,100 גרם,false,0,14.90,2.98,true,1,
7290004324605,false,גבינה מותכת למריחה בטעם רוקפור 7% מון בלאן 120 ג',נטו מילנדה סחר בעמ*,IL,גבינת מון בלאן7%,גרמים,120.00,100 גרם,false,0,10.00,8.33,true,1,
7290004324858,false,קבב כבש טיבון ויל 500 גרם,"טיבון ויל אחזקות בע""",IL,קבב בטעם כבש,גרמים,500.00,100 גרם,false,0,19.90,3.98,true,1,
7290004339401,false,המבורגר אורז עדשים 400גרם טבע דלי,טבע דלי,IL,המבורגר אורז,גרמים,400.00,100 גרם,false,0,23.50,5.88,true,1,
7290004339425,false,שווארמה מהצומח 350 גרם טבע דלי,טבע דלי בעמ,IL,שווארמה מן הצומח,גרמים,350.00,100 גרם,false,0,23.50,6.71,true,1,
7290004339548,false,נקניק פפרוני,,,נקניק פפרוני,גרמים,400.00,100 גרם,false,0,23.50,5.88,true,1,
7290004339555,false,נקניק קבנוס,,,נקניק קבנוס,גרמים,400.00,100 גרם,false,0,23.50,5.88,true,1,
7290004339647,false,סייטן מסורתי,,IL,סייטן מסורתי,גרמים,350.00,100 גרם,false,0,18.50,5.29,true,1,
7290004339777,false,סייטן טחון בולונז 350 גרם טבע דלי,טבע דלי,IL,סייטן בולונז,גרמים,350.00,100 גרם,false,0,23.50,6.71,true,1,
7290004339784,false,המבורגר ניו יורק על האש 400 גרם טבע דלי,טבע דלי,IL,המבורגר מהצומח,גרמים,400.00,100 גרם,false,0,23.50,5.88,true,1,
7290004339999,false,טבע דלי סייטן אמרנט שניצלונים 400גר,טבע דלי,IL,סייטן אמרנט,גרמים,400.00,100 גרם,false,1,27.90,6.98,true,1,
7290004423353,false,משקה פריגת תפוחים 1.5 ל',מבשלות בירה בינלאומיות ב,IL,פריגת תפוחים,ליטרים,1.50,ליטר,false,0,6.50,4.33,true,1,
7290004485757,false,טבעוף שלם טרי ארוז קג,טבעוף,IL,טבעוף שלם טרי,קילוגרמים,0.00,"ק""ג",true,1,26.90,26.90,true,1,
7290004485764,false,חזה טבעוף טרי ארוז קג,טבעוף,IL,חזה טבעוף טרי,קילוגרמים,0.00,"ק""ג",true,1,44.90,44.90,true,1,
7290004485771,false,פילה טבעוף טרי ארוז קג,טבעוף,IL,פילה טבעוף טרי,קילוגרמים,0.00,"ק""ג",true,1,49.90,49.90,true,1,
7290004485788,false,שניצל טבעוף טרי ארוז קג,טבעוף,IL,שניצל טבעוף טרי,קילוגרמים,0.00,"ק""ג",true,1,46.90,46.90,true,1,
7290004485795,false,סטייק פרגית טבעוף טרי קג,טבעוף,IL,סטייק פרגית טרי,קילוגרמים,0.00,"ק""ג",true,1,74.90,74.90,true,1,
7290004485801,false,כרעיים טבעוף טרי ארוז קג,טבעוף,IL,כרעיים טבעוף טרי,קילוגרמים,0.00,"ק""ג",true,1,39.90,39.90,true,1,
7290004485818,false,שוקיים טבעוף טרי ארוז קג,טבעוף,IL,שוקיים טבעוף טרי,קילוגרמים,0.00,"ק""ג",true,1,44.90,44.90,true,1,
7290004485825,false,ירכיים טבעוף טרי ארוז קג,טבעוף,IL,ירכיים טבעוף טרי,קילוגרמים,0.00,"ק""ג",true,1,39.90,39.90,true,1,
7290004485832,false,כנפיים טבעוף טרי ארוז,טבעוף,IL,כנפיים טבעוף טרי,קילוגרמים,0.00,"ק""ג",true,1,14.90,14.90,true,1,
7290004485849,false,לב טבעוף טרי ארוז קג,טבעוף,IL,לב טבעוף טרי,קילוגרמים,0.00,"ק""ג",true,1,29.90,29.90,true,1,
7290004485856,false,כבד טבעוף טרי ארוז קג,טבעוף,IL,כבד טבעוף טרי,קילוגרמים,0.00,"ק""ג",true,1,29.90,29.90,true,1,
7290004492274,false,בייגלה טבעות מלוחות בייגל בייגל 400 גרם,"יוניליוור ישראל שיווק בע""מ",IL,בייגלה טבעות,גרמים,400.00,100 גרם,false,0,7.90,1.98,true,1,
7290004492311,false,בייגלה שמיניות לל.מלח400,יוניליוור,IL,בייגלה גדול,גרמים,400.00,100 גרם,false,0,10.00,2.50,true,1,
7290004492342,false,נישנושים קוקטייל מלח350ג,גוצ'מולר,IL,נישנושים מלוח,גרמים,350.00,100 גרם,false,0,12.90,3.69,true,1,
7290004492755,false,נישנושים בצל שמנת 300גרם,גוצ'מולר,IL,נישנושים בצל,גרמים,300.00,100 גרם,false,0,12.70,4.23,true,1,
7290004492762,false,"נשנושים תירס אפוי טעם טבעי בייגל בייגל 325 גרם בד""צ",יוניליוור ישראל שיווק בע`מ,IL,נישנושים תירס,גרמים,325.00,100 גרם,false,0,12.70,3.91,true,1,
7290004492816,false,נישנושים מלוח 350 גרם,בייגל את בייגל מזון 198),IL,נישנושי קרקר,גרמים,350.00,100 גרם,false,0,12.90,3.69,true,1,
7290004492823,false,נישנושים שומשום 350 גרם,בייגל את בייגל מזון 198),IL,נישנושים שומשום,גרמים,350.00,100 גרם,false,0,12.90,3.69,true,1,
7290004492854,false,נישנושים קוקט.שומשום350ג,גוצ'מולר,IL,נישנושים,גרמים,350.00,100 גרם,false,0,12.90,3.69,true,1,
7290004504137,false,קרואסון ביס חמאה פרימיום,גידרון,IL,קרואסון ביס חמאה,קילוגרמים,0.00,"ק""ג",true,1,49.00,49.00,true,1,
7290004504342,false,עוגת מאפין פירות יער 380,.,IL,עוגת מאפין,גרמים,380.00,100 גרם,false,1,20.90,5.50,true,1,
7290004532598,false,פלאפל דביאל 230 גרם,קטיף,IL,פלאפל דבאיל,גרמים,230.00,100 גרם,false,0,15.80,6.87,true,1,
7290004536022,false,ספונטקס - כפפות זוג מס' 7,ספונטקס,FR,כפפות ספונטקס,יחידה,1.00,יחידה,false,0,6.70,6.70,true,1,
7290004584306,false,רבעיית גמדים בטעם תות בננה * 100 ג' שטראוס,שטראוס גרופ בעמ/מצונן,IL,סופר גמדים 4 יח,גרמים,400.00,100 גרם,false,0,11.50,2.88,true,1,
7290004584351,false,גבינה לבנה סימפוניה עם תוספות 200 ג' חמישית 200,שטראוס גרופ בעמ/מצונן,IL,גבינת סימפוניה,גרמים,200.00,100 גרם,false,0,10.90,5.45,true,1,
7290004584528,false,יוגורט דנונה ביו לבן 1.7% שומן 200 גרם,שטראוס גרופ בעמ/מצונן,IL,יוגורט ביו 1.7%,גרמים,200.00,100 גרם,false,0,3.60,1.80,true,1,
7290004585907,false,דני ועדן וניל 1.5% 125ג' שטראוס,שטראוס גרופ בעמ/מצונן,IL,דני וניל 1.5%,גרמים,125.00,100 גרם,false,0,2.60,2.08,true,1,
7290004586171,false,תירוש אדום 650מל כרמ,יקבי כרמל,,תירוש אדום,מיליליטרים,650.00,"100 מ""ל",false,0,12.90,1.98,true,1,
7290004639006,false,קוסקוס תונסאי קפוא מטעמי פאר (800 גרם),מטעמי פאר (א.מ.נ) בעמ,IL,קוסקוס מוקפא,גרמים,800.00,100 גרם,false,0,15.80,1.98,true,1,
7290004658625,false,מיץ ענבים תירוש אדום 1ל',יקבי כרמל,IL,מיץ תירוש אדום,ליטרים,1.00,ליטר,false,0,17.80,17.80,true,1,
7290004658960,false,יין אמרלד ריזלינג פרייבט קולקשן יקבי כרמל,אגודת הכורמים הקואופרטיב,IL,אמרלד ריזלינג,מיליליטרים,750.00,"100 מ""ל",false,0,32.30,4.31,true,1,
7290004685010,false,לחם 100% שיפון פלוס לחם הארץ 500 גר',מאפית י את א ברמן בע,IL,לחם שיפון קל,גרמים,500.00,100 גרם,false,0,15.50,3.10,true,1,
7290004685027,false,לחם חיטה מלאה פלוס לחם הארץ 500 גרם,מאפית י את א ברמן בע,IL,לחם מחיטה מלא קל,גרמים,500.00,100 גרם,false,0,15.50,3.10,true,1,
7290004685041,false,לחם הארץ חיטה מלאה750גרם,מאפית י.את א. ברמן ב,IL,לחם חיטה מלאה,גרמים,750.00,100 גרם,false,0,15.50,2.07,true,1,
7290004685089,false,לחם הארץ לחם חמניות 500 גר',מאפית י את א ברמן בע,IL,לחם חמניות,גרמים,500.00,100 גרם,false,0,15.50,3.10,true,1,
7290004685126,false,לחם 5 דגנים פרוס לחם הארץ (750 גרם),מאפית י את א ברמן בע,IL,לחם הארץ 5 דגנים,גרמים,750.00,100 גרם,false,0,15.50,2.07,true,1,
7290004685133,false,לחם הארץ קל 750 גרם,מאפית ברמן,IL,לחם הארץ קל,גרמים,750.00,100 גרם,false,0,15.50,2.07,true,1,
7290004685140,false,לחם הארץ שיפון 750 גרם,י.את א. ברמן בעמ,IL,לחם שיפון,גרמים,750.00,100 גרם,false,0,15.50,2.07,true,1,
7290004685157,false,לחם שיפון 100% פרוס לחם הארץ (750 גרם),מאפית י את א ברמן בע,IL,לחם שיפון פרוס,גרמים,750.00,100 גרם,false,0,15.50,2.07,true,1,
7290004685195,false,לחם 10 דגנים פרוס לחם הארץ (750 גרם),מאפית י את א ברמן בע,IL,לחם 10 דגנים,גרמים,750.00,100 גרם,false,0,15.50,2.07,true,1,
7290004685201,false,לחם הארץ שיפון אגוזים500,מאפית י את א ברמן בע,IL,לחם שיפון אגוזים,גרמים,500.00,100 גרם,false,0,15.50,3.10,true,1,
7290004685225,false,לחם פומפרניקל פרוס לחם הארץ (750 גרם),מאפית י את א ברמן בע,IL,לחם פומפרניקל,גרמים,750.00,100 גרם,false,0,15.50,2.07,true,1,
7290004685232,false,לחם שאור ללא שמרים 750גר,מאפית י.את א. ברמן ב,IL,לחם הארץ שאור,גרמים,750.00,100 גרם,false,0,15.50,2.07,true,1,
7290004685430,false,100% לחם כומסין 500 גר לחם הארץ,מאפית י את א ברמן בע,IL,לחם הארץ כוסמין,גרמים,500.00,100 גרם,false,1,15.50,3.10,true,1,
7290004725600,false,גבינה סקנדינבית31% משקל,תנובה חלב,IL,גבינה סקנדינבית,קילוגרמים,0.00,"ק""ג",true,1,73.00,73.00,true,1,
7290004731076,false,אל סבון נוזלי עם אלוורה כיף 1 ליטר,החברה הדרומית לשיווק בעמ,IL,אל סבון כיף,ליטרים,1.00,ליטר,false,0,10.00,10.00,true,1,
7290004731090,false,אל סבון נוזלי קמומיל כיף (1 ליטר),החברה הדרומית לשיווק בעמ,IL,אל סבון כיף,ליטרים,1.00,ליטר,false,0,10.00,10.00,true,1,
7290004731298,false,קרמה ספא אלסבון וניל500מ,קוסמופארם,IL,קרמה ספא אלסבו,מיליליטרים,500.00,"100 מ""ל",false,0,10.00,2.00,true,1,
7290004731472,false,"אל סבון צבעוני כיף שלישיה* 500 מ""ל",החברה הדרומית לשיווק בעמ,IL,אלסבון כיף 3 יח,ליטרים,1.50,ליטר,false,0,15.90,10.60,true,1,
7290004731670,false,"מטהר אוויר דואופרש פצ'ולי לבנדר סנו 300 מ""ל",החברה הדרומית לשיווק בעמ,IL,סנו דואו פרש,מיליליטרים,300.00,"100 מ""ל",false,0,10.90,3.63,true,1,
7290004731816,false,סנו סושי מגבות הפלא למטבח 8 גלילים,סנו מפעלי ברונוס בעמ,,מגבות הפלא,מטרים,84.00,מטר,false,0,10.90,0.13,true,1,
7290004737443,false,קוקטייל 5 פירות קלאסי 820 גר`,ג.וילי פוד אינטרנשיונל בעמ,CN,קוקטייל פירות,גרמים,820.00,100 גרם,false,0,7.90,0.96,true,1,
7290004737955,false,ממרח חמאה לורפאק במש,ג.וילי-פוד אינטרנשיונל **גבינו,,ממרח חמאה,קילוגרמים,0.00,"ק""ג",true,0,37.70,37.70,true,1,
7290004810009,false,דאק לאסלה ניחוח הדרים זו,ג'ונסון,NL,דאק לאסלה זוג,ליטרים,1.50,ליטר,false,0,17.90,11.93,true,1,
7290004842833,false,סלט סלמון נורבגי במשקל,מעדני מיקי,IL,סלט סלמון,קילוגרמים,0.00,"ק""ג",true,0,44.00,44.00,true,1,
7290004861025,false,גבינה בולגרית 5% במשקל,"מחלבת המושבה בע""מ",IL,גבינה בולגרית,קילוגרמים,0.00,"ק""ג",true,0,55.00,55.00,true,1,
7290004861056,false,צפתית/ברינזה 5% המוש,"מחלבת המושבה בע""מ",IL,גבינה צפתית 5%,קילוגרמים,0.00,"ק""ג",true,0,55.00,55.00,true,1,
7290004861063,false,גבינת קש המושבה במשק,מחלבת המושבה בעמ`,IL,גבינת קאש 9%,קילוגרמים,0.00,"ק""ג",true,0,47.00,47.00,true,1,
7290004861285,false,גבינה טבורוג המושבה,"מחלבת המושבה בע""מ",IL,טבורוג טבעי 9%,קילוגרמים,0.00,"ק""ג",true,0,35.00,35.00,true,1,
7290004861445,false,כדורי לבנה בזעתר במשקל,מחלבות המושבה בעמ,IL,כדורי לבנה,קילוגרמים,0.00,"ק""ג",true,0,99.00,99.00,true,1,
7290004923099,false,שישיית מים עין גדי 2 ליטר,עין גדי מיים מינרלים,IL,מים עין גדי 6 יח,ליטרים,12.00,ליטר,false,0,11.50,0.96,true,1,
7290004952075,false,חלבה אורגנית שומשום מלא 300 גר,הרדוף,IL,חלבה אורגנית מלא,גרמים,300.00,100 גרם,false,0,16.80,5.60,true,1,
7290004952778,false,טופו מפולי סויה אורגני הרדוף 300 גר,כפר בריא בעמ,IL,טופו אורגני,גרמים,300.00,100 גרם,false,0,14.40,4.80,true,1,
7290004982393,false,גבינה ברס בלו במשקל1,בונגראן,FR,גבינת ברס בלו,קילוגרמים,0.00,"ק""ג",true,0,109.00,109.00,true,1,
7290005008184,false,"סבון נוזלי בניחוח חלב שקדים פלמוליב 500 מ""ל",הנסיך- מפעל לייצור ט,IT,סב.נוזלי פלמול,מיליליטרים,500.00,"100 מ""ל",false,0,13.90,2.78,true,1,
7290005008481,false,ספיד סטיק - דאודורנט ג'ל לגבר ספורט 85 גרם,הנסיך- מפעל לייצור ט,US,דאודורנט,גרמים,85.00,100 גרם,false,0,21.90,25.76,true,1,
7290005068058,false,תירס קל מופחת קלוריות 550 ג' פרי הגליל,ויטה- פרי גליל (החדשה) בעמ,IL,תירס קל,גרמים,550.00,100 גרם,false,0,7.70,1.40,true,1,
7290005079221,false,בולגרית מעודנת5% משקל,החברה המרכזית טלהפצת משקאות בע,IL,בולגרית מעודנת5%,קילוגרמים,0.00,"ק""ג",true,0,40.00,40.00,true,1,
7290005079238,false,פטה עיזים מעודנת16% משקל,מחלבת משק צוריאל,IL,פטה עיזים מעודנת,קילוגרמים,0.00,"ק""ג",true,0,99.00,99.00,true,1,
7290005079290,false,גבנצ 15% נעם חריץ מעדנייה,החב` המרכזית - טרה,IL,גב.צהובה נעם15%,קילוגרמים,0.00,"ק""ג",true,1,63.00,63.00,true,1,
7290005079320,false,בולגרית גלילית 24% במשקל,החברה המרכזית טלהפצת משקאות בע,IL,גבינה בולגרית,קילוגרמים,0.00,"ק""ג",true,1,45.00,45.00,true,1,
7290005079412,false,גבינה אמנטל נעם 30% משקל,החברה המרכזית טלהפצת משקאות בע,IL,גבינת אמנטל,קילוגרמים,0.00,"ק""ג",true,1,59.00,59.00,true,1,
7290005082962,false,פרצלס 80 גרם,גידרון,IL,פרצלס,גרמים,80.00,100 גרם,false,0,5.00,6.25,true,1,
7290005082979,false,חלת דגנים קלועה 560 גרם,"גידרון תעשיות בע""מ",IL,חלת דגנים קלועה,גרמים,560.00,100 גרם,false,0,11.90,2.13,true,1,
7290005084355,false,סנסודין משחת שיניים דואל קר פלואוריד 75,גלקסו סמית קליין,GB,משחת שיניים,מיליליטרים,75.00,"100 מ""ל",false,0,17.90,23.87,true,1,
7290005113222,false,זיתים קוקטייל וגמבה יבנה 350ג',קבוצת יבנה מוצרי מזון אגודה שי,IL,מיקס זיתים,גרמים,340.00,100 גרם,false,0,9.30,2.74,true,1,
7290005174513,false,חציל על האש במיונז אחלה 400 גרם+225גר,שטראוס גרופ בעמ/מצונן,IL,סלט חציל מיונז,גרמים,500.00,100 גרם,false,0,15.90,3.18,true,1,
7290005174551,false,סלט חומוס עם צנוברים 125 ג' אחלה,שטראוס גרופ בעמ/מצונן,IL,חומוס יום יום,גרמים,125.00,100 גרם,false,0,4.90,3.92,true,1,
7290005174568,false,אחלה יום יום חצילים במיונז 125 גרם,שטראוס גרופ בעמ/מצונן,IL,חציל במיונז אחלה,גרמים,125.00,100 גרם,false,0,4.90,3.92,true,1,
7290005174575,false,טחינה אחלה יום יום משובחת 125ג',שטראוס גרופ בעמ/מצונן,IL,טחינה יום יום,גרמים,125.00,100 גרם,false,0,4.90,3.92,true,1,
7290005174841,false,חצילים טעם כבד יום 125גר,שטראוס גרופ בעמ/מצונן,IL,חציל בטעם כבד,גרמים,125.00,100 גרם,false,0,4.90,3.92,true,1,
7290005191602,false,משקה סויה-סידן 3יח250X'ג,אלפרו,IL,משקה סויה 3 יח',מיליליטרים,750.00,"100 מ""ל",false,0,13.70,1.83,true,1,
7290005197628,false,שוקולד חלב פרה 100*6 גרם,"שטראוס גרופ בע""\מ.",IL,שוקולד חלב 6 יח,גרמים,600.00,100 גרם,false,0,24.90,4.15,true,1,
7290005197635,false,שוקולד מריר פרה 100*6 גר,STRAUSS-ISRAEL,IL,שוקולד מריר 6 יח,גרמים,600.00,100 גרם,false,0,24.90,4.15,true,1,
7290005199622,false,ביסקויט עד חצות שוקו,STRAUSS-ISRAEL,IL,עד חצות מריר,גרמים,200.00,100 גרם,false,0,12.90,6.45,true,1,
7290005200786,false,תפוצ'יפס בטעם שמנת בצל עלית 50 גרם,"שטראוס פריטו ליי בע""\מ )",IL,תפוצ'יפס שמנת,גרמים,50.00,100 גרם,false,0,3.90,7.80,true,1,
7290005200908,false,שוק.פרה עם ביסקוויט 100ג,מיוצר עי קונדיטוריית,IL,שוקולד+ביסקויט,גרמים,100.00,100 גרם,false,0,5.90,5.90,true,1,
7290005201455,false,קפה נמס מגורען ארומה קלאסי עלית 200 גרם,שטראוס גרופ בע`מ,IL,קפה נמס ארומה,גרמים,200.00,100 גרם,false,0,21.90,10.95,true,1,
7290005201882,false,קפה טורקי בצלופן עלית 200 גרם,הנסיך- מפעל לייצור ט,IL,קפה טורקי בצלופן,גרמים,200.00,100 גרם,false,0,15.90,7.95,true,1,
7290005287077,false,טונה בשמן צמחי 110*4 גרם,סטארקיסט,IL,טונה סטארקיסט4יח,גרמים,440.00,100 גרם,false,0,25.50,5.80,true,1,
7290005287206,false,רביעיית טונה בשמן סטארקיסט 160 גרם,דיפלומט מפיצים (1968) בעמ**,IL,טונה סטארקיסט4יח,גרמים,640.00,100 גרם,false,0,24.90,3.89,true,1,
7290005287251,false,רביעיית טונה במים סטארקיסט 160 גרם,דיפלומט מפיצים (1968) בעמ**,IL,טונה סטארקיסט4יח,גרמים,640.00,100 גרם,false,0,24.90,3.89,true,1,
7290005287527,false,"סטארקיסט טונה בשמן עם לימון 160 גרם בד""צ",סטארקיסט דיפלומט היינץ,IL,טונה עם לימון,גרמים,160.00,100 גרם,false,0,7.90,4.94,true,1,
7290005287602,false,טונה סטארכיסט בשמן קנולה 160 גר`בדצ עד,סטארקיסט דיפלומט היינץ,IL,טונה סטארקיסט,גרמים,160.00,100 גרם,false,0,7.90,4.94,true,1,
7290005287657,false,"סטארקיסט ממרח טונה 160 גרם בד""צ",דיפלומט מפיצים (1968) בעמ**,IL,ממרח טונה,גרמים,160.00,100 גרם,false,0,7.50,4.69,true,1,
7290005287732,false,טונה5% +עשבי תיבול 160ג,סטארקיסט,IL,טונה+עשבי תיבול,גרמים,160.00,100 גרם,false,0,7.90,4.94,true,1,
7290005287749,false,סטארקיסט טונה 5% טבעי 160ג,סטארקיסט,IL,טונה 5%טעם טבעי,גרמים,160.00,100 גרם,false,0,7.90,4.94,true,1,
7290005287985,false,פילה סלמון מעושן 110 גרם,סטארקיסט,IL,פילה סלמון,גרמים,110.00,100 גרם,false,0,17.00,15.45,true,1,
7290005358340,false,בשר מס. 5 מוכשרקפוא,שונות,XX,בשר מס5.,גרמים,0.00,"ק""ג",true,0,64.90,64.90,true,1,
7290005384868,false,בסיגנון דנאבלו 29% במשקל,,IL,בסיגנון דנאבלו,קילוגרמים,0.00,"ק""ג",true,0,74.00,74.00,true,1,
7290005384899,false,פטינה ים תיכונית בסג,וילי פוד,IL,בסגנון פטה 21%,קילוגרמים,0.00,"ק""ג",true,0,30.00,30.00,true,1,
7290005416019,false,חלב עיזים מלא 3% 1 ל' מחלבת טל,"ל.ד בר אל בע""מ",IL,חלב עיזים טל,ליטרים,1.00,ליטר,false,0,15.80,15.80,true,1,
7290005416095,false,מחלבת טל גבינת עיזים טבעית 5% 200ג,"ל.ד בר אל בע""מ",IL,גבינת עזים 5% טל 200 גרם,גרמים,200.00,100 גרם,false,0,15.00,7.50,true,1,
7290005416279,false,מחלבת טל יוגורט עיזים בטעם פירות יער 500מל,"ל.ד בר אל בע""מ",IL,יוגורט עיזים,מיליליטרים,500.00,"100 מ""ל",false,0,15.40,3.08,true,1,
7290005418716,false,"קרם לחות לבניית תלתלים עגולים נטורל פורמולה 400 מ""ל",החברה הדרומית לשיווק בעמ,,קרם לחות לשיער,מיליליטרים,400.00,"100 מ""ל",false,0,21.80,5.45,true,1,
7290005423253,false,"סנו - מקסימה מרסס למייבש כביסה אולטרה פרש 750 מ""ל",החברה הדרומית לשיווק בעמ,IL,מקסימה למייבש,מיליליטרים,750.00,"100 מ""ל",false,0,16.30,2.17,true,1,
7290005423420,false,משמיד עש מבושם סנו 2 יחידות,טרופיקל דגיל תעשיות,IT,סנו משמיד עש,יחידה,1.00,יחידה,false,0,21.90,21.90,true,1,
7290005423482,false,"קרם לניקוי כיריים קרמיים סנו 300 מ""ל",מיוצר עי קונדיטוריית,IL,קרם ניקוי כיריים,מיליליטרים,300.00,"100 מ""ל",false,1,15.80,5.27,true,1,
7290005423499,false,"תרסיס לניקוי משטחי נירוסטה אירוסל סנו 500 מ""ל",החברה הדרומית לשיווק בעמ,IL,סנו נירוסטה,מיליליטרים,500.00,"100 מ""ל",false,0,19.70,3.94,true,1,
7290005423543,false,משחת שיניים מלבינה לבן אורביטול 145 גרם,טרופיקל דגיל קוסמטיק,IL,משחת שיניים,גרמים,145.00,100 גרם,false,0,7.90,5.45,true,1,
7290005423567,false,מטליות ניקוי רב שימושיות בגליל סנו סושי 40 יחידות,החברה הדרומית לשיווק בעמ,IL,מטליות לניקוי,יחידה,1.00,יחידה,false,0,20.20,20.20,true,1,
7290005423635,false,ריצפז נוזל רצפות דוחה תיקנים סנו 2 ליטר,החברה הדרומית לשיווק בעמ,IL,ריצפז דוחה חרקים,ליטרים,2.00,ליטר,false,0,21.90,10.95,true,1,
7290005423734,false,מרכך כביסה מרוכז אולטרא פרש סנו מקסימה 4 ליטר,החברה הדרומית לשיווק בעמ,IL,מרכך כביסה,ליטרים,4.00,ליטר,false,0,19.90,4.98,true,1,
7290005423833,false,פוליוויקס נוזל לניקוי פרקט סנו (2 ליטר).,החברה הדרומית לשיווק בעמ,IL,פוליויקס פרקט,ליטרים,2.00,ליטר,false,0,20.00,10.00,true,1,
7290005423871,false,שלישיית משחת שיניים מנטול אורביטול 145 גרם,טרופיקל דגיל תעשיות קוסמ,IL,משחת שיניים,גרמים,435.00,100 גרם,false,0,15.00,3.45,true,1,
7290005423888,false,אלסבון כיף שלישיה מעורב,טרופיקל דגיל תעשיות,IL,אל סבון כיף 3 יח,ליטרים,1.50,ליטר,false,0,15.90,10.60,true,1,
7290005423918,false,סנו - מקסימה מרכך כביסה היפואלרגני אלוורה 4 ליטר,החברה הדרומית לשיווק בעמ,IL,מרכך כביסה,ליטרים,4.00,ליטר,false,0,21.90,5.48,true,1,
7290005424694,false,"קרמה קלאסי - תחליב רחצה 750 מ""ל",טרופיקל דגיל תעשיות,IL,קרמה תחליב רחצה,מיליליטרים,750.00,"100 מ""ל",false,0,14.90,1.99,true,1,
7290005424847,false,"מפיות נייר 30*30 ס""מ סנו סושי 150 יחידות",החברה הדרומית לשיווק בעמ,IL,מפיות נשלפות,יחידה,1.00,יחידה,false,0,9.90,9.90,true,1,
7290005425073,false,"מטהר אויר בניחוח יסמין ועץ סאנדלווד סנו 300 מ""ל",החברה הדרומית לשיווק בעמ,IL,סנו דואו פרש,מיליליטרים,300.00,"100 מ""ל",false,0,10.90,3.63,true,1,
7290005425196,false,"מקסימה אבקת כביסה סנסיטיב סנו 2.5 ק""ג",החברה הדרומית לשיווק בעמ,IL,אבקת כביסה,קילוגרמים,2.50,"ק""ג",false,0,26.90,10.76,true,1,
7290005425585,false,מטליות לחות לניקוי רהיטים סנו 20 יחידות,"סנו מפעלי ברונוס בע""\מ",IL,סנו רהיט מטליות,יחידה,1.00,יחידה,false,0,17.00,17.00,true,1,
7290005425646,false,קליר נוזל לניקוי חלונות רב תכליתי סנו 1 ליטר,החברה הדרומית לשיווק בעמ,IL,סנוקליר 1 ליטר,ליטרים,1.00,ליטר,false,0,9.90,9.90,true,1,
7290005425912,false,אוקסיג'ן ג'ל להסרת כתמים עם חמצן פעיל סנו 4 ליטר,החברה הדרומית לשיווק בעמ,IL,ג'ל אוקסיג'ן 4ל',ליטרים,4.00,ליטר,false,0,30.00,7.50,true,1,
7290005425998,false,אל סבון בייבי כיף 1 ליטר,קוסמופארם,IL,אל סבון בייבי,ליטרים,1.00,ליטר,false,0,12.90,12.90,true,1,
7290005426193,false,ספוגית הפלא סנו סושי 6 יחידות,החברה הדרומית לשיווק בעמ,IL,ספוג סנו סושי,יחידה,1.00,יחידה,false,0,9.70,9.70,true,1,
7290005426360,false,קרמה תח.רחצה חלב ודבש750,קוסמופארם,IL,קרמה תחליב רחצ,מיליליטרים,750.00,"100 מ""ל",false,0,14.90,1.99,true,1,
7290005426568,false,"קרמה - קרם לחות לשיער רגיל 400 מ""ל",החברה הדרומית לשיווק בעמ,IL,קרם לחות קרמה,מיליליטרים,400.00,"100 מ""ל",false,0,16.90,4.23,true,1,
7290005426575,false,"קרמה לחות לשיער יבש ללא שטיפה 400 מ""ל",החברה הדרומית לשיווק בעמ,IL,קרם לחות קרמה,מיליליטרים,400.00,"100 מ""ל",false,0,16.90,4.23,true,1,
7290005426803,false,מקסימה מרכך כביסה פצ'ולי לבנדר סגול סנו 4 ליטר,החברה הדרומית לשיווק בעמ,IL,מרכך כביסה,ליטרים,4.00,ליטר,false,0,19.90,4.98,true,1,
7290005426865,false,אורביטול - משחת שיניים לילדים בטעם מסטיק 70 גרם,טרופיקל דגיל תעשיות קוסמ,IL,משחת שיניים,גרמים,70.00,100 גרם,false,0,6.90,9.86,true,1,
7290005426940,false,"סנו K-300 מדביר חרקים 475 מ""ל",טרופיקל דגיל תעשיות,IL,300-K פלוס,מיליליטרים,400.00,"100 מ""ל",false,0,19.90,4.98,true,1,
7290005426964,false,סנובון סבון לאסלה בניחוח אפרסק סנו 3 יחידות,החברה הדרומית לשיווק בעמ,IL,סנובון שלישיה,גרמים,150.00,100 גרם,false,0,15.00,10.00,true,1,
7290005426971,false,סנובון סבון לאסלה תפוח כחול סנו 3 יחידות,החברה הדרומית לשיווק בעמ,IL,סנובון שלישיה,גרמים,150.00,100 גרם,false,0,15.00,10.00,true,1,
7290005427107,false,סנו - סושי מגבות נייר הפלא 6 יחידות,החברה הדרומית לשיווק בעמ,IL,מגבות נייר סנו,מטרים,63.00,מטר,false,0,8.90,0.14,true,1,
7290005427497,false,מרכך כיף לשיער רגיל 750מ,קוסמופארם בע''מ,IL,מרכך כיף,מיליליטרים,750.00,"100 מ""ל",false,0,8.90,1.19,true,1,
7290005427503,false,מרכך כיף לשיער יבש 750מל,קוסמופארם,IL,מרכך כיף לשיער,מיליליטרים,750.00,"100 מ""ל",false,0,8.90,1.19,true,1,
7290005427541,false,תחליב רח.כיף חלב שקד750מ,קוסמופארם,IL,תחליב רחצה כיף,מיליליטרים,750.00,"100 מ""ל",false,0,8.90,1.19,true,1,
7290005427558,false,תחליב רח.כיף חלב ודבש750,קוסמופארם,IL,תחליב רחצה כיף,מיליליטרים,750.00,"100 מ""ל",false,0,8.90,1.19,true,1,
7290005427565,false,שמפו כיף לשיער רגיל 750מ,קוסמופארם,IL,שמפו כיף,מיליליטרים,750.00,"100 מ""ל",false,0,8.90,1.19,true,1,
7290005427787,false,"קרמה - קרם לחות לשיער מתולתל 400 מ""ל",החברה הדרומית לשיווק בעמ,IL,קרם לשיער קרמה,מיליליטרים,400.00,"100 מ""ל",false,0,16.90,4.23,true,1,
7290005427947,false,"קרמה ק.גוף פסיפלורה 500 מ""ל",החב הדרומית לשיווק,IL,קרם גוף קרמה,גרמים,500.00,100 גרם,false,0,19.90,3.98,true,1,
7290005427978,false,"תחליב רחצה לפנים פילינג קרמה 180 מ""ל",החברה הדרומית לשיווק בעמ,IL,תחליב רחצה לפנים,מיליליטרים,180.00,"100 מ""ל",false,0,9.90,5.50,true,1,
7290005427985,false,"קרמה תחליב רחצה לפנים בתוספת גרגירי פילינג 180 מ""ל",גוד פוד פרודקטס S.p,IL,ת.רחצה לפנים+ג,מיליליטרים,180.00,"100 מ""ל",false,0,9.90,5.50,true,1,
7290005428852,false,ממחטות טישו צבעוניים סנו סופט 5 יח' *100דף,החברה הדרומית לשיווק בעמ,IL,מגבוני סנו סופט,יחידה,1.00,יחידה,false,0,12.90,12.90,true,1,
7290005428982,false,בייבי כיף ק.גוף תינוק500,קוסמופארם,IL,קרם גוף לתינוק,מיליליטרים,500.00,"100 מ""ל",false,0,22.90,4.58,true,1,
7290005429286,false,"אבקת כביסה ביו סנו מקסימה 6 ק""ג",החברה הדרומית לשיווק בעמ,IL,אבקת מקסימה קומפקט ביו6ק,קילוגרמים,6.00,"ק""ג",false,0,49.90,8.32,true,1,
7290005430602,false,"סנו אוקסיג'ן ספריי להסרת כתמים עם חמצן פעיל 750 מ""ל",החברה הדרומית לשיווק בעמ,IL,אוקסיג'ן מ.כתמים,מיליליטרים,750.00,"100 מ""ל",false,0,17.90,2.39,true,1,
7290005431364,false,עוגת גבינה פירורים ע,,IL,עוגת גבינה 2 יח,גרמים,184.00,100 גרם,false,0,12.80,6.96,true,1,
7290005431401,false,זוג בוואריה פרווה75*2ג,תנובה,IL,בוואריה פרווה2יח,גרמים,150.00,100 גרם,false,0,10.00,6.67,true,1,
7290005431593,false,מעדן קינוחים קדאיף ע,,IL,קדאיף 2 יחידות,גרמים,172.00,100 גרם,false,0,12.80,7.44,true,1,
7290005431630,false,עוגת גב.פירור לייט150*2ג,תנובה,IL,עוגת גבינה 2 יח,גרמים,300.00,100 גרם,false,1,12.80,4.27,true,1,
7290005477669,false,סבון נוזלי דרמפון מועשר לחות קרליין 1 ליטר,החברה הדרומית לשיווק בעמ,IL,דרמפון סבון לחות,ליטרים,1.00,ליטר,false,0,17.90,17.90,true,1,
7290005477690,false,"טיטניום - קלאסיק בושם לגבר א.ד.ט 100 מ""ל",קרליין,,טיטניום אדט,מיליליטרים,100.00,"100 מ""ל",false,0,74.90,74.90,true,1,
7290005559914,false,פיצה משפחתית עם 100% גבינה בתוספת זיתים מעדנות 550 גרם,תנובה מרכז שיתופי לשיווק תוצרת,IL,פיצה משפחתית,גרמים,550.00,100 גרם,false,0,25.60,4.65,true,1,
7290005559983,false,חטיפי פיצה גבינה 650 גרם,"מעדנות בע""מ",IL,חטיפי פיצה גבינה,גרמים,650.00,100 גרם,false,0,34.00,5.23,true,1,
7290005559990,false,בצק עלים פילאס תורכי 600 גרם קפוא,תנובה מרכז שיתופי לשיווק תוצרת,IL,בצק פילאס תורכי,גרמים,600.00,100 גרם,false,0,24.00,4.00,true,1,
7290005564253,false,ספרינג אגס סברס תפוח1.5ל,יפאורה שותפות מובגלת לשיווק,IL,משקה ספרינג,ליטרים,1.50,ליטר,false,0,6.20,4.13,true,1,
7290005564680,false,תפוזינה לימונדה ורודה1.5,יפאורה שותפות מובגלת לשיווק,IL,תפוזינה לימונדה,ליטרים,1.50,ליטר,false,0,5.90,3.93,true,1,
7290005564970,false,"קריסטל תפו""ע מוגז 2 ליטר",יפאורה שותפות מובגלת לשיווק,IL,גזוז בטעם תפוח,ליטרים,2.00,ליטר,false,0,3.90,1.95,true,1,
7290005583568,false,אוריריות כוסמת עם מלח50ג,,IL,אוריריות כוסמת,גרמים,150.00,100 גרם,false,0,13.90,9.27,true,1,
7290005583643,false,אוריריות כוסמ.ללא מלח150,,GB,אוריריות כוסמת,גרמים,150.00,100 גרם,false,0,13.90,9.27,true,1,
7290005583797,false,לחמנו תירס דק 150 גרם,מאפית מרחבית,IL,תירס דק,גרמים,150.00,100 גרם,false,1,9.90,6.60,true,1,
7290005591761,false,דבש טהור מפרחי בר בלחיץ 400 ג' יד מרדכי,מכוורת יד מרדכי שטרא,IL,דבש מפרחי בר,גרמים,400.00,100 גרם,false,0,23.90,5.98,true,1,
7290005604133,false,פריגת 1.5 ליטר מנגו,מבשלות בירה בינלאומיות ב,IL,פריגת מנגו,ליטרים,1.50,ליטר,false,0,6.50,4.33,true,1,
7290005605901,false,פאנטה בטעם אקזוטי 1.5 לי,החברה המרכזית לייצור משקאות,IL,פאנטה אקזוטי,ליטרים,1.50,ליטר,false,0,6.90,4.60,true,1,
7290005610059,false,תפוח אדמה לבן ארוז,קטיף,IL,תפוח אדמה לבן,קילוגרמים,0.00,"ק""ג",true,0,3.90,3.90,true,1,
7290005610127,false,תפוח אדמה גורמה דוד משה,אראל תוצרת חקלאית בע,IL,תפוח אדמה גורמה,קילוגרמים,0.00,"ק""ג",true,1,5.50,5.50,true,1,
7290005610509,false,צנונית ארוז דוד משה 500ג',תוצרת הנגב אגודה שיתופית חקלאי,IL,צנונית -יח',יחידה,1.00,יחידה,false,0,4.50,4.50,true,1,
7290005678073,false,פלפל צ'ילי זהבי יחידה,עומר יבולים בעמ*שיק ל 60 יום*,IL,פלפל צ'ילי זהבי,יחידה,1.00,יחידה,false,0,5.90,5.90,true,1,
7290005678387,false,ענב אוטום רויאל -שחור,מושב לכיש,IL,ענב אוטום-שחור,קילוגרמים,0.00,"ק""ג",true,0,17.90,17.90,true,1,
7290005678400,false,ענב רד גלוב,מושב לכיש,IL,ענב רד גלוב,קילוגרמים,0.00,"ק""ג",true,0,14.90,14.90,true,1,
7290005678585,false,ענבים אדומים סקרלוטה טלי,"בכורי השדה צפון1994 ג.ד. בע""מ",IL,ענב סקרלוטה,קילוגרמים,0.00,"ק""ג",true,0,18.90,18.90,true,1,
7290005678790,false,פלפל מיקס חריף יחידה,קטיף.,IL,פלפל מיקס חריף,יחידה,1.00,יחידה,false,1,8.90,8.90,true,1,
7290005678899,false,מלפפון בייבי יחידה,קטיף,IL,מלפפון מיני,יחידה,1.00,יחידה,false,1,9.90,9.90,true,1,
7290005718021,false,שטורדל גבינה,"גידרון תעשיות בע""מ",IL,שטרודל גבינה,יחידה,1.00,יחידה,false,0,23.80,23.80,true,1,
7290005718038,false,"שטרודל תפו""ע","גידרון תעשיות בע""מ",IL,"שטרודל תפו""ע",יחידה,1.00,יחידה,false,0,23.80,23.80,true,1,
7290005838002,false,מעדן גבינה ויוגורט בטעם וניל 88 ג' דניאלה,שטראוס גרופ בעמ/מצונן,IL,מעדן דניאלה,מיליליטרים,150.00,"100 מ""ל",false,0,4.30,2.87,true,1,
7290005838613,false,קרם גבינה 3% בטעם וניל סקי (125 גרם),שטראוס גרופ בעמ/מצונן,IL,סקי מעדן גבינה,גרמים,125.00,100 גרם,false,0,3.70,2.96,true,1,
7290005838972,false,סקי יום יום גבינה לבנה %5 125 גרם,שטראוס גרופ בעמ/מצונן,IL,גבינת סקי,גרמים,125.00,100 גרם,false,0,3.10,2.48,true,1,
7290005839078,false,שמיניית יוגורט לבן 3% ביו דנונה 150 גרם,שטראוס גרופ בעמ/מצונן,IL,דנונה ביו 8 יח,קילוגרמים,1.20,"ק""ג",false,0,15.00,12.50,true,1,
7290005839108,false,גבינה לבנה סימפוניה עם תוספות 200 ג'+זיתים 5%,שטראוס גרופ בעמ/מצונן,IL,גבינת סימפוניה,גרמים,200.00,100 גרם,false,0,10.90,5.45,true,1,
7290005839313,false,מילקי Top עם שוקולדה מגולגלת 140 גרם,שטראוס גרופ בעמ/מצונן,IL,מילקי טופ,מיליליטרים,170.00,"100 מ""ל",false,0,4.90,2.88,true,1,
7290005896439,false,"בירה מכבי, בקבוק חוזר 500 מ''ל","טמפו משקאות בע""מ",IL,בירה מכבי,מיליליטרים,500.00,"100 מ""ל",false,0,6.50,1.30,true,1,
7290005896453,false,"בירה מכבי 7.9%, בירה חזקה, בקבוק חוזר 500 מ''ל",פארייפאבה אגרואינדוס,IL,בירה מכבי 7.9%,מיליליטרים,500.00,"100 מ""ל",false,1,6.90,1.38,true,1,
7290005896620,false,סאן בנדטו - מוגז עדין - 1.5 ליטר,אקווה מינרלה סאן בנד,IT,מי סאן בנדטו,ליטרים,1.50,ליטר,false,0,3.00,2.00,true,1,
7290005896828,false,סאן בנדטו - מים מינרלים - מארז שישיית 1.5 ליטר,אקווה מינרלה סאן בנדטו ב,IT,מים סן בנדטו 6יח,ליטרים,9.00,ליטר,false,0,14.90,1.66,true,1,
7290005896835,false,סאן בנדטו - שישיית 1.5 ליטר מוגז עדין,טמפו,IT,מים מינרלים 6 יח,ליטרים,9.00,ליטר,false,0,15.90,1.77,true,1,
7290005896972,false,שישיית משקה פפסי מקס,טמפו 7.5%,IL,פפסי מקס 6 יח',ליטרים,9.00,ליטר,false,0,29.90,3.32,true,1,
7290005912115,false,ל.מ בלו ארוך בוקס 10 יח,פיליפ מוריס,,ל.מ בלו ארוך,יחידה,1.00,יחידה,false,0,319.90,319.90,false,1,
7290005938245,false,ממרח פסטו קלאסי פרסקו 220ג' מצונן,מיוצר עי פרסקו חצבה,IL,פסטו קלאסי,גרמים,220.00,100 גרם,false,0,19.90,9.05,true,1,
7290005938634,false,סחוג כוסברה,,IL,סחוג כוסברה,גרמים,220.00,100 גרם,false,0,19.90,9.05,true,1,
7290005966033,false,הר חרמון לבן יקב רמת הגולן (750 מל),היכל היין שקד גולן בעמ,IL,יין לבן חרמון,מיליליטרים,750.00,"100 מ""ל",false,0,29.90,3.99,true,1,
7290005966088,false,"יין הר חרמון אדום עברית 750 מ""ל",היכל היין שקד גולן בעמ,IL,יין אדום חרמון,מיליליטרים,750.00,"100 מ""ל",false,0,29.90,3.99,true,1,
7290005966187,false,"יין הר חרמון אדום375מ""ל",יקבי רמת הגולן קצרין,IL,הר חרמון אדום,מיליליטרים,375.00,"100 מ""ל",false,0,23.80,6.35,true,1,
7290005966361,false,"יין רמת הגולן גמלא שרדונה, 750 מ""ל י יקב רמת הגולן",יקבי רמת הגולן קצרין,IL,יין גמלא שרדונ,מיליליטרים,750.00,"100 מ""ל",false,0,44.50,5.93,true,1,
7290005966392,false,גולן קברנה סוביניון750מל,יקבי רמת הגולן קצרין,IL,קברנה סוביניון,מיליליטרים,750.00,"100 מ""ל",false,0,29.90,3.99,true,1,
7290005966514,false,"ירדן מוסקט 500 מ""ל",יקבי רמת הגולן קצרין,IL,ירדן מוסקט,מיליליטרים,500.00,"100 מ""ל",false,0,32.90,6.58,true,1,
7290005966903,false,"גולן שיאון אדום 750 מ""ל",יקבי רמת הגולן קצרין,IL,יין שיאון אדום,מיליליטרים,750.00,"100 מ""ל",false,0,19.90,2.65,true,1,
7290005992544,false,גב.ריקוטה עיזים 5% 250ג,מחלבות גד,IL,ריקוטה עיזים5%,גרמים,250.00,100 גרם,false,0,19.70,7.88,true,1,
7290005992575,false,גבינה בולגרית למריחה 5% גד (250 גרם),מחלבות גד שיווק 1992 בעמ,IL,בולגרית למריחה,גרמים,250.00,100 גרם,false,0,15.00,6.00,true,1,
7290005992735,false,לאבנה טבעית 5% 250 גר' - רבנות,מחלבות גד שיווק 1992 בעמ,IL,גבינת לאבנה גד5%,גרמים,250.00,100 גרם,false,0,8.90,3.56,true,1,
7290005992858,false,גבינת פטה עיזים במשק,יושלם,IL,פטה עיזים5% משקל,קילוגרמים,0.00,"ק""ג",true,0,119.00,119.00,true,1,
7290005992872,false,גב.צפתית במים 5% במשקל,מחלבות גד,IL,גבינה צפתית 5%,קילוגרמים,0.00,"ק""ג",true,0,45.00,45.00,true,1,
7290005992889,false,גב.שמנת שום שמיר 30%משקל,מחלבות גד,IL,גבינת שמנת שום,קילוגרמים,0.00,"ק""ג",true,0,50.00,50.00,true,1,
7290005992926,false,גב.לבנה5% שום שמיר במשקל,מחלבות גד,IL,גבינת שום שמיר5%,גרמים,0.00,"ק""ג",true,0,30.00,30.00,true,1,
7290005992964,false,גבינת פטה כבשים במשק,מחלבות גד,IL,פטה כבשים 20%,קילוגרמים,0.00,"ק""ג",true,0,102.00,102.00,true,1,
7290006199027,false,מאגדת גלידל וניל מצופה סורבה תות שדה [8],הגלידות של פלדמן,IL,שלגוני וניל מצופ,גרמים,600.00,100 גרם,false,0,33.50,5.58,true,1,
7290006199218,false,"שמיניית גלידל אייס מוקה ""פלדמן""",הגלידות של פלדמן,IL,גלידל קפוצ'ינו,גרמים,400.00,100 גרם,false,0,33.50,8.38,true,1,
7290006199867,false,קרמבו]פלדמן[מוקה] [20,פלקו בעמ,IL,מנבו מוקה 20 יח',גרמים,480.00,100 גרם,false,0,23.90,4.98,true,1,
7290006229069,false,ג'אמפ ענבים 1.5 ליטר,טמפו 7.5%,IL,ג'אמפ ענבים,ליטרים,1.50,ליטר,false,0,5.90,3.93,true,1,
7290006235244,false,"קמיל בלו משחה לתינוק צמחי מרפא ד""ר פישר 100 גרם",פישר תעשיות פרמבצטיות בעמ,IL,קמיל בלו צמחי,גרמים,100.00,100 גרם,false,0,20.10,20.10,true,1,
7290006241504,false,"משקה תפוזים קפוא פריגת 340 מ""ל",החברה המרכזית טלהפצת משקאות בע,IL,פריגת תפוזים,מיליליטרים,280.00,"100 מ""ל",false,0,9.90,3.54,true,1,
7290006241511,false,"משקה לימונענע מרוכז קפוא פריגת 280 מ""ל",היינץ צפון אמריקה מק,IL,פריגת נענע פרי,מיליליטרים,280.00,"100 מ""ל",false,0,9.90,3.54,true,1,
7290006241689,false,"משקה לימונים מרוכז קפוא פריגת 280 מ""ל",החברה המרכזית טלהפצת משקאות בע,IL,פריגת לימון,מיליליטרים,280.00,"100 מ""ל",false,0,9.90,3.54,true,1,
7290006251268,false,תה ירוק בטעם תפוח וקינמון ויסוצקי 25 יחידות,תה ויסוצקי (ישראל)בעמ,IL,תה ירוק תפוח,גרמים,37.00,100 גרם,false,0,25.90,70.00,true,1,
7290006251275,false,תה ירוק סיני קלאסי ויסוצקי 25 יחידות,תה ויסוצקי (ישראל) בעמ,IL,תה ירוק סיני,גרמים,37.00,100 גרם,false,0,25.90,70.00,true,1,
7290006251282,false,חליטת חמוציות הגן הקסום ויסוצקי 25 יחידות,תה ויסוצקי (ישראל) בעמ,IL,חליטת חמוציות,גרמים,75.00,100 גרם,false,0,16.90,22.53,true,1,
7290006251343,false,חליטת פסיפלורה מנגו הגן הקסום ויסוצקי 25 יחידות,תה ויסוצקי (ישראל) בעמ,IL,חליטת פסיפלורה,גרמים,62.00,100 גרם,false,0,16.90,27.26,true,1,
7290006251374,false,תה ירוק לימונית וג'ינג'ר ויסוצקי 25 יחידות,תה ויסוצקי (ישראל) בעמ,IL,תה ירוק לימונית,גרמים,37.00,100 גרם,false,0,25.90,70.00,true,1,
7290006251589,false,תה ירוק עם עלי נענע 50 שקיקים ויסוצקי,תה ויסוצקי (ישראל) בעמ,IL,תה ירוק נענע,גרמים,75.00,100 גרם,false,0,46.50,62.00,true,1,
7290006267405,false,"שרדונה הר תבור 750 מ""ל",יקב תבור,IL,שרדונה הר תבור,מיליליטרים,750.00,"100 מ""ל",false,0,34.90,4.65,true,1,
7290006267542,false,פנינים תבור אדום מבעב750,יקב תבור,IL,פנינים אדום,מיליליטרים,750.00,"100 מ""ל",false,0,34.90,4.65,true,1,
7290006271181,false,ג'חנון אפוי למיקרוגל מעדנות 750 גרם,תנובה מרכז שיתופי לשיווק תוצרת,IL,ג'חנון אפוי,גרמים,750.00,100 גרם,false,0,25.60,3.41,true,1,
7290006271273,false,"מיני בורקס תפו""א 800 גרם","מעדנות בע""מ",IL,"מיני בורקס תפו""א",גרמים,800.00,100 גרם,false,0,22.70,2.84,true,1,
7290006271280,false,מיני בורקס גבינה 800 גרם,"מעדנות בע""מ",IL,מיני בורקס גבינה,גרמים,800.00,100 גרם,false,0,26.10,3.26,true,1,
7290006271761,false,מיני ג'חנון אפוי מעדנות,מיוצר עי קונדיטוריית,IL,מיני גחנון אפו,גרמים,600.00,100 גרם,false,0,23.60,3.93,true,1,
7290006272430,false,בצק עלים חמאה חלבי מעדנות (600 גרם),מיוצר עי קונדיטוריית,IL,בצק עלים חמאה,גרמים,600.00,100 גרם,false,0,28.60,4.77,true,1,
7290006273246,false,עוגת שמרים קינמון 380גרם,לחמי,IL,עוגת שמרים,גרמים,380.00,100 גרם,false,0,17.00,4.47,true,1,
7290006273284,false,עוגת שמרים אספרסו+שוק450,לחמי,IL,עוגת שמרים,גרמים,380.00,100 גרם,false,0,17.00,4.47,true,1,
7290006306319,false,רביולי במילוי בטטה 400 ג' פסטה נונה,דורום תעשיות מזון ופסטה,IL,רביולי בטטה,גרמים,400.00,100 גרם,false,0,23.90,5.98,true,1,
7290006306333,false,רביולי במילוי תרד וגבינת ריקוטה פסטה נונה 400 ג',דורום תעשיות מזון ופסטה,IL,רביולי תרד,גרמים,400.00,100 גרם,false,0,23.90,5.98,true,1,
7290006306357,false,רביולי במילוי גבינת עיזים 400 ג' פסטה נונה,דורום תעשיות מזון ופסטה,IL,רביולי גבינה,גרמים,400.00,100 גרם,false,0,24.70,6.18,true,1,
7290006342683,false,עוגיות מרוקאיות,,IL,עוגיות מזרחיות,גרמים,250.00,100 גרם,false,0,10.00,4.00,true,1,
7290006374660,false,שמן זית כתית לתיבול קלאסי יד מרדכי 1 ליטר,מכוורת יד מרדכי שטראוס ב,IL,שמן זית 2 קלאסי,ליטרים,1.00,ליטר,false,0,49.90,49.90,true,1,
7290006374738,false,קונפיטורה תות יד מרדכי בטעם תות,אף.סי תבליני בגליל ב,IL,קונפיטורה תות,גרמים,340.00,100 גרם,false,0,13.60,4.00,true,1,
7290006385178,false,לחם שאור עם אגוזים+צימוק,"גידרון תעשיות בע""מ",IL,לחם שאור+אגוזים,גרמים,525.00,100 גרם,false,0,16.90,3.22,true,1,
7290006390745,false,שבלול עם צימוקים קפוא,"גידרון תעשיות בע""מ",IL,שבלול עם צימוקים,יחידה,1.00,יחידה,false,0,3.90,3.90,true,1,
7290006390752,false,חלה מתוקה עגולה 500 גרם,"גידרון תעשיות בע""מ",IL,חלה מתוקה עגול,יחידה,1.00,יחידה,false,0,10.90,10.90,true,1,
7290006391025,false,בייגלה ירושלמי קפוא,"גידרון תעשיות בע""מ",IL,ביגלה ירושלמי,יחידה,1.00,יחידה,false,0,5.00,5.00,true,1,
7290006396836,false,בייגל טוסט לבן יח',"גידרון תעשיות בע""מ",IL,בייגל טוסט לבן,יחידה,1.00,יחידה,false,0,3.90,3.90,true,1,
7290006459497,false,פחם דרום אפריקאי 2 ק,E&C Charcoal LTD,ZA,פחם גריל,קילוגרמים,2.00,"ק""ג",false,0,25.50,12.75,true,1,
7290006492432,false,גבינה מוצרלה בייבי 18% גד (150 גרם),מחלבות גד שיווק 1992 בעמ,IL,גבינה מוצרלה,גרמים,150.00,100 גרם,false,0,14.50,9.67,true,1,
7290006492616,false,גבינה בולגרית מעודנת פרוסות 5% גד 250 גרם,מחלבות גד שיווק 1992 בעמ,IL,גבינה בולגרית,גרמים,250.00,100 גרם,false,0,25.60,10.24,true,1,
7290006492630,false,גבינת פרומעז עיזים 22% גד 180 גרם,מחלבות גד שיווק 1992 בעמ,IL,גליל גבינת עיזים,גרמים,180.00,100 גרם,false,0,21.60,12.00,true,1,
7290006492685,false,גבינת לאבנה עיזים 5% גד (250 גרם),מחלבות גד שיווק 1992 בעמ,IL,לאבנה עיזים גד,גרמים,250.00,100 גרם,false,0,16.60,6.64,true,1,
7290006492852,false,גבינת עיזים למריחה 5% 250 גרם רובין,מחלבות גד שיווק 1992 בעמ,IL,גבינת עיזים גד,גרמים,250.00,100 גרם,false,0,15.60,6.24,true,1,
7290006492913,false,גבינת לאבנה ציזיקי 5% מחלבות גד 250 גרם,מחלבות גד שיווק 1992 בעמ,IL,ציזיקי למריחה,גרמים,250.00,100 גרם,false,0,12.80,5.12,true,1,
7290006494917,false,טוסו וופל קלאסי במילוי שוקולד 200 גרם,"איטיליאן פוד, אס.פי.",IL,ופלים שוקולד,גרמים,200.00,100 גרם,false,0,9.80,4.90,true,1,
7290006511157,false,פטריות שמפניון שלמות וילי פוד (400 גרם),ג.וילי-פוד אינטרנשיונל בעמ,IN,פטריות שלמות,גרמים,400.00,100 גרם,false,0,6.90,1.73,true,1,
7290006511737,false,בסגנון אמנטל עגולה במשקל,.,IL,בסגנון אמנטל,קילוגרמים,0.00,"ק""ג",true,0,70.00,70.00,true,1,
7290006541925,false,ממרח עגבניות מיובשות ולימון כבוש 180 גר,,IL,ממרח עגבניות,גרמים,180.00,100 גרם,false,0,21.30,11.83,true,1,
7290006541949,false,ממרח ארטישוק מוטי שף,,,ממרח ארטישוק,גרמים,180.00,100 גרם,false,0,21.30,11.83,true,1,
7290006550972,false,בשר בקר קפוא טחון מהדרין עטרה (1 קג),טיבון ויל אחזקות בעמ,IL,טחון בקר 1קג,גרמים,1000.00,100 גרם,false,0,39.90,3.99,true,1,
7290006567048,false,פתיתי קוסקוס ישראלי אסם (350 גרם),קבוצת אוסם סחר שותפות מוגבלת,IL,פתיתי קוסקוס,גרמים,350.00,100 גרם,false,0,8.50,2.43,true,1,
7290006582355,false,סילאן סירופ 900 גרם שקדיה,דין שיווק וקליה 2021 בעמ,IL,סילאן,גרמים,900.00,100 גרם,false,0,13.80,1.53,true,1,
7290006582621,false,תיבול לשניצל מוזהב300גרם,דין שיווק,,תיבול לשניצל מוזהב300גרם,גרמים,300.00,100 גרם,false,0,5.90,1.97,true,1,
7290006582669,false,גרנולה 800 גרם אגוזים שקדיה (12 יח`),קונסיגנציה-דין שיווק וקליה 202,IL,תערובת בריאות,גרמים,800.00,100 גרם,false,0,17.90,2.24,true,1,
7290006582751,false,גרנולה 800 גרם פירות שקדיה (12יח`),קונסיגנציה-דין שיווק וקליה 202,IL,תערובת בריאות,גרמים,800.00,100 גרם,false,0,17.90,2.24,true,1,
7290006583864,false,איקרה אדומה משקל,מעדני מיקי,IL,איקרה אדומה,קילוגרמים,0.00,"ק""ג",true,0,42.00,42.00,true,1,
7290006618085,false,"אסטוניש תרסיס ניקוי אמבטיה וכיורים יעקבי 750 מ""ל",יעקב יעקבי ובניו בע`מ,GB,אסטוניש מרסס,מיליליטרים,750.00,"100 מ""ל",false,0,11.90,1.59,true,1,
7290006644480,false,תפוזינה תפוזים 0.5 ליטר,יפאורה שותפות מובגלת לשיווק,IL,תפוזינה תפוז,מיליליטרים,500.00,"100 מ""ל",false,0,4.60,0.92,true,1,
7290006644510,false,"מיץ ענבים 500 מ""ל תפוזינה",יפאורה שותפות מוגבלת לשיווק,IL,תפוזינה ענבים,מיליליטרים,500.00,"100 מ""ל",false,0,4.60,0.92,true,1,
7290006644527,false,תפוזינה תות בננה 0.5 ליטר,יפאורה שותפות מוגבלת לשיווק,IL,תפוזינה תות בננה,מיליליטרים,500.00,"100 מ""ל",false,0,4.60,0.92,true,1,
7290006644589,false,משקה קל אשכוליות דיאט 2ל,יפאורה שותפות מובגלת לשיווק,IL,אשכוליות דיאט,ליטרים,2.00,ליטר,false,0,3.90,1.95,true,1,
7290006644596,false,קריסטל אקזוטי מוגז 2ליטר,יפאורה שותפות מובגלת לשיווק,IL,קריסטל אקזוטי,ליטרים,2.00,ליטר,false,0,3.90,1.95,true,1,
7290006644626,false,ספרינג פירות טרופיים1.5ל,יפאורה שותפות מובגלת לשיווק,IL,משקה ספרינג,ליטרים,1.50,ליטר,false,0,6.20,4.13,true,1,
7290006644732,false,ספרינג פירות טרופיים 1 ל,יפאורה שותפות מובגלת לשיווק,IL,נקטר ספרינג,ליטרים,1.00,ליטר,false,0,5.30,5.30,true,1,
7290006644848,false,ספרינג תפוחים דיאט 1ליטר,יפאורה שותפות מובגלת לשיווק,IL,ספרינג דיאט,ליטרים,1.00,ליטר,false,0,5.30,5.30,true,1,
7290006651570,false,"קמיל בלו אל סבון ושמפו לתינוק ד""ר פישר 750 מ""ל","פישר תעשיות פרמצבטיות בע""מ",IL,שמפו/אל סבון,מיליליטרים,750.00,"100 מ""ל",false,0,17.60,2.35,true,1,
7290006652027,false,במבה חטיף בוטנים אסם 20*15 גרם,קבוצת אוסם סחר שותפות מוגבלת,IL,במבה 20 יח',גרמים,300.00,100 גרם,false,0,24.90,8.30,true,1,
7290006653475,false,"רוטב אלף האיים 600 מ""ל",אסם,IL,רוטב אלף האיים,מיליליטרים,600.00,"100 מ""ל",false,0,15.90,2.65,true,1,
7290006653765,false,פרפקטו פסטה פטוצ'יני אסם 500 גרם,קבוצת אוסם סחר שותפות מוגבלת,IT,פטוציני פרפקטו,גרמים,500.00,100 גרם,false,0,6.90,1.38,true,1,
7290006653819,false,קוסקוס אמיתי דק בשקית 350 גרם,קבוצת אוסם סחר שותפות מוגבלת,IL,קוסקוס דק,גרמים,350.00,100 גרם,false,0,8.50,2.43,true,1,
7290006653857,false,"ארנבונים חטיף תפו""א 40גר","אסם השקעות בע""\מ",IL,חטיף ארנבונים,גרמים,40.00,100 גרם,false,0,4.30,10.75,true,1,
7290006660381,false,מנקה פירות וירקות 75,,IL,מנקה פירות וירק,גרמים,750.00,100 גרם,false,0,18.00,2.40,true,1,
7290006664037,false,גמדים סופר ארוחת בוקר דגנים 4*100גר,שטראוס גרופ בעמ/מצונן,IL,סופר גמדים 4 יח,גרמים,400.00,100 גרם,false,0,11.50,2.88,true,1,
7290006664051,false,"אקטימל לבן 1.51 ק""ג מארז 14 יחידות",שטראוס גרופ בעמ/מצונן,IL,אקטימל מארז14יח',ליטרים,1.40,ליטר,false,0,29.90,21.36,true,1,
7290006664310,false,גבינה לבנה 3% שומן 250 ג' שטראוס,שטראוס גרופ בעמ/מצונן,IL,גבינת סקי 3%,גרמים,250.00,100 גרם,false,0,4.60,1.84,true,1,
7290006664402,false,גבינה לבנה סקי 5% שומן 750 גרם,שטראוס גרופ בעמ/מצונן,IL,גבינת סקי5%,גרמים,750.00,100 גרם,false,0,13.80,1.84,true,1,
7290006664532,false,יוגורט עם תות 3% שומן 150 ג' דנונה,שטראוס גרופ בעמ/מצונן,IL,דנונה תות 3%,גרמים,150.00,100 גרם,false,0,3.90,2.60,true,1,
7290006664631,false,"אקטימל תות דיסני 8 יח' * 100 מ""ל","שטראוס בריאות בע""\מ",IL,אקטימל תות 8 יח',מיליליטרים,800.00,"100 מ""ל",false,0,20.90,2.61,true,1,
7290006664655,false,דנונה Actimel יוגורט טבעי 8*100 מ``ל,שטראוס גרופ בעמ/מצונן,IL,אקטימל לבן 8 יח,מיליליטרים,800.00,"100 מ""ל",false,0,20.90,2.61,true,1,
7290006664693,false,יוגורט עם אפרסק 3% שומן 150 ג' דנונה,שטראוס גרופ בעמ/מצונן,IL,דנונה אפרסק %3,גרמים,150.00,100 גרם,false,0,3.90,2.60,true,1,
7290006664969,false,דנונה יוגורט מעודן 2.0% מארז 150X8 ג',STRAUSS-ISRAEL,IL,יוגורט מעודן 2%,קילוגרמים,1.20,"ק""ג",false,0,18.30,15.25,true,1,
7290006664990,false,"יוגורט דנונה ביו לבן 1.7% שומן 8*150 מ""ל",שטראוס גרופ בעמ/מצונן,IL,דנונה ביו 8 יח',קילוגרמים,1.20,"ק""ג",false,0,15.00,12.50,true,1,
7290006666307,false,חומוס אורגינל סלטי מ,כ.מ.מ שיווק סלטי משני בעמ,IL,סלט חומוס,גרמים,300.00,100 גרם,false,0,13.40,4.47,true,1,
7290006666314,false,סלט טחינה משומשום טהור,כ.מ.מ שיווק סלטי משני בעמ,IL,סלט טחינה משני,גרמים,300.00,100 גרם,false,0,13.40,4.47,true,1,
7290006666338,false,סלט טחינה ירוקה עם פטרוזיליה,כ.מ.מ שיווק סלטי משני בעמ,IL,סלט טחינה ירוקה,גרמים,300.00,100 גרם,false,0,14.40,4.80,true,1,
7290006666345,false,סלט חצילים במיונז על האש,כ.מ.מ שיווק סלטי משני בעמ,IL,סלט חציל במיונז,גרמים,300.00,100 גרם,false,0,20.70,6.90,true,1,
7290006666352,false,סלט חציל בטחינה 300 גרם,כ.מ.מ שיווק סלטי משני בעמ,IL,סלט חציל בטחינה,גרמים,300.00,100 גרם,false,0,20.70,6.90,true,1,
7290006666406,false,סלט חציל טבעי סלטי מ,כ.מ.מ שיווק סלטי משני בעמ,IL,סלט חציל טבעי,גרמים,300.00,100 גרם,false,0,20.70,6.90,true,1,
7290006666413,false,סלט כרוב אדום במיונז,כ.מ.מ שיווק סלטי משני בעמ,IL,סלט כרוב שוודי,גרמים,300.00,100 גרם,false,0,15.60,5.20,true,1,
7290006666420,false,סלט כרוב קולסלאו בסגנון אמריקאי,כ.מ.מ שיווק סלטי משני בעמ,IL,סלט קולסלו,גרמים,300.00,100 גרם,false,0,15.60,5.20,true,1,
7290006666437,false,סלט טורקי סלטי משני,כ.מ.מ שיווק סלטי משני בעמ,IL,סלט טורקי,גרמים,300.00,100 גרם,false,0,17.30,5.77,true,1,
7290006666468,false,סלט גזר חריף במיץ לימון,כ.מ.מ שיווק סלטי משני בעמ,IL,סלט גזר בלימון,גרמים,300.00,100 גרם,false,0,20.70,6.90,true,1,
7290006666499,false,סלט טונה לבנה ברוטב 300 גר,סלטי משני,IL,סלט טונה לבנה,גרמים,300.00,100 גרם,false,0,26.90,8.97,true,1,
7290006666505,false,סלט טונה אדומה 300 גרם,סלטי משני,IL,סלט טונה אדומה,גרמים,300.00,100 גרם,false,0,26.90,8.97,true,1,
7290006666529,false,סלט פלפלים מרוקאי חריף 300 גרם,כ.מ.מ שיווק סלטי משני בעמ,IL,סלט פלפל מרוקאי,גרמים,300.00,100 גרם,false,0,20.90,6.97,true,1,
7290006666628,false,סלט ביצים סלטי משני,סלטי משני,IL,סלט ביצים,גרמים,300.00,100 גרם,false,0,26.90,8.97,true,1,
7290006666833,false,סחוג אדום סלט פלפלים,כ.מ.מ שיווק סלטי משני בעמ,IL,סחוג אדום,גרמים,150.00,100 גרם,false,0,13.40,8.93,true,1,
7290006681553,false,קרמבו בטעם וניל שטראוס 8 יחידות,"גלידות שטראוס בע""מ",IL,קרמבו וניל 8 יח,גרמים,234.00,100 גרם,false,0,13.90,5.94,true,1,
7290006681560,false,קרמבו בטעם מוקה שטראוס 8 יחידות,"גלידות שטראוס בע""מ",IL,קרמבו מוקה 8 יח,גרמים,234.00,100 גרם,false,0,13.90,5.94,true,1,
7290006681577,false,מאגדת קרחון אסקימו לימון דובדובן 10 יח' שטראוס,"מיוצר ע""\י גלידת שטראוס",IL,אסקימו לימון8+2,גרמים,700.00,100 גרם,false,0,16.90,2.41,true,1,
7290006681843,false,מאגדת שטראוס לייט פרי 6 שטראוס,"גלידת שטראוס בע""\מ, רחוב",IL,מאגדת גלידה לייט,גרמים,300.00,100 גרם,false,0,26.90,8.97,true,1,
7290006704788,false,מלפפון בייבי יחידה,קטיף.,IL,מלפפון בייבי,יחידה,1.00,יחידה,false,0,9.90,9.90,true,1,
7290006707345,false,חזה עוף טרי מגש מחיר לפי,עוף טוב,IL,חזה עוף טרי,קילוגרמים,0.00,"ק""ג",true,0,31.90,31.90,true,1,
7290006707352,false,פטם חזה פרוס מצונן מגש טרי,עוף טוב,IL,שניצל עוף טרי,קילוגרמים,0.00,"ק""ג",true,0,34.90,34.90,true,1,
7290006707369,false,כרעיים עוף ללא אנטיביוטיקה במגש ע.טוב,עוף טוב,IL,כרעי עוף טרי,קילוגרמים,0.00,"ק""ג",true,0,27.90,27.90,true,1,
7290006707376,false,פטם ירכיים מצונן מגש טרי,עוף טוב,IL,ירכיים עוף טרי,קילוגרמים,0.00,"ק""ג",true,0,27.90,27.90,true,1,
7290006707390,false,עוף טוב פרגיות טרי ארוז,עוף טוב (שאן) בעמ,IL,פרגיות עוף טרי,קילוגרמים,0.00,"ק""ג",true,0,54.90,54.90,true,1,
7290006707437,false,עוף טוב כנפיים עוף טרי ארוז,עוף טוב (שאן) בעמ,IL,כנף עוף טרי,קילוגרמים,0.00,"ק""ג",true,0,11.90,11.90,true,1,
7290006707543,false,פילה עוף טרי ארוז,עוף טוב,IL,פילה עוף טרי,קילוגרמים,0.00,"ק""ג",true,0,32.90,32.90,true,1,
7290006708007,false,חזה הודו נ.טרי ארוז,עוף טוב ( שאן) בעמ,IL,חזה הודו טרי,קילוגרמים,0.00,"ק""ג",true,0,29.90,29.90,true,1,
7290006708014,false,שוארמה הודו נ.טרי ארוז,עוף טוב,IL,שוארמה הודו טרי,קילוגרמים,0.00,"ק""ג",true,0,54.90,54.90,true,1,
7290006708076,false,נתחי הודו טרי ארוז,עוף טוב,IL,נתחי הודו טרי,קילוגרמים,0.00,"ק""ג",true,0,27.90,27.90,true,1,
7290006708137,false,קוקטייל עוף טרי ארוז,עוף טוב ( שאן) בעמ,IL,קוקטייל עוף טרי,קילוגרמים,0.00,"ק""ג",true,0,27.90,27.90,true,1,
7290006708151,false,חזה פרוס דק טרי מצונ,עוף טוב,IL,שניצל דק טרי,קילוגרמים,0.00,"ק""ג",true,0,39.90,39.90,true,1,
7290006708182,false,קוקטייל טרי ארוז דיל,עוף טוב,IL,קוקטייל טרי ארוז,קילוגרמים,0.00,"ק""ג",true,1,27.90,27.90,true,1,
7290006708205,false,חזה עוף טרי ארוז דיל,עוף טוב,IL,חזה עוף טרי,קילוגרמים,0.00,"ק""ג",true,1,31.90,31.90,true,1,
7290006708212,false,שניצל עוף טרי ארוז דיל,עוף טוב,IL,שניצל עוף טרי,קילוגרמים,0.00,"ק""ג",true,1,34.90,34.90,true,1,
7290006708229,false,שניצל דק טרי ארוז דיל,עוף טוב,IL,שניצל דק טרי,קילוגרמים,0.00,"ק""ג",true,1,39.90,39.90,true,1,
7290006708236,false,פילה עוף טרי ארוז דיל,עוף טוב,IL,פילה עוף טרי,קילוגרמים,0.00,"ק""ג",true,1,32.90,32.90,true,1,
7290006708243,false,כרעי עוף טרי ארוז דיל,עוף טוב,IL,כרעי עוף טרי,קילוגרמים,0.00,"ק""ג",true,1,27.90,27.90,true,1,
7290006708267,false,ירכי עוף טרי ארוז דיל,עוף טוב,IL,ירכי עוף טרי,קילוגרמים,0.00,"ק""ג",true,1,27.90,27.90,true,1,
7290006708298,false,פרגיות עוף טרי ארוז דיל,עוף טוב,IL,פרגיות עוף טרי,קילוגרמים,0.00,"ק""ג",true,1,54.90,54.90,true,1,
7290006708342,false,כנפי עוף טרי ארוז דיל לק,עוף טוב,IL,כנפי עוף טרי,קילוגרמים,0.00,"ק""ג",true,1,11.90,11.90,true,1,
7290006712981,false,"משחת שיניים קולגייט ספיידרמן מגיל שש 50 מ""ל",הנסיך- מפעל לייצור ט,IL,משחת שיניים,מיליליטרים,50.00,"100 מ""ל",false,0,9.90,19.80,true,1,
7290006732118,false,עוגיות טחינה 250 גרם,לחמי,,עוגיות טחינה,גרמים,250.00,100 גרם,false,0,18.60,7.44,true,1,
7290006732668,false,עוגת שושנים טריפל שוק380,לחמי,IL,עוגת שושנים,גרמים,400.00,100 גרם,false,0,17.00,4.25,true,1,
7290006736925,false,איקרה לבנה 220 גרם,מעדני מיקי,IL,איקרה לבנה,גרמים,220.00,100 גרם,false,0,12.80,5.82,true,1,
7290006738103,false,פסטרמה בדבש טהור דק 150ג,זוגלובק,IL,פסטרמה בדבש דק,גרמים,150.00,100 גרם,false,0,15.10,10.07,true,1,
7290006738110,false,פסטרמה ברביקיו דק דק150ג,זוגלובק,IL,פסטרמה ברביקיו,גרמים,150.00,100 גרם,false,0,15.10,10.07,true,1,
7290006738127,false,חזה בקר דק דק 150 גרם,זוגלובק,IL,חזה בקר דק דק,גרמים,150.00,100 גרם,false,0,15.10,10.07,true,1,
7290006738530,false,דק דק פסטרמה חזה עוף150ג,זוגלובק,IL,דק דק פסטרמה,גרמים,150.00,100 גרם,false,0,15.10,10.07,true,1,
7290006738615,false,קבב פרימיום זהב 100% בשר זוגלובק 400 ג',נקניק נהריה כשר זוגל,IL,קבב זהב 400 גרם,גרמים,400.00,100 גרם,false,0,21.90,5.48,true,1,
7290006739247,false,פסטרמה איטלקית זוגלו,זוגלובק,IL,פסטרמה איטלקית,קילוגרמים,0.00,"ק""ג",true,0,85.00,85.00,true,1,
7290006739292,false,נקניק פסטרמה פרגיות ציפוי תירס,נקניק נהריה כשר זוגל,IL,פסטרמה תבור,גרמים,330.00,100 גרם,false,0,29.90,9.06,true,1,
7290006739414,false,נקניק סלמי קוניאק זוגלובק 300 גרם,נקניק נהריה כשר זוגל,IL,סלמי קוניאק,גרמים,300.00,100 גרם,false,0,28.70,9.57,true,1,
7290006739544,false,כתף בקר 3% שומן זוגלובק (300 גרם),נקניק זוגלובק נהריה,IL,כתף בקר,גרמים,300.00,100 גרם,false,0,32.40,10.80,true,1,
7290006740212,false,נקניקיות ג'מבו במשקל,זוגלובק,IL,נקניקיות ג'מבו,קילוגרמים,0.00,"ק""ג",true,0,21.80,21.80,true,1,
7290006741363,false,בורקס תפוחי אדמה זוגלובק 800 גרם,מאפיית אריאל וגידרון,IL,"בורקס תפו""א",גרמים,800.00,100 גרם,false,0,15.50,1.94,true,1,
7290006741387,false,מלווח תימני זוגלובק בד`צ 700 גרם קפוא,נקניק נהריה כשר זוגל,IL,מלוואח תימני,גרמים,700.00,100 גרם,false,0,14.50,2.07,true,1,
7290006741806,false,גב.בולגרית 16%במשקל פנחס,,IL,גבינה בולגרית16%,קילוגרמים,0.00,"ק""ג",true,0,77.00,77.00,true,1,
7290006742162,false,המבורגר מזרחי זוגלובק 400 גרם,נקניק נהריה כשר זוגל,IL,המבורגר מזרחי,גרמים,400.00,100 גרם,false,0,21.90,5.48,true,1,
7290006742179,false,קבב מזרחי זוגלובק 400 גרם,נקניק נהריה כשר זוגל,IL,קבב מזרחי,גרמים,400.00,100 גרם,false,0,21.90,5.48,true,1,
7290006742209,false,שניצל תירס 750גרם%33+,זוגלובק,IL,שניצל תירס,גרמים,1000.00,100 גרם,false,0,29.90,2.99,true,1,
7290006742292,false,פסטרמה הודו בדבש 330 ג' זוגלובק,נקניק נהריה כשר זוגל,IL,פסטרמה בדבש,גרמים,330.00,100 גרם,false,0,29.90,9.06,true,1,
7290006742339,false,פסטרמה חזה עוף 330 גרם,נקניק נהריה כשר זוגל,IL,פסטרמה חזה עוף,גרמים,330.00,100 גרם,false,0,29.90,9.06,true,1,
7290006755469,false,שניצל תירס לייט 630 גרם,טבעול,IL,שניצל תירס לייט,גרמים,630.00,100 גרם,false,0,25.70,4.08,true,1,
7290006764058,false,"נשר בירה לבנה נשר בקבוק חוזר 500 מ""ל","טמפו משקאות בע""\מt\",IL,בירה נשר לבן,מיליליטרים,500.00,"100 מ""ל",false,0,5.20,1.04,true,1,
7290006764065,false,בירה נשר מאלט ללא אלכוהול 500 מל,"טמפו משקאות בע""\ם.",IL,בירה נשר מאלט,מיליליטרים,500.00,"100 מ""ל",false,0,4.50,0.90,true,1,
7290006764072,false,"בירה גולדסטאר בקבוק 500 מ""ל חוזר","טמפו משקאות בע""\מ",IL,בירה גולדסטאר,מיליליטרים,500.00,"100 מ""ל",false,0,7.30,1.46,true,1,
7290006764096,false,"בירה איגל 3.8% בקבוק 500 מ""ל חוזר","טמפו משקאות בע""\מ",IL,בירה איגל,מיליליטרים,500.00,"100 מ""ל",false,1,5.80,1.16,true,1,
7290006764102,false,שישיית בירה גולדסטאר בסקט מולטי בקבוק חוזר,"טמפו משקאות בע""\מ",IL,גולדסטאר 6 יח,ליטרים,3.00,ליטר,false,1,39.90,13.30,true,1,
7290006764348,false,בירה שחורה מאלט סטאר,טמפו 7.5%,IL,מאלטסטאר,ליטרים,1.50,ליטר,false,0,6.90,4.60,true,1,
7290006764485,false,"בירה שחורה נשר מאלט שישייה ח""פ 330*6 מ''ל","טמפו משקאות בע""\ם.",IL,נשר מאלט 6 יח,ליטרים,1.98,ליטר,false,0,22.90,11.57,true,1,
7290006764713,false,משקה מירנדה 1.5 ל שי,"טמפו משקאות בע""\מ",IL,מירינדה 6 יחידות,ליטרים,9.00,ליטר,false,0,25.90,2.88,true,1,
7290006764737,false,בירה נשר מאלט דלת קלוריות ללא אלכוהול 500 מל,"טמפו משקאות בע""\ם.",IL,נשר מאלט דיאט,מיליליטרים,500.00,"100 מ""ל",false,0,4.50,0.90,true,1,
7290006765000,false,טורטיה מקמח מלא שקדיה 540 גרם,דין שיווק וקליה 2021 בעמ,IL,אורטיות 8 יח',גרמים,360.00,100 גרם,false,0,12.80,3.56,true,1,
7290006765871,false,שקד טבעי ענק במשקל,"דין שיווק וקלייה בע""",IL,שקד טבעי במשקל,גרמים,0.00,"ק""ג",true,0,89.00,89.00,true,1,
7290006784322,false,ספריי לניקוי והברקת משטחי נירוסטה סנט מו,קומפלקס כימיקלים בעמ,IL,סנט מוריץ נרוסטה,מיליליטרים,400.00,"100 מ""ל",false,0,15.90,3.98,true,1,
7290006784339,false,"תרסיס לניקוי רהיט סנט מוריץ 300 מ""ל",קומפלקס כימיקלים,IL,סנט מוריץ לרהיט,מיליליטרים,300.00,"100 מ""ל",false,0,11.90,3.97,true,1,
7290006788009,false,קרליין שמפו-לשיער רגיל,מיוצר עי : אמיליה קוסמטי,IL,שמפו 10 לשיער,מיליליטרים,700.00,"100 מ""ל",false,0,9.90,1.41,true,1,
7290006788016,false,"שמפו לשיער יבש 700 מ""ל קרליין",מיוצר עי : אמיליה קוסמטי,IL,שמפו 10 לשיער,מיליליטרים,700.00,"100 מ""ל",false,0,9.90,1.41,true,1,
7290006788054,false,"שמפו""10""לסרוק קל קלאס700",מיוצר עי : אמיליה קו,IL,שמפו 10 לשיער,מיליליטרים,700.00,"100 מ""ל",false,0,9.90,1.41,true,1,
7290006788061,false,"מרכך קרליין 10 לשיער רגיל 700 מ""ל",מיוצר עי : אמיליה קוסמטי,IL,מרכך קרליין,מיליליטרים,700.00,"100 מ""ל",false,0,9.90,1.41,true,1,
7290006788085,false,קרליין מרכך-לשיער צבוע,מיוצר עי : אמיליה קו,IL,מרכך 10 לשיער,מיליליטרים,700.00,"100 מ""ל",false,0,9.90,1.41,true,1,
7290006788313,false,"קרליין - חלב פנים לעור יבש / עדין 260 מ""ל",קרליין,IL,חלב פנים,מיליליטרים,260.00,"100 מ""ל",false,0,35.00,13.46,true,1,
7290006788320,false,קרליין - מי פנים לעור יבש ללא אלכוהול,קרליין,IL,מי פנים לעור יבש,מיליליטרים,260.00,"100 מ""ל",false,0,35.00,13.46,true,1,
7290006788399,false,"דאו רול און נושם סנסיטיב ירוק קרליין 75 מ""ל",החברה הדרומית לשיווק בעמ,IL,דאודורנט קרליין,גרמים,75.00,100 גרם,false,0,11.90,15.87,true,1,
7290006788405,false,"קרליין - נושם אקטיב דאודורנט רול און לאישה ברודו 75 מ""ל",החברה הדרומית לשיווק בעמ,IL,דאודורנט קרליין,מיליליטרים,75.00,"100 מ""ל",false,0,11.90,15.87,true,1,
7290006788481,false,"קרליין - נושם סאן רייס דאודורנט ספריי לאישה כתום 200 מ""ל",החברה הדרומית לשיווק בעמ,IL,דאודורנט קרליין,מיליליטרים,200.00,"100 מ""ל",false,0,11.90,5.95,true,1,
7290006788559,false,"טיטניום ICE דאודורנט תרסיס ספריי 180 מ""ל",החברה הדרומית לשיווק בעמ,IL,דאודורנט טיטניום,מיליליטרים,180.00,"100 מ""ל",false,0,14.90,8.28,true,1,
7290006788672,false,"שמפו למניעת קשקשים 700 מ""ל קרליין",מיוצר עי : אמיליה קוסמטי,IL,שמפו 10 לשיער,מיליליטרים,700.00,"100 מ""ל",false,0,9.90,1.41,true,1,
7290006791870,false,"נטורל - ג'ל שיער לעיצוב חזק 500 מ""ל",מיוצר עי : אמיליה קוסמטי,,ג'ל לעיצוב שיער,מיליליטרים,500.00,"100 מ""ל",false,0,18.10,3.62,true,1,
7290006805355,false,"פילסברי, כדורים בטעם שוקולד, תערובת להכנת כדורים בטעם שוקולד. 500 גרם.",הדקלאים אגודת שיתופי,IL,כדורי שוקולד,גרמים,500.00,100 גרם,false,0,17.90,3.58,true,1,
7290006805850,false,פילסברי פנקייק תערובת להכנת חביתיות,הדקלאים אגודת שיתופי,IL,תערובת לפנקייק,גרמים,500.00,100 גרם,false,0,17.90,3.58,true,1,
7290006822192,false,נקטר דיאט חמוציות אושן ספריי פריגת 1 ליטר,החברה המרכזית להפצת משקאות בעמ,IL,נקטר חמוציות,ליטרים,1.00,ליטר,false,0,10.20,10.20,true,1,
7290006822840,false,בירה שחורה מאלטי 1.5,מבשלות בירה בינלאומיות ב,IL,בירה מאלטי,ליטרים,1.50,ליטר,false,0,7.40,4.93,true,1,
7290006855183,false,חטיף תמרים אגוזי מלך 4 יח`במארז ברבריא,טבעית מוצרים מן הטבע,IL,חטיפי ברבריא 4יח,גרמים,120.00,100 גרם,false,0,18.90,15.75,true,1,
7290006869128,false,לרוויה-לבן 1.5% שומן 1ל',טרה,IL,לרוויה-לבן 1.5%,ליטרים,1.00,ליטר,false,0,10.80,10.80,true,1,
7290006869449,false,"לבן 3% שומן 150 מ""ל",טרה,IL,לבן 3% שומן טרה,מיליליטרים,150.00,"100 מ""ל",false,0,1.05,0.70,true,1,
7290006873361,false,גוורצטרמינר חצי יבש750מ,יקבי ירושליים,IL,גוורצטרמינר,מיליליטרים,750.00,"100 מ""ל",false,1,44.90,5.99,true,1,
7290006983152,false,קרוטונים מתובלים למרק אסם (400 גרם),קבוצת אוסם סחר שותפות מוגבלת,IL,קרוטונים מתובלים,גרמים,400.00,100 גרם,false,0,19.60,4.90,true,1,
7290006983770,false,עוגת הבית שיש אסם (400 גרם),קבוצת אוסם סחר שותפות מוגבלת,IL,עוגת שיש,גרמים,400.00,100 גרם,false,0,12.50,3.13,true,1,
7290006983787,false,עוגת הבית שוקולד צ'יפס אסם 400 גרם,קבוצת אוסם סחר שותפות מוגבלת,IL,עוגת שוקוצ'יפס,גרמים,400.00,100 גרם,false,0,12.50,3.13,true,1,
7290006983794,false,עוגת הבית בטעם תפוז אסם 400 גרם,קבוצת אוסם סחר שותפות מוגבלת,IL,עוגת תפוז,גרמים,400.00,100 גרם,false,0,12.50,3.13,true,1,
7290006984647,false,חטיפי פריכונים מלוח 80גר,"פרח תעשיות מזון בע""מ.",IL,חטיפי פריכונים,גרמים,80.00,100 גרם,false,0,7.90,9.88,true,1,
7290006989529,false,50אטבי טיטניום מחוזקים,המברשת רוחמה,IL,אטבי טיטניום,יחידה,1.00,יחידה,false,0,19.90,19.90,true,1,
7290006992208,false,מטרנה - דייסת דגנים מעורבים 200 גרם,קבוצת אוסם סחר שותפות מוגבלת,IL,דייסת מטרנה,גרמים,200.00,100 גרם,false,0,13.90,6.95,true,1,
7290006992390,false,"מטרנה - דייסת וניל פרוביוטי כשל""פ 200 גרם",קבוצת אוסם סחר שותפות מוגבלת,IL,דייסת וניל מטרנה,גרמים,200.00,100 גרם,false,0,13.90,6.95,true,1,
7290008000239,false,"שטיפה אינטימית מועשר בלחות פמינה 220 מ""ל",גורי ע.ע.ע בעמ,IL,פמינה לשטיפה,מיליליטרים,220.00,"100 מ""ל",false,0,22.90,10.41,true,1,
7290008000796,false,"סופרמן משחת שיניים לילדים בטעם פירות כצט 50 מ""ל",גורי ע.ע.ע. בע`מ,IL,משחת שיניים,מיליליטרים,50.00,"100 מ""ל",false,0,10.70,21.40,true,1,
7290008021043,false,שמפו פינוק שיער רגיל700מ,יוניליוור ישראל טיפוח אי,IL,שמפו פינוק,מיליליטרים,700.00,"100 מ""ל",false,0,9.90,1.41,true,1,
7290008021050,false,שמפו פינוק יבש מאוד700מל,יוניליוור ישראל טיפוח אי,IL,שמפו פינוק,מיליליטרים,700.00,"100 מ""ל",false,0,9.90,1.41,true,1,
7290008021104,false,מרכך לשיער רגיל פינוק (700 מל),יוניליוור ישראל שיווק בעמ,IL,מרכך שיער פינוק,מיליליטרים,700.00,"100 מ""ל",false,0,9.90,1.41,true,1,
7290008021111,false,מרכך לשיער יבש פינוק (700 מל),יוניליוור ישראל שיווק בעמ,IL,מרכך שיער פינוק,מיליליטרים,700.00,"100 מ""ל",false,0,9.90,1.41,true,1,
7290008094061,false,משחת שיניים פרודונטקס50ג,"מאסטרפוד אוסטריה בע""מ",GB,משחת פרודונטקס,מיליליטרים,50.00,"100 מ""ל",false,0,21.90,43.80,true,1,
7290008096317,false,משחה פרדונטקס פלואוריד50,"מאסטרפוד אוסטריה בע""מ",GB,משחת שיניים,מיליליטרים,50.00,"100 מ""ל",false,0,21.90,43.80,true,1,
7290008142540,false,"מי פה ליסטרין 750 מ""ל",ג'ונסון,US,מי פה ליסטרין,מיליליטרים,750.00,"100 מ""ל",false,0,40.00,5.33,true,1,
7290008142694,false,"מי פה ליסטרין 750 מ""ל",ג'ונסון,US,מי פה ליסטרין,מיליליטרים,750.00,"100 מ""ל",false,0,40.00,5.33,true,1,
7290008154222,false,עוף טוב שניצלונים 700 גרם,קבוצת אוסם סחר-שות.מוגבלת,IL,שניצלונים 700ג,גרמים,700.00,100 גרם,false,0,19.80,2.83,true,1,
7290008175487,false,ממרח לורפק בלי מלח 250ג,ארלה,,לורפק ממרח חמאה,גרמים,250.00,100 גרם,false,0,15.80,6.32,true,1,
7290008175760,false,מנצגו חלב כבשים מעדניה שקיל,אלפסטור,,גבינת מנצ'גו,קילוגרמים,0.00,"ק""ג",true,0,109.00,109.00,true,1,
7290008175777,false,גבינת איבריקו31% במשקל,יושלם,,גבינת איבריקו,קילוגרמים,0.00,"ק""ג",true,0,109.00,109.00,true,1,
7290008175814,false,וילי פוד פטריות שמפיניון חתוך בדץ 400ג,ג.וילי פוד אינטרנשיונל בעמ,IL,פטריות חתוכות,גרמים,400.00,100 גרם,false,0,4.00,1.00,true,1,
7290008175906,false,גבינת עיזים חלב ארינ,אלמטאה,,גבינת עיזים100%,קילוגרמים,0.00,"ק""ג",true,0,125.00,125.00,true,1,
7290008190664,false,"כרמית אפיפיות אגוז ושוקולד חלב 110 גר' כשל""פ",כרמית,IL,אגו ופל אגוזים,גרמים,130.00,100 גרם,false,0,6.90,5.31,true,1,
7290008190909,false,עוגיות מיני קוקיס שוקולד צ'יפס בצנצנת כרמית 600 גרם,כרמית תעשיות ממתקים בעמ,IL,מיני קוקיס,גרמים,600.00,100 גרם,false,0,15.90,2.65,true,1,
7290008213493,false,טוטאל משחה להלבנה קולגייט (100 מל),הנסיך- מפעל לייצור ט,PL,משחה קולגייט להלבנה 100מ,מיליליטרים,100.00,"100 מ""ל",false,0,12.90,12.90,true,1,
7290008263023,false,פסטה פוסילי מלא אורגני הרדוף 500 גרם,פסטיפיסוי פליצ'טי,IT,פוסילי אורגני,גרמים,500.00,100 גרם,false,0,9.90,1.98,true,1,
7290008263030,false,פסטה פנה מלא אורגני הרדוף 500 גרם,פסטיפיסוי פליצ'טי,IT,פנה פסטה אורגנית,גרמים,500.00,100 גרם,false,0,9.80,1.96,true,1,
7290008263375,false,רסק עגבניות 4 יח,,IL,רסק עגבניות 4 יח,גרמים,400.00,100 גרם,false,0,14.80,3.70,true,1,
7290008263443,false,משקה סויה מעושר אורגני1ל,,IL,משקה סויה,ליטרים,1.00,ליטר,false,0,13.50,13.50,true,1,
7290008263481,false,הרדוף פסטה פנה מקמח לבן 500 גרם,פסטיפיסוי פליצ'טי,IT,פסטה פנה לבן,גרמים,500.00,100 גרם,false,0,9.80,1.96,true,1,
7290008263658,false,"משקה סויה ללת""ס אורגני 1 ליטר",ליקואטס,IL,משקה סויה,ליטרים,1.00,ליטר,false,0,13.50,13.50,true,1,
7290008263665,false,"לחם דגנים""רק בריאות750""ג",הרדוף,IL,לחם דגנים,גרמים,750.00,100 גרם,false,0,14.90,1.99,true,1,
7290008263726,false,טחינה אורג.שומשום מלא400,אחדות,IL,טחינה אורגנית,גרמים,400.00,100 גרם,false,0,17.90,4.48,true,1,
7290008263764,false,פסטה פוזילי טריקולור אורגנית 500 גר,פסטיפיסוי פליצ'טי,IT,פוזילי אורגני,גרמים,500.00,100 גרם,false,0,12.40,2.48,true,1,
7290008328913,false,סילאן טבעי 100% 900 גרם יורו פוד,בני ג ורג שוקחה (חיפה) בעמ,IL,סילאן טבעי טהור,גרמים,900.00,100 גרם,false,0,21.70,2.41,true,1,
7290008330107,false,מרכך כביסה סגול בדין (4 ליטר),יוניליוור ישראל שיווק בע`מ,IL,מרכך כביסה בדין,ליטרים,4.00,ליטר,false,0,19.90,4.98,true,1,
7290008330398,false,בדין דפים למייבש כביסה כחול 40 יחידות,יוניליוור ישראל שיווק בע`מ,US,בדין דפי מרכך,יחידה,1.00,יחידה,false,0,14.90,14.90,true,1,
7290008336772,false,גידים חלק קפוא מחיר לפי,נטו,IL,גידים קפוא,קילוגרמים,0.00,"ק""ג",true,0,39.90,39.90,true,1,
7290008340618,false,סלמון מעושן מצונן דלידג 100 ג',נטו מילנדה סחר בעמ*,IL,סלמון מעושן,גרמים,100.00,100 גרם,false,0,19.90,19.90,true,1,
7290008343466,false,בצק פילו שלושת האופים (500 גרם),שלושת האופים שגמור,IL,בצק פילו 500 גרם,גרמים,500.00,100 גרם,false,0,20.70,4.14,true,1,
7290008343558,false,סיגרים במילוי בשר פיקנטי 1 ק``ג קפוא,נטו מלינדה סחר בע`מ,IL,סיגרים פיקנטי,קילוגרמים,1.00,"ק""ג",false,0,24.90,24.90,true,1,
7290008343565,false,"סיגרים תפו""א 1 ק""ג שלושת האופים",נטו מלינדה סחר בעמ,IL,"סיגרים תפו""א",קילוגרמים,1.00,"ק""ג",false,0,24.90,24.90,true,1,
7290008343572,false,אגרול סיני 1 קג -שלושת האופים,נטו מלינדה סחר בע`מ,IL,אגרול סיני,גרמים,1000.00,100 גרם,false,0,24.90,2.49,true,1,
7290008343602,false,"קובה בשר 1 ק""ג שלושת האופים",נטו מלינדה סחר בעמ,IL,קובה במילוי בשר,קילוגרמים,1.00,"ק""ג",false,0,24.90,24.90,true,1,
7290008343626,false,"כדורי פלאפל 1 ק""ג שלושת האופים",נטו מלינדה סחר בע`מ,IL,פלאפל 1 ק'ג,גרמים,1000.00,100 גרם,false,0,24.90,2.49,true,1,
7290008344272,false,המבורגר 100% טיבון ויל 400 גרם,טיבון ויל אחזקות בעמ,IL,המבורגר בקר,גרמים,400.00,100 גרם,false,0,20.90,5.23,true,1,
7290008345576,false,סלט איקרה ביתית לבנה 300 גרם דלידג,נטו מלינדה סחר בע`מ,IL,איקרה ביתית לבנה,גרמים,300.00,100 גרם,false,0,17.90,5.97,true,1,
7290008345583,false,סלט איקרה ביתית ורודה דלידג (300 גרם),נטו מלינדה סחר בע`מ,IL,איקרה ביתית,גרמים,300.00,100 גרם,false,0,17.90,5.97,true,1,
7290008409100,false,אצבעות שניצל בציפוי שומשום מאמא עוף 700 גרם,תנובה גליל שותפות מוגבלת,IL,אצבעות שניצל,גרמים,700.00,100 גרם,false,0,36.90,5.27,true,1,
7290008409124,false,מאמא עוף קפוא שניצל ג'ונגל פריך 700 גרם,תנובה מרכז שיתופי לשיווק תוצרת,IL,שניצל ג'ונגל,גרמים,700.00,100 גרם,false,0,36.90,5.27,true,1,
7290008409216,false,מאמא עוף קפוא שניצל דק פריך 700 גרם,תנובה מרכז שיתופי לשיווק תוצרת,IL,שניצל דק דק פריך,גרמים,700.00,100 גרם,false,0,42.50,6.07,true,1,
7290008409223,false,שניצל דק דק מתובל מאמא עוף (700 גרם),תנובה מרכז שיתופי לשיווק תוצרת,IL,שניצל דק מתובל,גרמים,700.00,100 גרם,false,0,42.50,6.07,true,1,
7290008409308,false,כנפי עוף בתיבול גריל400ג,תנובה גליל שותפות מוגבלת,IL,כנפי עוף בתיבול,גרמים,400.00,100 גרם,false,0,27.30,6.83,true,1,
7290008409315,false,שניצלונים בציפוי פריך מיני מיני דק מאמא עוף 500 גרם,תנובה מרכז שיתופי לשיווק תוצרת,IL,מיני דק שניצלוני,גרמים,500.00,100 גרם,false,0,27.90,5.58,true,1,
7290008409377,false,שווארמה פרגיות 400 גרם,תנובה גליל שותפות מוגבלת,IL,שווארמה 400 גר,יחידה,1.00,יחידה,false,0,38.70,38.70,true,1,
7290008409421,false,גריל חזה עוף טרי 420 גרם,תנובה גליל שותפות מו,IL,גריל חזה עוף,גרמים,420.00,100 גרם,false,0,37.70,8.98,true,1,
7290008409452,false,"שישליק עוף אמיתי ""מאמעוף",תנובה גליל שותפות מוגבלת,IL,שישליק עוף אמי,גרמים,400.00,100 גרם,false,0,37.70,9.43,true,1,
7290008409469,false,"שווארמה אמיתי""מאמאעוף400",תנובה,IL,שווארמה אמיתי,גרמים,400.00,100 גרם,false,0,38.70,9.68,true,1,
7290008409476,false,"קציצות עוף""מאמאעוף"" 480",תנובה גליל,IL,קציצות עוף,גרמים,480.00,100 גרם,false,0,27.30,5.69,true,1,
7290008409551,false,שניצל עוף אמיתי בציפוי מעודן 700 ג' מאמא עוף,תנובה מרכז שיתופי לשיווק תוצרת,IL,שניצל עוף אמיתי,גרמים,700.00,100 גרם,false,0,41.70,5.96,true,1,
7290008409568,false,שניצל עוף אמיתי בציפוי שבבי ציפס 700 גר,תנובה גליל שותפות מוגבלת,IL,שניצל ציפס אמיתי,גרמים,700.00,100 גרם,false,0,41.70,5.96,true,1,
7290008409575,false,פילה עוף שומשום 700 גרם,תנובה,IL,פילה עוף שומשום,גרמים,700.00,100 גרם,false,0,41.70,5.96,true,1,
7290008409582,false,שניצל עוף אמיתי בציפוי ביתי מאמא עוף 700 גרם,תנובה מרכז שיתופי לשיווק תוצרת,IL,שניצל אמיתי ביתי,גרמים,700.00,100 גרם,false,0,41.70,5.96,true,1,
7290008409643,false,פילה עוף בתיבול על האש 0,תנובה גליל שותפות מוגבלת,IL,פילה עוף,גרמים,600.00,100 גרם,false,0,43.90,7.32,true,1,
7290008409667,false,טבעות עוף בציפוי 700 גרם,תנובה גליל שותפות מוגבלת,IL,טבעות עוף 700גרם,גרמים,700.00,100 גרם,false,0,36.90,5.27,true,1,
7290008409773,false,קציצות עוף אמיתיות קפואות 700 גרם קפוא,תנובה מרכז שיתופי לשיווק תוצרת,IL,קציצות אמיתיות,גרמים,700.00,100 גרם,false,0,31.60,4.51,true,1,
7290008415071,false,צבר חומוס עם טחינה עגול 150 גרם,קבוצת אוסם סחר שותפות מוגבלת,IL,חומוס עם טחינה,גרמים,150.00,100 גרם,false,0,5.40,3.60,true,1,
7290008415514,false,צבר חומוס עם חריף עגול 150 גרם,קבוצת אוסם סחר שותפות מוגבלת,IL,חומוס עם חריף,גרמים,150.00,100 גרם,false,0,4.90,3.27,true,1,
7290008425209,false,זיתים פיקואל 400 גרם,,IL,זיתים אורגניים,גרמים,400.00,100 גרם,false,0,19.90,4.98,true,1,
7290008443647,false,"מרכך לשיער מתולתל סגול, 750 מ""ל נקה 7",החברה הדרומית לשיווק בעמ,IL,קונדישנר נקה 7,מיליליטרים,750.00,"100 מ""ל",false,0,10.00,1.33,true,1,
7290008461177,false,גבינת חלומי בקר צאן,פ.פ.ח. שאביט,GR,גבינת חלומי,גרמים,200.00,100 גרם,false,0,21.90,10.95,true,1,
7290008461221,false,סרדינים רוברט בשמן חמניות 115 גרם,א. סיימן סחר בעמ,PT,סרדין רוברט,גרמים,120.00,100 גרם,false,0,5.90,4.92,true,1,
7290008461283,false,גבינת טריפל צ'דר חצי קשה הגבינות של נני 200 גרם,שבינגטון,GB,גבינת טריפל צ'דר,גרמים,200.00,100 גרם,false,1,20.90,10.45,true,1,
7290008462204,false,חרדל דיז'ון מקורי נטו מאי 380 גרם,א. סיימן סחר בעמ,FR,חרדל דיז'ון,גרמים,380.00,100 גרם,false,0,14.90,3.92,true,1,
7290008462259,false,חרדל דיז'ון גרגירים מיילי 380 גרם,א. סיימן סחר בעמ,FR,חרדל דיז'ון,גרמים,380.00,100 גרם,false,0,17.70,4.66,true,1,
7290008464000,false,שישיית משקה סבן אפ 1,טמפו 7.5%,IL,סבן אפ 6 יחידות,ליטרים,9.00,ליטר,false,0,25.90,2.88,true,1,
7290008464017,false,שישיית משקה דיאט סבן,"טמפו משקאות בע""\מ",IL,סבן אפ דיאט 6 יח,ליטרים,9.00,ליטר,false,0,25.90,2.88,true,1,
7290008464024,false,"בירה גולדסטאר Unfiltered, בירה לא מסוננת, פחית 500 מ""ל","טמפו משקאות בע""מ",IL,גולדסטאר בפחית,מיליליטרים,500.00,"100 מ""ל",false,0,9.40,1.88,true,1,
7290008464130,false,"בירה גולדסטאר Unfiltered, בירה לא מסוננת, מארז שישייה, בקבוק 330 מ""ל",טמפו משקאות בעמ,IL,בירה גולדסטאר6יח,ליטרים,1.98,ליטר,false,0,45.90,23.18,true,1,
7290008464222,false,"בירה מכבי 7.9%, בירה חזקה, פחית 500 מ""ל","טמפו משקאות בע""\מ",IL,בירה מכבי 7.9%,מיליליטרים,500.00,"100 מ""ל",false,1,5.90,1.18,true,1,
7290008464406,false,פפסי מקס – משקה מוגז דל קלוריות פחיות 300 מל' שישייה,"טמפו משקאות בע""מ",IL,פפסי מקס פחית,מיליליטרים,330.00,"100 מ""ל",false,0,5.90,1.79,true,1,
7290008464604,false,"בירה הייניקן פחית 500 מ""ל",טמפו משקאות בע''מ,IL,בירה היינקן פחית,מיליליטרים,500.00,"100 מ""ל",false,0,7.90,1.58,true,1,
7290008464697,false,"בירה מכבי 7.9%, בירה חזקה, מארז שישייה, בקבוק 330 מ""ל",טמפו משקאות בעמ,IL,בירה מכבי 6 יח,ליטרים,1.98,ליטר,false,0,29.90,15.10,true,1,
7290008464703,false,"שישיית בירה מכבי בקבוק 330 מ""ל",טמפו משקאות בע''מ,IL,בירה מכבי 6 בקב.,ליטרים,1.98,ליטר,false,0,24.90,12.58,true,1,
7290008464734,false,"שישיית בירה גולדסטאר לאגר SLOW BREW בקבוק 330 מ""ל",טמפו משקאות בע''מ,IL,בירה גולדסטאר6יח,מיליליטרים,1980.00,"100 מ""ל",false,1,44.90,2.27,true,1,
7290008464741,false,"בירה גולדסטאר, מארז שישייה, בקבוק 330 מ''ל","טמפו משקאות בע""\מ",IL,גולדסטאר 6 יח',ליטרים,1.98,ליטר,false,0,35.90,18.13,true,1,
7290008464987,false,שישיית מי סודה טמפו 1.5 ליטר,"טמפו משקאות בע""מ",IL,סודה טמפו שישיה,ליטרים,9.00,ליטר,false,0,14.50,1.61,true,1,
7290008469500,false,זרוע חלק בית יוסף קג',לחוביץ,XX,זרוע חלק ב.יוס,קילוגרמים,0.00,"ק""ג",true,0,44.50,44.50,true,1,
7290008470742,false,מסטיק פייב ספירמינט13*8ג,ריגלי,FR,מסטיק פייב 8 יח,גרמים,104.00,100 גרם,false,0,17.50,16.83,true,1,
7290008470759,false,מסטיק אורביט סטיקס ספירמינט שמיניה,מרס ריגלי ישראל בעמ,FR,מסטיק אורביט 8יח,גרמים,104.00,100 גרם,false,0,15.30,14.71,true,1,
7290008470766,false,מסטיק אורביט פפרמינט מארז שמינייה,מרס ריגלי ישראל בעמ,FR,מסטיק אורביט,גרמים,104.00,100 גרם,false,0,15.30,14.71,true,1,
7290008493314,false,בייגלה שמיניות מלוח400גר,מאיר את ביגל,IL,בייגלה שמיניות,גרמים,400.00,100 גרם,false,0,8.50,2.13,true,1,
7290008493390,false,גריסיני קלאסי מאיר ב,חטיפים מלוחים 2 ב-16,IL,גריסיני טבעי,גרמים,200.00,100 גרם,false,0,9.40,4.70,true,1,
7290008493406,false,גריסיני שומשום 175 גרם,מאיר את ביגל,IL,גריסיני שומשום,גרמים,175.00,100 גרם,false,0,9.40,5.37,true,1,
7290008493413,false,פירורי לחם מאיר בייגל פירורי גריסיני 200 גרם,"דנשר (1963) בע,מ",IL,פירורי גריסיני,גרמים,200.00,100 גרם,false,0,6.20,3.10,true,1,
7290008493482,false,בייגלה גדול שומשום 300גר,מאיר את ביגל,IL,בייגלה שומשום,גרמים,300.00,100 גרם,false,0,8.50,2.83,true,1,
7290008493499,false,בייגלה שטוחל'ה מלח350גרם,מאיר את ביגל,IL,בייגלה שטוחל'ה,גרמים,350.00,100 גרם,false,0,9.90,2.83,true,1,
7290008493505,false,בייגלה שטוחל'ה שומשום300,מאיר את ביגל,IL,בייגלה שטוחלה,גרמים,300.00,100 גרם,false,0,9.90,3.30,true,1,
7290008493574,false,בייגלה שטוחלה פינוקים300,מאיר את ביגל,IL,שטוחלה פינוקים,גרמים,300.00,100 גרם,false,0,9.90,3.30,true,1,
7290008493642,false,בייגלה חיטה מלאה 300ג,מאיר את ביגל,IL,בייגלה שטוחלה,גרמים,300.00,100 גרם,false,0,9.90,3.30,true,1,
7290008493710,false,פירורי לחם מאיר בייגל פרורי גריסני זהב 200 גרם,"דנשר (1963) בע,מ",IL,פירורי גריסיני,גרמים,200.00,100 גרם,false,1,6.20,3.10,true,1,
7290008493765,false,שטוחל'ה צ'ילי מתוק 300גר,מאיר את ביגל,IL,שטוחל'ה צ'ילי,גרמים,300.00,100 גרם,false,1,9.90,3.30,true,1,
7290008493857,false,בייגלה בצל על האש 300גרם,מאיר את ביגל,IL,בייגלה בצל,גרמים,300.00,100 גרם,false,1,8.90,2.97,true,1,
7290008515221,false,עלים לסיגרים 500 גרם,יסמין,IL,עלים לסיגרים,גרמים,500.00,100 גרם,false,0,11.80,2.36,true,1,
7290008614986,false,סרדין מרוקאי קפוא לקג,.,IL,סרדין מרוקאי קפו,יחידה,1.00,יחידה,false,1,19.90,19.90,true,1,
7290008644112,false,אחלה יום יום סלט מטבוחה יום יום 125 גרם,שטראוס גרופ בעמ/מצונן,IL,מטבוחה יום יום,גרמים,125.00,100 גרם,false,0,4.90,3.92,true,1,
7290008644235,false,מבחר עלי בייבי 120 גרם-טעם הטבע,שטראוס בריאות ירקות טריי,IL,עלי בייבי,גרמים,120.00,100 גרם,false,0,9.90,8.25,true,1,
7290008644839,false,ח.ערבית/איסברג-300שטראוס,ביכורי השדה הצפון בעמ` 1964,IL,ח.ערבית/אייסברג,גרמים,300.00,100 גרם,false,0,10.50,3.50,true,1,
7290008644945,false,סלט המושבה שטראוס 450 גר`-טעם הטבע,שטראוס בריאות ירקות טריי,IL,סלט המושבה,גרמים,450.00,100 גרם,false,0,12.90,2.87,true,1,
7290008645935,false,אחלה חומוס לניגוב 750 גרם,שטראוס גרופ בעמ/מצונן,IL,חומוס אחלה,גרמים,750.00,100 גרם,false,0,10.00,1.33,true,1,
7290008670142,false,"יין רקנאטי יסמין אדום 2019 750 מ""ל",היכל היין שקד גולן בעמ,IL,רקנאטי יסמין,מיליליטרים,750.00,"100 מ""ל",false,0,29.90,3.99,true,1,
7290008690164,false,ק.קולה לימון דיאט1.5ליטר,החברה המרכזית להפצת משקאות בעמ,IL,קולה דיאט לימון,ליטרים,1.50,ליטר,false,0,6.80,4.53,true,1,
7290008690713,false,נקטר חמוציות אושן ספריי פריגת (1 ליטר),החברה המרכזית להפצת משקאות בעמ,IL,נקטר חמוציות,ליטרים,1.00,ליטר,false,0,10.20,10.20,true,1,
7290008693134,false,מעדן גבינה ויוגורט בטעם תות 5% שומן 88 ג' דניאלה,שטראוס גרופ בעמ/מצונן,IL,דניאלה תות מוקצף,מיליליטרים,150.00,"100 מ""ל",false,0,4.30,2.87,true,1,
7290008711845,false,קליאו ק.גוף סקין קר מועשר באבקת פנינה - ורוד,"ביסקול בע""מ",IL,קרם גוף קליאו,מיליליטרים,400.00,"100 מ""ל",false,0,13.40,3.35,true,1,
7290008713016,false,לחם שבעה דגנים קל 500גרם,מאפיית שלמה א. אנג'\ל בע,IL,לחם שבעה דגנים קל 500גרם,גרמים,500.00,100 גרם,false,0,15.50,3.10,true,1,
7290008713900,false,לחם שיפון עגול פרוס אחדות (750 גרם),מאפיית אנג'\ל אורנים מאפ,IL,לחם שיפון עגול 750 גרם,גרמים,750.00,100 גרם,false,0,11.50,1.53,true,1,
7290008713917,false,לחם שיפון כהה פרוס מאפיית אחדות 750 גרם,מאפיית שלמה א. אנג'\ל בע,IL,לחם שיפון כהה,גרמים,750.00,100 גרם,false,0,11.50,1.53,true,1,
7290008745239,false,תפוצ'יפס קראנצ' בטעם טבעי עלית 50 גרם,"שטראוס פריטו ליי בע""\מ )",IL,תפוצ'יפס קראנצ',גרמים,50.00,100 גרם,false,0,3.90,7.80,true,1,
7290008747424,false,שוקולד במילוי תות 100גרם,STRAUSS-ISRAEL,IL,שוקולד במלוי תות,גרמים,100.00,100 גרם,false,0,5.50,5.50,true,1,
7290008747431,false,שוקולד פרה במילוי תות50ג,שטראוס גרופ,IL,שוקולד פרה תות,גרמים,50.00,100 גרם,false,0,3.90,7.80,true,1,
7290008747516,false,צ'יטוס איקס עיגול 15*10ג,עלית,IL,צ'יטוס 10 יח',גרמים,150.00,100 גרם,false,0,9.90,6.60,true,1,
7290008748384,false,שוקולד מריר 70% ספלנדיד (100 גרם),שטראוס גרופ בעמ,IL,שוקולד ספלנדיד,גרמים,100.00,100 גרם,false,0,10.90,10.90,true,1,
7290008750264,false,"מסטיק מאסט ציקלס דובדבן 28 גרם לל""ס מגדים",שטראוס גרופ בע`מ,IL,מסטיק מאסט,גרמים,28.00,100 גרם,false,0,4.30,15.36,true,1,
7290008750400,false,שוקולד לבן+עוגיות100 גרם,שטראוס גרופ,IL,שוקולדלבן עוגיות,גרמים,100.00,100 גרם,false,0,5.50,5.50,true,1,
7290008752244,false,תפוצ'יפס קראנץ' בטעם גריל עלית 50 גרם,"שטראוס פריטו ליי בע""\מ )",IL,תפוצ'יפס גריל,גרמים,50.00,100 גרם,false,0,3.90,7.80,true,1,
7290008753111,false,תפוצ'יפס קראנץ' בטעם מקסיקני עלית 50 גרם,"שטראוס פריטו ליי בע""\מ )",IL,תפוצ'יפס קראנצ',גרמים,50.00,100 גרם,false,0,3.90,7.80,true,1,
7290008753876,false,בפלות עוגת גבינה+פירו350,STRAUSS-ISRAEL,IL,בפלות פירורים,גרמים,350.00,100 גרם,false,0,15.40,4.40,true,1,
7290008753982,false,שוקולד חלב אוורירי 85גרם,STRAUSS-ISRAEL,IL,שוקולד אוורירי,גרמים,85.00,100 גרם,false,0,5.50,6.47,true,1,
7290008754415,false,גומי מאסט בטעם ספירמינט עדין פליפטופ 28 ג' עלית,שטראוס גרופ בע`מ,IL,מסטיק מאסט LL,גרמים,28.00,100 גרם,false,0,4.30,15.36,true,1,
7290008754422,false,גומי מאסט בטעם פפרמינט קלאסי פליפטופ 28 ג' עלית,שטראוס גרופ בע`מ,IL,מסטיק LL MUST,גרמים,28.00,100 גרם,false,0,4.30,15.36,true,1,
7290008754613,false,רולדת שוקולד מצופה 350גר,STRAUSS-ISRAEL,IL,רולדת שוקולד,גרמים,350.00,100 גרם,false,0,14.90,4.26,true,1,
7290008754682,false,רולדת קוקוס מצופה 350גרם,STRAUSS-ISRAEL,IL,רולדת קוקוס,גרמים,350.00,100 גרם,false,0,14.90,4.26,true,1,
7290008757980,false,קרטונית ספרינג נקטר רימונים 1 ליטר,יפאורה שותפות מוגבלת לשיווק,IL,נקטר רימונים,ליטרים,1.00,ליטר,false,0,5.30,5.30,true,1,
7290008775731,false,"רוטב וינגרט קלאסי 290מ""ל",אסם,IL,רוטב ויניגרט אסם,מיליליטרים,290.00,"100 מ""ל",false,0,10.90,3.76,true,1,
7290008775816,false,ערגליות עוגיות במילוי שוקולד אסם 300 גרם,קבוצת אוסם סחר שותפות מוגבלת,IL,ערגליות שוקו,גרמים,300.00,100 גרם,false,0,10.80,3.60,true,1,
7290008775823,false,ערגליות עוגיות תות שדה אסם 300 גרם,קבוצת אוסם סחר שותפות מוגבלת,IL,ערגליות תות,גרמים,300.00,100 גרם,false,0,10.80,3.60,true,1,
7290008775892,false,פסטה פרפקטו לינגוויני (11) 500 גרם,קבוצת אוסם סחר-שות.מוגבלת,IT,ספגטי לינגויני,גרמים,500.00,100 גרם,false,0,6.90,1.38,true,1,
7290008801522,false,יין קינג דויד קונקורד אדום מתוק 750 מל,אגודת הכורמים הקואופרטיב,IL,יין קונקורד,מיליליטרים,750.00,"100 מ""ל",false,0,20.00,2.67,true,1,
7290008801539,false,כרמל 120 אדום מתוק 750 מל קינג דיוויד,אגודת הכורמים הקואופרטיב,IL,קינג דיוויד,מיליליטרים,750.00,"100 מ""ל",false,0,20.00,2.67,true,1,
7290008801843,false,סלקטד קברנה סובניון יקבי כרמל (750 מל),אגודת הכורמים בעמ,,קברנה סוביניון,מיליליטרים,750.00,"100 מ""ל",false,0,23.90,3.19,true,1,
7290008801850,false,סלקטד אמרלד ריזלינג לבן חצי יבש 750 מל,אגודת הכורמים הקואופרטיב,IL,אמרלד ריזלינג,מיליליטרים,750.00,"100 מ""ל",false,0,23.90,3.19,true,1,
7290008802291,false,יין מרלו פרייבט קולקשן יקבי כרמל,אגודת הכורמים הקואופרטיב,,מרלו P.C,מיליליטרים,750.00,"100 מ""ל",false,0,34.90,4.65,true,1,
7290008804189,false,יין קברנה סוביניון גליל עליון סדרה אזורית יקבי כרמל,אגודת הכורמים הקואופרטיב,IL,קברנה סוביניון,מיליליטרים,750.00,"100 מ""ל",false,0,49.90,6.65,true,1,
7290008804462,false,יין מוסקט קינוח פרייבט קולקשן יקבי כרמל,אגודת הכורמים הקואופרטיב,IL,מוסקט קינוח,מיליליטרים,500.00,"100 מ""ל",false,0,32.80,6.56,true,1,
7290008806909,false,גלידה לייט שוקו וניל1.33,שטראוס,IL,גלידה לייט,ליטרים,1.33,ליטר,false,0,19.90,14.96,true,1,
7290008806961,false,גלידה שוקולד שבבי שוקולד פרה 1.33 ל' קרמיסימו,"גלידת שטראוס בע""\מ, רחוב",IL,גלידה קרמיסימו,ליטרים,1.33,ליטר,false,0,19.90,14.96,true,1,
7290008806985,false,נישנושים גלידה שוקו וניל בציפוי שוקולד 60 יח' קרמיסימו,"גלידת שטראוס בע""\מ, רחוב",IL,נשנושי שוקווניל,גרמים,630.00,100 גרם,false,0,49.90,7.92,true,1,
7290008807012,false,"יין טבע מוסקט חצי יבש 750 מ""ל",ויטה פרי גליל (החדשה) בע`מ,IL,טבע מוסקט,מיליליטרים,750.00,"100 מ""ל",false,0,19.90,2.65,true,1,
7290008807029,false,"יין טבע אמרלד ריזלינג 750 מ""ל",יקבי בינימינה,IL,אמרלד ריזלינג,מיליליטרים,750.00,"100 מ""ל",false,0,19.90,2.65,true,1,
7290008807050,false,"יין טבע קברנה סובניון 750 מ""ל",אליעז בנימינה,IL,טבע קברנה,מיליליטרים,750.00,"100 מ""ל",false,0,19.90,2.65,true,1,
7290008830676,false,תערובת מן הטבע יחידה,"דין שיווק וקלייה בע""",IL,תערובת מן הטבע,יחידה,1.00,יחידה,false,0,5.00,5.00,true,1,
7290008830690,false,מובחרים מן הטבע יחידה,קונסיגנציה-דין שיווק וקליה 202,IL,מובחרין מן הטבע,יחידה,1.00,יחידה,false,0,10.00,10.00,true,1,
7290008830836,false,תיבול לשניצל גריל 300גרם,,,תיבול לשניצל גריל 300גרם,גרמים,300.00,100 גרם,false,0,5.90,1.97,true,1,
7290008846219,false,"שמן זית כתית מעולה חלוצה 750 מ""ל",האי נאם סי או אל.טי.,IL,שמן זית כתית,מיליליטרים,750.00,"100 מ""ל",false,0,39.70,5.29,true,1,
7290008849470,false,ממרח פלפל צ'ומה אוליביה 185 גרם,תה ויסוצקי (ישראל)בעמ,IL,פלפל צ'ומה,גרמים,185.00,100 גרם,false,0,13.70,7.41,true,1,
7290008849753,false,רוטב טריאקי אוליביה 300 גרם,תה ויסוצקי (ישראל)בעמ,IL,ר.טריאקי עשיר,מיליליטרים,290.00,"100 מ""ל",false,0,13.90,4.79,true,1,
7290008849982,false,רוטב פיצה חריף 430 גרם,אוליביה,IL,רוטב פיצה חריף,גרמים,430.00,100 גרם,false,1,11.90,2.77,true,1,
7290008909167,false,"משק""ל פריגת ענבי מרלו1.5",פריגת,IL,פריגת ענבים,ליטרים,1.50,ליטר,false,0,6.50,4.33,true,1,
7290008909440,false,פאנטה אורנג' מנגו 1.5 ל',החברה המרכזית לייצור משקאות,IL,פאנטה אורנג',ליטרים,1.50,ליטר,false,0,6.90,4.60,true,1,
7290008909723,false,טובורג רד שישיה מהדורה חדשה.,החברה המרכזית להפצת משקאות בעמ,IL,טובורג 1+5 בקבוק,ליטרים,1.98,ליטר,false,1,34.90,17.63,true,1,
7290008909853,false,"קוקה קולה זירו בקבוק 500 מ""ל.",החברה המרכזית להפצת משקאות בעמ,IL,קוקה קולה ZERO,מיליליטרים,500.00,"100 מ""ל",false,0,6.90,1.38,true,1,
7290008909860,false,קוקה קולה זירו בקבוק 1.5ל,החברה המרכזית לייצור משקאות,IL,קוקה קולה ZERO,ליטרים,1.50,ליטר,false,0,6.90,4.60,true,1,
7290008909877,false,קוקה- קולה zero מארז שישייה,החברה המרכזית לייצור משקאות,IL,קולה זירו 1.5*6ל,ליטרים,9.00,ליטר,false,0,36.90,4.10,true,1,
7290008926751,false,כנף הודו נ.טרי ארוז,מילועוף,IL,כנף הודו טרי,קילוגרמים,0.00,"ק""ג",true,0,17.90,17.90,true,1,
7290008926812,false,חזה הודו נ.טרי ארוז,מילועוף,IL,חזה הודו טרי,קילוגרמים,0.00,"ק""ג",true,0,29.90,29.90,true,1,
7290008926829,false,שוארמה הודו נ.טרי ארוז,מילועוף,IL,שוארמה הודו טרי,קילוגרמים,0.00,"ק""ג",true,0,54.90,54.90,true,1,
7290008926867,false,גרון הודו נ.טרי ארוז,מילועוף,IL,גרון הודו טרי,קילוגרמים,0.00,"ק""ג",true,0,23.90,23.90,true,1,
7290008945172,false,"שקיות אשפה עם שרוך 52 * 65 ס""מ גלילונית 40 יחידות","אשפלסט תעשיות בע""מ",IL,גלילונית לפח,יחידה,1.00,יחידה,false,0,16.80,16.80,true,1,
7290008945202,false,שקיות אשפה לפח ענק 90x75 גלילונית) (50,"קילט ניהול פרוייקטים בע""מ",IL,גלילונית למשרד,יחידה,1.00,יחידה,false,0,12.90,12.90,true,1,
7290008975551,false,תחליף חלב מטרנה מהדרין שלב 3 חלבי 700 גרם,קבוצת אוסם סחר שותפות מוגבלת,IL,מטרנה מהדרין 3,גרמים,700.00,100 גרם,false,0,49.90,7.13,true,1,
7290008975780,false,"מזון לכלבים בונזו מזון כלבים גזע קטן 3 ק""ג",דיפלומט מפיצים (1968) בעמ**,IL,בונזו גזע קטן,קילוגרמים,3.00,"ק""ג",false,0,44.90,14.97,true,1,
7290008989473,false,ממרח חרובים בטעם שוקולד בטר אנד דיפרנט 350 גרם,"בטר אנד דיפרנט בע""מ",IL,ממרח חרובים,גרמים,350.00,100 גרם,false,0,12.90,3.69,true,1,
7290008989602,false,בטר פצפוצי אורז מלא 450 גר`ללא גלוטן,בטר אנד דיפרנט בעמ,IL,אורז תפוח מלא,גרמים,450.00,100 גרם,false,0,16.20,3.60,true,1,
7290008989671,false,"ציפוי עדיף פריך ""ללא גלוטן"" בטר אנד דיפרנט 250 גרם",בטר אנד דיפרנט בעמ,IL,ציפוי עדיף פריך,גרמים,250.00,100 גרם,false,0,9.90,3.96,true,1,
7290008989848,false,ממרח חמאת בוטנים קרנצי בטר אנד דיפרנט 350 גרם,בטר אנד דיפרנט B&D,IL,חמאת בוטנים,גרמים,350.00,100 גרם,false,0,11.90,3.40,true,1,
7290009011043,true,פילה אמנון טרי שופרסל קג,דגת הארץ,IL,פילה אמנון טרי,קילוגרמים,0.00,"ק""ג",true,1,86.90,86.90,true,1,
7290009011050,true,פילה בורי טרי שופרסל לקג,דגת הארץ,IL,פילה בורי טרי,קילוגרמים,0.00,"ק""ג",true,1,97.90,97.90,true,1,
7290009011067,true,פילה באס טרי שופרסל לקג,דגת הארץ,IL,פילה באס טרי,קילוגרמים,0.00,"ק""ג",true,1,119.90,119.90,true,1,
7290009011111,true,דניס שלם טרי שופרסל לקג,דגת הארץ,IL,דניס שלם טרי,קילוגרמים,0.00,"ק""ג",true,1,89.90,89.90,true,1,
7290009011128,true,נתחי סלמון טרי שופרסל לק,דגת הארץ,IL,פילה סלמון טרי,קילוגרמים,0.00,"ק""ג",true,1,119.90,119.90,true,1,
7290009011159,true,אמנון שלם טרי שופרסל לקג,דגת הארץ,IL,אמנון שלם טרי,קילוגרמים,0.00,"ק""ג",true,1,36.90,36.90,true,1,
7290009068955,true,חמניות קלופות טבעי,דין שיווק,IL,חמניות קלופות טבעי,גרמים,0.00,"ק""ג",true,0,45.00,45.00,true,1,
7290009069679,true,שעועית/קטניות במשקל,,,שעועית קטניות,קילוגרמים,0.00,"ק""ג",true,0,13.00,13.00,true,1,
7290009069990,true,תערובת הבית במשקל,,,תערובת הבית,קילוגרמים,0.00,"ק""ג",true,0,100.00,100.00,true,1,
7290009077490,true,זית מרוקאי במשקל,,IL,זית מרוקאי,קילוגרמים,0.00,"ק""ג",true,0,44.00,44.00,true,1,
7290009077575,true,זיתים,,IL,זיתים,קילוגרמים,0.00,"ק""ג",true,0,44.00,44.00,true,1,
7290009077650,true,זית יווני ענק במשקל,,IL,זית יווני,קילוגרמים,0.00,"ק""ג",true,0,59.00,59.00,true,1,
7290009077667,true,מלפפון/ירקות במשקל,,IL,מלפפון/ירקות,קילוגרמים,0.00,"ק""ג",true,0,29.00,29.00,true,1,
7290009090017,true,תבלינים,,,תבלינים,קילוגרמים,0.00,"ק""ג",true,0,99.00,99.00,true,1,
7290009099461,true,פפריקה במשקל,,IL,פפריקה במשקל,קילוגרמים,0.00,"ק""ג",true,0,45.00,45.00,true,1,
7290009127492,true,אנטריקוט טרי מוכשר אנגוס,פניסקו,AR,אנטריקוט טרי מוכ,קילוגרמים,0.00,"ק""ג",true,0,139.90,139.90,true,1,
7290009127515,true,צלעות טרי מוכשר אנגוס קג,פניסקו,AR,צלעות טרי מוכשר,קילוגרמים,0.00,"ק""ג",true,0,79.90,79.90,true,1,
7290009127584,true,הודו טחון לבן,שונות,IL,הודו טחון לבן,קילוגרמים,0.00,"ק""ג",true,0,29.90,29.90,true,1,
7290009127867,true,כתף טרי מוכשר אנגוס קג,פניסקו,AR,כתף טרי המוכשר,קילוגרמים,0.00,"ק""ג",true,0,84.90,84.90,true,1,
7290009164848,true,קבב מזרחי 840גרם,.,IL,קבב מזרחי 840גרם,גרמים,840.00,100 גרם,false,1,44.90,5.35,true,1,
7290009164916,true,קבב בקר עם כבש 840גרם,"טיבון ויל אחזקות בע""\מ",IL,קבב בקר עם כבש,גרמים,840.00,100 גרם,false,1,44.90,5.35,true,1,
7290009165388,true,מיני המבורגר ריב אנטריקו,"טיבון ויל אחזקות בע""\מ",IL,מיני המבורגר,גרמים,840.00,100 גרם,false,1,49.90,5.94,true,1,
7290009330472,true,פ.מדומה טרי מוכשר אנגוס,שופרסל,IL,פ.מדומה טרי מוכש,קילוגרמים,0.00,"ק""ג",true,1,89.90,89.90,true,1,
7290009330618,true,שריר טרי מוכשר אנגוס קג,שופרסל,IL,שריר טרי מוכשר,קילוגרמים,0.00,"ק""ג",true,1,69.90,69.90,true,1,
7290009330922,true,צוואר טרי מוכשר אנגוס קג,שופרסל,IL,צוואר טרי מוכשר,קילוגרמים,0.00,"ק""ג",true,1,59.90,59.90,true,1,
7290009391459,true,צלי כתף טרי מוכשר אנגוס,פניסקו,AR,צלי כתף טרי מוכש,קילוגרמים,0.00,"ק""ג",true,1,89.90,89.90,true,1,
7290009397550,true,מאפין דבש 5 יח,,,מאפין דבש 5 יח,יחידה,1.00,יחידה,false,0,7.90,7.90,true,1,
7290009397642,true,חמישית מאפין שוקו 200גרם,גידרון,IL,חמישית מאפין,גרמים,200.00,100 גרם,false,0,10.00,5.00,true,1,
7290009397697,true,מאפין שוק.צ'יפס 5י גדרון,גידרון,IL,חמישית מאפין,גרמים,200.00,100 גרם,false,0,10.00,5.00,true,1,
7290009398021,true,לחמניית ביס באגט,גידרון,IL,לחמניית ביס באגט,יחידה,1.00,יחידה,false,0,1.50,1.50,true,1,
7290009398137,true,מקלות בייגלה,גידרון,IL,מקלות בייגלה,יחידה,1.00,יחידה,false,0,3.50,3.50,true,1,
7290009398618,true,סופגנ.מטוגנ.קפוא+ריבה80ג,גידרון,IL,סופגניה עם ריבה,גרמים,80.00,100 גרם,false,0,3.50,4.38,true,1,
7290009398687,true,דונטס מטוגן,גידרון,IL,דונטס,יחידה,1.00,יחידה,false,0,4.00,4.00,true,1,
7290009398786,true,מארז פיתות אסלית 5יח100*,מאפיית אנג'ל,IL,חמישיית פיתות,גרמים,500.00,100 גרם,false,0,6.90,1.38,true,1,
7290009399165,true,לחמניה קלה,גידרון,IL,לחמניה קלה,יחידה,1.00,יחידה,false,0,2.90,2.90,true,1,
7290009399431,true,עוגיות שיבולת שועל במשקל,גידרון,IL,עוגיות ש.שועל,קילוגרמים,0.00,"ק""ג",true,0,30.00,30.00,true,1,
7290009399479,true,עוג.מרוקאיות עגולות משקל,גידרון,IL,עוגיות מרוקאיות,קילוגרמים,0.00,"ק""ג",true,0,35.00,35.00,true,1,
7290009399622,true,עוג.ש.שועל ללא ת.ס. משקל,גידרון,IL,עוגיות שיבולת,קילוגרמים,0.00,"ק""ג",true,0,39.00,39.00,true,1,
7290009399806,true,עוגת קרנץ טעם שוקולד600ג,גידרון,,עוגת קרנץ 600גר,גרמים,600.00,100 גרם,false,0,19.90,3.32,true,1,
7290009399813,true,עוגת קרנץ בטעם פרג 600גר,גידרון,,עוגת קרנץ פרג,גרמים,600.00,100 גרם,false,0,19.90,3.32,true,1,
7290009399875,true,סופגניה גדולה ללא ריבה,גידרון,IL,סופגניה ללא ריבה,גרמים,80.00,100 גרם,false,0,3.50,4.38,true,1,
7290009401790,true,מארז פיתה כפרית 5יח100*ג,מאפיית אנג'ל,IL,פיתה קמח מלא 5יח,גרמים,500.00,100 גרם,false,0,7.90,1.58,true,1,
7290009694796,true,"עוגיות במלית ללת""ס 350 ג",קינג דיויד,IL,עוגיות במלית,גרמים,350.00,100 גרם,false,0,25.90,7.40,true,1,
7290009802191,true,עוף שלם טרי א.דיל ארוז,.,IL,עוף שלם טרי,קילוגרמים,0.00,"ק""ג",true,1,18.90,18.90,true,1,
7290009802221,true,כרעי עוף טרי א.דיל עצמי,.,IL,כרעי עוף טרי,קילוגרמים,0.00,"ק""ג",true,1,27.90,27.90,true,1,
7290009802481,true,קוקטייל טרי א.דיל עצמי,.,IL,קוקטייל טרי,קילוגרמים,0.00,"ק""ג",true,1,27.90,27.90,true,1,
7290009803815,true,ירכי עוף טרי א.דיל עצמי,.,IL,ירכי עוף טרי,קילוגרמים,0.00,"ק""ג",true,1,27.90,27.90,true,1,
7290009806571,true,חזה עוף טרי א.דיל עצמי,.,IL,חזה עוף טרי,קילוגרמים,0.00,"ק""ג",true,1,31.90,31.90,true,1,
7290009807592,true,כבד עוף טרי א.דיל עצמי,.,IL,כבד עוף טרי,קילוגרמים,0.00,"ק""ג",true,1,17.90,17.90,true,1,
7290009807622,true,לב עוף טרי א.דיל ארוז,.,IL,לב עוף טרי,קילוגרמים,0.00,"ק""ג",true,1,23.90,23.90,true,1,
7290009811490,true,שניצל עוף טרי א.דיל עצמי,.,IL,שניצל עוף טרי,קילוגרמים,0.00,"ק""ג",true,1,34.90,34.90,true,1,
7290009811896,true,פרגיות עוף טרי אדיל עצמי,.,IL,פרגיות עוף טרי,קילוגרמים,0.00,"ק""ג",true,1,54.90,54.90,true,1,
7290009814316,true,פילה עוף טרי א.דיל עצמי,.,IL,פילה עוף טרי,קילוגרמים,0.00,"ק""ג",true,1,32.90,32.90,true,1,
7290009814378,true,שוק הודו נ.טרי ארוז עצמי,.,IL,שוק הודו טרי,קילוגרמים,0.00,"ק""ג",true,1,28.90,28.90,true,1,
7290009819137,true,שניצל דק טרי א.דיל עצמי,.,IL,שניצל דק טרי,קילוגרמים,0.00,"ק""ג",true,1,39.90,39.90,true,1,
7290009819281,true,נתחי הודו טרי ארוזי,.,IL,נתחי הודו טרי,קילוגרמים,0.00,"ק""ג",true,1,27.90,27.90,true,1,
7290009904390,true,כנף הודו נ.טרי א.עצמי,.,IL,כנף הודו טרי,קילוגרמים,0.00,"ק""ג",true,1,17.90,17.90,true,1,
7290009904413,true,גרון הודו נ.א.עצמי דיל,.,IL,גרון הודו טרי,קילוגרמים,0.00,"ק""ג",true,1,23.90,23.90,true,1,
7290009905656,true,חזה הודו טרי ארוז דיל,.,IL,חזה הודו טרי,קילוגרמים,0.00,"ק""ג",true,1,29.90,29.90,true,1,
7290009909067,true,שוק מפורק טרי ארוז דיל,.,IL,זוק מפורק טרי,קילוגרמים,0.00,"ק""ג",true,1,44.90,44.90,true,1,
7290009909081,true,שוארמה הודו נ.דיל א.עצמי,.,IL,שווארמה הודו טרי,קילוגרמים,0.00,"ק""ג",true,1,54.90,54.90,true,1,
7290009950724,true,סופגניה מיני מצופה,גידרון,IL,סופגנ.מיני מצופה,יחידה,1.00,יחידה,false,0,3.50,3.50,true,1,
7290009950885,true,מיני קרואסון חמאה,שופרסל,IL,מיני קרואסון,קילוגרמים,0.00,"ק""ג",true,0,49.00,49.00,true,1,
7290009950908,true,מיני קרואסון שוקולד,שופרסל,FR,מיני קרואסון,קילוגרמים,0.00,"ק""ג",true,0,49.00,49.00,true,1,
7290009951400,true,סוכריות גומי במשקל,,,סוכריות גומי,קילוגרמים,0.00,"ק""ג",true,0,45.00,45.00,true,1,
7290009951417,true,לקריץ במשקל,,,לקריץ,קילוגרמים,0.00,"ק""ג",true,0,59.00,59.00,true,1,
7290009951424,true,פרלינים במשקל,,,פרלינים,קילוגרמים,0.00,"ק""ג",true,0,89.00,89.00,true,1,
7290009951455,true,תבלינים קבוצה 2 במשקל,,,תבלינים,קילוגרמים,0.00,"ק""ג",true,0,74.00,74.00,true,1,
7290009951509,true,קטניות קבוצה 4 במשקל,,,קטניות,קילוגרמים,0.00,"ק""ג",true,0,17.00,17.00,true,1,
7290009951516,true,קטניות קבוצה 1 במשקל,,,קטניות,קילוגרמים,0.00,"ק""ג",true,0,11.00,11.00,true,1,
7290009951523,true,קטניות קבוצה 2 במשקל,,,קטניות,קילוגרמים,0.00,"ק""ג",true,0,19.00,19.00,true,1,
7290009951899,true,מאפה מלוח משקל,גידרון,IL,מאפה מלוח,קילוגרמים,0.00,"ק""ג",true,0,35.00,35.00,true,1,
7290009952063,true,מים מינרליים מצוננים500מ,,,מים מינרליים500מ,מיליליטרים,500.00,"100 מ""ל",false,0,5.30,1.06,true,1,
7290009952285,true,מארז ביס באגט 8יח',גידרון,IL,ביס באגט 8יח,יחידה,1.00,יחידה,false,0,9.90,9.90,true,1,
7290009952292,true,חצי באגט רגיל/כפרי 5יח',גידרון,IL,חצי באגט 5יח,יחידה,1.00,יחידה,false,0,11.90,11.90,true,1,
7290009952308,true,מארז 4יח לחמניית דגנים י,גידרון,IL,4יחלחמניות דגנים,יחידה,1.00,יחידה,false,0,11.90,11.90,true,1,
7290009952315,true,מארז בייגל אמריקאי4יח,גידרון,IL,4יח בייגל אמרקאי,יחידה,1.00,יחידה,false,0,12.00,12.00,true,1,
7290009952339,true,מארז8 לחמניות אצבע יח,גידרון,IL,8יח לחמניות אצבע,יחידה,1.00,יחידה,false,0,10.00,10.00,true,1,
7290009952346,true,מארז לחמניית חלה4יחי,גידרון,IL,4 לחמניית חלה,יחידה,1.00,יחידה,false,0,11.90,11.90,true,1,
7290009952377,true,מארז לחמנית קשר 5יח',גידרון,IL,לחמנית קשר 5יח,יחידה,1.00,יחידה,false,0,11.90,11.90,true,1,
7290009953589,true,חמוציות ברכז תפוחים משקל,,,חמוציות רכז תפוח,קילוגרמים,0.00,"ק""ג",true,0,49.00,49.00,true,1,
7290009953916,true,גבינת צ'דר כתומה,,,גבינת צ'דר כתומה,קילוגרמים,0.00,"ק""ג",true,0,109.00,109.00,true,1,
7290009954234,true,נועם גב.צהובה9%חריץ משקל,טרה,IL,גבינת נועם 9%,קילוגרמים,0.00,"ק""ג",true,0,69.00,69.00,true,1,
7290009954241,true,נועם ג.צהובה22%חריץ משקל,"טרופיקל דגיל תעשיות קוסמטיקה בע""מ",IL,גבינת נועם 22%,קילוגרמים,0.00,"ק""ג",true,0,37.00,37.00,true,1,
7290009954258,true,נועם ג.צהובה28%חריץ משקל,י. מלכי מוצרים,IL,גבינת נועם 28%,קילוגרמים,0.00,"ק""ג",true,0,37.00,37.00,true,1,
7290009954357,true,גב.עמק מגורדת במשקל,,IL,גבינת עמק מגורדת,קילוגרמים,0.00,"ק""ג",true,0,41.30,41.30,true,1,
7290009954364,true,גב.גלבוע מגורדת במשקל,תנובה,IL,גב.גלבוע מגורדת,קילוגרמים,0.00,"ק""ג",true,0,39.25,39.25,true,1,
7290009954395,true,קולאז פרמזן מגורדת במשקל,תנובה,IL,פרמזן מגורדת,קילוגרמים,0.00,"ק""ג",true,0,109.00,109.00,true,1,
7290009955309,true,גב.פרמז'ן27% שופרסל משקל,ז'נטי אס.פי.אי,IT,גבינת פרמז'ן,קילוגרמים,0.00,"ק""ג",true,1,99.00,99.00,true,1,
7290009955330,true,גב.מוצרלה21% שופרסל משקל,אס סי מודסט,LE,גבינה מוצרלה 21%,קילוגרמים,0.00,"ק""ג",true,1,59.00,59.00,true,1,
7290009955675,true,גב.גאודה 30% הולנד במשקל,KAAS HEIDEN UAN,NL,גבינת גאודה,קילוגרמים,0.00,"ק""ג",true,1,32.00,32.00,true,1,
7290009955729,true,גבינה צהובה26%פולין משקל,MLEKOVITA,PL,גבינה צהובה 26%,קילוגרמים,0.00,"ק""ג",true,1,29.90,29.90,true,1,
7290009955743,true,גבינת גאודה28%פולין משקל,MLEKOVITA,PL,גבינת צהובה 28%,קילוגרמים,0.00,"ק""ג",true,1,29.90,29.90,true,1,
7290009956009,true,גבינת אמנטל 28% במשקל,וילקיסקיו איי.בי,LT,גבינת אמנטל,קילוגרמים,0.00,"ק""ג",true,1,59.00,59.00,true,1,
7290009956146,true,פסטו ירוק הולנד32% במשקל,ROUVEEN,NL,גבינת פסטו,קילוגרמים,0.00,"ק""ג",true,1,89.00,89.00,true,1,
7290009956153,true,פסטו אדום הולנד32% במשקל,ROUVEEN,NL,גבינת פסטו אדום,קילוגרמים,0.00,"ק""ג",true,1,89.00,89.00,true,1,
7290009956184,true,גאודה עגבנ+זיתים32% משקל,ROUVEEN,NL,גבינת גאודה,קילוגרמים,0.00,"ק""ג",true,1,89.00,89.00,true,1,
7290009956252,true,גבינה צהובה 9% במשקל,MLEKOVITA,PL,גבינה צהובה9%,קילוגרמים,0.00,"ק""ג",true,1,50.00,50.00,true,1,
7290009956290,true,גבינת אמנטל28%ח.קשה משקל,וילקאיסקין פיאנין איי בי,LT,גבינת אמנטל,קילוגרמים,0.00,"ק""ג",true,1,59.00,59.00,true,1,
7290009956313,true,גבינת מוצרלה 21% במשקל,אס.סי מודסט,LT,גבינת מוצרלה,קילוגרמים,0.00,"ק""ג",true,1,59.00,59.00,true,1,
7290009956344,true,גבינה בתיבול פלפלים משקל,VANDERSTERRE,NL,גבינה מתובלת,קילוגרמים,0.00,"ק""ג",true,1,139.00,139.00,true,1,
7290009956368,true,גאודה מיושנת במשקל,ואנדרסטרה,NL,גאודה מיושנת,קילוגרמים,0.00,"ק""ג",true,1,89.00,89.00,true,1,
7290010002023,false,כורכום הודי טחון תבליני מימון 100 גרם,א.ל. ייצור ושיווק תבלינים בע`מ,IL,כורכום טחון,גרמים,100.00,100 גרם,false,0,9.70,9.70,true,1,
7290010002078,false,פלפל שחור טחון תבליני מימון (100 גרם),א.ל. ייצור ושיווק תבלינים בע`מ,IL,פלפל שחור טחון,גרמים,100.00,100 גרם,false,0,15.10,15.10,true,1,
7290010002146,false,פפריקה מרוקאית מתוקה תבליני מימון 100 גרם,א.ל. ייצור ושיווק תבלינים בע`מ,IL,פפריקה מרוקאית,גרמים,100.00,100 גרם,false,0,10.90,10.90,true,1,
7290010002207,false,תבלין קינמון טחון תבליני מימון 100 גרם,א.ל. ייצור ושיווק תבלינים בע`מ,IL,קינמון טחון,גרמים,100.00,100 גרם,false,0,8.90,8.90,true,1,
7290010002214,false,תבלין צ'ילי גרוס תבליני מימון 80 גרם,א.ל. ייצור ושיווק תבלינים בע`מ,IL,צ'ילי מקסיקני,גרמים,70.00,100 גרם,false,0,10.90,15.57,true,1,
7290010003075,false,פפריקה מרוקאית מתוקה תבליני מימון 400 גרם,א.ל. ייצור ושיווק תבלינים בע`מ,IL,פפריקה מרוקאית,גרמים,400.00,100 גרם,false,0,23.90,5.98,true,1,
7290010023622,false,תה קלאסי עם נגיעות נענע ויסוצקי 100 יחידות,תה ויסוצקי (ישראל) בעמ,IL,תה קלאסיק+נענע,גרמים,100.00,100 גרם,false,0,17.70,17.70,true,1,
7290010032303,false,דבש פרחי הדר 500 גרם מכוורת צוקרמן,,IL,דבש פרחי הדר,גרמים,500.00,100 גרם,false,0,28.90,5.78,true,1,
7290010032327,false,דבש אקליפטוס 500 גרם מכוורת צוקרמן,,IL,דבש אקליפטוס,גרמים,500.00,100 גרם,false,0,28.90,5.78,true,1,
7290010032426,false,"דבש אקליפטוס 1 ק""ג מכוורת צוקרמן",,IL,דבש אקליפטוס,קילוגרמים,1.00,"ק""ג",false,0,54.90,54.90,true,1,
7290010032709,false,קרם דבש פרחי הדר 400 גרם,,IL,קרם דבש פרחי הדר,גרמים,400.00,100 גרם,false,0,33.90,8.48,true,1,
7290010045006,false,עוגיות חמאה פריכות לחמי (200 גרם),קונדטוריות לחמי,IL,עוגיות חמאה,גרמים,250.00,100 גרם,false,0,18.60,7.44,true,1,
7290010045013,false,עוגיות חמאה צרפתיות לחמי (200 גרם),קונדטוריות לחמי,IL,עוגיות חמאה,גרמים,250.00,100 גרם,false,0,18.60,7.44,true,1,
7290010045037,false,עוגיות שוקולד צ'יפס220גר,לחמי,IL,עוגיות ש.צ'יפס,גרמים,220.00,100 גרם,false,0,18.60,8.45,true,1,
7290010045051,false,עוגיות מלבן שקדים לחמי (200 גרם),קונדטוריות לחמי,IL,עוגיות שקדים,גרמים,250.00,100 גרם,false,0,18.60,7.44,true,1,
7290010045068,false,עוגיות נסיכה לחמי (250 גרם),קונדטוריות לחמי,IL,עוגיות הנסיכה,גרמים,250.00,100 גרם,false,0,18.60,7.44,true,1,
7290010049066,false,עוגיות קמח מלא 200 גרם,רוקחמן,IL,עוגיות מרמולייט,גרמים,200.00,100 גרם,false,0,16.90,8.45,true,1,
7290010060597,false,"סרקל שמפו דר' פישר 1.250 מ""ל","פישר תעשיות פרמבצטיות בע""מ",IL,שמפו סרקל,ליטרים,1.25,ליטר,false,0,25.30,20.24,true,1,
7290010060603,false,סרקל מרכך 1.25 25% חינם,"פישר תעשיות פרמבצטיות בע""מ",IL,מרכך סרקל,ליטרים,1.25,ליטר,false,0,25.30,20.24,true,1,
7290010065288,false,פרינוק מחית,,CZ,פרינוק מחית,גרמים,130.00,100 גרם,false,0,4.80,3.69,true,1,
7290010065295,false,פרינוק - מחית תפוחי עץ ובננה 130 גרם,גורי מוצרי צריכה (1991) בעמ,IL,פרינוק מחית,גרמים,130.00,100 גרם,false,0,4.80,3.69,true,1,
7290010065325,false,פרינוק מחית בננה ללא סוכר בודד,,CZ,פרינוק ג'וניור,גרמים,190.00,100 גרם,false,0,5.50,2.89,true,1,
7290010065721,false,פרינוק - מחית לפתן פירות 130 גרם,פרינוק,,פרינוק מיחת,גרמים,130.00,100 גרם,false,0,4.80,3.69,true,1,
7290010065745,false,מחית לפתן פירות ג'וניור פרינוק 190 גרם,גורי מוצרי צריכה (1991) בעמ,CZ,פרינוק ג'וניור,גרמים,190.00,100 גרם,false,0,5.50,2.89,true,1,
7290010066513,false,נתחי טונה בשמן צמחי רביעיה *158ג' פילטונה,תעשיות פילטונה בעמ,IL,טונה בשמן 4 יח,גרמים,632.00,100 גרם,false,0,22.90,3.62,true,1,
7290010066575,false,נתחי טונה במים רביעיה *158ג' פילטונה,תעשיות פילטונה בעמ,IL,טונה במי מלח 4יח,גרמים,632.00,100 גרם,false,0,22.90,3.62,true,1,
7290010066582,false,נתחי טונה בשמן קנולה רביעיה * 158 ג' פילטונה,תעשיות פילטונה בעמ,IL,טונה בשמן 4 יח,גרמים,632.00,100 גרם,false,0,22.90,3.62,true,1,
7290010066599,false,רביעיית נתחי טונה בשמן זית פילטונה 158X4 גרם,תעשיות פילטונה בעמ,IL,טונה בשמן זית4יח,גרמים,632.00,100 גרם,false,0,29.90,4.73,true,1,
7290010115938,false,פתיבר שוקו פריך עשיר500ג,STRAUSS-ISRAEL,IL,פתיבר שוקו,גרמים,500.00,100 גרם,false,0,9.90,1.98,true,1,
7290010116898,false,שוקולד אוורירי מריר85גרם,שטראוס,IL,שוקולד אוורירי,גרמים,85.00,100 גרם,false,0,5.50,6.47,true,1,
7290010116980,false,שוקולית אבקה להכנת משקה שוקו שקית 850,הנסיך- מפעל לייצור ט,IL,שוקולית עלית,גרמים,850.00,100 גרם,false,0,16.90,1.99,true,1,
7290010117864,false,דוריטוס חטיף תירס בטעם חריף אש עלית 70 גרם,"שטראוס פריטו ליי בע""\מ )",IL,דוריטוס חריף,גרמים,70.00,100 גרם,false,0,3.60,5.14,true,1,
7290010118113,false,שוש אפוי חטיף בוטנים עלית (20x10 גרם),שטראוס פריטו ליי בעמ,IL,שוש מארז 10 יח,גרמים,200.00,100 גרם,false,0,10.50,5.25,true,1,
7290010129003,false,עוגיות אוזניים דולצ`ה ויטה 600 גר,שיבולים יצור ושיווק מוצרי מאפה,IL,עוגיות אוזניים,גרמים,600.00,100 גרם,false,0,17.90,2.98,true,1,
7290010129010,false,עוגיות כתר ריבה דולצ`ה ויטה (600 גרם),שיבולים יצור ושיווק מוצרי מאפה,IL,עוגיות כתר ריבה,גרמים,600.00,100 גרם,false,0,17.90,2.98,true,1,
7290010129027,false,עוגיות מרוקאיות דולצ`ה ויטה (600 גרם),שיבולים יצור ושיווק מוצרי מאפה,IL,עוגיות מרוקאיות,גרמים,600.00,100 גרם,false,0,17.90,2.98,true,1,
7290010129041,false,עוגיות רייבה דולצ`ה ויטה (600 גרם),שיבולים יצור ושיווק מוצרי מאפה,IL,עוגיות ריבה,גרמים,600.00,100 גרם,false,0,17.90,2.98,true,1,
7290010129065,false,עוג.מקלות עלים צרפתי600ג,דולצ'ה ויטה,IL,עוג.מקלות עלים,גרמים,600.00,100 גרם,false,0,17.90,2.98,true,1,
7290010129126,false,דובשניות עוגיות דבש,דולצ'ה ויטה,,דובשניות,גרמים,600.00,100 גרם,false,0,14.40,2.40,true,1,
7290010129287,false,עוגיות ש.שועל-גרנולה 600 ג,שיבולים ייצור ושיווק מאפה בעמ,IL,עוגיות גרנולה,גרמים,600.00,100 גרם,false,0,17.90,2.98,true,1,
7290010129300,false,עוגיות רייף 350ג מאפים של אדל,שיבולים יצור ושיווק מוצרי מאפה,IL,עוגיות מרוקאיות,גרמים,350.00,100 גרם,false,0,16.80,4.80,true,1,
7290010129317,false,עוג.בצק עלים שטרודל600ג,דולצ'ה ויטה,IL,עוגיות שטרודל,גרמים,600.00,100 גרם,false,0,17.90,2.98,true,1,
7290010129324,false,עוגיות מעמול דולצה ויטה 600 גר,שיבולים יצור ושיווק מוצרי מאפה,IL,עוגיות מעמול,גרמים,600.00,100 גרם,false,0,17.90,2.98,true,1,
7290010129348,false,עוגיות שוקולד דולצ`ה ויטה (600 גרם),שיבולים יצור ושיווק מוצרי מאפה,IL,עוגיות שוקולד,גרמים,600.00,100 גרם,false,0,17.90,2.98,true,1,
7290010129355,false,עוגיות אצבע תמר 600 גרם,ק.א. ומשווק בבלעדיות על,IL,עוגיות תמרים,גרמים,600.00,100 גרם,false,0,17.90,2.98,true,1,
7290010154005,false,סחוג תימני תבליני ביטון יוחאי (250 גרם),תבליני יוחאי ביטון,IL,סחוג תימני,גרמים,250.00,100 גרם,false,0,14.60,5.84,true,1,
7290010154012,false,לימון בלאדי תבליני ביטון יוחאי (250 גרם),נטו מלינדה סחר בע`מ,IL,לימון בלאדי,גרמים,250.00,100 גרם,false,0,14.60,5.84,true,1,
7290010154029,false,אריסה מתוקה תבליני ביטון יוחאי (250 גרם),תבליני ביטון יוחאי,IL,אריסה מתוקה,גרמים,250.00,100 גרם,false,0,14.60,5.84,true,1,
7290010154036,false,עמבה תבליני ביטון יוחאי (250 גרם),נטו מילנדה סחר בעמ*,IL,עמבה,גרמים,250.00,100 גרם,false,0,14.60,5.84,true,1,
7290010154265,false,פלפל צ`ומה תבליני ביטון יוחאי (250 גרם),תבליני יוחאי ביטון,IL,פלפל צ'ומה,גרמים,250.00,100 גרם,false,0,14.60,5.84,true,1,
7290010154418,false,סחוג אדום תבליני ביטון 130 גרם,תבליני יוחאי ביטון,IL,סחוג אדום,גרמים,130.00,100 גרם,false,0,8.40,6.46,true,1,
7290010154425,false,סחוג ירוק תבליני ביטון 130 גרם,תבליני ביטון יוחאי,IL,סחוג ירוק,גרמים,130.00,100 גרם,false,0,8.40,6.46,true,1,
7290010163632,false,שזיף ללא גלעין400ג'שקדיה,שקדיה,IL,שזיף ללא גלעין,גרמים,400.00,100 גרם,false,0,26.70,6.68,true,1,
7290010163663,false,אגוזי קאשיו טבעיים 200ג,שקדיה,IL,אגוז קאשיו טבעי,גרמים,200.00,100 גרם,false,0,23.70,11.85,true,1,
7290010163700,false,שקד קלוף טבעי200ג' שקדיה,שקדיה,IL,שקד טבעי,גרמים,200.00,100 גרם,false,0,18.90,9.45,true,1,
7290010173068,false,יין בר הרי גליל קברנה סוביניון 750 מל,היכל היין שקד גולן בעמ,IL,קברנה הרי גליל,מיליליטרים,750.00,"100 מ""ל",false,0,29.90,3.99,true,1,
7290010195268,false,פופקורן פופסטאר חמישייה מופחת שומן טבעי,דנשר (1963) בעמ,US,פופסטאר לייט,גרמים,425.00,100 גרם,false,0,11.90,2.80,true,1,
7290010195275,false,פופ סטאר גרעיני תירס להכנת פופקורן במיקרוגל בטעם חמאה מופחת שומן 425 גרם,דנשר (1963) בעמ,US,פופסטאר חמאה,גרמים,425.00,100 גרם,false,0,11.90,2.80,true,1,
7290010196678,false,קוקי ענק שקיות צליה מארז 10יח,ש.שסטוביץ בעמ,IL,קוקי שקיות,יחידה,1.00,יחידה,false,0,21.60,21.60,true,1,
7290010202010,false,נבטי חמניות אורגני שטמפר,,IL,נבטי חמניות,יחידה,1.00,יחידה,false,0,12.50,12.50,true,1,
7290010202065,false,נבטי גרגיר אורגנים שטמפר,,IL,נבטי גרגיר,יחידה,1.00,יחידה,false,0,8.50,8.50,true,1,
7290010202089,false,נבטוטים מעורבים אורגנים,,IL,נבטוטים מעורבים,גרמים,300.00,100 גרם,false,0,8.50,2.83,true,1,
7290010237531,false,משקה מוגז בטעם קולה פפסי (500 מל),סנו מפעלי ברונוס.,IL,פפסי בקבוק,מיליליטרים,500.00,"100 מ""ל",false,0,3.90,0.78,true,1,
7290010237548,false,"פפסי מקס דל קלוריות 500 מ""ל בקבוק",טמפו משקאות בע`מ,IL,פפסי מקס,מיליליטרים,500.00,"100 מ""ל",false,0,3.90,0.78,true,1,
7290010237562,false,משקה מוגז בטעם תפוזים מירנדה (500 מל),טמפו משקאות בע`מ,IL,מירינדה,מיליליטרים,500.00,"100 מ""ל",false,0,3.90,0.78,true,1,
7290010237579,false,משקה מוגז בטעם ליים סבן אפ (500 מל),טמפו משקאות בע`מ,IL,סבנ אפ,מיליליטרים,500.00,"100 מ""ל",false,0,3.90,0.78,true,1,
7290010237586,false,פפסי קול סבן אפ דיאט 500 מל,טמפו משקאות בע`מ,IL,סבנ אפ דיאט,מיליליטרים,500.00,"100 מ""ל",false,0,3.90,0.78,true,1,
7290010237623,false,בירה נשר מאלט 1.5 ליטר,"טמפו משקאות בע""מ",IL,נשר מאלט,ליטרים,1.50,ליטר,false,0,6.90,4.60,true,1,
7290010237630,false,בירה נשר מאלט דיאט 1.5 ל,"טמפו משקאות בע""מ",IL,נשר מאלט דיאט,ליטרים,1.50,ליטר,false,0,6.90,4.60,true,1,
7290010237692,false,בירה הייניקן שישייה,פארייפאבה אגרואינדוס,IL,בירה הייניקן 6יח,ליטרים,1.50,ליטר,false,0,29.90,19.93,true,1,
7290010237784,false,בירה שנדי בתוספת משקה לימון ליים - שישייה,"טמפו משקאות בע""\מ",IL,מכבי שנדי 6 יח,ליטרים,1.98,ליטר,false,0,29.90,15.10,true,1,
7290010237890,false,"בירה הייניקן בקבוק 500 מ""ל חוזר",טמפו משקאות בע''מ,IL,בירה הייניקן,מיליליטרים,500.00,"100 מ""ל",false,0,8.90,1.78,true,1,
7290010259038,false,לורפק ממרח עשיר בחמאה500,,DK,לורפק ממרח,גרמים,500.00,100 גרם,false,0,25.90,5.18,true,1,
7290010259366,false,וילי פוד נודלס אטר.ביצים מסולסל בדץ 200ג,ג. וילי-פוד אינטרנשיונל בע`מ,IL,נודלס ביצים,גרמים,200.00,100 גרם,false,0,3.90,1.95,true,1,
7290010259823,false,מנת השף נודלס בטעם עוף וילי פוד (70 גרם),ג. וילי-פוד אינטרנשיונל בע`מ,IL,מנת השף נודלס,גרמים,70.00,100 גרם,false,0,4.50,6.43,true,1,
7290010259830,false,מנת השף נודלס בסגנון סיני פיקנטי וילי פוד 70 גרם,ג. וילי-פוד אינטרנשיונל בע`מ,IL,מנת השף נודלס,גרמים,70.00,100 גרם,false,0,4.50,6.43,true,1,
7290010259847,false,מנת השף מרק עם נודלס בטעם תירס ויליפוד 70 גרם,ג. וילי-פוד אינטרנשיונל בע`מ,IL,מנת השף נודלס,גרמים,70.00,100 גרם,false,0,4.50,6.43,true,1,
7290010259854,false,מנת השף מרק עם נודלס בטעם פטריות ויליפוד 70 גרם,ג. וילי-פוד אינטרנשיונל בע`מ,IL,מנת השף נודלס,גרמים,70.00,100 גרם,false,0,4.50,6.43,true,1,
7290010259861,false,מנת השף מרק עם נודלס בטעם ירקות ויליפוד 70 גרם,ג. וילי-פוד אינטרנשיונל בע`מ,IL,מנת השף נודלס,גרמים,70.00,100 גרם,false,0,4.50,6.43,true,1,
7290010314140,false,חזה בגריל מן הצומח 630גר,טבעול,IL,חזה בגריל,גרמים,630.00,100 גרם,false,0,37.60,5.97,true,1,
7290010328505,false,"מארז מיני חלווה 15 יחידות לל""ס אחוה 150 גרם",אחדות ביחר לטחינה חל,IL,מיני חלווה,גרמים,150.00,100 גרם,false,0,10.90,7.27,true,1,
7290010328819,false,"ממרח טחינה עם שוקולד לל""ס 400 ג' אחדות!.",אחדות ביחר לטחינה חל,IL,ממרח טחינה,גרמים,400.00,100 גרם,false,1,13.90,3.48,true,1,
7290010329984,false,שוקולד צ'יפס מריר 60% כרמית 250 גרם,כרמית תעשיות ממתקים בעמ,IL,שוקולד צ'יפס,גרמים,250.00,100 גרם,false,0,9.70,3.88,true,1,
7290010332649,false,אולוייז חוטיני 2 יח36Xיח,פרוקטר & גמבל,DE,אולוייז חוטיני,יחידה,1.00,יחידה,false,0,27.80,27.80,true,1,
7290010376520,false,שזיף לב אדום,קטיף,IL,שזיף לב אדום,קילוגרמים,0.00,"ק""ג",true,1,14.90,14.90,true,1,
7290010382828,false,"קרם לחות קלילה לשיער יבש נטורל פורמולה, 400 מ""ל",אמיליה קוסמטיקס בעמ,IL,קרם לחות לשיער,מיליליטרים,400.00,"100 מ""ל",false,0,19.90,4.98,true,1,
7290010417315,false,יקבי רמת הגולן גולן,יקבי רמת הגולן קצרין,IL,יין גולן מרלו,מיליליטרים,750.00,"100 מ""ל",false,0,29.90,3.99,true,1,
7290010429301,false,מעדן תות 100%פרי 250 גרם,אף.סי תבליני בגליל ב,IL,מעדן תות,גרמים,250.00,100 גרם,false,0,13.70,5.48,true,1,
7290010429554,false,"שמן זית כתית מעולה יד מרדכי 2 קלאסי, 750 מ""ל",מכוורת יד מרדכי שטראוס ב,IL,שמן זית 2 קלאסי,מיליליטרים,750.00,"100 מ""ל",false,0,35.90,4.79,true,1,
7290010471669,false,יוגורט תות עם קורנפלקס מצופה שוקולד ללא גלוטן 3.9%,שטראוס גרופ בעמ/מצונן,IL,דנונה בר תות,גרמים,175.00,100 גרם,false,0,4.50,2.57,true,1,
7290010472307,false,"שמיניית משקה גמדים תות בננה דיסני 108 מ""ל",שטראוס גרופ בעמ/מצונן,IL,גמדים לשתיה 8 יח,מיליליטרים,800.00,"100 מ""ל",false,0,20.00,2.50,true,1,
7290010472390,false,מארז 8 יחידות מעדן דני בטעם שוקולד 1.5%,שטראוס גרופ בעמ/מצונן,IL,דני שוקולד 8 יח',קילוגרמים,1.00,"ק""ג",false,0,15.90,15.90,true,1,
7290010472765,false,סופר גמדים תות 100*4 גרם,"שטראוס בריאות בע""\מ",IL,סופר גמדים 4 יח,גרמים,400.00,100 גרם,false,0,11.50,2.88,true,1,
7290010513703,false,4079400330129צ`ופסטיקס צפצפה 20 יח,מזרח ומערב יבוא ושיווק,IL,צ'ופסטיקס צפצפה,יחידה,1.00,יחידה,false,0,6.40,6.40,true,1,
7290010546169,false,"גרנולה בטעם ""דינמי"" בתוספת שקדים וצימוק",גורי מוצרי צריכה 1991 בעמ,IL,גרנולה שקדים,גרמים,400.00,100 גרם,false,0,19.90,4.98,true,1,
7290010546343,false,חביתה טבעונית וגאנץ 100 גר,ל.י.ב. (לחיות יותר בטבע) בעמ,IL,חביתה טבעונית,גרמים,100.00,100 גרם,false,1,11.90,11.90,true,1,
7290010546435,false,המבורגר צמחי ס.מרוקאי200,"מנדל סחר ושיווק בע""מ",IL,המבורגר צמחי,גרמים,200.00,100 גרם,false,1,19.90,9.95,true,1,
7290010569038,false,גלידה משפחתית 5 טעמים,שטראוס,IL,גלידה משפחתית,ליטרים,2.00,ליטר,false,0,25.70,12.85,true,1,
7290010569069,false,גלידה משפ' 3טעמים פרווה,שטראוס,IL,גלידה משפחתית,ליטרים,2.00,ליטר,false,0,25.70,12.85,true,1,
7290010582037,false,פלפלון סוויט בייט יחידה,חקלאי,IL,פלפלון סוויט,יחידה,1.00,יחידה,false,0,7.90,7.90,true,1,
7290010627004,false,טחינה גולמית מסורתית ירושלים 500 ג',תה ויסוצקי (ישראל) בעמ,IL,טחינה ירושלים,גרמים,500.00,100 גרם,false,0,13.90,2.78,true,1,
7290010627844,false,טחינה גולמית שומשום מלא ירושלים 500גרם,תה ויסוצקי (ישראל) בעמ,IL,טחינה מלאה,גרמים,500.00,100 גרם,false,1,13.90,2.78,true,1,
7290010650019,false,אנדיב בלגי אמיתי חוות תקוע,חוות פטריות תקוע בעמ*קונסיגנצי,IL,עולש,יחידה,1.00,יחידה,false,0,11.90,11.90,true,1,
7290010650033,false,בצלצלי שלוט מגשית 350 גר,ביכורי השדה צפון 1994 ג.ד. בעמ,IL,בצלצלי שאלוט,יחידה,1.00,יחידה,false,0,14.00,14.00,true,1,
7290010650224,false,פטריות מלך היער-יחידה,חוות פטריות תקוע,IL,פטריותמלך היער,יחידה,1.00,יחידה,false,0,14.00,14.00,true,1,
7290010711703,false,שקיות אוכל מנייר 50 יח',,IL,שקיות אוכל מנייר,יחידה,1.00,יחידה,false,0,6.00,6.00,true,1,
7290010740512,false,שניצל דק מהצומח ביתי 700,טבעול,IL,שניצל דק ביתי,גרמים,700.00,100 גרם,false,0,34.60,4.94,true,1,
7290010740857,false,שניצל תירס 750גרם33%+ 1ק,טבעול,IL,שניצל תירס טבעול,גרמים,1000.00,100 גרם,false,0,29.90,2.99,true,1,
7290010748860,false,"ד""ר פישר - אפקטיב קר קרם ידיים אינטנסיב 150 מ""ל","פישר תעשיות פרמבצטיות בע""מ",IL,קרם ידיים,מיליליטרים,150.00,"100 מ""ל",false,0,9.90,6.60,true,1,
7290010748884,false,אפקטיב קר קרם גוף אינטנסיב לעור יבש במיוחד ח 700,"פישר תעשיות פרמבצטיות בע""מ",IL,קרם גוף,מיליליטרים,700.00,"100 מ""ל",false,0,19.90,2.84,true,1,
7290010748891,false,אפקטיב קר קרם גוף מולטי ויטמין לעור רגיל יבש ח 7,פישר תעשיות פרמצבטיות בעמ,IL,קרם גוף,מיליליטרים,700.00,"100 מ""ל",false,0,19.90,2.84,true,1,
7290010766147,false,רוטב לעוף סויה ודבש300גר,אוליביה,IL,רוטב סויה ודבש,גרמים,300.00,100 גרם,false,0,13.00,4.33,true,1,
7290010777099,false,פיתות בעבודת יד פיתה אקספרס 8 יחידות,מגוון שיווק והפצת מאפים בעמ,IL,פיתות אקספרס 8יח,גרמים,800.00,100 גרם,false,1,10.50,1.31,true,1,
7290010777150,false,שמניית פיתה בריבוע מחיטה מלאה פיתה אקספרס,מגוון שיווק והפצת מאפים בעמ,IL,פיתות ריבוע,גרמים,900.00,100 גרם,false,0,12.90,1.43,true,1,
7290010777228,false,פיתות ביס חיטה מלא 12יח',מגוון שיווק והפצת מא,IL,פיתות ביס,גרמים,500.00,100 גרם,false,0,11.90,2.38,true,1,
7290010777297,false,פיתות עבודת יד10 יח'/ פיתה ביס לבן 12 יח',מגוון שיווק והפצת מאפים בעמ,IL,פיתות ביס,גרמים,600.00,100 גרם,false,0,11.90,1.98,true,1,
7290010777327,false,פיתות קלות 79קלוריות10יח,מגוון שיווק והפצת מא,IL,פיתות קלות 79קל',גרמים,500.00,100 גרם,false,0,12.90,2.58,true,1,
7290010777358,false,מארז שמיניית פיתות 100% כוסמין מלא,מגוון שיווק והפצת מאפים בעמ,IL,פיתות כוסמין 8יח,גרמים,400.00,100 גרם,false,1,15.90,3.98,true,1,
7290010791644,false,בונזו ג`וי מקלוני עוף פריכים 90גר,דיפלומט מפיצים (1968) בעמ**,CN,חטיף בונזו,גרמים,90.00,100 גרם,false,0,17.90,19.89,true,1,
7290010814701,false,שוקולד חלב ללא תוספת סוכר וסטהיים,"כרמית תעשיות ממתקים בע""\",IL,שוקולד חלב,גרמים,85.00,100 גרם,false,0,6.80,8.00,true,1,
7290010838219,false,ממתיק על בסיס צמח הסטיביה - שקיות,"קיפל טבליות וממתיקים בע""מ",IL,ממתיק מרמולייט,גרמים,100.00,100 גרם,false,0,34.90,34.90,true,1,
7290010838424,false,ג'ל לניקוי מתקדם בניחוח רענן - מארז זוג,"איטיליאן פוד, אס.פי.",NL,דאק לאסלה זוג,ליטרים,1.50,ליטר,false,0,17.90,11.93,true,1,
7290010838431,false,ג'ל לניקוי מתקדם בניחוח ים - מארז זוג,מיוצר עי קונדיטוריית,NL,דאק לאסלה זוג,ליטרים,1.50,ליטר,false,0,17.90,11.93,true,1,
7290010849512,false,למברוסקו די לואיג`י קאוויקיולי (750 מל),הכרם - משקאות חריפים בעמ,IT,למברוסקו רוזאטו,מיליליטרים,750.00,"100 מ""ל",false,0,19.90,2.65,true,1,
7290010849529,false,די לואיג`י ביאנקו 750 מל למברוסקו,הכרם - משקאות חריפים בעמ,IT,למברוסקו ביאנקו,מיליליטרים,750.00,"100 מ""ל",false,0,19.90,2.65,true,1,
7290010883042,false,"סנובון נוזלי אפקט קצף פעיל רענן תות 750 מ""ל",החברה הדרומית לשיווק בעמ,IL,סנובון נוזלי,מיליליטרים,750.00,"100 מ""ל",false,0,8.90,1.19,true,1,
7290010883356,false,כפפות אלוורה רב שימושיות גדולות L סנו סושי,החברה הדרומית לשיווק בעמ,IL,סנו סושי כפפות,יחידה,1.00,יחידה,false,0,10.40,10.40,true,1,
7290010921034,false,מיץ רימונים,,IL,מיץ רימונים,ליטרים,1.00,ליטר,false,0,11.80,11.80,true,1,
7290010931330,false,סלט מטבוחה אחלה 500 גרם,שטראוס גרופ בעמ/מצונן,IL,סלט מטבוחה אחלה,גרמים,500.00,100 גרם,false,0,14.20,2.84,true,1,
7290010945146,false,קוטג' 3% מועשר בסידן טרה 250 ג' מהדרין,*החברה המרכזית להפצת משקאותבעמ,IL,קוטג' 3% 250גר,גרמים,250.00,100 גרם,false,0,5.20,2.08,true,1,
7290010945306,false,חלב טרה קרטון 2 ליטר מהדרין*%*3,החברה המרכזית טלהפצת משקאות בע,IL,חלב 3% בקרטון,ליטרים,2.00,ליטר,false,0,10.90,5.45,true,1,
7290010945450,false,גבינה לבנה 3% 250 גר מועשר בסידן וויטמין,*החברה המרכזית להפצת משקאותבעמ,IL,גבינה לבנה3%,גרמים,250.00,100 גרם,false,0,4.60,1.84,true,1,
7290010945481,false,גבינה לבנה טרה 5% מרכיבים טבעיים,החברה המרכזית טלהפצת משקאות בע,IL,גבינה לבנה 5%,גרמים,500.00,100 גרם,false,0,9.20,1.84,true,1,
7290010970100,false,שמן שומשום כבישה קרה 250 מיל טעמים,"ג.מ טעם הארץ בע""\ם",IL,שמן שומשום,מיליליטרים,250.00,"100 מ""ל",false,1,29.60,11.84,true,1,
7290010970223,false,חומץ יין אדום מונטני,"ג.מ טעם הארץ בע""\ם",IL,חומץ יין אדום,מיליליטרים,500.00,"100 מ""ל",false,0,15.20,3.04,true,1,
7290010970230,false,חומץ יין פירות הדר 500מל,ג.מ.טעם הארץ,IL,חומץ יין הדר,מיליליטרים,500.00,"100 מ""ל",false,1,15.20,3.04,true,1,
7290010970254,false,חומץ בן יין לבן מונט,"ג.מ טעם הארץ בע""\ם",IL,חומץ יין לבן,מיליליטרים,500.00,"100 מ""ל",false,0,15.20,3.04,true,1,
7290010970261,false,"חומץ תפוחי עץ 500 מ""ל ""טעמים""","ג.מ טעם הארץ בע""\ם",IL,חומץ תפוחי עץ,מיליליטרים,500.00,"100 מ""ל",false,0,15.20,3.04,true,1,
7290010970278,false,חומץ פירות יער אדומים500,ג.מ.טעם הארץ,IL,חומץ פירות יער,מיליליטרים,500.00,"100 מ""ל",false,1,15.20,3.04,true,1,
7290010970537,false,שמן קנולה בתרסיס 200 גרם טעמים,"ג.מ טעם הארץ בע""\ם",IL,תרסיס שמן קנולה,גרמים,200.00,100 גרם,false,0,17.70,8.85,true,1,
7290010970551,false,שמן אבוקדו מעודן 250 מ`ל טעמים,"ג.מ טעם הארץ בע""\ם",IL,שמן אבוקדו,מיליליטרים,250.00,"100 מ""ל",false,1,29.60,11.84,true,1,
7290010970766,false,"מי ורדים 250 מ""ל","ג.מ טעם הארץ בע""\ם",IL,מי ורדים,מיליליטרים,250.00,"100 מ""ל",false,1,10.90,4.36,true,1,
7290011015862,false,סירופ דיאט 750 מל בטעם לימונענע פריגת,החברה המרכזית להפצת משקאות בעמ,IL,סירופ לימונענע,מיליליטרים,750.00,"100 מ""ל",false,0,17.50,2.33,true,1,
7290011017866,false,פחית קולה סליק קוקה-קולה (330 מל),החברה המרכזית להפצת משקאות בעמ,IL,קוקה קולה סליק,מיליליטרים,330.00,"100 מ""ל",false,0,4.90,1.48,true,1,
7290011017873,false,פחית זירו סליק קוקה-קולה (330 מל),החברה המרכזית להפצת משקאות בעמ,IL,קוקה זירו,מיליליטרים,330.00,"100 מ""ל",false,0,4.90,1.48,true,1,
7290011017880,false,פחית דיאט קולה סליק קוקה-קולה (330 מל),החברה המרכזית להפצת משקאות בעמ,IL,קוקה קולה דיאט,מיליליטרים,330.00,"100 מ""ל",false,0,4.90,1.48,true,1,
7290011018184,false,תה קר בטעם אפרסק פיוז-טי (500 מל),החברה המרכזית להפצת משקאות בעמ,IL,תה אפרסק,מיליליטרים,500.00,"100 מ""ל",false,0,6.80,1.36,true,1,
7290011018191,false,פיוז טי דיאט אפרסק 500 מל,מבשלות בירה בינלאומי,IL,תה אפרסק דיאט,מיליליטרים,500.00,"100 מ""ל",false,0,6.80,1.36,true,1,
7290011018252,false,משקה פיוז תה מנגו אנ,FUZE TEA,IL,תה מנגו אננס,ליטרים,1.50,ליטר,false,0,7.10,4.73,true,1,
7290011018276,false,תה אקזוטי,,IL,תה אקזוטי,ליטרים,1.50,ליטר,false,0,7.10,4.73,true,1,
7290011018283,false,פיוז טי אפרסק 1.5 לי,FUZE TEA,IL,פיוז תה אפרסק,ליטרים,1.50,ליטר,false,0,7.10,4.73,true,1,
7290011018306,false,תה קר פיוז דייאט אפר,FUZE TEA,IL,תה אפרסק דיאט,ליטרים,1.50,ליטר,false,0,7.10,4.73,true,1,
7290011018313,false,מארז 4 יח פיוז תה אפ,FUZE TEA,IL,תה אפרסק 4 יח',ליטרים,6.00,ליטר,false,0,19.90,3.32,true,1,
7290011018443,false,משקה מוגז אורנג` פאנטה (330 מל),החברה המרכזית להפצת משקאות בעמ,IL,פאנטה אורנג',מיליליטרים,330.00,"100 מ""ל",false,0,4.90,1.48,true,1,
7290011018467,false,"סליק פאנטה אקזוטיק330מ""ל",החברה המרכזית לייצור משקאות,IL,פאנטה אקזוטיק,מיליליטרים,330.00,"100 מ""ל",false,0,4.90,1.48,true,1,
7290011018474,false,"סומרסבי סיידר תפוחים אלכוהולי 300 מ""ל",החברה המרכזית להפצת משקאות בעמ,DK,סיידר תפוחים,מיליליטרים,330.00,"100 מ""ל",false,1,9.50,2.88,true,1,
7290011018580,false,משקה פיוז תה ענבים 1,FUZE TEA,IL,פיוז טי ענבים,ליטרים,1.50,ליטר,false,0,7.10,4.73,true,1,
7290011018917,false,ק.קולה זירו פרידגפק סליק 330 מל שישייה,החברה המרכזית להפצת משקאות בעמ,IL,קוקה קולה זירו6י,ליטרים,1.98,ליטר,false,0,19.90,10.05,true,1,
7290011018924,false,"מארז פחיות דיאט קוקה קולה שישייה 330 מ""ל",החברה המרכזית להפצת משקאות בעמ,IL,שישיית קולה דיאט,ליטרים,1.98,ליטר,false,0,19.90,10.05,true,1,
7290011043292,false,תבניות מאפינס,,IL,תבניות מאפינס,יחידה,1.00,יחידה,false,0,4.90,4.90,true,1,
7290011043308,false,תבניות מאפינס,,IL,תבניות מאפינס,יחידה,1.00,יחידה,false,0,4.90,4.90,true,1,
7290011051136,false,שוופס סודה 1.5*4 ליטר,יפאורה שותפות מובגלת לשיווק,IL,שוופס סודה 4 יח',ליטרים,6.00,ליטר,false,0,10.90,1.82,true,1,
7290011051297,false,סודה שוופס לימון 1.5ליטר,יפאורה שותפות מובגלת לשיווק,IL,שוופס סודה לימון,ליטרים,1.50,ליטר,false,0,3.30,2.20,true,1,
7290011051327,false,קריסטל אשכוליות מוגז 2ל',יפאורה שותפות מובגלת לשיווק,IL,גזוז טעם אשכולית,ליטרים,2.00,ליטר,false,0,3.90,1.95,true,1,
7290011051341,false,שוופס סודה לימון 1.5*4 ל,יפאורה שותפות מובגלת לשיווק,IL,סודה לימון 4 יח,ליטרים,6.00,ליטר,false,0,10.90,1.82,true,1,
7290011051372,false,שוופס מוגז תפוח ליים1.5ל,יפאורה שותפות מובגלת לשיווק,IL,שוופס תפוח ליים,ליטרים,1.50,ליטר,false,0,6.50,4.33,true,1,
7290011051389,false,שוופס פירות יער מוגז1.5ל,יפאורה שותפות מובגלת לשיווק,IL,שוופס מוגז עדין,ליטרים,1.50,ליטר,false,0,6.50,4.33,true,1,
7290011051396,false,שוופס אפרסק מוגז 1.5ליטר,יפאורה שותפות מובגלת לשיווק,IL,שוופס אפרסק,ליטרים,1.50,ליטר,false,0,6.50,4.33,true,1,
7290011051488,false,תה ספרינג אפרסק 1.5 ליטר,יפאורה שותפות מובגלת לשיווק,IL,ספרינג תה אפרסק,ליטרים,1.50,ליטר,false,0,5.90,3.93,true,1,
7290011051495,false,תה ספרינג ירוק לימון1.5ל,יפאורה שותפות מובגלת לשיווק,IL,תה ספרינג ירוק,ליטרים,1.50,ליטר,false,0,5.90,3.93,true,1,
7290011051518,false,תה ספרינג דיאט אפרסק1.5ל,יפאורה שותפות מובגלת לשיווק,IL,תה ספרינג דיאט,ליטרים,1.50,ליטר,false,0,5.90,3.93,true,1,
7290011051525,false,ספרינג תה קר 0.5 ליטר אפרסק,יפאורה שותפות מוגבלת לשיווק,IL,ספרינג תה,מיליליטרים,500.00,"100 מ""ל",false,0,6.20,1.24,true,1,
7290011051655,false,שוופס מ.עדין ריזלינג 1.5,יפאורה שותפות מובגלת לשיווק,IL,שוופס ריזלינג,ליטרים,1.50,ליטר,false,0,6.50,4.33,true,1,
7290011051938,false,תפוזינה תפוח רענן 1.5 ל',יפאורה שותפות מובגלת לשיווק,IL,תפוזינה תפוח,ליטרים,1.50,ליטר,false,0,5.90,3.93,true,1,
7290011051976,false,קולה RC ללא סוכר FREE בקבוק 1.5ל',יפאורה שותפות מובגלת לשיווק,IL,R.C FREE,ליטרים,1.50,ליטר,false,0,4.40,2.93,true,1,
7290011051990,false,אר סי קולה דל קלוריו,יפאורה שותפות מובגלת לשיווק,US,FREE RC מארז6יח,ליטרים,9.00,ליטר,false,0,22.90,2.54,true,1,
7290011064099,false,ירקות או פרות ממולאים במעדן גבינה ניצן 125 גרם,גבינות אמיר ניצן בעמ,IL,פלפלונים+גבינה,גרמים,125.00,100 גרם,false,1,19.90,15.92,true,1,
7290011065416,false,פלפל שחור מטחנה מימונס 60 גרם,"א.ל ייצור ושיווק תבלינים בע""מ",IL,פלפל שחור מטחנה,גרמים,60.00,100 גרם,false,1,17.90,29.83,true,1,
7290011081492,false,גלידה בטעם שלושה שוקולדים 1.33ל' קרמיסימו,"גלידת שטראוס בע""\מ, רחוב",IL,קרמיסימו שוקולדי,ליטרים,1.33,ליטר,false,0,19.90,14.96,true,1,
7290011081690,false,קרמיסימו פרווה שוקו ציפ+וניל ציפ 1.33ל,"גלידת שטראוס בע""\מ, רחוב",IL,קרמיסימו צ'יפ,ליטרים,1.33,ליטר,false,0,19.90,14.96,true,1,
7290011097431,false,"תרסיס לניקוי כללי קלין 750 מ""ל",קליר כימיקלים,IL,קלין מנקה הכל,מיליליטרים,750.00,"100 מ""ל",false,0,9.40,1.25,true,1,
7290011115159,false,סבון מוצק מועשר בקרם לחות ניחוח פרחים נקה 7 4*100 גרם,החברה הדרומית לשיווק בעמ,,סבון נקה 4X 7,גרמים,400.00,100 גרם,false,0,9.90,2.48,true,1,
7290011115166,false,נקה 7 ארומה סבון נוזלי לבנדר 1 ל',החברה הדרומית לשיווק בעמ,IL,תחליב רחצה נקה 7,ליטרים,1.00,ליטר,false,0,12.90,12.90,true,1,
7290011115203,false,אל סבון מוצק מבושם בניחוח עדין קלאסיק - מארז רביעיה,החברה הדרומית לשיווק בעמ,,סבון נקה 7 4 יח,גרמים,400.00,100 גרם,false,0,9.90,2.48,true,1,
7290011115258,false,אל סבון מוצק מבושם בניחוח עדין קלאסיק - מארז רביעיה,החברה הדרומית לשיווק בעמ,,נקה 7 סבון 4 יח,גרמים,400.00,100 גרם,false,0,9.90,2.48,true,1,
7290011115265,false,מארז סבון מוצק ארומה אל סבון מועשר בשמנים ארומטיים,החברה הדרומית לשיווק בעמ,,סבון נקה 7 4 יח,גרמים,400.00,100 גרם,false,0,9.90,2.48,true,1,
7290011115272,false,אל סבון מוצק מועשר בקרם לחות צמחים - מארז רביעיה,החברה הדרומית לשיווק בעמ,,סבון נקה 4X 7,גרמים,400.00,100 גרם,false,0,9.90,2.48,true,1,
7290011115289,false,אל סבון מוצק מבושם בניחוח עדין קלאסיק - מארז רביעיה,החברה הדרומית לשיווק בעמ,IL,סבון נקה 7 4 יח,מיליליטרים,400.00,"100 מ""ל",false,0,9.90,2.48,true,1,
7290011126209,false,הגן הקסום תה טעם תפוח וקינמון סיידר ויסוצקי 25 יח',תה ויסוצקי (ישראל)בעמ,IL,חליטת תפוח קנמון,גרמים,67.00,100 גרם,false,0,16.90,25.22,true,1,
7290011126223,false,חליטת רימונים 25 שקיקים,תה ויסוצקי,IL,חליטת רימונים,גרמים,62.00,100 גרם,false,0,16.90,27.26,true,1,
7290011126346,false,ניחוח.גליל לימ/לואיזה25ש,ויסוצקי,IL,חליטת צמחים,גרמים,55.00,100 גרם,false,0,16.70,30.36,true,1,
7290011126445,false,תה צ'אי בדואי 25שק2.5Xגר,ויסוצקי,IL,תה צ'אי בדואי,גרמים,62.00,100 גרם,false,0,17.50,28.23,true,1,
7290011126452,false,הגן הקסום תה בטעם קמומיל ונענע ויסוצקי 25 יחידות,תה ויסוצקי (ישראל) בעמ,IL,חליטת קמומיל,גרמים,37.00,100 גרם,false,0,16.90,45.68,true,1,
7290011126469,false,חליטת צמחים וקמומיל הגן הקסום ויסוצקי 25 יחידות,תה ויסוצקי (ישראל) בעמ,IL,חליטת קמומיל+דבש,גרמים,37.00,100 גרם,false,0,16.90,45.68,true,1,
7290011126490,false,תה רויאל גריי ויסוצקי 25 יחידות,תה ויסוצקי,IL,תה רויאל גריי,גרמים,42.00,100 גרם,false,0,15.40,36.67,true,1,
7290011126940,false,תה ירוק ויסוצקי בתוספת מרווה 25 שקיקים,תה ויסוצקי (ישראל) בעמ,IL,תה ירוק מרווה,גרמים,37.00,100 גרם,false,0,25.90,70.00,true,1,
7290011131203,false,גרין מוזלי תפוח ודבש,וויטליה,IL,מיזלי תפוח בדבש,קילוגרמים,1.00,"ק""ג",false,0,27.50,27.50,true,1,
7290011131395,false,מוזלי קראנצ`י 30% פירות גרין (1 קג),ויטליאה ניקולה דו,PL,מיזלי קראנץ,קילוגרמים,1.00,"ק""ג",false,0,27.50,27.50,true,1,
7290011131814,false,"מיזלי מיקס חלווה 1 ק""ג",גרין Green,MK,מיזלי מיקס חלווה,קילוגרמים,1.00,"ק""ג",false,1,27.50,27.50,true,1,
7290011131968,false,"גרנולה בתוספת שקדים ואגוזים גרין 1 ק""ג",ויטליה ניקולא דו,IL,גרנולה אגוזים,קילוגרמים,1.00,"ק""ג",false,0,20.00,20.00,true,1,
7290011131975,false,גרנולה בתוספת פירות מיובשים ומסוכרים,ויטליאה ניקולה דו,IL,גרנולה פירות,קילוגרמים,1.00,"ק""ג",false,0,20.00,20.00,true,1,
7290011133368,false,בירה שנדי בתוספת משקה תפוח - שישייה,"טמפו משקאות בע""מ",IL,מכבי שנדי 6 יח,ליטרים,1.98,ליטר,false,0,29.90,15.10,true,1,
7290011133375,false,בירה שנדי בתוספת משקה אפרסק - שישייה,"טמפו משקאות בע""מ",IL,מכבי שנדי 6 יח,ליטרים,1.98,ליטר,false,0,29.90,15.10,true,1,
7290011154301,false,ממרח תמרים 450ג ח.סופר טעמי הגליל*,ח.כהן סוכנות מזון ומשקאות בע,,ממרח תמרים 450 ג,גרמים,450.00,100 גרם,false,0,5.90,1.31,true,1,
7290011154776,false,סילאן תמרים 670 גרם,,IL,סילאן תמרים,גרמים,670.00,100 גרם,false,0,15.00,2.24,true,1,
7290011194215,false,מעדן גבינה ויוגורט בטעם בננה 5% שומן 88 ג' דניאלה,שטראוס גרופ בעמ/מצונן,IL,דניאלה בננה,מיליליטרים,150.00,"100 מ""ל",false,0,4.30,2.87,true,1,
7290011194246,false,קוטג 5% 250 גרם עם סידן שטראוס,שטראוס גרופ בעמ/מצונן,IL,קוטג' 5% שומן,גרמים,250.00,100 גרם,false,0,5.80,2.32,true,1,
7290011194291,false,דנונה דיאט קפוצינו 150גר,שטראוס,IL,דנונה דיאט 0%,גרמים,150.00,100 גרם,false,0,4.90,3.27,true,1,
7290011194741,false,משקה אקטיביה לבן1.5% 250,מיוצר עי קונדיטוריית,IL,משקה אקטיביה לבן,מיליליטרים,250.00,"100 מ""ל",false,0,5.00,2.00,true,1,
7290011223052,false,מגע המשי רצועות שעווה אלוורה 16 יח,המאפיה של הרמן,FR,רצועות שעווה,יחידה,1.00,יחידה,false,0,32.60,32.60,true,1,
7290011223229,false,"טואלט דאק ג'ל לאסלה טיפות טל רעננות 55 מ""ל","איטיליאן פוד, אס.פי.",GB,דאק ג'ל לאסלה,מיליליטרים,55.00,"100 מ""ל",false,0,8.90,16.18,true,1,
7290011223243,false,"טואלט דאק ג'ל לאסלה בניחוח לבנדר 55 מ""ל","איטיליאן פוד, אס.פי.",GB,דאק ג'ל לאסלה,מיליליטרים,55.00,"100 מ""ל",false,0,8.90,16.18,true,1,
7290011223786,false,סבון פמילי מעורב3 * 500מ,אברנסל קוסמטיקס,IL,סבון פמילי,ליטרים,1.50,ליטר,false,0,13.90,9.27,true,1,
7290011223939,false,"עוגת מאפינס שיש ללת""ס300",עבאדי,IL,עוגת מאפינס שיש,גרמים,300.00,100 גרם,false,0,17.90,5.97,true,1,
7290011236649,false,"נטיפי שוקולד ציפס אמיתי 300 גר' 54% מוצקי קקאו (בד""ץ)",דין שיווק וקליה 2021 בעמ,,שוקולד צ'יפס בלגי 300גרם,גרמים,300.00,100 גרם,false,0,9.90,3.30,true,1,
7290011239404,false,חטיפים מתוקים טעמים שונים 330גר,סוכנויות עמוס ממתקים בעמ,IL,חטיפים ארוזים,גרמים,330.00,100 גרם,false,0,14.90,4.52,true,1,
7290011308117,false,קרקר 6 דגנים 200 גרם,אפיפית,IL,קרקר 6 דגנים,גרמים,200.00,100 גרם,false,0,7.60,3.80,true,1,
7290011308179,false,קרקר חיטה מלאה+פשתן300גר,אפיפית,IL,קרקר חיטה מלאה,גרמים,300.00,100 גרם,false,0,9.90,3.30,true,1,
7290011308780,false,בייגלה טבעות שומשום300גר,יוניליוור,IL,בייגלה טבעות,גרמים,300.00,100 גרם,false,0,7.90,2.63,true,1,
7290011308872,false,נישנושים ביס בצל 60 גרם,יוניליוור,IL,נישנושים ביס,גרמים,60.00,100 גרם,false,0,3.90,6.50,true,1,
7290011308889,false,נשנושים ביס ברביקיו60גרם,יוניליוור,IL,נשנושים ביס,גרמים,60.00,100 גרם,false,0,3.90,6.50,true,1,
7290011378233,false,"חטיפי חלווה בארכה 126 גרם מארז 7 יחידות לל""ס",קבוצת אוסם סחר שותפות מוגבלת,IL,"חט.חלבה ללת""ס",גרמים,126.00,100 גרם,false,0,10.90,8.65,true,1,
7290011378769,false,חטיף חלווה וניל בארכה 126 גרם מארז 7 יחידות,קבוצת אוסם סחר שותפות מוגבלת,IL,חטיפי חלבה,גרמים,126.00,100 גרם,false,0,12.40,9.84,true,1,
7290011378776,false,חטיף חלווה פיסטוק בארכה 126 גרם מארז 7 יחידות,קבוצת אוסם סחר שותפות מוגבלת,IL,חטיפי חלבה 7 יח,גרמים,126.00,100 גרם,false,0,12.40,9.84,true,1,
7290011426033,false,פשתן טחון ט.מהדרין 300גר,,IL,פשתן טחון - טבע,גרמים,300.00,100 גרם,false,0,9.90,3.30,true,1,
7290011426071,false,פשתן טחון אורגני 300 גרם,,IL,פשתן טחון אורגני,גרמים,300.00,100 גרם,false,0,9.90,3.30,true,1,
7290011426293,false,סובין שיבולת שועל 500 גר,,IL,סובין שבולת שועל,גרמים,500.00,100 גרם,false,0,16.90,3.38,true,1,
7290011426576,false,שקדימון 300 גרם,,IL,שקדימון,גרמים,300.00,100 גרם,false,0,43.50,14.50,true,1,
7290011426613,false,שקדימון,,IL,שקדימון,גרמים,200.00,100 גרם,false,0,31.60,15.80,true,1,
7290011426668,false,חמאת אגוזי קשיו 200 גר',,IL,חמאת אגוזי קשיו,גרמים,200.00,100 גרם,false,0,35.00,17.50,true,1,
7290011435226,false,דבש מפרחי בר לחיץ 650 ג' יד מרדכי,מכוורת יד מרדכי שטראוס ב,IL,דבש לחיץ,גרמים,650.00,100 גרם,false,0,34.90,5.37,true,1,
7290011438142,false,"משקה יטבתה אייס קפה בבקבוק אישי 350 מ""ל",שטראוס גרופ בעמ/מצונן,IL,משקה חלב קפה,מיליליטרים,350.00,"100 מ""ל",false,0,6.20,1.77,true,1,
7290011447304,false,מטרנה פרימיום חלבי שלב 3 700 גרם חיסכון,קבוצת אוסם סחר שותפות מוגבלת,IL,מטרנה חלבי שלב 3,גרמים,700.00,100 גרם,false,0,53.90,7.70,true,1,
7290011447373,false,תחליף חלב מטרנה מהדרין שלב 2 חלבי 700 גרם,קבוצת אוסם סחר שותפות מוגבלת,IL,מטרנה מהדרין,גרמים,700.00,100 גרם,false,0,49.90,7.13,true,1,
7290011468057,false,"טחינה גולמית הנסיך 1 ק""ג",הנסיך,IL,טחינה גולמית,קילוגרמים,1.00,"ק""ג",false,0,25.90,25.90,true,1,
7290011468347,false,טחינה הנסיך10%תוספת 550ג,הנסיך,IL,טחינה הנסיך,גרמים,550.00,100 גרם,false,1,8.90,1.62,true,1,
7290011468354,false,טחינה הנסיך שומש.מלא10%ת,הנסיך,IL,טחינה הנסיך,גרמים,550.00,100 גרם,false,1,8.90,1.62,true,1,
7290011473006,false,קינואה אורגני לבנה 500 גרם,גורי מוצרי צריכה (1991) בעמ,IL,קינואה אורגנית,גרמים,500.00,100 גרם,false,0,17.90,3.58,true,1,
7290011473204,false,עדשים ירוקים אורגני 500 גרם,גורי מוצרי צריכה (1991) בעמ,TR,עדשים ירוקות,גרמים,500.00,100 גרם,false,0,14.20,2.84,true,1,
7290011473211,false,"עדשים אדומים אורגני 500 גרם ""תבואות""",גורי מוצרי צריכה (1991) בעמ,,עדשים אדומות,גרמים,500.00,100 גרם,false,0,12.40,2.48,true,1,
7290011473310,false,פולי אזוקי אורגני 500 גרם,תבואות,,פולי אזוקי,גרמים,500.00,100 גרם,false,0,13.20,2.64,true,1,
7290011473341,false,שעועית אדומה 500 גרם תבואות,תבואות,,שעועית אדומה,גרמים,500.00,100 גרם,false,0,11.60,2.32,true,1,
7290011473464,false,סובין שיבולת שועל אורגנית,תבואות,GB,סובין אורגני,גרמים,400.00,100 גרם,false,0,10.80,2.70,true,1,
7290011473471,false,אורז בסמטי לבן אורגני 500 גרם,תבואות,IN,אורז בסמטי לבן,גרמים,500.00,100 גרם,false,0,16.80,3.36,true,1,
7290011473686,false,"אורז עגול מלא אורגני 1 ק""ג תבואות",,IL,אורז עגול מלא,קילוגרמים,1.00,"ק""ג",false,0,18.90,18.90,true,1,
7290011473730,false,"אורז פרא מעורב טבעי 1 ק""ג תבואות",תבואות,,אורז מעורב,קילוגרמים,1.00,"ק""ג",false,0,21.30,21.30,true,1,
7290011473747,false,"אורז אדום טבעי 1 ק""ג",תבואות בר,TH,אורז אדום,קילוגרמים,1.00,"ק""ג",false,1,14.90,14.90,true,1,
7290011473754,false,תאנים מיובשות אורגני,נימקס איזמיר,,תאנים מיובשות,גרמים,250.00,100 גרם,false,0,19.30,7.72,true,1,
7290011473778,false,משמש מיובש אורגני 25,נימקס איזמיר,,משמש מיובש,גרמים,250.00,100 גרם,false,0,19.90,7.96,true,1,
7290011474331,false,"קמח כוסמין מלא טבעי 1 ק""ג תבואות",תבואות,IL,קמח כוסמין מלא,קילוגרמים,1.00,"ק""ג",false,0,21.30,21.30,true,1,
7290011474362,false,קמח עדשים אורגני 500 גרם תבואות,גורי מוצרי צריכה (1991) בעמ,IL,קמח עדשים,גרמים,500.00,100 גרם,false,0,15.80,3.16,true,1,
7290011474485,false,מלח אטלנטי דק קופסה 1 קילו,,,מלח ים אטלנטי דק,קילוגרמים,1.00,"ק""ג",false,0,21.20,21.20,true,1,
7290011474683,false,מגידרה קינואה אורגנית 500 גרם תבואות,תבואות,,מג'דרה קינואה,גרמים,500.00,100 גרם,false,0,23.30,4.66,true,1,
7290011474713,false,שבבי סויה טבעי 200 גרם תבואות,,IL,שבבי סויה,גרמים,200.00,100 גרם,false,0,7.40,3.70,true,1,
7290011474843,false,גוגי ברי טבעי 200 גר,,IL,גוגי ברי,גרמים,200.00,100 גרם,false,0,21.90,10.95,true,1,
7290011474898,false,סוכר קוקוס תבואות 300 גרם אורגני,גורי מוצרי צריכה (1991) בעמ,IL,סוכר קוקוס,גרמים,300.00,100 גרם,false,0,16.80,5.60,true,1,
7290011498238,false,כיכר מרציפן נטו 250 גרם,,IL,כיכר מרציפן,גרמים,250.00,100 גרם,false,0,24.00,9.60,true,1,
7290011498955,false,אגוזי אדמה חמאת בוטנ300ג,שקד תבור,IL,חמאת בוטנים,גרמים,300.00,100 גרם,false,0,16.80,5.60,true,1,
7290011498979,false,שקד לבן בתוספת סיבים 300 גרם,מרכז השקד,IL,שקד לבן,גרמים,300.00,100 גרם,false,0,42.50,14.17,true,1,
7290011499051,false,פטה כבשים מסורתית 20% בגביע 250 גרם - רובין,מחלבות גד שיווק 1992 בעמ,IL,פטה כבשים,גרמים,250.00,100 גרם,false,0,23.90,9.56,true,1,
7290011499105,false,בולגרית מסורתית 5% 250 גרם -רבנות,מחלבות גד שיווק 1992 בעמ,IL,גבינה בולגרית 5%,גרמים,250.00,100 גרם,false,0,21.90,8.76,true,1,
7290011499112,false,בולגרית מסורתית 16% 250 גרם - רבנות,מחלבות גד שיווק 1992 בעמ,IL,גבינה בולגרית,גרמים,250.00,100 גרם,false,0,21.70,8.68,true,1,
7290011499129,false,גבינה בולגרית מעודנת קוביות קטנות 5% גד 200 גרם,מחלבות גד שיווק 1992 בעמ,IL,קוביות בולגרית,גרמים,200.00,100 גרם,false,0,19.70,9.85,true,1,
7290011499273,false,גב.ריקוטה מלוחה 5% 250ג,מחלבות גד,IL,ריקוטה מלוחה5%,גרמים,250.00,100 גרם,false,0,14.10,5.64,true,1,
7290011499327,false,גבינה בולגרית מעודנת 5% 250 גרם - רבנות,מחלבות גד שיווק 1992 בעמ,,בולגרית מעודנת5%,גרמים,250.00,100 גרם,false,0,21.70,8.68,true,1,
7290011499334,false,גבינת קממבר צאן 125 גרם,מחלבות גד,IL,גבינת קממבר,גרמים,125.00,100 גרם,false,0,17.70,14.16,true,1,
7290011499365,false,גבינת חלומי 24% מחלב בקר גד (200 גרם),מחלבות גד שיווק 1992 בעמ,IL,חלומי גד 24%,גרמים,200.00,100 גרם,false,0,16.90,8.45,true,1,
7290011499525,false,גבינת לאבנה דרוזית 9% גד 500 גרם,מחלבות גד שיווק 1992 בעמ,IL,לאבנה דרוזית 9%,גרמים,500.00,100 גרם,false,0,19.60,3.92,true,1,
7290011499846,false,גבינת ריקוטה פרסקה 9% גד (300 גרם),מחלבות גד שיווק 1992 בעמ,,ריקוטה פרסקה 9%,גרמים,300.00,100 גרם,false,0,17.60,5.87,true,1,
7290011499853,false,שמנת 30% ניו יורק זיתים 200 גרם רובין,מחלבות גד שיווק 1992 בעמ,,גבינת שמנת,גרמים,200.00,100 גרם,false,0,12.90,6.45,true,1,
7290011515911,false,שלגוני לייט ריבת חלב עם סירופ 6*52 גרם,נגה גלידות שותפות מוגבלת,IL,מאגדת לייט,גרמים,312.00,100 גרם,false,0,27.00,8.65,true,1,
7290011518561,false,"אקטימל תות 1.51 ק""ג מארז 14 יחידות",שטראוס גרופ בעמ/מצונן,IL,אקטימל מארז14יח',ליטרים,1.40,ליטר,false,0,29.90,21.36,true,1,
7290011525323,false,אל סבון טיפולי לתינוק קמיל בלו סנסטיב שיבולת שועל,פישר תעשיות פרמבצטיות בעמ,IL,קמיל בלו אל סבון,מיליליטרים,500.00,"100 מ""ל",false,0,24.90,4.98,true,1,
7290011556471,false,"סירופ למלבי 750מ""ל",,,תרכיז מלבי,מיליליטרים,750.00,"100 מ""ל",false,0,16.90,2.25,true,1,
7290011556648,false,תרכיז שקדים,,,תרכיז שקדים,מיליליטרים,750.00,"100 מ""ל",false,0,16.90,2.25,true,1,
7290011570132,false,"קמח ללא גלוטן גלעם 1 ק""ג-",אשבל מזון פונקציונלי,IL,קמח נטול גלוטן,קילוגרמים,1.00,"ק""ג",false,0,4.90,4.90,true,1,
7290011570507,false,קמח נטול גלוטן-כרגיל קונדיטור,תומר ייבוא ושיווק מוצרי מזון [,IL,קמח רב תכליתי,גרמים,450.00,100 גרם,false,1,19.30,4.29,true,1,
7290011570781,false,"קמח כרגיל ללא גלוטן בטעם וניל אשבל 1 ק""ג",תומר יבוא ושיווק מוצרי מזון (1,IL,תערובת לעוגה,גרמים,450.00,100 גרם,false,1,19.30,4.29,true,1,
7290011570798,false,"קמח כרגיל ללא גלוטן בטעם שוקולד אשבל 1 ק""ג",תומר ייבוא ושיווק מוצרי מזון [,IL,תערובת לעוגה,גרמים,450.00,100 גרם,false,1,19.30,4.29,true,1,
7290011575250,false,מברשת הפי מבריק וצובע נעליים שחור יעקבי,"יעקב יעקבי ובניו בע""מ",ES,הפי לנעליים,יחידה,1.00,יחידה,false,0,9.90,9.90,true,1,
7290011587581,false,פילה אנשובי תומר צנצנת 100 גרם,אינוורסינס פריסקו,PE,פילה אנשובי,גרמים,100.00,100 גרם,false,1,12.90,12.90,true,1,
7290011587598,false,פילה אנשובי בשמן תומר (45 גרם),תומר ייבוא ושיווק מוצרי מזון [,PE,פילה אנשובי,גרמים,45.00,100 גרם,false,0,6.90,15.33,true,1,
7290011598211,false,"סנו - אנטי קאלק מרסס ניקוי כללי 4 ב-1 700 מ""ל",החברה הדרומית לשיווק בעמ,IL,סנו אנטי קאלק,מיליליטרים,700.00,"100 מ""ל",false,0,16.90,2.41,true,1,
7290011598259,false,"פרש מטהר אוויר אוטומטי בניחוח מאסק סנו 250 מ""ל",החברה הדרומית לשיווק בעמ,IL,סנו פרש מאסק,מיליליטרים,250.00,"100 מ""ל",false,1,15.90,6.36,true,1,
7290011598372,false,"מטלית מקצועית לריצפה פרופישיונל ""סנו סושי""",החברה הדרומית לשיווק בעמ,IL,מטלית לרצפה,יחידה,1.00,יחידה,false,0,10.00,10.00,true,1,
7290011598402,false,מקסימה מרכך כביסה ארומתרפי מאסק סנו 4 ליטר,החברה הדרומית לשיווק בעמ,,מרכך כביסה,ליטרים,4.00,ליטר,false,0,19.90,4.98,true,1,
7290011598457,false,נייר טואלט דו שכבתי - מארז 48 גלילים,החברה הדרומית לשיווק בעמ,IL,נייר טואלט סופט,מטרים,883.00,100 מטר,false,0,34.90,3.95,true,1,
7290011607197,false,"קולון 101 אבקת כביסה 5 ק""ג",רקיט בנקיזר (ניר איסט) בעמ,,אבקת כביסה קולון,קילוגרמים,5.00,"ק""ג",false,0,29.90,5.98,true,1,
7290011615062,false,לורפק ללא מלח 500 גרם,,DK,לורפק ללא מלח,גרמים,500.00,100 גרם,false,0,25.90,5.18,true,1,
7290011615260,false,"טורטייה 20 ס""מ קוטר וילי פוד 540 גר",ג.וילי פוד אינטרנשיונל בעמ,,טורטיות,גרמים,540.00,100 גרם,false,0,10.90,2.02,true,1,
7290011615314,false,תפוחונים 6 יח,,IL,תפוחונים 6 יח,גרמים,132.00,100 גרם,false,0,18.90,14.32,true,1,
7290011622305,false,כתמטמינים חטיף לתינוקות אצבעות בוטנים ותירס - רביעיה,הארט Heart,IL,רביעיית כתמתמים,גרמים,80.00,100 גרם,false,0,12.90,16.13,true,1,
7290011622367,false,אצבעונים בסקוויט,,IL,אצבעונים בסקוויט,גרמים,130.00,100 גרם,false,0,19.80,15.23,true,1,
7290011622374,false,ביסקויטמינים פעוט ילד150,רנדי,IL,ביסקויטמינים,יחידה,1.00,יחידה,false,0,10.90,10.90,true,1,
7290011622428,false,כתמטמינים-חטיף בריאות לתינוקות וילדים 45 ג',גורי מוצרי צריכה (1991) בעמ,IL,חטיף בריאות,גרמים,45.00,100 גרם,false,0,5.80,12.89,true,1,
7290011622442,false,טבעונים - חטיף טבעות דגנים מלאים בטעם טבעי 45 גרם,הארט Heart,IL,חטיף בריאות,גרמים,45.00,100 גרם,false,0,5.90,13.11,true,1,
7290011668587,false,בריא מהטבע גרנולה בטעם עשיר 500 גרם פנינה רוזנבלום,בריא מהטבע פנינה רוזנבלום,IL,גרנולה עשירה,גרמים,500.00,100 גרם,false,0,28.70,5.74,true,1,
7290011716103,false,פירורי לחם יפני לבן עדין שקית 250 גר,****דין שיווק וקליה 2021 בעמ,,פנקו יפני 250 גרם,גרמים,250.00,100 גרם,false,0,7.10,2.84,true,1,
7290011723200,false,טחינה הר ברכה 100% שומשום טהור 500 גר,טחינה הר ברכה בעמ,IL,טחינה הר ברכה,גרמים,500.00,100 גרם,false,1,16.90,3.38,true,1,
7290011743833,false,משחת שיניים פרונאמל סנסודיין (75 מל),גלקסו סמית קליין,GB,משחת שיניים,מיליליטרים,75.00,"100 מ""ל",false,0,19.90,26.53,true,1,
7290011744892,false,"אקווה פרש - משחת שיניים ילדים ג'וניור 6+ 50 מ""ל",גלקסו סמית קליין,,משחת שיניים א.פ,מיליליטרים,50.00,"100 מ""ל",false,0,10.00,20.00,true,1,
7290011745714,false,משחה אקווה פרש מרענן100מ,גלקסוסמיתקליין,GB,משחת שיניים,מיליליטרים,100.00,"100 מ""ל",false,0,11.80,11.80,true,1,
7290011765071,false,ג'ל גילוח לעור רגיל לחות והגנה Moisture,טרופיקל דגיל תעשיות,IL,ג'ל גילוח קרמה,מיליליטרים,200.00,"100 מ""ל",false,0,12.90,6.45,true,1,
7290011765095,false,קרמה מן גל גילוח אלוורה ירוק 200 מל,החברה הדרומית לשיווק בעמ,IL,ג'ל גילוח קרמה,מיליליטרים,200.00,"100 מ""ל",false,0,12.90,6.45,true,1,
7290011765118,false,קצף גילוח קרמה מן דליקט 200 מל,"אביאפ, איסטנבול, תור",IL,קצף גילוח קרמה,מיליליטרים,200.00,"100 מ""ל",false,0,9.70,4.85,true,1,
7290011765446,false,משחת שיניים לילדים בוב ספוג בטעם מיץ ענבים עם פלואוריד למניעת עששת,טרופיקל דגיל תעשיות קוסמ,IL,משחת שיניים,גרמים,70.00,100 גרם,false,0,7.90,11.29,true,1,
7290011778354,false,ביצים חופשיות 20 יחידות,ביצים מן הטבע,IL,ביצי חופש 20 יח',יחידה,1.00,יחידה,false,0,31.90,31.90,true,1,
7290011800642,false,מטבוחה מרוקאית רפי כהן צבר (400 גרם),קבוצת אוסם סחר-שות.מוגבלת,IL,סלט מטבוחה,גרמים,400.00,100 גרם,false,0,15.90,3.98,true,1,
7290011800703,false,פלפלים קלויים רפי כהן400,סלטי צבר,IL,סלט פלפלים,גרמים,400.00,100 גרם,false,0,15.90,3.98,true,1,
7290011800826,false,חציל בטחינה רפי כהן 400ג,סלטי צבר 2 ב 22,IL,סלט חציל בטחינה,גרמים,400.00,100 גרם,false,0,15.90,3.98,true,1,
7290011800840,false,רפי כהן סלט טחינה בלאדי צבר 400 גרם,קבוצת אוסם סחר שותפות מוגבלת,IL,סלט טחינה בלאדי,גרמים,400.00,100 גרם,false,0,15.90,3.98,true,1,
7290011800864,false,חציל בשמן זית רפי כהן400,סלטי צבר 2 ב 22,IL,סלט חציל צבר,גרמים,400.00,100 גרם,false,0,15.90,3.98,true,1,
7290011810252,false,חציל במיונז 250גרם,סלטי שמיר,IL,סלט חציל במיונז,גרמים,250.00,100 גרם,false,0,8.30,3.32,true,1,
7290011830007,false,"סוכר חום אורגני השדה מוצרים אורגנים 1 ק""ג",השדה מוצרים אורגניים,IL,סוכר קנים חום,קילוגרמים,1.00,"ק""ג",false,0,12.80,12.80,true,1,
7290011830106,false,דובשניות אורגניות 300גרם,,IL,דובשניות אורגני,גרמים,300.00,100 גרם,false,0,13.60,4.53,true,1,
7290011830168,false,פירורי לחם אורגני ק.כוסמין שקית 200 גרם,השדה מוצרים אורגניים,IL,פירורי לחם,גרמים,200.00,100 גרם,false,0,11.50,5.75,true,1,
7290011830243,false,אטריות אורג. ללא גלוטן מאורז תאילנדי 250,השדה מוצרים אורגניים,CN,אטריות אורז תאי,גרמים,250.00,100 גרם,false,0,12.50,5.00,true,1,
7290011830250,false,נודלס אורגני ללא גלוטן 100% כווסמת 250 גרם,השדה מוצרים אורגניים,IL,אטריות כוסמת,גרמים,250.00,100 גרם,false,0,13.60,5.44,true,1,
7290011830267,false,אטריות אורגניות ללא גלוטן מאורז מלא 250,השדה מוצרים אורגניים,CN,אטריות מאורז מלא,גרמים,250.00,100 גרם,false,0,12.50,5.00,true,1,
7290011830489,false,עוגיות אורגניות חרוב250ג,השדה מוצרים אורגניים,IL,עוגיות אורגניות,גרמים,250.00,100 גרם,false,0,12.50,5.00,true,1,
7290011830830,false,חטיף ציקי מאנקי אורגני 20 גר השדה,השדה מוצרים אורגניים,IL,צ'יקי מאנקי,גרמים,20.00,100 גרם,false,0,2.90,14.50,true,1,
7290011830991,false,צ'יקי מאנקי חטיף בוטנים אורגני 60 גרם ללא גלוטן,השדה מוצרים טבעיים ו,IL,חטיף בוטנים,גרמים,60.00,100 גרם,false,0,5.90,9.83,true,1,
7290011860271,false,ביסבול כדורי פירה מתפוחי אדמה תפוגן 700 גרם,קבוצת אוסם סחר שותפות מוגבלת,IL,ביסבול טבעי,גרמים,700.00,100 גרם,false,0,15.80,2.26,true,1,
7290011876388,false,קציצות עוף ובקר מאמא עוף (600 גרם),תנובה מרכז שיתופי לשיווק תוצרת,IL,קציצות עוף ובקר,גרמים,600.00,100 גרם,false,0,34.40,5.73,true,1,
7290011877446,false,קרם נגד גירויים לתינוק עם הנוסחה המשולשת SBC,החברה הדרומית לשיווק בעמ,IL,בייבי כיף קרם,מיליליטרים,100.00,"100 מ""ל",false,0,10.90,10.90,true,1,
7290011877835,false,שקיות ואקום לאחסון XXL סנו סושי 2 יחידות,מיוצר עי קונדיטוריית,IL,שקיות איחסון,יחידה,1.00,יחידה,false,0,23.90,23.90,true,1,
7290011877859,false,סנו אינסטלטור חדש פותח סתימות 200ג',החברה הדרומית לשיווק בעמ,IL,סנו אינסטלטור,גרמים,200.00,100 גרם,false,0,13.90,6.95,true,1,
7290011877927,false,אורביטול טריפלאקשיין בטעם סמוז מינט,קוסמופארם בע'\'\מ,IL,מי פה אורביטול,מיליליטרים,500.00,"100 מ""ל",false,0,20.00,4.00,true,1,
7290011878351,false,תמרים מגהול 400 גרם אורגני,,IL,תמר מג'הול,גרמים,400.00,100 גרם,false,0,27.90,6.98,true,1,
7290011923273,false,טופו אורגני ליב (300 גרם),ל.י.ב. (לחיות יותר בטבע) בעמ,IL,טופו אורגני,גרמים,300.00,100 גרם,false,0,13.40,4.47,true,1,
7290011923303,false,טופו טבעי ליב (300 גרם),ל.י.ב. (לחיות יותר בטבע) בעמ,IL,טופו טבעי,גרמים,300.00,100 גרם,false,0,11.40,3.80,true,1,
7290011931155,false,אל סבון פלצה אזורה 750מל,"ביסקול בע""מ",IL,אל סבון אזורה,מיליליטרים,750.00,"100 מ""ל",false,0,11.80,1.57,true,1,
7290011947262,false,זית ירוק בתיבול גלילי215,זיתא - י.ט.ב תעשיות,,זית ירוק בתיבול,גרמים,217.00,100 גרם,false,0,9.90,4.56,true,1,
7290011947279,false,זית ירוק איטלקי 215גרם,זיתא – י.ט.ב תעשיות,IL,זית ירוק מתובל,גרמים,215.00,100 גרם,false,0,9.90,4.60,true,1,
7290011947309,false,זיתים מצוננים סורי מבוקע ולימון כבוש זיתא 230 ג',תה ויסוצקי (ישראל) בעמ,,זית סורי,גרמים,230.00,100 גרם,false,0,9.90,4.30,true,1,
7290011947491,false,רוטב ויניגרט הדרים 235מל,זיתא,IL,רוטב ויניגרט הדר,מיליליטרים,235.00,"100 מ""ל",false,1,12.90,5.49,true,1,
7290011947514,false,רוטב ויניגרט בלסמי 235מל,זיתא,IL,רוטב ויניגרט,מיליליטרים,235.00,"100 מ""ל",false,1,12.90,5.49,true,1,
7290011947521,false,"שמן זית כתית מעולה 750 מ""ל טעם מודגש זיתא",תה ויסוצקי (ישראל) בעמ,IL,שמן זית כתית,מיליליטרים,750.00,"100 מ""ל",false,1,36.90,4.92,true,1,
7290011964542,false,פפריקה מתוקה 400 גר' טעם וריח,"תבליני טעם וריח בע""מ",IL,פפריקה מתוקה,גרמים,400.00,100 גרם,false,0,24.70,6.18,true,1,
7290011971632,false,עגבנ.מרוסקות 300*2 גרם,,IL,עגבניות מרוסקות,גרמים,600.00,100 גרם,false,0,16.40,2.73,true,1,
7290011971694,false,ספגטי טריקולור מסמולינת דורום אורגני 500,פסטיפיסוי פליצ'טי,IT,ספגטי טריקולור,גרמים,500.00,100 גרם,false,0,12.40,2.48,true,1,
7290011971700,false,לחם השלושה אורגני 750גרם,הרדוף,IL,לחם השלושה ארגני,גרמים,750.00,100 גרם,false,0,15.90,2.12,true,1,
7290012001994,false,חרדל דיז'ון גרעינים 350 ג' ריין דיזון,דיפלומט מפיצים (1968) בעמ**,FR,חרדל דיז'ון ריין,גרמים,350.00,100 גרם,false,0,11.90,3.40,true,1,
7290012019258,false,מחית תפוחי עץ רביעיה 4 * 113 ג' תומר,תומר ייבוא ושיווק מוצרי מזון [,US,"רסק תפו""ע",גרמים,454.00,100 גרם,false,0,9.90,2.18,true,1,
7290012019265,false,"מחית תפו""ע ללא תוספת סוכר 4*113גר",תומר ייבוא ושיווק מוצרי מזון [,US,"רסק תפו""ע ללת""ס",גרמים,454.00,100 גרם,false,0,9.90,2.18,true,1,
7290012019272,false,רביעיית מחית תפוח עץ וקינמון תומר 113 גרם,תומר ייבוא ושיווק מוצרי מזון [,US,"רסק תפו""ע",גרמים,452.00,100 גרם,false,0,9.90,2.19,true,1,
7290012019647,false,פטיסון כבוש שלם תומר 900 גרם,פולין פולנסקו פראנצוסקה,PL,פטיסון כבוש שלם,גרמים,900.00,100 גרם,false,1,13.90,1.54,true,1,
7290012022005,false,פריכיות חיטה 60 גרם,דילייט 2005 בעמ,IL,קריספיות טבעי,גרמים,60.00,100 גרם,false,0,11.90,19.83,true,1,
7290012022012,false,קריספיות בצל,דילייט,IL,קריספיות בצל,יחידה,1.00,יחידה,false,0,11.90,11.90,true,1,
7290012022050,false,פריכיות חיטה מלאה 100 גרם,דילייט 2005 בעמ,IL,קריספיות דגנים,גרמים,75.00,100 גרם,false,0,13.90,18.53,true,1,
7290012022067,false,קריספיות קידס 30 גרם,דילייט 2005 בעמ,IL,קריספיות קידס,גרמים,30.00,100 גרם,false,0,10.90,36.33,true,1,
7290012028755,false,נקסט 100 ריסס 10יח,פיליפ מוריס,TR,סיגריות נקסט,יחידה,1.00,יחידה,false,1,279.90,279.90,false,1,
7290012052699,false,פתיתי שיבולת שועל דקה400,רפאלס,IL,שיבולת שועל,גרמים,400.00,100 גרם,false,1,8.90,2.23,true,1,
7290012086113,false,עגבניות שרי אשכולות מארז,ביכורי השדה הצפון בעמ` 1964,IL,שרי אשכולות יח,יחידה,1.00,יחידה,false,0,9.90,9.90,true,1,
7290012116537,false,"מקסימה אבקת כביסה בניחוח מאסק סנו 2.5 ק""ג",החברה הדרומית לשיווק בעמ,IL,אבקת כביסה,קילוגרמים,2.50,"ק""ג",false,0,26.90,10.76,true,1,
7290012116612,false,אורביטול מברשת שיניים סופט 4 יח`,החברה הדרומית לשיווק בעמ,,4 מברשות שיניים,יחידה,1.00,יחידה,false,0,10.00,10.00,true,1,
7290012116681,false,דאודורנט ג'ל אנטיפרספירנט אקטיב בלוק Calm,החב הדרומית לשיווק,,דאו.קרמה ג'ל,מיליליטרים,70.00,"100 מ""ל",false,0,12.90,18.43,true,1,
7290012116735,false,נייר טואלט דו שכבתי גליל כפול - מארז 24 גלילים,החברה הדרומית לשיווק בעמ,IL,נייר טואלט סופט,מטרים,900.00,100 מטר,false,0,36.90,4.10,true,1,
7290012116964,false,"קרמה מן תרחיץ ג'ל לפנים 150 מ""ל",החברה הדרומית לשיווק בעמ,IL,קרמה תרחיץ פנים,מיליליטרים,150.00,"100 מ""ל",false,0,9.90,6.60,true,1,
7290012117275,false,"קליר שקית מילוי לניקוי חלונות סנו 750 מ""ל",החברה הדרומית לשיווק בעמ,IL,סנוקליר מילוי,מיליליטרים,750.00,"100 מ""ל",false,0,5.90,0.79,true,1,
7290012117350,false,"נוזל רצפות לילך 2 ליטר ""ריצפז פרש""",החברה הדרומית לשיווק בעמ,,סנו ריצפז,ליטרים,2.00,ליטר,false,0,15.90,7.95,true,1,
7290012117381,false,"קרמה מן אפטר שייב ג'ל רגיל 150 מ""ל",קוסמופארם בע'\'\מ,IL,קרמה ג'ל לגילוח,מיליליטרים,150.00,"100 מ""ל",false,0,19.90,13.27,true,1,
7290012117411,false,"שמפו וג'ל רחצה רויבוס 700 מ""ל ""קרמה""",החברה הדרומית לשיווק בעמ,,קרמה ג'ל רחצה,מיליליטרים,700.00,"100 מ""ל",false,0,14.90,2.13,true,1,
7290012117428,false,"ג'ל רחצה ושמפו מעיינות מנטה קרמה מן 700 מ""ל",החברה הדרומית לשיווק בעמ,IL,קרמה ג'ל רחצה,מיליליטרים,700.00,"100 מ""ל",false,0,14.90,2.13,true,1,
7290012117435,false,"קרמה - שמפו וג'ל רחצה 2 ב-1 אלוורה 700 מ""ל",החברה הדרומית לשיווק בעמ,IL,קרמה ג'ל רחצה,מיליליטרים,700.00,"100 מ""ל",false,0,14.90,2.13,true,1,
7290012117534,false,מרכך כביסה מרוכז תכלת קול סנו מקסימה 1 ליטר,החברה הדרומית לשיווק בעמ,IL,מקסימה ס.מרוכז,ליטרים,1.00,ליטר,false,0,15.00,15.00,true,1,
7290012117558,false,מקסימה מרכך כביסה מרוכז ורוד בניחוח מאסק סנו 1 ליטר,החברה הדרומית לשיווק בעמ,IL,מקסימה ס.מרוכז,ליטרים,1.00,ליטר,false,0,15.00,15.00,true,1,
7290012117633,false,אורביטול שטיפת מי פה טעם סוכירות ג`לי,החברה הדרומית לשיווק בעמ,IL,מי פה אורביטול,מיליליטרים,250.00,"100 מ""ל",false,0,11.90,4.76,true,1,
7290012117732,false,מקסימה מרכך כביסה ארומתרפי קול סנו 4 ליטר,החברה הדרומית לשיווק בעמ,,מרכך מקסימה COOL,ליטרים,4.00,ליטר,false,0,19.90,4.98,true,1,
7290012117916,false,אינסטלטור נוזל לפתיחת סתימות סנו 1 ליטר,החברה הדרומית לשיווק בעמ,IL,אינסטלטור נוזלי,ליטרים,1.00,ליטר,false,0,29.60,29.60,true,1,
7290012132650,false,דאודורנט רול ורדים LOVLI,אשר שיווק טבע,IL,דאו.רול ורדים,מיליליטרים,100.00,"100 מ""ל",false,0,38.60,38.60,true,1,
7290012132728,false,שמפו אורגני לבנדר LOVLIS,אשר שיווק טבע,IL,שמפו אורג' לבנדר,גרמים,400.00,100 גרם,false,0,35.60,8.90,true,1,
7290012132742,false,שמפו אורגני קלנדולה LOVL,אשר שיווק טבע,IL,שמפו קלנדולה,מיליליטרים,400.00,"100 מ""ל",false,0,35.60,8.90,true,1,
7290012159275,false,מיונז אמיתי 430 גרם LINA,יורוסטנדרט בעמ,LE,מיונז לינה,גרמים,430.00,100 גרם,false,0,8.90,2.07,true,1,
7290012159404,false,לבבות דקל שלמים 400,ECUACONSERVAS,IL,לבבות דקל שלם,גרמים,400.00,100 גרם,false,0,9.40,2.35,true,1,
7290012173875,false,גרעיני דלעת 300גרם,זארובי פיצוחי הגליל,IL,גרעיני דלעת,גרמים,300.00,100 גרם,false,1,10.90,3.63,true,1,
7290012193125,false,ממתיק על בסיס סוכרלוז - טבליות,"קיפל טבליות וממתיקים בע""מ",IL,סוכרלוז,יחידה,1.00,יחידה,false,0,26.90,26.90,true,1,
7290012193286,false,פרש וואנס SENSITIVE מגבונים ללא בישום רביעייה 72 יחידות,על בד,IL,פרש וואנס,יחידה,1.00,יחידה,false,0,17.90,17.90,true,1,
7290012208027,false,ממרח חזרת מוטי שף 18,"איטיליאן פוד, אס.פי.",IL,ממרח חזרת,גרמים,180.00,100 גרם,false,0,21.30,11.83,true,1,
7290012208041,false,ממרח זעתר,,IL,ממרח זעתר,גרמים,180.00,100 גרם,false,0,21.30,11.83,true,1,
7290012208065,false,ממרח לימון כבוש 190 גרם,"איטיליאן פוד, אס.פי.",IL,ממרח לימון כבוש,גרמים,180.00,100 גרם,false,0,21.30,11.83,true,1,
7290012208331,false,קמח טף בהיר ללא גלוטן400,"ל.ד בראל בע""מ",IL,קמח טף בהיר,גרמים,400.00,100 גרם,false,1,24.30,6.08,true,1,
7290012208362,false,פריכיות כוסמת עם טף בהיר 135 גרם,זן - בר המכללה לטבעונות,IL,פריכיות כוסמת,גרמים,135.00,100 גרם,false,1,11.90,8.81,true,1,
7290012208379,false,פריכיות כוסמת עם קינואה 135 גרם,זן - בר המכללה לטבעונות,IL,פריכיות כוסמת,גרמים,135.00,100 גרם,false,1,11.90,8.81,true,1,
7290012208393,false,קמח צ'ופה 300 גר,ג'וליה בלאגר,ES,קמח צ'ופה 300 גר,גרמים,300.00,100 גרם,false,1,28.90,9.63,true,1,
7290012226007,false,נקניקיות מרגז 400 גרם,נקניק נהריה כשר זוגל,IL,נקנ' מרגז,גרמים,400.00,100 גרם,false,0,20.90,5.23,true,1,
7290012226120,false,קבנוס זוגלובק (45x3 גרם),נקניק נהריה כשר זוגל,IL,קבנוס,גרמים,135.00,100 גרם,false,0,11.20,8.30,true,1,
7290012226922,false,קבנוס בטעם שום זוגלובק (45x3 גרם),נקניק נהריה כשר זוגל,IL,קבנוס בטעם שום,גרמים,135.00,100 גרם,false,0,11.20,8.30,true,1,
7290012226939,false,קבנוס עם צ'ילי חריף זוגלובק 135 גרם,נקניק נהריה כשר זוגל,IL,קבנוס בטעם צ'ילי,גרמים,135.00,100 גרם,false,0,11.20,8.30,true,1,
7290012227172,false,חרמן הודו בדבש וברביקיו זוג במארז 600 ג' זוגלובק,נקניק נהריה כשר זוגל,IL,מארז כפרית חרמון,גרמים,600.00,100 גרם,false,0,33.30,5.55,true,1,
7290012227219,false,שלישית פיצה משפ' 1500גרם,זוגלובק,,פיצה משפ',קילוגרמים,1.50,"ק""ג",false,0,34.60,23.07,true,1,
7290012227912,false,קבנוס מעודן זוגלובק 135 גרם,נקניק זוגלובק נהריה,IL,קבנוס מעודן,גרמים,135.00,100 גרם,false,1,11.20,8.30,true,1,
7290012244018,false,עוג.מוס ר.חלב+שוק.לבן1קג,גידרון,IL,עוגת מוס,יחידה,1.00,יחידה,false,0,59.90,59.90,true,1,
7290012244056,false,עוגת גבינה ופירורים 900ג,"גידרון תעשיות בע""מ",IL,עוגת גבינה,יחידה,1.00,יחידה,false,0,59.90,59.90,true,1,
7290012244070,false,עוגת שכבות שוקולד 920גרם,"גידרון תעשיות בע""מ",IL,עוגת שכבות,יחידה,1.00,יחידה,false,0,59.90,59.90,true,1,
7290012244407,false,עוגת סופלה שוקולד 150X2ג,גידרון,IL,מארז עוגת סופלה,גרמים,300.00,100 גרם,false,0,17.80,5.93,true,1,
7290012244643,false,מארז פיתה תימנית5יח100*ג,מאפיית אנג'ל,IL,פיתה תימנית 5יח,גרמים,500.00,100 גרם,false,0,11.40,2.28,true,1,
7290012309878,false,חלבה עם פיסטוקים 500 גר`ששון הקולה,דין שיווק וקליה 2021 בעמ,,חלבה עם פיסטוקים 500 גרם,גרמים,500.00,100 גרם,false,0,13.50,2.70,true,1,
7290012309892,false,חלבה וניל 500 גרם ששון הקולה,דין שיווק וקליה 2021 בעמ,,חלבה וניל 500 גרם,גרמים,500.00,100 גרם,false,0,13.50,2.70,true,1,
7290012309939,false,חלווה מסולסלת בקופסא ששון הקולה 500 גרם,דין שיווק וקליה 2021 בעמ,,חלבה מסולסלת 500 גרם,גרמים,500.00,100 גרם,false,0,14.90,2.98,true,1,
7290012313233,false,זית פיקואל בעשבי,,IL,זית פיקואל בעשבי,גרמים,540.00,100 גרם,false,0,11.30,2.09,true,1,
7290012313554,false,עלי גפן ממולא 400 גרםיבנה,קבוצת יבנה מוצרי מזון בעמ,CN,עלי גפן ממולאים,גרמים,400.00,100 גרם,false,1,8.90,2.23,true,1,
7290012349577,false,מלח קריסטל גבישי מן,,IL,מלח קריסטל,גרמים,200.00,100 גרם,false,0,12.50,6.25,true,1,
7290012350412,false,קרליין - מסיר איפור דו פאזי ורוד,קרליין,,מסיר איפור ורוד,יחידה,1.00,יחידה,false,0,35.00,35.00,true,1,
7290012359392,false,סילאן טבעי 900 גרם,,IL,סילאן טבעי,גרמים,900.00,100 גרם,false,0,25.90,2.88,true,1,
7290012367700,false,קרם גוף אינטנסיב רליף Intensive relief לעור יבש ומגורה,"פישר תעשיות פרמבצטיות בע""מ",IL,קרם גוף,מיליליטרים,700.00,"100 מ""ל",false,0,19.90,2.84,true,1,
7290012404146,false,שוופס מוגז תפוחים1.5ל',יפאורה שותפות מובגלת לשיווק,IL,שוופס תפוחים,ליטרים,1.50,ליטר,false,0,6.60,4.40,true,1,
7290012404160,false,שוופס מוגז אשכולית אדומה,יפאורה שותפות מובגלת לשיווק,IL,שוופס אשכולית,ליטרים,1.50,ליטר,false,0,6.60,4.40,true,1,
7290012404238,false,שוופס ראש'ן 1.5 ליטר,יפאורה שותפות מוגבלת לשיווק,IL,שוופס ראש'ן,ליטרים,1.50,ליטר,false,0,8.90,5.93,true,1,
7290012404283,false,תפוזינה מנגו עסיס 1.5 ל',יפאורה שותפות מובגלת לשיווק,IL,תפוזינה מנגו,ליטרים,1.50,ליטר,false,0,5.90,3.93,true,1,
7290012404320,false,ספרינג ענבים 1.5 ליטר,יפאורה שותפות מובגלת לשיווק,IL,ספרינג ענבים,ליטרים,1.50,ליטר,false,0,6.20,4.13,true,1,
7290012404863,false,ספרינג תה מנגו אפרסק1.5ל,יפאורה שותפות מובגלת לשיווק,IL,ספרינג תה מנגו,ליטרים,1.50,ליטר,false,0,5.90,3.93,true,1,
7290012404955,false,נקטר חמוציות ספרינג קולקשן (1.25 ליטר),יפאורה - שותפות מוגבלת לשיווק,IL,ספרינג חמוציות,ליטרים,1.25,ליטר,false,0,9.90,7.92,true,1,
7290012404993,false,נקטר דיאט חמוציות ספרינג קולקשן 1.25 ליטר,יפאורה - שותפות מוגבלת לשיווק,IL,ספרינג חמוציות,ליטרים,1.25,ליטר,false,0,9.90,7.92,true,1,
7290012475177,false,פריכיות כוסמת אורגנית150,MALUNAS USTUKIU UAB,LT,פריכיות כוסמת,גרמים,150.00,100 גרם,false,1,13.80,9.20,true,1,
7290012475238,false,לחם שלושת הדגנים 500 גרם,דלבה בייקר,DE,לחם שלושת הדגנים,גרמים,500.00,100 גרם,false,1,14.80,2.96,true,1,
7290012475399,false,מיץ בטעם שזיפים אורגני גרין פילד 1 ליטר,גוקנור,IL,מיץ שזיפים,ליטרים,1.00,ליטר,false,0,17.20,17.20,true,1,
7290012483608,false,"אורז בסגנון בסמטי מובחר 5ק""ג DAWAT",ג.וילי-פוד אינטרנשיונל בעמ,,אורז בסמטי,קילוגרמים,5.00,"ק""ג",false,0,49.90,9.98,true,1,
7290012522581,false,טבעול שניצל תירס ללא גלוטן טבעול 664 גרם,קבוצת אוסם סחר-שות.מוגבלת,IL,שניצל תירס,גרמים,664.00,100 גרם,false,0,22.90,3.45,true,1,
7290012522734,false,טחון מן הצומח 400גרם,טבעול,IL,טחון מן הצומח,גרמים,400.00,100 גרם,false,0,22.90,5.73,true,1,
7290012522789,false,שניצל ברוקולי מופחת שומן 630 גרם טבעול ק,קבוצת אסם סחר,IL,שניצל ברוקולי,גרמים,630.00,100 גרם,false,0,34.00,5.40,true,1,
7290012561405,false,בצל קצוץ ומטוגן דורות (180 גרם),קבוצת אוסם סחר שותפות מוגבלת,IL,בצל חצי מטוגן,גרמים,180.00,100 גרם,false,0,10.40,5.78,true,1,
7290012576607,false,"יין קברנה סוביניון פרמייר מלבק אדום ברקן 750 מ""ל","ברקן שיווק והפצה בע""",IL,פרמייר קברנה,מיליליטרים,750.00,"100 מ""ל",false,0,19.90,2.65,true,1,
7290012576614,false,יין Premieur לבן חצי יבש אמרלד ריזלינג קולומברד,יקבי ברקן שיווק והפצה בע,IL,פרמייר ריזלינג,מיליליטרים,750.00,"100 מ""ל",false,0,19.90,2.65,true,1,
7290012642692,false,קוקטייל פירות בכוסות פלס. רביעיות 113 גר,תומר יבוא ושיווק מוצרי מזון (1,IL,קוקטייל פירות 4י,גרמים,452.00,100 גרם,false,0,11.90,2.63,true,1,
7290012642814,false,פלפלים חריפים מעורבים כבושים שלמים,סאטקו,BG,פלפלים כבושים,גרמים,540.00,100 גרם,false,0,11.90,2.20,true,1,
7290012642852,false,פלפל אדום על האש תומר 330 גרם,סאטקו,BG,פלל אדום קלוי,גרמים,540.00,100 גרם,false,0,11.90,2.20,true,1,
7290012645112,false,יוגורט עיזים 2.8% בדלי חלב הארץ 750 גרם,שטראוס גרופ בעמ/מצונן,IL,יוגורט עיזים,גרמים,750.00,100 גרם,false,1,20.50,2.73,true,1,
7290012645129,false,יוגורט כבשים 5% בדלי חלב הארץ 750 גרם,שטראוס גרופ בעמ/מצונן,IL,יוגורט כבשים,גרמים,750.00,100 גרם,false,0,20.50,2.73,true,1,
7290012645280,false,יוגורט כבשים בסגנון יוני 5% חלב הארץ 150 גרם,שטראוס גרופ בעמ/מצונן,IL,יוגורט כבשים,גרמים,150.00,100 גרם,false,0,5.90,3.93,true,1,
7290012645297,false,יוגורט עיזים ביו 2.8% טעם טבעי חלב הארץ 150 גרם,שטראוס גרופ בעמ/מצונן,GB,יוגורט עיזים,גרמים,150.00,100 גרם,false,0,5.90,3.93,true,1,
7290012645303,false,יוג.עיזים תות שדה 3% 150,מחלבת סוסיא,IL,יוגורט עיזים,גרמים,150.00,100 גרם,false,0,6.20,4.13,true,1,
7290012697081,false,סוכרזית מהטבע סטיוויה 100שקיות 100גרם,שטראוס גרופ בע`מ,IL,סוכרזית סטיוויה,גרמים,100.00,100 גרם,false,0,30.90,30.90,true,1,
7290012697388,false,סוכרזית מצמח הסטיוויה כפית לכפית 100 גר,"שטראוס גרופ בע""מ",IL,סוכרזית סטיוויה,גרמים,100.00,100 גרם,false,0,33.90,33.90,true,1,
7290012701948,false,מי פה ליסטרין טוטל קר750,ג'ונסון,US,מי פה ליסטרין,מיליליטרים,750.00,"100 מ""ל",false,0,45.00,6.00,true,1,
7290012708008,false,בריא לי-מיקס בריאות 400ג,י.ח בהאמס,IL,בריא לי,גרמים,400.00,100 גרם,false,0,35.60,8.90,true,1,
7290012795176,false,קרקר תירס ללא גלוטן,ל.ב. זהר סחר ושיווק,IL,קרקר תירס,גרמים,140.00,100 גרם,false,1,16.90,12.07,true,1,
7290012803123,false,מגבוני פ.ואנס פרש4*72,על בד,IL,רביעית פרש וואנס,יחידה,1.00,יחידה,false,0,17.90,17.90,true,1,
7290012803215,false,טוסו וופל בלגי ללתס בטעם שוקולד 200 גר`,בטר אנד דיפרנט,IL,וופל בלגי,גרמים,200.00,100 גרם,false,0,10.50,5.25,true,1,
7290012803765,false,טוסו שוקולד מריר ללא תוספת סוכר 100 גרם,אלטינמארקה גידה סאן,IL,שוקולד מריר,גרמים,100.00,100 גרם,false,0,12.50,12.50,true,1,
7290012803772,false,טוסו שוקולד חלב ללא תוספת סוכר 100 גרם,אלטינמארקה גידה סאן,IL,שוקולד חלב,גרמים,100.00,100 גרם,false,0,12.50,12.50,true,1,
7290012823251,false,אל סבון נוזלי יסמין ולבנדר כיף (1 ליטר),החברה הדרומית לשיווק בעמ,,אל סבון כיף,ליטרים,1.00,ליטר,false,0,10.00,10.00,true,1,
7290012823374,false,אנטי קאלק מטליות לחות לניקוי כללי סנו 50 יחידות,מיוצר עי קונדיטוריית,,מטליות אנטי קאלק,יחידה,1.00,יחידה,false,0,10.90,10.90,true,1,
7290012823381,false,מקסימה מרכך כביסה מרוכז סנסטיב בייבי סנו 1 ליטר,החברה הדרומית לשיווק בעמ,IL,מרכך כביסה,ליטרים,1.00,ליטר,false,0,15.00,15.00,true,1,
7290012823541,false,ריצפז פרש מטליות לחות לרצפה בניחוח לבנדר 10 יחידות,החברה הדרומית לשיווק בעמ,IL,מטליות ריצפה,יחידה,1.00,יחידה,false,0,10.90,10.90,true,1,
7290012823558,false,"מטליות לחות לרצפה 40*70 ס""מ סנו סושי 10 יחידות",החברה הדרומית לשיווק בעמ,IL,מטליות רצפה לחות,יחידה,1.00,יחידה,false,0,10.90,10.90,true,1,
7290012823602,false,נייר טואלט סופט סילק לבן 32 גלילים סנו,החברה הדרומית לשיווק בעמ,IL,נ.טואלט סופט לבן,מטרים,588.00,100 מטר,false,0,24.90,4.23,true,1,
7290012823800,false,תח.רחצה כיף חלב קוקוס750,קוסמופארם,IL,תחליב רחצה כיף,מיליליטרים,750.00,"100 מ""ל",false,0,8.90,1.19,true,1,
7290012823916,false,גל כביסה סנו מקסימ מרוכז קריסטל נואר 5 ל,החברה הדרומית לשיווק בעמ,IL,מקסימה ג'ל,ליטרים,5.00,ליטר,false,0,34.90,6.98,true,1,
7290012851902,false,"מי פה ליסטרין 750ZEROמ""ל",ג'ונסון,IL,מי פה ליסטרין,מיליליטרים,750.00,"100 מ""ל",false,0,40.00,5.33,true,1,
7290012899867,false,מלפפון במלח 10-12 יח,פרי חן,IL,מלפפונים במלח,גרמים,540.00,100 גרם,false,0,5.90,1.09,true,1,
7290012901355,false,דודלס ארוחת אטריות עם גבינה 206 גרם,האי נאם סי או אל.טי.,US,ארוחת מקרוני,גרמים,206.00,100 גרם,false,1,11.90,5.78,true,1,
7290012938405,false,"רדיד אלומיניום עבה במיוחד לבישול,אפייה והקפאה.",גורי ע.ע.ע. בע`מ,US,רדיד אלומיניום,מטרים,7.00,מטר,false,0,15.30,2.19,true,1,
7290012938566,false,מש.אקווה פרש אקסטרים100מ,גלקסוסמיתקליין,,משחת שיניים,מיליליטרים,100.00,"100 מ""ל",false,0,11.80,11.80,true,1,
7290012938597,false,משחת שיניים רפיד רליף סנסודיין (75 מל),"סמיתקליין ביצ'ם בע""מ",SI,משחת סנסודיין,מיליליטרים,75.00,"100 מ""ל",false,0,19.90,26.53,true,1,
7290012938740,false,משחת שיניים סנסודיין פרש מינט מנטה 75 מל,גלקסו סמית קליין,GB,משחת סנסודיין,מיליליטרים,75.00,"100 מ""ל",false,0,17.90,23.87,true,1,
7290012938924,false,אקוהפרש מי פה ללא אלכוהול 500 מל,מולינו ניקולי s.p.a,GB,מי פה אקווה פרש,מיליליטרים,500.00,"100 מ""ל",false,0,10.00,2.00,true,1,
7290012956058,false,ערק אל פאשה 45%אלכ750מל,קעוואר,IL,ערק אל פאשה,מיליליטרים,750.00,"100 מ""ל",false,0,54.40,7.25,true,1,
7290012962448,false,"מדליק פחם נוזלי 250 מ""ל עם פקק ביטחון EASY LIGHT",איזי לייט Easy light,NL,מדליק פחם,מיליליטרים,250.00,"100 מ""ל",false,0,9.80,3.92,true,1,
7290012983610,false,תמרים ללא חרצנים תמר כנרת 500 גרם,"חצר כנרת מוצרי תמר אגש""ח",IL,תמרים דחוסים,גרמים,500.00,100 גרם,false,1,13.90,2.78,true,1,
7290013027399,false,לחם קמח מלא קל בתוספת שיפון 750 ג' אנג'ל,מאפיית שלמה א. אנג'\ל בע,IL,לחם מלא+100%שיפון-קל750ג,גרמים,750.00,100 גרם,false,0,14.90,1.99,true,1,
7290013038234,false,מים אקווה נובה 2*6 ליטר,"טמפו משקאות בע""\מ",IL,אקווה נובה 6 בקב,ליטרים,12.00,ליטר,false,0,9.50,0.79,true,1,
7290013068361,false,שמן זית אליעד כתית מ,אליעד בית בד בגולן,IL,שמן זית,מיליליטרים,750.00,"100 מ""ל",false,0,36.90,4.92,true,1,
7290013068477,false,סרדינים בשמן זית 120 גרם,סוסיאטה דמסה,MA,סרדינים בשמן זית,גרמים,120.00,100 גרם,false,0,6.00,5.00,true,1,
7290013068484,false,סרדינים בשמן צמחי חריף 1,סוסיאטה דמסה,MA,סרדינים בשמן,גרמים,120.00,100 גרם,false,0,6.00,5.00,true,1,
7290013068682,false,שמן זית כתית מעולה 750 מ,אליעד בית בד בגולן,IL,שמן זית כתית,מיליליטרים,750.00,"100 מ""ל",false,0,36.90,4.92,true,1,
7290013083678,false,"מטרנה אקסטרה קר שלב 2 חסכון 700 גרם תמ""ל",קבוצת אוסם סחר-שות.מוגבלת,IL,מטרנה אקסטרה קר,גרמים,700.00,100 גרם,false,0,59.90,8.56,true,1,
7290013083685,false,תחליף חלב מטרנה אקסטרה קר שלב 3 חסכון 700 גרם,קבוצת אוסם סחר-שות.מוגבלת,IL,מטרנה אקסטרה קר,גרמים,700.00,100 גרם,false,0,59.90,8.56,true,1,
7290013090157,false,חסה ערבית אורגנית,.,IL,חסה אורגני,יחידה,1.00,יחידה,false,0,4.90,4.90,true,1,
7290013090225,false,סלרי עלים אורגני יחידה,.,IL,סלרי עלים אורגני,יחידה,1.00,יחידה,false,0,6.90,6.90,true,1,
7290013090232,false,סלרי שורש אורגני יחידה,.,IL,סלרי שורש אורגני,יחידה,1.00,יחידה,false,0,12.90,12.90,true,1,
7290013090362,false,עלי מנגולד אורגני יחידה,.,IL,עלי מנגולד אורגנ,יחידה,1.00,יחידה,false,0,6.90,6.90,true,1,
7290013090485,false,בזיליקום אורגני יח,.,IL,בזיליקום אורגני,יחידה,1.00,יחידה,false,0,4.90,4.90,true,1,
7290013090492,false,כוסברה אורגני יח,,IL,כוסברה אורגני,יחידה,1.00,יחידה,false,0,4.90,4.90,true,1,
7290013090508,false,נענע אורגני יחידה,,IL,נענע אורגני,יחידה,1.00,יחידה,false,0,4.90,4.90,true,1,
7290013090515,false,פטרוזיליה אורגני יח,,IL,פטרוזיליה אורגני,יחידה,1.00,יחידה,false,0,4.90,4.90,true,1,
7290013090522,false,שמיר אורגני יח,,IL,שמיר אורגני,יחידה,1.00,יחידה,false,0,4.90,4.90,true,1,
7290013117212,false,בורקס פילו במילוי גבינה 600 גר`מעדנות,תנובה מרכז שיתופי לשיווק תוצרת,IL,בורקס גבינה,גרמים,600.00,100 גרם,false,0,21.90,3.65,true,1,
7290013117229,false,"בורקס פילו במילוי תפו""א מעדנות 600 גר",תנובה מרכז שיתופי לשיווק תוצרת,IL,"בורקס תפו""א",גרמים,600.00,100 גרם,false,0,21.90,3.65,true,1,
7290013117243,false,בורקס פילו בולגרית מעדנות 600 גרם,תנובה מרכז שיתופי לשיווק תוצרת,IL,בורקס בולגרית,גרמים,600.00,100 גרם,false,0,21.90,3.65,true,1,
7290013117410,false,בצק פריך מרודד למאפים מתוקים 900 ג' מעדנות,תנובה מרכז שיתופי לשיווק תוצרת,IL,בצק פריך,גרמים,900.00,100 גרם,false,0,24.80,2.76,true,1,
7290013117427,false,בצק פריך מרודד למאפים מלוחים מעדנות 2*450 גרם,תנובה מרכז שיתופי לשיווק תוצרת,IL,בצק פריך,גרמים,900.00,100 גרם,false,0,24.80,2.76,true,1,
7290013117526,false,בצק שמרים מרודד למאפים מתוקים מעדנות 900 גרם,תנובה מרכז שיתופי לשיווק תוצרת,IL,בצק שמרים,גרמים,900.00,100 גרם,false,0,22.90,2.54,true,1,
7290013121011,false,חלת שבת 500 גרם ללא גלוטן,אביב קונדיטוריה מעול,IL,חלת שבת ללא גלוט,גרמים,500.00,100 גרם,false,0,18.70,3.74,true,1,
7290013121028,false,לחם לבן 500 גרם ללא גלוטן גרין לייט,אביב קונדיטוריה מעול,IL,לחם לבן ל.גלוטן,גרמים,500.00,100 גרם,false,0,17.70,3.54,true,1,
7290013121059,false,500 לחם זיתים ללא גלוטן,,IL,לחם זיתים,גרמים,500.00,100 גרם,false,0,20.00,4.00,true,1,
7290013121103,false,רביעיית לחמניות סנדויץ ללא גלוטן 460 גרם,אביב קונדיטוריה מעול,IL,רביעיית באגטים,גרמים,400.00,100 גרם,false,0,16.90,4.23,true,1,
7290013121127,false,לחמניות מיני ללא גלוטן גרין לייט 6 יחידות,אביב קונדיטוריה מעול,IL,לחמניות מיני,גרמים,460.00,100 גרם,false,0,17.90,3.89,true,1,
7290013121165,false,לחמניות נקניקיה ללא גלוטן גרין לייט 6 * 77 גרם,אביב קונדיטוריה מעול,IL,שישיית לח.נקניק,גרמים,460.00,100 גרם,false,0,19.90,4.33,true,1,
7290013121578,false,עוג.מרוקאיות ל.גלוטן200ג,,IL,עוגיות מרוקאיות,גרמים,200.00,100 גרם,false,0,23.10,11.55,true,1,
7290013121752,false,לחם לבן ביתי ללא גלוטן 700 גר קפוא,אביב קונדיטוריה מעול,IL,לחם לבן ביתי,גרמים,700.00,100 גרם,false,0,21.70,3.10,true,1,
7290013121769,false,רביעיית שליש באגט ללא תוספת סוכר וללא גלוטן,אביב קונדיטוריה מעול,IL,שליש באגט ל.סוכר,גרמים,400.00,100 גרם,false,0,19.50,4.88,true,1,
7290013121776,false,לחם כפרי ללא תוספת סוכר וללא גלוטן,אביב קונדיטוריה מעול,IL,לחם כפרי ל.סוכר,גרמים,700.00,100 גרם,false,0,22.60,3.23,true,1,
7290013128393,false,תמר מגהול סופר עסיסי500ג,"דוד חי ואפי שלאו בע""מ",IL,תמר סופר עסיסי,גרמים,500.00,100 גרם,false,1,30.00,6.00,true,1,
7290013144195,false,מיימונס תערובת כדורי שוקולד 500 גרם.,א.ל.ייצור ושיווק תבלינים בעמ,IL,תערובת כ.שוקולד,גרמים,500.00,100 גרם,false,0,10.90,2.18,true,1,
7290013144201,false,תערובת להכנת פנקייק מימונס (400 גרם),א.ל.ייצור ושיווק תבלינים בעמ,IL,תערובת פנקייק,גרמים,400.00,100 גרם,false,0,10.90,2.73,true,1,
7290013144218,false,מיימונס תערובת עוגת וניל 560 גרם.,א.ל.ייצור ושיווק תבלינים בעמ,IL,תערובת עוגה וניל,גרמים,560.00,100 גרם,false,0,10.90,1.95,true,1,
7290013144232,false,מיימונס פודינג בטעם וניל 80 גרם,א.ל. ייצור ושיווק תבלינים בע`מ,IL,פודינג וניל,גרמים,80.00,100 גרם,false,0,5.40,6.75,true,1,
7290013144249,false,פודינג בטעם שוקולד 95 גר`מימונס,א.ל. ייצור ושיווק תבלינים בע`מ,IL,פודינג שוקולד,גרמים,95.00,100 גרם,false,0,5.40,5.68,true,1,
7290013144355,false,וופל הולנדי מקורי 252גרם,ק.א שוקולד,NL,וופל הולנדי,גרמים,252.00,100 גרם,false,0,15.40,6.11,true,1,
7290013144386,false,ג'וני שוקו 18 יח',הגביע,IL,ג'וני שוקו,יחידה,1.00,יחידה,false,0,15.90,15.90,true,1,
7290013144393,false,תמצית אפיה בטעם וניל מימונס (50 מל),א.ל. ייצור ושיווק תבלינים בע`מ,IL,תמצית וניל,מיליליטרים,50.00,"100 מ""ל",false,0,4.30,8.60,true,1,
7290013144539,false,צבע מאכל אדום מימונס 50 גרם,א.ל. ייצור ושיווק תבלינים בע`מ,IL,צבע מאכל אדום,מיליליטרים,50.00,"100 מ""ל",false,0,3.90,7.80,true,1,
7290013144560,false,מיימונס צבע מאכל כחול 50 גרם,א.ל. ייצור ושיווק תבלינים בע`מ,IL,צבע מאכל כחול,מיליליטרים,50.00,"100 מ""ל",false,0,4.20,8.40,true,1,
7290013144751,false,סירופ בטעם מייפל מימונס 500 גרם,א.ל. ייצור ושיווק תבלינים בע`מ,IL,סירופ טעם מייפל,גרמים,500.00,100 גרם,false,0,12.80,2.56,true,1,
7290013145031,false,אגוזי לוז מסוכרים מיימונס 100 גרם,א.ל. ייצור ושיווק תבלינים בע`מ,IL,ברס אגוזי לוז,גרמים,100.00,100 גרם,false,0,12.70,12.70,true,1,
7290013145109,false,שקד מולבון טחון מימונס 100 גרם,א.ל. ייצור ושיווק תבלינים בע`מ,IL,שקד מולבן טחון,גרמים,100.00,100 גרם,false,0,12.50,12.50,true,1,
7290013145116,false,מיימונס שקד מולבן מקלות 100 גרם.,א.ל. ייצור ושיווק תבלינים בע`מ,IL,שקד מולבן מקלות,גרמים,100.00,100 גרם,false,0,12.50,12.50,true,1,
7290013145178,false,קוקוס לבן טחון מימונס (100 גרם),א.ל. ייצור ושיווק תבלינים בע`מ,IL,קוקוס טחון לבן,גרמים,100.00,100 גרם,false,0,4.50,4.50,true,1,
7290013145192,false,שומשום מיימונס 100 גרם,א.ל. ייצור ושיווק תבלינים בע`מ,IL,שומשום,גרמים,100.00,100 גרם,false,0,3.90,3.90,true,1,
7290013145215,false,שומשום מימונס (400 גרם),א.ל.ייצור ושיווק תבלינים בעמ,IL,שומשום,גרמים,400.00,100 גרם,false,0,8.90,2.23,true,1,
7290013145406,false,שוקולד צ'יפס לבן מיימונס 250 גרם,א.ל. ייצור ושיווק תבלינים בע`מ,IL,שוקולד צ'יפס,גרמים,250.00,100 גרם,false,0,9.90,3.96,true,1,
7290013145437,false,שוקולד מריר מעולה ציפס מימונס 250 ג',א.ל. ייצור ושיווק תבלינים בע`מ,IL,שוקולד צ'יפס,גרמים,250.00,100 גרם,false,0,10.90,4.36,true,1,
7290013145529,false,סוכריות צבעוניות לקישוט מיימונס 90 גרם,א.ל. ייצור ושיווק תבלינים בע`מ,IL,סוכריות לקישוט,גרמים,90.00,100 גרם,false,0,4.90,5.44,true,1,
7290013145628,false,מימונס סוכריות צבעוניות לקישוט 200 גרם,א.ל. ייצור ושיווק תבלינים בע`מ,IL,סוכריות צבעוניות,גרמים,200.00,100 גרם,false,0,8.80,4.40,true,1,
7290013145826,false,פודניג בטעם וניל לבן במיוחד מימונס 80 ג',א.ל. ייצור ושיווק תבלינים בע`מ,IL,פודינג וניל,גרמים,80.00,100 גרם,false,1,5.40,6.75,true,1,
7290013145901,false,"סודה לשתיה 100 גרם ""מיימונס""",א.ל. ייצור ושיווק תבלינים בע`מ,IL,סודה לשתיה,גרמים,100.00,100 גרם,false,0,1.90,1.90,true,1,
7290013145932,false,אבקת סוכר חום 100 גרם,"י.כהן בע""מ",IL,אבקת סוכר חום,גרמים,100.00,100 גרם,false,0,5.00,5.00,true,1,
7290013145963,false,שמרים יבשים בוואקום מיימונס 125 גרם,א.ל. ייצור ושיווק תבלינים בע`מ,CN,שמרים יבשים,גרמים,125.00,100 גרם,false,0,4.80,3.84,true,1,
7290013146120,false,תער.להכנת כדורי שוקולד1ק,א.ל.ייצור ושיווק תבלינים,IL,תערובת כדורי שוק,קילוגרמים,1.00,"ק""ג",false,1,14.90,14.90,true,1,
7290013153395,false,פריגת סחוט רימונים 1 ליטר,*החברה המרכזית להפצת משקאותבעמ,IL,מיץ סחוט רימונים,ליטרים,1.00,ליטר,false,1,20.10,20.10,true,1,
7290013153548,false,תפוזים מתקתק 100% 2 ליטר,פריגת,IL,מיץ תפוזים מתקתק,ליטרים,2.00,ליטר,false,1,19.90,9.95,true,1,
7290013153555,false,תפוזים חמצמץ 100% 2 ליטר,פריגת,IL,מיץ תפוזים חמצמץ,ליטרים,2.00,ליטר,false,1,19.90,9.95,true,1,
7290013153593,false,תפוזים מתקתק 100% פריגת 1 ליטר,*החברה המרכזית להפצת משקאותבעמ,IL,מיץ תפוזים מתקתק,ליטרים,1.00,ליטר,false,1,11.20,11.20,true,1,
7290013169600,false,דגנ.מרובעים קינמון412*2ג,קוואקר אוטס קומפני,IL,דגנים מרובעים2יח,גרמים,824.00,100 גרם,false,0,35.10,4.26,true,1,
7290013169617,false,דגנים מרובעים 412*2 גרם,קוואקר אוטס קומפני,,דגנים מרובעים2יח,גרמים,824.00,100 גרם,false,0,35.10,4.26,true,1,
7290013176080,false,גבינת עיזים זיתים 20,ארבלה,IL,אנאבל זיתים,גרמים,150.00,100 גרם,false,1,14.50,9.67,true,1,
7290013215017,false,פטריות זוגות חוות השמפניון,ביכורי השדה צפון 1994 ג.ד. בעמ,IL,פטריות דואט,יחידה,1.00,יחידה,false,0,16.90,16.90,true,1,
7290013267665,false,סולרו מיני קלאסי - פירות טרופיים (חלבי),"מיוצר ע""\י גלידת שטראוס",IL,מאגדת מיני סולרו,גרמים,295.00,100 גרם,false,0,24.90,8.44,true,1,
7290013268020,false,מקסימה מרכך כביסה מרוכז בניחוח אולטרא פרש סנו 1 ליטר,החברה הדרומית לשיווק בעמ,IL,מרכך כביסה,ליטרים,1.00,ליטר,false,0,15.00,15.00,true,1,
7290013268037,false,מקסימה מרכך כביסה מרוכז בניחוח לבנדר פצ'ולי סנו 1 ליטר,החברה הדרומית לשיווק בעמ,IL,מרכך כביסה,ליטרים,1.00,ליטר,false,0,15.00,15.00,true,1,
7290013268198,false,תחליב רחצה כיף מאסק 750מ,קוסמופארם,IL,תחליב רחצה כיף,מיליליטרים,750.00,"100 מ""ל",false,0,8.90,1.19,true,1,
7290013268235,false,דאו.קרמה רול און פרח 75מ,קוסמופארם,IL,דאודורנט קרמה,מיליליטרים,75.00,"100 מ""ל",false,1,10.00,13.33,true,1,
7290013268433,false,קרמה מן שמפו ומרכך לכל סוגי השיער 700 מל,קוסמופארם,IL,שמפו קרמה מן,מיליליטרים,700.00,"100 מ""ל",false,0,14.90,2.13,true,1,
7290013268563,false,"קרמה - דאודורנט ספריי לגבר ללא אלומיניום כחול קול 200 מ""ל",החברה הדרומית לשיווק בעמ,IL,דאודורנט קרמה מן,מיליליטרים,200.00,"100 מ""ל",false,0,10.00,5.00,true,1,
7290013268631,false,"שמפו כיף קול 750 מ""ל",קוסמופארם,IL,שמפו כיף,מיליליטרים,750.00,"100 מ""ל",false,0,8.90,1.19,true,1,
7290013268648,false,"שמפו כיף רומנס 750 מ""ל",קוסמופארם,IL,שמפו כיף,מיליליטרים,750.00,"100 מ""ל",false,0,8.90,1.19,true,1,
7290013268662,false,"מרכך כיף גלואו 750 מ""ל",קוסמופארם,IL,מרכך כיף,מיליליטרים,750.00,"100 מ""ל",false,0,8.90,1.19,true,1,
7290013268686,false,"מרכך כיף רומנס 750 מ""ל",קוסמופארם,IL,מרכך כיף,מיליליטרים,750.00,"100 מ""ל",false,0,8.90,1.19,true,1,
7290013268884,false,"נוזל רצפות מאסק 2 ליטר ""ריצפז פרש""",החברה הדרומית לשיווק בעמ,IL,ריצפז פרש לרצפות,ליטרים,2.00,ליטר,false,0,15.90,7.95,true,1,
7290013268891,false,אוקסיג'ן ג'ל ללא אקונומיקה עם חמצן פעיל סנו 3 ליטר,החברה הדרומית לשיווק בעמ,,אוקסיג'ן ג'ל,ליטרים,3.00,ליטר,false,0,25.00,8.33,true,1,
7290013268914,false,סנו מקסימה ג'ל כביסה סמארט 3 ל',החברה הדרומית לשיווק בעמ,IL,מקסימה סמארט ג'ל,ליטרים,3.00,ליטר,false,1,29.90,9.97,true,1,
7290013268990,false,מרכך כביסה מרוכז לבן ביו סנו מקסימה 1 ליטר,החברה הדרומית לשיווק בעמ,,מקסימה מרכך,ליטרים,1.00,ליטר,false,0,15.00,15.00,true,1,
7290013269003,false,מרכך כביסה סופר מרוכז בייבי לתינוקות ולעור רגיש,החברה הדרומית לשיווק בעמ,IL,מקסימה מרכך,ליטרים,1.00,ליטר,false,0,15.90,15.90,true,1,
7290013269263,false,ג'ל כביסה מרוכז מקסימה בבישום קריסטל נואר,החברה הדרומית לשיווק בעמ,IL,מקסימה ג'ל,ליטרים,3.00,ליטר,false,0,25.00,8.33,true,1,
7290013269287,false,סנו - מקסימה ג'ל כביסה מרוכז מאסק 3 ליטר,החברה הדרומית לשיווק בעמ,IL,ג'ל כביסה מרוכז,ליטרים,3.00,ליטר,false,0,25.00,8.33,true,1,
7290013269300,false,סושי ניילון נצמד פלוס סנו (150 מטר),החברה הדרומית לשיווק בעמ,IL,ניילון נצמד פלוס,מטרים,150.00,מטר,false,0,26.50,0.18,true,1,
7290013269560,false,קרמה תחליב רחצה מאסק750מ,קוסמופארם,,קרמה תחליב רחצה,מיליליטרים,750.00,"100 מ""ל",false,0,14.90,1.99,true,1,
7290013269638,false,ספוג הפלא אקסטרה Extra- מארז 6 יח',החברה הדרומית לשיווק בעמ,IL,ספוג הפלא אקסטרה,יחידה,1.00,יחידה,false,0,9.70,9.70,true,1,
7290013269652,false,פוליויקס נוזל לניקוי רצפות גרניט פורצלן סנו 2 ליטר,החברה הדרומית לשיווק בעמ,IL,פוליויקס מאסק,ליטרים,2.00,ליטר,false,0,21.70,10.85,true,1,
7290013269669,false,ריצפז בניחוח פנטזיה לניקוי הרצפה,החברה הדרומית לשיווק בעמ,IL,ריצפז פנטזיה,ליטרים,3.00,ליטר,false,0,11.70,3.90,true,1,
7290013269690,false,סנובון ג'ל לניקוי האסלה בניחוח לימון,החברה הדרומית לשיווק בעמ,IL,סנובון לאסלה,מיליליטרים,55.00,"100 מ""ל",false,0,12.10,22.00,true,1,
7290013269850,false,נייר אפיה אקולוגי סנו סושי 50 יחידות,החברה הדרומית לשיווק בעמ,,נייר אפיה,יחידה,1.00,יחידה,false,0,11.90,11.90,true,1,
7290013269867,false,סנו סושי זוג מפות אירוח צבעים שונים,החברה הדרומית לשיווק בעמ,IL,זוג מפות שולחן,יחידה,1.00,יחידה,false,0,11.80,11.80,true,1,
7290013269911,false,"סנו K-333 קוטל חרקים ללא ריח 750מ""ל",החברה הדרומית לשיווק בעמ,IL,סנו K333,מיליליטרים,750.00,"100 מ""ל",false,0,29.90,3.99,true,1,
7290013284051,false,פריניר טריו זיתים 560ג.,פריניר ( הדס 1987) ב,,טריו זיתים,גרמים,560.00,100 גרם,false,0,11.70,2.09,true,1,
7290013284105,false,פריניר זיתים טבעות ירוק a2,אבאל יזמות בעמ,,טבעות זיתים,גרמים,500.00,100 גרם,false,0,8.80,1.76,true,1,
7290013284112,false,פריניר זיתים חרוזית ירוק a2,פריניר ( הדס 1987) ב,,זיתים ירוקים,גרמים,560.00,100 גרם,false,0,7.90,1.41,true,1,
7290013284136,false,פריניר מלפפון במלח 7-9 560ג.,אבאל יזמות בעמ,,מלפפונים במלח,גרמים,560.00,100 גרם,false,0,6.10,1.09,true,1,
7290013284150,false,פריניר מלפפונים במלח 13-17 560ג,אבאל יזמות בעמ,,מלפפונים במלח,גרמים,560.00,100 גרם,false,0,9.50,1.70,true,1,
7290013284198,false,פריניר מלפפון בחומץ 13-17,פריניר ( הדס 1987) ב,,מלפפונים בחומץ,גרמים,560.00,100 גרם,false,0,9.50,1.70,true,1,
7290013284310,false,רוטב פסטה לילדים פריניר 240 גרם,ח.כהן סוכנות מזון ומשקאות בע,IL,רוטב פסטה,גרמים,240.00,100 גרם,false,0,5.50,2.29,true,1,
7290013284662,false,רוטב פיצה פיתה לילדים 240 ג' פריניר,ח.כהן סוכנות מזון ומשקאות בע,IL,רוטב פיצה פיתה,גרמים,240.00,100 גרם,false,0,5.50,2.29,true,1,
7290013284808,false,פרי ניר זיתים ירוקים מבוקעים 340 גרם,פרי ניר,IL,זיתים ירוקים,גרמים,560.00,100 גרם,false,1,8.80,1.57,true,1,
7290013310019,false,קיסמי שיניים רפואיים עם חוט דנטאלי הוסטס,אינטרסן 1996 בעמ,CN,קיסמי שיניים,יחידה,1.00,יחידה,false,0,9.80,9.80,true,1,
7290013310163,false,מדליק פחם מוצק LIGHT EASY 40 יחידות,הדקלאים אגודת שיתופי,DE,מדליק פחם מוצק,יחידה,1.00,יחידה,false,0,6.50,6.50,true,1,
7290013310392,false,כפפות ניטריל L כחולות ללא אבקה 80 יח' EASY TOUCH,אינטרסן (1996) בעמ,TH,כפפות ניטריל,יחידה,1.00,יחידה,false,0,30.20,30.20,true,1,
7290013358295,false,קראנצוס גריל 200 גרם,מנה,IL,קראנצוס 200 גרם,גרמים,200.00,100 גרם,false,0,6.50,3.25,true,1,
7290013358318,false,קראנצוס פלאפל 200 גרם,מנה,IL,קראנצוס 200 גרם,גרמים,200.00,100 גרם,false,0,6.50,3.25,true,1,
7290013358356,false,פירורי לחם מוזהבים מאסטר שף (320גרם),ש. שסטוביץ בע`מ,IL,פירורי לחם,גרמים,350.00,100 גרם,false,0,8.50,2.43,true,1,
7290013358363,false,מאסטר שף פרורי לחם פנקו עבים בסגנון יפני 300 גר,קריניציה ויטמינה אס,IL,פרורי לחם יפני,גרמים,300.00,100 גרם,false,0,9.80,3.27,true,1,
7290013358424,false,"רוטב סויה בהירה 500 מ""ל",קי.אר.אס. ספייסי פוד,TH,רוטב סויה,מיליליטרים,500.00,"100 מ""ל",false,1,10.00,2.00,true,1,
7290013358493,false,מאסטר שף אסייאתי קרם קוקוס פחית 400 מל,תאי קוקונט פבליק קומפני,TH,קרם קוקוס,מיליליטרים,400.00,"100 מ""ל",false,1,7.90,1.98,true,1,
7290013358530,false,מאסטר שף אסייאתי רוטב צ'ילי מתוק 700 מל כשלפ,קריניציה ויטמינה אס,TH,רוטב צ'ילי מתוק,מיליליטרים,700.00,"100 מ""ל",false,1,10.00,1.43,true,1,
7290013358547,false,מאסטר שף אסייאתי רוטב צ'ילי חריף 700 מל כשלפ,קי.אר.אס. ספייסי פוד,TH,רוטב צ'ילי חריף,מיליליטרים,700.00,"100 מ""ל",false,1,10.00,1.43,true,1,
7290013358585,false,מנה אסייאתי נודלס ביצים להקפצה 400 מ.שף,הנסיך- מפעל לייצור ט,CN,נודלס ביצים,גרמים,400.00,100 גרם,false,1,9.80,2.45,true,1,
7290013358806,false,מנה מאגדת פריכיות אורז עם מלח 264 גרם,ש. שסטוביץ בע`מ,IL,פריכיות אורז,גרמים,264.00,100 גרם,false,0,11.90,4.51,true,1,
7290013358929,false,צ'יפס בטעם טבעי מנה 45גר,FLAPER.S.A APERITIVOS,ES,צ'יפס טבעי מנה,גרמים,45.00,100 גרם,false,1,3.00,6.67,true,1,
7290013378071,false,חטיף ג'אקס חלב+שוק.לבן50,דיטי גידה סאן וה טיק אי.,TR,חטיף ג'אקס,גרמים,50.00,100 גרם,false,0,3.80,7.60,true,1,
7290013433046,false,חטיף בוטנים במילוי תפוח פרימיום 30 גרם,,IL,חטיף בוטנים,גרמים,30.00,100 גרם,false,0,6.50,21.67,true,1,
7290013433053,false,חטיף בוטנים במילוי בננה פרימיום 30 גרם,,IL,חטיף בוטנים,גרמים,30.00,100 גרם,false,0,6.50,21.67,true,1,
7290013433060,false,חטיף בוטנים במילוי שקדים פרימיום 30 גרם,,IL,חטיף בוטנים,גרמים,30.00,100 גרם,false,0,6.50,21.67,true,1,
7290013433114,false,חמאת קוקוס טבעית 300 גרם,,IL,חמאת קוקוס,גרמים,300.00,100 גרם,false,0,29.60,9.87,true,1,
7290013433121,false,טחינה מלאה שחורה 250 גרם,,IL,טחינה מלאה שחורה,גרמים,250.00,100 גרם,false,0,24.70,9.88,true,1,
7290013453006,false,גרנולה חמוציות,,,גרנולה חמוציות,גרמים,300.00,100 גרם,false,0,19.70,6.57,true,1,
7290013453068,false,עוגיות כוסמין ופירות יער ללא ת.ס 240 גר,האי נאם סי או אל.טי.,,עוגיות כוסמין,גרמים,240.00,100 גרם,false,0,24.70,10.29,true,1,
7290013453082,false,עוגיות כוסמין ושוקולד ציפס 230 גר,,,עוגיות גרנולה,גרמים,230.00,100 גרם,false,0,24.70,10.74,true,1,
7290013453105,false,דני וגלית עוגיות לתה מקמח מלא,,,עוגיות מרוקאיות,גרמים,240.00,100 גרם,false,0,19.70,8.21,true,1,
7290013453136,false,עוגיות כוסמין שטרודל תפוחים ללא תוספת סוכר טבעוני,דני וגלית,,עוגיות כוסמין,גרמים,230.00,100 גרם,false,0,24.70,10.74,true,1,
7290013453143,false,עוגיות טחינה ואגוזי לוז,האי נאם סי או אל.טי.,,עוגיות טחינה,גרמים,270.00,100 גרם,false,0,24.70,9.15,true,1,
7290013453150,false,דני וגלית עוגיות קוקוס ואגוזי לוז,האי נאם סי או אל.טי.,IL,עוגיות קוקוס,גרמים,230.00,100 גרם,false,0,24.70,10.74,true,1,
7290013453242,false,עוגיות אניס מרוקאיות,,IL,עוגיות אניס,גרמים,230.00,100 גרם,false,0,19.70,8.57,true,1,
7290013453266,false,מקלוני כוסמין וקצח 200 גר,"דני וגלית בע""מ",IL,מקלוני כוסמין,גרמים,200.00,100 גרם,false,1,19.90,9.95,true,1,
7290013453280,false,מקלוני כוסמין וזעתר 200 גר,"דני וגלית בע""מ",IL,מקלוני כוסמין,גרמים,200.00,100 גרם,false,1,19.90,9.95,true,1,
7290013453594,false,עוגיות גרנולה חמוציות וקשיו 230 גר,.,IL,עוגיות גרנולה,גרמים,230.00,100 גרם,false,1,24.70,10.74,true,1,
7290013474155,false,מארז חטיף דג דג40גרם6Xיח,יוניליוור,IL,מארז חטיף דג דג,גרמים,240.00,100 גרם,false,0,10.90,4.54,true,1,
7290013474377,false,בייגלה דקים מלח ים300גרם,יוניליוור,IL,בייגלה דקים,גרמים,300.00,100 גרם,false,0,7.90,2.63,true,1,
7290013474384,false,בייגלה דקים שמנת בצל300ג,יוניליוור,IL,בייגלה דקים,גרמים,300.00,100 גרם,false,0,7.90,2.63,true,1,
7290013521057,false,וופל כוסמין אורגני השדה,השדה מוצרים אורגניים,IL,וופל כוסמין,גרמים,200.00,100 גרם,false,0,12.70,6.35,true,1,
7290013521095,false,בייגלה ללא מלח אורגני 200 גר השדה,השדה מוצרים אורגניים בעמ,GB,בייגלה ללא מלח,גרמים,200.00,100 גרם,false,0,12.50,6.25,true,1,
7290013521347,false,חרדל דיג'ון אורגני 200גרם,השדה מוצרים אורגניים,NL,חרדל דיז'ון,גרמים,200.00,100 גרם,false,0,14.40,7.20,true,1,
7290013521415,false,אבקת מרק אורגני 20 בטעם עוף 200 גר,השדה מוצרים אורגניים,NL,אבקת מרק אורגנית,גרמים,200.00,100 גרם,false,0,23.70,11.85,true,1,
7290013521750,false,מיץ תפוזים אורגני 1 ל,יורופיאן פוד,IT,מיץ תפוזים אורגנ,ליטרים,1.00,ליטר,false,1,20.90,20.90,true,1,
7290013531117,false,רוטב פסטה לילדים יכין (240 גר`),"זנלכל בע""\מ",IL,רוטב פסטה,גרמים,260.00,100 גרם,false,0,4.70,1.81,true,1,
7290013531582,false,מארז זיתים ירוקים מגולענים יכין 200 גרם,זנלכל בעמ,ES,זית ללא גלעין3יח,גרמים,600.00,100 גרם,false,1,11.90,1.98,true,1,
7290013531698,false,מיצמיץ סירופ ענבים 1ליטר,זנלכל,IL,סירופ ענבים,ליטרים,1.00,ליטר,false,1,12.90,12.90,true,1,
7290013531759,false,שעועית לבנה מבושלת במים יכין (550 גרם),זנלכול יכין,IL,שעועית אפויה,גרמים,550.00,100 גרם,false,1,6.60,1.20,true,1,
7290013531797,false,אפונה קטנה 200*3 גרם,KFT KECSKEMET,HU,אפונה קטנה 3 יח,גרמים,600.00,100 גרם,false,1,10.50,1.75,true,1,
7290013534057,false,"צ'יפס בטטה טבעי מיה 100ג' 'כשל""פ",מיה תעשיות מזון מ.ת.מ. בעמ,IL,צ'יפס בטטה טבעי,גרמים,100.00,100 גרם,false,0,9.90,9.90,true,1,
7290013540034,false,פתיתי טונה בשמן 158*4גרם,תעשיות פילטונה,IL,פתיתי טונה 4 יח,גרמים,632.00,100 גרם,false,0,14.90,2.36,true,1,
7290013540225,false,טונה פרינס רבעייה בשמן 160 גרם,תעשיות פילטונה בעמ,IL,נתחי טונה 4 יח,גרמים,632.00,100 גרם,false,0,21.70,3.43,true,1,
7290013558909,false,חסה ליידי נובה יחידה,"עלי נחל בע""מ",IL,חסה ליידי נובה,יחידה,1.00,יחידה,false,1,12.50,12.50,true,1,
7290013584113,false,"ספרייט פחית סליק 330 מ""ל",החברה המרכזית להפצת משקאות בעמ,IL,ספרייט,מיליליטרים,330.00,"100 מ""ל",false,0,4.90,1.48,true,1,
7290013584182,false,ספרייט בקבוק 1.5 לי,החברה המרכזית לייצור משקאות,IL,ספרייט בקבוק,ליטרים,1.50,ליטר,false,0,6.50,4.33,true,1,
7290013584816,false,"משק""ל פריגת לימונענע1.5ל",מבשלות בירה בינלאומיות ב,IL,"משק""ל פריגת",ליטרים,1.50,ליטר,false,0,6.50,4.33,true,1,
7290013585233,false,"ספרייט זירו פחית סליק 330 מ""ל",החברה המרכזית להפצת משקאות בעמ,IL,ספרייט זירו,מיליליטרים,330.00,"100 מ""ל",false,1,4.90,1.48,true,1,
7290013585240,false,ספרייט זירו בקבוק 1.,החברה המרכזית להפצת משקאות בעמ,IL,ספרייט זירו,ליטרים,1.50,ליטר,false,1,6.90,4.60,true,1,
7290013585257,false,ספרייט זירו בבקבוק אישי,החברה המרכזית להפצת משקאות בעמ,IL,ספרייט זירו,מיליליטרים,500.00,"100 מ""ל",false,1,6.90,1.38,true,1,
7290013585271,false,ספרייט זירו מארז שישייה,החברה המרכזית לייצור משקאות,IL,ספרייט זירו 6 יח,ליטרים,9.00,ליטר,false,1,36.90,4.10,true,1,
7290013585325,false,קוקה קולה שישיות 2 ל,החברה המרכזית לייצור משקאות,IL,קוקה קולה 2*6 ל,ליטרים,12.00,ליטר,false,1,45.90,3.83,true,1,
7290013585356,false,פיוז תה פירות יער 1.5ל',מבשלות בירה בינלאומיות,IL,פיוז תה,ליטרים,1.50,ליטר,false,1,7.10,4.73,true,1,
7290013585370,false,קוקה קולה בקבוק 2 ל,החברה המרכזית לייצור משקאות,IL,קוקה קולה,ליטרים,2.00,ליטר,false,1,7.90,3.95,true,1,
7290013585387,false,בקבוק זירו קוקה-קולה (1 ליטר),החברה המרכזית להפצת משקאות בעמ,IL,קולה זירו,ליטרים,1.00,ליטר,false,1,5.90,5.90,true,1,
7290013585394,false,בקבוק קוקה-קולה (1 ליטר),החברה המרכזית להפצת משקאות בעמ,IL,קוקה קולה,ליטרים,1.00,ליטר,false,1,5.90,5.90,true,1,
7290013585462,false,קוקה קולה זירו 2*6 ליטר,החברה המרכזית לייצור משקאות,IL,קולה זירו 6 * 2ל,ליטרים,12.00,ליטר,false,1,45.50,3.79,true,1,
7290013585479,false,קוקה קולה זירו 2ליטר בודד,החברה המרכזית להפצת משקאות בעמ,IL,קולה זירו,ליטרים,2.00,ליטר,false,1,7.90,3.95,true,1,
7290013585509,false,"משק""ל פריגת אפרסק 1.5 לי",מבשלות בירה בינלאומיות,IL,פריגת אפרסק,ליטרים,1.50,ליטר,false,1,6.50,4.33,true,1,
7290013585554,false,קינלי סודה שישייה 1.,החברה המרכזית לייצור משקאות,IL,קינלי סודה 6 יח,ליטרים,9.00,ליטר,false,1,15.90,1.77,true,1,
7290013585851,false,פריגת תפוז מנדרינה 1.5 ל,מבשלות בירה בינלאומיות,IL,פריגת תפוז,ליטרים,1.50,ליטר,false,1,6.50,4.33,true,1,
7290013585967,false,מארז ספרייט זירו Fridge Pack פחית 6*33,החברה המרכזית להפצת משקאות בעמ,IL,ספרייט זירו 6 פח,ליטרים,1.98,ליטר,false,1,19.90,10.05,true,1,
7290013586117,false,מארז פחיות ספרייט שישייה,קוקה קולה,IL,ספרייט 6 פחיות,ליטרים,1.98,ליטר,false,1,19.90,10.05,true,1,
7290013586575,false,פיוז תה הרבל מנגו קמומיל,מבשלות בירה בינלאומיות,IL,פיוז תה,ליטרים,1.50,ליטר,false,1,7.10,4.73,true,1,
7290013608086,false,מיץ פירות הדר100%טבעי1ל,גניר,IL,מיץ פירות הדר,ליטרים,1.00,ליטר,false,0,14.90,14.90,true,1,
7290013608260,false,מיץ רימונים 100%מיץ סחוט טרי מצונן 1ליט,שטראוס גרופ בעמ/מצונן,IL,מיץ רימונים,ליטרים,1.00,ליטר,false,0,22.90,22.90,true,1,
7290013608444,false,משקה קל תפוזים 1.5 ליטר,פרימור,IL,משקה קל תפוזים,ליטרים,1.50,ליטר,false,1,6.50,4.33,true,1,
7290013608451,false,משקה קל פרימור ענבים,גניר,IL,משקה קל ענבים,ליטרים,1.50,ליטר,false,1,6.50,4.33,true,1,
7290013608468,false,משקה קל תות בננה1.5 ליטר,פרימור,IL,משקה קל תות בננה,ליטרים,1.50,ליטר,false,1,6.50,4.33,true,1,
7290013608482,false,נקטר מנגו פרימור 1 ליטר,דיפלומט,IL,נקטר מנגו,ליטרים,1.00,ליטר,false,1,7.90,7.90,true,1,
7290013608529,false,משקה קל אשכוליות 1.5ליטר,גניר,IL,משקה קל אשכוליות,ליטרים,1.50,ליטר,false,1,6.50,4.33,true,1,
7290013608536,false,מש.קל דיאט אשכולית1.5ל,גניר,IL,משקה קל אשכוליות,ליטרים,1.50,ליטר,false,1,6.50,4.33,true,1,
7290013608543,false,משקה קל תפוח עץ 1.5 ליטר,גניר,IL,משקה תפוח עץ,ליטרים,1.50,ליטר,false,1,6.50,4.33,true,1,
7290013608550,false,נקטר תפוזים פרימור 1 ליטר,סטאר סנקס,IL,נקטר תפוזים,ליטרים,1.00,ליטר,false,1,7.90,7.90,true,1,
7290013608567,false,משקה קל מנגו 1.5 ליטר,גניר,IL,משקה קל מנגו,ליטרים,1.50,ליטר,false,1,6.50,4.33,true,1,
7290013608673,false,נקטר תפוחי עץ פרימור 1 ליטר,סטאר סנקס,IL,"נקטר תפו""ע",ליטרים,1.00,ליטר,false,1,7.90,7.90,true,1,
7290013645531,false,עוגיות מזרחיות ללא ג,מוצרי הכט,IL,עוגיות מזרחיות,גרמים,230.00,100 גרם,false,0,21.70,9.43,true,1,
7290013652775,false,ד.פ.נטורל קר מסכה לשיער רגיל-יבש,פישר מעבדות פרמצבטיות,,מסכה נטורל קר,מיליליטרים,450.00,"100 מ""ל",false,0,34.20,7.60,true,1,
7290013652997,false,"ד""ר פישר - נטורל קר קרם גוף יבש במיוחד 450 מ""ל",פישר תעשיות פרמבצטיות בעמ,,קרם גוף נטורל קר,מיליליטרים,450.00,"100 מ""ל",false,0,23.70,5.27,true,1,
7290013655790,false,מגש קרח שקוף יח,.,CN,מגש קרח שקוף,יחידה,1.00,יחידה,false,1,14.90,14.90,true,1,
7290013675095,false,שניצל ביתי אפוי 500גרם,תנובה,IL,שניצל ביתי אפוי,גרמים,500.00,100 גרם,false,0,29.60,5.92,true,1,
7290013675378,false,שניצל לבבות מאמא עוף 700,תנובה,IL,שניצל לבבות מאמא,גרמים,700.00,100 גרם,false,1,36.90,5.27,true,1,
7290013675408,false,שניצל קריספי 700 גרם,תנובה,IL,שניצל קריספי,גרמים,700.00,100 גרם,false,1,41.90,5.99,true,1,
7290013675415,false,שניצל קריספי שומשום 700,תנובה,IL,שניצל קריספי,גרמים,700.00,100 גרם,false,1,41.90,5.99,true,1,
7290013675439,false,שניצל אותיות 700 גרם,תנובה,IL,שניתל אותחות,גרמים,700.00,100 גרם,false,1,36.90,5.27,true,1,
7290013702005,false,מים טעם פירות יער 1.5 ל,יפאורה שותפות מובגלת לשיווק,IL,מים פירות יער,ליטרים,1.50,ליטר,false,0,5.90,3.93,true,1,
7290013702029,false,שוופס מים טעם אפרסק 1.5ל,יפאורה שותפות מובגלת לשיווק,IL,שוופס מים אפרסק,ליטרים,1.50,ליטר,false,0,5.90,3.93,true,1,
7290013702036,false,שוופס וואטר אפרסק 500 מל,יפאורה שותפות מוגבלת לשיווק,IL,שוופס אפרסק,מיליליטרים,500.00,"100 מ""ל",false,0,5.90,1.18,true,1,
7290013702043,false,שוופס מים טעם ענבים 1.5ל,יפאורה שותפות מובגלת לשיווק,IL,מים בטעם ענבים,ליטרים,1.50,ליטר,false,0,5.90,3.93,true,1,
7290013702371,false,שוופס מים בטעם תפוח 1.5ל,יפאורה שותפות מובגלת לשיווק,IL,שוופס מים תפוח,ליטרים,1.50,ליטר,false,0,5.90,3.93,true,1,
7290013702388,false,"שוופס וואטר תפוח 500מ""ל",יפאורה שותפות מובגלת לשיווק,IL,שוופס תפוח,מיליליטרים,500.00,"100 מ""ל",false,0,5.90,1.18,true,1,
7290013702463,false,שוופס מוגז לימונייד 1.5ל,יפאורה שותפות מובגלת לשיווק,IL,שוופס למונייד,ליטרים,1.50,ליטר,false,0,6.60,4.40,true,1,
7290013702470,false,שוופס מוגז לימונדה ורודה,יפאורה שותפות מובגלת לשיווק,IL,שוופס לימונדה,ליטרים,1.50,ליטר,false,0,6.60,4.40,true,1,
7290013702555,false,שוופס מוגז עדין אננס1.5ל,יפאורה שותפות מובגלת לשיווק,IL,שוופס מוגז עדין,ליטרים,15.00,ליטר,false,0,6.50,0.43,true,1,
7290013702883,false,"שוופס מוגז פירות לימונדה ורודה 500 מ""ל",יפאורה - שותפות מוגבלת לשיווק,IL,שוופס לימונדה,מיליליטרים,500.00,"100 מ""ל",false,0,4.80,0.96,true,1,
7290013702968,false,שישיית שוופס דיאט למון ליים 1.5 ל`,יפאורה שותפות מובגלת לשיווק,IL,שוופס ליים 6 יח,ליטרים,9.00,ליטר,false,0,24.00,2.67,true,1,
7290013702999,false,שוופס מוגז גוארנה1.5ל,יפאורה שותפות מובגלת לשיווק,IL,שוופס גוארנה,ליטרים,1.50,ליטר,false,0,6.60,4.40,true,1,
7290013724700,false,חמוציות מסוכרות 250 גרם,****דין שיווק וקליה 2021 בעמ,IL,חמוציות 250גרם,גרמים,250.00,100 גרם,false,0,10.00,4.00,true,1,
7290013724748,false,בוטנים קלויים 400 גר`,קונסיגנציה-דין שיווק וקליה 202,IL,בוטנים קלויים,גרמים,400.00,100 גרם,false,0,10.00,2.50,true,1,
7290013724762,false,גרעין חמנייה 500 גרם,דין שיווק וקלייה בעמ,IL,גרעין חמנייה,גרמים,500.00,100 גרם,false,0,10.00,2.00,true,1,
7290013724779,false,זית 500 גרם,,,זית סורי,גרמים,500.00,100 גרם,false,0,9.90,1.98,true,1,
7290013724946,false,שקדים בשוקולד מריר בקופסא 140 גרם,דין שיווק וקליה 2021 בעמ,IL,שקד בשוקולד מריר,גרמים,160.00,100 גרם,false,0,14.80,9.25,true,1,
7290013724960,false,שקדים בציפוי שוקולד בקופסא שקדיה 140 גרם,דין שיווק וקליה 2021 בעמ,IL,שקדים בשוקולד,גרמים,160.00,100 גרם,false,0,14.80,9.25,true,1,
7290013724984,false,בוטנים בשוקולד מריר בקופסא 160 גרם,דין שיווק וקליה 2021 בעמ,IL,בוטנים בשוקולד,גרמים,160.00,100 גרם,false,0,14.80,9.25,true,1,
7290013725639,false,רוטב צילי חריף סו שף,"דין שיווק וקליה בע""מ",,צ'ילי חריף,גרמים,700.00,100 גרם,false,0,13.00,1.86,true,1,
7290013725646,false,רוטב צילי מתוק סו שף,"דין שיווק וקליה בע""מ",,צ'ילי מתוק,גרמים,700.00,100 גרם,false,0,10.80,1.54,true,1,
7290013725677,false,חומץ אורז לבן לסושי300מל,,,חומץ אורז לבן לסושי300מל,מיליליטרים,300.00,"100 מ""ל",false,0,11.90,3.97,true,1,
7290013725684,false,"רוטב טריאקי 300 מ""ל",,,"רוטב טריאקי 300 מ""ל",מיליליטרים,300.00,"100 מ""ל",false,0,11.90,3.97,true,1,
7290013725691,false,רוטב סויה בסגנון יפני,דין שיווק וקליה 2021 בעמ,,רוטב בסגנון יפני,מיליליטרים,300.00,"100 מ""ל",false,0,9.90,3.30,true,1,
7290013725707,false,שמן שומשום סו שף 150,דין שיווק וקליה 2021 בעמ,,שמן שומשום,מיליליטרים,150.00,"100 מ""ל",false,0,15.10,10.07,true,1,
7290013725714,false,רוטב סויה סגנון יפני623מ,"דין שיווק וקליה בע""מ",,רוטב סויה,מיליליטרים,623.00,"100 מ""ל",false,0,11.00,1.77,true,1,
7290013725738,false,אצות נורי (10 דפים) 23 גרם (738),"דין שיווק וקלייה בע""",,אצות ים נורי,גרמים,25.00,100 גרם,false,0,14.80,59.20,true,1,
7290013725752,false,נודלס דק להכנה מהירה400ג,דין שיווק וקליה 2021 בעמ,,נודלס דק,גרמים,400.00,100 גרם,false,0,6.50,1.63,true,1,
7290013725769,false,נודלס עבה הכנה מהירה400ג,דין שיווק וקליה 2021 בעמ,,נודלס עבה,גרמים,400.00,100 גרם,false,0,6.50,1.63,true,1,
7290013771131,false,שומרון לאבנה עיזים 5,מיוצר עי קונדיטוריית,,לאבנה עיזים,גרמים,250.00,100 גרם,false,0,17.60,7.04,true,1,
7290013771384,false,יוגורט יווני השומרון,מיוצר עי קונדיטוריית,IL,יוגורט יווני,גרמים,400.00,100 גרם,false,1,8.90,2.23,true,1,
7290013809391,false,אבקת ניקוי+הברקה,,IL,אבקת ניקוי+הברקה,גרמים,600.00,100 גרם,false,0,7.00,1.17,true,1,
7290013847102,false,נתחי טונה בהירה בשמן - מארז שלישיה,דיפלומט מפיצים (1968) בעמ**,IL,טונה סטארקיסט3יח,גרמים,240.00,100 גרם,false,0,10.00,4.17,true,1,
7290013847157,false,טונה שמ.זית כ.מעולה110*4,סטארקיסט,IL,טונה בשמן זית4יח,גרמים,440.00,100 גרם,false,0,29.60,6.73,true,1,
7290013847454,false,טונה סטאריקיסט בשמן קנולה רביעייה 160 גר,דיפלומט מפיצים (1968) בעמ**,IL,טונה בשמן 4 יח,גרמים,640.00,100 גרם,false,1,24.90,3.89,true,1,
7290013847546,false,טונה סטארקיסט דל נטרן רביעייה,דיפלומט מפיצים (1968) בעמ**,IL,טונה בשמן 4 יח,גרמים,640.00,100 גרם,false,1,28.50,4.45,true,1,
7290013847553,false,נתחי טונה בהירה במים דל נתרן - מארז רביעיה,דיפלומט מפיצים (1968) בעמ**,IL,טונה במים 4 יח,גרמים,640.00,100 גרם,false,1,28.50,4.45,true,1,
7290013847607,false,סטארקיסט לסלט שמן שום160,סטארקיסט,IL,סטארקיסט לה סלט,גרמים,160.00,100 גרם,false,1,6.90,4.31,true,1,
7290013847621,false,סטארקיסט לסלט קייסר160ג,סטארקיסט,IL,סטארקיסט לה סלט,גרמים,160.00,100 גרם,false,1,6.90,4.31,true,1,
7290013847638,false,טונה בשמן זית מארז160*2ג,סטארקיסט,IL,טונה בשמן זית2יח,גרמים,320.00,100 גרם,false,1,17.90,5.59,true,1,
7290013847652,false,סטארק.לסנדביץ חמוצים200ג,סטארקיסט,IL,סטארקיסט לסנדביץ,גרמים,200.00,100 גרם,false,1,7.90,3.95,true,1,
7290013847669,false,סטארקיסט לסנדביץ צ'ילי,סטארקיסט,IL,סטארקיסט לסנדביץ,גרמים,200.00,100 גרם,false,1,7.90,3.95,true,1,
7290013847676,false,סטארקיסט לסנדביץ+בצל200ג,סטארקיסט,IL,סטארקיסט לסנדביץ,גרמים,200.00,100 גרם,false,1,7.90,3.95,true,1,
7290013848130,false,תחליב רח.כיף אוקיינוס750,קוסמופארם,IL,תחליב רחצה כיף,מיליליטרים,750.00,"100 מ""ל",false,0,8.90,1.19,true,1,
7290013848383,false,קרמה מן גל רחצה אקטיב בלוק 700 מל לגבר,החברה הדרומית לשיווק בעמ,IL,ג'ל רחצה קרמה מן,מיליליטרים,700.00,"100 מ""ל",false,0,14.90,2.13,true,1,
7290013848697,false,קרמה אלפא מרכך יבש 700מל,קוסמופארם,IL,מרכך שיער קרמה,מיליליטרים,700.00,"100 מ""ל",false,0,12.90,1.84,true,1,
7290013848758,false,מקסימה גל כביסה מרוכז בייבי 3ליטר סנסטיב,החברה הדרומית לשיווק בעמ,IL,ג'ל לכביסה בייבי,ליטרים,3.00,ליטר,false,0,29.90,9.97,true,1,
7290013848802,false,אל סבון מוצק לבנדר - מארז רביעיה,קוסמופארם,IL,רביעיית סבון כיף,גרמים,400.00,100 גרם,false,0,10.80,2.70,true,1,
7290013848895,false,דאו.קרמה רול און מאסק75מ,קוסמופארם,IL,דאודורנט קרמה,מיליליטרים,75.00,"100 מ""ל",false,0,10.00,13.33,true,1,
7290013848932,false,קרמה דאודורנט סטיק מאסק,קוסמופארם,IL,דאודורנט קרמה,גרמים,75.00,100 גרם,false,0,21.70,28.93,true,1,
7290013861054,false,צימוקים בשוקולד חלב בקופסא 140 גרם,דין שיווק וקליה 2021 בעמ,IL,צימוק בשוקולד,גרמים,160.00,100 גרם,false,0,14.80,9.25,true,1,
7290013861429,false,המתוקים של ששון שומשום 250 גרם,דין שיווק וקליה 2021 בעמ,IL,חטיפי שומשום,גרמים,250.00,100 גרם,false,0,9.90,3.96,true,1,
7290013861443,false,המתוקים של ששון בוטנים 250 גרם,דין שיווק וקליה 2021 בעמ,IL,חטיפי בוטנים 250גרם,גרמים,250.00,100 גרם,false,0,9.90,3.96,true,1,
7290013861955,false,תערובת פיצוחים 200גרם,שקדיה,IL,תערובת פיצוחים,גרמים,200.00,100 גרם,false,0,23.70,11.85,true,1,
7290013861962,false,פיסטוק חלבי קלוי 200גרם,שקדיה,IL,פיסטוק קלוי,גרמים,200.00,100 גרם,false,0,23.70,11.85,true,1,
7290013861986,false,אגוז קשיו קלוי 200גרם,שקדיה,IL,קשיו קלוי,גרמים,200.00,100 גרם,false,0,20.70,10.35,true,1,
7290013883407,false,"דזיטול מרסס לחיטוי כללי יעקבי 750 מ""ל",יעקב יעקבי ובניו בע`מ,ES,דזיטול מרסס,מיליליטרים,750.00,"100 מ""ל",false,0,19.90,2.65,true,1,
7290013883445,false,"אסטוניש קרם מטבח 550 מ""ל",אסטוניש -לידס,GB,אסטוניש קרם מטבח,מיליליטרים,550.00,"100 מ""ל",false,0,11.90,2.16,true,1,
7290013883469,false,"אסטוניש קרם אמבט 550 מ""ל",אסטוניש -לידס,GB,אסטוניש קרם אמבט,מיליליטרים,550.00,"100 מ""ל",false,0,11.90,2.16,true,1,
7290013906205,false,פסטרמה עם שום וצילי טירת צבי 400 ג',תנובה מרכז שיתופי לשיווק תוצרת,IL,פסטרמה שום+צ'לי,גרמים,400.00,100 גרם,false,0,31.50,7.88,true,1,
7290013906441,false,קבנוס טירת צבי 120 גרם,תנובה מרכז שיתופי לשיווק תוצרת,IL,קבנוס,גרמים,120.00,100 גרם,false,0,11.80,9.83,true,1,
7290013906489,false,חטיפי מיני קבנוס טירת צבי 120 גרם,תנובה מרכז שיתופי לשיווק תוצרת,IL,חטיפי קבנוס,גרמים,120.00,100 גרם,false,0,11.80,9.83,true,1,
7290013906496,false,פסטרמה עגל בסגנון רומני טירת צבי 120 גר,הנסיך- מפעל לייצור ט,IL,פסטרמה עגל רומני,גרמים,120.00,100 גרם,false,0,15.90,13.25,true,1,
7290013906687,false,פסט' צמד כפרית ברביקיו ודבש 300X2ג' טירת צבי,תנובה מרכז שיתופי לשיווק תוצרת,IL,צמד כפרי ברביקיו,גרמים,600.00,100 גרם,false,8,29.90,4.98,true,1,
7290013906717,false,פסטרמה איטלקית 120גרם,טירת צבי,IL,פסטרמה איטלקית,גרמים,120.00,100 גרם,false,1,15.90,13.25,true,1,
7290013906724,false,פסטרמה מקסיקנית 120גרם,טירת צבי,IL,פסטרמה מקסיקנית,גרמים,120.00,100 גרם,false,1,15.90,13.25,true,1,
7290013927101,false,אחווה עוגה תפוחים ללא תוספת סוכר 450גר,אחדות ביחר לטחינה חל,IL,עוגת תפוח עץ,גרמים,450.00,100 גרם,false,0,12.90,2.87,true,1,
7290013994035,false,"אורז חום מלא אורגני 1ק""ג",,IL,אורז חום מלא,קילוגרמים,1.00,"ק""ג",false,0,21.70,21.70,true,1,
7290013994165,false,משקה אורז בתוספת שקדים1ל,,IT,משקה אורז,ליטרים,1.00,ליטר,false,0,12.80,12.80,true,1,
7290013994189,false,משקה אורז,,IT,משקה אורז,ליטרים,1.00,ליטר,false,0,12.80,12.80,true,1,
7290013994295,false,קינואה אדומה אורגנית 500 גר,אול אורגני,IL,קינואה אדומה,גרמים,500.00,100 גרם,false,1,23.90,4.78,true,1,
7290013994301,false,קינואה שחורה אורגנית 500 גר,אול אורגני,IL,קינואה שחורה,גרמים,500.00,100 גרם,false,1,23.90,4.78,true,1,
7290013994325,false,זרעי צ'יה אורגני 300 גרם,אול אורגני,IL,זרעי צ'יה,גרמים,300.00,100 גרם,false,1,21.90,7.30,true,1,
7290013994493,false,לחם כוסמין אורגני 500 גר,אול אורגני,IL,לחם כוסמין,גרמים,500.00,100 גרם,false,1,15.90,3.18,true,1,
7290013994646,false,משקה שיבולת שועל אורג1ל,דה ברידג' אס אר אל,IT,משקה שיבולת שועל,ליטרים,1.00,ליטר,false,1,12.90,12.90,true,1,
7290013994660,false,משקה אורז אורגני+קוקוס1ל,דה ברידג' אס אר אל,IT,משקה אורז,ליטרים,1.00,ליטר,false,1,12.80,12.80,true,1,
7290013994769,false,בייגלה עם שומשום מקמח מלא אורגני 200 גרם,אם החיטה,IL,מקלות בייגלה,גרמים,200.00,100 גרם,false,1,12.50,6.25,true,1,
7290013994790,false,לקט ירקות קפוא אורגני800,פינגווין,BE,לקט ירקות קפוא,גרמים,800.00,100 גרם,false,1,22.90,2.86,true,1,
7290013994813,false,הרדוף שעועית שחורה אורגנית 500 גרם,אול אורגני,IL,שעועית שחורה,גרמים,500.00,100 גרם,false,1,11.90,2.38,true,1,
7290013997937,false,מיני המבורגר פטריות טבעו,טבעול,IL,מיני המבורגר פטר,גרמים,540.00,100 גרם,false,0,26.90,4.98,true,1,
7290014002128,false,תה ירוק לימונית ומנטה 25 שקיקים ויסוצקי,תה ויסוצקי (ישראל)בעמ,IL,תה ירוק לימונית,גרמים,37.00,100 גרם,false,0,25.90,70.00,true,1,
7290014002609,false,תה ירוק פטל 25שק',ויסוצקי,IL,תה ירוק פטל,גרמים,38.00,100 גרם,false,0,25.90,68.16,true,1,
7290014002647,false,תה ירוק לימונ.לואיזה15שק,ויסוצקי,IL,תה ירוק 15 שקיק.,גרמים,22.00,100 גרם,false,0,10.00,45.45,true,1,
7290014002944,false,גן קסום חליטת פירות וצמחים חמדת שקד 25 שקיקים,תה ויסוצקי (ישראל) בעמ,IL,חליטת חמדת שקד,גרמים,57.00,100 גרם,false,0,16.90,29.65,true,1,
7290014015135,false,בצלצלי פנינה לשיפודים,קטיף.,IL,בצלצלי פנינה,קילוגרמים,0.00,"ק""ג",true,1,15.90,15.90,true,1,
7290014016286,false,פיצה מרגריטה זיתים 400 ג,נטו מלינדה-בשר,IL,פיצה מרגריטה,גרמים,400.00,100 גרם,false,0,26.70,6.68,true,1,
7290014016439,false,בורקס גבינה ללא חיטה500ג,,,בורקס גבינה,גרמים,500.00,100 גרם,false,0,29.30,5.86,true,1,
7290014016446,false,"בורקס תפו""א ללא חיטה500ג",,,"בורקס תפו""א",גרמים,500.00,100 גרם,false,0,29.30,5.86,true,1,
7290014017009,false,קמח אורז לבן ללא גלוטן 500 גרם,נטו מלינדה-בשר,,קמח אורז לבן,גרמים,500.00,100 גרם,false,0,9.60,1.92,true,1,
7290014021518,false,פרי FREE חטיף אננס קראנצ'י 27 גרם,לנאקו שוואנגטי פודסטאף,CN,חטיף אננס,גרמים,20.00,100 גרם,false,1,9.90,49.50,true,1,
7290014021648,false,פרי FREE חטיף משמש קראנצ'י 27 גרם,לנאקו שוואנגטי פודסטאף,CN,חטיף אגסים,גרמים,20.00,100 גרם,false,1,9.90,49.50,true,1,
7290014046016,false,פסטרמה של פעם דל שומן 2% רכיבים טבעיים,מעדני יחיעם ( 1993 ) בע`מ,IL,פסטרמה של פעם,גרמים,250.00,100 גרם,false,0,28.00,11.20,true,1,
7290014046030,false,"מוס כבד עוף 140 גרם ""יחיעם""",מעדני יחיעם ( 1993 ) בע`מ,IL,מוס כבד עוף,גרמים,140.00,100 גרם,false,5,15.90,11.36,true,1,
7290014046436,false,נשנושי קבנוס יחיעם (125 גרם),מעדני יחיעם ( 1993 ) בע`מ,IL,נשנושי קבנוס,גרמים,125.00,100 גרם,false,0,13.80,11.04,true,1,
7290014046474,false,"נקניקיות עוף 1.5 ק""ג יחיעם",מעדני יחיעם ( 1993 ) בע`מ,IL,נקניקיות עוף,קילוגרמים,1.50,"ק""ג",false,0,29.60,19.73,true,1,
7290014059436,false,"משחת שיניים סנסודיין 75 מ""ל פרימיום לשיקום והגנה מלבינה 75 מ""ל","סמית קליין ביצ'ם בע""",GB,משחת סנסודיין,מיליליטרים,75.00,"100 מ""ל",false,0,19.90,26.53,true,1,
7290014083479,false,גבינה פרוסה גאודה 27% שומן EURO CHEESE ויליפוד 150 גרם,ג.וילי פוד אינטרנשיונל בעמ,DE,גבינת גאודה,גרמים,150.00,100 גרם,false,0,7.90,5.27,true,1,
7290014083806,false,עוגיות בטעם חמאה 350 גרם בפח,ג. וילי-פוד אינטרנשיונל בע`מ,PT,עוגיות טעם חמאה,גרמים,350.00,100 גרם,false,0,11.50,3.29,true,1,
7290014083813,false,וילי פוד מריגה שפרוטים מעושנים בשמן 190ג,ג. וילי-פוד אינטרנשיונל בע`מ,IL,שפרוטים,גרמים,190.00,100 גרם,false,0,8.90,4.68,true,1,
7290014094017,false,אגוזי מלך טבעי בקליפה 300 גר ששון הקולה,שקדיה,IL,אגוז מלך בקליפה,גרמים,300.00,100 גרם,false,0,21.90,7.30,true,1,
7290014094062,false,גרעין שחור קלוי 200גרם,שקדיה,IL,גרעין שחור קלוי,גרמים,200.00,100 גרם,false,0,7.80,3.90,true,1,
7290014094079,false,בוטן קלוף קלוי 200גרם,שקדיה,IL,בוטן קלוף קלוי,גרמים,200.00,100 גרם,false,0,9.80,4.90,true,1,
7290014094093,false,גרעין לבן קלוי 200גרם,שקדיה,IL,גרעין לבן קלוי,גרמים,200.00,100 גרם,false,0,11.90,5.95,true,1,
7290014094116,false,מנצ'ס 200גרם,שקדיה,IL,מנצ'ס,גרמים,200.00,100 גרם,false,0,10.80,5.40,true,1,
7290014094260,false,שיני שום קלוף קמעונאי,קונס`-מרינה פטריות הגליל בעמ*ש,CN,שיני שום קלופות,יחידה,1.00,יחידה,false,1,9.90,9.90,true,1,
7290014094307,false,סילאן רכיבים טבעיים 380 גר-השקדיה,"דין שיווק וקליה בע""מ",IL,סילאן טבעי,גרמים,360.00,100 גרם,false,0,14.80,4.11,true,1,
7290014094420,false,סרדין חריף,,PT,סרדין חריף,גרמים,115.00,100 גרם,false,0,4.90,4.26,true,1,
7290014094475,false,"רוטב צ''ילי מתוק אהרוני 700 מ""ל אהרוני",****דין שיווק וקליה 2021 בעמ,IL,רוטב צ'ילי מתוק,מיליליטרים,700.00,"100 מ""ל",false,0,9.90,1.41,true,1,
7290014094505,false,אורז בסמתי טהור אהרוני 1 ק''ג,דין שיווק וקליה 2021 בעמ,IL,אורז בסמטי,קילוגרמים,1.00,"ק""ג",false,0,9.90,9.90,true,1,
7290014094512,false,"רוטב טריאקי 300 מ""ל אהרוני",דין שיווק וקליה 2021 בעמ,IL,רוטב טריאקי,מיליליטרים,300.00,"100 מ""ל",false,0,10.90,3.63,true,1,
7290014094529,false,"רוטב סויה 300 מ""ל אהרוני",דין שיווק וקליה 2021 בעמ,IL,רוטב סויה,מיליליטרים,300.00,"100 מ""ל",false,0,10.90,3.63,true,1,
7290014094536,false,רוטב סויה 623מ''ל אהרוני,****דין שיווק וקליה 2021 בעמ,IL,רוטב סויה,מיליליטרים,630.00,"100 מ""ל",false,0,19.80,3.14,true,1,
7290014094543,false,תרסיס שמן קנולה מזוכך 186 מל שקדיה,דין שיווק וקליה 2021 בעמ,IL,תרסיס שמן קנולה,מיליליטרים,186.00,"100 מ""ל",false,0,14.90,8.01,true,1,
7290014094567,false,"שמן זית כתית מעולה 750מ""ל אהרוני",דין שיווק וקליה 2021 בעמ,IL,שמן זית,מיליליטרים,750.00,"100 מ""ל",false,0,29.90,3.99,true,1,
7290014095021,false,אגוז מלך טבעי150ג שקדיה,שקדיה,IL,אגוז מלך קלוף,גרמים,150.00,100 גרם,false,0,15.90,10.60,true,1,
7290014095458,false,חטיף דגנים עם חתיכות תפוז מיובש ושוקולד מריר 125 גר',שקדיה,IL,חטיפי גרנולה,גרמים,300.00,100 גרם,false,0,10.00,3.33,true,1,
7290014095861,false,שיבולת שועל דקה בשקית שקדיה 500 גרם,דין שיווק וקליה 2021 בעמ,IL,שיבולת שועל,גרמים,500.00,100 גרם,false,0,7.20,1.44,true,1,
7290014126077,false,מיסטר מאסל למטבח 5 ב,ג'ונסון,CN,מר מאסל למטבח,מיליליטרים,500.00,"100 מ""ל",false,0,11.90,2.38,true,1,
7290014126282,false,נוזל לרצפות לבנדר2.5ל,AMBALAJ APS,TR,מר מאסל לרצפות,ליטרים,2.50,ליטר,false,0,15.90,6.36,true,1,
7290014126473,false,בייבי ביס נגיסי אורז 50ג,גואנז'ו יונג וואנט פ,CN,בייבי ביס,גרמים,50.00,100 גרם,false,1,12.50,25.00,true,1,
7290014126978,false,דאק לאסלה ניחוח לבנדר,ג'ונסון,IL,דאק לאסלה זוג,מיליליטרים,1500.00,"100 מ""ל",false,0,17.90,1.19,true,1,
7290014217065,false,אורגנו עלים בקופ' 30 גר' טעם וריח,"תבליני טעם וריח בע""מ",IL,אורגנו,גרמים,30.00,100 גרם,false,0,9.80,32.67,true,1,
7290014217140,false,"מיכל ראס אל חנות 100 גר' ""טעם וריח""","תבליני טעם וריח בע""מ",IL,תיבול רס אל חנות,גרמים,100.00,100 גרם,false,1,10.80,10.80,true,1,
7290014217157,false,"מיכל טוסקנה תיבול 120 גר ""טעם וריח""","תבליני טעם וריח בע""מ",IL,תערובת טוסקנה,גרמים,120.00,100 גרם,false,1,8.80,7.33,true,1,
7290014217225,false,גריל עוף בקופ' 120 גר' טעם וריח,"תבליני טעם וריח בע""מ",IL,גריל עוף,גרמים,120.00,100 גרם,false,0,10.80,9.00,true,1,
7290014217263,false,תיבול לפרגית בקופ' 100 גר' טעם וריח,"תבליני טעם וריח בע""מ",IL,תערובת לפרגיות,גרמים,100.00,100 גרם,false,1,10.90,10.90,true,1,
7290014217355,false,קרי אבקה בקופ' 100 גר' טעם וריח,"תבליני טעם וריח בע""מ",IL,אבקת קרי,גרמים,100.00,100 גרם,false,0,10.80,10.80,true,1,
7290014217362,false,תיבול לקציצות בקופ' 100 גר' טעם וריח,"תבליני טעם וריח בע""מ",IL,תיבול לקציצות,גרמים,100.00,100 גרם,false,0,10.80,10.80,true,1,
7290014217461,false,תערובת תיבול לגבינה100ג,תבליני טעם וריח,IL,תערובת תבלינים,גרמים,100.00,100 גרם,false,1,10.90,10.90,true,1,
7290014217492,false,תיבול פילדלפיה בקופ' 100 גר' טעם וריח,"תבליני טעם וריח בע""מ",IL,תערובת תבלינים,גרמים,100.00,100 גרם,false,1,10.90,10.90,true,1,
7290014218093,false,פיצה משפחתית קמח מלא 500,"מעדנות בע""מ",IL,פיצה משפחתית,גרמים,500.00,100 גרם,false,0,23.60,4.72,true,1,
7290014218130,false,פיצה דקה גבינה 380גרם,"מעדנות בע""\מ",IL,פיצה דקה גבינה,גרמים,380.00,100 גרם,false,10,16.90,4.45,true,1,
7290014218154,false,פיצה דקה מעדנות בתיב,"מעדנות בע""\מ",IL,פיצה דקה שום,גרמים,410.00,100 גרם,false,10,16.90,4.12,true,1,
7290014218291,false,בצק פילו מעדנות 500,"מעדנות בע""מ",IL,בצק פילו,גרמים,500.00,100 גרם,false,16,23.90,4.78,true,1,
7290014218321,false,בורקס אישי יפו גבינה מעדנות 600 גרם,תנובה מרכז שיתופי לשיווק תוצרת,IL,בורקס יפו גבינה,גרמים,600.00,100 גרם,false,1,17.90,2.98,true,1,
7290014218338,false,"בורקס אישי יפו תפו""א מעדנות 600 גרם",מיוצר עי קונדיטוריית,IL,"בורקס יפו תפו""א",גרמים,600.00,100 גרם,false,1,15.90,2.65,true,1,
7290014218413,false,בצק פריך חמאה 600גר,תנובה,IL,בצק פריך חמאה,גרמים,600.00,100 גרם,false,1,27.70,4.62,true,1,
7290014218536,false,בצק עלים מרודד מופחת שומן מעדנות 1 קג,תנובה ענף ב.ע.ד,IL,בצק עלים מופחת,גרמים,1000.00,100 גרם,false,1,22.90,2.29,true,1,
7290014218550,false,בורקס יפו תרד וגבינה 640,תנובה,IL,בורקס יפו תרד,גרמים,640.00,100 גרם,false,1,19.90,3.11,true,1,
7290014218581,false,פוקאצ'ה 600 גרם,"מעדנות בע""מ",IL,פוקאצ'ה,גרמים,600.00,100 גרם,false,1,14.90,2.48,true,1,
7290014218598,false,פוקאצ'ה קמח מלא 600 גרם,"מעדנות בע""מ",IL,פוקאצ'ה קמח מלא,גרמים,600.00,100 גרם,false,1,16.90,2.82,true,1,
7290014218628,false,פיצה משפחתית תרד 460 גרם,תנובה,IL,פיצה משפחתית תרד,גרמים,460.00,100 גרם,false,1,24.90,5.41,true,1,
7290014241589,false,מיקס אגוזים טבעי וחמוציות 150 גרם,פיצוחי הטיב,IL,מיקס אגוזים,גרמים,150.00,100 גרם,false,0,14.80,9.87,true,1,
7290014256637,false,"יין מבעבע מוסקטו באזז יקבי כרמל 750 מ""ל",אגודת הכורמים -כרמל מזרחי,IL,מוסקטו באזז,מיליליטרים,750.00,"100 מ""ל",false,0,24.90,3.32,true,1,
7290014256972,false,תירוש לבן 1 ליטר,יקבי כרמל,IL,תירוש לבן,ליטרים,1.00,ליטר,false,1,17.90,17.90,true,1,
7290014258716,false,תרכובת מזון צמחי על בסיס חלבון סויה מגיל לידה,קבוצת אוסם סחר שותפות מוגבלת,IL,מטרנה צמחי,גרמים,700.00,100 גרם,false,0,51.90,7.41,true,1,
7290014258914,false,מטרנה אקסטרה קר קומפ700,נסטלה,IL,מטרנה קומפורט,גרמים,700.00,100 גרם,false,1,69.90,9.99,true,1,
7290014321007,false,"שמן קוקוס אורגני 350 מ""ל",כפרי בריא,LK,שמן קוקוס אורגני,מיליליטרים,350.00,"100 מ""ל",false,0,32.70,9.34,true,1,
7290014321014,false,שמן קוקוס אורגני 1 ליטר,אקוגרין,LK,ש.קוקוס אורגני1ל,מיליליטרים,1000.00,"100 מ""ל",false,0,75.40,7.54,true,1,
7290014373563,false,עוגיות מעמול 250 גרם,לחמי,IL,עוגיות מעמול,גרמים,250.00,100 גרם,false,0,18.60,7.44,true,1,
7290014373570,false,עוגיות גרנולה 200 גרם,לחמי,IL,עוגיות גרנולה,גרמים,200.00,100 גרם,false,0,18.60,9.30,true,1,
7290014373778,false,עוגיות רולדה תמרים 300 ג,לחמי,IL,עוגיות רולדה,גרמים,300.00,100 גרם,false,0,14.90,4.97,true,1,
7290014374096,false,עוג.חמאה פרג ולימון200ג,לחמי,IL,עוגיות חמאה לחמי,גרמים,200.00,100 גרם,false,1,15.90,7.95,true,1,
7290014374102,false,עוגיות חמאה משושה 200גרם,לחמי,IL,עוגיות חמאה לחמי,גרמים,200.00,100 גרם,false,1,15.90,7.95,true,1,
7290014397279,false,שקיות מזון גדולות XL סנו סושי 300 יחידות,החברה הדרומית לשיווק בעמ,IL,שקיות מזון,יחידה,1.00,יחידה,false,0,10.00,10.00,true,1,
7290014397507,false,מבשם אויר סנו פרש הום בניחוח מאסק מעודן 350 מ''ל,מיוצר עי קונדיטוריית,IL,סנופרש מאסק מעוד,מיליליטרים,350.00,"100 מ""ל",false,0,10.90,3.11,true,1,
7290014397514,false,"מבשם אויר סנו פרש הום בניחוח כותנה מלטפת 350 מ""ל",החברה הדרומית לשיווק בעמ,IL,סנופרש כותנה,מיליליטרים,350.00,"100 מ""ל",false,0,10.90,3.11,true,1,
7290014397712,false,סנובון גל לאסלה בניחוח פריחה ורודה,החברה הדרומית לשיווק בעמ,IL,סנובון ג'ל לאסלה,מיליליטרים,55.00,"100 מ""ל",false,0,12.10,22.00,true,1,
7290014397729,false,אקונומיקה פיסגה,,IL,אקונומיקה פיסגה,ליטרים,2.00,ליטר,false,0,9.90,4.95,true,1,
7290014397897,false,"מבשם בגדים ואריגים כותנה מקסימה 350 מ""ל סנו",סנו מפעלי ברונוס בעמ,IL,מבשם בגדים,מיליליטרים,350.00,"100 מ""ל",false,0,12.90,3.69,true,1,
7290014426061,false,משחת שיניים הלו קיטי בטעם ענבים לגיל 2-6,גורי ע.ע.ע. בע`מ,IL,משחת שיניים,מיליליטרים,50.00,"100 מ""ל",false,0,11.90,23.80,true,1,
7290014455269,false,צפתית ללא תוספת מלח200ג,מחלבות גד,IL,גבינה צפתית,גרמים,200.00,100 גרם,false,1,15.10,7.55,true,1,
7290014455320,false,גבינה כדורי מוצרלה פרסקה גד 100ג',מחלבות גד שיווק 1992 בעמ,IL,מוצרלה פרסקה,גרמים,100.00,100 גרם,false,1,9.40,9.40,true,1,
7290014455467,false,ירח מתוק מעדן חלב 2% ושיבולת שועל גד 150ג',מחלבות גד שיווק 1992 בעמ,IL,מעדן שיבולת שועל,גרמים,150.00,100 גרם,false,1,5.40,3.60,true,1,
7290014455597,false,גב.שמנת חלב עיזים12% 200,מחלבות גד,IL,גבינת שמנת,גרמים,200.00,100 גרם,false,1,15.50,7.75,true,1,
7290014455603,false,יוגורט עיזים ט.טבעי 125ג,מחלבות גד,IL,יוגורט עיזים,גרמים,125.00,100 גרם,false,1,5.90,4.72,true,1,
7290014455610,false,"יוגורט עיזים תות 125 גרם ""גד""",מחלבות גד שיווק 1992 בעמ,IL,יוגורט עיזים,גרמים,125.00,100 גרם,false,1,5.90,4.72,true,1,
7290014455627,false,יוגורט עיזים עם דובדבן אמרנה 125גר,מחלבות גד שיווק 1992 בעמ,IL,יוגורט עיזים,גרמים,125.00,100 גרם,false,1,5.90,4.72,true,1,
7290014455634,false,יוגורט עיזים +לימון125גר,מחלבות גד,IL,יוגורט עיזים,גרמים,125.00,100 גרם,false,1,5.90,4.72,true,1,
7290014459007,false,צ'יפס קוביות תפוחי א,"תעשיות תפוגן בע""\מ",IL,"קוביות ת""א",גרמים,700.00,100 גרם,false,0,14.80,2.11,true,1,
7290014459137,false,"תפוגן סטייק צ'יפס 1.5 ק""ג אסם",קבוצת אוסם סחר שותפות מוגבלת,IL,סטייק ציפס1.5קג,גרמים,1500.00,100 גרם,false,0,24.90,1.66,true,1,
7290014459267,false,פרוסות צ`יפס תפוגן (1.5 קג),קבוצת אסם סחר שות. מוגבלת,IL,תפוגן פרוסות,קילוגרמים,1.50,"ק""ג",false,10,26.90,17.93,true,1,
7290014459366,false,נאגטס תירס ללא מרכיב מחי,תפוגן,IL,נאגטס תירס,גרמים,600.00,100 גרם,false,9,19.90,3.32,true,1,
7290014459373,false,"צ'יפס קראנצ'י לתנור קפוא תפוגן 1.5ק""ג",קבוצת אוסם סחר שותפות מוגבלת,IL,ציפס קראנצי,יחידה,1.00,יחידה,false,1,26.90,26.90,true,1,
7290014466128,false,"יין הר חרמון אינדיגו 750 מ""ל",מיוצר וממולא על ידי יקב,IL,הר חרמון אינדיגו,מיליליטרים,750.00,"100 מ""ל",false,0,29.90,3.99,true,1,
7290014466265,false,"גמלא פינו נואר 750 מ""ל",יקבי רמת הגולן קצרין,IL,גמלא פינו נואר,מיליליטרים,750.00,"100 מ""ל",false,0,49.90,6.65,true,1,
7290014466463,false,הר חרמון מוסקט יקב רמת הגולן (750 מל),היכל היין שקד גולן בעמ,IL,הר חרמון מוסקטו,מיליליטרים,750.00,"100 מ""ל",false,0,29.90,3.99,true,1,
7290014466609,false,יין גמלא מרלו עברית 2018*,היכל היין שקד גולן בעמ,IL,גמלא מרלו,מיליליטרים,750.00,"100 מ""ל",false,1,59.40,7.92,true,1,
7290014471238,false,קוביות עגבניות 400 גרם,,IL,קוביות עגבניות,גרמים,400.00,100 גרם,false,0,5.90,1.48,true,1,
7290014471412,false,"מוזלי בוטנים אגוזים ושקדים 1 ק""ג - 412 ירוק שקדיה",דין שיווק וקליה 2021 בעמ,IL,מוזלי בוטן אגוז,יחידה,1.00,יחידה,false,0,27.00,27.00,true,1,
7290014471429,false,"מוזלי עם פירות 1 ק""ג - 429 סגול שקדיה",דין שיווק וקליה 2021 בעמ,IL,מוזלי פירות,יחידה,1.00,יחידה,false,0,27.00,27.00,true,1,
7290014471436,false,"מוזלי צימוקים תפוח קינמון וגרעיני חמניה 1 ק""ג כחול שקדיה",דין שיווק וקליה 2021 בעמ,IL,מוזלי צימוק תפוח,יחידה,1.00,יחידה,false,0,27.00,27.00,true,1,
7290014471443,false,"גרנולה צימוקים אגוזים ושקדים1 ק""ג חדש - 443 כתום שקדיה (כתום)",דין שיווק וקליה 2021 בעמ,IL,גרנולה אגוזים,יחידה,1.00,יחידה,false,0,27.00,27.00,true,1,
7290014472419,false,קונפיטורה פטל אדום 450 ג,"דין שיווק וקליה בע""מ",IL,קונפיטורה פטל,גרמים,450.00,100 גרם,false,0,13.80,3.07,true,1,
7290014472426,false,קונפיטורה דובדבן חמוץ 450 ג' שקדיה,דין שיווק וקליה 2021 בעמ,IL,קונפיטורה דובדבן,גרמים,450.00,100 גרם,false,0,13.80,3.07,true,1,
7290014472433,false,קונפיטורה תות שדה 70% פרי 450 גרם,דין שיווק וקליה 2021 בעמ,IL,קונפיטורה תות,גרמים,450.00,100 גרם,false,0,13.80,3.07,true,1,
7290014472440,false,קונפיטורה תפוז 70% פרי 450 גרם,דין שיווק וקליה 2021 בעמ,IL,קונפיטורה תפוז,גרמים,450.00,100 גרם,false,0,13.80,3.07,true,1,
7290014472464,false,קונפיטורה משמש 70% פרי 450 גרם,דין שיווק וקליה 2021 בעמ,IL,קונפיטורה משמש,גרמים,450.00,100 גרם,false,0,13.80,3.07,true,1,
7290014499461,false,קערה מקופלת קטן שקוף יחי,.,IL,קערה מקופלת קטן,יחידה,1.00,יחידה,false,1,3.90,3.90,true,1,
7290014499980,false,כוס נייר דאבל בועות לבן,WWP,IL,כוס נייר,יחידה,1.00,יחידה,false,1,9.90,9.90,true,1,
7290014500570,false,כוס נייר דאבל בועות קרם,WWP,IL,כוס נייר,יחידה,1.00,יחידה,false,1,9.90,9.90,true,1,
7290014500693,false,כפית מצדה 20 יחי',WWP,IL,כפית מצדה,יחידה,1.00,יחידה,false,1,4.90,4.90,true,1,
7290014525092,false,עוג.ספריטס ללא סוכר200ג,מרבה,DE,עוגיות ללא סוכר,גרמים,200.00,100 גרם,false,0,17.40,8.70,true,1,
7290014525290,false,חטיפי סלים דליס קריספי תות מרבה 125 גרם,סלים דליס Slim Delis,NL,סלים דליס חטיפים,גרמים,125.00,100 גרם,false,1,10.00,8.00,true,1,
7290014525313,false,חטיפי סלים דליס קריספי שוקולד מרבה 125 גרם,סלים דליס Slim Delis,NL,סלים דליס חטיפים,גרמים,125.00,100 גרם,false,1,10.00,8.00,true,1,
7290014525368,false,וופל קראנץ מרבה פיורלה60,באלבן גידה סנאי וטיקרט,TR,וופל פיורלה,גרמים,60.00,100 גרם,false,1,5.00,8.33,true,1,
7290014525481,false,עוגיות חיטה מלאה 302 גרם,מרבה,NL,עוגיות חיטה מלאה,גרמים,302.00,100 גרם,false,1,7.90,2.62,true,1,
7290014547339,false,סנסודין מברשת שיניים שיקום והגנה,גלקסוסמיתקליין,IL,מברשת סנסודיין,יחידה,1.00,יחידה,false,1,19.90,19.90,true,1,
7290014603554,false,קרמיסימו סנדיי וניל תות,שטראוס,IL,קרמיסימו סנדיי,ליטרים,1.33,ליטר,false,0,19.90,14.96,true,1,
7290014603639,false,ברנפלקס ללא גלוטן 375 גר,מולינו - איטליה,IL,ברנפלקס,גרמים,375.00,100 גרם,false,0,22.90,6.11,true,1,
7290014603653,false,כריות נוגט ללא גלוטן375ג,יוניליוור,IL,כריות נוגט,גרמים,375.00,100 גרם,false,0,20.90,5.57,true,1,
7290014603783,false,קרמבו שטראוס מוקה 20,.,IL,קרמבו מוקה,גרמים,584.00,100 גרם,false,0,28.90,4.95,true,1,
7290014603813,false,שטראוס קרמסימו מסטיגם 1.33 ליטר,גלידות שטראוס בעמ,IL,גלידת קרמיסימו,ליטרים,1.33,ליטר,false,0,19.90,14.96,true,1,
7290014628403,false,קרקר זעתר ובצל 150 ג RAW,שורשי ציון,IL,קרקר זעתר ובצל,גרמים,150.00,100 גרם,false,1,29.90,19.93,true,1,
7290014628410,false,קרקר ירקות גינה 150 ג RAW,שורשי ציון,IL,קרקר ירוקות גינה,גרמים,150.00,100 גרם,false,1,29.90,19.93,true,1,
7290014628427,false,קרקר ירוק 150 גרם,שורשי ציון,IL,קרקר ירוק,גרמים,150.00,100 גרם,false,1,29.90,19.93,true,1,
7290014683419,false,עוגת יום הולדת שוקולד יח,גידרון,IL,עוגת שוקולד,יחידה,1.00,יחידה,false,0,64.90,64.90,true,1,
7290014683648,false,פס עוגת שוקולד 500 גרם,גידרון,IL,פס עוגת שוקולד,גרמים,500.00,100 גרם,false,0,26.90,5.38,true,1,
7290014683655,false,פס עוגת תפוחי עץ 475 גרם,.,IL,פס עוגת תפוחי עץ,גרמים,475.00,100 גרם,false,0,26.90,5.66,true,1,
7290014692541,false,פתיתים מגורדת וילי פוד (500 גרם)GOLDEN,ג.וילי-פוד אינטרנשיונל **גבינו,LE,אדם מגורדת EMMA,גרמים,500.00,100 גרם,false,0,15.90,3.18,true,1,
7290014692565,false,גרעיני תירס מתוק וילי פוד (320 גרם),ג.וילי-פוד אינטרנשיונל בעמ,IL,גרעיני תירס מתוק,גרמים,320.00,100 גרם,false,0,4.00,1.25,true,1,
7290014692817,false,גבינת מוצרלה מגורדתEURO CHEESE ויליפוד 200 גרם,ג.וילי-פוד אינטרנשיונל **גבינו,,מוצרלה מגורדת,גרמים,200.00,100 גרם,false,0,14.80,7.40,true,1,
7290014725294,false,סוכרזית סוכרלוז סטיוויה 100 שקית,"שטראוס גרופ בע""מ",IL,סוכרזית סוכרלוז,גרמים,100.00,100 גרם,false,0,18.90,18.90,true,1,
7290014745650,false,חטיפי קבנוס עוף טוב130ג,עוף טוב,IL,חטיפי קבנוס,גרמים,130.00,100 גרם,false,0,11.80,9.08,true,1,
7290014745919,false,ע. ט. שניצל עוף דק700גרם,עוף טוב,IL,עוף ט. שניצל עוף,גרמים,700.00,100 גרם,false,0,38.90,5.56,true,1,
7290014746466,false,שניצל דק מופחת מלח ע.ט.,אסם,IL,שניצל דק מופח מל,גרמים,700.00,100 גרם,false,1,39.60,5.66,true,1,
7290014746480,false,אצבעות שניצל שומשום מופח,מוצרי עוף טוב (2001) בע\,IL,אצבעות שניצל שומ,גרמים,700.00,100 גרם,false,1,32.90,4.70,true,1,
7290014746565,false,שניצל ביתי עדין מופחת מל,מוצרי עוף טוב (2001) בע\,IL,שניצל מעודן,גרמים,700.00,100 גרם,false,1,44.50,6.36,true,1,
7290014747753,false,פסטרמה רומנית דלי 240גרם,מוצרי עוף טוב (2001) בע\,IL,פסטרמה דלי,גרמים,240.00,100 גרם,false,1,23.90,9.96,true,1,
7290014747777,false,פסטרמה פולנית דלי 240גרם,מוצרי עוף טוב (2001) בע\,IL,פסטרמה דלי,גרמים,240.00,100 גרם,false,8,23.90,9.96,true,1,
7290014748101,false,סלמי איטליאנו דלי 240 גר,עוף טוב,IL,סלמי דלי,גרמים,240.00,100 גרם,false,1,23.90,9.96,true,1,
7290014748132,false,קורנביף ניורקי דלי 180 ג,מוצרי עוף טוב (2001) בע\,IL,קורנביף ניורקי,גרמים,180.00,100 גרם,false,1,23.90,13.28,true,1,
7290014758100,false,מאגדת יוגורט ביו 3% שומן 8 יח' *150ג' תנובה,מיוצר עי קונדיטוריית,IL,יוגורט ביו 8 יח,קילוגרמים,1.20,"ק""ג",false,0,16.00,13.33,true,1,
7290014758117,false,מאגדת יוגורט ביו 1.5% שומן 8 יח' *150 ג' תנובה,מיוצר עי קונדיטוריית,IL,יוגורט ביו 8 יח,קילוגרמים,1.20,"ק""ג",false,0,16.00,13.33,true,1,
7290014758162,false,חלב עיזים מלא 3.6% שומן תנובה (1 ליטר),תנובה מרכז שיתופי לש,IL,חלב עיזים מלא 1ל,ליטרים,1.00,ליטר,false,0,14.80,14.80,true,1,
7290014758681,false,גבינת קוטג`1% בגביע תנובה (250 גרם),מיוצר עי קונדיטוריית,IL,קוטג 1% שומן,גרמים,250.00,100 גרם,false,0,5.50,2.20,true,1,
7290014759084,false,גבינת שמנת נפוליאון 16% מופחת שומן תנובה 225 גרם,תנובה מרכז שיתופי לש,IL,גבינת נפוליאון,גרמים,225.00,100 גרם,false,0,13.60,6.04,true,1,
7290014759534,false,גבינה בולגרית למריחה טבעי 5% 200 ג' פיראוס,"תנובה, מחלבת תל יוסף",IL,בולגרית למריחה5%,גרמים,200.00,100 גרם,false,0,14.20,7.10,true,1,
7290014759541,false,בולגרית למריחה+5%פלפל200,תנובה,IL,בולגרית למריחה5%,גרמים,200.00,100 גרם,false,0,14.20,7.10,true,1,
7290014759909,false,פטה עיזים 5% 250 גר`גביע פיראוס תנובה,"תנובה, מחלבת טנא נוג",IL,פטה עיזים פיראוס,גרמים,250.00,100 גרם,false,0,27.50,11.00,true,1,
7290014759978,false,קצ`קאבל פלח גלעד 200 גר`קולקשיין תנובה,תנובה בעמ ***,IL,קולאז' קצ'קבל,גרמים,200.00,100 גרם,false,0,25.70,12.85,true,1,
7290014759985,false,פרמזן פלח גבע 23% 200 גר`קולקשיין תנובה,תנובה - חלב,IL,קולאז' פרמזן,גרמים,200.00,100 גרם,false,0,24.70,12.35,true,1,
7290014759992,false,פלח רוקפור גליל 26% 140 גר`קולקשיין תנו,"תנובה, מחלבת תל יוסף",IL,קולאז' רוקפור,גרמים,140.00,100 גרם,false,0,17.90,12.79,true,1,
7290014760141,false,משקה שקדים טרי תנובה (1 ליטר),"תנובה בע""מ ***",IL,משקה שקדים,ליטרים,1.00,ליטר,false,1,12.90,12.90,true,1,
7290014760448,false,גבינה צהובה גלבוע 400 גרם 22% שומן תנובה,מחלבת בית יצחק,IL,גבינת גלבוע,גרמים,400.00,100 גרם,false,1,23.30,5.83,true,1,
7290014760912,false,גבינה צהובה 28% מהדרין גוש חלב (400 גרם),תנובה מרכז שיתופי לש,IL,גבינה גוש חלב,גרמים,400.00,100 גרם,false,1,25.40,6.35,true,1,
7290014761056,false,מעדן שוקולד חלב יולו תנובה 123 גרם,מיוצר עי קונדיטוריית,IL,יולו שוקולד חלב,גרמים,123.00,100 גרם,false,0,4.30,3.50,true,1,
7290014761063,false,מעדן שוקולד מריר יולו תנובה 123 גרם,מיוצר עי קונדיטוריית,IL,יולו שוקולד מריר,גרמים,123.00,100 גרם,false,0,4.30,3.50,true,1,
7290014761070,false,מעדן שוקולד לבן יולו תנובה 123 גרם,מיוצר עי קונדיטוריית,IL,יולו שוקולד לבן,גרמים,123.00,100 גרם,false,0,4.30,3.50,true,1,
7290014761193,false,יוגורט עם פירות יער 1.5% שומן 125 ג' פרילי,תנובה מרכז שיתופי לש,IL,פרילי פירות יער,גרמים,125.00,100 גרם,false,0,3.50,2.80,true,1,
7290014761414,false,יולו מעדן שכבות שוקולד חלב ולבן 123 גר,מיוצר עי קונדיטוריית,IL,יולו שכבות שוקו.,גרמים,123.00,100 גרם,false,0,4.30,3.50,true,1,
7290014761605,false,ג'לי טעם קרטיב לימון125ג,תנובה,IL,ג'לי בטעם לימון,גרמים,125.00,100 גרם,false,1,2.30,1.84,true,1,
7290014761612,false,מעדן שכבות שוקולד מריר ולבן יולו 122 גרם,מיוצר עי קונדיטוריית,IL,יולו שכבות שוקו.,גרמים,122.00,100 גרם,false,1,4.30,3.52,true,1,
7290014761766,false,משקה פרילי תות 250 גרם,תנובה,IL,משקה פרילי תות,גרמים,250.00,100 גרם,false,1,4.50,1.80,true,1,
7290014761773,false,משקה פרילי אפרסק 250 גרם,תנובה,IL,משקה פרילי אפרסק,גרמים,250.00,100 גרם,false,1,4.50,1.80,true,1,
7290014761858,false,"שטוזים וניל מוקצף 125מ""ל",תנובה 8+2 הזול מבניה,IL,שטוזים מוקצף,מיליליטרים,125.00,"100 מ""ל",false,1,2.70,2.16,true,1,
7290014761865,false,"שטוזים תות מוקצף 125מ""ל",תנובה,IL,שטוזים מטקצף,מיליליטרים,125.00,"100 מ""ל",false,1,2.70,2.16,true,1,
7290014762039,false,יולו מוס+שוקולד חלב 78גר,תנובה,IL,יולו מוס שוקולד,גרמים,78.00,100 גרם,false,1,4.30,5.51,true,1,
7290014762282,false,יופלה 0% עם אוכמניות150ג,מיוצר עי קונדיטוריית,IL,יופלה דיאט,גרמים,150.00,100 גרם,false,1,5.00,3.33,true,1,
7290014762756,false,גבינת שמנת נפוליאון 16% עם בצל תנובה 225 גרם,תנובה - חלב,IL,גבינת נפוליאון,גרמים,225.00,100 גרם,false,1,13.60,6.04,true,1,
7290014762770,false,מעדן סויה טעם אפרסק125גר,תנובה חלב,IL,מעדן סויה,גרמים,125.00,100 גרם,false,1,4.20,3.36,true,1,
7290014762787,false,מעדן סויה בטעם תות 125גר,תנובה - חלב,IL,מעדן סויה ט.תות,גרמים,125.00,100 גרם,false,1,4.20,3.36,true,1,
7290014762794,false,מעדן סויה מתיק.מעודנת125,תנובה חלב,IL,מעדן סויה,גרמים,125.00,100 גרם,false,1,4.20,3.36,true,1,
7290014762800,false,מעדן סויה שוקולד גביע 125 גרם אלטרנטיב,תנובה מרכז שיתופי לש,IL,מעדן סויה ט.שוקו,גרמים,125.00,100 גרם,false,1,4.20,3.36,true,1,
7290014762831,false,גבינת שמנת נפוליאון 16% עם פלפל חלפיניו תנובה 225 גרם,תנובה מרכז שיתופי לש,IL,גבינת נפוליאון,גרמים,225.00,100 גרם,false,1,13.60,6.04,true,1,
7290014763098,false,קרם גבינת שמנת 5% עם פלפל שום ובצל 200 ג' תנובה,תנובה - חלב,IL,גבינת קרם שמנת,גרמים,200.00,100 גרם,false,1,10.80,5.40,true,1,
7290014763272,false,יוגורט סויה BIO לשתיה תות ובננה אלטרנטיב,תות תעשיות מזון (201,IL,משקה סויה ביו,מיליליטרים,250.00,"100 מ""ל",false,1,5.90,2.36,true,1,
7290014763289,false,משקה סויה +BIOתפוח ופטל,סוי מג'יק,IL,משקה סויה BIO,מיליליטרים,250.00,"100 מ""ל",false,1,5.90,2.36,true,1,
7290014763319,false,גב.שמנת עירית+בצל5% 200ג,תנובה,IL,גבינת קרם שמנת,גרמים,200.00,100 גרם,false,1,10.80,5.40,true,1,
7290014763401,false,משקה סויה BIO עם אפרסק 2,סוי מג'יק,IL,משקה סויה BIO,מיליליטרים,250.00,"100 מ""ל",false,1,5.90,2.36,true,1,
7290014763494,false,חלב משק 3.5%-3.8% 1 ליטר,תנובה,IL,חלב משק,ליטרים,1.00,ליטר,false,1,5.90,5.90,true,1,
7290014763531,false,יופלה+מנגו בתחתית0% 150ג,תנובה,IL,יופלה דיאט,גרמים,150.00,100 גרם,false,1,5.00,3.33,true,1,
7290014763586,false,ממ.סויה סגנ.גב.טוסקנה250,תנובה,IL,ממרח סויה,גרמים,250.00,100 גרם,false,1,10.90,4.36,true,1,
7290014763678,false,משקה חלבוןGO טעם וניל250,פארייפאבה אגרואינדוס,IL,משקה חלבון GO,מיליליטרים,250.00,"100 מ""ל",false,1,5.90,2.36,true,1,
7290014763739,false,חלב דל לקטוז2% קרטון1.5ל,תנובה,IL,חלב דל לקטוז,ליטרים,1.50,ליטר,false,1,10.50,7.00,true,1,
7290014789814,false,רוטב ברביקיו אורגינל538ג,היינץ,US,רוטב ברביקיו,גרמים,538.00,100 גרם,false,0,18.10,3.36,true,1,
7290014789913,false,עוגיות אוראו קרם בטעם וניל מארז 176 גרם,דיפלומט מפיצים (1968) בעמ**,ES,עוגיות אוראו 3יח,גרמים,528.00,100 גרם,false,0,19.90,3.77,true,1,
7290014791077,false,ספרינג תה ענבים 1.5 ליטר,יפאורה שותפות מובגלת לשיווק,IL,ספרינג תה ענבים,ליטרים,1.50,ליטר,false,0,5.90,3.93,true,1,
7290014791138,false,ספרינג קולקשן דובדבן1.25,יפאורה שותפות מובגלת לשיווק,IL,ספרינג דובדבנים,ליטרים,1.25,ליטר,false,0,9.90,7.92,true,1,
7290014791213,false,שוופס מים 0קלור.תפוח1.5ל,יפאורה שותפות מובגלת לשיווק,IL,שוופס מים תפוח,ליטרים,1.50,ליטר,false,0,5.90,3.93,true,1,
7290014791558,false,שוופס סודה נענע לי1.5*4ל,יפאורה שותפות מובגלת לשיווק,IL,שוופס סודה 4 יח,ליטרים,6.00,ליטר,false,0,10.90,1.82,true,1,
7290014791565,false,שוופס מוגז ענבים 1.5ליטר,יפאורה שותפות מובגלת לשיווק,IL,שוופס ענבים,ליטרים,1.50,ליטר,false,1,6.60,4.40,true,1,
7290014791589,false,מיץ לימונענע 1.5 ל' תפוזינה,יפאורה שותפות מובגלת לשיווק,IL,תפוזינה לימונדה,ליטרים,1.50,ליטר,false,0,5.90,3.93,true,1,
7290014791619,false,שוופס סודה נענע ליים1.5ל,יפאורה שותפות מובגלת לשיווק,IL,שוופס סודה,ליטרים,1.50,ליטר,false,0,3.30,2.20,true,1,
7290014791725,false,"שוופס מוגז פירות תפוחים 500 מ""ל",יפאורה - שותפות מוגבלת לשיווק,IL,שוופס מוגז תפוח,מיליליטרים,500.00,"100 מ""ל",false,1,4.80,0.96,true,1,
7290014791770,false,פרוט ווטר ענבים 1.5 ליטר,יפאורה שותפות מובגלת לשיווק,IL,פרוט ווטר ענבים,ליטרים,1.50,ליטר,false,1,6.90,4.60,true,1,
7290014791787,false,פרוט ווטר אננס 1.5 ליטר,יפאורה שותפות מובגלת לשיווק,IL,פרוט ווטר אננס,ליטרים,1.50,ליטר,false,1,6.90,4.60,true,1,
7290014791800,false,פרוט ווטר אפרסק 1.5 ליטר,יפאורה שותפות מובגלת לשיווק,IL,פרוט ווטר אפרסק,ליטרים,1.50,ליטר,false,1,6.90,4.60,true,1,
7290014791817,false,פרוט ווטר אבטיח 1.5 ליטר,יפאורה שותפות מובגלת לשיווק,IL,פרוט ווטר אבטיח,ליטרים,1.50,ליטר,false,1,6.90,4.60,true,1,
7290014791824,false,פרוט ווטר תות 1.5 ליטר,יפאורה שותפות מובגלת לשיווק,IL,פרוט ווטר תות,ליטרים,1.50,ליטר,false,1,6.90,4.60,true,1,
7290014855434,false,מגבונים בייביסיטר פרפורמנס מבושם רביעיה,בייביסיטר Babysitter,IL,מגבונים לחים 4יח,יחידה,1.00,יחידה,false,1,16.90,16.90,true,1,
7290014855458,false,מגבוני בייביסיטר פרפורמנס ללא בישום מארז 72X4יח',בייביסיטר Babysitter,IL,מגבונים לחים 4יח,יחידה,1.00,יחידה,false,1,16.90,16.90,true,1,
7290014855502,false,40 בייביסיטר פרפורמנס 5,די.פי.אל,IL,חיתולי בייביסיטר,יחידה,1.00,יחידה,false,1,38.90,38.90,true,1,
7290014860094,false,"מקלוני אורז ללא גלוטן 3מ""מ 454גר' (אור)",מזרח ומערב יבוא ושיווק,TH,מקלוני אורז,גרמים,454.00,100 גרם,false,0,9.40,2.07,true,1,
7290014875074,false,שווארמה מן הצומח טיבעול,טבעול,IL,שווארמה מן הצומח,גרמים,400.00,100 גרם,false,0,21.90,5.48,true,1,
7290014875289,false,שניצל תרד לייט טבעול 630,אסם,IL,שניצל תרד לייט,גרמים,630.00,100 גרם,false,6,32.90,5.22,true,1,
7290014890060,false,גבינת שמנת זיתים30% 400ג,משק יעקבס,IL,גבינת שמנת זיתים,גרמים,400.00,100 גרם,false,1,17.70,4.43,true,1,
7290014890077,false,ריקוטה סג.איטלקי5% 400ג,משק יעקבס,IL,גבינת ריקוטה,גרמים,400.00,100 גרם,false,1,17.70,4.43,true,1,
7290014890145,false,גבינת שמנת טבעי 225 גרם יעקובס,גבינות משק יעקבס,IL,גבינת שמנת,גרמים,225.00,100 גרם,false,1,10.90,4.84,true,1,
7290014890152,false,גבינת שמנת זיתים 225 גרם יעקובס,גבינות משק יעקבס,IL,גבינת שמנת,גרמים,225.00,100 גרם,false,1,10.90,4.84,true,1,
7290014890169,false,גבינת שמנת שום שמיר 225 גרם יעקובס,גבינות משק יעקבס,IL,גבינת שמנת,גרמים,225.00,100 גרם,false,1,10.90,4.84,true,1,
7290014901247,false,"שמפו קרטין לאחר החלקה ועיצוב בחום סטייל 750 מ""ל",א.ל. ארמן ייצור תמרו,IL,שמפו קרטין,מיליליטרים,750.00,"100 מ""ל",false,0,19.90,2.65,true,1,
7290014901254,false,"מרכך קרטין לאחר החלקה ועיצוב בחום סטייל 750 מ""ל",א.ל ארמן ייצור תמרוק,IL,מרכך קרטין,מיליליטרים,750.00,"100 מ""ל",false,0,19.90,2.65,true,1,
7290014901261,false,"מסכה קרטין לאחר החלקה ועיצוב בחום סטייל 500 מ""ל",א.ל ארמן ייצור תמרוק,IL,מסכת קרטין,מיליליטרים,500.00,"100 מ""ל",false,0,22.90,4.58,true,1,
7290014901315,false,סנסודיין משחה הגנה מלאה אקסטרה פרש 75 מל,"סמית קליין ביצ'ם בע""",IL,משחת סנסודיין,מיליליטרים,75.00,"100 מ""ל",false,0,19.90,26.53,true,1,
7290014901605,false,אקווה פרש מברשת שיניים ג'ניור,גלקסוסמיתקליין,IL,מברשת אקווה פרש,יחידה,1.00,יחידה,false,0,10.00,10.00,true,1,
7290014901896,false,"מי פה סנסודיין מנטה מרענן 500 מ""ל",גלקסוסמיתקליין,DE,סנסודיין מי פה,מיליליטרים,500.00,"100 מ""ל",false,1,34.90,6.98,true,1,
7290014901988,false,משחת סנסודיין פרונמל75מל,גלקסוסמיתקליין,SI,משחת סנסודיין,מיליליטרים,75.00,"100 מ""ל",false,1,19.90,26.53,true,1,
7290014901995,false,משחה אקווה פרש קומפלט100,ג.' אס.קיו,GB,משחה אקווה פרש,מיליליטרים,100.00,"100 מ""ל",false,1,12.90,12.90,true,1,
7290014931008,false,פטרוזיליה עם השורש יחידה,ביכורי השדה צפון 1994 ג.ד. בעמ,IL,פטרוזיליה עםשורש,יחידה,1.00,יחידה,false,1,7.50,7.50,true,1,
7290014931015,false,כוסברה עם השורש יחידה,ל. פלמינגו ישראל בעמ,IL,כוסברה עם שורש,יחידה,1.00,יחידה,false,1,7.50,7.50,true,1,
7290014931053,false,בזיליקום עם השורש יחידה,גדי מרדכי-מושב שלוש,IL,בזיליקום עם שורש,יחידה,1.00,יחידה,false,1,7.50,7.50,true,1,
7290014931077,false,עירית עם השורש יחידה,תעשיות תמרוקים שיק 1,IL,עירית עם שורש,יחידה,1.00,יחידה,false,1,7.50,7.50,true,1,
7290014931091,false,קורנית -טימין עם השורש י,גדי מרדכי-מושב שלוש,IL,קורנית-טימין,יחידה,1.00,יחידה,false,1,7.50,7.50,true,1,
7290014931107,false,נענע עם השורש יחידה,גדי מרדכי-מושב שלוש,IL,נענע עם השורש,יחידה,1.00,יחידה,false,1,7.50,7.50,true,1,
7290014931190,false,פאק - צוי יחידה,גדי מרדכי-מושב שלוש,IL,פאק-צ'וי,יחידה,1.00,יחידה,false,1,11.90,11.90,true,1,
7290014940901,false,לחם פשוט מלא לילדים פרוס אנג`ל (750 גרם),מאפיית שלמה א. אנג'\ל בע,IL,לחם מלא,גרמים,750.00,100 גרם,false,1,14.50,1.93,true,1,
7290014949652,false,מעדן פרי תות ל.ת.סוכר250,"מעבדות מטרנה בע""מ",IL,מעדן תות,גרמים,250.00,100 גרם,false,0,14.80,5.92,true,1,
7290014974517,false,"אפיפיות שוקולד לל""ג150ג",גילרו,IL,אפיפיות שוקולד,גרמים,150.00,100 גרם,false,1,6.90,4.60,true,1,
7290015009294,false,גבינת פרמיזאנו רזאנו170ג,ביג גראנה,IT,גבינת פרמיזאנו,גרמים,170.00,100 גרם,false,1,32.90,19.35,true,1,
7290015025409,false,חטיף דגנים שוק.מריר20*6ג,אפקטבעי,IL,חטיפי דגנים,גרמים,120.00,100 גרם,false,1,15.80,13.17,true,1,
7290015025942,false,"קרם ידיים קלאסי עם שמן שקדים פנג'ל 80 מ""ל",מיוצר עי קונדיטוריית,IL,קרם ידיים פנג'ל,מיליליטרים,80.00,"100 מ""ל",false,1,6.90,8.63,true,1,
7290015037273,false,פטרוזיליה אוצר הארץ - מהדרין,יעל ירק עלים לשיווק בעמ,IL,פטרוזיליה א.הארץ,יחידה,1.00,יחידה,false,0,5.90,5.90,true,1,
7290015037280,false,כוסברה אוצר הארץ - מהדרין,יעל ירק עלים לשיווק בעמ,IL,כוסברה א.הארץ,יחידה,1.00,יחידה,false,0,5.90,5.90,true,1,
7290015037297,false,שמיר אוצר הארץ - מהדרין,יעל ירק עלים לשיווק בעמ,IL,שמיר אוצר הארץ,יחידה,1.00,יחידה,false,0,5.90,5.90,true,1,
7290015037419,false,סלרי אמריקאי אוצר הארץ,"בכורי השדה צפון1994 ג.ד. בע""מ",IL,סלרי אוצר הארץ,יחידה,1.00,יחידה,false,0,7.90,7.90,true,1,
7290015037433,false,חסה ערבית אוצר הארץ יחיד,"בכורי השדה צפון1994 ג.ד. בע""מ",IL,חסה ערבית א.הארץ,יחידה,1.00,יחידה,false,0,6.90,6.90,true,1,
7290015039116,false,ערמונים אורגני קלופים105,ויליפוד,IL,ערמונים אורגניים,גרמים,105.00,100 גרם,false,0,8.90,8.48,true,1,
7290015039246,false,נתחי טונה בשמן צמחי רביעיה * 160 ג' וילי פוד,ג.וילי פוד אינטרנשיונל בעמ,TH,נתחי טונה בשמן,גרמים,640.00,100 גרם,false,0,19.90,3.11,true,1,
7290015039253,false,עלי גפן במי מלח ויליפוד 620 גרם,ג. וילי-פוד אינטרנשיונל בע`מ,TR,עלי גפן,גרמים,620.00,100 גרם,false,0,9.50,1.53,true,1,
7290015039338,false,נתחי טונה במי מלח רביעיה * 160 ג' וילי פוד,ג.וילי-פוד אינטרנשיונל בעמ,TH,נתחי טונה במים,גרמים,640.00,100 גרם,false,0,19.90,3.11,true,1,
7290015129121,false,אטריות גל קונג`אק נודלס ללא גלוטן סקיני,הוויזאי וואנגייה פוד,CN,אטריות קונגאק,גרמים,270.00,100 גרם,false,0,13.50,5.00,true,1,
7290015129145,false,אטריות קונג'אק בתוספת טפיוקה בצורת ספגטי,הוויזאי וואנגייה פוד,CN,אטריות קונגאק,גרמים,270.00,100 גרם,false,0,13.50,5.00,true,1,
7290015129251,false,איטריות גל קונג`אק בצורת פסטה פטוצ`יני ס,אף.סי תבליני בגליל ב,CN,פסטה קונגאק,גרמים,270.00,100 גרם,false,1,13.50,5.00,true,1,
7290015138796,false,"יין אדום יבש 750 מ""ל",יקבי ירושלים,IL,יין אדום יבש,מיליליטרים,750.00,"100 מ""ל",false,1,24.90,3.32,true,1,
7290015138802,false,יין אדום יבש מרסלאן750מ,יקבי ירושלים,IL,יין אדום יבש,מיליליטרים,750.00,"100 מ""ל",false,1,34.90,4.65,true,1,
7290015139229,false,כרמית מטבעות שוקולד חלב זהב סגול 42 גרם,כרמית,IL,מטבעות שוקולד,גרמים,42.00,100 גרם,false,1,5.00,11.90,true,1,
7290015139250,false,"שוקולד מריר פצפוצי אורז כרמית 85 גרם לל""ס",כרמית תעשיות ממתקים בעמ,IL,שוקולד מריר,גרמים,85.00,100 גרם,false,1,6.80,8.00,true,1,
7290015139267,false,שוקולד מריר עם שקדים ללא תוספת סוכר וסטהיים,"כרמית תעשיות ממתקים בע""\",IL,שוקולד מריר,גרמים,85.00,100 גרם,false,1,6.80,8.00,true,1,
7290015139526,false,חופשי ופל בציפוי ומילוי שוקו ללא גלוטן כרמית 125 גרם,כרמית תעשיות ממתקים בעמ,IL,וופל ציפוי שוקול,גרמים,125.00,100 גרם,false,1,9.90,7.92,true,1,
7290015139557,false,חופשי ופל שוקו ללא גלוטן כרמית 200 גרם,כרמית תעשיות ממתקים בעמ,IL,וופל שוקולד,גרמים,200.00,100 גרם,false,1,9.90,4.95,true,1,
7290015139571,false,חופשי ופל בארים בציפוי שוקולד 25 גר,"כרמית תעשיות ממתקים בע""\",IL,ופלים מצופים 5יח,גרמים,125.00,100 גרם,false,1,10.90,8.72,true,1,
7290015139588,false,ופלים בשוקולד מריר 25*5ג,כרמית,IL,ופלים מצופים 5יח,גרמים,125.00,100 גרם,false,1,10.90,8.72,true,1,
7290015150361,false,תה ירוק נענע בתוספת סטיביה ויסוצקי (25),תה ויסוצקי (ישראל) בעמ,IL,תה ירוק נענע,גרמים,37.00,100 גרם,false,1,25.90,70.00,true,1,
7290015150583,false,תה ירוק בתוספת לימון ודבש ויסוצקי (25),תה ויסוצקי (ישראל) בעמ,IL,תה ירוק ויסוצקי,גרמים,37.00,100 גרם,false,1,25.90,70.00,true,1,
7290015150590,false,תה ירוק ג'ינג'ר חריף ויסוצקי 25 יחידות,תה ויסוצקי (ישראל) בעמ,IL,תה ירוק ויסוצקי,גרמים,37.00,100 גרם,false,1,25.90,70.00,true,1,
7290015150729,false,תה ירוק סקיני גריני ויסוצקי 25 יחידות,תה ויסוצקי (ישראל) בעמ,IL,תה ירוק ויסוצקי,גרמים,37.00,100 גרם,false,1,25.90,70.00,true,1,
7290015150903,false,תה ירוק גן קסום קינמון ודבש 25 שק*1.5 גר,תה ויסוצקי (ישראל) בעמ,IL,תה ירוק ויסוצקי,גרמים,37.00,100 גרם,false,1,25.90,70.00,true,1,
7290015150941,false,חליט.נענע ג'ינגר לימון20,ויסוצקי,IL,חליטת נענע,גרמים,48.00,100 גרם,false,1,16.90,35.21,true,1,
7290015150965,false,תה שחור נענע מסאלה 20 שק,ויסוצקי,IL,תה שחור נענע,גרמים,48.00,100 גרם,false,1,16.90,35.21,true,1,
7290015155823,false,מחית תפוחי עץ חטיפטף ללא תוספת סוכר,גורי מוצרי צריכה (1991) בעמ,CZ,חטיפטף פרינוק,גרמים,120.00,100 גרם,false,1,4.90,4.08,true,1,
7290015155847,false,מחית סלט פירות חטיפטף ללא תוספת סוכר,גורי מוצרי צריכה (1991) בעמ,CZ,חטיפטף פרינוק,גרמים,120.00,100 גרם,false,1,4.90,4.08,true,1,
7290015155908,false,חטיפטף חטיף ירקות 28 גרם,נאמצואו,TH,חטיפטף חטיף אורז,גרמים,28.00,100 גרם,false,1,7.90,28.21,true,1,
7290015161374,false,קרקר פריך 7דגנים אורג100,אקסטרודו בשיצה,CZ,קרקר פריך,גרמים,100.00,100 גרם,false,1,11.90,11.90,true,1,
7290015193016,false,"רוטב טריאקי 340 מ""ל","לינג סאוג האנג בע""מ",TH,רוטב טריאקי,מיליליטרים,340.00,"100 מ""ל",false,0,9.90,2.91,true,1,
7290015193320,false,מחית צ'ילי לתיבול 70 גרם,ג'ידיאם מונומנט רואד,GB,מחית צ'ילי לתיבו,גרמים,70.00,100 גרם,false,1,9.90,14.14,true,1,
7290015193368,false,מחית שום לתיבול 75 גרם,ג'ידיאם מונומנט רואד,GB,מחית שום לתיבול,גרמים,75.00,100 גרם,false,1,9.90,13.20,true,1,
7290015193481,false,תירס גמדי 410 גרם,.,TH,תירס גמדי,גרמים,410.00,100 גרם,false,1,5.50,1.34,true,1,
7290015257183,false,מפת שולחן דמוי ב,,IL,מפת שולחן דמוי ב,יחידה,1.00,יחידה,false,0,9.90,9.90,true,1,
7290015257190,false,כוסות PARTY,,IL,כוסות PARTY,יחידה,1.00,יחידה,false,0,9.90,9.90,true,1,
7290015257909,false,מפיות תלת שכבתי מודפס,.,CN,מפיות תלת שכבתי,יחידה,1.00,יחידה,false,1,7.90,7.90,true,1,
7290015284011,false,מרכך לכל סוגי השיער ירקות ירוקים ECOLOVE,אורגניק זון,IL,מרכך י.ירוקים,מיליליטרים,500.00,"100 מ""ל",false,0,29.90,5.98,true,1,
7290015284028,false,סבון גוף ירקות ירוקים 500 מל ECOLOVE,אורגניק זון,IL,סבון גוף אקולוב,מיליליטרים,500.00,"100 מ""ל",false,0,29.90,5.98,true,1,
7290015284042,false,שמפו לשיער רגיל/שמן ירקות אדומים ECOLOVE,אורגניק זון,IL,שמפו י.אדומים,מיליליטרים,500.00,"100 מ""ל",false,0,29.90,5.98,true,1,
7290015284080,false,שמפו לשיער רגיל/יבש ירקות כתומים ECOLOVE,אורגניק זון,IL,שמפו י.כתומים,מיליליטרים,500.00,"100 מ""ל",false,0,29.90,5.98,true,1,
7290015284103,false,סבון גוף ירקות כתומים 500 מל ECOLOVE,אורגניק זון,IL,סבון גוף ecolove,מיליליטרים,500.00,"100 מ""ל",false,0,29.90,5.98,true,1,
7290015293631,false,מסיכה לשיער מתולתל יסמין ופרחי מגנוליה,"פישר תעשיות פרמבצטיות בע""מ",IL,מסכה לשיער,מיליליטרים,450.00,"100 מ""ל",false,0,34.20,7.60,true,1,
7290015324007,false,פלפל שחור גרוס 80 גר' טעם וריח,"תבליני טעם וריח בע""מ",IL,פלפל שחור גרוס,גרמים,80.00,100 גרם,false,0,13.20,16.50,true,1,
7290015324014,false,"פלפל שחור טחון בשקית 80 גרם ""טעם וריח""","תבליני טעם וריח בע""מ",IL,פלפל שחור טחון,גרמים,80.00,100 גרם,false,0,13.20,16.50,true,1,
7290015324038,false,פפריקה מתוקה בשמן 100 גרם טעם וריח,"תבליני טעם וריח בע""מ",IL,פפריקה בשמן,גרמים,80.00,100 גרם,false,0,7.80,9.75,true,1,
7290015324052,false,פפריקה מתוקה 80 גר' טעם וריח,"תבליני טעם וריח בע""מ",IL,פפריקה מתוקה,גרמים,80.00,100 גרם,false,0,5.20,6.50,true,1,
7290015324069,false,גריל עוף 80 גר' טעם וריח,"תבליני טעם וריח בע""מ",IL,גריל עוף,גרמים,80.00,100 גרם,false,0,5.90,7.38,true,1,
7290015324076,false,זעתר מעורב 80 גר' טעם וריח,"תבליני טעם וריח בע""מ",IL,זעתר,גרמים,80.00,100 גרם,false,0,7.80,9.75,true,1,
7290015324083,false,מלח לימון 80 גר' טעם וריח,"תבליני טעם וריח בע""מ",IL,מלח לימון,גרמים,80.00,100 גרם,false,0,5.90,7.38,true,1,
7290015324090,false,כמון טחון 80 גר' טעם וריח,"תבליני טעם וריח בע""מ",IL,כמון,גרמים,80.00,100 גרם,false,0,7.80,9.75,true,1,
7290015324106,false,כורכום טחון 80 גר' טעם וריח,"תבליני טעם וריח בע""מ",IL,כורכום,גרמים,80.00,100 גרם,false,0,7.80,9.75,true,1,
7290015324113,false,טעם וריח בהרט שקית 8,"תבליני טעם וריח בע""מ",IL,בהרט,גרמים,80.00,100 גרם,false,0,7.80,9.75,true,1,
7290015324281,false,"בצל מטוגן שקית 200 גרם""טעם וריח""",תבליני טעם וריח בעמ,IL,שבבי בצל מטוגן,גרמים,200.00,100 גרם,false,1,9.90,4.95,true,1,
7290015348072,false,"למברוסקו אמיליאנו אדום 750 מ""ל",טמפו משקאות בעמ,IT,למברוסקו,מיליליטרים,750.00,"100 מ""ל",false,1,24.90,3.32,true,1,
7290015348089,false,"למברוסקו אדום ביאנקו 750 מ""ל ""אמיליאנו""",טמפו משקאות בעמ,IT,למברוסקו,מיליליטרים,750.00,"100 מ""ל",false,1,24.90,3.32,true,1,
7290015348096,false,"למברוסקו רוזה 750 מ""ל ""אמיליאנו""",טמפו משקאות בעמ,IT,למברוסקו,מיליליטרים,750.00,"100 מ""ל",false,1,24.90,3.32,true,1,
7290015349918,false,"סנגריה אל סול 750 מ""ל",חואן רמון לוזאנו,ES,סנגריה אל סול,מיליליטרים,750.00,"100 מ""ל",false,1,19.90,2.65,true,1,
7290015355834,false,מתבל עגבניות היינץ חריף ומתובל 855 גרם,דיפלומט היינץ,US,מתבל עגבניות,גרמים,855.00,100 גרם,false,1,17.90,2.09,true,1,
7290015366007,false,אקווה פרש קומפלט מלבינה,ג.' אס.קיו,GB,משחה אקווה פרש,מיליליטרים,100.00,"100 מ""ל",false,1,12.90,12.90,true,1,
7290015366366,false,ספירה - מכשיר חשמלי ו2 יחידות מילוי נוזלי להרחקת יתושים 90 לילות,גורי ע.ע.ע. בעמ,IT,ספירה מכשיר+רפיל,יחידה,1.00,יחידה,false,1,42.90,42.90,true,1,
7290015366663,false,"משחת שיניים מנטה עדין אקווה פרש 100 מ""ל",גלקסוסמיתקליין,GB,משחה אקווה פרש,מיליליטרים,100.00,"100 מ""ל",false,1,7.90,7.90,true,1,
7290015366670,false,משחת שיניים בטעם מנטה אקוהפרש (100 מל),גלקסוסמיתקליין,GB,משחה אקווה פרש,מיליליטרים,100.00,"100 מ""ל",false,1,7.90,7.90,true,1,
7290015366687,false,"משחת שיניים אקו פרש 75 מ""ל",גלקסוסמיתקליין,GB,משחת אקווה,מיליליטרים,75.00,"100 מ""ל",false,1,6.90,9.20,true,1,
7290015395045,false,"קינואה בשקית שקדיה 400 גרם בד""ץ",דין שיווק וקליה 2021 בעמ,IL,קינואה,גרמים,400.00,100 גרם,false,0,15.90,3.98,true,1,
7290015470094,false,טבלאות שוקולד טוסו מר`שוקולד תפוז 100ג,דנשר (1963) בעמ,TR,שוקולד מריר ללתס,גרמים,100.00,100 גרם,false,1,12.50,12.50,true,1,
7290015568203,false,תבניות+נ.אפיה מובנה מלבן,.,CN,תבנית אפייה,יחידה,1.00,יחידה,false,1,7.90,7.90,true,1,
7290015597326,false,אסקימו מאגדת קלי קלות שטראוס 10 יחידות,"גלידת שטראוס בע""\מ, רחוב",IL,מאגדת אייס לייט,גרמים,312.00,100 גרם,false,1,26.90,8.62,true,1,
7290015597531,false,מאגדת מיני לייט פרי יער,שטראוס,IL,מאגדת פרי יער לי,מיליליטרים,312.00,"100 מ""ל",false,1,26.90,8.62,true,1,
7290015597548,false,קרמיסימו בננה שוקולד צ`יפ,"גלידת שטראוס בע""\מ",IL,קרמיסימו בננה,יחידה,1.00,יחידה,false,1,19.90,19.90,true,1,
7290015597555,false,קרמיסימו וניל פירות טרופיים סולרו,גלידות שטראוס בעמ,IL,קרמיסימו וניל ופ,יחידה,1.00,יחידה,false,1,19.90,19.90,true,1,
7290015597739,false,"גלידה מקופלת 1000 מ""ל",שטראוס,IL,גלידה מקופלת,מיליליטרים,1000.00,"100 מ""ל",false,1,21.90,2.19,true,1,
7290015599047,false,בלוק צהובה טבעונית לגירוד על פיצה 200 גרם ללא גלוטן,וגה מוצרים טבעוניים VEGA,GR,צהובה טבעונית,גרמים,200.00,100 גרם,false,0,17.70,8.85,true,1,
7290015599177,false,סירופ אורז מלא בתוספת 400WANNA BEE,סוזן ספשלטיס,US,סירופ אורז מלא,גרמים,250.00,100 גרם,false,1,24.70,9.88,true,1,
7290015599191,false,VEGA ממרח טבעוני בסגנון גבינת שמנת בטעם קלאסי 170 גרם,ביוטי איילנד פודס בע,GB,ממרח טבעוני,גרמים,170.00,100 גרם,false,1,18.90,11.12,true,1,
7290015602853,false,קערת אירוח 8 פס כסף 1 יח,WWP,CN,קערת אירוח,יחידה,1.00,יחידה,false,1,3.90,3.90,true,1,
7290015602860,false,קערת אירוח 9.5 פס כסף 1,WWP,CN,קערת אירוח,יחידה,1.00,יחידה,false,1,7.90,7.90,true,1,
7290015603584,false,ג'ינגר לבן כבוש ללא מונוסודיום 160 גרם (כ),מזרח ומערב יבוא ושיווק,CN,ג'ינג'ר לבן כבוש,גרמים,160.00,100 גרם,false,1,5.90,3.69,true,1,
7290015626408,false,אגוז פקאן קלוף טבעי 200ג,ששון מלוינסקי,IL,א.פקאן קלוף טבעי,גרמים,200.00,100 גרם,false,1,29.90,14.95,true,1,
7290015626460,false,שקד קלוף טבעי 250גרם,ששון מלוינסקי,IL,שקד קלוף טבעי,גרמים,250.00,100 גרם,false,1,29.90,11.96,true,1,
7290015626507,false,צימוק כהה 500גרם,ששון מלוינסקי,IL,צימוקים כהים,גרמים,500.00,100 גרם,false,1,19.90,3.98,true,1,
7290015626804,false,גרעין אבטיח קלוי 200גרם,ששון,IL,גרעין אבטיח קלוי,גרמים,200.00,100 גרם,false,1,13.90,6.95,true,1,
7290015626897,false,חמוציות שלמות מיובשות400,ששון מלוינסקי,IL,חמוציות שלמות,גרמים,400.00,100 גרם,false,1,22.90,5.73,true,1,
7290015642095,false,איקרה רומני 400 גרם,מעדני מיקי,IL,איקרה רומני,גרמים,400.00,100 גרם,false,0,13.40,3.35,true,1,
7290015642101,false,איקרה בלקני 400 גרם,מעדני מיקי,IL,איקרה בלקני,גרמים,400.00,100 גרם,false,0,13.40,3.35,true,1,
7290015642118,false,חציל יווני 400 גרם,מעדני מיקי,IL,חציל יווני,גרמים,400.00,100 גרם,false,0,7.30,1.83,true,1,
7290015642156,false,סלט סלמון נורבגי 400 גרם,מעדני מיקי,IL,סלט סלמון נורבגי,גרמים,100.00,100 גרם,false,0,16.00,16.00,true,1,
7290015642163,false,"סלט תפו""א 400 גרם",מעדני מיקי,IL,"סלט תפו""א",גרמים,400.00,100 גרם,false,0,6.80,1.70,true,1,
7290015642170,false,סלט חציל במיונז 400 גרם,מעדני מיקי,IL,סלט חציל במיונז,גרמים,400.00,100 גרם,false,0,7.30,1.83,true,1,
7290015642187,false,חציל בטחינה 400 גרם,מעדני מיקי,IL,חציל בטחינה מיקי,גרמים,400.00,100 גרם,false,0,7.70,1.93,true,1,
7290015642200,false,סלט טורקי 400 גרם,מעדני מיקי,IL,סלט טורקי,גרמים,400.00,100 גרם,false,0,7.70,1.93,true,1,
7290015642217,false,סלט מטבוחה 400 גרם,מעדני מיקי,IL,סלט מטבוחה,גרמים,400.00,100 גרם,false,0,7.70,1.93,true,1,
7290015642248,false,סלט כרוב שוודי 400 גרם,מעדני מיקי,IL,סלט כרוב שוודי,גרמים,400.00,100 גרם,false,0,7.30,1.83,true,1,
7290015642255,false,חומוס נטו 400 גרם,סלטים 2 ב13.90,IL,חומוס 400 גרם,גרמים,400.00,100 גרם,false,0,7.70,1.93,true,1,
7290015642262,false,חומוס מזרחי 400 גרם,מעדני מיקי,IL,חומוס מזרחי,גרמים,400.00,100 גרם,false,0,7.70,1.93,true,1,
7290015642309,false,פילה מטיאס 400 גרם,מעדני מיקי,IL,פילה מטיאס,גרמים,400.00,100 גרם,false,0,18.20,4.55,true,1,
7290015642323,false,מטיאס פרובנציאל 400 גרם,מעדני מיקי,IL,מטיאס פרובנציאל,גרמים,400.00,100 גרם,false,0,18.90,4.73,true,1,
7290015642347,false,סלט קולסלאו 400 גרם,מעדני מיקי,IL,סלט קולסלאו,גרמים,400.00,100 גרם,false,0,6.80,1.70,true,1,
7290015642361,false,טחינה אסלי 400 גרם,מעדני מיקי,IL,טחינה אסלי,גרמים,400.00,100 גרם,false,0,7.70,1.93,true,1,
7290015644297,false,שישיית לחמניות פשוט מלא אנג'ל 450 גרם,מאפיית שלמה א. אנג'\ל בע,IL,לחמניות 6 יח',גרמים,450.00,100 גרם,false,1,10.90,2.42,true,1,
7290015644426,false,"לחם צרפתי חיטה מלאה ודגנים 600 גרם ""אנג'ל""",מאפיית שלמה א. אנג'\ל בע,IL,לחם צרפתי,גרמים,600.00,100 גרם,false,1,15.90,2.65,true,1,
7290015644433,false,לחם מחמצת 100% שיפון קל אנג'ל 600 גרם,מאפיית שלמה א. אנג'\ל בע,IL,לחם צרפתי,גרמים,600.00,100 גרם,false,1,15.90,2.65,true,1,
7290015652124,false,"רוטב סריראציה חריף מאוד 450 מ""ל אהרוני",דין שיווק וקליה 2021 בעמ,US,רוטב סריראצ'ה,גרמים,450.00,100 גרם,false,1,14.80,3.29,true,1,
7290015652131,false,רוטב עגבניות לפסטה 680 גרם - אהרוני,"דין שיווק וקליה בע""מ",US,עגבניות לפסטה,גרמים,680.00,100 גרם,false,1,10.00,1.47,true,1,
7290015652148,false,רוטב עגבניות ושום לפסטה,"דין שיווק וקליה בע""מ",US,עגבניות לפסטה,גרמים,680.00,100 גרם,false,1,10.00,1.47,true,1,
7290015652155,false,רוטב עגבניות ובזיליקום ל,"דין שיווק וקליה בע""מ",US,עגבניות לפסטה,גרמים,680.00,100 גרם,false,1,10.00,1.47,true,1,
7290015652506,false,נוזל קוקוס דל קלוריו,תאי קוקונט פבליק קומפני,TH,נוזל קוקוס,מיליליטרים,400.00,"100 מ""ל",false,1,9.80,2.45,true,1,
7290015652544,false,תבלין גריל עוף ארומטי 130 גרם - אהרוני,"נווה התבלין בע""מ",IL,גריל עוף ארומטי,גרמים,130.00,100 גרם,false,1,10.00,7.69,true,1,
7290015652582,false,חריימה דג אהרוני 150 גרם,"דין שיווק וקליה בע""מ",IL,חריימה דג,גרמים,150.00,100 גרם,false,1,10.00,6.67,true,1,
7290015673181,false,בורגר מהצומח עם ברוקולי קליפורניה 400 גר,ל.י.ב. (לחיות יותר בטבע) בעמ,IL,בורגר עם ברוקולי,גרמים,400.00,100 גרם,false,1,23.50,5.88,true,1,
7290015726085,false,לחם שאור שיפון יח אפוי,מאפ גדרון,IL,לחם שאור שיפון,יחידה,1.00,יחידה,false,12,16.90,16.90,true,1,
7290015726115,false,לחם שאור קמח מלא אפוי670,מאפ גדרון,IL,לחם שאור קמח מלא,יחידה,1.00,יחידה,false,11,16.90,16.90,true,1,
7290015726528,false,עוגת פס טירמיסו 550גרם,גידרון,IL,עוגת פס טירמיסו,גרמים,550.00,100 גרם,false,1,33.00,6.00,true,1,
7290015726658,false,עוגיות גרנולה עם חמאה,גידרון,IL,עוגיות גרנולה,גרמים,200.00,100 גרם,false,1,19.90,9.95,true,1,
7290015726665,false,עוגיות כעכים עם חמניות,גידרון,IL,עוגיות כעכים עם,גרמים,300.00,100 גרם,false,1,19.90,6.63,true,1,
7290015766005,false,שרי וויטני יחידה,,IL,שרי וויטני יח,יחידה,1.00,יחידה,false,0,9.90,9.90,true,1,
7290015775151,false,חמאת בוטנים 200 גרם,ג'יאנג'י,IL,חמאת בוטנים200גר,גרמים,200.00,100 גרם,false,1,10.90,5.45,true,1,
7290015775175,false,חמאת שקד מולבן 200 גרם,"גיי אנג גי פקאנס בע""",IL,חמאת שקד מולבן,גרמים,200.00,100 גרם,false,1,25.90,12.95,true,1,
7290015781008,false,"יין VISION מרלו אדום טפרברג 750 מ""ל",יקב טפרברג 1870 בעמ (יינות ומש,IL,יין ויז'ן מרלו,מיליליטרים,750.00,"100 מ""ל",false,1,29.90,3.99,true,1,
7290015781091,false,"יין VISION קברנה סוביניון טפרברג 750 מ""ל",יקב טפרברג 1870 בעמ (יינות ומש,IL,קברנה ויז'ן,מיליליטרים,750.00,"100 מ""ל",false,1,29.90,3.99,true,1,
7290015781299,false,יין שיראז ויזון יקב טפרברג (750 מל),יקב טפרברג 1870 בעמ (יינות ומש,IL,יין ויז'ן שיראז,מיליליטרים,750.00,"100 מ""ל",false,1,29.90,3.99,true,1,
7290015804080,false,רסק עגבניות טל 100 גרם,"מילוז(1989)בע""""מ",IL,רסק עגבניות טל,גרמים,100.00,100 גרם,false,1,1.90,1.90,true,1,
7290015804394,false,רסק עגבניות 22% 260 ג' טל וטרי,ויטה פרי גליל (החדשה) בע`מ,IL,רסק עגבניות טל,גרמים,260.00,100 גרם,false,1,3.90,1.50,true,1,
7290015804400,false,עגבניות מרוסקות טל 250 גרם,ויטה פרי גליל (החדשה) בע`מ,IL,עגבניות מרוסקות,גרמים,250.00,100 גרם,false,1,3.90,1.56,true,1,
7290015951319,false,גמלא קברנה סוביניון750מ,יקבי רמת הגולן קצרין,IL,גמלא קברנה,מיליליטרים,750.00,"100 מ""ל",false,1,59.90,7.99,true,1,
7290015951654,false,גמלא קברנה סוביניון750מ,יקבי רמת הגולן קצרין,IL,גמלא קברנה,מיליליטרים,750.00,"100 מ""ל",false,1,59.90,7.99,true,1,
7290015958011,false,ממרח עגבניות מיובשות וציפוטלה 180 ג,מוטי שף,IL,ממרח עגבניות,גרמים,180.00,100 גרם,false,1,21.30,11.83,true,1,
7290015995399,false,ערמונים אלטאי 100גרם,צ'נגדה שנליפוד סי או לטד,CN,ערמונים אלטאי,גרמים,100.00,100 גרם,false,1,6.90,6.90,true,1,
7290015996570,false,סוכרזית סוכרלוז 300 טבליות,"ביסקול בע""מ",IL,סוכרזית טבליות,גרמים,24.00,100 גרם,false,1,33.90,141.25,true,1,
7290016006292,false,נקטר מנגו בננה מלון קרטונית 1 ל' ספרינג,יפאורה שותפות מובגלת לשיווק,IL,נקטר ספרינג,ליטרים,1.00,ליטר,false,1,5.30,5.30,true,1,
7290016006339,false,מים מינרלים מי עדן (1x4 ליטר),יפאורה שותפות מוגבלת לשיווק,IL,מי עדן 4 יח',ליטרים,4.00,ליטר,false,1,10.00,2.50,true,1,
7290016006346,false,שוופס סודה 0.5 ליטר מארז שישייה,יפאורה שותפות מובגלת לשיווק,IL,שוופס סודה,ליטרים,3.00,ליטר,false,1,14.00,4.67,true,1,
7290016006360,false,שוופס מוגז תות ליים 1.5ל,יפאורה שותפות מובגלת לשיווק,IL,שוופס מוגז תות,ליטרים,1.50,ליטר,false,1,6.60,4.40,true,1,
7290016006735,false,שוופס מוגז פירות תפוז 1.5ל',יפאורה שותפות מובגלת לשיווק,IL,שוופס גזוז תפוז,ליטרים,1.50,ליטר,false,1,6.60,4.40,true,1,
7290016006865,false,ספרינג אננס בננה1.5 ליטר,"יפאורה תבורי בע""\מ",IL,ספרינג אננס בננה,ליטרים,1.50,ליטר,false,1,6.20,4.13,true,1,
7290016006940,false,תפוזינ.בוסט תפוז אדום1.5,יפאורה שותפות מובגלת לשיווק,IL,תפוזינה תפוז,ליטרים,1.50,ליטר,false,1,5.90,3.93,true,1,
7290016034950,false,צלחת 9 אביב,WWP,CN,צלחת אביב,יחידה,1.00,יחידה,false,1,7.90,7.90,true,1,
7290016034967,false,צלחת אביב 7 10 יחידות,WWP,CN,צלחת אביב 7,יחידה,1.00,יחידה,false,1,4.90,4.90,true,1,
7290016034974,false,מרקיות אביב 10 יחידות,WWP,CN,מרקיות אביב,יחידה,1.00,יחידה,false,1,4.90,4.90,true,1,
7290016035001,false,לחם פשתן 500 גרם,ביכורים,IL,לחם פשתן,גרמים,500.00,100 גרם,false,1,21.90,4.38,true,1,
7290016047035,false,בורגר פלאפל חומר טבעי400,פלאפל R,IL,בורגר פלאפל,גרמים,450.00,100 גרם,false,1,20.90,4.64,true,1,
7290016078312,false,אטריות עם גזר 454 גרם,ואן טאי פוד אינדוסטרי,CN,אטריות עם גזר,גרמים,454.00,100 גרם,false,1,6.90,1.52,true,1,
7290016087123,false,רוטב מתובל לפסטה בסגנון קלאסי פריניר 240 גרם,אבאל יזמות בעמ,IL,רוטב עגבניות,גרמים,240.00,100 גרם,false,1,5.50,2.29,true,1,
7290016087147,false,רוטב עגבניות מתובל לפיצה מרגריטה 240 גרם,אבאל יזמות בעמ,IL,רוטב עגבניות,גרמים,240.00,100 גרם,false,1,5.50,2.29,true,1,
7290016096460,false,מארז טונה בשמן זית שלישייה 80 גרם,תעשיות פילטונה בעמ,IL,טונה בשמן זית3יח,גרמים,240.00,100 גרם,false,1,10.00,4.17,true,1,
7290016114300,false,נייר טואלט דו שכבתי אורך כפול לבן לילי 16 גלילים,קימברלי קלארק ישראל שיווק בעמ,IL,נייר טואלט לילי,מטרים,588.00,100 מטר,false,1,37.90,6.45,true,1,
7290016135558,false,פסטה ביצים 3 צבעים חונקי כמרים אוריינט 400 גרם,פ.פ.ה. טאביס,PL,פסטה ביצים,גרמים,400.00,100 גרם,false,1,10.90,2.73,true,1,
7290016136692,false,משחת שיניים הגנה משולשת מנטה מרענן- שלישייה,גלקסוסמיתקליין,IL,משחת אקווה פרש3*,מיליליטרים,300.00,"100 מ""ל",false,1,21.90,7.30,true,1,
7290016188035,false,קברנה סובניון אדום יבש 750 מל שביעית,יקבי כרמל,IL,קברנה סוביניון,מיליליטרים,750.00,"100 מ""ל",false,1,34.90,4.65,true,1,
7290016188042,false,"קברנה מרלו P.C 750 מ""ל",יקבי כרמל,IL,קברנה מרלו P.C,מיליליטרים,750.00,"100 מ""ל",false,1,34.90,4.65,true,1,
7290016188059,false,"מרלו P.C 750 מ""ל",יקבי כרמל,IL,מרלו,מיליליטרים,750.00,"100 מ""ל",false,1,34.90,4.65,true,1,
7290016188288,false,"יין ישן נושן 650מ""ל",יקבי כרמל,IL,יין ישן נושן,מיליליטרים,650.00,"100 מ""ל",false,1,15.90,2.45,true,1,
7290016188318,false,"יין טופז זהב 750 מ""ל",יקבי כרמל,IL,יין טופז זהב,מיליליטרים,750.00,"100 מ""ל",false,1,18.90,2.52,true,1,
7290016188585,false,GIACOBAZZI למברוסקו רוזה חצי יבש יקבי כרמל,אגודת הכורמים,IT,למברוסקו רוזה,מיליליטרים,750.00,"100 מ""ל",false,1,24.90,3.32,true,1,
7290016188660,false,"יין אדום יבש סלקטד750מ""ל",יקבי כרמל,IL,יין אדום סלקטד,מיליליטרים,750.00,"100 מ""ל",false,1,23.90,3.19,true,1,
7290016197143,false,תבניות לעוגות אישיות,.,IL,תבניות לעוגות,יחידה,1.00,יחידה,false,1,9.90,9.90,true,1,
7290016197457,false,14 תחבושות דיפנד מיני,חוגלה קימברלי,IL,תחבושות דיפנד,יחידה,1.00,יחידה,false,1,15.90,15.90,true,1,
7290016197488,false,מטליות מיקרופייבר למשטחים ניקול 3יח',קימברלי קלארק ישראל שיווק בעמ,IL,מטלית למשטחים,יחידה,1.00,יחידה,false,1,15.50,15.50,true,1,
7290016197495,false,ניקול זוג מטליות הקסם מיקרופייבר לרצפה,קימברלי קלארק ישראל שיווק בעמ,IL,מטלית לרצפה 2יח,יחידה,1.00,יחידה,false,1,22.90,22.90,true,1,
7290016197624,false,תחבושות לנשים סופר דיפנד 8 יחידות,קימברלי קלארק ישראל שיווק בעמ,IL,תחבושות דיפנד,יחידה,1.00,יחידה,false,1,15.90,15.90,true,1,
7290016197839,false,ניקול השקית החזקה 20 יח' XL,קימברלי קלארק ישראל שיווק בעמ,IL,שקיות אשפה חזקות,יחידה,1.00,יחידה,false,1,24.90,24.90,true,1,
7290016197853,false,ניקול שקיות אשפה לפחים קטנים 42X45 סמ,קימברלי קלארק ישראל שיווק בעמ,IL,שקיות אשפה,יחידה,1.00,יחידה,false,1,21.90,21.90,true,1,
7290016217711,false,איקרה לבנה 200 גרם,סלטי שמיר,IL,איקרה לבנה,גרמים,200.00,100 גרם,false,1,10.90,5.45,true,1,
7290016217728,false,איקרה אדומה 200 גרם,סלטי שמיר,IL,איקרה אדומה,גרמים,200.00,100 גרם,false,1,10.90,5.45,true,1,
7290016246018,false,חטיף מיקס פינוקיות חלבה בארכה 20ג*9,קבוצת אוסם סחר שותפות מוגבלת,IL,חלבה בארכה מיקס,גרמים,200.00,100 גרם,false,1,12.50,6.25,true,1,
7290016246025,false,בארכה מיקס פינוקיות חלווה ללא סוכר 10*20ג,קבוצת אוסם סחר שותפות מוגבלת,IL,פינוקיות חלבה,גרמים,200.00,100 גרם,false,1,12.90,6.45,true,1,
7290016246209,false,"חטיף חלבה וניל 100 גרם ""בארכה""",קבוצת אוסם סחר שותפות מוגבלת,IL,חטיף חלבה וניל,גרמים,100.00,100 גרם,false,1,3.50,3.50,true,1,
7290016276169,false,טחינה אהרוני משומשום טבעי 500 גרם,****דין שיווק וקליה 2021 בעמ,IL,טחינה שומשום,גרמים,500.00,100 גרם,false,1,10.00,2.00,true,1,
7290016276275,false,זיתים פרימיום 300 גרם,דין שיווק וקלייה בעמ,GR,זיתים פרימיום,גרמים,300.00,100 גרם,false,1,10.00,3.33,true,1,
7290016276336,false,רוטב על בסיס חומץ בלסמי,דוס טמפרוס אל די לוטה,PT,רוטב חומץ בלסמי,מיליליטרים,500.00,"100 מ""ל",false,1,19.90,3.98,true,1,
7290016276398,false,ממרח אגוזי לוז 350 גרם,סוקדו,IT,ממרח אגוזי לוז,גרמים,350.00,100 גרם,false,1,9.90,2.83,true,1,
7290016276534,false,"שמן קוקוס לא מזוכך 500 מ""ל",קונסיגנציה-דין שיווק וקליה 202,GT,שמן קוקוס,מיליליטרים,500.00,"100 מ""ל",false,1,34.90,6.98,true,1,
7290016276701,false,קוסקוס אהרוני דק 350,מרינה פטריות הגליל,IL,קוסקוס דק,גרמים,350.00,100 גרם,false,1,5.00,1.43,true,1,
7290016276763,false,מעדן שזיף 100% רכיבי פרי ללא סוכר שקדיה 284 ג',דין שיווק וקליה 2021 בעמ,CN,מעדן שזיף,גרמים,284.00,100 גרם,false,1,11.90,4.19,true,1,
7290016276800,false,מעדן תפוח עץ 100% רכיבי פרי ללא סוכר שקדיה 284 ג',דין שיווק וקליה 2021 בעמ,CN,מעדן תפוח עץ,גרמים,284.00,100 גרם,false,1,11.90,4.19,true,1,
7290016276831,false,תבשיל איטריות בטעם בקר 70 גרם סו שף,דין שיווק וקליה 2021 בעמ,VN,תבשיל איטריות,גרמים,70.00,100 גרם,false,1,3.90,5.57,true,1,
7290016276848,false,תבשיל איטריות בטעם עוף 70 גרם סו שף,דין שיווק וקליה 2021 בעמ,VN,תבשיל איטריות,גרמים,70.00,100 גרם,false,1,3.90,5.57,true,1,
7290016277296,false,תה ירוק קמומיל,,,תה ירוק קמומיל,יחידה,1.00,יחידה,false,0,10.00,10.00,true,1,
7290016277326,false,"רוטב צ'ילי ירוק 300 מ""ל",באאקו,TH,רוטב צ'ילי ירוק,מיליליטרים,300.00,"100 מ""ל",false,1,10.00,3.33,true,1,
7290016277494,false,שימורי חציל מחית 510 גרם,יורו גידה,TR,שימורי חציל מחית,גרמים,510.00,100 גרם,false,1,14.90,2.92,true,1,
7290016277531,false,חטיף בוטנים דקים 105 גרם,וואלמס פוד,GR,חטיף בוטנים דקים,גרמים,105.00,100 גרם,false,1,10.00,9.52,true,1,
7290016277548,false,חטיף שומשום 105 גרם,וואלמס פוד,GR,חטיף שומשום,גרמים,105.00,100 גרם,false,1,10.00,9.52,true,1,
7290016314762,false,פרובנציאל מטיאס 200 גרם,סלטי שמיר,IL,פרובנציאל מטיאס,גרמים,200.00,100 גרם,false,1,15.90,7.95,true,1,
7290016314779,false,פילה מטיאס הולנדי 200גרם,סלטי שמיר,IL,פילה מטיאס,גרמים,200.00,100 גרם,false,1,15.90,7.95,true,1,
7290016314786,false,הרינג כבוש במרינדה 220גר,סלטי שמיר,IL,הרינג כבוש,גרמים,220.00,100 גרם,false,1,15.90,7.23,true,1,
7290016314809,false,סלט סלמון עם מיונז 200 ג,סלטי שמיר,IL,סלט סלמון,גרמים,200.00,100 גרם,false,1,15.90,7.95,true,1,
7290016314847,false,סלמון מובחר 100גרם,סלטי שמיר,IL,סלמון מובחר,גרמים,100.00,100 גרם,false,1,19.90,19.90,true,1,
7290016314854,false,נסיכת הנילוס מעושנת 100ג,סלטי שמיר,IL,נסיכת הנילוס,גרמים,100.00,100 גרם,false,1,19.90,19.90,true,1,
7290016314878,false,מקרל מעושן פרוס 100 גרם,סלטי שמיר,IL,מקרל מעושן פרוס,גרמים,100.00,100 גרם,false,1,12.90,12.90,true,1,
7290016314939,false,טונה מעושנת 100 גרם,סלטי שמיר,IL,טונה מעושנת,גרמים,100.00,100 גרם,false,1,19.90,19.90,true,1,
7290016319095,false,גלייד מוצק וארוסול בניחוח ים,ג'ונסון,GB,גלייד ג'ל מוצק,גרמים,150.00,100 גרם,false,1,6.90,4.60,true,1,
7290016319101,false,גלייד ג'ל מוצק לבנדר 150,ג'ונסון,GB,גלייד ג'ל מוצק,גרמים,150.00,100 גרם,false,1,6.90,4.60,true,1,
7290016319262,false,גלילי וופל קרם אגוזים140,TAGO,PL,גלילי וופל מואי,גרמים,140.00,100 גרם,false,1,8.90,6.36,true,1,
7290016319309,false,סבון נוזלי מאסק קלאסי+משאבה פמלי 1 ל,הנסיך- מפעל לייצור ט,IL,אל סבון פמלי,ליטרים,1.00,ליטר,false,1,10.00,10.00,true,1,
7290016331035,false,10 צלחות לפתן אלגנט,.,IL,צלחת לפתן,יחידה,1.00,יחידה,false,1,14.90,14.90,true,1,
7290016331387,false,ליפתניה אלגנט 10 יחידות,.,IL,ליפתניה,יחידה,1.00,יחידה,false,1,19.90,19.90,true,1,
7290016370942,false,מיקס ירקות יווני בצנצנת קבוצת יבנה 300 גרם,קוזט אס.אי. פיין פודס,GR,תערובת ירקות,גרמים,560.00,100 גרם,false,1,11.90,2.13,true,1,
7290016370959,false,חציל קלוי (פירה) בצנצנת קבוצת יבנה 530 גרם,"קבוצת יבנה מוצרי מזון בע""מ",GR,חציל קלוי על האש,גרמים,530.00,100 גרם,false,1,11.90,2.25,true,1,
7290016370966,false,פלפל חריף כבוש 550 גרם,קוזט אס.אי. פיין פודס,GR,פלפל חריף כבוש,גרמים,550.00,100 גרם,false,1,11.90,2.16,true,1,
7290016370973,false,פלפל קלוי (גמביה) בצנצנת קבוצת יבנה 390 גרם,"קבוצת יבנה מוצרי מזון בע""מ",GR,פלפל אדום קלוי,גרמים,540.00,100 גרם,false,1,11.90,2.20,true,1,
7290016372076,false,סוכ.תה ירוק לימונית70גרם,זילה בונבונס אי.ג'י,CH,סוכריות תה ירוק,גרמים,70.00,100 גרם,false,1,9.90,14.14,true,1,
7290016372090,false,סוכ.תה ירוק תפוז+סמבוק70,זילה בונבונס אי.ג'י,CH,סוכריות תה ירוק,גרמים,70.00,100 גרם,false,1,9.90,14.14,true,1,
7290016372212,false,תה ירוק נענע 15 שקיקים,ויסוצקי,IL,תה ירוק,גרמים,22.00,100 גרם,false,1,13.90,63.18,true,1,
7290016372397,false,"תה ויסוצקי ירוק תפוז,ג'ינגר וכורכום 25 יח'",תה ויסוצקי (ישראל) בעמ,IL,תה ירוק,גרמים,48.00,100 גרם,false,1,25.90,53.96,true,1,
7290016372458,false,חליטת לימונית ולואיזה הגן הקסום ויסוצקי 50 יחידות,תה ויסוצקי (ישראל) בעמ,IL,חליטת לימונית,גרמים,75.00,100 גרם,false,1,32.60,43.47,true,1,
7290016372496,false,חליטת פירות וצמחים בטעם ג'ינג'ר ודבש -אפקט הג'ינג'ר,תה ויסוצקי (ישראל) בעמ,IL,חליטת ג'ינג'ר,גרמים,30.00,100 גרם,false,1,19.90,66.33,true,1,
7290016408133,false,טרליני כעכים בטעם בצל וזיתים 225 גר' - בדץ,כרמית תעשיות ממתקים בעמ,IT,כעכים בטעם בצל,גרמים,225.00,100 גרם,false,1,7.90,3.51,true,1,
7290016408164,false,טרליני כעכים בטעם שום וצי'לי פיקנטי 225 גר' - בדץ,כרמית תעשיות ממתקים בעמ,IT,כעכים בטעם שום,גרמים,225.00,100 גרם,false,1,7.90,3.51,true,1,
7290016408294,false,"מרשמלו ורוד לבן וסטהיים 150 ג', 26 בקרטון",כרמית תעשיות ממתקים בעמ,IL,מרשמלו ורוד לבן,גרמים,150.00,100 גרם,false,1,5.90,3.93,true,1,
7290016408522,false,טבלה בטעם שוקולד+אורז85ג,כרמית,IL,טבלה טעם שוקולד,גרמים,85.00,100 גרם,false,1,6.90,8.12,true,1,
7290016408546,false,טבלה בטעם שוקולד+לוז85ג,כרמית,IL,טבלה טעם שוקולד,גרמים,85.00,100 גרם,false,1,6.90,8.12,true,1,
7290016437508,false,מולט נייר טואלט 24 גלילים כפולים=48 גליל,קימברלי קלארק ישראל שיווק בעמ,IL,נייר טואלט מולט,מטרים,860.00,100 מטר,false,1,37.90,4.41,true,1,
7290016437645,false,חיתולי האגיס פרידום דריי pants מידה 5 34 יחידות,קימברלי קלארק ישראל שיווק בעמ,IL,חיתולי האגיס,יחידה,1.00,יחידה,false,1,44.90,44.90,true,1,
7290016437652,false,חיתולי האגיס פרידום דריי pants מידה 6 30 יחידות,קימברלי קלארק ישראל שיווק בעמ,IL,חיתולי האגיס,יחידה,1.00,יחידה,false,1,44.90,44.90,true,1,
7290016437713,false,תחבושות סופר 22*2 יחידות,קימברלי קלארק ישראל שיווק בעמ,KP,תחבושות קוטקס,יחידה,1.00,יחידה,false,1,29.90,29.90,true,1,
7290016437720,false,אריזת ענק תחבושות נורמל,קימברלי קלארק ישראל שיווק בעמ,KP,תחבושות קוטקס,יחידה,1.00,יחידה,false,1,29.90,29.90,true,1,
7290016437737,false,תח.קוטקס יאנג נייט20*2יח,קימברלי קלארק ישראל שיווק בעמ,KP,תחבושות קוטקס,יחידה,1.00,יחידה,false,1,29.90,29.90,true,1,
7290016497243,false,בייגל בסגנון רומני ק,גידרון,IL,ביגלה רומני,גרמים,150.00,100 גרם,false,1,5.00,3.33,true,1,
7290016497526,false,בגט אותנטי לבן אפוי 280ג,מאפ גדרון,IL,בגט אותנטי,גרמים,280.00,100 גרם,false,1,7.90,2.82,true,1,
7290016497731,false,לחם 7 דגנים פרוס 600 גרם,מאפ גדרון,IL,לחם 7 דגנים,גרמים,600.00,100 גרם,false,1,12.90,2.15,true,1,
7290016497748,false,לחם עם סיבים-ביוטים 600,מאפ גדרון,IL,לחם עם סיבים,גרמים,600.00,100 גרם,false,1,12.90,2.15,true,1,
7290016497755,false,לחם שיפון קל פרוס 600גרם,מאפ גדרון,IL,לחפ שיפון קל,גרמים,600.00,100 גרם,false,1,12.90,2.15,true,1,
7290016497762,false,לחם שיפון פרוס 600 גרם,מאפ גדרון,IL,לחם שיפון פרוס,גרמים,600.00,100 גרם,false,1,12.90,2.15,true,1,
7290016497779,false,לחם חיטה מלאה פרוס 600 ג,מאפ גדרון,IL,לחם חיטה מלאה,גרמים,600.00,100 גרם,false,1,12.90,2.15,true,1,
7290016497793,false,לחם דני 1.1קג,מאפ גדרון,IL,לחם דני 1.1קג,גרמים,1100.00,100 גרם,false,1,19.90,1.81,true,1,
7290016497809,false,לחם בצל אפוי פרוס 600 גר,מאפ גדרון,IL,לחם בצל פרוס,גרמים,600.00,100 גרם,false,1,12.90,2.15,true,1,
7290016509212,false,סוד ג'ל כביסה 2.7 ליטר,הנקל סוד,IL,סוד ג'ל כביסה,ליטרים,2.70,ליטר,false,1,16.90,6.26,true,1,
7290016509229,false,סוד ג'ל כביסה לבנדר 2.7,"הנקל סוד בע""\מ",IL,סוד ג'ל כביסה,ליטרים,2.70,ליטר,false,1,16.90,6.26,true,1,
7290016509304,false,סוד סבון לאסלה 4 כדוריותבניחוח לבנדר 50 ג',גורי שיווק בעמ,HU,כדוריות לאסלה,גרמים,50.00,100 גרם,false,1,8.90,17.80,true,1,
7290016509311,false,כדוריות אסלה פיור וויט50,הנקל סוד,HU,כדוריות לאסלה,גרמים,50.00,100 גרם,false,1,8.90,17.80,true,1,
7290016509342,false,סוד מארז טריו כדוריות לאסלה כחול אקטיבי אקונומיקה,גורי שיווק בעמ,HU,כדוריות לאסלה,גרמים,150.00,100 גרם,false,1,12.90,8.60,true,1,
7290016510003,false,שמפו הוואי 6 פעילות 700,טרופיקל דגיל,IL,שמפו הוואי,מיליליטרים,700.00,"100 מ""ל",false,1,8.90,1.27,true,1,
7290016510027,false,הוואי קרם רחצה דבש 750 מ,הנקל סוד,IL,קרם רחצה הוואי,מיליליטרים,750.00,"100 מ""ל",false,1,9.90,1.32,true,1,
7290016574005,false,ממרח שום וחלפיניו 180 גר,מוטי שף,IL,ממרח שום וחלפניו,גרמים,180.00,100 גרם,false,1,21.30,11.83,true,1,
7290016574012,false,ממרח פסטו עם שמן כמהין 180 גר,מוטי שף,IL,ממרח פסטו ושמן,גרמים,180.00,100 גרם,false,1,21.30,11.83,true,1,
7290016584004,false,חטיפוני גזר 130 גרם,קונס`-מרינה פטריות הגליל בעמ*ש,IL,חטיפוני גזר,גרמים,130.00,100 גרם,false,1,5.00,3.85,true,1,
7290016584011,false,חטיפוני גזר 350 גרם גיזרונים,קונס`-מרינה פטריות הגליל בעמ*ש,IL,חטיפוני גזר,גרמים,350.00,100 גרם,false,1,10.00,2.86,true,1,
7290016584066,false,מקלוני גזר צבעוניים 280ג,גיזרונים קיבוץ שלוחות,IL,מקלוני גזר צבעונ,גרמים,280.00,100 גרם,false,1,9.00,3.21,true,1,
7290016584073,false,גזר צבעוני מובחר,גיזרונים קיבוץ שלוחות,IL,גזר צבעוני מובחר,יחידה,1.00,יחידה,false,1,8.90,8.90,true,1,
7290016594065,false,שליז צופלה-ממרח אגוזי נמר קשיו קקאו 300ג,תבליני דניאל,IL,ממרח אגוזי נמר,גרמים,300.00,100 גרם,false,1,35.90,11.97,true,1,
7290016606003,false,"פריגורט פסיפלורה 500 מ""ל",חוות גבעות עולם,IL,פריגורט פסיפלורה,מיליליטרים,500.00,"100 מ""ל",false,1,13.40,2.68,true,1,
7290016619003,false,מלפפון בייבי יחידה,קטיף.,IL,מלפפון בייבי,יחידה,1.00,יחידה,false,1,9.90,9.90,true,1,
7290016621341,false,אל סבון היגייני לניקוי יסודי קמיל Clean & Moisture,פישר תעשיות פרמבצטיות בעמ,IL,אל סבון קמיל בלו,ליטרים,1.00,ליטר,false,1,12.90,12.90,true,1,
7290016621471,false,25מגבוני ג'נסיס שמן ארגן,פישר מעבדות פרמצבטיות,IL,מגבוני ג'נסיס,יחידה,1.00,יחידה,false,1,12.90,12.90,true,1,
7290016621877,false,25 מגבוני ג'נסיס Q10,פישר מעבדות פרמצבטיות,IL,מגבוני ג'נסיס,יחידה,1.00,יחידה,false,1,12.90,12.90,true,1,
7290016621884,false,25מגבונ.ג'נסיס תמצית פיר,פישר מעבדות פרמצבטיות,IL,מגבוני ג'נסיס,יחידה,1.00,יחידה,false,1,12.90,12.90,true,1,
7290016624410,false,צלחת 9 מסיבה,WWP,CN,צלחת 9 מסיבה,יחידה,1.00,יחידה,false,1,7.90,7.90,true,1,
7290016624427,false,צלחת 7 מסיבה 10 יח',ח.כהן סוכנות מזון ומשקאות בע,CN,צלחת 7 מסיבה,יחידה,1.00,יחידה,false,1,4.90,4.90,true,1,
7290016624434,false,מרק מסיבה-אר' 10,WWP,CN,צלחת מרק מסיבה,יחידה,1.00,יחידה,false,1,4.90,4.90,true,1,
7290016624441,false,כוס נייר מסיבה צבעוני25י,WWP,CN,כוס נייר מסיבה,יחידה,1.00,יחידה,false,1,4.90,4.90,true,1,
7290016624526,false,צלחת 10 רטרו לבן 10יחידו,WWP,IL,צלחת 10 רטרו לבן,יחידה,1.00,יחידה,false,1,19.90,19.90,true,1,
7290016624564,false,קסרול רטרו לבן 10יחידות,WWP,IL,קסרול רטרו לבן,יחידה,1.00,יחידה,false,1,7.90,7.90,true,1,
7290016624595,false,צלחת 7 רטרו קרם 10יחידות,WWP,IL,צלחת 7 רטרו קרם,יחידה,1.00,יחידה,false,1,9.90,9.90,true,1,
7290016682007,false,מיץ ירוק סחוט קלאסי330מ,פריניב,IL,מיץ ירוק סחוט,מיליליטרים,330.00,"100 מ""ל",false,1,13.90,4.21,true,1,
7290016682014,false,מיץ סחוט ירוק נבטים330מ,פריניב,IL,מיץ ירוק סחוט,מיליליטרים,330.00,"100 מ""ל",false,1,13.90,4.21,true,1,
7290016682021,false,מיץ סחוט ירוק ע.חיטה330מ,פריניב,IL,מיץ ירוק סחוט,מיליליטרים,330.00,"100 מ""ל",false,1,13.90,4.21,true,1,
7290016682182,false,פריניב שייק תמר בננה מופחת סוכר 1 ליטר,הנסיך- מפעל לייצור ט,IL,שייק תמר בננה,מיליליטרים,1000.00,"100 מ""ל",false,1,11.90,1.19,true,1,
7290016682199,false,פריניב שייק תות בננה מופחת סוכר 1 ליטר,הנסיך- מפעל לייצור ט,IL,שייק תות בננה,מיליליטרים,1000.00,"100 מ""ל",false,1,11.90,1.19,true,1,
7290016717082,false,בלנד ים תיכוני לבן 750מל,יקבי כרמל,IL,יין סלקטד לבן,מיליליטרים,750.00,"100 מ""ל",false,1,25.70,3.43,true,1,
7290016717525,false,"באזז פירות יער 750 מ""ל",יקבי כרמל,IL,באזז פירות יער,מיליליטרים,750.00,"100 מ""ל",false,1,24.90,3.32,true,1,
7290016732672,false,מברשת שיניים הגנה מלאה סנסודיין,גלקסוס סמית קליין,IL,מברשת סנסודיין,יחידה,1.00,יחידה,false,1,19.90,19.90,true,1,
7290016823004,false,בזיליקום יח freshlid,"מרינה פטריות הגליל בע""מ",IL,בזיליקום יחידה,יחידה,1.00,יחידה,false,1,5.90,5.90,true,1,
7290016823059,false,טימין קורנית ארוז יח,"מרינה פטריות הגליל בע""מ",IL,טימין יחידה,יחידה,1.00,יחידה,false,1,5.90,5.90,true,1,
7290016823080,false,פטרוזיליה FRESHLID מרינה,חקלאי,IL,פטרוזליה יחידה,יחידה,1.00,יחידה,false,1,4.90,4.90,true,1,
7290016823097,false,כוסברה יחידה,קטיף.,IL,כוסברה יחידה,יחידה,1.00,יחידה,false,1,4.90,4.90,true,1,
7290016823103,false,שמיר יחידה,קטיף,IL,שמיר יחידה,יחידה,1.00,יחידה,false,1,4.90,4.90,true,1,
7290016823110,false,נענע קופסא,קטיף.,IL,נענע יחידה,יחידה,1.00,יחידה,false,1,4.90,4.90,true,1,
7290016823189,false,עגבניות מיובשות 125גרם,ירק הגליל,IL,עגבניות מיובשות,גרמים,125.00,100 גרם,false,1,12.90,10.32,true,1,
7290016867138,false,"מארז לחמניות קלות כוסמין 5 יחידות ד""ר מרק",המאפה של דר מרק בריאות באפייה,IL,5 לחמניות כוסמין,גרמים,330.00,100 גרם,false,1,12.90,3.91,true,1,
7290016867152,false,"מארז פיתות קלות כוסמין 5 יחידות ד""ר מרק",המאפה של דר מרק בריאות באפייה,IL,פיתות קלות,גרמים,330.00,100 גרם,false,1,14.50,4.39,true,1,
7290016882476,false,מעדן קיווי שקדיה,דיפנג,,מעדן קווי,יחידה,1.00,יחידה,false,0,11.90,11.90,true,1,
7290016882766,false,קונפיטורה דלעת 290 גרם,אנטליה יניגון,TR,קונפיטורה דלעת,גרמים,290.00,100 גרם,false,1,12.90,4.45,true,1,
7290016882810,false,קונפיטורה חבושים 290 גרם,אנטליה יניגון,TR,קונפיטורה חבושים,גרמים,290.00,100 גרם,false,1,12.90,4.45,true,1,
7290016882827,false,קונפיטורה גזר 290 גרם,אנטליה יניגון,TR,קונפיטורה גזר,גרמים,290.00,100 גרם,false,1,12.90,4.45,true,1,
7290016882841,false,קונפיטורה אבטיח 290 גרם,אנטליה יניגון,TR,קונפיטורה אבטיח,גרמים,290.00,100 גרם,false,1,12.90,4.45,true,1,
7290016883206,false,קינואה 500 גרם,שקדיה,IL,קינואה,גרמים,500.00,100 גרם,false,1,15.90,3.18,true,1,
7290016897111,false,לחם קל מכוסמין מלא 500 ג,המאפה של דר' מארק,IL,לחם קל מכוסמין,גרמים,500.00,100 גרם,false,1,19.50,3.90,true,1,
7290016912494,false,"ד""ר פישר - אפקטיב קר תרחיץ פנים לכל סוגי העור 180 מ""ל","פישר תעשיות פרמצביטות בע""מ",IL,תרחיץ פנים,מיליליטרים,180.00,"100 מ""ל",false,1,14.90,8.28,true,1,
7290016967074,false,לחם חיטה מלאה עם גרעינים ודגנים,מאפיית שלמה א. אנג'\ל בע,IL,אנג'ל חיטה מלאה,גרמים,750.00,100 גרם,false,1,15.90,2.12,true,1,
7290016980103,false,בייבי בטטה שקיל,אראל תוצרת חקלאית בע,IL,בייבי בטטה,קילוגרמים,0.00,"ק""ג",true,1,8.90,8.90,true,1,
7290017023021,false,תפוזינה בוסט פומלית1.5ל,יפאורה שותפות מובגלת לשיווק,IL,תפוזינה פומלית,ליטרים,1.50,ליטר,false,1,5.90,3.93,true,1,
7290017046471,false,מארז8יח לחמניתאצבע ילדים,גידרון,IL,מארז לחמניות אצב,יחידה,1.00,יחידה,false,1,10.00,10.00,true,1,
7290017065007,false,פרוסות גבינה מוצרלה חצי קשה 22% שומן 200 ג' גד,מחלבות גד שיווק 1992 בעמ,IL,מוצרלה פרוסות,גרמים,150.00,100 גרם,false,1,17.90,11.93,true,1,
7290017142005,false,"שמן קוקוס אורגני עץ הזית צנצנת 320מ""ל",סוגת תעשיות בעמ,LK,שמן קוקוס אורגני,מיליליטרים,320.00,"100 מ""ל",false,1,29.90,9.34,true,1,
7290017142029,false,שמן קוקוס אורגני כתית1 ליטר עץ הזית,אקספולנקה,LK,שמן קוקוס אורגני,ליטרים,1.00,ליטר,false,1,69.90,69.90,true,1,
7290017189062,false,מיני פנקייקהולנדי 415 גר,.,NL,מיני פנקייק הולנ,גרמים,415.00,100 גרם,false,1,12.90,3.11,true,1,
7290017189086,false,קרפ פנקייק הולנדי מסורתי,.,NL,קרפ פנקייקהולנדי,גרמים,600.00,100 גרם,false,1,12.90,2.15,true,1,
7290019297161,false,טורטיה ראפ מקמח תירס שקדיה 450 גרם,דין שיווק וקליה 2021 בעמ,IL,טורטיות ראפ תירס12,גרמים,540.00,100 גרם,false,0,12.80,2.37,true,1,
7290019297192,false,חטיף גרנולה עם שקדים ושוקולד 175 גר',,IL,חטיפי דגנים,גרמים,175.00,100 גרם,false,0,10.00,5.71,true,1,
7290019297208,false,חטיף גרנולה עם פירות יבשים (5 יחידות) 175 גר',****דין שיווק וקליה 2021 בעמ,IL,חטיפי דגנים,גרמים,175.00,100 גרם,false,0,10.00,5.71,true,1,
7290019297215,false,"פולי סויה אדממה 1ק""ג",שקדיה,IL,פולי סויה אדממה,גרמים,1000.00,100 גרם,false,0,19.90,1.99,true,1,
7290019297222,false,פולי סויה אדממה 450גרם,שקדיה,IL,פולי סויה אדממה,גרמים,450.00,100 גרם,false,0,9.90,2.20,true,1,
7290019297383,false,מעדן משמש 100% רכיבי פרי ללא תוספת סוכ,דין שיווק וקליה 2021 בעמ,IL,מעדן משמש,גרמים,284.00,100 גרם,false,1,11.90,4.19,true,1,
7290019297406,false,מעדן דובדבן 100% רכיבי פרי ללא תוספת ס,דין שיווק וקליה 2021 בעמ,IL,מעדן דובדבדבן,גרמים,284.00,100 גרם,false,1,11.90,4.19,true,1,
7290019297413,false,מעדן אפרסק 100% רכיבי פרי ללא תוספת סו,דין שיווק וקליה 2021 בעמ,IL,מעדן משמש,גרמים,284.00,100 גרם,false,1,11.90,4.19,true,1,
7290019297420,false,מעדן תות שדה 100% רכיבי פרי 284 גר' ללא תוספת סוכר,דין שיווק וקליה 2021 בעמ,IL,מעדן תות שדה,גרמים,284.00,100 גרם,false,1,11.90,4.19,true,1,
7290019297437,false,מעדן אוכמניות 100% רכיבי פרי ללא תוספת,דין שיווק וקליה 2021 בעמ,IL,מעדן אוכמניות,גרמים,284.00,100 גרם,false,1,11.90,4.19,true,1,
7290019297512,false,"רוטב רימונים שקדיה 340 מ""ל בדץ",דין שיווק וקליה 2021 בעמ,IL,רכז רימונים,מיליליטרים,350.00,"100 מ""ל",false,0,9.90,2.83,true,1,
7290019297536,false,חמאת בוטנים עם שברי בוטנים שקדיה 510 גרם,דין שיווק וקליה 2021 בעמ,IL,חמאת בוטנים,גרמים,510.00,100 גרם,false,0,13.90,2.73,true,1,
7290019297796,false,עלי גפן ממולאים אורז400ג,.,IL,עלי גפן ממולאים,גרמים,400.00,100 גרם,false,1,9.90,2.48,true,1,
7290100240137,false,"תרסיס ריחני למייבש כחול בדין 500 מ""ל",יוניליוור ישראל שיווק בע`מ,IL,תרסיס למייבש,מיליליטרים,500.00,"100 מ""ל",false,0,14.90,2.98,true,1,
7290100240144,false,בדין תרסיס למייבש הכביסה ורוד 500מל,יוניליוור ישראל שיווק בע`מ,IL,תרסיס למייבש,מיליליטרים,500.00,"100 מ""ל",false,0,14.90,2.98,true,1,
7290100240656,false,"פתית שיפון בד""צ חדש 300X24 גר'",יוניליוור ישראל שיווק בע`מ,IL,פתית שיפון,גרמים,300.00,100 גרם,false,0,17.50,5.83,true,1,
7290100243664,false,"בדין אקסטרה סגול 960 מ""ל",יוניליוור,TR,מרכך כביסה בדין,מיליליטרים,960.00,"100 מ""ל",false,0,15.90,1.66,true,1,
7290100243671,false,"מרכך כביסה מרוכז אקסטרה כחול בדין 960 מ""ל",יוניליוור ישראל שיווק בע`מ,TR,מרכך כביסה בדין,מיליליטרים,960.00,"100 מ""ל",false,0,15.90,1.66,true,1,
7290100243688,false,"בדין אקסטרא ורוד- 960 מ""ל",יונילוור - תורכיה,TR,מרכך כביסה בדין,מיליליטרים,960.00,"100 מ""ל",false,0,15.90,1.66,true,1,
7290100244616,false,רוטב לסלט חרדל ודבש290מל,יוניליוור ישראל מזון בעמ,IL,רוטב חרדל ודבש,מיליליטרים,290.00,"100 מ""ל",false,0,10.90,3.76,true,1,
7290100245200,false,מרק עשיר שעועית קנור98גר,יוניליוור,IL,מרק עשיר שעועית,גרמים,98.00,100 גרם,false,0,9.40,9.59,true,1,
7290100245231,false,נמס בכוס מרק בטעם עוף עם אטריות ושקדי מרק-2 שקיות,יוניליוור ישראל שיווק בע`מ,IL,נמס בכוס ט.עוף,גרמים,50.00,100 גרם,false,0,6.90,13.80,true,1,
7290100247051,false,תח.רחצה פינוק קלאסי 700מ,יוניליוור ישראל טיפוח אי,IL,תחליב רחצה פינוק,מיליליטרים,700.00,"100 מ""ל",false,0,9.90,1.41,true,1,
7290100247068,false,"פינוק תחליב רחצה לבנדר ווניל700 מ""ל-",יוניליוור ישראל טיפוח אי,IL,תחליב רחצה פינוק,מיליליטרים,700.00,"100 מ""ל",false,0,9.90,1.41,true,1,
7290100247785,false,מרק תירס מוקרם 83 גרם,יוניליוור,IL,מרק תירס מוקרם,גרמים,83.00,100 גרם,false,0,9.40,11.33,true,1,
7290100247808,false,נמס בכוס ט.עוף אקסטרה28ג,יוניליוור ישראל מזון בע\,IL,נמס בכוס טעם עוף,גרמים,28.00,100 גרם,false,0,4.50,16.07,true,1,
7290100247822,false,נמס בכוס פטריות אקסטרה32,יוניליוור ישראל מזון בע\,IL,נמס בכוס פטריות,גרמים,32.00,100 גרם,false,0,4.50,14.06,true,1,
7290100247839,false,נמס בכוס ירקות אקסטרה35ג,"יוניליוור ישראל מזון בע""",IL,נמס בכוס ירקות,גרמים,35.00,100 גרם,false,0,4.50,12.86,true,1,
7290100249352,false,מרק טעם עוף 400 גרם,יוניליוור ישראל מזון בע\,IL,מרק טעם עוף,גרמים,400.00,100 גרם,false,0,12.90,3.23,true,1,
7290100249376,false,מרק בצל 400 גרם,יוניליוור,IL,מרק בצל,גרמים,400.00,100 גרם,false,0,23.70,5.93,true,1,
7290100249383,false,מרק פטריות 400 גרם,יוניליוור,IL,מרק פטריות,גרמים,400.00,100 גרם,false,0,23.70,5.93,true,1,
7290100249390,false,מרק טעם עוף ר.טבעיים400ג,יוניליוור,IL,מרק טעם עוף,גרמים,400.00,100 גרם,false,0,18.50,4.63,true,1,
7290100249482,false,נמס בכוס אפונה 25*2 גרם,יוניליוור ישראל שיווק בעמ,IL,נמס בכוס אפונה,גרמים,50.00,100 גרם,false,0,6.90,13.80,true,1,
7290100249598,false,רוטב לעוף בטעם שום ודבש קנור (320 גרם),יוניליוור ישראל שיווק בע`מ,IL,רוטב לעוף,גרמים,320.00,100 גרם,false,0,10.90,3.41,true,1,
7290100249628,false,רוטב עוף ברביקיו סויה310,יוניליוור,IL,רוטב ברביקיו,גרמים,310.00,100 גרם,false,0,10.90,3.52,true,1,
7290100249659,false,"רוטב לעוף צ'ילי מתוק ושום קנור 320 גרם בד""צ","יוניליוור ישראל שיווק בע""מ",IL,רוטב לעוף,גרמים,320.00,100 גרם,false,0,10.90,3.41,true,1,
7290100249932,false,"דליפקאן בד""ץ 400 גרם",יוניליוור,IL,דליפקאן,גרמים,400.00,100 גרם,false,0,19.90,4.98,true,1,
7290100412435,false,קוויק מטליות לחות 99.9% לניקוי כללי בריח פרחי בר 50 יחידות,שקד תבל בע`מ,IL,קוויק מגבונים,יחידה,1.00,יחידה,false,1,8.90,8.90,true,1,
7290100412442,false,קוויק מטליות לחות 99.9% לניקוי שירותים ומקלחות בריח מנטה 50 יחידות,שקד תבל בע`מ,IL,מגבונים לאמבטיה,יחידה,1.00,יחידה,false,1,8.90,8.90,true,1,
7290100413593,false,קוויק מטליות לחות גדולות לניקוי כללי בריח פרחי בר 40 יחידות,שקד תבל בע`מ,IL,קוויק מגבונים,יחידה,1.00,יחידה,false,1,8.90,8.90,true,1,
7290100613603,false,גרעין אבטיח קלוי 200גרם,א.ע.ש. קליית ציון,IL,גרעין אבטיח קלוי,גרמים,200.00,100 גרם,false,0,14.90,7.45,true,1,
7290100658338,false,"נוזל לניקוי כלים אוקסי פלוס פלמוליב 750 מ""ל",הנסיך- מפעל לייצור ט,GR,פלמוליב לכלים,מיליליטרים,750.00,"100 מ""ל",false,0,9.90,1.32,true,1,
7290100659090,false,פרי חטיפים ללא גלוטן ותוספת סוכר מארז 5 תמרים וקינמון,טבעית מוצרים מן הטבע בעמ,IL,חטיף FREE תמרים,גרמים,100.00,100 גרם,false,0,18.00,18.00,true,1,
7290100680155,false,"אלף האיים לייט2% 600מ""ל",אסם,IL,רוטב אלף האיים,מיליליטרים,600.00,"100 מ""ל",false,0,15.90,2.65,true,1,
7290100680650,false,מנה חמה נודלס-אטריות ירקות טעם תאילנדי אסם 76 ג',קבוצת אוסם סחר שותפות מוגבלת,TH,מנה חמה אסם,גרמים,76.00,100 גרם,false,0,6.90,9.08,true,1,
7290100680667,false,מנה חמה נודלס בסגנון סצ`ואן אסם (76 גרם),קבוצת אוסם סחר שותפות מוגבלת,TH,מנה חמה נודלס,גרמים,76.00,100 גרם,false,0,6.90,9.08,true,1,
7290100680711,false,פירורית זהב אסם זהב 350ג',קבוצת אוסם סחר שותפות מוגבלת,IL,פירורית זהב אסם,גרמים,350.00,100 גרם,false,0,8.80,2.51,true,1,
7290100680728,false,פירורית רגילה שקית 350 גרם,קבוצת אוסם סחר שותפות מוגבלת,IL,פירורית אסם,גרמים,350.00,100 גרם,false,0,7.60,2.17,true,1,
7290100680889,false,קרם קרקר חיטה מלאה 300גר,אסם,IL,קרקר חיטה מלאה,גרמים,300.00,100 גרם,false,0,10.50,3.50,true,1,
7290100681015,false,אינסטנט פודינג בטעם ריבת חלב אסם 84 גרם,קבוצת אוסם סחר שותפות מוגבלת,IL,אינסטנט פודינג,גרמים,84.00,100 גרם,false,0,5.50,6.55,true,1,
7290100681114,false,רוטב סויה סיני גדול600גר,"אסם השקעות בע""\מ",IL,רוטב סויה אסם,מיליליטרים,600.00,"100 מ""ל",false,0,13.90,2.32,true,1,
7290100681138,false,מארז אפרופו חטיף תירס 3 יחידות,קבוצת אוסם סחר שותפות מוגבלת,IL,אפרופו 3יח במארז,גרמים,150.00,100 גרם,false,0,12.80,8.53,true,1,
7290100681503,false,עסיס סירופ לימונענע דיאטטי 1 ליטר,קבוצת אוסם סחר שותפות מוגבלת,IL,סירופ דיאט,ליטרים,1.00,ליטר,false,0,10.90,10.90,true,1,
7290100681510,false,סירופ דיאט בטעם אשכולית אדומה עסיס 1 ליטר,קבוצת אוסם סחר-שות.מוגבלת,IL,סירופ דיאט,ליטרים,1.00,ליטר,false,0,10.90,10.90,true,1,
7290100681640,false,לחמית חיטה מלאה ובצל230ג,אסם,IL,לחמית בצל,גרמים,230.00,100 גרם,false,0,9.50,4.13,true,1,
7290100682791,false,פודינג וניל 80*3 גרם,אסם,IL,פודינג וניל 3 יח,גרמים,240.00,100 גרם,false,0,10.00,4.17,true,1,
7290100683200,false,"רוטב ברביקיו 290 מ""ל","אסם השקעות בע""\מ",IL,רוטב ברביקיו,מיליליטרים,290.00,"100 מ""ל",false,0,9.90,3.41,true,1,
7290100683217,false,"ויטמינצ'יק תפו""ע 2 ליטר",בית-השיטה עסיס תעשיות מז,IL,"ויטמינצ'יק תפו""ע",ליטרים,2.00,ליטר,false,0,23.90,11.95,true,1,
7290100683880,false,פירה אסם ללא צורך בבישול 260 גרם,קבוצת אוסם סחר שותפות מוגבלת,IL,פירה אסם,גרמים,260.00,100 גרם,false,0,13.90,5.35,true,1,
7290100685136,false,"אבקת מרק טעם עוף 1 ק""ג 1/8 אסם",קבוצת אוסם סחר שותפות מוגבלת,IL,מרק טעם עוף,קילוגרמים,1.00,"ק""ג",false,0,15.50,15.50,true,1,
7290100685334,false,אבקת מרק עוף אמיתי בשרי רכיבים טבעיים אסם 400 גרם,קבוצת אוסם סחר שותפות מוגבלת,IL,מרק עוף אמיתי,גרמים,400.00,100 גרם,false,0,21.70,5.43,true,1,
7290100685341,false,אבקת מרק טעם עוף זך רכיבים טבעיים אסם 400 גרם,קבוצת אוסם סחר שותפות מוגבלת,IL,מרק טעם עוף,גרמים,400.00,100 גרם,false,0,15.80,3.95,true,1,
7290100686164,false,מארז מולטיפק ביסלי ברביקיו 6 יח 35 גר יח,קבוצת אוסם סחר שותפות מוגבלת,IL,ביסלי מארז 6 יח,גרמים,210.00,100 גרם,false,0,12.90,6.14,true,1,
7290100686171,false,מארז מולטיפק ביסלי גריל 6 יח 35 גר ליח,קבוצת אוסם סחר שותפות מוגבלת,IL,ביסלי מארז 6 יח,גרמים,210.00,100 גרם,false,0,12.90,6.14,true,1,
7290100687109,false,במבה במילוי קרם נוגט 60ג' אסם,קבוצת אוסם סחר-שות.מוגבלת,IL,במבה נוגט,גרמים,60.00,100 גרם,false,0,5.10,8.50,true,1,
7290100689844,false,מרק עוף ואטריות לבישול70,אסם,IL,מרק עוף+אטריות,גרמים,70.00,100 גרם,false,0,8.90,12.71,true,1,
7290100700006,false,"חיטה סוגת 1 ק""ג","סוגת תעשיות בע""\מ",IL,חיטה,קילוגרמים,1.00,"ק""ג",false,0,8.80,8.80,true,1,
7290100700020,false,גריסי פנינה סוגת (500 גרם),האי נאם סי או אל.טי.,IL,גריסי פנינה,גרמים,500.00,100 גרם,false,0,4.90,0.98,true,1,
7290100700273,false,קינואה לבנה 500 ג סו,האי נאם סי או אל.טי.,IL,קינואה סוגת,גרמים,500.00,100 גרם,false,0,18.90,3.78,true,1,
7290100700297,false,עדשים שחורות מנומרות סוגת 500 גרם,"סוגת תעשיות בע""מ",IL,עדשים מנומרות,גרמים,500.00,100 גרם,false,1,7.90,1.58,true,1,
7290100700365,false,"שעועית אדומה 1 ק""ג סוגת",סוגת תעשיות בעמ,IL,שעועית אדומה 1קג,קילוגרמים,1.00,"ק""ג",false,0,21.60,21.60,true,1,
7290100700372,false,"אורז בסגנון בסמטי מלא 1 ק""ג",האי נאם סי או אל.טי.,IL,אורז בסמטי מלא,קילוגרמים,1.00,"ק""ג",false,0,10.00,10.00,true,1,
7290100700389,false,"אורז אדום סוגת 1 ק""ג","סוגת תעשיות בע""\מ",IL,אורז אדום סוגת,קילוגרמים,1.00,"ק""ג",false,0,10.00,10.00,true,1,
7290100700396,false,"אורז יסמין קלאסי סוגת 1 ק""ג",האי נאם סי או אל.טי.,IL,אורז יסמין סוגת,קילוגרמים,1.00,"ק""ג",false,0,10.00,10.00,true,1,
7290100700419,false,"בורגול סוגת 1 ק""ג","סוגת תעשיות בע""\מ",IL,"בורגול 1 ק""ג",קילוגרמים,1.00,"ק""ג",false,0,7.90,7.90,true,1,
7290100700587,false,"בורגול ""סוגת"" 500 גרם",האי נאם סי או אל.טי.,IL,בורגול 500 גרם,גרמים,500.00,100 גרם,false,0,4.90,0.98,true,1,
7290100701331,false,קמח רב תכליתי שטיבל קמח חיטה לבן בהיר,"שטיבל בע""\מ - טחנות קמח",IL,קמח רב תכליתי,קילוגרמים,1.00,"ק""ג",false,0,6.90,6.90,true,1,
7290100701454,false,בורגול דק גרישה סוגת (500 גרם),"סוגת תעשיות בע""\מ",IL,גרישה 500 גרם,גרמים,500.00,100 גרם,false,0,4.90,0.98,true,1,
7290100701577,false,קמח לחם קמח חיטה לבן שטיבל,טחנות קמח שטיבל באר שבע,IL,"קמח לחם 1 ק""ג",קילוגרמים,1.00,"ק""ג",false,0,6.90,6.90,true,1,
7290100701881,false,קמח פיצה ופוקצ'ה- קמח חיטה לבן בהיר שטיבל,"שטיבל בע""\מ - טחנת קמח",IL,קמח פיצה ופוקצ'ה,קילוגרמים,1.00,"ק""ג",false,0,6.90,6.90,true,1,
7290100701966,false,אפונה צהובה 500 ג' סוגת,"סוגת תעשיות בע""מ",IL,אפונה צהובה,גרמים,500.00,100 גרם,false,1,6.90,1.38,true,1,
7290100702611,false,פתיתים אפויים אורז 500 גרם סוגת,"אסיף תעשיות מזון בע""\מ",IL,פתיתים סוגת,גרמים,500.00,100 גרם,false,0,4.90,0.98,true,1,
7290100702628,false,פתיתים אפויים קוסקוס סוגת 500 גרם,"אסיף תעשיות מזון בע""\מ",IL,פתיתים סוגת,גרמים,500.00,100 גרם,false,0,4.90,0.98,true,1,
7290100702680,false,פתיתים קידס חיות 400 ג,אסיף תעשיות מזון,IL,פתיתים קידס חיות,גרמים,400.00,100 גרם,false,0,5.10,1.28,true,1,
7290100703434,false,בורגול חום סוגת 500 ג',"סוגת תעשיות בע""מ",IL,בורגול חום,גרמים,500.00,100 גרם,false,1,4.90,0.98,true,1,
7290100703458,false,כוסמת לא קלויה 500ג סוגת*,"סוגת תעשיות בע""\מ",IL,כוסמת לא קלויה,גרמים,500.00,100 גרם,false,1,6.90,1.38,true,1,
7290100703533,false,קמח קסם תערובת קמח שמרים סוגת 1 קג,טחנות קמח שטיבל באר שבע,IL,קמח קסם,קילוגרמים,1.00,"ק""ג",false,1,7.90,7.90,true,1,
7290100799840,false,קפה שחור אספרסו אורגנ200,,,קפה שחור אספרסו,גרמים,200.00,100 גרם,false,0,23.70,11.85,true,1,
7290100821480,false,לסרה לק,,,לסרה לק,יחידה,1.00,יחידה,false,0,10.10,10.10,true,1,
7290100821923,false,לה סרה לק חלום שקוף,"טאב קוסמטיקס בע""מ",IL,לק חלום שקוף,יחידה,1.00,יחידה,false,0,10.10,10.10,true,1,
7290100822067,false,לה סרה לק אולטרא סגול,"טאב קוסמטיקס בע""מ",IL,לק אולטרא סגול,יחידה,1.00,יחידה,false,0,10.10,10.10,true,1,
7290100822883,false,לסרה לק,,,לסרה לק,יחידה,1.00,יחידה,false,0,10.10,10.10,true,1,
7290100827758,false,לסרה לק 59 ורוד טבעי,"טאב קוסמטיקס בע""מ",IL,לסרה לק,יחידה,1.00,יחידה,false,0,10.10,10.10,true,1,
7290100850008,false,שוקולד חלב+סוכ.קופצות85ג,STRAUSS-ISRAEL,IL,שוקולד וסוכריות,גרמים,85.00,100 גרם,false,0,5.50,6.47,true,1,
7290100850336,false,חטיף מיני פסק זמן 19,STRAUSS-ISRAEL,IL,מיני פסק זמן,גרמים,195.00,100 גרם,false,0,15.90,8.15,true,1,
7290100850343,false,מקופלת מיני שוק.חלב,STRAUSS-ISRAEL,IL,מיני מקופלת,גרמים,200.00,100 גרם,false,0,15.90,7.95,true,1,
7290100850459,false,מיקס חטיפים 390 גרם,STRAUSS-ISRAEL,IL,מיקס חטיפים,גרמים,390.00,100 גרם,false,0,20.90,5.36,true,1,
7290100850466,false,חטיף מיני מיקס פסק ז,STRAUSS-ISRAEL,IL,מיקס פסק זמן,גרמים,390.00,100 גרם,false,0,20.90,5.36,true,1,
7290100850909,false,חטיף תירס נאצ`ו מקסיקני דוריטוס (70 גרם),"שטראוס פריטו ליי בע""\מ",IL,דוריטוס נאצ'ו,גרמים,70.00,100 גרם,false,0,3.60,5.14,true,1,
7290100850916,false,דוריטוס חמוץ חריף מעודן 70 גרם כשר לפסח,"שטראוס פריטו ליי בע""\מ )",IL,דוריטוס חמוץ ח,גרמים,70.00,100 גרם,false,0,3.60,5.14,true,1,
7290100850923,false,חטיף תירס גריל דוריטוס (70 גרם),"שטראוס פריטו ליי בע""\מ )",IL,דוריטוס גריל,גרמים,70.00,100 גרם,false,0,3.60,5.14,true,1,
7290100850930,false,חטיף תירס בטעם טבעי דוריטוס (70 גרם),"שטראוס פריטו ליי בע""\מ )",IL,חטיף דוריטוס,גרמים,70.00,100 גרם,false,0,3.60,5.14,true,1,
7290100852606,false,קפה טורקי 100*4 גרם,שטראוס קפה בי.ויn\.,IL,קפה טורקי 4 יח,גרמים,400.00,100 גרם,false,0,29.90,7.48,true,1,
7290100853689,false,בראוניז שוקולד עשירה380ג,STRAUSS-ISRAEL,IL,בראוניס שוקולד,גרמים,380.00,100 גרם,false,0,16.00,4.21,true,1,
7290100854266,false,שוקולד מריר 60%קקאו100ג,שטראוס גרופ בעמ,IL,שוקולד מריר,גרמים,100.00,100 גרם,false,0,7.90,7.90,true,1,
7290100856253,false,ממרח שוק.ל.תוס.סוכר300ג,שטראוס,IL,ממרח שוקולד פרה,גרמים,300.00,100 גרם,false,0,16.90,5.63,true,1,
7290100858226,false,טבלת פסק זמן קלאסי110גרם,STRAUSS-ISRAEL,IL,טבלת פסק זמן,גרמים,110.00,100 גרם,false,0,8.10,7.36,true,1,
7290100858592,false,אבקת קקאו עלית שקית 150 ג',הנסיך- מפעל לייצור ט,IL,קקאו עלית,גרמים,150.00,100 גרם,false,0,9.90,6.60,true,1,
7290100858608,false,עלית אבקת קקאו כשלפ 500 גרם,שטראוס קפה בי.ויn\.,IL,קקאו עלית,גרמים,500.00,100 גרם,false,0,23.90,4.78,true,1,
7290100858653,false,מיקס חטיפים סגול 390 גרם,STRAUSS-ISRAEL,IL,מיקס חטיפים,גרמים,390.00,100 גרם,false,0,20.90,5.36,true,1,
7290100859162,false,שוקולד פרה60% מריר100*2ג,STRAUSS-ISRAEL,IL,שוקולד מריר 2 יח,גרמים,200.00,100 גרם,false,0,14.50,7.25,true,1,
7290100859209,false,מסטיק מאסט עלמה אוכמני28,שטראוס,IL,מסטיק מאסט,גרמים,28.00,100 גרם,false,0,4.30,15.36,true,1,
7290100920527,false,כדוריות לאסלה טרופי 50 ג,הנקל סוד,HU,כדוריות לאסלה,גרמים,50.00,100 גרם,false,1,8.90,17.80,true,1,
7290100921418,false,מרכך מועשר בקרטין הוואי (700 מל),תאי פרזידנט פוד פאבל,IL,מרכך הוואי,מיליליטרים,700.00,"100 מ""ל",false,0,8.90,1.27,true,1,
7290100921593,false,מנקה אסלה סוד 4 כדוריות לאסלה לימון נתלה 50 ג',גורי שיווק בעמ,HU,סבון אסלה,גרמים,50.00,100 גרם,false,0,8.90,17.80,true,1,
7290100921609,false,סוד סבון לאסלה 4 כדוריות בניחוח אוקיינוס 50 ג',גורי שיווק בעמ,IL,סבון אסלה,גרמים,50.00,100 גרם,false,0,8.90,17.80,true,1,
7290100921616,false,סוד סבון לאסלה 4 כדוריות בניחוח אורנים 50 ג',גורי שיווק בעמ,IL,סבון אסלה,גרמים,50.00,100 גרם,false,0,8.90,17.80,true,1,
7290100921623,false,מנקה אסלה סוד 4 כדוריות נתלה אקונומיקה נתלה 50 ג',גורי שיווק בעמ,IL,סבון אסלה,גרמים,50.00,100 גרם,false,0,8.90,17.80,true,1,
7290100921760,false,שמפו לשיער ולגוף ספורט הוואי (700 מל),טרופיקל דגיל בעמ,IL,שמפו הוואי,מיליליטרים,700.00,"100 מ""ל",false,0,8.90,1.27,true,1,
7290100921876,false,נוזל לרצפות סוד,,IL,נוזל לרצפות סוד,ליטרים,3.00,ליטר,false,0,19.70,6.57,true,1,
7290100922408,false,תחליב רחצה הוואי נקטר750,טרופיקל דגיל,IL,תחליב רחצה הוואי,מיליליטרים,750.00,"100 מ""ל",false,0,9.90,1.32,true,1,
7290100922422,false,הוואי אל סבון מוצק נקטר מזין*4,הנקל סוד בע`מ,IL,4סבון הוואי מוצק,גרמים,400.00,100 גרם,false,0,14.80,3.70,true,1,
7290100922606,false,שמפו הוואי 7שמנים פרח700,טרופיקל דגיל,IL,שמפו הוואי,מיליליטרים,700.00,"100 מ""ל",false,1,8.90,1.27,true,1,
7290100922620,false,ג'ל רח.הוואי מי קוקוס750,טרופיקל דגיל,IL,ג'ל רחצה הוואי,מיליליטרים,750.00,"100 מ""ל",false,1,9.90,1.32,true,1,
7290100922651,false,הוואי - סבון מוצק מי קוקוס 100 גרם רביעייה,טרופיקל דגיל קוסמטיק,IL,סבון הוואי 4 יח,גרמים,400.00,100 גרם,false,1,11.90,2.98,true,1,
7290100922668,false,קרם רח.הוואי רגעים גן750,טרופיקל דגיל,IL,קרם רחצה הוואי,מיליליטרים,750.00,"100 מ""ל",false,1,9.90,1.32,true,1,
7290100922705,false,אל סבון הוואי לבנים 750מ,טרופיקל דגיל,IL,אל סבון הוואי,מיליליטרים,750.00,"100 מ""ל",false,1,9.90,1.32,true,1,
7290100923108,false,תח.הוואי יוגורט וניל750מ,טרופיקל דגיל,IL,תחליב רחצה הוואי,מיליליטרים,750.00,"100 מ""ל",false,0,9.90,1.32,true,1,
7290100923122,false,תח.רחצה הוואי יוגורט 750,טרופיקל דגיל,IL,תחליב רחצה הוואי,מיליליטרים,750.00,"100 מ""ל",false,0,9.90,1.32,true,1,
7290100923146,false,תחליב רחצה הוואי משי750מ,טרופיקל דגיל,IL,תחליב רחצה הוואי,מיליליטרים,750.00,"100 מ""ל",false,0,9.90,1.32,true,1,
7290100923153,false,תחליב רחצה הוואי קאקא750,טרופיקל דגיל,IL,תחליב רחצה הוואי,מיליליטרים,750.00,"100 מ""ל",false,0,9.90,1.32,true,1,
7290100924204,false,"פרסיל אבקה לכביסה רגיל 8 ק""ג",גורי שיווק בעמ,IL,אבקת כביסה פרסיל,קילוגרמים,8.00,"ק""ג",false,0,55.90,6.99,true,1,
7290100924457,false,שלישיית כדוריות סבון לאסלה לימון סוד 50 גרם,גורי שיווק בעמ,PL,כדוריות לאסלה,גרמים,150.00,100 גרם,false,1,12.90,8.60,true,1,
7290100924464,false,כדוריות סבון נתלה לאסלה עם אקונומיקה - 3 יח',גורי שיווק בעמ,HU,כדוריות לאסלה,גרמים,150.00,100 גרם,false,1,12.90,8.60,true,1,
7290100924594,false,סוד מרכך מרוכז ורוד900מ,הנקל סוד,IL,סוד מרכך ורוד,מיליליטרים,900.00,"100 מ""ל",false,1,12.90,1.43,true,1,
7290100924600,false,סוד מרכך מרוכז כחול900מ,הנקל סוד,IL,סוד מרכך כחול,מיליליטרים,900.00,"100 מ""ל",false,1,12.90,1.43,true,1,
7290100924617,false,סוד מרכך מרוכז סגול900מ,הנקל סוד,IL,סוד מרכך סגול,מיליליטרים,900.00,"100 מ""ל",false,1,12.90,1.43,true,1,
7290100924778,false,פרסיל סופר קאפס 14יח,הנקל סוד,HU,פרסיל סופר קאפס,יחידה,1.00,יחידה,false,1,19.70,19.70,true,1,
7290100925232,false,סוד רצפות בריליאנט ירוק,הנקל סוד,ES,בריליאנט לרצפות,ליטרים,1.25,ליטר,false,1,10.90,8.72,true,1,
7290100925539,false,פרסיל ג'ל 2.7 ליטר,הנקל סוד,IL,פרסיל ג'ל,ליטרים,2.70,ליטר,false,1,34.10,12.63,true,1,
7290100925546,false,פרסיל ג'ל קולור2.7ליטר,הנקל סוד,IL,פרסיל ג'ל,ליטרים,2.70,ליטר,false,1,34.10,12.63,true,1,
7290100925553,false,פרסיל ג'ל לבנדר2.7ליטר,הנקל סוד,IL,פרסיל ג'ל,ליטרים,2.70,ליטר,false,1,34.10,12.63,true,1,
7290100925560,false,פרסיל ג'ל בלו 2.7 ליטר,הנקל סוד,IL,פרסיל ג'ל,ליטרים,2.70,ליטר,false,1,34.10,12.63,true,1,
7290100925591,false,פרסיל ג'ל 4.5 ליטר,הנקל סוד,IL,פרסיל ג'ל,ליטרים,4.50,ליטר,false,1,39.90,8.87,true,1,
7290100925607,false,פרסיל ג'ל קולור 4.5 ליטר,הנקל סוד,IL,פרסיל ג'ל קולור,ליטרים,4.50,ליטר,false,1,39.90,8.87,true,1,
7290100925676,false,קולור קאצר 20 דפים לוכדי צבע למכונת כביס,גורי שיווק בעמ,IE,קולור קאצ'ר,יחידה,1.00,יחידה,false,1,19.90,19.90,true,1,
7290100925751,false,נוזל כלים תפוח סוד (650 מל),גורי שיווק בעמ,IL,נוזל כלים תפוח,מיליליטרים,650.00,"100 מ""ל",false,1,6.50,1.00,true,1,
7290100925782,false,סוד נוזל כלים 1.25 ליטר לימון,גורי שיווק בעמ,IL,סוד לכלים,ליטרים,1.25,ליטר,false,1,8.90,7.12,true,1,
7290100926147,false,אבקת כביסה פרסיל קולור שקית 2.5 קג,גורי שיווק בעמ,IL,אבקת כביסה פרסיל,קילוגרמים,2.50,"ק""ג",false,0,19.90,7.96,true,1,
7290100926598,false,פרסיל א.כביסה סודה אקטיב 5קג,גורי שיווק בעמ,IL,פרסיל סופרא,קילוגרמים,5.00,"ק""ג",false,0,34.90,6.98,true,1,
7290100928714,false,פרסיל ג'ל בלאק 2.7 ליטר,הנקל סוד,IL,פרסיל ג'ל בלאק,ליטרים,2.70,ליטר,false,0,34.10,12.63,true,1,
7290100928844,false,תח.רחצה הוואי ויולה750,טרופיקל דגיל,IL,תחליב רחצה הוואי,מיליליטרים,750.00,"100 מ""ל",false,0,9.90,1.32,true,1,
7290100929728,false,מרכך ארומה סגול 900מל,סוד,IL,מרכך מרוכז ארומה,מיליליטרים,900.00,"100 מ""ל",false,0,12.90,1.43,true,1,
7290100929742,false,מרכך מרוכז ארומה,,IL,מרכך מרוכז ארומה,מיליליטרים,900.00,"100 מ""ל",false,0,12.90,1.43,true,1,
7290101110149,false,גלידה בלסימו וניל עם פליק 1.3 ל' פלדמן,גלידות פלדמן,IL,גל.פלדמן,ליטרים,1.30,ליטר,false,0,21.90,16.85,true,1,
7290101110163,false,גלידה בליסימו וניל עוגיות 1.3 ל' פלדמן,גלידות פלדמן,IL,גל.פלדמן,ליטרים,1.30,ליטר,false,0,21.90,16.85,true,1,
7290101110279,false,גלידה משפחתית שוקולד פאדג פקאן 1.3ל,פלקו בעמ חברה ישראלית,IL,גל.פלדמן,ליטרים,1.30,ליטר,false,0,21.90,16.85,true,1,
7290101110460,false,גלידה בליסימו וניל צרפתי 1.3 ל' פלדמן,פלקו בעמ חברה ישראלית,IL,גל.פלדמן,ליטרים,1.30,ליטר,false,0,21.90,16.85,true,1,
7290101111085,false,"גל.שוקולד חלב מריר כשל""פ",גלידות פלדמן,IL,גל.פלדמן,ליטרים,1.30,ליטר,false,0,21.90,16.85,true,1,
7290101111429,false,גל.שוק.וניל דובדבן1.3כשל,גלידות פלדמן,IL,גל.פלדמן,ליטרים,1.30,ליטר,false,0,21.90,16.85,true,1,
7290101111832,false,בליסימו יוגורט מנגו אפרס,גלידות פלדמן,IL,בליסימו 1.3ליטר,ליטרים,1.30,ליטר,false,0,21.90,16.85,true,1,
7290101112785,false,גל משפ בליסימו וניל פרוה,גלידות פלדמן,IL,גל משפ בליסימו,גרמים,650.00,100 גרם,false,1,21.90,3.37,true,1,
7290101112808,false,מאגדת מרגריטה ואשכולית י,גלידות פלדמן,IL,מאגדת מרגריטה,יחידה,1.00,יחידה,false,1,26.90,26.90,true,1,
7290101480327,false,משחת קולגייט + מברשת,קולגייט-פלמוליב,PL,משחת קולגייט+מבר,יחידה,1.00,יחידה,false,1,9.90,9.90,true,1,
7290101486688,false,חטיף דגנים עם שוקולד ללא גלוטן וסוכר פרי 5*20 גרם,טבעית מוצרים מן הטבע בעמ,IL,חטיף FREE 5 יח',גרמים,100.00,100 גרם,false,0,18.00,18.00,true,1,
7290101488286,false,"ליידי ספיד סטיק - דאודורנט ספריי לאישה 24/7 פרש פיוזן ורוד 150 מ""ל",ליידי ספיד סטיק Lady Speed Stick,MX,ליידי ספיד סטיק,מיליליטרים,150.00,"100 מ""ל",false,0,15.00,10.00,true,1,
7290101580089,false,יין יוגב קברנה סוביניון,בנימינה Binyamina,IL,יוגב קברנה,מיליליטרים,750.00,"100 מ""ל",false,1,29.90,3.99,true,1,
7290101581208,false,יין רזרב Reserve קברנה סוביניון גליל,בנימינה Binyamina,IL,קברנה רזרב,גרמים,750.00,100 גרם,false,1,49.90,6.65,true,1,
7290101581734,false,יין רזרב Reserve מרלו גליל,בנימינה Binyamina,IL,מרלו רזרב,מיליליטרים,750.00,"100 מ""ל",false,1,49.90,6.65,true,1,
7290101863410,false,"סיליט באנג ספריי ניקוי עוצמתי מכיל אקונומיקה 750 מ""ל",רקיט בנקיזר (ניר איסט) בעמ,PL,סילים ספריי,מיליליטרים,750.00,"100 מ""ל",false,0,10.00,1.33,true,1,
7290101864127,false,ספריי להסרת כתמים וניש קליה (750 מל),רקיט בנקיזר (ניר איסט) בעמ,PL,וניש קליה ספריי,מיליליטרים,750.00,"100 מ""ל",false,0,15.00,2.00,true,1,
7290101865261,false,נוזל הברקה למדיח כלים פיניש (800 מל),רקיט בנקיזר (ניר איסט) בעמ,PL,פיניש נוזל הברקה,מיליליטרים,800.00,"100 מ""ל",false,0,19.90,2.49,true,1,
7290101866176,false,קולון101 ג'ל כביסה3ליטר,רקיט בנקיזר,,קולון ג'ל,ליטרים,3.00,ליטר,false,0,25.90,8.63,true,1,
7290101866633,false,וניש קליה גל להסרת כתמים 3 ליטר אוקסיפרש,רקיט בנקיזר (ניר איסט) בעמ,,וניש קליה ג'ל,ליטרים,3.00,ליטר,false,0,24.90,8.30,true,1,
7290101866787,false,וניש קליה נוזל מסיר כתמים לכביסה לבנה 3 ליטר,רקיט בנקיזר (ניר איסט) בעמ,IL,וניש לכביסה לבנה,ליטרים,3.00,ליטר,false,0,24.90,8.30,true,1,
7290101867135,false,קולון 101 ג'ל כביסה 5ל,רקיט בנקיזר,IL,ג'ל כביסה קולון,ליטרים,5.00,ליטר,false,0,34.90,6.98,true,1,
7290101868460,false,"אבקת כביסה קולון 101 8 ק""ג",רקיט בנקיזר (ניר איסט) בעמ,IL,"קולון 101 8 ק""ג",קילוגרמים,8.00,"ק""ג",false,0,39.90,4.99,true,1,
7290101868958,false,פיניש נוזל הברקה למדיח בניחוח לימון,רקיט בנקיזר (ניר איסט) בעמ,PL,פיניש נוזל הברקה,מיליליטרים,800.00,"100 מ""ל",false,0,19.90,2.49,true,1,
7290101868996,false,פיניש AIO הכל ב1 60טבליו,רקיט בנקיזר,PL,פיניש טבליות,יחידה,1.00,יחידה,false,1,49.90,49.90,true,1,
7290101869528,false,קולון ג'ל כביסה מאסק 3ל',רקיט בנקיזר,IL,קולון ג'ל מאסק,ליטרים,3.00,ליטר,false,0,25.90,8.63,true,1,
7290101869702,false,"ג 'ל פיניש AIO MAX מרוכז למדיח 600מ""ל",רקיט בנקיזר (ניר איסט) בעמ,PL,פיניש ג'ל למדיח,מיליליטרים,600.00,"100 מ""ל",false,1,24.90,4.15,true,1,
7290101869726,false,ג'ל מרוכז למדיח הכל ב-1 פיניש 1 ליטר,רקיט בנקיזר (ניר איסט) בעמ,PL,פיניש ג'ל למדיח,ליטרים,1.00,ליטר,false,1,34.90,34.90,true,1,
7290101869832,false,"אירוויק מילוי מבשם אויר חשמלי חלום ליל קיץ 19 מ""ל",רקיט בנקיזר (ניר איסט) בעמ,PL,אירוויק מילוי,מיליליטרים,19.00,"100 מ""ל",false,1,19.90,104.74,true,1,
7290101869917,false,"אירוויק מילוי מבשם אויר אטומטי היער הקסום 19 מ""ל",רקיט בנקיזר (ניר איסט) בעמ,PL,אירוויק מילוי,מיליליטרים,250.00,"100 מ""ל",false,1,19.90,7.96,true,1,
7290101869962,false,"אירוויק מקלות ריחניים בניחוח חלום ליל קיץ 30 מ""ל",רקיט בנקיזר (ניר איסט) בעמ,PL,מקלות ריחניים,יחידה,1.00,יחידה,false,1,15.00,15.00,true,1,
7290102030330,false,תפוצ`יפס אקסטרא מקסיקני 200 גרם +20 תו,"שטראוס פריטו ליי בע""\מ )",IL,תפוצ'יפס,גרמים,200.00,100 גרם,false,0,10.00,5.00,true,1,
7290102031276,false,מארז 8 יחידות אקטימל משקה יוגורט בטעם תות בננה,שטראוס גרופ בעמ/מצונן,IL,אקטימל 8 יח,מיליליטרים,800.00,"100 מ""ל",false,0,20.90,2.61,true,1,
7290102035007,false,מסטיק מאסט בזוקה ללא סוכר 28 גרם כשלפ,שטראוס גרופ בע`מ,IL,מסטיק מאסט,גרמים,28.00,100 גרם,false,0,4.30,15.36,true,1,
7290102037551,false,צ'יטוס דולפינים 15*10 גר,עלית,IL,צ'יטוס מארז 10יח,גרמים,150.00,100 גרם,false,0,9.90,6.60,true,1,
7290102060764,false,מארז זוג מברשות שיניים מרידול,יבואן ומשווק: ש. שסט,CH,2 מברשות שיניים,יחידה,1.00,יחידה,false,0,33.90,33.90,true,1,
7290102060979,false,אלמקס משחת שיניים למניעת עששת 100 מל,יבואן ומשווק: ש. שסט,DE,משחת שיניים,מיליליטרים,100.00,"100 מ""ל",false,0,15.90,15.90,true,1,
7290102060993,false,משחת שיניים מרידול100*2מ,קולגייט-פלמוליב,PL,משחת מרידול 2 יח,מיליליטרים,200.00,"100 מ""ל",false,0,30.00,15.00,true,1,
7290102062195,false,"משחת שיניים לילדים לגילאי 6-12 אלמקס 75 מ""ל",יבואן ומשווק: ש. שסט,DE,משחת אלמקס,מיליליטרים,75.00,"100 מ""ל",false,0,13.80,18.40,true,1,
7290102300815,false,"גבינת צ'דר אנגלית כתומה פרוס, 200 גרם",א. סיימן סחר בעמ,GB,צ'דר אנגלית,גרמים,200.00,100 גרם,false,0,22.70,11.35,true,1,
7290102300860,false,"גבינת צ'דר אנגלית לבן, 200 גרם",א. סיימן סחר בעמ,GB,צ'דר אנגלית,גרמים,200.00,100 גרם,false,0,23.60,11.80,true,1,
7290102302246,false,גבינת גאודה הולנדית 200 גרם,מיוצר עי קונדיטוריית,NL,גבינת גאודה,גרמים,200.00,100 גרם,false,1,24.90,12.45,true,1,
7290102302253,false,"גבינת גאודה עיזים חצי קשה 34%, 200 גרם",מיוצר עי קונדיטוריית,NL,גאודה עיזים,גרמים,200.00,100 גרם,false,1,29.90,14.95,true,1,
7290102390427,false,יוגורט ביו עם קציפת תות 3% שומן 150 ג' מולר,החברה המרכזית טלהפצת משקאות בע,IL,יוגורט מולר תות,מיליליטרים,150.00,"100 מ""ל",false,0,5.00,3.33,true,1,
7290102390465,false,יוגורט ביו עם קציפת אפרסק ופסיפלורה 3% שומן 150 ג' מולר,החברה המרכזית טלהפצת משקאות בע,IL,יוגורט מולר,מיליליטרים,150.00,"100 מ""ל",false,0,5.00,3.33,true,1,
7290102390489,false,יוגורט ביו עם קציפת לימון 3% שומן 150 ג' מולר,*החברה המרכזית להפצת משקאותבעמ,IL,יוגורט לימון,מיליליטרים,150.00,"100 מ""ל",false,0,5.00,3.33,true,1,
7290102391844,false,יוגורט ביו עם קציפת פירות יער3% שומן 150 ג' מולר,החברה המרכזית טלהפצת משקאות בע,IL,יוגורט מולר,מיליליטרים,150.00,"100 מ""ל",false,0,5.00,3.33,true,1,
7290102392049,false,גבינה לאפיה תבור ללא תוספת מלח 5% משק צוריאל 500 גרם,החברה המרכזית טלהפצת משקאות בע,IL,תבור גבינה לאפיה,גרמים,500.00,100 גרם,false,0,24.00,4.80,true,1,
7290102392094,false,חלב עיזים 3.7% בקרטון משק צוריאל 1 ליטר,החברה המרכזית טלהפצת משקאות בע,IL,חלב עיזים קרטון,ליטרים,1.00,ליטר,false,0,14.90,14.90,true,1,
7290102392254,false,"חלב בקרטון 1% 2 ליטר בד""צ - מוצר בפיקוח",*החברה המרכזית להפצת משקאותבעמ,IL,חלב 1% בקרטון,ליטרים,2.00,ליטר,false,0,10.80,5.40,true,1,
7290102392711,false,מולר יוגורט לבן טבעי,Unknown,IL,יוגורט ביאנקו,גרמים,200.00,100 גרם,false,0,4.00,2.00,true,1,
7290102392728,false,יוגורט ביו ביאנקו 2.8% מולר (200 גרם),*החברה המרכזית להפצת משקאותבעמ,IL,יוגורט לבן ביו,גרמים,200.00,100 גרם,false,0,4.00,2.00,true,1,
7290102393039,false,"יוגורט ביו קרמי מיקס פצפוצי שוקולד 7.6% מולר 170 מ""ל",*החברה המרכזית להפצת משקאותבעמ,IL,יוגורט מולר מיקס,גרמים,150.00,100 גרם,false,0,5.90,3.93,true,1,
7290102393060,false,"יוגורט ביו קרמי מיקס גלילי ופל ואגוזים 5.9% מולר 170 מ""ל",*החברה המרכזית להפצת משקאותבעמ,IL,יוגורט מולר מיקס,גרמים,150.00,100 גרם,false,0,5.90,3.93,true,1,
7290102393169,false,"יוגורט סימפלי פרוט בטעם תות 3% מולר 150 מ""ל",*החברה המרכזית להפצת משקאותבעמ,IL,יוגורט מולר תות,גרמים,150.00,100 גרם,false,0,4.90,3.27,true,1,
7290102393176,false,סימפלי פרוט יוגורט אפרסק 3% שומן 150 ג' מולר,*החברה המרכזית להפצת משקאותבעמ,IL,יוגורט אפרסק,גרמים,150.00,100 גרם,false,0,4.90,3.27,true,1,
7290102393190,false,"יוגורט סימפלי פרוט בטעם פירות יער 3% מולר 150 מ""ל",*החברה המרכזית להפצת משקאותבעמ,IL,יוגורט מולר,גרמים,150.00,100 גרם,false,0,4.90,3.27,true,1,
7290102393268,false,"גבינה לבנה 5% שומן, רכיבים טבעיים 750 גרם",*החברה המרכזית להפצת משקאותבעמ,IL,גבינה לבנה 5%,גרמים,750.00,100 גרם,false,0,13.80,1.84,true,1,
7290102393299,false,יוגורט עיזים לשתייה 3% משק צוריאל 500 גרם,*החברה המרכזית להפצת משקאותבעמ,IL,יוגורט עיזים,גרמים,500.00,100 גרם,false,0,11.40,2.28,true,1,
7290102393718,false,גבינת חלומי מחלב בקר 28% משק צוריאל 200 גרם,*החברה המרכזית להפצת משקאותבעמ,IL,חלומי בקר,גרמים,200.00,100 גרם,false,0,20.90,10.45,true,1,
7290102393947,false,סימפלי פרוט יוגורט בטעם קיווי 3% שומן 150 ג' מולר,*החברה המרכזית להפצת משקאותבעמ,IL,יוגורט מולר קיוי,גרמים,150.00,100 גרם,false,0,4.90,3.27,true,1,
7290102394081,false,"יוגורט ביו קרמי מיקס קורנפלקס מצופה שוקולד מולר 170 מ""ל",*החברה המרכזית להפצת משקאותבעמ,IL,יוגורט מולר מיקס,גרמים,180.00,100 גרם,false,0,5.90,3.28,true,1,
7290102394258,false,גליל גבינת עיזים מה עז 9% משק צוריאל 180 גרם,*החברה המרכזית להפצת משקאותבעמ,IL,מה עז9%שומן,גרמים,180.00,100 גרם,false,0,23.30,12.94,true,1,
7290102394326,false,בולגרית 5% 250 גרם,משק צוריאל תבור,IL,בולגרית 5%,גרמים,250.00,100 גרם,false,0,16.90,6.76,true,1,
7290102394845,false,נעם גבינה צהובה לייט פרוסה דק דק 9% טרה 200 גרם,*החברה המרכזית להפצת משקאותבעמ,IL,גבינה צהובה דק9%,גרמים,200.00,100 גרם,false,0,15.90,7.95,true,1,
7290102395101,false,ממרח גבינה ושוקולד מוו טרה 200 גרם,החברה המרכזית טלהפצת משקאות בע,IL,ממרח גבינה מו,גרמים,200.00,100 גרם,false,0,10.90,5.45,true,1,
7290102395217,false,"יוגורט ביאנקו 2% במתיקות מעודנת מולר 1.2 ק""ג",החברה המרכזית טלהפצת משקאות בע,IL,יוגורט מולר 8י,קילוגרמים,1.20,"ק""ג",false,0,17.90,14.92,true,1,
7290102395224,false,שמיניית יוגורט ביו ביאנקו 1.7% מולר 150 גרם,*החברה המרכזית להפצת משקאותבעמ,IL,יוגורט ביאנקו 8י,קילוגרמים,1.20,"ק""ג",false,0,17.90,14.92,true,1,
7290102395231,false,שמיניית יוגורט ביו ביאנקו 2.8% מולר 150 גרם,*החברה המרכזית להפצת משקאותבעמ,IL,יוגורט ביאנקו 8י,קילוגרמים,1.20,"ק""ג",false,0,17.90,14.92,true,1,
7290102395262,false,מארז 8 גביעים יוגורט בטעם תות שדה ואפרסק 3% Simply Fruit,החברה המרכזית טלהפצת משקאות בע,IL,מולר תות 8 יח,קילוגרמים,1.20,"ק""ג",false,0,29.60,24.67,true,1,
7290102395378,false,נעם גבינה צהובה פרוסה ואקום 28% טרה 360 גרם,*החברה המרכזית להפצת משקאותבעמ,IL,גבינה צהובה 28%,גרמים,360.00,100 גרם,false,0,19.40,5.39,true,1,
7290102395446,false,מעדן חלב בטעם וניל עם קצפת 123 ג' טרה,*החברה המרכזית להפצת משקאותבעמ,IL,מו וניל וקצפת,גרמים,123.00,100 גרם,false,0,2.80,2.28,true,1,
7290102395460,false,מו שוקולד אגוזים+קצפת123,טרה,IL,מו שוקולד אגוזים,גרמים,123.00,100 גרם,false,0,2.80,2.28,true,1,
7290102395477,false,מעדן חלב בטעם שוקולד עם קצפת 123 ג' טרה,*החברה המרכזית להפצת משקאותבעמ,IL,מו שוקולד וקצפת,גרמים,123.00,100 גרם,false,0,2.80,2.28,true,1,
7290102396047,false,סימפלי פרויט אננס 1.5% 150גר,*החברה המרכזית להפצת משקאותבעמ,IL,יוגורט אננס 1.5%,גרמים,150.00,100 גרם,false,0,4.90,3.27,true,1,
7290102396245,false,יוגורט נטורל+פ.יער 150ג,טרה,IL,יוגורט נטורל,גרמים,150.00,100 גרם,false,1,3.90,2.60,true,1,
7290102396399,false,מארז 8 יחידות מעדן חלב בטעם שוקולד 1.5%,*החברה המרכזית להפצת משקאותבעמ,IL,מעדן שוקולד 8 יח,גרמים,800.00,100 גרם,false,0,13.40,1.68,true,1,
7290102396405,false,מארז 8 יחידות מעדן חלב בטעם וניל 1.5%,החברה המרכזית טלהפצת משקאות בע,IL,מעדן וניל 8 יח,גרמים,800.00,100 גרם,false,0,13.40,1.68,true,1,
7290102396436,false,מעדן בטעם שוקולד 1.5% שומן מוו (125 גרם),*החברה המרכזית להפצת משקאותבעמ,IL,מעדן שוקולד,גרמים,125.00,100 גרם,false,0,2.80,2.24,true,1,
7290102396443,false,מעדן בטעם וניל 1.5% שומן מוו (125 גרם),*החברה המרכזית להפצת משקאותבעמ,IL,מעדן וניל,גרמים,125.00,100 גרם,false,0,2.80,2.24,true,1,
7290102396474,false,יוג.פרופ מלון בננ.תמר150,טרה,IL,יוגורט פרופ פרי,גרמים,150.00,100 גרם,false,0,5.00,3.33,true,1,
7290102396580,false,מעדן מוו שוקולד ומוס שוקולד טרה 118 גרם,החברה המרכזית טלהפצת משקאות בע,IL,מעדן מו שוקולד,גרמים,123.00,100 גרם,false,0,2.80,2.28,true,1,
7290102396597,false,מעדן מוו וניל ומוס שוקולד טרה 118 גרם,*החברה המרכזית להפצת משקאותבעמ,IL,מעדן מו וניל,גרמים,123.00,100 גרם,false,0,2.80,2.28,true,1,
7290102396665,false,צהובה פרוסות דקדק פתח סגור 15% 200 גר`,*החברה המרכזית להפצת משקאותבעמ,IL,גבינה צהובה נעם,גרמים,200.00,100 גרם,false,1,15.40,7.70,true,1,
7290102396672,false,גבינה צהובה נעם דק דק 9% פתח סגור 360 ג,*החברה המרכזית להפצת משקאותבעמ,IL,גבינה צהובה נעם,גרמים,360.00,100 גרם,false,1,24.90,6.92,true,1,
7290102396719,false,יוגורט 0% תות סימפלי מולר (150 גרם),*החברה המרכזית להפצת משקאותבעמ,IL,יוגורט תות,גרמים,150.00,100 גרם,false,0,4.90,3.27,true,1,
7290102396726,false,יוגורט 0% אפרסק סימפלי מולר (150 גרם),*החברה המרכזית להפצת משקאותבעמ,IL,יוגורט אפרסק,גרמים,150.00,100 גרם,false,0,4.90,3.27,true,1,
7290102396733,false,סימפלי פרויט פירות יער 0%,*החברה המרכזית להפצת משקאותבעמ,IL,יוגורט פירות יער,גרמים,150.00,100 גרם,false,0,4.90,3.27,true,1,
7290102396740,false,מארז 8 גביעים יוגורט בטעם תות שדה ואפרסק 0% Simply Fruit,החברה המרכזית טלהפצת משקאות בע,IL,מולר סימפלי 8 יח,קילוגרמים,1.20,"ק""ג",false,0,29.70,24.75,true,1,
7290102396757,false,שוקו מוו קרטון 1 ליטר,טרה,IL,שוקו מוו בקרטון,ליטרים,1.00,ליטר,false,0,9.90,9.90,true,1,
7290102396764,false,שוקו מוו קרטון 2 ליטר,טרה,IL,שוקו מוו 2 ליטר,ליטרים,2.00,ליטר,false,0,16.90,8.45,true,1,
7290102396979,false,יוגורט סימפלי אננס0% 150,*החברה המרכזית להפצת משקאותבעמ,IL,יוגורט אננס,גרמים,150.00,100 גרם,false,1,4.90,3.27,true,1,
7290102397075,false,יוגורט בקרטון 4% שומן 1.5ל' טרה,*החברה המרכזית להפצת משקאותבעמ,IL,יוגורט4% בקרטון,גרמים,1500.00,100 גרם,false,1,13.90,0.93,true,1,
7290102397204,false,גבינה צהובה נעם דק דק פתח סגור 200 גר,*החברה המרכזית להפצת משקאותבעמ,IL,גבינה צהובה נעם,גרמים,200.00,100 גרם,false,1,15.30,7.65,true,1,
7290102397327,false,יוגורט עיזים 500 גרם,משק צוריאל תבור,IL,יוגורט עיזים,גרמים,500.00,100 גרם,false,1,12.60,2.52,true,1,
7290102397334,false,גבינה בולגרית גלילית 5% משק צוריאל 250 גרם,החברה המרכזית טלהפצת משקאות בע,IL,בולגרית גלילית5%,גרמים,250.00,100 גרם,false,1,16.90,6.76,true,1,
7290102397341,false,בולגרית גלילת 24% 250 גרם משק צוריאל,*החברה המרכזית להפצת משקאותבעמ,IL,בולגרית 24%,גרמים,250.00,100 גרם,false,1,16.90,6.76,true,1,
7290102397358,false,יוגורט מולר סימפלי פ,טרה,IL,יוגורט אגס 1.5%,גרמים,150.00,100 גרם,false,1,4.90,3.27,true,1,
7290102397464,false,יוגורט ביו בתוספת גרעינים אגוזים וחמוציות 170 ג' מולר,החברה המרכזית טלהפצת משקאות בע,IL,מולר נטורל+פקאן,גרמים,170.00,100 גרם,false,1,5.90,3.47,true,1,
7290102397471,false,מולר נטורל+ גרנולה 150 גר,החב` המרכזית - טרה,IL,מולר נטורל+גרנול,גרמים,170.00,100 גרם,false,1,5.90,3.47,true,1,
7290102397501,false,משקה יוגוSIPאננס מנגו250,טרה,IL,משקה יוגורט מולר,מיליליטרים,250.00,"100 מ""ל",false,1,5.20,2.08,true,1,
7290102397518,false,יוגורט פרופ תפוח גזר150ג,טרה,IL,יוגורט פרופ,גרמים,150.00,100 גרם,false,1,5.00,3.33,true,1,
7290102397525,false,יוג.פרופ לימון קיווי150ג,טרה,IL,יוגורט פרופ,גרמים,150.00,100 גרם,false,1,5.00,3.33,true,1,
7290102397532,false,גבינה לבנה 9% 250 גרם,טרה,IL,גבינה לבנה 9%,גרמים,250.00,100 גרם,false,1,4.60,1.84,true,1,
7290102397600,false,מיקס יוגורט בתוספת שקדים ובוטנים מקורמלים 170 ג' מולר,החברה המרכזית טלהפצת משקאות בע,IL,מולר מיקס,גרמים,168.00,100 גרם,false,1,5.90,3.51,true,1,
7290102397617,false,יוגורט ביו קרמי עם כדורים מצופים שוקולד חום לבן,*החברה המרכזית להפצת משקאותבעמ,IL,מולר מיקס קליק,גרמים,168.00,100 גרם,false,1,5.90,3.51,true,1,
7290102397679,false,קוטג' וחצי טרה 5% מרכיבים טבעיים,*החברה המרכזית להפצת משקאותבעמ,IL,קוטג וחצי 5%,גרמים,375.00,100 גרם,false,1,7.50,2.00,true,1,
7290102397730,false,פרוסות גבינה אמנטל חצי קשה 30% שומן 200 ג' נעם,*החברה המרכזית להפצת משקאותבעמ,IL,גבינת אמנטל נועם,גרמים,200.00,100 גרם,false,1,16.50,8.25,true,1,
7290102397785,false,גבינת שמנת פלפלים 5% 200,טרה,IL,גבינת שמנת 5%,גרמים,200.00,100 גרם,false,1,10.80,5.40,true,1,
7290102397846,false,מיני מיקס פצפוצים 102*3ג,טרה,IL,מיני מייקס 3 יח',גרמים,306.00,100 גרם,false,1,10.00,3.27,true,1,
7290102397853,false,מיני פצפוצים צבעוני102*3,טרה,IL,מיני מיקס 3 יח',גרמים,306.00,100 גרם,false,1,10.00,3.27,true,1,
7290102397860,false,משקה יוגSIP. תמר בננה250,טרה,IL,משקה יוגורט מולר,מיליליטרים,250.00,"100 מ""ל",false,1,5.20,2.08,true,1,
7290102398003,false,יוגורט0%סימפלי דובדב150ג,טרה,IL,יוגורט דובדבן,גרמים,150.00,100 גרם,false,1,4.90,3.27,true,1,
7290102398027,false,יוגורט0%סימפלי תפ.אגס150,החב` המרכזית - טרה,IL,יוגורט תפוח אגס,גרמים,150.00,100 גרם,false,1,4.90,3.27,true,1,
7290102398065,false,חלב טרה בקרטון 2 ליטר מהדרין 3% - מוצר בפיקוח,*החברה המרכזית להפצת משקאותבעמ,IL,חלב 3% בקרטון,ליטרים,2.00,ליטר,false,1,10.90,5.45,true,1,
7290102398072,false,"חלב קרטון 3%-1 ליטר "" טרה"" -מוצר פיקוח",החברה המרכזית טלהפצת משקאות בע,IL,חלב 3% בקרטון,ליטרים,1.00,ליטר,false,1,5.75,5.75,true,1,
7290103120658,false,דאודורנט ספיד סטיק גל שחור 85 גרם,הנסיך- מפעל לייצור ט,US,דאודורנט,גרמים,85.00,100 גרם,false,0,21.90,25.76,true,1,
7290103124595,false,סב.פלמוליב ורד יסמין750מ,קולגייט-פלמוליב,TH,סבון פלמוליב,מיליליטרים,750.00,"100 מ""ל",false,0,15.90,2.12,true,1,
7290103124601,false,"תחליב רחצה נוזל חלב ודבש משאבה 750מ""ל פלמוליב",הנסיך- מפעל לייצור ט,TH,סבון פלמוליב,מיליליטרים,750.00,"100 מ""ל",false,0,15.90,2.12,true,1,
7290103126674,false,משחה קולגייט הרבל ג'ל100,הנסיך- מפעל לייצור ט,BR,משחת שיניים,מיליליטרים,100.00,"100 מ""ל",false,0,13.10,13.10,true,1,
7290103126797,false,"משחת שיניים סנסטיב פרו ריליף קולגייט 75 מ""ל",הנסיך- מפעל לייצור ט,BR,משחת קולגייט,מיליליטרים,75.00,"100 מ""ל",false,0,25.90,34.53,true,1,
7290103401382,false,קפה נמס פרא אפריקאי200גר,STRAUSS-ISRAEL,IL,קפה פרא אפריקאי,גרמים,200.00,100 גרם,false,0,24.90,12.45,true,1,
7290103401429,false,קפה קצב ברזילאי אוריגינס 200 גר,הנסיך- מפעל לייצור ט,IL,קפה נמס ברזילאי,גרמים,200.00,100 גרם,false,0,24.90,12.45,true,1,
7290103402815,false,אצבעות שוקולד+קרם חלב96ג,STRAUSS-ISRAEL,IL,אצבעות שוקולד,גרמים,96.00,100 גרם,false,0,7.60,7.92,true,1,
7290103402839,false,אצבעות שוקולד+עדשים96גרם,שטראוס,IL,אצבעות שוקולד,גרמים,96.00,100 גרם,false,0,7.60,7.92,true,1,
7290103403874,false,טבלת פסק זמן לבן 110 גרם,STRAUSS-ISRAEL,IL,טבלת פסק זמן,גרמים,110.00,100 גרם,false,0,8.10,7.36,true,1,
7290103403973,false,6 אנרג'י שייפ מיקס אגוז,שטראוס,IL,חטיפי אנרג'י 6יח,גרמים,132.00,100 גרם,false,0,11.90,9.02,true,1,
7290103404017,false,"אנרג'י שייפ פירות ללת""ס",שטראוס,IL,חטיפי אנרג'י 6יח,גרמים,120.00,100 גרם,false,0,14.90,12.42,true,1,
7290103404024,false,"אנרג'י שייפ אגוז ללת""ס",שטראוס,IL,חטיפי אנרג'י 6יח,גרמים,120.00,100 גרם,false,0,14.90,12.42,true,1,
7290103406806,false,עוגה בטעם שוקולד 330 גרם,STRAUSS-ISRAEL,IL,עוגה בטעם שוקולד,גרמים,330.00,100 גרם,false,0,9.80,2.97,true,1,
7290103407209,false,תפוצ'יפס קידס 30*6 גרם,עלית,IL,תפוצ'יפס קידס6יח,גרמים,180.00,100 גרם,false,0,11.60,6.44,true,1,
7290103407223,false,אצבעות שוק+סוכ.קופצות96ג,STRAUSS-ISRAEL,IL,אצבעות שוקולד,גרמים,96.00,100 גרם,false,0,7.60,7.92,true,1,
7290103407421,false,פסק זמן ללא סוכר מאר,שטראוס גרופ,IL,פסק זמן שלישיה,גרמים,135.00,100 גרם,false,0,16.80,12.44,true,1,
7290103408206,false,עלי חסה ערבית שטופים 250 גר טעם הטבע,ביכורי השדה הצפון בעמ` 1964,IL,חסה ערבית250ג',גרמים,250.00,100 גרם,false,0,10.90,4.36,true,1,
7290104060403,false,מסטיק מאסט בזוקה ענבים28,שטראוס גרופ,IL,מסטיק מאסט בזוקה,גרמים,28.00,100 גרם,false,0,4.30,15.36,true,1,
7290104061127,false,עוגת שוקוצ'יפס 330 גרם,שטראוס,IL,עוגת שוקוצ'יפס,גרמים,330.00,100 גרם,false,0,9.80,2.97,true,1,
7290104061219,false,רבע לשבע אצבעות אגוז120ג,"שטראוס גרופ בע""מ",IL,רבע לשבע אגוז,גרמים,120.00,100 גרם,false,0,10.00,8.33,true,1,
7290104061417,false,סלט חומוס עם טחינה אחלה 400 גרם,שטראוס גרופ בעמ/מצונן,IL,חומוס טחינה אחלה,גרמים,400.00,100 גרם,false,0,10.50,2.63,true,1,
7290104061424,false,סלט חומוס עם זעתר אחלה 400 גרם,שטראוס גרופ בעמ/מצונן,IL,חומוס זעתר אחלה,גרמים,400.00,100 גרם,false,0,10.50,2.63,true,1,
7290104061431,false,סלט חומוס עם צנובר אחלה 400 גרם,שטראוס גרופ בעמ/מצונן,IL,חומוס צנובר אחלה,גרמים,400.00,100 גרם,false,0,10.50,2.63,true,1,
7290104061448,false,סלט חומוס עם חריף אחלה 400 גרם,שטראוס גרופ בעמ/מצונן,IL,חומוס חריף אחלה,גרמים,400.00,100 גרם,false,0,10.50,2.63,true,1,
7290104062599,false,מארז 8 יחידות מעדן גמדים בטעמי תות ובננה,שטראוס גרופ בעמ/מצונן,IL,גמדים תות בננה,גרמים,800.00,100 גרם,false,0,18.50,2.31,true,1,
7290104062681,false,סוכריות מאסט פטל לימון80,MIESZKO S.A - MS. JO,PL,סוכריות מאסט,גרמים,80.00,100 גרם,false,0,7.50,9.38,true,1,
7290104065187,false,אבקה להכנת משקה קפה בטעם מוקה,"שטראוס גרופ בע""מ",IL,קפה נמס מוקה,גרמים,200.00,100 גרם,false,0,23.90,11.95,true,1,
7290104065934,false,עלי רוקט שטראוס 150 גר`-טעם הטבע,ביכורי השדה הצפון בעמ` 1964,IL,עלי רוקט 150גרם,גרמים,150.00,100 גרם,false,0,9.90,6.60,true,1,
7290104066016,false,מעדן מילקי טופ עדשים 170 ג',"שטראוס גרופ בע""\מ",IL,מילקי טופ עדשים,מיליליטרים,170.00,"100 מ""ל",false,0,4.90,2.88,true,1,
7290104066566,false,סלט טחינה שומשום מלא 500גר אחלה,שטראוס גרופ בעמ/מצונן,IL,טחינה אחלה 500גר,גרמים,500.00,100 גרם,false,0,14.90,2.98,true,1,
7290104067198,false,ספלנדיד מריר 70%תפוז100ג,STRAUSS-ISRAEL,IL,שוקולד ספלנדיד,גרמים,100.00,100 גרם,false,0,10.90,10.90,true,1,
7290104067693,false,חומוס אחלה עם תוספת חריף 150 גר,שטראוס גרופ בעמ/מצונן,IL,חומוס חריף,יחידה,1.00,יחידה,false,0,5.50,5.50,true,1,
7290104068539,false,מאסט פליפטופ מלון ואבטיח ללא גרעינים,שטראוס גרופ בע`מ,IL,מסטיק מאסט,גרמים,28.00,100 גרם,false,0,4.30,15.36,true,1,
7290104068546,false,גומי מאסט בטעם לימון קולה ללא סוכר 28 ג' עלית,שטראוס גרופ בע`מ,IL,מסטיק מאסט,גרמים,28.00,100 גרם,false,0,4.30,15.36,true,1,
7290104068676,false,תפוצ'יפס קידס 45 גרם,עלית,IL,תפוצ'יפס קידס,גרמים,45.00,100 גרם,false,0,3.00,6.67,true,1,
7290104069680,false,עלי תרד ניו זילנדי 300ג',"שטראוס גרופ בע""\מ",IL,עלי תרד ניו זילנ,גרמים,300.00,100 גרם,false,0,14.50,4.83,true,1,
7290104500572,false,אפרופו חטיף תירס איטליאנו אסם 50 גרם,קבוצת אוסם סחר-שות.מוגבלת,IL,אפרופו איטליאנו,גרמים,50.00,100 גרם,false,0,5.30,10.60,true,1,
7290104502903,false,ביסקוויט ללא גלוטן 200גר,אסם,IL,ביסקוויט,גרמים,200.00,100 גרם,false,0,11.90,5.95,true,1,
7290104504228,false,מיני דובונים אסם 100 גרם מארז 5 יחידות,קבוצת אוסם סחר-שות.מוגבלת,IL,מיני דובונים 5יח,גרמים,100.00,100 גרם,false,0,13.90,13.90,true,1,
7290104508202,false,גביעי גלידה אמריקאים אסם 120 גרם 24 יחידות,קבוצת אוסם סחר-שות.מוגבלת,IL,גביעי גלידה,גרמים,120.00,100 גרם,false,0,12.40,10.33,true,1,
7290104508882,false,סלט חציל בלאדי במיונז400,צבר,IL,סלט חציל בלאדי,גרמים,400.00,100 גרם,false,0,15.90,3.98,true,1,
7290104508943,false,במבה חטיף בוטנים אסם 200 גרם,קבוצת אוסם סחר-שות.מוגבלת,IL,במבה חטיף בוטנים,גרמים,200.00,100 גרם,false,0,8.90,4.45,true,1,
7290104509568,false,במבה ללא גלוטן 80 גרם,אסם,IL,במבה ללא גלוטן,גרמים,80.00,100 גרם,false,0,4.50,5.63,true,1,
7290104570049,false,תמר דרי אורגני 400 גרם,.,IL,תמר דרי אורגני,גרמים,400.00,100 גרם,false,0,12.90,3.23,true,1,
7290104570056,false,תמר חדראווי אורגני 400 ג,.,IL,תמר חדראווי,גרמים,400.00,100 גרם,false,0,14.90,3.73,true,1,
7290104570124,false,תמר כבוש אורגני 500 גרם,תמר העמקים,IL,תמר כבוש,גרמים,500.00,100 גרם,false,0,17.90,3.58,true,1,
7290104570162,false,תמרים ללא חרצנים בואקום 500 גרם,מ.ד אטיאס סוכנויות מזון בע`מ,IL,תמר כבוש500גרם,גרמים,500.00,100 גרם,false,0,16.90,3.38,true,1,
7290104720536,false,שוקולד חלב פרה 100*3גרם,עלית,IL,שוקולד חלב 3 יח,גרמים,300.00,100 גרם,false,1,10.00,3.33,true,1,
7290104721533,false,רצועות פלפלים קלויים אחלה (400 גרם),שטראוס גרופ בעמ/מצונן,IL,רצועות פלפלים,גרמים,400.00,100 גרם,false,0,15.90,3.98,true,1,
7290104721953,false,לקט מסולסלים 350 גרם שטראוס טעם הטבע,שטראוס בריאות ירקות טריי,IL,לקט מסולסלים350ג,גרמים,350.00,100 גרם,false,0,13.00,3.71,true,1,
7290104722530,false,תפוצ'יפס בטעם שמנת בצל עלית 200 גרם,"שטראוס פריטו ליי בע""\מ )",IL,תפוצ'יפס שמנת,גרמים,200.00,100 גרם,false,0,10.00,5.00,true,1,
7290104725326,false,גבינת קוטג 5% 400 גר,"שטראוס בריאות בע""\מ",IL,קוטג5%',גרמים,400.00,100 גרם,false,0,9.00,2.25,true,1,
7290104726224,false,גלי לימבו בטעם פטל 1,STRAUSS-ISRAEL,IL,לימבו פטל,גרמים,125.00,100 גרם,false,0,2.10,1.68,true,1,
7290104726262,false,רביעייה מעדן דני שוקולד דיסני לבנים 125 גרם,שטראוס גרופ בעמ/מצונן,IL,דני שלוק 4 יח,גרמים,500.00,100 גרם,false,0,10.90,2.18,true,1,
7290104726712,false,מארז 8 יחידות מעדן מילקי בטעם שוקולד עם קצפת,שטראוס גרופ בעמ/מצונן,IL,מארז מילקי 8 יח',ליטרים,1.36,ליטר,false,0,20.90,15.37,true,1,
7290104727252,false,פסטו בזיליקום ואגוז140גר,"כד בני דרום בע""מ",IL,פסטו בזיליקום,גרמים,140.00,100 גרם,false,0,11.00,7.86,true,1,
7290104727467,false,מטבל עגבניות מיובשות140ג,שטראוס,IL,עגבניות מיובשות,גרמים,140.00,100 גרם,false,0,11.00,7.86,true,1,
7290104728242,false,צ'יקו תחליף קפה 130 גרם,STRAUSS-ISRAEL,IL,צ'יקו תחליף קפה,גרמים,130.00,100 גרם,false,0,22.90,17.62,true,1,
7290104728310,false,"שמנת מתוקה עמידה 38% שומן ""יטבתה"" -מוצר בפיקוח",שטראוס גרופ בעמ/מצונן,IL,שמנת עמידה לקצפת,גרמים,250.00,100 גרם,false,0,5.95,2.38,true,1,
7290104729546,false,6אנרג'י חמוציות+שוק.מריר,שטראוס,IL,חטיפי אנרג'י,גרמים,180.00,100 גרם,false,0,11.90,6.61,true,1,
7290104851537,false,מרקיות מרובעות כסף 12 יח,,IL,מרקיות מרובעות,יחידה,1.00,יחידה,false,0,7.00,7.00,true,1,
7290104851551,false,לפתניות מרובעות,,IL,לפתניות מרובעות,יחידה,1.00,יחידה,false,0,4.00,4.00,true,1,
7290104852534,false,מרקיה,,IL,מרקיה,יחידה,1.00,יחידה,false,0,22.90,22.90,true,1,
7290104960239,false,תחליב רחצה בניחוח קמומיל נקה (7507 מל),טרופיקל דגיל תעשיות קוסמ,IL,תחליב רחצה נקה 7,מיליליטרים,750.00,"100 מ""ל",false,0,10.00,1.33,true,1,
7290104960253,false,נקה 7 ארומה תחליב רחצה לבנדר ענוג 750,החברה הדרומית לשיווק בעמ,IL,תחליב רחצה נרה 7,מיליליטרים,750.00,"100 מ""ל",false,0,10.00,1.33,true,1,
7290104960338,false,"נקה 7 תחליב רחצה ארומה אלוורה ותה ירוק 750מ""ל",טרופיקל דגיל תעשיות קוסמ,IL,תחליב רחצה נקה 7,מיליליטרים,750.00,"100 מ""ל",false,0,10.00,1.33,true,1,
7290104961205,false,"נקה 7 תחליב רחצה מגע קטיפה מ""לפפון קיווי 750 מ""ל",טרופיקל דגיל תעשיות קוסמ,IL,תחליב רחצה נקה,מיליליטרים,750.00,"100 מ""ל",false,0,10.00,1.33,true,1,
7290104961526,false,דאודורנט ספריי גוף טיטניום קלאסיק Titanium Classic,החברה הדרומית לשיווק בעמ,IL,טיטניום ספריי,מיליליטרים,150.00,"100 מ""ל",false,0,9.90,6.60,true,1,
7290104961878,false,"שמפו לשיער קרטין אינטנס פורמולה 400 מ""ל נטורל",החברה הדרומית לשיווק בעמ,IL,שמפו קרטין,מיליליטרים,400.00,"100 מ""ל",false,0,29.90,7.48,true,1,
7290104961885,false,מרכך קרטין טהור לשיער שעבר החלקה או עיצוב בחום,החברה הדרומית לשיווק בעמ,IL,מרכך קרטין,מיליליטרים,400.00,"100 מ""ל",false,0,29.90,7.48,true,1,
7290104961892,false,מסכת קרטין טהור לשיער שעבר החלקה או עיצוב בחום,החברה הדרומית לשיווק בעמ,IL,מסכת קרטין,מיליליטרים,350.00,"100 מ""ל",false,0,40.00,11.43,true,1,
7290104962073,false,דאודורנט ספריי גוף טיטניום גולד Titanium Gold,החברה הדרומית לשיווק בעמ,IL,דאו.טיטניום,מיליליטרים,180.00,"100 מ""ל",false,0,14.90,8.28,true,1,
7290104962110,false,"קרליין - נושם דאודורנט ספריי לבנות 150 מ""ל",החברה הדרומית לשיווק בעמ,IL,ספריי נושם,מיליליטרים,150.00,"100 מ""ל",false,0,11.90,7.93,true,1,
7290104962578,false,דאודורנט ספריי נושם + אינביזיבל ללא סימנים לבנים,החב הדרומית לשיווק,IL,דאו.קרליין,מיליליטרים,200.00,"100 מ""ל",false,1,11.90,5.95,true,1,
7290104962585,false,דאודורנט רול און נושם +אינביזיבל ללא סימנים לבנים,מיוצר עי : אמיליה קוסמטי,IL,דאו.קרליין,מיליליטרים,75.00,"100 מ""ל",false,1,11.90,15.87,true,1,
7290104962660,false,"קרליין - נושם דאודורנט ספריי לאישה ללא אלומיניום 200 מ""ל",החברה הדרומית לשיווק בעמ,IL,ספריי נושם,מיליליטרים,150.00,"100 מ""ל",false,0,11.90,7.93,true,1,
7290104962684,false,"קרליין - נושם דאודורנט רול און לאישה ללא אלומיניום 75 מ""ל",מיוצר עי : אמיליה קוסמטי,IL,דאו.קרליין,מיליליטרים,75.00,"100 מ""ל",false,0,11.90,15.87,true,1,
7290104963001,false,סופטקר מגבונים לחים רביעייה בניחוח עדין,החברה הדרומית לשיווק בעמ,IL,מגבונים סופטקר,יחידה,1.00,יחידה,false,1,17.90,17.90,true,1,
7290104963124,false,קרליין מים מיסליירים להסרת איפור,קרליין,IL,תכשיר הסרת איפור,מיליליטרים,260.00,"100 מ""ל",false,1,34.90,13.42,true,1,
7290104963216,false,סופטקר - אל סבון עדין לתינוק לעור רגיש 1 ליטר,החברה הדרומית לשיווק בעמ,IL,סופטקר אלסבון,ליטרים,1.00,ליטר,false,1,15.90,15.90,true,1,
7290104964213,false,"קרליין - פילינג פנים לניקוי עמוק 150 מ""ל",@@@ החב הדרומית לשיווק בעמ,IL,פילינג לפנים,מיליליטרים,150.00,"100 מ""ל",false,1,34.90,23.27,true,1,
7290105360250,false,קפסולות 09 עשיר וארומטי למכונת נספרסו עלית 10יח',הנסיך- מפעל לייצור ט,IL,קפסולות מס' 9,גרמים,50.00,100 גרם,false,0,15.90,31.80,true,1,
7290105360328,false,קפסולות אספרסו חזק למכונות נספרסו 10 יח',הנסיך- מפעל לייצור ט,IL,קפסולות מס' 10,גרמים,50.00,100 גרם,false,0,15.90,31.80,true,1,
7290105360335,false,קפסולות אספרסו למכונות נספרסו 50 גר,הנסיך- מפעל לייצור ט,IL,קפסולות מס' 7,גרמים,50.00,100 גרם,false,0,15.90,31.80,true,1,
7290105360755,false,"שמן זית 3 חזק 750 מ""ל יד מרדכי",מכוורת יד מרדכי שטראוס ב,IL,שמו זית 3 חזק,מיליליטרים,750.00,"100 מ""ל",false,0,35.90,4.79,true,1,
7290105361578,false,החומוסיה של אבי יפו400גר,שטראוס,IL,החומוסיה של אבי,גרמים,400.00,100 גרם,false,0,14.20,3.55,true,1,
7290105362339,false,"שמנת לבישול 15% 250 מ""ל יטבתה מהדרין",שטראוס גרופ בעמ/מצונן,IL,שמנת לבישול 15%,מיליליטרים,250.00,"100 מ""ל",false,0,8.40,3.36,true,1,
7290105363602,false,מקלות כיף כף קלאסי עלית (40 גרם),שולן צ'\יקולטה גידה סאן.,IL,כיף כף מקלות,גרמים,40.00,100 גרם,false,0,4.80,12.00,true,1,
7290105364289,false,מקלות כיף כף פצפוצים עלית 40 גרם,שולן צ'\יקולטה גידה סאן.,IL,כיף כף מקלות,גרמים,40.00,100 גרם,false,0,4.80,12.00,true,1,
7290105364302,false,"עלית חטיף שוקולד כיף כף מקלות אגוזים, 40 גרם",שולן צ'\יקולטה גידה סאן.,IL,כיף כף מקלות,גרמים,42.00,100 גרם,false,0,4.80,11.43,true,1,
7290105364678,false,"אקטיביה משקה יוגורט בטעם אפרסק שטראוס 250 מ""ל",שטראוס גרופ בעמ/מצונן,IL,משקה אקטיביה,מיליליטרים,250.00,"100 מ""ל",false,0,5.00,2.00,true,1,
7290105364784,false,שוקולד ביסקוויט לבן 100ג,STRAUSS-ISRAEL,IL,שוקולד ביסקוויט,גרמים,100.00,100 גרם,false,0,5.90,5.90,true,1,
7290105364890,false,שוק.מריר 60%ללא סוכר100ג,שטראוס,IL,שוקולד מריר,גרמים,100.00,100 גרם,false,0,9.40,9.40,true,1,
7290105366023,false,סלט חצילים בטעם כבד אחלה 400 גרם,שטראוס גרופ בעמ/מצונן,IL,חציל בטעם כבד,גרמים,400.00,100 גרם,false,0,15.90,3.98,true,1,
7290105366047,false,טחינה לבנה אחלה (400 גרם),שטראוס גרופ בעמ/מצונן,IL,טחינה לבנה,גרמים,400.00,100 גרם,false,0,15.90,3.98,true,1,
7290105366054,false,טחינה ירוקה עם פטרוזיליה טריה 400גרם,"שטראוס גרופ ***בע""מ",IL,טחינה+פטרוזיליה,גרמים,400.00,100 גרם,false,0,15.90,3.98,true,1,
7290105366504,false,אצבעות שוקולד לבן 96 גרם,שטראוס,IL,אצבעות שוקולד,גרמים,96.00,100 גרם,false,0,7.60,7.92,true,1,
7290105366993,false,סימפוניה גבינת שמנת פלפל שיפקה 5% שטראוס 200 גרם,שטראוס גרופ בעמ/מצונן,IL,סימפוניה פלפל,גרמים,200.00,100 גרם,false,0,10.90,5.45,true,1,
7290105368225,false,חומוס עם פלפל שיפקה אחלה (400 גרם),שטראוס גרופ בעמ/מצונן,IL,חומוס עם פלפל,גרמים,400.00,100 גרם,false,0,10.50,2.63,true,1,
7290105368331,false,מעדן מילקי בטעם תות עם קצפת,שטראוס גרופ בעמ/מצונן,IL,מילקי טעם תות,מיליליטרים,170.00,"100 מ""ל",false,0,2.80,1.65,true,1,
7290105368881,false,חלב יטבתה מועשר3% 1.75ל,שטראוס,IL,חלב יטבתה מועשר,ליטרים,1.75,ליטר,false,0,13.10,7.49,true,1,
7290105368904,false,"שמנת מתוקה להקצפה 32% שומן 250 מ""ל יוטבתה",שטראוס גרופ בעמ/מצונן,IL,שמנת מתוקה32%,מיליליטרים,250.00,"100 מ""ל",false,0,7.60,3.04,true,1,
7290105368928,false,שמנת חמוצה יטבתה %9 200 מל גביע מהדרין,שטראוס גרופ בעמ/מצונן,IL,שמנת 9% יטבתה,מיליליטרים,200.00,"100 מ""ל",false,0,3.10,1.55,true,1,
7290105368959,false,פונץ בננה+פקק מהדרין250מ,מחלבת יטבתה,IL,משקה פונץ' בננה,מיליליטרים,250.00,"100 מ""ל",false,0,5.30,2.12,true,1,
7290105369130,false,סימפוניה גבינת שמנת בצל ירוק 5% שטראוס 200 גרם,שטראוס גרופ בעמ/מצונן,IL,גבינת סימפוניה,גרמים,200.00,100 גרם,false,0,10.90,5.45,true,1,
7290105369147,false,שוק.ספלנדיד פירות יער100,STRAUSS-ISRAEL,IL,שוקולד ספלנדיד,גרמים,100.00,100 גרם,false,0,10.90,10.90,true,1,
7290105369451,false,צ'יטוס דולפינים חטיף תירס בטעם גבינה עלית 55 גרם,"שטראוס פריטו ליי בע""מ",IL,צ'יטוס דולפינים,גרמים,55.00,100 גרם,false,0,3.50,6.36,true,1,
7290105369802,false,צ'יטוס קראנצ' גבינה30*6ג,עלית,IL,צ'יטוס מארז 6 יח,גרמים,180.00,100 גרם,false,0,11.00,6.11,true,1,
7290105430441,false,פלמוליב ס.נוזלי סחלב שחור 750 מל משאבה,הנסיך- מפעל לייצור ט,TR,סבון פלמוליב,מיליליטרים,750.00,"100 מ""ל",false,0,15.90,2.12,true,1,
7290105430458,false,"פלמוליב - תחליב רחצה נטורלס שקדים 750 מ""ל",הנסיך- מפעל לייצור ט,TR,סבון פלמוליב,מיליליטרים,750.00,"100 מ""ל",false,0,15.90,2.12,true,1,
7290105430526,false,פלמוליב חלב ודבש 100*6,קולגייט-פלמוליב,IL,סבון פלמוליב,גרמים,600.00,100 גרם,false,0,15.50,2.58,true,1,
7290105433985,false,ליידי ספיד סטיק פרש אסנס פריחת הדובדבן סטיק 65 גר,ליידי ספיד סטיק Lady Speed Stick,IL,ליידי ספיד סטיק,מיליליטרים,65.00,"100 מ""ל",false,0,19.90,30.62,true,1,
7290105436382,false,חטיף פרי תמרים קשיו ללא תוספת סוכר וגלוטן 5 יח,טבעית מוצרים מן הטבע בעמ,IL,מארז FREE,גרמים,125.00,100 גרם,false,0,18.00,14.40,true,1,
7290105438539,false,קוקי נייר אפייה 40 דפים,ש. שסטוביץ בע`מ,IL,קוקי נייר אפיה,יחידה,1.00,יחידה,false,0,9.90,9.90,true,1,
7290105439499,false,מאסטר שף מאסטר שף מיונז 480 גר כשלפ,רמיה סי.וי. הולנד,NL,מיונז מאסטר שף,גרמים,481.00,100 גרם,false,1,8.90,1.85,true,1,
7290105439598,false,מאסטר שף חרדל דיז'ון גרגירים 370 גר כשלפ,סאס קווינור צרפת,FR,חרדל דיז'ון,גרמים,370.00,100 גרם,false,1,10.00,2.70,true,1,
7290105439635,false,קולגייט סנסיטיב 2 * 75מל,קולגייט-פלמוליב,PL,2 משחות קולגייט,מיליליטרים,150.00,"100 מ""ל",false,1,25.90,17.27,true,1,
7290105474124,false,"מזון לכלבים בונזו מזון כלבים בשר 12 ק""ג מחולק",דיפלומט מפיצים (1968) בעמ**,IL,בונזו מחולק 12קג,קילוגרמים,12.00,"ק""ג",false,0,99.00,8.25,true,1,
7290105475794,false,חטיפי בונזו אפונה וגזר,Yang Ping,CN,חטיפי בונזו,יחידה,1.00,יחידה,false,1,29.90,29.90,true,1,
7290105500151,false,וודקה פינלנדיה רגיל 700,"אלטיה קורפ, הלסינקי,",IL,וודקה פינלנדיה,מיליליטרים,700.00,"100 מ""ל",false,0,59.90,8.56,true,1,
7290105500236,false,וויסקי ג'ק דניאלס מס' 7 Brand No,ג'ק דניאלס Jack Daniel's,US,וויסקי ג'ק דניאל,מיליליטרים,700.00,"100 מ""ל",false,0,119.90,17.13,true,1,
7290105690456,false,אסם זוג מרק נמס סוף לנשנושים אפונה,אסם,IL,מרק נמס אפונה,גרמים,52.00,100 גרם,false,0,5.90,11.35,true,1,
7290105690692,false,מרק נמס ירקות 28*2גר,אסם,IL,מרק נמס ירקות,גרמים,56.00,100 גרם,false,0,5.90,10.54,true,1,
7290105690777,false,מרק נמס פטריות 24*2ג,אסם,IL,מרק נמס פטריות,גרמים,48.00,100 גרם,false,0,5.90,12.29,true,1,
7290105691248,false,אסם חטיפי פריכונים טורטייה תירס 60 גרם,קבוצת אוסם סחר שותפות מוגבלת,IL,קריספי טורטיה,גרמים,60.00,100 גרם,false,0,7.80,13.00,true,1,
7290105691415,false,בייגלה שמיניות ללא גלוטן,"אסם השקעות בע""\מ",IL,בייגלה שמיניות,גרמים,250.00,100 גרם,false,0,13.80,5.52,true,1,
7290105691934,false,קמח שמרים אסם 1 קילו,קבוצת אוסם סחר שותפות מוגבלת,IL,"קמח שמרים 1 ק""ג",קילוגרמים,1.00,"ק""ג",false,0,9.40,9.40,true,1,
7290105693341,false,מארז עשיריית במבה אסם 25*10 גרם,קבוצת אוסם סחר שותפות מוגבלת,IL,במבה 10 יח,גרמים,250.00,100 גרם,false,0,14.90,5.96,true,1,
7290105693457,false,עוגת הבית דמקה שוקו וניל 320 גר`בחושות,קבוצת אוסם סחר שותפות מוגבלת,IL,עוגת הבית,גרמים,320.00,100 גרם,false,0,12.50,3.91,true,1,
7290105694775,false,טריקס פירות דגני תירס480,ג'נרל מילס,US,טריקס בטעם פירות,גרמים,480.00,100 גרם,false,0,18.90,3.94,true,1,
7290105694881,false,סחוג ירוק רפי כהן 150 גר,צבר,IL,סחוג ירוק,גרמים,150.00,100 גרם,false,0,10.90,7.27,true,1,
7290105694904,false,מרק פטריות רכיבים טבעיים אסם (220 גרם),קבוצת אסם סחר שות. מוגבלת,IL,מרק פטריות,גרמים,220.00,100 גרם,false,0,14.90,6.77,true,1,
7290105694928,false,אבקת מרק בצל רכיבים טבעיים אסם 220 גרם,קבוצת אוסם סחר שותפות מוגבלת,IL,מרק בצל,גרמים,220.00,100 גרם,false,0,14.90,6.77,true,1,
7290105695024,false,פתיתים אפויים אורז עם אטריות אסם 500 גרם,קבוצת אוסם סחר שותפות מוגבלת,IL,פתיתים אפויים,גרמים,500.00,100 גרם,false,0,6.90,1.38,true,1,
7290105695321,false,עוגת הבית בראוניז פאדג' אסם 380 גרם,קבוצת אוסם סחר שותפות מוגבלת,IL,עוגת בראוניס,גרמים,380.00,100 גרם,false,0,16.90,4.45,true,1,
7290105695536,false,אבקת מרק ירקות שורש תיבול אסם 220 גר',קבוצת אוסם סחר שותפות מוגבלת,IL,אבקת מרק ירקות,גרמים,220.00,100 גרם,false,0,14.90,6.77,true,1,
7290105695994,false,"רוטב סויה טבעי 290מ""ל אסם",קבוצת אוסם סחר-שות.מוגבלת,IL,רוטב סויה טבעי,מיליליטרים,290.00,"100 מ""ל",false,0,14.40,4.97,true,1,
7290105961181,false,פונץ' בננה מהדרין 1ליטר,מחלבת יטבתה,IL,פונץ' בננה יטבתה,מיליליטרים,1000.00,"100 מ""ל",false,0,11.80,1.18,true,1,
7290105961525,false,שוק.ספלנדיד מריר85% 100ג,"שטראוס גרופ בע""\מ",IL,שוקולד ספלנדיד,גרמים,100.00,100 גרם,false,0,10.90,10.90,true,1,
7290105961822,false,תפוציפס קראנצ',,IL,תפוציפס קראנצ',גרמים,200.00,100 גרם,false,0,10.00,5.00,true,1,
7290105962331,false,סחוג תימני אדום חריף מאוד זהבי הכרם 220 גרם,שטראוס גרופ בעמ/מצונן,IL,סחוג חריף זהבי,גרמים,220.00,100 גרם,false,0,10.80,4.91,true,1,
7290105964564,false,חומוס אחלה 400 גרם. שטראוס,שטראוס גרופ בעמ/מצונן,IL,סלט חומוס אחלה,גרמים,400.00,100 גרם,false,1,8.50,2.13,true,1,
7290105964748,false,בונ.ספלנדיד מריר%70 216ג,STRAUSS-ISRAEL,IL,בונבונ.ספלנדיד,גרמים,216.00,100 גרם,false,0,27.70,12.82,true,1,
7290105965493,false,ספלנדיד מריר+מוס שוק105ג,שטראוס,IL,ספלנדיד מריר,גרמים,105.00,100 גרם,false,1,10.90,10.38,true,1,
7290105965516,false,ספלנדיד חלב 36% עם מוס אספרסו,שטראוס גרופ,IL,שוקולד ספלנדיד,גרמים,105.00,100 גרם,false,1,10.90,10.38,true,1,
7290105965738,false,יוגורט לשתיה בטעם תות בננה267 ג' דנונה,שטראוס גרופ בעמ/מצונן,IL,דנונה לשתיה,גרמים,267.00,100 גרם,false,0,5.00,1.87,true,1,
7290105966469,false,חומץ בלסמי ממודנה יד מרדכי (250 מל),אצטייה ג'וזפה קרמוני,IL,חומץ בלסמי,גרמים,250.00,100 גרם,false,0,14.70,5.88,true,1,
7290105968098,false,"סלט קולסלאו 500 גרם ""אחלה""",שטראוס גרופ בעמ/מצונן,IL,סלט קולסלאו אחלה,גרמים,500.00,100 גרם,false,0,15.90,3.18,true,1,
7290105968777,false,פריכיות 5 דגנים עם תחתית שוקולד מריר 70 גרם,"טחנת האבן תעשיות בע""",IL,פריכיות + שוקולד,גרמים,70.00,100 גרם,false,0,8.20,11.71,true,1,
7290106261860,false,ליידי גולד מיינדאדט80מל,.,IL,בושם ליידי גולד,מיליליטרים,80.00,"100 מ""ל",false,1,49.90,62.38,true,1,
7290106504479,false,36 תחבושות אולוויז לילה,פרוקטר & גמבל,ES,תחבושות אולוויז,יחידה,1.00,יחידה,false,1,36.90,36.90,true,1,
7290106504783,false,פמפרס פרימיום מידה4 20*4,פרוקטר & גמבל,IL,רביעיית פמפרס,יחידה,1.00,יחידה,false,1,79.90,79.90,true,1,
7290106504790,false,פמפרס פרימיום מידה5 18*4,פרוקטר & גמבל,IL,רביעיית פמפרס,יחידה,1.00,יחידה,false,1,79.90,79.90,true,1,
7290106520066,false,"רבע לשבע שוקולד חלב במילוי אגוזים עלית 160 גרם בד""צ","הגביע מוצרי וופלים בע""\מ",IL,רבע לשבע 160 גרם,גרמים,160.00,100 גרם,false,0,10.00,6.25,true,1,
7290106520288,false,יוגורט פרו חלבון עם תות 2.4% שומן 150 ג' דנונה,שטראוס גרופ בעמ/מצונן,IL,דנונה פרו תות,גרמים,150.00,100 גרם,false,1,4.90,3.27,true,1,
7290106520295,false,דנונה פרו לבן 2.9% 150גר,STRAUSS-ISRAEL,IL,דנונה פרו לבן,גרמים,150.00,100 גרם,false,1,4.90,3.27,true,1,
7290106520462,false,עוגיות אישיות מילקי,TSC,IT,מילקי קייק 4יח,גרמים,136.00,100 גרם,false,1,10.90,8.01,true,1,
7290106520813,false,תפוצ'יפס בטעם טבעי 50*6ג,"שטראוס פריטו ליי בע""\מ )",IL,תפוצ'יפס 6 יח,גרמים,300.00,100 גרם,false,0,14.90,4.97,true,1,
7290106520905,false,סלט טורקי אחלה (400 גרם),שטראוס גרופ בעמ/מצונן,IL,סלט טורקי,גרמים,400.00,100 גרם,false,0,15.90,3.98,true,1,
7290106520912,false,שמנת לבישול 9% שומן 258גר מהדרין יטבתה,שטראוס גרופ בעמ/מצונן,IL,שמנת לבישול 9%,מיליליטרים,250.00,"100 מ""ל",false,0,8.40,3.36,true,1,
7290106521049,false,אחלה טעמי השוק קוביות סלק 400 גר,שטראוס גרופ בעמ/מצונן,IL,סלט קוביות סלק,גרמים,400.00,100 גרם,false,0,15.90,3.98,true,1,
7290106521612,false,חטיף ופל מצופה טורטי,STRAUSS-ISRAEL,IL,טורטית 4 יחידות,גרמים,160.00,100 גרם,false,0,12.90,8.06,true,1,
7290106521926,false,קפה טורקי בצלופן עלית 150 גרם,שטראוס קפה בי.ויn\.,IL,קפה טורקי,גרמים,150.00,100 גרם,false,1,10.00,6.67,true,1,
7290106525320,false,אבקת שוקולית לאפייה קופסא 500ג' עלית,הנסיך- מפעל לייצור ט,IL,שוקולית לאפיה,גרמים,500.00,100 גרם,false,0,15.50,3.10,true,1,
7290106525368,false,גלילי וופל רבע לשבע אין סייד אוט 125 גר,"הגביע מוצרי וופלים בע""\מ",IL,רבע לשבע,גרמים,125.00,100 גרם,false,0,10.00,8.00,true,1,
7290106525399,false,קפסולות 06 ברזיל למכונות נספרסו עלית 10יח',הנסיך- מפעל לייצור ט,IL,קפסולות קפה,גרמים,50.00,100 גרם,false,1,15.90,31.80,true,1,
7290106525962,false,חומוס אבי תטבילה 400גרם,שטראוס,IL,חומוס אבי תטבילה,גרמים,400.00,100 גרם,false,0,14.20,3.55,true,1,
7290106526822,false,פריכיות אורז חום מלא תחתית שוקולד חלב 80 גרם,"טחנת האבן תעשיות בע""",IL,פריכיות,גרמים,80.00,100 גרם,false,0,8.20,10.25,true,1,
7290106528567,false,חטיף תירס גריל דוריטוס (185 גרם),"שטראוס פריטו ליי בע""\מ )",IL,דוריטוס גריל,גרמים,185.00,100 גרם,false,1,7.40,4.00,true,1,
7290106528628,false,חטיף תירס בטעם טבעי דוריטוס (185 גרם),"שטראוס פריטו ליי בע""\מ )",IL,דוריטוס,גרמים,185.00,100 גרם,false,1,7.40,4.00,true,1,
7290106528949,false,סלט ערוגות שטראוס 450 גר`-טעם הטבע,ביכורי השדה הצפון בעמ` 1964,IL,לקט ערוגות,גרמים,450.00,100 גרם,false,0,12.90,2.87,true,1,
7290106571037,false,"מאגדת גומיגם 5יח כשל""פ",נגה גלידות שותפות מוגבלת,IL,מאגדת גומיגם,גרמים,450.00,100 גרם,false,0,28.50,6.33,true,1,
7290106571563,false,אפרופו משפחתי 200 גר',"אסם השקעות בע""\מ",IL,אפרופו,גרמים,200.00,100 גרם,false,0,11.00,5.50,true,1,
7290106571921,false,פיטנס עוגיות עם חמוציות נסטלה (180 גרם),קבוצת אוסם סחר שותפות מוגבלת,IL,עוגיות פיטנס,גרמים,180.00,100 גרם,false,0,11.90,6.61,true,1,
7290106571945,false,עוג.שוקולד מריר פיטנס180,"אסם תעשיות בע""מ",IL,עוגיות פיטנס,גרמים,180.00,100 גרם,false,1,11.90,6.61,true,1,
7290106572614,false,חטיף תפוא דובונים פ,קבוצת אוסם סחר-שות.מוגבלת,IL,דובונים פיצה,גרמים,40.00,100 גרם,false,0,4.30,10.75,true,1,
7290106572652,false,דובונים גן חיות 40 גרם,"אסם תעשיות בע""מ",IL,דובונים גן חיות,גרמים,40.00,100 גרם,false,0,4.30,10.75,true,1,
7290106572959,false,אפרופו חטיף קלאסי 5חי*25גר,קבוצת אוסם סחר שותפות מוגבלת,IL,אפרופו 5 יח,גרמים,125.00,100 גרם,false,0,13.20,10.56,true,1,
7290106572997,false,"קמח שמרים לפיצה ופוקצ'ה אסם 1 ק""ג",קבוצת אוסם סחר שותפות מוגבלת,IL,קמח שמרים לפיצה,קילוגרמים,1.00,"ק""ג",false,0,9.40,9.40,true,1,
7290106573086,false,קוסקוס בינוני אמיתי 350X2ג' אסם,קבוצת אסם סחר שות. מוגבלת,IL,קוסקוס 2 יח,גרמים,700.00,100 גרם,false,0,10.00,1.43,true,1,
7290106573277,false,חטיף קרקר קריספי עם זיתים כבושים,קבוצת אוסם סחר שותפות מוגבלת,IL,חטיפי קריספי,גרמים,150.00,100 גרם,false,0,11.80,7.87,true,1,
7290106573574,false,חומוס ירושלמי צבר 400גרם,קבוצת אוסם סחר-שות.מוגבלת,IL,חומוס צבר,גרמים,400.00,100 גרם,false,0,11.50,2.88,true,1,
7290106573598,false,חומוס לבנוני צבר (400 גרם),קבוצת אוסם סחר שותפות מוגבלת,IL,חומוס לבנוני צבר,גרמים,400.00,100 גרם,false,0,11.90,2.98,true,1,
7290106573628,false,חומוס עם טחינה צבר (400 גרם),קבוצת אוסם סחר שותפות מוגבלת,IL,חומוס עם טחינה,גרמים,400.00,100 גרם,false,0,11.50,2.88,true,1,
7290106573642,false,חומוס צנובר צבר 400 גרם,קבוצת אוסם סחר-שות.מוגבלת,IL,חומוס צנובר,גרמים,400.00,100 גרם,false,0,11.40,2.85,true,1,
7290106573703,false,חציל פיקנטי רפי כהןג400,צבר,IL,חציל פיקנטי צבר,גרמים,400.00,100 גרם,false,0,15.90,3.98,true,1,
7290106573819,false,חומוס אבו גוש צבר 400 גר,סלטי צבר,IL,חומוס אבו גוש,גרמים,400.00,100 גרם,false,0,11.50,2.88,true,1,
7290106574328,false,אורז עם אטריות וירקות130,אסם,IL,אורז עם אטריות,גרמים,130.00,100 גרם,false,0,8.90,6.85,true,1,
7290106574793,false,עוגת הבית בטעם שוקו-שוקוצ'יפס 350 ג' אסם,קבוצת אוסם סחר שותפות מוגבלת,IL,עוגת הבית,גרמים,350.00,100 גרם,false,0,12.50,3.57,true,1,
7290106574953,false,בייגלה שטוחים כעכים שטוחים עם שומשום,קבוצת אוסם סחר שותפות מוגבלת,IL,בייגלה שטוחים,גרמים,300.00,100 גרם,false,0,10.90,3.63,true,1,
7290106574977,false,בייגלה שטוחים טבעות עם מלח אסם (300 גרם),קבוצת אוסם סחר שותפות מוגבלת,IL,בייגלה שטוחים,גרמים,300.00,100 גרם,false,0,10.90,3.63,true,1,
7290106575011,false,פתיתים אפויים קוסקוס מחיטה מלאה אסם 400 גרם,קבוצת אוסם סחר שותפות מוגבלת,IL,פתיתים פלוס,גרמים,400.00,100 גרם,false,0,6.90,1.73,true,1,
7290106575271,false,פתיתים פלוס ירקות 400 גר,אסם,IL,פתיתים פלוס,גרמים,400.00,100 גרם,false,0,6.90,1.73,true,1,
7290106576209,false,ביסלי אקסטרים מעושן 70 ג,אסם,IL,ביסלי אקסטרים,גרמים,70.00,100 גרם,false,0,4.50,6.43,true,1,
7290106576513,false,סלט רק חומוס צבר 400 גרם,קבוצת אוסם סחר שותפות מוגבלת,IL,חומוס צבר,גרמים,400.00,100 גרם,false,0,9.90,2.48,true,1,
7290106576537,false,חומוס מסעדה צבר (700 גרם),קבוצת אוסם סחר שותפות מוגבלת,IL,חומוס מסעדה צבר,גרמים,700.00,100 גרם,false,0,8.90,1.27,true,1,
7290106576797,false,"לה קרמריה גלידת וניל איטלקי כשל""פ 1.4ל'",נגה גלידות שותפות מוגבלת,IL,לה קרמריה,ליטרים,1.40,ליטר,false,0,21.90,15.64,true,1,
7290106576810,false,גלידה לה קרמריה ריבת חלב 1.4 ל' נסטלה,נגה גלידות שותפות מוגבלת,IL,לה קרמריה צמחי,ליטרים,1.40,ליטר,false,0,21.90,15.64,true,1,
7290106576834,false,גלידה לה קרמריה פונטש בננה1.4 ל' נסטלה,נגה גלידות שותפות מוגבלת,IL,לה קרמריה,ליטרים,1.40,ליטר,false,0,21.90,15.64,true,1,
7290106576896,false,לה קרמריה וניל קוק. כשלפ,נסטלה,IL,לה קרמריה,ליטרים,1.40,ליטר,false,0,21.90,15.64,true,1,
7290106576971,false,גלידה לה קרמריה שוקולד בלגי 1.4 ל' נסטלה,נגה גלידות שותפות מוגבלת,IL,לה קרמריה,ליטרים,1.40,ליטר,false,0,21.90,15.64,true,1,
7290106577039,false,גלידה לה קרמריה שוקו וניל פליק 1.4 ל' נסטלה,נגה גלידות שותפות מוגבלת,IL,לא קרמריה,ליטרים,1.40,ליטר,false,0,21.90,15.64,true,1,
7290106577282,false,טחינה אמיתית מרובע 400 ג' צבר,קבוצת אוסם סחר-שות.מוגבלת,IL,טחינה צבר,גרמים,400.00,100 גרם,false,0,12.10,3.03,true,1,
7290106577480,false,צבר חציל על האש בטחינה מרובע 400גרם,קבוצת אוסם סחר-שות.מוגבלת,IL,חציל על האש צבר,גרמים,400.00,100 גרם,false,0,12.90,3.23,true,1,
7290106577503,false,סלט חציל במיונז צבר 400 גרם,קבוצת אוסם סחר-שות.מוגבלת,IL,חציל במיונז צבר,גרמים,400.00,100 גרם,false,0,12.10,3.03,true,1,
7290106577527,false,סלט קולסלאו כרוב לבן וגזר 400 ג' צבר,קבוצת אוסם סחר-שות.מוגבלת,IL,סלט קולסלו צבר,גרמים,400.00,100 גרם,false,0,12.30,3.08,true,1,
7290106577541,false,צבר כרוב אדום מרובע 400גרם,קבוצת אוסם סחר-שות.מוגבלת,IL,כרוב אדום צבר,גרמים,400.00,100 גרם,false,0,12.40,3.10,true,1,
7290106577572,false,מטבוחה אמיתית מרובע 400 ג' צבר,קבוצת אוסם סחר-שות.מוגבלת,IL,מטבוחה צבר,גרמים,400.00,100 גרם,false,0,10.40,2.60,true,1,
7290106577961,false,צ'ריוס שיבולת שועל 340גר,ג'נרל מילס,US,דגני צ'יריוס,גרמים,340.00,100 גרם,false,0,15.90,4.68,true,1,
7290106578241,false,דובונים חטיף תפוחי אדמה אסם (100 גרם),קבוצת אוסם סחר-שות.מוגבלת,IL,חטיף דובונים,גרמים,100.00,100 גרם,false,0,8.80,8.80,true,1,
7290106578333,false,חציל על האש מרובע צבר400,לחמנו,IL,חציל על האש צבר,גרמים,400.00,100 גרם,false,0,11.80,2.95,true,1,
7290106578821,false,הבית עוגת שמרים קלאסית בטעם שוקולד 350גר.,קבוצת אוסם סחר שותפות מוגבלת,IL,עוגת שמרים,גרמים,350.00,100 גרם,false,0,17.30,4.94,true,1,
7290106652835,false,אנרגי אקסטרה קר.פסק זמן6,שטראוס גרופ,IL,אנרג'י פסק זמן,גרמים,210.00,100 גרם,false,0,11.90,5.67,true,1,
7290106653207,false,פיתה קראנצ' זעתר 300 גרם,"שטראוס פריטו ליי בע""\מ )",IL,פיתה קראנצ',גרמים,300.00,100 גרם,false,0,13.50,4.50,true,1,
7290106653689,false,לקט לסלט אסייתי 350 גר`-טעם הטבע,ביכורי השדה הצפון בעמ` 1964,IL,לקט לסלט אסייאתי,גרמים,350.00,100 גרם,false,1,9.90,2.83,true,1,
7290106654099,false,מילקי CAKE עוגות אישיות במילוי קרם חלב,בובארד איטליה אס.פי.איי,IL,מילקי קייק 8 יח',גרמים,272.00,100 גרם,false,1,20.00,7.35,true,1,
7290106654921,false,תפוציפס אקסטרה טבעי 50 גרם,"שטראוס פריטו ליי בע""\מ )",IL,תפוצ'יפס אקסטרא,גרמים,50.00,100 גרם,false,0,3.90,7.80,true,1,
7290106656260,false,פופקורן בטעם טבעי 65 גרם,"שטראוס פריטו ליי בע""\מ )",IL,פופקורן טבעי,גרמים,65.00,100 גרם,false,1,4.20,6.46,true,1,
7290106656512,false,וופל טורטית עם קרם ש,שטראוס גרופ,IL,בפלות טורטית,גרמים,360.00,100 גרם,false,0,15.80,4.39,true,1,
7290106656727,false,"עוגיות חיוכים שוקולד עלית 600 גרם בד""צ","אפיפית נצרת (1971) בע""\מ",IL,חיוכים שוקולד,גרמים,600.00,100 גרם,false,0,13.90,2.32,true,1,
7290106657137,false,תפוציפס אקסטרא טבעי200ג,שטראוס,IL,תפוצ'יפס אקסטרא,גרמים,200.00,100 גרם,false,0,10.00,5.00,true,1,
7290106657144,false,תפוצ'יפס EX שוארמה 50גרם,עלית,IL,תפוצ'יפס שווארמה,גרמים,50.00,100 גרם,false,1,3.90,7.80,true,1,
7290106658479,false,וופל טורטית שוקלד מגדים 40ג',"שטראוס גרופ בע""\מ",IL,טורטית מגדים,גרמים,40.00,100 גרם,false,1,3.90,9.75,true,1,
7290106660649,false,חטיף ציטוס קראנץ בוט,"שטראוס פריטו ליי בע""\מ )",IL,ציטוס בוטנים,גרמים,80.00,100 גרם,false,1,5.10,6.38,true,1,
7290106660724,false,שוק.קראנצ' שברי גלידה100,שטראוס,IL,שוקולד קראנצ',גרמים,100.00,100 גרם,false,1,5.90,5.90,true,1,
7290106662186,false,רולדה רול טוויסט מצו,"שטראוס גרופ בע""\מ",IL,רולדה טורטית,גרמים,350.00,100 גרם,false,1,14.90,4.26,true,1,
7290106662193,false,רולדה טוויסט 350 גרם,עלית,IL,רולדה טוויסט,גרמים,350.00,100 גרם,false,1,14.90,4.26,true,1,
7290106662223,false,"אפיפיות שוקולד לל""ג400ג","שטראוס גרופ בע""\מ",IL,אפיפיות לל.גלוטן,גרמים,400.00,100 גרם,false,1,14.90,3.73,true,1,
7290106662230,false,"בפלות טוב טעם בד""צ 445גר","שטראוס גרופ בע""\מ",IL,בפלות טוב טעם,גרמים,445.00,100 גרם,false,1,16.50,3.71,true,1,
7290106662377,false,רבע לשבע בוטנים 120 גרם,שטראוס,IL,רבע לשבע בוטנים,גרמים,120.00,100 גרם,false,1,10.00,8.33,true,1,
7290106662650,false,טחינה לניגוב 400 גרם,שטראוס,IL,טחינה לניגוב,גרמים,400.00,100 גרם,false,1,14.20,3.55,true,1,
7290106662964,false,גומי יין סוכריות גומי מסוכרות בטעמי פירות,הדקלאים אגודת שיתופי,IL,סוכריות גומי יין,גרמים,100.00,100 גרם,false,1,4.90,4.90,true,1,
7290106663015,false,טורטית נשנושים 130 גרם,עלית,IL,טורטית נשנושים,גרמים,130.00,100 גרם,false,1,10.00,7.69,true,1,
7290106663091,false,"לאבנה 9 % עם שמן זית 500 גר' ""שטראוס""",שטראוס גרופ בעמ/מצונן,IL,לאבנה 9%,גרמים,500.00,100 גרם,false,1,19.50,3.90,true,1,
7290106663121,false,"עוגה אישית במילוי קרם חלב ""מילקי קייק"" שטראוס",בובארד איטליה אס.פי.איי,IT,מילקי קייק,גרמים,34.00,100 גרם,false,1,3.00,8.82,true,1,
7290106663503,false,קונפיטורת תות לייט יד מרדכי (230 גרם),אף.סי תבליני בגליל ב,IL,קונפיטורה תות,גרמים,230.00,100 גרם,false,0,10.90,4.74,true,1,
7290106663541,false,רוטב צ'ילי שום מתוק280מל,"ב.א. מזון בע""\מ",IL,רוטב צ'ילי שום,מיליליטרים,280.00,"100 מ""ל",false,1,15.50,5.54,true,1,
7290106664067,false,לאבנה עם שמן זית וזעתר 10% שטראוס 400 ג',שטראוס גרופ בעמ/מצונן,IL,לאבנה שמן זית,גרמים,400.00,100 גרם,false,1,15.10,3.78,true,1,
7290106664548,false,רוטב שמנת4+גבינות9% 250מ,STRAUSS-ISRAEL,IL,רוטב שמנת גבינות,מיליליטרים,250.00,"100 מ""ל",false,1,10.50,4.20,true,1,
7290106664654,false,דוריטוס ט.טבעי 40*6 גרם,עלית,IL,דוריטוס 6 יח,גרמים,240.00,100 גרם,false,1,11.80,4.92,true,1,
7290106665415,false,תפוציפס אקסטר.ט.גבינה50ג,שטראוס,IL,תפוצ'יפס אקסטרא,גרמים,50.00,100 גרם,false,1,3.90,7.80,true,1,
7290106666399,false,חט.אנרג'י שוקולד חלב26*6,עלית,IL,חטיפי אנרג'י 6יח,גרמים,156.00,100 גרם,false,1,11.90,7.63,true,1,
7290106667266,false,חטיף תירס חמוץ חריף דוריטוס (185 גרם),"שטראוס פריטו ליי בע""\מ )",IL,דוריטוס,גרמים,185.00,100 גרם,false,1,7.40,4.00,true,1,
7290106667594,false,דנונה אפרסק 0% 150 גרם,שטראוס,IL,דנונה אפרסק 0%,גרמים,150.00,100 גרם,false,1,4.90,3.27,true,1,
7290106668010,false,בפלות מוקצף 800 גרם,שטראוס,IL,בפלות מוקצף,גרמים,800.00,100 גרם,false,1,19.90,2.49,true,1,
7290106668577,false,"מיץ לימון טבעי 250 מ""ל ""יד מרדכי""",האי נאם סי או אל.טי.,IL,מיץ לימון,גרמים,250.00,100 גרם,false,1,7.80,3.12,true,1,
7290106668737,false,דנונה לשתיה דיאט תות267ג,שטראוס,IL,דנונה לשתיה,גרמים,267.00,100 גרם,false,1,5.00,1.87,true,1,
7290106669970,false,דוריטוס טאקו 70 גרם,שטראוס,IL,דוריטוס טאקו,גרמים,70.00,100 גרם,false,1,3.60,5.14,true,1,
7290106720329,false,נישנושי תירס משפחתי 600ג,STRAUSS-ISRAEL,IL,נישנושי תירס,גרמים,600.00,100 גרם,false,0,15.00,2.50,true,1,
7290106720626,false,חטיף תירס בטעם גבינה צ`יטוס (80 גרם),"שטראוס פריטו ליי בע""\מ )",IL,ציטוס גבינה,גרמים,80.00,100 גרם,false,1,5.10,6.38,true,1,
7290106721234,false,בונ.איחולים מתוקים126גרם,STRAUSS-ISRAEL,IL,בונבונ.איחולים,גרמים,126.00,100 גרם,false,0,25.70,20.40,true,1,
7290106721609,false,דוריטוס חמוץ חריף 40*6גר,עלית,IL,דוריטוס 6 יח,גרמים,240.00,100 גרם,false,0,11.80,4.92,true,1,
7290106721906,false,מסטיק בזוקה צ'יקלט 66גרם,שטראוס גרופ,IL,מסטיק בזוקה,גרמים,66.00,100 גרם,false,1,9.90,15.00,true,1,
7290106721920,false,צנצנת מסטיק מאסט בטעם ספירמינט עדין 66 ג' עלית,"שטראוס גרופ בע""\מ.",IL,מסטיק ספירמינט,גרמים,66.00,100 גרם,false,1,9.90,15.00,true,1,
7290106722095,false,באגט קראנצ שום 300 גרם,עלית,IL,באגט קראנצ שום,גרמים,300.00,100 גרם,false,0,13.50,4.50,true,1,
7290106722101,false,באגט קראנצ טבעי 300 גרם,עלית,IL,באגט קראנצ טבעי,גרמים,300.00,100 גרם,false,0,13.50,4.50,true,1,
7290106723177,false,תפוציפס אקסטרא ט.פיצה50ג,שטראוס,IL,תפוצ'יפס אקסטרא,גרמים,50.00,100 גרם,false,1,3.90,7.80,true,1,
7290106725423,false,רבע לשבע חלבה 120 גרם,היינץ צפון אמריקה מק,IL,רבע לשבע חלבה,גרמים,120.00,100 גרם,false,1,10.00,8.33,true,1,
7290106725966,false,מטבעות שוקולד חלבי עלית מגדים 42 גרם,STRAUSS-ISRAEL,IL,מטבעות שוקולד,גרמים,42.00,100 גרם,false,1,5.00,11.90,true,1,
7290106726161,false,דנונה פרו אפרסק2.4% 150ג,"שטראוס בריאות בע""מ",IL,דנונה פרו אפרסק,גרמים,150.00,100 גרם,false,1,4.90,3.27,true,1,
7290106726178,false,יוגורט PRO עם פירות יער 2.4% 10 גרם חלבון בגביע,שטראוס גרופ בעמ/מצונן,IL,דנונה פרו פ.יער,גרמים,150.00,100 גרם,false,1,4.90,3.27,true,1,
7290106726796,false,דנונה בר עדשים 180 גרם,"שטראוס בריאות בע""\מ",IL,דנונה בר עדשים,גרמים,180.00,100 גרם,false,1,4.50,2.50,true,1,
7290106727045,false,יוגורט דנונה פרו אננ,STRAUSS-ISRAEL,IL,דנונה פרו אננס,גרמים,150.00,100 גרם,false,1,4.90,3.27,true,1,
7290106728066,false,עוגת בננה 230 גרם,שטראוס,IL,עוגת בננה,גרמים,230.00,100 גרם,false,1,9.90,4.30,true,1,
7290106728127,false,חלב טבעי בקבוק 1ליטר 3.6%,"שטראוס גרופ ***בע""מ",IL,חלב טבעי בקבוק,ליטרים,1.00,ליטר,false,1,7.70,7.70,true,1,
7290106728257,false,אקטיביה זירו שזיף אכמ150,שטראוס,IL,אקטיביה זרו שזיף,גרמים,150.00,100 גרם,false,1,4.90,3.27,true,1,
7290106728363,false,סלט פלפלים חריף 200גרם,שטראוס,IL,סלט פלפלים חריף,גרמים,200.00,100 גרם,false,1,10.50,5.25,true,1,
7290106728387,false,החומסיה של אבי אל ארז400,שטראוס,IL,החומוסיה של אבי,גרמים,400.00,100 גרם,false,1,14.20,3.55,true,1,
7290106728394,false,חומוס מסבחה גרוס גס400ג,שטראוס,IL,חומוס מסבחה,גרמים,400.00,100 גרם,false,1,10.50,2.63,true,1,
7290106729421,false,עוגת בראוניז טורטית380ג,"שטראוס גרופ בע""\מ",IL,עוגת בראוניז,גרמים,380.00,100 גרם,false,1,16.00,4.21,true,1,
7290106729650,false,יוגורט עם תות מאגדת 8 יח' * 150ג' דנונה,שטראוס גרופ בעמ/מצונן,IL,דנונה תות 8 יח,קילוגרמים,1.20,"ק""ג",false,1,25.00,20.83,true,1,
7290106729711,false,חומוס 9% ל.ח.משמר100*4,שטראוס,IL,חומוס עשיר,גרמים,400.00,100 גרם,false,1,12.90,3.23,true,1,
7290106729728,false,חומוס עשיר ל.ח.משמר100*4,שטראוס,IL,חומוס עשיר,גרמים,400.00,100 גרם,false,1,12.90,3.23,true,1,
7290107280037,false,50 מטליות לחות לניקוי כללי גדולות ועבות,החברה הדרומית לשיווק בעמ,IL,מגבונים לניקוי,יחידה,1.00,יחידה,false,0,9.90,9.90,true,1,
7290107280099,false,שלישיית מגובנים נשטפים באסלה סופט סוד 48 יחידות,החברה הדרומית לשיווק בעמ,IL,מגבוני נייר לחים,יחידה,1.00,יחידה,false,0,14.90,14.90,true,1,
7290107280129,false,סנו סושי 20 שקיות אשפה חזקות גדולות XXL,החברה הדרומית לשיווק בעמ,IL,שקיות אשפה,יחידה,1.00,יחידה,false,1,17.90,17.90,true,1,
7290107280167,false,תחליב רחצה קרמה וניל750מ,קוסמופארם בע'\'\מ,IL,תחליב רחצה קרמה,מיליליטרים,750.00,"100 מ""ל",false,0,14.90,1.99,true,1,
7290107280273,false,"קרמה קרם ידיים לעור יבש במיוחד 100 מ""ל",קוסמופארם,IL,קרמה קרם ידיים,מיליליטרים,100.00,"100 מ""ל",false,0,8.90,8.90,true,1,
7290107280396,false,"סנו - ג'ט מרסס לניקוי יסודי במטבח 750 מ""ל",החברה הדרומית לשיווק בעמ,IL,מתז ג'ט למטבח,מיליליטרים,750.00,"100 מ""ל",false,0,10.00,1.33,true,1,
7290107280471,false,ספארק טבליות למדיח 30 יח,סנו,IL,טבליות למדיח,יחידה,1.00,יחידה,false,0,20.00,20.00,true,1,
7290107280518,false,"סנו מקסימה אפקט ז'אוול 8 ק""ג",סנו,IL,מקסימה ג'אוול,קילוגרמים,8.00,"ק""ג",false,0,54.90,6.86,true,1,
7290107280549,false,"סנו - K400 קוטל זבובים ויתושים 300 מ""ל",החברה הדרומית לשיווק בעמ,IL,400-K ק.יתושים,מיליליטרים,300.00,"100 מ""ל",false,0,10.00,3.33,true,1,
7290107280570,false,סנו - מקסימה ג'ל כביסה מרוכז לכביסה צבעונית 3 ליטר,החברה הדרומית לשיווק בעמ,IL,ג'ל כביסה,ליטרים,3.00,ליטר,false,0,25.00,8.33,true,1,
7290107280594,false,שלישיית סנובון מוצק דאבל אקשן לבנדר 55 גרם,סנו מפעלי ברונוס בעמ,IL,סנובון דאבל אקשן,גרמים,155.00,100 גרם,false,1,9.90,6.39,true,1,
7290107280679,false,ספארק טבליות למדיח 70 יח,סנו,IL,טבליות למדיח,יחידה,1.00,יחידה,false,0,39.90,39.90,true,1,
7290107280709,false,ספארק נוזל הברקה למדיח סנו (700 מל),החברה הדרומית לשיווק בעמ,IL,נוזל הברקה למדיח,מיליליטרים,700.00,"100 מ""ל",false,1,10.00,1.43,true,1,
7290107280716,false,מלח למדיח להגנה מפני אבנית סנו ספארק Spark,החברה הדרומית לשיווק בעמ,IL,ספארק מלח למדיח,קילוגרמים,2.00,"ק""ג",false,1,10.00,5.00,true,1,
7290107280723,false,נוזל לניקוי כלים סנו ספארק Spark בניחוח לימון רענן,החברה הדרומית לשיווק בעמ,IL,נוזל לכלים לימון,מיליליטרים,700.00,"100 מ""ל",false,0,9.80,1.40,true,1,
7290107280761,false,נוזל לניקוי כלים בניחוח לימון רענן סנו ספארק Spark,החברה הדרומית לשיווק בעמ,IL,נוזל כלים לימון,ליטרים,1.00,ליטר,false,0,10.00,10.00,true,1,
7290107280822,false,סנו ריצפז פרש הום 2 ליטר בניחוח ספא,החברה הדרומית לשיווק בעמ,IL,ריצפז פרש הום,ליטרים,2.00,ליטר,false,0,15.00,7.50,true,1,
7290107640145,false,"דאורדורנט ספריי טלק ""דאב""",יוניליוור גרמניה Gm,GB,דאודורנט דאב,מיליליטרים,150.00,"100 מ""ל",false,1,20.90,13.93,true,1,
7290107640756,false,קוקומן צדפים 750 גרם,יוניליוור,IL,קוקומן צדפים,גרמים,750.00,100 גרם,false,1,29.70,3.96,true,1,
7290107641371,false,קוקומן כדורים 500 גרם,יוניליוור,IL,קוקומן כדורים,גרמים,500.00,100 גרם,false,1,14.90,2.98,true,1,
7290107641906,false,פינוק רחצה לגבר3ב1 700מל,יוניליוור ישראל טיפוח אי,IL,פינוק 3 ב1- לגבר,מיליליטרים,700.00,"100 מ""ל",false,1,9.90,1.41,true,1,
7290107642675,false,"שמפו פינוק2ב1לגבר 700מ""ל",יוניליוור ישראל טיפוח אי,IL,שמפו פינוק לגבר,מיליליטרים,700.00,"100 מ""ל",false,1,9.90,1.41,true,1,
7290107643924,false,ריבועי ברנפלקס דבש 400גר,יוניליוור,IL,ברנפלקס דבש,גרמים,400.00,100 גרם,false,1,16.90,4.23,true,1,
7290107644716,false,פינוק שמפו שמן קוקוס700מ,יוניליוור,IL,שמפו פינוק,מיליליטרים,700.00,"100 מ""ל",false,1,9.90,1.41,true,1,
7290107644723,false,פינוק מרכך שמן קוקוס700מ,יוניליוור,IL,מרכך פינוק,מיליליטרים,700.00,"100 מ""ל",false,1,9.90,1.41,true,1,
7290107644815,false,GO TO גרנולה שקדי+דבש115,יוניליוור,IL,גרנולה טו גו,גרמים,115.00,100 גרם,false,1,14.50,12.61,true,1,
7290107644914,false,שוקולד חלב מגנום 90 גרם,יוניליוור,GB,שוקולד חלב,גרמים,90.00,100 גרם,false,1,12.90,14.33,true,1,
7290107644990,false,בייגלה רולים עם מלח280ג,בייגל בייגל,IL,בייגלה רולים,גרמים,280.00,100 גרם,false,1,7.90,2.82,true,1,
7290107645003,false,בייגלה רולים+שומשום280ג,בייגל בייגל,IL,בייגלה רולים,גרמים,280.00,100 גרם,false,1,7.90,2.82,true,1,
7290107645010,false,כריות שוקו בננה 750גרם,יוניליוור,IL,כריות שוקו בננה,גרמים,750.00,100 גרם,false,1,27.90,3.72,true,1,
7290107645713,false,ממרח פצפוצים קליק 350 גר,יוניליוור,BE,ממרח עם פצפוצים,גרמים,350.00,100 גרם,false,1,10.90,3.11,true,1,
7290107645720,false,חט.ברנפלקס קרם יוגורט138,גוצ'מולר,AT,חטיף ברנפלקס,גרמים,138.00,100 גרם,false,1,10.90,7.90,true,1,
7290107645737,false,חטיף ברנפלקס+צימוקים138ג,יוניליוור,AT,חטיף ברנפלקס,גרמים,138.00,100 גרם,false,1,10.90,7.90,true,1,
7290107645928,false,קליק ביסקוויט לבן 75 גרם,יוניליוור ישראל שיווק בעמ,IL,קליק ביסקויט לבן,גרמים,75.00,100 גרם,false,1,5.90,7.87,true,1,
7290107646321,false,נמס בכוס ירק.כתומים24*2ג,יוניליוור ישראל שיווק בעמ,IL,מרק נמס בכוס,גרמים,48.00,100 גרם,false,1,6.90,14.38,true,1,
7290107646376,false,סיף מטליות לחות לניקוי כללי בניחוח לימון,יוניליוור ישראל שיווק בעמ,IL,מטליות לניקוי,יחידה,1.00,יחידה,false,1,11.90,11.90,true,1,
7290107647755,false,קורנפלקס של אלופים 750 ג,יוניליוור,IL,קורנפלקס אלופים,גרמים,750.00,100 גרם,false,1,15.50,2.07,true,1,
7290107647762,false,"קורנפלקס אלופים 750בד""צ",יוניליוור ישראל מזון בעמ,IL,קורנפלקס אלופים,גרמים,750.00,100 גרם,false,1,15.50,2.07,true,1,
7290107870429,false,"רוטב בסיס לבישול 580 מ""ל","אסם השקעות בע""\מ",IL,רוטב בסיס לבישול,מיליליטרים,580.00,"100 מ""ל",false,0,15.90,2.74,true,1,
7290107870856,false,ביסלי מאנץ' מקסיקני 40גר,חטיפי אסם 6 ב 20,IL,ביסלי מאנץ',גרמים,40.00,100 גרם,false,1,3.50,8.75,true,1,
7290107870870,false,ביסלי מאנץ' ספרדי 40גרם,אסם,IL,ביסלי מאנץ ספרדי,גרמים,40.00,100 גרם,false,1,3.50,8.75,true,1,
7290107871297,false,אוסם - מיני פריכונים עשבי תיבול 25 גרם,קבוצת אוסם סחר שותפות מוגבלת,IL,פריכונים מיני,גרמים,25.00,100 גרם,false,0,4.20,16.80,true,1,
7290107871990,false,פסטה צינורות מהדרין אסם (500 גרם),קבוצת אוסם סחר שותפות מוגבלת,IT,פסטה צינורות,גרמים,500.00,100 גרם,false,0,5.70,1.14,true,1,
7290107873062,false,פתי בר שוקולד מריר500גרם,"אסם השקעות בע""\מ",IL,פתיבר שוקולד,גרמים,500.00,100 גרם,false,1,10.90,2.18,true,1,
7290107873147,false,סלט קרם עגבניות 240 גרם,צבר,IL,סלט קרם עגבניות,גרמים,240.00,100 גרם,false,1,10.70,4.46,true,1,
7290107873222,false,סלט חומוס עם פלפל חר,צבר,IL,חומוס עם חריף,גרמים,400.00,100 גרם,false,0,12.50,3.13,true,1,
7290107873239,false,פתי בר קרמל 500גרם,אסם,IL,פתיבר קרמל,גרמים,500.00,100 גרם,false,1,10.90,2.18,true,1,
7290107874427,false,מיני פריכונים בטעם זעתר אסם (25 גרם),קבוצת אוסם סחר שותפות מוגבלת,IL,פריכונים מיני,גרמים,25.00,100 גרם,false,0,4.20,16.80,true,1,
7290107874441,false,פריכונים מיני בצל מקורמל אסם (25 גרם),קבוצת אוסם סחר שותפות מוגבלת,IL,פריכונים מיני,גרמים,25.00,100 גרם,false,0,4.20,16.80,true,1,
7290107874502,false,ביסלי גריל קדמ. מארז אחיד 10 4*55 גרם,קבוצת אוסם סחר שותפות מוגבלת,IL,ביסלי גריל 4 יח,גרמים,220.00,100 גרם,false,1,12.50,5.68,true,1,
7290107875172,false,במבה יום הולדת 6שקיות*50גרם,קבוצת אסם סחר,IL,במבה קלאסי 6 יח,גרמים,300.00,100 גרם,false,1,15.20,5.07,true,1,
7290107875271,false,ביסלי ברביקיו קדמ. מארז אחיד10 4*55 גרם,קבוצת אוסם סחר שותפות מוגבלת,IL,ביסלי ברביקיו4יח,גרמים,220.00,100 גרם,false,1,12.50,5.68,true,1,
7290107875295,false,"רוטב ויניגרט לייט 290מ""ל",אסם,IL,רוטב ויניגרט,מיליליטרים,290.00,"100 מ""ל",false,1,10.90,3.76,true,1,
7290107875493,false,ויטמינצ'יק תות בננה 1 ל',אסם,IL,סירופ ויטמינצ'יק,ליטרים,1.00,ליטר,false,1,12.90,12.90,true,1,
7290107876698,false,בייגלה עיגולים שומשום300,אסם,IL,בייגלה עיגולים,גרמים,300.00,100 גרם,false,1,9.90,3.30,true,1,
7290107876759,false,"פתי בר קטנים 1.5 ק""ג",אסם,IL,פתי בר קטנים,קילוגרמים,1.50,"ק""ג",false,1,25.90,17.27,true,1,
7290107877169,false,חטיפי קרקר ללא גלוטן 150,אסם,IL,חטיפי קרקר,גרמים,150.00,100 גרם,false,1,8.90,5.93,true,1,
7290107877527,false,מרק נמס עגבניות 30*2גרם,אסם,IL,מרק נמס עגבניות,גרמים,60.00,100 גרם,false,1,5.90,9.83,true,1,
7290107877619,false,מארז במבה במילוי קרם נוגט 5*30ג' אסם,קבוצת אוסם סחר שותפות מוגבלת,IL,במבה נוגט 5 יח,גרמים,150.00,100 גרם,false,1,13.90,9.27,true,1,
7290107877725,false,שייק&בייק פנקייק 220גרם,אסם,IL,שייק&בייק פנקייק,גרמים,220.00,100 גרם,false,1,13.90,6.32,true,1,
7290107878845,false,עוגת שוק.ציפוי אגוזים320,אסם,IL,עוגת שוקולד הבית,גרמים,380.00,100 גרם,false,1,12.50,3.29,true,1,
7290107879118,false,קרקר חומוס+דגנ.מלאים150ג,אסם,IL,קרקר חומוס,גרמים,150.00,100 גרם,false,1,10.90,7.27,true,1,
7290107879132,false,פריכיות פיטנס מיני פריכיות שוקולד חלב 22 ג',קבוצת אוסם סחר שותפות מוגבלת,IL,פריכיות פיטנס,גרמים,22.00,100 גרם,false,1,5.00,22.73,true,1,
7290107879521,false,קרחון לה פרוטה שרבט תות מאגדת 5יח',נגה גלידות שותפות מוגבלת,IL,מאגדת לה פרוטה,גרמים,350.00,100 גרם,false,1,24.90,7.11,true,1,
7290107879569,false,קרחון לה פרוטה שרבט מנגו מאגדת 5יח',נגה גלידות שותפות מוגבלת,IL,מאגדת לה פרוטה,גרמים,350.00,100 גרם,false,1,24.90,7.11,true,1,
7290107879583,false,מאגדת לה פרוטה בננה 6יח,נסטלה,IL,מאגדת לה פרוטה,גרמים,350.00,100 גרם,false,1,24.90,7.11,true,1,
7290107930178,false,סלסה עגבניות חריפה 400גר,שטראוס,IL,סלסה עגבניות,גרמים,400.00,100 גרם,false,1,15.90,3.98,true,1,
7290107930215,false,אנרגי שייפ מיקס פרי24*6ג,STRAUSS-ISRAEL,IL,חטיפי אנרגי 6 יח,גרמים,144.00,100 גרם,false,1,11.90,8.26,true,1,
7290107932080,false,חלב 3% מועשר בבקבוק יטבתה (1 ליטר),שטראוס גרופ בעמ/מצונן,IL,חלב מועשר 3%,ליטרים,1.00,ליטר,false,1,7.70,7.70,true,1,
7290107932127,false,חלב 2% מועשר בבקבוק יטבתה (1 ליטר),שטראוס גרופ בעמ/מצונן,IL,חלב מועשר 2%,ליטרים,1.00,ליטר,false,1,7.70,7.70,true,1,
7290107932134,false,חלב מועשר 1% בבקבוק יטבתה (1 ליטר),שטראוס גרופ בעמ/מצונן,IL,חלב מועשר 1%,ליטרים,1.00,ליטר,false,1,7.70,7.70,true,1,
7290107932226,false,שוקולד אקסטרה חלב 100גרם,שטראוס,IL,שוקולד אקסטרה,גרמים,100.00,100 גרם,false,1,6.80,6.80,true,1,
7290107932233,false,שוק.אקסטרה צימוק+אגוז100,שטראוס,IL,שוקולד אקסטרה,גרמים,100.00,100 גרם,false,1,6.80,6.80,true,1,
7290107932240,false,שוק.אקסטרה וניל+עוג100גר,שטראוס,IL,שוקולד אקסטרה,גרמים,100.00,100 גרם,false,1,6.80,6.80,true,1,
7290107932271,false,שוק.אקסטרה תות+עוגיות100,שטראוס,IL,שוקולד אקסטרה,גרמים,100.00,100 גרם,false,1,6.80,6.80,true,1,
7290107932387,false,סוכ.גומי מיקס מבריק200ג,עלית,IL,סוכריות גומי,גרמים,200.00,100 גרם,false,1,9.90,4.95,true,1,
7290107932400,false,סוכריות ג'לי ברכות 540 ג,STRAUSS-ISRAEL,IL,סוכריות ג'לי,גרמים,540.00,100 גרם,false,1,19.90,3.69,true,1,
7290107932875,false,מאסט לימונענע מגדים 28גר,שטראוס,IL,מאסט לימונענע,גרמים,28.00,100 גרם,false,1,4.30,15.36,true,1,
7290107933100,false,פריכיות גדול דגנ/קצח135ג,שטראוס,IL,פריכיות,גרמים,135.00,100 גרם,false,1,12.90,9.56,true,1,
7290107933117,false,פריכיות גדול3דגנים135גר,שטראוס,IL,פריכיות גדולות,גרמים,135.00,100 גרם,false,1,12.90,9.56,true,1,
7290107933155,false,לקט סלנובה 200 גר ירקות שטראוס טעם הטבע,שטראוס בריאות ירקות טריי,IL,לקט סלנובה,גרמים,200.00,100 גרם,false,1,12.90,6.45,true,1,
7290107933193,false,סלק בוואקום מבושל שטראוס (500 גרם),ביכורי השדה הצפון בעמ` 1964,IL,סלק מבושל 500גרם,גרמים,500.00,100 גרם,false,1,8.90,1.78,true,1,
7290107933315,false,חלב דל לקטוז 2% בקבוק 1ליטר,"שטראוס גרופ ***בע""מ",IL,חלבדל לקטוז 2%,ליטרים,1.00,ליטר,false,1,7.70,7.70,true,1,
7290107933643,false,"משקה חלב עם דגנים ובננה 250 מ""ל יוטבתה",מחלבת יטבתה,IL,משקה חלב+דגנים,מיליליטרים,250.00,"100 מ""ל",false,1,4.80,1.92,true,1,
7290107933650,false,ארוחה קטנה בבקבוק תות250,מחלבת יטבתה,IL,משקה חלב+דגנים,מיליליטרים,250.00,"100 מ""ל",false,1,4.80,1.92,true,1,
7290107934473,false,שמינייה יוגורט לבן אקטיביה 1.5% דנונה 150 גרם,שטראוס גרופ בעמ/מצונן,IL,אקטביה 1.5% 8 יח,ליטרים,1.20,ליטר,false,1,20.50,17.08,true,1,
7290107934480,false,אקטיביה יוגורט 3% דנונה (150x8 גרם),שטראוס גרופ בעמ/מצונן,IL,אקטביה 3% 8 יח,ליטרים,1.20,ליטר,false,1,20.50,17.08,true,1,
7290107936019,false,בפלות דקיקות וניל צרפ200,שטראוס,IL,בפלות דקיקות,גרמים,200.00,100 גרם,false,1,10.90,5.45,true,1,
7290107936309,false,דנונה יוגורט 7% יווני לבן 130 ג',שטראוס גרופ בעמ/מצונן,IL,דנונה יווני,גרמים,130.00,100 גרם,false,1,3.50,2.69,true,1,
7290107936460,false,מארז 8 יח' דנכול משקה יוגורט בטעם מעודן,שטראוס גרופ בעמ/מצונן,IL,דנכול מעודן 8 יח,גרמים,800.00,100 גרם,false,1,29.30,3.66,true,1,
7290107936910,false,עוג.שוק.חלב צ'אנקס162גר,עלית,IL,עוגיות צ'אנקס,גרמים,162.00,100 גרם,false,1,9.90,6.11,true,1,
7290107937337,false,חומוס 9% שומן 250 גרם,שטראוס,IL,חומוס 9% שומן,גרמים,250.00,100 גרם,false,1,6.90,2.76,true,1,
7290107937542,false,משקה יוגורט אקטיביה עם תות 1.2% שומן,שטראוס גרופ בעמ/מצונן,IL,משקה אקטביה תות,גרמים,265.00,100 גרם,false,1,5.00,1.89,true,1,
7290107937597,false,חטיף רבע לשבע אגוזים27ג,הגביע,IL,רבע לשבע אגוזים,גרמים,27.00,100 גרם,false,1,3.90,14.44,true,1,
7290107937856,false,קפסולות 11חזק למכונות נספרסו עלית 10יח',הנסיך- מפעל לייצור ט,IL,קפסולות עלית,גרמים,50.00,100 גרם,false,1,15.90,31.80,true,1,
7290107938327,false,רביולי גבינה 600 גרם,שטראוס,IL,רביולי גבינה,גרמים,600.00,100 גרם,false,1,24.90,4.15,true,1,
7290107938396,false,שמיניית אקטימל תות דיסני בנים 108 גרם,שטראוס גרופ בעמ/מצונן,IL,אקטימל תות 8יח',מיליליטרים,800.00,"100 מ""ל",false,1,20.90,2.61,true,1,
7290107938884,false,חצילים קלויים על האש,STRAUSS-ISRAEL,IL,חציל על האש אחלה,גרמים,500.00,100 גרם,false,1,15.90,3.18,true,1,
7290107938891,false,חצילים עם טחינה 500 גרם,"שטראוס גרופ בע""\מ",IL,חצילים עם טחינה,גרמים,500.00,100 גרם,false,1,15.90,3.18,true,1,
7290107939027,false,גזר דק דק 250 גר שטראוס ירקות טעם הטבע,ביכורי השדה הצפון בעמ` 1964,IL,גזר דק דק 250גרם,גרמים,250.00,100 גרם,false,1,7.90,3.16,true,1,
7290107939256,false,דני שלוק וניל דיסני125*4,שטראוס,IL,דני וניל לשתייה,גרמים,500.00,100 גרם,false,1,10.90,2.18,true,1,
7290107939911,false,"טעמי שוקו כשל""פ 40 גרם",שטראוס,IL,טעמי שוקו,גרמים,40.00,100 גרם,false,1,3.90,9.75,true,1,
7290107939966,false,דנונה פרו לבן 0% 150 גרם,שטראוס,IL,דנונה פרו,גרמים,150.00,100 גרם,false,1,4.90,3.27,true,1,
7290107940252,false,השוקו שלי ללא תוס.סוכר1ל,מחלבת יטבתה,IL,השוקו שלי,ליטרים,1.00,ליטר,false,1,11.80,11.80,true,1,
7290107940450,false,אקטיביה 0% 200 גרם,שטראוס,IL,אקטיביה 0%,גרמים,200.00,100 גרם,false,1,3.80,1.90,true,1,
7290107940467,false,אקטיביה יוגורט קרמי 1.5% דנונה (200 גרם),שטראוס גרופ בעמ/מצונן,IL,אקטיביה 1.5%,גרמים,200.00,100 גרם,false,1,3.80,1.90,true,1,
7290107940474,false,אקטיביה יוגורט קרמי 3% דנונה (200 גרם),שטראוס גרופ בעמ/מצונן,IL,אקטיביה 3%,גרמים,200.00,100 גרם,false,1,3.80,1.90,true,1,
7290107940504,false,עוג.וופל בלגי דקיקים100ג,שטראוס,BE,עוגיות וופל בלגי,גרמים,100.00,100 גרם,false,1,12.90,12.90,true,1,
7290107940511,false,עוגיות ופל בלגי פריכות80,שטראוס,BE,עוגיות וופל בלגי,גרמים,80.00,100 גרם,false,1,12.90,16.13,true,1,
7290107940801,false,ספלנדיד TREATS שקדים100ג,שטראוס,IL,ספלנדיד TREATS,גרמים,100.00,100 גרם,false,1,11.90,11.90,true,1,
7290107940818,false,ספלנדיד TREATS לוז100ג,שטראוס,IL,ספלנדיד TREATS,גרמים,100.00,100 גרם,false,1,11.90,11.90,true,1,
7290107941112,false,דבש טהור פרחי בר לחיץ230,יד מרדכי,IL,דבש טהור,גרמים,230.00,100 גרם,false,1,12.90,5.61,true,1,
7290107941259,false,עדשים ירוקות מבושלות 475 גר ירקות שטראוס,ביכורי השדה הצפון בעמ` 1964,ES,עדשים ירוקות,גרמים,475.00,100 גרם,false,1,12.90,2.72,true,1,
7290107941266,false,שעועית אדומה מבושלת 475 גר ירקות שטראוס,ביכורי השדה הצפון בעמ` 1964,ES,שעועית אדומה,גרמים,475.00,100 גרם,false,1,14.90,3.14,true,1,
7290107941273,false,טעם הטבע חומוס מבושל שטראוס (475 גרם),ביכורי השדה הצפון בעמ` 1964,ES,חומוס מבושל,גרמים,475.00,100 גרם,false,1,12.90,2.72,true,1,
7290107941990,false,דנונה דיאט תות 0% 150גר,שטראוס,IL,דנונה דיאט,גרמים,150.00,100 גרם,false,1,4.90,3.27,true,1,
7290107942010,false,דנונה דיאט תות/אפרסק 8יח,שטראוס,IL,דנונה דיאט 8 יח,קילוגרמים,1.20,"ק""ג",false,1,27.70,23.08,true,1,
7290107942027,false,דנונה זירו פ.יער 0% 150ג,שטראוס,IL,דנונה זירו,גרמים,150.00,100 גרם,false,1,4.90,3.27,true,1,
7290107942072,false,דנונה בר גליליות 171 גרם,שטראוס,IL,דנונה בר,גרמים,171.00,100 גרם,false,1,4.50,2.63,true,1,
7290107942126,false,גרנולה+שוקולד ובננה 400ג,מלדר נטווראל פודס,BE,גרנולה אנרג'י,גרמים,400.00,100 גרם,false,1,13.90,3.48,true,1,
7290107942133,false,גרנולה+זרעי פשתן 400גרם,מלדר נטוראל פודס,BE,גרנולה אנרג'י,גרמים,400.00,100 גרם,false,1,13.90,3.48,true,1,
7290107942140,false,גרנולה+פצפוצי אורז900גרם,מלדר נטוראל פודס,BE,גרנולה,גרמים,900.00,100 גרם,false,1,19.90,2.21,true,1,
7290107942171,false,קפה אינטנס 10% אספרסו עלית (125 גרם),שטראוס גרופ בעמ,IL,קפה אינטנס,גרמים,125.00,100 גרם,false,1,19.90,15.92,true,1,
7290107942188,false,קפה אינטנס 15% אספרסו125,שטראוס גרופ בעמ,IL,קפה אינטנס,גרמים,125.00,100 גרם,false,1,19.90,15.92,true,1,
7290107942218,false,ספלנדיד בר שוקולד+ופל142,שטראוס,IL,מעדן ספלנדיד בר,גרמים,142.00,100 גרם,false,1,4.20,2.96,true,1,
7290107942232,false,מעדן ספלנדיד שוק.חלב130ג,מיוצר עי קונדיטוריית,IL,מעדן ספלנדיד,גרמים,130.00,100 גרם,false,1,3.30,2.54,true,1,
7290107942249,false,מעדן ספלנדיד שוק.לבן130ג,מיוצר עי קונדיטוריית,IL,מעדן ספלנדיד,גרמים,130.00,100 גרם,false,1,3.30,2.54,true,1,
7290107942263,false,ספלנדיד מוס שוק.חלב75גרם,שטראוס,IL,ספלנדיד מוס,גרמים,75.00,100 גרם,false,1,4.00,5.33,true,1,
7290107942324,false,מילקי שוקולד עשיר133גרם,"שטראוס גרופ בע""\מ",IL,מילקי שוקולד,גרמים,133.00,100 גרם,false,1,3.90,2.93,true,1,
7290107942409,false,גמדים שלי 100*4 גרם,שטראוס,IL,גמדים שלי 4 יח',גרמים,400.00,100 גרם,false,1,11.50,2.88,true,1,
7290107942447,false,ממרח פסק זמן מגדים 350גר,"שטראוס גרופ בע""\מ",IL,ממרח פסק זמן,גרמים,350.00,100 גרם,false,1,13.90,3.97,true,1,
7290107942454,false,ממרח פסק זמן מגדים700ג,"שטראוס גרופ בע""\מ",IL,ממרח פסק זמן,גרמים,700.00,100 גרם,false,1,24.90,3.56,true,1,
7290107942485,false,"מילקי שוט מארז 123*6 מ""ל",שטראוס,IL,מילקי שוט 6 יח',מיליליטרים,738.00,"100 מ""ל",false,1,17.90,2.43,true,1,
7290107942621,false,טבעות בצל 60 גרם,שטראוס,IL,טבעות בצל,גרמים,60.00,100 גרם,false,1,4.90,8.17,true,1,
7290107942676,false,באגט קראנצ עגבנ.ושמן300ג,שטראוס,IL,באגט קראנצ,גרמים,300.00,100 גרם,false,1,13.50,4.50,true,1,
7290107942744,false,פיתה קראנצ בצל על האש300,שטראוס,IL,פיתה קראנצ',גרמים,300.00,100 גרם,false,1,13.50,4.50,true,1,
7290107942898,false,פלחי תפוא מבושל בקליפה,פריווקה אג,DE,פלחי תפוא מבושל,גרמים,500.00,100 גרם,false,1,11.90,2.38,true,1,
7290107942904,false,מיני תפוא קלוף מבושל500ג,פריווקה אג,DE,מיני תפוא מבושל,גרמים,500.00,100 גרם,false,1,11.90,2.38,true,1,
7290107943123,false,סלט גזר מרוקאי 200 גרם,שטראוס,IL,סלט גזר מרוקאי,גרמים,200.00,100 גרם,false,1,10.50,5.25,true,1,
7290107943185,false,שמנת לבישול 9% יטבתה500מ,שטראוס,IL,שמנת לבישול,מיליליטרים,500.00,"100 מ""ל",false,1,14.90,2.98,true,1,
7290107943369,false,קוואקר שיבולת שועל ללא גלוטן 511 גר'.,שטראוס פריטו ליי בע`מ,US,קוואקר ללא גלוטן,גרמים,511.00,100 גרם,false,1,20.90,4.09,true,1,
7290107943550,false,עוג.שוקוציפס שחור לבן180,שטראוס,IL,עוגיות שוקוצ'יפס,גרמים,180.00,100 גרם,false,1,7.90,4.39,true,1,
7290107944281,false,"קפסולות 8 הונדורס כשל""פ",עלית,IL,קפסולות קפה,גרמים,50.00,100 גרם,false,1,15.90,31.80,true,1,
7290107944366,false,גלילי וופל רבע לשבע,"הגביע מוצרי וופלים בע""\מ",IL,רבע לשבע לבן,גרמים,120.00,100 גרם,false,1,10.00,8.33,true,1,
7290107944472,false,סימפוניה גבינה במרקם שמנת 5% שום שמיר,שטראוס גרופ בעמ/מצונן,IL,גבינת סימפוניה,גרמים,200.00,100 גרם,false,1,10.90,5.45,true,1,
7290107944540,false,רבע לשבע ארט.שוק.בננה120,שטראוס,IL,וופל רבע לשבע,גרמים,120.00,100 גרם,false,1,10.00,8.33,true,1,
7290107944557,false,רבע לשבע גלידה שמ+תות120,שטראוס,IL,רבע לשבע גלידה,גרמים,120.00,100 גרם,false,1,10.00,8.33,true,1,
7290107944564,false,פתיבר מהדורת אביב 500גרם,עלית,IL,פתיבר אביב,גרמים,500.00,100 גרם,false,1,9.90,1.98,true,1,
7290107945042,false,מילקי קייק שוקו 34*4 גר,TSC,IL,מילקי קייק 4 יח,גרמים,136.00,100 גרם,false,1,10.90,8.01,true,1,
7290107945110,false,סוכריות מאסט טעם מנטה80ג,מייאשקו,PL,סוכריות מאסט,גרמים,80.00,100 גרם,false,1,7.50,9.38,true,1,
7290107945240,false,קולורבי דק דק 250גרם,"שטראוס גרופ ***בע""מ",IL,קולורבי דק דק250,גרמים,250.00,100 גרם,false,1,9.90,3.96,true,1,
7290107945295,false,השוקו שלי בקבוקונ150*6מל,יטבתה,IL,השוקו שלי 6 יח,מיליליטרים,900.00,"100 מ""ל",false,1,12.50,1.39,true,1,
7290107945301,false,"השוקו שלי 350 מ""ל",יטבתה,IL,השוקו שלי,מיליליטרים,350.00,"100 מ""ל",false,1,6.20,1.77,true,1,
7290107945325,false,מילקי קייק שוקו 34 גרם,TSC,IL,מילקי קייק,גרמים,34.00,100 גרם,false,1,3.00,8.82,true,1,
7290107945370,false,אקטיביה שזיף מיוב3% 150,שטראוס,IL,אקטיביה שזיף,גרמים,150.00,100 גרם,false,1,4.60,3.07,true,1,
7290107945424,false,דנונה פרו לבן+2.9%גרנ155,שטראוס,IL,דנונה פרו+גרנולה,גרמים,155.00,100 גרם,false,1,5.90,3.81,true,1,
7290107945684,false,דנונה טריו תות שוק139*2ג,שטראוס,IL,דנונה טריו,גרמים,278.00,100 גרם,false,1,9.90,3.56,true,1,
7290107950039,false,אקטיביה זירו תות 150 גרם,שטראוס,IL,אקטיביה זרו תות,גרמים,150.00,100 גרם,false,1,4.90,3.27,true,1,
7290107950053,false,דנונהתות שתיה דיסני125*4,שטראוס,IL,דנונה לשתיה 4 יח,גרמים,500.00,100 גרם,false,1,12.50,2.50,true,1,
7290107950060,false,דנונה טריפל0פרו אפרסק150,שטראוס,IL,דנונה פרו אפרסק,גרמים,150.00,100 גרם,false,1,4.90,3.27,true,1,
7290107950091,false,"אקטימל רימון 100*8מ""ל",שטראוס,IL,אקטימל רימון8 יח,מיליליטרים,800.00,"100 מ""ל",false,1,20.90,2.61,true,1,
7290107950145,false,דנונה יווני תות5.8% 120ג,שטראוס,IL,דנונה יווני תות,גרמים,120.00,100 גרם,false,1,3.50,2.92,true,1,
7290107950183,false,מעדן שטראוס דיאט וניל%0.5,שטראוס גרופ בעמ/מצונן,IL,מעדן דיאט וניל,גרמים,130.00,100 גרם,false,1,3.30,2.54,true,1,
7290107950190,false,מעדן חלב דל קלוריות בטעם שוקולד מריר 0.5% שומן,שטראוס גרופ בעמ/מצונן,IL,מעדן דיאט שוקולד,גרמים,130.00,100 גרם,false,1,3.30,2.54,true,1,
7290107950206,false,מעדן דיאט שוקולד שטראוס 130 גרם,שטראוס גרופ בעמ/מצונן,IL,מעדן דיאט שוקולד,גרמים,130.00,100 גרם,false,1,3.30,2.54,true,1,
7290107950220,false,ספלנדיד מוס 99 48*4 גרם,שטראוס,IL,ספלנדיד מוס 4 יח,גרמים,192.00,100 גרם,false,1,8.90,4.64,true,1,
7290107950251,false,מילקי מוס שוקולד 81 גרם,שטראוס,IL,מילקי מוס,גרמים,81.00,100 גרם,false,1,3.50,4.32,true,1,
7290107950268,false,מילקי מוס שוקולד אגוז81ג,שטראוס,IL,מילקי מוס,גרמים,81.00,100 גרם,false,1,3.50,4.32,true,1,
7290107950299,false,ספלנדיד שכבות מוס שוק95ג,שטראוס,IL,ספלנדיד מוס,גרמים,95.00,100 גרם,false,1,4.00,4.21,true,1,
7290107950343,false,מילקי טופ עוגיות מרנג139,שטראוס,IL,מילקי טופ,גרמים,139.00,100 גרם,false,1,4.90,3.53,true,1,
7290107950374,false,מילקי בטעם טופי קרמל 133,שטראוס,IL,מילקי טופי קרמל,גרמים,133.00,100 גרם,false,1,2.80,2.11,true,1,
7290107950428,false,גמדים אפרסק 4 * 100 גרם,שטראוס,IL,גמדים אפרסק 4 יח,גרמים,400.00,100 גרם,false,1,11.50,2.88,true,1,
7290107950459,false,סקי פירות יער 3% 125 גרם,שטראוס,IL,סקי מעדן גבינה,גרמים,125.00,100 גרם,false,1,3.70,2.96,true,1,
7290107950497,false,סימפוניה שמנת25%זיתים200,שטראוס,IL,גבינת סימפוניה,גרמים,200.00,100 גרם,false,1,12.30,6.15,true,1,
7290107950503,false,סימפוניה גב.שמנת25% 200ג,שטראוס,IL,גבינת סימפוניה,גרמים,200.00,100 גרם,false,1,12.30,6.15,true,1,
7290107950527,false,סימפוניה9% קרם שמנת 200ג,שטראוס,IL,גבינת סימפוניה,גרמים,200.00,100 גרם,false,1,10.90,5.45,true,1,
7290107950541,false,סימפוניה חריף אריסה 200ג,שטראוס,IL,גבינת סימפוניה,גרמים,200.00,100 גרם,false,1,10.90,5.45,true,1,
7290107950909,false,חומוס אבי חלק 600 גרם,שטראוס,IL,חומוס אבי חלק,גרמים,600.00,100 גרם,false,1,14.90,2.48,true,1,
7290107950916,false,חומוס עם פלפל אדום קלוי,שטראוס,IL,חומוס עם פלפל,גרמים,400.00,100 גרם,false,1,10.50,2.63,true,1,
7290107950947,false,חומוס אבי+טחינה לבנה400ג,שטראוס,IL,החומוסיה של אבי,גרמים,400.00,100 גרם,false,1,14.20,3.55,true,1,
7290107950954,false,חומוס אבי+שום לימון400ג,שטראוס,IL,החומוסיה של אבי,גרמים,400.00,100 גרם,false,1,14.20,3.55,true,1,
7290107951067,false,משקה חלב וניל בקבוק2% 1ל,יטבתה,IL,משקה חלב וניל,ליטרים,1.00,ליטר,false,1,7.50,7.50,true,1,
7290107951104,false,בפלות ופלים ארוכים בטעם שוקולד,"שטראוס גרופ בע""\מ",IL,בפלות שוקולד,גרמים,200.00,100 גרם,false,1,4.90,2.45,true,1,
7290107951111,false,בפלות ופלים ארוכים בטעם לימון,שטראוס גרופ בע`מ,IL,בפלות לימון,גרמים,200.00,100 גרם,false,1,4.90,2.45,true,1,
7290107951395,false,משקה פרו וניל יטבתה250מ,מחלבת יטבתה,IL,משקה פרו וניל,מיליליטרים,250.00,"100 מ""ל",false,1,5.00,2.00,true,1,
7290107951401,false,משקה פרו קפה יטבתה250מ,מחלבת יטבתה,IL,משקה פרו קפה,מיליליטרים,250.00,"100 מ""ל",false,1,5.00,2.00,true,1,
7290107951500,false,ספלנדיד פרופיטרול 80*2ג,שטראוס,IL,ספלנדיד פרופטרול,גרמים,160.00,100 גרם,false,1,14.90,9.31,true,1,
7290107951524,false,ספלנדיד טרמיסו 80*2 גרם,שטראוס,IL,ספלנדיד טרמיסו,גרמים,160.00,100 גרם,false,1,14.90,9.31,true,1,
7290107951548,false,שוקולד בלונדי לבן קרמל ושקדים 100 גר`,"שטראוס גרופ בע""\מ",IL,שוקולד בלונדי,גרמים,100.00,100 גרם,false,1,7.60,7.60,true,1,
7290107951623,false,בלונדי שוקולד קרמל ומלח 100גר,"שטראוס גרופ בע""\מ",IL,שוקולד בלונדי,גרמים,100.00,100 גרם,false,1,7.60,7.60,true,1,
7290107951630,false,שוקולד פרה בלונדי קוקוס קלוי,"שטראוס גרופ בע""\מ",IL,שוקולד בלונדי,גרמים,100.00,100 גרם,false,1,7.60,7.60,true,1,
7290107951685,false,מסטיק מאסט באבלמינט 66 ג,STRAUSS-ISRAEL,IL,מסטיק מאסט,גרמים,66.00,100 גרם,false,1,9.90,15.00,true,1,
7290107951791,false,מרשמלו קלאסי 150 גרם,עלית,IL,מרשמלו קלאסי,גרמים,150.00,100 גרם,false,1,6.90,4.60,true,1,
7290107953535,false,מרשמלו בזוקה 150 גרם,שטראוס,IL,מרשמלו בזוקה,גרמים,150.00,100 גרם,false,1,6.90,4.60,true,1,
7290107953559,false,"מארז קפה טורקי עלית לדרך כשל""פ 168 גרם",הנסיך- מפעל לייצור ט,IL,קפה טורקי לדרך,גרמים,168.00,100 גרם,false,1,18.90,11.25,true,1,
7290107953788,false,טוויסט נשנושים 130 גרם,"שטראוס גרופ בע""\מ",IL,טוויסט נשנושים,גרמים,130.00,100 גרם,false,1,10.00,7.69,true,1,
7290107953917,false,"פריכיות גדול תפו""א+דג135",שטראוס,IL,פריכיות גדולות,גרמים,135.00,100 גרם,false,1,12.90,9.56,true,1,
7290107954006,false,דנונה פרו תפוח2.4% 150ג,שטראוס,IL,דנונה פרו תפוח,גרמים,150.00,100 גרם,false,1,4.90,3.27,true,1,
7290107954105,false,טעמי קרמל מלוח 40 גרם,שטראוס,IL,טעמי קרמל מלוח,גרמים,40.00,100 גרם,false,1,3.90,9.75,true,1,
7290107954112,false,טוויסט קריספי 28 גרם,שטראוס,IL,טוויסט קריספי,גרמים,28.00,100 גרם,false,1,3.90,13.93,true,1,
7290107954129,false,סימפוניה פטה 22.5% 150 ג,שטראוס,IL,סימפוניה פטה,גרמים,150.00,100 גרם,false,1,18.90,12.60,true,1,
7290107954310,false,פופקורן קרמל 60 גרם,שטראוס,IL,פופקורן קרמל,גרמים,60.00,100 גרם,false,1,4.20,7.00,true,1,
7290107954433,false,חטיפי אנרגי מוקה שוק24*6,עלית,IL,חטיפי אנרג'י 6יח,גרמים,144.00,100 גרם,false,1,11.90,8.26,true,1,
7290107954440,false,חטיפ.אנרגי צאי מאסלה24*6,עלית,IL,חטיפי אנרג'י 6יח,גרמים,144.00,100 גרם,false,1,11.90,8.26,true,1,
7290107954457,false,בראוניז פסק זמן 380 גרם,"שטראוס גרופ בע""\מ",IL,בראוניז פסק זמן,גרמים,380.00,100 גרם,false,1,16.00,4.21,true,1,
7290107954471,false,חלב עמיד 1% יטבתה 1 ליטר,יטבתה,IL,חלב עמיד 1%,ליטרים,1.00,ליטר,false,1,7.40,7.40,true,1,
7290107954662,false,אייס קפה בבקבוק יטבתה,יטבתה,IL,אייס קפה שלי,מיליליטרים,350.00,"100 מ""ל",false,1,6.20,1.77,true,1,
7290107954839,false,מארז מפרץ הרפתקאות77ג,שטראוס,IL,מפרץ הרפתקאות,גרמים,77.00,100 גרם,false,1,11.90,15.45,true,1,
7290107954976,false,משקה חלב PRO עם קפה 1.5% 25 גרם חלבון בבקבוק,שטראוס גרופ בעמ/מצונן,IL,משקה פרו קפה,מיליליטרים,350.00,"100 מ""ל",false,1,6.50,1.86,true,1,
7290107955492,false,צ'יטוס דינוזאורים 55 גרם,שטראוס,IL,ציטוס דינוזאורים,גרמים,55.00,100 גרם,false,1,3.50,6.36,true,1,
7290107955508,false,דנונה בר גליליות דיסנ171,שטראוס,IL,דנונה בר דיסני,גרמים,171.00,100 גרם,false,1,4.50,2.63,true,1,
7290107956178,false,אקטיביה שזיף אוכמ3% 150,שטראוס,IL,אקטיביה אוכמניו,גרמים,150.00,100 גרם,false,1,4.60,3.07,true,1,
7290107956529,false,דנונה פרו לבן 700 גרם,שטראוס,IL,דנונה פרו לבן,גרמים,700.00,100 גרם,false,1,15.00,2.14,true,1,
7290107956833,false,עוגיות שוקוצ'יפס חלב180ג,"שטראוס גרופ בע""\מ",IL,עוגיות שוקוצ'יפס,גרמים,180.00,100 גרם,false,1,7.90,4.39,true,1,
7290107957359,false,תפוצ'יפס שמנת בצל10%ת220,שטראוס,IL,תפוצ'יפס שמנת,גרמים,220.00,100 גרם,false,1,10.00,4.55,true,1,
7290107970129,false,"ליידי ספיד סטיק - דאודורנט רול און לאישה פרש אסנס סחלב שחור 50 מ""ל",הנסיך- מפעל לייצור ט,MX,ליידי ספיד סטיק,מיליליטרים,50.00,"100 מ""ל",false,1,15.00,30.00,true,1,
7290107971492,false,רוטב סרירצ'יה 450 גרם,מאסוואנג רונדור,TH,רוטב סרירצ'יה,גרמים,450.00,100 גרם,false,1,10.00,2.22,true,1,
7290107971522,false,חטיף בוטנים ושקדים עם שוקולד מריר ופיסטוק,אמקו סאם מילס ספול.,CZ,חטיף FREE,גרמים,140.00,100 גרם,false,1,16.90,12.07,true,1,
7290107972307,false,קולגייט משחה אופטיק וויט אנד ריסטור 75מל,הנסיך- מפעל לייצור ט,IL,קולגייט אופטיק,מיליליטרים,75.00,"100 מ""ל",false,1,24.90,33.20,true,1,
7290107973045,false,ג'ל רח.לגבר פלמוליב הדר,הנסיך- מפעל לייצור ט,TR,ג'ל רחצה,מיליליטרים,500.00,"100 מ""ל",false,1,13.90,2.78,true,1,
7290107973809,false,שימורי עגבניות קוביות 400 ג' מאסטר שף,פראנו אריקו ופיגלי ס.פ.א,IT,קוביות עגבניות,גרמים,400.00,100 גרם,false,1,5.90,1.48,true,1,
7290107973861,false,מאסטר שף עגבניות קצוצות דק שלישיה 400ג*3 כשלפ,קונסרזיו קאסאלאסקו ד,IT,עגבניות קצוצות3י,קילוגרמים,1.20,"ק""ג",false,1,13.90,11.58,true,1,
7290107973915,false,קולגייט טוטל פרו נשימה רעננה 75 מל`,קולגייט-פלמוליב,PL,משחת קולגייט,מיליליטרים,75.00,"100 מ""ל",false,1,12.90,17.20,true,1,
7290107974011,false,קוסקוס דורום בינוני500ג,אגרופוד לייבל,MA,קוסקוס דורום,גרמים,500.00,100 גרם,false,1,8.90,1.78,true,1,
7290107974578,false,מיני פריכיות אורז שוק60ג,מנה,IL,מיני פריכיות,גרמים,60.00,100 גרם,false,1,6.50,10.83,true,1,
7290107974585,false,מיני פריכיות אורז חרוב60,מנה,IL,מיני פריכיות,גרמים,60.00,100 גרם,false,1,6.50,10.83,true,1,
7290107974615,false,מרידול משחת שיניים נשימה רעננה 75 מל',הנסיך- מפעל לייצור ט,GB,משחת מרידול,מיליליטרים,75.00,"100 מ""ל",false,1,20.90,27.87,true,1,
7290107974806,false,"אורז בסגנון בסמטי 1ק""ג מאסטר שף",דווה סינג שיהם סינג,IN,אורז בסמטי,קילוגרמים,1.00,"ק""ג",false,1,11.90,11.90,true,1,
7290107974820,false,ממרח בטעם ספייסי מיונז מאסטר שף 250 גרם,רמיה סי.וי.הולנד,NL,ממרח מתובל ספייס,גרמים,250.00,100 גרם,false,1,6.90,2.76,true,1,
7290107974844,false,פריכיות אורז כוסמת 90גרם,מנה,IL,פריכיות אורז,גרמים,90.00,100 גרם,false,1,8.90,9.89,true,1,
7290107975100,false,שימורי שעועית לבנה 400גר,פראנו אנריקו ופיגלי,IT,שעועית לבנה,גרמים,400.00,100 גרם,false,1,6.90,1.73,true,1,
7290107975445,false,קולגייט סנסיטיב הלבנ75*2,קולגייט-פלמוליב,PL,2 משחות קולגייט,מיליליטרים,150.00,"100 מ""ל",false,1,25.90,17.27,true,1,
7290107975698,false,וופל שוקו קרייזי ביטס150,בולרו,GR,וופל קרייזי ביטס,גרמים,150.00,100 גרם,false,1,6.90,4.60,true,1,
7290107975704,false,וופל וניל קרייזי ביטס150,בולרו,GR,וופל קרייזי ביטס,גרמים,150.00,100 גרם,false,1,6.90,4.60,true,1,
7290107975711,false,וופל קפוצינו 150 גרם,בולרו,GR,וופל קרייזי ביטס,גרמים,150.00,100 גרם,false,1,6.90,4.60,true,1,
7290107975940,false,שימורי עדשים ירוקות400ג,פראנו אנריקו ופיגלי,IT,עדשים ירוקות,גרמים,400.00,100 גרם,false,1,6.90,1.73,true,1,
7290107976015,false,מנה תערובת ציפוי נגטס 450 ג',טסט וסנט קו,TH,תערובת ציפוי נגט,גרמים,450.00,100 גרם,false,1,10.90,2.42,true,1,
7290107976855,false,סב.נוזלי לומינוס אבק500מ,קולגייט-פלמוליב,TR,סבון נוזלי,מיליליטרים,500.00,"100 מ""ל",false,1,13.90,2.78,true,1,
7290107976862,false,פלמוליב ס.נוזלי 500 מקדמיה לומינוס,הנסיך- מפעל לייצור ט,TR,סבון נוזלי,מיליליטרים,500.00,"100 מ""ל",false,1,13.90,2.78,true,1,
7290107978453,false,חטיף בטעם גריל קראנצ,ש. שסטוביץ בע`מ,IL,קראנצ'וס גריל,גרמים,70.00,100 גרם,false,1,4.30,6.14,true,1,
7290107978460,false,קראנצ וס פלאפל 60ג חדש,ש. שסטוביץ בע`מ,IL,קראנצ'וס פלאפל,גרמים,70.00,100 גרם,false,1,4.30,6.14,true,1,
7290107978637,false,משחת שיניים לחניכיים רגישות,קולגייט פלמוליב,PL,משחת מרידול,מיליליטרים,75.00,"100 מ""ל",false,1,12.90,17.20,true,1,
7290107978958,false,תבניות אינגליש קוקי כחול,.,CN,תבניות אלומיניום,יחידה,1.00,יחידה,false,1,12.90,12.90,true,1,
7290107979153,false,תבניות קוקי גדול סגול,.,CN,תבניות אלומיניום,יחידה,1.00,יחידה,false,1,12.90,12.90,true,1,
7290107979184,false,קוקי תבנית אלומיניום עם נייר אפייה גדול 3,ש.שסטוביץ בעמ,IL,תבנית אפיה,יחידה,1.00,יחידה,false,1,12.90,12.90,true,1,
7290107979191,false,"תבנית אלומיניום עם נייר אפייה ענק 2 ""קוקי""",ש.שסטוביץ בעמ,IL,תבנית אפיה,יחידה,1.00,יחידה,false,1,12.90,12.90,true,1,
7290108200188,false,"ג'ל כביסה ורוד קליה אוקסי גולד 940 מ""ל וניש",רקיט בנקיזר,IT,וניש גולד ג'ל,מיליליטרים,940.00,"100 מ""ל",false,1,19.70,2.10,true,1,
7290108200195,false,"ג'ל כביסה לבן וניש אוקסי גולד 940 מ""ל וניש",רקיט בנקיזר,IT,וניש גולד ג'ל,מיליליטרים,940.00,"100 מ""ל",false,1,19.70,2.10,true,1,
7290108200225,false,אבקת כביסה ורוד קליה אוקסי גולד 470 ג' וניש,רקיט בנקיזר (ניר איסט) בעמ,IT,וניש גולד אבקה,גרמים,470.00,100 גרם,false,1,15.00,3.19,true,1,
7290108200232,false,וניש מסיר כתמים ומלבין כביסה 470 גרם,רקיט בנקיזר (ניר איסט) בעמ,IT,וניש גולד אבקה,גרמים,470.00,100 גרם,false,1,15.00,3.19,true,1,
7290108200454,false,קולון ג'ל כביסה לבנדר5ל,רקיט בנקיזר,IL,ג'ל כביסה קולון,ליטרים,5.00,ליטר,false,1,34.90,6.98,true,1,
7290108201017,false,קולון סטריפ לכביסה 16יח,רקיט בנקיזר,CA,קולון טבליות,יחידה,1.00,יחידה,false,1,10.00,10.00,true,1,
7290108201024,false,קולון סטריפ לכביסה 32יח,רקיט בנקיזר,CA,קולון טבליות,יחידה,1.00,יחידה,false,1,19.90,19.90,true,1,
7290108201031,false,קולון סטריפ לכביסה 64יח,רקיט בנקיזר,CA,קולון טבליות,יחידה,1.00,יחידה,false,1,24.90,24.90,true,1,
7290108201291,false,"אירוויק מקלות ריחניים היום הראשון של האביב 30 מ""ל",רקיט בנקיזר (ניר איסט) בעמ,PL,מקלות ריחניים,יחידה,1.00,יחידה,false,1,15.00,15.00,true,1,
7290108201437,false,"אבקת כביסה קולון 101 2.5 ק""ג",רקיט בנקיזר (ניר איסט) בעמ,IL,אבקת כביסה קולון,קילוגרמים,2.50,"ק""ג",false,1,20.00,8.00,true,1,
7290108201543,false,וניש קליה גולד 2 ליטר,רקיט בנקיזר,IT,וניש קליה גולד,ליטרים,2.00,ליטר,false,1,26.90,13.45,true,1,
7290108201857,false,גולד אבקה 1.35 קג + 20%,רקיט בנקיזר,IT,גולד אבקה + 20%,קילוגרמים,1.62,"ק""ג",false,1,29.90,18.46,true,1,
7290108350128,false,סנו סושי שקיות אשפה חזקות במיוחד 40 יח',החברה הדרומית לשיווק בעמ,IL,שקיות אשפה,יחידה,1.00,יחידה,false,1,23.90,23.90,true,1,
7290108350142,false,"שקיות רב שימושיות גדולות 25*35 ס""מ סנו סושי 270 יחידות",החברה הדרומית לשיווק בעמ,IL,"שקיות רב""ש",יחידה,1.00,יחידה,false,1,12.90,12.90,true,1,
7290108350180,false,סנו סופט מפיות מודפסות 100 יח`,החב. הדרומית לשיווק,IL,מפיות אירוח,יחידה,1.00,יחידה,false,1,7.90,7.90,true,1,
7290108350203,false,"סנו סושי כריות קרצוף+ספוג מקציף 6 יחידות 12X9 ס""מ",החברה הדרומית לשיווק בעמ,US,כריות קרצוף,יחידה,1.00,יחידה,false,1,9.60,9.60,true,1,
7290108350210,false,סנו סושי 30 שקיות אשפה XL חזקות במיוחד,החברה הדרומית לשיווק בעמ,IL,שקיות אשפה חזקות,יחידה,1.00,יחידה,false,1,24.90,24.90,true,1,
7290108350258,false,נייר טואלט דו שכבתי ארוך פי 3 - מארז 12 גלילים,החברה הדרומית לשיווק בעמ,IL,נייר טואלט סופט,מטרים,662.00,100 מטר,false,1,24.90,3.76,true,1,
7290108350531,false,סנו ספארק נוזל כלים בניחוח קלאסי עם משאבה 1 ל',מיוצר עי קונדיטוריית,IL,ספארק לכלים,ליטרים,1.00,ליטר,false,1,10.00,10.00,true,1,
7290108350586,false,נוזל לניקוי כלים סנו ספארק Spark בניחוח לימון רענן,החברה הדרומית לשיווק בעמ,IL,ספארק נוזל לכלים,ליטרים,1.50,ליטר,false,1,13.90,9.27,true,1,
7290108350616,false,סנו - מקסימה מרכך כביסה מרוכז פריחה כחולה 1 ליטר,החברה הדרומית לשיווק בעמ,IL,מרכך מקסימה,ליטרים,1.00,ליטר,false,1,15.00,15.00,true,1,
7290108350623,false,מרכך כביסה סופר מרוכז סופט סילק מקסימה 1 ל' סנו,החברה הדרומית לשיווק בעמ,IL,מרכך מקסימה,ליטרים,1.00,ליטר,false,1,15.00,15.00,true,1,
7290108350968,false,קרמה דאודורנט ספריי הגנה מוגברת 150 מל,החברה הדרומית לשיווק בעמ,IL,דאודורנט קרמה,מיליליטרים,150.00,"100 מ""ל",false,1,10.00,6.67,true,1,
7290108350975,false,דאו.קרמה רול און הגנה 75,קוסמופארם,IL,דאודורנט קרמה,מיליליטרים,75.00,"100 מ""ל",false,1,10.00,13.33,true,1,
7290108351071,false,גל מרוכז פורטה פלוס,"סנו מפעלי ברונוס בע""\מ",IL,ג'ל פורטה פלוס,מיליליטרים,500.00,"100 מ""ל",false,1,19.90,3.98,true,1,
7290108351149,false,ג'ל ניקוי כללי בתוספת אבקת סודה ריח כביסה סנו ג'ט 1.5 ליטר,החברה הדרומית לשיווק בעמ,IL,סנו ג'ט פלוס,מיליליטרים,1500.00,"100 מ""ל",false,1,10.00,0.67,true,1,
7290108351507,false,מרכך כביסה אינספרישיין סנו מקסימה 4 ליטר,החברה הדרומית לשיווק בעמ,IL,מרכך מקסימה,ליטרים,4.00,ליטר,false,1,19.90,4.98,true,1,
7290108351521,false,סנו מקסימה ג`ל כביסה מרוכז 5 ל`מאסק,החברה הדרומית לשיווק בעמ,IL,מקסימה ג'ל,ליטרים,5.00,ליטר,false,1,34.90,6.98,true,1,
7290108351569,false,מבשם ומרכך למייבש כביסה Baby לתינוקות ולעור רגיש,החברה הדרומית לשיווק בעמ,IL,מקסימה למייבש,מיליליטרים,750.00,"100 מ""ל",false,1,16.30,2.17,true,1,
7290108351613,false,סנו ריצפז פרש הום 2 ליטר בניחוח מלון חלומי,החברה הדרומית לשיווק בעמ,IL,ריצפז פרש הום,ליטרים,2.00,ליטר,false,1,15.00,7.50,true,1,
7290108351620,false,מטהר אוויר להתזה באסלה no2 סנו פרש 60 מל,"סנו מפעלי ברונוס בע""\מ",IL,סנו פרש NO2,מיליליטרים,60.00,"100 מ""ל",false,1,12.90,21.50,true,1,
7290108351644,false,ספארק לכלים מהד.מיוחדת,סנו,IL,ספארק לכלים,ליטרים,1.00,ליטר,false,1,10.00,10.00,true,1,
7290108352603,false,מגבוני אף תלת שכבתיים בוב ספוג סנו סופט 56 יח',סנו,IL,ממחטות טישו לאף,יחידה,1.00,יחידה,false,1,6.90,6.90,true,1,
7290108352641,false,סנו סושי מטלית הפלא לניקוי כללי במארז שלישייה,החברה הדרומית לשיווק בעמ,CN,מטליות הפלא 3 יח,יחידה,1.00,יחידה,false,1,14.90,14.90,true,1,
7290108352658,false,מטלית גדולה לניקוי אבק,NSP,CN,מטלית לניקוי אבק,יחידה,1.00,יחידה,false,1,7.90,7.90,true,1,
7290108352672,false,צמד מטליות הפלא לרצפה מיקרפייבר סנו סושי,החברה הדרומית לשיווק בעמ,CN,מטליות לרצפה 2יח,יחידה,1.00,יחידה,false,1,19.90,19.90,true,1,
7290108352689,false,כריות קרצוף ללכלוך קשה סנו סושי 9 יחידות,החברה הדרומית לשיווק בעמ,US,כריות קרצוף,יחידה,1.00,יחידה,false,1,7.90,7.90,true,1,
7290108352702,false,סנו סופט שלישיית מגבוני טואלט נשטפים בוב ספוג 48 יחידות,החברה הדרומית לשיווק בעמ,IL,מגבוני נייר לחים,יחידה,1.00,יחידה,false,1,14.90,14.90,true,1,
7290108983548,false,פשוט מדליק פחמים למנגל וקמין,פוינטמי אנטרפריז קו,IL,מדליק פחמים,יחידה,1.00,יחידה,false,1,10.00,10.00,true,1,
7290109350363,false,קציצות קינואה ברוקולי,טבעול,IL,קציצות קינואה,גרמים,560.00,100 גרם,false,1,34.90,6.23,true,1,
7290109351025,false,מלך החומוס חומוסטחינה 40% טחינה גולמית,קבוצת אוסם סחר שותפות מוגבלת,IL,חומוסטחינה צבר,גרמים,400.00,100 גרם,false,1,14.90,3.73,true,1,
7290109351186,false,אטריות דקיקות25%תוספת500,פסטה זארה,IL,אטריות דקיקות,גרמים,500.00,100 גרם,false,1,6.90,1.38,true,1,
7290109351520,false,חט.קריספי עגב.בזיליק150ג,אסם,IL,חטיפי קריספי,גרמים,150.00,100 גרם,false,1,11.80,7.87,true,1,
7290109351605,false,פלאפל טבעול ביתי 500גרם,טבעול,IL,פלאפל טבעול ביתי,גרמים,500.00,100 גרם,false,1,27.90,5.58,true,1,
7290109351643,false,חומוסיבוב ברוטב שום400גר,צבר,IL,חומוסיבוב,גרמים,400.00,100 גרם,false,1,14.90,3.73,true,1,
7290109351957,false,פריכיות פיטנס מיני גדולות שוקולד חלב 100ג',קבוצת אוסם סחר שותפות מוגבלת,IL,פריכיות פיטנס,גרמים,100.00,100 גרם,false,1,8.50,8.50,true,1,
7290109351971,false,פריכיות דגנים פיטנס מצופות שוקולד חלב,קבוצת אוסם סחר שותפות מוגבלת,IL,פיטנס בר פריכיות,גרמים,84.00,100 גרם,false,1,10.90,12.98,true,1,
7290109352244,false,מרק טעם עוף זך25%תוס500ג,אסם,IL,מרק טעם עוף,גרמים,500.00,100 גרם,false,1,14.20,2.84,true,1,
7290109352510,false,מרק נמס תירס 2 * 24 גרם,אסם,IL,מרק נמס תירס,גרמים,48.00,100 גרם,false,1,5.90,12.29,true,1,
7290109352534,false,פירורית זהב20%+ 420 גרם,עינת תעשיות,IL,פירורית זהב,גרמים,420.00,100 גרם,false,1,8.80,2.10,true,1,
7290109352626,false,חומוסטחינה קונפי שום400ג,צבר,IL,חומוסטחינה,גרמים,400.00,100 גרם,false,1,14.90,3.73,true,1,
7290109352916,false,פריכיות דגנים פיטנס מצופות שוקולד לבן,קבוצת אוסם סחר שותפות מוגבלת,IL,פיטנס בר פריכיות,גרמים,84.00,100 גרם,false,1,10.90,12.98,true,1,
7290109353272,false,פסטה ספגטי עתירה בסיבים תזונתיים Perfecto,קבוצת אסם סחר שות. מוגבלת,IT,ספגטי פרפקטו,גרמים,500.00,100 גרם,false,1,6.90,1.38,true,1,
7290109353340,false,פירורית זהב 3 * 220 גרם,עינת תעשיות,IL,פירורית זהב 3 יח,גרמים,660.00,100 גרם,false,1,11.90,1.80,true,1,
7290109353371,false,מאגדת לייט וניל עוגיות,נסטלה,IL,מאגדת לייט,יחידה,1.00,יחידה,false,1,27.90,27.90,true,1,
7290109353517,false,פסטה פאפארדלה אסם פרפקטו (500 גרם),קבוצת אסם סחר שות. מוגבלת,IT,פסטה פפרדלה,גרמים,500.00,100 גרם,false,1,6.90,1.38,true,1,
7290109353753,false,פרפקטו ספירלי טריו 500 ג',קבוצת אוסם סחר שותפות מוגבלת,IT,פסטה ספירלי טריו,גרמים,500.00,100 גרם,false,1,6.90,1.38,true,1,
7290109354019,false,מנה חמה קוסקוס+עדשים87ג,אסם,IL,מנה חמה קוסקוס,גרמים,87.00,100 גרם,false,1,5.90,6.78,true,1,
7290109354057,false,קרחון לה פרוטה שרבט אננס תפוז מאגדת 5 יח',נגה גלידות שותפות מוגבלת,IL,מאגדת לה פרוטה,גרמים,350.00,100 גרם,false,1,24.90,7.11,true,1,
7290109354651,false,סלט קרם פלפלים 240 גרם,צבר,IL,סלט קרם פלפלים,גרמים,240.00,100 גרם,false,1,10.70,4.46,true,1,
7290109354675,false,סלט קרם חצילים 220 גרם,צבר,IL,סלט קרם חצילים,גרמים,220.00,100 גרם,false,1,10.70,4.86,true,1,
7290109354972,false,אוסם - פתי בר וניל חלבי ללא גלוטן 200 גרם,קבוצת אוסם סחר שותפות מוגבלת,IL,פתי בר ללא גלוטן,גרמים,200.00,100 גרם,false,1,10.90,5.45,true,1,
7290109354996,false,פתי בר ללא גלוטן שוקו 200 גרם אסם,קבוצת אוסם סחר שותפות מוגבלת,IL,פתי בר ללא גלוטן,גרמים,200.00,100 גרם,false,1,10.90,5.45,true,1,
7290109355160,false,לה פרוטה משפחתיבננה 680,נסטלה,IL,לה פרוטה,מיליליטרים,680.00,"100 מ""ל",false,1,22.90,3.37,true,1,
7290109355207,false,לה פרוטה משפחתי אננס 680,נגה גלידות,IL,לה פרוטה,מיליליטרים,680.00,"100 מ""ל",false,1,22.90,3.37,true,1,
7290109356501,false,דובונים קיץ 40 גרם,אסם,IL,דובונים קיץ,גרמים,40.00,100 גרם,false,1,4.30,10.75,true,1,
7290109357263,false,ערגליות תות 600 גרם,אסם,IL,ערגליות תות,גרמים,600.00,100 גרם,false,1,10.00,1.67,true,1,
7290109357300,false,סלט חציל במיונז צבר140ג,צבר,IL,סלט חציל במיונז,גרמים,140.00,100 גרם,false,1,5.30,3.79,true,1,
7290109357409,false,סלט מטבוחה צבר 140 גרם,צבר,IL,סלט מטבוחה,גרמים,140.00,100 גרם,false,1,5.30,3.79,true,1,
7290109357485,false,קריספי ברוסקטה בזיליק120,אסם,IL,קריספי ברוסקטה,גרמים,120.00,100 גרם,false,1,8.70,7.25,true,1,
7290109357508,false,קריספי ברוסקטה אורגנו120,דולפין ספא,IL,קריספי ברוסקטה,גרמים,120.00,100 גרם,false,1,8.70,7.25,true,1,
7290109358529,false,אטריות דקיקות פלוס 330גר,Unknown,IL,אטריות דקיקות,גרמים,330.00,100 גרם,false,1,6.90,2.09,true,1,
7290109358543,false,פסטה מסולסלים פלוס 400גר,פסטה זארה,IL,פסטה מסולסלים,גרמים,400.00,100 גרם,false,1,5.70,1.43,true,1,
7290109358567,false,פסטה אסם ספגטי פלוס 400 גרם,קבוצת אוסם סחר-שות.מוגבלת,IL,ספגטי פלוס,גרמים,400.00,100 גרם,false,1,5.70,1.43,true,1,
7290109358604,false,קוסקוס פלוס סיבים 330גרם,אסם,IL,קוסקוס + סיבים,גרמים,330.00,100 גרם,false,1,8.50,2.58,true,1,
7290109358666,false,פתיתים קוסקוס פלוס 400גר,אסם,IL,פתיתים קוסקוס,גרמים,400.00,100 גרם,false,1,6.90,1.73,true,1,
7290109358734,false,קטשופ מופחת סוכר 710 גרם,אסם,IL,קטשופ מופחת סוכר,גרמים,710.00,100 גרם,false,1,10.00,1.41,true,1,
7290109358758,false,חטיפי קרקר דגנ.חומוס150,אסם,IL,חטיפי קרקר דגנים,גרמים,150.00,100 גרם,false,1,11.80,7.87,true,1,
7290109358765,false,דגני בוקר קראנץ' רולס נוגט 450 גרם,קבוצת אוסם סחר-שות.מוגבלת,IL,קראנץ' רולס,גרמים,450.00,100 גרם,false,1,18.90,4.20,true,1,
7290109640198,false,מגורדת לפיצה ולאפיה 20% שומן 200 גרם - משומשו,קפוא זן תעשיות מזון בעמ,IL,מגורדת לפיצה,גרמים,200.00,100 גרם,false,1,21.90,10.95,true,1,
7290109920146,false,"דורגול מסיר אבנית מקומקומים 750 מ""ל",יעקב יעקבי ובניו בע`מ,CH,דורגול 750 מל,מיליליטרים,750.00,"100 מ""ל",false,1,19.90,2.65,true,1,
7290110110024,false,פחית פאנטה תות 330 מל סילק,החברה המרכזית להפצת משקאות בעמ,IL,פאנטה תות,מיליליטרים,330.00,"100 מ""ל",false,1,4.90,1.48,true,1,
7290110110154,false,פיוז תה אפרסק רימון1.5ל,מבשלות בירה בינלאומיות,IL,פיוז תה,ליטרים,1.50,ליטר,false,1,7.10,4.73,true,1,
7290110320072,false,משקה שוקו סויה טרי1 ליטר,תנובה,IL,משקה שוקו סויה,ליטרים,1.00,ליטר,false,1,10.90,10.90,true,1,
7290110320140,false,ממרח סויה סגנ.גב.טבעי250,תנובה,IL,ממרח סויה,גרמים,250.00,100 גרם,false,1,10.90,4.36,true,1,
7290110320171,false,משקה חלבוןGO טעם שוקו250,תנובה,IL,משקה חלבון GO,מיליליטרים,250.00,"100 מ""ל",false,1,5.90,2.36,true,1,
7290110320263,false,יוגורט עם תות למעלה150גר,תנובה,IL,יופלה פרי,גרמים,150.00,100 גרם,false,1,5.00,3.33,true,1,
7290110320607,false,פיראוס גבינת שמנת25% 225,תנובה,IL,גבינת שמנת,גרמים,225.00,100 גרם,false,1,10.00,4.44,true,1,
7290110320621,false,משקה דיאט בננה מנגו250ג,תנובה,IL,משקה דיאט יופלה,גרמים,250.00,100 גרם,false,1,5.30,2.12,true,1,
7290110320683,false,שמיניית משקה יוגורט 1.5% טעם תות יופלה 107 גרם,מיוצר עי קונדיטוריית,IL,משקה יוגורט 8 יח,גרמים,856.00,100 גרם,false,1,16.80,1.96,true,1,
7290110321031,false,מעדן חלב GO יוגורט מועשר בחלבון טבעי 200 ג' יופלה,"תנובה, מחלבת אלון תב",IL,יופלה GO יוגורט,גרמים,200.00,100 גרם,false,1,5.90,2.95,true,1,
7290110321048,false,יופלה GO במתיקות מעודנת 200ג,תנובה בעמ ***,IL,יופלה GO יוגורט,גרמים,200.00,100 גרם,false,1,5.90,2.95,true,1,
7290110321055,false,משקה חלבgo קפה+סטיביה250,תנובה,IL,משקה חלבון GO,מיליליטרים,250.00,"100 מ""ל",false,1,5.90,2.36,true,1,
7290111340178,false,מטליות לחות לניקוי כללי בניחוח מרכך כביסה 50 יח' ניקול,קימברלי קלארק ישראל שיווק בעמ,IL,מטליות ניקוי,יחידה,1.00,יחידה,false,1,11.50,11.50,true,1,
7290111340185,false,מטליות לחות רצפה ניחוח מרכך כביסה ניקול 10 יחידות,קימברלי קלארק ישראל שיווק בעמ,IL,מטליות לרצפה,יחידה,1.00,יחידה,false,1,11.50,11.50,true,1,
7290111350030,false,רסק תפוחי עץ טבעי בצנצנת 670 גרם קלית גת,ליימן שליסל בעמ,IL,"רסק תפו""ע טבעי",גרמים,670.00,100 גרם,false,1,10.90,1.63,true,1,
7290111560101,false,חט.קרקר דגנ.עשבי תיבו150,אסם,IL,חטיפי קרקר,גרמים,150.00,100 גרם,false,1,11.80,7.87,true,1,
7290111560125,false,חטיפי קרקר דגנים+בצל150ג,אסם,IL,חטיפי קרקר,גרמים,150.00,100 גרם,false,1,11.80,7.87,true,1,
7290111560132,false,קרקר פסטו ועגבנ.מיובש150,אסם,IL,קרקר פסטו,גרמים,150.00,100 גרם,false,1,10.90,7.27,true,1,
7290111560156,false,קרקר עדשים דגנ.מלאים150ג,אסם,IL,קרקר עדשים,גרמים,150.00,100 גרם,false,1,10.90,7.27,true,1,
7290111560606,false,מנה חמה קוסקוס עגבניות87,אסם,IL,מנה חמה,גרמים,87.00,100 גרם,false,1,5.90,6.78,true,1,
7290111560798,false,בייגלה פלוס 300 גרם,אסם,IL,בייגלה פלוס,גרמים,300.00,100 גרם,false,1,13.90,4.63,true,1,
7290111561085,false,ביסלי טאקו קיץ 60 גרם,אסם,IL,ביסלי טאקו קיץ,גרמים,60.00,100 גרם,false,1,4.60,7.67,true,1,
7290111562716,false,ביסקוויט פתי בר פלוס500ג,אסם,IL,ביסקוויט פתי בר,גרמים,500.00,100 גרם,false,1,10.90,2.18,true,1,
7290111562990,false,מרק נמס עדשים 2 * 17 גרם,אסם,IL,מרק נמס אסם,גרמים,34.00,100 גרם,false,1,5.90,17.35,true,1,
7290111563010,false,מרק נמס עגב.פיקנטי25*2ג,אסם,IL,מרק נמס אסם,גרמים,50.00,100 גרם,false,1,5.90,11.80,true,1,
7290111563072,false,מרק נמס עוף איטריות+קרוט,אסם,IL,מרק נמס אסם,גרמים,46.00,100 גרם,false,1,5.90,12.83,true,1,
7290111563515,false,מרק נמס ירקות כתומים22*2,אסם,IL,מרק נמס אסם,גרמים,44.00,100 גרם,false,1,5.90,13.41,true,1,
7290111563546,false,מרק עדשים ר.טבעיים220גרם,אסם,IL,מרק עדשים,גרמים,220.00,100 גרם,false,1,14.90,6.77,true,1,
7290111563560,false,אבקת מרק קטניות רכיב,אסם,IL,מרק קטניות,גרמים,220.00,100 גרם,false,1,14.90,6.77,true,1,
7290111563607,false,מרק עוף אמיתי25%תוספ500ג,אסם,IL,מרק עוף אמיתי,גרמים,500.00,100 גרם,false,1,18.70,3.74,true,1,
7290111563713,false,שניצל מהצומח עם חלבון 66,אסם,IL,שניצל מהצומח,גרמים,664.00,100 גרם,false,1,29.90,4.50,true,1,
7290111563775,false,פרפקטו פארפלה מהודרת 600 גר',פסטה זארה,IT,פסטה פארפלה,גרמים,600.00,100 גרם,false,1,6.90,1.15,true,1,
7290111563799,false,פסטה ספירלי20%תוספת600ג,פסטה זארה,IT,פסטה ספירלי,גרמים,600.00,100 גרם,false,1,5.70,0.95,true,1,
7290111563812,false,ספגטי 20% תוספת 600 גרם,אסם,IL,ספגטי אסם,גרמים,600.00,100 גרם,false,1,5.70,0.95,true,1,
7290111563928,false,אפרופו שוקולד 40 גרם,אסם,IL,אפרופו שוקולד,גרמים,40.00,100 גרם,false,1,5.30,13.25,true,1,
7290111564277,false,פריכיות דקות ונימוחות 3 דגנים פיטנס Fitness,קבוצת אוסם סחר שותפות מוגבלת,IL,פריכיות פיטנס,גרמים,120.00,100 גרם,false,1,10.00,8.33,true,1,
7290111564291,false,פריכיות דקות ונימוחות 3 דגנים וקינואה פיטנס Fitness,קבוצת אוסם סחר שותפות מוגבלת,IL,פריכיות פיטנס,גרמים,120.00,100 גרם,false,1,10.00,8.33,true,1,
7290111564314,false,סלט כרוב אדום 7% 250 גרם,צבר,IL,סלט כרוב אדום,גרמים,250.00,100 גרם,false,1,9.50,3.80,true,1,
7290111564338,false,סלט חציל על האש 7% 250גר,צבר,IL,סלט חציל על האש,גרמים,250.00,100 גרם,false,1,9.50,3.80,true,1,
7290111564352,false,חומוס 7% סלטי צבר 25,צבר,IL,סלט חומוס,גרמים,250.00,100 גרם,false,1,7.90,3.16,true,1,
7290111930102,false,קוקי דפי קוקי לתבנית 25 יחידות,ש.שסטוביץ בעמ,IL,דפי אפיה מניילון,יחידה,1.00,יחידה,false,1,12.90,12.90,true,1,
7290111930799,false,חטיף בטעם בצל קראנצ',ש. שסטוביץ בע`מ,IL,קראנצ'וס בצל,גרמים,70.00,100 גרם,false,1,4.30,6.14,true,1,
7290112000323,false,קולון ג'ל +קליה בשרינק,רקיט בנקיזר,IL,קולון ג'ל +קליה,ליטרים,3.00,ליטר,false,1,25.90,8.63,true,1,
7290127082161,false,מיקס גוגי ברי 400גרם,י.ח בהאמס,IL,מיקס גוגי ברי,גרמים,400.00,100 גרם,false,1,35.60,8.90,true,1,
7291008001776,false,גזר ארוז,קטיף,IL,גזר ארוז,קילוגרמים,0.00,"ק""ג",true,1,3.90,3.90,true,1,
7296073002567,false,10שקיות אשפה+שרוך שופרסל,שופרסל,TR,שקיות אשפה,יחידה,1.00,יחידה,false,0,11.80,11.80,true,1,
7296073005742,false,עוג.סנדוויץ וניל שופרסל,"אחים פפושדו ובניהם בע""\מ",IL,עוגיות סנדוויץ,גרמים,150.00,100 גרם,false,0,4.20,2.80,true,1,
7296073005841,false,אפונה ירוקה שופרסל500גרם,מיה,IL,אפונה ירוקה,גרמים,500.00,100 גרם,false,0,5.50,1.10,true,1,
7296073005858,false,בורגול שופרסל 500 גרם,מיה,IL,בורגול,גרמים,500.00,100 גרם,false,0,4.90,0.98,true,1,
7296073005865,false,גריסי פנינה שופרסל500גרם,מיה,IL,גריסי פנינה,גרמים,500.00,100 גרם,false,0,4.90,0.98,true,1,
7296073005889,false,חומוס לבן ענק שופרסל500ג,מיה,IL,חומוס לבן ענק,גרמים,500.00,100 גרם,false,0,7.30,1.46,true,1,
7296073005902,false,כוסמת שופרסל 500 גרם,מיה,IL,כוסמת שופרסל,גרמים,500.00,100 גרם,false,0,5.50,1.10,true,1,
7296073005919,false,עדשים ירוקות שופרסל500ג,מיה,IL,עדשים ירוקות,גרמים,500.00,100 גרם,false,0,5.50,1.10,true,1,
7296073005926,false,עדשים אדומות שופרסל500גר,מיה,IL,עדשים אדומות,גרמים,500.00,100 גרם,false,0,5.70,1.14,true,1,
7296073005988,false,שעועית בובס שופרסל400גרם,מיה,IL,שעועית בובס,גרמים,400.00,100 גרם,false,0,12.80,3.20,true,1,
7296073006015,false,"חומוס גדול שופרסל 1 ק""ג",מיה,IL,חומוס גדול,קילוגרמים,1.00,"ק""ג",false,0,10.60,10.60,true,1,
7296073006060,false,חומוס לבן ענק שופרסל 1קג,מיה,IL,חומוס לבן ענק,קילוגרמים,1.00,"ק""ג",false,0,13.60,13.60,true,1,
7296073006107,false,"אפונה ירוקה שופרסל 1 ק""ג",מיה,IL,אפונה ירוקה,קילוגרמים,1.00,"ק""ג",false,0,7.80,7.80,true,1,
7296073006121,false,"עדשים אדומות שופרסל 1ק""ג",מיה,IL,עדשים אדומות,קילוגרמים,1.00,"ק""ג",false,0,10.50,10.50,true,1,
7296073006176,false,"סוכר שופרסל 1 ק""ג","סוגת תעשיות בע""\מ",IL,סוכר לבן,קילוגרמים,1.00,"ק""ג",false,0,4.40,4.40,true,1,
7296073006374,false,חרוזי זיתים ירוק.שופר560,שופרסל,,חרוזי זיתים,גרמים,560.00,100 גרם,false,0,8.80,1.57,true,1,
7296073006381,false,מנזנילו בינונ.שופרסל560ג,שופרסל,IL,זיתים ירוקים,גרמים,560.00,100 גרם,false,0,6.30,1.13,true,1,
7296073006398,false,מנזנילו גדול ירוק 560 גר,שופרסל,IL,זיתי מנזנילו,גרמים,560.00,100 גרם,false,0,6.80,1.21,true,1,
7296073006404,false,מלפפונים במלח גדולים 7-9,בני דרום,IL,מלפפון במלח,גרמים,560.00,100 גרם,false,0,6.30,1.13,true,1,
7296073006411,false,מלפפונים במלח בינוניים,בני דרום,IL,מלפפון במלח12-,גרמים,560.00,100 גרם,false,0,6.80,1.21,true,1,
7296073006428,false,מלפ.במלח 13-17שופרסל560ג,שופרסל,IL,מלפפון במלח,גרמים,560.00,100 גרם,false,0,9.50,1.70,true,1,
7296073006541,false,גריסים שופרסל 500 גרם,מיה,IL,גריסים שופרסל,גרמים,500.00,100 גרם,false,0,4.50,0.90,true,1,
7296073006640,false,מלפפ.כבישה בית.שופר1.65ק,שופרסל,IL,מלפפון כבוש ביתי,קילוגרמים,1.65,"ק""ג",false,0,26.90,16.30,true,1,
7296073009771,false,מים מינרליים שופרסל1.5*6,שופרסל,IT,מים שופרסל 6 יח,ליטרים,9.00,ליטר,false,0,9.90,1.10,true,1,
7296073011101,false,קוסקוס עבה שופרסל 350גרם,"אסיף תעשיות מזון בע""\מ",IL,קוסקוס עבה,גרמים,350.00,100 גרם,false,0,4.50,1.29,true,1,
7296073011118,false,קוסקוס דק שופרסל 350 גרם,"אסיף תעשיות מזון בע""\מ",IL,קוסקוס דק,גרמים,350.00,100 גרם,false,0,4.50,1.29,true,1,
7296073011194,false,פסטה טריקולור שופרסל500ג,שופרסל,IT,פסטה טריקולורי,גרמים,500.00,100 גרם,false,0,6.80,1.36,true,1,
7296073011217,false,פסטה פנה ריגטה31שופר500ג,שופרסל,IT,פסטה פנה ריגטה,גרמים,500.00,100 גרם,false,0,4.90,0.98,true,1,
7296073011224,false,פסטה פוסילי36שופר 500גרם,שופרסל,IL,פסטה פוסילי,גרמים,500.00,100 גרם,false,0,4.90,0.98,true,1,
7296073011248,false,פסטה פרפלה מס57שופרסל500,שופרסל,IT,פסטה פרפלה,גרמים,500.00,100 גרם,false,0,4.90,0.98,true,1,
7296073012009,false,קוסקוס בינוני שופרסל350ג,"אסיף תעשיות מזון בע""\מ",IL,קוסקוס בינוני,גרמים,350.00,100 גרם,false,0,4.50,1.29,true,1,
7296073013082,false,חרוזי זיתים שופרסל1.25קג,שופרסל,IL,חרוזי זיתים,קילוגרמים,1.25,"ק""ג",false,0,16.20,12.96,true,1,
7296073016960,false,מפיות נשלפות,שופרסל,IL,מפיות נשלפות,יחידה,1.00,יחידה,false,0,2.90,2.90,true,1,
7296073020356,false,150כוס שתייה קרה בייסיק,שופרסל,,"כוסות ח""פ",יחידה,1.00,יחידה,false,0,6.90,6.90,true,1,
7296073020370,false,צלחות גדולות שופרסל 100,שופרסל,IL,"צלחות ח""פ גדולות",יחידה,1.00,יחידה,false,0,15.90,15.90,true,1,
7296073020394,false,"קעריות ח""פ שופרסל 50 יח'",שופרסל,IL,"קעריות ח""פ",יחידה,1.00,יחידה,false,0,12.90,12.90,true,1,
7296073020400,false,"קעריות ח""פ אובלית שופרסל",שופרסל,IL,"קעריות ח""פ",יחידה,1.00,יחידה,false,0,7.90,7.90,true,1,
7296073020431,false,מפיות חד שכבתיות שופרסל,שופרסל,IL,מפיות חד שכבתי,יחידה,1.00,יחידה,false,0,6.90,6.90,true,1,
7296073020936,false,פטריות שמפיניון חתוכ400ג,פרוצ'אמפ,DE,פטריות חתוכות,גרמים,400.00,100 גרם,false,0,4.20,1.05,true,1,
7296073021568,false,"קמח חיטה לבן בהיר 1 ק""ג",שופרסל,IL,קמח לבן,קילוגרמים,1.00,"ק""ג",false,0,3.60,3.60,true,1,
7296073021575,false,"קמח תופח שופרסל 1 ק""ג",שופרסל,IL,קמח תופח מאיליו,קילוגרמים,1.00,"ק""ג",false,0,5.90,5.90,true,1,
7296073021582,false,"סולת חיטה שופרסל 1 ק""ג",שופרסל,IL,סולת חיטה,קילוגרמים,1.00,"ק""ג",false,0,4.20,4.20,true,1,
7296073027713,false,מפיות חד שכבתי 180 יח,שופרסל,IL,מפיות חד שכבתי,יחידה,1.00,יחידה,false,0,8.90,8.90,true,1,
7296073030027,false,מפיות דו שכבתי,שופרסל,IL,מפיות דו שכבתי,יחידה,1.00,יחידה,false,0,6.90,6.90,true,1,
7296073033752,false,שמן קנולה שופרסל 1 ליטר,NV AOR,BE,שמן קנולה 1 ל',ליטרים,1.00,ליטר,false,0,7.50,7.50,true,1,
7296073036500,false,שמן קנולה שופרסל 3 ל',NV AOR,BE,שמן קנולה 3 ל',ליטרים,3.00,ליטר,false,0,21.90,7.30,true,1,
7296073048954,false,אורז לבן עגול שופרסל 1קג,מיה,IL,אורז ריזוטו,קילוגרמים,1.00,"ק""ג",false,0,7.50,7.50,true,1,
7296073049029,false,כתף בקר שופרסל 300 גרם,מעדני יחיעם,IL,כתף בקר,גרמים,300.00,100 גרם,false,0,29.60,9.87,true,1,
7296073049043,false,פסטרמה ברבקיו שופרסל300ג,שופרסל,IL,פסטרמה ברבקיו,גרמים,300.00,100 גרם,false,0,20.90,6.97,true,1,
7296073049050,false,פסטרמה רומנית שופרסל300ג,שופרסל,IL,פסטרמה רומנית,גרמים,300.00,100 גרם,false,0,26.90,8.97,true,1,
7296073049074,false,סלמי קוניאק שופרסל 300גר,מעדני יחיעם,IL,סלמי קוניאק,גרמים,300.00,100 גרם,false,0,22.60,7.53,true,1,
7296073049654,false,טבעות זיתים ירוקים 560גר,שופרסל,IL,טבעות זיתים,גרמים,560.00,100 גרם,false,0,8.40,1.50,true,1,
7296073053743,false,פסטה קונקיליוני39 שופרסל,שופרסל,IT,פסטה קונקיליוני,גרמים,500.00,100 גרם,false,0,4.90,0.98,true,1,
7296073053750,false,פסטה לומקה ריגטה 48 שופר,שופרסל,IT,פסטה לומקה,גרמים,500.00,100 גרם,false,0,4.90,0.98,true,1,
7296073053767,false,דפי לזניה שופרסל 500 גרם,שופרסל,IT,דפי לזניה,גרמים,500.00,100 גרם,false,0,13.50,2.70,true,1,
7296073057604,false,מפת שולחן דמוי בד זוג 2,שופרסל,IL,מפת שולחן זוג,יחידה,1.00,יחידה,false,0,7.90,7.90,true,1,
7296073058984,false,גרנולה קראנץ פירות+אג400,בריגן קי. ג'י,DE,גרנולה קראנץ,גרמים,400.00,100 גרם,false,0,14.50,3.63,true,1,
7296073058991,false,מוזלי שופרסל 500 גרם,בריגן קי ג'י,DE,מוזלי שופרסל,גרמים,500.00,100 גרם,false,0,14.50,2.90,true,1,
7296073059059,false,ברנפלקס שופרסל 500 גרם,בריגן קי. ג'י,DE,ברנפלקס שופרסל,גרמים,500.00,100 גרם,false,0,15.00,3.00,true,1,
7296073059691,false,"50 צלחות גדול ח""פ שופרסל",שופרסל,IL,"צלחות ח""פ גדולות",יחידה,1.00,יחידה,false,0,9.90,9.90,true,1,
7296073059707,false,"צלחות קטנות ח""פ שופרסל 5",שופרסל,IL,"צלחות קטנות ח""פ",יחידה,1.00,יחידה,false,0,7.90,7.90,true,1,
7296073059745,false,"לפתניות ח""פ שופרסל 50 יח",שופרסל,IL,"לפתניות ח""פ",יחידה,1.00,יחידה,false,0,7.90,7.90,true,1,
7296073059790,false,"צלחות מרכזיות ח""פ שופרסל",שופרסל,IL,"צלחות מרכז.ח""פ",יחידה,1.00,יחידה,false,0,9.90,9.90,true,1,
7296073059998,false,מפיות מודפסות שופרסל 20,שופרסל,IL,מפיות מודפסות,יחידה,1.00,יחידה,false,0,7.90,7.90,true,1,
7296073060024,false,"צלחות קטנות ח""פ שופרסל 1",שופרסל,,"צלחות קטנות ח""פ",יחידה,1.00,יחידה,false,0,12.90,12.90,true,1,
7296073064367,false,"בורקס תפו""א שופרסל 800 ג",שופרסל,IL,"800 בורקס תפו""א",גרמים,800.00,100 גרם,false,0,14.50,1.81,true,1,
7296073064398,false,בורקס גבינה שופרסל 800 ג,מאפ גדרון,,בורקס גבינה800,גרמים,800.00,100 גרם,false,0,15.50,1.94,true,1,
7296073066330,false,חלווה מעודנת שופרסל 400ג,"אחדות בע""מ א.ת. ברקן",IL,חלווה מעודנת,גרמים,400.00,100 גרם,false,0,12.20,3.05,true,1,
7296073066354,false,חטיפי חלווה שופרסל 250 ג,"אחדות בע""מ א.ת. ברקן",IL,חטיפי חלווה,גרמים,250.00,100 גרם,false,0,9.70,3.88,true,1,
7296073066361,false,עוג.סנדביץ' שוקו שופר900,אחים פפושדו,IL,עוגיות סנדביץ',גרמים,900.00,100 גרם,false,0,18.50,2.06,true,1,
7296073074434,false,פתי בר גדול שופרסל500גרם,שופרסל,IL,פתי בר שופרסל,גרמים,500.00,100 גרם,false,0,8.90,1.78,true,1,
7296073074441,false,פתי בר שוקו גדול שופר500,שופרסל,IL,פתי בר שוקו,גרמים,500.00,100 גרם,false,0,8.90,1.78,true,1,
7296073074533,false,חומץ טבעי 5% שופרסל 1 ל,שופרסל,IL,חומץ טבעי,ליטרים,1.00,ליטר,false,0,5.90,5.90,true,1,
7296073074649,false,קנלוני שופרסל 250 גרם,שופרסל,IT,קנלוני שופרסל,גרמים,250.00,100 גרם,false,0,8.80,3.52,true,1,
7296073074656,false,ירקות מעורב.כבושים 1.65ק,שופרסל,IL,ירקות מעורבים,קילוגרמים,1.65,"ק""ג",false,0,25.90,15.70,true,1,
7296073078555,false,בצק עלים מרודד מוקפא,שופרסל,IL,בצק עלים 1קג,קילוגרמים,1.00,"ק""ג",false,0,14.50,14.50,true,1,
7296073078579,false,דבש טבעי מפרחי שדה 350 ג,שופרסל,IL,דבש טבעי,גרמים,350.00,100 גרם,false,0,16.90,4.83,true,1,
7296073078586,false,דבש טבעי שופרסל צנצ500גר,שופרסל,IL,דבש טבעי שופרסל,גרמים,500.00,100 גרם,false,0,22.80,4.56,true,1,
7296073078609,false,"דבש טבעי שופרסל 1 ק""ג",מכוורת עמק חפר,IL,דבש טבעי,קילוגרמים,1.00,"ק""ג",false,0,38.90,38.90,true,1,
7296073078821,false,4 כריות יפניות שופרסל,פלסטו פוליש,IL,כריות יפניות,יחידה,1.00,יחידה,false,0,7.70,7.70,true,1,
7296073078838,false,6 כריות יפניות שופרסל,פלסטו פוליש,IL,כריות יפניות,יחידה,1.00,יחידה,false,0,9.50,9.50,true,1,
7296073078883,false,9 מטליות ניקוי כללי שופר,שופרסל,IL,מטליות ניקוי 9יח,יחידה,1.00,יחידה,false,0,7.90,7.90,true,1,
7296073078890,false,15מטליות ניקוי כללי שופר,שופרסל,,מטליות לניקוי,יחידה,1.00,יחידה,false,0,13.80,13.80,true,1,
7296073078975,false,פריכיות אורז מלא שופר100,שופרסל,IL,פריכיות אורז,גרמים,100.00,100 גרם,false,0,5.90,5.90,true,1,
7296073078982,false,פריכ.אורז 5דגנים שופר100,שופרסל,IL,פריכיות אורז,גרמים,100.00,100 גרם,false,0,5.90,5.90,true,1,
7296073078999,false,פריכ.אורז שיבולת שופר100,שופרסל,IL,פריכיות אורז,גרמים,100.00,100 גרם,false,0,5.90,5.90,true,1,
7296073079002,false,פריכ.דקות אורז מלא ש100.,"פרח תעשיות מזון בע""\מ",IL,פריכיות דקות,גרמים,100.00,100 גרם,false,0,6.90,6.90,true,1,
7296073079040,false,פריכיות זעתר שופרסל 50גר,"פרח תעשיות מזון בע""\מ",IL,פריכיות אורז,גרמים,50.00,100 גרם,false,0,7.50,15.00,true,1,
7296073079057,false,פריכיות מעושן שופרסל50גר,שופרסל,IL,פריכיות שופרסל,גרמים,50.00,100 גרם,false,0,7.50,15.00,true,1,
7296073079842,false,עגבניות מקולפות שופר800ג,פריניר,IL,עגבניות מקולפ.,גרמים,800.00,100 גרם,false,0,5.90,0.74,true,1,
7296073079859,false,קוביות עגבניות שופר800.ג,פריניר,IL,עגבניות קוביות,גרמים,800.00,100 גרם,false,0,6.20,0.78,true,1,
7296073079866,false,עגבניות מרוסקות שופר800ג,פריניר,IL,עגבניות מרוסקות,גרמים,800.00,100 גרם,false,0,6.20,0.78,true,1,
7296073079880,false,רסק עגבניות 22%שופר570ג,פריניר,IL,רוטב עגבניות,גרמים,570.00,100 גרם,false,0,5.80,1.02,true,1,
7296073079903,false,רוטב עגבניות 22%שופר100ג,פריניר,IL,רסק עגבניות,גרמים,100.00,100 גרם,false,0,1.70,1.70,true,1,
7296073080497,false,שעועית אפויה שופרסל 580ג,פרי גליל,IL,שעועית אפויה,גרמים,570.00,100 גרם,false,0,5.90,1.04,true,1,
7296073080503,false,אפונה גדולה שופרסל550גרם,פרי גליל,IL,אפונה גדולה,גרמים,550.00,100 גרם,false,0,5.40,0.98,true,1,
7296073080510,false,חומוס שלם שופרסל 560 גרם,פרי גליל,IL,חומוס שלם,גרמים,560.00,100 גרם,false,0,5.40,0.96,true,1,
7296073080534,false,תירס מתוק שופרסל 550 גרם,פרי גליל,IL,תירס גרעינים,גרמים,550.00,100 גרם,false,0,5.80,1.05,true,1,
7296073080541,false,אפונה וגזר שופרסל 550 גר,פרי גליל,IL,אפונה וגזר,גרמים,550.00,100 גרם,false,0,5.80,1.05,true,1,
7296073080558,false,תירס לייט שופרסל 550 גרם,פרי גליל,IL,תירס לייט,גרמים,550.00,100 גרם,false,0,6.50,1.18,true,1,
7296073081241,false,בייגל.שמיניו.מלוח שופ400,שופרסל,IL,בייגלה שמיניות,גרמים,400.00,100 גרם,false,0,8.80,2.20,true,1,
7296073081456,false,פירורי לחם לבן שופרסל200,"חטיפים מן הטבע בע""\מ",IL,פירורי לחם לבן,גרמים,200.00,100 גרם,false,0,4.70,2.35,true,1,
7296073081487,false,ציפוי לשניצל פיקנטי 400ג,שופרסל,IL,ציפוי לשניצל,גרמים,400.00,100 גרם,false,0,8.10,2.03,true,1,
7296073081494,false,ציפוי מוזהב לשניצל 400גר,שופרסל,IL,ציפוי לשניצל,גרמים,400.00,100 גרם,false,0,8.10,2.03,true,1,
7296073081661,false,מזון יבש לכלבים שופר3.קג,סנשיין מילס,US,מזון יבש לכלבים,קילוגרמים,3.00,"ק""ג",false,0,29.90,9.97,true,1,
7296073081678,false,מזון יבש לכלבים שופר12.ק,סנשיין מילס,US,מזון יבש מלא כלב,קילוגרמים,12.00,"ק""ג",false,0,99.90,8.33,true,1,
7296073081692,false,מזון יבש לחתול שופרסל3קג,Tuffy's,US,מזון לחתולים,קילוגרמים,3.00,"ק""ג",false,0,46.50,15.50,true,1,
7296073081845,false,9 כריות יפניות שופרסל,פלסטו פוליש,IL,כריות יפניות,יחידה,1.00,יחידה,false,0,9.80,9.80,true,1,
7296073087205,false,ריבת אוכמניות שופרסל370ג,LTD 99 CIMA,BG,ריבת אוכמניות,גרמים,370.00,100 גרם,false,0,9.50,2.57,true,1,
7296073087243,false,קונפ.דובדבנים שופרסל370ג,LTD 99 CIMA,BG,קונפ.דובדבנים,גרמים,370.00,100 גרם,false,0,12.10,3.27,true,1,
7296073087298,false,קונפ.מישמש שופרסל 370 גר,LTD 99 CIMA,BG,קונפיטורה מישמש,גרמים,370.00,100 גרם,false,0,12.10,3.27,true,1,
7296073087441,false,טונה בשמן שופרסל 160 גרם,תעשיות פילטונה,IL,טונה בשמן,גרמים,160.00,100 גרם,false,0,5.70,3.56,true,1,
7296073090496,false,צמר פלדה שופרסל 100 גרם,פלסטו פוליש,IL,צמר פלדה,גרמים,100.00,100 גרם,false,0,5.90,5.90,true,1,
7296073091172,false,פופקורן למיקרו ט.טבעי600,שופרסל,US,פופקורן למיקרו,גרמים,600.00,100 גרם,false,0,13.50,2.25,true,1,
7296073091189,false,פופקורן למיקרו ט.חמאה600,שופרסל,IL,פופקורן למיקרו,גרמים,600.00,100 גרם,false,0,13.50,2.25,true,1,
7296073091226,false,פופקורן גרעינים שופר1.קג,מיה,IL,פופקורן גרעינים,קילוגרמים,1.00,"ק""ג",false,0,8.80,8.80,true,1,
7296073091394,false,גרעין לבן קלוי400גשופרסל,ששון,IL,גרעין לבן קלוי,גרמים,400.00,100 גרם,false,0,20.90,5.23,true,1,
7296073091417,false,בוטן בקליפה קלוי וממולח,ששון,IL,בוטן קלוי בקליפה,גרמים,400.00,100 גרם,false,0,15.80,3.95,true,1,
7296073091462,false,פיסטוק קלוי וממולח 200ג,ששון,IL,פיסטוק חלבי קלוי,גרמים,200.00,100 גרם,false,0,21.90,10.95,true,1,
7296073091479,false,שקד קלוף קלוי וממולח200ג,ששון,IL,שקד קלוף קלוי,גרמים,200.00,100 גרם,false,0,18.90,9.45,true,1,
7296073091486,false,אגוזי קשיו קלויים ומומלח,ששון,IL,אגוז קשיו קלוי,גרמים,200.00,100 גרם,false,0,19.90,9.95,true,1,
7296073091493,false,גרעין שחור קלוי200גשופרס,ששון,IL,גרעין שחור קלוי,גרמים,200.00,100 גרם,false,0,6.80,3.40,true,1,
7296073091523,false,משמש מיובש ללא גלעין400ג,ששון,IL,משמש מיובש,גרמים,400.00,100 גרם,false,0,18.90,4.73,true,1,
7296073091530,false,שזיף מיובש400גרם שופרסל,ששון,IL,שזיף מיובש,גרמים,400.00,100 גרם,false,0,22.90,5.73,true,1,
7296073091547,false,צימוק בהיר 400ג שופרסל,ששון,IL,צימוק בהיר,גרמים,400.00,100 גרם,false,0,21.90,5.48,true,1,
7296073091554,false,צימוקים כהים 400 גרם,ששון,IL,צימוק כהה,גרמים,400.00,100 גרם,false,0,17.90,4.48,true,1,
7296073091585,false,שקד קלוף טבעי 200גשופרסל,ששון,IL,שקד קלוף טבעי,גרמים,200.00,100 גרם,false,0,17.90,8.95,true,1,
7296073091608,false,אגוזי קשיו קלופים טבעיים,ששון,IL,אגוזי קשיו טבעי,גרמים,200.00,100 גרם,false,0,23.90,11.95,true,1,
7296073091646,false,צנוברים קלופים 100גרם,ששון,IL,צנובר 100גרם,גרמים,100.00,100 גרם,false,0,24.90,24.90,true,1,
7296073091653,false,בננה צ'יפס 250ג שופרסל,ששון,IL,בננה צ'יפס,גרמים,250.00,100 גרם,false,0,11.50,4.60,true,1,
7296073091677,false,חמוציות 250גרם שופרסל,ששון,IL,חמוציות 250גרם,גרמים,250.00,100 גרם,false,0,11.90,4.76,true,1,
7296073093169,false,פלפל חריף שיפקה שופר540ג,שופרסל,IL,פלפל שיפקה,גרמים,540.00,100 גרם,false,0,5.90,1.09,true,1,
7296073093176,false,כרוב לבן כבוש קצוץ560גרם,שימורי מוטולה בעמ,IL,כרוב כבוש,גרמים,560.00,100 גרם,false,0,6.90,1.23,true,1,
7296073093213,false,אבקת שוקו שופרסל 500 גרם,שופרסל,IL,אבקת שוקו,גרמים,500.00,100 גרם,false,0,10.80,2.16,true,1,
7296073094463,false,חלווה שיש שופרסל 400 גרם,"אחדות בע""מ א.ת. ברקן",IL,חלווה שיש,גרמים,400.00,100 גרם,false,0,12.20,3.05,true,1,
7296073094746,false,חלווה וניל שופרסל 400גרם,"אחדות בע""מ א.ת. ברקן",IL,חלווה וניל,גרמים,400.00,100 גרם,false,0,12.20,3.05,true,1,
7296073094753,false,חלווה וניל שופרסל 500 גר,"אחדות בע""מ א.ת. ברקן",IL,חלווה וניל,גרמים,500.00,100 גרם,false,0,12.90,2.58,true,1,
7296073095552,false,מסיר לק כחול שופרסל150מל,שופרסל,IL,מסיר לק כחול,מיליליטרים,150.00,"100 מ""ל",false,0,7.80,5.20,true,1,
7296073095569,false,מסיר לק ורוד שופרסל150מל,שופרסל,IL,מסיר לק ורוד,מיליליטרים,150.00,"100 מ""ל",false,0,7.80,5.20,true,1,
7296073095583,false,"אצטון שופרסל 100 מ""ל","ש. שוורץ )באר שבע( בע""\מ",IL,אצטון שופרסל,מיליליטרים,100.00,"100 מ""ל",false,0,3.00,3.00,true,1,
7296073098263,false,גזר גמדי מוקפא שופרסל800,פרי גליל,IL,גזר גמדי 800גר,גרמים,800.00,100 גרם,false,0,14.50,1.81,true,1,
7296073098294,false,ברוקולי מוקפא שופרסל 800,פרי גליל,IL,ברוקולי 800 גר,גרמים,800.00,100 גרם,false,0,22.70,2.84,true,1,
7296073103813,false,תפוח אדמה לבן ארוז,שופרסל,IL,"תפו""א לבן ארוז",קילוגרמים,0.00,"ק""ג",true,0,3.90,3.90,true,1,
7296073103820,false,תפוח אדמה לטיגון ארוז,שופרסל,IL,"תפו""א לטיגון",קילוגרמים,0.00,"ק""ג",true,0,5.50,5.50,true,1,
7296073103844,false,תפוח אדמה למיקרו,קטיף.,IL,"תפו""א למיקרו",יחידה,1.00,יחידה,false,0,5.90,5.90,true,1,
7296073106074,false,טליאטלה שופרסל 500 גרם,שופרסל,IT,פסטה טליאטלה,גרמים,500.00,100 גרם,false,0,9.80,1.96,true,1,
7296073106081,false,טריקולור פרפלה שופר500.ג,שופרסל,IT,טריקולור פרפלה,גרמים,500.00,100 גרם,false,0,6.80,1.36,true,1,
7296073106098,false,פריכיות דק.כוסמת שופר100,"פרח תעשיות מזון בע""\מ",IL,פריכיות כוסמת,גרמים,100.00,100 גרם,false,0,6.90,6.90,true,1,
7296073106241,false,מטליות רצפה 6X,,,מטליות רצפה 6X,יחידה,1.00,יחידה,false,0,15.50,15.50,true,1,
7296073106258,false,מטליות רצפה 3X,,,מטליות רצפה 3X,יחידה,1.00,יחידה,false,0,9.80,9.80,true,1,
7296073107392,false,גרנולה צימוק שקד תפוח400,בריגן קי ג'י,DE,גרנולה שופרסל,גרמים,400.00,100 גרם,false,0,14.50,3.63,true,1,
7296073107408,false,גרנולה שוקו.פקאן שופר400,בריגן קי ג'י,DE,גרנולה שוקולד,גרמים,400.00,100 גרם,false,0,14.50,3.63,true,1,
7296073107828,false,שמן סויה שופרסל 1 ליטר,שופרסל,,שמן סויה,ליטרים,1.00,ליטר,false,0,7.50,7.50,true,1,
7296073107989,false,גרעיני תירס שופרסל 800 ג,פרי גליל,IL,גרעיני תירס,גרמים,800.00,100 גרם,false,0,15.50,1.94,true,1,
7296073107996,false,פול ירוק שופרסל 800 גרם,פרי גליל,IL,פול ירוק,גרמים,800.00,100 גרם,false,0,20.70,2.59,true,1,
7296073108061,false,קלחי תירס שופרסל 1 קג,פרי גליל,IL,קלחי תירס 1קג,קילוגרמים,1.00,"ק""ג",false,0,17.70,17.70,true,1,
7296073108085,false,שעועית צהובה חתוכה שופרס,פרי גליל,IL,שעועית צהובה,גרמים,800.00,100 גרם,false,0,16.60,2.08,true,1,
7296073108122,false,לקט סיני שופרסל 800 גרם,פרי גליל,IL,לקט סיני,גרמים,800.00,100 גרם,false,0,16.80,2.10,true,1,
7296073108245,false,עלי תרד בייבי שטופים200ג,פרסקו,IL,עלי תרד שטופים,גרמים,200.00,100 גרם,false,0,9.90,4.95,true,1,
7296073108252,false,עלי בייבי שטופים לאכילה,פרסקו,IL,עלי בייבי שטופים,גרמים,110.00,100 גרם,false,0,9.50,8.64,true,1,
7296073108269,false,חסה ערבית שטופה לאכילה,פרסקו,IL,חסה ערבית שטופה,גרמים,250.00,100 גרם,false,0,9.50,3.80,true,1,
7296073108283,false,סלט הגן אישי שטוף לאכילה,פרסקו,IL,סלט הגן אישי,גרמים,300.00,100 גרם,false,0,14.00,4.67,true,1,
7296073108306,false,סלט קלאסי אישי שטוף 300ג,פרסקו,IL,סלט קלאסי אישי,גרמים,300.00,100 גרם,false,0,14.00,4.67,true,1,
7296073108313,false,סלט קולסלאו שטוף לאכילה,פרסקו,IL,סלט קולסלאו שטוף,גרמים,400.00,100 גרם,false,0,8.50,2.13,true,1,
7296073108320,false,שבבי גזר שטופים לאכילה,פרסקו,IL,שבבי גזר שטופים,גרמים,400.00,100 גרם,false,0,8.50,2.13,true,1,
7296073108344,false,לקט קלאסי שטוף לאכילה,"פרסקו חצבה 2006 בע""\מ",IL,לקט קלאסי שטוף,גרמים,350.00,100 גרם,false,0,10.50,3.00,true,1,
7296073108351,false,חסה אייסברג שטופה לאכילה,"פרסקו חצבה 2006 בע""\מ",IL,חסה אייסברג שטוף,גרמים,300.00,100 גרם,false,0,9.90,3.30,true,1,
7296073108368,false,לקט הגינה שטוף לאכילה,פרסקו,IL,לקט הגינה שטוף,גרמים,300.00,100 גרם,false,0,10.50,3.50,true,1,
7296073108375,false,כרוב לבן שטוף לאכילה400ג,"פרסקו חצבה 2006 בע""\מ",IL,כרוב לבן שטוף,גרמים,400.00,100 גרם,false,0,8.50,2.13,true,1,
7296073108443,false,"קמח מלא שופרסל 1 ק""ג",שופרסל,IL,קמח חיטה מלא,קילוגרמים,1.00,"ק""ג",false,0,6.30,6.30,true,1,
7296073108573,false,קרם קרקר שופרסל 230 גרם,מגדנית הדר,IL,קרם קרקר,גרמים,230.00,100 גרם,false,0,7.50,3.26,true,1,
7296073109457,false,עוג.ממולאות שוק.שופר300ג,שופרסל,IL,עוגיות ממולאות,גרמים,300.00,100 גרם,false,0,7.80,2.60,true,1,
7296073109464,false,עוג.ממולאות תות שופר300ג,שופרסל,IL,עוגיות ממולאות,גרמים,300.00,100 גרם,false,0,7.80,2.60,true,1,
7296073109822,false,תמר מג'הול מעולה 400 גרם,הדיקלאים,IL,תמר מג'הול 400ג,גרמים,400.00,100 גרם,false,0,12.90,3.23,true,1,
7296073112464,false,פוזילי חיטה מלא.שופר500ג,שופרסל,IT,פוזילי שופרסל,גרמים,500.00,100 גרם,false,0,7.50,1.50,true,1,
7296073112617,false,6 ספוג.לניקוי מופלא שופר,"סדובסקי בע""\מ",DE,ספוגית ניקוי,יחידה,1.00,יחידה,false,0,8.80,8.80,true,1,
7296073113256,false,חרדל דיזון+גרגיר.שופר350,שופרסל,FR,חרדל דיז'ון,גרמים,370.00,100 גרם,false,0,8.90,2.41,true,1,
7296073113263,false,חרדל צרפתי שופרסל 370גרם,שופרסל,FR,חרדל צרפתי,גרמים,370.00,100 גרם,false,0,6.50,1.76,true,1,
7296073115717,false,סודה לשתיה שופרסל 50 גרם,שופרסל,,סודה לשתיה,גרמים,50.00,100 גרם,false,0,2.10,4.20,true,1,
7296073115724,false,אבקת אפיה שופרסל 10X10גר,שופרסל,IL,אבקת אפיה 10יח,גרמים,100.00,100 גרם,false,0,3.00,3.00,true,1,
7296073115731,false,אבקת סוכר שופרסל 100 גרם,שופרסל,IL,אבקת סוכר,גרמים,100.00,100 גרם,false,0,1.80,1.80,true,1,
7296073115748,false,סוכר וניל שופרסל 10*10גר,שופרסל,IL,סוכר וניל 10 יח,גרמים,100.00,100 גרם,false,0,2.70,2.70,true,1,
7296073115755,false,קורנפלור שופרסל 500 גרם,שופרסל,,קורנפלור,גרמים,500.00,100 גרם,false,0,4.90,0.98,true,1,
7296073115762,false,קורנפלור שופרסל 200 גרם,שופרסל,IL,קורנפלור,גרמים,200.00,100 גרם,false,0,3.50,1.75,true,1,
7296073116769,false,קוקוס טחון שופרסל 100גרם,מיה,IL,קוקוס טחון,גרמים,100.00,100 גרם,false,0,4.00,4.00,true,1,
7296073116776,false,קוקוס טחון שופרסל 400גרם,מיה,IL,קוקוס טחון,גרמים,400.00,100 גרם,false,0,11.70,2.93,true,1,
7296073116783,false,שומשום שופרסל 100 גרם,מיה,IL,שומשום שופרסל,גרמים,100.00,100 גרם,false,0,3.50,3.50,true,1,
7296073116790,false,שומשום שופרסל 400 גרם,מיה,IL,שומשום שופרסל,גרמים,400.00,100 גרם,false,0,11.50,2.88,true,1,
7296073116813,false,קמח תירס שופרסל 400 גרם,מיה תעשיות מזון,IL,קמח תירס,גרמים,400.00,100 גרם,false,0,5.50,1.38,true,1,
7296073116820,false,"קמח תפו""א שופרסל 500 גרם",מיה,IL,"קמח תפו""א",גרמים,500.00,100 גרם,false,0,6.00,1.20,true,1,
7296073117094,false,שוק.צ'יפס מריר שופרסל300,אופנהיימר,IL,שוקולד צ'יפס,גרמים,300.00,100 גרם,false,0,9.80,3.27,true,1,
7296073117865,false,טבעות זיתים מושחר 560 גר,קבוצת יבנה מוצרי מזון,IL,טבעות זיתים,גרמים,560.00,100 גרם,false,0,8.50,1.52,true,1,
7296073117872,false,חרוזי זיתים מושחר שופ560,קבוצת יבנה מוצרי מזון,IL,חרוזי זיתים,גרמים,540.00,100 גרם,false,0,8.00,1.48,true,1,
7296073118770,false,עלי בייבי שטופים לאכילה,"פרסקו חצבה 2006 בע""\מ",IL,עלי בייבי שטופים,גרמים,300.00,100 גרם,false,0,12.90,4.30,true,1,
7296073118787,false,תע'חסה אלון שטופה לאכילה,פרסקו,IL,תע חסה אלון,גרמים,350.00,100 גרם,false,0,9.90,2.83,true,1,
7296073119456,false,תער'חסה+עלי בייבי שטופים,פרסקו,IL,תע חסה+ע.בייבי,גרמים,350.00,100 גרם,false,0,9.90,2.83,true,1,
7296073120018,false,100 נרות חימום בלוק,שופרסל,IL,נרות חימום,יחידה,1.00,יחידה,false,0,19.90,19.90,true,1,
7296073121176,false,תמר חלאוי 400ג שופרסל,הדיקלאים,IL,תמר חלאוי400גרם,גרמים,400.00,100 גרם,false,0,12.90,3.23,true,1,
7296073121183,false,תמר דקל נור 400ג שופרסל,ערדום תמרים,IL,תמר דקל נור 400ג,גרמים,400.00,100 גרם,false,0,12.90,3.23,true,1,
7296073121190,false,תמר אמרי 400גרם שופרסל,הדיקלאים,IL,תמר אמרי 400 גרם,גרמים,400.00,100 גרם,false,0,12.90,3.23,true,1,
7296073121589,false,בייגלה אצבעות שומשום330ג,שופרסל,IL,בייגלה אצבעות,גרמים,330.00,100 גרם,false,0,8.80,2.67,true,1,
7296073122258,false,תערובת אגוזים 200גשופרסל,ששון,IL,תערובת אגוזים,גרמים,200.00,100 גרם,false,0,21.70,10.85,true,1,
7296073122296,false,פסטרמה מסורתית שופר300.ג,שופרסל,IL,פסטרמה מסורתית,גרמים,300.00,100 גרם,false,0,21.70,7.23,true,1,
7296073122333,false,שקדי מרק מרכיבים טבעיים,שופרסל,IL,שקדי מרק בשקית,גרמים,400.00,100 גרם,false,0,6.90,1.73,true,1,
7296073123712,false,"תמצית רום שופרסל 50 מ""ל",מיה,,תמצית רום,מיליליטרים,50.00,"100 מ""ל",false,0,4.00,8.00,true,1,
7296073123729,false,"תמצית וניל שופרסל 50 מ""ל",מיה,IL,תמצית וניל,מיליליטרים,50.00,"100 מ""ל",false,0,4.00,8.00,true,1,
7296073123965,false,ניוקי שופרסל 500 גרם,שופרסל,,ניוקי,גרמים,500.00,100 גרם,false,0,9.80,1.96,true,1,
7296073123972,false,ניוקי קטנים שופרסל500גרם,שופרסל,IT,ניוקי קטנים,גרמים,500.00,100 גרם,false,0,9.80,1.96,true,1,
7296073124160,false,שום קפוא מגשית שופרסל 80,שופרסל,IL,שום קפוא מגשית,גרמים,80.00,100 גרם,false,0,10.00,12.50,true,1,
7296073124177,false,שום כתוש צנצנת שופרסל200,שופרסל,IL,שום כתוש,גרמים,200.00,100 גרם,false,0,12.90,6.45,true,1,
7296073124375,false,פירורי לחם חיטה מלאה200ג,שופרסל,IL,פירורי לחם,גרמים,200.00,100 גרם,false,0,5.90,2.95,true,1,
7296073124382,false,ספגטיני מספר 3 שופרסל500,שופרסל,IT,ספגטיני מס' 3,גרמים,500.00,100 גרם,false,0,4.90,0.98,true,1,
7296073124399,false,ספגטי מספר 5 שופרסל 500ג,שופרסל,IT,ספגטי מס' 5,גרמים,500.00,100 גרם,false,0,4.90,0.98,true,1,
7296073125303,false,מלפפונים בחומץ 7-9 560גר,קבוצת יבנה מוצרי מזון,,מלפפונים בחומץ,גרמים,540.00,100 גרם,false,0,6.30,1.17,true,1,
7296073125327,false,מלפפונים בינוני בחומץ560,קבוצת יבנה מוצרי מזון,IL,מלפפונים בחומץ,גרמים,540.00,100 גרם,false,0,6.80,1.26,true,1,
7296073125334,false,מלפפונים קטנים בחומץ560ג,קבוצת יבנה מוצרי מזון,IL,מלפפונים בחומץ,גרמים,540.00,100 גרם,false,0,9.50,1.76,true,1,
7296073125341,false,מלפפונים בחומץ18-25 540ג,קבוצת יבנה מוצרי מזון,IL,מלפפונים בחומץ,גרמים,540.00,100 גרם,false,0,10.90,2.02,true,1,
7296073125822,false,שמן חמניות שופרסל 1 ליטר,NV AOR,BE,שמן חמניות,ליטרים,1.00,ליטר,false,0,12.50,12.50,true,1,
7296073125884,false,שמן סויה שופרסל 1 ליטר,NV AOR,BE,שמן סויה,ליטרים,1.00,ליטר,false,0,7.50,7.50,true,1,
7296073125907,false,מי פה ט.מנטה שופרסל500מל,שופרסל,ES,מי פה מנטה,מיליליטרים,500.00,"100 מ""ל",false,0,13.90,2.78,true,1,
7296073125914,false,מי פה ט.מרענן שופרסל500מ,מעבדות בוניקט,ES,מי פה טעם מרענן,מיליליטרים,500.00,"100 מ""ל",false,0,13.90,2.78,true,1,
7296073125952,false,"אורז יסמין שופרסל 1 ק""ג",ltd co produce Uthai,TH,אורז יסמין,קילוגרמים,1.00,"ק""ג",false,0,9.80,9.80,true,1,
7296073128229,false,שופרסל מעדן תות שדה284גר,LTD 99 CIMA,BG,מעדן תות שדה,גרמים,284.00,100 גרם,false,0,10.00,3.52,true,1,
7296073128243,false,מעדן דובדבנים שופרסל284ג,LTD 99 CIMA,BG,מעדן דובדבנים,גרמים,284.00,100 גרם,false,0,10.00,3.52,true,1,
7296073128250,false,מעדן אוכמניות כחולות284ג,LTD 99 CIMA,BG,מעדן אוכמניות,גרמים,284.00,100 גרם,false,0,10.00,3.52,true,1,
7296073128267,false,מעדן פירות אדומ.שופר284ג,LTD 99 CIMA,BG,מעדן פירות אדומ.,גרמים,284.00,100 גרם,false,0,10.00,3.52,true,1,
7296073129431,false,פתיתים קוסקוס שופרסל500ג,"אסיף תעשיות מזון בע""\מ",IL,פתיתים קוסקוס,גרמים,500.00,100 גרם,false,0,4.50,0.90,true,1,
7296073129448,false,פתיתים טבעות שופרסל500גר,"אסיף תעשיות מזון בע""\מ",IL,פתיתים טבעות,גרמים,500.00,100 גרם,false,0,4.50,0.90,true,1,
7296073129462,false,פתיתים לבבות שופרסל500גר,"אסיף תעשיות מזון בע""\מ",IL,פתיתים לבבות,גרמים,500.00,100 גרם,false,0,4.50,0.90,true,1,
7296073129516,false,נר נשמה 24 שעות שופרסל,שופרסל,IL,נר נשמה,יחידה,1.00,יחידה,false,0,2.00,2.00,true,1,
7296073129530,false,נרות חימום בשקית 50 יח',שופרסל,IL,נרות חימום,יחידה,1.00,יחידה,false,0,10.00,10.00,true,1,
7296073129547,false,קנולה כבישה קרה שופרסל1ל,NV AOR,BE,שמן קנולה,ליטרים,1.00,ליטר,false,0,10.00,10.00,true,1,
7296073130499,false,"מיץ לימון שופרסל 200 מ""ל",סי פרווידר,IT,מיץ לימון שופרסל,מיליליטרים,200.00,"100 מ""ל",false,0,5.90,2.95,true,1,
7296073132165,false,ממרח קרם קקאו+אגוזים350ג,שופרסל,IT,ממרח קרם קקאו,גרמים,350.00,100 גרם,false,0,8.90,2.54,true,1,
7296073132400,false,"מיץ לימון שופרסל 500 מ""ל",סי פרווידר,IT,מיץ לימון,מיליליטרים,500.00,"100 מ""ל",false,0,6.20,1.24,true,1,
7296073132448,false,שמן תירס שופרסל 1 ליטר,NV AOR,BE,שמן תירס שופרסל,ליטרים,1.00,ליטר,false,0,13.60,13.60,true,1,
7296073132462,false,לבבות דקל חתוכ.שופר400.ג,אינדוסטריה אגריקולה,EC,לבבות דקל,גרמים,400.00,100 גרם,false,0,8.00,2.00,true,1,
7296073132479,false,לבבות דקל שלמים שופר400ג,אינדוסטריה אגריקולה,EC,לבבות דקל שלמים,גרמים,400.00,100 גרם,false,0,8.50,2.13,true,1,
7296073132806,false,חרוזי זיתים שופרסל560גרם,קבוצת יבנה מוצרי מזון,IL,חרוזי זיתים,גרמים,560.00,100 גרם,false,0,8.80,1.57,true,1,
7296073132820,false,סלק בואקום 500 גרם,שופרסל,XX,סלק בואקום 500ג,גרמים,500.00,100 גרם,false,0,8.00,1.60,true,1,
7296073132936,false,עוגת מאפין שיש שופרסל400,גידרון,IL,עוגת מאפין,גרמים,400.00,100 גרם,false,0,9.90,2.48,true,1,
7296073132943,false,עוגת מאפין שוק.שופרסל400,גידרון,IL,עוגת מאפין,גרמים,400.00,100 גרם,false,0,9.90,2.48,true,1,
7296073132950,false,עוגת מאפין וניל שופר400ג,גידרון,IL,עוגת מאפין,גרמים,400.00,100 גרם,false,0,9.90,2.48,true,1,
7296073132974,false,צלחות גדולות לבן שופרסל,שופרסל,IL,צלחות ענק,יחידה,1.00,יחידה,false,0,14.90,14.90,true,1,
7296073132998,false,25צלחות קטנות לבן שופרסל,שופרסל,IL,צלחות קטנות,יחידה,1.00,יחידה,false,0,7.90,7.90,true,1,
7296073133018,false,מגשים אובליים לבן שופרסל,שופרסל,IL,מגשים אובליים,יחידה,1.00,יחידה,false,0,14.90,14.90,true,1,
7296073133056,false,צלחת קרם אלגנט ענק 25 יח,שופרסל,IL,צלחות קרם ענק,יחידה,1.00,יחידה,false,0,14.90,14.90,true,1,
7296073133063,false,צלחות בינונית קרם שופרסל,שופרסל,IL,צלחות גדולות,יחידה,1.00,יחידה,false,0,9.90,9.90,true,1,
7296073133070,false,צלחות קטנות קרם שופרסל 2,שופרסל,IL,צלחות קטנות,יחידה,1.00,יחידה,false,0,7.90,7.90,true,1,
7296073133087,false,קעריות מרק קרם שופרסל 25,שופרסל,IL,קעריות מרק,יחידה,1.00,יחידה,false,0,7.90,7.90,true,1,
7296073133094,false,מגשים אובליים קרם שופרסל,שופרסל,,מגשים אובליים,יחידה,1.00,יחידה,false,0,14.90,14.90,true,1,
7296073134442,false,קרקר חיטה שופרסל 300 גרם,שופרסל,IL,קרקר חיטה,גרמים,300.00,100 גרם,false,0,13.50,4.50,true,1,
7296073134534,false,קפה טורקי שופרסל 100 גרם,שופרסל,IL,קפה טורקי שופרסל,גרמים,100.00,100 גרם,false,0,5.50,5.50,true,1,
7296073134930,false,שעועית ארגנטינאית 500גרם,מיה,IL,שעועית ארגנטינאי,גרמים,500.00,100 גרם,false,0,9.80,1.96,true,1,
7296073140184,false,עוגת מאפין תפוז שופר400ג,גידרון,IL,עוגת מאפין תפוז,גרמים,400.00,100 גרם,false,0,9.90,2.48,true,1,
7296073140672,false,ממרח קרם קקאו שופרסל750ג,שופרסל,,ממרח קרם קקאו,גרמים,750.00,100 גרם,false,0,14.90,1.99,true,1,
7296073140979,false,60מגן תחתון נורמל שופרסל,קוראטקס,IL,מגן תחתון שופרסל,יחידה,1.00,יחידה,false,0,9.00,9.00,true,1,
7296073140986,false,52מגן תחתון לארג' שופרסל,שופרסל,IL,מגן תחתון שופרסל,יחידה,1.00,יחידה,false,0,9.00,9.00,true,1,
7296073140993,false,28 תחבושות נורמל+ שופרסל,קוראטקס,DE,תחבושות שופרסל,יחידה,1.00,יחידה,false,0,9.00,9.00,true,1,
7296073141006,false,24 תחבושות סופר+ שופרסל,קוראטקס,DE,תחבושות שופרסל,יחידה,1.00,יחידה,false,0,9.00,9.00,true,1,
7296073141082,false,נרות חימום בשקית,,IL,נרות חימום בשקית,יחידה,1.00,יחידה,false,0,19.90,19.90,true,1,
7296073141143,false,שוקולד חלב שופרסל100 גרם,"שוקולד פריי בע""מ",CH,שוקולד חלב,גרמים,100.00,100 גרם,false,0,5.00,5.00,true,1,
7296073141150,false,שוקולד מריר שוויצרי100ג,"שוקולד פריי בע""מ",CH,שוקולד מריר,גרמים,100.00,100 גרם,false,0,5.00,5.00,true,1,
7296073142041,false,גביעי גלידה שופרסל 24יח',"א.ג. גילרו בע""\מ",IL,גביעי גלידה,גרמים,120.00,100 גרם,false,0,9.70,8.08,true,1,
7296073143437,false,"ברנפלקס ללת""ס שופרסל 500",בריגן קי. ג'י,,"ברנפלקס ללת""ס",גרמים,500.00,100 גרם,false,0,16.80,3.36,true,1,
7296073143758,false,עוגת בראוניס שופרסל400גר,גידרון,IL,עוגת בראוניס,גרמים,400.00,100 גרם,false,0,13.80,3.45,true,1,
7296073150442,false,תערובת לכדורי שוקולד500ג,"י.כהן בע""מ",IL,תערובת לכדורים,גרמים,500.00,100 גרם,false,0,14.00,2.80,true,1,
7296073150466,false,תערובת לפנקייק שופרסל400,שופרסל,IL,תערובת לפנקייק,גרמים,400.00,100 גרם,false,0,14.00,3.50,true,1,
7296073150527,false,קורנפלקס שופרסל 750 גרם,שופרסל,,קורנפלקס שופרסל,גרמים,750.00,100 גרם,false,0,10.90,1.45,true,1,
7296073151470,false,פריכיות קטנות 3דגנים 50ג,שופרסל,IL,פריכיות קטנות,גרמים,50.00,100 גרם,false,0,7.50,15.00,true,1,
7296073151487,false,פריכיות מיני תפוח 50 גרם,פרח תעשיות מזון,IL,פריכיות תפוח,גרמים,50.00,100 גרם,false,0,7.50,15.00,true,1,
7296073151524,false,צנימים שופרסל 320 גרם,שופרסל,IT,צנימים שופרסל,גרמים,320.00,100 גרם,false,0,8.60,2.69,true,1,
7296073151548,false,מלח בישול גס שופרסל 1 קג,מלח הארץ אילת,IL,מלח בישול גס,קילוגרמים,1.00,"ק""ג",false,0,1.80,1.80,true,1,
7296073151555,false,מלח שולחן דק שופרסל 1 קג,מלח הארץ אילת,IL,מלח שולחן דק,קילוגרמים,1.00,"ק""ג",false,0,1.80,1.80,true,1,
7296073153238,false,גזר ארוז שופרסל,,IL,גזר ארוז שופרסל,קילוגרמים,0.00,"ק""ג",true,0,3.90,3.90,true,1,
7296073153283,false,מזון לחתול מיקס שופר1.5ק,Tuffy's,IL,מזון לחתולים,קילוגרמים,1.50,"ק""ג",false,0,35.80,23.87,true,1,
7296073153337,false,מקרוני בוקטיני מס14 500ג,שופרסל,IT,מקרוני בוקטיני,גרמים,500.00,100 גרם,false,0,4.90,0.98,true,1,
7296073153849,false,זוג רדידי אלומיניום 7.2X,שופרסל,IL,זוג רדידי אלומינ,מטרים,15.00,מטר,false,0,9.80,0.65,true,1,
7296073153870,false,זוג רדידי אלומיניום רחב,שופרסל,IL,זוג רדידי אלומינ,מטרים,15.00,מטר,false,0,15.50,1.03,true,1,
7296073156628,false,שוק.מריר+אגוזי לוז 100גר,שופרסל,,שוקולד+אגוזי לוז,גרמים,100.00,100 גרם,false,0,7.20,7.20,true,1,
7296073160663,false,פסטה פוסיליני מהירה500גר,שופרסל,,פסטה פוזילי,גרמים,500.00,100 גרם,false,0,6.30,1.26,true,1,
7296073160670,false,פסטה גנצ'טי מהיר.הכנה500,שופרסל,,פסטה גנצ'ט'י,גרמים,500.00,100 גרם,false,0,6.30,1.26,true,1,
7296073161479,false,פריכ.תירס+זרעי פשתן 100ג,"פרח תעשיות מזון בע""\מ",IL,פריכיות תירס,גרמים,100.00,100 גרם,false,0,6.90,6.90,true,1,
7296073161493,false,שוק.מריר60%שופרסל 100*2ג,"שוקולד פריי בע""מ",,שוקולד מריר זוג,גרמים,200.00,100 גרם,false,0,10.00,5.00,true,1,
7296073161721,false,נייר אפיה שופרסל 50 דפים,שופרסל,NO,נייר אפיה שופרסל,יחידה,1.00,יחידה,false,0,9.90,9.90,true,1,
7296073161790,false,מנצ'ס200גרם שופרסל,VOF INTERVENDORS,CN,מנצ'ס 200גרם,גרמים,200.00,100 גרם,false,0,8.80,4.40,true,1,
7296073161806,false,מנצ'ס 400גרם שופרסל,שופרסל,CN,מנצ'ס 400גרם,גרמים,400.00,100 גרם,false,0,12.90,3.23,true,1,
7296073162520,false,ברזלית בצלינדר שופרסל6יח,פלסטו פוליש,IL,ברזלית בצלינדר,יחידה,1.00,יחידה,false,0,13.80,13.80,true,1,
7296073163084,false,נקניקיות וינר שופרסל400ג,מעדני יחיעם,IL,נקניקיות וינר,גרמים,400.00,100 גרם,false,0,9.90,2.48,true,1,
7296073163107,false,נקניקיות וינר שופרסל1.5ק,שופרסל,IL,נקניקיות וינר,קילוגרמים,1.50,"ק""ג",false,0,28.90,19.27,true,1,
7296073163114,false,נקניקיות מיני שופרסל600ג,מעדני יחיעם,IL,נקניקיות מיני,גרמים,600.00,100 גרם,false,0,15.90,2.65,true,1,
7296073169239,false,רוטב עגבניות לשקשוקה260ג,שופרסל,,רוטב לשקשוקה,גרמים,260.00,100 גרם,false,0,4.30,1.65,true,1,
7296073169246,false,רוטב עגבניות לפסטה240גרם,"זנלכל בע""\מ",,רוטב לפסטה,גרמים,260.00,100 גרם,false,0,4.30,1.65,true,1,
7296073169253,false,רוטב עגבניות עם שום260גר,שופרסל,,רוטב עגבניות,גרמים,260.00,100 גרם,false,0,4.30,1.65,true,1,
7296073169260,false,עגבנ.מרוסקות שופרסל240גר,"זנלכל בע""\מ",,עגבניות מרוסקות,גרמים,260.00,100 גרם,false,0,4.30,1.65,true,1,
7296073169543,false,40 מטליות רב שימושיות,שופרסל,IL,"מטליות רב""ש",יחידה,1.00,יחידה,false,0,18.70,18.70,true,1,
7296073169550,false,3 מטליות מיקרופייבר שופר,שופרסל,,מטליות מיקרופיבר,יחידה,1.00,יחידה,false,0,12.80,12.80,true,1,
7296073169574,false,130 ממחטות טישיו+אלוורה,שופרסל,,ממחטות טישיו,יחידה,1.00,יחידה,false,0,13.80,13.80,true,1,
7296073169581,false,ממחטות אף לכיס 10*10 יח,שופרסל,,ממחטות אף לכיס,יחידה,1.00,יחידה,false,0,7.40,7.40,true,1,
7296073169833,false,"שוק.מריר 72%ללת""ס 100 גר",שופרסל,,שוקולד ללא סוכר,גרמים,100.00,100 גרם,false,0,9.20,9.20,true,1,
7296073169840,false,שוק.חלב ל.סוכר שופרסל100,"שוקולד פריי בע""מ",,שוקולד ללא סוכר,גרמים,100.00,100 גרם,false,0,9.20,9.20,true,1,
7296073170839,false,שוקולד לבן שוויצרי 100גר,"שוקולד פריי בע""מ",,שוקולד לבן,גרמים,100.00,100 גרם,false,0,5.00,5.00,true,1,
7296073170853,false,צ'יפס קלאסי שופרסל 2.5קג,"תעשיות תפוגן בע""\מ",IL,צ'יפס קלאסי,קילוגרמים,2.50,"ק""ג",false,0,29.90,11.96,true,1,
7296073170860,false,צ'יפס קלאסי שופרסל 1.5קג,"תעשיות תפוגן בע""\מ",IL,צ'יפס קלאסי,קילוגרמים,1.50,"ק""ג",false,0,23.90,15.93,true,1,
7296073170877,false,צ'יפס אמריקאי שופרסל 1.5,"תעשיות תפוגן בע""\מ",IL,צ'יפס אמריקאי,קילוגרמים,1.50,"ק""ג",false,0,23.90,15.93,true,1,
7296073170884,false,סטייק צ'יפס שופרסל 1.5קג,"תעשיות תפוגן בע""\מ",IL,סטייק צ'יפס,קילוגרמים,1.50,"ק""ג",false,0,23.90,15.93,true,1,
7296073170938,false,44 מגני תחתון לונג +,קוראטקס,IL,מגני תחתון,יחידה,1.00,יחידה,false,0,9.00,9.00,true,1,
7296073171126,false,שוק.לבן שוויצרי 100*3 גר,"שוקולד פריי בע""מ",,שוקולד לבן 3 יח',גרמים,300.00,100 גרם,false,0,14.50,4.83,true,1,
7296073173045,false,דבש טבעי לחיץ שופרסל500ג,שופרסל,,דבש לחיץ שופרסל,גרמים,500.00,100 גרם,false,0,27.60,5.52,true,1,
7296073173199,false,אפונה ירוקה עדינה שופרסל,שופרסל,IL,אפונה עדינה,גרמים,600.00,100 גרם,false,0,16.90,2.82,true,1,
7296073173205,false,שעועית ירוקה עדינה שופרס,ARDO,BE,שעועית ירוקה,גרמים,600.00,100 גרם,false,0,18.90,3.15,true,1,
7296073173212,false,שעועית ירוקה שלמה שופרסל,ARDO,BE,שעועית ירוקה,גרמים,800.00,100 גרם,false,0,16.60,2.08,true,1,
7296073173229,false,שעועית ירוקה חתוכה שופרס,ARDO,BE,שעועית ירוקה,גרמים,800.00,100 גרם,false,0,15.50,1.94,true,1,
7296073173311,false,קמח תופח מועשר שופרסל 1ק,שופרסל,,קמח תופח מועשר,קילוגרמים,1.00,"ק""ג",false,0,6.30,6.30,true,1,
7296073173335,false,קמח שיפון מלא שופרסל 1קג,שופרסל,,קמח שיפון מלא,קילוגרמים,1.00,"ק""ג",false,0,6.30,6.30,true,1,
7296073179863,false,דבש טבעי לחיץ שופרסל250ג,שופרסל,,דבש לחיץ,גרמים,250.00,100 גרם,false,0,15.50,6.20,true,1,
7296073179979,false,תחתיות ארטישוק שופרסל 00,LTD ALEX COLD,EG,תחתיות ארטישוק,גרמים,400.00,100 גרם,false,0,18.20,4.55,true,1,
7296073179986,false,במיה שופרסל 600גרם,LTD ALEX COLD,EG,במיה 600גרם,גרמים,600.00,100 גרם,false,0,14.80,2.47,true,1,
7296073180203,false,עלי רוקט שטופים 150גרם,"פרסקו חצבה 2006 בע""\מ",IL,עלי רוקט150ג',גרמים,150.00,100 גרם,false,0,9.50,6.33,true,1,
7296073180210,false,עלי תרד בייבי שטופים400ג,"פרסקו חצבה 2006 בע""\מ",IL,עלי תרד 400גרם,גרמים,400.00,100 גרם,false,0,15.00,3.75,true,1,
7296073180425,false,רוטב פסטה שום+אורגנו350ג,,,רוטב לפסטה,גרמים,350.00,100 גרם,false,0,8.90,2.54,true,1,
7296073180449,false,רוטב לפסטה,,,רוטב לפסטה,גרמים,350.00,100 גרם,false,0,8.90,2.54,true,1,
7296073180548,false,א.מלך טבעי קלוף150גשופרס,ששון,IL,א.מלך טבעי קלוף,גרמים,150.00,100 גרם,false,0,14.90,9.93,true,1,
7296073180630,false,מטליות לחות לרצפה 10יח,טרופיקל דגיל,IL,מטליות לחות,יחידה,1.00,יחידה,false,0,9.80,9.80,true,1,
7296073180944,false,מטלית רצפה,,CN,מטלית רצפה,יחידה,1.00,יחידה,false,0,8.80,8.80,true,1,
7296073187363,false,פחם דרום אמריקאי,,PY,פחם דרום אמריקאי,קילוגרמים,2.00,"ק""ג",false,0,13.90,6.95,true,1,
7296073189572,false,פקאן סיני 200גרם שופרסל,שקרצי,IL,פקאן סיני 200גרם,גרמים,200.00,100 גרם,false,0,24.90,12.45,true,1,
7296073189589,false,פקאן טבעי 200גרם שופרסל,שקרצי,IL,פקאן טבעי 200גרם,גרמים,200.00,100 גרם,false,0,25.90,12.95,true,1,
7296073189596,false,חצאי בוטן מטוגן וממולח,שקרצי,IL,בוטן מטוגן200גרם,גרמים,200.00,100 גרם,false,0,8.80,4.40,true,1,
7296073189602,false,בוטן מטוגן 400גרם שופרסל,שקרצי,IL,בוטן מטוגן,גרמים,400.00,100 גרם,false,0,15.90,3.98,true,1,
7296073189671,false,ג.דלעת קלוף 150גרם שופרס,ששון,IL,גרעין דלעת 150ג,גרמים,150.00,100 גרם,false,0,13.80,9.20,true,1,
7296073189688,false,ג.חמניה קלוף150ג שופרסל,ששון,IL,גרעין חמניה 150ג,גרמים,150.00,100 גרם,false,0,5.80,3.87,true,1,
7296073190615,false,פריכיות אורז,,,פריכיות אורז,גרמים,264.00,100 גרם,false,0,13.90,5.27,true,1,
7296073191162,false,יין אדום מתוק קדרון650מל,הכורמים,IL,יין אדום קדרון,מיליליטרים,650.00,"100 מ""ל",false,0,14.40,2.22,true,1,
7296073191421,false,קפה טורקי 4 יח,,IL,קפה טורקי 4 יח,גרמים,400.00,100 גרם,false,0,19.90,4.98,true,1,
7296073191568,false,כוסות לשתיה קרה,,IL,כוסות לשתיה קרה,יחידה,1.00,יחידה,false,0,3.90,3.90,true,1,
7296073192633,false,שעועית לבנה שופרסל 800גר,פרי גליל,GB,שעועית לבנה,גרמים,800.00,100 גרם,false,0,17.60,2.20,true,1,
7296073193784,false,כרובית שטופה 500גרם,"פרסקו חצבה 2006 בע""\מ",IL,כרובית שטופה,גרמים,500.00,100 גרם,false,0,13.00,2.60,true,1,
7296073193791,false,ברוקולי שטוף 400גרם,פרסקו,IL,ברוקולי שטוף,גרמים,400.00,100 גרם,false,0,15.00,3.75,true,1,
7296073195191,false,טחינה שומשום מלא גרין500,"אחדות בע""מ א.ת. ברקן",IL,טחינה שומשום מלא,גרמים,500.00,100 גרם,false,0,16.50,3.30,true,1,
7296073195207,false,טחינה אורגנית גרין 500גר,"אחדות בע""מ א.ת. ברקן",IL,טחינה אורגנית,גרמים,500.00,100 גרם,false,0,16.50,3.30,true,1,
7296073195252,false,פריכיות אורז מלא גרין100,"פרח תעשיות מזון בע""\מ",IL,פריכיות אורז מלא,גרמים,100.00,100 גרם,false,0,6.80,6.80,true,1,
7296073195894,false,אטריות דקיקות שופרסל400ג,שיבולים בני דרום,IL,אטריות דקיקות,גרמים,400.00,100 גרם,false,0,4.90,1.23,true,1,
7296073195900,false,אטריות דקות שופרסל 400ג,שיבולים בני דרום,IL,אטריות דקות,גרמים,400.00,100 גרם,false,0,4.90,1.23,true,1,
7296073197461,false,שוקולד חלב 100*3 גרם,"שוקולד פריי בע""מ",CH,שוקולד חלב 3 יח,גרמים,300.00,100 גרם,false,0,12.90,4.30,true,1,
7296073197478,false,שוקולד מריר שוויצרי100*3,"שוקולד פריי בע""מ",CH,שוקולד מריר 3 יח,גרמים,300.00,100 גרם,false,0,12.90,4.30,true,1,
7296073199380,false,רוטב צ'ילי מתוק שופר810ג,תאי פרידה אינדסטרי,TH,רוטב צ'ילי מתוק,גרמים,810.00,100 גרם,false,0,12.80,1.58,true,1,
7296073200987,false,פטריות חתוכות 3 * 400 גר,פרוצ'אמפ,DE,פטריות חתוכות3יח,קילוגרמים,1.20,"ק""ג",false,0,11.90,9.92,true,1,
7296073201410,false,נודלס רחב להקפצה 400ג,פרוצ'אמפ,CN,נודלס רחב להקפצה,גרמים,400.00,100 גרם,false,0,9.80,2.45,true,1,
7296073201434,false,סילאן שופרסל,,IL,סילאן שופרסל,גרמים,900.00,100 גרם,false,0,13.80,1.53,true,1,
7296073202479,false,שוק.מריר שוויצרי 100*6ג,"שוקולד פריי בע""מ",CH,שוקולד מריר 6 יח,גרמים,600.00,100 גרם,false,0,19.90,3.32,true,1,
7296073202493,false,שוק.חלב שופרסל 100*6 גרם,"שוקולד פריי בע""מ",CH,שוקולד חלב 6 יח,גרמים,600.00,100 גרם,false,0,19.90,3.32,true,1,
7296073204640,false,בוטן אמריקאי200ג שופרסל,ששון,IL,בוטנים אמריקאים,גרמים,200.00,100 גרם,false,0,7.80,3.90,true,1,
7296073204879,false,שניצל תירס שופרסל 750גרם,תפוגן,IL,שניצל תירס,גרמים,750.00,100 גרם,false,0,19.90,2.65,true,1,
7296073204886,false,חטיפי תירס שופרסל 600גרם,תפוגן,IL,חטיפי תירס,גרמים,600.00,100 גרם,false,0,18.90,3.15,true,1,
7296073205081,false,מיונז,,IL,מיונז,גרמים,500.00,100 גרם,false,0,6.90,1.38,true,1,
7296073205111,false,"ניוקי תפו""א ל.ג.גרין500ג",,IT,"ניוקי תפו""א",גרמים,500.00,100 גרם,false,0,12.90,2.58,true,1,
7296073205418,false,פוסילי מלא אורג.גרין500ג,,IT,פוסילי מלא,גרמים,500.00,100 גרם,false,0,8.90,1.78,true,1,
7296073205692,false,רוטב פסטה שום אורגני 350,אלת'אה אס.פי.איי,IT,רוטבעגבניות שום,גרמים,350.00,100 גרם,false,0,13.90,3.97,true,1,
7296073205708,false,רוט.פסט.בזיליקום אורג350,אלת'אה אס.פי.איי,IT,רוטב פסטה,גרמים,350.00,100 גרם,false,0,13.90,3.97,true,1,
7296073206095,false,סירופ אגבה,,MX,סירופ אגבה,גרמים,330.00,100 גרם,false,0,16.90,5.12,true,1,
7296073206996,false,קרם לתינוק שופרסל 400 מל,אמיליה קוסמטיקס,IL,קרם לתינוק,מיליליטרים,400.00,"100 מ""ל",false,0,10.00,2.50,true,1,
7296073207016,false,תח.רחצה לתינוק שופרסל750,אמיליה קוסמטיקס,IL,תחליב רחצה תינוק,מיליליטרים,750.00,"100 מ""ל",false,0,10.00,1.33,true,1,
7296073207030,false,אל סבון לתינוק שופרסל750,אמיליה קוסמטיקס,IL,אל סבון לתינוק,מיליליטרים,750.00,"100 מ""ל",false,0,10.00,1.33,true,1,
7296073207047,false,"שמן לתינוק שופרסל 400מ""ל",אמיליה קוסמטיקס,IL,שמן לתינוק,מיליליטרים,400.00,"100 מ""ל",false,0,15.80,3.95,true,1,
7296073207078,false,בוטן קלוף קלוי וממולח300,ששון,IL,בוטן קלוף קלוי,גרמים,300.00,100 גרם,false,0,12.90,4.30,true,1,
7296073207115,false,מגבונים נשטפים,,IL,מגבונים נשטפים,יחידה,1.00,יחידה,false,0,5.90,5.90,true,1,
7296073209249,false,ספגיות קירצוף 6 יחידות,פלסטו פוליש,IL,ספוגיות קירצוף,יחידה,1.00,יחידה,false,0,4.90,4.90,true,1,
7296073211488,false,"טחינה אורגנית גרין 1 ק""ג","אחדות בע""מ א.ת. ברקן",IL,טחינה אורגנית,קילוגרמים,1.00,"ק""ג",false,0,32.90,32.90,true,1,
7296073211624,false,פילה אמנון קפוא קג,שופרסל,CN,פילה אמנון,קילוגרמים,0.00,"ק""ג",true,0,32.90,32.90,true,1,
7296073211679,false,קורנפלקס ל.גלוטן גרין500,נקסקוב מילס,DK,קורנפלקס,גרמים,500.00,100 גרם,false,0,16.90,3.38,true,1,
7296073211952,false,סירופ מייפל אורג.גרין250,,CA,סירופ מייפל,מיליליטרים,250.00,"100 מ""ל",false,0,30.90,12.36,true,1,
7296073211969,false,וופל בלגי שופרסל 200 גרם,"גילרו בע""\מ",IL,וופל בלגי,גרמים,200.00,100 גרם,false,0,4.00,2.00,true,1,
7296073212089,false,מרק פטריות שופרסל 400גרם,פרי גליל,IL,מרק פטריות,גרמים,400.00,100 גרם,false,0,15.80,3.95,true,1,
7296073212096,false,מרק עוף שופרסל 400 גרם,פרי גליל,IL,מרק עוף,גרמים,400.00,100 גרם,false,0,12.80,3.20,true,1,
7296073212126,false,מרק בצל שופרסל 400 גרם,פרי גליל,IL,מרק בצל,גרמים,400.00,100 גרם,false,0,15.80,3.95,true,1,
7296073213949,false,ג'ל כביסה מרוכז,,IL,ג'ל כביסה מרוכז,ליטרים,3.00,ליטר,false,0,21.70,7.23,true,1,
7296073214120,false,חתיכות אננס בסירופ850ג,CANNING FRUIT KUIBURI,TH,חתיכות אננס,גרמים,850.00,100 גרם,false,0,7.90,0.93,true,1,
7296073214137,false,פלחי אפרסקים,,CN,פלחי אפרסקים,גרמים,820.00,100 גרם,false,0,7.90,0.96,true,1,
7296073214144,false,פלחי אפרסקים,,IL,פלחי אפרסקים,גרמים,312.00,100 גרם,false,0,4.90,1.57,true,1,
7296073215820,false,כורכום טחון,,IL,כורכום טחון,גרמים,100.00,100 גרם,false,0,6.70,6.70,true,1,
7296073215844,false,כורכום טחון,,IL,כורכום טחון,גרמים,40.00,100 גרם,false,0,5.90,14.75,true,1,
7296073215899,false,כמון טחון,,IL,כמון טחון,גרמים,100.00,100 גרם,false,0,10.80,10.80,true,1,
7296073215912,false,קנמון טחון,,IL,קנמון טחון,גרמים,100.00,100 גרם,false,0,6.30,6.30,true,1,
7296073215967,false,שוםגבישי,,IL,שוםגבישי,גרמים,100.00,100 גרם,false,0,9.50,9.50,true,1,
7296073215974,false,שום גבישי,,IL,שום גבישי,גרמים,120.00,100 גרם,false,0,10.80,9.00,true,1,
7296073215998,false,אבקת שום,,IL,אבקת שום,גרמים,50.00,100 גרם,false,0,6.70,13.40,true,1,
7296073216001,false,תערובת תיבול עוף,,IL,תערובת תיבול עוף,גרמים,100.00,100 גרם,false,0,6.90,6.90,true,1,
7296073216018,false,תערובת תיבול,,IL,תערובת תיבול,גרמים,100.00,100 גרם,false,0,7.70,7.70,true,1,
7296073216025,false,תערובת תיבול,,IL,תערובת תיבול,גרמים,100.00,100 גרם,false,0,9.80,9.80,true,1,
7296073216032,false,תערובת גריל עוף,,IL,תערובת גריל עוף,גרמים,150.00,100 גרם,false,0,10.80,7.20,true,1,
7296073216049,false,תערוב תיבול,,IL,תערוב תיבול,גרמים,100.00,100 גרם,false,0,6.30,6.30,true,1,
7296073216056,false,תיבול לשווארמה,,IL,תיבול לשווארמה,גרמים,100.00,100 גרם,false,0,7.70,7.70,true,1,
7296073216063,false,חוואג' למרק,,IL,חוואג' למרק,גרמים,100.00,100 גרם,false,0,7.70,7.70,true,1,
7296073216087,false,עלי דפנה,,IL,עלי דפנה,גרמים,20.00,100 גרם,false,0,6.00,30.00,true,1,
7296073216148,false,פלפל שחור טחון,,IL,פלפל שחור טחון,גרמים,100.00,100 גרם,false,0,12.20,12.20,true,1,
7296073216162,false,פלפל שחור,,IL,פלפל שחור,גרמים,100.00,100 גרם,false,0,12.90,12.90,true,1,
7296073216193,false,פלפל שחור,,IL,פלפל שחור,גרמים,90.00,100 גרם,false,0,14.90,16.56,true,1,
7296073216209,false,פלפל שחור,,IL,פלפל שחור,גרמים,35.00,100 גרם,false,0,9.40,26.86,true,1,
7296073216216,false,פלפל לבן,,IL,פלפל לבן,גרמים,40.00,100 גרם,false,0,10.90,27.25,true,1,
7296073216223,false,פפריקה מתוקה,,IL,פפריקה מתוקה,גרמים,80.00,100 גרם,false,0,4.80,6.00,true,1,
7296073216230,false,פפריקה מתוקה,,IL,פפריקה מתוקה,גרמים,40.00,100 גרם,false,0,6.90,17.25,true,1,
7296073216247,false,פפריקה מתוקה,,IL,פפריקה מתוקה,גרמים,100.00,100 גרם,false,0,10.80,10.80,true,1,
7296073216261,false,פפריקה מתוקה,,IL,פפריקה מתוקה,גרמים,80.00,100 גרם,false,0,6.10,7.63,true,1,
7296073216278,false,פפריקה מרוקאית,,IL,פפריקה מרוקאית,גרמים,90.00,100 גרם,false,0,8.80,9.78,true,1,
7296073216315,false,מלח לימון,,IL,מלח לימון,גרמים,100.00,100 גרם,false,0,6.60,6.60,true,1,
7296073218234,false,סוכר חום אורגני גרין 1 ק,,IL,סוכר חום אורגני,קילוגרמים,1.00,"ק""ג",false,0,11.80,11.80,true,1,
7296073218661,false,מטליות לרצפה 3יח,,CN,מטליות לרצפה 3יח,יחידה,1.00,יחידה,false,0,19.70,19.70,true,1,
7296073218753,false,פתי בר שופרסל 500 גרם,BV BISCUIT PALLY,NL,פתי בר,גרמים,500.00,100 גרם,false,0,8.90,1.78,true,1,
7296073218807,false,בישקוטים,,IT,בישקוטים,גרמים,200.00,100 גרם,false,0,7.20,3.60,true,1,
7296073218920,false,לחם אחיד פרוס שופרסל 750,מאפיית שלמה א. אנג'\ל בע,IL,לחם אחיד פרוס,גרמים,750.00,100 גרם,false,0,5.90,0.79,true,1,
7296073219088,false,מיונז אמיתי 1 קג,,IL,מיונז אמיתי 1 קג,קילוגרמים,1.00,"ק""ג",false,0,14.50,14.50,true,1,
7296073219101,false,אבקת כביסה,,IL,אבקת כביסה,קילוגרמים,7.00,"ק""ג",false,0,39.60,5.66,true,1,
7296073219149,false,פירורי לחם מוזהב,,IL,פירורי לחם מוזהב,גרמים,350.00,100 גרם,false,0,5.70,1.63,true,1,
7296073219255,false,קפה נמס,,IL,קפה נמס,גרמים,200.00,100 גרם,false,0,13.90,6.95,true,1,
7296073219262,false,קפה טורקי עם הל,,IL,קפה טורקי עם הל,גרמים,100.00,100 גרם,false,0,6.30,6.30,true,1,
7296073219347,false,לחם אחיד פרוס750ג שופרסל,מאפית ברמן,IL,לחם אחיד פרוס,גרמים,750.00,100 גרם,false,0,5.90,0.79,true,1,
7296073219354,false,משטח לייבוש כלים,,CN,משטח לייבוש כלים,יחידה,1.00,יחידה,false,0,8.80,8.80,true,1,
7296073219606,false,כדורי דגנים,,IL,כדורי דגנים,גרמים,500.00,100 גרם,false,0,12.90,2.58,true,1,
7296073219897,false,פודינג וניל,,IL,פודינג וניל,גרמים,80.00,100 גרם,false,0,4.50,5.63,true,1,
7296073219903,false,ג'לי פטל,,IL,ג'לי פטל,גרמים,85.00,100 גרם,false,0,5.00,5.88,true,1,
7296073219910,false,ג'לי משמש,,IL,ג'לי משמש,גרמים,85.00,100 גרם,false,0,5.00,5.88,true,1,
7296073219927,false,ג'לי תות,,IL,ג'לי תות,גרמים,85.00,100 גרם,false,0,5.00,5.88,true,1,
7296073219941,false,חטיף דגנים שוקו+שוק23*6ג,back and Snack,AT,חטיף דגנים,גרמים,138.00,100 גרם,false,0,9.90,7.17,true,1,
7296073219958,false,חט.דגנים שוקו+מריר23*6ג,back and Snack,AT,חטיף דגנים,גרמים,138.00,100 גרם,false,0,9.90,7.17,true,1,
7296073219965,false,חט.דגנים שוק.חלב+בוט23*6,back and Snack,AT,חטיף בוטנים,גרמים,138.00,100 גרם,false,0,9.90,7.17,true,1,
7296073220008,false,ממתיק על בסיס סוכרלוז100,"ביסקול בע""מ",IL,ממתיק סוכרלוז,גרמים,100.00,100 גרם,false,0,17.50,17.50,true,1,
7296073220022,false,אבקת קקאו,,IL,אבקת קקאו,גרמים,150.00,100 גרם,false,0,7.50,5.00,true,1,
7296073220121,false,חטיפי קרח,,IL,חטיפי קרח,ליטרים,2.10,ליטר,false,0,9.90,4.71,true,1,
7296073220183,false,עוגיות שוקוצ'יפס,,DE,עוגיות שוקוצ'יפס,גרמים,225.00,100 גרם,false,0,8.50,3.78,true,1,
7296073220251,false,אבקת קקאו,,IL,אבקת קקאו,גרמים,500.00,100 גרם,false,0,23.70,4.74,true,1,
7296073220275,false,וופל ט.שוקולד שופרסל500ג,"מנעמים תעשיות מזון בע""\מ",IL,וופל טעם שוקולד,גרמים,500.00,100 גרם,false,0,8.90,1.78,true,1,
7296073220282,false,וופלים ט.לימון שופרסל500,"מנעמים תעשיות מזון בע""\מ",IL,וופל טעם לימון,גרמים,500.00,100 גרם,false,0,8.90,1.78,true,1,
7296073220398,false,חטיפי קרח,,IL,חטיפי קרח,מיליליטרים,800.00,"100 מ""ל",false,0,6.90,0.86,true,1,
7296073220404,false,פטל אדום קפוא שופרסל 300,d.o.o Lukowa,YU,פטל אדום,גרמים,300.00,100 גרם,false,0,16.90,5.63,true,1,
7296073220435,false,מיקס פירות יער קפוא 300,d.o.o Lukowa,YU,מיקס פירות יער,גרמים,300.00,100 גרם,false,0,16.90,5.63,true,1,
7296073221319,false,מארז כפות בצבע קרם,.,IL,"כף קרם ח""פ",יחידה,1.00,יחידה,false,0,7.90,7.90,true,1,
7296073221326,false,"כפית קרם 100 יח,' 1.4גרם",.,IL,"כפית קרם ח""פ",יחידה,1.00,יחידה,false,0,5.90,5.90,true,1,
7296073221333,false,מארז מזלגות בצבע קרם,.,IL,"מזלג קרם ח""פ",יחידה,1.00,יחידה,false,0,7.90,7.90,true,1,
7296073221340,false,מארז סכינים בצבע קרם,.,IL,"סכין קרם ח""פ",יחידה,1.00,יחידה,false,0,7.90,7.90,true,1,
7296073221791,false,וופל בטעם אגוזים 400 גרם,"מנעמים תעשיות מזון בע""\מ",IL,וופל אגוזים,גרמים,400.00,100 גרם,false,0,8.90,2.23,true,1,
7296073222200,false,פסטרמה הודו על גחלים שופ,מעדני יחיעם,IL,פסטרמה הודו,גרמים,300.00,100 גרם,false,0,20.90,6.97,true,1,
7296073222217,false,צמד חמד שופרסל 600 גרם,מעדני יחיעם,IL,צמד חמד נקניק,גרמים,600.00,100 גרם,false,0,21.90,3.65,true,1,
7296073222224,false,פסטרמה ברביקיו דק דק140ג,מעדני יחיעם,IL,פסטרמה ברביקיו,גרמים,140.00,100 גרם,false,0,11.50,8.21,true,1,
7296073222255,false,סלמי מעושן שופרסל 400 גר,מעדני יחיעם,IL,סלמי מעושן,גרמים,400.00,100 גרם,false,0,19.90,4.98,true,1,
7296073222262,false,קבנוס שופרסל 100 גרם,מעדני יחיעם,IL,קבנוס,גרמים,100.00,100 גרם,false,0,7.90,7.90,true,1,
7296073222279,false,נקניקיות וינר שופרסל 1קג,מעדני יחיעם,IL,נקניקיות וינר,קילוגרמים,1.00,"ק""ג",false,0,23.90,23.90,true,1,
7296073222309,false,ג'חנון קפוא שופרסל 650 ג,אופרה,IL,ג'חנון קפוא שופר,גרמים,650.00,100 גרם,false,0,12.90,1.98,true,1,
7296073222316,false,ג'חנון אפוי שופרסל 650ג,אופרה,IL,ג'חנון אפוי שופר,גרמים,650.00,100 גרם,false,0,15.90,2.45,true,1,
7296073222323,false,מלווח קפוא שופרסל700ג,אופרה,IL,מלווח קפוא שופרס,גרמים,700.00,100 גרם,false,0,12.90,1.84,true,1,
7296073223009,false,שמן זית,,IT,שמן זית,מיליליטרים,750.00,"100 מ""ל",false,0,29.90,3.99,true,1,
7296073223061,false,תה ירוק,,LK,תה ירוק,גרמים,37.00,100 גרם,false,0,15.50,41.89,true,1,
7296073223078,false,תה ירוק,,LK,תה ירוק,גרמים,37.00,100 גרם,false,0,15.50,41.89,true,1,
7296073223085,false,תה ירוק,,LK,תה ירוק,גרמים,37.00,100 גרם,false,0,15.50,41.89,true,1,
7296073223108,false,תה ארל גריי 25שק,,LK,תה ארל גריי 25שק,גרמים,37.00,100 גרם,false,0,7.50,20.27,true,1,
7296073223115,false,תה קלאסי,,LK,תה קלאסי,גרמים,150.00,100 גרם,false,0,9.80,6.53,true,1,
7296073223993,false,מזון חתולים,,IL,מזון חתולים,גרמים,400.00,100 גרם,false,0,6.90,1.73,true,1,
7296073224006,false,מזון חתולים,,FR,מזון חתולים,גרמים,400.00,100 גרם,false,0,6.90,1.73,true,1,
7296073224013,false,מזון חתולים,,FR,מזון חתולים,גרמים,400.00,100 גרם,false,0,6.90,1.73,true,1,
7296073224020,false,מזון חתולים,,FR,מזון חתולים,גרמים,400.00,100 גרם,false,0,6.90,1.73,true,1,
7296073224044,false,מזון לכלב,,FR,מזון לכלב,גרמים,400.00,100 גרם,false,0,6.80,1.70,true,1,
7296073224204,false,שמן זית,,IT,שמן זית,ליטרים,1.00,ליטר,false,0,39.90,39.90,true,1,
7296073224365,false,קמח שמרים,,IL,קמח שמרים,קילוגרמים,1.00,"ק""ג",false,0,8.50,8.50,true,1,
7296073224419,false,שומשום מלא אורגני גר100ג,,IL,שומשום מלא,גרמים,100.00,100 גרם,false,0,4.90,4.90,true,1,
7296073224457,false,כוסמת אורגנית גרין 500 ג,,IL,כוסמת אורגנית,גרמים,500.00,100 גרם,false,0,8.80,1.76,true,1,
7296073224525,false,שבבי שיב.שוע500גרוס גרין,,IL,שיבולת שועל,גרמים,500.00,100 גרם,false,0,10.80,2.16,true,1,
7296073224556,false,שבבי שיבולת שועל גרין500,,IL,שיבולת שועל,גרמים,500.00,100 גרם,false,0,10.80,2.16,true,1,
7296073224563,false,סלט טחינה שופרסל 400 גרם,סלטי שמיר,IL,סלט טחינה,גרמים,400.00,100 גרם,false,0,8.50,2.13,true,1,
7296073224570,false,חומוס אסלי שופרסל 400גרם,סלטי שמיר,IL,חומוס אסלי,גרמים,400.00,100 גרם,false,0,7.50,1.88,true,1,
7296073224587,false,כרוב אדום שופרסל 400 גרם,סלטי שמיר,IL,סלט כרוב אדום,גרמים,400.00,100 גרם,false,0,8.50,2.13,true,1,
7296073224594,false,סלט חציל במיונז שופר400ג,סלטי שמיר,IL,סלט חצילים מיונז,גרמים,400.00,100 גרם,false,0,8.50,2.13,true,1,
7296073224600,false,"חומוס שופרסל 1 ק""ג",סלטי שמיר,IL,סלט חומוס,קילוגרמים,1.00,"ק""ג",false,0,9.90,9.90,true,1,
7296073224631,false,"אורז פרסי שופרסל 1 ק""ג",ltd co produce Uthai,TH,אורז פרסי,קילוגרמים,1.00,"ק""ג",false,0,5.90,5.90,true,1,
7296073224648,false,"אורז פרסי שופרסל 5 ק""ג",ltd co produce Uthai,TH,"אורז פרסי 5 ק""ג",קילוגרמים,5.00,"ק""ג",false,0,25.60,5.12,true,1,
7296073224662,false,12ביצים חופש אורגניות M,חוות גבעות עולם,IL,ביצי חופש 12 יח,יחידה,1.00,יחידה,false,0,21.90,21.90,true,1,
7296073224693,false,ביציםM שופרסל 12,,IL,ביציםM שופרסל 12,יחידה,1.00,יחידה,false,0,10.55,10.55,true,1,
7296073224709,false,ביציםL שופרסל 12,,IL,ביציםL שופרסל 12,יחידה,1.00,יחידה,false,0,11.45,11.45,true,1,
7296073224716,false,ביצים XL שופרסל 12 יח,.,IL,ביציםXL שופרסל12,יחידה,1.00,יחידה,false,0,12.50,12.50,true,1,
7296073224761,false,חליטת נענע שופרסל 25שק,רפאלס,DE,חליטת נענע,גרמים,50.00,100 גרם,false,0,11.80,23.60,true,1,
7296073224785,false,חליטת קמומיל שופרסל 25שק,רפאלס,DE,חליטת קמומיל,גרמים,37.00,100 גרם,false,0,11.80,31.89,true,1,
7296073224792,false,ג'ל כביסה קפס,,IL,ג'ל כביסה קפס,יחידה,1.00,יחידה,false,0,11.90,11.90,true,1,
7296073224815,false,מרכך מרוכז כחול,,IL,מרכך מרוכז כחול,ליטרים,1.00,ליטר,false,0,9.90,9.90,true,1,
7296073224822,false,מרכך מרוכז ורוד,,IL,מרכך מרוכז ורוד,ליטרים,1.00,ליטר,false,0,9.90,9.90,true,1,
7296073224839,false,מרכך מרוכז לבן,,IL,מרכך מרוכז לבן,ליטרים,1.00,ליטר,false,0,9.90,9.90,true,1,
7296073224846,false,מרכך מרוכז סגול,,IL,מרכך מרוכז סגול,ליטרים,1.00,ליטר,false,0,9.90,9.90,true,1,
7296073224891,false,אפונה ירוקה קפואה שופרסל,ARDO,BE,אפונה ירוקה,גרמים,800.00,100 גרם,false,0,12.90,1.61,true,1,
7296073224907,false,אפונה וגזר שופרסל 800גרם,ARDO,BE,אפונה וגזר,גרמים,800.00,100 גרם,false,0,13.80,1.73,true,1,
7296073224914,false,פלסטרים מבד,,IL,פלסטרים מבד,יחידה,1.00,יחידה,false,0,6.80,6.80,true,1,
7296073225010,false,ריבועי דגנים+קינמון500גר,פודס,LT,ריבועי דגנים,גרמים,500.00,100 גרם,false,0,12.90,2.58,true,1,
7296073225072,false,לחמניות שופרסל 6יח75*גר,מאפיית שלמה א. אנג'\ל בע,IL,לחמניות 6 יחידות,גרמים,450.00,100 גרם,false,0,8.90,1.98,true,1,
7296073225195,false,שמ.זית אורג.כתית גרין750,OLIVENSA,ES,שמן זית אורגני,ליטרים,0.75,ליטר,false,1,44.90,59.87,true,1,
7296073225218,false,משמש מיובש 200גרם שופרסל,SA AKCA OSMAN,IL,משמש מארז 200גרם,גרמים,200.00,100 גרם,false,0,12.90,6.45,true,1,
7296073225249,false,גרעין חמניה לא תוספת מלח,ששון,IL,גרעין חמנייה,גרמים,200.00,100 גרם,false,0,6.80,3.40,true,1,
7296073225256,false,גרעין חמנייה קליית עפולה,ששון,IL,גרעין חמנייה,גרמים,200.00,100 גרם,false,0,6.80,3.40,true,1,
7296073225263,false,עוגיות עם שמנת,,IT,עוגיות עם שמנת,גרמים,300.00,100 גרם,false,0,7.90,2.63,true,1,
7296073225270,false,עוגיות בציפוי,,IT,עוגיות בציפוי,גרמים,300.00,100 גרם,false,0,7.90,2.63,true,1,
7296073225454,false,פטל שחור קפוא שופרסל 300,d.o.o Lukowa,YU,פטל שחור קפוא,גרמים,300.00,100 גרם,false,0,16.90,5.63,true,1,
7296073225461,false,פיצה מרגריטה 360גרם,SOCICO CON S.R.L AR,IT,פיצה מרגריטה,גרמים,360.00,100 גרם,false,0,15.90,4.42,true,1,
7296073225478,false,פיצה מרגריטה עם זיתים 35,SOCICO CON S.R.L AR,IT,פיצה עם זיתים,גרמים,360.00,100 גרם,false,0,15.80,4.39,true,1,
7296073225492,false,רוטב עגבני.מרוכז22% 260ג,פריניר,IL,רסק עגבניות,גרמים,260.00,100 גרם,false,0,3.10,1.19,true,1,
7296073225508,false,כוסות קפה גדולות שופרסל,.,CN,כוסות קפה גדולות,יחידה,1.00,יחידה,false,0,11.90,11.90,true,1,
7296073225515,false,"מכסים לכוסות קפה ח""פ 50",.,CN,מכסים לכוסות קפה,יחידה,1.00,יחידה,false,0,5.90,5.90,true,1,
7296073225560,false,"ופלים שוקולד ללת""ס200גרם","מנעמים תעשיות מזון בע""\מ",IL,וופל שוקולד ללתס,גרמים,200.00,100 גרם,false,0,6.90,3.45,true,1,
7296073225577,false,"וופל בלגי שוקו.ללת""ס200ג",גילרו,IL,וופל בלגי שוקולד,גרמים,200.00,100 גרם,false,0,7.80,3.90,true,1,
7296073225591,false,אורז בסמטי,,IN,אורז בסמטי,קילוגרמים,1.00,"ק""ג",false,0,12.80,12.80,true,1,
7296073225737,false,שעועית אזוקי 500 גרם,,IL,שעועית אזוקי,גרמים,500.00,100 גרם,false,0,12.90,2.58,true,1,
7296073225744,false,חצילים על האש שופרסל400ג,סלטי שמיר,IL,סלט חצילים,גרמים,400.00,100 גרם,false,0,8.50,2.13,true,1,
7296073225751,false,חציל בטחינה 400 גרם,סלטי שמיר,IL,סלט חציל בטחינה,גרמים,400.00,100 גרם,false,0,8.50,2.13,true,1,
7296073225768,false,סלט מטבוחה שופרסל 400גרם,סלטי שמיר,IL,סלט מטבוחה,גרמים,400.00,100 גרם,false,0,8.50,2.13,true,1,
7296073225775,false,רצועות סלק שופרסל 400גרם,סלטי שמיר,IL,סלט סלק שופרסל,גרמים,400.00,100 גרם,false,0,8.50,2.13,true,1,
7296073226154,false,ביסקוויט שוקולד מריר125,.,DE,ביסקוויט מצופה,גרמים,125.00,100 גרם,false,0,7.80,6.24,true,1,
7296073226161,false,ביסקוויט שוקולד חלב125גר,.,DE,ביסקוויט מצופה,גרמים,125.00,100 גרם,false,0,7.80,6.24,true,1,
7296073226291,false,חיתולים שופרסל,,IL,חיתולים שופרסל,יחידה,1.00,יחידה,false,0,29.90,29.90,true,1,
7296073226307,false,חיתולים שופרסל,,IL,חיתולים שופרסל,יחידה,1.00,יחידה,false,0,29.90,29.90,true,1,
7296073226314,false,חיתולים שופרסל,,IL,חיתולים שופרסל,יחידה,1.00,יחידה,false,0,29.90,29.90,true,1,
7296073226321,false,חיתולים שופרסל,,IL,חיתולים שופרסל,יחידה,1.00,יחידה,false,0,29.90,29.90,true,1,
7296073226338,false,חיתולים שופרסל,,IL,חיתולים שופרסל,יחידה,1.00,יחידה,false,0,29.90,29.90,true,1,
7296073226529,false,וופל קוביות שוקולד 250גר,בלקוני,IT,וופל קוביות,גרמים,250.00,100 גרם,false,0,5.00,2.00,true,1,
7296073226536,false,וופל קוביות קרם אגוז250ג,בלקוני,IT,וופל קוביות,גרמים,250.00,100 גרם,false,0,10.80,4.32,true,1,
7296073226680,false,חט.דגנים שוק.חלב+ביסקויט,back and Snack,IL,חטיף דגנים,גרמים,138.00,100 גרם,false,0,9.90,7.17,true,1,
7296073226970,false,סלט חומוס+טחינה שופר400ג,סלטי שמיר,IL,חומוס עם טחינה,גרמים,400.00,100 גרם,false,0,8.50,2.13,true,1,
7296073226987,false,סלט חומוס+מסבחה שופר400ג,סלטי שמיר,IL,חומוס עם מסבחה,גרמים,400.00,100 גרם,false,0,8.50,2.13,true,1,
7296073226994,false,סלט חומוס עם חריף 400גרם,סלטי שמיר,IL,חומוס עם חריף,גרמים,400.00,100 גרם,false,0,8.50,2.13,true,1,
7296073229650,false,סירופ טעם שוקולד,,IL,סירופ טעם שוקולד,גרמים,600.00,100 גרם,false,0,11.50,1.92,true,1,
7296073229667,false,סירופ טעם מייפל,,IL,סירופ טעם מייפל,גרמים,600.00,100 גרם,false,0,11.50,1.92,true,1,
7296073229704,false,ג'ל רחצה פפאיה שופרסל750,"טרופיקל דגיל תעשיות קוסמטיקה בע""מ",IL,ג'ל רחצה,מיליליטרים,750.00,"100 מ""ל",false,0,8.80,1.17,true,1,
7296073229711,false,ג'ל רח.פסיפלורה שופרס750,"טרופיקל דגיל תעשיות קוסמטיקה בע""מ",IL,ג'ל רחצה,מיליליטרים,750.00,"100 מ""ל",false,0,8.80,1.17,true,1,
7296073229728,false,ג'ל רח. אלוורה שופרסל750,"טרופיקל דגיל תעשיות קוסמטיקה בע""מ",IL,ג'ל רחצה,מיליליטרים,750.00,"100 מ""ל",false,0,8.80,1.17,true,1,
7296073229735,false,תחליב רח.קלאסי שופרסל750,"טרופיקל דגיל תעשיות קוסמטיקה בע""מ",IL,תחליב רחצה,מיליליטרים,750.00,"100 מ""ל",false,0,8.90,1.19,true,1,
7296073229742,false,תחליב רח.מאסק שופרסל750,"טרופיקל דגיל תעשיות קוסמטיקה בע""מ",IL,תחליב רחצה,מיליליטרים,750.00,"100 מ""ל",false,0,8.90,1.19,true,1,
7296073229759,false,תחליב רח.ונילה שופרסל750,"טרופיקל דגיל תעשיות קוסמטיקה בע""מ",IL,תחליב רחצה,מיליליטרים,750.00,"100 מ""ל",false,0,8.90,1.19,true,1,
7296073229872,false,קטשופ שופרסל 750 גרם,סוגל,PT,קטשופ,גרמים,750.00,100 גרם,false,0,8.90,1.19,true,1,
7296073229940,false,"אורז בסמטי בצנצנת 1 ק""ג",.,IN,אורז בסמטי,קילוגרמים,1.00,"ק""ג",false,0,13.90,13.90,true,1,
7296073230021,false,מנקה רצפות כחול 2 ליטר,קליר כימיקלים,IL,מנקה רצפות כחול,ליטרים,2.00,ליטר,false,0,10.00,5.00,true,1,
7296073230038,false,מנקה רצפות ורוד 2 ליטר,קליר כימיקלים,IL,מנקה רצפות,ליטרים,2.00,ליטר,false,0,10.00,5.00,true,1,
7296073230045,false,מנקה רצפות סגול 2 ליטר,קליר כימיקלים,IL,מנקה רצפות,ליטרים,2.00,ליטר,false,0,10.00,5.00,true,1,
7296073230052,false,מנקה רצפות דוחה חרקים2ל,קליר כימיקלים,IL,מנקה רצפות,ליטרים,2.00,ליטר,false,0,17.70,8.85,true,1,
7296073230069,false,מנקה רצפות פרקט 2 ליטר,קליר כימיקלים,IL,מנקה רצפות,ליטרים,2.00,ליטר,false,0,17.70,8.85,true,1,
7296073230106,false,"סלט תפו""א שופרסל 400 גרם",סלטי שמיר,IL,"סלט תפו""א",גרמים,400.00,100 גרם,false,0,8.50,2.13,true,1,
7296073230113,false,לפתן פירות בסירופ קל225ג,.,CN,לפתן פירות,גרמים,225.00,100 גרם,false,0,4.50,2.00,true,1,
7296073230410,false,"כוסות קפה ח""פ",,IL,"כוסות קפה ח""פ",יחידה,1.00,יחידה,false,0,7.90,7.90,true,1,
7296073230427,false,כפות שקופות,,IL,50כפות עבה,יחידה,1.00,יחידה,false,0,8.90,8.90,true,1,
7296073230441,false,כפיות שקופות עבות במיוחד,.,IL,50כפיות עבה,יחידה,1.00,יחידה,false,0,8.90,8.90,true,1,
7296073230465,false,מארז סכינים שקופים עבים,.,IL,50סכין עבה,יחידה,1.00,יחידה,false,0,8.90,8.90,true,1,
7296073230489,false,מארז מזלגות שקופים עבים,.,IL,50 מזלג עבה,יחידה,1.00,יחידה,false,0,8.90,8.90,true,1,
7296073230618,false,"אורז תאילנדי 1 ק""ג",ltd co produce Uthai,TH,אורז תאילנדי,קילוגרמים,1.00,"ק""ג",false,0,4.80,4.80,true,1,
7296073230632,false,דגני טבעות דבש 500 גרם,UAB FOODS CERERA,LT,טבעות דבש,גרמים,500.00,100 גרם,false,0,12.90,2.58,true,1,
7296073230656,false,מגבות נייר שופרסל 6 גל.,"שניב תעשיות נייר בע""\מ",IL,מגבות נייר,מטרים,63.00,מטר,false,0,8.90,0.14,true,1,
7296073230663,false,מגבות נייר שופרסל 8 גל.,"שניב תעשיות נייר בע""\מ",IL,מגבות נייר,מטרים,84.00,מטר,false,0,11.90,0.14,true,1,
7296073230700,false,אקונומיקה מבושמת 4 ליטר,קליר כימיקלים,IL,אקונומיקה מבושמת,ליטרים,4.00,ליטר,false,0,8.90,2.23,true,1,
7296073230724,false,אקונומיקה 4 ליטר,קליר כימיקלים,IL,אקונומיקה 4 ליטר,ליטרים,4.00,ליטר,false,0,8.90,2.23,true,1,
7296073230731,false,נוזל לניקוי כלים 750מל,קליר כימיקלים,IL,נוזל לכלים תפוח,מיליליטרים,750.00,"100 מ""ל",false,0,7.50,1.00,true,1,
7296073230816,false,נוזל לכלים 24% לימון750מ,קליר כימיקלים,IL,נוזל לכלים לימון,מיליליטרים,750.00,"100 מ""ל",false,0,7.50,1.00,true,1,
7296073230885,false,גלילי וופל קרם אגוזים100,"מנעמים תעשיות מזון בע""\מ",IL,גלילי וופל,גרמים,100.00,100 גרם,false,1,4.90,4.90,true,1,
7296073230977,false,קרקר+שומשום רוזמרין גרין,נובה אינדסטריה,IT,קרקר שומשום,גרמים,250.00,100 גרם,false,1,11.90,4.76,true,1,
7296073231240,false,חט.פריכיות שוקו חלב18*5ג,בנליין פודס,YU,חטיף פריכיות,גרמים,90.00,100 גרם,false,1,9.90,11.00,true,1,
7296073231271,false,מרכ.כביסה ורוד שופרסל 4ל,גליל כימיקלים,IL,מרכך כביסה,ליטרים,4.00,ליטר,false,1,15.50,3.88,true,1,
7296073231288,false,מרכך כביסה סגול 4 ליטר,גליל כימיקלים,IL,מרכך כביסה,ליטרים,4.00,ליטר,false,1,15.50,3.88,true,1,
7296073231295,false,מרכ.כביסה כחול שופרסל 4ל,גליל כימיקלים,IL,מרכך כביסה,ליטרים,4.00,ליטר,false,1,15.50,3.88,true,1,
7296073231547,false,חלב 1% בקרטון שופרסל 1ל,מחלבות רמת הגולן,IL,חלב 1% קרטון 1ל',ליטרים,1.00,ליטר,false,1,5.10,5.10,true,1,
7296073231554,false,חלב 3% בקרטון שופרסל 1ל,מחלבות רמת הגולן,IL,חלב 3% קרטון 1ל',ליטרים,1.00,ליטר,false,1,5.30,5.30,true,1,
7296073231561,false,שמנת עמידה לקצפת38% 250ג,מחלבות רמת הגולן,IL,שמנת עמידה 38%,מיליליטרים,250.00,"100 מ""ל",false,1,5.60,2.24,true,1,
7296073231578,false,שוקו בקרטון שופרסל 1 ל',מחלבות רמת הגולן,IL,שוקו קרטון 1ליטר,ליטרים,1.00,ליטר,false,1,7.90,7.90,true,1,
7296073232124,false,גב.פרמז'ן קשה27%שופר200ג,.,IT,משולש פרמז'ן,גרמים,200.00,100 גרם,false,1,21.90,10.95,true,1,
7296073232391,false,"סוכר לבן שופרסל 1 ק""ג","אגרנה צוקר בע""מ",AT,סוכר לבן,קילוגרמים,1.00,"ק""ג",false,1,4.40,4.40,true,1,
7296073232643,false,חטיפי וופל קרם אגוזים150,חברת איבר קקאו,ES,חטיפי וופל,גרמים,150.00,100 גרם,false,1,5.00,3.33,true,1,
7296073234098,false,עוגיות סנדוויץ תות 600גר,גידרון,IL,עוגיות סנדוויץ,גרמים,600.00,100 גרם,false,1,13.90,2.32,true,1,
7296073234104,false,עוגיות וניל שוקוצ'יפס600,גידרון,IL,עוגיות טעם וניל,גרמים,600.00,100 גרם,false,1,13.90,2.32,true,1,
7296073234111,false,עוגיות מרוקאיות מקלות600,גידרון,IL,עוגיות מרוקאיות,גרמים,600.00,100 גרם,false,1,13.90,2.32,true,1,
7296073234128,false,עוגיות מיני פרפריות 600,גידרון,IL,עוגיות פרפריות,גרמים,600.00,100 גרם,false,1,13.90,2.32,true,1,
7296073234739,false,חטיף חיטה טעם ברביקיו70ג,מנה,IL,חטיף חיטה ברבקיו,גרמים,70.00,100 גרם,false,1,3.40,4.86,true,1,
7296073235613,false,מלית תמרים 450 גרם,חצר כנרת מוצרי תמר,IL,מלית תמרים,גרמים,450.00,100 גרם,false,1,5.40,1.20,true,1,
7296073235651,false,רדיד אלומיניום כוכבים30מ,אופל אריזות,IL,רדיד אלומיניום,מטרים,30.00,מטר,false,1,16.50,0.55,true,1,
7296073235750,false,נוזל לניקוי חלונות 750מל,קליר כימיקלים,IL,נוזל לחלונות,מיליליטרים,750.00,"100 מ""ל",false,1,6.80,0.91,true,1,
7296073235767,false,ג'ל ניקוי אסלות 750מל,קליר כימיקלים,IL,ג'ל לאסלות,מיליליטרים,750.00,"100 מ""ל",false,1,6.90,0.92,true,1,
7296073235774,false,נוזל לניקוי אסלות 1ליטר,קליר כימיקלים,IL,נוזל לאסלות,ליטרים,1.00,ליטר,false,1,5.00,5.00,true,1,
7296073236122,false,"צלחת גדולה 1 ק""ג כ66- יח",.,CN,צלחת חד פעמית,יחידה,1.00,יחידה,false,1,22.90,22.90,true,1,
7296073236139,false,ביצים אורגניות שופרסל XL,חוות גבעות עולם,IL,ביצים אורגניות,יחידה,1.00,יחידה,false,1,24.90,24.90,true,1,
7296073236153,false,עגב.חתוכות אורגנ.גרין400,לה דוריה,IT,עגבניות חתוכות,גרמים,400.00,100 גרם,false,1,4.90,1.23,true,1,
7296073236160,false,עגב.שלמות אורג.גרין400גר,לה דוריה,IT,עגבניות שלמות,גרמים,400.00,100 גרם,false,1,4.90,1.23,true,1,
7296073236290,false,חט.קראנצ+'שוקולד מריר5יח,ויטליה ניקול,MK,חטיפי קראנצ' 5יח,גרמים,210.00,100 גרם,false,1,10.90,5.19,true,1,
7296073236306,false,אקונומיקה סופר מבושמת4ל,קליר כימיקלים,IL,אקונומיקה מבושמת,ליטרים,4.00,ליטר,false,1,12.50,3.13,true,1,
7296073236313,false,ג'ל אקונומיקה שופרסל 4ל,קליר כימיקלים,IL,ג'ל אקונומיקה,ליטרים,4.00,ליטר,false,1,12.50,3.13,true,1,
7296073236412,false,50 דפי שעווה שופרסל,שופרסל,CN,דפי שעווה שופרסל,יחידה,1.00,יחידה,false,1,14.90,14.90,true,1,
7296073236603,false,"שמנת לבישול 15% 250 מ""ל",מחלבת רמת-הגולן,IL,שמנת לבישול 15%,מיליליטרים,250.00,"100 מ""ל",false,1,6.50,2.60,true,1,
7296073236641,false,לקט למרק שופרסל 800גרם,שופרסל,,לקט למרק,גרמים,800.00,100 גרם,false,12,17.90,2.24,true,1,
7296073236658,false,לקט לקוסקוס שופרסל 800גר,שופרסל,IL,לקט לקוסקוס,גרמים,800.00,100 גרם,false,12,17.90,2.24,true,1,
7296073236764,false,סירופ בטעם פטל 1 ליטר,"פרי נטו משקאות בע""מ",IL,סירופ פטל,ליטרים,1.00,ליטר,false,1,8.90,8.90,true,1,
7296073236887,false,סלט גזר מרוקאי 400 גרם,סלטי שמיר,IL,סלט גזר מרוקאי,גרמים,400.00,100 גרם,false,1,8.50,2.13,true,1,
7296073236894,false,סלט קולסלאו 400 גרם,סלטי שמיר,IL,סלט קולסלאו,גרמים,400.00,100 גרם,false,1,8.50,2.13,true,1,
7296073236900,false,סלט חומוס עם טחינה 400גר,סלטי שמיר,IL,סלט חומס+טחינה,גרמים,400.00,100 גרם,false,1,8.50,2.13,true,1,
7296073236931,false,קליונז מופחת קלוריות500ג,מיטב,IL,קליונז,גרמים,500.00,100 גרם,false,1,8.80,1.76,true,1,
7296073237136,false,חט.שוקס ביסקויט שוק.חלב,שקדיה,IL,חטיף שוקולד שוקס,גרמים,70.00,100 גרם,false,1,4.90,7.00,true,1,
7296073237198,false,"סכין גילוח ר""פ 6 להבים",אדג'וול,US,"סכין גילוח ר""פ",יחידה,1.00,יחידה,false,1,29.90,29.90,true,1,
7296073237204,false,"4סכיני גילוח רב""פ שופרסל",אדג'וול,US,"סכין גילוח ר""פ",יחידה,1.00,יחידה,false,1,19.90,19.90,true,1,
7296073237235,false,4 סכיני גילוח 3 להבים,אדג'וול,US,"סכין גילוח ח""פ",יחידה,1.00,יחידה,false,1,12.90,12.90,true,1,
7296073237440,false,תרכובת מזון לתינוק שלב 1,(PERRIGO(AGIS,US,תרכובת מזון,גרמים,700.00,100 גרם,false,1,39.90,5.70,true,1,
7296073237457,false,תרכובת מזון לתינוק שלב 2,פריגו,US,תרכובת מזון,גרמים,700.00,100 גרם,false,1,39.90,5.70,true,1,
7296073237464,false,תרכובת מזון לתינוק שלב 3,פריגו,US,תרכובת מזון,גרמים,700.00,100 גרם,false,1,39.90,5.70,true,1,
7296073237525,false,קוקטייל פירות בסירופ קל,CANNED QIWWEI LINYI,CN,קוקטייל פירות,גרמים,820.00,100 גרם,false,1,7.90,0.96,true,1,
7296073237556,false,ממחטות אף 100*5 יח',שניב תעשיות נייר,IL,ממחטות אף100*5יח,יחידה,1.00,יחידה,false,1,9.90,9.90,true,1,
7296073237631,false,שוקולד מריר פרימיום 81%,פריי )שוקולד(,CH,שוקולד מריר 81%,גרמים,100.00,100 גרם,false,1,9.90,9.90,true,1,
7296073237662,false,שוק72%. מריר תפוז 100גרם,פריי )שוקולד(,CH,שוקולד מריר תפוז,גרמים,100.00,100 גרם,false,1,9.90,9.90,true,1,
7296073237686,false,שוקולד חלב+אגוזי לוז100ג,פריי )שוקולד(,CH,שוקולד אגוזי לוז,גרמים,100.00,100 גרם,false,1,9.90,9.90,true,1,
7296073237747,false,חמאה הולנדית 200 גרם,SPRL MATHOT,BE,חמאה הולנדית,גרמים,200.00,100 גרם,false,1,6.80,3.40,true,1,
7296073237846,false,"אורז פרסי שופרסל 1 ק""ג",THEPTHUNGATIP,TH,אורז פרסי,קילוגרמים,1.00,"ק""ג",false,1,5.90,5.90,true,1,
7296073237853,false,קפסולות קפה שופרסל סגול,רוני רג'ואן ושות,IL,קפסולות קפה,גרמים,50.00,100 גרם,false,1,14.90,29.80,true,1,
7296073237860,false,קפסולות קפה שופרסל חום,רוני רג'ואן ושות,IL,קפסולות קפה,גרמים,50.00,100 גרם,false,1,14.90,29.80,true,1,
7296073237877,false,קפסולות קפה שופרסל זהב,רוני רג'ואן ושות,IL,קפסולות קפה,גרמים,50.00,100 גרם,false,1,14.90,29.80,true,1,
7296073237884,false,קפסולות קפה שופרסל שחור,רוני רג'ואן ושות,IL,קפסולות קפה,גרמים,50.00,100 גרם,false,1,14.90,29.80,true,1,
7296073238331,false,ספוג חבלים,שופרסל,IL,ספוג חבלים,יחידה,1.00,יחידה,false,1,9.90,9.90,true,1,
7296073238348,false,ספוג אוולי מגבת וחבלים,שופרסל,IL,ספוג אוולי מגבת,יחידה,1.00,יחידה,false,1,9.90,9.90,true,1,
7296073238386,false,זוג ספוגים שופרסל,שופרסל,IL,זוג ספוגים,יחידה,1.00,יחידה,false,1,9.90,9.90,true,1,
7296073238485,false,שמיניית סוללות AA שופרסל,פוג'יקום,CN,שמיניית סוללות,יחידה,1.00,יחידה,false,1,16.90,16.90,true,1,
7296073238508,false,שמיניית סוללות +AAרביעיה,פוג'יקום,CN,שמיניית סוללות,יחידה,1.00,יחידה,false,1,22.90,22.90,true,1,
7296073238522,false,מטען לבית לאייפון 5+6,פוג'יקום,CN,מטען לבית לאייפו,יחידה,1.00,יחידה,false,1,74.90,74.90,true,1,
7296073238584,false,מטען מיקרומUSB לבית,פוג'יקום,CN,מטען מיקרומUSB,יחידה,1.00,יחידה,false,1,34.90,34.90,true,1,
7296073238645,false,ספוג קונוס ביוטי יח,TECHONGGIES TAIKONE,CN,ספוג קונוס ביוטי,יחידה,1.00,יחידה,false,1,39.90,39.90,true,1,
7296073238713,false,קוצץ ציפורניים גדול יח,TECHONGGIES TAIKONE,CN,קוצץ ציפורניים,יחידה,1.00,יחידה,false,1,14.90,14.90,true,1,
7296073238737,false,מטען USB כפול לרכב,פוג'יקום,CN,מטען USB,יחידה,1.00,יחידה,false,1,44.90,44.90,true,1,
7296073238775,false,מטען כפול לבית,פוג'יקום,CN,מטען כפול לבית,יחידה,1.00,יחידה,false,1,49.90,49.90,true,1,
7296073238805,false,אוזניות,פוג'יקום,CN,אוזניות,יחידה,1.00,יחידה,false,1,39.90,39.90,true,1,
7296073238829,false,פצירת קרטון יח,TECHONGGIES TAIKONE,CN,פצירת קרטון,יחידה,1.00,יחידה,false,1,14.90,14.90,true,1,
7296073239017,false,מכשיר טרימר להסרת שיער,TECHONGGIES TAIKONE,CN,מכשיר טרימר,יחידה,1.00,יחידה,false,1,49.90,49.90,true,1,
7296073239086,false,סכינים למכשיר פדיקור יח,TECHONGGIES TAIKONE,CN,סכינים למכשיר,יחידה,1.00,יחידה,false,1,24.90,24.90,true,1,
7296073239239,false,כוסות קפה פרימיום 50 יח',.,IL,"כוסות קפה ח""פ",יחידה,1.00,יחידה,false,1,9.90,9.90,true,1,
7296073239246,false,ג'ל רחצה לגבר 3 ב1- 700מ,שופרסל,IL,ג'ל רחצה לגבר3ב1,מיליליטרים,700.00,"100 מ""ל",false,1,9.90,1.41,true,1,
7296073239628,false,תירס גמדי 400 גרם,CORN KARN,TH,תירס גמדי,גרמים,400.00,100 גרם,false,1,4.90,1.23,true,1,
7296073239963,false,פיצה מרגריטה בצק עבה,שופרסל,IT,פיצה בצק עבה,גרמים,390.00,100 גרם,false,1,15.90,4.08,true,1,
7296073239994,false,משקה סויה אורגני גרין 1,ביוסלים,IT,משקה סויה,ליטרים,1.00,ליטר,false,1,11.90,11.90,true,1,
7296073240006,false,משקה סויה שוקו אורגני 1,ביוסלים,IT,משקה סויה שוקו,ליטרים,1.00,ליטר,false,1,11.90,11.90,true,1,
7296073240013,false,משקה סויה אורגני וניל 1,ביוסלים,IT,משקה סויה וניל,ליטרים,1.00,ליטר,false,1,11.90,11.90,true,1,
7296073240020,false,משקה אורז אורגני גרין 1,ביוסלים,IT,משקה אורז,ליטרים,1.00,ליטר,false,1,11.90,11.90,true,1,
7296073240037,false,משקה אורז/שקד אורגני1ל,ביוסלים,IT,משקה אורז ושקדים,ליטרים,1.00,ליטר,false,1,12.50,12.50,true,1,
7296073240044,false,משקה שיבולת שועל אורגני,ביוסלים,IT,משקה שיבולת שועל,ליטרים,1.00,ליטר,false,1,11.90,11.90,true,1,
7296073240051,false,משקה שקדים אורגני גרין 1,ביוסלים,IT,משקה שקדים,ליטרים,1.00,ליטר,false,1,11.90,11.90,true,1,
7296073240846,false,אורז בסמטי מלא אורגני1קג,קוהינו,IN,אורז בסמטי,קילוגרמים,1.00,"ק""ג",false,1,14.90,14.90,true,1,
7296073240853,false,"וופלים בטעם שוקולד 1 ק""ג","מנעמים תעשיות מזון בע""\מ",IL,וופלים,קילוגרמים,1.00,"ק""ג",false,1,15.50,15.50,true,1,
7296073241133,false,"עוגיות איטלקיות 1 ק""ג",קריק,IT,עוגיות איטלקיות,קילוגרמים,1.00,"ק""ג",false,1,10.00,10.00,true,1,
7296073241324,false,פרוסות אננס בסירופ קל850,CANNING FRUIT KUIBURI,TH,אננס פרוסות,גרמים,850.00,100 גרם,false,1,8.50,1.00,true,1,
7296073241331,false,עגבניות שרי אדומות אורגנ,יבולי בר אורגני,IL,עגבניות שרי,יחידה,1.00,יחידה,false,1,11.90,11.90,true,1,
7296073241348,false,עגבנ.שרי כתום/צהוב אורגנ,יבולי בר אורגני,IL,שרי כתום/צהוב או,יחידה,1.00,יחידה,false,1,11.90,11.90,true,1,
7296073241355,false,עגבניות שרי גבע אורגני,יבולי בר אורגני,IL,עגבניות שרי אורג,גרמים,500.00,100 גרם,false,1,11.90,2.38,true,1,
7296073241386,false,פטרולטום טהור שופרסל100מ,ש.שוורץ,IL,פטרולטום טהור,מיליליטרים,100.00,"100 מ""ל",false,1,9.90,9.90,true,1,
7296073241416,false,פתי בר בטעם שוקו 110 גרם,אפיפית,IL,פתי בר שוקו,גרמים,110.00,100 גרם,false,1,2.90,2.64,true,1,
7296073241522,false,ממחטות אף 100*5 יח,שניב תעשיות נייר,IL,ממחטות אף 5 יח,יחידה,1.00,יחידה,false,1,9.90,9.90,true,1,
7296073241539,false,ממחטות אף בקופסא 100 יח,שניב תעשיות נייר,IL,ממחטות אף בקופסא,יחידה,1.00,יחידה,false,1,7.90,7.90,true,1,
7296073241829,false,פטריות שלמות 400 גרם,אוקשמפ אי איי,PL,פטריות שלמות,גרמים,400.00,100 גרם,false,1,6.60,1.65,true,1,
7296073241935,false,נייר טואלט סופר דיל 48גל,שניב,IL,נ.טואלט סופר דיל,מטרים,860.00,100 מטר,false,1,37.90,4.41,true,1,
7296073242277,false,תאנים מיובשות300ג שופרסל,SA AKCA OSMAN,TR,תאנים יבשות 300ג,גרמים,300.00,100 גרם,false,1,12.90,4.30,true,1,
7296073242284,false,"קרם ידיים שופרסל 100 מ""ל",ש.שוורץ,IL,קרם ידיים שופרסל,מיליליטרים,100.00,"100 מ""ל",false,1,9.90,9.90,true,1,
7296073242451,false,קליפס בננה שופרסל,שופרסל,IL,קליפס גדול,יחידה,1.00,יחידה,false,1,9.90,9.90,true,1,
7296073242581,false,מארז סיכות תיקתק,שופרסל,IL,סיכן ראש,יחידה,1.00,יחידה,false,1,9.90,9.90,true,1,
7296073242598,false,8 גומיות שופרסל,שופרסל,IL,סט גומיות,יחידה,1.00,יחידה,false,1,8.90,8.90,true,1,
7296073242635,false,כוסות שתיה קרה מעוטר כסף,.,IL,50כוסות שתייה,יחידה,1.00,יחידה,false,1,9.90,9.90,true,1,
7296073242895,false,קערית לעירבוב צבע,שופרסל,IL,קערית,יחידה,1.00,יחידה,false,1,8.90,8.90,true,1,
7296073242901,false,מברשת שיער מרובעת רחבה,שופרסל,CN,מברשת שיער,יחידה,1.00,יחידה,false,1,24.90,24.90,true,1,
7296073242932,false,מברשת שיער לילדים,שופרסל,IL,מברשת שיער,יחידה,1.00,יחידה,false,1,19.90,19.90,true,1,
7296073242956,false,מברשת שיער מטקה רחבה,שופרסל,IL,מברשת שיער,יחידה,1.00,יחידה,false,1,34.90,34.90,true,1,
7296073243120,false,קופסה לסבון יחידות,שופרסל,IL,קופסה לסבון,יחידה,1.00,יחידה,false,1,7.90,7.90,true,1,
7296073243328,false,"ניוקי תפו""א עגבנ.ל.ג500ג",צ'יימה,IT,"ניוקי תפו""א",גרמים,500.00,100 גרם,false,1,12.90,2.58,true,1,
7296073243335,false,"ניוקי תפו""א תרד ל.ג500גר",צ'יימה,IT,"ניוקי תפו""א תרד",גרמים,500.00,100 גרם,false,1,12.90,2.58,true,1,
7296073243342,false,עוג.במילוי וניל ל.ג300ג,קופרנט פיינבק ג'י אם בי,DE,עוגיות וניל,גרמים,300.00,100 גרם,false,1,13.90,4.63,true,1,
7296073243731,false,ריבת חלב שופרסל 400 גרם,מיה,IL,ריבת חלב שופרסל,גרמים,400.00,100 גרם,false,1,9.90,2.48,true,1,
7296073243830,false,זרעי צ'יה אורגני גרין300,אלקיומיאה,AR,זרעי צ'יה אורגני,גרמים,300.00,100 גרם,false,1,18.90,6.30,true,1,
7296073243854,false,כוסות שתייה מעוטרות זהב,.,IL,50כוסות שתייה,יחידה,1.00,יחידה,false,1,9.90,9.90,true,1,
7296073243991,false,מסטיק ספירמינט 29 גרם,פריי )שוקולד(,CH,מסטיק ספירמינט,גרמים,29.00,100 גרם,false,1,3.90,13.45,true,1,
7296073244004,false,מסטיק פירות מרענן 29 גרם,פריי )שוקולד(,CH,מסטיק פירות,גרמים,29.00,100 גרם,false,1,3.90,13.45,true,1,
7296073244097,false,רוגעלך בטעם שוקולד 500גר,גידרון,IL,רוגעלך שוקולד,גרמים,500.00,100 גרם,false,1,12.50,2.50,true,1,
7296073244158,false,תירס אורגני ל.ס.גרין340ג,הורטיקולה אל אלבאסטה,ES,גרעיני תירס,גרמים,340.00,100 גרם,false,1,7.90,2.32,true,1,
7296073244226,false,100צלח.אמריקאית גדול לבן,.,IL,צלחת גדולה,יחידה,1.00,יחידה,false,1,29.90,29.90,true,1,
7296073244240,false,100צלחת מרק אמריקאית לבן,.,IL,צלחת מרק,יחידה,1.00,יחידה,false,1,19.90,19.90,true,1,
7296073244769,false,"סוכר חום דמררה צנצ. 1ק""ג","סוגת תעשיות בע""\מ",IL,סוכר חום דמררה,קילוגרמים,1.00,"ק""ג",false,1,9.90,9.90,true,1,
7296073244806,false,ביצי חופש אורגנS 18 גרין,חוות גבעות עולם,IL,ביצי חופש,יחידה,1.00,יחידה,false,1,21.90,21.90,true,1,
7296073245322,false,סרדינים בשמן צמחי חריף,SOCIETE DANSA,MA,סרדינים בשמן,גרמים,125.00,100 גרם,false,1,5.30,4.24,true,1,
7296073245391,false,שימורי חומוס בצנצנת570ג,לגומברס פנלאס,ES,שימורי חומוס,גרמים,570.00,100 גרם,false,1,8.90,1.56,true,1,
7296073245414,false,שעועית לבנה בצנצנת570ג,לגומברס פנלאס,ES,שעועית לבנה,גרמים,570.00,100 גרם,false,1,8.90,1.56,true,1,
7296073245421,false,שעועית אדומה בצנצנת570ג,לגומברס פנלאס,ES,שעועית אדומה,גרמים,570.00,100 גרם,false,1,8.90,1.56,true,1,
7296073245438,false,שעועית ענקית בצנצנת570ג,לגומברס פנלאס,ES,שעועית ענקית,גרמים,570.00,100 גרם,false,1,8.90,1.56,true,1,
7296073245452,false,מסטיק פפרמינט 64 גרם,פריי )שוקולד(,CH,מסטיק פפרמינט,גרמים,64.00,100 גרם,false,1,8.90,13.91,true,1,
7296073245469,false,מסטיק ספירמינט 64 גרם,פריי )שוקולד(,CH,מסטיק ספירמינט,גרמים,64.00,100 גרם,false,1,8.90,13.91,true,1,
7296073245476,false,מסטיק פירות מרענן 64 גרם,פריי )שוקולד(,CH,מסטיק פירות,גרמים,64.00,100 גרם,false,1,8.90,13.91,true,1,
7296073245490,false,מגבונים לניקוי כללי בדלי,דינמיק,IL,מגבונים בדלי,יחידה,1.00,יחידה,false,1,19.90,19.90,true,1,
7296073246015,false,כפפות ויניל ללא אבקה S,אינטרסן,CN,כפפות ויניל,יחידה,1.00,יחידה,false,1,18.90,18.90,true,1,
7296073246022,false,כפפות ויניל ללא אבקה M,אינטרסן,CN,כפפות ויניל,יחידה,1.00,יחידה,false,1,18.90,18.90,true,1,
7296073246039,false,כפפות ויניל ללא אבקה L,אינטרסן,CN,כפפות ויניל,יחידה,1.00,יחידה,false,1,18.90,18.90,true,1,
7296073246053,false,כרובית קפואה 800 גרם,פרי גליל,IL,כרובית קפואה,גרמים,800.00,100 גרם,false,1,19.90,2.49,true,1,
7296073246060,false,פולי סויה בקליפה 450 גרם,שופרסל,IL,פולי סויה,גרמים,450.00,100 גרם,false,1,11.90,2.64,true,1,
7296073246077,false,פולי סויה קלופים 450 גרם,שופרסל,IL,פולי סויה קלופים,גרמים,450.00,100 גרם,false,1,12.90,2.87,true,1,
7296073246084,false,פולי סויה בקליפה 1 קג,שופרסל,IL,פולי סויה 1קג,גרמים,1000.00,100 גרם,false,1,19.70,1.97,true,1,
7296073246367,false,תות שדה קפוא 300 גרם,.,IL,תות שדה קפוא,גרמים,300.00,100 גרם,false,12,16.90,5.63,true,1,
7296073246633,false,פרוסות אננס בסירופ קל227,CANNING FRUIT KUIBURI,TH,פרוסות אננס,גרמים,227.00,100 גרם,false,1,3.90,1.72,true,1,
7296073246640,false,חתיכות אננס בסירופ קל227,CANNING FRUIT KUIBURI,TH,חתיכות אננס,גרמים,227.00,100 גרם,false,1,3.70,1.63,true,1,
7296073246916,false,שמן קוקוס אורגני גרין1ל,נמק אגרו אינדוסט,LK,שמן קוקוס,ליטרים,1.00,ליטר,false,1,67.90,67.90,true,1,
7296073247500,false,רביולי גבינה 300 גרם,פסטה נונה,IL,רביולי גבינה,גרמים,300.00,100 גרם,false,1,12.90,4.30,true,1,
7296073247517,false,רביולי בטטה 300 גרם,פסטה נונה,IL,רביולי בטטה,גרמים,300.00,100 גרם,false,1,12.90,4.30,true,1,
7296073247524,false,רביולי גבינה ופטריות300ג,פסטה נונה,IL,רביולי גבינה,גרמים,300.00,100 גרם,false,1,12.90,4.30,true,1,
7296073247951,false,קפסולות וניל שופרסל 50גר,רוני רג'ואן ושות,IL,קפסולות וניל,גרמים,50.00,100 גרם,false,1,14.90,29.80,true,1,
7296073248477,false,55 צימרוני שסתום לתינוק,LTD CO S.T.O,CN,צימרוני שסתום,יחידה,1.00,יחידה,false,1,4.90,4.90,true,1,
7296073252245,false,עוג.דגנים פירות יער40*4ג,"קסטלין בע""מ",HR,עוגיות דגנים,גרמים,160.00,100 גרם,false,1,9.90,6.19,true,1,
7296073252252,false,עוג.דגנים צימוק.תפוז40*4,"קסטלין בע""מ",HR,עוגיות דגנים,גרמים,160.00,100 גרם,false,1,9.90,6.19,true,1,
7296073252269,false,עוג.דגנים שוק.מריר40*4ג,"קסטלין בע""מ",HR,עוגיות דגנים,גרמים,160.00,100 גרם,false,1,9.90,6.19,true,1,
7296073253952,false,צימוקים אורגני גרין250גר,נימיקיס,TR,צימוקים אורגני,גרמים,250.00,100 גרם,false,1,11.90,4.76,true,1,
7296073253969,false,משמש אורגני גרין 250 גרם,נימיקיס,TR,משמש אורגני גרין,גרמים,250.00,100 גרם,false,1,18.90,7.56,true,1,
7296073253976,false,תאנים אורגני גרין 250 גר,נימיקיס,TR,תאנים אורגני,גרמים,250.00,100 גרם,false,1,14.90,5.96,true,1,
7296073253983,false,גוג'י ברי גרין 100 גרם,נוטרה זן,IL,גוג'י ברי גרין,גרמים,100.00,100 גרם,false,1,14.90,14.90,true,1,
7296073254003,false,6חט.אורז ציפוי שוק.גרין,מולינו ניקולי,IT,חטיפי אורז,גרמים,150.00,100 גרם,false,1,18.90,12.60,true,1,
7296073254096,false,טונה במי מלח 160*4 גרם,אסיאן אליאנס,VN,טונה במי מלח 4יח,גרמים,640.00,100 גרם,false,1,19.90,3.11,true,1,
7296073254102,false,טונה בשמן סויה 160*4 גרם,אסיאן אליאנס,VN,טונה בשמן 4 יח,גרמים,640.00,100 גרם,false,1,19.90,3.11,true,1,
7296073254133,false,"שמן זית פרימיום 750 מ""ל",אליעד בית בד בגולן,IL,שמן זית פרימיום,מיליליטרים,750.00,"100 מ""ל",false,1,35.90,4.79,true,1,
7296073254164,false,דג.בוקר נוגט גרין ל.ג375,נייס פוד,IT,דגני בוקר נוגט,גרמים,375.00,100 גרם,false,1,19.90,5.31,true,1,
7296073254256,false,ערמונים אורגניים גרין100,CO FOODS LIYUAN HEBEI,CN,ערמונים אורגניים,גרמים,100.00,100 גרם,false,1,7.90,7.90,true,1,
7296073254263,false,מיני פיצה מרגריטה 6יח,שופרסל,IT,פיצות אישיות,גרמים,480.00,100 גרם,false,1,19.90,4.15,true,1,
7296073254270,false,"אל סבון ירוק 3 500* מ""ל",שופרסל,IL,אל סבון נוזלי,מיליליטרים,1500.00,"100 מ""ל",false,1,12.90,0.86,true,1,
7296073254287,false,"אל סבון כחול 3 500* מ""ל",שופרסל,IL,אל סבון נוזלי,מיליליטרים,1500.00,"100 מ""ל",false,1,12.90,0.86,true,1,
7296073254294,false,סבון נוזלי סגול 3 500* מ,שופרסל,IL,אל סבון נוזלי,מיליליטרים,1500.00,"100 מ""ל",false,1,12.90,0.86,true,1,
7296073254522,false,אל סבון יסמין שופרסל 1 ל,אס קפקס קימיה,IL,אל סבון שופרסל,ליטרים,1.00,ליטר,false,1,9.90,9.90,true,1,
7296073255468,false,"קרם קוקוס 400 מ""ל",LNDUSTRY AGRO ASIATIC,TH,קרם קוקוס,גרמים,400.00,100 גרם,false,1,6.90,1.73,true,1,
7296073255475,false,"מי קוקוס 400 מ""ל",LNDUSTRY AGRO ASIATIC,TH,מי קוקוס,מיליליטרים,400.00,"100 מ""ל",false,1,5.90,1.48,true,1,
7296073255499,false,אל סבון לבנדר שופרסל 1 ל,אס קפקס קימיה,IL,אל סבון שופרסל,ליטרים,1.00,ליטר,false,1,9.90,9.90,true,1,
7296073255758,false,חטיף דגנ.שוקולד+עוג23*6ג,סנאק אנד בק,AT,חטיף דגנים,גרמים,138.00,100 גרם,false,1,9.90,7.17,true,1,
7296073258902,false,קפסולות נ.קופאין ירוק50ג,רוני רג'ואן ושות,IL,קפסולות קפה,גרמים,50.00,100 גרם,false,1,14.90,29.80,true,1,
7296073259015,false,צלחת ענק קנה סוכר טבעי25,.,IL,צלחות קנה סוכר,יחידה,1.00,יחידה,false,1,19.90,19.90,true,1,
7296073259022,false,צלחת קטנה ק.סוכר טבעי 25,.,CN,צלחות קנה סוכר,יחידה,1.00,יחידה,false,1,9.90,9.90,true,1,
7296073260332,false,מברשת הפלא להתרת קשרים *,שופרסל,IL,מברשת שיער,יחידה,1.00,יחידה,false,1,34.90,34.90,true,1,
7296073260530,false,פטריות חתוכות קפואות 450,.,IL,פטריות חתוכות,גרמים,450.00,100 גרם,false,1,12.90,2.87,true,1,
7296073260547,false,פטריות שלמות קפוא 450 גר,.,IL,פטריות שלמות,גרמים,450.00,100 גרם,false,1,12.90,2.87,true,1,
7296073261155,false,קסמי אוזניים פלסטיק400יח,PRODUC UES DAILY JIEYANG,CN,קסמי אוזניים,יחידה,1.00,יחידה,false,1,10.90,10.90,true,1,
7296073261162,false,300 קסמי אוזניים פלסטיק,PRODUC UES DAILY JIEYANG,CN,קסמי אוזניים,יחידה,1.00,יחידה,false,1,8.50,8.50,true,1,
7296073261179,false,200 קסמי אוזניים פלסטיק,PRODUC UES DAILY JIEYANG,CN,קסמי אוזניים,יחידה,1.00,יחידה,false,1,6.50,6.50,true,1,
7296073261384,false,"אל סבון מעורב 500*3 מ""ל",טאהא קימיה,IL,אל סבון נוזלי,מיליליטרים,1500.00,"100 מ""ל",false,1,12.90,0.86,true,1,
7296073261612,false,מברשת חשמלית ניקוי עור,מרי יונגקאנג,CN,מברשת חשמלית,יחידה,1.00,יחידה,false,1,49.90,49.90,true,1,
7296073261650,false,100צלח.אמריקאית ענק לבן,.,IL,צלחת ענקית,יחידה,1.00,יחידה,false,1,39.90,39.90,true,1,
7296073262008,false,עוגות אישיות קרם שוקו350,קסליני,IT,עוגות אישיות,גרמים,350.00,100 גרם,false,1,13.90,3.97,true,1,
7296073262015,false,עוגות אישיות קרם חלב350ג,קסליני,IT,עוגות אישיות,גרמים,350.00,100 גרם,false,1,13.90,3.97,true,1,
7296073262152,false,גרעיני תירס מתוק 340גרם,סזאטמרי קונזרוגיאר,HU,גרעיני תירס מתוק,גרמים,340.00,100 גרם,false,1,5.00,1.47,true,1,
7296073262831,false,דבש עם מזון מלכות 350ג,מכוורת עמק חפר,IL,דבש + מזון מלכות,גרמים,350.00,100 גרם,false,1,29.90,8.54,true,1,
7296073262909,false,תרסיס שמן קנול.ללא גז150,S.L AEROLS FOOD,ES,תרסיס שמן קנולה,מיליליטרים,150.00,"100 מ""ל",false,1,11.90,7.93,true,1,
7296073262916,false,תרסיס שמן זית כתית 150מל,S.L AEROLS FOOD,ES,תרסיס שמן זית,מיליליטרים,150.00,"100 מ""ל",false,1,11.90,7.93,true,1,
7296073262923,false,תרסיס שמן קנולה ט.חמא150,S.L AEROLS FOOD,ES,תרסיס שמן,מיליליטרים,150.00,"100 מ""ל",false,1,11.90,7.93,true,1,
7296073262930,false,פסטה קלמרטה 400 גרם,שופרסל,IT,פסטה קלמרטה,גרמים,400.00,100 גרם,false,1,6.90,1.73,true,1,
7296073262947,false,פסטה קזרצ'ה 400 גרם,שופרסל,IT,פסטה קזרצ'ה,גרמים,400.00,100 גרם,false,1,6.90,1.73,true,1,
7296073262954,false,פסטה מאפלדה 400 גרם,שופרסל,IT,פסטה מאפלדה,גרמים,400.00,100 גרם,false,1,6.90,1.73,true,1,
7296073262978,false,גרנולה טריפל אגוזים 400ג,בריגן קי ג'י,DE,גרנולה פרימיום,גרמים,400.00,100 גרם,false,1,17.90,4.48,true,1,
7296073262985,false,גרנולה טריפל שוקולד 400ג,בריגן קי ג'י,DE,גרנולה פרימיום,גרמים,400.00,100 גרם,false,1,17.90,4.48,true,1,
7296073262992,false,סירופ מייפל פרימיום250מל,.,CA,סירופ מייפל 100%,מיליליטרים,250.00,"100 מ""ל",false,1,29.90,11.96,true,1,
7296073263166,false,מרכך בייבי מרוכז 1ל,גליל כימיקלים,IL,מרכך בייבי מרוכז,ליטרים,1.00,ליטר,false,1,14.90,14.90,true,1,
7296073263173,false,אבקת כביסה בייבי 2.5 קג,גליל כימיקלים,IL,אבקת כביסה בייבי,קילוגרמים,2.50,"ק""ג",false,1,17.90,7.16,true,1,
7296073263425,false,מרק אפונה מצונן 550 גרם,"סי.אי.פי מבוא חורון בע""מ",IL,מרק אפונה מצונן,גרמים,550.00,100 גרם,false,1,10.90,1.98,true,1,
7296073263449,false,מרק עדשים מצונן 550 גרם,"סי.אי.פי מבוא חורון בע""מ",IL,מרק עדשים מצונן,גרמים,550.00,100 גרם,false,1,10.90,1.98,true,1,
7296073263470,false,אוש פלאו 550 גרם,סי.אי.פי מבוא חורון,IL,אוש פלאו,גרמים,550.00,100 גרם,false,1,15.90,2.89,true,1,
7296073263500,false,קוסקוס עם ירקות 650גרם,סי.אי.פי מבוא חורון,IL,קוסקוס עם ירקות,גרמים,650.00,100 גרם,false,1,15.90,2.45,true,1,
7296073263517,false,שקיות אוכל שופרסל 150*2,WEIFANG,CN,שקיות אוכל זוג,יחידה,1.00,יחידה,false,1,9.90,9.90,true,1,
7296073263814,false,ממרח שוקולד אורג.גרין350,S.R.L NUTKAO,IT,ממרח שוקולד,גרמים,350.00,100 גרם,false,1,18.90,5.40,true,1,
7296073263845,false,קינואה שופרסל 500 גרם,הנמל,PE,קינואה שופרסל,גרמים,500.00,100 גרם,false,1,11.90,2.38,true,1,
7296073263883,false,עוג.שקדים תפוז מצופה100ג,מידור,CH,עוגיות פרימיום,גרמים,100.00,100 גרם,false,1,12.50,12.50,true,1,
7296073263913,false,ליצ'י שלם בסירופ קל 567ג,זאנגזו גאנגצ'נג,CN,לפתן ליצ'י,גרמים,567.00,100 גרם,false,1,6.90,1.22,true,1,
7296073265184,false,שקיות אשפה ריחניות 40 יח,גליל כימיקלים,IL,שקיות אשפה,יחידה,1.00,יחידה,false,1,19.90,19.90,true,1,
7296073265283,false,מש.סויה מועשר וניל גרין1,מחלבת רמת-הגולן,IL,משקה סויה וניל,ליטרים,1.00,ליטר,false,1,8.50,8.50,true,1,
7296073265344,false,חלב נטול לקטוז3%גרין 1ל,מחלבת רמת-הגולן,IL,חלב נטול לקטוז,ליטרים,1.00,ליטר,false,1,8.50,8.50,true,1,
7296073265368,false,פסטה פנה ללא גלוטן 400גר,SPA MENNUCCI PASTIFICI,IT,פנה ללא גלוטן,גרמים,400.00,100 גרם,false,1,9.90,2.48,true,1,
7296073265375,false,פוזילי ללא גלוטן גרין400,SPA MENNUCCI PASTIFICI,IT,פוזילי ללא גלוטן,גרמים,400.00,100 גרם,false,1,9.90,2.48,true,1,
7296073265399,false,רוטב לשקשוקה 400ג,סלטי שמיר,IL,רוטב לשקשוקה,גרמים,400.00,100 גרם,false,1,9.90,2.48,true,1,
7296073265405,false,חומוס צ'וקה 400 גרם,סלטי שמיר,IL,חומוס צ'וקה,גרמים,400.00,100 גרם,false,1,9.90,2.48,true,1,
7296073265436,false,"ט'ירשי ד""ר שקשוקה 250גרם",סלטי שמיר,IL,"טירשי ד""ר שקשוקה",גרמים,250.00,100 גרם,false,1,9.90,3.96,true,1,
7296073265450,false,"מאקרונה בסאלסה ד""ר שק400",סלטי שמיר,IL,מאקרונה בסאלסה,גרמים,400.00,100 גרם,false,1,9.90,2.48,true,1,
7296073265467,false,"סלט גמבינו ד""ר שקשוק250",סלטי שמיר,IL,סלט גמבינו,גרמים,250.00,100 גרם,false,1,9.90,3.96,true,1,
7296073265481,false,עוגת דבש ללא גלוטן400גרם,מאפ גדרון,IL,עוגת מאפין דבש,גרמים,400.00,100 גרם,false,1,16.50,4.13,true,1,
7296073265504,false,חט.תירס צהוב ל.ג גרין120,S.R.L PATA,IT,חטיף תירס,גרמים,120.00,100 גרם,false,1,6.90,5.75,true,1,
7296073265641,false,סוכ.גומי דובים שופרסל100,טרולי,ES,סוכריות גומי,גרמים,100.00,100 גרם,false,1,4.90,4.90,true,1,
7296073265795,false,קמח פרימיום שופרסל 750גר,מ.ק. מולינס דה קלינבטינג,LU,קמח פרימיום,גרמים,750.00,100 גרם,false,1,7.90,1.05,true,1,
7296073266112,false,מפות שולחן עבות מניילון,.,IL,מפות שולחן 8 יח,יחידה,1.00,יחידה,false,1,9.90,9.90,true,1,
7296073266129,false,מפות שולחן עבות מניילון,.,IL,מפות שולחן 6 יח,יחידה,1.00,יחידה,false,1,9.90,9.90,true,1,
7296073266228,false,טחינה גולמית 500 גרם,אחדות,IL,טחינה גולמית,גרמים,500.00,100 גרם,false,1,10.00,2.00,true,1,
7296073266235,false,"טחינה גולמית 1 ק""ג",אחדות,IL,טחינה גולמית,קילוגרמים,1.00,"ק""ג",false,1,24.70,24.70,true,1,
7296073266242,false,טחינה שומשום מלא 500 גרם,אחדות,IL,טחינה שומשום מלא,גרמים,500.00,100 גרם,false,1,10.00,2.00,true,1,
7296073266259,false,טחינה מתובלת 500 גרם,אחדות,IL,טחינה מתובלת,גרמים,500.00,100 גרם,false,1,10.00,2.00,true,1,
7296073266266,false,קוקטייל בסירופ קל 113*4ג,FOODS HUIXANG JIANGSU,CN,קיקטייל פירות,גרמים,452.00,100 גרם,false,1,9.90,2.19,true,1,
7296073266273,false,חתיכות אננס בסירופ113*4,FOODS HUIXANG JIANGSU,CN,חתיכות אננס,גרמים,452.00,100 גרם,false,1,9.90,2.19,true,1,
7296073266280,false,אפרסק בג'לי תות113*4ג,FOODS HUIXANG JIANGSU,CN,אפרסק בג'לי תות,גרמים,452.00,100 גרם,false,1,9.90,2.19,true,1,
7296073266297,false,קוקטייל בג'לי דובדב113*4,FOODS HUIXANG JIANGSU,CN,מיקס פירות,גרמים,452.00,100 גרם,false,1,9.90,2.19,true,1,
7296073266303,false,"מחית תפו""ע ללא סוכר113*4",FOODS HUIXANG JIANGSU,CN,מחית תפוח עץ,גרמים,452.00,100 גרם,false,1,9.90,2.19,true,1,
7296073266310,false,"רסק תפו""ע ללת""ס 113*4 גר",FOODS HUIZIANG JIANGSU,CN,"רסק תפו""ע 4 יח",גרמים,452.00,100 גרם,false,1,11.90,2.63,true,1,
7296073266532,false,סוכריות גומי נשיקות250גר,טרולי,ES,סוכריות גומי,גרמים,250.00,100 גרם,false,1,8.90,3.56,true,1,
7296073266709,false,רוט.סויה ל.גלוטן גרין300,DEVELOPMENT YI LIAN,CN,רוטב סויה,מיליליטרים,300.00,"100 מ""ל",false,1,11.90,3.97,true,1,
7296073266754,false,סכין גילוח 6להבים+מחסנית,פרסונה ישראל,CN,סכין גילוח 6 להב,יחידה,1.00,יחידה,false,1,29.90,29.90,true,1,
7296073266792,false,מרק ירקות דל קלוריות550ג,"סי.אי.פי מבוא חורון בע""מ",IL,מרק מצונן,גרמים,550.00,100 גרם,false,1,10.90,1.98,true,1,
7296073266969,false,חט.תירס ל.ג לבן גרין30*5,S.R.L PATA,IT,חטיף תירס 5 יח,גרמים,150.00,100 גרם,false,1,13.90,9.27,true,1,
7296073266976,false,חטיף בוטנים ללא גלוטן80ג,סנקי,IL,חטיף בוטנים,גרמים,80.00,100 גרם,false,1,4.00,5.00,true,1,
7296073266983,false,חטיף בוטנים ללא גלוטן25ג,סנקי,IL,חטיף בוטנים,גרמים,25.00,100 גרם,false,1,2.20,8.80,true,1,
7296073267065,false,"מסיר שומנים 750 מ""ל",קומפלקס כימיקלים,IL,מסיר שומנים,מיליליטרים,750.00,"100 מ""ל",false,1,9.90,1.32,true,1,
7296073267096,false,"תבנית עגולה+מכסים ח""פ 10",.,IL,תבניות,יחידה,1.00,יחידה,false,1,7.90,7.90,true,1,
7296073267188,false,צמר גפן רפואי 100 גרם,SANAVI A.P,TR,צמר גפן רפואי,גרמים,100.00,100 גרם,false,1,5.00,5.00,true,1,
7296073267195,false,צמר גפן רפואי שופרס100*2,SANAVI A.P,TR,זוג צמר גפן,גרמים,200.00,100 גרם,false,1,10.00,5.00,true,1,
7296073267355,false,ממת.בסיס סטיביה שופר100ג,"ביסקול בע""מ",IL,ממתיק סטיביה,גרמים,100.00,100 גרם,false,1,24.90,24.90,true,1,
7296073270157,false,לקט הכפר 400גרם,"פרסקו חצבה 2006 בע""\מ",IL,לקט הכפר,גרמים,400.00,100 גרם,false,1,9.90,2.48,true,1,
7296073270201,false,מטען אייפון 5-6-7 לבית,פוג'יקום,CN,מטען אייפון,יחידה,1.00,יחידה,false,1,94.90,94.90,true,1,
7296073270287,false,תבניות אלומיניום מלבניות,.,IL,תבנית אינגליש,יחידה,1.00,יחידה,false,1,12.90,12.90,true,1,
7296073270294,false,תבניות אלומיניום מלבניות,.,IL,תבנית גדולה,יחידה,1.00,יחידה,false,1,12.90,12.90,true,1,
7296073270300,false,תבניות אלומיניום קטנות15,.,IL,תבנית קטנה,יחידה,1.00,יחידה,false,1,12.90,12.90,true,1,
7296073270317,false,תבניות אלומיניום עגולות,.,IL,תבנית עגולה,יחידה,1.00,יחידה,false,1,12.90,12.90,true,1,
7296073270324,false,תבנית אלומיניום גדולה 7י,.,IL,תבנית מלבנית,יחידה,1.00,יחידה,false,1,12.90,12.90,true,1,
7296073270331,false,תבנית אלומיניום ענקית 5י,.,IL,תבנית ענקיות,יחידה,1.00,יחידה,false,1,12.90,12.90,true,1,
7296073270348,false,תבנית אלומיניום קטנה 10י,.,IL,תבנית קטנה,יחידה,1.00,יחידה,false,1,12.90,12.90,true,1,
7296073270355,false,מכסה לתבנית גדולה מוארכת,.,IL,מכסים לתבניות,יחידה,1.00,יחידה,false,1,7.90,7.90,true,1,
7296073270379,false,מכסה לתבנית קטנה 20 יחיד,.,IL,מכסים לתבניות,יחידה,1.00,יחידה,false,1,7.90,7.90,true,1,
7296073270409,false,"גביע 500 מ""ל 15יחידות",.,CN,"גביע 500מ""ל",יחידה,1.00,יחידה,false,1,9.90,9.90,true,1,
7296073270423,false,מיכל 1 ליטר 5 יחידות,.,CN,מיכל 1 ליטר,יחידה,1.00,יחידה,false,1,9.90,9.90,true,1,
7296073270430,false,מיכל 2 ליטר 4יחידות,.,CN,מיכל 2 ליטר,יחידה,1.00,יחידה,false,1,9.90,9.90,true,1,
7296073270522,false,"40כוס אלגנט 270מ""ל לבן",.,CN,כוס אלגנט,יחידה,1.00,יחידה,false,1,7.90,7.90,true,1,
7296073270546,false,"כוס אלגנט 270מ""ל קרם 40",.,CN,כוס אלגנט,יחידה,1.00,יחידה,false,1,7.90,7.90,true,1,
7296073270737,false,"צלחת ""9 מעוטרת 50 יח",.,IL,צלחת מעוטרת,יחידה,1.00,יחידה,false,1,19.90,19.90,true,1,
7296073270744,false,"צלחת ""7 מעוטרת 50 יח",.,CN,צלחת מעוטרת,יחידה,1.00,יחידה,false,1,14.90,14.90,true,1,
7296073270973,false,לחם אחיד פרוס שופרסל 750,דגנית עין בר,IL,לחם אחיד פרוס,גרמים,750.00,100 גרם,false,1,5.90,0.79,true,1,
7296073270980,false,"ופל בטעם לימון ללת""ס200ג",מנעמים,IL,וופל בטעם לימון,גרמים,200.00,100 גרם,false,1,6.90,3.45,true,1,
7296073271413,false,שוק.מריר שקדים ואוכמנ100,פריי )שוקולד(,CH,שוקולד מריר,גרמים,100.00,100 גרם,false,1,9.90,9.90,true,1,
7296073271420,false,שוק.מריר תאנים+אגוז מלך,פריי )שוקולד(,CH,שוקולד מריר,גרמים,100.00,100 גרם,false,1,9.90,9.90,true,1,
7296073271499,false,סט 4 תבניות אפיה לב 2*23,.,IL,תבניות,יחידה,1.00,יחידה,false,1,9.90,9.90,true,1,
7296073271505,false,סט 5 תבניות אפיה עגול 22,.,IL,תבניות,יחידה,1.00,יחידה,false,1,9.90,9.90,true,1,
7296073271574,false,ממרח זיתים שחורים 190גרם,SPA POLLI F.LLI,IT,ממרח זיתים,גרמים,190.00,100 גרם,false,1,10.90,5.74,true,1,
7296073271581,false,ממרח פסטו ירוק שופרסל190,SPA POLLI F.LLI,IT,ממרח פסטו,גרמים,190.00,100 גרם,false,1,10.90,5.74,true,1,
7296073271628,false,סב.נוזלי קוביה ירקרק500,שופרסל,IL,סבון נוזלי,מיליליטרים,500.00,"100 מ""ל",false,1,9.90,1.98,true,1,
7296073271642,false,סב.נוזלי קוביה שמנת500,שופרסל,IL,סבון נוזלי,מיליליטרים,500.00,"100 מ""ל",false,1,9.90,1.98,true,1,
7296073272236,false,קפסולות בטעם קרמל 50 גרם,רוני רג'ואן ושות,IL,קפסולות קרמל,גרמים,50.00,100 גרם,false,1,14.90,29.80,true,1,
7296073272441,false,רוטב אלף האיים שופרסל450,מיטב,IL,רוטב אלף האיים,מיליליטרים,450.00,"100 מ""ל",false,1,11.90,2.64,true,1,
7296073272458,false,רוטב אלף האיים לייט450מל,מיטב,IL,רוטב אלף האיים,מיליליטרים,450.00,"100 מ""ל",false,1,11.90,2.64,true,1,
7296073272465,false,"רוטב שום שופרסל 450 מ""ל",מיטב,IL,רוטב שום שופרסל,מיליליטרים,450.00,"100 מ""ל",false,1,11.90,2.64,true,1,
7296073272489,false,רוטב ויניגרט שופרסל450מל,מיטב,IL,רוטב ויניגרט,מיליליטרים,450.00,"100 מ""ל",false,1,11.90,2.64,true,1,
7296073272496,false,נייר טואלט דו שכבתי32גל,שניב תעשיות נייר,IL,נייר טואלט 32גל,מטרים,573.00,100 מטר,false,1,25.90,4.52,true,1,
7296073272557,false,סילאן טבעי שופרסל 900גרם,חצר כנרת מוצרי תמר,IL,סילאן טבעי,גרמים,900.00,100 גרם,false,1,21.90,2.43,true,1,
7296073272588,false,מיני קרוטונים שופרסל400ג,חטיפים מן הטבע,IL,מיני קרוטונים,גרמים,400.00,100 גרם,false,1,15.90,3.98,true,1,
7296073272878,false,כוסות שתיה קרה צבעוני 25,.,CN,כוס פט צבעוני,יחידה,1.00,יחידה,false,1,14.90,14.90,true,1,
7296073272885,false,כוס צבעונית יוקרתית 20יח,.,CN,כוס צבעוני,יחידה,1.00,יחידה,false,1,12.90,12.90,true,1,
7296073272922,false,טונה בשמן קנולה160*4ג,אסיאן אליאנס,VN,טונה קנולה 4 יח,גרמים,640.00,100 גרם,false,1,21.90,3.42,true,1,
7296073273196,false,קציצות ברוטב עגבניות620ג,סי.אי.פי מבוא חורון,IL,קציצות ברוטב,גרמים,620.00,100 גרם,false,1,26.90,4.34,true,1,
7296073273219,false,ספגטי בלונז שופרסל 520 ג,סי.אי.פי מבוא חורון,IL,ספגטי בלונז,גרמים,520.00,100 גרם,false,1,26.90,5.17,true,1,
7296073273387,false,גבינת גאודה 30.4%שופר200,ROUVEEN,NL,גבינת גאודה,גרמים,200.00,100 גרם,false,1,17.90,8.95,true,1,
7296073273394,false,גבינת פסטו ירוק שופר200ג,ROUVEEN,NL,גבינת פסטו,גרמים,200.00,100 גרם,false,1,19.90,9.95,true,1,
7296073273400,false,גבינת פסטו אדום שופר200ג,ROUVEEN,NL,גבינת פסטו,גרמים,200.00,100 גרם,false,1,19.90,9.95,true,1,
7296073273431,false,גב.גאודה זיתים+עגבנ200.ג,ROUVEEN,NL,גבינת גאודה,גרמים,200.00,100 גרם,false,1,19.90,9.95,true,1,
7296073273622,false,קרם קוקוס אורגני גרין400,קונסולידת ביזניס סיסטם,LK,קרם קוקוס אורגני,מיליליטרים,400.00,"100 מ""ל",false,1,8.90,2.23,true,1,
7296073273684,false,"עוג.שוקו ציפס ללת""ס200גר",FEINGEBACK COPPENRATH,DE,עוגיות שוקו ציפס,גרמים,200.00,100 גרם,false,1,11.90,5.95,true,1,
7296073273691,false,"עוג.אגוזי לוז ללת""ס200גר",FEINGEBACK COPPENRATH,DE,עוגיות אגוזי לוז,גרמים,200.00,100 גרם,false,1,11.90,5.95,true,1,
7296073273707,false,"עוגיות חמאה ללת""ס 200 גר",FEINGEBACK COPPENRATH,DE,"עוגיות ללת""ס",גרמים,200.00,100 גרם,false,1,11.90,5.95,true,1,
7296073273851,false,סט 2 מפות אל בד מודפס270,.,CN,מפות אל בד,יחידה,1.00,יחידה,false,1,12.90,12.90,true,1,
7296073273929,false,צלחת מרק זהב 25 יחידות,.,IL,צלחת זהב,יחידה,1.00,יחידה,false,1,7.90,7.90,true,1,
7296073274254,false,גבינה צהובה 28% 400 גרם,MEKOVITA,PL,גבינה צהובה 28%,גרמים,400.00,100 גרם,false,1,16.50,4.13,true,1,
7296073274414,false,קולה שופרסל 1.5 ליטר,אולקר,TR,קולה שופרסל,ליטרים,1.50,ליטר,false,1,4.30,2.87,true,1,
7296073274421,false,קולה דיאט שופרסל 1.5ליטר,אולקר,TR,קולה דיאט שופרסל,ליטרים,1.50,ליטר,false,1,4.30,2.87,true,1,
7296073274438,false,קולה שופרסל 1.5*4 ליטר,אולקר,TR,קולה שופרסל 4 יח,ליטרים,6.00,ליטר,false,1,14.90,2.48,true,1,
7296073274445,false,קולה דיאט שופרסל 1.5*4 ל,אולקר,TR,קולה דיאט שופרסל,ליטרים,6.00,ליטר,false,1,14.90,2.48,true,1,
7296073275046,false,עלי גפן ממולאים אורז400ג,הזה אמבה פודס,CN,עלי גפן שופרסל,גרמים,400.00,100 גרם,false,1,7.50,1.88,true,1,
7296073275114,false,גבינה גאודה פרוס שופר150,ROUVEEN,NL,גבינה גאודה,גרמים,150.00,100 גרם,false,1,14.90,9.93,true,1,
7296073275121,false,גבינת פסטו אדום פרוס150ג,ROUVEEN,NL,גבינת פסטו אדום,גרמים,150.00,100 גרם,false,1,15.90,10.60,true,1,
7296073275138,false,גבינת עיזים פרוס שופר150,ROUVEEN,NL,גבינת עיזים,גרמים,150.00,100 גרם,false,1,17.90,11.93,true,1,
7296073275145,false,גאודה זיתים+עגבניה150גרם,ROUVEEN,NL,גבינת גאודה,גרמים,150.00,100 גרם,false,1,15.90,10.60,true,1,
7296073275152,false,שלישיית רדידי אלומיניום,.,CN,רדיד אלומיניום,מטרים,22.00,מטר,false,1,13.90,0.63,true,1,
7296073276838,false,עוג.כפריות ל.ג. גרין200ג,מאפ גדרון,IL,עוגיות כפריות,גרמים,200.00,100 גרם,false,1,18.90,9.45,true,1,
7296073276852,false,עוג.שוק+שוק.ציפס גרין200,מאפ גדרון,IL,עוגיות שוקולד,גרמים,200.00,100 גרם,false,1,18.90,9.45,true,1,
7296073276869,false,עוג.שקדים ל.ג. גרין200גר,מאפ גדרון,IL,עוגיות שקדים,גרמים,200.00,100 גרם,false,1,18.90,9.45,true,1,
7296073276906,false,ספוג לניקיון מופלא יחידה,הנמל,IL,ספוגית הפלא שופר,יחידה,1.00,יחידה,false,1,6.90,6.90,true,1,
7296073277248,false,מגבונים ללא בישום 64*5יח,דינמיק,IL,מגבונים לחים 5יח,יחידה,1.00,יחידה,false,1,19.90,19.90,true,1,
7296073277255,false,מארז מגבונים לחים 6 יח,דינמיק,IL,מגבונים לחים 6יח,יחידה,1.00,יחידה,false,1,23.90,23.90,true,1,
7296073277262,false,מגבונים לחים 72 יח,שופרסל,IL,מגבונים לחים,יחידה,1.00,יחידה,false,1,4.90,4.90,true,1,
7296073277279,false,לקט להקפצה אסיאתי 500גרם,"פרסקו חצבה 2006 בע""\מ",IL,לקט להקפצה,גרמים,500.00,100 גרם,false,1,14.90,2.98,true,1,
7296073277286,false,לקט להקפצה בווק 500גרם,פרסקו,IL,לקט להקפצה,גרמים,500.00,100 גרם,false,1,14.90,2.98,true,1,
7296073277293,false,לקט ברגנדי 500גרם,פרסקו,IL,לקט ברגנדי,גרמים,500.00,100 גרם,false,1,14.90,2.98,true,1,
7296073277477,false,כפפות לטקס S 100 יחידות,LTD T.G.C,TH,כפפות לטקס S,יחידה,1.00,יחידה,false,1,17.90,17.90,true,1,
7296073277484,false,כפפות לטקס M 100 יחידות,LTD T.G.C,TH,כפפות לטקס M,יחידה,1.00,יחידה,false,1,17.90,17.90,true,1,
7296073277491,false,כפפות לטקס L 100 יחידות,LTD T.G.C,TH,כפפות לטקס L,יחידה,1.00,יחידה,false,1,17.90,17.90,true,1,
7296073277507,false,כפפות לטקס XL 100 יחידות,LTD T.G.C,TH,כפפות לטקס XL,יחידה,1.00,יחידה,false,1,17.90,17.90,true,1,
7296073277781,false,פוקאצ'ה ירקות קלוים 250,SOCICO CON S.R.L AR,IT,פוקאצ'ה ירקות קל,גרמים,250.00,100 גרם,false,1,12.90,5.16,true,1,
7296073277798,false,פוקאצ'ה עם עגבניות שרי,SOCICO CON S.R.L AR,IT,פוקאצ'ה עגבניות,גרמים,240.00,100 גרם,false,1,12.90,5.38,true,1,
7296073277804,false,פוקאצ'ה עם פטריות 240 גר,SOCICO CON S.R.L AR,IT,פוקאצ'ה פטריות,גרמים,240.00,100 גרם,false,1,12.90,5.38,true,1,
7296073280248,false,"פחית קולה שופרסל 250 מ""ל",אולקר,TR,פחית קולה שופרסל,מיליליטרים,250.00,"100 מ""ל",false,1,2.40,0.96,true,1,
7296073280255,false,פחית קולה דיאט שופרסל250,אולקר,TR,פחית קולה שופרסל,מיליליטרים,250.00,"100 מ""ל",false,1,2.40,0.96,true,1,
7296073280323,false,רביולי גבינה וכמהין 300,פסטה נונה,IL,רביולי מצונן,גרמים,300.00,100 גרם,false,1,15.90,5.30,true,1,
7296073280330,false,רביולי גבינה ופסטו 300 ג,פסטה נונה,IL,רביולי מצונן,גרמים,300.00,100 גרם,false,1,15.90,5.30,true,1,
7296073280354,false,רביולי גב.עיזים ובצל300ג,פסטה נונה,IL,רביולי מצונן,גרמים,300.00,100 גרם,false,1,15.90,5.30,true,1,
7296073281320,false,סט תבניות ענקיות,.,CN,סט תבניות,יחידה,1.00,יחידה,false,1,59.00,59.00,true,1,
7296073281658,false,"סבון קצף ורוד 400 מ""ל",שופרסל,IL,סבון קצף,מיליליטרים,400.00,"100 מ""ל",false,1,9.90,2.48,true,1,
7296073281672,false,"סבון קצף כחול 400 מ""ל",שופרסל,IL,סבון קצף,מיליליטרים,400.00,"100 מ""ל",false,1,9.90,2.48,true,1,
7296073281696,false,מגבוני טואלט לילד 40*3יח,שופרסל,IL,"מגבוני נ""ט לילד",יחידה,1.00,יחידה,false,1,9.80,9.80,true,1,
7296073281702,false,מגבוני נ.טואלט למבוגרים,דינמיק תעשיות מגבונים,IL,מגבונ.נייר טואלט,יחידה,1.00,יחידה,false,1,9.90,9.90,true,1,
7296073282563,false,אטבי כביסה איכותיים 36יח,LTD H.F.CO,CN,אטבי כביסה,יחידה,1.00,יחידה,false,1,14.90,14.90,true,1,
7296073283164,false,עוג.אישיות פירות אדומ192,מידי,IT,עוגות אישיות,גרמים,192.00,100 גרם,false,1,10.00,5.21,true,1,
7296073283188,false,עוגות אישיות ק.שוקולד192,מידי,IT,עוגות אישיות,גרמים,192.00,100 גרם,false,1,10.00,5.21,true,1,
7296073283737,false,נקניקיות הודו בקר פרימיו,זוגלובק,IL,נקניקיות הודו בק,גרמים,310.00,100 גרם,false,1,17.90,5.77,true,1,
7296073283805,false,חתיכות אננס קפוא 300גרם,d.o.o Lukowa,YU,חתיכות אננס קפוא,גרמים,300.00,100 גרם,false,1,16.90,5.63,true,1,
7296073283812,false,קוביות מנגו קפוא 300 ג,d.o.o Lukowa,YU,קוביות מנגו,גרמים,300.00,100 גרם,false,1,16.90,5.63,true,1,
7296073284963,false,"משק""ל בטעם תפוז 1.5 ליטר",גניר,IL,"משק""ל בטעם תפוז",ליטרים,1.50,ליטר,false,1,5.50,3.67,true,1,
7296073284970,false,"משק""ל בטעם אשכוליות1.5ל",גניר,IL,"משק""ל בטעם אשכול",ליטרים,1.50,ליטר,false,1,5.50,3.67,true,1,
7296073284994,false,"משק""ל בטעם תפוח 1.5 ליטר",גניר,IL,"משק""ל בטעם תפוח",ליטרים,1.50,ליטר,false,1,5.50,3.67,true,1,
7296073285007,false,"משק""ל בטעם ענבים 1.5ליטר",גניר,IL,"משק""ל בטעם ענבים",ליטרים,1.50,ליטר,false,1,5.50,3.67,true,1,
7296073285021,false,"משק""ל ט.אשכוליות דיאט1.5",גניר,IL,"משק""ל אשכוליות",ליטרים,1.50,ליטר,false,1,5.50,3.67,true,1,
7296073285267,false,מארז סכינים שקופים עבים,.,CN,סכין שקוף עבה,יחידה,1.00,יחידה,false,1,12.90,12.90,true,1,
7296073285274,false,מארז מזלגות שקופים עבים,.,CN,מזלג שקוף עבה,יחידה,1.00,יחידה,false,1,12.90,12.90,true,1,
7296073285281,false,מארז כפיות שקופות עבות,.,CN,כפית שקוף עבה,יחידה,1.00,יחידה,false,1,12.90,12.90,true,1,
7296073285298,false,מארז כפות שקופות עבות,.,CN,כף שקוף עבה,יחידה,1.00,יחידה,false,1,12.90,12.90,true,1,
7296073285427,false,שקית אשפה ריחנית לפח קטן,אשפלסט,IL,שקיות אשפה,יחידה,1.00,יחידה,false,1,11.90,11.90,true,1,
7296073285670,false,ממרח אגוז ללא שמן דקל750,SRL NUTKAO,IT,ממרח אגוזים,גרמים,750.00,100 גרם,false,1,14.90,1.99,true,1,
7296073286165,false,עוגיות בפח שופרסל 280גרם,FRITAG HANS,DE,עוגיות בפח,גרמים,280.00,100 גרם,false,1,11.90,4.25,true,1,
7296073286196,false,מיקס ופליםשופרסל400ג25%+,FRITAG HANS,DE,וופלים מיקס,גרמים,500.00,100 גרם,false,1,10.00,2.00,true,1,
7296073286349,false,שקיות אשפה חזקות L 55 יח,אשפלסט,IL,שקיות אשפה,יחידה,1.00,יחידה,false,1,19.90,19.90,true,1,
7296073286363,false,שקית ענקית לאשפה משרדית,אשפלסט,IL,שקיות אשפה HD,יחידה,1.00,יחידה,false,1,12.80,12.80,true,1,
7296073286370,false,שקיות רב שימושיות 100 יח,אשפלסט,IL,שקיות רב שימושי,יחידה,1.00,יחידה,false,1,5.50,5.50,true,1,
7296073286387,false,שקיות רב שימושיות 200 יח,אשפלסט,IL,שקיות רב שימושי,יחידה,1.00,יחידה,false,1,9.80,9.80,true,1,
7296073286394,false,שקיות אשפה חזקות L 100,אשפלסט,IL,שקיות אשפה,יחידה,1.00,יחידה,false,1,32.60,32.60,true,1,
7296073286417,false,שק.אשפה חזקות גדולות60יח,אשפלסט,IL,שקיות אשפה,יחידה,1.00,יחידה,false,1,19.80,19.80,true,1,
7296073286493,false,צמד פטריות פורטובלה ושמפ,מרינה פטריות,IL,פטריות משפחתי,יחידה,1.00,יחידה,false,1,16.90,16.90,true,1,
7296073286912,false,מטאטא צפע+מקל יחידה,המברשת רוחמה,IL,מטאטא צפע+מקל,יחידה,1.00,יחידה,false,1,14.90,14.90,true,1,
7296073286943,false,מטאטא טופ+מקל יחידה,המברשת רוחמה,IL,מטאטא טופ+מקל,יחידה,1.00,יחידה,false,1,19.90,19.90,true,1,
7296073286981,false,מטאטא באמפר+מקל יחידה,המברשת רוחמה,IL,מטאטא באמפר+מקל,יחידה,1.00,יחידה,false,1,19.90,19.90,true,1,
7296073287018,false,דלי שטיפה 12ליטר+פיה,המברשת רוחמה,IL,דלי שטיפה עם פיה,יחידה,1.00,יחידה,false,1,14.90,14.90,true,1,
7296073287025,false,מגב רצפה יותם+מקל יחידה,המברשת רוחמה,IL,מגב רצפה +מקל,יחידה,1.00,יחידה,false,1,9.90,9.90,true,1,
7296073287056,false,"מגב דיסקברי 40ס""מ+מקל יח",המברשת רוחמה,IL,מגב דיסקברי+מקל,יחידה,1.00,יחידה,false,1,19.90,19.90,true,1,
7296073287063,false,"מגב לחלונות 20 ס""מ יחידה",המברשת רוחמה,IL,מגב לחלונות,יחידה,1.00,יחידה,false,1,6.90,6.90,true,1,
7296073287094,false,מברשת לכלים יחידה,המברשת רוחמה,IL,מברשת לכלים,יחידה,1.00,יחידה,false,1,3.90,3.90,true,1,
7296073287100,false,מברשת לכלים מעוצבת יחידה,המברשת רוחמה,IL,מברשת מעוצבת,יחידה,1.00,יחידה,false,1,4.90,4.90,true,1,
7296073287117,false,מברשת מגהץ יחידה,המברשת רוחמה,IL,מברשת מגהץ,יחידה,1.00,יחידה,false,1,9.90,9.90,true,1,
7296073287124,false,מניפה לאבק,המברשת רוחמה,IL,מניפה לאבק,יחידה,1.00,יחידה,false,1,4.90,4.90,true,1,
7296073287155,false,יעה פס גומי יחידה,המברשת רוחמה,IL,יעה פס גומי,יחידה,1.00,יחידה,false,1,4.90,4.90,true,1,
7296073287216,false,"מקל מתכת 130 ס""מ יחידה",המברשת רוחמה,IL,"מקל מתכת 130 ס""מ",יחידה,1.00,יחידה,false,1,4.90,4.90,true,1,
7296073287643,false,"צלחת ""10 כסף סדרת רומא",.,CN,"צלחת ""10",יחידה,1.00,יחידה,false,1,29.00,29.00,true,1,
7296073288756,false,תירס ארוז,קטיף.,IL,תירס ארוז,קילוגרמים,0.00,"ק""ג",true,1,9.90,9.90,true,1,
7296073289173,false,שוקולד 2יח מריר+ 1יח 60%,פריי )שוקולד(,CH,שוקולד מריר 3 יח,גרמים,100.00,100 גרם,false,1,12.90,12.90,true,1,
7296073289180,false,שוקולד 2יח חלב+ 1יח אגוז,פריי )שוקולד(,CH,שוקולד 3 יחידות,גרמים,300.00,100 גרם,false,1,12.90,4.30,true,1,
7296073289746,false,50 מגבונים לניקוי כללי,דינמיק תעשיות מגבונים,IL,מגבונים לניקוי,יחידה,1.00,יחידה,false,1,8.90,8.90,true,1,
7296073290131,false,סלט בורגול 250 גרם,סי.אי.פי מבוא חורון,IL,סלט בורגול,גרמים,250.00,100 גרם,false,1,9.90,3.96,true,1,
7296073290155,false,"קינואה,עדשים+חמוציות250ג",סי.אי.פי מבוא חורון,IL,סלט קינואה,גרמים,250.00,100 גרם,false,1,9.90,3.96,true,1,
7296073290162,false,אנטיפסטי פלפלים 200 גרם,סי.אי.פי מבוא חורון,IL,אנטיפסטי פלפלים,גרמים,200.00,100 גרם,false,1,9.90,4.95,true,1,
7296073290186,false,אנטיפסטי חצילים 200 גרם,סי.אי.פי מבוא חורון,IL,אנטיפסטי חצילים,גרמים,200.00,100 גרם,false,1,9.90,4.95,true,1,
7296073290599,false,עוג.אישיות מילוי שוקו97ק,מידי,IT,עוגות אישיות,גרמים,250.00,100 גרם,false,1,10.00,4.00,true,1,
7296073290605,false,עוגות איש.קרם חלב97קל250,מידי,IT,עוגות אישיות,גרמים,250.00,100 גרם,false,1,10.00,4.00,true,1,
7296073290735,false,מברשת לשטיחים יחידה,המברשת רוחמה,IL,מברשת לשטיחים,יחידה,1.00,יחידה,false,1,14.90,14.90,true,1,
7296073290766,false,מטאטא ניל+מקל יחידה,המברשת רוחמה,IL,מטאטא ניל+מקל,יחידה,1.00,יחידה,false,1,19.90,19.90,true,1,
7296073290803,false,חציל קלוי על האש שופרסל,בלו גלו,TR,חציל קלוי,גרמים,650.00,100 גרם,false,1,10.00,1.54,true,1,
7296073290827,false,פלפלים ירוקים כבושים650ג,בלו גלו,TR,פלפלים ירוקים,גרמים,650.00,100 גרם,false,1,10.00,1.54,true,1,
7296073290926,false,אלסבון רימון שופרסל 500מ,אקסן קוזמטיק,IL,אל סבון שופרסל,מיליליטרים,500.00,"100 מ""ל",false,1,5.90,1.18,true,1,
7296073290933,false,"כוס שתייה קרה ח""פ 180מ""ל",.,CN,כוס חד פעמית,יחידה,1.00,יחידה,false,1,4.90,4.90,true,1,
7296073291008,false,פקעות טוליפים יחידה,קטיף,IL,צבעוני תערובת,יחידה,1.00,יחידה,false,1,19.90,19.90,true,1,
7296073291244,false,חומץ טבעי 5% שופרסל 1ל,מיטב,IL,חומץ טבעי 5%,ליטרים,1.00,ליטר,false,1,5.90,5.90,true,1,
7296073291381,false,גאודה מיושנת 200 גרם,ואנדרסטרה,NL,גאודה מיושנת,גרמים,200.00,100 גרם,false,1,19.90,9.95,true,1,
7296073291770,false,מברשת ידית 2 מטקה,PIAOY,CN,מברשת שיער,יחידה,1.00,יחידה,false,1,19.90,19.90,true,1,
7296073291909,false,מיונז קנולה שופרסל 500גר,מיטב,IL,מיונז קנולה,גרמים,500.00,100 גרם,false,1,9.90,1.98,true,1,
7296073291978,false,מברשת טואלט יחידה,המברשת רוחמה,IL,מברשת טואלט,יחידה,1.00,יחידה,false,1,4.90,4.90,true,1,
7296073291992,false,חסה סלנובה הידרופונית,כרמלים שדות חדשים,IL,ראשי סלנובה,יחידה,1.00,יחידה,false,1,12.90,12.90,true,1,
7296073292012,false,אננס ראש שישיות שקיל,קטיף.,IL,אננס ראש,קילוגרמים,0.00,"ק""ג",true,1,29.90,29.90,true,1,
7296073292845,false,הרינג טבעי 90 גרם,סלטי שמיר,IL,הרינג טבעי,גרמים,90.00,100 גרם,false,1,14.90,16.56,true,1,
7296073292852,false,הרינג עם שמיר 90 גרם,סלטי שמיר,IL,הרינג עם שמיר,גרמים,90.00,100 גרם,false,1,14.90,16.56,true,1,
7296073292883,false,הרינג עם דומדמניות 90 גר,סלטי שמיר,IL,הרינג +דומדמניות,גרמים,90.00,100 גרם,false,1,14.90,16.56,true,1,
7296073293019,false,פלפל אורג.סוויט גרין200ג,יבולי בר אורגני,IL,פלפל אורגני,גרמים,200.00,100 גרם,false,1,9.90,4.95,true,1,
7296073294580,false,בצל יבש ארוז שקיל,קטיף,IL,בצל יבש ארוז,קילוגרמים,0.00,"ק""ג",true,1,4.90,4.90,true,1,
7296082000035,false,"ביצים ""פלוס"" 6 יחידות",המכון למיון ושיווק ב,IL,ביצים פלוס 6 י,יחידה,1.00,יחידה,false,0,14.90,14.90,true,1,
7296107000002,false,מלפפון 9-7 במלח 600 ג' פרי חן,פרי חן,IL,מלפפונים במלח,גרמים,540.00,100 גרם,false,0,5.50,1.02,true,1,
7296107000026,false,מלפפונים במלח13-17 540ג,פרי חן,IL,מלפפונים במלח,גרמים,540.00,100 גרם,false,1,11.90,2.20,true,1,
7296107000033,false,פרי חן מלפפונים בחומץ 600 גרם +תוספת,פרי חן,IL,מלפפונים בחומץ,גרמים,670.00,100 גרם,false,1,5.50,0.82,true,1,
7296107000156,false,חצילים כבושים 550 ג' פרי חן,פרי חן,IL,חצילים כבושים,גרמים,550.00,100 גרם,false,1,5.90,1.07,true,1,
7296107000323,false,כרוב כבוש פרי חן 550,פרי חן,IL,כרוב כבוש,גרמים,540.00,100 גרם,false,0,5.90,1.09,true,1,
7296107000439,false,זיתים חרוזית ירוק 56,פרי חן,IL,זיתים חרוזית,גרמים,560.00,100 גרם,false,1,7.90,1.41,true,1,
7296107000453,false,טבעות זיתים ירוקים 5,פרי חן,IL,טבעות זיתים,גרמים,560.00,100 גרם,false,1,7.90,1.41,true,1,
7296107000507,false,מלפפון בחומץ 18-25 פרי חן 540 ג',פרי חן,IL,מלפפונים בחומץ,גרמים,540.00,100 גרם,false,0,13.90,2.57,true,1,
7296107000958,false,פרי-חן קוקטייל זיתים,פרי חן,IL,זיתים מעורבים,גרמים,560.00,100 גרם,false,1,7.90,1.41,true,1,
7297488097995,false,גרנולה דבש ללא גלוטן 250 גרם דגש,תות תעשיות מזון (201,,גרנולה דבש,גרמים,250.00,100 גרם,false,0,13.80,5.52,true,1,
7297488098169,false,"קמח תירס ללא גלוטן דג""ש",תבליני העליון 2007 ב,IL,קמח תירס ל.גלוטן,גרמים,500.00,100 גרם,false,0,9.10,1.82,true,1,
7297488098688,false,דגש פצפוצי אורז מלא ללא תוספת סוכר ומלח 450 גרם,משובח תעשיות מזון,IL,פצפוצי אורז,גרמים,450.00,100 גרם,false,1,18.70,4.16,true,1,
7297488099753,false,דגש -עוגיות בטעם שוקולד וקוקוס 250 גרם,תות תעשיות מזון (201,IL,עוגיות שוקולד,גרמים,250.00,100 גרם,false,1,24.90,9.96,true,1,
7297488099760,false,עוגיות ללא גלוטן בטעם חלווה דגש 250 גרם,דגש- דוכן גן שמואל,IL,עוגיות חלווה,גרמים,250.00,100 גרם,false,1,24.90,9.96,true,1,
7297488099821,false,גרנולה ללא תוספת סוכר לנמנעים מגלוטן,תות תעשיות מזון (201,IL,"גרנולה ללת""ס",גרמים,250.00,100 גרם,false,1,13.80,5.52,true,1,
7297488099944,false,פרוסות 18%עם זיתים200גרם,ויגרדן,IL,פרוסות עם זיתים,גרמים,200.00,100 גרם,false,1,21.90,10.95,true,1,
7297488099951,false,מלוחה מופחת שומן 5% 250גר משומשו,קפוא זן תעשיות מזון בעמ,IL,מלוחה 5%,גרמים,250.00,100 גרם,false,1,21.90,8.76,true,1,
7297488099982,false,מלוחה+16%עשבי תיבול250גר,ויגרדן,IL,מלוחה 16%,גרמים,250.00,100 גרם,false,1,21.90,8.76,true,1,
7297488199620,false,פצפוצי אורז מלא תפוח ללא גלוטן,דגש- דוכן גן שמואל,IL,פיצפוצי אורז,גרמים,450.00,100 גרם,false,1,18.70,4.16,true,1,
7312040017683,false,מארז אבסולוט רגיל(וודקה {}{700 עם כוס,טמפו משקאות בע`מ,SE,וודקה אבסולוט,מיליליטרים,700.00,"100 מ""ל",false,0,59.90,8.56,true,1,
7332531041638,false,גליס שמן מיליון גלוס75מל,הנקל סוד,DE,שמן לשיער גליס,מיליליטרים,75.00,"100 מ""ל",false,0,34.60,46.13,true,1,
7501013100112,false,נקטר גומקס אננס טבעי,COMERCIALIZADORA ELO,MX,מיץ אננס טבעי,מיליליטרים,500.00,"100 מ""ל",false,0,7.90,1.58,true,1,
7501013100990,false,ג`ומקס נקטר 500 מל קוקוס אננס,טמפו משקאות בעמ,MX,נקטר קוקוס אננס,מיליליטרים,500.00,"100 מ""ל",false,0,7.90,1.58,true,1,
7501013132052,false,נקטר גומקס אפרסק 1 ל,COMERCIALIZADORA ELO,MX,נקטר אפרסק,ליטרים,1.00,ליטר,false,0,11.90,11.90,true,1,
7501013132106,false,נקטר גיומקס אננס 100,שתיה קלה 2 ב 20,IL,מיץ אננס טבעי,מיליליטרים,1000.00,"100 מ""ל",false,0,11.90,1.19,true,1,
7501064191466,false,"שישיית בירה קורונה 355 מ""ל בקבוק",תימקו בירה בעמ,,בירה קורונה 6 יח,ליטרים,2.13,ליטר,false,0,39.90,18.73,true,1,
7610008760009,false,שוק.מריר במילוי טראפל100,קמיל בלוך,CH,שוקולד רגוסה,גרמים,100.00,100 גרם,false,1,14.90,14.90,true,1,
7610023050413,false,מיזלי פרוט איקס שקית500ג,ביו פמיליה,CH,פרויט X דגנים,גרמים,500.00,100 גרם,false,0,25.50,5.10,true,1,
7610023051212,false,פמיליה שוקו איקס תערובת דגנים פריכים בתוספת שוקולד 500 גרם,מיוצר עי קונדיטוריית,CH,שוקו X דגנים,גרמים,500.00,100 גרם,false,0,25.50,5.10,true,1,
7610100034084,false,מיונז טומי בשפורפרת 265 גרם,ליימן שליסל בע`מ,CH,מיונז טומי,גרמים,265.00,100 גרם,false,1,11.90,4.49,true,1,
7610148246586,false,סטלה אקספיריינס שוקולד 100% קקאו 70 ג,שוקולד סטלה,IL,שוקולד פולי קקאו,גרמים,70.00,100 גרם,false,0,19.30,27.57,true,1,
7610243002025,false,דורגול למכונת אספרסו 250,דורינג,CH,"דורגול 250 מ""ל",מיליליטרים,250.00,"100 מ""ל",false,1,34.90,13.96,true,1,
7610400013840,false,שוק.לינדט גולד דארק 300ג,לינדט ושפרונגלי קילשברג,CH,שוקולד לינדט,גרמים,300.00,100 גרם,false,1,20.00,6.67,true,1,
7613031526406,false,קפסולות אספרסו חזק 128גר,נסטלה,GB,קפסולות אספרסו,גרמים,128.00,100 גרם,false,1,28.90,22.58,true,1,
7613031608850,false,פיטנס דגנים מחיטה מלאה ואורז נסטלה 625 גרם,קבוצת אוסם סחר שותפות מוגבלת,FR,פיטנס דגני בוקר,גרמים,625.00,100 גרם,false,0,27.90,4.46,true,1,
7613032416157,false,דגני פיטנס שקדים ודבש355,נסטלה,FR,דגני פיטנס שקדים,גרמים,355.00,100 גרם,false,0,17.90,5.04,true,1,
7613033026720,false,קפסולות אספרסו בריסטה120,נסטלה,ES,קפסולות אספרסו,גרמים,120.00,100 גרם,false,1,28.90,24.08,true,1,
7613033539022,false,"מחית תפו""ע שלב 1 130 גרם",נסטלה,PL,מחית שלב 1 מטרנה,גרמים,130.00,100 גרם,false,0,5.20,4.00,true,1,
7613033539121,false,מחית סלט פירות שלב2 130ג,נסטלה,PL,מחית שלב 2 מטרנה,גרמים,130.00,100 גרם,false,0,5.20,4.00,true,1,
7613033539169,false,מחית תפוח עץ שלב 3 190 ג,נסטלה,PL,מחית שלב 3 מטרנה,גרמים,190.00,100 גרם,false,0,5.90,3.11,true,1,
7613033539800,false,מחית פירות טרופ.שלב3 190,נסטלה,PL,מחית שלב 3 מטרנה,גרמים,190.00,100 גרם,false,0,5.90,3.11,true,1,
7613033548192,false,פיטנס - דגני בוקר שוקולד מריר 375 גרם,קבוצת אוסם סחר שותפות מוגבלת,FR,פיטנס שוקולד,גרמים,375.00,100 גרם,false,0,17.90,4.77,true,1,
7613033692185,false,מחית תפוח בננה דגנים190ג,נסטלה,PL,מחית שלב 3 מטרנה,גרמים,190.00,100 גרם,false,0,5.90,3.11,true,1,
7613034042170,false,פיטנס שקדים ודבש 585 גרם,סי פי. צרפת,FR,פיטנס שקדים ודבש,גרמים,585.00,100 גרם,false,0,27.50,4.70,true,1,
7613034792785,false,דגני בוקר מולטי צירי,פרומבראפ - אנגליה,GB,מולטי צ'יריוס,גרמים,565.00,100 גרם,false,0,18.90,3.35,true,1,
7613035548374,false,דגני בוקר גולדן מיניס מחיטה מלאה ותירס,קבוצת אוסם סחר-שות.מוגבלת,FR,דגני גולדן מיניס,גרמים,570.00,100 גרם,false,1,18.90,3.32,true,1,
7613035807778,false,פרפקטו רוטב עגבניות לבולונז אסם 400 גרם,קבוצת אוסם סחר שותפות מוגבלת,ES,רוטב עגבניות,גרמים,400.00,100 גרם,false,1,9.90,2.48,true,1,
7613035809109,false,פרפקטו רוטב עגבניות ובזיליקום אסם 400 גרם,קבוצת אוסם סחר שותפות מוגבלת,ES,רוטב עגבניות,גרמים,400.00,100 גרם,false,1,9.90,2.48,true,1,
7613035885011,false,פריסקיז פאוצ' עוף 100ג,נסטלה פורינה,US,פריסקיז פאוצ',גרמים,100.00,100 גרם,false,1,5.00,5.00,true,1,
7613035885219,false,פריסקיז פאוצ' ברווז100ג,נסטלה פורינה,US,פריסקיז פאוצ',גרמים,100.00,100 גרם,false,1,5.00,5.00,true,1,
7613035955929,false,קפסולות אספרסו 96 גרם,נסטלה,GB,קפסולות אספרסו,גרמים,128.00,100 גרם,false,1,28.90,22.58,true,1,
7613036045544,false,דגני בוקר פייבר וואן,תאי פרזידנט פוד פאבל,PT,פייבר וואן,גרמים,460.00,100 גרם,false,1,23.90,5.20,true,1,
7613036105606,false,דוגלי בקר לכלבים בוגרים,קבוצת אוסם סחר שותפות מוגבלת,HU,דוגלי בוגר בקר,קילוגרמים,3.00,"ק""ג",false,1,43.20,14.40,true,1,
7613036105651,false,"דוגלי בקר לכלבים בוגרים 12 ק""ג",קבוצת אוסם סחר-שות.מוגבלת,HU,דוגלי בוגר בקר,קילוגרמים,12.00,"ק""ג",false,1,100.00,8.33,true,1,
7614500035788,false,טובלרון שוקולד חלב 200 גרם,דיפלומט מפיצים (1968) בעמ**,CH,טובלרון חלב,גרמים,200.00,100 גרם,false,0,10.00,5.00,true,1,
7616500553460,false,שוקולד פריי מהודר מריר תפוז 100 ג',צוקולאט פריי אייץגיץ,CH,שוקולד מריר,גרמים,100.00,100 גרם,false,0,9.90,9.90,true,1,
7616500642577,false,שוקולד חלב עם אגוזים300ג,צוקולאט פריי אייץגיץ,IL,שוקולד אגוזים,גרמים,300.00,100 גרם,false,0,10.00,3.33,true,1,
7617014149316,false,קפסולות קפה,,,קפסולות קפה,גרמים,96.00,100 גרם,false,0,25.00,26.04,true,1,
7617014149330,false,קפסולות קפה,,,קפסולות קפה,גרמים,96.00,100 גרם,false,0,25.00,26.04,true,1,
7617014149385,false,קפסולות קפה,,,קפסולות קפה,גרמים,96.00,100 גרם,false,0,25.00,26.04,true,1,
7617014153634,false,קפסולות קפה,,CH,קפסולות קפה,גרמים,96.00,100 גרם,false,0,25.00,26.04,true,1,
7617014154105,false,קפסולות קפה וניל,,CH,קפסולות קפה וניל,גרמים,96.00,100 גרם,false,0,25.00,26.04,true,1,
7622010001858,false,עוגיות אוראו ממולאות קרם וניל 176 גרם.,דיפלומט מפיצים (1968) בעמ**,CZ,עוגיות אוראו,גרמים,176.00,100 גרם,false,1,8.90,5.06,true,1,
7622201050757,false,מילקה שוקולד חלב במילוי קרם קרמל 100 ג,דיפלומט מפיצים (1968) בעמ**,DE,שוקולד מילקה,גרמים,100.00,100 גרם,false,0,7.40,7.40,true,1,
7622210078131,false,שוקולד חלב עם שבבי קרמל מילקה דיים 100 גרם,מנדלז דויצ'\לנד סנקס פרו,DE,שוקולד מילקה,גרמים,100.00,100 גרם,false,1,7.40,7.40,true,1,
7622210137234,false,אוראו עוגיות עם דאבל קרם בטעם וניל 170ג,דיפלומט מפיצים (1968) בעמ**,ES,עוגיות אוראו,גרמים,170.00,100 גרם,false,1,9.90,5.82,true,1,
7622210277503,false,שוקולד מילקה אוראו 300גר,מונדלייז,DE,שוקולד מילקה,גרמים,300.00,100 גרם,false,1,17.90,5.97,true,1,
7622210984678,false,מילקה וופל במילוי קרם קקאו 150 גרם,מונדלייז,CZ,וופל ממולא מילקה,גרמים,150.00,100 גרם,false,1,10.00,6.67,true,1,
7622300270506,false,מילקה גריינס - עוגיות שיבולת שועל מצופות שוקולד 168 ג',דיפלומט מפיצים (1968) בעמ**,PL,עוגיות מילקה,גרמים,168.00,100 גרם,false,0,10.00,5.95,true,1,
7622300356767,false,מילקה - עוגיות עם גרנולה וחתיכות של שוקולד חלב,דיפלומט מפיצים (1968) בעמ**,PL,עוגיות שוקוצ'יפס,גרמים,168.00,100 גרם,false,0,10.00,5.95,true,1,
7622300441715,false,עוגיות מילקה ביסקוויט ממולא קרם חלב מצופה למחצה בשוקולד חלב 150 גר',דיפלומט מפיצים (1968) בעמ**,CZ,עוגיות שוקומיני,גרמים,150.00,100 גרם,false,1,7.90,5.27,true,1,
7622300495046,false,מילקה שוקולד חלב עם אקסטרה קקאו 100 גרם,מנדלז דויצ'\לנד סנקס פרו,DE,שוקולד מילקה,גרמים,100.00,100 גרם,false,0,7.40,7.40,true,1,
7622300503079,false,עוגיות ביסקוויט מצופה שוקולד חלב מילקה 200 גרם,דיפלומט מפיצים (1968) בעמ**,PL,ביסקוויט מצופה,גרמים,200.00,100 גרם,false,0,10.00,5.00,true,1,
7622300617820,false,מילקה שוקולד חלב במילוי קרם חלב ווניל ושבבי עוגיות אוראו 100 גרם,מנדלז דויצ'\לנד סנקס פרו,DE,שוקולד מילקה,גרמים,100.00,100 גרם,false,0,7.40,7.40,true,1,
7622400005190,false,שוקולד חלב נגיעות שוקולד לבן מילקה 100 ג,דיפלומט מפיצים (1968) בעמ**,DE,שוקולד מילקה,גרמים,100.00,100 גרם,false,0,7.40,7.40,true,1,
7640101090833,false,גבינת מוצרלה כדור 12,,CH,מוצרלה כדור,גרמים,125.00,100 גרם,false,0,11.80,9.44,true,1,
7702018010639,false,8סכינ.פיוזן פרוגליד ידני,פרוקטר & גמבל,DE,סכיני גילוח,יחידה,1.00,יחידה,false,0,168.60,168.60,true,1,
7702018089864,false,ג'ל גילוח-תחוש.קרירה200מ,פרוקטר אנד גמבל,GB,ג'ל גילוח פיוז'ן,מיליליטרים,200.00,"100 מ""ל",false,0,25.20,12.60,true,1,
7702018263936,false,8 סכיני פיוזן פרוגליד פלקסבול פאוור,פרוקטר & גמבל,DE,סכיני גילוח,יחידה,1.00,יחידה,false,1,203.60,203.60,true,1,
7702018357871,false,גילט גל גילוח פרוגלייד 2ב1 לעור רגיש,פרוקטר אנד גמבל,GB,ג'ל גילוח,מיליליטרים,200.00,"100 מ""ל",false,1,25.20,12.60,true,1,
7702018980833,false,"ג'ילט ג'ל גילוח סירייס מועשר בלחות - 200 מ""ל",דיפלומט מפיצים 1968 בעמ,PL,ג'ל גילוח סירייס,מיליליטרים,200.00,"100 מ""ל",false,1,20.90,10.45,true,1,
7702018980864,false,קצף גילוח סירייס רגיש גילט 250 מל,דיפלומט מפיצים (1968) בעמ,PL,קצף גילח סירייס,מיליליטרים,250.00,"100 מ""ל",false,1,16.90,6.76,true,1,
7702174068826,false,יוגטה מבחר סוכריות לקקן קשות ממולאות טופי בטעמי יוגורט ופירות 204 גרם,הדקלאים אגודת שיתופי,CO,לקקן יוגטה פירות,גרמים,216.00,100 גרם,false,0,8.90,4.12,true,1,
7702174068833,false,יוגטה סוכריות קשות על מקל ממולאות טופי בטעמי גלידת פירות 12 יח' 204 גרם,הדקלאים אגודת שיתופי,CO,לקקן יוגטה,גרמים,216.00,100 גרם,false,0,8.90,4.12,true,1,
7702174070201,false,יוגטה לקקן בטעם מסטיק ממולא טופי בטעם תות 12 יח' 204 גרם,הדקלאים אגודת שיתופי,CO,לקקן יוגטה מג'יק,גרמים,216.00,100 גרם,false,0,8.90,4.12,true,1,
7792860006218,false,סוכריות לקקן בייבי דול לריטייר (24 גרם),גוד פוד פרודקטס S.p,AR,בייבי דול לקקן,גרמים,24.00,100 גרם,false,0,2.20,9.17,true,1,
7798150160066,false,אוכמניות טריות יחידה,קטיף,AR,אוכמניות טריות,יחידה,1.00,יחידה,false,1,18.90,18.90,true,1,
7804414000860,false,קברנה סוביניון דון חוליו (750 מל),צ'ילה לואיס פיליפה אדוארדס,CL,דון חוליו קברנה,מיליליטרים,750.00,"100 מ""ל",false,0,24.90,3.32,true,1,
7891024030974,false,"קולגייט משחת שיניים טריפל אקשן 75 מ""ל",הנסיך- מפעל לייצור ט,PL,משחת שיניים,מיליליטרים,75.00,"100 מ""ל",false,1,5.90,7.87,true,1,
7891024130063,false,"קולגייט מי פה פלאקס ללא אלכוהול 500 מ""ל מהדרין",קולגייט- פלמוליב,BR,פלקס שטיפה,מיליליטרים,500.00,"100 מ""ל",false,0,31.60,6.32,true,1,
8000040500012,false,"וויסקי בורבון ווילד טורקי 81 700 מ""ל",אוסטין ניקולס,US,וויסקי,מיליליטרים,700.00,"100 מ""ל",false,1,99.90,14.27,true,1,
8000113003402,false,"קמח תירס בוואקום 1 ק""ג",גורי מוצרי צריכה (1991) בעמ,IT,קמח תירס,קילוגרמים,1.00,"ק""ג",false,0,16.20,16.20,true,1,
8000215202253,false,מעדן אורז קקאו 2יח100*גר,אלינור,IT,מעדן אורז אורגני,גרמים,200.00,100 גרם,false,0,8.90,4.45,true,1,
8000215204219,false,משקה אורז ביו אורגני ויטאריז 1 ליטר,בטר אנד דיפרנט,IL,משקה אורז אורגני,ליטרים,1.00,ליטר,false,0,13.90,13.90,true,1,
8000215204233,false,משקה אורז בתוספת סידן 1ל,אלינור,IT,משקה אורז+סידן,ליטרים,1.00,ליטר,false,0,13.90,13.90,true,1,
8000215204240,false,משקה אורז ושקדים ביו אורגני ויטאריז 1 לי,בטר אנד דיפרנט,IT,משקה שקדים ואורז,ליטרים,1.00,ליטר,false,0,13.90,13.90,true,1,
8000215204264,false,ויטריז - משקה אורז אישי אישי 200 גר,בטר אנד דיפרנט,IT,משקה אורז,מיליליטרים,200.00,"100 מ""ל",false,1,3.50,1.75,true,1,
8000215204271,false,ויטריז - משקה שקדים ואורז אישי 200 גר,"נטורפוד בע""מ",IT,משקה שקדים,גרמים,200.00,100 גרם,false,0,3.50,1.75,true,1,
8000215204356,false,משקה אורז אורגני+קקאו1ל,אלינור,IT,משקה אורז,יחידה,1.00,יחידה,false,0,14.80,14.80,true,1,
8000215204394,false,משקה אורז ואגוזי לוז ביו אורגני ויטאריז,בטר אנד דיפרנט,IT,משקה ויטריז,ליטרים,1.00,ליטר,false,0,17.80,17.80,true,1,
8000380003754,false,וופל גראן פטיסרי Gran Pasticceria קפוצ'ינו,ליימן שליסל בעמ,IT,גרנד פטיסרי,גרמים,100.00,100 גרם,false,1,12.20,12.20,true,1,
8000380004669,false,וופל לואקר סנדוויץ קוביות ושוקולד 200ג',"א. לואקר, קונפקט ג'י",IT,וופל לואקר קקאו,גרמים,200.00,100 גרם,false,0,12.80,6.40,true,1,
8000380004676,false,קוביות וופל סנדוויץ Sandwich עם וניל וחלב,"א. לואקר, קונפקט ג'י",IT,ופלים לואקר,גרמים,200.00,100 גרם,false,0,12.80,6.40,true,1,
8000380004911,false,קוביות וופל קואדרטיני Quadratini קרם אגוזים,קריניציה ויטמינה אס,IT,ופל קואדרטיני,גרמים,250.00,100 גרם,false,0,13.90,5.56,true,1,
8000380004928,false,וופל קואדרטיני קוקוס250ג,לואקר,AT,וופל קואדרטיני,גרמים,250.00,100 גרם,false,1,13.90,5.56,true,1,
8000380004942,false,וופל לואקר קוארדטיני קוביות ווניל 250ג',ליימן שליסל בע`מ,AT,וופלים קאודרטיני,גרמים,250.00,100 גרם,false,0,13.90,5.56,true,1,
8000380004966,false,וופל קוארדטיני לואקר קוביות שוקולד 250ג',קריניציה ויטמינה אס,IT,ופל קואדרטיני,גרמים,250.00,100 גרם,false,0,13.90,5.56,true,1,
8000380005598,false,מארז וופל שוקולד טורטינה Tortina שוקולד מריר,א. לואקר אס. פי. אי-אי.,IT,וופל טורטינה,גרמים,125.00,100 גרם,false,0,13.90,11.12,true,1,
8000380005925,false,וופל קואדרטיני קוקוס125ג,לואקר,IT,וופל קואדרטיני,גרמים,125.00,100 גרם,false,1,8.20,6.56,true,1,
8000380106028,false,טורטינה לואקר וופל שוקולד ואגוזים שישיה 125ג',קריניציה ויטמינה אס,IT,וופל טורטינה,גרמים,125.00,100 גרם,false,0,13.90,11.12,true,1,
8000380142484,false,קוביות וופל קואדרטיני Quadratini בטעם שוקולד מריר,ליימן שליסל בע`מ,IT,וופל קואדרטיני,גרמים,250.00,100 גרם,false,0,13.90,5.56,true,1,
8000380152704,false,מארז חטיפי אצבעות גרדנה אגוז לואקר 125 גרם,ליימן שליסל בע`מ,IT,חטיפי ופל גרדנה,גרמים,125.00,100 גרם,false,0,16.80,13.44,true,1,
8000380156825,false,שוקולד חלב במילוי קרם חלב וופל לואקר 87 גרם,ליימן שליסל בעמ,IT,שוקולד לואקר,גרמים,87.00,100 גרם,false,0,6.90,7.93,true,1,
8000380156832,false,שוקולד לואקר קרם קקאו87ג,לואקר,IT,שוקולד לואקר,גרמים,87.00,100 גרם,false,0,6.90,7.93,true,1,
8000380156849,false,שוקולד מריר במילוי קרם קקאו וופל לואקר 87 גרם,ליימן שליסל בעמ,IT,שוקולד לואקר,גרמים,87.00,100 גרם,false,0,6.90,7.93,true,1,
8000380157587,false,וופלים לואקר קלאסיק קקאו 262.5 גר,ליימן שליסל בע`מ,AT,וופל לואקר,גרמים,262.00,100 גרם,false,1,10.00,3.82,true,1,
8000380180745,false,וופל קוביות קקאו במילוי קרם חלב לואקר 250 גרם,"א. לואקר, קונפקט ג'י",AT,וופל קואדרטיני,גרמים,250.00,100 גרם,false,1,13.90,5.56,true,1,
8000380184798,false,וופל גרדנה אגוז 78 גרם,לואקר,IT,וופל גרדנה אגוז,גרמים,78.00,100 גרם,false,1,6.90,8.85,true,1,
8000500009673,false,בונבוניירה פררו רושה 300 גרם,פרימיום חברה לדברי מתיקה ולמסח,IT,בונבוניירת רושה,גרמים,300.00,100 גרם,false,0,42.90,14.30,true,1,
8000500023624,false,חטיפי הפי היפו Happy Hippo במילוי קרם חלב וקקאו,פרימיום-חברה לדברי מתיקה ולמסח,IT,קינדר הפי היפו,גרמים,102.00,100 גרם,false,0,10.00,9.80,true,1,
8000500026731,false,ביצי שוקולד קינדר מארז 3 יח סופרייז,פרימיום-חברה לדברי מתיקה ולמסח,IT,ביצי הפתעה קינדר,גרמים,60.00,100 גרם,false,1,14.50,24.17,true,1,
8000500029350,false,מארז וופל מצופה 3יח' *43 גרם קינדר בואנו,פרימיום-חברה לדברי מתיקה ולמסח,IT,קינדר בואנו,גרמים,129.00,100 גרם,false,0,8.90,6.90,true,1,
8000500032237,false,בונבונרייה פררו רושר 375 גרם,פרימיום חברה לדברי מתיקה ולמסח,IT,בונבוניירה רושה,גרמים,375.00,100 גרם,false,0,42.90,11.44,true,1,
8000500071083,false,אצבעות שוקולד קינדר Kinder שש עשרה יחידות,פרימיום-חברה לדברי מתיקה ולמסח,IT,שוקולד חלב קינדר,גרמים,200.00,100 גרם,false,0,10.00,5.00,true,1,
8000500075708,false,ביצי שוקולד הפתעה קינדר ג'וי כחול בנים שלישיה,פרימיום-חברה לדברי מתיקה ולמסח,PL,קינדר ג'וי כחול,גרמים,60.00,100 גרם,false,0,12.90,21.50,true,1,
8000500121436,false,מארז קינדר בואנו Kinder Bueno לבן שלוש יחידות,פרימיום חברה לדברי מתיקה ולמסח,PL,קינדר בואנו לבן,גרמים,117.00,100 גרם,false,0,8.90,7.61,true,1,
8000500126325,false,ביצי שוקולד הפתעה קינדר ג'וי ורוד בנות שלישיה,פרימיום-חברה לדברי מתיקה ולמסח,PL,קינדר ג'וי ורוד,גרמים,60.00,100 גרם,false,0,12.90,21.50,true,1,
8000500244906,false,סוכ.טיק טק דובדבן-קולה29,פררו קנדה,CA,סוכריות טיק טק,גרמים,29.00,100 גרם,false,1,4.90,16.90,true,1,
8000500249000,false,סוכ.טיק טק דונאט 98 גרם,פררו קנדה,CA,סוכריות טיק טק,גרמים,98.00,100 גרם,false,1,19.90,20.31,true,1,
8000500249055,false,סוכריות טיק טק מסטיק98ג,פררו קנדה,CA,סוכריות טיק טק,גרמים,98.00,100 גרם,false,1,19.90,20.31,true,1,
8000510144012,false,פתי בר ללא תוספת סוכר300,לזרוני,IT,"פתי בר ללת""ס",גרמים,300.00,100 גרם,false,1,7.90,2.63,true,1,
8001090015969,false,טבליות למדיח פלטינום הכל באחד פיירי) (63,דיפלומט מפיצים (1968) בעמ,BE,פיירי טבליות,יחידה,1.00,יחידה,false,1,49.90,49.90,true,1,
8001090033512,false,"אבקת כביסה קולור 8 ק""ג טייד",דיפלומט מפיצים (1968) בעמ,TR,אבקת כביסה טייד,קילוגרמים,8.00,"ק""ג",false,1,49.90,6.24,true,1,
8001090184375,false,"נוזל כלים פיירי 900 מ""ל ירוק אורגינל",דיפלומט מפיצים (1968) בעמ,GB,פיירי לכלים,מיליליטרים,900.00,"100 מ""ל",false,1,12.50,1.39,true,1,
8001090184412,false,"פיירי נוזל לניקוי כלים לימון שקוף, 900 מ""ל",דיפלומט מפיצים (1968) בעמ,GB,פיירי לכלים,מיליליטרים,900.00,"100 מ""ל",false,1,12.50,1.39,true,1,
8001090349019,false,אריאל ג'ל בייבי 2.27ליטר,פרוקטר & גמבל,FR,אריאל ג'ל בייבי,ליטרים,2.27,ליטר,false,1,33.90,14.93,true,1,
8001090458353,false,סבון כלים פעולה אנטי-בקטריאלית אקליפטוס,דיפלומט מפיצים (1986) בע`מ,GB,פיירי א.בקטריאלי,מיליליטרים,515.00,"100 מ""ל",false,1,10.90,2.12,true,1,
8001090493675,false,הד&שולדרס MEN שמפו אולטרא טוטל קר 540 מל,דיפלומט מפיצים (1968) בעמ,RO,שמפו הד&שולדרס,מיליליטרים,540.00,"100 מ""ל",false,1,19.90,3.69,true,1,
8001090493798,false,הד&שולדרס אולטר.להקלה540,פרוקטר אנד גמבל,RO,שמפו הד&שולדרס,מיליליטרים,540.00,"100 מ""ל",false,1,19.90,3.69,true,1,
8001129180507,false,פסטה פנה ריגטה 500 גרם,FERRARA GUIDO PASTIFICIO,IT,פסטה פנה ריגטה,גרמים,500.00,100 גרם,false,1,4.90,0.98,true,1,
8001129180569,false,פסטה פוסילי 500 גרם,FERRARA GUIDO PASTIFICIO,IT,פסטה פוסילי,גרמים,500.00,100 גרם,false,1,4.90,0.98,true,1,
8001160001892,false,"משקה אנרגיה גטורייד ספורט תפוז אדום 500מ""ל",אקווה מינרלה סאן בנדטו,IL,גטורייד תפוז,מיליליטרים,500.00,"100 מ""ל",false,0,6.90,1.38,true,1,
8001505000313,false,ממרח אגוזי לוז אורגני 270 גרם NICCIOLATA,ריג'וני דה אסינו,,מ.אגוזי לוז,גרמים,270.00,100 גרם,false,0,19.70,7.30,true,1,
8001943543458,false,ביצי שוקולד צ`וקטה (20x3 גרם),ואל קור קורסניני אס אנ ס,IT,ביצי שוקולד 3 יח,גרמים,60.00,100 גרם,false,1,8.90,14.83,true,1,
8002270866524,false,סן פלגרינו מים מינרליים טבעיים מוגזים,פארייפאבה אגרואינדוס,IT,סן פלגרינו,ליטרים,1.00,ליטר,false,0,9.30,9.30,true,1,
8002450202005,false,שמפניה ספרקלטיני אסאי ורדי (750 מל),הכרם - משקאות חריפים בעמ,IL,ורדי אסאי,מיליליטרים,750.00,"100 מ""ל",false,0,21.90,2.92,true,1,
8002450206003,false,משקה כהלי ורדי רימונים ספרקלטיני 750מ,הכרם - משקאות חריפים בעמ,IT,ורדי רימונים,מיליליטרים,750.00,"100 מ""ל",false,0,21.90,2.92,true,1,
8003490037206,false,מאפה בצורת מקלות מלח 250 גר,רוברטו,IT,מאפה מקלות,גרמים,250.00,100 גרם,false,1,12.90,5.16,true,1,
8003490043207,false,רוברטו-מקלות מיני גריסיני שומשום 150 גר,ג.וילי פוד אינטרנשיונל בעמ,,מאפה מקלות,יחידה,1.00,יחידה,false,0,8.90,8.90,true,1,
8003753900469,false,אילי - אספרסו טחון בקליה כהה בפחית 250גר,ש.שסטוביץ בעמ,,אספרסו אילי,גרמים,250.00,100 גרם,false,0,49.70,19.88,true,1,
8004030022010,false,ירקות גינה עם טונה ריו מרה אינסלטיסימי 160 ג',"בולטון אלימנטרי בע""\מ",IT,ירקות עם טונה,גרמים,160.00,100 גרם,false,1,14.90,9.31,true,1,
8004030026018,false,"מקסיקני עם טונה ריו מרה אינסלטיסימי, 160 ג'","בולטון אלימנטרי בע""\מ",IT,סלט עם טונה,גרמים,160.00,100 גרם,false,1,14.90,9.31,true,1,
8004030044005,false,נתחי טונה בהירה בשמן זית ריו מרה 112גרם,"בולטון אלימנטרי בע""\מ",IT,טונה בשמן זית,גרמים,160.00,100 גרם,false,0,16.80,10.50,true,1,
8004030081024,false,נתחי טונה עם שום ופלפל אדום ריו מרה 160 ג',"בולטון אלימנטרי בע""\מ",IT,טונה בשמן זית,גרמים,160.00,100 גרם,false,0,16.80,10.50,true,1,
8004030295063,false,סלט טונה+בצל ברוטב 160גר,בולטון,IT,סלט טונה ריו,גרמים,160.00,100 גרם,false,1,14.90,9.31,true,1,
8004030344938,false,"ריו מרה טונה בשמן זית 3X80 גרם מתכון חדש כשל""פ","בולטון אלימנטרי בע""\מ",IT,טונה ריו מרה 3יח,גרמים,240.00,100 גרם,false,0,26.70,11.13,true,1,
8004030860001,false,ירקות עם קוקוס וטונה ריו מרה אינסלטיסימי 160 ג',"בולטון אלימנטרי בע""\מ",IT,קוסקוס עם טונה,גרמים,160.00,100 גרם,false,1,14.90,9.31,true,1,
8005110060007,false,עגבניות מקולפות 400 גרם MUTTI,רסטרטו יבוא ושיווק בעמ,,עגבניות מקולפות,גרמים,400.00,100 גרם,false,0,6.70,1.68,true,1,
8005110120015,false,רסק עגבניות מרוכז 200גרם,מוטי,IT,רסק עגבניות,גרמים,200.00,100 גרם,false,1,7.90,3.95,true,1,
8005110170300,false,עגבניות מרוסקות חתוכות מוטי MUTTI שלישיה *400,רסטרטו יבוא ושיווק בעמ*אין החז,,עגבניות חתוכות3*,קילוגרמים,1.20,"ק""ג",false,0,16.90,14.08,true,1,
8005110551215,false,רוטב לפיצה 400 גר MU,מוטי פארמה,IT,רוטב לפיצה,גרמים,400.00,100 גרם,false,1,8.90,2.23,true,1,
8005120203913,false,אננס פרוס חצי מיובש 200ג,NOBERASCO,IT,אננס פרוס מיובש,גרמים,200.00,100 גרם,false,1,18.90,9.45,true,1,
8005200496525,false,נסטי בטעם אפרסק 1.5 ליטר,סן-פלגרינו,IT,נסטי בטעם אפרסק,ליטרים,1.50,ליטר,false,0,5.90,3.93,true,1,
8005200516520,false,נסטי דיאט טעם אפרסק 1.5ל,סן-פלגרינו,IT,נסטי דיאט אפרסק,ליטרים,1.50,ליטר,false,0,5.90,3.93,true,1,
8005200536528,false,נסטי מנגו אננס 1.5 ליטר,סן-פלגרינו,IT,נסטי מנגו אננס,ליטרים,1.50,ליטר,false,0,5.90,3.93,true,1,
8005217176557,false,משקה נסטי ענבים מלון,פארייפאבה אגרואינדוס,IT,נסטי ענבים,ליטרים,1.50,ליטר,false,0,5.90,3.93,true,1,
8005803010357,false,גריסיני קלאסי - מקלות אפויים עם שמן זית ומלח,ליימן שליסל בע`מ,IT,גריסיני קלאסי,גרמים,125.00,100 גרם,false,1,7.90,6.32,true,1,
8005803010371,false,"גריסיני רוזמרין - מקלות אפויים עם שמן זית, מלח ורוזמרין",ליימן שליסל בע`מ,IT,גריסיני רוזמרין,גרמים,125.00,100 גרם,false,1,7.90,6.32,true,1,
8005803010661,false,"מקלות אפויים עם שמן זית, מלח, ושומשום, 125 גרם, אמור די פאן","הוסטה איטליה, ס.ר.ל.",IT,גריסיני שומשום,גרמים,125.00,100 גרם,false,1,7.90,6.32,true,1,
8007270999012,false,שמן גרעיני ענבים קוסטה דורו 1 ליטר,קוסטה דיאורו,IT,שמן גרעיני ענבים,ליטרים,1.00,ליטר,false,0,35.90,35.90,true,1,
8008660210038,false,מעדן ריבה מנץ אנד גאססר תות שדה 300 גר,תה ויסוצקי (ישראל) בעמ,IT,מעדן תות שדה,גרמים,300.00,100 גרם,false,1,16.90,5.63,true,1,
8008920990243,false,למברוסקו פסטה ביאנקו,,IT,למברוסקו לבן,מיליליטרים,750.00,"100 מ""ל",false,0,27.70,3.69,true,1,
8008920990250,false,למברוסקו רוזה חצי מת,,IT,למברוסקו אדום,מיליליטרים,750.00,"100 מ""ל",false,0,27.70,3.69,true,1,
8010445003308,false,שמן זית כתית מעולה 750 מ,CLEMENTE OLEARIA,IT,שמן זית,גרמים,750.00,100 גרם,false,0,34.60,4.61,true,1,
8013399145285,false,סוכריות סטיביה מנטה70גר,קלואטה,IT,סוכריות סטיביה,גרמים,70.00,100 גרם,false,1,11.80,16.86,true,1,
8014515330196,false,עגבניות מרוסקות 400 גרם,אמיליאנה קונסרב סוסייטה,IT,עגבניות מרוסקות,גרמים,400.00,100 גרם,false,1,5.90,1.48,true,1,
8014515330738,false,קוביות עגבניות פומו400גר,שופרסל-ייבוא,,קוביות עגבניות,גרמים,400.00,100 גרם,false,0,5.90,1.48,true,1,
8015565030258,false,חטיף קרקר טעם פיצה 175 ג,לוריארי אס אל אר,IT,קרקר טעם פיצה,גרמים,175.00,100 גרם,false,1,8.90,5.09,true,1,
8017938005122,false,"נטורפוד חומץ תפוחים אורגני 750 מ""ל",מריה לוצ'יה מלצ'יורי,,ח. תפוחים אורגני,מיליליטרים,750.00,"100 מ""ל",false,0,18.50,2.47,true,1,
8017938005764,false,מיץ תפוחים אורגני 100% 1 ליטר נטורפוד,יבואן ומשווק: ש. שסט,IL,מיץ תפוחים,ליטרים,1.00,ליטר,false,0,19.00,19.00,true,1,
8024985003988,false,מחית פירות סמוצ`י תפוחים ובננה אורגנית ל,נטורפוד בעמ,IT,סמוזי תפוח בננה,גרמים,100.00,100 גרם,false,1,4.90,4.90,true,1,
8024985008037,false,מחית פירות סמוצ`י תפוח אורגנית ללא תוספת,"נטורפוד בע""מ",IT,סמוזי תפוח,גרמים,100.00,100 גרם,false,0,4.90,4.90,true,1,
8032804430471,false,פליסיה פסטה סדניני עדשים אורגני 250 גרם,אף.סי תבליני בגליל ב,IT,פסטה עדשים,גרמים,250.00,100 גרם,false,1,12.90,5.16,true,1,
8032804432017,false,פוזילי פליסיה כוסמת אורגני 340 גר,מולינו אנדריאני,IT,פוזילי כוסמת,גרמים,340.00,100 גרם,false,1,13.90,4.09,true,1,
8032880800243,false,פיקניק הפתעה - אגוזי לוז ומקלות אפויים,"הוסטה איטליה, ס.ר.ל.",IT,פיקניק הפתעה,גרמים,50.00,100 גרם,false,0,7.90,15.80,true,1,
8052440756315,false,שמן קנולה אורגני 1 ליטר נטורפוד,תות תעשיות מזון (201,IT,שמן קנולה 1ליטר,ליטרים,1.00,ליטר,false,0,31.60,31.60,true,1,
8076800195019,false,ברילה - צ.א ספגטי מס1 קפליני 500 גרם,ברילה גי.אי.אר פרטלי ס.פ,IT,ספגטי ברילה,גרמים,500.00,100 גרם,false,0,6.90,1.38,true,1,
8076800195033,false,ברילה - צ.א ספגטיני מס3 חדש 500 גרם,ברילה גי.אי.אר פרטלי ס.פ,IT,ספגטיני מס' 3,גרמים,500.00,100 גרם,false,0,6.90,1.38,true,1,
8076800195057,false,ברילה - צ.א ספגטי מס5 חדש 500 גרם,ברילה גי.אי.אר פרטלי ס.פ,IT,ספגטי מס 5 ברילה,גרמים,500.00,100 גרם,false,0,6.90,1.38,true,1,
8076800195132,false,ברילה - צ.א בבטה מס13 500 גרם,ברילה גי.אי.אר פרטלי ס.פ,IT,אטריות בבטה,גרמים,500.00,100 גרם,false,0,6.90,1.38,true,1,
8076800315097,false,פסטה מקרוני בוקטיני מספר 9 ברילה 500 גרם,ברילה גי.אי.אר פרטלי ס.פ,IT,ספגטי בוקטיני,גרמים,500.00,100 גרם,false,0,6.90,1.38,true,1,
8076802085738,false,ברילה - צ.ק פנה רגטה חדש 500 גרם,ברילה גי.אי.אר פרטלי ס.פ,IL,פנה ריגטה ברילה,גרמים,500.00,100 גרם,false,0,6.90,1.38,true,1,
8076802085936,false,ברילה פסטה צ.ק. קונצילה ריגטה חדש,ברילה גי.אי.אר פרטלי ס.פ,IT,קונצ'יליה,גרמים,500.00,100 גרם,false,0,6.90,1.38,true,1,
8076802085981,false,ברילה - צ.ק פוזילי חדש 500 גרם,ברילה גי.אי.אר פרטלי ס.פ,IT,פוזילי ברילה,גרמים,500.00,100 גרם,false,0,6.90,1.38,true,1,
8076808050440,false,פסטה מקרוני מספר 44 ברילה 500 גרם,ש. שסטוביץ בע`מ,IT,מקרוני ברילה,גרמים,500.00,100 גרם,false,0,6.90,1.38,true,1,
8076808060654,false,פסטה פרפלה מספר 65 ברילה 500 גרם,ברילה גי.אי.אר פרטלי ס.פ,IL,פסטה פרפלה ברילה,גרמים,500.00,100 גרם,false,0,6.90,1.38,true,1,
8076808150072,false,ברילה - צ.א ספגטוני מס7 חדש 500 גרם,ברילה גי.אי.אר פרטלי ס.פ,IT,ספגטי ברילה,גרמים,500.00,100 גרם,false,0,6.90,1.38,true,1,
8076809512268,false,פסטה גירנדולה טורסדס מספר 34 ברילה 500 גרם,ברילה גי.אי.אר פרטלי ס.פ,IT,פסטה גירנדולה,גרמים,500.00,100 גרם,false,0,6.90,1.38,true,1,
8076809513388,false,ברילה רוטב אראביאטה צילי לפסטה 400 ג,ברילה גי.אי.אר פרטלי ס.פ,IT,רוטב לפסטה,גרמים,400.00,100 גרם,false,0,10.00,2.50,true,1,
8076809513395,false,ברילה פומודורו רוטב עגבניות קלאסי 400 גר,ברילה גי.אי.אר פרטלי ס.פ,IT,רוטב עגבניות,גרמים,400.00,100 גרם,false,0,10.00,2.50,true,1,
8076809513654,false,בסיס רוטב עגבניות לבולונז 400 גרם ברילה,ברילה גי.אי.אר פרטלי ס.פ,IT,בסיס לרוטב,גרמים,400.00,100 גרם,false,0,10.00,2.50,true,1,
8076809513692,false,רוטב עגבניות נפולטנה בתוספת ירקות,ברילה גי.אי.אר פרטלי ס.פ,IT,רוטב לפסטה,גרמים,400.00,100 גרם,false,0,10.00,2.50,true,1,
8076809513739,false,ברילה רוטב עגבניות עם בזיליקום 400 גרם,ברילה גי.אי.אר פרטלי ס.פ,IT,רוטב בזיליקום,גרמים,400.00,100 גרם,false,0,10.00,2.50,true,1,
8076809523561,false,ברילה - רוטב פסטה בטעם טוסקנה 400 גרם,ברילה גי.אי.אר פרטלי ס.פ,IT,רוטב עגבניות,גרמים,400.00,100 גרם,false,0,10.00,2.50,true,1,
8076809523714,false,איטריות טליאטלה ברילה 500 גרם,"ש. שסטוביץ בע""\מ",IT,טליאטלה אטריות,גרמים,500.00,100 גרם,false,0,22.90,4.58,true,1,
8076809523738,false,דפי לזניה ברילה 500 גרם,ברילה גי.אי.אר פרטלי ס.פ,IT,לזניה ברילה,גרמים,500.00,100 גרם,false,0,21.70,4.34,true,1,
8076809529419,false,ספגטי מחיטה מלאה מס' 5 500 ג' ברילה,ברילה גי. אי. אר פרט,IT,ספגטי חיטה מלא,גרמים,500.00,100 גרם,false,0,10.00,2.00,true,1,
8076809537100,false,פתיתים סלנטני ברילה500ג,ברילה,IT,פתיתים סלנטיני,גרמים,500.00,100 גרם,false,0,6.90,1.38,true,1,
8076809545464,false,ברילה פסטה ללא גלוטן צורת ספירלי 400 גר,מולינו אנדריאני אס.א,IT,ספירלי ברילה,גרמים,400.00,100 גרם,false,1,10.90,2.73,true,1,
8076809545846,false,פסטה אקדמיה לינגוויני500,ברילה,IT,פסטה אקדמיה,גרמים,500.00,100 גרם,false,1,10.90,2.18,true,1,
8076809571333,false,"פסטה ברילה ספגטי 1 ק""ג",ש. שסטוביץ בע`מ,IT,פסטה ברילה,קילוגרמים,1.00,"ק""ג",false,1,10.90,10.90,true,1,
8410076600622,false,חטיפי גרנולה קראנצ'י עם שוקולד מריר נייצ'ר ואלי 210 גרם,ג'נרל מילס סאן אדריאן,GB,נייצר וואלי שוקו,גרמים,210.00,100 גרם,false,0,19.90,9.48,true,1,
8410076600981,false,חטיפי קראנצ'י קוקוס 5 יח,ג'נרל מילס,ES,חטיפי קראנצ'י,גרמים,210.00,100 גרם,false,0,19.90,9.48,true,1,
8410076610270,false,נייטשר ואלי פופקורן שקד5,ג'נרל מילס,ES,חטיף נייטשר ואלי,גרמים,100.00,100 גרם,false,1,19.90,19.90,true,1,
8410076610386,false,נייטשר ואלי פרוטאין בוטנים עם ציפוי בטעם קרמל מלוח 160 ג',ג'\נרל מילס סאן אדריאן S,ES,נייטשר וואלי 4יח,גרמים,160.00,100 גרם,false,1,24.90,15.56,true,1,
8410076610492,false,חטיף שיבולת שועל מלאה ובוטנים בציפוי עם חמאת בוטנים,יבואן ומשווק: ש. שסט,ES,חטיפי צ'ואי 5 יח,גרמים,150.00,100 גרם,false,1,19.90,13.27,true,1,
8410076610508,false,"חטיף שיבולת שועל מלאה עם בוטנים, שקדים ושוקולד מריר בציפוי בטעם שוקולד",נייצ'ר ואלי Nature Valley,ES,חטיפי צ'ואי 5 יח,גרמים,150.00,100 גרם,false,1,19.90,13.27,true,1,
8410076610522,false,חט.פופקורן קרמל+ביגלה5יח,ג'נרל מילס,ES,חטיף נייטשר ואלי,גרמים,100.00,100 גרם,false,1,19.90,19.90,true,1,
8410076620057,false,חטיפי פייבר1 שוקולד24*5ג,פייבר 1 שוקולד ב 13.,ES,חטיפי פייבר1 5יח,גרמים,120.00,100 גרם,false,1,19.90,16.58,true,1,
8410076620231,false,חט.פייבר 1 קרמל מלוח24*5,פייבר 1 שוקולד ב 13.,PT,חטיפי פייבר1 5יח,גרמים,120.00,100 גרם,false,1,19.90,16.58,true,1,
8410104039134,false,"מנקה ומחדש מדיח כלים פיניש 250 מ""ל",רקיט בנקיזר (ניר איסט) בעמ,PL,פיניש ניקוי מדיח,מיליליטרים,250.00,"100 מ""ל",false,0,14.90,5.96,true,1,
8410104044916,false,אבקה למדיח כלים פיניש (2.7 קג),רקיט בנקיזר (ניר איסט) בעמ,IL,"פיניש אבקה למדיח 2.7 ק""ג",קילוגרמים,2.70,"ק""ג",false,0,47.90,17.74,true,1,
8410179000411,false,שמן צמחי E+Dויטמין 1ל,PONTU BORGES ACEITES,ES,שמן צמחי מועשר,ליטרים,1.00,ליטר,false,1,12.90,12.90,true,1,
8410179014814,false,שמן צמחיE+ויטמין 1ליטר,PONTU BORGES ACEITES,ES,שמן צמחי מועשר,ליטרים,1.00,ליטר,false,1,12.90,12.90,true,1,
8410179014821,false,שמן קנולה + E ויטמין 1ל,PONTU BORGES ACEITES,ES,שמן קנולה,ליטרים,1.00,ליטר,false,1,12.90,12.90,true,1,
8410179100043,false,שמן זית בורחס מעולה750מל,PONTU BORGES ACEITES,ES,שמן זית בורחס,מיליליטרים,750.00,"100 מ""ל",false,0,36.90,4.92,true,1,
8410196051380,false,"עוג.שוקולד מריר ללת""ס120",וירג'יניאס,ES,עוגיות מצופות,גרמים,120.00,100 גרם,false,1,15.90,13.25,true,1,
8410376009392,false,ביסקויט מחיטה מלאה ללא תוספת סוכר גולון 170 גרם,גאלטס גלון סא,ES,"ביסקוויט ללת""ס",גרמים,170.00,100 גרם,false,1,9.90,5.82,true,1,
8410376009415,false,ביסקויט ללתס שוקוציפס125,גולון,ES,"ביסקויט ללת""ס",גרמים,125.00,100 גרם,false,0,9.80,7.84,true,1,
8410376010701,false,"ביסקוויט ללת""ס גולון גלטה מריה 400 גר",תות תעשיות מזון (201,ES,"ביסקוויט ללת""ס",גרמים,400.00,100 גרם,false,1,16.90,4.23,true,1,
8410376037845,false,"ביסקויט ללת""ס תפוז 24*6ג",גולון,ES,"ביסקויט ללת""ס",גרמים,144.00,100 גרם,false,0,11.80,8.19,true,1,
8410376037883,false,גוליאן עוגיות שוקו צפס ללא גלוטן 130 ג ו,תות תעשיות מזון (201,ES,שוקולד שוקוצ'יפס,גרמים,130.00,100 גרם,false,0,11.90,9.15,true,1,
8410644611203,false,יין קאווה איבריקה לבן יבש Cava Iberica,טמפו משקאות בע`מ,ES,קאווה אימבריקה,מיליליטרים,750.00,"100 מ""ל",false,0,24.90,3.32,true,1,
8412168002529,false,מחייה 13 משקה כוהלי בטעם לימונים,דיסטילריאס לה הורטנה,ES,מחייה 13 לימונים,מיליליטרים,700.00,"100 מ""ל",false,1,59.90,8.56,true,1,
8412168008903,false,מחייה 13 משקה כוהלי בטעם אשכולית אדומה,דיסטיליארס לה הורטנה,ES,מחייה13 אשכוליות,מיליליטרים,700.00,"100 מ""ל",false,1,59.90,8.56,true,1,
8420708012822,false,קשקבל צאן ספרדי בשלה 200 גר,מיוצר עי קונדיטוריית,ES,גבינה קשקבל,גרמים,200.00,100 גרם,false,0,22.90,11.45,true,1,
8420708018589,false,גבינת איבריקו32.7% 150ג,סן וינשנטה,ES,גבינת איבריקו,גרמים,150.00,100 גרם,false,1,22.90,15.27,true,1,
8420708018626,false,גבינת קברה 35.8% 150 גרם,סן וינשנטה,ES,גבינת קברה,גרמים,150.00,100 גרם,false,1,25.90,17.27,true,1,
8420708018817,false,גב.מנצ'גו כבשים36% 150גר,האי נאם סי או אל.טי.,ES,גבינת מנצ'גו,גרמים,150.00,100 גרם,false,1,25.90,17.27,true,1,
8420708019388,false,גבינת עיזים רכה 200 גרם,סן וינסנטה,ES,גבינת עיזים רכה,גרמים,200.00,100 גרם,false,1,24.90,12.45,true,1,
8423207206488,false,סלים דליס חטיף דגנים מצופה שוקולד חלב מרבה 6*20 גרם,אף.סי תבליני בגליל ב,ES,חטיפי דגנים מרבה,גרמים,120.00,100 גרם,false,0,10.00,8.33,true,1,
8423207206495,false,סלים דליס חטיף דגנים מצופה שוקולד מריר מרבה 6*20 גרם,אף.סי תבליני בגליל ב,ES,חטיפי דגנים מרבה,גרמים,120.00,100 גרם,false,0,10.00,8.33,true,1,
8423207207362,false,חטיפי סלים דליס שוקולד לבן מרבה 6 יחידות,ביסנצ'ורי אס.אל.יו,ES,סלים דליס,גרמים,120.00,100 גרם,false,0,10.00,8.33,true,1,
8423207208260,false,מרבה סלים דליס 125 ג' ללא גלוטן שוקולד חלב,ביסנצ'ורי אס.אל.יו,ES,חטיף דגנים,גרמים,78.00,100 גרם,false,1,14.90,19.10,true,1,
8423207208680,false,חטיף דגנים שוקולד סלים דליס לילדים מרבה 6 יחידות,ביסנצ'ורי אס.אל.יו,ES,סלים דליס 6 יח,גרמים,120.00,100 גרם,false,1,10.00,8.33,true,1,
8423207208697,false,חטיפי סלים דליס לילדים שוקולד לבן מרבה 6 יחידות,ביסנצ'ורי אס.אל.יו,ES,סלים דליס 6 יח,גרמים,120.00,100 גרם,false,1,10.00,8.33,true,1,
8423207208703,false,חטיפי סלים דליס שוקולד מריר מרבה 6 יחידות,ביסנצ'ורי אס.אל.יו,ES,סלים דליס 6 יח,גרמים,120.00,100 גרם,false,1,10.00,8.33,true,1,
8423207208871,false,פריכיות תירס בטעם טבעי סלים דליס 130 גרם,גורי מוצרי צריכה (1991) בעמ,ES,פריכיות תירס,גרמים,130.00,100 גרם,false,1,8.90,6.85,true,1,
8423207208888,false,פריכיות תירס בטעם עגבניות ועשבי תיבול סלים דליס 123 ג',גורי מוצרי צריכה (1991) בעמ,ES,פריכיות תירס,גרמים,123.00,100 גרם,false,1,8.90,7.24,true,1,
8425206000081,false,ריבת חלב מרדל 450 גרם,גורי מוצרי צריכה (1991) בעמ,IL,ריבת חלב,גרמים,450.00,100 גרם,false,0,19.70,4.38,true,1,
8690531032377,false,פלפלים קטנים חריפים במי מלח 340 גרם,דין שיווק וקליה 2021 בעמ,,פלפלים צהובים,גרמים,350.00,100 גרם,false,0,9.90,2.83,true,1,
8690572778210,false,"שוורצקוף שמפו גליס כוח מופלא, 400 מ""ל",הובי קוסמטיקס,TR,שמפו גליס,מיליליטרים,400.00,"100 מ""ל",false,1,11.90,2.98,true,1,
8690572778326,false,פה ד.ספרי אנטיפרספינט 200 מל 1/12,שוורצקופף והנקל,DE,דאודורנט פה,מיליליטרים,200.00,"100 מ""ל",false,1,10.90,5.45,true,1,
8690637073496,false,חליטת ליפטון קמומיל20שק',יונילוור - תורכיה,TR,חליטת ליפטון,גרמים,30.00,100 גרם,false,0,10.00,33.33,true,1,
8690637538858,false,"דאו.אקס שוקולד 150 מ""ל",יוניליוור,TR,דאודורנט אקס,מיליליטרים,150.00,"100 מ""ל",false,0,12.90,8.60,true,1,
8690637555084,false,"מרכך כביסה מרוכז אקסטרה פריחת התפוז בדין 960 מ""ל","יוניליוור ישראל שיווק בע""מ",TR,מרכך בדין אקסטרא,מיליליטרים,960.00,"100 מ""ל",false,0,15.90,1.66,true,1,
8690637611698,false,דאו.אקס לגבר אנרכי 150 מ,יוניליוור,TR,דאודורנט אקס,מיליליטרים,150.00,"100 מ""ל",false,0,12.90,8.60,true,1,
8690637631009,false,אקס בודי ספריי אפולו 150,יוניליוור,IL,אקס בודי ספריי,מיליליטרים,150.00,"100 מ""ל",false,0,12.90,8.60,true,1,
8690637682551,false,בדין אקסטרה שחור960מל,יוניליוור,IL,בדין אקסטרה,מיליליטרים,960.00,"100 מ""ל",false,0,15.90,1.66,true,1,
8690637704277,false,"שמפו ומרכך לשיער רגיל 600 מ""ל דאב","יוניליוור ישראל שיווק בע""מ",TR,שמפו דאב,מיליליטרים,600.00,"100 מ""ל",false,0,15.00,2.50,true,1,
8690637704291,false,שמפו לשיקום אינטנסיבי לשיער פגום,"יוניליוור ישראל שיווק בע""מ",TR,דאב שמפו משקם,מיליליטרים,600.00,"100 מ""ל",false,0,15.00,2.50,true,1,
8690637704376,false,"שמפו לטיפוח יום יומי דאב 600 מ""ל","יוניליוור ישראל שיווק בע""מ",TR,שמפו דאב,מיליליטרים,600.00,"100 מ""ל",false,0,15.00,2.50,true,1,
8690637704390,false,"מרכך שיער לטיפוח יום יומי דאב 600 מ""ל","יוניליוור ישראל שיווק בע""מ",TR,דאב מרכך שיער,מיליליטרים,600.00,"100 מ""ל",false,0,15.00,2.50,true,1,
8690637704413,false,מרכך לשיקום אינטנסיבי לשיער פגום,"יוניליוור ישראל שיווק בע""מ",TR,דאב מרכך משקם,מיליליטרים,600.00,"100 מ""ל",false,0,15.00,2.50,true,1,
8690637704437,false,שמפו עם שמני הזנה לטיפוח לשיער יבש,"יוניליוור ישראל שיווק בע""מ",TR,שמפו דאב,מיליליטרים,600.00,"100 מ""ל",false,0,15.00,2.50,true,1,
8690637704451,false,מרכך עם שמני הזנה לטיפוח לשיער יבש,"יוניליוור ישראל שיווק בע""מ",TR,דאב מרכך,מיליליטרים,600.00,"100 מ""ל",false,0,15.00,2.50,true,1,
8690637704475,false,דאב שמפו נגד קשקשים 600 מל,יוניליוור סנאיי וי טיקאר,TR,שמפו דאב,מיליליטרים,600.00,"100 מ""ל",false,0,15.00,2.50,true,1,
8690637789472,false,"בדין ניחוח ורד 960 מ""ל",יוניליוור,TR,בדין אקסטרא ורד,מיליליטרים,960.00,"100 מ""ל",false,1,15.90,1.66,true,1,
8690637799853,false,מאגדת מגנום דאבל קרמל יח,שטראוס,IL,מאגדת מגנום,יחידה,1.00,יחידה,false,1,33.00,33.00,true,1,
8690637835629,false,תה ירוק קינמון מתובל20שק,יוניליוור,TR,תה ירוק ליפטון,גרמים,30.00,100 גרם,false,1,11.90,39.67,true,1,
8690637835643,false,"תה ירוק לימונית ולאויזה 30 גרם ""ליפטון""","יוניליוור ישראל שיווק בע""מ",TR,תה ירוק ליפטון,גרמים,30.00,100 גרם,false,1,11.90,39.67,true,1,
8690777203012,false,פלפלים ירוקים כבושים לא חריפים סרה ויליפוד 600 גרם,ג. וילי-פוד אינטרנשיונל בע`מ,TR,פלפל ירוק כבוש,גרמים,600.00,100 גרם,false,0,11.90,1.98,true,1,
8690777204071,false,פלפלים כבושים חריפים סרה 320 גרם,ג. וילי-פוד אינטרנשיונל בע`מ,TR,פלפל חריף,גרמים,640.00,100 גרם,false,0,11.90,1.86,true,1,
8690777206051,false,חציל קלוי על האש סרה ויליפוד 650 גרם,ג. וילי-פוד אינטרנשיונל בע`מ,TR,חציל קלוי,גרמים,650.00,100 גרם,false,0,11.90,1.83,true,1,
8690777221405,false,פלפל אדום קלוי על האש 650 גר` ויליפוד,ג. וילי-פוד אינטרנשיונל בע`מ,,פלפל אדום קלוי,גרמים,650.00,100 גרם,false,0,11.90,1.83,true,1,
8690784211505,false,גלייד אירוסול 300 מל,המאפיה של הרמן,TR,גלייד מטהר אוויר,מיליליטרים,300.00,"100 מ""ל",false,0,6.90,2.30,true,1,
8690784211703,false,גליידארוסול חבצלות 300מל,קוסטר אירוסול,TR,גלייד מטהר אוויר,מיליליטרים,300.00,"100 מ""ל",false,0,6.90,2.30,true,1,
8690784211802,false,גלייד אירוסול לבנדר 300מ,vaill aerosol coster,TR,גלייד מטהר אוויר,מיליליטרים,300.00,"100 מ""ל",false,0,6.90,2.30,true,1,
8690784511223,false,דאק לאסלה 5ב1ניחוח הדרים,דאופלור S.P.I,IT,דאק לאסלה 5ב1,יחידה,1.00,יחידה,false,1,9.90,9.90,true,1,
8690784511339,false,סבון ניקוי לאסלה 5ב1 ניחוח ים,דאופלור S.P.I,IT,דאק לאסלה 5ב1,יחידה,1.00,יחידה,false,1,9.90,9.90,true,1,
8690784511445,false,דאק לאסלה 5ב1ניחוח לבנדר,דאופלור S.P.I,IT,דאק לאסלה 5ב1,יחידה,1.00,יחידה,false,1,9.90,9.90,true,1,
8690784518116,false,"דאק ג'ל נוזל לאסלה750מ""ל",ג'ונסון,NL,דאק נוזל לאסלה,מיליליטרים,750.00,"100 מ""ל",false,1,9.90,1.32,true,1,
8690784816885,false,גלייד ניחוח מרכך 269מל,מיוצר עי קונדיטוריית,TR,גלייד מילוי,מיליליטרים,269.00,"100 מ""ל",false,1,15.00,5.58,true,1,
8693323005900,false,ג'לי בצורת תולעים 250 גר,סאאדת,IL,ג'לי בצורת תולעי,גרמים,250.00,100 גרם,false,0,7.90,3.16,true,1,
8693323689025,false,סוכריות ג'לי תות וניל250,סאדאט,TR,סוכריות ג'לי,גרמים,250.00,100 גרם,false,1,7.90,3.16,true,1,
8693495037853,false,זוג מברשות שיניים קולגייט סלים סופט זהב,הנסיך- מפעל לייצור ט,CN,2 מברשות קולגייט,יחידה,1.00,יחידה,false,0,24.90,24.90,true,1,
8693495041461,false,קולגייט זוג מברשות שיניים סלים סופט פחם,הנסיך- מפעל לייצור ט,CN,זוג מברשות,יחידה,1.00,יחידה,false,0,24.90,24.90,true,1,
8693495042192,false,סבון פלמוליב קוקוס100*4ג,קולגייט-פלמוליב,TR,סבון פלמוליב 4יח,גרמים,400.00,100 גרם,false,0,16.80,4.20,true,1,
8697418280173,false,עלי טורטייה מחיטה מלאה 840 גרם LAVALIA,פרינסיס און וה אונלו,,עלי טורטיה,גרמים,840.00,100 גרם,false,0,26.70,3.18,true,1,
8697420500375,false,מיץ תפוחים אורגני גרין פילד 1 ליטר,גוקנור,IL,מיץ תפוחים,ליטרים,1.00,ליטר,false,0,17.20,17.20,true,1,
8697420500597,false,מיץ רימונים טבעי,,TR,מיץ רימונים טבעי,ליטרים,1.00,ליטר,false,0,15.80,15.80,true,1,
8697530910743,false,סיגריות פאל מאל כחול קצר מטאליק,גלוברנדס בעמ - שיווק סיגריות,TR,פאל מאל חפ.,יחידה,1.00,יחידה,false,0,28.50,28.50,false,1,
8697530910781,false,סיגריות פאל מאל אדום מטאליק,גלוברנדס בעמ - שיווק סיגריות,TR,פאל מאל,יחידה,1.00,יחידה,false,0,28.50,28.50,false,1,
8697530910941,false,פאל מאל כחול קצר האוס עשירייה,גלוברנדס בעמ - שיווק סיגריות,TR,פאל מאל,יחידה,1.00,יחידה,false,0,269.90,269.90,false,1,
8697530910958,false,פאקט סיגריות כחול ארוך פאל מאל) (200,גלוברנדס בעמ - שיווק סיגריות,TR,פאל מאל,יחידה,1.00,יחידה,false,0,269.90,269.90,false,1,
8697826469092,false,טורטיה קטנה שקדיה 540 גרם 12 יחידות,דין שיווק וקליה 2021 בעמ,,טורטיות 8 יח',גרמים,365.00,100 גרם,false,0,9.90,2.71,true,1,
8710428005755,false,תרכובת מזון לתינוקות על בסיס חלבון סויה איזומיל שלב 1,"אבוט מעבדות רפואיות בע""מ",IL,סימילאק איזומיל,גרמים,400.00,100 גרם,false,0,43.50,10.88,true,1,
8710448580089,false,מיונז אמיתי הולנדי 500מל,רמייה,NL,מיונז אמיתי,מיליליטרים,500.00,"100 מ""ל",false,1,9.90,1.98,true,1,
8710448583561,false,רוטב צ'יפס הולנדי 523מל,רמייה,NL,רוטב צ'יפס הולנד,מיליליטרים,500.00,"100 מ""ל",false,1,9.90,1.98,true,1,
8710448680321,false,"רוטב מיו הולנדי 850 מ""ל",רמייה ביוי,NL,רוטב מיו,מיליליטרים,850.00,"100 מ""ל",false,1,14.90,1.75,true,1,
8710466266224,false,תערוב.לפנקייק הולנדי400ר,"אמספורד ד""ר אוטקר קופמן",NL,תערובת לפנקייק,גרמים,400.00,100 גרם,false,1,9.90,2.48,true,1,
8710466266323,false,תערוב.לפנקייק6דגנים400גר,"אמספורד ד""ר אוטקר קופמן",NL,תערובת לפנקייק,גרמים,400.00,100 גרם,false,1,9.90,2.48,true,1,
8710473345677,false,ביסקוויט מצופה שקדים200ג,B.V SLUISGE,NL,ביסקוויט מצופה,גרמים,200.00,100 גרם,false,1,9.90,4.95,true,1,
8710473345691,false,ביסק.מצופה אגוזי לוז200ג,B.V SLUISGE,NL,ביסקוויט מצופה,גרמים,200.00,100 גרם,false,1,9.90,4.95,true,1,
8710479306009,false,תערוב.הכנת פנקייק קטן400,"אמספורד ד""ר אוטקר קופמן",NL,תערובת לפנקייק,גרמים,400.00,100 גרם,false,1,9.90,2.48,true,1,
8710496976940,false,פצפוצי שוקולד מריר 400גר,דה רוטר,NL,פצפוצי שוקולד,גרמים,400.00,100 גרם,false,1,12.90,3.23,true,1,
8710496976964,false,פצפוצי שוקולד חלב 400 גר,דה רוטר,NL,פצפוצי שוקולד,גרמים,400.00,100 גרם,false,1,12.90,3.23,true,1,
8710496977503,false,פצפוצי שוקולד מריר 400גר,דה רוטר,NL,פצפוצי שוקולד,גרמים,400.00,100 גרם,false,1,12.90,3.23,true,1,
8710496977527,false,פתיתי שוקולד חלב 400 גרם,דה רוטר,NL,פתיתי שוקולד,גרמים,400.00,100 גרם,false,1,12.90,3.23,true,1,
8710502100017,false,עוג.הולנדיות מסורתיות190,מרבה,NL,עוגיות הולנדיות,גרמים,190.00,100 גרם,false,1,9.90,5.21,true,1,
8710502115011,false,עוג.חמאה עם קרם לימון150,מרבה,NL,עוגיות חמאה,גרמים,180.00,100 גרם,false,1,9.90,5.50,true,1,
8710502139017,false,עוגיות טריפל שוקולד צ`יפס מרבה (180 גרם),בנקטבקריי מרבה בי.וי,NL,עוגיות שוקוצ'יפס,גרמים,180.00,100 גרם,false,0,10.90,6.06,true,1,
8710502400018,false,עוג.הולנדיות מסורתיות180,מרבה,NL,עוגיות הולנדיות,גרמים,180.00,100 גרם,false,1,9.90,5.50,true,1,
8710502405204,false,עוגיות שוקולד צ'יפס עם קרם שוקולד מרבה 175 גרם,קריניציה ויטמינה אס,NL,עוגיות מרבה,גרמים,175.00,100 גרם,false,0,10.90,6.23,true,1,
8710502470028,false,עוגיות שוקולד צ'יפס ממולאות בקרם נוגט,קריניציה ויטמינה אס,NL,עוגיות שוקוצ'יפס,גרמים,160.00,100 גרם,false,0,10.90,6.81,true,1,
8710502515026,false,חט.גרנולה אגוזי לוז127גר,מרבה,NL,חטיפי גרנולה,גרמים,127.00,100 גרם,false,1,10.90,8.58,true,1,
8710502515033,false,חט.גרנולה קוקוס שוקול127,מרבה,NL,חטיפי גרנולה,גרמים,127.00,100 גרם,false,1,10.90,8.58,true,1,
8710502600012,false,עוגיות חמאה פסים 205 גרם,מרבה,NL,עוגיות חמאה מרבה,גרמים,200.00,100 גרם,false,0,9.90,4.95,true,1,
8710508770412,false,עוגיות סנדוויץ 5יח' 140ג,הלמה,NL,עוגיות סנדוויץ,גרמים,140.00,100 גרם,false,1,7.90,5.64,true,1,
8710508770757,false,עוג.מיני וניל סוכר+עד150,הלמה,NL,עוגיות מיני,גרמים,150.00,100 גרם,false,1,7.90,5.27,true,1,
8710508770764,false,עוג.מיני+סוכר+עדשים140ג,הלמה,NL,עוגיות מיני,גרמים,140.00,100 גרם,false,1,7.90,5.64,true,1,
8710736721149,false,ביסקוויט קוקוס 240 גרם,BV BISCUIT PALLY,NL,ביסקוויט קוקוס,גרמים,240.00,100 גרם,false,1,4.90,2.04,true,1,
8710736770154,false,ביסקוויט קינמון 240 גרם,BV BISCUIT PALLY,NL,ביסקוויט קינמון,גרמים,240.00,100 גרם,false,1,4.90,2.04,true,1,
8710736947662,false,ביסקוויט וניל 240 גרם,BV BISCUIT PALLY,NL,ביסקוויט וניל,גרמים,240.00,100 גרם,false,1,4.90,2.04,true,1,
8710739494897,false,תחנת רוח וופל טוסט 12 יח במארז 250 גר,BANKETGRORP DE,NL,וופל טוסט,גרמים,250.00,100 גרם,false,1,7.90,3.16,true,1,
8710800027573,false,סוכריות מיני בטעם פירות מנטוס 178 גרם,פרפטי ואן מלה ברדה,NL,מיני מנטוס,גרמים,178.00,100 גרם,false,0,12.30,6.91,true,1,
8710800961310,false,סוכריות בטעם תות מנטוס 4*375 גרם,פרפטי ואן מלה ברדה,NL,מנטוס תות 4 יח,גרמים,150.00,100 גרם,false,0,11.30,7.53,true,1,
8710843662007,false,בישקוטים עוגיות ביצים200,B.V JEURGEN,NL,בישקוטים,גרמים,200.00,100 גרם,false,1,5.90,2.95,true,1,
8710873998855,false,עוגיות עם גבינת גאודה75ג,בויטמן,NL,עוגיות עם גאודה,גרמים,75.00,100 גרם,false,1,12.90,17.20,true,1,
8710873998879,false,עוגיות עם גבינת צ'דר75ג,בויטמן,NL,עוגיות עם צ'דר,גרמים,75.00,100 גרם,false,1,12.90,17.20,true,1,
8710873998893,false,עוגיות עם גבינת עיזים75ג,בויטמן,NL,עוגיות עם גבינה,גרמים,75.00,100 גרם,false,1,12.90,17.20,true,1,
8710873998930,false,עוגיות עם גבינת גראנה75ג,בויטמן,NL,עוגיות עם גבינה,גרמים,75.00,100 גרם,false,1,12.90,17.20,true,1,
8710908148293,false,אקס ספריי בלאק נייט 150מ,יוניליוור,GB,אקס ספריי גוף,מיליליטרים,150.00,"100 מ""ל",false,1,12.90,8.60,true,1,
8710908250996,false,רקסונה ספריי אקסטרה150,יונילוור ארגנטינה,AR,דאודורנט רקסונה,מיליליטרים,150.00,"100 מ""ל",false,1,14.90,9.93,true,1,
8710908251139,false,"רקסונה לגבר ספורט150מ""ל",יוניליוור,IL,דאודורנט רקסונה,מיליליטרים,150.00,"100 מ""ל",false,1,14.90,9.93,true,1,
8710908251313,false,רקסונה לגבר ללא סימן150,יוניליוור אנגליה,IL,דאודורנט רקסונה,מיליליטרים,150.00,"100 מ""ל",false,1,14.90,9.93,true,1,
8710908266164,false,"אקס בושם סיגנטור 100 מ""ל",יוניליוור,GB,אקס בושם סיגנטור,מיליליטרים,100.00,"100 מ""ל",false,1,34.90,34.90,true,1,
8710908326691,false,"תחליב רחצה פרח האדמונית דאב 750 מ""ל",יוניליוור ישראל שיווק בע`מ,DE,תחליב רחצה דאב,מיליליטרים,750.00,"100 מ""ל",false,1,17.90,2.39,true,1,
8710908427596,false,"אקס ספריי גוף150מ""ל YOU",יוניליוור,GB,אקס ספריי גוף,מיליליטרים,150.00,"100 מ""ל",false,1,12.90,8.60,true,1,
8710908642982,false,דאב תחליב רח.שמן מרוק750,יוניליוור,DE,תחליב רחצה דאב,מיליליטרים,750.00,"100 מ""ל",false,1,17.90,2.39,true,1,
8710908650208,false,"אקס ג'ל רחצה YOU 400 מ""ל",יוניליוור,DE,אקס ג'ל רחצה YOU,מיליליטרים,400.00,"100 מ""ל",false,1,9.90,2.48,true,1,
8711151034500,false,ממרח תפוחי עץ טבעי ה,B.V SLUISGE,NL,ממרח תפוחי עץ,גרמים,450.00,100 גרם,false,1,9.90,2.20,true,1,
8711281013345,false,חרדל הולנדי מקורי גרגירים 335 גרם,HUISMAN DE,NL,חרדל הולנדי,גרמים,335.00,100 גרם,false,1,7.90,2.36,true,1,
8711600656437,false,ג'ל רחצה אקס ספורט 400מ,יוניליוור,DE,ג'ל רחצה אקס,מיליליטרים,400.00,"100 מ""ל",false,1,9.90,2.48,true,1,
8711700633987,false,שמפו טרזמה עם קרטין 500,יוניליוור,IL,שמפו טרזמה,מיליליטרים,500.00,"100 מ""ל",false,1,22.90,4.58,true,1,
8711700665834,false,סבון מוצק Beauty cream bar בניחוח מלפפון ותה ירוק - מארז שישיה,יוניליוור ישראל שיווק בעמ,IL,סבון דאב שישייה,גרמים,600.00,100 גרם,false,0,17.90,2.98,true,1,
8712400802512,false,תרכובת מזון המשך לפעוטות על בסיס חלב שלב 2,דיפלומט מפיצים (1968) בעמ**,NL,נוטרילון שלב2-,גרמים,800.00,100 גרם,false,0,75.90,9.49,true,1,
8712561319423,false,דאו.רקסונה אינביזיבל 150,יוניליוור אנגליה,TR,דאו.רקסונה,מיליליטרים,150.00,"100 מ""ל",false,1,14.90,9.93,true,1,
8712561461436,false,"אקס ג'ל רחצה גולד 400מ""ל",יוניליוור,IL,אקס ג'ל רחצה,מיליליטרים,400.00,"100 מ""ל",false,0,9.90,2.48,true,1,
8712561594240,false,"דאב תחליב רחצה להזנה עמוקה500 מ""ל-מרכז",יוניליוור ישראל שיווק בע`מ,DE,תחליב רחצה דאב,מיליליטרים,500.00,"100 מ""ל",false,1,17.90,3.58,true,1,
8712561594608,false,"דאב תחליב רחיצה להזנה עמוקה 750 מ""ל",יוניליוור ישראל שיווק בע`מ,DE,תחליב רחצה דאב,מיליליטרים,750.00,"100 מ""ל",false,1,17.90,2.39,true,1,
8712566050116,false,ממרח בוטנים חלק 350 גרם,יונילוור הולנד,NL,ממרח בוטנים חלק,גרמים,350.00,100 גרם,false,1,14.90,4.26,true,1,
8712566050123,false,ממרח בוטנים קראנצ'י350גר,יונילוור הולנד,NL,ממרח בוטנים,גרמים,350.00,100 גרם,false,1,14.90,4.26,true,1,
8713276001177,false,פופקורן טבסקו 90 גרם,גימי פרודוכטס בי וי,NL,פופקורן טבסקו,גרמים,90.00,100 גרם,false,1,5.90,6.56,true,1,
8713276001207,false,פופקורן פפריקה 90 גרם,גימי פרודוכטס בי וי,NL,פופקורן פפריקה,גרמים,90.00,100 גרם,false,1,5.90,6.56,true,1,
8713276001238,false,פופקורן מלח 70 גרם,גימי פרודוכטס בי וי,NL,פופקורן מלח,גרמים,90.00,100 גרם,false,1,5.90,6.56,true,1,
8713621810966,false,ביסקוויט חמאה דאלמנס140ג,דאלמנס,NL,ביסקוויט חמאה,גרמים,140.00,100 גרם,false,1,10.00,7.14,true,1,
8713621850511,false,וופל במילוי קרמל 230גרם,KESBEKE,NL,וופל במילוי קרמל,גרמים,230.00,100 גרם,false,1,10.00,4.35,true,1,
8713621850528,false,וופל במילוי קרמל פחית230,דאלמנס,NL,וופל במילוי קרמל,גרמים,230.00,100 גרם,false,1,14.90,6.48,true,1,
8713621851044,false,וופל שוקולד קרמל 224מ,KESBEKE,NL,וופל שוקולד קרמל,גרמים,224.00,100 גרם,false,1,10.00,4.46,true,1,
8713621880426,false,וופל ממולא דבש 150 גרם,KESBEKE,NL,וופל ממולא דבש,גרמים,150.00,100 גרם,false,1,10.00,6.67,true,1,
8714599513781,false,"קפה נמס מיובש בהקפאה זהב צנצנת ג'ייקובס 200 גרם לל""ס",דיפלומט מפיצים (1968) בעמ**,RU,קפה נמס ג'קובס,גרמים,200.00,100 גרם,false,1,25.90,12.95,true,1,
8714599513835,false,גי'קובס קרונונג נייט אנד דיי - נטול קופיאין,דיפלומט מפיצים (1968) בעמ**,RU,קפה ג'קובס נטול,גרמים,200.00,100 גרם,false,1,39.90,19.95,true,1,
8714599513866,false,"קפה נמס מיובש בהקפאה קרונג צנצנת ג'ייקובס 200 גרם לל""ס",דיפלומט מפיצים (1968) בעמ**,RU,קפה נמס ג'קובס,גרמים,200.00,100 גרם,false,1,25.90,12.95,true,1,
8714599513897,false,קפה נמס ג'קובס קרוננג300,ג'יי.די.אי.,RU,קפה נמס ג'קובס,גרמים,300.00,100 גרם,false,1,29.90,9.97,true,1,
8714599515198,false,קפה ג'קובס קרוננג+מאג200,ג'יי.די.אי.,RU,קפה נמס ג'קובס,גרמים,200.00,100 גרם,false,1,25.90,12.95,true,1,
8714789095653,false,"קולגייט משחת שיניים הרבל 100מ""ל",הנסיך- מפעל לייצור ט,IL,משחת שיניים,מיליליטרים,100.00,"100 מ""ל",false,0,13.10,13.10,true,1,
8714789132549,false,קולגייט הרבל להלבנה100מל,קולגייט-פלמוליב,BR,משחת שיניים,מיליליטרים,100.00,"100 מ""ל",false,0,13.10,13.10,true,1,
8714789177229,false,רבעיית מברשות שיניים קולגייט אקסטרה קלין 1 יחידה,הנסיך- מפעל לייצור ט,VN,4 מברשות שיניים,יחידה,1.00,יחידה,false,0,9.90,9.90,true,1,
8714789190969,false,משחת קולגייט להלבנה 75מל,קולגייט-פלמוליב,IL,משחת שיניים,מיליליטרים,75.00,"100 מ""ל",false,0,16.90,22.53,true,1,
8714789303925,false,מברשת שיניים 360 סנסטיב רכה במיוחד קולגייט 2 יחידות,קולגייט- פלמוליב,CH,2 מברשות שיניים,יחידה,1.00,יחידה,false,0,29.90,29.90,true,1,
8714789402932,false,נוזל לניקוי כללי ורצפות בניחוח ורדי בוקר אג'קס 1.5 ליטר,הנסיך- מפעל לייצור ט,GR,אג'קס לניקוי,ליטרים,1.50,ליטר,false,0,19.90,13.27,true,1,
8714789450315,false,פלמוליב כלים שקוף לימון 1.5 ליטר,הנסיך- מפעל לייצור ט,IL,פלמוליב לכלים,ליטרים,1.50,ליטר,false,0,13.90,9.27,true,1,
8714789473970,false,קולגייט טוטל אדוונס 100מ,קולגייט פלמוליב,PL,קולגייט טוטל אדוונס 100מ,מיליליטרים,100.00,"100 מ""ל",false,0,12.90,12.90,true,1,
8714789529561,false,"משחת שיניים סנסטיב פרו ריליף להלבנה קולגייט 75 מ""ל",קולגייט פלמוליב,BR,משחת קולגייט,מיליליטרים,75.00,"100 מ""ל",false,0,25.90,34.53,true,1,
8714789552897,false,קולגייט טוטל אדוונס 100מ,קולגייט-פלמוליב,PL,משחת קולגייט,מיליליטרים,100.00,"100 מ""ל",false,0,12.90,12.90,true,1,
8714789797786,false,"פלמוליב נוזל לניקוי כלים גריז בלסטר 750 מ""ל",יבואן ומשווק: ש. שסט,GR,פלמוליב לכלים,מיליליטרים,750.00,"100 מ""ל",false,0,9.90,1.32,true,1,
8714789834467,false,פלמוליב נוזל לניקוי כלים קלאסי 1.5 ליטר,קולגייט-פלמוליב,GR,פלמוליב לכלים,ליטרים,1.50,ליטר,false,0,13.90,9.27,true,1,
8714789855929,false,משחת קולגייט טוטל גאם75מ,הנסיך- מפעל לייצור ט,IL,משחת קולגייט,מיליליטרים,75.00,"100 מ""ל",false,0,12.90,17.20,true,1,
8714789861852,false,קולגייט מקס פרש קלין100מ,קולגייט-פלמוליב,PL,משחת קולגייט,מיליליטרים,100.00,"100 מ""ל",false,1,19.90,19.90,true,1,
8714789930848,false,"משחת שיניים אופטיק וייט הלבנה מיידית קולגייט 75 מ""ל",איינשטיין-צור יבוא-יצוא וסחר ב,PL,משחת קולגייט,מיליליטרים,75.00,"100 מ""ל",false,0,16.90,22.53,true,1,
8714800007191,false,"בירה בווריה פרמיום 500 מ""ל פחית",בווריה,NL,בירה בווריה פחית,מיליליטרים,500.00,"100 מ""ל",false,0,5.90,1.18,true,1,
8715700115849,false,מתבל עגבניות היינץ1.35קג,היינץ,NL,מתבל עגבניות,קילוגרמים,1.35,"ק""ג",false,1,19.00,14.07,true,1,
8715700416021,false,ממרח סנדויץ מלפפונים 300 גרם,היינץ,NL,ממרח סנדוויץ,גרמים,300.00,100 גרם,false,1,12.90,4.30,true,1,
8715700419718,false,מתבל עגבניות היינץ 910 גרם,ה.י. היינץ,NL,מתבל עגבניות,גרמים,910.00,100 גרם,false,1,10.00,1.10,true,1,
8715700419732,false,מתבל עגבניות היינץ (700 גרם),דיפלומט מפיצים (1968) בעמ**,NL,מתבל עגבניות,גרמים,700.00,100 גרם,false,0,10.00,1.43,true,1,
8715700421056,false,ממרח סנדויץ פיקנטי 300 גרם,היינץ,NL,ממרח סנדוויץ,גרמים,300.00,100 גרם,false,1,12.90,4.30,true,1,
8715700422367,false,מיונז מופחת שומן היינץ (420 גרם),דיפלומט מפיצים (1968) בעמ**,ES,מיונז היינץ לייט,גרמים,420.00,100 גרם,false,1,10.00,2.38,true,1,
8715700422381,false,מיונז אמיתי היינץ 420 גרם,דיפלומט מפיצים (1968) בעמ**,ES,מיונז היינץ,גרמים,420.00,100 גרם,false,1,10.00,2.38,true,1,
8715700422473,false,ממרח לכריכים וסלטים ללא ח. משמרים היינץ 395 גרם,דיפלומט מפיצים (1968) בעמ**,NL,ממרח היינץ,גרמים,395.00,100 גרם,false,1,14.90,3.77,true,1,
8715700423777,false,מתבל עגב.מופחת סוכר ומלח,היינץ,NL,מתבל עגבניות,גרמים,555.00,100 גרם,false,1,10.00,1.80,true,1,
8716405000058,false,"סירופ ג'ינג'ר 300 מ""ל",אלג'פ,NL,סירופ גינג'ר,גרמים,300.00,100 גרם,false,1,9.90,3.30,true,1,
8716405000089,false,קוביות גינג'ר בסירופ200ג,אלג'פ,NL,קוביות גינג'ר,גרמים,200.00,100 גרם,false,1,9.90,4.95,true,1,
8716405000218,false,ג'ינג'ר מגורד ממותק 250ג,אלג'פ,NL,ג'ינג'ר מגורד,גרמים,250.00,100 גרם,false,1,9.90,3.96,true,1,
8716405000874,false,קוביות ג'ינג'ר מסוכר200ג,אלג'פ,NL,ג'ינג'ר מסוכר,גרמים,200.00,100 גרם,false,1,19.90,9.95,true,1,
8717163456613,false,תחליב דאב שטיפה אינטימית,יוניליוור,PL,שטיפה אינטימית,מיליליטרים,250.00,"100 מ""ל",false,0,31.00,12.40,true,1,
8717813008209,false,עוגת דובשנית 400 גרם,ווס באנקט,DE,עוגת דובשנית,גרמים,400.00,100 גרם,false,1,12.90,3.23,true,1,
8717813008216,false,עוגה עם גבישי סוכר 440גר,ווס באנקט,NL,עוגה גבישי סוכר,גרמים,440.00,100 גרם,false,1,12.90,2.93,true,1,
8717813008223,false,עוגיות בטעם בוטנים 320 ג,רמייה,NL,עוגיותבוטנים,גרמים,320.00,100 גרם,false,1,9.90,3.09,true,1,
8717813008230,false,וופל במילוי קרמל 250 גרם,STROOPWAFEL,NL,וופל במילוי קרמל,גרמים,250.00,100 גרם,false,1,7.90,3.16,true,1,
8718114047249,false,שישיית סבון מוצק דאב 100 גרם ליח',יוניליוור ישראל שיווק בעמ,DE,סבון דאב שישייה,גרמים,600.00,100 גרם,false,0,17.90,2.98,true,1,
8718158310712,false,קשים לשתייה 100 יחידות,.,CN,קשית לשתייה,יחידה,1.00,יחידה,false,1,7.90,7.90,true,1,
8718781200312,false,חטיף צ'יפס מירקות שורש90,יילו צ'יפס,NL,חטיף צ'יפס,גרמים,90.00,100 גרם,false,1,15.90,17.67,true,1,
8718951001596,false,ספריי אמבטיות אג`קס (600 מל)-יבוא מקביל,הנסיך- מפעל לייצור ט,GR,אג'קס לאמבטיה,מיליליטרים,600.00,"100 מ""ל",false,1,14.80,2.47,true,1,
8718951044913,false,משחת שיניים הלבנה מרידול (75 מל),קולגייט פלמוליב,DE,משחת מרידול,מיליליטרים,75.00,"100 מ""ל",false,1,20.90,27.87,true,1,
8718951093331,false,מרידול זוג מברשות שיניים אקסטרה סופט,קולגייט פלמוליב,CH,זוג מברשות מרידו,יחידה,1.00,יחידה,false,1,33.90,33.90,true,1,
8718951159808,false,מברשות שיניים 360 מדיום- מארז שלישייה,קולגייט-פלמוליב,IL,3 מברשות קולגייט,יחידה,1.00,יחידה,false,1,29.90,29.90,true,1,
8718951160897,false,ספריי אקונומיקה עוצמת ה7 טריגר אגקס 500מ,קולגייט פלמוליב,GR,אג'קס אקונומיקה,מיליליטרים,500.00,"100 מ""ל",false,1,14.80,2.96,true,1,
8720600606779,false,"רסק תפוח עץ צנצנת 370מ""ל",BY HAK,NL,רסק תפוח עץ,מיליליטרים,370.00,"100 מ""ל",false,1,7.90,2.14,true,1,
8720600608780,false,גרעיני תירס בצנצנת 370מל,BY HAK,NL,גרעיני תירס,מיליליטרים,370.00,"100 מ""ל",false,1,7.90,2.14,true,1,
8720600608810,false,"פרוסות סלק בצנצנת 370 מ""",BY HAK,NL,פרוסות סלק,מיליליטרים,370.00,"100 מ""ל",false,1,7.90,2.14,true,1,
8720600608926,false,שעועית ירוקה צנצנת 370מל,BY HAK,NL,שעועית ירוקה,מיליליטרים,370.00,"100 מ""ל",false,1,7.90,2.14,true,1,
8720600609008,false,שעועית לבנה ברוטב עגב370,BY HAK,NL,שעועית ברוטב,מיליליטרים,370.00,"100 מ""ל",false,1,7.90,2.14,true,1,
8720600609046,false,גזר גמדי בצנצנת 370 גרם,BY HAK,NL,גזר גמדי,גרמים,370.00,100 גרם,false,1,7.90,2.14,true,1,
8722100020420,false,רוטב לציפס וכריכים 850מל,וואן האוטן,NL,רוטס לציפס וכריך,מיליליטרים,850.00,"100 מ""ל",false,1,14.90,1.75,true,1,
8722100028013,false,"קטשופ הולנדי 850 מ""ל",רמייה ביוי,NL,קטשופ הולנדי,מיליליטרים,850.00,"100 מ""ל",false,1,14.90,1.75,true,1,
8722100028112,false,"רוטב קארי 850 מ""ל",רמייה ביוי,NL,רוטב קארי,מיליליטרים,850.00,"100 מ""ל",false,1,14.90,1.75,true,1,
8722700001225,false,תה פרמידה מנגו אפרסק20שק,יוניליוור,BE,תה פרמידה,גרמים,36.00,100 גרם,false,0,15.10,41.94,true,1,
8723400776901,false,סוכ.מנטוס פופינס פירות50,פרפטי ואן מלה,NL,סוכריות מנטוס,גרמים,50.00,100 גרם,false,1,4.90,9.80,true,1,
8723400776918,false,סוכ.מנטוס פופינס חמוץ50ג,פרפטי ואן מלה,NL,סוכריות מנטוס,גרמים,50.00,100 גרם,false,1,4.90,9.80,true,1,
8723400781158,false,מנטוס טעם תות תפוז40*4ג,פרפטי ואן מלה,NL,מנטוס תות תפוז,גרמים,160.00,100 גרם,false,1,11.30,7.06,true,1,
8723400782520,false,מנטוס סוכריות לעיסה בתפזורת בטעם פירות 160 ג',ליימן שליסל בעמ,NL,סוכריות מנטוס,גרמים,160.00,100 גרם,false,1,10.90,6.81,true,1,
8723900923355,false,טבק גולדן וירג'יניה35ג,bat,NL,טבק,גרמים,35.00,100 גרם,false,1,35.00,100.00,false,1,
8727500033094,false,קקאו הולנדי בלוקר 250 גרם,BV COCOA DUTCH,NL,אבקת קקאו הולנדי,גרמים,250.00,100 גרם,false,1,15.00,6.00,true,1,
8801055706440,false,מנות אישיות קפה נמס טייסטרס צ'ויס Taster's Choice,קבוצת אוסם סחר-שות.מוגבלת,KR,קפה טסטרס צ'וייס,גרמים,36.00,100 גרם,false,0,9.90,27.50,true,1,
8801055706952,false,נסקפה קפוצינו קרמל 10*17 גרם,נסטלה קוריאה - קפה,KR,קפוצ'ינו קרמל,גרמים,170.00,100 גרם,false,0,19.30,11.35,true,1,
8801055707010,false,נסקפה קפוצינו קלאסיק 10*12.5 גרם,קבוצת אסם סחר שות. מוגבלת,KR,נס קפה קפוצ'ינו,גרמים,125.00,100 גרם,false,0,19.30,15.44,true,1,
8801055707188,false,נסקפה קפוצינו אגוזים 10*18 גרם,נסטלה קוריאה - קפה,KR,נס קפה קפוצ'ינו,גרמים,180.00,100 גרם,false,0,19.30,10.72,true,1,
8801055707966,false,קפה טייסטרס צ`ויס בריסטה נסקפה (180 גרם),קבוצת אוסם סחר שותפות מוגבלת,KR,טסטרס צ'וייס,גרמים,180.00,100 גרם,false,1,39.90,22.17,true,1,
8850180040028,false,"טמפורה 500 גרם ""מזרח ומערב""",מזרח ומערב יבוא ושיווק,CN,טמפורה,גרמים,500.00,100 גרם,false,0,9.80,1.96,true,1,
8850206110025,false,"רוטב צ'ילי מתוק 700 מ""ל",יאן ואל יון,IL,רוטב צ'ילי מתוק,מיליליטרים,700.00,"100 מ""ל",false,0,13.90,1.99,true,1,
8850206117277,false,אצות נורי 10 דף 28 גרם,יאן ואל קורפוריישן גרופ,TH,אצות נורי,גרמים,28.00,100 גרם,false,0,14.80,52.86,true,1,
8850206801473,false,"רוטב קארי ירוק 250 מ""ל",יאן ואל קורפוריישן גרופ,TH,רוטב קארי ירוק,מיליליטרים,250.00,"100 מ""ל",false,1,13.80,5.52,true,1,
8850227010182,false,אטריות אורז 454 גרם,יאן ואל קורפוריישן גרופ,TH,אטריות אורז,גרמים,454.00,100 גרם,false,0,9.80,2.16,true,1,
8850367992164,false,קרם קוקוס 250 מל 20-22% ללא חומר משמר,מזרח ומערב יבוא ושיווק,TH,קרם קוקוס,מיליליטרים,250.00,"100 מ""ל",false,0,8.40,3.36,true,1,
8850389105825,false,משקה אלוורה בטעם ענבים סאפה 1 ליטר,סאפה פובליק קומפני לימיט,TH,סאפה ענבים,ליטרים,1.00,ליטר,false,0,11.90,11.90,true,1,
8850389105832,false,סאפה משקה אלוורה בטעם תפוח עם קוביות אלוורה 1 ליטר,סאפה פובליק קומפני לימיט,TH,סאפה תפוחים,ליטרים,1.00,ליטר,false,0,11.90,11.90,true,1,
8850389105849,false,סאפה משקה אלוורה מופחת קלוריות בטעם אפרסק 1 ליטר,סאפה פובליק קומפני לימיט,TH,סאפה אפרסק,ליטרים,1.00,ליטר,false,0,11.90,11.90,true,1,
8850389111666,false,משקה אלוורה בטעם אננס1ל,SAPPE PUBLIC COMPANY,TH,משקה אלוורה,ליטרים,1.00,ליטר,false,1,11.90,11.90,true,1,
8850632604259,false,"יוגטה, חיספוסים, ממתק חמוץ בצורת מקלות בטעם תות שדה,50 גרם",ליימן שליסל בע`מ,TH,יוגטה ממתק חמוץ,גרמים,50.00,100 גרם,false,0,4.60,9.20,true,1,
8850632604266,false,"יוגטה, ממתק חמוץ בצורת מקלות בטעם קולה, 50 גרם",ליימן שליסל בע`מ,TH,יוגטה ממתק חמוץ,גרמים,50.00,100 גרם,false,0,4.60,9.20,true,1,
8850632604372,false,"יוגטה, חיספוסים בצורת שטיח בטעם תות שדה 50 גרם",ליימן שליסל בע`מ,TH,יוגטה ממתק חמוץ,גרמים,50.00,100 גרם,false,0,4.60,9.20,true,1,
8850632604402,false,יוגטה חיספוסים בטעם מעורב תות שדה אבטיח ענבים בננה 50 גרם,ליימן שליסל בע`מ,TH,יוגטה ממתק חמוץ,גרמים,50.00,100 גרם,false,0,4.60,9.20,true,1,
8851613101378,false,"נוזל קוקוס ארוי די 250 מ""ל",גורי מוצרי צריכה (1991) בעמ,TH,נוזל קוקוס,מיליליטרים,250.00,"100 מ""ל",false,0,8.80,3.52,true,1,
8851613101385,false,"חלב קוקוס ארוי-די קרטון 500מ""ל",גורי מוצרי צריכה (1991) בעמ,TR,חלב קוקוס,מיליליטרים,500.00,"100 מ""ל",false,0,9.90,1.98,true,1,
8857101301008,false,רוטב צילי מתוק וילי 700 מל יצרןמותג: פאן,ג.וילי פוד אינטרנשיונל בעמ,TH,רוטב צ'ילי,מיליליטרים,700.00,"100 מ""ל",false,0,9.80,1.40,true,1,
8857105060253,false,חטיפי קוקוס טעם טבעי100ג,צ'אן צ'ארס פוד,TH,חטיפי קוקוס,גרמים,100.00,100 גרם,false,1,8.90,8.90,true,1,
8858271002870,false,רוטב פאד תאי 250 מ'ל - מקסצ'אפ,מזרח ומערב יבוא ושיווק,TH,רוטב פאד תאי,מיליליטרים,250.00,"100 מ""ל",false,0,13.80,5.52,true,1,
8858271003938,false,רוטב קארי ירוק 250 מ'ל - מקסצ'אפ,מזרח ומערב יבוא ושיווק,TH,רוטב קארי ירוק,גרמים,250.00,100 גרם,false,0,13.80,5.52,true,1,
8888021200256,false,סוללות אנרג'ייזר AA מקס 8 יחידות,יצרן: אנרג'ייזר סינג,US,שמינית סוללות,יחידה,1.00,יחידה,false,0,24.90,24.90,true,1,
8888757103005,false,"שמן שומשום טהור 300 מ""ל",אוך אייק גואן פוד אינדוס,SG,שמן שומשום,מיליליטרים,300.00,"100 מ""ל",false,0,18.30,6.10,true,1,
8901030002410,false,דאב קרם גוף מלפפונים400מ,יוניליוור,DE,קרם גוף דאב,מיליליטרים,400.00,"100 מ""ל",false,0,25.90,6.48,true,1,
8901030004421,false,ואזלין תח.גוף אלוורה725מ,יוניליוור,IL,תחליב גוף ואזלין,מיליליטרים,725.00,"100 מ""ל",false,0,19.90,2.74,true,1,
8901030476044,false,סבון לניקוי פנים פירס125,יוניליוור,CN,סבון לניקוי פנים,גרמים,125.00,100 גרם,false,1,5.00,4.00,true,1,
8901483010505,false,"קורנישונים בחומץ 690 גרם ""לינה""",יושלם,,קורנישון בחומץ,גרמים,680.00,100 גרם,false,0,9.90,1.46,true,1,
8901537024014,false,"אורז בסמטי מובחר 1 ק""ג - דוואט) יורה דיעה",ג. וילי-פוד אינטרנשיונל בע`מ,IN,אורז בסמטי,קילוגרמים,1.00,"ק""ג",false,0,13.90,13.90,true,1,
8908000668782,false,"אורז בסמטי בצנצנת 1 ק""ג",סולסון אוברסיז,IN,אורז בסמטי,קילוגרמים,1.00,"ק""ג",false,1,11.90,11.90,true,1,
8934878081835,false,"אטריות אורז דקות 1מ""מ 450גר' ורמיצלי(ba nam)ל.ג",Chanh Khang Company,VN,איטריות אורז,גרמים,454.00,100 גרם,false,0,8.90,1.96,true,1,
8992760221028,false,עוגיות אוראו 137 גרם,מונדלייז,ID,עוגיות אוראו,גרמים,137.00,100 גרם,false,1,6.90,5.04,true,1,
9000100798709,false,"דאודורנט פה רול און כוח המשיכה 50 מ""ל",שוורצקופף והנקל,DE,דאודורנט פה,מיליליטרים,50.00,"100 מ""ל",false,0,10.90,21.80,true,1,
9000100971461,false,"סומט ג'ל גולד 600 מ""ל",הנקל סוד,HU,סומט ג'ל למדיח,מיליליטרים,600.00,"100 מ""ל",false,1,17.90,2.98,true,1,
9000101067224,false,סומט גולד למדיח 40 טב,הנקל סוד,DE,סומט גולד למדיח,יחידה,1.00,יחידה,false,1,32.90,32.90,true,1,
9002859062131,false,גונץ- מארז פרליני פרלינים ורד 400 גר',GUNZ WARENHANDELS,AT,פרלינים גונץ,גרמים,400.00,100 גרם,false,1,25.90,6.48,true,1,
9008619021639,false,מרק ירקות אורגני 150 גרם,מוגנטה,AT,מרק ירקות אורגני,גרמים,150.00,100 גרם,false,1,9.90,6.60,true,1,
9009200014559,false,סוכ.גומי אורגני פירות 100 גר BioBon,,IL,סוכריות ג'לי100ג,גרמים,100.00,100 גרם,false,0,12.40,12.40,true,1,
9120025835256,false,עוגות אישיות טעם קקאו420,טי.אס.סי. פוד פרודקטס,AT,עוגות אישיות,גרמים,420.00,100 גרם,false,1,11.90,2.83,true,1,
9300632078431,false,קולגייט פרו רילף מולטי75,קולגייט-פלמוליב,IL,משחת קולגייט,מיליליטרים,75.00,"100 מ""ל",false,0,25.90,34.53,true,1,
9310072028743,false,טים טם ביסקוויט במילוי שוקולד 200 גרם,"ארנוטס ביסקוויטס בע""",AU,טים טם אורגינל,גרמים,200.00,100 גרם,false,1,19.90,9.95,true,1,
9310072028750,false,חטיף שוקולד דאבל קרם טים טם (200 גרם),"ארנוטס ביסקוויטס בע""",AU,טים טם דאבל,גרמים,200.00,100 גרם,false,1,19.90,9.95,true,1,
9310088009521,false,דיפנד תחתון סופג ACTIVE FIT נשים L,חוגלה קימברלי,KR,תחתוני דיפנד,יחידה,1.00,יחידה,false,1,43.50,43.50,true,1,
9322969000015,false,פריכיות תירס בטעם אורגינל ריל פודס 150 ג',אף.סי תבליני בגליל ב,AU,פריכיות תירס,גרמים,150.00,100 גרם,false,0,12.80,8.53,true,1,
9322969000022,false,"ריל פוד פריכיות תירס עם סויה וזרעי פשתן, ללא גלוטן 150 גרם",אף.סי תבליני בגליל ב,AU,פריכיות תירס,גרמים,150.00,100 גרם,false,0,12.80,8.53,true,1,
9720188050109,false,ממרח על בסיס סויה בסגנון גבינה טופוטי 225 גרם,*החברה המרכזית להפצת משקאותבעמ,US,ממרח טופו גבינה,גרמים,225.00,100 גרם,false,0,19.90,8.84,true,1,
9720188060108,false,ממרח על בסיס סויה בסגון שמנת טופוטי 340 גרם,*החברה המרכזית להפצת משקאותבעמ,US,ממרח טופו שמנת,גרמים,340.00,100 גרם,false,0,19.90,5.85,true,1,
