code,internal_code,name,manufacturer_name,manufacture_country,manufacturer_item_description,unit_qty,quantity,unit_of_measure,weighted,qty_in_package,price,unit_of_measure_price,allow_discount,status,item_id
142,true,פיתה,מאפיית כפיר צ. ידעי בעמ,,,יח`,1,,false,1,1.50,1.50,false,1,
196,true,גודי פטור מעמ,ספקים שונים,,,יח`,1,,false,1,0.01,0.01,false,1,
319,true,תו סיבוס פטור מעמ,ספקים שונים,,,יח`,1,,false,1,0.01,0.01,false,1,
321,true,תן ביס פטור מעמ,ספקים שונים,,,יח`,1,,false,1,0.01,0.01,false,1,
600,true,סנדוויץ`עובד,קבוצת אסם סחר שות. מוגבלת,,,יח`,1,,false,1,3,3,false,1,
2001,true,אשכולית,פירות בני דרור בעמ,,,"ק""ג",1,,true,1,5.90,5.90,false,1,
2002,true,אשכולית אדומה,תעשיות תוצרת חקלאית אביטן בני,,,"ק""ג",1,,true,1,5.90,5.90,false,1,
2003,true,אבוקדו,גליל שוק מקומי אגשח*שיק ל60 יו,,,"ק""ג",1,,true,1,9.90,9.90,false,1,
2004,true,אבטיח,י.ל. החקלאים שיווק והפצה בעמ*ש,,,"ק""ג",1,,true,1,5.90,5.90,false,1,
2006,true,ארטישוק,אנונה שיווק בעמ*שיק 45 יום*,,,"ק""ג",1,,true,1,25,25,false,1,
2007,true,בטטה,משק כרמי ייצור ושיווק תוצרת*שי,,,"ק""ג",1,,true,1,8.90,8.90,false,1,
2009,true,בננות,גליל שוק מקומי אגשח*שיק ל60 יו,,,"ק""ג",1,,true,1,5.90,5.90,false,1,
2010,true,בצל יבש,רביבו יהודה חקלאות ונכסים בעמ,,,"ק""ג",1,,true,1,4.90,4.90,true,1,
2012,true,אננס,פירות הכרמל אגשח בעמ*שיק 45 יו,,,יח`,1,,false,1,40,40,false,1,
2013,true,גויאבה,אלדד קליימן שיווק בעמ*שיק 40 י,,,"ק""ג",1,,true,1,19.90,19.90,false,1,
2015,true,דלעת,שוסטר תעשיות מזון בעמ*שיק ל 60,,,"ק""ג",1,,true,1,9.90,9.90,false,1,
2016,true,דלורית,שוסטר תעשיות מזון בעמ*שיק ל 60,,,"ק""ג",1,,true,1,6.90,6.90,false,1,
2017,true,תפוח זהוב,בראשית - אגודה שיתופית חקלאית-,,,"ק""ג",1,,true,1,9.90,9.90,false,1,
2019,true,חסה עגולה,הירוקים של רצון בעמ,,,יח`,1,,false,1,5.90,5.90,false,1,
2020,true,חסה רגילה,הירוקים של רצון בעמ,,,יח`,1,,false,1,4.90,4.90,false,1,
2021,true,חצילים,שיווק העשור ירקות הזהב בעמ - (,,,"ק""ג",1,,true,1,6.90,6.90,false,1,
2023,true,תפוח יונתן,בראשית - אגודה שיתופית חקלאית-,,,"ק""ג",1,,true,1,14.90,14.90,false,1,
2024,true,כרוב לבן,תעשיות תוצרת חקלאית אביטן בני,,,"ק""ג",1,,true,1,3.90,3.90,true,1,
2025,true,כרובית,ד.ע. ימין גידול ושיווק ירקות ב,,,"ק""ג",1,,true,1,8.90,8.90,false,1,
2027,true,לימון,אתרוג תוצרת חקלאית*שיק 30 יום*,,,"ק""ג",1,,true,1,8.90,8.90,false,1,
2028,true,מלפפון,נסים מאיר חקלאי בעמ*שיק 30 יום,,,"ק""ג",1,,true,1,5.90,5.90,false,1,
2029,true,מלון,בננות החוף אגשח בעמ,,,"ק""ג",1,,true,1,7.90,7.90,false,1,
2033,true,תפוח סמיט,בראשית - אגודה שיתופית חקלאית-,,,"ק""ג",1,,true,1,9.90,9.90,false,1,
2034,true,תפוח סטארקינג חרמון,בראשית - אגודה שיתופית חקלאית-,,,"ק""ג",1,,true,1,9.90,9.90,false,1,
2035,true,סלק,מלוא הסל שיווק ירקות בעמ*שיק 3,,,"ק""ג",1,,true,1,5.90,5.90,true,1,
2036,true,עגבניה,שיווק העשור ירקות הזהב בעמ - (,,,"ק""ג",1,,true,1,5.90,5.90,true,1,
2038,true,פטריות שמפיניון יחידה,מרינה פטריות הגליל בעמ,,,יח`,1,,false,1,9.90,9.90,true,1,
2039,true,פומלה,מהדרין תנופורט ייצוא פרי אור -,,,"ק""ג",1,,true,1,8.90,8.90,false,1,
2040,true,פלפל ירוק,ינאי - מרכז פרי והירק בעמ*שיק,,,"ק""ג",1,,true,1,7.90,7.90,false,1,
2041,true,פלפל חריף,שיווק העשור ירקות הזהב בעמ - (,,,"ק""ג",1,,true,1,8.90,8.90,false,1,
2042,true,פג`ויה,יבולי ישראל עמרם את קאלו בעמ,,,"ק""ג",1,,true,1,14.90,14.90,false,1,
2043,true,צנונית,תוצרת הנגב אגודה שיתופית חקלאי,,,יח`,1,,false,1,6.90,6.90,true,1,
2044,true,צנון,עמית בראון שיווק עמ*שיק 40 יום,,,"ק""ג",1,,true,1,5.90,5.90,false,1,
2046,true,קולורבי,תעשיות תוצרת חקלאית אביטן בני,,,"ק""ג",1,,true,1,6.90,6.90,false,1,
2047,true,קלמנטינה,תעשיות תוצרת חקלאית אביטן בני,,,"ק""ג",1,,true,1,6.90,6.90,false,1,
2048,true,קישואים,אשר שי אלבז *שיק 30 יום*,,,"ק""ג",1,,true,1,8.90,8.90,false,1,
2049,true,קיווי,בראשית - אגודה שיתופית*שיק 45,,,"ק""ג",1,,true,1,19.90,19.90,false,1,
2050,true,פומלית,תעשיות תוצרת חקלאית אביטן בני,,,"ק""ג",1,,true,1,8.90,8.90,false,1,
2051,true,לפת,מלוא הסל שיווק ירקות בעמ*שיק 3,,,"ק""ג",1,,true,1,6.90,6.90,false,1,
2054,true,שומר,תעשיות תוצרת חקלאית אביטן בני,,,"ק""ג",1,,true,1,6.90,6.90,false,1,
2058,true,תפוא לבן,עוגן שיווק ואריזות בעמ,,,"ק""ג",1,,true,1,3.90,3.90,true,1,
2059,true,תפוזים,הדרי קטיף אריזה ושיווק בעמ*שיק,,,"ק""ג",1,,true,1,5.90,5.90,false,1,
2060,true,תירס ארוז,צמח שיווק תוצרת חקלאית *שיק 30,,,"ק""ג",1,,true,1,9.90,9.90,false,1,
2061,true,פלפל אדום,י.ל. החקלאים שיווק והפצה בעמ*ש,,,"ק""ג",1,,true,1,8.90,8.90,true,1,
2063,true,אגס,טריפל סל בעמ,,,"ק""ג",1,,true,1,12.90,12.90,false,1,
2064,true,כרוב אדום,תעשיות תוצרת חקלאית אביטן בני,,,"ק""ג",1,,true,1,5.90,5.90,false,1,
2065,true,פלפל חריף אדום,דובדבן שיווק בעמ*שיק 60 יום*,,,"ק""ג",1,,true,1,9.90,9.90,false,1,
2066,true,פלפל בהיר,שיווק העשור ירקות הזהב בעמ - (,,,"ק""ג",1,,true,1,9.90,9.90,false,1,
2067,true,פלפל צהוב,ב.ד. גידול ירקות בעמ*שיק 30 יו,,,"ק""ג",1,,true,1,8.90,8.90,false,1,
2068,true,אפרסמון,מור פירות השרון בעמ* שיק 45 יו,,,"ק""ג",1,,true,1,12.90,12.90,false,1,
2072,true,בצל אדום,רביבו יהודה חקלאות ונכסים בעמ,,,"ק""ג",1,,true,1,6.90,6.90,false,1,
2074,true,שרי ארוז,צימן עגבניות שיווק רמת הנגב בע,,,יח`,1,,false,1,9.90,9.90,false,1,
2080,true,נקטרינה,מיטב פרי הרמה (1995) בעמ*שיק 3,,,"ק""ג",1,,true,1,9.90,9.90,false,1,
2082,true,תפוח פינק,בראשית - אגודה שיתופית חקלאית-,,,"ק""ג",1,,true,1,12.90,12.90,false,1,
2089,true,שזיף ירוק,מור פירות השרון בעמ* שיק 45 יו,,,"ק""ג",1,,true,1,14.90,14.90,false,1,
2092,true,פלפל שושקה,י.ל. החקלאים שיווק והפצה בעמ*ש,,,"ק""ג",1,,true,1,9.90,9.90,false,1,
2094,true,תפוח ענה,ח.ע בסד שיווק פירות בעמ,,,"ק""ג",1,,true,1,9.90,9.90,false,1,
2095,true,סברס,מהדרין תנופורט יצוא *שיק 30 יו,,,"ק""ג",1,,true,1,29.90,29.90,false,1,
2099,true,שזיף אדום,בועז את עמיר בעמ*שיק 40 יום*,,,"ק""ג",1,,true,1,15.90,15.90,false,1,
2102,true,שזיף שגיב,בראשית - אגודה שיתופית*שיק 45,,,"ק""ג",1,,true,1,14.90,14.90,false,1,
2104,true,מבצע ירקות,שפע בפרי ארצנו בעמ,,,"ק""ג",1,,true,1,4.90,4.90,false,1,
2107,true,תמר צהוב,אוחיון יעקב חקלאות,,,"ק""ג",1,,true,1,6.90,6.90,false,1,
2111,true,בטטה ירושלמית כסביה,הררי מאיר ובניו הובלות בקרור ב,,,"ק""ג",1,,true,1,12.90,12.90,false,1,
2112,true,תפוז סיני,עמית בראון שיווק עמ*שיק 40 יום,,,"ק""ג",1,,true,1,10,10,false,1,
2113,true,פלפל כתום,י.ל. החקלאים שיווק והפצה בעמ*ש,,,"ק""ג",1,,true,1,8.90,8.90,false,1,
2114,true,ערמונים תפזורת,בכורי שדה דרום 2002 בעמ,,,"ק""ג",1,,true,1,19.90,19.90,false,1,
2115,true,שום טרי בתפזורת,בננות החוף אגשח בעמ,,,"ק""ג",1,,true,1,10,10,false,1,
2116,true,קישואים עגולים,עמית בראון שיווק עמ*שיק 40 יום,,,"ק""ג",1,,true,1,9.90,9.90,false,1,
2117,true,פול ירוק,דובדבן שיווק בעמ*שיק 60 יום*,,,"ק""ג",1,,true,1,8.90,8.90,false,1,
2120,true,תפוא אדום,עוגן שיווק ואריזות בעמ,,,"ק""ג",1,,true,1,4.90,4.90,false,1,
2122,true,רימון,אלדד קליימן שיווק בעמ*שיק 40 י,,,"ק""ג",1,,true,1,8.90,8.90,false,1,
2127,true,ענבים ירוקים טלי,לכיש מושב עובדים להתישבות*30 י,,,"ק""ג",1,,true,1,29.90,29.90,false,1,
2130,true,אנונה,גליל שוק מקומי אגשח*שיק ל60 יו,,,"ק""ג",1,,true,1,18.90,18.90,false,1,
2132,true,ברוקולי ארוז,בננות החוף אגשח בעמ,,,יח`,1,,false,1,10,10,false,1,
2134,true,תפוח נאשי,בראשית - אגודה שיתופית חקלאית-,,,"ק""ג",1,,true,1,14.90,14.90,false,1,
2144,true,קישוא זוקיני,שיווק העשור ירקות הזהב*שיק 30,,,"ק""ג",1,,true,1,9.90,9.90,false,1,
2158,true,תפוזים ברשת,מהדרין תנופורט ייצוא פרי אור -,,,"ק""ג",1,,true,1,4.90,4.90,false,1,
2159,true,קלמנטינה ברשת,מהדרין תנופורט יצוא *שיק 30 יו,,,"ק""ג",1,,true,1,5.90,5.90,false,1,
2160,true,רוביא,דובדבן שיווק בעמ*שיק 60 יום*,,,"ק""ג",1,,true,1,39.90,39.90,false,1,
2165,true,פטריות תפזורת גדולות למילוי,חוות השמפיניון בעמ,,,"ק""ג",1,,true,1,39.90,39.90,false,1,
2168,true,תפוח ברשת,אמצע השוק בעמ,,,"ק""ג",1,,true,1,9.90,9.90,false,1,
2170,true,שעועית ירוקה,בננות החוף אגשח בעמ,,,יח`,1,,false,1,10,10,false,1,
2173,true,חציל בלדי,י.ל. החקלאים שיווק והפצה בעמ*ש,,,"ק""ג",1,,true,1,7.90,7.90,true,1,
2175,true,עגבנית תמר,שיווק העשור ירקות הזהב*שיק 30,,,"ק""ג",1,,true,1,5.90,5.90,false,1,
2178,true,חצילונים,נווה ירק בעמ,,,"ק""ג",1,,true,1,6.90,6.90,false,1,
2186,true,תפוח גלה,בראשית - אגודה שיתופית חקלאית-,,,"ק""ג",1,,true,1,9.90,9.90,false,1,
2323,true,גבינה מגורדת מעדנייה,תנובה - חלב,,,"ק""ג",10,100 גרם,true,1,48,4.80,false,1,
9209,true,כף עגל טרי חלק,אדום אדום - תנובה בקר,,,"ק""ג",1,,true,1,79.90,79.90,true,1,
10106,true,צוואר צלעות עגל עע חלק,אדום אדום - תנובה בקר,,,"ק""ג",1,,true,1,49.90,49.90,false,1,
11004,true,הולנדית+שויצרית+צ`דר,גבינות הכפר בעמ,,,"ק""ג",10,100 גרם,true,1,29,2.90,false,1,
12001,true,מעושנת,גבינות הכפר בעמ,,,"ק""ג",10,100 גרם,true,1,38,3.80,false,1,
14005,true,מקסיקנית,גבינות הכפר בעמ,,,"ק""ג",10,100 גרם,true,1,36,3.60,false,1,
15002,true,גבינה שום שמיר+זיתים במישקל,גבינות הכפר בעמ,,,"ק""ג",10,100 גרם,true,1,36,3.60,false,1,
15474,true,פריסקיז מעדני הבית 1.45,שחורי אריה ואנסטסיה,,,יח`,14.50,100 גרם,false,1,35.90,2.48,false,1,
18218,true,שייטל עגל טרי חלק,אדום אדום - תנובה בקר,,,"ק""ג",1,,true,1,89.90,89.90,false,1,
21584,true,חלה באגט(מאפית),קבוצת אסם סחר שות. מוגבלת,,,יח`,1,,false,1,11.90,11.90,true,1,
23489,true,דג סלמון נורבגי טרי שלם - נקי,מאסטרפוד בעמ,,,"ק""ג",1,100 גרם,true,1,79,79,true,1,
35444,true,רחת לוקום במשקל,וואלי מרקט 2018 א.ד.ע. בעמ,,,"ק""ג",10,100 גרם,true,1,47,4.70,false,1,
44002,true,צנובר במשקל,וואלי מרקט 2018 א.ד.ע. בעמ,,,"ק""ג",10,100 גרם,true,1,199,19.90,false,1,
44224,true,אגוז קשיו קלוי גדול,וואלי מרקט 2018 א.ד.ע. בעמ,,,"ק""ג",10,100 גרם,true,1,95,9.50,false,1,
44606,true,גרעיני דלעת במשקל,וואלי מרקט 2018 א.ד.ע. בעמ,,,"ק""ג",10,100 גרם,true,1,49,4.90,false,1,
46662,true,סקנדינבית 31% תנובה,תנובה - חלב,,,"ק""ג",10,100 גרם,true,1,76,7.60,false,1,
47027,true,קשקבל (27% גלעד) תנובה,תנובה - חלב,,,"ק""ג",10,100 גרם,true,1,121,12.10,false,1,
47485,true,בולגרית פיראוס 24% פח 3 קג`תנובה,תנובה - חלב,,,"ק""ג",10,100 גרם,true,1,56,5.60,false,1,
48444,true,חמד 16% 1 קג`פיראוס תנובה,תנובה - חלב,,,יח`,10,100 גרם,false,1,55,5.50,false,1,
58009,true,דנאבלו(רוקפור),ג.וילי-פוד אינטרנשיונל **גבינו,,,"ק""ג",10,100 גרם,true,1,85,8.50,false,1,
58214,true,גבינת עיזים הולנד מעדנייה,א. סיימן סחר בעמ,,,"ק""ג",10,100 גרם,true,1,169,16.90,false,1,
62084,true,דג פילה לברק טרי,מאסטרפוד בעמ,,,"ק""ג",1,,true,1,109,109,false,1,
71718,true,חזה אסאדו עע טרי חלק,אדום אדום - תנובה בקר,,,"ק""ג",1,"ק""ג",true,1,59.90,59.90,false,1,
81816,true,אוסובוקו עגל טרי חלק,אדום אדום - תנובה בקר,,,"ק""ג",1,"ק""ג",true,1,49.90,49.90,false,1,
83834,true,גרעיני אבטיח קלויים במשקל,וואלי מרקט 2018 א.ד.ע. בעמ,,,"ק""ג",10,100 גרם,true,1,57,5.70,false,1,
89652,true,סטייק עם עצם חלק,אדום אדום - תנובה בקר,,,"ק""ג",1,"ק""ג",true,1,118,118,true,1,
254630,true,ויסברטן עגל טרי חלק,אדום אדום - תנובה בקר,,,"ק""ג",1,"ק""ג",true,1,79.90,79.90,true,1,
269870,true,צ`אך עגל טרי חלק,אדום אדום - תנובה בקר,,,"ק""ג",1,,true,1,89.90,89.90,false,1,
277394,true,דג בס טרי נקי,מאסטרפוד בעמ,,,"ק""ג",1,,true,1,49.90,49.90,true,1,
282305,true,דג לברק טרי נקי,מאסטרפוד בעמ,,,"ק""ג",1,,true,1,69,69,true,1,
303505,true,פילה נסיכת הנילוס טרי נקי,מאסטרפוד בעמ,,,"ק""ג",1,,true,1,69.90,69.90,false,1,
318707,true,סלמי מעושן 500גרם,מעדני יחיעם (1993) בעמ,,,יח`,5,100 גרם,false,1,29.90,5.98,false,1,
318738,true,נקניק עוף 450גרם,מעדני יחיעם (1993) בעמ,,,יח`,4.50,100 גרם,false,1,11.90,2.64,false,1,
344478,true,פילה מדומה טרי חלק,אדום אדום - תנובה בקר,,,"ק""ג",1,,true,1,79.90,79.90,true,1,
352145,true,שריר עגל טרי חלק,אדום אדום - תנובה בקר,,,"ק""ג",1,,true,1,64.90,64.90,false,1,
360201,true,אמנון טרי נקי,מאסטרפוד בעמ,,,"ק""ג",1,,true,1,29.90,29.90,true,1,
365510,true,צלי כתף טרי חלק,אדום אדום - תנובה בקר,,,"ק""ג",1,,true,1,89.90,89.90,false,1,
366203,true,דג בורי טרי נקי,מאסטרפוד בעמ,,,"ק""ג",1,,true,1,39,39,false,1,
370741,true,גבינה לבנה מלוחה מחלב עיזים 19% מעדנייה,ג.וילי-פוד אינטרנשיונל **גבינו,,,"ק""ג",10,100 גרם,true,1,70,7,false,1,
372204,true,דג ברמונדי נקי שלם,מאסטרפוד בעמ,,,"ק""ג",1,,true,1,49.90,49.90,true,1,
395408,true,גבנצ 28% נעם חריץ פיקוח מעדנייה,החב` המרכזית - טרה,,,"ק""ג",10,100 גרם,true,1,44.79,4.48,false,1,
395415,true,גבנצ 9% נעם חריץ מעדנייה,החב` המרכזית - טרה,,,"ק""ג",10,100 גרם,true,1,76,7.60,false,1,
395422,true,גבנצ 22% נעם חריץ פיקוח מעדנייה,החב` המרכזית - טרה,,,"ק""ג",10,100 גרם,true,1,42.58,4.26,false,1,
481043,true,פיתות כוסמין 10 יח`700 גר`,דגנית עין בר תעשיות מזון ואפיה,,,יח`,7,100 גרם,false,1,13.90,1.99,false,1,
482049,true,בולגריה בקוביות עם שמן ותבלינים,ג.וילי-פוד אינטרנשיונל **גבינו,,,"ק""ג",10,100 גרם,true,1,65,6.50,false,1,
507232,true,סופגניה וילי פוד במילוי תות,ג.וילי-פוד אינטרנשיונל בעמ,,,יח`,1,,false,1,1.90,1.90,false,1,
554655,true,מוצרלה נקניק מעושן 22% מעדנייה גד,מחלבות גד שיווק 1992 בעמ,,,"ק""ג",10,100 גרם,true,1,84,8.40,false,1,
554792,true,בולגרית 5% 16% מעודנת- גד מעדניה,מחלבות גד שיווק 1992 בעמ,,,"ק""ג",10,100 גרם,true,1,56,5.60,false,1,
554914,true,גבינה צפתית רכה 5% מעדנייה גד,מחלבות גד שיווק 1992 בעמ,,,"ק""ג",10,100 גרם,true,1,60,6,false,1,
554969,true,שמנות 30% גד,מחלבות גד שיווק 1992 בעמ,,,"ק""ג",10,100 גרם,true,1,45,4.50,false,1,
554990,true,כדורי מוצרלה במים גד פרסקה מעדניה,מחלבות גד שיווק 1992 בעמ,,,"ק""ג",10,100 גרם,true,1,92,9.20,false,1,
560915,true,דג דניס טרי נקי,מאסטרפוד בעמ,,,"ק""ג",1,,true,1,65,65,true,1,
560946,true,דג קרפיון מצונן נקי,מאסטרפוד בעמ,,,"ק""ג",1,,true,1,29.90,29.90,true,1,
571515,true,פילה סלמון נורבגי שלם -טרי,מאסטרפוד בעמ,,,"ק""ג",1,,true,1,109,109,true,1,
611136,true,כבד עוף קפוא,קורניש חן (1987) בעמ,,,"ק""ג",1,,true,1,11.90,11.90,false,1,
616575,true,גרון הודו קפוא,ג.ת. שיווק בן בקר בעמ,,,"ק""ג",10,100 גרם,true,1,24.90,2.49,false,1,
644820,true,שניצל ארוז קפוא מוביל חזה פרוס,עוף ירושלים שיווק בעמ,,,"ק""ג",1,,true,1,29.90,29.90,false,1,
652894,true,סטייק טונה 100% דג- תנובה,תנובה קפואים,,,"ק""ג",1,,true,1,44.90,44.90,false,1,
657424,true,סופגניה אריאל במאפית,מאפיית אריאל בעמ,,,יח`,1,,false,1,3.50,3.50,false,1,
658926,true,פילה מרלוזה 100% דג קפוא תנובה,תנובה קפואים,,,"ק""ג",0,100 גרם,true,1,32.90,32.90,false,1,
659312,true,פילה סלמון תנובה בואקום קפוא,תנובה קפואים,,,"ק""ג",1,,true,1,74.90,74.90,false,1,
684123,true,כתף טרי חלק ללא עצם,אדום אדום - תנובה בקר,,,"ק""ג",1,,true,1,79.90,79.90,true,1,
820859,true,סטייק עין אנטריקוט קפוא פריגומרק מוביל,נחמיה לחוביץ בעמ,,,"ק""ג",1,,true,1,49.90,49.90,false,1,
821009,true,אצבעות אנטריקוט קפוא,נחמיה לחוביץ בעמ,,,"ק""ג",1,,true,1,54.90,54.90,false,1,
845234,true,פילה אמנון טרי,מאסטרפוד בעמ,,,"ק""ג",1,,true,1,59.90,59.90,true,1,
976433,true,קשיו קלוי,קונסיגנציה-דין שיווק וקליה 202,,,"ק""ג",10,100 גרם,true,1,95,9.50,false,1,
976457,true,גרעין אבטיח,קונסיגנציה-דין שיווק וקליה 202,,,"ק""ג",10,100 גרם,true,1,59,5.90,false,1,
976471,true,גרעיני דלעת מקולפת,קונסיגנציה-דין שיווק וקליה 202,,,"ק""ג",10,100 גרם,true,1,65,6.50,false,1,
976501,true,צימוק חום,קונסיגנציה-דין שיווק וקליה 202,,,"ק""ג",10,100 גרם,true,1,30,3,false,1,
976532,true,אפונה קלויה,קונסיגנציה-דין שיווק וקליה 202,,,"ק""ג",10,100 גרם,true,1,50,5,false,1,
976556,true,צנובר,קונסיגנציה-דין שיווק וקליה 202,,,"ק""ג",10,100 גרם,true,1,199,19.90,false,1,
976594,true,פול מצרי/ אפונה קלויה,קונסיגנציה-דין שיווק וקליה 202,,,"ק""ג",10,100 גרם,true,1,55,5.50,false,1,
976600,true,משמש,קונסיגנציה-דין שיווק וקליה 202,,,"ק""ג",10,100 גרם,true,1,55,5.50,false,1,
976662,true,פקאן טבעי,קונסיגנציה-דין שיווק וקליה 202,,,"ק""ג",10,100 גרם,true,1,135,13.50,false,1,
976716,true,תירס/ סויה,קונסיגנציה-דין שיווק וקליה 202,,,"ק""ג",10,100 גרם,true,1,50,5,false,1,
976754,true,מנצ`ס,קונסיגנציה-דין שיווק וקליה 202,,,"ק""ג",10,100 גרם,true,1,55,5.50,false,1,
976761,true,אגוז מלך קלוף,קונסיגנציה-דין שיווק וקליה 202,,,"ק""ג",10,100 גרם,true,1,79,7.90,false,1,
976808,true,בוטן קליפה קלוי,קונסיגנציה-דין שיווק וקליה 202,,,"ק""ג",10,100 גרם,true,1,23,2.30,false,1,
976846,true,פיסטוק קלוף,קונסיגנציה-דין שיווק וקליה 202,,,"ק""ג",10,100 גרם,true,1,199,19.90,false,1,
976860,true,שקד מולבן חצאים,קונסיגנציה-דין שיווק וקליה 202,,,"ק""ג",10,100 גרם,true,1,120,12,false,1,
976884,true,פקאן סיני מסוכר,קונסיגנציה-דין שיווק וקליה 202,,,"ק""ג",10,100 גרם,true,1,118,11.80,false,1,
977010,true,קבוקים,קונסיגנציה-דין שיווק וקליה 202,,,"ק""ג",10,100 גרם,true,1,35,3.50,false,1,
977027,true,פיסטוק קלוי,קונסיגנציה-דין שיווק וקליה 202,,,"ק""ג",10,100 גרם,true,1,97,9.70,false,1,
977089,true,קשיו טבעי,קונסיגנציה-דין שיווק וקליה 202,,,"ק""ג",10,100 גרם,true,1,89,8.90,false,1,
977102,true,תערובת פיצוחים,קונסיגנציה-דין שיווק וקליה 202,,,"ק""ג",10,100 גרם,true,1,95,9.50,false,1,
977140,true,אגוז מקדמיה טבעי,קונסיגנציה-דין שיווק וקליה 202,,,"ק""ג",10,100 גרם,true,1,150,15,false,1,
977324,true,בוטן מסוכר,קונסיגנציה-דין שיווק וקליה 202,,,"ק""ג",10,100 גרם,true,1,45,4.50,false,1,
977355,true,בוטן אמריקאי,קונסיגנציה-דין שיווק וקליה 202,,,"ק""ג",10,100 גרם,true,1,35,3.50,false,1,
977454,true,גרעין שחור,קונסיגנציה-דין שיווק וקליה 202,,,"ק""ג",0.10,100 גרם,true,1,29,290,false,1,
977478,true,בוטן קלוי ענק,קונסיגנציה-דין שיווק וקליה 202,,,"ק""ג",10,100 גרם,true,1,37,3.70,false,1,
977485,true,גרעין לבן,קונסיגנציה-דין שיווק וקליה 202,,,"ק""ג",10,100 גרם,true,1,45,4.50,false,1,
977492,true,בונדוק טבעי,קונסיגנציה-דין שיווק וקליה 202,,,"ק""ג",10,100 גרם,true,1,110,11,false,1,
977645,true,חטיף יפני,קונסיגנציה-דין שיווק וקליה 202,,,"ק""ג",10,100 גרם,true,1,65,6.50,false,1,
977676,true,שקד קלוי,קונסיגנציה-דין שיווק וקליה 202,,,"ק""ג",10,100 גרם,true,1,98,9.80,false,1,
977683,true,פקאן קלוף קלוי,קונסיגנציה-דין שיווק וקליה 202,,,"ק""ג",10,100 גרם,true,1,150,15,false,1,
977706,true,אגוז ברזיל טבעי,קונסיגנציה-דין שיווק וקליה 202,,,"ק""ג",10,100 גרם,true,1,100,10,false,1,
977751,true,צימוק ג`מבו,קונסיגנציה-דין שיווק וקליה 202,,,"ק""ג",10,100 גרם,true,1,44,4.40,false,1,
977782,true,תאנים יבשות,קונסיגנציה-דין שיווק וקליה 202,,,"ק""ג",10,100 גרם,true,1,49,4.90,false,1,
977799,true,שזיפים ללא גלעין,קונסיגנציה-דין שיווק וקליה 202,,,"ק""ג",10,100 גרם,true,1,47,4.70,false,1,
977850,true,צימוק לבן קטן,קונסיגנציה-דין שיווק וקליה 202,,,"ק""ג",10,100 גרם,true,1,37,3.70,false,1,
978413,true,פפאיה רצועות,קונסיגנציה-דין שיווק וקליה 202,,,"ק""ג",10,100 גרם,true,1,35,3.50,false,1,
978895,true,פירות טרופים,קונסיגנציה-דין שיווק וקליה 202,,,"ק""ג",10,100 גרם,true,1,70,7,false,1,
987453,true,פילה דניס טרי,מאסטרפוד בעמ,,,"ק""ג",1,,true,1,105,105,false,1,
989761,true,שקד טחון,קונסיגנציה-דין שיווק וקליה 202,,,"ק""ג",10,100 גרם,true,1,90,9,false,1,
989778,true,חמוציות מסוכרות,קונסיגנציה-דין שיווק וקליה 202,,,"ק""ג",10,100 גרם,true,1,45,4.50,false,1,
1121672,true,פסטרמה מעודנת בפפריקה 300 גר` יחיעם,מעדני יחיעם (1993) בעמ,,,יח`,3,100 גרם,false,1,21.90,7.30,true,1,
1230331,true,כאמל בוקס,גלוברנדס בעמ - שיווק סיגריות,,,יח`,1,,false,1,34,34,true,1,
1231932,true,וינסטון כחול בוקס,גלוברנדס בעמ - שיווק סיגריות,,,יח`,1,,false,1,33.50,33.50,true,1,
1319161,true,בשר מס` 3 חזה,נחמיה לחוביץ בעמ,,,"ק""ג",1,,true,1,29.90,29.90,false,1,
1415214,true,פילסברי עוגת סבתא שוקולד,קונסיגנציה ג`נרל מילס ישראל בע,,,יח`,1,,false,1,25.90,25.90,false,1,
1415863,true,פילסברי חלה מתוקה (חת כדורים),קונסיגנציה ג`נרל מילס ישראל בע,,,יח`,1,,false,1,11.90,11.90,true,1,
1423711,true,שניצל עגל טרי,אדום אדום - תנובה בקר,,,"ק""ג",1,,true,1,79.90,79.90,true,1,
1433521,true,טחון להמבורגר מאנטריקוט חלק,אדום אדום - תנובה בקר,,,"ק""ג",1,,true,1,59.90,59.90,true,1,
1461075,true,פילסברי חלה שמינייה,קונסיגנציה ג`נרל מילס ישראל בע,,,יח`,1,,false,1,11.90,11.90,true,1,
1461105,true,פילסברי לחם מחמצת לבן,קונסיגנציה ג`נרל מילס ישראל בע,,,יח`,1,,false,1,16.90,16.90,true,1,
1461860,true,פילסברי 10 פיתות,קונסיגנציה ג`נרל מילס ישראל בע,,,יח`,1,,false,1,13.90,13.90,false,1,
1516065,true,חזה עוף פרוס דק דק טרי ארוז,קורניש חן (1987) בעמ,,,"ק""ג",1,,true,1,37.90,37.90,true,1,
1532065,true,דג טונה מעושן חם,הרמס דגים בעמ,,,"ק""ג",1,100 גרם,true,1,99,99,false,1,
1532249,true,מקרוסקה מעושן חם בואקום,הרמס דגים בעמ,,,"ק""ג",10,100 גרם,true,1,99,9.90,false,1,
1710159,true,גולש עגל קפוא,לאטי עזרא בעמ,,,"ק""ג",1,,true,1,35.90,35.90,false,1,
1710289,true,דג מקרל ארוז,בלדי בעמ,,,"ק""ג",1,,true,1,19.90,19.90,false,1,
1714898,true,בשר ראש עגל קפוא מוביל,נחמיה לחוביץ בעמ,,,"ק""ג",0,100 גרם,true,1,59.90,59.90,false,1,
1970461,true,טעמונים,קונסיגנציה-דין שיווק וקליה 202,,,"ק""ג",10,100 גרם,true,1,29,2.90,false,1,
2105183,true,בשר מס`5 מחפוד לא מעובד צלי כתף,עוף ירושלים שיווק בעמ,,,"ק""ג",1,,true,1,99.90,99.90,false,1,
2105220,true,בשר מס 8 קפוא חלק מחפוד שריר,עוף ירושלים שיווק בעמ,,,"ק""ג",1,,true,1,53.90,53.90,false,1,
2107743,true,צפתית מעודנת 5% צוריאל,החב` המרכזית - טרה,,,"ק""ג",10,100 גרם,true,1,44,4.40,false,1,
2139225,true,סינטה עגל טרי חלק מ,אדום אדום - תנובה בקר,,,"ק""ג",1,"ק""ג",true,1,145,145,false,1,
2206019,true,כרעיים עוף טרי ארוז,קורניש חן (1987) בעמ,,,"ק""ג",1,,true,1,25.90,25.90,true,1,
2206026,true,ירך עוף טרי ארוז,קורניש חן (1987) בעמ,,,"ק""ג",1,,true,1,25.90,25.90,true,1,
2206033,true,שוקיים עוף טרי ארוז,קורניש חן (1987) בעמ,,,"ק""ג",1,,true,1,29.90,29.90,true,1,
2206040,true,כנפיים עוף טרי ארוז,קורניש חן (1987) בעמ,,,"ק""ג",1,,true,1,12.90,12.90,true,1,
2206057,true,חזה עוף טרי שלם ארוז,קורניש חן (1987) בעמ,,,"ק""ג",1,,true,1,32.90,32.90,true,1,
2206064,true,חזה עוף פרוס טרי ארוז שניצל,קורניש חן (1987) בעמ,,,"ק""ג",1,,true,1,34.90,34.90,true,1,
2206088,true,פרגיות עוף טרי ארוז,קורניש חן (1987) בעמ,,,"ק""ג",1,,true,1,59.90,59.90,false,1,
2206101,true,סטייק פרגית ללא עור,קורניש חן (1987) בעמ,,,"ק""ג",1,,true,1,54.90,54.90,true,1,
2206118,true,כבד עוף לצליה טרי ארוז,קורניש חן (1987) בעמ,,,"ק""ג",1,,true,1,15.90,15.90,false,1,
2206125,true,לבבות עוף טרי ארוז,קורניש חן (1987) בעמ,,,"ק""ג",1,,true,1,26.90,26.90,false,1,
2206385,true,גרון הודו נקבה טרי ארוז,קורניש חן (1987) בעמ,,,"ק""ג",1,,true,1,25.90,25.90,false,1,
2206408,true,חזה הודו נקבה טרי ארוז מוביל,קורניש חן (1987) בעמ,,,"ק""ג",1,,true,1,25.90,25.90,false,1,
2206415,true,שוקיים הודו נקבה טרי ארוז מוביל,קורניש חן (1987) בעמ,,,"ק""ג",1,,true,1,25.90,25.90,false,1,
2206422,true,כנפיים הודו נקבה טרי ארוז מוביל,קורניש חן (1987) בעמ,,,"ק""ג",1,,true,1,16.90,16.90,false,1,
2206453,true,כבד הודו טרי ארוז מוביל,קורניש חן (1987) בעמ,,,"ק""ג",1,,true,1,14.90,14.90,false,1,
2206484,true,שווארמה הודו נקבה טרי ארוז מוביל,קורניש חן (1987) בעמ,,,"ק""ג",1,,true,1,59.90,59.90,false,1,
2206514,true,נתחי חזה הודו טרי ארוז מוביל,קורניש חן (1987) בעמ,,,"ק""ג",1,,true,1,23.90,23.90,false,1,
2209071,true,פילה עוף טרי ארוז,קורניש חן (1987) בעמ,,,"ק""ג",1,,true,1,34.90,34.90,true,1,
2336594,true,חזה עגל טרי יבוא חלק צרפת/ פולין,נטו בשרים,,,"ק""ג",0,100 גרם,true,1,44.90,44.90,false,1,
2345060,true,מאסדם הולנדי אמיתי חצי גלגל,נטו מלינדה סחר בעמ,,,"ק""ג",10,100 גרם,true,1,90,9,false,1,
2370017,true,גבינת גאודה בתוספת תערובת בזיליקום ושום,ג.וילי-פוד אינטרנשיונל **גבינו,,,"ק""ג",10,100 גרם,true,1,80,8,false,1,
2370123,true,גבינת עיזים רכה 29% שומן מעדניה,ג.וילי-פוד אינטרנשיונל **גבינו,,,"ק""ג",10,100 גרם,true,1,80,8,false,1,
2370130,true,גבינת ברי צרפתית מעדנייה וילי פוד,ג.וילי-פוד אינטרנשיונל **גבינו,,,"ק""ג",10,100 גרם,true,1,80,8,false,1,
2370420,true,גבינת גאודה מהולנד 30% שומן-מעדניה,ג.וילי-פוד אינטרנשיונל **גבינו,,,"ק""ג",10,100 גרם,true,1,59,5.90,false,1,
2385066,true,בולגרית קוביות 5% גד,מחלבות גד שיווק 1992 בעמ,,,"ק""ג",10,100 גרם,true,1,58,5.80,false,1,
2385196,true,רוקפור גבינה כחולה מעדנייה גד,מחלבות גד שיווק 1992 בעמ,,,"ק""ג",10,100 גרם,true,1,132,13.20,false,1,
2385424,true,בולגרית מסורתית/מעודנת 5% מעדנייה גד,מחלבות גד שיווק 1992 בעמ,,,"ק""ג",10,100 גרם,true,1,58,5.80,false,1,
2385455,true,בולגרית מעודנת 24% מעדנייה גד,מחלבות גד שיווק 1992 בעמ,,,"ק""ג",10,100 גרם,true,1,61,6.10,false,1,
2385479,true,צפתית 5% מלבן מעדנייה גד,מחלבות גד שיווק 1992 בעמ,,,"ק""ג",10,100 גרם,true,1,62,6.20,false,1,
2447016,true,שפיץ צאך/ פיקניה/ רוסביף ארוז טרי,אדום אדום - תנובה בקר,,,"ק""ג",0,"ק""ג",true,1,129,129,false,1,
2461098,true,נילוס פרוס,גול סחר בעמ,,,"ק""ג",1,,true,1,44.90,44.90,false,1,
2461494,true,טונה שלם גוש בלי,גול סחר בעמ,,,"ק""ג",1,,true,1,39.90,39.90,false,1,
2519157,true,נתח קצבים טרי חלק סרעפת מו,אדום אדום - תנובה בקר,,,"ק""ג",1,,true,1,99,99,false,1,
2519225,true,ריאות עגל טרי חלק,אדום אדום - תנובה בקר,,,"ק""ג",1,,true,1,24.90,24.90,false,1,
2519232,true,שקדים בקר טרי חלק פ,אדום אדום - תנובה בקר,,,"ק""ג",1,,true,1,139,139,false,1,
2519409,true,צוואר ללא עצם חלק טרי מו,אדום אדום - תנובה בקר,,,"ק""ג",1,,true,1,59.90,59.90,true,1,
2519461,true,אסאדו טרי חלק,אדום אדום - תנובה בקר,,,"ק""ג",0,"ק""ג",true,1,59.90,59.90,false,1,
2519508,true,לשון עגל טרי חלק,אדום אדום - תנובה בקר,,,"ק""ג",1,,true,1,59.90,59.90,false,1,
2519539,true,בשר ראש טרי חלק מ,אדום אדום - תנובה בקר,,,"ק""ג",1,,true,1,49.90,49.90,false,1,
2519607,true,קיט נתחים לקצב טחון חלק,אדום אדום - תנובה בקר,,,"ק""ג",1,,true,1,49.90,49.90,true,1,
2519768,true,לב עגל טרי חלק,אדום אדום - תנובה בקר,,,"ק""ג",1,"ק""ג",true,1,24.90,24.90,false,1,
2519980,true,צלעות ללא עצם חלק טרי מוב,אדום אדום - תנובה בקר,,,"ק""ג",1,,true,1,59.90,59.90,false,1,
2596448,true,חזה בקר כבוש(קורנדביף),לאטי עזרא בעמ,,,"ק""ג",1,,true,1,35.90,35.90,false,1,
2596523,true,סטייק אנטריקוט משובח בואקום,לאטי עזרא בעמ,,,"ק""ג",1,,true,1,78.90,78.90,false,1,
2608127,true,פילסברי בייגל רומני,קונסיגנציה ג`נרל מילס ישראל בע,,,יח`,1,,false,1,4.50,4.50,true,1,
2608363,true,פילסברי לחמניות המבורגר רביעייה,קונסיגנציה ג`נרל מילס ישראל בע,,,יח`,1,,false,1,13.90,13.90,false,1,
2608509,true,פילסברי לחם מחמצת זיתי קלמנטה,קונסיגנציה ג`נרל מילס ישראל בע,,,יח`,1,,false,1,16.90,16.90,true,1,
2750130,true,פילסברי חליות,קונסיגנציה ג`נרל מילס ישראל בע,,,יח`,1,,false,1,12.90,12.90,false,1,
2750154,true,פילסברי לחמניות יאמיס שישייה,קונסיגנציה ג`נרל מילס ישראל בע,,,יח`,1,,false,1,13.90,13.90,false,1,
2750406,true,סופגניה פילסברי,קונסיגנציה ג`נרל מילס ישראל בע,,,יח`,1,,false,1,3.90,3.90,false,1,
2750963,true,פילסברי בגט רוסטיק,קונסיגנציה ג`נרל מילס ישראל בע,,,יח`,1,,false,1,7.90,7.90,false,1,
2750987,true,פילסברי חלה קלועה מתוקה,קונסיגנציה ג`נרל מילס ישראל בע,,,יח`,1,,false,1,11.90,11.90,true,1,
2757535,true,בורקס פילו אצבעות גבינה 700 שלושת האופים,נטו מלינדה סחר בעמ,,,יח`,7,100 גרם,false,1,19.90,2.84,true,1,
2919612,true,אסאדו עגל קפוא 9 גלם מוביל קשתית,נחמיה לחוביץ בעמ,,,"ק""ג",1,,true,1,43.90,43.90,false,1,
2927518,true,טבעות פילה עגל קפוא חלק זוהר,זהר בשר עופות ובשר בעמ,,,"ק""ג",0,100 גרם,true,1,38.90,38.90,false,1,
2930808,true,רבע כבש חלק קפוא,מאסטרפוד בעמ,,,"ק""ג",1,,true,1,79.90,79.90,false,1,
2939498,true,מס 8 שריר עטרה לא מעובד,נטו מלינדה סחר - עטרה,,,"ק""ג",1,,true,1,52.90,52.90,false,1,
3001620,true,בשר מס` 2 צלעות,נחמיה לחוביץ בעמ,,,"ק""ג",1,,true,1,29.90,29.90,false,1,
3006120,true,טאמפס שכונתי- פלפל ממולא בגבינה,הגבינות של ניצן,,,"ק""ג",10,100 גרם,true,1,149,14.90,false,1,
3163847,true,בשר מס` 4 כתף בקר .,נחמיה לחוביץ בעמ,,,"ק""ג",1,,true,1,29.90,29.90,false,1,
3215966,true,בצי חופש 10 יחידות ענק XL,תנובה ביצים,,,יח`,1,,false,1,21.90,21.90,false,1,
3272273,true,חמוציות ללתס,קונסיגנציה-דין שיווק וקליה 202,,,"ק""ג",10,100 גרם,true,1,89,8.90,false,1,
3571154,true,סטייק טונה בוואקום מוביל,נ.ת.נ.ג.ב החזקות יעוץ וניהול ב,,,"ק""ג",1,,true,1,49.90,49.90,false,1,
3578085,true,גבינת מוצרלה 21% מעדניה,ג.וילי-פוד אינטרנשיונל **גבינו,,,"ק""ג",10,100 גרם,true,1,52,5.20,false,1,
3578931,true,גבינה רסטה חצי רכה -20% מעדנייה,ג.וילי-פוד אינטרנשיונל **גבינו,,,"ק""ג",10,100 גרם,true,1,79,7.90,false,1,
3593163,true,בשר מס 6 בדץ נווה ציון אשפר מוביל פילה,בלדי בעמ,,,"ק""ג",1,,true,1,39.90,39.90,false,1,
3632367,true,פילה ברבוניה,נ.ת.נ.ג.ב החזקות יעוץ וניהול ב,,,יח`,4,100 גרם,false,1,19.90,4.98,false,1,
3796021,true,רצועות לטחינה /בשר לחמין קפוא,נחמיה לחוביץ בעמ,,,"ק""ג",1,,true,1,19.90,19.90,false,1,
3893843,true,פילה מושט ללא עור,בלו פיש גורמה סולושנס בעמ,,,"ק""ג",1,,true,1,29.90,29.90,false,1,
4033705,true,הבורגריה לחמניות המבוגר ביג לוקס 6 יח`,י.את א. ברמן בעמ,,,יח`,6,100 גרם,false,1,13.50,2.25,false,1,
4033712,true,לחם עננים מקמח מלא 750 גרם.,י.את א. ברמן בעמ,,,יח`,7.50,100 גרם,false,1,15.50,2.07,true,1,
4033729,true,לחם עננים כוסמין 750 גרם,י.את א. ברמן בעמ,,,יח`,7.50,100 גרם,false,1,16.50,2.20,true,1,
4033736,true,לחם עננים בסגנון בריוש 500 גר`,י.את א. ברמן בעמ,,,יח`,5,100 גרם,false,1,13.90,2.78,true,1,
4043108,true,מ@מס שוקו 89 גר`,מרס ריגלי ישראל בעמ,,,יח`,0.89,100 גרם,false,1,5.90,6.63,false,1,
4043205,true,מ@מס פיאנטס,מרס ריגלי ישראל בעמ,,,יח`,0.9270,100 גרם,false,1,5.90,6.36,false,1,
4068394,true,קממבר בקר גלגל גד מעדנייה,מחלבות גד שיווק 1992 בעמ,,,"ק""ג",10,100 גרם,true,1,92,9.20,false,1,
4068424,true,גאודה בקר משולש מעדנייה גד,מחלבות גד שיווק 1992 בעמ,,,"ק""ג",10,100 גרם,true,1,108,10.80,false,1,
4135324,true,פיראוס בולגרית 5% מעודנת,תנובה - חלב,,,"ק""ג",10,100 גרם,true,1,43,4.30,false,1,
4136291,true,צפתית/מעודנת 5%,תנובה - חלב,,,"ק""ג",10,100 גרם,true,1,51,5.10,false,1,
4193324,true,כתף כבש קפוא חלק מוביל,עוף ירושלים שיווק בעמ,,,"ק""ג",1,,true,1,79.90,79.90,false,1,
4194239,true,מחפוד-חזה עוף קפוא,עוף ירושלים שיווק בעמ,,,"ק""ג",1,,true,1,31.90,31.90,false,1,
4194253,true,מחפוד-כנפיים עוף קפוא,עוף ירושלים שיווק בעמ,,,"ק""ג",1,,true,1,12.90,12.90,false,1,
4194260,true,מחפוד-שוקיים עוף קפוא,עוף ירושלים שיווק בעמ,,,"ק""ג",1,,true,1,31.90,31.90,false,1,
4194536,true,מחפוד חזה עוף טרי ארוז,קורניש חן (1987) בעמ,,,"ק""ג",1,,true,1,33.90,33.90,true,1,
4194543,true,מחפוד כרעיים עוף טרי ארוז,קורניש חן (1987) בעמ,,,"ק""ג",1,,true,1,33.90,33.90,true,1,
4194550,true,מחפוד כנפיים עוף טרי ארוז,קורניש חן (1987) בעמ,,,"ק""ג",1,,true,1,13.90,13.90,false,1,
4194567,true,מחפוד ירכיים עוף טרי ארוז,קורניש חן (1987) בעמ,,,"ק""ג",1,,true,1,33.90,33.90,true,1,
4194574,true,מחפוד שוקיים עוף טרי ארוז,קורניש חן (1987) בעמ,,,"ק""ג",1,,true,1,32.90,32.90,false,1,
4194598,true,מחפוד כבד עוף טרי ארוז,קורניש חן (1987) בעמ,,,"ק""ג",1,,true,1,34.90,34.90,false,1,
4256197,true,גאודה עיזים הולנדית,נטו מלינדה סחר בעמ,,,"ק""ג",10,100 גרם,true,1,120,12,false,1,
4456351,true,שריר הזרוע מס 8 אשפר נווה ציון .,ישראל פלדמן בעמ,,,"ק""ג",1,,true,1,44.90,44.90,false,1,
4485191,true,עוף טבעי טרי שלם,נטו בשרים,,,"ק""ג",1,,true,1,26.90,26.90,false,1,
4649159,true,בשר מס` 5 צלי כתף חלק מוביל,נחמיה לחוביץ בעמ,,,"ק""ג",1,,true,1,59.90,59.90,false,1,
4751001,true,סופגניה אריאל עם ריבה,מאפיית אריאל בעמ,,,יח`,1,,false,1,2.90,2.90,true,1,
4751002,true,סופגניה אריאל ללא ריבה,מאפיית אריאל בעמ,,,יח`,1,,false,1,2.90,2.90,true,1,
4751003,true,מיני סופגניה אריאל עם ריבה,מאפיית אריאל בעמ,,,יח`,1,,false,1,1.90,1.90,true,1,
4751004,true,מיני סופגניה אריאל ללא ריבה,מאפיית אריאל בעמ,,,יח`,1,,false,1,1.90,1.90,true,1,
4859749,true,קורקבן עוף טרי ארוז,קורניש חן (1987) בעמ,,,"ק""ג",1,,true,1,9.90,9.90,false,1,
5041198,true,קבב ביתי קפוא מעדני הטלה (1 קג),לאטי עזרא בעמ,,,יח`,1,"ק""ג",false,1,44.90,44.90,false,1,
5079412,true,גבנצ חריץ אמנטל נעם מעדנייה,החב` המרכזית - טרה,,,"ק""ג",10,100 גרם,true,1,72,7.20,false,1,
5079511,true,צפתית 5% מעדנייה,החב` המרכזית - טרה,,,"ק""ג",10,100 גרם,true,1,56,5.60,false,1,
5358005,true,נסיכת הנילוס שלם,גול סחר בעמ,,,"ק""ג",1,,true,1,29.90,29.90,false,1,
5387227,true,בשר מס 8 שריר זרוע,נחמיה לחוביץ בעמ,,,"ק""ג",1,,true,1,29.90,29.90,false,1,
5719318,true,4 יח`לחמניות המבורגר מאפית,קונסיגנציה ג`נרל מילס ישראל בע,,,יח`,1,,false,1,12.90,12.90,false,1,
5727252,true,טונה מעושן קר 2.5 קג,הרמס דגים בעמ,,,"ק""ג",1,100 גרם,true,1,99,99,false,1,
5992247,true,חלומי 24% מעדנייה גד,מחלבות גד שיווק 1992 בעמ,,,"ק""ג",10,100 גרם,true,1,95,9.50,false,1,
6040619,true,גבינת טבורוג 5% יבנה,גבינות הכפר בעמ,,,"ק""ג",10,100 גרם,true,1,22,2.20,false,1,
6041043,true,גבינת צימוקים יבנה,גבינות הכפר בעמ,,,"ק""ג",10,100 גרם,true,1,23,2.30,false,1,
6131058,true,פילה טונה בהירה ALBACARES אלבקור,גול סחר בעמ,,,"ק""ג",1,,true,1,49.90,49.90,false,1,
6131188,true,פילה סלמון,נ.ת.נ.ג.ב החזקות יעוץ וניהול ב,,,"ק""ג",1,,true,1,69.90,69.90,false,1,
6131539,true,פילה לברק(בס)מוביל,ישראל פלדמן בעמ,,,"ק""ג",0,"ק""ג",true,1,42.90,42.90,false,1,
6131706,true,פילה אמנון (מושט) קפוא,נ.ת.נ.ג.ב החזקות יעוץ וניהול ב,,,"ק""ג",1,,true,1,24.90,24.90,false,1,
6131829,true,פילה סלמון מנות,נ.ת.נ.ג.ב החזקות יעוץ וניהול ב,,,"ק""ג",1,,true,1,79.90,79.90,false,1,
6131935,true,טונה פרוס בוואקום,נ.ת.נ.ג.ב החזקות יעוץ וניהול ב,,,"ק""ג",1,,true,1,39.90,39.90,false,1,
6214003,true,חלבה ממולאת תפזורת,קונסיגנציה-דין שיווק וקליה 202,,,"ק""ג",10,100 גרם,true,1,59,5.90,false,1,
6214942,true,בוטנים מיקס,קונסיגנציה-דין שיווק וקליה 202,,,"ק""ג",10,100 גרם,true,1,20,2,false,1,
6214959,true,גרעין שחור מיקס,קונסיגנציה-דין שיווק וקליה 202,,,"ק""ג",10,100 גרם,true,1,15,1.50,false,1,
6222497,true,פקאן מצופה בטעמים,קונסיגנציה-דין שיווק וקליה 202,,,"ק""ג",10,100 גרם,true,1,99,9.90,false,1,
6464811,true,בשר מס` 6 פילה מדומה,נחמיה לחוביץ בעמ,,,"ק""ג",1,,true,1,34.90,34.90,false,1,
6464828,true,בשר מס` 8 שריר,ישראל פלדמן בעמ,,,"ק""ג",1,,true,1,29.90,29.90,false,1,
6511010,true,פרמז`נו במשקל,ג.וילי-פוד אינטרנשיונל **גבינו,,,"ק""ג",10,100 גרם,true,1,100,10,false,1,
6511904,true,כדורי גבינה אדם,ג.וילי-פוד אינטרנשיונל **גבינו,,,"ק""ג",10,100 גרם,true,1,59,5.90,false,1,
6578853,true,גבינת טרמנדס כמהין הנרי וויליך משקל,א. סיימן סחר בעמ,,,"ק""ג",10,100 גרם,true,1,199,19.90,false,1,
6632111,true,ביצי דג זהבון קפוא 250 גר`,דגי מהדרין בעמ,,,יח`,2.50,100 גרם,false,1,25.90,10.36,true,1,
6714428,true,רגל עגל פרוס מוכשר מוביל,לאטי עזרא בעמ,,,"ק""ג",1,,true,1,32.90,32.90,false,1,
6714824,true,עצמות עגל ארוז,לאטי עזרא בעמ,,,"ק""ג",1,,true,1,16.90,16.90,false,1,
6728425,true,דנבר סטייק עגלה טרי פרמיום חלק,אדום אדום - תנובה בקר,,,"ק""ג",1,,true,1,129,129,false,1,
6728548,true,קיט קצבים עגלה טרי פרימיום חלק,אדום אדום - תנובה בקר,,,"ק""ג",1,,true,1,54.90,54.90,true,1,
6739810,true,לשון בקר מוביל חלק קפוא,נחמיה לחוביץ בעמ,,,"ק""ג",1,,true,1,39.90,39.90,false,1,
6740212,true,נקניקיות ג`מבו,זוגלובק שיווק בעמ,,,"ק""ג",10,100 גרם,true,1,19.90,1.99,false,1,
6765871,true,שקד טבעי במשקל,קונסיגנציה-דין שיווק וקליה 202,,,"ק""ג",10,100 גרם,true,1,89,8.90,false,1,
6804051,true,פילסברי בורקס גבינה,קונסיגנציה ג`נרל מילס ישראל בע,,,"ק""ג",10,"ק""ג",true,1,42,4.20,false,1,
6804068,true,פילסברי בורקס תפוא,קונסיגנציה ג`נרל מילס ישראל בע,,,"ק""ג",10,"ק""ג",true,1,42,4.20,false,1,
6804099,true,פילסברי גביניות,קונסיגנציה ג`נרל מילס ישראל בע,,,"ק""ג",10,"ק""ג",true,1,42,4.20,false,1,
6804136,true,פילסברי קרואסון,קונסיגנציה ג`נרל מילס ישראל בע,,,"ק""ג",10,"ק""ג",true,1,42,4.20,false,1,
6805362,true,חצי בגט פילסברי,קונסיגנציה ג`נרל מילס ישראל בע,,,יח`,1,,false,1,3.20,3.20,true,1,
6805416,true,פילסברי ביס תפוע,קונסיגנציה ג`נרל מילס ישראל בע,,,"ק""ג",10,"ק""ג",true,1,42,4.20,false,1,
6805683,true,פילסברי לחמניית שמינייה דגנים,קונסיגנציה ג`נרל מילס ישראל בע,,,יח`,1,,false,1,4.50,4.50,false,1,
8175760,true,גבינת מנצ`גו(חלב כבשים),ג.וילי-פוד אינטרנשיונל **גבינו,,,"ק""ג",10,100 גרם,true,1,89,8.90,false,1,
8175777,true,איבריקו ויליפוד,ג.וילי-פוד אינטרנשיונל **גבינו,,,"ק""ג",10,100 גרם,true,1,80,8,false,1,
8175906,true,גאודה מחלב עיזים חצי קשה 32%,ג.וילי-פוד אינטרנשיונל **גבינו,,,"ק""ג",10,100 גרם,true,1,99,9.90,false,1,
8298414,true,צלעות טלה קפוא חלק,לוגסי מ.ס. מוצרי בשר בעמ-שיק ל,,,"ק""ג",1,,true,1,138,138,false,1,
8347730,true,סלמון הילטון מצונן מעדניה,נטו מלינדה סחר בעמ,,,"ק""ג",10,100 גרם,true,1,200,20,false,1,
8403191,true,גבינת קשקבל צאן בשלה משקל,א. סיימן סחר בעמ,,,"ק""ג",10,100 גרם,true,1,110,11,false,1,
8403900,true,גאודה עגבניות וזיתים-מעדנייה,א. סיימן סחר בעמ,,,"ק""ג",10,100 גרם,true,1,119,11.90,false,1,
8403917,true,גאודה פסטו ירוק-מעדנייה,א. סיימן סחר בעמ,,,"ק""ג",10,100 גרם,true,1,139,13.90,false,1,
8403924,true,גאודה פסטו אדום-מעדנייה,א. סיימן סחר בעמ,,,"ק""ג",10,100 גרם,true,1,139,13.90,false,1,
8403931,true,גאודה כמון-מעדנייה,א. סיימן סחר בעמ,,,"ק""ג",10,100 גרם,true,1,119,11.90,false,1,
8403955,true,קממבר איסיני סנט מר מעדנייה,נטו מלינדה סחר בעמ,,,"ק""ג",1,100 גרם,true,1,129,129,false,1,
8461047,true,סיימן ברי לה רוסטיק מעדנייה,א. סיימן סחר בעמ,,,"ק""ג",10,100 גרם,true,1,147,14.70,false,1,
8577267,true,עוף טרי שלם ארוז,קורניש חן (1987) בעמ,,,"ק""ג",1,,true,1,19.90,19.90,true,1,
8830676,true,תערובת מן הטבע,קונסיגנציה-דין שיווק וקליה 202,,,יח`,1,,false,1,5,5,false,1,
8899055,true,פילסברי עוגיות אוזניים,קונסיגנציה ג`נרל מילס ישראל בע,,,"ק""ג",10,"ק""ג",true,1,42,4.20,false,1,
8899505,true,בגט לבן פילסברי,קונסיגנציה ג`נרל מילס ישראל בע,,,יח`,1,,false,1,4.90,4.90,false,1,
8899512,true,פילסברי בגט כפרי,קונסיגנציה ג`נרל מילס ישראל בע,,,יח`,1,,false,1,4.90,4.90,false,1,
8899734,true,פילסברי קוקיס שוקולד לבן,קונסיגנציה ג`נרל מילס ישראל בע,,,"ק""ג",1,,true,1,52,52,false,1,
9068955,true,חמניות קלופות,קונסיגנציה-דין שיווק וקליה 202,,,"ק""ג",10,100 גרם,true,1,45,4.50,false,1,
9069518,true,ג`ינג`ר מסוכר,קונסיגנציה-דין שיווק וקליה 202,,,"ק""ג",10,100 גרם,true,1,50,5,false,1,
9069990,true,תערובת הבית תפזורת,קונסיגנציה-דין שיווק וקליה 202,,,"ק""ג",10,100 גרם,true,1,100,10,false,1,
9077490,true,זית מרוקאי,קונסיגנציה-דין שיווק וקליה 202,,,"ק""ג",10,100 גרם,true,1,44,4.40,false,1,
9077575,true,זיתים,קונסיגנציה-דין שיווק וקליה 202,,,"ק""ג",10,100 גרם,true,1,44,4.40,false,1,
9077650,true,זית יווני,קונסיגנציה-דין שיווק וקליה 202,,,"ק""ג",10,100 גרם,true,1,59,5.90,false,1,
9077667,true,מלפפון/ ירקות,קונסיגנציה-דין שיווק וקליה 202,,,"ק""ג",10,100 גרם,true,1,30,3,false,1,
9077704,true,זית שבור,קונסיגנציה-דין שיווק וקליה 202,,,"ק""ג",10,100 גרם,true,1,59,5.90,false,1,
9090017,true,תבלין,קונסיגנציה-דין שיווק וקליה 202,,,"ק""ג",10,100 גרם,true,1,100,10,false,1,
9099461,true,פפריקה במשקל,קונסיגנציה-דין שיווק וקליה 202,,,"ק""ג",10,100 גרם,true,1,65,6.50,false,1,
9951387,true,לוקום ממולא,קונסיגנציה-דין שיווק וקליה 202,,,"ק""ג",10,100 גרם,true,1,85,8.50,false,1,
9951400,true,סוכריות גומי,קונסיגנציה-דין שיווק וקליה 202,,,"ק""ג",10,100 גרם,true,1,45,4.50,false,1,
9951417,true,ליקריץ,קונסיגנציה-דין שיווק וקליה 202,,,"ק""ג",10,100 גרם,true,1,59,5.90,false,1,
9951424,true,פרלינים,קונסיגנציה-דין שיווק וקליה 202,,,"ק""ג",10,100 גרם,true,1,89,8.90,false,1,
9951431,true,פירות אקזוטיים,קונסיגנציה-דין שיווק וקליה 202,,,"ק""ג",10,100 גרם,true,1,90,9,false,1,
9951448,true,תבלינים קבוצה 1,קונסיגנציה-דין שיווק וקליה 202,,,"ק""ג",10,100 גרם,true,1,70,7,false,1,
9951455,true,תבלינים קבוצה 2,קונסיגנציה-דין שיווק וקליה 202,,,"ק""ג",10,100 גרם,true,1,74,7.40,false,1,
9951479,true,תבלינים קבוצה 3,קונסיגנציה-דין שיווק וקליה 202,,,"ק""ג",10,100 גרם,true,1,159,15.90,false,1,
9951561,true,סוכריות קשות,קונסיגנציה-דין שיווק וקליה 202,,,"ק""ג",0,100 גרם,true,1,40,40,false,1,
12566486,true,בשר מס 3 חזה אנש הרב יורקוביץ,בלדי בעמ,,,"ק""ג",1,,true,1,29.90,29.90,false,1,
32147230,true,מיץ לימון 200 מל,דנשר (1963) בעמ,,,יח`,2,"100 מ""ל",false,1,8.90,4.45,true,1,
40084107,true,קינדר ביצת הפתעה,פרימיום-חברה לדברי מתיקה ולמסח,,,יח`,1,,false,1,4.90,4.90,false,1,
40111216,true,באונטי חטיף שוקולד קוקוס 57 גרם,מרס ריגלי ישראל בעמ,,,יח`,0.57,100 גרם,false,1,3.90,6.84,true,1,
42138105,true,וינסטון סופר סלימס כחול,גלוברנדס בעמ - שיווק סיגריות,,,יח`,1,,false,1,33.50,33.50,true,1,
42299363,true,דאודורנט רול און און פרש לגבר,אלפא- ב.ד.ף בעמ,,,יח`,1,,false,1,12.90,12.90,true,1,
54051140,true,מעדן סויה בטעם וניל אלפרו (125x4 גרם),שטראוס גרופ בעמ,,,יח`,5,100 גרם,false,1,15.90,3.18,false,1,
59068907,true,פאל מאל כול דמי סלימס,גלוברנדס בעמ - שיווק סיגריות,,,יח`,1,,false,1,29,29,true,1,
59068914,true,פאל מאל סילבר דמי סלימס בודד,גלוברנדס בעמ - שיווק סיגריות,,,יח`,1,,false,1,29,29,true,1,
72940754,true,מילקי וניל,שטראוס גרופ בעמ/מצונן,,,יח`,1.30,"100 מ""ל",false,1,2.80,2.15,false,1,
72940761,true,מילקי שוקו,שטראוס גרופ בעמ/מצונן,,,יח`,1.30,"100 מ""ל",false,1,2.90,2.23,false,1,
72940952,true,מילקי פי 2 קצפת,שטראוס גרופ בעמ/מצונן,,,יח`,1.70,"100 מ""ל",false,1,3.90,2.29,false,1,
72940976,true,כרוב אדום 250,שטראוס גרופ בעמ/מצונן,,,יח`,2.50,100 גרם,false,1,8.90,3.56,false,1,
72940983,true,חומוס אחלה 250 גר,שטראוס גרופ בעמ/מצונן,,,יח`,2.50,100 גרם,false,1,6.90,2.76,false,1,
72941041,true,מילקי מיני שוקולד,שטראוס גרופ בעמ/מצונן,,,יח`,1.30,"100 מ""ל",false,1,2,1.54,false,1,
72945308,true,שמרים טריים קובייה שמרית (50 גרם),שטראוס גרופ בעמ/מצונן,,,יח`,0.50,100 גרם,false,1,3.50,7,false,1,
72961506,true,יוגורט עם תות 1.5% פרילי (125 גרם),תנובה - חלב,,,יח`,1.25,"100 מ""ל",false,1,3.50,2.80,false,1,
72961520,true,יוגורט עם אננס 1.5% פרילי (125 גרם),תנובה - חלב,,,יח`,1.25,"100 מ""ל",false,1,3.50,2.80,false,1,
72961544,true,יוגורט בטעם תות שדה 3% באדי (125 גרם),תנובה - חלב,,,יח`,1.25,"100 מ""ל",false,1,3,2.40,false,1,
72964132,true,טבעגורט 200מל ל,תנובה - חלב,,,יח`,2,"100 מ""ל",false,1,5.10,2.55,false,1,
72964422,true,יוגורט לבן 4.5% תנובה (200 מל),תנובה - חלב,,,יח`,2,"100 מ""ל",false,1,2.90,1.45,false,1,
72986233,true,מעדן חלב בטעם וניל באדי (125 גרם),תנובה - חלב,,,יח`,1.25,"100 מ""ל",false,1,2.90,2.32,false,1,
72986370,true,גלידת פיינטים וניל צרפתי בן אנד גריס,מוצרי איכות אמריקאיים בעמ,,,יח`,4.20,"100 מ""ל",false,1,19.90,4.74,true,1,
72986424,true,גלידת פיינטים קרם עוגיות,מוצרי איכות אמריקאיים בעמ,,,יח`,4.20,"100 מ""ל",false,1,19.90,4.74,true,1,
72986448,true,גלידת פיינטים טופי קרנץ,מוצרי איכות אמריקאיים בעמ,,,יח`,4.20,"100 מ""ל",false,1,19.90,4.74,true,1,
72986455,true,גלידת פיינטים ניו-יורק סופר,מוצרי איכות אמריקאיים בעמ,,,יח`,4.20,"100 מ""ל",false,1,19.90,4.74,true,1,
72986479,true,גלידת פיינטים צאנקי מנקי,מוצרי איכות אמריקאיים בעמ,,,יח`,4.20,"100 מ""ל",false,1,19.90,4.74,true,1,
72989425,true,גלידת פיינטים שוקולד בראוניס,מוצרי איכות אמריקאיים בעמ,,,יח`,4.20,"100 מ""ל",false,1,19.90,4.74,true,1,
72991374,true,טיים רד,דובק בעמ,,,יח`,1,,false,1,32.50,32.50,true,1,
72991886,true,גלידת פיינטים בן אנד גריס פיינט 500 מל,מוצרי איכות אמריקאיים בעמ,,,יח`,5,"100 מ""ל",false,1,19.90,3.98,true,1,
72993637,true,דני שוקולד בודד,שטראוס גרופ בעמ/מצונן,,,יח`,1.25,"100 מ""ל",false,1,2.60,2.08,false,1,
76136184,true,פאל מאל סופר סלים כחול,גלוברנדס בעמ - שיווק סיגריות,,,יח`,1,,false,1,30,30,true,1,
80042563,true,פאסטה עגבניות 700mutti גרם,רסטרטו יבוא ושיווק בעמ*אין החז,,,יח`,7,100 גרם,false,1,12.90,1.84,true,1,
80136194,true,חטיף היפו אגוזי לוז 5 יח,פרימיום-חברה לדברי מתיקה ולמסח,,,יח`,0.90,100 גרם,false,1,11.90,13.22,false,1,
80176800,true,ממרח אגוזי לוז נוטלה (750 גרם),פרימיום-חברה לדברי מתיקה ולמסח,,,יח`,7.50,100 גרם,false,1,24.90,3.32,false,1,
80177173,true,ממרח אגוזי לוז נוטלה (350 גרם),פרימיום-חברה לדברי מתיקה ולמסח,,,יח`,3.50,100 גרם,false,1,14.90,4.26,false,1,
80177616,true,אצבעות שוקולד קינדר (8 יח`- 100 גרם),פרימיום-חברה לדברי מתיקה ולמסח,,,יח`,1,,false,1,7.90,7.90,false,1,
80310167,true,קינדר מקסי שישיה,פרימיום-חברה לדברי מתיקה ולמסח,,,יח`,1.25,100 גרם,false,1,9.90,7.92,true,1,
80768838,true,מסטיק מנטוס וויט ביג מנטה פירות ללס 1,ליימן שליסל בעמ,,,יח`,1.05,100 גרם,false,1,16.90,16.10,true,1,
80773429,true,מסטיק מנטוס פיור פרש בטעם תות ללס 60 גר,ליימן שליסל בעמ,,,יח`,0.60,100 גרם,false,1,9.90,16.50,true,1,
80773443,true,מסטיק מנטוס בטעם מנטה עדין ללס,ליימן שליסל בעמ,,,יח`,0.60,100 גרם,false,1,9.90,16.50,true,1,
80776307,true,מסטיק מנטוס ביג בטעם פירות-מנטה ללס 90,ליימן שליסל בעמ,,,יח`,1,,false,1,16.90,16.90,false,1,
80790990,true,מסטיק מנטוס טעם פירות מנטה ללס,ליימן שליסל בעמ,,,יח`,0.60,100 גרם,false,1,9.90,16.50,true,1,
80804697,true,מסטיק מנטוס וויט ביג טעם מנטה מתוקה ללס,ליימן שליסל בעמ,,,יח`,1.05,100 גרם,false,1,16.90,16.10,true,1,
80913467,true,מסטיק מנטוס טעם מנטה ללס 60 גר,ליימן שליסל בעמ,,,יח`,0.60,100 גרם,false,1,9.90,16.50,true,1,
80926481,true,מסטיק מנטוס פיור פרש בטעם אבטיח ללס 90,ליימן שליסל בעמ,,,יח`,1,,false,1,17.90,17.90,false,1,
80995128,true,מסטיק מנטוס בטעם הדרים 60 גר`,ליימן שליסל בעמ,,,יח`,0.60,100 גרם,false,1,9.90,16.50,false,1,
87108538,true,סוכריות לעיסה בטעם תות מנטוס (37.5 גרם),ליימן שליסל בעמ,,,יח`,0.37,100 גרם,false,1,3.90,10.54,true,1,
87108651,true,מנטוס רביעיה,ליימן שליסל בעמ,,,יח`,1.50,100 גרם,false,1,13.90,9.27,true,1,
87108712,true,מנטוס רביעיה,ליימן שליסל בעמ,,,יח`,1.50,100 גרם,false,1,13.90,9.27,true,1,
87311396,true,מנטוס גליל 7 טעמים,ליימן שליסל בעמ,,,יח`,0.3750,100 גרם,false,1,3.90,10.40,true,1,
88801124,true,מצת clipper,צפניה ברזילי בעמ,,,יח`,1,,false,1,6,6,false,1,
90162602,true,משקה אנרגיה רד בול (250 מל),דיפלומט היינץ,,,יח`,2.50,"100 מ""ל",false,1,5.90,2.24,true,1,
90162800,true,רד בול משקה אנרגיה 250 מל ללס,דיפלומט היינץ,,,יח`,2.50,"100 מ""ל",false,1,5.90,2.24,true,1,
90446269,true,משקה אנרגיה רד בול (250 מל),דיפלומט היינץ,,,יח`,2.50,"100 מ""ל",false,1,5.90,2.24,true,1,
90448867,true,רד בול משקה אנרגיה ללא פחמימות 250 מל,דיפלומט היינץ,,,יח`,2.50,"100 מ""ל",false,1,5.90,2.24,true,1,
90453427,true,רד בול משקה אנרגיה פיטאיה 250 מל,דיפלומט היינץ,,,יח`,2.50,"100 מ""ל",false,1,5.90,2.24,true,1,
96130339,true,דאב רול און אורגינל (500% מל),יוניליוור ישראל שיווק בעמ,,,יח`,0.50,100 גרם,false,1,14.90,29.80,true,1,
11182700930,true,קינג קול שעועית אדומה כהה 439 גרם,מור-ים מרקטינג בעמ,,,יח`,4.39,100 גרם,false,1,9.90,2.26,false,1,
11210002500,true,טבסקו באפלו 150,ציון תורג`מן בעמ,,,יח`,1.50,"100 מ""ל",false,1,22.90,15.27,false,1,
11210006508,true,רוטב טבסקו,ציון תורג`מן בעמ,,,יח`,0.60,"100 מ""ל",false,1,20.90,34.83,false,1,
11210007253,true,טבסקו שום 60 מל,ציון תורג`מן בעמ,,,יח`,0.60,"100 מ""ל",false,1,12.90,21.50,false,1,
11210009387,true,טבסקו 60 מל,ציון תורג`מן בעמ,,,יח`,0.60,"100 מ""ל",false,1,12.90,21.50,false,1,
11210607040,true,טבסקו מעושן 60 מל,ציון תורג`מן בעמ,,,יח`,0.60,"100 מ""ל",false,1,12.90,21.50,false,1,
11210618503,true,רוטב טבסקו חריף אקסטרא 60 מל,ציון תורג`מן בעמ,,,יח`,0.60,"100 מ""ל",false,1,20.90,34.83,false,1,
12300107136,true,פאקט כאמל כחול,גלוברנדס בעמ - שיווק סיגריות,,,יח`,1,,false,1,295,295,false,1,
13495113506,true,חטיף ביסקויט שוקולד חלב קליק (75 גרם),יוניליוור ישראל שיווק בעמ,,,יח`,0.75,100 גרם,false,1,6.50,8.67,true,1,
13495113513,true,חטיף כדורים שוקולד חלב קליק (75 גרם),יוניליוור ישראל שיווק בעמ,,,יח`,0.75,100 גרם,false,1,6.50,8.67,true,1,
13495113520,true,חטיף קורנפלקס שוקולד חלב קליק (75 גרם),יוניליוור ישראל שיווק בעמ,,,יח`,0.75,100 גרם,false,1,6.50,8.67,true,1,
13495113537,true,חטיף שוקולד חום לבן קליק (75 גרם),יוניליוור ישראל שיווק בעמ,,,יח`,0.75,100 גרם,false,1,6.50,8.67,true,1,
13495113551,true,קליק שקיות עוגי,יוניליוור ישראל שיווק בעמ,,,יח`,0.75,100 גרם,false,1,6.50,8.67,true,1,
13495113582,true,חטיף כריות שוקולד חלב קליק (75 גרם),יוניליוור ישראל שיווק בעמ,,,יח`,0.75,100 גרם,false,1,6.50,8.67,true,1,
16000185517,true,פייבר וואן 555 גר`,קבוצת אסם סחר שות. מוגבלת,,,יח`,5.55,100 גרם,false,1,22.90,4.13,true,1,
16000423534,true,נייטשר וואלי 210 גר`שיבולת שועל ושוקולד,ליימן שליסל בעמ,,,יח`,2.10,100 גרם,false,1,14.90,7.10,false,1,
16000548404,true,נייטשר וואלי 210 גר`שיבולת שועל ודבש,ליימן שליסל בעמ,,,יח`,1.75,100 גרם,false,1,14.90,8.51,false,1,
16000548503,true,נייטשר וואלי 210 גר`מייפל וסוכר חום,ליימן שליסל בעמ,,,יח`,2.10,100 גרם,false,1,14.90,7.10,false,1,
16000548602,true,נייטשר וואלי 210 גר`קינמון,ליימן שליסל בעמ,,,יח`,2.10,100 גרם,false,1,14.90,7.10,false,1,
16000548909,true,נייטשר וואלי 210 גר`מעורב,ליימן שליסל בעמ,,,יח`,2.10,100 גרם,false,1,14.90,7.10,false,1,
18000703517,true,פילסברי תערובת שיש,ליימן שליסל בעמ,,,יח`,5.59,100 גרם,false,1,18.90,3.38,true,1,
22200956932,true,ספיד סטיק 24/7 ג`ל כחול,ש.שסטוביץ בעמ,,,יח`,0,100 גרם,false,1,16.90,16.90,false,1,
25675120020,true,מקלות חמוצות 100,גורי ע.ע.ע בעמ,,,יח`,1,100 גרם,false,1,8.90,8.90,false,1,
25675120037,true,מקלות חמוצות 100,גורי ע.ע.ע בעמ,,,יח`,1,100 גרם,false,1,8.90,8.90,false,1,
25675120068,true,מקלות חמוצות 100,גורי ע.ע.ע בעמ,,,יח`,1,100 גרם,false,1,8.90,8.90,false,1,
30000315989,true,קוואקר פרוטאין חמוציות ושקדים 372 גר`,שטראוס פריטו ליי בעמ,,,יח`,3.72,100 גרם,false,1,22.90,6.16,false,1,
33617322616,true,ואזה מקמח שיפון קלה ( 270 גר`),גורי מוצרי צריכה (1991) בעמ,,,יח`,2.70,100 גרם,false,1,13.90,5.15,true,1,
33617340610,true,ואזה מקמח שיפון 275 גר`,גורי מוצרי צריכה (1991) בעמ,,,יח`,2.75,100 גרם,false,1,13.90,5.05,true,1,
37600207188,true,חמאת בוטנים קלאסי 462ג סקיפי,דיפלומט היינץ,,,יח`,4.62,100 גרם,false,1,19.90,4.31,false,1,
37600207256,true,חמאת בוטנים עם שברי בוטנים 462ג סקיפי,דיפלומט היינץ,,,יח`,4.62,100 גרם,false,1,19.90,4.31,false,1,
37600207287,true,חמאת בוטנים סקיפי עם דבש 462 גרם,דיפלומט היינץ,,,יח`,4.62,100 גרם,false,1,19.90,4.31,false,1,
37600297967,true,מטבל סלסה בחריפות עדינה Chi-Chi`s,ליימן שליסל בעמ,,,יח`,4.39,100 גרם,false,1,18.90,4.31,true,1,
38000138607,true,פרינגלס מלח וחומץ 158 גר`,דיפלומט היינץ,,,יח`,1.58,100 גרם,false,1,8.90,5.63,true,1,
38000138638,true,פרינגלס פיצה 158 גר`,דיפלומט היינץ,,,יח`,1.58,100 גרם,false,1,8.90,5.63,true,1,
38000138720,true,פרינגלס קראנצ`158 גר`,דיפלומט היינץ,,,יח`,1.58,100 גרם,false,1,8.90,5.63,true,1,
38000183690,true,חטיף צ`יפס בטעם ברביקיו פרינגלס (71 גרם),דיפלומט היינץ,,,יח`,0.67,100 גרם,false,1,4.90,7.31,false,1,
38000183928,true,פרינגלס דבש וחרדל 158 גר`,דיפלומט היינץ,,,יח`,1.58,100 גרם,false,1,8.90,5.63,true,1,
38000197840,true,פרינגלס ברביקיוו 137 גר`Wavy,דיפלומט היינץ,,,יח`,1.37,100 גרם,false,1,8.90,6.50,true,1,
38000202278,true,פרינגלס אורגינל 130 גר`Wavy,דיפלומט היינץ,,,יח`,1.30,100 גרם,false,1,8.90,6.85,true,1,
38000232152,true,פרינגלס ברביקיו 158 גר`,דיפלומט היינץ,,,יח`,1.58,100 גרם,false,1,8.90,5.63,true,1,
38000232169,true,חטיף צ`יפס אורגינל מידי פרינגלס (67 גרם),דיפלומט היינץ,,,יח`,0.67,100 גרם,false,1,4.90,7.31,false,1,
38000232176,true,פרינגלס שמנת בצל 158 גר`,דיפלומט היינץ,,,יח`,1.58,100 גרם,false,1,8.90,5.63,true,1,
38000232183,true,פרינגלס אורגינל 149 גר`,דיפלומט היינץ,,,יח`,1.49,100 גרם,false,1,8.90,5.97,true,1,
38000845253,true,פרינגלס מידי שמנת בצל 71 גר,דיפלומט היינץ,,,יח`,0.67,100 גרם,false,1,4.90,7.31,false,1,
38527591060,true,דגנים מרובעים קוואקר (411 גרם),שטראוס פריטו ליי בעמ,,,יח`,4.12,100 גרם,false,1,19.90,4.83,true,1,
40000513568,true,מ@מס 156 גר,מרס ריגלי ישראל בעמ,,,יח`,1.56,100 גרם,false,1,9.90,6.35,false,1,
40000513582,true,מ@מס בוטנים 156 גר,מרס ריגלי ישראל בעמ,,,יח`,1.56,100 גרם,false,1,9.90,6.35,false,1,
41390001079,true,רוטב סויה דל נתרן קיקומן (444 מל),דיפלומט היינץ,,,יח`,4.44,"100 מ""ל",false,1,29.90,6.73,true,1,
42400108153,true,דגני בוקר מתוקים בטעם פירות( 354 גר`)פ,ר.ב מוצרי דגנים בעמ,,,יח`,3.54,100 גרם,false,1,20,5.65,false,1,
46214731552,true,עוגיות שוקולד צ`יפס מרבה (225 גרם),ש.שסטוביץ בעמ,,,יח`,2.25,100 גרם,false,1,9.90,4.40,true,1,
50000084500,true,פריסקיז נתחי ברבקיו,שחורי אריה ואנסטסיה,,,יח`,1.42,"ק""ג",false,1,35.90,25.28,false,1,
50000100347,true,פריסקיז מעדני חתול,שחורי אריה ואנסטסיה,,,יח`,1.40,"ק""ג",false,1,35.90,25.64,false,1,
50000225224,true,פריסקיז פריים פילה הודו ברוטב,שחורי אריה ואנסטסיה,,,יח`,1.56,100 גרם,false,1,6.90,4.42,false,1,
50000429042,true,פנסי פיסט 85 גר`כבד ועוף,שחורי אריה ואנסטסיה,,,יח`,0.85,100 גרם,false,1,5.90,6.94,false,1,
50000429646,true,פנסי פיסט 85 גר`רטוב דגים,שחורי אריה ואנסטסיה,,,יח`,0.85,100 גרם,false,1,5.90,6.94,false,1,
50000429844,true,פנסי פיסט 85 גר`הודו ועוף,שחורי אריה ואנסטסיה,,,יח`,0.85,100 גרם,false,1,5.90,6.94,false,1,
50000434640,true,פנסי פיסט 85 גר`לבבות עוף וכבד,שחורי אריה ואנסטסיה,,,יח`,0.85,100 גרם,false,1,5.90,6.94,false,1,
50000574988,true,פנסי פיסט חתלתולים,שחורי אריה ואנסטסיה,,,יח`,1,,false,1,5.90,5.90,false,1,
50000836123,true,פנסי פיסט גריל טונה,שחורי אריה ואנסטסיה,,,יח`,1,,false,1,5.90,5.90,false,1,
55369901673,true,רסק תפוחי עץ+אפרסק ללתס רביעייה 452 גר`,מור-ים מרקטינג בעמ,,,יח`,4.52,100 גרם,false,1,13.90,3.08,false,1,
55369902557,true,רביעות רסק תפוחי עץ ממותק בסגנון ביתי 45,מור-ים מרקטינג בעמ,,,יח`,4.52,100 גרם,false,1,13.90,3.08,false,1,
55369903295,true,צנצנת רסק תפוחי עץ ללתס אפלסנקס 652 גר`,מור-ים מרקטינג בעמ,,,יח`,6.52,100 גרם,false,1,14.90,2.29,false,1,
63562578882,true,צלחת מעוצבת- מכוניות)(1X48,שמחה זה אנחנו בעמ,,,יח`,1,,false,1,9.90,9.90,false,1,
64144090051,true,תרסיס שמן קנולה פאם (148 מל),ליימן שליסל בעמ,,,יח`,1.48,"100 מ""ל",false,1,20.90,14.12,true,1,
76840001774,true,גלידת פיינטים שוקולד צ`פיס בן אנד גריס,מוצרי איכות אמריקאיים בעמ,,,יח`,4.20,"100 מ""ל",false,1,19.90,4.74,true,1,
76840002542,true,גלידת פיינטים חמאת בוטנים עם בראוניס,מוצרי איכות אמריקאיים בעמ,,,יח`,4.20,"100 מ""ל",false,1,19.90,4.74,true,1,
76840100583,true,גלידה וניל+בצק עוגיות ושוקולד ציפס 473ג,מוצרי איכות אמריקאיים בעמ,,,יח`,4.73,"100 מ""ל",false,1,19.90,4.21,true,1,
76840400218,true,גלידת פיינטים בן אנד גריס פיינט תות,מוצרי איכות אמריקאיים בעמ,,,יח`,7.50,"100 מ""ל",false,1,19.90,2.65,true,1,
77245110610,true,סוכריות ללס בטעם מנטה מאסט (80 גרם),שטראוס גרופ בעמ,,,יח`,0.80,100 גרם,false,1,8.90,11.13,false,1,
77343000127,true,נר נשמה 26 שעות.,אבאל יזמות בעמ,,,יח`,1,,false,1,2.50,2.50,false,1,
77343000233,true,נרות חימום מנורה שי נר (50),אבאל יזמות בעמ,,,יח`,1,,false,1,9.90,9.90,true,1,
77975093085,true,סניידרס בייגלה מצופה שוקולד חלב 141 גר`,ליימן שליסל בעמ,,,יח`,1.41,100 גרם,false,1,16.90,11.99,true,1,
77975094631,true,סניידרס בייגלה במילוי קרם צ`דר ( 226 גר`,ליימן שליסל בעמ,,,יח`,2.26,100 גרם,false,1,14.90,6.59,true,1,
77975094761,true,סניידרס שברי בייגל בטעם גבינת צ`אדר,ליימן שליסל בעמ,,,יח`,3.40,100 גרם,false,1,14.90,4.38,true,1,
77975094778,true,סניידרס שברי בייגל בטעם דבש וחרדל 340 גר,ליימן שליסל בעמ,,,יח`,3.40,100 גרם,false,1,14.90,4.38,true,1,
77975095157,true,סניידרס שברי בייגלה חלפינו 318 גר`,ליימן שליסל בעמ,,,יח`,3.18,100 גרם,false,1,14.90,4.69,true,1,
77975095164,true,סניידרס שברי בייגלה ממחמצת שאור בטעם פרמ,ליימן שליסל בעמ,,,יח`,3.18,100 גרם,false,1,14.90,4.69,true,1,
305213079004,true,וזלין תחליב גוף צהוב 600 מל,יוניליוור ישראל שיווק בעמ,,,יח`,6,"100 מ""ל",false,1,19.90,3.32,false,1,
628154383659,true,פרוטי פבלס 311 גר`.,ר.ב מוצרי דגנים בעמ,,,יח`,3.11,100 גרם,false,1,21.90,7.04,false,1,
634065859329,true,אוזניות שחור imx,קונסיגנציה-איי.איקס.אם ישראל ב,,,יח`,1,,false,1,28.90,28.90,false,1,
649870165695,true,חטיף נייטיב לכלב 80 גר,שחורי אריה ואנסטסיה,,,יח`,1,,false,1,15.90,15.90,false,1,
649870165732,true,חטיף נייטיב לכלב קוביות בקר 80 גר,שחורי אריה ואנסטסיה,,,יח`,1,,false,1,15.90,15.90,false,1,
649870166081,true,נייטיב בקר ברוטב לחתול,שחורי אריה ואנסטסיה,,,יח`,1,,false,1,4.90,4.90,false,1,
693493065634,true,ניוקי תפוא 3 צבעים אבאל,אבאל יזמות בעמ,,,יח`,5,100 גרם,false,1,9.90,1.98,false,1,
693493065641,true,טחינה הר כנען 100% 500 גר,אבאל יזמות בעמ,,,יח`,5,100 גרם,false,1,14.90,2.98,true,1,
693493168786,true,תמר מג`הול גמבו 1קג,סהר ותמר בעמ,,,יח`,10,100 גרם,false,1,25,2.50,false,1,
693493168823,true,תמר דקל נור 400 גר`,סהר ותמר בעמ,,,יח`,4,100 גרם,false,1,14.90,3.73,false,1,
710535495539,true,אורז בסמטי 96% ( 1 קג ) AVEL,אבאל יזמות בעמ,,,יח`,1,"ק""ג",false,1,11.90,11.90,true,1,
728229123590,true,חטיף צ`יפס אורגינל טרה (110 גרם)כשר לפס,משה סידס ובנו בעמ,,,יח`,1.10,100 גרם,false,1,14.90,13.55,true,1,
728229124771,true,חטיף טרה מבטטה בטעם ברבקיו 110 גר,משה סידס ובנו בעמ,,,יח`,1.10,100 גרם,false,1,14.90,13.55,true,1,
768404001640,true,גלידת פיינטים בטעם קפה,מוצרי איכות אמריקאיים בעמ,,,יח`,4.20,"100 מ""ל",false,1,19.90,4.74,true,1,
835811000396,true,נייר אפייה לתבנית מוארכות 30 יח הנמל,הנמל אריזות ושיווק (1984) בעמ,,,יח`,1,,false,1,9.90,9.90,false,1,
835811000402,true,כפות 50 יח`קרם עבה הנמל,הנמל אריזות ושיווק (1984) בעמ,,,יח`,1,,false,1,15.90,15.90,false,1,
835811000419,true,כפיות 50 יח`קרם עבה הנמל,הנמל אריזות ושיווק (1984) בעמ,,,יח`,1,,false,1,15.90,15.90,false,1,
835811001676,true,מגש הכסף תבנית מלבןגדול 9 יח`,הנמל אריזות ושיווק (1984) בעמ,,,יח`,1,,false,1,9.90,9.90,false,1,
835811003458,true,מזלגות אלגנט שקוף 50 יח` הנמל,הנמל אריזות ושיווק (1984) בעמ,,,יח`,1,,false,1,9.90,9.90,true,1,
835811003472,true,כפות אלגנט שקוף 50 יח` הנמל,הנמל אריזות ושיווק (1984) בעמ,,,יח`,1,,false,1,9.90,9.90,true,1,
835811003489,true,כפיות אלגנט שקוף 50 יח` הנמל,הנמל אריזות ושיווק (1984) בעמ,,,יח`,1,,false,1,9.90,9.90,true,1,
835811003588,true,צלחות קלאסי גדול לבן 65 יח` הנמל,הנמל אריזות ושיווק (1984) בעמ,,,יח`,1,,false,1,34.90,34.90,true,1,
835811003595,true,צלחות קלאסי קטן לבן 65 יח`,הנמל אריזות ושיווק (1984) בעמ,,,יח`,1,,false,1,24.90,24.90,true,1,
835811003847,true,גביעי איחסון עגול 500 מל הנמל 8 יח,הנמל אריזות ושיווק (1984) בעמ,,,יח`,1,,false,1,9.90,9.90,false,1,
835811003854,true,גביעי אחסון עגול 250 מל 10 יח`הנמל,הנמל אריזות ושיווק (1984) בעמ,,,יח`,1,,false,1,9.90,9.90,false,1,
835811004189,true,פירורי לחם הנמל (800גרם),הנמל אריזות ושיווק (1984) בעמ,,,יח`,8,100 גרם,false,1,9.90,1.24,false,1,
835811004219,true,מפה שולחן 8 יח עבה ניילון הנמל,הנמל אריזות ושיווק (1984) בעמ,,,יח`,0.45,100 גרם,false,1,9.90,22,false,1,
835811004226,true,מפת שולחן עבה בגליל 45 מטר,הנמל אריזות ושיווק (1984) בעמ,,,יח`,1,,false,1,34.90,34.90,true,1,
835811004325,true,צלחות ונציה גדולות פוקסיה 10 יח`הנמל,הנמל אריזות ושיווק (1984) בעמ,,,יח`,1,,false,1,18.90,18.90,false,1,
835811004417,true,ריבת חלב 340 גר הנמל,הנמל אריזות ושיווק (1984) בעמ,,,יח`,3.40,100 גרם,false,1,11.90,3.50,false,1,
835811004707,true,פרורי לחם מוזהבים הנמל (440 גרם),הנמל אריזות ושיווק (1984) בעמ,,,יח`,4.40,100 גרם,false,1,5.90,1.34,false,1,
835811005018,true,כוסות יהלום 50 יח` הנמל,הנמל אריזות ושיווק (1984) בעמ,,,יח`,1,,false,1,15.90,15.90,true,1,
835811005407,true,כוסות קפה לדרך 12 יח`הנמל,הנמל אריזות ושיווק (1984) בעמ,,,יח`,12,יח`,false,1,13.90,1.16,false,1,
835811005810,true,מגש הכסף תבנית מרובע קטן+מכסה 10 יח`,הנמל אריזות ושיווק (1984) בעמ,,,יח`,1,,false,1,9.90,9.90,false,1,
835811005933,true,מגש הכסף תבנית אלומ`ענק 5 יח`,הנמל אריזות ושיווק (1984) בעמ,,,יח`,1,,false,1,9.90,9.90,false,1,
835811005957,true,מגש הכסף תבנית אלומ` +90 מכסה 8 יח`,הנמל אריזות ושיווק (1984) בעמ,,,יח`,1,,false,1,9.90,9.90,false,1,
835811005964,true,מגש הכסף תבנית אלומ`מאורך 20 יח`,הנמל אריזות ושיווק (1984) בעמ,,,יח`,1,,false,1,9.90,9.90,false,1,
835811006046,true,ליפתן אמרקאיות 5 אונז`100 יח`הנמל,הנמל אריזות ושיווק (1984) בעמ,,,יח`,1,,false,1,27.90,27.90,false,1,
835811006213,true,קערות למרק מקנה סוכר טבעי 25 יח`הנמל,הנמל אריזות ושיווק (1984) בעמ,,,יח`,1,,false,1,10.90,10.90,false,1,
835811006237,true,צלחות קטנות מקנה סוכר טבעי 25 יח`הנמל,הנמל אריזות ושיווק (1984) בעמ,,,יח`,1,,false,1,8.90,8.90,false,1,
835811006244,true,צלחות גדולות מקנה סוכר טבעי 25 יח`הנמל,הנמל אריזות ושיווק (1984) בעמ,,,יח`,1,,false,1,12.90,12.90,false,1,
835811006435,true,מגש הכסף תבנית מלבןעמוק+ מכסה 9 יח`,הנמל אריזות ושיווק (1984) בעמ,,,יח`,1,,false,1,9.90,9.90,false,1,
835811007296,true,כפיות אלגנט קרם 50 יח` הנמל,הנמל אריזות ושיווק (1984) בעמ,,,יח`,1,,false,1,9.90,9.90,true,1,
835811007319,true,מזלגות אלגנט קרם 50 יח` הנמל,הנמל אריזות ושיווק (1984) בעמ,,,יח`,1,,false,1,9.90,9.90,true,1,
835811007326,true,סכינים אלגנט קרם 50 יח`הנמל,הנמל אריזות ושיווק (1984) בעמ,,,יח`,1,,false,1,9.90,9.90,true,1,
835811007357,true,סלטינות אובלי 25 יח`הנמל,הנמל אריזות ושיווק (1984) בעמ,,,יח`,1,,false,1,5.90,5.90,true,1,
835811007562,true,תבנית קרטון אינגליש קייק הנמל) (6,הנמל אריזות ושיווק (1984) בעמ,,,יח`,1,,false,1,8.90,8.90,false,1,
835811008774,true,צלחות אמרקאיות קטן 7 100 יח,הנמל אריזות ושיווק (1984) בעמ,,,יח`,1,,false,1,39.90,39.90,false,1,
835811008781,true,מרקיה אמריקאית 100 יח`הנמל,הנמל אריזות ושיווק (1984) בעמ,,,יח`,1,,false,1,37.90,37.90,false,1,
835811008934,true,מזלגות 50 יח`קרם עבה הנמל,הנמל אריזות ושיווק (1984) בעמ,,,יח`,1,,false,1,15.90,15.90,false,1,
835811008958,true,כפיות 50 יח`שקוף עבה הנמל,הנמל אריזות ושיווק (1984) בעמ,,,יח`,1,,false,1,13.90,13.90,false,1,
835811008996,true,כוסות קרטון 50 יח` OZ הנמל,הנמל אריזות ושיווק (1984) בעמ,,,יח`,1,,false,1,19.90,19.90,true,1,
835811009337,true,כוס יין 6 אינז`12 יח`הנמל,הנמל אריזות ושיווק (1984) בעמ,,,יח`,1,,false,1,12.90,12.90,false,1,
835811009436,true,צלחות ענק צבע 25 יח`מעורב הנמל,הנמל אריזות ושיווק (1984) בעמ,,,יח`,1,,false,1,25.90,25.90,false,1,
835811009689,true,כוסות צבע מעורב 50 יח`הנמל,הנמל אריזות ושיווק (1984) בעמ,,,יח`,1,,false,1,15.90,15.90,false,1,
839762000641,true,משקה איילנד 1 ליטר מנגו,טמפו משקאות בעמ,,,יח`,1,1 ליטר,false,1,12.90,12.90,true,1,
839762000658,true,משקה גויאבה איילנד (1 ליטר),טמפו משקאות בעמ,,,יח`,1,1 ליטר,false,1,12.90,12.90,true,1,
850006036028,true,מקלונים בטעם סלק בצל 400 גר` עבאדי,תה ויסוצקי (ישראל) בעמ,,,יח`,4,100 גרם,false,1,16.90,4.23,true,1,
855958006556,true,צורו טונה 56 גרם,שחורי אריה ואנסטסיה,,,יח`,1,,false,1,15.90,15.90,false,1,
856591000055,true,עוגיות מזרחיות קריספי עבאדי (400 גרם),תה ויסוצקי (ישראל) בעמ,,,יח`,4,100 גרם,false,1,16.90,4.23,false,1,
856591000062,true,עוגיות מזרחיות עם מלח עבאדי (400 גרם),תה ויסוצקי (ישראל) בעמ,,,יח`,4,100 גרם,false,1,16.90,4.23,true,1,
856591000109,true,עוגיות מזרחיות עבאדי 400 גר`,תה ויסוצקי (ישראל) בעמ,,,יח`,4,100 גרם,false,1,16.90,4.23,false,1,
856591000512,true,עוגיות מזרחיות עבאדי מקלונים פריכים 400,תה ויסוצקי (ישראל) בעמ,,,יח`,4,100 גרם,false,1,16.90,4.23,true,1,
856591000918,true,מארז חטיף טבעי עבאדי) (8X40,תה ויסוצקי (ישראל) בעמ,,,יח`,3.20,100 גרם,false,1,14.90,4.66,false,1,
884912129512,true,דגני בוקר קוקו פבלס 311 גר .,ר.ב מוצרי דגנים בעמ,,,יח`,3.11,100 גרם,false,1,21.90,7.04,false,1,
884912342737,true,פרוטי פבלס ללא גלוטן וופל קריספי 326 גר`,ר.ב מוצרי דגנים בעמ,,,יח`,4.25,100 גרם,false,1,22,5.18,false,1,
884912359155,true,האני באנצס האני רוסטד 340 גר`.,ר.ב מוצרי דגנים בעמ,,,יח`,3.40,100 גרם,false,1,21.90,6.44,true,1,
884912359162,true,האני באנצס שקדים 340 גר`.,ר.ב מוצרי דגנים בעמ,,,יח`,3.40,100 גרם,false,1,21.90,6.44,true,1,
884912365200,true,דגני בוקר אוראו 311 גר`,ר.ב מוצרי דגנים בעמ,,,יח`,3.11,100 גרם,false,1,22,7.07,false,1,
884912377142,true,האני באנצס וניל 340 גר` .,ר.ב מוצרי דגנים בעמ,,,יח`,3.40,100 גרם,false,1,21.90,6.44,true,1,
893594002051,true,פופקורנס צ`יפס בטעם גבינת צ`דר,שטראוס פריטו ליי בעמ,,,יח`,0.32,100 גרם,false,1,5.90,18.44,false,1,
1230000068314,false,בשר טחון ביונד מיט מארז זוגות 300ג,זנברגן וורלד פינסט מיט ב,,,יח`,3,100 גרם,false,1,29.90,9.97,false,1,
1230000116022,false,המבורגר ביונד מיט מארז זוגות 226ג,ביונד מיט קליפורניה ארהב,,,יח`,2.26,100 גרם,false,1,34.90,15.44,true,1,
3014260100667,false,אורל בי מברשת שיניים ילדים 3-5 שנים,דיפלומט מפיצים (1968) בעמ,,,יח`,1,,false,1,14.90,14.90,false,1,
3014260287030,false,ג`ילט סכיני גילוח חדפ לגבר יבוא מקביל,פארמה דיל (פ.א.ב.) שיווק והפצה,,,יח`,1,,false,1,9.90,9.90,false,1,
3014260289287,false,סכין גילוח גילט בלו 2 לנשים-חמישייה,דיפלומט מפיצים (1968) בעמ,,,יח`,1,,false,1,12.90,12.90,false,1,
3014260833848,false,מברשות שיניים אורל בי פרו אקספרט 35 זוג,דיפלומט מפיצים (1968) בעמ,,,יח`,1,,false,1,19.90,19.90,false,1,
3046920028004,false,לינדט שוקולד אקסלנס מריר 70% 100 גר,לינדט ושפרונגלי קילשברג,,,יח`,1,100 גרם,false,1,15.90,15.90,true,1,
3046920028363,false,לינדט אקסלנס 85% מוצקי קקאו 100 גרם,לינדט ושפרונגלי קילשברג,,,יח`,1,100 גרם,false,1,15.90,15.90,true,1,
3046920028752,false,שוקולד לינדט אקסלנס מינט 100 גרם,לינדט ושפרונגלי קילשברג,,,יח`,1,100 גרם,false,1,15.90,15.90,true,1,
3046920029674,false,אקסלנס עם שבבי מלח לינדט (100 גרם),לינדט ושפרונגלי קילשברג,,,יח`,1,100 גרם,false,1,15.90,15.90,true,1,
3046920029681,false,לינדט שוקולד אקסלנס מילד 85% קקאו 100 גר,משה סידס ובנו בעמ,,,יח`,1,100 גרם,false,1,15.90,15.90,true,1,
3046920029759,false,אקסלנס שוקולד מריר 90% לינדט (100 גרם),לינדט ושפרונגלי קילשברג,,,יח`,1,100 גרם,false,1,15.90,15.90,true,1,
3059943015104,false,"אירוויק מבשם אויר נטול גז בניחוח פריסיה ויסמין 345 מ""ל",רקיט בנקיזר (ניר איסט) בעמ,,,יח`,3.45,"100 מ""ל",false,1,14.90,4.32,true,1,
3059943015128,false,מבשם אוויר נטול גז אקווה מיסט בניחוח לבנדר פראי ואוויר הרים,רקיט בנקיזר (ניר איסט) בעמ,,,יח`,3.45,"100 מ""ל",false,1,14.90,4.32,true,1,
3059943016507,false,"אירוויק ספריי בניחוח לבנדר וקמומיל 240 מ""ל",רקיט בנקיזר (ניר איסט) בעמ,,,יח`,2.40,"100 מ""ל",false,1,9.90,4.13,true,1,
3059944021197,false,"ויט קרם להסרת שיער לעור רגיש (אריזת חיסכון) 400 מ""ל",רקיט בנקיזר (ניר איסט) בעמ,,,יח`,1,,false,1,57.90,57.90,false,1,
3068320014067,false,אוויאן מים מינרליים ספורט 750 מל,קריניציה ויטמינה אס,,,יח`,7.50,"100 מ""ל",false,1,9.90,1.28,true,1,
3068320017846,false,מים מינרלים אוויאן 1 ליטר,קריניציה ויטמינה אס,,,יח`,1,1 ליטר,false,1,10.90,10.90,true,1,
3068320055008,false,מים מינרלים אוויאן 500 מל,קריניציה ויטמינה אס,,,יח`,5,"100 מ""ל",false,1,6.90,1.32,true,1,
3073781161687,false,גבינה לוואש קרי(מותכת) 16 יח 256 גר,בני ג`ורג` שוקחה (חיפה) בעמ,,,יח`,2.56,100 גרם,false,1,22.70,8.87,false,1,
3073781162790,false,גבינה מותכת בייבי בל 120 גרם,א. סיימן סחר בעמ,,,יח`,1.20,100 גרם,false,1,21.90,18.25,true,1,
3083681142983,false,שעועית עדינה קפואה בונדואל 600 גר`,קפוא-זן תעשיות מזון בעמ - תפוג,,,יח`,6,100 גרם,false,1,21.90,3.65,false,1,
3083681143010,false,אפונת גן קפואה בונדואל 600 גר`,קפוא-זן תעשיות מזון בעמ - תפוג,,,יח`,6,100 גרם,false,1,13.90,2.32,false,1,
3083681143041,false,גרעיני תירס קפואים בונדואל 600 גר`,קפוא-זן תעשיות מזון בעמ - תפוג,,,יח`,6,100 גרם,false,1,14.90,2.48,false,1,
3083681143652,false,פרוסות חציל בגריל בונדואל 600 גר`,קפוא-זן תעשיות מזון בעמ - תפוג,,,יח`,6,100 גרם,false,1,24.90,4.15,false,1,
3083681143690,false,פרוסות זוקיני בגריל בונדואל 600 גר`,קפוא-זן תעשיות מזון בעמ - תפוג,,,יח`,6,100 גרם,false,1,24.90,4.15,false,1,
3083681143720,false,חצאי פלפלים בגריל בונדואל 600 גר`,קפוא-זן תעשיות מזון בעמ - תפוג,,,יח`,6,100 גרם,false,1,24.90,4.15,false,1,
3141360054405,false,פיניש מפיץ ריח למדיח בניחוח לימון וליים,רקיט בנקיזר (ניר איסט) בעמ,,,יח`,0.27,100 גרם,false,1,14.90,55.19,true,1,
3161911229199,false,חמאה צרפתית רכה למריחה אל & ויר 250 גרם,א. סיימן סחר בעמ,,,יח`,2.50,100 גרם,false,1,21.90,8.76,true,1,
3161911366429,false,חמאה צרפתית מלוחה רכה למריחה אלוויר 250 גר',א. סיימן סחר בעמ,,,יח`,2.50,100 גרם,false,1,21.90,8.76,true,1,
3178530409673,false,עוגיות פיל סאן מישל קרמל 100 גר`,סאן מישל צ'\אמפאגנאק,,,יח`,1,100 גרם,false,1,15.90,15.90,false,1,
3178530411478,false,ביסקוויטים גאלט עם חמאה ומלח ים,א. סיימן סחר בעמ,,,יח`,1.50,100 גרם,false,1,12.90,8.60,false,1,
3228022910023,false,חמאה צרפתית פריזידאן פרזידנט (200 גרם),סוסייטה בארייר דה אי,,,יח`,2,100 גרם,false,1,14.90,7.45,false,1,
3379810116483,false,יין לבן 750 מל שאבלי,היכל היין שקד גולן בעמ,,,יח`,7.50,"100 מ""ל",false,1,110.20,14.65,true,1,
3387390320244,false,פיטנס דגני בוקר מחיטה מלאה עם פירות נסטלה 375 גרם,קבוצת אוסם סחר שותפות מוגבלת,,,יח`,3.75,100 גרם,false,1,19.90,5.31,true,1,
3387390525960,false,קראנץ' דגני בוקר עם שוקולד חלב נסטלה 500 גרם,קבוצת אוסם סחר שותפות מוגבלת,,,יח`,5,100 גרם,false,1,19.90,3.98,true,1,
3523230045827,false,גבינת סנט מור עיזים160גר,א. סיימן סחר בעמ,,,יח`,1.60,100 גרם,false,1,27.90,17.44,true,1,
3525490011116,false,יין אדום לה ז`אמל קרבנה סובניון 750 מל,היכל היין שקד גולן בעמ,,,יח`,7.50,"100 מ""ל",false,1,54.90,7.28,false,1,
3563490014898,false,ריין דיז'ון חרדל דיז'ון 265 גרם,דיפלומט מפיצים (1968) בעמ**,,,יח`,2.65,100 גרם,false,1,12.90,4.87,false,1,
3574660240030,false,או-בה פרוקומפורט 32 יח נורמל,פארמה דיל (פ.א.ב.) שיווק והפצה,,,יח`,1,,false,1,19.90,19.90,false,1,
3574660464368,false,קרפרי מגה פק מגן תחתון אוורירי מבושם 76,גונסון אנד גונסון,,,יח`,1,,false,1,19.90,19.90,false,1,
3574661135601,false,מי פה ליסטרין קול מינט 1 ליטר יבוא מקבי,איינשטיין-צור יבוא-יצוא וסחר ב,,,יח`,10,"100 מ""ל",false,1,19.90,1.99,false,1,
3574661203577,false,ליסטרין אדוונס וויט 500 מל-יבוא מקביל,בית הצעצוע בעמ,,,יח`,5,"100 מ""ל",false,1,14.90,2.98,true,1,
3574669909204,false,גונסונס בייבי שמן לתינוק 300 מל,ג'ונסונס Johnson's,,,יח`,3,"100 מ""ל",false,1,21.90,7.30,true,1,
3600523605972,false,אלביב קרם לחות מועשר בשמן קוקוס 300 מל,לוריאל ישראל קוסמטיקס בעמ,,,יח`,3,"100 מ""ל",false,1,24.90,8.30,false,1,
3600523651870,false,שמפו לחיזוק סיב השערה לכל סוגי השיער,לוריאל ישראל קוסמטיקס בעמ,,,יח`,5.50,"100 מ""ל",false,1,14.90,2.71,true,1,
3600523651900,false,מרכך לחיזוק סיב השערה לכל סוגי השיער,לוריאל ישראל קוסמטיקס בעמ,,,יח`,5.50,"100 מ""ל",false,1,14.90,2.71,true,1,
3600523652259,false,"לוריאל - אלביב מרכך קולור פרוטקט 550 מ""ל",לוריאל ישראל קוסמטיקס בעמ,,,יח`,5.50,"100 מ""ל",false,1,14.90,2.71,true,1,
3600523755806,false,"לוריאל - אלביב שמפו קוקוס 550 מ""ל",לוריאל ישראל קוסמטיקס בעמ,,,יח`,5.50,"100 מ""ל",false,1,14.90,2.71,true,1,
3600523756322,false,"לוריאל - אלביב מרכך קוקוס 550 מ""ל",לוריאל ישראל קוסמטיקס בעמ,,,יח`,5.50,"100 מ""ל",false,1,14.90,2.71,true,1,
3600523782567,false,"לוריאל - אלביב שמפו דרים לונג 500 מ""ל",לוריאל ישראל קוסמטיקס בעמ,,,יח`,5,"100 מ""ל",false,1,14.90,2.98,true,1,
3600523782574,false,מסכה לשיער לוריאל אלביב דרים לונג 300 מל,לוריאל ישראל קוסמטיקס בעמ,,,יח`,3,"100 מ""ל",false,1,24.90,8.30,false,1,
3600523782581,false,מרכך מתיר קשרים לשיער ארוך ופגום Dream Long,לוריאל ישראל קוסמטיקס בעמ,,,יח`,5,"100 מ""ל",false,1,14.90,2.98,true,1,
3600524051334,false,אלביב מרכך חומצה היאלורונית 400 מל,לוריאל ישראל קוסמטיקס בעמ,,,יח`,4,"100 מ""ל",false,1,13.90,3.48,true,1,
3600524051570,false,לוריאל - אלביב מסכה היאלורונית 300 מ''ל,לוריאל ישראל קוסמטיקס בעמ,,,יח`,3,"100 מ""ל",false,1,24.90,8.30,false,1,
3600540308641,false,צבע לשיער קולור נטורלס בלונד כהה 6,לוריאל ישראל קוסמטיקס בעמ,,,יח`,1,,false,1,19.90,19.90,false,1,
3600541928275,false,מי פנים מיסלריים דו-פאזיים מסיר איפור עמיד במים,לוריאל ישראל קוסמטיקס בעמ,,,יח`,4,"100 מ""ל",false,1,29.90,7.48,false,1,
3600541937475,false,גרניה פיור גרגרים מסיכה לעור מעורב עד שמן,לוריאל ישראל קוסמטיקס בעמ,,,יח`,1.50,"100 מ""ל",false,1,29.90,19.93,false,1,
3600542385268,false,"גרנייה - דאודורנט רול און לאישה אינביזיבל BWC (ורוד) 50 מ""ל",לוריאל ישראל קוסמטיקס בעמ,,,יח`,0.50,"100 מ""ל",false,1,11.90,23.80,false,1,
3600542385275,false,"גרנייה - דאודורנט רול און לאישה פיור אקטיב 50 מ""ל",לוריאל ישראל קוסמטיקס בעמ,,,יח`,0.50,"100 מ""ל",false,1,11.90,23.80,false,1,
3600542431828,false,גרנייה - קולור נטורלס 1 שחור טבעי חדש,לוריאל ישראל קוסמטיקס בעמ,,,יח`,1.12,"100 מ""ל",false,1,19.90,17.77,false,1,
3600542431842,false,גרנייה - קולור נטורלס 4 חום כהה טבעי חדש,לוריאל ישראל קוסמטיקס בעמ,,,יח`,1.12,"100 מ""ל",false,1,19.90,17.77,false,1,
3600542431972,false,צבע לשיער קולור נטורלס - 111 בלונד אולטרה בהיר אפור,לוריאל ישראל קוסמטיקס בעמ,,,יח`,1.12,"100 מ""ל",false,1,19.90,17.77,false,1,
3600542456579,false,מים מיסלר ויטמין סי 400 מל גרנייה,לוריאל ישראל קוסמטיקס בעמ,,,יח`,4,"100 מ""ל",false,1,29.90,7.48,false,1,
3607340717635,false,אדידס גל רחצה לגבר אייס דייב 400 מל,דנשר (1963) בעמ,,,יח`,4,"100 מ""ל",false,1,13.90,3.48,true,1,
3607347320449,false,"אדידס - ג'ל רחצה ספורט אנרג'י 400 מ""ל",דנשר (1963) בעמ,,,יח`,4,"100 מ""ל",false,1,13.90,3.48,true,1,
3607349687458,false,דאו ספריי לגבר קול דריי פרש 150 מל אדיד,דנשר (1963) בעמ,,,יח`,1.50,"100 מ""ל",false,1,12.90,8.60,false,1,
3614224050986,false,"אדידס - דאודורנט ספריי לגבר אדיפאוור 72 שעות 150 מ""ל","ב.א מזון בע""מ",,,יח`,1.50,"100 מ""ל",false,1,12.90,8.60,false,1,
3661163991146,false,"אדידס - דאודורנט ספריי לאישה קול אנד קר פרש 150 מ""ל",מיוצר עי קונדיטוריית,,,יח`,1.50,"100 מ""ל",false,1,19.90,13.27,true,1,
3700331104824,false,כוסות שתיה חמה 50 יח 8B,עיסא ערטול בעמ,,,יח`,1,,false,1,8.90,8.90,false,1,
3800718504947,false,ספוג סקוטש שייני 10 יחיד,מ.א.ייצור ויבוא מטליות בעמ,,,יח`,10,יח`,false,1,5,0.50,false,1,
4000351109380,false,שמן קנולה 1 ליטר BROLIO.,המותג-לא פעיל להקלדה,,,יח`,1,1 ליטר,false,1,8.90,8.90,false,1,
4000415004408,false,שוגטן שוקולד קקאו מריר אגוזים 100 גר,לודוויג שוקולד,,,יח`,1,100 גרם,false,1,5.90,5.90,true,1,
4000415039707,false,שוקולד שוגטן עוגיות וניל טבעי 100ג,לודוויג שוקולד,,,יח`,1,100 גרם,false,1,5.90,5.90,true,1,
4000415040109,false,שוקולד שוגטן קרמל בראוני טבעי100ג,לודוויג שוקולד,,,יח`,1,100 גרם,false,1,5.90,5.90,true,1,
4000415111908,false,שוגטן שוקולד סטרציאטלה 100 גרם,לודוויג שוקולד,,,יח`,1,100 גרם,false,1,5.90,5.90,true,1,
4000415358303,false,שוקו-פאן ביסקוויט חמישיות 210 גרם,יעד ממתקים בעמ,,,יח`,2.10,100 גרם,false,1,8.90,4.24,true,1,
4000415440701,false,שוקו פאן בוטנים שישיה 6*216 גרם,יעד ממתקים בעמ,,,יח`,2.16,100 גרם,false,1,8.90,4.12,true,1,
4000415440909,false,שוקו פאן קרמל שישיה *6 216 גרם,יעד ממתקים בעמ,,,יח`,2.16,100 גרם,false,1,8.90,4.12,true,1,
4000415730109,false,שוקולד שוגטן מריר עם אגוזים קצוצים 100גר,לודוויג שוקולד,,,יח`,1,100 גרם,false,1,5.90,5.90,true,1,
4000415749606,false,שוקולד שוגטן יום הולדת 100 גרם,לודוויג שוקולד,,,יח`,1,100 גרם,false,1,5.90,5.90,true,1,
4000415757502,false,שוגטן קאפקייק לימון 100 גר`,לודוויג שוקולד,,,יח`,1,100 גרם,false,1,5.90,5.90,true,1,
4000415851705,false,שוקולד נוגט טבעי שוגטן 100 גרם,"לודוויג שוקולד בע""\מ",,,יח`,1,100 גרם,false,1,5.90,5.90,true,1,
4000415856601,false,שוקולד לבן טבעי שגוטן 100 גרם,"לודוויג שוקולד בע""\מ",,,יח`,1,100 גרם,false,1,5.90,5.90,true,1,
4000417025005,false,שוקולד מריר במילוי מרציפן ריטר ספורט 100 גרם,ריטר ספורט Ritter sport,,,יח`,1,100 גרם,false,1,9.90,9.90,true,1,
4000417026002,false,שוקולד ריטר ספורט פרלין 100 גרם חלב נוכרי,ריטר ספורט Ritter sport,,,יח`,1,100 גרם,false,1,9.90,9.90,true,1,
4000417101211,false,גלילי וופל עם קרם אגוזי לוז בציפוי שוקולד חלב,ליימן שליסל בע`מ,,,יח`,1.50,100 גרם,false,1,17.90,11.93,true,1,
4000417222008,false,שוקולד ריטר ספורט חלב+שברי אגוזים 100 גרם חלב נוכרי,ריטר ספורט Ritter sport,,,יח`,1,100 גרם,false,1,9.90,9.90,true,1,
4000522009747,false,"מקלות בייגלה תפו""א צ'יו 80 גרם",טרופיקל דגיל תעשיות,,,יח`,0.80,100 גרם,false,1,3.90,4.88,true,1,
4000522061752,false,בייגלה צ'יו מקלות מלוחים 100 גרם,ר.ב. מוצרי דגנים בעמ,,,יח`,1,100 גרם,false,1,3.90,3.90,true,1,
4000539280740,false,לינדט אקסלנס 78% מוצקי קקאו 100 גרם,לינדט ושפרונגלי קילשברג,,,יח`,1,100 גרם,false,1,15.90,15.90,true,1,
4000607850004,false,שוקולד חלב טבעי שוגטן 100 גרם,"לודוויג שוקולד בע""\מ",,,יח`,1,100 גרם,false,1,5.90,5.90,true,1,
4000607851001,false,שוקולד חלב אגוזים טבעי שוגטן 100 גרם,"לודוויג שוקולד בע""\מ",,,יח`,1,100 גרם,false,1,5.90,5.90,true,1,
4000607852008,false,שוקולד מריר טבעי שוגטן 100 גרם,"לודוויג שוקולד בע""\מ",,,יח`,1,100 גרם,false,1,5.90,5.90,true,1,
4000607854606,false,שוקולד לילדים שוגטן 100 גרם,"לודוויג שוקולד בע""\מ",,,יח`,1,100 גרם,false,1,5.90,5.90,true,1,
4000607854705,false,שוקולד תות טבעי שוגטן 100 גרם,לודוויג שוקולד,,,יח`,1,100 גרם,false,1,5.90,5.90,true,1,
4000869032569,false,"הפי מבשם ומטהר אויר ורוד מוצק יעקבי 150 מ""ל","יעקב יעקבי ובניו בע""מ",,,יח`,1,,false,1,6.90,6.90,false,1,
4002720005736,false,מליטה קפה לפילטר פרימיום 250 גרם,המאפיה של הרמן,,,יח`,2.50,100 גרם,false,1,17.90,7.16,false,1,
4004666042004,false,"מלרוד מרסס משמיד עובש יעקבי 500 מ""ל","יעקב יעקבי ובניו בע""מ",,,יח`,7.50,"100 מ""ל",false,1,29.90,3.99,false,1,
4004666107819,false,"מלרוד - מרסס לניקוי וטיהור המזגן 500 מ""ל",יעקב יעקבי ובניו בעמ,,,יח`,5,"100 מ""ל",false,1,22.90,4.58,false,1,
4005808293469,false,"ניוואה - דאודורנט ספריי לגבר יבש 150 מ""ל",אלפא- ב.ד.ף בעמ,,,יח`,1.50,"100 מ""ל",false,1,14.90,9.93,true,1,
4005808801053,false,ניוואה קרם רב שימושי 250 מל יבוא מקביל,פארמה דיל (פ.א.ב.) שיווק והפצה,,,יח`,2.50,"100 מ""ל",false,1,15.90,6.36,false,1,
4005808890507,false,ניוואה קרם סופט רב שימושי 200 מל יבוא,פארמה דיל (פ.א.ב.) שיווק והפצה,,,יח`,2,"100 מ""ל",false,1,15.90,7.95,false,1,
4005900036506,false,"ניוואה - דאודורנט רול און לגבר שקוף בלק 50 מ""ל",טרופיקל דגיל תעשיות,,,יח`,0.50,"100 מ""ל",false,1,12.90,25.80,true,1,
4005900036568,false,ניוואה דאודורנט רולאון ספריי לאישה בלק אנד וויט 150 מ''ל,אלפא- ב.ד.ף בעמ,,,יח`,1,,false,1,14.90,14.90,true,1,
4005900485243,false,"ניוואה - דאודורנט רול און לגבר דריי פרש 50 מ""ל",אלפא- ב.ד.ף בעמ,,,יח`,0.50,"100 מ""ל",false,1,12.90,25.80,true,1,
4005900496331,false,מים מיסלריים אקספרט מים מיסלריים אקספרט,אלפא- ב.ד.ף בעמ,,,יח`,4,"100 מ""ל",false,1,34.90,8.73,true,1,
4005900542557,false,"ניוואה - דאודורנט רול און לאישה בלק אנד וויט 50 מ""ל",אלפא- ב.ד.ף בעמ,,,יח`,1,,false,1,12.90,12.90,true,1,
4005900835642,false,"ניקוי פילינג מסכה לפנים 3 ב 1 150 מ""ל ניוואה",אלפא- ב.ד.ף בעמ,,,יח`,1.50,"100 מ""ל",false,1,34.90,23.27,true,1,
4005900874962,false,"ניוואה - דאודורנט רול און לגבר דיפ בלק 50 מ""ל",אלפא- ב.ד.ף בעמ,,,יח`,0.50,"100 מ""ל",false,1,12.90,25.80,true,1,
4008287051032,false,בירה קרומבאכר פילס 0.50 ליטר פחית,מנדלז סי.אר. פרודקשן,,,יח`,5,"100 מ""ל",false,1,9.90,1.92,true,1,
4008287058161,false,בירה קרומבאכר פילס 4.8% שישיה 6 * 330 מל,אגודת הכורמים -כרמל מזרחי,,,יח`,19.80,"100 מ""ל",false,1,29.90,1.42,false,1,
4008287762020,false,בירה קרומבאכר חיטה 0.50 ליטר בקבוק,אגודת הכורמים -כרמל מזרחי,,,יח`,5,"100 מ""ל",false,1,9.90,1.92,true,1,
4008287905786,false,בירה קרומבאכר חיטה 5.3% פחית 500 מל,אגודת הכורמים -כרמל מזרחי,,,יח`,5,"100 מ""ל",false,1,9.90,1.92,true,1,
4009300522935,false,תה ירוק לימונית ולואיזה פומפדור 20 יחידות,"איטיליאן פוד, אס.פי.",,,יח`,0.30,100 גרם,false,1,16.90,56.33,true,1,
4009300525684,false,חליטת צמחים פומפדור ג'ינג'ר ולימון 20 יחידות,ש. שסטוביץ בע`מ,,,יח`,0.35,100 גרם,false,1,15.90,45.43,true,1,
4009300527909,false,חליטת צמחים ג'ינג'ר כורכום ללא קפאין,ש. שסטוביץ בע`מ,,,יח`,0.40,100 גרם,false,1,15.90,39.75,true,1,
4009300530183,false,תה חליטת פומפדור תפוז ספרדי 20 יח,ש.שסטוביץ בעמ,,,יח`,1,,false,1,15.90,15.90,true,1,
4009300530275,false,תה חליטת פומפדור מנטה מרוקאית 20 יח,ש.שסטוביץ בעמ,,,יח`,0.36,100 גרם,false,1,15.90,44.17,true,1,
4009900013581,false,מסטיק אורביט סטיקס מארז חמישייה ללס בטע,"מרס ריגלי ישראל בע""מ",,,יח`,1,,false,1,9.90,9.90,false,1,
4009900379564,false,מסטיק הובה בובה Hubba Bubba טייפ בטעם פירות,מרס ריגלי קונפקשונרי,,,יח`,0.56,100 גרם,false,1,6.90,12.32,false,1,
4009900402965,false,אורביט וויט בטעם פירות בקבוקון 46מלבניות,"מרס ריגלי ישראל בע""מ",,,יח`,1,,false,1,10.90,10.90,true,1,
4009900403023,false,אורביט וויט בטעם מנטה בקבוקון 46 מלבניות,"מרס ריגלי ישראל בע""מ",,,יח`,1,,false,1,10.90,10.90,true,1,
4009900406918,false,מסטיק הובה בובה טייפ טריפל מיקס 56ג',מרס ריגלי קונפקשונרי,,,יח`,0.56,100 גרם,false,1,6.90,12.32,false,1,
4009900465304,false,סוכריות סקיטלס פירות חמוצים 174 גרם,"מרס ריגלי ישראל בע""מ",,,יח`,1.74,100 גרם,false,1,8.90,5.11,true,1,
4009900479998,false,אורביט וויט אוכמניות בקבוקון 46 מלבניות,"מרס ריגלי ישראל בע""מ",,,יח`,1,,false,1,10.90,10.90,true,1,
4009900482417,false,מסטיק אורביט פירות מנטה בקבוקון באבל מינט 45יח,"מרס ריגלי ישראל בע""מ",,,יח`,1,,false,1,10.90,10.90,true,1,
4009900484305,false,מסטיק אורביט פרופשיונל סוויטמינט ביגי לבן 60יח',"מרס ריגלי ישראל בע""מ",,,יח`,0.84,100 גרם,false,1,13,15.48,false,1,
4009900487283,false,מסטיק אורביט סטיקס מארז חמישייה ללס בטע,"מרס ריגלי ישראל בע""מ",,,יח`,1,,false,1,9.90,9.90,false,1,
4009900496247,false,"מסטיק אורביט לל""ס מלבניות בקבוק בבלימנט 60 יח",מרס ריגלי ישראל בעמ,,,יח`,0.84,100 גרם,false,1,13,15.48,false,1,
4009900514996,false,מסטיק טעם תות בקבוקון אורביט 64 גרם,"מרס ריגלי ישראל בע""מ",,,יח`,1,,false,1,10.90,10.90,true,1,
4009900531122,false,"מסטיק בטעם מנטה ספירמינט, 64 ג' פרופשיונל אורפיט","מרס ריגלי ישראל בע""מ",,,יח`,1,,false,1,10.90,10.90,true,1,
4009900531573,false,סוכריות סקיטלס סמודיס בטעמי יוגורט ופירות,"מרס ריגלי ישראל בע""מ",,,יח`,1.74,100 גרם,false,1,8.90,5.11,true,1,
4009900535519,false,מסטיק אורביט רפרשרס ספירמינט ללא סוכר 15.6גר',"מרס ריגלי ישראל בע""מ",,,יח`,0.1560,100 גרם,false,1,3.90,25,true,1,
4009900535540,false,מסטיק אורביט רפרשרס פפרמינט ללא סוכר 15.6גר',"מרס ריגלי ישראל בע""מ",,,יח`,0.1560,100 גרם,false,1,3.90,25,true,1,
4009900535823,false,מסטיק אורביט רפרשרס באבלמינט ללא סוכר 15.6גר',"מרס ריגלי ישראל בע""מ",,,יח`,0.1560,100 גרם,false,1,3.90,25,true,1,
4009900539401,false,מסטייק אורבייט פייב באונוס מנטה HP,מרס ריגלי ישראל בעמ,,,יח`,0.1440,100 גרם,false,1,3.90,27.08,false,1,
4009900539685,false,"מסטיק פייב באונס בטעם מנטה בקבוקון, 61.8 גרם","מרס ריגלי ישראל בע""מ",,,יח`,0.67,100 גרם,false,1,11.90,17.76,true,1,
4009900539746,false,"מסטיק פייב באונס בטעם אבטיח בקבוקון, 61.8 גרם",מרס ריגלי ישראל בעמ,,,יח`,0.67,100 גרם,false,1,11.90,17.76,true,1,
4011100002227,false,באונטי חטיף שוקולד קוקוס מארז 403 גרם,לינדט ושפרונגלי קילשברג,,,יח`,4.03,100 גרם,false,1,19.90,4.94,false,1,
4011800577810,false,מארז חטיפי קורני פרי נוגט 120 גרם,משה סידס ובנו בעמ,,,יח`,1.20,100 גרם,false,1,9.90,8.25,false,1,
4011800628512,false,חטיף קורני שוקולד חלב 6 יח 150 גר,מיוצר עי קונדיטוריית,,,יח`,1.50,100 גרם,false,1,9.90,6.60,false,1,
4011800630515,false,חטיף קורני שוקולד חלב ובננה 6 יח 150 גר,מיוצר עי קונדיטוריית,,,יח`,1.50,100 גרם,false,1,9.90,6.60,false,1,
4011800632519,false,חטיף קורני שישייה שוקולד חלבי וקוקוס,מיוצר עי קונדיטוריית,,,יח`,1.50,100 גרם,false,1,9.90,6.60,false,1,
4011800633516,false,קורני בציפוי שוקולד מריר מעולה 6*23,משה סידס ובנו בעמ,,,יח`,1.50,100 גרם,false,1,9.90,6.60,false,1,
4011800636517,false,קורני פרי שוקולד חלב מעולה ללא סוכר 6*1,מיוצר עי קונדיטוריית,,,יח`,1.20,100 גרם,false,1,9.90,8.25,false,1,
4014400900217,false,בונבונריית מרסי מבחר ממתקי שוקולד 400 גרם,קריניציה ויטמינה אס,,,יח`,4,100 גרם,false,1,39.90,9.98,false,1,
4014400901191,false,בונבונריית מרסי מבחר ממתקי שוקולד 250 גרם,ליימן שליסל בע`מ,,,יח`,2.50,100 גרם,false,1,24.90,9.96,true,1,
4014400903409,false,בונבוניירה שוקולד אגוזים טופיפי 250 גרם,קריניציה ויטמינה אס,,,יח`,2.50,100 גרם,false,1,24.90,9.96,true,1,
4014400904277,false,סוכריות בטעם מנטה אייס פרש סטורק 425 גרם,ליימן שליסל בע`מ,,,יח`,4.25,100 גרם,false,1,14.90,3.51,true,1,
4014400904376,false,סוכריות טופי בטעם שוקולד סטורק 325 גרם,קריניציה ויטמינה אס,,,יח`,3.25,100 גרם,false,1,14.90,4.58,true,1,
4014400904390,false,סוכריות טופי ממולא חלב סטורק 325 גרם,קריניציה ויטמינה אס,,,יח`,3.25,100 גרם,false,1,14.90,4.58,true,1,
4014400913910,false,וורטרס אורגינל סוכריות חמאה ממולאות קרם קרמל בשקית,ליימן שליסל בע`מ,,,יח`,1.25,100 גרם,false,1,8.90,7.12,true,1,
4014400914696,false,וורטרס אורגינל סוכריות ללא סוכר 80 גרם,ליימן שליסל בע`מ,,,יח`,0.80,100 גרם,false,1,8.90,11.13,true,1,
4014400914924,false,"סוכריות בטעם קפה וורטר אורגינל לל""ס 80 גרם",קריניציה ויטמינה אס,,,יח`,0.80,100 גרם,false,1,8.90,11.13,true,1,
4014400923711,false,בונבוניירה שוקולד אגוזים טופיפי 125 גרם,ליימן שליסל בע`מ,,,יח`,1.25,100 גרם,false,1,12.90,10.32,true,1,
4014400925319,false,וורטרס אורגינל פופקורן קרמל 140 גרם,ליימן שליסל בע`מ,,,יח`,1.40,100 גרם,false,1,14.90,10.64,true,1,
4014400931327,false,ורטרס אורגינל פופקורן עם קרמל זרעי דלעת 1/12,ליימן שליסל בע`מ,,,יח`,1.40,100 גרם,false,1,14.90,10.64,true,1,
4015000031394,false,"ספטיל - משחה להסרת כתמים 200 מ""ל",גורי שיווק בעמ,,,יח`,2,100 גרם,false,1,15.90,7.95,false,1,
4015400564034,false,מגן תחתון אולוויז מגה פק לונג פלוס 58 יחידות,דיפלומט מפיצים (1986) בע`מ,,,יח`,1,,false,1,19.90,19.90,true,1,
4015400564454,false,מגני תחתון אולוויז לארג' עם ניחוח מגה פק,דיפלומט מפיצים (1986) בע`מ,,,יח`,1,,false,1,19.90,19.90,true,1,
4015400681670,false,תחבושות אולוויז וליו פק לילה בטוח 18 יחידות,דיפלומט מפיצים (1986) בע`מ,,,יח`,1,,false,1,19.90,19.90,true,1,
4015400690313,false,טמפונים פרל רגולר טמפקס קומפאק 18 יח,דיפלומט מפיצים (1968) בעמ,,,יח`,1,,false,1,21.90,21.90,false,1,
4015400731719,false,תחבושות היגייניות אולוויז יום ולילה Day & Night,דיפלומט מפיצים (1986) בע`מ,,,יח`,1,,false,1,19.90,19.90,true,1,
4015400746812,false,מגני תחתון אולוויז נורמל עם ניחוח מגה פק,דיפלומט מפיצים (1986) בע`מ,,,יח`,1,,false,1,19.90,19.90,true,1,
4015400755241,false,תחבושות היגייניות אולוויז אולטרה נורמל - 28 יח',דיפלומט מפיצים (1986) בע`מ,,,יח`,1,,false,1,19.90,19.90,true,1,
4015400755487,false,תחבושות היגייניות אולוויז אולטרה לונג - 24 יח',דיפלומט מפיצים (1986) בע`מ,,,יח`,1,,false,1,19.90,19.90,true,1,
4015400990482,false,אבקת כביסה אריאל קולור 3 ק`ג,דיפלומט מפיצים (1986) בע`מ,,,יח`,30,100 גרם,false,1,34.90,1.16,false,1,
4015600762742,false,שמפו יומיומי למניעת קשקשים הנוסחה הקלאסית,דיפלומט מפיצים (1986) בע`מ,,,יח`,5,"100 מ""ל",false,1,19.90,3.98,false,1,
4015600762780,false,שמפו וקונדישינר יומיומי למניעת קשקשים הנוסחה הקלאסית 2in1,דיפלומט מפיצים (1986) בע`מ,,,יח`,5,"100 מ""ל",false,1,19.90,3.98,false,1,
4015600762902,false,"האד אנד שולדרס שמפו מנטול 500 מ""ל",דיפלומט מפיצים (1986) בע`מ,,,יח`,5,"100 מ""ל",false,1,19.90,3.98,false,1,
4015600763022,false,שמפו יומיומי למניעת קשקשים לשיער יבש/פגום לשיער רך כמשי,דיפלומט מפיצים (1986) בע`מ,,,יח`,5,"100 מ""ל",false,1,19.90,3.98,false,1,
4015600763251,false,"הד שולדרס שמפו קלאסי 600מ""ל",דיפלומט מפיצים (1968) בעמ,,,יח`,6,"100 מ""ל",false,1,23.90,3.98,false,1,
4015600763299,false,"הד שולדרס שמפו קלאסי 2ב1 600מ""ל",דיפלומט מפיצים (1968) בעמ,,,יח`,6,"100 מ""ל",false,1,23.90,3.98,false,1,
4015600763411,false,"הד שולדרס שמפו מנטול 600מ""ל",דיפלומט מפיצים (1968) בעמ,,,יח`,6,"100 מ""ל",false,1,23.90,3.98,false,1,
4015600763459,false,"הד שולדרס שמפו תפוח 600מ""ל",דיפלומט מפיצים (1968) בעמ,,,יח`,6,"100 מ""ל",false,1,23.90,3.98,false,1,
4015600763534,false,"הד שולדרס שמפו מגע משי 600מ""ל",דיפלומט מפיצים (1968) בעמ,,,יח`,6,"100 מ""ל",false,1,23.90,3.98,false,1,
4015600766658,false,"הד אנד שולדרס שמפו2 ב 1 מנטול 600 מ""ל",דיפלומט מפיצים (1968) בעמ,,,יח`,6,"100 מ""ל",false,1,23.90,3.98,false,1,
4022025261002,false,"בלו ווין גוורצטרמינר כשר 750 מ""ל",היכל היין שקד גולן בעמ,,,יח`,7.50,"100 מ""ל",false,1,49.90,6.61,true,1,
4022025290408,false,יין בלו ווין פינק רוזה כשר 750 מל,היכל היין שקד גולן בעמ,,,יח`,7.50,"100 מ""ל",false,1,49.90,6.61,true,1,
4028208000284,false,נייר פילטר מספר 4 - BRIGITTA ובו 80 יחידות,דנשר (1963) בעמ,,,יח`,1,,false,1,11.90,11.90,false,1,
4033100013355,false,אל.די בלו ארוך פאקט,גלוברנדס בעמ - שיווק סיגריות,,,יח`,1,,false,1,265,265,false,1,
4033100024146,false,סיגריות ווינסטון קוד בודד,גלוברנדס בעמ - שיווק סיגריות,,,יח`,1,,false,1,32,32,true,1,
4033100024252,false,סיגריות ווינסטון אקווה בודד,גלוברנדס בעמ - שיווק סיגריות,,,יח`,1,,false,1,32,32,true,1,
4033100038914,false,טבק כאמל צהוב + נייר גלגול 30ג',גלוברנדס בעמ - שיווק סיגריות,,,יח`,1,,false,1,67,67,false,1,
4033100064036,false,וינסטון כחול טבק לגלגול חפיסה,גלוברנדס בעמ - שיווק סיגריות,,,יח`,1,,false,1,66.50,66.50,false,1,
4066600601920,false,פאולנר ביתר חיטה מעוננת 500 מל,טמפו משקאות בע`מ,,,יח`,5,"100 מ""ל",false,1,9.90,1.92,false,1,
4066600999614,false,"בירה פאולנר, בירת חיטה מעוננת, בקבוק 500 מ""ל",טמפו משקאות בע`מ,,,יח`,5,"100 מ""ל",false,1,10.90,2.12,true,1,
4079400182742,false,"שישיית פילסנר וולטרס 4.9% 330 מ""ל בקבוק",אבאל יזמות בעמ,,,יח`,1.98,1 ליטר,false,1,29.90,14.19,true,1,
4079400330129,false,"בירה פילסנר וולטרס 4.9% 500 מ""ל בפחית",אבאל יזמות בעמ,,,יח`,5,"100 מ""ל",false,1,5.90,1.12,true,1,
4084500065536,false,פנטן קרם לחות מוגברת לעיצוב השיער 300 מ,דיפלומט מפיצים (1968) בעמ,,,יח`,3,"100 מ""ל",false,1,19.90,6.63,false,1,
4084500065598,false,"קרם לחות פנטן לתלתלים מושלמים 300 מ""ל",דיפלומט מפיצים (1968) בעמ,,,יח`,3,"100 מ""ל",false,1,19.90,6.63,false,1,
4084500739253,false,"אוראל בי משחת שיניים- להלבנה לובן מהודר 75 מ""ל",דיפלומט מפיצים (1968) בעמ,,,יח`,0.75,100 גרם,false,1,29.90,39.87,true,1,
4084500853836,false,"נוזל כלים פיירי ורדים ומשי 515 מ""ל בד""צ",דיפלומט מפיצים (1986) בע`מ,,,יח`,5.15,"100 מ""ל",false,1,10.90,2.12,false,1,
4084500853898,false,"נוזל כלים פיירי אלוורה ומלפפונים 515 מ""ל בד""צ",דיפלומט מפיצים (1986) בע`מ,,,יח`,5.15,"100 מ""ל",false,1,10.90,2.12,false,1,
4100130937163,false,בירה בקס שישייה 6*275 מל,הכרם -משקאות חריפים בע`מ,,,יח`,1.65,1 ליטר,false,1,34.90,20.06,true,1,
4105120623941,false,"בירה ויינשטפן בק' ח""פ 500 מ""ל",החברה המרכזית להפצת משקאות בעמ,,,יח`,5,"100 מ""ל",false,1,11.90,2.32,false,1,
4260147890513,false,אטריות ביצים דקות ורמיצ'לי 500ג',דין שיווק וקליה 2021 בעמ,,,יח`,5,100 גרם,false,1,10.90,2.18,true,1,
4600659010854,false,וודקה סטוליצ`יניה (700 מל),הכרם -משקאות חריפים בע`מ,,,יח`,7,"100 מ""ל",false,1,79.90,11.37,true,1,
4603400000043,false,וודקה רוסקי יורוסטנדרט (700 מל),רוסקי סטנדרט וודקה,,,יח`,7,"100 מ""ל",false,1,59.90,8.51,false,1,
4605561010305,false,"חתיכות פילה הרינג עם שמיר בשמן 17.6 אונקיה, 500 גרם",דילר בי.אם.די פורמולה בעמ,,,יח`,5,100 גרם,false,1,26.90,5.38,true,1,
4605561010343,false,פילה דג הרינג חתיכות בשמן 500 גרם,דילר בי.אמ.די פורמולה בעמ,,,יח`,5,100 גרם,false,1,26.90,5.38,true,1,
4605561011975,false,חתיכות פילה דג הרינג בשמן מצונן 150 גרם,דילר בי.אם.די. פורמולה בעמ,,,יח`,1.50,100 גרם,false,1,7.90,5.27,false,1,
4605561013009,false,פילה דג הרינג בשמן 400 גרם,דילר בי.אם.די. פורמולה בעמ,,,יח`,4,100 גרם,false,1,15.90,3.98,true,1,
4640018993343,false,פיניש קוואנטום קפסולות ג'ל למדיח כלים 30 יח',רקיט בנקיזר (ניר איסט) בעמ,,,יח`,1,,false,1,39.90,39.90,true,1,
4640018993350,false,פיניש קוואנטום קפסולות ג'ל למדיח כלים לימון 30 יח',רקיט בנקיזר (ניר איסט) בעמ,,,יח`,1,,false,1,39.90,39.90,true,1,
4640018993398,false,פיניש קוואנטום 60 יח' קפסולות ג'ל למדיח כלים,רקיט בנקיזר (ניר איסט) בעמ,,,יח`,1,,false,1,59.90,59.90,true,1,
4710068001692,false,מאסטר קפה בטעם לאטה בפחית 240מ`ל,תאיט מרקטינג אנד דיסטריב,,,יח`,2.50,"100 מ""ל",false,1,6.60,2.64,true,1,
4710068001715,false,משקה בטעם טירמיסו מאסטר קפה (240 מל),יוני פרזינדנט אנטרפר,,,יח`,2.40,"100 מ""ל",false,1,6.60,2.75,true,1,
4800888150080,false,"דאב - דאודורנט רול און לאישה פרש טאצ' מלפפונים 50 מ""ל",יוניליוור ישראל שיווק בע`מ,,,יח`,0.50,100 גרם,false,1,14.90,29.80,false,1,
4800888219527,false,דאב - דאודורנט סטיק לאישה ללא סימן אינביזיבל 50 גרם,יוניליוור ישראל שיווק בעמ,,,יח`,0.50,100 גרם,false,1,14.90,29.80,true,1,
4800888219534,false,דאב - דאודורנט סטיק לאישה אנטי פרספירמט 50 גרם,יוניליוור ישראל שיווק בע`מ,,,יח`,0.50,100 גרם,false,1,14.90,29.80,false,1,
4810168000011,false,פילה דג הרינג מלוח מצונן 250 גרם,דילר בי.אם.די. פורמולה בעמ,,,יח`,2.50,100 גרם,false,1,13.90,5.56,true,1,
4810168000066,false,פילה דג הרינג מלוח מצונן עם תבלינים 250 גרם,דילר בי.אם.די. פורמולה בעמ,,,יח`,2.50,100 גרם,false,1,13.90,5.56,true,1,
4810168001056,false,פילה דג הרינג מלוח מצונן בצנצנת חתיכות 260גרם,דילר בי.אם.די. פורמולה בעמ,,,יח`,2.60,100 גרם,false,1,17.90,6.88,true,1,
4810168018795,false,חתיכות פילה דג הרינג מלוח מצונן 200גרם,דילר בי.אם.די. פורמולה בעמ,,,יח`,2,100 גרם,false,1,13.90,6.95,true,1,
4810168047368,false,בצק שמרים עלים מרודד מוקפא 450 גרם,דילר בי.אמ.די פורמולה בעמ,,,יח`,4.50,100 גרם,false,1,8.90,1.98,true,1,
4810168049966,false,בלינצ'ס במילוי דובדבן מוקפא 360 גרם,דילר בי.אם.די. פורמולה בעמ,,,יח`,3.60,100 גרם,false,1,12.90,3.58,true,1,
4810168051396,false,בצק שמרים מרודד מוקפא 450 גרם,דילר בי.אם.די פורמולה בעמ,,,יח`,4.50,100 גרם,false,1,8.90,1.98,true,1,
4810168052270,false,עלי בלינצ'ס מוקפאים 320 גרם,דילר בי.אם.די. פורמולה בעמ,,,יח`,3.20,100 גרם,false,1,10.90,3.41,false,1,
4810168055011,false,כיסונים במילוי גבינת טבורוג מוקפאים 450 גרם,דילר בי.אם.די פורמולה בעמ,,,יח`,4.50,100 גרם,false,1,15.90,3.53,true,1,
4810168055875,false,חתיכות פילה דג הרינג מתובל ממולח בשמן 1200 גרם,דילר בי.אם.די. פורמולה בעמ,,,"ק""ג",10,100 גרם,true,1,50,5,false,1,
4810168056964,false,בלינצ'ס במילוי ממרח קקאו-אגוזי לוז מוקפא 360 גרם,דילר בי.אמ.די פורמולה בעמ,,,יח`,3.60,100 גרם,false,1,12.90,3.58,true,1,
4810168057435,false,חתיכות פילה דג XXLהרינג מלוח בשמן מצונן 400 גרם,דילר בי.אם.די. פורמולה בעמ,,,יח`,4,100 גרם,false,1,26.90,6.73,true,1,
4810168058548,false,חתיכות פילה דג הרינג סקנדינבי ממולח 1200 גרם,דילר בי.אם.די. פורמולה בעמ,,,"ק""ג",10,100 גרם,true,1,50,5,false,1,
4810168058975,false,חתיכות פילה דג הרינג סקנדינבי מלוח מצונן 260 גר,דילר בי.אם.די. פורמולה בעמ,,,יח`,2.60,100 גרם,false,1,17.90,6.88,true,1,
4810168058982,false,חתיכות פילה דג הרינג סקנדינבי מלוח בשמן 400 גר,דילר בי.אם.די. פורמולה בעמ,,,יח`,4,100 גרם,false,1,26.90,6.73,true,1,
4810168058999,false,פילה דג הרינג סקנדינבי מלוח מצונן 250 גרם,דילר בי.אמ.די פורמולה בעמ,,,יח`,2.50,100 גרם,false,1,13.90,5.56,true,1,
4823077613203,false,שוקולד רושן מריר + פונדוק שלם 90 גר רושן,דילר בי.אמ.די.אינטרנשויונל בעמ,,,יח`,0.90,100 גרם,false,1,7.90,8.78,true,1,
4823077613630,false,חטיף שוקולד רושן ממולה קרם בורלה 43 גרם,דילר בי.אמ.די.אינטרנשויונל בעמ,,,יח`,0.43,100 גרם,false,1,3.90,9.07,true,1,
4823077614675,false,48230776ביסקוויט לקפה רושן בטעם חלב 18,דילר בי.אמ.די.אינטרנשויונל בעמ,,,יח`,1.85,100 גרם,false,1,3.90,2.11,true,1,
4823077614699,false,ביסקוויט לקפה רושן בטעם חמאה וניל 185 גרם,דילר בי.אמ.די.אינטרנשויונל בעמ,,,יח`,1.85,100 גרם,false,1,3.90,2.11,true,1,
4823077614767,false,שוקולד רושן חלב נוגט בטעם אגוזי לוז 90 גרם,דילר בי.אמ.די.אינטרנשויונל בעמ,,,יח`,0.90,100 גרם,false,1,4.90,5.44,true,1,
4823077614804,false,שוקולד רושן חלב נוגט בטעם אוכמניות כחולות 90 גרם,דילר בי.אמ.די.אינטרנשויונל בעמ,,,יח`,0.90,100 גרם,false,1,4.90,5.44,true,1,
4823077617041,false,חטיף שוקולד רושן ממולה קרם קרמל 43 גרם,דילר בי.אמ.די.אינטרנשויונל בעמ,,,יח`,0.43,100 גרם,false,1,3.90,9.07,true,1,
4823077618161,false,גליליות ופל רושן קונפטו חלב 140 גרם,דילר בי.אמ.די.אינטרנשויונל בעמ,,,יח`,1.40,100 גרם,false,1,6.90,4.93,true,1,
4823077618901,false,בונבוניירה רושן דובדבן ליקר רום 150 גרם,דילר בי.אמ.די.אינטרנשויונל בעמ,,,יח`,1.50,100 גרם,false,1,12.90,8.60,true,1,
4823077621635,false,חטיף שוקולד רושן בטעם חלב 72 גרם,דילר בי.אמ.די.אינטרנשויונל בעמ,,,יח`,0.72,100 גרם,false,1,3.90,5.42,true,1,
4823077621642,false,חטיף שוקולד רושן בטעם שוקולד 72 גר,דילר בי.אמ.די.אינטרנשויונל בעמ,,,יח`,0.72,100 גרם,false,1,3.90,5.42,true,1,
4823077621659,false,חטיף שוקולד רושן בטעם אגוז 72 גר,דילר בי.אמ.די.אינטרנשויונל בעמ,,,יח`,0.72,100 גרם,false,1,3.90,5.42,true,1,
4823077624223,false,"רושן ממתקי סוכריות ג'ילי ""בוני פרוט"" בטעמי פירות 200 גר",דילר בי.אמ.די.אינטרנשויונל בעמ,,,יח`,2,100 גרם,false,1,6.90,3.45,true,1,
4823077624247,false,"רושן ממתקי סוכריות ג'ילי ""בוני פרוט"" בטעם הדרים 200 גר",דילר בי.אמ.די.אינטרנשויונל בעמ,,,יח`,2,100 גרם,false,1,6.90,3.45,true,1,
4823077625145,false,ממתקי שוקולד מריר עם דובדבן בליקר דובדבן,דילר בי.אמ.די.אינטרנשויונל בעמ,,,יח`,1.55,100 גרם,false,1,12.90,8.32,true,1,
4823077625589,false,וופל וואפרס חלב רושן 216 גר,דילר בי.אמ.די.אינטרנשויונל בעמ,,,יח`,2.16,100 גרם,false,1,6.90,3.19,true,1,
4823077625602,false,וופל וואפרס שוקולד רושן 216 גר,דילר בי.אמ.די.אינטרנשויונל בעמ,,,יח`,2.16,100 גרם,false,1,6.90,3.19,true,1,
4823077625626,false,וופל וואפרס אגוז רושן 216 גר,דילר בי.אמ.די.אינטרנשויונל בעמ,,,יח`,2.16,100 גרם,false,1,6.90,3.19,true,1,
4823077626203,false,שוקולד רושן אורירי מריר 80 גרם,דילר בי.אמ.די.אינטרנשויונל בעמ,,,יח`,0.80,100 גרם,false,1,6.90,8.63,true,1,
4823077626227,false,שוקולד רושן אורירי חלב 80 גרם,דילר בי.אמ.די.אינטרנשויונל בעמ,,,יח`,0.80,100 גרם,false,1,6.90,8.63,true,1,
4823077626241,false,שוקולד רושן אורירי לבן קרמל 80 גרם,דילר בי.אמ.די.אינטרנשויונל בעמ,,,יח`,0.80,100 גרם,false,1,6.90,8.63,true,1,
4823077626364,false,שוקולד רושן אורירי לבן 80 גרם,דילר בי.אמ.די.אינטרנשויונל בעמ,,,יח`,0.80,100 גרם,false,1,6.90,8.63,true,1,
4823077629136,false,שוקולד רושן חלב lacmuי 90 גרם,דילר בי.אמ.די.אינטרנשויונל בעמ,,,יח`,0.85,100 גרם,false,1,6.90,8.12,true,1,
4823077630439,false,"סנדוויץ' קרקר שוקולד רושן 235 גרם "" 2 CRACK """,דילר בי.אמ.די.אינטרנשויונל בעמ,,,יח`,2.35,100 גרם,false,1,9.90,4.21,true,1,
4823077630996,false,"סנדוויץ' קרקר קקאו-אגוז רושן 235 גרם "" 2 CRACK """,דילר בי.אמ.די.אינטרנשויונל בעמ,,,יח`,2.35,100 גרם,false,1,9.90,4.21,true,1,
4823077631467,false,קרקר עם מלח ים רושן 168 גר HI DAY,דילר בי.אמ.די.אינטרנשויונל בעמ,,,יח`,1.68,100 גרם,false,1,4.90,2.92,true,1,
4823077631474,false,קרקר קלאסי רושן 168 גר HI DAY,דילר בי.אמ.די.אינטרנשויונל בעמ,,,יח`,1.68,100 גרם,false,1,4.90,2.92,true,1,
4823077631856,false,גליליות ופל רושן קונפטו קוקוס 140 גרם,דילר בי.אמ.די.אינטרנשויונל בעמ,,,יח`,1.40,100 גרם,false,1,6.90,4.93,true,1,
4823077631863,false,גליליות ופל רושן קונפטו וניל 140 גרם,דילר בי.אמ.די.אינטרנשויונל בעמ,,,יח`,1.40,100 גרם,false,1,6.90,4.93,true,1,
4823077632112,false,וופל רושן בטעם קקאו חלב 2.16 גר`,דילר בי.אמ.די.אינטרנשויונל בעמ,,,יח`,2.16,100 גרם,false,1,6.90,3.19,true,1,
4823077632259,false,חטיף שוקולד רושן עם בוטנים 43 גרם,דילר בי.אמ.די.אינטרנשויונל בעמ,,,יח`,0.38,100 גרם,false,1,3.90,10.26,true,1,
4823077632570,false,שוקולד רושן BRUT מריר 85 גרם,דילר בי.אמ.די.אינטרנשויונל בעמ,,,יח`,0.85,100 גרם,false,1,6.90,8.12,true,1,
4823077632587,false,שוקולד רושן חלב עם שקד שלם 90 גר` LACMI,דילר בי.אמ.די.אינטרנשויונל בעמ,,,יח`,0.90,100 גרם,false,1,7.90,8.78,true,1,
4823077632594,false,שוקולד רושן חלב עם אגוז שלם 90 גר` LACMI,דילר בי.אמ.די.אינטרנשויונל בעמ,,,יח`,0.90,100 גרם,false,1,7.90,8.78,true,1,
4823077633034,false,"גליליות וופל רושן ""קונאפטו"" קקאו 140 ג",דילר בי.אמ.די.אינטרנשויונל בעמ,,,יח`,1.40,100 גרם,false,1,6.90,4.93,true,1,
4823077633317,false,עוגיות שוקוצ'יפס LOVITA שוקולד עם חתיכות שוקולד 150 גרם,דילר בי.אמ.די.אינטרנשויונל בעמ,,,יח`,1.50,100 גרם,false,1,6.90,4.60,true,1,
4823077633324,false,עוגיות שוקוצ'יפס LOVITA עם חתיכות שוקולד 150 גרם,דילר בי.אמ.די.אינטרנשויונל בעמ,,,יח`,1.50,100 גרם,false,1,6.90,4.60,true,1,
4823077633331,false,עוגיות שוקוצ'יפס LOVITA בטעם תפוז 150 גרם,דילר בי.אמ.די.אינטרנשויונל בעמ,,,יח`,1.50,100 גרם,false,1,6.90,4.60,true,1,
4823077633348,false,עוגיות שוקוצ'יפס LOVITA עם חתיכות בוטנים 150 גרם,דילר בי.אמ.די.אינטרנשויונל בעמ,,,יח`,1.50,100 גרם,false,1,6.90,4.60,true,1,
4823077633508,false,חטיף שוקולד רושן במילוי קרם קקאו מצופה 34 גרם,דילר בי.אמ.די.אינטרנשויונל בעמ,,,יח`,0.34,100 גרם,false,1,3.90,11.47,true,1,
4823077634178,false,עוגיות רושן LOVITA במילוי תפוח קינמון 168 גרם,דילר בי.אמ.די.אינטרנשויונל בעמ,,,יח`,1.68,100 גרם,false,1,6.90,4.11,true,1,
4823077634192,false,עוגיות רושן LOVITA במילוי דובדבן וניל 168 גרם,דילר בי.אמ.די.אינטרנשויונל בעמ,,,יח`,1.68,100 גרם,false,1,6.90,4.11,true,1,
4823077634222,false,עוגיות Lovita ממולאות ג'לי תפוז מצופות צימקאו,דילר בי.אמ.די.אינטרנשויונל בעמ,,,יח`,1.35,100 גרם,false,1,6.90,5.11,true,1,
4823077634246,false,עוגיות Lovita ממולאות ג'לי פטל מצופות צימקאו,דילר בי.אמ.די.אינטרנשויונל בעמ,,,יח`,1.68,100 גרם,false,1,5.90,3.51,true,1,
4823077634277,false,עוגיות Lovita ממולאות ג'לי תות שדה מצופות צימקאו,דילר בי.אמ.די.אינטרנשויונל בעמ,,,יח`,1.35,100 גרם,false,1,6.90,5.11,true,1,
4823077634741,false,עוגיות רושן LOVITA במילוי תות שדה 168 גרם,דילר בי.אמ.די.אינטרנשויונל בעמ,,,יח`,1.68,100 גרם,false,1,6.90,4.11,true,1,
4823077635489,false,חטיף וופל רושן קרם קקאו JOHNY KROCKERי 350 גרם,דילר בי.אמ.די.אינטרנשויונל בעמ,,,יח`,3.50,100 גרם,false,1,16.90,4.83,true,1,
4823077635533,false,חטיף וופל רושן קרם חלב JOHNY KROCKERי 350 גרם,דילר בי.אמ.די.אינטרנשויונל בעמ,,,יח`,3.50,100 גרם,false,1,16.90,4.83,true,1,
4823077636004,false,עוגיות Lovita ממולאות ג'לי דובדבן מצופות צימקאו,דילר בי.אמ.די.אינטרנשויונל בעמ,,,יח`,1.35,100 גרם,false,1,6.90,5.11,true,1,
4823077636059,false,עוגיות קקאו דובדבן LOVITAי 420 גרם,דילר בי.אמ.די.אינטרנשויונל בעמ,,,יח`,4.20,100 גרם,false,1,16.90,4.02,true,1,
4823077636073,false,עוגיות תות שדה LOVITAי 420 גרם,דילר בי.אמ.די.אינטרנשויונל בעמ,,,יח`,4.20,100 גרם,false,1,16.90,4.02,true,1,
4823077636097,false,עוגיות פטל LOVITAי 420 גרם,דילר בי.אמ.די.אינטרנשויונל בעמ,,,יח`,4.20,100 גרם,false,1,16.90,4.02,true,1,
4823077636110,false,עוגיות תפוז LOVITAי 420 גרם,דילר בי.אמ.די.אינטרנשויונל בעמ,,,יח`,4.20,100 גרם,false,1,16.90,4.02,true,1,
4823077636172,false,וופל רושן בטעם לימון 216 גרם,דילר בי.אמ.די.אינטרנשויונל בעמ,,,יח`,2.16,100 גרם,false,1,6.90,3.19,true,1,
4823077636332,false,עוגיות רושן במילוי קרם ש. 127גר LOVITA,דילר בי.אמ.די.אינטרנשויונל בעמ,,,יח`,1.27,100 גרם,false,1,6.90,5.43,false,1,
4823077636400,false,עוגיות רושן במילוי קרם חלב 127גר LOVIT,דילר בי.אמ.די.אינטרנשויונל בעמ,,,יח`,1.27,100 גרם,false,1,6.90,5.43,false,1,
4823077636417,false,עוגיות רושן במילוי קרם אגוזים 127 גר`,דילר בי.אמ.די.אינטרנשויונל בעמ,,,יח`,1.27,100 גרם,false,1,6.90,5.43,false,1,
4823077636561,false,סוכריות ממולאות בטעם חלב קפה קפה לייק 378 גרם,דילר בי.אמ.די.אינטרנשויונל בעמ,,,יח`,3.78,100 גרם,false,1,11.90,3.15,true,1,
4823077636578,false,סוכריות טופי כוס חלב מילקי ספלאש 325 גרם,דילר בי.אמ.די.אינטרנשויונל בעמ,,,יח`,3.25,100 גרם,false,1,11.90,3.66,true,1,
4823077636592,false,רושן סוכריות ג'לי קרייזי פצ'ולקה 378 גרם,דילר בי.אמ.די.אינטרנשויונל בעמ,,,יח`,3.78,100 גרם,false,1,11.90,3.15,true,1,
4823077636608,false,רושן סוכריות טופי במילוי שוקולד טופלין 325 גרם,דילר בי.אמ.די.אינטרנשויונל בעמ,,,יח`,3.25,100 גרם,false,1,11.90,3.66,true,1,
4860019001414,false,מים מינרליים 750 מל בורזוימי,האי נאם סי או אל.טי.,,,יח`,7.50,"100 מ""ל",false,1,7.90,1.01,false,1,
4902430904629,false,גילט פיוזן מכשיר+ סכין יבוא מקביל,פארמה דיל (פ.א.ב.) שיווק והפצה,,,יח`,1,,false,1,34.90,34.90,false,1,
4903001925784,false,"רוטב סויה יאמאסה דל מלח 500מ""ל פרימיום",הדקלאים אגודת שיתופי,,,יח`,5,"100 מ""ל",false,1,17.90,3.58,false,1,
5000054351900,false,פריסקיס דגי אוקינוס וטונה 156גר`,קבוצת אוסם סחר-שות.מוגבלת,,,יח`,1.56,100 גרם,false,1,6.90,4.42,false,1,
5000054353300,false,פריסקיז פטה סלומון 156גר`,קבוצת אוסם סחר-שות.מוגבלת,,,יח`,1.56,100 גרם,false,1,6,3.85,false,1,
5000054355700,false,פריסקיז פטה הודו 156 גרם,שחורי אריה ואנסטסיה,,,יח`,1.56,100 גרם,false,1,6.90,4.42,false,1,
5000054357100,false,פריסקיז פטה מיקס גריל 156 גרם,קבוצת אוסם סחר-שות.מוגבלת,,,יח`,1.56,100 גרם,false,1,6.90,4.42,false,1,
5000054359500,false,פריסקיז פטה כבד ועוף 156גרם,קבוצת אוסם סחר-שות.מוגבלת,,,יח`,1.56,100 גרם,false,1,6.90,4.42,false,1,
5000157143365,false,מתבל בטעם מיונז וקטשופ היינץ 425 גרם,דיפלומט מפיצים (1968) בעמ**,,,יח`,4.25,100 גרם,false,1,14.90,3.51,false,1,
5000159407236,false,מרס חטיף שוקולד עם קרמל 51 גרם,"מרס ריגלי ישראל בע""מ",,,יח`,0.50,100 גרם,false,1,3.90,7.80,true,1,
5000159409179,false,מארז סניקרס/מיניס משפחתי 403 גר,"מרס ריגלי ישראל בע""מ",,,יח`,4.03,100 גרם,false,1,19.90,4.94,false,1,
5000159442572,false,טויקס חטיף שוקולד מארז 403 גרם,"מרס ריגלי ישראל בע""מ",,,יח`,4.03,100 גרם,false,1,19.90,4.94,false,1,
5000159459228,false,חטיף אצבעות קרמל ושוקולד טוויקס (50 גרם),"מרס ריגלי ישראל בע""מ",,,יח`,0.57,100 גרם,false,1,3.90,6.84,true,1,
5000159461122,false,סניקרס חטיף שוקולד עם בוטנים 50 גרם,"מרס ריגלי ישראל בע""מ",,,יח`,0.57,100 גרם,false,1,3.90,6.84,true,1,
5000159536400,false,טוויקס סטיקס 99 קלוריות ליחידה 10 יח,מרס ריגלי ישראל בעמ,,,יח`,2,100 גרם,false,1,16.90,8.45,false,1,
5000159538640,false,באונטי מארז חטיף 57 גרם חמישייה,"מרס ריגלי ישראל בע""מ",,,יח`,2,100 גרם,false,1,9.90,4.95,false,1,
5000168199245,false,שוקולד חלב מעולה בתוספת קרמל מלוח פיור גודייבה 90 ג',"אולקר מקבוצת פלאדיס, ציק",,,יח`,0.90,100 גרם,false,1,14.90,16.56,true,1,
5000204115048,false,גלייד ארוסול מבשם אוויר בניחוח לבנדר,"אס.סי ג'\ונסון,מידרכט, ה",,,יח`,3,"100 מ""ל",false,1,10.90,3.63,true,1,
5000204153729,false,מטהר אוויר גלייד מילוי אוטומטי לבנדר וניל,המאפיה של הרמן,,,יח`,2.69,"100 מ""ל",false,1,17.90,6.65,false,1,
5000204155815,false,"גלייד מארז אוטומטי מרכך כביסה 269 מ""ל","דנשר (1963) בע,מ",,,יח`,1,,false,1,44.90,44.90,true,1,
5000204197051,false,"מכשיר חשמלי +נוזל מילוי אקליפטוס 45 לילות רייד 36 מ""ל",גונסון שנגחאי,,,יח`,1,,false,1,35.90,35.90,true,1,
5000204225655,false,"מטהר אוויר גלייד מילוי אוטומטי מסיבת פטל 269 מ""ל",דנשר (1963) בעמ,,,יח`,2.69,"100 מ""ל",false,1,17.90,6.65,true,1,
5000204227161,false,"גלייד מבשם ריח מקלות ניחוח הפרדס 80 מ""ל","דנשר (1963) בע,מ",,,יח`,0.80,"100 מ""ל",false,1,29.90,37.38,true,1,
5000204243031,false,"נוזל לאסלה ירח פורח 750 מ""ל דאק",טואלט דאק (ג'ונסון),,,יח`,7.50,"100 מ""ל",false,1,10.90,1.45,true,1,
5000204658187,false,משחת נעליים קראון שחור קיווי (75 מל),אס' סי' ג'ונסון במה,,,יח`,1,,false,1,17.90,17.90,true,1,
5000204661392,false,משחת נעליים שחורה קיווי אקסרא לארג`,המאפיה של הרמן,,,יח`,0.88,"100 מ""ל",false,1,12.90,14.66,true,1,
5000267024233,false,"וויסקי ג'וני בלאק לייבל עם פורר 700מ""ל",החברה המרכזית להפצת משקאות בעמ,,,יח`,7,"100 מ""ל",false,1,129.90,18.51,false,1,
5000394141209,false,סוללות דורסל פלוס פאוור AAA שישיית,דיפלומט מפיצים (1986) בע`מ,,,יח`,1,,false,1,16.90,16.90,true,1,
5010038454831,false,"בקבוק בירה בלומון 330 מ""ל",הכרם - משקאות חריפים בעמ,,,יח`,3.30,"100 מ""ל",false,1,12.90,3.82,true,1,
5010067322453,false,טרוביה תחליף אבקת סוכר 280 גרם,גורי ע.ע.ע. בעמ,,,יח`,2.80,100 גרם,false,1,34.90,12.46,true,1,
5010123703547,false,ליסטרין פרש בורסט 500 מל-יבוא מקביל,בית הצעצוע בעמ,,,יח`,5,"100 מ""ל",false,1,14.90,2.98,true,1,
5010123703585,false,ליסטרין קולמינט 500 מל-יבוא מקביל,גונסון אנד גונסון,,,יח`,5,"100 מ""ל",false,1,14.90,2.98,true,1,
5010123730222,false,ליסטרין טוטאל קר 500 מל-יבוא מקביל,בית הצעצוע בעמ,,,יח`,5,"100 מ""ל",false,1,14.90,2.98,true,1,
5010182997253,false,רייד תרסיס קוטל ג'וקים/תיקנים 300 מל,אס.סי.ג'ונסון מידרכט,,,יח`,3,"100 מ""ל",false,1,17.90,5.97,true,1,
5010182997338,false,דאק ג'ל לניקוי אסלות בניחוח רענן 55 מל,"איטיליאן פוד, אס.פי.",,,יח`,0.55,100 גרם,false,1,12.90,23.45,true,1,
5010182997918,false,דאק ג'ל לניקוי אסלות בניחוח ים 55 מל,"איטיליאן פוד, אס.פי.",,,יח`,0.55,100 גרם,false,1,12.90,23.45,true,1,
5010182998847,false,דאק נוזל לניקוי אסלות בניחוח ים 750 מל,מיוצר עי קונדיטוריית,,,יח`,7.50,"100 מ""ל",false,1,10.90,1.45,true,1,
5010327000046,false,"וויסקי גרנטס וויסקי 700 מ""ל","וויליאם גראנט ובניו בע""\",,,יח`,7.50,"100 מ""ל",false,1,100,13.29,true,1,
5010394984577,false,פדיגרי דנטאסטיקס כלב קטן 110 גרם (7 יח')BP29V,שחורי אריה ואנסטסיה,,,יח`,1.10,100 גרם,false,1,11.90,10.82,false,1,
5010622005012,false,חוט דנטלי אסנשייאל ללא שעווה 50 מטר,פארמה דיל (פ.א.ב.) שיווק והפצה,,,יח`,1,,false,1,9.90,9.90,false,1,
5010677551281,false,בריזר לימון בבקבוק בקרדי (275 מל),בקרדי בריזר Bacardi Breezer,,,יח`,2.75,"100 מ""ל",false,1,14,4.98,true,1,
5010677552387,false,"בקרדי בריזר אננס 275 מ""ל בקבוק",בקרדי בריזר Bacardi Breezer,,,יח`,2.75,"100 מ""ל",false,1,14,4.98,true,1,
5014271300429,false,"מעדן משמש 100% פרי סנטדלפור 284 גרם לל""ס",סאן דלפור - שמבור,,,יח`,2.84,100 גרם,false,1,19.90,7.01,true,1,
5014271310428,false,מעדן דובדבנים שחורים ללא תוספת סוכר 284 גרם,סאן דלפור - שמבור,,,יח`,2.84,100 גרם,false,1,19.90,7.01,true,1,
5014271360423,false,"מעדן תפוזים לל""ס סאן דלפור 284 גרם",סאן דלפור - שמבור,,,יח`,2.84,100 גרם,false,1,19.90,7.01,true,1,
5014271400426,false,"מעדן בטעם תות שדה לל""ס סאן דלפור 284 גרם",נטו מלינדה סחר בעמ,,,יח`,2.84,100 גרם,false,1,19.90,7.01,true,1,
5014271560427,false,מעדן תפוז וג'ינג'ר ללא סוכר סאן דלפור 284 גר,סאן דלפור - שמבור,,,יח`,2.84,100 גרם,false,1,19.90,7.01,true,1,
5014271795980,false,מעדן חמוציות ואוכמניות ללא תוספת סוכר 284 גרם,א. סיימן סחר בעמ,,,יח`,2.84,100 גרם,false,1,19.90,7.01,true,1,
5014379009972,false,בירה לאגר באדוויזר פחית 500 מל,הכרם - משקאות חריפים בעמ,,,יח`,5,"100 מ""ל",false,1,8.90,1.72,true,1,
5029053002408,false,קלינקס - נייר טואולט קליניקס לבן 9 גלילים,קימברלי קלארק ישראל שיווק בעמ,,,יח`,1,,false,1,32.90,32.90,false,1,
5029053510828,false,תחבושות סופר פלוס עם כנפיים קוטקס 22יחידות,קימברלי קלארק ישראל שיווק בעמ,,,יח`,1,,false,1,19.90,19.90,true,1,
5029053527581,false,האגיס תחתון ספיגה 4-7 בנות דריי נייטס 10 יחידות,קימברלי קלארק ישראל שיווק בעמ,,,יח`,1,יח`,false,1,39.90,39.90,true,1,
5029053534596,false,קוטקס טמפוני נורמל ללא מוליך 32 יח,קימברלי קלארק ישראל שיווק בעמ,,,יח`,1,יח`,false,1,26.90,26.90,false,1,
5053827215862,false,דגני בוקר קלוגס קוקו פופס בטעם שוקולד (,קלוגס מניופקטורינג אספנה,,,יח`,5,100 גרם,false,1,19.90,3.98,true,1,
5060517886486,false,"משקה אנרגיה מונסטר אנרג'י בפחית 500 מ""ל",החברה המרכזית להפצת משקאות בעמ,,,יח`,5,"100 מ""ל",false,1,6.90,1.32,true,1,
5060639128051,false,"משקה אנרגיה מונסטר אולטרה בפחית 500 מ""ל",החברה המרכזית להפצת משקאות בעמ,,,יח`,5,"100 מ""ל",false,1,6.90,1.32,true,1,
5060639129102,false,"משקה אנרגיה מונסטר אנרג'י מנגו בפחית 500 מ""ל",החברה המרכזית להפצת משקאות בעמ,,,יח`,5,"100 מ""ל",false,1,6.90,1.32,true,1,
5060751218173,false,"משקה אנרגיה מונסטר אנרג'י piplin punch בפחית 500 מ""ל",החברה המרכזית להפצת משקאות בעמ,,,יח`,5,"100 מ""ל",false,1,6.90,1.32,true,1,
5099864006384,false,סימילאק למהדרין שלב 2 אריזת חיסכון 900 ג.,אבוט מעבדות רפואיות,,,יח`,9,100 גרם,false,1,74.90,8.32,false,1,
5200133120476,false,גלילות וופלים ממולאים קרם אגוזים וקקאו 400 ג',דיפלומט מפיצים (1968) בעמ**,,,יח`,4,100 גרם,false,1,16.90,4.23,true,1,
5200133120483,false,גליליות וופלים גולדן ברייק קרם וניל 400 גרם,דיפלומט מפיצים (1968) בעמ**,,,יח`,4,100 גרם,false,1,16.90,4.23,true,1,
5201940010110,false,זיתים שחורים קלמטה וילי פוד 250 גרם,ג. וילי-פוד אינטרנשיונל בע`מ,,,יח`,4.54,100 גרם,false,1,14.90,3.28,true,1,
5202390015618,false,גבינה צהובה טבעונית אורגינל ויאו לייף 200 ג',דיפלומט מפיצים (1968) בעמ**,,,יח`,2,100 גרם,false,1,22.90,11.45,true,1,
5202390015885,false,ויולייפ צהובה טבעונית בסגנון צדר פרוסות,ביוט איילנד פודס בעמ,,,יח`,2,100 גרם,false,1,21.90,10.95,true,1,
5202390016325,false,גבינה צהובה טבעונית בטעם מעושן ויאו לייף 200ג',דיפלומט מפיצים (1968) בעמ**,,,יח`,2,100 גרם,false,1,22.90,11.45,true,1,
5202390020407,false,פטה טבעונית גוש ויולייף 200 ג',דיפלומט מפיצים (1968) בעמ**,,,יח`,2,100 גרם,false,1,25.90,12.95,true,1,
5206759020701,false,סוכריות ג'לי פירות אקזוטי 700 גר',יעד ממתקים בעמ,,,יח`,7,100 גרם,false,1,14.90,2.13,false,1,
5391523057929,false,סימילאק גולד שלב 1 תרכובת מזון על בסיס חלב,אבוט מעבדות רפואיות,,,יח`,7,100 גרם,false,1,69.90,9.99,true,1,
5391523058070,false,סימילאק אדבנס פלוס 3 תרכובת מזון על בסיס חלב,אבוט מעבדות רפואיות,,,יח`,7,100 גרם,false,1,64.90,9.27,true,1,
5391523058087,false,סימילאק אדבנס פלוס 2 תרכובת מזון על בסיס חלב,טרופיקל דגיל תעשיות,,,יח`,7,100 גרם,false,1,64.90,9.27,true,1,
5410126006087,false,ביסקויט ביסקפה לוטוס בטעם קרמל 700גר`ב,דיפלומט מפיצים (1968) בעמ**,,,יח`,7,100 גרם,false,1,27.90,3.99,true,1,
5410126106183,false,עוגיות לוטוס 50 יחידות ארוזות בנפרד 312 גרם,דיפלומט מפיצים (1968) בעמ**,,,יח`,3.12,100 גרם,false,1,14.90,4.78,true,1,
5410126116953,false,ממרח ביסקוויט קרמל לוטוס (400 גרם),דיפלומט מפיצים (1968) בעמ**,,,יח`,4,100 גרם,false,1,21.90,5.48,true,1,
5410126666038,false,"ביסקוויט קרמל לוטוס 279 גרם בד""צ",דיפלומט מפיצים (1968) בעמ**,,,יח`,2.79,100 גרם,false,1,12.90,4.62,true,1,
5410228267515,false,"שישיית בירה לאגר באדוויזר 6*330 מ""ל",הכרם - משקאות חריפים בעמ,,,יח`,1.98,1 ליטר,false,1,34.90,16.72,true,1,
5410291021991,false,ממרח אגוזי לוז עם קקאו צ`וקטה (700 גרם),ש. שסטוביץ בע`מ,,,יח`,7,100 גרם,false,1,19.90,2.84,true,1,
5410291022011,false,ממרח אגוזי לוז עם קקאו צ`וקטה (350 גרם),ש. שסטוביץ בע`מ,,,יח`,3.50,100 גרם,false,1,12.90,3.69,true,1,
5410291022738,false,צ'וקטה ממרח חלב ואגוזי לוז עם קקאוי 350ג',ש. שסטוביץ בע`מ,,,יח`,3.50,100 גרם,false,1,12.90,3.69,true,1,
5410291022752,false,צ'וקטה ממרח אגוזי לוז עם קקאו פרווה 350 ג',ש. שסטוביץ בע`מ,,,יח`,3.50,100 גרם,false,1,12.90,3.69,true,1,
5410291022776,false,צ`וקטה ממרח אגוזי לוז עם קקאו 700 גר`,ש. שסטוביץ בע`מ,,,יח`,7,100 גרם,false,1,19.90,2.84,false,1,
5410316983693,false,וודקה סמירנוף אייס בודד 275 מ``ל.,החברה המרכזית להפצת משקאות בעמ,,,יח`,2.75,"100 מ""ל",false,1,12.90,4.58,true,1,
5410658902413,false,קפסולות קפה אלומיניום דרגת חוזק 08 Fortisimo- Espresso,אבאל יזמות בעמ,,,יח`,1,,false,1,11.90,11.90,true,1,
5410658902420,false,קפסולות קפה אלומיניום דרגת חוזק 10 Fortisimo- Espresso,אבאל יזמות בעמ,,,יח`,1,,false,1,11.90,11.90,true,1,
5410658902437,false,קפסולות קפה אלומיניום דרגת חוזק 07 Fortisimo- Espresso,אבאל יזמות בעמ,,,יח`,1,,false,1,11.90,11.90,true,1,
5410658902444,false,קפסולות קפה אלומיניום דרגת חוזק 14 Fortisimo- Espresso,אבאל יזמות בעמ,,,יח`,1,,false,1,11.90,11.90,true,1,
5410658902819,false,קפסולות קפה אלומיניום דרגת חוזק 12 Fortisimo- Espresso,אבאל יזמות בעמ,,,יח`,1,,false,1,11.90,11.90,true,1,
5410769800097,false,"בירה לה צרי שוף 8% 330 מ""ל בקבוק",הכרם - משקאות חריפים בעמ,,,יח`,3.30,"100 מ""ל",false,1,14.90,4.42,true,1,
5411188094173,false,רביעיה מעדן סויה טעם קרמל 125 ג' אלפרו,שטראוס גרופ בע`מ,,,יח`,5,100 גרם,false,1,15.90,3.18,false,1,
5411188096108,false,"אלפרו שמנת צמחית לבישול לייט 250מ""ל",שטראוס גרופ בעמ/מצונן,,,יח`,2.50,"100 מ""ל",false,1,8.90,3.56,true,1,
5411188110835,false,אלפרו חלב סויה שקדים וניל 1ל',הנסיך- מפעל לייצור ט,,,יח`,1,1 ליטר,false,1,12.90,12.90,true,1,
5411188112709,false,"משקה קוקוס אלפרו 1 ליטר משקה שקדים לל""ס",הנסיך- מפעל לייצור ט,,,יח`,1,1 ליטר,false,1,12.90,12.90,true,1,
5411188115366,false,משקה קוקוס אלפרו 1 ליטר משקה שיבולת שועל 1 ליטר,הנסיך- מפעל לייצור ט,,,יח`,1,1 ליטר,false,1,12.90,12.90,true,1,
5411188115472,false,משקה סויה 1 ליטר אלפרו,הנסיך- מפעל לייצור ט,,,יח`,1,1 ליטר,false,1,12.90,12.90,true,1,
5411188121923,false,"משקה סויה מועשר סידן אלפרו 3*250 מ""ל",הנסיך- מפעל לייצור ט,,,יח`,7.50,"100 מ""ל",false,1,15.90,2.12,false,1,
5411188121978,false,אלפרו משקה סויה עמיד מועשר בסידן 3*250,"שטראוס גרופ בע""מ",,,יח`,7.50,"100 מ""ל",false,1,15.90,2.12,false,1,
5411188124689,false,משקה אלפרו שיבולת שועל ללא סוכר 1 ליטר,שטראוס גרופ בע`מ,,,יח`,1,1 ליטר,false,1,12.90,12.90,true,1,
5411188127697,false,אלפרו בריסטה משקה שיבולת שועל 1 ליטר,הנסיך- מפעל לייצור ט,,,יח`,1,1 ליטר,false,1,12.90,12.90,true,1,
5411188129899,false,אלפרו בריסטה משקה שקדים 1 ליטר,הנסיך- מפעל לייצור ט,,,יח`,1,1 ליטר,false,1,12.90,12.90,true,1,
5411188133490,false,אלפרו משקה סויה קפה קרמל+חלבון 250 גרם בית יוסף,שטראוס גרופ בעמ/מצונן,,,יח`,2.50,"100 מ""ל",false,1,6.90,2.76,false,1,
5411188134985,false,אלפרו 3.5% NOT M*LK שיבולת שועל 1 ליטר בית יוסף,שטראוס גרופ בעמ/מצונן,,,יח`,1,1 ליטר,false,1,13.90,13.90,false,1,
5411188135005,false,אלפרו 1.8% NOT M*LK שיבולת שועל 1 ליטר בית יוסף,שטראוס גרופ בעמ/מצונן,,,יח`,1,1 ליטר,false,1,13.90,13.90,false,1,
5411188300328,false,אלפרו משקה סויה עמיד בטעם שוקו 1 ליטר,הנסיך- מפעל לייצור ט,,,יח`,1,1 ליטר,false,1,12.90,12.90,true,1,
5411188513483,false,"סויה לבישול 14% שומן אלפרו 250 מ""ל",שטראוס גרופ בעמ/מצונן,,,יח`,2.50,"100 מ""ל",false,1,8.90,3.56,true,1,
5411188543398,false,אלפרו משקה סויה 1 ליטר ללא סוכר,הנסיך- מפעל לייצור ט,,,יח`,1,1 ליטר,false,1,12.90,12.90,true,1,
5411223030081,false,"בירה לינדמנס קריק דובדבנים 250 מ""ל",הכרם - משקאות חריפים בעמ,,,יח`,2.50,"100 מ""ל",false,1,13.90,5.44,false,1,
5413149655522,false,"אבקת כביסה שושן צחור 1.25 ק""ג אריאל",דיפלומט מפיצים (1986) בע`מ,,,יח`,0.0130,100 גרם,false,1,14.90,1146.15,false,1,
5413149922907,false,"אבקת כביסה קולור וסטייל 5 ק""ג אריאל",דיפלומט מפיצים (1986) בע`מ,,,יח`,5,"ק""ג",false,1,44.90,8.98,true,1,
5413149922938,false,"אריאל אבקת כביסה שושן צחור, 5 ק""ג",דיפלומט מפיצים (1986) בע`מ,,,יח`,5,"ק""ג",false,1,44.90,8.98,true,1,
5601217129420,false,וולייט דפים למניעת העברת צבע 20 יחידות,רקיט בנקיזר (ניר איסט) בעמ,,,יח`,1,,false,1,22.90,22.90,false,1,
5604912415003,false,סרדינים בשמן זית פורטוס 125 גר`,קונסברס פורטוגל נורטה לי,,,יח`,1.25,100 גרם,false,1,6.90,5.52,false,1,
5604912415041,false,סרדינים בשמן חמניה פורטוס 125 גרם,קונסרבס פורטוגל נורטה לי,,,יח`,1.25,100 גרם,false,1,5.90,4.72,false,1,
5604912415058,false,סרדינים פורטוס בשמן חמניות חריף 125 גרם,דיפלומט מפיצים (1968) בעמ**,,,יח`,1.25,100 גרם,false,1,5.90,4.72,false,1,
5604912425057,false,מקרלים בשמן חמניה חריף פורטוס 125 גרם,קונסרבס פורטוגל נורטה לי,,,יח`,1.25,100 גרם,false,1,5.90,4.72,false,1,
5701932026964,false,"הוטפופ גרעיני תירס להכנת פופקורן במיקרוגל בטעם טבעי, בתוספת מלח, 600 גרם",ליימן שליסל בע`מ,,,יח`,6,100 גרם,false,1,13.90,2.32,true,1,
5701932026971,false,הוטפופ גרעיני תירס להכנת פופקורן במיקרוגל בטעם חמאה 600 גרם,ליימן שליסל בע`מ,,,יח`,6,100 גרם,false,1,13.90,2.32,true,1,
5701932026995,false,"הוטפופ גרעיני תירס להכנת פופקורן במיקרוגל בטעם טבעי מופחת שומן, 510 גרם",קריניציה ויטמינה אס,,,יח`,6,100 גרם,false,1,15.90,2.65,true,1,
5705550300963,false,ביצי דג שיבוט 200 גרם יורו פוד,בני ג`ורג` שוקחה (חיפה) בעמ,,,יח`,2,100 גרם,false,1,11.90,5.95,false,1,
5706516031358,false,פופקורן להכנה במיקרוגל בטעם טבעי מופחת שומן 5 שקיות,ליימן שליסל בע`מ,,,יח`,6,100 גרם,false,1,15.90,2.65,true,1,
5710840210013,false,בא לי שג לבן סופר עדין 40גר,סקמדינביין טובקו,,,יח`,1,,false,1,86,86,false,1,
5711953106583,false,גבינת שמנת בטעם טבעי 200 גרם ארלה,שטראוס גרופ בעמ/מצונן,,,יח`,2,100 גרם,false,1,15.90,7.95,true,1,
5711953106590,false,גבינת שמנת ארלה שמנת שום 200 גרם,שטראוס גרופ בעמ/מצונן,,,יח`,2,100 גרם,false,1,15.90,7.95,true,1,
5740900108264,false,ממרח לופרק ללא מלח מעדניה שטראוס,שטראוס גרופ בעמ/מצונן,,,"ק""ג",10,100 גרם,true,1,42,4.20,false,1,
5740900403215,false,ממרח חמאה דנית לורפק עם מלח 250 גרם,שטראוס גרופ בעמ/מצונן,,,יח`,2.50,100 גרם,false,1,16.90,6.76,false,1,
5740900403222,false,ממרח לורפק חמאה עם מלח מופחת שומן 250 ג,שטראוס גרופ בעמ/מצונן,,,יח`,2.50,100 גרם,false,1,16.90,6.76,false,1,
5740900403239,false,ממרח חמאה דנית לורפק ללא מלח 250 גרם,שטראוס גרופ בעמ/מצונן,,,יח`,2.50,100 גרם,false,1,16.90,6.76,false,1,
5740900403246,false,ממרח לורפק ללא תוספת מלח 500 גר,שטראוס גרופ בעמ/מצונן,,,יח`,5,100 גרם,false,1,27.90,5.58,false,1,
5740900403253,false,ממרח מחמאת לורפק עם מלח 500 ג',שטראוס גרופ בעמ/מצונן,,,יח`,5,100 גרם,false,1,27.90,5.58,false,1,
5740900403260,false,ממרח מחמאת לורפק ללא מלח 27% פחות שומן,שטראוס גרופ בעמ/מצונן,,,יח`,2.50,100 גרם,false,1,16.90,6.76,false,1,
5740900403864,false,חמאה +מלח 200 גרם לורפק כשרות או קיי,שטראוס גרופ בעמ/מצונן,,,יח`,2,100 גרם,false,1,11.90,5.95,true,1,
5900020015174,false,פיטנס חטיפי אנרגיה דגנים בטעם שוקולד נסטלה 6*23.5 גרם,קבוצת אוסם סחר-שות.מוגבלת,,,יח`,1.41,100 גרם,false,1,15.90,11.28,true,1,
5900020018908,false,פיטנס חטיפי אנרגיה דגנים בטעם קרם עוגיות נסטלה 6*23.5 גרם,קבוצת אוסם סחר-שות.מוגבלת,,,יח`,1.41,100 גרם,false,1,15.90,11.28,true,1,
5900020024770,false,פיטנס - דליס חטיף דגנים שוקולד אגוז 22.50 גרם * 6,קבוצת אוסם סחר שותפות מוגבלת,,,יח`,1.35,100 גרם,false,1,15.90,11.78,true,1,
5900020026552,false,דגני בוקר האני נאט צ'יריוס בטעם דבש ושקדים,קבוצת אוסם סחר שותפות מוגבלת,,,יח`,6.25,100 גרם,false,1,19.90,3.18,true,1,
5900020029669,false,פיטנס - חטיף דגנים פירות יער 23.50 גרם * 6,קבוצת אוסם סחר שותפות מוגבלת,,,יח`,0.2350,100 גרם,false,1,16.90,71.91,true,1,
5900020032539,false,מארז חטיף פיטנס שוקולד 8 X 23.5 גרם,קבוצת אוסם סחר שותפות מוגבלת,,,יח`,1.40,100 גרם,false,1,15.90,11.36,true,1,
5900020034021,false,פיטנס חטיף דגנים שוקו בננה נסטלה (23.5x6,קבוצת אוסם סחר שותפות מוגבלת,,,יח`,1.41,100 גרם,false,1,15.90,11.28,true,1,
5900020034991,false,דגני בוקר צדפים בטעם שוקולד 450 ג' קראנץ',קבוצת אוסם סחר שותפות מוגבלת,,,יח`,4.50,100 גרם,false,1,19.90,4.42,true,1,
5900020036407,false,ליון דגני בוקר שוקולד וקרמל נסטלה 480 גרם,קבוצת אוסם סחר שותפות מוגבלת,,,יח`,4.80,100 גרם,false,1,26.90,5.60,true,1,
5900020039590,false,פיטנס חטיף דגנים קלאסי 6.8*23.5גר פרווה,קבוצת אוסם סחר-שות.מוגבלת,,,יח`,1.41,100 גרם,false,1,15.90,11.28,true,1,
5900020041142,false,קורנפלקס פיטנס 500 ג' אסם,קבוצת אוסם סחר-שות.מוגבלת,,,יח`,5,100 גרם,false,1,12.90,2.58,true,1,
5900352002361,false,עוגיות יזיקי קלאסיק 140 גרם,יעד ממתקים בעמ,,,יח`,1.40,100 גרם,false,1,5.90,4.21,true,1,
5900352002866,false,חטיף אליבי שוקולד וקרמל 49 גרם,אליבי מקס Alibi Max,,,יח`,1.47,100 גרם,false,1,2.50,1.70,true,1,
5900352004044,false,עוגיות יזיקי קוקוס 140 גרם,יעד ממתקים בעמ,,,יח`,1.40,100 גרם,false,1,5.90,4.21,true,1,
5900352004457,false,עוגיות יזיקי קפה 140 גרם,יעד ממתקים בעמ,,,יח`,1.40,100 גרם,false,1,5.90,4.21,true,1,
5900352006468,false,עוגיות יזיקי שרי 140 גרם,יעד ממתקים בעמ,,,יח`,1.40,100 גרם,false,1,5.90,4.21,true,1,
5900352008509,false,עוגיות יזיקי אדווקט 140 גרם,יעד ממתקים בעמ,,,יח`,1.40,100 גרם,false,1,5.90,4.21,true,1,
5900352011356,false,עוגיות מריר יזיקי שרי 140 גרם,יעד ממתקים בעמ,,,יח`,1.40,100 גרם,false,1,5.90,4.21,true,1,
5900352012605,false,טייגר חטיף אליבי קוקוס 49 גרם,אליבי מקס Alibi Max,,,יח`,1.47,100 גרם,false,1,2.50,1.70,true,1,
5900352014449,false,וופל בלגי וניל 130 גר` יעד ממתקים,יעד ממתקים בעמ,,,יח`,1.30,100 גרם,false,1,3.90,3,true,1,
5900352014456,false,וופל בלגי שוקולד 130 גר` יעד ממתקים,יעד ממתקים בעמ,,,יח`,1.30,100 גרם,false,1,3.90,3,true,1,
5900352014470,false,וופל בלגי קרמל 140 גר` יעד ממתקים,יעד ממתקים בעמ,,,יח`,1.40,100 גרם,false,1,3.90,2.79,true,1,
5900352014890,false,עוגיות יזיקי מריר תפוז 140 גרם,יעד ממתקים בעמ,,,יח`,1.40,100 גרם,false,1,5.90,4.21,true,1,
5900352015125,false,עוגיות יזיקי קרמל מלוח 140 גרם,יעד ממתקים בעמ,,,יח`,1.40,100 גרם,false,1,5.90,4.21,true,1,
5900352015576,false,וופל בלגי קרם קוקוס 130 גר` יעד ממתקים,יעד ממתקים בעמ,,,יח`,1.30,100 גרם,false,1,3.90,3,true,1,
5900394009762,false,וופל אידיליה 47 גרם,יעד ממתקים בעמ,,,יח`,0.47,100 גרם,false,1,2.50,5.32,true,1,
5900627066715,false,טבליות למדיח פיניש הכל ב-1 100 יח,רקיט בנקיזר (ניר איסט) בעמ,,,יח`,1,,false,1,59.90,59.90,true,1,
5900951283963,false,חטיף סניקרס עם חמאת בוטנים Creamy Peanut Butter,"מרס ריגלי ישראל בע""מ",,,יח`,1,,false,1,3.90,3.90,true,1,
5902198160403,false,XL משקה אנרגיה מוגז ללא סוכר עד 10 קלוריות לפחית 250 מל,"טמפו משקאות בע""\מ",,,יח`,2.50,"100 מ""ל",false,1,4.90,1.84,true,1,
5903141082766,false,פאל מאל כחול דמי סלימס עשיריה,גלוברנדס בעמ - שיווק סיגריות,,,יח`,1,,false,1,245,245,false,1,
5904941750312,false,"משקה אנרגיה BLU מוחיטו בודד 250 מ""ל",בני פאוזי שמשום (2009) בעמ,,,יח`,2.50,"100 מ""ל",false,1,3.90,1.44,true,1,
5904941751302,false,משקה אנרגיה בפחית בלו (250 מל),בני פאוזי שמשום (2009) בעמ,,,יח`,2.50,"100 מ""ל",false,1,3.90,1.44,true,1,
5904941752262,false,משקה אנרגיה בטעם לימון ליים ללא תוספת סוכר,בני פאוזי שמשום (2009) בעמ,,,יח`,2.50,"100 מ""ל",false,1,2.90,1.04,true,1,
5906485301012,false,משקה אנרגיה XL מוגז פחית 250 מל,"טמפו משקאות בע""מ",,,יח`,2.50,"100 מ""ל",false,1,4.90,1.84,true,1,
6008165271192,false,סיגריות פאל מל ארוך אדום בודד,גלוברנדס בעמ - שיווק סיגריות,,,יח`,1,,false,1,30,30,true,1,
6008165274629,false,פאל מאל כחול ארוך סטרים פילטר חפיסה,גלוברנדס בעמ - שיווק סיגריות,,,יח`,1,יח`,false,1,30,30,true,1,
6118000061090,false,סרדינים מרוקאים בשמן סויה (125 גר`)טנגי,דין שיווק וקליה 2021 בעמ,,,יח`,1.25,100 גרם,false,1,3.90,3.12,false,1,
6118000240501,false,סרדינים מרוקאים בשמן סויה עם פלפל חריף - 125 גרם,דין שיווק וקליה 2021 בעמ,,,יח`,1.25,100 גרם,false,1,3.90,3.12,false,1,
6224000485764,false,"שיני שום קפואות 1 ק""ג קהילות",נטו מילנדה סחר בעמ*,,,יח`,1,"ק""ג",false,1,19.90,19.90,false,1,
6901022100584,false,רצועות פלפלים אדומים קלויים,ביג פוד כחול לבן בעמ*שיק 30 יו,,,יח`,3.50,100 גרם,false,1,12.90,3.69,false,1,
6901022100591,false,רצועות מיקס פלפלים קלויים,ביג פוד כחול לבן בעמ*שיק 30 יו,,,יח`,3.50,100 גרם,false,1,12.90,3.69,false,1,
7038516140357,false,מברשת שיניים ג'ורדן טוטל סופט מארז 4 יחידות,מיוצר במלזיה עבור ג',,,יח`,1,,false,1,19.90,19.90,true,1,
7038516140418,false,ג'ורדן מברשת שיניים טוטאל קלין מדיום רביעייה,"דנשר (1963) בע,מ",,,יח`,1,,false,1,19.90,19.90,true,1,
7046110075562,false,"ג'ורדן משחת שיניים לשיניים קבועות 6-12 50 מ""ל",דנשר (1963) בעמ,,,יח`,1,,false,1,11.90,11.90,true,1,
7271730901261,false,ווקי מאק ארוחת אטריות עם גבינה 156 גרם,ניו וורלד פסטה קומפנ,,,יח`,1.56,100 גרם,false,1,10.90,6.99,false,1,
7290000000374,false,"פטריות שמפיניון בד""ץ (רביבים)",ביכורי השדה צפון 1994 ג.ד. בעמ,,,יח`,1,,false,1,9.90,9.90,true,1,
7290000023809,false,קלאסיק קברנה סובניון יקבי ברקן (750 מל),יקבי ברקן שיווק והפצה בע,,,יח`,7.50,"100 מ""ל",false,1,32.90,4.35,true,1,
7290000023816,false,קלאסיק אמרלד ריזלינג יקבי ברקן (750 מל),יקבי ברקן שיווק והפצה בע,,,יח`,7.50,"100 מ""ל",false,1,32.90,4.35,true,1,
7290000023830,false,יין קברנה בלאש סמוק ברקן קלאסי,יקבי ברקן שיווק והפצה בע,,,יח`,7.50,"100 מ""ל",false,1,32.90,4.35,true,1,
7290000023977,false,קלאסיק מרלו יקבי ברקן (750 מל),יקבי ברקן שיווק והפצה בע,,,יח`,7.50,"100 מ""ל",false,1,32.90,4.35,true,1,
7290000024264,false,רזרב מרלו יקבי ברקן (750 מל),"כרמי צבי - אחים סגל בע""\",,,יח`,7.50,"100 מ""ל",false,1,44.90,5.95,true,1,
7290000040042,false,יוגורט יופלה תות 3% שומן 150 גרם,"תנובה בע""מ ***",,,יח`,1.50,"100 מ""ל",false,1,4.90,3.27,false,1,
7290000040066,false,יוגורט יופלה דובדבן 3% שומן 150 גרם,תנובה מרכז שיתופי לש,,,יח`,1.50,"100 מ""ל",false,1,4.90,3.27,false,1,
7290000040080,false,יוגורט יופלה אפרסק 3% שומן 150 גרם,"תנובה בע""מ ***",,,יח`,1.50,"100 מ""ל",false,1,4.90,3.27,false,1,
7290000040301,false,תנובה עין גדי קממבר מחלב בקר 24% שומן,תנובה מרכז שיתופי לש,,,יח`,1.25,100 גרם,false,1,17.80,14.24,false,1,
7290000040318,false,גבינת עדי ברי 24% קולאז` (125 גרם)קולקש,תנובה מרכז שיתופי לש,,,יח`,1.25,100 גרם,false,1,18.90,15.12,false,1,
7290000040974,false,חלב 2% דל לקטוז בקרטון תנובה (1 ליטר),תנובה מרכז שיתופי לש,,,יח`,1,1 ליטר,false,1,7,7,false,1,
7290000041407,false,"גיל קטן 3% תנובה 125 מ""ל בד""ץ",תנובה מרכז שיתופי לש,,,יח`,1.25,"100 מ""ל",false,1,0.95,0.76,false,1,
7290000041858,false,"שמנת חמוצה 15% מועשרת יטבתה 200 מ""ל",שטראוס גרופ בעמ/מצונן,,,יח`,2,"100 מ""ל",false,1,2.50,1.25,false,1,
7290000041865,false,"לבן 4.5% שומן מהדרין ""יטבתה""",שטראוס גרופ בעמ/מצונן,,,יח`,2,"100 מ""ל",false,1,2.10,1.05,false,1,
7290000041872,false,"לבן 3% יטבתה 200מ""ל מהדרין",שטראוס גרופ בעמ/מצונן,,,יח`,2,"100 מ""ל",false,1,2.10,1.05,false,1,
7290000042015,false,חלב 3% בשקית בדצ תנובה (1 ליטר)פיקוח,תנובה מרכז שיתופי לש,,,יח`,1,1 ליטר,false,1,5.43,5.43,false,1,
7290000042404,false,חלב 3% מועשר מהדרין בשקית יטבתה (1 ליטר),שטראוס גרופ בעמ/מצונן,,,יח`,1,1 ליטר,false,1,5.90,5.90,false,1,
7290000042435,false,חלב דל שומן 1% בקרטון תנובה (1 ליטר)פיק,תנובה מרכז שיתופי לש,,,יח`,10,"100 מ""ל",false,1,5.86,0.59,false,1,
7290000042855,false,"שוקו בשקית 250 מ""ל ""יטבתה""",שטראוס גרופ בעמ/מצונן,,,יח`,2.25,"100 מ""ל",false,1,2.50,1.11,false,1,
7290000043012,false,"שוקו עמיד 2% בקרטון 250 מ""ל תנובה",תנובה מרכז שיתופי לש,,,יח`,2.50,"100 מ""ל",false,1,4.70,1.88,false,1,
7290000043111,false,תנובה חמאה 200 גרם - מוצר בפיקוח,תנובה מרכז שיתופי לש,,,יח`,2,100 גרם,false,1,7.80,3.90,false,1,
7290000043814,false,השף הלבן שמנת להקצפה 38% שומן 250 מל - מוצר בפיקוח,תנובה מרכז שיתופי לש,,,יח`,2.50,"100 מ""ל",false,1,6.47,2.59,false,1,
7290000043890,false,תנובה רויון לבן מחלב מפסוטר 1.5%,תנובה מרכז שיתופי לש,,,יח`,1,1 ליטר,false,1,11.50,11.50,false,1,
7290000043944,false,כד יוגורט תנובה 4% שומן 1.5 ליטר,מיוצר עי קונדיטוריית,,,יח`,1.50,1 ליטר,false,1,16.50,11,false,1,
7290000044712,false,יוגורט עם תות 1.5% שומן 500 ג' פרילי,מיוצר עי קונדיטוריית,,,יח`,5,"100 מ""ל",false,1,10.90,2.18,false,1,
7290000045573,false,גבינת מותכת משולשים 25% שומן 200 ג' נעמה,"תנובה בע""מ ***",,,יח`,2,100 גרם,false,1,14.90,7.45,false,1,
7290000045580,false,גבינה מותכת נעמה חורש תנובה 240 גרם,תנובה מרכז שיתופי לש,,,יח`,2.40,100 גרם,false,1,17.90,7.46,false,1,
7290000045771,false,יוגורט לבן 4% תנובה (3 ליטר),תנובה מרכז שיתופי לש,,,יח`,3,1 ליטר,false,1,29,9.67,false,1,
7290000045917,false,תנובה פרומעז גבינה מותכת מחלב עיזים 23% שומן,תנובה בעמ ***,,,יח`,2,100 גרם,false,1,25.90,12.95,false,1,
7290000046020,false,"גלבוע 22% שקילה}גבנ""צ{*.",תנובה מרכז שיתופי לש,,,"ק""ג",10,100 גרם,true,1,42.58,4.26,false,1,
7290000046327,false,גלבוע גבינה צהובה פרוסה 22% תנובה 200 גרם,תנובה מרכז שיתופי לש,,,יח`,2,100 גרם,false,1,12.90,6.45,false,1,
7290000047034,false,רוקפור (26% גליל) חריץ תנובה,תנובה מרכז שיתופי לש,,,"ק""ג",10,100 גרם,true,1,122,12.20,false,1,
7290000047546,false,השף הלבן כנען גבינה לבנה דלת נתרן 5% תנובה 500 גרם,תנובה מרכז שיתופי לש,,,יח`,5,100 גרם,false,1,23.90,4.78,false,1,
7290000047621,false,גבינה לבנה רכה 5% תנובה 250ג' מהדרין,תנובה מרכז שיתופי לש,,,יח`,2.50,100 גרם,false,1,4.98,1.99,false,1,
7290000047942,false,**תנובה גבינה לבנה מהדרין 9% 250ג,תנובה מרכז שיתופי לש,,,יח`,2.50,100 גרם,false,1,4.70,1.88,false,1,
7290000048185,false,גבינה לבנה 5% תנובה 250 גרם מהדרין,מיוצר עי קונדיטוריית,,,יח`,2.50,100 גרם,false,1,4.98,1.99,false,1,
7290000048413,false,גבינה חמד (25016% גרם)פיראוס תנובה,תנובה מרכז שיתופי לש,,,יח`,2.50,100 גרם,false,1,17.90,7.16,false,1,
7290000048437,false,גבינת צפתית (2005% גרם)פיראוס תנובה,פארייפאבה אגרואינדוס,,,יח`,2,100 גרם,false,1,14.90,7.45,false,1,
7290000050447,false,"יוגורט ביו בטעם תות YYY יופלה 500 מ""ל",מיוצר עי קונדיטוריית,,,יח`,1,1 ליטר,false,1,12.90,12.90,false,1,
7290000050454,false,יוגורט ביו 3% אפרסק יופלה (500 גרם),מיוצר עי קונדיטוריית,,,יח`,5,"100 מ""ל",false,1,12.90,2.58,false,1,
7290000051307,false,"מארז הפסקת אוכל עם דגני עוגי ומשקה חלב עמיד בטעם וניל 150 מ""ל",תנובה מרכז שיתופי לש,,,יח`,1.50,"100 מ""ל",false,1,9.90,6.60,false,1,
7290000051352,false,חלב מלא בטעם של פעם 3.4% תנובה קרטון 1 ל',הרדוף תוצרת מזון אור,,,יח`,1,1 ליטר,false,1,7.50,7.50,false,1,
7290000051376,false,יוגורט יופלה דיאט אננס 0% שומן 150 גרם,תנובה מרכז שיתופי לש,,,יח`,1.50,"100 מ""ל",false,1,4.90,3.27,false,1,
7290000051710,false,פיראוס גבינת לאבנה אסלית על בסיס יוגורט תנובה 263 גרם,"תנובה, מחלבת אלון תב",,,יח`,2.63,100 גרם,false,1,13.80,5.25,false,1,
7290000052311,false,גבינה צהובה עמק לייט 15% שומן 200 גרם,תנובה מרכז שיתופי לש,,,יח`,2,100 גרם,false,1,16.10,8.05,false,1,
7290000052649,false,לאבנה אסלית (5005% גרם)פיראוס תנובה,תנובה מרכז שיתופי לש,,,יח`,5,100 גרם,false,1,19.50,3.90,false,1,
7290000053219,false,טל העמק חריץ 32% במשקל,תנובה מרכז שיתופי לש,,,"ק""ג",10,100 גרם,true,1,55,5.50,false,1,
7290000055015,false,פיראוס גבינת פטה כבשים 5% תנובה 250 גרם,תנובה מחלבת טנא נוגה,,,יח`,2.50,100 גרם,false,1,26.50,10.60,false,1,
7290000055329,false,"משקה בוקר יוגורט 1.5% בטעם תות מלון יופלה 250 מ""ל",תנובה מרכז שיתופי לש,,,יח`,2.50,100 גרם,false,1,5.50,2.20,false,1,
7290000055336,false,"משקה יוגורט 1.5% בטעם בננה אפרסק יופלה 250 מ""ל",תנובה מרכז שיתופי לש,,,יח`,2.50,100 גרם,false,1,5.50,2.20,false,1,
7290000055343,false,משקה יוגורט יופלה פירות טרופיים 250 גרם,תנובה מרכז שיתופי לש,,,יח`,2.50,100 גרם,false,1,5.50,2.20,false,1,
7290000055350,false,גבינה צהובה חריץ עמק 28% במשקל,תנובה מרכז שיתופי לש,,,"ק""ג",10,100 גרם,true,1,44.79,4.48,false,1,
7290000055893,false,חמאה משמנת מפוסטרת 200גרם 82% כ.מהדרין - מוצר בפיקוח,תנובה מרכז שיתופי לש,,,יח`,1,,false,1,7.80,7.80,false,1,
7290000056081,false,מארז יוגורט פרילי טבע 6*200 גרם,מיוצר עי קונדיטוריית,,,יח`,12,100 גרם,false,1,22.50,1.88,false,1,
7290000056845,false,תנובה חלב טרי 3% שומן 1.5 ליטר - מוצר בפיקוח,פארייפאבה אגרואינדוס,,,יח`,1500,1 ליטר,false,1,9.35,0.01,false,1,
7290000056883,false,שמיניית יוגורט יופלה 3% טעמים שונים 150 גרם,תנובה מרכז שיתופי לש,,,יח`,12,"100 מ""ל",false,1,29.90,2.49,false,1,
7290000056890,false,שמיניית דיאט יופלה 0% טעמים שונים 150 גרם,מיוצר עי קונדיטוריית,,,יח`,12,"100 מ""ל",false,1,29.90,2.49,false,1,
7290000056906,false,מאגדת לבן טבעי 1.5% שומן 8 יח' * 150 ג' יופלה,מחלבת אלון תבור,,,יח`,12,"100 מ""ל",false,1,17.50,1.46,false,1,
7290000056951,false,"תנובה, השף הלבן, שמנת לבישול 15% שומן 500 מל",תנובה מרכז שיתופי לש,,,יח`,5,"100 מ""ל",false,1,15.90,3.18,false,1,
7290000057088,false,עמק גבינה צהובה פרוסה דק דק 28% תנובה 200 גרם,תנובה מרכז שיתופי לש,,,יח`,2,100 גרם,false,1,16.30,8.15,false,1,
7290000057118,false,גבינה צהובה עמק 28% שומן ואקום 400 גרם,תנובה מרכז שיתופי לש,,,יח`,4,100 גרם,false,1,20.90,5.23,false,1,
7290000057132,false,יוגורט תנובה טבעי 1.5% גביע 200 גרם,מחלבת אלון תבור,,,יח`,2,100 גרם,false,1,3.20,1.60,false,1,
7290000057149,false,יוגורט תנובה טבעי 3% גביע 200 גרם,מיוצר עי קונדיטוריית,,,יח`,2,100 גרם,false,1,3.20,1.60,false,1,
7290000057552,false,יופלה דיאט עוגת גבינה ותות 0% גביע 150ג',תנובה - חלב,,,יח`,1.50,100 גרם,false,1,4.90,3.27,false,1,
7290000058030,false,"שמיניית יופלה שטוזים משקה יוגורט תות 100 מ""ל",מיוצר עי קונדיטוריית,,,יח`,1,,false,1,20.90,20.90,false,1,
7290000058047,false,שמנת להקצפה 38% 500מל מהדרין עמיד השף הלבן,תנובה מרכז שיתופי לש,,,יח`,5,"100 מ""ל",false,1,12.94,2.59,false,1,
7290000058979,false,גיל בטעם תות 3% שומן 125 ג' תנובה,תנובה מרכז שיתופי לש,,,יח`,1.25,"100 מ""ל",false,1,1.60,1.28,false,1,
7290000060088,false,בייגלה מקלות עם מלח אסם (400 גרם),קבוצת אוסם סחר שותפות מוגבלת,,,יח`,4,100 גרם,false,1,10.90,2.73,true,1,
7290000060163,false,פסטה אסם אטריות דקות 400גר,קבוצת אוסם סחר שותפות מוגבלת,,,יח`,4,100 גרם,false,1,7.90,1.98,true,1,
7290000060200,false,פסטה אסם פתיתים אפויים קוסקוס 500גר,קבוצת אוסם סחר שותפות מוגבלת,,,יח`,5,100 גרם,false,1,6.90,1.38,true,1,
7290000060217,false,פסטה מקרוני מספר 7 אסם (500 גרם),קבוצת אוסם סחר שותפות מוגבלת,,,יח`,5,100 גרם,false,1,5.90,1.18,true,1,
7290000060248,false,פסטה אסם פתיתים תלתלים 500 גר',קבוצת אוסם סחר שותפות מוגבלת,,,יח`,5,100 גרם,false,1,5.90,1.18,true,1,
7290000060316,false,פרפקטו ספגטי מס' 8 אסם 500 גרם,קבוצת אוסם סחר שותפות מוגבלת,,,יח`,5,100 גרם,false,1,7.90,1.58,false,1,
7290000060408,false,פסטה אסם פתיתים אפויים טבעות 500 גר,קבוצת אוסם סחר שותפות מוגבלת,,,יח`,5,100 גרם,false,1,6.90,1.38,true,1,
7290000060415,false,"פסטה פרפקטו לאזניה 500 ג' ""אסם""",קבוצת אוסם סחר שותפות מוגבלת,,,יח`,5,100 גרם,false,1,15.90,3.18,false,1,
7290000060781,false,פרומנטי פתיתים מסולסלים אוסם,קבוצת אוסם סחר שותפות מוגבלת,,,יח`,5,100 גרם,false,1,5.90,1.18,true,1,
7290000060828,false,פסטה קרניים בינוניות אסם (500 גרם),קבוצת אוסם סחר שותפות מוגבלת,,,יח`,5,100 גרם,false,1,5.90,1.18,true,1,
7290000060842,false,פסטה אסם פתיתים צדפים גדולים 500גר,קבוצת אוסם סחר שותפות מוגבלת,,,יח`,5,100 גרם,false,1,5.90,1.18,true,1,
7290000060880,false,פסטה ספגטי מספר 8 אסם 500 גרם,קבוצת אוסם סחר שותפות מוגבלת,,,יח`,5,100 גרם,false,1,5.90,1.18,true,1,
7290000060958,false,אטריות מובחרות בינוניות אסם (400 גרם),קבוצת אוסם סחר שותפות מוגבלת,,,יח`,4,100 גרם,false,1,7.90,1.98,true,1,
7290000060965,false,פסטה אסם אטריות רחבות 400גר,קבוצת אוסם סחר שותפות מוגבלת,,,יח`,4,100 גרם,false,1,7.90,1.98,true,1,
7290000061061,false,קרקר חיטה עם בצל אסם,קבוצת אוסם סחר שותפות מוגבלת,,,יח`,2.50,100 גרם,false,1,10.90,4.36,true,1,
7290000061245,false,עוגיות שוקוצ'יפס במילוי שוקולד אסם 220 גרם,קבוצת אוסם סחר-שות.מוגבלת,,,יח`,2.20,100 גרם,false,1,10.90,4.95,true,1,
7290000061764,false,קפה נמס מגורען רד מאג 200 גרם,קבוצת אוסם סחר שותפות מוגבלת,,,יח`,2,100 גרם,false,1,18.90,9.45,false,1,
7290000062129,false,אינסטנט פודינג בטעם וניל אסם (1 קג),קבוצת אוסם סחר שותפות מוגבלת,,,יח`,1,"ק""ג",false,1,23.90,23.90,false,1,
7290000062952,false,אוסם - מיני קרוטונים למרק ולסלט 250 גרם,קבוצת אוסם סחר שותפות מוגבלת,,,יח`,2.50,100 גרם,false,1,15.90,6.36,true,1,
7290000063133,false,אסם שקדי מרק רכיבים טבעיים 24*100גרם,קבוצת אוסם סחר שותפות מוגבלת,,,יח`,1,100 גרם,false,1,5.90,5.90,false,1,
7290000063140,false,שקדי מרק רכיבים טבעיים בשקית 400 ג' אסם,קבוצת אוסם סחר שותפות מוגבלת,,,יח`,4,100 גרם,false,1,10.90,2.73,true,1,
7290000063157,false,"קמח עוגה תופח מאליו אסם 1 ק""ג",קבוצת אוסם סחר שותפות מוגבלת,,,יח`,1,"ק""ג",false,1,9.90,9.90,false,1,
7290000064758,false,קוסקוס בינוני אמיתי אסם 350 ג',קבוצת אוסם סחר שותפות מוגבלת,,,יח`,3.50,100 גרם,false,1,8.90,2.54,false,1,
7290000064871,false,"אוסם - מנה חמה פירה תפו""א עם בצל 56 גרם",קבוצת אוסם סחר שותפות מוגבלת,,,יח`,0.56,100 גרם,false,1,6.90,12.32,true,1,
7290000065335,false,אוסם - מנה חמה פירה עם ירקות 55 גרם,קבוצת אוסם סחר שותפות מוגבלת,,,יח`,0.55,100 גרם,false,1,6.90,12.55,true,1,
7290000065540,false,אוסם - מנה חמה פסטה מוקרמת בטעם עוף 55 גרם,קבוצת אוסם סחר שותפות מוגבלת,,,יח`,0.55,100 גרם,false,1,6.90,12.55,true,1,
7290000065557,false,אוסם - מנה חמה קוסקוס עם ירקות 84 גרם,קבוצת אוסם סחר שותפות מוגבלת,,,יח`,0.62,100 גרם,false,1,6.90,11.13,true,1,
7290000066141,false,ביסלי חטיף בטעם גריל אסם (70 גרם),קבוצת אוסם סחר שותפות מוגבלת,,,יח`,0.70,100 גרם,false,1,3.90,5.57,true,1,
7290000066189,false,ביסלי חטיף בטעם פלאפל אסם (200 גרם),קבוצת אוסם סחר שותפות מוגבלת,,,יח`,2,100 גרם,false,1,7.90,3.95,true,1,
7290000066196,false,ביסלי חטיף בטעם גריל אסם (200 גרם),קבוצת אוסם סחר שותפות מוגבלת,,,יח`,2,100 גרם,false,1,7.90,3.95,true,1,
7290000066226,false,ביסלי חטיף בטעם פיצה אסם (200 גרם),קבוצת אוסם סחר שותפות מוגבלת,,,יח`,2,100 גרם,false,1,7.90,3.95,true,1,
7290000066264,false,דובונים חטיף תפוחי אדמה אסם (40 גרם),קבוצת אוסם סחר שותפות מוגבלת,,,יח`,0.40,100 גרם,false,1,5,12.50,true,1,
7290000066295,false,אסם במבה תות מחומרים טבעיים 30גר,קבוצת אוסם סחר שותפות מוגבלת,,,יח`,0.30,100 גרם,false,1,2.90,9.67,false,1,
7290000066318,false,במבה חטיף בוטנים אסם 80 גרם,קבוצת אוסם סחר שותפות מוגבלת,,,יח`,0.80,100 גרם,false,1,4.30,5.38,true,1,
7290000066332,false,אפרופו חטיף תירס אסם (50 גרם),קבוצת אוסם סחר שותפות מוגבלת,,,יח`,0.50,100 גרם,false,1,5,10,true,1,
7290000066349,false,אפרופו חטיף תירס אסם (100 גרם),קבוצת אוסם סחר-שות.מוגבלת,,,יח`,1,100 גרם,false,1,8.90,8.90,false,1,
7290000066431,false,פופקו חטיף פופקורן בטעם חמאה ודבש אסם 80 גרם,קבוצת אוסם סחר שותפות מוגבלת,,,יח`,0.80,100 גרם,false,1,5.50,6.88,true,1,
7290000067599,false,מנה חמה ספגטי ברוטב בולונז אסם 65 גרם,קבוצת אוסם סחר שותפות מוגבלת,,,יח`,0.65,100 גרם,false,1,6.90,10.62,true,1,
7290000068138,false,אינסטנט פודינג בטעם וניל אסם 80 גרם,קבוצת אוסם סחר שותפות מוגבלת,,,יח`,0.80,100 גרם,false,1,5.90,7.38,false,1,
7290000068237,false,אבקה להכנת ג`לי בטעם פטל אסם (85 גרם),קבוצת אוסם סחר שותפות מוגבלת,,,יח`,0.85,100 גרם,false,1,6.90,8.12,false,1,
7290000068343,false,אוסם - פירכונים מאורז מלא 140 גרם,קבוצת אוסם סחר שותפות מוגבלת,,,יח`,1.40,100 גרם,false,1,7.90,5.64,true,1,
7290000068701,false,אסם שקדי מרק רכיבים טבע.מיכל 400 גרם,קבוצת אוסם סחר שותפות מוגבלת,,,יח`,4,100 גרם,false,1,15.90,3.98,false,1,
7290000068770,false,במבה יום הולדת חטיף בוטנים אסם 80 גרם,קבוצת אוסם סחר שותפות מוגבלת,,,יח`,0.80,100 גרם,false,1,4.30,5.38,true,1,
7290000070308,false,אבקת מרק עוף אמיתי בשרי אסם 400 גרם,קבוצת אוסם סחר שותפות מוגבלת,,,יח`,4,100 גרם,false,1,14.90,3.73,false,1,
7290000070353,false,אבקת מרק בצל רכיבים טבעיים אסם 400 גרם,קבוצת אוסם סחר שותפות מוגבלת,,,יח`,4,100 גרם,false,1,24.90,6.23,true,1,
7290000070919,false,בייגלה רשתות עם מלח אסם (400 גרם),קבוצת אוסם סחר שותפות מוגבלת,,,יח`,4,100 גרם,false,1,12.90,3.23,true,1,
7290000072241,false,"רוטב פיצה 290 מ""ל-בקבוק",קבוצת אוסם סחר שותפות מוגבלת,,,יח`,2.90,"100 מ""ל",false,1,11.90,4.10,true,1,
7290000072623,false,קטשופ אסם בקבוק לחיץ 750 גרם,קבוצת אוסם סחר שותפות מוגבלת,,,יח`,7.50,100 גרם,false,1,9.90,1.32,false,1,
7290000072753,false,קפה נמס מגורען טסטרס צ'ויס 200 גרם-,קבוצת אוסם סחר שותפות מוגבלת,,,יח`,2,100 גרם,false,1,29.90,14.95,false,1,
7290000072777,false,קפה נמס מגורען נטול קפאין טסטרס צ'ויס 200 גרם,קבוצת אוסם סחר שותפות מוגבלת,,,יח`,2,100 גרם,false,1,35.90,17.95,false,1,
7290000072968,false,דגני בוקר סיני מיניס חיטה מלאה וקינמון נסטלה 500 גרם,קבוצת אוסם סחר-שות.מוגבלת,,,יח`,3.75,100 גרם,false,1,19.90,5.31,true,1,
7290000073125,false,מנה חמה פסטה ברוטב עגבניות אסם (62 גרם),קבוצת אוסם סחר שותפות מוגבלת,,,יח`,0.62,100 גרם,false,1,6.90,11.13,true,1,
7290000073415,false,אוסם - מנה חמה פסטה ברוטב פיצה 61 גרם,קבוצת אוסם סחר שותפות מוגבלת,,,יח`,0.61,100 גרם,false,1,6.90,11.31,true,1,
7290000073750,false,מנה חמה נודלס אטר+ירקות טעם עוף 70 גרם,קבוצת אוסם סחר שותפות מוגבלת,,,יח`,0.70,100 גרם,false,1,7.90,11.29,true,1,
7290000073767,false,מנה חמה נודלס אטר.+ירקות טעם בקר 70 גרם,קבוצת אוסם סחר שותפות מוגבלת,,,יח`,0.70,100 גרם,false,1,7.90,11.29,true,1,
7290000073774,false,מנה חמה נודלס אטר+ירקות טעם צילי 70 גרם,קבוצת אוסם סחר שותפות מוגבלת,,,יח`,0.76,100 גרם,false,1,7.90,10.39,true,1,
7290000074153,false,ביסקוויט פתי בר שוקולד אסם (500 גרם),קבוצת אוסם סחר שותפות מוגבלת,,,יח`,5,100 גרם,false,1,11.90,2.38,false,1,
7290000074184,false,ביסקוויט פתי בר אסם (500 גרם),קבוצת אוסם סחר שותפות מוגבלת,,,יח`,5,100 גרם,false,1,9.90,1.98,true,1,
7290000074245,false,אוסם - קרם קרקר אסם 250 גרם,קבוצת אוסם סחר שותפות מוגבלת,,,יח`,2.50,100 גרם,false,1,9.90,3.96,true,1,
7290000074276,false,קרקר פיקנטי טבעון 250 ג' אסם,קבוצת אוסם סחר שותפות מוגבלת,,,יח`,2.50,100 גרם,false,1,10.90,4.36,true,1,
7290000074375,false,אוסם - קרקר זהב 150 גרם,קבוצת אוסם סחר שותפות מוגבלת,,,יח`,1.50,100 גרם,false,1,7.90,5.27,true,1,
7290000074481,false,קרקר לחמית אגוזים אסם (160 גרם),קבוצת אסם סחר שות. מוגבלת,,,יח`,1.60,100 גרם,false,1,10.90,6.81,true,1,
7290000074764,false,קרקר הזהב אסם 900 גרם,קבוצת אוסם סחר שותפות מוגבלת,,,יח`,9,100 גרם,false,1,27.90,3.10,true,1,
7290000075204,false,קרקר לחמית חיטה מלאה אסם (250 גרם),קבוצת אוסם סחר שותפות מוגבלת,,,יח`,2.50,100 גרם,false,1,8.90,3.56,true,1,
7290000075693,false,עוגת הבית שמרים בריוש שוקולד אסם 360 גרם,קבוצת אסם סחר שות. מוגבלת,,,יח`,3.60,100 גרם,false,1,17.90,4.97,true,1,
7290000076126,false,אוסם - בייגלה שמיניות קטנות 80 גרם,קבוצת אוסם סחר שותפות מוגבלת,,,יח`,0.80,100 גרם,false,1,2.90,3.63,false,1,
7290000076133,false,בייגלה שמיניות קטנות עם מלח אסם 400 גרם,קבוצת אוסם סחר שותפות מוגבלת,,,יח`,4,100 גרם,false,1,9.90,2.48,true,1,
7290000076645,false,טוסטעים פת קלויה חיטה מלאה אסם 100 גרם,קבוצת אסם סחר שות. מוגבלת,,,יח`,1,100 גרם,false,1,9.90,9.90,false,1,
7290000078212,false,קרוטונים מתובלים למרק אסם (250 גרם),קבוצת אוסם סחר שותפות מוגבלת,,,יח`,2.50,100 גרם,false,1,15.90,6.36,true,1,
7290000078762,false,אוסם - חטיפי פריכונים מאורז מלא בטעם דבש 80גר,קבוצת אוסם סחר-שות.מוגבלת,,,יח`,0.80,100 גרם,false,1,7.90,9.88,true,1,
7290000079233,false,קרם קרקר דיאטטי דל נתרן 250 גרם,קבוצת אוסם סחר שותפות מוגבלת,,,יח`,2.50,100 גרם,false,1,10.90,4.36,true,1,
7290000080758,false,פת קלויה טוסטעים אסם (100 גרם),קבוצת אוסם סחר שותפות מוגבלת,,,יח`,1,100 גרם,false,1,9.90,9.90,false,1,
7290000081663,false,"בייגלה טבעות שומשום אסם 300 גרם בד""ץ",קבוצת אוסם סחר שותפות מוגבלת,,,יח`,3,100 גרם,false,1,9.90,3.30,true,1,
7290000100128,false,פירות קפואים תות 300 גר`סנפרוסט,תנובה ענף ב.ע.ד,,,יח`,3,100 גרם,false,1,15.90,5.30,true,1,
7290000100593,false,פרוסות אנטיפסטי לתנור סנפרוסט 600 גרם,תנובה ענף ב.ע.ד,,,יח`,6,100 גרם,false,1,21.90,3.65,true,1,
7290000101927,false,אוכמניות כחולות מוקפאות סנפרוסט 300 גרם,תנובה ענף ב.ע.ד,,,יח`,3,100 גרם,false,1,15.90,5.30,true,1,
7290000101941,false,אננס חתוך מוקפא סנפרוסט (300 גרם),תנובה ענף ב.ע.ד,,,יח`,3,100 גרם,false,1,15.90,5.30,true,1,
7290000101958,false,מנגו חתוך מוקפא סנפרוסט (300 גרם),תנובה ענף ב.ע.ד,,,יח`,3,100 גרם,false,1,15.90,5.30,true,1,
7290000103433,false,"לקט ירקות לתנור 800 גרם ""סנפרוסט""",תנובה מרכז שיתופי לשיווק תוצרת,,,יח`,8,100 גרם,false,1,21.90,2.74,true,1,
7290000103839,false,מרק כתום עשיר בירקות סנפרוסט (572 גרם),תנובה מרכז שיתופי לשיווק תוצרת,,,יח`,5.72,100 גרם,false,1,18,3.15,true,1,
7290000103860,false,מרק עדשים עשיר בירקות סנפרוסט (572 גרם),תנובה מרכז שיתופי לשיווק תוצרת,,,יח`,5.72,100 גרם,false,1,18,3.15,true,1,
7290000104201,false,אפונה עדינה מוקפאת סנפרוסט (600 גרם),"איי, בי, אינבוו",,,יח`,6,100 גרם,false,1,18.90,3.15,true,1,
7290000104676,false,אפונה קפואה סנפרוסט 800 גרם,תנובה מרכז שיתופי לשיווק תוצרת,,,יח`,8,100 גרם,false,1,16.90,2.11,true,1,
7290000104683,false,שעועית ירוקה שלמה סנפרוסט (800 גרם),תנובה מרכז שיתופי לשיווק תוצרת,,,יח`,8,100 גרם,false,1,19.90,2.49,true,1,
7290000104713,false,פול ירוק קפוא סנפורסט 800 גרם,תנובה מרכז שיתופי לשיווק תוצרת,,,יח`,8,100 גרם,false,1,24.90,3.11,true,1,
7290000104720,false,שעועית ירוקה חתוכה סנפרוסט (800 גרם),תנובה מרכז שיתופי לשיווק תוצרת,,,יח`,8,100 גרם,false,1,19.90,2.49,true,1,
7290000104737,false,שעועית צהובה חתוכה סנפרוסט 800 גרם,תנובה מרכז שיתופי לשיווק תוצרת,,,יח`,8,100 גרם,false,1,19.90,2.49,true,1,
7290000104744,false,כרובית מוקפאת סנפרוסט (800 גרם),תנובה מרכז שיתופי לשיווק תוצרת,,,יח`,8,100 גרם,false,1,25,3.13,true,1,
7290000104768,false,עלי תרד סנפרוסט (800 גרם),תנובה מרכז שיתופי לשיווק תוצרת,,,יח`,8,100 גרם,false,1,26,3.25,true,1,
7290000104775,false,מדליוני תרד סנפרוסט (800 גרם),תנובה מרכז שיתופי לשיווק תוצרת,,,יח`,8,100 גרם,false,1,26,3.25,true,1,
7290000104799,false,שעועית לבנה מבושלת סנפרוסט (800 גרם),תנובה מרכז שיתופי לשיווק תוצרת,,,יח`,8,100 גרם,false,1,19.90,2.49,true,1,
7290000104805,false,גרגירי חומוס מבושלים סנפרוסט 800 גרם,תנובה מרכז שיתופי לשיווק תוצרת,,,יח`,8,100 גרם,false,1,19.90,2.49,true,1,
7290000104836,false,שעועית ירוקה עדינה שלמה סנפרוסט 600 גרם,תנובה מרכז שיתופי לשיווק תוצרת,,,יח`,6,100 גרם,false,1,22.90,3.82,true,1,
7290000104911,false,לקט נורמנדי מוקפא סנפרוסט (800 גרם),תנובה מרכז שיתופי לשיווק תוצרת,,,יח`,8,100 גרם,false,1,16.90,2.11,true,1,
7290000106526,false,לקט חגיגה ירוקה להקפצה 800 גרם סנפרוסט,"איי, בי, אינבוו",,,יח`,8,100 גרם,false,1,24,3,true,1,
7290000107189,false,תחתיות ארטישוק סנפרוסט (400 גרם),תנובה מרכז שיתופי לשיווק תוצרת,,,יח`,4,100 גרם,false,1,22.90,5.73,true,1,
7290000107295,false,תפרחות ברוקולי סנפרוסט 800 גרם,תנובה מרכז שיתופי לשיווק תוצרת,,,יח`,8,100 גרם,false,1,24.90,3.11,true,1,
7290000111117,false,מרכך כביסה לבן בדין (4 ליטר),"יוניליוור ישראל שיווק בע""מ",,,יח`,4,1 ליטר,false,1,19.90,4.98,false,1,
7290000111186,false,"מיונז אמיתי תלמה 500 גרם בד""צ","יוניליוור ישראל שיווק בע""מ",,,יח`,5,100 גרם,false,1,10.90,2.18,true,1,
7290000111384,false,חרדל אמיתי בצנצנת 550 ג' תלמה,יוניליוור ישראל שיווק בע`מ,,,יח`,5.50,100 גרם,false,1,9.90,1.80,true,1,
7290000112220,false,טחינה גולמית שומשום טהור בארכה 500 גרם,קבוצת אוסם סחר שותפות מוגבלת,,,יח`,5,100 גרם,false,1,13.90,2.78,true,1,
7290000112619,false,אבקת מרק עוף אמיתי קנור 400 ג' כשלפ,יוניליוור ישראל שיווק בע`מ,,,יח`,4,100 גרם,false,1,25.90,6.48,true,1,
7290000116204,false,"אבקת מרק דגש בטעם עוף 1ק""ג קנור","יוניליוור ישראל שיווק בע""מ",,,יח`,1,"ק""ג",false,1,14.90,14.90,false,1,
7290000116884,false,"קנור רוטב ברביקיו 300 מ""ל כשלפ",יוניליוור ישראל שיווק בע`מ,,,יח`,3,"100 מ""ל",false,1,12.90,4.30,true,1,
7290000116945,false,"רוטב סויה קלאסי קנור בד""צ 350 גרם",יוניליוור ישראל שיווק בע`מ,,,יח`,3,"100 מ""ל",false,1,13.90,4.63,true,1,
7290000120874,false,מיונז הלמנס לייט מופחת קלוריות 424ג,יוניליוור ישראל שיווק בעמ,,,יח`,4.76,100 גרם,false,1,12.90,2.71,true,1,
7290000121031,false,החתול המחייך גבינה מותכת 14% מון בלאן 120 גרם,נטו מילנדה סחר בעמ*,,,יח`,1.20,100 גרם,false,1,10.90,9.08,true,1,
7290000121093,false,גבינה מותכת לייט בטעם שוויצרי 7% מון בלאן 120 גר',האי נאם סי או אל.טי.,,,יח`,1.20,100 גרם,false,1,11.60,9.67,true,1,
7290000121109,false,גבינה מותכת לייט עם זיתים 7% מון בלאן 120 גרם,נטו מילנדה סחר בעמ*,,,יח`,1.20,100 גרם,false,1,12.60,10.50,true,1,
7290000121154,false,גבינה מותכת לייט עם סלמון 7% מון בלאן 120 גרם,נטו מלינדה סחר בע`מ,,,יח`,1.20,100 גרם,false,1,13.90,11.58,true,1,
7290000123363,false,"צימקאו לציפוי ואפיה אפיכל 500 גרם בד""צ",יוניליוור ישראל שיווק בע`מ,,,יח`,5,100 גרם,false,1,10.90,2.18,false,1,
7290000129457,false,אבקת רוטב פטריות קנור 28 ג' שקית,יוניליוור ישראל שיווק בע`מ,,,יח`,0.28,100 גרם,false,1,4.90,17.50,true,1,
7290000133645,false,שלישיית משחת שיניים סודה אורביטול 145 גרם,החברה הדרומית לשיווק בעמ,,,יח`,4.35,100 גרם,false,1,19.90,4.57,true,1,
7290000134338,false,אבקת שום בקופ' 90 גר' טעם וריח,"תבליני טעם וריח בע""מ",,,יח`,0.90,100 גרם,false,1,9.90,11,true,1,
7290000134550,false,עלי דפנה 20 גר' טעם וריח,"תבליני טעם וריח בע""מ",,,יח`,0.20,100 גרם,false,1,6.90,34.50,false,1,
7290000134758,false,"תיבול לתפו""א בקופ' 100 גר' טעם וריח","תבליני טעם וריח בע""מ",,,יח`,1,100 גרם,false,1,9.90,9.90,true,1,
7290000134826,false,זעתר מעורב בקופ' 100 גר' טעם וריח,"תבליני טעם וריח בע""מ",,,יח`,1,100 גרם,false,1,9.90,9.90,true,1,
7290000134833,false,כמון טחון בקופ' 100 גר' טעם וריח,"תבליני טעם וריח בע""מ",,,יח`,1,100 גרם,false,1,9.90,9.90,true,1,
7290000134840,false,כורכום טחון בקופ' 100 גר' טעם וריח,"תבליני טעם וריח בע""מ",,,יח`,1,100 גרם,false,1,9.90,9.90,true,1,
7290000134857,false,פפריקה מתוקה בקופ' 100 גר' טעם וריח,"תבליני טעם וריח בע""מ",,,יח`,1,100 גרם,false,1,9.90,9.90,true,1,
7290000135052,false,"XL TEN משקה אנרגיה מנגו ללא סוכר 250 מ""ל","טמפו משקאות בע""\מ",,,יח`,2.50,"100 מ""ל",false,1,4.90,1.84,true,1,
7290000135113,false,"משקה אנרגיה XL פחית ten נענע ליים 250 מ""ל","טמפו משקאות בע""\מ",,,יח`,2.50,"100 מ""ל",false,1,4.90,1.84,true,1,
7290000135311,false,פפסי מקס ליים 1.5 ליטר בודד,"טמפו משקאות בע""\מ",,,יח`,15,"100 מ""ל",false,1,8.50,0.55,true,1,
7290000135595,false,פפסי מקס בטעם דובדבן 1.5 ללא סוכר,"טמפו משקאות בע""\מ",,,יח`,15,"100 מ""ל",false,1,8.20,0.55,false,1,
7290000136141,false,פפסי קולה 1.5 ליטר פיקדון,"טמפו משקאות בע""\מ",,,יח`,1.50,1 ליטר,false,1,8.90,5.73,true,1,
7290000136158,false,פפסי מקס משקה מוגז דל קלוריות בטעם קולה,"טמפו משקאות בע""\מ",,,יח`,1.50,1 ליטר,false,1,8.50,5.47,true,1,
7290000136172,false,משקה 7UP בקבוק 1.5 ליטר פיקדון,"טמפו משקאות בע""\מ",,,יח`,1.50,1 ליטר,false,1,8.90,5.73,true,1,
7290000136189,false,משקה דיאט 7UP בקבוק 1.5 ליטר פיקדון,"טמפו משקאות בע""\ם.",,,יח`,1.50,1 ליטר,false,1,7.90,5.07,true,1,
7290000136240,false,סודה 1.5 ליטר שישייה בודד,"טמפו משקאות בע""\מ",,,יח`,1.50,1 ליטר,false,1,3,1.80,false,1,
7290000136301,false,"סירופ בטעם ענבים ג'ויסר סיידר הגליל 330 מ""ל","טמפו משקאות בע""\מ",,,יח`,3.30,"100 מ""ל",false,1,14.90,4.52,true,1,
7290000136431,false,משקה בטעם אפרסק צלול תריסר 1.5 ל' ג'אמפ,"טמפו משקאות בע""\מ",,,יח`,1.50,1 ליטר,false,1,7.20,4.60,true,1,
7290000136455,false,משקה בטעם אשכוליות תריסר 1.5 ל' ג'אמפ,"טמפו משקאות בע""\ם.",,,יח`,1.50,1 ליטר,false,1,7.20,4.60,true,1,
7290000136516,false,משקה בטעם מנגו פסיפלורה תריסר 1.5 ל' ג'אמפ,טמפו משקאות בע`מ,,,יח`,1.50,1 ליטר,false,1,7.20,4.60,true,1,
7290000136523,false,ג`אמפ משקה קל ענבים 1.5 ליטר פיקדון,"טמפו משקאות בע""\ם.",,,יח`,1.50,1 ליטר,false,1,7.20,4.60,true,1,
7290000136561,false,משקה בטעם תות בננה תריסר 1.5 ל' ג'אמפ,"טמפו משקאות בע""\מ",,,יח`,1.50,1 ליטר,false,1,7.20,4.60,true,1,
7290000136585,false,משקה בטעם תפוזים תריסר 1.5 ל' ג'אמפ,"טמפו משקאות בע""\ם.",,,יח`,1.50,1 ליטר,false,1,7.20,4.60,true,1,
7290000136646,false,בירה נשר מאלט ללא אלכוהול 1.5 ליטר,"טמפו משקאות בע""\מ",,,יח`,1.50,1 ליטר,false,1,8.90,5.73,true,1,
7290000136653,false,בירה שחורה נשר מאלט דיאט בקבוק 1.5ל`,"טמפו משקאות בע""\מ",,,יח`,15,"100 מ""ל",false,1,8.90,0.57,false,1,
7290000136790,false,טמפו מי סודה 6*1.5 ליטר פיקדון,"טמפו משקאות בע""\מ",,,יח`,9,1 ליטר,false,1,17.90,1.79,false,1,
7290000136806,false,סודה בטעם לימון ליים 1.5 רביעייה רביעייה,טמפו משקאות בע`מ,,,יח`,6,1 ליטר,false,1,11.90,1.78,false,1,
7290000136813,false,סודה בטעם אננס מארז רביעייה 1.5 ל' טמפו,טמפו משקאות בע''מn\,,,יח`,6,1 ליטר,false,1,11.90,1.78,false,1,
7290000136820,false,סודה בטעם פירות יער מארז ריבעיה * 1.5 ל' טמפו,טמפו משקאות בע''מn\,,,יח`,6,1 ליטר,false,1,11.90,1.78,false,1,
7290000136844,false,מארז מים מזוככים אקווה נובה שישיית 2 ליטר,"טמפו משקאות בע""\מ",,,יח`,12,1 ליטר,false,1,12.90,0.93,false,1,
7290000136868,false,סאן בנדטו - מים מינרלים - מארז שישיית 1.5 ליטר,אקווה מינרלה סאן בנדטו ב,,,יח`,9,1 ליטר,false,1,18.90,1.90,true,1,
7290000136875,false,שישיית מים מינרליים מוגזים סן בנדטו 1.5 ליטר,סאן בנדטו San Benedetto,,,יח`,9,1 ליטר,false,1,19.90,2.01,false,1,
7290000137643,false,שלגוני טעמקור בטעם שוקו וניל שטראוס 8*50 גרם,"גלידת שטראוס בע""\מ, רחוב",,,יח`,1,,false,1,37.90,37.90,false,1,
7290000144467,false,שמן חמניות מועשר בנוגדי חמצון 1 ל' עץ הזית,"נארז ע""י : א.ג. גילר",,,יח`,1,1 ליטר,false,1,16.90,16.90,true,1,
7290000144474,false,שמן עץ הזית קנולה 1 ליטר בריאות מהטבע,סוגת תעשיות בעמ,,,יח`,1,1 ליטר,false,1,15.90,15.90,true,1,
7290000146652,false,הוואי - סבון מוצק ורוד רומנטי 100 גרם רביעייה,טרופיקל דגיל קוסמטיק,,,יח`,4,100 גרם,false,1,11.90,2.98,false,1,
7290000146683,false,הוואי - סבון מוצק אפקט דאודורנט 100 גרם רביעייה,טרופיקל דגיל קוסמטיק,,,יח`,4,100 גרם,false,1,11.90,2.98,false,1,
7290000146928,false,"משחת שיניים לילדים בטעם ענבים טום וג'רי 50 מ""ל",טרופיקל דגיל קוסמטיק,,,יח`,0.60,100 גרם,false,1,8.90,14.83,true,1,
7290000149615,false,רביעיית סבון מוצק קלאסי לתינוק נקה 7 4*100 גרם,החברה הדרומית לשיווק בעמ,,,יח`,4,100 גרם,false,1,10.90,2.73,true,1,
7290000149905,false,טקסטיל שמפו נוזלי לאריגים עדינים1ליט,החברה הדרומית לשיווק בעמ,,,יח`,1,1 ליטר,false,1,12.90,12.90,false,1,
7290000149943,false,טקסטיל שמפו לכביסה ביד שקית 1 ליטר,החברה הדרומית לשיווק בעמ,,,יח`,1,"ק""ג",false,1,12.90,12.90,false,1,
7290000153469,false,קציצות עוף קלאסיות 100% רכיבים טבעיים,קבוצת אסם סחר שות. מוגבלת,,,יח`,6,100 גרם,false,1,28.90,4.82,true,1,
7290000158105,false,שניצל עוף מיני דינוזאור ללא אנטיביוטיקה מ100% ר.טבעי,קבוצת אסם סחר שות. מוגבלת,,,יח`,7,100 גרם,false,1,34.90,4.99,true,1,
7290000166605,false,סיף פנטסטיק ניקיון כללי יסמין 4ליטר,יוניליוור ישראל שיווק בע`מ,,,יח`,4,"ק""ג",false,1,24.90,6.23,true,1,
7290000168630,false,קליק שקיות דג דג שוקלד חלבי דצ,יוניליוור ישראל שיווק בעמ,,,יח`,0.75,100 גרם,false,1,6.50,8.67,true,1,
7290000169798,false,"עוגי מופחת סוכר 20% פצפוצי שוקו' 500ג' בד""צ",יוניליוור ישראל שיווק בע`מ,,,יח`,5,100 גרם,false,1,18.90,3.78,true,1,
7290000174723,false,שוקולית אבקה להכנת משקה שוקו 500 גרם,הנסיך- מפעל לייצור ט,,,יח`,5,100 גרם,false,1,11.90,2.38,false,1,
7290000176062,false,קפה טורקי בשקית 100 ג' עלית,שטראוס קפה בי.ויn\.,,,יח`,1,100 גרם,false,1,8.90,8.90,false,1,
7290000176079,false,קפה טורקי עם הל עלית (100 גרם),הנסיך- מפעל לייצור ט,,,יח`,1,100 גרם,false,1,8.90,8.90,false,1,
7290000176413,false,קפה נמס עלית פחית 50 גרם,הנסיך- מפעל לייצור ט,,,יח`,0.50,100 גרם,false,1,9.90,19.80,false,1,
7290000176420,false,קפה נמס פחית עלית 200 גרם,פיקסל אם.גי.אם בעמ,,,יח`,2,100 גרם,false,1,19.90,9.95,false,1,
7290000176475,false,קפה נמס נטול קפאין האג עלית (200 גרם),שטראוס גרופ בע`מ,,,יח`,2,100 גרם,false,1,34.90,17.45,false,1,
7290000178707,false,חטיף צ`יפס בטעם טבעי תפוצ`יפס (50 גרם),"שטראוס פריטו ליי בע""\מ )",,,יח`,0.50,100 גרם,false,1,3.90,7.80,false,1,
7290000178721,false,חטיף צ`יפס בטעם טבעי תפוצ`יפס (200 גרם),"שטראוס פריטו ליי בע""\מ )",,,יח`,2,100 גרם,false,1,10.90,5.45,true,1,
7290000186535,false,נייר טואלט תלת שכבתי לבן לילי 32 יחידות,קימברלי קלארק ישראל שיווק בעמ,,,יח`,1,,false,1,44.90,44.90,false,1,
7290000187952,false,לילי טריפל קומפורט ורוד נ.טואלט 32 גלילי,קימברלי קלארק ישראל שיווק בעמ,,,יח`,1,,false,1,44.90,44.90,false,1,
7290000188591,false,קוטקס מגן תחתון יאנג ביג 60 יחידות,קימברלי קלארק ישראל שיווק בעמ,,,יח`,1,יח`,false,1,15.90,15.90,false,1,
7290000189116,false,תבניות עגולות חזקות ועבות ניקול 5 יחידות,קימברלי קלארק ישראל שיווק בעמ,,,יח`,1,,false,1,10.90,10.90,false,1,
7290000189192,false,סופר מטלית מטליות נייר רב פעמיות ניקול 64 יחידות,קימברלי קלארק ישראל שיווק בעמ,,,יח`,1,יח`,false,1,19.90,19.90,false,1,
7290000189277,false,תבניות מלבניות עבות וחזקות ניקול 3 יחידות,קימברלי קלארק ישראל שיווק בעמ,,,יח`,1,,false,1,10.90,10.90,false,1,
7290000189598,false,מטליות לחות חד פעמיות לניקוי כללי 50 יח' ניקול,קימברלי קלארק ישראל שיווק בעמ,,,יח`,1,יח`,false,1,12.90,12.90,true,1,
7290000189659,false,מטליות לחות לרצפה ניקול 10 יח'-מרכז,קימברלי קלארק ישראל שיווק בעמ,,,יח`,1,יח`,false,1,14.90,14.90,true,1,
7290000189734,false,מטליות לחות לניקוי פרקט ניקול 10 יחידות,קימברלי קלארק ישראל שיווק בעמ,,,יח`,1,,false,1,22.90,22.90,true,1,
7290000190150,false,מפיות מודפסות תלת שכבתיות ניקול 20 יחידות,קימברלי קלארק ישראל שיווק בעמ,,,יח`,1.02,100 גרם,false,1,9.90,9.71,false,1,
7290000190198,false,מטליות לחות לניקוי וחיטוי 99.9% ניקול 50 יחידה,קימברלי קלארק ישראל שיווק בעמ,,,יח`,1,,false,1,11.90,11.90,true,1,
7290000190853,false,לילי פיור נייר טואלט דו שכבתי לבן 30 גלילים,קימברלי קלארק ישראל שיווק בעמ,,,יח`,23,100 גרם,false,1,39.90,1.73,false,1,
7290000191225,false,חיתולים ליטל בייביז מידה 2 האגיס 46 יחידות,קימברלי קלארק ישראל שיווק בעמ,,,יח`,1,,false,1,34.90,34.90,false,1,
7290000193014,false,מגן תחתון פדיות אינטרלוד לילי 50 יחידות,קימברלי קלארק ישראל שיווק בעמ,,,יח`,1,,false,1,10.90,10.90,false,1,
7290000193083,false,נובה-לי תחבושות היגייניות לילי 28 יחידות,קימברלי קלארק ישראל שיווק בעמ,,,יח`,1,,false,1,10.90,10.90,false,1,
7290000193649,false,תחבושות עם כנפיים נורמל פלוס לילי 24 יחידות,קימברלי קלארק ישראל שיווק בעמ,,,יח`,1,יח`,false,1,15.90,15.90,false,1,
7290000193656,false,תחבושות עם כנפיים סופר פלוס לילי 24 יחידות,קימברלי קלארק ישראל שיווק בעמ,,,יח`,1,יח`,false,1,15.90,15.90,false,1,
7290000194288,false,האגיס משטחי החתלה חד פעמיים 10יח`,קימברלי קלארק ישראל שיווק בעמ,,,יח`,1,,false,1,25.90,25.90,false,1,
7290000194837,false,ניקול - שקיות מזון + ידיות קשירה אקסטרה לארג' 200 יח',קימברלי קלארק ישראל שיווק בעמ,,,יח`,1,,false,1,13.90,13.90,true,1,
7290000195216,false,נייר אפייה בשקית ניקול 50 יחידות,קימברלי קלארק ישראל שיווק בעמ,,,יח`,1,,false,1,9.90,9.90,false,1,
7290000195537,false,האגיס - מגבוני האגיס דיילי קר לא מבושם 64 יח' * 4,קימברלי קלארק ישראל שיווק בעמ,,,יח`,1,,false,1,19.90,19.90,false,1,
7290000195773,false,האגיס - מגבוני האגיס סנסטיב קר לא מבושם 64 יח' * 4,קימברלי קלארק ישראל שיווק בעמ,,,יח`,1,,false,1,19.90,19.90,false,1,
7290000196763,false,"שקיות אשפה חזקות במיוחד עם שרוך 52 * 65 ס""מ ניקול 40 יחידות",קימברלי קלארק ישראל שיווק בעמ,,,יח`,1,יח`,false,1,28.90,28.90,true,1,
7290000197029,false,שקיות ריצ'רץ' רב תכליתיות ניקול 12 יחידות,קימברלי קלארק ישראל שיווק בעמ,,,יח`,12,יח`,false,1,14.90,1.24,false,1,
7290000197340,false,"רדיד אלומניום ארוך 45 ס""מ רוחב ניקול 7.5 מטר",קימברלי קלארק ישראל שיווק בעמ,,,יח`,1,יח`,false,1,19.90,19.90,true,1,
7290000197425,false,חיתולים פרידום דריי שלב 3 האגיס 52 יחידות,קימברלי קלארק ישראל שיווק בעמ,,,יח`,1,,false,1,41.90,41.90,false,1,
7290000197463,false,חיתולים פרידום דריי שלב +4 האגיס 40 יחידות,קימברלי קלארק ישראל שיווק בעמ,,,יח`,1,,false,1,41.90,41.90,false,1,
7290000197470,false,שקיות רב שימושיות מתכלות ניקול 250 יחידות,קימברלי קלארק ישראל שיווק בעמ,,,יח`,200,יח`,false,1,14.90,0.07,false,1,
7290000197548,false,חיתולים פרידום דריי שלב 5 האגיס 36 יחידות,קימברלי קלארק ישראל שיווק בעמ,,,יח`,1,,false,1,41.90,41.90,false,1,
7290000197678,false,חיתולי האגיס פרידום דריי שלב 6 30 יחידות,קימברלי קלארק ישראל שיווק בעמ,,,יח`,1,,false,1,41.90,41.90,false,1,
7290000197753,false,ניילון נצמד אנטי בטקריאלי ניקול 30X2מ',קימברלי קלארק ישראל שיווק בעמ,,,יח`,1,יח`,false,1,13.90,13.90,true,1,
7290000197876,false,תבניות אלומיניום קטנות עם מכסה ניקול 4 יחידות,קימברלי קלארק ישראל שיווק בעמ,,,יח`,1,,false,1,10.90,10.90,false,1,
7290000197883,false,תבנית אלומיניום 100 גדולה ניקול 4 יחידות,קימברלי קלארק ישראל שיווק בעמ,,,יח`,1,יח`,false,1,9.90,9.90,false,1,
7290000197982,false,"רדיד אלומיניום עבה 45 ס""מ רוחב ניקול 2 יח' 7.5 מטר",קימברלי קלארק ישראל שיווק בעמ,,,יח`,2,יח`,false,1,24.90,12.45,true,1,
7290000199313,false,תחבושות עם כנפיים נורמל פלוס קוטקס 30 יחידות,קימברלי קלארק ישראל שיווק בעמ,,,יח`,1,,false,1,19.90,19.90,true,1,
7290000201818,false,טיטולים פרימיום שלב 2 52 יחידות,קימברלי קלארק ישראל שיווק בעמ,,,יח`,1,,false,1,39.90,39.90,true,1,
7290000201849,false,חיתולי פרימיום שלב 4 טיטולים) (40,קימברלי קלארק ישראל שיווק בעמ,,,יח`,1,,false,1,39.90,39.90,true,1,
7290000201856,false,חיתולי פרימיום שלב 4+ טיטולים) (38,קימברלי קלארק ישראל שיווק בעמ,,,יח`,1,,false,1,39.90,39.90,true,1,
7290000201863,false,חיתולי פרימיום שלב 5 טיטולים) (34,קימברלי קלארק ישראל שיווק בעמ,,,יח`,1,,false,1,39.90,39.90,true,1,
7290000201870,false,חיתולי פרימיום שלב 6 טיטולים) (30,קימברלי קלארק ישראל שיווק בעמ,,,יח`,1,,false,1,39.90,39.90,true,1,
7290000204086,false,ניקול כרית קרצוף מארז שלישייה,קימברלי קלארק ישראל שיווק בעמ,,,יח`,3,יח`,false,1,12.90,4.30,true,1,
7290000204147,false,רביעיית כרית יפנית עבה ניקול 4 יחידות,קימברלי קלארק ישראל שיווק בעמ,,,יח`,4,יח`,false,1,12.90,3.23,true,1,
7290000204215,false,שישיית כרית יפנית ניקול 6 יחידות,קימברלי קלארק ישראל שיווק בעמ,,,יח`,6,100 גרם,false,1,12.90,2.15,true,1,
7290000204239,false,ניקול מטליות ריצפה רביעיה,קימברלי קלארק ישראל שיווק בעמ,,,יח`,4,יח`,false,1,13.90,3.48,true,1,
7290000204253,false,מטליות רב שימושיות לניקיון ניקול 9 יחידות,קימברלי קלארק ישראל שיווק בעמ,,,יח`,9,יח`,false,1,12.90,1.43,true,1,
7290000204512,false,מטליות לחות לניקוי רצפה בריח לימון ניקול 10 יחידות,קימברלי קלארק ישראל שיווק בעמ,,,יח`,1,,false,1,14.90,14.90,true,1,
7290000204611,false,שישיית ספוגית הקסם ניקול 6 יחידות,קימברלי קלארק ישראל שיווק בעמ,,,יח`,6,יח`,false,1,11.90,1.98,true,1,
7290000207063,false,רסק עגבניות פריכוז 28% 240 גרם יכין,היינץ צפון אמריקה מק,,,יח`,2.40,100 גרם,false,1,4.90,2.04,false,1,
7290000207162,false,רוטב עגבניות מרכיב טבעי 100 ג' יכין,זנלכול יכין,,,יח`,1,100 גרם,false,1,2.50,2.50,true,1,
7290000207438,false,עגבניות מקולפות חתוכות לקוביות,זנלכול יכין,,,יח`,8,100 גרם,false,1,9.90,1.24,false,1,
7290000208022,false,עגבניות 2.5 A מרוסקות 850 גרם יכין,זנלכול יכין,,,יח`,8,100 גרם,false,1,9.90,1.24,false,1,
7290000208077,false,אפונת גינה גדולה יכין (550 גרם),זנלכול יכין,,,יח`,5.50,100 גרם,false,1,8.50,1.55,true,1,
7290000208114,false,"אפונה וגזר יכין A2 פ""ק בית יוסף",זנלכול יכין,,,יח`,5.50,100 גרם,false,1,8.50,1.55,true,1,
7290000208138,false,סירופ דיאט בטעם ענבים יכין (1 ליטר),זנלכול יכין,,,יח`,10,"100 מ""ל",false,1,16.90,1.69,false,1,
7290000208176,false,תפוחי אדמה קלופים יכין (550 גרם),"זנלכל בע""מ",,,יח`,5.50,100 גרם,false,1,9.50,1.73,false,1,
7290000208213,false,שעועית לבנה אפויה A2 ברוטב עגבניות יכין 560ג',היינץ צפון אמריקה מק,,,יח`,5.80,100 גרם,false,1,9.50,1.64,true,1,
7290000208220,false,שעועית צ`ילי מקסיקני חריף יכין (550 גרם),היינץ צפון אמריקה מק,,,יח`,5.80,100 גרם,false,1,10.50,1.81,false,1,
7290000208312,false,גרעיני תירס מתוק בואקום יכין 400 גר',"זנלכל בע""\מ",,,יח`,4,100 גרם,false,1,6.50,1.63,true,1,
7290000208329,false,גרעיני תירס מתוק יכין (550 גרם),זנלכול יכין,,,יח`,5.50,100 גרם,false,1,8.50,1.55,true,1,
7290000208336,false,רסק יכין 240גר 22% יכין בית יוסף,"זנלכל בע""\מ",,,יח`,2.40,100 גרם,false,1,4.50,1.88,true,1,
7290000208343,false,עגבניות מרוסקות שום יכין A2.5 בית יוסף,היינץ צפון אמריקה מק,,,יח`,8,100 גרם,false,1,9.90,1.24,false,1,
7290000208428,false,גרגרי חומוס שלם 550 גרם יכין,היינץ צפון אמריקה מק,,,יח`,5.50,100 גרם,false,1,9.50,1.73,true,1,
7290000208480,false,גרעיני תירס מתוק בטעם חמאה 550 גרם יכין,זנלכול יכין,,,יח`,5.50,100 גרם,false,1,9.90,1.80,false,1,
7290000208534,false,תירס קיד גרעיני תירס מתוק יכין (550 גרם),זנלכול יכין,,,יח`,5.50,100 גרם,false,1,9.90,1.80,false,1,
7290000208800,false,תירס קיד גרעיני תירס מתוק יכין (400 גרם),זנלכול יכין,,,יח`,3.40,100 גרם,false,1,6.50,1.91,false,1,
7290000208855,false,רוטב לפסטה קלאסי יכין (240 גרם),זנלכול יכין,,,יח`,2.40,100 גרם,false,1,5.50,2.29,false,1,
7290000208893,false,גרעיני תירס מתוק לייט 400 גרם יכין,היינץ צפון אמריקה מק,,,יח`,3.40,100 גרם,false,1,6.50,1.91,true,1,
7290000208930,false,עגבניות מרוסקות בתוספת שום 240 גרם יכין,זנלכול יכין,,,יח`,2.40,100 גרם,false,1,5.50,2.29,false,1,
7290000208978,false,רוטב עגבניות (10028% גרם)פריכוז יכין,זנלכול יכין,,,יח`,1,100 גרם,false,1,3,3,false,1,
7290000209012,false,חומץ 1ליטר יכין הדרים,"זנלכל בע""\מ",,,יח`,1,1 ליטר,false,1,6.90,6.90,true,1,
7290000209043,false,מיץ לימון משומר לתיבול יכין (1 ליטר),היינץ צפון אמריקה מק,,,יח`,1,1 ליטר,false,1,7.50,7.50,true,1,
7290000209173,false,חומצה אצטית למזון 5% יכין 1 ליטר,זנלכול יכין,,,יח`,10,100 גרם,false,1,4.90,0.49,false,1,
7290000209371,false,מארז גרעיני תירס מתוק יכין (200x3 גרם),היינץ צפון אמריקה מק,,,יח`,6,100 גרם,false,1,14.90,2.48,false,1,
7290000209388,false,תירס מתוק לייט יכין 200 גרם מארז 3 יח',זנלכול יכין,,,יח`,1.65,100 גרם,false,1,14.90,9.03,false,1,
7290000209524,false,סירופ דיאט בטעם פטל יכין (1 ליטר),זנלכול יכין,,,יח`,10,"100 מ""ל",false,1,16.90,1.69,false,1,
7290000209531,false,סירופ דיאט בטעם אשכוליות יכין 1 ליטר,"זנלכל בע""\מ",,,יח`,10,"100 מ""ל",false,1,16.90,1.69,false,1,
7290000209708,false,עגבניות מרוסקות עם בזיליקום 240 גרם יכין,היינץ צפון אמריקה מק,,,יח`,2.40,100 גרם,false,1,5.50,2.29,false,1,
7290000209722,false,רוטב עגבניות 28% יכין (580 גרם)פריכוז,"זנלכל בע""\מ",,,יח`,5.80,100 גרם,false,1,10.90,1.88,false,1,
7290000209906,false,עגבניות מרוסקות בתוספת בצל 240 גרם יכין,זנלכול יכין,,,יח`,2.40,100 גרם,false,1,5.50,2.29,false,1,
7290000209913,false,עגבניות חתוכות לקוביות 240 גרם יכין,"זנלכל בע""\מ",,,יח`,2.40,100 גרם,false,1,5.50,2.29,false,1,
7290000209944,false,רוטב לעגבניות בסיס לשקשוקה 240 ג' יכין,"זנלכל בע""\מ",,,יח`,2.40,100 גרם,false,1,5.50,2.29,false,1,
7290000209951,false,רוטב עגבניות לפיצה 260 גרם יכין,"זנלכל בע""\מ",,,יח`,2.40,100 גרם,false,1,5.50,2.29,false,1,
7290000209968,false,רוטב עגבניות ללזניה 260 גרם יכין,זנלכול יכין,,,יח`,2.40,100 גרם,false,1,5.50,2.29,false,1,
7290000210896,false,רוטב לפסטה בולונז 240 גרם יכין,זנלכול יכין,,,יח`,2.40,100 גרם,false,1,5.90,2.46,false,1,
7290000211169,false,"אורז תאילנדי אחד אחד סוגת 1 ק""ג",האי נאם סי או אל.טי.,,,יח`,1,"ק""ג",false,1,6.90,6.90,true,1,
7290000211312,false,סוגת אורז מלא פרסי אחד אחד 1 קג,האי נאם סי או אל.טי.,,,יח`,1,"ק""ג",false,1,7.90,7.90,false,1,
7290000211381,false,"סוכר חום כהה בשקית סוגת 1 ק""ג","טונגט היולט שוגר בע""",,,יח`,1,"ק""ג",false,1,14.90,14.90,true,1,
7290000211442,false,אורז בסגנון פרסי קלאסי סוגת (1 קג),האי נאם סי או אל.טי.,,,יח`,1,"ק""ג",false,1,10.90,10.90,false,1,
7290000211503,false,סוכר לבן ארוז בשקית,"סוגת תעשיות בע""\מ",,,יח`,1,"ק""ג",false,1,3.90,3.90,false,1,
7290000211985,false,אורז עגול ריזוטו אחד אחד 1 קג,"סוגת תעשיות בע""\מ",,,יח`,1,"ק""ג",false,1,9.90,9.90,true,1,
7290000226576,false,"עוגת טורט מצופה שוקולד קפולסקי 1 ק""ג",תופינים מקבוצת קפולסקי,,,יח`,10,100 גרם,false,1,64.90,6.49,false,1,
7290000238029,false,"בצק עלים צרפתי מרודד מעדנות 1 ק""ג",תנובה מרכז שיתופי לשיווק תוצרת,,,יח`,10,100 גרם,false,1,21.90,2.19,true,1,
7290000238036,false,מלאווח מעדנות 6 יח`700 גרם קפוא,תנובה מרכז שיתופי לשיווק תוצרת,,,יח`,7,100 גרם,false,1,16.90,2.41,true,1,
7290000238173,false,.בורקס במילוי גבינה 800 גרם מעדנות,מיוצר עי קונדיטוריית,,,יח`,8,100 גרם,false,1,20.90,2.61,true,1,
7290000238180,false,בורקס במילוי תפוא 800 גרם מעדנות,מיוצר עי קונדיטוריית,,,יח`,8,100 גרם,false,1,19.90,2.49,true,1,
7290000245072,false,סוד מרכך כביסה בייבי סנסטיב 4 ליטר,גורי שיווק בעמ,,,יח`,4,1 ליטר,false,1,16.90,4.23,false,1,
7290000245287,false,"פרסיל אבקת כביסה 1.250 ק""ג קולור ויניגר",גורי שיווק בעמ,,,יח`,1.25,"ק""ג",false,1,14.90,11.92,false,1,
7290000245782,false,סוד סופט מרכך כביסה ורוד 4 ליטר,גורי שיווק בעמ,,,יח`,4,1 ליטר,false,1,16.90,4.23,false,1,
7290000253220,false,שוקולדצ`יפס לאפייה 260 גר`אופנהיימר,תה ויסוצקי (ישראל) בעמ,,,יח`,2.60,100 גרם,false,1,10.90,4.19,false,1,
7290000253251,false,נטיפי שוקולד צ`יפס לבן לאפיה 250 גרם,תה ויסוצקי (ישראל) בעמ,,,יח`,2.50,100 גרם,false,1,12.90,5.16,true,1,
7290000263359,false,חיתולים ליטל בייביז מידה 1 האגיס 40 יחידות,קימברלי קלארק ישראל שיווק בעמ,,,יח`,1,,false,1,34.90,34.90,false,1,
7290000267043,false,שקדים מולבנים פרוסים השף 100 גרם,דין שיווק וקליה 2021 בעמ,,,יח`,1,100 גרם,false,1,9.90,9.90,true,1,
7290000272696,false,מיץ לימון טבעי משומר 1 ליטר עסיס כלפ,קבוצת אוסם סחר שותפות מוגבלת,,,יח`,1,1 ליטר,false,1,9.90,9.90,false,1,
7290000272726,false,חומץ רכיבים רכיבים טבעיים 5% עסיס 1 ליטר,קבוצת אוסם סחר שותפות מוגבלת,,,יח`,1,1 ליטר,false,1,7.90,7.90,false,1,
7290000284392,false,ספרייט דיאט 1.5 ליטר,החברה המרכזית להפצת משקאות בעמ,,,יח`,1.50,1 ליטר,false,1,6.90,4.60,false,1,
7290000286228,false,ספוגיות לניקוי כללי סנו סושי 6 יחידות,החברה הדרומית לשיווק בעמ,,,יח`,6,יח`,false,1,11.90,1.98,true,1,
7290000286297,false,"אנטי קאלק מסיר אבנית מקומקום סנו 700 מ""ל",החברה הדרומית לשיווק בעמ,,,יח`,7,"100 מ""ל",false,1,9.90,1.41,false,1,
7290000286549,false,מטליות לניקוי כללי סנו סושי 9 יחידות,החברה הדרומית לשיווק בעמ,,,יח`,9,יח`,false,1,11.90,1.32,true,1,
7290000286594,false,אבקה לניקוי במיכל לימון X סנו 600 גרם,החברה הדרומית לשיווק בעמ,,,יח`,6,100 גרם,false,1,9.90,1.65,false,1,
7290000286761,false,ניילון נצמד סנו סושי פלסטיק מארז 30X2 מ',החברה הדרומית לשיווק בעמ,,,יח`,1,,false,1,11.90,11.90,true,1,
7290000286891,false,שמפו לרצפה מגן קריסטל סנו (1 ליטר),החברה הדרומית לשיווק בעמ,,,יח`,10,"100 מ""ל",false,1,25.90,2.59,false,1,
7290000286921,false,סנוקל רסס וכבס תרסיס אקדח 750 מ``ל,החברה הדרומית לשיווק בעמ,,,יח`,7.50,"100 מ""ל",false,1,12.90,1.72,true,1,
7290000287102,false,סנו שטיחים קצף לניקוי שטיחים 600 סמק,החברה הדרומית לשיווק בעמ,,,יח`,6,"100 מ""ל",false,1,19.90,3.32,false,1,
7290000287409,false,"שלישיית סנובון תות לאסלה ""סנו""",החברה הדרומית לשיווק בעמ,,,יח`,1.65,100 גרם,false,1,11.90,7.21,true,1,
7290000287485,false,"שלישיית סנובון לובר לאסלה ""סנו""",החברה הדרומית לשיווק בעמ,,,יח`,1.65,100 גרם,false,1,11.90,7.21,true,1,
7290000287492,false,"סנובון נוזל לניקוי אסלות בריח לימון סנו 750 מ""ל",החברה הדרומית לשיווק בעמ,,,יח`,7.50,"100 מ""ל",false,1,10.90,1.45,true,1,
7290000288017,false,אקונומיקה בריח לימון סנו ז'אוול 1 ליטר,החברה הדרומית לשיווק בעמ,,,יח`,1,1 ליטר,false,1,8.90,8.90,false,1,
7290000288024,false,סנו - ז'אוול אקונומיקה בריח לימון 4 ליטר,החברה הדרומית לשיווק בעמ,,,יח`,40,"100 מ""ל",false,1,16.90,0.42,false,1,
7290000288048,false,ז`אוול מרסס לניקוי כללי לבנדר סנו (1 ליט,החברה הדרומית לשיווק בעמ,,,יח`,1,1 ליטר,false,1,18.90,18.90,true,1,
7290000288079,false,סנו - ז'אוול אקונומיקה לימון 2 ליטר,החברה הדרומית לשיווק בעמ,,,יח`,2,1 ליטר,false,1,9.90,4.95,false,1,
7290000288109,false,"אבקת כביסה מקסימה אפקט ג''אוול 1.25 ק""ג סנו",החברה הדרומית לשיווק בעמ,,,יח`,1.25,"ק""ג",false,1,13.90,11.12,true,1,
7290000288291,false,סנומט דוחה יתושים לוחיות אידוי 30 יחידות,החברה הדרומית לשיווק בעמ,,,יח`,1,,false,1,13.90,13.90,true,1,
7290000288352,false,"קוטל חרקים וזוחלים K-300 סנו 630 מ""ל",החברה הדרומית לשיווק בעמ,,,יח`,6.30,"100 מ""ל",false,1,21.90,3.48,true,1,
7290000288413,false,סנו-די דוחה יתושים כדורי סנו (50 מל),החברה הדרומית לשיווק בעמ,,,יח`,0.50,"100 מ""ל",false,1,19.90,39.80,false,1,
7290000288444,false,סנו די נוזל להגנה מיתושים 50 מ``ל,החברה הדרומית לשיווק בעמ,,,יח`,0.50,"100 מ""ל",false,1,22.90,45.80,true,1,
7290000288642,false,מקסימה מרכך כביסה סנסיטיב בייבי סנו 4 ליטר,החברה הדרומית לשיווק בעמ,,,יח`,4,1 ליטר,false,1,19.90,4.98,true,1,
7290000288659,false,"סנו - די רולאון דוחה יתושים ג'ונגל 50 מ""ל",החברה הדרומית לשיווק בעמ,,,יח`,0.50,"100 מ""ל",false,1,19.90,39.80,false,1,
7290000288727,false,סנו מקסימה אבקת כביסה מאסק מילוי 1.25,החברה הדרומית לשיווק בעמ,,,יח`,1.25,"ק""ג",false,1,13.90,11.12,true,1,
7290000289069,false,סנו - ז'אוול מרסס קצף ניקוי בתוספת אקונומיקה בריח לימון 1 ליטר,החברה הדרומית לשיווק בעמ,,,יח`,1,1 ליטר,false,1,18.90,18.90,true,1,
7290000289380,false,ז`אוול מונטבלאן ג`ל לאסלות סנו (750 מל),החברה הדרומית לשיווק בעמ,,,יח`,7.50,"100 מ""ל",false,1,10.90,1.45,false,1,
7290000289472,false,סנו סושי רב שקית שקיות אשפה90*76 50י,החברה הדרומית לשיווק בעמ,,,יח`,1,,false,1,17.90,17.90,false,1,
7290000289595,false,"אורביטול משחת שיניים לילדים בטעם תות שדה 145 מ""ל",טרופיקל דגיל תעשיות קוסמ,,,יח`,1.45,100 גרם,false,1,7.90,5.45,false,1,
7290000289748,false,"מסיר שומנים לתנורים פורטה פלוס סנו 750 מ""ל",החברה הדרומית לשיווק בעמ,,,יח`,7.50,"100 מ""ל",false,1,13.90,1.85,true,1,
7290000289885,false,"מטהר אוויר ענק אושנבריז סנו פרש 375 מ""ל",החברה הדרומית לשיווק בעמ,,,יח`,3.75,"100 מ""ל",false,1,10.90,2.91,true,1,
7290000289915,false,"סנו פרש ענק קוקו וניל צהוב 375 מ""ל",החברה הדרומית לשיווק בעמ,,,יח`,3.75,"100 מ""ל",false,1,10.90,2.91,true,1,
7290000291932,false,"סנובון נוזל לניקוי אסלה בניחוח לבנדר סנו 750 מ""ל",החברה הדרומית לשיווק בעמ,,,יח`,7.50,"100 מ""ל",false,1,10.90,1.45,true,1,
7290000291963,false,אקונומיקה סמיכה בריח לימון סנו ז'אוול 1 ליטר,החברה הדרומית לשיווק בעמ,,,יח`,1,1 ליטר,false,1,8.90,8.90,false,1,
7290000292533,false,סנו גל לניקוי כללי על בסיס שמן אורנים 1ל,החברה הדרומית לשיווק בעמ,,,יח`,1,1 ליטר,false,1,16.90,16.90,false,1,
7290000292557,false,סנומט מלוי נוזלי דוחה יתושים 45 לילות,החברה הדרומית לשיווק בעמ,,,יח`,1,,false,1,19.90,19.90,true,1,
7290000292564,false,סנו K-2000 תרסיס מיקרו קפסולרי ללא ריח 750 מ”ל,החברה הדרומית לשיווק בעמ,,,יח`,7.50,"100 מ""ל",false,1,29.90,3.99,false,1,
7290000292687,false,סנובון מוצק לניקוי אסלה קלאסיק כחול סנו 3 יחידות,החברה הדרומית לשיווק בעמ,,,יח`,1.65,100 גרם,false,1,17.90,10.85,true,1,
7290000292915,false,רסס ונגב לניקוי כללי תרסיס סנו (750 מל),החברה הדרומית לשיווק בעמ,,,יח`,7.50,"100 מ""ל",false,1,14.90,1.99,true,1,
7290000293073,false,מקסימה מרכך כביסה ביו לבן סנו 4 ליטר,החברה הדרומית לשיווק בעמ,,,יח`,4,1 ליטר,false,1,19.90,4.98,true,1,
7290000293530,false,שקית מילוי לסנו סופג לחות ומונע עובש,החברה הדרומית לשיווק בעמ,,,יח`,3.40,"100 מ""ל",false,1,11.90,3.50,false,1,
7290000293561,false,"תרסיס להסרת כתמי עובש עם אקונומיקה סנו 750 מ""ל",החברה הדרומית לשיווק בעמ,,,יח`,7.50,"100 מ""ל",false,1,14.90,1.99,true,1,
7290000293820,false,"קרמה מן שמפו וג'ל גל רחצה אקטיב בלוק 700מ""ל",החברה הדרומית לשיווק בעמ,,,יח`,7,"100 מ""ל",false,1,15,2.14,true,1,
7290000293943,false,"מרסס לבן מסיר אבנית 1 ליטר אנטי קאלק ""סנו""",החברה הדרומית לשיווק בעמ,,,יח`,1,1 ליטר,false,1,19.90,19.90,false,1,
7290000294391,false,נוזל לניקוי כללי בניחוח סחלבים סנו ג'ט 4 ליטר,החברה הדרומית לשיווק בעמ,,,יח`,4,1 ליטר,false,1,17.90,4.48,false,1,
7290000294773,false,אקונומיקה בריח לבנדר סנו ז'אוול 4 ליטר,החברה הדרומית לשיווק בעמ,,,יח`,40,"100 מ""ל",false,1,16.90,0.42,false,1,
7290000294780,false,אקונומיקה סמיכה בריח לימון סנו ז'אוול 4 ליטר,החברה הדרומית לשיווק בעמ,,,יח`,40,"100 מ""ל",false,1,16.90,0.42,false,1,
7290000295121,false,מטליות זיגזג סנו סושי לניקוי רצפות 3יח',החברה הדרומית לשיווק בעמ,,,יח`,1,,false,1,10.90,10.90,true,1,
7290000295299,false,סנו סושי כריות הפלא רב תכלתיות רביעייה,החברה הדרומית לשיווק בעמ,,,יח`,1,,false,1,10.90,10.90,true,1,
7290000295336,false,סנו מקסימה אבקת כביסה סנסטיב מילוי1.25,החברה הדרומית לשיווק בעמ,,,יח`,1.25,"ק""ג",false,1,13.90,11.12,true,1,
7290000295343,false,"אבקת כביסה מקסימה ביו 1.25 ק""ג סנו",החברה הדרומית לשיווק בעמ,,,יח`,1.25,"ק""ג",false,1,13.90,11.12,true,1,
7290000295367,false,"מקסימה אבקת כביסה אפקט ז'אוול סנו 2.5 ק""ג",החברה הדרומית לשיווק בעמ,,,יח`,2.50,"ק""ג",false,1,24.90,9.96,false,1,
7290000295404,false,שקיות אשפה עם שרוך 54 * 65 סנו סושי 60 יחידות,החברה הדרומית לשיווק בעמ,,,יח`,1,,false,1,22.90,22.90,true,1,
7290000295503,false,זוג שקיות מזון טבע 19*25 סנו סושי 150 יחידות,החברה הדרומית לשיווק בעמ,,,יח`,1,,false,1,14.90,14.90,false,1,
7290000295558,false,"רדיד אלומיניום רוחב 30 ס""מ סנו סושי 2 יח' 7.5 מטר",החברה הדרומית לשיווק בעמ,,,יח`,1,,false,1,11.90,11.90,true,1,
7290000295565,false,"רדיד אלומיניום רוחב 45 ס""מ סנו 2 יח' 7.5 מטר",החברה הדרומית לשיווק בעמ,,,יח`,1,,false,1,17.90,17.90,true,1,
7290000295572,false,"מארז זוגי מנקה אסלות 00 סנו 750 מ""ל",החברה הדרומית לשיווק בעמ,,,יח`,1.50,1 ליטר,false,1,16.90,11.27,false,1,
7290000295794,false,ספוגיות מתכת אל חלד לניקוי סנו 3 יחידות,החברה הדרומית לשיווק בעמ,,,יח`,1,,false,1,9.90,9.90,true,1,
7290000295824,false,"רדיד אלומיניום 30 ס""מ רוחב סנו סושי 100 מטר",החברה הדרומית לשיווק בעמ,,,יח`,1,,false,1,49.90,49.90,false,1,
7290000300900,false,שניצל תירס מרכיבים טבעיים טבעול 750 גרם,קבוצת אוסם סחר שותפות מוגבלת,,,יח`,7.50,100 גרם,false,1,24.90,3.32,false,1,
7290000305882,false,אס הרינג עם ירקות ברוטב עגבניות 120 גרם,דיפלומט מפיצים (1968) בעמ**,,,יח`,1.20,100 גרם,false,1,5.90,4.92,false,1,
7290000307800,false,פול ירוק מוקפא פרי גליל 800ג',ויטה -פרי גליל (החדשה) בעמ,,,יח`,8,100 גרם,false,1,9.90,1.24,false,1,
7290000311180,false,ופל ופליתעשיריות מן 250 גרם מארז 10 יחידות,ח.כהן סוכנות מזון ומשקאות בע,,,יח`,2.50,100 גרם,false,1,7.90,3.16,false,1,
7290000311203,false,"וופלים בטעם שוקולד ""מן"" 200 גרם",רוקחמן בעמ מפעל לייצור ופלים ו,,,יח`,2,100 גרם,false,1,4.90,2.45,false,1,
7290000311210,false,"וופלים בטעם לימון ""מן"" 200 גרם",רוקחמן בעמ מפעל לייצור ופלים ו,,,יח`,2,100 גרם,false,1,4.90,2.45,false,1,
7290000311227,false,"וופלים במילוי קרם קפה ""מן"" 200 גרם",ח.כהן סוכנות מזון ומשקאות בע,,,יח`,2,100 גרם,false,1,4.90,2.45,false,1,
7290000311234,false,וופל מן בטעם וניל 200 גרם,ח.כהן סוכנות מזון ומשקאות בע,,,יח`,2,100 גרם,false,1,4.90,2.45,false,1,
7290000311272,false,מן-וופלים במילוי חלווה 180 ג,מ.ד אטיאס סוכנויות מזון בע`מ,,,יח`,1.80,100 גרם,false,1,4.90,2.72,false,1,
7290000311319,false,"מן וופלים מצופים 10 יח' 1 ק""ג",רוקחמן בעמ מפעל לייצור ופלים ו,,,יח`,1,"ק""ג",false,1,25.90,25.90,false,1,
7290000311357,false,מן וופלים בטעם אגוזים 10*28 גר-נ.ל.פ,ח.כהן סוכנות מזון ומשקאות בע,,,יח`,2.80,100 גרם,false,1,11.90,4.25,false,1,
7290000311364,false,מן וופלים שוקולד טייק 1 מן 10*21 גרם,רוקחמן בעמ,,,יח`,2.10,100 גרם,false,1,7.90,3.76,false,1,
7290000311425,false,ופל מצופה עשיריות מן 220 גרם מארז 10 יחידות,רוקחמן בעמ מפעל לייצור ופלים ו,,,יח`,2,100 גרם,false,1,8.90,4.45,false,1,
7290000311463,false,מן עוגיות חיטה מלאה חמאה ללא סוכר 200 גרם,"רוקחמן בע""מ",,,יח`,2,100 גרם,false,1,9.90,4.95,false,1,
7290000311470,false,מיני ופלים בטעם שוקולד ללא סוכר מן 200 גרם,"רוקחמן בע""מ",,,יח`,2,100 גרם,false,1,9.90,4.95,false,1,
7290000311500,false,וופלים מן שוקו ללא כולסטרול 500 גרם,רוקחמן בעמ מפעל לייצור ופלים ו,,,יח`,5,100 גרם,false,1,9.90,1.98,false,1,
7290000311517,false,מן וופלים בטעם לימון 500 גרם,ח.כהן סוכנות מזון ומשקאות בע,,,יח`,5,100 גרם,false,1,9.90,1.98,false,1,
7290000311708,false,מן עוגיות מחיטה מלאה 300 גרם*נ.ל.פ,רוקחמן בעמ מפעל לייצור ופלים ו,,,יח`,3,100 גרם,false,1,7.90,2.63,true,1,
7290000311715,false,מן עוגיות כוכבים בטעם שוקולד 300 גרם*נ.ל.פ,רוקחמן בעמ מפעל לייצור ופלים ו,,,יח`,3,100 גרם,false,1,7.90,2.63,true,1,
7290000311722,false,מן עוגיות כוכבים וניל 300 גרם,רוקחמן בעמ מפעל לייצור ופלים ו,,,יח`,3,100 גרם,false,1,7.90,2.63,true,1,
7290000311746,false,עוגיות בטעם קרמל מן (300 גרם),"רוקחמן בע""מ",,,יח`,3,100 גרם,false,1,7.90,2.63,true,1,
7290000311753,false,עוגיות חיטה מלאה בטעם חלווה 250 גר' מן,רוקחמן בעמ מפעל לייצור ופלים ו,,,יח`,2.50,100 גרם,false,1,7.90,3.16,true,1,
7290000311845,false,מן עוגיות חיטה מלאה ללא תוספת סוכר 200 ג,רוקחמן בעמ מפעל לייצור ופלים ו,,,יח`,2,100 גרם,false,1,9.90,4.95,false,1,
7290000311869,false,מן וופלים שוקולד ללא תוספת סוכר 180 גר,רוקחמן בעמ מפעל לייצור ופלים ו,,,יח`,1.80,100 גרם,false,1,8.90,4.94,false,1,
7290000311876,false,מן-וופלים בטעם וניל ללא תוספת סוכר 180ג,"רוקחמן בע""מ",,,יח`,1.80,100 גרם,false,1,8.90,4.94,false,1,
7290000311883,false,עוגיות גרנולה ללא תוספת סוכר מן 200 גרם,רוקחמן בעמ מפעל לייצור ופלים ו,,,יח`,2,100 גרם,false,1,9.90,4.95,false,1,
7290000311890,false,מן וופל לימון ללא סוכר 180 גר-חדש,"רוקחמן בע""מ",,,יח`,1.80,100 גרם,false,1,8.90,4.94,false,1,
7290000313160,false,זהבה ושלושת הדובים עוגיות בטעם שוקולד אסם 350 גרם,קבוצת אוסם סחר שותפות מוגבלת,,,יח`,2.50,100 גרם,false,1,7.90,3.16,false,1,
7290000313290,false,אסם נודלס נודלס איטריות מסולסלות 200גר,קבוצת אוסם סחר שותפות מוגבלת,,,יח`,2,100 גרם,false,1,9.90,4.95,false,1,
7290000315126,false,קנור ציר עוף משחתי 300 ג,יוניליוור ישראל שיווק בע`מ,,,יח`,3,100 גרם,false,1,25.90,8.63,true,1,
7290000318127,false,נקניקיות ביס יחיעם (380 גרם),מעדני יחיעם (1993) בעמ,,,יח`,3.80,100 גרם,false,1,10.90,2.87,false,1,
7290000318479,false,נקניק פרושוטו בקר יחיעם 100 גרם,מעדני יחיעם ( 1993 ) בע`מ,,,יח`,1,100 גרם,false,1,25.90,25.90,false,1,
7290000318677,false,נקניק סלמי סרוולט יחיעם 150 גרם,מעדני יחיעם (1993) בעמ,,,יח`,1.50,100 גרם,false,1,24.90,16.60,false,1,
7290000318943,false,פסטרמה של פעם מעושן 1.5% יחיעם 200 גרם,מעדני יחיעם ( 1993 ) בע`מ,,,יח`,2,100 גרם,false,1,24.90,12.45,false,1,
7290000319063,false,כתף בקר מפולפל יחיעם 150 גרם,מעדני יחיעם (1993) בעמ,,,יח`,1.50,100 גרם,false,1,24.90,16.60,false,1,
7290000319124,false,סלמי סרוולט מאפ יחיעם 250 גרם,מעדני יחיעם ( 1993 ) בע`מ,,,יח`,2.50,100 גרם,false,1,34.90,13.96,false,1,
7290000319131,false,נקניקיות עוף יחיעם 400 גרם,מעדני יחיעם (1993) בעמ,,,יח`,4,100 גרם,false,1,10.90,2.73,true,1,
7290000319292,false,"נקניקיות וינר פלוס יחיעם 1 ק""ג",מעדני יחיעם (1993) בעמ,,,יח`,10,100 גרם,false,1,19.90,1.99,false,1,
7290000319520,false,נקניק סלמי צרפתי יחיעם 100 גרם,מעדני יחיעם (1993) בעמ,,,יח`,1,100 גרם,false,1,19.90,19.90,false,1,
7290000319803,false,קבנוס קלאסי יחיעם (125 גרם),מעדני יחיעם ( 1993 ) בע`מ,,,יח`,1.25,100 גרם,false,1,12.90,10.32,false,1,
7290000319834,false,קבנוס פפרוני יחיעם (125 גרם),מעדני יחיעם ( 1993 ) בע`מ,,,יח`,1.25,100 גרם,false,1,12.90,10.32,false,1,
7290000334325,false,ציפס למיקרו מארז שלישיה 125 ג' תפוגן,קבוצת אוסם סחר שותפות מוגבלת,,,יח`,3.80,100 גרם,false,1,13.90,3.66,false,1,
7290000339191,false,רן אבקת הלבנה לכביסה 350 גרם,יוניליוור ישראל שיווק בע`מ,,,יח`,3.50,100 גרם,false,1,17.90,5.11,false,1,
7290000339566,false,מרכך כביסה ורוד בדין (4 ליטר),יוניליוור ישראל שיווק בע`מ,,,יח`,4,1 ליטר,false,1,19.90,4.98,false,1,
7290000345048,false,תה עלים 74 פחית 125 גרם,תה ויסוצקי (ישראל) בעמ,,,יח`,1.25,100 גרם,false,1,13.10,10.48,false,1,
7290000345055,false,תה עלים ארל גריי ויסוצקי 100 גרם,תה ויסוצקי (ישראל) בעמ,,,יח`,1,100 גרם,false,1,13.90,13.90,false,1,
7290000345116,false,תה ירוק עלים ויסוצקי (125 גרם),תה ויסוצקי (ישראל) בעמ,,,יח`,1.25,100 גרם,false,1,14.90,11.92,false,1,
7290000345208,false,תה כחול קלאסיק ויסוצקי 25 יחידות,תה ויסוצקי (ישראל) בעמ,,,יח`,0.25,100 גרם,false,1,6.90,27.60,false,1,
7290000345260,false,תה קלאסיק מעטפות ויסוצקי 25 יחידות,תה ויסוצקי (ישראל) בעמ,,,יח`,0.3750,100 גרם,false,1,7.30,19.47,false,1,
7290000345284,false,תה ויסוצקי קלאסי אריזה ירוקה מרובעת (100 שקיקים),תה ויסוצקי (ישראל) בעמ,,,יח`,1.50,100 גרם,false,1,16.90,11.27,false,1,
7290000345291,false,תה ארל גרי 1.5/ 25 שקיקים ויסוצקי,תה ויסוצקי (ישראל) בעמ,,,יח`,0.3750,100 גרם,false,1,15.90,42.40,true,1,
7290000345307,false,תה ארל גרי 1.5/ 50 שקיקים ויסוצקי,תה ויסוצקי (ישראל) בעמ,,,יח`,0.75,100 גרם,false,1,27.90,37.20,true,1,
7290000346120,false,חליטת קינמון הגן הקסום ויסוצקי 25 יחידות,תה ויסוצקי (ישראל) בעמ,,,יח`,0.6250,100 גרם,false,1,17.50,28,true,1,
7290000346137,false,חליטת הילולי פירות הגן הקסום ויסוצקי 25 יחידות,תה ויסוצקי (ישראל) בעמ,,,יח`,0.6250,100 גרם,false,1,17.50,28,true,1,
7290000346199,false,חליטת פירות יער הגן הקסום ויסוצקי 25 יחידות,תה ויסוצקי (ישראל) בעמ,,,יח`,0.6750,100 גרם,false,1,17.50,25.93,true,1,
7290000346205,false,חליטת קמומיל הגן הקסום ויסוצקי 25 יחידות,תה ויסוצקי (ישראל) בעמ,,,יח`,0.3750,100 גרם,false,1,17.50,46.67,true,1,
7290000347738,false,תה ירוק בתוספת עלי נענע 25 שקיקים,תה ויסוצקי (ישראל) בעמ,,,יח`,0.3750,100 גרם,false,1,24.90,66.40,true,1,
7290000347752,false,תה ירוק לימונית ולואיזה 25 שקיקים *1.5 ג'' ויסוצקי,תה ויסוצקי (ישראל) בעמ,,,יח`,1,,false,1,24.90,24.90,true,1,
7290000363899,false,נקניקיות פיקנטיות טירת צבי 400 גרם,תנובה ענף ב.ע.ד,,,יח`,4,100 גרם,false,1,13.90,3.48,true,1,
7290000364285,false,דקניקים סלסולי פסטרמה הודו טירת צבי 120 גרם,תנובה מרכז שיתופי לשיווק תוצרת,,,יח`,1.20,100 גרם,false,1,15.90,13.25,true,1,
7290000364803,false,נקניקיות בקר אמריקאיות טירת צבי 500 גרם,הנסיך- מפעל לייצור ט,,,יח`,5,100 גרם,false,1,27.90,5.58,false,1,
7290000364810,false,נקניקיות עגל 500 גרםטירת צבי,הנסיך- מפעל לייצור ט,,,יח`,5,100 גרם,false,1,27.90,5.58,false,1,
7290000364858,false,"נקניקיות עוף טרי טירת צבי 1 ק""ג",הנסיך- מפעל לייצור ט,,,יח`,1,"ק""ג",false,1,23.90,23.90,true,1,
7290000364872,false,נקניקיות עוף טירת צבי (400 גרם),טיב טירת צבי 2000,,,יח`,4,100 גרם,false,1,13.90,3.48,true,1,
7290000364957,false,נקניקיות עוף מיני מיני טירת צבי 700 גרם,הנסיך- מפעל לייצור ט,,,יח`,7,100 גרם,false,1,27.90,3.99,false,1,
7290000367590,false,פסטרמה כפרית וסלמי פריזר כפרי טירת צבי 2*400 גרם,תנובה מרכז שיתופי לשיווק תוצרת,,,יח`,8,100 גרם,false,1,34.90,4.36,true,1,
7290000369341,false,לבנה אבו גוש ירוק15%משקל,גבינות אמיר ניצן בעמ,,,"ק""ג",10,100 גרם,true,1,50,5,false,1,
7290000369365,false,מעדן גבינה בולגרית עם חציל 9% ניצן 200 גרם,גבינות אמיר ניצן בעמ,,,יח`,2,100 גרם,false,1,13.90,6.95,false,1,
7290000369617,false,מעדן כדורי פטה בשמן מתובל ניצן 230 גרם,גבינות אמיר ניצן בעמ,,,יח`,2.30,100 גרם,false,1,16.90,7.35,false,1,
7290000369709,false,חמאה עירונית בתוספת ריחן ושום טרי גבינות ניצן 100 גרם,גבינות אמיר ניצן בעמ,,,יח`,1,100 גרם,false,1,12.90,12.90,false,1,
7290000408316,false,יוגורט דנונה דל לקטוז 200 גרם,שטראוס גרופ בעמ/מצונן,,,יח`,2,"100 מ""ל",false,1,3.50,1.75,false,1,
7290000408354,false,יוגורט עם אורז מצופה שוקולד קקאו 175 ג' דנונה,שטראוס גרופ בעמ/מצונן,,,יח`,1.73,"100 מ""ל",false,1,4.40,2.54,false,1,
7290000412481,false,נוזל לניקוי אסלות 00 סנו (1 ליטר),החברה הדרומית לשיווק בעמ,,,יח`,1,1 ליטר,false,1,7.90,7.90,true,1,
7290000412764,false,"פזטוקס קוטל חרקים סנו 630 מ""ל",החברה הדרומית לשיווק בעמ,,,יח`,6.30,"100 מ""ל",false,1,18.90,3,false,1,
7290000416021,false,ממרח בטעם שוקולד השחר העולה (500 גרם),השחר העולה תעשית ממתקים בעמ,,,יח`,5,100 גרם,false,1,13.90,2.78,true,1,
7290000416045,false,ממרח בטעם שוקולד השחר העולה (1 קג),השחר העולה תעשית ממתקים בעמ,,,יח`,1,"ק""ג",false,1,24.90,24.90,true,1,
7290000416618,false,"ממרח שוקולד פרווה השחר 400 גרם כשל""פ",השחר העולה תעשית ממתקים בעמ,,,יח`,4,100 גרם,false,1,11.90,2.98,true,1,
7290000416632,false,"ממרח שוקולד פרווה השחר 1 ק""ג כשל""פ",השחר העולה תעשית ממתקים בעמ,,,יח`,1,"ק""ג",false,1,24.90,24.90,true,1,
7290000416809,false,ממרח חצי חצי נוגט אגוזים וקרם חלב השחר 350ג',השחר העולה תעשית ממתקים בעמ,,,יח`,3.50,100 גרם,false,1,11.90,3.40,true,1,
7290000416922,false,השחר ממרח חלב 350 גרם,השחר העולה תעשית ממתקים בעמ,,,יח`,3.50,100 גרם,false,1,11.90,3.40,true,1,
7290000419220,false,לנדוור כחול המקורי קפה טחון טורקי 3*100 גרם 16 יח',ש.שסטוביץ בעמ,,,יח`,3,100 גרם,false,1,18.90,6.30,false,1,
7290000419374,false,לנדוור לבוקר קפה טחון טורקי 3*100 גרם 16 יח',ש.שסטוביץ בעמ,,,יח`,3,100 גרם,false,1,18.90,6.30,false,1,
7290000419893,false,לנדוור קפה שחור חזק טחון טורקי 100 גרם,מולינו ניקולי s.p.a,,,יח`,1,100 גרם,false,1,7.90,7.90,false,1,
7290000419909,false,לנדוור קפה שחור לבוקר טחון טורקי 100 גרם,מולינו ניקולי s.p.a,,,יח`,1,100 גרם,false,1,7.90,7.90,false,1,
7290000420325,false,"פופסטאר פופקורן למקירוגל בטעם טבעי 5 שקיות,500 גרם","דנשר (1963) בע,מ",,,יח`,5,100 גרם,false,1,16.90,3.38,true,1,
7290000420332,false,פופסטאר פופקורן למיקרוגל בטעם חמאה 5 יחידות 500 גרם,"דנשר (1963) בע,מ",,,יח`,5,100 גרם,false,1,16.90,3.38,true,1,
7290000420417,false,גלילונית שקיות אשפה 52X65 עם שרוך 60 יחידות,"איטיליאן פוד, אס.פי.",,,יח`,1,,false,1,19.90,19.90,true,1,
7290000446523,false,ממרח בוטנים מתוק בטר אנד דיפרנט 350 גרם,בטר אנד דיפרנט בעמ,,,יח`,3.50,100 גרם,false,1,13.90,3.97,false,1,
7290000446547,false,חמאת בוטנים טבעית בטר אנד דיפרנט 350 גרם,"בטר אנד דיפרנט בע""מ",,,יח`,3.50,100 גרם,false,1,13.90,3.97,false,1,
7290000446554,false,"חמאת בוטנים טבעית בטר אנד דיפרנט 1 ק""ג",בטר אנד דיפרנט בעמ,,,יח`,5.10,100 גרם,false,1,26.90,5.27,false,1,
7290000449128,false,סיף פנטסטיק לימון ניקוי רב תכליתי 4ל',יוניליוור ישראל שיווק בע`מ,,,יח`,4,"ק""ג",false,1,24.90,6.23,true,1,
7290000450209,false,נתחי טונה בהירה בשמן פוסידון (108 גרם),"מיוצר עי וליגר בעמ,",,,יח`,1.08,100 גרם,false,1,6.50,6.02,false,1,
7290000453019,false,שמרים טריים לאפייה שקית שמרית 50 ג',שטראוס גרופ בעמ/מצונן,,,יח`,0.50,100 גרם,false,1,4.50,9,false,1,
7290000453200,false,בלילה להכנת פנקייק עם רכיבים ביתיים,שטראוס גרופ בעמ/מצונן,,,יח`,7.50,"100 מ""ל",false,1,19.90,2.65,false,1,
7290000453408,false,בצק פיצה דק מצונן ומוכן לאפייה שמרית 415 גרם,שטראוס גרופ בעמ/מצונן,,,יח`,4.15,100 גרם,false,1,16.90,4.07,false,1,
7290000453422,false,בצק פילו מצונן ומוכן לאפייה שמרית 300 גרם,שטראוס גרופ בעמ/מצונן,,,יח`,3,100 גרם,false,1,16.90,5.63,true,1,
7290000453446,false,פיצה קראסט בצק שמרים מצונן להכנת פיצה ופוקצ'ה,שטראוס גרופ בעמ/מצונן,,,יח`,5,100 גרם,false,1,19.90,3.98,true,1,
7290000453484,false,בצק קדאיף לאפייה שמרית 350 גרם,שטראוס גרופ בעמ/מצונן,,,יח`,3.50,100 גרם,false,1,14.90,4.26,false,1,
7290000453866,false,נטורינה תחליף מרגרינה לבישול ואפיה קוקוס שמרית 200 גרם,שטראוס גרופ בעמ/מצונן,,,יח`,2,100 גרם,false,1,7.40,3.70,false,1,
7290000461625,false,בייגלה שמיניות מלח בייגל בייגל 400 ג',יוניליוור ישראל שיווק בע`מ,,,יח`,4,100 גרם,false,1,10.90,2.73,true,1,
7290000461700,false,בייגלה שמיניות גדולות מלוחות 400 גרם,יוניליוור ישראל שיווק בע`מ,,,יח`,4,100 גרם,false,1,12.90,3.23,true,1,
7290000461724,false,בייגלה שמיניות גדולות שומשום בייגל בייגל,"יוניליוור ישראל שיווק בע""מ",,,יח`,4,100 גרם,false,1,12.90,3.23,true,1,
7290000462103,false,סחוג תימני אדום חריף עדין זהבי הכרם 150 גרם,שטראוס גרופ בעמ/מצונן,,,יח`,1.50,100 גרם,false,1,7.90,5.27,false,1,
7290000462141,false,סחוג אדום תימני מקורי חריף מאוד זהבי 150 גרם,שטראוס גרופ בעמ/מצונן,,,יח`,1.50,100 גרם,false,1,7.90,5.27,false,1,
7290000462172,false,סחוג זחוק ירוק תימני חריף זהבי (150 גרם),שטראוס גרופ בעמ/מצונן,,,יח`,1.40,100 גרם,false,1,7.90,5.64,false,1,
7290000462981,false,סחוג זחוק חריף אש זהבי (150 גרם),שטראוס גרופ בעמ/מצונן,,,יח`,1.50,100 גרם,false,1,9.90,6.60,false,1,
7290000467153,false,מלך החומוס סמיר הגדול 400 גרם צבר,קבוצת אוסם סחר שותפות מוגבלת,,,יח`,4,100 גרם,false,1,13.90,3.48,false,1,
7290000474090,false,"חלב בקרטון 1%- 1 ליטר בד""צ - מוצר בפיקוח",*החברה המרכזית להפצת משקאותבעמ,,,יח`,1,1 ליטר,false,1,5.86,5.86,false,1,
7290000474373,false,"שמנת חמוצה 15% שומן 200 מ""ל טרה",החברה המרכזית טלהפצת משקאות בע,,,יח`,2,"100 מ""ל",false,1,2.40,1.20,false,1,
7290000474502,false,גבינה לבנה טרה 5% מרכיבים טבעיים,*החברה המרכזית להפצת משקאותבעמ,,,יח`,2.50,100 גרם,false,1,4.98,1.99,false,1,
7290000474540,false,גבינה טוב טעם 3% טרה 250ג' מהדרין,החברה המרכזית טלהפצת משקאות בע,,,יח`,2.50,100 גרם,false,1,11.50,4.60,false,1,
7290000474830,false,נעם גבינה צהובה מגורדת 28% טרה 500 גרם,*החברה המרכזית להפצת משקאותבעמ,,,יח`,5,100 גרם,false,1,34.60,6.92,false,1,
7290000480107,false,קוואקר שיבולת שועל פחית 500 גרם,שטראוס פריטו ליי בעמ,,,יח`,5,100 גרם,false,1,11.90,2.38,false,1,
7290000481531,false,דגנית עין בר לחמניות אצבע מחיטה מלאה בשקית 750 ג',דגנית עין בר תעשיות מזון ואפיה,,,יח`,7.50,100 גרם,false,1,12.90,1.72,false,1,
7290000481883,false,דגנית עין בר מארז לחמניות 10 יח'*75 ג',דגנית עין בר תעשיות מזון ואפיה,,,יח`,7.50,100 גרם,false,1,12.90,1.72,false,1,
7290000482033,false,שקיות לצליה בתנור ובמיקרוגל קוקי 5 יחידות,הנסיך- מפעל לייצור ט,,,יח`,1,,false,1,12.90,12.90,true,1,
7290000484716,false,אלוף הארק 50% 700 מל,יקב הגליל שיווק בעמ,,,יח`,7,"100 מ""ל",false,1,66.90,9.51,false,1,
7290000484747,false,"ארק עלית 700 מ""ל 40% יקב הגליל*",יקב הגליל יוסף גולד ובניו,,,יח`,7,"100 מ""ל",false,1,59.90,8.51,false,1,
7290000493176,false,אסם אבקת רוטב צלי לבשר 22 ג',קבוצת אוסם סחר שותפות מוגבלת,,,יח`,0.22,100 גרם,false,1,4.90,22.27,false,1,
7290000493183,false,אבקת רוטב פטריות לבשר-30 גרם,קבוצת אוסם סחר שותפות מוגבלת,,,יח`,0.30,100 גרם,false,1,4.90,16.33,false,1,
7290000497044,false,לחם אקטיב ברמן (750 גרם),מאפית י את א ברמן בע,,,יח`,7.50,100 גרם,false,1,15.90,2.12,false,1,
7290000497112,false,"לחם כהה פרוס וארוז ""ברמן""-מוצר בפיקוח",מאפית י את א ברמן בע,,,יח`,7.50,100 גרם,false,1,6.90,0.92,false,1,
7290000497198,false,מארז פיתות עשירייה אסלי,מאפית י את א ברמן בע,,,יח`,10,100 גרם,false,1,10.90,1.09,false,1,
7290000497228,false,לחמניה רגילה בשקית ברמן 6יח',מאפית י את א ברמן בע,,,יח`,4.50,100 גרם,false,1,10.90,2.42,true,1,
7290000497273,false,לחמניות אקטיב ברמן שישייה 450 גרם,מאפית י את א ברמן בע,,,יח`,4.50,100 גרם,false,1,14.50,3.22,false,1,
7290000497303,false,"שישיית לחמניות מקמח מלא ""ברמן""",מאפית י את א ברמן בע,,,יח`,5.40,100 גרם,false,1,12.90,2.39,true,1,
7290000497358,false,חלומית חלה מתוקה קלועה ברמן (500 גרם),מאפית י את א ברמן בע,,,יח`,5,100 גרם,false,1,12.90,2.58,false,1,
7290000497426,false,לחם ברמן לענין פלוס 500 גרם,מאפית י את א ברמן בע,,,יח`,7.50,100 גרם,false,1,14.60,1.95,false,1,
7290000497532,false,לחם ברמן לעניין פרוס ברמן (750 גרם),מאפית י את א ברמן בע,,,יח`,7.50,100 גרם,false,1,14.50,1.93,false,1,
7290000497570,false,לחם דגנים פלוס ברמן 500 גרם,מאפית י את א ברמן בע,,,יח`,5,100 גרם,false,1,14.50,2.90,false,1,
7290000498003,false,לחם מקמח מלא 750 גר`E FREE ברמן,מאפית י את א ברמן בע,,,יח`,7.50,100 גרם,false,1,15.90,2.12,true,1,
7290000498034,false,לחם אי פרי קמח כוסמין מלא 750 גר',מאפית י את א ברמן בע,,,יח`,7.50,100 גרם,false,1,15.90,2.12,false,1,
7290000498393,false,חלה רגילה/עגולה/מרובעת,מאפית י.את א. ברמן ב,,,יח`,5,100 גרם,false,1,4.90,0.98,false,1,
7290000498409,false,חלה מתוקה ברמן 500 ג,מאפית י את א ברמן בע,,,יח`,5,100 גרם,false,1,9.90,1.98,false,1,
7290000504025,false,ממתיק סוכרזית פטרייה עלית 300 גרם,אף.סי תבליני בגליל ב,,,יח`,2.46,100 גרם,false,1,7.90,3.21,false,1,
7290000504278,false,ממתיק סוכרזית אריזת פטנט 700 טבליות,אף.סי תבליני בגליל ב,,,יח`,5.74,100 גרם,false,1,13.90,2.42,false,1,
7290000521008,false,יין אדום יבש של סגל (750 מל),"כרמי צבי - אחים סגל בע""\",,,יח`,7.50,"100 מ""ל",false,1,21.90,2.88,true,1,
7290000521015,false,יין לבן יבש של סגל (750 מל),פארייפאבה אגרואינדוס,,,יח`,7.50,"100 מ""ל",false,1,21.90,2.88,true,1,
7290000521022,false,יין לבן חצי יבש של סגל (750 מל),פארייפאבה אגרואינדוס,,,יח`,7.50,"100 מ""ל",false,1,21.90,2.88,true,1,
7290000523125,false,מלח הארץ הים האדום 250 ג' עדין,"חברת מלח הארץ אילת בע""\מ",,,יח`,2,100 גרם,false,1,5.90,2.95,false,1,
7290000523224,false,מלח הארץ הים האדום 500 ג' עדין,"חברת מלח הארץ אילת בע""\מ",,,יח`,5,100 גרם,false,1,7.90,1.58,false,1,
7290000523514,false,מלח ים יבש מופחת נתרן מלח הארץ (250 גרם),"חברת מלח הארץ אילת בע""\מ",,,יח`,2,100 גרם,false,1,10.50,5.25,false,1,
7290000523804,false,"מלח עדין צנצנת 1 ק""ג מלח הארץ","חברת מלח הארץ אילת בע""\מ",,,יח`,1,"ק""ג",false,1,7.20,7.20,false,1,
7290000523811,false,"צנצנת מלח גס 1 ק""ג מלח הארץ","חברת מלח הארץ אילת בע""\מ",,,יח`,1,"ק""ג",false,1,7.50,7.50,false,1,
7290000525969,false,מיץ תפוזים סחוט רכיבים טבעיים פרימור 1 ליטר,שטראוס גרופ בעמ/מצונן,,,יח`,1,1 ליטר,false,1,15.90,15.90,false,1,
7290000530086,false,נקניק סלמי מעושן 7000 זוגלובק (600 גרם),נקניק נהריה כשר זוגל,,,יח`,8,100 גרם,false,1,34.90,4.36,false,1,
7290000530109,false,קבנוס זוגי בואקום זוגלובק 180ג',נקניק נהריה כשר זוגל,,,יח`,3.60,100 גרם,false,1,25.90,7.19,false,1,
7290000530116,false,נקניק סלמי מעושן בשן 470 ג' זוגלובק,נקניק נהריה כשר זוגל,,,יח`,7,100 גרם,false,1,28.90,4.13,false,1,
7290000530291,false,נקניק מבשר הודו קטן זוגלובק 750 גרם,נקניק נהריה כשר זוגל,,,יח`,0,100 גרם,false,1,18.90,18.90,false,1,
7290000530468,false,"נקניקיות וינר זוגלובק 1 ק""ג",זוגלובק שיווק בעמ,,,יח`,1,"ק""ג",false,1,29.90,29.90,true,1,
7290000530598,false,נקניקיות עוף וינר זוגלובק 500 גרם,נקניק נהריה כשר זוגל,,,יח`,5,100 גרם,false,1,16.90,3.38,true,1,
7290000530703,false,פסטרמה חרמון כפרית ונקניק תה מעושן זוגלובק 2*400 גרם,נקניק נהריה כשר זוגל,,,יח`,8,100 גרם,false,1,33.90,4.24,true,1,
7290000533353,false,"בצק עלים מרודד זוגלובק 1 ק""ג",מאפיית אריאל וגידרון,,,יח`,1,"ק""ג",false,1,19.90,19.90,false,1,
7290000536316,false,שניצל מן הצומח זוגלובק (1 קג),נקניק נהריה כשר זוגל,,,יח`,1,"ק""ג",false,1,35.90,35.90,false,1,
7290000536743,false,שניצלונים קריספי ט. תירס 500 גר' זוגלובק,נקניק נהריה כשר זוגל,,,יח`,5,100 גרם,false,1,19.90,3.98,true,1,
7290000537566,false,נקניקיות עוף טרי 400 ג' זוגלובק,נקניק נהריה כשר זוגל,,,יח`,4,100 גרם,false,1,13.90,3.48,true,1,
7290000537603,false,"נקניקיות עוף 1 ק""ג זוגלובק.",זוגלובק שיווק בעמ,,,יח`,1,"ק""ג",false,1,29.90,29.90,true,1,
7290000538709,false,נקניק סלמי תה מעושן זוגלובק 200 גרם,נקניק זוגלובק נהריה,,,יח`,2,100 גרם,false,1,14.90,7.45,false,1,
7290000552118,false,נקניקיות מרגז קפואות טיבון ויל (400 גרם),טיבון ויל אחזקות בעמ,,,יח`,4,100 גרם,false,1,21.90,5.48,false,1,
7290000552194,false,קישקע קפוא טיבון ויל (500 גרם),טיבון ויל אחזקות בעמ,,,יח`,5,100 גרם,false,1,12.90,2.58,false,1,
7290000552934,false,בשר הודו קפוא טחון טיבון ויל (500 גרם),"טיבון ויל אחזקות בע""\מ",,,יח`,5,100 גרם,false,1,12.90,2.58,false,1,
7290000554457,false,גבינה צפתית 5% 350 גרם - רבנות,מחלבות גד שיווק 1992 בעמ,,,יח`,3.50,100 גרם,false,1,19.90,5.69,false,1,
7290000554471,false,נקניק מוצרלה 22 אחוז 180גרם גד מהדרין,מחלבות גד שיווק 1992 בעמ,,,יח`,1.80,100 גרם,false,1,16.90,9.39,false,1,
7290000554532,false,גבינה צפתית מעודנת במלח ים 5% 200 ג' גד,מחלבות גד שיווק 1992 בעמ,,,יח`,2,100 גרם,false,1,14.90,7.45,false,1,
7290000554600,false,מוצרלה מגורדת 22 אחוז 300גרם גד מהדרין,מחלבות גד שיווק 1992 בעמ,,,יח`,3,100 גרם,false,1,24.50,8.17,false,1,
7290000554686,false,גבינת לאבנה בתוספת שמן זית וזעתר 5% גד 250 גרם,מחלבות גד שיווק 1992 בעמ,,,יח`,2.50,100 גרם,false,1,13.90,5.56,false,1,
7290000554815,false,גבינת מוצרלה נקניק מעדנייה גד,מחלבות גד שיווק 1992 בעמ,,,"ק""ג",10,100 גרם,true,1,80,8,false,1,
7290000554822,false,ריקוטה גבינה לבנה בסגנון איטלקי 5% גד 250 גרם,מחלבות גד שיווק 1992 בעמ,,,יח`,2.50,100 גרם,false,1,14.90,5.96,true,1,
7290000554839,false,מסקרפונה שמנת מתוקה קשה בסגנון איטלקי 40% גד 250 גרם,מחלבות גד שיווק 1992 בעמ,,,יח`,2.50,100 גרם,false,1,21.90,8.76,false,1,
7290000560557,false,אדג' ג'ל סגול כהה לעור יבש 198ג',אס.סי ג'ונסון ובניו,,,יח`,2,100 גרם,false,1,19.90,9.95,true,1,
7290000561202,false,גרעינים חמניה 200 גרם פיצוחי חממה,בוטנת בעמ חברה לקלייה ואריזת פ,,,יח`,2,100 גרם,false,1,5.90,2.95,false,1,
7290000561233,false,בוטן קלוף קלוי פיצוחי חממה (200 גרם),בוטנת בעמ חברה לקלייה ואריזת פ,,,יח`,2,100 גרם,false,1,7.90,3.95,false,1,
7290000561349,false,אגוזי קשיו קלוי ללא מלח פיצוחי חממה (150,בוטנת בעמ,,,יח`,1.50,100 גרם,false,1,16.90,11.27,false,1,
7290000561363,false,גרעיני אבטיח 200 גרם פיצוחי חממה,בוטנת בעמ חברה לקלייה ואריזת פ,,,יח`,2,100 גרם,false,1,14.90,7.45,false,1,
7290000572055,false,אחוה חלוה ללא סוכר עם סיבים ואגוזים 400 גרם,אחדות ביחר לטחינה חל,,,יח`,4,100 גרם,false,1,15.90,3.98,false,1,
7290000572529,false,חלוה עם פיסטוק אחווה 400 גרם,אחדות ביתחרושת לטחינה חלבה,,,יח`,4,100 גרם,false,1,13.90,3.48,false,1,
7290000572536,false,אחווה חלווה ווניל במגש 400 גר,אחדות ביתחרושת לטחינה חלבה,,,יח`,4,100 גרם,false,1,11.90,2.98,false,1,
7290000572543,false,חלוה בטעם שוקו וניל אחווה 400 גרם,אחדות ביתחרושת לטחינה חלבה,,,יח`,4,100 גרם,false,1,11.90,2.98,false,1,
7290000572819,false,"טחינה גולמית אחווה 1 ק""ג",אחדות ביחר לטחינה חל,,,יח`,1,"ק""ג",false,1,20.90,20.90,true,1,
7290000574035,false,לחם אחיד פרוס דגנית עין בר (750 גרם),דגנית עין בר תעשיות מזון ואפיה,,,יח`,7.50,100 גרם,false,1,6.90,0.92,false,1,
7290000574141,false,לחם חיטה מלא 750ג' דגנית עין בר,דגנית עין בר תעשיות מזון ואפיה,,,יח`,7.50,100 גרם,false,1,14.90,1.99,false,1,
7290000574172,false,לחם קל מחיטה מלאה 750 ג' דגנית עין בר,דגנית עין בר תעשיות מזון ואפיה,,,יח`,7.50,100 גרם,false,1,15.90,2.12,false,1,
7290000574509,false,לחמניות חצויות ביסים דגנית עין בר) (6,דגנית עין בר תעשיות מזון ואפיה,,,יח`,4.50,100 גרם,false,1,10.90,2.42,false,1,
7290000599472,false,כריות יפניות שישייה- שייני,מ.א.ייצור ויבוא מטליות בעמ,,,יח`,1,,false,1,7.90,7.90,false,1,
7290000599571,false,צמר פלדה 200 גר`shiny,מ.א.ייצור ויבוא מטליות בעמ,,,יח`,2,100 גרם,false,1,4.90,2.45,false,1,
7290000599847,false,רב מגבת קלאסיק.,מ.א.ייצור ויבוא מטליות בעמ,,,יח`,1,,false,1,13.90,13.90,false,1,
7290000599946,false,ספוג הפלא שייני 6 יחידות,מ.א.ייצור ויבוא מטליות בעמ,,,יח`,1,,false,1,6.90,6.90,false,1,
7290000599977,false,שייני כריות יפניות 9 יח',מ.א.ייצור ויבוא מטליות בעמ,,,יח`,0.09,100 גרם,false,1,9.90,110,false,1,
7290000633800,false,כנפיים עוף קפוא עטרה מחי,נטו מלינדה סחר - עטרה,,,"ק""ג",1,,true,1,17.90,17.90,false,1,
7290000644783,false,נתחי פילה סלמון קפוא קג,תנובה קפואים,,,"ק""ג",1,,true,1,89.90,89.90,false,1,
7290000646299,false,פילה נסיכת הנילוס 100% דג קפוא תנובה,תנובה מרכז שיתופי לשיווק תוצרת,,,"ק""ג",1,,true,1,49.90,49.90,false,1,
7290000654973,false,גזר ארוז,מפעלי יופי אגשח בעמ*שיק 45 יום,,,"ק""ג",1,,true,1,4.90,4.90,false,1,
7290000662817,false,סלמון מעושן 100 גרם נורבגי מדג טרי,דגיים קפואים,,,יח`,1,100 גרם,false,1,17.90,17.90,false,1,
7290000688084,false,מי עדן פקק ספורטאים500מל,יפאורה שותפות מוגבלת לשיווק,,,יח`,5,"100 מ""ל",false,1,2.50,0.44,false,1,
7290000688176,false,מי עדן בייבי 330 מל בודד,יפאורה שותפות מוגבלת לשיווק,,,יח`,3.30,"100 מ""ל",false,1,2.50,0.67,false,1,
7290000688374,false,מים מינרלים סמיילי מי עדן (330X6מל),יפאורה שותפות מוגבלת לשיווק,,,יח`,19.80,"100 מ""ל",false,1,13.90,0.61,false,1,
7290000688381,false,מים מינרלים פקק ספורט מי עדן (500x6 מל),יפאורה שותפות מוגבלת לשיווק,,,יח`,3,1 ליטר,false,1,12.90,3.70,true,1,
7290000688503,false,"מים מינרלים פקק ספורט מי עדן 6*750 מ""ל",יפאורה שותפות מוגבלת לשיווק,,,יח`,4.50,1 ליטר,false,1,14.90,2.91,true,1,
7290000993461,false,עגבניות שרי צהוב פרמיום ארוז,צימן עגבניות *לא פעיל*,,,יח`,1,,false,1,9.90,9.90,false,1,
7290000993560,false,עגבניות שרי תמר שוקו 500 גרם לפי יח',צימן עגבניות *לא פעיל*,,,יח`,5,100 גרם,false,1,9.90,1.98,false,1,
7290000995410,false,נבטים סיניים נבטי העמק,"בכורי השדה צפון1994 ג.ד. בע""מ",,,יח`,1,,false,1,7.90,7.90,false,1,
7290001041130,false,ממרח תמרים מיה 450גר ק ג.,מיה תעשיות מזון מ.ת.מ. בעמ,,,יח`,4.50,100 גרם,false,1,4.90,1.09,false,1,
7290001041147,false,חומוס גדול יבש מיה 1 ק'ג,מיה תעשיות מזון מ.ת.מ. בעמ,,,יח`,1,"ק""ג",false,1,11.90,11.90,true,1,
7290001041154,false,"גריסים מיה 1 ק""ג",מיה תעשיות מזון מ.ת.מ. בעמ,,,יח`,10,100 גרם,false,1,5.90,0.59,false,1,
7290001041161,false,"שעועית לבנה יבשה מיה 1 ק""ג",מיה תעשיות מזון מ.ת.מ. בעמ,,,יח`,1,"ק""ג",false,1,18.90,18.90,true,1,
7290001041178,false,"אפונה ירוקה מיה 1 ק""ג",מיה תעשיות מזון מ.ת.מ. בעמ,,,יח`,1,"ק""ג",false,1,7.90,7.90,false,1,
7290001041185,false,"פופקורן גרעינים מיה 1 ק""ג",מיה תעשיות מזון מ.ת.מ. בעמ,,,יח`,1,"ק""ג",false,1,11.90,11.90,false,1,
7290001041208,false,"עדשים ירוקים יבשים מיה 1 ק""ג",מיה תעשיות מזון מ.ת.מ. בעמ,,,יח`,1,"ק""ג",false,1,11.90,11.90,true,1,
7290001041215,false,"חיטה מיה 1 ק""ג",מיה תעשיות מזון מ.ת.מ. בעמ,,,יח`,1,"ק""ג",false,1,6.90,6.90,false,1,
7290001041222,false,"חומוס לבן ענק יבש מיה 1 ק""ג",מיה תעשיות מזון מ.ת.מ. בעמ,,,יח`,1,"ק""ג",false,1,19.90,19.90,false,1,
7290001041260,false,שומשום מיה (400 גרם),מיה תעשיות מזון מ.ת.מ. בעמ,,,יח`,4,100 גרם,false,1,11.90,2.98,false,1,
7290001041284,false,לקקן סוכריה תות על מקל 20 יח',מיה תעשיות מזון מ.ת.מ. בעמ,,,יח`,2,100 גרם,false,1,10,5,false,1,
7290001041291,false,לקקן סוכריה על מקל 70יח',מיה תעשיות מזון מ.ת.מ. בעמ,,,יח`,1,100 גרם,false,1,22.90,22.90,false,1,
7290001041994,false,"סוכר דמררה בצנצנת מיה 1 ק""ג",מיה תעשיות מזון מ.ת.מ. בעמ,,,יח`,1,"ק""ג",false,1,11.90,11.90,false,1,
7290001045633,false,פרימור מיץ לימון ונענע סחוט טרי 400מל,שטראוס גרופ בעמ/מצונן,,,יח`,4,"100 מ""ל",false,1,7.90,1.90,false,1,
7290001045657,false,פרימור מיץ תפוחים סחוט מקורר 400מל,שטראוס גרופ בעמ/מצונן,,,יח`,4,"100 מ""ל",false,1,7.90,1.90,false,1,
7290001045688,false,"מיץ תפוזים סחוט פרימור 400 מ""ל",שטראוס גרופ בעמ/מצונן,,,יח`,4,"100 מ""ל",false,1,7.90,1.90,false,1,
7290001121054,false,צמד חמד פסטרמה וסלמי יחיעם 700 גרם,מעדני יחיעם ( 1993 ) בע`מ,,,יח`,7,100 גרם,false,1,25.90,3.70,true,1,
7290001121238,false,קורנדביף 4% שומן יחיעם (180 גרם).,מעדני יחיעם ( 1993 ) בע`מ,,,יח`,1.80,100 גרם,false,1,24.90,13.83,false,1,
7290001121849,false,פסטרמה ברביקיו יחיעם 250 גרם ר.טבעיים,מעדני יחיעם ( 1993 ) בע`מ,,,יח`,2.50,100 גרם,false,1,24.90,9.96,false,1,
7290001121979,false,נקניק סלמי הרץ מעדני יחיעם 150 גרם,מעדני יחיעם ( 1993 ) בע`מ,,,יח`,1.50,100 גרם,false,1,24.90,16.60,false,1,
7290001123775,false,שווארמה אמיתית פרגיות טיבון ויל 500 גרם,"טיבול ויל אחזקות בע""",,,יח`,5,100 גרם,false,1,28.90,5.78,true,1,
7290001123782,false,שווארמה אמיתית הודו טיבון ויל (500 גרם),נטו מלינדה סחר בע`מ,,,יח`,5,100 גרם,false,1,28.90,5.78,true,1,
7290001124536,false,ארוחת נודלס טעם תירס מג'יק 70 גרם,נטו מלינדה סחר בעמ,,,יח`,0.70,100 גרם,false,1,4.50,6.43,false,1,
7290001136287,false,"שמפו לשיער רגיל בבושם פרחים נקה 7 750 מ""ל",החברה הדרומית לשיווק בעמ,,,יח`,7.50,"100 מ""ל",false,1,10.90,1.45,true,1,
7290001136294,false,"שמפו לשיער יבש בבישום פרחים נקה 7 750 מ""ל",החברה הדרומית לשיווק בעמ,,,יח`,7.50,"100 מ""ל",false,1,10.90,1.45,true,1,
7290001136300,false,"נקה 7 שמפו ומרכך לסירוק קל 750 מ""ל",החברה הדרומית לשיווק בעמ,,,יח`,7.50,"100 מ""ל",false,1,10.90,1.45,true,1,
7290001136683,false,"מרכך לשיער רגיל בבושם פרחים נקה 7 750 מ""ל",החברה הדרומית לשיווק בעמ,,,יח`,7.50,"100 מ""ל",false,1,10.90,1.45,true,1,
7290001136799,false,נקה 7 תחליב רחצה ארומה ורוד יסמין 1 ל',החברה הדרומית לשיווק בעמ,,,יח`,1,1 ליטר,false,1,12.90,12.90,false,1,
7290001136973,false,נקה 7 תחליב רחצה ארומה קמומיל לבן 1 ל',החברה הדרומית לשיווק בעמ,,,יח`,1,1 ליטר,false,1,12.90,12.90,false,1,
7290001201510,false,ביצים ארוזות M מ. לסר) (30 פיקוח,מ לסר בעמ - חברה לשיווק ביצים,,,יח`,1,,false,1,27.87,27.87,false,1,
7290001201589,false,ביצים ארוזות L מ. לסר) (12 פיקוח,מ לסר בעמ - חברה לשיווק ביצים,,,יח`,1,,false,1,12.05,12.05,false,1,
7290001201596,false,ביצים ארוזות M 12 יחידות,מ לסר בעמ - חברה לשיווק ביצים,,,יח`,1,,false,1,11.15,11.15,false,1,
7290001201602,false,ביצים 18 יח גדול לסר,מ לסר בעמ - חברה לשיווק ביצים,,,יח`,1,,false,1,18.07,18.07,false,1,
7290001201824,false,תבנית ביצים 12 יח' לארג' אורגני,מ לסר בעמ - חברה לשיווק ביצים,,,יח`,1,,false,1,18.90,18.90,false,1,
7290001201848,false,ביצים אורגניות 12 יח M,מ לסר בעמ - חברה לשיווק ביצים,,,יח`,1,,false,1,17.90,17.90,false,1,
7290001201862,false,ביצי חופש לארג' 12 יחידות,מ לסר בעמ - חברה לשיווק ביצים,,,יח`,1,,false,1,16.90,16.90,false,1,
7290001201893,false,ביצים אומגה 12 יח`M,מ לסר בעמ - חברה לשיווק ביצים,,,יח`,1,,false,1,16.90,16.90,false,1,
7290001209509,false,סטייק עוף מעובד קפוא עטרה 800 גרם,טיבון ויל אחזקות בעמ,,,יח`,8,100 גרם,false,1,26.90,3.36,false,1,
7290001209516,false,סטייק עין עטרה מעובד עטרה 800 גרם,נטו מלינדה סחר - עטרה,,,יח`,8,100 גרם,false,1,54.90,6.86,false,1,
7290001216057,false,"טחינה שומשום טהור אל ארז 1 ק""ג",אגס ירוק מסחר ושירותים,,,יח`,1,"ק""ג",false,1,30.90,30.90,true,1,
7290001216231,false,טחינה גולמית שומשום מלא אל ארז 500 גרם,אגס ירוק מסחר ושירותים,,,יח`,5,100 גרם,false,1,16.90,3.38,false,1,
7290001245699,false,אקונומיקה סמיכה בניחוח לימון 4 ל' טאצ',סאסאטק אגשח בעמ,,,יח`,40,"100 מ""ל",false,1,11.90,0.30,false,1,
7290001245705,false,אקונומיקה מבושמת 4 ליטר טאצ',סאסאטק אגשח בעמ,,,יח`,4,1 ליטר,false,1,9.90,2.48,false,1,
7290001245729,false,ג'ל כביסה ירוקה טאצ 3 ליטר סלקט,סאסאטק אגשח בעמ,,,יח`,3,1 ליטר,false,1,17.90,5.97,false,1,
7290001245736,false,ג'ל כביסה כחול טאצ' 3 ליטר סלקט,סאסאטק אגשח בעמ,,,יח`,3,1 ליטר,false,1,17.90,5.97,false,1,
7290001245798,false,נוזל כלים לימון 18% 1.6 ליטר טאצ',סאסאטק אגשח בעמ,,,יח`,16,"100 מ""ל",false,1,9.90,0.62,false,1,
7290001245828,false,נוזל כלים קלאסי טאצ' 18% 1.6 ליטר,סאסאטק אגשח בעמ,,,יח`,16,"100 מ""ל",false,1,9.90,0.62,false,1,
7290001245835,false,נוזל רצפות אורנים 4 ליטר טאצ,סאסאטק אגשח בעמ,,,יח`,4,1 ליטר,false,1,13.90,3.48,false,1,
7290001245842,false,נוזל רצפות מאסק 4 ליטר טאצ,סאסאטק אגשח בעמ,,,יח`,4,1 ליטר,false,1,13.90,3.48,false,1,
7290001245897,false,נוזל רצפות יסמין 4 ליטר טאצ`,סאסאטק אגשח בעמ,,,יח`,4,1 ליטר,false,1,13.90,3.48,false,1,
7290001245958,false,מרכך כביסה ורוד 4 ליטר טאצ',סאסאטק אגשח בעמ,,,יח`,4,1 ליטר,false,1,13.90,3.48,false,1,
7290001245965,false,מרכך כביסה כחול 4 ליטר טאצ',סאסאטק אגשח בעמ,,,יח`,4,1 ליטר,false,1,13.90,3.48,false,1,
7290001245972,false,מרכך כביסה לבן 4 ליטר טאצ',סאסאטק אגשח בעמ,,,יח`,4,1 ליטר,false,1,13.90,3.48,false,1,
7290001246054,false,פותח סתימות 1 ליטר טאצ,סאסאטק אגשח בעמ,,,יח`,10,"100 מ""ל",false,1,13.90,1.39,false,1,
7290001246061,false,מרכך מרוכז פרימיום פנטזי( 1 ליטר)טאצ`,סאסאטק אגשח בעמ,,,יח`,1,1 ליטר,false,1,10.90,10.90,false,1,
7290001246085,false,נוזל לניקוי חלונות 1 ליטר טאצ,סאסאטק אגשח בעמ,,,יח`,10,"100 מ""ל",false,1,5.90,0.59,false,1,
7290001246092,false,"תרסיס מסיר שומנים 750 מ""ל טאצ.",סאסאטק אגשח בעמ,,,יח`,7.50,"100 מ""ל",false,1,11.90,1.59,false,1,
7290001246108,false,"טאצ' תרסיס מסיר אבנית 750 מ""ל",סאסאטק אגשח בעמ,,,יח`,7.50,"100 מ""ל",false,1,11.90,1.59,false,1,
7290001246122,false,"תרסיס ניקוי כללי+ אקונומיקה 750 מ""ל טאצ",סאסאטק אגשח בעמ,,,יח`,7.50,"100 מ""ל",false,1,11.90,1.59,false,1,
7290001246269,false,"טאצ' תרסיס מטהר אוויר לבנדר 300 מ""ל",סאסאטק אגשח בעמ,,,יח`,3,"100 מ""ל",false,1,5.90,1.97,false,1,
7290001246351,false,נוזל רצפות לבנדר 4 ליטר טאצ,סאסאטק אגשח בעמ,,,יח`,4,1 ליטר,false,1,13.90,3.48,false,1,
7290001246528,false,מרכך כביסה מרוכז פרפיום מיסטרי טאצ' 1 ל',סאסאטק אגשח בעמ,,,יח`,1,1 ליטר,false,1,10.90,10.90,false,1,
7290001246542,false,"תרסיס מבריק רהיטים 400 מ""ל טא'צ",סאסאטק אגשח בעמ,,,יח`,4,"100 מ""ל",false,1,14.90,3.73,false,1,
7290001246757,false,נוזל רצפות מלון בוטיק טאצ' 2 ליטר,סאסאטק אגשח בעמ,,,יח`,2,1 ליטר,false,1,17.90,8.95,false,1,
7290001246764,false,נוזל רצפות 2 ליטר ספא מפנק טא`צ,סאסאטק אגשח בעמ,,,יח`,2,1 ליטר,false,1,17.90,8.95,false,1,
7290001247068,false,קרטונית נקטר ספרינג תות בננה 1 ליטר,יפאורה שותפות מוגבלת לשיווק,,,יח`,1,1 ליטר,false,1,6.90,6.90,false,1,
7290001247082,false,מיץ עגבניות רכיבים טבעיים ספרינג 1 ליטר,יפאורה שותפות מובגלת לשיווק,,,יח`,1,1 ליטר,false,1,6.90,6.90,false,1,
7290001247099,false,קרטונית נקטר ספרינג מנגו 1 ליטר,יפאורה שותפות מובגלת לשיווק,,,יח`,1,1 ליטר,false,1,6.90,6.90,false,1,
7290001247105,false,קרטונית נקטר ספרינג אפרסק 1 ליטר,יפאורה שותפות מובגלת לשיווק,,,יח`,1,1 ליטר,false,1,6.90,6.90,false,1,
7290001247112,false,קרטונית נקטר ספרינג לימונענע 1 ליטר,יפאורה שותפות מובגלת לשיווק,,,יח`,1,1 ליטר,false,1,6.90,6.90,false,1,
7290001247129,false,נקטר ספרינג תפוזים קרטונית 1 ל',יפאורה שותפות מובגלת לשיווק,,,יח`,1,1 ליטר,false,1,6.90,6.90,false,1,
7290001247143,false,קרטונית נקטר ספרינג תפוחים 1 ליטר,יפאורה שותפות מובגלת לשיווק,,,יח`,1,1 ליטר,false,1,6.90,6.90,false,1,
7290001265642,false,"מזון חתולים מעדני פטה 1.2 ק""ג מארז 3 יחידות",דיפלומט מפיצים (1968) בעמ**,,,יח`,1.20,"ק""ג",false,1,19.90,16.58,false,1,
7290001305188,false,"נוזל לניקוי כלים בריח לימון פלמוליב 750 מ""ל",יבואן ומשווק: ש. שסט,,,יח`,7.50,"100 מ""ל",false,1,12.90,1.72,true,1,
7290001327180,false,שטראוס קרמיסימו וניל ציפ 1.33 ליטר,"גלידת שטראוס בע""\מ, רחוב",,,יח`,1.33,1 ליטר,false,1,19.90,14.96,true,1,
7290001327197,false,שטראוס קרמיסימו שוקולד וניל,"גלידת שטראוס בע""\מ, רח'\",,,יח`,1.33,1 ליטר,false,1,19.90,14.96,true,1,
7290001327791,false,גלידה קרמיסימו וניל עוגיות 1.33 ליטר,"גלידת שטראוס בע""\מ, רחוב",,,יח`,1.33,1 ליטר,false,1,19.90,14.96,true,1,
7290001343845,false,תערובת מיזלי עם פירות מיובשים 1 קג,דין שיווק וקליה 2021 בעמ,,,יח`,1,"ק""ג",false,1,19.90,19.90,false,1,
7290001407547,false,טחינה גולמית משומשום מלא פי 6 בארכה 500ג',קבוצת אוסם סחר שותפות מוגבלת,,,יח`,5,100 גרם,false,1,12.90,2.58,false,1,
7290001436790,false,נקנקיות מרגז מיני אקסטרה חריף ארוז בלדי 500 ג',יוליניבר,,,יח`,5,100 גרם,false,1,27.90,5.58,false,1,
7290001462010,false,אריסה מרוקאית תבליני ביטון יוחאי.,נטו מלינדה סחר בעמ,,,יח`,2.50,100 גרם,false,1,13.90,5.56,true,1,
7290001482865,false,גבינת גאודה פרוסות 1 קג 28% שומן הולנד,ג.וילי-פוד אינטרנשיונל **גבינו,,,יח`,10,100 גרם,false,1,39.90,3.99,false,1,
7290001485019,false,גבינת קרם שמנת טבעי 5% טרה 200 גרם,*החברה המרכזית להפצת משקאותבעמ,,,יח`,2,100 גרם,false,1,11.90,5.95,false,1,
7290001491096,false,תה ירוק בתוספת לימונית ולואיזה 50 שקיקים ויסוצקי,תה ויסוצקי (ישראל) בעמ,,,יח`,0.75,100 גרם,false,1,44.90,59.87,true,1,
7290001552025,false,קוסקוס של אמא פרבורגר 800 גרם,מטעמי פאר (א.מ.נ) בעמ,,,יח`,8,100 גרם,false,1,14.90,1.86,false,1,
7290001552049,false,קוסקוס מרוקאי קפוא 800 גר,מטעמי פאר (א.מ.נ) בעמ,,,יח`,8,100 גרם,false,1,14.90,1.86,false,1,
7290001567708,false,נקניקיות וינר 400 גר`ללא ח`מ,מעדני יחיעם ( 1993 ) בע`מ,,,יח`,4,100 גרם,false,1,12.90,3.23,false,1,
7290001567760,false,פסטרמה של פעם יחיעם 300 גרם,מעדני יחיעם ( 1993 ) בע`מ,,,יח`,3,100 גרם,false,1,26.90,8.97,true,1,
7290001567807,false,"כתף בקר מעושן לח""מ 250 גרם ""יחיעם""",מעדני יחיעם ( 1993 ) בע`מ,,,יח`,2.50,100 גרם,false,1,29.90,11.96,true,1,
7290001567814,false,סלמי מעושן בסגנון איטלקי 300 ג' יחיעם,מעדני יחיעם ( 1993 ) בע`מ,,,יח`,3,100 גרם,false,1,21.90,7.30,true,1,
7290001567937,false,"סלמי איטלקי מפולפל 200 גרם ""יחיעם""",מעדני יחיעם (1993) בעמ,,,יח`,2,100 גרם,false,1,12.90,6.45,false,1,
7290001591673,false,"קניידלך מקמח תפו""א 500 גרם שלושת האופים",נטו מלינדה סחר בעמ,,,יח`,5,100 גרם,false,1,17.90,3.58,false,1,
7290001591710,false,המבורגר אנגוס טיבון ויל 600 גרם,נטו מילנדה סחר בעמ*,,,יח`,6,100 גרם,false,1,22.90,3.82,false,1,
7290001591734,false,נקניקיה מרגז בסגנון מרוקאי טיבון ויל 500 גרם,נטו מילנדה סחר בעמ*,,,יח`,5,100 גרם,false,1,22.90,4.58,false,1,
7290001594056,false,"קוקה קולה פחית 330 מ""ל",החברה המרכזית להפצת משקאות בעמ,,,יח`,3.30,"100 מ""ל",false,1,4.50,1.27,false,1,
7290001594230,false,קינלי סודה בבקבוק זכוכית,החברה המרכזית להפצת משקאות בעמ,,,יח`,2.50,"100 מ""ל",false,1,2.90,1.04,false,1,
7290001594520,false,"בירה טובורג רד בקבוק 330 מ""ל",החברה המרכזית להפצת משקאות בעמ,,,יח`,3.30,"100 מ""ל",false,1,6.90,2,false,1,
7290001594568,false,בירה בפחית קרלסברג (500 מל),החברה המרכזית להפצת משקאות בעמ,,,יח`,5,"100 מ""ל",false,1,8.90,1.72,false,1,
7290001594858,false,מארז שישייה בירה טובורג רד (330x6 מל),החברה המרכזית להפצת משקאות בעמ,,,יח`,1.98,1 ליטר,false,1,41.90,20.25,true,1,
7290001594865,false,"שישייה בירה קרלסברג בקבוק 330 מ""ל",החברה המרכזית להפצת משקאות בעמ,,,יח`,1.98,1 ליטר,false,1,36.90,17.73,true,1,
7290001670071,false,כפות חד פעמי לבן 100 יח',הנמל אריזות ושיווק (1984) בעמ,,,יח`,1,,false,1,11.90,11.90,true,1,
7290001670224,false,מלית פרג 400 גרם פוליבה,הנמל אריזות ושיווק (1984) בעמ,,,יח`,4,100 גרם,false,1,13.90,3.48,true,1,
7290001670255,false,כוס קרטון שתייה חמה 8B 50 יח',הנמל אריזות ושיווק (1984) בעמ,,,יח`,1,,false,1,10.90,10.90,true,1,
7290001670514,false,מלית אוכמניות למילוי דברי מאפה 400 ג,הנמל אריזות ושיווק (1984) בעמ,,,יח`,4,100 גרם,false,1,13.90,3.48,true,1,
7290001670873,false,"צלחות גדולות לבנות קשיח ח""פ הנמל 66יח'",הנמל אריזות ושיווק (1984) בעמ,,,יח`,1,,false,1,39.90,39.90,false,1,
7290001690147,false,טעם טוב גבינה מותכת למריחה 6% מון בלאן,נטו מלינדה סחר בע`מ,,,יח`,1.20,100 גרם,false,1,11.60,9.67,true,1,
7290001696736,false,פקאן סיני פיצוחי חממה (100 גרם),בוטנת בעמ חברה לקלייה ואריזת פ,,,יח`,1,100 גרם,false,1,16.90,16.90,false,1,
7290001710159,false,גולש עגל קפוא ארוז מ,לאטי עזרא גלם ודגים,,,יח`,8,100 גרם,false,1,35.90,4.49,false,1,
7290001713150,false,סנט מוריץ מתז אקונומיקה Bleach קצף לימון 1 ליטר,קומפלקס כימיקלים בעמ,,,יח`,10,"100 מ""ל",false,1,11.90,1.19,false,1,
7290001713167,false,סנט מוריץ - מרסס קצף ניקוי 1 ליטר סניטרי אפור,קומפלקס כימיקלסבעמ ~~~,,,יח`,1,"100 מ""ל",false,1,11.90,11.90,false,1,
7290001739617,false,נפנפף למנגל 2.5,אוהב ציון בעמ (מבצעים),,,יח`,1,,false,1,4.90,4.90,false,1,
7290001780428,false,מאגדת גלידת לייט שוקולד נסטלה 6יח' 312ג',נגה גלידות שותפות מוגבלת,,,יח`,3.12,100 גרם,false,1,27.90,8.94,false,1,
7290001791349,false,אקונומיקה פיסגה ריחנית סנו (4 ליטר),החברה הדרומית לשיווק בעמ,,,יח`,4,1 ליטר,false,1,11.90,2.98,true,1,
7290001865439,false,פמילי אל סבון נוזלי בניחוח וניל 1 ליטר,אף.סי תבליני בגליל ב,,,יח`,1,1 ליטר,false,1,14.90,14.90,true,1,
7290001873458,false,סטייק בורגר 320 גר` בלאק אנגוס מוכשר אר,טיבון ויל אחזקות בעמ,,,יח`,3.20,100 גרם,false,1,24.90,7.78,true,1,
7290001873489,false,קרפצ`יו 120 גר`בלאק אנגוס מוכשר ארוז,טיבון ויל אחזקות בעמ,,,יח`,1.20,100 גרם,false,1,19.90,16.58,true,1,
7290001946121,false,פפריקה מרוקאית מתוקה תבליני ביטון 400 גרם,דין שיווק וקליה 2021 בעמ,,,יח`,4,100 גרם,false,1,19.90,4.98,false,1,
7290001973233,false,"קמיל בלו מגבונים לחים סנסיטיב ד""ר פישר 120 יחידות","פישר תעשיות פרמבצטיות בע""מ",,,יח`,120,יח`,false,1,10.90,0.09,false,1,
7290001990148,false,"סוכר גולדן קלאסי בצנצנת 1 ק""ג סוגת",האי נאם סי או אל.טי.,,,יח`,1,"ק""ג",false,1,13.90,13.90,true,1,
7290002007357,false,שקיות צליה דליקטס מיקרוגל הנמל 10 יח',הנמל אריזות ושיווק (1984) בעמ,,,יח`,1,,false,1,5.90,5.90,false,1,
7290002007982,false,מזלגות לבן 100 יח`הנמל,הנמל אריזות ושיווק (1984) בעמ,,,יח`,100,יח`,false,1,11.90,0.12,true,1,
7290002007999,false,צלחות פלסטיק גדולות חד פעמיות 50 יח,הנמל אריזות ושיווק (1984) בעמ,,,יח`,1,,false,1,15.90,15.90,true,1,
7290002008040,false,שיפודי במבוק הנמל 100 יחידות,הנמל אריזות ושיווק (1984) בעמ,,,יח`,1,,false,1,2.90,2.90,false,1,
7290002008149,false,מדליק פחם מוצק הנמל אריזת 40יח',הנמל אריזות ושיווק (1984) בעמ,,,יח`,1,,false,1,6.90,6.90,false,1,
7290002008460,false,עטרות חום 1.5 מספר הנמל,הנמל אריזות ושיווק (1984) בעמ,,,יח`,1,,false,1,4.90,4.90,false,1,
7290002008507,false,נייר אפיה הנמל 50 יחידות,הנמל אריזות ושיווק (1984) בעמ,,,יח`,1,,false,1,8.90,8.90,true,1,
7290002008989,false,קישקשים קשים לשתיה 225יח הנמל,הנמל אריזות ושיווק (1984) בעמ,,,יח`,1,,false,1,8.50,8.50,false,1,
7290002019114,false,רוטב עגבניות מרוכז מאד 28-30BX פריניר,ח.כהן סוכנות מזון ומשקאות בע,,,יח`,5.80,100 גרם,false,1,7.90,1.36,true,1,
7290002019183,false,"עגבניות מקולפות 800ג בד""ץ פריניר*",ח.כהן סוכנות מזון ומשקאות בע,,,יח`,8.50,100 גרם,false,1,6.90,0.81,true,1,
7290002019763,false,עגבניות מרוסקות 800ג פריניר ה.מכירה *,ח.כהן סוכנות מזון ומשקאות בע,,,יח`,8,100 גרם,false,1,6.90,0.86,true,1,
7290002019787,false,רוטב עגבניות מרוכז מאוד 260 גרם פריניר,ח.כהן סוכנות מזון ומשקאות בע,,,יח`,2.60,100 גרם,false,1,3.90,1.50,true,1,
7290002019794,false,רוטב עגבניות מרוכז מאוד 100 גרם פריניר,ח.כהן סוכנות מזון ומשקאות בע,,,יח`,1,100 גרם,false,1,1.90,1.90,true,1,
7290002037163,false,לחם אחיד פרוס ודש ברמן (750 גרם),מאפית י.את א. ברמן ב,,,יח`,7.50,100 גרם,false,1,6.90,0.92,false,1,
7290002037309,false,לחמניות המבורגר מאפיית ודש 8),מאפית י את א ברמן בע,,,יח`,4,100 גרם,false,1,12.50,3.13,false,1,
7290002037637,false,לחמניות הבית מתוקות מאפיית ודש) (4,מאפית י.את א. ברמן ב,,,יח`,4,100 גרם,false,1,11.90,2.98,false,1,
7290002040019,false,קוסקוס רגיל מזון קוסקוס (350 גרם),הנמל אריזות ושיווק (1984) בעמ,,,יח`,3.50,100 גרם,false,1,5.90,1.69,false,1,
7290002040064,false,קוסקוס דק להכנה מהירה בשקית 350 גרם,הנמל אריזות ושיווק (1984) בעמ,,,יח`,3.50,100 גרם,false,1,5.90,1.69,false,1,
7290002040071,false,קוסקוס עבה להכנה קלה ומהירה 350 גרם,הנמל אריזות ושיווק (1984) בעמ,,,יח`,3.50,100 גרם,false,1,5.90,1.69,false,1,
7290002040095,false,קוסקוס רגיל מארז 350X3ג' קוסקוס מזון,הנמל אריזות ושיווק (1984) בעמ,,,יח`,1,,false,1,13.90,13.90,false,1,
7290002043072,false,אקסטרה פריכיות אורז חום מלא בציפוי שוקולד חלב 70 גרם,א.ל.ייצור ושיווק תבלינים בעמ,,,יח`,0.70,100 גרם,false,1,8.90,12.71,true,1,
7290002043096,false,אקסטרה פריכוני אורז בציפוי שוקולד לבן בלגי,א.ל.ייצור ושיווק תבלינים בעמ,,,יח`,0.70,100 גרם,false,1,8.90,12.71,true,1,
7290002043218,false,אקסטרה צ'יפס אורז חום מלא מלח 60 גרם,א.ל ייצור ושיווק תבלינים בעמ,,,יח`,0.60,100 גרם,false,1,6.90,11.50,true,1,
7290002043225,false,אקסטרה צ'יפס אורז חום מלא פפריקה 60 גרם,א.ל.ייצור ושיווק תבלינים בעמ,,,יח`,0.60,100 גרם,false,1,6.90,11.50,true,1,
7290002043331,false,אקסטרה צ'יפס אורז חום מלא כוסמת 60 גרם,א.ל.ייצור ושיווק תבלינים בעמ,,,יח`,0.60,100 גרם,false,1,7.90,13.17,false,1,
7290002043782,false,אקסטרה צ'יפס אורז חום מלא טקסס ברביקיו 60 גרם,א.ל.ייצור ושיווק תבלינים בעמ,,,יח`,0.60,100 גרם,false,1,6.90,11.50,true,1,
7290002053088,false,אטריות ביצים דקיקים מספר 8 אוריינט 200 גרם,גורי מוצרי צריכה (1991) בעמ,,,יח`,2,100 גרם,false,1,7.90,3.95,true,1,
7290002053538,false,נודלס בסגנון תאילנדי 25 תוספת אוריינטל 500 גרם,גורי מוצרי צריכה (1991) בעמ,,,יח`,5,100 גרם,false,1,13.90,2.78,false,1,
7290002075035,false,אובלטים מלוחים דקיקים בשקיות 500 גרם,מ.ד אטיאס סוכנויות מזון בע`מ,,,יח`,5,100 גרם,false,1,17.90,3.58,false,1,
7290002077725,false,סלומון נורווגי מצונן דלידג 100ג',נטו מלינדה סחר בע`מ,,,יח`,1,100 גרם,false,1,18.90,18.90,false,1,
7290002105527,false,גולש עגל 800 גר' מחפוד קפוא,עוף ירושלים שיווק בעמ,,,יח`,8,100 גרם,false,1,49.90,6.24,false,1,
7290002107385,false,גליל גבינת עיזים מה עז משק צוריאל 180 גרם,החברה המרכזית טלהפצת משקאות בע,,,יח`,1.80,100 גרם,false,1,24.70,13.72,false,1,
7290002107491,false,גבינה לבנה מחלב עיזים למריחה 5% משק צוריאל 250 גרם,*החברה המרכזית להפצת משקאותבעמ,,,יח`,2.50,100 גרם,false,1,16.70,6.68,true,1,
7290002107798,false,גבינה בולגרית מעודנת 5% משק צוריאל 250 גרם,*החברה המרכזית להפצת משקאותבעמ,,,יח`,2.50,100 גרם,false,1,24.10,9.64,false,1,
7290002109372,false,בורקס פילו אצבעות בולגרי 700 ג' שלושת האופים,שלושת האופים שגמור,,,יח`,7,100 גרם,false,1,19.90,2.84,true,1,
7290002111085,false,"רוטב עגבניות 22% ""פרי מבורך"" 100 גרם","זנלכל בע""\מ",,,יח`,1,100 גרם,false,1,2.50,2.50,true,1,
7290002111818,false,גרעיני תירס מתוק ואקום פרי מבורך 400ג',"זנלכל בע""\מ",,,יח`,4,100 גרם,false,1,6.50,1.63,false,1,
7290002111825,false,גרעיני תירס מתוק 550 גרם פרי מבורך,"זנלכל בע""\מ",,,יח`,5.50,100 גרם,false,1,8.50,1.55,true,1,
7290002128311,false,נר נשמה בכוס זכוכית שבועי מנורה שי נר,"מנורה שי נר בע""מ",,,יח`,1,,false,1,9.90,9.90,false,1,
7290002128403,false,נרות שבת אורה מס 4 מנורה שי נר,אבאל יזמות בעמ,,,יח`,1,,false,1,2.90,2.90,false,1,
7290002128410,false,נרות שבת שבת אורה מס`6,אבאל יזמות בעמ,,,יח`,1,,false,1,2.90,2.90,false,1,
7290002128786,false,זוגות כוסיות לנריות,"מנורה שי נר בע""מ",,,יח`,1,,false,1,4.90,4.90,false,1,
7290002128946,false,נר נשמה בכוס ל48 שעות מנורה שי נר,מנורה אור חדש בעמ,,,יח`,1,,false,1,4.90,4.90,true,1,
7290002129455,false,פיצה איטלקית XL גדולה שלושת האופים 450 גרם,נטו מלינדה סחר בעמ,,,יח`,4.50,100 גרם,false,1,19.90,4.42,false,1,
7290002129462,false,פיצה איטלקית דקה שלושת האופים מארז זוג 640 ג',נטו מלינדה סחר בעמ,,,יח`,6.40,100 גרם,false,1,26.90,4.20,true,1,
7290002129479,false,פיצה איטלקית דקה שלושת האופים 320 גר,האי נאם סי או אל.טי.,,,יח`,3.20,100 גרם,false,1,13.90,4.34,true,1,
7290002129486,false,פיצה איטלקית דקה זיתים 340 ג' שלושת האופים,האי נאם סי או אל.טי.,,,יח`,3.40,100 גרם,false,1,14.90,4.38,true,1,
7290002130567,false,דבש דבורים טהור פרחי בר יד מרדכי 350 גרם,מכוורת יד מרדכי שטראוס ב,,,יח`,3.50,100 גרם,false,1,16.90,4.83,false,1,
7290002130574,false,דבש טהור מפרחי בר בזכוכית 500 ג' יד מרדכי,מכוורת יד מרדכי שטראוס ב,,,יח`,5,100 גרם,false,1,24.90,4.98,false,1,
7290002130581,false,דבש טהור מפרחי בר יד מרדכי (1 קג),מכוורת יד מרדכי שטראוס ב,,,יח`,1,"ק""ג",false,1,42.90,42.90,false,1,
7290002132011,false,עוגיות מזרחיות עם שומשום עבאדי (400 גר),מאפיית יוסף ושמחה עבאדי,,,יח`,4,100 גרם,false,1,16.90,4.23,true,1,
7290002157960,false,טונה ויליגר רביעייה 140 גר במי מלח,נטו מילנדה סחר בעמ*,,,יח`,1.40,100 גרם,false,1,19.90,14.21,false,1,
7290002190516,false,"ריבת חלב גלעם-קומידה 500ג' 12X-כשל""פ",תומר יבוא ושיווק מוצרי מזון (1,,,יח`,5,100 גרם,false,1,12.90,2.58,false,1,
7290002195054,false,המבורגר קפוא בלדי (400 גרם),יוליניבר,,,יח`,4,100 גרם,false,1,11.90,2.98,false,1,
7290002195078,false,קבב כבש קפוא בלדי (400 גרם),בלדי בעמ,,,יח`,4,100 גרם,false,1,11.90,2.98,false,1,
7290002195085,false,קבב מזרחי קפוא בלדי (400 גרם),יוליניבר,,,יח`,4,100 גרם,false,1,11.90,2.98,false,1,
7290002195092,false,קבב רומני קפוא בלדי (400 גרם),בלדי בעמ,,,יח`,4,100 גרם,false,1,11.90,2.98,false,1,
7290002232995,false,ציפוי פז דגש 500גר ללא גלוטן.,נטורפוד בעמ,,,יח`,5,100 גרם,false,1,26.90,5.38,false,1,
7290002239185,false,אפונת גינה קפואה פרי גליל 800 גרם,ויטה -פרי גליל (החדשה) בעמ,,,יח`,8,100 גרם,false,1,9.90,1.24,false,1,
7290002239215,false,אפונה וגזר קפוא פרי גליל 800 גרם,ויטה -פרי גליל (החדשה) בעמ,,,יח`,8,100 גרם,false,1,9.90,1.24,false,1,
7290002239277,false,גזר גמדי קפוא פרי גליל 800ג',ויטה- פרי גליל (החדשה) בעמ,,,יח`,8,100 גרם,false,1,9.90,1.24,false,1,
7290002239307,false,שעועית צהובה חתוכה 800 גר`פרי גליל,ויטה פרי גליל (החדשה) בע`מ,,,יח`,8,100 גרם,false,1,9.90,1.24,false,1,
7290002239420,false,תירס גרעינים 800 ג ' פרי הגליל,ויטה- פרי גליל (החדשה) בעמ,,,יח`,8,100 גרם,false,1,9.90,1.24,false,1,
7290002253006,false,שום טרי כתוש צנצנת דורות 200 גרם,קבוצת אוסם סחר-שות.מוגבלת,,,יח`,2,100 גרם,false,1,15.90,7.95,false,1,
7290002253150,false,קוביות בזיליקום קצוץ דורות 70 גרם,קבוצת אוסם סחר שותפות מוגבלת,,,יח`,0.70,100 גרם,false,1,10.90,15.57,false,1,
7290002253181,false,כוסברה טרייה קצוצה 20 קוביות 70 גרם קפוא,קבוצת אוסם סחר שותפות מוגבלת,,,יח`,0.70,100 גרם,false,1,10.90,15.57,false,1,
7290002259640,false,דיימונד רדיד אלומיניום צר 30 ס''מ 7.5 מ'-,ריינולדס מוצרי צריכה,,,יח`,1,,false,1,12.90,12.90,false,1,
7290002263562,false,מיץ לימון משומר( 200 מל)תבליני מימון,א.ל.ייצור ושיווק תבלינים בעמ,,,יח`,2,"100 מ""ל",false,1,6.90,3.45,false,1,
7290002277422,false,ריבועי בצק עלים מרודד 700 גרם שלושת האופים,נטו מלינדה סחר בע`מ,,,יח`,7,100 גרם,false,1,19.90,2.84,true,1,
7290002278528,false,כריות ניקוי שבתכלין ביאנקו שייני 2 יחידות,מ.א.ייצור ויבוא מטליות בעמ,,,יח`,1,,false,1,7.90,7.90,false,1,
7290002281405,false,זוג סלט סלמון מעושן פיקנטי ויליגר 2*160 גרם,"ויליגר תעשיות בע""\מ",,,יח`,3.20,100 גרם,false,1,9.90,3.09,false,1,
7290002281498,false,גבינה צהובה מגורדת על בסיס חלב 500 ג' ריץ,נטו מילנדה סחר בעמ*,,,יח`,5,100 גרם,false,1,24.90,4.98,true,1,
7290002291046,false,המבורגר מסעדות 480 גרם הקצביה בלדי,יוליניבר,,,יח`,4.80,100 גרם,false,1,24.90,5.19,false,1,
7290002317081,false,זיתים נטולי גלעין +20% 670ג A2 מטולה,שימורי מוטולה בעמ,,,יח`,5.60,100 גרם,false,1,9.90,1.77,true,1,
7290002317128,false,מלפפון 560ג במלח 10-12 A2 מטולה,שימורי מוטולה בעמ,,,יח`,5.60,100 גרם,false,1,9.90,1.77,true,1,
7290002317135,false,מלפפון 560ג במלח 13-17 A2 מטולה,שימורי מוטולה בעמ,,,יח`,5.60,100 גרם,false,1,9.90,1.77,false,1,
7290002317166,false,מלפפון 560ג בחומץ 10-12 A2 מטולה,שימורי מוטולה בעמ,,,יח`,5.60,100 גרם,false,1,9.90,1.77,true,1,
7290002317173,false,מלפפון בחומץ 13-17 560ג A2 מטולה,שימורי מוטולה בעמ,,,יח`,5.60,100 גרם,false,1,9.90,1.77,false,1,
7290002317265,false,מלפפון 650ג במלח +20% 7-9 A2 מטולה,שימורי מוטולה בעמ,,,יח`,5.60,100 גרם,false,1,7.90,1.41,true,1,
7290002317289,false,חצילים מוחמצים 560 גרם,שימורי מוטולה בעמ,,,יח`,5.60,100 גרם,false,1,8.90,1.59,true,1,
7290002317296,false,פלפל חריף שיפקה 670ג 20%+A2 מטולה,שימורי מוטולה בעמ,,,יח`,5.40,100 גרם,false,1,8.90,1.65,true,1,
7290002317319,false,מלפפון 650ג בחומץ +20% 7-9 A2 מטולה,שימורי מוטולה בעמ,,,יח`,3.48,100 גרם,false,1,7.90,2.27,true,1,
7290002317326,false,זיתים מנזולינו 12-15 +20% 670ג A2 מטולה,שימורי מוטולה בעמ,,,יח`,5.60,100 גרם,false,1,8.90,1.59,true,1,
7290002317357,false,פלפל שיפקה חריף צנצנת זכוכית מוטולה,אבאל יזמות בעמ,,,יח`,5.50,100 גרם,false,1,8.90,1.62,true,1,
7290002317371,false,זיתים מושחר נטול גלעין 560ג A2 מטולה,שימורי מוטולה בעמ,,,יח`,5.60,100 גרם,false,1,9.90,1.77,false,1,
7290002317456,false,פלפל אדום רצועות מוטולה,שימורי מוטולה בעמ,,,יח`,3.30,100 גרם,false,1,8.90,2.70,true,1,
7290002317579,false,זיתים טבעות ירוק 560ג A2 מטולה,שימורי מוטולה בעמ,,,יח`,5.60,100 גרם,false,1,9.90,1.77,true,1,
7290002317609,false,כרוב כבוש 560ג A2 מטולה,שימורי מוטולה בעמ,,,יח`,5.60,100 גרם,false,1,8.90,1.59,true,1,
7290002317616,false,זיתים מרינט 17-19 560ג A2 מטולה,שימורי מוטולה בעמ,,,יח`,5.60,100 גרם,false,1,9.90,1.77,false,1,
7290002317661,false,זיתים מנזולינו גדול מאוד זכוכית מוטולה,שימורי מוטולה בעמ,,,יח`,5.60,100 גרם,false,1,9.90,1.77,false,1,
7290002317678,false,חרוזית ירוק צנצנת זכוכית מוטולה,שימורי מוטולה בעמ,,,יח`,5.60,100 גרם,false,1,9.90,1.77,false,1,
7290002317852,false,מלפפון ביתי בצנצנת מוטולה (900גר`),שימורי מוטולה בעמ,,,יח`,9,100 גרם,false,1,29.90,3.32,false,1,
7290002319016,false,אבקת אפיה עשיריות מיה 100 גרם,מיה תעשיות מזון מ.ת.מ. בעמ,,,יח`,1,100 גרם,false,1,2.90,2.90,true,1,
7290002319023,false,סוכר וניל עשיריות מיה 100 גרם,מיה תבליני החיים ירושלים בע`מ,,,יח`,1,100 גרם,false,1,2.90,2.90,true,1,
7290002319047,false,אגוזי המלך 100 גר' מיה,מיה תעשיות מזון מ.ת.מ. בעמ,,,יח`,1,100 גרם,false,1,11.90,11.90,false,1,
7290002319054,false,פרג טחון מיה 100 גרם,מיה תעשיות מזון מ.ת.מ. בעמ,,,יח`,1,100 גרם,false,1,6.90,6.90,false,1,
7290002319061,false,קוקוס טחון מיה (100 גרם),מיה תעשיות מזון מ.ת.מ. בעמ,,,יח`,1,100 גרם,false,1,2.90,2.90,false,1,
7290002319078,false,שומשום 100 גרם מיה,מיה תעשיות מזון מ.ת.מ. בעמ,,,יח`,1,100 גרם,false,1,2.90,2.90,false,1,
7290002319115,false,חומוס גדול יבש מיה 500 גר',מיה תעשיות מזון מ.ת.מ. בעמ,,,יח`,5,100 גרם,false,1,7.90,1.58,true,1,
7290002319139,false,שעועית לבנה יבשה מיה 500 ג',מיה תעשיות מזון מ.ת.מ. בעמ,,,יח`,5,100 גרם,false,1,9.90,1.98,true,1,
7290002319146,false,שעועית אדומה מיה (500 גרם),מיה תעשיות מזון מ.ת.מ. בעמ,,,יח`,5,100 גרם,false,1,11.90,2.38,false,1,
7290002319160,false,אפונה ירוקה יבשה מיה 500 ג',מיה תעשיות מזון מ.ת.מ. בעמ,,,יח`,5,100 גרם,false,1,6.90,1.38,true,1,
7290002319177,false,פופקורן גרעינים מיה 500 גר',מיה תעשיות מזון מ.ת.מ. בעמ,,,יח`,5,100 גרם,false,1,6.90,1.38,false,1,
7290002319184,false,עדשים אדומים יבשים מיה 500 גר',מיה תעשיות מזון מ.ת.מ. בעמ,,,יח`,5,100 גרם,false,1,9.90,1.98,true,1,
7290002319191,false,עדשים ירוקים יבשים מיה 500 גר',מיה תעשיות מזון מ.ת.מ. בעמ,,,יח`,5,100 גרם,false,1,7.90,1.58,true,1,
7290002319221,false,חיטה מיה (500 גרם),מיה תעשיות מזון מ.ת.מ. בעמ,,,יח`,5,100 גרם,false,1,5.90,1.18,true,1,
7290002319375,false,"קורנפלור 200 ג' בד""ץ מיה",מיה תעשיות מזון מ.ת.מ. בעמ,,,יח`,2,100 גרם,false,1,5,2.50,false,1,
7290002319771,false,תמצית אפיה בטעם וניל מיה (50 מל),מיה תעשיות מזון מ.ת.מ. בעמ,,,יח`,0.50,"100 מ""ל",false,1,3.90,7.80,false,1,
7290002319788,false,תמצית אפיה בטעם רום כשלפ בדצ העדח,מיה תעשיות מזון מ.ת.מ. בעמ,,,יח`,0.60,"100 מ""ל",false,1,3.90,6.50,false,1,
7290002319825,false,"אבקת סוכר 100 ג`בד""ץ מיה",מיה תעשיות מזון מ.ת.מ. בעמ,,,יח`,1,100 גרם,false,1,2.50,2.50,true,1,
7290002327028,false,ג'חנון תימני 3 האופים 650 גר',נטו מלינדה סחר בעמ,,,יח`,6.50,100 גרם,false,1,15.90,2.45,true,1,
7290002327042,false,"בורקס תפו""א 800 גר' שלושת האופים קהילות",נטו מלינדה סחר בע`מ,,,יח`,8,100 גרם,false,1,17.90,2.24,true,1,
7290002327059,false,"בצק עלים 1 ק""ג שלושת האופים קהילות",נטו מלינדה סחר בע`מ,,,יח`,10,100 גרם,false,1,17.90,1.79,true,1,
7290002327066,false,קונכיות בצק למילוי 625 גרם שלושת האופים,נטו מלינדה סחר בע`מ,,,יח`,6.25,100 גרם,false,1,21.90,3.50,true,1,
7290002327073,false,בורקס גבינה 800 גר' שלושת האופים קהילות,נטו מלינדה סחר בע`מ,,,יח`,8,100 גרם,false,1,19.90,2.49,true,1,
7290002327103,false,שלושת האופים ג'חנון תימני 900 גרם,נטו מלינדה סחר בעמ,,,יח`,1,"ק""ג",false,1,20.90,20.90,true,1,
7290002327912,false,מיני בורקס גבינה 700 גר`שלושת האופים,נטו מלינדה סחר בעמ,,,יח`,7,100 גרם,false,1,19.90,2.84,true,1,
7290002329619,false,עוגת שוקולד צ'יפס עוגל'ה 350 גרם,בני פאוזי שמשום (2009) בעמ,,,יח`,3.50,100 גרם,false,1,6.90,1.97,true,1,
7290002329626,false,שיש- עוגה 350 גר' תבואות בר,בני פאוזי שמשום (2009) בעמ,,,יח`,3.50,100 גרם,false,1,6.90,1.97,true,1,
7290002329633,false,עוגת תפוח עץ עוגל'ה 350 גרם,בני פאוזי שמשום (2009) בעמ,,,יח`,3.50,100 גרם,false,1,6.90,1.97,true,1,
7290002329640,false,עוגת לימון עוגל'ה 350 גרם,בני פאוזי שמשום (2009) בעמ,,,יח`,3.50,100 גרם,false,1,6.90,1.97,true,1,
7290002329664,false,עוגת אנגלית עוגל'ה 350 גרם,בני פאוזי שמשום (2009) בעמ,,,יח`,3.50,100 גרם,false,1,6.90,1.97,true,1,
7290002329695,false,עוגת וניל הארץ עוגל'ה 350 גרם,בני פאוזי שמשום (2009) בעמ,,,יח`,3.50,100 גרם,false,1,6.90,1.97,true,1,
7290002329718,false,עוגת דבש עוגל'ה 350 גרם-יחידה,בני פאוזי שמשום (2009) בעמ,,,יח`,3.50,100 גרם,false,1,6.90,1.97,true,1,
7290002329961,false,עוגת שוקוצ'ינו עוגל'ה 350 גרם,בני פאוזי שמשום (2009) בעמ,,,יח`,3.50,100 גרם,false,1,6.90,1.97,true,1,
7290002331094,false,"מים מינרליים GO TO נביעות 755 מ""ל",החברה המרכזית להפצת משקאות בעמ,,,יח`,7.50,"100 מ""ל",false,1,3.50,0.43,false,1,
7290002331360,false,"נביעות מים מינרליים טו גו מארז 500X6מ""ל",החברה המרכזית להפצת משקאות בעמ,,,יח`,3,1 ליטר,false,1,15.70,4.63,true,1,
7290002331421,false,"שישיית מים מינרליים GO TO נביעות 755 מ""ל",החברה המרכזית להפצת משקאות בעמ,,,יח`,4.53,1 ליטר,false,1,16.90,3.33,false,1,
7290002331483,false,נביעות מים מינרלים שישיה בייבי 330 מ`ל,החברה המרכזית להפצת משקאות בעמ,,,יח`,19.20,"100 מ""ל",false,1,13.90,0.63,false,1,
7290002331490,false,מים מינרלים נביעות (1 ליטר),החברה המרכזית להפצת משקאות בעמ,,,יח`,1,1 ליטר,false,1,3.20,3.20,true,1,
7290002331636,false,מים מינרלים נביעות מ,החברה המרכזית להפצת משקאות בעמ,,,יח`,15,"100 מ""ל",false,1,2.90,0.19,false,1,
7290002345015,false,סינטה דק דק אל גאוצ'ו 250ג' מינוט,"טיבון ויל אחזקות בע""\מ",,,יח`,2.50,100 גרם,false,1,24.90,9.96,true,1,
7290002345022,false,אנטריקוט דק דק מינוט סטייק אל גאוצ'ו 250 גרם,"טיבון ויל אחזקות בע""\מ",,,יח`,2.50,100 גרם,false,1,24.90,9.96,true,1,
7290002345077,false,דק דק שניצל בקר 250 גר`טיבון ויל אל גא,"טיבון ויל אחזקות בע""\מ",,,יח`,2.50,100 גרם,false,1,14.90,5.96,false,1,
7290002353836,false,סרדינים רוברט בשמן זית 115 גרם,קונסרבס פורטוגל נורטה,,,יח`,1.15,100 גרם,false,1,7.90,6.87,true,1,
7290002360155,false,חליטת תה פרחי שומר פומפדור 20 שקיקים,ש. שסטוביץ בע`מ,,,יח`,0.40,100 גרם,false,1,15.90,39.75,true,1,
7290002360278,false,חליטת צמחים פומפדור מנטה 20 יחידות,"איטיליאן פוד, אס.פי.",,,יח`,0.45,100 גרם,false,1,15.90,35.33,true,1,
7290002371526,false,דקניקים סלסולי פסטרמה שום וצילי פיקנטי טירת צבי 120 גרם,תנובה מרכז שיתופי לשיווק תוצרת,,,יח`,1.20,100 גרם,false,1,15.90,13.25,true,1,
7290002371533,false,דקניקים סלסולי פסטרמה דבש טירת צבי 120 גרם,תנובה מרכז שיתופי לשיווק תוצרת,,,יח`,1.20,100 גרם,false,1,15.90,13.25,true,1,
7290002371854,false,נקניקיות עוף חריפות טירת צבי 2 * 500 גרם,תנובה מרכז שיתופי לשיווק תוצרת,,,יח`,1,1 ליטר,false,1,31.90,31.90,true,1,
7290002374312,false,שמן קנולה מזוכך 6% מילומור (1 ליטר),"נארז ע""י : א.ג. גילר",,,יח`,1,1 ליטר,false,1,10.90,10.90,false,1,
7290002374640,false,שמן בריאות קנולה פלוס אומגה 3 עץ הזית 1 ליטר,סוגת תעשיות בעמ,,,יח`,1,1 ליטר,false,1,16.90,16.90,false,1,
7290002407034,false,זית סורי ירוק( 800 גר`)גהשאן סורי,אבאל יזמות בעמ,,,יח`,8,100 גרם,false,1,21.90,2.74,true,1,
7290002407348,false,שמן זית ג`השאן כתית מעולה 750 מל`,משק משפחת ג'השאן,,,יח`,7.50,"100 מ""ל",false,1,34.90,4.65,true,1,
7290002407645,false,שמן זית כתית מעולה ( 750 מל) ארץ הגליל,אבאל יזמות בעמ,,,יח`,7.50,"100 מ""ל",false,1,29.90,3.99,true,1,
7290002453512,false,קבב כבש ביתי 800 גר`זוהר,זהר בשר עופות ובשר בעמ,,,יח`,8,100 גרם,false,1,31.90,3.99,false,1,
7290002453529,false,המבורגר אנטריקוט קפוא 400 גר זהר,זהר בשר עופות ובשר בעמ,,,יח`,4,100 גרם,false,1,22.90,5.73,false,1,
7290002453802,false,קבב אסלי ג`מבו רומני 1 קג זוהר,זהר בשר עופות ובשר בעמ,,,יח`,1,"ק""ג",false,1,31.90,31.90,false,1,
7290002487364,false,שלושת האופים ב. פילו גבינה זיתים 700 גר לנדא,שלושת האופים שגמור,,,יח`,7,100 גרם,false,1,19.90,2.84,true,1,
7290002507451,false,קציצות דג סלמון דלידג 750 גר',נטו מלינדה סחר בעמ,,,יח`,7.50,100 גרם,false,1,30.90,4.12,true,1,
7290002507604,false,פיצה שגב השף מאיטליה 350 גרם,האי נאם סי או אל.טי.,,,יח`,3.20,100 גרם,false,1,15.90,4.97,true,1,
7290002512004,false,מלווח צנעני 900 גרם קפוא,צנעני מוצרי בצק בעמ,,,יח`,9,100 גרם,false,1,19.90,2.21,false,1,
7290002512011,false,ג חנון בצק 900ג צנעני,צנעני מוצרי בצק בעמ,,,יח`,9,100 גרם,false,1,19.90,2.21,false,1,
7290002512035,false,בצק עלים צנעני (1 קג),צנעני מוצרי בצק בעמ,,,יח`,1,"ק""ג",false,1,17.90,17.90,true,1,
7290002512257,false,מלווח מפחת שומן 700 גרם צנעני,צנעני מוצרי בצק בעמ,,,יח`,7,100 גרם,false,1,17.90,2.56,true,1,
7290002515333,false,"ד""ר פישר - קמיל בלו סנסיטיב אל סבון עדין לתינוק 500 מ""ל","פישר תעשיות פרמבצטיות בע""מ",,,יח`,5,"100 מ""ל",false,1,17.90,3.58,false,1,
7290002515364,false,"קמיל בלו אל סבון לתינוק קלאסיק ד""ר פישר 500 מ""ל","פישר תעשיות פרמצביטות בע""מ",,,יח`,5,"100 מ""ל",false,1,15.90,3.18,false,1,
7290002515371,false,"קמיל בלו אל סבון לתינוקות ד""ר פישר 1 ליטר","פישר תעשיות פרמצבטיות בע""מ",,,יח`,1,1 ליטר,false,1,30.90,30.90,true,1,
7290002517276,false,פלפל אנגלי שלם 25 גר' טעם וריח,תבליני טעם וריח בעמ,,,יח`,0.25,100 גרם,false,1,9.90,39.60,false,1,
7290002517566,false,"תערובת תיבול לדג 80 גרם ""טעם וריח""",תבליני טעם וריח בעמ,,,יח`,0.80,100 גרם,false,1,12.90,16.13,false,1,
7290002517801,false,תבלין צ'ילי כתוש - חריף (פלפל קיינה) 30 ג',"תבליני טעם וריח בע""מ",,,יח`,0.30,100 גרם,false,1,6.90,23,false,1,
7290002517863,false,תבלין ציפורן טחון 80ג',"תבליני טעם וריח בע""מ",,,יח`,0.40,100 גרם,false,1,9.90,24.75,false,1,
7290002542506,false,"בקבוק בירה קורונה 355 מ""ל",קריניציה ויטמינה אס,,,יח`,3.55,"100 מ""ל",false,1,9.90,2.70,false,1,
7290002542780,false,"שישייה בירה סטלה ארטואה בקבוק 330X6 מ""ל","אינבב, ברוורייפליין",,,יח`,1.98,1 ליטר,false,1,34.90,16.72,true,1,
7290002542865,false,"שישייה בירה הוגרדן בקבוק 330X6 מ""ל","אינבב, ברוורייפליין",,,יח`,1.98,1 ליטר,false,1,49.90,24.29,false,1,
7290002603016,false,רביעיית טונה במים ויליגר 140 גרם,נטו מלינדה סחר בעמ,,,יח`,4.60,100 גרם,false,1,19.90,4.33,false,1,
7290002603634,false,פיצה תפזורת משולש 80 גר`בעלז,נטו מילנדה סחר בעמ*,,,יח`,0.80,100 גרם,false,1,2.90,3.63,true,1,
7290002618263,false,טבעות בצל 600 גר`שף הטבע,קפוא-זן תעשיות מזון בעמ - תפוג,,,יח`,6,100 גרם,false,1,14.90,2.48,false,1,
7290002627098,false,פיצה ביס 350 גר` שלושת האופים 12 יח,שגמור ייצור ושווק מוצרי,,,יח`,3.50,100 גרם,false,1,15.90,4.54,true,1,
7290002627210,false,גפילטע פיש קציצות מדגי קרפיון וכסיף בצנצנת 560 גרם,האי נאם סי או אל.טי.,,,יח`,5.60,100 גרם,false,1,9.90,1.77,false,1,
7290002628088,false,טחון הודו 500גרם קפוא ארוז,בלדי בע`מ,,,יח`,5,100 גרם,false,1,10.90,2.18,false,1,
7290002628293,false,טחון עוף קפוא 500 גרם בלדי,בלדי בע`מ,,,יח`,5,100 גרם,false,1,10.90,2.18,false,1,
7290002661153,false,לחם דני קל פרוס ברמן (1 קג),מאפית י את א ברמן בע,,,יח`,10,100 גרם,false,1,15.90,1.59,false,1,
7290002661443,false,פירורי לחם מוזהבים עדינים 200 גר.,י.את א. ברמן בעמ,,,יח`,2,100 גרם,false,1,3,1.50,false,1,
7290002661474,false,פרורי לחם זהוב עם שומשום 200 גר,י.את א. ברמן בעמ,,,יח`,2,100 גרם,false,1,3,1.50,false,1,
7290002692393,false,שמן קנולה מזוכך מועשר עץ הזית (1 ליטר),סוגת תעשיות בעמ,,,יח`,1,1 ליטר,false,1,15.90,15.90,true,1,
7290002692768,false,"תרסיס שמן קנולה מזוכך ללא תוספת גז עץ הזית 200 מ""ל",טרנסומס פוד איי בי,,,יח`,2,"100 מ""ל",false,1,19.90,9.95,true,1,
7290002692775,false,"תרסיס שמן קנולה בטעם חמאה עץ הזית 200 מ""ל",סוגת תעשיות בעמ,,,יח`,2,"100 מ""ל",false,1,19.90,9.95,true,1,
7290002692782,false,"תרסיס שמן זית כתית מעולה ללא תוספת גז עץ הזית 150 מ""ל",י.ב טכנולוגיות אריזה,,,יח`,1.50,"100 מ""ל",false,1,19.90,13.27,false,1,
7290002703068,false,צנצנת דבש עין חרוד 1,קונסיגנציה-דין שיווק וקליה 202,,,יח`,1,,false,1,43,43,false,1,
7290002715504,false,ארוחת נודלס בטעם עוף מג`יק (70 גרם),נטו מלינדה סחר בע`מ,,,יח`,0.70,100 גרם,false,1,4.50,6.43,false,1,
7290002715511,false,ארוחת נודלס בטעם בשר מג`יק (70 גרם),נטו מילנדה סחר בעמ*,,,יח`,0.70,100 גרם,false,1,4.50,6.43,false,1,
7290002715528,false,ארוחת נודלס בטעם ירקות מג`יק (70 גרם),נטו מילנדה סחר בעמ*,,,יח`,0.70,100 גרם,false,1,4.50,6.43,false,1,
7290002715580,false,ארוחת נודלס בטעם סיני חריף מג'יק 70 גרם,נטו מילנדה סחר בעמ*,,,יח`,0.70,100 גרם,false,1,4.50,6.43,false,1,
7290002730262,false,נוזל לניקוי כלים קלאסי פלמוליב (750 מל),יבואן ומשווק: ש. שסט,,,יח`,7.50,"100 מ""ל",false,1,12.90,1.72,true,1,
7290002730521,false,צימרוני אוזניים בלונס בקופסא 200 יח',ש. שסטוביץ בע`מ,,,יח`,1,100 גרם,false,1,6.90,6.90,false,1,
7290002730811,false,"משחת שיניים ג'ל פסים מרעננים קולגייט 100 מ""ל",הנסיך- מפעל לייצור ט,,,יח`,1.38,100 גרם,false,1,12.90,9.35,true,1,
7290002730903,false,פלמוליב סבון מוצק ורדים רביעייה * 125 ג',הנסיך- מפעל לייצור ט,,,יח`,4,100 גרם,false,1,14.90,3.73,false,1,
7290002730941,false,כדורי צמר גפן בלונס 100 יחידות,הנסיך- מפעל לייצור ט,,,יח`,1,100 גרם,false,1,6.90,6.90,false,1,
7290002735007,false,"בצק עלים מרודד ינון 1 ק""ג",קפוא-זן תעשיות מזון בעמ - תפוג,,,יח`,1000,"ק""ג",false,1,13.90,0.01,false,1,
7290002735014,false,מלווח ארוז יינון 800 גר`,קפוא-זן תעשיות מזון בעמ - תפוג,,,יח`,8,100 גרם,false,1,13.90,1.74,false,1,
7290002735021,false,ג`חנון ארוז 750 גר`יינון,קפוא-זן תעשיות מזון בעמ - תפוג,,,יח`,7.50,100 גרם,false,1,13.90,1.85,false,1,
7290002735113,false,בורקס גבינה ינון 800 גר`,קפוא-זן תעשיות מזון בעמ - תפוג,,,יח`,8,100 גרם,false,1,16.90,2.11,false,1,
7290002735120,false,"בורקס תפו""א ינון 800 גרם",קפוא-זן תעשיות מזון בעמ - תפוג,,,יח`,8,100 גרם,false,1,13.90,1.74,false,1,
7290002735274,false,ג'חנון אפוי ינון 600 גרם,קפוא-זן תעשיות מזון בעמ - תפוג,,,יח`,6,100 גרם,false,1,16.90,2.82,false,1,
7290002752332,false,"סוכריות מנטוס פירות בגליל, 37.5 גרם",הדקלאים אגודת שיתופי,,,יח`,0.3750,100 גרם,false,1,3.90,10.40,true,1,
7290002757139,false,מלוואח 700 גר' שלושת האופים קהילות,נטו מלינדה סחר בע`מ,,,יח`,7,100 גרם,false,1,15.90,2.27,true,1,
7290002757146,false,"קובה חמוסטה למרק שלושת האופים 1 ק""ג",נטו מלינדה סחר בע`מ,,,יח`,1,"ק""ג",false,1,19.90,19.90,true,1,
7290002757511,false,דלידג קציצות דג לבישול 750 גר קהילות,נטו מלינדה סחר בע`מ,,,יח`,7.50,100 גרם,false,1,28.90,3.85,true,1,
7290002757528,false,"בורקס פילו תפו""א 700 גרם שלושת האופים",נטו מלינדה סחר בע`מ,,,יח`,7,100 גרם,false,1,19.90,2.84,true,1,
7290002757665,false,קבב מזרחי טיבון ויל 400 ג',נטו מלינדה סחר בעמ,,,יח`,4,100 גרם,false,1,10.90,2.73,true,1,
7290002757672,false,המבורגר מזרחי טיבון ויל 400ג',נטו מילנדה סחר בעמ*,,,יח`,4,100 גרם,false,1,10.90,2.73,true,1,
7290002768043,false,"תיאדנט מי-פה ענק פלאוריד 150 מ""ל",החברה הדרומית לשיווק בעמ,,,יח`,1.50,"100 מ""ל",false,1,14.90,9.93,false,1,
7290002768074,false,אל סבון נוזלי רגיל דרמפון 1 ליטר,החברה הדרומית לשיווק בעמ,,,יח`,1,1 ליטר,false,1,17.90,17.90,false,1,
7290002768159,false,"קצף אמבט בת אורן קרליין 500 מ""ל",החברה הדרומית לשיווק בעמ,,,יח`,5,"100 מ""ל",false,1,17.90,3.58,false,1,
7290002775010,false,מיני בורקס פילו גבינה שלושת האופים מהדרין 650 ג',שלושת האופים שגמור,,,יח`,6.50,100 גרם,false,1,19.90,3.06,true,1,
7290002782742,false,"פנינה רוזנבלום - דאודורנט ספריי לאישה מס' 2 150 מ""ל",פנינה רוזנבלום בעמ,,,יח`,1.50,"100 מ""ל",false,1,16.90,11.27,false,1,
7290002782759,false,קרם גוף מספר 2 פנינה רוזנבלום (340 מל),"פנינה רוזנבלום בע""מ",,,יח`,4,"100 מ""ל",false,1,23.90,5.98,false,1,
7290002787884,false,"מקלות פילו תפו""א 600 גרם שלושת האופים",נטו מלינדה סחר בע`מ,,,יח`,6,100 גרם,false,1,19.90,3.32,true,1,
7290002787891,false,מקלות פילו תרד 600 גרם שלושת האופים,נטו מלינדה סחר בע`מ,,,יח`,6,100 גרם,false,1,19.90,3.32,true,1,
7290002814016,false,"מסיר שומנים מתז 750 מ""ל סנט מוריץ כשל""פ עד""ח",קומפלקס כימיקלסבעמ ~~~,,,יח`,7.50,"100 מ""ל",false,1,12.90,1.72,false,1,
7290002814054,false,סנט מוריץ מתז אנטרטיק מתז 1 ליטר,קומפלקס כימיקלסבעמ ~~~,,,יח`,10,"100 מ""ל",false,1,11.90,1.19,false,1,
7290002814078,false,סנט מוריץ נוזל לניקוי אמבט אנטרטיק 1ל',קומפלקס כימיקלסבעמ ~~~,,,יח`,1,1 ליטר,false,1,7.90,7.90,true,1,
7290002814290,false,קצף מרוכז blanco בניחוח לימון משמיד 99.9% חיידקים סנט מוריץ 1 ליטר,קומפלקס כימיקלים בעמ,,,יח`,1,1 ליטר,false,1,12.90,12.90,true,1,
7290002814603,false,"סנט מוריץ - מרסס מסיר שומנים קר מבושם לימון 750 מ""ל",קומפלקס כימיקלים בעמ,,,יח`,7.50,"100 מ""ל",false,1,12.90,1.72,true,1,
7290002814719,false,נוזל רצפות סנט מוריץ אסלות מאסק 4 ליטר,קומפלקס כימיקלים בעמ,,,יח`,40,"100 מ""ל",false,1,11.90,0.30,false,1,
7290002814825,false,סבון אסלה כדוריות שלישייה אוקינוס כחול ס,קומפלקס כימיקלים בעמ,,,יח`,1.50,100 גרם,false,1,9.90,6.60,false,1,
7290002814870,false,"סנט מוריץ - מרסס מסיר שומנים קר מבושם לוונדר\פרחים 750 מ""ל",קומפלקס כימיקלים בעמ,,,יח`,7.50,"100 מ""ל",false,1,12.90,1.72,true,1,
7290002814931,false,סנט מוריץ שמפו רצפות בניחוח פרחים 4 ליטר - מרכז,קומפלקס כימיקלים בעמ,,,יח`,4,1 ליטר,false,1,11.90,2.98,false,1,
7290002824183,false,"גבינה לבנה סקי 500 גרם 5% ""שטראוס"" -מוצר בפיקוח",שטראוס גרופ בעמ/מצונן,,,יח`,5,100 גרם,false,1,9.50,1.90,false,1,
7290002824466,false,יוגורט דנונה ביו לבן 0% שומן 200 גרם,שטראוס גרופ בעמ/מצונן,,,יח`,2,"100 מ""ל",false,1,3.50,1.75,false,1,
7290002824640,false,"גבינת סקי 250 גרם 5% ""שטראוס"" -מוצר בפיקוח",שטראוס גרופ בעמ/מצונן,,,יח`,2.50,100 גרם,false,1,4.97,1.99,false,1,
7290002825722,false,כרוב אדום במיונז אחלה (500 גרם),שטראוס גרופ בעמ/מצונן,,,יח`,5.75,100 גרם,false,1,14.90,2.59,true,1,
7290002827306,false,נקניקיות עוף ירושלים מחפוד 400 ג',עוף ירושלים שיווק בעמ,,,יח`,4,100 גרם,false,1,9.90,2.48,false,1,
7290002830948,false,גבינת עיזים מותכת 30% מון בלאן 120 גרם,סלס קרית מלאכי ישראל,,,יח`,1.20,100 גרם,false,1,12.90,10.75,true,1,
7290002868996,false,"קוטג' 5% שומן, רכיבים טבעיים, 250 גרם",*החברה המרכזית להפצת משקאותבעמ,,,יח`,2.50,100 גרם,false,1,5.60,2.24,false,1,
7290002871248,false,"בירה טובורג רד בקבוק 500 מ""ל חוזר",החברה המרכזית להפצת משקאות בעמ,,,יח`,5,"100 מ""ל",false,1,7.50,1.26,false,1,
7290002871361,false,"בירה קרלסברג בקבוק 500 מ""ל חוזר",החברה המרכזית להפצת משקאות בעמ,,,יח`,5,"100 מ""ל",false,1,7.50,1.26,false,1,
7290002881230,false,חתיכות אננס בסירופ קל תומר 850 גרם,תומר יבוא ושיווק מוצרי מזון (1,,,יח`,8.25,100 גרם,false,1,9.90,1.20,false,1,
7290002881940,false,סרדינים מרוקאי בשמן חמניות 125ג' תומר,תומר ייבוא ושיווק מוצרי מזון [,,,יח`,1.25,100 גרם,false,1,4.90,3.92,false,1,
7290002881964,false,סרדינים מרוקאי ברוטב עגבניות 125ג' תומר,תומר ייבוא ושיווק מוצרי מזון [,,,יח`,1.25,100 גרם,false,1,4.90,3.92,false,1,
7290002881988,false,סרדינים בשמן חמניות ולימון תומר 125 גרם,תומר ייבוא ושיווק מוצרי מזון [,,,יח`,1.25,100 גרם,false,1,4.90,3.92,false,1,
7290002904694,false,"טיטניום דאודורנט ספריי לגברים 150 מ""ל",החברה הדרומית לשיווק בעמ,,,יח`,1.50,"100 מ""ל",false,1,14.90,9.93,false,1,
7290002922117,false,מקלות קינמון וסוכר חום,הלל בן הלל שיווק ומסחר בעמ,,,יח`,1,,false,1,21.90,21.90,false,1,
7290002925729,false,"גם וגם משחת שיניים כחול ומי פה בטעם פפרמינט 120 מ""ל",החברה הדרומית לשיווק בעמ,,,יח`,1.20,100 גרם,false,1,14.90,12.42,false,1,
7290002929642,false,נתחי טונה בהירה בשמן ויליגר (140x4 גרם),דיאמנט פוד פרודקט קו,,,יח`,4.60,100 גרם,false,1,19.90,4.33,false,1,
7290002954040,false,שמן תירס שוקחה 1 ליטר,בני ג`ורג` שוקחה (חיפה) בעמ,,,יח`,10,"100 מ""ל",false,1,15.90,1.59,false,1,
7290002954187,false,אורז יסמין שוקחה (5 קג),בני ג`ורג` שוקחה (חיפה) בעמ,,,יח`,5,"ק""ג",false,1,42.90,8.58,true,1,
7290002954736,false,עדשים שחורות 1 קג שוקחה,בני ג`ורג` שוקחה (חיפה) בעמ,,,יח`,1,"ק""ג",false,1,13.90,13.90,true,1,
7290002971986,false,קמח שיפון מלא 1 קג שטיבל ללא צורך בניפוי,טחנות קמח שטיבל בש בעמ,,,יח`,1,"ק""ג",false,1,8.50,8.50,true,1,
7290002971993,false,קמח כוסמין מלא ללא צורך בניפוי 1 קג שטיב,טחנות קמח שטיבל בש בעמ,,,יח`,10,100 גרם,false,1,14.90,1.49,false,1,
7290002972006,false,קמח בהיר(405) ללא צורך בניפוי ( 1 קג ),טחנות קמח שטיבל בש בעמ,,,יח`,1,"ק""ג",false,1,8.50,8.50,true,1,
7290002972365,false,קמח תופח שטיבל 13 ללא צורך בניפוי 1 קג,טחנות קמח שטיבל בש בעמ,,,יח`,1,"ק""ג",false,1,8.50,8.50,true,1,
7290002972426,false,"קמח 80% מלא ללא צורך בניפוי 1 ק""ג*",טחנות קמח שטיבל בש בעמ,,,יח`,1,"ק""ג",false,1,8.50,8.50,true,1,
7290002973669,false,"קמח שטיבל ללחם 2 ללא ניפוי 1 ק""ג",טחנת קמח דגן-שטיבל,,,יח`,1,"ק""ג",false,1,8.50,8.50,true,1,
7290002973812,false,קמח כוסמין (80% 1 קג)ללא צורך בניפוי ש,טחנות קמח שטיבל בש בעמ,,,יח`,10,100 גרם,false,1,14.90,1.49,false,1,
7290002973829,false,קמח כוסמין לבן( 1 קג) ללא צורך ניפוי ש,טחנות קמח שטיבל בש בעמ,,,יח`,10,100 גרם,false,1,14.90,1.49,false,1,
7290002974116,false,"קמח כפרי ללא צ.בניפוי שטיבל 1 ק""ג*",טחנות קמח שטיבל בש בעמ,,,יח`,1,"ק""ג",false,1,8.50,8.50,true,1,
7290002974222,false,קמח עוגיות ללא צורך בניפוי 1 קג שטיבל,טחנות קמח שטיבל בש בעמ,,,יח`,1,"ק""ג",false,1,8.50,8.50,true,1,
7290002974239,false,"קמח עוגות ללא צ.בניפוי שטיבל 1 ק""ג*",טחנות קמח שטיבל בש בעמ,,,יח`,1,"ק""ג",false,1,8.50,8.50,true,1,
7290002974314,false,"קמח פיצה שטיבל 1 ק""ג",טחנת קמח דגן-שטיבל,,,יח`,1,"ק""ג",false,1,10.90,10.90,false,1,
7290002987963,false,"חומוס אחלה 1 ק""ג שטראוס",שטראוס גרופ בעמ/מצונן,,,יח`,100,100 גרם,false,1,13.90,0.14,false,1,
7290003009183,false,סירופ דיאט 750 מל בטעם תפוחים פריגת,החברה המרכזית להפצת משקאות בעמ,,,יח`,7.50,"100 מ""ל",false,1,22.90,3.05,false,1,
7290003009640,false,מיץ תפוזים סחוט רכיבים טבעיים פריגת 1 ליטר,*החברה המרכזית להפצת משקאותבעמ,,,יח`,1,1 ליטר,false,1,15.90,15.90,true,1,
7290003026227,false,"קמיל בלו שמפו לתינוק סנסיטיב אל דמע ד""ר פישר 1 ליטר","פישר תעשיות פרמצביטות בע""מ",,,יח`,1,1 ליטר,false,1,32.90,32.90,true,1,
7290003029181,false,משקה יטבתה שוקו' בקבוק 1ל מהדרין,שטראוס גרופ בעמ/מצונן,,,יח`,1,1 ליטר,false,1,11.90,11.90,false,1,
7290003029372,false,יטבתה משקה בטעם בננה %3 בקבוק 1 ליטר,שטראוס גרופ בעמ/מצונן,,,יח`,1,1 ליטר,false,1,11.90,11.90,false,1,
7290003029389,false,"משקה חלב בננה פקק ספורט 250 מ""ל יוטבתה",שטראוס גרופ בעמ/מצונן,,,יח`,2.50,"100 מ""ל",false,1,5.50,2.20,false,1,
7290003029433,false,"משקה יטבתה שוקו פקק 250 מ""ל מהדרין",שטראוס גרופ בעמ/מצונן,,,יח`,2.50,"100 מ""ל",false,1,5.50,2.20,false,1,
7290003029532,false,מוקה בבקבוק יטבתה 1 ליטר מהדרין,שטראוס גרופ בעמ/מצונן,,,יח`,1,1 ליטר,false,1,11.90,11.90,false,1,
7290003029617,false,יטבתה שמנת מנה אישית 15% 125מל,שטראוס גרופ בעמ/מצונן,,,יח`,1.25,"100 מ""ל",false,1,1.90,1.52,false,1,
7290003029792,false,"משקה יטבתה שוקו שקיות מהדרין מארז 225X8מ""ל",שטראוס גרופ בעמ/מצונן,,,יח`,1.80,1 ליטר,false,1,19.90,11.06,false,1,
7290003029815,false,חלב מועשר 3% בכד יטבתה 2 ליטר,שטראוס גרופ בעמ/מצונן,,,יח`,20,"100 מ""ל",false,1,14.90,0.75,false,1,
7290003029907,false,משקה חלב אייס קפה 2% יטבתה (1 ליטר,שטראוס גרופ בעמ/מצונן,,,יח`,1,1 ליטר,false,1,11.90,11.90,false,1,
7290003031702,false,"נקניקיות הודו מחפוד וואקום 1 ק""ג טירת צבי",טיב טירת צבי 2000,,,יח`,1,"ק""ג",false,1,32.90,32.90,true,1,
7290003031733,false,טירת צבי פסטרמה על גחלים קופ. מחפוד 400ג,טיב טירת צבי 2000,,,יח`,4,100 גרם,false,1,34.90,8.73,true,1,
7290003031740,false,טירתצבי פסטרמה בדבש קופ. מחפוד 400ג,טיב טירת צבי 2000,,,יח`,4,100 גרם,false,1,34.90,8.73,true,1,
7290003031788,false,צמד כפרי סלמי+פסטרמה טירת צבי 400X2ג' מחפוד,תנובה מרכז שיתופי לשיווק תוצרת,,,יח`,8,100 גרם,false,1,24.90,3.11,false,1,
7290003069682,false,בצק פילאס תורכי שלושת האופים (500 גרם),נטו מלינדה סחר בע`מ,,,יח`,5,100 גרם,false,1,19.90,3.98,true,1,
7290003069705,false,"פיצה אישית גבינה דק 80 ג' תפזורת בד""צ",נטו מלינדה סחר בעמ,,,יח`,0.80,100 גרם,false,1,2.90,3.63,true,1,
7290003072859,false,רוסטביף טירת צבי 120 גרם,הנסיך- מפעל לייצור ט,,,יח`,1.20,100 גרם,false,1,27.90,23.25,true,1,
7290003072965,false,קבנוס חריף מעושן טירת צבי 120 גרם,טיב טירת צבי 2000,,,יח`,1.20,100 גרם,false,1,11.90,9.92,true,1,
7290003072972,false,קבנוס בתיבול מעושן טירת צבי 120 גרם,טיב טירת צבי 2000,,,יח`,1.20,100 גרם,false,1,11.90,9.92,true,1,
7290003091782,false,אווזית עגל טרי חלק מו,אדום אדום - תנובה בקר,,,"ק""ג",1,"ק""ג",true,1,79.90,79.90,true,1,
7290003102136,false,צמר גפן COTTON SOFT רפואי 100 גר' 3102136,הדקלאים אגודת שיתופי,,,יח`,1,,false,1,5.90,5.90,false,1,
7290003102419,false,כפפות ניילון בקופסא איזי טאצ 100 יח,אינטרסן 1996 בעמ,,,יח`,1,,false,1,5.90,5.90,true,1,
7290003102891,false,שקיות צליה הוסטס בקופסה 10יח',אינטרסן (1996) בעמ,,,יח`,1,,false,1,4.90,4.90,true,1,
7290003102976,false,צימרוני אוזניים פלסטיק בקופסה 200 יחידות,הדקלאים אגודת שיתופי,,,יח`,200,100 גרם,false,1,3.90,0.02,true,1,
7290003102990,false,פדים להסרת איפור 80 יח',אינטרסן (1996) בעמ,,,יח`,1,,false,1,7.90,7.90,false,1,
7290003107216,false,קמח לבן בהיר 1 קג דגן מוביל,טחנות קמח דגן (2006) בעמ,,,יח`,10,100 גרם,false,1,6.60,0.66,false,1,
7290003107223,false,טחנת קמח דגן סולת 1קג,טחנות קמח דגן (2006) בעמ,,,יח`,1,"ק""ג",false,1,6.30,6.30,false,1,
7290003107247,false,שמרים יבשים אינסטנט33גרם,אבאל יזמות בעמ,,,יח`,0.33,100 גרם,false,1,6.90,20.91,true,1,
7290003107315,false,סולת בשקית טחנת קמח דגן (1 קג),טחנות קמח דגן (2006) בעמ,,,יח`,1,"ק""ג",false,1,4.40,4.40,false,1,
7290003107346,false,קמח חיטה לבן בדץ טחנת קמח דגן (1 קג),טחנות קמח דגן (2006) בעמ,,,יח`,1,"ק""ג",false,1,4.40,4.40,true,1,
7290003107353,false,שטיבל משפר אפייה ביתי 3 * 10 גרם,ט.ק דגן טכנולוגיות ב,,,יח`,0.30,100 גרם,false,1,5.90,19.67,true,1,
7290003107360,false,קמח לבן בהיר 1 קג ללא צורך בניפוי,טחנת קמח דגן לישראל,,,יח`,10,100 גרם,false,1,8.90,0.89,false,1,
7290003121083,false,ארוחת נודלס בטעם בשר בשקית מג'יק 85 גרם,נטו מילנדה סחר בעמ*,,,יח`,0.85,100 גרם,false,1,3.30,3.88,true,1,
7290003121090,false,ארוחת נודלס ירקות בשקית מג'יק 85 גרם,נטו מלינדה סחר בעמ,,,יח`,0.85,100 גרם,false,1,3.30,3.88,true,1,
7290003121106,false,ארוחת נודלס טעם עוף בשקית מג'יק 85 גרם,נטו מילנדה סחר בעמ*,,,יח`,0.85,100 גרם,false,1,3.30,3.88,true,1,
7290003126712,false,יוגורט עיזים מחלב מלא 3.7% משק צוריאל 150 גרם,*החברה המרכזית להפצת משקאותבעמ,,,יח`,1.50,"100 מ""ל",false,1,6.70,4.47,false,1,
7290003126958,false,טופו גבינה גוש בואקום צוריאל 300 ג',*החברה המרכזית להפצת משקאותבעמ,,,יח`,3,100 גרם,false,1,12.40,4.13,true,1,
7290003141159,false,יוגטה מרשמלו ממתק מוקצף בטעמי תות שדה ווניל 180 גרם,ליימן שליסל בעמ,,,יח`,1.80,100 גרם,false,1,8.90,4.94,true,1,
7290003143146,false,ממרח תמרים קליית גת (450 גרם),הדקלאים אגודת שיתופי,,,יח`,4.50,100 גרם,false,1,6.90,1.53,true,1,
7290003143276,false,יוגטה מרשמלו ממתק מוקצף בטעם תות שדה 180 גרם,ליימן שליסל בעמ,,,יח`,1.80,100 גרם,false,1,8.90,4.94,true,1,
7290003163939,false,מעדני הטלה נקניקיות,לאטי עזרא בעמ,,,יח`,1.50,"ק""ג",false,1,24.90,16.60,false,1,
7290003185726,false,קבב מזרחי טיבון ויל 500 גרם,טיבון ויל אחזקות בעמ,,,יח`,5,100 גרם,false,1,20.90,4.18,true,1,
7290003189076,false,פיצרלה הצהובה הטובה מגורדת 22% כפיר 500 גרם,צי תעשיות מזון יבנה,,,יח`,5,100 גרם,false,1,20.90,4.18,false,1,
7290003189137,false,"גבינה שוורצית 1 ק""ג כפיר",צי תעשיות מזון יבנה,,,יח`,1,"ק""ג",false,1,35.40,35.40,false,1,
7290003189144,false,"גבינה הולנדית 22% שומן 1 ק""ג כפיר",צי תעשיות מזון יבנה,,,יח`,1,"ק""ג",false,1,35.40,35.40,false,1,
7290003189267,false,הצהובה הטובה לייט קלאסית 5% כפיר 200 גרם,צי תעשיות מזון יבנה,,,יח`,2,100 גרם,false,1,12.90,6.45,false,1,
7290003224128,false,כיסוני תפוא 800 גר`קפוא מאמא מרי,מאמא - מרי בעמ,,,יח`,8,100 גרם,false,1,16.90,2.11,false,1,
7290003224272,false,כיסונים בשר מוסקובסקי 1 קג`קפוא מאמא מר,מאמא - מרי בעמ,,,יח`,1,"ק""ג",false,1,27.90,27.90,true,1,
7290003224456,false,"כיסונים בשר סיבירסקי מאמא מרי 1 ק""ג",מאמא - מרי בעמ,,,יח`,1,"ק""ג",false,1,27.90,27.90,true,1,
7290003224463,false,כיסונים בשר אוראינסקי 1 קג`מאמא מרי,מאמא - מרי בעמ,,,יח`,1,"ק""ג",false,1,27.90,27.90,false,1,
7290003224470,false,כיסוני בשר 1 קג קפוא מאמא מרי,מאמא - מרי בעמ,,,יח`,1,"ק""ג",false,1,27.90,27.90,true,1,
7290003224821,false,כיסונים בשר 1 קג`קפוא מאמא מרי,מאמא - מרי בעמ,,,יח`,1,"ק""ג",false,1,28.90,28.90,true,1,
7290003229109,false,פסטרמה הודו בפפריקה טירת צבי (400 גרם),תנובה מרכז שיתופי לשיווק תוצרת,,,יח`,4,100 גרם,false,1,31.90,7.98,true,1,
7290003229116,false,פסטרמה הודו בדבש שומן טירת צבי 400 גרם,תנובה מרכז שיתופי לשיווק תוצרת,,,יח`,4,100 גרם,false,1,31.90,7.98,true,1,
7290003229123,false,פסטרמה הודו על גחלים 2% טירת צבי 400 גרם,תנובה מרכז שיתופי לשיווק תוצרת,,,יח`,4,100 גרם,false,1,31.90,7.98,true,1,
7290003229147,false,נקניק סלמי איטלקי מעושן טירת צבי 300 גרם,תנובה מרכז שיתופי לשיווק תוצרת,,,יח`,3,100 גרם,false,1,28.90,9.63,true,1,
7290003229154,false,נקניק סלמי קוניאק טירת צבי 300 גרם,תנובה מרכז שיתופי לשיווק תוצרת,,,יח`,3,100 גרם,false,1,28.90,9.63,true,1,
7290003229192,false,נקניק כתף בקר מעושן 2% טירת צבי 400 גרם,תנובה מרכז שיתופי לשיווק תוצרת,,,יח`,4,100 גרם,false,1,35.90,8.98,true,1,
7290003229208,false,פסטרמה ספרדית 2% טירת צבי 360 גרם,תנובה מרכז שיתופי לשיווק תוצרת,,,יח`,3.60,100 גרם,false,1,31.90,8.86,true,1,
7290003229222,false,נקניק סלמי תה טירת צבי 300 גרם,תנובה מרכז שיתופי לשיווק תוצרת,,,יח`,3,100 גרם,false,1,21.90,7.30,true,1,
7290003268252,false,לחם חיטה מלא לילדים 750 ג' דגנית עין בר,דגנית עין בר תעשיות מזון ואפיה,,,יח`,7.50,100 גרם,false,1,14.50,1.93,false,1,
7290003268429,false,לחם ירוק מקמח מלא דגנית עין בר (750 גרם),דגנית עין בר תעשיות מזון ואפיה,,,יח`,7.50,100 גרם,false,1,14.90,1.99,false,1,
7290003287253,false,נקניקיות מרגז הקצביה 500 גרם בלדי,בלדי בעמ,,,יח`,5,100 גרם,false,1,27.90,5.58,false,1,
7290003287260,false,צ'וריסוס הקצביה 600 גרם בלדי,בלדי בע`מ,,,יח`,6,100 גרם,false,1,27.90,4.65,false,1,
7290003321155,false,יוגורט בר עם פקאן מצופה שוקולד 183 ג' דנונה,שטראוס גרופ בעמ/מצונן,,,יח`,1.75,"100 מ""ל",false,1,4.40,2.51,false,1,
7290003332014,false,קפה שחור עם הל נח`לה אדום (500 גרם),סובחי נחלה ובניו בעמ,,,יח`,5,100 גרם,false,1,26.90,5.38,false,1,
7290003387205,false,ספיד סטיק - דאודורנט סטיק לגבר רגולר,הנסיך- מפעל לייצור ט,,,יח`,0.6370,100 גרם,false,1,17.90,28.10,false,1,
7290003401369,false,"קרם לחות לשיער חוחובה נטורל פורמולה 400 מ""ל",החברה הדרומית לשיווק בעמ,,,יח`,4,"100 מ""ל",false,1,21.90,5.48,true,1,
7290003401376,false,"קרם לחות ועיצוב לשיער אלוורה נטורל 400 מ""ל",החברה הדרומית לשיווק בעמ,,,יח`,4,"100 מ""ל",false,1,21.90,5.48,true,1,
7290003401420,false,"קרם לחות לשיער סיליקון כתום נטורל 400 מ""ל",החברה הדרומית לשיווק בעמ,,,יח`,4,"100 מ""ל",false,1,21.90,5.48,true,1,
7290003401635,false,נטורל פורמולה לחות מעצבת לפתיחת תלתלים,החברה הדרומית לשיווק בעמ,,,יח`,4,"100 מ""ל",false,1,21.90,5.48,true,1,
7290003411276,false,עמבה הודית מובחרת הנמל 600ג',הנמל אריזות ושיווק (1984) בעמ,,,יח`,6,100 גרם,false,1,10.90,1.82,false,1,
7290003411566,false,צמרוני עץ הנמל 200 יחידות,הנמל אריזות ושיווק (1984) בעמ,,,יח`,1,,false,1,2.90,2.90,false,1,
7290003411573,false,צלחות פלסטיק עמוקות חד פעמיות 30 יח,הנמל אריזות ושיווק (1984) בעמ,,,יח`,1,,false,1,16.90,16.90,false,1,
7290003411689,false,לפתניות פלסטיק חד פעמיות 25 יח`,הנמל אריזות ושיווק (1984) בעמ,,,יח`,1,,false,1,4.90,4.90,true,1,
7290003411696,false,מרקיות פלסטיק חד פעמיות 25 יח`,הנמל אריזות ושיווק (1984) בעמ,,,יח`,25,יח`,false,1,9.90,0.40,true,1,
7290003411726,false,קיסמי שיניים מלחיה הנמל 300יח',הנמל אריזות ושיווק (1984) בעמ,,,יח`,1,,false,1,4.90,4.90,false,1,
7290003411832,false,גרנולה אגוזים הנמל (400 גרם),הנמל אריזות ושיווק (1984) בעמ,,,יח`,4,100 גרם,false,1,10,2.50,false,1,
7290003427154,false,"שמן זית כתית מעולה טעם מעודן זיתא 750 מ""ל",תה ויסוצקי (ישראל) בעמ,,,יח`,7.50,"100 מ""ל",false,1,27.90,3.72,false,1,
7290003438006,false,ממרח אולביה פסטו וצנובר איטלקי 190ג',תה ויסוצקי (ישראל) בעמ,,,יח`,1.90,100 גרם,false,1,13.90,7.32,true,1,
7290003438020,false,אוליביה ממרח עגבניות מיובשות (190 גרם),תה ויסוצקי (ישראל) בעמ,,,יח`,1.90,100 גרם,false,1,13.90,7.32,true,1,
7290003438990,false,עיטורי עגבניות מיובשות וזיתים אוליביה 280 ג',תה ויסוצקי (ישראל) בעמ,,,יח`,2.80,100 גרם,false,1,17.90,6.39,true,1,
7290003450602,false,חרדל אמיתי צהוב בקבוק לחיץ 255 גר,היינץ צפון אמריקה מקבוצת ה.י.היינץ,,,יח`,2.55,100 גרם,false,1,11.90,4.67,false,1,
7290003457861,false,"סולרו בטעם פירות טרופיים ""שטראוס""","מיוצר ע""\י גלידת שטראוס",,,יח`,1,,false,1,7.90,7.90,true,1,
7290003457991,false,טילון קורנטו וניל עם וופל ואגוזי לוז מסוכרים,"גלידת שטראוס בע""\מ, רחוב",,,יח`,3,100 גרם,false,1,32.90,10.97,false,1,
7290003514007,false,מנה שקדי מרק מנה 400 גרם,ש.שסטוביץ בעמ,,,יח`,4,100 גרם,false,1,9.90,2.48,false,1,
7290003514571,false,פריכונים אורז עם מלח מנה (100 גרם),ש.שסטוביץ בעמ,,,יח`,1,100 גרם,false,1,5.90,5.90,false,1,
7290003521074,false,סרקל מרכך שיער לילדים דר. פישר (1 ליטר),"פישר תעשיות פרמבצטיות בע""מ",,,יח`,1,1 ליטר,false,1,29.90,29.90,false,1,
7290003521203,false,"סרקל שמפו לשיער לילדים אל דמע ד""ר פישר 2 ליטר","פישר תעשיות פרמצביטות בע""מ",,,יח`,2,1 ליטר,false,1,39.90,19.95,false,1,
7290003521210,false,סרקל מרכך שיער לילדים דר. פישר (2 ליטר),"פישר תעשיות פרמצביטות בע""מ",,,יח`,2,1 ליטר,false,1,39.90,19.95,false,1,
7290003550753,false,נתחי טונה בהירה בשמן פוסידון (108x4 גרם),"מיוצר עי וליגר בעמ,",,,יח`,4.32,100 גרם,false,1,21.90,5.07,true,1,
7290003578061,false,לבבות דקל שלמים וילי פוד (400 גרם),ג.וילי-פוד אינטרנשיונל בעמ,,,יח`,4,100 גרם,false,1,12.90,3.23,false,1,
7290003578078,false,קוקטייל פירות טרופי בסירופ קל ויליפוד 850 גרם,ג. וילי-פוד אינטרנשיונל בע`מ,,,יח`,8.50,100 גרם,false,1,9.90,1.16,false,1,
7290003578177,false,תירס צעיר שלם וילי פוד (410 גרם),ג.וילי-פוד אינטרנשיונל בעמ,,,יח`,4.10,100 גרם,false,1,6.90,1.68,false,1,
7290003578313,false,דובדבנים ללא חרצנים ויליפוד 680 גרם,ג. וילי-פוד אינטרנשיונל בע`מ,,,יח`,7.20,100 גרם,false,1,8.90,1.24,true,1,
7290003578412,false,חצאי אפרסקים בסירופ קל תפארת (820 גרם),ג.וילי-פוד אינטרנשיונל בעמ,,,יח`,8.20,100 גרם,false,1,9.90,1.21,false,1,
7290003598311,false,דק דק אנטריקוט 300 גר`קפוא פרוס מינוט,"בלדי בע""\מ",,,יח`,3,100 גרם,false,1,34.90,11.63,true,1,
7290003643004,false,אורז בסמטי קלאסי סוגת (1 קג),האי נאם סי או אל.טי.,,,יח`,1,"ק""ג",false,1,12.90,12.90,false,1,
7290003643387,false,"סוכר אריזת פלסטיק 1 ק""ג סוגת",האי נאם סי או אל.טי.,,,יח`,1,"ק""ג",false,1,7.90,7.90,false,1,
7290003643646,false,"סוכר דמררה קלאסי בצנצנת סוגת 1 ק""ג",האי נאם סי או אל.טי.,,,יח`,10,100 גרם,false,1,12.90,1.29,false,1,
7290003643684,false,אפונה יבשה סוגת 500 גר',האי נאם סי או אל.טי.,,,יח`,5,100 גרם,false,1,6.90,1.38,true,1,
7290003643707,false,גריסים סוגת (500 גרם),"סוגת תעשיות בע""מ",,,יח`,5,100 גרם,false,1,5.90,1.18,true,1,
7290003643714,false,חומוס גרגירים 500 גרם סוגת,האי נאם סי או אל.טי.,,,יח`,5,100 גרם,false,1,7.90,1.58,true,1,
7290003643738,false,חיטה סוגת (500 גרם),האי נאם סי או אל.טי.,,,יח`,5,100 גרם,false,1,5.90,1.18,true,1,
7290003643745,false,כוסמת סוגת (500 גרם),האי נאם סי או אל.טי.,,,יח`,5,100 גרם,false,1,7.90,1.58,true,1,
7290003643752,false,עדשים ירוקים יבש סוגת 500 גר',האי נאם סי או אל.טי.,,,יח`,5,100 גרם,false,1,7.90,1.58,true,1,
7290003643769,false,עדשים אדומים יבש סוגת 500 גר',"סוגת תעשיות בע""\מ",,,יח`,5,100 גרם,false,1,7.90,1.58,true,1,
7290003643776,false,"פופקורן גרעינים סוגת 500 ג' כשל""פ",האי נאם סי או אל.טי.,,,יח`,5,100 גרם,false,1,6.90,1.38,true,1,
7290003643806,false,שעועית לבנה יבשה סוגת (500 גרם),האי נאם סי או אל.טי.,,,יח`,5,100 גרם,false,1,12.90,2.58,true,1,
7290003643813,false,שעועית אדומה יבשה סוגת 500 גר',האי נאם סי או אל.טי.,,,יח`,5,100 גרם,false,1,10.90,2.18,true,1,
7290003643820,false,חומוס ענק יבש סוגת 500 גרם,"סוגת תעשיות בע""\מ",,,יח`,5,100 גרם,false,1,12.90,2.58,true,1,
7290003681303,false,שעועית מעורבת יבשה מיה 500 גר',מיה תעשיות מזון מ.ת.מ. בעמ,,,יח`,5,100 גרם,false,1,11.90,2.38,false,1,
7290003681334,false,"קוקוס 400 גרם מיה בד""צ",מיה תעשיות מזון מ.ת.מ. בעמ,,,יח`,4,100 גרם,false,1,11.90,2.98,false,1,
7290003681693,false,חומוס לבן ענק יבש מיה 500 גר',מיה תעשיות מזון מ.ת.מ. בעמ,,,יח`,5,100 גרם,false,1,10.90,2.18,false,1,
7290003719259,false,לחם אקסקלוסיבי פרוס ליבו (1 קג),מאפית י את א ברמן בע,,,יח`,1,"ק""ג",false,1,16.20,16.20,false,1,
7290003726615,false,"טופו ויילר 300 גרם ""שטראוס""",שטראוס גרופ בעמ/מצונן,,,יח`,3,100 גרם,false,1,11.90,3.97,true,1,
7290003726622,false,טופו פיקנטי 300 ג' משק ויילר,שטראוס גרופ בעמ/מצונן,,,יח`,3,100 גרם,false,1,12.90,4.30,true,1,
7290003726684,false,טופו חומוס בטעם טבעי 300 ג' משק ויילר,שטראוס גרופ בעמ/מצונן,,,יח`,3,100 גרם,false,1,13.90,4.63,true,1,
7290003726783,false,שניצל טופו עם תירס 420 גר`משק ויילר,קפוא-זן תעשיות מזון בעמ - תפוג,,,יח`,4.20,100 גרם,false,1,26.90,6.40,false,1,
7290003726868,false,טופו חומוס בתוספת עגבניות מיובשות 300 ג' משק ויילר,שטראוס גרופ בעמ/מצונן,,,יח`,3,100 גרם,false,1,12.90,4.30,true,1,
7290003726875,false,טופו חומוס בתוספת פסטו ויילר 300 גרם,שטראוס גרופ בעמ/מצונן,,,יח`,3,100 גרם,false,1,12.90,4.30,true,1,
7290003744848,false,אובלטים גריל ברביקיו,שוקוטרייד בעמ,,,יח`,3,100 גרם,false,1,11.90,3.97,false,1,
7290003744855,false,אובלטים עם שומשום 300 גר,שוקוטרייד בעמ,,,יח`,3,100 גרם,false,1,11.90,3.97,false,1,
7290003744862,false,אובלטים מלוחים דקיקים זעתר ברט (300 גרם),שוקוטרייד בעמ,,,יח`,3,100 גרם,false,1,11.90,3.97,false,1,
7290003781065,false,מלפפונים בחומץ קטנים מאוד וילי פוד 370 גרם,ג. וילי-פוד אינטרנשיונל בע`מ,,,יח`,6.90,100 גרם,false,1,9.90,1.43,false,1,
7290003781652,false,צלפים במי מלח וילי פוד 230 גרם,ג. וילי-פוד אינטרנשיונל בע`מ,,,יח`,3.50,100 גרם,false,1,8.90,2.54,false,1,
7290003781850,false,גבינת קשקבל פרוסות 200 גרם ויליפוד.,ג.וילי-פוד אינטרנשיונל **גבינו,,,יח`,2,100 גרם,false,1,19.90,9.95,false,1,
7290003804252,false,תיבוליות לאורז בנוסח הודי קנור 80גרם,יוניליוור ישראל שיווק בע`מ,,,יח`,0.80,100 גרם,false,1,9.90,12.38,true,1,
7290003804320,false,תיבולית קנור שום ופטורזיליה 72 גרם,"יוניליוור ישראל שיווק בע""מ",,,יח`,0.80,100 גרם,false,1,9.90,12.38,true,1,
7290003804368,false,תיבוליות בזיליקום קנור (8 יח`- 72 גרם),"יוניליוור ישראל שיווק בע""מ",,,יח`,0.72,100 גרם,false,1,9.90,13.75,true,1,
7290003805501,false,"פתית בסגנון שוודי תלמה בד""צ 300 גרם",יוניליוור ישראל שיווק בע`מ,,,יח`,3,100 גרם,false,1,17.90,5.97,true,1,
7290003805587,false,"פתית חיטה מלאה בד""צ 250 גרם-קופסא",יוניליוור ישראל שיווק בע`מ,,,יח`,2.50,100 גרם,false,1,17.90,7.16,true,1,
7290003807178,false,"רוטב קנור סויה בסגנון סיני 300 מ""ל","יוניליוור ישראל שיווק בע""מ",,,יח`,3,"100 מ""ל",false,1,12.90,4.30,true,1,
7290003807482,false,קנור רוטב טריאקי מופחת נתרן 370 גרם,"יוניליוור ישראל שיווק בע""מ",,,יח`,3,"100 מ""ל",false,1,12.90,4.30,true,1,
7290003864478,false,סרדינים בשמן צמחי פתח קל ויליפוד 110 גרם,ג.וילי-פוד אינטרנשיונל בעמ,,,יח`,1.10,100 גרם,false,1,5.90,5.36,true,1,
7290003864485,false,סרדינים ברוטב עגבנ יות ויליפוד 110ג' פתח קל,ג. וילי-פוד אינטרנשיונל בע`מ,,,יח`,1.10,100 גרם,false,1,5.90,5.36,true,1,
7290003864492,false,סרדין בשמן צמחי חריף פתח קל ויליפוד 110 גרם,ג. וילי-פוד אינטרנשיונל בע`מ,,,יח`,1.10,100 גרם,false,1,5.90,5.36,true,1,
7290003882922,false,עלי גפן ממולאים באורז וילי פוד 360 גרם,ג. וילי-פוד אינטרנשיונל בע`מ,,,יח`,4,100 גרם,false,1,8.90,2.23,false,1,
7290003903771,false,קפה נמס קפוצ'ינו רגיל 200 ג',שטראוס גרופ בע`מ,,,יח`,2,100 גרם,false,1,23.90,11.95,false,1,
7290003962013,false,סחוג אדום 200 גר`,מטעמי אביטלי,,,יח`,2,100 גרם,false,1,11.90,5.95,false,1,
7290003962020,false,עריסה תוניסאית 200 גר`,מטעמי אביטלי,,,יח`,2,100 גרם,false,1,11.90,5.95,false,1,
7290003962037,false,שום כתוש 200 גר`.,מטעמי אביטלי,,,יח`,2,100 גרם,false,1,11.90,5.95,false,1,
7290003962075,false,שום כתוש 1 קג,מטעמי אביטלי,,,יח`,1,,false,1,29.90,29.90,false,1,
7290003962112,false,שום כתוש 400 גר`,מטעמי אביטלי,,,יח`,4,100 גרם,false,1,17.90,4.48,false,1,
7290003962419,false,עמבה 250 גר`,מטעמי אביטלי,,,יח`,2.50,100 גרם,false,1,11.90,4.76,false,1,
7290003976591,false,מטהר אויר אוטומט( 250 מל)לוטוס טאצ,סאסאטק אגשח בעמ,,,יח`,2.50,"100 מ""ל",false,1,12.90,5.16,false,1,
7290003976607,false,אקונומיקה סמיכה לבנדר 4 ליטר עם פקק ביטח,סאסאטק אגשח בעמ,,,יח`,40,"100 מ""ל",false,1,11.90,0.30,false,1,
7290003976614,false,אקונומיקה סמיכה פרחים 4 ליטר עם פקק ביטח,סאסאטק אגשח בעמ,,,יח`,40,"100 מ""ל",false,1,11.90,0.30,false,1,
7290003989096,false,סלט חצילים פיקנטי אחלה 500 גרם,שטראוס גרופ בעמ/מצונן,,,יח`,5.75,100 גרם,false,1,15.90,2.77,true,1,
7290003989539,false,רביולי עם גבינה שטראוס (400 גרם),שטראוס גרופ בעמ/מצונן,,,יח`,4,100 גרם,false,1,20.90,5.23,true,1,
7290003989553,false,פסטה טורטליני גבינה ופטריות 400 גרם,שטראוס גרופ בעמ/מצונן,,,יח`,4,100 גרם,false,1,20.90,5.23,true,1,
7290004011284,false,בסיס להכנת קצפת צמחי ריץ` (212 מל),ריצ' פרודקטס קורפריי,,,יח`,2.12,"100 מ""ל",false,1,8.90,4.20,true,1,
7290004011291,false,בסיס להכנת קצפת צמחי ריץ` (425 מל),נטו מלינדה סחר בע`מ,,,יח`,4.25,"100 מ""ל",false,1,16.90,3.98,true,1,
7290004011338,false,קצפת מתוקה מוכנה ספריי ריץ` (250 מל),נטו מלינדה סחר בע`מ,,,יח`,2.50,"100 מ""ל",false,1,15.90,6.36,true,1,
7290004011796,false,קבבונים בקר קפוא אל גאוצ''ו 400ג',"טיבון ויל אחזקות בע""",,,יח`,4,100 גרם,false,1,22.90,5.73,true,1,
7290004011819,false,המבורגר ריב אנטריקוט אל גאוצ`ו 360 גר`ק,נטו מלינדה סחר בע`מ,,,יח`,3.60,100 גרם,false,1,22.90,6.36,true,1,
7290004011826,false,מיני המבורגר ריב אנטריקוט אל גאוצ`ו 360,טיבון ויל אחזקות בעמ,,,יח`,3.20,100 גרם,false,1,22.90,7.16,true,1,
7290004030100,false,מיץ תפוזים ולנסיה סחוט 100% 1 ליטר,תנובה - פריניב,,,יח`,1,1 ליטר,false,1,16.90,16.90,false,1,
7290004030216,false,משקה בטעם חמוציות 1 ליטר פריניב,הנסיך- מפעל לייצור ט,,,יח`,1,1 ליטר,false,1,14.90,14.90,true,1,
7290004030223,false,מיץ תפוחים סחוט רכיבים טבעיים 100% פרי ניב 1 ליטר,הנסיך- מפעל לייצור ט,,,יח`,1,1 ליטר,false,1,19.90,19.90,true,1,
7290004033804,false,לחם פרוס בסגנון כפרי ללא גלוטן 320 גרם,מאפית י את א ברמן בע,,,יח`,3.20,100 גרם,false,1,14.90,4.66,false,1,
7290004048679,false,קובה למרק שלושת האופים(כ 18 יח`- 1 קג),נטו מלינדה סחר בעמ,,,יח`,10,100 גרם,false,1,19.90,1.99,false,1,
7290004061449,false,שניצל אמריקאי 700 גר`טופ שוף,קפוא-זן תעשיות מזון בעמ - תפוג,,,יח`,7,100 גרם,false,1,12.90,1.84,false,1,
7290004061494,false,נגיסי עוף 700 גר`טופ שף,קפוא-זן תעשיות מזון בעמ - תפוג,,,יח`,7,100 גרם,false,1,14.90,2.13,false,1,
7290004063016,false,מלח שולחן מעולה סלית (1 קג)פיקוח,האי נאם סי או אל.טי.,,,יח`,1,"ק""ג",false,1,1.90,1.90,false,1,
7290004063115,false,"מלח מטבח עבה להמלחת בשר ובישול 1 ק""ג 1ק""ג",האי נאם סי או אל.טי.,,,יח`,1,"ק""ג",false,1,1.90,1.90,false,1,
7290004064099,false,מטחנה מלח ים מהרי ההימלאיה מלח הארץ 100 גרם,"חברת מלח הארץ אילת בע""\מ",,,יח`,2.50,100 גרם,false,1,16.90,6.76,true,1,
7290004064181,false,"תבלין מלח ההימלאיה גס בצנצנת 1 ק""ג","חברת מלח הארץ אילת בע""\מ",,,יח`,1,"ק""ג",false,1,15.90,15.90,false,1,
7290004064297,false,"מלח מועשר ביוד בצנצנת מלח הארץ 1 ק""ג","חברת מלח הארץ אילת בע""\מ",,,יח`,10,100 גרם,false,1,8.90,0.89,false,1,
7290004064303,false,מלח אטלנטי בצנצנת מלח הארץ 800 גרם,"חברת מלח הארץ אילת בע""\מ",,,יח`,8,100 גרם,false,1,18.90,2.36,false,1,
7290004064358,false,"מלח דק זורם בקלות מלח הארץ קרטון 1 ק""ג","חברת מלח הארץ אילת בע""\מ",,,יח`,1,"ק""ג",false,1,4.90,4.90,true,1,
7290004064389,false,מלח הימלאיה דק 250ג מלחיה סוגת*,"חברת מלח הארץ אילת בע""\מ",,,יח`,2.50,100 גרם,false,1,11.90,4.76,true,1,
7290004068011,false,יוגורט כבשים בדלי 5% שומן 600 ג' גד,מחלבות גד שיווק 1992 בעמ,,,יח`,6,100 גרם,false,1,17.90,2.98,false,1,
7290004068028,false,"יוגורט צזיקי לשתיה 3.5% 500 מ""ל רובין",מחלבות גד שיווק 1992 בעמ,,,יח`,5,"100 מ""ל",false,1,10,2,false,1,
7290004068172,false,"יוגורט עיזים בדלי 5% 600 מ""ל רובין",מחלבות גד שיווק 1992 בעמ,,,יח`,6,100 גרם,false,1,17.90,2.98,false,1,
7290004078263,false,מקלות אוזניים פלסטיק 2* 200 יחידות,ש. שסטוביץ בע`מ,,,יח`,1,,false,1,9.90,9.90,false,1,
7290004078690,false,"אגקס נוזל לניקוי אסלות מרענן 750 מ""ל",הנסיך- מפעל לייצור ט,,,יח`,7.50,"100 מ""ל",false,1,14.90,1.99,false,1,
7290004078942,false,ליידי ספיד סטיק - דאודורנט ג'ל לאישה 65 גרם,קולגייט-פלמוליב,,,יח`,0.65,100 גרם,false,1,17.90,27.54,false,1,
7290004119133,false,כד יוגורט תנובה 6.5% שומן 1.5 ליטר,מיוצר עי קונדיטוריית,,,יח`,1.50,1 ליטר,false,1,17.50,11.67,false,1,
7290004119225,false,יוגורט יופלה אננס 3% שומן 150 גרם,תנובה מרכז שיתופי לש,,,יח`,1.50,"100 מ""ל",false,1,4.90,3.27,false,1,
7290004119928,false,מעדן חלב בטעם וניל 2% קרלו תנובה 125 גרם,מחלבת אלון תבור,,,יח`,1.25,"100 מ""ל",false,1,2.90,2.32,false,1,
7290004119973,false,קרלו מעדן שוקו רביעיה גביע 1.5% 125 גרם,תנובה מרכז שיתופי לש,,,יח`,1.25,"100 מ""ל",false,1,2.90,2.32,false,1,
7290004120061,false,מעדן חלב בטעם שוקו וניל שוניל 2% קרלו 125 גרם,תנובה מרכז שיתופי לש,,,יח`,1.25,"100 מ""ל",false,1,3,2.40,false,1,
7290004120108,false,יוגורט יופלה דיאט דובדבן 0% שומן 150גרם,תנובה מרכז שיתופי לש,,,יח`,1.50,"100 מ""ל",false,1,4.90,3.27,false,1,
7290004120566,false,גבינה בולגרית (25024% גרם)פיראוס תנובה,"תנובה בע""מ ***",,,יח`,2.50,100 גרם,false,1,22.90,9.16,false,1,
7290004120573,false,גבינה בולגרית (25016% גרם)פיראוס תנובה,תנובה מרכז שיתופי לש,,,יח`,2.50,100 גרם,false,1,22.90,9.16,false,1,
7290004120634,false,גבינה בולגרית (2505% גרם)פיראוס תנובה,תנובה מרכז שיתופי לש,,,יח`,2.50,100 גרם,false,1,21.90,8.76,false,1,
7290004121488,false,יוגורט ביו דיאט 0% אפרסק יופלה (150 גרם),תנובה מרכז שיתופי לש,,,יח`,1.50,"100 מ""ל",false,1,4.90,3.27,false,1,
7290004121754,false,יוגורט ביו עוגת גבינה ותות 3% יופלה 150 גרם,תנובה בעמ ***,,,יח`,1.50,"100 מ""ל",false,1,4.90,3.27,false,1,
7290004121839,false,גבינת פטה כבשים (25020% גרם)פיראוס בול,תנובה מרכז שיתופי לש,,,יח`,2.50,100 גרם,false,1,26.50,10.60,false,1,
7290004121853,false,גבינה בולגרית קוביות (2005% גרם)פיראוס,תנובה מרכז שיתופי לש,,,יח`,2,100 גרם,false,1,21.90,10.95,false,1,
7290004122119,false,פתיתי פרמזן לפסטה 23% השף הלבן 100 גרם,"תנובה בע""מ ***",,,יח`,1,100 גרם,false,1,12.20,12.20,false,1,
7290004122195,false,גוש חלב גבינה צהובה פרוסה 28% תנובה 200 גרם,"תנובה בע""מ ***",,,יח`,2,100 גרם,false,1,13.80,6.90,false,1,
7290004122270,false,עמק קלאסית פרוסות גבינה חצי קשה 28% 200 גרם,תנובה מרכז שיתופי לש,,,יח`,2,100 גרם,false,1,16.10,8.05,false,1,
7290004122348,false,גבינה צהובה מופחתת שומן 9% עמק (200 גרם),תנובה מרכז שיתופי לש,,,יח`,2,100 גרם,false,1,16.90,8.45,false,1,
7290004122676,false,גבינה חמד לייט (2505% גרם)פיראוס תנובה,תנובה מרכז שיתופי לש,,,יח`,2.50,100 גרם,false,1,17.90,7.16,false,1,
7290004122683,false,עמק חטיף אצבעות גבינה חצי קשה 28% שומן,תנובה מרכז שיתופי לש,,,יח`,1.72,100 גרם,false,1,16.20,9.42,false,1,
7290004124205,false,יופלה דיאט יוגורט תות %0 גביע 150 גרם,תנובה מרכז שיתופי לש,,,יח`,1.50,"100 מ""ל",false,1,4.90,3.27,false,1,
7290004124847,false,"קצפת צמחית השף הלבן 500 מ""ל תנובה",תנובה מרכז שיתופי לש,,,יח`,5,"100 מ""ל",false,1,14.90,2.98,false,1,
7290004125370,false,"שמנת חמוצה 9% מופחתת שומן תנובה 200 מ""ל מהדרין",תנובה מרכז שיתופי לש,,,יח`,2,"100 מ""ל",false,1,3.70,1.85,false,1,
7290004125400,false,"אשל שלי מהדרין 200 מ""ל 4.5% ""תנובה""- מוצר בפיקוח",פארייפאבה אגרואינדוס,,,יח`,2,"100 מ""ל",false,1,1.69,0.85,false,1,
7290004125417,false,"גיל 3% שלי 200 מ""ל ""תנובה"" -מוצר בפיקוח",תנובה מרכז שיתופי לש,,,יח`,2,"100 מ""ל",false,1,1.51,0.76,false,1,
7290004125455,false,"שמנת חמוצה 200 מ""ל 15% ""תנובה"" -מוצר בפיקוח",תנובה מרכז שיתופי לש,,,יח`,2,"100 מ""ל",false,1,2.40,1.20,false,1,
7290004125462,false,"שמנת חמוצה 15% תנובה 500 מ""ל מהדרין",תנובה מרכז שיתופי לש,,,יח`,5,"100 מ""ל",false,1,6,1.20,false,1,
7290004125509,false,"שמנת חמוצה 15% מועשרת תנובה 100 מ""ל",תנובה מרכז שיתופי לש,,,יח`,1,"100 מ""ל",false,1,1.60,1.60,false,1,
7290004125578,false,משקה סויה מועשר בסידן 1 ל`תנובה,תנובה מרכז שיתופי לש,,,יח`,1,1 ליטר,false,1,9.90,9.90,false,1,
7290004125585,false,משקה סויה בטעם וניל תנובה 1 ליטר,תנובה מרכז שיתופי לש,,,יח`,1,1 ליטר,false,1,9.90,9.90,false,1,
7290004125721,false,"השף הלבן שמנת עמידה לבישול 15% תנובה 250 מ""ל",תנובה מרכז שיתופי לש,,,יח`,2.50,"100 מ""ל",false,1,8.20,3.28,false,1,
7290004125738,false,שמנת מתוקה להקצפה32% 250מל עמיד השף הלבן,תנובה מרכז שיתופי לש,,,יח`,2.50,"100 מ""ל",false,1,6.40,2.56,false,1,
7290004125776,false,גבינה צהובה קלאסית 28% עמק (400 גרם),"תנובה בע""מ ***",,,יח`,4,100 גרם,false,1,27.80,6.95,false,1,
7290004126674,false,טל העמק פרוסות גבינה חצי קשה לייט %9 200 גרם בקופסא,תנובה מרכז שיתופי לש,,,יח`,2,100 גרם,false,1,18.90,9.45,false,1,
7290004126759,false,דאיט יופלה פירות יער טו יוג פרי 150גר.,"תנובה בע""מ ***",,,יח`,1.50,"100 מ""ל",false,1,4.90,3.27,false,1,
7290004127077,false,קוטג תנובה 3% גביע 250 גרם מהדרין,מיוצר עי קונדיטוריית,,,יח`,2.50,100 גרם,false,1,5.50,2.20,false,1,
7290004127329,false,קוטג תנובה גביע 250 גרם %5 ו.מהדרין,מיוצר עי קונדיטוריית,,,יח`,2.50,100 גרם,false,1,5.50,2.20,false,1,
7290004127336,false,קוטג תנובה גביע 250 גרם %9 ו.מהדרין,מיוצר עי קונדיטוריית,,,יח`,2.50,100 גרם,false,1,5.50,2.20,false,1,
7290004127800,false,"גבינה לבנה 500 גרם 5% ""תנובה"" -מוצר בפיקוח",מיוצר עי קונדיטוריית,,,יח`,5,100 גרם,false,1,9.96,1.99,false,1,
7290004127817,false,גבינה לבנה 9% שומן 500 ג' תנובה,מיוצר עי קונדיטוריית,,,יח`,5,100 גרם,false,1,9.50,1.90,false,1,
7290004127862,false,"גבינה לבנה 750 גרם 5% ""תנובה"" - מוצר בפיקוח",תנובה מרכז שיתופי לש,,,יח`,7.50,100 גרם,false,1,14.94,1.99,false,1,
7290004127916,false,גבינה לבנה 0.5% שומן 500 ג' תנובה,תנובה מרכז שיתופי לש,,,יח`,5,100 גרם,false,1,9.50,1.90,false,1,
7290004128333,false,לאבנה על בסיס יוגורט %9 שומן 500 ג' פיראוס,תנובה בעמ ***,,,יח`,5,100 גרם,false,1,19.50,3.90,false,1,
7290004128340,false,קרם גבינת שמנת %5 בטעם טבעי 200 ג' תנובה,תנובה בעמ ***,,,יח`,2,100 גרם,false,1,11.50,5.75,false,1,
7290004128432,false,פתיתים מיוחדים לפיצה על בסיס גבינה 500 ג',תנובה - חלב,,,יח`,5,100 גרם,false,1,21.80,4.36,false,1,
7290004129101,false,גבינת שמנת 25% בטעם טבעי 225 ג' נפוליאון,תנובה מרכז שיתופי לש,,,יח`,2.25,100 גרם,false,1,13.90,6.18,false,1,
7290004129156,false,גבינת שמנת25% עם שום שמיר 225 ג' נפוליאון,תנובה מרכז שיתופי לש,,,יח`,2.25,100 גרם,false,1,13.90,6.18,false,1,
7290004129767,false,"3% 'יופלה לבן מארז שמינייה 1.2 ק""ג",תנובה מרכז שיתופי לש,,,יח`,12,"100 מ""ל",false,1,17.50,1.46,false,1,
7290004130695,false,משקאות חלב תנובה אייס קפה בבקבוק 1ל,תנובה מרכז שיתופי לש,,,יח`,1,1 ליטר,false,1,12.50,12.50,false,1,
7290004130794,false,משקה סויה במתיקות מופחתת תנובה (1 ליטר),תנובה מרכז שיתופי לש,,,יח`,1,1 ליטר,false,1,9.90,9.90,false,1,
7290004130916,false,יוגורט יופלה פירות יער בשמנת 3% 150 גרם,תנובה מרכז שיתופי לש,,,יח`,1.50,"100 מ""ל",false,1,4.90,3.27,false,1,
7290004131074,false,"חלב 1 ליטר 3% קרטון ""תנובה""- מוצר בפיקוח",תנובה מרכז שיתופי לש,,,יח`,1,1 ליטר,false,1,6.23,6.23,false,1,
7290004131432,false,יוגורט יופלה לבן ביו 3% 200 גרם,מיוצר עי קונדיטוריית,,,יח`,2,"100 מ""ל",false,1,3.90,1.95,false,1,
7290004131456,false,יוגורט ביו 1.5% שומן 200 ג' יופלה,מיוצר עי קונדיטוריית,,,יח`,2,"100 מ""ל",false,1,3.90,1.95,false,1,
7290004131531,false,שוקו 30% פחות תוספת סוכר תנובה (1 ליטר),פארייפאבה אגרואינדוס,,,יח`,1,1 ליטר,false,1,12.50,12.50,false,1,
7290004131814,false,גבינת צפתית מעודנת (2005% גרם)פיראוס ת,פארייפאבה אגרואינדוס,,,יח`,2,100 גרם,false,1,14.90,7.45,false,1,
7290004132552,false,משקה סויה בטעם טבעי לייט תנובה 1 ליטר,תנובה מרכז שיתופי לש,,,יח`,1,1 ליטר,false,1,9.90,9.90,false,1,
7290004132606,false,"קרלו מעדן חלב בטעם וניל 2% תנובה 8*100 מ""ל",תנובה מרכז שיתופי לש,,,יח`,8,"100 מ""ל",false,1,13.90,1.74,false,1,
7290004132712,false,חטיף אצבעות גבינת מוצרלה 20% 172 ג' עמק,תנובה מרכז שיתופי לש,,,יח`,1.74,100 גרם,false,1,16.50,9.48,false,1,
7290004133511,false,יופלה מאגדת לבן 1.5% מעודן 8 יח' * 150 ג',מיוצר עי קונדיטוריית,,,יח`,1.20,1 ליטר,false,1,20.90,17.42,false,1,
7290004134945,false,יוגורט ביו 3% בטעם מוקה יופלה (150 גרם),תנובה מרכז שיתופי לש,,,יח`,1.50,"100 מ""ל",false,1,4.90,3.27,false,1,
7290004135058,false,שמיניית קרלו מיני שוקולד 100 גרם מהדרין,תנובה מרכז שיתופי לש,,,יח`,8,"100 מ""ל",false,1,13.90,1.74,false,1,
7290004135119,false,מעדן חלב בטעם וניל בדץ קרלו (100x8 גרם),תנובה מרכז שיתופי לש,,,יח`,8,"100 מ""ל",false,1,13.90,1.74,false,1,
7290004135225,false,מעדן חלב דל קלוריות בטעם שוקולד 0.2שומ,תנובה מרכז שיתופי לש,,,יח`,1.50,"100 מ""ל",false,1,4,2.67,false,1,
7290004135614,false,גבינה בולגרית מעודנת 5% פיראוס 250 גרם,"תנובה בע""מ ***",,,יח`,2.50,100 גרם,false,1,21.90,8.76,false,1,
7290004136598,false,מארז הפסקת אוכל עם קורנפלקס ומשקה חלב עמיד בטעם וניל,פארייפאבה אגרואינדוס,,,יח`,1.50,"100 מ""ל",false,1,9.90,6.60,false,1,
7290004136857,false,מעדן ג`לי בטעם פטל תנובה (125 גרם),תנובה מרכז שיתופי לש,,,יח`,1.25,"100 מ""ל",false,1,2.30,1.84,false,1,
7290004136864,false,מעדן ג'לי בטעם אננס עם חתיכות תנובה 125 גרם,תנובה בעמ ***,,,יח`,1.25,"100 מ""ל",false,1,2.60,2.08,false,1,
7290004136871,false,מעדן ג'לי בטעם אפרסק עם חתיכות תנובה 125 גרם,תנובה מרכז שיתופי לש,,,יח`,1.25,"100 מ""ל",false,1,2.60,2.08,false,1,
7290004137021,false,"שמנת עמידה לבישול מופחת שומן 10% השף הלבן 250 מ""ל",תנובה מרכז שיתופי לש,,,יח`,2.50,"100 מ""ל",false,1,8.20,3.28,false,1,
7290004137311,false,גבינה צהובה מופחתת שומן 9% עמק (400 גרם),"תנובה בע""מ ***",,,יח`,4,100 גרם,false,1,30.80,7.70,false,1,
7290004137809,false,לאבנה אסלית 5% גביע (250 גרם)פיראוס תנו,"תנובה, מחלבת אלון תב",,,יח`,2.50,100 גרם,false,1,12.50,5,false,1,
7290004146986,false,נקה 7 שמפו לשיער צבוע ומובהר 750 מל,החברה הדרומית לשיווק בעמ,,,יח`,7.50,"100 מ""ל",false,1,10.90,1.45,true,1,
7290004147150,false,ליפות/רצועות/וספוגים- מערוב,קונסיגנציה- ש. י גיספאן 1993,,,יח`,1,,false,1,14.90,14.90,false,1,
7290004147440,false,קוצץ ציפורניים,קונסיגנציה- ש. י גיספאן 1993,,,יח`,1,,false,1,9.90,9.90,false,1,
7290004150112,false,חומוס מזרחי פיקנטי פרימיום 300 גרם שמיר,"סלטי שמיר 2006 בע""\מ",,,יח`,3,100 גרם,false,1,14.90,4.97,false,1,
7290004150129,false,טחינה פיקנטי פרימיום 300 גרם שמיר,"סלטי שמיר 2006 בע""\מ",,,יח`,3,100 גרם,false,1,14.90,4.97,false,1,
7290004150150,false,חציל בטחינה פיקנטי פרימיום 300 גרם שמיר,"סלטי שמיר 2006 בע""\מ",,,יח`,3,100 גרם,false,1,14.90,4.97,false,1,
7290004150204,false,מטבוחה 300 גרם פיקנטי פרימיום,"סלטי שמיר 2006 בע""\מ",,,יח`,3,100 גרם,false,1,14.90,4.97,false,1,
7290004150228,false,כרוב אדום פיקנטי פרימיום 300 גרם שמיר,"סלטי שמיר 2006 בע""\מ",,,יח`,3,100 גרם,false,1,14.90,4.97,false,1,
7290004150235,false,חומוס עם חריף פיקנטי פרימיום 300 גרם שמיר,"סלטי שמיר 2006 בע""\מ",,,יח`,3,100 גרם,false,1,14.90,4.97,false,1,
7290004150372,false,חומוס ווסאבי פיקנטי פרימיום 300 גרם,"סלטי שמיר 2006 בע""\מ",,,יח`,3,100 גרם,false,1,14.90,4.97,false,1,
7290004199579,false,פלסטר מעורב 100 יח' - SUNNY PLASTER,הדקלאים אגודת שיתופי,,,יח`,100,יח`,false,1,9.90,0.10,true,1,
7290004199777,false,צימרוני אוזניים פלסטיק בכוס 300 יחידות אינטרסאן,אינטרסן (1996) בעמ,,,יח`,1,,false,1,7.90,7.90,true,1,
7290004219826,false,מלבין קפה הולנדי קומפלטה 400ג',ג. וילי-פוד אינטרנשיונל בע`מ,,,יח`,4,100 גרם,false,1,19.90,4.98,false,1,
7290004225285,false,גבינה בסגנון דנאבלו 100 גר,האי נאם סי או אל.טי.,,,יח`,1,100 גרם,false,1,13.90,13.90,true,1,
7290004228804,false,עלי בצק לסיגרים ואגרול שלושת האופים (450,נטו מילנדה סחר בעמ*,,,יח`,4.50,100 גרם,false,1,13.90,3.09,true,1,
7290004255305,false,נר נשמה שבועי בפלסטיק מנורה,"מנורה שי נר בע""מ",,,יח`,1,,false,1,9.90,9.90,false,1,
7290004255428,false,נר נשמה בפחית 24 שעות מנורה,"מנורה שי נר בע""מ",,,יח`,1,,false,1,1.90,1.90,false,1,
7290004256371,false,ריץ פרוס 400 ג' -צהובה פרוסה,נטו מילנדה סחר בעמ*,,,יח`,4,100 גרם,false,1,19.90,4.98,false,1,
7290004263515,false,מעורב ירושלמי קפוא עטרה 800 גר',נטו מלינדה סחר - עטרה,,,יח`,8,100 גרם,false,1,19.80,2.48,false,1,
7290004263652,false,נקניקיות עוף עטרה (400 גרם),נטו מלינדה סחר - עטרה,,,יח`,4,100 גרם,false,1,11.90,2.98,false,1,
7290004263676,false,בשר הודו קפוא טחון חלק עטרה (500 גרם),נטו מלינדה סחר - עטרה,,,יח`,5,100 גרם,false,1,12.40,2.48,false,1,
7290004324605,false,גבינה מותכת למריחה בטעם רוקפור 7% מון בלאן 120 ג',נטו מילנדה סחר בעמ*,,,יח`,1.20,100 גרם,false,1,13.90,11.58,true,1,
7290004324858,false,קבב כבש טיבון ויל 500 גרם,"טיבון ויל אחזקות בע""",,,יח`,5,100 גרם,false,1,20.90,4.18,true,1,
7290004492762,false,"נשנושים תירס אפוי טעם טבעי בייגל בייגל 325 גרם בד""צ",יוניליוור ישראל שיווק בע`מ,,,יח`,3.25,100 גרם,false,1,12.90,3.97,true,1,
7290004494131,false,יין דלתון קברנה סוביניון גליל,הכרם - משקאות חריפים בעמ,,,יח`,7.50,"100 מ""ל",false,1,64.90,8.61,true,1,
7290004544539,false,לחמניות סנדביץ ללא גלוטן 6 יח`,מאפית אריאל שיווק והפצה,,,יח`,1,,false,1,17.90,17.90,false,1,
7290004544546,false,שליש בגט ללא גלוטן 4 יח,מאפית אריאל שיווק והפצה,,,יח`,1,,false,1,17.90,17.90,false,1,
7290004544560,false,לחמניה מיני ללא גלוטן 10 יח`,מאפית אריאל שיווק והפצה,,,יח`,1,,false,1,17.90,17.90,false,1,
7290004575632,false,קרמבו וניל 16 יחידות(ריאו).,ריאו נתניה ביחר לגלידה וממתקים,,,יח`,1,,false,1,21.90,21.90,false,1,
7290004584351,false,גבינה לבנה סימפוניה עם תוספות 200 ג' חמישית 200,שטראוס גרופ בעמ/מצונן,,,יח`,2,100 גרם,false,1,11.40,5.70,true,1,
7290004584528,false,יוגורט דנונה ביו לבן 1.7% שומן 200 גרם,שטראוס גרופ בעמ/מצונן,,,יח`,2,"100 מ""ל",false,1,3.50,1.75,false,1,
7290004585907,false,דני ועדן וניל 1.5% 125ג' שטראוס,שטראוס גרופ בעמ/מצונן,,,יח`,1.30,"100 מ""ל",false,1,2.60,2,false,1,
7290004603175,false,מלח הים האדום גס מלח הארץ (500 גרם),"חברת מלח הארץ אילת בע""\מ",,,יח`,5,100 גרם,false,1,7.90,1.58,false,1,
7290004639006,false,קוסקוס תונסאי קפוא מטעמי פאר (800 גרם),מטעמי פאר (א.מ.נ) בעמ,,,יח`,8,100 גרם,false,1,14.90,1.86,false,1,
7290004652401,false,ג'חנון ללא מרגרינה שגב 650 גר' לנדא,נטו מלינדה סחר בע`מ,,,יח`,6.50,100 גרם,false,1,19.90,3.06,false,1,
7290004685010,false,לחם 100% שיפון פלוס לחם הארץ 500 גר',מאפית י את א ברמן בע,,,יח`,5,100 גרם,false,1,16.20,3.24,false,1,
7290004685089,false,לחם הארץ לחם חמניות 500 גר',מאפית י את א ברמן בע,,,יח`,1,,false,1,16.20,16.20,false,1,
7290004685157,false,לחם שיפון 100% פרוס לחם הארץ (750 גרם),מאפית י את א ברמן בע,,,יח`,7.50,100 גרם,false,1,16.20,2.16,false,1,
7290004685195,false,לחם 10 דגנים פרוס לחם הארץ (750 גרם),מאפית י את א ברמן בע,,,יח`,7.50,100 גרם,false,1,16.20,2.16,false,1,
7290004685225,false,לחם פומפרניקל פרוס לחם הארץ (750 גרם),מאפית י את א ברמן בע,,,יח`,7.50,100 גרם,false,1,16.20,2.16,false,1,
7290004685430,false,100% לחם כומסין 500 גר לחם הארץ,מאפית י את א ברמן בע,,,יח`,5,100 גרם,false,1,16.20,3.24,false,1,
7290004685447,false,לחמניות כוסמין 6 יח בשקית מלא 450 גר`E,מאפית ברמן מקבוצת י. את,,,יח`,4.50,100 גרם,false,1,15.90,3.53,true,1,
7290004731076,false,אל סבון נוזלי עם אלוורה כיף 1 ליטר,החברה הדרומית לשיווק בעמ,,,יח`,1,1 ליטר,false,1,13.90,13.90,true,1,
7290004731090,false,אל סבון נוזלי קמומיל כיף (1 ליטר),החברה הדרומית לשיווק בעמ,,,יח`,1,1 ליטר,false,1,13.90,13.90,true,1,
7290004731410,false,"שלישיית כריות קרצוף ירוקות סנו סושי 25X10.6 ס""מ",החברה הדרומית לשיווק בעמ,,,יח`,1,,false,1,10.90,10.90,true,1,
7290004731519,false,"מקסימה מרכך ומבשם כביסה למייבש סנסיטיב סנו 750 מ""ל",החברה הדרומית לשיווק בעמ,,,יח`,7.50,"100 מ""ל",false,1,17.90,2.39,true,1,
7290004731557,false,"מקסימה תרסיס מרכך ומבשם כביסה במייבש מאסק סנו 750 מ""ל",החברה הדרומית לשיווק בעמ,,,יח`,7.50,"100 מ""ל",false,1,17.90,2.39,true,1,
7290004731564,false,"מקסימה מבשם ומרכך למייבש הכביסה בלו בלוסום 750 מ""ל",החברה הדרומית לשיווק בעמ,,,יח`,7.50,"100 מ""ל",false,1,17.90,2.39,true,1,
7290004737719,false,אספרגוס שלם מקולף בצנצנת ויליפוד 330 גרם,ג.וילי-פוד אינטרנשיונל בעמ,,,יח`,3.30,100 גרם,false,1,9.90,3,false,1,
7290004737900,false,חלב כחוש מרוכז וממותק בתוספת שמן צמחי ויליפוד 397 גרם,ג. וילי-פוד אינטרנשיונל בע`מ,,,יח`,3.97,100 גרם,false,1,9.90,2.49,false,1,
7290004944032,false,חומוס אמיתי אסלי שמיר 400 גרם,"סלטי שמיר 2006 בע""מ",,,יח`,4,100 גרם,false,1,9.90,2.48,true,1,
7290004944049,false,טחינה אסלי שמיר 400 גרם,"סלטי שמיר 2006 בע""מ",,,יח`,4,100 גרם,false,1,9.90,2.48,true,1,
7290004944056,false,סדרת האסלי חציל במיונז שמיר 400 גרם,"סלטי שמיר 2006 בע""מ",,,יח`,4,100 גרם,false,1,9.90,2.48,true,1,
7290004982355,false,גבינת צדר טריפל במשק,א. סיימן סחר בעמ,,,"ק""ג",10,100 גרם,true,1,119,11.90,false,1,
7290005084355,false,סנסודין משחת שיניים דואל קר פלואוריד 75,גלקסו סמית קליין,,,יח`,0.75,100 גרם,false,1,21.90,29.20,true,1,
7290005111761,false,"מזון לכלבים בונזו מזון כלבים בשר 3 ק""ג",דיפלומט מפיצים (1968) בעמ**,,,יח`,0.03,100 גרם,false,1,49.90,1663.33,false,1,
7290005174513,false,חציל על האש במיונז אחלה 400 גרם+225גר,שטראוס גרופ בעמ/מצונן,,,יח`,5,100 גרם,false,1,15.50,3.10,true,1,
7290005174551,false,סלט חומוס עם צנוברים 125 ג' אחלה,שטראוס גרופ בעמ/מצונן,,,יח`,1.25,100 גרם,false,1,4.90,3.92,false,1,
7290005174568,false,אחלה יום יום חצילים במיונז 125 גרם,שטראוס גרופ בעמ/מצונן,,,יח`,1.25,100 גרם,false,1,4.90,3.92,false,1,
7290005174575,false,טחינה אחלה יום יום משובחת 125ג',שטראוס גרופ בעמ/מצונן,,,יח`,1.25,100 גרם,false,1,4.90,3.92,false,1,
7290005175428,false,"קמח תירס לל""ג ריבארה 500 ג'",ג. וילי-פוד אינטרנשיונל בע`מ,,,יח`,5,100 גרם,false,1,5.90,1.18,false,1,
7290005197758,false,"עוגיות חיוכים שוקולד עלית 150 גרם בד""צ",אפיפית נצרת תעשיות ב,,,יח`,1.50,100 גרם,false,1,4.90,3.27,false,1,
7290005200786,false,תפוצ'יפס בטעם שמנת בצל עלית 50 גרם,"שטראוס פריטו ליי בע""\מ )",,,יח`,0.50,100 גרם,false,1,3.90,7.80,false,1,
7290005201882,false,קפה טורקי בצלופן עלית 200 גרם,הנסיך- מפעל לייצור ט,,,יח`,2,100 גרם,false,1,15.90,7.95,true,1,
7290005230035,false,צלחת ענק לבן בייסיק 50 יח`,פאלאס תעשיות נטו (2014) בעמ,,,יח`,1,,false,1,19.90,19.90,false,1,
7290005230042,false,צלחת קטנה לבן 50 יח פאלאס,פאלאס תעשיות נטו (2014) בעמ,,,יח`,1,,false,1,12.90,12.90,true,1,
7290005230059,false,צלחת מרק לבנה 25 יח פאלאס .,פאלאס תעשיות נטו (2014) בעמ,,,יח`,25,100 גרם,false,1,9.90,0.40,false,1,
7290005230066,false,ליפתניות לבן 25 יח פאלאס,פאלאס תעשיות נטו (2014) בעמ,,,יח`,1,,false,1,5.90,5.90,true,1,
7290005230455,false,צלחת מרכזית חד פעמי 30 יח`פאלאס,פאלאס תעשיות נטו (2014) בעמ,,,יח`,1,,false,1,16.90,16.90,false,1,
7290005230738,false,צלחות גדולה לבן קלאסיק 125 גר`פאלאס,פאלאס תעשיות נטו (2014) בעמ,,,יח`,125,יח`,false,1,67.90,0.54,false,1,
7290005230769,false,צלחת גדולה לבן 50 יח פאלאס,פאלאס תעשיות נטו (2014) בעמ,,,יח`,1,,false,1,16.90,16.90,true,1,
7290005230776,false,צלחת מרקלבן קלאסיק 125 יח פאלאס,פאלאס תעשיות נטו (2014) בעמ,,,יח`,1,,false,1,49.90,49.90,false,1,
7290005230806,false,כוסות איכותיות פאלאס,פאלאס תעשיות נטו (2014) בעמ,,,יח`,1,,false,1,9.90,9.90,true,1,
7290005230813,false,קערית אובלית לבן 25 יח פאלאס,פאלאס תעשיות נטו (2014) בעמ,,,יח`,1,,false,1,9.20,9.20,true,1,
7290005287206,false,רביעיית טונה בשמן סטארקיסט 160 גרם,דיפלומט מפיצים (1968) בעמ**,,,יח`,6.40,100 גרם,false,1,24.90,3.89,false,1,
7290005287251,false,רביעיית טונה במים סטארקיסט 160 גרם,דיפלומט מפיצים (1968) בעמ**,,,יח`,6.40,100 גרם,false,1,24.90,3.89,false,1,
7290005287510,false,"סטארקיסט טונה בשמן עם פלפל חריף 160 גרם בד""צ",דיפלומט מפיצים (1968) בע`מ,,,יח`,1.60,100 גרם,false,1,8.90,5.56,false,1,
7290005287527,false,"סטארקיסט טונה בשמן עם לימון 160 גרם בד""צ",סטארקיסט דיפלומט היינץ,,,יח`,1.60,100 גרם,false,1,8.90,5.56,false,1,
7290005287534,false,"סטארקיסט טונה בשמן עישון טבעי 160 גרם בד""צ",סטארקיסט דיפלומט היינץ,,,יח`,1.60,100 גרם,false,1,8.90,5.56,false,1,
7290005287657,false,"סטארקיסט ממרח טונה 160 גרם בד""צ",דיפלומט מפיצים (1968) בעמ**,,,יח`,1.60,100 גרם,false,1,7.90,4.94,true,1,
7290005296246,false,"פותח סתימות דריין אאוט 946 מ""ל יעקבי","יעקב יעקבי ובניו בע""מ",,,יח`,9.46,"100 מ""ל",false,1,25.90,2.74,false,1,
7290005418716,false,"קרם לחות לבניית תלתלים עגולים נטורל פורמולה 400 מ""ל",החברה הדרומית לשיווק בעמ,,,יח`,4,"100 מ""ל",false,1,21.90,5.48,true,1,
7290005423253,false,"סנו - מקסימה מרסס למייבש כביסה אולטרה פרש 750 מ""ל",החברה הדרומית לשיווק בעמ,,,יח`,7.50,"100 מ""ל",false,1,17.90,2.39,true,1,
7290005423567,false,מטליות ניקוי רב שימושיות בגליל סנו סושי 40 יחידות,החברה הדרומית לשיווק בעמ,,,יח`,1,,false,1,19.90,19.90,true,1,
7290005423635,false,ריצפז נוזל רצפות דוחה תיקנים סנו 2 ליטר,החברה הדרומית לשיווק בעמ,,,יח`,2,1 ליטר,false,1,22.90,11.45,true,1,
7290005423871,false,שלישיית משחת שיניים מנטול אורביטול 145 גרם,טרופיקל דגיל תעשיות קוסמ,,,יח`,4.35,100 גרם,false,1,19.90,4.57,true,1,
7290005423918,false,סנו - מקסימה מרכך כביסה היפואלרגני אלוורה 4 ליטר,החברה הדרומית לשיווק בעמ,,,יח`,4,1 ליטר,false,1,19.90,4.98,true,1,
7290005424403,false,"אל סבון כיף אצות ים קטיפתי 1ליטר,",החברה הדרומית לשיווק בעמ,,,יח`,1,1 ליטר,false,1,13.90,13.90,true,1,
7290005424700,false,סנו - פורטה פלוס מרסס מסיר שומנים 1 ליטר,החברה הדרומית לשיווק בעמ,,,יח`,10,"100 מ""ל",false,1,17.90,1.79,true,1,
7290005424762,false,ריצפז פלוס ווקס נוזל להברקת רצפות דוחה תיקנים סנו 2 ליטר,החברה הדרומית לשיווק בעמ,,,יח`,2,1 ליטר,false,1,25.90,12.95,false,1,
7290005424847,false,"מפיות נייר 30*30 ס""מ סנו סושי 150 יחידות",החברה הדרומית לשיווק בעמ,,,יח`,150,יח`,false,1,7.90,0.05,true,1,
7290005425110,false,"חיטוי משטחים 99.9% מתז מחטא ומשמיד 750 מ""ל",החברה הדרומית לשיווק בעמ,,,יח`,7.50,"100 מ""ל",false,1,14.90,1.99,true,1,
7290005425196,false,"מקסימה אבקת כביסה סנסיטיב סנו 2.5 ק""ג",החברה הדרומית לשיווק בעמ,,,יח`,2.50,"ק""ג",false,1,24.90,9.96,false,1,
7290005425646,false,קליר נוזל לניקוי חלונות רב תכליתי סנו 1 ליטר,החברה הדרומית לשיווק בעמ,,,יח`,1,1 ליטר,false,1,11.90,11.90,true,1,
7290005426230,false,מטלית הפלא לרצפה מיקרופייבר סנו 1יח',החברה הדרומית לשיווק בעמ,,,יח`,1,,false,1,11.90,11.90,true,1,
7290005426803,false,מקסימה מרכך כביסה פצ'ולי לבנדר סגול סנו 4 ליטר,החברה הדרומית לשיווק בעמ,,,יח`,4,1 ליטר,false,1,19.90,4.98,true,1,
7290005426964,false,סנובון סבון לאסלה בניחוח אפרסק סנו 3 יחידות,החברה הדרומית לשיווק בעמ,,,יח`,1.65,100 גרם,false,1,17.90,10.85,true,1,
7290005426971,false,סנובון סבון לאסלה תפוח כחול סנו 3 יחידות,החברה הדרומית לשיווק בעמ,,,יח`,1.65,100 גרם,false,1,17.90,10.85,true,1,
7290005427107,false,סנו - סושי מגבות נייר הפלא 6 יחידות,החברה הדרומית לשיווק בעמ,,,יח`,5.70,100 גרם,false,1,12.90,2.26,true,1,
7290005431883,false,מלבי חלבי עדן קינוחים 165 גרם,עדן קינוחים Eden,,,יח`,1.65,"100 מ""ל",false,1,6.90,4.18,false,1,
7290005431906,false,מארז קדאיף 82 גר`עדן קינוחים,עדן קינוחים Eden,,,יח`,1.24,100 גרם,false,1,6.90,5.56,false,1,
7290005431913,false,עוגת גבינה פירורים עדן קינוחים 92 גרם,עדן קינוחים Eden,,,יח`,0.92,100 גרם,false,1,6.90,7.50,false,1,
7290005431920,false,עוגת גבינה פירורים לייט עדן קינוחים 78 גרם,עדן קינוחים Eden,,,יח`,1,,false,1,6.90,6.90,false,1,
7290005431937,false,מעדן טירמיסו 82 גר`עדן קינוחים,עדן קינוחים Eden,,,יח`,0.82,100 גרם,false,1,6.90,8.41,false,1,
7290005431968,false,מלבי שמנת עדן קינוחים 150 גרם,עדן קינוחים Eden,,,יח`,1.50,"100 מ""ל",false,1,6.90,4.60,false,1,
7290005477669,false,סבון נוזלי דרמפון מועשר לחות קרליין 1 ליטר,החברה הדרומית לשיווק בעמ,,,יח`,1,1 ליטר,false,1,17.90,17.90,false,1,
7290005559907,false,פיצה משפחתית 100% גבינה מעדנות 500 גרם,תנובה מרכז שיתופי לשיווק תוצרת,,,יח`,5,100 גרם,false,1,23.90,4.78,false,1,
7290005559914,false,פיצה משפחתית עם 100% גבינה בתוספת זיתים מעדנות 550 גרם,תנובה מרכז שיתופי לשיווק תוצרת,,,יח`,5.50,100 גרם,false,1,25.90,4.71,false,1,
7290005559990,false,בצק עלים פילאס תורכי 600 גרם קפוא,תנובה מרכז שיתופי לשיווק תוצרת,,,יח`,6,100 גרם,false,1,22.90,3.82,true,1,
7290005576010,false,חסה מהדרין גלאט עלים,רביבים עלי דשא בעמ,,,יח`,1,,false,1,7.90,7.90,false,1,
7290005576027,false,פטרוזיליה גלאט עלים - יח,רביבים עלי דשא בעמ,,,יח`,1,,false,1,6.90,6.90,false,1,
7290005576034,false,כוסברה גלאט עלים - יח',רביבים עלי דשא בעמ,,,יח`,1,,false,1,6.90,6.90,false,1,
7290005576041,false,שמיר גלאט יחידה,רביבים עלי דשא בעמ,,,יח`,1,,false,1,6.90,6.90,false,1,
7290005576065,false,סלרי גלאט יחידה,רביבים עלי דשא בעמ,,,יח`,1,,false,1,7.90,7.90,false,1,
7290005576072,false,מנגולד עלי סלק גלאט,רביבים עלי דשא בעמ,,,יח`,1,,false,1,7.90,7.90,false,1,
7290005576089,false,בצל ירוק גלאט יחידה,רביבים עלי דשא בעמ,,,יח`,1,,false,1,7.90,7.90,false,1,
7290005576096,false,כרוב לבן שלם גלאט עלים,רביבים עלי דשא בעמ,,,"ק""ג",1,,true,1,14.90,14.90,false,1,
7290005591761,false,דבש טהור מפרחי בר בלחיץ 400 ג' יד מרדכי,מכוורת יד מרדכי שטרא,,,יח`,4,100 גרם,false,1,20.90,5.23,true,1,
7290005610509,false,צנונית ארוז דוד משה 500ג',תוצרת הנגב אגודה שיתופית חקלאי,,,יח`,1,,false,1,6.90,6.90,true,1,
7290005651366,false,"מזון לכלבים בונזו מזון כלבים כבד 3 ק""ג",דיפלומט מפיצים (1968) בעמ**,,,יח`,3,"ק""ג",false,1,49.90,16.63,false,1,
7290005651427,false,"בונזו מזון לכלבים מולטיפק 1.2 ק""ג מארז 3 יחידות",דיפלומט מפיצים (1968) בעמ**,,,יח`,1.24,"ק""ג",false,1,17.90,14.44,false,1,
7290005838002,false,מעדן גבינה ויוגורט בטעם וניל 88 ג' דניאלה,שטראוס גרופ בעמ/מצונן,,,יח`,1.50,"100 מ""ל",false,1,4,2.67,false,1,
7290005838613,false,קרם גבינה 3% בטעם וניל סקי (125 גרם),שטראוס גרופ בעמ/מצונן,,,יח`,1.25,100 גרם,false,1,3.70,2.96,true,1,
7290005838972,false,סקי יום יום גבינה לבנה %5 125 גרם,שטראוס גרופ בעמ/מצונן,,,יח`,1.25,100 גרם,false,1,3.10,2.48,false,1,
7290005839078,false,שמיניית יוגורט לבן 3% ביו דנונה 150 גרם,שטראוס גרופ בעמ/מצונן,,,יח`,1.20,1 ליטר,false,1,16.80,14,false,1,
7290005839108,false,גבינה לבנה סימפוניה עם תוספות 200 ג'+זיתים 5%,שטראוס גרופ בעמ/מצונן,,,יח`,2,100 גרם,false,1,11.40,5.70,true,1,
7290005839313,false,מילקי Top עם שוקולדה מגולגלת 140 גרם,שטראוס גרופ בעמ/מצונן,,,יח`,1.30,"100 מ""ל",false,1,4.90,3.77,false,1,
7290005854606,false,קרחון אסקימו שטראוס אננס,גלידות שטראוס בעמ,,,יח`,1,,false,1,1.90,1.90,true,1,
7290005896439,false,"בירה מכבי, בקבוק חוזר 500 מ''ל","טמפו משקאות בע""מ",,,יח`,5,"100 מ""ל",false,1,6.90,1.14,false,1,
7290005896453,false,"בירה מכבי 7.9%, בירה חזקה, בקבוק חוזר 500 מ''ל",פארייפאבה אגרואינדוס,,,יח`,5,"100 מ""ל",false,1,7.90,1.34,false,1,
7290005896637,false,סאן בנדטו - מים מינרלים טבעיים מהאלפים 1.5 ליטר,אקווה מינרלה סאן בנדטו ב,,,יח`,1.50,1 ליטר,false,1,4.30,2.67,false,1,
7290005938245,false,ממרח פסטו קלאסי פרסקו 220ג' מצונן,מיוצר עי פרסקו חצבה,,,יח`,1.90,100 גרם,false,1,19,10,false,1,
7290005966033,false,הר חרמון לבן יקב רמת הגולן (750 מל),היכל היין שקד גולן בעמ,,,יח`,7.50,"100 מ""ל",false,1,35.90,4.75,true,1,
7290005992575,false,גבינה בולגרית למריחה 5% גד (250 גרם),מחלבות גד שיווק 1992 בעמ,,,יח`,2.50,100 גרם,false,1,16.90,6.76,false,1,
7290005992735,false,לאבנה טבעית 5% 250 גר' - רבנות,מחלבות גד שיווק 1992 בעמ,,,יח`,2.50,100 גרם,false,1,11.90,4.76,false,1,
7290005996009,false,סלמי גלילי מעושן 400 גר`יחיעם,מעדני יחיעם (1993) בעמ,,,יח`,4,100 גרם,false,1,24.90,6.23,false,1,
7290005996078,false,סלמי סרוולט הונגרי יחיעם 150 גרם,מעדני יחיעם (1993) בעמ,,,יח`,1.25,100 גרם,false,1,25.90,20.72,false,1,
7290005996153,false,נקניקיות צרפתיות פרימיום 280 גר` יחיעם,מעדני יחיעם (1993) בעמ,,,יח`,2.80,100 גרם,false,1,22.90,8.18,true,1,
7290005996740,false,סלמי פפרוני 300 גר יחיעם,מעדני יחיעם (1993) בעמ,,,יח`,2.80,100 גרם,false,1,22.90,8.18,false,1,
7290006185501,false,"פנינה רוזנבלום -אל סבון נוזלי ורוד,1 ליטר","פנינה רוזנבלום בע""מ",,,יח`,1,1 ליטר,false,1,9.90,9.90,false,1,
7290006185518,false,אל סבון נוזלי כחול 1 ליטר פנינה רוזנבלום,"פנינה רוזנבלום בע""מ",,,יח`,1,1 ליטר,false,1,9.90,9.90,false,1,
7290006229427,false,סן בנדטו - מים מינרלים - מארז שישיית 500 מל,טמפו משקאות בע`מ,,,יח`,3,1 ליטר,false,1,13.70,3.97,true,1,
7290006241214,false,שקדים טבעיים קליית גת (200 גרם),הדקלאים אגודת שיתופי,,,יח`,2,100 גרם,false,1,16.90,8.45,true,1,
7290006241504,false,"משקה תפוזים קפוא פריגת 340 מ""ל",החברה המרכזית טלהפצת משקאות בע,,,יח`,2.80,"100 מ""ל",false,1,14.60,5.21,true,1,
7290006241511,false,"משקה לימונענע מרוכז קפוא פריגת 280 מ""ל",היינץ צפון אמריקה מק,,,יח`,2.80,"100 מ""ל",false,1,14.60,5.21,true,1,
7290006241689,false,"משקה לימונים מרוכז קפוא פריגת 280 מ""ל",החברה המרכזית טלהפצת משקאות בע,,,יח`,2.80,"100 מ""ל",false,1,14.60,5.21,true,1,
7290006251275,false,תה ירוק סיני קלאסי ויסוצקי 25 יחידות,תה ויסוצקי (ישראל) בעמ,,,יח`,0.3750,100 גרם,false,1,24.90,66.40,true,1,
7290006251282,false,חליטת חמוציות הגן הקסום ויסוצקי 25 יחידות,תה ויסוצקי (ישראל) בעמ,,,יח`,0.75,100 גרם,false,1,17.50,23.33,true,1,
7290006251343,false,חליטת פסיפלורה מנגו הגן הקסום ויסוצקי 25 יחידות,תה ויסוצקי (ישראל) בעמ,,,יח`,0.6250,100 גרם,false,1,17.50,28,true,1,
7290006251374,false,תה ירוק לימונית וג'ינג'ר ויסוצקי 25 יחידות,תה ויסוצקי (ישראל) בעמ,,,יח`,0.25,100 גרם,false,1,24.90,99.60,true,1,
7290006251589,false,תה ירוק עם עלי נענע 50 שקיקים ויסוצקי,תה ויסוצקי (ישראל) בעמ,,,יח`,0.75,100 גרם,false,1,44.90,59.87,true,1,
7290006256089,false,"יין אדום קברנה סוביניון גאטו נגרו 750 מ""ל",היכל היין שקד גולן בעמ,,,יח`,7.50,"100 מ""ל",false,1,39.90,5.28,true,1,
7290006256102,false,"יין אדום מרלו גאטו נגרו 750 מ""ל",היכל היין שקד גולן בעמ,,,יח`,7.50,"100 מ""ל",false,1,39.90,5.28,true,1,
7290006265500,false,פטריות שמפיניון ארוז מרינה,קונס`-מרינה פטריות הגליל בעמ*ש,,,יח`,2.50,1 ליטר,false,1,9.90,3.96,true,1,
7290006271174,false,ג'חנון לאפיה בתנור מעדנות 700 גרם,תנובה מרכז שיתופי לשיווק תוצרת,,,יח`,7,100 גרם,false,1,18.90,2.70,true,1,
7290006271648,false,מיני בורקס תפוח אדמה מעדנות (800 גרם),תנובה מרכז שיתופי לשיווק תוצרת,,,יח`,6.50,100 גרם,false,1,24,3.69,true,1,
7290006271655,false,מיני בורקס במילוי גבינה מעדנות (800 גרם),תנובה מרכז שיתופי לשיווק תוצרת,,,יח`,8,100 גרם,false,1,25.90,3.24,true,1,
7290006272072,false,חטיפי פיצה גבינה מעדנות 650 גרם,תנובה קפואים,,,יח`,6.50,100 גרם,false,1,33.90,5.22,true,1,
7290006306319,false,רביולי במילוי בטטה 400 ג' פסטה נונה,דורום תעשיות מזון ופסטה,,,יח`,4,100 גרם,false,1,23.90,5.98,true,1,
7290006306326,false,רביולי במילוי פטריות וגבינת פרמזן פסטה נונה 400 ג',דורום תעשיות מזון ופסטה,,,יח`,4,100 גרם,false,1,23.90,5.98,true,1,
7290006374653,false,דבש לייט מופחת קלוריות יד מרדכי 350 ג',מכוורת יד מרדכי שטראוס ב,,,יח`,3.50,100 גרם,false,1,26.90,7.69,true,1,
7290006374738,false,קונפיטורה תות יד מרדכי בטעם תות,אף.סי תבליני בגליל ב,,,יח`,3.40,100 גרם,false,1,11.90,3.50,false,1,
7290006424358,false,פיקס 2000W מפזר חום עומד /שוכב 901,אוהב ציון בעמ (מבצעים),,,יח`,1,,false,1,64.90,64.90,false,1,
7290006439444,false,"אורז בסמתי ""גולד"" מוזהב 1 ק""ג שוקחה",בני ג`ורג` שוקחה (חיפה) בעמ,,,יח`,1,"ק""ג",false,1,10.90,10.90,false,1,
7290006439536,false,חומוס 1 קג` שוקחה,בני ג`ורג` שוקחה (חיפה) בעמ,,,יח`,1,"ק""ג",false,1,13.90,13.90,true,1,
7290006439703,false,אפונה חצאים 1 קג שוקחה,בני ג`ורג` שוקחה (חיפה) בעמ,,,יח`,1,"ק""ג",false,1,8.90,8.90,false,1,
7290006439710,false,שעועית אדומה 1 קג שוקחה,בני ג`ורג` שוקחה (חיפה) בעמ,,,יח`,1,"ק""ג",false,1,15.90,15.90,true,1,
7290006492432,false,גבינה מוצרלה בייבי 18% גד (150 גרם),מחלבות גד שיווק 1992 בעמ,,,יח`,1.70,100 גרם,false,1,12.90,7.59,false,1,
7290006492616,false,גבינה בולגרית מעודנת פרוסות 5% גד 250 גרם,מחלבות גד שיווק 1992 בעמ,,,יח`,2.50,100 גרם,false,1,25.90,10.36,false,1,
7290006492630,false,גבינת פרומעז עיזים 22% גד 180 גרם,מחלבות גד שיווק 1992 בעמ,,,יח`,1.80,100 גרם,false,1,22.90,12.72,false,1,
7290006492685,false,גבינת לאבנה עיזים 5% גד (250 גרם),מחלבות גד שיווק 1992 בעמ,,,יח`,2.50,100 גרם,false,1,16.90,6.76,false,1,
7290006492913,false,גבינת לאבנה ציזיקי 5% מחלבות גד 250 גרם,מחלבות גד שיווק 1992 בעמ,,,יח`,2.50,100 גרם,false,1,12.90,5.16,false,1,
7290006494917,false,טוסו וופל קלאסי במילוי שוקולד 200 גרם,"איטיליאן פוד, אס.פי.",,,יח`,2,100 גרם,false,1,11.90,5.95,true,1,
7290006511157,false,פטריות שמפניון שלמות וילי פוד (400 גרם),ג.וילי-פוד אינטרנשיונל בעמ,,,יח`,4,100 גרם,false,1,7.90,1.98,false,1,
7290006511751,false,פטריות שמפניון חתוך ויליפוד 290X3 ג' בד”צ,ג.וילי-פוד אינטרנשיונל בעמ,,,יח`,8.70,100 גרם,false,1,11.90,1.37,false,1,
7290006546371,false,במיה 600 ג' פרי הגליל,ויטה פרי גליל (החדשה) בע`מ,,,יח`,6,100 גרם,false,1,9.90,1.65,false,1,
7290006546388,false,תחתיות ארטישוק קפוא פרי הגליל 400ג',ויטה -פרי גליל (החדשה) בעמ,,,יח`,4,100 גרם,false,1,9.90,2.48,false,1,
7290006546395,false,לקט העונה קפוא פרי הגליל 800ג',ויטה- פרי גליל (החדשה) בעמ,,,יח`,8,100 גרם,false,1,9.90,1.24,false,1,
7290006550972,false,בשר בקר קפוא טחון מהדרין עטרה (1 קג),טיבון ויל אחזקות בעמ,,,יח`,1,"ק""ג",false,1,42.90,42.90,false,1,
7290006582355,false,סילאן סירופ 900 גרם שקדיה,דין שיווק וקליה 2021 בעמ,,,יח`,9,100 גרם,false,1,14.90,1.66,true,1,
7290006582669,false,גרנולה 800 גרם אגוזים שקדיה (12 יח`),קונסיגנציה-דין שיווק וקליה 202,,,יח`,1,,false,1,15.90,15.90,false,1,
7290006618078,false,"מרסס לניקוי יסודי מטבח אסטוניש 750 מ""ל","יעקב יעקבי ובניו בע""מ",,,יח`,7.50,"100 מ""ל",false,1,11.90,1.59,false,1,
7290006652027,false,במבה חטיף בוטנים אסם 20*15 גרם,קבוצת אוסם סחר שותפות מוגבלת,,,יח`,3,100 גרם,false,1,23.90,7.97,false,1,
7290006653819,false,קוסקוס אמיתי דק בשקית 350 גרם,קבוצת אוסם סחר שותפות מוגבלת,,,יח`,3.50,100 גרם,false,1,8.90,2.54,false,1,
7290006664051,false,"אקטימל לבן 1.51 ק""ג מארז 14 יחידות",שטראוס גרופ בעמ/מצונן,,,יח`,1.40,1 ליטר,false,1,29.90,21.36,false,1,
7290006664532,false,יוגורט עם תות 3% שומן 150 ג' דנונה,שטראוס גרופ בעמ/מצונן,,,יח`,1.50,"100 מ""ל",false,1,3.90,2.60,false,1,
7290006664655,false,דנונה Actimel יוגורט טבעי 8*100 מ``ל,שטראוס גרופ בעמ/מצונן,,,יח`,8,"100 מ""ל",false,1,19.90,2.49,false,1,
7290006664693,false,יוגורט עם אפרסק 3% שומן 150 ג' דנונה,שטראוס גרופ בעמ/מצונן,,,יח`,1.50,"100 מ""ל",false,1,3.90,2.60,false,1,
7290006664990,false,"יוגורט דנונה ביו לבן 1.7% שומן 8*150 מ""ל",שטראוס גרופ בעמ/מצונן,,,יח`,1.20,1 ליטר,false,1,16.80,14,false,1,
7290006681003,false,גלידה קרמיסימו סרבט תות לימון 650 גרם,"גלידת שטראוס בע""\מ, רחוב",,,יח`,1.33,1 ליטר,false,1,19.90,14.96,true,1,
7290006681553,false,קרמבו בטעם וניל שטראוס 8 יחידות,"גלידות שטראוס בע""מ",,,יח`,2,100 גרם,false,1,15.90,7.95,false,1,
7290006681560,false,קרמבו בטעם מוקה שטראוס 8 יחידות,"גלידות שטראוס בע""מ",,,יח`,2,100 גרם,false,1,15.90,7.95,false,1,
7290006681577,false,מאגדת קרחון אסקימו לימון דובדובן 10 יח' שטראוס,"מיוצר ע""\י גלידת שטראוס",,,יח`,1,,false,1,16.90,16.90,false,1,
7290006681966,false,שטראוס קרמיסימו,גלידות שטראוס בעמ,,,יח`,1.33,1 ליטר,false,1,19.90,14.96,true,1,
7290006681980,false,שטראוס קרמיסימו פירות יער,גלידות שטראוס בעמ,,,יח`,1.33,1 ליטר,false,1,19.90,14.96,true,1,
7290006696717,false,תירוש ענבים טבעי מוסקט אפרת (1 ליטר),יקב טפרברג 1870 בעמ (יינות ומש,,,יח`,10,"100 מ""ל",false,1,16.90,1.66,true,1,
7290006703903,false,בשר בקר טחון חלק מעדני הטלה 1 קג,לאטי עזרא בעמ,,,יח`,1,"ק""ג",false,1,39.80,39.80,false,1,
7290006704061,false,עירית ארוזה,א.אדמה (2007) בעמ,,,יח`,1,,false,1,5.90,5.90,false,1,
7290006712981,false,"משחת שיניים קולגייט ספיידרמן מגיל שש 50 מ""ל",הנסיך- מפעל לייצור ט,,,יח`,0.66,100 גרם,false,1,11.90,18.03,false,1,
7290006714381,false,בשר עוף טחון מעדני הטלה 500 גר`,מעדני הטלה והעגל,,,יח`,5,100 גרם,false,1,12.90,2.58,false,1,
7290006714398,false,בשר הודו טחון קפוא מעדני הטלה 500 גר`,לאטי עזרא בעמ,,,יח`,5,100 גרם,false,1,12.90,2.58,false,1,
7290006739124,false,בצק עלים פילאס 500ג' זוגלובק,זוגלובק שיווק בעמ,,,יח`,5,100 גרם,false,1,18.90,3.78,false,1,
7290006739292,false,נקניק פסטרמה פרגיות ציפוי תירס,נקניק נהריה כשר זוגל,,,יח`,3.30,100 גרם,false,1,28.90,8.76,true,1,
7290006739346,false,נקניקיות פרגיות טרי 400 גרם זוגלובק,נקניק נהריה כשר זוגל,,,יח`,4,100 גרם,false,1,17.90,4.48,false,1,
7290006739407,false,שניצל תירס לייט זוגלובק (630 גרם),נקניק נהריה כשר זוגל,,,יח`,6,100 גרם,false,1,35.90,5.98,true,1,
7290006739414,false,נקניק סלמי קוניאק זוגלובק 300 גרם,נקניק נהריה כשר זוגל,,,יח`,3.50,100 גרם,false,1,29.90,8.54,true,1,
7290006739421,false,נקניק סלמי מעושן איטלקי זוגלובק 300 גרם,נקניק נהריה כשר זוגל,,,יח`,3,100 גרם,false,1,28.90,9.63,true,1,
7290006739445,false,שניצל תירס קלאסי 750 ג' זוגלובק,נקניק נהריה כשר זוגל,,,יח`,7.50,100 גרם,false,1,26.90,3.59,true,1,
7290006739544,false,כתף בקר 3% שומן זוגלובק (300 גרם),נקניק זוגלובק נהריה,,,יח`,3,100 גרם,false,1,28.90,9.63,true,1,
7290006741363,false,בורקס תפוחי אדמה זוגלובק 800 גרם,מאפיית אריאל וגידרון,,,יח`,8,100 גרם,false,1,19.90,2.49,false,1,
7290006741387,false,מלווח תימני זוגלובק בד`צ 700 גרם קפוא,נקניק נהריה כשר זוגל,,,יח`,7,100 גרם,false,1,16.90,2.41,false,1,
7290006742278,false,פסטרמה הודו צלויה על לבנים 330 ג' זוגלובק,נקניק נהריה כשר זוגל,,,יח`,3.30,100 גרם,false,1,28.90,8.76,true,1,
7290006742292,false,פסטרמה הודו בדבש 330 ג' זוגלובק,נקניק נהריה כשר זוגל,,,יח`,3.30,100 גרם,false,1,28.90,8.76,true,1,
7290006742315,false,פסטרמה חזה הודו ברביקיו 2% זוגלובק 330 גרם,נקניק נהריה כשר זוגל,,,יח`,3.30,100 גרם,false,1,28.90,8.76,true,1,
7290006764065,false,בירה נשר מאלט ללא אלכוהול 500 מל,"טמפו משקאות בע""\ם.",,,יח`,5,"100 מ""ל",false,1,4.90,0.74,true,1,
7290006764072,false,"בירה גולדסטאר בקבוק 500 מ""ל חוזר","טמפו משקאות בע""\מ",,,יח`,5,"100 מ""ל",false,1,6.90,1.14,false,1,
7290006764157,false,"בירה גולדסטאר Unfiltered, בירה לא מסוננת, בקבוק חוזר 500 מ""ל",פארייפאבה אגרואינדוס,,,יח`,5,"100 מ""ל",false,1,7.90,1.34,false,1,
7290006764485,false,"בירה שחורה נשר מאלט שישייה ח""פ 330*6 מ''ל","טמפו משקאות בע""\ם.",,,יח`,1.98,1 ליטר,false,1,27.90,13.18,false,1,
7290006775016,false,עוגת תפוז אחוה (450 גרם)אחוה,אחדות ביתחרושת לטחינה חלבה,,,יח`,4.50,100 גרם,false,1,10.90,2.42,true,1,
7290006775023,false,עוגה אנגלית אחוה (450 גרם)אחוה,אחדות ביתחרושת לטחינה חלבה,,,יח`,4.50,100 גרם,false,1,10.90,2.42,true,1,
7290006775030,false,עוגת שוקו צ`יפס אחוה (450 גרם)אחוה,אחדות ביתחרושת לטחינה חלבה,,,יח`,4.50,100 גרם,false,1,10.90,2.42,true,1,
7290006775047,false,עוגת שוקולד אחוה (450 גרם)אחוה,אחדות ביתחרושת לטחינה חלבה,,,יח`,4.50,100 גרם,false,1,10.90,2.42,true,1,
7290006775054,false,עוגת שיש אחוה (450 גרם)אחוה,אחדות ביתחרושת לטחינה חלבה,,,יח`,4.50,100 גרם,false,1,10.90,2.42,true,1,
7290006775344,false,עוגת שמרים במילוי קרם קינמון אחוה 400 גרם,אחדות ביתחרושת לטחינה חלבה,,,יח`,4,100 גרם,false,1,10.90,2.73,false,1,
7290006775795,false,עוגת תפוחי עץ עם מילוי מעודן אחוה 450 גרם,"אחדות ביח""ר לטחינה ח",,,יח`,4.50,100 גרם,false,1,11.90,2.64,false,1,
7290006775801,false,עוגיות רוגלך שוקולד 400 גר' אחדות,אחדות ביתחרושת לטחינה חלבה,,,יח`,4,100 גרם,false,1,9.90,2.48,false,1,
7290006775900,false,עוגיות מיני מרוקאיות אחוה (500 גרם),אחדות ביתחרושת לטחינה חלבה,,,יח`,5,100 גרם,false,1,8.90,1.78,false,1,
7290006784865,false,סנט מוריץ לניקוי משטחי מטבחים מרוכז ועוצמתי 1ל',קומפלקס כימיקלים בעמ,,,יח`,10,"100 מ""ל",false,1,9.90,0.99,false,1,
7290006788399,false,"דאו רול און נושם סנסיטיב ירוק קרליין 75 מ""ל",החברה הדרומית לשיווק בעמ,,,יח`,0.75,100 גרם,false,1,12.90,17.20,true,1,
7290006788412,false,"קרליין - נושם אקווה דאודורנט רול און לאישה כחול 75 מ""ל",החברה הדרומית לשיווק בעמ,,,יח`,0.50,100 גרם,false,1,12.90,25.80,true,1,
7290006788429,false,"קרליין - נושם סאן רייס דאודורנט רול און לאישה כתום 75 מ""ל",החברה הדרומית לשיווק בעמ,,,יח`,0.75,100 גרם,false,1,12.90,17.20,true,1,
7290006788436,false,"קרליין - נושם פיור דאודורנט רול און לאישה ורוד 75 מ""ל",החברה הדרומית לשיווק בעמ,,,יח`,0.75,100 גרם,false,1,12.90,17.20,true,1,
7290006788559,false,"טיטניום ICE דאודורנט תרסיס ספריי 180 מ""ל",החברה הדרומית לשיווק בעמ,,,יח`,1.80,"100 מ""ל",false,1,14.90,8.28,false,1,
7290006789655,false,"קרם לחות לסירוק קל לשיער מתולתל ומקורזל 10 קרליין 400 מ""ל",החברה הדרומית לשיווק בעמ,,,יח`,4,"100 מ""ל",false,1,17.90,4.48,true,1,
7290006805355,false,"פילסברי, כדורים בטעם שוקולד, תערובת להכנת כדורים בטעם שוקולד. 500 גרם.",הדקלאים אגודת שיתופי,,,יח`,5,100 גרם,false,1,18.90,3.78,true,1,
7290006805850,false,פילסברי פנקייק תערובת להכנת חביתיות,הדקלאים אגודת שיתופי,,,יח`,5,100 גרם,false,1,18.90,3.78,true,1,
7290006822192,false,נקטר דיאט חמוציות אושן ספריי פריגת 1 ליטר,החברה המרכזית להפצת משקאות בעמ,,,יח`,1,1 ליטר,false,1,12.90,12.90,false,1,
7290006908360,false,שקדים קלויים פיצוחי חממה (150 גרם),בוטנת בעמ,,,יח`,1.50,100 גרם,false,1,16.90,11.27,false,1,
7290006908391,false,אגוזי קשיו קלויים פיצוחי חממה (150 גרם),בוטנת בעמ,,,יח`,1.50,100 גרם,false,1,16.90,11.27,false,1,
7290006908414,false,גרעיני חמניה 400 גרם פיצוחי חממה,בוטנת בעמ חברה לקלייה ואריזת פ,,,יח`,4,100 גרם,false,1,10.90,2.73,false,1,
7290006920836,false,"תחליפי גבינ""צ מעושן פרוס 350 גר'",צ.י.תעשיות מזון יבנה בעמ,,,יח`,3.50,100 גרם,false,1,14.90,4.26,false,1,
7290006983176,false,קרקר לחמית שיפון אסם (230 גרם),קבוצת אוסם סחר שותפות מוגבלת,,,יח`,2.30,100 גרם,false,1,8.90,3.87,true,1,
7290006983527,false,עוגת הבית תפוחי עץ עם פירורים 400 ג' אסם,קבוצת אוסם סחר שותפות מוגבלת,,,יח`,4,100 גרם,false,1,18.90,4.73,true,1,
7290006983770,false,עוגת הבית שיש אסם (400 גרם),קבוצת אוסם סחר שותפות מוגבלת,,,יח`,4,100 גרם,false,1,11.90,2.98,false,1,
7290006983787,false,עוגת הבית שוקולד צ'יפס אסם 400 גרם,קבוצת אוסם סחר שותפות מוגבלת,,,יח`,4,100 גרם,false,1,11.90,2.98,false,1,
7290006983794,false,עוגת הבית בטעם תפוז אסם 400 גרם,קבוצת אוסם סחר שותפות מוגבלת,,,יח`,4,100 גרם,false,1,11.90,2.98,false,1,
7290006992161,false,מטרנה - דייסת קורנפלור פרוביוטי 200 גרם,קבוצת אוסם סחר שותפות מוגבלת,,,יח`,2,100 גרם,false,1,12.90,6.45,false,1,
7290006992185,false,"מטרנה - דייסת אורז פרוביוטי כשל""פ 200 גרם",קבוצת אוסם סחר שותפות מוגבלת,,,יח`,2,100 גרם,false,1,12.90,6.45,false,1,
7290006992192,false,דייסה מטרנה סולת פרוביוטיקה,קבוצת אוסם סחר שותפות מוגבלת,,,יח`,2,100 גרם,false,1,12.90,6.45,false,1,
7290006992208,false,מטרנה - דייסת דגנים מעורבים 200 גרם,קבוצת אוסם סחר שותפות מוגבלת,,,יח`,2,100 גרם,false,1,12.90,6.45,false,1,
7290008000826,false,"משחת שיניים לילדים בטעם פירות לגילאים 2-6 כצט 50 מ""ל",גורי ע.ע.ע. בע`מ,,,יח`,0.50,100 גרם,false,1,10.90,21.80,false,1,
7290008101318,false,קריספ פירורי לחם זהוב 300 גרם מיימונס,א.ל ייצור ושיווק תבלינים בעמ,,,יח`,3,100 גרם,false,1,6.90,2.30,true,1,
7290008101356,false,קריספ פאנקו זהב 300 גרם מיימונס,א.ל ייצור ושיווק תבלינים בעמ,,,יח`,3,100 גרם,false,1,9.90,3.30,true,1,
7290008104050,false,"פמינה - שטיפה אינטימית קלאסית 220 מ""ל",גורי ע.ע.ע. בע`מ,,,יח`,2.20,"100 מ""ל",false,1,23.90,10.86,true,1,
7290008154222,false,עוף טוב שניצלונים 700 גרם,קבוצת אוסם סחר-שות.מוגבלת,,,יח`,7,100 גרם,false,1,13.90,1.99,false,1,
7290008175173,false,חמאה מפינלנד ללא מלח 200 גרם ויליפוד,ג.וילי-פוד אינטרנשיונל **גבינו,,,יח`,2,100 גרם,false,1,11.90,5.95,false,1,
7290008175210,false,גבינת פרמזן מגורדת 90ג' ויליפוד,ג.וילי-פוד אינטרנשיונל **גבינו,,,יח`,0.90,100 גרם,false,1,14.90,16.56,false,1,
7290008175692,false,וילי פוד נודלס אטר.ביצים להקפצה בדץ 400ג,ג. וילי-פוד אינטרנשיונל בע`מ,,,יח`,4,100 גרם,false,1,7.90,1.98,false,1,
7290008175814,false,וילי פוד פטריות שמפיניון חתוך בדץ 400ג,ג.וילי פוד אינטרנשיונל בעמ,,,יח`,4,100 גרם,false,1,4.90,1.23,false,1,
7290008268455,false,קיווי ישראלי בראשית,בראשית - אגודה שיתופית חקלאית-,,,יח`,1,,false,1,15,15,false,1,
7290008330107,false,מרכך כביסה סגול בדין (4 ליטר),יוניליוור ישראל שיווק בע`מ,,,יח`,4,1 ליטר,false,1,19.90,4.98,false,1,
7290008333115,false,אבקת ג'לטין טהור נטו 28 גרם,נטו מילנדה סחר בעמ*,,,יח`,0.28,100 גרם,false,1,10.90,38.93,false,1,
7290008343466,false,בצק פילו שלושת האופים (500 גרם),שלושת האופים שגמור,,,יח`,5,100 גרם,false,1,19.90,3.98,true,1,
7290008343503,false,גחנון אפוי 650 גר' שלושת האופים קהילות,נטו מלינדה סחר בע`מ,,,יח`,6.50,100 גרם,false,1,20.90,3.22,true,1,
7290008343558,false,סיגרים במילוי בשר פיקנטי 1 ק``ג קפוא,נטו מלינדה סחר בע`מ,,,יח`,1,"ק""ג",false,1,19.90,19.90,true,1,
7290008343572,false,אגרול סיני 1 קג -שלושת האופים,נטו מלינדה סחר בע`מ,,,יח`,1,"ק""ג",false,1,19.90,19.90,false,1,
7290008343602,false,"קובה בשר 1 ק""ג שלושת האופים",נטו מלינדה סחר בעמ,,,יח`,1,"ק""ג",false,1,19.90,19.90,false,1,
7290008343619,false,"פסטלים תפו""א שלושת האופים 1 ק""ג",נטו מלינדה סחר בע`מ,,,יח`,1,"ק""ג",false,1,19.90,19.90,false,1,
7290008343626,false,"כדורי פלאפל 1 ק""ג שלושת האופים",נטו מלינדה סחר בע`מ,,,יח`,1,"ק""ג",false,1,19.90,19.90,true,1,
7290008344258,false,המבורגר מיזרחי 400 גר`טיבונוויל,"טיבון ויל אחזקות בע""\מ",,,יח`,4,100 גרם,false,1,20.90,5.23,true,1,
7290008344272,false,המבורגר 100% טיבון ויל 400 גרם,טיבון ויל אחזקות בעמ,,,יח`,4,100 גרם,false,1,20.90,5.23,true,1,
7290008345453,false,מג`יק פירה+ירקות,נטו מלינדה סחר בעמ,,,יח`,0.53,100 גרם,false,1,4.50,8.49,false,1,
7290008345576,false,סלט איקרה ביתית לבנה 300 גרם דלידג,נטו מלינדה סחר בע`מ,,,יח`,3,100 גרם,false,1,19.90,6.63,false,1,
7290008347211,false,אצבעות דג מצופות דלידג (700 גרם),אף.סי תבליני בגליל ב,,,יח`,7,100 גרם,false,1,22.90,3.27,true,1,
7290008409124,false,מאמא עוף קפוא שניצל ג'ונגל פריך 700 גרם,תנובה מרכז שיתופי לשיווק תוצרת,,,יח`,7,100 גרם,false,1,36,5.14,true,1,
7290008409315,false,שניצלונים בציפוי פריך מיני מיני דק מאמא עוף 500 גרם,תנובה מרכז שיתופי לשיווק תוצרת,,,יח`,5,100 גרם,false,1,26.90,5.38,false,1,
7290008443616,false,"מרכך לשיער יבש אדום 750 מ""ל נקה 7",החברה הדרומית לשיווק בעמ,,,יח`,7.50,"100 מ""ל",false,1,10.90,1.45,true,1,
7290008461221,false,סרדינים רוברט בשמן חמניות 115 גרם,א. סיימן סחר בעמ,,,יח`,1.40,100 גרם,false,1,6.90,4.93,true,1,
7290008464024,false,"בירה גולדסטאר Unfiltered, בירה לא מסוננת, פחית 500 מ""ל","טמפו משקאות בע""מ",,,יח`,5,"100 מ""ל",false,1,8.50,1.64,false,1,
7290008464130,false,"בירה גולדסטאר Unfiltered, בירה לא מסוננת, מארז שישייה, בקבוק 330 מ""ל",טמפו משקאות בעמ,,,יח`,1.98,1 ליטר,false,1,40.90,19.75,true,1,
7290008464222,false,"בירה מכבי 7.9%, בירה חזקה, פחית 500 מ""ל","טמפו משקאות בע""\מ",,,יח`,5,"100 מ""ל",false,1,7.50,1.44,false,1,
7290008464345,false,"בירה גולדסטאר, בקבוק 330 מ''ל",פארייפאבה אגרואינדוס,,,יח`,3.30,"100 מ""ל",false,1,6.60,1.91,false,1,
7290008464468,false,בירה בפחית גולדסטאר (500 מל),פארייפאבה אגרואינדוס,,,יח`,5,"100 מ""ל",false,1,7.90,1.52,false,1,
7290008464475,false,בירה מכבי פחית 500 מ``ל,"טמפו משקאות בע""\מ",,,יח`,5,"100 מ""ל",false,1,6.90,1.32,false,1,
7290008464604,false,"בירה הייניקן פחית 500 מ""ל",טמפו משקאות בע''מ,,,יח`,5,"100 מ""ל",false,1,11.90,2.32,false,1,
7290008464703,false,"שישיית בירה מכבי בקבוק 330 מ""ל",טמפו משקאות בע''מ,,,יח`,1.98,1 ליטר,false,1,33.90,16.21,true,1,
7290008464734,false,"שישיית בירה גולדסטאר לאגר SLOW BREW בקבוק 330 מ""ל",טמפו משקאות בע''מ,,,יח`,1.98,1 ליטר,false,1,40.90,19.75,true,1,
7290008464741,false,"בירה גולדסטאר, מארז שישייה, בקבוק 330 מ''ל","טמפו משקאות בע""\מ",,,יח`,1.98,1 ליטר,false,1,37.90,18.23,true,1,
7290008464796,false,"בירה היינקן, מארז שישייה, בקבוק 330 מ''ל",טמפו משקאות בע''מ,,,יח`,1.98,1 ליטר,false,1,34.90,16.72,true,1,
7290008464987,false,שישיית מי סודה טמפו 1.5 ליטר,"טמפו משקאות בע""מ",,,יח`,9,1 ליטר,false,1,15.90,1.77,false,1,
7290008493413,false,פירורי לחם מאיר בייגל פירורי גריסיני 200 גרם,"דנשר (1963) בע,מ",,,יח`,2,100 גרם,false,1,5.90,2.95,false,1,
7290008493710,false,פירורי לחם מאיר בייגל פרורי גריסני זהב 200 גרם,"דנשר (1963) בע,מ",,,יח`,2,100 גרם,false,1,5.90,2.95,false,1,
7290008609531,false,נייר אפייה 50 יח`פאלאס,פאלאס תעשיות נטו (2014) בעמ,,,יח`,1,,false,1,9.90,9.90,true,1,
7290008634045,false,"פלסטר שקוף 30 יחידות ""SUNNY PLASTER""",אינטרסן (1996) בעמ,,,יח`,30,יח`,false,1,5.90,0.20,true,1,
7290008644112,false,אחלה יום יום סלט מטבוחה יום יום 125 גרם,שטראוס גרופ בעמ/מצונן,,,יח`,1.25,100 גרם,false,1,4.90,3.92,false,1,
7290008644235,false,מבחר עלי בייבי 120 גרם-טעם הטבע,שטראוס בריאות ירקות טריי,,,יח`,1.20,100 גרם,false,1,9.90,8.25,false,1,
7290008644945,false,סלט המושבה שטראוס 450 גר`-טעם הטבע,שטראוס בריאות ירקות טריי,,,יח`,4.50,100 גרם,false,1,10.90,2.42,false,1,
7290008645935,false,אחלה חומוס לניגוב 750 גרם,שטראוס גרופ בעמ/מצונן,,,יח`,7.50,100 גרם,false,1,9.90,1.32,false,1,
7290008670012,false,"יין אדום קברנה סוביניון רקנאטי 750 מ""ל",היכל היין שקד גולן בעמ,,,יח`,7.50,"100 מ""ל",false,1,54.90,7.28,true,1,
7290008670142,false,"יין רקנאטי יסמין אדום 2019 750 מ""ל",היכל היין שקד גולן בעמ,,,יח`,7.50,"100 מ""ל",false,1,37.90,5.01,true,1,
7290008690713,false,נקטר חמוציות אושן ספריי פריגת (1 ליטר),החברה המרכזית להפצת משקאות בעמ,,,יח`,1,1 ליטר,false,1,12.90,12.90,false,1,
7290008693134,false,מעדן גבינה ויוגורט בטעם תות 5% שומן 88 ג' דניאלה,שטראוס גרופ בעמ/מצונן,,,יח`,1.50,"100 מ""ל",false,1,4,2.67,false,1,
7290008745239,false,תפוצ'יפס קראנצ' בטעם טבעי עלית 50 גרם,"שטראוס פריטו ליי בע""\מ )",,,יח`,0.55,100 גרם,false,1,3.90,7.09,false,1,
7290008747547,false,תפוצ'יפס קראנץ' בטעם טבעי עלית 200 גרם,"שטראוס פריטו ליי בע""\מ )",,,יח`,2,100 גרם,false,1,10.90,5.45,true,1,
7290008750264,false,"מסטיק מאסט ציקלס דובדבן 28 גרם לל""ס מגדים",שטראוס גרופ בע`מ,,,יח`,0.28,100 גרם,false,1,4.90,17.50,false,1,
7290008752244,false,תפוצ'יפס קראנץ' בטעם גריל עלית 50 גרם,"שטראוס פריטו ליי בע""\מ )",,,יח`,0.50,100 גרם,false,1,3.90,7.80,false,1,
7290008753111,false,תפוצ'יפס קראנץ' בטעם מקסיקני עלית 50 גרם,"שטראוס פריטו ליי בע""\מ )",,,יח`,0.50,100 גרם,false,1,3.90,7.80,false,1,
7290008757980,false,קרטונית ספרינג נקטר רימונים 1 ליטר,יפאורה שותפות מוגבלת לשיווק,,,יח`,1,1 ליטר,false,1,6.90,6.90,false,1,
7290008775816,false,ערגליות עוגיות במילוי שוקולד אסם 300 גרם,קבוצת אוסם סחר שותפות מוגבלת,,,יח`,3,100 גרם,false,1,10.90,3.63,true,1,
7290008775823,false,ערגליות עוגיות תות שדה אסם 300 גרם,קבוצת אוסם סחר שותפות מוגבלת,,,יח`,3,100 גרם,false,1,10.90,3.63,true,1,
7290008784542,false,ספוג רחצה קויוטה מסג,קונסיגנציה- ש. י גיספאן 1993,,,יח`,1,,false,1,12.90,12.90,false,1,
7290008792264,false,מפיות טישיו טאצ' 100יח',שניב תעשיות נייר בעמ,,,יח`,1,,false,1,4.90,4.90,false,1,
7290008801010,false,"יין קברנה סוביניון מרלו פרייוט קולקשן 750 מ""ל",אגודת הכורמים -כרמל מזרחי,,,יח`,7.50,"100 מ""ל",false,1,39.90,5.28,true,1,
7290008801119,false,סלקטד סוביניון בלאן יקבי כרמל (750 מל),אגודת הכורמים הקואופרטיב,,,יח`,7.50,"100 מ""ל",false,1,29.90,3.95,true,1,
7290008801157,false,"יין מרלו סלקטד כרמל כרמל 750 מ""ל",אגודת הכורמים -כרמל מזרחי,,,יח`,7.50,"100 מ""ל",false,1,29.90,3.95,true,1,
7290008801478,false,יין טופז זהב אדום מתוק ייצוא 750 מל,אגודת הכורמים בעמ,,,יח`,7.50,"100 מ""ל",false,1,21.20,2.79,true,1,
7290008801522,false,יין קינג דויד קונקורד אדום מתוק 750 מל,אגודת הכורמים הקואופרטיב,,,יח`,7.50,"100 מ""ל",false,1,21.90,2.88,true,1,
7290008801546,false,יין מוסקט מתוק קינג דיוויד יקבי כרמל,אגודת הכורמים הקואופרטיב,,,יח`,7.50,"100 מ""ל",false,1,21.90,2.88,true,1,
7290008801843,false,סלקטד קברנה סובניון יקבי כרמל (750 מל),אגודת הכורמים בעמ,,,יח`,7.50,"100 מ""ל",false,1,29.90,3.95,true,1,
7290008801850,false,סלקטד אמרלד ריזלינג לבן חצי יבש 750 מל,אגודת הכורמים הקואופרטיב,,,יח`,7.50,"100 מ""ל",false,1,29.90,3.95,true,1,
7290008802291,false,יין מרלו פרייבט קולקשן יקבי כרמל,אגודת הכורמים הקואופרטיב,,,יח`,7.50,"100 מ""ל",false,1,39.90,5.28,true,1,
7290008802512,false,"יין וינו אדום ""כרמל מזרחי""",אגודת הכורמים בעמ,,,יח`,7.50,"100 מ""ל",false,1,19.90,2.61,true,1,
7290008802895,false,יין קברנה סוביניון פרייבט קולקשן יקבי כרמל,אגודת הכורמים הקאופורטיב,,,יח`,7.50,"100 מ""ל",false,1,39.90,5.28,true,1,
7290008804189,false,יין קברנה סוביניון גליל עליון סדרה אזורית יקבי כרמל,אגודת הכורמים הקואופרטיב,,,יח`,7.50,"100 מ""ל",false,1,54.90,7.28,true,1,
7290008804332,false,שיראז אדום יבש פריווט קולקשיין 750מל,אגודת הכורמים הקואופרטיב,,,יח`,7.50,"100 מ""ל",false,1,39.90,5.28,true,1,
7290008805520,false,"יין קברנה/סוביניון סלקטד כרמל 750 מ""ל",אגודת הכורמים בעמ,,,יח`,7.50,"100 מ""ל",false,1,29.90,3.95,true,1,
7290008805964,false,יין קברנה שיראז גליל עליון סדרה אזורית יקבי כרמל,אגודת הכורמים הקואופרטיב,,,יח`,7.50,"100 מ""ל",false,1,54.90,7.28,true,1,
7290008806305,false,"שלגון פצפצים ""שטראוס""","מיוצר ע"" גלידת שטראו",,,יח`,1,,false,1,6.60,6.60,true,1,
7290008806961,false,גלידה שוקולד שבבי שוקולד פרה 1.33 ל' קרמיסימו,"גלידת שטראוס בע""\מ, רחוב",,,יח`,1.33,1 ליטר,false,1,19.90,14.96,true,1,
7290008830690,false,מובחרים מן הטבע יחידה,קונסיגנציה-דין שיווק וקליה 202,,,יח`,1,,false,1,10,10,false,1,
7290008836401,false,יין אדום מתוק ישן נושן אפרת 1 ליטר,יקב טפרברג 1870 בעמ (יינות ומש,,,יח`,1,1 ליטר,false,1,21.90,21.90,true,1,
7290008836494,false,מיץ ענבים תירוש אדום אפרת 1 ליטר,יקב טפרברג 1870 בעמ (יינות ומש,,,יח`,10,"100 מ""ל",false,1,16.90,1.66,true,1,
7290008909761,false,"קרלסברג בקבוק יחיד 330מ""ל",החברה המרכזית להפצת משקאות בעמ,,,יח`,3.30,"100 מ""ל",false,1,6.90,2,false,1,
7290008975551,false,תחליף חלב מטרנה מהדרין שלב 3 חלבי 700 גרם,קבוצת אוסם סחר שותפות מוגבלת,,,יח`,7,100 גרם,false,1,49.90,7.13,true,1,
7290008975780,false,"מזון לכלבים בונזו מזון כלבים גזע קטן 3 ק""ג",דיפלומט מפיצים (1968) בעמ**,,,יח`,3,"ק""ג",false,1,49.90,16.63,false,1,
7290008989091,false,שלישיית פירכוני אורז בטר אנד דיפרנט 310 גרם,"בטר אנד דיפרנט בע""מ",,,יח`,3,100 גרם,false,1,12.90,4.30,true,1,
7290008989473,false,ממרח חרובים בטעם שוקולד בטר אנד דיפרנט 350 גרם,"בטר אנד דיפרנט בע""מ",,,יח`,3.50,100 גרם,false,1,12.90,3.69,false,1,
7290010002023,false,כורכום הודי טחון תבליני מימון 100 גרם,א.ל. ייצור ושיווק תבלינים בע`מ,,,יח`,1,100 גרם,false,1,11.90,11.90,false,1,
7290010002030,false,תבלין כמון טחון תבליני מימון 100 גרם,א.ל. ייצור ושיווק תבלינים בע`מ,,,יח`,1,100 גרם,false,1,11.90,11.90,false,1,
7290010002061,false,פלפל לבן טחון תבליני מימון (100 גרם),א.ל. ייצור ושיווק תבלינים בע`מ,,,יח`,1,100 גרם,false,1,19.90,19.90,false,1,
7290010002078,false,פלפל שחור טחון תבליני מימון (100 גרם),א.ל. ייצור ושיווק תבלינים בע`מ,,,יח`,1,100 גרם,false,1,15.90,15.90,false,1,
7290010002122,false,פפריקה הונגרית מתוקה תבליני מימון 100 גרם,א.ל. ייצור ושיווק תבלינים בע`מ,,,יח`,1,100 גרם,false,1,11.90,11.90,false,1,
7290010002146,false,פפריקה מרוקאית מתוקה תבליני מימון 100 גרם,א.ל. ייצור ושיווק תבלינים בע`מ,,,יח`,1,100 גרם,false,1,11.90,11.90,false,1,
7290010002283,false,תבלין על האש תבליני מימון 100 גרם,א.ל. ייצור ושיווק תבלינים בע`מ,,,יח`,1,100 גרם,false,1,11.90,11.90,false,1,
7290010002290,false,תיבול לשווארמה תבליני מימון 100 גרם,א.ל. ייצור ושיווק תבלינים בע`מ,,,יח`,1,100 גרם,false,1,11.90,11.90,false,1,
7290010002306,false,תיבול לקציצות תבליני מימון 100 גרם,א.ל. ייצור ושיווק תבלינים בע`מ,,,יח`,1,100 גרם,false,1,11.90,11.90,false,1,
7290010002313,false,תבלין ראס אל חנות תבליני מימון 100 גרם,א.ל. ייצור ושיווק תבלינים בע`מ,,,יח`,1,100 גרם,false,1,11.90,11.90,false,1,
7290010002320,false,תבלין לגריל עוף תבליני מימון (100 גרם),א.ל. ייצור ושיווק תבלינים בע`מ,,,יח`,1,100 גרם,false,1,11.90,11.90,false,1,
7290010002344,false,תבלין לדג תבליני מימון 100 גרם.,א.ל ייצור ושיווק תבלינים בעמ,,,יח`,1,100 גרם,false,1,11.90,11.90,false,1,
7290010002382,false,תבלין אורגנו תבליני מימון 40 גרם,א.ל. ייצור ושיווק תבלינים בע`מ,,,יח`,0.40,100 גרם,false,1,10.90,27.25,false,1,
7290010002399,false,תבלין בזיליקום תבליני מימון 40 גרם,א.ל. ייצור ושיווק תבלינים בע`מ,,,יח`,0.50,100 גרם,false,1,10.90,21.80,false,1,
7290010002436,false,תבלין פטרוזיליה תבליני מימון 25 גרם,א.ל.ייצור ושיווק תבלינים בעמ,,,יח`,0.25,100 גרם,false,1,10.90,43.60,false,1,
7290010002726,false,תבלין לפרגיות תבליני מימון 100 גרם.,א.ל. ייצור ושיווק תבלינים בע`מ,,,יח`,1,100 גרם,false,1,11.90,11.90,false,1,
7290010003051,false,פפריקה הונגרית מתוקה תבליני מימון 400 גרם,א.ל. ייצור ושיווק תבלינים בע`מ,,,יח`,4,100 גרם,false,1,24.90,6.23,false,1,
7290010003686,false,עלי דפנה שקית תבליני מימון (20 גרם),א.ל. ייצור ושיווק תבלינים בע`מ,,,יח`,0.20,100 גרם,false,1,5.90,29.50,false,1,
7290010003693,false,פפריקה מתוקה בשקית תבליני מימון 80 גרם,א.ל. ייצור ושיווק תבלינים בע`מ,,,יח`,0.80,100 גרם,false,1,5.90,7.38,false,1,
7290010003709,false,פלפל שחור טחון בשקית תבליני מימון 50 גרם,א.ל. ייצור ושיווק תבלינים בע`מ,,,יח`,0.50,100 גרם,false,1,7.90,15.80,false,1,
7290010003754,false,כמון טחון בשקית תבליני תבליני מימון 50 גרם,א.ל. ייצור ושיווק תבלינים בע`מ,,,יח`,0.50,100 גרם,false,1,5.90,11.80,false,1,
7290010003761,false,כורכום טחון בשקית תבליני מימון 80 גרם,א.ל. ייצור ושיווק תבלינים בע`מ,,,יח`,0.80,100 גרם,false,1,5.90,7.38,false,1,
7290010003778,false,תיבול לגריל עוף בשקית תבליני מימון 80 גרם,א.ל. ייצור ושיווק תבלינים בע`מ,,,יח`,0.80,100 גרם,false,1,5.90,7.38,false,1,
7290010003792,false,מלח לימון בשקית תבליני מימון 100 גרם,א.ל. ייצור ושיווק תבלינים בע`מ,,,יח`,1,100 גרם,false,1,5.90,5.90,false,1,
7290010003808,false,זעתר ושומשום בשקית תבליני מימון (80 גרם),א.ל. ייצור ושיווק תבלינים בע`מ,,,יח`,0.80,100 גרם,false,1,5.90,7.38,false,1,
7290010003839,false,קינמון טחון בשקית תבליני מימון 80 גרם,א.ל. ייצור ושיווק תבלינים בע`מ,,,יח`,0.80,100 גרם,false,1,5.90,7.38,false,1,
7290010003846,false,אורגנו בשקית תבליני מימון 20 גרם,א.ל. ייצור ושיווק תבלינים בע`מ,,,יח`,0.20,100 גרם,false,1,5.90,29.50,false,1,
7290010023622,false,תה קלאסי עם נגיעות נענע ויסוצקי 100 יחידות,תה ויסוצקי (ישראל) בעמ,,,יח`,1,100 גרם,false,1,17.70,17.70,false,1,
7290010045013,false,עוגיות חמאה צרפתיות לחמי (200 גרם),קונדטוריות לחמי,,,יח`,2,100 גרם,false,1,18.90,9.45,false,1,
7290010045051,false,עוגיות מלבן שקדים לחמי (200 גרם),קונדטוריות לחמי,,,יח`,2,100 גרם,false,1,18.90,9.45,false,1,
7290010051021,false,בזיליקום ארוז א.אדמה,א.אדמה (2007) בעמ,,,יח`,1,,false,1,5.90,5.90,false,1,
7290010051045,false,עלי בייבי ארוז א.אדמה,א.אדמה (2007) בעמ,,,יח`,1,,false,1,9.90,9.90,false,1,
7290010051052,false,פטרוזיליה ארוז א.אדמה,א.אדמה (2007) בעמ,,,יח`,1.20,100 גרם,false,1,3.90,3.25,false,1,
7290010051076,false,לבבות חסה ארוז א.אדמה,א.אדמה (2007) בעמ,,,יח`,1,,false,1,11.90,11.90,false,1,
7290010051113,false,טימין - קורנית יח',א.אדמה (2007) בעמ,,,יח`,1,,false,1,5.90,5.90,false,1,
7290010051120,false,מרווה ארוז א.אדמה,א.אדמה (2007) בעמ,,,יח`,1,,false,1,5.90,5.90,false,1,
7290010051144,false,תרד עלים א.אדמה,ביכורי השדה צפון 1994 ג.ד. בעמ,,,יח`,1.80,100 גרם,false,1,9.90,5.50,false,1,
7290010051168,false,כוסברה ארוז א.אדמה,א.אדמה (2007) בעמ,,,יח`,1,,false,1,3.90,3.90,false,1,
7290010051175,false,כוסברה/שמיר ארוז,א.אדמה (2007) בעמ,,,יח`,1,,false,1,3.90,3.90,false,1,
7290010051182,false,נענע ארוז א.אדמה,א.אדמה (2007) בעמ,,,יח`,1,,false,1,3.90,3.90,false,1,
7290010051199,false,שורש פטרוזיליה ארוז א.אדמה,א.אדמה (2007) בעמ,,,יח`,1,,false,1,5.90,5.90,false,1,
7290010051205,false,סלרי עלים ארוז א.אדמה,א.אדמה (2007) בעמ,,,יח`,1,,false,1,5.90,5.90,false,1,
7290010051212,false,סלרי ראש א.אדמה,א.אדמה (2007) בעמ,,,יח`,3,100 גרם,false,1,5.90,1.97,false,1,
7290010051243,false,תרד ניוזילנדי א. אדמה,א.אדמה (2007) בעמ,,,יח`,1,,false,1,11.90,11.90,false,1,
7290010051267,false,לוף בשקית א.אדמה,א.אדמה (2007) בעמ,,,יח`,1,,false,1,10.90,10.90,false,1,
7290010051281,false,רוקולה ארוז א.אדמה,ביכורי השדה צפון 1994 ג.ד. בעמ,,,יח`,1.10,100 גרם,false,1,9.90,9,false,1,
7290010051298,false,סלק עלים ארוז מנגולד א.אד,א.אדמה (2007) בעמ,,,יח`,1,,false,1,5.90,5.90,false,1,
7290010051335,false,בצל ירוק ארוז א.אדמה,א.אדמה (2007) בעמ,,,יח`,1,,false,1,5.90,5.90,false,1,
7290010051373,false,לבבות חסה בשקית א.אדמה,ביכורי השדה צפון 1994 ג.ד. בעמ,,,יח`,1,,false,1,10.90,10.90,false,1,
7290010051403,false,סלרי אמריקאי ביכורי שדה ארוז,א.אדמה (2007) בעמ,,,יח`,1,,false,1,5.90,5.90,false,1,
7290010051434,false,חסה סלנובה ארוז א.אדמה,ביכורי שדה דרום,,,יח`,1,,false,1,11.90,11.90,false,1,
7290010051687,false,רוזמרין ארוז א.אדמה,א.אדמה (2007) בעמ,,,יח`,3,100 גרם,false,1,5.90,1.97,false,1,
7290010051724,false,מלפפון בייבי,א.אדמה (2007) בעמ,,,יח`,1,,false,1,9.90,9.90,false,1,
7290010060597,false,"סרקל שמפו דר' פישר 1.250 מ""ל","פישר תעשיות פרמבצטיות בע""מ",,,יח`,0.0130,"100 מ""ל",false,1,29.90,2300,true,1,
7290010065301,false,פרינוק - מחית סלט פירות 130 גרם,גורי מוצרי צריכה (1991) בעמ,,,יח`,1.30,100 גרם,false,1,5.90,4.54,true,1,
7290010065332,false,מחית תפוח עץ בננה ג'וניור פרינוק 190 גרם,גורי מוצרי צריכה (1991) בעמ,,,יח`,1.90,100 גרם,false,1,6.60,3.47,true,1,
7290010065349,false,72900פרינוק מחית סלט פירות שלב 3 190 גרם,גורי מוצרי צריכה (1991) בעמ,,,יח`,1.90,100 גרם,false,1,6.60,3.47,true,1,
7290010065745,false,מחית לפתן פירות ג'וניור פרינוק 190 גרם,גורי מוצרי צריכה (1991) בעמ,,,יח`,1.90,100 גרם,false,1,6.60,3.47,true,1,
7290010066001,false,נתחי טונה עם שמן צמחי פילטונה 960 גרם,תעשיות פיל טונה בעמ,,,יח`,9.60,100 גרם,false,1,34.90,3.64,false,1,
7290010066025,false,טונה פילטונה בודד בשמן 160 ג`.,תעשיות פיל טונה בעמ,,,יח`,1.60,100 גרם,false,1,5.90,3.69,false,1,
7290010066513,false,נתחי טונה בשמן צמחי רביעיה *158ג' פילטונה,תעשיות פילטונה בעמ,,,יח`,6.32,100 גרם,false,1,22.90,3.62,false,1,
7290010066520,false,נתחי טונה בהירה בשמן קנולה 160 גר G.Q,פילטונה תעשיות בעמ,,,יח`,1.60,100 גרם,false,1,5.90,3.69,false,1,
7290010066575,false,נתחי טונה במים רביעיה *158ג' פילטונה,תעשיות פילטונה בעמ,,,יח`,6.32,100 גרם,false,1,22.90,3.62,false,1,
7290010066582,false,נתחי טונה בשמן קנולה רביעיה * 158 ג' פילטונה,תעשיות פילטונה בעמ,,,יח`,6.32,100 גרם,false,1,22.90,3.62,false,1,
7290010066599,false,רביעיית נתחי טונה בשמן זית פילטונה 158X4 גרם,תעשיות פילטונה בעמ,,,יח`,6.40,100 גרם,false,1,27.90,4.36,false,1,
7290010118328,false,חטיף צ`יפס בטעם טבעי תפוצ`יפס (40x6 גרם),"שטראוס פריטו ליי בע""מ",,,יח`,2.40,100 גרם,false,1,12.90,5.38,false,1,
7290010124107,false,סטייקבורגר זהב 400 גרם הקצביה בלדי,בלדי בעמ,,,יח`,4,100 גרם,false,1,15.90,3.98,false,1,
7290010129027,false,עוגיות מרוקאיות דולצ`ה ויטה (600 גרם),שיבולים יצור ושיווק מוצרי מאפה,,,יח`,6,100 גרם,false,1,19.90,3.32,false,1,
7290010129300,false,עוגיות רייף 350ג מאפים של אדל,שיבולים יצור ושיווק מוצרי מאפה,,,יח`,3.50,100 גרם,false,1,15.90,4.54,false,1,
7290010129553,false,עוגיות רולדה תמרים דולצ`ה ויטה (600 גרם),שיבולים יצור ושיווק מוצרי מאפה,,,יח`,6,100 גרם,false,1,19.90,3.32,false,1,
7290010129652,false,עוגיות לקפה 350ג מאפים של אדל,שיבולים יצור ושיווק מוצרי מאפה,,,יח`,3.50,100 גרם,false,1,15.90,4.54,false,1,
7290010129942,false,עוגיות שמרים 500 גרם דולצה ויטה,שיבולים יצור ושיווק מוצרי מאפה,,,יח`,5,100 גרם,false,1,12.90,2.58,false,1,
7290010129959,false,עוגיות שמרים 400 גרם דולצה ויטה,שיבולים יצור ושיווק מוצרי מאפה,,,יח`,4,100 גרם,false,1,11.90,2.98,false,1,
7290010153503,false,שעועית בובס יבשה מיה 400 גר',מיה תעשיות מזון מ.ת.מ. בעמ,,,יח`,4,100 גרם,false,1,11.90,2.98,false,1,
7290010153510,false,בורגול יבש מיה 500 גר',מיה תעשיות מזון מ.ת.מ. בעמ,,,יח`,5,100 גרם,false,1,5.90,1.18,true,1,
7290010153527,false,ג'ריש מיה 500 גרם,מיה תעשיות מזון מ.ת.מ. בעמ,,,יח`,5,100 גרם,false,1,5.90,1.18,true,1,
7290010153770,false,ציפוי לשניצל פיקנטי מיה 500 גרם,מיה תעשיות מזון מ.ת.מ. בעמ,,,יח`,5,100 גרם,false,1,11.90,2.38,true,1,
7290010153787,false,ציפוי לשניצל עם שומשום 500 גר`מיה,מיה תעשיות מזון מ.ת.מ. בעמ,,,יח`,5,100 גרם,false,1,11.90,2.38,true,1,
7290010153794,false,ציפוי לשניצל עם עשבי תיבול מיה 500 גרם,מיה תעשיות מזון מ.ת.מ. בעמ,,,יח`,5,100 גרם,false,1,11.90,2.38,true,1,
7290010153817,false,ריבת חלב אמיתי מיה 400 גרם,מיה תעשיות מזון מ.ת.מ. בעמ,,,יח`,4,100 גרם,false,1,13.90,3.48,false,1,
7290010153879,false,ריבת חלב מרוכזת בטעם שמנת מיה 400 גר',מיה תעשיות מזון מ.ת.מ. בעמ,,,יח`,4,100 גרם,false,1,13.90,3.48,false,1,
7290010153916,false,"אורז ריזוטו עגול ק''ג מיה 1 ק""ג",מיה תעשיות מזון מ.ת.מ. בעמ,,,יח`,1,"ק""ג",false,1,11.90,11.90,false,1,
7290010154005,false,סחוג תימני תבליני ביטון יוחאי (250 גרם),תבליני יוחאי ביטון,,,יח`,2.50,100 גרם,false,1,13.90,5.56,true,1,
7290010154012,false,לימון בלאדי תבליני ביטון יוחאי (250 גרם),נטו מלינדה סחר בע`מ,,,יח`,2.50,100 גרם,false,1,15.90,6.36,true,1,
7290010154029,false,אריסה מתוקה תבליני ביטון יוחאי (250 גרם),תבליני ביטון יוחאי,,,יח`,2.50,100 גרם,false,1,14.90,5.96,true,1,
7290010154036,false,עמבה תבליני ביטון יוחאי (250 גרם),נטו מילנדה סחר בעמ*,,,יח`,2.50,100 גרם,false,1,13.90,5.56,true,1,
7290010154265,false,פלפל צ`ומה תבליני ביטון יוחאי (250 גרם),תבליני יוחאי ביטון,,,יח`,2.50,100 גרם,false,1,14.90,5.96,true,1,
7290010163069,false,צנובר 100 גרם שקית שקדיה,דין שיווק וקליה 2021 בעמ,,,יח`,1,100 גרם,false,1,24.90,24.90,true,1,
7290010173174,false,יין אדום יבש אלון יקב הרי גליל 750 מל,היכל היין שקד גולן בעמ,,,יח`,7.50,"100 מ""ל",false,1,54.90,7.28,false,1,
7290010173181,false,גליל אלה יין אדום יקב הרי גליל (750 מל),היכל היין שקד גולן בעמ,,,יח`,7.50,"100 מ""ל",false,1,54.90,7.28,false,1,
7290010192120,false,צנונית ארוזה יחידה,ביכורי השדה צפון 1994 ג.ד. בעמ,,,יח`,1,,false,1,6.90,6.90,true,1,
7290010195275,false,פופ סטאר גרעיני תירס להכנת פופקורן במיקרוגל בטעם חמאה מופחת שומן 425 גרם,דנשר (1963) בעמ,,,יח`,4.25,100 גרם,false,1,16.90,3.98,true,1,
7290010237548,false,"פפסי מקס דל קלוריות 500 מ""ל בקבוק",טמפו משקאות בע`מ,,,יח`,5,"100 מ""ל",false,1,3.90,0.72,true,1,
7290010237685,false,"הייניקן בירה צואר ארוך 330מ""ל",טמפו משקאות בע''מ,,,יח`,3.30,"100 מ""ל",false,1,10.10,2.97,false,1,
7290010237777,false,"בירה שנדי, בירה בטעם לימון ליים, בקבוק 330 מ""ל",פארייפאבה אגרואינדוס,,,יח`,3.30,"100 מ""ל",false,1,6.10,1.76,false,1,
7290010237784,false,בירה שנדי בתוספת משקה לימון ליים - שישייה,"טמפו משקאות בע""\מ",,,יח`,1.98,1 ליטר,false,1,36.90,17.73,true,1,
7290010237890,false,"בירה הייניקן בקבוק 500 מ""ל חוזר",טמפו משקאות בע''מ,,,יח`,5,"100 מ""ל",false,1,8.50,1.46,false,1,
7290010259359,false,וילי פוד נודלס אטר.ביצים להקפצה בדץ 200ג,ג.וילי פוד אינטרנשיונל בעמ,,,יח`,2,100 גרם,false,1,4.90,2.45,false,1,
7290010259366,false,וילי פוד נודלס אטר.ביצים מסולסל בדץ 200ג,ג. וילי-פוד אינטרנשיונל בע`מ,,,יח`,2,100 גרם,false,1,4.90,2.45,false,1,
7290010259830,false,מנת השף נודלס בסגנון סיני פיקנטי וילי פוד 70 גרם,ג. וילי-פוד אינטרנשיונל בע`מ,,,יח`,0.70,100 גרם,false,1,4.90,7,false,1,
7290010259847,false,מנת השף מרק עם נודלס בטעם תירס ויליפוד 70 גרם,ג. וילי-פוד אינטרנשיונל בע`מ,,,יח`,0.70,100 גרם,false,1,4.90,7,false,1,
7290010259854,false,מנת השף מרק עם נודלס בטעם פטריות ויליפוד 70 גרם,ג. וילי-פוד אינטרנשיונל בע`מ,,,יח`,0.70,100 גרם,false,1,4.90,7,false,1,
7290010259861,false,מנת השף מרק עם נודלס בטעם ירקות ויליפוד 70 גרם,ג. וילי-פוד אינטרנשיונל בע`מ,,,יח`,0.70,100 גרם,false,1,4.90,7,false,1,
7290010259991,false,צנימים מיוחדים בטעם טבעי 250 ג',ג. וילי-פוד אינטרנשיונל בע`מ,,,יח`,2.50,100 גרם,false,1,7.90,3.16,true,1,
7290010328093,false,ממרח חלווה אחווה 400 ג' מהדרין,אחדות ביחר לטחינה חל,,,יח`,4,100 גרם,false,1,9.90,2.48,false,1,
7290010328239,false,טחינה מתובלת משומשום טבעי אחוה (500 גרם),אחדות ביתחרושת לטחינה חלבה,,,יח`,5,100 גרם,false,1,11.90,2.38,false,1,
7290010328253,false,טחינה גולמית משומשום טבעי אחווה 500 גרם,אחדות ביתחרושת לטחינה חלבה,,,יח`,5,100 גרם,false,1,10.90,2.18,true,1,
7290010328468,false,מארז מיני חלווה אחוה בטעמים 18 יחידות 216 גרם,אחדות ביחר לטחינה חל,,,יח`,2.16,100 גרם,false,1,10.90,5.05,true,1,
7290010328680,false,עוגה בטעם שוקולד עם שוקוצ'יפס מריר ולבן 450 גרם,אחדות ביחר לטחינה חל,,,יח`,4.50,100 גרם,false,1,10.90,2.42,true,1,
7290010328710,false,קצפיות אחווה 180 גר`חדש ללא חזרות*,אחדות ביחר לטחינה חל,,,יח`,1.80,100 גרם,false,1,7.90,4.39,false,1,
7290010328727,false,ממרח טחינה עם שוקולד אחווה 400 גרם,אחדות ביחר לטחינה חל,,,יח`,4,100 גרם,false,1,9.90,2.48,false,1,
7290010471669,false,יוגורט תות עם קורנפלקס מצופה שוקולד ללא גלוטן 3.9%,שטראוס גרופ בעמ/מצונן,,,יח`,1.75,"100 מ""ל",false,1,4.40,2.51,false,1,
7290010472307,false,"שמיניית משקה גמדים תות בננה דיסני 108 מ""ל",שטראוס גרופ בעמ/מצונן,,,יח`,8,"100 מ""ל",false,1,20,2.50,false,1,
7290010472390,false,מארז 8 יחידות מעדן דני בטעם שוקולד 1.5%,שטראוס גרופ בעמ/מצונן,,,יח`,1,1 ליטר,false,1,16.40,16.40,true,1,
7290010535415,false,מברשת לצביעת שיער 3 יח`,קונסיגנציה- ש. י גיספאן 1993,,,יח`,1,,false,1,10.90,10.90,false,1,
7290010546336,false,מנדל גרנולה בסילאן ללא תוספת סוכר 400 גר,גורי מוצרי צריכה (1991) בעמ,,,יח`,4,100 גרם,false,1,19.90,4.98,false,1,
7290010569120,false,חטיף גלידה שמנת בטעם נוגה עם קרם שוקולד,"מיוצר ע""\י גלידת שטראוס",,,יח`,1,,false,1,7.90,7.90,true,1,
7290010569717,false,שטראוס קרמיסימו,גלידות שטראוס בעמ,,,יח`,1.33,1 ליטר,false,1,19.90,14.96,true,1,
7290010627004,false,טחינה גולמית מסורתית ירושלים 500 ג',תה ויסוצקי (ישראל) בעמ,,,יח`,5,100 גרם,false,1,15.90,3.18,true,1,
7290010627844,false,טחינה גולמית שומשום מלא ירושלים 500גרם,תה ויסוצקי (ישראל) בעמ,,,יח`,5,100 גרם,false,1,15.90,3.18,true,1,
7290010632787,false,צימרוני אוזניים מעץ אינטרסן) (300,הדקלאים אגודת שיתופי,,,יח`,300,יח`,false,1,4.90,0.02,false,1,
7290010656592,false,מיץ ענבים תירוש אדום 100% טבעי 1 ליטר,יקב טפרברג 1870 בעמ (יינות ומש,,,יח`,1,1 ליטר,false,1,19.90,19.90,true,1,
7290010690527,false,קייל ארוז גן ירק,א.אדמה (2007) בעמ,,,יח`,1,,false,1,11.90,11.90,false,1,
7290010711123,false,כריות מתכת שייני 4 יחידות,מ.א.ייצור ויבוא מטליות בעמ,,,יח`,1,,false,1,5.90,5.90,false,1,
7290010711208,false,שייני גליל מטליות צהוב 33 יח',מ.א.ייצור ויבוא מטליות בעמ,,,יח`,1,,false,1,17.90,17.90,false,1,
7290010711543,false,כף אשפה + גומי SHINY,מ.א.ייצור ויבוא מטליות בעמ,,,יח`,1,,false,1,5.90,5.90,false,1,
7290010711550,false,דלי איטלקי עם פיה יוגב,מ.א.ייצור ויבוא מטליות בעמ,,,יח`,1,,false,1,11.90,11.90,false,1,
7290010711901,false,מיקרופייבר שלישייה לרצפה שייני,מ.א. יצור ויבוא מטליות בעמ`,,,יח`,1,,false,1,13.90,13.90,false,1,
7290010711918,false,שייני מטליות מיקרופייבר לניקוי כללי חמישיה,מ.א. יצור ויבוא מטליות בעמ`,,,יח`,1,,false,1,7.90,7.90,false,1,
7290010748860,false,"ד""ר פישר - אפקטיב קר קרם ידיים אינטנסיב 150 מ""ל","פישר תעשיות פרמבצטיות בע""מ",,,יח`,1.50,"100 מ""ל",false,1,18.90,12.60,true,1,
7290010757961,false,ג'חנון ללא גלוטן אריאל 450 גרם,מאפיית ישראל חיפה,,,יח`,4.50,100 גרם,false,1,19.90,4.42,true,1,
7290010760909,false,"בורקס פיצה כשל""פ 600 גרם",מאפיית אריאל בעמ,,,יח`,6,100 גרם,false,1,21.90,3.65,true,1,
7290010777099,false,פיתות בעבודת יד פיתה אקספרס 8 יחידות,מגוון שיווק והפצת מאפים בעמ,,,יח`,8,100 גרם,false,1,11.30,1.41,false,1,
7290010777297,false,פיתות עבודת יד10 יח'/ פיתה ביס לבן 12 יח',מגוון שיווק והפצת מאפים בעמ,,,יח`,0.01,1 ליטר,false,1,12.90,1290,false,1,
7290010777358,false,מארז שמיניית פיתות 100% כוסמין מלא,מגוון שיווק והפצת מאפים בעמ,,,יח`,1,,false,1,15.90,15.90,false,1,
7290010777488,false,ביס מקמח מלא מחמצת 99 קלוריות 10 יח`,מגוון שיווק והפצת מאפים בעמ,,,יח`,1,,false,1,15.90,15.90,false,1,
7290010777525,false,מארז שישייה פיתות כוסמין פיתה אקספרס,מגוון שיווק והפצת מאפים בעמ,,,יח`,0,100 גרם,false,1,15.90,15.90,false,1,
7290010838219,false,ממתיק על בסיס צמח הסטיביה - שקיות,"קיפל טבליות וממתיקים בע""מ",,,יח`,100,יח`,false,1,27.90,0.28,true,1,
7290010838424,false,ג'ל לניקוי מתקדם בניחוח רענן - מארז זוג,"איטיליאן פוד, אס.פי.",,,יח`,1.50,1 ליטר,false,1,18.90,12.60,true,1,
7290010838431,false,ג'ל לניקוי מתקדם בניחוח ים - מארז זוג,מיוצר עי קונדיטוריית,,,יח`,1.50,1 ליטר,false,1,18.90,12.60,true,1,
7290010849505,false,די לואיג`י רוסו דולצ`ה 750 מל למברוסקו,הכרם - משקאות חריפים בעמ,,,יח`,7.50,"100 מ""ל",false,1,29.90,3.95,true,1,
7290010849529,false,די לואיג`י ביאנקו 750 מל למברוסקו,הכרם - משקאות חריפים בעמ,,,יח`,7.50,"100 מ""ל",false,1,31.90,4.21,true,1,
7290010883356,false,כפפות אלוורה רב שימושיות גדולות L סנו סושי,החברה הדרומית לשיווק בעמ,,,יח`,1,,false,1,10.90,10.90,true,1,
7290010922864,false,גולש בקר ארוז קפוא אשפר( 800 גר`),בלדי בעמ,,,יח`,8,100 גרם,false,1,29.90,3.74,false,1,
7290010922901,false,קבב מזרחי קפוא ארוז אשפר 400 גרם בלדי,"בלדי בע""\מ",,,יח`,4,100 גרם,false,1,13.90,3.48,false,1,
7290010931330,false,סלט מטבוחה אחלה 500 גרם,שטראוס גרופ בעמ/מצונן,,,יח`,5,100 גרם,false,1,14.90,2.98,true,1,
7290010945146,false,קוטג' 3% מועשר בסידן טרה 250 ג' מהדרין,*החברה המרכזית להפצת משקאותבעמ,,,יח`,2.50,100 גרם,false,1,5.60,2.24,false,1,
7290010945450,false,גבינה לבנה 3% 250 גר מועשר בסידן וויטמין,*החברה המרכזית להפצת משקאותבעמ,,,יח`,2.50,100 גרם,false,1,4.98,1.99,false,1,
7290010945481,false,גבינה לבנה טרה 5% מרכיבים טבעיים,החברה המרכזית טלהפצת משקאות בע,,,יח`,5,100 גרם,false,1,9.96,1.99,false,1,
7290011015862,false,סירופ דיאט 750 מל בטעם לימונענע פריגת,החברה המרכזית להפצת משקאות בעמ,,,יח`,7.50,"100 מ""ל",false,1,22.90,3.05,false,1,
7290011017866,false,פחית קולה סליק קוקה-קולה (330 מל),החברה המרכזית להפצת משקאות בעמ,,,יח`,3.30,"100 מ""ל",false,1,3.90,1.09,true,1,
7290011017873,false,פחית זירו סליק קוקה-קולה (330 מל),החברה המרכזית להפצת משקאות בעמ,,,יח`,3.30,"100 מ""ל",false,1,3.90,1.09,true,1,
7290011017880,false,פחית דיאט קולה סליק קוקה-קולה (330 מל),החברה המרכזית להפצת משקאות בעמ,,,יח`,3.30,"100 מ""ל",false,1,3.90,1.09,true,1,
7290011018443,false,משקה מוגז אורנג` פאנטה (330 מל),החברה המרכזית להפצת משקאות בעמ,,,יח`,3.30,"100 מ""ל",false,1,3.90,1.09,true,1,
7290011026066,false,"ד""ר פישר - סרקל שמפו + מרכך לילדים 1 ליטר","פישר תעשיות פרמצבטיות בע""מ",,,יח`,1,1 ליטר,false,1,29.90,29.90,false,1,
7290011026530,false,ק.ב סנסטיב אל סבון לבנדר קמומיל לפני השינה 500 מ,"פישר תעשיות פרמצביטות בע""מ",,,יח`,5,"100 מ""ל",false,1,20.90,4.18,false,1,
7290011064099,false,ירקות או פרות ממולאים במעדן גבינה ניצן 125 גרם,גבינות אמיר ניצן בעמ,,,יח`,1.25,100 גרם,false,1,19.90,15.92,false,1,
7290011081041,false,שטראוס קרמיסימו וניל גורמה,גלידות שטראוס בעמ,,,יח`,1.30,1 ליטר,false,1,19.90,15.31,true,1,
7290011081492,false,גלידה בטעם שלושה שוקולדים 1.33ל' קרמיסימו,"גלידת שטראוס בע""\מ, רחוב",,,יח`,1.33,1 ליטר,false,1,19.90,14.96,true,1,
7290011081690,false,קרמיסימו פרווה שוקו ציפ+וניל ציפ 1.33ל,"גלידת שטראוס בע""\מ, רחוב",,,יח`,1.33,1 ליטר,false,1,19.90,14.96,true,1,
7290011115159,false,סבון מוצק מועשר בקרם לחות ניחוח פרחים נקה 7 4*100 גרם,החברה הדרומית לשיווק בעמ,,,יח`,4,100 גרם,false,1,10.90,2.73,true,1,
7290011115166,false,נקה 7 ארומה סבון נוזלי לבנדר 1 ל',החברה הדרומית לשיווק בעמ,,,יח`,1,1 ליטר,false,1,12.90,12.90,false,1,
7290011115203,false,אל סבון מוצק מבושם בניחוח עדין קלאסיק - מארז רביעיה,החברה הדרומית לשיווק בעמ,,,יח`,4,100 גרם,false,1,10.90,2.73,true,1,
7290011115289,false,אל סבון מוצק מבושם בניחוח עדין קלאסיק - מארז רביעיה,החברה הדרומית לשיווק בעמ,,,יח`,4,100 גרם,false,1,10.90,2.73,true,1,
7290011115418,false,נקה סבון כלים לימון 1.5 ל',החברה הדרומית לשיווק בעמ,,,יח`,1.50,1 ליטר,false,1,12.90,8.60,false,1,
7290011126452,false,הגן הקסום תה בטעם קמומיל ונענע ויסוצקי 25 יחידות,תה ויסוצקי (ישראל) בעמ,,,יח`,0.3750,100 גרם,false,1,17.50,46.67,true,1,
7290011126469,false,חליטת צמחים וקמומיל הגן הקסום ויסוצקי 25 יחידות,תה ויסוצקי (ישראל) בעמ,,,יח`,0.3750,100 גרם,false,1,17.50,46.67,true,1,
7290011126940,false,תה ירוק ויסוצקי בתוספת מרווה 25 שקיקים,תה ויסוצקי (ישראל) בעמ,,,יח`,0.3750,100 גרם,false,1,24.90,66.40,true,1,
7290011126957,false,תה ירוק ארל גריי ויסוצקי 25 יחידות,תה ויסוצקי (ישראל) בעמ,,,יח`,0.3750,100 גרם,false,1,24.90,66.40,true,1,
7290011128050,false,השורשים של שליט גזר צבעוני מובחר,גזר שליט (חוות מיכאל)בעמ,,,יח`,1,,false,1,9.90,9.90,false,1,
7290011131654,false,מוזלי קראנצ'י ביג מיקס עם פירות ואגוזים,משה סידס ובנו בעמ,,,יח`,1,"ק""ג",false,1,25.90,25.90,true,1,
7290011133375,false,בירה שנדי בתוספת משקה אפרסק - שישייה,"טמפו משקאות בע""מ",,,יח`,1.98,1 ליטר,false,1,36.90,17.73,true,1,
7290011142001,false,לחם שיפון בורודינסקי,מאפיית דואט בעמ,,,יח`,5.50,100 גרם,false,1,11.90,2.16,false,1,
7290011142025,false,לחם שיפון אוקראינסקי 630 גר,מאפיית דואט בעמ,,,יח`,6,100 גרם,false,1,11.90,1.98,false,1,
7290011142032,false,לחם שיפון בורודינסקי,מאפיית דואט בעמ,,,יח`,6.30,100 גרם,false,1,11.90,1.89,false,1,
7290011142049,false,לחם ביתי עם סובין לל,מאפיית דואט בעמ,,,יח`,6.30,100 גרם,false,1,11.90,1.89,false,1,
7290011142148,false,שישיית לחמניות אצבע מאפיית דואט,מאפיית דואט בעמ,,,יח`,1,,false,1,11.90,11.90,false,1,
7290011142193,false,לחמניות קלועות מתוקות עם צימוקים 400 גרם,מאפיית דואט בעמ,,,יח`,1,,false,1,11.90,11.90,false,1,
7290011142315,false,לחם מרוקאי מסורתי(פרנה),מאפיית דואט בעמ,,,יח`,5.50,100 גרם,false,1,13.90,2.53,false,1,
7290011142407,false,"לחם שבע דגנים 1100 ג""ר",מאפיית דואט בעמ,,,יח`,11,100 גרם,false,1,15.90,1.45,false,1,
7290011142445,false,לחם כוסמין בריוש 600,אלון חברה ליצור שיוו,,,יח`,0,100 גרם,false,1,14.90,14.90,false,1,
7290011142650,false,לחם שיפון (900100% גר`),מאפיית דואט בעמ,,,יח`,9,100 גרם,false,1,14.90,1.66,false,1,
7290011174866,false,צ'יפס בטטה פרי הגליל 700 גרם,ויטה -פרי גליל (החדשה) בעמ,,,יח`,7,100 גרם,false,1,16.90,2.41,false,1,
7290011194215,false,מעדן גבינה ויוגורט בטעם בננה 5% שומן 88 ג' דניאלה,שטראוס גרופ בעמ/מצונן,,,יח`,1.50,"100 מ""ל",false,1,4,2.67,false,1,
7290011194246,false,קוטג 5% 250 גרם עם סידן שטראוס,שטראוס גרופ בעמ/מצונן,,,יח`,2.50,100 גרם,false,1,5.90,2.36,false,1,
7290011215415,false,סופגניה מיני ריקה פילסברי 40 גרם,קונסיגנציה ג`נרל מילס ישראל בע,,,יח`,1,,false,1,2.90,2.90,false,1,
7290011223038,false,בונומי עלים לקרמשניט שכבות אפויות מבצק עלים 300 גרם,דנשר (1963) בעמ,,,יח`,3,100 גרם,false,1,17.90,5.97,true,1,
7290011223045,false,בישקוטים ליידיפינגרז בונומי (200 גרם),דנשר (1963) בעמ,,,יח`,2,100 גרם,false,1,7.90,3.95,true,1,
7290011223229,false,"טואלט דאק ג'ל לאסלה טיפות טל רעננות 55 מ""ל","איטיליאן פוד, אס.פי.",,,יח`,0.55,"100 מ""ל",false,1,12.90,23.45,true,1,
7290011239237,false,חטיף אגוזים ישראלי 250גר ללתס,סוכנויות עמוס ממתקים בעמ,,,יח`,2.50,100 גרם,false,1,18.90,7.56,false,1,
7290011239404,false,חטיפים מתוקים טעמים שונים 330גר,סוכנויות עמוס ממתקים בעמ,,,יח`,3.30,100 גרם,false,1,14.90,4.52,false,1,
7290011254032,false,קינואה מיה (500 גרם),מיה תעשיות מזון מ.ת.מ. בעמ,,,יח`,5,100 גרם,false,1,19.90,3.98,true,1,
7290011254063,false,"עדשים שחורים מיה 500 גר' כשל""פ",מיה תעשיות מזון מ.ת.מ. בעמ,,,יח`,5,100 גרם,false,1,11.90,2.38,true,1,
7290011254230,false,תן צ'אפ חטיף טבעות מארז 15X10ג',מיה תעשיות מזון מ.ת.מ. בעמ,,,יח`,0.0120,100 גרם,false,1,9.90,825,false,1,
7290011254698,false,"שמן זית כתית מעולה 750מ""ל בד''ץ",מיה תעשיות מזון מ.ת.מ. בעמ,,,יח`,7.50,"100 מ""ל",false,1,30.90,4.12,true,1,
7290011254773,false,שעועית ארגנטינאית יבשה מיה 500 גר',מיה תעשיות מזון מ.ת.מ. בעמ,,,יח`,5,100 גרם,false,1,11.90,2.38,false,1,
7290011254780,false,"שעועית ארגנטינאית מיה 1 ק""ג",מיה תעשיות מזון מ.ת.מ. בעמ,,,יח`,1,"ק""ג",false,1,19.90,19.90,true,1,
7290011378233,false,"חטיפי חלווה בארכה 126 גרם מארז 7 יחידות לל""ס",קבוצת אוסם סחר שותפות מוגבלת,,,יח`,1,,false,1,11.90,11.90,true,1,
7290011435226,false,דבש מפרחי בר לחיץ 650 ג' יד מרדכי,מכוורת יד מרדכי שטראוס ב,,,יח`,6.50,100 גרם,false,1,33.90,5.22,true,1,
7290011438142,false,"משקה יטבתה אייס קפה בבקבוק אישי 350 מ""ל",שטראוס גרופ בעמ/מצונן,,,יח`,3.50,"100 מ""ל",false,1,6.30,1.80,false,1,
7290011447267,false,מטרנה פרימיום חלבי שלב 1 700 גרם חיסכון,קבוצת אוסם סחר-שות.מוגבלת,,,יח`,7,100 גרם,false,1,49.90,7.13,true,1,
7290011447281,false,מטרנה פרימיום חלבי שלב 2 700 גרם חיסכון,קבוצת אוסם סחר שותפות מוגבלת,,,יח`,7,100 גרם,false,1,49.90,7.13,true,1,
7290011447304,false,מטרנה פרימיום חלבי שלב 3 700 גרם חיסכון,קבוצת אוסם סחר שותפות מוגבלת,,,יח`,7,100 גרם,false,1,49.90,7.13,true,1,
7290011447373,false,תחליף חלב מטרנה מהדרין שלב 2 חלבי 700 גרם,קבוצת אוסם סחר שותפות מוגבלת,,,יח`,7,100 גרם,false,1,49.90,7.13,true,1,
7290011473655,false,סוכר קנים אורגני 1 קילו,גורי מוצרי צריכה (1991) בעמ,,,יח`,1,"ק""ג",false,1,12.50,12.50,false,1,
7290011474003,false,שמן קוקוס אורגני כתית 300 גר תבואות,גורי מוצרי צריכה (1991) בעמ,,,יח`,3,"100 מ""ל",false,1,17.50,5.83,false,1,
7290011499051,false,פטה כבשים מסורתית 20% בגביע 250 גרם - רובין,מחלבות גד שיווק 1992 בעמ,,,יח`,2.50,100 גרם,false,1,25.90,10.36,false,1,
7290011499105,false,בולגרית מסורתית 5% 250 גרם -רבנות,מחלבות גד שיווק 1992 בעמ,,,יח`,2.50,100 גרם,false,1,23.90,9.56,false,1,
7290011499129,false,גבינה בולגרית מעודנת קוביות קטנות 5% גד 200 גרם,מחלבות גד שיווק 1992 בעמ,,,יח`,2,100 גרם,false,1,21.90,10.95,false,1,
7290011499327,false,גבינה בולגרית מעודנת 5% 250 גרם - רבנות,מחלבות גד שיווק 1992 בעמ,,,יח`,2.50,100 גרם,false,1,22.90,9.16,false,1,
7290011499341,false,גבינת קשקבל ארוז 26 אחוז 250גרם גד,מחלבות גד שיווק 1992 בעמ,,,יח`,2,100 גרם,false,1,25.90,12.95,false,1,
7290011499358,false,פטה עיזים מסורתית 20% בגביע 200 גרם - רובין,מחלבות גד שיווק 1992 בעמ,,,יח`,2,100 גרם,false,1,26.90,13.45,false,1,
7290011499365,false,גבינת חלומי 24% מחלב בקר גד (200 גרם),מחלבות גד שיווק 1992 בעמ,,,יח`,2,100 גרם,false,1,21.90,10.95,false,1,
7290011499419,false,גבינה במרקם שמנת בטעם טבעי 5% ניו יורק,מחלבות גד שיווק 1992 בעמ,,,יח`,2,100 גרם,false,1,11.90,5.95,false,1,
7290011499525,false,גבינת לאבנה דרוזית 9% גד 500 גרם,מחלבות גד שיווק 1992 בעמ,,,יח`,5,100 גרם,false,1,19.90,3.98,false,1,
7290011499624,false,שמנת 30% ניו יורק טבעי 200 גרם רבנות,מחלבות גד שיווק 1992 בעמ,,,יח`,2,100 גרם,false,1,12.90,6.45,true,1,
7290011499846,false,גבינת ריקוטה פרסקה 9% גד (300 גרם),מחלבות גד שיווק 1992 בעמ,,,יח`,3,100 גרם,false,1,17.90,5.97,false,1,
7290011499853,false,שמנת 30% ניו יורק זיתים 200 גרם רובין,מחלבות גד שיווק 1992 בעמ,,,יח`,2,100 גרם,false,1,12.90,6.45,true,1,
7290011505806,false,קיסמי שיניים דנטאליים מפלסטיק 200 יחידות בחבית,אינטרסן (1996) בעמ,,,יח`,1,,false,1,10.90,10.90,true,1,
7290011515683,false,מאגדת טילון אקסטרים וניל נסטלה 6 יחידות,נגה גלידות שותפות מוגבלת,,,יח`,4.32,100 גרם,false,1,31.90,7.38,false,1,
7290011515911,false,שלגוני לייט ריבת חלב עם סירופ 6*52 גרם,נגה גלידות שותפות מוגבלת,,,יח`,3.12,100 גרם,false,1,27.90,8.94,false,1,
7290011518561,false,"אקטימל תות 1.51 ק""ג מארז 14 יחידות",שטראוס גרופ בעמ/מצונן,,,יח`,1.40,1 ליטר,false,1,29.90,21.36,false,1,
7290011524548,false,גרגרי חומוס מוקפאים 800 גר`פרי גליל,ויטה -פרי גליל (החדשה) בעמ,,,יח`,8,100 גרם,false,1,9.90,1.24,false,1,
7290011524555,false,שעועית לבנה מבושלת קפוא 800 גר`פרי גליל,ויטה -פרי גליל (החדשה) בעמ,,,יח`,8,100 גרם,false,1,9.90,1.24,false,1,
7290011525712,false,"קמיל בלו אל סבון סנסיטיב לפני השינה ד""ר פישר 1 ליטר","פישר תעשיות פרמצביטות בע""מ",,,יח`,1,1 ליטר,false,1,32.90,32.90,true,1,
7290011525729,false,שמפו לתינוק קמיל בלו סנסטיב לפני השינה עם לבנדר וקמומיל,"פישר תעשיות פרמבצטיות בע""מ",,,יח`,1,1 ליטר,false,1,32.90,32.90,true,1,
7290011530358,false,שייק איט 450 גרם friday מיקס פירות קפוא,"הבו-קדו בע""מ",,,יח`,4.50,100 גרם,false,1,29.90,6.64,true,1,
7290011530471,false,פולי סויה אדממה בלדי (1 קג)בדץ,ד'\ג'\יאנג קינשור פודס ק,,,יח`,1,100 גרם,false,1,15.90,15.90,false,1,
7290011530488,false,שייק איט 450 גר saturday מיקס פירות קפוא,"הבו-קדו בע""מ",,,יח`,4.50,100 גרם,false,1,29.90,6.64,true,1,
7290011575250,false,מברשת הפי מבריק וצובע נעליים שחור יעקבי,"יעקב יעקבי ובניו בע""מ",,,יח`,1,,false,1,9.90,9.90,false,1,
7290011575755,false,דבק סופר גלו ג`ל 3 גר`יעקובי,יעקבי- סופר גלו Super Glue,,,יח`,0.03,100 גרם,false,1,12.90,430,false,1,
7290011598211,false,"סנו - אנטי קאלק מרסס ניקוי כללי 4 ב-1 700 מ""ל",החברה הדרומית לשיווק בעמ,,,יח`,7,"100 מ""ל",false,1,15.90,2.27,true,1,
7290011598259,false,"פרש מטהר אוויר אוטומטי בניחוח מאסק סנו 250 מ""ל",החברה הדרומית לשיווק בעמ,,,יח`,2.50,"100 מ""ל",false,1,13.90,5.56,false,1,
7290011598402,false,מקסימה מרכך כביסה ארומתרפי מאסק סנו 4 ליטר,החברה הדרומית לשיווק בעמ,,,יח`,4,1 ליטר,false,1,19.90,4.98,true,1,
7290011618124,false,נגיסי אורז לתינוקות בטעם ירקות,גואנז'ו יונג וואנט פ,,,יח`,0.50,100 גרם,false,1,13.90,27.80,false,1,
7290011622428,false,כתמטמינים-חטיף בריאות לתינוקות וילדים 45 ג',גורי מוצרי צריכה (1991) בעמ,,,יח`,0.46,100 גרם,false,1,6.50,14.13,false,1,
7290011622817,false,ביסקוויטמינים חטיף דגנים במילוי קרם בטעם,גורי מוצרי צריכה (1991) בעמ,,,יח`,0,100 גרם,false,1,16.50,16.50,false,1,
7290011743833,false,משחת שיניים פרונאמל סנסודיין (75 מל),גלקסו סמית קליין,,,יח`,0.75,100 גרם,false,1,23.90,31.87,true,1,
7290011765392,false,"בוב ספוג שמפו לשיער לסירוק קל כיף 750 מ""ל",החברה הדרומית לשיווק בעמ,,,יח`,7.50,"100 מ""ל",false,1,10.90,1.45,true,1,
7290011765446,false,משחת שיניים לילדים בוב ספוג בטעם מיץ ענבים עם פלואוריד למניעת עששת,טרופיקל דגיל תעשיות קוסמ,,,יח`,0.70,100 גרם,false,1,8.90,12.71,true,1,
7290011765613,false,סנו מסיר עובש בניחות לימון מתז 1 ל',החברה הדרומית לשיווק בעמ,,,יח`,10,"100 מ""ל",false,1,17.90,1.79,true,1,
7290011772116,false,כוסות שתיה קרה 70 יח 180CC שקוף,עיסא ערטול בעמ,,,יח`,1,,false,1,6.90,6.90,false,1,
7290011772123,false,כוסות שתיה קרה 70 יח 180CC כחול,עיסא ערטול בעמ,,,יח`,1,,false,1,6.90,6.90,false,1,
7290011800840,false,רפי כהן סלט טחינה בלאדי צבר 400 גרם,קבוצת אוסם סחר שותפות מוגבלת,,,יח`,4,100 גרם,false,1,15.90,3.98,false,1,
7290011876388,false,קציצות עוף ובקר מאמא עוף (600 גרם),תנובה מרכז שיתופי לשיווק תוצרת,,,יח`,6,100 גרם,false,1,32,5.33,true,1,
7290011877088,false,"רדיד אלומיניום רוחב 30 ס""מ, 18 מיקרון - מארז זוג",החברה הדרומית לשיווק בעמ,,,יח`,1,,false,1,14.90,14.90,false,1,
7290011877446,false,קרם נגד גירויים לתינוק עם הנוסחה המשולשת SBC,החברה הדרומית לשיווק בעמ,,,יח`,1,100 גרם,false,1,14.90,14.90,true,1,
7290011877859,false,סנו אינסטלטור חדש פותח סתימות 200ג',החברה הדרומית לשיווק בעמ,,,יח`,2,"100 מ""ל",false,1,14.90,7.45,true,1,
7290011877866,false,"מקסימה אבקת כביסה בניחוח מאסק סנו 6 ק""ג",החברה הדרומית לשיווק בעמ,,,יח`,6,"ק""ג",false,1,49.90,8.32,true,1,
7290011941260,false,קערה שקופה לסלט 8פאלאס,פאלאס תעשיות נטו (2014) בעמ,,,יח`,1,,false,1,5.90,5.90,false,1,
7290011941277,false,קערה שקופה לסלט9.5 פאלאס,פאלאס תעשיות נטו (2014) בעמ,,,יח`,1,,false,1,9.90,9.90,false,1,
7290011941284,false,קערה שקופה סלט 11 אובלית פאלאס,פאלאס תעשיות נטו (2014) בעמ,,,יח`,1,,false,1,8.90,8.90,false,1,
7290011947316,false,זיתא זיתי קלמטה בשמן זית כתית מעולה 215ג,תה ויסוצקי (ישראל) בעמ,,,יח`,2.15,100 גרם,false,1,13.90,6.47,false,1,
7290011947521,false,"שמן זית כתית מעולה 750 מ""ל טעם מודגש זיתא",תה ויסוצקי (ישראל) בעמ,,,יח`,7.50,"100 מ""ל",false,1,27.90,3.72,false,1,
7290011947743,false,זיתים זיתא מיקס זית ירוק וזית קלמטה 215 גרם,תה ויסוצקי (ישראל) בעמ,,,יח`,2.17,100 גרם,false,1,13.90,6.41,false,1,
7290011947781,false,מיקס זית ירוק וזית קלמטה ללא גלעין עם שמן זית כתית מעולה,תה ויסוצקי (ישראל) בעמ,,,יח`,1.90,100 גרם,false,1,13.90,7.32,false,1,
7290011947798,false,זית קלמטה ללא גלעין עם שמן זית כתית מעולה,תה ויסוצקי (ישראל) בעמ,,,יח`,1.90,100 גרם,false,1,13.90,7.32,false,1,
7290011964344,false,שום גבישי בקופ' 120 גר' טעם וריח,"תבליני טעם וריח בע""מ",,,יח`,1.20,100 גרם,false,1,9.90,8.25,true,1,
7290011964573,false,פלפל שחור טחון במיכל 400 גר`טעם וריח,תבליני טעם וריח בעמ,,,יח`,4,100 גרם,false,1,29.90,7.48,false,1,
7290011964689,false,על האש לא מונוסודיום 100 גרם 100 גרם מיכל גדול,"תבליני טעם וריח בע""מ",,,יח`,1,100 גרם,false,1,9.90,9.90,true,1,
7290011964702,false,שווארמה ללא מונסודיום 100 גרם מיכל גדול,"תבליני טעם וריח בע""מ",,,יח`,1,100 גרם,false,1,9.90,9.90,true,1,
7290011969141,false,מגבון טייגר-בייבי 72 דף פאלאס 1*36 יח' בקרטון,פאלאס תעשיות נטו (2014) בעמ,,,יח`,1,,false,1,3.90,3.90,true,1,
7290011969158,false,חמישיית מגבונים טייגר בייבי פאלאס,פאלאס תעשיות נטו (2014) בעמ,,,יח`,5,יח`,false,1,12.90,2.58,false,1,
7290011996062,false,אורז לבן עגול מתאים להכנת סושי,טחנת האבן קואופ בעמ,,,יח`,1,"ק""ג",false,1,13.90,13.90,true,1,
7290011996086,false,"רוטב צ`ילי חריף אסיה 700 מ""ל",טחנת האבן קואופ בעמ,,,יח`,7,"100 מ""ל",false,1,9.90,1.41,false,1,
7290011996123,false,אצות לסושי נורי גולד 10 יחידות,טחנת האבן קואופ בעמ,,,יח`,0.25,100 גרם,false,1,11.90,47.60,true,1,
7290011996178,false,"רוטב סויה בסגנון יפני 300 מ""ל",טחנת האבן קואופ בעמ,,,יח`,3,"100 מ""ל",false,1,10.90,3.63,false,1,
7290011996185,false,חומץ אורז לבן לסושי טעמי אסיה (250 מל),טחנת האבן קואופ בעמ,,,יח`,2.50,"100 מ""ל",false,1,10.90,4.36,true,1,
7290011996581,false,"רוטב חמוץ מתוק 300 מ""ל ""אסיה""",טחנת האבן קואופ בעמ,,,יח`,3,"100 מ""ל",false,1,10.90,3.63,false,1,
7290011996604,false,רוטב פאד תאי טעמי אסיה (300 מל),טחנת האבן קואופ בעמ,,,יח`,3.66,100 גרם,false,1,18.90,5.16,false,1,
7290011996758,false,קמח טמפורה כשר מזרח ומערב 500 גר`,טחנת האבן קואופ בעמ,,,יח`,5,100 גרם,false,1,11.90,2.38,false,1,
7290011996789,false,פנקו פירורי לחם בסגנון יפני,טחנת האבן קואופ בעמ,,,יח`,2,100 גרם,false,1,11.90,5.95,false,1,
7290011996888,false,רוטב טריאקי טעמי אסיה (300 מל),קיי.אר.אס.ספייסי פוד,,,יח`,3,"100 מ""ל",false,1,11.90,3.97,false,1,
7290012022005,false,פריכיות חיטה 60 גרם,דילייט 2005 בעמ,,,יח`,0.60,100 גרם,false,1,12.90,21.50,false,1,
7290012022067,false,קריספיות קידס 30 גרם,דילייט 2005 בעמ,,,יח`,0.30,100 גרם,false,1,10.90,36.33,false,1,
7290012116032,false,כיף פיות מרכך לסירוק קל 750 מל,החברה הדרומית לשיווק בעמ,,,יח`,7.50,"100 מ""ל",false,1,10.90,1.45,true,1,
7290012116070,false,"אל סבון נוזלי פיות בתמציות אלוורה כיף 750 מ""ל",החברה הדרומית לשיווק בעמ,,,יח`,7.50,100 גרם,false,1,10.90,1.45,true,1,
7290012116537,false,"מקסימה אבקת כביסה בניחוח מאסק סנו 2.5 ק""ג",החברה הדרומית לשיווק בעמ,,,יח`,2.50,"ק""ג",false,1,24.90,9.96,false,1,
7290012116551,false,אנטי קאלק נוזל לניקוי כללי סנו 2 ליטר,החברה הדרומית לשיווק בעמ,,,יח`,2,1 ליטר,false,1,19.90,9.95,true,1,
7290012116612,false,אורביטול מברשת שיניים סופט 4 יח`,החברה הדרומית לשיווק בעמ,,,יח`,1,,false,1,11.90,11.90,true,1,
7290012117091,false,"אבקת כביסה סנסיטיב סנו מקסימה 6 ק""ג",החברה הדרומית לשיווק בעמ,,,יח`,6,"ק""ג",false,1,49.90,8.32,true,1,
7290012117350,false,"נוזל רצפות לילך 2 ליטר ""ריצפז פרש""",החברה הדרומית לשיווק בעמ,,,יח`,2,1 ליטר,false,1,19.90,9.95,true,1,
7290012117411,false,"שמפו וג'ל רחצה רויבוס 700 מ""ל ""קרמה""",החברה הדרומית לשיווק בעמ,,,יח`,7,"100 מ""ל",false,1,15,2.14,true,1,
7290012117428,false,"ג'ל רחצה ושמפו מעיינות מנטה קרמה מן 700 מ""ל",החברה הדרומית לשיווק בעמ,,,יח`,7,"100 מ""ל",false,1,15,2.14,true,1,
7290012117435,false,"קרמה - שמפו וג'ל רחצה 2 ב-1 אלוורה 700 מ""ל",החברה הדרומית לשיווק בעמ,,,יח`,7,"100 מ""ל",false,1,15,2.14,true,1,
7290012117534,false,מרכך כביסה מרוכז תכלת קול סנו מקסימה 1 ליטר,החברה הדרומית לשיווק בעמ,,,יח`,1,1 ליטר,false,1,17.90,17.90,true,1,
7290012117541,false,מקסימה מרכך כביסה מרוכז צהוב סנו 1 ליטר,החברה הדרומית לשיווק בעמ,,,יח`,1,1 ליטר,false,1,17.90,17.90,true,1,
7290012117558,false,מקסימה מרכך כביסה מרוכז ורוד בניחוח מאסק סנו 1 ליטר,החברה הדרומית לשיווק בעמ,,,יח`,1,1 ליטר,false,1,17.90,17.90,true,1,
7290012117732,false,מקסימה מרכך כביסה ארומתרפי קול סנו 4 ליטר,החברה הדרומית לשיווק בעמ,,,יח`,4,1 ליטר,false,1,19.90,4.98,true,1,
7290012117916,false,אינסטלטור נוזל לפתיחת סתימות סנו 1 ליטר,החברה הדרומית לשיווק בעמ,,,יח`,1,1 ליטר,false,1,26.90,26.90,false,1,
7290012139598,false,"חול מתגבש יורוקיטי 10 ק""ג",שחורי אריה ואנסטסיה,,,יח`,10,"ק""ג",false,1,49.90,4.99,false,1,
7290012159497,false,יין לבן יבש מבעבע גוטה דה מרוויה Gota De Maravilla,יורוסטנדרט בעמ,,,יח`,7.50,"100 מ""ל",false,1,30,3.96,false,1,
7290012191985,false,גפרור קטן מנורה,אבאל יזמות בעמ,,,יח`,1,,false,1,2.50,2.50,false,1,
7290012191992,false,גפרורי בטיחות - גפרורים ארוכים,אבאל יזמות בעמ,,,יח`,1,,false,1,5.90,5.90,true,1,
7290012226021,false,נקניק סלמי מעושן פראג זוגלובק (400 גרם),נקניק נהריה כשר זוגל,,,יח`,4,100 גרם,false,1,21.90,5.48,false,1,
7290012226120,false,קבנוס זוגלובק (45x3 גרם),נקניק נהריה כשר זוגל,,,יח`,1.35,100 גרם,false,1,11.90,8.81,true,1,
7290012226922,false,קבנוס בטעם שום זוגלובק (45x3 גרם),נקניק נהריה כשר זוגל,,,יח`,1.35,100 גרם,false,1,11.90,8.81,true,1,
7290012226939,false,קבנוס עם צ'ילי חריף זוגלובק 135 גרם,נקניק נהריה כשר זוגל,,,יח`,1.35,100 גרם,false,1,11.90,8.81,true,1,
7290012227172,false,חרמן הודו בדבש וברביקיו זוג במארז 600 ג' זוגלובק,נקניק נהריה כשר זוגל,,,יח`,6,100 גרם,false,1,33.90,5.65,true,1,
7290012227325,false,סלמי דק דק מעושן איטלקי 120 ג' זוגלובק,זוגלובק שיווק בעמ,,,יח`,1.20,100 גרם,false,1,13.50,11.25,true,1,
7290012227615,false,נקניקיות עוף זוגלובק 800 ג' מחפוד,זוגלובק שיווק בעמ,,,יח`,8,100 גרם,false,1,27.90,3.49,false,1,
7290012227769,false,פסטרמה ברביקיו זוגלובק מחפוד 400 גרם,זוגלובק שיווק בעמ,,,יח`,4,100 גרם,false,1,19.90,4.98,false,1,
7290012227776,false,פסטרמה הודו מחפוד 400ג זוגלובק,זוגלובק שיווק בעמ,,,יח`,4,100 גרם,false,1,19.90,4.98,false,1,
7290012227912,false,קבנוס מעודן זוגלובק 135 גרם,נקניק זוגלובק נהריה,,,יח`,1.35,100 גרם,false,1,10.90,8.07,true,1,
7290012227974,false,פסטרמה הודו בדבש טהור דק דק דק,זוגלובק שיווק בעמ,,,יח`,1.20,100 גרם,false,1,13.50,11.25,true,1,
7290012227981,false,פסטרמה דק דק ברביקיו 120 ג' זוגלובק,זוגלובק שיווק בעמ,,,יח`,1.20,100 גרם,false,1,13.50,11.25,true,1,
7290012227998,false,פסטרמה דק דק חזה בקר 120 ג' זוגלובק,זוגלובק שיווק בעמ,,,יח`,1.20,100 גרם,false,1,13.50,11.25,true,1,
7290012228261,false,נקנקיות קנקרס הודו ועוף ריינהולד'ס זוגלובק 300 ג',זוגלובק שיווק בעמ,,,יח`,3,100 גרם,false,1,19.90,6.63,false,1,
7290012228407,false,"נקניקיות ג'מבו מחפוד זוגלובק 1.5 ק""ג",זוגלובק שיווק בעמ,,,יח`,15,100 גרם,false,1,37.90,2.53,false,1,
7290012228766,false,קבנוס מחפוד זוגלובק 120 גרם,זוגלובק שיווק בעמ,,,יח`,1.20,100 גרם,false,1,9.90,8.25,true,1,
7290012349959,false,חטיף תמר בטעם שוקולד פררו 40 גר`,אבאל יזמות בעמ,,,יח`,0.40,100 גרם,false,1,7.90,19.75,false,1,
7290012367717,false,קרם ידיים וציפורניים Intensive relief לעור יבש ומגורה,פישר תעשיות פרמבצטיות בעמ,,,יח`,1,100 גרם,false,1,18.90,18.90,true,1,
7290012404955,false,נקטר חמוציות ספרינג קולקשן (1.25 ליטר),יפאורה - שותפות מוגבלת לשיווק,,,יח`,1.25,1 ליטר,false,1,14.90,11.68,true,1,
7290012413636,false,תה ירוק צ'אי מסאלה ויסוצקי 25 יחידות,תה ויסוצקי (ישראל) בעמ,,,יח`,0.3750,100 גרם,false,1,24.90,66.40,true,1,
7290012413643,false,תה ירוק קמומיל 25 שקיקים ויסוצקי,תה ויסוצקי (ישראל) בעמ,,,יח`,0.3750,100 גרם,false,1,24.90,66.40,true,1,
7290012454608,false,תן צ'אפ חטיף גלגלים 50 גר',מיה תעשיות מזון מ.ת.מ. בעמ,,,יח`,0.60,100 גרם,false,1,3.90,6.50,false,1,
7290012483608,false,"אורז בסגנון בסמטי מובחר 5ק""ג DAWAT",ג.וילי-פוד אינטרנשיונל בעמ,,,יח`,0.05,100 גרם,false,1,49.90,998,false,1,
7290012522581,false,טבעול שניצל תירס ללא גלוטן טבעול 664 גרם,קבוצת אוסם סחר-שות.מוגבלת,,,יח`,7.50,100 גרם,false,1,19.90,2.65,false,1,
7290012576591,false,רזרב גוורצטרמינר 750 מל יקבי ברקן,יקבי ברקן שיווק והפצה בע,,,יח`,7.50,"100 מ""ל",false,1,44.90,5.95,true,1,
7290012576607,false,"יין קברנה סוביניון פרמייר מלבק אדום ברקן 750 מ""ל","ברקן שיווק והפצה בע""",,,יח`,7.50,"100 מ""ל",false,1,26.90,3.55,false,1,
7290012576614,false,יין Premieur לבן חצי יבש אמרלד ריזלינג קולומברד,יקבי ברקן שיווק והפצה בע,,,יח`,7.50,"100 מ""ל",false,1,26.90,3.55,false,1,
7290012645020,false,"יוגורט עיזים טבעי בבקבוק חלב הארץ 500 מ""ל",שטראוס גרופ בעמ/מצונן,,,יח`,5,"100 מ""ל",false,1,12.80,2.56,true,1,
7290012645075,false,יוגורט כבשים יווני גביע 350 גרם חלב הארץ,שטראוס גרופ בעמ/מצונן,,,יח`,3.50,100 גרם,false,1,11.90,3.40,true,1,
7290012645112,false,יוגורט עיזים 2.8% בדלי חלב הארץ 750 גרם,שטראוס גרופ בעמ/מצונן,,,יח`,7.50,"100 מ""ל",false,1,19.90,2.65,true,1,
7290012645129,false,יוגורט כבשים 5% בדלי חלב הארץ 750 גרם,שטראוס גרופ בעמ/מצונן,,,יח`,7.50,"100 מ""ל",false,1,19.90,2.65,true,1,
7290012645181,false,לאבנה עיזים 5% חלב הארץ 200 גרם,שטראוס גרופ בעמ/מצונן,,,יח`,2,100 גרם,false,1,13.90,6.95,true,1,
7290012645280,false,יוגורט כבשים בסגנון יוני 5% חלב הארץ 150 גרם,שטראוס גרופ בעמ/מצונן,,,יח`,1.50,100 גרם,false,1,5.90,3.93,true,1,
7290012645389,false,יוגורט עיזים טבעי 1 ליטר בבקבוק חלב האר,שטראוס גרופ בעמ/מצונן,,,יח`,0.01,"100 מ""ל",false,1,21.90,2190,false,1,
7290012803055,false,סוכרלוז מרמולייט- 100שקיות אישיות,"קיפל טבליות וממתיקים בע""מ",,,יח`,1,100 גרם,false,1,32.90,32.90,true,1,
7290012803314,false,ממתיק על בסיס סוכרלוז - טבליות,"קיפל טבליות וממתיקים בע""",,,יח`,1,,false,1,45.90,45.90,false,1,
7290012803321,false,מרמולייט סוכרלוז 200 שקיות אישיות,דנשר (1963) בעמ,,,יח`,2,100 גרם,false,1,45.90,22.95,true,1,
7290012803451,false,טוסו שוקולד מריר 62% מוצקי קקאו ללא תוספת סוכר 100 גרם,"דנשר (1963) בע,מ",,,יח`,1,100 גרם,false,1,12.90,12.90,true,1,
7290012803789,false,טוסו שוקולד מריר עם אגוזים ללא תוספת סוכר 100 גרם,האי נאם סי או אל.טי.,,,יח`,1,100 גרם,false,1,12.90,12.90,true,1,
7290012823251,false,אל סבון נוזלי יסמין ולבנדר כיף (1 ליטר),החברה הדרומית לשיווק בעמ,,,יח`,1,1 ליטר,false,1,13.90,13.90,true,1,
7290012823381,false,מקסימה מרכך כביסה מרוכז סנסטיב בייבי סנו 1 ליטר,החברה הדרומית לשיווק בעמ,,,יח`,1,1 ליטר,false,1,17.90,17.90,true,1,
7290012823398,false,מטליות חד פעמיות לניקוי הרצפה בניחוח מרכך כביסה 10יח' סנו,החברה הדרומית לשיווק בעמ,,,יח`,1,,false,1,11.90,11.90,true,1,
7290012823602,false,נייר טואלט סופט סילק לבן 32 גלילים סנו,החברה הדרומית לשיווק בעמ,,,יח`,1,,false,1,34.90,34.90,true,1,
7290012823923,false,"מרכך כביסה מרוכז פרפיום גולדן מקסימה 750 מ""ל",החברה הדרומית לשיווק בעמ,,,יח`,7.50,"100 מ""ל",false,1,17.90,2.39,true,1,
7290012823947,false,"סנו - מרכך כביסה מרוכז פרפיום קריסטל נואר 750 מ""ל",החברה הדרומית לשיווק בעמ,,,יח`,7.50,"100 מ""ל",false,1,17.90,2.39,true,1,
7290012864001,false,נבטי חמנייה ארוז א.אדמה,ביכורי השדה צפון 1994 ג.ד. בעמ,,,יח`,1,,false,1,10.90,10.90,false,1,
7290012864025,false,נבטי אלפא אלפא ארוז א.אדמה,"בכורי השדה צפון1994 ג.ד. בע""מ",,,יח`,1,,false,1,7.90,7.90,false,1,
7290012881992,false,נוזל שמשות לרכב מקסוול 4ליטר,סאסאטק אגשח בעמ,,,יח`,40,"100 מ""ל",false,1,9.90,0.25,false,1,
7290012884986,false,צ`יפס לתנור עד 4% שומן תפוגן (1.5 קג),קבוצת אוסם סחר שותפות מוגבלת,,,יח`,15,100 גרם,false,1,24.90,1.66,false,1,
7290012901355,false,דודלס ארוחת אטריות עם גבינה 206 גרם,האי נאם סי או אל.טי.,,,יח`,2.06,100 גרם,false,1,10.90,5.29,false,1,
7290012901959,false,ארוחת אטריות עם גבינה מסולסלים 156 גרם,מור-ים מרקטינג בעמ,,,יח`,2.06,100 גרם,false,1,10.90,5.29,false,1,
7290012911293,false,דפי אורז 22 סמ טעמי אסיה (300 גרם)-ללא,טחנת האבן קואופ בעמ,,,יח`,3,100 גרם,false,1,11.90,3.97,true,1,
7290012911415,false,ממרח קארי ירוק טעמי אסיה (400 גרם),קיי אר אס ספייסי פוד,,,יח`,4,100 גרם,false,1,18.50,4.63,true,1,
7290012911477,false,קרם קוקוס טעמי אסיה (400 מל),אסיאטיק אגרו אינדסטר,,,יח`,4,100 גרם,false,1,10.90,2.73,false,1,
7290012911729,false,"ג'ינג'ר ורוד לסושי 250 גרם ""אסיה""",טחנת האבן קואופ בעמ,,,יח`,2.50,100 גרם,false,1,9.90,3.96,false,1,
7290012911804,false,שמן שומשום טעמי אסיה (150 מל),גואנגדונג גוד טייסט,,,יח`,1.50,"100 מ""ל",false,1,15.90,10.60,true,1,
7290012911866,false,"דפי אורז מרוב עים 22 ס""מ 300 גרם",טחנת האבן קואופ בעמ,,,יח`,3,100 גרם,false,1,11.90,3.97,false,1,
7290012911965,false,ג'ינג'ר לסושי ללא צבע כשר 250ג',טחנת האבן קואופ בעמ,,,יח`,2.50,100 גרם,false,1,9.90,3.96,false,1,
7290012921025,false,"בקבוק בירה מלכה בהירה 330 מ""ל",הכרם - משקאות חריפים בעמ,,,יח`,3.30,"100 מ""ל",false,1,13.90,4.12,true,1,
7290012921032,false,"בקבוק בירה מלכה אדמונית 330 מ""ל",הכרם - משקאות חריפים בעמ,,,יח`,3.30,"100 מ""ל",false,1,13.90,4.12,true,1,
7290012931062,false,אטבי כביסה הדור החדש,מ.א.ייצור ויבוא מטליות בעמ,,,יח`,1,,false,1,5.90,5.90,false,1,
7290012931086,false,מטאטא סינטטי 2 צבעים עם מקל,מ.א.ייצור ויבוא מטליות בעמ,,,יח`,1,יח`,false,1,16.90,16.90,false,1,
7290012931116,false,מגב מיוחד איכותי חד להב עם מקל,מ.א.ייצור ויבוא מטליות בעמ,,,יח`,1,,false,1,24,24,false,1,
7290012931611,false,כריות ברזל לקרצוף חזק שייני 3 יחידות,מ.א.ייצור ויבוא מטליות בעמ,,,יח`,1,,false,1,6.90,6.90,false,1,
7290012936944,false,אגוז מוסקט טחון תבליני מימון (40 גרם),א.ל. ייצור ושיווק תבלינים בע`מ,,,יח`,0.40,100 גרם,false,1,14.90,37.25,false,1,
7290012938405,false,"רדיד אלומיניום עבה במיוחד לבישול,אפייה והקפאה.",גורי ע.ע.ע. בע`מ,,,יח`,1,,false,1,17.50,17.50,false,1,
7290012938580,false,"משחת שיניים סנסודיין להלבנה עדינה 75 מ""ל",גלקסוסמית'\קליין קונסיומ,,,יח`,0.75,"100 מ""ל",false,1,21.90,29.20,true,1,
7290012938597,false,משחת שיניים רפיד רליף סנסודיין (75 מל),"סמיתקליין ביצ'ם בע""מ",,,יח`,0.75,100 גרם,false,1,23.90,31.87,true,1,
7290012938740,false,משחת שיניים סנסודיין פרש מינט מנטה 75 מל,גלקסו סמית קליין,,,יח`,0.75,100 גרם,false,1,21.90,29.20,true,1,
7290012938924,false,אקוהפרש מי פה ללא אלכוהול 500 מל,מולינו ניקולי s.p.a,,,יח`,5,"100 מ""ל",false,1,19.90,3.98,true,1,
7290012962561,false,קיסמי שיניים במבוק הוסטס) (500,אינטרסן (1996) בעמ,,,יח`,1,,false,1,4.90,4.90,true,1,
7290012983160,false,סילאן לחיץ 400גר חתם סופר,"חצר כנרת מוצרי תמר אגש""ח",,,יח`,4,100 גרם,false,1,10.90,2.73,false,1,
7290013027399,false,לחם קמח מלא קל בתוספת שיפון 750 ג' אנג'ל,מאפיית שלמה א. אנג'\ל בע,,,יח`,7.50,100 גרם,false,1,13.90,1.85,false,1,
7290013083661,false,"מטרנה אקסטרה קר שלב 1 חסכון 700 גרם תמ""ל",קבוצת אוסם סחר-שות.מוגבלת,,,יח`,7,100 גרם,false,1,59.90,8.56,true,1,
7290013083678,false,"מטרנה אקסטרה קר שלב 2 חסכון 700 גרם תמ""ל",קבוצת אוסם סחר-שות.מוגבלת,,,יח`,7,100 גרם,false,1,59.90,8.56,true,1,
7290013083685,false,תחליף חלב מטרנה אקסטרה קר שלב 3 חסכון 700 גרם,קבוצת אוסם סחר-שות.מוגבלת,,,יח`,7,100 גרם,false,1,59.90,8.56,true,1,
7290013117410,false,בצק פריך מרודד למאפים מתוקים 900 ג' מעדנות,תנובה מרכז שיתופי לשיווק תוצרת,,,יח`,9,100 גרם,false,1,24,2.67,true,1,
7290013117427,false,בצק פריך מרודד למאפים מלוחים מעדנות 2*450 גרם,תנובה מרכז שיתופי לשיווק תוצרת,,,יח`,9,100 גרם,false,1,24,2.67,true,1,
7290013117526,false,בצק שמרים מרודד למאפים מתוקים מעדנות 900 גרם,תנובה מרכז שיתופי לשיווק תוצרת,,,יח`,9,100 גרם,false,1,22.90,2.54,true,1,
7290013121103,false,רביעיית לחמניות סנדויץ ללא גלוטן 460 גרם,אביב קונדיטוריה מעול,,,יח`,4,100 גרם,false,1,18.50,4.63,false,1,
7290013121165,false,לחמניות נקניקיה ללא גלוטן גרין לייט 6 * 77 גרם,אביב קונדיטוריה מעול,,,יח`,4.60,100 גרם,false,1,18.50,4.02,false,1,
7290013121776,false,לחם כפרי ללא תוספת סוכר וללא גלוטן,אביב קונדיטוריה מעול,,,יח`,7,100 גרם,false,1,20.90,2.99,false,1,
7290013128324,false,ענב פליים ללא חרצנים,לכיש מושב עובדים להתישבות*30 י,,,"ק""ג",1,,true,1,14.90,14.90,false,1,
7290013144171,false,"תערובת עוגת שוקולד 560 גרם ""מיימונס""",א.ל.ייצור ושיווק תבלינים בעמ,,,יח`,5.60,100 גרם,false,1,18.90,3.38,true,1,
7290013144195,false,מיימונס תערובת כדורי שוקולד 500 גרם.,א.ל.ייצור ושיווק תבלינים בעמ,,,יח`,5,100 גרם,false,1,18.90,3.78,true,1,
7290013144218,false,מיימונס תערובת עוגת וניל 560 גרם.,א.ל.ייצור ושיווק תבלינים בעמ,,,יח`,5.60,100 גרם,false,1,18.90,3.38,true,1,
7290013144232,false,מיימונס פודינג בטעם וניל 80 גרם,א.ל. ייצור ושיווק תבלינים בע`מ,,,יח`,0.85,100 גרם,false,1,5.90,6.94,true,1,
7290013144270,false,תערובת להכנת קרם פטיסייר מיימונס 100 גרם,א.ל. ייצור ושיווק תבלינים בע`מ,,,יח`,1,100 גרם,false,1,11.90,11.90,false,1,
7290013144317,false,מימונס ג'וני גלילית וופל למילוי 18 יחידות,א.ל. ייצור ושיווק תבלינים בע`מ,,,יח`,4,100 גרם,false,1,23.90,5.98,false,1,
7290013144393,false,תמצית אפיה בטעם וניל מימונס (50 מל),א.ל. ייצור ושיווק תבלינים בע`מ,,,יח`,0.50,100 גרם,false,1,4.90,9.80,false,1,
7290013144409,false,תמצית אפיה בטעם רום מימונס (50 מל),א.ל. ייצור ושיווק תבלינים בע`מ,,,יח`,0.50,100 גרם,false,1,4.90,9.80,false,1,
7290013144515,false,מיימונס צבע מאכל צהוב 50 גרם,א.ל. ייצור ושיווק תבלינים בע`מ,,,יח`,0.50,100 גרם,false,1,5.90,11.80,false,1,
7290013144539,false,צבע מאכל אדום מימונס 50 גרם,א.ל. ייצור ושיווק תבלינים בע`מ,,,יח`,0.50,100 גרם,false,1,5.90,11.80,false,1,
7290013144751,false,סירופ בטעם מייפל מימונס 500 גרם,א.ל. ייצור ושיווק תבלינים בע`מ,,,יח`,5,"100 מ""ל",false,1,15.90,3.18,true,1,
7290013144768,false,סירופ בטעם שוקולד מימונס 500 גרם,א.ל. ייצור ושיווק תבלינים בע`מ,,,יח`,5,"100 מ""ל",false,1,15.90,3.18,true,1,
7290013145178,false,קוקוס לבן טחון מימונס (100 גרם),א.ל. ייצור ושיווק תבלינים בע`מ,,,יח`,1,100 גרם,false,1,5.90,5.90,false,1,
7290013145192,false,שומשום מיימונס 100 גרם,א.ל. ייצור ושיווק תבלינים בע`מ,,,יח`,1,100 גרם,false,1,5.90,5.90,false,1,
7290013145215,false,שומשום מימונס (400 גרם),א.ל.ייצור ושיווק תבלינים בעמ,,,יח`,4,100 גרם,false,1,13.90,3.48,false,1,
7290013145390,false,מימונס שוקולד צ'יפס מהדרין 250 גר,א.ל. ייצור ושיווק תבלינים בע`מ,,,יח`,2.50,100 גרם,false,1,10.90,4.36,false,1,
7290013145406,false,שוקולד צ'יפס לבן מיימונס 250 גרם,א.ל. ייצור ושיווק תבלינים בע`מ,,,יח`,2.50,100 גרם,false,1,10.90,4.36,false,1,
7290013145444,false,שוקולד מריר מעולה ציפס 66% מימונס 250 ג',א.ל. ייצור ושיווק תבלינים בע`מ,,,יח`,2.50,100 גרם,false,1,16.90,6.76,false,1,
7290013145529,false,סוכריות צבעוניות לקישוט מיימונס 90 גרם,א.ל. ייצור ושיווק תבלינים בע`מ,,,יח`,0.90,100 גרם,false,1,6.90,7.67,false,1,
7290013145567,false,מיימונס מיני מיני עדשים 90 גרם.,א.ל.ייצור ושיווק תבלינים בעמ,,,יח`,0.90,100 גרם,false,1,11.90,13.22,false,1,
7290013145628,false,מימונס סוכריות צבעוניות לקישוט 200 גרם,א.ל. ייצור ושיווק תבלינים בע`מ,,,יח`,2,100 גרם,false,1,9.90,4.95,false,1,
7290013145710,false,דובדבנים מסוכרים מימונס (100 גרם),א.ל. ייצור ושיווק תבלינים בע`מ,,,יח`,1,100 גרם,false,1,9.90,9.90,false,1,
7290013145840,false,סוכר וניל מימונס 10יח בצלופן,א.ל. ייצור ושיווק תבלינים בע`מ,,,יח`,10,יח`,false,1,2.90,0.29,false,1,
7290013145857,false,אבקת אפיה מימונס 10יח בצלופן,א.ל. ייצור ושיווק תבלינים בע`מ,,,יח`,10,יח`,false,1,2.90,0.29,false,1,
7290013145901,false,"סודה לשתיה 100 גרם ""מיימונס""",א.ל. ייצור ושיווק תבלינים בע`מ,,,יח`,0.50,100 גרם,false,1,3.90,7.80,false,1,
7290013145918,false,אבקת סוכר מיימונס 100 גרם,א.ל. ייצור ושיווק תבלינים בע`מ,,,יח`,1,100 גרם,false,1,3.90,3.90,false,1,
7290013145956,false,שמרים יבשים בוואקום מיימונס 500 גרם,א.ל. ייצור ושיווק תבלינים בע`מ,,,יח`,5,100 גרם,false,1,12.90,2.58,false,1,
7290013145963,false,שמרים יבשים בוואקום מיימונס 125 גרם,א.ל. ייצור ושיווק תבלינים בע`מ,,,יח`,1.25,100 גרם,false,1,5.90,4.72,false,1,
7290013145970,false,קורנפלור מימונס בשקית 200 ג',א.ל. ייצור ושיווק תבלינים בע`מ,,,יח`,2,100 גרם,false,1,4.90,2.45,false,1,
7290013146304,false,קורנפלור 500 גרם מימונס.,א.ל.ייצור ושיווק תבלינים בעמ,,,יח`,5,100 גרם,false,1,6.90,1.38,false,1,
7290013146403,false,סירופ בטעם קרמל מלוח מימונס 500 גרם,א.ל ייצור ושיווק תבלינים בעמ,,,יח`,5,100 גרם,false,1,17.90,3.58,false,1,
7290013146755,false,קצפת צמחי 24% 500 גרם מימונס,קפוא-זן תעשיות מזון בעמ - תפוג,,,יח`,5,100 גרם,false,1,13.90,2.78,false,1,
7290013146762,false,מימונס קצפת מעולה 24% מעודנת 200מל,קפוא-זן תעשיות מזון בעמ - תפוג,,,יח`,2,100 גרם,false,1,6.90,3.45,false,1,
7290013146816,false,אבקת סוכר שקית 500 מימונס,א.ל ייצור ושיווק תבלינים בעמ,,,יח`,5,100 גרם,false,1,6.90,1.38,false,1,
7290013153418,false,מיץ סחוט טרי 1ל לימונענע פרי גת,החברה המרכזית טלהפצת משקאות בע,,,יח`,1,1 ליטר,false,1,15.90,15.90,true,1,
7290013153593,false,תפוזים מתקתק 100% פריגת 1 ליטר,*החברה המרכזית להפצת משקאותבעמ,,,יח`,10,"100 מ""ל",false,1,10.90,1.06,false,1,
7290013215017,false,פטריות זוגות חוות השמפניון,ביכורי השדה צפון 1994 ג.ד. בעמ,,,יח`,1,,false,1,18.90,18.90,false,1,
7290013220042,false,מיקס טרופי א.מ שרון (500 גרם),א.מ. שרון שיווק (2014) בעמ,,,יח`,5,100 גרם,false,1,24.90,4.98,true,1,
7290013220318,false,חמוצית גן א.מ שרון (400 גרם),א.מ. שרון שיווק (2014) בעמ,,,יח`,4,100 גרם,false,1,24.90,6.23,true,1,
7290013220899,false,תות שדה א.מ שרון (500 גרם),"א.מ.שרון שיווק (2014) בע""מ",,,יח`,5,100 גרם,false,1,24.90,4.98,true,1,
7290013220929,false,אוכמנית א.מ שרון (400 גרם),"א.מ.שרון שיווק (2014) בע""מ",,,יח`,4,100 גרם,false,1,24.90,6.23,true,1,
7290013221001,false,אננס חתוך קפוא 500 גרם,א.מ. שרון שיווק (2014) בעמ,,,יח`,5,100 גרם,false,1,24.90,4.98,true,1,
7290013221018,false,מנגו חתוך קפוא 500 גרם,"א.מ.שרון שיווק (2014) בע""מ",,,יח`,5,100 גרם,false,1,24.90,4.98,true,1,
7290013268020,false,מקסימה מרכך כביסה מרוכז בניחוח אולטרא פרש סנו 1 ליטר,החברה הדרומית לשיווק בעמ,,,יח`,1,1 ליטר,false,1,17.90,17.90,true,1,
7290013268037,false,מקסימה מרכך כביסה מרוכז בניחוח לבנדר פצ'ולי סנו 1 ליטר,החברה הדרומית לשיווק בעמ,,,יח`,1,1 ליטר,false,1,17.90,17.90,true,1,
7290013268891,false,אוקסיג'ן ג'ל ללא אקונומיקה עם חמצן פעיל סנו 3 ליטר,החברה הדרומית לשיווק בעמ,,,יח`,3,1 ליטר,false,1,29.90,9.97,true,1,
7290013268983,false,מרכך כביסה סופר מרוכז בבישום עוצמתי סנו מקסימה 1 ל',החברה הדרומית לשיווק בעמ,,,יח`,1,1 ליטר,false,1,17.90,17.90,true,1,
7290013268990,false,מרכך כביסה מרוכז לבן ביו סנו מקסימה 1 ליטר,החברה הדרומית לשיווק בעמ,,,יח`,1,1 ליטר,false,1,17.90,17.90,true,1,
7290013269263,false,ג'ל כביסה מרוכז מקסימה בבישום קריסטל נואר,החברה הדרומית לשיווק בעמ,,,יח`,3,1 ליטר,false,1,29.60,9.87,true,1,
7290013269287,false,סנו - מקסימה ג'ל כביסה מרוכז מאסק 3 ליטר,החברה הדרומית לשיווק בעמ,,,יח`,3000,1 ליטר,false,1,29.60,0.01,true,1,
7290013269300,false,סושי ניילון נצמד פלוס סנו (150 מטר),החברה הדרומית לשיווק בעמ,,,יח`,1,,false,1,20.90,20.90,true,1,
7290013269638,false,ספוג הפלא אקסטרה Extra- מארז 6 יח',החברה הדרומית לשיווק בעמ,,,יח`,1,,false,1,11.90,11.90,true,1,
7290013269645,false,ריצפז פרש מטליות לחות לריצפה בניחוח מאסק 10 יחידות,החברה הדרומית לשיווק בעמ,,,יח`,1,,false,1,11.90,11.90,true,1,
7290013269669,false,ריצפז בניחוח פנטזיה לניקוי הרצפה,החברה הדרומית לשיווק בעמ,,,יח`,3,1 ליטר,false,1,12.90,4.30,true,1,
7290013269751,false,מטליות לחותריצפז פרש לניקוי ריצפה בניחות מלון בוטיק 10 יח' סנו,החברה הדרומית לשיווק בעמ,,,יח`,1,,false,1,11.90,11.90,true,1,
7290013269850,false,נייר אפיה אקולוגי סנו סושי 50 יחידות,החברה הדרומית לשיווק בעמ,,,יח`,50,יח`,false,1,14.90,0.30,false,1,
7290013269911,false,"סנו K-333 קוטל חרקים ללא ריח 750מ""ל",החברה הדרומית לשיווק בעמ,,,יח`,7.50,"100 מ""ל",false,1,29.90,3.99,false,1,
7290013284051,false,פריניר טריו זיתים 560ג.,פריניר ( הדס 1987) ב,,,יח`,5.60,100 גרם,false,1,8.50,1.52,true,1,
7290013284075,false,פריניר טבעות זיתים מושחרים 560ג.,אבאל יזמות בעמ,,,יח`,5.60,100 גרם,false,1,8.50,1.52,true,1,
7290013284082,false,פריניר זית מושחר ללא גלעין 275 גרם,אבאל יזמות בעמ,,,יח`,5.60,100 גרם,false,1,8.50,1.52,true,1,
7290013284105,false,פריניר זיתים טבעות ירוק a2,אבאל יזמות בעמ,,,יח`,5.60,100 גרם,false,1,8.50,1.52,true,1,
7290013284112,false,פריניר זיתים חרוזית ירוק a2,פריניר ( הדס 1987) ב,,,יח`,1,100 גרם,false,1,8.50,8.50,true,1,
7290013284136,false,פריניר מלפפון במלח 7-9 560ג.,אבאל יזמות בעמ,,,יח`,5.60,100 גרם,false,1,6.50,1.16,true,1,
7290013284143,false,פריניר מלפפונים במלח 10-12 560ג.,אבאל יזמות בעמ,,,יח`,5.60,100 גרם,false,1,7.50,1.34,true,1,
7290013284150,false,פריניר מלפפונים במלח 13-17 560ג,אבאל יזמות בעמ,,,יח`,5.60,100 גרם,false,1,8.90,1.59,true,1,
7290013284167,false,פריניר מלפפון במלח 18-25,אבאל יזמות בעמ,,,יח`,5.60,100 גרם,false,1,8.90,1.59,false,1,
7290013284174,false,פריניר מלפפונים בחומץ 7-9 560גר.,אבאל יזמות בעמ,,,יח`,5.60,100 גרם,false,1,6.50,1.16,true,1,
7290013284181,false,פריניר מלפפונים בחומץ10-12 560ג.,אבאל יזמות בעמ,,,יח`,5.60,100 גרם,false,1,7.50,1.34,true,1,
7290013284198,false,פריניר מלפפון בחומץ 13-17,פריניר ( הדס 1987) ב,,,יח`,1,,false,1,8.90,8.90,true,1,
7290013284204,false,פריניר מלפפון חומץ 18-25,אבאל יזמות בעמ,,,יח`,5.60,100 גרם,false,1,8.90,1.59,false,1,
7290013284310,false,רוטב פסטה לילדים פריניר 240 גרם,ח.כהן סוכנות מזון ומשקאות בע,,,יח`,2.40,100 גרם,false,1,5.50,2.29,true,1,
7290013284662,false,רוטב פיצה פיתה לילדים 240 ג' פריניר,ח.כהן סוכנות מזון ומשקאות בע,,,יח`,2.40,100 גרם,false,1,5.50,2.29,true,1,
7290013310101,false,"שיפודי במבוק ג'מבו 50 יח' עובי 5 מ""מ אורך 30 ס""מ",הדקלאים אגודת שיתופי,,,יח`,1,,false,1,5.90,5.90,false,1,
7290013310163,false,מדליק פחם מוצק LIGHT EASY 40 יחידות,הדקלאים אגודת שיתופי,,,יח`,1,,false,1,7.90,7.90,false,1,
7290013310392,false,כפפות ניטריל L כחולות ללא אבקה 80 יח' EASY TOUCH,אינטרסן (1996) בעמ,,,יח`,80,יח`,false,1,24.90,0.31,true,1,
7290013310408,false,כפפות ניטריל XL כחולות ללא אבקה 80 יח' EASY TOUCH,אינטרסן (1996) בעמ,,,יח`,80,יח`,false,1,24.90,0.31,true,1,
7290013358356,false,פירורי לחם מוזהבים מאסטר שף (320גרם),ש. שסטוביץ בע`מ,,,יח`,3.20,100 גרם,false,1,6.90,2.16,false,1,
7290013358363,false,מאסטר שף פרורי לחם פנקו עבים בסגנון יפני 300 גר,קריניציה ויטמינה אס,,,יח`,3,100 גרם,false,1,9.90,3.30,false,1,
7290013358370,false,פנקו פירורי לחם מאסטר שף בטעם שום 300 גרם,"מיוצר ע""י מנה י.א בע",,,יח`,3,100 גרם,false,1,9.90,3.30,false,1,
7290013358530,false,מאסטר שף אסייאתי רוטב צ'ילי מתוק 700 מל כשלפ,קריניציה ויטמינה אס,,,יח`,7,"100 מ""ל",false,1,13.90,1.99,true,1,
7290013358578,false,מנה אסייאתי אטריות אורז רחבות 400 ג מ.שף,ליינג טונג רייספלוור,,,יח`,4,100 גרם,false,1,9.90,2.48,true,1,
7290013358585,false,מנה אסייאתי נודלס ביצים להקפצה 400 מ.שף,הנסיך- מפעל לייצור ט,,,יח`,4,100 גרם,false,1,9.90,2.48,true,1,
7290013412966,false,רבעיית מגבונים תולי 72*4 יחידות,שקד תבל בעמ,,,יח`,1,,false,1,9.90,9.90,true,1,
7290013430250,false,אלכסנדר חיטה ישראלית בקבוק בודד 330 מל,אלכסנדר- בירה ישראלית מע,,,יח`,3.30,"100 מ""ל",false,1,12.90,3.82,true,1,
7290013440648,false,מאגדת שלגוני אבטיח נסטלה 5 יחידות,נגה גלידות שותפות מוגבלת,,,יח`,5.40,100 גרם,false,1,22.90,4.24,false,1,
7290013472199,false,ערמונים קלופים וקלויים 105 גרם,ג.וילי פוד אינטרנשיונל בעמ,,,יח`,1,100 גרם,false,1,4.90,4.90,false,1,
7290013492005,false,תפוח אדמה אדום למיקרו 600 ג',ביכורי השדה צפון 1994 ג.ד. בעמ,,,יח`,1,,false,1,8.90,8.90,false,1,
7290013531117,false,רוטב פסטה לילדים יכין (240 גר`),"זנלכל בע""\מ",,,יח`,2.40,100 גרם,false,1,5.90,2.46,false,1,
7290013531346,false,סירופ דיאט בטעם לימונענע יכין 1 ליטר,זנלכול יכין,,,יח`,10,"100 מ""ל",false,1,16.90,1.69,false,1,
7290013531612,false,רוטב לפסטה נפוליטנה יכין 240 גרם,זנלכול יכין,,,יח`,2.40,100 גרם,false,1,5.90,2.46,false,1,
7290013531629,false,רוטב לפסטה פומודורו 240 גרם יכין,היינץ צפון אמריקה מק,,,יח`,2.40,100 גרם,false,1,4.90,2.04,false,1,
7290013531759,false,שעועית לבנה מבושלת במים יכין (550 גרם),זנלכול יכין,,,יח`,5.50,100 גרם,false,1,10.50,1.91,false,1,
7290013534057,false,"צ'יפס בטטה טבעי מיה 100ג' 'כשל""פ",מיה תעשיות מזון מ.ת.מ. בעמ,,,יח`,1,100 גרם,false,1,9.90,9.90,true,1,
7290013580009,false,המבורגר זהב 400 גרם הקצביה בלדי,בלדי בעמ,,,יח`,4,100 גרם,false,1,15.90,3.98,false,1,
7290013585233,false,"ספרייט זירו פחית סליק 330 מ""ל",החברה המרכזית להפצת משקאות בעמ,,,יח`,3.30,"100 מ""ל",false,1,3.90,1.09,true,1,
7290013585387,false,בקבוק זירו קוקה-קולה (1 ליטר),החברה המרכזית להפצת משקאות בעמ,,,יח`,10,"100 מ""ל",false,1,7.70,0.74,false,1,
7290013585394,false,בקבוק קוקה-קולה (1 ליטר),החברה המרכזית להפצת משקאות בעמ,,,יח`,10,"100 מ""ל",false,1,7.70,0.74,false,1,
7290013608260,false,מיץ רימונים 100%מיץ סחוט טרי מצונן 1ליט,שטראוס גרופ בעמ/מצונן,,,יח`,1,1 ליטר,false,1,20.90,20.90,false,1,
7290013652157,false,"ד""ר פישר - נטורל קר מגבונים להסרת איפור לעור רגיל יבש 30 יח' * 3","פישר תעשיות פרמצביטות בע""מ",,,יח`,1,,false,1,24.90,24.90,false,1,
7290013652164,false,"ד""ר פישר - נטורל קר מגבונים להסרת איפור לעור רגיש 30 יח' * 3",פישר תעשיות פרמצבטיות בעמ,,,יח`,1,,false,1,24.90,24.90,false,1,
7290013675545,false,"שניצל כלי תחבורה ""מאמא עוף"" 700 גרם",תנובה גליל שותפות מוגבלת,,,יח`,7,100 גרם,false,1,34.90,4.99,true,1,
7290013677648,false,שמן זית למאור מיה 1 ליטר,מיה תעשיות מזון מ.ת.מ. בעמ,,,יח`,1,1 ליטר,false,1,22.90,22.90,false,1,
7290013677822,false,"גריסי פנינה מיה 1 ק""ג",מיה תעשיות מזון מ.ת.מ. בעמ,,,יח`,1,"ק""ג",false,1,10,10,false,1,
7290013725769,false,נודלס עבה הכנה מהירה400ג,דין שיווק וקליה 2021 בעמ,,,יח`,4,100 גרם,false,1,7.90,1.98,false,1,
7290013787392,false,רביולי גבינות קלאסי 330 גרם ריקו בית יוסף,דודו איטליאן פרודקטס בע\,,,יח`,3.30,100 גרם,false,1,26.90,8.15,false,1,
7290013787422,false,רביולי פלין פטריות - כמהין 330 גרם ריקו בית יוסף,דודו איטליאן פרודקטס בע\,,,יח`,3.30,100 גרם,false,1,29.90,9.06,true,1,
7290013847454,false,טונה סטאריקיסט בשמן קנולה רביעייה 160 גר,דיפלומט מפיצים (1968) בעמ**,,,יח`,6.40,100 גרם,false,1,24.90,3.89,false,1,
7290013847980,false,"טונה סטארקיסט שפע 425גר בד""ץ**מבצע**",סטארקיסט דיפלומט היינץ,,,יח`,4.25,100 גרם,false,1,17.90,4.21,false,1,
7290013848345,false,מארז מטליות לחיטוי וניקוי יסודי אנטיבקטריאלי 99.9%,החברה הדרומית לשיווק בעמ,,,יח`,1,,false,1,19.90,19.90,true,1,
7290013848383,false,קרמה מן גל רחצה אקטיב בלוק 700 מל לגבר,החברה הדרומית לשיווק בעמ,,,יח`,7,"100 מ""ל",false,1,15,2.14,true,1,
7290013848611,false,רדיד אלומיניום סנו סושי (61 מטר),החברה הדרומית לשיווק בעמ,,,יח`,1,,false,1,41.90,41.90,true,1,
7290013848734,false,מכשיר אוטומטי לבישום אוויר בתוספת מילוי SOFT BALANCE,החברה הדרומית לשיווק בעמ,,,יח`,1,,false,1,44.90,44.90,false,1,
7290013848758,false,מקסימה גל כביסה מרוכז בייבי 3ליטר סנסטיב,החברה הדרומית לשיווק בעמ,,,יח`,3,1 ליטר,false,1,32.90,10.97,false,1,
7290013906212,false,"נקנקיות וינר טירת 1 ק""ג טירת צבי",תנובה מרכז שיתופי לשיווק תוצרת,,,יח`,1,1 ליטר,false,1,32.90,32.90,true,1,
7290013906441,false,קבנוס טירת צבי 120 גרם,תנובה מרכז שיתופי לשיווק תוצרת,,,יח`,1.20,100 גרם,false,1,11.90,9.92,true,1,
7290013906458,false,קבנוס בטעם פיקנטי טירת צבי 120 גרם,תנובה מרכז שיתופי לשיווק תוצרת,,,יח`,1.20,100 גרם,false,1,11.90,9.92,true,1,
7290013906687,false,פסט' צמד כפרית ברביקיו ודבש 300X2ג' טירת צבי,תנובה מרכז שיתופי לשיווק תוצרת,,,יח`,6,100 גרם,false,1,29.90,4.98,true,1,
7290013906694,false,נקניקיות שקית קילו וחצי טירת צבי,תנובה מרכז שיתופי לשיווק תוצרת,,,יח`,1.50,"ק""ג",false,1,39.90,26.60,false,1,
7290013927002,false,עוגיות דקליות בטעם שוקולד אחוה (400 גרם),אחדות ביתחרושת לטחינה חלבה,,,יח`,4,100 גרם,false,1,8.90,2.23,false,1,
7290013927019,false,עוגיות דקליות בטעם קינמון אחוה (400 גרם),אחדות ביתחרושת לטחינה חלבה,,,יח`,4,100 גרם,false,1,8.90,2.23,false,1,
7290013927033,false,עוגיות מעמול במילוי תמרים ואגוזים אחווה 600 ג',אחדות בעמ,,,יח`,6,100 גרם,false,1,9.90,1.65,false,1,
7290013927040,false,אחדות עוגיות ממולאות שוקולד במגש 600,אחדות בעמ,,,יח`,6,100 גרם,false,1,9.90,1.65,false,1,
7290013927057,false,א. עוגיות שוקולד צ'יפס במגש 400 גר',אחדות בעמ,,,יח`,4,100 גרם,false,1,8.90,2.23,false,1,
7290013927064,false,א. עוגיות גרנולה עם פירות יער 400 ג'-אחווה,אחדות ביתחרושת לטחינה חלבה,,,יח`,4,100 גרם,false,1,8.90,2.23,false,1,
7290013927156,false,אחוה בטעם פירות יער ללא תוספת סוכר 450 גרם.,אחדות ביחר לטחינה חל,,,יח`,4.50,100 גרם,false,1,12.90,2.87,false,1,
7290013927200,false,עוגיות שוקולד צ`יפס עשירה 400גרם אחוה,אחדות ביחר לטחינה חל,,,יח`,4,100 גרם,false,1,11.90,2.98,false,1,
7290013927514,false,אחוה רוגעלך קינמון במגש 400 גר,אחדות ביחר לטחינה חל,,,יח`,4,100 גרם,false,1,9.90,2.48,false,1,
7290014002203,false,חליטת לימונית ולואיזה הגן הקסום ויסוצקי 25 יחידות,תה ויסוצקי (ישראל) בעמ,,,יח`,0.3750,100 גרם,false,1,17.50,46.67,true,1,
7290014002470,false,תה ויסוצקי קלאסיק - מארז 75 שקיקים,תה ויסוצקי (ישראל) בעמ,,,יח`,1.1250,100 גרם,false,1,12.90,11.47,false,1,
7290014002944,false,גן קסום חליטת פירות וצמחים חמדת שקד 25 שקיקים,תה ויסוצקי (ישראל) בעמ,,,יח`,1,,false,1,17.50,17.50,true,1,
7290014002982,false,תה ירוק לימונית ולואיזה ויסוצקי 25 יחידות תוספת סטיביה,תה ויסוצקי (ישראל) בעמ,,,יח`,1,,false,1,24.90,24.90,true,1,
7290014046016,false,פסטרמה של פעם דל שומן 2% רכיבים טבעיים,מעדני יחיעם ( 1993 ) בע`מ,,,יח`,2.50,100 גרם,false,1,24.90,9.96,false,1,
7290014046047,false,פסטרמת מעודנת ברביקיו 2יח*300גר,מעדני יחיעם ( 1993 ) בע`מ,,,יח`,6,100 גרם,false,1,25.90,4.32,true,1,
7290014046474,false,"נקניקיות עוף 1.5 ק""ג יחיעם",מעדני יחיעם ( 1993 ) בע`מ,,,יח`,1.50,"ק""ג",false,1,29.90,19.93,true,1,
7290014046580,false,פסטרמה מעודנת על גחלים יחיעם (300 גרם),מעדני יחיעם (1993) בעמ,,,יח`,3,100 גרם,false,1,23.90,7.97,true,1,
7290014046764,false,סלמי פפרוני יחיעם 200 גרם,מעדני יחיעם (1993) בעמ,,,יח`,2,100 גרם,false,1,14.90,7.45,false,1,
7290014059085,false,"משחת שיניים סנסודיין 75 מ""ל פרימיום לשיקום והגנה","סמית קליין ביצ'ם בע""",,,יח`,0.75,"100 מ""ל",false,1,23.90,31.87,true,1,
7290014083813,false,וילי פוד מריגה שפרוטים מעושנים בשמן 190ג,ג. וילי-פוד אינטרנשיונל בע`מ,,,יח`,1.90,100 גרם,false,1,7.90,4.16,false,1,
7290014094543,false,תרסיס שמן קנולה מזוכך 186 מל שקדיה,דין שיווק וקליה 2021 בעמ,,,יח`,1.86,"100 מ""ל",false,1,12.90,6.94,true,1,
7290014094628,false,פקאן טבעי ששון הקולה (200 גרם),דין שיווק וקליה 2021 בעמ,,,יח`,2,100 גרם,false,1,27.90,13.95,false,1,
7290014094826,false,שזיפים ללא גלעין בשקית ששון הקולה 300 גרם,דין שיווק וקליה 2021 בעמ,,,יח`,3,100 גרם,false,1,22.90,7.63,true,1,
7290014094833,false,צימוק בהיר 300 גרם ששון הקולה,דין שיווק וקליה 2021 בעמ,,,יח`,3,100 גרם,false,1,14.90,4.97,false,1,
7290014094864,false,פיסטוק קלוי 170 גר עם קליפה ששון הקולה,דין שיווק וקליה 2021 בעמ,,,יח`,1.70,100 גרם,false,1,16.90,9.94,false,1,
7290014094895,false,אגוזים קלופים בשקית ששון הקולה 150 גרם,דין שיווק וקליה 2021 בעמ,,,יח`,1.50,100 גרם,false,1,10.90,7.27,true,1,
7290014095861,false,שיבולת שועל דקה בשקית שקדיה 500 גרם,דין שיווק וקליה 2021 בעמ,,,יח`,5,100 גרם,false,1,5.90,1.18,true,1,
7290014095960,false,שיבולת שועל עבה בשקית שקדיה 500 גרם,דין שיווק וקליה 2021 בעמ,,,יח`,5,100 גרם,false,1,5.90,1.18,true,1,
7290014204560,false,"פנינהרוזנבלום- סבון נוזלי לידיים שלישיה,3*500 מ""ל","פנינה רוזנבלום בע""מ",,,יח`,1.50,1 ליטר,false,1,9.90,6.60,false,1,
7290014204683,false,אלסבון 1 ליטר משאבה סגול פנינה רוזנבלום,פנינה רוזנבלום בעמ,,,יח`,1,1 ליטר,false,1,9.90,9.90,true,1,
7290014204690,false,"פנינה רוזנבלום- סבון נוזלי משאבה ורוד,1 ליטר",פנינה רוזנבלום בעמ,,,יח`,1,1 ליטר,false,1,9.90,9.90,true,1,
7290014204706,false,אלסבון 1 ליטר משאבה קורלפנינה רוזנבלום,פנינה רוזנבלום בעמ,,,יח`,1,1 ליטר,false,1,9.90,9.90,true,1,
7290014217003,false,פפריקה מעושנת בקופ' 90 גר' טעם וריח,"תבליני טעם וריח בע""מ",,,יח`,0.90,100 גרם,false,1,9.90,11,true,1,
7290014217010,false,דגים T130 -BUL בקופ' 90 גר' טעם וריח,"תבליני טעם וריח בע""מ",,,יח`,0.90,100 גרם,false,1,12.90,14.33,true,1,
7290014217119,false,תערובת לצ'יפס בקופ' 100 גר' טעם וריח,"תבליני טעם וריח בע""מ",,,יח`,1,100 גרם,false,1,9.90,9.90,true,1,
7290014217157,false,"מיכל טוסקנה תיבול 120 גר ""טעם וריח""","תבליני טעם וריח בע""מ",,,יח`,1.20,100 גרם,false,1,9.90,8.25,true,1,
7290014217225,false,גריל עוף בקופ' 120 גר' טעם וריח,"תבליני טעם וריח בע""מ",,,יח`,1.20,100 גרם,false,1,9.90,8.25,true,1,
7290014217348,false,"מיכל צ'ילי כתוש 70 גר' ""טעם וריח""","תבליני טעם וריח בע""מ",,,יח`,0.70,100 גרם,false,1,9.90,14.14,true,1,
7290014217409,false,תערובת עשבי תיבול הרבס דה פרובנס טעם וריח 100 ג',"תבליני טעם וריח בע""מ",,,יח`,0.30,100 גרם,false,1,9.90,33,false,1,
7290014217485,false,תיבול קייג'ון בקופ' 100 גר' טעם וריח,"תבליני טעם וריח בע""מ",,,יח`,1,100 גרם,false,1,9.90,9.90,true,1,
7290014217492,false,תיבול פילדלפיה בקופ' 100 גר' טעם וריח,"תבליני טעם וריח בע""מ",,,יח`,1,100 גרם,false,1,9.90,9.90,true,1,
7290014218505,false,"שלישית פיצות בחבק 3 יח`מעדנות 1.08 ק""",תנובה ענף ב.ע.ד,,,יח`,10.80,100 גרם,false,1,31.90,2.95,true,1,
7290014218932,false,חטיפי פיצה בתוספ זיתים בשקית מעדנות 710 גרם,מיוצר עי קונדיטוריית,,,יח`,7.10,100 גרם,false,1,33.90,4.77,true,1,
7290014220317,false,סט 2 יח`בקבוק לטיולים,קונסיגנציה- ש. י גיספאן 1993,,,יח`,1,,false,1,12.90,12.90,false,1,
7290014258716,false,תרכובת מזון צמחי על בסיס חלבון סויה מגיל לידה,קבוצת אוסם סחר שותפות מוגבלת,,,יח`,7,100 גרם,false,1,66.90,9.56,true,1,
7290014258723,false,תרכובת מזון צמחי לתינוקות מגיל 0 עד גיל שנה,קבוצת אוסם סחר שותפות מוגבלת,,,יח`,7,100 גרם,false,1,66.90,9.56,false,1,
7290014325036,false,סוכריות ג'לי עטופות שמחות מיה 600 גרם,מיה תעשיות מזון מ.ת.מ. בעמ,,,יח`,1,,false,1,19.90,19.90,false,1,
7290014325043,false,פודינג בטעם וניל 1 קג מיה,מיה תעשיות מזון מ.ת.מ. בעמ,,,יח`,1,"ק""ג",false,1,19.90,19.90,false,1,
7290014325050,false,קורנפלור 500 גר` מיה ג.,מיה תעשיות מזון מ.ת.מ. בעמ,,,יח`,5,100 גרם,false,1,8.90,1.78,false,1,
7290014397286,false,מרכך כביסה מרוכז חלב ודבש סנו מקסימה 1 ליטר,החברה הדרומית לשיווק בעמ,,,יח`,1,1 ליטר,false,1,17.90,17.90,true,1,
7290014397453,false,סנו אוקסיגן גל מסיר כתמים כביסה לבנה 3 ל,החברה הדרומית לשיווק בעמ,,,יח`,3,1 ליטר,false,1,29.90,9.97,true,1,
7290014397675,false,מקסימה מרכך כביסה חלב ודבש סנו 4 ליטר,החברה הדרומית לשיווק בעמ,,,יח`,4,1 ליטר,false,1,19.90,4.98,true,1,
7290014397699,false,פוליויקס גרניט פורצלן ושיש ניחוח קלאסי 3 ליטר,החברה הדרומית לשיווק בעמ,,,יח`,3,1 ליטר,false,1,22.90,7.63,true,1,
7290014397705,false,פוליויקס פרקט טבעי וסינטטי סנו (2 ליטר),החברה הדרומית לשיווק בעמ,,,יח`,2,1 ליטר,false,1,19.90,9.95,false,1,
7290014397767,false,סנו ריצפז פרש הום 2 ליטר בניחוח כותנה-מרכז,החברה הדרומית לשיווק בעמ,,,יח`,2,1 ליטר,false,1,21.90,10.95,true,1,
7290014397774,false,ריצפז פרש הום טבע רענן 2ל לרצפה,החברה הדרומית לשיווק בעמ,,,יח`,2,1 ליטר,false,1,21.90,10.95,true,1,
7290014397781,false,סנו ריצפז פרש הום 2 ליטר בניחוח סבון,החברה הדרומית לשיווק בעמ,,,יח`,2,1 ליטר,false,1,21.90,10.95,true,1,
7290014397873,false,מרכך כביסה בבישום עוצמתי ג'נטל בריז,החברה הדרומית לשיווק בעמ,,,יח`,40,"100 מ""ל",false,1,19.90,0.50,true,1,
7290014435704,false,סלמון מעושן פרוס 100ג(שמיר),שבעת הימים - שמיר,,,יח`,1,100 גרם,false,1,21.90,21.90,false,1,
7290014435803,false,מטיאס הולנדי (פרובנציאל) עם בצל בשמן 180 גרם,שבעת הימים - שמיר,,,יח`,2,100 גרם,false,1,18.90,9.45,false,1,
7290014435810,false,נתחי הרינג כבוש עם בצל במרינת חמוץ מתוק שמיר 220 גרם,"סלטי שמיר 2006 בע""מ",,,יח`,2.20,100 גרם,false,1,18.90,8.59,false,1,
7290014435827,false,פילה מקרל מעושן בשמן ויטהול 180 גר,"סלטי שמיר 2006 בע""מ",,,יח`,1.80,100 גרם,false,1,24.90,13.83,false,1,
7290014435834,false,מקרל מעושן פרוס בשמן שמיר 180 גרם,"סלטי שמיר 2006 בע""מ",,,יח`,1.90,100 גרם,false,1,24.90,13.11,false,1,
7290014435841,false,פילה הרינג עם בצל בשמן מטיאס הולנדי שמיר 200 גרם,סלטי שמיר 2006 בעמ,,,יח`,2,100 גרם,false,1,18.90,9.45,false,1,
7290014455252,false,גבינת גרנה פדנו מגורדת 29% גד (100 גרם),מחלבות גד שיווק 1992 בעמ,,,יח`,1,100 גרם,false,1,13.90,13.90,false,1,
7290014455320,false,גבינה כדורי מוצרלה פרסקה גד 100ג',מחלבות גד שיווק 1992 בעמ,,,יח`,1,100 גרם,false,1,8.90,8.90,false,1,
7290014459373,false,"צ'יפס קראנצ'י לתנור קפוא תפוגן 1.5ק""ג",קבוצת אוסם סחר שותפות מוגבלת,,,יח`,15,100 גרם,false,1,24.90,1.66,false,1,
7290014459472,false,"תפוגן צ יפס קלאסי 2ק""ג (תפוגן)",קבוצת אוסם סחר שותפות מוגבלת,,,יח`,2,"ק""ג",false,1,29.90,14.95,false,1,
7290014471436,false,"מוזלי צימוקים תפוח קינמון וגרעיני חמניה 1 ק""ג כחול שקדיה",דין שיווק וקליה 2021 בעמ,,,יח`,1,"ק""ג",false,1,19.90,19.90,false,1,
7290014471443,false,"גרנולה צימוקים אגוזים ושקדים1 ק""ג חדש - 443 כתום שקדיה (כתום)",דין שיווק וקליה 2021 בעמ,,,יח`,1,"ק""ג",false,1,19.90,19.90,false,1,
7290014472136,false,גרעין שחור קלוי ששון הקולה (150 גרם),דין שיווק וקליה 2021 בעמ,,,יח`,1.50,100 גרם,false,1,4.90,3.27,true,1,
7290014472471,false,גרעיני חמנייה קלוי ענק ששון הקולה 200 גרם,דין שיווק וקליה 2021 בעמ,,,יח`,2,100 גרם,false,1,5.90,2.95,false,1,
7290014472518,false,בוטן קלוי ענק פרימיום ששון הקולה 250 גרם,דין שיווק וקליה 2021 בעמ,,,יח`,2.50,100 גרם,false,1,8.90,3.56,false,1,
7290014472525,false,תערובת פיצוחים פרימיום ששון הקולה 250 גרם,דין שיווק וקליה 2021 בעמ,,,יח`,2.50,100 גרם,false,1,19.90,7.96,false,1,
7290014501829,false,"יין גליל קברנה סוביניון 750מ""ל",היכל היין שקד גולן בעמ,,,יח`,7.50,"100 מ""ל",false,1,64.90,8.61,true,1,
7290014525177,false,חטיף סלים פרוט Slim fruit בטעם יוגורט ופירות יער,סלים דליס Slim Delis,,,יח`,1.20,100 גרם,false,1,10.90,9.08,true,1,
7290014525290,false,חטיפי סלים דליס קריספי תות מרבה 125 גרם,סלים דליס Slim Delis,,,יח`,1.20,100 גרם,false,1,10.90,9.08,true,1,
7290014525306,false,חטיפי סלים דליס קריספי אוכמניות מרבה 125 גרם,סלים דליס Slim Delis,,,יח`,1.25,100 גרם,false,1,10.90,8.72,true,1,
7290014525313,false,חטיפי סלים דליס קריספי שוקולד מרבה 125 גרם,סלים דליס Slim Delis,,,יח`,1.25,100 גרם,false,1,10.90,8.72,true,1,
7290014555082,false,מים מזוקקים 4 ליטר מקסול,סאסאטק אגשח בעמ,,,יח`,40,"100 מ""ל",false,1,9.90,0.25,false,1,
7290014562691,false,פריכיות תירס מרובעות דקות 130 גרם,בטר אנד דיפרנט בעמ,,,יח`,1.30,100 גרם,false,1,7.90,6.08,false,1,
7290014581036,false,"פחם למנגל הלהבה כ2- ק""ג",פחם קוואנגו סחר בעמ,,,יח`,20,100 גרם,false,1,11.90,0.60,false,1,
7290014603813,false,שטראוס קרמסימו מסטיגם 1.33 ליטר,גלידות שטראוס בעמ,,,יח`,1.33,1 ליטר,false,1,19.90,14.96,true,1,
7290014648142,false,LA BELLE סמק -70% 100אלכוהול,פארמה דיל (פ.א.ב.) שיווק והפצה,,,יח`,1,,false,1,7.90,7.90,false,1,
7290014648340,false,פלסטרים שקופים 100 יח`PHARMA AID,פארמה דיל (פ.א.ב.) שיווק והפצה,,,יח`,1,,false,1,11.90,11.90,false,1,
7290014648357,false,פלסטרים בגוון העור 100 יח`PHARMA AID,פארמה דיל (פ.א.ב.) שיווק והפצה,,,יח`,1,,false,1,11.90,11.90,false,1,
7290014648906,false,LA BELLEמסיר לק מהציפורניים 100 מל,פארמה דיל (פ.א.ב.) שיווק והפצה,,,יח`,1,"100 מ""ל",false,1,3.90,3.90,false,1,
7290014648944,false,PHARMA DENTקיסמי מברשת דו צדדיים 300יח,פארמה דיל (פ.א.ב.) שיווק והפצה,,,יח`,1,,false,1,9.90,9.90,false,1,
7290014648951,false,PHARMA DENTקיסמי מברשת דו צדדיים בטעם מנטה 100יח,פארמה דיל (פ.א.ב.) שיווק והפצה,,,יח`,1,,false,1,9.90,9.90,false,1,
7290014649033,false,שלישיית ספוגי רחצה עדינים לאמבט מפנק,פארמה דיל (פ.א.ב.) שיווק והפצה,,,יח`,1,,false,1,9.90,9.90,false,1,
7290014673021,false,פלפל שחור שלם תבליני מימון (100 גרם),א.ל.ייצור ושיווק תבלינים בעמ,,,יח`,1,100 גרם,false,1,15.90,15.90,false,1,
7290014673403,false,פלפל שחור טחון תבליני מימון (250 גרם),א.ל. ייצור ושיווק תבלינים בע`מ,,,יח`,2.50,100 גרם,false,1,29.90,11.96,false,1,
7290014673410,false,פלפל שחור גרוס דק תבליני מימון 250 גרם,א.ל. ייצור ושיווק תבלינים בע`מ,,,יח`,2.50,100 גרם,false,1,29.90,11.96,false,1,
7290014673434,false,פלפל שחור גרוס דק שקית תבליני מימון 80גרם,א.ל.ייצור ושיווק תבלינים בעמ,,,יח`,0.80,100 גרם,false,1,9.90,12.38,false,1,
7290014674004,false,קריספ פירורי לחם שומשום ומלח ים 300 גרם מיימונס,א.ל ייצור ושיווק תבלינים בעמ,,,יח`,3,100 גרם,false,1,7.90,2.63,true,1,
7290014692299,false,גבינת ברי EURO CHEESE ויליפוד 125 גרם,ג.וילי-פוד אינטרנשיונל **גבינו,,,יח`,1.25,100 גרם,false,1,14.90,11.92,false,1,
7290014692305,false,גבינת קממבר EURO CHEESE ויליפוד 125 גרם,ג.וילי-פוד אינטרנשיונל **גבינו,,,יח`,1.25,100 גרם,false,1,14.90,11.92,false,1,
7290014692541,false,פתיתים מגורדת וילי פוד (500 גרם)GOLDEN,ג.וילי-פוד אינטרנשיונל **גבינו,,,יח`,5,100 גרם,false,1,19.90,3.98,false,1,
7290014692565,false,גרעיני תירס מתוק וילי פוד (320 גרם),ג.וילי-פוד אינטרנשיונל בעמ,,,יח`,3.20,100 גרם,false,1,4.90,1.53,false,1,
7290014748651,false,דג טוב פילה אמנון מצופה נתח שלם 360 גרם,קבוצת אוסם סחר שותפות מוגבלת,,,יח`,3.60,100 גרם,false,1,31.90,8.86,true,1,
7290014749764,false,עוף טוב שניצל עוף ביתי עדין כזה 700 גרם,קבוצת אוסם סחר שותפות מוגבלת,,,יח`,7,100 גרם,false,1,43.90,6.27,true,1,
7290014749887,false,שניצל דק ענק קריספי קלאסי עוף טוב 720 גרם,קבוצת אוסם סחר שותפות מוגבלת,,,יח`,7.20,100 גרם,false,1,35.90,4.99,true,1,
7290014758100,false,מאגדת יוגורט ביו 3% שומן 8 יח' *150ג' תנובה,מיוצר עי קונדיטוריית,,,יח`,12,100 גרם,false,1,16.50,1.38,false,1,
7290014758117,false,מאגדת יוגורט ביו 1.5% שומן 8 יח' *150 ג' תנובה,מיוצר עי קונדיטוריית,,,יח`,12,100 גרם,false,1,16.50,1.38,false,1,
7290014758148,false,פרוסות גבינה 22% שומן 400 ג' גלבוע,תנובה - חלב,,,יח`,4,100 גרם,false,1,20.50,5.13,false,1,
7290014758162,false,חלב עיזים מלא 3.6% שומן תנובה (1 ליטר),תנובה מרכז שיתופי לש,,,יח`,1,1 ליטר,false,1,15,15,false,1,
7290014758681,false,גבינת קוטג`1% בגביע תנובה (250 גרם),מיוצר עי קונדיטוריית,,,יח`,2.50,100 גרם,false,1,5.50,2.20,false,1,
7290014759084,false,גבינת שמנת נפוליאון 16% מופחת שומן תנובה 225 גרם,תנובה מרכז שיתופי לש,,,יח`,2.25,100 גרם,false,1,13.90,6.18,false,1,
7290014759237,false,כד יוגורט תנובה 6.5% שומן 3 ליטר,תנובה - חלב,,,יח`,3,1 ליטר,false,1,29.90,9.97,false,1,
7290014759992,false,פלח רוקפור גליל 26% 140 גר`קולקשיין תנו,"תנובה, מחלבת תל יוסף",,,יח`,2,100 גרם,false,1,18.90,9.45,false,1,
7290014760134,false,"מעדן סויה בטעם וניל תנובה 125 מ""ל",תנובה Alternative,,,יח`,1.25,100 גרם,false,1,4.20,3.36,false,1,
7290014760141,false,משקה שקדים טרי תנובה (1 ליטר),"תנובה בע""מ ***",,,יח`,10,"100 מ""ל",false,1,11.90,1.19,false,1,
7290014760448,false,גבינה צהובה גלבוע 400 גרם 22% שומן תנובה,מחלבת בית יצחק,,,יח`,4,100 גרם,false,1,22.90,5.73,false,1,
7290014760912,false,גבינה צהובה 28% מהדרין גוש חלב (400 גרם),תנובה מרכז שיתופי לש,,,יח`,4,100 גרם,false,1,25.90,6.48,false,1,
7290014761018,false,גיל בטעם וניל תנובה 125 גרם,תנובה מרכז שיתופי לש,,,יח`,1.25,"100 מ""ל",false,1,1.60,1.28,false,1,
7290014761056,false,מעדן שוקולד חלב יולו תנובה 123 גרם,מיוצר עי קונדיטוריית,,,יח`,1.23,"100 מ""ל",false,1,4.50,3.66,false,1,
7290014761063,false,מעדן שוקולד מריר יולו תנובה 123 גרם,מיוצר עי קונדיטוריית,,,יח`,1.23,"100 מ""ל",false,1,4.50,3.66,false,1,
7290014761070,false,מעדן שוקולד לבן יולו תנובה 123 גרם,מיוצר עי קונדיטוריית,,,יח`,1.23,"100 מ""ל",false,1,4.50,3.66,false,1,
7290014761193,false,יוגורט עם פירות יער 1.5% שומן 125 ג' פרילי,תנובה מרכז שיתופי לש,,,יח`,1.25,"100 מ""ל",false,1,3.50,2.80,false,1,
7290014761414,false,יולו מעדן שכבות שוקולד חלב ולבן 123 גר,מיוצר עי קונדיטוריית,,,יח`,1.23,"100 מ""ל",false,1,4.50,3.66,false,1,
7290014761612,false,מעדן שכבות שוקולד מריר ולבן יולו 122 גרם,מיוצר עי קונדיטוריית,,,יח`,1.23,"100 מ""ל",false,1,4.50,3.66,false,1,
7290014761698,false,"גבינת עמק 28% סמי חצי קשה 600 גרם בד""ץ",תנובה מרכז שיתופי לש,,,יח`,6,100 גרם,false,1,29.90,4.98,false,1,
7290014762756,false,גבינת שמנת נפוליאון 16% עם בצל תנובה 225 גרם,תנובה - חלב,,,יח`,2.25,100 גרם,false,1,13.90,6.18,false,1,
7290014762800,false,מעדן סויה שוקולד גביע 125 גרם אלטרנטיב,תנובה מרכז שיתופי לש,,,יח`,1.25,100 גרם,false,1,4.20,3.36,false,1,
7290014762831,false,גבינת שמנת נפוליאון 16% עם פלפל חלפיניו תנובה 225 גרם,תנובה מרכז שיתופי לש,,,יח`,2.25,100 גרם,false,1,13.90,6.18,false,1,
7290014762909,false,פתיתי מוצרלה השף הלבן 10% תוספת מתנה,"תנובה, מחלבת תל יוסף",,,יח`,2,100 גרם,false,1,15.90,7.95,false,1,
7290014763098,false,קרם גבינת שמנת 5% עם פלפל שום ובצל 200 ג' תנובה,תנובה - חלב,,,יח`,2,100 גרם,false,1,11.50,5.75,false,1,
7290014763272,false,יוגורט סויה BIO לשתיה תות ובננה אלטרנטיב,תות תעשיות מזון (201,,,יח`,2.50,100 גרם,false,1,5.80,2.32,false,1,
7290014763418,false,"כד יוגרט תנובה 4% שומן 1.5 ליטר, מהדרין",תנובה מרכז שיתופי לש,,,יח`,1.50,1 ליטר,false,1,16.50,11,false,1,
7290014785007,false,גרגרי טפיוקה קטנים 400 גר`טעמי אסיה,טחנת האבן קואופ בעמ,,,יח`,4,100 גרם,false,1,8.90,2.23,false,1,
7290014785069,false,מירין משובח טעמי אסיה (250 מל),טחנת האבן קואופ בעמ,,,יח`,2.50,"100 מ""ל",false,1,15.90,6.36,true,1,
7290014785076,false,"קרם קוקוס ללא תוספות חומר משמר 400 מ""ל",טחנת האבן קואופ בעמ,,,יח`,4,"100 מ""ל",false,1,10.90,2.73,false,1,
7290014785113,false,רוטב טריאקי טעמי אסיה (500 מל),טחנת האבן קואופ בעמ,,,יח`,5,"100 מ""ל",false,1,15.90,3.18,false,1,
7290014785564,false,אטריות אודון מוכנות 200 גר`,קינגדאן פרימה פודס ק,,,יח`,2,100 גרם,false,1,4.90,2.45,true,1,
7290014901254,false,"מרכך קרטין לאחר החלקה ועיצוב בחום סטייל 750 מ""ל",א.ל ארמן ייצור תמרוק,,,יח`,7.50,"100 מ""ל",false,1,24.90,3.32,false,1,
7290014901308,false,משחת שיניים לשיניים רגישות Complete protection,"סמית קליין ביצ'ם בע""",,,יח`,0.75,100 גרם,false,1,23.90,31.87,true,1,
7290014901896,false,"מי פה סנסודיין מנטה מרענן 500 מ""ל",גלקסוסמיתקליין,,,יח`,5,"100 מ""ל",false,1,25.90,5.18,true,1,
7290014910461,false,"ערק יודה 700 מ""ל כשל",בני בהיג'\ קעואר לתעשייה,,,יח`,7,"100 מ""ל",false,1,54.90,7.80,false,1,
7290014940901,false,לחם פשוט מלא לילדים פרוס אנג`ל (750 גרם),מאפיית שלמה א. אנג'\ל בע,,,יח`,5,100 גרם,false,1,14.50,2.90,false,1,
7290014945821,false,אטבי כביסה איכותיים קולור 24 יח,מ.א.ייצור ויבוא מטליות בעמ,,,יח`,1,,false,1,6.90,6.90,false,1,
7290015039246,false,נתחי טונה בשמן צמחי רביעיה * 160 ג' וילי פוד,ג.וילי פוד אינטרנשיונל בעמ,,,יח`,6.40,100 גרם,false,1,21.90,3.42,true,1,
7290015039253,false,עלי גפן במי מלח ויליפוד 620 גרם,ג. וילי-פוד אינטרנשיונל בע`מ,,,יח`,6.20,100 גרם,false,1,8.90,1.44,false,1,
7290015039338,false,נתחי טונה במי מלח רביעיה * 160 ג' וילי פוד,ג.וילי-פוד אינטרנשיונל בעמ,,,יח`,6.40,100 גרם,false,1,21.90,3.42,true,1,
7290015039499,false,ויליפוד עוגיות חמאה איטלקיות מובחרות 1ק,ג.וילי-פוד אינטרנשיונל בעמ,,,יח`,1,"ק""ג",false,1,11.90,11.90,false,1,
7290015129121,false,אטריות גל קונג`אק נודלס ללא גלוטן סקיני,הוויזאי וואנגייה פוד,,,יח`,2.70,100 גרם,false,1,9.90,3.67,false,1,
7290015129145,false,אטריות קונג'אק בתוספת טפיוקה בצורת ספגטי,הוויזאי וואנגייה פוד,,,יח`,2.70,100 גרם,false,1,9.90,3.67,false,1,
7290015129220,false,איטריות גל קונג`אק בצורת קוסקוס סקיני פס,אף.סי תבליני בגליל ב,,,יח`,2.70,100 גרם,false,1,9.90,3.67,false,1,
7290015129251,false,איטריות גל קונג`אק בצורת פסטה פטוצ`יני ס,אף.סי תבליני בגליל ב,,,יח`,2.70,100 גרם,false,1,9.90,3.67,false,1,
7290015150088,false,מחית עגבניות קלה גרנד איטליה 700 גרם,תה ויסוצקי (ישראל) בעמ,,,יח`,7,100 גרם,false,1,13.90,1.99,true,1,
7290015150118,false,שלישיית עגבניות חתוכות דק גרנד איטליה 400 גרם,תה ויסוצקי (ישראל) בעמ,,,יח`,1.20,"ק""ג",false,1,16.90,14.08,false,1,
7290015150583,false,תה ירוק בתוספת לימון ודבש ויסוצקי (25),תה ויסוצקי (ישראל) בעמ,,,יח`,1,,false,1,24.90,24.90,true,1,
7290015155830,false,מחית תפוחי עץ ובננה חטיפטף ללא תוספת סוכר,גורי מוצרי צריכה (1991) בעמ,,,יח`,1.20,100 גרם,false,1,5.90,4.92,true,1,
7290015155847,false,מחית סלט פירות חטיפטף ללא תוספת סוכר,גורי מוצרי צריכה (1991) בעמ,,,יח`,1.20,100 גרם,false,1,5.90,4.92,true,1,
7290015156776,false,מחית פירות טרופיים חטיפטף ללא תוספת סוכר,גורי מוצרי צריכה (1991) בעמ,,,יח`,1.20,100 גרם,false,1,5.90,4.92,true,1,
7290015156813,false,מחית פרינוק פאוץ' פירות מעורבים 120 גרם,גורי מוצרי צריכה (1991) בעמ,,,יח`,1.20,100 גרם,false,1,5.90,4.92,true,1,
7290015161848,false,פת פריכה אורגנית ללא גלוטן - כוסמת וקינואה 100 גרם,י.איטליאנו אחזקות בעמ,,,יח`,1,100 גרם,false,1,12.90,12.90,false,1,
7290015161862,false,פת פריכה אורגנית ללא גלוטן - ערמונים 100 גרם,י.איטליאנו אחזקות בעמ,,,יח`,1,100 גרם,false,1,12.90,12.90,false,1,
7290015161930,false,"פסטPRO קסרצ'ה פתיתים אורגניים, ללא גלוטן",י.איטליאנו אחזקות בעמ,,,יח`,2.50,100 גרם,false,1,17.90,7.16,false,1,
7290015161978,false,פסטPRO עדשים אדומות חומוס ופשתן GF אורגנית 250 ג,י.איטליאנו אחזקות בעמ,,,יח`,2.50,100 גרם,false,1,17.90,7.16,false,1,
7290015161992,false,"פסטPRO קסרצ'ה פתיתים אורגניים, ללא גלוטן",י.איטליאנו אחזקות בעמ,,,יח`,2.50,100 גרם,false,1,17.90,7.16,false,1,
7290015251181,false,"שלישיית סבון ידים כחול 500 מ""ל נובו",סאסאטק אגשח בעמ,,,יח`,1.50,1 ליטר,false,1,10.90,7.27,false,1,
7290015251198,false,סבון ידיים סגול שלישייה( 500 מל)נובו,סאסאטק אגשח בעמ,,,יח`,1.50,1 ליטר,false,1,10.90,7.27,false,1,
7290015253314,false,פחם 4 קג פרימיום למעשנה וגריל.,פחם קוואנגו סחר בעמ,,,יח`,40,100 גרם,false,1,24.90,0.62,false,1,
7290015282000,false,איקרא אדומה SEVEN SEAS 200 גרם,שבעת הימים - שמיר,,,יח`,2,100 גרם,false,1,12.90,6.45,false,1,
7290015282024,false,איקרא לבנה SEVEN SEAS 200 גרם,"סלטי שמיר 2006 בע""מ",,,יח`,2,100 גרם,false,1,12.90,6.45,false,1,
7290015282581,false,חומוס אבו גוש עם חריף שמיר 200 גרם,"סלטי שמיר 2006 בע""מ",,,יח`,2,100 גרם,false,1,9.90,4.95,true,1,
7290015282628,false,חציל בטעם כבד גורמה שמיר 200 גרם,"סלטי שמיר 2006 בע""מ",,,יח`,2,100 גרם,false,1,11.90,5.95,true,1,
7290015282673,false,חציל במיונז ביתי גורמה שמיר 200 גרם,"סלטי שמיר 2006 בע""מ",,,יח`,2,100 גרם,false,1,9.90,4.95,true,1,
7290015282727,false,גזר מרוקאי ברוטב פיקנטי אסלי שמיר 200 ג',"סלטי שמיר 2006 בע""מ",,,יח`,2,100 גרם,false,1,11.90,5.95,true,1,
7290015282741,false,חציל תאילנדי אסלי שמיר 200 ג',"סלטי שמיר 2006 בע""מ",,,יח`,2,100 גרם,false,1,11.90,5.95,true,1,
7290015320009,false,שלישיית שוקולד מריר השקדיה 100 גרם,דין שיווק וקליה 2021 בעמ,,,יח`,3,100 גרם,false,1,8.90,2.97,false,1,
7290015320481,false,שוקולד מריר 60% קקאו שגוטן 100 גרם,יעד ממתקים בעמ,,,יח`,1,,false,1,3.90,3.90,true,1,
7290015324007,false,פלפל שחור גרוס 80 גר' טעם וריח,"תבליני טעם וריח בע""מ",,,יח`,0.80,100 גרם,false,1,9.90,12.38,false,1,
7290015324014,false,"פלפל שחור טחון בשקית 80 גרם ""טעם וריח""","תבליני טעם וריח בע""מ",,,יח`,0.80,100 גרם,false,1,9.90,12.38,false,1,
7290015324038,false,פפריקה מתוקה בשמן 100 גרם טעם וריח,"תבליני טעם וריח בע""מ",,,יח`,0.80,100 גרם,false,1,5.90,7.38,false,1,
7290015324045,false,תבלין פפריקה חריפה 80 גר' שק',"תבליני טעם וריח בע""מ",,,יח`,0.80,100 גרם,false,1,5.90,7.38,false,1,
7290015324052,false,פפריקה מתוקה 80 גר' טעם וריח,"תבליני טעם וריח בע""מ",,,יח`,0.80,100 גרם,false,1,5.90,7.38,false,1,
7290015324069,false,גריל עוף 80 גר' טעם וריח,"תבליני טעם וריח בע""מ",,,יח`,0.80,100 גרם,false,1,5.90,7.38,false,1,
7290015324083,false,מלח לימון 80 גר' טעם וריח,"תבליני טעם וריח בע""מ",,,יח`,0.80,100 גרם,false,1,5.90,7.38,false,1,
7290015324090,false,כמון טחון 80 גר' טעם וריח,"תבליני טעם וריח בע""מ",,,יח`,0.80,100 גרם,false,1,5.90,7.38,false,1,
7290015324106,false,כורכום טחון 80 גר' טעם וריח,"תבליני טעם וריח בע""מ",,,יח`,0.80,100 גרם,false,1,5.90,7.38,false,1,
7290015324120,false,שום גבישי 80 גר' טעם וריח,"תבליני טעם וריח בע""מ",,,יח`,0.80,100 גרם,false,1,6.90,8.63,false,1,
7290015324151,false,חוואיג' למרק 80 גר' טעם וריח,"תבליני טעם וריח בע""מ",,,יח`,0.80,100 גרם,false,1,6.90,8.63,false,1,
7290015324168,false,שק 80 גרם על האש ללא מונוסטדיום,"תבליני טעם וריח בע""מ",,,יח`,0.80,100 גרם,false,1,5.90,7.38,false,1,
7290015324175,false,תיבול לשווארמה 80 גר' טעם וריח,"תבליני טעם וריח בע""מ",,,יח`,0.80,100 גרם,false,1,5.90,7.38,false,1,
7290015324519,false,תערובת לפיצה שקית 80 גרם,"תבליני טעם וריח בע""מ",,,יח`,0.80,100 גרם,false,1,5.90,7.38,false,1,
7290015324571,false,פפריקה מתוקה בשמן בסגנון מרוקאי 400גרם.,"תבליני טעם וריח בע""\מ",,,יח`,4,100 גרם,false,1,19.90,4.98,false,1,
7290015324663,false,צ'ילי גרוס חריף אש 70 גרם,"תבליני טעם וריח בע""מ",,,יח`,0.70,100 גרם,false,1,9.90,14.14,true,1,
7290015324717,false,"מחית שום `טעם וריח, 210 גרם",ליני קאטייאמה פודסטאפס ב,,,יח`,2.10,100 גרם,false,1,13.90,6.62,true,1,
7290015325752,false,מגבונים אסותא רביעייה לתינוק,עיסא ערטול בעמ-סוכן הנקל סוד,,,יח`,1,,false,1,15.90,15.90,false,1,
7290015347464,false,מיה קינואה מעורבת 400 גרם,מיה תעשיות מזון מ.ת.מ. בעמ,,,יח`,4,100 גרם,false,1,19.90,4.98,true,1,
7290015347488,false,"סוכר דמררה חום שקית מיה 1 ק""ג",מיה תעשיות מזון מ.ת.מ. בעמ,,,יח`,1,"ק""ג",false,1,11.90,11.90,false,1,
7290015350150,false,יין אדום חצי יבש של סגל (750 מל),"כרמי צבי - אחים סגל בע""\",,,יח`,7.50,"100 מ""ל",false,1,21.90,2.88,true,1,
7290015366359,false,מכשיר ספירה 8 שעות+נוזל להרחקת יתושים 45 לילות,זובלה הולדינגס ס.פ.א,,,יח`,1,,false,1,35.90,35.90,false,1,
7290015366663,false,"משחת שיניים מנטה עדין אקווה פרש 100 מ""ל",גלקסוסמיתקליין,,,יח`,1,100 גרם,false,1,6.90,6.90,true,1,
7290015366670,false,משחת שיניים בטעם מנטה אקוהפרש (100 מל),גלקסוסמיתקליין,,,יח`,1,"100 מ""ל",false,1,6.90,6.90,true,1,
7290015470094,false,טבלאות שוקולד טוסו מר`שוקולד תפוז 100ג,דנשר (1963) בעמ,,,יח`,1,100 גרם,false,1,12.90,12.90,true,1,
7290015597548,false,קרמיסימו בננה שוקולד צ`יפ,"גלידת שטראוס בע""\מ",,,יח`,133,1 ליטר,false,1,19.90,0.15,true,1,
7290015597555,false,קרמיסימו וניל פירות טרופיים סולרו,גלידות שטראוס בעמ,,,יח`,133,1 ליטר,false,1,19.90,0.15,false,1,
7290015652070,false,קשוי קלוי בשקית ששון הקולה 150 גרם,דין שיווק וקליה 2021 בעמ,,,יח`,1.50,100 גרם,false,1,12.90,8.60,true,1,
7290015652254,false,גרעיני חמניה קלויים ששון הקולה (400 גרם),דין שיווק וקליה 2021 בעמ,,,יח`,4,100 גרם,false,1,10,2.50,false,1,
7290015652261,false,בוטנים קלויים ששון הקולה 350 גרם,דין שיווק וקליה 2021 בעמ,,,יח`,3,100 גרם,false,1,10,3.33,false,1,
7290015652278,false,תערובת פיצוחים 250 גרם ששון הקולה,דין שיווק וקליה 2021 בעמ,,,יח`,2.50,100 גרם,false,1,20,8,false,1,
7290015652285,false,אגוזים קלופים ששון הקולה 250 גרם,דין שיווק וקליה 2021 בעמ,,,יח`,2.50,100 גרם,false,1,20,8,false,1,
7290015652292,false,קבוקים עם שומשום ששון הקולה 400 גרם,דין שיווק וקליה 2021 בעמ,,,יח`,4,100 גרם,false,1,10,2.50,false,1,
7290015652308,false,מנצ'ס ששון הקולה 400 גרם,דין שיווק וקליה 2021 בעמ,,,יח`,3,100 גרם,false,1,10,3.33,false,1,
7290015652322,false,בוטנים אמריקאיים מצופים 400 גר ששון הקלה,דין שיווק וקליה 2021 בעמ,,,יח`,4,100 גרם,false,1,10,2.50,false,1,
7290015652407,false,פיסטוק קלוי ששון הקולה (250 גרם),דין שיווק וקליה 2021 בעמ,,,יח`,2.50,100 גרם,false,1,20,8,false,1,
7290015699730,false,סבון דה מארסיי יעקבי 1.5 ליטר *חדש-,"יעקב יעקבי ובניו בע""מ",,,יח`,15,"100 מ""ל",false,1,11.90,0.79,false,1,
7290015733120,false,מטרנה גולד שלב 1 תרכובת מזון על בסיס חלבי,קבוצת אוסם סחר שותפות מוגבלת,,,יח`,7,100 גרם,false,1,67.50,9.64,true,1,
7290015733427,false,מטרנה דייסת גם וגם וניל פרו12*300ג 2019,קבוצת אוסם סחר שותפות מוגבלת,,,יח`,3,100 גרם,false,1,18.90,6.30,true,1,
7290015781008,false,"יין VISION מרלו אדום טפרברג 750 מ""ל",יקב טפרברג 1870 בעמ (יינות ומש,,,יח`,7.50,"100 מ""ל",false,1,39.90,5.28,true,1,
7290015781053,false,יין לבן יבש ויזון יקב טפרברג (750 מל),יקב טפרברג 1870 בעמ (יינות ומש,,,יח`,7.50,"100 מ""ל",false,1,39.90,5.28,true,1,
7290015781107,false,"יין סנג'ובזה 750 מ""ל IMPRESSION",יקב טפרברג 1870 בעמ (יינות ומש,,,יח`,7.50,"100 מ""ל",false,1,49.90,6.61,true,1,
7290015781114,false,יין אדום אימפרשיין מרלו טפרברג (750 מל),יקב טפרברג 1870 בעמ (יינות ומש,,,יח`,7.50,"100 מ""ל",false,1,49.90,6.61,true,1,
7290015781121,false,"יין IMPRESSION קברנה סוביניון יבש טפרברג 750 מ""ל",יקב טפרברג 1870 בעמ (יינות ומש,,,יח`,7.50,"100 מ""ל",false,1,49.90,6.61,true,1,
7290015781138,false,"יין שרדונה 750 מ""ל IMPRESSION",יקב טפרברג 1870 בעמ (יינות ומש,,,יח`,7.50,"100 מ""ל",false,1,49.90,6.61,true,1,
7290015781152,false,רוזה אימפרשון יקב טפרברג (750 מל),יקב טפרברג 1870 בעמ (יינות ומש,,,יח`,7.50,"100 מ""ל",false,1,49.90,6.61,true,1,
7290015781169,false,"יין IMPRESSION קברנה סוביניון חצי יבש טפרברג 750 מ""ל",יקב טפרברג 1870 בעמ (יינות ומש,,,יח`,7.50,"100 מ""ל",false,1,49.90,6.61,true,1,
7290015781268,false,יין אדום מוסקטו מתוק טפרברג (750 מל),יקב טפרברג 1870 בעמ (יינות ומש,,,יח`,7.50,"100 מ""ל",false,1,39.90,5.28,true,1,
7290015781299,false,יין שיראז ויזון יקב טפרברג (750 מל),יקב טפרברג 1870 בעמ (יינות ומש,,,יח`,7.50,"100 מ""ל",false,1,39.90,5.28,true,1,
7290015781305,false,יין אדום אימפרשיין סירה טפרברג (750 מל),יקב טפרברג 1870 בעמ (יינות ומש,,,יח`,7.50,"100 מ""ל",false,1,49.90,6.61,true,1,
7290015781657,false,אלגרו למברוסקו רוזה 750 מל טפרברג,יקב טפרברג 1870 בעמ (יינות ומש,,,יח`,7.50,"100 מ""ל",false,1,34.90,4.61,true,1,
7290015855013,false,פלפלונים -טינקרבל א.אדמה,א.אדמה (2007) בעמ,,,יח`,1,,false,1,9.90,9.90,false,1,
7290015855037,false,פלפל צ`ילי בשקית,א.אדמה (2007) בעמ,,,יח`,1,,false,1,9.90,9.90,false,1,
7290015855112,false,חמציץ - ארוז,א.אדמה (2007) בעמ,,,יח`,1,,false,1,8.90,8.90,false,1,
7290015855143,false,שיני שום קלופות בנספ,א.אדמה (2007) בעמ,,,יח`,1.70,100 גרם,false,1,12.90,7.59,false,1,
7290015855181,false,גינג`ר יחידה טרי,א.אדמה (2007) בעמ,,,יח`,1,,false,1,8.90,8.90,false,1,
7290015855228,false,אספרגוס א.אדמה,א.אדמה (2007) בעמ,,,יח`,1,,false,1,29.90,29.90,false,1,
7290015855273,false,בזיליקום מארז גדול א.אדמה,א.אדמה (2007) בעמ,,,יח`,1,,false,1,9.90,9.90,false,1,
7290015855310,false,עגבניות מיובשות - אר,א.אדמה (2007) בעמ,,,יח`,1,,false,1,12.90,12.90,false,1,
7290015855341,false,אנדיב לבן (עלוש),א.אדמה (2007) בעמ,,,יח`,1,,false,1,15.90,15.90,false,1,
7290015855358,false,בצלצלי שאלוט רעננים,א.אדמה (2007) בעמ,,,יח`,1,,false,1,14.90,14.90,false,1,
7290015855495,false,חסה לאליק כ 150 גר,א.אדמה (2007) בעמ,,,יח`,1.50,100 גרם,false,1,12.90,8.60,false,1,
7290015855938,false,עלי בייבי 250 גרם ארוז א.אדמה,א.אדמה (2007) בעמ,,,יח`,2.50,100 גרם,false,1,14.90,5.96,false,1,
7290015855990,false,לקט ירקות למרק טרי,א.אדמה (2007) בעמ,,,יח`,1,,false,1,14.90,14.90,false,1,
7290015858106,false,"ממרח פסטו ביתי 180 גרם ""עללחם""",שטראוס גרופ בעמ/מצונן,,,יח`,1.80,100 גרם,false,1,16.90,9.39,false,1,
7290015858113,false,"ממרח עגבניות מיובשות 180 גרם ""טריטרי""",שטראוס גרופ בעמ/מצונן,,,יח`,1.80,100 גרם,false,1,16.90,9.39,false,1,
7290015858144,false,ממרח ארטישוק עללחם 180 גרם,"מדשא תעשיות מזון בע""\מ",,,יח`,1.80,100 גרם,false,1,16.90,9.39,false,1,
7290015858151,false,ממרח שום 180 גרם עללחם בית יוסף,שטראוס גרופ בעמ/מצונן,,,יח`,1.80,100 גרם,false,1,16.90,9.39,false,1,
7290015858175,false,ממרח פלפלים קלויים 180 גרם עללחם,"מדשא תעשיות מזון בע""\מ",,,יח`,1.80,100 גרם,false,1,16.90,9.39,false,1,
7290015858229,false,"טפנד זיתי קלמטה 180 גרם ""עללחם""","מדשא תעשיות מזון בע""\מ",,,יח`,1.80,100 גרם,false,1,16.90,9.39,false,1,
7290015858243,false,ממרח צימיצורי עללחם 180 גרם,שטראוס גרופ בעמ/מצונן,,,יח`,1.80,100 גרם,false,1,16.90,9.39,false,1,
7290015858328,false,עללחם ממרח איולי פסטו 295 גרם,"מדשא תעשיות מזון בע""\מ",,,יח`,2.95,100 גרם,false,1,12.90,4.37,false,1,
7290015858427,false,שלישיית ממרחים שמאפשרת לגוון עללחם 240 גרם,שטראוס גרופ בעמ/מצונן,,,יח`,2.40,100 גרם,false,1,23.90,9.96,false,1,
7290015858441,false,עללחם ממרח איולי פלפלים 295 גרם,"מדשא תעשיות מזון בע""\מ",,,יח`,2.95,100 גרם,false,1,12.90,4.37,false,1,
7290015858687,false,עללחם ממרח איולי שום 295 גרם,"מדשא תעשיות מזון בע""\מ",,,יח`,2.95,100 גרם,false,1,12.90,4.37,false,1,
7290015865692,false,ענבי ציון תענוג פרי תות שדה 400 גר`,אבאל יזמות בעמ,,,יח`,4,100 גרם,false,1,16.90,4.23,false,1,
7290015865739,false,ענבי ציון קונפיטורה לייט אוכמניות 400 גר,אבאל יזמות בעמ,,,יח`,4,100 גרם,false,1,19.90,4.98,false,1,
7290015872096,false,חומוס אסלי שמיר 700 גרם,"סלטי שמיר 2006 בע""מ",,,יח`,7,100 גרם,false,1,9.90,1.41,false,1,
7290015888196,false,שמן חמניות 1 ליטר שוקחה,בני ג`ורג` שוקחה (חיפה) בעמ,,,יח`,10,"100 מ""ל",false,1,12.90,1.29,true,1,
7290015888301,false,שמן חמניות 3 ליטר שוקחה,בני ג`ורג` שוקחה (חיפה) בעמ,,,יח`,30,"100 מ""ל",false,1,36.90,1.23,true,1,
7290015888325,false,חומוס ענק 1 קג` שוקחה,בני ג`ורג` שוקחה (חיפה) בעמ,,,יח`,1,"ק""ג",false,1,15.90,15.90,true,1,
7290015951227,false,"יין גמלא השמורה סירה 2021 750 מ""ל",מיוצר וממולא על ידי יקב,,,יח`,7.50,"100 מ""ל",false,1,64.90,8.61,true,1,
7290015951869,false,"יין הר חרמון רוזה 750 מ""ל",מיוצר וממולא על ידי יקב,,,יח`,7.50,"100 מ""ל",false,1,35.90,4.75,true,1,
7290015968010,false,כפפות ניטריל S שחורות סייף טאץ 100 יחידות,סייף טאץ' Safe Touch,,,יח`,1,,false,1,23.90,23.90,true,1,
7290015968324,false,נורת לד12 W אור לבן אינטרסן,אינטרסן 1996 בעמ,,,יח`,1,,false,1,19.90,19.90,true,1,
7290015968331,false,נורת לד w6 אור לבן אינטרסן,אינטרסן 1996 בעמ,,,יח`,1,,false,1,14.90,14.90,true,1,
7290015968348,false,נורת לד 9W אור לבן אינטרסן,אינטרסן 1996 בעמ,,,יח`,1,,false,1,14.90,14.90,true,1,
7290015968782,false,פדים להסרת איפור במארז 80X3 יח',אינטרסן (1996) בעמ,,,יח`,1,,false,1,19.90,19.90,true,1,
7290015968973,false,כפפות ניטריל M שחורות סייף טאץ 100 יחידות,סייף טאץ' Safe Touch,,,יח`,1,,false,1,23.90,23.90,true,1,
7290015968980,false,כפפות ניטריל L שחורות סייף טאץ 100 יחידות,סייף טאץ' Safe Touch,,,יח`,1,,false,1,23.90,23.90,true,1,
7290015968997,false,כפפות ניטריל XL שחורות סייף טאץ 100 יחידות,אינטרסן 1996 בעמ,,,יח`,1,,false,1,23.90,23.90,true,1,
7290016006292,false,נקטר מנגו בננה מלון קרטונית 1 ל' ספרינג,יפאורה שותפות מובגלת לשיווק,,,יח`,1,1 ליטר,false,1,6.90,6.90,false,1,
7290016006322,false,מים מינרליים מי עדן,יפאורה שותפות מוגבלת לשיווק,,,יח`,1,1 ליטר,false,1,2.90,2.90,false,1,
7290016006339,false,מים מינרלים מי עדן (1x4 ליטר),יפאורה שותפות מוגבלת לשיווק,,,יח`,4,1 ליטר,false,1,10,2.20,false,1,
7290016006346,false,שוופס סודה 0.5 ליטר מארז שישייה,יפאורה שותפות מובגלת לשיווק,,,יח`,30,"100 מ""ל",false,1,13.90,0.40,false,1,
7290016077759,false,רוטב ברביקיו קלאסי היינץ 480 גרם,דיפלומט מפיצים (1968) בעמ**,,,יח`,4.80,100 גרם,false,1,16.90,3.52,false,1,
7290016087123,false,רוטב מתובל לפסטה בסגנון קלאסי פריניר 240 גרם,אבאל יזמות בעמ,,,יח`,2.30,100 גרם,false,1,5.50,2.39,true,1,
7290016087147,false,רוטב עגבניות מתובל לפיצה מרגריטה 240 גרם,אבאל יזמות בעמ,,,יח`,2.30,100 גרם,false,1,5.50,2.39,true,1,
7290016087222,false,פריניר רוטב עגבניות מרוכז לשקשוקה 230 גרם,פריניר ( הדס 1987) ב,,,יח`,2.30,100 גרם,false,1,5.50,2.39,true,1,
7290016087499,false,עגבניות חתוכות מארז 400X3ג' אריזות ירושלים,ח.כהן סוכנות מזון ומשקאות בע,,,יח`,1.20,"ק""ג",false,1,11.90,9.92,false,1,
7290016087581,false,פריניר זיתים טבעות ירוק 390 גר`,אבאל יזמות בעמ,,,יח`,3.90,100 גרם,false,1,6.50,1.67,false,1,
7290016096491,false,נתחי טונה בהירה בשמן צמחי שלישיה *80ג' פילטונה,תעשיות פיל טונה בעמ,,,יח`,2.40,100 גרם,false,1,9.90,4.13,false,1,
7290016096934,false,מארז זוגות סלט טונה 2*160 ג' פילטונה,תעשיות פיל טונה בעמ,,,יח`,1,,false,1,11.90,11.90,false,1,
7290016136111,false,"תערובת קמח רב תכליתי ג'י פרי 500 גרם לל""ג",גורי מוצרי צריכה (1991) בעמ,,,יח`,5,100 גרם,false,1,17.90,3.58,false,1,
7290016136142,false,תערובת להכנת פנקייק ללא גלוטן 400 גר,"אשבל -מזון פונקציונלי בע""מ",,,יח`,4,100 גרם,false,1,21.90,5.48,false,1,
7290016136722,false,פתיתים פנה ללא גלוטן 340 גרם גי פרי,גורי מוצרי צריכה (1991) בעמ,,,יח`,3.40,100 גרם,false,1,13.90,4.09,true,1,
7290016150117,false,סלק אדום מקולף ומבושל500,ביג פוד כחול לבן בעמ*שיק 30 יו,,,יח`,1,,false,1,8.90,8.90,true,1,
7290016150711,false,נוזל קוקוס פחית 400 גר` AVEL,אבאל יזמות בעמ,,,יח`,4,100 גרם,false,1,5.90,1.48,true,1,
7290016150865,false,מוזלי בננה ותמר גרין (1 קג),משה סידס ובנו בעמ,,,יח`,1,"ק""ג",false,1,25.90,25.90,true,1,
7290016162219,false,כדורי שוקולד פרווה קפולסקי (280 גרם),תופינים מקבוצת קפולסקי,,,יח`,1,,false,1,29.90,29.90,false,1,
7290016188608,false,GIACOBAZZI למברוסקו לבן חצי יבש יקבי כרמל,פרוטרופיק סיה.,,,יח`,7.50,"100 מ""ל",false,1,26.90,3.55,true,1,
7290016197488,false,מטליות מיקרופייבר למשטחים ניקול 3יח',קימברלי קלארק ישראל שיווק בעמ,,,יח`,1,,false,1,15.90,15.90,true,1,
7290016197495,false,ניקול זוג מטליות הקסם מיקרופייבר לרצפה,קימברלי קלארק ישראל שיווק בעמ,,,יח`,1,,false,1,24.90,24.90,true,1,
7290016197600,false,דיפנד - תחבושת לנשים נורמל 12 יח',קימברלי קלארק ישראל שיווק בעמ,,,יח`,1,,false,1,19.90,19.90,false,1,
7290016197624,false,תחבושות לנשים סופר דיפנד 8 יחידות,קימברלי קלארק ישראל שיווק בעמ,,,יח`,1,,false,1,25.90,25.90,true,1,
7290016197839,false,ניקול השקית החזקה 20 יח' XL,קימברלי קלארק ישראל שיווק בעמ,,,יח`,1,,false,1,24.90,24.90,false,1,
7290016217957,false,מקרל מעושן פרוס 100 גר,סלטי שמיר 2006 בעמ,,,יח`,1,100 גרם,false,1,16.90,16.90,false,1,
7290016246773,false,בארכה טחינה מתובלת גולמית מעודנת משומשום מלא זעתר 310 גרם,קבוצת אוסם סחר שותפות מוגבלת,,,יח`,3.10,100 גרם,false,1,13.90,4.48,false,1,
7290016276831,false,תבשיל איטריות בטעם בקר 70 גרם סו שף,דין שיווק וקליה 2021 בעמ,,,יח`,0.70,100 גרם,false,1,5.90,8.43,true,1,
7290016276855,false,תבשיל אטריות בטעם ירקות 70 גרם סו שף,דין שיווק וקליה 2021 בעמ,,,יח`,0.70,100 גרם,false,1,5.90,8.43,true,1,
7290016277470,false,שיבולת שועל דקה 350 גר',דין שיווק וקליה 2021 בעמ,,,יח`,3.50,100 גרם,false,1,3.90,1.11,true,1,
7290016277487,false,שיבולת שועל עבה 350 גר',דין שיווק וקליה 2021 בעמ,,,יח`,3.50,100 גרם,false,1,3.90,1.11,true,1,
7290016302042,false,מארז רביעיית סנדוויץ פרנה,קונסיגנציה ג`נרל מילס ישראל בע,,,יח`,1,,false,1,11.90,11.90,false,1,
7290016302059,false,מארז לחמניות פרנה ביס 10 יח',קונסיגנציה ג`נרל מילס ישראל בע,,,יח`,1,,false,1,11.90,11.90,false,1,
7290016319194,false,טוסו מארז זוג עוגיות סנדוויץ ללא סוכר שוקו וניל 300 ג',דנשר (1963) בעמ,,,יח`,3,100 גרם,false,1,16.90,5.63,false,1,
7290016321661,false,פרש וואנס SENSITIVE מגבונים ללא בישום רביעייה 72 יחידות,עלבד משואות יצחק,,,יח`,1,,false,1,15.90,15.90,true,1,
7290016321678,false,מגבונים לחים בניחוח מרענן עם תמציות קמומיל ואלוורה,עלבד משואות יצחק,,,יח`,1,,false,1,15.90,15.90,true,1,
7290016321883,false,פרשוואנס נייר טואלט מתכלה לילדים -מארז שלישייה,עלבד משואות יצחק בעמ,,,יח`,1,,false,1,14.90,14.90,true,1,
7290016372373,false,רסק עגבניות ללא תוספת סוכר ומלח - מארז זוג,תה ויסוצקי (ישראל) בעמ,,,יח`,2.80,100 גרם,false,1,8.90,3.18,false,1,
7290016372489,false,ויסוצקי חליטת ג'ינג'ר ולימון סודות הצמחים 25 שקיקים,תה ויסוצקי (ישראל) בעמ,,,יח`,0,100 גרם,false,1,20.90,20.90,true,1,
7290016387254,false,משטח לייבוש כלים דו צדדי שייני,מ.א.ייצור ויבוא מטליות בעמ,,,יח`,1,,false,1,8.90,8.90,false,1,
7290016387339,false,מטליות מיקרופייבר ג'מבו לרצפה זוג,מ.א. יצור ויבוא מטליות בעמ`,,,יח`,1,,false,1,16.90,16.90,false,1,
7290016387926,false,מפה נצמדת עם גומי היקפי 75*180,מ.א.ייצור ויבוא מטליות בעמ,,,יח`,1,,false,1,14.90,14.90,false,1,
7290016509342,false,סוד מארז טריו כדוריות לאסלה כחול אקטיבי אקונומיקה,גורי שיווק בעמ,,,יח`,1,,false,1,16.90,16.90,true,1,
7290016509786,false,פרסיל גל לכביסה לבנה וצבעונית-ירוק 2.5 ל,גורי שיווק בעמ,,,יח`,2.50,1 ליטר,false,1,34.90,13.96,true,1,
7290016509809,false,ג'ל מרוכז לכביסה קולור 2.5 ל' פרסיל,גורי שיווק בעמ,,,יח`,2.50,1 ליטר,false,1,34.90,13.96,true,1,
7290016509847,false,פרסיל ג'ל לכביסה כהה בלאק 2.5 ליטר,גורי שיווק בעמ,,,יח`,2.50,1 ליטר,false,1,34.90,13.96,true,1,
7290016564006,false,מבריקל הפלא ספוגיות להסרת כתמים קשים ושומנים 3יח,ח.כהן סוכנות מזון ומשקאות בע,,,יח`,1,,false,1,9.90,9.90,false,1,
7290016564075,false,מבריקל הפלא זוג מטליות מיקרופייבר לניקוי והברקה 30*30,אבאל יזמות בעמ,,,יח`,1,,false,1,9.90,9.90,true,1,
7290016564204,false,מארז 6 כריות יפניות מבריקל,אבאל יזמות בעמ,,,יח`,1,,false,1,8.90,8.90,true,1,
7290016564235,false,זוג מטליות מיקרופייבר לרצפה גדולות מבריק,אבאל יזמות בעמ,,,יח`,1,,false,1,17.90,17.90,false,1,
7290016564242,false,כריות יפניות מבריקל הפלא 4+2,אלבגינו שווק וסחר בעמ`,,,יח`,1,,false,1,9.90,9.90,false,1,
7290016564266,false,מבריקל הפלא כיסוי הפלא 3,ח.כהן סוכנות מזון ומשקאות בע,,,יח`,1,,false,1,9.90,9.90,false,1,
7290016564273,false,שלישיית סחבות לרצפה מבריקל,אבאל יזמות בעמ,,,יח`,1,,false,1,14.90,14.90,false,1,
7290016564297,false,מארז זוג שקיות סנדוויץ 300 גר מבריקל,אבאל יזמות בעמ,,,יח`,1,,false,1,11.90,11.90,true,1,
7290016564303,false,מטליות מייקרופייבר מארז 5 יח` מבריקל,אבאל יזמות בעמ,,,יח`,1,,false,1,8.90,8.90,true,1,
7290016564426,false,מבריקל שקיות אשפה ג`מבו XXL עם ידית 25,אבאל יזמות בעמ,,,יח`,1,,false,1,15.90,15.90,true,1,
7290016564433,false,מבריקל מארז רביעית כרית יפנית,אבאל יזמות בעמ,,,יח`,1,,false,1,9.90,9.90,true,1,
7290016621341,false,אל סבון היגייני לניקוי יסודי קמיל Clean & Moisture,פישר תעשיות פרמבצטיות בעמ,,,יח`,1,1 ליטר,false,1,15.90,15.90,true,1,
7290016621365,false,אל סבון היגייני לניקוי יסודי קמיל Clean & Moisture,"פישר תעשיות פרמבצטיות בע""מ",,,יח`,10,"100 מ""ל",false,1,15.90,1.59,true,1,
7290016651317,false,מברשת יוקרתית 317 סטייל שני,קונסיגנציה- ש. י גיספאן 1993,,,יח`,1,,false,1,15.80,15.80,false,1,
7290016651362,false,קיסם+חוט דנטאלי 100 יח,קונסיגנציה- ש. י גיספאן 1993,,,יח`,1,,false,1,15.90,15.90,false,1,
7290016682182,false,פריניב שייק תמר בננה מופחת סוכר 1 ליטר,הנסיך- מפעל לייצור ט,,,יח`,1,1 ליטר,false,1,15.90,15.90,true,1,
7290016682243,false,פריניב מיץ אשכולית אדומה סחוט 1 ליטר,תנובה - פריניב,,,יח`,1,1 ליטר,false,1,15.90,15.90,true,1,
7290016682328,false,מיץ תפוזים 100% עשוי מרכז 2 ל' פריניב,תנובה - פריניב,,,יח`,2,1 ליטר,false,1,20.90,10.30,true,1,
7290016682335,false,מיץ תפוזים סחוט 2 ליטר פרי ניב,תנובה - פריניב,,,יח`,2,1 ליטר,false,1,25.90,12.80,true,1,
7290016682359,false,מיץ תפוזים שמוטי פרי ניב 2 ליטר-,תנובה - פריניב,,,יח`,2,1 ליטר,false,1,27.90,13.80,true,1,
7290016682373,false,משקה קל לימונדה בלאדי 2 ליטר פריניב,תנובה - פריניב,,,יח`,2,1 ליטר,false,1,19.90,9.80,false,1,
7290016717051,false,משקה Buzz מוגז בטעם רימון מבוסס יין אדום מתוק,אגודת הכורמים -כרמל מזרחי,,,יח`,7.50,"100 מ""ל",false,1,27.90,3.68,true,1,
7290016717631,false,יין מוסקטו בעל חוזק אלכוהול נמוך פרייבט קולקשן,אגודת הכורמים הקואופרטיב,,,יח`,7.50,"100 מ""ל",false,1,39.90,5.28,true,1,
7290016717754,false,יין היובל ישן נושן יקבי כרמל (750 מל),אגודת הכורמים -כרמל מזרחי,,,יח`,7.50,"100 מ""ל",false,1,19.90,2.61,true,1,
7290016732986,false,ספירה אנתוש אלוו,גורי ע.ע.ע בעמ,,,יח`,0.50,"100 מ""ל",false,1,14.90,29.80,false,1,
7290016866643,false,פרודונטקס מ.שיניים אקסטרה פרש 75 מל,פרודונטקס Parodontax,,,יח`,0.75,"100 מ""ל",false,1,30.90,41.20,true,1,
7290016866650,false,"פרודונטקס - משחת שיניים אוריג'ינל 75 מ""ל",פרודונטקס Parodontax,,,יח`,0.75,"100 מ""ל",false,1,30.90,41.20,true,1,
7290016866667,false,"משחת שיניים פרודונטקס ללא פלואוריד 75 מ""ל",פרודונטקס Parodontax,,,יח`,0.75,"100 מ""ל",false,1,30.90,41.20,true,1,
7290016866674,false,"פרודונטקס - משחת שיניים מלבינה 75 מ""ל",פרודונטקס Parodontax,,,יח`,0.75,"100 מ""ל",false,1,30.90,41.20,true,1,
7290016867114,false,לחם קל מכוסמין מלא 500 גר`דר מרק,המאפה של דר מרק בריאות באפייה,,,יח`,5,100 גרם,false,1,17.90,3.58,false,1,
7290016867152,false,"מארז פיתות קלות כוסמין 5 יחידות ד""ר מרק",המאפה של דר מרק בריאות באפייה,,,יח`,5,100 גרם,false,1,13.90,2.78,false,1,
7290016867176,false,"מארז לחמניות קלות כוסמין שומשום במתיקות מעודמת 5 יחידות ד""ר מרק",המאפה של דר מרק בריאות באפייה,,,יח`,5,100 גרם,false,1,13.90,2.78,false,1,
7290016867237,false,לחם קל כוסמין במתיקות מעודנת 400 גר`דר,המאפה של דר מרק בריאות באפייה,,,יח`,4,100 גרם,false,1,18.90,4.73,false,1,
7290016867244,false,שישיה לחמניות כוסמין בתוספת מחמצת 99 קלוריות,המאפה של דר מרק בריאות באפייה,,,יח`,4.50,100 גרם,false,1,14.90,3.31,false,1,
7290016967074,false,לחם חיטה מלאה עם גרעינים ודגנים,מאפיית שלמה א. אנג'\ל בע,,,יח`,7.50,100 גרם,false,1,15.90,2.12,false,1,
7290017023212,false,"שוויפס מוגז פירות תפוח מארז רביעייה* 330 מ""ל",יפאורה שותפות מוגבלת לשיווק,,,יח`,1.32,1 ליטר,false,1,12.90,8.86,false,1,
7290017023229,false,רביעיית פחיות שוופס מוגז פירות תות ליים 330 מל.,יפאורה שותפות מוגבלת לשיווק,,,יח`,1.32,1 ליטר,false,1,12.90,8.86,false,1,
7290017023236,false,רביעיית פחיות שוופס מוגז פירות ענבים 330 מל.,יפאורה שותפות מוגבלת לשיווק,,,יח`,1.32,1 ליטר,false,1,12.90,8.86,false,1,
7290017023663,false,"שוופס מיץ פירות לימונייד פחית מארז 330X4מ""ל",יפאורה שותפות מוגבלת לשיווק,,,יח`,1.32,1 ליטר,false,1,12.90,8.86,false,1,
7290017023670,false,"שוויפס מוגז למונייד פחית סליק 330 מ""ל",יפאורה שותפות מוגבלת לשיווק,,,יח`,3.30,"100 מ""ל",false,1,3.90,1.09,false,1,
7290017023854,false,מי סודה בקבוקים אישיים - מארז 4 יח',יפאורה שותפות מוגבלת לשיווק,,,יח`,1,1 ליטר,false,1,13.90,13.90,true,1,
7290017023861,false,סודה בטעם לימון בקבוקים אישיים - מארז 4 יח',יפאורה שותפות מוגבלת לשיווק,,,יח`,1,1 ליטר,false,1,13.90,13.90,true,1,
7290017031705,false,משחת שיניים סנסודיין הגנה מלאה רגיל,גלקסוס סמית קליין,,,יח`,0.75,100 גרם,false,1,21.90,29.20,true,1,
7290017031859,false,"פרודונטקס - משחת שיניים אולטרא קלין 75 מ""ל","מאסטרפוד אוסטריה בע""מ",,,יח`,0.75,"100 מ""ל",false,1,30.90,41.20,true,1,
7290017040363,false,מארז דונאטס אוראו רביעייה,נטו מלינדה סחר בעמ,,,יח`,2.92,100 גרם,false,1,29.90,10.24,false,1,
7290017040370,false,מארז דונאטס מילקה רביעייה,נטו מלינדה סחר בעמ,,,יח`,2.60,100 גרם,false,1,29.90,11.50,false,1,
7290017044019,false,מגבונים אסותא בדלי עיסא ערטול) (400,עיסא ערטול בעמ-סוכן הנקל סוד,,,יח`,1,,false,1,19.90,19.90,false,1,
7290017044293,false,מטליות לחות לרצפה אסותא 50 יח בדלי,עיסא ערטול בעמ-סוכן הנקל סוד,,,יח`,1,,false,1,29.90,29.90,false,1,
7290017062686,false,מרכך כביסה מרוכז בייבי 1 ל`טאצ`.,סאסאטק אגשח בעמ,,,יח`,1,1 ליטר,false,1,10.90,10.90,false,1,
7290017062693,false,מרכך כביסה מרוכז לבן 1*5 ליטר טאצ,סאסאטק אגשח בעמ,,,יח`,1,1 ליטר,false,1,10.90,10.90,false,1,
7290017062716,false,מרכך כביסה מרוכז ורוד 1 ל`טאצ`.,סאסאטק אגשח בעמ,,,יח`,1,1 ליטר,false,1,10.90,10.90,false,1,
7290017062730,false,"נוזל כלים לבנדר 36% 750 מ""ל טא'צ+משאבה",סאסאטק אגשח בעמ,,,יח`,7.50,"100 מ""ל",false,1,9.90,1.32,false,1,
7290017062747,false,נוזל כלים תפוח (36% 750 מל)+משאבה טאצ,סאסאטק אגשח בעמ,,,יח`,7.50,"100 מ""ל",false,1,9.90,1.32,false,1,
7290017062754,false,נוזל כלים לימון (36% 750 מל)+משאבה טא,סאסאטק אגשח בעמ,,,יח`,7.50,"100 מ""ל",false,1,9.90,1.32,false,1,
7290017065007,false,פרוסות גבינה מוצרלה חצי קשה 22% שומן 200 ג' גד,מחלבות גד שיווק 1992 בעמ,,,יח`,2,100 גרם,false,1,17.90,8.95,false,1,
7290017065168,false,גבינה כחולה denish blue cheese 100 גרם,מחלבות גד שיווק 1992 בעמ,,,יח`,1,100 גרם,false,1,16.90,16.90,false,1,
7290017065212,false,גבינת קרם מסקרפונה מחלבות גד 250 גר,מחלבות גד שיווק 1992 בעמ,,,יח`,2.50,100 גרם,false,1,20.90,8.36,false,1,
7290017065236,false,גבינה בולגרית מעודנת 24% גד (250 גרם),מחלבות גד שיווק 1992 בעמ,,,יח`,2.50,100 גרם,false,1,23.90,9.56,false,1,
7290017065380,false,גבינת גרנה פדנו שבבים גד 100 גרם,מחלבות גד שיווק 1992 בעמ,,,יח`,1,100 גרם,false,1,14.90,14.90,false,1,
7290017065434,false,גבינה גאודה פרוסה הולנדית 200 גר',מחלבות גד שיווק 1992 בעמ,,,יח`,2,100 גרם,false,1,21.90,10.95,false,1,
7290017065731,false,גבינת שמנת 30% ניו יורק +כמהין 200 גרם רבנות,מחלבות גד שיווק 1992 בעמ,,,יח`,2,100 גרם,false,1,12.90,6.45,true,1,
7290017068374,false,שמרים יבשים בואקום מיה 500 גרם,מיה תעשיות מזון מ.ת.מ. בעמ,,,יח`,5,100 גרם,false,1,12.50,2.50,false,1,
7290017068893,false,סוכריות ג`לי דגיגים בציפוי סוכר 350גר,מיה תעשיות מזון מ.ת.מ. בעמ,,,יח`,3.50,100 גרם,false,1,14.90,4.26,false,1,
7290017068978,false,שיבולת שועל מלאה להכנה מהירה 500 גר בזיפ,מיה תעשיות מזון מ.ת.מ. בעמ,,,יח`,5,100 גרם,false,1,9.90,1.98,false,1,
7290017088075,false,בייביסיטר - חיתולי סטנדרט מידה 4+ - 40 יח',די.פי.אל תעשיות מוצרים ח,,,יח`,1,,false,1,32.90,32.90,true,1,
7290017088082,false,בייביסיטר - חיתולי סטנדרט מידה 5 - 36 יח',די.פי.אל תעשיות מוצרים ח,,,יח`,1,,false,1,32.90,32.90,true,1,
7290017088099,false,בייביסיטר - חיתולי סטנדרט מידה 6 - 30 יח',די.פי.אל תעשיות מוצרים ח,,,יח`,1,,false,1,32.90,32.90,true,1,
7290017094861,false,חומוס עם רוטב מסבחה אסלי שמיר 400 ג',"סלטי שמיר 2006 בע""מ",,,יח`,4,100 גרם,false,1,9.90,2.48,true,1,
7290017105468,false,מארז שלישייה אפונה קטנה יכין 3*200 גר,קשקמט קונסרב הונגריה,,,יח`,5.50,100 גרם,false,1,14.90,2.71,false,1,
7290017105895,false,גרגרי חומוס להכנת חומוס משובח יכין 560 ג,זנלכל בעמ,,,יח`,5.50,100 גרם,false,1,9.90,1.80,true,1,
7290017121086,false,"אריסה ביתית מתוקה עללחם, 250 גרם",שטראוס גרופ בעמ/מצונן,,,יח`,2.50,100 גרם,false,1,13.90,5.56,false,1,
7290017121093,false,"אריסה חריפה 250 גרם ""עללחם""","מדשא תעשיות מזון בע""\מ",,,יח`,2.50,100 גרם,false,1,13.90,5.56,false,1,
7290017142005,false,"שמן קוקוס אורגני עץ הזית צנצנת 320מ""ל",סוגת תעשיות בעמ,,,יח`,3.20,"100 מ""ל",false,1,29.90,9.34,true,1,
7290017142012,false,שמן קוקוס אורגני כתית 500 מל עץ הזית,סוגת תעשיות בעמ,,,יח`,5,"100 מ""ל",false,1,39.90,7.98,true,1,
7290017142159,false,"שלישיית נתחי טונה בהירה בשמן זית 80 גרם ""עץ הזית""",הנסיך- מפעל לייצור ט,,,יח`,2.40,100 גרם,false,1,23.90,9.96,true,1,
7290017142289,false,תרסיס שמן חמניות 200 מל ללא תוספת גז עץ,י.ב טכנולוגיות אריזה בעמ,,,יח`,2,"100 מ""ל",false,1,19.90,9.95,true,1,
7290017142388,false,שמן חמניות פלוס 1 ליטר אומגה 3 עץ הזית,סוגת תעשיות בעמ,,,יח`,1,1 ליטר,false,1,15.90,15.90,true,1,
7290017142395,false,"LUNCH TO GO פסטה עם טונה בשמן זית 160 גרם ""עץ הזית""",יוניקורד ח.צ בעמ,,,יח`,1.60,100 גרם,false,1,13.90,8.69,true,1,
7290017142401,false,"LUNCH TO GO קינואה לבנה ואדומה טונה בשמן זית 160 גרם ""עץ הזית""",ג'נרל מילס סאן אדריא,,,יח`,1.60,100 גרם,false,1,13.90,8.69,true,1,
7290017142418,false,"LUNCH TO GO אורז עם עדשים טונה בשמן זית 160 גרם ""עץ הזית""",יוניקורד ח.צ בעמ,,,יח`,1.60,100 גרם,false,1,13.90,8.69,true,1,
7290017142456,false,מארז נתחי טונה בהירה בשמן זית 2 * 160 ג' עץ הזית,יוניקורד ח.צ בעמ,,,יח`,3.20,100 גרם,false,1,27.90,8.72,true,1,
7290017142487,false,"LUNCH TO GO בורגול עם חומוס טונה בשמן זית 160 גרם ""עץ הזית""",יוניקורד ח.צ בעמ,,,יח`,1.60,100 גרם,false,1,13.90,8.69,true,1,
7290017189413,false,טבעות בצל שלמות בציפוי טמפורה,קפוא-זן תעשיות מזון בעמ - תפוג,,,יח`,6,100 גרם,false,1,15.90,2.65,false,1,
7290017236568,false,משחת כלים אמה 3.5 קג סמדר,עיסא ערטול בעמ-סוכן הנקל סוד,,,יח`,3.50,"ק""ג",false,1,26.90,7.69,false,1,
7290017239767,false,מקלות סורימי אורוגנל 35% 250ג קפוא.,פוד קולקשן בעמ,,,יח`,2.50,100 גרם,false,1,19.90,7.96,false,1,
7290017275499,false,סירופ לשתיה בטעם אננס 900 מל,אחדות ביתחרושת לטחינה חלבה,,,יח`,9,"100 מ""ל",false,1,14.90,1.66,false,1,
7290017275505,false,"סירופ בטעם פטל 900 מ""ל אחוה*",אחדות ביתחרושת לטחינה חלבה,,,יח`,9,"100 מ""ל",false,1,14.90,1.66,false,1,
7290017289182,false,"יין ישראלי לבן חצי יבש אפרת 750 מ""ל",יקב טפרברג 1870 בעמ (יינות ומש,,,יח`,7.50,"100 מ""ל",false,1,21.90,2.88,true,1,
7290017289618,false,"יין IMPRESSION פטיט סירה 150 שנה טפרברג 750 מ""ל",יקב טפרברג 1870 בעמ (יינות ומש,,,יח`,7.50,"100 מ""ל",false,1,49.90,6.61,true,1,
7290017291123,false,שום ארוז יבוא,",חברת יוסף אופנהימר 1986 בעמ",,,יח`,1,,false,1,5,5,false,1,
7290017297088,false,ציפס 2 קג,ויטה -פרי גליל (החדשה) בעמ,,,יח`,20,100 גרם,false,1,21.90,1.10,false,1,
7290017297095,false,סטייק ציפס 2 קג,ויטה -פרי גליל (החדשה) בעמ,,,יח`,20,100 גרם,false,1,21.90,1.10,false,1,
7290017297118,false,ציפס אמריקאי 2 קג,ויטה -פרי גליל (החדשה) בעמ,,,יח`,20,100 גרם,false,1,21.90,1.10,false,1,
7290017297194,false,לקט לקט ירקות לתנור פרי הגליל 800 ג',ויטה -פרי גליל (החדשה) בעמ,,,יח`,8,100 גרם,false,1,16.90,2.11,false,1,
7290017297217,false,עדשים ירוקות מושרות מבושלות ומקפאות פרי הגליל 800 ג',ויטה- פרי גליל (החדשה) בעמ,,,יח`,8,100 גרם,false,1,13.90,1.74,false,1,
7290017297224,false,"שעועית אדומה מושרית, מבושלת ומוקפאת",ויטה -פרי גליל (החדשה) בעמ,,,יח`,8,100 גרם,false,1,11.90,1.49,false,1,
7290017297644,false,ברוקולי קפוא גרין אנד פרש 800 גר',ויטה פרי גליל (החדשה) בע`מ,,,יח`,8,100 גרם,false,1,14.90,1.86,false,1,
7290017297682,false,כרובית מוקפאת גרין אנד פרש 800 גר',ויטה- פרי גליל (החדשה) בעמ,,,יח`,8,100 גרם,false,1,9.90,1.24,false,1,
7290017374390,false,סט שירותים טורינו,מ.א.ייצור ויבוא מטליות בעמ,,,יח`,1,,false,1,20.90,20.90,false,1,
7290017374925,false,מטאטא אמור AMOR + מק,מ.א.ייצור ויבוא מטליות בעמ,,,יח`,1,,false,1,19.90,19.90,false,1,
7290017440309,false,"ד""ר פישר - קידס שמפו ויטמינים 750 מ""ל","פישר תעשיות פרמצביטות בע""מ",,,יח`,7.50,"100 מ""ל",false,1,16.90,2.25,false,1,
7290017457574,false,כדוריות סבון נתלה לאסלה בניחוח פרחים - 3 יח',גורי שיווק בעמ,,,יח`,1,,false,1,16.90,16.90,true,1,
7290017457611,false,גל כביסה סוד טוטאל ירוק 2.5 ליטר,גורי שיווק בעמ,,,יח`,2.50,1 ליטר,false,1,24.90,9.96,false,1,
7290017457727,false,"סוד כחול מרכך כביסה מרוכז20%+בישום 900 מ""ל",גורי שיווק בעמ,,,יח`,9,"100 מ""ל",false,1,11.90,1.32,false,1,
7290017457734,false,"סוד ורוד מרכך כביסה מרוכז20%+בישום 900 מ""ל",גורי שיווק בעמ,,,יח`,9,"100 מ""ל",false,1,11.90,1.32,false,1,
7290017477169,false,קשיו קלוי 250 גרם ששון הקולה,דין שיווק וקליה 2021 בעמ,,,יח`,2.50,100 גרם,false,1,20,8,false,1,
7290017513409,false,תה ירוק SUPER GREEN 87 גרםבטעם אוכמניות ואסאי,תה ויסוצקי (ישראל) בעמ,,,יח`,1,,false,1,24.90,24.90,true,1,
7290017513485,false,מחית עגבניות רוסטיקה גרנד איטליה 680 גרם,תה ויסוצקי (ישראל) בעמ,,,יח`,6.80,100 גרם,false,1,13.90,2.04,true,1,
7290017513775,false,פליפז בייגלה מצופה שוקולד חלב מקוויטיס 140 גרם,תה ויסוצקי (ישראל) בעמ,,,יח`,1.40,100 גרם,false,1,8.90,6.36,true,1,
7290017516295,false,חטיף חלבון פרוטאין אגוז לוז שוקולד 50 גר,י.איטליאנו אחזקות בעמ,,,יח`,0.50,100 גרם,false,1,10.90,21.80,false,1,
7290017536521,false,מארז סופגניות ללא גלוטן רביעייה קפוא,דויטש,,,יח`,1,,false,1,19.90,19.90,false,1,
7290017589565,false,"ברקן, גוורצטרמינר לבן חצי יבש 750 מל",טמפו משקאות בעמ,,,יח`,7.50,"100 מ""ל",false,1,32.90,4.35,true,1,
7290017589633,false,"רזרב גולד אדישיין קברנה סוביניון 750 מ""ל",טמפו משקאות בעמ,,,יח`,7.50,"100 מ""ל",false,1,49.90,6.61,true,1,
7290017599236,false,סוכרזית סיטיוויה 200 טבליות,סנו מפעלי ברונוס.,,,יח`,1,,false,1,25.90,25.90,true,1,
7290017599250,false,סוכרזית קלאסי 120 גר`שקיות,שטראוס גרופ בע`מ,,,יח`,1.20,100 גרם,false,1,15.90,13.25,false,1,
7290017599267,false,סוכרלוז 120 שקיות ממתיק שולחני,שטראוס גרופ בע`מ,,,יח`,1.20,100 גרם,false,1,24.90,20.75,false,1,
7290017617046,false,נתחי טונה בשמן זית כתית מעולה רביעיה * 140 ג',דיפלומט מפיצים (1968) בעמ**,,,יח`,5.60,100 גרם,false,1,26.90,4.80,false,1,
7290017617084,false,סטארקיסט מיקס טוגו טונה עם שעועית 185 גרם,דיפלומט מפיצים (1968) בעמ**,,,יח`,1.85,100 גרם,false,1,12.90,6.97,false,1,
7290017641744,false,"חטיפי קרח גדולים בטעמי פטל, לימון, ענבים ואננס",כרמית תעשיות ממתקים בעמ,,,יח`,8,100 גרם,false,1,6.90,0.86,true,1,
7290017647425,false,"יין גמלא קברנה סוביניון שנת 2018 750 מ""ל",היכל היין שקד גולן בעמ,,,יח`,7.50,"100 מ""ל",false,1,68.20,9.05,true,1,
7290017677804,false,"רוטב סויה קיקומן ללא חומרים משמרים 444 מ""ל",דיפלומט מפיצים (1968) בעמ**,,,יח`,4.44,"100 מ""ל",false,1,29.90,6.73,true,1,
7290017682945,false,מגב חד להב סיליקון silicone one,מ.א.ייצור ויבוא מטליות בעמ,,,יח`,1,,false,1,24.90,24.90,false,1,
7290017712154,false,פרמיו מזון מלא פאוץ עם עוף בג'לי 85 גר,שחורי אריה ואנסטסיה,,,יח`,1,,false,1,4,4,false,1,
7290017712284,false,חטיף פרמיו 150 גר ברבקיו,שחורי אריה ואנסטסיה,,,יח`,1.50,100 גרם,false,1,12.90,8.60,false,1,
7290017712727,false,פרמיו גור חתולים בקר וכבד,שחורי אריה ואנסטסיה,,,יח`,1,100 גרם,false,1,4.90,4.90,false,1,
7290017712758,false,פרמיו סלמון לחתול,שחורי אריה ואנסטסיה,,,יח`,1,100 גרם,false,1,4.90,4.90,false,1,
7290017712765,false,פרימו סלמון ופורל לחתול,שחורי אריה ואנסטסיה,,,יח`,1,,false,1,4.90,4.90,false,1,
7290017724157,false,"עוגיות מעדן תפו""ע ללא סוכר אקלר",הלל בן הלל שיווק ומסחר בעמ,,,יח`,2,100 גרם,false,1,21.90,10.95,false,1,
7290017724256,false,עוגיות שומשיות ללא סוכר אקלר,הלל בן הלל שיווק ומסחר בעמ,,,יח`,2,100 גרם,false,1,21.90,10.95,false,1,
7290017724270,false,עוגיות אשכול בריאות ללא סוכר אקלר,הלל בן הלל שיווק ומסחר בעמ,,,יח`,2,100 גרם,false,1,19.90,9.95,false,1,
7290017724355,false,עוגיות אצבעות שקדים 250 גר`,אקלר בעמ,,,יח`,2.50,100 גרם,false,1,21.90,8.76,false,1,
7290017736259,false,מטליות לחות לרצפה ופרקט 50 יח`בדלי,וינדה פרופשיונל בעמ,,,יח`,1,,false,1,24.90,24.90,false,1,
7290017812052,false,יין שיראז-קברנה סוביניון אקסלנס יקבי כרמל,אגודת הכורמים בעמ,,,יח`,7.50,"100 מ""ל",false,1,26.90,3.55,true,1,
7290017812069,false,יין אמרלד ריזלינג שרדונה אקסלנס Excellence,אגודת הכורמים בעמ,,,יח`,7.50,"100 מ""ל",false,1,26.90,3.55,true,1,
7290017812571,false,מיץ ענבים תירוש אדום 100% טבעי כרמל 1 ליטר,אגודת הכורמים -כרמל מזרחי,,,יח`,1,1 ליטר,false,1,19.90,19.90,false,1,
7290017812588,false,מיץ ענבים תירוש לבן 100% טבעי כרמל 1 ליטר,אגודת הכורמים -כרמל מזרחי,,,יח`,1,1 ליטר,false,1,19.90,19.90,false,1,
7290017812861,false,יין לבש יבש ( 750 מל) וינו,אגודת הכורמים בעמ,,,יח`,7.50,"100 מ""ל",false,1,19.90,2.61,true,1,
7290017812977,false,"יין קריניאנו סלקטדאננס באז כרמל 750 מ""ל",אגודת הכורמים -כרמל מזרחי,,,יח`,7.50,"100 מ""ל",false,1,27.90,3.68,true,1,
7290017871462,false,טוסו חטיף פצפוצי אורז מצופה שוקולד מריר ללא תוספת סוכר,תות תעשיות מזון (2014) ב,,,יח`,1,100 גרם,false,1,16.90,16.90,true,1,
7290017872049,false,"פמלי אל סבון בניחוח לוונדר ארומטי- שלישייה 500 מ""ל",אברנסל קוסמטיקס,,,יח`,1.50,1 ליטר,false,1,15.90,10.60,false,1,
7290017872056,false,פמלי אל סבון 3*1 הסדרה הלבנה-מעורב 500 גרם*3,אברנסל קוסמטיקס,,,יח`,1.50,1 ליטר,false,1,15.90,10.60,false,1,
7290017872063,false,אל סבון ארומתרפי מארז שלישייה 500 מל פמ,אברנסל קוסמטיקס,,,יח`,1.50,1 ליטר,false,1,15.90,10.60,false,1,
7290017872179,false,טוסו - עוגיות טחינה ללא סוכר 200 גרם,"הגביע מוצרי וופלים בע""\מ",,,יח`,2,100 גרם,false,1,18.90,9.45,true,1,
7290017872186,false,טוסו - עוגיות פקאן ללא סוכר 200 גרם,"הגביע מוצרי וופלים בע""\מ",,,יח`,2,100 גרם,false,1,18.90,9.45,true,1,
7290017872193,false,טוסו עוגיות שקדים וקינמון ללא סוכר 200 גרם,"הגביע מוצרי וופלים בע""\מ",,,יח`,2,100 גרם,false,1,18.90,9.45,true,1,
7290017888101,false,"שוויפס מוגז עדין אפרסק מארז רביעייה* 330 מ""ל",יפאורה שותפות מוגבלת לשיווק,,,יח`,1320,1 ליטר,false,1,12.90,0.01,false,1,
7290017888729,false,שוופס סודה בקבוק 1 ל',יפאורה שותפות מוגבלת לשיווק,,,יח`,1,1 ליטר,false,1,3.90,3.90,true,1,
7290017888972,false,בקבוק מי עדן פקק ספורט 1 ליטר,יפאורה שותפות מוגבלת לשיווק,,,יח`,1,1 ליטר,false,1,3.90,3.90,true,1,
7290017907208,false,תערובת קמח רב תכליתי לנמנעים מגלוטן,י.איטליאנו אחזקות בעמ,,,יח`,5,100 גרם,false,1,18.90,3.78,false,1,
7290017907222,false,תערובת קמח תופח לנמנעים מגלוטן,י.איטליאנו אחזקות בעמ,,,יח`,5,100 גרם,false,1,18.90,3.78,false,1,
7290017907246,false,סולת מאורז לנמנעים מגלוטן,י.איטליאנו אחזקות בעמ,,,יח`,3,100 גרם,false,1,15.90,5.30,false,1,
7290017913117,false,אסותא נוזל רצפות צהוב 4 ליטר,עיסא ערטול בעמ,,,יח`,40,"100 מ""ל",false,1,14.90,0.37,false,1,
7290017913148,false,אסותא מרכך כביסה 4 ליטר(סגול),עיסא ערטול בעמ,,,יח`,40,"100 מ""ל",false,1,14.90,0.37,false,1,
7290017913162,false,אסותא מרכך כביסה 4 ליטר(כחול),עיסא ערטול בעמ,,,יח`,40,"100 מ""ל",false,1,14.90,0.37,false,1,
7290017917283,false,מגבונים מילוי קמיל בלו ללא בישום רביעייה,"פישר תעשיות פרמצביטות בע""מ",,,יח`,1,,false,1,19.90,19.90,true,1,
7290017917382,false,אל סבון היגייני לניקוי יסודי ולהרגע העור clean & calm,"פישר תעשיות פרמבצטיות בע""מ",,,יח`,0.01,"100 מ""ל",false,1,15.90,1590,true,1,
7290017917467,false,קמיל בלו סנסטי בשיבולת שועל אל סבון טיפולי לתינוק,"פישר תעשיות פרמבצטיות בע""מ",,,יח`,1,1 ליטר,false,1,32.90,32.90,true,1,
7290017918037,false,ענבים אדומים ארוז,בראשית - אגודה שיתופית*שיק 45,,,יח`,1,,false,1,19.90,19.90,false,1,
7290017928036,false,מאיר בייגל מקלות גריסיני שומשום 175 גרם,מאיר את בייגל,,,יח`,1.75,100 גרם,false,1,11.90,6.80,true,1,
7290017928043,false,מקלות גריסיני קראנץ' מלח מאיר בייגל 175 גרם,מאיר את בייגל,,,יח`,1.75,100 גרם,false,1,11.90,6.80,true,1,
7290017928098,false,בייגלה שטוח מלח 330 גר` מאיר בייגל,מאיר את בייגל,,,יח`,3.30,100 גרם,false,1,11.90,3.61,true,1,
7290017928210,false,בייגלה גדול שומשום מאיר בייגל 250 גרם,מאיר את בייגל,,,יח`,3,100 גרם,false,1,11.90,3.97,true,1,
7290017928227,false,"בייגלה שטוח'לה פינוקים שומשום, קצח, שום ובצל",מאיר את בייגל,,,יח`,3,100 גרם,false,1,11.90,3.97,true,1,
7290017928432,false,מקלות גריסיני קראנץ' פרג מאיר בייגל 175 גרם,מאיר את בייגל,,,יח`,1.75,100 גרם,false,1,11.90,6.80,true,1,
7290017928609,false,בייגלה טבעות שומשום מאיר בייגל 300 גרם,מאיר את בייגל,,,יח`,3,100 גרם,false,1,11.90,3.97,true,1,
7290017928661,false,מאיר בייגל -סמאש-שבורים בטעם צ'דר 300 גרם,"דנשר (1963) בע,מ",,,יח`,3,100 גרם,false,1,12.90,4.30,true,1,
7290017928685,false,בייגלה שמיניות מלוח מאיר בייגל 400 גרם.,מאיר את בייגל,,,יח`,4,100 גרם,false,1,11.90,2.98,true,1,
7290017928746,false,פירורי בייגלה מאיר בייגל 200 גרם,דנשר (1963) בעמ,,,יח`,2,100 גרם,false,1,6.90,3.45,false,1,
7290017928807,false,בייגלה אצבעות שומשום מאיר בייגל 300 גרם,מאיר את בייגל,,,יח`,3,100 גרם,false,1,11.90,3.97,true,1,
7290017928821,false,מאיר בייגל מקלות גריסיני קלאסי 200 גרם,מאיר את בייגל,,,יח`,2,100 גרם,false,1,11.90,5.95,true,1,
7290017946399,false,"מרכך כביסה מרוכז ארומתרפי אדום 900 מ""ל סוד",גורי שיווק בעמ,,,יח`,9,"100 מ""ל",false,1,11.90,1.32,false,1,
7290017947105,false,לחם אנג'ל בסגנון אמריקה 500 גרם,מאפיית שלמה א. אנג'\ל בע,,,יח`,5,100 גרם,false,1,14.90,2.98,false,1,
7290017947464,false,שמיניית פיתות כוסמין אנג'ל 8*50 גרם,מאפיית שלמה א.אנג'\ל בע\,,,יח`,1,,false,1,16.90,16.90,false,1,
7290017947495,false,לחמניות כוסמין 6 יח(450 גר`)אנג`ל,"איטיליאן פוד, אס.פי.",,,יח`,4.50,100 גרם,false,1,14.90,3.31,false,1,
7290017947891,false,לחם אנג'ל כוסמין וחיטה מלאה 750 גרם,מאפיית שלמה א. אנג'\ל בע,,,יח`,7.50,100 גרם,false,1,16.90,2.25,false,1,
7290017947921,false,לחמניות המבורגר בסגנון אמריקאי מארז 6 יח',מאפיית שלמה א. אנג'\ל בע,,,יח`,4.50,100 גרם,false,1,14.90,3.31,false,1,
7290017947938,false,מיני לחמניות המבורגר בסגנון אמריקה 400 ג' אנג'ל,מאפיית שלמה א. אנג'\ל בע,,,יח`,4,100 גרם,false,1,14.90,3.73,false,1,
7290017978215,false,"קרמבו מוקה ""ריאו"" 16 יחידות",ריאו נתניה ביחר לגלידה וממתקים,,,יח`,1,,false,1,21.90,21.90,false,1,
7290018029206,false,עוגיות כתר ריבה מיקס 600 גרם,שיבולים יצור ושיווק מוצרי מאפה,,,יח`,6,100 גרם,false,1,19.90,3.32,false,1,
7290018043196,false,פראוד - חטיף חלבון בטעם שוקולד לבן עוגיות 60 גרם,דיפלומט מפיצים (1968) בעמ**,,,יח`,0.60,100 גרם,false,1,12.90,21.50,true,1,
7290018043639,false,פראוד חטיף חלבון שוקולד קריספי 29 גר`,דיפלומט היינץ,,,יח`,0.29,100 גרם,false,1,8.90,30.69,false,1,
7290018045695,false,דגני בוקר בון בון במילוי קרם בטעם קרמל מ,ר.ב. מוצרי דגנים בעמ,,,יח`,4.80,100 גרם,false,1,22.90,4.77,true,1,
7290018045893,false,דגני בוקר בון בון במילוי קרם נוגט 480 גר,ר.ב. מוצרי דגנים בעמ,,,יח`,4.80,100 גרם,false,1,22.90,4.77,true,1,
7290018071205,false,כפפות ניטרו V כחולות אלסטיות S ללא אבקה 100 יחידות,אינטרסן (1996) בעמ,,,יח`,1,,false,1,18.90,18.90,true,1,
7290018071229,false,כפפות ניטרו V כחולות אלסטיות L ללא אבקה 100 יחידות,אינטרסן (1996) בעמ,,,יח`,1,,false,1,18.90,18.90,true,1,
7290018071236,false,כפפות ניטרו V כחולות אלסטיות XL ללא אבקה 100 יחידות,אינטרסן (1996) בעמ,,,יח`,1,,false,1,18.90,18.90,true,1,
7290018098592,false,שווארמה טבעוניות ביף,גורי מוצרי צריכה (1991) בעמ,,,יח`,3,100 גרם,false,1,21.90,7.30,true,1,
7290018127452,false,פתי בר ללא גלוטן 200 גר`גלוטרי,אבאל יזמות בעמ,,,יח`,2,100 גרם,false,1,14.90,7.45,false,1,
7290018131831,false,נסטלה מאגדת שלגון מילקה וניל חדש8 4*66ג,נגה גלידות שותפות מוגבלת,,,יח`,2.84,100 גרם,false,1,31.90,11.23,false,1,
7290018131954,false,מאגדת לה פרוטה תות שוקולד נסטלה 350 גרם,נגה גלידות שותפות מוגבלת,,,יח`,3.50,100 גרם,false,1,27.90,7.97,false,1,
7290018132388,false,"מטרנה גולד בד""ץ שלב 2 700 גרם",קבוצת אוסם סחר שותפות מוגבלת,,,יח`,7,100 גרם,false,1,74.90,10.70,true,1,
7290018132425,false,"מטרנה גולד בד""ץ שלב 3 700 גרם",קבוצת אוסם סחר שותפות מוגבלת,,,יח`,7,100 גרם,false,1,74.90,10.70,true,1,
7290018165447,false,רזרב גולד מרלו ( 750 מל) יקבי ברקן,יקבי ברקן שיווק והפצה בע,,,יח`,7.50,"100 מ""ל",false,1,49.90,6.61,true,1,
7290018198056,false,"תפוגן קוביות תפוחי אדמה 1.5 ק""ג",קבוצת אוסם סחר שותפות מוגבלת,,,יח`,15,100 גרם,false,1,24.90,1.66,false,1,
7290018198148,false,"תפוגן צ'יפס קריספי קלאסי 1.25 ק""ג",קבוצת אוסם סחר-שות.מוגבלת,,,יח`,1.25,"ק""ג",false,1,27.90,22.32,false,1,
7290018198209,false,צ'יפס בטטה קראנצ'י תפוגן 500 גרם,קבוצת אוסם סחר שותפות מוגבלת,,,יח`,5,100 גרם,false,1,21.90,4.38,false,1,
7290018213094,false,מטאטא טוליפ,מ.א.ייצור ויבוא מטליות בעמ,,,יח`,1,,false,1,16.90,16.90,false,1,
7290018213827,false,מגב להב גומי איכותי נינג`ה,מ.א.ייצור ויבוא מטליות בעמ,,,יח`,1,,false,1,17.90,17.90,false,1,
7290018249154,false,ממרח קקאו עם אגוזי סוויטאנגו 350 גר`,י.איטליאנו אחזקות בעמ,,,יח`,3.50,100 גרם,false,1,34.90,9.97,false,1,
7290018249444,false,אבקת ממתיק סוכר שוקו סוויטאנגו 400 גר,מתבל תעשיות מזון,,,יח`,4,100 גרם,false,1,38.90,9.73,false,1,
7290018249994,false,סוויטאנגו תחליף סוכר ממתיק 700 גר',מתבל תעשיות מזון,,,יח`,7,100 גרם,false,1,56.90,8.13,true,1,
7290018294192,false,"יין בלנד היינן אדום יבש 750 מ""ל p.c",אגודת הכורמים -כרמל מזרחי,,,יח`,7.50,"100 מ""ל",false,1,39.90,5.28,true,1,
7290018294208,false,"סלקטדאדום ישראלי יבש כרמל 750 מ""ל",אגודת הכורמים בעמ,,,יח`,7.50,"100 מ""ל",false,1,29.90,3.95,true,1,
7290018294895,false,"יין מונלייט מוסקטו ורוד מבעבע 750 מ""ל",אגודת הכורמים בעמ,,,יח`,7.50,"100 מ""ל",false,1,34.90,4.61,true,1,
7290018294932,false,מיץ ענבים אדום 1 ליטר,אגודת הכורמים,,,יח`,1,1 ליטר,false,1,12.90,12.90,false,1,
7290018333044,false,"שלוקים-משקה קל בטעם ענבים קש 18 יח' 200 מ""ל",כרמית תעשיות ממתקים בעמ,,,יח`,1,,false,1,19.90,19.90,false,1,
7290018343296,false,אלכוג`ל הגיינת הידיים 100 מלפישר,פישר תעשיות פרמבצטיות בעמ,,,יח`,1,"100 מ""ל",false,1,9.90,9.90,false,1,
7290018344156,false,חטיף חלווה משומשום מלא בתוספת שקדים ללא,"ממתקי השלום בעולם בע""\מ\",,,יח`,0.70,100 גרם,false,1,7.90,11.29,false,1,
7290018344729,false,"טבע ירוק עוגיות כוסמין פקאן לל""ס 200 גר",אבאל יזמות בעמ,,,יח`,2,100 גרם,false,1,24.90,12.45,false,1,
7290018359112,false,פאסאטה מחית עגבניות איטלקיות קלה יכין690,אמיליאנה קונסרב,,,יח`,6.90,100 גרם,false,1,10.90,1.58,true,1,
7290018359495,false,תירס מהשדה בלי תוספת סוכר יכין 550 גרם,היינץ צפון אמריקה מק,,,יח`,5.50,100 גרם,false,1,9.90,1.80,false,1,
7290018359570,false,"שלישיית שעועית צ'ילי ""הקטניה הטובה"" יכין",זנלכל בעמ,,,יח`,6,100 גרם,false,1,13.90,2.32,true,1,
7290018359587,false,חומוס שלם הקטניה הטובה יכין מארז 3*200,זנלכל בעמ,,,יח`,6,100 גרם,false,1,13.90,2.32,true,1,
7290018359716,false,רוטב עגבניות פיצה טוסקנה 240 גרם יכין,"זנלכל בע""\מ",,,יח`,2.40,100 גרם,false,1,5.90,2.46,false,1,
7290018359938,false,"רוטב עגבניות לשקשוקה יכין, 400 גרם",זנלכול יכין,,,יח`,4,100 גרם,false,1,11.50,2.88,false,1,
7290018359952,false,רוטב עגבניות לפסטה יכין 400 גרם,זנלכול יכין,,,יח`,4,100 גרם,false,1,11.50,2.88,false,1,
7290018359969,false,רוטב עגבניות לפיצה 400 גרם יכין,זנלכול יכין,,,יח`,4,100 גרם,false,1,11.50,2.88,false,1,
7290018400647,false,סנפרוסט סמודיז בננה תמר 300 גרם SMOOTHI,תנובה ענף ב.ע.ד,,,יח`,3,100 גרם,false,1,15.90,5.30,true,1,
7290018440193,false,פליפז בייגלה בציפוי קרם בטעם חמאת בוטנים מקוויטיס 140 גרם,תה ויסוצקי (ישראל) בעמ,,,יח`,1.40,100 גרם,false,1,8.90,6.36,true,1,
7290018440209,false,פליפז בייגלה בציפוי פאדג' לבן מקוויטיס 140 גרם,תה ויסוצקי (ישראל) בעמ,,,יח`,1.40,100 גרם,false,1,8.90,6.36,true,1,
7290018440223,false,תה צ'אי מסאלה 25 שקיקים ויסוצקי,תה ויסוצקי (ישראל) בעמ,,,יח`,1,,false,1,19.90,19.90,true,1,
7290018440230,false,תה צ'אי ורדים 25 שקיקים ויסוצקי,תה ויסוצקי (ישראל) בעמ,,,יח`,1,,false,1,19.90,19.90,true,1,
7290018440247,false,תה צ'אי שקדים0 25 שקיקים ויסוצקי,תה ויסוצקי (ישראל) בעמ,,,יח`,1,,false,1,19.90,19.90,true,1,
7290018440254,false,תה צ'אי קרמל מלוח 25 שקיקים ויסוצקי,תה ויסוצקי (ישראל) בעמ,,,יח`,1,,false,1,19.90,19.90,true,1,
7290018440438,false,Calvo טונה בשמן זית פתיחה קלה 3 * 65 גרם,תה ויסוצקי (ישראל) בעמ,,,יח`,1.95,100 גרם,false,1,25.90,13.28,true,1,
7290018440483,false,פליפז בייגלה מצופה בקרמל מלוח ושוקולד מקוויטיס 140 גרם,תה ויסוצקי (ישראל) בעמ,,,יח`,1.40,100 גרם,false,1,8.90,6.36,true,1,
7290018440490,false,סלט טונה קאלוו עם קוסקוס 150 גר,"קאלוו קונסרבס ס.ל.יו. ,",,,יח`,1.50,100 גרם,false,1,14.90,9.93,true,1,
7290018440513,false,סלט קליפורנייה קאלוו עם טונה 150 גר,"קאלוו קונסרבס ס.ל.יו. ,",,,יח`,1.50,100 גרם,false,1,14.90,9.93,true,1,
7290018440896,false,הגן הקסום חליטה ג'ינגר כורכום ויסוצקי 25 יח,תה ויסוצקי (ישראל) בעמ,,,יח`,0.3750,100 גרם,false,1,17.50,46.67,true,1,
7290018471029,false,"סודה בטעם לימון - מארז 6 בקבוקים 500 מ""ל",יפאורה שותפות מוגבלת לשיווק,,,יח`,30,"100 מ""ל",false,1,13.90,0.40,false,1,
7290018471449,false,קרטונית ספרינג שייק בננה תמר תפוז 1 ליטר,יפאורה - שותפות מוגבלת לשיווק,,,יח`,1,1 ליטר,false,1,11.90,11.90,true,1,
7290018471463,false,תפוזינה נקטר תפוז מנגו קרטונית 1 ליטר,יפאורה שותפות מוגבלת לשיווק,,,יח`,10,"100 מ""ל",false,1,6.90,0.69,false,1,
7290018471470,false,תפוזינה נקטר תפוז פסיפלורה קרטונית 1 ליטר,יפאורה שותפות מוגבלת לשיווק,,,יח`,10,"100 מ""ל",false,1,6.90,0.69,false,1,
7290018471487,false,תפוזינה נקטר תפוז אננס קרטונית 1 ליטר,יפאורה שותפות מוגבלת לשיווק,,,יח`,10,"100 מ""ל",false,1,6.90,0.69,false,1,
7290018471494,false,תפוזינה משקה תפוז גזר קרטונית 1 ליטר,יפאורה שותפות מוגבלת לשיווק,,,יח`,10,"100 מ""ל",false,1,6.90,0.69,false,1,
7290018471692,false,ספרינג שייק בננה אננס קוקוס פירות יער קרטונית 1 ליטר,יפאורה - שותפות מוגבלת לשיווק,,,יח`,1,1 ליטר,false,1,11.90,11.90,true,1,
7290018471906,false,שוופס מוגז פירות לימונדה ורודה 1.5 ליטר פיקדון,יפאורה - שותפות מוגבלת לשיווק,,,יח`,1.50,1 ליטר,false,1,8.90,5.73,true,1,
7290018471913,false,משקה מוגז פירות תפוחים שוופס 1.5 ליטר,יפאורה - שותפות מוגבלת לשיווק,,,יח`,1.50,1 ליטר,false,1,8.90,5.73,true,1,
7290018471920,false,שוופס מוגז פירות ענבים 1.5 ליטר פיקדון,יפאורה - שותפות מוגבלת לשיווק,,,יח`,1.50,1 ליטר,false,1,8.90,5.73,true,1,
7290018471937,false,שוופס מוגז פירות תות ליים 1.5 ליטר פיקדון,יפאורה - שותפות מוגבלת לשיווק,,,יח`,1.50,1 ליטר,false,1,8.90,5.73,true,1,
7290018471944,false,שוופס מוגז פירות לימונייד 1.5 ליטר פיקדון,יפאורה - שותפות מוגבלת לשיווק,,,יח`,1.50,1 ליטר,false,1,8.90,5.73,true,1,
7290018471951,false,שוופס מוגז פירות אשכולית אדומה 1.5 ליטר פיקדון,יפאורה - שותפות מוגבלת לשיווק,,,יח`,1.50,1 ליטר,false,1,8.90,5.73,true,1,
7290018493977,false,קמיל לניקוי והרגעת העור מועשר בשיבולת שועל 1 ל',"פישר תעשיות פרמצבטיות בע""מ",,,יח`,1,1 ליטר,false,1,15.90,15.90,true,1,
7290018516355,false,מחיט תפוח עץ ושבולות שועל 190 ג' פרינוק גוניור,גורי מוצרי צריכה (1991) בעמ,,,יח`,1.90,100 גרם,false,1,6.60,3.47,true,1,
7290018571071,false,טופי פספסים 450 גרם כשלפ,מיה תעשיות מזון מ.ת.מ. בעמ,,,יח`,4.50,100 גרם,false,1,15.90,3.53,false,1,
7290018571088,false,טופי חמוצמוץ 600 גרם כשלפ,מיה תעשיות מזון מ.ת.מ. בעמ,,,יח`,6,100 גרם,false,1,15.90,2.65,false,1,
7290018571101,false,אגוזי מלך בנספק ( 200 גר`) מיה,מיה תעשיות מזון מ.ת.מ. בעמ,,,יח`,2,100 גרם,false,1,19.90,9.95,true,1,
7290018571132,false,אגוזי פאקן סיני מסוכר 200 גר' מיה,מיה תעשיות מזון מ.ת.מ. בעמ,,,יח`,2,100 גרם,false,1,24.90,12.45,false,1,
7290018571408,false,לקקנים מולטיקולור תותי פרוטי מיה 220 גרם,מיה תעשיות מזון מ.ת.מ. בעמ,,,יח`,2.20,100 גרם,false,1,10,4.55,false,1,
7290018571415,false,מיה לקקנים מולטיקולור תות בננה 220 גרם,מיה תעשיות מזון מ.ת.מ. בעמ,,,יח`,2.20,100 גרם,false,1,10,4.55,false,1,
7290018571699,false,"קמח שקדים 250 גרם כשל""פ עד""ח",מיה תעשיות מזון מ.ת.מ. בעמ,,,יח`,2.50,100 גרם,false,1,24.90,9.96,false,1,
7290018571712,false,"אורז בסגנון פרסי 1 ק""ג",מיה תעשיות מזון מ.ת.מ. בעמ,,,יח`,1,"ק""ג",false,1,9.90,9.90,true,1,
7290018571736,false,אורז בסמטי הודי 1ק''ג,מיה תעשיות מזון מ.ת.מ. בעמ,,,יח`,1,"ק""ג",false,1,10.90,10.90,true,1,
7290018652213,false,מאגדת חטיפי גלידה קראנץ בר 41X6 גרם,נגה גלידות שותפות מוגבלת,,,יח`,2.46,100 גרם,false,1,29.90,12.15,true,1,
7290018652909,false,מאגדת מאגנום קפה שוקולד ופקאן 5 *43 ג' נסטלה,נגה גלידות שותפות מוגבלת,,,יח`,2.25,100 גרם,false,1,27.90,12.40,false,1,
7290018677131,false,גרנולה קראנצ'י אגוזים ושקדים ללא גלוטן וללא תוספת סוכר נוטרה זן-300 גרם,י.איטליאנו אחזקות בעמ,,,יח`,3,100 גרם,false,1,22.90,7.63,false,1,
7290018677209,false,סירופ מייפל אורגני 250 מל,י.איטליאנו אחזקות בעמ,,,יח`,2.50,"100 מ""ל",false,1,22.90,9.16,false,1,
7290018703052,false,פראוד חטיף חלבון עוגיות קראנץ גר`,דיפלומט היינץ,,,יח`,0.29,100 גרם,false,1,8.90,30.69,false,1,
7290018703182,false,פראוד חטיף חלבון שוקולד בוטנים קרמל 29 ג,דיפלומט היינץ,,,יח`,0.29,100 גרם,false,1,8.90,30.69,false,1,
7290018724408,false,דגני בוקר נטורלה נוגט ללא גלוטן 375 גר,י.איטליאנו אחזקות בעמ,,,יח`,3.75,100 גרם,false,1,19.90,5.31,false,1,
7290018724415,false,דגני בוקר נטורלה בראוניז ללא גלוטן 375,י.איטליאנו אחזקות בעמ,,,יח`,3.75,100 גרם,false,1,19.90,5.31,false,1,
7290018770269,false,זית קלמטה עם שמן זית 215 גר`,אבאל יזמות בעמ,,,יח`,2.15,100 גרם,false,1,12.90,6,true,1,
7290018777275,false,חטיף חלבון בטעם עוגיות וניל 50 ג' VEG PROTEIN,"ממתקי השלום בעולם בע""\מ\",,,יח`,0.50,100 גרם,false,1,9.90,19.80,false,1,
7290018825020,false,תפוא לבן לאפייה דוד משה גורמה,תוצרת הנגב אגודה שיתופית חקלאי,,,"ק""ג",1,,true,1,5.90,5.90,false,1,
7290018825228,false,תפוא אדום לטיגון דוד משה גורמה,תוצרת הנגב אגודה שיתופית חקלאי,,,"ק""ג",1,,true,1,5.90,5.90,false,1,
7290018878743,false,חמישיות שוקולד מריר (5*100 גר`) כרמית,כרמית תעשיות ממתקים בעמ,,,יח`,5,100 גרם,false,1,17.90,3.58,false,1,
7290018893005,false,"חטיפי בייגלה אפוי בטעם חרדל ודבש, 160 גרם",ש.שסטוביץ בעמ,,,יח`,1.60,100 גרם,false,1,6.90,4.31,true,1,
7290018893081,false,עוגות מגולגלות במילוי קרם חלבי וציפוי בטעם שוקולד,ש. שסטוביץ בע`מ,,,יח`,2.22,100 גרם,false,1,9.90,4.46,true,1,
7290018893098,false,צ'וקטה עוגויות ביסקוויט מצופה שוקולד חלב 100 גרם,דיסטרופר אוליבייר,,,יח`,1,100 גרם,false,1,7.90,7.90,true,1,
7290018893456,false,צ'וקטה עוגות אישיות במילוי קרם ובציפוי בטעם שוקולד 300 גרם,"פרדי קונדיטוריה אס,פי.אי",,,יח`,3,100 גרם,false,1,12.90,4.30,true,1,
7290018893647,false,עוגיות סנדוויץ במילוי קרם וניל בציפוי שוקולד 150 גרם צ'וקטה,ש.שסטוביץ בעמ,,,יח`,1.50,100 גרם,false,1,9.90,6.60,true,1,
7290018893654,false,חטיפי בייגלה דקיקים ופריכים מלח צ'וקטה 200 ג',ש.שסטוביץ בעמ,,,יח`,2,100 גרם,false,1,6.90,3.45,true,1,
7290018893661,false,עוגות אישיות במילוי קרם קקאו ציפוי בטעם שוקולד מריר,"פרדי קונדיטוריה אס,פי.אי",,,יח`,2.40,100 גרם,false,1,12.90,5.38,true,1,
7290018893708,false,עוגיות סנדוויץ' במילוי קרם בטעם שוקולד,ש.שסטוביץ בעמ,,,יח`,2.50,100 גרם,false,1,7.90,3.16,true,1,
7290018893753,false,עלי וופל חמאה בטעם לימון 100 גר` צוקטה,ש.שסטוביץ בעמ,,,יח`,1,100 גרם,false,1,9.90,9.90,true,1,
7290018893807,false,צוקטה בטעם שוקולד מריר 60% 3 יח' 300 גרם,אייברקקאו אס אי. יו,,,יח`,3,100 גרם,false,1,12.90,4.30,false,1,
7290018893845,false,פתי בר ביסקוויט בטעם חמאה 400 גרם צ'וקטה,ש. שסטוביץ בע`מ,,,יח`,4,100 גרם,false,1,6.90,1.73,false,1,
7290018893852,false,חטיפי בייגלה דקיקים ופריכים שומשום צ'וקטה 200 ג',ש. שסטוביץ בע`מ,,,יח`,2,100 גרם,false,1,6.90,3.45,true,1,
7290018893876,false,עוגות אישיות רכות עם מילוי קרם בטעם וניל,פרדי קונדיטוריה אס.פ,,,יח`,2,100 גרם,false,1,12.90,6.45,true,1,
7290018893951,false,עלי וופל חמאה בטעם קינמון 100 גר` צוקטה,ש.שסטוביץ בעמ,,,יח`,1,100 גרם,false,1,9.90,9.90,true,1,
7290018894217,false,עוגות אישיות במילוי קרם קקאו ובציפוי קרם קקאו,ש. שסטוביץ בע`מ,,,יח`,3.50,100 גרם,false,1,14.90,4.26,true,1,
7290018894248,false,צ'וקטה - שוקולד חלב שלישייה 3 * 100 גרם,ש. שסטוביץ בע`מ,,,יח`,3,100 גרם,false,1,12.90,4.30,false,1,
7290018925065,false,מיץ תפוזים סחוט פרימור (2 ליטר),שטראוס גרופ בעמ/מצונן,,,יח`,2,1 ליטר,false,1,26.90,13.30,false,1,
7290018925072,false,פרימור טרי מיץ לימונים עם נענע 2 ליטר,שטראוס גרופ בעמ/מצונן,,,יח`,2,1 ליטר,false,1,27.90,13.80,false,1,
7290018925089,false,"מיץ פרימור תפו""ע צלול סחוט 2 ליטר-",שטראוס גרופ בעמ/מצונן,,,יח`,2,1 ליטר,false,1,26.90,13.30,false,1,
7290018925409,false,משקה לימון ואננס 400 מל פרימור,שטראוס גרופ בעמ/מצונן,,,יח`,4,"100 מ""ל",false,1,7.90,1.90,false,1,
7290018925416,false,פרימור סחוט לימון ופסיפלורה 400 מל,שטראוס גרופ בעמ/מצונן,,,יח`,4,"100 מ""ל",false,1,7.90,1.90,false,1,
7290018989005,false,שלישיית פולפה עגבניות טבעי יכין 400X3 גרם,זנלכול יכין,,,יח`,0.0120,100 גרם,false,1,15.90,1325,true,1,
7290018989128,false,סירופ בטעם ענבים יכין 1 ליטר,זנלכול יכין,,,יח`,1,1 ליטר,false,1,18.90,18.90,false,1,
7290018989135,false,סירופ 1 ליטר פטל יכין ליטר,זנלכול יכין,,,יח`,1,1 ליטר,false,1,18.90,18.90,false,1,
7290019036395,false,ארטישוק 400 גר`קפוא,א.ג בחירה חכמה בעמ,,,יח`,4,100 גרם,false,1,9.90,2.48,false,1,
7290019056027,false,שוופס מוגז פירות תפוחים ללא סוכר 1.5 ליטר פיקדון,יפאורה - שותפות מוגבלת לשיווק,,,יח`,1.50,1 ליטר,false,1,8.90,5.73,true,1,
7290019056034,false,שוופס מוגז פירות אננס ללא סוכר 1.5 ליטר פיקדון,יפאורה - שותפות מוגבלת לשיווק,,,יח`,1.50,1 ליטר,false,1,8.90,5.73,true,1,
7290019056041,false,שוופס מוגז פירות לימונייד ללא סוכר 1.5 ליטר פיקדון,יפאורה - שותפות מוגבלת לשיווק,,,יח`,1.50,1 ליטר,false,1,8.90,5.73,true,1,
7290019056058,false,שוופס מוגז עדין תפוח ליים 1.5 ליטר פיקדון,יפאורה - שותפות מוגבלת לשיווק,,,יח`,1.50,1 ליטר,false,1,8.90,5.73,true,1,
7290019056065,false,שוופס מוגז עדין פירות יער 1.5 ליטר פיקדון,יפאורה - שותפות מוגבלת לשיווק,,,יח`,1.50,1 ליטר,false,1,8.90,5.73,true,1,
7290019056072,false,שוופס מוגז עדין אננס 1.5 ליטר פיקדון,יפאורה - שותפות מוגבלת לשיווק,,,יח`,1.50,1 ליטר,false,1,8.90,5.73,true,1,
7290019056096,false,שוופס מוגז עדין אפרסק 1.5 ליטר פיקדון,יפאורה - שותפות מוגבלת לשיווק,,,יח`,1.50,1 ליטר,false,1,8.90,5.73,true,1,
7290019056119,false,שוופס סודה 1.5 ליטר פיקדון,יפאורה שותפות מוגבלת לשיווק,,,יח`,1.50,1 ליטר,false,1,3.80,2.33,true,1,
7290019056126,false,שוופס סודה לימון 1.5 ליטר בק' בודד פיקדון,יפאורה - שותפות מוגבלת לשיווק,,,יח`,1.50,1 ליטר,false,1,3.80,2.33,true,1,
7290019056164,false,שוופס סודה 1.5 ליטר רביעייה פיקדון,יפאורה - שותפות מוגבלת לשיווק,,,יח`,6,1 ליטר,false,1,12.20,1.83,false,1,
7290019056171,false,שוופס סודה לימון 1.5 ליטר רביעייה פיקדון,יפאורה - שותפות מוגבלת לשיווק,,,יח`,6,1 ליטר,false,1,12.20,1.83,false,1,
7290019056188,false,מארז רביעיית סודה בטעם נענע ליים 1.5 ל' שוופס,יפאורה - שותפות מוגבלת לשיווק,,,יח`,6,1 ליטר,false,1,12.20,1.83,false,1,
7290019056201,false,מארז רביעיית סודה בטעם פירות יער 1.5 ל' שוופס,יפאורה - שותפות מוגבלת לשיווק,,,יח`,6,1 ליטר,false,1,12.20,1.83,false,1,
7290019056232,false,משקה מוגז בטעם ליים מוחיטו 1.5 ל' שוופס,יפאורה - שותפות מוגבלת לשיווק,,,יח`,1.50,1 ליטר,false,1,8.90,5.73,true,1,
7290019056256,false,שוופס מים בטעמים תפוחים 1.5 ליטר פיקדון,יפאורה - שותפות מוגבלת לשיווק,,,יח`,1.50,1 ליטר,false,1,8.90,5.73,true,1,
7290019056263,false,שוופס מים בטעמים אפרסק 1.5 ליטר פיקדון,יפאורה - שותפות מוגבלת לשיווק,,,יח`,1.50,1 ליטר,false,1,8.90,5.73,true,1,
7290019056270,false,שוופס מים בטעמים פירות יער 1.5 ליטר פיקדון,יפאורה - שותפות מוגבלת לשיווק,,,יח`,1.50,1 ליטר,false,1,8.90,5.73,true,1,
7290019056287,false,שוופס מים בטעמים אפרסק ללא סוכר 1.5 ליטר פיקדון,יפאורה - שותפות מוגבלת לשיווק,,,יח`,1.50,1 ליטר,false,1,8.90,5.73,true,1,
7290019056294,false,שוופס ג'ינג'ר אייל 1.5 ליטר פיקדון,יפאורה - שותפות מוגבלת לשיווק,,,יח`,1.50,1 ליטר,false,1,11.90,7.73,false,1,
7290019056300,false,משקה בטעם ביטר לימון 1.5 ל' שוויפס,יפאורה - שותפות מוגבלת לשיווק,,,יח`,1.50,1 ליטר,false,1,11.90,7.73,false,1,
7290019056317,false,משקה בטעם ראשן 1.5 ל' שוופס,יפאורה - שותפות מוגבלת לשיווק,,,יח`,15,"100 מ""ל",false,1,11.90,0.77,false,1,
7290019056324,false,משקה בטעם טוניק 1.5 ל' שוופס,יפאורה - שותפות מוגבלת לשיווק,,,יח`,1.50,1 ליטר,false,1,11.90,7.73,false,1,
7290019056331,false,שוופס טוניק ללא סוכר 1.5 ליטר פיקדון,יפאורה - שותפות מוגבלת לשיווק,,,יח`,0.0150,"100 מ""ל",false,1,11.90,773.33,false,1,
7290019056355,false,תפוזינה לימונדה מיקס לימונענע 1.5 ליטר,יפאורה - שותפות מוגבלת לשיווק,,,יח`,1.50,1 ליטר,false,1,8.90,5.73,true,1,
7290019056362,false,תפוזינה משקה קל ענבים 1.5 ליטר,יפאורה - שותפות מוגבלת לשיווק,,,יח`,1.50,1 ליטר,false,1,8.90,5.73,true,1,
7290019056379,false,משקה קל תפוזינה 1.5 ליטר תפוזים,יפאורה - שותפות מוגבלת לשיווק,,,יח`,1.50,1 ליטר,false,1,8.90,5.73,true,1,
7290019056386,false,משקה קל תפוזינה 1.5 ליטר אשכוליות,יפאורה - שותפות מוגבלת לשיווק,,,יח`,0.0150,"100 מ""ל",false,1,8.90,573.33,true,1,
7290019056393,false,משקה קל תפוזינה 1.5 ליטר תות בננה,יפאורה - שותפות מוגבלת לשיווק,,,יח`,1.50,1 ליטר,false,1,8.90,5.73,true,1,
7290019056409,false,תפוזינה משקה קל מנגו עסיסי1.5ליטר,יפאורה - שותפות מוגבלת לשיווק,,,יח`,1.50,1 ליטר,false,1,8.90,5.73,true,1,
7290019056416,false,מיץ בטעם לימונדה ורודה 1.5 ל' תפוזינה,יפאורה - שותפות מוגבלת לשיווק,,,יח`,1.50,1 ליטר,false,1,8.90,5.73,true,1,
7290019056423,false,תפוזינה משקה קל תפוח רענן 1.5ליטר,יפאורה - שותפות מוגבלת לשיווק,,,יח`,1.50,1 ליטר,false,1,8.90,5.73,true,1,
7290019056430,false,משקה קל תפוזינה 1.5 ליטר תפוזים לייט,יפאורה - שותפות מוגבלת לשיווק,,,יח`,1.50,1 ליטר,false,1,8.90,5.73,true,1,
7290019056447,false,משקה קל תפוזינה 1.5 ליטר אשכוליות לייט,יפאורה - שותפות מוגבלת לשיווק,,,יח`,1.50,1 ליטר,false,1,8.90,5.73,true,1,
7290019056478,false,ספרינג טי קר אפרסק 1.5ליטר פיקדון,יפאורה - שותפות מוגבלת לשיווק,,,יח`,1.50,1 ליטר,false,1,8.90,5.73,true,1,
7290019056485,false,ספריג תה ירוק לימון לואיזה 1.5 ליטר פיקדון,יפאורה - שותפות מוגבלת לשיווק,,,יח`,1.50,1 ליטר,false,1,8.90,5.73,true,1,
7290019056508,false,פרוט ווטר ענבים 1.5 ליטר פיקדון,יפאורה - שותפות מוגבלת לשיווק,,,יח`,1.50,1 ליטר,false,1,8.90,5.73,true,1,
7290019056515,false,פרוט ווטר אננס 1.5 ליטר פיקדון,יפאורה - שותפות מוגבלת לשיווק,,,יח`,1.50,1 ליטר,false,1,8.90,5.73,true,1,
7290019056522,false,מים בטעם תות 1.5 ל' פרוט וואטר,יפאורה - שותפות מוגבלת לשיווק,,,יח`,1.50,1 ליטר,false,1,8.90,5.73,true,1,
7290019056539,false,fruit water פרוט ווטר אפרסק 1.5 ליטר-,יפאורה שותפות מוגבלת לשיווק,,,יח`,1.50,1 ליטר,false,1,8.90,5.73,true,1,
7290019056546,false,fruit water פרוט ווטר אבטיח 1.5 ליטר-,יפאורה - שותפות מוגבלת לשיווק,,,יח`,1.50,1 ליטר,false,1,8.90,5.73,true,1,
7290019056553,false,שישיית מים מינרלים עין גדי 2 ליטר,יפאורה - שותפות מוגבלת לשיווק,,,יח`,1.20,1 ליטר,false,1,13.70,9.92,false,1,
7290019056560,false,עין גדי מים מינרלים בקבוק 2 ליטר,יפאורה שותפות מוגבלת לשיווק,,,יח`,2,1 ליטר,false,1,2.90,1.45,false,1,
7290019056577,false,ספרינג קל מנגו 1.5 ליטר פיקדון,יפאורה - שותפות מוגבלת לשיווק,,,יח`,1.50,1 ליטר,false,1,8.90,5.73,true,1,
7290019056584,false,משקה קל תפוזים ספרינג 1.5 ליטר,יפאורה - שותפות מוגבלת לשיווק,,,יח`,1.50,1 ליטר,false,1,8.90,5.73,true,1,
7290019056591,false,משקה קל ענבים ספרינג 1.5 ליטר,יפאורה - שותפות מוגבלת לשיווק,,,יח`,1.50,1 ליטר,false,1,8.90,5.73,true,1,
7290019056607,false,משקה קל תפוחים ספרינג 1.5 ליטר,יפאורה - שותפות מוגבלת לשיווק,,,יח`,1.50,1 ליטר,false,1,8.90,5.73,true,1,
7290019056614,false,משקה קל אפרסק ספרינג 1.5 ליטר,יפאורה - שותפות מוגבלת לשיווק,,,יח`,1.50,1 ליטר,false,1,8.90,5.73,true,1,
7290019056621,false,משקה קל פירות טרופיים ספרינג 1.5 ליטר,יפאורה - שותפות מוגבלת לשיווק,,,יח`,1.50,1 ליטר,false,1,8.90,5.73,true,1,
7290019056638,false,משקה קל ספרינג 1.5 ליטר תות בננה,יפאורה - שותפות מוגבלת לשיווק,,,יח`,1.50,1 ליטר,false,1,8.90,5.73,true,1,
7290019056645,false,משקה קל ספרינג 1.5 ליטר אגס תפוח סברס,יפאורה - שותפות מוגבלת לשיווק,,,יח`,1.50,1 ליטר,false,1,8.90,5.73,true,1,
7290019056652,false,משקה קל ספרינג 1.5 ליטר אננס בננה,יפאורה - שותפות מוגבלת לשיווק,,,יח`,1.50,1 ליטר,false,1,8.90,5.73,true,1,
7290019056669,false,משקה קל ספרינג 1.5 ליטר תפוחים דיאט,יפאורה - שותפות מוגבלת לשיווק,,,יח`,1.50,1 ליטר,false,1,8.90,5.73,true,1,
7290019056676,false,משקה קל אשכולית אננס דיאט ספרינג 1.5 ליטר,יפאורה - שותפות מוגבלת לשיווק,,,יח`,1.50,1 ליטר,false,1,8.90,5.73,true,1,
7290019056737,false,משקה קל קריסטל (2 ליטר)אשכוליות,יפאורה - שותפות מוגבלת לשיווק,,,יח`,2,1 ליטר,false,1,7.20,3.45,false,1,
7290019056744,false,קריסטל מיץ תפוזים 2 ליטר פיקדון,יפאורה - שותפות מוגבלת לשיווק,,,יח`,2,1 ליטר,false,1,7.20,3.45,false,1,
7290019056751,false,קריסטל מיץ אשכוליות דיאט 2 ליטר פיקדון,יפאורה - שותפות מוגבלת לשיווק,,,יח`,2,1 ליטר,false,1,7.20,3.45,false,1,
7290019056768,false,קריסטל משקה קל מנגו 2 ליטר פיקדון,יפאורה - שותפות מוגבלת לשיווק,,,יח`,2,1 ליטר,false,1,7.20,3.45,false,1,
7290019056775,false,משקה קל קריסטל (2 ליטר)מוגז ענבים,יפאורה - שותפות מוגבלת לשיווק,,,יח`,2,1 ליטר,false,1,7.20,3.45,false,1,
7290019056782,false,משקה קל קריסטל (2 ליטר)מוגז למון ליים,יפאורה - שותפות מוגבלת לשיווק,,,יח`,2,1 ליטר,false,1,7.20,3.45,false,1,
7290019056799,false,משקה קל קריסטל (2 ליטר)מוגז אקזוטי,יפאורה - שותפות מוגבלת לשיווק,,,יח`,2,1 ליטר,false,1,7.20,3.45,false,1,
7290019056805,false,משקה קל קריסטל (2 ליטר)מוגז תפוחים,יפאורה - שותפות מוגבלת לשיווק,,,יח`,2,1 ליטר,false,1,7.20,3.45,false,1,
7290019056812,false,משקה קל קריסטל (2 ליטר)מוגז מנטה,יפאורה - שותפות מוגבלת לשיווק,,,יח`,2,1 ליטר,false,1,7.20,3.45,false,1,
7290019056829,false,משקה קל קריסטל (2 ליטר)מוגז תפוזים,יפאורה - שותפות מוגבלת לשיווק,,,יח`,2,1 ליטר,false,1,7.20,3.45,false,1,
7290019056836,false,משקה קל קריסטל (2 ליטר)מוגז תות,יפאורה - שותפות מוגבלת לשיווק,,,יח`,2,1 ליטר,false,1,7.20,3.45,false,1,
7290019056850,false,ספרינג תה אפרסק דיאט 1.5 ליטר פיקדון,יפאורה - שותפות מוגבלת לשיווק,,,יח`,1.50,1 ליטר,false,1,8.90,5.73,true,1,
7290019056959,false,מי עדן בקבוק מתכווץ שקט 1.5 מ``ל,יפאורה - שותפות מוגבלת לשיווק,,,יח`,1.50,1 ליטר,false,1,2.80,1.67,false,1,
7290019056966,false,מי עדן בקבוק פיקדון 1.5 ליטר,תבורי-שותפות מוגבלת לשיווק,,,יח`,15,"100 מ""ל",false,1,4.20,0.26,false,1,
7290019056973,false,מי עדן שישיה בק `1.5ליטר פיקדון,יפאורה - שותפות מוגבלת לשיווק,,,יח`,9,1 ליטר,false,1,13.90,1.34,false,1,
7290019074885,false,"ד""ר פישר - קמיל בלו אקסטרה סופט קרם גוף לתינוק 500 מ""ל","פישר תעשיות פרמצביטות בע""מ",,,יח`,5,"100 מ""ל",false,1,29.90,5.98,true,1,
7290019075899,false,קמיל בלו אקסטרה סופט אל סבון לתינוק 1 ליטר,"פישר תעשיות פרמצביטות בע""מ",,,יח`,1,1 ליטר,false,1,32.90,32.90,false,1,
7290019094012,false,פטרוזיליה יח',רביבים עלי דשא בעמ,,,יח`,1,,false,1,6.50,6.50,false,1,
7290019094043,false,נענע יח',רביבים עלי דשא בעמ,,,יח`,1,,false,1,6.50,6.50,false,1,
7290019094067,false,עלי סלק יח',רביבים עלי דשא בעמ,,,יח`,1,,false,1,7.50,7.50,false,1,
7290019094227,false,כרוב אדום 400 גר`מצונן הרב אפרתי,רביבים עלי דשא בעמ,,,יח`,4,100 גרם,false,1,12.90,3.23,false,1,
7290019094234,false,קולסלאו 400 גר`מצונן הרב אפרתי,רביבים עלי דשא בעמ,,,יח`,3,100 גרם,false,1,12.90,4.30,false,1,
7290019101833,false,כוסות קרטון שתיה חמה8-B שווה,ח.כהן סוכנות מזון ומשקאות בע,,,יח`,50,יח`,false,1,7.90,0.16,false,1,
7290019105107,false,רביעיות מגבונים לתינוק ויקטורי פרימיום מ,טרופיקל-דגיל תעשיות קוסמטיקה ב,,,יח`,1,,false,1,13.90,13.90,false,1,
7290019145486,false,מרקש ערק פסיפלורה 700 מל,אבאל יזמות בעמ,,,יח`,7,"100 מ""ל",false,1,39.90,5.66,true,1,
7290019145684,false,מרקש ערק אננס 700 מל,אבאל יזמות בעמ,,,יח`,7,"100 מ""ל",false,1,39.90,5.66,true,1,
7290019153078,false,שוופס ביטר למון 1.5 לייט ליטר פיקדון,יפאורה - שותפות מוגבלת לשיווק,,,יח`,1.50,1 ליטר,false,1,11.90,7.73,false,1,
7290019153085,false,שוופס מוגז ליים מוחיטו ללא סוכר 1.5 ליטר-,יפאורה - שותפות מוגבלת לשיווק,,,יח`,1.50,1 ליטר,false,1,8.90,5.73,true,1,
7290019153252,false,שוופס סודה תפוח 1.5 ליטר רביעייה פיקדון,יפאורה - שותפות מוגבלת לשיווק,,,יח`,6,1 ליטר,false,1,12.20,1.83,false,1,
7290019153269,false,שוופס סודה אננס 1.5 ליטר רביעייה פיקדון,יפאורה - שותפות מוגבלת לשיווק,,,יח`,6,1 ליטר,false,1,12.20,1.83,false,1,
7290019153344,false,משקה קל תפוזינה 1.5 ליטר סנגרייה,יפאורה - שותפות מוגבלת לשיווק,,,יח`,15,"100 מ""ל",false,1,8.90,0.57,true,1,
7290019153351,false,משקה קל תפוזינה 1.5 ליטר פינק אוזו,יפאורה - שותפות מוגבלת לשיווק,,,יח`,15,"100 מ""ל",false,1,8.90,0.57,true,1,
7290019153375,false,משקה קל תפוזינה 1.5 ליטר מוחיטו,יפאורה - שותפות מוגבלת לשיווק,,,יח`,15,"100 מ""ל",false,1,8.90,0.57,true,1,
7290019167020,false,עוגת גבינה עם פירות יער לייט עדן קינוחים 82 גרם,"תנובה בע""מ ***",,,יח`,0.82,100 גרם,false,1,6.90,8.41,false,1,
7290019167037,false,תותים בקצפת 82 גרם עדן קינוחים,תנובה בעמ ***,,,יח`,0.82,100 גרם,false,1,6.90,8.41,false,1,
7290019232162,false,"חליטת ""לילה טוב"" קמומיל מליסה 25 שקיקים ויסוצקי",תה ויסוצקי (ישראל) בעמ,,,יח`,1,,false,1,25.90,25.90,true,1,
7290019232834,false,פליפז בייגלה מצופה קרם עוגיות ושוקולד מקוויטיס 140 גרם,תה ויסוצקי (ישראל) בעמ,,,יח`,1.40,100 גרם,false,1,7.90,5.64,true,1,
7290019297161,false,טורטיה ראפ מקמח תירס שקדיה 450 גרם,דין שיווק וקליה 2021 בעמ,,,יח`,4.50,100 גרם,false,1,9.90,2.20,true,1,
7290019297536,false,חמאת בוטנים עם שברי בוטנים שקדיה 510 גרם,דין שיווק וקליה 2021 בעמ,,,יח`,5.10,100 גרם,false,1,12.90,2.53,true,1,
7290019297543,false,חמאת בוטנים 510 גר` דין שיווק,דין שיווק וקליה 2021 בעמ,,,יח`,5.10,100 גרם,false,1,12.90,2.53,true,1,
7290019302315,false,יין ספארקלין אבטיח מלון 750 מל BUZZ,אגודת הכורמים בעמ,,,יח`,7.50,"100 מ""ל",false,1,27.90,3.68,true,1,
7290019308126,false,פולי סויה 400 גר` פרוסטי,נ.ת.נ.ג.ב החזקות יעוץ וניהול ב,,,יח`,4,100 גרם,false,1,6.90,1.73,true,1,
7290019393016,false,"קמח חיטה לבן ללא צורך בניפוי 1 ק""ג האופה",אבאל יזמות בעמ,,,יח`,1,"ק""ג",false,1,6.90,6.90,true,1,
7290019393023,false,קמח חיטה 80% ללא צורך בניפוי 1 קג,אבאל יזמות בעמ,,,יח`,1,"ק""ג",false,1,8.90,8.90,true,1,
7290019393061,false,"קמח כוסמין 100% ללא צורך בניפוי 1 ק""ג האופה",אבאל יזמות בעמ,,,יח`,1,"ק""ג",false,1,14.90,14.90,false,1,
7290022005562,false,קריספ פירורי לחם שום 300 גרם מיימונס,א.ל.ייצור ושיווק תבלינים בעמ,,,יח`,3,100 גרם,false,1,7.90,2.63,true,1,
7290100240137,false,"תרסיס ריחני למייבש כחול בדין 500 מ""ל",יוניליוור ישראל שיווק בע`מ,,,יח`,5,"100 מ""ל",false,1,19.90,3.98,true,1,
7290100240632,false,קרקר פתית 200-300ג' 6 דגנים 250 גרם,"יוניליוור ישראל שיווק בע""מ",,,יח`,2.50,100 גרם,false,1,17.90,7.16,true,1,
7290100240656,false,"פתית שיפון בד""צ חדש 300X24 גר'",יוניליוור ישראל שיווק בע`מ,,,יח`,3,100 גרם,false,1,17.90,5.97,true,1,
7290100243671,false,"מרכך כביסה מרוכז אקסטרה כחול בדין 960 מ""ל",יוניליוור ישראל שיווק בע`מ,,,יח`,9.60,"100 מ""ל",false,1,16.90,1.76,true,1,
7290100247969,false,קליק שקיות כריות צ`וקולדה,יוניליוור ישראל שיווק בעמ,,,יח`,0.75,100 גרם,false,1,6.50,8.67,true,1,
7290100249598,false,רוטב לעוף בטעם שום ודבש קנור (320 גרם),יוניליוור ישראל שיווק בע`מ,,,יח`,3.10,100 גרם,false,1,13.90,4.48,true,1,
7290100658338,false,"נוזל לניקוי כלים אוקסי פלוס פלמוליב 750 מ""ל",הנסיך- מפעל לייצור ט,,,יח`,7.50,"100 מ""ל",false,1,12.90,1.72,true,1,
7290100680650,false,מנה חמה נודלס-אטריות ירקות טעם תאילנדי אסם 76 ג',קבוצת אוסם סחר שותפות מוגבלת,,,יח`,0.76,100 גרם,false,1,7.90,10.39,true,1,
7290100680711,false,פירורית זהב אסם זהב 350ג',קבוצת אוסם סחר שותפות מוגבלת,,,יח`,3.50,100 גרם,false,1,8.90,2.54,false,1,
7290100680728,false,פירורית רגילה שקית 350 גרם,קבוצת אוסם סחר שותפות מוגבלת,,,יח`,3.50,100 גרם,false,1,7.90,2.26,false,1,
7290100681015,false,אינסטנט פודינג בטעם ריבת חלב אסם 84 גרם,קבוצת אוסם סחר שותפות מוגבלת,,,יח`,0.84,100 גרם,false,1,5.90,7.02,false,1,
7290100681138,false,מארז אפרופו חטיף תירס 3 יחידות,קבוצת אוסם סחר שותפות מוגבלת,,,יח`,1.50,100 גרם,false,1,13.90,9.27,true,1,
7290100683880,false,פירה אסם ללא צורך בבישול 260 גרם,קבוצת אוסם סחר שותפות מוגבלת,,,יח`,2.60,100 גרם,false,1,13.90,5.35,false,1,
7290100685136,false,"אבקת מרק טעם עוף 1 ק""ג 1/8 אסם",קבוצת אוסם סחר שותפות מוגבלת,,,יח`,1,"ק""ג",false,1,11.90,11.90,true,1,
7290100685334,false,אבקת מרק עוף אמיתי בשרי רכיבים טבעיים אסם 400 גרם,קבוצת אוסם סחר שותפות מוגבלת,,,יח`,4,100 גרם,false,1,24.90,6.23,true,1,
7290100685341,false,אבקת מרק טעם עוף זך רכיבים טבעיים אסם 400 גרם,קבוצת אוסם סחר שותפות מוגבלת,,,יח`,4,100 גרם,false,1,16.90,4.23,true,1,
7290100686164,false,מארז מולטיפק ביסלי ברביקיו 6 יח 35 גר יח,קבוצת אוסם סחר שותפות מוגבלת,,,יח`,2.10,100 גרם,false,1,14.90,7.10,true,1,
7290100686171,false,מארז מולטיפק ביסלי גריל 6 יח 35 גר ליח,קבוצת אוסם סחר שותפות מוגבלת,,,יח`,2.10,100 גרם,false,1,15.90,7.57,true,1,
7290100689301,false,אבקת מרק בטעם עוף זך עדיף אסם 400 גרם,קבוצת אוסם סחר שותפות מוגבלת,,,יח`,4,100 גרם,false,1,15.90,3.98,true,1,
7290100700020,false,גריסי פנינה סוגת (500 גרם),האי נאם סי או אל.טי.,,,יח`,2,100 גרם,false,1,6.90,3.45,true,1,
7290100700242,false,אורז מלא עגול סוגת (1 קג),"סוגת תעשיות בע""\מ",,,יח`,10,100 גרם,false,1,9.90,0.99,false,1,
7290100700273,false,קינואה לבנה 500 ג סו,האי נאם סי או אל.טי.,,,יח`,5,100 גרם,false,1,15.90,3.18,true,1,
7290100700372,false,"אורז בסגנון בסמטי מלא 1 ק""ג",האי נאם סי או אל.טי.,,,יח`,1,"ק""ג",false,1,13.90,13.90,false,1,
7290100700396,false,"אורז יסמין קלאסי סוגת 1 ק""ג",האי נאם סי או אל.טי.,,,יח`,1,"ק""ג",false,1,12.90,12.90,true,1,
7290100700587,false,"בורגול ""סוגת"" 500 גרם",האי נאם סי או אל.טי.,,,יח`,5,100 גרם,false,1,5.90,1.18,true,1,
7290100701126,false,סוגת שעועית מש סוגת 500 גרם,סוגת תעשיות בעמ,,,יח`,5,100 גרם,false,1,12.90,2.58,true,1,
7290100701140,false,"אורז ריזוטו ארבוריו 1 ק""ג ""סוגת""","סוגת תעשיות בע""מ",,,יח`,1,"ק""ג",false,1,12.90,12.90,true,1,
7290100701157,false,אורז להכנת סושי סוגת (1 קג),"סוגת תעשיות בע""\מ",,,יח`,1,"ק""ג",false,1,11.90,11.90,false,1,
7290100701454,false,בורגול דק גרישה סוגת (500 גרם),"סוגת תעשיות בע""\מ",,,יח`,5,100 גרם,false,1,5.90,1.18,true,1,
7290100702284,false,קוסקוס מלא סוגת (350 גרם),"אסיף תעשיות מזון בע""",,,יח`,3.50,100 גרם,false,1,4.90,1.40,false,1,
7290100702611,false,פתיתים אפויים אורז 500 גרם סוגת,"אסיף תעשיות מזון בע""\מ",,,יח`,5,100 גרם,false,1,5.90,1.18,true,1,
7290100702628,false,פתיתים אפויים קוסקוס סוגת 500 גרם,"אסיף תעשיות מזון בע""\מ",,,יח`,5,100 גרם,false,1,5.90,1.18,true,1,
7290100702994,false,סוכר דמררה קלאסי בשקית סוגת 500 גרם,"סוגת תעשיות בע""מ",,,יח`,5,100 גרם,false,1,6.90,1.38,true,1,
7290100703007,false,"עדשים שחורות בלוגה 500 גרם ""סוגת""",האי נאם סי או אל.טי.,,,יח`,5,100 גרם,false,1,7.90,1.58,true,1,
7290100703915,false,פופקורן להכנה במיקרוגל בטעם חמאה - מארז 6 שקיות,סוגת תעשיות בעמ,,,יח`,5.40,100 גרם,false,1,12.90,2.39,true,1,
7290100703922,false,פופקורן להכנה במיקרוגל בטעם טבעי - מארז 6 שקיות,סוגת תעשיות בעמ,,,יח`,5.40,100 גרם,false,1,12.90,2.39,true,1,
7290100704608,false,שעועית לבנה עדינה סוגת (500 גרם),"סוגת תעשיות בע""\מ",,,יח`,5,100 גרם,false,1,6.90,1.38,true,1,
7290100704615,false,סוכר לבן דק דק בצנצנת סוגת 500 גרם,"סוגת תעשיות בע""\מ",,,יח`,5,100 גרם,false,1,7.90,1.58,true,1,
7290100704660,false,"קינואה מיקס סוגת, 500 גרם","סוגת תעשיות בע""\מ",,,יח`,5,100 גרם,false,1,15.90,3.18,true,1,
7290100850909,false,חטיף תירס נאצ`ו מקסיקני דוריטוס (70 גרם),"שטראוס פריטו ליי בע""\מ",,,יח`,0.70,100 גרם,false,1,3.90,5.57,true,1,
7290100850916,false,דוריטוס חמוץ חריף מעודן 70 גרם כשר לפסח,"שטראוס פריטו ליי בע""\מ )",,,יח`,0.70,100 גרם,false,1,3.90,5.57,true,1,
7290100850923,false,חטיף תירס גריל דוריטוס (70 גרם),"שטראוס פריטו ליי בע""\מ )",,,יח`,0.70,100 גרם,false,1,3.90,5.57,true,1,
7290100850930,false,חטיף תירס בטעם טבעי דוריטוס (70 גרם),"שטראוס פריטו ליי בע""\מ )",,,יח`,0.70,100 גרם,false,1,3.90,5.57,true,1,
7290100858592,false,אבקת קקאו עלית שקית 150 ג',הנסיך- מפעל לייצור ט,,,יח`,1.50,100 גרם,false,1,8.90,5.93,false,1,
7290100858608,false,עלית אבקת קקאו כשלפ 500 גרם,שטראוס קפה בי.ויn\.,,,יח`,5,100 גרם,false,1,23.90,4.78,false,1,
7290100921593,false,מנקה אסלה סוד 4 כדוריות לאסלה לימון נתלה 50 ג',גורי שיווק בעמ,,,יח`,1,,false,1,7.90,7.90,true,1,
7290100924457,false,שלישיית כדוריות סבון לאסלה לימון סוד 50 גרם,גורי שיווק בעמ,,,יח`,1,,false,1,16.90,16.90,true,1,
7290100924464,false,כדוריות סבון נתלה לאסלה עם אקונומיקה - 3 יח',גורי שיווק בעמ,,,יח`,1,,false,1,16.90,16.90,true,1,
7290100924631,false,מרכך כביסה מרוכז לבגדי תינוקות ובעלי עור רגיש,גורי שיווק בעמ,,,יח`,9,"100 מ""ל",false,1,12.90,1.43,false,1,
7290100925669,false,דפים למניעת העברת צבע קולור קאצ`ר) (10,גורי שיווק בעמ,,,יח`,1,,false,1,12.90,12.90,true,1,
7290100925676,false,קולור קאצר 20 דפים לוכדי צבע למכונת כביס,גורי שיווק בעמ,,,יח`,1,,false,1,17.90,17.90,true,1,
7290100925751,false,נוזל כלים תפוח סוד (650 מל),גורי שיווק בעמ,,,יח`,6.50,"100 מ""ל",false,1,5.90,0.91,false,1,
7290101113904,false,מארז מנבו וניל 12 יח' פלדמן,פלקו בעמ חברה ישראלית,,,יח`,1,,false,1,23.90,23.90,false,1,
7290101455264,false,בקבוק שתייה דגם שקוף-700 מל-מפרץ ההרפ,שמחה זה אנחנו בעמ,,,יח`,1,,false,1,24.90,24.90,false,1,
7290101486688,false,חטיף דגנים עם שוקולד ללא גלוטן וסוכר פרי 5*20 גרם,טבעית מוצרים מן הטבע בעמ,,,יח`,0.90,100 גרם,false,1,15.90,17.67,false,1,
7290101551027,false,קפסולות קפה אספרסו חזק במיוחד 14 עלית 10 יח',הנסיך- מפעל לייצור ט,,,יח`,0.50,100 גרם,false,1,16.90,33.80,true,1,
7290101551263,false,סילאן טבעי 700 גרם יד מרדכי,"שטראוס גרופ בע""מ",,,יח`,7,100 גרם,false,1,19.90,2.84,false,1,
7290101551300,false,סילאן טבעי ללא תוספת סוכר בקבוק לחיץ,מכוורת יד מרדכי שטראוס ב,,,יח`,3.80,100 גרם,false,1,14.90,3.92,false,1,
7290101551584,false,תפוצ'יפס קידס מארז 10 יח' * 20 ג',"שטראוס פריטו ליי בע""מ )פ",,,יח`,2,100 גרם,false,1,12.90,6.45,false,1,
7290101551638,false,חטיף צ'יטוס כאפה בטעם קטשופ - מארז 10 יח',"שטראוס פריטו ליי בע""מ )פ",,,יח`,2,100 גרם,false,1,12.90,6.45,true,1,
7290101863410,false,"סיליט באנג ספריי ניקוי עוצמתי מכיל אקונומיקה 750 מ""ל",רקיט בנקיזר (ניר איסט) בעמ,,,יח`,7.50,"100 מ""ל",false,1,12.90,1.72,false,1,
7290101864127,false,ספריי להסרת כתמים וניש קליה (750 מל),רקיט בנקיזר (ניר איסט) בעמ,,,יח`,7.50,"100 מ""ל",false,1,16.90,2.25,false,1,
7290101865261,false,נוזל הברקה למדיח כלים פיניש (800 מל),רקיט בנקיזר (ניר איסט) בעמ,,,יח`,8,"100 מ""ל",false,1,19.90,2.49,false,1,
7290101866633,false,וניש קליה גל להסרת כתמים 3 ליטר אוקסיפרש,רקיט בנקיזר (ניר איסט) בעמ,,,יח`,3,1 ליטר,false,1,29.90,9.97,false,1,
7290101866787,false,וניש קליה נוזל מסיר כתמים לכביסה לבנה 3 ליטר,רקיט בנקיזר (ניר איסט) בעמ,,,יח`,3,1 ליטר,false,1,29.90,9.97,false,1,
7290101868460,false,"אבקת כביסה קולון 101 8 ק""ג",רקיט בנקיזר (ניר איסט) בעמ,,,יח`,8,"ק""ג",false,1,54.90,6.86,false,1,
7290101868958,false,פיניש נוזל הברקה למדיח בניחוח לימון,רקיט בנקיזר (ניר איסט) בעמ,,,יח`,8,"100 מ""ל",false,1,19.90,2.49,false,1,
7290101869795,false,"אירוויק מילוי מבשם אויר אטומטי חלום ליל קיץ 250 מ""ל",רקיט בנקיזר (ניר איסט) בעמ,,,יח`,2.50,"100 מ""ל",false,1,14.90,5.96,true,1,
7290101869962,false,"אירוויק מקלות ריחניים בניחוח חלום ליל קיץ 30 מ""ל",רקיט בנקיזר (ניר איסט) בעמ,,,יח`,1,,false,1,14.90,14.90,true,1,
7290101869979,false,"אירוויק מקלות ריחניים בניחוח אואזיס 30 מ""ל",רקיט בנקיזר (ניר איסט) בעמ,,,יח`,1,,false,1,14.90,14.90,true,1,
7290101981787,false,צלחת פולי מבחר מותגים שמחה זה אנחנו,לפ לפ שמחה זה אנחנו,,,יח`,1,,false,1,9.90,9.90,false,1,
7290101982951,false,בקבוק שתיה מועצב היי סקול,שמחה זה אנחנו בעמ,,,יח`,1,,false,1,26.90,26.90,false,1,
7290102030330,false,תפוצ`יפס אקסטרא מקסיקני 200 גרם +20 תו,"שטראוס פריטו ליי בע""\מ )",,,יח`,2,100 גרם,false,1,10.90,5.45,true,1,
7290102032334,false,אבקה להכנת משקה קפה בטעם וניל,"שטראוס גרופ בע""מ",,,יח`,2,100 גרם,false,1,19.90,9.95,false,1,
7290102060764,false,מארז זוג מברשות שיניים מרידול,יבואן ומשווק: ש. שסט,,,יח`,1,,false,1,29.90,29.90,true,1,
7290102300815,false,"גבינת צ'דר אנגלית כתומה פרוס, 200 גרם",א. סיימן סחר בעמ,,,יח`,2,100 גרם,false,1,24.90,12.45,true,1,
7290102302833,false,גאודה פרוסה 150 גר`הגבינות של נני,קאסמאקרי הנרי ויליך,,,יח`,1.50,100 גרם,false,1,21.90,14.60,false,1,
7290102302888,false,גבינת גאודה כמון 200 גרם,מיוצר עי קונדיטוריית,,,יח`,2,100 גרם,false,1,31.90,15.95,true,1,
7290102390427,false,יוגורט ביו עם קציפת תות 3% שומן 150 ג' מולר,החברה המרכזית טלהפצת משקאות בע,,,יח`,1.50,"100 מ""ל",false,1,5.30,3.53,false,1,
7290102390465,false,יוגורט ביו עם קציפת אפרסק ופסיפלורה 3% שומן 150 ג' מולר,החברה המרכזית טלהפצת משקאות בע,,,יח`,1.50,"100 מ""ל",false,1,5.30,3.53,false,1,
7290102391844,false,יוגורט ביו עם קציפת פירות יער3% שומן 150 ג' מולר,החברה המרכזית טלהפצת משקאות בע,,,יח`,1.50,"100 מ""ל",false,1,5.30,3.53,false,1,
7290102392049,false,גבינה לאפיה תבור ללא תוספת מלח 5% משק צוריאל 500 גרם,החברה המרכזית טלהפצת משקאות בע,,,יח`,5,100 גרם,false,1,20.90,4.18,false,1,
7290102392094,false,חלב עיזים 3.7% בקרטון משק צוריאל 1 ליטר,החברה המרכזית טלהפצת משקאות בע,,,יח`,1,1 ליטר,false,1,17.40,17.40,false,1,
7290102392254,false,"חלב בקרטון 1% 2 ליטר בד""צ - מוצר בפיקוח",*החברה המרכזית להפצת משקאותבעמ,,,יח`,2,1 ליטר,false,1,11.72,5.86,false,1,
7290102393039,false,"יוגורט ביו קרמי מיקס פצפוצי שוקולד 7.6% מולר 170 מ""ל",*החברה המרכזית להפצת משקאותבעמ,,,יח`,1.70,100 גרם,false,1,6.20,3.65,false,1,
7290102393060,false,"יוגורט ביו קרמי מיקס גלילי ופל ואגוזים 5.9% מולר 170 מ""ל",*החברה המרכזית להפצת משקאותבעמ,,,יח`,1.70,"100 מ""ל",false,1,6.20,3.65,false,1,
7290102393169,false,"יוגורט סימפלי פרוט בטעם תות 3% מולר 150 מ""ל",*החברה המרכזית להפצת משקאותבעמ,,,יח`,1.50,100 גרם,false,1,5.30,3.53,true,1,
7290102393176,false,סימפלי פרוט יוגורט אפרסק 3% שומן 150 ג' מולר,*החברה המרכזית להפצת משקאותבעמ,,,יח`,1.50,100 גרם,false,1,5.30,3.53,true,1,
7290102393190,false,"יוגורט סימפלי פרוט בטעם פירות יער 3% מולר 150 מ""ל",*החברה המרכזית להפצת משקאותבעמ,,,יח`,1.50,100 גרם,false,1,5.30,3.53,true,1,
7290102393268,false,"גבינה לבנה 5% שומן, רכיבים טבעיים 750 גרם",*החברה המרכזית להפצת משקאותבעמ,,,יח`,7.50,100 גרם,false,1,14.94,1.99,false,1,
7290102393299,false,יוגורט עיזים לשתייה 3% משק צוריאל 500 גרם,*החברה המרכזית להפצת משקאותבעמ,,,יח`,5,100 גרם,false,1,13.40,2.68,false,1,
7290102393848,false,יוגורט עיזים 2.4% עם תות משק צוריאל 150 גרם,*החברה המרכזית להפצת משקאותבעמ,,,יח`,1.50,100 גרם,false,1,6.70,4.47,false,1,
7290102393855,false,יוגורט עיזים 2.5% עם אפרסק משק צוריאל 150 גרם,*החברה המרכזית להפצת משקאותבעמ,,,יח`,1.50,100 גרם,false,1,6.70,4.47,false,1,
7290102393947,false,סימפלי פרוט יוגורט בטעם קיווי 3% שומן 150 ג' מולר,*החברה המרכזית להפצת משקאותבעמ,,,יח`,1.50,"100 מ""ל",false,1,5.30,3.53,true,1,
7290102394463,false,נעם גבינה צהובה פרוסה ואקום 28% טרה 500 גרם,החברה המרכזית טלהפצת משקאות בע,,,יח`,5,100 גרם,false,1,29.40,5.88,false,1,
7290102394821,false,גבינה צהובה 28% דק דק לפתיחה חוזרת 200,החברה המרכזית טלהפצת משקאות בע,,,יח`,2,100 גרם,false,1,17.40,8.70,false,1,
7290102394845,false,נעם גבינה צהובה לייט פרוסה דק דק 9% טרה 200 גרם,*החברה המרכזית להפצת משקאותבעמ,,,יח`,2,100 גרם,false,1,17.80,8.90,false,1,
7290102395101,false,ממרח גבינה ושוקולד מוו טרה 200 גרם,החברה המרכזית טלהפצת משקאות בע,,,יח`,2,100 גרם,false,1,11.90,5.95,false,1,
7290102395217,false,"יוגורט ביאנקו 2% במתיקות מעודנת מולר 1.2 ק""ג",החברה המרכזית טלהפצת משקאות בע,,,יח`,1,,false,1,19.20,19.20,false,1,
7290102395224,false,שמיניית יוגורט ביו ביאנקו 1.7% מולר 150 גרם,*החברה המרכזית להפצת משקאותבעמ,,,יח`,12,100 גרם,false,1,18.80,1.57,false,1,
7290102395231,false,שמיניית יוגורט ביו ביאנקו 2.8% מולר 150 גרם,*החברה המרכזית להפצת משקאותבעמ,,,יח`,1,,false,1,18.80,18.80,false,1,
7290102395262,false,מארז 8 גביעים יוגורט בטעם תות שדה ואפרסק 3% Simply Fruit,החברה המרכזית טלהפצת משקאות בע,,,יח`,1,,false,1,31.40,31.40,false,1,
7290102395378,false,נעם גבינה צהובה פרוסה ואקום 28% טרה 360 גרם,*החברה המרכזית להפצת משקאותבעמ,,,יח`,3.60,100 גרם,false,1,20.90,5.81,false,1,
7290102395439,false,מארז 8 גביעים יוגורט בטעם פירות יער וקיווי 3% Simply Fruit,*החברה המרכזית להפצת משקאותבעמ,,,יח`,1,,false,1,31.40,31.40,false,1,
7290102395446,false,מעדן חלב בטעם וניל עם קצפת 123 ג' טרה,*החברה המרכזית להפצת משקאותבעמ,,,יח`,1.23,100 גרם,false,1,3,2.44,false,1,
7290102395477,false,מעדן חלב בטעם שוקולד עם קצפת 123 ג' טרה,*החברה המרכזית להפצת משקאותבעמ,,,יח`,1.23,100 גרם,false,1,3,2.44,false,1,
7290102395521,false,"שמנת לבישול 15% שומן 500 מ""ל טרה",החברה המרכזית טלהפצת משקאות בע,,,יח`,5,"100 מ""ל",false,1,17.40,3.48,false,1,
7290102396399,false,מארז 8 יחידות מעדן חלב בטעם שוקולד 1.5%,*החברה המרכזית להפצת משקאותבעמ,,,יח`,8,100 גרם,false,1,14.20,1.78,false,1,
7290102396405,false,מארז 8 יחידות מעדן חלב בטעם וניל 1.5%,החברה המרכזית טלהפצת משקאות בע,,,יח`,8,100 גרם,false,1,14.20,1.78,false,1,
7290102396436,false,מעדן בטעם שוקולד 1.5% שומן מוו (125 גרם),*החברה המרכזית להפצת משקאותבעמ,,,יח`,1.25,100 גרם,false,1,2.90,2.32,true,1,
7290102396443,false,מעדן בטעם וניל 1.5% שומן מוו (125 גרם),*החברה המרכזית להפצת משקאותבעמ,,,יח`,1.25,100 גרם,false,1,2.90,2.32,true,1,
7290102396580,false,מעדן מוו שוקולד ומוס שוקולד טרה 118 גרם,החברה המרכזית טלהפצת משקאות בע,,,יח`,1.23,100 גרם,false,1,3,2.44,false,1,
7290102396597,false,מעדן מוו וניל ומוס שוקולד טרה 118 גרם,*החברה המרכזית להפצת משקאותבעמ,,,יח`,1.23,100 גרם,false,1,3,2.44,false,1,
7290102396665,false,צהובה פרוסות דקדק פתח סגור 15% 200 גר`,*החברה המרכזית להפצת משקאותבעמ,,,יח`,2,100 גרם,false,1,17.80,8.90,false,1,
7290102396672,false,גבינה צהובה נעם דק דק 9% פתח סגור 360 ג,*החברה המרכזית להפצת משקאותבעמ,,,יח`,3.60,100 גרם,false,1,27.20,7.56,false,1,
7290102396719,false,יוגורט 0% תות סימפלי מולר (150 גרם),*החברה המרכזית להפצת משקאותבעמ,,,יח`,1.50,100 גרם,false,1,5.30,3.53,true,1,
7290102396740,false,מארז 8 גביעים יוגורט בטעם תות שדה ואפרסק 0% Simply Fruit,החברה המרכזית טלהפצת משקאות בע,,,יח`,1,,false,1,31.40,31.40,false,1,
7290102397310,false,מעדן מיני בטעם שוקולד קצפת מוו מאגדת 8 יח' * 70 ג',החברה המרכזית טלהפצת משקאות בע,,,יח`,1,,false,1,13.20,13.20,false,1,
7290102397464,false,יוגורט ביו בתוספת גרעינים אגוזים וחמוציות 170 ג' מולר,החברה המרכזית טלהפצת משקאות בע,,,יח`,1.50,100 גרם,false,1,6.20,4.13,false,1,
7290102397600,false,מיקס יוגורט בתוספת שקדים ובוטנים מקורמלים 170 ג' מולר,החברה המרכזית טלהפצת משקאות בע,,,יח`,1.70,100 גרם,false,1,6.20,3.65,false,1,
7290102397617,false,יוגורט ביו קרמי עם כדורים מצופים שוקולד חום לבן,*החברה המרכזית להפצת משקאותבעמ,,,יח`,1.70,100 גרם,false,1,6.20,3.65,false,1,
7290102397679,false,קוטג' וחצי טרה 5% מרכיבים טבעיים,*החברה המרכזית להפצת משקאותבעמ,,,יח`,3.75,100 גרם,false,1,8.30,2.21,false,1,
7290102397730,false,פרוסות גבינה אמנטל חצי קשה 30% שומן 200 ג' נעם,*החברה המרכזית להפצת משקאותבעמ,,,יח`,2,100 גרם,false,1,17.80,8.90,false,1,
7290102397747,false,פרוסות גבינת מוצרלה נעם מחלב בקר 22%,*החברה המרכזית להפצת משקאותבעמ,,,יח`,2,100 גרם,false,1,19.90,9.95,false,1,
7290102397891,false,גבינה ניו יורק מותכת %16 4*25 גרם,החברה המרכזית טלהפצת משקאות בע,,,יח`,1,100 גרם,false,1,7.90,7.90,false,1,
7290102398065,false,חלב טרה בקרטון 2 ליטר מהדרין 3% - מוצר בפיקוח,*החברה המרכזית להפצת משקאותבעמ,,,יח`,2,1 ליטר,false,1,12.46,6.23,false,1,
7290102398331,false,חלב מועשר דל לקטוז 2% שומן טרה 1 ליטר,*החברה המרכזית להפצת משקאותבעמ,,,יח`,1,1 ליטר,false,1,7.50,7.50,false,1,
7290102398553,false,משקה שוקו בקבוק 1.5 ליטר בבקבוק,*החברה המרכזית להפצת משקאותבעמ,,,יח`,15,"100 מ""ל",false,1,16.70,1.11,false,1,
7290102398560,false,משקה שוקו מועשר בבקבוק 1 ליטר טרה,החברה המרכזית טלהפצת משקאות בע,,,יח`,1,1 ליטר,false,1,12.10,12.10,false,1,
7290102398577,false,משקה חלב בטעם שוקו 2% בבקבוק אישי,החברה המרכזית טלהפצת משקאות בע,,,יח`,2.50,"100 מ""ל",false,1,5.20,2.08,false,1,
7290102398614,false,משקה חלב טרה ט. בננה 1ליטר בקבוק,*החברה המרכזית להפצת משקאותבעמ,,,יח`,1,1 ליטר,false,1,12.10,12.10,false,1,
7290102398638,false,משקה חלב טרה ט.מוקה 1ליטר בקבוק,החברה המרכזית טלהפצת משקאות בע,,,יח`,1,1 ליטר,false,1,12.10,12.10,false,1,
7290102398669,false,משקה חלב אייס קפוצ'ינו טרה 1 ליטר,החברה המרכזית טלהפצת משקאות בע,,,יח`,1,1 ליטר,false,1,12.10,12.10,false,1,
7290102398799,false,משקה סויה במתיקות מופחתת משק צוריאל 1 ליטר,החברה המרכזית טלהפצת משקאות בע,,,יח`,1,1 ליטר,false,1,9.90,9.90,false,1,
7290102398805,false,משקה סויה בטעם וניל 1ל בקבוק משק צוריא,החברה המרכזית טלהפצת משקאות בע,,,יח`,1,1 ליטר,false,1,9.90,9.90,false,1,
7290102398836,false,משקה שקדים קלאסי 1 ליטר משק צוריאל,החברה המרכזית טלהפצת משקאות בע,,,יח`,10,"100 מ""ל",false,1,11.90,1.19,false,1,
7290102399635,false,"מולר פרופ יוגורט ביו עם קציפת קוקוס ואננס 150 מ""ל",*החברה המרכזית להפצת משקאותבעמ,,,יח`,1.50,"100 מ""ל",false,1,5.30,3.53,false,1,
7290102399697,false,סימפלי פרוט מנגו 1.5% שומן 150 ג' מולר,*החברה המרכזית להפצת משקאותבעמ,,,יח`,1.50,100 גרם,false,1,5.30,3.53,false,1,
7290102399772,false,מולר ספרדבל-ממרח חמאת מולר במליחות עדינה 250 גרם,החברה המרכזית טלהפצת משקאות בע,,,יח`,2.50,100 גרם,false,1,17.80,7.12,false,1,
7290102399789,false,מולר ספרדבל-ממרח חמאת מולר ללא מלח 250 גרם,החברה המרכזית טלהפצת משקאות בע,,,יח`,2.50,100 גרם,false,1,17.80,7.12,false,1,
7290102399796,false,מעדן יוגורט לבן מועשר בחלבון 200 ג' מולר אקטיב,*החברה המרכזית להפצת משקאותבעמ,,,יח`,2,100 גרם,false,1,6.20,3.10,true,1,
7290102399802,false,יוגורט עם תות מולר אקטיב מועשר בחלבון 200 גר',החברה המרכזית טלהפצת משקאות בע,,,יח`,2,100 גרם,false,1,6.20,3.10,true,1,
7290102399819,false,יוגורט עם פירות יער מולר אקטיב מועשר בחלבון 200 גר',החברה המרכזית טלהפצת משקאות בע,,,יח`,2,100 גרם,false,1,6.20,3.10,true,1,
7290102399857,false,מולר אקטיב לייט 20 גרם חלבון 0% שומן עם תות 200 גרם,החברה המרכזית טלהפצת משקאות בע,,,יח`,0,100 גרם,false,1,5.80,5.80,true,1,
7290102451845,false,מלקחיים לגריל ארוכות משונן,אוהב ציון בעמ (מבצעים),,,יח`,1,,false,1,9.90,9.90,false,1,
7290102840175,false,אינסטנט פודינג בטעם וניל מיה (85 גרם),מיה תעשיות מזון מ.ת.מ. בעמ,,,יח`,0.85,100 גרם,false,1,3.90,4.59,false,1,
7290102840182,false,פודינג בטעם שוקולד 85 גר`מיה,מיה תעשיות מזון מ.ת.מ. בעמ,,,יח`,0.85,100 גרם,false,1,3.90,4.59,false,1,
7290103128739,false,בלונס מקלות אוזניים לתינוק 56 יחידות,הנסיך- מפעל לייצור ט,,,יח`,1,יח`,false,1,6.90,6.90,false,1,
7290103151485,false,גביעי איחסון 1/2 ליטר לפיד) (15,פאלאס תעשיות נטו (2014) בעמ,,,יח`,1,,false,1,9.90,9.90,false,1,
7290103151508,false,מיכל אחסון 1 ליטר לפיד) (5,פאלאס תעשיות נטו (2014) בעמ,,,יח`,1,,false,1,9.90,9.90,true,1,
7290103151515,false,מיכל אחסון 2 ליטר לפיד) (4,פאלאס תעשיות נטו (2014) בעמ,,,יח`,1,,false,1,9.90,9.90,true,1,
7290103152956,false,פאלאס תבנית גדולה/רחבה/עמוקה/עגולה,פאלאס תעשיות נטו (2014) בעמ,,,יח`,1,,false,1,1.50,1.50,true,1,
7290103152987,false,פאלאס תבניות אלומיניום קטן/אינגליש,פאלאס תעשיות נטו (2014) בעמ,,,יח`,1,,false,1,0.90,0.90,true,1,
7290103156466,false,כפות חד פעמיות לפיד) (100,פאלאס תעשיות נטו (2014) בעמ,,,יח`,1,,false,1,9.90,9.90,true,1,
7290103156473,false,כפיות חד פעמי 100 יח,פאלאס תעשיות נטו (2014) בעמ,,,יח`,1,,false,1,9.90,9.90,true,1,
7290103156497,false,סכין לבן לפיד 100 יחידות,פאלאס תעשיות נטו (2014) בעמ,,,יח`,1,,false,1,9.90,9.90,true,1,
7290103156930,false,כוסות יהלום חד פעמי,פאלאס תעשיות נטו (2014) בעמ,,,יח`,1,,false,1,14.90,14.90,true,1,
7290103157104,false,רביעייה מפות אלבד לבן,פאלאס תעשיות נטו (2014) בעמ,,,יח`,1,,false,1,14.90,14.90,false,1,
7290103401429,false,קפה קצב ברזילאי אוריגינס 200 גר,הנסיך- מפעל לייצור ט,,,יח`,2,100 גרם,false,1,24.90,12.45,true,1,
7290103404758,false,סלט כרוב אדום במיונז אחלה 120 גרם,שטראוס גרופ בעמ/מצונן,,,יח`,1.20,100 גרם,false,1,5,4.17,false,1,
7290103408206,false,עלי חסה ערבית שטופים 250 גר טעם הטבע,ביכורי השדה הצפון בעמ` 1964,,,יח`,2.50,100 גרם,false,1,9.90,3.96,false,1,
7290103700997,false,נייר טואלט לובלי 40 גלילים,שניב תעשיות נייר בעמ,,,יח`,1,,false,1,38.90,38.90,false,1,
7290103702311,false,טאצ' ממחטות כיס עשירייה מנטול,שניב תעשיות נייר בעמ,,,יח`,1,,false,1,6.90,6.90,false,1,
7290103702540,false,נייר טואלט מהדרות כדור פורח 30 גלילים טאצ',שניב תעשיות נייר בעמ,,,יח`,1,,false,1,24.90,24.90,false,1,
7290103702649,false,מארז חמישייה מגבוני טישו דו שכבתי,שניב תעשיות נייר בעמ,,,יח`,1,,false,1,11.90,11.90,false,1,
7290103702663,false,מגבות מטבח לובלי שמנייה,שניב תעשיות נייר בעמ,,,יח`,1,,false,1,13.90,13.90,false,1,
7290103702779,false,מפיות שולחן איכותיות 150 יח',שניב תעשיות נייר בעמ,,,יח`,1,,false,1,7.90,7.90,false,1,
7290103703578,false,נייר טואלט לוולי תלת שכבתי 32 גלילים,שניב תעשיות נייר בעמ,,,יח`,1,,false,1,39.90,39.90,false,1,
7290103704155,false,נייר מגבת טאצ' 6 גלילים מהדורת 2021,שניב תעשיות נייר בעמ,,,יח`,1,,false,1,10.90,10.90,false,1,
7290103704162,false,נייר טואלט טאצ' 32 גלילים מהדורה 2021,שניב תעשיות נייר בעמ,,,יח`,1,,false,1,27.90,27.90,false,1,
7290103704575,false,נייר טואלט טאצ' פרימיום 48 גלילים,שניב תעשיות נייר בעמ,,,יח`,1,,false,1,37.90,37.90,false,1,
7290103746001,false,ממחטות טאצ`חמישייה צבעוני 500 דף,שניב תעשיות נייר בעמ,,,יח`,1,,false,1,12.90,12.90,false,1,
7290104061417,false,סלט חומוס עם טחינה אחלה 400 גרם,שטראוס גרופ בעמ/מצונן,,,יח`,4,100 גרם,false,1,11.50,2.88,true,1,
7290104061424,false,סלט חומוס עם זעתר אחלה 400 גרם,שטראוס גרופ בעמ/מצונן,,,יח`,4,100 גרם,false,1,11.50,2.88,true,1,
7290104061431,false,סלט חומוס עם צנובר אחלה 400 גרם,שטראוס גרופ בעמ/מצונן,,,יח`,4,100 גרם,false,1,11.50,2.88,true,1,
7290104061448,false,סלט חומוס עם חריף אחלה 400 גרם,שטראוס גרופ בעמ/מצונן,,,יח`,4,100 גרם,false,1,11.50,2.88,true,1,
7290104062599,false,מארז 8 יחידות מעדן גמדים בטעמי תות ובננה,שטראוס גרופ בעמ/מצונן,,,יח`,8,"100 מ""ל",false,1,18.80,2.35,false,1,
7290104065934,false,עלי רוקט שטראוס 150 גר`-טעם הטבע,ביכורי השדה הצפון בעמ` 1964,,,יח`,1.50,100 גרם,false,1,9.90,6.60,false,1,
7290104066566,false,סלט טחינה שומשום מלא 500גר אחלה,שטראוס גרופ בעמ/מצונן,,,יח`,5,100 גרם,false,1,14.90,2.98,true,1,
7290104067693,false,חומוס אחלה עם תוספת חריף 150 גר,שטראוס גרופ בעמ/מצונן,,,יח`,1.50,100 גרם,false,1,5.90,3.93,false,1,
7290104068546,false,גומי מאסט בטעם לימון קולה ללא סוכר 28 ג' עלית,שטראוס גרופ בע`מ,,,יח`,0.28,100 גרם,false,1,4.90,17.50,false,1,
7290104500572,false,אפרופו חטיף תירס איטליאנו אסם 50 גרם,קבוצת אוסם סחר-שות.מוגבלת,,,יח`,0.50,100 גרם,false,1,5,10,true,1,
7290104501661,false,אינסטנט פודינג בטעם וניל צרפתי אסם 80 גרם,קבוצת אוסם סחר-שות.מוגבלת,,,יח`,0.80,100 גרם,false,1,5.90,7.38,false,1,
7290104503184,false,הבית עוגת שבת בראוניס טעם שוקולד ריבת חלב 380 גרם,קבוצת אוסם סחר-שות.מוגבלת,,,יח`,3.80,100 גרם,false,1,18.90,4.97,true,1,
7290104508202,false,גביעי גלידה אמריקאים אסם 120 גרם 24 יחידות,קבוצת אוסם סחר-שות.מוגבלת,,,יח`,1.20,100 גרם,false,1,13.90,11.58,false,1,
7290104508943,false,במבה חטיף בוטנים אסם 200 גרם,קבוצת אוסם סחר-שות.מוגבלת,,,יח`,2,100 גרם,false,1,9.90,4.95,true,1,
7290104570162,false,תמרים ללא חרצנים בואקום 500 גרם,מ.ד אטיאס סוכנויות מזון בע`מ,,,יח`,5,100 גרם,false,1,12.90,2.58,true,1,
7290104570513,false,"תמר מגהול כחול 1 ק""",ביכורי השדה הצפון בעמ` 1964,,,יח`,10,100 גרם,false,1,19.90,1.99,true,1,
7290104570629,false,ממרח גביע ירוק 450 ג' ירדן,מ.ד אטיאס סוכנויות מזון בע`מ,,,יח`,4.50,100 גרם,false,1,5.90,1.31,false,1,
7290104720499,false,מארז 8 יחידות מעדן דני בטעם וניל 1.5%,שטראוס גרופ בעמ/מצונן,,,יח`,1,1 ליטר,false,1,16.40,16.40,true,1,
7290104721533,false,רצועות פלפלים קלויים אחלה (400 גרם),שטראוס גרופ בעמ/מצונן,,,יח`,4,100 גרם,false,1,16.50,4.13,true,1,
7290104721762,false,מארז שלשות קפה טורקי עלית 85 ג',"שטראוס גרופ בע""מ",,,יח`,2.55,100 גרם,false,1,19.90,7.80,false,1,
7290104726262,false,רביעייה מעדן דני שוקולד דיסני לבנים 125 גרם,שטראוס גרופ בעמ/מצונן,,,יח`,5,100 גרם,false,1,11,2.20,false,1,
7290104726712,false,מארז 8 יחידות מעדן מילקי בטעם שוקולד עם קצפת,שטראוס גרופ בעמ/מצונן,,,יח`,8.68,"100 מ""ל",false,1,19.90,2.29,false,1,
7290104728310,false,"שמנת מתוקה עמידה 38% שומן ""יטבתה"" -מוצר בפיקוח",שטראוס גרופ בעמ/מצונן,,,יח`,2.50,"100 מ""ל",false,1,6.47,2.59,false,1,
7290104729003,false,"יד מרדכי - שמן זית כתית מעולה 2 קלאסי 750 מ""ל",מכוורת יד מרדכי שטרא,,,יח`,7.50,"100 מ""ל",false,1,33.90,4.52,true,1,
7290104851681,false,קערית אובלית זהב 25 יח פאלאס,פאלאס תעשיות נטו (2014) בעמ,,,יח`,1,,false,1,8.90,8.90,true,1,
7290104851964,false,מפת שולחן עבה במיוחד 6 יח`פאלאס,פאלאס תעשיות נטו (2014) בעמ,,,יח`,1,,false,1,9.90,9.90,false,1,
7290104851971,false,מפות שולחן עבות במיוחד 2.4/1.35 פאלאס 8 יחידות,פאלאס תעשיות נטו (2014) בעמ,,,יח`,1,,false,1,9.90,9.90,false,1,
7290104852503,false,מגבוני נייר טואלט לחים פאלאס 3 * 40 יחידות,פאלאס תעשיות נטו (2014) בעמ,,,יח`,1,,false,1,9.90,9.90,false,1,
7290104856914,false,2 אלבד מקופל זהב לבן פאלאס,פאלאס תעשיות נטו (2014) בעמ,,,יח`,1,,false,1,11.90,11.90,false,1,
7290104857119,false,צלחות גדולות קלאסיק למיקרוגל לפיד (100),פאלאס תעשיות נטו (2014) בעמ,,,יח`,100,יח`,false,1,39.90,0.40,true,1,
7290104857126,false,צלחות מרק 100 יח קלאסיק לפיד למיקרוגל,פאלאס תעשיות נטו (2014) בעמ,,,יח`,100,יח`,false,1,32.90,0.33,false,1,
7290104858109,false,מגש עגול מחולק ל -5 שקוף,פאלאס תעשיות נטו (2014) בעמ,,,יח`,0,100 גרם,false,1,6.90,6.90,false,1,
7290104858161,false,כוסות קרטון לשתיה חמה אספרסו פאלאס) (50,פאלאס תעשיות נטו (2014) בעמ,,,יח`,1,,false,1,6.90,6.90,false,1,
7290104859779,false,"כוסות לבירה 330 מ""ל פאלאס 40 יחידות",פאלאס תעשיות נטו (2014) בעמ,,,יח`,1,,false,1,10.90,10.90,true,1,
7290104859786,false,תבנית אלומניום בינונית R31 פאלאס 7 יח,פאלאס תעשיות נטו (2014) בעמ,,,יח`,1,,false,1,9.50,9.50,true,1,
7290104859793,false,תבנית אלומניום ענק R99 פאלאס 4 יח,פאלאס תעשיות נטו (2014) בעמ,,,יח`,1,,false,1,8.90,8.90,true,1,
7290104859816,false,תבנית אלומניום בינונית R2 פאלאס 7 יח,פאלאס תעשיות נטו (2014) בעמ,,,יח`,1,,false,1,8.90,8.90,true,1,
7290104859823,false,תבנית אלומניום עמוקה R64 פאלאס 8 יח,פאלאס תעשיות נטו (2014) בעמ,,,יח`,1,,false,1,8.90,8.90,true,1,
7290104859830,false,תבנית אלומניום עגולה c10 פאלאס 8 יח,פאלאס תעשיות נטו (2014) בעמ,,,יח`,1,,false,1,9.90,9.90,true,1,
7290104960239,false,תחליב רחצה בניחוח קמומיל נקה (7507 מל),טרופיקל דגיל תעשיות קוסמ,,,יח`,7.50,"100 מ""ל",false,1,10.90,1.45,true,1,
7290104960246,false,נקה 7 ארומה תחליב רחצה ורד יסמין 750 מ,טרופיקל דגיל תעשיות קוסמ,,,יח`,7.50,"100 מ""ל",false,1,10.90,1.45,true,1,
7290104960338,false,"נקה 7 תחליב רחצה ארומה אלוורה ותה ירוק 750מ""ל",טרופיקל דגיל תעשיות קוסמ,,,יח`,7.50,"100 מ""ל",false,1,10.90,1.45,true,1,
7290104960352,false,"נקה 7 תחליב רחצה ארומה שקד וניל 750מ""ל",החברה הדרומית לשיווק בעמ,,,יח`,7.50,"100 מ""ל",false,1,10.90,1.45,true,1,
7290104961526,false,דאודורנט ספריי גוף טיטניום קלאסיק Titanium Classic,החברה הדרומית לשיווק בעמ,,,יח`,1.50,"100 מ""ל",false,1,9.90,6.60,true,1,
7290104961533,false,דאודורנט ספריי גוף טיטניום בלק Titanium Black,החברה הדרומית לשיווק בעמ,,,יח`,1.50,"100 מ""ל",false,1,9.90,6.60,true,1,
7290104961878,false,"שמפו לשיער קרטין אינטנס פורמולה 400 מ""ל נטורל",החברה הדרומית לשיווק בעמ,,,יח`,4,"100 מ""ל",false,1,29.90,7.48,false,1,
7290104962509,false,נ.פורמולה קרם הגנה קרטין אינטנס,החברה הדרומית לשיווק בעמ,,,יח`,1.45,"100 מ""ל",false,1,39.90,27.52,false,1,
7290104963001,false,סופטקר מגבונים לחים רביעייה בניחוח עדין,החברה הדרומית לשיווק בעמ,,,יח`,1,,false,1,15.90,15.90,false,1,
7290104963162,false,"סופטקר - קרם גוף לתינוקות 500 מ""ל",החברה הדרומית לשיווק בעמ,,,יח`,5,"100 מ""ל",false,1,24.90,4.98,true,1,
7290104963667,false,שמפו ותחליב רחצה אל דמע סופט קר 1 ליטר,החברה הדרומית לשיווק בעמ,,,יח`,10,"100 מ""ל",false,1,14.90,1.49,false,1,
7290104963711,false,"שמפו סופטקר אלדמע משאבה 770 מ""ל",החברה הדרומית לשיווק בעמ,,,יח`,7.70,"100 מ""ל",false,1,17.90,2.32,true,1,
7290104965647,false,קרליין דאו רול און נושם סוויט קיס לנערות,החברה הדרומית לשיווק בעמ,,,יח`,0.75,100 גרם,false,1,12.90,17.20,true,1,
7290105360250,false,קפסולות 09 עשיר וארומטי למכונת נספרסו עלית 10יח',הנסיך- מפעל לייצור ט,,,יח`,1,,false,1,16.90,16.90,true,1,
7290105360328,false,קפסולות אספרסו חזק למכונות נספרסו 10 יח',הנסיך- מפעל לייצור ט,,,יח`,0.50,100 גרם,false,1,16.90,33.80,true,1,
7290105360335,false,קפסולות אספרסו למכונות נספרסו 50 גר,הנסיך- מפעל לייצור ט,,,יח`,0.50,100 גרם,false,1,16.90,33.80,true,1,
7290105362339,false,"שמנת לבישול 15% 250 מ""ל יטבתה מהדרין",שטראוס גרופ בעמ/מצונן,,,יח`,2.50,"100 מ""ל",false,1,8.40,3.36,true,1,
7290105363602,false,מקלות כיף כף קלאסי עלית (40 גרם),שולן צ'\יקולטה גידה סאן.,,,יח`,0.40,100 גרם,false,1,5,12.50,true,1,
7290105364289,false,מקלות כיף כף פצפוצים עלית 40 גרם,שולן צ'\יקולטה גידה סאן.,,,יח`,0.40,100 גרם,false,1,5,12.50,true,1,
7290105364302,false,"עלית חטיף שוקולד כיף כף מקלות אגוזים, 40 גרם",שולן צ'\יקולטה גידה סאן.,,,יח`,0.42,100 גרם,false,1,5,11.90,true,1,
7290105366023,false,סלט חצילים בטעם כבד אחלה 400 גרם,שטראוס גרופ בעמ/מצונן,,,יח`,4,100 גרם,false,1,15.50,3.88,true,1,
7290105366047,false,טחינה לבנה אחלה (400 גרם),שטראוס גרופ בעמ/מצונן,,,יח`,4,100 גרם,false,1,15.50,3.88,true,1,
7290105366993,false,סימפוניה גבינת שמנת פלפל שיפקה 5% שטראוס 200 גרם,שטראוס גרופ בעמ/מצונן,,,יח`,2,100 גרם,false,1,11.40,5.70,true,1,
7290105368225,false,חומוס עם פלפל שיפקה אחלה (400 גרם),שטראוס גרופ בעמ/מצונן,,,יח`,4,100 גרם,false,1,11.50,2.88,false,1,
7290105368331,false,מעדן מילקי בטעם תות עם קצפת,שטראוס גרופ בעמ/מצונן,,,יח`,1.30,"100 מ""ל",false,1,2.80,2.15,false,1,
7290105368904,false,"שמנת מתוקה להקצפה 32% שומן 250 מ""ל יוטבתה",שטראוס גרופ בעמ/מצונן,,,יח`,2.50,"100 מ""ל",false,1,7.40,2.96,false,1,
7290105368928,false,שמנת חמוצה יטבתה %9 200 מל גביע מהדרין,שטראוס גרופ בעמ/מצונן,,,יח`,2,"100 מ""ל",false,1,3.10,1.55,false,1,
7290105369130,false,סימפוניה גבינת שמנת בצל ירוק 5% שטראוס 200 גרם,שטראוס גרופ בעמ/מצונן,,,יח`,2,100 גרם,false,1,11.40,5.70,true,1,
7290105430458,false,"פלמוליב - תחליב רחצה נטורלס שקדים 750 מ""ל",הנסיך- מפעל לייצור ט,,,יח`,7.50,"100 מ""ל",false,1,19.90,2.65,true,1,
7290105431516,false,מארז חטיף פריי תמרים ובוטנים ללא גלוטן ותוספת סוכר 125 גרם,טבעית מוצרים מן הטבע בעמ,,,יח`,1.25,100 גרם,false,1,15.90,12.72,false,1,
7290105439499,false,מאסטר שף מאסטר שף מיונז 480 גר כשלפ,רמיה סי.וי. הולנד,,,יח`,4.83,100 גרם,false,1,11.90,2.46,false,1,
7290105439505,false,מאסטר שף קרם בטעם מיונז לייט 479 גר כשלפ,רמיה סי.וי. הולנד,,,יח`,4.79,100 גרם,false,1,11.90,2.48,false,1,
7290105439581,false,מנה מאסטר שף חרדל דיזיון צרפתי 370 גר,רמיה סי.וי.הולנד,,,יח`,3.70,100 גרם,false,1,11.90,3.22,false,1,
7290105474179,false,מארז מען לה קט פטה מולטיפק 100 גר 4 יח,דיפלומט מפיצים (1968) בעמ**,,,יח`,1,100 גרם,false,1,16.90,16.90,false,1,
7290105691224,false,אסם חטיפי פריכונים טורטייה שום בצל 60 גרם,קבוצת אוסם סחר-שות.מוגבלת,,,יח`,0.60,100 גרם,false,1,7.90,13.17,true,1,
7290105691248,false,אסם חטיפי פריכונים טורטייה תירס 60 גרם,קבוצת אוסם סחר שותפות מוגבלת,,,יח`,0.60,100 גרם,false,1,7.90,13.17,true,1,
7290105691934,false,קמח שמרים אסם 1 קילו,קבוצת אוסם סחר שותפות מוגבלת,,,יח`,1,"ק""ג",false,1,10.90,10.90,false,1,
7290105693341,false,מארז עשיריית במבה אסם 25*10 גרם,קבוצת אוסם סחר שותפות מוגבלת,,,יח`,2.50,100 גרם,false,1,16.90,6.76,true,1,
7290105693952,false,פירורית זהב אסם זהב שומשום 200 ג',קבוצת אוסם סחר שותפות מוגבלת,,,יח`,2,100 גרם,false,1,6.90,3.45,false,1,
7290105694614,false,פסטה אוסם ספגטי מהיר הכנה 500 גרם,קבוצת אוסם סחר שותפות מוגבלת,,,יח`,5,100 גרם,false,1,5.90,1.18,true,1,
7290105694928,false,אבקת מרק בצל רכיבים טבעיים אסם 220 גרם,קבוצת אוסם סחר שותפות מוגבלת,,,יח`,2.20,100 גרם,false,1,15.90,7.23,false,1,
7290105695024,false,פתיתים אפויים אורז עם אטריות אסם 500 גרם,קבוצת אוסם סחר שותפות מוגבלת,,,יח`,1,,false,1,6.90,6.90,true,1,
7290105695321,false,עוגת הבית בראוניז פאדג' אסם 380 גרם,קבוצת אוסם סחר שותפות מוגבלת,,,יח`,4,100 גרם,false,1,18.90,4.73,false,1,
7290105962331,false,סחוג תימני אדום חריף מאוד זהבי הכרם 220 גרם,שטראוס גרופ בעמ/מצונן,,,יח`,2.20,100 גרם,false,1,9.90,4.50,false,1,
7290105964564,false,חומוס אחלה 400 גרם. שטראוס,שטראוס גרופ בעמ/מצונן,,,יח`,4,100 גרם,false,1,8.90,2.23,false,1,
7290105965738,false,יוגורט לשתיה בטעם תות בננה267 ג' דנונה,שטראוס גרופ בעמ/מצונן,,,יח`,2.63,"100 מ""ל",false,1,4.90,1.86,false,1,
7290105966469,false,חומץ בלסמי ממודנה יד מרדכי (250 מל),אצטייה ג'וזפה קרמוני,,,יח`,2.50,100 גרם,false,1,13.90,5.56,false,1,
7290105968098,false,"סלט קולסלאו 500 גרם ""אחלה""",שטראוס גרופ בעמ/מצונן,,,יח`,5,100 גרם,false,1,15.40,3.08,true,1,
7290105968654,false,רביולי עם בטטה פרווה שטראוס (400 גרם),שטראוס גרופ בעמ/מצונן,,,יח`,4,100 גרם,false,1,20.90,5.23,true,1,
7290105968777,false,פריכיות 5 דגנים עם תחתית שוקולד מריר 70 גרם,"טחנת האבן תעשיות בע""",,,יח`,0.80,100 גרם,false,1,8.90,11.13,true,1,
7290106520066,false,"רבע לשבע שוקולד חלב במילוי אגוזים עלית 160 גרם בד""צ","הגביע מוצרי וופלים בע""\מ",,,יח`,1.60,100 גרם,false,1,12.90,8.06,true,1,
7290106520288,false,יוגורט פרו חלבון עם תות 2.4% שומן 150 ג' דנונה,שטראוס גרופ בעמ/מצונן,,,יח`,1.50,100 גרם,false,1,4.60,3.07,true,1,
7290106520905,false,סלט טורקי אחלה (400 גרם),שטראוס גרופ בעמ/מצונן,,,יח`,4,100 גרם,false,1,16.50,4.13,true,1,
7290106520912,false,שמנת לבישול 9% שומן 258גר מהדרין יטבתה,שטראוס גרופ בעמ/מצונן,,,יח`,2.58,"100 מ""ל",false,1,8.40,3.26,true,1,
7290106525368,false,גלילי וופל רבע לשבע אין סייד אוט 125 גר,"הגביע מוצרי וופלים בע""\מ",,,יח`,1.25,100 גרם,false,1,12.90,10.32,true,1,
7290106525399,false,קפסולות 06 ברזיל למכונות נספרסו עלית 10יח',הנסיך- מפעל לייצור ט,,,יח`,0.50,100 גרם,false,1,16.90,33.80,true,1,
7290106525405,false,קפסולות קפה עלית נטול קפאין אספרסו) (10,שטראוס קפה בי.וי.,,,יח`,0.50,100 גרם,false,1,16.90,33.80,true,1,
7290106526822,false,פריכיות אורז חום מלא תחתית שוקולד חלב 80 גרם,"טחנת האבן תעשיות בע""",,,יח`,0.70,100 גרם,false,1,8.90,12.71,true,1,
7290106528628,false,חטיף תירס בטעם טבעי דוריטוס (185 גרם),"שטראוס פריטו ליי בע""\מ )",,,יח`,1.85,100 גרם,false,1,7.50,4.05,false,1,
7290106528949,false,סלט ערוגות שטראוס 450 גר`-טעם הטבע,ביכורי השדה הצפון בעמ` 1964,,,יח`,4.50,100 גרם,false,1,11.50,2.56,false,1,
7290106571921,false,פיטנס עוגיות עם חמוציות נסטלה (180 גרם),קבוצת אוסם סחר שותפות מוגבלת,,,יח`,1.80,100 גרם,false,1,11.90,6.61,false,1,
7290106572027,false,קרקר לחמית חמישה דגנים אסם (190 גרם),קבוצת אוסם סחר-שות.מוגבלת,,,יח`,1.90,100 גרם,false,1,8.90,4.68,true,1,
7290106572959,false,אפרופו חטיף קלאסי 5חי*25גר,קבוצת אוסם סחר שותפות מוגבלת,,,יח`,1.25,100 גרם,false,1,12.90,10.32,true,1,
7290106573598,false,חומוס לבנוני צבר (400 גרם),קבוצת אוסם סחר שותפות מוגבלת,,,יח`,4,100 גרם,false,1,12,3,false,1,
7290106573628,false,חומוס עם טחינה צבר (400 גרם),קבוצת אוסם סחר שותפות מוגבלת,,,יח`,4,100 גרם,false,1,12,3,false,1,
7290106574793,false,עוגת הבית בטעם שוקו-שוקוצ'יפס 350 ג' אסם,קבוצת אוסם סחר שותפות מוגבלת,,,יח`,3.50,100 גרם,false,1,11.90,3.40,false,1,
7290106574953,false,בייגלה שטוחים כעכים שטוחים עם שומשום,קבוצת אוסם סחר שותפות מוגבלת,,,יח`,3,100 גרם,false,1,9.90,3.30,true,1,
7290106574977,false,בייגלה שטוחים טבעות עם מלח אסם (300 גרם),קבוצת אוסם סחר שותפות מוגבלת,,,יח`,3,100 גרם,false,1,9.90,3.30,true,1,
7290106575257,false,עוגת הבית סופלה בטעם שוקולד 340 ג' אסם,קבוצת אוסם סחר שותפות מוגבלת,,,יח`,3.40,100 גרם,false,1,11.90,3.50,false,1,
7290106575431,false,עוגת הבית סופלה בטעם שוקולד וניל 340 ג',קבוצת אוסם סחר-שות.מוגבלת,,,יח`,3.40,100 גרם,false,1,11.90,3.50,false,1,
7290106576513,false,סלט רק חומוס צבר 400 גרם,קבוצת אוסם סחר שותפות מוגבלת,,,יח`,5,100 גרם,false,1,11.90,2.38,false,1,
7290106576537,false,חומוס מסעדה צבר (700 גרם),קבוצת אוסם סחר שותפות מוגבלת,,,יח`,7,100 גרם,false,1,10.90,1.56,false,1,
7290106576957,false,"לה קרמריה גלידת שוקו וניל פליק פרווה כשל""פ 1.4",נגה גלידות שותפות מוגבלת,,,יח`,1.40,1 ליטר,false,1,22.90,16.36,true,1,
7290106577282,false,טחינה אמיתית מרובע 400 ג' צבר,קבוצת אוסם סחר-שות.מוגבלת,,,יח`,4,100 גרם,false,1,11.90,2.98,false,1,
7290106577541,false,צבר כרוב אדום מרובע 400גרם,קבוצת אוסם סחר-שות.מוגבלת,,,יח`,4,100 גרם,false,1,10.90,2.73,false,1,
7290106577572,false,מטבוחה אמיתית מרובע 400 ג' צבר,קבוצת אוסם סחר-שות.מוגבלת,,,יח`,4,100 גרם,false,1,12.90,3.23,false,1,
7290106578241,false,דובונים חטיף תפוחי אדמה אסם (100 גרם),קבוצת אוסם סחר-שות.מוגבלת,,,יח`,1,100 גרם,false,1,9.90,9.90,false,1,
7290106578692,false,ביסלי במבה מיקס מהדורת אליפות אסם 80 גרם,קבוצת אוסם סחר שותפות מוגבלת,,,יח`,0.80,100 גרם,false,1,4.30,5.38,true,1,
7290106578821,false,הבית עוגת שמרים קלאסית בטעם שוקולד 350גר.,קבוצת אוסם סחר שותפות מוגבלת,,,יח`,3.50,100 גרם,false,1,17.90,5.11,true,1,
7290106652996,false,כיף כף מקלות קוקוס חלבי 40 גר',סולן בעבור שטראוס,,,יח`,0.42,100 גרם,false,1,5,11.90,true,1,
7290106653689,false,לקט לסלט אסייתי 350 גר`-טעם הטבע,ביכורי השדה הצפון בעמ` 1964,,,יח`,3.50,100 גרם,false,1,10.90,3.11,false,1,
7290106654099,false,מילקי CAKE עוגות אישיות במילוי קרם חלב,בובארד איטליה אס.פי.איי,,,יח`,2.72,100 גרם,false,1,19.90,7.32,false,1,
7290106656727,false,"עוגיות חיוכים שוקולד עלית 600 גרם בד""צ","אפיפית נצרת (1971) בע""\מ",,,יח`,6,100 גרם,false,1,17.90,2.98,false,1,
7290106663091,false,"לאבנה 9 % עם שמן זית 500 גר' ""שטראוס""",שטראוס גרופ בעמ/מצונן,,,יח`,5,100 גרם,false,1,17.90,3.58,false,1,
7290106664067,false,לאבנה עם שמן זית וזעתר 10% שטראוס 400 ג',שטראוס גרופ בעמ/מצונן,,,יח`,4,100 גרם,false,1,14.90,3.73,false,1,
7290106666788,false,עלית - סוכריות נוסטלגיה דבש ממולאות 80 גרם,"שטראוס גרופ בע""מ",,,יח`,0.80,100 גרם,false,1,5.90,7.38,false,1,
7290106667266,false,חטיף תירס חמוץ חריף דוריטוס (185 גרם),"שטראוס פריטו ליי בע""\מ )",,,יח`,1.85,100 גרם,false,1,7.50,4.05,false,1,
7290106668577,false,"מיץ לימון טבעי 250 מ""ל ""יד מרדכי""",האי נאם סי או אל.טי.,,,יח`,2.50,"100 מ""ל",false,1,7.90,3.16,true,1,
7290106668713,false,יוגורט עם פירות יער 3% שומן 150 ג' דנונה,שטראוס גרופ בעמ/מצונן,,,יח`,1.50,100 גרם,false,1,3.90,2.60,false,1,
7290106720626,false,חטיף תירס בטעם גבינה צ`יטוס (80 גרם),"שטראוס פריטו ליי בע""\מ )",,,יח`,0.80,100 גרם,false,1,4.50,5.63,false,1,
7290106721913,false,מסטיק מאסט MUST ללא סוכר בטעם מנטה מרעננת,שטראוס גרופ בע`מ,,,יח`,0.66,100 גרם,false,1,9.90,15,true,1,
7290106721920,false,צנצנת מסטיק מאסט בטעם ספירמינט עדין 66 ג' עלית,"שטראוס גרופ בע""\מ.",,,יח`,0.66,100 גרם,false,1,9.90,15,true,1,
7290106723689,false,עלי תרד בייבי 200 גר`שטראוס טעם הטבע,ביכורי השדה הצפון בעמ` 1964,,,יח`,2,100 גרם,false,1,10.90,5.45,false,1,
7290106726178,false,יוגורט PRO עם פירות יער 2.4% 10 גרם חלבון בגביע,שטראוס גרופ בעמ/מצונן,,,יח`,1.50,100 גרם,false,1,4.60,3.07,true,1,
7290106727984,false,"כיף כף פצפצים בגביע 135 גרם ""עלית""",שולן צ'\יקולטה גידה סאן.,,,יח`,1.35,100 גרם,false,1,9.90,7.33,false,1,
7290106729650,false,יוגורט עם תות מאגדת 8 יח' * 150ג' דנונה,שטראוס גרופ בעמ/מצונן,,,יח`,12,100 גרם,false,1,24.90,2.08,false,1,
7290107280013,false,"חמישיית מגבונים ל.מבושם ""ליטופים""",החברה הדרומית לשיווק בעמ,,,יח`,1,,false,1,19.90,19.90,true,1,
7290107280037,false,50 מטליות לחות לניקוי כללי גדולות ועבות,החברה הדרומית לשיווק בעמ,,,יח`,1,,false,1,10.90,10.90,true,1,
7290107280099,false,שלישיית מגובנים נשטפים באסלה סופט סוד 48 יחידות,החברה הדרומית לשיווק בעמ,,,יח`,1,,false,1,14.90,14.90,false,1,
7290107280129,false,סנו סושי 20 שקיות אשפה חזקות גדולות XXL,החברה הדרומית לשיווק בעמ,,,יח`,1,,false,1,23.90,23.90,false,1,
7290107280341,false,ריצפז מטליות לחות לניקוי הרצפה בניחוח מלון מפנק,החברה הדרומית לשיווק בעמ,,,יח`,1,,false,1,11.90,11.90,true,1,
7290107280389,false,"סנו - ג'ט מרסס לניקוי בחדר האמבטיה 750 מ""ל",החברה הדרומית לשיווק בעמ,,,יח`,7.50,"100 מ""ל",false,1,12.90,1.72,true,1,
7290107280563,false,סנו אוקסיג`ן ג`ל לכביסה בייבי 3 ל`,החברה הדרומית לשיווק בעמ,,,יח`,3,1 ליטר,false,1,29.90,9.97,true,1,
7290107280570,false,סנו - מקסימה ג'ל כביסה מרוכז לכביסה צבעונית 3 ליטר,החברה הדרומית לשיווק בעמ,,,יח`,3,1 ליטר,false,1,29.60,9.87,true,1,
7290107280709,false,ספארק נוזל הברקה למדיח סנו (700 מל),החברה הדרומית לשיווק בעמ,,,יח`,9,"100 מ""ל",false,1,14.90,1.66,true,1,
7290107280716,false,מלח למדיח להגנה מפני אבנית סנו ספארק Spark,החברה הדרומית לשיווק בעמ,,,יח`,2,"ק""ג",false,1,10.90,5.45,true,1,
7290107280723,false,נוזל לניקוי כלים סנו ספארק Spark בניחוח לימון רענן,החברה הדרומית לשיווק בעמ,,,יח`,7,"100 מ""ל",false,1,7.90,1.13,true,1,
7290107280730,false,נוזל לניקוי כלים סנו ספארק Spark בניחוח לבנדר,החברה הדרומית לשיווק בעמ,,,יח`,7,"100 מ""ל",false,1,7.90,1.13,true,1,
7290107280747,false,נוזל לניקוי כלים סנו ספארק Spark קלאסי,החברה הדרומית לשיווק בעמ,,,יח`,7,"100 מ""ל",false,1,7.90,1.13,true,1,
7290107280754,false,נוזל כלים סנו ספארק Spark היפואלרגני פריחת השקד,החברה הדרומית לשיווק בעמ,,,יח`,7,"100 מ""ל",false,1,7.90,1.13,true,1,
7290107280761,false,נוזל לניקוי כלים בניחוח לימון רענן סנו ספארק Spark,החברה הדרומית לשיווק בעמ,,,יח`,1,1 ליטר,false,1,10.90,10.90,false,1,
7290107280822,false,סנו ריצפז פרש הום 2 ליטר בניחוח ספא,החברה הדרומית לשיווק בעמ,,,יח`,2,1 ליטר,false,1,21.90,10.95,true,1,
7290107340243,false,מטען בית אייפון,קונסיגנציה-איי.איקס.אם ישראל ב,,,יח`,1,,false,1,39.90,39.90,false,1,
7290107341356,false,כבל אייפון IMX,קונסיגנציה-איי.איקס.אם ישראל ב,,,יח`,1,,false,1,18.90,18.90,false,1,
7290107341363,false,כבל מיקרו imx.,קונסיגנציה-איי.איקס.אם ישראל ב,,,יח`,1,,false,1,18.90,18.90,false,1,
7290107341370,false,כבל טייפסי imx,קונסיגנציה-איי.איקס.אם ישראל ב,,,יח`,1,,false,1,18.90,18.90,false,1,
7290107341394,false,אוזניות לבן imx,קונסיגנציה-איי.איקס.אם ישראל ב,,,יח`,1,,false,1,28.90,28.90,false,1,
7290107465335,false,מפזר חום לאמבטיה,אוהב ציון בעמ (מבצעים),,,יח`,1,,false,1,129,129,false,1,
7290107645928,false,קליק ביסקוויט לבן 75 גרם,יוניליוור ישראל שיווק בעמ,,,יח`,0.75,100 גרם,false,1,6.50,8.67,true,1,
7290107646062,false,אבקת מרק בצל רכיבים טבעיים קנור 400 ג',יוניליוור ישראל שיווק בע`מ,,,יח`,4,100 גרם,false,1,27.90,6.98,true,1,
7290107646154,false,"חטיף קוקומן פצפוצים תלמה 126 גרם מארז 6 יחידות בד""צ","יוניליוור ישראל שיווק בע""מ",,,יח`,1.26,100 גרם,false,1,14.90,11.83,true,1,
7290107646383,false,סיף מטליות לחות לניקוי רצפות בניחוח לימו,יוניליוור ישראל שיווק בעמ,,,יח`,1,,false,1,10.90,10.90,true,1,
7290107647076,false,קרמיסימו תותים ושוקולד לבן,גלידות שטראוס בעמ,,,יח`,1.33,1 ליטר,false,1,19.90,14.96,true,1,
7290107647663,false,שטראוס קרמיסימו בננה טופי,גלידות שטראוס בעמ,,,יח`,13.30,"100 מ""ל",false,1,19.90,1.50,true,1,
7290107647731,false,קוקומן חום לבן 20% פחות סוכר 375 גרם ב,יוניליוור ישראל שיווק בע`מ,,,יח`,3.75,100 גרם,false,1,21.90,5.84,true,1,
7290107649100,false,בייגלה טבעות שומשום 300 גרם.,"יוניליוור ישראל שיווק בע""מ",,,יח`,3,100 גרם,false,1,10.90,3.63,true,1,
7290107649605,false,קליק אקסטרא לארג שוקולד חלב עם פתיתי תירס ודגנים,יוניליוור ישראל שיווק בע`מ,,,יח`,0.85,100 גרם,false,1,5.90,6.94,false,1,
7290107649643,false,קליק חטיף שוקולד בטעפ כדורי שוקולד 70 גר,יוניליוור ישראל שיווק בעמ,,,יח`,0.70,100 גרם,false,1,6.50,9.29,true,1,
7290107649681,false,טילון פסק זמן - נוגט קראנץ',"מיוצר ע""\י גלידת שטראוס",,,יח`,1,,false,1,6.60,6.60,true,1,
7290107649773,false,שטראוס קרמיסימו טעם פיסטוק ושוקולד עם רי,גלידות שטראוס בעמ,,,יח`,1.33,1 ליטר,false,1,19.90,14.96,true,1,
7290107649780,false,שוקובו שוקולד 85 גרם,"מיוצר ע""\י גלידת שטראוס",,,יח`,1,,false,1,7.90,7.90,true,1,
7290107649858,false,טילון סופר מגנום וניל ושוקלד לבן,"מיוצר ע""\י גלידת שטראוס",,,יח`,1,,false,1,9.90,9.90,true,1,
7290107871990,false,פסטה צינורות מהדרין אסם (500 גרם),קבוצת אוסם סחר שותפות מוגבלת,,,יח`,5,100 גרם,false,1,5.90,1.18,true,1,
7290107874502,false,ביסלי גריל קדמ. מארז אחיד 10 4*55 גרם,קבוצת אוסם סחר שותפות מוגבלת,,,יח`,2.20,100 גרם,false,1,12.90,5.86,true,1,
7290107875004,false,פופקורן חמאה ודבש מארז12*20גר',קבוצת אסם סחר שות. מוגבלת,,,יח`,1,,false,1,19.90,19.90,true,1,
7290107875158,false,במבה קלאסי מארז 4 יח' *60ג' אסם,קבוצת אוסם סחר-שות.מוגבלת,,,יח`,2.40,100 גרם,false,1,12.90,5.38,true,1,
7290107875271,false,ביסלי ברביקיו קדמ. מארז אחיד10 4*55 גרם,קבוצת אוסם סחר שותפות מוגבלת,,,יח`,2.20,100 גרם,false,1,12.90,5.86,true,1,
7290107875820,false,קרוטונים אפויים בתיבול ביתי אוסם 180 ג',קבוצת אוסם סחר שותפות מוגבלת,,,יח`,1.80,100 גרם,false,1,10.90,6.06,false,1,
7290107877619,false,מארז במבה במילוי קרם נוגט 5*30ג' אסם,קבוצת אוסם סחר שותפות מוגבלת,,,יח`,1.50,100 גרם,false,1,14.90,9.93,true,1,
7290107879521,false,קרחון לה פרוטה שרבט תות מאגדת 5יח',נגה גלידות שותפות מוגבלת,,,יח`,3.50,100 גרם,false,1,25.90,7.40,false,1,
7290107879569,false,קרחון לה פרוטה שרבט מנגו מאגדת 5יח',נגה גלידות שותפות מוגבלת,,,יח`,3.50,100 גרם,false,1,25.90,7.40,false,1,
7290107931397,false,כיף כף פצפוצים במילוי שוקולד 40 גרם,שולן צ'\יקולטה גידה סאן.,,,יח`,0.40,100 גרם,false,1,4.90,12.25,true,1,
7290107932080,false,חלב 3% מועשר בבקבוק יטבתה (1 ליטר),שטראוס גרופ בעמ/מצונן,,,יח`,10,"100 מ""ל",false,1,7.60,0.76,false,1,
7290107932134,false,חלב מועשר 1% בבקבוק יטבתה (1 ליטר),שטראוס גרופ בעמ/מצונן,,,יח`,10,"100 מ""ל",false,1,7.60,0.76,false,1,
7290107934473,false,שמינייה יוגורט לבן אקטיביה 1.5% דנונה 150 גרם,שטראוס גרופ בעמ/מצונן,,,יח`,1.20,1 ליטר,false,1,19.90,16.58,false,1,
7290107936309,false,דנונה יוגורט 7% יווני לבן 130 ג',שטראוס גרופ בעמ/מצונן,,,יח`,1.30,100 גרם,false,1,3.50,2.69,false,1,
7290107936958,false,עד חצות ביסקוויט אצבעות שוקולד 125 גרם,ביסקוויטס טור ד'\אלבון,,,יח`,1.25,100 גרם,false,1,10.90,8.72,false,1,
7290107936965,false,עיגולים עד חצות עם שוקולד חלב 225 גר,ביסקווטרי עוגיות סנט,,,יח`,2.25,100 גרם,false,1,11.90,5.29,false,1,
7290107937542,false,משקה יוגורט אקטיביה עם תות 1.2% שומן,שטראוס גרופ בעמ/מצונן,,,יח`,2.50,"100 מ""ל",false,1,4.90,1.96,false,1,
7290107937627,false,מסטיק מאסט Must קוביות ללא סוכר בטעם מנטה עדינה,שטראוס גרופ בע`מ,,,יח`,0.58,100 גרם,false,1,9.90,17.07,true,1,
7290107937856,false,קפסולות 11חזק למכונות נספרסו עלית 10יח',הנסיך- מפעל לייצור ט,,,יח`,0.50,100 גרם,false,1,16.90,33.80,true,1,
7290107939027,false,גזר דק דק 250 גר שטראוס ירקות טעם הטבע,ביכורי השדה הצפון בעמ` 1964,,,יח`,2.50,100 גרם,false,1,7.90,3.16,false,1,
7290107940467,false,אקטיביה יוגורט קרמי 1.5% דנונה (200 גרם),שטראוס גרופ בעמ/מצונן,,,יח`,2,100 גרם,false,1,3.90,1.95,false,1,
7290107943192,false,"שמנת חמוצה מהערבה 27% שומן 200 מ""ל יטבתה",שטראוס גרופ בעמ/מצונן,,,יח`,2,"100 מ""ל",false,1,3.90,1.95,false,1,
7290107943369,false,קוואקר שיבולת שועל ללא גלוטן 511 גר'.,שטראוס פריטו ליי בע`מ,,,יח`,5.11,100 גרם,false,1,19.90,3.89,false,1,
7290107944243,false,אפיפיות בטעם שוקולד 200 גרם כשר לפסח,"שטראוס גרופ בע""\מ",,,יח`,2,100 גרם,false,1,6.90,3.45,false,1,
7290107944472,false,סימפוניה גבינה במרקם שמנת 5% שום שמיר,שטראוס גרופ בעמ/מצונן,,,יח`,2,100 גרם,false,1,11.40,5.70,true,1,
7290107945165,false,קונפיטורת משמש יד מרדכי 340 גרם,אף.סי תבליני בגליל ב,,,יח`,3.40,100 גרם,false,1,11.90,3.50,false,1,
7290107950190,false,מעדן חלב דל קלוריות בטעם שוקולד מריר 0.5% שומן,שטראוס גרופ בעמ/מצונן,,,יח`,1.30,100 גרם,false,1,3.20,2.46,false,1,
7290107950206,false,מעדן דיאט שוקולד שטראוס 130 גרם,שטראוס גרופ בעמ/מצונן,,,יח`,1.30,100 גרם,false,1,3.20,2.46,false,1,
7290107951104,false,בפלות ופלים ארוכים בטעם שוקולד,"שטראוס גרופ בע""\מ",,,יח`,2,100 גרם,false,1,3.90,1.95,false,1,
7290107951715,false,צנצנת מסטיק מאסט קוביות בטעם ענבים 58 ג' עלית,"שטראוס גרופ בע""מ",,,יח`,0.58,100 גרם,false,1,9.90,17.07,true,1,
7290107953559,false,"מארז קפה טורקי עלית לדרך כשל""פ 168 גרם",הנסיך- מפעל לייצור ט,,,יח`,1.68,100 גרם,false,1,17.90,10.65,false,1,
7290107954709,false,"קונפיטורת פירות יער ""יד מרדכי"" 340 גר'",שטראוס גרופ בע`מ,,,יח`,3.40,100 גרם,false,1,11.90,3.50,false,1,
7290107954976,false,משקה חלב PRO עם קפה 1.5% 25 גרם חלבון בבקבוק,שטראוס גרופ בעמ/מצונן,,,יח`,3.50,"100 מ""ל",false,1,6.50,1.86,false,1,
7290107956642,false,"תרסיס שמן זית 150 מ""ל יד מרדכי כשלפ",פארייפאבה אגרואינדוס,,,יח`,1.50,"100 מ""ל",false,1,17.90,11.93,false,1,
7290107956925,false,קפסולות 13 אוגנדה למכונת נספרסו עלית 10יח',שטראוס קפה בי.וי.,,,יח`,0.50,100 גרם,false,1,16.90,33.80,true,1,
7290107956932,false,קפסולות אינדונזיה מס 12 למכונת אספרסו,שטראוס קפה בי.וי.,,,יח`,0.50,100 גרם,false,1,16.90,33.80,true,1,
7290107957991,false,מילקי CAKE מיניס קרם חלב בציפוי שוקולד חלב שקית 16X9ג',בובארד איטליה אס.פי.איי,,,יח`,1.44,100 גרם,false,1,13.90,9.65,false,1,
7290107971539,false,חטיף בוטנים וקשיו עם שוקולד מריר ללא גלוטן,אמקו סאם מילס ספול.,,,יח`,1.40,100 גרם,false,1,15.90,11.36,false,1,
7290107973861,false,מאסטר שף עגבניות קצוצות דק שלישיה 400ג*3 כשלפ,קונסרזיו קאסאלאסקו ד,,,יח`,12,100 גרם,false,1,15.90,1.33,false,1,
7290107974066,false,"עלי טורטיה קמח מלא 20ס""מ 8יח' מאסטר שף 320ג'",אלקאטי קורביישיסי גי,,,יח`,3.20,100 גרם,false,1,9.90,3.09,true,1,
7290107974073,false,מנה עלי טורטיה קמח לבן מ.שף 20 סמ 320 גר,אלקאטי קורביישיסי גי,,,יח`,3.20,100 גרם,false,1,9.90,3.09,true,1,
7290107974301,false,ליידי ספיד סטיק - דאודורנט ג'ל לאישה אלוורה 45 גרם,ליידי ספיד סטיק Lady Speed Stick,,,יח`,0.65,"100 מ""ל",false,1,16.90,26,false,1,
7290107974806,false,"אורז בסגנון בסמטי 1ק""ג מאסטר שף",דווה סינג שיהם סינג,,,יח`,1,"ק""ג",false,1,12.90,12.90,true,1,
7290107974813,false,"אורז יסמין 1 ק""ג מאסטר שף",טאומי אינטרפרייד,,,יח`,10,100 גרם,false,1,10.90,1.09,false,1,
7290107974820,false,ממרח בטעם ספייסי מיונז מאסטר שף 250 גרם,רמיה סי.וי.הולנד,,,יח`,2.52,100 גרם,false,1,7.90,3.13,true,1,
7290107975292,false,ליידי ספיד סטיק - דאודורנט סטיק נערות ורוד 65 גרם,ליידי ספיד סטיק Lady Speed Stick,,,יח`,0.65,100 גרם,false,1,19.90,30.62,true,1,
7290107975360,false,ליידי ספיד סטיק פיור פרשנס ג'ל נשים 65ג',ליידי ספיד סטיק Lady Speed Stick,,,יח`,0.65,"100 מ""ל",false,1,17.90,27.54,false,1,
7290107978323,false,איטריות דקיקות מאסטר שף 400 גרם,הדקלאים אגודת שיתופי,,,יח`,4,100 גרם,false,1,5.90,1.48,true,1,
7290107978330,false,איטריות דקות מאסטר שף 400 גרם,הדקלאים אגודת שיתופי,,,יח`,4,100 גרם,false,1,5.90,1.48,true,1,
7290107978347,false,איטריות בינוניות מאסטר שף 400 גרם,הדקלאים אגודת שיתופי,,,יח`,4,100 גרם,false,1,5.90,1.48,true,1,
7290107978460,false,קראנצ וס פלאפל 60ג חדש,ש. שסטוביץ בע`מ,,,יח`,0.55,100 גרם,false,1,2.50,4.55,true,1,
7290108201284,false,איירוויק מקלות ריחניים בניחוח לבנדר מתוק,רקיט בנקיזר (ניר איסט) בעמ,,,יח`,0.30,"100 מ""ל",false,1,14.90,49.67,true,1,
7290108350128,false,סנו סושי שקיות אשפה חזקות במיוחד 40 יח',החברה הדרומית לשיווק בעמ,,,יח`,1,,false,1,23.90,23.90,false,1,
7290108350142,false,"שקיות רב שימושיות גדולות 25*35 ס""מ סנו סושי 270 יחידות",החברה הדרומית לשיווק בעמ,,,יח`,1,,false,1,11.90,11.90,false,1,
7290108350586,false,נוזל לניקוי כלים סנו ספארק Spark בניחוח לימון רענן,החברה הדרומית לשיווק בעמ,,,יח`,1.50,1 ליטר,false,1,14.90,9.93,true,1,
7290108350616,false,סנו - מקסימה מרכך כביסה מרוכז פריחה כחולה 1 ליטר,החברה הדרומית לשיווק בעמ,,,יח`,1,1 ליטר,false,1,17.90,17.90,true,1,
7290108350623,false,מרכך כביסה סופר מרוכז סופט סילק מקסימה 1 ל' סנו,החברה הדרומית לשיווק בעמ,,,יח`,1,1 ליטר,false,1,17.90,17.90,true,1,
7290108350647,false,"כיף פיות קרם מתיר קשרים 350 מ""ל-מרכז",החברה הדרומית לשיווק בעמ,,,יח`,3.50,"100 מ""ל",false,1,19.90,5.69,true,1,
7290108350715,false,"סנו פורטה FREE נוזל מרוכז להסרת שומנים 750 מ""ל",החברה הדרומית לשיווק בעמ,,,יח`,7.50,"100 מ""ל",false,1,12.90,1.72,false,1,
7290108351118,false,K4000 קוטל זבובים/יתושים,החברה הדרומית לשיווק בעמ,,,יח`,7.50,"100 מ""ל",false,1,29.90,3.99,false,1,
7290108351149,false,ג'ל ניקוי כללי בתוספת אבקת סודה ריח כביסה סנו ג'ט 1.5 ליטר,החברה הדרומית לשיווק בעמ,,,יח`,1.50,1 ליטר,false,1,12.90,8.60,true,1,
7290108351156,false,ג'ל ניקוי כללי בתוספת חומץ בריח לבנדר סנו ג'ט 1.5 ליטר,החברה הדרומית לשיווק בעמ,,,יח`,1.50,1 ליטר,false,1,12.90,8.60,true,1,
7290108351507,false,מרכך כביסה אינספרישיין סנו מקסימה 4 ליטר,החברה הדרומית לשיווק בעמ,,,יח`,4,1 ליטר,false,1,19.90,4.98,true,1,
7290108351514,false,מרכך כביסה בלו בלוסום סנו מקסימה 4 ליטר,החברה הדרומית לשיווק בעמ,,,יח`,40,"100 מ""ל",false,1,19.90,0.50,true,1,
7290108351552,false,"סנו - ג'ט לניקוי כללי בתוספת חומץ בניחוח לבנדר 750 מ""ל",החברה הדרומית לשיווק בעמ,,,יח`,7.50,"100 מ""ל",false,1,13.90,1.85,true,1,
7290108351569,false,מבשם ומרכך למייבש כביסה Baby לתינוקות ולעור רגיש,החברה הדרומית לשיווק בעמ,,,יח`,7.50,"100 מ""ל",false,1,17.90,2.39,true,1,
7290108351606,false,מטהר אוויר בלו בלוסום סנו פרש הום 350 מל,החברה הדרומית לשיווק בעמ,,,יח`,3.50,"100 מ""ל",false,1,11.90,3.40,true,1,
7290108351613,false,סנו ריצפז פרש הום 2 ליטר בניחוח מלון חלומי,החברה הדרומית לשיווק בעמ,,,יח`,2,1 ליטר,false,1,21.90,10.95,true,1,
7290108351699,false,סנו - ג'ט מטליות לחות לניקוי כללי בתוספת חומץ לבנדר שלישיה,החברה הדרומית לשיווק בעמ,,,יח`,1,,false,1,20,20,true,1,
7290108351705,false,פניני בישום לכביסה275 גר` fresh linen,החברה הדרומית לשיווק בעמ,,,יח`,2.75,100 גרם,false,1,19.90,7.24,false,1,
7290108351774,false,מרסס סנו לניקוי וטיפול במוצרי עור 500 מל,החברה הדרומית לשיווק בעמ,,,יח`,5,"100 מ""ל",false,1,29.90,5.98,false,1,
7290108351804,false,מרכך כביסה סופר מרוכז Gentl Breeze סנו מקסימה 1 ליטר,החברה הדרומית לשיווק בעמ,,,יח`,1,1 ליטר,false,1,17.90,17.90,true,1,
7290108351811,false,מרכך כביסה סופר מרוכז Floral touch סנו מקסימה 1 ליטר,החברה הדרומית לשיווק בעמ,,,יח`,1,1 ליטר,false,1,17.90,17.90,true,1,
7290108351835,false,מרכך כביסה Pure Sensation סנו מקסימה 4 ליטר,החברה הדרומית לשיווק בעמ,,,יח`,40,"100 מ""ל",false,1,19.90,0.50,true,1,
7290108351910,false,סנו ספארק טבליות למדיח 30 יחידות,החברה הדרומית לשיווק בעמ,,,יח`,1,,false,1,19.90,19.90,false,1,
7290108351941,false,סנובון סבון אסלה מוצק RINGS בניחוח יערות שלישיה,החברה הדרומית לשיווק בעמ,,,יח`,1,,false,1,14.90,14.90,true,1,
7290108351972,false,סנופרש הום מבשם לבית בניחוח מלון בוטיק,החברה הדרומית לשיווק בעמ,,,יח`,2,"100 מ""ל",false,1,12.90,6.45,true,1,
7290108351989,false,"מטהר אוויר סנו פרש הום מלון מפנק 200 מ""ל",החברה הדרומית לשיווק בעמ,,,יח`,2,"100 מ""ל",false,1,12.90,6.45,true,1,
7290108351996,false,"חיטוי בייבי 99.9% לחיטוי וניקוי בסביבת תינוקות 750 מ""ל",החברה הדרומית לשיווק בעמ,,,יח`,7.50,"100 מ""ל",false,1,14.90,1.99,true,1,
7290108352016,false,סנובון Design שלישייה בניחוח מרכך כביס,החברה הדרומית לשיווק בעמ,,,יח`,1,,false,1,14.90,14.90,false,1,
7290108352023,false,שלישיית סנובון מוצק לאסלה DESIGN בניחוח ספא,החברה הדרומית לשיווק בעמ,,,יח`,1,,false,1,14.90,14.90,false,1,
7290108352078,false,"אורביטול שטיפת פה 500 מ""ל Protective Salt",החברה הדרומית לשיווק בעמ,,,יח`,5,"100 מ""ל",false,1,19.90,3.98,false,1,
7290108352085,false,"מי פה אורביטול רעננות חריפה 500 מ""ל",החברה הדרומית לשיווק בעמ,,,יח`,5,"100 מ""ל",false,1,19.90,3.98,true,1,
7290108352207,false,מקסימה 40 קפסולות לכביסה בניחוח fresh burst,החברה הדרומית לשיווק בעמ,,,יח`,1,,false,1,36.90,36.90,true,1,
7290108352214,false,סנו - מקסימה קפסולות כביסה בניחוח בריזה מרעננת 40 יח',החברה הדרומית לשיווק בעמ,,,יח`,1,,false,1,36.90,36.90,true,1,
7290108352221,false,סנופרש הום מבשם נוזלי בניחוח מלון מפנק,החברה הדרומית לשיווק בעמ,,,יח`,3.50,"100 מ""ל",false,1,11.90,3.40,true,1,
7290108352252,false,נוזל לניקוי כלים מתאים לניקוי ירקות ופירות סנו ספארק,החברה הדרומית לשיווק בעמ,,,יח`,1,1 ליטר,false,1,10.90,10.90,false,1,
7290108352290,false,שלישיית מטליות לחיטוי ולניקוי יסודי לחדר האמבטיה סדרת 99.9%,החברה הדרומית לשיווק בעמ,,,יח`,1,,false,1,19.90,19.90,true,1,
7290108352320,false,"מבשם אויר סנו פרש הום בניחוח כותנה מלטפת 350 מ""ל",החברה הדרומית לשיווק בעמ,,,יח`,3.50,"100 מ""ל",false,1,11.90,3.40,true,1,
7290108352337,false,"מטהר אויר פרש הום אוטומטיק מלון מפנק 250 מ""ל",החברה הדרומית לשיווק בעמ,,,יח`,2.50,"100 מ""ל",false,1,13.90,5.56,false,1,
7290108352344,false,"פרש מבשם אויר אוטומטי בניחוח לבנדר סנו 250 מ""ל",החברה הדרומית לשיווק בעמ,,,יח`,2.50,"100 מ""ל",false,1,13.90,5.56,false,1,
7290108352399,false,ריצפז פרש הום בניחוח מרכך כביסה פלורל טאצ',החברה הדרומית לשיווק בעמ,,,יח`,2,1 ליטר,false,1,21.90,10.95,true,1,
7290108352436,false,סנובון מוצק בניחוח נגוליה ונרולי שלישייה,החברה הדרומית לשיווק בעמ,,,יח`,1.65,100 גרם,false,1,17.90,10.85,true,1,
7290108352443,false,סנובון מוצק לניקוי אסלה כחול סנו 3 יחידות,החברה הדרומית לשיווק בעמ,,,יח`,1.65,100 גרם,false,1,17.90,10.85,true,1,
7290108352450,false,ריצפז פרש הום בניחוח מרכך כביסה בלו בלוסום,החברה הדרומית לשיווק בעמ,,,יח`,2,1 ליטר,false,1,21.90,10.95,true,1,
7290108352528,false,"מתז לחיטוי וניקוי חדר האמבטיה 99.9% 750 מ""ל",החברה הדרומית לשיווק בעמ,,,יח`,7.50,"100 מ""ל",false,1,14.90,1.99,true,1,
7290108352535,false,דפי בישום לחים למייבש הכביסה בניחוח מרכך כביסה 20 יח' מקסימה,החברה הדרומית לשיווק בעמ,,,יח`,1,,false,1,12.90,12.90,false,1,
7290108352566,false,מרכך כביסה בבישום עוצמתי 4 ל' סנו מקסינה,החברה הדרומית לשיווק בעמ,,,יח`,40,"100 מ""ל",false,1,19.90,0.50,true,1,
7290108352573,false,מרכך כביסה סנו מקסימה בבישום עוצמתי 4 ליטר,החברה הדרומית לשיווק בעמ,,,יח`,4,1 ליטר,false,1,19.90,4.98,true,1,
7290108352597,false,דלי מגבונים לניקוי כללי סנו 400 יחידות,החברה הדרומית לשיווק בעמ,,,יח`,1,,false,1,29.90,29.90,false,1,
7290108352641,false,סנו סושי מטלית הפלא לניקוי כללי במארז שלישייה,החברה הדרומית לשיווק בעמ,,,יח`,1,,false,1,14.90,14.90,false,1,
7290108352795,false,שקיות זיפר 50 יח`במידה M סנו סושי,החברה הדרומית לשיווק בעמ,,,יח`,1,,false,1,11.90,11.90,true,1,
7290108352801,false,"שקיות אשפה לפחים קטנים 45 * 56 ס""מ סנו סושי 100 יחידות",החברה הדרומית לשיווק בעמ,,,יח`,1,,false,1,19.90,19.90,false,1,
7290108352818,false,מטלית במבוק לניקוי דוחה ריחות רעים,החברה הדרומית לשיווק בעמ,,,יח`,1,,false,1,7.90,7.90,false,1,
7290108352825,false,ספוג הפלא נירוסטה סנו סושי 3יח',החברה הדרומית לשיווק בעמ,,,יח`,1,,false,1,11.90,11.90,true,1,
7290108352870,false,סנו סושי שקיות צלייה 10יח' מידה XL,החברה הדרומית לשיווק בעמ,,,יח`,1,,false,1,8.90,8.90,false,1,
7290108352887,false,"זוג מפות שולחן עשויות מבד בלתי ארוג 180*120 ס""מ",החברה הדרומית לשיווק בעמ,,,יח`,1,,false,1,9.90,9.90,true,1,
7290108353068,false,ספוג הפלא נירוסטה עם סיבי קירצוף סנו סושי 2 יח',החברה הדרומית לשיווק בעמ,,,יח`,1,,false,1,9.90,9.90,false,1,
7290108353099,false,ממחטות אף במארז ניילון סנו סופט 5 יח' * 100 דף,החברה הדרומית לשיווק בעמ,,,יח`,1,,false,1,11.90,11.90,false,1,
7290108353334,false,"כיף שמפו למניעת קשקשים עם שמן עץ התה ואסאי 700 מ""ל",החברה הדרומית לשיווק בעמ,,,יח`,7,"100 מ""ל",false,1,11.90,1.70,true,1,
7290108353341,false,"מרכך למניעת קשקשים עם שמן עץ התה ואסאי 700 מ""ל כיף",החברה הדרומית לשיווק בעמ,,,יח`,7,"100 מ""ל",false,1,11.90,1.70,true,1,
7290108353372,false,אורביטול צמד מברשות שיניים 12000 סיבי פחם,החברה הדרומית לשיווק בעמ,,,יח`,1,,false,1,29.90,29.90,true,1,
7290108353396,false,צמד מברשות שיניים עם סיבים דקים ורכים במיוחד,החברה הדרומית לשיווק בעמ,,,יח`,1,,false,1,19.90,19.90,true,1,
7290108353471,false,סנובון מוצק לאסלה DESIGN בניחוח ספא,החברה הדרומית לשיווק בעמ,,,יח`,1,,false,1,6.90,6.90,true,1,
7290108353501,false,"שקיות אשפה ענקיות עם ידיות ענקיות 75*90 ס""מ סנו סושי 25 יחידות",החברה הדרומית לשיווק בעמ,,,יח`,1,,false,1,19.90,19.90,false,1,
7290108353532,false,"שקיות אשפה חזקות עם שרוך לארג' 54 * 65 ס""מ סנו סושי 100 יחידות",החברה הדרומית לשיווק בעמ,,,יח`,1,,false,1,29.90,29.90,true,1,
7290108353648,false,סנו סושי - שקיות אוכל מנייר 70 יחידות,החברה הדרומית לשיווק בעמ,,,יח`,1,,false,1,11.90,11.90,false,1,
7290108353655,false,"סנו סושי - 50 מפיות אירוח איכותיות גדולות ועבות 3 שכבות לבנות """,החברה הדרומית לשיווק בעמ,,,יח`,1.94,100 גרם,false,1,8.90,4.59,false,1,
7290108353686,false,מטלית חלומית לרצפה סנו סושי 1 יחידה,החברה הדרומית לשיווק בעמ,,,יח`,1,,false,1,11.90,11.90,true,1,
7290108353709,false,כפפות ניטריל שחורות 80 יח' S סנו סושי,החברה הדרומית לשיווק בעמ,,,יח`,1,,false,1,29.90,29.90,false,1,
7290108353730,false,"קרמה - תחליב רחצה חימר אוכמניות כחולות 500 מ""ל",החברה הדרומית לשיווק בעמ,,,יח`,5,"100 מ""ל",false,1,12.90,2.58,true,1,
7290108353808,false,"תחליב רחצה מדגסקר נקה 7 בניחוח אמבר 750 מ""ל",החברה הדרומית לשיווק בעמ,,,יח`,7.50,"100 מ""ל",false,1,10.90,1.45,true,1,
7290108353839,false,סושי כפפות ניטריל שחורות 80 יחידות M,החברה הדרומית לשיווק בעמ,,,יח`,1,,false,1,29.90,29.90,false,1,
7290108353846,false,סושי כפפות ניטריל שחורות 80 יחידות L,החברה הדרומית לשיווק בעמ,,,יח`,1,,false,1,29.90,29.90,false,1,
7290108353990,false,"קרמה - קרם גוף קרמה מאסק 500 מ""ל",החברה הדרומית לשיווק בעמ,,,יח`,5,"100 מ""ל",false,1,23.90,4.78,true,1,
7290108354270,false,מרכך כביסה מרוכז בבישום עוצמתי 1 ל' סנו מקסימה,החברה הדרומית לשיווק בעמ,,,יח`,1,1 ליטר,false,1,17.90,17.90,true,1,
7290108354416,false,"תחליב רחצה יוגה, בניחוח ברגמוט 600מ""ל קרימה",החברה הדרומית לשיווק בעמ,,,יח`,6,"100 מ""ל",false,1,17.90,2.98,true,1,
7290108354430,false,"כיף שמפו לשיקום והזנה,שמן קוקוס וקרטין 700 מ""ל",החברה הדרומית לשיווק בעמ,,,יח`,7,"100 מ""ל",false,1,11.90,1.70,true,1,
7290108354447,false,"כיף מרכך לשיקום והזנה שמן קוקוס וקרטין 700 מ""ל",החברה הדרומית לשיווק בעמ,,,יח`,7,"100 מ""ל",false,1,11.90,1.70,true,1,
7290108354492,false,"קרליין שמפו 10 לשיער שמן ארגן 700 מ""ל",החברה הדרומית לשיווק בעמ,,,יח`,7,"100 מ""ל",false,1,14.90,2.13,true,1,
7290108354607,false,"שמפו בניחוח מי קקטוס ושמן באבאסו 750 מ""ל נקה 7",החברה הדרומית לשיווק בעמ,,,יח`,7.50,"100 מ""ל",false,1,10.90,1.45,true,1,
7290108354706,false,"קרמה - תחליב רחצה מאסק 500 מ""ל",החברה הדרומית לשיווק בעמ,,,יח`,5,"100 מ""ל",false,1,12.90,2.58,true,1,
7290108354713,false,"קרמה - תחליב רחצה קלאסי 500 מ""ל",החברה הדרומית לשיווק בעמ,,,יח`,5,"100 מ""ל",false,1,12.90,2.58,true,1,
7290108354911,false,"שמפו, ג'ל רחצה וגילוח מועשר בתמצית אלוורה",החברה הדרומית לשיווק בעמ,,,יח`,7,"100 מ""ל",false,1,15,2.14,true,1,
7290108354973,false,"סבון ידיים ורד ווניל קרמה 300 מ""ל",החברה הדרומית לשיווק בעמ,,,יח`,3,"100 מ""ל",false,1,9.90,3.30,true,1,
7290108355000,false,שמפו לילדים מיניונים נקה 7 (750 מל),החברה הדרומית לשיווק בעמ,,,יח`,7.50,"100 מ""ל",false,1,10.90,1.45,true,1,
7290108355031,false,"נקה 7 אל סבון לילדים מיניונים 750 מ""ל",החברה הדרומית לשיווק בעמ,,,יח`,7.50,"100 מ""ל",false,1,10.90,1.45,true,1,
7290108355079,false,לחו.לשיער מקצועי קוקוס נטורל פורמולה 400,החברה הדרומית לשיווק בעמ,,,יח`,4.10,"100 מ""ל",false,1,29.90,7.29,false,1,
7290108355147,false,תחליב רחצה שמנהי הזנה נקה (7507 מל),טרופיקל דגיל תעשיות קוסמ,,,יח`,7.50,"100 מ""ל",false,1,10.90,1.45,true,1,
7290108355154,false,נקה 7 שמפו לשיער שמני הזנה 750 מל,החברה הדרומית לשיווק בעמ,,,יח`,7.50,"100 מ""ל",false,1,10.90,1.45,true,1,
7290108355161,false,"מרכך שיער שמני הזנה 750 מ""ל נקה 7",החברה הדרומית לשיווק בעמ,,,יח`,7.50,"100 מ""ל",false,1,10.90,1.45,true,1,
7290108355178,false,"קרמה - קרם ידיים חמאת שיאה וקוקוי 100 מ""ל",החברה הדרומית לשיווק בעמ,,,יח`,1,"100 מ""ל",false,1,9.90,9.90,false,1,
7290108355192,false,"מרכך קרטין אינטנס למניעת קשקשים נטורל פורמולה 400 מ""ל",החברה הדרומית לשיווק בעמ,,,יח`,4,"100 מ""ל",false,1,29.90,7.48,false,1,
7290108355208,false,"שמפו קרטין אינטנס למניעת קשקשים נטורל 400 מ""ל",החברה הדרומית לשיווק בעמ,,,יח`,4.10,"100 מ""ל",false,1,29.90,7.29,false,1,
7290108355314,false,מרכך לסירוק קל בתוספת רוזמרין,החברה הדרומית לשיווק בעמ,,,יח`,7.50,"100 מ""ל",false,1,11.90,1.59,true,1,
7290108355543,false,"קרמה - דאודורנט ספריי לאישה נרולי מגנוליה 150 מ""ל",החברה הדרומית לשיווק בעמ,,,יח`,1.50,"100 מ""ל",false,1,12.90,8.60,true,1,
7290108356021,false,כיף תחליב רחצה בניחוח גלידת קרם עוגיות,החברה הדרומית לשיווק בעמ,,,יח`,7,"100 מ""ל",false,1,11.90,1.70,true,1,
7290108356045,false,"כיף תחליב רחצה בניחוח גלידת סוכריות ג'לי 700 מ""ל",החברה הדרומית לשיווק בעמ,,,יח`,7,"100 מ""ל",false,1,11.90,1.70,true,1,
7290108356106,false,כיף תחליב רחצה חלב שקדים 700 מל,החברה הדרומית לשיווק בעמ,,,יח`,7,"100 מ""ל",false,1,11.90,1.70,true,1,
7290108356113,false,תחליב רחצה כיף ניחוח דבש 700 מל,החברה הדרומית לשיווק בעמ,,,יח`,7,"100 מ""ל",false,1,11.90,1.70,true,1,
7290108356120,false,תחליב רחצה כיף ניחוח קוקוס וניל700 מל,החברה הדרומית לשיווק בעמ,,,יח`,7,"100 מ""ל",false,1,11.90,1.70,true,1,
7290108356137,false,תחליב רחצה כיף ניחוח לבנדר 700 מל,החברה הדרומית לשיווק בעמ,,,יח`,7,"100 מ""ל",false,1,11.90,1.70,true,1,
7290108356151,false,תחליב רחצה כיף ניחוחמאסק יסמין 700 מל,החברה הדרומית לשיווק בעמ,,,יח`,7,"100 מ""ל",false,1,11.90,1.70,true,1,
7290108356168,false,תחליב רחצה כיף ניחוח אוקיינס700 מל,החברה הדרומית לשיווק בעמ,,,יח`,7,"100 מ""ל",false,1,11.90,1.70,true,1,
7290108356229,false,ג'ל גילוח לכל סוגי העור מועשר בפחם פעיל,החברה הדרומית לשיווק בעמ,,,יח`,2,"100 מ""ל",false,1,10.90,5.45,false,1,
7290108356274,false,"כיף - מוס רחצה בניחוח תותים ושמנת 150 מ""ל",החברה הדרומית לשיווק בעמ,,,יח`,1.50,"100 מ""ל",false,1,12.90,8.60,true,1,
7290108356298,false,"כיף - מוס רחצה בניחוח קרם עוגיות 150 מ""ל",החברה הדרומית לשיווק בעמ,,,יח`,1.50,"100 מ""ל",false,1,12.90,8.60,true,1,
7290108356519,false,קרליין שמפו 10למניעת קשקשים 700מל,החברה הדרומית לשיווק בעמ,,,יח`,7,"100 מ""ל",false,1,14.90,2.13,true,1,
7290108356526,false,"קרליין - שמפו 10 לשיער יבש 700 מ""ל",החברה הדרומית לשיווק בעמ,,,יח`,7,"100 מ""ל",false,1,14.90,2.13,true,1,
7290108356533,false,קרוליין 10 שמפו לשיער מתולתל 700 מל,החברה הדרומית לשיווק בעמ,,,יח`,7,"100 מ""ל",false,1,14.90,2.13,true,1,
7290108356564,false,"קרליין - מרכך 10 לשיער רגיל 700 מ""ל",החברה הדרומית לשיווק בעמ,,,יח`,7,"100 מ""ל",false,1,14.90,2.13,true,1,
7290108356571,false,"קרליין - מרכך 10 לשיער יבש 700 מ""ל",החברה הדרומית לשיווק בעמ,,,יח`,7,"100 מ""ל",false,1,14.90,2.13,true,1,
7290108356588,false,קרוליין 10 מרכך לשיער מתולתל 700 מל,החברה הדרומית לשיווק בעמ,,,יח`,7,"100 מ""ל",false,1,14.90,2.13,true,1,
7290108356595,false,קרוליין 10 מרכך לשיער צבוע 700 מל,החברה הדרומית לשיווק בעמ,,,יח`,7,"100 מ""ל",false,1,14.90,2.13,true,1,
7290108356809,false,סבון בוטני ורד ומרווה לניקוי וטיפוח הידיים טבעוני 1 ל' כיף,החברה הדרומית לשיווק בעמ,,,יח`,1,1 ליטר,false,1,14.90,14.90,false,1,
7290108357004,false,כיף שמפו ורד ושמן קוקוי לרכות וברק,החברה הדרומית לשיווק בעמ,,,יח`,7,"100 מ""ל",false,1,11.90,1.70,true,1,
7290108357011,false,כיף קונדישינר לשיער שמן קוקוי 700 מל,החברה הדרומית לשיווק בעמ,,,יח`,7,"100 מ""ל",false,1,11.90,1.70,true,1,
7290108357028,false,"תחליב רחצה כיף ורד ושמן קוקוי 700 מ""ל",החברה הדרומית לשיווק בעמ,,,יח`,7,"100 מ""ל",false,1,11.90,1.70,true,1,
7290108357059,false,"קרליין - נושם ביו דאודורנט רול און 75 מ""ל Secret Garden לאישה",החברה הדרומית לשיווק בעמ,,,יח`,0.75,"100 מ""ל",false,1,12.90,17.20,true,1,
7290108357189,false,"מבשם ומרכך למייבש הכביסה מקסימה פלורל 750 מ""ל סנו",החברה הדרומית לשיווק בעמ,,,יח`,7.50,"100 מ""ל",false,1,17.90,2.39,true,1,
7290108357226,false,"אוקסיגן POWER אבקה לכביסה לבנה והסרת כתמים 1.4 ק""ג סנו",החברה הדרומית לשיווק בעמ,,,יח`,14,100 גרם,false,1,29.90,2.14,false,1,
7290108357240,false,"אוקסיג'ן פאוור תוסף להסרת כתמים קשים 1.4 ק""ג",החברה הדרומית לשיווק בעמ,,,יח`,14,100 גרם,false,1,29.90,2.14,false,1,
7290108357264,false,"פרש אוטומטי מילוי בניחוח מרכך הכביסה אולטרה 375 מ""ל סנו",החברה הדרומית לשיווק בעמ,,,יח`,2.50,"100 מ""ל",false,1,13.90,5.56,false,1,
7290108357288,false,אקונומיקה ז'אוול בניחוח פריחה לבנה 4 ל' סנו,החברה הדרומית לשיווק בעמ,,,יח`,40,"100 מ""ל",false,1,16.90,0.42,false,1,
7290108357295,false,"מרסס אוקסיג'ן מסיר כתמים סנו לכביסה לבנה 750 מ""ל",החברה הדרומית לשיווק בעמ,,,יח`,7.50,"100 מ""ל",false,1,18.90,2.52,true,1,
7290108357493,false,"תחליב רחצה קרמה וניל ופלפל ורוד 700 מ""ל",החברה הדרומית לשיווק בעמ,,,יח`,7,"100 מ""ל",false,1,17.90,2.56,true,1,
7290108357653,false,סנובון ג'ל לאסלה שלישיה בניחוח אוקיינוס,החברה הדרומית לשיווק בעמ,,,יח`,1,,false,1,14.90,14.90,false,1,
7290108357660,false,סנובון Bubbles שלישיית כדוריות ג'ל אסלה ניחוח לבנדר,החברה הדרומית לשיווק בעמ,,,יח`,1,,false,1,14.90,14.90,false,1,
7290108357707,false,"כיף שמפו לשיער רגיל- תפוח זרעי צ'יה 700 מ""ל",החברה הדרומית לשיווק בעמ,,,יח`,7,"100 מ""ל",false,1,11.90,1.70,true,1,
7290108357714,false,"כיף שמפו לשיער יבש -רימונים ושמן ארגן 700 מ""ל",החברה הדרומית לשיווק בעמ,,,יח`,7,"100 מ""ל",false,1,11.90,1.70,true,1,
7290108357844,false,כיף אל סבון 1 ליטר אצות ים שקית מילוי + פקק,החברה הדרומית לשיווק בעמ,,,יח`,1,1 ליטר,false,1,8.90,8.90,false,1,
7290108357882,false,"כיף - מרכך לחות מוגברת עם אפרסק וחמאת מורומורו 700 מ""ל",החברה הדרומית לשיווק בעמ,,,יח`,7,"100 מ""ל",false,1,11.90,1.70,true,1,
7290108358070,false,"תחליב רחצה קלאסי קרמה 700מ""ל.",החברה הדרומית לשיווק בעמ,,,יח`,7,"100 מ""ל",false,1,17.90,2.56,true,1,
7290108358100,false,"פרש הום מקלות ריחניים לבית בניחוח בייבי 100 מ""ל",החברה הדרומית לשיווק בעמ,,,יח`,1,"100 מ""ל",false,1,19.90,19.90,false,1,
7290108358117,false,"פרש הום מקלות ריחניים לבית בניחוח כביסה רעננה 100 מ""ל",החברה הדרומית לשיווק בעמ,,,יח`,1,"100 מ""ל",false,1,19.90,19.90,false,1,
7290108358124,false,דפי בישום לחים למייבש הכביסה בניחוח מרכך כביסה 20 יח' מקסימה,טרופיגל דגיל תעשיות קוסמ,,,יח`,1,,false,1,12.90,12.90,false,1,
7290108359060,false,סנו סושי כריות הפלא רב תכלתיות *4 לשבת,החברה הדרומית לשיווק בעמ,,,יח`,1,,false,1,11.90,11.90,true,1,
7290108359077,false,סנו - סופט לושן ממחטות אף בקופסא 3 שכבות 120 יח',החברה הדרומית לשיווק בעמ,,,יח`,1,,false,1,12.90,12.90,true,1,
7290108359091,false,סנו סושי כיסוי ניילון עם גומי 30 יחידות L,החברה הדרומית לשיווק בעמ,,,יח`,1,,false,1,9.90,9.90,true,1,
7290108359145,false,סנו סושי דפי ספוג הפלא 12 יח`,החברה הדרומית לשיווק בעמ,,,יח`,1,,false,1,12.90,12.90,false,1,
7290108359824,false,"כיף - בייבי כיף קרם 500 מ""ל",החברה הדרומית לשיווק בעמ,,,יח`,5,"100 מ""ל",false,1,19.90,3.98,true,1,
7290108359886,false,תחליב רחצה בייבי כיף 1 ליטר,החברה הדרומית לשיווק בעמ,,,יח`,1,1 ליטר,false,1,21.90,21.90,true,1,
7290108359985,false,סנו - ז'אוול מרסס קצף לניקוי וחינו בניחוח פריחה לבנה 1 ליטר,החברה הדרומית לשיווק בעמ,,,יח`,1,1 ליטר,false,1,18.90,18.90,true,1,
7290108500677,false,כבד דג שיבוט בשמן דג וילי פוד 115 גרם,ג. וילי-פוד אינטרנשיונל בע`מ,,,יח`,1.15,100 גרם,false,1,9.90,8.61,true,1,
7290108501346,false,גבינה מגורדת גאודה 28% שומן EURO CHEESE ויליפוד 500 גרם,ג.וילי-פוד אינטרנשיונל **גבינו,,,יח`,5,100 גרם,false,1,24.90,4.98,false,1,
7290108501360,false,גבינת צ`דר בשלה 200 גר`matured orange ו,ג.וילי-פוד אינטרנשיונל **גבינו,,,יח`,2,100 גרם,false,1,17.90,8.95,false,1,
7290108501490,false,גבינת מוצרלה פרוסות 150 גר`וילי פוד,ג.וילי-פוד אינטרנשיונל **גבינו,,,יח`,1.50,100 גרם,false,1,12.90,8.60,false,1,
7290108501827,false,קדאיף שערות בצק ויליפוד 450 גרם,ג.וילי-פוד אינטרנשיונל **גבינו,,,יח`,4.50,100 גרם,false,1,19.90,4.42,false,1,
7290108502381,false,בסיסים להכנת פיצה קוטר 26 וילי פוד 480ג',ג. וילי-פוד אינטרנשיונל בע`מ,,,יח`,4.80,100 גרם,false,1,13.90,2.90,true,1,
7290108502541,false,גבינת שמנת טעם טבעי ויליפוד 200 גרם,ג.וילי-פוד אינטרנשיונל **גבינו,,,יח`,2,100 גרם,false,1,12.90,6.45,true,1,
7290108502589,false,גבינת שמנת עם שום ויליפוד 200 גרם,ג.וילי-פוד אינטרנשיונל **גבינו,,,יח`,2,100 גרם,false,1,12.90,6.45,true,1,
7290108502725,false,גבינת גאודה פרוסות ויליפוד 400 גרם,ג.וילי-פוד אינטרנשיונל **גבינו,,,יח`,4,100 גרם,false,1,19.90,4.98,false,1,
7290108502763,false,גבינת קממבר ויליפוד 200 גרם,ג.וילי-פוד אינטרנשיונל **גבינו,,,יח`,2,100 גרם,false,1,19.90,9.95,false,1,
7290108504286,false,איבריקו צ'אנק ויליפוד 150 גרם,ג.וילי-פוד אינטרנשיונל **גבינו,,,יח`,1.50,100 גרם,false,1,16.90,11.27,true,1,
7290108504378,false,גבינת שמנת עם זיתים ויליפוד 200 גרם,ג.וילי-פוד אינטרנשיונל **גבינו,,,יח`,2,100 גרם,false,1,12.90,6.45,true,1,
7290108504385,false,גבינת שמנת עם חלפיניו ויליפוד 200 גרם,ג.וילי-פוד אינטרנשיונל **גבינו,,,יח`,2,100 גרם,false,1,12.90,6.45,true,1,
7290108505153,false,יוגורט בטעם טבעי 10% שומן ויליפוד 150 גרם,ג.וילי-פוד אינטרנשיונל **גבינו,,,יח`,1.50,100 גרם,false,1,4.90,3.27,true,1,
7290108505191,false,יוגורט עם פצפוצי שוקולד 5% שומן ויליפוד 150 גרם,ג.וילי-פוד אינטרנשיונל **גבינו,,,יח`,1.50,100 גרם,false,1,4.90,3.27,true,1,
7290108505214,false,יוגורט עם אפרסק 0% שומן ויליפוד 150 גרם,ג.וילי-פוד אינטרנשיונל **גבינו,,,יח`,1.50,100 גרם,false,1,4.90,3.27,true,1,
7290108505375,false,גולדן צהובה פרוסה ויליפוד 400 גרם,ג.וילי-פוד אינטרנשיונל **גבינו,,,יח`,4,100 גרם,false,1,19.90,4.98,false,1,
7290108505603,false,שלישיית נתחי טונה בשמן פתח קל ויליפוד 3*80 גרם,ג.וילי פוד אינטרנשיונל בעמ,,,יח`,2.40,100 גרם,false,1,8.90,3.71,false,1,
7290108505689,false,גבינת גרנה פדנו מגורדת ויליפוד 100 גרם,ג.וילי-פוד אינטרנשיונל **גבינו,,,יח`,1,100 גרם,false,1,9.90,9.90,false,1,
7290108505719,false,גבינת מוצרלה מגורדת EURO CHEESE ויליפוד 200 גרם,ג.וילי-פוד אינטרנשיונל **גבינו,,,יח`,2,100 גרם,false,1,13.90,6.95,true,1,
7290108505726,false,אצבעות גבינת חצי קשה EURO CHEESE ויליפוד 200 גרם,ג.וילי-פוד אינטרנשיונל **גבינו,,,יח`,2,100 גרם,false,1,13.90,6.95,true,1,
7290108505733,false,צמות -גבינה חצי קשה 25% שומן ( 200 גר) ו,ג.וילי-פוד אינטרנשיונל **גבינו,,,יח`,2,100 גרם,false,1,13.90,6.95,true,1,
7290108505740,false,קשקבל גבינה חצי קשה EURO CHEESE ויליפוד 200 גרם,ג.וילי-פוד אינטרנשיונל **גבינו,,,יח`,2,100 גרם,false,1,13.90,6.95,true,1,
7290108506037,false,יוגורט בטעם טבעי( 193 גר`)5%,ג.וילי-פוד אינטרנשיונל **גבינו,,,יח`,1.50,100 גרם,false,1,4.90,3.27,true,1,
7290108506426,false,סימיט בייגלה קפוא 400 גר` פינוקים וילי פ,ג.וילי-פוד אינטרנשיונל **גבינו,,,יח`,4,100 גרם,false,1,13.90,3.48,true,1,
7290108506488,false,סופלה שוקולד קפוא 200 גר` וילי פוד,ג.וילי-פוד אינטרנשיונל **גבינו,,,יח`,2,100 גרם,false,1,14.90,7.45,true,1,
7290108506495,false,"כנאפה מאפה בצק ""שערות"" קדאיף וגבינה",ג.וילי-פוד אינטרנשיונל **גבינו,,,יח`,1.9250,100 גרם,false,1,12.90,6.70,true,1,
7290108506532,false,גליליות וופל במילוי קרם בטעם אגוזי לוז 400ג' ויליפוד,ג. וילי-פוד אינטרנשיונל בע`מ,,,יח`,4,100 גרם,false,1,12.90,3.23,true,1,
7290108506815,false,גליליות וופל במילוי קרם קרמל מלוח פינוקים 400 גרם,ג. וילי-פוד אינטרנשיונל בע`מ,,,יח`,4,100 גרם,false,1,12.90,3.23,true,1,
7290108506969,false,מאפה בורקס מים תורכי גבינה ויליפוד 300 גרם,ג.וילי-פוד אינטרנשיונל **גבינו,,,יח`,3,100 גרם,false,1,14.90,4.97,true,1,
7290108507010,false,מאפה בורקס מים תורכי תרד וגבינה ויליפוד 300 גרם,ג.וילי-פוד אינטרנשיונל **גבינו,,,יח`,3,100 גרם,false,1,14.90,4.97,true,1,
7290108507065,false,גבינת פרמג'אנו רגיאנו מגורדת ויליפוד 100 גרם,ג.וילי-פוד אינטרנשיונל **גבינו,,,יח`,1,100 גרם,false,1,13.90,13.90,false,1,
7290108507645,false,ביסקויט פריך בשוקולד מריר 100 גרם -קהילות,ג. וילי-פוד אינטרנשיונל בע`מ,,,יח`,1,100 גרם,false,1,6.90,6.90,true,1,
7290108507652,false,ביסקויט פריך בשוקולד לבן 100 גרם -קהילות,ג. וילי-פוד אינטרנשיונל בע`מ,,,יח`,1,100 גרם,false,1,6.90,6.90,true,1,
7290108508031,false,אננס שלם 830 גרם ויליפוד,ג. וילי-פוד אינטרנשיונל בע`מ,,,יח`,8.30,100 גרם,false,1,10.90,1.31,false,1,
7290108508451,false,"משקה יוגורט טבעי 3.2% שומן יורו 200 מ""ל",ג.וילי-פוד אינטרנשיונל **גבינו,,,יח`,2,"100 מ""ל",false,1,4.90,2.45,true,1,
7290108508499,false,"איירן משקה יוגורט בסגנון טורקי יורו 293 מ""ל",ג.וילי-פוד אינטרנשיונל **גבינו,,,יח`,2.93,"100 מ""ל",false,1,4.90,1.67,true,1,
7290108508765,false,קונכיות פתיתים 400 גרם וילי פוד,ג. וילי-פוד אינטרנשיונל בע`מ,,,יח`,4,100 גרם,false,1,5.90,1.48,true,1,
7290108508772,false,קונכיות פתיתים עם תרד 400 גרם וילי פוד,ג. וילי-פוד אינטרנשיונל בע`מ,,,יח`,4,100 גרם,false,1,5.90,1.48,true,1,
7290108509052,false,מאפה פילו במילוי גבינת פטה ויליפוד 400 גרם,ג.וילי-פוד אינטרנשיונל **גבינו,,,יח`,4,100 גרם,false,1,19.90,4.98,false,1,
7290108509106,false,"גבינה בולגרית מעודנת בקוביות 13% שומן 200 ג' חת""ס פ""ת",ג.וילי-פוד אינטרנשיונל **גבינו,,,יח`,2,100 גרם,false,1,11.90,5.95,true,1,
7290108509113,false,"גבינה בולגרית מעודנת 18% שומן 250 גרם חת""ס פ""ת",ג.וילי-פוד אינטרנשיונל **גבינו,,,יח`,2.50,100 גרם,false,1,11.90,4.76,true,1,
7290108509137,false,"גבינה בולגרית מעודנת 5% שומן 250 גרם חת""ס פ""ת",ג.וילי-פוד אינטרנשיונל **גבינו,,,יח`,2.50,100 גרם,false,1,11.90,4.76,true,1,
7290108509250,false,"אנטיפסטי ארטישוק+עגבניות מיובשות וצלפים בשמן חמניות 380 מ""ל",ג. וילי-פוד אינטרנשיונל בע`מ,,,יח`,3.80,100 גרם,false,1,22.90,6.03,false,1,
7290108509267,false,ארוחת פסטה עם רוטב גבינה ויליפוד 206 גרם,ג. וילי-פוד אינטרנשיונל בע`מ,,,יח`,2.06,100 גרם,false,1,7.90,3.83,true,1,
7290108509359,false,פופקורן בציפוי בטעם קרמל ויליפוד 90 גרם,ג. וילי-פוד אינטרנשיונל בע`מ,,,יח`,0.90,100 גרם,false,1,5.90,6.56,true,1,
7290108509397,false,עלי בצק פילו(משולשים )360גרם ויליפוד,ג.וילי-פוד אינטרנשיונל **גבינו,,,יח`,3.60,100 גרם,false,1,9.90,2.75,false,1,
7290108509595,false,גבינה פטה 24% עגבניות מיובשות וריחן 153 גרם ויליפוד,ג.וילי-פוד אינטרנשיונל **גבינו,,,יח`,1.53,100 גרם,false,1,15.90,10.39,false,1,
7290108509700,false,אורז פרסי 1 קג`DAAWAT וילי פוד,ג. וילי-פוד אינטרנשיונל בע`מ,,,יח`,1,"ק""ג",false,1,9.90,9.90,false,1,
7290108509816,false,גבינת בייבי מוצרלה EURO CHEESE ויליפוד 200 גרם,ג.וילי-פוד אינטרנשיונל **גבינו,,,יח`,2,100 גרם,false,1,13.90,6.95,true,1,
7290108509939,false,פרוסות פילה טונה בשמן זית כתית מעולה,ג. וילי-פוד אינטרנשיונל בע`מ,,,יח`,1.20,100 גרם,false,1,12.90,10.75,true,1,
7290108509960,false,נתחי טונה בהירה בשמן זית כתית מעולה - מארז 3 יח',ג. וילי-פוד אינטרנשיונל בע`מ,,,יח`,2.40,100 גרם,false,1,14.90,6.21,false,1,
7290108509984,false,"רוטב סויה 300 מ""ל וילי פוד",ג.וילי-פוד אינטרנשיונל בעמ,,,יח`,3,"100 מ""ל",false,1,8.90,2.97,false,1,
7290108509991,false,"רוטב טריאקי 300 מ""ל וילי פוד",ג.וילי-פוד אינטרנשיונל בעמ,,,יח`,3,"100 מ""ל",false,1,8.90,2.97,false,1,
7290109351025,false,מלך החומוס חומוסטחינה 40% טחינה גולמית,קבוצת אוסם סחר שותפות מוגבלת,,,יח`,4,100 גרם,false,1,13.90,3.48,false,1,
7290109351971,false,פריכיות דגנים פיטנס מצופות שוקולד חלב,קבוצת אוסם סחר שותפות מוגבלת,,,יח`,0.84,100 גרם,false,1,14.90,17.74,true,1,
7290109354101,false,קרקר לחמית ללא גלוטן 200 גר אסם,קבוצת אוסם סחר שותפות מוגבלת,,,יח`,2,100 גרם,false,1,10.90,5.45,true,1,
7290109358260,false,"נקניקיות עם חלבון 600 גר' ""טבעול""",קבוצת אוסם סחר-שות.מוגבלת,,,יח`,6,100 גרם,false,1,24.90,4.15,false,1,
7290109358284,false,"שניצל תירס עם חלבון 664 גר' ""טבעול""",קבוצת אוסם סחר שותפות מוגבלת,,,יח`,6.64,100 גרם,false,1,24.90,3.75,false,1,
7290109358482,false,עוגיות קרמוגית במילוי קרם בטעם חלבה,קבוצת אוסם סחר שותפות מוגבלת,,,יח`,2,100 גרם,false,1,11.90,5.95,true,1,
7290109580043,false,"שניצל תירס קלאסי זוגלובק 1.75 ק""ג",נקניק זוגלובק נהריה,,,יח`,0.0180,100 גרם,false,1,49.90,2772.22,false,1,
7290109580067,false,וונדרס טחון מן הצומח 340 גר`,זוגלובק שיווק בעמ ו/או וונדרס,,,יח`,3.40,100 גרם,false,1,29.90,8.79,true,1,
7290109580098,false,קבנוס בטעם סרירצ'ה זוגלובק 135 גרם,נקניק זוגלובק נהריה,,,יח`,1.35,100 גרם,false,1,11.90,8.81,true,1,
7290109580104,false,זוגלובק פרימיום רוסטביף 150 גרם,נקניק זוגלובק נהריה,,,יח`,1.50,100 גרם,false,1,24.90,16.60,false,1,
7290109580111,false,צלעות אסאדו מעושנות פרימיום זוגלובק 120 גרם,נקניק זוגלובק נהריה,,,יח`,1.50,100 גרם,false,1,24.90,16.60,false,1,
7290109580135,false,זוגלובק פרימיום קורנדביף 180 גרם,נקניק זוגלובק נהריה,,,יח`,1.80,100 גרם,false,1,24.90,13.83,false,1,
7290109580166,false,סרוולד קלאסי פרימיום 150 גרם זוגלובק,נקניק זוגלובק נהריה,,,יח`,1.50,100 גרם,false,1,24.90,16.60,false,1,
7290109580227,false,נקניקיות עוף ובקר בסגנון ברלינאי קאריוורסט,נקניק זוגלובק נהריה,,,יח`,3,100 גרם,false,1,19.90,6.63,false,1,
7290109580234,false,"נקניקיות מרגז חריפות וונדרס 0% בשר, טבעוני",זוגלובק שיווק בעמ ו/או וונדרס,,,יח`,2.26,100 גרם,false,1,29.90,13.23,true,1,
7290109580319,false,"בורגר וונדרס 0% בשר , טבעוני",זוגלובק שיווק בעמ ו/או וונדרס,,,יח`,2.80,100 גרם,false,1,29.90,10.68,true,1,
7290109580432,false,פסטרמה חזה הודו מעושן דק דק זוגלובק 120 גרם,נקניק זוגלובק נהריה,,,יח`,1.20,100 גרם,false,1,13.50,11.25,true,1,
7290109920597,false,"אסטוניש - מרסס לניקוי המקלחון 750 מ""ל","יעקב יעקבי ובניו בע""מ",,,יח`,7.50,"100 מ""ל",false,1,11.90,1.59,false,1,
7290109920603,false,"אסטוניש קרם לניקוי המטבח 500 מ""ל",יעקב יעקבי ובניו בע`מ,,,יח`,5,"100 מ""ל",false,1,17.90,3.58,false,1,
7290109920665,false,אסטוניש מרסס מסיר אוכל שרוף במטבח יעקובי,יעקב יעקבי ובניו בע`מ,,,יח`,7.50,"100 מ""ל",false,1,11.90,1.59,false,1,
7290109921075,false,"נוזל דזיטול מחטא בגדים בכביסה 500 מ""ל",יעקב יעקבי ובניו בעמ,,,יח`,5,"100 מ""ל",false,1,12.90,2.58,false,1,
7290109922881,false,דורגול מרסס מרוכז למטבח 600 מל,יעקב יעקבי ובניו בעמ,,,יח`,6,"100 מ""ל",false,1,24.90,4.15,false,1,
7290109923024,false,"אסטוניש - מרסס פרמיום ארומטיק למטבח 750 מ""ל",יעקב יעקבי ובניו בעמ,,,יח`,7.50,"100 מ""ל",false,1,14.90,1.99,false,1,
7290109923093,false,"אסטוניש - קרם כיריים הלוגן ומיקרו 500 מ""ל","יעקב יעקבי ובניו בע""מ",,,יח`,5,"100 מ""ל",false,1,14.90,2.98,false,1,
7290109923147,false,אסטוניש מהדורה פרימיום פלא של אקונומיקה,יעקב יעקבי ובניו בע`מ,,,יח`,7.50,"100 מ""ל",false,1,14.90,1.99,false,1,
7290110000493,false,חמאת בוטנים טבעית קרנצ`י 350 גרם),"בטר אנד דיפרנט בע""מ",,,יח`,3.50,100 גרם,false,1,13.90,3.97,false,1,
7290110110277,false,"סומרסבי סיידר תפוחים אלכוהולי 4*300 מ""ל",החברה המרכזית להפצת משקאות בעמ,,,יח`,1.32,1 ליטר,false,1,35.90,26.29,true,1,
7290110110369,false,"שישייה בירה קרלסברג LUMA בקבוק 330 מ""ל",החברה המרכזית להפצת משקאות בעמ,,,יח`,19.80,"100 מ""ל",false,1,34.90,1.67,false,1,
7290110110574,false,פחית קוקה קולה סליק זירו לימון 330 מל,החברה המרכזית להפצת משקאות בעמ,,,יח`,3.30,"100 מ""ל",false,1,3.90,1.09,true,1,
7290110110659,false,"ספרייט לימון ליים פחית 330מ""ל",החברה המרכזית להפצת משקאות בעמ,,,יח`,3.30,"100 מ""ל",false,1,3.90,1.09,true,1,
7290110113384,false,קוקה קולה זירו מארז רביעיה 1X4 ליטר,החברה המרכזית להפצת משקאות בעמ,,,יח`,4,1 ליטר,false,1,30.90,7.43,true,1,
7290110114787,false,נביעות+ מים מינרליים בטעם תפוח 1.5 ליטר,החברה המרכזית להפצת משקאות בעמ,,,יח`,1.50,1 ליטר,false,1,8.90,5.73,false,1,
7290110114794,false,נביעות+ מים מינרליים בטעם אפרסק 1.5 ליטר,החברה המרכזית להפצת משקאות בעמ,,,יח`,1.50,1 ליטר,false,1,8.90,5.73,false,1,
7290110114800,false,נביעות+ מים מינרליים בטעם ענבים 1.5 ליטר,החברה המרכזית להפצת משקאות בעמ,,,יח`,1.50,1 ליטר,false,1,8.90,5.73,false,1,
7290110114855,false,"נביעות מים מינרליים, שישיה 6 * 1.5 ליטר פקדון",החברה המרכזית להפצת משקאות בעמ,,,יח`,9,1 ליטר,false,1,13.90,1.34,true,1,
7290110114893,false,מיץ תפוזים מפוסטר סחוט 2 ליטר,*החברה המרכזית להפצת משקאותבעמ,,,יח`,2,1 ליטר,false,1,29.90,14.80,true,1,
7290110114954,false,מיץ תפוזים מתקתקים פריגת 2 ליטר,*החברה המרכזית להפצת משקאותבעמ,,,יח`,2,1 ליטר,false,1,24.90,12.30,true,1,
7290110114961,false,משקה קל בטעם תפוזים פריגת (1.5 ליטר),החברה המרכזית להפצת משקאות בעמ,,,יח`,15,"100 מ""ל",false,1,9.50,0.61,false,1,
7290110114985,false,משקה קל בטעם אשכוליות פריגת (1.5 ליטר),החברה המרכזית להפצת משקאות בעמ,,,יח`,15,"100 מ""ל",false,1,9.50,0.61,false,1,
7290110114992,false,משקה קל בטעם אשכוליות לייט פריגת (1.5 לי,החברה המרכזית להפצת משקאות בעמ,,,יח`,15,"100 מ""ל",false,1,9.50,0.61,false,1,
7290110115005,false,משקה קל בטעם ענבים פריגת (1.5 ליטר),החברה המרכזית להפצת משקאות בעמ,,,יח`,15,"100 מ""ל",false,1,9.50,0.61,false,1,
7290110115036,false,משקה קל בטעם מנגו פריגת (1.5 ליטר),החברה המרכזית להפצת משקאות בעמ,,,יח`,15,"100 מ""ל",false,1,9.50,0.61,false,1,
7290110115043,false,משקה קל בטעם לימונענע פריגת (1.5 ליטר),החברה המרכזית להפצת משקאות בעמ,,,יח`,15,"100 מ""ל",false,1,9.50,0.61,false,1,
7290110115050,false,משקה קל בטעם תות בננה פריגת (1.5 ליטר),החברה המרכזית להפצת משקאות בעמ,,,יח`,15,"100 מ""ל",false,1,9.50,0.61,false,1,
7290110115081,false,פריגת צלול ענבים 1.5 ליטר פיקדון,החברה המרכזית להפצת משקאות בעמ,,,יח`,15,"100 מ""ל",false,1,9.50,0.61,false,1,
7290110115104,false,פריגת צלול אפרסק 1.5 ליטר פיקדון,החברה המרכזית להפצת משקאות בעמ,,,יח`,15,"100 מ""ל",false,1,9.50,0.61,false,1,
7290110115111,false,פריגת צלול אננס 1.5 ליטר פיקדון,החברה המרכזית להפצת משקאות בעמ,,,יח`,15,"100 מ""ל",false,1,9.50,0.61,false,1,
7290110115180,false,נביעות מים מינרלים שקט 1.5 ליטר פיקדון,החברה המרכזית להפצת משקאות בעמ,,,יח`,0.0150,"100 מ""ל",false,1,2.90,173.33,false,1,
7290110115203,false,קוקה קולה 1.5 ליטר פיקדון,החברה המרכזית להפצת משקאות בעמ,,,יח`,0,1 ליטר,false,1,8.90,8.90,false,1,
7290110115210,false,קוקה קולה דיאט 1.5 ליטר פיקדון,החברה המרכזית להפצת משקאות בעמ,,,יח`,1.50,1 ליטר,false,1,8.90,5.73,false,1,
7290110115227,false,קוקה קולה Zero בקבוק 1.5 ליטר פיקדון,החברה המרכזית להפצת משקאות בעמ,,,יח`,1.50,1 ליטר,false,1,8.90,5.73,false,1,
7290110115234,false,קוקה קולה דיאט זירו 1.5 ליטר פיקדון,החברה המרכזית להפצת משקאות בעמ,,,יח`,15,"100 מ""ל",false,1,8.90,0.57,false,1,
7290110115241,false,קוקה קולה דיאט לימון 1.5 ליטר פיקדון,החברה המרכזית להפצת משקאות בעמ,,,יח`,15,"100 מ""ל",false,1,8.90,0.57,false,1,
7290110115265,false,ספרייט לימון ליים 1.5 ליטר-,החברה המרכזית להפצת משקאות בעמ,,,יח`,1.50,1 ליטר,false,1,8.90,5.73,true,1,
7290110115272,false,ZERO ספרייט 1.5 ליטר פיקדון,החברה המרכזית להפצת משקאות בעמ,,,יח`,1.50,1 ליטר,false,1,8.90,5.73,true,1,
7290110115289,false,ספרייט 19 קל' לימון-נענע 1.5 ליטר פיקדון,החברה המרכזית להפצת משקאות בעמ,,,יח`,1.50,1 ליטר,false,1,8.50,5.47,true,1,
7290110115296,false,גזוז בטעם תפוז פאנטה 1.5 ליטר פיקדון,החברה המרכזית להפצת משקאות בעמ,,,יח`,1.50,1 ליטר,false,1,9.50,6.13,false,1,
7290110115302,false,משקה מוגז אורנג' זירו פאנטה 1.5 ליטר,החברה המרכזית להפצת משקאות בעמ,,,יח`,1.50,1 ליטר,false,1,9.50,6.13,false,1,
7290110115319,false,פאנטה אקזוטי פירות טרופיים 1.5ל פיקדון,החברה המרכזית להפצת משקאות בעמ,,,יח`,1.50,1 ליטר,false,1,9.50,6.13,false,1,
7290110115333,false,גזוז בטעם תות פאנטה 1.5 ליטר פיקדון,החברה המרכזית להפצת משקאות בעמ,,,יח`,1.50,1 ליטר,false,1,9.50,6.13,false,1,
7290110115340,false,פאנטה ענבים 1.5 ליטר פיקדון,החברה המרכזית להפצת משקאות בעמ,,,יח`,1.50,1 ליטר,false,1,9.50,6.13,false,1,
7290110115357,false,קינלי סודה 1.5 ליטר פיקדון,החברה המרכזית להפצת משקאות בעמ,,,יח`,1.50,1 ליטר,false,1,4.60,2.87,false,1,
7290110115364,false,קוקה קולה שישיות 1.5 ליטר פיקדון,החברה המרכזית להפצת משקאות בעמ,,,יח`,9,1 ליטר,false,1,49.90,5.34,true,1,
7290110115388,false,ספרייט לימון ליים 1.5 ליטר מארז שישייה,החברה המרכזית להפצת משקאות בעמ,,,יח`,9,1 ליטר,false,1,49.90,5.34,true,1,
7290110115395,false,ספרייט זירו שישיות 1.5 ליטר פיקדון,החברה המרכזית להפצת משקאות בעמ,,,יח`,9,1 ליטר,false,1,49.90,5.34,true,1,
7290110115401,false,קינלי סודה שישייה 1.5 ליטר פיקדון,החברה המרכזית להפצת משקאות בעמ,,,יח`,9,1 ליטר,false,1,16.50,1.63,true,1,
7290110115418,false,קוקה קולה זירו 1.5 ליטר מארז שישייה,החברה המרכזית להפצת משקאות בעמ,,,יח`,9,1 ליטר,false,1,49.90,5.34,true,1,
7290110115425,false,FUZE TEA גרין לימונענע -נענע 1.5 ליטר פיקדון,החברה המרכזית להפצת משקאות בעמ,,,יח`,1.50,1 ליטר,false,1,8.90,5.73,false,1,
7290110115449,false,פיוז-טי תה מנגו אננס 1.5 ליטר פיקדון,החברה המרכזית להפצת משקאות בעמ,,,יח`,1.50,1 ליטר,false,1,8.90,5.73,false,1,
7290110115456,false,פיוז-טי תה אפרסק 1.5 ליטר 19 קל פיקדון,החברה המרכזית להפצת משקאות בעמ,,,יח`,1.50,1 ליטר,false,1,8.90,5.73,false,1,
7290110115463,false,פיוז-טי תה אפרסק 1.5 ליטר פיקדון,החברה המרכזית להפצת משקאות בעמ,,,יח`,1.50,1 ליטר,false,1,8.90,5.73,false,1,
7290110115494,false,תה קר בטעם ענבים פיוז טי 1.5 ליטר,החברה המרכזית להפצת משקאות בעמ,,,יח`,1.50,1 ליטר,false,1,8.90,5.73,false,1,
7290110115531,false,משקה מוגז תפוח זירו פאנטה 1.5 ליטר,החברה המרכזית להפצת משקאות בעמ,,,יח`,1.50,1 ליטר,false,1,9.50,6.13,false,1,
7290110115586,false,פריגת תפוזים 40% פחות סוכר 1.5 ליטר פיקדון,החברה המרכזית להפצת משקאות בעמ,,,יח`,15,"100 מ""ל",false,1,9.50,0.61,false,1,
7290110115593,false,פריגת אשכוליות 40% פחות סוכר 1.5 ליטר פיקדון,החברה המרכזית להפצת משקאות בעמ,,,יח`,15,"100 מ""ל",false,1,9.50,0.61,false,1,
7290110115616,false,פיוז-טי תה גרין אננס זירו 1.5 ליטר פיקדו,החברה המרכזית להפצת משקאות בעמ,,,יח`,1.50,1 ליטר,false,1,8.90,5.73,false,1,
7290110115623,false,פיוז-טי תה אפרסק זירו 1.5 ליטר פיקדון,החברה המרכזית להפצת משקאות בעמ,,,יח`,1.50,1 ליטר,false,1,8.90,5.73,false,1,
7290110115913,false,"משקה ספורט איזוטוני זירו בטעם אננס 500 מ""ל פאוורייד",החברה המרכזית להפצת משקאות בעמ,,,יח`,5,"100 מ""ל",false,1,8.90,1.72,false,1,
7290110116064,false,פאנטה זירו בטעם פירות ירוק 1.5 ל פיקדון,החברה המרכזית להפצת משקאות בעמ,,,יח`,1.50,1 ליטר,false,1,9.50,6.13,false,1,
7290110116125,false,"סירופ פריגת בטעם פטל 750 מ""ל פיקדון",החברה המרכזית להפצת משקאות בעמ,,,יח`,7.50,"100 מ""ל",false,1,24.90,3.32,false,1,
7290110116132,false,"סירופ פריגת בטעם לימון 750 מ""ל פיקדון",החברה המרכזית להפצת משקאות בעמ,,,יח`,7.50,"100 מ""ל",false,1,24.90,3.32,false,1,
7290110116149,false,"סירופ פריגת בטעם ענבים 750 מ""ל פיקדון",החברה המרכזית להפצת משקאות בעמ,,,יח`,7.50,"100 מ""ל",false,1,24.90,3.32,false,1,
7290110116194,false,נביעות+ סדרת 0 קלוריות לימון-ליים 1.5 ליטר,החברה המרכזית להפצת משקאות בעמ,,,יח`,1.50,1 ליטר,false,1,9.90,6.40,false,1,
7290110116217,false,נביעות+ סדרת 0 קלוריות אשכוליות 1.5 ליטר,החברה המרכזית להפצת משקאות בעמ,,,יח`,1.50,1 ליטר,false,1,9.90,6.40,false,1,
7290110116323,false,קוקה קולה זירו 1.5 ליטר מארז שישייה חג ש,החברה המרכזית להפצת משקאות בעמ,,,יח`,9,1 ליטר,false,1,49.90,5.34,true,1,
7290110116385,false,"פחיות סטפאני מרשמלו אבטיח תות זירו 330 מ""ל",החברה המרכזית להפצת משקאות בעמ,,,יח`,3.30,"100 מ""ל",false,1,3.90,1.09,false,1,
7290110116491,false,פריגת סחוט מיקס אפרסק משמש 1ליטר,*החברה המרכזית להפצת משקאותבעמ,,,יח`,1,1 ליטר,false,1,15.90,15.90,false,1,
7290110116552,false,ספרייט לימון היט 1.5 ליטר LIME פיקדון,החברה המרכזית להפצת משקאות בעמ,,,יח`,1.50,1 ליטר,false,1,8.90,5.73,false,1,
7290110116569,false,ספרייט זירו 1.5 ליטר LEMON HIT פיקדון,החברה המרכזית להפצת משקאות בעמ,,,יח`,1.50,1 ליטר,false,1,8.90,5.73,true,1,
7290110320591,false,גבינה בולגרית במרקם מעודן 16% פיראוס,"תנובה בע""מ ***",,,יח`,2.50,100 גרם,false,1,21.90,8.76,false,1,
7290110320683,false,שמיניית משקה יוגורט 1.5% טעם תות יופלה 107 גרם,מיוצר עי קונדיטוריית,,,יח`,0.0090,100 גרם,false,1,17.50,1944.44,false,1,
7290110320850,false,פתיתים גבינה חצי קשה מגורדת 28% שומן,תנובה מרכז שיתופי לש,,,יח`,2,100 גרם,false,1,14.90,7.45,false,1,
7290110320867,false,פתיתים גבינה חצי קשה מגורדת 28% שומן,תנובה מרכז שיתופי לש,,,יח`,5,100 גרם,false,1,34.90,6.98,false,1,
7290110321277,false,קוטג בקטנה 5%. 100 גרם מהדרין תנובה,פארייפאבה אגרואינדוס,,,יח`,1,100 גרם,false,1,2.50,2.50,false,1,
7290110321284,false,קוטג' בקטנה 9% תנובה 100 גרם מהדרין,פארייפאבה אגרואינדוס,,,יח`,1,100 גרם,false,1,2.50,2.50,false,1,
7290110321604,false,קוביות פיראוס בולגרית מעודנת 5% 200 גרם - רבנות,"תנובה בע""מ ***",,,יח`,2,100 גרם,false,1,21.90,10.95,false,1,
7290110321680,false,יוגורט GO בטעם תות 20 גרם חלבון בגביע,מיוצר עי קונדיטוריית,,,יח`,2,"100 מ""ל",false,1,5.60,2.80,false,1,
7290110321697,false,יוגורט GO בטעם אפרסק 20 גרם חלבון בגביע,מיוצר עי קונדיטוריית,,,יח`,2,"100 מ""ל",false,1,5.60,2.80,false,1,
7290110321703,false,יוגורט עם פירות יער בתוספת חלבוני חלב 2% שומן,מיוצר עי קונדיטוריית,,,יח`,2,"100 מ""ל",false,1,5.60,2.80,false,1,
7290110321789,false,גבינת מסקרפונה 38% שומן 250 גר`השף הלבן,"תנובה בע""מ ***",,,יח`,2.50,100 גרם,false,1,20.90,8.36,false,1,
7290110322014,false,טופו בטעם טבעי תנובה ALTERNATIVE,שוורצקוף& הנקל דיסלד,,,יח`,3,100 גרם,false,1,11.90,3.97,false,1,
7290110322038,false,טופו בטעם פיקנטי 300 גר`תנובה,תנובה Alternative,,,יח`,3,100 גרם,false,1,11.90,3.97,false,1,
7290110322946,false,יופלה טיוב יוגורט במרקם חלק בטעם תות בננה כשרות רבנות 348 ג',תנובה - חלב,,,יח`,3.48,100 גרם,false,1,11.90,3.42,false,1,
7290110323073,false,"משקה יוגורט יופלה גו תות פטל 250 מ""ל - רבנות",מיוצר עי קונדיטוריית,,,יח`,2.50,"100 מ""ל",false,1,6.20,2.48,false,1,
7290110323097,false,מעדן גבינה עם מחית תות-תאומים 80 גר`,תנובה בעמ ***,,,יח`,0.80,100 גרם,false,1,1.80,2.25,false,1,
7290110323301,false,טל העמק בסגנון אמנטל 32% שומן 200 גרם,"תנובה בע""מ ***",,,יח`,2,100 גרם,false,1,18.90,9.45,false,1,
7290110323585,false,יופלה יוגורט עם דובדבן מופחת קלוריות 200 ג' GO,"תנובה בע""מ ***",,,יח`,2,100 גרם,false,1,5.50,2.75,false,1,
7290110323714,false,משקה קוקוס שקדים תנובה E אלטרנטיב,מיוצר עי קונדיטוריית,,,יח`,10,"100 מ""ל",false,1,11.90,1.19,false,1,
7290110324070,false,גבינת חלומי מחלב בקר (30% 200 גר`)פירא,תנובה - חלב,,,יח`,2,100 גרם,false,1,19.90,9.95,false,1,
7290110324353,false,יוגורט GO לייט בטעם אננס 20 גרם חלבון בגביע,מיוצר עי קונדיטוריית,,,יח`,2,"100 מ""ל",false,1,5.60,2.80,false,1,
7290110324551,false,יופלה טיוב יוגורט במרקם חלק תות כשרות מהדרין,"תנובה בע""מ ***",,,יח`,3.48,100 גרם,false,1,11.90,3.42,false,1,
7290110324711,false,ממרח סויה 9% שומן בטעם טבעי תנובה 250 גרם,מיוצר עי קונדיטוריית,,,יח`,2.50,100 גרם,false,1,8.90,3.56,false,1,
7290110324841,false,מעדן שקדים עם שוקולד מריר תנובה 125 גרם,מיוצר עי קונדיטוריית,,,יח`,1.25,100 גרם,false,1,3.90,3.12,false,1,
7290110324858,false,מעדן שקדים בטעם אגוזי לוז תנובה 125 גרם,מיוצר עי קונדיטוריית,,,יח`,1.25,100 גרם,false,1,3.90,3.12,false,1,
7290110324872,false,גבינה צהובה גלבוע (5% 200 גר`)תנובה,גלבוע - תנובה,,,יח`,2,100 גרם,false,1,17.90,8.95,false,1,
7290110324926,false,משקה סויה ללא תוספת סוכר E אלטרנטיב,תנובה מרכז שיתופי לש,,,יח`,0.01,"100 מ""ל",false,1,9.90,990,false,1,
7290110325084,false,מאגדת שמינייה מיני קרלו שוניל 8*100גרם,"תנובה בע""מ ***",,,יח`,8,100 גרם,false,1,14.90,1.86,false,1,
7290110325114,false,"משקה יוגורט יופלה גו לייט תות בננה 250 מ""ל - רבנות",מיוצר עי קונדיטוריית,,,יח`,2.50,"100 מ""ל",false,1,6.10,2.44,false,1,
7290110325169,false,פרוסות גאודה 170 גר` קולקשיין תנובה,תנובה בעמ ***,,,יח`,1.70,100 גרם,false,1,19.90,11.71,true,1,
7290110325305,false,יופלה GO סויה 20 גרם חלבון במתיקות מעודנת תנובה 200 גרם,מיוצר עי קונדיטוריית,,,יח`,2,"100 מ""ל",false,1,5.60,2.80,false,1,
7290110325312,false,יופלה GO סויה 20 גרם חלבון בטעם תות תנובה 200 גרם,תנובה בעמ ***,,,יח`,2,"100 מ""ל",false,1,5.60,2.80,false,1,
7290110325619,false,משקה שיבולת שועל תנובה E אלטרנטיב,מיוצר עי קונדיטוריית,,,יח`,10,"100 מ""ל",false,1,11.90,1.19,false,1,
7290110325701,false,פיראוס צזיקי יווני 9% שומן בשיטת יצור מסורתית על בסיס יוגורט,גוד פוד פרודקטס S.p,,,יח`,2.50,100 גרם,false,1,11.90,4.76,false,1,
7290110325893,false,משקה חלב GO מועשר בחלבון בטעם אייס קפה,מיוצר עי קונדיטוריית,,,יח`,3.40,100 גרם,false,1,7.90,2.32,false,1,
7290110326210,false,יופלה און טופ פצפוצים תנובה 157 גרם,מיוצר עי קונדיטוריית,,,יח`,1.57,100 גרם,false,1,4.90,3.12,false,1,
7290110326227,false,יופלה און טופ קורנפלקס תנובה 157 גרם,מיוצר עי קונדיטוריית,,,יח`,1.57,100 גרם,false,1,4.90,3.12,false,1,
7290110326234,false,יופלה און טופ כוכבים תנובה 157 גרם,מיוצר עי קונדיטוריית,,,יח`,1.57,100 גרם,false,1,4.90,3.12,false,1,
7290110326906,false,חלב נטול לקטוז 3% שומן( 1 ליטר)תנובה,מיוצר עי קונדיטוריית,,,יח`,0.01,"100 מ""ל",false,1,7.30,730,false,1,
7290110326999,false,"משקאות חלב+שוקולד קלאסי 340 מ""ל YOLO בקבוק.",תנובה - חלב,,,יח`,3.40,"100 מ""ל",false,1,6.50,1.91,false,1,
7290110327514,false,alternative משקה שיבולת שועל בטעם אגוזי לוז תנובה 1 ליטר,תנובה מרכז שיתופי לש,,,יח`,10,"100 מ""ל",false,1,11.90,1.19,false,1,
7290110327545,false,יופלה און טופ בטעם תות בתוספת פצפוצים מצופים שוקולד 157 גרם,מיוצר עי קונדיטוריית,,,יח`,1.57,100 גרם,false,1,4.90,3.12,false,1,
7290110327811,false,חטיף חלבון GO בטעם בצק קוקוס 20 גר`חלבו,"בלמונט קונפקציות בע""\מ.",,,יח`,1,,false,1,11.90,11.90,true,1,
7290110327828,false,חטיף חלבון GO - חמאת בוטנים 60 ג' חלב נוכרי - רבנות,"בלמונט קונפקציות בע""\מ.",,,יח`,1,,false,1,11.90,11.90,true,1,
7290110328474,false,פלח פרמג`יאנו רג`יאנו 150 גר`קולקשיין ת,מנדלז סי.אר. פרודקשן,,,יח`,1.50,100 גרם,false,1,26.90,17.93,false,1,
7290110328504,false,טריו - מיקס גבינות מוצרלה סקנדינבית וגאודה 300 גרם,מיוצר עי קונדיטוריית,,,יח`,3,100 גרם,false,1,24.90,8.30,false,1,
7290110328610,false,אלטרנטיב בריסטה משקה אורז ושקדים 1 ליטר,תנובה Alternative,,,יח`,10,"100 מ""ל",false,1,11.90,1.19,false,1,
7290110328627,false,יוגורט יופלה GO במרקם סמיך בטעם בננה קרמל 0%,מיוצר עי קונדיטוריית,,,יח`,2,100 גרם,false,1,5.70,2.85,false,1,
7290110328764,false,יוגורט יופלה GO במרקם סמיך עם תות 0%,מיוצר עי קונדיטוריית,,,יח`,2,100 גרם,false,1,5.70,2.85,false,1,
7290110328771,false,יוגורט יופלה GO במרקם סמיך עם פירות יער 0%,מיוצר עי קונדיטוריית,,,יח`,2,100 גרם,false,1,5.70,2.85,false,1,
7290110328788,false,יוגורט יופלה GO במרקם סמיך בטעם אפרסק 0%,תנובה מרכז שיתופי לש,,,יח`,2,100 גרם,false,1,5.70,2.85,false,1,
7290110328955,false,קוביות גבינת עזים בשמן מתובל פיראוס 350 גרם,דודוני תעשיית החלב החקלא,,,יח`,3.50,100 גרם,false,1,24.90,7.11,false,1,
7290110329136,false,מעדן חלב מעושר בחלבון בטעם שוקולד 120 ג' GO,תנובה מרכז שיתופי לש,,,יח`,1.20,100 גרם,false,1,4.90,4.08,false,1,
7290110329143,false,מעדן חלב מעושר בחלבון בטעם וניל גביע 120 ג' GO,תנובה מרכז שיתופי לש,,,יח`,1.20,100 גרם,false,1,4.90,4.08,false,1,
7290110329266,false,יוגורט תנובה מחלב עיזים מלא תנובה 140 ג',תנובה בעמ ***,,,יח`,1.40,100 גרם,false,1,5.50,3.93,false,1,
7290110329303,false,פרוסות בטעם צהובה קלאסית אלטרנטיב 200 גר,תנובה Alternative,,,יח`,2,100 גרם,false,1,21.90,10.95,false,1,
7290110329426,false,טופו טבעי עם רוטב קרם קוקוס קארי פיקנטי 250 גרם,תנובה - חלב,,,יח`,3.10,100 גרם,false,1,11.90,3.84,false,1,
7290110329433,false,טופו טבעי עם רוטב סצ'ואן אלטרנטיב 250 גרם,תנובה - חלב,,,יח`,3.10,100 גרם,false,1,11.90,3.84,false,1,
7290110329686,false,משקה GO חלב בטעם עוגיות 27 גר`חלבון,מיוצר עי קונדיטוריית,,,יח`,3.40,100 גרם,false,1,7.90,2.32,false,1,
7290110329716,false,משקה חלב קר בטעם קפוצ'ינו 230 גרם תנובה,תנובה מרכז שיתופי לש,,,יח`,2.30,"100 מ""ל",false,1,6.90,3,false,1,
7290110329723,false,משקה חלב קר בטעם לאטה 230 גרם תנובה,תנובה מרכז שיתופי לש,,,יח`,2.30,"100 מ""ל",false,1,6.90,3,false,1,
7290110329730,false,"משקה חלב עם שוקולד וקפה בסגנון לאטה 2.7%  230 מ""ל תנובה",תנובה מרכז שיתופי לש,,,יח`,2.30,"100 מ""ל",false,1,6.90,3,false,1,
7290110329792,false,יוגורט סויה BIO Alternative אפרסק 150 ג' תנובה,מיוצר עי קונדיטוריית,,,יח`,1.50,100 גרם,false,1,4.50,3,false,1,
7290110329808,false,יוגורט סויה BIO Alternative תות 150 ג' תנובה,מיוצר עי קונדיטוריית,,,יח`,1.50,100 גרם,false,1,4.50,3,false,1,
7290110329815,false,סויה BIO מתיקות מעודנת גביע 150 גרם אלטרנטיב,מיוצר עי קונדיטוריית,,,יח`,1.50,100 גרם,false,1,4.50,3,false,1,
7290110329822,false,יוגורט סויה BIO Alternative פירות יער 150 ג' תנובה,מיוצר עי קונדיטוריית,,,יח`,1.50,100 גרם,false,1,4.50,3,false,1,
7290110329839,false,פרוסות צהובה בטעם זיתים 200 ג' אלטרנטיב אלטרנטיב,מיוצר עי קונדיטוריית,,,יח`,2,100 גרם,false,1,21.90,10.95,false,1,
7290110329846,false,יוגורט סויה BIO Alternative בטעם טבעי 150 ג' תנובה,מיוצר עי קונדיטוריית,,,יח`,1.50,100 גרם,false,1,4.50,3,false,1,
7290110329914,false,מאגדת משקה שיבולת שועל ושקדים 100 גרם*6 יח' ביו אלטרנטיב,תנובה מרכז שיתופי לש,,,יח`,6,100 גרם,false,1,18.90,3.15,false,1,
7290110550363,false,"פריכיות משולשות תירס, אורז שיבולת שועל, קינואה",אנרג'י Energy - שטראוס,,,יח`,0.65,100 גרם,false,1,9.90,15.23,true,1,
7290110552121,false,יוגורט 5% בתוספת סידן וויטמין D היוגורט הראשון שלי,שטראוס גרופ בעמ/מצונן,,,יח`,1,100 גרם,false,1,2.20,2.20,false,1,
7290110552220,false,יוגורט PRO בטעם תות 0% סוכר לבן 20 גרם חלבון בגביע,שטראוס גרופ בעמ/מצונן,,,יח`,2,"100 מ""ל",false,1,5.90,2.95,false,1,
7290110552237,false,יוגורט פרו בטעם אפרסק מנגו ללא סוכר 200 ג' דנונה,שטראוס גרופ בעמ/מצונן,,,יח`,2,"100 מ""ל",false,1,5.90,2.95,false,1,
7290110553623,false,צ'יטוס קראנצ'י בטעם צ'דר חלפיניו - חלבי,"שטראוס פריטו ליי בע""\מ )",,,יח`,0.80,100 גרם,false,1,4.50,5.63,false,1,
7290110554101,false,"סירופ מייפל בפאוץ' יד מרדכי 125 מ""ל",שטראוס גרופ בע`מ,,,יח`,1.25,"100 מ""ל",false,1,19.90,15.92,true,1,
7290110554262,false,חלבית מלבין קפה חלבי 350 ג' עלית,שטראוס גרופ בע`מ,,,יח`,3.50,100 גרם,false,1,16.90,4.83,false,1,
7290110554422,false,פומודורו רוטב עגבניות ופלפלים לשקשוקה לפסטה יד מרדכי 350 גרם,אמיליאנה קונסרב סוסייטה,,,יח`,3.50,100 גרם,false,1,10.90,3.11,true,1,
7290110554583,false,מארז חטיפי צ'יטוס פאפס בטעם גבינה - 10 יחידות,"שטראוס פריטו ליי בע""\מ )",,,יח`,2,100 גרם,false,1,12.90,6.45,true,1,
7290110554699,false,"קפה עולה קפסולות אספרסו קלייה איטית וכהה מאוד, 10 * 50 ג'",שטראוס קפה בי.וי.,,,יח`,1,,false,1,19.90,19.90,true,1,
7290110554705,false,קפסולות נספרסו לקפה יוניקו סדרת בתי הקלייה 10יח,שטראוס קפה בי.וי.,,,יח`,1,,false,1,19.90,19.90,true,1,
7290110554712,false,"קפסולות קפה אספרסו קלייה איטית ובהירה, 10 * 50 ג'",שטראוס קפה בי.וי.,,,יח`,1,,false,1,19.90,19.90,true,1,
7290110555078,false,לאבנה עם שמן זית ועשבי תיבול שטראוס 250 גרם,שטראוס גרופ בעמ/מצונן,,,יח`,2.50,100 גרם,false,1,10.90,4.36,true,1,
7290110556242,false,"שוקולד מריר פרווה 100 גר' בד""ץ תוצרת חוץ","שטראוס גרופ בע""מ.",,,יח`,1,100 גרם,false,1,5.50,5.50,true,1,
7290110557027,false,חומוס עשיר 50% טחינה גולמית 400 ג' אחלה,שטראוס גרופ בעמ/מצונן,,,יח`,4,100 גרם,false,1,13.90,3.48,false,1,
7290110557102,false,מעדן חלב עם שוקולד מועשר בחלבון 150 ג' שטראוס,שטראוס גרופ בעמ/מצונן,,,יח`,1.50,100 גרם,false,1,5.20,3.47,true,1,
7290110557133,false,מעדן הגולן וניל 125 ג' שטראוס,שטראוס גרופ בעמ/מצונן,,,יח`,1.25,"100 מ""ל",false,1,2.90,2.32,true,1,
7290110557317,false,יוגורט בתוספת סידן וויטמין ד עם שיבולת שועל 100 ג' דנונה,שטראוס גרופ בעמ/מצונן,,,יח`,1,100 גרם,false,1,2.20,2.20,false,1,
7290110557478,false,חומוס גלילי במרקם מעודן 600 גרם,שטראוס גרופ בעמ/מצונן,,,יח`,6,100 גרם,false,1,12.90,2.15,false,1,
7290110558130,false,יוגורט אקטיביה עם שיבולת שועל ודבש 150 גרם,שטראוס גרופ בעמ/מצונן,,,יח`,1.50,100 גרם,false,1,4.60,3.07,false,1,
7290110558154,false,דנונה לייט אנד פרי עוגת תפוחים 150ג דנונה,שטראוס גרופ בעמ/מצונן,,,יח`,1.50,100 גרם,false,1,4.60,3.07,true,1,
7290110558239,false,"וואו יוגורט עם שכבה בטעם קראק פאי 5.4%, 150 ג דנונה",שטראוס גרופ בעמ/מצונן,,,יח`,1.50,100 גרם,false,1,4.60,3.07,true,1,
7290110558253,false,דנונה שייק נונה ריפרש בננה אננס וצ'יה,שטראוס גרופ בעמ/מצונן,,,יח`,2.50,100 גרם,false,1,5.50,2.20,false,1,
7290110558284,false,דנונה ביו מולטי שטראוס 200 גרם,שטראוס גרופ בעמ/מצונן,,,יח`,2,100 גרם,false,1,3.90,1.95,false,1,
7290110558307,false,יוגורט דנונה PRO עם שיבולת שועל במתיקות מעודנת,שטראוס גרופ בעמ/מצונן,,,יח`,2,100 גרם,false,1,6.50,3.25,false,1,
7290110558314,false,דנונה פרו 20 גרם חלבון ללא סוכר פיסטוק 200 גרם,שטראוס גרופ בעמ/מצונן,,,יח`,2,"100 מ""ל",false,1,5.90,2.95,false,1,
7290110558338,false,דנונה פרו 25 ג' חלבון 200 ג' שטראוס,שטראוס גרופ בעמ/מצונן,,,יח`,2,100 גרם,false,1,6.50,3.25,false,1,
7290110558666,false,מעדן גבינה בטעם תפוח 88 ג' דניאלה,שטראוס גרופ בעמ/מצונן,,,יח`,1.50,"100 מ""ל",false,1,4,2.67,false,1,
7290110558918,false,עלי חסה קראנצ`שטופים 150 גר`טעם הטבע ש,ביכורי השדה הצפון בעמ` 1964,,,יח`,1.50,100 גרם,false,1,9,6,false,1,
7290110559014,false,שעועית שחורה מבושלת טעם הטבע 380 גרם,שטראוס גרופ בע`מ,,,יח`,3.80,100 גרם,false,1,6.90,1.82,true,1,
7290110560300,false,"הפריכיות הטעימות חומוס, עדשים שחורות, קינואה ופלפל שחור",אנרג'י Energy - שטראוס,,,יח`,0.30,100 גרם,false,1,4.90,16.33,false,1,
7290110560317,false,"הפריכיות הטעימות חומוס, עדשים שחורות, קינואה ומלח ים","פרח תעשיו מזון בע""מ",,,יח`,0.30,100 גרם,false,1,4.90,16.33,false,1,
7290110560324,false,"הפריכיות הטעימות תפו""א, אורז, אפונה ומלח ים","פרח תעשיו מזון בע""מ",,,יח`,0.30,100 גרם,false,1,4.90,16.33,false,1,
7290110561352,false,דנונה יוגורט ביו פרוביוטי 3% דל לקטוז 150ג',שטראוס גרופ בעמ/מצונן,,,יח`,2,"100 מ""ל",false,1,3.50,1.75,false,1,
7290110561604,false,מארז 8 יחידות מעדן גמדים בטעם תות בננה,שטראוס גרופ בעמ/מצונן,,,יח`,8,"100 מ""ל",false,1,18.80,2.35,false,1,
7290110563431,false,"משקה קפה קר בסגנון קלאסי 230 מ""ל 1.6% יוטבתה",שטראוס גרופ בעמ/מצונן,,,יח`,2.30,"100 מ""ל",false,1,7.90,3.43,true,1,
7290110563462,false,חלב 2% דל לקטוז בבקבוק יטבתה 1 ליטר.,שטראוס גרופ בעמ/מצונן,,,יח`,1,1 ליטר,false,1,7.90,7.90,false,1,
7290110564339,false,חומוס אחלה הסידרה המובחר 30% טחינה 400 גר',שטראוס גרופ בעמ/מצונן,,,יח`,4,100 גרם,false,1,13.90,3.48,false,1,
7290110564360,false,חומוס אחלה הסידרה המובחר 40% טחינה 400 גר',שטראוס גרופ בעמ/מצונן,,,יח`,4,100 גרם,false,1,13.90,3.48,false,1,
7290110564414,false,חומוס אחלה הסידרה המובחר 30% טחינה 600 גר',שטראוס גרופ בעמ/מצונן,,,יח`,6,100 גרם,false,1,14.90,2.48,false,1,
7290110565435,false,מעדן ג`לי בטעם פטל חלבי שטראוס (125 גרם,שטראוס גרופ בעמ/מצונן,,,יח`,1.25,100 גרם,false,1,2,1.60,true,1,
7290110565527,false,יוגורט PRO פרו 1.5% 20 גרם חלבון בגביע,שטראוס גרופ בעמ/מצונן,,,יח`,2,"100 מ""ל",false,1,5.90,2.95,false,1,
7290110565572,false,מארז קפה טורקי עלית לדרך עם הל 168 גרם,שטראוס קפה בי.וי.,,,יח`,1.68,100 גרם,false,1,17.90,10.65,false,1,
7290110566623,false,קפסולות קולומביה עלית 08 למכונת נספרסו מארז 5X10ג',שטראוס קפה בי.וי.,,,יח`,0.50,100 גרם,false,1,16.90,33.80,true,1,
7290110566975,false,דנונה פרו יוגורט 0% תות עשיר בחלבון 200ג',שטראוס גרופ בעמ/מצונן,,,יח`,2,"100 מ""ל",false,1,5.90,2.95,false,1,
7290110567057,false,צנצנת מסטיק מאסט קוביות מנטה חזקה 66 ג' עלית,אסקום קונפקשיין,,,יח`,0.64,100 גרם,false,1,9.90,15.47,true,1,
7290110568238,false,"קצפת צמחית 21% שומן 250 מ""ל יוטבתה",שטראוס גרופ בעמ/מצונן,,,יח`,2.50,"100 מ""ל",false,1,7.90,3.16,false,1,
7290110568276,false,משקה וניל פרו Pro מועשר בחלבון 1.5%,שטראוס גרופ בעמ/מצונן,,,יח`,3.50,"100 מ""ל",false,1,6.50,1.86,false,1,
7290110570224,false,משקה קפה קר בטעם עוגיות (230 גר`) יטבתה,שטראוס גרופ בעמ/מצונן,,,יח`,2.30,"100 מ""ל",false,1,7.90,3.43,true,1,
7290110570880,false,פולי אספרסו עשירים וארומטיים עוצמה 14 עלית 250 גרם,"שטראוס גרופ בע""מ",,,יח`,2.50,100 גרם,false,1,19.90,7.96,false,1,
7290110571382,false,מעדן חלב בטעם וניל מעושר בחלבון 150 ג' שטראוס,שטראוס גרופ בעמ/מצונן,,,יח`,1.50,100 גרם,false,1,5.20,3.47,true,1,
7290110572129,false,כיף כף מקלות שוקולד לבן 40 ג' עלית,סולן בעבור שטראוס,,,יח`,0.40,100 גרם,false,1,5,12.50,true,1,
7290110572884,false,"קפסולות קפה מספר 20 למכונת אספרס אספרסו, 50 גרם",שטראוס קפה בי.וי.,,,יח`,0.50,100 גרם,false,1,16.90,33.80,true,1,
7290110572969,false,כיף כף פצפצים עלית קרם לבן (40 גר`),שולן צ'\יקולטה גידה סאן.,,,יח`,0.40,100 גרם,false,1,4.90,12.25,true,1,
7290110572976,false,כיף כף גביע פצפוצים קרם לבן 135 גרם,שולן צ'יקולטה גידה ס,,,יח`,1.35,100 גרם,false,1,9.90,7.33,false,1,
7290110576356,false,"שוקולד ספלנדיד מריר 64% - חלבי , מפולי קקאו מפרו",שטראוס גרופ בע`מ,,,יח`,1,100 גרם,false,1,8.90,8.90,true,1,
7290110576363,false,"שוקולד ספלנדיד מריר 80% חלבי ,פולי קקאו מאוגנדה",שטראוס גרופ בע`מ,,,יח`,1,100 גרם,false,1,8.90,8.90,true,1,
7290110576370,false,מארז שלישייה שוקולד מריר חלבי עם אגוזי לוז,שטראוס גרופ בע`מ,,,יח`,3,100 גרם,false,1,24.90,8.30,true,1,
7290110576790,false,סקי בטעם מוקה 3% (125 גר`) דנונה,שטראוס גרופ בעמ/מצונן,,,יח`,1.25,100 גרם,false,1,3.70,2.96,true,1,
7290110577230,false,משקה חלב בטעם פיסטוק בבקבוק יטבתה 1 ליטר,שטראוס גרופ בעמ/מצונן,,,יח`,1,1 ליטר,false,1,11.90,11.90,false,1,
7290110730109,false,נוטרילון קומפורט תרכובת מזון מגיל לידה,דיפלומט מפיצים (1968) בעמ**,,,יח`,9,100 גרם,false,1,99.90,11.10,false,1,
7290111287015,false,בקבוק טריטן שקוף 708 מל ורוד,שמחה זה אנחנו בעמ,,,יח`,1,,false,1,29.90,29.90,false,1,
7290111340178,false,מטליות לחות לניקוי כללי בניחוח מרכך כביסה 50 יח' ניקול,קימברלי קלארק ישראל שיווק בעמ,,,יח`,1,,false,1,12.90,12.90,true,1,
7290111341359,false,ניקול רדיד אלומיניום חסכוני 60 מטר עם סכ,קימברלי קלארק ישראל שיווק בעמ,,,יח`,1,,false,1,45.90,45.90,true,1,
7290111341366,false,מפיות אירוח איכותיות ונעימות למגע ניקול,קימברלי קלארק ישראל שיווק בעמ,,,יח`,1,,false,1,8.90,8.90,false,1,
7290111341984,false,לילי - מגבוני נייר טואלט לח פיור רביעייה,קימברלי קלארק ישראל שיווק בעמ,,,יח`,0,100 גרם,false,1,21.90,21.90,false,1,
7290111342059,false,50 מטליות מיקרופייבר לשטחים אנטיבקטריאלי ניקול,קימברלי קלארק ישראל שיווק בעמ,,,יח`,1,,false,1,13.90,13.90,false,1,
7290111342738,false,לילי - מגבוני נייר טואלט לח קידס רביעייה,קימברלי קלארק ישראל שיווק בעמ,,,יח`,0,100 גרם,false,1,21.90,21.90,false,1,
7290111343117,false,קלינקס ממחטות לושן סופט פק זוגות 140דף,קימברלי קלארק ישראל שיווק בעמ,,,יח`,1,,false,1,13.90,13.90,false,1,
7290111343797,false,מטליות לחות לניקוי חלונות 48 יח' ניקול,קימברלי קלארק ישראל שיווק בעמ,,,יח`,1,,false,1,12.90,12.90,true,1,
7290111343841,false,ניקול ספוגית הקסם נירוסטה 3 יחידות,קימברלי קלארק ישראל שיווק בעמ,,,יח`,1,,false,1,11.90,11.90,true,1,
7290111343858,false,ניקול מטליות לחות לרצפה אנטיבקרטריאלי 10 יחידות,קימברלי קלארק ישראל שיווק בעמ,,,יח`,1,,false,1,13.90,13.90,true,1,
7290111344206,false,האגיס נטורל קר מגבונים לחים בבישום עדין רביעייה,קימברלי קלארק ישראל שיווק בעמ,,,יח`,1,,false,1,19.90,19.90,false,1,
7290111344459,false,קוטוקס תחבושות נייט אקסטרא לונג 20 יח',קימברלי קלארק ישראל שיווק בעמ,,,יח`,1,,false,1,19.90,19.90,true,1,
7290111344527,false,ניקול שקיות אשפה XXL לפחים ענקיים 20 יחי,קימברלי קלארק ישראל שיווק בעמ,,,יח`,1,,false,1,24.90,24.90,false,1,
7290111344831,false,קוטקס - מגיני יום אקסטרא פרוטקט נורמל ביג 60 יח',קימברלי קלארק ישראל שיווק בעמ,,,יח`,1,,false,1,15.90,15.90,false,1,
7290111344855,false,קוטקס - מגיני יום אקסטרא פרוטקט לארג' ביג 52 יח',קימברלי קלארק ישראל שיווק בעמ,,,יח`,1,,false,1,15.90,15.90,false,1,
7290111344930,false,מטליות לחות לרצפה בניחוח כביסה ארומתרפיה ניקול 10 יח',קימברלי קלארק ישראל שיווק בעמ,,,יח`,1,,false,1,13.90,13.90,true,1,
7290111345814,false,נייר טואלט לילי נטורל קר 30 גלילים מהדורה,קימברלי קלארק ישראל שיווק בעמ,,,יח`,1,,false,1,32.90,32.90,false,1,
7290111345982,false,ניקול דפי ספוגית הקסם 10 יחידות,קימברלי קלארק ישראל שיווק בעמ,,,יח`,1,,false,1,11.90,11.90,true,1,
7290111346088,false,נייר טואלט מולט דו שכבתי 30 גלילים,קימברלי קלארק ישראל שיווק בעמ,,,יח`,1,,false,1,29.90,29.90,false,1,
7290111346293,false,מגבת נייר ניקול 6 יחידות מהדורה חגיגית,קימברלי קלארק ישראל שיווק בעמ,,,יח`,1,,false,1,11.90,11.90,false,1,
7290111346347,false,מגבוני אף אוריגינל סופט חמישיה קלינקס,קימברלי קלארק ישראל שיווק בעמ,,,יח`,1,,false,1,14.90,14.90,true,1,
7290111350092,false,מארז מיקס חטיפי מיני לואקר בסט 200 גר,ליימן שליסל בעמ,,,יח`,2,100 גרם,false,1,19.90,9.95,false,1,
7290111350740,false,הוט פופ קידס טבעי+מלח 500 ג' +5 גביעים,ליימן שליסל בעמ,,,יח`,5,100 גרם,false,1,15.90,3.18,true,1,
7290111352942,false,יוגטה סוכריות טופי ללא גלוטן 850 ג',ליימן שליסל בע`מ,,,יח`,8.50,100 גרם,false,1,20.90,2.46,true,1,
7290111352966,false,יוגטה סוכריות ממולאות בטעם פירות 250 גרם ללא ג'לטין,ליימן שליסל בע`מ,,,יח`,2.50,100 גרם,false,1,7.90,3.16,true,1,
7290111352973,false,יוגוטה קוביות חמוצות ממולאות בטעם פירות,ליימן שליסל בע`מ,,,יח`,2.20,100 גרם,false,1,7.90,3.59,true,1,
7290111353123,false,"גומי נחש מסוכר 200 גר' וסטהיים (כש""לפ בית יוסף)",טופגם תעשיות ממתקים,,,יח`,2,100 גרם,false,1,9.90,4.95,true,1,
7290111353451,false,חטיף בירקות שורש ומלח ים הוטפופ 120 גרם,איץ.סיי גרופ אס.דה א,,,יח`,1.20,100 גרם,false,1,13.90,11.58,false,1,
7290111353475,false,שטיחים חמוצים בטעם פירות 200 גר` יוגטה,ליימן שליסל בע`מ,,,יח`,2,100 גרם,false,1,7.90,3.95,true,1,
7290111353482,false,מקלות חמוצים ממולאות בטעמי פירות יוגטה 200 גרם,ליימן שליסל בע`מ,,,יח`,2,100 גרם,false,1,7.90,3.95,true,1,
7290111531323,false,עוגיות רוגלך טעם וניל 400גרם.,שיבולים יצור ושיווק מוצרי מאפה,,,יח`,4,100 גרם,false,1,11.90,2.98,false,1,
7290111563492,false,סלטי צבר מטבוחה חריפה מרובע 6*400גרם,קבוצת אוסם סחר-שות.מוגבלת,,,יח`,4,100 גרם,false,1,11.90,2.98,false,1,
7290111564277,false,פריכיות דקות ונימוחות 3 דגנים פיטנס Fitness,קבוצת אוסם סחר שותפות מוגבלת,,,יח`,1.20,100 גרם,false,1,11.90,9.92,true,1,
7290111564291,false,פריכיות דקות ונימוחות 3 דגנים וקינואה פיטנס Fitness,קבוצת אוסם סחר שותפות מוגבלת,,,יח`,1.20,100 גרם,false,1,11.90,9.92,true,1,
7290111566271,false,טבעול חטיפי תירס 657 גרם קפוא,קבוצת אוסם סחר שותפות מוגבלת,,,יח`,6.57,100 גרם,false,1,29.90,4.55,true,1,
7290111566318,false,שניצל דק מן הצומח בטעם ביתי 700 גרם,קבוצת אוסם סחר שותפות מוגבלת,,,יח`,5.64,100 גרם,false,1,32.90,5.83,true,1,
7290111566332,false,"נקניקיות וינר מן הצומח 680 גרם ""טבעול""",קבוצת אוסם סחר שותפות מוגבלת,,,יח`,6.80,100 גרם,false,1,32.90,4.84,true,1,
7290111566561,false,"שניצל ברוקולי 99 קלוריות 560 גר' ""טבעול""",קבוצת אוסם סחר שותפות מוגבלת,,,יח`,5.60,100 גרם,false,1,32.90,5.88,true,1,
7290111566585,false,"שניצל צמחוני 99 קלוריות 650 גר' ""טבעול""",קבוצת אוסם סחר שותפות מוגבלת,,,יח`,6.50,100 גרם,false,1,32.90,5.06,true,1,
7290111566752,false,טבעול שניצל תירס 99 קלוריות 693 גרם,קבוצת אוסם סחר שותפות מוגבלת,,,יח`,6.93,100 גרם,false,1,32.90,4.75,true,1,
7290111566776,false,"נקניקיות קוקטייל מן הצומח 680 גרם ""טבעול""",קבוצת אוסם סחר שותפות מוגבלת,,,יח`,6.80,100 גרם,false,1,32.90,4.84,true,1,
7290111568206,false,ביסלי פארטי מיקס אסם 150 גר',קבוצת אוסם סחר שותפות מוגבלת,,,יח`,1.50,100 גרם,false,1,7.90,5.27,true,1,
7290111568961,false,אסם בייגלה טבעות מלוח 400 גר`,קבוצת אוסם סחר שותפות מוגבלת,,,יח`,4,100 גרם,false,1,10.90,2.73,true,1,
7290111930850,false,קראנצ'וס טעם פיצה 55גר',ש. שסטוביץ בע`מ,,,יח`,0.55,100 גרם,false,1,2.50,4.55,true,1,
7290111930898,false,חטיף פוף כוכבים גריל אמריקאי 40 גרם,ש. שסטוביץ בע`מ,,,יח`,0.40,100 גרם,false,1,3.90,9.75,true,1,
7290111930904,false,חטיף פוף כוכבים בצל 40 גרם,ש. שסטוביץ בע`מ,,,יח`,0.40,100 גרם,false,1,3.90,9.75,true,1,
7290111930911,false,חטיף פוף לבבות קלאסי 40 גרם,ש. שסטוביץ בע`מ,,,יח`,0.40,100 גרם,false,1,3.90,9.75,true,1,
7290111931321,false,"קולגייט מיניונים משחת שיניים ילדים 6+ 50 מ""ל",קולגייט- פלמוליב,,,יח`,0.50,"100 מ""ל",false,1,11.90,23.80,false,1,
7290111933554,false,שלישייה עגבניות קוביות מאסטר שף 400 גרם,קונסוריזיו קאסאלסקו,,,יח`,12,100 גרם,false,1,15.90,1.33,false,1,
7290111933561,false,מאסטר שף תערובת ציפוי נגטס 250 גרם,טסט וסנט קו.לטד,,,יח`,2.50,100 גרם,false,1,7.90,3.16,false,1,
7290111933998,false,קוקי תבנית אינגליקייק עם נייר אפיה 4יח,ש.שסטוביץ בעמ,,,יח`,1,,false,1,9.90,9.90,true,1,
7290111935527,false,"מ. שיניים קולגייט טוטל קלין מיניט -זוג כשל""פ2*100 גרם",קולגייט פלמוליב,,,יח`,2,100 גרם,false,1,29.90,14.95,false,1,
7290111936296,false,"פלמוליב סבון נוזלי בניחוח סנסיישן מסאז' ,750 מ""ל",קולגייט פלמוליב,,,יח`,7.50,"100 מ""ל",false,1,19.90,2.65,true,1,
7290111937255,false,מארז חמישיית חטיפי תמרים בוטנים ואגוזי לוז פרי 125 גרם,"טבעית מוצרים מהטבע בע""\מ",,,יח`,1.25,100 גרם,false,1,15.90,12.72,false,1,
7290111938498,false,"מנה אסייאתי רוטב סויה בהירה 700 מ""ל מ.שף",קי.אר.אס. ספייסי פוד,,,יח`,7,"100 מ""ל",false,1,13.90,1.99,true,1,
7290112001023,false,"אירוויק ספרי אוטמטי מילוי תענוגות האביב 250 מ""ל",רקיט בנקיזר (ניר איסט) בעמ,,,יח`,2.50,"100 מ""ל",false,1,14.90,5.96,true,1,
7290112001030,false,"אירוויק ספרי אוטמטי מילוי פריחת הדובדבן 250 מ""ל",רקיט בנקיזר (ניר איסט) בעמ,,,יח`,2.50,"100 מ""ל",false,1,14.90,5.96,true,1,
7290112001221,false,מנקה מכונת כביסה בניחוח נקי ורענן,רקיט בנקיזר (ניר איסט) בעמ,,,יח`,2.50,"100 מ""ל",false,1,19.90,7.96,true,1,
7290112001900,false,פיניש ג'ל למדיח אקולוגי 1 ליטר,רקיט בנקיזר (ניר איסט) בעמ,,,יח`,1,1 ליטר,false,1,42.90,42.90,false,1,
7290112002105,false,קולון גל כביסה מרוכז 2.5 ליטר ניחוח לילך,רקיט בנקיזר (ניר איסט) בעמ,,,יח`,2.50,1 ליטר,false,1,24.90,9.96,true,1,
7290112002112,false,ג'ל כביסה מרוכז קולון 101 בניחוח ורדים,רקיט בנקיזר (ניר איסט) בעמ,,,יח`,2.50,1 ליטר,false,1,24.90,9.96,true,1,
7290112002129,false,ג'ל כביסה מרוכז קולון 101 בניחוח פריחה מרענן,רקיט בנקיזר (ניר איסט) בעמ,,,יח`,2.50,1 ליטר,false,1,24.90,9.96,true,1,
7290112002136,false,ג'ל כביסה מרוכז קולון 101 קלאסי,רקיט בנקיזר (ניר איסט) בעמ,,,יח`,4,1 ליטר,false,1,34.90,8.73,false,1,
7290112002143,false,ג'ל כביסה מרוכז קולון 101 בניחוח לילך,רקיט בנקיזר (ניר איסט) בעמ,,,יח`,4,1 ליטר,false,1,34.90,8.73,false,1,
7290112002150,false,ג'ל כביסה מרוכז קולון 101 בניחוח ורדים,רקיט בנקיזר (ניר איסט) בעמ,,,יח`,4,1 ליטר,false,1,34.90,8.73,false,1,
7290112002167,false,קולון ג'ל כביסה בניחוח פריחה מרענן ירוק 4 ליטר,רקיט בנקיזר (ניר איסט) בעמ,,,יח`,4,1 ליטר,false,1,34.90,8.73,false,1,
7290112003188,false,קולון קפסולות ג'ל 60 יח' אריזת חיסכון,רקיט בנקיזר (ניר איסט) בעמ,,,יח`,1,,false,1,54.90,54.90,true,1,
7290112003232,false,אבקת כביסה בניחוח לבנדר קולון 5 ק''ג,רקיט בנקיזר (ניר איסט) בעמ,,,יח`,5,"ק""ג",false,1,39.90,7.98,false,1,
7290112004161,false,"ספריי אוטמטי מילוי בניחוח סנטורל 250 מ""ל אירוויק",רקיט בנקיזר (ניר איסט) בעמ,,,יח`,2.50,"100 מ""ל",false,1,14.90,5.96,true,1,
7290112004253,false,"קרם בספריי להסרת שיער לעור רגיש 150 מ""ל ויט",רקיט בנקיזר (ניר איסט) בעמ,,,יח`,1.50,"100 מ""ל",false,1,49.90,33.27,false,1,
7290112004314,false,"דטול - תרסיס חיטוי וניקוי בניחוח לימון רימונים 750 מ""ל",רקיט בנקיזר (ניר איסט) בעמ,,,יח`,7.50,"100 מ""ל",false,1,15.90,2.12,true,1,
7290112004413,false,"ספריי וניש קליה להסרת כתמים לבגדים לבנים 750 מ""ל",רקיט בנקיזר (ניר איסט) בעמ,,,יח`,7.50,"100 מ""ל",false,1,16.90,2.25,false,1,
7290112004611,false,"וניש קליה ג'ל מרוכז לטיפול נקודתי בכתמים 200 מ""ל",רקיט בנקיזר (ניר איסט) בעמ,,,יח`,2,"100 מ""ל",false,1,16.90,8.45,true,1,
7290112004703,false,וניש תוסף כביסה גל מרוכז-כביסה צבעונית,רקיט בנקיזר (ניר איסט) בעמ,,,יח`,7.50,"100 מ""ל",false,1,19.90,2.65,false,1,
7290112004710,false,וניש תוסף כביסה גל מרוכז-כביסה לבנה,רקיט בנקיזר (ניר איסט) בעמ,,,יח`,7.50,"100 מ""ל",false,1,19.90,2.65,false,1,
7290112004970,false,פיניש אולטימייט קוואנטום 50 טבליות למדיח,רקיט בנקיזר (ניר איסט) בעמ,,,יח`,1,,false,1,59.90,59.90,true,1,
7290112004994,false,איירוויק מילוי אוטומטי יסמין מבשם אויר אטומטי,רקיט בנקיזר (ניר איסט) בעמ,,,יח`,2.50,"100 מ""ל",false,1,14.90,5.96,true,1,
7290112005045,false,וניש מסיר כתמים אבקה לכביסה לבנה 480 גרם,רקיט בנקיזר (ניר איסט) בעמ,,,יח`,4.80,100 גרם,false,1,16.90,3.52,true,1,
7290112005052,false,וניש תוסף כביסה רב תכליתי לבגדים לבנים,רקיט בנקיזר (ניר איסט) בעמ,,,יח`,1.50,"ק""ג",false,1,39.90,26.60,true,1,
7290112005076,false,וניש תוסף כביסה רב תכליתי צבעוני 480 גרם,רקיט בנקיזר (ניר איסט) בעמ,,,יח`,4.80,100 גרם,false,1,16.90,3.52,true,1,
7290112005083,false,וניש תוסף כביסה רב תכליתי לכביסה צבעונית,רקיט בנקיזר (ניר איסט) בעמ,,,יח`,1.50,"ק""ג",false,1,39.90,26.60,true,1,
7290112005168,false,פיניש אולטימייט קוואנטום לימון 60 טבליות למדיח,רקיט בנקיזר (ניר איסט) בעמ,,,יח`,1,,false,1,59.90,59.90,true,1,
7290112192875,false,"סנסודיין - משחת שיניים רגישות וחניכיים 75 מ""ל",סנסודיין Sensodyne,,,יח`,0.75,"100 מ""ל",false,1,34.90,46.53,true,1,
7290112192882,false,"סנסודיין - משחת שיניים רגישות וחניכיים מלבינה 75 מ""ל",ג'י.אס.קיי קונסיומר,,,יח`,0.75,"100 מ""ל",false,1,34.90,46.53,true,1,
7290112193582,false,תערובת להכנת עוגה שוקולד 500 גר G FREE,גורי מוצרי צריכה (1991) בעמ,,,יח`,5,100 גרם,false,1,18.60,3.72,false,1,
7290112195784,false,תות שדה קפוא 300 גר` פרוסטי,נ.ת.נ.ג.ב החזקות יעוץ וניהול ב,,,יח`,3,100 גרם,false,1,6.90,2.30,true,1,
7290112197122,false,"סטייל - סבון ידיים ירוק 500 מ""ל חדש",רנקסאן פלסטיק יאנגר,,,יח`,5,"100 מ""ל",false,1,7.90,1.58,false,1,
7290112197139,false,"סטייל - סבון ידיים אדום 500 מ""ל חדש",רנקסאן פלסטיק יאנגר,,,יח`,5,"100 מ""ל",false,1,7.90,1.58,false,1,
7290112197177,false,דגני בוקר במילוי קרם בטעם נוגט ללא גלוטן 375 ג' G FREE,גורי מוצרי צריכה (1991) בעמ,,,יח`,3.75,100 גרם,false,1,21.90,5.84,true,1,
7290112330352,false,"יוגורט PRO בטעם וניל 0% , 20 גרם חלבון בגביע",שטראוס גרופ בעמ/מצונן,,,יח`,2,"100 מ""ל",false,1,5.90,2.95,false,1,
7290112330390,false,דנונה פרו פירות יער 20 גרם חלבון 0% שומן 200 גרם,שטראוס גרופ בעמ/מצונן,,,יח`,2,"100 מ""ל",false,1,5.90,2.95,false,1,
7290112330420,false,דנונה פרו לבן 2.9% שומן בודד 150גר,שטראוס גרופ בעמ/מצונן,,,יח`,1.50,100 גרם,false,1,4.90,3.27,false,1,
7290112332585,false,פריכיות משולש תפוא אורז בתיבול סלק ומלח ים אנרג'י 30 גרם,"פרח תעשיו מזון בע""מ",,,יח`,0.30,100 גרם,false,1,4.90,16.33,false,1,
7290112332691,false,פינוקיות עוגיות קרם פסק זמן אגוזים 200 גרם,"הגביע מוצרי וופלים בע""\מ",,,יח`,2,100 גרם,false,1,10.90,5.45,true,1,
7290112332899,false,עלית - צנצנת בזוקה פופים קלאסי 58 גרם,שטראוס גרופ בע`מ,,,יח`,1,,false,1,9.90,9.90,true,1,
7290112333469,false,ציטוס מספרים 65 גר`,שטראוס פריטו ליי בעמ,,,יח`,0.65,100 גרם,false,1,3.50,5.38,false,1,
7290112334596,false,שוקולית אבקת שוקו עלית,שטראוס קפה בי.וי.,,,יח`,9.35,100 גרם,false,1,18.50,1.98,true,1,
7290112334749,false,קפה טורקי בצלופן עלית 200 גרם+ 10% תוספת,"שטראוס גרופ בע""מ",,,יח`,2.20,100 גרם,false,1,15.90,7.23,true,1,
7290112335487,false,הפריכיות הטעימות קצח ודגנים אנרג'י 135 גרם,אנרג'י Energy - שטראוס,,,יח`,1.35,100 גרם,false,1,12.90,9.56,true,1,
7290112335494,false,הפריכיות הטעימות תפוחי אדמה בטעם פוטטוס,"פרח תעשיות מזון בע""\מ",,,יח`,1.35,100 גרם,false,1,12.90,9.56,true,1,
7290112336613,false,עד חצות עוגיות סנדוויץ במילוי שוקולד חלב,שטראוס גרופ בע`מ,,,יח`,1.35,100 גרם,false,1,10.90,8.07,false,1,
7290112336637,false,סוכריות מאסט Must ללא סוכר יוגורט תות ואוכניות,"שטראוס גרופ בע""מ",,,יח`,0.80,100 גרם,false,1,8.90,11.13,false,1,
7290112336644,false,סוכריות מאסט ללא סוכר לימון 80 ג' עלית,"שטראוס גרופ בע""מ",,,יח`,0.80,100 גרם,false,1,8.90,11.13,false,1,
7290112336712,false,יוגורט PRO לבן 0% 21 גרם חלבון בגביע,שטראוס גרופ בעמ/מצונן,,,יח`,2,"100 מ""ל",false,1,5.90,2.95,false,1,
7290112337474,false,סוכריות מאסט ללא סוכר פטל לימון 80 ג' עלית,שטראוס גרופ בע`מ,,,יח`,0.80,100 גרם,false,1,8.90,11.13,false,1,
7290112338877,false,מעדן גבינה בטעם תות 3% 125ג' סקי,שטראוס גרופ בעמ/מצונן,,,יח`,1.25,100 גרם,false,1,3.70,2.96,true,1,
7290112339171,false,מעדן מוס שוקולד 81 גר`מילקי,שטראוס גרופ בעמ/מצונן,,,יח`,0.81,100 גרם,false,1,3.30,4.07,false,1,
7290112339362,false,דנונה לייט אנד פריי בטעם קפוצ'ינו 150 גרם,שטראוס גרופ בעמ/מצונן,,,יח`,1.50,"100 מ""ל",false,1,4.50,3,true,1,
7290112339867,false,גמדים לדרך גבינה לבנה עם מחית תות,שטראוס גרופ בעמ/מצונן,,,יח`,1,100 גרם,false,1,5.90,5.90,false,1,
7290112339874,false,גמדים לדרך גבינה לבנה עם מחיות תות ובננה,שטראוס גרופ בעמ/מצונן,,,יח`,1,100 גרם,false,1,5.90,5.90,false,1,
7290112340122,false,הפריכיות הטעימות 3 דגנים אנרג'י 135 גרם,"פרח תעשיות מזון בע""\מ",,,יח`,1.35,100 גרם,false,1,12.90,9.56,true,1,
7290112340245,false,מסטיק מאסט צנצנת בטעם דובדבן 66 גר` מגדי,"שטראוס גרופ בע""\מ",,,יח`,0.66,100 גרם,false,1,9.90,15,true,1,
7290112340252,false,צנצנת מסטיק מאסט בטעם אבטיח מלון 66 ג' עלית,"שטראוס גרופ בע""\מ",,,יח`,0.66,100 גרם,false,1,9.90,15,true,1,
7290112340276,false,פינוקיות עוגיית קרם קפה נמס 200 גרם,"הגביע מוצרי וופלים בע""\מ",,,יח`,2,100 גרם,false,1,10.90,5.45,true,1,
7290112341556,false,יוגורט אקטיביה עם צ'יה ותות 150 גרם,שטראוס גרופ בעמ/מצונן,,,יח`,1.50,"100 מ""ל",false,1,4.50,3,false,1,
7290112341679,false,אקטיביה יוגורט 3% דנונה (200 גרם),שטראוס גרופ בעמ/מצונן,,,יח`,2,100 גרם,false,1,3.90,1.95,false,1,
7290112341686,false,שמינייה יוגורט לבן אקטיביה 3% דנונה 150 גרם.,שטראוס גרופ בעמ/מצונן,,,יח`,0.0120,100 גרם,false,1,19.90,1658.33,false,1,
7290112342102,false,סימפוניה גבינה במרקם שמנת בצל מקורמל 5%,שטראוס גרופ בעמ/מצונן,,,יח`,2,100 גרם,false,1,11.40,5.70,true,1,
7290112343260,false,"יטבתה רוטב שמנת קלאסי 9% שומן 260 מ""ל",שטראוס גרופ בעמ/מצונן,,,יח`,2.60,"100 מ""ל",false,1,9.90,3.81,true,1,
7290112343420,false,"משקה חלב עם דגנים מלאים ובננה פרו יטבתה 350מ""ל",שטראוס גרופ בעמ/מצונן,,,יח`,3.50,"100 מ""ל",false,1,6.90,1.97,false,1,
7290112343499,false,חטיף צ'יטוס פאפס אפוי בטעם גבינה,"שטראוס פריטו ליי בע""\מ )",,,יח`,0.60,100 גרם,false,1,3.50,5.83,true,1,
7290112343512,false,צ'יטוס puffs בטעם גבינה 180 גרם,"שטראוס פריטו ליי בע""\מ )",,,יח`,1.80,100 גרם,false,1,6.90,3.83,false,1,
7290112344564,false,רביולי גבינה קלאסי שטראוס 400 ג',שטראוס גרופ בעמ/מצונן,,,יח`,4,100 גרם,false,1,20.90,5.23,true,1,
7290112344724,false,מילקי בטעם שוקולד בלונדי עם קצפת 133גר,שטראוס גרופ בעמ/מצונן,,,יח`,1.33,100 גרם,false,1,3.30,2.48,false,1,
7290112344755,false,מילקי עם 26% פחות סוכר 135 גר}שטראוס{,שטראוס גרופ בעמ/מצונן,,,יח`,1.35,100 גרם,false,1,2.80,2.07,false,1,
7290112344953,false,סימפוניה חציל קלוי גבינה במקרם שמנת 5%,שטראוס גרופ בעמ/מצונן,,,יח`,2,100 גרם,false,1,11.40,5.70,true,1,
7290112346360,false,בפלות אחת אחת בציפוי שוקולד חלב עלית 180 גרם,הגביע מוצרי וופלים ב,,,יח`,1.80,100 גרם,false,1,13.90,7.72,false,1,
7290112346537,false,עוגיות פינוקיות בטעם טורטית 200 ג' עלית,"הגביע מוצרי ופלים בע""\מ",,,יח`,2,100 גרם,false,1,10.90,5.45,true,1,
7290112346629,false,דנונה בר יוגורט+קורנפלקס מצופה שוקולד חלב ולבן 172 גרם,שטראוס גרופ בעמ/מצונן,,,יח`,1.72,"100 מ""ל",false,1,4.40,2.56,false,1,
7290112346773,false,יוגורט בטעם וניל 0% לייט אנד פרי 10 גרם חלבון בגביע,שטראוס גרופ בעמ/מצונן,,,יח`,1.50,100 גרם,false,1,4.60,3.07,true,1,
7290112346797,false,יוגורט אקטיביה שיבולת שועל ושזיף 150 גרם,שטראוס גרופ בעמ/מצונן,,,יח`,1.50,"100 מ""ל",false,1,4.60,3.07,false,1,
7290112346827,false,אקטימל ויטמין c פטל שמינייה 864 גרם,שטראוס גרופ בעמ/מצונן,,,יח`,8,"100 מ""ל",false,1,19.90,2.49,false,1,
7290112347008,false,גמדים לדרך גבינה לבנה עם מחית תות ושיבולת שועל,שטראוס גרופ בעמ/מצונן,,,יח`,1,100 גרם,false,1,5.90,5.90,false,1,
7290112348999,false,הפריכיות הטעימות תירס דקות אנרג'י 135 גרם,שטראוס גרופ בע`מ,,,יח`,1.35,100 גרם,false,1,12.90,9.56,true,1,
7290112349606,false,מעדן גבינה ויוגורט תות בננה 88 ג' דניאלה,שטראוס גרופ בעמ/מצונן,,,יח`,1.50,"100 מ""ל",false,1,4,2.67,false,1,
7290112349705,false,פומודורו רוטב עגבניות קלאסי לפסטה יד מרדכי 350 גרם,אמיליאנה קונסרב סוסייטה,,,יח`,3.50,100 גרם,false,1,10.90,3.11,true,1,
7290112349750,false,פיצה רוטב עגבניות לפיצה יד מרדכי 350 גרם,אמיליאנה קונסרב סוסייטה,,,יח`,3.50,100 גרם,false,1,10.90,3.11,true,1,
7290112349903,false,רוטב שמנת עם גרגירי וניל 9% שומן 260 ג' יטבתה,שטראוס גרופ בעמ/מצונן,,,יח`,2.60,"100 מ""ל",false,1,9.90,3.81,true,1,
7290112350312,false,קפסולות 15 קפה יותר למכונות נספרסו עלית 10יח',הנסיך- מפעל לייצור ט,,,יח`,0.50,100 גרם,false,1,16.90,33.80,true,1,
7290112351067,false,סילאן טבעי 100% תמר מג'הול ללא תוספת סוכר,שטראוס גרופ בע`מ,,,יח`,6.30,100 גרם,false,1,23.90,3.79,false,1,
7290112351524,false,עלי סלנובה 200 גר' שטראוס טעם הטבע,שטראוס בריאות ירקות טריי,,,יח`,2,100 גרם,false,1,12.90,6.45,false,1,
7290112353412,false,"פריכיות תפו""א, אורז, תירס, אפונה ירוקה, סלק, מלח ים","פרח תעשיו מזון בע""מ",,,יח`,0.30,100 גרם,false,1,4.90,16.33,false,1,
7290112354211,false,"פיצה מרגריטה""דלישס"" שטראוס",קפוא-זן תעשיות מזון בעמ - תפוג,,,יח`,4,100 גרם,false,1,25.90,6.48,true,1,
7290112354235,false,ברקטה פיצה - 2 יחידות במארז,קפוא-זן תעשיות מזון בעמ - תפוג,,,יח`,3,100 גרם,false,1,25.90,8.63,true,1,
7290112354945,false,תפוצ'יפס WAVY בטעם טבעי 50 גרם,שטראוס פריטו ליי בע`מ,,,יח`,0.50,100 גרם,false,1,3.90,7.80,false,1,
7290112354952,false,תפוצ`יפס פפריקה (50 גרם)היתר מכירה,שטראוס פריטו ליי בע`מ,,,יח`,0.50,100 גרם,false,1,3.90,7.80,false,1,
7290112354969,false,תפוצ'יפס בטעם טבעי 200 גרם היתר מכירה,שטראוס פריטו ליי בע`מ,,,יח`,2,100 גרם,false,1,10.90,5.45,true,1,
7290112355027,false,דנונה פרו 20 גרם חלבון בטעם קרמל מלוח 200 גרם,שטראוס גרופ בעמ/מצונן,,,יח`,2,"100 מ""ל",false,1,5.90,2.95,false,1,
7290112355263,false,רוטב שמנת עם שוקולד 9% שומן 260 ג' יטבתה,שטראוס גרופ בעמ/מצונן,,,יח`,2.60,"100 מ""ל",false,1,9.90,3.81,true,1,
7290112355386,false,יטבתה רוטב שמנת בטעם קרמל מלוח יטבתה 260 גרם,שטראוס גרופ בעמ/מצונן,,,יח`,2.60,"100 מ""ל",false,1,9.90,3.81,true,1,
7290112355393,false,"יטבתה רוטב שמנת+בטטה 9% שומן 250 מ""ל",שטראוס גרופ בעמ/מצונן,,,יח`,2.50,"100 מ""ל",false,1,9.90,3.96,true,1,
7290112355812,false,מילקי טופ קורנפלקס 141 ג' שטראוס,שטראוס גרופ בעמ/מצונן,,,יח`,1.30,"100 מ""ל",false,1,4.90,3.77,false,1,
7290112357045,false,עגבניות איטלקיות מרוסקות 390 גר' בקופסה טעם הטבע,"שטראוס גרופ בע""מ",,,יח`,5,100 גרם,false,1,6.90,1.38,true,1,
7290112357069,false,מחית עגבניות איטלקיות בקופסה 500 גר' טעם הטבע,"שטראוס גרופ בע""מ",,,יח`,5,100 גרם,false,1,6.90,1.38,true,1,
7290112357083,false,טעם הטבע אפונה ירוקה 380 גרם קופסה,הדקלאים אגודת שיתופי,,,יח`,3.80,100 גרם,false,1,6.90,1.82,true,1,
7290112357106,false,שעועית אדומה 380 גר' בקופסה טעם הטבע,"שטראוס גרופ בע""מ",,,יח`,3.80,100 גרם,false,1,6.90,1.82,true,1,
7290112357113,false,גרגרי חומוס בקופסה 380 גר' טעם הטבע,"שטראוס גרופ בע""מ",,,יח`,3.80,100 גרם,false,1,6.90,1.82,true,1,
7290112358127,false,דנונה פרו חלבון+מגנזיום- וניל ועוגיות 200 גרם,שטראוס גרופ בעמ/מצונן,,,יח`,2,100 גרם,false,1,6.50,3.25,false,1,
7290112358431,false,עד חצות דאבל ביסקוויט עם שוקולד חלב -8 אריזות אישיות,ביסקוויטס טור ד'\אלבון,,,יח`,2,100 גרם,false,1,13.90,6.95,true,1,
7290112358554,false,מארז קפה נמס מנות אישיות לדרך 50.4 גר,שטראוס גרופ בע`מ,,,יח`,0.5040,100 גרם,false,1,9.90,19.64,false,1,
7290112480309,false,צלחת גדולה קרם 100 יח לפיד,פאלאס תעשיות נטו (2014) בעמ,,,יח`,1,,false,1,39.90,39.90,true,1,
7290112481900,false,כוסות מעוטרות לפיד (50),פאלאס תעשיות נטו (2014) בעמ,,,יח`,1,,false,1,20.90,20.90,true,1,
7290112482211,false,פאלאס תבניות אלומניום ענק,פאלאס תעשיות נטו (2014) בעמ,,,יח`,1,,false,1,1.90,1.90,true,1,
7290112482259,false,צלחות גדולה 25 יחידות טופ סטאר,פאלאס תעשיות נטו (2014) בעמ,,,יח`,1,,false,1,12.90,12.90,true,1,
7290112482273,false,צלחות מרק 25 יח` טופ סטאר,פאלאס תעשיות נטו (2014) בעמ,,,יח`,1,,false,1,8.90,8.90,true,1,
7290112482280,false,צלחות לפתן 25 יח`טופ סטאר,פאלאס תעשיות נטו (2014) בעמ,,,יח`,1,,false,1,6.90,6.90,true,1,
7290112482297,false,קעריות אובלי 25 יח`טופ סטאר,פאלאס תעשיות נטו (2014) בעמ,,,יח`,1,,false,1,6.90,6.90,true,1,
7290112483430,false,כפות שקופות לפיד 50 יח,פאלאס תעשיות נטו (2014) בעמ,,,יח`,1,,false,1,7.90,7.90,true,1,
7290112483447,false,כפיות שקופות לפיד 50 יח,פאלאס תעשיות נטו (2014) בעמ,,,יח`,1,,false,1,7.90,7.90,true,1,
7290112483454,false,מזלגות שקופות לפיד 50 יח,פאלאס תעשיות נטו (2014) בעמ,,,יח`,1,,false,1,7.90,7.90,true,1,
7290112483461,false,סכינים שקופות לפיד 50 יח,פאלאס תעשיות נטו (2014) בעמ,,,יח`,1,,false,1,7.90,7.90,true,1,
7290112484291,false,צלחת קטנה שקוף פאלאס 25 יחידות,פאלאס תעשיות נטו (2014) בעמ,,,יח`,1,,false,1,8.90,8.90,true,1,
7290112484307,false,צלחות גדולה שקוף 25 יח לפיד,פאלאס תעשיות נטו (2014) בעמ,,,יח`,1,,false,1,12.90,12.90,true,1,
7290112484314,false,צלחות לפתן שקוף 25 יח לפיד,פאלאס תעשיות נטו (2014) בעמ,,,יח`,1,,false,1,6.90,6.90,true,1,
7290112484321,false,צלחות ענק שקוף 25 יח לפיד,פאלאס תעשיות נטו (2014) בעמ,,,יח`,1,,false,1,16.90,16.90,false,1,
7290112484338,false,צלחות מרק שקוף 25 יח לפיד,פאלאס תעשיות נטו (2014) בעמ,,,יח`,1,,false,1,8.90,8.90,true,1,
7290112484895,false,צלחות גדולות חזקות ב,פאלאס תעשיות נטו (2014) בעמ,,,יח`,1,יח`,false,1,39.90,39.90,true,1,
7290112485434,false,תבנית מרובעת קטנה שחור זהב+מכסה 10 יח`,פאלאס תעשיות נטו (2014) בעמ,,,יח`,1,,false,1,14.90,14.90,false,1,
7290112485489,false,תבנית עגולה גבוהה שחור זהב+מכסה 6 יח`,פאלאס תעשיות נטו (2014) בעמ,,,יח`,1,,false,1,14.90,14.90,false,1,
7290112485786,false,צלחות ענק עגול 10 יח` מקאו לפיד,פאלאס תעשיות נטו (2014) בעמ,,,יח`,1,,false,1,23.90,23.90,true,1,
7290112485847,false,צלחת נייר קטן 50 יח`לבן לפיד,פאלאס תעשיות נטו (2014) בעמ,,,יח`,0,100 גרם,false,1,8.90,8.90,true,1,
7290112485854,false,צלחת נייר גדול 50 יח`לבן לפיד,פאלאס תעשיות נטו (2014) בעמ,,,יח`,0,100 גרם,false,1,13.90,13.90,true,1,
7290112485861,false,כוסות נייר b8 פאלאס) (50,פאלאס תעשיות נטו (2014) בעמ,,,יח`,50,יח`,false,1,7.90,0.16,false,1,
7290112486141,false,כוסות שתיה קרה פאלאס 70 יח`,פאלאס תעשיות נטו (2014) בעמ,,,יח`,1,,false,1,5.90,5.90,true,1,
7290112490117,false,קליק אקסטרא לארג שוקולד חלב עם וופל ואגוזים,"יוניליוור ישראל שיווק בע""מ",,,יח`,0.85,100 גרם,false,1,5.90,6.94,false,1,
7290112490667,false,קונפיטורה משמש778 50% פרי 340 גר',יוניליוור ישראל שיווק בע`מ,,,יח`,3.40,100 גרם,false,1,13.90,4.09,true,1,
7290112490698,false,קונפיטורה תות שדה לייט 300 גרם-צנצנת,יוניליוור ישראל שיווק בע`מ,,,יח`,2.60,100 גרם,false,1,13.90,5.35,true,1,
7290112490735,false,מרק עשיר עגבניות עם פסטה ר.טבעיים 105 גרם קנור,יוניליוור ישראל שיווק בע`מ,,,יח`,1.05,100 גרם,false,1,12.90,12.29,true,1,
7290112490742,false,מרק עשיר פטריות עם גריסים רכיבים טבעיים 104 ג' קנור,"יוניליוור ישראל שיווק בע""מ",,,יח`,1.04,100 גרם,false,1,12.90,12.40,true,1,
7290112490803,false,קליק שקית עוגיות קרמל,יוניליוור ישראל שיווק בעמ,,,יח`,0.70,100 גרם,false,1,6.50,9.29,true,1,
7290112490810,false,קליק שקית עוגיות טעם חמאה,יוניליוור ישראל שיווק בעמ,,,יח`,0.70,100 גרם,false,1,6.50,9.29,true,1,
7290112490827,false,תרסיס ריחני למייבש הכביסה בדין בייבי 500,"יוניליוור ישראל שיווק בע""מ",,,יח`,5,"100 מ""ל",false,1,19.90,3.98,true,1,
7290112491268,false,קליק כדורים פרווה 75 גר,יוניליוור ישראל שיווק בעמ,,,יח`,0.75,100 גרם,false,1,6.50,8.67,true,1,
7290112491770,false,בייגלה דקים דקים מלח ים בייגל בייגל 300 גרם.,יוניליוור ישראל שיווק בע`מ,,,יח`,3,100 גרם,false,1,10.90,3.63,true,1,
7290112491794,false,בייגלה דקים דקים בטעם שמנת ובצל בייגל בייגל 300 גרם,"יוניליוור ישראל שיווק בע""מ",,,יח`,3,100 גרם,false,1,10.90,3.63,true,1,
7290112492449,false,פינוק שמפו שיער רגיל 700 מל-חדש,"יוניליוור ישראל שיווק בע""מ",,,יח`,7,100 גרם,false,1,12.90,1.84,true,1,
7290112492456,false,"שמפו פינוק לשיער יבש/פגום 700 מ""ל",יוניליוור ישראל שיווק בע`מ,,,יח`,7,"100 מ""ל",false,1,12.90,1.84,true,1,
7290112492463,false,"שמפו ומרכך 2 ב-1 לשיער רגיל פינוק 700 מ""ל.",יוניליוור ישראל שיווק בע`מ,,,יח`,7,"100 מ""ל",false,1,12.90,1.84,true,1,
7290112492470,false,"שמפו ומרכך 2 ב-1 לשיער יבש פינוק 700 מ""ל.",יוניליוור ישראל שיווק בע`מ,,,יח`,7,"100 מ""ל",false,1,12.90,1.84,true,1,
7290112492500,false,פינוק שמפו לשיער עם שמן קוקוס 700 מל,"יוניליוור ישראל שיווק בע""מ",,,יח`,7,"100 מ""ל",false,1,12.90,1.84,true,1,
7290112492531,false,"פינוק קונדישנר לשיער רגיל 700מ""ל","יוניליוור ישראל שיווק בע""מ",,,יח`,7,"100 מ""ל",false,1,12.90,1.84,true,1,
7290112492548,false,"מרכך פינוק עם שמן חוחובה 700 מ""ל","יוניליוור ישראל שיווק בע""מ",,,יח`,7,"100 מ""ל",false,1,12.90,1.84,true,1,
7290112492746,false,"פינוק מרכך ללא דמעות לסירוק קל לילדים 700 מ""ל",יוניליוור ישראל שיווק בע`מ,,,יח`,7,"100 מ""ל",false,1,11.90,1.70,true,1,
7290112492753,false,"פינוק לילדים אל סבון לרחצה 700 מ""ל","יוניליוור ישראל שיווק בע""מ",,,יח`,1,,false,1,11.90,11.90,true,1,
7290112493163,false,חטיף קליק מיקס כריות וגלילית (65 גרם),יוניליוור ישראל שיווק בעמ,,,יח`,0.65,100 גרם,false,1,6.50,10,true,1,
7290112493170,false,חטיף כריות נוגט לבן (75 גרם),יוניליוור ישראל שיווק בעמ,,,יח`,0.75,100 גרם,false,1,6.50,8.67,true,1,
7290112493316,false,מרק היום אפונה 100% רכיבים טביעיים קנור,יוניליוור ישראל שיווק בע`מ,,,יח`,1.17,100 גרם,false,1,12.90,11.03,true,1,
7290112493927,false,גלידה בטעם ריבת חלב 1.33ל' קרמיסימו,"גלידת שטראוס בע""\מ, רחוב",,,יח`,1.33,1 ליטר,false,1,19.90,14.96,true,1,
7290112493934,false,גלידה קרמיסימו וניל צרפתי 1.33 ליטר,"גלידת שטראוס בע""\מ, רחוב",,,יח`,1.33,1 ליטר,false,1,19.90,14.96,true,1,
7290112493965,false,קרמיסימו חלבית בטעם מסטיק וניל 665 גר,"גלידת שטראוס בע""\מ, רחוב",,,יח`,1.33,1 ליטר,false,1,19.90,14.96,true,1,
7290112494214,false,חטיף קליק ביסקוויט לבן 65 גר`,יוניליוור ישראל שיווק בעמ,,,יח`,0.65,100 גרם,false,1,6.50,10,true,1,
7290112494221,false,חטיף ביסקויט שוקולד חלב קליק (65 גרם),יוניליוור ישראל שיווק בע`מ,,,יח`,0.65,100 גרם,false,1,6.50,10,true,1,
7290112494238,false,חטיף כדורים שוקולד חלב קליק (65 גרם),יוניליוור ישראל שיווק בע`מ,,,יח`,0.65,100 גרם,false,1,6.50,10,true,1,
7290112494269,false,חטיף קליק כריות צוקולטה 65 גר`,יוניליוור ישראל שיווק בעמ,,,יח`,0.65,100 גרם,false,1,6.50,10,true,1,
7290112494276,false,קליק כריות בתפזורת כשר לפסח,יוניליוור ישראל שיווק בע`מ,,,יח`,0.65,100 גרם,false,1,6.50,10,true,1,
7290112494283,false,חטיף כדורים מעורב חום לבו 65 גר`קליק,יוניליוור ישראל שיווק בע`מ,,,יח`,0.65,100 גרם,false,1,6.50,10,true,1,
7290112494290,false,קליק שקיות עוגי 65 גר`,יוניליוור ישראל שיווק בעמ,,,יח`,0.75,100 גרם,false,1,6.50,8.67,true,1,
7290112494313,false,קליק - קורנפלקס תפזורת 65 גרם,"יוניליוור ישראל שיווק בע""מ",,,יח`,0.65,100 גרם,false,1,6.50,10,true,1,
7290112494344,false,קורנפלקס של אלופים תלמה (850 גרם)רבנות,"יוניליוור ישראל שיווק בע""מ",,,יח`,8.50,100 גרם,false,1,19.90,2.34,true,1,
7290112494351,false,קורנפלקס של אלופים תלמה (850 גרם).בדצ,יוניליוור ישראל שיווק בע`מ,,,יח`,8.50,100 גרם,false,1,19.90,2.34,true,1,
7290112494795,false,בדין-ג'ל לכביסה לבנה וצבעונית בניחוח עדין כחול 2.5 ליטר,"יוניליוור ישראל שיווק בע""מ",,,יח`,2.50,1 ליטר,false,1,29.90,11.96,true,1,
7290112494801,false,בדין-ג'ל לכביסה לבנה וצבעונית בניחוח עדין ורוד 2.5 ליטר,"יוניליוור ישראל שיווק בע""מ",,,יח`,2.50,1 ליטר,false,1,29.90,11.96,true,1,
7290112494825,false,תרחיץ פנים לעור רגיש מכיל 25% קרם לחות,יוניליוור ישראל שיווק בע`מ,,,יח`,1.80,"100 מ""ל",false,1,17.90,9.94,true,1,
7290112495006,false,כריות דגנים במילוי נוגט בדצ 686 גרם,"יוניליוור ישראל שיווק בע""מ",,,יח`,6.86,100 גרם,false,1,26.90,3.92,true,1,
7290112495037,false,דגני בוקר בטעם שוקולד כדורים 375 ג' קוקומן,יוניליוור ישראל שיווק בע`מ,,,יח`,3.75,100 גרם,false,1,21.90,5.84,true,1,
7290112495105,false,נשנושים טעם שמנת בצל בייגל בייגל 260 גרם,"יוניליוור ישראל שיווק בע""מ",,,יח`,2.60,100 גרם,false,1,12.90,4.96,true,1,
7290112495143,false,נשנושי קרקר קוקטייל מלוח בייגל בייגל 300 גרם,"יוניליוור ישראל שיווק בע""מ",,,יח`,3,100 גרם,false,1,12.90,4.30,true,1,
7290112495167,false,נשנושי קרקר שומשום בייגל בייגל 350 גרם,יוניליוור ישראל שיווק בע`מ,,,יח`,3,100 גרם,false,1,12.90,4.30,true,1,
7290112495174,false,נשנושי קרקר קוקטייל שומשום בייגל בייגל 300 גרם,יוניליוור ישראל שיווק בע`מ,,,יח`,3,100 גרם,false,1,12.90,4.30,true,1,
7290112495266,false,קליק דאבל קרם עוגיות 65 גר`,יוניליוור ישראל שיווק בעמ,,,יח`,0.65,100 גרם,false,1,6.50,10,true,1,
7290112495273,false,קליק דאבל קרם חלב 65 גר`,יוניליוור ישראל שיווק בעמ,,,יח`,0.65,100 גרם,false,1,6.50,10,true,1,
7290112495433,false,דגני דליפקאן תוספת אגוזי פקאן ושקדים 400 גר,יוניליוור ישראל שיווק בע`מ,,,יח`,4,100 גרם,false,1,22.90,5.73,true,1,
7290112495488,false,קורנפלקס פתיתי תירס קלויים ללא גלוטן 500,יוניליוור ישראל שיווק בע`מ,,,יח`,5,100 גרם,false,1,15.90,3.18,true,1,
7290112495662,false,קרקר חיטה מלאה ופשתן בייגל בייגל 300 גרם,יוניליוור ישראל שיווק בע`מ,,,יח`,3,100 גרם,false,1,8.90,2.97,true,1,
7290112495754,false,רוטב לסלט אלף האיים הלמנס (305 מל),יוניליוור ישראל שיווק בע`מ,,,יח`,3.05,"100 מ""ל",false,1,12.90,4.23,true,1,
7290112495785,false,רוטב לסלט שום (300 גרם)הלמנס,"יוניליוור ישראל שיווק בע""מ",,,יח`,3,100 גרם,false,1,12.90,4.30,true,1,
7290112495808,false,רוטב לסלט חרדל ודבש הלמנס (305 מל),יוניליוור ישראל שיווק בע`מ,,,יח`,3.05,"100 מ""ל",false,1,12.90,4.23,true,1,
7290112495815,false,רוטב לסלט חרדל ודבש לייט (305 גרם)הלמנס,יוניליוור ישראל שיווק בע`מ,,,יח`,3.05,100 גרם,false,1,12.90,4.23,true,1,
7290112496027,false,"סירופ שוקולד לחיץ 580 מ""ל כשל""פ אפיכל",יוניליוור ישראל שיווק בע`מ,,,יח`,5.80,"100 מ""ל",false,1,11.90,2.05,false,1,
7290112496034,false,"סירופ מייפל לחיץ 580 מ""ל כשל""פ אפיכל",יוניליוור ישראל שיווק בע`מ,,,יח`,5.80,100 גרם,false,1,11.90,2.05,false,1,
7290112496195,false,"אקס - בושם גוף טיקט לגבר בלאק 17 מ""ל",יוניליוור ישראל שיווק בעמ,,,יח`,1,,false,1,10,10,true,1,
7290112496270,false,"פתית צ'יפס תפו""א בתוספת עגבניות ועשבי תיבול 22 גרם",יוניליוור ישראל שיווק בע`מ,,,יח`,0.22,100 גרם,false,1,4.90,22.27,true,1,
7290112496287,false,פתית - צ'יפס בטטה בטעם טבעי 21 גרם,יוניליוור ישראל שיווק בע`מ,,,יח`,0.21,100 גרם,false,1,4.90,23.33,true,1,
7290112496584,false,קליק כריות Black מצופה שוקולד לבן ועוגיות,יוניליוור ישראל שיווק בע`מ,,,יח`,0.65,100 גרם,false,1,6.50,10,true,1,
7290112496591,false,חטיף קליק כריות בלאק חלב 65 גר,יוניליוור ישראל שיווק בעמ,,,יח`,0.65,100 גרם,false,1,6.50,10,true,1,
7290112497505,false,"תחליב גוף וזלין ירוק עם אלוורה 600מ""ל",יוניליוור ישראל שיווק בע`מ,,,יח`,6,"100 מ""ל",false,1,19.90,3.32,false,1,
7290112498786,false,מגנום קריספי קרמל בננה שטראוס,"מיוצר ע""\י גלידת שטראוס",,,יח`,0.76,100 גרם,false,1,9.90,13.03,true,1,
7290112498847,false,שטראוס קרמיסימו בטעמי נוגט וניל שוקולד,גלידות שטראוס בעמ,,,יח`,1.33,1 ליטר,false,1,19.90,14.96,true,1,
7290112498915,false,מאגדת מיני מגנום שקדים מובחר שטראוס 250 גרם,"מיוצר ע""\י גלידת שטראוס",,,יח`,2.50,100 גרם,false,1,27.90,11.16,false,1,
7290112499059,false,"קרמיסימו שוקולד לבן עם תות ""שטראוס""","גלידת שטראוס בע""מ, ר",,,יח`,1.33,1 ליטר,false,1,19.90,14.96,true,1,
7290112499066,false,שטראוס קרמיסימו שוקולד לבן ופיסטוק,"גלידת שטראוס בע""מ, ר",,,יח`,1.33,1 ליטר,false,1,19.90,14.96,true,1,
7290112499127,false,שלגון גלידה שוקולד לבן ותות 77 גרם,"מיוצר ע""\י גלידת שטראוס",,,יח`,1,,false,1,9.90,9.90,true,1,
7290112499189,false,"גלידת קרמיסימו חד קרן וניל תות, 1.33 ליטר","גלידת שטראוס בע""\מ, רחוב",,,יח`,1.33,1 ליטר,false,1,19.90,14.96,true,1,
7290112499196,false,גלידה בטעם החלב של הקורנפלקס 1.33 ל' קרמיסימו,"גלידת שטראוס בע""\מ, רחוב",,,יח`,1.33,1 ליטר,false,1,19.90,14.96,true,1,
7290112499646,false,"מעדן קפוא בטעם וניל עם וופל 108 גרם ""קורנטו""","מיוצר ע""\י גלידת שטראוס",,,יח`,1,,false,1,9.90,9.90,true,1,
7290112499677,false,מגנום וניל בציפוי שוקולד לבן,"מיוצר ע""\י גלידת שטראוס",,,יח`,0.85,100 גרם,false,1,9.90,11.65,true,1,
7290112499837,false,מגנום דואט שוקו לד עם נוגט שטראוס,"מיוצר ע""\י גלידת שטראוס",,,יח`,0.90,100 גרם,false,1,9.90,11,true,1,
7290112499929,false,מגנום שוקולד אימפלס פסח 120מל,"מיוצר ע""\י גלידת שטראוס",,,יח`,1,,false,1,9.90,9.90,true,1,
7290112499936,false,מגנום שקדים אימפלס פסח 125מל,"מיוצר ע""\י גלידת שטראוס",,,יח`,1,,false,1,9.90,9.90,true,1,
7290112499943,false,מיני מאגדת מיני מגנום טעמים שונים וניל+שוקו,"מיוצר ע""\י גלידת שטראוס",,,יח`,1,,false,1,32.90,32.90,false,1,
7290112961266,false,בייגלה כפיות פיזור איטלקי 300 גרם אסם,קבוצת אוסם סחר שותפות מוגבלת,,,יח`,3,100 גרם,false,1,9.90,3.30,true,1,
7290112961327,false,בייגלה כפיות פיזור כפרי אסם 300 גרם,קבוצת אוסם סחר-שות.מוגבלת,,,יח`,3,100 גרם,false,1,9.90,3.30,true,1,
7290112961372,false,פיטנס חטיפי פריכיות דקות קינמון 60 גרם,קבוצת אוסם סחר שותפות מוגבלת,,,יח`,0.60,100 גרם,false,1,8.90,14.83,true,1,
7290112961440,false,פיטנס חטיפי פריכיות שוקולד מריר 84 גרם,קבוצת אוסם סחר שותפות מוגבלת,,,יח`,0.84,100 גרם,false,1,14.90,17.74,true,1,
7290112961464,false,פיטנס חטיפי פריכיות דגנים וחומוס מתובלות,קבוצת אוסם סחר שותפות מוגבלת,,,יח`,0.60,100 גרם,false,1,8.90,14.83,true,1,
7290112962287,false,טבעול שווארמה טבעונית 6*450 גרם,קבוצת אוסם סחר שותפות מוגבלת,,,יח`,4.50,100 גרם,false,1,32.90,7.31,true,1,
7290112963529,false,מאגדת טילון אקסטרים שוקו וניל פרווה נסטלה,נגה גלידות שותפות מוגבלת,,,יח`,4.32,100 גרם,false,1,31.90,7.38,false,1,
7290112963918,false,פיטנס חטיפי קרקר דק רוזמרין 140 גרם,קבוצת אוסם סחר שותפות מוגבלת,,,יח`,1.40,100 גרם,false,1,11.90,8.50,true,1,
7290112964410,false,אסם רוטב אלף האיים חדש לסלט 290 גרם,קבוצת אוסם סחר שותפות מוגבלת,,,יח`,2.90,"100 מ""ל",false,1,11.90,4.10,true,1,
7290112964434,false,אסם רוטב קיסר חדש לסלט 295 גרם,קבוצת אוסם סחר שותפות מוגבלת,,,יח`,2.90,"100 מ""ל",false,1,11.90,4.10,true,1,
7290112964564,false,רוטב אלף האיים לייט לסלט אסם (295 מל),קבוצת אוסם סחר שותפות מוגבלת,,,יח`,2.95,"100 מ""ל",false,1,11.90,4.03,true,1,
7290112964601,false,רוטב בנוסח סצ'ואן הסדרה האסייתית,קבוצת אוסם סחר שותפות מוגבלת,,,יח`,2.90,"100 מ""ל",false,1,14.90,5.14,true,1,
7290112964625,false,רוטב שום לייט לסלט 310 גרם אסם,קבוצת אוסם סחר שותפות מוגבלת,,,יח`,2.90,"100 מ""ל",false,1,11.90,4.10,true,1,
7290112964724,false,המבורגר צמחוני עם המון חלבון 580 גר,קבוצת אוסם סחר שותפות מוגבלת,,,יח`,5.04,100 גרם,false,1,32.90,6.53,true,1,
7290112965240,false,מרק נמס בטעם עגבניות זוג * 44 ג' אסם,קבוצת אוסם סחר שותפות מוגבלת,,,יח`,0.60,100 גרם,false,1,5.90,9.83,false,1,
7290112965301,false,זוג מרק נמס בטעם עוף עם שקדי מרק רגע חם,קבוצת אוסם סחר שותפות מוגבלת,,,יח`,0.52,100 גרם,false,1,5.90,11.35,false,1,
7290112965585,false,פרפקטו פסטה קסרצה אסם 500 גרם,קבוצת אוסם סחר שותפות מוגבלת,,,יח`,5,100 גרם,false,1,7.90,1.58,false,1,
7290112965684,false,פיטנס - חטיף מולטיגריין עשבי תיבול 25 גרם,קבוצת אוסם סחר שותפות מוגבלת,,,יח`,0,100 גרם,false,1,5,5,true,1,
7290112965707,false,פיטנס - חטיף מולטיגריין צילי מעודן 25 גרם,קבוצת אוסם סחר שותפות מוגבלת,,,יח`,0,100 גרם,false,1,5,5,true,1,
7290112965905,false,בייגלה שמיניות במליחות מעודנת אסם 400 גרם,קבוצת אוסם סחר שותפות מוגבלת,,,יח`,4,100 גרם,false,1,10.90,2.73,true,1,
7290112966094,false,עוגת הבית בטעם תפוז מופחת סוכראסם (400 ג,קבוצת אוסם סחר שותפות מוגבלת,,,יח`,4,100 גרם,false,1,11.90,2.98,false,1,
7290112966445,false,במבה מתוקה אריזה גדולה 100 גר`אסם,קבוצת אוסם סחר שותפות מוגבלת,,,יח`,1,100 גרם,false,1,8.90,8.90,false,1,
7290112966728,false,צבר טחינה בלאדי פלפלים חריפים 350 גרם,קבוצת אוסם סחר שותפות מוגבלת,,,יח`,3.50,100 גרם,false,1,14.90,4.26,false,1,
7290112966841,false,אינסטנט פודינג בטעם שוקולד מריר 95 גרם,קבוצת אוסם סחר שותפות מוגבלת,,,יח`,0.90,100 גרם,false,1,5.90,6.56,false,1,
7290112967114,false,פיטנס חטיפי פריכיות קטניות ופלפל 60 גרם,קבוצת אוסם סחר שותפות מוגבלת,,,יח`,0.60,100 גרם,false,1,8.90,14.83,true,1,
7290112967206,false,מארז במבה מתוקה 15 גר'*10יח אסם,קבוצת אסם סחר שות. מוגבלת,,,יח`,1.50,100 גרם,false,1,12.90,8.60,true,1,
7290112967381,false,פיטנס חטיפי פריכיות קטניות ומלח ים 60 גרם,קבוצת אוסם סחר שותפות מוגבלת,,,יח`,0.60,100 גרם,false,1,8.90,14.83,true,1,
7290112967572,false,"אסם רוטב ברביקיו 290 מ""ל אסם",קבוצת אוסם סחר שותפות מוגבלת,,,יח`,2.50,100 גרם,false,1,11.90,4.76,true,1,
7290112967848,false,אבקה להכנת ג`לי בטעם תות אסם (90 גרם) מו,קבוצת אוסם סחר שותפות מוגבלת,,,יח`,0.90,100 גרם,false,1,6.90,7.67,true,1,
7290112968203,false,צבר סלט טחינה בלאדי 6*250גרם,קבוצת אוסם סחר שותפות מוגבלת,,,יח`,2.50,100 גרם,false,1,9.90,3.96,false,1,
7290112968524,false,צבר סלט חומוס גרגירים רכים 6*250גרם,קבוצת אוסם סחר שותפות מוגבלת,,,יח`,2.50,100 גרם,false,1,9.90,3.96,false,1,
7290112968807,false,80018416694פיטנס חטיפי קרקר דק סלק 150גר,קבוצת אוסם סחר שותפות מוגבלת,,,יח`,1.40,100 גרם,false,1,11.90,8.50,true,1,
7290112968821,false,חטיפי קרקר דק בטטה 140 גר` פיטנס,קבוצת אוסם סחר שותפות מוגבלת,,,יח`,1.40,100 גרם,false,1,11.90,8.50,true,1,
7290112969286,false,בישולים רוטב חרדל ודבש ( 330 גר`) אסם,קבוצת אוסם סחר שותפות מוגבלת,,,יח`,3.30,100 גרם,false,1,15.90,4.82,true,1,
7290113190450,false,ממרח תמרים 450 גרם שקדיה,דין שיווק וקליה 2021 בעמ,,,יח`,4.50,100 גרם,false,1,5.90,1.31,false,1,
7290113190771,false,חלבה מסולסלת שוקו וניל 300 גר`ששון הקו,דין שיווק וקליה 2021 בעמ,,,יח`,3,100 גרם,false,1,13.90,4.63,false,1,
7290113192201,false,תערובת להכנת סחלב 500 גרם ששון הקולה,דין שיווק וקליה 2021 בעמ,,,יח`,5,100 גרם,false,1,13.90,2.78,false,1,
7290113192300,false,זיתים חרוזית מושחרים בית השיטה 275 גרם,קבוצת אוסם סחר שותפות מוגבלת,,,יח`,2.75,100 גרם,false,1,10.90,3.96,false,1,
7290113192324,false,זיתים ירוקים שלמים בינוניים בית השיטה,קבוצת אוסם סחר-שות.מוגבלת,,,יח`,5.60,100 גרם,false,1,10.90,1.95,false,1,
7290113192348,false,בית השיטה זיתים ירוקים גדול מאודבטעם שום,קבוצת אוסם סחר-שות.מוגבלת,,,יח`,3.40,100 גרם,false,1,10.90,3.21,true,1,
7290113192355,false,חרוזית זיתים ירוקים ללא גלעין 275 ג' בית השיטה,קבוצת אוסם סחר שותפות מוגבלת,,,יח`,5.60,100 גרם,false,1,10.90,1.95,true,1,
7290113192362,false,בית השיטה טבעות זיתים ירק.א2 12*280ג חדש,קבוצת אוסם סחר שותפות מוגבלת,,,יח`,5.60,100 גרם,false,1,10.90,1.95,true,1,
7290113192393,false,בית השיטה קוקטייל זיתים א2 336 גרם,קבוצת אוסם סחר שותפות מוגבלת,,,יח`,3.36,100 גרם,false,1,11.90,3.54,false,1,
7290113192478,false,בית השיטה מלפפונים במלח בינוני 10-12 320 גרם,קבוצת אוסם סחר שותפות מוגבלת,,,יח`,3.20,100 גרם,false,1,7.90,2.47,true,1,
7290113192485,false,בית השיטה מלפפונים בחומץ בינוני 10-12 290 גרם,קבוצת אוסם סחר שותפות מוגבלת,,,יח`,2.90,100 גרם,false,1,7.90,2.72,true,1,
7290113192492,false,בית השיטה מלפפונים בחומץ קטנים 1317 290 גרם,קבוצת אוסם סחר שותפות מוגבלת,,,יח`,3.20,100 גרם,false,1,10.90,3.41,false,1,
7290113192508,false,ב.השיטה מלפפון במלח ר.טבע א2 17-13 320 גרם,קבוצת אוסם סחר שותפות מוגבלת,,,יח`,3.20,100 גרם,false,1,10.90,3.41,false,1,
7290113192515,false,בית השיטה מלפפונים במלח קטן מאוד 1825 320 גרם,קבוצת אוסם סחר שותפות מוגבלת,,,יח`,3.20,100 גרם,false,1,12.90,4.03,false,1,
7290113192522,false,בית השיטה מלפפונים בחומץ קטן מאוד 1825 290 גרם,קבוצת אוסם סחר שותפות מוגבלת,,,יח`,3.20,100 גרם,false,1,12.90,4.03,false,1,
7290113192553,false,מלפפונים במלח 13-17 פיקנטי בית השיטה 320 גרם,קבוצת אוסם סחר-שות.מוגבלת,,,יח`,3.20,100 גרם,false,1,10.90,3.41,false,1,
7290113192560,false,פלפל חריף כבוש שיפקה בית השיטה (430 גר`),קבוצת אוסם סחר שותפות מוגבלת,,,יח`,4.30,100 גרם,false,1,7.90,1.84,true,1,
7290113192881,false,"טורטיה חיטה מופחת קלוריות, קוטר 20 ס""מ - 6 יח'",דין שיווק וקליה 2021 בעמ,,,יח`,2.70,100 גרם,false,1,9.90,3.67,true,1,
7290113193000,false,בית השיטה פלפל שיפקונית 230 גרם*,קבוצת אוסם סחר שותפות מוגבלת,,,יח`,2.30,100 גרם,false,1,10.90,4.74,true,1,
7290113193321,false,שמן זית כתית מעולה בית השיטה 750 מייל,קבוצת אוסם סחר שותפות מוגבלת,,,יח`,7.50,"100 מ""ל",false,1,29.90,3.99,false,1,
7290113195066,false,חלבה טורקית בטעם וניל שקדיה 400 גרם,דין שיווק וקליה 2021 בעמ,,,יח`,4,100 גרם,false,1,14.90,3.73,true,1,
7290113195080,false,חלבה טורקית בטעם שוקו וניל 400 גר` שקדיה,דין שיווק וקליה 2021 בעמ,,,יח`,4,100 גרם,false,1,14.90,3.73,true,1,
7290113195424,false,"אטריות אורז 5 מ""מ שקדיה 400 גרם",דין שיווק וקליה 2021 בעמ,,,יח`,4,100 גרם,false,1,8.90,2.23,false,1,
7290113195479,false,קמח שקדים ( 200 גר`) שקדיה,דין שיווק וקליה 2021 בעמ,,,יח`,2,100 גרם,false,1,14.90,7.45,true,1,
7290113195967,false,קוואקר שיבולת שועל פחית שקדיה 500 גרם,דין שיווק וקליה 2021 בעמ,,,יח`,5,100 גרם,false,1,9.90,1.98,false,1,
7290113196001,false,פסטה ספגטי שקדיה 500 גר` .,דין שיווק וקליה 2021 בעמ,,,יח`,5,100 גרם,false,1,3.90,0.78,true,1,
7290113196018,false,פסטה ביסלי שקדיה 500 גרם,דין שיווק וקליה 2021 בעמ,,,יח`,5,100 גרם,false,1,3.90,0.78,true,1,
7290113196025,false,פסטה צינורות שקדיה 500 גר` .,דין שיווק וקליה 2021 בעמ,,,יח`,5,100 גרם,false,1,3.90,0.78,true,1,
7290113196032,false,פסטה צדפים שקדיה 500 גר` .,דין שיווק וקליה 2021 בעמ,,,יח`,5,100 גרם,false,1,3.90,0.78,true,1,
7290113196353,false,אטריות אורז דקות 400 גרם,דין שיווק וקליה 2021 בעמ,,,יח`,4,100 גרם,false,1,9.90,2.48,false,1,
7290113196414,false,"אורז בסמטי 1 ק""ג - שקדיה כחול מטאלי",דין שיווק וקליה 2021 בעמ,,,יח`,1,"ק""ג",false,1,9.90,9.90,false,1,
7290113196759,false,ירקות מעורבים בסגנון מזרחי בטעם ביתי,קבוצת אוסם סחר שותפות מוגבלת,,,יח`,7.50,100 גרם,false,1,29.90,3.99,true,1,
7290113196896,false,"תרסיס שמן זית שקדיה 170 מ""ל",דין שיווק וקליה 2021 בעמ,,,יח`,1.70,"100 מ""ל",false,1,12.90,7.59,true,1,
7290113199323,false,עלי טורטילוס בוריטו150גר,אלקטי קוראבייכיסיגידה טו,,,יח`,1.50,100 גרם,false,1,4.90,3.27,false,1,
7290113199675,false,גרנולה שיבולת שועל עם צימוק אגוז ושקד 500ג' שקדיה,דין שיווק וקליה 2021 בעמ,,,יח`,5,100 גרם,false,1,12.90,2.58,false,1,
7290113199682,false,גרנולה שיבולת שועל עם פירות יבשים ומסוכרים 500ג' שקדיה,דין שיווק וקליה 2021 בעמ,,,יח`,5,100 גרם,false,1,12.90,2.58,false,1,
7290113199859,false,מגש אירוח סוכריות גומי 350 ג' שקדיה,דין שיווק וקליה 2021 בעמ,,,יח`,3.50,100 גרם,false,1,14.90,4.26,true,1,
7290113199866,false,מגש אירוח אגוזים קלויים וחטיפים מלוחים מקל 450 ג',****דין שיווק וקליה 2021 בעמ,,,יח`,4.50,100 גרם,false,1,34.90,7.76,true,1,
7290113300354,false,לה קט סטיק עוף 30 גרם,שחורי אריה ואנסטסיה,,,יח`,1,,false,1,9.90,9.90,false,1,
7290113302327,false,חטיף בונזו טבעות עוף פריכות 80 גר,שחורי אריה ואנסטסיה,,,יח`,1,,false,1,12.90,12.90,false,1,
7290113302365,false,חטיפי בונזו ברווז בצורת סושי 80 גר,שחורי אריה ואנסטסיה,,,יח`,1,,false,1,12.90,12.90,false,1,
7290113303607,false,חטיף בונזו חטיפי עוף 80 גר,שחורי אריה ואנסטסיה,,,יח`,1,,false,1,12.90,12.90,false,1,
7290113560055,false,פרודונטקס מי פה טיפול יומי לחניכיים 500,"מאסטרפוד אוסטריה בע""מ",,,יח`,5,"100 מ""ל",false,1,29.90,5.98,true,1,
7290113560109,false,פרודונטקס מ.שיניים בטעם צמחי 75 מל,פרודונטקס Parodontax,,,יח`,0.75,"100 מ""ל",false,1,30.90,41.20,true,1,
7290113594524,false,צלחת במבוק LOL יח,שמחה זה אנחנו בעמ,,,יח`,1,,false,1,9.90,9.90,false,1,
7290113594562,false,שלישיית ביצי שוקולד סמי הכבאי,שמחה זה אנחנו בעמ,,,יח`,0.60,100 גרם,false,1,12.90,21.50,false,1,
7290113594579,false,שלישיית ביצי שוקולד(חלב נוכרי)-מפרץ הרפתקאות,שמחה זה אנחנו בעמ,,,יח`,0.60,100 גרם,false,1,12.90,21.50,false,1,
7290114310215,false,"שמנת מתוקה 38% רמת הגולן 250 מ""ל ווסטהיים - מוצר בפיקוח",החברה המרכזית טלהפצת משקאות בע,,,יח`,2.50,"100 מ""ל",false,1,6.47,2.59,false,1,
7290114310222,false,חלב מועשר בסידן וויטמין Dי 3% 1.5 ל' טרה,*החברה המרכזית להפצת משקאותבעמ,,,יח`,0.0150,"100 מ""ל",false,1,12.50,833.33,false,1,
7290114310239,false,חלב נטול לקטוז מועשר בוויטמין D י 2% 1.5 ל' טרה,החברה המרכזית טלהפצת משקאות בע,,,יח`,0.0150,"100 מ""ל",false,1,12.50,833.33,false,1,
7290114310338,false,צפתית מעודנת 5% בגביע 225 גרם משק צוריאל,החברה המרכזית טלהפצת משקאות בע,,,יח`,2.55,100 גרם,false,1,19.10,7.49,false,1,
7290114310345,false,מעדן יוגורט בטעם תות 1.5% 125 גרם טרה,*החברה המרכזית להפצת משקאותבעמ,,,יח`,1.25,100 גרם,false,1,3,2.40,true,1,
7290114310536,false,יוגורט לייט מעושר חלבון 25 גרם חלבון וניל MULLER ACTIVE,*החברה המרכזית להפצת משקאותבעמ,,,יח`,2,100 גרם,false,1,6.20,3.10,true,1,
7290114310550,false,גבינת פטה עיזים מעודנת 5% משק צוריאל 200 גרם,החברה המרכזית טלהפצת משקאות בע,,,יח`,2,100 גרם,false,1,24.10,12.05,false,1,
7290114310567,false,לאבנה עיזים 5% 200 גר` צוריאל,החברה המרכזית טלהפצת משקאות בע,,,יח`,2,100 גרם,false,1,14.60,7.30,true,1,
7290114310574,false,גבינת קרם שמנת עיזים 5% 200 גרם צוריאל,*החברה המרכזית להפצת משקאותבעמ,,,יח`,2,100 גרם,false,1,14.60,7.30,true,1,
7290114310611,false,"משקה חלב בננה בבקבוק פקק ספורט טרה 250 מ""ל",החברה המרכזית טלהפצת משקאות בע,,,יח`,2.50,"100 מ""ל",false,1,5.20,2.08,false,1,
7290114310895,false,"סימפלי פרוט יוגורט עם מנגו תות, שמיניה 8 * 150 גרם",*החברה המרכזית להפצת משקאותבעמ,,,יח`,1,,false,1,31.40,31.40,false,1,
7290114311014,false,"משקה חלב אייס קפוצ'ינו פקק ספורט טרה 250 מ""ל",החברה המרכזית טלהפצת משקאות בע,,,יח`,2.50,"100 מ""ל",false,1,5.20,2.08,false,1,
7290114311038,false,"שמנת מתוקה 32% עמידה בבקבוק טרה 250 מ""ל",*החברה המרכזית להפצת משקאותבעמ,,,יח`,2.50,"100 מ""ל",false,1,6.90,2.76,false,1,
7290114311069,false,יוגורט לבן מועשר בחלבון 0% שומן 200 גרם muller active,החברה המרכזית טלהפצת משקאות בע,,,יח`,2,100 גרם,false,1,6.20,3.10,true,1,
7290114311076,false,"חמאת מולר צהובה עם שום, 200 גרם",*החברה המרכזית להפצת משקאותבעמ,,,יח`,2,100 גרם,false,1,11.50,5.75,false,1,
7290114311298,false,יוגורט מולר פרופ בטעם תות בננה מלון 150,החברה המרכזית טלהפצת משקאות בע,,,יח`,1.50,"100 מ""ל",false,1,5.30,3.53,false,1,
7290114311304,false,יוגורט קציפת מנגו פסיפלורה בננה 150 ג' מולר,החברה המרכזית טלהפצת משקאות בע,,,יח`,1.50,"100 מ""ל",false,1,5.30,3.53,false,1,
7290114311328,false,חלב מועשר דל לקטוז מעושר בויטמין Dי 2% שומן טרה 1 ליטר,*החברה המרכזית להפצת משקאותבעמ,,,יח`,1,1 ליטר,false,1,7.50,7.50,false,1,
7290114311359,false,יוגורט עם קציפת מנגו 3% שומן פרופ 150 ג' מולר,החברה המרכזית טלהפצת משקאות בע,,,יח`,1.50,"100 מ""ל",false,1,5.30,3.53,false,1,
7290114311434,false,מולר אקטיב יוגורט חלבון קרמל מלוח 200 גרם,החברה המרכזית טלהפצת משקאות בע,,,יח`,2,100 גרם,false,1,5.90,2.95,false,1,
7290114311441,false,מולר אקטיב יוגורט חלבון עוגיות חמאה 200 גרם,החברה המרכזית טלהפצת משקאות בע,,,יח`,2,100 גרם,false,1,5.90,2.95,false,1,
7290114311458,false,חלב קרטון 3% מועשר ויטמין די 1 ליטר,*החברה המרכזית להפצת משקאותבעמ,,,יח`,1,1 ליטר,false,1,7.10,7.10,false,1,
7290114600927,false,מאסטר שף עלי טורטייה חיטה מלאה 320 גרם,אלקאטי קורביישיסי גי,,,יח`,3.20,100 גרם,false,1,9.90,3.09,true,1,
7290114600941,false,מאסטר שף מיונז הולנדי לחיץ 435 גרם,ש. שסטוביץ בע`מ,,,יח`,4.35,100 גרם,false,1,14.90,3.43,true,1,
7290114603539,false,קרוטונים למרק שום בצל מאסטר שף 350 גרם,"עינת תעשיות מזון, אגשח ב",,,יח`,3.50,100 גרם,false,1,18.90,5.40,false,1,
7290114604895,false,מאסטר שף מיונז ספייסי לחיץ 446 גרם,ש. שסטוביץ בע`מ,,,יח`,4.46,100 גרם,false,1,14.90,3.34,true,1,
7290114604901,false,ממרח שום לחיץ מאסטר שף 444 גרם,ש. שסטוביץ בע`מ,,,יח`,4.44,100 גרם,false,1,14.90,3.36,true,1,
7290114604963,false,מאסטר שף פירורי לחם מתובלים 230 גרם,ש. שסטוביץ בע`מ,,,יח`,2.30,100 גרם,false,1,6.90,3,false,1,
7290114606530,false,רוטב בטעם מיונז וקטשופ 515 גרם מאסטר שף,ש. שסטוביץ בע`מ,,,יח`,5.15,100 גרם,false,1,14.90,2.89,true,1,
7290114606547,false,מיונז פטריות כמהין לחיץ מאסטר שף 242 גרם,ש. שסטוביץ בע`מ,,,יח`,2.42,100 גרם,false,1,14.90,6.16,true,1,
7290114606554,false,מיונז מופחת קלוריות בקבוק לחיץ,ש. שסטוביץ בע`מ,,,יח`,4.70,100 גרם,false,1,14.90,3.17,true,1,
7290114606561,false,מאסטר שף אטריות אורז דקות ורמיצ'לי 400 ג,לינג טונג רייס ורמיצ'ילי,,,יח`,4,100 גרם,false,1,9.90,2.48,true,1,
7290114608640,false,מאסטר שף קרוטונים לסלט כוסמין 260 גרם,עינת תעשיות מזון אגו,,,יח`,2.60,100 גרם,false,1,18.90,7.27,false,1,
7290114655934,false,בקבוק טריטן עם צמידים 700 - כוח פי גיי,שמחה זה אנחנו בעמ,,,יח`,1,,false,1,19.90,19.90,false,1,
7290114659949,false,מסכה כירורגית חד פעמית מארז 50 יח',שמחה זה אנחנו בעמ,,,יח`,1,,false,1,9.90,9.90,false,1,
7290115190014,false,סיגריות מרלבורו רד קצר בוקס,פיליפ מוריס בעמ,,,יח`,1,,false,1,38.50,38.50,true,1,
7290115190069,false,מרלבורו גולד 100 פאקט) (10 חד,פיליפ מוריס בעמ,,,יח`,1,,false,1,335,335,false,1,
7290115190076,false,סיגריות מרלבורו גולד ארוך 100 בוקס,פיליפ מוריס בעמ,,,יח`,1,,false,1,38.50,38.50,true,1,
7290115190083,false,מרלבורו גולד פאקט) (10 חדש,פיליפ מוריס בעמ,,,יח`,1,,false,1,335,335,false,1,
7290115190090,false,סיגריות מרלבורו קצר בוקס בודד,פיליפ מוריס בעמ,,,יח`,1,,false,1,38.50,38.50,true,1,
7290115190137,false,סיגריות מרלבורו טאצ סילבר יחידה,פיליפ מוריס בעמ,,,יח`,1,,false,1,33.50,33.50,true,1,
7290115190151,false,סיגריות מרלבורו טאצ גולד,פיליפ מוריס בעמ,,,יח`,1,,false,1,33.50,33.50,true,1,
7290115190236,false,סיגריות פרלמנט קצר בלו בודד,פיליפ מוריס בעמ,,,יח`,1,,false,1,43.50,43.50,true,1,
7290115190250,false,סיגריות פרלמנט קצר בודד,פיליפ מוריס בעמ,,,יח`,1,,false,1,43.50,43.50,true,1,
7290115190274,false,סיגריות פרלמנט סילבר,פיליפ מוריס בעמ,,,יח`,1,,false,1,43.50,43.50,true,1,
7290115190335,false,ל.מ.בלו לייבל ארוך בוקס חפיסה,פיליפ מוריס בעמ,,,יח`,1,,false,1,33,33,true,1,
7290115190342,false,אל אם כחול קצר לייבל,פיליפ מוריס בעמ,,,יח`,1,,false,1,295,295,false,1,
7290115190359,false,אל.אמ בלו לייבל קצר חפיסה) (20,פיליפ מוריס בעמ,,,יח`,1,,false,1,33,33,true,1,
7290115190397,false,סיגריות L.M קצר רד לייבל בודד,פיליפ מוריס בעמ,,,יח`,1,,false,1,33,33,true,1,
7290115190458,false,סיגריות נקסט פיין אדג' בודד,פיליפ מוריס בעמ,,,יח`,1,,false,1,29.50,29.50,true,1,
7290115190472,false,סיגריות נקסט אדג' בודד,פיליפ מוריס בעמ,,,יח`,1,,false,1,29.50,29.50,true,1,
7290115190489,false,נקסט פיין טייסט ארוך פקאט 10 יחידות,פיליפ מוריס בעמ,,,יח`,1,,false,1,285,285,true,1,
7290115190595,false,סיגריות נקסט אוריגינ,פיליפ מוריס בעמ,,,יח`,1,,false,1,32,32,true,1,
7290115200003,false,אסם פתי בר פינוקי וניל 16*220 ג',קבוצת אוסם סחר שותפות מוגבלת,,,יח`,2.20,100 גרם,false,1,10.90,4.95,true,1,
7290115200027,false,אסם פתי בר פינוקים שוקו 220 גרם,קבוצת אוסם סחר שותפות מוגבלת,,,יח`,2.20,100 גרם,false,1,10.90,4.95,true,1,
7290115200676,false,עוגיות קרמוגית במילוי קרם בטעם קרמל מלוח,קבוצת אוסם סחר שותפות מוגבלת,,,יח`,2,100 גרם,false,1,11.90,5.95,true,1,
7290115200881,false,בייגלה אסם שטוחים שומשום במליחות מעודנת 300 גר,קבוצת אוסם סחר שותפות מוגבלת,,,יח`,3,100 גרם,false,1,9.90,3.30,true,1,
7290115201031,false,פתי בר פינוקי דובי שוקולד 175גר.,קבוצת אוסם סחר שותפות מוגבלת,,,יח`,1.75,100 גרם,false,1,10.90,6.23,true,1,
7290115201680,false,ביסלי חטיף בטעם ברביקין אסם (70 גרם),קבוצת אוסם סחר שותפות מוגבלת,,,יח`,0.70,100 גרם,false,1,3.90,5.57,true,1,
7290115201703,false,ביסלי חטיף בטעם ברביקין אסם (200 גרם),קבוצת אוסם סחר שותפות מוגבלת,,,יח`,2,100 גרם,false,1,7.90,3.95,true,1,
7290115202434,false,צבר סלט חומוס עם זעתר 375 גרם,קבוצת אוסם סחר שותפות מוגבלת,,,יח`,3.75,100 גרם,false,1,12,3.20,false,1,
7290115202786,false,מנה חמה פאוצ' נדלס.אטר.טעם בקר 70 גרם,קבוצת אוסם סחר שותפות מוגבלת,,,יח`,0.70,100 גרם,false,1,3.90,5.57,false,1,
7290115202816,false,מנה חמה פאוץ נודלס אטריות טעם עוף 70 גרם,קבוצת אוסם סחר שותפות מוגבלת,,,יח`,0.70,100 גרם,false,1,3.90,5.57,false,1,
7290115202847,false,מנה חמה פאוצ' נדלס ספייסי אסם 70 ג',קבוצת אוסם סחר שותפות מוגבלת,,,יח`,0.70,100 גרם,false,1,3.90,5.57,false,1,
7290115202939,false,מנה חמה רייס נודלס עוף פטריות אסם 50 גרם,קבוצת אוסם סחר שותפות מוגבלת,,,יח`,0.50,100 גרם,false,1,7.90,15.80,true,1,
7290115203134,false,חטיף פופקו פופקורן במבה אסם (80 גרם),קבוצת אוסם סחר שותפות מוגבלת,,,יח`,0.80,100 גרם,false,1,5.50,6.88,true,1,
7290115203295,false,פרפקטו פסטה ריציאולי מהדורה 12*500גרם,קבוצת אוסם סחר-שות.מוגבלת,,,יח`,5,100 גרם,false,1,8.90,1.78,false,1,
7290115203486,false,פירורית בטעם ביסלי גריל אסם 200 גרם,קבוצת אוסם סחר שותפות מוגבלת,,,יח`,2,100 גרם,false,1,6.90,3.45,false,1,
7290115204056,false,"קטשופ מופחת סוכר אסם 690 גרם כשל""פ",קבוצת אוסם סחר שותפות מוגבלת,,,יח`,6.90,100 גרם,false,1,11.90,1.72,false,1,
7290115205176,false,729001032825פיטנס חטיפי קרקר כפרי 140גר.,קבוצת אוסם סחר שותפות מוגבלת,,,יח`,1.40,100 גרם,false,1,11.90,8.50,true,1,
7290115205251,false,פיטנס בר פירכיות קרמל מלוח 84 גרם,קבוצת אוסם סחר שותפות מוגבלת,,,יח`,0.84,100 גרם,false,1,14.90,17.74,true,1,
7290115205312,false,קרקר פיטנס דק עם זיתי קלמטה ועשבי תיבול,קבוצת אוסם סחר שותפות מוגבלת,,,יח`,1.40,100 גרם,false,1,11.90,8.50,true,1,
7290115205527,false,חטיף מולטיגריין עם עדשים ( 25 גר`) פיטנס,קבוצת אוסם סחר שותפות מוגבלת,,,יח`,0.25,100 גרם,false,1,5,20,true,1,
7290115205633,false,טבעול סנסשיונל/גורמה נקנקיות 350 גר',קבוצת אוסם סחר שותפות מוגבלת,,,יח`,3.50,100 גרם,false,1,29.90,8.54,true,1,
7290115207484,false,צבר סלט חציל על האש היתר 360 גרם,קבוצת אוסם סחר שותפות מוגבלת,,,יח`,4,100 גרם,false,1,15.90,3.98,false,1,
7290115207620,false,"אסם רוטב בסגנון סויה קלאסי 290 מ""ל",קבוצת אוסם סחר שותפות מוגבלת,,,יח`,2.90,"100 מ""ל",false,1,17.90,6.17,true,1,
7290115207682,false,אסם רוטב בסגנון סויה סיני 9*290מל חדש,קבוצת אוסם סחר שותפות מוגבלת,,,יח`,2.90,"100 מ""ל",false,1,11.90,4.10,true,1,
7290115207941,false,ויטמינצ'יק אננס סירופ 1 ליטר,קבוצת אוסם סחר שותפות מוגבלת,,,יח`,10,"100 מ""ל",false,1,19.90,1.99,false,1,
7290115207965,false,ויטמינצ'יק תרכיז מנגו אפרסק 1 ליטר,קבוצת אוסם סחר שותפות מוגבלת,,,יח`,10,"100 מ""ל",false,1,19.90,1.99,false,1,
7290115207989,false,ויטמינצ'יק תרכיז לימון 1 ליטר,קבוצת אוסם סחר שותפות מוגבלת,,,יח`,10,"100 מ""ל",false,1,19.90,1.99,false,1,
7290115208009,false,ויטמינצ'יק ענבים סירופ 1 ליטר,קבוצת אוסם סחר שותפות מוגבלת,,,יח`,10,"100 מ""ל",false,1,19.90,1.99,false,1,
7290115208047,false,סירופ פטל ויטמינצ`יק (1 ליטר),קבוצת אוסם סחר שותפות מוגבלת,,,יח`,10,"100 מ""ל",false,1,19.90,1.99,false,1,
7290115208061,false,ויטמינצ'יק תפוח סירופ 1 ליטר,קבוצת אוסם סחר שותפות מוגבלת,,,יח`,10,"100 מ""ל",false,1,19.90,1.99,false,1,
7290115208320,false,אפרופו חטיף בטעם ביסלי בצל 50 גרם,קבוצת אוסם סחר שותפות מוגבלת,,,יח`,0.50,100 גרם,false,1,5,10,true,1,
7290115208344,false,שטוחים בייגלה כפיות שמנת בצל 300גר,קבוצת אוסם סחר שותפות מוגבלת,,,יח`,3,100 גרם,false,1,9.90,3.30,true,1,
7290115208566,false,קרמוגית במילוי קרם בייגלה 200 גרם אסם,קבוצת אוסם סחר-שות.מוגבלת,,,יח`,2,100 גרם,false,1,11.90,5.95,true,1,
7290115208597,false,אסם קרמוגית מיניס קרמל מלוח 200 גרם,קבוצת אוסם סחר שותפות מוגבלת,,,יח`,2,100 גרם,false,1,11.90,5.95,true,1,
7290115208801,false,קרקר לחמית דבש ואגוזים אסם (190 גרם),קבוצת אוסם סחר שותפות מוגבלת,,,יח`,1.90,100 גרם,false,1,10.90,5.74,true,1,
7290115209198,false,במבה אוורירית אסם 80 גרם,קבוצת אוסם סחר שותפות מוגבלת,,,יח`,0.80,100 גרם,false,1,4.30,5.38,true,1,
7290115209235,false,ביסקוויט פתי בר קפה אסם (500 גרם),קבוצת אוסם סחר שותפות מוגבלת,,,יח`,5,100 גרם,false,1,11.90,2.38,false,1,
7290115209358,false,במבה במילוי בראוניז אסם (60 גרם),קבוצת אוסם סחר שותפות מוגבלת,,,יח`,0.60,100 גרם,false,1,4.30,7.17,true,1,
7290115209372,false,במבה במילוי בראוניז 150 גרם אוסם,קבוצת אוסם סחר שותפות מוגבלת,,,יח`,1.50,100 גרם,false,1,9.90,6.60,false,1,
7290115403299,false,עוגיות פרפריות 450ג דל,שיבולים יצור ושיווק מוצרי מאפה,,,יח`,4.50,100 גרם,false,1,14.90,3.31,false,1,
7290115403312,false,עוגיות מלוחות קריספי עגול 450ג דל,שיבולים יצור ושיווק מוצרי מאפה,,,יח`,4.50,100 גרם,false,1,14.90,3.31,false,1,
7290115403329,false,עוגיות רשת קינמון מסוכרות 450ג דל,שיבולים יצור ושיווק מוצרי מאפה,,,יח`,4.50,100 גרם,false,1,14.90,3.31,false,1,
7290115403343,false,עוגיות פסים עלים מסוכרות 450ג דל,שיבולים יצור ושיווק מוצרי מאפה,,,יח`,4.50,100 גרם,false,1,14.90,3.31,false,1,
7290115403350,false,עוגיות רשת שוקו מסוכרות 450ג דל,שיבולים יצור ושיווק מוצרי מאפה,,,יח`,4.50,100 גרם,false,1,14.90,3.31,false,1,
7290115403367,false,עוגיות קוואקר פריכות 500ג דל,שיבולים יצור ושיווק מוצרי מאפה,,,יח`,5,100 גרם,false,1,14.90,2.98,false,1,
7290115403381,false,עוגיות פיצפוצים לבן 500ג דלי,שיבולים יצור ושיווק מוצרי מאפה,,,יח`,5,100 גרם,false,1,14.90,2.98,false,1,
7290115403404,false,עוגיות פרפריות שוקו 450ג דל,שיבולים יצור ושיווק מוצרי מאפה,,,יח`,4.50,100 גרם,false,1,14.90,3.31,false,1,
7290115403411,false,עוגיות עינוגים בטעם קרם אגוזים 500 גר`,שיבולים יצור ושיווק מוצרי מאפה,,,יח`,5,100 גרם,false,1,14.90,2.98,false,1,
7290115403435,false,עוגיות מעמול תמר 500 גרם,שיבולים יצור ושיווק מוצרי מאפה,,,יח`,5,100 גרם,false,1,14.90,2.98,false,1,
7290115403442,false,עוגיות ממולאות טעם שוקולד 500ג דל,שיבולים יצור ושיווק מוצרי מאפה,,,יח`,5,100 גרם,false,1,14.90,2.98,false,1,
7290115403459,false,עוגיות נסיכה בטעם תות 500 גר`,שיבולים יצור ושיווק מוצרי מאפה,,,יח`,5,100 גרם,false,1,14.90,2.98,false,1,
7290115403466,false,עוגיות נסיכה מיקס 500ג דל,שיבולים יצור ושיווק מוצרי מאפה,,,יח`,5,100 גרם,false,1,14.90,2.98,false,1,
7290115403480,false,עוגיות בסגנון מרוקאי מיני 500ג דל,שיבולים יצור ושיווק מוצרי מאפה,,,יח`,5,100 גרם,false,1,14.90,2.98,false,1,
7290115403503,false,עוגיות פרסה תמרים 500ג דל,שיבולים יצור ושיווק מוצרי מאפה,,,יח`,5,100 גרם,false,1,14.90,2.98,false,1,
7290115403510,false,עוגיות מגולגלות תמרים 500ג דל,שיבולים יצור ושיווק מוצרי מאפה,,,יח`,5,100 גרם,false,1,14.90,2.98,false,1,
7290115403527,false,עוגיות עינוגי תמרים 500ג דל,שיבולים יצור ושיווק מוצרי מאפה,,,יח`,5,100 גרם,false,1,14.90,2.98,false,1,
7290115403565,false,עוגיות קיפל וניל 500 גרם,שיבולים יצור ושיווק מוצרי מאפה,,,יח`,5,100 גרם,false,1,14.90,2.98,false,1,
7290115405774,false,פחזניות ממולאות בטעם וניל קפולסקי 180 גרם,תופינים מקבוצת קפולס,,,יח`,1.80,100 גרם,false,1,14.90,8.28,false,1,
7290115480009,false,"מרכך כביסה מרוכז פרש קונטרול ירוק 900 מ""ל סוד",גורי שיווק בעמ,,,יח`,9,"100 מ""ל",false,1,11.90,1.32,false,1,
7290115670684,false,גרנולה שיבולת שועל עם אגוזי לוז,אנרג'י Energy - שטראוס,,,יח`,4,100 גרם,false,1,12.90,3.23,false,1,
7290115670691,false,גרנולה שיבולת שועל עם פירות יער,אמקו ספול אס. אר.או,,,יח`,4,100 גרם,false,1,12.90,3.23,false,1,
7290115670707,false,גרנולה שיבולת שועל עם שוקולד ואגוזי לוז,אנרג'י Energy - שטראוס,,,יח`,4,100 גרם,false,1,12.90,3.23,false,1,
7290115671421,false,פולי אספרסו עשירים וארומטיים עוצמה 10 עלית 250 גרם,שטראוס קפה בי. וי.,,,יח`,2.50,100 גרם,false,1,19.90,7.96,false,1,
7290115675719,false,דגני בוקר קראנצ'ים שיבולת שועל וחתיכות שוקולד מריר,"שטראוס פריטו ליי בע""מ",,,יח`,3.75,100 גרם,false,1,19.90,5.31,true,1,
7290115675986,false,דנונה יוגורט בר עם אגוזים מקורמלים 173 גרם,שטראוס גרופ בעמ/מצונן,,,יח`,1.73,"100 מ""ל",false,1,4.40,2.54,false,1,
7290115676037,false,דנונה ריפרש יוגורט עם תות ודומדמניות 1.6% שומן,שטראוס גרופ בעמ/מצונן,,,יח`,2.50,100 גרם,false,1,5.50,2.20,false,1,
7290115676051,false,"משקה אקטיביה שיבולת שועל במתיקות מעודנת 250 מ""ל",שטראוס גרופ בעמ/מצונן,,,יח`,2.65,"100 מ""ל",false,1,4.90,1.85,false,1,
7290115676082,false,משקה דנונה פרו 20 יוגורט תות 255 ג' רבנות,שטראוס גרופ בעמ/מצונן,,,יח`,2.25,100 גרם,false,1,6.90,3.07,false,1,
7290115677089,false,קונפיטורת יד מרדכי תפוח וקינמון 340 גרם,שטראוס גרופ בע`מ,,,יח`,3.40,100 גרם,false,1,11.90,3.50,false,1,
7290115678222,false,מארז 8 גביעים יוגורט Greek בסגנון יווני 6.5% שומן,שטראוס גרופ בעמ/מצונן,,,יח`,10,"100 מ""ל",false,1,24.90,2.49,false,1,
7290115678376,false,מעדן הגולן שוקולד 125 גרם,שטראוס גרופ בעמ/מצונן,,,יח`,1,,false,1,2.90,2.90,true,1,
7290115678383,false,מעדן הגולן שוקולד מריר בודד 125גר,שטראוס גרופ בעמ/מצונן,,,יח`,1,,false,1,2.90,2.90,true,1,
7290115678598,false,חסה אייסברג חיתוך גס 300 שטראוס טעם הטבע,שטראוס בריאות ירקות טריי,,,יח`,3,100 גרם,false,1,9.10,3.03,false,1,
7290116530185,false,"קורנפלקס דלישקד קרמל מלוח 400 גרם בד""ץ",יוניליוור ישראל שיווק בע`מ,,,יח`,4,100 גרם,false,1,22.90,5.73,true,1,
7290116530314,false,קליק כריות דאבל בלק שוקולד לבן 65גר,יוניליוור ישראל שיווק בעמ,,,יח`,0.65,100 גרם,false,1,6.50,10,true,1,
7290116530321,false,קליק כריות דאבל בלק שוקולד חלב 65גר,יוניליוור ישראל שיווק בעמ,,,יח`,0.65,100 גרם,false,1,6.50,10,true,1,
7290116530871,false,נשנושים מיקס בייגל בייגל 240 גרם,יוניליוור ישראל שיווק בע`מ,,,יח`,2.40,100 גרם,false,1,12.90,5.38,true,1,
7290116531045,false,קורנפלקס דליפקאן 350ג ללא גלוטן,"יוניליוור ישראלשיווק בע""מ",,,יח`,3.50,100 גרם,false,1,19.90,5.69,false,1,
7290116531090,false,בייגל בייגל דג דג במליחות עדינה 250 גרם,"יוניליוור ישראל שיווק בע""מ",,,יח`,2.50,100 גרם,false,1,9.90,3.96,true,1,
7290116531496,false,קינמונים דגנים פריכים מצופים קינמון 375,"יוניליוור ישראל שיווק בע""מ",,,יח`,3.75,100 גרם,false,1,21.90,5.84,true,1,
7290116531748,false,קליק שוקו מיקס חום לבן כשר לפסח 65 גרם,יוניליוור ישראל שיווק בעמ,,,יח`,0.65,100 גרם,false,1,6.50,10,true,1,
7290116531762,false,דפים ריחניים למייבש כביסה בדין ורוד 40 יחידות,יוניליוור ישראל שיווק בע`מ,,,יח`,1,,false,1,18.90,18.90,true,1,
7290116531779,false,דפים ריחניים למייבש כביסה בדין כחול 40 יחידות,"יוניליוור ישראל שיווק בע""מ",,,יח`,1,,false,1,18.90,18.90,true,1,
7290116531939,false,גלידה בשומן צמחי בטעם תות שדה בציפוי מכיל שוקולד,"גלידת שטראוס בע""\מ, רח'",,,יח`,7,100 גרם,false,1,47.90,6.84,false,1,
7290116532035,false,קליק קורנפלקס חום לבן כשר לפסח 65 גרם,יוניליוור ישראל שיווק בעמ,,,יח`,0.65,100 גרם,false,1,6.50,10,true,1,
7290116532042,false,קליק כריות נוגט כשר לפסח 65 גרם,יוניליוור ישראל שיווק בעמ,,,יח`,0.65,100 גרם,false,1,6.50,10,true,1,
7290116532219,false,קורנפלקס תות תלמה אלופים 448 גרם,"יוניליוור ישראל שיווק בע""מ",,,יח`,4.48,100 גרם,false,1,16.90,3.77,true,1,
7290116532721,false,רוטב הלמנס ישראלי לסלט לימון וזעתר 305 ג,יוניליוור ישראל שיווק בע`מ,,,יח`,2.95,"100 מ""ל",false,1,12.90,4.37,false,1,
7290116532738,false,רוטב איטלקי לסלט בזיליקום ואורגנו 305 גרם,יוניליוור ישראל שיווק בע`מ,,,יח`,2.95,"100 מ""ל",false,1,12.90,4.37,false,1,
7290116532899,false,נישנושים איירביס טעם פלאפל 155 גר`,"יוניליוור ישראל שיווק בע""מ",,,יח`,1.55,100 גרם,false,1,12.90,8.32,false,1,
7290116532905,false,נישנושים איירביס טעם ברביקיו 155 גר`,יוניליוור ישראל שיווק בע`מ,,,יח`,1.55,100 גרם,false,1,12.90,8.32,false,1,
7290116533063,false,דגני בוקר שוגי קרטיב ענבים 400 גרם,יוניליוור ישראל שיווק בע`מ,,,יח`,4,100 גרם,false,1,21.90,5.48,true,1,
7290116930015,false,GO חטיף חלבון חטיף בוטנים קריספי 20 גרם חלבון,"בלמונט קונפקציות בע""\מ.",,,יח`,1,,false,1,11.90,11.90,true,1,
7290116930282,false,ארוחה בקטנה לאבנה עם קרקרים 150ג' תנובה,"תנובה בע""מ ***",,,יח`,1.50,100 גרם,false,1,7.90,5.27,false,1,
7290116930435,false,יופלה גו במרקם סמיך עם דובדבן 0% 200מל,תנובה מרכז שיתופי לש,,,יח`,2,100 גרם,false,1,5.70,2.85,false,1,
7290116930459,false,"יופלה שייק מנגו בננה אננס וקוקוס 230 מ""ל",קבוצת המזון אקטשלאר,,,יח`,2.30,"100 מ""ל",false,1,7.90,3.43,true,1,
7290116930466,false,"משקה SHAKE בננה מנגן פסיפלורה והל 230 מ""ל יופלה",קבוצת המזון אקטשלאר,,,יח`,2.30,"100 מ""ל",false,1,7.90,3.43,true,1,
7290116930480,false,"משקה SHAKE בננה קיווי תפוח 230 מ""ל יופלה",קבוצת המזון אקטשלאר,,,יח`,2.30,"100 מ""ל",false,1,7.90,3.43,true,1,
7290116930626,false,ארוחה בקטנה ציזיקי עם קרקרים 150ג' תנובה,"תנובה בע""מ ***",,,יח`,1.50,100 גרם,false,1,7.90,5.27,false,1,
7290116930657,false,"משקה חלב גו בטעם בננה תמר בתוספת שיבולת שועל במרקם חלק 340 מ""ל",תנובה מרכז שיתופי לש,,,יח`,3.40,100 גרם,false,1,7.90,2.32,false,1,
7290116930701,false,מעדן חלב GO מועשר בחלבון בטעם קרמל מלוח,תנובה מרכז שיתופי לש,,,יח`,1.20,100 גרם,false,1,4.90,4.08,false,1,
7290116930718,false,מעדן תנובה דיאט בטעם שוקולד וקרמל מלוח 0% 150ג' תנובה,תנובה - חלב,,,יח`,1.50,"100 מ""ל",false,1,4,2.67,false,1,
7290116930725,false,סויה BIO קוקוס גביע 150 גרם אלטרנטיב,תנובה בעמ ***,,,יח`,1.50,100 גרם,false,1,4.50,3,false,1,
7290116930954,false,יוגורט טעם פאי תפוחים 3% 150 ג' יופלה,תנובה בעמ ***,,,יח`,1.50,"100 מ""ל",false,1,4.90,3.27,false,1,
7290116931074,false,פרוסות טל העמק 32% שומן 300 גרם,"תנובה בע""מ ***",,,יח`,3,100 גרם,false,1,25.90,8.63,false,1,
7290116931081,false,מעדן סויה - טופי קרמל 125 גרם אלטרנטיב,תנובה מרכז שיתופי לש,,,יח`,1.25,100 גרם,false,1,4.20,3.36,false,1,
7290116931104,false,יופלה GO במרקם סמיך עם אננס 0% תנובה 200 גרם,תנובה בעמ ***,,,יח`,2,100 גרם,false,1,5.70,2.85,false,1,
7290117260463,false,גבינה בולגרית מעודנת למריחה עם חלפיניו 5% שומן 200 ג' יורו,ג.וילי-פוד אינטרנשיונל **גבינו,,,יח`,2,100 גרם,false,1,9.90,4.95,false,1,
7290117260562,false,חמאה כפרית מסורתית בגביע,ג.וילי-פוד אינטרנשיונל **גבינו,,,יח`,2.50,100 גרם,false,1,16.90,6.76,false,1,
7290117260821,false,גבינת כבשים צ'אנק עם פטריות כמהין 150 ג' אל פסטור,ג.וילי-פוד אינטרנשיונל **גבינו,,,יח`,1.50,100 גרם,false,1,24.90,16.60,false,1,
7290117260883,false,חלבה+קקאו וילי פוד למעדנייה,ג.וילי-פוד אינטרנשיונל בעמ,,,"ק""ג",10,100 גרם,true,1,44,4.40,false,1,
7290117260890,false,פופקורן בציפוי בטעם קוקוס 90 גרם,ג. וילי-פוד אינטרנשיונל בע`מ,,,יח`,0.90,100 גרם,false,1,5.90,6.56,true,1,
7290117261088,false,בוראטה גבינת מוצרלה רכה 18% שומן 125 גר`,ג.וילי-פוד אינטרנשיונל **גבינו,,,יח`,1.25,100 גרם,false,1,19.90,15.92,false,1,
7290117261354,false,גבינת ריקוטה 200 גרם 5%שומן מחלבת אירופה,ג.וילי-פוד אינטרנשיונל **גבינו,,,יח`,2,100 גרם,false,1,9.90,4.95,true,1,
7290117261378,false,גבינת קשקבל לייט EURO CHEESE ויליפוד 250 גרם,ג.וילי-פוד אינטרנשיונל **גבינו,,,יח`,2.50,100 גרם,false,1,14.90,5.96,true,1,
7290117261415,false,euro cheese יוגורט פרוביוטי 2.7% שומן 125 גרם,ג.וילי-פוד אינטרנשיונל **גבינו,,,יח`,1.25,"100 מ""ל",false,1,2.90,2.32,false,1,
7290117261538,false,סלמון אטלנטי בשמן קנולה וצילי 120 גרם ויליפוד,ג. וילי-פוד אינטרנשיונל בע`מ,,,יח`,1.20,100 גרם,false,1,11.90,9.92,true,1,
7290117261545,false,סלמון אטלנטי ברוטב טריאקי 120 גרם ויליפוד,ג.וילי-פוד אינטרנשיונל בעמ,,,יח`,1.20,100 גרם,false,1,11.90,9.92,true,1,
7290117261552,false,סלמון אטלנטי ברוטב עגבניות 120 גרם ויליפוד,ג.וילי פוד אינטרנשיונל בעמ,,,יח`,1.20,100 גרם,false,1,11.90,9.92,true,1,
7290117261583,false,סרדינים בריסלינג מעושנים בשמן קנולה 129 גרם (צנצנת),ג. וילי-פוד אינטרנשיונל בע`מ,,,יח`,1.85,100 גרם,false,1,13.90,7.51,false,1,
7290117261590,false,סרדינים בריסלינג מעושנים בשמן זית 185 גרם צנצנת,ג.וילי-פוד אינטרנשיונל בעמ,,,יח`,1.85,100 גרם,false,1,13.90,7.51,false,1,
7290117261774,false,כדורי גבינת בייבי מוצרלה 14% שומן 150 גרםeuro cheese,ג.וילי-פוד אינטרנשיונל **גבינו,,,יח`,1.50,100 גרם,false,1,14.90,9.93,false,1,
7290117261927,false,גבינת פקורינו מחלב כבשים צ'אנק 150 EURO CHEESE,ג.וילי-פוד אינטרנשיונל **גבינו,,,יח`,1.50,100 גרם,false,1,19.90,13.27,false,1,
7290117261989,false,גבינת מנורי רכה מחלב צאן 43% שומן 170 גרם,ג.וילי-פוד אינטרנשיונל **גבינו,,,יח`,1.70,100 גרם,false,1,15.90,9.35,false,1,
7290117262221,false,"משקה יוגורט פרוביוטי עם אננס 200מ""ל 2.3%שומן יורו",ג.וילי-פוד אינטרנשיונל **גבינו,,,יח`,2,"100 מ""ל",false,1,4.90,2.45,true,1,
7290117262238,false,"משקה יוגורט פרוביוטי עם תות שדה 200מ""ל 2.3%שומן יורו",ג.וילי-פוד אינטרנשיונל **גבינו,,,יח`,2,"100 מ""ל",false,1,4.90,2.45,true,1,
7290117262245,false,"משקה יוגורט פרוביוטי עם אפרסק ומשמש 200מ""ל 2.3%שומן יורו",ג.וילי-פוד אינטרנשיונל **גבינו,,,יח`,2,"100 מ""ל",false,1,4.90,2.45,true,1,
7290117263020,false,"משקה יוגורט פרוביוטי פירות יער 2.3% 200 מ""ל",ג.וילי-פוד אינטרנשיונל **גבינו,,,יח`,2,"100 מ""ל",false,1,4.90,2.45,true,1,
7290117380215,false,חטיף פוף קראנץ בטעם טאקו 60 גרם,ש. שסטוביץ בע`מ,,,יח`,0.60,100 גרם,false,1,3.90,6.50,true,1,
7290117382264,false,"משחת שיניים טוטאל עם פחם 2 *75 מ""ל קולגייט",ש.שסטוביץ בעמ,,,יח`,1.50,"100 מ""ל",false,1,29.90,19.93,false,1,
7290117382318,false,סלים דליס פרו 33 חטיף חלבון שוקולד מריר 60 גרם,"י. מרבה ישראל בע""\מ",,,יח`,0.60,100 גרם,false,1,11.90,19.83,true,1,
7290117382332,false,סלים דליס פרו 33 חטיף חלבון שוקולד בטעם עוגיות 60 גרם,"י. מרבה ישראל בע""\מ",,,יח`,0.60,100 גרם,false,1,11.90,19.83,true,1,
7290117383711,false,"מארז זוג תחליב רחצה חלב ודבש *750 מ""ל פלמוליב",קולגייט פלמוליב,,,יח`,15,"100 מ""ל",false,1,29.90,1.99,false,1,
7290117383728,false,"מארז זוג תחליב רחצה לומינוס  אבוקדו 750 מ""ל פלמוליב",קולגייט פלמוליב,,,יח`,15,"100 מ""ל",false,1,29.90,1.99,false,1,
7290117383735,false,"מארז זוג תחליב רחצה חימר ורדים *750 מ""ל פלמוליב",קולגייט פלמוליב,,,יח`,15,"100 מ""ל",false,1,29.90,1.99,false,1,
7290117383742,false,"מארז זוג ג'ל רחצה לגבר 750 מ""ל פלמוליב",קולגייט פלמוליב,,,יח`,15,"100 מ""ל",false,1,29.90,1.99,false,1,
7290117823798,false,בדיקה עצמית מהירה לזיהוי אנטיגן - 5 בדיקות,שמחה זה אנחנו בעמ,,,יח`,1,,false,1,35,35,false,1,
7290117860083,false,"הוואי קרם רחצה יוגורט בניחוח אירוס זהוב ודבש 700 מ""ל","טרופיקל דגיל בע""\מ",,,יח`,7,"100 מ""ל",false,1,14.90,2.13,true,1,
7290117860090,false,מרכך תמציות אלוורה ותה ירוק לשיער רגיל,"טרופיקל דגיל בע""\מ",,,יח`,7,"100 מ""ל",false,1,14.90,2.13,true,1,
7290117860137,false,"הוואי קרם רחצה יוגורט בניחוח פרח הקמליה 700 מ""ל","טרופיקל גליל בע""מ",,,יח`,7,"100 מ""ל",false,1,14.90,2.13,true,1,
7290117860144,false,הוואי שמפו פירות אקזוטיים וקלנדולה 700,"טרופיקל גליל בע""מ",,,יח`,7,"100 מ""ל",false,1,14.90,2.13,true,1,
7290117860182,false,"הוואי - תחליב רחצה בניחוח מגנוליה ושמן שקדים 700 מ""ל","טרופיקל דגיל בע""\מ",,,יח`,7,"100 מ""ל",false,1,14.90,2.13,true,1,
7290117860243,false,"הוואי - מרכך מעניק לחות לשיער יבש 700 מ""ל","טרופיקל גליל בע""מ",,,יח`,7,"100 מ""ל",false,1,14.90,2.13,true,1,
7290117860397,false,שמפו תמצית פריחת הדובדבן לשיער רגיל,"טרופיקל גליל בע""מ",,,יח`,7,"100 מ""ל",false,1,14.90,2.13,true,1,
7290117860496,false,"הוואי שמפו + מרכך 2 ב-1 לגבר 700 מ""ל-חדש","טרופיקל גליל בע""מ",,,יח`,7,"100 מ""ל",false,1,14.90,2.13,true,1,
7290117860595,false,הוואי מרכך לילדים רוזמרין מנגו ומשמש 700,"טרופיקל גליל בע""מ",,,יח`,7,"100 מ""ל",false,1,14.90,2.13,true,1,
7290117860892,false,"הוואי - תחליב רחצה יוגורט בניחוח וניל ודבש 700 מ""ל","טרופיקל דגיל בע""\מ",,,יח`,7,"100 מ""ל",false,1,14.90,2.13,true,1,
7290117860946,false,"הוואי תחליב רחצה יוגורט בניחוח קוקוס 700 מ""ל","טרופיקל דגיל בע""\מ",,,יח`,7,"100 מ""ל",false,1,14.90,2.13,true,1,
7290117900963,false,בוטנים קלויים 270גר ששון הקולה,דין שיווק וקליה 2021 בעמ,,,יח`,2.70,100 גרם,false,1,10,3.70,false,1,
7290118420378,false,פתיבר פינוקים בטעם תותים בשמנת - חלבי,קבוצת אוסם סחר שותפות מוגבלת,,,יח`,2.20,100 גרם,false,1,11.90,5.41,true,1,
7290118420415,false,קטשופ אסם קלאסי (750 גרם)היתר מכירה,קבוצת אסם סחר שות. מוגבלת,,,יח`,7.50,100 גרם,false,1,9.90,1.32,false,1,
7290118420477,false,אסם בייגלה שטוחים בטעם ביסלי בצל 300 גרם,קבוצת אוסם סחר שותפות מוגבלת,,,יח`,3,100 גרם,false,1,9.90,3.30,false,1,
7290118420514,false,אינסטנט פודינג בטעם נוגט אסם 75 גרם,קבוצת אוסם סחר שותפות מוגבלת,,,יח`,1,,false,1,5.90,5.90,false,1,
7290900010367,false,טורטייה שמינייה משקל נקי 360 ג' Avel,אבאל יזמות בעמ,,,יח`,3.60,100 גרם,false,1,8.90,2.47,true,1,
7290900010664,false,ניוקי אבאל בטטה 1 קג,אבאל יזמות בעמ,,,יח`,10,100 גרם,false,1,9.90,0.99,false,1,
7296049258707,false,דן פעמון לעוגה,אוהב ציון בעמ (מבצעים),,,יח`,1,,false,1,19.90,19.90,false,1,
7394376615832,false,אוטלי משקה שיבולת שועל בטעם שוקולד 1 ליטר,ש. שסטוביץ בע`מ,,,יח`,1,1 ליטר,false,1,15.90,15.90,false,1,
7394376616778,false,אוטלי משקה שיבולת שועל להקצפה בריסטה 1 ליטר,ש. שסטוביץ בע`מ,,,יח`,1,1 ליטר,false,1,15.90,15.90,false,1,
7394376620294,false,אוטלי משקה שיבולת שועל בטעם וניל 1 ליטר,איי אם פי אס איי תעש,,,יח`,10,"100 מ""ל",false,1,15.90,1.59,false,1,
7501013101362,false,"נקטר בטעם קוקוס ואננס 500 מ""ל JUMEX",חומקס קומר קומרסאליזדורה,,,יח`,4.73,"100 מ""ל",false,1,7.90,1.61,true,1,
7501013101393,false,"ג'ומקס אננס בקבוק 473 מ""ל תריסר",חומקס קומר קומרסאליזדורה,,,יח`,4.73,"100 מ""ל",false,1,7.90,1.61,true,1,
7501013122039,false,ג'ומקס מיץ מנגו קרטונית ליטר תריסר,חומקס קומר קומרסאליזדורה,,,יח`,1000,1 ליטר,false,1,9.60,0.01,true,1,
7501013122053,false,נקטר אפרסק ג'ומקס בקרטונית 1 ליטר,חומקס קומר קומרסאליזדורה,,,יח`,1,1 ליטר,false,1,9.60,9.60,true,1,
7501013122114,false,ג'ומקס מיץ אננס קרטונית ליטר תריסר,חומקס קומר קומרסאליזדורה,,,יח`,1,1 ליטר,false,1,9.60,9.60,true,1,
7501013122190,false,ג'ומקס מיץ תפוחים קרטונית ליטר תריסר,חומקס קומר קומרסאליזדורה,,,יח`,1,1 ליטר,false,1,9.60,9.60,false,1,
7501013122992,false,ג'ומקס מיץ קוקוס אננס קרטונית ליטר תריסר,חומקס קומר קומרסאליזדורה,,,יח`,1,1 ליטר,false,1,9.60,9.60,true,1,
7501013138047,false,משקה רימונים יוניקו פרסקו ג'ומקס בקרטונית 1 ליטר,חומקס קומר קומרסאליזדורה,,,יח`,1,1 ליטר,false,1,11.60,11.60,false,1,
7501013138184,false,משקה חמוציות יוניקו פרסקו ג'ומקס קרטונית 1 ליטר,חומקס קומר קומרסאליזדורה,,,יח`,1,1 ליטר,false,1,11.60,11.60,false,1,
7501064191398,false,שישיית בירה קורונה אקסטרא *355 מל,קריניציה ויטמינה אס,,,יח`,2.13,1 ליטר,false,1,34.90,15.54,true,1,
7509546061160,false,"משחת שיניים לילדים מיניונים 2-5 75 מ""ל קולגייט",קולגייט פלמוליב,,,יח`,0.75,"100 מ""ל",false,1,12.90,17.20,false,1,
7509546061672,false,דאודורנט סטיק אקסטרים אינטנס,ספיד סטיק Speed Stick,,,יח`,0.50,100 גרם,false,1,16.90,33.80,false,1,
7509546666846,false,"משחת שיניים פחם טוטאל 75 מ""ל קולגייט",קולגייט פלמוליב,,,יח`,1,,false,1,19.90,19.90,false,1,
7509546678702,false,קולגייט משחת שיניים טוטל אנטי טרטר 100 מ,קולגייט-פלמוליב,,,יח`,1,"100 מ""ל",false,1,16.90,16.90,true,1,
7610100034084,false,מיונז טומי בשפורפרת 265 גרם,ליימן שליסל בע`מ,,,יח`,2.65,100 גרם,false,1,12.90,4.87,true,1,
7610113011652,false,בריזר - משקה כוהלי מוגז בטעם תפוח,בקרדי בריזר Bacardi Breezer,,,יח`,2.75,"100 מ""ל",false,1,14,4.98,true,1,
7610243004463,false,"דורגול - מרסס להסרת אבנית במקלחון 600 מ""ל","יעקב יעקבי ובניו בע""מ",,,יח`,6,"100 מ""ל",false,1,19.90,3.32,false,1,
7610400068369,false,לינדט לינדור טבלאה קוביות במילוי קרם ושב,משה סידס ובנו בעמ,,,יח`,1,100 גרם,false,1,15.90,15.90,true,1,
7610400068505,false,לינדט לינדור בונבוניירה שוקולד חלב 200 גרם,לינדט ושפרונגלי קילשברג,,,יח`,2,100 גרם,false,1,31.90,15.95,true,1,
7610400091060,false,שוקולד מריר לינדט אקסלנס בתוספת תפוז ושקדים,לינדט ושפרונגלי קילש,,,יח`,1,100 גרם,false,1,15.90,15.90,true,1,
7613030979647,false,דגני בוקר טריקס פירות עולם היורה 480 ג',קבוצת אוסם סחר שותפות מוגבלת,,,יח`,4.80,100 גרם,false,1,19.90,4.15,true,1,
7613031608850,false,פיטנס דגנים מחיטה מלאה ואורז נסטלה 625 גרם,קבוצת אוסם סחר שותפות מוגבלת,,,יח`,6.25,100 גרם,false,1,25.90,4.14,true,1,
7613032045753,false,פיטנס דגנים מחיטה מלאה שוקולד 375גרם,קבוצת אוסם סחר שותפות מוגבלת,,,יח`,3.75,100 גרם,false,1,19.90,5.31,true,1,
7613033548192,false,פיטנס - דגני בוקר שוקולד מריר 375 גרם,קבוצת אוסם סחר שותפות מוגבלת,,,יח`,3.75,100 גרם,false,1,19.90,5.31,true,1,
7613035618794,false,"פורינה ONE חתול בוגר עוף 3 ק""ג",שחורי אריה ואנסטסיה,,,יח`,1,,false,1,119,119,false,1,
7613035622623,false,פיטנס גרנולה שקדים ודבש נסטלה (300 גרם),קבוצת אוסם סחר-שות.מוגבלת,,,יח`,3,100 גרם,false,1,15.90,5.30,true,1,
7613035635845,false,פיטנס גרנולה שוקולד 300 גר`אסם,קבוצת אוסם סחר-שות.מוגבלת,,,יח`,3,100 גרם,false,1,15.90,5.30,true,1,
7613035758834,false,פיטנס סופר גרנולה וחמוציות 300 גרם,קבוצת אוסם סחר שותפות מוגבלת,,,יח`,3,100 גרם,false,1,15.90,5.30,true,1,
7613035807778,false,פרפקטו רוטב עגבניות לבולונז אסם 400 גרם,קבוצת אוסם סחר שותפות מוגבלת,,,יח`,4,100 גרם,false,1,9.90,2.48,true,1,
7613035809109,false,פרפקטו רוטב עגבניות ובזיליקום אסם 400 גרם,קבוצת אוסם סחר שותפות מוגבלת,,,יח`,4,100 גרם,false,1,9.90,2.48,true,1,
7613035809123,false,פרפקטו רוטב עגבניות עם פלפלים אסם 400 גרם,קבוצת אוסם סחר שותפות מוגבלת,,,יח`,4,100 גרם,false,1,9.90,2.48,true,1,
7613035809857,false,פרפקטו רוטב עגבניות לפסטה ולבישול אסם 400 גרם,קבוצת אוסם סחר שותפות מוגבלת,,,יח`,4,100 גרם,false,1,9.90,2.48,true,1,
7613036387798,false,פיטנס Fitness דגנים מלאים עם ציפוי בטעם יוגורט,קבוצת אוסם סחר שותפות מוגבלת,,,יח`,3.50,100 גרם,false,1,19.90,5.69,true,1,
7613036737623,false,דגני בוקר קראנץ מיקס 410גר,קבוצת אוסם סחר שותפות מוגבלת,,,יח`,4.10,100 גרם,false,1,19.90,4.85,true,1,
7613036880534,false,גרבר מחית ירקות מעורבים מטרנה 190 גר',קבוצת אוסם סחר שותפות מוגבלת,,,יח`,1.90,100 גרם,false,1,6.90,3.63,true,1,
7613036976732,false,פריסקיז פאוצ`סלמון ברוטב 85גר,קבוצת אוסם סחר-שות.מוגבלת,,,יח`,0.85,100 גרם,false,1,5.90,6.94,false,1,
7613037276091,false,נסטלה מיקס מיני אריזות דגני בוקר 200 גרם,קבוצת אוסם סחר שותפות מוגבלת,,,יח`,1,,false,1,16.90,16.90,false,1,
7613037686906,false,פיטנס - דגני בוקר שקדים ודבש 355 גרם,קבוצת אוסם סחר שותפות מוגבלת,,,יח`,3.55,100 גרם,false,1,19.90,5.61,true,1,
7613037687132,false,דגני בוקר פיטנס שקדים ודבש 585 גרם,קבוצת אוסם סחר שותפות מוגבלת,,,יח`,5.85,100 גרם,false,1,24.90,4.26,true,1,
7613037811629,false,קורנפלקס גו פרי ללא גלוטן 500 גר`,קבוצת אוסם סחר שותפות מוגבלת,,,יח`,5,100 גרם,false,1,14.90,2.98,false,1,
7613038451954,false,דגני בוקר שוקולד מופחת סוכר 410 ג' קראנץ',קבוצת אוסם סחר-שות.מוגבלת,,,יח`,4.10,100 גרם,false,1,19.90,4.85,true,1,
7613039547922,false,גרבר מחית אגס תפוח ובננה 90 גרם פאוץ,קבוצת אוסם סחר-שות.מוגבלת,,,יח`,0.90,100 גרם,false,1,6.90,7.67,false,1,
7613039879382,false,מחית תפוח עץ 190 גר` גרבר כשר לפסח,קבוצת אוסם סחר שותפות מוגבלת,,,יח`,1.90,100 גרם,false,1,6.90,3.63,true,1,
7613039880807,false,גרבר מחית תפוח וגזר 190 גרם,קבוצת אוסם סחר שותפות מוגבלת,,,יח`,1.90,100 גרם,false,1,6.90,3.63,true,1,
7613039881521,false,גרבר מחית מרק מנגו 190 גרם,קבוצת אוסם סחר שותפות מוגבלת,,,יח`,1.90,100 גרם,false,1,6.90,3.63,true,1,
7613287155894,false,"גרבר - מחית אפרסק כל""פ פאוץ 90 גרם",קבוצת אוסם סחר שותפות מוגבלת,,,יח`,0.90,100 גרם,false,1,6.90,7.67,false,1,
7613287181411,false,ויטמינציק מחית סלט פירות 110 גרם,קבוצת אוסם סחר שותפות מוגבלת,,,יח`,1.10,100 גרם,false,1,5.90,5.36,true,1,
7613287182326,false,ויטמינציק מחית בננה תפוח 110 גרם,קבוצת אוסם סחר-שות.מוגבלת,,,יח`,1.10,100 גרם,false,1,5.90,5.36,true,1,
7613287182456,false,ויטמינציק מחית אגס בננה תפוח 110 גרם,קבוצת אוסם סחר שותפות מוגבלת,,,יח`,1.10,100 גרם,false,1,5.90,5.36,true,1,
7613287186928,false,קפסולות קפה סומטרה (10 יח) סטארבקס (56 ג,קבוצת אוסם סחר שותפות מוגבלת,,,יח`,0.56,100 גרם,false,1,21.90,39.11,true,1,
7613287325808,false,אוסם - דיפ אנד ספרד מטבל איולי שום 295 גרם,קבוצת אוסם סחר שותפות מוגבלת,,,יח`,2.95,100 גרם,false,1,14.90,5.05,true,1,
7613287476494,false,אוסם - דיפ אנד ספרד מיונז בסגנון צרפתי 280 גרם,קבוצת אוסם סחר שותפות מוגבלת,,,יח`,2.80,100 גרם,false,1,14.90,5.32,true,1,
7613287476678,false,דגני בוקר סינימיניס צ'ורוס נסטלה 360 ג',קבוצת אוסם סחר שותפות מוגבלת,,,יח`,3.60,100 גרם,false,1,19.90,5.53,true,1,
7613287821348,false,נתחוני עוף טבעוני סנסשיונל טבעול 350 גרם,קבוצת אוסם סחר שותפות מוגבלת,,,יח`,3.50,100 גרם,false,1,32.90,9.40,true,1,
7613287855640,false,סטארבקס קפסולות קפה גוואטמלה 10 יחידות,קבוצת אוסם סחר שותפות מוגבלת,,,יח`,0.52,100 גרם,false,1,21.90,42.12,true,1,
7622010001858,false,עוגיות אוראו ממולאות קרם וניל 176 גרם.,דיפלומט מפיצים (1968) בעמ**,,,יח`,1.76,100 גרם,false,1,8.90,5.06,true,1,
7622201050757,false,מילקה שוקולד חלב במילוי קרם קרמל 100 ג,דיפלומט מפיצים (1968) בעמ**,,,יח`,1,100 גרם,false,1,6.90,6.90,true,1,
7622201137052,false,אוראו מיני קוקיס - עוגיות שוקולד צ'יפס ותחתית מצופה שוקולד חלב,דיפלומט מפיצים (1968) בעמ**,,,יח`,1.10,100 גרם,false,1,7.90,7.18,true,1,
7622201139278,false,גבינת פילדלפיה שמנת 150 גר`% (27 שומן),מיודלז אספניה פרודוק,,,יח`,1.50,100 גרם,false,1,13.90,9.27,true,1,
7622201401900,false,עוגיות מילקה סנסיישן אוראו 156 גרם,דיפלומט מפיצים (1968) בעמ**,,,יח`,1.56,100 גרם,false,1,12.90,8.27,true,1,
7622201500733,false,עוגיות אוראו רמיקס דאבל קרם קרמל וניל157,דיפלומט מפיצים (1968) בע`מ,,,יח`,1.57,100 גרם,false,1,7.90,5.03,false,1,
7622201502515,false,עוגיות מילקה קוקי לופ שוקולד צ'יפס,דיפלומט מפיצים (1968) בעמ**,,,יח`,1.32,100 גרם,false,1,12.90,9.77,true,1,
7622201521493,false,גבינת פילדלפיה שום ועשבי תיבול 150 גר` (,מיודלז אספניה פרודוק,,,יח`,1.50,100 גרם,false,1,13.90,9.27,true,1,
7622201798154,false,גבינת שמנת לייט מופחתת שומן 13% שומן,מיודלז אספניה פרודוק,,,יח`,1.50,100 גרם,false,1,13.90,9.27,true,1,
7622201801809,false,מילקה שוקולד חלב עם אגוזים 100 גרם חדש,מנדלז דויצ'\לנד סנקס פרו,,,יח`,1,100 גרם,false,1,6.90,6.90,true,1,
7622201802363,false,מילקה טבלת שוקולד חלב וצימוקים ואגוזים 100ג',דיפלומט מפיצים (1968) בעמ**,,,יח`,1,100 גרם,false,1,6.90,6.90,true,1,
7622201802394,false,שוקולד מילקה חלב מסרונים 100 גרם,מנדלז דויצ'\לנד סנקס פרו,,,יח`,1,100 גרם,false,1,6.90,6.90,true,1,
7622201808631,false,אוראו מיני עוגיות ממולאות קרם וניל 67גרם,דיפלומט מפיצים (1968) בעמ**,,,יח`,0.67,100 גרם,false,1,6.90,10.30,false,1,
7622201813390,false,וופל במילוי קרם קקאו בציפוי שוקולד חלב,דיפלומט מפיצים (1968) בעמ**,,,יח`,1.50,100 גרם,false,1,13.90,9.27,true,1,
7622210078131,false,שוקולד חלב עם שבבי קרמל מילקה דיים 100 גרם,מנדלז דויצ'\לנד סנקס פרו,,,יח`,1,100 גרם,false,1,6.90,6.90,true,1,
7622210163899,false,שוקולד חלב במילוי סוכריות עדשים,דיפלומט מפיצים (1968) בעמ**,,,יח`,1,100 גרם,false,1,6.90,6.90,true,1,
7622210453327,false,עוגיות שוקוצ'יפס במילוי שוקולד סנסיישן,דיפלומט מפיצים (1968) בעמ**,,,יח`,1.56,100 גרם,false,1,12.90,8.27,true,1,
7622210664150,false,"עוגיות אוראו וניל, 396 גרם",דיפלומט מפיצים (1968) בעמ**,,,יח`,3.96,100 גרם,false,1,15.90,4.02,false,1,
7622210690852,false,מילקה שוקולד טריולד 280 גרם,דיפלומט מפיצים (1968) בעמ**,,,יח`,2.80,100 גרם,false,1,14.90,5.32,true,1,
7622210690883,false,מילקה שוקולד חלב-מהדורת מונדיאל 270 גרם,דיפלומט מפיצים (1968) בעמ**,,,יח`,2.70,100 גרם,false,1,14.90,5.52,false,1,
7622210693266,false,מילקה שוקולד אגוזים שלמים 270 גרם,מונדלז אוסטרייך פרודקשן,,,יח`,2.70,100 גרם,false,1,15.90,5.89,true,1,
7622210826053,false,מילקה שוקולד אוראו סנדוויץ 100 גרם,דיפלומט מפיצים (1968) בעמ**,,,יח`,0.92,100 גרם,false,1,6.90,7.50,true,1,
7622210835338,false,אוראו עוגיות ממולאות טעם בראוניז 176 גרם,דיפלומט מפיצים (1968) בעמ**,,,יח`,1.76,100 גרם,false,1,8.90,5.06,true,1,
7622300270506,false,מילקה גריינס - עוגיות שיבולת שועל מצופות שוקולד 168 ג',דיפלומט מפיצים (1968) בעמ**,,,יח`,1.68,100 גרם,false,1,12.90,7.68,true,1,
7622300315283,false,אוראו עוגיות ממולאות קרם וניל 154 גרם,דיפלומט מפיצים (1968) בעמ**,,,יח`,1.54,100 גרם,false,1,7.90,5.13,false,1,
7622300441715,false,עוגיות מילקה ביסקוויט ממולא קרם חלב מצופה למחצה בשוקולד חלב 150 גר',דיפלומט מפיצים (1968) בעמ**,,,יח`,1.50,100 גרם,false,1,12.90,8.60,true,1,
7622300489427,false,עוגיות אוראו בציפוי בטעם שוקולד לבן 246 גרם,דיפלומט מפיצים (1968) בעמ**,,,יח`,2.46,100 גרם,false,1,19.90,8.09,true,1,
7622300489434,false,"עוגיות אוראו פאדג' בציפוי שוקולד חלב, 246 גרם",דיפלומט מפיצים (1968) בעמ**,,,יח`,2.46,100 גרם,false,1,19.90,8.09,true,1,
7622300495046,false,מילקה שוקולד חלב עם אקסטרה קקאו 100 גרם,מנדלז דויצ'\לנד סנקס פרו,,,יח`,1,100 גרם,false,1,6.90,6.90,true,1,
7622300503079,false,עוגיות ביסקוויט מצופה שוקולד חלב מילקה 200 גרם,דיפלומט מפיצים (1968) בעמ**,,,יח`,2,100 גרם,false,1,12.90,6.45,true,1,
7622300617820,false,מילקה שוקולד חלב במילוי קרם חלב ווניל ושבבי עוגיות אוראו 100 גרם,מנדלז דויצ'\לנד סנקס פרו,,,יח`,1,100 גרם,false,1,6.90,6.90,true,1,
7630311507016,false,קפסולות קפה סטארבקס סאני דיי 12*57גר`,קבוצת אוסם סחר שותפות מוגבלת,,,יח`,0.57,100 גרם,false,1,21.90,38.42,true,1,
7630477891592,false,סטארבקס קפסולות קפה האוס בלנד 10 יחידות,קבוצת אוסם סחר שותפות מוגבלת,,,יח`,0.57,100 גרם,false,1,21.90,38.42,true,1,
7630477891653,false,סטארבקס קפסולות קפה אספרסו נטול 10 יחידו,קבוצת אוסם סחר שותפות מוגבלת,,,יח`,0.57,100 גרם,false,1,21.90,38.42,true,1,
7630477891677,false,סטארבקס קפסולות קפה פייק פלייס 10 יחידות,קבוצת אוסם סחר שותפות מוגבלת,,,יח`,0.57,100 גרם,false,1,21.90,38.42,true,1,
7630477891691,false,סטארבקס קפסולות קפה קולמביה 10 יחידות,קבוצת אוסם סחר שותפות מוגבלת,,,יח`,0.57,100 גרם,false,1,21.90,38.42,true,1,
7702018085514,false,סכיני גילוח גילט פיוז`ן פרוגלייד רביעייה,פארמה דיל (פ.א.ב.) שיווק והפצה,,,יח`,1,,false,1,69.90,69.90,false,1,
7702018263783,false,סכיני גילוח מאך 3 ג'ילט 8 יחידות,דיפלומט מפיצים (1968) בעמ,,,יח`,1,,false,1,69.90,69.90,false,1,
7702018271788,false,"דאודורנט קליר ג'ילט בניחוח ספורט 70 מ""ל",פארמה דיל (פ.א.ב.) שיווק והפצה,,,יח`,0.70,"100 מ""ל",false,1,14.90,21.29,false,1,
7702018321520,false,דאודורנט סטיק לגבר Pro G Arctic ice,דיפלומט מפיצים (1968) בעמ,,,יח`,0.50,100 גרם,false,1,21.90,43.80,false,1,
7702018874460,false,סכיני גילוח ג`ילט פיוזן רביעייה- יבוא,פארמה דיל (פ.א.ב.) שיווק והפצה,,,יח`,1,,false,1,54.90,54.90,false,1,
7702018980864,false,קצף גילוח סירייס רגיש גילט 250 מל,דיפלומט מפיצים (1968) בעמ,,,יח`,2.50,"100 מ""ל",false,1,19.90,7.96,false,1,
7702024074625,false,חטיפי קרקר פיטנס Fitness עם חיטה מלאה,קבוצת אוסם סחר שותפות מוגבלת,,,יח`,2.34,100 גרם,false,1,11.90,5.09,false,1,
7702174066631,false,לקקן יוגטה פין פופ במילוי מסטיק 170 גר,קומסטיבלס לה רוזה אס.איי,,,יח`,1.80,100 גרם,false,1,7.90,4.39,true,1,
7792860006218,false,סוכריות לקקן בייבי דול לריטייר (24 גרם),גוד פוד פרודקטס S.p,,,יח`,0.24,100 גרם,false,1,2.90,12.08,true,1,
7798304600011,false,אוכמניות- טרי 125 גר,בראשית - אגודה שיתופית*שיק 45,,,יח`,1.25,100 גרם,false,1,10,8,false,1,
7804414000877,false,יין דון חוליו מרלו אדוארדס,צ'ילה לואיס פיליפה אדוארדס,,,יח`,7.50,"100 מ""ל",false,1,29.90,3.95,true,1,
7804414001614,false,שיראז חצי יבש דון חוליו (750 מל),צ'ילה לואיס פיליפה אדוארדס,,,יח`,7.50,"100 מ""ל",false,1,29.90,3.95,true,1,
7804414012344,false,יין סוביניון בלאן 750 מל דון חוליו,הכרם - משקאות חריפים בעמ,,,יח`,7.50,"100 מ""ל",false,1,29.90,3.95,true,1,
7804414012351,false,יין מלבק 750 מל דון חוליו,הכרם - משקאות חריפים בעמ,,,יח`,7.50,"100 מ""ל",false,1,29.90,3.95,true,1,
7804632390255,false,אוכמניות טרי 125 גר,בראשית - אגודה שיתופית*שיק 45,,,יח`,1.25,100 גרם,false,1,10,8,false,1,
7804651030026,false,אוכמניות טריות יחידה,איגל טרייטדינג שיווק חקלאי בעמ,,,יח`,1.25,100 גרם,false,1,10,8,false,1,
7891024124826,false,"משחת שיניים קולגייט אופטייק וויט 75 מ""ל",הנסיך- מפעל לייצור ט,,,יח`,1.03,100 גרם,false,1,19.90,19.32,false,1,
8000113003402,false,"קמח תירס בוואקום 1 ק""ג",גורי מוצרי צריכה (1991) בעמ,,,יח`,1,100 גרם,false,1,16.50,16.50,false,1,
8000215204240,false,משקה אורז ושקדים ביו אורגני ויטאריז 1 לי,בטר אנד דיפרנט,,,יח`,1,1 ליטר,false,1,12.90,12.90,false,1,
8000215204714,false,משקה שיבולת שועל אורגני פרימונה 1 ליטר,בטר אנד דיפרנט,,,יח`,1,1 ליטר,false,1,12.90,12.90,false,1,
8000320010088,false,"רוטב עגבניות במרקם גס 680 מ""ל MUTTI",דיפלומט מפיצים (1968) בעמ**,,,יח`,6.80,"100 מ""ל",false,1,10.90,1.60,false,1,
8000320010095,false,"רוטב עגבניות במרקם עדין 700 מ""ל MUTTI",דיפלומט מפיצים (1968) בעמ**,,,יח`,7,"100 מ""ל",false,1,10.90,1.56,true,1,
8000380004669,false,וופל לואקר סנדוויץ קוביות ושוקולד 200ג',"א. לואקר, קונפקט ג'י",,,יח`,2,100 גרם,false,1,13.90,6.95,true,1,
8000380004911,false,קוביות וופל קואדרטיני Quadratini קרם אגוזים,קריניציה ויטמינה אס,,,יח`,2.50,100 גרם,false,1,14.90,5.96,true,1,
8000380004966,false,וופל קוארדטיני לואקר קוביות שוקולד 250ג',קריניציה ויטמינה אס,,,יח`,2.50,100 גרם,false,1,14.90,5.96,true,1,
8000380007219,false,וופל לואקר ממולא קרם אגוזים 175 גרם,ליימן שליסל בע`מ,,,יח`,1.75,100 גרם,false,1,10.90,6.23,true,1,
8000380007257,false,וופל גרדנה במילוי קרם אגוזים מצופה,קריניציה ויטמינה אס,,,יח`,2,100 גרם,false,1,14.40,7.20,true,1,
8000380007264,false,וופל לואקר ממולא קרם קקאו 175 גרם,קריניציה ויטמינה אס,,,יח`,1.75,100 גרם,false,1,10.90,6.23,true,1,
8000380106028,false,טורטינה לואקר וופל שוקולד ואגוזים שישיה 125ג',קריניציה ויטמינה אס,,,יח`,1.25,100 גרם,false,1,17.90,14.32,true,1,
8000380144044,false,גרדנה וופל מצופה שוקולד חלב לואקר 200 גרם,ליימן שליסל בע`מ,,,יח`,2,100 גרם,false,1,14.40,7.20,true,1,
8000380152704,false,מארז חטיפי אצבעות גרדנה אגוז לואקר 125 גרם,ליימן שליסל בע`מ,,,יח`,1.25,100 גרם,false,1,15.90,12.72,true,1,
8000380153534,false,מארז וופל שוקולד טורטינה Tortina שוקולד לבן,א. לואקר אס. פי. אי-אי.,,,יח`,1.25,100 גרם,false,1,17.90,14.32,true,1,
8000380156825,false,שוקולד חלב במילוי קרם חלב וופל לואקר 87 גרם,ליימן שליסל בעמ,,,יח`,1,,false,1,7.90,7.90,false,1,
8000380156849,false,שוקולד מריר במילוי קרם קקאו וופל לואקר 87 גרם,ליימן שליסל בעמ,,,יח`,1,,false,1,7.90,7.90,false,1,
8000380192250,false,וופלים מלבנים פריכיים בטעם שוקולד 200 גר,ליימן שליסל בע`מ,,,יח`,2,100 גרם,false,1,12.90,6.45,false,1,
8000380201396,false,שוקולד חלב ממולא קרם קרמל ועלי וופל פריכ,ליימן שליסל בע`מ,,,יח`,1.26,100 גרם,false,1,17.90,14.21,true,1,
8000380205523,false,וופלים בטעם חמאת בוטנים לואקר 175 גרם,ליימן שליסל בעמ,,,יח`,1.75,100 גרם,false,1,10.90,6.23,true,1,
8000380206896,false,וופל גרדנה במילוי חמאת בוטנים 200 גרם,ליימן שליסל בע`מ,,,יח`,2,100 גרם,false,1,14.40,7.20,true,1,
8000380207183,false,שוקולד לואקר טורטינה חמאת בוטנים 126 גר,ליימן שליסל בע`מ,,,יח`,1.26,100 גרם,false,1,17.90,14.21,true,1,
8000500023624,false,חטיפי הפי היפו Happy Hippo במילוי קרם חלב וקקאו,פרימיום-חברה לדברי מתיקה ולמסח,,,יח`,0.90,100 גרם,false,1,11.90,13.22,false,1,
8000500026731,false,ביצי שוקולד קינדר מארז 3 יח סופרייז,פרימיום-חברה לדברי מתיקה ולמסח,,,יח`,0.60,100 גרם,false,1,14.90,24.83,false,1,
8000500029350,false,מארז וופל מצופה 3יח' *43 גרם קינדר בואנו,פרימיום-חברה לדברי מתיקה ולמסח,,,יח`,1.29,100 גרם,false,1,9.90,7.67,false,1,
8000500032237,false,בונבונרייה פררו רושר 375 גרם,פרימיום חברה לדברי מתיקה ולמסח,,,יח`,3.75,100 גרם,false,1,44.90,11.97,true,1,
8000500037874,false,בונבוניירת פררו רושה 200 גרם,פרימיום חברה לדברי מתיקה ולמסח,,,יח`,2,100 גרם,false,1,24.90,12.45,false,1,
8000500071083,false,אצבעות שוקולד קינדר Kinder שש עשרה יחידות,פרימיום-חברה לדברי מתיקה ולמסח,,,יח`,2,100 גרם,false,1,11.90,5.95,false,1,
8000500121436,false,מארז קינדר בואנו Kinder Bueno לבן שלוש יחידות,פרימיום חברה לדברי מתיקה ולמסח,,,יח`,1.17,100 גרם,false,1,9.90,8.46,false,1,
8000500167656,false,קינדר שוקולד עם דגנים סיריאל 94 ג',פרימיום חברה לדברי מתיקה ולמסח,,,יח`,1,,false,1,7.90,7.90,false,1,
8000500217740,false,קינדר בואנו מיני 86 גרם,פרימיום-חברה לדברי מתיקה ולמסח,,,יח`,1,,false,1,9.90,9.90,false,1,
8000500227848,false,נוטלה - בי רדי אצבעות ביסקוויט במילוי שוקולד 6 יח' * 22 גרם,פרימיום-חברה לדברי מתיקה ולמסח,,,יח`,1.32,100 גרם,false,1,11.90,9.02,true,1,
8000500256213,false,קינדר שוקולד חלב במילוי קרם חלבי,פרימיום-חברה לדברי מתיקה ולמסח,,,יח`,1.20,100 גרם,false,1,9.90,8.25,false,1,
8000500267103,false,קינדר דליס עוגת ספוג קקאו במילוי חלבי*10,פרימיום חברה לדברי מתיקה ולמסח,,,יח`,3.90,100 גרם,false,1,19.90,5.10,true,1,
8000500269169,false,קינדר קארדס Kinder Cards - חמישייה,פרימיום-חברה לדברי מתיקה ולמסח,,,יח`,1.28,100 גרם,false,1,13.90,10.86,false,1,
8000798000307,false,מברשת מגהץ איכותית (,מ.א.ייצור ויבוא מטליות בעמ,,,יח`,1,יח`,false,1,5.90,5.90,false,1,
8000798000925,false,מטאטא רך שיער איטלקי עבה,מ.א.ייצור ויבוא מטליות בעמ,,,יח`,1,יח`,false,1,21.90,21.90,false,1,
8000798039949,false,יעה שחור איטלקי עם מקל לבן,מ.א.ייצור ויבוא מטליות בעמ,,,יח`,1,יח`,false,1,14.90,14.90,false,1,
8000798085052,false,מטאטא גולד עם מקל שייני,מ.א.ייצור ויבוא מטליות בעמ,,,יח`,1,,false,1,18.90,18.90,false,1,
8000798399333,false,יעה שחור איטלקי עם מקל אדום,מ.א.ייצור ויבוא מטליות בעמ,,,יח`,1,,false,1,14.90,14.90,false,1,
8001003100164,false,יוגטה סוכריות ג'לי בטעמי פירות 450 גרם,ליימן שליסל בע`מ,,,יח`,4.50,100 גרם,false,1,11.90,2.64,true,1,
8001090184412,false,"פיירי נוזל לניקוי כלים לימון שקוף, 900 מ""ל",דיפלומט מפיצים (1968) בעמ,,,יח`,9,"100 מ""ל",false,1,11.90,1.32,false,1,
8001090222541,false,הרבל אסנסס שמפו תות שדה ומנטה 400 גרם,דיפלומט מפיצים (1968) בעמ,,,יח`,4,"100 מ""ל",false,1,19.90,4.98,true,1,
8001090222848,false,"הרבל אסנסס - שמפו שיקום שמן ארגן 400 מ""ל",דיפלומט מפיצים (1968) בעמ,,,יח`,4,"100 מ""ל",false,1,19.90,4.98,true,1,
8001090222879,false,"הרבל אסנסס - מרכך שיקום שמן ארגן 400 מ""ל",דיפלומט מפיצים (1968) בעמ,,,יח`,4,"100 מ""ל",false,1,19.90,4.98,true,1,
8001090290939,false,"אוראל בי משחת שיניים- להלבנה לובן בוהק 75 מ""ל",דיפלומט מפיצים (1968) בעמ,,,יח`,0.75,100 גרם,false,1,29.90,39.87,true,1,
8001090336491,false,פמפרס בייבי דריי חיתולים מידה +4 31 יח,דיפלומט מפיצים (1986) בע`מ,,,יח`,1,,false,1,30.90,30.90,true,1,
8001090336521,false,חיתולי פמפרס בייבי דריי מידה 5 30 יח` `,דיפלומט מפיצים (1986) בע`מ,,,יח`,1,,false,1,30.90,30.90,true,1,
8001090377487,false,מסכה לשיער פנטן לחות מוגברת 300 מל,דיפלומט מפיצים (1968) בעמ,,,יח`,3,"100 מ""ל",false,1,29.90,9.97,false,1,
8001090379337,false,פמפרס פרימיום קר חיתולים שלב 3 40 יח VP,דיפלומט מפיצים (1986) בע`מ,,,יח`,1,,false,1,32.90,32.90,true,1,
8001090379368,false,פמפרס פרימיום קר חיתולים שלב 4 34 יח VP,דיפלומט מפיצים (1986) בע`מ,,,יח`,1,,false,1,32.90,32.90,true,1,
8001090379399,false,פמפרס פרימיום קר חיתולים שלב 5 30 יח VP,דיפלומט מפיצים (1986) בע`מ,,,יח`,1,,false,1,32.90,32.90,true,1,
8001090458353,false,סבון כלים פעולה אנטי-בקטריאלית אקליפטוס,דיפלומט מפיצים (1986) בע`מ,,,יח`,5.15,"100 מ""ל",false,1,10.90,2.12,false,1,
8001090493637,false,"הד אנד שולדרס שמפו אולטרא טוטאל קר 450 מ""ל",דיפלומט מפיצים (1986) בע`מ,,,יח`,4.50,"100 מ""ל",false,1,19.90,4.42,false,1,
8001090493675,false,הד&שולדרס MEN שמפו אולטרא טוטל קר 540 מל,דיפלומט מפיצים (1968) בעמ,,,יח`,5.40,"100 מ""ל",false,1,23.90,4.43,false,1,
8001090678195,false,"מרכך הד&שולדרס סופרים לחות 275 מ""ל",דיפלומט מפיצים (1968) בעמ,,,יח`,2.75,"100 מ""ל",false,1,16.90,6.15,true,1,
8001090678614,false,"הד אנד שולדרס שמפו סופרים לחות 400 מ""ל",דיפלומט מפיצים (1986) בע`מ,,,יח`,4,"100 מ""ל",false,1,19.90,4.98,false,1,
8001090737809,false,אולוויז מגן תחתון סינגל טנגה 36 יחידות,דיפלומט מפיצים (1968) בעמ,,,יח`,1,,false,1,14.90,14.90,true,1,
8001090832450,false,"שמפו פנטן הנוסחה הקלאסית 660 מ""ל",דיפלומט מפיצים (1986) בע`מ,,,יח`,6.60,"100 מ""ל",false,1,19.90,3.02,true,1,
8001090832535,false,"שמפו פנטן שמן מרוקאי משקם 660 מ""ל",דיפלומט מפיצים (1986) בע`מ,,,יח`,6.60,"100 מ""ל",false,1,19.90,3.02,true,1,
8001090832573,false,שמפו שמן לחות מוגברת 660 מל פנטן,דיפלומט מפיצים (1986) בע`מ,,,יח`,6.60,"100 מ""ל",false,1,19.90,3.02,true,1,
8001090832610,false,שמפו שמן למגע רך כמשי 660 מל פנטן,דיפלומט מפיצים (1986) בע`מ,,,יח`,6.60,"100 מ""ל",false,1,19.90,3.02,true,1,
8001090832818,false,מרכך פנטן הנוסחה הקלאסית לשיער רגיל ומעורב,דיפלומט מפיצים (1986) בע`מ,,,יח`,6.60,"100 מ""ל",false,1,19.90,3.02,true,1,
8001090832856,false,"פנטן 660 מ""ל קונדישינר מרוקאי משקם",דיפלומט מפיצים (1986) בע`מ,,,יח`,6.60,"100 מ""ל",false,1,19.90,3.02,true,1,
8001090832931,false,"פנטן 660 מ""ל קונדישינר למגע רך כמשי",דיפלומט מפיצים (1986) בע`מ,,,יח`,6.60,"100 מ""ל",false,1,19.90,3.02,true,1,
8001090833167,false,גל כביסה אריאל בניחוח הרים 2.365 ליטר,דיפלומט מפיצים (1986) בע`מ,,,יח`,2.3650,1 ליטר,false,1,32.90,13.91,false,1,
8001090886385,false,לנור כדוריות הבושם בניחוח רענן 140 גרם,דיפלומט מפיצים (1968) בעמ,,,יח`,1.40,100 גרם,false,1,19.90,14.21,false,1,
8001090886460,false,לנור כדוריות הבושם בניחוח אביבי 140 גרם,דיפלומט מפיצים (1968) בעמ,,,יח`,1.40,100 גרם,false,1,19.90,14.21,false,1,
8001090891273,false,לנור כדוריות בושם בניחוח סחלב 210 גרם,דיפלומט מפיצים (1968) בעמ,,,יח`,2.10,100 גרם,false,1,27.90,13.29,true,1,
8001090899255,false,תחבושות אולוויז פלטינום לילה 16 יחידות,דיפלומט מפיצים (1986) בע`מ,,,יח`,1,,false,1,19.90,19.90,true,1,
8001090899286,false,אולוויז תחבושות פלטינום לילה בטוח 14 יח',דיפלומט מפיצים (1986) בע`מ,,,יח`,1,,false,1,19.90,19.90,true,1,
8001090992338,false,פיירי טבליות למדיח פלטינום פלוס 50 יחידו,דיפלומט מפיצים (1968) בעמ,,,יח`,1,,false,1,44.90,44.90,false,1,
8001100011769,false,וופלים במילוי קרם אגוזים 175 ג בלוקו,אבאל יזמות בעמ,,,יח`,1.75,100 גרם,false,1,9.90,5.66,true,1,
8001100011776,false,וופל במילוי קרם חלב 175 גרם בלוקו,אבאל יזמות בעמ,,,יח`,1.75,100 גרם,false,1,9.90,5.66,true,1,
8001100059242,false,בלוקו וופלים ממולאים קרם קקאו 250 גרם,אבאל יזמות בעמ,,,יח`,2.50,100 גרם,false,1,12.90,5.16,true,1,
8001100059259,false,קוביות וואפל בטעם אגוזי לוז באלוקו 250 ג',אבאל יזמות בעמ,,,יח`,2.50,100 גרם,false,1,12.90,5.16,true,1,
8001100059266,false,קוביות וואפל בטעם חלב וניל באלוקו 250 ג',אבאל יזמות בעמ,,,יח`,2.50,100 גרם,false,1,12.90,5.16,true,1,
8001160000888,false,"גטורייד משקה ספורט תפוז 500 מ""ל",אקווה מינרלה סאן בנדטו,,,יח`,5,"100 מ""ל",false,1,9.90,1.92,true,1,
8001160001786,false,"משקה אנרגיה גטורייד ספורט כחול 500מ""ל",אקווה מינרלה סאן בנדטו,,,יח`,5,"100 מ""ל",false,1,9.90,1.92,true,1,
8001160001892,false,"משקה אנרגיה גטורייד ספורט תפוז אדום 500מ""ל",אקווה מינרלה סאן בנדטו,,,יח`,5,"100 מ""ל",false,1,9.90,1.92,true,1,
8001440118944,false,שלישיית עגבניות פולפה צ'יריו 400 גרם,דיפלומט מפיצים (1968) בעמ**,,,יח`,1.20,"ק""ג",false,1,14.90,12.42,true,1,
8001440124167,false,"רוטב פומודורו לפסטה צ'ריו 446 מ""ל CIRIO",דיפלומט היינץ,,,יח`,4.46,"100 מ""ל",false,1,11.90,2.67,false,1,
8001620011935,false,"סן בנדטו- מים מינרלים מוגז - מארז שישיית 500 מ""ל",אקווה מינרלה סאן בנד,,,יח`,3,1 ליטר,false,1,13.70,3.97,true,1,
8001620015636,false,"משקה פירות פרוטה-מיקס פירות 400 מ""ל סאן בנדטו",אקווה מינרלה סאן בנדטו ב,,,יח`,4,"100 מ""ל",false,1,7.20,1.73,false,1,
8001620017456,false,"סן בנדטו ספורט, מים מינרלים טבעיים 500 מ""ל שישייה",אקווה מינרלה סאן בנדטו ב,,,יח`,30,"100 מ""ל",false,1,13.90,0.40,false,1,
8001841006710,false,לנור כדוריות הבושם בניחוח רענן ( 210 גר`,דיפלומט מפיצים (1968) בעמ,,,יח`,2.10,100 גרם,false,1,27.90,13.29,true,1,
8001841104799,false,פמפרס פרימיום קר חיתולים שלב 2 46 יח VP,דיפלומט מפיצים (1968) בעמ,,,יח`,1,,false,1,32.90,32.90,true,1,
8001841105093,false,פמפרס פרימיום קר חיתולים שלב 6 26 יח VP,דיפלומט מפיצים (1986) בע`מ,,,יח`,1,,false,1,32.90,32.90,true,1,
8001841137179,false,קונדישינר הד&שולדרס הנוסחה הקלאסית 275מל,דיפלומט מפיצים (1986) בע`מ,,,יח`,2.75,"100 מ""ל",false,1,16.90,6.15,true,1,
8001841216584,false,תחבושות אולוויז אולטרה לילה בטוח,דיפלומט מפיצים (1968) בעמ,,,יח`,1,,false,1,35.90,35.90,false,1,
8001841410524,false,"הד שולדרס שמפו קוקוס 600מ""ל",דיפלומט מפיצים (1968) בעמ,,,יח`,6,"100 מ""ל",false,1,23.90,3.98,false,1,
8001841500799,false,"הרבל אסנסס - שמפו ללא סולפטים אלוורה ומנגו 380 מ""ל",דיפלומט מפיצים (1968) בעמ,,,יח`,3.80,"100 מ""ל",false,1,19.90,5.24,true,1,
8001841566771,false,לנור כדוריות בושם בניחוח יסמין 210 גרם,דיפלומט מפיצים (1968) בעמ,,,יח`,2.10,100 גרם,false,1,27.90,13.29,true,1,
8001841625188,false,סבון כלים פלטינום לימון X3 פעולות להסרת שומנים,דיפלומט מפיצים (1986) בע`מ,,,יח`,5.15,"100 מ""ל",false,1,10.90,2.12,true,1,
8001841625362,false,"נוזל כלים בניחוח לימון פלטינום 780 מ""ל פיירי",דיפלומט מפיצים (1968) בעמ,,,יח`,7.80,"100 מ""ל",false,1,11.90,1.53,false,1,
8001841625461,false,סבון כלים פלטינום X3 פעולות להסרת שומנים,דיפלומט מפיצים (1986) בע`מ,,,יח`,5.15,"100 מ""ל",false,1,10.90,2.12,true,1,
8001841664866,false,שמפו פנטן סופר פוד 400 מל יבוא מקביל,איינשטיין-צור יבוא-יצוא וסחר ב,,,יח`,4,"100 מ""ל",false,1,14.90,3.73,true,1,
8001841665290,false,פנטן שמפו נוסחה קלאסית לשיער רגיל 400 מל,איינשטיין-צור יבוא-יצוא וסחר ב,,,יח`,4,"100 מ""ל",false,1,14.90,3.73,true,1,
8001841669465,false,קפסולות לכביסה אריאל בניחוח לנור 24 יחידות,דיפלומט מפיצים (1986) בע`מ,,,יח`,1,,false,1,32.90,32.90,true,1,
8001841941929,false,אולוויז וליו פק לילה בטוח אקסטרא 16 יחידות,דיפלומט מפיצים (1986) בע`מ,,,יח`,1,,false,1,19.90,19.90,true,1,
8001841943961,false,לנור כדוריות בושם בניחוח אוקיינוס 210 גר,דיפלומט מפיצים (1968) בעמ,,,יח`,2.10,100 גרם,false,1,27.90,13.29,true,1,
8001841958460,false,פיירי טבליות למדיח אורגינל הכל באחד - מארז 48 יח',דיפלומט מפיצים (1986) בע`מ,,,יח`,1,,false,1,39.90,39.90,true,1,
8002270846472,false,סן פלגרינו מים מינרליים טבעיים מוגזים,טמפו משקאות בעמ,,,יח`,5,"100 מ""ל",false,1,4.90,0.92,false,1,
8002450006559,false,שרדונה קאזה דה לואיג`י (750 מל),הכרם - משקאות חריפים בעמ,,,יח`,7.50,"100 מ""ל",false,1,30.90,4.08,true,1,
8002450204009,false,משקה כהלי וורדי רספברי אפרסק,הכרם - משקאות חריפים בעמ,,,יח`,7.50,"100 מ""ל",false,1,24.90,3.28,true,1,
8002450205006,false,"משקה כהלי וורדי תות ספרקלטיני 750מ""ל",הכרם - משקאות חריפים בעמ,,,יח`,7.50,"100 מ""ל",false,1,24.90,3.28,true,1,
8002450206508,false,קברנה סוביניון קאזה דה לואיג`י (750 מל),צ'ילה לואיס פיליפה אדוארדס,,,יח`,7.50,"100 מ""ל",false,1,30.90,4.08,true,1,
8003753158587,false,אילי קפסולות אספרסו פורטה 10 יח' 57 גרם,דיפלומט מפיצים (1968) בעמ**,,,יח`,1,,false,1,24.90,24.90,false,1,
8004030102033,false,טונה בשמן זית עם מיץ לימון ופלפל שחור - מארז 3 יח',בולטון אלימנטרי,,,יח`,2.40,100 גרם,false,1,27.90,11.63,true,1,
8004030177000,false,טונה בשמן זית וצ'ילי ריו מרה מארז 80X3 גר',ש. שסטוביץ בע`מ,,,יח`,2.40,100 גרם,false,1,27.90,11.63,true,1,
8004030381681,false,ריו מרה נתחי טונה בהירה בשמן זית זוג 160 גר,ש. שסטוביץ בע`מ,,,יח`,3.20,100 גרם,false,1,32.90,10.28,true,1,
8004800004819,false,לאגו פלאסיר גלילי וופל קרם פסיפלורה 100 גרם,תה ויסוצקי (ישראל) בעמ,,,יח`,1.10,100 גרם,false,1,11.90,10.82,true,1,
8005110002243,false,רכז עגבניות Doppio Concentr בשפופרת 185 ג' MUTTI,רסטרטו יבוא ושיווק בעמ*אין החז,,,יח`,1.85,100 גרם,false,1,7.50,4.05,false,1,
8005110170300,false,עגבניות מרוסקות חתוכות מוטי MUTTI שלישיה *400,רסטרטו יבוא ושיווק בעמ*אין החז,,,יח`,12,100 גרם,false,1,17.90,1.49,true,1,
8005200256587,false,נסטי - תה קר בטעם אפרסק 1.5 ליטר,פארייפאבה אגרואינדוס,,,יח`,15,"100 מ""ל",false,1,8.90,0.57,true,1,
8005200286584,false,תה קר נסטי מנגו אננס 1.5 ליטר פיקדון,פארייפאבה אגרואינדוס,,,יח`,15,"100 מ""ל",false,1,8.90,0.57,true,1,
8006540110317,false,שמפו מינרלס ביוטין + במבוק לשיער חזק וארוך,דיפלומט מפיצים (1968) בעמ,,,יח`,4,"100 מ""ל",false,1,19.90,4.98,false,1,
8006540112793,false,"מרכך כביסה מרוכז בניחוח יסמין לנור 900 מ""ל",דיפלומט מפיצים (1986) בע`מ,,,יח`,9,"100 מ""ל",false,1,14.90,1.66,true,1,
8006540112823,false,"לנור מרכך כביסה מרוכז בניחוח האוקיינוס 900 מ""ל",דיפלומט מפיצים (1968) בעמ,,,יח`,9,"100 מ""ל",false,1,14.90,1.66,true,1,
8006540112854,false,"מרכך כביסה מרוכז בניחוח סחלב לנור 900 מ""ל",דיפלומט מפיצים (1986) בע`מ,,,יח`,9,"100 מ""ל",false,1,14.90,1.66,true,1,
8006540222089,false,פמפרס מגבונים היגיינים לתינוקות וילדים TO GO 40 יח',דיפלומט מפיצים (1986) בע`מ,,,יח`,1,,false,1,6.90,6.90,true,1,
8006540353004,false,טמפקס פרל סופר 18 יחידות חדש,דיפלומט מפיצים (1986) בע`מ,,,יח`,1,,false,1,29.90,29.90,false,1,
8006540404850,false,דיסקריט תחבושות לבריחת שתן לונג 10 יח,דיפלומט מפיצים (1968) בעמ,,,יח`,1,,false,1,18.90,18.90,true,1,
8006540404898,false,אולוויז דיסקריט לבריחת שתן לונג פלוס 8יח,דיפלומט מפיצים (1968) בעמ,,,יח`,1,,false,1,18.90,18.90,true,1,
8006540404935,false,אולוויז דיסקריט לבריחת שתן נורמל 12 יח,דיפלומט מפיצים (1968) בעמ,,,יח`,1,,false,1,18.90,18.90,true,1,
8006540425930,false,אריאל קפסולות לכביסה ג'ל 24 יח' לכתמים קשים,דיפלומט מפיצים (1986) בע`מ,,,יח`,1,,false,1,32.90,32.90,true,1,
8006540429327,false,פיירי מקס פאוור לימון עם מנגנון למניעת נזילות,דיפלומט מפיצים (1968) בעמ,,,יח`,4.40,"100 מ""ל",false,1,10.90,2.48,false,1,
8006540463550,false,פיירי טבליות למדיח פלטינום 63 יחידות,דיפלומט מפיצים (1968) בעמ,,,יח`,1,,false,1,46.90,46.90,false,1,
8006540491539,false,"נוזל כלים פיירי פלטינום אוריגינל 780 מ""ל",דיפלומט מפיצים (1986) בע`מ,,,יח`,7.80,"100 מ""ל",false,1,11.90,1.53,false,1,
8006540495186,false,לנור מרכך כביסה מרוכז רגיש בייבי 900 מל,דיפלומט מפיצים (1986) בע`מ,,,יח`,9,"100 מ""ל",false,1,14.90,1.66,true,1,
8006540495216,false,"לנור מרכך כביסה מרוכז בניחוח אמאטיסט 900 מ""ל",דיפלומט מפיצים (1968) בעמ,,,יח`,9,"100 מ""ל",false,1,14.90,1.66,true,1,
8007178120310,false,"חומץ בלסמי 500 מ""ל (דיפלומט)",דיפלומט מפיצים (1968) בעמ**,,,יח`,5,"100 מ""ל",false,1,25,5,false,1,
8007178223578,false,"חומץ בלסמי ג'קובזי 250 מ""ל",דיפלומט מפיצים (1968) בעמ**,,,יח`,2.50,"100 מ""ל",false,1,14.90,5.96,false,1,
8007520096003,false,מורנדו 4 קג לכלב(ירוק),שחורי אריה ואנסטסיה,,,יח`,1,,false,1,49.90,49.90,false,1,
8008245004861,false,ממרח אגוזי לוז עם חלב מובנפיק 300 גרם,יבואן ומשווק: ש. שסט,,,יח`,3,100 גרם,false,1,14.90,4.97,true,1,
8009470009041,false,"סימבה מזון לחתולים 2 ק""ג בקר",שחורי אריה ואנסטסיה,,,יח`,20,100 גרם,false,1,34.90,1.75,false,1,
8017938005122,false,"נטורפוד חומץ תפוחים אורגני 750 מ""ל",מריה לוצ'יה מלצ'יורי,,,יח`,1,,false,1,18.50,18.50,false,1,
8024985002783,false,מחית פירות סמוצ`י תפוח גזר דלעת ללא תוספ,נטורפוד בעמ,,,יח`,1,100 גרם,false,1,4.90,4.90,true,1,
8024985002943,false,מחית סמוצ`י תפוח אננס קוקוס אורגנית נטור,נטורפוד בעמ,,,יח`,1,100 גרם,false,1,4.90,4.90,true,1,
8024985002950,false,מחית פירות סמוצ`י שזיף אורגנית נטורה נוב,נטורפוד בעמ,,,יח`,1,100 גרם,false,1,4.90,4.90,true,1,
8024985003988,false,מחית פירות סמוצ`י תפוחים ובננה אורגנית ל,נטורפוד בעמ,,,יח`,1,100 גרם,false,1,4.90,4.90,true,1,
8024985005234,false,מחית פירות סמוצ`י תפוח עץ ומנגו אורגנית,נטורפוד בעמ,,,יח`,1,100 גרם,false,1,4.90,4.90,true,1,
8024985008037,false,מחית פירות סמוצ`י תפוח אורגנית ללא תוספת,"נטורפוד בע""מ",,,יח`,1,100 גרם,false,1,4.90,4.90,true,1,
8024985008044,false,מחית פירות סמוצ`י אגס אורגנית ללתס נטור,"נטורפוד בע""מ",,,יח`,1,100 גרם,false,1,4.90,4.90,true,1,
8024985008051,false,מחית פירות סמוצ`י פירות אדומים אורגנית ל,"נטורפוד בע""מ",,,יח`,1,100 גרם,false,1,4.90,4.90,true,1,
8032793342458,false,עגבניות מרוסקות דק ומסוננות בבקבוק 700 ג,קונסוריזיו קאסאלסקו דל פ,,,יח`,7,100 גרם,false,1,12.90,1.84,true,1,
8033275522368,false,"יין מונטרו קיאנטי, 750 מ""ל י מונטרו",היכל היין שקד גולן בעמ,,,יח`,7.50,"100 מ""ל",false,1,54.90,7.28,false,1,
8076800195057,false,ברילה - צ.א ספגטי מס5 חדש 500 גרם,ברילה גי.אי.אר פרטלי ס.פ,,,יח`,5,100 גרם,false,1,6.90,1.38,false,1,
8076800315097,false,פסטה מקרוני בוקטיני מספר 9 ברילה 500 גרם,ברילה גי.אי.אר פרטלי ס.פ,,,יח`,5,100 גרם,false,1,6.90,1.38,false,1,
8076802085738,false,ברילה - צ.ק פנה רגטה חדש 500 גרם,ברילה גי.אי.אר פרטלי ס.פ,,,יח`,5,100 גרם,false,1,6.90,1.38,false,1,
8076802085837,false,ברילה - צ.ק טורטליוני מס83 500 גרם,הנסיך- מפעל לייצור ט,,,יח`,5,100 גרם,false,1,6.90,1.38,false,1,
8076802085981,false,ברילה - צ.ק פוזילי חדש 500 גרם,ברילה גי.אי.אר פרטלי ס.פ,,,יח`,5,100 גרם,false,1,6.90,1.38,false,1,
8076808050440,false,פסטה מקרוני מספר 44 ברילה 500 גרם,ש. שסטוביץ בע`מ,,,יח`,5,100 גרם,false,1,6.90,1.38,false,1,
8076808060654,false,פסטה פרפלה מספר 65 ברילה 500 גרם,ברילה גי.אי.אר פרטלי ס.פ,,,יח`,5,100 גרם,false,1,6.90,1.38,false,1,
8076808150072,false,ברילה - צ.א ספגטוני מס7 חדש 500 גרם,ברילה גי.אי.אר פרטלי ס.פ,,,יח`,5,100 גרם,false,1,6.90,1.38,false,1,
8076809513388,false,ברילה רוטב אראביאטה צילי לפסטה 400 ג,ברילה גי.אי.אר פרטלי ס.פ,,,יח`,4,100 גרם,false,1,14.90,3.73,true,1,
8076809513395,false,ברילה פומודורו רוטב עגבניות קלאסי 400 גר,ברילה גי.אי.אר פרטלי ס.פ,,,יח`,4,100 גרם,false,1,14.90,3.73,true,1,
8076809513654,false,בסיס רוטב עגבניות לבולונז 400 גרם ברילה,ברילה גי.אי.אר פרטלי ס.פ,,,יח`,4,100 גרם,false,1,14.90,3.73,true,1,
8076809513739,false,ברילה רוטב עגבניות עם בזיליקום 400 גרם,ברילה גי.אי.אר פרטלי ס.פ,,,יח`,4,100 גרם,false,1,14.90,3.73,true,1,
8076809514774,false,ברילה פפרדלה איטריות ביצים 250 גרם,ברילה גי.אי.אר פרטלי ס.פ,,,יח`,2.50,100 גרם,false,1,17.90,7.16,false,1,
8076809523561,false,ברילה - רוטב פסטה בטעם טוסקנה 400 גרם,ברילה גי.אי.אר פרטלי ס.פ,,,יח`,4,100 גרם,false,1,14.90,3.73,true,1,
8076809523714,false,איטריות טליאטלה ברילה 500 גרם,"ש. שסטוביץ בע""\מ",,,יח`,5,100 גרם,false,1,25.90,5.18,false,1,
8076809523738,false,דפי לזניה ברילה 500 גרם,ברילה גי.אי.אר פרטלי ס.פ,,,יח`,5,100 גרם,false,1,23.90,4.78,true,1,
8076809529433,false,פסטה פנה ריגטה חיטה מלאה ברילה (500 גרם),"ש. שסטוביץ בע""\מ",,,יח`,5,100 גרם,false,1,14.90,2.98,false,1,
8076809547956,false,פסטה ברילה קיפרי 500 גרם,ברילה ג'.אי.אר פרטלי,,,יח`,5,100 גרם,false,1,6.90,1.38,false,1,
8121300206946,false,ממתיק סיטיביה טרוביה 80 שקיות אישיות,גורי ע.ע.ע. בע`מ,,,יח`,0.80,100 גרם,false,1,19.90,24.88,true,1,
8121300207004,false,טרוביה - סטיביה ממתיק בצנצנת 270 גרם,קספרס פאקאגעהג,,,יח`,2.70,100 גרם,false,1,34.90,12.93,true,1,
8121300208780,false,טרוביה תחליף סוכר לכל מטרה 360 גרם,גורי ע.ע.ע. בעמ,,,יח`,3.60,100 גרם,false,1,34.90,9.69,true,1,
8121300209466,false,טרוביה תחליף סוכר חום 320 גרם,גורי ע.ע.ע. בעמ,,,יח`,3.20,100 גרם,false,1,34.90,10.91,true,1,
8410076600622,false,חטיפי גרנולה קראנצ'י עם שוקולד מריר נייצ'ר ואלי 210 גרם,ג'נרל מילס סאן אדריאן,,,יח`,2.10,100 גרם,false,1,14.90,7.10,false,1,
8410076610379,false,"חטיף בוטנים, חלבון סויה ושוקולד מריר עם ציפוי בטעם שוקולד",נייצ'ר ואלי Nature Valley,,,יח`,2.10,100 גרם,false,1,24.90,11.86,true,1,
8410076610386,false,נייטשר ואלי פרוטאין בוטנים עם ציפוי בטעם קרמל מלוח 160 ג',ג'\נרל מילס סאן אדריאן S,,,יח`,2.10,100 גרם,false,1,24.90,11.86,true,1,
8410076610508,false,"חטיף שיבולת שועל מלאה עם בוטנים, שקדים ושוקולד מריר בציפוי בטעם שוקולד",נייצ'ר ואלי Nature Valley,,,יח`,1.50,100 גרם,false,1,14.90,9.93,false,1,
8410076621009,false,עוגות אישיות בטעם קרמל עם חתיכות בטעם קרמל מלוח,ליימן שליסל בע`מ,,,יח`,1,,false,1,14.90,14.90,true,1,
8410076621047,false,עוגות אישיות בטעם שוקולד עם חתיכות בטעם שוקולד,ליימן שליסל בע`מ,,,יח`,1,,false,1,14.90,14.90,true,1,
8410104045111,false,"פיניש מלח למדיח כלים 2ק""ג",רקיט בנקיזר (ניר איסט) בעמ,,,יח`,2,"ק""ג",false,1,14.90,7.45,false,1,
8410655000423,false,בירה רביעייה 5.4% אלכוהול 330 מל סאן מי,סרבסס סאן מיגל אס.אל.יו,,,יח`,1.32,1 ליטר,false,1,24.90,17.95,false,1,
8410655001147,false,סאן מיגל בירה 4.5% פחית 500מל,אבאל יזמות בעמ,,,יח`,5,"100 מ""ל",false,1,8.90,1.72,true,1,
8420822130600,false,"ספריי סופר מסיר שומנים 750מ""ל יעקבי","יעקב יעקבי ובניו בע""מ",,,יח`,7.50,"100 מ""ל",false,1,15.90,2.12,false,1,
8420822130624,false,"ספריי סופר מסיר כתמים 750מ""ל יעקבי","יעקב יעקבי ובניו בע""מ",,,יח`,7.50,"100 מ""ל",false,1,16.90,2.25,false,1,
8423207206488,false,סלים דליס חטיף דגנים מצופה שוקולד חלב מרבה 6*20 גרם,אף.סי תבליני בגליל ב,,,יח`,1.20,100 גרם,false,1,10.90,9.08,true,1,
8423207206495,false,סלים דליס חטיף דגנים מצופה שוקולד מריר מרבה 6*20 גרם,אף.סי תבליני בגליל ב,,,יח`,1.20,100 גרם,false,1,10.90,9.08,true,1,
8423207206501,false,סלים דליס חטיף דגנים עם שוקולד חלב מרבה 6*13 גרם,סלים דליס Slim Delis,,,יח`,0.78,100 גרם,false,1,10.90,13.97,true,1,
8423207208680,false,חטיף דגנים שוקולד סלים דליס לילדים מרבה 6 יחידות,ביסנצ'ורי אס.אל.יו,,,יח`,0.78,100 גרם,false,1,10.90,13.97,true,1,
8423207208697,false,חטיפי סלים דליס לילדים שוקולד לבן מרבה 6 יחידות,ביסנצ'ורי אס.אל.יו,,,יח`,0.78,100 גרם,false,1,10.90,13.97,true,1,
8423207208703,false,חטיפי סלים דליס שוקולד מריר מרבה 6 יחידות,ביסנצ'ורי אס.אל.יו,,,יח`,0.78,100 גרם,false,1,10.90,13.97,true,1,
8423207208871,false,פריכיות תירס בטעם טבעי סלים דליס 130 גרם,גורי מוצרי צריכה (1991) בעמ,,,יח`,1.30,100 גרם,false,1,9.90,7.62,true,1,
8423207208895,false,פריכיות תירס בטעם זיתים ועירית סלים דליס 123 ג',גורי מוצרי צריכה (1991) בעמ,,,יח`,1.23,100 גרם,false,1,9.90,8.05,true,1,
8423207209885,false,מרבה חטיפי סלים דליס מהדורה מיוחדת שוקולד חלב,סלים דליס Slim Delis,,,יח`,1.20,100 גרם,false,1,10.90,9.08,true,1,
8423207210287,false,חטיפי סלים דליס שוקולד לבן יוגורט 6 יחידות,סלים דליס Slim Delis,,,יח`,1.20,100 גרם,false,1,10.90,9.08,true,1,
8423207210928,false,חטיף דגנים מצופה שוקולד חלב ואגוזי לוז - 5 במארז,נוטרישן אנד סנטה קוב,,,יח`,0.90,100 גרם,false,1,10.90,12.11,true,1,
8423207210942,false,חטיף דגנים מצופה שוקולד לבן ופירות יער,נוטרישן אנד סנטה קוב,,,יח`,0.90,100 גרם,false,1,10.90,12.11,true,1,
8423207210966,false,חטיף רב דגנים מצופה שוקולד לבן קוקוס ולימון,נוטרישן אנד סנטה קוב,,,יח`,1.20,100 גרם,false,1,10.90,9.08,true,1,
8423207210980,false,סלים דליס טופינג קליפת תפוז 90 גרם,נוטרישן אנד סנטה קוב,,,יח`,0.90,100 גרם,false,1,10.90,12.11,true,1,
8424842050016,false,צ'יפס בטעם כמהין 125 גרם רביו,א. סיימן סחר בעמ,,,יח`,1.25,100 גרם,false,1,12.90,10.32,true,1,
8427030007298,false,סימילאק גולד קומפורט 2 תרכובת מזון על בסיס חלב,אבוט לבורטוריס ס.א.,,,יח`,8.20,100 גרם,false,1,109.90,13.40,false,1,
8435495805199,false,אבקת כביסה תינוקלין- 66 כביסות (3 קג),מולינו ניקולי s.p.a,,,יח`,3,"ק""ג",false,1,39.90,13.30,false,1,
8435495807605,false,תינוקלין מרכך כביסה היפואלרגני מרוכז 1 ליטר,מולינו ניקולי s.p.a,,,יח`,1,1 ליטר,false,1,19.90,19.90,false,1,
8435495807636,false,תינוקלין ג`ל כביסה בייבי סנסטיב היפואל,ליימן שליסל בע`מ,,,יח`,2,1 ליטר,false,1,34.90,17.45,true,1,
8436575292205,false,ארטיק חמשושים מאגדת 15*12 גר',נגה גלידות שותפות מוגבלת,,,יח`,1.80,100 גרם,false,1,22.90,12.72,true,1,
8445290341655,false,פנסי פיסט פטה עוף 85 גרם,קבוצת אוסם סחר-שות.מוגבלת,,,יח`,0.85,100 גרם,false,1,5.90,6.94,false,1,
8445290427120,false,דגני פיטנס Fitness שוקולד מריר ובננה,קבוצת אוסם סחר שותפות מוגבלת,,,יח`,3.30,100 גרם,false,1,19.90,6.03,true,1,
8593868006014,false,"בירה בלו מון 500מ""ל פחית 5.4%",הכרם - משקאות חריפים בעמ,,,יח`,5,"100 מ""ל",false,1,9.90,1.92,false,1,
8595134503302,false,פילטרים לגלגול 6 ממ- ארוך,צפניה ברזילי בעמ,,,יח`,1,,false,1,4,4,false,1,
8680542870549,false,קאטי חתול סלמון 1 קג,שחורי אריה ואנסטסיה,,,יח`,10,100 גרם,false,1,29.90,2.99,false,1,
8681863065287,false,saltbae מלח הימלאיה 350 גרם ויליפוד,ג. וילי-פוד אינטרנשיונל בע`מ,,,יח`,3.50,100 גרם,false,1,24.90,7.11,false,1,
8681863065379,false,saltbae מלח ים עם פלפל צ'ילי 220 גרם ויליפוד,ג.וילי-פוד אינטרנשיונל בעמ,,,יח`,2.20,100 גרם,false,1,24.90,11.32,false,1,
8683130008935,false,"הלמנס קטשיונז 425 גר{הרב רלב""ג}",יוניליוור ישראל שיווק בע`מ,,,יח`,4.25,100 גרם,false,1,14.90,3.51,true,1,
8683130012666,false,שלגון מגנום דאבל לבן עוגיות 72 גרם,"מיוצר ע""\י יונילוור סנאי",,,יח`,0.90,100 גרם,false,1,9.90,11,true,1,
8683130025574,false,"מרכך כביסה מרוכז אקסטרה לבנדר בדין 960 מ""ל",יוניליוור ישראל שיווק בע`מ,,,יח`,9.60,"100 מ""ל",false,1,16.90,1.76,true,1,
8683130025581,false,"מרכך כביסה מרוכז אקסטרה ענבר בדין 960 מ""ל",יוניליוור ישראל שיווק בע`מ,,,יח`,9.60,"100 מ""ל",false,1,16.90,1.76,true,1,
8686868600068,false,אביזרי שיער סרטים וקשתות,אל האופק שיווק וסחר,,,יח`,1,,false,1,8.90,8.90,false,1,
8686868600075,false,אביזרי שיער סיכות פפיון גדולות,אל האופק שיווק וסחר,,,יח`,1,,false,1,9.90,9.90,false,1,
8686868600105,false,אביזרי שיער מברשות ה,אל האופק שיווק וסחר,,,יח`,1,,false,1,12.90,12.90,false,1,
8686868600112,false,המותג אביזרי שיער,אל האופק שיווק וסחר,,,יח`,1,,false,1,13.90,13.90,false,1,
8686868600174,false,המותג אביזרי שיער,אל האופק שיווק וסחר,,,יח`,1,,false,1,19.90,19.90,false,1,
8686868600235,false,אביזרי מניקור טל טל,אל האופק שיווק וסחר,,,יח`,1,,false,1,12.90,12.90,false,1,
8690120559995,false,וופל מצופה שוקולד מריר 35ג'*24 יח' NO1,רויאל קנדיס בעמ,,,יח`,1,,false,1,27.90,27.90,false,1,
8690504081913,false,מקוויטיס טינס מצופה שוקולד חלב 150 גרם,תה ויסוצקי (ישראל) בעמ,,,יח`,1.50,100 גרם,false,1,9.90,6.60,true,1,
8690504153740,false,גודייבה שוקולד מריר במילוי קרם גנאש 86 גרם,תה ויסוצקי (ישראל) בעמ,,,יח`,1,,false,1,13.90,13.90,false,1,
8690526009278,false,אי טי אי - חטיף קרמל מצופה שוקולד וחלב כדורוני דגנים 126 גרם,"GIDA ETI , טורקיה n\",,,יח`,1.26,100 גרם,false,1,9.90,7.86,true,1,
8690526019154,false,אי טי אי - וופל קקאו במילוי קרם קקאו 142 גרם,מולינו ניקולי s.p.a,,,יח`,1.42,100 גרם,false,1,7.90,5.56,true,1,
8690526019178,false,אי טי אי - וופל קקאו במילוי קרם קוקוס 142 גרם,מולינו ניקולי s.p.a,,,יח`,1.42,100 גרם,false,1,7.90,5.56,true,1,
8690637007705,false,מסטיגם וניל מסטיק על מקל ללא סוכר,"מיוצר ע""י יוניליוור",,,יח`,1,,false,1,6.60,6.60,true,1,
8690637504426,false,"קרם ניקוי סיף בניחוח לימון 500 מ""ל",יוניליוור ישראל שיווק בע`מ,,,יח`,5,"100 מ""ל",false,1,11.90,2.38,true,1,
8690637506956,false,"דאב שמפו נגד קשקשים אלוורה 600 מ""ל","יוניליוור ישראל שיווק בע""מ",,,יח`,6,"100 מ""ל",false,1,14.90,2.48,false,1,
8690637555084,false,"מרכך כביסה מרוכז אקסטרה פריחת התפוז בדין 960 מ""ל","יוניליוור ישראל שיווק בע""מ",,,יח`,9.60,"100 מ""ל",false,1,16.90,1.76,true,1,
8690637799594,false,תה ירוק ליפטון נענע בסגנון מרוקאי 20יח',"יוניליוור ישראל שיווק בע""מ",,,יח`,0.30,100 גרם,false,1,16.90,56.33,true,1,
8690637842382,false,מגנום דאבל פרי יער שטראוס 82 גר,"מיוצר ע""\י יונילוור סנאי",,,יח`,0.90,100 גרם,false,1,9.90,11,true,1,
8690637842399,false,מאגדת מגנום מיני דאבל פרי יער שוקולד 6 יח' נסטלה,יוניליוור סנאי וי סי,,,יח`,3.23,100 גרם,false,1,32.90,10.19,false,1,
8690637858734,false,ג'ל לניקוי כללי בתוספת אקונומיקה בניחוח לימון,"יוניליוור ישראל שיווק בע""מ",,,יח`,7.50,"100 מ""ל",false,1,11.90,1.59,true,1,
8690637858758,false,ג'ל לניקוי כללי בתוספת אקונומיקה בניחוח אורנים,יוניליוור ישראל שיווק בע`מ,,,יח`,7.50,"100 מ""ל",false,1,11.90,1.59,true,1,
8690637866753,false,"בדין מרכך כביסה מרוכז אקסטרה סגול 960 מ""ל","יוניליוור ישראלשיווק בע""מ",,,יח`,9.60,"100 מ""ל",false,1,16.90,1.76,true,1,
8690637871047,false,דאב שמפו בתוספת שמן קוקוס וכורכום 600 מל,"יוניליוור ישראל שיווק בע""מ",,,יח`,6,"100 מ""ל",false,1,14.90,2.48,true,1,
8690637871061,false,"דאב שמפו עם שמן אבוקדו ותמצית קלנדולה 600 מ""ל",יוניליוור ישראל שיווק בע`מ,,,יח`,6,"100 מ""ל",false,1,14.90,2.48,true,1,
8690637890666,false,מאגדת מגנום מיני דאבל פיסטוק 6 יח' שטראוס,יוניליוור סנאיי וי ט,,,יח`,2.82,100 גרם,false,1,32.90,11.67,false,1,
8690637946301,false,"בדין - מרכך כביסה אקסטרא בייביי כחול 960 מ""ל","יוניליוור ישראל שיווק בע""מ",,,יח`,9.60,"100 מ""ל",false,1,16.90,1.76,true,1,
8690637946318,false,"מרכך כביסה בדין מרוכז אקסטרה בייבי טלק 960 מ""ל",יוניליוור ישראל שיווק בע`מ,,,יח`,9.60,"100 מ""ל",false,1,16.90,1.76,true,1,
8690637971310,false,"מרכך כביסה מרוכז אקסטרה בניחוח יערת הדבש בדין 960 מ""ל",יוניליוור ישראל שיווק בע`מ,,,יח`,9.60,"100 מ""ל",false,1,16.90,1.76,true,1,
8690637976995,false,"מרכך כביסה מרוכז אקסטרה ורוד סחלבים פראי בדין 960 מ""ל","יוניליוור ישראל שיווק בע""מ",,,יח`,9.60,"100 מ""ל",false,1,16.90,1.76,true,1,
8690637989612,false,שלגון שמנת בטעם וניל עם ריפל בטעם שוקולד 246 גרם,יונילוור סנאיי וי טיג'\,,,יח`,2.82,100 גרם,false,1,32.90,11.67,false,1,
8690637989629,false,מגנום דאבל דולצ'ה גולד בטעם וניל עם ריפל בטעם שוקולד 246 גרם,יונילוור סנאיי וי טיג'\,,,יח`,0.90,100 גרם,false,1,9.90,11,true,1,
8690766156374,false,גודייבה שוקולד מריר מעולה 72% מוצקי קקאו 72גרם,תה ויסוצקי (ישראל) בעמ,,,יח`,0.90,100 גרם,false,1,14.90,16.56,true,1,
8690766156381,false,גודייבה שוקולד מריר 90% מוצקי קקאו 90 גרם,תה ויסוצקי (ישראל) בעמ,,,יח`,0.90,100 גרם,false,1,14.90,16.56,true,1,
8690770322079,false,שמרים יבשים 450 גר` בדצ הנמל,הנמל אריזות ושיווק (1984) בעמ,,,יח`,4.50,100 גרם,false,1,12.90,2.87,true,1,
8690770322598,false,שמרים יבשים פוליבה הנמל 125 גרם,הנמל אריזות ושיווק (1984) בעמ,,,יח`,1.25,100 גרם,false,1,5.50,4.40,true,1,
8690777203012,false,פלפלים ירוקים כבושים לא חריפים סרה ויליפוד 600 גרם,ג. וילי-פוד אינטרנשיונל בע`מ,,,יח`,6,100 גרם,false,1,12.90,2.15,true,1,
8690777221405,false,פלפל אדום קלוי על האש 650 גר` ויליפוד,ג. וילי-פוד אינטרנשיונל בע`מ,,,יח`,6.50,100 גרם,false,1,12.90,1.98,true,1,
8690784516440,false,דאק נוזל לניקוי מתקדם בניחוח לבנדה בודד 750מל,"אס.סי.ג'\ונסון מידרכט, ה",,,יח`,7.50,"100 מ""ל",false,1,10.90,1.45,true,1,
8690784614665,false,דאק סבון ניקוי לאסלה 5ב1 בניחוח ים,דאופלור אס פי אי כונ,,,יח`,1,,false,1,9.90,9.90,true,1,
8690784614771,false,סבון דאק לניקוי אסלה בניחוח רענן נתלה,דאופלור אס.פי.אי כונ,,,יח`,1,,false,1,9.90,9.90,true,1,
8690784616775,false,סבון מוצק לאסלה דאק אקווה בלו 4 ב-1 80 ג,טואלט דאק (ג'ונסון),,,יח`,1,,false,1,10.90,10.90,true,1,
8691058141238,false,ערמונים שלמים קלויים וקלופים 100 גר` Ave,אבאל יזמות בעמ,,,יח`,1,100 גרם,false,1,4.90,4.90,true,1,
8691707036014,false,אוזמו שוקולד בצורת ביצה,מוחמד נעמה (1994) בעמ,,,יח`,1,,false,1,3.90,3.90,true,1,
8691707066035,false,אוזמו בורגר ביסקוויט סנדוויץ ממולא,מוחמד נעמה (1994) בעמ,,,יח`,1,,false,1,2.90,2.90,true,1,
8691707087962,false,אוזמו סוכריה שוקולד על מקל,מוחמד נעמה (1994) בעמ,,,יח`,1,,false,1,2.90,2.90,true,1,
8691707590042,false,אוזמו וופל בצורת טילון ממולא שוקולד (4יח,מוחמד נעמה (1994) בעמ,,,יח`,1,,false,1,6.90,6.90,true,1,
8693323085100,false,גומי יוגטה שטיחים חמוצים טעם פירות 100 ג,ליימן שליסל בע`מ,,,יח`,1,100 גרם,false,1,5.90,5.90,false,1,
8693323099107,false,מרשמלו לבבות בטעם תות ווניל,ליימן שליסל בעמ,,,יח`,1.50,100 גרם,false,1,8.90,5.93,true,1,
8693495002325,false,אג`קס נוזל ניקוי רצפות פרחים ורוד 2 ליטר,פארמה דיל (פ.א.ב.) שיווק והפצה,,,יח`,2,1 ליטר,false,1,14.90,7.45,false,1,
8693495034364,false,"פלמוליב סבון מוצק בניחוח אורכידאה, רבעייה * 90 גרם",פארמה דיל (פ.א.ב.) שיווק והפצה,,,יח`,1,,false,1,9.90,9.90,false,1,
8693495051156,false,פלמוליב 4 סבונים חלב ורדים-יבוא מקביל .,בית הצעצוע בעמ,,,יח`,1,,false,1,7.90,7.90,false,1,
8693495053792,false,פלמוליב סבון מוצק זיתים רביעייה-יבוא מקב,פארמה דיל (פ.א.ב.) שיווק והפצה,,,יח`,1,,false,1,9.90,9.90,false,1,
8697530910743,false,סיגריות פאל מאל כחול קצר מטאליק,גלוברנדס בעמ - שיווק סיגריות,,,יח`,1,,false,1,30,30,true,1,
8697530910750,false,סיגריות פאל מאל כחול ארוך האוס,גלוברנדס בעמ - שיווק סיגריות,,,יח`,1,,false,1,30,30,true,1,
8697530910781,false,סיגריות פאל מאל אדום מטאליק,גלוברנדס בעמ - שיווק סיגריות,,,יח`,1,,false,1,30,30,true,1,
8697530910958,false,פאקט סיגריות כחול ארוך פאל מאל) (200,גלוברנדס בעמ - שיווק סיגריות,,,יח`,1,,false,1,285,285,false,1,
8697826469092,false,טורטיה קטנה שקדיה 540 גרם 12 יחידות,דין שיווק וקליה 2021 בעמ,,,יח`,5.40,100 גרם,false,1,9.90,1.83,true,1,
8699568532003,false,וולה פלקס ספריי לעיצוב שיער מגה עמיד 250,דיפלומט מפיצים (1968) בעמ,,,יח`,2.50,"100 מ""ל",false,1,27.90,11.16,false,1,
8710502011894,false,עוגיות מרבה לימון ושוקולד ציפס 225 גרם,ש.שסטוביץ בעמ,,,יח`,2.25,100 גרם,false,1,9.90,4.40,true,1,
8710502064814,false,עוגיות מרבה שוקולד ציפס במרקם רך 175 גר,בנקטבקריי מרבה בי.וי,,,יח`,1.75,100 גרם,false,1,9.90,5.66,true,1,
8710502139017,false,עוגיות טריפל שוקולד צ`יפס מרבה (180 גרם),בנקטבקריי מרבה בי.וי,,,יח`,2.25,100 גרם,false,1,9.90,4.40,true,1,
8710502194801,false,"עוגיות שוקלד ציפס רכה פירות יער ""מרבה"" 175 גרם",בנקטבקריי מרבה בי.וי,,,יח`,1.75,100 גרם,false,1,9.90,5.66,true,1,
8710502279010,false,מרבה עוגיות שוקולד צ'יפס מצופות שוקולד 175 גרם,"י.מרבה ישראל בע""מ",,,יח`,1.75,100 גרם,false,1,9.90,5.66,true,1,
8710502285509,false,מרבה - עוגיות לימון ושוקולד צ'יפס במרקם רך 175 גרם,בנקטבקריי מרבה בי.וי,,,יח`,1.75,100 גרם,false,1,9.90,5.66,true,1,
8710502405204,false,עוגיות שוקולד צ'יפס עם קרם שוקולד מרבה 175 גרם,קריניציה ויטמינה אס,,,יח`,1.75,100 גרם,false,1,9.90,5.66,true,1,
8710502470028,false,עוגיות שוקולד צ'יפס ממולאות בקרם נוגט,קריניציה ויטמינה אס,,,יח`,1.60,100 גרם,false,1,9.90,6.19,true,1,
8710732228918,false,מצת לסיגריה cricket יח,צפניה ברזילי בעמ,,,יח`,1,,false,1,5,5,false,1,
8710800961310,false,סוכריות בטעם תות מנטוס 4*375 גרם,פרפטי ואן מלה ברדה,,,יח`,1.50,100 גרם,false,1,13.90,9.27,true,1,
8710847942679,false,טרזמה שמפו לשיער יבש בתוספת שמן המפ,"יוניליוור ישראלשיווק בע""מ",,,יח`,4,"100 מ""ל",false,1,22.90,5.73,true,1,
8711000362570,false,קפסולות קפה תואמות נספרסו פורזה 9 ל'אור 10 יחידות,דיפלומט מפיצים (1968) בעמ**,,,יח`,0,100 גרם,false,1,19.90,19.90,true,1,
8711000362747,false,קפסולות קפה תואמות נספרסו ריסטרטו 11 ל'אור 10 יחידות,דיפלומט מפיצים (1968) בעמ**,,,יח`,1,,false,1,19.90,19.90,true,1,
8711000371183,false,ג'ייקובס קפסולות קפה אספרסו אינטסו עוצמה 10,ג'ייקובס דאו אגברטס צרפת,,,יח`,1,,false,1,15.90,15.90,true,1,
8711000371206,false,ג'ייקובס קפסולות קפה אספרסו ריסטרטו עוצמה 12,ג'ייקובס דאו אגברטס צרפת,,,יח`,1,,false,1,15.90,15.90,true,1,
8711000371244,false,"ג'ייקובס קפסולות אספרסו (8) 10 יח', 52ג' לונגו",דיפלומט מפיצים (1968) בעמ**,,,יח`,1,,false,1,15.90,15.90,true,1,
8711327475618,false,מגנום פיינט וניל קלאסיק 260 גר`,"מפעל גלידות בווספרם, רחו",,,יח`,2.60,"100 מ""ל",false,1,18.90,7.27,false,1,
8711327475717,false,מגנום פיינט וניל שקדים 260 גרם,"מפעל גלידות בווספרם, רחו",,,יח`,2.60,"100 מ""ל",false,1,18.90,7.27,false,1,
8712000051099,false,"שישיית בירה היינקן 0% אלכוהל בקבוק 330 מ""ל","מבשלת היינקן, ריטבלדנברג",,,יח`,1.98,1 ליטר,false,1,30.40,14.44,true,1,
8712400802499,false,תרכובת מזון המשך לפעוטות על בסיס חלב שלב 1,דיפלומט מפיצים (1968) בעמ**,,,יח`,8,100 גרם,false,1,62.90,7.86,true,1,
8712400802512,false,תרכובת מזון המשך לפעוטות על בסיס חלב שלב 2,דיפלומט מפיצים (1968) בעמ**,,,יח`,8,100 גרם,false,1,62.90,7.86,true,1,
8712400802536,false,תרכובת מזון המשך לפעוטות על בסיס חלב שלב 3,דיפלומט מפיצים (1968) בעמ**,,,יח`,8,100 גרם,false,1,62.90,7.86,true,1,
8712561594608,false,"דאב תחליב רחיצה להזנה עמוקה 750 מ""ל",יוניליוור ישראל שיווק בע`מ,,,יח`,7.50,"100 מ""ל",false,1,16.90,2.25,true,1,
8712561611411,false,"תחליב רחצה בניחוח מלפפון ותה ירוק דאב 750 מ""ל",יוניליוור ישראל שיווק בע`מ,,,יח`,7.50,"100 מ""ל",false,1,16.90,2.25,true,1,
8712561631570,false,"תחליב רחצה קוקוס ויסמין דאב 750 מ""ל","יוניליוור ישראל שיווק בע""מ",,,יח`,7.50,"100 מ""ל",false,1,16.90,2.25,true,1,
8714599410806,false,ג'ייקובס קרוננג מיובש בהקפאה 160 גרם סגירה חוזרת,דיפלומט מפיצים (1968) בעמ**,,,יח`,1.60,100 גרם,false,1,17.90,11.19,true,1,
8714599412220,false,ג'ייקובס וולווט קפה נמס 95 מיובש בהקפאה,דיפלומט מפיצים (1968) בעמ**,,,יח`,0.95,100 גרם,false,1,14.90,15.68,false,1,
8714599513781,false,"קפה נמס מיובש בהקפאה זהב צנצנת ג'ייקובס 200 גרם לל""ס",דיפלומט מפיצים (1968) בעמ**,,,יח`,2,100 גרם,false,1,24.90,12.45,false,1,
8714599513835,false,גי'קובס קרונונג נייט אנד דיי - נטול קופיאין,דיפלומט מפיצים (1968) בעמ**,,,יח`,2,100 גרם,false,1,32.90,16.45,false,1,
8714599513866,false,"קפה נמס מיובש בהקפאה קרונג צנצנת ג'ייקובס 200 גרם לל""ס",דיפלומט מפיצים (1968) בעמ**,,,יח`,2,100 גרם,false,1,24.90,12.45,true,1,
8714789402918,false,נוזל לניקוי כללי ורצפות בניחוח פרחי בר אג'קס 1.5 ליטר,הנסיך- מפעל לייצור ט,,,יח`,1.50,1 ליטר,false,1,19.90,13.27,true,1,
8714789699110,false,פלמוליב סבון מוצק חלב שקדים רביעייה-יבוא,פארמה דיל (פ.א.ב.) שיווק והפצה,,,יח`,1,,false,1,9.90,9.90,false,1,
8714789797786,false,"פלמוליב נוזל לניקוי כלים גריז בלסטר 750 מ""ל",יבואן ומשווק: ש. שסט,,,יח`,7.50,"100 מ""ל",false,1,12.90,1.72,true,1,
8714789930848,false,"משחת שיניים אופטיק וייט הלבנה מיידית קולגייט 75 מ""ל",איינשטיין-צור יבוא-יצוא וסחר ב,,,יח`,0.75,100 גרם,false,1,14.90,19.87,false,1,
8715700110141,false,מיונז קרמי היינץ צנצנת 460ג',דיפלומט מפיצים (1968) בעמ**,,,יח`,4.60,100 גרם,false,1,11.90,2.59,true,1,
8715700110158,false,היינץ ממרח במרקם קרמי צנצנת 490 גרם,דיפלומט מפיצים (1968) בעמ**,,,יח`,4.90,100 גרם,false,1,11.90,2.43,true,1,
8715700117805,false,"קטשופ היינץ מתבל עגבניות ללא תוספת סוכר ומלח 425 מ""ל",דיפלומט מפיצים (1968) בעמ**,,,יח`,4,100 גרם,false,1,11.90,2.98,true,1,
8715700419732,false,מתבל עגבניות היינץ (700 גרם),דיפלומט מפיצים (1968) בעמ**,,,יח`,7,100 גרם,false,1,11.90,1.70,true,1,
8715700422473,false,ממרח לכריכים וסלטים ללא ח. משמרים היינץ 395 גרם,דיפלומט מפיצים (1968) בעמ**,,,יח`,3.95,100 גרם,false,1,15.90,4.03,false,1,
8715700423906,false,היינץ מתבל עגבניות מופחת סוכר ומלח 50/50 550 גרם,דיפלומט מפיצים (1968) בעמ**,,,יח`,5.55,100 גרם,false,1,11.90,2.14,true,1,
8717163714850,false,דאודורנט ספריי קוקוס ויסמין( 150 מל),"יוניליוור ישראל שיווק בע""מ",,,יח`,1.50,"100 מ""ל",false,1,14.90,9.93,true,1,
8717644390566,false,דאב סבון מוצק רביעייה- מלפפונים ותה ירו,יוניליוור ישראל שיווק בע`מ,,,יח`,4,100 גרם,false,1,12.90,3.23,true,1,
8717677336593,false,טוניס שוקולד חלב 180 גרם רבנות - נוכרי,טוניס/שוקולונלי,,,יח`,1.80,100 גרם,false,1,19.90,11.06,true,1,
8717677336661,false,טוניס שוקולד מריר מעולה 70% 180 גרם רבנות - נוכרי,ליימן שליסל בע`מ,,,יח`,1.80,100 גרם,false,1,19.90,11.06,true,1,
8718951030206,false,"קולגייט סנסיטיב פרוטקשן משחת שיניים לשיניים רגישות 75 מ""ל",קולגייט-פלמוליב,,,יח`,0.75,100 גרם,false,1,14.90,19.87,true,1,
8718951048461,false,אג`קס חלונות 750 מל יבוא מקביל טריפל אק,אופאל יאצא בעמ,,,יח`,7.50,"100 מ""ל",false,1,11.90,1.59,true,1,
8718951079205,false,"קולגייט סנסיטיב פרו רליף רפיר אנד פריוונט 75 מ""ל",קולגייט-פלמוליב,,,יח`,0.75,"100 מ""ל",false,1,20,26.67,true,1,
8718951175600,false,"משחת שיניים קולגייט אוטאל קליין מינט 75 מ""ל",ש.שסטוביץ בעמ,,,יח`,0.75,"100 מ""ל",false,1,12.90,17.20,true,1,
8718951236783,false,קולגייט משחת שיניים טוטל פרש סטריפ 100 מ,איינשטיין-צור יבוא-יצוא וסחר ב,,,יח`,1,"100 מ""ל",false,1,12.90,12.90,false,1,
8718951236790,false,"קולגייט טוטאל משחת שיניים קלין מינט לפה בריא 100 מ""ל",קולגייט פלמוליב,,,יח`,1,"100 מ""ל",false,1,16.90,16.90,true,1,
8718951236806,false,"קולגייט טוטאל הלבנה משחת שיניים המסייעת בהסרת כתמים 100 מ""ל",ש. שסטוביץ בע`מ,,,יח`,1,"100 מ""ל",false,1,16.90,16.90,true,1,
8718951236813,false,"קולגייט טוטאל משחת שיניים ניקוי מתקדם לפה בריא יותר 100 מ""ל",קולגייט פלמוליב,,,יח`,1,"100 מ""ל",false,1,16.90,16.90,true,1,
8718951253827,false,קולגייט משחת שיניים אופטיק פחם 75 מל,איינשטיין-צור יבוא-יצוא וסחר ב,,,יח`,0.75,"100 מ""ל",false,1,14.90,19.87,true,1,
8718951315303,false,"קולגייט אדומה משחת שיניים להגנה מפני עששת 2*100 מ""ל",קולגייט-פלמוליב,,,יח`,2,100 גרם,false,1,19.90,9.95,false,1,
8718951320093,false,זוג מברשות 360 אדוונס וויט שיניים קולגייט,קולגייט-פלמוליב,,,יח`,1,,false,1,24.90,24.90,false,1,
8718951382787,false,"משחת שיניים אופטיק וויט חימר ומינרלים 75 מ""ל קולגייט",ש.שסטוביץ בעמ,,,יח`,0.75,"100 מ""ל",false,1,29.90,39.87,true,1,
8718951446564,false,"סבון נוזלי מומנטס עץ אלגום ולבנדר 500 מ""ל פלמוליב",ש.שסטוביץ בעמ,,,יח`,5,"100 מ""ל",false,1,15.90,3.18,false,1,
8718951446588,false,"סבון נוזלי מומנטס סחלב ופטל 500 מ""ל פלמוליב",ש.שסטוביץ בעמ,,,יח`,5,"100 מ""ל",false,1,15.90,3.18,false,1,
8718951466371,false,מרידול משחת לחניכיים רגישות 75 מל,קולגייט פלמוליב,,,יח`,0.75,100 גרם,false,1,19.90,26.53,false,1,
8718951470538,false,קולגייט משחת שיניים מקס פרש ביטיוב 125*2 כשלפ,קולגייט פלמוליב,,,יח`,2.50,"100 מ""ל",false,1,29.90,11.96,true,1,
8718951509627,false,"קולגייט אופטיק וייט לאוהבי קפה ותה משחת שיניים 75 מ""ל",קולגייט פלמוליב,,,יח`,0.75,"100 מ""ל",false,1,29.90,39.87,false,1,
8719128110387,false,סירופ סודה סטרים דיאט אשכולית אדומה 0.5ל,סודהסטרים ישראל בעמ,,,יח`,5,"100 מ""ל",false,1,22.90,4.58,true,1,
8719128117256,false,"סירופ סבן אפ 440 מ""ל סודהסטרים",סודהסטרים ישראל בעמ,,,יח`,4.40,"100 מ""ל",false,1,22.90,5.20,true,1,
8719200998001,false,מרגרינה לאפיה ובישול בלי מלח 200 ג' בלו בנד,יוניליוור ישראל מזון בע\,,,יח`,2,100 גרם,false,1,4.50,2.25,false,1,
8719200998018,false,מחמאה מרגרינה בטעם חמאה בלובנד 200 גרם,"מיוצר ע""\י יוניליוור ישר",,,יח`,2,100 גרם,false,1,4.80,2.40,false,1,
8719200998032,false,"מרגרינה מזולה גלורי טעם חמאה 250גר 8 יחידות - כשל""פ","מיוצר ע""\י יוניליוור ישר",,,יח`,2.50,100 גרם,false,1,10.90,4.36,false,1,
8719200998049,false,"מרגרינה מזולה גלורי רגיל 250גר 8 יחידות -כשל""פ","מיוצר ע""\י יוניליוור ישר",,,יח`,2.50,100 גרם,false,1,9.90,3.96,false,1,
8719200998094,false,"מרגרינה מזולה לאפיה ללא תוספת מלח 200גר - 40 יח' -כשל""פ","מיוצר ע""\י יוניליוור ישר",,,יח`,2,100 גרם,false,1,6.90,3.45,false,1,
8719200998100,false,מרגרינה מזולה לאפיה טעם חמאה 200גר - 40 יח',דיפלומט מפיצים (1968) בעמ**,,,יח`,2,100 גרם,false,1,6.90,3.45,false,1,
8720181046605,false,דאב - דאודורנט ספריי לאישה אורגינל כחול 150מל,"יוניליוור ישראל שיווק בע""מ",,,יח`,1.50,"100 מ""ל",false,1,14.90,9.93,false,1,
8720181090202,false,תחליב רחצה עם שמן זית דאב 750 מל,יוניליוור ישראל שיווק בע`מ,,,יח`,7.50,"100 מ""ל",false,1,16.90,2.25,true,1,
8720181090219,false,תחליב רחצה רימונים ותמצית פרח היביסקוס,יוניליוור ישראל שיווק בעמ,,,יח`,7.50,"100 מ""ל",false,1,16.90,2.25,true,1,
8720181114458,false,אקס דאו ספריי לאישה 150 מל(יבוא מקביל,איינשטיין-צור יבוא-יצוא וסחר ב,,,יח`,1.50,"100 מ""ל",false,1,9.90,6.60,true,1,
8720181114465,false,"אקס - דאודורנט ספריי לגבר אנרכי 150 מ""ל",איינשטיין-צור יבוא-יצוא וסחר ב,,,יח`,1.50,"100 מ""ל",false,1,9.90,6.60,true,1,
8720181114472,false,"אקס - דאודורנט ספריי לגבר אפולו 150 מ""ל",איינשטיין-צור יבוא-יצוא וסחר ב,,,יח`,1.50,"100 מ""ל",false,1,9.90,6.60,true,1,
8720181114496,false,"אקס - דאודורנט ספריי לגבר שוקולד 150 מ""ל",איינשטיין-צור יבוא-יצוא וסחר ב,,,יח`,1.50,"100 מ""ל",false,1,9.90,6.60,true,1,
8720181114519,false,"אקס - דאודורנט ספריי לגבר דארק ונילה 150 מ""ל",איינשטיין-צור יבוא-יצוא וסחר ב,,,יח`,1.50,"100 מ""ל",false,1,9.90,6.60,true,1,
8720181123955,false,"אקס - ג'ל רחצה ריצארג קריד 400 מ""ל",יוניליוור ישראל שיווק בעמ,,,יח`,4,"100 מ""ל",false,1,9.90,2.48,true,1,
8723400756552,false,מארז סוכריות מנטוס Mentos ריינבואו,פרפטי ואן מלה ברדה,,,יח`,1.50,100 גרם,false,1,13.90,9.27,true,1,
8801055707966,false,קפה טייסטרס צ`ויס בריסטה נסקפה (180 גרם),קבוצת אוסם סחר שותפות מוגבלת,,,יח`,1.80,100 גרם,false,1,29.90,16.61,false,1,
8801055709465,false,אבקה להכנת משקה קפה בטעם קפוצ'ינו וניל,קבוצת אוסם סחר שותפות מוגבלת,,,יח`,1.85,100 גרם,false,1,18.90,10.22,false,1,
8801055709489,false,אבקה להכנת משקה קפה בטעם קפוצ'ינו אגוזים,קבוצת אוסם סחר שותפות מוגבלת,,,יח`,1.80,100 גרם,false,1,18.90,10.50,false,1,
8801055709526,false,אבקה להכנת משקה קפה בטעם קפוצ'ינו שוקולד לבן,קבוצת אוסם סחר שותפות מוגבלת,,,יח`,1.80,100 גרם,false,1,18.90,10.50,false,1,
8832774554005,false,תנור קוורץ BENATON BT-55400,קונסיגנציה-ד.ש.ש. אלקטרוניקה ב,,,יח`,1,,false,1,39,39,false,1,
8850389103111,false,סאפי משקה אלוורה בטעם ענבים 300מל,פארייפאבה אגרואינדוס,,,יח`,3,"100 מ""ל",false,1,7.90,2.53,true,1,
8850389105825,false,משקה אלוורה בטעם ענבים סאפה 1 ליטר,סאפה פובליק קומפני לימיט,,,יח`,1,1 ליטר,false,1,13.90,13.90,false,1,
8850389105832,false,סאפה משקה אלוורה בטעם תפוח עם קוביות אלוורה 1 ליטר,סאפה פובליק קומפני לימיט,,,יח`,1,1 ליטר,false,1,13.90,13.90,false,1,
8850389105849,false,סאפה משקה אלוורה מופחת קלוריות בטעם אפרסק 1 ליטר,סאפה פובליק קומפני לימיט,,,יח`,1,1 ליטר,false,1,13.90,13.90,false,1,
8850389115336,false,משקה אלוורה בטעם מלון סאפה 1 ליטר,סאפה פובליק קומפני לימיט,,,יח`,1,1 ליטר,false,1,13.90,13.90,false,1,
8850632604259,false,"יוגטה, חיספוסים, ממתק חמוץ בצורת מקלות בטעם תות שדה,50 גרם",ליימן שליסל בע`מ,,,יח`,0.50,100 גרם,false,1,3.90,7.80,false,1,
8850632604266,false,"יוגטה, ממתק חמוץ בצורת מקלות בטעם קולה, 50 גרם",ליימן שליסל בע`מ,,,יח`,0.50,100 גרם,false,1,3.90,7.80,false,1,
8850632604372,false,"יוגטה, חיספוסים בצורת שטיח בטעם תות שדה 50 גרם",ליימן שליסל בע`מ,,,יח`,0.50,100 גרם,false,1,3.90,7.80,false,1,
8850632604402,false,יוגטה חיספוסים בטעם מעורב תות שדה אבטיח ענבים בננה 50 גרם,ליימן שליסל בע`מ,,,יח`,0.50,100 גרם,false,1,3.90,7.80,false,1,
8850632605201,false,"יוגטה, חיספוסים, ממתק חמוץ בצורת שטיח, בטעם מעורב- תות בננה, תפוח, תפוז, 50 גרם",הדקלאים אגודת שיתופי,,,יח`,0.50,100 גרם,false,1,3.90,7.80,false,1,
8851613101378,false,"נוזל קוקוס ארוי די 250 מ""ל",גורי מוצרי צריכה (1991) בעמ,,,יח`,2.50,"100 מ""ל",false,1,9.80,3.92,false,1,
8851613101385,false,"חלב קוקוס ארוי-די קרטון 500מ""ל",גורי מוצרי צריכה (1991) בעמ,,,יח`,5,"100 מ""ל",false,1,12.90,2.58,false,1,
8857101301008,false,רוטב צילי מתוק וילי 700 מל יצרןמותג: פאן,ג.וילי פוד אינטרנשיונל בעמ,,,יח`,7,"100 מ""ל",false,1,9.80,1.40,false,1,
8888021200256,false,סוללות אנרג'ייזר AA מקס 8 יחידות,יצרן: אנרג'ייזר סינג,,,יח`,1,,false,1,24.90,24.90,false,1,
8888021200720,false,סוללות אנרג'ייזר AAA מקס 8 יחידות,יצרן: אנרג'ייזר סינג,,,יח`,1,,false,1,24.90,24.90,false,1,
8901314308436,false,מברשת שיניים קולגייט זיג זג מדיום שישייה,פארמה דיל (פ.א.ב.) שיווק והפצה,,,יח`,1,,false,1,12.90,12.90,false,1,
8901314517463,false,מברשת שיניים קולגייט 360 רביעייה,פארמה דיל (פ.א.ב.) שיווק והפצה,,,יח`,1,,false,1,19.90,19.90,false,1,
8901537024014,false,"אורז בסמטי מובחר 1 ק""ג - דוואט) יורה דיעה",ג. וילי-פוד אינטרנשיונל בע`מ,,,יח`,1,"ק""ג",false,1,11.90,11.90,false,1,
8901537076679,false,אורז בסמטי חום מלא 1 קג`DAAWAT וילי פוד,ג. וילי-פוד אינטרנשיונל בע`מ,,,יח`,1,"ק""ג",false,1,11.90,11.90,false,1,
8901571005833,false,מברשות שיניים סנסודיין שלישייה יבוא מקבי,פארמה דיל (פ.א.ב.) שיווק והפצה,,,יח`,1,,false,1,12.90,12.90,false,1,
8938505846019,false,"דפי אורז עגול גדול 22 ס""מ שקדיה 250 גרם",דין שיווק וקליה 2021 בעמ,,,יח`,2.50,100 גרם,false,1,8.90,3.56,true,1,
8959286455405,false,תנור קוורץ BENATON BT-55405,קונסיגנציה-ד.ש.ש. אלקטרוניקה ב,,,יח`,1,,false,1,69,69,false,1,
9000101515596,false,קפסולות ג'ל מרוכזות לכביסה צבעונית 56 יח' פרסיל,גורי שיווק בעמ,,,יח`,1,,false,1,54.90,54.90,false,1,
9001395807015,false,שוקולד בננית בטעם שוקו בננה 300 גרם,פרנס הואו סווירט,,,יח`,3,100 גרם,false,1,9.90,3.30,false,1,
9001616202445,false,מוצץ לתינוק מיני אולטי סיליקון עיגולים מאם 2 יחידות,אלפא קוסמטיקה בעמ,,,יח`,1,,false,1,34.90,34.90,false,1,
9001616205781,false,מוצצים 6+ סיליקון קלירליין-בנים (כחול),אלפא קוסמטיקה בעמ,,,יח`,1,,false,1,34.90,34.90,false,1,
9001616682216,false,מאם בקבוק אנטי קוליק 160 מל תכלת,אלפא קוסמטיקה בעמ,,,יח`,1,,false,1,34.90,34.90,true,1,
9001616702815,false,מוצצים 6+ סיליקון קלירליין-יוניסקס (צהו,אלפא קוסמטיקה בעמ,,,יח`,1,,false,1,34.90,34.90,false,1,
9001616703027,false,בקבוק תינוק 330 מל -אפור,אלפא קוסמטיקה בעמ,,,יח`,1,,false,1,34.90,34.90,true,1,
9002490100490,false,"משקה אנרגיה רד בול מארז רביעייה*250 מ""ל",דיפלומט מפיצים (1968) בעמ**,,,יח`,1,1 ליטר,false,1,21.90,21.90,false,1,
9002975393850,false,סוכריות גילי הריבו וורמס 70 גרם,"האריבו , ג'\י.אם.בי.אייץ",,,יח`,0.70,100 גרם,false,1,6.90,9.86,true,1,
9044400851672,false,סוכריות פז סוגים שונים + 3 מילויים,ר.ב. מוצרי דגנים בעמ,,,יח`,0.2550,100 גרם,false,1,11.90,46.67,false,1,
9120025839896,false,חטיף מילקה מצונן 128 גרם,ג.וילי-פוד אינטרנשיונל **גבינו,,,יח`,1.28,100 גרם,false,1,14.90,11.64,false,1,
9120097310583,false,חטיף שוקו בננה מיניונים מצונן 108 גרם רבנות,ג.וילי-פוד אינטרנשיונל **גבינו,,,יח`,1.08,100 גרם,false,1,14.90,13.80,true,1,
9310072028743,false,טים טם ביסקוויט במילוי שוקולד 200 גרם,"ארנוטס ביסקוויטס בע""",,,יח`,2,100 גרם,false,1,20.90,10.45,true,1,
9310072028750,false,חטיף שוקולד דאבל קרם טים טם (200 גרם),"ארנוטס ביסקוויטס בע""",,,יח`,2,100 גרם,false,1,20.90,10.45,true,1,
9310088007015,false,דיפנד תחבושות אוברנייט בלילה,קימברלי קלארק ישראל שיווק בעמ,,,יח`,1,,false,1,19.90,19.90,false,1,
9711953105807,false,בלוז מעדנייה שטראוס,שטראוס גרופ בעמ/מצונן,,,"ק""ג",10,100 גרם,true,1,69,6.90,false,1,
9720188050109,false,ממרח על בסיס סויה בסגנון גבינה טופוטי 225 גרם,*החברה המרכזית להפצת משקאותבעמ,,,יח`,2.27,100 גרם,false,1,21.40,9.43,false,1,
9720188060108,false,ממרח על בסיס סויה בסגון שמנת טופוטי 340 גרם,*החברה המרכזית להפצת משקאותבעמ,,,יח`,3.40,100 גרם,false,1,21.40,6.29,false,1,
