code,internal_code,name,manufacturer_name,manufacture_country,manufacturer_item_description,unit_qty,quantity,unit_of_measure,weighted,qty_in_package,price,unit_of_measure_price,allow_discount,status,item_id
32147230,false,"מיץ לימון משומר 200מ""ל(לימונית אקסטרא)",ג'נרל מילס סאן אדריא,CH,מיץ לימון משומר,מיליליטרים,200.00,"100 מ""ל",false,0,6.90,3.45,true,1,
40052403,false,קיט קט 4 אצבעות שוקולד חלב,נסטלה Nestle,DE,חטיף קיט קאט,גרמים,41.00,100 גרם,false,1,3.90,9.51,true,1,
40084107,false,ביצת שוקולד הפתעה קינדר,פרדי קונדטוריה אס פי,IT,ביצת הפתעה,גרמים,20.00,100 גרם,false,1,5.50,27.50,true,1,
40111216,false,באונטי חטיף קוקוס ושוקולד 57ג',"נארז ע""י : א.ג. גילר",NL,חטיף באונטי,גרמים,57.00,100 גרם,false,0,3.90,6.84,true,1,
50204830,false,אוטן פלוס תרסיס דוחה יתושים וחרקים,אוטן Autan,IL,אוטן תרסיס,מיליליטרים,100.00,"100 מ""ל",false,0,19.70,19.70,true,1,
54051140,false,מעדן סויה טעם וניל אלפרו רביעיה * 125 ג',הנסיך- מפעל לייצור ט,BE,מעדן סויה 4 יח',גרמים,500.00,100 גרם,false,0,18.90,3.78,true,1,
54051157,false,מעדן סויה טעם שוקו אלפרו רביעיה 125 ג',קריות זול,BE,מעדן סויה 4 יח',גרמים,500.00,100 גרם,false,0,18.90,3.78,true,1,
59082637,false,"רקסונה - דאודורנט רולאון לגבר אקסטרא קול 50 מ""ל",יוניליוור פיליפינים,GB,רקסונה רול און,מיליליטרים,50.00,"100 מ""ל",false,1,15.90,31.80,true,1,
59455240,false,סיגריות ווג ליידי לילך בודד,Unknown,PL,ווג לילך,יחידה,1.00,יחידה,false,0,38.00,38.00,false,1,
72940754,false,"מילקי מעדן וניל עם קצפת שטראוס 133 מ""ל","שטראוס גרופ בע""\מ",IL,מילקי טעם וניל,מיליליטרים,170.00,"100 מ""ל",false,0,2.90,1.71,true,1,
72940761,false,"מילקי מעדן שוקולד עם קצפת שטראוס 133 מ""ל",מיוצר עי קונדיטוריית,IL,מילקי טעם שוקולד,מיליליטרים,170.00,"100 מ""ל",false,0,2.90,1.71,true,1,
72940952,false,מעדן מילקי בטעם שוקולד עם אקסטרה קצפת,"שטראוס גרופ בע""\מ",IL,מילקי אקסטרה,מיליליטרים,170.00,"100 מ""ל",false,0,3.90,2.29,true,1,
72941041,false,מעדן מילקי מיני בטעם שוקולד עם קצפת,"שטראוס גרופ בע""\מ",IL,מיני מילקי,מיליליטרים,90.00,"100 מ""ל",false,0,2.00,2.22,true,1,
72945308,false,קוביית שמרים טריים לאפיה שמרית 50 גרם,"פאקא תעשיות בע""\מ",IL,קוביות שמרים,גרמים,50.00,100 גרם,false,0,3.60,7.20,true,1,
72961506,false,יוגורט עם תות 1.5% שומן 125 ג' פרילי,מיוצר עי קונדיטוריית,IL,פרילי תות,גרמים,125.00,100 גרם,false,0,3.50,2.80,true,1,
72961520,false,"פרילי יוגורט עם אננס 1.5% תנובה 125 מ""ל",מיוצר עי קונדיטוריית,IL,פרילי אננס 1.5%,גרמים,125.00,100 גרם,false,0,3.50,2.80,true,1,
72961544,false,"באדי יוגורט בטעם תות שדה 3% תנובה 125 מ""ל",מחלבת אלון תבור,IL,מעדן באדי תות 3%,גרמים,125.00,100 גרם,false,0,3.00,2.40,true,1,
72984000,false,גולף סילבר 100 פ.ע חפיסה,דובק,,גולף סילבר ארוך,יחידה,1.00,יחידה,false,0,30.00,30.00,false,1,
72986370,false,"גלידת בן & ג'ריס פיינטים וניל 500מ""ל",מוצרי איכות אמריקאיים,IL,גלידה בן & ג'ריס,מיליליטרים,500.00,"100 מ""ל",false,0,19.90,3.98,true,1,
72986424,false,"גלידת בן & ג'ריס פיינטים קרם עוגיות 500מ""ל",מוצרי איכות אמריקאיים בע,IL,גלידה בן & ג'ר,מיליליטרים,500.00,"100 מ""ל",false,0,19.90,3.98,true,1,
72986448,false,"גלידת בן & ג'ריס פיינטים טופי קראנץ 500מ""ל",מוצרי איכות אמריקאיים בע,IL,גלידה בן & ג'ר,מיליליטרים,500.00,"100 מ""ל",false,0,19.90,3.98,true,1,
72986455,false,"גלידה בן& ג'ריס ניו יורק סופר פאדג' צ'אנק 500 מ""ל",מוצרי איכות אמריקאיים בע,IL,גלידה בן & ג'ר,מיליליטרים,500.00,"100 מ""ל",false,0,19.90,3.98,true,1,
72986479,false,"גלידה שוקולד אגוז עם בננות בן וג'ירי 500 מ""ל",מוצרי איכות אמריקאיים בע,IL,גלידה בן & ג'ר,מיליליטרים,500.00,"100 מ""ל",false,0,19.90,3.98,true,1,
72989425,false,"גלידת בן & ג'ריס פיינטים שוקולד בראוניז 500מ""ל",מוצרי איכות אמריקאיים בע,IL,גלידה בן & ג'ר,מיליליטרים,500.00,"100 מ""ל",false,0,19.90,3.98,true,1,
72991374,false,סיגריות טיים רד חפיס,דובק,IL,טיים רד,יחידה,1.00,יחידה,false,0,30.00,30.00,false,1,
72991381,false,סיגריות טיים 100 RED בודד,דובק,IL,טיים רד ארוך,יחידה,1.00,יחידה,false,0,30.00,30.00,false,1,
72991404,false,סיגריות אירופה חפיסה,דובק,IL,סגריות אירופה,יחידה,1.00,יחידה,false,0,29.00,29.00,false,1,
72991886,false,"גלידת דולצ'ה בטעם ריבת חלב עם פאדג' בן וג'ירי 500 מ""ל",מוצרי איכות אמריקאיים בע,IL,גלידה בן & ג'ר,מיליליטרים,500.00,"100 מ""ל",false,0,19.90,3.98,true,1,
72993637,false,מעדן חלב בטעם שוקולד 125 ג' דני,"שטראוס גרופ בע""\מ",IL,דני שוקולד 1.5%,גרמים,125.00,100 גרם,false,0,2.70,2.16,true,1,
72994061,false,חטיף פסק זמן GOOD גלילית לבן 40 גרם,שולן צ'\יקולטה גידה סאן.,TR,פסק זמן 2 גוד,גרמים,36.00,100 גרם,false,0,4.90,13.61,true,1,
80042556,false,POLPA עגבניות חתוכות דק 400 גרם MUTTI,"איי, בי, אינבוו",IT,עגבניות חתוכות,גרמים,400.00,100 גרם,false,0,6.00,1.50,true,1,
80042563,false,רסק עגבניות 700 ג' (צהוב) MUTTI,"איי, בי, אינבוו",IT,מחית עגבניות,גרמים,700.00,100 גרם,false,0,11.90,1.70,true,1,
80050025,false,סוכריות טיק טק תפוז 16 גרם,פררו - אלבה,ZA,טיק טק תפוז,גרמים,16.00,100 גרם,false,0,3.30,20.63,true,1,
80050124,false,סוכריות טיק טק מנטה 16 גרם,פררו - אלבה,ZA,סוכריות טיק טק,גרמים,16.00,100 גרם,false,0,3.30,20.63,true,1,
80052760,false,קינדר בואנו Kinder Bueno עם חלב ואגוזי לוז,פררו - אלבה,PL,קינדר בואנו זוג,גרמים,43.00,100 גרם,false,0,3.90,9.07,true,1,
80052883,false,סוכריות מנטה חזק 16 ג' טיק טק,פררו,ZA,סוכריות טיק טק,גרמים,16.00,100 גרם,false,1,3.30,20.63,true,1,
80136194,false,חטיפי הפי היפו Happy Hippo במילוי קרם חלבי ואגוזי לוז,קינדר Kinder,DE,חטיף הפי היפו5יח,גרמים,115.00,100 גרם,false,1,12.50,10.87,true,1,
80176800,false,נוטלה ממרח שוקולד 750 גרם,פררו תעשיות איטליה ס,IT,ממרח נוטלה,גרמים,750.00,100 גרם,false,0,25.90,3.45,true,1,
80177173,false,ממרח שוקולד נוטלה 350 גרם,פררו - אלבה,IT,ממרח נוטלה,גרמים,350.00,100 גרם,false,0,14.90,4.26,true,1,
80177609,false,אצבעות שוקולד קינדר Kinder ארבע יחידות,פררו - אלבה,IT,אצבעות קינדר,גרמים,50.00,100 גרם,false,0,4.40,8.80,true,1,
80273561,false,פלפל שחור במטחנה 45 גר ארומה דה טוסקנה,דרוגיה ואלימנטרי אס.אר.א,IT,פלפל שחור,גרמים,45.00,100 גרם,false,0,12.80,28.44,true,1,
80273639,false,מלח ים במטחנה 90 גר ארומה דה טוסקנה,דרוגיה ואלימנטרי אס.אר.א,IT,מלח ים במטחנה,גרמים,90.00,100 גרם,false,0,12.80,14.22,true,1,
80273660,false,שום במטחנה 50 גר ארומה דה טוסקנה,דרוגיה ואלימנטרי אס.אר.א,IT,שום במטחנה,גרמים,50.00,100 גרם,false,0,12.80,25.60,true,1,
80310891,false,ג'וי ביצת הפתעה קינדר 20 גרם,קריות זול,ZA,ביצת הפתעה,גרמים,20.00,100 גרם,false,0,5.90,29.50,true,1,
80473206,false,פפריקה מתוקה אורגנית 50 גרם קנהמלה,קנהמלה,IT,פפריקה מתוקה,גרמים,50.00,100 גרם,false,1,14.90,29.80,true,1,
80473213,false,כמון אורגני 32 גרם קנהמלה,קנהמלה,IT,כמון אורגני,גרמים,32.00,100 גרם,false,1,14.90,46.56,true,1,
80651000,false,שום צילי במטחנה 30 גרם ארומה דה טוסקנה,דרוגיה ואלימנטרי אס.אר.א,IT,שום וצ'ילי מטח,גרמים,30.00,100 גרם,false,0,12.80,42.67,true,1,
80761761,false,קינדר בואנו לבן בודד 39 גרם,ליימן שליסל,PL,קינדר בואנו לבן,גרמים,39.00,100 גרם,false,0,3.90,10.00,true,1,
80773429,false,מנטוס בקבוק מעוגל - מסטיק ללא סוכר בטעם תות 60 גרם,"פרפטי ואן מלה ג'\ידה,סאן",TR,מנטוס בקבוק,גרמים,60.00,100 גרם,false,1,9.90,16.50,true,1,
80773443,false,מנטוס בקבוק מעוגל - מסטיק ללא סוכר בטעם מנטה 60 גרם,"פרפטי ואן מלה ג'\ידה,סאן",TR,מסטיק מנטוס,גרמים,60.00,100 גרם,false,1,9.90,16.50,true,1,
80790990,false,מסטיק מנטוס בבקבוק מעוגל בטעם פירות -מנטה 60 ג',"פרפטי ואן מלה ג'\ידה,סאן",TR,מסטיק מנטוס,גרמים,60.00,100 גרם,false,1,9.90,16.50,true,1,
80820970,false,שוקולד חלב ממולא קרם קרמל ועלי וופל פריכ,לואקר Loacker,IT,וופל טורטינה,גרמים,21.00,100 גרם,false,1,5.00,23.81,true,1,
80843184,false,מנטוס מסטיק פיור פרש בטעם ענבים 60גר,פרפטי ואן מלה הולנד,TR,מסטיק מנטוס,גרמים,60.00,100 גרם,false,1,9.90,16.50,true,1,
80854753,false,סוכריות מנטוס מנטה 30 יח' ללא סוכר CLEAN BREATH,פרפטי ואן מלה,NL,סוכריות מנטוס,גרמים,21.00,100 גרם,false,1,6.90,32.86,true,1,
80864295,false,סוכריות פיור וויט טעם מנטה עדינה 60 ג' מנטוס,"פרפטי ואן מלה ג'ידה,סאן",TR,מנטוס פיור וויט,גרמים,60.00,100 גרם,false,1,9.90,16.50,true,1,
80874652,false,קינדר קארדס 120 גרם - בודד,פררו,IT,קינדר קארדס,גרמים,26.00,100 גרם,false,1,3.90,15.00,true,1,
80896081,false,מנטוס בקבוק מעוגל - מסטיק ללא סוכר בטעם אבטיח 60 גרם,"פרפטי ואן מלה ג'\ידה,סאן",TR,מנטוס בקבוק,גרמים,60.00,100 גרם,false,1,9.90,16.50,true,1,
80913467,false,מנטוס בקבוק מעוגל - מסטיק ללא סוכר בטעם מנטה,פרפטי ואן מלה הולנד,TR,מסטיק מנטוס,גרמים,60.00,100 גרם,false,1,9.90,16.50,true,1,
80936848,false,סוכריות טיק טק תות שדה 24 יח',ליימן-שליסל,ZA,טיק טק תות שדה,גרמים,16.00,100 גרם,false,0,3.30,20.63,true,1,
80945468,false,סוכריות פיור וויט טעם מנטה מתוקה 60 ג' מנטוס,"פרפטי ואן מלה ג'ידה,סאן",TR,מנטוס פיור וויט,גרמים,60.00,100 גרם,false,1,9.90,16.50,true,1,
80977070,false,מנטוס מסטיק בקופסה בטעם פירות טרופיים,פרפטי ואן מלה ברדה,TR,מסטיק מנטוס,גרמים,28.00,100 גרם,false,1,4.30,15.36,true,1,
80979128,false,מנטוס מסטיק בקבוק מעוגל בטעם דובדבן,פרפטי ואן מלה הולנד,TR,מסטיק מנטוס,גרמים,60.00,100 גרם,false,1,9.90,16.50,true,1,
80982470,false,מסטיק מנטוס פיור פרוסט בטעם מנטה חזק 60 גר',פרפטי ואן מלה ברדה,TR,מסטיק מנטוס,גרמים,60.00,100 גרם,false,1,9.90,16.50,true,1,
80986348,false,סוכריות פיור וויט טעם מנטה 60 ג' מנטוס,"פרפטי ואן מלה ג'ידה,סאן",TR,מנטוס פיור וויט,גרמים,60.00,100 גרם,false,1,9.90,16.50,true,1,
87108538,false,סוכריות בטעם תות מנטוס 37.5 גרם,הדקלאים אגודת שיתופי,NL,מנטוס תות,גרמים,37.00,100 גרם,false,0,3.50,9.46,true,1,
87108651,false,סוכריות בטעם מנטה מנטוס 4*37.5 גרם,הדקלאים אגודת שיתופי,NL,מנטוס מנטה 4 יח',גרמים,150.00,100 גרם,false,0,11.30,7.53,true,1,
87108712,false,סוכריות בטעם פירות מנטוס 4*37.5 גרם,פרפטי ואן מלה ברדה,NL,מנטוס פירות 4,גרמים,150.00,100 גרם,false,0,11.30,7.53,true,1,
90087066,true,מיץ 100% תפוזים 1 ליטר,ראוך פרוכטסאפטה,HU,מיץ תפוזים,ליטרים,1.00,ליטר,false,0,11.20,11.20,true,1,
90087271,true,נקטר אוכמניות שחורות 1ל,תומר,HU,נקטר דומדמניות,ליטרים,1.00,ליטר,false,0,11.20,11.20,true,1,
90087974,true,"חומץ טבעי מתפוחים 750מ""ל",GMBH FRUCHTSAFTE RAUCH,AT,חומץ תפוחי עץ,מיליליטרים,750.00,"100 מ""ל",false,0,13.90,1.85,true,1,
90162602,true,רד בול משקה אנרגיה פח250,רד בול ג'\י.אם.בי. אץ'\,AT,רד בול,מיליליטרים,250.00,"100 מ""ל",false,0,7.20,2.88,true,1,
96130339,true,דאו.דאב 0% אלומיניום 50מ,"יוניליוור אנגליה, דרך קו",IT,דאודורנט דאב,מיליליטרים,50.00,"100 מ""ל",false,1,14.90,29.80,true,1,
96137130,true,דאב רולאון ניחוח אגס50מל,"יוניליוור אנגליה, דרך קו",GB,דאב רולאון,מיליליטרים,50.00,"100 מ""ל",false,1,14.90,29.80,true,1,
8112100298,false,"שמן שומשום טהור מזרח ומערב 185 מ""ל",Flavor full foods in,TW,שמן שומשום,מיליליטרים,185.00,"100 מ""ל",false,0,14.90,8.05,true,1,
10900634069,false,XL דיימונד שקיות אשפה חזקות במיוחד 8 יח,דיימונד,ZA,שקיות אשפה XL,יחידה,1.00,יחידה,false,1,15.90,15.90,true,1,
11182700954,false,קינג קול שעועית שחורה 439 גרם,האנאובר פודס קורפורשיין,US,שעועית שחורה439ג,גרמים,439.00,100 גרם,false,1,9.90,2.26,true,1,
11210000032,false,"רוטב טבסקו משפחתי 360מ""ל",מקאילהייני Mc.Ilhenn,US,רוטב טבסקו,מיליליטרים,360.00,"100 מ""ל",false,0,49.90,13.86,true,1,
11210000094,false,"רוטב ""טבסקו"" על בסיס פלפל אדום 60 מ""ל",מקאילהייני אייבורי,US,רוטב טבסקו,מיליליטרים,60.00,"100 מ""ל",false,0,10.90,18.17,true,1,
11210002500,false,"רוטב טבסקו באפאלו 150 מ""ל","ניצן מותגי מזון בע""מ",US,טבסקו חריף באפאל,מיליליטרים,150.00,"100 מ""ל",false,0,23.10,15.40,true,1,
11210006508,false,רוטב פלפל הבנרו חריף טבסקו 60 מל,מקאילהייני Mc.Ilhenn,US,טבסקו אקסטרה,מיליליטרים,60.00,"100 מ""ל",false,0,15.70,26.17,true,1,
11210009387,false,"רוטב ""טבסקו"" על בסיס פלפל ירוק חריף 60 מ""ל",מקאילהייני אייבורי,US,רוטב טבסקו ירוק,מיליליטרים,60.00,"100 מ""ל",false,0,10.90,18.17,true,1,
11210698055,false,רוטב טבסקו סרירציה 566 גרם,מק. אילהיני קו,US,רוטב טבסקו,מיליליטרים,566.00,"100 מ""ל",false,1,27.90,4.93,true,1,
12300119139,false,סיגריות וינסטון כחול בוקס 1/10,Unknown,CH,וינסטון כחול קצר,יחידה,1.00,יחידה,false,0,318.00,318.00,false,1,
16000185517,false,דגני בוקר פייבר וואן עתירי סובין FIBRE1,בטר אנד דיפרנט,US,דגני פייבר וואן,גרמים,555.00,100 גרם,false,1,21.90,3.95,true,1,
16000423534,false,חטיפי גרנולה קראנצ'י עם שיבולת שועל ושוקולד מריר נייצ'ר ואלי 5*42 גרם,ג'נרל מילס סאן אדריאן,ES,חטיף נייצ'ר ואלי,גרמים,210.00,100 גרם,false,0,19.90,9.48,true,1,
16000548404,false,חטיפי גרנולה קראנצ'י עם שיבולת שועל ודבש נייצ'ר ואלי 5*42 גרם,ג'נרל מילס סאן אדריאן,ES,חטיף נייטשר ואלי,גרמים,210.00,100 גרם,false,0,19.90,9.48,true,1,
16000548503,false,חטיפי גרנולה קראנצ'י עם מייפל וסוכר חום נייצ'ר ואלי 5*42 גרם,ג'נרל מילס סאן אדריאן,ES,חטיף נייטשר ואלי,גרמים,210.00,100 גרם,false,0,19.90,9.48,true,1,
16000548602,false,חטיפי גרנולה קראנצ'י קינמון נייצ'ר ואלי 5*24 גרם,ג'נרל מילס סאן אדריאן,ES,חטיף נייטשר ואלי,גרמים,210.00,100 גרם,false,0,19.90,9.48,true,1,
16000548909,false,חטיפי גרנולה קראנצ'י במגוון טעמים נייצ'ר ואלי 5*42 גרם,ג'נרל מילס סאן אדריאן,ES,חטיף נייטשר ואלי,גרמים,210.00,100 גרם,false,0,19.90,9.48,true,1,
16229917593,false,מי קוקוס 100% פוקו 3,ויט וורלד קומפני,VN,מי קוקוס,מיליליטרים,330.00,"100 מ""ל",false,1,9.90,3.00,true,1,
16229917616,false,"מי קוקוס + גויאבה 330מ""ל",ויט וורלד קומפני,VN,מי קוקוס+גויאבה,מיליליטרים,330.00,"100 מ""ל",false,1,9.90,3.00,true,1,
16229917647,false,"מי קוקוס בתוספת מנגו 330 מ""ל",ויט וורלד קומפני,VN,מי קוקוס+מנגו,מיליליטרים,330.00,"100 מ""ל",false,1,9.90,3.00,true,1,
16229917654,false,"מי קוקוס בתוספת ליצי 330 מ""ל",ויט וורלד קומפני,VN,מי קוקוס+ליצ'י,מיליליטרים,330.00,"100 מ""ל",false,1,9.90,3.00,true,1,
18000701223,false,"פילסברי, עוגה בטעם שוקולד, תערובת להכנת עוגה בטעם שוקולד. 500 גרם",הדקלאים אגודת שיתופי,IL,תערובת לעוגה,גרמים,500.00,100 גרם,false,0,17.90,3.58,true,1,
18000703517,false,"פילסברי, עוגה בטעם שוקולד וניל, תערובת להכנת עוגה בטעם וניל. 550 גרם.",הדקלאים אגודת שיתופי,IL,תערובת לעוגה,גרמים,550.00,100 גרם,false,0,17.90,3.25,true,1,
18000766413,false,"פילסברי, עוגה בטעם שוקולד, תערובת להכנת עוגה בטעם שוקולד. 550 גרם.",הדקלאים אגודת שיתופי,IL,תערובת לעוגה,גרמים,550.00,100 גרם,false,0,17.90,3.25,true,1,
21723339994,false,"רוטב דגים 300מ""ל (טיפרוס) (כ)",טאנג סאנג ראר קי,TH,רוטב דגים,גרמים,300.00,100 גרם,false,0,9.90,3.30,true,1,
22200956932,false,דאודורנט ספיד סטיק גל 24/7 כחול 85 גר,הנסיך- מפעל לייצור ט,US,דאודורנט ג'ל,גרמים,85.00,100 גרם,false,0,16.90,19.88,true,1,
22200956949,false,דאודורנט ג'ל כתום לגבר ספיד סטיק 85 גרם,קולגייט-פלמוליב,US,דאודורנט,גרמים,85.00,100 גרם,false,0,16.90,19.88,true,1,
25675120006,false,חמצוצים 4 צבעים טעמים טבעי 100 גרם,פאסין ב.ו,NL,חמצוצים,גרמים,100.00,100 גרם,false,0,8.90,8.90,true,1,
25675120020,false,סאוור סטיקס Sour Sticks בטעם אוכמניות,פשקס קנדי,NL,חמצוצים פטל,גרמים,100.00,100 גרם,false,0,8.90,8.90,true,1,
25675120037,false,מקלות חמצוצים תות פשקז 100 גרם,פשקס קנדי,NL,חמצוצים תות,גרמים,100.00,100 גרם,false,0,8.90,8.90,true,1,
25675120068,false,מקלות חמצוצים בטעם קולה פשקז 100 גרם,פשקז Paskesz,NL,חמצוצים קולה,גרמים,100.00,100 גרם,false,0,8.90,8.90,true,1,
25700005681,false,זיפלוק שקיות אחסון סליידר בינוניות 20 יחידות,אס.סי גונוסון,US,שקיות אחסון,יחידה,1.00,יחידה,false,1,15.90,15.90,true,1,
31290140190,false,גודייבה אצבעות שוקולד מריר עם נגיעות מלח ים 90 גרם,"אולקר מקבוצת פלאדיס, ציק",TR,שוקולד גודייבה,גרמים,90.00,100 גרם,false,1,14.90,16.56,true,1,
33200147701,false,פרש&סופט דפים למייבש בניחוח טרופי 100 יח,פרש אנד סופט Frash'n soft,US,דפים למייבש,יחידה,1.00,יחידה,false,0,24.90,24.90,true,1,
34000148301,false,הרשי נטיפי שוקולד מריר לאפייה 340 גר,ליימן מותגים,US,נטיפי שוקולד מרי,גרמים,340.00,100 גרם,false,1,18.90,5.56,true,1,
34000312177,false,הרשי סירופ בטעם שוקולד 680 גרם,ליימן מותגים,US,סירופ שוקולד,גרמים,680.00,100 גרם,false,0,19.30,2.84,true,1,
35000458476,false,קולגייט מברשת שיניים ילדים מארז רביעייה,קולגייט פלמוליב,VN,מברשת קולגייט,יחידה,1.00,יחידה,false,1,19.90,19.90,true,1,
35000689535,false,מברשת שיניים קולגייט מקס וייט סופט זוג,קולגייט-פלמוליב,CN,מברשות שיניים2X,יחידה,1.00,יחידה,false,0,19.90,19.90,true,1,
36000516876,false,ממחטות נייר קלינקס לושן 3 שכבות 75 דף,חוגלה קימברלי,US,קלינקס לושן,יחידה,1.00,יחידה,false,1,10.90,10.90,true,1,
36000516890,false,קלינקס לושן שלוש שכבות 120 יחידות,חוגלה קימברלי,US,קלינקס לושן,יחידה,1.00,יחידה,false,1,17.90,17.90,true,1,
37600207188,false,חמאת בוטנים קלאסי סקיפי 462 גרם,חברת המזון אלגוד,US,חמאת בוטנים,גרמים,462.00,100 גרם,false,0,18.50,4.00,true,1,
37600207256,false,חמאת בוטנים סקיפי עם שברי בוטנים 462 גרם,חברת המזון אלגוד,US,חמאת בוטנים,גרמים,462.00,100 גרם,false,0,18.50,4.00,true,1,
38000138638,false,חטיף צ'יפס פרינגלס פיצה 158 גרם,פרינגלס מנופקצ'ורינג קונ,US,פרינגלס פיצה,גרמים,158.00,100 גרם,false,1,8.90,5.63,true,1,
38000169663,false,פרינגלס אורגינל מגה 194 גר',פרינגלס מניופקצ'\ורינג ק,US,פרינגלס אורגינל,גרמים,194.00,100 גרם,false,1,10.90,5.62,true,1,
38000232152,false,פרינגלס חטיפי תפוח אדמה בטעם ברביקיו 158 גרם,פרינגלס מנופקצ'ורינג קומ,US,פרינגלס ברביקיו,גרמים,158.00,100 גרם,false,1,8.90,5.63,true,1,
38000232169,false,פרינגלס מידי אורגינל 67 גרם.,פרינגלס מנופקצ'ורינג קונ,US,פרינגלס אורגינל,גרמים,67.00,100 גרם,false,1,5.50,8.21,true,1,
38000232176,false,פרינגלס ביג שמנת בצל 158 גרם,פרינגלס מנופקצ'ורינג קונ,US,פרינגלס שמנת בצל,גרמים,158.00,100 גרם,false,1,8.90,5.63,true,1,
38000232183,false,פרינגלס ביג אורגינל 149 גרם,פרינגלס מנופקצ'ורינג קונ,US,פרינגלס אורגינל,גרמים,149.00,100 גרם,false,1,8.90,5.97,true,1,
38000845253,false,חטיף צ'יפס פרינגלס מידי שמנת בצל 71 גרם,פרינגלס מנופקצ'ורינג קונ,US,פרינגלס שמנת בצל,גרמים,71.00,100 גרם,false,1,5.50,7.75,true,1,
38527591053,false,קואקר דגנים מרובעים שיבולת שועל וקינמון,קוואקר אוטס קומפני,US,דגנים מרובעים,גרמים,412.00,100 גרם,false,0,16.90,4.10,true,1,
38527591060,false,דגני קוואקר מרובעים Quaker Squares עם סוכר חום,קוואקר אוטס קומפני,US,דגנים מרובעים,גרמים,412.00,100 גרם,false,0,16.90,4.10,true,1,
40000512943,false,סוכריות אם אנד אמס M&M שוקולד חלב,M&M אם אנד אם,US,עדשים מ&מ'ס,גרמים,303.00,100 גרם,false,1,21.90,7.23,true,1,
40000514480,false,M&M אריזה קטנה's שוקולד אריזה קטנה 48 גרם,M&M אם אנד אם,US,עדשי מ&מ'ס,גרמים,48.00,100 גרם,false,1,5.00,10.42,true,1,
40000514510,false,M&M אריזה קטנה's בוטנים אריזה קטנה 49 גרם,M&M אם אנד אם,US,עדשי מ&מ'ס,גרמים,49.00,100 גרם,false,1,5.00,10.20,true,1,
41390001079,false,"רוטב סויה מופחת נתרן קיקומן 444 מ""ל",קיקומן פודז אינק,US,רוטב סויה,מיליליטרים,444.00,"100 מ""ל",false,0,19.90,4.48,true,1,
46214731552,false,עוגיות שוקולד צ'יפס 37% גודיס 225 גרם,קריניציה ויטמינה אס,NL,עוגיות ש.צ'יפס,גרמים,225.00,100 גרם,false,0,8.90,3.96,true,1,
50000084500,false,מזון יבש לחתול בטעם נתחי ברביקיו פריסקיז Friskies,נסטלה פורינה USA מק,US,פריסקיז לחתול,קילוגרמים,1.43,"ק""ג",false,0,38.00,26.57,true,1,
50000225224,false,מזול חתולים פריסקיז פילה הודו ברוטב 156 גרם,נסטלה פורינה USA קר,US,פריסקיז הודו,גרמים,156.00,100 גרם,false,1,6.50,4.17,true,1,
50000429042,false,מזון חתולים כבד מעודן ועוף פנסי פיסט 85 גרם,נסטלה פורינה USA ג',US,פנסי פיסט חתול,גרמים,85.00,100 גרם,false,0,5.90,6.94,true,1,
50000429448,false,פריסקיז פנסי פיסט פטה מוס סלמון 85 גרם,נסטלה פורינה USA סט,US,פנסי פיסט לחתול,גרמים,85.00,100 גרם,false,0,5.90,6.94,true,1,
50000429646,false,פריסקיז פנסי פיסט לח דג אוקיאנוס 85 גרם,נסטלה פורינה USA ג',US,פנסי פיסט לחתול,גרמים,85.00,100 גרם,false,0,5.90,6.94,true,1,
50000445691,false,מזול חתולים פריסקיז עוף וסלמון ברוטב 156 גרם,נסטלה פורינה USA קר,US,פריסקיז נתחי עוף,גרמים,156.00,100 גרם,false,0,6.50,4.17,true,1,
50000574438,false,"""פריסקיז פארטי מיקס מעדני ים קראנץ 60 גרם",נסטלה פורינה פטקר ארצות,US,פריסקיז מיקס,גרמים,60.00,100 גרם,false,1,10.90,18.16,true,1,
51500017005,false,סמארקס חמאת בוטנים 454 גר,סמאקרס,US,חמאת בוטנים טבעי,גרמים,454.00,100 גרם,false,1,19.90,4.38,true,1,
52100002453,false,תערובת תיבול לסטייק 96 גר,מקורמיק,US,תערובת תיבול,גרמים,96.00,100 גרם,false,1,19.90,20.73,true,1,
52100006260,false,אבקת שום מקורמיק 88 גרם,מקרומיק,US,אבקת שום,גרמים,88.00,100 גרם,false,1,28.90,32.84,true,1,
52100070735,false,תמצית קוקוס מקורמיק,מקורמיק,US,תמצית קוקוס,מיליליטרים,29.00,"100 מ""ל",false,1,17.90,61.72,true,1,
52100070827,false,תמצית בטעם רום מקורמיק 29 גרם,מקרומיק תבלינים,US,תמצית בטעם רום,מיליליטרים,29.00,"100 מ""ל",false,0,10.90,37.59,true,1,
52100070995,false,תמצית בטעם וניל מקורמיק 59 גרם,מקורמיק,US,תמצית בטעם וניל,מיליליטרים,59.00,"100 מ""ל",false,1,10.90,18.47,true,1,
56594009998,false,ניוואה סבון מוצק מטפח קרם קר רביעייה,ביירסדורף,DE,ניוואה סבון מוצק,גרמים,360.00,100 גרם,false,1,12.90,3.58,true,1,
58449450047,false,דייסת שיבולת שועל תפוח קינמון 400 גרם,נייטשר פאת'\,US,דייסת שב.שועל,גרמים,400.00,100 גרם,false,0,28.30,7.08,true,1,
58449450634,false,"דייסה בטעמים לל""ג אורגני 320 גר",נייטשר פאת'\,US,דייסת אינסטנט,גרמים,320.00,100 גרם,false,1,36.90,11.53,true,1,
58449602187,false,קורנפלקס דבש אורגני,נייטשר פאת'\,US,קורנפלקס בדבש,גרמים,300.00,100 גרם,false,0,23.90,7.97,true,1,
58449620013,false,"natures path פצפוצי אורז מלא אורגני לל""ג 170 גרם",נייטשר פאת',US,פצפוני אורז ללתס,גרמים,170.00,100 גרם,false,1,18.90,11.12,true,1,
58449770206,false,הריטאג מולטיגריין 375 גרם,נייטשר פאת'\,GB,דגני בוקר,גרמים,375.00,100 גרם,false,0,23.50,6.27,true,1,
58449779032,false,דגני טבעות תירס ואורז מלא 325 גר WHOLE,נאטשר פאת פוד,US,טבעות תירס ואורז,גרמים,325.00,100 גרם,false,0,23.90,7.35,true,1,
58449860020,false,"גורחלה מאנצ' דגני בוקר natures path לל""ג 284 גרם",נאטשר פאת פוד,US,גורילה דגני בוקר,גרמים,400.00,100 גרם,false,0,23.90,5.98,true,1,
58449860037,false,"קואלה קריספי דגני בוקר natures path לל""ג 325 גרם",נאטשר פאת פוד,US,דגני בוקר,גרמים,326.00,100 גרם,false,0,23.90,7.33,true,1,
64144090013,false,פאם תרסיס על בסיס שמן קנולה בטעם חמאה,קונאגרה פודס,US,תרסיס שמן,מיליליטרים,148.00,"100 מ""ל",false,0,17.90,12.09,true,1,
64144090051,false,"ספריי שמן PAM קנולה אורגינל 148 מ""ל",קונאגרה פודס,US,תרסיס שמן קנולה,מיליליטרים,148.00,"100 מ""ל",false,0,17.90,12.09,true,1,
70177077563,false,תה ארל גריי 25 שקיות טוינינגס 50 גר,אר. טווינינגס אנד קומפני,PL,תה ארל גריי,גרמים,50.00,100 גרם,false,1,18.90,37.80,true,1,
70177077693,false,תה אנגליש ברקפסט 25 שקיות טוינינגס 50 גר,אר. טווינינגס אנד קומפני,PL,תה אינגליש ברקפס,גרמים,50.00,100 גרם,false,1,18.90,37.80,true,1,
70177078904,false,תה אנגליש ברקפסט 50 שקיות טוינינגס,אר. טווינינגס אנד קומפני,PL,תה אינגליש ברקפס,גרמים,100.00,100 גרם,false,1,27.90,27.90,true,1,
70177078966,false,תה ארל גריי 50 שקיות טוינינגס,אר. טווינינגס אנד קומפני,PL,תה ארל גריי,גרמים,100.00,100 גרם,false,1,27.90,27.90,true,1,
70177086664,false,תה ירוק טהור 25 שק TWININGS,אר. טווינינגס אנד קומפני,PL,תה ירוק טהור,גרמים,50.00,100 גרם,false,1,20.90,41.80,true,1,
70177173166,false,תה יסמין ירוק 25 שקיקים TWININGS,אר. טווינינגס אנד קומפני,PL,תה ירוק יסמין,גרמים,45.00,100 גרם,false,1,20.90,46.44,true,1,
70177173203,false,תה ירוק עם מנטה 25 שק. טוינינגס,אר. טווינינגס אנד קומפני,PL,תה ירוק מנטה,גרמים,38.00,100 גרם,false,1,20.90,55.00,true,1,
70177177669,false,חליטה למון גינגר 30 גרם טווינינג,אר. טווינינגס אנד קומפני,PL,חליטת למון+גינגר,גרמים,30.00,100 גרם,false,1,17.90,59.67,true,1,
70177177683,false,חליטה קמומיל האני 30 גרם טווינינג,אר. טווינינגס אנד קומפני,PL,חליטת קמומיל+דבש,גרמים,30.00,100 גרם,false,1,17.90,59.67,true,1,
70177177737,false,חליטה פיור קמומיל 20 גרם טווינינג,אר. טווינינגס אנד קומפני,PL,חליטת קמומיל,גרמים,20.00,100 גרם,false,1,17.90,89.50,true,1,
70177273330,false,חליטת ורבנה 37.5 גרם טווינינג,טווינינג,PL,חליטת לואיזה,גרמים,30.00,100 גרם,false,1,17.90,59.67,true,1,
72600062306,false,חטיף הר פודס בטעם גבינה 198 גרם,הר פודס,US,חטיף תירס גבינה,גרמים,198.00,100 גרם,false,1,21.90,11.06,true,1,
75810021354,false,"רוטב סויה סאן גיי תמרי 592 מ""ל ללא גלוטן",סאן-ג'י,US,רוטב סויה תמרי,מיליליטרים,592.00,"100 מ""ל",false,0,39.00,6.59,true,1,
76840002542,false,"גלידת בן & ג'ריס פיינט נטפליקס וצ'ילד 500מ""ל",מוצרי איכות אמריקאיים בע,IL,גלידת נטפליקס צי,מיליליטרים,500.00,"100 מ""ל",false,1,19.90,3.98,true,1,
76840100156,false,"בן אנד גריס גלידת צרי גרסיה 500 מ""ל",מוצרי איכות אמריקאיים בע,IL,גלידה צ'רי גרסיה,מיליליטרים,500.00,"100 מ""ל",false,0,19.90,3.98,true,1,
76840100583,false,גלידה וניל +בצק עוגיות ושוקולד צי'פס 473ג,מוצרי איכות אמריקאיים בע,IL,גל.בןאנדג'ריס,מיליליטרים,473.00,"100 מ""ל",false,0,19.90,4.21,true,1,
76840400218,false,"גלידה בן&ג'ריס תות שדה ועוגת גבינה 500מ""ל",מוצרי איכות אמריקאיים בע,IL,גל.עוגת גבינ.תות,גרמים,420.00,100 גרם,false,0,19.90,4.74,true,1,
77245110610,false,סוכריות מאסט ללא סוכר בטעם מנטה 80 ג'עלית,MIESZKO S.A - MS. JO,PL,סוכריות מאסט,גרמים,80.00,100 גרם,false,0,7.50,9.38,true,1,
77975010167,false,סניידרס חטיף מקלוני חיטה בתוספת דבש 340.2 גרם,סניידרס אוף האנובר,US,מקלוני חיטה,גרמים,340.00,100 גרם,false,1,16.90,4.97,true,1,
77975036983,false,סלסה מטבל עגבניות חריף 439 גר סניידרס,סניידרס אוף האנובר,US,מתבל עגבניות,גרמים,439.00,100 גרם,false,1,13.90,3.17,true,1,
77975094624,false,"סניידרס סנדוויץ בייגלה במילוי חמאת בוטנים , 226 ג'",סניידרס Snyder's,US,שברי בייגלה,גרמים,280.00,100 גרם,false,1,16.90,6.04,true,1,
77975094631,false,סניידרס סנדוויץ' בייגלה במילוי קרם בטעם צ'דר 226 גרם,ליימן מותגים,US,בייגלה סניידרס,גרמים,226.00,100 גרם,false,1,16.90,7.48,true,1,
77975094761,false,סניידרס חטיפים על בסיס קמח חיטה בטעם גבינת צ'דר,סניידרס אוף האנובר,US,חטיף סניידרס,גרמים,340.00,100 גרם,false,1,16.90,4.97,true,1,
77975094778,false,סניידרס שברי בייגל בטעם דבש וחרדל 340 גר,סניידרס אוף האנובר,US,סניידרס דבש חרדל,גרמים,340.00,100 גרם,false,1,16.90,4.97,true,1,
84213017475,false,מסטמכר מיסלי אורגני עם פירות יבשים 500 גרם,מסטמכר Mestemacher,DE,מיסלי פירות,גרמים,500.00,100 גרם,false,0,19.20,3.84,true,1,
84213017499,false,מסטמכר מיסלי אורגני עם פירות יער 500 גרם,מרום את קונפינו,DE,מיסלי אורגני,גרמים,500.00,100 גרם,false,0,19.20,3.84,true,1,
85696608037,false,טופו רך ללא גלוטן 340ג' (כ) Morinaga,Morinaga NUTRITIONAL,US,טופו רך,גרמים,340.00,100 גרם,false,0,12.80,3.76,true,1,
85696608044,false,טופו ללא גלוטן 349ג' (כ) Morinaga,Morinaga nutritional,US,טופו ללא גלוטן,גרמים,340.00,100 גרם,false,0,12.80,3.76,true,1,
87752016206,false,בורדו שאטו לה ריגאן אדום,שאטו לה ריגאן,FR,יין בורדו,מיליליטרים,750.00,"100 מ""ל",false,1,59.90,7.99,true,1,
87752026892,false,ברטנורא מוסקטו מבעבע250מ,ארלדיקה,IT,ברטנורא מוסקטו,מיליליטרים,250.00,"100 מ""ל",false,1,17.90,7.16,true,1,
87752028711,false,ברטנורא רוזטו מבעבע250מל,ארלדיקה,IT,רוזטו מבעבע פחית,מיליליטרים,250.00,"100 מ""ל",false,1,17.90,7.16,true,1,
89397344300,false,דיניקולה רוטב פסטה עגבניות ובזיל 680 גרם,ג'יאובני פוד אינק,US,רוטב פסטה,גרמים,737.00,100 גרם,false,0,16.90,2.29,true,1,
96086000577,false,קרקר כוסמת אורגני 200 גרם,מצות אביב 2014 מאפה בעמ,IL,קרקר כוסמין,גרמים,200.00,100 גרם,false,0,12.50,6.25,true,1,
96086000829,false,קיטו נודלס אטריות מלבבות דקל 255 גר,אינדוסטריה אגריקולה אקספ,EC,קיטו נודלס,גרמים,255.00,100 גרם,false,1,19.90,7.80,true,1,
96086000966,false,"קרקר כוסמין מלא ושומשום 200 גר' ""אביב""",מצות אביב,IL,קרקר כוסמין,גרמים,200.00,100 גרם,false,0,12.50,6.25,true,1,
96086001512,false,"עוגיות קלות ללת""ס בטעם לימון 200 גר",מצות אביב 2014 מאפה בעמ,IL,עוגיות לימון,גרמים,200.00,100 גרם,false,0,14.30,7.15,true,1,
96086001536,false,"עוגיות קלות ללת""סבטעם וניל 200 גר",מצות אביב 2014 מאפה בעמ,IL,עוגיות וניל,גרמים,200.00,100 גרם,false,0,14.30,7.15,true,1,
96086001789,false,קרקר ביס מקמח כוסמין אורגני 150 גרם,מצות אביב 2014 מאפה בעמ,IL,קרקר ביס כוסמין,גרמים,150.00,100 גרם,false,1,13.90,9.27,true,1,
305213079004,false,"תחליב גוף להזנה עמוקה צהוב וזלין 600 מ""ל","יוניליוור, ג'פרסון סיטי,",US,קרם גוף ואלין,מיליליטרים,600.00,"100 מ""ל",false,1,19.90,3.32,true,1,
308910525744,false,אטריות אורז דקות 454 גרם ורמיצ'לי (כ),ליאן תאי רייס,TH,איטריות אורז,גרמים,454.00,100 גרם,false,0,10.90,2.40,true,1,
605453120277,false,מקלות סורימי קפוא 454 גרם,אל.אם פודס,US,מקלות סורימי,גרמים,454.00,100 גרם,false,1,34.90,7.69,true,1,
605453520961,false,סורימי דליקטס שרימפס 300 גר,אל.אם פודס,US,סורימי דליקטס,גרמים,300.00,100 גרם,false,1,34.90,11.63,true,1,
605453620753,false,חתיכות סורימי קפוא 454 גרם,.,US,חתיכות סורימי,גרמים,454.00,100 גרם,false,1,34.90,7.69,true,1,
608614255535,false,פופקורנס בטעם קרמל מלוח 50 גרם,מג'\יקס סום תעשיות מזון,IL,פופקורנס קרמל,גרמים,50.00,100 גרם,false,1,4.90,9.80,true,1,
608614336791,false,סחלב זוגות יחידה,קטיף.,IL,סחלב זוגות,יחידה,1.00,יחידה,false,1,95.00,95.00,true,1,
608614337002,false,ניצנית ע12. יחידה,משתלת נאמן,IL,ניצנית ע12.,יחידה,1.00,יחידה,false,1,25.00,25.00,true,1,
613008753320,false,"אריזונה ג'ינסנג ודבש בקבוק 450 מ""ל.",אריזונה Arizona,BG,אריזונה ג'ינסנג,מיליליטרים,450.00,"100 מ""ל",false,1,8.50,1.89,true,1,
621683920555,false,טינקיאדה אלבו פסטה ארוז ללא גלוטן 454 גר,,CA,פסטה ללא גלוטן,גרמים,454.00,100 גרם,false,0,22.90,5.04,true,1,
621683920654,false,פוזילי אורז חום ללא גלוטן ול. חיטה 454 ג,,CA,פסטה אורז פוסילי,גרמים,454.00,100 גרם,false,0,22.90,5.04,true,1,
621683921255,false,טינקיאדה ספירל פסטה ארוז ללא גלוטן 454,,CA,פסטה אורז ספירלה,גרמים,454.00,100 גרם,false,0,22.90,5.04,true,1,
628154383659,false,דגני בוקר פרוטי פבלס פוסט 311 גרם,פוסט ארצות הברית,US,דגני פרוטי פבלס,גרמים,311.00,100 גרם,false,1,21.90,7.04,true,1,
638102201010,false,חטיף על בסיס חלבון סויה שוקולד וחמאת בוטנים,"אבוט נוטרישן, מעבדות",US,חטיף זון בוטנים,גרמים,50.00,100 גרם,false,0,10.00,20.00,true,1,
638102201416,false,זון פרפקט חטיף חלבון בטעם יוגורט תות שדה,"אבוט נוטרישן, מעבדות",US,זון פרוטיפיד,גרמים,50.00,100 גרם,false,0,10.00,20.00,true,1,
638102203090,false,חטיף על בסיס חלבון סויה פאדג' גרהם,"אבוט נוטרישן, מעבדות",US,חטיף זון פאדג,גרמים,50.00,100 גרם,false,0,10.00,20.00,true,1,
638102532817,false,חטיף על בסיס חלבון סויה עם שוקולד מריר,"אבוט נוטרישן, מעבדות",US,חטיף זון דארק,גרמים,45.00,100 גרם,false,0,10.00,22.22,true,1,
638102532848,false,חטיף זון דארק שוקולד שקד 45 גר,סיטי ספורט,US,חטיף זון שוקולד,גרמים,45.00,100 גרם,false,0,10.00,22.22,true,1,
638102582737,false,חטיף זון פרפקט רול קינמון 50 גרם,"אבוט נוטרישן, מעבדות",US,חטיף זון קינמון,גרמים,50.00,100 גרם,false,0,10.00,20.00,true,1,
645173911038,false,קורנישון מלפפוןן מיני 720 גרם - תומר,קלמן אינדיה פי וי סי,IN,מלפפ.קורנישונים,גרמים,670.00,100 גרם,false,0,9.90,1.48,true,1,
649660432020,false,היל וויו שזיפים מיובשים מגולענים 567 גרם,היליו פאקינג קוסמי א,US,שזיף מיובש,גרמים,567.00,100 גרם,false,1,28.90,5.10,true,1,
651080647519,false,קיסמים עם חוט דנטלי פלאקרס מנטה 35 יחידות,"פלקרס רנור ארה""ב",US,קיסם עם חוט,יחידה,1.00,יחידה,false,1,9.90,9.90,true,1,
693493102742,false,דשן לעידוד פריחה יחידה,קטיף.,IL,דשן לעידוד פריחה,יחידה,1.00,יחידה,false,1,29.00,29.00,true,1,
693493102759,false,עץ זית ע12. יחידה,קטיף.,IL,עץ זית ע12.,יחידה,1.00,יחידה,false,1,39.00,39.00,true,1,
693493102766,false,פרח גוזמניה בכלי מהודר,קטיף.,IL,עץ זית ע15.,יחידה,1.00,יחידה,false,1,49.00,49.00,true,1,
693493102780,false,פרח אנטוריום בכלי מהודר,קטיף.,IL,אנטוריום ע15.,יחידה,1.00,יחידה,false,1,69.00,69.00,true,1,
693493102803,false,אנטוריום ק20. יחידה,קטיף.,IL,אנטוריום ק20.,יחידה,1.00,יחידה,false,1,89.00,89.00,true,1,
724049694562,false,"אופוריה אדפ לאשה100מ""ל",,FR,אופוריה 100 לאשה,מיליליטרים,100.00,"100 מ""ל",false,0,159.00,159.00,true,1,
724049694579,false,אופוריה אדט גבר 100 מל,,FR,אופוריה 100 גבר,מיליליטרים,100.00,"100 מ""ל",false,0,129.00,129.00,true,1,
724049696375,false,Edition Gold אדפ יוניס,,AE,Edition Gold אד,מיליליטרים,200.00,"100 מ""ל",false,1,309.00,154.50,true,1,
728229123590,false,טרה אורגינל חטיף על בסיס ירקות שורש בטעם טבעי 110 גרם,הונדורס צ'יפס יצור א,HN,צ'יפס,גרמים,110.00,100 גרם,false,0,15.90,14.45,true,1,
728229123613,false,טרה חטיף על בסיס תפוח אדמה כחול בטעם טבעי 110 גרם,היין סלסטיאל גרופ,US,"צ'יפס תפו""א",גרמים,110.00,100 גרם,false,0,15.90,14.45,true,1,
728229123811,false,טרה חטיף על בסיס ירקות שורש בתיבול ים תיכוני 110 גרם,הונדורס צ'יפס יצור א,HN,צ'יפס מתובל,גרמים,110.00,100 גרם,false,0,15.90,14.45,true,1,
728229124764,false,טרה חטיף על בסיס בטטה עם מלח ים 110 גרם,היין פיוצ'ור נטורל פ,IN,חטיף טרה צ'יפס,גרמים,110.00,100 גרם,false,1,15.90,14.45,true,1,
728229124771,false,טרה חטיף על בסיס בטטה בטעם ברביקיו 110 גרם,היין פיוצ'ור נטורל פ,IN,ציפס טרה בטטה,גרמים,110.00,100 גרם,false,1,15.90,14.45,true,1,
737547486201,false,נקניקיות מרגז טבעוני הקצב הירוק 350 גרם,,IL,מרגז הקצב,גרמים,350.00,100 גרם,false,1,36.90,10.54,true,1,
737547486232,false,טחון טבעוני הקצב הירוק 400 גרם,,IL,טחון הקצב,גרמים,400.00,100 גרם,false,1,31.90,7.98,true,1,
761720988183,false,ארגו אבקת אפיה ללא אלומיניאום 340 גר,איי סי אייץ,US,אבקת אפיה,גרמים,340.00,100 גרם,false,1,21.90,6.44,true,1,
768404001640,false,"גלידה בן&ג'ריס קפה משפחתית 500מ""ל",מוצרי איכות אמריקאיים בע,IL,גלידת בן & ג'ריס,מיליליטרים,500.00,"100 מ""ל",false,0,19.90,3.98,true,1,
769904000997,false,שקדי מרק ללא גלוטן200גרם,דגש- דוכן גן שמואל,IL,"שקדי מרק לל""ג",גרמים,200.00,100 גרם,false,0,15.90,7.95,true,1,
770009011924,false,ניירות אפייה 100% טבעי 24 יח,Source Atlantique,IL,100% נייר אפייה,יחידה,1.00,יחידה,false,0,22.40,22.40,true,1,
786150000281,false,"שישייה בירה לף בראון בקבוק 330X6 מ""ל","אינבב, ברוורייפליין",BE,בירה לף בראון6יח,ליטרים,1.98,ליטר,false,1,44.90,22.67,true,1,
801541070435,false,טולסי ירוק קלאסי 25שק,אורגניק אינדיה,IN,חליטת טולסי,גרמים,47.00,100 גרם,false,1,16.90,35.96,true,1,
801541080434,false,תה טולסי צ'אי מסאלה 25שק,אורגניק אינדיה,IN,חליטת טולסי,גרמים,52.00,100 גרם,false,1,16.90,32.50,true,1,
801541500086,false,טולסי לימון+ג'ינג'ר25,אורגניק אינדיה,IN,חליטת טולסי,גרמים,50.00,100 גרם,false,0,16.90,33.80,true,1,
801541508402,false,טולסי דבש קמומיל 25 ש,אורגניק אינדיה,IN,חליטת טולסי,גרמים,42.00,100 גרם,false,1,16.90,40.24,true,1,
801541514243,false,חליטת טולסי יסמי 1.7*25ג,אורגניק אינדיה,IN,חליטת יסמין,יחידה,1.00,יחידה,false,1,16.90,16.90,true,1,
801541514274,false,תה טולסי קינמון ורדים25ש,אורגניק אינדיה,IN,תה טולסי 25 שק.,יחידה,1.00,יחידה,false,1,16.90,16.90,true,1,
812130020496,false,טרוביה- סטיביה תערובת סוכר חום- 510ג',,US,סטיביה סוכר חום,גרמים,510.00,100 גרם,false,1,34.90,6.84,true,1,
833949000264,false,"סירופ מייפל אמיתי 100% אורגני 250 מ""ל",דיקסר קוויבק,CA,סירופ מייפל,מיליליטרים,250.00,"100 מ""ל",false,0,29.90,11.96,true,1,
833949000295,false,סירופ מייפל אמיתי 100% אורגני 1 ליטר,דיקסר,CA,סירופ מייפל אמית,ליטרים,1.00,ליטר,false,1,119.00,119.00,true,1,
835811007494,false,גלטין טהור מדגים 2 יח` 14 X גר`,גואנגדונג מיניאנג,TW,ג'לטין טהור,גרמים,28.00,100 גרם,false,0,9.80,35.00,true,1,
839762000658,false,איילנד גויאבה המשקה של חופי סיני 1 ליטר,The Egyptian Co. for,EG,נקטר איילנד,ליטרים,1.00,ליטר,false,0,11.50,11.50,true,1,
842515006722,false,משמשים מיובשים בשמש אורגני - 250 גרם,קיי.אפ.סי,TR,משמשים מיובשים,גרמים,250.00,100 גרם,false,1,28.90,11.56,true,1,
842515010125,false,משמשים מיובשים בשמש אורגני - 250 גרם,קיי.אפ.סי,TR,תאנים מיובשות,גרמים,250.00,100 גרם,false,1,28.90,11.56,true,1,
842515020155,false,צימוקים סולטנה מיובשים בשמש אורגני 250 ג,קיי.אפ.סי,TR,צימוקים סולטנה,גרמים,250.00,100 גרם,false,1,26.90,10.76,true,1,
848039007610,false,עציץ בד ירוק,USA Pouch Root,US,עציץ בד ירוק,ליטרים,0.01,ליטר,false,1,14.90,1490.00,true,1,
850004207789,false,בשר מיטבולס 290 ג' ביונד מיט,תאי פרזידנט פוד פאבל,US,מיטבולס ביונד מי,גרמים,290.00,100 גרם,false,1,38.90,13.41,true,1,
851621000050,false,בירה חיטה בטעם הדרים 1664 בלאנק - שישייה,קרלסברג ספליי קומפאני פו,PL,בירה בלאנק 6 יח,ליטרים,1.98,ליטר,false,1,49.90,25.20,true,1,
852629004774,false,רביעיית נקניקיות ביונד מיט 400 גרם,סווג ריבר ביונד מיט ארהב,US,רביעיית נקניקיות,גרמים,400.00,100 גרם,false,1,35.90,8.98,true,1,
854571007070,false,חט.קינואה שוקולד+אוכמנ57,אנדרקובר שוקולד,US,חטיף קינואה,גרמים,57.00,100 גרם,false,1,14.90,26.14,true,1,
855074007086,false,פלפלון ביס בשקית יחידה,קטיף.,IL,פלפלון ביס בשקית,גרמים,200.00,100 גרם,false,1,7.90,3.95,true,1,
856591000055,false,עבאדי עוגיות מזרחיות קריספי 400 גרם,מאפיית יוסף ושמחה עבאדי,IL,עוגיות מזרחיות,גרמים,400.00,100 גרם,false,1,18.90,4.73,true,1,
856591000062,false,עוגיות מזרחיות עם מלח עבאדי 400 גרם,מאפיית יוסף ושמחה עבאדי,IL,עוגיות מזרחיות,גרמים,400.00,100 גרם,false,0,18.90,4.73,true,1,
856591000109,false,עבאדי עוגיות מזרחיות פריך במיוחד 400 גרם,מאפיית יוסף ושמחה עבאדי,IL,עוגיות מזרחיות,גרמים,400.00,100 גרם,false,0,18.90,4.73,true,1,
856591000512,false,עוגיות מזרחיות מקלונים עם שומשום עבאדי 400 גרם,מאפיית יוסף ושמחה עבאדי,IL,עוגיות מזרחיות,גרמים,400.00,100 גרם,false,0,18.90,4.73,true,1,
859547004329,false,ספוג ניקוי צבעוני סקראב דדי Scrub Daddy,סקארקיסט,VN,ספוג ניקוי,יחידה,1.00,יחידה,false,1,17.90,17.90,true,1,
859547004466,false,קירצוף וספוג ניקוי SCRUB DADDY,סקראב דאבי,VN,סקראב מאמי ספוג,יחידה,1.00,יחידה,false,1,17.90,17.90,true,1,
884912002372,false,דגני בוקר גרייט גריינס פוסט453 גרם,פוסט ארצות הברית,US,גרייט גריינס,גרמים,368.00,100 גרם,false,0,25.90,7.04,true,1,
884912126115,false,גרייט גריינס דגני בוקר עם פירות יבשים פוסט 453 גרם,הנסיך- מפעל לייצור ט,US,דגני גרייט גרינס,גרמים,453.00,100 גרם,false,0,25.90,5.72,true,1,
884912129512,false,דגני בוקר קוקו פוסט פלינסטונס 311 גרם,פוסט לקיוויל,US,דגני קוקו פבלס,גרמים,311.00,100 גרם,false,1,21.90,7.04,true,1,
884912342737,false,דגני בוקר קריספי וופל פוסט 326 גרם.,הנסיך- מפעל לייצור ט,US,דגני וופל קריספ,גרמים,326.00,100 גרם,false,1,22.60,6.93,true,1,
884912359155,false,דגני בוקר האני באנצ'ס האני רוסטד פוסט 340 גרם,פוסט ארצות הברית,US,האני באנצס רוסטד,גרמים,340.00,100 גרם,false,1,22.90,6.74,true,1,
884912359162,false,האני באנצ' דגני בוקר עם שקדים פוסט 411 גרם,פוסט ארצות הברית,US,דגני הני בנצ'ס,גרמים,340.00,100 גרם,false,1,22.90,6.74,true,1,
884912359421,false,דגני בוקר האני באנצ'ס מייפל ופקאן פוסט 340 גרם,פוסט ארצות הברית,US,האני באנצס פקאן,גרמים,340.00,100 גרם,false,1,22.90,6.74,true,1,
884912359483,false,דגני בוקר האני באנצ'ס תות פוסט 311 גרם,פוסט ארצות הברית,US,דגני האני בנצ'ס,גרמים,312.00,100 גרם,false,1,22.90,7.34,true,1,
884912365200,false,דגני בוקר אוראו 311 גרם מתכון חדש,פוסט ארצות הברית,US,דגני בוקר אוראו,גרמים,311.00,100 גרם,false,1,23.90,7.68,true,1,
897581000365,false,מרשמלו טבעוני 283 גרם ללא גלוטן,גוד פוד פרודקטס S.p,US,מרשמלו טבעוני,גרמים,283.00,100 גרם,false,1,23.90,8.45,true,1,
898193001252,false,בונומלי - חליטת קמומיל 28 גרם,הייר ליבינג,IT,חליטת קמומיל,גרמים,28.00,100 גרם,false,0,15.60,55.71,true,1,
960860015432,false,"עוגיות קלות ללת""ס קמח מלא 200 גר",מצות אביב 2014 מאפה בעמ,IL,"עוגיות ללת""ס",גרמים,200.00,100 גרם,false,0,14.30,7.15,true,1,
1230000116022,false,ביונד בורגר Beyond Burger - מארז זוג,ביונד מיט קליפורניה ארהב,US,המבורגר ביונד מי,גרמים,226.00,100 גרם,false,1,34.90,15.44,true,1,
3010470155299,false,פריסקיז Friskies פטה בקר וירקות,ניו פטפוד איטליה,IT,פריסקיז פטה בקר,גרמים,400.00,100 גרם,false,1,9.90,2.48,true,1,
3010470158221,false,פריסקיז פ.עוף וירקות400ג,ניו פטפוד איטליה,IT,פריסקיז פטה עוף,גרמים,400.00,100 גרם,false,1,9.90,2.48,true,1,
3014260022730,false,מב.שיניים אדוונטג 40 מדיום אורל בי זוג,פרוקטר אנד גמבל,IE,זוג מברשות,יחידה,1.00,יחידה,false,0,22.90,22.90,true,1,
3014260240226,false,"קצף גילוח ג'ילט לעור רגיש 200 מ""ל",מולינו ניקולי s.p.a,GB,קצף גילוח ג'ילט,מיליליטרים,200.00,"100 מ""ל",false,0,14.90,7.45,true,1,
3014260280772,false,חוט דנטלי ווקס Essential floss,פרוקטר אנד גמבל,IE,חוט דנטלי אורלB-,מטרים,50.00,מטר,false,0,19.40,0.39,true,1,
3014260836665,false,אורל בי פרו אקספרט להגנה מקיפה 35 רך זוג,פרוקטר אנד גמבל,ES,מברשת אורל בי,יחידה,1.00,יחידה,false,1,41.90,41.90,true,1,
3045206360609,false,"דזיטול נוזל מחטא בגדים בכביסה, 1 ליטר",רלוי,ES,מחטא בגדים בכביס,ליטרים,1.00,ליטר,false,1,23.90,23.90,true,1,
3046920010801,false,שוקולד לינדט אקסלנס הזלנט 100 גר',לינדט ושפרונגלי קילשברג,FR,שוקולד אקסלנס,גרמים,100.00,100 גרם,false,1,14.90,14.90,true,1,
3046920028004,false,לינדט שוקולד אקסלנס מריר 70% 100 גר,לינדט ושפרונגלי קילשברג,FR,שוקולד אקסלנס,גרמים,100.00,100 גרם,false,0,14.90,14.90,true,1,
3046920028363,false,לינדט אקסלנס 85% מוצקי קקאו 100 גרם,לינדט ושפרונגלי קילשברג,FR,שוקולד לינדט 85%,גרמים,100.00,100 גרם,false,0,14.90,14.90,true,1,
3046920028752,false,שוקולד לינדט אקסלנס מינט 100 גרם,לינדט ושפרונגלי קילשברג,FR,שוקולד לינדט,גרמים,100.00,100 גרם,false,0,14.90,14.90,true,1,
3046920029674,false,שוקולד לינדט אקסלנס סולט 100 גרם,לינדט ושפרונגלי קילשברג,DE,שוקולד לינדט,גרמים,100.00,100 גרם,false,0,14.90,14.90,true,1,
3046920029681,false,לינדט שוקולד אקסלנס מילד 85% קקאו 100 גר,לינדט ושפרונגלי,DE,שוקולד אקסלנס,גרמים,100.00,100 גרם,false,1,14.90,14.90,true,1,
3046920029759,false,לינדט אקסלנס 90% מוצקי קקאו 100 גרם,לינדט ושפרונגלי קילשברג,DE,שוקולד אקסלנס,גרמים,100.00,100 גרם,false,1,14.90,14.90,true,1,
3059943015104,false,"אירוויק מבשם אויר נטול גז בניחוח פריסיה ויסמין 345 מ""ל",איירוויק Air Wick,PL,אירוויק מבשם,מיליליטרים,345.00,"100 מ""ל",false,0,14.90,4.32,true,1,
3059943015128,false,מבשם אוויר נטול גז אקווה מיסט בניחוח לבנדר פראי ואוויר הרים,הדקלאים אגודת שיתופי,PL,אירוויק מבשם,מיליליטרים,345.00,"100 מ""ל",false,0,14.90,4.32,true,1,
3059943016507,false,"אירוויק ספריי בניחוח לבנדר וקמומיל 240 מ""ל",איירוויק Air Wick,GB,אירויק ספריי,מיליליטרים,240.00,"100 מ""ל",false,0,10.00,4.17,true,1,
3059944021197,false,"ויט קרם להסרת שיער לעור רגיש (אריזת חיסכון) 400 מ""ל",רקיט בנקיזר צרפת,FR,מסיר שיער ויט,מיליליטרים,400.00,"100 מ""ל",false,0,39.90,9.98,true,1,
3068320055008,false,מים מינרלים אוויאן 500 מל,קריניציה ויטמינה אס,FR,מים מינרליים,מיליליטרים,500.00,"100 מ""ל",false,0,7.90,1.58,true,1,
3073781161663,false,גבינה מותכת 18.5% שומן לה וואש קירי,לה וואש קירי La Vache qui rit,FR,לה וואש קירי,גרמים,128.00,100 גרם,false,1,12.90,10.08,true,1,
3073781161687,false,גבינה מותכת לוואש קירי 256 גרם,פרומאג'רי בל דום סאם,FR,לה וואש קירי,גרמים,256.00,100 גרם,false,1,23.90,9.34,true,1,
3073781161700,false,מותכת לה וואש קירי 32יח,פרומאג'רי בל דום סאם,FR,לה וואש קירי,גרמים,480.00,100 גרם,false,1,38.90,8.10,true,1,
3073781162790,false,גבינה מותכת בייבי בל 120 גרם,מחלבות בל,FR,גבינת בייבי בל,גרמים,120.00,100 גרם,false,1,20.90,17.42,true,1,
3073781177220,false,גבינת בייבי בל רול 102 ג,מחלבות בל,FR,גבינת בייבי בל,גרמים,102.00,100 גרם,false,1,20.90,20.49,true,1,
3080216034508,false,"בירה Grimbergen Blonde בודד 330 מ""ל",גרימברגן Grimbergen,,גרימברגן בלונד,יחידה,1.00,יחידה,false,0,10.60,10.60,true,1,
3083681142983,false,שעועית עדינה קפוא,בונדואל פרוספקטיב אנד די,PT,שעועית עדינה קפו,גרמים,600.00,100 גרם,false,1,21.90,3.65,true,1,
3083681143041,false,גרעיני תירס קפואים,בונדואל פרוספקטיב אנד די,PT,גרעיני תירס קפוא,גרמים,600.00,100 גרם,false,1,14.90,2.48,true,1,
3083681143690,false,זוקיני בגריל קפוא 600 ג,בונדואל פרוספקטיב אנד די,PT,זוקיני בגריל קפו,גרמים,600.00,100 גרם,false,1,24.90,4.15,true,1,
3083681143720,false,פלפל קפוא בגריל 600 גרם,בונדואל פרוספקטיב אנד די,PT,פלפלים בגריל,גרמים,600.00,100 גרם,false,1,24.90,4.15,true,1,
3120581456267,false,"שבלי מ.דה ליני לבן יבש 750 מ""ל",מ.דה ליני,FR,שאבלי די ליני,מיליליטרים,750.00,"100 מ""ל",false,1,109.90,14.65,true,1,
3141360054405,false,פיניש מפיץ ריח למדיח בניחוח לימון וליים,הדקלאים אגודת שיתופי,HU,מפיץ ריח למדיח,יחידה,1.00,יחידה,false,1,14.90,14.90,true,1,
3161911229199,false,חמאה צרפתית רכה למריחה אל & ויר 250 גרם,אלל אה וויר,FR,חמאה רכה,גרמים,250.00,100 גרם,false,0,21.00,8.40,true,1,
3161911366429,false,חמאה צרפתית מלוחה רכה למריחה אלוויר 250 גר',אלוויר,FR,חמאה רכה מלוחה,גרמים,250.00,100 גרם,false,0,21.00,8.40,true,1,
3178530402278,false,"עוגיות פצפוצי קרמל, 150 גרם",סן מישל St Michel,FR,ביסקוויט גאלט,גרמים,150.00,100 גרם,false,1,16.90,11.27,true,1,
3178530402353,false,עוגות מיני מדלן קלאסי סאן מישל 175 גרם,סאן מישל ביסוויט,FR,עוגיות מיני מדלן,גרמים,175.00,100 גרם,false,1,11.90,6.80,true,1,
3178530407938,false,עוגיות מיני מדליין עם שוקוצ'יפס סאן מישל 175 גרם,סאן מישל,FR,עוגיות מדלן,גרמים,175.00,100 גרם,false,1,11.90,6.80,true,1,
3178530409673,false,עוגיות פלמיה קרמל 100 גרם,סאן מישל צ'\אמפאגנאק,FR,עוגיות פלמיה קרמ,גרמים,100.00,100 גרם,false,1,14.90,14.90,true,1,
3178530411478,false,ביסקוויטים גאלט עם חמאה ומלח ים,סן מישל St Michel,FR,עוגיות גאלט,גרמים,150.00,100 גרם,false,1,11.90,7.93,true,1,
3178530412703,false,דונאט עם שוקולד 180 גרם סן מישל,סן מישל St Michel,FR,דונאט שיש,גרמים,180.00,100 גרם,false,1,14.90,8.28,true,1,
3178530417340,false,בראוניז שוקולד סנט מישל 210 גרם,סן מישל,FR,בראוניז אישי 7יח,גרמים,210.00,100 גרם,false,1,17.90,8.52,true,1,
3178530417418,false,דונאט עם שוקולד צ'יפס 180 גרם סן מישל,סן מישל St Michel,FR,דונאט שוקולד,גרמים,180.00,100 גרם,false,1,14.90,8.28,true,1,
3228022910023,false,חמאת צרפתית פרזידנט 200 גרם,סוסייטה בארייר דה אי,FR,חמאה פרזידנט,גרמים,200.00,100 גרם,false,0,15.90,7.95,true,1,
3387390320244,false,פיטנס דגני בוקר מחיטה מלאה עם פירות נסטלה 375 גרם,נסטלה צרפת איטנקורט,FR,דגני פיטנס,גרמים,375.00,100 גרם,false,0,19.90,5.31,true,1,
3387390525960,false,קראנץ' דגני בוקר עם שוקולד חלב נסטלה 500 גרם,הנסיך- מפעל לייצור ט,FR,קראנץ דגני בוקר,גרמים,500.00,100 גרם,false,0,22.90,4.58,true,1,
3387390730852,false,פיטנס דגנים מחיטה מלאה ואורז נסטלה 375 גרם,נסטלה צרפת איטנקורט,FR,דגני פיטנס,גרמים,375.00,100 גרם,false,0,19.90,5.31,true,1,
3500610150517,false,שאטו טימברליי בורדו750מל,שאטו בלוו,FR,שאטו בורדו,מיליליטרים,750.00,"100 מ""ל",false,1,85.00,11.33,true,1,
3501271140039,false,טופי חמוצ.ט.פטל קולה150ג,ורקה,FR,טופי חמוץ פטל,גרמים,150.00,100 גרם,false,1,14.90,9.93,true,1,
3501271213047,false,טאטס טופי חמוץ בטעם תות תפוח בשקית,ורקה,FR,טופי חמוץ תפוח,גרמים,150.00,100 גרם,false,1,14.90,9.93,true,1,
3523230026826,false,"גבינת עיזים למריחה פירמידה, 140 גרם",סואניון,FR,גבינת עיזים,גרמים,140.00,100 גרם,false,1,26.90,19.21,true,1,
3523230026888,false,"גבינת עיזים שום ועשבי תיבול למריחה פירמידה, 140 גרם",סואניון SOIGNON,FR,גבינת עיזים שום,גרמים,140.00,100 גרם,false,1,26.90,19.21,true,1,
3563490014898,false,ריין דיז'ון חרדל דיז'ון 265 גרם,ריין דיז'ון reine dijon,FR,חרדל דיז'ון,גרמים,265.00,100 גרם,false,0,11.90,4.49,true,1,
3574660333466,false,טמפונים מיני פרו קומפורט אובה 32 יחידות,הנסיך- מפעל לייצור ט,DE,טמפוני או-בה,יחידה,1.00,יחידה,false,0,24.90,24.90,true,1,
3574660464337,false,מגני תחתון קרפרי נורמל אוורירי מבושם,ג'\ונסון אנד ג'\ונסון,GR,מגן תחתון קרפרי,יחידה,1.00,יחידה,false,0,19.90,19.90,true,1,
3574660464368,false,קרפרי מגן תחתון אוורירי אלוורה 76 יח'',גונסון אנד גונסון,GR,מגן תחתון קרפרי,יחידה,1.00,יחידה,false,0,19.90,19.90,true,1,
3574660514643,false,נטרוגינה קרם לחות מרגיע לגוף ולפנים 300,ניוטרוג'ינה Neutrogena,FR,"קרם רב""ש",מיליליטרים,300.00,"100 מ""ל",false,0,26.90,8.97,true,1,
3574661003924,false,שטיפת פה טוטאל קר בטעם מנטה צלול,ג'\ונסון אנד ג'\ונסון,IT,מי פה ליסטרין,מיליליטרים,500.00,"100 מ""ל",false,0,21.90,4.38,true,1,
3574661098937,false,נטרוגינה תחליב גוף-יבש סדרה נורווגית,גונסון אנד גונסון,FR,תחליב גוף,מיליליטרים,400.00,"100 מ""ל",false,1,26.90,6.73,true,1,
3574661485218,false,טמפונים נורמל אובה 32 יח' פרוקומפורט,"ש. שסטוביץ בע""\מ",GR,או בה פרוקומפורט,יחידה,1.00,יחידה,false,1,24.90,24.90,true,1,
3574661487328,false,קרפרי מגני תחתון אורגינל פלוס 56 יח',הדקלאים אגודת שיתופי,GR,מגני תחתון קרפרי,יחידה,1.00,יחידה,false,1,16.90,16.90,true,1,
3574661487632,false,מגני תחתון פלוס לארג' בניחוח עדין L,ג'\ונסון אנד ג'\ונסון,GR,קרפרי מגני תחתון,יחידה,1.00,יחידה,false,1,19.90,19.90,true,1,
3574661491806,false,מי פה אדבנס וויט מנטה מסירה כתמים קשים,ג'\ונסון אנד ג'\ונסון,IT,מי פה ליסטרין,מיליליטרים,500.00,"100 מ""ל",false,1,21.90,4.38,true,1,
3574661501901,false,שטיפה אינטימית יומיומית מכיל תה ירוק ואלוורה,קולגייט פלמוליב,IT,שטיפה אינטימית,מיליליטרים,200.00,"100 מ""ל",false,1,19.90,9.95,true,1,
3574661552576,false,קרפרי מגן תחתון רגיל טנגה לבן 56 יח חדש,הדקלאים אגודת שיתופי,GR,מגני תחתון קרפרי,יחידה,1.00,יחידה,false,1,16.90,16.90,true,1,
3574661554884,false,קרפרי מגן תחתון רגיל טנגה מבושם 56 יח,הדקלאים אגודת שיתופי,GR,מגני תחתון קרפרי,יחידה,1.00,יחידה,false,1,16.90,16.90,true,1,
3574661610344,false,נטרוגינה קרם לחות עשיר ומרוכז לעור יבש ע,גונסון אנד גונסון סנטה ב,FR,ניוטרוג'ינה קרם,מיליליטרים,300.00,"100 מ""ל",false,1,26.90,8.97,true,1,
3574661643359,false,ליסטרין נטורלס שטיפת פה אנאמל פרוטקט,ג'\ונסון אנד ג'\ונסון,IT,מי פה ליסטרין,מיליליטרים,500.00,"100 מ""ל",false,1,21.90,4.38,true,1,
3574661650029,false,ליסטרין שטיפת פה להגנה על החניכיים בטעם מעודן,ג'\ונסון אנד ג'\ונסון,IT,מי פה ליסטרין,מיליליטרים,500.00,"100 מ""ל",false,1,21.90,4.38,true,1,
3574669907682,false,גונסונס בייבי טלק 500 גרם חדש,גונסון אנד גונסון,IT,טלק ג'ונסון,גרמים,500.00,100 גרם,false,1,32.90,6.58,true,1,
3574669907729,false,גונסונס בייבי שמפו לתינוק 750 מל,גונסון אנד גונסון,IT,שמפו ג'ונסון,מיליליטרים,750.00,"100 מ""ל",false,1,14.90,1.99,true,1,
3600522550129,false,קרם אנטי-אייג'ינג יום אייג' ספשיאליסט +45,"קרלסרו, גרמניה",DE,קרם יום,מיליליטרים,50.00,"100 מ""ל",false,1,59.90,119.80,true,1,
3600522550167,false,קרם אנטי-אייג'ינג לילה אייג' ספשיאליסט +45,"קרלסרו, גרמניה",DE,קרם לילה,מיליליטרים,50.00,"100 מ""ל",false,1,59.90,119.80,true,1,
3600522550204,false,קרם אנטי-אייג'ינג יום אייג' ספשיאליסט +55,"קרלסרו, גרמניה",DE,קרם יום,מיליליטרים,50.00,"100 מ""ל",false,1,59.90,119.80,true,1,
3600523642489,false,מסכת הזנה אינטנסיבית 6 שמנים לשיער יבש,לוריאל - אלביב Elvive,DE,מסכה אלביב,מיליליטרים,300.00,"100 מ""ל",false,1,24.90,8.30,true,1,
3600523651870,false,שמפו לחיזוק סיב השערה לכל סוגי השיער,לוריאל - אלביב Elvive,TR,אלביב שמפו,מיליליטרים,550.00,"100 מ""ל",false,1,16.90,3.07,true,1,
3600523652242,false,"לוריאל - אלביב שמפו קולור פרוטקט 550 מ""ל",לוריאל - אלביב Elvive,TR,אלביב שמפו,מיליליטרים,550.00,"100 מ""ל",false,1,16.90,3.07,true,1,
3600523652259,false,"לוריאל - אלביב מרכך קולור פרוטקט 550 מ""ל",קוסמטיקס,TR,אלביב מרכך,מיליליטרים,550.00,"100 מ""ל",false,1,16.90,3.07,true,1,
3600523652280,false,"לוריאל אלביב שמפו מועשר ב 6 שמנים, 550 מ""ל",לוריאל - אלביב Elvive,TR,אלביב שמפו,מיליליטרים,550.00,"100 מ""ל",false,1,16.90,3.07,true,1,
3600523652297,false,"מרכך לשיער אלביב זהב 6 שמנים , 550 מ""ל",לוריאל - אלביב Elvive,TR,אלביב מרכך,מיליליטרים,550.00,"100 מ""ל",false,1,16.90,3.07,true,1,
3600523782567,false,"לוריאל - אלביב שמפו דרים לונג 500 מ""ל",לוריאל - אלביב Elvive,FR,אלביב שמפו,מיליליטרים,500.00,"100 מ""ל",false,1,16.90,3.38,true,1,
3600523782574,false,מסכה לשיער לוריאל אלביב דרים לונג 300 מל,לוריאל - אלביב Elvive,DE,מסכה לשיער אלביב,מיליליטרים,300.00,"100 מ""ל",false,1,24.90,8.30,true,1,
3600523782581,false,מרכך מתיר קשרים לשיער ארוך ופגום Dream Long,לוריאל - אלביב Elvive,FR,אלביב מרכך,מיליליטרים,500.00,"100 מ""ל",false,1,16.90,3.38,true,1,
3600523823604,false,לוריאל - דרמו היאלורון אקספרט לילה,לוריאל פרודקשן דויטשלנד,DE,דרמו היאלורון אק,יחידה,1.00,יחידה,false,1,59.90,59.90,true,1,
3600523899906,false,אלביב מסכה פול רזיסט680מ,לוריאל-אלביב,ES,אלביב מסכה לשיער,מיליליטרים,680.00,"100 מ""ל",false,1,54.90,8.07,true,1,
3600523953677,false,לוריאל - דרמו רויטליפט קלאסי יום SPF30 עברית,"קרלסרו, גרמניה",DE,דרמו רויטליפט לח,מיליליטרים,50.00,"100 מ""ל",false,1,64.90,129.80,true,1,
3600524051334,false,אלביב מרכך חומצה היאלורונית 400 מל,לוריאל,FR,אלביב מרכך,מיליליטרים,400.00,"100 מ""ל",false,1,16.90,4.23,true,1,
3600524051570,false,לוריאל - אלביב מסכה היאלורונית 300 מ''ל,DEUT PRODUKTION L\'OREAL,DE,אלביב מסכה,מיליליטרים,300.00,"100 מ""ל",false,1,24.90,8.30,true,1,
3600541014305,false,גרנייה צבע לשיער קולור נטורלס 2.4,קוסמופול,PL,צבע לשיער גרנייה,יחידה,1.00,יחידה,false,0,17.90,17.90,true,1,
3600541029323,false,גרנייה אסנשיאל מסיר איפור 2 ב- 1,SOPROCOS סופרוקוס,FR,ESSENTIALS מסיר,מיליליטרים,200.00,"100 מ""ל",false,0,25.00,12.50,true,1,
3600541382930,false,גרנייה - מים מיסלרים לכל סוגי העור,"קוסמופול, פולין",PL,מים מיסלריים,מיליליטרים,400.00,"100 מ""ל",false,0,30.00,7.50,true,1,
3600541402270,false,"גרנייה - דאודורנט ספריי לאישה אינביזיבל BWC (ירוק) 150 מ""ל","לוריאל ישראל בע""מ",FR,דאו.גרנייה,מיליליטרים,150.00,"100 מ""ל",false,0,10.90,7.27,true,1,
3600541928275,false,מי פנים מיסלריים דו-פאזיים מסיר איפור עמיד במים,"קוסמופול, פולין",PL,מים מיסלריים דו,מיליליטרים,400.00,"100 מ""ל",false,1,30.00,7.50,true,1,
3600541956223,false,"גרנייה פיור לניקוי וטיפול בסימנים ופגעי עם מברשת 150 מ""ל","קרלסרו, גרמניה",DE,ג'ל ניקוי עמוק,מיליליטרים,150.00,"100 מ""ל",false,1,30.00,20.00,true,1,
3600542050579,false,גרניה בוטניקל מי פנים ורדים 200 מל,קוסמופול,PL,בוטניקל מי פנים,מיליליטרים,200.00,"100 מ""ל",false,1,25.00,12.50,true,1,
3600542232036,false,גרניה סקין נט אלו גל אלוורה ללחות 50 מל,לוריאל,DE,סקין נט אלו ג'ל,מיליליטרים,50.00,"100 מ""ל",false,1,44.90,89.80,true,1,
3600542326339,false,גרנייה מיסלר ורדים 400 מ,קוסמופול,PL,גרנייה מיסלר ורד,מיליליטרים,400.00,"100 מ""ל",false,1,30.00,7.50,true,1,
3600542365710,false,גרנייה - פיור ג'ל ניקוי,לוריאל,PL,PURE ג'ל ניקוי,מיליליטרים,200.00,"100 מ""ל",false,1,30.00,15.00,true,1,
3600542365796,false,גרניה בוטניקל גל ניקוי ענבים 200 מל,לוריאל,PL,בוטניקל ג'ל ניקו,מיליליטרים,200.00,"100 מ""ל",false,1,25.00,12.50,true,1,
3600542366113,false,גרניה בוטניקל קרם לחות ענבים 50 מל,לוריאל,DE,סקין נטורל קרם ע,מיליליטרים,50.00,"100 מ""ל",false,1,45.00,90.00,true,1,
3600542385091,false,"גרנייה - דאודורנט רול און לאישה אקשן קונטרול 72 שעות 50 מ""ל",קוסמופול,PL,רול און גרנייה,מיליליטרים,50.00,"100 מ""ל",false,1,10.90,21.80,true,1,
3600542385107,false,"גרנייה - דאודורנט רול און לאישה אינביזיבל BWC (ירוק) 50 מ""ל",לוריאל ישראל קוסמטיקס בע,PL,דא.רול גרנייה,מיליליטרים,50.00,"100 מ""ל",false,1,10.90,21.80,true,1,
3600542385220,false,"גרנייה - דאודורנט רול און לאישה פרוטקשן 6 פלורל (סגול) 50 מ""ל",גרנייה Garnier,FR,רול און גרנייה,מיליליטרים,50.00,"100 מ""ל",false,1,10.90,21.80,true,1,
3600542412773,false,גרניה פיור אקטיב פיל אוף פחם מסכה 50 מל,סופרוריאל אולניי,FR,גרנייה פיור פיל,מיליליטרים,50.00,"100 מ""ל",false,1,30.00,60.00,true,1,
3600542421638,false,"גרנייה - פרוקטיס היירפוד שמפו מקדמיה 350 מ""ל","אינטרביוטי קוסמטיק בע""\מ",IL,פרוקטיס היירפוד,מיליליטרים,350.00,"100 מ""ל",false,1,16.90,4.83,true,1,
3600542421645,false,"גרנייה - פרוקטיס היירפוד מרכך מקדמיה 350 מ""ל","אינטרביוטי קוסמטיק בע""\מ",IL,פרוקטיס היירפוד,מיליליטרים,350.00,"100 מ""ל",false,1,16.90,4.83,true,1,
3600542421683,false,"גרנייה - פרוקטיס היירפוד שמפו בננה 350 מ""ל","אינטרביוטי קוסמטיק בע""\מ",IL,פרוקטיס היירפוד,מיליליטרים,350.00,"100 מ""ל",false,1,16.90,4.83,true,1,
3600542421706,false,"גרנייה - פרוקטיס היירפוד שמפו פפאיה 350 מ""ל","אינטרביוטי קוסמטיק בע""\מ",IL,פרוקטיס היירפוד,מיליליטרים,350.00,"100 מ""ל",false,1,16.90,4.83,true,1,
3600542421720,false,גרנייה פרוקטיס היפורד מסכה פפאיה 390 גר,"אינטרביוטי קוסמטיק בע""\מ",IL,פרוקטיס היירפוד,מיליליטרים,390.00,"100 מ""ל",false,1,39.90,10.23,true,1,
3600542431842,false,גרנייה - קולור נטורלס 4 חום כהה טבעי חדש,לוריאל ישראל קוסמטיקס בע,PL,קולור נטורלס 4,יחידה,1.00,יחידה,false,1,17.90,17.90,true,1,
3600542431859,false,גרנייה - קולור נטורלס 5 חום טבעי חדש,לוריאל ישראל קוסמטיקס בע,PL,צבע שיער קולור,יחידה,1.00,יחידה,false,1,17.90,17.90,true,1,
3600542431866,false,גרנייה קולור נטורלס צבע לשיער חום בהיר 6,גרנייה Garnier,PL,קולור נטורלס 6,יחידה,1.00,יחידה,false,1,17.90,17.90,true,1,
3600542431873,false,גרנייה - קולור נטורלס 7 בלונד טבעי חדש,לוריאל ישראל קוסמטיקס בע,PL,קולור נטורלס 7,יחידה,1.00,יחידה,false,1,17.90,17.90,true,1,
3600542431880,false,גרנייה - קולור נטורלס 8 בלונד בהיר חדש,לוריאל ישראל קוסמטיקס בע,PL,קולור נטורלס 8,יחידה,1.00,יחידה,false,1,17.90,17.90,true,1,
3600542431910,false,גרנייה - קולור נטורלס 2.1 שחור כחול חדש,לוריאל ישראל קוסמטיקס בע,PL,קולור נטורלס 2.1,יחידה,1.00,יחידה,false,1,17.90,17.90,true,1,
3600542431972,false,צבע לשיער קולור נטורלס - 111 בלונד אולטרה בהיר אפור,לוריאל ישראל קוסמטיקס בע,PL,קולור נטורלס 111,יחידה,1.00,יחידה,false,1,17.90,17.90,true,1,
3600542431989,false,גרנייה - קולור נטורלס 6.34 חום שוקולד חדש,לוריאל ישראל קוסמטיקס בע,PL,קולור נטורלס6.34,יחידה,1.00,יחידה,false,1,17.90,17.90,true,1,
3600542432009,false,גרנייה - קולור נטורלס 4.5 חום שוקולד כהה חדש,לוריאל ישראל קוסמטיקס בע,PL,קולור נטורלס 4.5,יחידה,1.00,יחידה,false,1,17.90,17.90,true,1,
3600542432085,false,גרנייה - קולור נטורלס 4.12 חום קרח חדש,לוריאל ישראל קוסמטיקס בע,PL,קולור נטורלס4.12,יחידה,1.00,יחידה,false,1,17.90,17.90,true,1,
3600542456579,false,גרניה מיסלר ויטמין סי 400 מל,לוריאל,DE,מיסלר ויטמין סי,מיליליטרים,400.00,"100 מ""ל",false,1,30.00,7.50,true,1,
3600542503235,false,"גרנייה - פרוקטיס היירפוד מרכך חמאת קקאו 350 מ""ל","אינטרביוטי קוסמטיק בע""\מ",IT,מרכך פרוקטיס,מיליליטרים,350.00,"100 מ""ל",false,1,16.90,4.83,true,1,
3600542503242,false,"גרנייה - פרוקטיס היירפוד שמפו חמאת קקאו 350 מ""ל","אינטרביוטי קוסמטיק בע""\מ",IT,שמפו פרוקטיס,מיליליטרים,350.00,"100 מ""ל",false,1,16.90,4.83,true,1,
3608580730248,false,קונפיטורה בטעם דובדבן 370 ג BONNE MAMAN,בון ממן,FR,קונפיטורת דובדבן,גרמים,370.00,100 גרם,false,1,19.90,5.38,true,1,
3608580730255,false,קונפיטורה בטעם משמש 370 גר BONNE MAMAN,בון ממן,FR,קונפיטורת משמש,גרמים,370.00,100 גרם,false,1,19.90,5.38,true,1,
3614224051235,false,אדידס דאודורנט ספריי גברים אדיפוואר 200מל,אדידס Adidas,PT,דאו.אדידס,מיליליטרים,200.00,"100 מ""ל",false,1,15.90,7.95,true,1,
3614229717082,false,וולה מוס לשיער וולה דלוקס למגע חלק כמשי 200 מ,אינטרספריי,FR,וולה מוס מגע משי,מיליליטרים,200.00,"100 מ""ל",false,1,39.90,19.95,true,1,
3661163970448,false,"אדידס דאודורנט ספריי מקס פרש לגברים 200 מ""ל",מיוצר עי קונדיטוריית,PT,דאודורנט אדידס,מיליליטרים,200.00,"100 מ""ל",false,0,15.90,7.95,true,1,
3661163990545,false,"אדידס דאודורנט ספריי לגברים אקשיין 200 מ""ל",מיוצר עי קונדיטוריית,PT,דאודורנט אדידס,מיליליטרים,200.00,"100 מ""ל",false,0,15.90,7.95,true,1,
3770000016758,false,יין פטיט שבלי דומיין דה שאטיון כש 750 מ,דומיין דה לה,FR,פטיט שבלי שאטיון,מיליליטרים,750.00,"100 מ""ל",false,1,75.90,10.12,true,1,
3856014102448,false,מקלות בייגלה במילוי חמאת בוטנים 120 גר,,HR,מקלות בייגלה,גרמים,120.00,100 גרם,false,1,8.90,7.42,true,1,
4000415851705,false,שוקולד נוגט טבעי שוגטן 100 גרם,"לודוויג שוקולד בע""\מ",DE,שוקולד נוגט,גרמים,100.00,100 גרם,false,0,5.90,5.90,true,1,
4000415856601,false,שוקולד לבן טבעי שגוטן 100 גרם,"לודוויג שוקולד בע""\מ",DE,שוקולד לבן,גרמים,100.00,100 גרם,false,1,5.90,5.90,true,1,
4000417022004,false,ריטר ספורט שוקולד חלב מעולה עם צימוקים ואגוזי לוז 100 גרם,ריטר ספורט Ritter sport,DE,שוקולד ריטר,גרמים,100.00,100 גרם,false,0,8.90,8.90,true,1,
4000417025005,false,שוקולד מריר במילוי מרציפן ריטר ספורט 100 גרם,ריטר ספורט Ritter sport,DE,שוקולד ריטר,גרמים,100.00,100 גרם,false,0,8.90,8.90,true,1,
4000417101211,false,גלילי וופל עם קרם אגוזי לוז בציפוי שוקולד חלב,אמיצ'לי Amicelli,AT,חטיף אמיצ'לי,גרמים,150.00,100 גרם,false,1,17.90,11.93,true,1,
4000417707000,false,שוקולד חלב מעולה עם שברי קשיו קלוי ומומלח,ריטר ספורט Ritter sport,DE,שוקולד ריטר,גרמים,100.00,100 גרם,false,1,10.90,10.90,true,1,
4000417708007,false,"שוקולד ריטר ספורט מריר שקד, 100 גרם",ריטר ספורט Ritter sport,DE,שוקולד ריטר,גרמים,100.00,100 גרם,false,1,10.90,10.90,true,1,
4000539280726,false,שוקולד לינדט אקסלנס מילד 70% 100 גר,לינדט ושפרונגלי,DE,שוקולד אקסלנס,גרמים,100.00,100 גרם,false,1,14.90,14.90,true,1,
4000539280740,false,לינדט אקסלנס 78% מוצקי קקאו 100 גרם,לינדט ושפרונגלי קילשברג,DE,שוקולד אקסלנס,גרמים,100.00,100 גרם,false,1,14.90,14.90,true,1,
4000539363108,false,שוקולד לינדור סטיקס 38 גרם,לינדור,DE,שוקולד לינדור,גרמים,38.00,100 גרם,false,1,5.90,15.53,true,1,
4000607850004,false,שוקולד חלב טבעי שוגטן 100 גרם,"לודוויג שוקולד בע""\מ",DE,שוקולד חלב,גרמים,100.00,100 גרם,false,0,5.90,5.90,true,1,
4000607851001,false,שוקולד חלב אגוזים טבעי שוגטן 100 גרם,"לודוויג שוקולד בע""\מ",DE,שוקולד אגוזים,גרמים,100.00,100 גרם,false,0,5.90,5.90,true,1,
4000607852008,false,שוקולד מריר טבעי שוגטן 100 גרם,"לודוויג שוקולד בע""\מ",DE,שוקולד מריר,גרמים,100.00,100 גרם,false,0,5.90,5.90,true,1,
4000607854606,false,שוקולד לילדים שוגטן 100 גרם,"לודוויג שוקולד בע""\מ",DE,שוקולד ילדים,גרמים,100.00,100 גרם,false,1,5.90,5.90,true,1,
4001518003800,false,טורינוס מקלות פריכים עם פלפל ומלח 125 גרם,גריסון,DE,מקלות פריכים,גרמים,125.00,100 גרם,false,1,15.90,12.72,true,1,
4002448017684,false,"סיליט באנג ספריי ניקוי כללי מסיר אבנית 750 מ""ל",הדקלאים אגודת שיתופי,PL,סיליט באנג ספריי,מיליליטרים,750.00,"100 מ""ל",false,0,14.50,1.93,true,1,
4002448019480,false,"סיליט באנג מסיר שומנים רב שימושי 750 מ""ל",סיליט באנג Cillit Bang,PL,סיליט באנג,מיליליטרים,750.00,"100 מ""ל",false,0,14.50,1.93,true,1,
4002720005736,false,מליטה קפה לפילטר פרימיום 250 גרם,המאפיה של הרמן,DE,קפה פילטר מליטה,גרמים,250.00,100 גרם,false,0,18.40,7.36,true,1,
4005808128273,false,ג'ל רחצה לגבר אנרג'י עם תמציות מנטה בניחוח ממריץ,טרופיקל דגיל תעשיות,DE,ניוואה ג'ל רחצה,מיליליטרים,500.00,"100 מ""ל",false,0,13.90,2.78,true,1,
4005808128631,false,ניוואה 500 גל רחצה לגבר תמציות ליים,ביירסדורף,DE,ניוואה גל רחצה,מיליליטרים,500.00,"100 מ""ל",false,0,13.90,2.78,true,1,
4005808366392,false,שפתון ליובש כחול קלאסי לבלו 48 גרם,טרופיקל דגיל תעשיות,IL,שפתון לבלו כחול,יחידה,1.00,יחידה,false,1,9.90,9.90,true,1,
4005808368280,false,שפתון ליובש דובדבן לבלו 48 גרם,טרופיקל דגיל תעשיות,DE,שפתון לבלו,יחידה,1.00,יחידה,false,1,9.90,9.90,true,1,
4005808813063,false,תחליב לחות לעור רגיש לאחר גילוח,בטר אנד דיפרנט,DE,ניוואה אפטר שייב,מיליליטרים,100.00,"100 מ""ל",false,0,39.90,39.90,true,1,
4005808850723,false,לבלו שפתון תות בליסטר,טרופיקל דגיל תעשיות,DE,שפתון לבלו,יחידה,1.00,יחידה,false,0,9.90,9.90,true,1,
4005808890507,false,קרם ניוואה סופט צנצנת 200 מל,ניוואה Nivea,ES,קרם ניוואה סופט,מיליליטרים,200.00,"100 מ""ל",false,0,29.90,14.95,true,1,
4005900036483,false,"ניוואה - דאודורנט ספריי לגבר שקוף בלק וווי 150 מ""ל",בטר אנד דיפרנט,DE,דאודורנט ניוואה,מיליליטרים,150.00,"100 מ""ל",false,0,15.90,10.60,true,1,
4005900036506,false,"ניוואה - דאודורנט רול און לגבר שקוף בלק 50 מ""ל",טרופיקל דגיל תעשיות,DE,דאודורנט ניוואה,מיליליטרים,50.00,"100 מ""ל",false,0,13.90,27.80,true,1,
4005900036568,false,ניוואה דאודורנט רולאון ספריי לאישה בלק אנד וויט 150 מ''ל,ביירסדורף AG,DE,דאודורנט ניוואה,מיליליטרים,150.00,"100 מ""ל",false,0,15.90,10.60,true,1,
4005900420220,false,"גל רחצה ניוואה פיור אימפקט לגבר 500 מ""ל",beiersdorf,DE,ניוואה ג'ל רחצה,מיליליטרים,500.00,"100 מ""ל",false,1,13.90,2.78,true,1,
4005900496461,false,"ניוואה תחליב לחות אפטר שייב דיפ לאחרי, 100 מ""ל",beiersdorf,DE,ניוואה אפטר שייב,מיליליטרים,100.00,"100 מ""ל",false,1,39.90,39.90,true,1,
4005900513069,false,"ניוואה - דאודורנט רול און לגבר דיפ 50 מ""ל",ביירסדורף,DE,ניוואה רול און ל,מיליליטרים,50.00,"100 מ""ל",false,1,13.90,27.80,true,1,
4005900542557,false,"ניוואה - דאודורנט רול און לאישה בלק אנד וויט 50 מ""ל",beiersdorf,DE,דאודורנט ניוואה,מיליליטרים,50.00,"100 מ""ל",false,1,13.90,27.80,true,1,
4005900555915,false,"ניוואה - תחליב רחצה קוקוס וחוחובה 750 מ""ל",ביירסדורף AG,DE,תחליב רחצה,מיליליטרים,750.00,"100 מ""ל",false,1,16.90,2.25,false,1,
4005900639554,false,"ניוואה - דאודורנט רול און לאישה פרש נטורל לאישה ללא אלומיניום 50 מ""ל",ביירסדורף AG,DE,דאודורנט ניוואה,מיליליטרים,50.00,"100 מ""ל",false,1,13.90,27.80,true,1,
4005900648181,false,"ניוואה - תחליב רחצה אלוורה 750 מ""ל",ביירסדורף AG,DE,ניוואה תח.רחצ.אל,מיליליטרים,750.00,"100 מ""ל",false,1,16.90,2.25,true,1,
4005900683878,false,לבלו סקראב שפתון פילינג אלוורה בליסטר,ביירסדורף,DE,לבלו סקראב אלורה,יחידה,1.00,יחידה,false,1,9.90,9.90,true,1,
4005900828088,false,"ניוואה - דאודורנט רול און לגבר פרש 50 מ""ל",טרופיקל דגיל תעשיות,DE,דאודורנט ניוואה,מיליליטרים,50.00,"100 מ""ל",false,0,13.90,27.80,true,1,
4005900841148,false,"ג'ל גילוח קול קיק פרש ניוואה מן 200 מ""ל",ביירסדורף,DE,ג'ק גילוח ניוואה,מיליליטרים,200.00,"100 מ""ל",false,1,17.70,8.85,true,1,
4005900845702,false,"ניוואה - דאודורנט רול און לגבר קול קיק פרש 50 מ""ל",ביירסדורף,DE,דאודורנט ניוואה,מיליליטרים,50.00,"100 מ""ל",false,1,13.90,27.80,true,1,
4005900845733,false,"דאודורנט ספריי קול קיק פרש לגבר ניוואה מן 150 מ""ל",ביירסדורף,DE,דאודורנט ניוואה,מיליליטרים,150.00,"100 מ""ל",false,1,15.90,10.60,true,1,
4005900874931,false,"דאודורנט ספריי דיפ ביט לגבר 150 מ""ל ניוויה",ביירסדורף,DE,דאודורנט ניוואה,גרמים,150.00,100 גרם,false,1,15.90,10.60,true,1,
4005900874962,false,"ניוואה - דאודורנט רול און לגבר דיפ בלק 50 מ""ל",ביירסדורף AG,DE,דאודורנט ניוואה,מיליליטרים,50.00,"100 מ""ל",false,1,13.90,27.80,true,1,
4005900978950,false,לבלו - דובדבן שפתון לחות מטפח מהדורת נסיכות דיסני,ביירסדורף,DE,לבלו אריאל,יחידה,1.00,יחידה,false,1,9.90,9.90,true,1,
4005900978967,false,לבלו - וניל שפתון לחות מטפח מהדורת נסיכות דיסני,ביירסדורף,DE,לבלו אלזה,יחידה,1.00,יחידה,false,1,9.90,9.90,true,1,
4006508123094,false,"מליטה-נייר פילטר לקפה מספר 2, 40 יח",Melitta Kaffee GmbH,DE,נייר לקפה פילטר,יחידה,1.00,יחידה,false,1,8.90,8.90,true,1,
4007745058804,false,נטורפוד מיונז אורגני 340 גרם,אף.סי תבליני בגליל ב,DE,מיונז אורגני,גרמים,340.00,100 גרם,false,0,24.90,7.32,true,1,
4007745058811,false,חרדל צרפתי חלק אורגני 200 גרם,נטורפוד,DE,חרדל אורגני,גרמים,200.00,100 גרם,false,0,13.90,6.95,true,1,
4007745058828,false,חרדל צרפתי גרגרים אורגני 200 גרם,נטורפוד,DE,חרדל גרגרים,גרמים,145.00,100 גרם,false,0,13.90,9.59,true,1,
4008287762020,false,בירה קרומבאכר חיטה 0.50 ליטר בקבוק,קרומבכר בראורי,DE,בירה קרומבאכר,מיליליטרים,500.00,"100 מ""ל",false,0,10.20,2.04,true,1,
4008402101772,false,"קיווי אקספרס ספוג הברקה חום 6מ""ל",Jonson ג'ונסון,HN,קיווי ספוג הברקה,יחידה,1.00,יחידה,false,0,14.90,14.90,true,1,
4008500006337,false,"אוטן פמילי קייר סטיק 50מ""ל",אס.סי.ג'ונסון מידרכט,IT,אוטן סטיק,מיליליטרים,50.00,"100 מ""ל",false,0,19.70,39.40,true,1,
4009300522935,false,תה ירוק פומפדור לימונית ולואיזה 20 יחידות,"איטיליאן פוד, אס.פי.",DE,תה ירוק לואיזה,גרמים,30.00,100 גרם,false,0,17.90,59.67,true,1,
4009300522966,false,תה ירוק עם נענע פומפדור 20 יחידות,"איטיליאן פוד, אס.פי.",DE,תה ירוק נענע,גרמים,30.00,100 גרם,false,0,17.90,59.67,true,1,
4009300524588,false,חליטת צמחים פומפדור פירות יער 20 יחידות,פומפדור Pompadour,DE,חליטת פירות יער,גרמים,60.00,100 גרם,false,0,12.90,21.50,true,1,
4009300524625,false,תה צ'אי מסאלה פומפדור 20 יחידות,פומפדור Pompadour,DE,חליטת צ'אי מאסלה,גרמים,40.00,100 גרם,false,0,12.90,32.25,true,1,
4009300525011,false,פומפידור תה ירוק עם תפוז וג'ינגר 25 שקיקים,"איטיליאן פוד, אס.פי.",DE,תה ירוק תפוז,גרמים,30.00,100 גרם,false,0,17.90,59.67,true,1,
4009300525684,false,חליטת צמחים פומפדור ג'ינג'ר ולימון 20 יחידות,פומפדור Pompadour,DE,חליטת לימון,גרמים,35.00,100 גרם,false,0,12.90,36.86,true,1,
4009300526438,false,תה ירוק פומפדור קלאסי 20 יחידות,"איטיליאן פוד, אס.פי.",DE,תה ירוק פומפדור,גרמים,30.00,100 גרם,false,0,17.90,59.67,true,1,
4009300527909,false,חליטת צמחים ג'ינג'ר כורכום ללא קפאין,פומפדור Pompadour,DE,חליטת ג'ינג'ר,גרמים,80.00,100 גרם,false,1,12.90,16.13,true,1,
4009300528821,false,תה ירוק פומפדור ג'ינגר וקינמון 20 יחידות,פומפדור Pompadour,DE,תה ירוק פומפדור,גרמים,30.00,100 גרם,false,1,17.90,59.67,true,1,
4009300529538,false,תה חליטת פומפדור פירות לימון 20 יח,TEEKANNE- POMPADOU,DE,חליטת פירות,גרמים,50.00,100 גרם,false,1,15.90,31.80,true,1,
4009300529552,false,תה חליטת פומפדור פירות אפרסק 20 יח,TEEKANNE- POMPADOU,DE,חליטת פירות,גרמים,50.00,100 גרם,false,1,15.90,31.80,true,1,
4009300530107,false,חליטה קרה בטעמי תות שדה ותפוז פומפדור 45 ג',פומפדור,DE,חליטה קרה,גרמים,45.00,100 גרם,false,1,14.90,33.11,true,1,
4009300530145,false,חליטה קרה בטעמי מוחיטו ופירות יער פומפדור 45 ג',טיקנה,DE,פומפדור COOL,גרמים,45.00,100 גרם,false,1,14.90,33.11,true,1,
4009300595106,false,חליטת צמחים קמומיל דבש פומפדור 45 ג',טיקנה,DE,חליטת קמומיל,גרמים,30.00,100 גרם,false,1,12.90,43.00,true,1,
4009900013581,false,מסטיק אורביט ספרמינט סטיקס משפחתי-חמישיות,ריגלי צרפת,FR,מסטיק סטיקס,גרמים,65.00,100 גרם,false,0,9.90,15.23,true,1,
4009900385824,false,מסטיק אורביט פפרמינט סטיקס משפחתי-חמישיות,ריגלי צרפת,FR,מסטיק סטיקס,גרמים,65.00,100 גרם,false,0,9.90,15.23,true,1,
4009900402965,false,אורביט וויט בטעם פירות בקבוקון 46מלבניות,ריגלי פולין,PL,אורביט בקבוקון,גרמים,64.00,100 גרם,false,0,10.00,15.63,true,1,
4009900403023,false,אורביט וויט בטעם מנטה בקבוקון 46 מלבניות,"ב.א מזון בע""מ",PL,אורביט בקבוקון,גרמים,64.00,100 גרם,false,0,10.00,15.63,true,1,
4009900420129,false,מסטיק אורביט פרופשנל פפרמינט בקבוקון 64 גר',מרס נדרלנד,PL,אורביט פפרמינט,גרמים,64.00,100 גרם,false,1,10.00,15.63,true,1,
4009900455299,false,"סוכרית ג'לי אדומה 174 גרם ""סקיטלס""",ריגלי ממתקים,CZ,סוכריות סקיטלס,גרמים,174.00,100 גרם,false,0,8.80,5.06,true,1,
4009900465304,false,סוכריות סקיטלס פירות חמוצים 174 גרם,ריגלי ממתקים,CZ,סוכריות סקיטלס,גרמים,174.00,100 גרם,false,0,8.80,5.06,true,1,
4009900479998,false,אורביט וויט אוכמניות בקבוקון 46 מלבניות,ריגלי פולין,PL,אורביט בקבוקון,גרמים,64.00,100 גרם,false,0,10.00,15.63,true,1,
4009900482417,false,מסטיק אורביט פירות מנטה בקבוקון באבל מינט 45יח,ריגלי פולין,PL,אורביט באבל מינט,גרמים,64.00,100 גרם,false,0,10.00,15.63,true,1,
4009900484305,false,מסטיק אורביט פרופשיונל סוויטמינט ביגי לבן 60יח',אורביט Orbit,GB,אורביט בקבוק,גרמים,84.00,100 גרם,false,0,13.50,16.07,true,1,
4009900487283,false,אורביט ילדים קלאסי סט' משפחתי-חמישיות,ריגלי צרפת,FR,מסטיק סטיקס,גרמים,65.00,100 גרם,false,0,9.90,15.23,true,1,
4009900491044,false,מסטיק איירובס אוכמניות בקבוקון 60יח',איירוויבס Airwaves,PL,מסטיק איירוויבז,גרמים,84.00,100 גרם,false,1,13.50,16.07,true,1,
4009900531122,false,"מסטיק בטעם מנטה ספירמינט, 64 ג' פרופשיונל אורפיט",מרס נדרלנד,PL,אורביט ספירמינט,גרמים,64.00,100 גרם,false,1,10.00,15.63,true,1,
4009900534611,false,מסטיק איירוויבז בקבוקון בטעם מלון ומנטה,ריגלי,IL,מסטיק אייוויבז,גרמים,64.00,100 גרם,false,1,10.90,17.03,true,1,
4009900534918,false,סקיטלס גאיינט פירות 141 גרם,ריגלי,CZ,סוכריות סקיטלס,יחידה,1.00,יחידה,false,0,8.80,8.80,true,1,
4009900535519,false,מסטיק אורביט רפרשרס ספירמינט ללא סוכר 15.6גר',אורביט,PL,אורביט רפרשרס,גרמים,15.00,100 גרם,false,1,3.90,26.00,true,1,
4009900535823,false,מסטיק אורביט רפרשרס באבלמינט ללא סוכר 15.6גר',אורביט,PL,מסטיק אורביט,גרמים,15.00,100 גרם,false,1,3.90,26.00,true,1,
4009900536257,false,מסטיק אורביט רפרשרס ספירמינט בקבוקון ללא סוכר 67 גר',מרס ריגלי קונפקשונרי,PL,אורביט רפרשרס,גרמים,67.00,100 גרם,false,1,11.90,17.76,true,1,
4009900536288,false,מסטיק אורביט רפרשרס פפרמינט בקבוקון ללא סוכר 67 גר',מרס ריגלי קונפקשונרי,PL,אורביט רפרשרס,גרמים,67.00,100 גרם,false,1,11.90,17.76,true,1,
4009900536486,false,מסטיק אורביט רפרשרס באבלמינט בקבוקון ללא סוכר 67 גר',מרס ריגלי קונפקשונרי,PL,אורביט רפרשרס,גרמים,67.00,100 גרם,false,1,11.90,17.76,true,1,
4009900539685,false,"מסטיק פייב באונס בטעם מנטה בקבוקון, 61.8 גרם",ריגלי בעמ רוסיה,PL,מסטיק פייב,גרמים,61.00,100 גרם,false,1,11.90,19.51,true,1,
4009900539746,false,"מסטיק פייב באונס בטעם אבטיח בקבוקון, 61.8 גרם",ריגלי בעמ רוסיה,PL,מסטיק פייב,גרמים,61.00,100 גרם,false,1,11.90,19.51,true,1,
4009900540551,false,מסטיק אורביט רפרשרס טרופיקל בקבוקון ללא סוכר,מרס פולין,PL,אורביט רפרשרס,גרמים,67.00,100 גרם,false,1,11.90,17.76,true,1,
4011100001220,false,מרסי חטיפי מיני שקית 403ג',לינדט ושפרונגלי קילשברג,NL,מיני מרס שקית,גרמים,403.00,100 גרם,false,0,19.90,4.93,true,1,
4011100002227,false,מארז חטיפי מיני באונטי Bounty,לינדט ושפרונגלי קילשברג,NL,מיני באונטי,גרמים,403.00,100 גרם,false,0,19.90,4.93,true,1,
4011800290030,false,חטיף חלבון עם שוקולד חלב ללא תוספת סוכר,קורני,CZ,חטיף חלבון קורני,גרמים,50.00,100 גרם,false,1,8.90,17.80,true,1,
4011800290054,false,חטיף חלבון עם קוקוס ושוקולד חלב ללא תוספת סוכר,קורני,CZ,חטיף חלבון קורני,גרמים,50.00,100 גרם,false,1,8.90,17.80,true,1,
4011800528416,false,קורני חטיף דגנים עם בוטנים מתוק-מלוח*6,שוורטאוור וורקה,DE,חטיפי קורני 6 יח,גרמים,150.00,100 גרם,false,1,11.90,7.93,true,1,
4011800567613,false,מאגדת קורני מילק דרק & ואיט 120 גרם,מיוצר עי קונדיטוריית,DE,קורני סנדוויץ,גרמים,120.00,100 גרם,false,0,12.90,10.75,true,1,
4011800628512,false,חטיף קורני שוקולד חלב 6 יח 150 גר,מיוצר עי קונדיטוריית,DE,קורני חטיף דגנים,גרמים,150.00,100 גרם,false,0,11.90,7.93,true,1,
4011800630515,false,חטיף קורני שוקולד חלב ובננה 6 יח 150 גר,מיוצר עי קונדיטוריית,DE,קורני חטיף דגנים,גרמים,150.00,100 גרם,false,0,11.90,7.93,true,1,
4011800632519,false,"מארז חטיפי שוקולד חלב וקוקוס ""קורני""",מיוצר עי קונדיטוריית,DE,קורני חטיף דגנים,גרמים,150.00,100 גרם,false,0,11.90,7.93,true,1,
4011800633516,false,קורני שוקולד מריר מעולה 58% קקאו 6*1,שוורטאוור וורקה,DE,קורני חטיף דגנים,גרמים,138.00,100 גרם,false,0,11.90,8.62,true,1,
4011800636517,false,קורני פרי שוקולד חלב מעולה ללא סוכר 6*1,מיוצר עי קונדיטוריית,DE,קורני חטיף דגנים,גרמים,120.00,100 גרם,false,0,11.90,9.92,true,1,
4014400903409,false,בונבוניירה שוקולד אגוזים טופיפי 250 גרם,קריניציה ויטמינה אס,DE,בונבונ. טופיפי,גרמים,250.00,100 גרם,false,0,24.90,9.96,true,1,
4014400907902,false,"וורטרס אורגינל סוכריות חמאה ללא סוכר בקופסה
42 גרם",וורטר'ס אורגינל,DE,סוכריות וורטר,גרמים,42.00,100 גרם,false,0,6.20,14.76,true,1,
4014400910063,false,וורטרס אורגינל סוכריות חמאה בשקית,וורטר'ס אורגינל,DE,סוכריות וורטר,גרמים,135.00,100 גרם,false,0,8.00,5.93,true,1,
4014400914696,false,וורטרס אורגינל סוכריות ללא סוכר 80 גרם,ליימן מותגים,DE,סוכריות וורטר,גרמים,80.00,100 גרם,false,0,8.00,10.00,true,1,
4014400914924,false,"סוכריות בטעם קפה וורטר אורגינל לל""ס 80 גרם",קריניציה ויטמינה אס,DE,סוכריות וורטר,גרמים,80.00,100 גרם,false,0,8.00,10.00,true,1,
4014400920857,false,וורטר אורגינל ללא סוכר בטעם שוקולד-שקית 70 גרם,קריניציה ויטמינה אס,DE,סוכריות וורטר,גרמים,70.00,100 גרם,false,1,8.00,11.43,true,1,
4014400923711,false,בונבוניירה שוקולד אגוזים טופיפי 125 גרם,ליימן מותגים,DE,טופיפי,גרמים,125.00,100 גרם,false,1,12.50,10.00,true,1,
4014400925319,false,וורטרס אורגינל פופקורן קרמל 140 גרם,וורטרס Werther's,DE,ממתק קרמל ורטר,גרמים,140.00,100 גרם,false,1,15.90,11.36,true,1,
4014400931327,false,ורטרס אורגינל פופקורן עם קרמל זרעי דלעת 1/12,וורטרס Werther's,DE,פופקורן וורטר,גרמים,140.00,100 גרם,false,1,15.90,11.36,true,1,
4014522120104,false,בודטה-סוכריות פירות מולטיויטמין לל.ס 100ג,,DE,סוכריות פירות,גרמים,100.00,100 גרם,false,1,10.90,10.90,true,1,
4015000031394,false,"ספטיל - משחה להסרת כתמים 200 מ""ל",קריות זול,HU,ספטיל מסיר כתמים,מיליליטרים,200.00,"100 מ""ל",false,0,16.80,8.40,true,1,
4015000280372,false,"דאודורנט רול און בניחוח לימון פה 50 מ""ל",שוורצקופף והנקל,DE,דאודורנט FA,מיליליטרים,50.00,"100 מ""ל",false,0,9.90,19.80,true,1,
4015000615921,false,"פה - דאודורנט ספריי לגבר ספורט 200 מ""ל",שוורצקופף והנקל,TR,דאודורנט FA,מיליליטרים,200.00,"100 מ""ל",false,0,9.90,4.95,true,1,
4015400564034,false,מגן תחתון אולוויז מגה פק לונג פלוס 58 יחידות,פרוקטר אנד גמבל,DE,מגן תחתון אולויז,יחידה,1.00,יחידה,false,0,19.90,19.90,true,1,
4015400564454,false,מגני תחתון אולוויז לארג' עם ניחוח מגה פק,פרוקטר אנד גמבל,DE,מגן תחתון אולויז,יחידה,1.00,יחידה,false,0,19.90,19.90,true,1,
4015400681670,false,תחבושות אולוויז וליו פק לילה בטוח 18 יחידות,פרוקטר אנד גמבל,UA,תחבושות אולוייז,יחידה,1.00,יחידה,false,0,19.90,19.90,true,1,
4015400690313,false,טמפונים פרל רגולר טמפקס קומפאק 18 יח,פרוקטר אנד גמבל,HU,טמפקס,יחידה,1.00,יחידה,false,1,20.90,20.90,true,1,
4015400690405,false,טמפונים פרל סופר טמפקס קומפאק 18 יח,פרוקטר אנד גמבל,HU,טמפקס,יחידה,1.00,יחידה,false,1,20.90,20.90,true,1,
4015400695677,false,פמפרס בייבי דריי מידה 4+ 80 יח,פרוקטר & גמבל,TR,פמפרס אריזת ענק,יחידה,1.00,יחידה,false,1,71.50,71.50,true,1,
4015400695691,false,פמפרס בייבי דריי מידה 5 74 יח,פרוקטר & גמבל,TR,פמפרס אריזת ענק,יחידה,1.00,יחידה,false,1,71.50,71.50,true,1,
4015400731719,false,תחבושות היגייניות אולוויז יום ולילה Day & Night,פרוקטר אנד גמבל,UA,תחבושות אולוייז,יחידה,1.00,יחידה,false,1,19.90,19.90,true,1,
4015400746812,false,מגני תחתון אולוויז נורמל עם ניחוח מגה פק,פרוקטר אנד גמבל,UA,מגן תחתון אולויז,יחידה,1.00,יחידה,false,1,19.90,19.90,true,1,
4015400755241,false,תחבושות היגייניות אולוויז אולטרה נורמל - 28 יח',פרוקטר אנד גמבל,UA,תחבושות אולוייז,יחידה,1.00,יחידה,false,1,19.90,19.90,true,1,
4015400755487,false,תחבושות היגייניות אולוויז אולטרה לונג - 24 יח',פרוקטר אנד גמבל,UA,תחבושות אולוייז,יחידה,1.00,יחידה,false,1,19.90,19.90,true,1,
4015400824749,false,טמפונים טמפקס פלאש סופר פלוס 30 יחידות,פרוקטר אנד גמבל,HU,טמפקס פלאש,יחידה,1.00,יחידה,false,0,27.90,27.90,true,1,
4015600763251,false,שמפו הד&שולדרס קלאסי600מ,פרוקטר אנד גמבל,RO,שמפו הד&שולדרס,מיליליטרים,600.00,"100 מ""ל",false,0,23.90,3.98,true,1,
4015600763299,false,הד&שולדרס 600 שמפו 2ב1 קלאסי,פרוקטר אנד גמבל,RO,שמפו הד&שולדרס,מיליליטרים,600.00,"100 מ""ל",false,0,23.90,3.98,true,1,
4015600763411,false,שמפו הד&שולדרס מנטול 600,פרוקטר אנד גמבל,RO,שמפו הד&שולדרס,מיליליטרים,600.00,"100 מ""ל",false,0,23.90,3.98,true,1,
4015600763459,false,שמפו הד&שולדרס תפוח600מל,פרוקטר אנד גמבל,RO,שמפו הד&שולדרס,מיליליטרים,600.00,"100 מ""ל",false,0,23.90,3.98,true,1,
4015600763534,false,הד&שולדרס 600 שמפו מגע משי,פרוקטר אנד גמבל,RO,שמפו הד&שולדרס,מיליליטרים,600.00,"100 מ""ל",false,0,23.90,3.98,true,1,
4015600807436,false,"ג'ילט - דאודורנט ג'ל לגבר כדוריות קול וויב 75 מ""ל",פרוקטר אנד גמבל,PL,דאודורנט ג'ל,מיליליטרים,75.00,"100 מ""ל",false,0,24.90,33.20,true,1,
4017100198151,false,בלזן היט ביסקוויט עם מלית קרם בטעם וניל (41%) 220 גרם,הדקלאים אגודת שיתופי,PL,עוגיות סנדוויץ,גרמים,220.00,100 גרם,false,1,8.90,4.05,true,1,
4017100219900,false,בלזן וופלטן וופל מגולגל מצופה שוקולד חלב 100 גרם,הדקלאים אגודת שיתופי,DE,בלזן וופלטן,גרמים,100.00,100 גרם,false,0,11.50,11.50,true,1,
4017100290008,false,בלזן בסקויט חמאה מצופה שוקולד חלב 125 גרם,הדקלאים אגודת שיתופי,DE,ביסקוויט שוקולד,גרמים,125.00,100 גרם,false,0,11.50,9.20,true,1,
4017100366239,false,עוגיות ביסקוויט סנדוויץ ממולא קרם בטעם שוקולד,בלזן פולסקה,PL,עוגיות ליבניץ,גרמים,190.00,100 גרם,false,1,7.90,4.16,true,1,
4018344564610,false,פילה הרינג ברוטב עגבניות לארסן 200 גרם,,LV,פילה הרינג ברוטב,גרמים,200.00,100 גרם,false,1,10.90,5.45,true,1,
4018344564627,false,פילה הרינג ברוטב פלפל לארסן 200 גרם,,LV,פילה הרינג ברוטב,גרמים,200.00,100 גרם,false,1,10.90,5.45,true,1,
4022025001929,false,"בלו ווין מבעבע כחול 750 מ""ל",היי סישל סוהן טראבן,DE,בלו ווין מבעבע,מיליליטרים,750.00,"100 מ""ל",false,1,54.90,7.32,true,1,
4022025002100,false,"בלו ווין מבעבע K24 רוזה 750 מ""ל",היי סישל סוהן טראבן,DE,בלו ויין מבעבע,מיליליטרים,750.00,"100 מ""ל",false,1,54.90,7.32,true,1,
4025700001962,false,מילקה טבלה 100 גר' לבן 1/22 (4248023),פי אר ג'יי אס סי מונ,UA,שוקולד לבן,גרמים,100.00,100 גרם,false,1,6.90,6.90,true,1,
4032900111315,false,וינסטון קומפקט סילבר פק.,Unknown,UA,וינסטון קומפקט,יחידה,1.00,יחידה,false,1,281.00,281.00,false,1,
4033634030071,false,קרקר כוסמין קינואה110ג,,DE,חטיף קרקר כוסמין,גרמים,110.00,100 גרם,false,1,11.90,10.82,true,1,
4033634030095,false,חטיף קרקר ציה אמרנט110ג,,DE,חטיף קרקר ציה,גרמים,110.00,100 גרם,false,1,11.90,10.82,true,1,
4033634066001,false,קרקר 3 זרעים אורגני 200ג,"ד""ר קראוס קארג",DE,קרקר 3 זרעים,גרמים,200.00,100 גרם,false,1,15.90,7.95,true,1,
4033634066070,false,לחם אורגני קמח כוסמין200,"ד""ר קראוס קארג",DE,קרקר קמח כוסמין,גרמים,200.00,100 גרם,false,1,15.90,7.95,true,1,
4033634066094,false,קרקר כוסמין מוזלי200,,DE,קרקרכוסמין מוזלי,גרמים,200.00,100 גרם,false,1,15.90,7.95,true,1,
4033634066209,false,קרקר ציה שיב.שועל200,"ד""ר קראוס קארג",DE,קרקר שיבולת שועל,גרמים,200.00,100 גרם,false,1,15.90,7.95,true,1,
4052197000017,false,"בירה בנדיקטינר חיטה לא מסוננת 500 מ""ל",בנדיקטינר וויצבראו,DE,בירה בנדיקטינר,מיליליטרים,500.00,"100 מ""ל",false,0,10.90,2.18,true,1,
4056800739448,false,שוקוויבס חימר לעיצוב השיער מסי 75 מל,דיפלומט,FR,חימר לעיצוב שיע,מיליליטרים,75.00,"100 מ""ל",false,1,34.90,46.53,true,1,
4061445096689,false,קפה דוידוף מגורען 100 גר ESPRESSO 57,"טשיבו, אספי.זד.או.או",PL,קפה נמס אספרסו,גרמים,100.00,100 גרם,false,1,21.90,21.90,true,1,
4061445096702,false,קפה דוידוף מגורען 100 גר FINE AROMA,"טשיבו, אספי.זד.או.או",PL,קפה נמס דוידוף,גרמים,100.00,100 גרם,false,1,21.90,21.90,true,1,
4066600601920,false,פאולנר ביתר חיטה מעוננת 500 מל,פאולנר Paulaner,DE,בירה פאולנר,מיליליטרים,500.00,"100 מ""ל",false,1,10.90,2.18,true,1,
4066600612049,false,"בירה פאולנר אורטובר פאסט 500 מ""ל בקובק",מבשלת פאולנר,DE,בירה פאולנר,מיליליטרים,500.00,"100 מ""ל",false,1,11.90,2.38,true,1,
4066600999614,false,"בירה פאולנר, בירת חיטה מעוננת, בקבוק 500 מ""ל",מבשלת פאולנר,DE,בירה פאולנר חיטה,מיליליטרים,500.00,"100 מ""ל",false,1,11.90,2.38,true,1,
4067700014849,false,ליקר ייגרמייסטר כשר,פארייפאבה אגרואינדוס,DE,יגרמייסטר,מיליליטרים,700.00,"100 מ""ל",false,1,99.90,14.27,true,1,
4084500065536,false,פנטן קרם לחות מוגברת לעיצוב שיער 300 מל,פרוקטר אנד גמבל,FR,קרם לשיער פנטן,מיליליטרים,300.00,"100 מ""ל",false,0,17.90,5.97,true,1,
4084500088917,false,"נוזל כלים פיירי לימון 650 מ""ל בד""צ",פרוקטר אנד גמבל,GB,פיירי נוזל לכלים,מיליליטרים,650.00,"100 מ""ל",false,0,10.90,1.68,true,1,
4084500739253,false,"אוראל בי משחת שיניים- להלבנה לובן מהודר 75 מ""ל",פרוקטר אנד גמבל,DE,משחת אורל בי,מיליליטרים,75.00,"100 מ""ל",false,1,29.90,39.87,true,1,
4084500853836,false,"נוזל כלים פיירי ורדים ומשי 515 מ""ל בד""צ",פרוקטר אנד גמבל,GB,פיירי נוזל לכלים,מיליליטרים,515.00,"100 מ""ל",false,1,10.90,2.12,true,1,
4084500853898,false,"נוזל כלים פיירי אלוורה ומלפפונים 515 מ""ל בד""צ",פרוקטר אנד גמבל,GB,פיירי נוזל לכלים,מיליליטרים,515.00,"100 מ""ל",false,1,10.90,2.12,true,1,
4100130937163,false,בירה בקס שישייה 6*275 מל,"איי, בי, אינבוו",DE,בירה בקס 6 בקבוק,ליטרים,1.65,ליטר,false,1,29.90,18.12,true,1,
4105120623941,false,"בירה ויינשטפן בק' ח""פ 500 מ""ל","ויינשטפן, ת.ד 1155 פרייז",DE,בירה ויינשטפן,מיליליטרים,500.00,"100 מ""ל",false,1,11.90,2.38,true,1,
4105120624412,false,"בירה ויינשטפן ויטוס 500 מ""ל","ויינשטפן, ת.ד 1155 פרייז",DE,בירה ויישטפן,מיליליטרים,500.00,"100 מ""ל",false,1,11.90,2.38,true,1,
4210201154686,false,מברשת נטענת- ילדים פרוזן,בראון,DE,מברשת אורל בי,יחידה,1.00,יחידה,false,1,99.90,99.90,true,1,
4210201181538,false,אורל בי ראש חשמלי לילדים קארס 4 יחידות,פרוקטר & גמבל,DE,ראש חשמלי 4 יח,יחידה,1.00,יחידה,false,0,89.90,89.90,true,1,
4210201262183,false,מברשת שיניים חשמלית ויטליטי Vitality נטענת,פרוקטר אנד גמבל,DE,מברשת נטענת,יחידה,1.00,יחידה,false,1,81.90,81.90,true,1,
4210201354369,false,אורל בי ראש חשמלי קרוס אקשן 4 יחידות,פרוקטר אנד גמבל,IE,ראש חשמלי קרוס א,יחידה,1.00,יחידה,false,1,81.90,81.90,true,1,
4210201403319,false,אורל בי מברשת חשמלית נטענת ויטליטי פחם,פרוקטר אנד גמבל,DE,מברשת נטענת,יחידה,1.00,יחידה,false,1,81.90,81.90,true,1,
4260334140605,false,שוקולד ג'נדויה טבעוני עם אגוזי לוז שלמים 150 גרם ללא גלוטן,האי נאם סי או אל.טי.,IT,שוקולד טבעוני,גרמים,150.00,100 גרם,false,1,19.50,13.00,true,1,
4600659010854,false,"וודקה סטוליצ'ניה 700 מ""ל",איי. אס. לטבייאס בלזם,LV,וודקה סטוליצ'ניה,מיליליטרים,700.00,"100 מ""ל",false,0,64.90,9.27,true,1,
4602486002071,false,"וודקה בלנקאיה גולד 700 מ""ל",מזקקת גאורגייבסקי קר,RU,וודקה בלנקאיה,מיליליטרים,700.00,"100 מ""ל",false,1,59.90,8.56,true,1,
4603400000043,false,"וודקה רוסקיי סטנדרט 700 מ""ל",רוסקי סטנדרט וודקה,RU,וודקה רוסקי,מיליליטרים,700.00,"100 מ""ל",false,0,69.90,9.99,true,1,
4607001779650,false,קפה נמס ג'קובס גולד 190ג,,RU,קפה נמס ג'קובס,גרמים,190.00,100 גרם,false,1,24.50,12.89,true,1,
4607086730423,false,גרעין חמנייה קלוי 200גרם,KARPAY,IL,גרעין חמנייה,גרמים,200.00,100 גרם,false,1,11.90,5.95,true,1,
4607086730782,false,גרעין חמנייה עם מלח 200ג,KARPAY,IL,גרעין חמניה מלח,גרמים,200.00,100 גרם,false,1,11.90,5.95,true,1,
4640018993343,false,פיניש קוואנטום קפסולות ג'ל למדיח כלים 30 יח',רקיט בנקיזר,PL,פיניש 30 טבליות,יחידה,1.00,יחידה,false,1,39.90,39.90,true,1,
4640018993398,false,פיניש קוואנטום 60 יח' קפסולות ג'ל למדיח כלים,רקיט בנקיזר,PL,פיניש קוואנטום,יחידה,1.00,יחידה,false,1,59.90,59.90,true,1,
4710068001692,false,"מאסטר קפה לאטה פחית 240 מ""ל",תאיט מרקטינג אנד דיסטריב,TW,מאסטר קפה,מיליליטרים,240.00,"100 מ""ל",false,0,7.90,3.29,true,1,
4710068001715,false,"מאסטר קפה טירמיסו פחית 240 מ""ל",יוני פרזינדנט אנטרפר,TW,מאסטר קפה,מיליליטרים,240.00,"100 מ""ל",false,0,7.90,3.29,true,1,
4710068001739,false,"מאסטר קפה קולומביאני 240 מ""ל",יוני פרזינדנט אנטרפר,TW,מאסטר קפה,מיליליטרים,240.00,"100 מ""ל",false,0,7.90,3.29,true,1,
4710068002798,false,מאסטר קפה וונילה פחית 240 מל,מאיטה פוד אינדוסטריאל קו,TW,מאסטר קפה ונילה,מיליליטרים,240.00,"100 מ""ל",false,1,7.90,3.29,true,1,
4710964104916,false,"שמן שומשום טהור 370 מ""ל (כ)",פלייבור פול פודס טיי,TW,שמן שומשום,מיליליטרים,370.00,"100 מ""ל",false,0,22.90,6.19,true,1,
4710964170799,false,שומשום שחור קלוי 91 גרם,פלייבור פול פודס טיי,TW,שומשום שחור קלוי,גרמים,91.00,100 גרם,false,0,16.90,18.57,true,1,
4711476002813,false,"קפה קר פיפו למוקצינו 240 מ""ל זכוכית",,TW,קפה מוקוצ'ינו,מיליליטרים,240.00,"100 מ""ל",false,1,8.90,3.71,true,1,
4751003924010,false,סלט טונה עם ירקות מקסיקני 185 ג' לארסן,,LV,טונה עם ירקות,גרמים,185.00,100 גרם,false,1,12.90,6.97,true,1,
4751007730938,false,שפרוטים מעושנים 240 גרם,פודסטוק,LV,שפרוטים מעושנים,גרמים,240.00,100 גרם,false,1,11.60,4.83,true,1,
4751007733212,false,פילה סלומון ברוטב חרדל 170 גר,KARAVELLA,LV,פילה סלמון ברוטב,גרמים,170.00,100 גרם,false,1,11.90,7.00,true,1,
4751007733991,false,פילה סלומון מיץ טבעי 170 גר,KARAVELLA,LV,סלמון במיץ טבעי,גרמים,200.00,100 גרם,false,1,11.90,5.95,true,1,
4751007738101,false,סלט סלמון וירקות איטלקי לארסן 220 גרם,ס.י.א קרבלה,LV,דג סלמון+ירקות,גרמים,220.00,100 גרם,false,1,11.90,5.41,true,1,
4770577229062,false,סלק אדום מבושל אורגני500,.,LT,סלק אדום אורגני,גרמים,500.00,100 גרם,false,1,9.90,1.98,true,1,
4792032060454,false,"גרין קוקו - מי קוקוס אורגניים 330 מ""ל",גרין קוקו,VN,מי קוקוס אורגני,מיליליטרים,330.00,"100 מ""ל",false,1,9.40,2.85,true,1,
4792059022053,false,"קרם קוקוס אורגני 400 מ""ל",סי בי אל נטורל פודס,LK,קרם קוקוס,מיליליטרים,400.00,"100 מ""ל",false,1,12.80,3.20,true,1,
4792059372011,false,"שמן קוקוס אורגני גמוקה 500 מ""ל",,LK,שמן קוקוס,גרמים,500.00,100 גרם,false,0,30.00,6.00,true,1,
4793000637012,false,נטורפוד- קינמון ציילון אורגני טחון,אינטרנשיונל קומודטי אקספ,LK,קינמון ציילוני,גרמים,70.00,100 גרם,false,1,15.50,22.14,true,1,
4793000637029,false,אבקת מורינגה אורגנית 70 גרם,תות תעשיות מזון (201,LK,אבקת מורינגה,גרמים,70.00,100 גרם,false,1,15.50,22.14,true,1,
4800888150080,false,"דאב - דאודורנט רול און לאישה פרש טאצ' מלפפונים 50 מ""ל",יוניליוור פיליפינים,PH,דאודורנט דאב,מיליליטרים,50.00,"100 מ""ל",false,0,14.90,29.80,true,1,
4800888209368,false,רקסונה - דאודורנט סטיק לגבר אקסטרא קול 50 גרם,רקסונה Rexona,PH,דאודורנט רקסונה,גרמים,50.00,100 גרם,false,1,13.90,27.80,true,1,
4800888209405,false,רקסונה - דאודורנט סטיק לגבר קובלט דריי 50 גרם,רקסונה Rexona,PH,דאודורנט רקסונה,גרמים,50.00,100 גרם,false,1,13.90,27.80,true,1,
4800888219527,false,דאב - דאודורנט סטיק לאישה ללא סימן אינביזיבל 50 גרם,יוניליוור,PH,דאודורנט דאב,גרמים,50.00,100 גרם,false,1,14.90,29.80,true,1,
4800888219534,false,דאב - דאודורנט סטיק לאישה אנטי פרספירמט 50 גרם,"חברת זולברג, גוברנור",PH,דאו.דאב,מיליליטרים,50.00,"100 מ""ל",false,1,14.90,29.80,true,1,
4800888219541,false,רקסונה - דאודורנט סטיק לאישה פאוודר דרי 50 גרם,יוניליוור,PH,דאודורנט רקסונה,מיליליטרים,50.00,"100 מ""ל",false,1,13.90,27.80,true,1,
4801234159863,false,גלייד מיני-ג'ל מפיץ ריח בניחוח חבצלות ופרחי בר 70 גרם,המאפיה של הרמן,CN,גלייד מיני,גרמים,70.00,100 גרם,false,0,6.90,9.86,true,1,
4891199035005,false,סוללות אלקליין אולטרה AA,סמיקום,CN,סוללות אלקליין,יחידה,1.00,יחידה,false,0,25.00,25.00,true,1,
4891228302962,false,סכיני גילוח שיק הידרו 5 לחות מוגברת 4 יח,הנסיך- מפעל לייצור ט,CN,סכיני גילוח שיק,יחידה,1.00,יחידה,false,1,54.90,54.90,true,1,
4891228304478,false,שיק היידרו 5 סנס סכינים רביעייה,ארץ ייצור סכינים: ארהבn\,US,שיק הידרו סכינים,יחידה,1.00,יחידה,false,1,54.90,54.90,true,1,
4891228430047,false,סכיני גילוח שיק אקזקטה 2 ירוק 10 יח',אנרג'יזר Energizer,CN,סכיני גילוח 10יח,יחידה,1.00,יחידה,false,0,24.90,24.90,true,1,
4903001904192,false,"רוטב סויה יאמסה פרימיום 500 מ""ל",הדקלאים אגודת שיתופי,JP,רוטב סויה יאמאסה,מיליליטרים,500.00,"100 מ""ל",false,0,17.90,3.58,true,1,
4903001925784,false,"רוטב סויה יאמאסה פרמיום דל מלח 500 מ""ל",הדקלאים אגודת שיתופי,JP,רוטב סויה,מיליליטרים,500.00,"100 מ""ל",false,0,17.90,3.58,true,1,
4903001930993,false,"רוטב טריאקי יאמאסה 500 מ""ל",ליימן מותגים,JP,רוטב טריאקי,מיליליטרים,500.00,"100 מ""ל",false,1,17.90,3.58,true,1,
4903001945706,false,"רוטב יאמאסה פונזו לתיבול 500 מ""ל",יאמאסה yamasa,CN,רוטב פונזו,מיליליטרים,500.00,"100 מ""ל",false,1,21.90,4.38,true,1,
5000127163195,false,דגני בוקר קלוגס ספיישל קיי 500גרם,חברת קלוגס בריטניה,GB,קלוג'ס ספיישלK,גרמים,500.00,100 גרם,false,0,24.90,4.98,true,1,
5000146048671,false,סילבו משחה לניקוי כלי כסף 75 גרם,רקיט בנקיזר,PT,מטליות ניקוי,גרמים,75.00,100 גרם,false,1,14.90,19.87,true,1,
5000157143365,false,מתבל בטעם מיונז וקטשופ היינץ 425 גרם,"פודליצקי ספ.ז.או.או,",PL,מתבל ט.מיונז,גרמים,425.00,100 גרם,false,1,14.90,3.51,true,1,
5000159020312,false,מלטיזרס אריזה קטנה 37 גרם,מלטיזרס Maltesers,NL,שוקולד מלטיזרס,גרמים,37.00,100 גרם,false,1,5.00,13.51,true,1,
5000159376655,false,סוכריות SKITTLES פירות קטן 38 גרם אדום,ריגלי ממתקים,CZ,סוכריות סקיטלס,גרמים,38.00,100 גרם,false,0,2.90,7.63,true,1,
5000159376792,false,סוכריות סקיטלס Skittles פירות חמוצים,ריגלי ממתקים,CZ,סוכריות סקיטלס,גרמים,38.00,100 גרם,false,0,2.90,7.63,true,1,
5000159407236,false,חטיף מרס שוקולד עם ק,מרס הולנד בי.וי.,NL,חטיף מרס,גרמים,51.00,100 גרם,false,0,3.90,7.65,true,1,
5000159409179,false,מארז חטיפי מיני סניקרס Snickers,מרס הולנד בי.וי.,NL,מיני סניקרס,גרמים,403.00,100 גרם,false,0,19.90,4.93,true,1,
5000159442572,false,טוויקס חטיפי מיני שקית 403ג',מרס גי אם בי אייץ,DE,מיני טוויקס,גרמים,403.00,100 גרם,false,0,19.90,4.93,true,1,
5000159452540,false,סניקרס מארז חטיף 50 גרם חמישייה,מרס הולנד בי.וי.,NL,חטיפי סניקרס,גרמים,250.00,100 גרם,false,1,11.90,4.76,true,1,
5000159452663,false,מרס מארז חטיף 45 גרם חמישייה,מרס Mars,NL,חטיפי מרס,גרמים,225.00,100 גרם,false,1,11.90,5.29,true,1,
5000159459228,false,חטיף שוקולד טוויקס 50 ג',"נארז ע""י : א.ג. גילר",NL,חטיף טוויקס,גרמים,50.00,100 גרם,false,0,3.90,7.80,true,1,
5000159461122,false,חטיף שוקולד סניקרס מקס קרמל 50 ג',"נארז ע""י : א.ג. גילר",NL,חטיף סניקרס,גרמים,50.00,100 גרם,false,0,3.90,7.80,true,1,
5000159500845,false,סלבריישן מארז מתנה 196 גרם,מיילי,NL,בונבונ.סלבריישן,גרמים,196.00,100 גרם,false,1,21.90,11.17,true,1,
5000159516563,false,צעצוע פנס אמ אנד אמס,General,CN,פנס מ&מ'ס,יחידה,1.00,יחידה,false,1,14.90,14.90,true,1,
5000159532907,false,בי קיינד-אגוזים ומלח ים בציפוי דבש*3,General,GB,מאגדת בי קיינד,גרמים,90.00,100 גרם,false,1,14.90,16.56,true,1,
5000159538626,false,טוויקס מארז חטיף 50 גרם חמישייה,טוויקס Twix,NL,חטיפי טוויקס,גרמים,200.00,100 גרם,false,1,11.90,5.95,true,1,
5000168199245,false,שוקולד חלב מעולה בתוספת קרמל מלוח פיור גודייבה 90 ג',"אולקר מקבוצת פלאדיס, ציק",TR,שוקולד גודייבה,גרמים,90.00,100 גרם,false,1,14.90,16.56,true,1,
5000189974579,false,מארז מיני חטיפי קיט קט Kit Kat,ליימן מותגים,DE,קיט קאט מיני,גרמים,200.00,100 גרם,false,0,14.90,7.45,true,1,
5000204048803,false,"קיווי לניקוי נעלי ספורט 75 מ""ל",ג'ונסון אנד ג'ונסון,PL,קיווי לניקוי נעל,מיליליטרים,75.00,"100 מ""ל",false,1,15.90,21.20,true,1,
5000204114898,false,גלייד ארוסול מבשם אוויר ניחוח מרכך כביסה,"אס.סי ג'\ונסון,מידרכט, ה",NL,גלייד ארוסול,מיליליטרים,300.00,"100 מ""ל",false,1,7.90,2.63,true,1,
5000204114959,false,"גלייד ארוסול בניחוח פריחה בלבן 300 מ""ל","אס.סי ג'\ונסון,מידרכט, ה",NL,גלייד ארוסול,מיליליטרים,300.00,"100 מ""ל",false,1,7.90,2.63,true,1,
5000204153729,false,מטהר אוויר גלייד מילוי אוטומטי לבנדר וניל,המאפיה של הרמן,TR,גלייד מילוי,מיליליטרים,269.00,"100 מ""ל",false,1,15.90,5.91,true,1,
5000204182026,false,גלייד מוצק בניחוח אודיסאה הכחולה 180גר,במה פולסקה אספי.זד.או.או,PL,גלייד מוצק,גרמים,180.00,100 גרם,false,1,14.90,8.28,true,1,
5000204182057,false,מטהר אוויר גלייד מוצק בניחוח לבנדר,במה פולסקה אספי.זד.או.או,PL,גלייד מוצק לבנדר,גרמים,180.00,100 גרם,false,1,14.90,8.28,true,1,
5000204196689,false,"RAID מכשיר חשמלי +נוזל מילוי 90 לילות 2*36 מ""ל",Zobele Bulgaria,BG,רייד מכשיר+מילוי,יחידה,1.00,יחידה,false,1,42.50,42.50,true,1,
5000204196924,false,רייד מילוי נוזל *זוג 90 *לילות,גונסון שנגחאי,BG,רייד נוזל מילוי,מיליליטרים,72.00,"100 מ""ל",false,1,29.90,41.53,true,1,
5000204220933,false,"קוטל מעופפים אירוסול אקליפטוס 300 מ""ל רייד",SC Jonson,NL,רייד אירוסל,מיליליטרים,300.00,"100 מ""ל",false,1,14.90,4.97,true,1,
5000204243000,false,"נוזל לאסלה אפרסק על חלל 750 מ""ל דאק",טואלט דאק (ג'ונסון),NL,דאק נוזל אפרסק,מיליליטרים,750.00,"100 מ""ל",false,1,8.90,1.18,true,1,
5000204243031,false,"נוזל לאסלה ירח פורח 750 מ""ל דאק",טואלט דאק (ג'ונסון),NL,דאק נוזל ירח,מיליליטרים,750.00,"100 מ""ל",false,1,8.90,1.18,true,1,
5000204657913,false,קיווי משחת נעליים בקופסא שחור 50 מל,ג' אל ראיה בוגור,ID,קיווי משחה בשחור,מיליליטרים,50.00,"100 מ""ל",false,0,5.90,11.80,true,1,
5000204658125,false,"קיווי נוזל נעליים קראון חום 75 מ""ל",אס' סי' ג'ונסון במה,PL,קיווי נוזל,מיליליטרים,75.00,"100 מ""ל",false,0,14.90,19.87,true,1,
5000204658187,false,"קיווי נוזל נעליים קראון שחור 75 מ""ל",אס' סי' ג'ונסון במה,PL,קיווי נוזל,מיליליטרים,75.00,"100 מ""ל",false,0,14.90,19.87,true,1,
5000213000359,false,בירה גינס אקסטרא סטאוט,קרלסברג יבוא יצוא,IE,בירה גינס,מיליליטרים,330.00,"100 מ""ל",false,1,13.90,4.21,true,1,
5000213014905,false,"בירה גינס פחית 440 מ""ל",פארייפאבה אגרואינדוס,IE,בירה גינס פחית,מיליליטרים,440.00,"100 מ""ל",false,0,15.90,3.61,true,1,
5000267024202,false,וויסקי ג'וני ווקר שחור,אלכוהול (איי.בי.בי),GB,ויסקי ג'וני ווקר,מיליליטרים,700.00,"100 מ""ל",false,0,119.90,17.13,true,1,
5000267024233,false,"וויסקי ג'וני בלאק לייבל עם פורר 700מ""ל",ג'וני ווקר Johnnie walker,GB,ויסקי ג'וני ווקר,מיליליטרים,700.00,"100 מ""ל",false,0,119.90,17.13,true,1,
5000289925440,false,גין גורדון בקבוק 700,אלכסנדר גורדון ושות',GB,ג'ין גורדון,מיליליטרים,700.00,"100 מ""ל",false,1,84.90,12.13,true,1,
5000299611104,false,"וויסקי שיבאס אקסטרה 700 מ""ל",האחים שיבאס,GB,ויסקי שיבאס13שרי,מיליליטרים,700.00,"100 מ""ל",false,1,149.90,21.41,true,1,
5000394019089,false,סוללה פלוס פאוור 2 יחידות C דורסל,פרוקטר אנד גמבל,US,סוללות דורסל,יחידה,1.00,יחידה,false,1,32.90,32.90,true,1,
5000394140820,false,שישיות סוללות AA פלוס פאוור דורסל,דורסל,BE,דורסל פלוס פאוור,יחידה,1.00,יחידה,false,1,17.90,17.90,true,1,
5000394141209,false,שישיות סוללות AAA פלוס פאוור דורסל,דיפלומט,BE,דורסל פלוס פאוור,יחידה,1.00,יחידה,false,1,17.90,17.90,true,1,
5000394203921,false,זוג סוללות ליתיום 2032 דורסל,דורסל Duracell,CN,דורסל זוג סוללות,יחידה,1.00,יחידה,false,1,19.90,19.90,true,1,
5000396037531,false,מקוויטיס ביסקוויט מצופה שוקולד חלב 200 גרם,ברנדס סרטרה נשיונל,GB,ביסקוויט מקויטיס,גרמים,200.00,100 גרם,false,1,10.90,5.45,true,1,
5000396037944,false,מקוויטיס ביסקוויט אורגינל 250 גרם,ברנדס סרטרה נשיונל,GB,ביסקוויט מקויטיס,גרמים,250.00,100 גרם,false,1,9.90,3.96,true,1,
5010026515919,false,מוזלי קריספי נאטי מורנפלייק 650 גרם,מורנפלייק Mornflake,GB,מוזלי מורנפלייק,גרמים,650.00,100 גרם,false,1,24.90,3.83,true,1,
5010029000252,false,וויטביקס תערובת דגנים מחיטה מלאה 430 גרם,וויטביקס,GB,וויטביקס-דגנים,גרמים,430.00,100 גרם,false,1,24.90,5.79,true,1,
5010038454831,false,בירה בלו מון 330 מל בקבוק,"מבשלת סטרופראמן בע""\מ ,",CZ,בירה בלו מון,מיליליטרים,330.00,"100 מ""ל",false,1,13.50,4.09,true,1,
5010182997338,false,דאק ג'ל לניקוי אסלות בניחוח רענן 55 מל,"איטיליאן פוד, אס.פי.",IT,דאק ג'ל לאסלה,מיליליטרים,55.00,"100 מ""ל",false,0,9.90,18.00,true,1,
5010182997918,false,דאק ג'ל לניקוי אסלות בניחוח ים 55 מל,"איטיליאן פוד, אס.פי.",IT,דאק ג'ל לאסלה,מיליליטרים,55.00,"100 מ""ל",false,0,9.90,18.00,true,1,
5010182998847,false,דאק נוזל לניקוי אסלות בניחוח ים 750 מל,מיוצר עי קונדיטוריית,NL,טואלט דאק,מיליליטרים,750.00,"100 מ""ל",false,0,8.90,1.18,true,1,
5010182998861,false,דאק נוזל לניקוי אסלות בניחוח רענן 750 מל,מיוצר עי קונדיטוריית,NL,דאק נוזל אסלה,מיליליטרים,750.00,"100 מ""ל",false,0,8.90,1.18,true,1,
5010265002836,false,"פת פריכה אוריגינל שיפון מלא 250 גרם ""ריוטה""",דה ג'ורדנס אנד ריווי,GB,פת פריכה אורגינל,גרמים,250.00,100 גרם,false,1,14.90,5.96,true,1,
5010327000046,false,וויסקי גרנט'ס סקוטי,"וויליאם גראנט ובניו בע""\",GB,וויסקי גרנט'ס,מיליליטרים,700.00,"100 מ""ל",false,0,89.90,12.84,true,1,
5010327399614,false,"גלנפידיך 12 אמריקן אווק כשר 700 מ""ל",וויליאם גרנטס ובניו,GB,וויסקי גלנפידיך,מיליליטרים,700.00,"100 מ""ל",false,1,189.90,27.13,true,1,
5010622005012,false,אורל בי חוט דנטלי אסנשיאל ללא שעווה 50 מ',פרוקטר אנד גמבל,IE,חוט דנטלי,מטרים,50.00,מטר,false,0,19.40,0.39,true,1,
5010677551281,false,"בקרדי בריזר לימון 275 מ""ל בקבוק",בקרדי בריזר Bacardi Breezer,BE,בריזר לימון,מיליליטרים,275.00,"100 מ""ל",false,0,14.90,5.42,true,1,
5010677551397,false,"בקרדי בריזר לימון ליים 275 מ""ל",בקרדי בריזר Bacardi Breezer,BE,בריזר למון ליים,מיליליטרים,275.00,"100 מ""ל",false,1,14.90,5.42,true,1,
5010677552387,false,"בקרדי בריזר אננס 275 מ""ל בקבוק",בקרדי בריזר Bacardi Breezer,BE,בריזר בטעם אננס,מיליליטרים,275.00,"100 מ""ל",false,0,14.90,5.42,true,1,
5010677554398,false,"בקרדי בריזר אבטיח 275 מ""ל בקבוק",בקרדי בריזר Bacardi Breezer,BE,בריזר אבטיח,מיליליטרים,275.00,"100 מ""ל",false,0,14.90,5.42,true,1,
5011007003005,false,"וויסקי ג'יימסון אירי מזוקק 700 מ""ל",אייריש דיסטילרז,IE,וויסקי ג'יימסון,מיליליטרים,700.00,"100 מ""ל",false,0,109.90,15.70,true,1,
5011157630281,false,אורז לבן ארוך בסמטי טילדה Tilda,אלסקה/ טילדה,GB,אורז טילדה המשלי,קילוגרמים,1.00,"ק""ג",false,0,24.90,24.90,true,1,
5011348015194,false,"בירה הובגובלין גולד 500 מ""ל",מבשלת וויצ'ווד,GB,בירה הובגובלין,מיליליטרים,500.00,"100 מ""ל",false,1,15.90,3.18,true,1,
5011348019772,false,"בירה הובגובלין אי.פי.איי 500 מ""ל",ויצ'וויד,GB,בירה הובגובלין,מיליליטרים,500.00,"100 מ""ל",false,1,15.90,3.18,true,1,
5011408027990,false,ספרי עיצוב חזק מאוד לשיער Elnett,לוריאל Loreal,FR,אלנט ספריי לשיער,מיליליטרים,400.00,"100 מ""ל",false,0,29.60,7.40,true,1,
5012251012249,false,ביוטי פורמולה תרחיץ פנים פחם,,GB,תרחיץ פילינג לפנ,מיליליטרים,150.00,"100 מ""ל",false,1,14.90,9.93,true,1,
5014271002675,false,מעדן פרי תפוח וקינמון סנדלפור 284 גרם,סאן דלפור - שמבור,FR,מעדן תפוח קינמון,גרמים,284.00,100 גרם,false,1,19.90,7.01,true,1,
5014271300429,false,"מעדן משמש 100% פרי סנטדלפור 284 גרם לל""ס",סאן דלפור - שמבור,FR,מעדן מישמש,גרמים,284.00,100 גרם,false,0,19.90,7.01,true,1,
5014271310428,false,מעדן בטעם דובדבנים שחורים סאן דלפור 284 גרם,סאן דלפור - שמבור,FR,מעדן דובדבן שחור,גרמים,284.00,100 גרם,false,0,19.90,7.01,true,1,
5014271330426,false,מעדן אוכמניות כחולות ללא תוספת סוכר 284 גרם,סאן דלפור - שמבור,FR,מעדן אוכמניות,גרמים,284.00,100 גרם,false,0,19.90,7.01,true,1,
5014271350424,false,מעדן ארבעה פירות ללא תוספת סוכר 284 גרם,סאן דלפור - שמבור,FR,מעדן 4 פירות,גרמים,284.00,100 גרם,false,0,19.90,7.01,true,1,
5014271370422,false,מעדן אפרסקים ללא תוספת סוכר 284 גרם,סאן דלפור - שמבור,FR,מעדן אפרסקים,גרמים,284.00,100 גרם,false,0,19.90,7.01,true,1,
5014271400426,false,"מעדן בטעם תות שדה לל""ס סאן דלפור 284 גרם",סאן דלפור - שמבור,FR,מעדן תות שדה,גרמים,284.00,100 גרם,false,0,19.90,7.01,true,1,
5014271560427,false,מעדן תפוז וג'ינג'ר ללא סוכר סאן דלפור 284 גר,סאן דלפור - שמבור,FR,מעדן תפוז+גינג'ר,גרמים,284.00,100 גרם,false,0,19.90,7.01,true,1,
5014379009972,false,בירה לאגר באדוויזר פחית 500 מל,באדווייזר Budweiser,GB,בירה באדוויזר,מיליליטרים,500.00,"100 מ""ל",false,1,9.90,1.98,true,1,
5016840033219,false,וויסקי לוך לומונוד סינגל,לוך לומונוד דיסטלרי,GB,וויסקי לומונוד,מיליליטרים,700.00,"100 מ""ל",false,1,125.00,17.86,true,1,
5018357006731,false,תערובת דגנים 40% פירות ואגוזים 560 גרם,דורסט סיריאלס,GB,תערובת דגנים,גרמים,560.00,100 גרם,false,0,30.90,5.52,true,1,
5018357006755,false,תערובת דגנים 50% פירות ואגוזים 540 גרם,דורסט סיריאלס,GB,תערובת דגנים,גרמים,540.00,100 גרם,false,0,30.90,5.72,true,1,
5020628000126,false,"תאצרס הייז מעונן סיידר תפוחים 4.5% 500 מ""ל",ת'אצרס,GB,סיידר תפוחים,מיליליטרים,500.00,"100 מ""ל",false,1,9.90,1.98,true,1,
5024546366609,false,"וויסקי 700 מ""ל LAUDERS SCOTCH",מקדוף אינטרנשנל דיסט,GB,וויסקי לאודרס,מיליליטרים,700.00,"100 מ""ל",false,0,89.10,12.73,true,1,
5026489483993,false,חטיף עדשים בטעם מלח ים40,לקסמי אנד סונס סי/\אי קו,GB,חטיף עדשים,גרמים,40.00,100 גרם,false,1,8.90,22.25,true,1,
5026489500447,false,חט.חומוס ט. שמנת+עירית45,cofresh snack foods,GB,חטיף חומוס,גרמים,45.00,100 גרם,false,1,8.90,19.78,true,1,
5029053002408,false,קלינקס - נייר טואולט קליניקס לבן 9 גלילים,קימברלי קלארק ישראל,IL,נייר טואלט,מטרים,276.00,100 מטר,false,0,33.90,12.28,true,1,
5029053032658,false,שמיניית ממחטות טישו קלינקס 9 יחידות,חוגלה קימברלי,IT,קלינקס שמיניה,יחידה,1.00,יחידה,false,1,8.60,8.60,true,1,
5029053039725,false,ממחטות נייר קלינקס נטורל פרש קופסה 72 דף,קימברלי קלארק,FR,קלינקס נטורל פרש,יחידה,1.00,יחידה,false,1,11.90,11.90,true,1,
5029053510811,false,תחבושות נורמל פלוס עם כנפיים קוטקס 28 יחידות,קימברלי קלארק,CZ,תחבושות קוטקס,יחידה,1.00,יחידה,false,0,18.90,18.90,true,1,
5029053510828,false,תחבושות סופר פלוס עם כנפיים קוטקס 22יחידות,חוגלה קימברלי,CZ,תחבושות קוטקס,יחידה,1.00,יחידה,false,0,18.90,18.90,true,1,
5029053523446,false,קוטקס - תחבושות אולטרה נייט + כנפיים 20 יח',חוגלה קימברלי,CZ,תחבושות נייט קוט,יחידה,1.00,יחידה,false,0,18.90,18.90,true,1,
5029053527574,false,האגיס תחתון ספיגה 4-7 בנים דריי נייטס 10 יחידות,חוגלה קימברלי,CZ,10 תחתוני ספיגה,יחידה,1.00,יחידה,false,0,35.90,35.90,true,1,
5029053527598,false,תחתוני ספיגה בנים לתופעת הרטבת לילה 8-15 האגיס,חוגלה קימברלי,CZ,תחתוני ספיגה האג,יחידה,1.00,יחידה,false,0,35.90,35.90,true,1,
5029053534596,false,קוטקס טמפוני נורמל ללא מוליך 32 יח,קימברלי קלארק,CZ,טמפוני קוטקס,יחידה,1.00,יחידה,false,0,24.90,24.90,true,1,
5029053534602,false,קוטקס טמפוני סופר ללא מוליך 32 יח,קימברלי קלארק,CZ,טמפוני קוטקס,יחידה,1.00,יחידה,false,0,24.90,24.90,true,1,
5029053535227,false,טמפון עם מוליך נורמל קוטקס 16 יחידות,חוגלה קימברלי,CZ,טמפוני קוטקס,יחידה,1.00,יחידה,false,0,22.90,22.90,true,1,
5029053535234,false,קוטקס טמפונים עם מוליך סופר,חוגלה קימברלי,CZ,טמפוני קוטקס,יחידה,1.00,יחידה,false,0,22.90,22.90,true,1,
5029053574110,false,האגיס פול אפס תח.גמילה יום בנים 20 יחידו,חוגלה,CZ,האגיס גמילה בנים,יחידה,1.00,יחידה,false,1,43.90,43.90,true,1,
5029053578309,false,קופסת ממחטות אולטרה סופט 48 דף קלינקס,קימברלי קלארק,GB,קלינקס אולטרה,יחידה,1.00,יחידה,false,1,7.90,7.90,true,1,
5029054220085,false,האגיס - מגבוני האגיס אקסטרה קר לא מבושם 56 יח' * 4,חוגלה קימברלי,GB,מגבונים לרך נולד,יחידה,1.00,יחידה,false,1,24.90,24.90,true,1,
5035766060253,false,"בירה מרפיס, בירת סטאוט, פחית 500 מ""ל",מרפיס Murphys,GB,בירה מרפיס,מיליליטרים,500.00,"100 מ""ל",false,0,12.90,2.58,true,1,
5050083559761,false,דגני בוקר קלוגס קוקו פופס שוקוס 500 גרם,קלוגס מניופקטורינג אספנה,ES,קוקו פופס קלוג'ס,גרמים,500.00,100 גרם,false,0,18.90,3.78,true,1,
5053827193368,false,דגני בוקר קלוגס ברנפלקס 500 גרם,קלוגס קומפני אוף גרייט ב,GB,קלוגס ברנפלקס,גרמים,500.00,100 גרם,false,1,21.90,4.38,true,1,
5053827215862,false,קלוגס קוקו פופס שוקו 500ג',קלוגס מניופקטורינג אספנה,GB,קלוגס קוקו פופס,גרמים,500.00,100 גרם,false,1,18.90,3.78,true,1,
5060045588128,false,"וויסקי גים בים לבן 700 מ""ל","איי, בי, אינבוו",US,וויסקי ג'ים בים,מיליליטרים,700.00,"100 מ""ל",false,1,89.90,12.84,true,1,
5060169982031,false,קפה נמס ט.דאבל שוקולד50ג,ביניס קפה,GB,קפה נמס ביניס,גרמים,50.00,100 גרם,false,1,17.90,35.80,true,1,
5060169982062,false,קפה נמס ט.קרמל מקורמל50ג,ביניס קפה,GB,קפה נמס ביניס,גרמים,50.00,100 גרם,false,1,17.90,35.80,true,1,
5060169982123,false,קפה נמס ט.אייריש קרים50ג,ביניס קפה,GB,קפה נמס ביניס,גרמים,50.00,100 גרם,false,1,17.90,35.80,true,1,
5060319120078,false,הייר ליבינג-סוויט דרימס אורגני 40 גרם,אונלי נטורל פרודקטס,GB,תה איבנינג,גרמים,30.00,100 גרם,false,1,16.80,56.00,true,1,
5060319120108,false,תה ארל גריי אורגני 40 גר הייר ליבינג,אונלי נטורל פרודקטס,GB,תה ארל גריי,גרמים,33.00,100 גרם,false,1,16.80,50.91,true,1,
5060319120115,false,תה ירוק אורגני 50 גרם הייר ליבינג,אונלי נטורל פרודקטס,GB,תה ירוק,גרמים,33.00,100 גרם,false,1,16.80,50.91,true,1,
5060465390004,false,"בירה לל""ג ""סקיני"" בקבוק 330 מ""ל",סקיני ביר בע״מ,GB,בירה סקיני לאגר,גרמים,330.00,100 גרם,false,1,9.90,3.00,true,1,
5060517886486,false,"משקה אנרגיה מונסטר אנרג'י בפחית 500 מ""ל",מונסטר אנרג'י Monster Energy,RS,מונסטר אנרג'י,מיליליטרים,500.00,"100 מ""ל",false,1,6.90,1.38,true,1,
5060517886516,false,"משקה אנרגיה מונסטר אנרג'י זירו בפחית 500 מ""ל",מונסטר אנרג'י Monster Energy,RS,מונסטר אנרג'י,מיליליטרים,500.00,"100 מ""ל",false,1,6.90,1.38,true,1,
5060639128051,false,"משקה אנרגיה מונסטר אולטרה בפחית 500 מ""ל",מונסטר אנרג'י לימטד,RS,מונסטר אולטרה,מיליליטרים,500.00,"100 מ""ל",false,1,6.90,1.38,true,1,
5060639129102,false,"משקה אנרגיה מונסטר אנרג'י מנגו בפחית 500 מ""ל",מונסטר אנרג'י Monster Energy,RS,מונסטר מנגו,מיליליטרים,500.00,"100 מ""ל",false,1,6.90,1.38,true,1,
5060751218173,false,"משקה אנרגיה מונסטר אנרג'י piplin punch בפחית 500 מ""ל",מונסטר אנרג'י לימטד,RS,מונסטר פייפליין,מיליליטרים,500.00,"100 מ""ל",false,1,6.90,1.38,true,1,
5060751219033,false,"משקה אנרגיה מונסטר אנרג'י זירו paradise בפחית 500 מ""ל",מונסטר אנרג'י לימטד,RS,מונסטר אנרג'י,מיליליטרים,500.00,"100 מ""ל",false,1,6.90,1.38,true,1,
5099873006504,false,"וויסקי ג'ק דניאלס פייר 700 מ""ל",בראון פורמן,BE,וויסקי ג'ק דניאל,מיליליטרים,700.00,"100 מ""ל",false,1,119.90,17.13,true,1,
5200133120476,false,גלילות וופלים ממולאים קרם אגוזים וקקאו 400 ג',גולדן ברייק Golden break,GR,גליליות וופל,גרמים,400.00,100 גרם,false,1,17.90,4.48,true,1,
5200133120483,false,גליליות וופלים ממולא קרם וניל 400 גר,גולדן ברייק Golden break,GR,גליליות וופל,גרמים,400.00,100 גרם,false,1,17.90,4.48,true,1,
5200133120735,false,גליליות וופלים שוקלד מריר 400 ג',"קוארטט אס.אי,",GR,גליליות וופל,גרמים,400.00,100 גרם,false,1,17.90,4.48,true,1,
5201004020338,false,קפריס רולס קלאסיק 400 גרם,א.ג פאפאגופולוס,GR,גלילי וופל קפריס,גרמים,400.00,100 גרם,false,1,19.90,4.98,true,1,
5201261201532,false,"רביעית פחית בירה היינקן 500 מ""ל",מבשלת אתונה S.A.\n,IL,בירה הייניקן 4פח,ליטרים,2.00,ליטר,false,1,38.90,19.45,true,1,
5201263006340,false,תחבושת EVERY DAY נורמל 18 יח',,GR,תחבושות נורמל,יחידה,1.00,יחידה,false,1,12.90,12.90,true,1,
5201263006357,false,תחבושת EVERY DAY סופר 18 יח',,GR,תחבושות סופר,יחידה,1.00,יחידה,false,1,12.90,12.90,true,1,
5201263006364,false,תחבושת EVERY DAY מקסי נייט 18 יח',,GR,תחבושות מקסי,יחידה,1.00,יחידה,false,1,12.90,12.90,true,1,
5201263011474,false,מגן תחתון EVERY DAY לארג' 30 יח',,GR,מגני תחתון לארג',יחידה,1.00,יחידה,false,1,12.90,12.90,true,1,
5201263011801,false,מגן תחתון EVERY DAY נורמל 20 יח',,GR,מגני תחתון נורמל,יחידה,1.00,יחידה,false,1,12.90,12.90,true,1,
5201340003385,false,TRATA טונה מעושנת שמן סויה 160 גרם,נורט אגיאוסי קנריס,GR,טונה מעושנת בשמן,גרמים,160.00,100 גרם,false,1,11.90,7.44,true,1,
5201340003392,false,טונה מעושנת עם לימון ואורגנו 160 גרם,נורט אגיאוסי קנריס,GR,טונה מעושנת,גרמים,160.00,100 גרם,false,1,11.90,7.44,true,1,
5201347160326,false,גל לשמירה על חיי מכונת הכביסה קלגון 750מ,רקיט בנקיזר,IT,קלגון ג'ל,מיליליטרים,750.00,"100 מ""ל",false,1,29.90,3.99,true,1,
5201583751111,false,זירו סוכריות ללא סוכר טעם אספרסו קרמי,איתן,GR,סוכריות זירו,גרמים,32.00,100 גרם,false,1,6.90,21.56,true,1,
5201583752118,false,זירו סוכריות ללא סוכר חמאה במילוי שוקולד,איתן,GR,סוכריות זירו,גרמים,36.00,100 גרם,false,1,6.90,19.17,true,1,
5201940010011,false,זיתים שחורים טבעיים בפח ויליפוד 454 גרם,סיוארס אס.איי,GR,זיתים שחורים,גרמים,454.00,100 גרם,false,0,14.90,3.28,true,1,
5201940010110,false,זיתים שחורים קלמטה וילי פוד 250 גרם,סיוארס אס.איי,GR,זיתים שחורים,גרמים,454.00,100 גרם,false,0,14.90,3.28,true,1,
5202300043007,false,צבע לשיער קולסטון - 7/7 חום שטני,פרוקטר אנד גמבל,DE,קולסטון שפופרת,יחידה,1.00,יחידה,false,0,19.90,19.90,true,1,
5202300043168,false,צבע לשיער קולסטון - 7/0 בלונד בינוני,פרוקטר אנד גמבל,DE,קולסטון,יחידה,1.00,יחידה,false,0,19.90,19.90,true,1,
5202300043175,false,צבע לשיער קולסטון - 6/0 בלונד כהה,פרוקטר אנד גמבל,DE,קולסטון שפופרת,יחידה,1.00,יחידה,false,0,19.90,19.90,true,1,
5202300043182,false,צבע לשיער קולסטון - 5/0 חום בהיר,פרוקטר אנד גמבל,DE,קולסטון שפופרת,יחידה,1.00,יחידה,false,0,19.90,19.90,true,1,
5202300043205,false,צבע לשיער קולסטון - 3/0 חום כהה,פרוקטר אנד גמבל,DE,קולסטון חום כהה,יחידה,1.00,יחידה,false,0,19.90,19.90,true,1,
5202300043274,false,צבע לשיער קולסטון- 8/1 בלונד אפרפר בהיר,פרוקטר אנד גמבל,DE,קולסטון שפופרת,יחידה,1.00,יחידה,false,0,19.90,19.90,true,1,
5202302000039,false,זיתים שחורים טבעיים קלמטה 275 גרם,,GR,זיתים שחורים,גרמים,275.00,100 גרם,false,0,23.70,8.62,true,1,
5202390015618,false,גבינה צהובה טבעונית אורגינל ויאו לייף 200 ג',אריביה אס.אי. 57022,GR,צהובה טבעונית,גרמים,200.00,100 גרם,false,0,23.70,11.85,true,1,
5202390020407,false,פטה טבעונית גוש ויולייף 200 ג',ביוט איילנד פודס בעמ,GR,בסגנון פטה,גרמים,200.00,100 גרם,false,1,26.90,13.45,true,1,
5202390021121,false,קרמי אוריגינל טבעוני ויולייף 150 גר,ביוט איילנד פודס בעמ,GR,קרמי אורגינל,גרמים,150.00,100 גרם,false,1,18.90,12.60,true,1,
5202390022319,false,ויולייפ צד'ר מגורדת 150 גר,ביוט איילנד פודס בעמ,GR,פתיתים מהצומח,גרמים,150.00,100 גרם,false,1,23.00,15.33,true,1,
5391523057929,false,סימילאק גולד שלב 1 תרכובת מזון על בסיס חלב,אבוט מעבדות רפואיות,IE,סימילאק גולד,גרמים,700.00,100 גרם,false,1,69.90,9.99,true,1,
5391523057936,false,סימילאק גולד שלב 2 תרכובת מזון על בסיס חלב,אבוט מעבדות רפואיות,IE,סימילאק גולד,גרמים,700.00,100 גרם,false,1,69.90,9.99,true,1,
5391523057943,false,סימילאק גולד שלב 3 תרכובת מזון על בסיס חלב,אבוט מעבדות רפואיות,IE,סימילאק גולד,גרמים,700.00,100 גרם,false,1,69.90,9.99,true,1,
5391523058070,false,סימילאק אדבנס פלוס 3 תרכובת מזון על בסיס חלב,אבוט מעבדות רפואיות,IE,סימילאק אדבנס,גרמים,700.00,100 גרם,false,1,64.90,9.27,true,1,
5391523058087,false,סימילאק אדבנס פלוס 2 תרכובת מזון על בסיס חלב,טרופיקל דגיל תעשיות,IE,סימילאק אדבנס,גרמים,700.00,100 גרם,false,1,64.90,9.27,true,1,
5400265022796,false,המלט- שוקוליס דפדפי קריספי 125 גר,HAMLET NV,BE,דפדפי שוקולד,גרמים,125.00,100 גרם,false,0,11.90,9.52,true,1,
5400265035949,false,בונ.המלט אקסלסיום שחו180,,BE,בונבוניירה המלט,גרמים,180.00,100 גרם,false,1,16.90,9.39,true,1,
5410076933129,false,אריאל אבקת כביסה שושן צחור 3 קג,פרוקטר אנד גמבל,CZ,אריאל שושן צחור,קילוגרמים,3.00,"ק""ג",false,0,29.90,9.96,true,1,
5410103161518,false,קרם יום עם פעולה משולשת לעור רגיל ומעורב,"לוריאל ישראל בע""מ",DE,קרם לחות,מיליליטרים,50.00,"100 מ""ל",false,0,49.90,99.80,true,1,
5410103161617,false,קרם יום עם פעולה משולשת Triple active לעור יבש ועדין,"לוריאל ישראל בע""מ",DE,קרם לחות עור יבש,מיליליטרים,50.00,"100 מ""ל",false,0,49.90,99.80,true,1,
5410126006087,false,עוגיות לוטוס ארוזות בתפזורת 700 גרם,לוטוס ביקרי נ.וי.,BE,ביסקוויט לוטוס,גרמים,700.00,100 גרם,false,0,24.90,3.55,true,1,
5410126106183,false,עוגיות לוטוס 50 יחידות ארוזות בנפרד 312 גרם,כלורוקס אוקלנד,BE,ביסקוויט לוטוס,גרמים,312.00,100 גרם,false,0,16.80,5.38,true,1,
5410126116953,false,ממרח ביסקוויט קרמל לוטוס 400 גרם,לוטוס בייקרי בלגיה נ,BE,ממרח ביסקוויט,גרמים,400.00,100 גרם,false,0,22.90,5.73,true,1,
5410126666038,false,"ביסקוויט קרמל לוטוס 279 גרם בד""צ",לוטוס ביקרי נ.וי,BE,ביסקוויט לוטוס,גרמים,279.00,100 גרם,false,1,12.90,4.62,true,1,
5410126716016,false,"עוגיות לוטוס ביסקויט קרמל בד""צ 250 גרם",לוטוס ביקרי בלגיה,BE,ביסקויט לוטוס,גרמים,250.00,100 גרם,false,0,11.80,4.72,true,1,
5410126726947,false,ממרח ביסקוויט קרמל קראנץ' לוטוס 380 גרם,לוטוס בייקרי בלגיה נ,BE,ממרח עוגיות,גרמים,380.00,100 גרם,false,0,23.20,6.11,true,1,
5410228144755,false,"בירה סטלה ארטואה שישייה בקבוק 330 מ""ל",מבשלות בירה בינלאומיות ב,IL,בירה סטלה 6 יח',ליטרים,1.98,ליטר,false,0,34.90,17.63,true,1,
5410228267515,false,"שישיית בירה לאגר באדוויזר 6*330 מ""ל",באדווייזר Budweiser,GB,בירה באדוויזר6בק,ליטרים,1.98,ליטר,false,1,34.90,17.63,true,1,
5410316983693,false,"סמירנוף אייס בקבוק 275 מ""ל",סמירנוף אייס Smirnoff ice,IT,אייס סמירנוף,מיליליטרים,275.00,"100 מ""ל",false,0,12.90,4.69,true,1,
5410769100081,false,"בירה לה שוף קטן 330 מ""ל בקבוק","איי, בי, אינבוו",BE,בירה לה שוף,מיליליטרים,330.00,"100 מ""ל",false,1,14.90,4.52,true,1,
5410769200088,false,"בירה מק שוף קטן 330 מ""ל בקבוק",פארייפאבה אגרואינדוס,BE,בירה מק שוף,מיליליטרים,330.00,"100 מ""ל",false,1,14.90,4.52,true,1,
5411081000523,false,"בירה קסטיל דונקר 330 מ""ל",מבשלת קסטל ואן הונסברוק,BE,בירה קסטיל דונקר,מיליליטרים,330.00,"100 מ""ל",false,0,12.90,3.91,true,1,
5411081008192,false,"בירה קסטיל רוז 330 מ""ל פחית",מבשלת קסטל ואן הונסב,BE,קסטיל רוז' פחית,מיליליטרים,330.00,"100 מ""ל",false,1,12.90,3.91,true,1,
5411081008420,false,"בירה בירה שושנע קסטיל 330 מ""ל פחית",מבשלת קסטל ואן הונסברוק,BE,בירה שושנע פחית,מיליליטרים,330.00,"100 מ""ל",false,1,12.90,3.91,true,1,
5411188080268,false,"אלפרו סויה אורגני 1 ל מפוקח ע""י סקאל",הנסיך- מפעל לייצור ט,BE,משקה סויה אורגני,ליטרים,1.00,ליטר,false,0,15.90,15.90,true,1,
5411188081852,false,אלפרו משקה סויה בטעם וניל 1 ל',הנסיך- מפעל לייצור ט,BE,משקה סויה וניל,ליטרים,1.00,ליטר,false,0,15.90,15.90,true,1,
5411188096108,false,"אלפרו שמנת צמחית לבישול לייט 250מ""ל",אלפרו C.V.A,BE,שמנת צמחית,מיליליטרים,250.00,"100 מ""ל",false,0,9.90,3.96,true,1,
5411188106159,false,אלפרו סויה לייט מופחת שומן 1.2% 1 ליטר,הנסיך- מפעל לייצור ט,BE,משקה סויה אלפרו,ליטרים,1.00,ליטר,false,0,13.90,13.90,true,1,
5411188110835,false,אלפרו חלב סויה שקדים וניל 1ל',הנסיך- מפעל לייצור ט,BE,משקה שקדים אלפרו,ליטרים,1.00,ליטר,false,0,13.90,13.90,true,1,
5411188112709,false,"משקה קוקוס אלפרו 1 ליטר משקה שקדים לל""ס",הנסיך- מפעל לייצור ט,BE,משקה שקדים אלפרו,ליטרים,1.00,ליטר,false,0,13.90,13.90,true,1,
5411188115366,false,משקה קוקוס אלפרו 1 ליטר משקה שיבולת שועל 1 ליטר,הנסיך- מפעל לייצור ט,BE,משקה שיבולת שועל,ליטרים,1.00,ליטר,false,0,13.90,13.90,true,1,
5411188115434,false,אלפרו משקה בריסטה סויה 1 ליטר,אלפרו Alpro,BE,משקה סויה בריסטה,ליטרים,1.00,ליטר,false,1,15.90,15.90,true,1,
5411188115472,false,משקה סויה אלפרו 1 ליטר,הנסיך- מפעל לייצור ט,BE,משקה סויה אלפרו,ליטרים,1.00,ליטר,false,1,13.90,13.90,true,1,
5411188118732,false,משקה אלפרו קוקוס ושקדים 1 ליטר,הנסיך- מפעל לייצור ט,BE,משקה קוקוס שקדים,ליטרים,1.00,ליטר,false,1,13.90,13.90,true,1,
5411188120742,false,משקה קוקוס אלפרו 1 ליטר שקדים וניל 1 ל',הנסיך- מפעל לייצור ט,BE,משקה שקדים וניל,ליטרים,1.00,ליטר,false,1,13.90,13.90,true,1,
5411188120957,false,"אלפרו תערובת לבישול על בסיס קוקוס 250 מ""ל",אלפרו C.V.A,BE,אלפרו לבישול,מיליליטרים,250.00,"100 מ""ל",false,1,10.90,4.36,true,1,
5411188121923,false,"משקה סויה מועשר סידן אלפרו 3*250 מ""ל",הנסיך- מפעל לייצור ט,BE,משקה סויה 3 יח,מיליליטרים,750.00,"100 מ""ל",false,1,15.90,2.12,true,1,
5411188121978,false,"משקה סויה בטעם שוקולד 3 * 250 מ""ל אלפרו",אלפרו סי.וי. איי,BE,משקה סויה 3 יח,מיליליטרים,750.00,"100 מ""ל",false,1,15.90,2.12,true,1,
5411188122586,false,"משקה שקדים אלפרו 250 מ""ל",הנסיך- מפעל לייצור ט,BE,משקה שקדים,מיליליטרים,250.00,"100 מ""ל",false,1,6.50,2.60,true,1,
5411188122661,false,אלפרו משקה שקדים לא קלויים ללא תוספת סוכר 1 ל',הנסיך- מפעל לייצור ט,BE,משקה שקדים אלפרו,ליטרים,1.00,ליטר,false,1,13.90,13.90,true,1,
5411188124689,false,משקה אלפרו שיבולת שועל ללא סוכר 1 ליטר,אלפרו C.V.A,BE,משקה ש.שועל,ליטרים,1.00,ליטר,false,1,13.90,13.90,true,1,
5411188126195,false,אלפרו משקה שקדים אורגני 1ל מפוקח סקאל,אלפרו Alpro,BE,משקה שקדים אלפרו,ליטרים,1.00,ליטר,false,1,13.90,13.90,true,1,
5411188127697,false,אלפרו משקה בריסטה שיבולת שועל 1 ליטר,הנסיך- מפעל לייצור ט,BE,משקה שיבולת שועל,ליטרים,1.00,ליטר,false,1,13.90,13.90,true,1,
5411188129899,false,משקה אלפרו בריסטה שקדים 1 ליטר,הנסיך- מפעל לייצור ט,BE,משקה שקדים אלפרו,ליטרים,1.00,ליטר,false,1,13.90,13.90,true,1,
5411188133476,false,אלפרו משקה סויה שוקו+חלבון 250 גרם בית יוסף,אלפרו C.V.A,BE,משקה סויה אלפרו,מיליליטרים,250.00,"100 מ""ל",false,1,7.90,3.16,true,1,
5411188133490,false,אלפרו משקה סויה קפה קרמל+חלבון 250 גרם בית יוסף,אלפרו C.V.A,BE,משקה סויה קפה,מיליליטרים,250.00,"100 מ""ל",false,1,7.90,3.16,true,1,
5411188134985,false,אלפרו 3.5% NOT M*LK שיבולת שועל 1 ליטר בית יוסף,הנסיך- מפעל לייצור ט,BE,משקה שיבולת שועל,ליטרים,1.00,ליטר,false,1,14.90,14.90,true,1,
5411188135005,false,אלפרו 1.8% NOT M*LK שיבולת שועל 1 ליטר בית יוסף,הנסיך- מפעל לייצור ט,BE,משקה שיבולת שועל,ליטרים,1.00,ליטר,false,1,14.90,14.90,true,1,
5411188300328,false,אלפרו סויה שוקו 1 ליטר * 8 יחי,הנסיך- מפעל לייצור ט,BE,משקה סויה שוקו,ליטרים,1.00,ליטר,false,0,15.90,15.90,true,1,
5411188513483,false,"סויה לבישול 14% שומן אלפרו 250 מ""ל",אלפרו C.V.A,BE,אלפרו לבישול,מיליליטרים,250.00,"100 מ""ל",false,1,10.90,4.36,true,1,
5411188543398,false,אלפרו משקה סויה ללא סוכר 1 ליטר,הנסיך- מפעל לייצור ט,BE,משקה סויה אלפרו,ליטרים,1.00,ליטר,false,1,13.90,13.90,true,1,
5411616002190,false,"בירה STRONG מרטינס 8.5% כהל 500 מ""ל",מבשלת מרטנס,BE,בירה מרטנס,מיליליטרים,500.00,"100 מ""ל",false,1,6.90,1.38,true,1,
5411616133245,false,בירה מרטנס פחית ירוק500מ,מבשלת מרטנס,BE,בירה מרטנס ירוק,מיליליטרים,500.00,"100 מ""ל",false,0,6.90,1.38,true,1,
5411616148546,false,"בירה מרטינס גולד 500 מ""ל-פחית",מבשחת מרטנס,BE,בירה מרטנס גולד,מיליליטרים,500.00,"100 מ""ל",false,0,6.90,1.38,true,1,
5411681038001,false,"מרדסו מעורפלת מאוד330מ""ל","איי, בי, אינבוו",BE,בירה מרדסו,מיליליטרים,330.00,"100 מ""ל",false,0,14.90,4.52,true,1,
5412533001617,false,נוזל לניקוי כלים אלוורה ולימון 1 ליטר,אקובר,BE,נוזל לכלים,ליטרים,1.00,ליטר,false,0,16.90,16.90,true,1,
5412533002652,false,מסיר כתמים מבגדים 200 מל,אקובר,BE,מסיר כתמים,מיליליטרים,200.00,"100 מ""ל",false,0,26.70,13.35,true,1,
5412533419566,false,נוזל לכביסה עדינה בניחוח נופר 750 מל,אקובר,BE,נוזל כביסה עדינה,מיליליטרים,750.00,"100 מ""ל",false,1,23.90,3.19,true,1,
5412533419665,false,"מרכך כביסה תפוח ושקדים 750 מ""ל",,BE,מרכך כביסה,מיליליטרים,750.00,"100 מ""ל",false,1,16.90,2.25,true,1,
5412533419702,false,"מרכך כביסה ווניל וגרדניה 750 מ""ל",אקובר,BE,מרכך כביסה,מיליליטרים,750.00,"100 מ""ל",false,1,16.90,2.25,true,1,
5412533421514,false,נוזל לניקוי רצפות 1 ליטר,,BE,נוזל לניקוי,ליטרים,1.00,ליטר,false,1,19.70,19.70,true,1,
5412533421989,false,"מסיר אבנית אקובר 500 מ""ל",,BE,מסיר אבנית,מיליליטרים,500.00,"100 מ""ל",false,1,24.70,4.94,true,1,
5412956221203,false,שוקולד חלב קאשט שברי קרמל ומלח ים 180 גר,KIMS,BE,שוקולד חלב,גרמים,180.00,100 גרם,false,1,15.90,8.83,true,1,
5600395030689,false,סרדין בשמן סויה חריף115ג,קופיסה אס.איי,PT,סרדין בשמן,גרמים,115.00,100 גרם,false,0,7.90,6.87,true,1,
5600395034076,false,טונה בהירה בשמן זית אורגני 110 גרם,קופיסה אס.איי,PT,נתחי טונה בהירה,גרמים,120.00,100 גרם,false,1,9.90,8.25,true,1,
5600395034083,false,סרדינים בשמן זית אורגני 120 גרם,קופיסה אס.איי,PT,סרדינים בשמן זית,גרמים,120.00,100 גרם,false,1,8.90,7.42,true,1,
5600395034748,false,מקרלים בשמן זית אורגני 120 גר,קופיסה אס.איי,PT,מקרלים בשמן זית,גרמים,120.00,100 גרם,false,1,8.90,7.42,true,1,
5601008200444,false,עוגיות גודיס טבעות מצופות שוקולד חלב מרבה 150 גרם,הנסיך- מפעל לייצור ט,PT,עוגיות גודיס,גרמים,150.00,100 גרם,false,0,6.90,4.60,true,1,
5601008200468,false,עוגיות גודיס טבעות מצופות שוקולד לבו מרבה 150 גרם,קריניציה ויטמינה אס,PT,עוגיות גודיס,גרמים,150.00,100 גרם,false,0,6.90,4.60,true,1,
5601010211070,false,סרדין במים רמירז 125 גרם,רמירז אנד קה פילהאוס,PT,סרדינים במים,גרמים,125.00,100 גרם,false,0,11.00,8.80,true,1,
5601036205534,false,צבע לשיער אקסלנס קרם - 1 שחור,לוריאל Loreal,BE,צבע לשיער אקסלנס,יחידה,1.00,יחידה,false,0,34.90,34.90,true,1,
5601036205589,false,צבע לשיער אקסלנס קרם - 5 חום טבעי,לוריאל Loreal,BE,צבע לשיער אקסלנס,יחידה,1.00,יחידה,false,0,34.90,34.90,true,1,
5601036205602,false,צבע לשיער אקסלנס קרם - 5.5 חום מהגוני,לוריאל ישראל קוסמטיקס בע,BE,צבע לשיער אקסלנס,יחידה,1.00,יחידה,false,0,34.90,34.90,true,1,
5601036205626,false,צבע לשיער אקסלנס קרם - 6 בלונד כהה,לוריאל Loreal,BE,צבע שיער אקסלנס,יחידה,1.00,יחידה,false,0,34.90,34.90,true,1,
5601036205657,false,צבע לשיער אקסלנס קרם - 7 בלונד,לוריאל Loreal,BE,צבע לשיער אקסלנס,יחידה,1.00,יחידה,false,0,34.90,34.90,true,1,
5601217129420,false,וולייט דפים למניעת העברת צבע 20 יחידות,רקיט בן קיזר,IT,וולייט דפים,יחידה,1.00,יחידה,false,1,19.90,19.90,true,1,
5701932026964,false,"הוטפופ גרעיני תירס להכנת פופקורן במיקרוגל בטעם טבעי, בתוספת מלח, 600 גרם",ליימן מותגים,US,פופקורן הוטפופ,גרמים,600.00,100 גרם,false,0,14.90,2.48,true,1,
5701932026971,false,הוטפופ גרעיני תירס להכנת פופקורן במיקרוגל בטעם חמאה 600 גרם,ליימן מותגים,US,הוטפופ טעם חמאה,גרמים,600.00,100 גרם,false,0,14.90,2.48,true,1,
5701932026995,false,"הוטפופ גרעיני תירס להכנת פופקורן במיקרוגל בטעם טבעי מופחת שומן, 510 גרם",קריניציה ויטמינה אס,US,הוטפופ טעם טבעי,גרמים,510.00,100 גרם,false,0,14.90,2.92,true,1,
5711953106583,false,גבינת שמנת בטעם טבעי 200 גרם ארלה,ארלה פודס אמבה,DK,ארלה גבינת שמנת,גרמים,200.00,100 גרם,false,1,15.90,7.95,true,1,
5711953106590,false,גבינת שמנת ארלה שמנת שום 200 גרם,ארלה פודס אמבה,DK,ארלה גבינת שמנת,גרמים,200.00,100 גרם,false,1,15.90,7.95,true,1,
5711953106606,false,גבינת שמנת עם תבלינים ועשבי תיבול 23.5%,ארלה פודס אמבה,DK,ארלה גבינת שמנת,גרמים,200.00,100 גרם,false,1,15.90,7.95,true,1,
5740900403215,false,ממרח מחמאת לורפק עם מלח 250 ג',ארלה פודס אמבה,DK,ממרח לורפק,גרמים,250.00,100 גרם,false,1,16.90,6.76,true,1,
5740900403222,false,ממרח לורפק חמאה עם מלח מופחת שומן 250 ג,ארלה פודס אמבה,DK,ממרח לורפק,גרמים,250.00,100 גרם,false,1,16.90,6.76,true,1,
5740900403239,false,ממרח לורפק ללא תוספת מלח 250 גר,ארלה פודס אמבה,DK,ממרח לורפק,גרמים,250.00,100 גרם,false,1,16.90,6.76,true,1,
5740900403246,false,ממרח לורפק ללא תוספת מלח 500 גר,ארלה פודס אמבה,DK,ממרח לורפק,גרמים,500.00,100 גרם,false,1,28.90,5.78,true,1,
5740900403253,false,ממרח מחמאת לורפק עם מלח 500 ג',ארלה פודס אמבה,DK,ממרח לורפק,גרמים,500.00,100 גרם,false,1,28.90,5.78,true,1,
5740900403260,false,ממרח מחמאת לורפק ללא מלח 27% פחות שומן,ארלה פודס אמבא,DK,ממרח לורפק,גרמים,250.00,100 גרם,false,1,16.90,6.76,true,1,
5740900403864,false,חמאה +מלח 200 גרם לורפק כשרות או קיי,ארלה פודס אמבה,DK,חמאת לורפק,גרמים,200.00,100 גרם,false,1,11.90,5.95,true,1,
5900017062419,false,"ניוואה - תחליב רחצה ורדים ושמן שקדים 750 מ""ל",ביירסדורף,DE,תחליב רחצה רוז,מיליליטרים,750.00,"100 מ""ל",false,1,16.90,2.25,true,1,
5900020012814,false,דגנים תפוחים בטעם שוקולד נסקוויק נסטלה 500 גרם,מיוצר עי קונדיטוריית,PL,דגני נסקוויק,גרמים,500.00,100 גרם,false,0,25.60,5.12,true,1,
5900020015174,false,פיטנס חטיפי אנרגיה דגנים בטעם שוקולד נסטלה 6*23.5 גרם,מיוצר עי קונדיטוריית,PL,חטיפי פיטנס 6 יח,גרמים,141.00,100 גרם,false,0,15.80,11.21,true,1,
5900020018908,false,פיטנס חטיפי אנרגיה דגנים בטעם קרם עוגיות נסטלה 6*23.5 גרם,מיוצר עי קונדיטוריית,PL,חטיפי פיטנס 6 יח,גרמים,141.00,100 גרם,false,0,15.80,11.21,true,1,
5900020020710,false,מארז חטיף דגנים קראנץ' בטעם שוקו וניל נסטלה,נסטלה פולין ברים,PL,קראנץ' חטיפים,גרמים,150.00,100 גרם,false,0,15.80,10.53,true,1,
5900020022325,false,חטיף סיני מיניס Cini Minis בטעם קינמון - 6 במארז,נסטלה פולין דגני בוק,PL,חטיפי סיני מיניס,גרמים,150.00,100 גרם,false,0,15.80,10.53,true,1,
5900020025807,false,נסטלה - דגני סיני מיניס 375 גרם,סי. פי. פולין,PL,סיני מיניס,גרמים,375.00,100 גרם,false,1,13.90,3.71,true,1,
5900020026552,false,דגני בוקר האני נאט צ'יריוס בטעם דבש ושקדים,נסטלה צרפת איטנקורט,FR,האני נאט צ'יריוס,גרמים,625.00,100 גרם,false,1,25.90,4.14,true,1,
5900020026859,false,צ'ריוס האני נאט 375 גרם,סי. פי. צרפת,FR,צ'ריוס האני נאט,גרמים,375.00,100 גרם,false,1,13.90,3.71,true,1,
5900020029669,false,פיטנס - חטיף דגנים פירות יער 23.50 גרם * 6,נסטלה פולין דגני בוק,PL,חטיף דגנים פיטנס,גרמים,141.00,100 גרם,false,1,15.80,11.21,true,1,
5900020034021,false,חטיף דגנים פיטנס שוקולד בננה 141 גרם,מיוצר עי קונדיטוריית,PL,חטיפי פיטנס 6 יח,גרמים,141.00,100 גרם,false,1,15.80,11.21,true,1,
5900020034991,false,דגני בוקר צדפים בטעם שוקולד 450 ג' קראנץ',סי. פי. פולין,PL,דגני קראנץ צדפים,גרמים,450.00,100 גרם,false,1,24.90,5.53,true,1,
5900020036407,false,ליון דגני בוקר שוקולד וקרמל נסטלה 480 גרם,נסטלה פולין דגני בוק,PL,ליון דגני בוקר,גרמים,480.00,100 גרם,false,1,25.90,5.40,true,1,
5900020037916,false,דגני בוקר שיבולת שועל צ'ריוס 375ג',ג'נרל מילס סאן אדריא,PL,צ'יריוס שיבולת,גרמים,375.00,100 גרם,false,1,15.90,4.24,true,1,
5900020039132,false,דגני בוקר צ'יריוס משיבולת שועל בטעם תפוח עץ קינמון,סי. פי. פולין,PL,צ'יריוס ש.שועל,גרמים,320.00,100 גרם,false,1,15.90,4.97,true,1,
5900020039590,false,פיטנס חטיף דגנים קלאסי פרווה 8 6*23.5 ג,נסטלה פולין דגני בוק,PL,חטיפי פיטנס 6 יח,גרמים,141.00,100 גרם,false,1,15.80,11.21,true,1,
5900020039620,false,פיטנס חטיף דגנים שקדים ודבש פרווה 8 6*23 ג,נסטלה פולין ברים,PL,חטיפי פיטנס 6 יח,גרמים,138.00,100 גרם,false,1,15.80,11.45,true,1,
5900020041142,false,קורנפלקס פיטנס 500 ג' אסם,סי.פי.פולין,PL,קורנפלקס פיטנס,גרמים,500.00,100 גרם,false,1,13.90,2.78,true,1,
5900627026429,false,"סיליט באנג גיל לניקוי אסלות בתוספת אקונומיקה 750מ""ל",רקיט בנקיזר,PL,סיליט אקונומיקה,מיליליטרים,750.00,"100 מ""ל",false,0,9.90,1.32,true,1,
5900627063233,false,טבליות למדיח הכל ב-1 פיניש מקס 50 יחידות,רקיט בנקיזר,PL,פיניש AIO,יחידה,1.00,יחידה,false,1,34.90,34.90,true,1,
5900907000583,false,מלפפונים שלמים בחומץ900ג,סגל דברים טובים,PL,מלפפונים בחומץ,גרמים,900.00,100 גרם,false,0,14.90,1.66,true,1,
5900907000835,false,"מלפפונים בחומץ 2.55 ק""ג",סגל דברים טובים,PL,מלפפונים בחומץ,קילוגרמים,2.55,"ק""ג",false,0,32.20,12.63,true,1,
5900907000965,false,פטיסונים בחומץ 860 גרם,סגל דברים טובים,PL,פטיסונים בחומץ,גרמים,860.00,100 גרם,false,0,19.10,2.22,true,1,
5900907001429,false,תערובת ירקות כבושים910גר,סגל דברים טובים,PL,תערובת ירקות,גרמים,910.00,100 גרם,false,0,14.90,1.64,true,1,
5900907001450,false,מלפפונים שלמים במלח900ג,סגל דברים טובים,PL,מלפפונים במלח,גרמים,900.00,100 גרם,false,0,14.90,1.66,true,1,
5900907001474,false,עגבנ.אדומות כבושות 920גר,סגל דברים טובים,PL,עגבניות כבושות,גרמים,920.00,100 גרם,false,0,14.90,1.62,true,1,
5900951283963,false,חטיף סניקרס עם חמאת בוטנים Creamy Peanut Butter,סנו מפעלי ברונוס.,PL,חטיף סניקרס קרימ,גרמים,36.00,100 גרם,false,1,3.90,10.83,true,1,
5901041003003,false,וודקה בלוודר פרמיום,פולמוס ז'\ירארדוב דיסטיל,PL,וודקה בלוודר,מיליליטרים,700.00,"100 מ""ל",false,1,119.90,17.13,true,1,
5901414200411,false,בלזן היט מיני ביסקוויט סנדוויץ' עם מילוי קרם בטעם שוקולד 130 גרם,ליימן שליסל,PL,היט מיניס שוקו,גרמים,130.00,100 גרם,false,0,6.30,4.85,true,1,
5901888020508,false,FREEYU חטיף דגנים עם קינואה בטעם צ'ילי 70 גרם,דנשר,PL,חטיף קינואה,גרמים,70.00,100 גרם,false,1,12.90,18.43,true,1,
5901888020546,false,FREEYU חטיף דגנים עם קינואה ומלח ים 70 גרם,דנשר,PL,חטיף קינואה,גרמים,70.00,100 גרם,false,1,12.90,18.43,true,1,
5901888020560,false,חטיף דגנים עם קינואה בטעם עשבי תיבול 70ג FREEYU,דנשר,PL,חטיף קינואה,גרמים,70.00,100 גרם,false,1,12.90,18.43,true,1,
5902198160403,false,XL משקה אנרגיה מוגז ללא סוכר עד 10 קלוריות לפחית 250 מל,"טמפו משקאות בע""\מ",IL,משקה אנרגיה,מיליליטרים,250.00,"100 מ""ל",false,1,4.90,1.96,true,1,
5904941750312,false,"משקה אנרגיה BLU מוחיטו בודד 250 מ""ל",אקו - ביט,PL,בלו מוחיטו,מיליליטרים,250.00,"100 מ""ל",false,0,4.00,1.60,true,1,
5904941751920,false,בלו משקה אנרגיה דיי חצי מכמות הקלו250 מל,אקו - ביט,PL,בלו דיי משקה,מיליליטרים,250.00,"100 מ""ל",false,0,4.00,1.60,true,1,
5906485301012,false,"משקה אנרגיה XL פחית 250 מ""ל","טמפו משקאות בע""מ",IL,משקה אנרגיה XL,מיליליטרים,250.00,"100 מ""ל",false,0,4.90,1.96,true,1,
5997010301010,false,מחית פפריקה מתוקה 70 גרם,יוניוור,HU,מחית פפריקה,גרמים,70.00,100 גרם,false,0,10.90,15.57,true,1,
5997010301027,false,מחית פפריקה חריפה 70 גרם,יוניוור,HU,מחית פפריקה,גרמים,70.00,100 גרם,false,0,10.90,15.57,true,1,
5997321701806,false,אבקה למניעת אבנית במכונת כביסה 2 ב-1,רקיט בנקיזר פולין,PL,"קלגון אבקה 1 ק""ג",קילוגרמים,1.00,"ק""ג",false,1,29.90,29.90,true,1,
5998623526739,false,"יין הונגרי גוורצטרמינר 750 מ""ל כשר",דנוביאנה,HU,יין גוורצטרמינר,מיליליטרים,750.00,"100 מ""ל",false,1,39.90,5.32,true,1,
5998749108550,false,חטיף ויסקס עוף וגבינה 60,ויסקס Whiskas,HU,חטיף ויסקס,גרמים,60.00,100 גרם,false,0,9.90,16.50,true,1,
6001067017523,false,מברשת שיניים קולגייט לילדים מגיל חמש 1 יחידה,יבואן ומשווק: ש. שסט,CN,מברשת שיניים,יחידה,1.00,יחידה,false,0,9.90,9.90,true,1,
6009188004828,false,קיט קט צ'אנקי לבן 40 גרם,נסטלה בולגריה,BG,קיט קט צ'אנקי,גרמים,40.00,100 גרם,false,1,3.90,9.75,true,1,
6086142556418,false,עלי מורינגה אורגניים יח,אודי,IL,עלי מורינגה,יחידה,1.00,יחידה,false,1,12.90,12.90,true,1,
6111094000013,false,"קוסקוס דארי בינוני תומר 1 ק""ג",דארי קוספאט אס. איי. או,MA,קוסקוס דארי,קילוגרמים,1.00,"ק""ג",false,1,17.90,17.90,true,1,
6111094000198,false,קוסקוס דארי בינוני 350 גרם,דארי קוספאט אס. איי. או,MA,קוסקוס דארי,גרמים,350.00,100 גרם,false,1,8.90,2.54,true,1,
6111094000242,false,תומר קוסקוס דארי דק 500גר,דארי קוספאט אס. איי. או,MA,קוסקוס דארי דק,גרמים,500.00,100 גרם,false,1,9.90,1.98,true,1,
6111094000259,false,קוסקוס דארי בינוני 500ג'18X,דארי קוספאט אס. איי. או,MA,קוסקוס דארי,גרמים,500.00,100 גרם,false,1,9.90,1.98,true,1,
6111094001164,false,דארי אטריות מרוקאיות 500 גרם,דארי,MA,אטריות מרוקאיות,גרמים,500.00,100 גרם,false,1,9.90,1.98,true,1,
6910191800287,false,אצות נורי בלו 10 דף (ננגטונג),ננטונג היידה אקווטוק,CN,אצות ים נורי,גרמים,28.00,100 גרם,false,0,12.90,46.07,true,1,
6912977000140,false,אטריות שעועית 250 גר' ( Yantai)ללא גלוטן(כ),יאנטאי ינסידה לנוגקא,CN,אטריות שעועית,גרמים,250.00,100 גרם,false,0,8.80,3.52,true,1,
6920354822223,false,משחת שיניים נטורל גינגר קוקוס קולגייט 90 ג',קולגייט פלמוליב,BR,משחת שיניים,מיליליטרים,68.00,"100 מ""ל",false,1,29.90,43.97,true,1,
6921052701001,false,אצות וואקמה 40 גרם (רונגצ'אנג)(כ),ננטונג הידה אקוטיק פ,CN,אצות ווקאמה,גרמים,40.00,100 גרם,false,0,8.90,22.25,true,1,
6933846212365,false,חול קריסטל לחתול 3.6,,CN,חול קריסטל,ליטרים,3.60,ליטר,false,0,25.90,7.19,true,1,
6934731210138,false,אטריות טריות עבות מזרח מערב 200 גרם,יאנטאי ינסידה לנוגקא,CN,אטריות טריות,גרמים,200.00,100 גרם,false,1,6.90,3.45,true,1,
6935325410118,false,שום יבוא יחידה,קטיף.,XX,שום יבוא,גרמים,190.00,100 גרם,false,0,5.90,3.11,true,1,
6936745600462,false,מזרח ומערב יבוא דאני,דאנינג יוה פודס קו,CN,"מירין 500 מ""ל",מיליליטרים,500.00,"100 מ""ל",false,0,21.70,4.34,true,1,
6936745600783,false,"חומץ אורז מזרח מערב 500 מ""ל",דאנינג יוה פודס קו,CN,חומץ אורז 500 מל,מיליליטרים,500.00,"100 מ""ל",false,0,15.90,3.18,true,1,
6974640730167,false,פטריות שיטאקה 100 גר (כ) (Zhejiang),CO FOOD FOREST .ZHEJIANG,CN,פטריות שיטאקה,גרמים,100.00,100 גרם,false,1,14.90,14.90,true,1,
7038516140357,false,מברשת שיניים ג'ורדן טוטל סופט מארז 4 יחידות,מיוצר במלזיה עבור ג',NO,מברשת שיניים,יחידה,1.00,יחידה,false,0,10.00,10.00,true,1,
7271730901261,false,ווקי מאק ארוחת אטריות עם גבינה 156 גרם,ניו וורלד פסטה קומפנ,US,ארוחת אטריות,גרמים,156.00,100 גרם,false,0,10.90,6.99,true,1,
7290000000022,true,עגבניות חממה,קטיף.,IL,עגבניה,קילוגרמים,0.00,"ק""ג",true,0,6.90,6.90,true,1,
7290000000046,true,מלפפונים,קטיף.,IL,מלפפונים,קילוגרמים,0.00,"ק""ג",true,0,6.90,6.90,true,1,
7290000000053,true,קישואים,קטיף.,IL,קישואים,קילוגרמים,0.00,"ק""ג",true,0,8.90,8.90,true,1,
7290000000084,true,פלפל ירוק בהיר,שותפות מזרחי,IL,פלפל ירוק בהיר,קילוגרמים,0.00,"ק""ג",true,0,9.90,9.90,true,1,
7290000000091,true,פלפל אדום,קטיף.,IL,פלפל אדום,קילוגרמים,0.00,"ק""ג",true,0,9.90,9.90,true,1,
7290000000107,true,פלפל ירוק כהה,קטיף.,IL,פלפל ירוק כהה,קילוגרמים,0.00,"ק""ג",true,0,8.90,8.90,true,1,
7290000000114,true,חצילים,קטיף.,IL,חצילים,קילוגרמים,0.00,"ק""ג",true,0,6.90,6.90,true,1,
7290000000121,true,גזר ארוז,קטיף.,IL,גזר ארוז,קילוגרמים,0.00,"ק""ג",true,0,3.90,3.90,true,1,
7290000000138,true,כרוב לבן,קטיף.,IL,כרוב לבן,קילוגרמים,0.00,"ק""ג",true,0,3.90,3.90,true,1,
7290000000145,true,כרוב אדום,קטיף.,IL,כרוב אדום,קילוגרמים,0.00,"ק""ג",true,0,4.90,4.90,true,1,
7290000000176,true,כרובית,קטיף.,IL,כרובית,קילוגרמים,0.00,"ק""ג",true,0,9.90,9.90,true,1,
7290000000183,true,סלק,קטיף.,IL,סלק,קילוגרמים,0.00,"ק""ג",true,0,3.90,3.90,true,1,
7290000000220,true,קולורבי,קטיף.,IL,קולורבי,קילוגרמים,0.00,"ק""ג",true,0,9.90,9.90,true,1,
7290000000282,true,חסה ערבית יחידה,קטיף,IL,חסה ערבית,יחידה,1.00,יחידה,false,0,4.90,4.90,true,1,
7290000000411,true,שום - רביעייה במארז,קטיף.,XX,שום מארז,גרמים,190.00,100 גרם,false,0,5.90,3.11,true,1,
7290000000428,true,בטטות מובחר,קטיף.,IL,בטטה,קילוגרמים,0.00,"ק""ג",true,0,9.90,9.90,true,1,
7290000000435,true,סלרי עלים יחידה,קטיף,IL,סלרי עלים,יחידה,1.00,יחידה,false,0,5.90,5.90,true,1,
7290000000466,true,בצל ירוק יחידה,קטיף.,IL,בצל ירוק,יחידה,1.00,יחידה,false,0,5.90,5.90,true,1,
7290000000480,true,בצל יבש,קטיף.,IL,בצל יבש,קילוגרמים,0.00,"ק""ג",true,0,3.90,3.90,true,1,
7290000000503,true,תפוח אדמה קטן ארוז,קטיף.,IL,"תפו""א קטן ארוז",קילוגרמים,0.00,"ק""ג",true,0,6.90,6.90,true,1,
7290000000510,true,פטרוזיליה יחידה,קטיף.,IL,פטרוזיליה,יחידה,1.00,יחידה,false,0,3.90,3.90,true,1,
7290000000527,true,שמיר יחידה,קטיף,IL,שמיר,יחידה,1.00,יחידה,false,0,3.90,3.90,true,1,
7290000000541,true,שורש פטרוזיליה,קטיף,IL,שורש,יחידה,1.00,יחידה,false,0,5.90,5.90,true,1,
7290000000558,true,כוסברה יחידה,קטיף.,IL,כוסברה,יחידה,1.00,יחידה,false,0,3.90,3.90,true,1,
7290000000565,true,נענע יחידה,קטיף,IL,נענע,יחידה,1.00,יחידה,false,0,3.90,3.90,true,1,
7290000000572,true,שומר,קטיף.,IL,שומר,קילוגרמים,0.00,"ק""ג",true,0,8.90,8.90,true,1,
7290000000589,true,"ארטישוק/תפו""א ירושלמי",קטיף.,IL,"ארטישוק/תפו""א",קילוגרמים,0.00,"ק""ג",true,0,15.90,15.90,true,1,
7290000000596,true,תפוח אדמה לבן תפזורת,קטיף.,IL,תפוח אדמה תפזורת,קילוגרמים,0.00,"ק""ג",true,0,4.90,4.90,true,1,
7290000000619,true,פלפל חריף,שותפות מזרחי,IL,פלפל חריף,קילוגרמים,0.00,"ק""ג",true,0,9.90,9.90,true,1,
7290000000633,true,עירית יחידה,קטיף,IL,עירית יחידה,יחידה,1.00,יחידה,false,0,5.90,5.90,true,1,
7290000000701,true,פטריות שמפניון למילוי,קטיף.,IL,שמפניון למילוי,קילוגרמים,0.00,"ק""ג",true,0,35.90,35.90,true,1,
7290000000718,true,פטריות חורש במשקל,קטיף.,IL,פטריות חורש,קילוגרמים,0.00,"ק""ג",true,0,35.90,35.90,true,1,
7290000000732,true,דלורית,קטיף.,IL,דלורית,קילוגרמים,0.00,"ק""ג",true,0,5.90,5.90,true,1,
7290000000794,true,גבעולי סלרי יחידה,יראון עבודות חקלאיות,IL,גבעולי סלרי,יחידה,1.00,יחידה,false,0,5.90,5.90,true,1,
7290000000824,true,קשוא ירוק )זוקיני(,קטיף.,IL,קשוא ירוק,קילוגרמים,0.00,"ק""ג",true,0,9.90,9.90,true,1,
7290000000848,true,תירס קלוף ארוז,קטיף.,IL,תירס קלוף ארוז,קילוגרמים,0.00,"ק""ג",true,0,8.90,8.90,true,1,
7290000000855,true,פלפל צהוב,קטיף.,IL,פלפל צהוב,קילוגרמים,0.00,"ק""ג",true,0,9.90,9.90,true,1,
7290000000916,true,עגבניה שרי בודד יחידה,קטיף.,IL,עגבניה שרי בודד,יחידה,1.00,יחידה,false,0,9.90,9.90,true,1,
7290000000930,true,קישוא עגול,קטיף.,IL,קישוא עגול,קילוגרמים,0.00,"ק""ג",true,0,12.90,12.90,true,1,
7290000000954,true,רוקט ג.נחל חידה,קטיף.,IL,רוקט+ג.נחל-יח,יחידה,1.00,יחידה,false,0,5.90,5.90,true,1,
7290000001036,true,בצל יבש אדום,קטיף.,XX,בצל יבש אדום,קילוגרמים,0.00,"ק""ג",true,0,6.90,6.90,true,1,
7290000001050,true,בזיליקום יחידה,קטיף,IL,בזיליקום יחידה,יחידה,1.00,יחידה,false,0,5.90,5.90,true,1,
7290000001661,true,גזר תפזורת,קטיף.,IL,גזר תפזורת,קילוגרמים,0.00,"ק""ג",true,0,4.90,4.90,true,1,
7290000001692,true,תפוח אדמה אדום ארוז,קטיף.,IL,תפוא אדום ארוז,קילוגרמים,0.00,"ק""ג",true,0,4.90,4.90,true,1,
7290000001715,true,תפוח אדמה לבן ארוז,קטיף.,IL,תפוח אדמה לבן,קילוגרמים,0.00,"ק""ג",true,0,3.90,3.90,true,1,
7290000001722,true,תפוח אדמה אדום תפזורת,קטיף.,IL,"תפו""א אדום תפז'",קילוגרמים,0.00,"ק""ג",true,0,5.90,5.90,true,1,
7290000002026,true,לחם אחיד 750 גרם,מאפית ברמן,IL,לחם אחיד,גרמים,750.00,100 גרם,false,0,5.00,0.67,true,1,
7290000002040,true,חלה רגילה 500 גרם,מאפית ברמן,IL,חלה רגילה,גרמים,500.00,100 גרם,false,0,5.10,1.02,true,1,
7290000002071,true,חלה קלועה רגילה 500 גרם,מאפית ברמן,IL,חלה קלועה רגילה,גרמים,500.00,100 גרם,false,0,5.10,1.02,true,1,
7290000016030,true,גבינה עזים קשה,,NL,גבינה עזים,קילוגרמים,0.00,"ק""ג",true,0,139.00,139.00,true,1,
7290000023083,false,ערק אשקלון 40% בקבוק,"יקבי ברקן בע""\מ",IL,ערק אשקלון,מיליליטרים,700.00,"100 מ""ל",false,0,49.90,7.13,true,1,
7290000023809,false,"יין קלאסיק קברנה סוביניון ברקן 750 מ""ל",יקבי ברקן שיווק והפצה בע,IL,קברנה קלאסיק,מיליליטרים,750.00,"100 מ""ל",false,0,32.90,4.39,true,1,
7290000023816,false,"יין קלאסיק אמרלד ריזלינג ברקן 750 מ""ל",יקבי ברקן שיווק והפצה בע,IL,ריזלינג קלאסיק,מיליליטרים,750.00,"100 מ""ל",false,0,32.90,4.39,true,1,
7290000023823,false,"יין קלאסיק סוביניון בלאן ברקן 750 מ""ל",יקבי ברקן שיווק והפצה בע,IL,סוביניון בלאן,מיליליטרים,750.00,"100 מ""ל",false,0,32.90,4.39,true,1,
7290000023847,false,"יין קלאסיק שרדונה ברקן 750 מ""ל",יקבי ברקן שיווק והפצה בע,IL,יין לבן שרדונה,מיליליטרים,750.00,"100 מ""ל",false,0,32.90,4.39,true,1,
7290000023977,false,"יין ברקן קלאסיק מרלו 750 מ""ל",יקבי ברקן שיווק והפצה בע,IL,מרלו קלאסיק,מיליליטרים,750.00,"100 מ""ל",false,0,32.90,4.39,true,1,
7290000024202,false,"יין רזרב קברנה סוביניון ברקן 750 מ""ל",ברקן שיווק והפצה בעמ,IL,ברקן רזרב,מיליליטרים,750.00,"100 מ""ל",false,0,44.90,5.99,true,1,
7290000024219,false,"רזרב אמרלד ריזילינג 750 מ""ל 12 יח",יקבי ברקן,IL,יין ריזלינג ברקן,מיליליטרים,750.00,"100 מ""ל",false,0,44.90,5.99,true,1,
7290000024264,false,"יין ברקן רזרב מרלו 750 מ""ל","כרמי צבי - אחים סגל בע""\",IL,מרלו רזרב,מיליליטרים,750.00,"100 מ""ל",false,0,44.90,5.99,true,1,
7290000024516,false,"יין לבן עלמון אסמבלאז' 2016 ברקן 750 מ""ל",יקבי ברקן שיווק והפצה בע,IL,אסמבלאז עלמון,מיליליטרים,750.00,"100 מ""ל",false,1,59.90,7.98,true,1,
7290000024530,false,"יין אדום מתוק לקידוש סגל 750 מ""ל","כרמי צבי - אחים סגל בע""\",IL,יין מתוק לקידוש,מיליליטרים,750.00,"100 מ""ל",false,0,17.90,2.39,true,1,
7290000024905,false,"וודקה קגלביץ' קלאסיקה 700 מ""ל","יקבי ברקן בע""\מ",IL,וודקה קגלביץ,מיליליטרים,700.00,"100 מ""ל",false,0,59.90,8.56,true,1,
7290000034256,false,ביסקוויט תירוש חצי מצופה הדר 175ג',אפיפית נצרת תעשיות ב,IL,ביסקוויט תירוש,גרמים,175.00,100 גרם,false,0,5.90,3.37,true,1,
7290000040042,false,יופלה יוגורט תות %3 גביע 150 גרם,תנובה חלב,IL,יופלה תות 3%,גרמים,150.00,100 גרם,false,0,5.00,3.33,true,1,
7290000040066,false,יוגורט יופלה דובדבן 3% שומן 150 גרם,תנובה מרכז שיתופי לש,IL,יופלה דובדבן3%,גרמים,150.00,100 גרם,false,0,5.00,3.33,true,1,
7290000040080,false,יופלה יוגורט אפרסק %3 גביע 150 גרם,תנובה בעמ,IL,יופלה אפרסק3%,גרמים,150.00,100 גרם,false,0,5.00,3.33,true,1,
7290000040301,false,תנובה עין גדי קממבר מחלב בקר 24% שומן,תנובה מרכז שיתופי לש,IL,עין גדי קממבר,גרמים,125.00,100 גרם,false,0,18.50,14.80,true,1,
7290000040318,false,גבינת ברי 24% קולאז עדי תנובה 125 ג',תנובה מרכז שיתופי לש,IL,גבינת עדי ברי24%,גרמים,125.00,100 גרם,false,0,19.50,15.60,true,1,
7290000040462,false,טוסטי גבינה בסגנון אמריקאי אדם 23% תנובה 200 גרם,תנובה מרכז שיתופי לש,IL,טוסטי,גרמים,200.00,100 גרם,false,0,17.60,8.80,true,1,
7290000040974,false,חלב דל לקטוז 2% תנובה קרטון 1 ליטר,תנובה מרכז שיתופי לש,IL,חלב טרי דל לקטוז,ליטרים,1.00,ליטר,false,0,7.10,7.10,true,1,
7290000041452,false,קוטג תנובה גביע 250 גרם 9% בדצ,תנובה מרכז שיתופי לש,IL,קוטג' 9% מהדרין,גרמים,250.00,100 גרם,false,0,5.50,2.20,true,1,
7290000041858,false,"שמנת חמוצה 15% יטבתה 200 מ""ל מהדרין",מחלבת יטבתה,IL,שמנת חמוצה יטבתה,מיליליטרים,200.00,"100 מ""ל",false,0,2.40,1.20,true,1,
7290000041865,false,"לבן 4.5% שומן מהדרין ""יטבתה""",שטראוס גרופ,IL,לבן יטבתה4.5%,מיליליטרים,200.00,"100 מ""ל",false,0,2.00,1.00,true,1,
7290000041872,false,"לבן 3% יטבתה 200מ""ל מהדרין",מחלבת יטבתה,IL,לבן יטבתה 3%,מיליליטרים,200.00,"100 מ""ל",false,0,2.00,1.00,true,1,
7290000042008,false,חלב תנובה טרי 3% שקית 1 ל',"תנובה, מחלבת רחובות",IL,חלב 3% בשקית,ליטרים,1.00,ליטר,false,0,5.43,5.43,true,1,
7290000042015,false,"חלב שתייה תנובה בד""צ בשקית 1 ליטר",תנובה מרכז שיתופי לש,IL,חלב 3% שקית,ליטרים,1.00,ליטר,false,0,5.43,5.43,true,1,
7290000042404,false,חלב 3% בשקית יטבתה 1 ליטר מהדרין,מחלבת יטבתה,IL,חלב 3% בשקית,ליטרים,1.00,ליטר,false,0,5.90,5.90,true,1,
7290000042435,false,חלב דל שומן בקרטון+פקק תנובה 1 ליטר,תנובה מרכז שיתופי לש,IL,חלב 1% בקרטון,ליטרים,1.00,ליטר,false,0,5.86,5.86,true,1,
7290000042442,false,"חלב תנובה טרי 3% ""תנובה"" - מוצר בפיקוח",תנובה חלב,IL,חלב תנובה 3%,ליטרים,1.00,ליטר,false,0,6.23,6.23,true,1,
7290000042503,false,חלב עמיד קרטון 3% 1 ל' תנובה,תנובה מרכז שיתופי לש,IL,חלב עמיד 3%,ליטרים,1.00,ליטר,false,0,7.00,7.00,true,1,
7290000042640,false,"חלב תנובה עמיד 3% קרטון 250 מ""ל",תנובה מרכז שיתופי לש,IL,חלב עמיד 3% שומן,מיליליטרים,250.00,"100 מ""ל",false,0,2.70,1.08,true,1,
7290000042855,false,"שוקו בשקית 250 מ""ל ""יטבתה""",שטראוס גרופ,IL,שוקו בשקית,מיליליטרים,225.00,"100 מ""ל",false,0,2.50,1.11,true,1,
7290000043012,false,"שוקו עמיד 2% בקרטון 250 מ""ל תנובה",תנובה מרכז שיתופי לש,IL,שוקו עמיד,מיליליטרים,250.00,"100 מ""ל",false,0,4.60,1.84,true,1,
7290000043814,false,השף הלבן שמנת להקצפה 38% שומן 250 מל - מוצר בפיקוח,תנובה מרכז שיתופי לש,IL,שמנת עמידה לקצפת,מיליליטרים,250.00,"100 מ""ל",false,0,6.47,2.59,true,1,
7290000043890,false,תנובה רויון לבן מחלב מפסוטר 1.5%,תנובה מרכז שיתופי לש,IL,רויון בקרטון1.5%,ליטרים,1.00,ליטר,false,0,11.30,11.30,true,1,
7290000044712,false,יוגורט עם תות 1.5% שומן 500 ג' פרילי,מיוצר עי קונדיטוריית,IL,פרילי תות-שדה,גרמים,500.00,100 גרם,false,0,10.70,2.14,true,1,
7290000045580,false,גבינה מותכת נעמה חורש תנובה 240 גרם,תנובה מרכז שיתופי לש,IL,גבינת נעמה מותכת,גרמים,240.00,100 גרם,false,0,17.50,7.29,true,1,
7290000045917,false,תנובה פרומעז גבינה מותכת מחלב עיזים 23% שומן,קריות זול,IL,גבינת פרומעז,גרמים,200.00,100 גרם,false,0,26.60,13.30,true,1,
7290000046020,false,גלבוע גבינה שמנה במש,תנובה מרכז שיתופי לש,IL,גבינת גלבוע 22%,קילוגרמים,0.00,"ק""ג",true,0,42.58,42.58,true,1,
7290000046327,false,גלבוע גבינה צהובה פרוסה 22% תנובה 200 גרם,תנובה מרכז שיתופי לש,IL,גבינת גלבוע פרוס,גרמים,200.00,100 גרם,false,0,13.00,6.50,true,1,
7290000046549,false,גבינת מוצרלה 20% במשקל,תנובה מרכז שיתופי לש,IL,גבינת מוצרלה,קילוגרמים,0.00,"ק""ג",true,0,80.00,80.00,true,1,
7290000046563,false,גב.קולאז' פרמזן 23%במשקל,תנובה מרכז שיתופי לש,IL,גבינת פרמז'ן 23%,גרמים,0.00,"ק""ג",true,0,113.00,113.00,true,1,
7290000047027,false,גב.קולאז' גלעד 27% במשקל,תנובה מרכז שיתופי לש,IL,גב.קשקבל /גלעד,קילוגרמים,0.00,"ק""ג",true,0,124.00,124.00,true,1,
7290000047034,false,גב.קולאז' רוקפור25%במשקל,תנובה מרכז שיתופי לש,IL,גבינת רוקפור,קילוגרמים,0.00,"ק""ג",true,0,126.00,126.00,true,1,
7290000047485,false,גבינה בולגרית במשקל,תנובה מרכז שיתופי לש,IL,גבינה בולגרית,קילוגרמים,0.00,"ק""ג",true,0,59.00,59.00,true,1,
7290000047546,false,השף הלבן כנען גבינה לבנה דלת נתרן 5% תנובה 500 גרם,תנובה מרכז שיתופי לש,IL,גבינת כנען 5%,גרמים,500.00,100 גרם,false,0,23.90,4.78,true,1,
7290000047621,false,גבינה לבנה רכה 5% תנובה 250ג' מהדרין,תנובה מרכז שיתופי לש,IL,גבינה %5 מהדרי,גרמים,250.00,100 גרם,false,0,4.98,1.99,true,1,
7290000048185,false,גבינה לבנה 5% תנובה 250 גרם מהדרין,מיוצר עי קונדיטוריית,IL,גבינה לבנה 5%,גרמים,250.00,100 גרם,false,0,4.98,1.99,true,1,
7290000048192,false,גבינה לבנה 9% תנובה 250 גרם מהדרין,מחלבת אלון תבור,IL,גבינה לבנה 9%,גרמים,250.00,100 גרם,false,0,4.80,1.92,true,1,
7290000048307,false,גבינת קוטג 5% עם זיתים 250ירוקים גרם,מיוצר עי קונדיטוריית,IL,קוטג' עם זיתים5%,גרמים,250.00,100 גרם,false,0,5.70,2.28,true,1,
7290000048413,false,פיראוס חמד גבינה מלוחה 16% שומן,תנובה מרכז שיתופי לש,IL,גבינה מלוחה 16%,גרמים,250.00,100 גרם,false,0,18.90,7.56,true,1,
7290000048437,false,פיראוס צפתית 5% שומן 200 גרם,פארייפאבה אגרואינדוס,IL,גבינה צפתית 5%,גרמים,200.00,100 גרם,false,0,14.90,7.45,true,1,
7290000049458,false,גבינת פטה עיזים 16% גביע פיראוס 250 ג',תנובה מרכז שיתופי לש,IL,פטה עיזים פיראוס,גרמים,250.00,100 גרם,false,0,28.40,11.36,true,1,
7290000051307,false,"מארז הפסקת אוכל עם דגני עוגי ומשקה חלב עמיד בטעם וניל 150 מ""ל",תנובה מרכז שיתופי לש,IL,מארז הפסקת אוכל,יחידה,1.00,יחידה,false,0,9.50,9.50,true,1,
7290000051352,false,חלב מלא בטעם של פעם 3.4% תנובה קרטון 1 ל',הרדוף תוצרת מזון אור,IL,חלב של פעם מלא,ליטרים,1.00,ליטר,false,0,7.40,7.40,true,1,
7290000051376,false,יוגורט יופלה דיאט אננס 0% שומן 150 גרם,תנובה מרכז שיתופי לש,IL,יופלה דיאט אננס,גרמים,150.00,100 גרם,false,0,5.00,3.33,true,1,
7290000051710,false,פיראוס גבינת לאבנה אסלית על בסיס יוגורט תנובה 263 גרם,"תנובה, מחלבת אלון תב",IL,לאבנה פיראוס,גרמים,263.00,100 גרם,false,0,13.80,5.25,true,1,
7290000052311,false,גבינה צהובה עמק לייט 15% שומן 200 גרם,תנובה מרכז שיתופי לש,IL,עמק 15% פרוס,גרמים,200.00,100 גרם,false,0,15.90,7.95,true,1,
7290000052649,false,גבינת לאבנה 5% שומן 500 ג' פיראוס,תנובה מרכז שיתופי לש,IL,לאבנה פיראוס 5%,גרמים,500.00,100 גרם,false,0,19.50,3.90,true,1,
7290000052717,false,גבינת קוטג' שום שמיר 5% תנובה 250 גרם,מיוצר עי קונדיטוריית,IL,קוטג' +שום שמיר,גרמים,250.00,100 גרם,false,0,5.70,2.28,true,1,
7290000053219,false,טל העמק חריץ 32% במשקל,תנובה מרכז שיתופי לש,IL,טל העמק 32%,קילוגרמים,0.00,"ק""ג",true,1,58.00,58.00,true,1,
7290000055015,false,פיראוס גבינת פטה כבשים 5% תנובה 250 גרם,תנובה מחלבת טנא נוגה,IL,פטה כבשים פיראוס,גרמים,250.00,100 גרם,false,0,26.90,10.76,true,1,
7290000055329,false,"משקה בוקר יוגורט 1.5% בטעם תות מלון יופלה 250 מ""ל",תנובה מרכז שיתופי לש,IL,משקה יוגורט,גרמים,250.00,100 גרם,false,0,5.40,2.16,true,1,
7290000055343,false,משקה יוגורט יופלה פירות טרופיים 250 גרם,תנובה מרכז שיתופי לש,IL,משקה יוגורט,גרמים,250.00,100 גרם,false,0,5.40,2.16,true,1,
7290000055350,false,גבינה צהובה חריץ עמק 28% במשקל,תנובה מרכז שיתופי לש,IL,גבינת עמק 28%,קילוגרמים,0.00,"ק""ג",true,1,44.79,44.79,true,1,
7290000055893,false,חמאה משמנת מפוסטרת 200גרם 82% כ.מהדרין - מוצר בפיקוח,תנובה מרכז שיתופי לש,IL,חמאה מהדרין,גרמים,200.00,100 גרם,false,0,7.80,3.90,true,1,
7290000056784,false,גבינת פטה כבשים במשק,תנובה מרכז שיתופי לש,IL,פטה כבשים5% משקל,קילוגרמים,0.00,"ק""ג",true,0,109.00,109.00,true,1,
7290000056845,false,תנובה חלב טרי 3% שומן 1.5 ליטר - מוצר בפיקוח,פארייפאבה אגרואינדוס,IL,חלב תנובה 3%,ליטרים,1.50,ליטר,false,0,9.34,6.23,true,1,
7290000056883,false,שמיניית יוגורט יופלה 3% טעמים שונים 150 גרם,תנובה מרכז שיתופי לש,IL,יופלה 8 יח במארז,קילוגרמים,1.20,"ק""ג",false,0,29.90,24.92,true,1,
7290000056890,false,שמיניית דיאט יופלה 0% טעמים שונים 150 גרם,מיוצר עי קונדיטוריית,IL,יופלה 0% 8 יח,קילוגרמים,1.20,"ק""ג",false,0,29.90,24.92,true,1,
7290000056951,false,"תנובה, השף הלבן, שמנת לבישול 15% שומן 500 מל",תנובה מרכז שיתופי לש,IL,שמנת לבישול 15%,מיליליטרים,500.00,"100 מ""ל",false,0,16.20,3.24,true,1,
7290000057088,false,עמק גבינה צהובה פרוסה דק דק 28% תנובה 200 גרם,תנובה מרכז שיתופי לש,IL,עמק דק28% 200גרם,גרמים,200.00,100 גרם,false,0,15.90,7.95,true,1,
7290000057118,false,גבינה צהובה עמק 28% שומן ואקום 400 גרם,תנובה מרכז שיתופי לש,IL,גבינת עמק פרוסה,גרמים,400.00,100 גרם,false,0,20.90,5.23,true,1,
7290000057132,false,יוגורט תנובה טבעי 1.5% גביע 200 גרם,מחלבת אלון תבור,IL,יוגורט תנובה1.5%,גרמים,200.00,100 גרם,false,0,3.20,1.60,true,1,
7290000057149,false,יוגורט תנובה טבעי 3% גביע 200 גרם,מיוצר עי קונדיטוריית,IL,יוגורט תנובה 3%,גרמים,200.00,100 גרם,false,0,3.20,1.60,true,1,
7290000057552,false,יופלה דיאט עוגת גבינה ותות 0% גביע 150ג',תנובה בעמ,IL,יופלה עוגת גבינה,גרמים,150.00,100 גרם,false,0,5.00,3.33,true,1,
7290000058030,false,"שמיניית יופלה שטוזים משקה יוגורט תות 100 מ""ל",מיוצר עי קונדיטוריית,IL,8שטוזים משקה תות,מיליליטרים,800.00,"100 מ""ל",false,0,20.60,2.58,true,1,
7290000058047,false,שמנת להקצפה 38% 500מל מהדרין עמיד השף הלבן,תנובה מרכז שיתופי לש,IL,משמנת להקצפה 38%,מיליליטרים,500.00,"100 מ""ל",false,0,12.94,2.59,true,1,
7290000060071,false,אוסם - חטיפי פריכונים מאורז מלא קלוי 80גר,"פרח תעשיות מזון בע""מ.",IL,חטיפי פריכונים,גרמים,80.00,100 גרם,false,0,7.50,9.38,true,1,
7290000060088,false,בייגלה מקלות מלוחים אסם 400 גרם,מיוצר עי קונדיטוריית,IL,בייגלה מקלות,גרמים,400.00,100 גרם,false,0,9.90,2.48,true,1,
7290000060200,false,פסטה אסם פתיתים אפויים קוסקוס 500גר,"אסם תעשיות בע""מ",IL,פתיתים אפויים,גרמים,500.00,100 גרם,false,0,6.90,1.38,true,1,
7290000060217,false,פסטה מקרוני מספר 7 אסם 500 גרם,פסטה זארה,IT,פסטה מקרוני 7,גרמים,500.00,100 גרם,false,0,5.90,1.18,true,1,
7290000060248,false,פסטה אסם פתיתים תלתלים 500 גר',קריות זול,IT,פסטה תלתלים,גרמים,500.00,100 גרם,false,0,5.90,1.18,true,1,
7290000060316,false,פרפקטו ספגטי מס' 8 אסם 500 גרם,אסם פרפקטו,IT,ספגטי פרפקטו,גרמים,500.00,100 גרם,false,0,6.90,1.38,true,1,
7290000060408,false,פסטה אסם פתיתים אפויים טבעות 500 גר,"אסם השקעות בע""\מ",IL,פתיתים טבעות,גרמים,500.00,100 גרם,false,0,6.90,1.38,true,1,
7290000060576,false,פתיתים אפויים כוכבים אסם 500 גרם,"אסם השקעות בע""\מ",IL,פתיתים אפויים,גרמים,500.00,100 גרם,false,0,6.90,1.38,true,1,
7290000060781,false,פסטה אסם פתיתים מסולסלים 500גר,קריות זול,IT,פסטה מסולסלת,גרמים,500.00,100 גרם,false,0,5.90,1.18,true,1,
7290000060828,false,פסטה קרניים בינוניות אסם 500 גרם,קריות זול,IT,פסטה קרניים,גרמים,500.00,100 גרם,false,0,5.90,1.18,true,1,
7290000060842,false,פסטה אסם פתיתים צדפים גדולים 500גר,פסטה זארה,IT,פסטה צדפים אסם,גרמים,500.00,100 גרם,false,0,5.90,1.18,true,1,
7290000060880,false,פסטה ספגטי מספר 8 אסם 500 גרם,פסטה זארה,IT,ספגטי מס' 8,גרמים,500.00,100 גרם,false,0,5.90,1.18,true,1,
7290000060903,false,פסטה אסם פתיתים אפויים אורז 500גר,"אסם השקעות בע""\מ",IL,פתיתים אפויים,גרמים,500.00,100 גרם,false,0,6.90,1.38,true,1,
7290000060958,false,פסטה אסם אטריות בינוניות 400 גרם,"אסם השקעות בע""\מ",IL,אטריות בינוניות,גרמים,400.00,100 גרם,false,0,6.90,1.73,true,1,
7290000060965,false,פסטה אסם אטריות רחבות 400גר,"אסם השקעות בע""\מ",IL,אטריות רחבות,גרמים,400.00,100 גרם,false,0,6.90,1.73,true,1,
7290000061061,false,קרקר חיטה עם בצל אסם,"אסם השקעות בע""\מ",IL,קרקר בטעם בצל,גרמים,250.00,100 גרם,false,0,9.90,3.96,true,1,
7290000061085,false,"רוטב צילי מתוק 290 מ""ל-בקבוק","אסם השקעות בע""\מ",IL,רוטב צ'ילי אסם,מיליליטרים,290.00,"100 מ""ל",false,0,9.90,3.41,true,1,
7290000061108,false,"רוטב טריאקי 290 מ""ל-בקבוק","אסם השקעות בע""\מ",IL,רוטב טריאקי,מיליליטרים,290.00,"100 מ""ל",false,0,9.90,3.41,true,1,
7290000061214,false,פתיתים אפויים קוסקוס עם בצל אסם 500 גרם,"אסם השקעות בע""\מ",IL,פתיתים אפויים,גרמים,500.00,100 גרם,false,0,6.90,1.38,true,1,
7290000061245,false,עוגיות שוקוצ'יפס במילוי שוקולד אסם 220 גרם,מיוצר עי קונדיטוריית,IL,עוגיות ש.צ'יפס,גרמים,220.00,100 גרם,false,0,10.60,4.82,true,1,
7290000062952,false,אוסם - מיני קרוטונים למרק ולסלט 250 גרם,עינת תעשיות מזון אגו,IL,מיני קרוטונים,גרמים,250.00,100 גרם,false,0,13.90,5.56,true,1,
7290000063102,false,אסם קמח עוגה תופח מאליו 350 גרם,"אסם השקעות בע""\מ",IL,קמח תופח מאליו,גרמים,350.00,100 גרם,false,0,4.90,1.40,true,1,
7290000063133,false,אסם שקדי מרק רכיבים טבעיים 24*100גרם,"אסם השקעות בע""מ",IL,שקדי מרק אסם,גרמים,100.00,100 גרם,false,0,5.80,5.80,true,1,
7290000063140,false,שקדי מרק רכיבים טבעיים בשקית 400 ג' אסם,"אסם תעשיות בע""מ",IL,שקדי מרק אסם,גרמים,400.00,100 גרם,false,0,10.90,2.73,true,1,
7290000063157,false,"קמח עוגה תופח מאליו אסם 1 ק""ג","אסם השקעות בע""\מ",IL,קמח תופח מאליו,קילוגרמים,1.00,"ק""ג",false,0,8.90,8.90,true,1,
7290000064758,false,קוסקוס בינוני אמיתי אסם 350 ג',"מיוצר ע""י קוד יצרן K",IL,קוסקוס בינוני,גרמים,350.00,100 גרם,false,0,7.90,2.26,true,1,
7290000064871,false,"אוסם - מנה חמה פירה תפו""א עם בצל 56 גרם","אסם השקעות בע""מ",IL,מנה חמה פירה,גרמים,56.00,100 גרם,false,0,5.90,10.54,true,1,
7290000065335,false,אוסם - מנה חמה פירה עם ירקות 55 גרם,"אסם תעשיות בע""מ",IL,מנה חמה פירה,גרמים,55.00,100 גרם,false,0,5.90,10.73,true,1,
7290000065557,false,אוסם - מנה חמה קוסקוס עם ירקות 84 גרם,"אסם תעשיות מזון בע""מ",IL,מנה חמה קוסקוס,גרמים,84.00,100 גרם,false,0,5.90,7.02,true,1,
7290000066141,false,ביסלי חטיף בטעם גריל אסם 70 גרם,"אסם השקעות בע""\מ",IL,ביסלי גריל,גרמים,70.00,100 גרם,false,0,4.40,6.29,true,1,
7290000066189,false,ביסלי חטיף בטעם פלאפל אסם 200 גרם,"אסם השקעות בע""\מ",IL,ביסלי פלאפל,גרמים,200.00,100 גרם,false,0,7.50,3.75,true,1,
7290000066196,false,ביסלי חטיף בטעם גריל אסם 200 גרם,מיוצר עי קונדיטוריית,IL,ביסלי גריל,גרמים,200.00,100 גרם,false,0,7.50,3.75,true,1,
7290000066226,false,ביסלי חטיף בטעם פיצה אסם 200 גרם,מיוצר עי קונדיטוריית,IL,ביסלי בטעם פיצה,גרמים,200.00,100 גרם,false,0,7.50,3.75,true,1,
7290000066295,false,אסם במבה תות מחומרים טבעיים 30גר,מיוצר עי קונדיטוריית,IL,במבה מתוקה,גרמים,30.00,100 גרם,false,0,2.90,9.67,true,1,
7290000066318,false,במבה חטיף בוטנים אסם 80 גרם,"אסם השקעות בע""\מ",IL,במבה,גרמים,80.00,100 גרם,false,0,4.30,5.38,true,1,
7290000066332,false,אפרופו חטיף תירס אסם 50 גרם,מיוצר עי קונדיטוריית,IL,חטיף אפרופו,גרמים,50.00,100 גרם,false,0,5.00,10.00,true,1,
7290000066349,false,אפרופו חטיף תירס אסם 100 גרם,מיוצר עי קונדיטוריית,IL,אפרופו חטיף תירס,גרמים,100.00,100 גרם,false,0,8.90,8.90,true,1,
7290000066431,false,פופקו חטיף פופקורן בטעם חמאה ודבש אסם 80 גרם,מיוצר עי קונדיטוריית,IL,חטיף פופקו,גרמים,80.00,100 גרם,false,0,5.40,6.75,true,1,
7290000067544,false,פירורית זהב פירורי לחם אסם 200 גרם,עינת תעשיות מזון אגו,IL,פירורית זהב,גרמים,200.00,100 גרם,false,0,6.40,3.20,true,1,
7290000067599,false,אוסם - מנה חמה ספגטי רוטב בולנז 65 גרם,"אסם השקעות בע""\מ",IL,מנה חמה בולונז,גרמים,65.00,100 גרם,false,0,5.90,9.08,true,1,
7290000068138,false,אינסטנט פודינג בטעם וניל אסם 80 גרם,מיוצר עי קונדיטוריית,IL,אינסטנט פודינג,גרמים,80.00,100 גרם,false,0,5.50,6.88,true,1,
7290000068190,false,אסם ג'לי תות שדה צבעים טבעיים 90 גרם,מיוצר עי קונדיטוריית,IL,ג'לי בטעם תות,גרמים,90.00,100 גרם,false,0,6.40,7.11,true,1,
7290000068237,false,אבקה להכנת ג'לי בטעם פטל אסם 85 גרם,מיוצר עי קונדיטוריית,IL,ג'לי בטעם פטל,גרמים,85.00,100 גרם,false,0,6.40,7.53,true,1,
7290000068251,false,אבקה להכנת ג'לי בטעם אננס אסם 85 גרם,מיוצר עי קונדיטוריית,IL,ג'לי בטעם אננס,גרמים,85.00,100 גרם,false,0,6.40,7.53,true,1,
7290000068343,false,אסם פריכונים פרוסות קלויות מלא,"פרח תעשיות מזון בע""מ.",IL,פריכונים מאורז,גרמים,140.00,100 גרם,false,0,7.90,5.64,true,1,
7290000068701,false,אסם שקדי מרק רכיבים טבע.מיכל 400 גרם,"אסם תעשיות בע""מ",IL,שקדי מרק במיכל,גרמים,400.00,100 גרם,false,0,16.30,4.08,true,1,
7290000068770,false,במבה יום הולדת חטיף בוטנים אסם 80 גרם,"אסם השקעות בע""\מ",IL,במבה יום הולדת,גרמים,80.00,100 גרם,false,0,4.30,5.38,true,1,
7290000068787,false,במבה יום הולדת חטיף בוטנים אסם 25 גרם,מיוצר עי קונדיטוריית,IL,במבה יום הולדת,גרמים,25.00,100 גרם,false,0,2.20,8.80,true,1,
7290000069258,false,פסטה פרפקטו פנה ריגאטה 500 ג' אסם,קריות זול,IT,פנה ריגאטה,גרמים,500.00,100 גרם,false,0,6.90,1.38,true,1,
7290000069364,false,פריכונים מאורז מלא ללא תוספת סוכר אסם 140 גרם,"פרח תעשיות מזון בע""מ.",IL,פריכונים מאורז,גרמים,140.00,100 גרם,false,0,7.90,5.64,true,1,
7290000070308,false,אבקת מרק עוף אמיתי בשרי אסם 400 גרם,"אסם השקעות בע""\מ",IL,מרק עוף אמיתי,גרמים,400.00,100 גרם,false,0,18.70,4.68,true,1,
7290000070322,false,אבקת מרק פטריות רכיבים טבעיים אסם 400 גרם,"אסם השקעות בע""\מ",IL,מרק פטריות אסם,גרמים,400.00,100 גרם,false,0,25.60,6.40,true,1,
7290000070353,false,אבקת מרק בצל רכיבים טבעיים אסם 400 גרם,"אסם השקעות בע""\מ",IL,מרק בצל אסם,גרמים,400.00,100 גרם,false,0,25.60,6.40,true,1,
7290000071008,false,אוסם - בייגלה שטוחים מלח 60 גרם,"אסם השקעות בע""\מ",IL,בייגלה שטוחים,גרמים,60.00,100 גרם,false,0,3.10,5.17,true,1,
7290000072067,false,במבה חטיף בוטנים במילוי קרם חלבה 60 גרם,מיוצר עי קונדיטוריית,IL,במבה במילוי חלוה,גרמים,60.00,100 גרם,false,0,4.30,7.17,true,1,
7290000072241,false,"רוטב פיצה 290 מ""ל-בקבוק","אסם השקעות בע""\מ",IL,רוטב לפיצה אסם,מיליליטרים,290.00,"100 מ""ל",false,0,9.90,3.41,true,1,
7290000072623,false,קטשופ אסם בקבוק לחיץ 750 גרם,"אסם השקעות בע""מ",IL,קטשופ בקבוק לחיץ,גרמים,750.00,100 גרם,false,0,10.90,1.45,true,1,
7290000072753,false,קפה נמס מגורען טסטרס צ'ויס 200 גרם-,לוטה נסטלה קוריאה,KR,קפה טסטרס צ'ויס,גרמים,200.00,100 גרם,false,0,29.90,14.95,true,1,
7290000072777,false,קפה נמס מגורען נטול קפאין טסטרס צ'ויס 200 גרם,לוטה נסטלה קוריאה,KR,קפה טסטרס צויס,גרמים,200.00,100 גרם,false,0,38.90,19.45,true,1,
7290000072784,false,קפה טייסטר צויס נטול קופאין 100 גר',נסטלה קוריאה - קפה,KR,קפה טסטרס צויס,גרמים,100.00,100 גרם,false,0,29.60,29.60,true,1,
7290000072968,false,דגני בוקר סיני מיניס חיטה מלאה וקינמון נסטלה 500 גרם,נסטלה פולין דגני בוק,PL,דגני נסטלה,גרמים,500.00,100 גרם,false,0,24.60,4.92,true,1,
7290000073125,false,מנה חמה פסטה ברוטב עגבניות אסם 62 גרם,"אסם השקעות בע""\מ",IL,מנה חמה פסטה,גרמים,62.00,100 גרם,false,0,5.90,9.52,true,1,
7290000073415,false,אוסם - מנה חמה פסטה ברוטב פיצה 61 גרם,"אסם השקעות בע""\מ",IL,מנה חמה פסטה,גרמים,61.00,100 גרם,false,0,5.90,9.67,true,1,
7290000073767,false,מנה חמה נודלס אטר.+ירקות טעם בקר 70 גרם,PUB FOODS PRESIDENT THAI,TH,מנה חמה נודלס,גרמים,70.00,100 גרם,false,0,5.90,8.43,true,1,
7290000074184,false,אוסם - פתי בר בינוני 500 גרם,"אסם השקעות בע""\מ",IL,ביסקוויט פתי בר,גרמים,500.00,100 גרם,false,0,10.90,2.18,true,1,
7290000074245,false,אוסם - קרם קרקר אסם 250 גרם,"אסם השקעות בע""\מ",IL,קרם קרקר אסם,גרמים,250.00,100 גרם,false,0,9.80,3.92,true,1,
7290000074252,false,קרקר שומשון אסם 250 גרם,"אסם השקעות בע""\מ",IL,קרקר שומשום אסם,גרמים,250.00,100 גרם,false,0,9.90,3.96,true,1,
7290000074375,false,אוסם - קרקר זהב 150 גרם,"אסם השקעות בע""\מ",IL,קרקר זהב אסם,גרמים,150.00,100 גרם,false,0,7.50,5.00,true,1,
7290000074481,false,לחמית אגוזים אסם 160 גרם,"אסם השקעות בע""\מ",IL,לחמית אגוזים,גרמים,160.00,100 גרם,false,0,9.90,6.19,true,1,
7290000074764,false,קרקר הזהב אסם 900 גרם,"אסם השקעות בע""\מ",IL,קרקר זהב אסם,גרמים,900.00,100 גרם,false,0,29.90,3.32,true,1,
7290000075204,false,אוסם - לחמית חיטה מלאה 250 גרם,"אסם השקעות בע""\מ",IL,לחמית חיטה מלאה,גרמים,250.00,100 גרם,false,0,9.50,3.80,true,1,
7290000076126,false,אוסם - בייגלה שמיניות קטנות 80 גרם,"אסם השקעות בע""\מ",IL,בייגלה שמיניות,גרמים,80.00,100 גרם,false,0,3.10,3.88,true,1,
7290000076133,false,בייגלה שמיניות קטנות עם מלח אסם 400 גרם,"אסם השקעות בע""\מ",IL,בייגלה שמיניות,גרמים,400.00,100 גרם,false,0,9.90,2.48,true,1,
7290000077017,false,עוגיות קרמוגית במילוי קרם שוקולד אסם 200 גרם,מיוצר עי קונדיטוריית,IL,קרמוגית שוקולד,גרמים,200.00,100 גרם,false,0,10.90,5.45,true,1,
7290000077253,false,אוסם - לחמית כפרית עם דגנים מלאים 190 גרם,"אסם השקעות בע""\מ",IL,לחמית כפרית,גרמים,190.00,100 גרם,false,0,9.90,5.21,true,1,
7290000078212,false,קרוטונים מתובלים למרק אסם 250 גרם,עינת תעשיות מזון אגו,IL,קרוטונים מתובל,גרמים,250.00,100 גרם,false,0,13.90,5.56,true,1,
7290000078762,false,אוסם - חטיפי פריכונים מאורז מלא בטעם דבש 80גר,סנורייס בלגיום אן. ו,GB,חטיפי פריכונים,גרמים,80.00,100 גרם,false,0,7.50,9.38,true,1,
7290000080765,false,טוסטעים פת קלויה עם שומשום אסם 100 גרם,ון דר מולן האלום,NL,טוסטעים +שומשו,גרמים,100.00,100 גרם,false,0,10.50,10.50,true,1,
7290000081663,false,"בייגלה טבעות שומשום אסם 300 גרם בד""ץ",מיוצר עי קונדיטוריית,IL,בייגלה טבעות,גרמים,300.00,100 גרם,false,0,9.90,3.30,true,1,
7290000090030,true,מאפה נפולאון מחיר לפי מש,גידרון,IL,נפוליאון חלבי,קילוגרמים,0.00,"ק""ג",true,0,42.00,42.00,true,1,
7290000090627,true,לחמניה מתוקה,גידרון,IL,לחמניה מתוק עגול,יחידה,1.00,יחידה,false,0,2.40,2.40,true,1,
7290000090832,true,בייגל אמריקאי רגיל,גידרון,IL,בייגל אמריקאי,יחידה,1.00,יחידה,false,0,4.50,4.50,true,1,
7290000092201,true,כיס גבינה וצימוקים,גידרון,IL,כיס גבינה וצימוק,קילוגרמים,0.00,"ק""ג",true,0,42.00,42.00,true,1,
7290000093031,true,לחם ג'בטה,גידרון,IL,לחם ג'בטה,יחידה,1.00,יחידה,false,0,7.50,7.50,true,1,
7290000093369,true,עגבניה אורג.ארוז במשקל,,IL,עגבניה אורגני,קילוגרמים,0.00,"ק""ג",true,1,9.90,9.90,true,1,
7290000094199,true,לחם חצי ג'בטה,גידרון,IL,חצי ג'בטה לבן,יחידה,1.00,יחידה,false,0,4.50,4.50,true,1,
7290000094373,true,לחם חצי ג'בטה כפרי,גידרון,IL,לחם חצי ג'בטה,יחידה,1.00,יחידה,false,0,4.50,4.50,true,1,
7290000094663,true,לחמניה גידרול כפרי,גדרון סהרון,IL,לחמניה גידרול,יחידה,1.00,יחידה,false,0,4.90,4.90,true,1,
7290000095486,true,"פילו תפו""ע פרימיום לקג",גידרון,IL,פילו תפוח עץ,קילוגרמים,0.00,"ק""ג",true,0,42.00,42.00,true,1,
7290000096032,true,חצי בגט,גידרון,IL,חצי בגט,יחידה,1.00,יחידה,false,0,3.70,3.70,true,1,
7290000096414,true,סופגניה גדולה רגילה80*6ג,גידרון,IL,סופגניה גדולה6יח,יחידה,1.00,יחידה,false,6,35.40,35.40,true,1,
7290000096438,true,דלעת יפנית אורגנ,,IL,דלעת יפנית אורגנ,קילוגרמים,0.00,"ק""ג",true,0,14.90,14.90,true,1,
7290000096919,true,טורקי גבינה במשקל,גידרון,IL,בורקס טורקיגבינה,קילוגרמים,0.00,"ק""ג",true,0,42.00,42.00,true,1,
7290000097237,true,בגט 280 גרם,גידרון,IL,בגט גדרון,יחידה,1.00,יחידה,false,0,4.90,4.90,true,1,
7290000097596,true,לחמנית 1/3 באגט,גידרון,IL,לחמנית בגט,יחידה,1.00,יחידה,false,0,3.20,3.20,true,1,
7290000097633,true,לחמניית קשר,גידרון,IL,לחמניית קשר,יחידה,1.00,יחידה,false,0,3.20,3.20,true,1,
7290000097657,true,לחמניית חלה,גידרון,IL,לחמניית חלה,יחידה,1.00,יחידה,false,0,4.50,4.50,true,1,
7290000098296,true,לחמניית אצבע,גידרון,IL,לחמניית אצבע,יחידה,1.00,יחידה,false,0,2.40,2.40,true,1,
7290000099248,true,בורקס גבינה חלבי במשקל,גידרון,IL,בורקס גבינה חלבי,קילוגרמים,0.00,"ק""ג",true,0,42.00,42.00,true,1,
7290000099255,true,בורקס תפוח אדמה מחיר לקג,גידרון,IL,בורקס תפוח אדמה,קילוגרמים,0.00,"ק""ג",true,0,42.00,42.00,true,1,
7290000099385,true,גביניות חלבי במשקל,גידרון,IL,גביניות חלבי,קילוגרמים,0.00,"ק""ג",true,0,42.00,42.00,true,1,
7290000099439,true,קרואסון קטן במשקל,גידרון,IL,קרואסון קטן ריק,קילוגרמים,0.00,"ק""ג",true,0,42.00,42.00,true,1,
7290000099477,true,קרואסון ביס שוקולד במשקל,גידרון,IL,קרואסון שוקולד,קילוגרמים,0.00,"ק""ג",true,0,42.00,42.00,true,1,
7290000099804,true,קוקיס שוקולד לבן במשקל,גידרון,IL,קוקיס שוק.חלבי,קילוגרמים,0.00,"ק""ג",true,0,52.00,52.00,true,1,
7290000099828,true,קוקיס שוקולד מריר במשקל,גידרון,IL,קוקיס שוקולד חלב,קילוגרמים,0.00,"ק""ג",true,0,52.00,52.00,true,1,
7290000099835,true,קוקיס שוקולד חלב במשקל,גידרון,IL,קוקיס שוק.חלבי,קילוגרמים,0.00,"ק""ג",true,0,52.00,52.00,true,1,
7290000099866,true,עגבניה תמר אורגנית במשקל,יבולי בר אורגני,IL,עגבניה תמר,קילוגרמים,0.00,"ק""ג",true,0,9.90,9.90,true,1,
7290000099873,true,קוקיס שוקולד חלבי במשקל,גידרון,IL,קוקיס שוקולד חלב,קילוגרמים,0.00,"ק""ג",true,0,52.00,52.00,true,1,
7290000099927,true,בורקיטס חלבי במשקל,גידרון,IL,בורקיטס חלבי,קילוגרמים,0.00,"ק""ג",true,0,42.00,42.00,true,1,
7290000099941,true,גזר אורגני במשקל,,IL,גזר אורגני ארוז,קילוגרמים,0.00,"ק""ג",true,0,8.90,8.90,true,1,
7290000100029,false,פתיתי כרובית סנפרוסט 800 גרם,"סנפרוסט בע""מ",IL,פתיתי כרובית,גרמים,800.00,100 גרם,false,1,19.90,2.49,true,1,
7290000100036,false,פתיתי ברוקולי סנפרוסט 800 גרם,"סנפרוסט בע""מ",IL,פתיתי ברוקולי,גרמים,800.00,100 גרם,false,1,19.90,2.49,true,1,
7290000100135,false,פירות קפואים סנפרוסט דובדבן 300 גר,"סנפרוסט בע""מ",IL,דובדבן מתוק קפוא,גרמים,300.00,100 גרם,false,1,17.90,5.97,true,1,
7290000100302,false,פול ירוק קלוף סנפרוסט 600 גרם,"סנפרוסט בע""\מ",IL,פול ירוק קלוף,גרמים,600.00,100 גרם,false,1,23.90,3.98,true,1,
7290000100593,false,פרוסות אנטיפסטי לתנור סנפרוסט 600 גרם,"סנפרוסט בע""\מ",IL,אנטיפסטי לתנור,גרמים,600.00,100 גרם,false,1,22.90,3.82,true,1,
7290000100609,false,קוביות אנטיפסטי להקפצה סנפרוסט 600 גרם,"סנפרוסט בע""\מ",IL,אנטיפסטי להקפצה,גרמים,600.00,100 גרם,false,1,22.90,3.82,true,1,
7290000101927,false,אוכמניות כחולות מוקפאות סנפרוסט 300 גרם,"איי, בי, אינבוו",IL,אוכמניות קפואות,גרמים,300.00,100 גרם,false,1,17.90,5.97,true,1,
7290000101934,false,מיקס פירות יער מוקפאות 300 ג' סנפרוסט,"איי, בי, אינבוו",IL,מיקס פירות יער,גרמים,300.00,100 גרם,false,1,17.90,5.97,true,1,
7290000101941,false,אננס חתוך מוקפא סנפרוסט 300ג',"איי, בי, אינבוו",IL,אננס קפוא,גרמים,300.00,100 גרם,false,1,17.90,5.97,true,1,
7290000101958,false,מנגו חתוך מוקפא סנפרוסט 300ג',"איי, בי, אינבוו",IL,מנגו קפוא,גרמים,300.00,100 גרם,false,1,17.90,5.97,true,1,
7290000103433,false,"לקט ירקות לתנור 800 גרם ""סנפרוסט""","איי, בי, אינבוו",IL,לקט ירקות לתנור,גרמים,800.00,100 גרם,false,1,22.90,2.86,true,1,
7290000103457,false,"מיני כרובית 600 גרם ""סנפרוסט""","סנפרוסט בע""\מ",IL,מיני כרובית,גרמים,600.00,100 גרם,false,1,17.90,2.98,true,1,
7290000103471,false,מיני ברוקולי סנפרוסט 600 גרם,"סנפרוסט בע""\מ",IL,מיני ברוקולי,גרמים,600.00,100 גרם,false,14,17.90,2.98,true,1,
7290000103730,false,לקט להקפצה עם פסטה פוזילי סנפרוסט 800 גרם,"איי, בי, אינבוו",IL,לקט להקפצה,גרמים,800.00,100 גרם,false,0,24.90,3.11,true,1,
7290000103815,false,לקט להקפצה בסגנון תאילנדי סנפרוסט 800 גרם,"סנפרוסט בע""\מ",IL,לקט תאילנדי,גרמים,800.00,100 גרם,false,0,24.90,3.11,true,1,
7290000103839,false,מרק כתום עשיר בירקות סנפרוסט 570 גרם,"סנפרוסט בע""\מ",IL,מרק כתום,גרמים,572.00,100 גרם,false,0,17.90,3.13,true,1,
7290000104072,false,עדשים ירוקות מבושלות מוקפאות 800 ג' סנפרוסט,"איי, בי, אינבוו",IL,עדשים ירוקות,גרמים,800.00,100 גרם,false,0,18.70,2.34,true,1,
7290000104201,false,אפונה עדינה סנפרוסט 600 גרם,"איי, בי, אינבוו",IL,אפונה עדינה קפוא,גרמים,600.00,100 גרם,false,0,17.90,2.98,true,1,
7290000104218,false,סנפרוסט במיה 600 גרם,"איי, בי, אינבוו",IL,במיה מוקפאת,גרמים,600.00,100 גרם,false,0,15.80,2.63,true,1,
7290000104225,false,בצל קצוץ סנפרוסט 600 גרם,"סנפרוסט בע""\מ",IL,בצל קצוץ מוקפא,גרמים,600.00,100 גרם,false,0,17.00,2.83,true,1,
7290000104676,false,אפונה קפואה סנפרוסט 800 גרם,"איי, בי, אינבוו",IL,אפונה ירוקה קפוא,גרמים,800.00,100 גרם,false,0,17.90,2.24,true,1,
7290000104683,false,שעועית ירוקה שלמה סנפרוסט 800 גרם,"סנפרוסט בע""\מ",IL,שעועית ירוקה שלמ,גרמים,800.00,100 גרם,false,0,19.90,2.49,true,1,
7290000104690,false,תירס גרעינים 800 גרם סנפרוסט,"איי, בי, אינבוו",IL,גרעיני תירס קפוא,גרמים,800.00,100 גרם,false,0,17.90,2.24,true,1,
7290000104706,false,גזר גמדי סנפרוסט 800 גרם,"סנפרוסט בע""\מ",IL,גזר גמדי מוקפא,גרמים,800.00,100 גרם,false,0,18.50,2.31,true,1,
7290000104713,false,פול ירוק סנפרוסט 800 גרם,"איי, בי, אינבוו",IL,פול ירוק מוקפא,גרמים,800.00,100 גרם,false,0,23.60,2.95,true,1,
7290000104744,false,כרובית סנפרוסט 800 גרם,"סנפרוסט בע""\מ",IL,כרובית מוקפאת,גרמים,800.00,100 גרם,false,0,24.90,3.11,true,1,
7290000104768,false,עלי תרד סנפרוסט 800 גרם,"איי, בי, אינבוו",IL,תרד עלים מוקפא,גרמים,800.00,100 גרם,false,0,25.60,3.20,true,1,
7290000104775,false,תרד מדליונים סנפרוסט 800 גרם,"איי, בי, אינבוו",IL,מדליוני תרד קפ,גרמים,800.00,100 גרם,false,0,26.20,3.28,true,1,
7290000104805,false,גרגירי חומוס מבושלים סנפרוסט 800 גרם,"איי, בי, אינבוו",IL,גרגרי חומוס קפוא,גרמים,800.00,100 גרם,false,0,19.70,2.46,true,1,
7290000104829,false,קלחי תירס חתוכים סנפרוסט 1 קילו,"איי, בי, אינבוו",IL,קלחוני תירס קפוא,קילוגרמים,1.00,"ק""ג",false,0,19.70,19.70,true,1,
7290000104836,false,שעועית ירוקה עדינה שלמה סנפרוסט 600 גרם,"סנפרוסט בע""\מ",IL,שעועית שלמה קפוא,גרמים,600.00,100 גרם,false,0,21.90,3.65,true,1,
7290000104881,false,לקט אפונה וגזר סנפרוסט 800 גרם,"איי, בי, אינבוו",IL,אפונה וגזר קפוא,גרמים,800.00,100 גרם,false,0,15.90,1.99,true,1,
7290000104904,false,לקט ירקות מעורבים סנפרוסט 800 גרם,"איי, בי, אינבוו",IL,לקט ירקות מעור,גרמים,800.00,100 גרם,false,0,22.90,2.86,true,1,
7290000104911,false,לקט נורמנדי סנפרוסט 800 גרם,"איי, בי, אינבוו",IL,לקט נורמנדי קפוא,גרמים,800.00,100 גרם,false,0,22.90,2.86,true,1,
7290000106175,false,"לקט כפרי 2 ק""ג סנפרוסט","סנפרוסט בע""\מ",IL,לקט כפרי קפוא,קילוגרמים,2.00,"ק""ג",false,0,39.90,19.95,true,1,
7290000106526,false,חגיגה ירוקה להקפצה סנפרוסט 800 גרם,"איי, בי, אינבוו",IL,חגיגה ירוקה להקפ,גרמים,800.00,100 גרם,false,1,24.90,3.11,true,1,
7290000107189,false,תחתיות ארטישוק 400 גרם סנפרוסט,"איי, בי, אינבוו",IL,תחתיות ארטישוק,גרמים,400.00,100 גרם,false,0,21.90,5.48,true,1,
7290000107295,false,תפרחות ברוקולי סנפרוסט 800 גרם,"איי, בי, אינבוו",IL,ברוקולי מוקפא,גרמים,800.00,100 גרם,false,0,24.90,3.11,true,1,
7290000107622,false,ירקות ופסטה א-לה איטליה סנפרוסט 800 גרם,"איי, בי, אינבוו",IL,ירקות ופסטה א-לה,גרמים,800.00,100 גרם,false,1,24.90,3.11,true,1,
7290000111117,false,בדין מרכך כביסה לבן 4 ליטר,יוניליור ישראל טיפוח איש,IL,מרכך כביסה בדין,ליטרים,4.00,ליטר,false,0,19.90,4.98,true,1,
7290000111360,false,"חרדל אמיתי תלמה 250 גרם בד""צ",יוניליוור ישראל מזו,IL,חרדל אמיתי תלמה,גרמים,250.00,100 גרם,false,0,5.90,2.36,true,1,
7290000111384,false,חרדל אמיתי בצנצנת 550 ג' תלמה,יוניליוור ישראל מזו,IL,חרדל אמיתי תלמה,גרמים,550.00,100 גרם,false,0,8.40,1.53,true,1,
7290000112220,false,טחינה גולמית שומשום טהור בארכה 500 גרם,"רושדי תעשיות מזון בע""\מ",IL,טחינה גולמית,גרמים,500.00,100 גרם,false,0,13.90,2.78,true,1,
7290000112497,false,מרק עשיר עוף אטריות קנור 75 גרם - שקיות,יוניליוור ישראל מזון בע\,IL,מרק עוף איטריות,גרמים,68.00,100 גרם,false,0,9.40,13.82,true,1,
7290000112503,false,מרק עשיר ירקות קנור 69 גרם - שקיות,יוניליוור ישראל מזון בע\,IL,מרק ירקות קנור,גרמים,61.00,100 גרם,false,0,9.40,15.41,true,1,
7290000112619,false,אבקת מרק עוף אמיתי קנור 400 ג' כשלפ,"יוניליוור ישראל מזון בע""",IL,מרק עוף אמיתי,גרמים,400.00,100 גרם,false,0,19.90,4.98,true,1,
7290000116884,false,"רוטב ברביקיו קנור 300 גרם בד""צ",יוניליוור ישראל מזון בע\,IL,רוטב ברביקיו,גרמים,350.00,100 גרם,false,0,10.90,3.11,true,1,
7290000116921,false,רוטב צ'ילי מתוק 340 גרם קנור,יוניליוור ישראל מזון בע\,IL,רוטב צ'ילי מתוק,גרמים,370.00,100 גרם,false,0,10.90,2.95,true,1,
7290000117720,false,נמס בכוס פטריות קנור 21.5 גרם מארז זוגי,יוניליוור ישראל מזון בע\,IL,מרק נמס בכוס,גרמים,43.00,100 גרם,false,0,6.90,16.05,true,1,
7290000118277,false,כופתאות מצה להכנת מהירה 65 ג' קנור,יוניליוור ישראל מזון בע\,IL,אבקה לקניידלך,גרמים,130.00,100 גרם,false,0,9.90,7.62,true,1,
7290000120836,false,"מיונז אמיתי 394 גרם ""הלמנס""",קונפקו אינק' די.בי.א,CA,מיונז אמיתי הלמנ,גרמים,394.00,100 גרם,false,0,10.90,2.77,true,1,
7290000120874,false,מיונז הלמנס לייט מופחת קלוריות 424ג,"יונילוור ארה""ב - HPC",US,ממרח הלמנס,גרמים,424.00,100 גרם,false,0,10.90,2.57,true,1,
7290000121031,false,החתול המחייך גבינה מותכת 14% מון בלאן 120 גרם,החתול המחייך,IL,גבינה מותכת,גרמים,120.00,100 גרם,false,0,11.90,9.92,true,1,
7290000121093,false,גבינה מותכת לייט בטעם שוויצרי 7% מון בלאן 120 גר',האי נאם סי או אל.טי.,IL,גבינת מון בלאן,גרמים,120.00,100 גרם,false,0,11.90,9.92,true,1,
7290000121109,false,גבינה מותכת לייט עם זיתים 7% מון בלאן 120 גרם,האי נאם סי או אל.טי.,IL,גבינת מון בלאן,גרמים,120.00,100 גרם,false,0,11.90,9.92,true,1,
7290000121154,false,גבינה מותכת לייט עם סלמון 7% מון בלאן 120 גרם,האי נאם סי או אל.טי.,IL,גבינת מון בלאן,גרמים,120.00,100 גרם,false,0,11.90,9.92,true,1,
7290000121239,false,מיוקל 5% שומן ללא כולסטרול תלמה 500ג',יוניליוור ישראל מזון בע\,IL,מיוקל 5% שומן,גרמים,500.00,100 גרם,false,0,12.90,2.58,true,1,
7290000122830,false,"רוטב מקסיקני סצ'ואן קנור 300 מ""ל","יוניליוור ישראל מזון בע""",IL,רוטב סצ'ואן סיני,גרמים,370.00,100 גרם,false,0,10.90,2.95,true,1,
7290000129457,false,אבקת רוטב פטריות קנור 28 ג' שקית,"יוניליוור ישראל מזון בע""",IL,רוטב פטריות,גרמים,28.00,100 גרם,false,0,3.90,13.93,true,1,
7290000134147,false,טעם וריח מוסקט טחון מיכל 40גר,"תבליני טעם וריח בע""מ",IL,מוסקט טחון,גרמים,40.00,100 גרם,false,0,14.90,37.25,true,1,
7290000134307,false,קינמון טחון 50 גרם טעם וריח,"תבליני טעם וריח בע""מ",IL,קינמון טחון,גרמים,50.00,100 גרם,false,0,6.00,12.00,true,1,
7290000134314,false,פיצה תערובת תיבול 120 גרם מיכל גדול,"תבליני טעם וריח בע""מ",IL,תיבול לפיצה,גרמים,120.00,100 גרם,false,0,10.00,8.33,true,1,
7290000134352,false,קינמון טחון בקופ' 90 גר' טעם וריח,"תבליני טעם וריח בע""מ",IL,קינמון טחון,גרמים,80.00,100 גרם,false,0,10.00,12.50,true,1,
7290000134376,false,פפריקה בשמן בקופ' 90 גר' טעם וריח,"תבליני טעם וריח בע""מ",IL,פפריקה מתוקה,גרמים,90.00,100 גרם,false,0,10.00,11.11,true,1,
7290000134550,false,עלי דפנה 20 גר' טעם וריח,"תבליני טעם וריח בע""מ",IL,עלי דפנה בשקית,גרמים,20.00,100 גרם,false,0,6.00,30.00,true,1,
7290000134666,false,רוזמרין 15 גר מיכל ק,תבליני טעם וריח,IL,רוזמרין,גרמים,15.00,100 גרם,false,0,7.00,46.67,true,1,
7290000134758,false,"תיבול לתפו""א בקופ' 100 גר' טעם וריח","תבליני טעם וריח בע""מ",IL,"תיבול לתפו""א",גרמים,100.00,100 גרם,false,0,10.00,10.00,true,1,
7290000134826,false,זעתר מעורב בקופ' 100 גר' טעם וריח,"תבליני טעם וריח בע""מ",IL,זעתר מעורב,גרמים,100.00,100 גרם,false,0,10.00,10.00,true,1,
7290000134833,false,כמון טחון בקופ' 100 גר' טעם וריח,"תבליני טעם וריח בע""מ",IL,כמון טחון,גרמים,100.00,100 גרם,false,0,10.00,10.00,true,1,
7290000134840,false,כורכום טחון בקופ' 100 גר' טעם וריח,"תבליני טעם וריח בע""מ",IL,כורכום טחון,גרמים,100.00,100 גרם,false,0,10.00,10.00,true,1,
7290000134857,false,פפריקה מתוקה בקופ' 100 גר' טעם וריח,"תבליני טעם וריח בע""מ",IL,פפריקה במיכל,גרמים,100.00,100 גרם,false,0,10.00,10.00,true,1,
7290000134871,false,פלפל שחור טחון בקופ' 100 גר' טעם וריח,"תבליני טעם וריח בע""מ",IL,פלפל שחור במיכ,גרמים,100.00,100 גרם,false,0,12.90,12.90,true,1,
7290000134970,false,חוואיג' בקופ' 100 גר' טעם וריח,"תבליני טעם וריח בע""מ",IL,חוואיג',גרמים,100.00,100 גרם,false,0,10.00,10.00,true,1,
7290000134987,false,פלפל שחור גרוס בקופ' 90 גר' טעם וריח,"תבליני טעם וריח בע""מ",IL,פלפל שחור גרוס,גרמים,90.00,100 גרם,false,0,12.90,14.33,true,1,
7290000134994,false,טימין 20 גר מיכל קטן,"תבליני טעם וריח בע""מ",IL,טימין,גרמים,20.00,100 גרם,false,0,7.00,35.00,true,1,
7290000135045,false,"XL TEN משקה אנרגיה פתוח ללא סוכר 250 מ""ל","טמפו משקאות בע""\מ",IL,TEN XL בטעם תפוח,מיליליטרים,250.00,"100 מ""ל",false,1,4.90,1.96,true,1,
7290000135052,false,"XL TEN משקה אנרגיה מנגו ללא סוכר 250 מ""ל","טמפו משקאות בע""\מ",IL,TEN XL בטעם מנגו,מיליליטרים,250.00,"100 מ""ל",false,1,4.90,1.96,true,1,
7290000135113,false,"משקה אנרגיה XL פחית ten נענע ליים 250 מ""ל","טמפו משקאות בע""\מ",IL,TEN XL נענע ליים,מיליליטרים,250.00,"100 מ""ל",false,1,4.90,1.96,true,1,
7290000135168,false,"פפסי מקס ליים מארז שישייה פחית צרה 330 מ""ל","טמפו משקאות בע""מ",AL,פפסי מקס ליים6יח,ליטרים,1.98,ליטר,false,1,18.90,9.55,true,1,
7290000135311,false,פפסי מקס ליים 1.5 ליטר בודד,"טמפו משקאות בע""\מ",IL,פפסי מקס ליים,ליטרים,1.50,ליטר,false,1,7.60,5.07,true,1,
7290000135465,false,"מי סודה 500 מ""ל - מארז 12 בקבוקים","טמפו משקאות בע""\מ",,מי סודה 12 בקבוק,ליטרים,0.00,ליטר,false,0,29.90,29.90,true,1,
7290000135595,false,פפסי מקס בטעם דובדבן 1.5 ללא סוכר,"טמפו משקאות בע""\מ",IL,פפסי מקס דובדבן,ליטרים,1.50,ליטר,false,1,7.60,5.07,true,1,
7290000135625,false,"רביעיית פחיות בירה גולדסטאר 500 מ""ל","טמפו משקות בע""\מ",IL,גולדסטאר 4 פחיות,ליטרים,2.00,ליטר,false,1,32.90,16.45,true,1,
7290000135632,false,"רביעיית פחיות בירה גולדסטאר לא מסונן 500 מ""ל","טמפו משקאות בע""\מ",IL,גולדסטאר 4 פחיות,ליטרים,2.00,ליטר,false,1,35.90,17.95,true,1,
7290000135663,false,"פפסי מקס דובדבן פחית צרה מארז שישייה 330 מ""ל",טמפו משקאות בע''מ,IL,פפסי מקס דובדבן,ליטרים,1.98,ליטר,false,1,18.90,9.55,true,1,
7290000136141,false,משקה בטעם קולה 1.5ל' פפסי,"טמפו משקאות בע""\מ",IL,פפסי קולה,ליטרים,1.50,ליטר,false,0,7.70,5.13,true,1,
7290000136158,false,פפסי מקס משקה מוגז דל קלוריות בטעם קולה,"טמפו משקאות בע""\מ",IL,פפסי מקס,ליטרים,1.50,ליטר,false,0,7.60,5.07,true,1,
7290000136165,false,טמפו מירינדה 1.5 ליטר,"טמפו משקאות בע""\מ",IL,מירינדה תפוזי,ליטרים,1.50,ליטר,false,0,7.60,5.07,true,1,
7290000136172,false,סבן אפ 1.5 ליטר בודד,"טמפו משקאות בע""\מ",IL,סבן אפ,ליטרים,1.50,ליטר,false,0,7.60,5.07,true,1,
7290000136189,false,סבן אף דיאט 1.5 ליטר בודד,"טמפו משקאות בע""\ם.",IL,דיאט סבן אפ,ליטרים,1.50,ליטר,false,0,7.90,5.27,true,1,
7290000136240,false,סודה 1.5 ליטר שישייה בודד,"טמפו משקאות בע""\מ",IL,מי סודה טמפו,ליטרים,1.50,ליטר,false,0,3.90,2.60,true,1,
7290000136264,false,מי טוניק גזוז 1.5 ל' טמפו,"טמפו משקאות בע""\מ",IL,מי טוניק,ליטרים,1.50,ליטר,false,0,11.00,7.33,true,1,
7290000136516,false,משקה בטעם מנגו פסיפלורה תריסר 1.5 ל' ג'אמפ,טמפו משקאות בעמ,IL,ג'אמפ מנגו,ליטרים,1.50,ליטר,false,0,7.50,5.00,true,1,
7290000136523,false,משקה בטעם ענבים תריסר 1.5 ל' ג'אמפ,"טמפו משקאות בע""\ם.",IL,ג'אמפ ענבים,ליטרים,1.50,ליטר,false,0,7.50,5.00,true,1,
7290000136561,false,משקה בטעם תות בננה תריסר 1.5 ל' ג'אמפ,"טמפו משקאות בע""\מ",IL,ג'אמפ תות בננ,ליטרים,1.50,ליטר,false,0,7.50,5.00,true,1,
7290000136585,false,משקה בטעם תפוזים תריסר 1.5 ל' ג'אמפ,"טמפו משקאות בע""\ם.",IL,ג'אמפ תפוזים,ליטרים,1.50,ליטר,false,0,7.50,5.00,true,1,
7290000136646,false,בירה נשר מאלט ללא אלכוהול 1.5 ליטר,"טמפו משקאות בע""\מ",IL,נשר מאלט,ליטרים,1.50,ליטר,false,0,9.30,6.20,true,1,
7290000136653,false,דיאט נשר מאלט ללא אלכוהול 1.5 ליטר,"טמפו משקאות בע""\מ",IL,נשר מאלט דיאט,ליטרים,1.50,ליטר,false,0,8.80,5.87,true,1,
7290000136691,false,מארז שישייה סבן אפ 1.5 ל',סבן אפ 7up,IL,סבן אפ 1.5*6ל,ליטרים,9.00,ליטר,false,0,39.50,4.39,true,1,
7290000136752,false,סבן אפ דיאט מארז שישייה 1.5 ל' FREE,"טמפו משקאות בע""\מ",IL,סבן אפ דיאט1.5*6,ליטרים,9.00,ליטר,false,0,36.50,4.06,true,1,
7290000136769,false,מארז שישיה בטעם קולה 1.5 ל' פפסי,"טמפו משקאות בע""\מ",IL,פפסי קולה 1.5*6ל,ליטרים,9.00,ליטר,false,0,37.90,4.21,true,1,
7290000136776,false,שישיית פפסי מקס דל קלוריות 1.5 ליטר,פפסי Pepsi,IL,פפסי מקס1.5*6ל,ליטרים,9.00,ליטר,false,0,37.50,4.17,true,1,
7290000136790,false,שישיית מי סודה טמפו 1.5 ליטר,"טמפו משקאות בע""\מ",IL,סודה טמפו1.5*6ל,ליטרים,9.00,ליטר,false,0,17.90,1.99,true,1,
7290000136806,false,מארז סודה רביעייה לימון ליים 1.5 ל' טמפו,טמפו משקאות בעמ,IL,סודה למון1.5*4ל,ליטרים,6.00,ליטר,false,0,12.00,2.00,true,1,
7290000136813,false,סודה בטעם אננס מארז רביעייה 1.5 ל' טמפו,טמפו משקאות בע''מn\,IL,סודה ט.אננס1.5*4,ליטרים,6.00,ליטר,false,0,12.00,2.00,true,1,
7290000136837,false,רביעיית מי סודה נגיעות אפרסק טמפו 1.5 ליטר,טמפו משקאות בע''מn\,IL,4סודה ט.אפרסק1.5,ליטרים,6.00,ליטר,false,0,12.00,2.00,true,1,
7290000136844,false,מארז מים מזוככים אקווה נובה שישיית 2 ליטר,"טמפו משקאות בע""\מ",IL,אקווה נובה2*6ל,ליטרים,12.00,ליטר,false,0,12.90,1.08,true,1,
7290000136875,false,שישיית מים מינרליים מוגזים סן בנדטו 1.5 ליטר,סאן בנדטו San Benedetto,IT,6סנבנדטו מוגז1.5,ליטרים,9.00,ליטר,false,0,19.90,2.21,true,1,
7290000137513,false,גלידונית גלידה וניל בציפוי שוקולד 60 יח' קרמיסימו,"גלידת שטראוס בע""\מ, רחוב",IL,גלידונית,גרמים,630.00,100 גרם,false,0,44.90,7.13,true,1,
7290000137643,false,שלגוני טעמקור בטעם שוקו וניל שטראוס 8*50 גרם,"גלידת שטראוס בע""\מ, רחוב",IL,מאגד טעמקור משפ',גרמים,400.00,100 גרם,false,0,39.90,9.98,true,1,
7290000143279,false,"הוואי שמפו לשיער נגד קשקשים 700 מ""ל",שוורצקוף& הנקל דיסלד,IL,שמפו הוואי,מיליליטרים,700.00,"100 מ""ל",false,0,9.90,1.41,true,1,
7290000143286,false,"הוואי מרכך לשיער רגיל 700 מ""ל",שוורצקוף& הנקל דיסלד,IL,מרכך הוואי,מיליליטרים,700.00,"100 מ""ל",false,0,9.90,1.41,true,1,
7290000144160,false,"שמן זית כתית ארומתי מודגש עץ הזית 750 מ""ל","מרקאולאו, ספרד.אבסה,",IT,שמן זית,מיליליטרים,750.00,"100 מ""ל",false,0,33.90,4.52,true,1,
7290000146645,false,הוואי - סבון מוצק שחור מסתורי 100 גרם רביעייה,טרופיקל דגיל קוסמטיק,IL,סבון הוואי 4 יח,גרמים,400.00,100 גרם,false,0,11.90,2.98,true,1,
7290000146652,false,הוואי - סבון מוצק ורוד רומנטי 100 גרם רביעייה,טרופיקל דגיל קוסמטיק,PL,סבון הוואי 4 יח,גרמים,400.00,100 גרם,false,0,11.90,2.98,true,1,
7290000146669,false,הוואי - סבון מוצק שמיים כחולים 100 גרם רביעייה,טרופיקל דגיל קוסמטיק,IL,סבון הוואי 4 יח,גרמים,400.00,100 גרם,false,0,11.90,2.98,true,1,
7290000146676,false,הוואי - סבון מוצק לגבר 100 גרם רביעייה,טרופיקל דגיל קוסמטיק,PL,סבון הוואי 4 יח,גרמים,400.00,100 גרם,false,0,11.90,2.98,true,1,
7290000146683,false,הוואי - סבון מוצק אפקט דאודורנט 100 גרם רביעייה,טרופיקל דגיל קוסמטיק,PL,סבון הוואי 4 יח,גרמים,400.00,100 גרם,false,0,11.90,2.98,true,1,
7290000146928,false,"משחת שיניים לילדים בטעם ענבים טום וג'רי 50 מ""ל",טרופיקל דגיל קוסמטיק,IL,משחת טום וג'רי,מיליליטרים,50.00,"100 מ""ל",false,0,9.20,18.40,true,1,
7290000149615,false,רביעיית סבון מוצק קלאסי לתינוק נקה 7 4*100 גרם,גליל כימיקלים בעממשו,IL,נקה 7 סבון 4 יח,גרמים,400.00,100 גרם,false,0,12.50,3.13,true,1,
7290000149851,false,סבון לניקוי והסרת כתמים סינטבון 460 גרם,יבואן ומשווק: ש. שסט,IL,סינטבון נקה כפול,גרמים,460.00,100 גרם,false,0,9.60,2.09,true,1,
7290000149905,false,טקסטיל נוזל לכביסה עדינה נקה 1 ליטר,מיוצר עי קונדיטוריית,IL,נוזל כביס טקסטיל,ליטרים,1.00,ליטר,false,0,14.10,14.10,true,1,
7290000150956,false,עוף טוב מקלוני קבנוס 160 גרם,מוצרי עוף טוב (2001) בע\,IL,מקלוני קבנוס,גרמים,160.00,100 גרם,false,0,11.90,7.44,true,1,
7290000152288,false,עוף טוב נקניקיות עוף מיס לוסי 400 גרם,מוצרי עוף טוב (2001) בע\,IL,נקניקיות עוף,גרמים,400.00,100 גרם,false,0,15.00,3.75,true,1,
7290000152943,false,מארז פסטרמה כפרית וסלמי כפרי עוף טוב 2*350 גרם,מוצרי עוף טוב (2001) בע\,IL,פסטרמה + סלמי,גרמים,700.00,100 גרם,false,0,24.90,3.56,true,1,
7290000153469,false,קציצות עוף קלאסיות 100% רכיבים טבעיים,"מוצרי עוף טוב (2001) בע""",IL,קציצות עוף,גרמים,600.00,100 גרם,false,0,29.10,4.85,true,1,
7290000158105,false,שניצל עוף מיני דינוזאור ללא אנטיביוטיקה מ100% ר.טבעי,"מוצרי עוף טוב (2001) בע""",IL,שניצל דינוזאור,גרמים,700.00,100 גרם,false,0,34.90,4.99,true,1,
7290000161358,false,תלמה מיונז אמיתי משמן קנולה 500 גרם,יוניליוור ישראל מזון בע\,IL,מיונז אמיתי תלמה,גרמים,500.00,100 גרם,false,0,13.80,2.76,true,1,
7290000161648,false,חטיף קליק אין אאוט במילו קרם,יוניליוור ישראל מזון בע\,IL,קליק IN קרם חלב,גרמים,38.00,100 גרם,false,0,4.90,12.89,true,1,
7290000169538,false,"נמס בכוס עגבניות וקרוטונים מרק כשרות בד""ץ 62 ג' קנור",יוניליוור ישראל מזון בע\,IL,נמס בכוס,גרמים,62.00,100 גרם,false,0,6.90,11.13,true,1,
7290000169798,false,"עוגי מופחת סוכר 20% פצפוצי שוקו' 500ג' בד""צ","יוניליוור ישראל מזון בע""",IL,עוגי מופחת סוכר,גרמים,500.00,100 גרם,false,0,20.90,4.18,true,1,
7290000174099,false,בפלות בטעם שוקולד 500 גר,STRAUSS-ISRAEL,IL,בפלות טעם שוקולד,גרמים,500.00,100 גרם,false,0,12.40,2.48,true,1,
7290000174723,false,שוקולית אבקה להכנת משקה שוקו 500 גרם,הנסיך- מפעל לייצור ט,IL,שוקולית,גרמים,500.00,100 גרם,false,0,11.90,2.38,true,1,
7290000176062,false,קפה טורקי בשקית 100 ג' עלית,שטראוס קפה בי.ויn\.,IL,קפה טורקי בצלופן,גרמים,100.00,100 גרם,false,0,8.90,8.90,true,1,
7290000176079,false,קפה עלית טורקי עם הל 100 גרם,הנסיך- מפעל לייצור ט,IL,קפה טורקי עם הל,גרמים,100.00,100 גרם,false,0,8.90,8.90,true,1,
7290000176413,false,קפה נמס אבקתי 50 ג' עלית,הנסיך- מפעל לייצור ט,IL,קפה נמס,גרמים,50.00,100 גרם,false,0,9.60,19.20,true,1,
7290000176420,false,קפה נמס פחית עלית 200 גרם,שטראוס קפה בי.וי,IL,קפה נמס,גרמים,200.00,100 גרם,false,0,19.90,9.95,true,1,
7290000176475,false,האג קפה נמס נטול קפאין עלית 200 גרם,שטראוס גרופ,VN,קפה נמס האג,גרמים,200.00,100 גרם,false,0,34.90,17.45,true,1,
7290000178707,false,תפוצ'יפס בטעם טבעי 50 גרם,"שטראוס פריטו ליי בע""\מ )",IL,חטיף תפוצ'יפס,גרמים,50.00,100 גרם,false,0,4.00,8.00,true,1,
7290000178721,false,תפוצ'יפס בטעם טבעי 200 גרם,"שטראוס פריטו ליי בע""\מ )",IL,תפוצי'פס טבעי,גרמים,200.00,100 גרם,false,0,9.90,4.95,true,1,
7290000185590,false,סילאן טבעי בבקבוק לחיץ 650 גרם,"טעמי הגליל בע""\מ עבור וי",IL,סילאן טבעי לחיץ,גרמים,635.00,100 גרם,false,1,19.90,3.13,true,1,
7290000186030,false,מגבוני האגיס תחליב דיספנסר רביעייה,האגיס-מגבונים,IL,מגבונים עם תחליב,יחידה,1.00,יחידה,false,0,24.90,24.90,true,1,
7290000187860,false,מגבוני טואלט לחים לילי דיספנסר 40 יח,עלבד משואות יצחק בעמ,IL,נייר טואלט לח,יחידה,1.00,יחידה,false,0,7.90,7.90,true,1,
7290000187938,false,לילי - נייר טואולט נייר טואלט פסטל 32 יח',לילי נייר טואלט חוגלה,IL,נייר טואלט פסטל,מטרים,588.00,100 מטר,false,0,39.90,6.79,true,1,
7290000187952,false,נייר טואלט תלת שכבתי ורוד לילי 32 יחידות,לילי נייר טואלט חוגלה,IL,נייר טואלט טריו,מטרים,537.00,100 מטר,false,0,42.90,7.99,true,1,
7290000188355,false,מגבות מטבח ניקול לבנה שישייה,קימברלי-קלארק,IL,מגבות ניקול,מטרים,65.00,מטר,false,0,12.90,0.20,true,1,
7290000188553,false,קוטקס מגן תחתון יאנג ביג 60 יחידות,חוגלה קימברלי,CN,מגן תחתון קוטקס,יחידה,1.00,יחידה,false,0,19.90,19.90,true,1,
7290000188591,false,קוטקס מגן תחתון יאנג ביג 60 יחידות,חוגלה קימברלי,CN,מגן תחתון קוטקס,יחידה,1.00,יחידה,false,0,19.90,19.90,true,1,
7290000189079,false,"ניקול תבניות אינגליש חזקות ועבות מארז, 7 יח'",חוגלה,CN,תבניות אינגליש,יחידה,1.00,יחידה,false,0,10.90,10.90,true,1,
7290000189192,false,סופר מטלית מטליות נייר רב פעמיות ניקול 64 יחידות,קימברלי קולומביה,CO,מטליות נייר,מטרים,18.00,מטר,false,0,16.90,0.94,true,1,
7290000189260,false,תבניות מלבניות עבות וחזקות ניקול 5 יחידות,ניקול,CN,תבניות מלבניות,יחידה,1.00,יחידה,false,0,10.90,10.90,true,1,
7290000189277,false,תבניות מלבניות עבות וחזקות ניקול 3 יחידות,בראבו,CN,תבניות מלבניות,יחידה,1.00,יחידה,false,0,10.90,10.90,true,1,
7290000189482,false,תבניות אפיה מרובעות מקרטון ניקול 4 יחידות,"דוקארט בעמ, קיבוץ כפ",IL,תבניות קרטון,יחידה,1.00,יחידה,false,0,9.90,9.90,true,1,
7290000189505,false,ניקול תבנית אפייה מקרטון אינגליש קייק ניקול 5 יחידות,"דוקארט בעמ, קיבוץ כפ",IL,תבניות קרטון,יחידה,1.00,יחידה,false,0,9.90,9.90,true,1,
7290000189598,false,מטליות לחות חד פעמיות לניקוי כללי 50 יח' ניקול,עלבד משואות יצחק בעמ,IL,מטליות ניקול,יחידה,1.00,יחידה,false,0,11.90,11.90,true,1,
7290000189659,false,מטליות לחות לרצפה ניקול 10 יח'-מרכז,עלבד משואות יצחק בעמ,IL,מטליות רצפה לחות,יחידה,1.00,יחידה,false,0,10.90,10.90,true,1,
7290000189680,false,זוג מטליות לחות לרצפה ניקול,חוגלה קימברלי,IL,מטליות לרצפה10*2,יחידה,1.00,יחידה,false,0,19.90,19.90,true,1,
7290000190150,false,מפיות מודפסות תלת שכבתיות ניקול 20 יחידות,חוגלה קימברלי,SI,מפיות תלת שכבתי,יחידה,1.00,יחידה,false,0,7.90,7.90,true,1,
7290000190198,false,מטליות לחות לניקוי וחיטוי 99.9% ניקול 50 יחידה,עלבד משואות יצחק בעמ,IL,מטליות ניקוי,יחידה,1.00,יחידה,false,0,11.90,11.90,true,1,
7290000190853,false,לילי פיור נייר טואלט דו שכבתי לבן 30 גלילים,לילי נייר טואלט חוגלה,IL,נייר טואלט לילי,מטרים,537.00,100 מטר,false,0,39.90,7.43,true,1,
7290000191225,false,חיתולים ליטל בייביז מידה 2 האגיס 46 יחידות,קימברלי קלארק שיווק,IL,האגיס ליטל בייבי,יחידה,1.00,יחידה,false,1,31.90,31.90,true,1,
7290000191539,false,חמישיית ממחטות טישו צבועני לילי 100 יחידות,חוגלה קימברלי,IL,מגבוני לילי 90*5,יחידה,1.00,יחידה,false,0,14.90,14.90,true,1,
7290000191546,false,ממחטות טישו צבעוני 2 שכבות לילי מארז 100X3יח',חוגלה קימברלי,IL,לילי צבעוני90*3,יחידה,1.00,יחידה,false,0,10.50,10.50,true,1,
7290000191645,false,"חיתולים האגיס ליטל בייביס ניו בורן שלב 1 עד 4 ק""ג",קימברלי קלארק ארהב,US,חיתולי האגיס,יחידה,1.00,יחידה,false,0,31.90,31.90,true,1,
7290000191652,false,שלישיית ממחטות אולטרה סופט קלינקס 90 יחידות,חוגלה קימברלי,IL,קלינקס מעוצב 3יח,יחידה,1.00,יחידה,false,0,10.90,10.90,true,1,
7290000192581,false,מגבת נייר גליל כפול ניקול 12=6 גליל,חוגלה קימברלי,IL,מגבות נייר,מטרים,129.00,מטר,false,1,21.50,0.17,true,1,
7290000193014,false,מגן תחתון פדיות אינטרלוד לילי 50 יחידות,חוגלה קימברלי,CZ,לילי פדים,יחידה,1.00,יחידה,false,0,9.90,9.90,true,1,
7290000193083,false,נובה-לי תחבושות היגייניות לילי 28 יחידות,חוגלה קימברלי,CZ,תחבושות נובה לי,יחידה,1.00,יחידה,false,0,9.90,9.90,true,1,
7290000193205,false,תחבושות עם כנפיים ללילה נטורל לילי 20 יחידות,חוגלה קימברלי,BE,תחבושות לילי,יחידה,1.00,יחידה,false,0,16.00,16.00,true,1,
7290000193472,false,מגן תחתון נורמל נטורל לילי 60 יחידות,חוגלה קימברלי,ES,פדיות לילי,יחידה,1.00,יחידה,false,0,16.00,16.00,true,1,
7290000194141,false,שקמה מכנסון גזרתי סופר נייט XL,חוגלה קימברלי,IL,מכנסוני שקמה,יחידה,1.00,יחידה,false,1,71.90,71.90,true,1,
7290000194837,false,ניקול - שקיות מזון + ידיות קשירה אקסטרה לארג' 200 יח',לחמנו,CN,שקיות מזון XL,יחידה,1.00,יחידה,false,0,11.90,11.90,true,1,
7290000195032,false,שקמה מכנסון גזרתי סופר נייט L,חוגלה קימברלי,IL,מכנסוני שקמה,יחידה,1.00,יחידה,false,0,71.90,71.90,true,1,
7290000195216,false,נייר אפייה בשקית ניקול 50 יחידות,ניקול,IL,נייר אפיה,יחידה,1.00,יחידה,false,0,11.90,11.90,true,1,
7290000195537,false,האגיס - מגבוני האגיס דיילי קר לא מבושם 64 יח' * 4,חוגלה קימברלי,IL,מגבונים האגיס 4י,יחידה,1.00,יחידה,false,0,19.90,19.90,true,1,
7290000195773,false,האגיס - מגבוני האגיס סנסטיב קר לא מבושם 64 יח' * 4,חוגלה קימברלי,IL,מגבונים האגיס 4י,יחידה,1.00,יחידה,false,0,19.90,19.90,true,1,
7290000196763,false,"שקיות אשפה חזקות במיוחד עם שרוך 52 * 65 ס""מ ניקול 40 יחידות","אשפלסט תעשיות בע""מ",IL,שקיות אשפה,יחידה,1.00,יחידה,false,0,22.90,22.90,true,1,
7290000197425,false,חיתולים פרידום דריי שלב 3 האגיס 52 יחידות,קימברלי קלארק ישראל,IL,חיתולי האגיס,יחידה,1.00,יחידה,false,0,41.90,41.90,true,1,
7290000197432,false,שקיות אוכל סנדביצ'ון ניקול מארז 150X2יח',"אשפלסט תעשיות בע""מ",IL,סנדוויצ'ון זוג,יחידה,1.00,יחידה,false,0,13.90,13.90,true,1,
7290000197456,false,חיתולים פרידום דריי שלב 4 האגיס 44 יחידות,קימברלי קלארק ישראל,IL,חיתולי האגיס,יחידה,1.00,יחידה,false,0,41.90,41.90,true,1,
7290000197463,false,חיתולים פרידום דריי שלב +4 האגיס 40 יחידות,קימברלי קלארק ישראל,IL,חיתולי האגיס,יחידה,1.00,יחידה,false,0,41.90,41.90,true,1,
7290000197548,false,חיתולים פרידום דריי שלב 5 האגיס 36 יחידות,קימברלי קלארק ישראל,IL,חיתולי האגיס,יחידה,1.00,יחידה,false,0,41.90,41.90,true,1,
7290000197654,false,שקיות אשפה ענקיות נשלפות 75*90 ניקול 50 יחידות,"אשפלסט תעשיות בע""מ",IL,שקיות אשפה,יחידה,1.00,יחידה,false,0,21.80,21.80,true,1,
7290000197678,false,חיתולי האגיס פרידום דריי שלב 6 30 יחידות,קימברלי קלארק ישראל,IL,חיתולי האגיס,יחידה,1.00,יחידה,false,0,41.90,41.90,true,1,
7290000197883,false,תבניות אלומיניום גדולות ניקול 5 יחידות,חוגלה קימברלי,CN,תבניות אלומיניום,יחידה,1.00,יחידה,false,0,9.90,9.90,true,1,
7290000197951,false,תבניות אלומיניום ענקיות ניקול 3 יחידות,חוגלה קימברלי,CN,תבניות אלומיניום,יחידה,1.00,יחידה,false,0,9.90,9.90,true,1,
7290000200361,false,שקמה פרו סקין מכנסונים סופגים XL,חוגלה,IL,פרוסקין אובר,יחידה,1.00,יחידה,false,0,87.90,87.90,true,1,
7290000201856,false,טיטולים פרימיום שלב4+ 38 יחידות .,חוגלה קימברלי,IL,טיטולים פרימיום,יחידה,1.00,יחידה,false,1,29.90,29.90,true,1,
7290000201863,false,טיטולים פרימיום 34 יח שלב 5 (12-22),חוגלה קימברלי,IL,טיטולים פרימיום,יחידה,1.00,יחידה,false,1,29.90,29.90,true,1,
7290000201870,false,טיטולים פרימיום שלב 6 30 יחידות,חוגלה קימברלי,IL,טיטולים פרימיום,יחידה,1.00,יחידה,false,1,29.90,29.90,true,1,
7290000204215,false,שישיית כרית יפנית ניקול 6 יחידות,חוגלה קימברלי,IL,כריות יפניות,יחידה,1.00,יחידה,false,0,11.90,11.90,true,1,
7290000204253,false,מטליות רב שימושיות לניקיון ניקול 9 יחידות,נועם אורים-קיבוץ אור,IL,מטליות ניקול,יחידה,1.00,יחידה,false,0,10.50,10.50,true,1,
7290000205762,false,חיתולי האגיס אקסטרה קר מידה 3 48 יחידות,חוגלה קימברלי,CZ,חיתולי האגיס,יחידה,1.00,יחידה,false,1,49.90,49.90,true,1,
7290000205915,false,חיתולי האגיס אקסטרה קייר מידה 4 40 יחידות,חוגלה קימברלי,CZ,חיתולי האגיס,יחידה,1.00,יחידה,false,1,49.90,49.90,true,1,
7290000207063,false,רסק עגבניות פריכוז 28% 240 גרם יכין,היינץ צפון אמריקה מק,IL,רוטב עגבניות,גרמים,240.00,100 גרם,false,0,4.10,1.71,true,1,
7290000207162,false,רוטב עגבניות מרכיב טבעי 100 ג' יכין,"זנלכל בע""\מ",IL,רוטב עגבניות,גרמים,100.00,100 גרם,false,0,2.50,2.50,true,1,
7290000208022,false,עגבניות 2.5 A מרוסקות 850 גרם יכין,"זנלכל בע""\מ",IL,עגבניות מרוסקות,גרמים,800.00,100 גרם,false,0,9.90,1.24,true,1,
7290000208077,false,אפונת גינה גדולה 550 גרם יכין,"זנלכל בע""\מ",IL,אפונת גינה,גרמים,550.00,100 גרם,false,0,7.90,1.44,true,1,
7290000208091,false,אפונה קטנה עדינה יכין 550 גרם,"זנלכל בע""\מ",IL,אפונת גינה קטנה,גרמים,550.00,100 גרם,false,0,7.90,1.44,true,1,
7290000208114,false,"אפונה וגזר יכין A2 פ""ק בית יוסף","זנלכל בע""\מ",IL,אפונה וגזר,גרמים,550.00,100 גרם,false,0,8.50,1.55,true,1,
7290000208145,false,גרעיני תירס מתוק לייט 550 גרם יכין,"זנלכל בע""\מ",IL,תירס לייט יכין,גרמים,550.00,100 גרם,false,0,9.90,1.80,true,1,
7290000208213,false,שעועית לבנה אפויה A2 ברוטב עגבניות יכין 560ג',היינץ צפון אמריקה מק,IL,שעועית ברוטב,גרמים,580.00,100 גרם,false,0,8.90,1.53,true,1,
7290000208312,false,גרעיני תירס מתוק בואקום יכין 400 גר',"זנלכל בע""\מ",IL,תירס ואקום,גרמים,400.00,100 גרם,false,0,6.90,1.73,true,1,
7290000208329,false,גרעיני תירס מתוק 550 גרם יכין,"זנלכל בע""\מ",IL,גרעיני תירס מתוק,גרמים,550.00,100 גרם,false,0,8.50,1.55,true,1,
7290000208336,false,רסק יכין 240גר 22% יכין בית יוסף,"זנלכל בע""\מ",IL,רוטב עגבניות,גרמים,240.00,100 גרם,false,0,4.50,1.88,true,1,
7290000208404,false,A2 פול מצרי 550 גרם יכין,"זנלכל בע""\מ",IL,פול מצרי,גרמים,550.00,100 גרם,false,0,8.90,1.62,true,1,
7290000208428,false,חומוס יכין שלם 550 גר A/2,היינץ צפון אמריקה מק,IL,חומוס שלם,גרמים,560.00,100 גרם,false,0,8.90,1.59,true,1,
7290000208459,false,"לקט אפונה, תפוחי אדמה וגזר יכין 550 גרם","זנלכל בע""\מ",IL,ירקות מעורבים,גרמים,550.00,100 גרם,false,0,9.90,1.80,true,1,
7290000208855,false,רוטב לפסטה קלאסי 240 גרם יכין,"זנלכל בע""\מ",IL,רוטב פסטה,גרמים,240.00,100 גרם,false,0,6.50,2.71,true,1,
7290000208947,false,עגבניות מרוסקות 240 גרם יכין,היינץ צפון אמריקה מק,IL,עגבניות קצוצות,גרמים,240.00,100 גרם,false,0,6.50,2.71,true,1,
7290000209371,false,שלישיית תירס ואקום יכין 165 גרם,היינץ צפון אמריקה מק,IL,תירס גרעינים 3יח,גרמים,495.00,100 גרם,false,1,14.90,3.01,true,1,
7290000209388,false,תירס מתוק לייט יכין 200 גרם מארז 3 יח',"זנלכל בע""\מ",IL,תירס לייט 3 יח,גרמים,495.00,100 גרם,false,0,14.90,3.01,true,1,
7290000209517,false,סירופ דיאט בטעם לימון יכין 1 ליטר,היינץ צפון אמריקה מק,IL,סירופ דיאט לימון,ליטרים,1.00,ליטר,false,0,16.90,16.90,true,1,
7290000209524,false,סירופ דיאט בטעם פטל יכין 1 ליטר,"זנלכל בע""\מ",IL,סירופ פטל דיאט,ליטרים,1.00,ליטר,false,0,16.90,16.90,true,1,
7290000209555,false,סירופ דיאט בטעם תפוחים יכין 1 ליטר,"זנלכל בע""\מ",IL,"סירופ תפו""ע דיאט",ליטרים,1.00,ליטר,false,0,16.90,16.90,true,1,
7290000209708,false,עגבניות מרוסקות עם בזיליקום יכין 240 גרם,היינץ צפון אמריקה מק,IL,עגבניות מרוסקות,גרמים,240.00,100 גרם,false,0,6.50,2.71,true,1,
7290000209722,false,רסק עגבניות 28% פריכוז 580 גרם יכין,"זנלכל בע""\מ",IL,רוטב עגבניות,גרמים,580.00,100 גרם,false,0,10.90,1.88,true,1,
7290000209913,false,עגבניות חתוכות לקוביות 240 גרם יכין,"זנלכל בע""\מ",IL,קוביות עגבניות,גרמים,240.00,100 גרם,false,0,6.50,2.71,true,1,
7290000209944,false,רוטב לעגבניות בסיס לשקשוקה 240 ג' יכין,"זנלכל בע""\מ",IL,בסיס לשקשוקה,גרמים,240.00,100 גרם,false,0,6.50,2.71,true,1,
7290000209951,false,רוטב עגבניות לפיצה 240 גרם יכין,"זנלכל בע""\מ",IL,רוטב עגבניות,גרמים,240.00,100 גרם,false,0,6.50,2.71,true,1,
7290000209968,false,רוטב עגבניות ללזניה 260 גרם יכין,"זנלכל בע""\מ",IL,רוטב ללזניה,גרמים,240.00,100 גרם,false,0,6.50,2.71,true,1,
7290000211169,false,"אורז תאילנדי אחד אחד סוגת 1 ק""ג",האי נאם סי או אל.טי.,IL,אורז תאילנדי,קילוגרמים,1.00,"ק""ג",false,0,6.90,6.90,true,1,
7290000211312,false,סוגת אורז מלא פרסי אחד אחד 1 קג,האי נאם סי או אל.טי.,IL,אורז מלא ארוך,קילוגרמים,1.00,"ק""ג",false,0,8.50,8.50,true,1,
7290000211374,false,"קמח חיטה מלא סוגת 1 ק""ג",טחנת קמח דגן-שטיבל,IL,קמח חיטה מלא,קילוגרמים,1.00,"ק""ג",false,0,7.50,7.50,true,1,
7290000211381,false,"סוכר חום כהה בשקית סוגת 1 ק""ג","טונגט היולט שוגר בע""",ZA,סוכר חום כהה,קילוגרמים,1.00,"ק""ג",false,0,12.90,12.90,true,1,
7290000211442,false,"סוגת אורז פרסי קלאסי שקית 1 ק""ג",האי נאם סי או אל.טי.,IL,אורז פרסי קלאסי,קילוגרמים,1.00,"ק""ג",false,0,10.90,10.90,true,1,
7290000211503,false,סוכר לבן ארוז בשקית,"סוגת תעשיות בע""\מ",IL,סוכר לבן סוגת,קילוגרמים,1.00,"ק""ג",false,0,4.60,4.60,true,1,
7290000211985,false,"אורז ריזוטו עגול סוגת 1 ק""ג","סוגת תעשיות בע""\מ",IL,אורז עגול סוגת,קילוגרמים,1.00,"ק""ג",false,0,9.90,9.90,true,1,
7290000238029,false,"בצק עלים צרפתי מרודד מעדנות 1 ק""ג",מיוצר עי קונדיטוריית,IL,בצק עלים מרודד,קילוגרמים,1.00,"ק""ג",false,0,21.90,21.90,true,1,
7290000238036,false,מלאווח בקופסא מעדנות 700 גרם,מיוצר עי קונדיטוריית,IL,מלווח מעדנית,גרמים,700.00,100 גרם,false,0,16.90,2.41,true,1,
7290000238173,false,בורקס גבינה מעדנות 800 גרם,מיוצר עי קונדיטוריית,IL,בורקס גבינה קפוא,גרמים,800.00,100 גרם,false,0,19.90,2.49,true,1,
7290000238180,false,בורקס תפוחי אדמה מעדנות 800 גרם,מיוצר עי קונדיטוריית,IL,"בורקס תפו""א קפוא",גרמים,800.00,100 גרם,false,0,19.70,2.46,true,1,
7290000240541,false,ריבועי בצק עלים מעדנות 800 גרם,מיוצר עי קונדיטוריית,IL,ריבועי בצק עלים,גרמים,800.00,100 גרם,false,0,24.80,3.10,true,1,
7290000243566,false,"שמן קנולה בריאות 570 מ""ל",שמן תעשיות,EE,שמן קנולה מועשר,מיליליטרים,750.00,"100 מ""ל",false,0,11.90,1.59,true,1,
7290000244143,false,"הוואי - קרם לאחר גילוח 120 מ""ל",טרופיקל דגיל קוסמטיק,IL,קרם לאחר גילוח,גרמים,120.00,100 גרם,false,0,15.90,13.25,true,1,
7290000245294,false,"א.כ. פרסיל סופרא שקית 2.5 ק""ג","הנקל סוד בע""\מ",IL,אבקת כביסה פרסיל,קילוגרמים,2.50,"ק""ג",false,0,21.90,8.76,true,1,
7290000245799,false,סוד סופט מרכך כביסה כחול 4 ליטר,"הנקל סוד בע""\מ",IL,מרכך כביסה סוד,ליטרים,4.00,ליטר,false,0,18.90,4.73,true,1,
7290000253220,false,שוקולד צ'יפס חום אופנהיימר 260 גר',אופנהיימר,IL,שוקולד צ'יפס,גרמים,260.00,100 גרם,false,0,10.90,4.19,true,1,
7290000253251,false,שוקולד צ'יפס לבן אופנהיימר 250 גרם,אופנהיימר,IL,שוקו צ'יפס לבן,גרמים,250.00,100 גרם,false,0,10.90,4.36,true,1,
7290000253374,false,מיני שוקולד צ'יפס 250 גרם- 66% מוצקי קקאו,אופנהיימר,IL,מיני שוקולד ציפס,גרמים,250.00,100 גרם,false,1,14.90,5.96,true,1,
7290000253459,false,נטיפי צ'יפס בטעם קרמל אופנהיימר 250 גרם,אופנהיימר,IL,נטיפי צ'יפס,גרמים,250.00,100 גרם,false,1,10.90,4.36,true,1,
7290000262239,false,נייר טואלט מולט 48 גלילים,קימברלי-קלארק,IL,נייר טואלט מולט,מטרים,843.00,100 מטר,false,0,39.90,4.73,true,1,
7290000262413,false,חיתולי האגיס אקסטרה קייר מידה 5 34 יחידות,חוגלה קימברלי,CZ,חיתולי האגיס,יחידה,1.00,יחידה,false,1,49.90,49.90,true,1,
7290000263359,false,חיתולים ליטל בייביז מידה 1 האגיס 40 יחידות,קימברלי קלארק שיווק,IL,חיתולי האגיס,יחידה,1.00,יחידה,false,0,31.90,31.90,true,1,
7290000264752,false,"ניקול רדיד אלומיניום גליל מעוצב מארז, זוג * 7.5 מטר",חוגלה קימברלי,IL,רדיד אלומיניום2*,מטרים,15.00,מטר,false,1,10.90,0.73,true,1,
7290000267029,false,שקדים מולבנים חצויים השף 100 גרם,"דין שיווק וקליה בע""מ",IL,שקד מולבן חצוי,גרמים,100.00,100 גרם,false,0,12.80,12.80,true,1,
7290000267036,false,שקדים מולבנים משובבים השף 100 גרם,"דין שיווק וקליה בע""מ",IL,שקד מולבן משובב,גרמים,100.00,100 גרם,false,0,12.80,12.80,true,1,
7290000267043,false,שקדים מולבנים פרוסים השף 100 גרם,"דין שיווק וקלייה בע""",IL,שקד מולבן פרוס,גרמים,100.00,100 גרם,false,0,12.80,12.80,true,1,
7290000267050,false,שקדים טבעיים טחונים השף 100 גרם,"דין שיווק וקליה בע""מ",IL,שקד טבעי טחון,גרמים,100.00,100 גרם,false,0,12.80,12.80,true,1,
7290000267425,false,שמן זית שקדיה כתית מעולה 750מל,שקדיה,IL,שמן זית כתית,מיליליטרים,750.00,"100 מ""ל",false,0,29.60,3.95,true,1,
7290000267586,false,גרעייני חמניה קלופים 150 גר,"דין שיווק וקלייה בע""",IL,גרעין חמניה טבעי,גרמים,150.00,100 גרם,false,0,7.80,5.20,true,1,
7290000267616,false,צנובר 100גרם,שקדיה,IL,צנובר,גרמים,100.00,100 גרם,false,0,28.70,28.70,true,1,
7290000267678,false,גרעיני דלעת טבעי קלוף שקדיה 150 ג',"דין שיווק וקלייה בע""",IL,גרעין דלעת קלוף,גרמים,150.00,100 גרם,false,0,16.80,11.20,true,1,
7290000272443,false,סירופ דיאט בטעם תפוזים עסיס 1 ליטר,בית-השיטה עסיס תעשיות מז,IL,סירופ דיאט תפוז,ליטרים,1.00,ליטר,false,0,16.90,16.90,true,1,
7290000272696,false,מיץ לימון עסיס משומר 1 ליטר-בקבוק,בית-השיטה עסיס תעשיות מז,IL,מיץ לימון משומר,ליטרים,1.00,ליטר,false,0,9.90,9.90,true,1,
7290000272726,false,חומץ רכיבים רכיבים טבעיים 5% עסיס 1 ליטר,בית-השיטה עסיס תעשיות מז,IL,חומץ 5%,ליטרים,1.00,ליטר,false,0,6.90,6.90,true,1,
7290000286228,false,ספוגיות לניקוי כללי סנו סושי 6 יחידות,סנו מפעלי ברונו בעמ,IL,ספוגיות לכלים6יח,יחידה,1.00,יחידה,false,0,10.90,10.90,true,1,
7290000286297,false,"אנטי קאלק מסיר אבנית מקומקום סנו 700 מ""ל",סנו מפעלי ברונוס בעמ,IL,סנו מסיר אבן,מיליליטרים,700.00,"100 מ""ל",false,0,10.90,1.56,true,1,
7290000286594,false,אבקה לניקוי במיכל לימון X סנו 600 גרם,סנו מפעלי ברונוס בעמ,IL,סנוX- קרם לניק,גרמים,600.00,100 גרם,false,0,10.90,1.82,true,1,
7290000286761,false,ניילון נצמד סנו סושי פלסטיק מארז 30X2 מ',מיוצר עי קונדיטוריית,CN,צמד ניילון נצמד,מטרים,60.00,מטר,false,0,10.90,0.18,true,1,
7290000286921,false,"ספריי להסרת כתמים סנו קל 750 מ""ל",סנו מפעלי ברונוס בעמ,IL,סנוקל רסס וכבס,מיליליטרים,750.00,"100 מ""ל",false,0,13.90,1.85,true,1,
7290000286945,false,"נוזל+אקדח לניקוי רהיט ""סנו""","סנו מפעלי ברונוס בע""\מ",IL,סנו רהיט מרסס,מיליליטרים,500.00,"100 מ""ל",false,0,27.00,5.40,true,1,
7290000287485,false,"שלישיית סנובון לובר לאסלה ""סנו""",סנו מפעלי ברונו בעמ,IL,סנובון בריח לובר,גרמים,165.00,100 גרם,false,0,11.90,7.21,true,1,
7290000287621,false,"אנטי קאלק נוזל לניקוי אסלות סנו 750 מ""ל",מיוצר עי קונדיטוריית,IL,סנו מנקה אסלות,מיליליטרים,750.00,"100 מ""ל",false,0,11.90,1.59,true,1,
7290000288024,false,סנו - ז'אוול אקונומיקה בריח לימון 4 ליטר,"סנו מפעלי ברונוס בע""מ",IL,סנו JAVEL אקונומ,ליטרים,4.00,ליטר,false,0,16.90,4.23,true,1,
7290000288048,false,סנו זאוול מרסס מונבלאן 1 ליטר,"סנו מפעלי ברונוס בע""מ",IL,סנו ג'אוול לבנדר,ליטרים,1.00,ליטר,false,0,18.90,18.90,true,1,
7290000288079,false,סנו - ז'אוול אקונומיקה לימון 2 ליטר,"סנו מפעלי ברונוס בע""מ",IL,סנו JAVEL מלבין,ליטרים,2.00,ליטר,false,0,11.90,5.95,true,1,
7290000288086,false,אבקת ניקוי עם אקונומיקה בריח לימון סנו ז'אוול 600 ג',מיוצר עי קונדיטוריית,IL,סנו ג'אוול אבק,גרמים,600.00,100 גרם,false,0,9.90,1.65,true,1,
7290000288109,false,"אבקת כביסה מקסימה אפקט ג''אוול 1.25 ק""ג סנו",סנו מפעלי ברונוס בעמ,IL,א.כביסה מקסימה,קילוגרמים,1.25,"ק""ג",false,0,15.90,12.72,true,1,
7290000288352,false,"קוטל חרקים וזוחלים K-300 סנו 630 מ""ל","סנו מפעלי ברונוס בע""מ",IL,300-K קוטל חרק,מיליליטרים,630.00,"100 מ""ל",false,0,20.90,3.32,true,1,
7290000288383,false,"קוטל נמלים ותיקנים K-500 סנו 400 מ""ל",מיוצר עי קונדיטוריית,IL,סנו 500-K תרסיס,מיליליטרים,400.00,"100 מ""ל",false,0,21.70,5.43,true,1,
7290000288390,false,"קוטל זבובים ויתושים K-600 סנו 500 מ""ל","סנו מפעלי ברונוס בע""מ",IL,סנו 600-K תרסיס,מיליליטרים,500.00,"100 מ""ל",false,0,20.90,4.18,true,1,
7290000288642,false,מקסימה מרכך כביסה סנסיטיב בייבי סנו 4 ליטר,"סנו מפעלי ברונוס בע""\מ",IL,מרכך כביסה,ליטרים,4.00,ליטר,false,0,21.90,5.48,true,1,
7290000288659,false,"סנו - די רולאון דוחה יתושים ג'ונגל 50 מ""ל",טרופיקל דגיל תעשיות,IL,סנו די רול און,מיליליטרים,50.00,"100 מ""ל",false,1,19.90,39.80,true,1,
7290000288840,false,סנו - מים מזוקקים 2 ליטר,החברה הדרומית,IL,סנו מים מזוקקים,ליטרים,2.00,ליטר,false,0,12.90,6.45,true,1,
7290000289069,false,סנו - ז'אוול מרסס קצף ניקוי בתוספת אקונומיקה בריח לימון 1 ליטר,"סנו מפעלי ברונוס בע""מ",IL,סנו ג'אוול מרסס,ליטרים,1.00,ליטר,false,0,18.90,18.90,true,1,
7290000289236,false,K3 נמלים פיתיון ג'ל - קוטל נמלים בבית ובחצר,"סנו מפעלי ברונוס בע""\מ",IL,K3 קוטל נמלים,גרמים,12.00,100 גרם,false,1,49.90,415.83,true,1,
7290000289472,false,סנו סושי שקיות אשפה - 50 יחידות,מיוצר עי קונדיטוריית,IL,50 שקיות אשפה,יחידה,1.00,יחידה,false,0,18.90,18.90,true,1,
7290000289496,false,"סנו - ז'אוול ג'ל קרם לניקוי כללי לימון 750 מ""ל","סנו מפעלי ברונוס בע""\מ",IL,ג'אוול ג'ל קרם,מיליליטרים,750.00,"100 מ""ל",false,0,10.90,1.45,true,1,
7290000289601,false,סנו ז'אוול בריח לבנדר 2 ל',"סנו מפעלי ברונוס בע""מ",IL,סנו ג'אוול,ליטרים,2.00,ליטר,false,0,11.90,5.95,true,1,
7290000289748,false,"מסיר שומנים לתנורים פורטה פלוס סנו 750 מ""ל","סנו מפעלי ברונוס בע""\מ",IL,סנו פורטה שומנים,מיליליטרים,750.00,"100 מ""ל",false,0,13.90,1.86,true,1,
7290000291932,false,"סנובון נוזל לניקוי אסלה בניחוח לבנדר סנו 750 מ""ל","סנו מפעלי ברונוס בע""מ",IL,סנובון נוזלי,מיליליטרים,750.00,"100 מ""ל",false,0,8.90,1.19,true,1,
7290000292137,false,"נוזל לניקוי וטיפול מוצרי עור סנו 500 מ""ל",מיוצר עי קונדיטוריית,IL,סנו לניקוי עור,מיליליטרים,500.00,"100 מ""ל",false,0,31.90,6.38,true,1,
7290000292557,false,סנומט מלוי נוזלי דוחה יתושים 45 לילות,טרופיקל דגיל תעשיות,IT,נוזל מילוי סנו,מיליליטרים,35.00,"100 מ""ל",false,0,15.90,45.43,true,1,
7290000292687,false,סנובון מוצק לניקוי אסלה קלאסיק כחול סנו 3 יחידות,מיוצר עי קונדיטוריית,IL,סנובון כחול 3 יח,גרמים,165.00,100 גרם,false,0,16.90,10.24,true,1,
7290000292915,false,"תרסיס לניקוי כללי רסס ונגב סנו 750 מ""ל","סנו מפעלי ברונוס בע""\מ",IL,סנו רסס נגב מרסס,מיליליטרים,750.00,"100 מ""ל",false,0,14.90,1.99,true,1,
7290000293530,false,סנו פרש סופג לחות שקית מילוי 340 גרם,סנו מפעלי ברונו בעמ,IL,סופג לחות מילוי,יחידה,1.00,יחידה,false,0,11.70,11.70,true,1,
7290000293561,false,"תרסיס להסרת כתמי עובש עם אקונומיקה סנו 750 מ""ל","סנו מפעלי ברונוס בע""\מ",IL,סנו מסיר עובש,מיליליטרים,750.00,"100 מ""ל",false,0,14.90,1.99,true,1,
7290000293820,false,"קרמה מן שמפו וג'ל גל רחצה אקטיב בלוק 700מ""ל",גוד פוד פרודקטס S.p,IL,שמפו וג'ל רחצה,מיליליטרים,700.00,"100 מ""ל",false,1,15.00,2.14,true,1,
7290000293837,false,"קרמה מן דאודורנט ג'ל אנטיפרספירנט 70 מ""ל",קוסמופארם בעמ,IL,דאו.ג'ל קרבון,מיליליטרים,70.00,"100 מ""ל",false,1,15.90,22.71,true,1,
7290000293943,false,"מרסס לבן מסיר אבנית 1 ליטר אנטי קאלק ""סנו""",מיוצר עי קונדיטוריית,IL,סנו אנטי קאלק,ליטרים,1.00,ליטר,false,0,17.90,17.90,true,1,
7290000294780,false,אקונומיקה סמיכה בריח לימון סנו ז'אוול 4 ליטר,"סנו מפעלי ברונוס בע""מ",IL,סנו ג'אוול 4 ל,ליטרים,4.00,ליטר,false,0,16.90,4.23,true,1,
7290000295299,false,סנו סושי כריות הפלא רב תכלתיות רביעייה,סנו מפעלי ברונו בעמ,IL,כרית יפנית,יחידה,1.00,יחידה,false,0,9.70,9.70,true,1,
7290000295367,false,"מקסימה אבקת כביסה אפקט ז'אוול סנו 2.5 ק""ג",סנו מקסימה,IL,אבקת כביסה,קילוגרמים,2.50,"ק""ג",false,0,25.90,10.36,true,1,
7290000295404,false,שקיות אשפה עם שרוך 54 * 65 סנו סושי 60 יחידות,מיוצר עי קונדיטוריית,IL,שקיות אשפה,יחידה,1.00,יחידה,false,0,21.90,21.90,true,1,
7290000295503,false,זוג שקיות מזון טבע 19*25 סנו סושי 150 יחידות,"אשפלסט תעשיות בע""מ",CN,שקיות אוכל צמד,יחידה,1.00,יחידה,false,0,13.90,13.90,true,1,
7290000295541,false,רב מגבת ג'מבו סנו סושי 75 יחידות,מיוצר עי קונדיטוריית,IL,סנו סושי רב מגבת,מטרים,21.00,מטר,false,0,16.90,0.80,true,1,
7290000295558,false,"רדיד אלומיניום רוחב 30 ס""מ סנו סושי 2 יח' 7.5 מטר",מולינו ניקולי s.p.a,TR,צמד רדידי אלומינ,מטרים,15.00,מטר,false,0,10.90,0.73,true,1,
7290000295572,false,"מארז זוגי מנקה אסלות 00 סנו 750 מ""ל",מיוצר עי קונדיטוריית,IL,צמד מנקה אסלות,ליטרים,1.50,ליטר,false,0,16.90,11.27,true,1,
7290000295749,false,ספוג סאקי מסאז' כיף 1 יחידה,גוד פוד פרודקטס S.p,IL,ספוג סאקי מסג',יחידה,1.00,יחידה,false,0,14.00,14.00,true,1,
7290000295824,false,"רדיד אלומיניום 30 ס""מ רוחב סנו סושי 100 מטר",מולינו ניקולי s.p.a,TR,רדיד אלומיניום,מטרים,100.00,מטר,false,0,49.90,0.50,true,1,
7290000300900,false,שניצל תירס מרכיבים טבעיים טבעול 750 גרם,עיצובים 2020 (4.8),IL,שניצל תירס טבעול,גרמים,750.00,100 גרם,false,0,24.90,3.32,true,1,
7290000302027,false,סיגריות טיים אדום פא,"דובק בע""מ",IL,טיים רד,יחידה,1.00,יחידה,false,0,277.00,277.00,false,1,
7290000302041,false,פאקט טיים ארוך אדום,"דובק בע""מ",IL,טיים רד ארוך,יחידה,1.00,יחידה,false,0,277.00,277.00,false,1,
7290000303598,false,שעועית לבנה ברוטב עגבניות פרי הגליל 570 גרם,"פרי הגליל בע""""מ",IL,שעועית ברוטב,גרמים,570.00,100 גרם,false,0,7.90,1.39,true,1,
7290000303604,false,חומוס גרגירים 560 ג' פרי הגליל,"פרי הגליל בע""""מ",IL,חומוס שלם,גרמים,550.00,100 גרם,false,0,7.90,1.44,true,1,
7290000305882,false,אס הרינג עם ירקות ברוטב עגבניות 120 גרם,"סטארקיסט פודור בע""מ",TR,אס דגים+ירקות,גרמים,120.00,100 גרם,false,0,6.00,5.00,true,1,
7290000307015,false,אפונת גינה בינונית פרי הגליל 550 גרם,"פרי הגליל בע""""מ",IL,אפונת גינה,גרמים,550.00,100 גרם,false,0,7.90,1.44,true,1,
7290000307046,false,אפונת גינה וגזר פרי הגליל 550 גרם,"פרי הגליל בע""""מ",IL,אפונת גינה וגזר,גרמים,550.00,100 גרם,false,0,7.90,1.44,true,1,
7290000307220,false,גרעיני תירס מתוק בואקום פרי הגליל 285 גרם,"פרי הגליל בע""""מ",IL,גרעיני תירס,גרמים,340.00,100 גרם,false,0,6.90,2.03,true,1,
7290000307237,false,גרעיני תירס מתוק פרי הגליל 550 גרם,"פרי הגליל בע""""מ",IL,גרעיני תירס,גרמים,550.00,100 גרם,false,0,7.90,1.44,true,1,
7290000307343,false,שעועית ירוקה חתוכה פרי הגליל 550 גרם,"פרי הגליל בע""""מ",IL,שעועית ירוקה,גרמים,550.00,100 גרם,false,0,6.90,1.25,true,1,
7290000313160,false,זהבה ושלושת הדובים עוגיות בטעם שוקולד אסם 350 גרם,"הגביע מוצרי וופלים בע""\מ",IL,עוגיות זהבה,גרמים,250.00,100 גרם,false,0,8.00,3.20,true,1,
7290000313290,false,אסם נודלס נודלס איטריות מסולסלות 200גר,תאי פרזידנט פוד בנגק,TH,אטריות נודלס,גרמים,200.00,100 גרם,false,0,9.90,4.95,true,1,
7290000315140,false,קורנפלקס קמח מלא בד''ץ תלמה 500 גרם,"יוניליוור שפע ישראל בע""\",IL,קורנפלקס מלא,גרמים,500.00,100 גרם,false,0,18.90,3.78,true,1,
7290000318103,false,פסטרמה ברביקיו במשקל,מעדני יחיעם,IL,פסטרמה ברביקיו,קילוגרמים,0.00,"ק""ג",true,0,80.00,80.00,true,1,
7290000318127,false,"נקניקיות ביס 380 גרם ""יחיעם""",מעדני יחיעם 1993,IL,"נקניקיות ""ביס""",גרמים,380.00,100 גרם,false,0,11.90,3.13,true,1,
7290000318479,false,נקניק פרושוטו בקר יחיעם 100 גרם,תאי פרזידנט פוד פאבל,IL,פרושוטו,גרמים,100.00,100 גרם,false,0,27.90,27.90,true,1,
7290000318493,false,כתףבקר מפולפליחיעם מ,מעדני יחיעם,IL,כתף בקר מפולפל,קילוגרמים,0.00,"ק""ג",true,0,110.00,110.00,true,1,
7290000318530,false,רוסטביף צלי בקר במשק,מעדני יחיעם,IL,צלי בקר,קילוגרמים,0.00,"ק""ג",true,0,115.00,115.00,true,1,
7290000318677,false,נקניק סלמי סרוולט יחיעם 150 גרם,מעדני יחיעם 1993,IL,סלמי סרוולט,גרמים,150.00,100 גרם,false,0,22.90,15.27,true,1,
7290000318707,false,נקניק סלמי מעושן יחיעם 500 גרם,מעדני יחיעם 1993,IL,סלמי מעושן 500 ג,גרמים,500.00,100 גרם,false,1,29.90,5.98,true,1,
7290000318806,false,סלמי סרוולד אמיתי במשקל,מעדני יחיעם,IL,סלמי סרוולד.,קילוגרמים,0.00,"ק""ג",true,0,140.00,140.00,true,1,
7290000318929,false,סלמי צרפתי מובחר במשקל,מעדני יחיעם,IL,סלמי צרפתי מובחר,קילוגרמים,0.00,"ק""ג",true,0,139.00,139.00,true,1,
7290000318943,false,פסטרמה של פעם מעושן 1.5% יחיעם 200 גרם,תאי פרזידנט פוד פאבל,IL,פסטרמה של פעם,גרמים,200.00,100 גרם,false,0,22.80,11.40,true,1,
7290000319124,false,סלמי סרוולט מאפ יחיעם 250 גרם,מעדני יחיעם 1993,IL,סלמי סרוולט,גרמים,250.00,100 גרם,false,0,33.90,13.56,true,1,
7290000319131,false,נקניקיות עוף יחיעם 400 גרם,מעדני יחיעם 1993,IL,נקניקיות עוף,גרמים,400.00,100 גרם,false,0,11.90,2.98,true,1,
7290000319520,false,נקניק סלמי צרפתי יחיעם 100 גרם,מעדני יחיעם 1993,IL,סלמי צרפתי,גרמים,100.00,100 גרם,false,0,19.90,19.90,true,1,
7290000319704,false,נקניק כתף בקר מעושן,מעדני יחיעם,IL,כתף בקר מעושן,קילוגרמים,0.00,"ק""ג",true,0,109.00,109.00,true,1,
7290000319803,false,קבנוס קלאסי יחיעם 125 גרם,תאי פרזידנט פוד פאבל,IL,קבנוס קלאסי,גרמים,125.00,100 גרם,false,5,13.90,11.12,true,1,
7290000319834,false,קבנוס פפרוני קלאסי 125 גרם,תאי פרזידנט פוד פאבל,IL,קבנוס פפרוני,גרמים,125.00,100 גרם,false,5,13.90,11.12,true,1,
7290000327044,false,"מארז סבן אפ פחית צרה 330 מ""ל*6 יח'","מודרן גרופ משקאות בע""\מ",IL,סבן אפ פחיות 6יח,ליטרים,1.98,ליטר,false,1,18.90,9.55,true,1,
7290000327075,false,סודה בטעם למון ליים 500 מל בקבוק שישייה,"טמפו משקאות בע""\מ",IL,סודה למון 6 יח,ליטרים,3.00,ליטר,false,1,15.90,5.30,true,1,
7290000334325,false,ציפס למיקרו מארז שלישיה 125 ג' תפוגן,"תעשיות תפוגן בע""\מ",IL,ציפס למיקרו,גרמים,375.00,100 גרם,false,0,13.80,3.68,true,1,
7290000336282,false,"סיידר תפוח צלול בבקבוק 330 מ""ל",טמפו משקאות בעמ,IL,סיידר תפוח צלול,מיליליטרים,330.00,"100 מ""ל",false,1,8.20,2.48,true,1,
7290000339191,false,אבקת הלבנה רן ללא כל,יוניליוור ניקיון,IL,רן אבקת הלבנה,גרמים,350.00,100 גרם,false,0,18.60,5.31,true,1,
7290000339566,false,בדין מרכך כביסה ורוד 4 ליטר,יוניליור ישראל טיפוח איש,IL,מרכך כביסה בדין,ליטרים,4.00,ליטר,false,0,19.90,4.98,true,1,
7290000341071,false,בדין - מרכך כביסה בייבי לבן 2 ליטר,יוניליור ישראל טיפוח איש,IL,מרכך כביסה בייבי,ליטרים,2.00,ליטר,false,0,14.90,7.45,true,1,
7290000342856,false,מרכך כביסה כחול בדין 4 ליטר,יוניליור ישראל טיפוח איש,IL,מרכך כביסה בדין,ליטרים,4.00,ליטר,false,0,19.90,4.98,true,1,
7290000345116,false,תה ויסוצקי ירוק 125 גרם,תה ויסוצקי,IL,תה ירוק עלים,גרמים,125.00,100 גרם,false,0,14.00,11.20,true,1,
7290000345208,false,תה כחול קלאסיק ויסוצקי 25 יחידות,תה ויסוצקי,IL,תה ויסוצקי מעודן,גרמים,25.00,100 גרם,false,0,6.40,25.60,true,1,
7290000345215,false,תה כחול קלאסיק ויסוצקי 100 יחידות,מולינו ניקולי s.p.a,IL,תה ויסוצקי 100שק,גרמים,100.00,100 גרם,false,0,15.90,15.90,true,1,
7290000345260,false,תה קלאסיק מעטפות ויסוצקי 25 יחידות,מולינו ניקולי s.p.a,IL,תה ויסוצקי,גרמים,37.00,100 גרם,false,0,6.90,18.65,true,1,
7290000345277,false,תה קלאסיק מעטפות ויסוצקי 50 יחידות,מולינו ניקולי s.p.a,IL,תה ויסוצקי 50 שק,גרמים,75.00,100 גרם,false,0,11.90,15.87,true,1,
7290000345284,false,תה ויסוצקי קלאסי אריזה ירוקה מרובעת (100 שקיקים),מולינו ניקולי s.p.a,IL,תה ויסוצקי ירוק,גרמים,150.00,100 גרם,false,0,16.90,11.27,true,1,
7290000345291,false,תה ארל גריי 25 שקיקים ויסוצקי,תה ויסוצקי,IL,תה ארל גריי,גרמים,37.00,100 גרם,false,0,13.90,37.56,true,1,
7290000345307,false,תה ארל גריי 50 שקיקים ויסוצקי,מולינו ניקולי s.p.a,IL,תה ארל גריי 50שק,גרמים,75.00,100 גרם,false,0,27.90,37.20,true,1,
7290000345536,false,תה נענע ויסוצקי 25 יחידות,מולינו ניקולי s.p.a,IL,תה נענע,גרמים,37.00,100 גרם,false,0,17.90,48.38,true,1,
7290000346021,false,חליטת קמומיל הגן הקסום ויסוצקי 50 יחידות,בית ויסוצקי,IL,חליטת קמומיל,גרמים,75.00,100 גרם,false,0,31.90,42.54,true,1,
7290000346120,false,חליטת קינמון הגן הקסום ויסוצקי 25 יחידות,תה ויסוצקי,IL,חליטת קינמון,גרמים,62.00,100 גרם,false,0,18.90,30.48,true,1,
7290000346137,false,חליטת הילולי פירות הגן הקסום ויסוצקי 25 יחידות,תה ויסוצקי,IL,חליטת פירות,גרמים,62.00,100 גרם,false,0,18.90,30.48,true,1,
7290000346168,false,הגן הקסום חליטת שומר ויסוצקי 25 יחידות,תה ויסוצקי,IL,חליטת שומר,גרמים,37.00,100 גרם,false,0,18.90,51.08,true,1,
7290000346199,false,חליטת פירות יער הגן הקסום ויסוצקי 25 יחידות,תה ויסוצקי,IL,חליטת פירות היער,גרמים,67.00,100 גרם,false,0,18.90,28.21,true,1,
7290000346205,false,חליטת קמומיל הגן הקסום ויסוצקי 25 יחידות,תה ויסוצקי,IL,חליטת קמומיל,גרמים,37.00,100 גרם,false,0,18.90,51.08,true,1,
7290000346212,false,חליטת מנטה הגן הקסום ויסוצקי 25 יחידות,תה ויסוצקי,IL,חליטת מנטה,גרמים,50.00,100 גרם,false,0,18.90,37.80,true,1,
7290000346236,false,חליטת לואיזה וורבנה הגן הקסום ויסוצקי 25 יחידות,תה ויסוצקי,IL,תה לואיזה וורבנה,גרמים,50.00,100 גרם,false,0,18.90,37.80,true,1,
7290000347738,false,תה ירוק נענע ויסוצקי 25 יחידות,תה ויסוצקי,IL,תה ירוק נענע,גרמים,37.00,100 גרם,false,0,24.90,67.30,true,1,
7290000347752,false,תה ירוק לימונית ולואיזה 25 שקיקים *1.5 ג'' ויסוצקי,תה ויסוצקי,IL,תה ירוק לימונית,גרמים,37.00,100 גרם,false,0,24.90,67.30,true,1,
7290000363202,false,נקניק סלמי מעושן גליל שלם טירת צבי,הנסיך- מפעל לייצור ט,IL,נקניק סלמי גליל,גרמים,600.00,100 גרם,false,0,29.90,4.98,true,1,
7290000363462,false,סלמי מעושן איטלקי טי,טירת- צבי,IL,מעושן איטלקי,קילוגרמים,0.00,"ק""ג",true,0,75.00,75.00,true,1,
7290000363486,false,נקניק תה טירת צבי מע,טירת- צבי,IL,נקניק תה,קילוגרמים,0.00,"ק""ג",true,0,55.00,55.00,true,1,
7290000364261,false,"דקניקים, סלסולי פסטרמה כתף בקר מעושנת 120 גרם",הנסיך- מפעל לייצור ט,IL,דקניקים כתף בקר,גרמים,120.00,100 גרם,false,0,14.90,12.42,true,1,
7290000364278,false,דקניקים סלסולי סלמי איטלקי משובח טירת צבי 120 גרם,הנסיך- מפעל לייצור ט,IL,דקניקים סלמי דק,גרמים,120.00,100 גרם,false,0,14.90,12.42,true,1,
7290000364285,false,דקניקים סלסולי פסטרמה הודו טירת צבי 120 גרם,הנסיך- מפעל לייצור ט,IL,דקניקים פסטרמה,גרמים,120.00,100 גרם,false,0,14.90,12.42,true,1,
7290000364292,false,דקניקים סלסולי פסטרמה הודו על גחלים 1% טירת צבי 120 גרם,הנסיך- מפעל לייצור ט,IL,דקמיקים פסטרמה,גרמים,120.00,100 גרם,false,0,14.90,12.42,true,1,
7290000364803,false,נקניקיות בקר אמריקאיות טירת צבי 500 גרם,הנסיך- מפעל לייצור ט,IL,נקניקיות בקר,גרמים,500.00,100 גרם,false,0,27.90,5.58,true,1,
7290000364810,false,נקניקיות עגל 500 גרםטירת צבי,הנסיך- מפעל לייצור ט,IL,נקניקיות עגל,גרמים,500.00,100 גרם,false,0,26.90,5.38,true,1,
7290000364858,false,"נקניקיות עוף טרי טירת צבי 1 ק""ג",הנסיך- מפעל לייצור ט,IL,נקניקיות עוף,קילוגרמים,1.00,"ק""ג",false,0,24.90,24.90,true,1,
7290000364872,false,נקניקיות עוף טירת צבי 400 גרם,טיב טירת צבי 2000,IL,נקניקיות עוף,גרמים,400.00,100 גרם,false,0,13.90,3.48,true,1,
7290000364957,false,נקניקיות עוף מיני מיני טירת צבי 700 גרם,הנסיך- מפעל לייצור ט,IL,נקניקיות מיני,גרמים,700.00,100 גרם,false,0,24.90,3.56,true,1,
7290000365398,false,חזה הודו בדבשטירת צבי,טירת- צבי,IL,חזה הודו בדבש,קילוגרמים,0.00,"ק""ג",true,0,85.00,85.00,true,1,
7290000365756,false,פסטרמה על גחלים ד.ש משקל,טירת צבי,IL,פסטרמה ברביקיו,קילוגרמים,0.00,"ק""ג",true,0,85.00,85.00,true,1,
7290000365909,false,פסטרמה הודו מעושנתטירת צבי,טירת- צבי,IL,פסטרמה הודו מעוש,קילוגרמים,0.00,"ק""ג",true,0,85.00,85.00,true,1,
7290000365954,false,פסטרמה על גחלים משקל,טירת- צבי,IL,פסטרמה על גחלי,קילוגרמים,0.00,"ק""ג",true,0,85.00,85.00,true,1,
7290000367590,false,פסטרמה כפרית וסלמי פריזר כפרי טירת צבי 2*400 גרם,טיב טירת צבי 2000,IL,צמד כפרי נקניקים,גרמים,800.00,100 גרם,false,0,29.90,3.74,true,1,
7290000369341,false,לבנה אבו גוש ירוק15%משקל,גבינות אמיר ניצן בעמ,IL,לבנה אבו גוש 15%,קילוגרמים,0.00,"ק""ג",true,0,50.00,50.00,true,1,
7290000369365,false,מעדן גבינה בולגרית עם חציל 9% ניצן 200 גרם,גבינות אמיר ניצן בעמ,IL,מעדן חציל+גבינה,גרמים,200.00,100 גרם,false,0,13.90,6.95,true,1,
7290000369617,false,מעדן כדורי פטה בשמן מתובל ניצן 230 גרם,גבינות אמיר ניצן בעמ,IL,כדורי פטה בשמן,גרמים,225.00,100 גרם,false,0,17.70,7.87,true,1,
7290000369709,false,חמאה עירונית בתוספת ריחן ושום טרי גבינות ניצן 100 גרם,גבינות אמיר ניצן בעמ,IL,חמאה מתובלת,גרמים,100.00,100 גרם,false,0,13.40,13.40,true,1,
7290000408316,false,יוגורט דנונה דל לקטוז 200 גרם,מיוצר עי קונדיטוריית,IL,יוגורט ביו 3%,גרמים,200.00,100 גרם,false,0,3.70,1.85,true,1,
7290000408354,false,יוגורט עם אורז מצופה שוקולד קקאו 175 ג' דנונה,"שטראוס בריאות בע""\מ",IL,דנונה בר פצפוצים,גרמים,173.00,100 גרם,false,0,4.60,2.66,true,1,
7290000412481,false,נוזל לניקוי אסלות 00 סנו 1 ליטר,מיוצר עי קונדיטוריית,IL,"מנקה אסלות 00""",ליטרים,1.00,ליטר,false,0,8.90,8.90,true,1,
7290000415208,false,קובה חמוסטה במילו בשר600,יסמין,IL,קובה חמוסטה,גרמים,600.00,100 גרם,false,0,37.90,6.32,true,1,
7290000416021,false,ממרח בטעם שוקולד השחר חלבי 500,השחר העולה,IL,ממרח השחר,גרמים,500.00,100 גרם,false,0,13.90,2.78,true,1,
7290000416045,false,"ממרח בטעם שוקולד השחר 1 ק""ג",השחר העולה תעשייות מ,IL,ממרח השחר,קילוגרמים,1.00,"ק""ג",false,0,24.90,24.90,true,1,
7290000416618,false,"ממרח שוקולד פרווה השחר 400 גרם כשל""פ",השחר העולה תעשייות מ,IL,ממרח בטעם שוקולד,גרמים,400.00,100 גרם,false,0,11.90,2.98,true,1,
7290000416809,false,ממרח חצי חצי נוגט אגוזים וקרם חלב השחר 350ג',השחר העולה תעשייות מ,IL,ממרח חצי חצי,גרמים,350.00,100 גרם,false,1,11.90,3.40,true,1,
7290000416854,false,אבקת קקאו השחר העולה 150ג',השחר העולה תעשייות מ,IL,קקאו השחר העולה,גרמים,150.00,100 גרם,false,0,9.90,6.60,true,1,
7290000416922,false,השחר ממרח חלב 350 גרם,השחר העולה תעשייות מ,IL,ממרח חלב,גרמים,350.00,100 גרם,false,1,11.90,3.40,true,1,
7290000419107,false,לנדוור קפה מקורי לבוקר טחון טורקי 100 גרם,"קפה לנדוור בע""\מ",IL,קפה שחור לנדוור,גרמים,100.00,100 גרם,false,0,8.50,8.50,true,1,
7290000419893,false,לנדוור קפה שחור חזק טחון טורקי 100 גרם,מולינו ניקולי s.p.a,IL,קפה שחור לבוקר,גרמים,100.00,100 גרם,false,0,8.50,8.50,true,1,
7290000419909,false,לנדוור קפה שחור לבוקר טחון טורקי 100 גרם,מולינו ניקולי s.p.a,IL,קפה שחור חזק,גרמים,100.00,100 גרם,false,0,8.50,8.50,true,1,
7290000420325,false,"פופסטאר פופקורן למקירוגל בטעם טבעי 5 שקיות,500 גרם",פרסטון פארמס,US,פופקורן למיקרו,גרמים,500.00,100 גרם,false,0,15.50,3.10,true,1,
7290000430102,false,קוביות קרח בשקית מיסטר אייס 2 קילו,"אייס (קיובס) בע""מ -",IL,שקית קרח,יחידה,1.00,יחידה,false,0,9.80,9.80,true,1,
7290000432120,false,נרות חנוכה 44 יחידות,מנורה,IL,נרות חנוכה,יחידה,1.00,יחידה,false,0,3.40,3.40,true,1,
7290000432489,false,נרות חנוכה מיוחד 45,מנורה,IL,נרות חנוכה,יחידה,1.00,יחידה,false,0,5.90,5.90,true,1,
7290000442044,false,פמינה תחליב רחצה אינטימי חמוציות 220 מל,פמינה,IL,פמינה חמוציות,מיליליטרים,220.00,"100 מ""ל",false,0,24.90,11.32,true,1,
7290000446547,false,חמאת בוטנים טבעית בטר אנד דיפרנט 350 גרם,"בטר אנד דיפרנט בע""מ",IL,חמאת בוטנים,גרמים,350.00,100 גרם,false,0,14.20,4.06,true,1,
7290000446752,false,ממרח שומשום מלא חלווה בטר אנד דיפרנט 350 גרם,"בטר אנד דיפרנט בע""מ",IL,ממרח שומשום מלא,גרמים,350.00,100 גרם,false,0,12.90,3.69,true,1,
7290000446936,false,ציפוי עדיף מפתיתי קורנפלקס טחון דק בטר אנד דיפרנט 300 גרם,בטר אנד דיפרנט,IL,ציפוי עדיף דק,גרמים,300.00,100 גרם,false,0,10.90,3.63,true,1,
7290000449128,false,סיף פנטסטיק לימון ניקוי רב תכליתי 4ל',יוניליוור ישראל טיפוח אי,IL,פנטסטיק לניקוי,ליטרים,4.00,ליטר,false,0,21.70,5.43,true,1,
7290000450209,false,פוסידון טונה בהירה בשמן 77 גרם,"מיוצר עי וליגר בעמ,",IL,טונה פוסידון,גרמים,108.00,100 גרם,false,0,6.00,5.56,true,1,
7290000453019,false,שמרים טריים לאפייה שקית שמרית 50 ג',"פאקא תעשיות בע""\מ",IL,שמרית-שמרים טרי,גרמים,50.00,100 גרם,false,0,4.50,9.00,true,1,
7290000453316,false,בצק עלים ללא גלוטן תמי 280 גרם מצונן,תמי,FR,בצק עלים ל.גלוטן,גרמים,280.00,100 גרם,false,1,22.90,8.18,true,1,
7290000453385,false,שמרים יבשים פארא אינסטנט 500 גרם עלית,פאקא תעשיות בעמ,GB,שמרים יבשים פאקא,גרמים,500.00,100 גרם,false,0,13.90,2.78,true,1,
7290000453408,false,בצק פיצה דק מצונן ומוכן לאפייה שמרית 415 גרם,"פאקא תעשיות בע""מ",FR,בצק פיצה מצונן,גרמים,415.00,100 גרם,false,1,17.50,4.22,true,1,
7290000453415,false,בצק עלים מצונן ומוכן לאפייה שמרית 300 גרם,"פאקא תעשיות בע""מ",FR,בצק עלים מצונן,גרמים,300.00,100 גרם,false,1,15.90,5.30,true,1,
7290000453422,false,בצק פילו מצונן ומוכן לאפייה שמרית 300 גרם,"פאקא תעשיות בע""מ",GR,בצק פילו מצונן,גרמים,300.00,100 גרם,false,1,15.90,5.30,true,1,
7290000453446,false,פיצה קראסט בצק שמרים מצונן להכנת פיצה ופוקצ'ה,"פאקא תעשיות בע""מ",FR,בצק שמרים מצונן,גרמים,500.00,100 גרם,false,1,20.90,4.18,true,1,
7290000453484,false,בצק קדאיף לאפייה שמרית 350 גרם,"פאקא תעשיות בע""מ",GR,בצק קדאיף,גרמים,350.00,100 גרם,false,1,15.90,4.54,true,1,
7290000453798,false,שמרים יבשים אקטיביים שימרית 500 ג',"גי' בי' רכיבים בע""מ",GB,שמרים יבשים,גרמים,500.00,100 גרם,false,1,12.90,2.58,true,1,
7290000453866,false,נטורינה תחליף מרגרינה לבישול ואפיה קוקוס שמרית 200 גרם,גרונבאנג- גרונדנסק א,DK,נטורינה קוקוס,גרמים,200.00,100 גרם,false,1,7.90,3.95,true,1,
7290000461656,false,בייגלה מקלות מלוחים בייגל בייגל 400 גרם,בייגל את בייגל מזון 198),IL,בייגלה מקלות,גרמים,400.00,100 גרם,false,0,10.40,2.60,true,1,
7290000461700,false,בייגלה שמיניות גדולות מלוחות 400 גרם,בייגל את בייגל מזון 198),IL,בייגלה גדול,גרמים,400.00,100 גרם,false,0,11.90,2.98,true,1,
7290000462103,false,סחוג תימני אדום חריף עדין זהבי הכרם 150 גרם,קריניסה ויטמין אס אי,IL,סחוג זהבי אדום,גרמים,150.00,100 גרם,false,0,7.90,5.27,true,1,
7290000462141,false,סחוג אדום תימני מקורי חריף מאוד זהבי 150 גרם,קריניסה ויטמין אס אי,IL,זחוק אדום חריף,גרמים,150.00,100 גרם,false,0,7.90,5.27,true,1,
7290000462172,false,סחוג תימני ירוק חריף זהבי הכרם 150 גרם,קריניסה ויטמין אס אי,IL,סחוג זהבי ירוק,גרמים,150.00,100 גרם,false,0,7.90,5.27,true,1,
7290000467320,false,מלך החומוס אבו מרוואן 400 גרם,סלטי צבר,IL,מלך החומוס צבר,גרמים,400.00,100 גרם,false,0,13.90,3.48,true,1,
7290000469638,false,"ספריי לגיהוץ קל מריטו 500 מ""ל",בולטון מניטובה,IT,מריטו לגיהוץ קל,מיליליטרים,500.00,"100 מ""ל",false,0,21.10,4.22,true,1,
7290000474090,false,"חלב בקרטון 1%- 1 ליטר בד""צ - מוצר בפיקוח",מילקו תעשיות בעמ,IL,חלב טרי טרה 1%,ליטרים,1.00,ליטר,false,0,5.86,5.86,true,1,
7290000474502,false,גבינה לבנה טרה 5% מרכיבים טבעיים,הפריט בפיקוח,IL,גבינה לבנה 5%,גרמים,250.00,100 גרם,false,0,4.98,1.99,true,1,
7290000480107,false,קוואקר שיבולת שועל פחית 500 גרם,וולקרס סנקס לימיטד,GB,קוואקר שיבולת,גרמים,500.00,100 גרם,false,0,12.90,2.58,true,1,
7290000480442,false,קוואקר שיבולת שועל בשקית 500 גרם,פריטו ליי FRITO-LAY,IL,קוואקר,גרמים,500.00,100 גרם,false,0,12.80,2.56,true,1,
7290000481029,false,10 פיתות בטעם ביתי דגנית,דגנית עין בר תעשיות מזון,IL,פיתות בטעם ביתי,יחידה,1.00,יחידה,false,1,10.90,10.90,true,1,
7290000481043,false,10 פיתות מקמח כוסמין מלא דגנית,דגנית עין בר תעשיות מזון,IL,פיתות כוסמין10יח,גרמים,700.00,100 גרם,false,1,15.90,2.27,true,1,
7290000481074,false,לחם משלושה קמחים מלאים 750 גר,דגנית עין בר תעשיות מזון,IL,לחם טריו מלא,גרמים,750.00,100 גרם,false,1,16.90,2.25,true,1,
7290000481531,false,דגנית עין בר לחמניות אצבע מחיטה מלאה בשקית 750 ג',דגנית עין בר תעשיות מזון,IL,10לחמניות ח.מלאה,גרמים,750.00,100 גרם,false,0,12.90,1.72,true,1,
7290000481883,false,דגנית עין בר מארז לחמניות 10 יח'*75 ג',דגנית עין בר תעשיות מזון,IL,לחמניות אצבע10יח,גרמים,750.00,100 גרם,false,0,12.90,1.72,true,1,
7290000482071,false,שקיות צליה ואפיה קוקי 20 יחידות,"ש. שסטוביץ בע""\מ",IL,קוקי שקיות אפיה,יחידה,1.00,יחידה,false,0,19.90,19.90,true,1,
7290000483412,false,קישוטי עוגה טיפטופים,המרשלג פרלינס בעמ,IL,טפטופים לעוגה,גרמים,60.00,100 גרם,false,0,14.80,24.67,true,1,
7290000483924,false,בצק סוכר לעוגות 600 גרם,המרשלג,IL,בצק סוכר לעוגות,גרמים,600.00,100 גרם,false,0,14.00,2.33,true,1,
7290000484747,false,עראק עלית 700 מל 40% כהל,יקב הגליל יוסף גולד ובניו,IL,עלית הארק,מיליליטרים,700.00,"100 מ""ל",false,1,55.90,7.99,true,1,
7290000490397,false,מנבו וניל פלדמן 20 יחידות,הגלידות של פלדמן,IL,מנבו 20 יחידות,גרמים,480.00,100 גרם,false,0,32.90,6.85,true,1,
7290000493176,false,אסם אבקת רוטב צלי לבשר 22 ג',"אסם השקעות בע""\מ",IL,רוטב צלי לבשר,גרמים,22.00,100 גרם,false,0,4.00,18.18,true,1,
7290000493183,false,אבקת רוטב פטריות לבשר-30 גרם,"אסם השקעות בע""\מ",IL,רוטב פטריות,גרמים,30.00,100 גרם,false,0,4.00,13.33,true,1,
7290000497044,false,"לחם אקטיב 750 גרם ""ברמן""",מאפית י את א ברמן בע,IL,לחם ברמן אקטיב,גרמים,750.00,100 גרם,false,0,15.90,2.12,true,1,
7290000497228,false,לחמניה רגילה בשקית ברמן 6יח',מאפית י את א ברמן בע,IL,6 לחמניות בשקית,גרמים,450.00,100 גרם,false,0,10.50,2.33,true,1,
7290000497303,false,"שישיית לחמניות מקמח מלא ""ברמן""",מאפית י את א ברמן בע,IL,6לחמניות קמח מלא,גרמים,450.00,100 גרם,false,0,12.50,2.78,true,1,
7290000497358,false,חלה מתוקה ארוזה חלומית 500 גר',מאפית י את א ברמן בע,IL,חלומית חלה מתו,גרמים,500.00,100 גרם,false,0,11.90,2.38,true,1,
7290000497426,false,לחם ברמן לענין פלוס 500 גרם,מאפית י את א ברמן בע,IL,לחם ברמן לעניין+,גרמים,500.00,100 גרם,false,0,14.50,2.90,true,1,
7290000497570,false,לחם דגנים פלוס ברמן 500 גרם,מאפית י את א ברמן בע,IL,לחם דגנים פלוס,גרמים,500.00,100 גרם,false,0,14.50,2.90,true,1,
7290000498034,false,לחם אי פרי קמח כוסמין מלא 750 גר',מאפית י את א ברמן בע,IL,לחם מקמח כוסמין,גרמים,750.00,100 גרם,false,1,15.90,2.12,true,1,
7290000498256,false,עשיריית לחמניות ברמן,מאפית י את א ברמן בע,IL,לחמניות ברמן10יח,גרמים,750.00,100 גרם,false,1,13.90,1.85,true,1,
7290000504025,false,ממתיק סוכרזית פטרייה עלית 300 גרם,אף.סי תבליני בגליל ב,IL,סוכרזית פטריה,גרמים,24.00,100 גרם,false,0,8.90,37.08,true,1,
7290000504049,false,סוכרזית קלאסי קנקן 1200 טבליות,אף.סי תבליני בגליל ב,IL,סוכרזית טבליות,גרמים,98.00,100 גרם,false,0,19.90,20.31,true,1,
7290000504278,false,ממתיק סוכרזית אריזת פטנט 700 טבליות,אף.סי תבליני בגליל ב,IL,סוכרזית טבליות,גרמים,57.00,100 גרם,false,0,14.90,26.14,true,1,
7290000518176,false,ממתיק מתוק וקל 250 שקיות,מתוק וקל בעמ,IL,מתוק וקל ענק,גרמים,250.00,100 גרם,false,0,19.90,7.96,true,1,
7290000518220,false,ממתיק סוכרה דיאט 100 יחידות,פתח תקווה,IL,סוכרה דיאט,גרמים,80.00,100 גרם,false,1,25.90,32.38,true,1,
7290000518336,false,ממתק צמר גפן מתוק מסיבים תזונתיים,מתוק וקל בעמ,IL,צמר גפן מתוק,גרמים,10.00,100 גרם,false,1,4.90,49.00,true,1,
7290000521404,false,"יין מרום גליל קברנה סוביניון סינגל 750 מ""ל",כרמי צבי אחים סגל בע,IL,קברנה מרום גליל,מיליליטרים,750.00,"100 מ""ל",false,0,32.90,4.39,true,1,
7290000521411,false,יין מרום גליל סינגל מרלו 750 מל,כרמי צבי אחים סגל בע,IL,מרלו מרום גליל,מיליליטרים,750.00,"100 מ""ל",false,0,32.90,4.39,true,1,
7290000522142,false,חלב הרים טהור-עמיד- קרטון 1 לי 3%,"מחלבות רמת הגולן בע""",IL,חלב הרים טהור,ליטרים,1.00,ליטר,false,0,8.20,8.20,true,1,
7290000522166,false,חלב הרים טהור-עמיד- נטול לקטוז 1 לי 3%,"מחלבות רמת הגולן בע""",IL,חלב הרים 1 ליטר,ליטרים,1.00,ליטר,false,0,10.90,10.90,true,1,
7290000523125,false,מלח הארץ הים האדום 250 ג' עדין,"חברת מלח הארץ אילת בע""\מ",IL,מלח ים יבש,גרמים,250.00,100 גרם,false,0,5.90,2.36,true,1,
7290000523224,false,מלח הארץ הים האדום 500 ג' עדין,"חברת מלח הארץ אילת בע""\מ",IL,מלח ים דק,גרמים,500.00,100 גרם,false,0,7.90,1.58,true,1,
7290000523514,false,מלח ים יבש מלח הארץ 250 גרם מופחת נתרן,"חברת מלח הארץ אילת בע""\מ",IL,מלח דל נתרן,גרמים,250.00,100 גרם,false,0,10.50,4.20,true,1,
7290000523804,false,"מלח הים האדום דק בצנצנת 1 ק""ג","חברת מלח הארץ אילת בע""\מ",IL,מלח הארץ עדין,קילוגרמים,1.00,"ק""ג",false,0,7.20,7.20,true,1,
7290000523811,false,"צנצנת מלח גס 1 ק""ג מלח הארץ","חברת מלח הארץ אילת בע""\מ",IL,מלח הארץ גס,קילוגרמים,1.00,"ק""ג",false,0,7.20,7.20,true,1,
7290000525969,false,מיץ תפוזים סחוט רכיבים טבעיים פרימור 1 ליטר,"גניר (1992) בע""מ",IL,מיץ תפוזים סחוט,ליטרים,1.00,ליטר,false,0,15.80,15.80,true,1,
7290000530024,false,נקניק תה מעושן רחב במשקל,זוגלובק,IL,נקניק תה מעושן,קילוגרמים,0.00,"ק""ג",true,0,50.00,50.00,true,1,
7290000530048,false,נקניק סלמי פפרוני במ,זוגלובק,IL,סלמי פפרוני,גרמים,0.00,"ק""ג",true,0,59.00,59.00,true,1,
7290000530062,false,נקניק מעושן איטלקי במשקל,זוגלובק,IL,נקניק איטלקי,קילוגרמים,0.00,"ק""ג",true,0,80.00,80.00,true,1,
7290000530086,false,נקניק סלמי מעושן זוגלובק 600 גרם,נקניק נהריה כשר זוגל,IL,נקניק מעושן,גרמים,600.00,100 גרם,false,0,34.00,5.67,true,1,
7290000530109,false,קבנוס זוגי בואקום זוגלובק 180ג',נקניק נהריה כשר זוגל,IL,זוג קבנוס בואקום,גרמים,360.00,100 גרם,false,0,24.90,6.92,true,1,
7290000530116,false,נקניק סלמי מעושן בשן 470 ג' זוגלובק,נקניק נהריה כשר זוגל,IL,נקניק סלמי בשן,גרמים,470.00,100 גרם,false,0,24.90,5.30,true,1,
7290000530178,false,נקניק קוניאק זוגלובק,זוגלובק,IL,נקניק קוניאק,קילוגרמים,0.00,"ק""ג",true,0,85.00,85.00,true,1,
7290000530260,false,נקניק מרטדלה רחב במשקל,זוגלובק,IL,נקניק מרטדלה,קילוגרמים,0.00,"ק""ג",true,0,38.00,38.00,true,1,
7290000530291,false,נקניק מבשר הודו קטן זוגלובק 750 גרם,נקניק נהריה כשר זוגל,IL,נקניק מבשר הודו,גרמים,750.00,100 גרם,false,0,19.90,2.65,true,1,
7290000530369,false,גולן ח.הודו מעוש.שלם משק,זוגלובק,IL,גולן חזה הודו,קילוגרמים,0.00,"ק""ג",true,0,85.00,85.00,true,1,
7290000530413,false,המבורגר זהב זוגלובק 400 גרם,נקניק נהריה כשר זוגל,IL,המבורגר זהב,גרמים,400.00,100 גרם,false,0,19.90,4.98,true,1,
7290000530444,false,כתף בקר מעושן אורלנדו מש,זוגלובק,IL,כתף בקר מעושן,קילוגרמים,0.00,"ק""ג",true,0,109.00,109.00,true,1,
7290000530468,false,"נקניקיות וינר זוגלובק 1 ק""ג",זוגלובק,IL,נקניקיות וינר,קילוגרמים,1.00,"ק""ג",false,0,27.90,27.90,true,1,
7290000530598,false,נקניקיות עוף וינר זוגלובק 500 גרם,נקניק נהריה כשר זוגל,IL,נקניקיות וינר,גרמים,500.00,100 גרם,false,0,15.80,3.16,true,1,
7290000530703,false,פסטרמה חרמון כפרית ונקניק תה מעושן זוגלובק 2*400 גרם,נקניק נהריה כשר זוגל,IL,מארז חרמון+תה,גרמים,800.00,100 גרם,false,0,29.90,3.74,true,1,
7290000531410,false,פסטרממיה בדבש טהור במשקל,זוגלובק,IL,פסטרמה בדבש טהור,קילוגרמים,0.00,"ק""ג",true,0,85.00,85.00,true,1,
7290000531601,false,סטייקבורגר זהב זוגלובק 400 גרם,נקניק נהריה כשר זוגל,IL,סטייק בורגר 00,גרמים,400.00,100 גרם,false,0,19.90,4.98,true,1,
7290000532400,false,חזה הודו ברביקיו במשקל,זוגלובק,IL,חזה הודו ברבקי,קילוגרמים,0.00,"ק""ג",true,0,85.00,85.00,true,1,
7290000532585,false,נקניק רוסטביף חצוי ב,זוגלובק,IL,רוסטביף חצוי,קילוגרמים,0.00,"ק""ג",true,0,120.00,120.00,true,1,
7290000532721,false,כתף בקר בפלפל טורו במשקל,זוגלובק,IL,כתף בקר בפלפל,קילוגרמים,0.00,"ק""ג",true,0,109.00,109.00,true,1,
7290000533353,false,"בצק עלים צרפתי 1 ק""ג זוגלובק",מאפיית אריאל וגידרון,IL,בצק עלים,גרמים,1000.00,100 גרם,false,0,15.90,1.59,true,1,
7290000534718,false,חזה הודו תבור דל שומן מש,זוגלובק,IL,חזה הודו תבור,קילוגרמים,0.00,"ק""ג",true,0,85.00,85.00,true,1,
7290000534800,false,פסטרמה הודו רומני במשקל,זוגלובק,IL,פסטרמה הודו,קילוגרמים,0.00,"ק""ג",true,0,85.00,85.00,true,1,
7290000535791,false,קורנדביף בסגנון ניויורק,זוגלובק,IL,קורנדביף בסגנון,קילוגרמים,0.00,"ק""ג",true,0,109.00,109.00,true,1,
7290000536743,false,שניצלונים קריספי ט. תירס 500 גר' זוגלובק,נקניק נהריה כשר זוגל,IL,קריספי סטיקסתירס,גרמים,500.00,100 גרם,false,0,17.90,3.58,true,1,
7290000537566,false,נקניקיות עוף טרי 400 ג' זוגלובק,נקניק נהריה כשר זוגל,IL,נקניקיות עוף,גרמים,400.00,100 גרם,false,0,10.90,2.73,true,1,
7290000537603,false,"נקניקיות עוף זוגלובק 1 ק""ג",זוגלובק,IL,נקניקיות עוף,קילוגרמים,1.00,"ק""ג",false,0,27.90,27.90,true,1,
7290000540009,false,סכין יפני צר כריכה מתכת,",S.M.P.L שיבקי",IN,מדליק פחמים,גרמים,108.00,100 גרם,false,1,6.00,5.56,true,1,
7290000540931,false,עוגיות האחים 400 גרם פירמידה,האחים יצרני חטיפים,IL,עוגיות האחים,גרמים,400.00,100 גרם,false,1,11.90,2.98,true,1,
7290000551074,false,פילה מדומה מס6' מוכשר קפ,פריגוצאקו / פרגוואי,XX,פ.מדומה מוכשר,גרמים,0.00,"ק""ג",true,0,44.90,44.90,true,1,
7290000552118,false,נקניקיות מרגז טיבון ויל 400 גרם,טיבון ויל אחזקות בעמ,IL,נקניקיות מרגז,גרמים,400.00,100 גרם,false,0,20.90,5.23,true,1,
7290000552194,false,קישקע טיבון ויל 500 גרם,טיבון ויל אחזקות בעמ,IL,קישקע,גרמים,500.00,100 גרם,false,0,14.90,2.98,true,1,
7290000552927,false,עוף טחון טיבון ויל 500 גרם,"טיבון ויל אחזקות בע""\מ",IL,טחון עוף קפוא,גרמים,500.00,100 גרם,false,0,14.90,2.98,true,1,
7290000552934,false,בשר הודו טחון טיבון ויל 500 גרם,"טיבון ויל אחזקות בע""\מ",IL,טחון הודו 500גרם,גרמים,500.00,100 גרם,false,0,13.90,2.78,true,1,
7290000552989,false,בשר טחון טיבון ויל 500 גרם,"טיבון ויל אחזקות בע""\מ",IL,בשר טחון מובחר,גרמים,500.00,100 גרם,false,0,27.90,5.58,true,1,
7290000554006,false,גבינה קשקבלו משולשים,מחלבות גד,IL,גבינת קשקבל,קילוגרמים,0.00,"ק""ג",true,0,129.00,129.00,true,1,
7290000554402,false,מעדן חלב מלבי גד 160 גרם,"מיוצר ע""\י קוד יצרן EDNK",IL,מלבי,גרמים,160.00,100 גרם,false,0,5.60,3.50,true,1,
7290000554457,false,גבינה צפתית 5% 350 גרם - רבנות,"מחלבות גד בע""\מ",IL,גבינה צפתית5%,גרמים,350.00,100 גרם,false,0,21.00,6.00,true,1,
7290000554471,false,נקניק מוצרלה 22 אחוז 180גרם גד מהדרין,"מחלבות גד בע""\מ",IL,גבינת מוצרלה 22%,גרמים,180.00,100 גרם,false,0,16.40,9.11,true,1,
7290000554532,false,גבינה צפתית מעודנת במלח ים 5% 200 ג' גד,הנסיך- מפעל לייצור ט,IL,צפתית מעודנת 5%,גרמים,200.00,100 גרם,false,0,14.90,7.45,true,1,
7290000554600,false,מוצרלה מגורדת 22 אחוז 300גרם גד מהדרין,מחלבות גד בעמ,IL,מוצרלה מגורדת,גרמים,300.00,100 גרם,false,0,24.90,8.30,true,1,
7290000554624,false,ירח מתוק מעדן חלב עם אורז 3% גד 150 גרם,"מיוצר ע""\י קוד יצרן EDNK",IL,מעדן חלב ואורז,גרמים,150.00,100 גרם,false,0,5.60,3.73,true,1,
7290000554655,false,מוצרלה מעושנת בנקניק,מחלבות גד,IL,מוצרלה מעושנת גד,קילוגרמים,0.00,"ק""ג",true,0,86.00,86.00,true,1,
7290000554686,false,גבינת לאבנה בתוספת שמן זית וזעתר 5% גד 250 גרם,מחלבות גד בעמ,IL,לאבנה בשמן זית5%,גרמים,250.00,100 גרם,false,0,15.00,6.00,true,1,
7290000554754,false,גבינה מוצרלה כדורקטן,מחלבות גד,IL,כדורי מוצרלה 19%,גרמים,0.00,"ק""ג",true,0,92.00,92.00,true,1,
7290000554792,false,גבינה בולגרית 5%במשקל,מחלבות גד,IL,גבינה בולגרית 5%,קילוגרמים,0.00,"ק""ג",true,0,60.00,60.00,true,1,
7290000554815,false,מוצרלה בגליל 22% במשקל,מחלבות גד,IL,גבינת מוצרלה,גרמים,0.00,"ק""ג",true,0,83.00,83.00,true,1,
7290000554822,false,ריקוטה גבינה לבנה בסגנון איטלקי 5% גד 250 גרם,מחלבות גד בעמ,IL,גבינת ריקוטה 5%,גרמים,250.00,100 גרם,false,0,14.50,5.80,true,1,
7290000554839,false,מסקרפונה שמנת מתוקה קשה בסגנון איטלקי 40% גד 250 גרם,מחלבות גד בעמ,IL,גבינה מסקרפונה,גרמים,250.00,100 גרם,false,0,20.90,8.36,true,1,
7290000554952,false,גבינה צפתית קשה במשק,מחלבות גד,IL,גבינה צפתית קשה,קילוגרמים,0.00,"ק""ג",true,0,74.00,74.00,true,1,
7290000554969,false,גב.שמנת 30%שומן1קג משקל,מחלבות גד,IL,גבינת שמנת 30%,קילוגרמים,0.00,"ק""ג",true,0,45.00,45.00,true,1,
7290000554976,false,גבינת שמנת זיתים גד,מחלבות גד,IL,גבינת שמנת זית,גרמים,0.00,"ק""ג",true,0,45.00,45.00,true,1,
7290000560533,false,אדג' ג'ל ירוק לעור רגיל 198גרם,אס.סי ג'ונסון ובניו,US,אדג' ג'ל לגילוח,גרמים,198.00,100 גרם,false,0,15.90,8.03,true,1,
7290000560540,false,אדג' ג'ל כתום לעור רגיש 198גרם,המאפיה של הרמן,US,אדג' ג'ל לגילוח,גרמים,198.00,100 גרם,false,0,15.90,8.03,true,1,
7290000571119,false,גאודה חריץ בית יצחק,תנובה מרכז שיתופי לש,IL,גבינת גאודה,קילוגרמים,0.00,"ק""ג",true,0,108.00,108.00,true,1,
7290000571386,false,המחלבה יוגורמה יוגורט מחלב כבשים 5% 850 גרם,גבינות משק אחים מאיר בית,IL,יוגורמה 5%,גרמים,850.00,100 גרם,false,0,26.90,3.16,true,1,
7290000571393,false,המחלבה יוגורמה יוגורט מחלב כבשים 5% 140 גרם,גבינות משק אחים מאיר,IL,יוגורמה,גרמים,140.00,100 גרם,false,0,6.00,4.29,true,1,
7290000572628,false,חטיפי חלווה ללא סוכר בקופסא 250 גרם,שוורצקוף& הנקל דיסלד,IL,חטיף חלווה לייט,גרמים,275.00,100 גרם,false,0,11.90,4.33,true,1,
7290000574141,false,לחם חיטה מלא 750ג' דגנית עין בר,דגנית עין בר תעשיות מזון,IL,לחם חיטה מלא,גרמים,750.00,100 גרם,false,0,13.90,1.85,true,1,
7290000574172,false,לחם קל מחיטה מלאה 750 ג' דגנית עין בר,דגנית עין בר תעשיות מזון,IL,לחם קל חיטה מלאה,גרמים,750.00,100 גרם,false,0,14.60,1.95,true,1,
7290000574455,false,לחם חיטה מלא פלוס כוסמין 750 ג' דגנית עין בר,פריט ללא פיקוח,IL,לחם חיטה מלא,גרמים,750.00,100 גרם,false,1,14.50,1.93,true,1,
7290000631035,false,כבד עוף קפוא עטרה מחיר ל,שונות,IL,כבד עוף קפוא,קילוגרמים,0.00,"ק""ג",true,0,35.50,35.50,true,1,
7290000632209,false,חזה עוף קפוא עטרה מחיר ל,שונות,IL,חזה עוף קפוא,קילוגרמים,0.00,"ק""ג",true,0,34.90,34.90,true,1,
7290000632391,false,כרעיים עוף קפוא עטרה מחי,שונות,IL,כרעיים עוף קפוא,קילוגרמים,0.00,"ק""ג",true,0,33.90,33.90,true,1,
7290000646299,false,פילה נסיכת הנילוס 100% דג קפוא תנובה,MORE,IL,פילה נסיכת נילוס,קילוגרמים,0.00,"ק""ג",true,1,44.90,44.90,true,1,
7290000652894,false,סטייק דג טונה קפוא 100% תנובה,דגי תנובה,IL,סטייק טונה קפוא,קילוגרמים,0.00,"ק""ג",true,1,44.90,44.90,true,1,
7290000659312,false,דגי תנובה פילה סלומון קפוא בוואקום,דגי תנובה,IL,פילה סלמון,קילוגרמים,0.00,"ק""ג",true,0,69.90,69.90,true,1,
7290000662817,false,סלמון מעושן 100 גרם נורבגי מדג טרי,דגיים קפואים,IL,סלמון מעושן,גרמים,100.00,100 גרם,false,1,19.90,19.90,true,1,
7290000663104,false,שווארמה פרגית להקפצה,תנובה בשר,IL,שווארמה פרגית,גרמים,300.00,100 גרם,false,1,35.90,11.97,true,1,
7290000663128,false,רצועות ריב אנטריקוט עדיי,תנובה בשר,IL,רצועות ריב אנטרי,גרמים,300.00,100 גרם,false,1,35.90,11.97,true,1,
7290000663135,false,קוביות סלומון קפוא 100% דג 300 גרם תנובה,"צ'\ילה, Ll MONTT, PUERTO",CL,קוביות סלמון קפו,גרמים,300.00,100 גרם,false,1,29.90,9.97,true,1,
7290000663166,false,דג פילה הייק דרום אפריקאי,תנובה,IL,פילה בקלה קפוא,קילוגרמים,0.00,"ק""ג",true,1,49.90,49.90,true,1,
7290000679631,false,"ד""ר פישר - קמיל בלו קלאסיק 500 מ""ל",פישר מעבדות פרמצבטיות בע,IL,קמיל בלו אלסבון,מיליליטרים,500.00,"100 מ""ל",false,0,13.90,2.78,true,1,
7290000688084,false,מי עדן פקק ספורטאים500מל,"מופק ממקור בזלתי עדן ,1",IL,מי עדן פקק ספורט,מיליליטרים,500.00,"100 מ""ל",false,0,2.80,0.56,true,1,
7290000688381,false,שישיית מי עדן פקק ספורט 0.5 ליטר,"מופק ממקור בזלתי עדן ,1",IL,מי עדן אישי 6 בק,ליטרים,3.00,ליטר,false,0,14.90,4.97,true,1,
7290000692210,false,נוזל לניקוי כללי ורצפות בניחוח לבנדר אג'קס 2 ליטר,הנסיך- מפעל לייצור ט,GR,אג'קס ניקוי כללי,ליטרים,2.00,ליטר,false,0,22.90,11.45,true,1,
7290000692227,false,נוזל כלים פלמוליב צילינדר קלאסי 1 ליטר,יבואן ומשווק: ש. שסט,GR,פלמוליב לכלים,ליטרים,1.00,ליטר,false,0,13.90,13.90,true,1,
7290000803180,false,"מרידול-שטיפת פה דנטלית 400 מ""ל",קולגייט פלמוליב,CH,שטיפה מרידול,מיליליטרים,400.00,"100 מ""ל",false,0,24.90,6.23,true,1,
7290000841557,false,"סטרילי נוזל חיטוי 500 מ""ל לניקוי פירות וירקות",,IL,סטרילי נוזל לח,מיליליטרים,500.00,"100 מ""ל",false,0,12.90,2.58,true,1,
7290000900162,true,סלק אורגני במשקל,.,IL,סלק אורגני,קילוגרמים,0.00,"ק""ג",true,0,13.90,13.90,true,1,
7290000900179,true,רצועות בקר להכנה מוכשר,טיבון ויל אחזקות בעמ,FR,רצועות בקר מוכשר,קילוגרמים,0.00,"ק""ג",true,0,89.90,89.90,true,1,
7290000900223,true,סטייק דנוור דק דק מוכשר,נטו,IL,סטייק דנוור דקדק,קילוגרמים,0.00,"ק""ג",true,0,99.90,99.90,true,1,
7290000900445,true,שום יבש אורגני,,IL,שום יבש אורגני,קילוגרמים,0.00,"ק""ג",true,0,28.90,28.90,true,1,
7290000901374,true,בצל אדום יבש אורגני משקל,,NL,בצל אדום אורגני,קילוגרמים,0.00,"ק""ג",true,0,10.90,10.90,true,1,
7290000901404,true,"תפו""א אדום אורגנ",,IL,"תפו""א אדום אורגנ",קילוגרמים,0.00,"ק""ג",true,0,8.90,8.90,true,1,
7290000907949,true,משקה מוגז בקירור עד500-מ,,,משקה מצונן 500מל,מיליליטרים,500.00,"100 מ""ל",false,0,7.50,1.50,true,1,
7290000910345,true,דלורית אורגנית,,IL,דלורית אורגנית,קילוגרמים,0.00,"ק""ג",true,0,12.90,12.90,true,1,
7290000910994,true,פסטרמה ונקניק-קצוות משקל,שונות,IL,פסטרמה ונקניק,קילוגרמים,0.00,"ק""ג",true,0,29.00,29.00,true,1,
7290000915883,true,טחון בקר טרי (עצמי) מחיר,שונות,IL,טחון מקומי טרי,קילוגרמים,0.00,"ק""ג",true,0,49.90,49.90,true,1,
7290000916248,true,כרוב לבן אורגני,,IL,כרוב לבן אורגני,קילוגרמים,0.00,"ק""ג",true,0,9.90,9.90,true,1,
7290000919386,true,ראש סלמון )עצמי(קג,שונות,NO,ראש סלמון קג,קילוגרמים,0.00,"ק""ג",true,0,14.90,14.90,true,1,
7290000928562,true,שיטל טרי )עצמי( מחיר לפי,שונות,IL,שיטל טרי,קילוגרמים,0.00,"ק""ג",true,0,99.90,99.90,true,1,
7290000933740,true,בשר טחון טרי פרמיום קג,פניסקו,AR,בשר טחון פרמיום,קילוגרמים,0.00,"ק""ג",true,1,49.90,49.90,true,1,
7290000942315,true,כרוב אדום אורגני,,IL,כרוב אדום אורגני,קילוגרמים,0.00,"ק""ג",true,0,11.90,11.90,true,1,
7290000960258,true,תפוז אורגני במשקל,.,IL,תפוז אורגני,קילוגרמים,0.00,"ק""ג",true,0,10.90,10.90,true,1,
7290000960272,true,עגבניה אורגנית,,IL,עגבניה אורגנית,קילוגרמים,0.00,"ק""ג",true,0,9.90,9.90,true,1,
7290000960395,true,"תפו""ע גרנד סמיט אורגני",.,IL,תפוח סמיט אורגנ,קילוגרמים,0.00,"ק""ג",true,0,19.90,19.90,true,1,
7290000960548,true,מלפפון אורגני,,IL,מלפפון אורגני,קילוגרמים,0.00,"ק""ג",true,0,10.90,10.90,true,1,
7290000960616,true,קישוא כהה אורגני,,IL,קישוא כהה אורגני,קילוגרמים,0.00,"ק""ג",true,0,11.90,11.90,true,1,
7290000960760,true,פלפל אדום אורגני,,IL,פלפל אדום אורגני,קילוגרמים,0.00,"ק""ג",true,0,13.90,13.90,true,1,
7290000960906,true,בצל יבש אורגני,,IL,בצל יבש אורגני,קילוגרמים,0.00,"ק""ג",true,0,8.90,8.90,true,1,
7290000961279,true,פלפל צהוב אורגני,,IL,פלפל צהוב אורגני,קילוגרמים,0.00,"ק""ג",true,0,14.90,14.90,true,1,
7290000961446,true,פלפל כתום אורגני,,IL,פלפל כתום אורגני,קילוגרמים,0.00,"ק""ג",true,0,13.90,13.90,true,1,
7290000961514,true,שומית - יח',,IL,שומית - יח',יחידה,1.00,יחידה,false,0,5.90,5.90,true,1,
7290000961552,true,פלפל כתום,קטיף.,IL,פלפל כתום,קילוגרמים,0.00,"ק""ג",true,0,9.90,9.90,true,1,
7290000961606,true,שורש ג'ינגר במשקל,קטיף.,XX,שורש גינגר,קילוגרמים,0.00,"ק""ג",true,0,29.90,29.90,true,1,
7290000961767,true,בטטה ארוזה,קטיף.,IL,בטטה ארוזה,קילוגרמים,0.00,"ק""ג",true,0,7.90,7.90,true,1,
7290000962474,true,חציל בלדי,קטיף.,IL,חציל בלדי,קילוגרמים,0.00,"ק""ג",true,0,7.90,7.90,true,1,
7290000962535,true,רוזמרין יחידה,קטיף.,IL,רוזמרין יחידה,יחידה,1.00,יחידה,false,0,5.90,5.90,true,1,
7290000962559,true,קורנית יחידה,קטיף.,IL,קורנית יחידה,יחידה,1.00,יחידה,false,0,5.90,5.90,true,1,
7290000962573,true,אורגנו יחידה,קטיף.,IL,אורגנו יחידה,יחידה,1.00,יחידה,false,0,5.90,5.90,true,1,
7290000962580,true,מרווה יחידה,קטיף,IL,מרווה יחידה,יחידה,1.00,יחידה,false,0,5.90,5.90,true,1,
7290000963136,true,תפוח עץ מוזהב 65,קטיף.,XX,תפוח עץ מוזהב,קילוגרמים,0.00,"ק""ג",true,0,10.90,10.90,true,1,
7290000963228,true,תפוח עץ יונתן 65,קטיף.,XX,תפוח יונתן,קילוגרמים,0.00,"ק""ג",true,0,10.90,10.90,true,1,
7290000963297,true,תפוח עץ סטרקינג 65,קטיף.,XX,תפוח סטרקינג,קילוגרמים,0.00,"ק""ג",true,0,10.90,10.90,true,1,
7290000963310,true,תפוח עץ קנזי יבוא,קטיף.,IT,"תפו""ע קנזי",קילוגרמים,0.00,"ק""ג",true,0,14.90,14.90,true,1,
7290000963341,true,אגס אסיאתי,קטיף.,CN,אגס אסיאתי,קילוגרמים,0.00,"ק""ג",true,0,9.90,9.90,true,1,
7290000963372,true,תפוח עץ פינקריספי 70,קטיף.,XX,תפוח עץ פינקריספ,קילוגרמים,0.00,"ק""ג",true,0,15.90,15.90,true,1,
7290000963419,true,תפוח עץ גאלה 65,קטיף.,XX,תפוח עץ גאלה,קילוגרמים,0.00,"ק""ג",true,0,12.90,12.90,true,1,
7290000963518,true,תפוח עץ סמיט 70,קטיף.,XX,תפוח עץ סמיט,קילוגרמים,0.00,"ק""ג",true,0,10.90,10.90,true,1,
7290000963563,true,תפוח עץ סמיט65,קטיף.,XX,תפוח עץ סמיט,קילוגרמים,0.00,"ק""ג",true,0,10.90,10.90,true,1,
7290000964096,true,אפרסמון קרמבו,קטיף.,IL,אפרסמון קרמבו,קילוגרמים,0.00,"ק""ג",true,0,13.90,13.90,true,1,
7290000964300,true,תפוז,קטיף.,IL,תפוז,קילוגרמים,0.00,"ק""ג",true,0,5.90,5.90,true,1,
7290000964348,true,תפוז ברשת למיץ,קטיף.,IL,תפוז ברשת למיץ,קילוגרמים,0.00,"ק""ג",true,0,4.90,4.90,true,1,
7290000964362,true,פומלה לבנה,קטיף.,IL,פומלה לבנה,קילוגרמים,0.00,"ק""ג",true,0,6.90,6.90,true,1,
7290000964379,true,אשכולית לבנה,קטיף.,IL,אשכולית לבנה,קילוגרמים,0.00,"ק""ג",true,0,5.90,5.90,true,1,
7290000964393,true,אשכולית אדומה,קטיף.,IL,אשכולית אדומה,קילוגרמים,0.00,"ק""ג",true,0,5.90,5.90,true,1,
7290000964423,true,פומלה אדומה,קטיף.,IL,פומלה אדומה,קילוגרמים,0.00,"ק""ג",true,0,6.90,6.90,true,1,
7290000964461,true,פומלית,קטיף.,IL,פומלית,קילוגרמים,0.00,"ק""ג",true,0,5.90,5.90,true,1,
7290000964492,true,לימון תפזורת,קטיף.,IL,לימון,קילוגרמים,0.00,"ק""ג",true,0,6.90,6.90,true,1,
7290000964508,true,תפוז גדול,קטיף.,IL,תפוזים מובחרים,קילוגרמים,0.00,"ק""ג",true,0,5.90,5.90,true,1,
7290000964560,true,קלמנטינה,קטיף.,IL,קלמנטינה,קילוגרמים,0.00,"ק""ג",true,0,5.90,5.90,true,1,
7290000964775,true,בננות,קטיף.,IL,בננה,קילוגרמים,0.00,"ק""ג",true,0,5.90,5.90,true,1,
7290000964829,true,אגס ספדונה 55,קטיף.,IL,אגס ספדונה,קילוגרמים,0.00,"ק""ג",true,0,12.90,12.90,true,1,
7290000964843,true,אגס ספדונה65,קטיף.,IL,אגס ספדונה65,קילוגרמים,0.00,"ק""ג",true,0,12.90,12.90,true,1,
7290000964966,true,אבוקדו ארוז ברשת,קטיף.,IL,אבוקדו ארוז ברשת,קילוגרמים,0.00,"ק""ג",true,0,8.90,8.90,true,1,
7290000964980,true,אבוקדו,קטיף.,IL,אבוקדו,קילוגרמים,0.00,"ק""ג",true,0,10.90,10.90,true,1,
7290000965062,true,מלון ספרדי,קטיף.,IL,מלון ספרדי,קילוגרמים,0.00,"ק""ג",true,0,6.90,6.90,true,1,
7290000965154,true,פיטאיה,קטיף.,IL,פיטאיה,קילוגרמים,0.00,"ק""ג",true,0,39.90,39.90,true,1,
7290000965482,true,אגס אורגני,,IT,אגס אורגני,קילוגרמים,0.00,"ק""ג",true,0,21.90,21.90,true,1,
7290000965598,true,בטטה אורגני,,IL,בטטה אורגני,קילוגרמים,0.00,"ק""ג",true,0,12.90,12.90,true,1,
7290000965765,true,"תפו""ע זהוב אורגנ",,IT,תפוחזהוב אורגנ,קילוגרמים,0.00,"ק""ג",true,0,19.90,19.90,true,1,
7290000965772,true,בננה אורגנית,,IL,בננה אורגנית,קילוגרמים,0.00,"ק""ג",true,0,11.90,11.90,true,1,
7290000965819,true,פאפיה אורגני,,IL,פאפיה אורגני,קילוגרמים,0.00,"ק""ג",true,0,32.90,32.90,true,1,
7290000965826,true,לימון אורגני,,IL,לימון אורגני,קילוגרמים,0.00,"ק""ג",true,0,10.90,10.90,true,1,
7290000965888,true,ליים אורגני,,IL,ליים אורגני,קילוגרמים,0.00,"ק""ג",true,0,16.90,16.90,true,1,
7290000966038,true,ענבים ירוקים מובחר,קטיף.,IL,ענבים ירוקים,קילוגרמים,0.00,"ק""ג",true,0,25.90,25.90,true,1,
7290000966328,true,אפרסמון סיני65,קטיף.,IL,אפרסמון סיני,קילוגרמים,0.00,"ק""ג",true,0,13.90,13.90,true,1,
7290000966564,true,רימון,קטיף.,IL,רימון,קילוגרמים,0.00,"ק""ג",true,0,7.90,7.90,true,1,
7290000966618,true,גויאבות,קטיף.,IL,גויאבות,קילוגרמים,0.00,"ק""ג",true,0,19.90,19.90,true,1,
7290000966656,true,קיווי מובחר שקיל,קטיף.,IL,קיווי,קילוגרמים,0.00,"ק""ג",true,0,12.90,12.90,true,1,
7290000966670,true,אנונה,קטיף.,IL,אנונה,קילוגרמים,0.00,"ק""ג",true,0,19.90,19.90,true,1,
7290000967509,true,תפוח אדמה אורגני,,IL,תפוח אדמה אורגני,קילוגרמים,0.00,"ק""ג",true,0,5.90,5.90,true,1,
7290000967684,true,בננה מובחרת,קטיף.,IL,בננה מובחרת,קילוגרמים,0.00,"ק""ג",true,0,5.90,5.90,true,1,
7290000969367,true,עגבנית שרי עגולה אורגנית,,IL,עגבנ.שרי אורגני,קילוגרמים,0.00,"ק""ג",true,0,25.90,25.90,true,1,
7290000971032,true,פומלית אורגנית,,IL,פומלית אורגנית,קילוגרמים,0.00,"ק""ג",true,0,7.90,7.90,true,1,
7290000972800,true,אשכולית אדומה,,IL,אשכולית אדומה,קילוגרמים,0.00,"ק""ג",true,0,7.90,7.90,true,1,
7290000976433,true,קאשיו ענק קלוי תפזורת,דין שיווק,IL,קשיו ענק קלוי,גרמים,0.00,"ק""ג",true,0,95.00,95.00,true,1,
7290000976457,true,גרעיני אבטיח קלויים תנור,דין שיווק,IL,גרעין אבטיח קלוי,גרמים,0.00,"ק""ג",true,0,58.00,58.00,true,1,
7290000976471,true,'גרעיני דלעת קלופים תפז,דין שיווק,IL,גרעיני דלעת,גרמים,0.00,"ק""ג",true,0,49.00,49.00,true,1,
7290000976501,true,צימוק חום תפזורת,דין שיווק,IL,צימוק חום,גרמים,0.00,"ק""ג",true,0,30.00,30.00,true,1,
7290000976532,true,אפונה קלויה תפזורת,דין שיווק,IL,אפונה קלויה,גרמים,0.00,"ק""ג",true,0,50.00,50.00,true,1,
7290000976556,true,צנובר במשקל תפזורת,דין שיווק,IL,צנובר,גרמים,0.00,"ק""ג",true,0,199.00,199.00,true,1,
7290000976594,true,פול מצרי-אפונה תפזורת,דין שיווק,IL,פול מצרי קלוי,גרמים,0.00,"ק""ג",true,0,55.00,55.00,true,1,
7290000976600,true,משמש מיובש תפזורת,דין שיווק,TR,משמש מיובש,גרמים,0.00,"ק""ג",true,0,55.00,55.00,true,1,
7290000976662,true,פקאן טבעי במשקל תפז',,IL,פקאן טבעי במשק,גרמים,0.00,"ק""ג",true,0,119.00,119.00,true,1,
7290000976679,true,חציל אורגני,,IL,חציל אורגני,קילוגרמים,0.00,"ק""ג",true,0,12.90,12.90,true,1,
7290000976716,true,תירס תפזורת,דין שיווק,IL,תירס,גרמים,0.00,"ק""ג",true,0,50.00,50.00,true,1,
7290000976747,true,בונדוק קלוי תפזורת,דין שיווק,IL,בונדוק קלוי,גרמים,0.00,"ק""ג",true,0,130.00,130.00,true,1,
7290000976754,true,מנצ'ס תפזורת,דין שיווק,IL,מנצ'ס,גרמים,0.00,"ק""ג",true,0,47.00,47.00,true,1,
7290000976761,true,אגוזים קלופים תפזורת,דין שיווק,IL,אגוז קלוף,גרמים,0.00,"ק""ג",true,0,59.00,59.00,true,1,
7290000976846,true,פיסטוק חלבי קלוף תפזורת,דין שיווק,IL,פיסטוק חלבי קלוף,גרמים,0.00,"ק""ג",true,0,150.00,150.00,true,1,
7290000976860,true,שקד מולבן חצאים תפזורת,דין שיווק,IL,שקד מולבן חצאים,גרמים,0.00,"ק""ג",true,0,120.00,120.00,true,1,
7290000976884,true,פקאן סיני תפזורת,דין שיווק,IL,פקאן סיני,גרמים,0.00,"ק""ג",true,0,118.00,118.00,true,1,
7290000977010,true,קבוקים תפזורת,דין שיווק,IL,קבוקים,גרמים,0.00,"ק""ג",true,0,26.00,26.00,true,1,
7290000977027,true,פיסטוק ענק קלוי תפזורת,דין שיווק,IL,פיסטוק ענק קלוי,גרמים,0.00,"ק""ג",true,0,97.00,97.00,true,1,
7290000977089,true,אגוז קאשיו טבעי תפזורת,דין שיווק,IL,אגוז קשיו טבעי,גרמים,0.00,"ק""ג",true,0,89.00,89.00,true,1,
7290000977102,true,תערובת פיצוחים תפזורת,דין שיווק,IL,תערובת פיצוחים,גרמים,0.00,"ק""ג",true,0,85.00,85.00,true,1,
7290000977140,true,מקדמיה טבעית תפזורת,דין שיווק,IL,מקדמיה טבעית,גרמים,0.00,"ק""ג",true,0,150.00,150.00,true,1,
7290000977324,true,בוטן מסוכר,דין שיווק,IL,בוטן מסוכר,גרמים,0.00,"ק""ג",true,0,45.00,45.00,true,1,
7290000977355,true,בוטן אמריקאי תפזורת,דין שיווק,IL,בוטן אמריקאי,גרמים,0.00,"ק""ג",true,0,25.00,25.00,true,1,
7290000977454,true,גרעין שחור קלוי במלח תפז,דין שיווק,IL,ג.שחור כורדי,גרמים,0.00,"ק""ג",true,0,29.00,29.00,true,1,
7290000977478,true,בוטנים קלויים תפזורת,דין שיווק,IL,בוטנים קלויים,גרמים,0.00,"ק""ג",true,0,37.00,37.00,true,1,
7290000977485,true,גרעין לבן קלוי תפזורת,דין שיווק,IL,גרעין לבן קלוי,גרמים,0.00,"ק""ג",true,0,45.00,45.00,true,1,
7290000977492,true,בונדוק טבעי,דין שיווק,IL,בונדוק טבעי,גרמים,0.00,"ק""ג",true,0,110.00,110.00,true,1,
7290000977645,true,חטיף יפני תפזורת,דין שיווק,IL,חטיף יפני,גרמים,0.00,"ק""ג",true,0,65.00,65.00,true,1,
7290000977676,true,שקדים קלויים תפזורת,דין שיווק,IL,שקדים קלויים,גרמים,0.00,"ק""ג",true,0,98.00,98.00,true,1,
7290000977683,true,פקאן קלוף קלוי תפזורת,דין שיווק,IL,פקאן קלוף קלוי,גרמים,0.00,"ק""ג",true,0,126.00,126.00,true,1,
7290000977751,true,צימוק לבן גדול תפזורת,דין שיווק,IL,צימוק לבן גדול,גרמים,0.00,"ק""ג",true,0,44.00,44.00,true,1,
7290000977782,true,'תאנים יבשות גדולות תפז,דין שיווק,TR,תאנים יבשות,גרמים,0.00,"ק""ג",true,0,49.00,49.00,true,1,
7290000977799,true,שזיפים ללא גלעין תפזורת,דין שיווק,US,שזיף מיובש,גרמים,0.00,"ק""ג",true,0,45.00,45.00,true,1,
7290000977850,true,צימוק לבן קטן תפזורת,דין שיווק,IL,צימוק לבן קטן,גרמים,0.00,"ק""ג",true,0,37.00,37.00,true,1,
7290000977881,true,תפוח עץ יבש תפזורת,דין שיווק,IL,תפוח עץ יבש,גרמים,0.00,"ק""ג",true,0,50.00,50.00,true,1,
7290000977980,true,אננס פלחים מסוכר תפזורת,דין שיווק,TH,אננס פלחים,גרמים,0.00,"ק""ג",true,0,25.00,25.00,true,1,
7290000978017,true,שזיפים אמריקאים ענק תפז,דין שיווק,US,שזיפים אמריקאי,גרמים,0.00,"ק""ג",true,0,45.00,45.00,true,1,
7290000978024,true,בננה צ'יפס תפזורת,דין שיווק,IL,בננה צ'יפס,גרמים,0.00,"ק""ג",true,0,35.00,35.00,true,1,
7290000978383,true,תמר מהגול ענק תפזורת,דין שיווק,IL,תמר מהגול ענק,גרמים,0.00,"ק""ג",true,0,50.00,50.00,true,1,
7290000978406,true,אננס צבעוני,דין שיווק,TH,אננס צבעוני,גרמים,0.00,"ק""ג",true,0,40.00,40.00,true,1,
7290000978888,true,גרגירי גוג'י ברי במשקל,,IL,גרגירי גוג'י ברי,קילוגרמים,0.00,"ק""ג",true,0,59.00,59.00,true,1,
7290000982939,true,כרישה )לוף( יחידה,קטיף.,IL,כרישה )לוף(,יחידה,1.00,יחידה,false,0,8.90,8.90,true,1,
7290000986678,true,קישוא בהיר אורגנ,,IL,קישוא בהיר אורגנ,קילוגרמים,0.00,"ק""ג",true,0,15.90,15.90,true,1,
7290000989761,true,שקד טחון מולבן,דין שיווק,IL,'שקד טחון,קילוגרמים,0.00,"ק""ג",true,0,90.00,90.00,true,1,
7290000989778,true,חמוציות מיובשות בתפזורת,דין שיווק,IL,חמוציות תפזורת,גרמים,0.00,"ק""ג",true,0,35.00,35.00,true,1,
7290000992013,true,פלפל רומירו אורג,,IL,פלפל רומירו אורג,קילוגרמים,0.00,"ק""ג",true,0,14.90,14.90,true,1,
7290000992563,true,דלעת ערמונים,קטיף.,IL,דלעת ערמונים,קילוגרמים,0.00,"ק""ג",true,0,12.90,12.90,true,1,
7290000992839,true,מלון גולדן סוויט-צהוב,קטיף.,IL,מלון גולדן סוויט,קילוגרמים,0.00,"ק""ג",true,0,6.90,6.90,true,1,
7290000993171,true,אנונה אורגנית,,IL,אנונה אורגנית,קילוגרמים,0.00,"ק""ג",true,0,45.90,45.90,true,1,
7290000993461,true,עגבניה שרי צהוב יחידה,קטיף.,IL,עגבניה שרי צהובה,גרמים,460.00,100 גרם,false,0,9.90,2.15,true,1,
7290000993560,true,עגבניות שרי שוקו יחידה,קטיף.,IL,שרי שוקו,גרמים,480.00,100 גרם,false,0,9.90,2.06,true,1,
7290000994147,true,שומר אורגני,,IL,שומר אורגני,קילוגרמים,0.00,"ק""ג",true,0,12.90,12.90,true,1,
7290000994215,true,קולורבי אורגני במשקל,.,IL,קולורבי אורגני,קילוגרמים,0.00,"ק""ג",true,0,9.90,9.90,true,1,
7290000994604,true,דלעת ערמונים אורגני משקל,,IL,דלעת ערמונים,קילוגרמים,0.00,"ק""ג",true,0,19.90,19.90,true,1,
7290000994741,true,אפרסמון אורגני,,IL,אפרסמון אורגני,קילוגרמים,0.00,"ק""ג",true,0,34.90,34.90,true,1,
7290000995021,true,"תפו""ע גאלה אורגנ",,IT,תפוח גאלה אורגנ,קילוגרמים,0.00,"ק""ג",true,0,16.90,16.90,true,1,
7290000995175,true,בזיליקום אדום יחידה,קטיף,IL,בזיליקום אדום,יחידה,1.00,יחידה,false,0,5.90,5.90,true,1,
7290000995441,true,קייל - יחידה,קטיף.,IL,קייל,גרמים,250.00,100 גרם,false,0,12.90,5.16,true,1,
7290001006337,false,חזה הודו בדבש שופרסל קג,עוף טוב,IL,חזה הודו בדבש,קילוגרמים,0.00,"ק""ג",true,1,75.00,75.00,true,1,
7290001006344,false,חזה הודו ברביקיו שופרסל,עוף טוב,IL,חזה הודו ברביקיו,קילוגרמים,0.00,"ק""ג",true,1,75.00,75.00,true,1,
7290001006368,false,פסטרמה איטלקית שופרסל קג,עוף טוב,IL,פסטרמה איטלקית,קילוגרמים,0.00,"ק""ג",true,1,75.00,75.00,true,1,
7290001006375,false,פסטרמה מקסיקני שופרסל קג,עוף טוב,IL,פסטרמה מקסיקני,קילוגרמים,0.00,"ק""ג",true,1,75.00,75.00,true,1,
7290001041284,false,לקקן סוכריה תות על מקל 20 יח',מיה תעשיות מזון מ.ת.מ. ב,IL,לקקנים בטעם תות,גרמים,160.00,100 גרם,false,0,7.90,4.94,true,1,
7290001045169,false,מיץ תפוחי עץ צלול פרימור 1 ליטר,"גניר (1992) בע""מ",IL,מיץ תפוחים צלול,ליטרים,1.00,ליטר,false,0,15.80,15.80,true,1,
7290001121054,false,צמד חמד פסטרמה וסלמי יחיעם 700 גרם,תאי פרזידנט פוד פאבל,IL,צמד חמד,גרמים,700.00,100 גרם,false,0,26.90,3.84,true,1,
7290001121238,false,נקניק קורנדביף 4% יחיעם 180 גרם,מעדני יחיעם 1993,IL,קורנביף,גרמים,180.00,100 גרם,false,0,24.90,13.83,true,1,
7290001121849,false,פסטרמה ברביקיו יחיעם 250 גרם ר.טבעיים,מעדני יחיעם 1993,IL,פסטרמה טבעית,גרמים,250.00,100 גרם,false,0,27.90,11.16,true,1,
7290001123041,false,צלי כתף 5 חלק קפוא קג,פריזא,XX,צלי כתף 5 חלק,קילוגרמים,0.00,"ק""ג",true,0,69.90,69.90,true,1,
7290001123775,false,שווארמה אמיתית פרגיות טיבון ויל 500 גרם,"טיבול ויל אחזקות בע""",IL,שווארמה פרגית,גרמים,500.00,100 גרם,false,0,24.90,4.98,true,1,
7290001123782,false,שווארמה אמיתית הודו טיבון ויל 500 גרם,טיבון ויל - נטו,IL,שווארמה הודו,גרמים,500.00,100 גרם,false,0,25.90,5.18,true,1,
7290001124611,false,שומן כבש טיבון ויל 200 גרם,טיבון ויל אחזקות בעמ,IL,שומן כבש 200גרם,גרמים,200.00,100 גרם,false,0,19.90,9.95,true,1,
7290001125786,false,דניס שלם נקי טרי,נטו,IL,דניס שלם נקי טרי,קילוגרמים,0.00,"ק""ג",true,0,74.90,74.90,true,1,
7290001126806,false,"קרפיון שלם נקי טרי ק""ג",נטו,IL,קרפיון שלם נקי ט,קילוגרמים,0.00,"ק""ג",true,0,34.90,34.90,true,1,
7290001126820,false,"אמנון שלם נקי טרי ק""ג",נטו,IL,אמנון שלם נקי טר,קילוגרמים,0.00,"ק""ג",true,0,39.90,39.90,true,1,
7290001126851,false,בורי גדול נקי 5קג,נטו,IL,בורי גדול נקי,קילוגרמים,0.00,"ק""ג",true,0,44.90,44.90,true,1,
7290001126868,false,בורי שלם נקי טרי,נטו,IL,בורי שלם נקי טרי,קילוגרמים,0.00,"ק""ג",true,0,44.90,44.90,true,1,
7290001127162,false,פילה אמנון טרי קג,נטו,IL,פילה אמנון טרי,קילוגרמים,0.00,"ק""ג",true,0,79.90,79.90,true,1,
7290001127292,false,"פילה דניס טרי לק""ג",נטו,IL,פילה דניס טרי,קילוגרמים,0.00,"ק""ג",true,1,119.90,119.90,true,1,
7290001127995,false,פילה סלמון טרי נורווגי ל,נטו,NO,פילה סלמון טרי,קילוגרמים,0.00,"ק""ג",true,0,99.90,99.90,true,1,
7290001134153,false,גרונות הודו קפוא כשר,יסכה,IL,גרון הודו קפוא,קילוגרמים,0.00,"ק""ג",true,1,24.90,24.90,true,1,
7290001136287,false,"שמפו לשיער רגיל בבושם פרחים נקה 7 750 מ""ל","אמיליה קוסמטיקס בע""מ",IL,שמפו נקה 7,מיליליטרים,750.00,"100 מ""ל",false,0,10.90,1.45,true,1,
7290001136294,false,"שמפו לשיער יבש בבישום פרחים נקה 7 750 מ""ל","אמיליה קוסמטיקס בע""מ",IL,שמפו נקה 7,מיליליטרים,750.00,"100 מ""ל",false,0,10.90,1.45,true,1,
7290001136683,false,"מרכך לשיער רגיל בבושם פרחים נקה 7 750 מ""ל","אמיליה קוסמטיקס בע""מ",IL,קונדישינר נקה 7,מיליליטרים,750.00,"100 מ""ל",false,0,10.90,1.45,true,1,
7290001158531,false,שוקי עוף טרי תפזורת עצמי,שונות,IL,שוקיים עוף טרי,קילוגרמים,0.00,"ק""ג",true,0,32.90,32.90,true,1,
7290001164266,false,אפקטבעי גרנולה ללא סוכר 500גר,אפקט טבעי בעמ,IL,גרנולה ממותקת,גרמים,500.00,100 גרם,false,0,19.90,3.98,true,1,
7290001164273,false,אפקטבעי חגיגת גרנולה 500גרם,,IL,חגיגת גרנולה,גרמים,500.00,100 גרם,false,0,19.70,3.94,true,1,
7290001164419,false,גאלה תערובת אגוזים וגרעינים לסלט 600 גר,אפקט טבעי,IL,ג'עלה,גרמים,550.00,100 גרם,false,0,31.50,5.73,true,1,
7290001209042,false,רוסטביף עגל רשת עטרה לקג,עטרה,IL,רוסטביף עגל קפוא,קילוגרמים,0.00,"ק""ג",true,0,59.90,59.90,true,1,
7290001209158,false,שניצל עוף פרוס עטרה קפוא,שונות,IL,שניצל עוף פרוס ק,קילוגרמים,0.00,"ק""ג",true,0,37.90,37.90,true,1,
7290001216040,false,טחינה גולמית שומשום טהור אל ארז 500 גרם,אגס ירוק מסחר ושירותים,IL,טחינה גולמית,גרמים,500.00,100 גרם,false,0,16.20,3.24,true,1,
7290001216057,false,"טחינה שומשום טהור אל ארז 1 ק""ג",אגס ירוק מסחר ושירותים,IL,טחינה גולמית,קילוגרמים,1.00,"ק""ג",false,0,32.30,32.30,true,1,
7290001216552,false,טחינה פרו 25משומ.מלא250ג,אגס ירוק מסחר ושירותים,IL,טחינה שומשום מלא,גרמים,250.00,100 גרם,false,1,15.90,6.36,true,1,
7290001230331,false,סיגריות כאמל בוקס חפ,Unknown,CH,כאמל צהוב קצר,יחידה,1.00,יחידה,false,0,33.00,33.00,false,1,
7290001231932,false,ווינסטון כחול בוקס חפיסה,Unknown,CH,וינסטון כחול קצר,יחידה,1.00,יחידה,false,0,33.50,33.50,false,1,
7290001246948,false,מלבין אקונומיקה 2 ליטר,אקופרנד,IL,מלבין אקונומיקה,ליטרים,2.00,ליטר,false,1,23.10,11.55,true,1,
7290001246979,false,אקופרינד-נוזל כלים 1 ליטר לימון,סאסאטק,IL,נוזל כלים לימון,ליטרים,1.00,ליטר,false,1,14.40,14.40,true,1,
7290001247068,false,קרטונית נקטר ספרינג תות בננה 1 ליטר,יפאורה שותפות מובגלת לשיווק,IL,נקטר תות בננה,ליטרים,1.00,ליטר,false,0,6.90,6.90,true,1,
7290001247082,false,מיץ עגבניות רכיבים טבעיים ספרינג 1 ליטר,יפאורה שותפות מובגלת לשיווק,IL,נקטר עגבניות,ליטרים,1.00,ליטר,false,0,6.60,6.60,true,1,
7290001247099,false,קרטונית נקטר ספרינג מנגו 1 ליטר,יפאורה שותפות מובגלת לשיווק,IL,נקטר ספרינג מנגו,ליטרים,1.00,ליטר,false,0,6.90,6.90,true,1,
7290001247105,false,קרטונית נקטר ספרינג אפרסק 1 ליטר,יפאורה שותפות מובגלת לשיווק,IL,נקטר אפרסק,ליטרים,1.00,ליטר,false,0,6.90,6.90,true,1,
7290001247112,false,קרטונית נקטר ספרינג לימונענע 1 ליטר,יפאורה שותפות מובגלת לשיווק,IL,משקה לימונענע,ליטרים,1.00,ליטר,false,0,6.90,6.90,true,1,
7290001247129,false,נקטר ספרינג תפוזים קרטונית 1 ל',יפאורה שותפות מובגלת לשיווק,IL,נקטר ספרינג תפוז,ליטרים,1.00,ליטר,false,0,6.90,6.90,true,1,
7290001247143,false,קרטונית נקטר ספרינג תפוחים 1 ליטר,יפאורה שותפות מובגלת לשיווק,IL,נקטר ספרינג תפוח,ליטרים,1.00,ליטר,false,0,6.90,6.90,true,1,
7290001258101,false,גבינת גאודה טבעית במ,גבינות משק יעקבס,IL,גאודה בטעמים,קילוגרמים,0.00,"ק""ג",true,0,99.00,99.00,true,1,
7290001258118,false,גבינת קממברט טבעי במ,גבינות משק יעקבס,IL,קממברט יעקבס,קילוגרמים,0.00,"ק""ג",true,0,95.00,95.00,true,1,
7290001258217,false,לאבנה עיזים 5% משקל,גבינות משק יעקבס,IL,לאבנה עיזים 5%,קילוגרמים,0.00,"ק""ג",true,0,65.00,65.00,true,1,
7290001258378,false,גבינת חלומי במשקל,גבינות משק יעקבס,IL,גבינת חלומי משקל,קילוגרמים,0.00,"ק""ג",true,1,99.00,99.00,true,1,
7290001258446,false,"יעקבס יוגורט כבשים 5% 850 מ""ל",גבינות משק יעקבס,IL,יוגורט כבשים5%,גרמים,850.00,100 גרם,false,0,21.90,2.58,true,1,
7290001258514,false,גב.רכה ריקוטה במשקל,גבינות משק יעקבס,IL,גבינה רכה ריקוטה,קילוגרמים,0.00,"ק""ג",true,1,55.00,55.00,true,1,
7290001258552,false,גבינה לאבנה בקר 250 גרם,בטר אנד דיפרנט,IL,לאבנה 5%,גרמים,250.00,100 גרם,false,1,10.90,4.36,true,1,
7290001258583,false,משולש גבינת מנצ'גו במשקל,פ.פ.ח. שאביט,IL,גבינת מנצ'גו,קילוגרמים,0.00,"ק""ג",true,1,145.00,145.00,true,1,
7290001258590,false,גבינת מנצג'ו 30%גוש משקל,גבינות משק יעקבס,IL,גבינת מנצג'ו,קילוגרמים,0.00,"ק""ג",true,0,145.00,145.00,true,1,
7290001258668,false,גבינת עז מה 5% יעקבס 250 גרם,גבינות משק יעקבס,IL,גבינת עז מה,גרמים,250.00,100 גרם,false,0,17.50,7.00,true,1,
7290001258682,false,"יוגורט עיזים באריזה 500 מ""ל",גבינות משק יעקבס,IL,יוגורט עיזים,מיליליטרים,500.00,"100 מ""ל",false,0,15.50,3.10,true,1,
7290001258729,false,לאבנה עיזים יעקובס 250 גרם,גבינות משק יעקבס,IL,לאבנה עיזים,גרמים,250.00,100 גרם,false,0,15.90,6.36,true,1,
7290001258736,false,משולש גבינת קשקבל27%משקל,גבינות משק יעקבס,IL,גבינת קשקבל,קילוגרמים,0.00,"ק""ג",true,0,129.00,129.00,true,1,
7290001258804,false,קשקבל גבינה חצי קשה יעקבס 180 גרם,גבינות משק יעקבס,IL,גבינה קשקבל,גרמים,180.00,100 גרם,false,0,25.50,14.17,true,1,
7290001258958,false,מוצרלה מגורדת יעקבס 200 גרם,גבינות משק יעקבס,IL,מוצרלה מגורדת,גרמים,200.00,100 גרם,false,0,26.50,13.25,true,1,
7290001265642,false,"מזון חתולים מעדני פטה 1.2 ק""ג מארז 3 יחידות",קריות זול,FR,מעדני לה קט 3 יח,קילוגרמים,1.20,"ק""ג",false,0,19.90,16.58,true,1,
7290001274576,false,גלידל וניל תות 0% שומן ללא סוכר,גלידות פלדמן,IL,גלידל וניל תות,מיליליטרים,900.00,"100 מ""ל",false,0,21.90,2.43,true,1,
7290001274583,false,גלידל שוקו פקאן 0% שומן ללא סוכר,"פלקו בע""\מ, חברה ישראלית",IL,גלידל פקאן,מיליליטרים,900.00,"100 מ""ל",false,0,21.90,2.43,true,1,
7290001274934,false,"שמיניית גלידל פרי לימון ""פלדמן""",הגלידות של פלדמן,IL,גלידל פרי לימון,גרמים,640.00,100 גרם,false,0,23.90,3.73,true,1,
7290001305058,false,"פלמוליב - נטורלס תחליב רחצה חלב ודבש 500 מ""ל",הנסיך- מפעל לייצור ט,TR,סב.נוזלי פלמוליב,מיליליטרים,500.00,"100 מ""ל",false,0,15.90,3.18,true,1,
7290001305188,false,"נוזל לניקוי כלים בריח לימון פלמוליב 750 מ""ל",יבואן ומשווק: ש. שסט,GR,פלמוליב לכלים,מיליליטרים,750.00,"100 מ""ל",false,0,11.90,1.59,true,1,
7290001312995,false,בגט 280 גרם,גידרון,IL,באגט,יחידה,1.00,יחידה,false,0,4.90,4.90,true,1,
7290001327180,false,שטראוס קרמיסימו וניל ציפ 1.33 ליטר,"גלידת שטראוס בע""\מ, רחוב",IL,קרמיסימו בטעם ונ,ליטרים,1.33,ליטר,false,0,18.90,14.21,true,1,
7290001327791,false,גלידת קרמיסימו וניל עוגיות חלבי,"גלידת שטראוס בע""\מ, רחוב",IL,קרמיסימו טעם וני,ליטרים,1.33,ליטר,false,0,18.90,14.21,true,1,
7290001385166,false,סטייק שייטל ארוז א.א לקג,,IL,סטייק שייטל,קילוגרמים,0.00,"ק""ג",true,1,119.90,119.90,true,1,
7290001407547,false,טחינה גולמית משומשום מלא פי 6 בארכה 500ג',"רושדי תעשיות מזון בע""\מ",IL,טחינה שומשום מלא,גרמים,500.00,100 גרם,false,1,12.90,2.58,true,1,
7290001407769,false,טחינה גולמית שומשום מלא בארכה 500 גרם,"רושדי תעשיות מזון בע""\מ",IL,טחינה שומשום,גרמים,500.00,100 גרם,false,0,13.90,2.78,true,1,
7290001407844,false,חלבה קלאסית בטעם וניל בארכה 350 גרם,"רושדי תעשיות מזון בע""\מ",IL,חלבה וניל,גרמים,350.00,100 גרם,false,0,14.90,4.26,true,1,
7290001407936,false,בארכה-טחינה גולמית מעודנת בקבוק לחיץ 310 ג',"רושדי תעשיות מזון בע""\מ",IL,טחינה מעודנת,גרמים,310.00,100 גרם,false,1,12.90,4.16,true,1,
7290001427019,false,קשת מיץ תפוזים טבעי 500 מל,קשת מיצים טבעיים,IL,מיץ תפוזים קשת,מיליליטרים,500.00,"100 מ""ל",false,1,16.50,3.30,true,1,
7290001427033,false,מיץ תפוחים טבעי סחוט,"פריניב בע""מ",IL,מיץ סחוט תפוחים,ליטרים,1.00,ליטר,false,0,16.90,16.90,true,1,
7290001427132,false,"משקה רימון 500 מ""ל פריניב זכוכית",קשת מיצים טבעיים,IL,מיץ רימונים טבעי,מיליליטרים,500.00,"100 מ""ל",false,0,20.50,4.10,true,1,
7290001427255,false,פריניב מיץ תפוח 1 ליטר פלסטיק,קשת רמת הגולן,IL,מיץ תפוחים קשת,ליטרים,1.00,ליטר,false,0,19.90,19.90,true,1,
7290001427415,false,"משקה תפוח 250 מ""ל פריניב זכוכית",קשת מיצים טבעיים,IL,מיץ תפוח טבעי,מיליליטרים,250.00,"100 מ""ל",false,1,10.90,4.36,true,1,
7290001491010,false,תה ירוק יסמין ויסוצקי 25 יחידות,תה ויסוצקי,IL,תה ירוק יסמין,גרמים,37.00,100 גרם,false,0,24.90,67.30,true,1,
7290001491096,false,תה ירוק בתוספת לימונית ולואיזה 50 שקיקים ויסוצקי,תה ויסוצקי,IL,תה ירוק לימונית,גרמים,75.00,100 גרם,false,0,39.90,53.20,true,1,
7290001507063,false,פתיבר מקמח מלא אורגני השדה מוצרים אורגנים 200 גרם,השדה מוצרים אורגניים,IL,פתי בר אורגני,גרמים,200.00,100 גרם,false,0,7.60,3.80,true,1,
7290001507070,false,פתיבר חרובים אורגני 200 גר,השדה מוצרים אורגניים,IL,פתי בר אורגני,גרמים,200.00,100 גרם,false,0,7.60,3.80,true,1,
7290001507353,false,פתיתים אורגנים-קוסקוס500,השדה מוצרים אורגניים,IL,פתיתים אורגנים,גרמים,500.00,100 גרם,false,0,15.00,3.00,true,1,
7290001567760,false,פסטרמה של פעם יחיעם 300 גרם,מעדני יחיעם,IL,פסטרמה של פעם,גרמים,300.00,100 גרם,false,1,24.90,8.30,true,1,
7290001594025,false,"קוקה קולה זכוכית 350 מ""ל",החברה המרכזית לייצור,IL,קוקה קולה קלאסי,מיליליטרים,350.00,"100 מ""ל",false,0,7.50,2.14,true,1,
7290001594155,false,"קוקה-קולה בבקבוק אישי 500 מ""ל",החברה המרכזית לייצור משקאות,IL,קוקה קולה,מיליליטרים,500.00,"100 מ""ל",false,0,7.50,1.50,true,1,
7290001594230,false,קינלי סודה בבקבוק זכוכית,החברה המרכזית לייצור,IL,משקה סודה,מיליליטרים,250.00,"100 מ""ל",false,0,2.90,1.16,true,1,
7290001594377,false,פריגת תפוזים 0.5 ליטר חייב בפקדון,מבשלות בירה בינלאומיות ב,IL,פריגת תפוזים,מיליליטרים,500.00,"100 מ""ל",false,0,7.00,1.40,true,1,
7290001594384,false,פריגת אשכוליות 0.5 ליטר חייב בפקדון,מבשלות בירה בינלאומיות ב,IL,פריגת אשכוליות,מיליליטרים,500.00,"100 מ""ל",false,0,7.00,1.40,true,1,
7290001594391,false,"פריגת משקה קל ענבים בבקבוק אישי 500 מ""ל",מבשלות בירה בינלאומיות ב,IL,פריגת ענבים,מיליליטרים,500.00,"100 מ""ל",false,0,7.00,1.40,true,1,
7290001594575,false,"בירה טובורג רד פחית 500 מ""ל",מבשלות בירה בינלאומיות ב,IL,בירה טובורג פחית,מיליליטרים,500.00,"100 מ""ל",false,0,9.20,1.84,true,1,
7290001594810,false,"בירה שחורה מאלטי בקב' מארז 330X6מ""ל",החברה המרכזית לייצור משקאות,IL,מאלטי בקבוק 6 יח,ליטרים,1.98,ליטר,false,0,31.30,15.81,true,1,
7290001594858,false,"שישייה בירה טובורג רד בקבוק 330 מ""ל",מבשלות בירה בינלאומיות ב,IL,טובורג רד 6 יח,ליטרים,1.98,ליטר,false,0,39.90,20.15,true,1,
7290001598085,false,לחם משפחתי עם דגנים מקמח מלא,מאפיית יוסף ברון,IL,לחם קסטן משפחתי,קילוגרמים,1.10,"ק""ג",false,0,17.90,16.27,true,1,
7290001598429,false,פרנה מרוקאית חמשת 4,מאפיית יוסף ברון בעמ,IL,פרנה מרוקאית,גרמים,520.00,100 גרם,false,1,13.90,2.67,true,1,
7290001598528,false,לחם כוסמין 100% 450ג' הברון,מאפיית יוסף ברון בעמ,IL,לחם כוסמין מלא,גרמים,450.00,100 גרם,false,1,18.90,4.20,true,1,
7290001598580,false,פיתות כוסמין 6יח 99 קלוריות,מאפיית יוסף ברון בעמ,IL,פיתות כוסמין מלא,גרמים,372.00,100 גרם,false,1,17.90,4.81,true,1,
7290001641804,false,נתחי פילה סלמון טרי קג,סיבורן,NO,נתחי פילה סלמון,קילוגרמים,0.00,"ק""ג",true,1,109.90,109.90,true,1,
7290001780428,false,מאגדת גלידת לייט שוקולד נסטלה 6יח' 312ג',גלידות נסטלה )נגה גלידות,IL,מארז גלידיאט,גרמים,360.00,100 גרם,false,0,29.90,8.31,true,1,
7290001791349,false,פיסגה אקונומיקה ריחנית סנו 4 ליטר,"סנו מפעלי ברונוס בע""מ",IL,אקונומיקה פיסגה,ליטרים,4.00,ליטר,false,0,9.90,2.48,true,1,
7290001808238,false,חזה הודו טרי ארוז קג,קורניש,IL,חזה הודו טרי,קילוגרמים,0.00,"ק""ג",true,1,34.90,34.90,true,1,
7290001808269,false,כנף הודו נ.ארוז טרי קג,קורניש,IL,כנף הודו טרי,קילוגרמים,0.00,"ק""ג",true,1,17.90,17.90,true,1,
7290001817728,false,צ'יטוס אפוי כאפה בטעם קטשופ 55 גרם,"שטראוס פריטו ליי בע""\מ )",IL,צ'יטוס כפאה,גרמים,55.00,100 גרם,false,0,3.50,6.36,true,1,
7290001865453,false,פמילי לקשרי 1 ליטר לבנדר ארומטי+משאבה,מיוצר עי קונדיטוריית,TR,סבון נוזלי פמלי,ליטרים,1.00,ליטר,false,0,10.90,10.90,true,1,
7290001873441,false,המבורגר בלאק אנגוס 320 גרם,טיבון ויל אחזקות בעמ,IL,המבורגר בלק אנגו,גרמים,320.00,100 גרם,false,1,24.90,7.78,true,1,
7290001873458,false,סטייקבורגר בלאק אנגוס 320 גרם,טיבון ויל אחזקות בעמ,IL,סטייקבורגר בלאק,גרמים,320.00,100 גרם,false,1,24.90,7.78,true,1,
7290001873472,false,"קבב בלאק אנגוס 320 גרם,",טיבון ויל אחזקות בעמ,IL,קבב בלאק אנגוס,גרמים,320.00,100 גרם,false,1,24.90,7.78,true,1,
7290001873489,false,קרפצ'יו בלאק אנגוס 120 ג,טיבון ויל אחזקות בעמ,IL,קרפצ'יו בלאק אנג,גרמים,120.00,100 גרם,false,1,19.90,16.58,true,1,
7290001875308,false,חזה עוף טרי פרימיום קג,עוף עוז,IL,חזה פרימיום ע.טר,קילוגרמים,0.00,"ק""ג",true,1,39.90,39.90,true,1,
7290001875315,false,שניצל דק טרי פרימיום קג,עוף עוז,IL,שניצל דק פרימיום,קילוגרמים,0.00,"ק""ג",true,1,44.90,44.90,true,1,
7290001875322,false,פילה עוף טרי פרימיום קג,עוף עוז,IL,פילה פרמיום טרי,קילוגרמים,0.00,"ק""ג",true,1,49.90,49.90,true,1,
7290001875339,false,כנפיים עוף טרי פרימיום ק,עוף עוז,IL,כנפיים -פרמיום ט,קילוגרמים,0.00,"ק""ג",true,1,14.90,14.90,true,1,
7290001875346,false,כרעיים עוף טרי פרימיום ק,עוף עוז,IL,כרעיים פרימיום ט,קילוגרמים,0.00,"ק""ג",true,1,34.90,34.90,true,1,
7290001875353,false,שוקיים עוף טרי פרימיום ק,עוף עוז,IL,שוקיים פרמיום טר,קילוגרמים,0.00,"ק""ג",true,1,37.90,37.90,true,1,
7290001875377,false,פרגיות עוף טרי פרימיום ק,עוף עוז,IL,פרגיות פרימיום,קילוגרמים,0.00,"ק""ג",true,1,69.90,69.90,true,1,
7290001902042,false,לחם עם קימל קפוא 485 גרם,"גידרון תעשיות בע""מ",IL,לחם עם קימל,יחידה,1.00,יחידה,false,0,10.50,10.50,true,1,
7290001902134,false,לחם איטלקי 290 גרם,"גידרון תעשיות בע""מ",IL,לחם איטלקי,יחידה,1.00,יחידה,false,0,7.00,7.00,true,1,
7290001902301,false,חלה מתוקה קלועה 450 גרם,"גידרון תעשיות בע""מ",IL,חלה מתוקה קלוע,יחידה,1.00,יחידה,false,0,12.90,12.90,true,1,
7290001902318,false,חלה מתוקה קלוע+צימוקקפוא,"גידרון תעשיות בע""מ",IL,חלה מתוקה קלוע,יחידה,1.00,יחידה,false,0,12.90,12.90,true,1,
7290001902325,false,חלה קלועה שופרסל,"גידרון תעשיות בע""מ",IL,חלה קלועה שופרסל,יחידה,1.00,יחידה,false,0,12.90,12.90,true,1,
7290001902653,false,לחמניה כפרי עגול+דגנקפוא,גידרון,IL,לח.מתוקה עגולה 8,יחידה,1.00,יחידה,false,0,10.90,10.90,true,1,
7290001902677,false,לחמניה 100% קמח מלא,"גידרון תעשיות בע""מ",IL,לחמניה מקמח מלא,יחידה,1.00,יחידה,false,0,3.20,3.20,true,1,
7290001902776,false,לחמנית עם דגנים קפוא,"גידרון תעשיות בע""מ",IL,לחמנית עם דגנים,יחידה,1.00,יחידה,false,0,4.90,4.90,true,1,
7290001902783,false,לחמנית המבורגר,"גידרון תעשיות בע""מ",IL,לחמנית המבורגר,יחידה,1.00,יחידה,false,0,3.20,3.20,true,1,
7290001946121,false,פפריקה מרוקאית מתוקה תבליני ביטון 400 גרם,"דין שיווק וקלייה בע""",IL,פפריקה בשמן,גרמים,400.00,100 גרם,false,0,19.90,4.98,true,1,
7290001970133,false,פפריקה חריפה במשקל,,IL,פפריקה חריפה,קילוגרמים,0.00,"ק""ג",true,1,64.00,64.00,true,1,
7290001973233,false,"קמיל בלו מגבונים לחים סנסיטיב ד""ר פישר 120 יחידות",פישר מעבדות פרמצבטיות,IL,מגבונים +דיספנסר,יחידה,1.00,יחידה,false,0,11.90,11.90,true,1,
7290001990148,false,"סוכר גולדן קלאסי בצנצנת סוגת 1 ק""ג",האי נאם סי או אל.טי.,IL,סוכר גולדן,קילוגרמים,1.00,"ק""ג",false,0,12.90,12.90,true,1,
7290001990261,false,"סוגת חומוס 1 ק""ג","סוגת תעשיות בע""\מ",IL,חומוס,קילוגרמים,1.00,"ק""ג",false,0,14.90,14.90,true,1,
7290001990278,false,"שעועית לבנה סוגת 1 ק""ג","סוגת תעשיות בע""\מ",IL,שעועית לבנה,קילוגרמים,1.00,"ק""ג",false,0,18.90,18.90,true,1,
7290001990407,false,"סוגת עדשים ירוקים 1 ק""ג","סוגת תעשיות בע""\מ",IL,עדשים ירוקות,קילוגרמים,1.00,"ק""ג",false,0,14.90,14.90,true,1,
7290001990414,false,"עדשים אדומות סוגת 1 ק""ג","סוגת תעשיות בע""\מ",IL,עדשים אדומות,קילוגרמים,1.00,"ק""ג",false,0,14.90,14.90,true,1,
7290001990421,false,"פופקורן גרעינים סוגת 1 ק""ג","סוגת תעשיות בע""\מ",IL,"פופקורן 1 ק""ג",קילוגרמים,1.00,"ק""ג",false,0,9.80,9.80,true,1,
7290002000136,false,מגע הדבש -שעווה להסרת שיער למיקרוגל 500 גרם,"ש. שוורץ )באר שבע( בע""\מ",IL,שעוות מגע משי,גרמים,500.00,100 גרם,false,0,19.90,3.98,true,1,
7290002000266,false,שעווה מגע המשי הדבש תפוח למיקרו 500 גרם,המאפיה של הרמן,IL,שעוות מגע משי,גרמים,500.00,100 גרם,false,0,19.90,3.98,true,1,
7290002002635,false,מגע המשי שעווה לפנים 80גר,"ש. שוורץ (ב""ש) בע""מ",IL,שעווה לפנים,גרמים,80.00,100 גרם,false,0,17.80,22.25,true,1,
7290002003168,false,"שלישיית קרם ידיים קלאסי פנג'ל 80 מ""ל",אינטרקוסמא 1985 במ,IL,קרם יד.פנג'ל 3יח,מיליליטרים,240.00,"100 מ""ל",false,0,15.90,6.63,true,1,
7290002007371,false,פירורי לחם הנמל 500 ג',הנמל,IL,פירורי לחם,גרמים,500.00,100 גרם,false,0,6.90,1.38,true,1,
7290002008187,false,קשים מתקפלים לשתיה הנמל 40 יחידות,יבוא ושיווק: הנמל אריזות,CN,קשים מתקפלים,יחידה,1.00,יחידה,false,0,2.00,2.00,true,1,
7290002008224,false,סוכריות לקישוט צבעונית הנמל 100 ג',ממתקי עלה בעמ,IL,סוכריות לקישוט,גרמים,100.00,100 גרם,false,0,5.70,5.70,true,1,
7290002008309,false,עטרות נייר חום לעוגה מס' 4 הנמל 130יח',"הנמל אריזות ושיווק בע""\מ",IL,עטרות בקופסה,יחידה,1.00,יחידה,false,0,4.90,4.90,true,1,
7290002008743,false,סוכר וניל עשירייה הנמל 100 גרם,"מיוצר וארוז ע""י: ר.ס",IL,סוכר וניל 10 יח,גרמים,100.00,100 גרם,false,0,2.90,2.90,true,1,
7290002008934,false,סוכריות צבעוניות לקישוט לעוגה 200 גר,ממתקי עלה יצור שיווק,IL,סוכריות לקישוט,גרמים,200.00,100 גרם,false,0,7.80,3.90,true,1,
7290002008941,false,עוג.מרוקאיות ללא סוכר400,הנמל,IL,עוגיות ללא סוכר,גרמים,400.00,100 גרם,false,0,19.50,4.88,true,1,
7290002008989,false,קישקשים קשים לשתיה 225יח הנמל,שיווק: הנמל אריזות ושיוו,CN,קישקשים,יחידה,1.00,יחידה,false,0,7.90,7.90,true,1,
7290002013006,false,פסטרמה מקסיקנית במשקל,זוגלובק,IL,פסטרמה מקסיקנית,קילוגרמים,0.00,"ק""ג",true,0,85.00,85.00,true,1,
7290002013037,false,פסטרמה פרגית זוגלובק,זוגלובק,IL,פסטרמה פרגיות,קילוגרמים,0.00,"ק""ג",true,0,85.00,85.00,true,1,
7290002013174,false,פסטרמה של פעם זוגלוב,זוגלובק,IL,פסטרמה של פעם,קילוגרמים,0.00,"ק""ג",true,0,85.00,85.00,true,1,
7290002019114,false,רוטב עגבניות מרוכז מאד 28-30BX פריניר,פרי ניר,IL,תרכיז עגבניות,גרמים,580.00,100 גרם,false,0,7.90,1.36,true,1,
7290002019763,false,עגבניות מרוסקות פרי ניר 800 גרם,פרי ניר,IL,עגבניות מרוסקות,גרמים,800.00,100 גרם,false,0,7.90,0.99,true,1,
7290002019787,false,רוטב עגבניות מרוכז מאוד 260 גרם פריניר,פריניר ( הדס 1987) ב,IL,רוטב עגבניות,גרמים,260.00,100 גרם,false,0,3.90,1.50,true,1,
7290002019794,false,רוטב עגבניות מרוכז מאוד 100 גרם פריניר,פריניר ( הדס 1987) ב,IL,רוטב עגבניות,גרמים,100.00,100 גרם,false,0,1.90,1.90,true,1,
7290002020189,false,סופגניה מיני רגילה+ריבה,"גידרון תעשיות בע""מ",IL,סופגניה מיני,גרמים,35.00,100 גרם,false,0,3.90,11.14,true,1,
7290002020868,false,מארז בייגל רומני 3יח,גידרון,,3 ביגלה רומני,יחידה,1.00,יחידה,false,0,13.90,13.90,true,1,
7290002026341,false,צ'יפס אריסטו רגיל שקיות רשת,מוצרי איכות אמריקאיים,CA,ציפס בטטה,גרמים,500.00,100 גרם,false,12,16.90,3.38,true,1,
7290002026358,false,צ'יפס אריסטו זיג זג שקיות רשת,מוצרי איכות אמריקאיים,CA,ציפס בטטה זיג זג,גרמים,500.00,100 גרם,false,1,16.90,3.38,true,1,
7290002026365,false,טבעות בצל אריסטו קראנץ' 500 גרם,מוצרי איכות אמריקאיים,BE,טבעות בצל,גרמים,500.00,100 גרם,false,20,9.90,1.98,true,1,
7290002026440,false,פרצלס בייגלה בראנץ אנד קראנץ 280 ג',מוצרי איכות אמריקאיים בע,IL,פרצלס קפוא 280גר,גרמים,280.00,100 גרם,false,0,10.90,3.89,true,1,
7290002026587,false,וופל בלגי פרווה בראנץ אנד קראנץ 8 יח',בראנץ' אנד קראנץ Brunch& Crunch,BE,וופל בלגי חם,גרמים,280.00,100 גרם,false,1,14.90,5.32,true,1,
7290002037040,false,חלה קלה פרוסה 500 גרם,מאפית י את א ברמן בע,IL,חלה פלוס ודש,גרמים,500.00,100 גרם,false,0,14.50,2.90,true,1,
7290002037125,false,חלה פרוסה וודש 500 גרם,מאפית י את א ברמן בע,IL,חלה פרוסה,גרמים,500.00,100 גרם,false,0,9.90,1.98,true,1,
7290002037569,false,לחמניות באניס 6יח75X'גרם,מאפית ברמן,IL,לחמניות באניס,גרמים,450.00,100 גרם,false,0,12.90,2.87,true,1,
7290002037637,false,חליות מתוקות מארז 4יח',מאפית י את א ברמן בע,IL,חליות מתוקות 4יח,גרמים,350.00,100 גרם,false,0,12.50,3.57,true,1,
7290002040019,false,קוסקוס רגיל הנמל 350 גרם,"קוסקוס מזון בע""מ",IL,קוסקוס רגיל,גרמים,350.00,100 גרם,false,0,5.50,1.57,true,1,
7290002040064,false,קוסקוס דק הנמל 350 גרם,טרופיקל דגיל תעשיות,IL,קוסקוס דק,גרמים,350.00,100 גרם,false,0,5.50,1.57,true,1,
7290002040071,false,קוסקוס עבה שקית 350 גרם הנמל,"קוסקוס מזון בע""מ",IL,קוסקוס עבה,גרמים,350.00,100 גרם,false,0,5.50,1.57,true,1,
7290002040088,false,קוסקוס מלא הנמל 350 גרם,"קוסקוס מזון בע""מ",IL,קוסקוס מלא,גרמים,350.00,100 גרם,false,0,6.50,1.86,true,1,
7290002043065,false,אקסטרה פריכיות אורז חום מלא בציפוי שוקולד מריר 70 גרם,נוהלס ג'\י אס סי.,BG,פריכונים מצופים,גרמים,70.00,100 גרם,false,1,8.90,12.71,true,1,
7290002043072,false,אקסטרה פריכיות אורז חום מלא בציפוי שוקולד חלב 70 גרם,נוהלס ג'\י אס סי.,BG,פריכונים מצופים,גרמים,70.00,100 גרם,false,1,8.90,12.71,true,1,
7290002043188,false,אקסטרה צ'יפס אורז חום מלא צ'ילי חריף 60 גרם,נוהלס ג'\י אס סי.,BG,צ'יפס אורז מלא,גרמים,60.00,100 גרם,false,1,6.90,11.50,true,1,
7290002043218,false,אקסטרה צ'יפס אורז חום מלא מלח 60 גרם,נוהלס ג'\י אס סי.,BG,צ'יפס אורז מלא,גרמים,60.00,100 גרם,false,1,6.90,11.50,true,1,
7290002043225,false,אקסטרה צ'יפס אורז חום מלא פפריקה 60 גרם,נוהלס ג'\י אס סי.,BG,צ'יפס אורז מלא,גרמים,60.00,100 גרם,false,1,6.90,11.50,true,1,
7290002043348,false,ציפס אורז חום מלא צי'ה וקינואה אקסטרא 60 ג',נוהלס ג'\י אס סי.,BG,צ'יפס אורז מלא,גרמים,60.00,100 גרם,false,1,7.90,13.17,true,1,
7290002043379,false,אקסטרה צ'יפס אורז חום מלא עדשים שחורות 60 גרם,נוהלס ג'\י אס סי.,BG,צ'יפס אורז מלא,גרמים,60.00,100 גרם,false,1,7.90,13.17,true,1,
7290002043591,false,אקסטרה צ'יפס אורז חום מלא פפריקה 120 גרם,נוהלס ג'\י אס סי.,BG,צ'יפס אורז מלא,גרמים,120.00,100 גרם,false,1,11.90,9.92,true,1,
7290002043782,false,אקסטרה צ'יפס אורז חום מלא טקסס ברביקיו 60 גרם,נוהלס ג'\י אס סי.,BG,צ'יפס אורז מלא,גרמים,60.00,100 גרם,false,1,6.90,11.50,true,1,
7290002053095,false,אטריות ביצים דקות מספר 10 אוריינט 200 גרם,פ.פ.ח טאביט,PL,אטריות ביצים,גרמים,200.00,100 גרם,false,0,7.90,3.95,true,1,
7290002053538,false,נודלס בסגנון תאילנדי 25 תוספת אוריינטל 500 גרם,פ.פ.ח. טאביה ספ זאו.או,PL,נודלס ביצים,גרמים,500.00,100 גרם,false,1,13.90,2.78,true,1,
7290002057031,false,זיתים מבוקעים פיקנטי קבוצת יבנה 340 גרם,קבוצת יבנה,IL,זיתים מבוקע פיקנ,גרמים,540.00,100 גרם,false,0,8.90,1.65,true,1,
7290002057048,false,זית סורי מתובל בשמן קבוצת יבנה 560 גרם,קבוצת יבנה,IL,זית סורי מבוקע,גרמים,540.00,100 גרם,false,0,11.50,2.13,true,1,
7290002057093,false,זיתים מנזנילו גדול קבוצת יבנה 340 גרם,קבוצת יבנה,IL,זית מנזנילו יר,גרמים,540.00,100 גרם,false,0,8.90,1.65,true,1,
7290002057109,false,זיתים יבנה ירוקים גדולים מאוד שום מנזלינ,קבוצת יבנה,IL,זית מנזנילו,גרמים,540.00,100 גרם,false,0,9.90,1.83,true,1,
7290002057123,false,זיתים ירוקים מנזנילו קבוצת יבנה 560 גרם,קבוצת יבנה,IL,זית חרוזית,גרמים,540.00,100 גרם,false,0,9.60,1.78,true,1,
7290002057161,false,זיתים מרינט ביין גדול מאד קבוצת יבנה 340 גרם,קבוצת יבנה,IL,זית חתוך במרינד,גרמים,540.00,100 גרם,false,0,9.60,1.78,true,1,
7290002057185,false,טבעות זיתים ירוקים קבוצת יבנה 560 גרם,קבוצת יבנה,IL,טבעות זיתים,גרמים,540.00,100 גרם,false,0,9.90,1.83,true,1,
7290002057352,false,מלפפונים במלח ‏9‏-‏7‏ קבוצת יבנה 320 גרם,קבוצת יבנה מוצרי מזון,IL,מלפפון במלח 7-9,גרמים,540.00,100 גרם,false,0,6.90,1.28,true,1,
7290002057369,false,מלפפונים במלח ‏12‏-‏10‏ קבוצת יבנה 320 גרם,קבוצת יבנה,IL,מלפפונים במלח,גרמים,540.00,100 גרם,false,0,7.90,1.46,true,1,
7290002057376,false,מלפפונים במלח ‏17‏-‏13‏ קבוצת יבנה 320 גרם,קבוצת יבנה,IL,מלפפונים במלח,גרמים,540.00,100 גרם,false,0,9.90,1.83,true,1,
7290002057383,false,מלפפון יבנה במלח קטנים מאוד 18-25 320 גר יבנה,קבוצת יבנה,IL,מלפפונים במלח,גרמים,540.00,100 גרם,false,0,12.90,2.39,true,1,
7290002057451,false,מלפפונים בחומץ ‏9‏-‏7 קבוצת יבנה 290 גרם,קבוצת יבנה מוצרי מזון,IL,מלפפונים בחומץ,גרמים,540.00,100 גרם,false,0,6.90,1.28,true,1,
7290002057468,false,מלפפון יבנה בחומץ בינוניים 10-12 290 גרם,קבוצת יבנה,IL,מלפפון בחומץ,גרמים,540.00,100 גרם,false,0,7.90,1.46,true,1,
7290002057475,false,מלפפונים בחומץ ‏17‏-‏13 קבוצת יבנה 290 גרם,קבוצת יבנה,IL,מלפפונים בחומץ,גרמים,540.00,100 גרם,false,0,9.90,1.83,true,1,
7290002057482,false,מלפפונים קטנים בחומץ קבוצת יבנה 560 גרם,קבוצת יבנה,IL,מלפפונים בחומץ,גרמים,540.00,100 גרם,false,0,12.90,2.39,true,1,
7290002057604,false,פלפל חריף שיפקה קבוצת יבנה 225 גרם.,קבוצת יבנה,IL,פלפל חריף שיפקה,גרמים,540.00,100 גרם,false,0,6.30,1.17,true,1,
7290002057628,false,טבעות זיתים מושחר קבוצת יבנה 275 גרם,קבוצת יבנה,IL,טבעות זיתים,גרמים,540.00,100 גרם,false,0,9.90,1.83,true,1,
7290002065555,false,שישיית לחמנייה הכי רכה בהפסקה אנג'ל 450 גרם,מאפיית שלמה א. אנג'\ל בע,IL,6 לחמניות בשקית,גרמים,450.00,100 גרם,false,0,11.90,2.64,true,1,
7290002065616,false,לחם שיפון גרעינים פרוס אחדות 750 גרם,מאפיית שלמה א. אנג'\ל בע,IL,לחם שיפון,גרמים,750.00,100 גרם,false,0,13.90,1.85,true,1,
7290002065623,false,לחם שיפון של פעם כפרי פרוס אורנים 750 גרם,מאפיית שלמה א. אנג'\ל בע,IL,לחם שיפון כפרי,גרמים,750.00,100 גרם,false,0,13.90,1.85,true,1,
7290002107743,false,צפתית מעודנת5%משק צוריאל,מחלבת משק צוריאל,IL,גבינה צפתית 5%,קילוגרמים,0.00,"ק""ג",true,0,49.00,49.00,true,1,
7290002109372,false,בורקס פילו אצבעות בולגרי 700 ג' שלושת האופים,שלושת האופים שגמור,IL,בורקס פילו גבינה,גרמים,700.00,100 גרם,false,0,21.90,3.13,true,1,
7290002129479,false,פיצה איטלקית דקה 320 ג' שלושת האופים,האי נאם סי או אל.טי.,IT,פיצה איטלקית דקה,גרמים,320.00,100 גרם,false,1,14.90,4.66,true,1,
7290002130574,false,דבש טהור מפרחי בר בזכוכית 500 ג' יד מרדכי,מכוורת יד מרדכי שטראוס ב,IL,דבש מפרחי בר,גרמים,500.00,100 גרם,false,0,24.70,4.94,true,1,
7290002130581,false,"דבש טהור מפרחי בר בזכוכית 1 ק""ג",מכוורת יד מרדכי שטראוס ב,IL,דבש טהור,קילוגרמים,1.00,"ק""ג",false,0,42.90,42.90,true,1,
7290002132011,false,עוגיות מזרחיות מלוחות עבאדי 400 גרם,מאפיית יוסף ושמחה עבאדי,IL,עוגיות מזרחיות,גרמים,400.00,100 גרם,false,0,18.90,4.73,true,1,
7290002133070,false,גב.קשקבל טורקי צאן22%משק,"מחלבת השומרון בע""מ",IL,גבינת קשקבל,קילוגרמים,0.00,"ק""ג",true,0,119.00,119.00,true,1,
7290002133087,false,גבינה בולגרית צאן20%משקל,מחלבת השומרון בעמ,,גב. בולגרית צאן,גרמים,0.00,"ק""ג",true,0,87.00,87.00,true,1,
7290002133094,false,גבינת ברינזה צאן במש,"מחלבת השומרון בע""מ",IL,גבינה ברינזה צאן,קילוגרמים,0.00,"ק""ג",true,0,80.00,80.00,true,1,
7290002133131,false,גבינה ריקוטה 5% 250 גרם,מחלבת השומרון,IL,גבינה ריקוטה 5%,גרמים,250.00,100 גרם,false,0,13.50,5.40,true,1,
7290002133148,false,צפתית רכה שומרון במש,"מחלבת השומרון בע""מ",IL,גבינה צפתית קצח,קילוגרמים,0.00,"ק""ג",true,0,58.00,58.00,true,1,
7290002133162,false,גבינה בולגרית 5% גבינות השומרון 250 גרם,מחלבת השומרון,IL,גבינה בולגרית 5%,גרמים,250.00,100 גרם,false,0,18.90,7.56,true,1,
7290002133247,false,לאבנה עם שמן זית וזעתר 5% גבינות השומרון 250 גרם,מחלבת השומרון,IL,לבנה עם זעתר,גרמים,250.00,100 גרם,false,0,12.90,5.16,true,1,
7290002133506,false,יוגורט של פעם חלב עיזים 4% גבינות השומרון 400 גרם,מחלבת השומרון,IL,יוגורט של פעם,גרמים,400.00,100 גרם,false,0,12.00,3.00,true,1,
7290002133520,false,יוגורט של פעם 3% גבינות השומרון 400 גרם,מחלבת השומרון,IL,יוגורט של פעם,גרמים,400.00,100 גרם,false,0,9.90,2.48,true,1,
7290002133537,false,יוגורט של פעם חלב עיזים 4% גבינות השומרון 180 גרם,מחלבת השומרון,IL,יוגורט של פעם,גרמים,180.00,100 גרם,false,0,6.00,3.33,true,1,
7290002133551,false,גבינת לאבנה עם שמן זית וזעתר 5% השומרון 500 גרם,מחלבת השומרון,IL,לבנה בשמן זית,גרמים,500.00,100 גרם,false,0,18.70,3.74,true,1,
7290002133575,false,יוגורט של פעם חלב כבשים 5% גבינות השומרון 400 גרם,מחלבת השומרון,IL,יוגורט של פעם,גרמים,400.00,100 גרם,false,0,12.10,3.03,true,1,
7290002133612,false,"יוגורט יווני אותנטי 8% גבינות השומרון 180 מ""ל",מחלבת השומרון,IL,יוגורט יווני 8%,גרמים,180.00,100 גרם,false,0,5.70,3.17,true,1,
7290002133889,false,גבינה בולגרית מעודנת 5% 250 גרם,מחלבת השומרון,IL,גבינה בולגרית 5%,גרמים,250.00,100 גרם,false,0,19.90,7.96,true,1,
7290002157830,false,קוביות גולש עגל קפוא טיבון ויל 800 גרם,טיבון ויל - נטו,IL,קוביות גולש עגל,גרמים,800.00,100 גרם,false,1,34.90,4.36,true,1,
7290002196990,false,טחינה מלא אורג.אתיופי700,"משק דבורים לין בע""\מ",IL,טחינה מלאה,גרמים,700.00,100 גרם,false,0,37.90,5.42,true,1,
7290002204169,false,מארז רביעיית נאשי,ביכורי שדה דרום,IL,מארז רביעיית נאש,קילוגרמים,0.00,"ק""ג",true,1,15.90,15.90,true,1,
7290002208181,false,גבינת תום כבשים*שקיל,נטו,IL,גבינת תום כבשים,קילוגרמים,0.00,"ק""ג",true,0,139.00,139.00,true,1,
7290002253006,false,שום כתוש דורות בצנצנת 200 גרם,עיצובים 2020 (3.8),IL,שום טרי כתוש,גרמים,200.00,100 גרם,false,0,16.90,8.45,true,1,
7290002253105,false,קוביות שום כתוש טרי דורות 80 גרם,עיצובים 2020 (3.8),IL,שום כתוש קפוא,גרמים,80.00,100 גרם,false,0,12.90,16.13,true,1,
7290002253167,false,דורות פטרוזיליה קצוצה 70 גרם,עיצובים 2020 (3.8),IL,דורותפטרוזיליה,גרמים,70.00,100 גרם,false,0,10.40,14.86,true,1,
7290002253181,false,קוביות כוסברה קצוצה דורות 70 גרם,עיצובים 2020 (3.8),IL,דורות כוסברה,גרמים,70.00,100 גרם,false,0,10.40,14.86,true,1,
7290002253235,false,דורות רוטב פסטו 160 גרם,עיצובים 2020 (3.8),IL,דורות רוטב פסטו,גרמים,160.00,100 גרם,false,16,11.90,7.44,true,1,
7290002253259,false,דורות רוטב עגבניות בזיליקום 160 גרם,עיצובים 2020 (3.8),IL,דורות רוטב עגבני,גרמים,160.00,100 גרם,false,16,11.90,7.44,true,1,
7290002253310,false,דורות שום צילי חריף קוביות תערובת 80 גר,עיצובים 2020 (3.8),IL,דורות שום חריף,גרמים,80.00,100 גרם,false,1,12.90,16.13,true,1,
7290002253495,false,קוביות תבל לטחינה ביתית וזעתר דורות 70גר,עיצובים 2020 (3.8),IL,דורות תיבול טחינ,גרמים,70.00,100 גרם,false,1,10.40,14.86,true,1,
7290002263586,false,"LEMON TREE מיץ לימון משומר 500 מ""ל",,IT,מיץ לימון,מיליליטרים,500.00,"100 מ""ל",false,1,11.90,2.38,true,1,
7290002263661,false,מיץ לימון 250מל 100% אחוז טבעי,,IT,מיץ לימון,מיליליטרים,250.00,"100 מ""ל",false,1,7.90,3.16,true,1,
7290002281382,false,נתח סלמון נורווגי 100 % דלידג,דלידג,IL,נתח סלמון פילה,קילוגרמים,0.00,"ק""ג",true,1,89.90,89.90,true,1,
7290002281429,false,סטייק טונה אדומה מעובד ק,בון צון פישארי,VN,סטייק טונה אדומה,קילוגרמים,0.00,"ק""ג",true,1,59.90,59.90,true,1,
7290002281443,false,סטייק דג טונה עם עור קג,בון צון פישארי,VN,סטייק דג טונה עם,קילוגרמים,0.00,"ק""ג",true,1,39.90,39.90,true,1,
7290002304203,false,קונפיטורה ביתית תות לייט 600 גר,ענבי ציון,IL,קונפיטורה תות,גרמים,600.00,100 גרם,false,0,24.60,4.10,true,1,
7290002317654,false,זיתים ירוקים בצנצנת 700 ג' מוטולה,שימורי מוטולה בעמ,IL,זיתים ירוקים,גרמים,700.00,100 גרם,false,1,10.90,1.56,true,1,
7290002317661,false,מנז צנצנת גדולה מוטולה,שימורי מוטולה בעמ,IL,זיתים ירוקים,גרמים,560.00,100 גרם,false,1,9.90,1.77,true,1,
7290002317678,false,חרוזית צנצנת זיתים 560 ג' מוטולה,שימורי מוטולה בעמ,IL,זיתים נטול גלעין,גרמים,560.00,100 גרם,false,1,9.90,1.77,true,1,
7290002317746,false,זיתים שחורים גדול גרם560,שימורי מוטולה בעמ,IL,זיתים שחורים,גרמים,560.00,100 גרם,false,1,9.90,1.77,true,1,
7290002317814,false,חצילים מוחמצים צנצנת700ג,שימורי מוטולה בעמ,IL,חצילים מוחמצים,גרמים,700.00,100 גרם,false,1,9.50,1.36,true,1,
7290002320463,false,מעדן תות שדה 100% פרי ל.ת.סוכר בית יצחק 284ג',בית יצחק,IL,מעדן תות שדה,גרמים,284.00,100 גרם,false,0,15.90,5.60,true,1,
7290002327028,false,ג'חנון תימני 3 האופים 650 גר',TLV צ'יף,IL,ג'חנון 650 גרם,גרמים,650.00,100 גרם,false,0,19.90,3.06,true,1,
7290002327042,false,"בורקס תפו""א 800 גר' שלושת האופים קהילות",שלושת האופים,IL,"בורקס תפו""א",גרמים,800.00,100 גרם,false,0,21.90,2.74,true,1,
7290002327059,false,"בצק עלים 1 ק""ג שלושת האופים קהילות",שלושת האופים,IL,בצק עלים מרודד,קילוגרמים,1.00,"ק""ג",false,0,21.90,21.90,true,1,
7290002331360,false,"נביעות מים מינרליים טו גו מארז 500X6מ""ל",נביעות טבע,IL,נביעות ספורט 6יח,ליטרים,3.00,ליטר,false,0,15.90,5.30,true,1,
7290002331483,false,"שישיית נביעות אישי בייבי 320 מ""ל",נביעות טבע הגליל בעמ,IL,נביעות בייבי 6יח,ליטרים,1.92,ליטר,false,0,13.90,7.24,true,1,
7290002331490,false,מים מינרליים נביעות 1 ליטר,נביעות טבע הגליל בעמ,IL,מים נביעות,ליטרים,1.00,ליטר,false,0,3.30,3.30,true,1,
7290002333098,false,חומוס גרגירים אורגני 500 גרם - הרדוף,אול אורגני,IL,חומוס אורגני,גרמים,500.00,100 גרם,false,0,12.90,2.58,true,1,
7290002333500,false,עדשים אדומות אורגני 500 גרם - הרדוף,אול אורגני,IL,עדשים אורגני,גרמים,500.00,100 גרם,false,0,11.90,2.38,true,1,
7290002333678,false,שומשום מלא אורגני הרדוף 300 גרם,אול אורגני,IL,שומשום מלא אורגנ,גרמים,300.00,100 גרם,false,0,12.90,4.30,true,1,
7290002333692,false,דוחן אורגני הרדוף 500 גרם,אול אורגני,IL,דוחן אורגני,גרמים,500.00,100 גרם,false,0,9.90,1.98,true,1,
7290002333838,false,כוסמת אורגנית ירוקה 500 גרם - הרדוף,אול אורגני,IL,כוסמת אורגנית,גרמים,500.00,100 גרם,false,0,10.90,2.18,true,1,
7290002333968,false,עדשים צהובות חצויות אורגני 500 גר,אול אורגני,IL,עדשים אורגנים,גרמים,500.00,100 גרם,false,1,14.50,2.90,true,1,
7290002333982,false,שעועית לבנה אורגנית הרדוף 500 גרם,אול אורגני,IL,שעועית אורגנית,גרמים,500.00,100 גרם,false,0,10.90,2.18,true,1,
7290002345015,false,סינטה דק דק אל גאוצ'ו 250ג' מינוט,"טיבון ויל אחזקות בע""\מ",IL,סינטה דק דק,גרמים,250.00,100 גרם,false,1,27.90,11.16,true,1,
7290002345022,false,אנטריקוט דק דק מינוט סטייק אל גאוצ'ו 250 גרם,"טיבון ויל אחזקות בע""\מ",IL,אנטריקוט דק דק,גרמים,250.00,100 גרם,false,1,24.90,9.96,true,1,
7290002345060,false,גב.מאסדם הולנדי 29% משקל,סר קאשנדל בי.וי,NL,גבינת מאסדם,קילוגרמים,0.00,"ק""ג",true,1,85.00,85.00,true,1,
7290002345077,false,שניצל בקר מינוט אל גאוצ'ו קפוא 250 גר,"טיבון ויל אחזקות בע""\מ",IL,שניצל בקר דקדק,גרמים,250.00,100 גרם,false,1,19.90,7.96,true,1,
7290002345121,false,אסאדו דקדק אל גאוצ'ו 250 גרם,"טיבון ויל אחזקות בע""\מ",IL,אסאדו דקדק,גרמים,250.00,100 גרם,false,1,25.90,10.36,true,1,
7290002345282,false,נתחי פילה סלמון קפוא דלידג,דלידג,IL,נתחי פילה סלמון,קילוגרמים,0.00,"ק""ג",true,1,89.90,89.90,true,1,
7290002345435,false,פילה מרלוזה ארגנטינאיתקפ,דלידג - נטו,IL,פילה מרלוזה קפוא,קילוגרמים,0.00,"ק""ג",true,1,29.90,29.90,true,1,
7290002353836,false,סרדינים רוברט בשמן זית 115 גרם,קונסרבס פורטוגל נורטה,PT,סרדינים בשמן זית,גרמים,115.00,100 גרם,false,0,8.90,7.74,true,1,
7290002360124,false,חליטת צמחים ורד הבר והיביסקוס פומפדור 20 יחידות,TEEKANNE- POMPADOU,DE,חליטת ורד הבר,גרמים,70.00,100 גרם,false,0,12.90,18.43,true,1,
7290002360155,false,חליטת תה פרחי שומר פומפדור 20 שקיקים,TEEKANNE- POMPADOU,DE,חליטת שומר,גרמים,40.00,100 גרם,false,0,12.90,32.25,true,1,
7290002360278,false,חליטת צמחים פומפדור מנטה 20 יחידות,"איטיליאן פוד, אס.פי.",DE,חליטת מנטה,גרמים,45.00,100 גרם,false,0,12.90,28.67,true,1,
7290002360285,false,חליטת צמחים פומפדור קמומיל 20 יחידות,TEEKANNE- POMPADOU,DE,חליטת קמומיל,גרמים,30.00,100 גרם,false,0,12.90,43.00,true,1,
7290002370123,false,גבינת עיזים רכה 29% משקל,היחוס דה סאלבאדור,ES,גבינת עיזים,קילוגרמים,0.00,"ק""ג",true,1,129.00,129.00,true,1,
7290002370420,false,גבינת גאודה מהולנד 30% שומן שקיל (גלגל),איוויאן,NL,גאודה הולנדית,קילוגרמים,0.00,"ק""ג",true,1,109.00,109.00,true,1,
7290002370475,false,גבינת דנהבלו בשלה31%משקל,קסריאס,ES,גבינה כחולה,קילוגרמים,0.00,"ק""ג",true,1,99.00,99.00,true,1,
7290002370673,false,שערות גבינה 22% במשקל,,TR,שערות גבינה,קילוגרמים,0.00,"ק""ג",true,1,99.00,99.00,true,1,
7290002370741,false,גבינה מלוחה עיזים19%משקל,,NL,גבינה מלוח עיזים,קילוגרמים,0.00,"ק""ג",true,1,79.00,79.00,true,1,
7290002370789,false,גבינת כבשים עם פטריות כמהין במשקל 36% שו,אל פסטור,ES,גבינ.כבשים+כמהין,קילוגרמים,0.00,"ק""ג",true,1,220.00,220.00,true,1,
7290002371403,false,טירת צבי מארז זוגות 600 ג',טיב טירת צבי 2000,IL,פסטרמה+נקניק,גרמים,600.00,100 גרם,false,0,28.40,4.73,true,1,
7290002371533,false,דקניקים סלסולי פסטרמה דבש טירת צבי 120 גרם,הנסיך- מפעל לייצור ט,IL,סלסולי פסטרמה,גרמים,120.00,100 גרם,false,0,14.90,12.42,true,1,
7290002371540,false,דקניקים קורנדביף ללא גלוטן טירת צבי 120 גרם,הנסיך- מפעל לייצור ט,IL,קורנדביף,גרמים,120.00,100 גרם,false,0,14.90,12.42,true,1,
7290002371571,false,פסטרמה פרגיות לבאגט במשקלטירת צבי,טירת- צבי,IL,פסטרמה פרגיות,קילוגרמים,0.00,"ק""ג",true,0,85.00,85.00,true,1,
7290002371854,false,נקניקיות עוף חריפות טירת צבי 2 * 500 גרם,הנסיך- מפעל לייצור ט,IL,נקניקיות עוף,קילוגרמים,1.00,"ק""ג",false,0,24.90,24.90,true,1,
7290002374312,false,"שמן קנולה מילומור 1 ל' עד""ח","נארז ע""י : א.ג. גילר",EE,שמן קנולה 1 לי,ליטרים,1.00,ליטר,false,0,10.90,10.90,true,1,
7290002385455,false,בולגרית מעודנת 24% במשקל,מחלבות גד,IL,בולגרית מעודנת,קילוגרמים,0.00,"ק""ג",true,1,59.00,59.00,true,1,
7290002385738,false,גד סדרת דליקטס מנצ'גו 34% במשקל,מחלבות גד,,מנצ'גו משולש,קילוגרמים,0.00,"ק""ג",true,0,137.00,137.00,true,1,
7290002385745,false,גבינת פיקורינו משולשים גד,מחלבות גד,,פקורינו משולש,קילוגרמים,0.00,"ק""ג",true,0,137.00,137.00,true,1,
7290002410010,false,שניצל עגל וינאי בואק,מעדני הטלה,,שניצל עגל וינאי,קילוגרמים,0.00,"ק""ג",true,0,59.90,59.90,true,1,
7290002410348,false,"רוסטביף עגל ברשת קפוא ק""",מעדני הטלה,IL,רוסטביף עגל,קילוגרמים,0.00,"ק""ג",true,0,59.90,59.90,true,1,
7290002410713,false,קישקע ממולא קפוא 500גרם,לאטי עזרא גלם ודגים,IL,קישקע ממולא,גרמים,500.00,100 גרם,false,0,11.90,2.38,true,1,
7290002439905,false,אנטריקוט טרי חלק אנגוס,פניסקו,AR,אנטריקוט טרי,קילוגרמים,0.00,"ק""ג",true,1,159.90,159.90,true,1,
7290002439981,false,קלאסיקו קבב בקר אל גאוצ'ו,"טיבון ויל אחזקות בע""\מ",IL,קלאסיקו קבב,גרמים,400.00,100 גרם,false,1,23.90,5.98,true,1,
7290002472117,false,פס קצפת קפוצ'ינו 600 גרם,"גידרון תעשיות בע""מ",IL,עוגת פס קפוצ'ינו,גרמים,600.00,100 גרם,false,0,42.90,7.15,true,1,
7290002472186,false,עוגת מאפין שוקו צ'יפס550,"גידרון תעשיות בע""מ",IL,מאפין שוקוצ'יפס,יחידה,1.00,יחידה,false,0,21.50,21.50,true,1,
7290002472254,false,עוגת מאפין אגוזים 550גרם,"גידרון תעשיות בע""מ",IL,מאפין אגוזים,יחידה,1.00,יחידה,false,0,21.50,21.50,true,1,
7290002472629,false,עוגת שמרים ושוקולד,"גידרון תעשיות בע""מ",IL,עוג.שמרים שוקולד,גרמים,460.00,100 גרם,false,0,24.50,5.33,true,1,
7290002472636,false,עוגת שמרים תפוח עץ,"גידרון תעשיות בע""מ",IL,"עוגת שמרים תפו""ע",גרמים,460.00,100 גרם,false,0,24.50,5.33,true,1,
7290002472667,false,עוגת שמרים גבינה 460ג,"גידרון תעשיות בע""מ",IL,עוגת שמרים גבינה,גרמים,460.00,100 גרם,false,0,26.50,5.76,true,1,
7290002472759,false,עוגת מאפין עם דבש,,IL,מאפין עם דבש,גרמים,450.00,100 גרם,false,0,21.90,4.87,true,1,
7290002472841,false,עוגת סבתא שוקולד 850 גרם,"גידרון תעשיות בע""מ",IL,עוגת סבתא שוקו,גרמים,730.00,100 גרם,false,0,27.90,3.82,true,1,
7290002507284,false,שניצל נסיכה מטוגן קפוא 700 גרם,האי נאם סי או אל.טי.,IL,שניצל דג 700 גרם,גרמים,700.00,100 גרם,false,1,24.90,3.56,true,1,
7290002507383,false,גבינה בולגרית 5% במש,מחלבות בכר,IL,גבינה בולגרית 5%,קילוגרמים,0.00,"ק""ג",true,1,75.00,75.00,true,1,
7290002507604,false,פיצה שגב השף מאיטליה 350 גרם,האי נאם סי או אל.טי.,IT,פיצה השף שגב,גרמים,320.00,100 גרם,false,1,19.90,6.22,true,1,
7290002511229,false,בולגרית מעודנת 16% במשקל,"מחלבת המושבה בע""מ",IL,בולגרית מעודנת,קילוגרמים,0.00,"ק""ג",true,0,50.00,50.00,true,1,
7290002511236,false,בולגרית מעודנת5% במשקל,"מחלבת המושבה בע""מ",IL,בולגרית מעודנת5%,קילוגרמים,0.00,"ק""ג",true,0,50.00,50.00,true,1,
7290002511427,false,אצבעות שוקולד וניל במשקל,"מחלבת המושבה בע""מ",IL,אצבעות שוקולד,קילוגרמים,0.00,"ק""ג",true,0,70.00,70.00,true,1,
7290002515333,false,"ד""ר פישר - קמיל בלו סנסיטיב אל סבון עדין לתינוק 500 מ""ל",פישר מעבדות פרמצבטיות בע,IL,אלסבון קמיל בלו,מיליליטרים,500.00,"100 מ""ל",false,0,17.90,3.58,true,1,
7290002515371,false,"קמיל בלו אל סבון לתינוקות ד""ר פישר 1 ליטר",פישר מעבדות פרמצבטיות בע,IL,קמיל בלו לתינוק,ליטרים,1.00,ליטר,false,0,26.10,26.10,true,1,
7290002517337,false,אורגנו עלים 20 גר' טעם וריח,"תבליני טעם וריח בע""מ",IL,אורגנו עלים,גרמים,20.00,100 גרם,false,0,6.00,30.00,true,1,
7290002517375,false,בזילקום עלים 30 גר' טעם וריח,"תבליני טעם וריח בע""מ",IL,בזיליקום,גרמים,30.00,100 גרם,false,0,6.00,20.00,true,1,
7290002517580,false,"תערובת תיבול לעוף 80 גרם ""טעם וריח""",תבליני טעם וריח,IL,תיבול לעוף,גרמים,80.00,100 גרם,false,0,9.50,11.88,true,1,
7290002517733,false,תבלין קצח טעם וריח 4,תבליני טעם וריח,IL,קצח,גרמים,40.00,100 גרם,false,0,7.00,17.50,true,1,
7290002517825,false,"פלפל לבן טחון 40 גרם ""טעם וריח""","תבליני טעם וריח בע""מ",IL,פלפל לבן,גרמים,40.00,100 גרם,false,0,9.90,24.75,true,1,
7290002517863,false,תבלין ציפורן טחון 80ג',"תבליני טעם וריח בע""מ",IL,ציפורן טחון,גרמים,40.00,100 גרם,false,0,9.90,24.75,true,1,
7290002542780,false,"שישייה בירה סטלה ארטואה בקבוק 330X6 מ""ל","אינבב, ברוורייפליין",BE,סטלה ארטואה 6 יח,ליטרים,1.98,ליטר,false,1,29.90,15.10,true,1,
7290002542810,false,"בירה הוגרדן בקבוק 330 מ""ל","אינבב, ברוורייפליין",BE,בירה הוגרדן,מיליליטרים,330.00,"100 מ""ל",false,1,9.90,3.00,true,1,
7290002542841,false,"שישייה בירה לף בלונד בקבוק 330X6 מ""ל","אינבב, ברוורייפליין",BE,בירה לף בלונד6יח,ליטרים,1.98,ליטר,false,1,44.90,22.67,true,1,
7290002542865,false,"שישייה בירה הוגרדן בקבוק 330X6 מ""ל","אינבב, ברוורייפליין",BE,בירה הוגרדן 6 יח,ליטרים,1.98,ליטר,false,1,44.90,22.67,true,1,
7290002543046,false,דגני בוקר קלוגס פרוסטיס 750 גרם,קלוג מנייופרטורינג א,ES,פרוסטיס 750 גרם,גרמים,750.00,100 גרם,false,0,17.90,2.39,true,1,
7290002543237,false,דגני בוקר קלוגס קורנפלקס 750 גרם,קלוגס קומפני אוף גרייט ב,GB,קורנפלקס קלוגס,גרמים,750.00,100 גרם,false,0,14.90,1.99,true,1,
7290002544203,false,ממרח פסטו מוטי שף 180גרם,,IL,ממרח פסטו,גרמים,180.00,100 גרם,false,0,21.30,11.83,true,1,
7290002544234,false,ממרח עגבניות מיובשות 190 גרם,,IL,ממרח עגבניות,גרמים,180.00,100 גרם,false,0,21.30,11.83,true,1,
7290002551003,false,סטארקיסט טונה בשמן בודד 160ג',סטאר קיסט,IL,טונה סטארקיסט,גרמים,160.00,100 גרם,false,0,7.40,4.63,true,1,
7290002551010,false,סטארקיסט טונה במים 160גרם-בי,"סטארקיסט פודור בע""מ",TR,טונה סטארקיסט,גרמים,160.00,100 גרם,false,0,7.40,4.63,true,1,
7290002577492,false,"פילה דג הרינג מלוח בשמן, 340 גרם",מיוצר על ידי קוד יצר,IL,פילה הרינג,גרמים,240.00,100 גרם,false,1,24.90,10.38,true,1,
7290002577508,false,פילה דג הרינג מלוח בשמן ובצל דלידג 240 ג',מיוצר על ידי קוד יצר,IL,פילה הרניג,גרמים,240.00,100 גרם,false,1,24.90,10.38,true,1,
7290002581536,false,הדר וופל נפוליטנה ללא סוכר 250 גרם,אפיפית נצרת,IL,וופל בטעם שוקולד,גרמים,250.00,100 גרם,false,0,7.80,3.12,true,1,
7290002603498,false,פיצת השף מאיטליה אנטי פסטי 256 גרם,האי נאם סי או אל.טי.,IT,פיצת השף מאיטליה,גרמים,220.00,100 גרם,false,1,16.90,7.68,true,1,
7290002603504,false,פיצת השף מאיטליה CHEF שגב עגבניות ובצל סגול 200 גרם,סוילה אס.אר.אל,IT,פיצת השף מאיטליה,גרמים,220.00,100 גרם,false,1,16.90,7.68,true,1,
7290002627067,false,שייטל בקר מוכשר טריאנגוס,אזול,AR,שייטל בקר מוכשר,קילוגרמים,0.00,"ק""ג",true,1,99.90,99.90,true,1,
7290002627098,false,פיצה ביס שלושת האופים 350 גרם,שגמור ייצור ושווק מוצרי,IL,פיצפיצה ביס עם 1,גרמים,350.00,100 גרם,false,1,17.90,5.11,true,1,
7290002627111,false,שייטל בקר חלק טרי אנגוס,אזול,AR,שייטל בקר טרי,קילוגרמים,0.00,"ק""ג",true,1,99.90,99.90,true,1,
7290002627814,false,שפיץ צ'אך טרי מוכשר קג,אזול,AR,שפיץ צ'אך טרי,קילוגרמים,0.00,"ק""ג",true,1,139.90,139.90,true,1,
7290002627821,false,שפיץ צ'אך טרי חלק קג,אזול,AR,שפיץ צאך טרי חלק,קילוגרמים,0.00,"ק""ג",true,1,139.90,139.90,true,1,
7290002649014,false,עוף שלם טרי ארוז קג,יסכה,IL,עוף שלם טרי ארוז,קילוגרמים,0.00,"ק""ג",true,1,18.90,18.90,true,1,
7290002649021,false,כרעיים עוף טרי ארוז קג,יסכה,IL,כרעיים עוף טרי,קילוגרמים,0.00,"ק""ג",true,1,27.90,27.90,true,1,
7290002649038,false,ירכיים עוף טרי ארוז קג,יסכה,IL,ירכיים עוף טרי,קילוגרמים,0.00,"ק""ג",true,1,27.90,27.90,true,1,
7290002649045,false,שוקיים עוף טרי ארוז,יסכה,IL,שוקיים עוף טרי א,קילוגרמים,0.00,"ק""ג",true,1,32.90,32.90,true,1,
7290002649052,false,קוקטייל עוף טרי ארוז קג,יסכה,IL,קוקטייל עוף טרי,קילוגרמים,0.00,"ק""ג",true,1,27.90,27.90,true,1,
7290002649069,false,חזה עוף טרי ארוז קג,יסכה,IL,חזה עוף טרי ארוז,קילוגרמים,0.00,"ק""ג",true,1,31.90,31.90,true,1,
7290002649076,false,שניצל עוף טרי ארוז קג,יסכה,IL,שניצל עוף טרי,קילוגרמים,0.00,"ק""ג",true,1,34.90,34.90,true,1,
7290002649083,false,פילה עוף טרי ארוז קג,יסכה,IL,פילה עוף טרי ארו,קילוגרמים,0.00,"ק""ג",true,1,34.90,34.90,true,1,
7290002649090,false,כבד עוף טרי ארוז קג,יסכה,IL,כבד עוף טרי,קילוגרמים,0.00,"ק""ג",true,1,19.90,19.90,true,1,
7290002649113,false,כנפיים עוף טרי ארוז קג,יסכה,IL,כנפיים עוף טרי,קילוגרמים,0.00,"ק""ג",true,1,11.90,11.90,true,1,
7290002649137,false,פרגיות עוף טרי ארוז קג,יסכה,IL,פרגיות עוף טרי א,קילוגרמים,0.00,"ק""ג",true,1,59.90,59.90,true,1,
7290002649175,false,גרון הודו טרי ארוז קג,יסכה,IL,גרון הודו טרי אר,קילוגרמים,0.00,"ק""ג",true,1,29.90,29.90,true,1,
7290002649182,false,חזה הודו טרי ארוז קג,יסכה,IL,חזה הודו טרי,קילוגרמים,0.00,"ק""ג",true,1,34.90,34.90,true,1,
7290002649199,false,כנפיים הודו טרי ארוז נקב,יסכה,IL,כנפיים הודו טרי,קילוגרמים,0.00,"ק""ג",true,1,17.90,17.90,true,1,
7290002649205,false,שווארמה הודו טרי ארוז נק,יסכה,IL,שווארמה הודו טרי,קילוגרמים,0.00,"ק""ג",true,1,69.90,69.90,true,1,
7290002651116,false,גחנון חמסי ארוז 1 קג,מאפיית אריאל,IL,ג'חנון חמסי,גרמים,1000.00,100 גרם,false,0,17.90,1.79,true,1,
7290002661115,false,לחם שיפון הולנדי 1.2 מהדרין,מאפית י את א ברמן בע,IL,לחם הולנדי,קילוגרמים,1.00,"ק""ג",false,0,18.60,18.60,true,1,
7290002661153,false,"לחם דני קל ברמן 1 ק""",מאפית י את א ברמן בע,IL,לחם דני קל,גרמים,1000.00,100 גרם,false,0,17.20,1.72,true,1,
7290002661214,false,ברמן לחם גליל קל מהדרין 750 גרם,מאפית י את א ברמן בע,IL,לחם גלילי קל,גרמים,750.00,100 גרם,false,0,12.40,1.65,true,1,
7290002661856,false,מיני קרוטונים מתובלים למרק ולסלט 350 גרם,צ'\וייסר פודס ל.טי.די.,GB,מיני קרוטונים,גרמים,350.00,100 גרם,false,1,14.90,4.26,true,1,
7290002661863,false,קרוטונים מתובלים למרק 350 גרם,צ'\וייסר פודס ל.טי.די.,GB,קרוטונים מתובלים,גרמים,350.00,100 גרם,false,1,14.90,4.26,true,1,
7290002692393,false,שמן קנולה מזוכך מועשר עץ הזית 1 ליטר,שמן תעשיות בעמ,EE,שמן קנולה מועשר,ליטרים,1.00,ליטר,false,0,15.90,15.90,true,1,
7290002692478,false,"שמן זית כתית מעולה קלאסי מעודן 750 מ""ל עץ הזית","מרקאולאו, ספרד.אבסה,",IT,שמן זית,מיליליטרים,750.00,"100 מ""ל",false,0,33.90,4.52,true,1,
7290002692768,false,"תרסיס שמן קנולה מזוכך ללא תוספת גז עץ הזית 200 מ""ל",טרנסומס פוד איי בי,IT,תרסיס שמן קנולה,מיליליטרים,200.00,"100 מ""ל",false,0,15.90,7.95,true,1,
7290002692782,false,"תרסיס שמן זית כתית מעולה ללא תוספת גז עץ הזית 150 מ""ל",י.ב טכנולוגיות אריזה,IT,תרסיס שמן זית,מיליליטרים,148.00,"100 מ""ל",false,0,15.90,10.74,true,1,
7290002703068,false,צנצנת דבש עין חרוד 1,עין חרוד,IL,דבש טהור בצנצנת,קילוגרמים,1.00,"ק""ג",false,0,41.90,41.90,true,1,
7290002703358,false,צנצנת דבש זכוכית 350 גרם,עין חרוד,IL,צנצנת דבש זכוכית,גרמים,350.00,100 גרם,false,0,16.80,4.80,true,1,
7290002703747,false,דבש אורגני מפרחי בר500גר,נאימן,AR,דבש מפרחי בר,גרמים,500.00,100 גרם,false,1,34.50,6.90,true,1,
7290002703754,false,"דבש אורגני מפרחי בר 1ק""ג",נאימן,AR,דבש מפרחי בר,גרמים,1000.00,100 גרם,false,1,64.50,6.45,true,1,
7290002703822,false,דבש מפרחי הדר 950 גרם,מכוורת עין חרוד,IL,דבש מפרחי הדר,גרמים,950.00,100 גרם,false,1,50.00,5.26,true,1,
7290002706915,false,"פילה נסיכת הנילוס קפוא עד""ח",דלידג - נטו,IL,פילה נסיכת נילוס,קילוגרמים,0.00,"ק""ג",true,0,59.90,59.90,true,1,
7290002715504,false,ארוחת נודלס בטעם עוף מג'יק 70 גרם,טאט הוי פוד בעמ,SG,מג'יק נודלס,גרמים,70.00,100 גרם,false,0,4.90,7.00,true,1,
7290002715511,false,ארוחת נודלס בטעם בשר מג'יק 70 גרם,טאט הוי פוד בעמ,SG,מג'יק אטריות,גרמים,70.00,100 גרם,false,0,4.90,7.00,true,1,
7290002715528,false,ארוחת נודלס בטעם ירקות מג'יק 70 גרם,טאט הוי פוד בעמ,SG,מג'יק אטריות,גרמים,70.00,100 גרם,false,0,4.90,7.00,true,1,
7290002715580,false,ארוחת נודלס בטעם סיני חריף מג'יק 70 גרם,טאט הוי פוד בעמ,SG,מג'יק נודלס,גרמים,70.00,100 גרם,false,0,4.90,7.00,true,1,
7290002730262,false,"נוזל לניקוי כלים קלאסי פלמוליב 750 מ""ל",יבואן ומשווק: ש. שסט,GR,פלמוליב לכלים,מיליליטרים,750.00,"100 מ""ל",false,0,11.90,1.59,true,1,
7290002730675,false,"קולגייט משחת שיניים אדומה משפחתי 100 מ""ל",קולגייט-פלמוליב,PL,משחת שיניים,מיליליטרים,100.00,"100 מ""ל",false,0,10.90,10.90,true,1,
7290002730811,false,"משחת שיניים ג'ל פסים מרעננים קולגייט 100 מ""ל",הנסיך- מפעל לייצור ט,PL,משחת קולגייט ג'ל,מיליליטרים,100.00,"100 מ""ל",false,0,13.10,13.10,true,1,
7290002730958,false,סבון מוצק בניחוח זיתים ואלוורה פלמוליב 4*100 גרם,הנסיך- מפעל לייצור ט,TR,סבון פלמוליב 4יח,גרמים,360.00,100 גרם,false,0,16.90,4.69,true,1,
7290002752332,false,"סוכריות מנטוס פירות בגליל, 37.5 גרם",הדקלאים אגודת שיתופי,NL,סוכריות מנטוס,גרמים,37.00,100 גרם,false,0,3.50,9.46,true,1,
7290002752493,false,רביעיה סוכריות מנטה 4* 16 ג' טיק טק,פררו - אלבה,ZA,סוכריות טיק טק,גרמים,64.00,100 גרם,false,0,10.90,17.03,true,1,
7290002753995,false,סוכריות עדשים לקישוט עוגה וורנר 6*25 גרם,היינץ צפון אמריקה מק,DE,סט דרז'ה צבעוני,גרמים,150.00,100 גרם,false,0,16.90,11.27,true,1,
7290002757139,false,מלאווח תימני מקורי 3 האופים 700 גר',שלושת האופים,IL,מלווח 700 גרם,גרמים,700.00,100 גרם,false,0,14.90,2.13,true,1,
7290002757535,false,בורקס פילו אצבעות גבינה שלושת האופים 700 גרם,שלושת האופים שגמור,IL,פילו אצבעות,גרמים,700.00,100 גרם,false,0,21.90,3.13,true,1,
7290002759126,false,מארז 10יח מיני פיתהאסלית,מעיין תעשיות מאפה,IL,מיני פיתה,גרמים,500.00,100 גרם,false,0,13.90,2.78,true,1,
7290002759164,false,מארז בייגלה ירושלמי4יח',גידרון,IL,3בייגלה ירושלמי,יחידה,1.00,יחידה,false,0,13.90,13.90,true,1,
7290002759225,false,מארז4יח שבלול עם צימוקים,גידרון,IL,שבלול צימוק 4יח,יחידה,1.00,יחידה,false,0,13.90,13.90,true,1,
7290002759287,false,לחמניה קמח מלא 5,,,לחמניה קמח מלא 5,יחידה,1.00,יחידה,false,0,13.90,13.90,true,1,
7290002759393,false,סופגניות מיני מארז 8 יח',גידרון,IL,סופגניות מיני 8י,יחידה,1.00,יחידה,false,0,31.20,31.20,true,1,
7290002759409,false,סופגניה מיני מצופה 8יח',גידרון,IL,סופג.מיני מצופה8,יחידה,1.00,יחידה,false,0,32.90,32.90,true,1,
7290002759478,false,מארז חצי ג'בטה 4יח,גידרון,IL,חצי ג'בטה לבן 4י,יחידה,1.00,יחידה,false,0,13.90,13.90,true,1,
7290002759522,false,מארז4 לחמניית חלה מתוקה,גידרון,,לחמנ.חלה מתוקה 4,יחידה,1.00,יחידה,false,0,13.90,13.90,true,1,
7290002766056,false,עגבניות שרי לב אדום יח',רון שרי,IL,עגבניה שרי תמר,גרמים,460.00,100 גרם,false,1,9.90,2.15,true,1,
7290002771104,false,קפה עם הל אל נחלה 500 גרם,מולינו ניקולי s.p.a,IL,קפה עם הל,גרמים,500.00,100 גרם,false,0,31.20,6.24,true,1,
7290002771111,false,קפה עם הל אל נחלה 250 גרם,מולינו ניקולי s.p.a,IL,קפה עם הל,גרמים,250.00,100 גרם,false,0,16.50,6.60,true,1,
7290002782759,false,"פנינה קרם גוף רוזנבלום 400 מ""ל",פנינה רוזנבלום,IL,קרם גוף פנינה,מיליליטרים,340.00,"100 מ""ל",false,0,23.90,7.03,true,1,
7290002787501,false,"פילה סלמון קפוא בד""צ עד""ח",סלאריס אי אס אבלורוגן,NO,פילה סלמון קפוא,קילוגרמים,0.00,"ק""ג",true,1,69.90,69.90,true,1,
7290002814078,false,סנט מוריץ נוזל לניקוי אמבט אנטרטיק 1ל',"קומפלקס כימיקלים בע""",IL,אנטרטיק לאמבט,ליטרים,1.00,ליטר,false,0,9.30,9.30,true,1,
7290002814160,false,מסיר שומנים סנט מוריץ 1ל,קומפלקס כימיקלים בעמ,IL,מסיר שומנים,ליטרים,1.00,ליטר,false,1,18.90,18.90,true,1,
7290002814290,false,קצף מרוכז blanco בניחוח לימון משמיד 99.9% חיידקים סנט מוריץ 1 ליטר,קומפלקס כימיקלים בעמ,IL,קצף אקונומיקה,ליטרים,1.00,ליטר,false,1,15.90,15.90,true,1,
7290002814528,false,נוזל לניקוי האסלה סנט מוריץ 1 ליטר,קומפלקס כימיקלים בעמ,IL,נוזל לאסלה מס' 1,ליטרים,1.00,ליטר,false,0,6.90,6.90,true,1,
7290002814931,false,סנט מוריץ שמפו רצפות בניחוח פרחים 4 ליטר - מרכז,קומפלקס כימיקלים בעמ,IL,שמפו רצפות,ליטרים,4.00,ליטר,false,0,11.90,2.98,true,1,
7290002824183,false,"גבינה לבנה סקי 500 גרם 5% ""שטראוס"" -מוצר בפיקוח",מיוצר עי קונדיטוריית,IL,גבינת סקי 5%,גרמים,500.00,100 גרם,false,0,9.96,1.99,true,1,
7290002824466,false,יוגורט דנונה ביו לבן 0% שומן 200 גרם,"שטראוס בריאות בע""\מ",IL,יוגורט ביו 0%,גרמים,200.00,100 גרם,false,0,3.70,1.85,true,1,
7290002824640,false,"גבינת סקי 250 גרם 5% ""שטראוס"" -מוצר בפיקוח",מיוצר עי קונדיטוריית,IL,גבינת סקי 5%,גרמים,250.00,100 גרם,false,0,4.98,1.99,true,1,
7290002825722,false,סלט כרוב אדום אחלה 500 גרם,מיוצר עי קונדיטוריית,IL,סלט כרוב אחלה,גרמים,500.00,100 גרם,false,0,14.20,2.84,true,1,
7290002830184,false,פילה לברק קפוא במשקל.,יושלם,IL,פילה לברק,קילוגרמים,0.00,"ק""ג",true,0,49.90,49.90,true,1,
7290002830245,false,פילה לברק קפוא במשקל,דלידג - נטו,IL,פילה לברק יפני,קילוגרמים,0.00,"ק""ג",true,1,49.90,49.90,true,1,
7290002830948,false,גבינת עיזים מותכת 30% מון בלאן 120 גרם,סלס קרית מלאכי ישראל,IL,גבינת מון בלאן,גרמים,120.00,100 גרם,false,0,11.90,9.92,true,1,
7290002862000,false,הררית אריסה טוניסאית,"הררית מזון בע""מ",IL,אריסה תוניסאית,גרמים,250.00,100 גרם,false,0,15.90,6.36,true,1,
7290002862017,false,שום כתוש 250 הררית,"הררית מזון בע""מ",IL,שום כתוש,גרמים,250.00,100 גרם,false,0,15.90,6.36,true,1,
7290002862093,false,חזרת 250 גרם,"הררית מזון בע""מ",IL,חזרת,גרמים,250.00,100 גרם,false,0,15.90,6.36,true,1,
7290002862109,false,פירורי לחם מוזהבים 400 ג,"הררית מזון בע""מ",ES,פירורי לחם מוזהב,גרמים,400.00,100 גרם,false,1,6.90,1.73,true,1,
7290002862369,false,עמבה בצנצנת,,IL,עמבה בצנצנת,גרמים,250.00,100 גרם,false,0,15.90,6.36,true,1,
7290002866145,false,"פילה לברק טרי לק""ג",נטו,IL,פילה לברק טרי,קילוגרמים,0.00,"ק""ג",true,1,109.90,109.90,true,1,
7290002866220,false,פילה בורי טרי,נטו,IL,פילה בורי טרי,קילוגרמים,0.00,"ק""ג",true,0,94.90,94.90,true,1,
7290002871248,false,"בירה טובורג רד בקבוק 500 מ""ל חוזר",מבשלות בירה בינלאומיות ב,IL,בירה טובורג רד,מיליליטרים,500.00,"100 מ""ל",false,0,7.90,1.58,true,1,
7290002879633,false,וופל בלגי אמיתי רזיט 550 גרם,אן.וי ביסקוויטרי טיז,BE,וופל בלגי,גרמים,550.00,100 גרם,false,1,24.90,4.53,true,1,
7290002881216,false,רסק תפוחי עץ לא ממותק תומר 700 גרם,KONSERVENFABRIEK BALTUSSEN,NL,"רסק תפו""ע דיאט",גרמים,720.00,100 גרם,false,0,10.90,1.51,true,1,
7290002881803,false,"שמן קנולה 1 ליטר ""תומר""",,BE,שמן קנולה מזוכך,ליטרים,1.00,ליטר,false,1,10.90,10.90,true,1,
7290002900313,false,פסטרמה ספרדיתטירת צבי,טירת- צבי,IL,פסטרמה ספרדית,קילוגרמים,0.00,"ק""ג",true,0,85.00,85.00,true,1,
7290002904694,false,"טיטניום דאודורנט ספריי לגברים 150 מ""ל","אמיליה קוסמטיקס בע""מ",IL,דאודורנט טיטניום,מיליליטרים,180.00,"100 מ""ל",false,0,14.90,8.28,true,1,
7290002921165,false,"חלב לניקוי רהיטי עור הזלין יעקבי 400 מ""ל",אסטוניש -לידס,CH,הזלין לניקוי עור,מיליליטרים,400.00,"100 מ""ל",false,0,34.90,8.73,true,1,
7290002923466,false,"בקר טחון טיבון ויל 1 ק""ג",טיבון ויל אחזקות בעמ,IL,בקר טחון קפוא,גרמים,1000.00,100 גרם,false,0,39.90,3.99,true,1,
7290002954187,false,"אורז יסמין 5 ק""ג שוקחה",בני ג'ורג' שוקחה חיפ,TH,אורז יסמין,קילוגרמים,5.00,"ק""ג",false,0,41.90,8.38,true,1,
7290002987963,false,"סלט חומוס אחלה 1 ק""ג",מיוצר עי קונדיטוריית,IL,"חומוס אחלה 1 ק""ג",קילוגרמים,1.00,"ק""ג",false,0,13.90,13.90,true,1,
7290003006120,false,פינצ'וס פלפלונים+גב.משקל,גבינות אמיר ניצן בעמ,IL,פינצ'וס פלפלונים,קילוגרמים,0.00,"ק""ג",true,1,170.00,170.00,true,1,
7290003009596,false,"סירופ דיאט אשכוליות בקבוק 750 מ""ל",סירופ - גבעת חיים,IL,סירופ אשכוליות,מיליליטרים,750.00,"100 מ""ל",false,0,23.90,3.19,true,1,
7290003009640,false,מיץ תפוזים סחוט רכיבים טבעיים פריגת 1 ליטר,פריגת מצוננים,IL,מיץ תפוזים סחוט,ליטרים,1.00,ליטר,false,0,15.80,15.80,true,1,
7290003026036,false,"ד""ר פישר - קמיל בלו סנסיטיב אל סבון עדין לתינוק 1 ליטר",פישר מעבדות פרמצבטיות בע,IL,אל סבון קמיל בלו,ליטרים,1.00,ליטר,false,0,32.90,32.90,true,1,
7290003026319,false,"קמיל בלו משחת החתלה לתינוק ד""ר פישר 120 גרם",פישר מעבדות פרמצבטיות בע,IL,משחת החתלה סנסטי,גרמים,120.00,100 גרם,false,0,15.90,13.25,true,1,
7290003029181,false,משקה יטבתה שוקו' בקבוק 1ל מהדרין,שטראוס גרופ,IL,שוקו יטבתה,ליטרים,1.00,ליטר,false,0,11.90,11.90,true,1,
7290003029372,false,משקה חלב בטעם בננה יטבתה 1 ליטר,מחלבת יטבתה,IL,משקה חלב בננה,ליטרים,1.00,ליטר,false,0,11.90,11.90,true,1,
7290003029389,false,"משקה חלב בננה פקק ספורט 250 מ""ל יוטבתה",מחלבת יטבתה,IL,משקה בננה,מיליליטרים,250.00,"100 מ""ל",false,0,5.50,2.20,true,1,
7290003029433,false,"משקה יטבתה שוקו פקק 250 מ""ל מהדרין",מחלבת יטבתה,IL,שוקו יטבתה,מיליליטרים,250.00,"100 מ""ל",false,0,5.50,2.20,true,1,
7290003029532,false,מוקה בבקבוק יטבתה 1 ליטר מהדרין,שטראוס גרופ,IL,מוקה יטבתה בקבוק,ליטרים,1.00,ליטר,false,0,11.90,11.90,true,1,
7290003029792,false,"משקה יטבתה שוקו שקיות מהדרין מארז 225X8מ""ל",מחלבת יטבתה,IL,שקיות שוקו 8 יח',ליטרים,1.80,ליטר,false,0,18.90,10.50,true,1,
7290003029815,false,כד חלב 3% יטבתה 2 ליטר מהדרין,שטראוס גרופ,IL,חלב מועשר יטבתה,ליטרים,2.00,ליטר,false,0,15.00,7.50,true,1,
7290003029907,false,אייס קפה יטבתה 1 ליטר מהדרין,שטראוס גרופ,IL,אייס קפה יטבתה,ליטרים,1.00,ליטר,false,0,11.90,11.90,true,1,
7290003031702,false,"נקניקיות הודו מחפוד וואקום 1 ק""ג טירת צבי",טיב טירת צבי 2000,IL,נקניקיות הודו,קילוגרמים,1.00,"ק""ג",false,0,26.90,26.90,true,1,
7290003031740,false,טירתצבי פסטרמה בדבש קופ. מחפוד 400ג,טיב טירת צבי 2000,IL,פסטרמה הודו בדבש,גרמים,400.00,100 גרם,false,0,28.90,7.23,true,1,
7290003047642,false,תה שחור יילו לייבל 100*1.5 ג' שקיק ליפטון,"יונילוור רוסייה בע""מ",RU,תה ילו לייבל,גרמים,150.00,100 גרם,false,0,12.90,8.60,true,1,
7290003069590,false,"פילה פוטית עם עור קפוא דלידג 1 ק""ג",דאליאן גואופו אקאטיק,CN,פילה סול קפוא,גרמים,1000.00,100 גרם,false,0,29.90,2.99,true,1,
7290003069682,false,בצק פילאס קפוא 500 גרם שלושת האופים,שלושת האופים שגמור,IL,בצק פילאס,גרמים,500.00,100 גרם,false,0,19.90,3.98,true,1,
7290003070077,false,טחינה שומשום מלא,,IL,טחינה שומשום מלא,גרמים,700.00,100 גרם,false,0,41.60,5.94,true,1,
7290003072200,false,פסטרמה בסגנון מקסיקני,טירת צבי,IL,פסטרמה בסגנון מק,קילוגרמים,0.00,"ק""ג",true,1,85.00,85.00,true,1,
7290003072835,false,נקניקיות קנאקוורסט טירת צבי 320 גרם,טיב טירת צבי 2000,IL,נקניקיות קנאקוור,גרמים,320.00,100 גרם,false,1,19.90,6.22,true,1,
7290003072965,false,קבנוס חריף מעושן טירת צבי 120 גרם,טיב טירת צבי 2000,IL,קבנוס חריף מעושן,גרמים,120.00,100 גרם,false,1,11.90,9.92,true,1,
7290003072972,false,קבנוס בתיבול מעושן טירת צבי 120 גרם,טיב טירת צבי 2000,IL,קבנוס בתיבול שום,גרמים,120.00,100 גרם,false,1,11.90,9.92,true,1,
7290003075348,false,לאבנה במשקל,מחלבת רג'ב,IL,לאבנה,קילוגרמים,0.00,"ק""ג",true,0,38.00,38.00,true,1,
7290003075553,false,לבנה רג'ב 11% 500 גרם,מחלבת רג'\ב,IL,לבנה רג'ב,גרמים,500.00,100 גרם,false,0,16.90,3.38,true,1,
7290003075850,false,לאבנה עם שמן וזעתר ר,מחלבת רג'\ב,IL,לבנה עם זעתר,גרמים,250.00,100 גרם,false,0,10.90,4.36,true,1,
7290003107216,false,קמח 1 קג שימורי איכ,טחנת קמח דגן לישראל,IL,קמח לבן,קילוגרמים,1.00,"ק""ג",false,0,6.00,6.00,true,1,
7290003107223,false,טחנת קמח דגן סולת 1קג,טחנת קמח דגן לישראל,IL,סולת,קילוגרמים,1.00,"ק""ג",false,0,6.50,6.50,true,1,
7290003107247,false,שמרים יבשים אינסטנט33גרם,שטיבל,IL,שמרים יבשים,גרמים,33.00,100 גרם,false,0,5.90,17.88,true,1,
7290003107360,false,קמח לבן בהיר ללא ניפוי1ק,טחנת קמח דגן לישראל,IL,קמח לבן בהיר,קילוגרמים,1.00,"ק""ג",false,1,8.90,8.90,true,1,
7290003115532,false,פרגיות עוף טרי ארוז דיל,מילועוף,IL,פרגיות עוף טרי,קילוגרמים,0.00,"ק""ג",true,0,59.90,59.90,true,1,
7290003115549,false,עוף שלם טרי ארוז דיל,מילועוף,IL,עוף טרי שלם,קילוגרמים,0.00,"ק""ג",true,0,18.90,18.90,true,1,
7290003115624,false,קורקבן עוף טרי ארוז דיל,מילועוף,IL,קורקבן עוף טרי,קילוגרמים,0.00,"ק""ג",true,0,9.90,9.90,true,1,
7290003121083,false,ארוחת נודלס בטעם בשר בשקית מג'יק 85 גרם,טאט הוי פוד בעמ,SG,ארוחת נודלס,גרמים,85.00,100 גרם,false,0,3.90,4.59,true,1,
7290003121106,false,ארוחת נודלס טעם עוף בשקית מג'יק 85 גרם,"טאט פוד הוי בע""מ",SG,ארוחת נודלס,גרמים,85.00,100 גרם,false,0,3.90,4.59,true,1,
7290003143146,false,ממרח תמרים קליית גת 450 גרם,הדקלאים אגודת שיתופי,IL,ממרח תמרים,גרמים,450.00,100 גרם,false,0,6.30,1.40,true,1,
7290003144419,false,סילאן טבעי קליית גת 710 גרם,"טעמי הגליל בע""\מ",IL,"סילאן טבעי ללת""ס",גרמים,710.00,100 גרם,false,1,18.90,2.66,true,1,
7290003158591,false,מארז4יח לחמניית חלה קלה,גידרון,,לחמניה חלה קלה 4,יחידה,1.00,יחידה,false,0,13.90,13.90,true,1,
7290003158850,false,לחמניות המבורגר5,,IL,לחמניות המבורגר5,יחידה,1.00,יחידה,false,0,13.90,13.90,true,1,
7290003158980,false,מארז פיתה פרנה 3יח180*גר,מאפיית אורן משי,IL,פיתה פרנה,גרמים,540.00,100 גרם,false,0,14.90,2.76,true,1,
7290003185719,false,קבב רומני טיבון ויל 500 גרם,טיבון ויל אחזקות בעמ,IL,קבב רומני,גרמים,500.00,100 גרם,false,0,19.90,3.98,true,1,
7290003185726,false,קבב מזרחי טיבון ויל 500 גרם,טיבון ויל אחזקות בעמ,IL,קבב מזרחי,גרמים,500.00,100 גרם,false,0,19.90,3.98,true,1,
7290003187843,false,עגל טחון טיבון ויל 500 גרם,טיבון ויל אחזקות בעמ,IL,טחון עגל 100%,גרמים,500.00,100 גרם,false,0,29.90,5.98,true,1,
7290003189076,false,פיצרלה הצהובה הטובה מגורדת 22% כפיר 500 גרם,צי תעשיות מזון יבנה,IL,פיצרלה מגורדת,גרמים,500.00,100 גרם,false,0,19.90,3.98,true,1,
7290003189199,false,הצהובה הטובה חריפה מ,צי תעשיות מזון יבנה,IL,צהובה חריפה,קילוגרמים,0.00,"ק""ג",true,0,35.00,35.00,true,1,
7290003189267,false,הצהובה הטובה לייט קלאסית 5% כפיר 200 גרם,צי תעשיות מזון יבנה,IL,הצהובה טובה לייט,גרמים,200.00,100 גרם,false,0,14.80,7.40,true,1,
7290003189274,false,בנוסח מעושנת גליל26%משקל,צי תעשיות מזון יבנה,IL,צהובה מעושנת,קילוגרמים,0.00,"ק""ג",true,0,40.00,40.00,true,1,
7290003208586,false,"וורמוט מרטיני לבן 750 מ""ל",מרטיני ורוסי,IT,מרטיני ביאנקו,מיליליטרים,750.00,"100 מ""ל",false,0,54.90,7.32,true,1,
7290003208593,false,"וורמוט מרטיני לבן יבש 750 מ""ל",מרטיני ורוסי,IT,מרטיני דריי,מיליליטרים,750.00,"100 מ""ל",false,1,54.90,7.32,true,1,
7290003220526,false,"רוטב צ'ילי חריף 700 מ""ל WOK",תאי פרידה אינדסטרי,TH,רוטב צ'ילי חריף,מיליליטרים,700.00,"100 מ""ל",false,0,11.90,1.70,true,1,
7290003220595,false,"ווק אורז לסושי 1 ק""ג WOK","מיה תעשיות מזון בע""מ",IL,אורז לסושי,קילוגרמים,1.00,"ק""ג",false,0,12.90,12.90,true,1,
7290003220649,false,שמן שומשום 100% טהור150מ,הו צ'קינג הינג אוי פ,SG,שמן שומשום,מיליליטרים,150.00,"100 מ""ל",false,1,13.90,9.27,true,1,
7290003220717,false,WOK אצות נורי סילבר 10 יחידות,ג'י וואן גלובול נאט,KR,אצות נורי לסושי,גרמים,22.00,100 גרם,false,0,12.90,58.64,true,1,
7290003220786,false,"אטריות אורז ללא גלוטן 5 מ""מ 400 ג' WOK",אסיאן סופירה פודס חב,TH,מקלות אורז,גרמים,400.00,100 גרם,false,0,9.90,2.48,true,1,
7290003220878,false,"WOK רוטב מירין לתיבול 500 מ""ל",דיאמונד פריזרוד פודס,TH,רוטב מירין,מיליליטרים,500.00,"100 מ""ל",false,0,21.70,4.34,true,1,
7290003229109,false,פסטרמה הודו בפפריקה טירת צבי 400 גרם,הנסיך- מפעל לייצור ט,IL,נקניק הודו,גרמים,400.00,100 גרם,false,0,28.90,7.23,true,1,
7290003229116,false,פסטרמה הודו בדבש שומן טירת צבי 400 גרם,הנסיך- מפעל לייצור ט,IL,פסטרמה הודו בדבש,גרמים,400.00,100 גרם,false,0,28.90,7.23,true,1,
7290003229123,false,פסטרמה הודו על גחלים 2% טירת צבי 400 גרם,הנסיך- מפעל לייצור ט,IL,פסטרמה על גחלים,גרמים,400.00,100 גרם,false,0,28.90,7.23,true,1,
7290003229147,false,נקניק סלמי איטלקי מעושן טירת צבי 300 גרם,הנסיך- מפעל לייצור ט,IL,סלמי איטלקי,גרמים,300.00,100 גרם,false,0,28.90,9.63,true,1,
7290003229154,false,נקניק סלמי קוניאק טירת צבי 300 גרם,הנסיך- מפעל לייצור ט,IL,סלמי קוניאק,גרמים,300.00,100 גרם,false,0,28.90,9.63,true,1,
7290003229192,false,נקניק כתף בקר מעושן 2% טירת צבי 400 גרם,טיב טירת צבי 2000,IL,פסטרמה כתף בקר,גרמים,400.00,100 גרם,false,0,31.90,7.98,true,1,
7290003268252,false,לחם חיטה מלא לילדים 750 ג' דגנית עין בר,דגנית עין בר תעשיות מזון,IL,לחם חיטה מלא,גרמים,750.00,100 גרם,false,1,13.90,1.85,true,1,
7290003268429,false,לחם ירוק מקמח מלא 750 ג' דגנית עין בר,דגנית עין בר תעשיות מזון,IL,לחם ירוק קמח מלא,גרמים,750.00,100 גרם,false,0,14.90,1.99,true,1,
7290003272273,false,חמוציות מיובשות ללא סוכר,"דין שיווק וקלייה בע""",CN,חמוציות ללא סוכר,גרמים,0.00,"ק""ג",true,1,89.00,89.00,true,1,
7290003321155,false,יוגורט בר עם פקאן מצופה שוקולד 183 ג' דנונה,"שטראוס בריאות בע""\מ",IL,דנונה בר פקאן,גרמים,183.00,100 גרם,false,0,4.60,2.51,true,1,
7290003332007,false,קפה שחור עם הל 250 גרם,סובחי נחלה ובניו,IL,קפה שחור,גרמים,250.00,100 גרם,false,0,13.90,5.56,true,1,
7290003332014,false,קפה נח'לה אדום עם הל500ג,קפה אל נח'לה,IL,קפה שחור,גרמים,500.00,100 גרם,false,0,27.10,5.42,true,1,
7290003387205,false,ספיד סטיק - דאודורנט סטיק לגבר רגולר,הנסיך- מפעל לייצור ט,US,דאודורנט סטיק,גרמים,56.00,100 גרם,false,0,18.90,33.75,true,1,
7290003401369,false,"קרם לחות לשיער חוחובה נטורל פורמולה 400 מ""ל",מיוצר עי אמיליה קוסמ,IL,קרם לחות לשיער,מיליליטרים,400.00,"100 מ""ל",false,0,19.90,4.98,true,1,
7290003401376,false,"קרם לחות ועיצוב לשיער אלוורה נטורל 400 מ""ל","אמיליה קוסמטיקס בע""מ",IL,קרם לחות לשיער,מיליליטרים,400.00,"100 מ""ל",false,0,19.90,4.98,true,1,
7290003411313,false,מפת אל בד מעורב צבעים 120X180 הנמל משובחת,שיווק: הנמל אריזות ו,IL,מפה רב פעמית 0,יחידה,1.00,יחידה,false,0,8.90,8.90,true,1,
7290003411856,false,גרנולה קינמון+ תפוח עץ 400 גרם,הנמל,IL,"גרנולה תפו""ע",גרמים,400.00,100 גרם,false,0,11.20,2.80,true,1,
7290003411993,false,גפרורים הנמל 10 יחידות,"איטיליאן פוד, אס.פי.",SE,גפרורים,יחידה,1.00,יחידה,false,0,3.20,3.20,true,1,
7290003423909,false,חטיף קוקיס אנד קרים לבן 43 גרם,ליימן מותגים,US,חטיף שוקולד לבן,גרמים,43.00,100 גרם,false,0,4.90,11.40,true,1,
7290003427154,false,"שמן זית כתית מעולה טעם מעודן זיתא 750 מ""ל",זיתא תעשיות שמן זיתt\,IL,שמן זית כתית,מיליליטרים,750.00,"100 מ""ל",false,0,29.90,3.99,true,1,
7290003434657,false,אשכולות אגוזי לוז חמוציות ואורז מלא בשוקולד מריר 120 גרם,הום מייד,IL,אשכולות אגוזים,גרמים,120.00,100 גרם,false,1,12.90,10.75,true,1,
7290003438006,false,ממרח אולביה פסטו וצנובר איטלקי 190ג',מיוצר עי קונדיטוריית,IL,רוטב פסטו,גרמים,180.00,100 גרם,false,0,13.90,7.72,true,1,
7290003438013,false,ממרח זיתים ירוקים אוליביה 190 גרם,קריות זול,IL,ממרח זיתים,גרמים,190.00,100 גרם,false,0,13.90,7.32,true,1,
7290003438020,false,ממרח עגבניות מיובשות אוליביה 190 גרם,מיוצר עי קונדיטוריית,IL,ממרח עגבניות,גרמים,190.00,100 גרם,false,0,13.90,7.32,true,1,
7290003438853,false,אוליביה ממרח אריסה חריפה 185 גר ',אוליביה,IL,אריסה חריפה,גרמים,185.00,100 גרם,false,1,13.90,7.51,true,1,
7290003438990,false,עיטורי עגבניות מיובשות וזיתים אוליביה 280 ג',אוליביה גורמה בעמ,IL,עגבניות מיובשות,גרמים,280.00,100 גרם,false,0,17.90,6.39,true,1,
7290003444009,false,הרשי ריזס חטיף במילוי בוטנים 42 גרם,ליימן מותגים,US,חטיף שוקולד חלב,גרמים,42.00,100 גרם,false,0,3.90,9.29,true,1,
7290003450602,false,חרדל אמיתי צהוב בקבוק לחיץ 255 גר,היינץ צפון אמריקה מקבוצת ה.י.היינץ,US,ממרח חרדל צהוב,גרמים,255.00,100 גרם,false,0,8.90,3.49,true,1,
7290003495078,false,מארז4 בייגל אמריקאי כפרי,"גידרון תעשיות בע""מ",IL,4 בייגלה כפרי,יחידה,1.00,יחידה,false,0,13.90,13.90,true,1,
7290003495405,false,בורקס פילאס פיצה,גידרון,IL,בורקס פיצה חלבי,קילוגרמים,0.00,"ק""ג",true,0,42.00,42.00,true,1,
7290003495825,false,בייגלה טוסט לבן,,IL,בייגלה טוסט לבן,יחידה,1.00,יחידה,false,0,13.90,13.90,true,1,
7290003520572,false,מטריות חרובים שקית בודד (בשרוול 6 שקיות),תופינית,,מטריות שוקולד,גרמים,54.00,100 גרם,false,0,15.90,29.44,true,1,
7290003521074,false,"ד""ר פישר - סרקל מרכך שיער לילדים 1 ליטר",פישר מעבדות פרמצבטיות בע,IL,מרכך לילדים סרקל,ליטרים,1.00,ליטר,false,0,28.90,28.90,true,1,
7290003521081,false,"סרקל שמפו אל דמע לילדים ד""ר פישר 1 ליטר",פישר מעבדות פרמצבטיות בע,IL,סרקל שמפו לילדים,ליטרים,1.00,ליטר,false,0,28.90,28.90,true,1,
7290003521166,false,"ד""ר פישר - סרקל קרם רוזמרין לילדים 325 מ""ל",פישר מעבדות פרמצבטיות בע,IL,סרקל קרם רוזמרין,מיליליטרים,325.00,"100 מ""ל",false,0,24.90,7.66,true,1,
7290003521197,false,"ד""ר פישר - סרקל תרסיס מתיר קשרים 340 מ""ל",פישר מעבדות פרמצבטיות בע,IL,סרקל מתיר קשרים,מיליליטרים,340.00,"100 מ""ל",false,0,24.90,7.32,true,1,
7290003525461,false,סלט טונה פיקנטי ויליגר 160 גרם,ויליגר,IL,סלט טונה פיקנטי,גרמים,160.00,100 גרם,false,0,6.00,3.75,true,1,
7290003550937,false,רגל פרוסה קפואה במגש,טיבון ויל - נטו,IL,רגל פרוסה קג,קילוגרמים,0.00,"ק""ג",true,0,35.90,35.90,true,1,
7290003598311,false,מינוט סטייק חלק ריאה 300 ג',"בלדי בע""\מ",IL,סטייק מינוט,גרמים,300.00,100 גרם,false,1,34.90,11.63,true,1,
7290003643004,false,"אורז בסמטי קלאסי סוגת 1 ק""ג",האי נאם סי או אל.טי.,IL,אורז בסמטי קלאסי,קילוגרמים,1.00,"ק""ג",false,0,12.90,12.90,true,1,
7290003643325,false,סוגת קוסקוס בינוני 350 גרם,"אסיף תעשיות מזון בע""\מ",IL,קוסקוס בינוני,גרמים,350.00,100 גרם,false,0,4.90,1.40,true,1,
7290003643387,false,"סוכר לבן בצנצנת 1 ק""ג סוגת",האי נאם סי או אל.טי.,IL,סוכר לבן צנצנת,קילוגרמים,1.00,"ק""ג",false,0,7.90,7.90,true,1,
7290003643646,false,"סוכר דמררה קלאסי בצנצנת סוגת 1 ק""ג",האי נאם סי או אל.טי.,IL,סוכר דמררה,קילוגרמים,1.00,"ק""ג",false,0,12.90,12.90,true,1,
7290003643684,false,אפונה יבשה סוגת 500 גר',האי נאם סי או אל.טי.,IL,אפונה 500 גרם,גרמים,500.00,100 גרם,false,0,5.90,1.18,true,1,
7290003643738,false,חיטה 500 גרם סוגת,האי נאם סי או אל.טי.,IL,חיטה 500 גרם,גרמים,500.00,100 גרם,false,0,5.90,1.18,true,1,
7290003643745,false,כוסמת סוגת 500 גרם,האי נאם סי או אל.טי.,IL,כוסמת,גרמים,500.00,100 גרם,false,0,6.90,1.38,true,1,
7290003643752,false,עדשים ירוקים יבש סוגת 500 גר',האי נאם סי או אל.טי.,IL,עדשים ירוקות,גרמים,500.00,100 גרם,false,0,7.90,1.58,true,1,
7290003643769,false,עדשים אדומים יבש סוגת 500 גר',"סוגת תעשיות בע""\מ",IL,עדשים אדומות,גרמים,500.00,100 גרם,false,0,8.50,1.70,true,1,
7290003643806,false,שעועית לבנה יבשה סוגת 500 ג',האי נאם סי או אל.טי.,IL,שעועית לבנה,גרמים,500.00,100 גרם,false,0,11.80,2.36,true,1,
7290003643820,false,חומוס ענק יבש סוגת 500 גרם,"סוגת תעשיות בע""\מ",IL,חומוס ענק,גרמים,500.00,100 גרם,false,0,9.90,1.98,true,1,
7290003681792,false,סוכריות טופי פירות 850 ג' מיה,מיה תעשיות מזון מ.ת.מ. ב,IL,סוכריות טופי,גרמים,850.00,100 גרם,false,0,15.90,1.87,true,1,
7290003719259,false,"ליבו לחם טבעי אקסקלוסיבי 1 ק""ג",מאפית י את א ברמן בע,IL,לחם אקסקלוסיבי,קילוגרמים,1.00,"ק""ג",false,0,16.50,16.50,true,1,
7290003726011,false,טופו רך כפרי בריא 30,Unknown,IL,טופו במרקם רך,גרמים,300.00,100 גרם,false,0,12.50,4.17,true,1,
7290003726110,false,טופו אורגני בוואקום,Unknown,IL,טופו אורגני,גרמים,300.00,100 גרם,false,0,13.90,4.63,true,1,
7290003726141,false,טופו אמיתי כפרי בריא 300 גרם,ג'נרל מילס סאן אדריא,IL,טופו משק גאיה,גרמים,300.00,100 גרם,false,0,11.90,3.97,true,1,
7290003726301,false,נשנושי קוקוס פיסטוק 300ג,קינג דיויד,IL,נשנושי אנרגיה,גרמים,300.00,100 גרם,false,1,26.90,8.97,true,1,
7290003726356,false,עוגיות תמרים ותפוחים350ג,קינג דיויד,IL,"עוגיות תמר ותפ""ע",גרמים,350.00,100 גרם,false,0,26.90,7.69,true,1,
7290003726424,false,טופו פסטרמה,,IL,טופו פסטרמה,גרמים,200.00,100 גרם,false,0,19.90,9.95,true,1,
7290003726592,false,טופו מתובל בפסטו במרקם קלאסי,"משק ויילר בע""\מ",IL,טופו בטעם פסטו,גרמים,300.00,100 גרם,false,1,12.00,4.00,true,1,
7290003726615,false,"טופו ויילר 300 גרם ""שטראוס""",הדקלאים אגודת שיתופי,IL,טופו ויילר,גרמים,300.00,100 גרם,false,1,12.00,4.00,true,1,
7290003726622,false,טופו פיקנטי 300 ג' משק ויילר,"משק ויילר בע""\מ",IL,טופו קשה פיקנטי,גרמים,300.00,100 גרם,false,1,13.90,4.63,true,1,
7290003726769,false,קציצות טופו בטטה וגזר משק ווילר 400 גר,משק ויילר,IL,קציצות טופו,גרמים,400.00,100 גרם,false,1,19.90,4.98,true,1,
7290003726776,false,שניצל טופו טעם עוף 420 גר,"פרה מזון בע""\מ",IL,שניצל טופו,גרמים,420.00,100 גרם,false,1,19.90,4.73,true,1,
7290003726783,false,שניצל טופו עם תירס 420 גר,"פרה מזון בע""\מ",IL,שניצל טופו,גרמים,420.00,100 גרם,false,1,19.90,4.73,true,1,
7290003726868,false,טופו חומוס בתוספת עגבניות מיובשות 300 ג' משק ויילר,"משק ויילר בע""\מ",IL,טופו חומוס,גרמים,300.00,100 גרם,false,1,12.90,4.30,true,1,
7290003726875,false,טופו חומוס בתוספת פסטו ויילר 300 גרם,"משק ויילר בע""\מ",IL,טופו חומוס פסטו,גרמים,300.00,100 גרם,false,1,12.90,4.30,true,1,
7290003744428,false,אובלטים+קימל שקית 300 גר,"ברט בע""מ",IL,אובלטים מלוחים,גרמים,300.00,100 גרם,false,0,10.90,3.63,true,1,
7290003744855,false,אובלטים עם שומשום 300 גר,"ברט בע""מ",IL,אובלטים שומשום,גרמים,300.00,100 גרם,false,0,10.90,3.63,true,1,
7290003744862,false,אובלטים עם זעתר 300 גר,"ברט בע""מ",IL,אובלטים מלוחים,גרמים,300.00,100 גרם,false,0,10.90,3.63,true,1,
7290003781065,false,מלפפונים בחומץ קטנים מאוד וילי פוד 370 גרם,וילי פוד,VN,מלפפונים במלח,גרמים,680.00,100 גרם,false,0,11.90,1.75,true,1,
7290003804252,false,תיבולית קנור בנוסח הודי 72 גרם,יוניליוור ישראל מזון בע\,IL,תיבוליות קנור,גרמים,72.00,100 גרם,false,0,8.90,12.36,true,1,
7290003804320,false,תיבולית שום ופטרוזיליה קנור 72 גרם,יוניליוור ישראל מזון בע\,IL,תיבוליות קנור,גרמים,72.00,100 גרם,false,0,8.90,12.36,true,1,
7290003804368,false,"תיבוליות בזיליקום קנור 72 גרם בד""צ",יוניליוור ישראל מזון בע\,IL,תיבוליות קנור,גרמים,72.00,100 גרם,false,0,8.90,12.36,true,1,
7290003805501,false,"פתית בסגנון שוודי תלמה בד""צ 300 גרם",יוניליוור ישראל מזון בע\,IL,פתית קרקר שוודי,גרמים,300.00,100 גרם,false,0,16.90,5.63,true,1,
7290003805587,false,"פתית חיטה מלאה בד""צ 250 גרם-קופסא",יוניליוור ישראל מזון בע\,IL,פתית חיטה מלאה,גרמים,250.00,100 גרם,false,0,16.90,6.76,true,1,
7290003807482,false,קנור רוטב טריאקי מופחת נתרן 370 גרם,יוניליוור ישראל מזון בע\,IL,רוטב טריאקי,גרמים,300.00,100 גרם,false,0,10.90,3.63,true,1,
7290003864478,false,סרדינים בשמן צמחי פתח קל ויליפוד 110 גרם,גולדן פרייז קאנינג א,TH,סרדין בשמן סויה,גרמים,110.00,100 גרם,false,0,5.30,4.82,true,1,
7290003864485,false,סרדינים ברוטב עגבנ יות ויליפוד 110ג' פתח קל,גולדן פרייז קאנינג א,TH,סרדינים ברוטב,גרמים,110.00,100 גרם,false,0,5.30,4.82,true,1,
7290003864492,false,סרדינים בשמן צמחי חריף פתח קל ויליפוד 110ג',גולדן פרייז קאנינג א,TH,סרדין פיקנטי,גרמים,110.00,100 גרם,false,0,5.30,4.82,true,1,
7290003882922,false,עלי גפן ממולאים באורז וילי פוד 360 גרם,אף.סי תבליני בגליל ב,CN,עלי גפן ממולאים,גרמים,400.00,100 גרם,false,0,8.90,2.23,true,1,
7290003956012,false,פטאקי 16% שומרון,"מחלבת השומרון בע""מ",IL,פטאקי 18% במשקל,קילוגרמים,0.00,"ק""ג",true,0,35.00,35.00,true,1,
7290003976027,false,מרכך כביסה פריחת עמק 4 ל,אקופרנד,IL,מרכך כביסה,ליטרים,4.00,ליטר,false,1,31.90,7.98,true,1,
7290003976058,false,אקופרינד-מרכך כביסה חבצלות מרוכז,אקופרנד,IL,מרכך כביסה חבצלת,ליטרים,1.00,ליטר,false,1,18.90,18.90,true,1,
7290003976089,false,אקופרנד ג'ל כביסה 4 ליטר,סאסטרק,IL,ג'ל כביסה,ליטרים,4.00,ליטר,false,1,49.50,12.38,true,1,
7290003976096,false,אקופרינד-גל כביסה מרוכז 1 ליטר,אקופרנד,IL,ג'ל כביסה מרוכז,ליטרים,1.00,ליטר,false,1,20.30,20.30,true,1,
7290003976331,false,"אקופרנד מחטא רב תכליתי 750 מ""ל",אקופרנד,IL,מנקה ומחטא,מיליליטרים,750.00,"100 מ""ל",false,1,15.90,2.12,true,1,
7290003989096,false,סלט חצילים פיקנטי אחלה 500 גרם,מיוצר עי קונדיטוריית,IL,חציל פיקנטי אחלה,גרמים,500.00,100 גרם,false,0,15.50,3.10,true,1,
7290003989539,false,לורנצו רביולי במילוי גבינה,מיוצר עי קונדיטוריית,IL,רביולי גבינה,גרמים,400.00,100 גרם,false,0,19.90,4.98,true,1,
7290003989553,false,פסטה טורטליני גבינה ופטריות 400 גרם,מיוצר עי קונדיטוריית,IL,טורטליני פטריות,גרמים,400.00,100 גרם,false,0,19.90,4.98,true,1,
7290004011284,false,ריצ בסיס להכנת קצפת 25% 212מל,ריצ' פרודקטס קורפריי,US,ריצ' להכנת קצפת,מיליליטרים,212.00,"100 מ""ל",false,0,9.00,4.25,true,1,
7290004011291,false,"קצפת ריץ' בסיס קרטונית 425 מ""ל",כלורוקס אוקלנד,US,בסיס להכנת קצפת,מיליליטרים,425.00,"100 מ""ל",false,0,12.90,3.04,true,1,
7290004011338,false,"ספריי קצפת מתוקה מוכנה ריץ' 250 מ""ל",האי נאם סי או אל.טי.,IT,קצפת ריצ' במיכל,מיליליטרים,250.00,"100 מ""ל",false,0,9.90,3.96,true,1,
7290004011345,false,"ספריי קצפת מתוקה מוכנה פרווה ריץ' 238 מ""ל",האי נאם סי או אל.טי.,IT,קצפת מתוקה,גרמים,250.00,100 גרם,false,0,9.90,3.96,true,1,
7290004011819,false,המבורגר ריב אנטריקוט אל גאוצ'ו 360 גרם,האי נאם סי או אל.טי.,IL,המבורגר ריב,גרמים,360.00,100 גרם,false,0,23.90,6.64,true,1,
7290004011826,false,מיני המבורגר ריב אנטריקוט,טיבון ויל אחזקות בעמ,IL,מיני המבורגר,גרמים,320.00,100 גרם,false,0,23.90,7.47,true,1,
7290004022309,false,עדשי מ&מ'ס חמאת בוטנים80,מרס,GB,עדשי מ&מ'ס,גרמים,80.00,100 גרם,false,1,6.90,8.63,true,1,
7290004023041,false,"לחם שיפון ללא שמרים ד""ר מרק 750 גר'",המאפה של דר מרק בריא,IL,לחם מחמצת שיפון,גרמים,750.00,100 גרם,false,0,14.80,1.97,true,1,
7290004030018,false,"פריניב מיץ לימון סחוט פרי לתיבול 500 מ""ל",הנסיך- מפעל לייצור ט,IL,מיץ לימון לתיבול,מיליליטרים,500.00,"100 מ""ל",false,0,6.80,1.36,true,1,
7290004030100,false,מיץ תפוזים ולנסיה סחוט 1 ליטר100%,פרי ניב,IL,מיץ תפוזי ולנסיה,ליטרים,1.00,ליטר,false,1,15.80,15.80,true,1,
7290004030216,false,משקה בטעם חמוציות 1 ליטר פריניב,הנסיך- מפעל לייצור ט,IL,נקטר חמוציות,ליטרים,1.00,ליטר,false,1,13.80,13.80,true,1,
7290004030223,false,מיץ תפוחים סחוט רכיבים טבעיים 100% פרי ניב 1 ליטר,הנסיך- מפעל לייצור ט,IL,מיץ תפוחים סחוט,ליטרים,1.00,ליטר,false,0,17.90,17.90,true,1,
7290004030421,false,אקסטרא מים תפוח לימון500,,IL,אקסטרא מים תפוח,מיליליטרים,500.00,"100 מ""ל",false,1,8.90,1.78,true,1,
7290004030445,false,מיץ תפוזים סחוט רכיבים טבעיים 1 ליטר פרי ניב,הנסיך- מפעל לייצור ט,IL,מיץ תפוזים סחוט,ליטרים,1.00,ליטר,false,0,14.80,14.80,true,1,
7290004030612,false,"מיץ תפוח, קיווי אגס ללא תוספת סוכר 1 ליטר פרי ניב",הנסיך- מפעל לייצור ט,IL,משקה תפוח קיווי,ליטרים,1.00,ליטר,false,0,15.10,15.10,true,1,
7290004030742,false,אקסטרא מים תפוח לימון 1ל,,IL,אקסטרה מים תפוח,ליטרים,1.00,ליטר,false,1,12.90,12.90,true,1,
7290004030810,false,שייק 100% בננה פסיפלורה תפוז מופחת סוכר1,פריניב בעמ,IL,מיץ פריניב,מיליליטרים,1000.00,"100 מ""ל",false,1,17.90,1.79,true,1,
7290004030834,false,מיץ רימונים סחוט 100% רכיבים טבעיים פרי ניב 1 ליטר,פריניב בעמ,IL,מיץ רימונים,ליטרים,1.00,ליטר,false,0,23.80,23.80,true,1,
7290004030940,false,אקסטרה מים לימון אפרסק1ל,,IL,אקסטרה מים בטעמי,ליטרים,1.00,ליטר,false,1,12.90,12.90,true,1,
7290004033705,false,הבורגריה – 6 לחמניות המבורגר בשקית,מאפית י את א ברמן בע,IL,לחמניות 6 יח',גרמים,600.00,100 גרם,false,1,13.90,2.32,true,1,
7290004033712,false,לחם עננים מקמח מלא עם פרוסות עבות,מאפית י את א ברמן בע,IL,לחם מקמח מלא,גרמים,750.00,100 גרם,false,1,15.50,2.07,true,1,
7290004033736,false,"עננים לחם לבן בסגנון בריוש עם פרוסות עבות, 500 גרם",מאפית י את א ברמן בע,IL,לחם עננים בריוש,גרמים,500.00,100 גרם,false,1,15.50,3.10,true,1,
7290004033804,false,לחם כפרי ללא גלוטן 320 גרם,מאפית י את א ברמן בע,IL,"לחם כפרי לל""ג",גרמים,320.00,100 גרם,false,1,17.90,5.59,true,1,
7290004033811,false,לחם מיוחד לבן ללא גלוטן 320 גרם,מאפית י את א ברמן בע,IL,"לחם פרוס לל""ג",גרמים,320.00,100 גרם,false,1,17.90,5.59,true,1,
7290004033835,false,לחמניות לבנות ללא גלוטן 200 גרם,מאפית י את א ברמן בע,IL,"לחמניות לל""ג",גרמים,200.00,100 גרם,false,1,16.90,8.45,true,1,
7290004043108,false,עדשי מ&מ'ס שוקולד 89 גרם,מרס,US,עדשי מ&מ'ס,גרמים,89.00,100 גרם,false,1,6.90,7.75,true,1,
7290004048679,false,"קובה למרק 1 ק""ג שלושת האופים","שלושת האופים בע""\מ",IL,קובה למרק,גרמים,1000.00,100 גרם,false,0,21.90,2.19,true,1,
7290004064099,false,מטחנה מלח ים מהרי ההימלאיה מלח הארץ 100 גרם,"חברת מלח הארץ אילת בע""\מ",IL,מטחנה מלח,גרמים,250.00,100 גרם,false,1,13.90,5.56,true,1,
7290004064174,false,"תבלין מלח ההימלאיה דק בצנצנת 1 ק""ג","חברת מלח הארץ אילת בע""\מ",PK,מלח דק הימלאיה,קילוגרמים,1.00,"ק""ג",false,1,15.90,15.90,true,1,
7290004064181,false,"תבלין מלח ההימלאיה גס בצנצנת 1 ק""ג","חברת מלח הארץ אילת בע""\מ",PK,מלח גס הימלאיה,קילוגרמים,1.00,"ק""ג",false,1,15.90,15.90,true,1,
7290004064297,false,"מלח מועשר ביוד בצנצנת מלח הארץ 1 ק""ג","חברת מלח הארץ אילת בע""\מ",IL,מלח מועשר ביוד,קילוגרמים,1.00,"ק""ג",false,1,8.90,8.90,true,1,
7290004064358,false,"מלח דק זורם בקלות מלח הארץ קרטון 1 ק""ג","חברת מלח הארץ אילת בע""\מ",IL,מלח דק,קילוגרמים,1.00,"ק""ג",false,1,5.00,5.00,true,1,
7290004064365,false,"מלח דק מועשר ביוד מלח הארץ קרטון 1 ק""ג","חברת מלח הארץ אילת בע""\מ",IL,מלח דק מועשר יוד,קילוגרמים,1.00,"ק""ג",false,1,5.90,5.90,true,1,
7290004064372,false,מטחנת מלח אקסטרא תבלינים איטלקי 105 גר,"חברת מלח הארץ בע""\מ",IL,מטחנת מלח איטלקי,גרמים,105.00,100 גרם,false,1,16.90,16.10,true,1,
7290004064389,false,מלח הימלאייה דק מלחייה 250 גרם,"חברת מלח הארץ אילת בע""\מ",IL,מלח הימלאיה דק,גרמים,250.00,100 גרם,false,1,10.50,4.20,true,1,
7290004068028,false,"יוגורט צזיקי לשתיה 3.5% 500 מ""ל רובין",מיוצר על ידי קוד יצר,IL,ציזיקי לשתיה,מיליליטרים,500.00,"100 מ""ל",false,0,9.20,1.84,true,1,
7290004068035,false,"איירן יוגורט לשתייה 3% גד 500 מ""ל","מיוצר ע""י קוד יצרן M",IL,אירן משקה יוגורט,מיליליטרים,500.00,"100 מ""ל",false,0,8.00,1.60,true,1,
7290004068172,false,"יוגורט עיזים בדלי 5% 600 מ""ל רובין",קוד יצרן MKN,IL,יוגורט עזים בדלי,גרמים,600.00,100 גרם,false,0,17.30,2.88,true,1,
7290004068394,false,גבינת קממבר בקר במשק,מחלבות גד,IL,גבינת קממבר בקר,קילוגרמים,0.00,"ק""ג",true,0,97.00,97.00,true,1,
7290004068424,false,גבינה גאודה משולשים,מחלבות גד,IL,גבינת גאודה,קילוגרמים,0.00,"ק""ג",true,0,110.00,110.00,true,1,
7290004068912,false,גרנה פדנו משולש במשקל,מחלבות גד,IL,גרנה פדנו מעדניה,קילוגרמים,0.00,"ק""ג",true,1,125.00,125.00,true,1,
7290004078225,false,"שטיפת פה קולגייט פלקס מינט ירוק 500מ""ל",קולגייט- פלמוליב,PL,מי פה קולגייט,מיליליטרים,500.00,"100 מ""ל",false,0,24.90,4.98,true,1,
7290004078270,false,נוזל לניקוי כלים בריח לימון פלמוליב 1 ליטר,יבואן ומשווק: ש. שסט,GR,פלמוליב לכלים,ליטרים,1.00,ליטר,false,0,13.90,13.90,true,1,
7290004078942,false,ליידי ספיד סטיק - דאודורנט ג'ל לאישה 65 גרם,קולגייט-פלמוליב,US,דאודורנט,גרמים,65.00,100 גרם,false,0,19.90,30.62,true,1,
7290004119133,false,כד יוגורט תנובה 6.5% שומן 1.5 ליטר,מיוצר עי קונדיטוריית,IL,יוגורט בכד,ליטרים,1.50,ליטר,false,0,17.30,11.53,true,1,
7290004119225,false,יופלה יוגורט אננס %3 גביע 150 גרם,תנובה מרכז שיתופי לש,IL,יופלה אננס 3%,גרמים,150.00,100 גרם,false,0,5.00,3.33,true,1,
7290004119928,false,מעדן חלב בטעם וניל 2% קרלו תנובה 125 גרם,מחלבת אלון תבור,IL,מעדן קרלו וניל3%,גרמים,125.00,100 גרם,false,0,2.90,2.32,true,1,
7290004119973,false,קרלו מעדן שוקו רביעיה גביע 1.5% 125 גרם,תנובה מרכז שיתופי לש,IL,קרלו שוקולדה,גרמים,125.00,100 גרם,false,0,2.90,2.32,true,1,
7290004120061,false,מעדן חלב בטעם שוקו וניל שוניל 2% קרלו 125 גרם,תנובה מרכז שיתופי לש,IL,מעדן קרלו שוניל,גרמים,125.00,100 גרם,false,0,3.00,2.40,true,1,
7290004120108,false,יוגורט יופלה דיאט דובדבן 0% שומן 150גרם,תנובה מרכז שיתופי לש,IL,יופלה דיאט 0%,גרמים,150.00,100 גרם,false,0,5.00,3.33,true,1,
7290004120566,false,פיראוס 24% גבינה בולגרית 250 גרם,תנובה חלב,IL,גבינה בולגרית24%,גרמים,250.00,100 גרם,false,0,23.70,9.48,true,1,
7290004120573,false,גבינה בולגרית 16% פיראוס 250 גרם,תנובה מרכז שיתופי לש,IL,גבינה בולגרית16%,גרמים,250.00,100 גרם,false,0,23.70,9.48,true,1,
7290004120634,false,גבינה בולגרית 5% פיראוס 250 גרם,תנובה מרכז שיתופי לש,IL,גבינה בולגרית5%,גרמים,250.00,100 גרם,false,0,21.90,8.76,true,1,
7290004120832,false,"חלב 2 ליטר 3% כד ""תנובה""- מוצר בפיקוח",תנובה מרכז שיתופי לש,IL,חלב שתיה 3%,ליטרים,2.00,ליטר,false,0,12.46,6.23,true,1,
7290004121488,false,יופלה דיאט אפרסק 0% גביע 150 גרם,תנובה מרכז שיתופי לש,IL,יופלה דיאט אפרסק,גרמים,150.00,100 גרם,false,0,5.00,3.33,true,1,
7290004121525,false,יופלה מאגדת פרי 4 תות 4 אפרסק 3% 8 יח'*150 ג',תנובה מרכז שיתופי לש,IL,יופלה 3% 8 יח',קילוגרמים,1.20,"ק""ג",false,0,29.90,24.92,true,1,
7290004121754,false,יוגורט ביו עוגת גבינה ותות 3% יופלה 150 גרם,תנובה בעמ,IL,יופלה קרם גבינה,גרמים,150.00,100 גרם,false,0,5.00,3.33,true,1,
7290004121839,false,גבינת פטה כבשים 20% פיראוס 250 גרם,תנובה מרכז שיתופי לש,IL,פטה כבשים פיראוס,גרמים,250.00,100 גרם,false,0,26.90,10.76,true,1,
7290004121853,false,גבינה בולגרית 5% קוביות פיראוס 200 גרם,תנובה מרכז שיתופי לש,IL,קוביות בולגרית5%,גרמים,200.00,100 גרם,false,0,21.60,10.80,true,1,
7290004122119,false,פתיתי פרמזן 23% לפסטה השף הלבן 100 גרם,פ.פ.ח. שאביט,IL,פתיתי פרמזן,גרמים,100.00,100 גרם,false,0,12.20,12.20,true,1,
7290004122195,false,גוש חלב גבינה צהובה פרוסה 28% תנובה 200 גרם,קריות זול,IL,גבינה גוש חלב,גרמים,200.00,100 גרם,false,0,13.90,6.95,true,1,
7290004122270,false,עמק קלאסית פרוסות גבינה חצי קשה 28% 200 גרם,תנובה מרכז שיתופי לש,IL,גבינת עמק פרוס,גרמים,200.00,100 גרם,false,0,15.90,7.95,true,1,
7290004122348,false,גבינת עמק לייט פרוס בקופסא 200 גרם,תנובה מרכז שיתופי לש,IL,גבינת עמק 9%,גרמים,200.00,100 גרם,false,0,16.90,8.45,true,1,
7290004122607,false,גבינת עמק לייט 9% במשקל,תנובה מרכז שיתופי לש,IL,גבינת עמק לייט9%,קילוגרמים,0.00,"ק""ג",true,0,72.00,72.00,true,1,
7290004122676,false,גבינת חמד לייט 5% פיראוס 250 ג',"תנובה,מחלבת טנא נוגה",IL,גבינת חמד לייט5%,גרמים,250.00,100 גרם,false,0,18.50,7.40,true,1,
7290004122683,false,עמק חטיף אצבעות גבינה חצי קשה 28% שומן,תנובה מרכז שיתופי לש,IL,אצבעות עמק,גרמים,172.00,100 גרם,false,0,16.40,9.53,true,1,
7290004124205,false,יופלה דיאט יוגורט תות %0 גביע 150 גרם,תנובה מרכז שיתופי לש,IL,יופלה דיאט תות0%,גרמים,150.00,100 גרם,false,0,5.00,3.33,true,1,
7290004125370,false,"שמנת חמוצה 9% מופחתת שומן תנובה 200 מ""ל מהדרין",תנובה מרכז שיתופי לש,IL,שמנת חמוצה 9%,מיליליטרים,200.00,"100 מ""ל",false,0,3.50,1.75,true,1,
7290004125400,false,"אשל שלי מהדרין 200 מ""ל 4.5% ""תנובה""- מוצר בפיקוח",פארייפאבה אגרואינדוס,IL,אשל 4.5% שומן,מיליליטרים,200.00,"100 מ""ל",false,0,1.69,0.85,true,1,
7290004125417,false,"גיל 3% שלי 200 מ""ל ""תנובה"" -מוצר בפיקוח",תנובה מרכז שיתופי לש,IL,גיל לבן 3%שומן,מיליליטרים,200.00,"100 מ""ל",false,0,1.51,0.76,true,1,
7290004125455,false,"שמנת חמוצה 200 מ""ל 15% ""תנובה"" -מוצר בפיקוח",תנובה מרכז שיתופי לש,IL,שמנת תנובה 15%,מיליליטרים,200.00,"100 מ""ל",false,0,2.40,1.20,true,1,
7290004125462,false,"שמנת חמוצה 15% תנובה 500 מ""ל מהדרין",תנובה מרכז שיתופי לש,IL,שמנת חמוצה 15%,מיליליטרים,500.00,"100 מ""ל",false,0,6.00,1.20,true,1,
7290004125509,false,"שמנת חמוצה 15% מועשרת תנובה 100 מ""ל",תנובה מרכז שיתופי לש,IL,שמנת חמוצה 15%,מיליליטרים,100.00,"100 מ""ל",false,0,1.70,1.70,true,1,
7290004125578,false,משקה סויה מעושר בסידן תנובה 1ל',תנובה מרכז שיתופי לש,IL,משקה סויה,ליטרים,1.00,ליטר,false,0,10.90,10.90,true,1,
7290004125585,false,משקה סויה בטעם וניל תנובה 1 ליטר,תנובה מרכז שיתופי לש,IL,משקה סויה וניל,ליטרים,1.00,ליטר,false,0,10.90,10.90,true,1,
7290004125721,false,"השף הלבן שמנת עמידה לבישול 15% תנובה 250 מ""ל",תנובה מרכז שיתופי לש,IL,שמנת לבישול15%,מיליליטרים,250.00,"100 מ""ל",false,0,8.30,3.32,true,1,
7290004125738,false,שמנת מתוקה להקצפה32% 250מל עמיד השף הלבן,תנובה מרכז שיתופי לש,IL,שמנת להקצפה32%,מיליליטרים,250.00,"100 מ""ל",false,0,6.50,2.60,true,1,
7290004125776,false,גבינה צהובה עמק 28% 400 גרם בקופסא,קריות זול,IL,גבינת עמק פרוס,גרמים,400.00,100 גרם,false,0,27.90,6.98,true,1,
7290004126650,false,גבינה צפתית 5% תנובה,תנובה מרכז שיתופי לש,IL,גבינה צפתית 5%,קילוגרמים,0.00,"ק""ג",true,0,55.00,55.00,true,1,
7290004126674,false,טל העמק פרוסות גבינה חצי קשה לייט %9 200 גרם בקופסא,תנובה מרכז שיתופי לש,IL,גבינה טל העמק,גרמים,200.00,100 גרם,false,0,18.50,9.25,true,1,
7290004126759,false,יוגורט דיאט יופלה פירות יער 150 גרם,תנובה בעמ,IL,יופלה דיאט,גרמים,150.00,100 גרם,false,0,5.00,3.33,true,1,
7290004127077,false,קוטג תנובה 3% גביע 250 גרם מהדרין,מיוצר עי קונדיטוריית,IL,קוטג' 3% שומן,גרמים,250.00,100 גרם,false,0,5.50,2.20,true,1,
7290004127329,false,קוטג תנובה גביע 250 גרם %5 ו.מהדרין,מיוצר עי קונדיטוריית,IL,קוטג' תנובה 5%,גרמים,250.00,100 גרם,false,0,5.50,2.20,true,1,
7290004127336,false,קוטג תנובה גביע 250 גרם %9 ו.מהדרין,מיוצר עי קונדיטוריית,IL,קוטג' תנובה 9%,גרמים,250.00,100 גרם,false,0,5.50,2.20,true,1,
7290004127800,false,"גבינה לבנה 500 גרם 5% ""תנובה"" -מוצר בפיקוח",מיוצר עי קונדיטוריית,IL,גבינה לבנה 5%,גרמים,500.00,100 גרם,false,0,9.96,1.99,true,1,
7290004127817,false,גבינה לבנה 9% שומן 500 ג' תנובה,מיוצר עי קונדיטוריית,IL,גבינה לבנה 9%,גרמים,500.00,100 גרם,false,0,9.50,1.90,true,1,
7290004127862,false,"גבינה לבנה 750 גרם 5% ""תנובה"" - מוצר בפיקוח",תנובה מרכז שיתופי לש,IL,גבינה לבנה 5%,גרמים,750.00,100 גרם,false,0,14.94,1.99,true,1,
7290004127916,false,גבינה לבנה 0.5% שומן 500 ג' תנובה,תנובה מרכז שיתופי לש,IL,גבינה 0.5%,גרמים,500.00,100 גרם,false,0,9.50,1.90,true,1,
7290004128333,false,לאבנה על בסיס יוגורט %9 שומן 500 ג' פיראוס,קריות זול,IL,לאבנה פיראוס 9%,גרמים,500.00,100 גרם,false,0,19.50,3.90,true,1,
7290004128401,false,גבינת פטה פיראוס במש,תנובה חלב,IL,פטה פיראוס 20%,קילוגרמים,0.00,"ק""ג",true,0,111.00,111.00,true,1,
7290004129101,false,גבינת שמנת 25% בטעם טבעי 225 ג' נפוליאון,תנובה מרכז שיתופי לש,IL,גבינת נפוליאון,גרמים,225.00,100 גרם,false,0,13.90,6.18,true,1,
7290004129156,false,גבינת שמנת25% עם שום שמיר 225 ג' נפוליאון,תנובה מרכז שיתופי לש,IL,גבינת נפוליאון,גרמים,225.00,100 גרם,false,0,13.90,6.18,true,1,
7290004129767,false,"3% 'יופלה לבן מארז שמינייה 1.2 ק""ג",תנובה מרכז שיתופי לש,IL,יופלה לבן 3%,קילוגרמים,1.20,"ק""ג",false,0,17.30,14.42,true,1,
7290004130794,false,משקה סויה במתיקות מופחתת תנובה 1 ליטר,תנובה מרכז שיתופי לש,IL,משקה סויה,ליטרים,1.00,ליטר,false,0,9.90,9.90,true,1,
7290004130916,false,יוגורט יופלה פירות יער בשמנת 3% 150 גרם,תנובה מרכז שיתופי לש,IL,יופלה פירות יער,גרמים,150.00,100 גרם,false,0,5.00,3.33,true,1,
7290004131074,false,"חלב 1 ליטר 3% קרטון ""תנובה""- מוצר בפיקוח",תנובה מרכז שיתופי לש,IL,חלב בקרטון 3%,ליטרים,1.00,ליטר,false,0,6.23,6.23,true,1,
7290004131456,false,יוגורט ביו 1.5% שומן 200 ג' יופלה,מיוצר עי קונדיטוריית,IL,יופלה לבן 1.5%,גרמים,200.00,100 גרם,false,0,4.00,2.00,true,1,
7290004131531,false,משקאות חלב תנובה שוקו בקבוק 1ל,פארייפאבה אגרואינדוס,IL,שוקו בקבוק,ליטרים,1.00,ליטר,false,0,12.80,12.80,true,1,
7290004131814,false,גבינה צפתית 5% מעודנת 200 ג' פיראוס,פארייפאבה אגרואינדוס,IL,צפתית 5% פיראוס,גרמים,200.00,100 גרם,false,0,14.90,7.45,true,1,
7290004132552,false,משקה סויה בטעם טבעי לייט תנובה 1 ליטר,תנובה מרכז שיתופי לש,IL,משקה סויה,ליטרים,1.00,ליטר,false,0,10.90,10.90,true,1,
7290004132712,false,חטיף אצבעות גבינת מוצרלה 20% 172 ג' עמק,תנובה מרכז שיתופי לש,IL,אצבעות מוצרלה,גרמים,172.00,100 גרם,false,0,16.50,9.59,true,1,
7290004133511,false,יופלה מאגדת לבן 1.5% מעודן 8 יח' * 150 ג',מיוצר עי קונדיטוריית,IL,יופלה מעודן 8 יח,קילוגרמים,1.20,"ק""ג",false,0,20.50,17.08,true,1,
7290004134945,false,יוגורט מוקה 3% שומן 150 ג' יופלה,תנובה מרכז שיתופי לש,IL,יופלה מוקה 3%,גרמים,150.00,100 גרם,false,0,5.00,3.33,true,1,
7290004135058,false,שמיניית קרלו מיני שוקולד 100 גרם מהדרין,תנובה מרכז שיתופי לש,IL,קרלו שוקולד 8 יח,גרמים,800.00,100 גרם,false,0,13.50,1.69,true,1,
7290004135225,false,מעדן חלב דל קלוריות בטעם שוקולד 0.2שומ,תנובה מרכז שיתופי לש,IL,מעדן דיאט שוקולד,גרמים,150.00,100 גרם,false,0,4.00,2.67,true,1,
7290004135324,false,פיראוס בולגרית מע5%משקל,תנובה מרכז שיתופי לש,IL,פיראוס בולגרית,קילוגרמים,0.00,"ק""ג",true,0,49.00,49.00,true,1,
7290004135614,false,גבינה בולגרית מעודנת 5% פיראוס 250 גרם,תנובה חלב,IL,בולגרית מעודנת5%,גרמים,250.00,100 גרם,false,0,21.90,8.76,true,1,
7290004136154,false,"משקה חלב אייס קפה תנובה בבקבוק 340 מ""ל",גוד פוד פרודקטס S.p,IL,משקה אייס קפה,מיליליטרים,340.00,"100 מ""ל",false,0,6.70,1.97,true,1,
7290004136598,false,מארז הפסקת אוכל עם קורנפלקס ומשקה חלב עמיד בטעם וניל,פארייפאבה אגרואינדוס,IL,חלב עם דגנים,יחידה,1.00,יחידה,false,0,9.50,9.50,true,1,
7290004136857,false,מעדן גלי פטל תנובה 125 גרם,תנובה מרכז שיתופי לש,IL,מעדן ג'לי פטל,גרמים,125.00,100 גרם,false,0,2.30,1.84,true,1,
7290004136864,false,מעדן ג'לי בטעם אננס עם חתיכות תנובה 125 גרם,תנובה חלב,IL,מעדן ג'לי אננס,גרמים,125.00,100 גרם,false,0,2.80,2.24,true,1,
7290004136871,false,מעדן ג'לי בטעם אפרסק עם חתיכות תנובה 125 גרם,תנובה מרכז שיתופי לש,IL,מעדן ג'לי אפרסק,גרמים,125.00,100 גרם,false,0,2.80,2.24,true,1,
7290004137021,false,"שמנת עמידה לבישול מופחת שומן 10% השף הלבן 250 מ""ל",תנובה מרכז שיתופי לש,IL,שמנת לבישול10%,מיליליטרים,250.00,"100 מ""ל",false,0,8.30,3.32,true,1,
7290004137311,false,עמק לייט משפחתית 9% 400ג-ועדת מהדרין,תנובה חלב,IL,גבינת עמק 9%,גרמים,400.00,100 גרם,false,0,30.90,7.73,true,1,
7290004150112,false,חומוס מזרחי פיקנטי פרימיום 300 גרם שמיר,"סלטי שמיר 2006 בע""\מ",IL,חומוס מזרחי,גרמים,300.00,100 גרם,false,1,14.90,4.97,true,1,
7290004150174,false,קולסלאו פיקנטי פרימיום 300 גרם שמיר,"סלטי שמיר 2006 בע""\מ",IL,סלט קולסלאו,גרמים,300.00,100 גרם,false,1,14.90,4.97,true,1,
7290004150198,false,סלק מגורד פיקנטי פרימיום 300 גרם שמיר,"סלטי שמיר 2006 בע""\מ",IL,סלק מגורד,גרמים,300.00,100 גרם,false,1,14.90,4.97,true,1,
7290004150204,false,מטבוחה 300 גרם פיקנטי פרימיום,"סלטי שמיר 2006 בע""\מ",IL,מטבוחה,גרמים,300.00,100 גרם,false,1,14.90,4.97,true,1,
7290004150235,false,חומוס עם חריף פיקנטי פרימיום 300 גרם שמיר,"סלטי שמיר 2006 בע""\מ",IL,חומוס עם חריף,גרמים,300.00,100 גרם,false,1,14.90,4.97,true,1,
7290004150365,false,חומוס בטטה פיקנטי פרימיום 300 גרם שמיר,"סלטי שמיר 2006 בע""\מ",IL,חומוס עם דלעת,גרמים,300.00,100 גרם,false,1,14.90,4.97,true,1,
7290004150372,false,חומוס ווסאבי פיקנטי פרימיום 300 גרם,"סלטי שמיר 2006 בע""\מ",IL,חומוס עם וואסבי,גרמים,300.00,100 גרם,false,1,14.90,4.97,true,1,
7290004165017,false,"רסק תפו""ע 600 גרם טבעי ללא סוכר יכין","זנלכל בע""\מ",IL,"רסק תפו""ע ללת""ס",גרמים,560.00,100 גרם,false,0,7.90,1.41,true,1,
7290004170066,false,לחם כוסמין 470 גרם,גידרון,IL,לחם כוסמין,גרמים,470.00,100 גרם,false,1,18.90,4.02,true,1,
7290004170097,false,עוגת קרנץ' שוקולד 450גרם,גדרון,IL,עוגת קרנץ שוקולד,גרמים,450.00,100 גרם,false,1,26.50,5.89,true,1,
7290004170103,false,עוגת קרנץ במילוי נוג,גדרון,IL,עוגת קרנץ' נוגט,גרמים,450.00,100 גרם,false,1,26.50,5.89,true,1,
7290004170110,false,עוגת קראנץ חלבה שוקו500ג,גדרון,IL,עוגת קראנץ,גרמים,450.00,100 גרם,false,1,26.50,5.89,true,1,
7290004170479,false,באגט אותנטי כפרי אפוי,מאפ גדרון,IL,באגט אותנטי כפרי,גרמים,280.00,100 גרם,false,1,8.50,3.04,true,1,
7290004170837,false,לחם אותנטי כפרי500ג אפוי,גידרון,IL,לחם אותנטי כפרי,גרמים,500.00,100 גרם,false,1,12.90,2.58,true,1,
7290004170844,false,לחם אותנטי שיפון אפוי500,גידרון,IL,לחם אותנטי שיפון,גרמים,500.00,100 גרם,false,1,12.90,2.58,true,1,
7290004170851,false,לחם אותנטי אפוי 500 גרם,גידרון,IL,לחם אותנטי,גרמים,500.00,100 גרם,false,1,12.90,2.58,true,1,
7290004170882,false,שליש באגט אותנטי,גדרון דגון,IL,שליש באגט אותנטי,גרמים,140.00,100 גרם,false,1,5.50,3.93,true,1,
7290004199203,false,קיסמי שיניים מבמבוק מלחיה 300 יחידות,הדקלאים אגודת שיתופי,CN,קיסמי שיניים,יחידה,1.00,יחידה,false,0,3.50,3.50,true,1,
7290004219079,false,לבבות דקל פרוסות ויליפוד 400 גרם,אלימנטוס אי קונסרבס דל א,EC,לבבות דקל פרוס,גרמים,400.00,100 גרם,false,0,10.50,2.63,true,1,
7290004219826,false,מלבין קפה הולנדי קומפלטה 400ג',פריזלנד פודס קיוויט,NL,מלבין קפה קומפלט,גרמים,400.00,100 גרם,false,0,19.80,4.95,true,1,
7290004225278,false,בסגנון דנבלו 28% במשקל,נטו מלינדה סיימן,IL,בסגנון דנבלו,קילוגרמים,0.00,"ק""ג",true,0,60.00,60.00,true,1,
7290004225285,false,גבינה בסגנון דנאבלו 100 ג',האי נאם סי או אל.טי.,DK,בסגנון דנאבלו,גרמים,100.00,100 גרם,false,0,12.20,12.20,true,1,
7290004228767,false,נתחי פילה אמנון ללא עור בציפוי צ'יפס שגב 350 גרם,דלידג בעמ,IL,נתחי פילה אמנון,גרמים,350.00,100 גרם,false,1,29.90,8.54,true,1,
7290004228804,false,עלי בצק לסיגרים שלושת האופים 450 גרם.,"שלושת האופים בע""\מ",IL,עלי בצק למילוי ס,גרמים,450.00,100 גרם,false,1,12.90,2.87,true,1,
7290004230081,false,קציצות עוף ברוטב עגבניות שגב 800 גרם,"טיבון ויל אחזקות בע""\מ",IL,קציצות עוף ברוטב,גרמים,800.00,100 גרם,false,0,29.90,3.74,true,1,
7290004230104,false,קציצות בקר ברוטב עגבניות שגב,טיבון ויל אחזקות בעמ,IL,קציצות בקר ברוטב,גרמים,800.00,100 גרם,false,14,29.90,3.74,true,1,
7290004230333,false,"מקלות בורקס פילו תפו""א שגב 600 גר",שלושת האופים שגמור,IL,מקלות בורקס פילו,גרמים,600.00,100 גרם,false,0,21.90,3.65,true,1,
7290004230340,false,מקלות בורקס פילו תרד ובצל שגב 600 ג,האי נאם סי או אל.טי.,IL,מקלות בורקס פילו,גרמים,600.00,100 גרם,false,0,21.90,3.65,true,1,
7290004230364,false,שגב מקלות בורקס פילו גבינה צרפתי 600 גר,שלושת האופים שגמור,IL,מקלות בורקס פילו,גרמים,600.00,100 גרם,false,0,21.90,3.65,true,1,
7290004230944,false,מקלות פילו גבינה 600 גר' שלושת האופים לנדא,שלושת האופים שגמור,IL,מקלות בורקס,גרמים,600.00,100 גרם,false,0,21.90,3.65,true,1,
7290004256180,false,גאודה הולנדית30.3% משקל,וויסר קאשנדל בי.וי נ,NL,גבינת גאודה,קילוגרמים,0.00,"ק""ג",true,1,99.00,99.00,true,1,
7290004256197,false,גאודה הולנד עז30.6%משקל,וויסר קאשנדל בי.וי נ,NL,גאודה עיזים,קילוגרמים,0.00,"ק""ג",true,1,129.00,129.00,true,1,
7290004323882,false,טחון הודו אדום מתובל,"טיבון ויל אחזקות בע""\מ",IL,טחון הודו אדום,גרמים,500.00,100 גרם,false,0,14.90,2.98,true,1,
7290004324605,false,גבינה מותכת למריחה בטעם רוקפור 7% מון בלאן 120 ג',האי נאם סי או אל.טי.,IL,גבינת מון בלאן7%,גרמים,120.00,100 גרם,false,0,11.90,9.92,true,1,
7290004324858,false,קבב כבש טיבון ויל 500 גרם,"טיבון ויל אחזקות בע""",IL,קבב בטעם כבש,גרמים,500.00,100 גרם,false,0,19.90,3.98,true,1,
7290004339173,false,המבורגר קינואה 400גרם טבע דלי,טבע דלי,IL,המבורגר קינואה,גרמים,400.00,100 גרם,false,0,24.90,6.23,true,1,
7290004339425,false,שווארמה מהצומח 350 גרם טבע דלי,טבע דלי בעמ,IL,שווארמה מן הצומח,גרמים,350.00,100 גרם,false,0,24.90,7.11,true,1,
7290004339432,false,סייטן קפוא טבעי 500 גרם טבע דלי,טבע דלי בעמ,IL,סייטן סגנון טבעי,גרמים,500.00,100 גרם,false,0,16.90,3.38,true,1,
7290004339630,false,סייטן טבעי טבע דלי 350 גר,טבע דלי,IL,סייטן,גרמים,350.00,100 גרם,false,0,19.90,5.69,true,1,
7290004339692,false,סייטן קפוא ביתי 500 גרם טבע דלי,טבע דלי,,סייטן קפוא ביתי,גרמים,500.00,100 גרם,false,0,16.90,3.38,true,1,
7290004339784,false,המבורגר ניו יורק מהצומח על הגריל טבע דלי 400 גרם,טבע דלי,IL,המבורגר ניו יורק,גרמים,400.00,100 גרם,false,0,24.90,6.23,true,1,
7290004339975,false,קובה בורגול במילוי סטיין אמרנט 400 גר,טבע דלי,IL,סייטן אמרנט,גרמים,400.00,100 גרם,false,1,28.90,7.23,true,1,
7290004339999,false,טבע דלי סייטן אמרנט שניצלונים 400גר,טבע דלי,IL,סייטן אמרנט,גרמים,400.00,100 גרם,false,1,28.90,7.23,true,1,
7290004480219,false,גבינת צ'דר 35% במשקל,וואיק פארמס לימיטיד,IL,צ'דר מעדניה,קילוגרמים,0.00,"ק""ג",true,1,109.00,109.00,true,1,
7290004480332,false,גבינת גאודה30%משולש משקל,מחלבות גד,IL,גבינת גאודה,קילוגרמים,0.00,"ק""ג",true,1,110.00,110.00,true,1,
7290004480349,false,"משולש גבינת גאודה עיזים ""גד""",מחלבת אמלטי הולנד,IL,גאודה עיזים,קילוגרמים,0.00,"ק""ג",true,1,131.00,131.00,true,1,
7290004480356,false,ברי פקאן מחלב בקר במשקל,מחלבות גד,IL,ברי פקאן משקל,קילוגרמים,0.00,"ק""ג",true,1,132.00,132.00,true,1,
7290004480394,false,גבינת שמנת עירית30% משקל,מחלבות גד,IL,גבינת שמנת,קילוגרמים,0.00,"ק""ג",true,1,45.00,45.00,true,1,
7290004492274,false,בייגלה טבעות מלוחות בייגל בייגל 400 גרם,יוניליוור מזון,IL,בייגלה טבעות,גרמים,400.00,100 גרם,false,0,10.40,2.60,true,1,
7290004492762,false,"נשנושים תירס אפוי טעם טבעי בייגל בייגל 325 גרם בד""צ",בייגל את בייגל מזון 198),IL,נישנושים תירס,גרמים,325.00,100 גרם,false,0,12.70,3.91,true,1,
7290004494148,false,"דלתון גליל מרלו 750 מ""ל","איי, בי, אינבוו",IL,מרלו דלתון,מיליליטרים,750.00,"100 מ""ל",false,0,54.90,7.32,true,1,
7290004494377,false,"יין אדום שיראז סדרת דלתון 750 מ""ל","איי, בי, אינבוו",IL,דלתון שיראז D,מיליליטרים,750.00,"100 מ""ל",false,0,54.90,7.32,true,1,
7290004494919,false,יין כנען קברנה שיראז 750 מל דלתון,"יקב דלתון בע""מ",IL,כנען קברנה שיראז,מיליליטרים,750.00,"100 מ""ל",false,0,44.90,5.99,true,1,
7290004504229,false,מוצרי מאפה פרימיום לקג,גידרון,IL,מאפה פרימיום,קילוגרמים,0.00,"ק""ג",true,1,42.00,42.00,true,1,
7290004504731,false,לחם רוסי קפוא 550גרם,גידרון,IL,לחם רוסי,יחידה,1.00,יחידה,false,1,10.50,10.50,true,1,
7290004504748,false,לחם בצל קפוא 550גרם,גידרון,IL,לחם בצל,יחידה,1.00,יחידה,false,1,10.50,10.50,true,1,
7290004504755,false,לחם שיפון קפוא 550 גרם,גידרון,IL,לחם שיפון,יחידה,1.00,יחידה,false,1,10.50,10.50,true,1,
7290004504762,false,לחם קמח מלא קפוא 550 גרם,גידרון,IL,לחם קמח מלא,גרמים,550.00,100 גרם,false,1,10.50,1.91,true,1,
7290004549077,false,ממתקים במשקל תפזורת,ממתקי מחרום,IL,ממתקים במשקל,קילוגרמים,0.00,"ק""ג",true,0,39.70,39.70,true,1,
7290004584351,false,גבינה לבנה סימפוניה עם תוספות 200 ג' חמישית 200,"שטראוס בריאות בע""\מ",IL,גבינת סימפוניה,גרמים,200.00,100 גרם,false,0,11.00,5.50,true,1,
7290004584528,false,יוגורט דנונה ביו לבן 1.7% שומן 200 גרם,מיוצר עי קונדיטוריית,IL,יוגורט ביו 1.7%,גרמים,200.00,100 גרם,false,0,3.70,1.85,true,1,
7290004585907,false,דני ועדן וניל 1.5% 125ג' שטראוס,מיוצר עי קונדיטוריית,IL,דני וניל 1.5%,גרמים,125.00,100 גרם,false,0,2.70,2.16,true,1,
7290004603175,false,מלח הים האדום גס מלח הארץ 500 גרם,"חברת מלח הארץ אילת בע""\מ",IL,מלח ים גס,גרמים,500.00,100 גרם,false,0,7.90,1.58,true,1,
7290004639006,false,קוסקוס טוניסאי קפוא 800 גר,מטעמי פאר,IL,קוסקוס מוקפא,גרמים,800.00,100 גרם,false,0,16.90,2.11,true,1,
7290004645830,false,טונה אלבקור פרוס רוז,רוזנרס,IL,טונה אלבקור פרוס,קילוגרמים,0.00,"ק""ג",true,1,59.90,59.90,true,1,
7290004652401,false,ג'חנון ללא מרגרינה שגב 650 גר' לנדא,"שגמור בע""\מ",IL,ג'חנון ללא מרגרי,גרמים,650.00,100 גרם,false,1,21.90,3.37,true,1,
7290004652418,false,מיני ג'חנון ללא מרגרינה 650 גרם שגב,"שגמור בע""\מ",IL,מיני ג'חנון ללא,גרמים,650.00,100 גרם,false,1,21.90,3.37,true,1,
7290004685010,false,לחם 100% שיפון פלוס לחם הארץ 500 גר',מאפית י את א ברמן בע,IL,לחם שיפון פלוס,גרמים,500.00,100 גרם,false,0,16.50,3.30,true,1,
7290004685089,false,לחם הארץ לחם חמניות 500 גר',מאפית י את א ברמן בע,IL,לחם חמניות,גרמים,500.00,100 גרם,false,0,16.50,3.30,true,1,
7290004685126,false,לחם פומפרניקל לחם הארץ 750 גרם,מאפית י את א ברמן בע,IL,לחם הארץ 5 דגנים,גרמים,750.00,100 גרם,false,0,16.50,2.20,true,1,
7290004685157,false,לחם שיפון 100% 750 גרם לחם הארץ,מאפית י את א ברמן בע,IL,לחם שיפון פרוס,גרמים,750.00,100 גרם,false,0,16.50,2.20,true,1,
7290004685195,false,לחם 10 דגנים לחם הארץ 750 גרם,מאפית י את א ברמן בע,IL,לחם 10 דגנים,גרמים,750.00,100 גרם,false,0,16.50,2.20,true,1,
7290004685201,false,לחם הארץ שיפון אגוזים500,מאפית י את א ברמן בע,IL,לחם שיפון אגוזים,גרמים,500.00,100 גרם,false,0,16.50,3.30,true,1,
7290004685225,false,לחם הארץ שיפון פומפרניקל 750 גרם,מאפית י את א ברמן בע,IL,לחם פומפרניקל,גרמים,750.00,100 גרם,false,0,16.50,2.20,true,1,
7290004685430,false,לחם הארץ כוסמין 100% 500 גרם,מאפית י את א ברמן בע,IL,לחם הארץ כוסמין,גרמים,500.00,100 גרם,false,1,16.50,3.30,true,1,
7290004685447,false,לחמניות כוסמין 6 בשקית 450 גרם,מאפית ברמן מקבוצת י. את,IL,לחמניות כוסמין,גרמים,450.00,100 גרם,false,1,15.50,3.44,true,1,
7290004685478,false,פיתות כוסמין 100% כוסמין 550 גרם,"מאפיית אורן משי בע""\מ",IL,פיתות כוסמין,גרמים,550.00,100 גרם,false,1,16.90,3.07,true,1,
7290004725600,false,גבינה סקנדינבית31% משקל,תנובה חלב,IL,גבינה סקנדינבית,קילוגרמים,0.00,"ק""ג",true,1,75.00,75.00,true,1,
7290004725846,false,גאודה קולקשיין במשקל,תנובה,IL,גבינת גאודה,קילוגרמים,0.00,"ק""ג",true,1,79.00,79.00,true,1,
7290004731472,false,"אל סבון צבעוני כיף שלישיה* 500 מ""ל",טרופיקל דגיל תעשיות,IL,אלסבון כיף 3 יח,ליטרים,1.50,ליטר,false,0,17.90,11.93,true,1,
7290004731564,false,"מקסימה מבשם ומרכך למייבש הכביסה בלו בלוסום 750 מ""ל",סנו מקסימה,IL,מקסימה למייבש,מיליליטרים,750.00,"100 מ""ל",false,1,16.30,2.17,true,1,
7290004731670,false,"מטהר אוויר דואופרש פצ'ולי לבנדר סנו 300 מ""ל","סנו מפעלי ברונוס בע""\מ",IL,סנו דואו פרש,מיליליטרים,300.00,"100 מ""ל",false,0,10.90,3.63,true,1,
7290004731687,false,"מטהר אויר בניחוח וניל ולמון גראס סנו 300 מ""ל",סנו מפעלי ברונוס בעמ,IL,סנו דואו פרש,מיליליטרים,300.00,"100 מ""ל",false,0,10.90,3.63,true,1,
7290004737900,false,חלב כחוש מרוכז וממותק בתוספת שמן צמחי ויליפוד 397 גרם,יו.איי.בי מאריג'אמפו,LT,חלב כחוש מרוכז,גרמים,397.00,100 גרם,false,0,7.90,1.99,true,1,
7290004846602,false,גולש עגל ארוז קפוא קג,"זהר בשר עופות ובשר בע""\מ",IL,גולש עגל ארוז קפ,קילוגרמים,0.00,"ק""ג",true,1,39.90,39.90,true,1,
7290004846916,false,המבורגר אנטריקוט 400 גרם,"זהר בשר עופות ובשר בע""\מ",IL,המבורגר אנטריקוט,גרמים,400.00,100 גרם,false,1,29.90,7.48,true,1,
7290004861025,false,גבינה בולגרית 5% במשקל,"מחלבת המושבה בע""מ",IL,גבינה בולגרית,קילוגרמים,0.00,"ק""ג",true,0,50.00,50.00,true,1,
7290004861056,false,גבינה צפתית 5% במשקל,"מחלבת המושבה בע""מ",IL,גבינה צפתית 5%,קילוגרמים,0.00,"ק""ג",true,0,49.00,49.00,true,1,
7290004861285,false,גבינה טבורוג המושבה,"מחלבת המושבה בע""מ",IL,טבורוג 9%,קילוגרמים,0.00,"ק""ג",true,0,39.00,39.00,true,1,
7290004952136,false,הרדוף קמח כוסמין מלא אורגני 1קג,טחנת קמח יפו,IL,קמח כוסמין מלא,קילוגרמים,1.00,"ק""ג",false,0,18.90,18.90,true,1,
7290004952778,false,טופו מפולי סויה אורגני הרדוף 300 גר,כפר בריא בעמ,IL,טופו אורגני,גרמים,300.00,100 גרם,false,0,13.90,4.63,true,1,
7290004952785,false,פריכיות דקות מאורז מלא וכוסמת אורגני 100 גרם הרדוף,פרח תעשיות,IL,פריכיות אורגניות,גרמים,100.00,100 גרם,false,0,12.90,12.90,true,1,
7290004952792,false,פריכיות אורז מלא דקות אורגני הרדוף 100גר,פרח תעשיות,IL,פריכיות אורגני,גרמים,100.00,100 גרם,false,0,12.90,12.90,true,1,
7290004982355,false,גבינת צדר טריפל במשק,כושר דיירי,GB,גבינת צ'דר,קילוגרמים,0.00,"ק""ג",true,1,130.00,130.00,true,1,
7290004982393,false,גבינה ברס בלו במשקל1,בונגראן,FR,גבינת ברס בלו,קילוגרמים,0.00,"ק""ג",true,0,194.00,194.00,true,1,
7290005008184,false,"סבון נוזלי בניחוח חלב שקדים פלמוליב 500 מ""ל",הנסיך- מפעל לייצור ט,TR,סב.נוזלי פלמול,מיליליטרים,500.00,"100 מ""ל",false,0,15.90,3.18,true,1,
7290005008191,false,"סבון נוזלי ארומה בניחוח לבנדר פטצ'ולי וילנג ילנג פלמוליב 500 מ""ל",הנסיך- מפעל לייצור ט,TR,סב.נוזלי פלמוליב,מיליליטרים,500.00,"100 מ""ל",false,0,15.90,3.18,true,1,
7290005008481,false,ספיד סטיק - דאודורנט ג'ל לגבר ספורט 85 גרם,הנסיך- מפעל לייצור ט,US,ספיד סטיק ג'ל,גרמים,85.00,100 גרם,false,0,15.00,17.65,true,1,
7290005068058,false,תירס קל מופחת קלוריות 550 ג' פרי הגליל,"פרי הגליל בע""""מ",IL,תירס קל,גרמים,550.00,100 גרם,false,0,8.90,1.62,true,1,
7290005079412,false,גבינה אמנטל נעם 30% משקל,טרה,IL,גבינת אמנטל,קילוגרמים,0.00,"ק""ג",true,1,61.00,61.00,true,1,
7290005082979,false,חלת דגנים קלועה 560 גרם,"גידרון תעשיות בע""מ",IL,חלה דגנים קלועה,גרמים,560.00,100 גרם,false,0,12.90,2.30,true,1,
7290005082986,false,שליש באגט אותנטי 3יח,גידרון,IL,שליש באגט אותנטי,יחידה,1.00,יחידה,false,0,13.90,13.90,true,1,
7290005084355,false,"סנסודיין - משחת שיניים דואל קר זהב 75 מ""ל",גלקסו סמית קליין,GB,משחת שיניים,מיליליטרים,75.00,"100 מ""ל",false,0,22.90,30.53,true,1,
7290005095245,false,נרות שבת 72 יחידות,HQP,CN,נרות שבת,יחידה,1.00,יחידה,false,0,26.90,26.90,true,1,
7290005095313,false,נרות 72 יח בקרטון דו,HQP,CN,נריות שבת,יחידה,1.00,יחידה,false,1,24.90,24.90,true,1,
7290005095344,false,נר נשמה שבועי בזכוכי,"מ.א. בע""מ",CN,נר נשמה שבועי,יחידה,1.00,יחידה,false,1,12.50,12.50,true,1,
7290005095443,false,נר נשמה בכוס 48 שעות,,IL,נר נשמה 48 שעות,יחידה,1.00,יחידה,false,0,5.60,5.60,true,1,
7290005095467,false,נרות שבת מס 4 180 גר,משווק על ידי HQP,CN,נרות שבת,יחידה,1.00,יחידה,false,1,4.50,4.50,true,1,
7290005095474,false,נרות שבת מס 6 180 גר,HQP,CN,נרות שבת,יחידה,1.00,יחידה,false,1,4.50,4.50,true,1,
7290005095481,false,נרות שבת 8 יחידות 8 יחיד,משווק על ידי HQP,CN,נרות שבת 8 יחידו,יחידה,1.00,יחידה,false,1,4.50,4.50,true,1,
7290005095498,false,נרות שבת 10 יחידות,משווק על ידי HQP,CN,נרות שבת,יחידה,1.00,יחידה,false,1,4.50,4.50,true,1,
7290005095702,false,חיטה תפוחה בדבש 200 גר שלוה,מפעלי דגן ניסן את גפ,IL,חיטה תפוחה בדבש,גרמים,210.00,100 גרם,false,0,8.30,3.95,true,1,
7290005095801,false,רוטב עמבה עם פרי 500,,IL,עמבה,גרמים,500.00,100 גרם,false,0,15.10,3.02,true,1,
7290005095849,false,נרות שבת 12 יחידות,משווק על ידי HQP,CN,נרות שבת,יחידה,1.00,יחידה,false,1,4.50,4.50,true,1,
7290005095856,false,נרות שבת 16 יחידות,משווק על ידי HQP,CN,16 נרות שבת,יחידה,1.00,יחידה,false,1,4.50,4.50,true,1,
7290005095931,false,נרות שבת 20 יחידות,משווק על ידי HQP,CN,נרות שבת,יחידה,1.00,יחידה,false,1,4.50,4.50,true,1,
7290005111761,false,"מזון לכלבים בונזו מזון כלבים בשר 3 ק""ג","ביופט בע""מ",FR,בונזו בשר,קילוגרמים,3.00,"ק""ג",false,0,44.90,14.97,true,1,
7290005113222,false,זיתים קוקטייל וגמבה יבנה 350ג',קבוצת יבנה,IL,מיקס זיתים,גרמים,340.00,100 גרם,false,0,9.90,2.91,true,1,
7290005174513,false,סלט חצילים במיונז אחלה 500 גרם,מיוצר עי קונדיטוריית,IL,סלט חציל מיונז,גרמים,500.00,100 גרם,false,0,15.90,3.18,true,1,
7290005174551,false,סלט חומוס עם צנוברים 125 ג' אחלה,מיוצר עי קונדיטוריית,IL,חומוס יום יום,גרמים,125.00,100 גרם,false,0,4.90,3.92,true,1,
7290005174568,false,סלט חצילים במיונז אחלה 125 גרם,מיוצר עי קונדיטוריית,IL,חציל במיונז אחלה,גרמים,125.00,100 גרם,false,0,4.90,3.92,true,1,
7290005174575,false,טחינה אחלה יום יום משובחת 125ג',מיוצר עי קונדיטוריית,IL,טחינה יום יום,גרמים,125.00,100 גרם,false,0,4.90,3.92,true,1,
7290005199578,false,קפה פלטינום נטול קפאין עלית 200 גרם,שטראוס קפה בי.וי.,IL,קפה פלטינום נטול,גרמים,200.00,100 גרם,false,0,29.90,14.95,true,1,
7290005200786,false,תפוצ'יפס בטעם שמנת בצל עלית 50 גרם,"שטראוס פריטו ליי בע""\מ )",IL,תפוצ'יפס שמנת,גרמים,50.00,100 גרם,false,0,4.00,8.00,true,1,
7290005201455,false,קפה נמס מגורען ארומה קלאסי עלית 200 גרם,"אינסטנטה בע""מ",PL,קפה נמס ארומה,גרמים,200.00,100 גרם,false,0,21.90,10.95,true,1,
7290005201882,false,קפה טורקי בצלופן עלית 200 גרם,הנסיך- מפעל לייצור ט,IL,קפה טורקי בצלופן,גרמים,200.00,100 גרם,false,0,15.90,7.95,true,1,
7290005287039,false,טונה סטארקיסט שמן 110ג,סטארקיסט,IL,טונה סטארקיסט,גרמים,110.00,100 גרם,false,0,6.80,6.18,true,1,
7290005287206,false,טונה סטארקיסט רביעיות בשמן 492 גרם,"סטארקיסט פודור בע""מ",VN,טונה סטארקיסט4יח,גרמים,640.00,100 גרם,false,0,24.90,3.89,true,1,
7290005287251,false,רביעיית טונה במים סטארקיסט 160 גרם,"סטארקיסט פודור בע""מ",VN,טונה סטארקיסט4יח,גרמים,640.00,100 גרם,false,0,24.90,3.89,true,1,
7290005287657,false,"סטארקיסט ממרח טונה 160 גרם בד""צ","סטארקיסט פודור בע""מ",TH,ממרח טונה,גרמים,160.00,100 גרם,false,0,6.50,4.06,true,1,
7290005296246,false,"פותח סתימות דריין אאוט 946 מ""ל יעקבי",יוליניבר,US,פותח סתימות,מיליליטרים,946.00,"100 מ""ל",false,0,25.90,2.74,true,1,
7290005296260,false,"אסטוניש ספריי רסס ונגב לניקוי כללי יעקבי 750 מ""ל",יעקובי אסטוניש,GB,אסטוניש רסס נגב,מיליליטרים,750.00,"100 מ""ל",false,0,12.90,1.72,true,1,
7290005326387,false,עגבניות מיובשות בשמן זית אוליביה 270 גרם,קריות זול,IL,עגבניות מיובשות,גרמים,270.00,100 גרם,false,0,17.90,6.63,true,1,
7290005326585,false,ממרח אוליביה פסטו בזיליקום 180 ג',"אוליביה גורמה בע""מ",IL,פסטו בזיליקום,גרמים,180.00,100 גרם,false,1,12.90,7.17,true,1,
7290005358371,false,שריר מס' 8 מוכשר קפוא קג,פניסקור,XX,שריר מוכשר,קילוגרמים,0.00,"ק""ג",true,0,29.90,29.90,true,1,
7290005358753,false,לשון בקר קפוא חלק קג,נטו,BR,לשון בקר קפוא,קילוגרמים,0.00,"ק""ג",true,1,44.90,44.90,true,1,
7290005384899,false,פטינה ים תיכונית בסג,וילי פוד,IL,בסגנון פטה 21%,קילוגרמים,0.00,"ק""ג",true,0,30.00,30.00,true,1,
7290005416095,false,מחלבת טל גבינת עיזים טבעית 5% 200ג,"ל.ד בר אל בע""מ",IL,גבינת עזים 5% טל,גרמים,200.00,100 גרם,false,0,15.00,7.50,true,1,
7290005416262,false,מחלבת טל יוגורט עיזים בטעם תות 500מל,"ל.ד בר אל בע""מ",IL,יוגורט עיזים תות,מיליליטרים,500.00,"100 מ""ל",false,0,15.40,3.08,true,1,
7290005416279,false,מחלבת טל יוגורט עיזים בטעם פירות יער 500מל,"ל.ד בר אל בע""מ",IL,יוגורט עיזים,מיליליטרים,500.00,"100 מ""ל",false,0,15.40,3.08,true,1,
7290005416286,false,מחלבת טל יוגורט עיזים בטעם אננס 500מל,"ל.ד בר אל בע""מ",IL,יוגורט עיזים,מיליליטרים,500.00,"100 מ""ל",false,0,15.40,3.08,true,1,
7290005416415,false,יוגורט עיזים בגביע 200 גר,מחלבת טל,IL,יוגורט עזים טבעי,גרמים,200.00,100 גרם,false,0,6.40,3.20,true,1,
7290005418709,false,"נטורל קרם לחות לקיבוע תלתלים גלי 400 מ""ל",מיוצר עי אמיליה קוסמ,IL,קרם לחות לתלתלים,מיליליטרים,400.00,"100 מ""ל",false,0,21.70,5.43,true,1,
7290005423055,false,סנו פורטה פלוס מתז בניחות לימון 1 ל',"סנו מפעלי ברונוס בע""\מ",IL,סנו פורטה לימון,ליטרים,1.00,ליטר,false,1,15.90,15.90,true,1,
7290005423253,false,"סנו - מקסימה מרסס למייבש כביסה אולטרה פרש 750 מ""ל","סנו מפעלי ברונוס בע""\מ",IL,מקסימה למייבש,מיליליטרים,750.00,"100 מ""ל",false,0,16.30,2.17,true,1,
7290005423505,false,"מי פה אורביטול להלבנת השיניים 500 מ""ל",קוסמופארם,IL,מי פה אורביטול,מיליליטרים,500.00,"100 מ""ל",false,0,21.70,4.34,true,1,
7290005423567,false,מטליות ניקוי רב שימושיות בגליל סנו סושי 40 יחידות,אסותא תעשיות אלבד בע,IL,מטליות לניקוי,יחידה,1.00,יחידה,false,0,20.20,20.20,true,1,
7290005423635,false,ריצפז נוזל רצפות דוחה תיקנים סנו 2 ליטר,מיוצר עי קונדיטוריית,IL,ריצפז דוחה חרקים,ליטרים,2.00,ליטר,false,0,17.90,8.95,true,1,
7290005423734,false,מרכך כביסה מרוכז אולטרא פרש סנו מקסימה 4 ליטר,"סנו מפעלי ברונוס בע""\מ",IL,מרכך כביסה,ליטרים,4.00,ליטר,false,0,21.90,5.48,true,1,
7290005423833,false,פוליויקס נוזל לניקוי פרקט סנו 2 ליטר,"סנו מפעלי ברונוס בע""\מ",IL,פוליויקס פרקט,ליטרים,2.00,ליטר,false,0,19.90,9.95,true,1,
7290005423871,false,שלישיית משחת שיניים מנטול אורביטול 145 גרם,טרופיקל דגיל תעשיות קוסמ,IL,משחת שיניים,גרמים,435.00,100 גרם,false,0,15.90,3.66,true,1,
7290005423918,false,סנו - מקסימה מרכך כביסה היפואלרגני אלוורה 4 ליטר,"סנו מפעלי ברונוס בע""\מ",IL,מרכך כביסה,ליטרים,4.00,ליטר,false,0,19.90,4.98,true,1,
7290005424403,false,"אל סבון כיף אצות ים קטיפתי 1ליטר,",טרופיקל דגיל תעשיות,IL,אל סבון כיף,ליטרים,1.00,ליטר,false,0,10.90,10.90,true,1,
7290005424755,false,מטליות ריצפז פלוס לחות לניקוי רצפות דוחה תיקנים 10 יח' סנו,סנו מפעלי ברונוס בעמ,IL,מטליות לחות לרצפ,יחידה,1.00,יחידה,false,1,13.90,13.90,true,1,
7290005424847,false,"מפיות סופט לבנות לשולחן (150 יח') ""סנו""",מיוצר עי קונדיטוריית,TR,מפיות דו שכבתי,יחידה,1.00,יחידה,false,0,8.50,8.50,true,1,
7290005425073,false,"מטהר אויר בניחוח יסמין ועץ סאנדלווד סנו 300 מ""ל","סנו מפעלי ברונוס בע""\מ",IL,סנו דואו פרש,מיליליטרים,300.00,"100 מ""ל",false,0,10.90,3.63,true,1,
7290005425110,false,"חיטוי משטחים 99.9% מתז מחטא ומשמיד 750 מ""ל","סנו מפעלי ברונוס בע""\מ",IL,מחטא משטחים סנו,מיליליטרים,750.00,"100 מ""ל",false,1,14.90,1.99,true,1,
7290005425196,false,"מקסימה אבקת כביסה סנסיטיב סנו 2.5 ק""ג",מיוצר עי קונדיטוריית,IL,אבקת כביסה,קילוגרמים,2.50,"ק""ג",false,0,25.90,10.36,true,1,
7290005425585,false,מטליות לחות לניקוי רהיטים סנו 20 יחידות,"סנו מפעלי ברונוס בע""\מ",IL,סנו רהיט מטליות,יחידה,1.00,יחידה,false,0,17.00,17.00,true,1,
7290005425646,false,קליר נוזל לניקוי חלונות רב תכליתי סנו 1 ליטר,"סנו מפעלי ברונוס בע""\מ",IL,סנוקליר 1 ליטר,ליטרים,1.00,ליטר,false,0,9.90,9.90,true,1,
7290005426186,false,סקוטש כריות קרצוף ענקיות סנו סושי 3 יחידות,קריות זול,US,סנו סושי כ.קרצוף,יחידה,1.00,יחידה,false,0,17.50,17.50,true,1,
7290005426568,false,"קרמה - קרם לחות לשיער רגיל 400 מ""ל",טרופיקל דגיל תעשיות,IL,קרם לחות קרמה,מיליליטרים,400.00,"100 מ""ל",false,0,19.80,4.95,true,1,
7290005427787,false,"קרמה - קרם לחות לשיער מתולתל 400 מ""ל",טרופיקל דגיל תעשיות,IL,קרם לשיער קרמה,מיליליטרים,400.00,"100 מ""ל",false,0,19.80,4.95,true,1,
7290005427978,false,"תחליב רחצה לפנים פילינג קרמה 180 מ""ל",גוד פוד פרודקטס S.p,IL,תחליב רחצה לפנים,מיליליטרים,180.00,"100 מ""ל",false,0,12.90,7.17,true,1,
7290005429279,false,סנו מקסימה קומפקט קומפקט אפקט גאוול 6 ק,סנו מפעלי ברונוס בעמ,IL,אבקת כביסה,קילוגרמים,6.00,"ק""ג",false,0,44.90,7.48,true,1,
7290005430602,false,"סנו אוקסיג'ן ספריי להסרת כתמים עם חמצן פעיל 750 מ""ל","סנו מפעלי ברונוס בע""",IL,אוקסיג'ן מ.כתמים,מיליליטרים,750.00,"100 מ""ל",false,0,17.90,2.39,true,1,
7290005431159,false,תותים בקצפת לייט עדן קינוחים 80 גרם,עדן קינוחים,IL,תותים בקצפת לייט,גרמים,80.00,100 גרם,false,1,6.90,8.63,true,1,
7290005431883,false,מלבי חלבי עדן קינוחים 165 גרם,עדן קינוחים Eden,IL,מלבי,גרמים,165.00,100 גרם,false,1,6.90,4.18,true,1,
7290005431906,false,קדאיף עדן קינוחים 82 גרם,עדן קינוחים Eden,IL,קדאיף,גרמים,82.00,100 גרם,false,1,6.90,8.41,true,1,
7290005431913,false,עוגת גבינה פירורים עדן קינוחים 92 גרם,עדן קינוחים Eden,IL,עוגת גבינה,גרמים,92.00,100 גרם,false,1,6.90,7.50,true,1,
7290005431920,false,עוגת גבינה פירורים לייט עדן קינוחים 78 גרם,עדן קינוחים Eden,IL,עוגת גבינה,גרמים,78.00,100 גרם,false,1,6.90,8.85,true,1,
7290005431968,false,מלבי שמנת עדן קינוחים 150 גרם,עדן קינוחים Eden,IL,מלבי שמנת,גרמים,150.00,100 גרם,false,1,6.90,4.60,true,1,
7290005559587,false,מאפה נקניקיה בבצק מעדנות 800ג',"מעדנות בע""\מ",IL,מאפה נקניקיות,גרמים,800.00,100 גרם,false,0,28.10,3.51,true,1,
7290005559907,false,פיצה משפחתית 100% גבינה מעדנות 500 גרם,מיוצר עי קונדיטוריית,IL,פיצה משפחתית,גרמים,500.00,100 גרם,false,0,23.90,4.78,true,1,
7290005559914,false,פיצה משפחתית עם 100% גבינה בתוספת זיתים מעדנות 550 גרם,מיוצר עי קונדיטוריית,IL,פיצה משפחתית,גרמים,550.00,100 גרם,false,0,21.90,3.98,true,1,
7290005559990,false,בצק פילאס תורכי מעדנות 600 גרם,מיוצר עי קונדיטוריית,IL,בצק פילאס תורכי,גרמים,600.00,100 גרם,false,0,22.90,3.82,true,1,
7290005590016,false,עוף שלם טרי ארוז שופרסל,עוף הגליל,IL,עוף שלם טרי,קילוגרמים,0.00,"ק""ג",true,1,18.90,18.90,true,1,
7290005590023,false,כרעיים עוף טרי ארוז שופר,עוף הגליל,IL,כרעיים עוף טרי,קילוגרמים,0.00,"ק""ג",true,1,27.90,27.90,true,1,
7290005590030,false,קוקטיל עוף טרי ארוז שופר,עוף הגליל,IL,קוקטיל עוף טרי,קילוגרמים,0.00,"ק""ג",true,1,27.90,27.90,true,1,
7290005590047,false,שוקייםעוף טרי ארוז שופרס,עוף הגליל,IL,שוקיים עוף טרי,קילוגרמים,0.00,"ק""ג",true,1,32.90,32.90,true,1,
7290005590078,false,פילה עוף טרי ארוז שופרסל,עוף הגליל,IL,פילה עוף טרי,קילוגרמים,0.00,"ק""ג",true,1,34.90,34.90,true,1,
7290005590085,false,לב עוף טרי ארוז שופרסל ק,עוף הגליל,IL,לב עוף טרי,קילוגרמים,0.00,"ק""ג",true,1,23.90,23.90,true,1,
7290005590108,false,כנפיים עוף טרי ארוז שופר,עוף הגליל,IL,כנפיים עוף טרי,קילוגרמים,0.00,"ק""ג",true,1,11.90,11.90,true,1,
7290005590115,false,כבד עוף טרי ארוז שופרסל,עוף הגליל,IL,כבד עוף טרי,קילוגרמים,0.00,"ק""ג",true,1,19.90,19.90,true,1,
7290005590139,false,חזה עוף חצוי טרי ארוז שו,עוף הגליל,IL,חזה עוף טרי,קילוגרמים,0.00,"ק""ג",true,1,31.90,31.90,true,1,
7290005610127,false,תפוח אדמה גורמה דוד משה,אראל תוצרת חקלאית בע,IL,"תפו""א גורמה לבן",קילוגרמים,0.00,"ק""ג",true,1,6.90,6.90,true,1,
7290005651427,false,"בונזו מזון לכלבים מולטיפק 1.2 ק""ג מארז 3 יחידות",קריות זול,FR,מעדן בונזו בשר3*,קילוגרמים,1.20,"ק""ג",false,0,18.00,15.00,true,1,
7290005678028,false,ענב סופריור ירוק,מושב לכיש,IL,ענבים ירוקים,קילוגרמים,0.00,"ק""ג",true,0,25.90,25.90,true,1,
7290005678073,false,פלפל צ'ילי זהבי יחידה,מושב לכיש,IL,פלפל צ'ילי זהבי,יחידה,1.00,יחידה,false,0,5.90,5.90,true,1,
7290005678318,false,ענב לבן אוטם קריספ טלי,אראל תוצרת חקלאית בע,IL,ענב אוטום קריספ,קילוגרמים,0.00,"ק""ג",true,1,25.90,25.90,true,1,
7290005678387,false,ענב אוטום רויאל -שחור,מושב לכיש,IL,ענב אוטום-שחור,קילוגרמים,0.00,"ק""ג",true,0,22.90,22.90,true,1,
7290005678417,false,טלי ענב לבן בוטיק ווינטר קינג,קטיף.,IL,ענב ווינטר קינג,קילוגרמים,0.00,"ק""ג",true,1,25.90,25.90,true,1,
7290005678585,false,ענב סקרלוטהללא חרצן ארוז,ביכורי השקמה,IL,ענבים סקרלוטה,קילוגרמים,0.00,"ק""ג",true,0,16.90,16.90,true,1,
7290005678868,false,פלפל חריף חלפיניו,קטיף.,IL,פלפל חריף חלפיני,גרמים,200.00,100 גרם,false,1,8.90,4.45,true,1,
7290005680052,false,טמפונים סופר פלוס אובה 32 יחידות,גונסון אנד גונסון,GR,טמפוני או-בה,יחידה,1.00,יחידה,false,0,23.90,23.90,true,1,
7290005697531,false,"יוגורט עיזים תות ביו 500 מ""ל ""גלילי""",מחלבת גלילי,IL,יוגורט עיזים תות,מיליליטרים,500.00,"100 מ""ל",false,1,13.90,2.78,true,1,
7290005697555,false,יוגורט עיזים ביו1ליטר,מחלבת גלילי,IL,יוגורט עיזים ביו,ליטרים,1.00,ליטר,false,1,19.90,19.90,true,1,
7290005697814,false,יוגורט אורגני טבעי 1,חוות רום,IL,יוגורט אורגני,ליטרים,1.00,ליטר,false,1,22.50,22.50,true,1,
7290005718021,false,שטורדל גבינה,"גידרון תעשיות בע""מ",IL,שטרודל גבינה,יחידה,1.00,יחידה,false,0,27.90,27.90,true,1,
7290005718038,false,"שטרודל תפו""ע","גידרון תעשיות בע""מ",IL,"שטרודל תפו""ע",יחידה,1.00,יחידה,false,0,27.90,27.90,true,1,
7290005838002,false,מעדן גבינה ויוגורט בטעם וניל 88 ג' דניאלה,"שטראוס בריאות בע""מ",IL,מעדן דניאלה,גרמים,88.00,100 גרם,false,0,4.10,4.66,true,1,
7290005838613,false,"סקי וניל בודד 125 גרם ""שטראוס""","שטראוס בריאות בע""\מ",IL,סקי מעדן גבינה,גרמים,125.00,100 גרם,false,0,3.70,2.96,true,1,
7290005838972,false,גבינת יום יום 5% שטראוס 125ג',מיוצר עי קונדיטוריית,IL,גבינת סקי,גרמים,125.00,100 גרם,false,0,3.10,2.48,true,1,
7290005839078,false,שמיניית יוגורט לבן 3% ביו דנונה 150 גרם,מיוצר עי קונדיטוריית,IL,דנונה ביו 8 יח,קילוגרמים,1.20,"ק""ג",false,0,16.90,14.08,true,1,
7290005839108,false,גבינה לבנה סימפוניה עם תוספות 200 ג'+זיתים 5%,"שטראוס בריאות בע""\מ",IL,גבינת סימפוניה,גרמים,200.00,100 גרם,false,0,11.00,5.50,true,1,
7290005839313,false,"מילקי טופ מגולגלת שטראוס 170 מ""ל",מיוצר עי קונדיטוריית,IL,מילקי טופ,מיליליטרים,170.00,"100 מ""ל",false,0,4.90,2.88,true,1,
7290005896439,false,"בירה מכבי, בקבוק חוזר 500 מ''ל","טמפו משקאות בע""מ",IL,בירה מכבי,מיליליטרים,500.00,"100 מ""ל",false,0,6.60,1.32,true,1,
7290005896453,false,"בירה מכבי 7.9%, בירה חזקה, בקבוק חוזר 500 מ''ל",פארייפאבה אגרואינדוס,IL,בירה מכבי 7.9%,מיליליטרים,500.00,"100 מ""ל",false,1,7.00,1.40,true,1,
7290005938245,false,ממרח פסטו קלאסי פרסקו 220ג' מצונן,מיוצר עי פרסקו חצבה,IL,פסטו קלאסי,גרמים,220.00,100 גרם,false,0,18.90,8.59,true,1,
7290005938627,false,ממרח עגבניות מיובשות פרסקו 220 גרם,פרסקו חצבה 2006 בעמ,IL,ממרח עגבניות,גרמים,220.00,100 גרם,false,1,18.90,8.59,true,1,
7290005992018,false,"יוגורט עיזים לשתיה 3% מחלבות גד 500 מ""ל","מיוצר ע""\י קוד יצרן MKN",IL,יוגורט חלב עיזים,מיליליטרים,500.00,"100 מ""ל",false,0,12.20,2.44,true,1,
7290005992575,false,גבינה בולגרית למריחה 5% גד 250 גרם,מחלבות גד בעמ,IL,בולגרית למריחה,גרמים,250.00,100 גרם,false,0,15.90,6.36,true,1,
7290005992735,false,לאבנה טבעית 5% 250 גר' - רבנות,הנסיך- מפעל לייצור ט,IL,גבינת לאבנה גד5%,גרמים,250.00,100 גרם,false,0,12.50,5.00,true,1,
7290005992858,false,גבינת פטה עיזים במשק,יושלם,IL,פטה עיזים5% משקל,קילוגרמים,0.00,"ק""ג",true,0,119.00,119.00,true,1,
7290005992872,false,גב.צפתית במים 5% במשקל,מחלבות גד,IL,גבינה צפתית 5%,קילוגרמים,0.00,"ק""ג",true,0,64.00,64.00,true,1,
7290005992889,false,גב.שמנת שום שמיר 30%משקל,מחלבות גד,IL,גבינת שמנת שום,קילוגרמים,0.00,"ק""ג",true,0,45.00,45.00,true,1,
7290005996009,false,סלמי גלילי מעושן 400 ג' יחיעם,מעדני יחיעםn\,IL,סלמי גלילי מעושן,גרמים,400.00,100 גרם,false,1,22.90,5.73,true,1,
7290005996153,false,נקניקיות צרפתיות פרמיום יחיעם 280 גרם,מעדני יחיעם,IL,נקנקיות בסגנון,גרמים,280.00,100 גרם,false,1,22.90,8.18,true,1,
7290005996825,false,נקניקיות בקר בסגנון אמריקאי 280 גרם,מעדני יחיעם 1993,IL,"נקנ"" בקר בסגנון",גרמים,280.00,100 גרם,false,1,22.90,8.18,true,1,
7290006185501,false,"פנינה רוזנבלום -אל סבון נוזלי ורוד,1 ליטר",פנינה רוזנבלום,IL,סבון נוזלי ורוד,ליטרים,1.00,ליטר,false,0,9.80,9.80,true,1,
7290006185518,false,"פנינה רוזנבלום -אל סבון נוזלי כחול,1 ליטר",פנינה רוזנבלום,IL,סבון נוזלי פנינה,ליטרים,1.00,ליטר,false,0,9.80,9.80,true,1,
7290006199218,false,"שמיניית גלידל אייס מוקה ""פלדמן""",הגלידות של פלדמן,IL,גלידל קפוצ'ינו,גרמים,400.00,100 גרם,false,0,31.90,7.98,true,1,
7290006214003,false,חלבה ממולאת א.חלב נכ,אל מנאר,IL,חלבה ממולאת,קילוגרמים,0.00,"ק""ג",true,1,59.00,59.00,true,1,
7290006222497,false,פקאן מצופה בטעמים במ,"דין שיווק וקלייה בע""",IL,פקאן בטעמים,גרמים,0.00,"ק""ג",true,1,99.00,99.00,true,1,
7290006229427,false,סן בנדטו - מים מינרלים - מארז שישיית 500 מל,קריות זול,IT,סאן בנדטו 6 יח',ליטרים,3.00,ליטר,false,0,13.90,4.63,true,1,
7290006241511,false,"משקה לימונענע מרוכז קפוא פריגת 280 מ""ל",היינץ צפון אמריקה מק,IL,פריגת נענע פרי,מיליליטרים,280.00,"100 מ""ל",false,0,13.90,4.96,true,1,
7290006241689,false,"משקה לימונים מרוכז קפוא פריגת 280 מ""ל",היינץ צפון אמריקה מק,IL,פריגת לימון,מיליליטרים,280.00,"100 מ""ל",false,0,13.90,4.96,true,1,
7290006251107,false,תה צ'אי מסאלה ויסוצקי 25 יחידות,מולינו ניקולי s.p.a,IL,תה צ'אי מסאלה,גרמים,50.00,100 גרם,false,0,18.90,37.80,true,1,
7290006251275,false,תה ירוק סיני קלאסי ויסוצקי 25 יחידות,תה ויסוצקי,IL,תה ירוק סיני,גרמים,37.00,100 גרם,false,0,24.90,67.30,true,1,
7290006251282,false,חליטת חמוציות הגן הקסום ויסוצקי 25 יחידות,תה ויסוצקי,IL,חליטת חמוציות,גרמים,75.00,100 גרם,false,0,18.90,25.20,true,1,
7290006251374,false,תה ירוק לימונית וג'ינג'ר ויסוצקי 25 יחידות,תה ויסוצקי,IL,תה ירוק לימונית,גרמים,37.00,100 גרם,false,0,24.90,67.30,true,1,
7290006251589,false,תה ירוק עם עלי נענע 50 שקיקים ויסוצקי,בית ויסוצקי,IL,תה ירוק נענע,גרמים,75.00,100 גרם,false,0,39.90,53.20,true,1,
7290006256089,false,"יין אדום קברנה סוביניון גאטו נגרו 750 מ""ל",פינקה לה סליה,AR,גאטו נגרו קברנה,מיליליטרים,750.00,"100 מ""ל",false,0,39.90,5.32,true,1,
7290006256775,false,"יין גאטו נגרו מלבק 750 מ""ל",פינקה לה סליה,AR,גאטו נגרו מלבק,מיליליטרים,750.00,"100 מ""ל",false,0,39.90,5.32,true,1,
7290006271174,false,ג'חנון לאפיה בתנור מעדנות 700 גרם,מיוצר עי קונדיטוריית,IL,ג'חנון בצק,גרמים,700.00,100 גרם,false,0,19.40,2.77,true,1,
7290006271181,false,ג'חנון אפוי למיקרוגל מעדנות 750 גרם,מיוצר עי קונדיטוריית,IL,ג'חנון אפוי,גרמים,750.00,100 גרם,false,0,25.60,3.41,true,1,
7290006271648,false,מיני בורקס תפוחי אדמה מעדנות 800 גרם,"מעדנות בע""\מ",IL,"מיני בורקס תפו""א",גרמים,800.00,100 גרם,false,1,22.70,2.84,true,1,
7290006271655,false,מיני בורקס גבינה מעדנות 800 גרם,מיוצר עי קונדיטוריית,IL,מיני בורקס גבינה,גרמים,800.00,100 גרם,false,1,26.90,3.36,true,1,
7290006272072,false,חטיפי פיצה גבינה מעדנות 650 גרם,"מעדנות בע""\מ",IL,חטיפי פיצה גבינה,גרמים,650.00,100 גרם,false,1,33.90,5.22,true,1,
7290006272430,false,בצק עלים חמאה מעדנות 600 גרם,מיוצר עי קונדיטוריית,IL,בצק עלים חמאה,גרמים,600.00,100 גרם,false,0,28.60,4.77,true,1,
7290006306302,false,רביולי במילוי גבינות פרמזן ריקוטה 400 ג' פסטה נונה,דורום תעשיות מזון ופסטה,IL,רביולי גבינה,גרמים,400.00,100 גרם,false,0,23.90,5.98,true,1,
7290006306319,false,רביולי במילוי בטטה 400 ג' פסטה נונה,דורום תעשיות מזון ופסטה,IL,רביולי בטטה,גרמים,400.00,100 גרם,false,0,23.90,5.98,true,1,
7290006342645,false,טורטיה גדולה שקדיה 840 גרם 12 יחידות,אלקטי קוראבייכיסיגיד,TR,טורטיות 12 יח',גרמים,840.00,100 גרם,false,0,14.90,1.77,true,1,
7290006374660,false,שמן זית כתית לתיבול קלאסי יד מרדכי 1 ליטר,מכוורת יד מרדכי שטראוס ב,IL,שמן זית 2 קלאסי,ליטרים,1.00,ליטר,false,0,42.90,42.90,true,1,
7290006374738,false,קונפיטורית תות 340 גר' יד מרדכי,אף.סי תבליני בגליל ב,IL,קונפיטורה תות,גרמים,340.00,100 גרם,false,0,11.90,3.50,true,1,
7290006385178,false,לחם שאור עם אגוזים+צימוק,"גידרון תעשיות בע""מ",IL,לחם שאור+אגוזים,גרמים,525.00,100 גרם,false,0,16.90,3.22,true,1,
7290006390745,false,שבלול עם צימוקים קפוא,"גידרון תעשיות בע""מ",IL,שבלול עם צימוקים,יחידה,1.00,יחידה,false,0,4.50,4.50,true,1,
7290006391025,false,בייגלה ירושלמי קפוא,"גידרון תעשיות בע""מ",IL,ביגלה ירושלמי,יחידה,1.00,יחידה,false,0,5.50,5.50,true,1,
7290006401366,false,"סבון לשטיפה אינטימית ליגיניה פרוטקטיב 200 מ""ל",)פייזר (קונסיומר הלט קר,IT,ליגיניה סבון,מיליליטרים,200.00,"100 מ""ל",false,0,34.90,17.45,true,1,
7290006401373,false,ליגיניה סבון מרענן לשטיפה אינטימית,פייזר )קונסיומר הלט קר(,IT,ליגיניה אקטיב,מיליליטרים,200.00,"100 מ""ל",false,0,34.90,17.45,true,1,
7290006451187,false,שנק עם מילוי תרד משקל,"גידרון תעשיות בע""מ",IL,שנק תרד חלבי,קילוגרמים,0.00,"ק""ג",true,1,42.00,42.00,true,1,
7290006464156,false,שניצל עגל טרי,מעדני הטלה והעגל,IL,שניצל עגל טרי,קילוגרמים,0.00,"ק""ג",true,1,89.90,89.90,true,1,
7290006492432,false,גבינת מוצרלה בייבי 18% גד 150 גרם,מחלבות גד בעמ,IL,גבינה מוצרלה,גרמים,150.00,100 גרם,false,0,13.90,9.27,true,1,
7290006492616,false,גבינה בולגרית מעודנת פרוסות 5% גד 250 גרם,DSH עבור מחלבות גד ב,IL,גבינה בולגרית,גרמים,250.00,100 גרם,false,0,26.80,10.72,true,1,
7290006492630,false,גבינת פרומעז עיזים 22% גד 180 גרם,מחלבות גד בעמ,IL,גליל גבינת עיזים,גרמים,180.00,100 גרם,false,0,22.90,12.72,true,1,
7290006492685,false,גבינת לאבנה עיזים 5% גד 250 גרם,מחלבות גד בעמ,IL,לאבנה עיזים גד,גרמים,250.00,100 גרם,false,0,17.40,6.96,true,1,
7290006492852,false,גבינת עיזים למריחה 5% 250 גרם רובין,קריות זול,IL,גבינת עיזים גד,גרמים,250.00,100 גרם,false,0,16.50,6.60,true,1,
7290006492913,false,גבינת לאבנה ציזיקי 5% מחלבות גד 250 גרם,מחלבות גד בעמ,IL,ציזיקי למריחה,גרמים,250.00,100 גרם,false,0,13.20,5.28,true,1,
7290006494917,false,טוסו וופל קלאסי במילוי שוקולד 200 גרם,"איטיליאן פוד, אס.פי.",IL,ופלים שוקולד,גרמים,200.00,100 גרם,false,0,9.80,4.90,true,1,
7290006494924,false,טוסו וופל קלאסי במילוי קרם לימון 200 גרם,"גילרו בע""מ",IL,ופלים טוסו,גרמים,200.00,100 גרם,false,1,9.80,4.90,true,1,
7290006498052,false,דנונה ביו יוגורט טבעי מהדרין 3% 150 ג',שטראוס גרופ,IL,יוגורט לבן 3%,גרמים,150.00,100 גרם,false,0,2.60,1.73,true,1,
7290006511157,false,"פטריות שלמות ויליפוד 400 גרם בד""ץ",אוקצ'מפס אס.איי אויי,PL,פטריות שלמות,גרמים,400.00,100 גרם,false,0,8.00,2.00,true,1,
7290006511904,false,גבינת אדם כדורים במשקל,ברגלנדמיל,NL,גבינת אדם,קילוגרמים,0.00,"ק""ג",true,0,70.00,70.00,true,1,
7290006559180,false,לבנה בופאלו למריחה 250 גר,,IL,לבנה למריחה 250ג,גרמים,250.00,100 גרם,false,0,19.90,7.96,true,1,
7290006559265,false,גבינת מוצרלה בופאלו,,IL,מוצרלה בופאלו,גרמים,250.00,100 גרם,false,0,37.90,15.16,true,1,
7290006559340,false,בוקצינו די בופאלו 150 גר,,IL,בוקנצ'ני בופאל,גרמים,150.00,100 גרם,false,0,27.00,18.00,true,1,
7290006559388,false,"יורט סגנון של יוגורט 850 גרם ""בופלו""",מחלבת חוות הבופאלו,IL,יורט ביו ביו,גרמים,850.00,100 גרם,false,0,24.90,2.93,true,1,
7290006559593,false,גבינה בופאלו למריחה 250גר,,IL,גבינה בופאלו,גרמים,250.00,100 גרם,false,0,24.90,9.96,true,1,
7290006559692,false,גבינת קדם %00 55ג' בופלו,,IL,גבינת קדם,גרמים,500.00,100 גרם,false,0,24.90,4.98,true,1,
7290006559784,false,דבקה גבינה צ'רקסית 250גר,מחלבת חוות הבופאלו,IL,גבינה צ'רקסית,גרמים,250.00,100 גרם,false,1,27.90,11.16,true,1,
7290006559807,false,בלה מוצרלה 18% שומן150גר,מחלבת חוות הבופאלו,IL,בלה מוצרלה,גרמים,150.00,100 גרם,false,1,26.90,17.93,true,1,
7290006567048,false,פתיתי קוסקוס ישראלי אסם 350 גרם,"מיוצר ע""י קוד יצרן K",IL,פתיתי קוסקוס,גרמים,350.00,100 גרם,false,0,7.90,2.26,true,1,
7290006577689,false,גבינה צפתית5%אורגני200ג,חוות רום,IL,גבינה צפתית,גרמים,200.00,100 גרם,false,0,29.90,14.95,true,1,
7290006582355,false,סילאן סירופ 900 גרם שקדיה,"דין שיווק וקליה בע""מ",TR,סילאן,גרמים,900.00,100 גרם,false,0,10.00,1.11,true,1,
7290006618146,false,"הפי מדליק פחמים נוזלי יעקבי 500 מ""ל",תות תעשיות מזון (201,NL,הפי מדליק פחם,מיליליטרים,500.00,"100 מ""ל",false,0,15.90,3.18,true,1,
7290006644510,false,"מיץ ענבים 500 מ""ל תפוזינה",יפאורה שותפות מובגלת לשיווק,IL,תפוזינה ענבים,מיליליטרים,500.00,"100 מ""ל",false,0,5.50,1.10,true,1,
7290006644527,false,תפוזינה תות בננה 0.5 ליטר,יפאורה שותפות מובגלת לשיווק,IL,תפוזינה תות בננה,מיליליטרים,500.00,"100 מ""ל",false,0,5.50,1.10,true,1,
7290006652027,false,במבה חטיף בוטנים אסם 20*15 גרם,מיוצר עי קונדיטוריית,IL,במבה 20 יח',גרמים,300.00,100 גרם,false,0,23.90,7.97,true,1,
7290006653765,false,פרפקטו פסטה פטוצ'יני אסם 500 גרם,אסם פרפקטו,IT,פטוציני פרפקטו,גרמים,500.00,100 גרם,false,0,6.90,1.38,true,1,
7290006653819,false,פתיתי קוסקוס דק 350 גרם,"מיוצר ע""י קוד יצרן K",IL,קוסקוס דק,גרמים,350.00,100 גרם,false,0,7.90,2.26,true,1,
7290006660602,false,מי קוקוס אורגני גרין קוקו קרטונית 1 ליטר,תות תעשיות מזון (201,VN,מי קוקוס אורגני,ליטרים,1.00,ליטר,false,1,19.90,19.90,true,1,
7290006664037,false,גמדים דגנים ארוחת בוקר מארז 100X4ג',"שטראוס בריאות בע""\מ",IL,מארז גמדים 4 יח,גרמים,400.00,100 גרם,false,0,10.00,2.50,true,1,
7290006664051,false,"אקטימל לבן 1.51 ק""ג מארז 14 יחידות",מיוצר עי קונדיטוריית,IL,אקטימל מארז14יח',ליטרים,1.40,ליטר,false,0,29.90,21.36,true,1,
7290006664402,false,גבינה לבנה סקי 5% שומן 750 גרם,מיוצר עי קונדיטוריית,IL,גבינת סקי5%,גרמים,750.00,100 גרם,false,0,14.94,1.99,true,1,
7290006664532,false,יוגורט עם תות 3% שומן 150 ג' דנונה,מיוצר עי קונדיטוריית,IL,דנונה תות 3%,גרמים,150.00,100 גרם,false,0,3.90,2.60,true,1,
7290006664655,false,"אקטימל לבן טבעי מארז 100X8 מ""ל",מיוצר עי קונדיטוריית,IL,אקטימל לבן 8 יח,מיליליטרים,800.00,"100 מ""ל",false,0,20.90,2.61,true,1,
7290006664693,false,יוגורט עם אפרסק 3% שומן 150 ג' דנונה,מיוצר עי קונדיטוריית,IL,דנונה אפרסק %3,גרמים,150.00,100 גרם,false,0,3.90,2.60,true,1,
7290006664990,false,"יוגורט דנונה ביו לבן 1.7% שומן 8*150 מ""ל",מיוצר עי קונדיטוריית,IL,דנונה ביו 8 יח',קילוגרמים,1.20,"ק""ג",false,0,16.90,14.08,true,1,
7290006666307,false,חומוס אורגינל סלטי מ,סלטי משני,IL,סלט חומוס,גרמים,300.00,100 גרם,false,0,12.90,4.30,true,1,
7290006666314,false,סלט טחינה משומשום טהור,סלטי משני,IL,סלט טחינה משני,גרמים,300.00,100 גרם,false,0,12.90,4.30,true,1,
7290006666338,false,סלט טחינה ירוקה עם פטרוזיליה,סלטי משני,IL,סלט טחינה ירוקה,גרמים,300.00,100 גרם,false,0,14.40,4.80,true,1,
7290006666345,false,סלט חצילים במיונז על האש,סלטי משני,IL,סלט חציל במיונז,גרמים,300.00,100 גרם,false,0,19.90,6.63,true,1,
7290006666413,false,סלט כרוב שוודי 300 גרם,סלטי משני,IL,סלט כרוב שוודי,גרמים,300.00,100 גרם,false,0,14.90,4.97,true,1,
7290006666437,false,סלט טורקי סלטי משני,סלטי משני,IL,סלט טורקי,גרמים,300.00,100 גרם,false,0,17.30,5.77,true,1,
7290006666444,false,סלט עגבניות מטבוחה חריף,סלטי משני,IL,סלט מטבוחה,גרמים,300.00,100 גרם,false,0,19.90,6.63,true,1,
7290006666451,false,סלט עגבניות סלסה חריף,סלטי משני,IL,סלט סלסלה,גרמים,300.00,100 גרם,false,0,19.90,6.63,true,1,
7290006666468,false,סלט גזר חריף במיץ לימון,סלטי משני,IL,סלט גזר בלימון,גרמים,300.00,100 גרם,false,0,19.90,6.63,true,1,
7290006666499,false,סלט טונה לבנה ברוטב 300 גר,סלטי משני,IL,סלט טונה לבנה,גרמים,300.00,100 גרם,false,0,26.90,8.97,true,1,
7290006666826,false,סחוג ירוק סלט פלפלים,סלטי משני,IL,סחוג ירוק,גרמים,150.00,100 גרם,false,0,13.40,8.93,true,1,
7290006681003,false,גלידה קרמיסימו סרבט תות לימון 650 גרם,"גלידת שטראוס בע""\מ, רחוב",IL,קרמיסימו פרווה ת,ליטרים,1.33,ליטר,false,0,18.90,14.21,true,1,
7290006681577,false,מאגדת קרחון אסקימו לימון דובדובן 10 יח' שטראוס,"מיוצר ע""\י גלידת שטראוס",IL,מאגדת אסקימו,גרמים,700.00,100 גרם,false,0,16.90,2.41,true,1,
7290006712981,false,"משחת שיניים קולגייט ספיידרמן מגיל שש 50 מ""ל",הנסיך- מפעל לייצור ט,PL,משחת שיניים,מיליליטרים,50.00,"100 מ""ל",false,0,11.90,23.80,true,1,
7290006739247,false,פסטרמה איטלקית זוגלו,זוגלובק,IL,פסטרמה איטלקית,קילוגרמים,0.00,"ק""ג",true,0,85.00,85.00,true,1,
7290006739407,false,שניצל תירס לייט זוגלובק 600 גרם,נקניק נהריה כשר זוגל,IL,שניצל תירס,גרמים,630.00,100 גרם,false,0,27.90,4.43,true,1,
7290006739414,false,נקניק סלמי קוניאק זוגלובק 300 גרם,נקניק נהריה כשר זוגל,IL,סלמי קוניאק,גרמים,300.00,100 גרם,false,0,28.70,9.57,true,1,
7290006739421,false,נקניק סלמי מעושן איטלקי זוגלובק 300 גרם,נקניק נהריה כשר זוגל,IL,סלמי מעושן,גרמים,300.00,100 גרם,false,0,28.70,9.57,true,1,
7290006739445,false,שניצל תירס קלאסי 750 ג' זוגלובק,נקניק נהריה כשר זוגל,IL,שניצל תירס,גרמים,750.00,100 גרם,false,0,24.70,3.29,true,1,
7290006739544,false,נקניק כתף בקר 3% 300 גרם,זוגלובק,IL,כתף בקר,גרמים,300.00,100 גרם,false,0,29.90,9.97,true,1,
7290006742162,false,המבורגר מזרחי זוגלובק 400 גרם,נקניק נהריה כשר זוגל,IL,המבורגר מזרחי,גרמים,400.00,100 גרם,false,0,19.90,4.98,true,1,
7290006742278,false,פסטרמה הודו צלויה על לבנים 330 ג' זוגלובק,נקניק נהריה כשר זוגל,IL,פסטרמה צלויה,גרמים,330.00,100 גרם,false,0,26.90,8.15,true,1,
7290006742292,false,פסטרמה הודו בדבש 330 ג' זוגלובק,נקניק נהריה כשר זוגל,IL,פסטרמה בדבש,גרמים,330.00,100 גרם,false,0,26.90,8.15,true,1,
7290006742315,false,פסטרמה חזה הודו ברביקיו 2% זוגלובק 330 גרם,נקניק נהריה כשר זוגל,IL,חזה הודו ברביקיו,גרמים,330.00,100 גרם,false,0,26.90,8.15,true,1,
7290006748133,false,"זר פרחים רגיל ""פרחי דיאן""",פרחי ליידי דיאן,IL,זר פרחים בינוני,יחידה,1.00,יחידה,false,0,25.00,25.00,true,1,
7290006748157,false,"זר פרחים 3 ""פרחי דיאן""",פרחי ליידי דיאן,IL,זר מיוחד,יחידה,1.00,יחידה,false,0,30.00,30.00,true,1,
7290006764065,false,בירה נשר מאלט ללא אלכוהול 500 מל,"טמפו משקאות בע""\ם.",IL,בירה נשר מאלט,מיליליטרים,500.00,"100 מ""ל",false,0,5.20,1.04,true,1,
7290006764072,false,"בירה גולדסטאר בקבוק 500 מ""ל חוזר","טמפו משקאות בע""\מ",IL,בירה גולדסטאר,מיליליטרים,500.00,"100 מ""ל",false,0,7.60,1.52,true,1,
7290006764096,false,"בירה איגל 3.8% בקבוק 500 מ""ל חוזר","טמפו משקאות בע""\מ",IL,בירה איגל,מיליליטרים,500.00,"100 מ""ל",false,1,5.90,1.18,true,1,
7290006764102,false,שישיית בירה גולדסטאר בסקט מולטי בקבוק חוזר,"טמפו משקאות בע""\מ",IL,גולדסטאר 6 יח,ליטרים,3.00,ליטר,false,1,40.90,13.63,true,1,
7290006764157,false,"בירה גולדסטאר Unfiltered, בירה לא מסוננת, בקבוק חוזר 500 מ""ל",פארייפאבה אגרואינדוס,IL,בירה גולדסטאר,מיליליטרים,500.00,"100 מ""ל",false,1,7.90,1.58,true,1,
7290006764485,false,"בירה שחורה נשר מאלט שישייה ח""פ 330*6 מ''ל","טמפו משקאות בע""\ם.",IL,נשר מאלט 6 יח,ליטרים,1.98,ליטר,false,0,30.30,15.30,true,1,
7290006765000,false,טורטיה מקמח מלא שקדיה 540 גרם,אלקטי קוראבייכיסיגיד,TR,אורטיות 8 יח',גרמים,540.00,100 גרם,false,0,12.80,2.37,true,1,
7290006765871,false,שקד טבעי ענק במשקל,"דין שיווק וקלייה בע""",IL,שקד טבעי,גרמים,0.00,"ק""ג",true,0,69.00,69.00,true,1,
7290006788429,false,"קרליין - נושם סאן רייס דאודורנט רול און לאישה כתום 75 מ""ל","אמיליה קוסמטיקס בע""מ",IL,דאודורנט קרליין,מיליליטרים,75.00,"100 מ""ל",false,0,12.90,17.20,true,1,
7290006788436,false,"קרליין - נושם פיור דאודורנט רול און לאישה ורוד 75 מ""ל","אמיליה קוסמטיקס בע""מ",IL,דאודורנט קרליין,מיליליטרים,75.00,"100 מ""ל",false,0,12.90,17.20,true,1,
7290006788443,false,"קרליין - נושם אוקסיג'ן דאודורנט רול און לאישה סגול 75 מ""ל","אמיליה קוסמטיקס בע""מ",IL,דאודורנט קרליין,מיליליטרים,75.00,"100 מ""ל",false,0,12.90,17.20,true,1,
7290006788481,false,"קרליין - נושם סאן רייס דאודורנט ספריי לאישה כתום 200 מ""ל",מיוצר עי : אמיליה קוסמטי,IL,דאודורנט קרליין,מיליליטרים,200.00,"100 מ""ל",false,0,11.90,5.95,true,1,
7290006788498,false,"קרליין - נושם פיור דאודורנט ספריי לאישה ורוד 200 מ""ל",מיוצר עי : אמיליה קוסמטי,IL,דאודורנט קרליין,מיליליטרים,200.00,"100 מ""ל",false,0,11.90,5.95,true,1,
7290006789617,false,"קרם לחות לתלתול טבעי לשיער גלי עד מתולתל 10 קרליין 400 מ""ל",מיוצר עי : אמיליה קוסמטי,IL,קרליין קרם לשיער,מיליליטרים,400.00,"100 מ""ל",false,0,16.90,4.23,true,1,
7290006822192,false,נקטר דיאט חמוציות אושן ספריי פריגת 1 ליטר,מבשלות בירה בינלאומיות ב,IL,אושן ספריי,ליטרים,1.00,ליטר,false,0,11.90,11.90,true,1,
7290006855244,false,ברבריא חטיף שקדים צימוקים ודבש 120 גרם,טבעית מוצרים מן הטבע בעמ,IL,חטיפי ברבריא,גרמים,108.00,100 גרם,false,0,16.90,15.65,true,1,
7290006855251,false,ברבריא חטיף קשיו חמוציות וסילאן 120 גרם,טבעית מוצרים מן הטבע בעמ,IL,חטיפי ברבריא 4יח,גרמים,108.00,100 גרם,false,0,16.90,15.65,true,1,
7290006855435,false,בר בראי בייטס כדורי תמרים+שקדים קוקוס אננס 55 ג' בית יוסף,טבעית מוצרים מן הטבע בעמ,IL,BITES שקדים אננס,גרמים,55.00,100 גרם,false,1,6.90,12.55,true,1,
7290006866363,false,מיץ סחוט אשכוליות אדומות פרימור 1 ליטר,"גניר (1992) בע""מ",IL,מיץ אשכולית סחוט,ליטרים,1.00,ליטר,false,0,15.80,15.80,true,1,
7290006920553,false,כפיר הצהובה הטובה 5% 400ג,צי תעשיות מזון יבנה,IL,צהובה טובה 5%,גרמים,400.00,100 גרם,false,0,23.90,5.98,true,1,
7290006983176,false,אוסם - לחמית שיפון 250 גרם,"אסם השקעות בע""\מ",IL,לחמית שיפון אסם,גרמים,230.00,100 גרם,false,0,9.50,4.13,true,1,
7290006983206,false,תערובת להכנת פלפל קלי קלות 180 גרם,"אסם השקעות בע""\מ",IL,תערובת לפלאפל,גרמים,180.00,100 גרם,false,0,9.70,5.39,true,1,
7290006983763,false,עוגת הבית שוקולד 400 גרם אסם.,מיוצר עי קונדיטוריית,IL,עוגת שוקולד,גרמים,400.00,100 גרם,false,0,11.90,2.98,true,1,
7290006983770,false,עוגת הבית שיש אסם 400 גרם,מיוצר עי קונדיטוריית,IL,עוגת שיש,גרמים,400.00,100 גרם,false,0,11.90,2.98,true,1,
7290006983787,false,עוגת הבית שוקולד צ'יפס אסם 400 גרם,מיוצר עי קונדיטוריית,IL,עוגת שוקוצ'יפס,גרמים,400.00,100 גרם,false,0,11.90,2.98,true,1,
7290006983794,false,עוגת הבית בטעם תפוז אסם 400 גרם,מיוצר עי קונדיטוריית,IL,עוגת תפוז,גרמים,400.00,100 גרם,false,0,11.90,2.98,true,1,
7290006992161,false,מטרנה - דייסת קורנפלור פרוביוטי 200 גרם,מולינו ניקולי s.p.a,IL,דייסת מטרנה,גרמים,200.00,100 גרם,false,0,13.90,6.95,true,1,
7290006992390,false,"מטרנה - דייסת וניל פרוביוטי כשל""פ 200 גרם",מולינו ניקולי s.p.a,IL,דייסת וניל מטרנה,גרמים,200.00,100 גרם,false,0,13.90,6.95,true,1,
7290008000239,false,"שטיפה אינטימית מועשר בלחות פמינה 220 מ""ל",פמינה,IL,פמינה לשטיפה,מיליליטרים,220.00,"100 מ""ל",false,0,24.90,11.32,true,1,
7290008101356,false,קריספ פאנקו זהב 300 גרם מיימונס,א.ל ייצור ושיווק תבל,IL,פנקו זהוב קריספ,גרמים,300.00,100 גרם,false,1,9.90,3.30,true,1,
7290008104050,false,"פמינה - שטיפה אינטימית קלאסית 220 מ""ל",כצט נוביס סעמ,IL,תחליב פמינה,מיליליטרים,220.00,"100 מ""ל",false,0,22.90,10.41,true,1,
7290008116541,false,"שטיפת פה ליסטרין קול מינט 500 מ""ל",ג'\ונסון אנד ג'\ונסון,IT,מי פה ליסטרין,מיליליטרים,500.00,"100 מ""ל",false,0,21.90,4.38,true,1,
7290008116565,false,ליסטרין שטיפת פה פרש 500 מל,ג'\ונסון אנד ג'\ונסון,IT,מי פה ליסטרין,מיליליטרים,500.00,"100 מ""ל",false,0,21.90,4.38,true,1,
7290008154222,false,שניצלונים עוף טוב 700 גרם,"מוצרי עוף טוב (2001) בע""",IL,שניצלונים 700ג,גרמים,700.00,100 גרם,false,0,19.90,2.84,true,1,
7290008175173,false,חמאה מפינלנד ללא מלח 200 גרם ויליפוד,ואליו אל.טי.די,FI,חמאה ווליו,גרמים,200.00,100 גרם,false,0,11.90,5.95,true,1,
7290008175760,false,מנצגו חלב כבשים מעדניה שקיל,אלפסטור,ES,גבינת מנצ'גו,קילוגרמים,0.00,"ק""ג",true,0,99.00,99.00,true,1,
7290008175814,false,וילי פוד פטריות שמפיניון חתוך בדץ 400ג,"אוקצ'מפ אס, איי אויי",PL,פטריות חתוכות,גרמים,400.00,100 גרם,false,0,4.90,1.23,true,1,
7290008175906,false,גבינת עיזים חלב ארינ,אלמטאה,NL,גבינת עיזים100%,קילוגרמים,0.00,"ק""ג",true,0,125.00,125.00,true,1,
7290008190909,false,עוגיות מיני קוקיס שוקולד צ'יפס בצנצנת כרמית 600 גרם,כרמית תעשיות ממתקים,IL,מיני קוקיס,גרמים,600.00,100 גרם,false,0,17.90,2.98,true,1,
7290008263597,false,קוואקר אורגני הרדוף 500 גרם,אול אורגני,IL,קוואקר אורגני,גרמים,500.00,100 גרם,false,0,10.90,2.18,true,1,
7290008263641,false,קוואקר עדין אורגני 500 גרם - הרדוף,אול אורגני,IL,קוואקר אורגני,גרמים,500.00,100 גרם,false,0,10.90,2.18,true,1,
7290008263658,false,"משקה סויה ללת""ס אורגני 1 ליטר",ליקואטס,ES,"משקה סויה ללת""ס",ליטרים,1.00,ליטר,false,0,12.90,12.90,true,1,
7290008268448,false,אוכמניות ארוז,אראל תוצרת חקלאית בע,IL,אוכמניות,גרמים,125.00,100 גרם,false,1,14.90,11.92,true,1,
7290008268455,false,קיווי ישראלי בראשית,בראשית,IL,קיווי במארז,יחידה,1.00,יחידה,false,1,16.90,16.90,true,1,
7290008328913,false,סילאן טבעי 100% 900 גרם יורו פוד,סאנאי וי טיקרט א.ס,TR,סילאן תמרים טהור,גרמים,900.00,100 גרם,false,0,21.70,2.41,true,1,
7290008340618,false,סלמון מעושן מצונן דלידג 100 ג',ויליגר תעשיות בעמ,IL,סלמון מעושן,גרמים,100.00,100 גרם,false,0,19.90,19.90,true,1,
7290008343466,false,בצק פילו 500 גרם שלושת האופים,שלושת האופים שגמור,IL,בצק פילו 500 גרם,גרמים,500.00,100 גרם,false,0,22.90,4.58,true,1,
7290008343558,false,"סיגרים בשר 1 ק""ג שלושת האופים","שלושת האופים בע""\מ",IL,סיגרים פיקנטי,קילוגרמים,1.00,"ק""ג",false,0,19.90,19.90,true,1,
7290008343565,false,"סיגרים תפו""א 1 ק""ג שלושת האופים","שלושת האופים בע""\מ",IL,"סיגרים תפו""א",קילוגרמים,1.00,"ק""ג",false,0,19.90,19.90,true,1,
7290008343602,false,"קובה בשר 1 ק""ג שלושת האופים","שלושת האופים בע""\מ",IL,קובה במילוי בשר,קילוגרמים,1.00,"ק""ג",false,0,21.90,21.90,true,1,
7290008343619,false,"פסטלים תפו""א שלושת האופים 1 ק""ג","שלושת האופים בע""\מ",IL,"פסטלים תפו""א",קילוגרמים,1.00,"ק""ג",false,0,19.90,19.90,true,1,
7290008343626,false,"כדורי פלאפל 1 ק""ג שלושת האופים","שלושת האופים בע""\מ",IL,פלאפל 1 ק'ג,גרמים,1000.00,100 גרם,false,0,21.90,2.19,true,1,
7290008344258,false,המבורגר מזרחי טיבון ויל 400 גרם,"טיבון ויל אחזקות בע""\מ",IL,המבורגר מזרחי,גרמים,400.00,100 גרם,false,0,20.90,5.23,true,1,
7290008344272,false,המבורגר 100% טיבון ויל 400 גרם,טיבון ויל אחזקות בעמ,IL,המבורגר בקר,גרמים,400.00,100 גרם,false,0,20.90,5.23,true,1,
7290008345156,false,פילה מקרוסקה דלידג ב,נטו מלינדה סיימן,IL,פילה מקרוסקה,קילוגרמים,0.00,"ק""ג",true,0,119.00,119.00,true,1,
7290008345170,false,מקרל חצאים מעושן דלי,נטו מלינדה סיימן,IL,מקרל מעושן,קילוגרמים,0.00,"ק""ג",true,0,105.00,105.00,true,1,
7290008345576,false,סלט איקרה ביתית לבנה 300 גרם דלידג,כלורוקס אוקלנד,IL,איקרה ביתית לבנה,גרמים,300.00,100 גרם,false,0,19.90,6.63,true,1,
7290008345583,false,איקרה ביתית ורוד 300 גרם דלידג,כלורוקס אוקלנד,IL,איקרה ביתית,גרמים,300.00,100 גרם,false,0,19.90,6.63,true,1,
7290008347211,false,אצבעות דג מצופות דלידג 700 גרם,אף.סי תבליני בגליל ב,IL,אצבעות דג,גרמים,700.00,100 גרם,false,0,22.90,3.27,true,1,
7290008403191,false,גבינת קשקבל בשלה במשקל,לקטיס סאן וינשנטה,ES,גבינת קשקבל,קילוגרמים,0.00,"ק""ג",true,0,115.00,115.00,true,1,
7290008403238,false,ברי אזיני סנט מור32%משקל,קואופורטיב איסיני סנט מר,FR,גבינת ברי,קילוגרמים,0.00,"ק""ג",true,1,132.00,132.00,true,1,
7290008403863,false,גבינת גאודה חצי קשה משקל,הנרי וויליך,NL,גבינת גאודה,קילוגרמים,0.00,"ק""ג",true,1,110.00,110.00,true,1,
7290008403870,false,גאודה עיזים הולנדית משקל,הנרי וויליך,NL,גאודה עיזים,קילוגרמים,0.00,"ק""ג",true,1,139.00,139.00,true,1,
7290008409049,false,שניצלונים בציפוי שומשום מיני מיני דק מאמא עוף 500 גרם,תנובה גליל שותפות מוגבלת,IL,שניצל מיני דק,גרמים,500.00,100 גרם,false,0,27.90,5.58,true,1,
7290008409124,false,מאמא עוף קפוא שניצל ג'ונגל פריך 700 גרם,תנובה גליל שותפות מוגבלת,IL,שניצל ג'ונגל,גרמים,700.00,100 גרם,false,0,36.90,5.27,true,1,
7290008409216,false,מאמא עוף קפוא שניצל דק פריך 700 גרם,תנובה גליל,IL,שניצל דק דק פריך,גרמים,700.00,100 גרם,false,0,39.90,5.70,true,1,
7290008409315,false,שניצלונים בציפוי פריך מיני מיני דק מאמא עוף 500 גרם,תנובה גליל,IL,מיני דק שניצלוני,גרמים,500.00,100 גרם,false,0,27.90,5.58,true,1,
7290008409582,false,שניצל עוף אמיתי בציפוי ביתי מאמא עוף 700 גרם,תנובה גליל שותפות מוגבלת,IL,שניצל אמיתי ביתי,גרמים,700.00,100 גרם,false,0,41.70,5.96,true,1,
7290008425186,false,זיתים אורגניים סורי400גר,,IL,זיתים אורגניים,גרמים,400.00,100 גרם,false,0,21.90,5.48,true,1,
7290008425193,false,זיתים נבאלי 400 גרם,,IL,זיתים אורגניים,גרמים,400.00,100 גרם,false,0,21.90,5.48,true,1,
7290008425728,false,נקטר קוקטייל 1 ליטר אורגני,,IL,נקטר קוקטיל פירו,ליטרים,1.00,ליטר,false,0,23.20,23.20,true,1,
7290008443616,false,"מרכך לשיער יבש אדום נקה 7 750 מ""ל","אמיליה קוסמטיקס בע""מ",IL,קונדישנר נקה 7,מיליליטרים,750.00,"100 מ""ל",false,0,10.90,1.45,true,1,
7290008461047,false,גב.ברי לה רוסטיק 31%משקל,נטו מלינדה סיימן,FR,גבינת ברי,קילוגרמים,0.00,"ק""ג",true,0,172.00,172.00,true,1,
7290008461283,false,גבינת טריפל צ'דר חצי קשה הגבינות של נני 200 גרם,יוליניבר,GB,גבינת טריפל צ'דר,גרמים,200.00,100 גרם,false,1,20.90,10.45,true,1,
7290008462204,false,חרדל דיז'ון מקורי נטו מאי 380 גרם,יוליניבר,FR,חרדל דיז'ון,גרמים,380.00,100 גרם,false,0,15.90,4.18,true,1,
7290008462259,false,חרדל דיז'ון גרגירים מיילי 380 גרם,בונגראן,FR,חרדל דיז'ון,גרמים,380.00,100 גרם,false,0,18.90,4.97,true,1,
7290008462310,false,גבינת סנט מור עיזים משקל,סואניון,FR,גבינת עיזים,קילוגרמים,0.00,"ק""ג",true,0,170.00,170.00,true,1,
7290008464024,false,"בירה גולדסטאר Unfiltered, בירה לא מסוננת, פחית 500 מ""ל","טמפו משקאות בע""מ",IL,גולדסטאר בפחית,מיליליטרים,500.00,"100 מ""ל",false,0,9.70,1.94,true,1,
7290008464222,false,"בירה מכבי 7.9%, בירה חזקה, פחית 500 מ""ל","טמפו משקאות בע""\מ",IL,בירה מכבי 7.9%,מיליליטרים,500.00,"100 מ""ל",false,1,7.90,1.58,true,1,
7290008464468,false,"בירה גולדסטאר, פחית 500 מ""ל",פארייפאבה אגרואינדוס,IL,בירה גולדסטאר,מיליליטרים,500.00,"100 מ""ל",false,0,8.60,1.72,true,1,
7290008464475,false,"בירה מכבי, פחית 500 מ""ל","טמפו משקאות בע""\מ",IL,בירה מכבי פחית,מיליליטרים,500.00,"100 מ""ל",false,0,7.90,1.58,true,1,
7290008464604,false,"בירה הייניקן פחית 500 מ""ל",טמפו משקאות בע''מ,NL,בירה היינקן פחית,מיליליטרים,500.00,"100 מ""ל",false,0,9.90,1.98,true,1,
7290008464697,false,"בירה מכבי 7.9%, בירה חזקה, מארז שישייה, בקבוק 330 מ""ל",טמפו,IL,בירה מכבי 6 יח,ליטרים,1.98,ליטר,false,0,27.90,14.09,true,1,
7290008464703,false,"שישיית בירה מכבי בקבוק 330 מ""ל",טמפו משקאות בע''מ,IL,בירה מכבי 6 בקב.,ליטרים,1.98,ליטר,false,0,27.90,14.09,true,1,
7290008464734,false,"שישיית בירה גולדסטאר לאגר SLOW BREW בקבוק 330 מ""ל",טמפו משקאות בע''מ,IL,בירה גולדסטאר6יח,ליטרים,1.98,ליטר,false,1,36.90,18.63,true,1,
7290008464741,false,"בירה גולדסטאר, מארז שישייה, בקבוק 330 מ''ל","טמפו משקאות בע""\מ",IL,גולדסטאר 6 יח',ליטרים,1.98,ליטר,false,0,24.90,12.58,true,1,
7290008493413,false,פירורי לחם מאיר בייגל פירורי גריסיני 200 גרם,מאיר את ביגל,IL,פירורי גריסיני,גרמים,200.00,100 גרם,false,0,6.20,3.10,true,1,
7290008493710,false,פירורי לחם מאיר בייגל פרורי גריסני זהב 200 גרם,מאיר את ביגל,IL,פירורי גריסיני,גרמים,200.00,100 גרם,false,1,6.20,3.10,true,1,
7290008644112,false,סלט מטבוחה יום יום אחלה 125 גרם,"שטראוס גרופ בע""\מ",IL,מטבוחה יום יום,גרמים,125.00,100 גרם,false,0,4.90,3.92,true,1,
7290008644235,false,עלי בייבי שטראוס 120 גרם,שטראוס בריאות ירקות טריי,IL,עלי בייבי,גרמים,120.00,100 גרם,false,0,10.90,9.08,true,1,
7290008644945,false,לקט לסלט המושבה שטראוס 450 גרם,שטראוס בריאות ירקות טריי,IL,סלט המושבה,גרמים,450.00,100 גרם,false,0,12.90,2.87,true,1,
7290008645935,false,חומוס לניגוב 750 ג' אחלה,"שטראוס גרופ בע""\מ",IL,חומוס אחלה,גרמים,750.00,100 גרם,false,0,9.90,1.32,true,1,
7290008679428,false,כפפות הנדי לבית ולמטבח בינוני,קריות זול,TW,זוג כפפות בית,יחידה,1.00,יחידה,false,0,5.90,5.90,true,1,
7290008690713,false,נקטר חמוציות אושן ספריי פריגת 1 ליטר,מבשלות בירה בינלאומיות ב,IL,אושן ספריי,ליטרים,1.00,ליטר,false,0,11.90,11.90,true,1,
7290008693134,false,מעדן גבינה ויוגורט בטעם תות 5% שומן 88 ג' דניאלה,"שטראוס בריאות בע""מ",IL,דניאלה תות מוקצף,גרמים,88.00,100 גרם,false,0,4.10,4.66,true,1,
7290008713900,false,לחם שיפון עגול פרוס אנג'ל 750 גרם,מאפיית אנג'\ל אורנים מאפ,IL,לחם שיפון עגול,גרמים,750.00,100 גרם,false,0,13.90,1.85,true,1,
7290008713917,false,לחם שיפון כהה פרוס מאפיית אחדות 750 גרם,מאפיית שלמה א. אנג'\ל בע,IL,לחם שיפון כהה,גרמים,750.00,100 גרם,false,0,13.90,1.85,true,1,
7290008745239,false,תפוצ'יפס קראנצ' בטעם טבעי עלית 50 גרם,"שטראוס פריטו ליי בע""\מ )",IL,תפוצ'יפס קראנצ',גרמים,50.00,100 גרם,false,0,4.00,8.00,true,1,
7290008747547,false,תפוצ'יפס קראנץ' בטעם טבעי עלית 200 גרם,"שטראוס פריטו ליי בע""\מ )",IL,תפוצ'יפס קראנצ',גרמים,200.00,100 גרם,false,0,9.90,4.95,true,1,
7290008753111,false,תפוצ'יפס קראנץ' בטעם מקסיקני עלית 50 גרם,"שטראוס פריטו ליי בע""\מ )",IL,תפוצ'יפס קראנצ',גרמים,50.00,100 גרם,false,0,4.00,8.00,true,1,
7290008754415,false,גומי מאסט בטעם ספירמינט עדין פליפטופ 28 ג' עלית,"שטראוס גרופ בע""מ",IL,מסטיק מאסט LL,גרמים,28.00,100 גרם,false,0,4.30,15.36,true,1,
7290008757034,false,"שוופס סודה זכוכית 250 מ""ל",יפאורה שותפות מובגלת לשיווק,IL,מי סודה,מיליליטרים,250.00,"100 מ""ל",false,0,3.90,1.56,true,1,
7290008757980,false,קרטונית ספרינג נקטר רימונים 1 ליטר,יפאורה שותפות מובגלת לשיווק,IL,נקטר רימונים,ליטרים,1.00,ליטר,false,0,6.90,6.90,true,1,
7290008775816,false,ערגליות עוגיות במילוי שוקולד אסם 300 גרם,מיוצר עי קונדיטוריית,IL,ערגליות שוקו,גרמים,300.00,100 גרם,false,0,9.90,3.30,true,1,
7290008775823,false,ערגליות עוגיות תות שדה אסם 300 גרם,מיוצר עי קונדיטוריית,IL,ערגליות תות,גרמים,300.00,100 גרם,false,0,9.90,3.30,true,1,
7290008801546,false,יין מוסקט מתוק קינג דיוויד יקבי כרמל,אגודת הכורמים הקואופרטיב,IL,מוסקט קינג דיווד,מיליליטרים,750.00,"100 מ""ל",false,0,21.90,2.92,true,1,
7290008801850,false,סלקטד אמרלד ריזלינג לבן חצי יבש 750 מל,אגודת הכורמים הקואופרטיב,IL,אמרלד ריזלינג,מיליליטרים,750.00,"100 מ""ל",false,0,29.90,3.99,true,1,
7290008802291,false,יין מרלו פרייבט קולקשן יקבי כרמל,אגודת הכורמים הקואופרטיב,IL,מרלו P.C,מיליליטרים,750.00,"100 מ""ל",false,0,39.90,5.32,true,1,
7290008802512,false,"יין וינו אדום ""כרמל מזרחי""",כרמל מזרחי,IL,יין אדום יבש,מיליליטרים,750.00,"100 מ""ל",false,0,21.90,2.92,true,1,
7290008805049,false,סלקטד זינפנדל כרמל מזרחי 750 מל,"כד בני דרום בע""מ",IL,רוזה סלקטד,מיליליטרים,750.00,"100 מ""ל",false,0,29.90,3.99,true,1,
7290008805384,false,סלקטד מוסקטו לבן מבעבע 750 מל 2016,אגודת הכורמים הקואופרטיב,IL,סלקטד מוסקטו,מיליליטרים,750.00,"100 מ""ל",false,0,29.90,3.99,true,1,
7290008806961,false,גלידה שוקולד שבבי שוקולד פרה 1.33 ל' קרמיסימו,"גלידת שטראוס בע""\מ, רחוב",IL,קרמיסימו שוקולד,ליטרים,1.33,ליטר,false,0,18.90,14.21,true,1,
7290008806985,false,נישנושים גלידה שוקו וניל בציפוי שוקולד 60 יח' קרמיסימו,"גלידת שטראוס בע""\מ, רחוב",IL,נשנושי שוקווניל,גרמים,630.00,100 גרם,false,0,44.90,7.13,true,1,
7290008830676,false,תערובת מן הטבע יחידה,"דין שיווק וקלייה בע""",IL,תערובת מן הטבע,יחידה,1.00,יחידה,false,0,5.00,5.00,true,1,
7290008830690,false,מובחרים מן הטבע יחידה,"דין שיווק וקלייה בע""",IL,מובחרין מן הטבע,יחידה,1.00,יחידה,false,0,10.00,10.00,true,1,
7290008846219,false,"שמן זית כתית מעולה חלוצה 750 מ""ל",האי נאם סי או אל.טי.,IL,שמן זית כתית,מיליליטרים,750.00,"100 מ""ל",false,0,41.90,5.59,true,1,
7290008849470,false,ממרח פלפל צ'ומה אוליביה 185 גרם,אוליביה גורמה בעמ,IL,פלפל צ'ומה,גרמים,185.00,100 גרם,false,0,13.90,7.51,true,1,
7290008866002,false,קממברט אגוזים בייבי משקל,גבינות משק יעקבס,IL,קממברט אגוזים,קילוגרמים,0.00,"ק""ג",true,1,129.00,129.00,true,1,
7290008866125,false,מארז מנצגו כמהין במשקל,משק יעקבס,IL,מנצגו כמהין,קילוגרמים,0.00,"ק""ג",true,1,169.00,169.00,true,1,
7290008909853,false,"קוקה קולה זירו בקבוק 500 מ""ל.",החברה המרכזית לייצור משקאות,IL,קוקה קולה זירו,מיליליטרים,500.00,"100 מ""ל",false,0,7.50,1.50,true,1,
7290008975780,false,"מזון לכלבים בונזו מזון כלבים גזע קטן 3 ק""ג","ביופט בע""מ",FR,בונזו גזע קטן,קילוגרמים,3.00,"ק""ג",false,0,44.90,14.97,true,1,
7290008981279,false,זעתר עם שומשום נחלה100גר,קפה אל נח'לה,IL,זעתר עם שומשום,גרמים,100.00,100 גרם,false,0,11.90,11.90,true,1,
7290008989169,false,"אורז תפוח בשקית בטר אנד דיפרנט 500 גרם לל""ג",בטר אנד דיפרנט,IL,אורז תפוח,גרמים,500.00,100 גרם,false,0,21.90,4.38,true,1,
7290008989671,false,"ציפוי עדיף פריך ""ללא גלוטן"" בטר אנד דיפרנט 250 גרם",בטר אנד דיפרנט,IL,ציפוי עדיף פריך,גרמים,250.00,100 גרם,false,0,10.90,4.36,true,1,
7290008989749,false,פריכיות קינואה +אורז מלא 200 גרם,בטר אנד דיפרנט,IL,פריכיות קינואה,גרמים,200.00,100 גרם,false,0,13.90,6.95,true,1,
7290008989848,false,ממרח חמאת בוטנים קרנצי בטר אנד דיפרנט 350 גרם,בטר אנד דיפרנט B&D,IL,חמאת בוטנים,גרמים,350.00,100 גרם,false,0,14.20,4.06,true,1,
7290009011678,true,קוביות לגולש טרי ארוז לק,,IL,קוביות לגולש טרי,קילוגרמים,0.00,"ק""ג",true,1,69.90,69.90,true,1,
7290009011685,true,שניצל בקר טרי ארוז שופרס,,IL,שניצל בקר טרי,קילוגרמים,0.00,"ק""ג",true,1,89.90,89.90,true,1,
7290009012828,true,חזה עוף טרי פרימיום קג,עוף עוז,IL,חזה עוף טרי פרימ,קילוגרמים,0.00,"ק""ג",true,1,39.90,39.90,true,1,
7290009017038,true,נקניק סלמי צרפתי שופרסל,מעדני יחיעם,IL,סלמי צרפתי,קילוגרמים,0.00,"ק""ג",true,1,130.00,130.00,true,1,
7290009017045,true,כתף בקר מפולפל שופרסל,מעדני יחיעם,IL,כתף בקר מפולפל,קילוגרמים,0.00,"ק""ג",true,1,105.00,105.00,true,1,
7290009017052,true,איטלקי מפולפל שופרסל,מעדני יחיעם,IL,איטלקי מפולפל,קילוגרמים,0.00,"ק""ג",true,1,66.00,66.00,true,1,
7290009017069,true,נקניק סרוולד שופרסל קג,מעדני יחיעם,IL,סלמי סרוולד,קילוגרמים,0.00,"ק""ג",true,1,130.00,130.00,true,1,
7290009017076,true,נקניק סלמי תה שופרסל קג,מעדני יחיעם,IL,סלמי תה,קילוגרמים,0.00,"ק""ג",true,1,49.00,49.00,true,1,
7290009068818,true,אגוז ברזיל טבעי במשקל,דין שיווק,IL,אגוז ברזיל טבע,גרמים,0.00,"ק""ג",true,0,99.00,99.00,true,1,
7290009068955,true,חמניות קלופות טבעי,דין שיווק,IL,חמניות קלופות,גרמים,0.00,"ק""ג",true,0,45.00,45.00,true,1,
7290009069174,true,שקד מסוכר,דין שיווק,IL,שקד מסוכר,גרמים,0.00,"ק""ג",true,0,95.00,95.00,true,1,
7290009069518,true,ג'ינג'ר מסוכר במשקל,דין שיווק,TH,ג'ינג'ר מסוכר,גרמים,0.00,"ק""ג",true,0,40.00,40.00,true,1,
7290009069990,true,תערובת הבית במשקל,,,תערובת הבית,קילוגרמים,0.00,"ק""ג",true,0,114.00,114.00,true,1,
7290009077490,true,זית מרוקאי במשקל,,IL,זית מרוקאי,קילוגרמים,0.00,"ק""ג",true,0,49.00,49.00,true,1,
7290009077650,true,זית יווני ענק במשקל,,IL,זית יווני ענק,קילוגרמים,0.00,"ק""ג",true,0,64.00,64.00,true,1,
7290009077667,true,מלפפון/ירקות במשקל,,IL,מלפפון/ירקות,קילוגרמים,0.00,"ק""ג",true,0,35.00,35.00,true,1,
7290009090017,true,תבלינים,,,תבלינים,קילוגרמים,0.00,"ק""ג",true,0,99.00,99.00,true,1,
7290009098563,true,אבוקדו ארוז אורגני במשקל,,IL,אבוקדו אורגני,קילוגרמים,0.00,"ק""ג",true,1,13.90,13.90,true,1,
7290009099461,true,פפריקה במשקל,,IL,פפריקה במשקל,קילוגרמים,0.00,"ק""ג",true,0,64.00,64.00,true,1,
7290009105162,true,זוג נתחי סלמון ללא עור,ויליגר,IL,זוג נתחי סלמון ל,קילוגרמים,0.00,"ק""ג",true,0,99.90,99.90,true,1,
7290009137293,true,גב.פרמזן30% שופרסל במשקל,אמברוסי,IT,גבינת פרמזן,קילוגרמים,0.00,"ק""ג",true,1,83.00,83.00,true,1,
7290009137408,true,מיקס דונאטס 4 יח,סטוקסון,PL,מיקס דונאטס 4 יח,יחידה,1.00,יחידה,false,1,19.90,19.90,true,1,
7290009137415,true,מיקס דונאטס 6 יח,סטוקסון,PL,מיקס דונאטס 6 יח,יחידה,1.00,יחידה,false,1,27.90,27.90,true,1,
7290009137651,true,גאודה פסטו אדום משקל,הנרי ויליך,NL,גאודה פסטו אדום,קילוגרמים,0.00,"ק""ג",true,1,99.00,99.00,true,1,
7290009137675,true,גאודה בקר מיושן שנה משקל,הנרי ויליך,NL,גאודה בקר מיושנת,קילוגרמים,0.00,"ק""ג",true,1,109.00,109.00,true,1,
7290009137705,true,סופגניה מיני ללא ריבה4י,גידרון,IL,סופגניה מיני 4יח,יחידה,1.00,יחידה,false,1,12.90,12.90,true,1,
7290009137712,true,סופגניה מיני ללא ריבה 8י,גידרון,IL,סופגניה מיני 8יח,יחידה,1.00,יחידה,false,1,31.20,31.20,true,1,
7290009137729,true,סופגניה גדולה ללא ריבה3י,גידרון,IL,סופגניה רגילה3יח,יחידה,1.00,יחידה,false,1,12.90,12.90,true,1,
7290009137736,true,סופגניה גדולה ללא ריבה6י,גידרון,IL,סופגניה רגילה6יח,יחידה,1.00,יחידה,false,1,35.40,35.40,true,1,
7290009137750,true,גבינה צהובה28% במשקל,MLEKOVITA,PL,גבינה צהובה 28%,קילוגרמים,0.00,"ק""ג",true,1,27.00,27.00,true,1,
7290009137798,true,מנצגו כמהין משקל,ארטסנוס קווסרוס מנצ'גוס,ES,מנצגו כמהין,קילוגרמים,0.00,"ק""ג",true,1,179.00,179.00,true,1,
7290009137804,true,מוצרלה שופרסל במשקל,קיוסריה,ES,מוצרלה שופרסל,קילוגרמים,0.00,"ק""ג",true,1,55.00,55.00,true,1,
7290009137811,true,מוצרלה שופרסל מגורד משקל,קיוסריה,ES,מוצרלה מגורדת,קילוגרמים,0.00,"ק""ג",true,1,55.00,55.00,true,1,
7290009137859,true,"משקה מצונן 350 מ""ל",,IL,משקה מצונן 350מל,מיליליטרים,350.00,"100 מ""ל",false,1,8.00,2.29,true,1,
7290009137897,true,אבוקדו במשקל,,IL,אבקודו גליל,קילוגרמים,0.00,"ק""ג",true,1,13.90,13.90,true,1,
7290009144772,true,בשר טחון טרי יבוא קג,,IL,בשר טחון טרי,קילוגרמים,0.00,"ק""ג",true,1,39.90,39.90,true,1,
7290009148077,true,כרעיים עוף טרי ארוז קג,מילועוף,IL,כרעיים עוף טרי,קילוגרמים,0.00,"ק""ג",true,1,27.90,27.90,true,1,
7290009148091,true,שוקיים עוף טרי ארוז קג,מילועוף,IL,שוקקים עוף טרי,קילוגרמים,0.00,"ק""ג",true,1,32.90,32.90,true,1,
7290009148114,true,כבד עוף טרי ארוז קג,מילועוף,IL,כבד עוף טרי,קילוגרמים,0.00,"ק""ג",true,1,19.90,19.90,true,1,
7290009148145,true,שניצל עוף טרי ארוז קג,מילועוף,IL,שניצל עוף טרי,קילוגרמים,0.00,"ק""ג",true,1,34.90,34.90,true,1,
7290009148176,true,קוקטייל טרי ארוז דיל קג,מילועוף,IL,קוקטייל טרי ארוז,קילוגרמים,0.00,"ק""ג",true,1,27.90,27.90,true,1,
7290009391282,true,פילהאמנון7-9ע.עור100%דג,הויזונג ביילו גוושי,CN,פילה אמנון קפוא,קילוגרמים,0.00,"ק""ג",true,0,34.90,34.90,true,1,
7290009391336,true,פילה אמנון קפוא 80% קג,XINTAISHENG HAINAN,CN,פילה אמנון קפוא,קילוגרמים,0.00,"ק""ג",true,0,29.90,29.90,true,1,
7290009391619,true,כרעיים עוף טרי פרמיום קג,מילועוף,IL,כרעיים עוף טרי,קילוגרמים,0.00,"ק""ג",true,1,34.90,34.90,true,1,
7290009391626,true,שוקיים עוף טרי פרמיום קג,מילועוף,IL,שוקיים פרמיום,קילוגרמים,0.00,"ק""ג",true,1,37.90,37.90,true,1,
7290009391633,true,פרגיות טרי פרימיום שופרס,מילועוף,IL,פרגיות פרמיום טר,קילוגרמים,0.00,"ק""ג",true,1,69.90,69.90,true,1,
7290009391640,true,כנפיים עוף פרמיום שופרסל,מילועוף,IL,כנפיים פרמיום טר,קילוגרמים,0.00,"ק""ג",true,1,14.90,14.90,true,1,
7290009391657,true,שניצל עוף דק פרימיום שופ,מילועוף,IL,שניצל דק פרמיום,קילוגרמים,0.00,"ק""ג",true,1,44.90,44.90,true,1,
7290009391664,true,פילה עוף טרי פרמיום שופר,מילועוף,IL,פילה פרמיום טרי,קילוגרמים,0.00,"ק""ג",true,1,49.90,49.90,true,1,
7290009391688,true,חזה עוף טרי פרמיום שופרס,מילועוף,IL,חזה פרמיום טרי,קילוגרמים,0.00,"ק""ג",true,1,39.90,39.90,true,1,
7290009391695,true,כתף בקר מעושן קג,מעדני יחיעם,IL,כתף בקר מעושן קג,קילוגרמים,0.00,"ק""ג",true,1,105.00,105.00,true,1,
7290009391701,true,סלמי קוניאק קג,מעדני יחיעם,IL,סלמי קוניאק קג,קילוגרמים,0.00,"ק""ג",true,1,66.00,66.00,true,1,
7290009391718,true,רוסט ביף קג,מעדני יחיעם,IL,רוסט ביף קג,קילוגרמים,0.00,"ק""ג",true,1,115.00,115.00,true,1,
7290009392050,true,פילה אמנון ללא עור קפוא,,CN,פילה אמנון ללא ע,קילוגרמים,0.00,"ק""ג",true,0,39.90,39.90,true,1,
7290009392289,true,בריסקט טרי חלק אנגוס קג,,AR,בריסקט טרי,קילוגרמים,0.00,"ק""ג",true,0,69.90,69.90,true,1,
7290009392685,true,אנטריקוט טרי מוכשר יבוא,,XX,אנטריקוט טרי,קילוגרמים,0.00,"ק""ג",true,0,129.90,129.90,true,1,
7290009392715,true,כתף טרי מוכשר יבוא קג,,XX,כתף טרי,קילוגרמים,0.00,"ק""ג",true,0,59.90,59.90,true,1,
7290009392722,true,צלי כתף טרי מוכשר יבוא ק,,XX,צלי כתף טרי,קילוגרמים,0.00,"ק""ג",true,0,89.90,89.90,true,1,
7290009392746,true,שריר טרי מוכשר יבוא קג,,XX,שריר טרי,קילוגרמים,0.00,"ק""ג",true,0,59.90,59.90,true,1,
7290009392791,true,קרפיון שלם לטחינה קג,שונות,IL,קרפיון שלםלטחינה,קילוגרמים,0.00,"ק""ג",true,0,34.90,34.90,true,1,
7290009392807,true,סינטה טרי מוכשר יבוא קג,,XX,סינטה טרי,קילוגרמים,0.00,"ק""ג",true,1,129.90,129.90,true,1,
7290009392821,true,אנטריקוט טרי חלק יבוא קג,,XX,אנטריקוט טרי,קילוגרמים,0.00,"ק""ג",true,1,129.90,129.90,true,1,
7290009392852,true,כתף טרי חלק יבוא קג,,XX,כתף בקר טרי,קילוגרמים,0.00,"ק""ג",true,0,59.90,59.90,true,1,
7290009392876,true,צלי כתף טרי חלק יבוא קג,,XX,צלי כתף טרי,קילוגרמים,0.00,"ק""ג",true,0,89.90,89.90,true,1,
7290009392890,true,שריר טרי חלק יבוא קג,,XX,שרירי טרי,קילוגרמים,0.00,"ק""ג",true,0,59.90,59.90,true,1,
7290009392968,true,סינטה טרי חלק יבוא קג,,XX,סינטה טרי,קילוגרמים,0.00,"ק""ג",true,0,129.90,129.90,true,1,
7290009393071,true,כתף טרי חלק אנגוס קג,,AR,כתף טרי אנגוס,קילוגרמים,0.00,"ק""ג",true,0,69.90,69.90,true,1,
7290009393088,true,כתף טרי מוכשר אנגוס קג,,AR,כתף טרי אנגוס,קילוגרמים,0.00,"ק""ג",true,0,69.90,69.90,true,1,
7290009393095,true,סינטה טרי חלק אנגוס קג,,AR,סינטה טרי אנגוס,קילוגרמים,0.00,"ק""ג",true,0,139.90,139.90,true,1,
7290009393118,true,אנטריקוט טרי חלק אנגוס ק,,AR,אנטריקוט טרי אנג,קילוגרמים,0.00,"ק""ג",true,0,159.90,159.90,true,1,
7290009393156,true,פילה מדומה טרי חלק אנגוס,,AR,פילה מדומה טרי א,קילוגרמים,0.00,"ק""ג",true,0,84.90,84.90,true,1,
7290009393194,true,צלי כתף טרי חלק אנגוס קג,,AR,צלי כתף טרי אנגו,קילוגרמים,0.00,"ק""ג",true,0,99.90,99.90,true,1,
7290009393262,true,צלעות טרי חלק אנגוס קג,,AR,צלעות טרי אנגוס,קילוגרמים,0.00,"ק""ג",true,1,79.90,79.90,true,1,
7290009393286,true,שריר טרי חלק אנגוס קג,,AR,שריר טרי אנגוס,קילוגרמים,0.00,"ק""ג",true,1,69.90,69.90,true,1,
7290009396867,true,מארז לחמניית ביס 8יח,גידרון,IL,מארז לחמניית ביס,יחידה,1.00,יחידה,false,0,10.90,10.90,true,1,
7290009397642,true,חמישית מאפין שוקו 200גרם,גידרון,IL,חמישיית מאפין,גרמים,5.00,100 גרם,false,0,10.90,218.00,true,1,
7290009397697,true,מאפין שוק.צ'יפס 5י גדרון,גידרון,IL,חמישיית מאפין,גרמים,5.00,100 גרם,false,0,10.90,218.00,true,1,
7290009398021,true,לחמניית ביס באגט,גידרון,IL,לחמניית ביס באגט,יחידה,1.00,יחידה,false,0,1.70,1.70,true,1,
7290009398120,true,מארז לחמניית קשר קלה 5יח,גידרון,IL,לחמניה קשר קלה 5,יחידה,1.00,יחידה,false,0,13.90,13.90,true,1,
7290009398281,true,מארז פיתות אסלית100*10ג,מאפיית אנג'ל,IL,פיתות 10 יח,גרמים,1000.00,100 גרם,false,0,13.90,1.39,true,1,
7290009398618,true,סופגנ.מטוגנ.קפוא+ריבה80ג,גידרון,IL,סופגניה רגילה,גרמים,80.00,100 גרם,false,0,5.90,7.38,true,1,
7290009398687,true,דונטס מטוגן,גידרון,IL,דונאט,יחידה,1.00,יחידה,false,0,7.50,7.50,true,1,
7290009398786,true,מארז פיתות אסלית 5יח100*,מאפיית אנג'ל,IL,5 פיתות אסליות,גרמים,500.00,100 גרם,false,0,7.50,1.50,true,1,
7290009398847,true,לחמניית חלה מתוקה,גידרון,IL,לחמניית חלה מתוק,יחידה,1.00,יחידה,false,0,4.50,4.50,true,1,
7290009399165,true,לחמניה קלה,גידרון,IL,לחמניה קלה,יחידה,1.00,יחידה,false,0,3.20,3.20,true,1,
7290009399288,true,פס גבינה אפוי,גידרון,IL,פס גבינה אפוי,יחידה,1.00,יחידה,false,0,42.90,42.90,true,1,
7290009399707,true,מארז 4יח לחמניה גידרול,גדרון סהרון,IL,לחמניה גידרול 4,יחידה,1.00,יחידה,false,0,13.90,13.90,true,1,
7290009399790,true,לחמניית קשר קלה,גידרון,IL,לחמניה קלה קשר,יחידה,1.00,יחידה,false,0,3.20,3.20,true,1,
7290009399868,true,לחמניית חלה קלה,גידרון,IL,לחמניה חלה קלה,יחידה,1.00,יחידה,false,0,4.50,4.50,true,1,
7290009401790,true,מארז פיתה כפרית 5יח100*ג,מאפיית אנג'ל,IL,פיתה קמח מלא 5יח,גרמים,500.00,100 גרם,false,0,8.90,1.78,true,1,
7290009401943,true,לחמניה קלה 5 יח,,,לחמניה קלה 5 יח,יחידה,1.00,יחידה,false,0,13.90,13.90,true,1,
7290009802146,true,עוף שלם טרי ארוז עצמי,.,IL,עוף שלם טרי,קילוגרמים,0.00,"ק""ג",true,1,18.90,18.90,true,1,
7290009802221,true,כרעי עוף טרי א.דיל עצמי,.,IL,כרעי עוף טרי,קילוגרמים,0.00,"ק""ג",true,1,27.90,27.90,true,1,
7290009802481,true,קוקטייל טרי א.דיל עצמי,.,IL,קוקטייל טרי,קילוגרמים,0.00,"ק""ג",true,1,27.90,27.90,true,1,
7290009806571,true,חזה עוף טרי א.דיל עצמי,.,IL,חזה עוף טרי,קילוגרמים,0.00,"ק""ג",true,1,31.90,31.90,true,1,
7290009811490,true,שניצל עוף טרי א.דיל עצמי,.,IL,שניצל עוף טרי,קילוגרמים,0.00,"ק""ג",true,1,34.90,34.90,true,1,
7290009811896,true,פרגיות עוף טרי אדיל עצמי,.,IL,פרגיות עוף טרי,קילוגרמים,0.00,"ק""ג",true,1,59.90,59.90,true,1,
7290009814309,true,פילה עוף טרי ארוז עצמי,.,IL,פילה עוף טרי,קילוגרמים,0.00,"ק""ג",true,1,34.90,34.90,true,1,
7290009950717,true,סופגניה גדולה מצופה יח',גידרון,IL,סופגניה מצופה,יחידה,1.00,יחידה,false,0,7.90,7.90,true,1,
7290009950724,true,סופגניה מיני מצופה,גידרון,IL,סופגנ.מיני מצופה,יחידה,1.00,יחידה,false,0,5.90,5.90,true,1,
7290009951349,true,חליטת תה,,,חליטת תה,קילוגרמים,0.00,"ק""ג",true,0,152.00,152.00,true,1,
7290009951387,true,לוקום ממולא,,,לוקום ממולא,קילוגרמים,0.00,"ק""ג",true,0,85.00,85.00,true,1,
7290009951400,true,סוכריות גומי במשקל,,,סוכריות גומי,קילוגרמים,0.00,"ק""ג",true,0,45.00,45.00,true,1,
7290009951417,true,לקריץ במשקל,,,לקריץ,קילוגרמים,0.00,"ק""ג",true,0,59.00,59.00,true,1,
7290009951424,true,פרלינים במשקל,,,פרלינים,קילוגרמים,0.00,"ק""ג",true,0,89.00,89.00,true,1,
7290009951431,true,פירות אקזוטיים במשקל,,,פירות אקזוטיים,קילוגרמים,0.00,"ק""ג",true,0,90.00,90.00,true,1,
7290009951448,true,תבלינים במשקל,,,תבלינים במשקל,קילוגרמים,0.00,"ק""ג",true,0,70.00,70.00,true,1,
7290009951455,true,תבלינים קבוצה 2 במשקל,,,תבלינים,קילוגרמים,0.00,"ק""ג",true,0,74.00,74.00,true,1,
7290009951561,true,סוכריות קשות במשקל,,,סוכריות קשות,קילוגרמים,0.00,"ק""ג",true,0,40.00,40.00,true,1,
7290009951639,true,סופגניה גדולה מצופה 6יח',גידרון,IL,סופגניה מצופה6יח,יחידה,1.00,יחידה,false,0,32.90,32.90,true,1,
7290009951899,true,מאפה מלוח משקל,גידרון,IL,מאפה מלוח חלבי,קילוגרמים,0.00,"ק""ג",true,0,42.00,42.00,true,1,
7290009951912,true,מאפה מתוק משקל,גידרון,IL,מאפה מתוק,קילוגרמים,0.00,"ק""ג",true,0,42.00,42.00,true,1,
7290009952308,true,מארז 4יח לחמניית דגנים י,גידרון,IL,לחמניה דגנים 4יח,יחידה,1.00,יחידה,false,0,13.90,13.90,true,1,
7290009952315,true,מארז בייגל אמריקאי4יח,גידרון,IL,4בייגלה אמרקאי,יחידה,1.00,יחידה,false,0,13.90,13.90,true,1,
7290009952322,true,מארז שליש באגט 5יח',גידרון,IL,שליש בגט 5 יח,יחידה,1.00,יחידה,false,0,12.90,12.90,true,1,
7290009952339,true,מארז לחמניות אצבע 8יח,גידרון,IL,לחמניה אצבע 8יח,יחידה,1.00,יחידה,false,0,10.90,10.90,true,1,
7290009952346,true,מארז לחמניית חלה4יחי,גידרון,IL,לחמניה חלה 4יח,יחידה,1.00,יחידה,false,0,13.90,13.90,true,1,
7290009952377,true,מארז לחמנית קשר 5יח',גידרון,IL,לחמניה קשר 5יח,יחידה,1.00,יחידה,false,0,13.90,13.90,true,1,
7290009952674,true,שתיה מוגזת מצוננת 1.5 ל',גידרון,IL,משקה מצונן330מל,מיליליטרים,330.00,"100 מ""ל",false,0,6.40,1.94,true,1,
7290009952698,true,"משקה מצונן 250 מ""ל",,IL,משקה מצונן250מל,מיליליטרים,250.00,"100 מ""ל",false,0,5.80,2.32,true,1,
7290009952858,true,משקה מצונן 1 ליטר,,,משקה מצונן 1ל,ליטרים,1.00,ליטר,false,0,8.80,8.80,true,1,
7290009952995,true,מים מינרליים 1.5 ליטר,,,מים מינרליים,ליטרים,1.50,ליטר,false,0,3.20,2.13,true,1,
7290009953916,true,גבינת צ'דר כתומה,,GB,גבינת צ'דר כתומה,קילוגרמים,0.00,"ק""ג",true,0,130.00,130.00,true,1,
7290009954241,true,נועם ג.צהובה22%חריץ משקל,"טרופיקל דגיל תעשיות קוסמטיקה בע""מ",IL,גבינת נועם 22%,קילוגרמים,0.00,"ק""ג",true,0,42.58,42.58,true,1,
7290009954258,true,נועם ג.צהובה28%חריץ משקל,י. מלכי מוצרים,IL,גבינת נועם 28%,קילוגרמים,0.00,"ק""ג",true,0,44.79,44.79,true,1,
7290009955002,true,מים מצוננים1.5ל,,IL,מים מצוננים1.5ל,ליטרים,1.50,ליטר,false,0,4.80,3.20,true,1,
7290009955019,true,משקה מצונן 1.5ל,,IL,משקה מצונן 1.5ל,ליטרים,1.50,ליטר,false,0,11.00,7.33,true,1,
7290009956139,true,גבינת גאודה 30.4% במשקל,ROUVEEN,NL,גבינת גאודה,קילוגרמים,0.00,"ק""ג",true,1,79.00,79.00,true,1,
7290009956221,true,מים מצוננים 2 ליטר,,IL,מים מצוננים 2ל,ליטרים,2.00,ליטר,false,1,9.90,4.95,true,1,
7290009956535,true,רצועות פילה נילוס קפוא ק,"טיבון ויל אחזקות בע""\מ",IL,רצועות נילוס,קילוגרמים,0.00,"ק""ג",true,1,69.90,69.90,true,1,
7290009957129,true,פטינה במשקל,ארלה פודס אמבה,DK,פטינה במשקל,קילוגרמים,0.00,"ק""ג",true,1,39.00,39.00,true,1,
7290009957174,true,סלמון מעושן פסקאדו במשקל,ויליגר,IL,סלמון מעושן פסקא,קילוגרמים,0.00,"ק""ג",true,1,229.00,229.00,true,1,
7290009957198,true,גאודה מיושנת גולד במשקל,VANDERSTERRE,NL,גאודה מיושנת,קילוגרמים,0.00,"ק""ג",true,1,129.00,129.00,true,1,
7290009957211,true,גב.אמנטל 29% הולנד במשקל,אי וואר,NL,גבינת אמנטל,קילוגרמים,0.00,"ק""ג",true,1,60.00,60.00,true,1,
7290009957228,true,גבינת גאודה 34% במשקל,B.V KAAS HAZELEGER,NL,גבינת גאודה,קילוגרמים,0.00,"ק""ג",true,1,79.00,79.00,true,1,
7290009957235,true,גבינת עיזים 34% הולנדית,B.V KAAS HAZELEGER,NL,גבינת עיזים,קילוגרמים,0.00,"ק""ג",true,1,109.00,109.00,true,1,
7290009957396,true,גבינת שמנת25%שופרסל משקל,גבינות משק יעקבס,IL,גבינת שמנת במשקל,קילוגרמים,0.00,"ק""ג",true,1,39.00,39.00,true,1,
7290009957402,true,גב.שמנת שום שמיר במשקל,גבינות משק יעקבס,IL,גבינת שמנת במשקל,קילוגרמים,0.00,"ק""ג",true,1,39.00,39.00,true,1,
7290009957419,true,בייבי מוצרלה18%שופר משקל,גבינות משק יעקבס,IL,בייבי מוצרלה,קילוגרמים,0.00,"ק""ג",true,1,79.00,79.00,true,1,
7290009957426,true,כדור מוצרלה שופרסל במשקל,גבינות משק יעקבס,IL,כדור מוצרלה,קילוגרמים,0.00,"ק""ג",true,1,79.00,79.00,true,1,
7290009957433,true,לאבנה בקר5% שופרסל במשקל,גבינות משק יעקבס,IL,לאבנה בקר במשקל,קילוגרמים,0.00,"ק""ג",true,1,35.00,35.00,true,1,
7290009957525,true,סופגניה מיני מצופה 4יח,גידרון,IL,4סופגניה מיני,יחידה,1.00,יחידה,false,1,19.90,19.90,true,1,
7290009957532,true,סופגניה מיני רגילה 4יח',גידרון,IL,סופגניה מיני 4יח,יחידה,1.00,יחידה,false,1,12.90,12.90,true,1,
7290009957549,true,סופגניה גדולה מצופה 3יח',גידרון,IL,סופגניה מצופה 3י,יחידה,1.00,יחידה,false,1,19.90,19.90,true,1,
7290009957556,true,סופגניה גדולה רגילה 3יח',גידרון,IL,סופגניה רגילה3יח,יחידה,1.00,יחידה,false,1,12.90,12.90,true,1,
7290009957808,true,מאפה פרצל יחידה,אס.פי.דז.או.או.,PL,מאפה פרצל,יחידה,1.00,יחידה,false,1,5.30,5.30,true,1,
7290009958232,true,קשקבל שופרסל משקל,אל פסטור,ES,קשקבל שופרסל,קילוגרמים,0.00,"ק""ג",true,1,109.00,109.00,true,1,
7290009958256,true,איבריקו שופרסל משקל,אל פסטור,ES,איבריקו שופרסל,קילוגרמים,0.00,"ק""ג",true,1,109.00,109.00,true,1,
7290009958270,true,פלפל רמירו צהוב במשקל,,IL,פלפל רמירו צהוב,קילוגרמים,0.00,"ק""ג",true,1,19.90,19.90,true,1,
7290009958362,true,גאודה הולנד שופרסל במשקל,א.וואן,NL,גאודה הולנדית,קילוגרמים,0.00,"ק""ג",true,1,59.00,59.00,true,1,
7290009958515,true,"תפו""ע קנדין אורגני במשקל",,IT,תפוח עץ קנדין,קילוגרמים,0.00,"ק""ג",true,1,22.90,22.90,true,1,
7290009958522,true,גבינת ברי במשקל,פטור'ז,FR,גבינת ברי במשקל,קילוגרמים,0.00,"ק""ג",true,1,99.00,99.00,true,1,
7290009958577,true,בולגרית מעודנת 5% משקל,מחלבות רמת הגולן,IL,בולגרית מעודנת,קילוגרמים,0.00,"ק""ג",true,1,45.00,45.00,true,1,
7290009958584,true,בולגרית 5% שופרסל משקל,מחלבות רמת הגולן,IL,בולגרית 5% משקל,קילוגרמים,0.00,"ק""ג",true,1,58.00,58.00,true,1,
7290009958591,true,בולגרית 16% שופרסל משקל,מחלבות רמת הגולן,IL,בולגרית 16% משקל,קילוגרמים,0.00,"ק""ג",true,1,59.00,59.00,true,1,
7290009958607,true,צפתית מעודנת5% משקל שופר,מחלבות רמת הגולן,IL,צפתית מעודנת 5%,קילוגרמים,0.00,"ק""ג",true,1,58.00,58.00,true,1,
7290010002023,false,כורכום הודי טחון תבליני מימון 100 גרם,א.ל ייצור ושיווק תבלינים,IL,כורכום טחון,גרמים,100.00,100 גרם,false,0,11.60,11.60,true,1,
7290010002078,false,פלפל שחור טחון תבליני מימון 100 גרם,א.ל ייצור ושיווק תבלינים,IL,פלפל שחור טחון,גרמים,100.00,100 גרם,false,0,15.50,15.50,true,1,
7290010002092,false,תבלין פלפל שחור גרוס דק תבליני מימון 90,א.ל ייצור ושיווק תבלינים,IL,פלפל שחור גרוס,גרמים,90.00,100 גרם,false,0,15.50,17.22,true,1,
7290010002108,false,תבלין פלפל שחור גרוס גס תבליני מימון 90,א.ל ייצור ושיווק תבלינים,IL,פלפל שחור גרוס,גרמים,90.00,100 גרם,false,0,15.50,17.22,true,1,
7290010002122,false,פפריקה הונגרית מתוקה תבליני מימון 100 גרם,א.ל ייצור ושיווק תבלינים,IL,פפריקה הונגרית,גרמים,100.00,100 גרם,false,0,11.60,11.60,true,1,
7290010002146,false,פפריקה מרוקאית מתוקה תבליני מימון 100 גרם,א.ל ייצור ושיווק תבלינים,IL,פפריקה מרוקאית,גרמים,100.00,100 גרם,false,0,11.60,11.60,true,1,
7290010002153,false,פפריקה מרוקאית חריפה תבליני מימון 100 גרם,א.ל ייצור ושיווק תבלינים,IL,פפריקה מרוקאית,גרמים,100.00,100 גרם,false,0,11.60,11.60,true,1,
7290010002207,false,תבלין קינמון טחון תבליני מימון 100 גרם,א.ל ייצור ושיווק תבלינים,IL,קינמון טחון,גרמים,100.00,100 גרם,false,0,10.00,10.00,true,1,
7290010002214,false,תבלין צ'ילי גרוס תבליני מימון 80 גרם,א.ל ייצור ושיווק תבלינים,IL,צ'ילי מקסיקני,גרמים,70.00,100 גרם,false,0,11.60,16.57,true,1,
7290010002313,false,תבלין ראס אל חנות תבליני מימון 100 גרם,א.ל ייצור ושיווק תבלינים,IL,תבלין לקציצות,גרמים,100.00,100 גרם,false,0,11.60,11.60,true,1,
7290010002344,false,תבלין לדג תבליני מימון 100 גרם.,א.ל ייצור ושיווק תבלינים,IL,תבלין לדג,גרמים,100.00,100 גרם,false,0,11.60,11.60,true,1,
7290010002382,false,תבלין אורגנו תבליני מימון 40 גרם,א.ל ייצור ושיווק תבלינים,IL,אורגנו,גרמים,40.00,100 גרם,false,0,10.60,26.50,true,1,
7290010002399,false,תבלין בזיליקום תבליני מימון 40 גרם,א.ל ייצור ושיווק תבלינים,IL,בזיליקום(ריחן),גרמים,40.00,100 גרם,false,0,10.60,26.50,true,1,
7290010002696,false,אקסטרה צ'יפס אורז חום מלא שמנת בצל 60 גרם,נוהלס ג'י אס סי.,BG,צ'יפס אורז מלא,גרמים,60.00,100 גרם,false,1,6.90,11.50,true,1,
7290010003075,false,פפריקה מרוקאית מתוקה תבליני מימון 400 גרם,א.ל ייצור ושיווק תבלינים,IL,פפריקה מרוקאית,גרמים,400.00,100 גרם,false,0,24.90,6.23,true,1,
7290010023141,false,תה לימונענע הגן הקסום ויסוצקי 25 יחידות,תה ויסוצקי,IL,חליטת לימונענע,גרמים,55.00,100 גרם,false,0,18.90,34.36,true,1,
7290010032303,false,דבש פרחי הדר 500 גרם מכוורת צוקרמן,,IL,דבש פרחי הדר,גרמים,500.00,100 גרם,false,0,28.90,5.78,true,1,
7290010032310,false,דבש פרחי בר 500 גרם מכוורת צוקרמן,,IL,דבש פרחי בר,גרמים,500.00,100 גרם,false,0,28.90,5.78,true,1,
7290010032327,false,דבש אקליפטוס 500 גרם מכוורת צוקרמן,,IL,דבש אקליפטוס,גרמים,500.00,100 גרם,false,0,28.90,5.78,true,1,
7290010032402,false,"דבש פרחי הדר 1 ק""ג מכוורת צוקרמן",,IL,דבש פרחי הדר,קילוגרמים,1.00,"ק""ג",false,0,54.90,54.90,true,1,
7290010032426,false,"דבש אקליפטוס 1 ק""ג מכוורת צוקרמן",,IL,דבש אקליפטוס,קילוגרמים,1.00,"ק""ג",false,0,54.90,54.90,true,1,
7290010045006,false,עוגיות חמאה פריכות 200 גרם לחמי,קונדטוריות לחמי,IL,עוגיות חמאה,גרמים,200.00,100 גרם,false,0,18.90,9.45,true,1,
7290010045013,false,עוגיות חמאה צרפתיות 200 גרם לחמי,קונדטוריות לחמי,IL,עוגיות חמאה,גרמים,200.00,100 גרם,false,0,18.90,9.45,true,1,
7290010045068,false,עוגיות הנסיכה 250 גרם לחמי,קונדטוריות לחמי,IL,עוגיות הנסיכה,גרמים,250.00,100 גרם,false,0,18.90,7.56,true,1,
7290010065332,false,מחית תפוח עץ בננה ג'וניור פרינוק 190 גרם,פרוטה פודווין איי.אס,CZ,פריניוק ג'וניור,גרמים,190.00,100 גרם,false,0,5.90,3.11,true,1,
7290010065745,false,מחית לפתן פירות ג'וניור פרינוק 190 גרם,פרוטה פודווין איי.אס,CZ,פרינוק ג'וניור,גרמים,190.00,100 גרם,false,0,5.90,3.11,true,1,
7290010066001,false,נתחי טונה עם שמן צמחי פילטונה 960 גרם,תעשיות פילטונה,IL,נתחי טונה בשמן,גרמים,960.00,100 גרם,false,0,36.90,3.84,true,1,
7290010066087,false,נתחי טונה בשמן זית 158ג,תעשיות פילטונה,IL,נתחי טונה,גרמים,158.00,100 גרם,false,0,8.30,5.25,true,1,
7290010066513,false,נתחי טונה בשמן צמחי רביעיה *158ג' פילטונה,תעשיות פילטונה,IL,טונה בשמן 4 יח,גרמים,632.00,100 גרם,false,0,22.90,3.62,true,1,
7290010066520,false,נתחי טונה בהירה בשמן קנולה 160 גר G.Q,תעשיות פילטונה,IL,נתחי טונה,גרמים,158.00,100 גרם,false,0,6.90,4.37,true,1,
7290010066575,false,נתחי טונה במים רביעיה *158ג' פילטונה,תעשיות פילטונה,IL,טונה במי מלח 4יח,גרמים,632.00,100 גרם,false,0,22.90,3.62,true,1,
7290010066582,false,נתחי טונה בשמן קנולה רביעיה * 158 ג' פילטונה,תעשיות פילטונה,IL,טונה בשמן 4 יח,גרמים,632.00,100 גרם,false,0,22.90,3.62,true,1,
7290010066957,false,נתחי טונה קטנה בשמן צמחי 960ג' פרינס,תעשיות פילטונה,IL,נתחי טונה בשמן,גרמים,960.00,100 גרם,false,0,29.90,3.11,true,1,
7290010116980,false,אבקת שוקולית שקית עלית 850 ג',הנסיך- מפעל לייצור ט,IL,שוקולית עלית,גרמים,850.00,100 גרם,false,0,15.90,1.87,true,1,
7290010117864,false,דוריטוס חטיף תירס בטעם חריף אש עלית 70 גרם,"שטראוס פריטו ליי בע""\מ )",IL,דוריטוס חריף,גרמים,70.00,100 גרם,false,0,3.60,5.14,true,1,
7290010129003,false,עוגיות אוזניים 600 גרם,ק.א. ומשווק בבלעדיות על,IL,עוגיות אוזניים,גרמים,600.00,100 גרם,false,0,19.90,3.32,true,1,
7290010129027,false,עוגיות מרוקאיות 600 גרם,השוואת מחירונים,IL,עוגיות מרוקאיות,גרמים,600.00,100 גרם,false,0,19.90,3.32,true,1,
7290010129348,false,עוגיות בטעם שוקולד 600גר,ק.א. ומשווק בבלעדיות על,IL,עוגיות שוקולד,גרמים,600.00,100 גרם,false,0,19.90,3.32,true,1,
7290010129553,false,עוגיות רולדה תמרים 600 גרם,ק.א. ומשווק בבלעדיות על,IL,עוגיות רולדה,גרמים,600.00,100 גרם,false,1,19.90,3.32,true,1,
7290010129942,false,עוגיות שמרים 500 גרם דולצה ויטה,קונדטוריית אנגל,IL,עוגת שמרים,גרמים,500.00,100 גרם,false,0,14.90,2.98,true,1,
7290010129959,false,עוגיות שמרים 400 גרם דולצה ויטה,קונדטוריית אנגל,IL,עוגיות שמרים,גרמים,400.00,100 גרם,false,0,11.90,2.98,true,1,
7290010154005,false,סחוג תימני יוחאי ביטון 250 גרם,תבליני יוחאי ביטון,IL,סחוג תימני,גרמים,250.00,100 גרם,false,0,13.90,5.56,true,1,
7290010154012,false,לימון בלאדי כבוש תבליני ביטון 250 גרם,תבליני ביטון יוחאי,IL,לימון בלאדי,גרמים,250.00,100 גרם,false,0,13.90,5.56,true,1,
7290010154029,false,אריסה מתוקה יוחאי ביטון 250 גרם,תבליני ביטון יוחאי,IL,אריסה מתוקה,גרמים,250.00,100 גרם,false,0,13.90,5.56,true,1,
7290010154036,false,עמבה תבליני ביטון 250 גרם,תבליני יוחאי ביטון,IL,עמבה,גרמים,250.00,100 גרם,false,0,13.90,5.56,true,1,
7290010154241,false,סלט חזרת ריף ביטון 250 ג',תבליני ביטון יוחאי,IL,סלט חזרת ביתית,גרמים,250.00,100 גרם,false,0,13.90,5.56,true,1,
7290010154265,false,פלפל צ'ומה תבליני ביטון 250 גרם,תבליני יוחאי ביטון,IL,פלפל צ'ומה,גרמים,250.00,100 גרם,false,0,13.90,5.56,true,1,
7290010154678,false,אריסה מרוקאית תבליני ביטון 250 גרם,תבליני ביטון יוחאי,IL,אריסה מרוקאית,גרמים,250.00,100 גרם,false,1,13.90,5.56,true,1,
7290010154685,false,סלט שום כתוש 250 ג' ביטון יוחאי,תבליני יוחאי ביטון,IL,סלט שום כתוש,גרמים,250.00,100 גרם,false,1,13.90,5.56,true,1,
7290010154692,false,סחוג אדום יוחאי ביטון 250 גרם,תבליני ביטון יוחאי,IL,סחוג אדום 250 גר,גרמים,250.00,100 גרם,false,1,13.90,5.56,true,1,
7290010163663,false,אגוזי קאשיו טבעיים 200ג,שקדיה,IL,אגוזי קאשיו טבעי,גרמים,200.00,100 גרם,false,0,23.70,11.85,true,1,
7290010192809,false,תמר מג'הול ללא גלעין45ג,,IL,תמר ללא גלעין,גרמים,45.00,100 גרם,false,1,3.20,7.11,true,1,
7290010192816,false,תמר מג'הול ללא גלעין 45,תימורת הערבה,IL,תמר מגהול 45ג,גרמים,45.00,100 גרם,false,1,4.90,10.89,true,1,
7290010195268,false,פופקורן פופסטאר חמישייה מופחת שומן טבעי,פופ סטאר,US,פופסטאר לייט,גרמים,425.00,100 גרם,false,0,15.50,3.65,true,1,
7290010195756,false,זוג רייד נוזלי 90 לילות,ג'ונסון,CN,זוג רייד נוזלי,יחידה,1.00,יחידה,false,0,29.90,29.90,true,1,
7290010196678,false,שקיות ענק לצליה בתנור קוקי 2*5 יח,ש.שסטוביץ,IL,קוקי שקיות,יחידה,1.00,יחידה,false,0,19.90,19.90,true,1,
7290010237531,false,פפסי קולה פלסטיק 500מל,סנו מפעלי ברונוס.,IL,פפסי בקבוק,מיליליטרים,500.00,"100 מ""ל",false,0,4.50,0.90,true,1,
7290010237548,false,"פפסי מקס דל קלוריות 500 מ""ל בקבוק",טמפו משקאות בעמ,IL,פפסי מקס,מיליליטרים,500.00,"100 מ""ל",false,0,4.70,0.94,true,1,
7290010237562,false,משקה פפסי מרינדה קוו,"טמפו משקאות בע""מ",IL,מירינדה,מיליליטרים,500.00,"100 מ""ל",false,0,4.50,0.90,true,1,
7290010237579,false,משקה סבן אפ קוול 500,"טמפו משקאות בע""מ",IL,סבנ אפ,מיליליטרים,500.00,"100 מ""ל",false,0,4.50,0.90,true,1,
7290010237586,false,"סבן אפ דיאט בקבוק 500 מ""ל","טמפו משקאות בע""מ",IL,סבנ אפ דיאט,מיליליטרים,500.00,"100 מ""ל",false,0,4.70,0.94,true,1,
7290010237784,false,בירה שנדי בתוספת משקה לימון ליים - שישייה,"טמפו משקאות בע""\מ",IL,מכבי שנדי 6 יח,ליטרים,1.98,ליטר,false,0,35.30,17.83,true,1,
7290010237890,false,"בירה הייניקן בקבוק 500 מ""ל חוזר",טמפו משקאות בע''מ,IL,בירה הייניקן,מיליליטרים,500.00,"100 מ""ל",false,0,9.20,1.84,true,1,
7290010259359,false,וילי פוד נודלס אטר.ביצים להקפצה בדץ 200ג,פוג'יאן לונגהאי אנלי,CN,נודלס ביצים,גרמים,200.00,100 גרם,false,0,4.90,2.45,true,1,
7290010259366,false,וילי פוד נודלס אטר.ביצים מסולסל בדץ 200ג,פוג'יאן לונגהאי אנלי,CN,נודלס ביצים,גרמים,200.00,100 גרם,false,0,4.90,2.45,true,1,
7290010259823,false,מנת השף-מרק עם נודלס בטעם עוף ויליפוד,נמצ'או(תאילנד) בעמ,TH,מנת השף נודלס,גרמים,70.00,100 גרם,false,0,4.90,7.00,true,1,
7290010259830,false,מנת השף נודלס בסגנון סיני פיקנטי וילי פוד 70 גרם,נמצ'או(תאילנד) בעמ,TH,מנת השף נודלס,גרמים,70.00,100 גרם,false,0,4.90,7.00,true,1,
7290010259847,false,מנת השף מרק עם נודלס בטעם תירס ויליפוד 70 גרם,קריות זול,TH,מנת השף נודלס,גרמים,70.00,100 גרם,false,0,4.90,7.00,true,1,
7290010259854,false,מנת השף מרק עם נודלס בטעם פטריות ויליפוד 70 גרם,נמצ'או(תאילנד) בעמ,TH,מנת השף נודלס,גרמים,70.00,100 גרם,false,0,4.90,7.00,true,1,
7290010259861,false,מנת השף מרק עם נודלס בטעם ירקות ויליפוד 70 גרם,קריות זול,TH,מנת השף נודלס,גרמים,70.00,100 גרם,false,0,4.90,7.00,true,1,
7290010259977,false,שמן קנולה מזוכך ויליפוד 1 ליטר,בונגי פולין אס.פי.זד,PL,שמן קנולה מזוכך,ליטרים,1.00,ליטר,false,0,10.90,10.90,true,1,
7290010259991,false,צנימים מיוחדים בטעם טבעי 250 ג',קריות זול,GR,צנימים,גרמים,250.00,100 גרם,false,0,7.90,3.16,true,1,
7290010328505,false,"מארז מיני חלווה 15 יחידות לל""ס אחוה 150 גרם",אחדות ביחר לטחינה חל,IL,מיני חלווה,גרמים,150.00,100 גרם,false,0,9.90,6.60,true,1,
7290010328819,false,"ממרח טחינה עם שוקולד לל""ס 400 ג' אחדות!.",אחדות ביחר לטחינה חל,IL,ממרח טחינה,גרמים,400.00,100 גרם,false,1,10.00,2.50,true,1,
7290010329854,false,מיני קוקיס עוגיות בטעם חמאה ללא סוכר כרמית 600 גרם,כרמית,IL,מיני קוקיס חמאה,גרמים,600.00,100 גרם,false,0,19.90,3.32,true,1,
7290010429554,false,"שמן זית כתית מעולה יד מרדכי 2 קלאסי, 750 מ""ל",מכוורת יד מרדכי שטראוס ב,IL,שמן זית 2 קלאסי,מיליליטרים,750.00,"100 מ""ל",false,0,33.90,4.52,true,1,
7290010471669,false,יוגורט תות עם קורנפלקס מצופה שוקולד ללא גלוטן 3.9%,"שטראוס בריאות בע""\מ",IL,דנונה בר תות,גרמים,175.00,100 גרם,false,0,4.60,2.63,true,1,
7290010472307,false,"שמיניית משקה גמדים תות בננה דיסני 108 מ""ל",מיוצר עי קונדיטוריית,IL,גמדים לשתיה 8 יח,מיליליטרים,800.00,"100 מ""ל",false,0,20.00,2.50,true,1,
7290010472390,false,מארז 8 יחידות מעדן דני בטעם שוקולד 1.5%,מיוצר עי קונדיטוריית,IL,דני שוקולד 8 יח',קילוגרמים,1.00,"ק""ג",false,0,15.90,15.90,true,1,
7290010513703,false,מזרח ומערב צ'ופסטיקס צפצפה,גולין פנגזו,IL,צ'ופסטיקס צפצפה,יחידה,1.00,יחידה,false,0,6.50,6.50,true,1,
7290010513727,false,פנקו פרורי לחם 200 גרם (קינגדאו),קינגדאו גוניון פודס,CN,פנקו פרוי לחם,גרמים,200.00,100 גרם,false,0,7.90,3.95,true,1,
7290010548514,false,קוביות עשבי תיבול לבישול איטלקי דורות 70 גרם,עיצובים 2020 (3.8),IL,דורותעשבי תיבול,גרמים,70.00,100 גרם,false,0,9.90,14.14,true,1,
7290010582341,false,אפרסמון קרמבו ארוז,מור פירות השרון,IL,אפרסמון קרמבו,קילוגרמים,0.00,"ק""ג",true,1,13.90,13.90,true,1,
7290010582600,false,אפרסמון ארוז,מור פירות השרון,IL,אפרסמון ארוז,קילוגרמים,0.00,"ק""ג",true,1,13.90,13.90,true,1,
7290010587964,false,עברי קברנה סובניון 750מל,יקבי ירושלים,IL,עברי קברנה,מיליליטרים,750.00,"100 מ""ל",false,1,49.90,6.65,true,1,
7290010627004,false,טחינה גולמית מסורתית ירושלים 500 ג',"בראשית ירושלים בע""מ",IL,טחינה ירושלים,גרמים,500.00,100 גרם,false,0,15.90,3.18,true,1,
7290010627844,false,טחינה גולמית שומשום מלא ירושלים 500גרם,"בראשית ירושלים בע""מ",IL,טחינה מלאה,גרמים,500.00,100 גרם,false,1,15.90,3.18,true,1,
7290010632787,false,צימרוני אוזניים מעץ 300 יח,הדקלאים אגודת שיתופי,CN,צמרוני אוזניים,יחידה,1.00,יחידה,false,0,3.90,3.90,true,1,
7290010650033,false,בצלצלי שאלוט ארוז לי,חוות פטריות תקוע,NL,בצלצלי שאלוט,גרמים,350.00,100 גרם,false,0,14.00,4.00,true,1,
7290010650040,false,פטריות שיטאקי חוות תקוע,ביכורי שדה דרום 2002,IL,פיטריות שיטאקי,גרמים,100.00,100 גרם,false,0,11.90,11.90,true,1,
7290010650194,false,זנגוויל (ג'ינג'ר)ארוז מגשית,"פסח בא בע""מ",CN,שורש גינגר טרי,גרמים,250.00,100 גרם,false,0,10.90,4.36,true,1,
7290010650415,false,עגבניות מיובשות 200 גרם תקוע,חוות פטריות תקוע,TR,עגבניה לחה,גרמים,200.00,100 גרם,false,0,14.90,7.45,true,1,
7290010650668,false,למון גראס -חוות תקוע,ביכורי השקמה,IL,למון גראס יחידה,יחידה,1.00,יחידה,false,1,11.90,11.90,true,1,
7290010650828,false,פטריות שימג'י חוות תקוע 150 גרם,שנגחאי פינק פוד קומפני,CN,פטריות שי-מג'י,גרמים,150.00,100 גרם,false,1,11.90,7.93,true,1,
7290010650996,false,"פטריות שי מג'י חומות, 150 גרם חוות תקוע",שנגחאי פינק פוד קומפני,CN,פטריות שי-מג'י,גרמים,150.00,100 גרם,false,1,11.90,7.93,true,1,
7290010719037,false,"שמן זית אורגני 750 מ""ל",,IL,שמן זיתאורגני,מיליליטרים,750.00,"100 מ""ל",false,0,49.50,6.60,true,1,
7290010748518,false,"סרקל פורטה שמפו לילדים 750 מ""ל",פישר מעבדות פרמצבטיות בע,IL,שמפו סרקל פורטה,מיליליטרים,750.00,"100 מ""ל",false,0,25.20,3.36,true,1,
7290010748860,false,"ד""ר פישר - אפקטיב קר קרם ידיים אינטנסיב 150 מ""ל",פישר מעבדות פרמצבטיות בע,IL,קרם ידיים,מיליליטרים,150.00,"100 מ""ל",false,0,11.90,7.93,true,1,
7290010760749,false,"מארז שישיית לחמניות כשל""פ",מאפיית אריאל,IL,לחמניה ללא גלוטן,גרמים,400.00,100 גרם,false,0,17.90,4.48,true,1,
7290010760893,false,"בורקס תפו""א כשל""פ 600 גרם",מאפיית אריאל,IL,"בורקס תפו""א",גרמים,600.00,100 גרם,false,1,22.90,3.82,true,1,
7290010766956,false,ממרח פלפלים מתוקים אדומים אוליביה 180 גרם,אוליביה גורמה בעמ,IL,ממרח פלפל גמבה,גרמים,180.00,100 גרם,false,0,13.90,7.72,true,1,
7290010777099,false,פיתות בעבודת יד פיתה אקספרס 8 יחידות,מגוון שיווק והפצת מא,IL,פיתות אקספרס 8יח,גרמים,800.00,100 גרם,false,1,11.90,1.49,true,1,
7290010777150,false,שמניית פיתה בריבוע מחיטה מלאה פיתה אקספרס,מגוון שיווק והפצת מא,IL,פיתות ריבוע,גרמים,900.00,100 גרם,false,0,13.90,1.54,true,1,
7290010777297,false,פיתות עבודת יד10 יח'/ פיתה ביס לבן 12 יח',מגוון שיווק והפצת מא,IL,פיתות ביס,גרמים,600.00,100 גרם,false,0,12.90,2.15,true,1,
7290010777358,false,מארז שמיניית פיתות 100% כוסמין מלא,מגוון שיווק והפצת מא,IL,פיתות כוסמין 8יח,גרמים,400.00,100 גרם,false,1,16.90,4.23,true,1,
7290010777488,false,פיתה מחמצת 100% קמח מלא פיתה אקספרס,מאפיית ביכורים מזון,IL,פיתה מחמצת,גרמים,300.00,100 גרם,false,1,16.90,5.63,true,1,
7290010777525,false,מארז שישייה פיתות כוסמין פיתה אקספרס,מאפיית ביכורים מזון,IL,פיתות כוסמין מלא,גרמים,300.00,100 גרם,false,1,16.90,5.63,true,1,
7290010791552,false,לה-קט דליקטס טונה ברוטב 85 גר',"הייקיו, תאילנד",TH,לה קט דליקטס,גרמים,85.00,100 גרם,false,0,5.90,6.94,true,1,
7290010814695,false,שוקולד מריר פרווה ללא תוספת סוכר כרמית 85 גרם,"כרמית תעשיות ממתקים בע""\",IL,שוקולד מריר,גרמים,85.00,100 גרם,false,0,5.90,6.94,true,1,
7290010838219,false,ממתיק על בסיס צמח הסטיביה - שקיות,"קיפל טבליות וממתיקים בע""מ",IL,ממתיק מרמולייט,גרמים,100.00,100 גרם,false,0,29.90,29.90,true,1,
7290010838424,false,ג'ל לניקוי מתקדם בניחוח רענן - מארז זוג,"איטיליאן פוד, אס.פי.",NL,דאק לאסלה זוג,ליטרים,1.50,ליטר,false,0,18.90,12.60,true,1,
7290010838431,false,דאק נוזל לניקוי אסלות זוג בניחוח ים 2*750 מל,מיוצר עי קונדיטוריית,NL,דאק לאסלה זוג,ליטרים,1.50,ליטר,false,0,18.90,12.60,true,1,
7290010839865,false,רוטב רכז רימונים ויליפוד 320 ג',ניו ג'רסי סטאר סנקס,TR,רוטב רימונים,גרמים,320.00,100 גרם,false,0,10.90,3.41,true,1,
7290010883370,false,כפפות אלוורה רב שימושיות בינוניות M סנו סושי,האי נאם סי או אל.טי.,CN,סנו סוש כפפות,יחידה,1.00,יחידה,false,0,9.90,9.90,true,1,
7290010931330,false,סלט מטבוחה אחלה 500 גרם,מיוצר עי קונדיטוריית,IL,סלט מטבוחה אחלה,גרמים,500.00,100 גרם,false,0,13.80,2.76,true,1,
7290010945306,false,חלב 3% בקרטון טרה 2 ליטר,הפריט בפיקוח,IL,חלב 3% בקרטון,ליטרים,2.00,ליטר,false,0,12.46,6.23,true,1,
7290010945481,false,גבינה לבנה טרה 5% מרכיבים טבעיים,הפריט בפיקוח,IL,גבינה לבנה 5%,גרמים,500.00,100 גרם,false,0,9.96,1.99,true,1,
7290010970100,false,שמן שומשום כבישה קרה 250 מיל טעמים,"ג.מ טעם הארץ בע""\ם",IL,שמן שומשום,מיליליטרים,250.00,"100 מ""ל",false,1,29.60,11.84,true,1,
7290010970193,false,סילאן תמרים טבעי 100% תמרים,"ג.מ טעם הארץ בע""\ם",IL,סילאן תמרים טבעי,גרמים,900.00,100 גרם,false,1,19.90,2.21,true,1,
7290010970223,false,חומץ יין אדום מונטני,"ג.מ טעם הארץ בע""\ם",IL,חומץ יין אדום,מיליליטרים,500.00,"100 מ""ל",false,0,15.20,3.04,true,1,
7290010970254,false,חומץ בן יין לבן טעמי,"ג.מ טעם הארץ בע""\ם",IL,חומץ יין לבן,מיליליטרים,500.00,"100 מ""ל",false,0,15.20,3.04,true,1,
7290010970261,false,טעמים-חומץ תפוחי עץ,"ג.מ טעם הארץ בע""\ם",IL,חומץ תפוחי עץ,מיליליטרים,500.00,"100 מ""ל",false,0,15.20,3.04,true,1,
7290010970407,false,"חומץ תפוחים בלסמי 500מ""ל","ג.מ טעם הארץ בע""\ם",IL,חומץ תפוחים בלסמ,גרמים,500.00,100 גרם,false,1,19.90,3.98,true,1,
7290010970452,false,טחינה גולמית מעודנת 380 גרם,,IL,טחינה גולמית,גרמים,380.00,100 גרם,false,1,14.90,3.92,true,1,
7290010970759,false,"סירופ מלבי 250 מ""ל","ג.מ טעם הארץ בע""\ם",IL,סירופ מלבי,מיליליטרים,250.00,"100 מ""ל",false,1,10.90,4.36,true,1,
7290010970766,false,"מי ורדים 250 מ""ל","ג.מ טעם הארץ בע""\ם",IL,מי ורדים,מיליליטרים,250.00,"100 מ""ל",false,1,10.90,4.36,true,1,
7290010970773,false,סילאן תמרים 100% טבעי בקבוק לחיץ 350 גרם,"ג.מ טעם הארץ בע""\ם",IL,סילאן טבעי,גרמים,350.00,100 גרם,false,1,14.90,4.26,true,1,
7290011015985,false,"סירופ בטעם דיאט אננס 750 מ""ל פריגת",סירופ - גבעת חיים,IL,סירופ דיאט אננס,מיליליטרים,750.00,"100 מ""ל",false,0,23.90,3.19,true,1,
7290011017866,false,קוקה קולה קלאסי בפחית,החברה המרכזית לייצור משקאות,IL,קוקה קולה פחית,מיליליטרים,330.00,"100 מ""ל",false,0,5.40,1.64,true,1,
7290011017873,false,"פחיות קוקה קולה זירו 330 מ""ל",החברה המרכזית לייצור משקאות,IL,קולה זירו,מיליליטרים,330.00,"100 מ""ל",false,0,5.40,1.64,true,1,
7290011017880,false,דיאט קוקה קולה פחית סליק 330מל,החברה המרכזית לייצור משקאות,IL,קוקה קולה דיאט,מיליליטרים,330.00,"100 מ""ל",false,0,5.40,1.64,true,1,
7290011018184,false,פיוז טי תה קר בטעם אפרסק,מבשלות בירה בינלאומי,IL,פיוז תה אפרסק,מיליליטרים,500.00,"100 מ""ל",false,0,7.40,1.48,true,1,
7290011018924,false,"מארז פחיות דיאט קוקה קולה שישייה 330 מ""ל",החברה המרכזית לייצור משקאות,IL,שישיית קולה דיאט,ליטרים,1.98,ליטר,false,0,22.90,11.57,true,1,
7290011026066,false,"ד""ר פישר - סרקל שמפו + מרכך לילדים 1 ליטר",פישר מעבדות פרמצבטיות בע,IL,סרקל 2 ב1-,ליטרים,1.00,ליטר,false,0,28.90,28.90,true,1,
7290011051358,false,"שוופס סודה לימון זכוכית 250 מ""ל",יפאורה תבורי בעמ,IL,שוופס סודה לימון,מיליליטרים,250.00,"100 מ""ל",false,1,3.90,1.56,true,1,
7290011064075,false,מעדן לבנה מסבחה -אבו גוש 200 גרם,גבינות אמיר ניצן בעמ,IL,לאבנה אבו - גוש,גרמים,200.00,100 גרם,false,0,13.90,6.95,true,1,
7290011065416,false,פלפל שחור מטחנה מימונס 60 גרם,"א.ל ייצור ושיווק תבלינים בע""מ",IL,פלפל שחור מטחנה,גרמים,60.00,100 גרם,false,1,17.90,29.83,true,1,
7290011081492,false,גלידה בטעם שלושה שוקולדים 1.33ל' קרמיסימו,"גלידת שטראוס בע""\מ, רחוב",IL,קרמיסימו שוקולדי,ליטרים,1.33,ליטר,false,0,18.90,14.21,true,1,
7290011081690,false,קרמיסימו פרווה שוקו ציפ+וניל ציפ 1.33ל,"גלידת שטראוס בע""\מ, רחוב",IL,קרמיסימו פרווה ש,ליטרים,1.33,ליטר,false,0,18.90,14.21,true,1,
7290011110109,false,תירס לבן מתוק יחידה,"יגור חקלאות בע""מ",IL,תירס לבן מתוק,יחידה,1.00,יחידה,false,1,17.90,17.90,true,1,
7290011113926,false,דאודורנט ספריי טיטניום בלאק Titanium Black,משווק: וסמופארם בעממ,IL,דאודורנט טיטניום,מיליליטרים,200.00,"100 מ""ל",false,0,14.90,7.45,true,1,
7290011115203,false,אל סבון מוצק מבושם בניחוח עדין קלאסיק - מארז רביעיה,טרופיקל דגיל תעשיות,IL,סבון נקה 7 4 יח,גרמים,400.00,100 גרם,false,0,12.50,3.13,true,1,
7290011115258,false,אל סבון מוצק מבושם בניחוח עדין קלאסיק - מארז רביעיה,"גליל כימיכלים בע""מ",IL,נקה 7 סבון 4 יח,גרמים,400.00,100 גרם,false,0,12.50,3.13,true,1,
7290011126209,false,הגן הקסום תה טעם תפוח וקינמון סיידר ויסוצקי 25 יח',תה ויסוצקי,IL,חליטת תפוח קנמון,גרמים,67.00,100 גרם,false,0,18.90,28.21,true,1,
7290011126216,false,תה רויבוש קלאסי ויסוצקי 25 יחידות,תה ויסוצקי,IL,תה רויבוש,גרמים,50.00,100 גרם,false,0,24.50,49.00,true,1,
7290011126452,false,הגן הקסום תה בטעם קמומיל ונענע ויסוצקי 25 יחידות,תה ויסוצקי,IL,חליטת קמומיל,גרמים,37.00,100 גרם,false,0,18.90,51.08,true,1,
7290011126469,false,חליטת צמחים וקמומיל הגן הקסום ויסוצקי 25 יחידות,תה ויסוצקי,IL,חליטת קמומיל+דבש,גרמים,37.00,100 גרם,false,0,18.90,51.08,true,1,
7290011126940,false,תה ירוק בתוספת מרווה ויסוצקי 25 יחידות,ויסוצקי ירוק,IL,תה ירוק מרווה,גרמים,37.00,100 גרם,false,0,24.90,67.30,true,1,
7290011126957,false,תה ירוק ארל גריי ויסוצקי 25 יחידות,ויסוצקי ירוק,IL,תה ירוק ארל גריי,גרמים,37.00,100 גרם,false,0,24.90,67.30,true,1,
7290011131050,false,גרנולה בתוספת פקאן 1 קילו גרין,ויטליאה ניקולה דו,MK,גרנולה פקאן,קילוגרמים,1.00,"ק""ג",false,0,27.60,27.60,true,1,
7290011131371,false,"מוזלי שקדים ואגוזים 1 ק""ג גרין",ויטליאה ניקולה דו,MK,מוזלי קראנצ'י,קילוגרמים,1.00,"ק""ג",false,0,25.90,25.90,true,1,
7290011131395,false,"מוזלי בתוספת 30% פירות 1 ק""ג גרין",ויטליאה ניקולה דו,MK,מוזלי 30% פירות,קילוגרמים,1.00,"ק""ג",false,0,25.90,25.90,true,1,
7290011131616,false,מוזלי אגוזים מופח.שומן1ק,ויטליאה ניקולה דו.,MK,מוזלי אגוזים,קילוגרמים,1.00,"ק""ג",false,0,25.90,25.90,true,1,
7290011131968,false,"גרנולה בתוספת שקדים ואגוזים גרין 1 ק""ג",ויטליה ניקולא דו,MK,גרנולה אגוזים,קילוגרמים,1.00,"ק""ג",false,0,27.60,27.60,true,1,
7290011131975,false,גרנולה בתוספת פירות מיובשים ומסוכרים,ויטליאה ניקולה דו,MK,גרנולה פירות,קילוגרמים,1.00,"ק""ג",false,0,27.60,27.60,true,1,
7290011132552,false,רביעיית בירה פאולנר 330 מל בקבוק,מבשלת פאולנר,DE,בירה פאולנר 4 יח,ליטרים,1.32,ליטר,false,0,39.90,30.23,true,1,
7290011133375,false,בירה שנדי בתוספת משקה אפרסק - שישייה,"טמפו משקאות בע""מ",IL,מכבי שנדי 6 יח,ליטרים,1.98,ליטר,false,0,35.30,17.83,true,1,
7290011133634,false,"פפסי מקס פחית צרה מארז שישייה 330 מ""ל","טמפו משקאות בע""\מ",IL,פפסי מקס 6 פחיות,ליטרים,1.98,ליטר,false,1,18.90,9.55,true,1,
7290011148935,false,מלפפון בייבי יחידה,חקלאי,IL,מלפפון בייבי,גרמים,350.00,100 גרם,false,0,9.90,2.83,true,1,
7290011154035,false,"תרכיז תפוחים סחוט טעמי הגליל 500 מ""ל",טעמי הגליל,IL,תרכיז תפוחים,מיליליטרים,500.00,"100 מ""ל",false,1,20.50,4.10,true,1,
7290011154080,false,"תרכיז תפוחים צלול 500 מ""ל טעמי הגליל",טעמי הגליל,IL,תרכיז תפוחים,מיליליטרים,500.00,"100 מ""ל",false,0,20.50,4.10,true,1,
7290011154882,false,"תרכיז תפוזים טבעי טעמי הגליל 500 מ""ל",טעמי הגליל,IL,תרכיז תפוזים טבע,מיליליטרים,500.00,"100 מ""ל",false,1,27.90,5.58,true,1,
7290011194215,false,מעדן גבינה ויוגורט בטעם בננה 5% שומן 88 ג' דניאלה,"שטראוס בריאות בע""מ",IL,דניאלה בננה,גרמים,88.00,100 גרם,false,0,4.10,4.66,true,1,
7290011194246,false,קוטג' 5% עם סידן 250 ג' שטראוס,מיוצר עי קונדיטוריית,IL,קוטג' 5% שומן,גרמים,250.00,100 גרם,false,0,5.90,2.36,true,1,
7290011223243,false,"טואלט דאק ג'ל לאסלה בניחוח לבנדר 55 מ""ל","איטיליאן פוד, אס.פי.",IT,דאק ג'ל לאסלה,מיליליטרים,55.00,"100 מ""ל",false,0,9.90,18.00,true,1,
7290011239213,false,חטיפים מתוקים -מחרום,בני ריאד מחרום,IL,חטיפים מתוקים,יחידה,1.00,יחידה,false,0,5.90,5.90,true,1,
7290011239237,false,חטיף אגוזים ישראלי 250גר,בני ריאד מחרום,IL,חטיף אגוזים,גרמים,250.00,100 גרם,false,1,18.90,7.56,true,1,
7290011239336,false,חלבה מחרום ללא סוכר400ג,"בני ריאד מחרום בע""מ",IL,חלבה מחרום,גרמים,400.00,100 גרם,false,1,21.90,5.48,true,1,
7290011239343,false,חטיף שומשום 330 גרם,"בני ריאד מחרום בע""מ",IL,חלבה מחרום,גרמים,400.00,100 גרם,false,1,21.90,5.48,true,1,
7290011239404,false,חטיפים שונים ארוזים330ג,"בני ריאד מחרום בע""מ",IL,חטיפים ארוזים,גרמים,330.00,100 גרם,false,0,14.90,4.52,true,1,
7290011378028,false,חלבה קלאסית וניל ללא תוספת סוכר בארכה 350 גרם,"רושדי תעשיות מזון בע""\מ",IL,"חלבה ללת""ס",גרמים,350.00,100 גרם,false,0,16.90,4.83,true,1,
7290011378233,false,"חטיפי חלווה בארכה 126 גרם מארז 7 יחידות לל""ס","רושדי תעשיות מזון בע""\מ",IL,"חט.חלבה ללת""ס",גרמים,126.00,100 גרם,false,0,12.90,10.24,true,1,
7290011378257,false,חטיף חלבה בטעם וניל ללא תוספת סוכר בתוספת פיסטוק ופקאן,"רושדי תעשיות מזון בע""\מ",IL,חטיפי חלבה 7 יח,גרמים,125.00,100 גרם,false,0,12.90,10.32,true,1,
7290011378769,false,חטיף חלווה וניל בארכה 126 גרם מארז 7 יחידות,"רושדי תעשיות מזון בע""\מ",IL,חטיפי חלבה,גרמים,126.00,100 גרם,false,0,13.50,10.71,true,1,
7290011378776,false,חטיף חלווה פיסטוק בארכה 126 גרם מארז 7 יחידות,"רושדי תעשיות מזון בע""\מ",IL,חטיפי חלבה 7 יח,גרמים,126.00,100 גרם,false,0,13.50,10.71,true,1,
7290011426040,false,נבט חיטה טבע מהדרין300גר,,IL,נבט חיטה,גרמים,300.00,100 גרם,false,0,10.60,3.53,true,1,
7290011426071,false,פשתן טחון אורגני 300 גרם,,IL,פשתן טחון אורגני,גרמים,300.00,100 גרם,false,0,9.90,3.30,true,1,
7290011426293,false,סובין שיבולת שועל 500 גר,,IL,סובין שבולת שועל,גרמים,500.00,100 גרם,false,0,16.90,3.38,true,1,
7290011426507,false,שמן פשתן,,IL,שמן פשתן,מיליליטרים,400.00,"100 מ""ל",false,0,46.50,11.63,true,1,
7290011426576,false,שקדימון 300 גרם,,IL,שקדימון,גרמים,300.00,100 גרם,false,0,34.90,11.63,true,1,
7290011435226,false,דבש מפרחי בר לחיץ 650 ג' יד מרדכי,מכוורת יד מרדכי שטראוס ב,IL,דבש בקבוק לחיץ,גרמים,650.00,100 גרם,false,0,31.90,4.91,true,1,
7290011438142,false,"משקה יטבתה אייס קפה בבקבוק אישי 350 מ""ל",שטראוס גרופ,IL,משקה חלב קפה,מיליליטרים,350.00,"100 מ""ל",false,0,6.20,1.77,true,1,
7290011447267,false,מטרנה פרימיום חלבי שלב 1 700 גרם חיסכון,מטרנה תעשיות ש.מ,IL,מטרנה חלבי,גרמים,700.00,100 גרם,false,0,49.90,7.13,true,1,
7290011447281,false,מטרנה פרימיום חלבי שלב 2 700 גרם חיסכון,מטרנה תעשיות ש.מ,IL,מטרנה חלבי שלב 2,גרמים,700.00,100 גרם,false,0,49.90,7.13,true,1,
7290011447304,false,מטרנה פרימיום חלבי שלב 3 700 גרם חיסכון,מטרנה תעשיות ש.מ,IL,מטרנה חלבי שלב 3,גרמים,700.00,100 גרם,false,0,49.90,7.13,true,1,
7290011489694,false,פרורי ביסקוויט בטעם וניל 300 גר'.,אפיפית נצרת,IL,פירורי בסקוויט,גרמים,300.00,100 גרם,false,0,5.90,1.97,true,1,
7290011489700,false,פרורי ביסקוויט בטעם שוקו 300 גר'.,אפיפית נצרת,IL,פירורי בסקוויט,גרמים,300.00,100 גרם,false,0,5.90,1.97,true,1,
7290011498092,false,מרציפן נטו 56% 200 גרם,"אלמנדוס בע""מ",IL,מרציפן 56%,גרמים,200.00,100 גרם,false,1,21.90,10.95,true,1,
7290011498177,false,ממרח שקד לבן מקולף 700 ג,שקד תבור,IL,ממרח שקד לבן,גרמים,700.00,100 גרם,false,0,64.90,9.27,true,1,
7290011498283,false,אגוזי אדמה חמאה בוטנים 700 גר,שקד תבור,IL,חמאת בוטנים,גרמים,700.00,100 גרם,false,1,24.90,3.56,true,1,
7290011498351,false,ממרח אילסר אגוזי לוז,שקד תבור,IL,חמאת אגוזי לוז,גרמים,200.00,100 גרם,false,1,23.90,11.95,true,1,
7290011498368,false,ממרח פיסטוק אלת הבטנ,שקד תבור,IL,מחית פיסטוק,גרמים,120.00,100 גרם,false,0,42.90,35.75,true,1,
7290011498511,false,ממרח חלבה מלאה עשירה350ג,שקד תבור,IL,ממרח חלבה,גרמים,350.00,100 גרם,false,1,15.90,4.54,true,1,
7290011498740,false,שקד מלא טחון בכבישה קרה,"אלמונדס בע""מ",IL,שקד מלא טחון,גרמים,310.00,100 גרם,false,0,34.90,11.26,true,1,
7290011498870,false,מארז חטיפי תמר במילוי חמאת שקדים 150 גרם,"אלמנדוס בע""מ",IL,חטיף תמרים,גרמים,150.00,100 גרם,false,0,17.90,11.93,true,1,
7290011498894,false,מארז חטיפי תמר במילוי חמאת בוטנים 150 גרם,מרכז השקד,IL,חטיפי תמר,גרמים,150.00,100 גרם,false,0,17.90,11.93,true,1,
7290011498948,false,מארז חטיפי תמר מצופה שוקולד 100% קקאו 150 גרם,"אלמנדוס בע""מ",IL,חטיפי תמר מצופים,גרמים,150.00,100 גרם,false,0,17.90,11.93,true,1,
7290011498955,false,אגוזי אדמה חמאת בוטנ300ג,שקד תבור,IL,חמאת בוטנים,גרמים,300.00,100 גרם,false,0,12.90,4.30,true,1,
7290011498962,false,שקד לבן בכבישה קרה 300 ג,"אלמונדס בע""מ",IL,שקד לבן כבישה קר,גרמים,300.00,100 גרם,false,0,38.90,12.97,true,1,
7290011498979,false,שקד לבן בתוספת סיבים 300 גרם,מרכז השקד,IL,שקד לבן,גרמים,300.00,100 גרם,false,0,34.90,11.63,true,1,
7290011499112,false,בולגרית מסורתית 16% 250 גרם - רבנות,"מיוצר ע""י dsh",IL,גבינה בולגרית,גרמים,250.00,100 גרם,false,0,22.60,9.04,true,1,
7290011499129,false,גבינה בולגרית מעודנת קוביות קטנות 5% גד 200 גרם,קוד יצרן DSH,IL,קוביות בולגרית,גרמים,200.00,100 גרם,false,0,20.90,10.45,true,1,
7290011499303,false,פטה עיזים מעודנת 5% בגביע 250 גרם - רבנות,ג'נרל מילס סאן אדריא,IL,פטה מעודנת עיזים,גרמים,250.00,100 גרם,false,0,30.90,12.36,true,1,
7290011499327,false,גבינה בולגרית מעודנת 5% 250 גרם - רבנות,מיוצר על ידי DSH עבו,IL,בולגרית מעודנת5%,גרמים,250.00,100 גרם,false,0,22.90,9.16,true,1,
7290011499341,false,גבינת קשקבל ארוז 26 אחוז 250גרם גד,הנסיך- מפעל לייצור ט,IL,גבינת קאשקבלו,גרמים,200.00,100 גרם,false,0,28.90,14.45,true,1,
7290011499358,false,פטה עיזים מסורתית 20% בגביע 200 גרם - רובין,מיוצר על ידי קוד יצר,IL,פטה עיזים20%,גרמים,200.00,100 גרם,false,0,26.00,13.00,true,1,
7290011499365,false,גד חלומי 24% 200 גרם רובין,"מחלבות גד בע""\מ",IL,חלומי גד 24%,גרמים,200.00,100 גרם,false,0,20.90,10.45,true,1,
7290011499419,false,גבינה במרקם שמנת בטעם טבעי 5% ניו יורק,גבינות מדף,IL,גבינת שמנת גד5%,גרמים,200.00,100 גרם,false,0,11.40,5.70,true,1,
7290011499525,false,גבינת לאבנה דרוזית 9% גד 500 גרם,מחלבות גד בעמ,IL,לאבנה דרוזית 9%,גרמים,500.00,100 גרם,false,0,20.30,4.06,true,1,
7290011499624,false,שמנת 30% ניו יורק טבעי 200 גרם רבנות,גבינות מדף,IL,גבינת שמנת 30%,גרמים,200.00,100 גרם,false,0,12.90,6.45,true,1,
7290011499846,false,גבינת ריקוטה פרסקה 9% גד 300 גרם,מחלבות גד בעמ,IL,ריקוטה פרסקה 9%,גרמים,300.00,100 גרם,false,0,18.00,6.00,true,1,
7290011501563,false,נקטר חמוציות דין שיו,,US,מיץ חמוציות,ליטרים,1.89,ליטר,false,0,17.80,9.42,true,1,
7290011501570,false,מיצוי שזיפים 1 ליטר,,US,מיץ שזיפים,מיליליטרים,946.00,"100 מ""ל",false,0,15.30,1.62,true,1,
7290011501617,false,חמוציות ברכז תפוחים ללא תוספת סוכר 250 גרם,"דין שיווק וקלייה בע""",IL,חמוציות דל סוכר,גרמים,250.00,100 גרם,false,0,19.70,7.88,true,1,
7290011505776,false,שיפודי במבוק עבים במיוחד 75 יחידות,הוסטס,CN,שיפודי במבוק,יחידה,1.00,יחידה,false,1,4.00,4.00,true,1,
7290011515683,false,מאגדת טילון אקסטרים וניל נסטלה 6 יחידות,תות תעשיות מזון (201,IL,מאגדת אקסטרים,גרמים,432.00,100 גרם,false,0,33.90,7.85,true,1,
7290011518561,false,"אקטימל תות 1.51 ק""ג מארז 14 יחידות",מיוצר עי קונדיטוריית,IL,אקטימל מארז14יח',ליטרים,1.40,ליטר,false,0,29.90,21.36,true,1,
7290011525712,false,"קמיל בלו אל סבון סנסיטיב לפני השינה ד""ר פישר 1 ליטר",פישר מעבדות פרמצבטיות בע,IL,אלסבון קמיל,ליטרים,1.00,ליטר,false,0,32.90,32.90,true,1,
7290011530532,false,מיקס פירות קפואים שייק איט ירוק - 3*150 ג',"הבו-קדו בע""מ",IL,שייק אייט ירוק,גרמים,450.00,100 גרם,false,1,29.90,6.64,true,1,
7290011570781,false,"קמח כרגיל ללא גלוטן בטעם וניל אשבל 1 ק""ג",אשבל מזון פונקציונלי בע\,IL,תערובת לעוגה,גרמים,450.00,100 גרם,false,1,16.90,3.76,true,1,
7290011575250,false,מבריק וצובע נעליים הפי,יעקבי - הפי Hepi,ES,ספוג הברקת נעלים,יחידה,1.00,יחידה,false,0,9.90,9.90,true,1,
7290011587581,false,פילה אנשובי תומר צנצנת 100 גרם,אינוורסינס פריסקו,PE,פילה אנשובי,גרמים,100.00,100 גרם,false,1,10.90,10.90,true,1,
7290011587598,false,שימורי אנשובי בפח 45 ג' תומר,אינוורסיונס פריסקו,PE,פילה אנשובי,גרמים,45.00,100 גרם,false,0,6.90,15.33,true,1,
7290011598211,false,"סנו - אנטי קאלק מרסס ניקוי כללי 4 ב-1 700 מ""ל",מיוצר עי קונדיטוריית,IL,סנו אנטי קאלק,מיליליטרים,700.00,"100 מ""ל",false,0,17.90,2.56,true,1,
7290011598402,false,מקסימה מרכך כביסה ארומתרפי מאסק סנו 4 ליטר,"סנו מפעלי ברונוס בע""\מ",IL,מרכך כביסה,ליטרים,4.00,ליטר,false,0,21.90,5.48,true,1,
7290011615277,false,"עלי טורטיוה קמח חיטה 25ס""מ 12יח' ויליפוד 840 ג'",מוטלוקאל גידה סאן טי,TR,עלי טורטייה,גרמים,840.00,100 גרם,false,0,14.90,1.77,true,1,
7290011618025,false,בייבי ביס הוט קידס נגיסי אורז לתינוק,גואנז'ו יונג וואנט פ,CN,בייבי ביס,גרמים,50.00,100 גרם,false,0,14.90,29.80,true,1,
7290011618216,false,נגיסי אורז בייבי ביס בננה 50 גרם,גואנז'ו יונג וואנט פ,CN,בייבי ביס,גרמים,50.00,100 גרם,false,0,14.90,29.80,true,1,
7290011716097,false,פנקו יפני בטעם גריל300גר,דין שיווק וקלייה בעמ,IL,פנקו יפני,גרמים,300.00,100 גרם,false,0,7.10,2.37,true,1,
7290011744892,false,"אקווה פרש - משחת שיניים ילדים ג'וניור 6+ 50 מ""ל",גלקסו סמית קליין,SK,משחת שיניים א.פ,מיליליטרים,50.00,"100 מ""ל",false,0,13.60,27.20,true,1,
7290011765095,false,קרמה מן גל גילוח אלוורה ירוק 200 מל,טרופיקל דגיל תעשיות,TR,ג'ל גילוח קרמה,מיליליטרים,200.00,"100 מ""ל",false,0,14.90,7.45,true,1,
7290011765118,false,קצף גילוח קרמה מן דליקט 200 מל,"אביאפ, איסטנבול, תור",TR,קצף גילוח עדין,מיליליטרים,200.00,"100 מ""ל",false,0,9.70,4.85,true,1,
7290011765446,false,משחת שיניים לילדים בוב ספוג בטעם מיץ ענבים עם פלואוריד למניעת עששת,טרופיקל דגיל תעשיות קוסמ,IL,משחת שיניים,גרמים,70.00,100 גרם,false,0,7.90,11.29,true,1,
7290011765613,false,סנו מסיר עובש בניחות לימון מתז 1 ל',"סנו מפעלי ברונוס בע""\מ",IL,סנו מסיר עובש,ליטרים,1.00,ליטר,false,1,15.90,15.90,true,1,
7290011765620,false,"נוזל כלים סנו גרין פאוור אקולוגי 750 מ""ל",סנו מפעלי ברונוס בעמ,IL,נוזל כלים אקולוג,מיליליטרים,700.00,"100 מ""ל",false,1,9.90,1.41,true,1,
7290011800840,false,רפי כהן סלט טחינה בלאדי צבר 400 גרם,רפי כהן / צבר,IL,סלט טחינה בלאדי,גרמים,400.00,100 גרם,false,0,15.90,3.98,true,1,
7290011830007,false,"סוכר חום אורגני השדה מוצרים אורגנים 1 ק""ג",השדה מוצרים אורגניים,IN,סוכר קנים חום,קילוגרמים,1.00,"ק""ג",false,0,12.80,12.80,true,1,
7290011830168,false,פירורי לחם אורגני ק.כוסמין שקית 200 גרם,השדה מוצרים אורגניים,IL,פירורי לחם,גרמים,200.00,100 גרם,false,0,13.00,6.50,true,1,
7290011830182,false,פסטה כוסמין אורגנית פוזילי 500גר,השדה מוצרים אורגניים,IT,פסטה פוזילי כוסמ,גרמים,400.00,100 גרם,false,0,19.90,4.98,true,1,
7290011830236,false,בייגלה מקמח כוסמין +מלח 200 גרם השדה,השדה מוצרים אורגניים,IL,בייגלה אורגני,גרמים,200.00,100 גרם,false,0,16.50,8.25,true,1,
7290011830243,false,אטריות אורג. ללא גלוטן מאורז תאילנדי 250,השדה מוצרים אורגניים,CN,אטריות אורז תאי,גרמים,250.00,100 גרם,false,0,16.50,6.60,true,1,
7290011830250,false,נודלס אורגני ללא גלוטן 100% כווסמת 250 גרם,השדה מוצרים אורגניים,CN,אטריות כוסמת,גרמים,250.00,100 גרם,false,0,17.90,7.16,true,1,
7290011830267,false,אטריות אורגניות ללא גלוטן מאורז מלא 250,השדה מוצרים אורגניים,CN,אטריות מאורז מלא,גרמים,250.00,100 גרם,false,0,16.50,6.60,true,1,
7290011830564,false,פתיבר כוסמין אורגני השדה מוצרים אורגנים 200 גרם,השדה מוצרים אורגניים,IL,פתי בר כוסמין,גרמים,180.00,100 גרם,false,0,12.50,6.94,true,1,
7290011830601,false,פינגווינים חטיף אורגני להקפאה בטעמים 400,דולפין ספא,IT,פינגווינים אורגנ,גרמים,400.00,100 גרם,false,0,14.80,3.70,true,1,
7290011830830,false,חטיף ציקי מאנקי אורגני 20 גר השדה,השדה מוצרים אורגניים,IL,צ'יקי מאנקי,גרמים,20.00,100 גרם,false,0,3.40,17.00,true,1,
7290011844103,false,גריסיני,,,גריסיני,גרמים,180.00,100 גרם,false,0,14.10,7.83,true,1,
7290011860271,false,ביסבול כדורי פירה מתפוחי אדמה תפוגן 700 גרם,"תעשיות תפוגן בע""\מ",IL,ביסבול טבעי,גרמים,700.00,100 גרם,false,0,15.80,2.26,true,1,
7290011876388,false,קציצות עוף ובקר מאמא עוף 600 גרם,תנובה גליל שותפות מו,IL,קציצות עוף ובקר,גרמים,600.00,100 גרם,false,0,34.40,5.73,true,1,
7290011876494,false,שניצל עוף תירס 750 ג' מאמא עוף,תנובה גליל,IL,שניצל עוף ותירס,גרמים,750.00,100 גרם,false,0,36.90,4.92,true,1,
7290011877156,false,"מבשם אוויר, בגדים וארונות פרש בניחוח מאסק",מיוצר עי קונדיטוריית,IL,סנו פרש ענק,מיליליטרים,375.00,"100 מ""ל",false,0,9.80,2.61,true,1,
7290011877866,false,"מקסימה אבקת כביסה בניחוח מאסק סנו 6 ק""ג","סנו מפעלי ברונוס בע""\מ",IL,אבקת כביסה,קילוגרמים,6.00,"ק""ג",false,0,44.90,7.48,true,1,
7290011878351,false,תמרים מגהול 400 גרם אורגני,,IL,תמר מג'הול,גרמים,400.00,100 גרם,false,0,27.90,6.98,true,1,
7290011878375,false,תמרים דקל נור 400 גרם,,IL,תמר דקל,גרמים,400.00,100 גרם,false,0,18.50,4.63,true,1,
7290011912642,false,ליסטרין שטיפת פה הגנה על השיניים והחניכי,ג'\ונסון אנד ג'\ונסון,IT,מי פה ליסטרין,מיליליטרים,500.00,"100 מ""ל",false,0,21.90,4.38,true,1,
7290011923303,false,טופו טבעי 300גרם ליב,א.י.ן תעשיות מזון בע,IL,טופו בטעם טבעי,גרמים,300.00,100 גרם,false,0,10.90,3.63,true,1,
7290011947309,false,זיתים מצוננים סורי מבוקע ולימון כבוש זיתא 230 ג',זיתא – י.ט.ב תעשיות,IL,זית סורי,גרמים,230.00,100 גרם,false,0,13.90,6.04,true,1,
7290011947316,false,זיתא זיתי קלמטה בשמן זית כתית מעולה 215ג,זיתא - י.ט.ב תעשיות,IL,זיתי קלמטה,גרמים,215.00,100 גרם,false,1,13.90,6.47,true,1,
7290011947521,false,"שמן זית כתית מעולה 750 מ""ל טעם מודגש זיתא",זיתא - י.ט.ב תעשיות,IL,שמן זית כתית,מיליליטרים,750.00,"100 מ""ל",false,1,29.90,3.99,true,1,
7290011947743,false,זיתים זיתא מיקס זית ירוק וזית קלמטה 215 גרם,זיתא - י.ט.ב תעשיות,IL,מיקס זיתים,גרמים,215.00,100 גרם,false,1,13.90,6.47,true,1,
7290011947781,false,מיקס זית ירוק וזית קלמטה ללא גלעין עם שמן זית כתית מעולה,זיתא - י.ט.ב תעשיות,IL,מיקס זית ירוק,גרמים,190.00,100 גרם,false,1,13.90,7.32,true,1,
7290011947798,false,זית קלמטה ללא גלעין עם שמן זית כתית מעולה,זיתא - י.ט.ב תעשיות,IL,זית קלמטה,גרמים,190.00,100 גרם,false,1,13.90,7.32,true,1,
7290011964702,false,שווארמה ללא מונסודיום 100 גרם מיכל גדול,"תבליני טעם וריח בע""מ",IL,תיבול לשווארמה,גרמים,100.00,100 גרם,false,0,10.00,10.00,true,1,
7290012001994,false,חרדל דיז'ון גרעינים 350 ג' ריין דיזון,ריין דיז'ון reine dijon,FR,חרדל דיז'ון ריין,גרמים,350.00,100 גרם,false,0,11.90,3.40,true,1,
7290012019043,false,שום צעיר כבוש בחומץ בצנצנת 330 גרם,FOODS CANDDED QINGDAO,CN,שום צעיר כבוש,גרמים,330.00,100 גרם,false,0,12.90,3.91,true,1,
7290012019265,false,"מחית תפו""ע ללא תוספת סוכר 4*113גר",אינדיאן סאמר קו אופ אינק,US,"רסק תפו""ע ללת""ס",גרמים,452.00,100 גרם,false,0,10.90,2.41,true,1,
7290012019272,false,רביעיית מחית תפוח עץ וקינמון תומר 113 גרם,אינדיאן סאמר קו אופ אינק,US,"רסק תפו""ע",גרמים,452.00,100 גרם,false,0,10.90,2.41,true,1,
7290012022005,false,פריכיות חיטה 60 גרם,דילייט,IL,קריספיות טבעי,גרמים,60.00,100 גרם,false,0,13.90,23.17,true,1,
7290012022050,false,קריספיות מרובה דגנים 75ג,דילייט,IL,קריספיות דגנים,גרמים,75.00,100 גרם,false,0,15.90,21.20,true,1,
7290012022067,false,קריספיות קידס 30 גרם,דילייט,IL,קריספיות קידס,גרמים,30.00,100 גרם,false,0,12.90,43.00,true,1,
7290012086113,false,עגבניה שרי אשכולות מובחר,קטיף.,IL,שרי אשכולות,גרמים,460.00,100 גרם,false,0,9.90,2.15,true,1,
7290012116261,false,סנו מדיק ג'ל לניקוי ידיים אלוורה 500 מל,גוד פוד פרודקטס S.p,IL,סנו מדיק ג'ל,מיליליטרים,500.00,"100 מ""ל",false,1,19.90,3.98,true,1,
7290012116360,false,פוליויקס נוזל לניקוי רצפות גרניט פורצלן סנו 2 ליטר,"מפעלי סנו ברונוס בע""",IL,סנו פוליויקס,ליטרים,2.00,ליטר,false,0,14.90,7.45,true,1,
7290012116537,false,"מקסימה אבקת כביסה בניחוח מאסק סנו 2.5 ק""ג",טרופיקל דגיל תעשיות,IL,אבקת כביסה,קילוגרמים,2.50,"ק""ג",false,0,25.90,10.36,true,1,
7290012116551,false,אנטי קאלק נוזל לניקוי כללי סנו 2 ליטר,מיוצר עי קונדיטוריית,IL,סנו אנטי קאלק,ליטרים,2.00,ליטר,false,0,20.90,10.45,true,1,
7290012116612,false,אורביטול מברשת שיניים מארז 4 יח',ג'נרל מילס סאן אדריא,CN,4 מברשות שיניים,יחידה,1.00,יחידה,false,0,11.90,11.90,true,1,
7290012116629,false,תחליב רול און דוחה יתושים לתינוקות ולילדים סנו די,מיוצר עי קונדיטוריית,IL,סנו די לתינוקות,מיליליטרים,50.00,"100 מ""ל",false,0,19.90,39.80,true,1,
7290012117039,false,נוזל לניקוי אמבטיה 00 סנו 1 ליטר,סנו מפעלי ברונוס בעמ,IL,"סנו ""00"" לאמבטיה",ליטרים,1.00,ליטר,false,0,7.90,7.90,true,1,
7290012117091,false,"אבקת כביסה סנסיטיב סנו מקסימה 6 ק""ג",סנו מקסימה,IL,אב.כביסה מקסימה,קילוגרמים,6.00,"ק""ג",false,0,44.90,7.48,true,1,
7290012117275,false,"קליר שקית מילוי לניקוי חלונות סנו 750 מ""ל",טרופיקל דגיל תעשיות,IL,סנוקליר מילוי,מיליליטרים,750.00,"100 מ""ל",false,0,5.90,0.79,true,1,
7290012117428,false,"ג'ל רחצה ושמפו מעיינות מנטה קרמה מן 700 מ""ל",טרופיקל דגיל תעשיות,IL,קרמה ג'ל רחצה,מיליליטרים,700.00,"100 מ""ל",false,0,15.00,2.14,true,1,
7290012117534,false,מרכך כביסה מרוכז תכלת קול סנו מקסימה 1 ליטר,"סנו מפעלי ברונוס בע""\מ",IL,מקסימה ס.מרוכז,ליטרים,1.00,ליטר,false,0,17.90,17.90,true,1,
7290012117541,false,מרכך כביסה מרוכז צהוב סנו מקסימה 1 ליטר,סנו מפעלי ברונוס בעמ,IL,מקסימה מרכך,ליטרים,1.00,ליטר,false,0,17.90,17.90,true,1,
7290012117558,false,מקסימה מרכך כביסה מרוכז ורוד בניחוח מאסק סנו 1 ליטר,"סנו מפעלי ברונוס בע""\מ",IL,מקסימה ס.מרוכז,ליטרים,1.00,ליטר,false,0,17.90,17.90,true,1,
7290012117626,false,שטיפת פה דנטלית לילדים בטעם ענבים בוב ספוג,קוסמופארם בע'\'\מ,IL,אורביטול מי פה,מיליליטרים,250.00,"100 מ""ל",false,0,10.00,4.00,true,1,
7290012159275,false,מיונז אמיתי 430 גרם LINA,לינה,LT,מיונז לינה,גרמים,430.00,100 גרם,false,0,11.90,2.77,true,1,
7290012193125,false,ממתיק על בסיס סוכרלוז - טבליות,"קיפל טבליות וממתיקים בע""מ",CN,סוכרלוז,יחידה,1.00,יחידה,false,0,26.90,26.90,true,1,
7290012208362,false,פריכיות כוסמת עם טף בהיר 135 גרם,זן - בר המכללה לטבעונות,IL,פריכיות כוסמת,גרמים,135.00,100 גרם,false,1,11.90,8.81,true,1,
7290012208614,false,עגבניות מרוסקות אורגני 700 גרם,,IT,עגבניות מרוסקות,גרמים,700.00,100 גרם,false,1,10.90,1.56,true,1,
7290012208768,false,וופל בלגי לנמנעים מגלוטן אביב ירוק 250 ג,מאפה פסח,IL,וופל בלגי,גרמים,250.00,100 גרם,false,1,28.90,11.56,true,1,
7290012208942,false,יובה חלבון סויה מיובש בצורת מקלות 200 ג,נאיהואנג יג'\יה פוד רו א,CN,חלבון סויה מיובש,גרמים,200.00,100 גרם,false,0,19.90,9.95,true,1,
7290012226120,false,"קבנוס 135 גרם ""זוגלובק""",נקניק נהריה כשר זוגל,IL,קבנוס,גרמים,135.00,100 גרם,false,0,11.20,8.30,true,1,
7290012226342,false,נקניקיה טבעונית למחבת או לתנור עשירה בחלבון,זוגלו'ס Zoglos,IL,נקניקיה טבעונית,גרמים,460.00,100 גרם,false,1,29.90,6.50,true,1,
7290012226922,false,קבנוס בטעם שום זוגלובק 135 גרם,נקניק נהריה כשר זוגל,IL,קבנוס בטעם שום,גרמים,135.00,100 גרם,false,0,11.20,8.30,true,1,
7290012226939,false,קבנוס עם צ'ילי חריף זוגלובק 135 גרם,נקניק נהריה כשר זוגל,IL,קבנוס בטעם צ'ילי,גרמים,135.00,100 גרם,false,0,11.20,8.30,true,1,
7290012226991,false,"נקניקיות עוף באריזת ג''מבו 1.5 ק""ג זוגלובק",נקניק נהריה כשר זוגל,IL,נקניקיות ג'מבו,גרמים,1500.00,100 גרם,false,0,28.90,1.93,true,1,
7290012227172,false,חרמן הודו בדבש וברביקיו זוג במארז 600 ג' זוגלובק,נקניק נהריה כשר זוגל,IL,מארז כפרית חרמון,גרמים,600.00,100 גרם,false,0,33.30,5.55,true,1,
7290012227912,false,קבנוס מעודן זוגלובק 135 גרם,זוגלובק,IL,קבנוס מעודן,גרמים,135.00,100 גרם,false,1,11.20,8.30,true,1,
7290012227974,false,פסטרמה דק דק בדבש 120 ג' זוגלובק,זוגלובק,IL,פסטרמה בדבש דק,גרמים,120.00,100 גרם,false,1,13.90,11.58,true,1,
7290012227981,false,פסטרמה דק דק ברביקיו 120 ג' זוגלובק,זוגלובק,IL,פסטרמה ברביקיו,גרמים,120.00,100 גרם,false,1,13.90,11.58,true,1,
7290012227998,false,פסטרמה דק דק חזה בקר 120 ג' זוגלובק,זוגלובק,IL,חזה בקר דק דק,גרמים,120.00,100 גרם,false,1,13.90,11.58,true,1,
7290012228124,false,קבנוס סטיקס עם נגיעות מלח ים סדרת ריינהולד'ס,זוגלובק,IL,קבנוס סטיקס דק ד,גרמים,50.00,100 גרם,false,1,9.90,19.80,true,1,
7290012228261,false,נקנקיות קנקרס הודו ועוף ריינהולד'ס זוגלובק 300 ג',זוגלובק,IL,נקניקיות קנקרס ה,גרמים,300.00,100 גרם,false,1,21.90,7.30,true,1,
7290012228278,false,נקנקיות בוקוורסט עוף ובקר ריינהולד'ס 310 ג' זוגלובק,זוגלובק,IL,נקניקיות הודו-בק,גרמים,310.00,100 גרם,false,1,21.90,7.06,true,1,
7290012244070,false,עוגת שכבות שוקולד 920גרם,"גידרון תעשיות בע""מ",IL,עוגת שכבות,יחידה,1.00,יחידה,false,0,74.90,74.90,true,1,
7290012244278,false,עוגת היער השחור-פרווה720,גידרון,IL,עוגת היער השחור,גרמים,720.00,100 גרם,false,0,74.90,10.40,true,1,
7290012309878,false,חלבה פיסטוק 500 גרם ששון הקולה,ששון הקולה,IL,חלבה עם פיסטוקים,גרמים,500.00,100 גרם,false,0,16.90,3.38,true,1,
7290012309939,false,חלווה מסולסלת בקופסא ששון הקולה 500 גרם,אף.סי תבליני בגליל ב,IL,חלבה מסולסלת,גרמים,500.00,100 גרם,false,0,16.90,3.38,true,1,
7290012313141,false,מלפפונים פרוסות במלח קבוצת יבנה 330 גרם,אף.סי תבליני בגליל ב,IL,פרוסות מלפפונים,גרמים,540.00,100 גרם,false,0,6.90,1.28,true,1,
7290012313240,false,מיקס זית ירוק וקלמטה קבוצת יבנה 560 גרם,קבוצת יבנה,IL,מיקס זיתים,גרמים,560.00,100 גרם,false,1,12.60,2.25,true,1,
7290012313417,false,מיקס זיתים המסיק 215 גרם,קבוצת יבנה,IL,מיקס זיתים,גרמים,215.00,100 גרם,false,1,12.90,6.00,true,1,
7290012313554,false,עלי גפן ממולא 400 גרםיבנה,אסמה קונסרבסיליק גיד,TR,עלי גפן ממולאים,גרמים,400.00,100 גרם,false,1,8.90,2.23,true,1,
7290012317491,false,קובה ירושלמי 600 גרם,יסמין,IL,קובה ירושלמי,גרמים,600.00,100 גרם,false,0,35.90,5.98,true,1,
7290012349522,false,מלח הימלאיה דק,,IL,מלח דק גבישי,גרמים,200.00,100 גרם,false,0,8.90,4.45,true,1,
7290012349553,false,מלח דק גבישי מן ההימלאיה,,IL,מלח דק גבישי מן,גרמים,500.00,100 גרם,false,0,14.90,2.98,true,1,
7290012352034,false,"נטורל - קרם לחות עם שמן אגוז מקדמיה לשיער מתולתל 400 מ""ל",נטורל פורמולה Natural Formula,IL,קרם לחות נטורל,מיליליטרים,400.00,"100 מ""ל",false,0,21.70,5.43,true,1,
7290012367700,false,קרם גוף אינטנסיב רליף Intensive relief לעור יבש ומגורה,פישר מעבדות פרמצבטיות בע,IL,קרם גוף,מיליליטרים,700.00,"100 מ""ל",false,0,29.90,4.27,true,1,
7290012372100,false,"קמח מלא בהיר 80% רובינפלד 1 ק""ג","סופר קמח רובינפלד בע""מ",IL,קמח חיטה,קילוגרמים,1.00,"ק""ג",false,0,10.90,10.90,true,1,
7290012372117,false,קמח חיטה מלאה מיוחד,"סופר קמח רובינפלד בע""מ",IL,קמח חיטה מלא,קילוגרמים,1.00,"ק""ג",false,0,10.90,10.90,true,1,
7290012372124,false,"קמח מנופה כוסמין מלא רוביפנלד 1 ק""ג","סופר קמח רובינפלד בע""מ",IL,קמח כוסמין,קילוגרמים,1.00,"ק""ג",false,1,17.90,17.90,true,1,
7290012372155,false,"קמח מנופה כוסמין 80% רוביפנלד 1 ק""ג","סופר קמח רובינפלד בע""מ",IL,קמח כוסמין,קילוגרמים,1.00,"ק""ג",false,1,17.90,17.90,true,1,
7290012372247,false,"קמח מנופה כוסמין לבן רוביפנלד 1 ק""ג","סופר קמח רובינפלד בע""מ",IL,קמח כוסמין,קילוגרמים,1.00,"ק""ג",false,1,17.90,17.90,true,1,
7290012413636,false,תה ירוק צ'אי מסאלה ויסוצקי 25 יחידות,ויסוצקי ירוק,IL,תה ירוק צ'אי,גרמים,38.00,100 גרם,false,0,24.90,65.53,true,1,
7290012413643,false,תה ירוק קמומיל 25 שקיקים ויסוצקי,ויסוצקי ירוק,IL,תה ירוק קמומיל,גרמים,37.00,100 גרם,false,0,24.90,67.30,true,1,
7290012475108,false,משקה משעורה נמס אורגני גרין פילד 75 גרם,גרין פילד,EG,משקה שעורה,גרמים,100.00,100 גרם,false,0,15.90,15.90,true,1,
7290012522581,false,טבעול שניצל תירס ללא גלוטן טבעול 664 גרם,עיצובים 2020 (4.8),IL,שניצל תירס,גרמים,664.00,100 גרם,false,0,23.90,3.60,true,1,
7290012561337,false,כורכום טרי כתוש קפוא דורות 70 גר,מוצרי שום ותיבול דורות,IL,דורוכורכום כתוש,גרמים,70.00,100 גרם,false,1,10.40,14.86,true,1,
7290012561405,false,בצל חצי מטוגן דורות 180 גרם,עיצובים 2020 (3.8),IL,בצל חצי מטוגן,גרמים,180.00,100 גרם,false,0,10.40,5.78,true,1,
7290012576607,false,"יין קברנה סוביניון פרמייר מלבק אדום ברקן 750 מ""ל","ברקן שיווק והפצה בע""",IL,פרמייר קברנה,מיליליטרים,750.00,"100 מ""ל",false,0,26.90,3.59,true,1,
7290012576614,false,יין Premieur לבן חצי יבש אמרלד ריזלינג קולומברד,יקבי ברקן שיווק והפצה בע,IL,פרמייר ריזלינג,מיליליטרים,750.00,"100 מ""ל",false,0,26.90,3.59,true,1,
7290012642852,false,פלפל אדום קלוי על האש עם שום 540 תומר,סאטקו,BG,פלל אדום קלוי,גרמים,540.00,100 גרם,false,0,11.90,2.20,true,1,
7290012645112,false,יוגורט עיזים 2.8% בדלי חלב הארץ 750 גרם,מחלבות סוסיא,IL,יוגורט עיזים,גרמים,750.00,100 גרם,false,1,20.50,2.73,true,1,
7290012645129,false,יוגורט כבשים 5% בדלי חלב הארץ 750 גרם,מחלבות סוסיא,IL,יוגורט כבשים,גרמים,750.00,100 גרם,false,0,20.50,2.73,true,1,
7290012645181,false,לאבנה עיזים 5% חלב הארץ 200 גרם,חלב הארץ,IL,לאבנה עיזים,גרמים,200.00,100 גרם,false,0,14.90,7.45,true,1,
7290012645297,false,יוגורט עיזים ביו 2.8% טעם טבעי חלב הארץ 150 גרם,מחלבות סוסיא,IL,יוגורט עיזים,גרמים,150.00,100 גרם,false,0,5.90,3.93,true,1,
7290012645389,false,יוגורט עיזים 3.7%בבקבוק חלב הארץ 1 ליטר,מחלבות סוסיא,IL,יוגורט עיזים,ליטרים,1.00,ליטר,false,0,23.00,23.00,true,1,
7290012697388,false,סוכרזית מצמח הסטיוויה כפית לכפית 100 גר,סוכרזית Sucrazit,IL,סוכרזית סטיוויה,גרמים,100.00,100 גרם,false,0,33.90,33.90,true,1,
7290012795169,false,קרקר חומוס ללא גלוטן,ל.ב. זהר סחר ושיווק,IL,קרקר חומוס,גרמים,140.00,100 גרם,false,1,16.90,12.07,true,1,
7290012803055,false,סוכרלוז מרמולייט- 100שקיות אישיות,"קיפל טבליות וממתיקים בע""מ",IL,סוכרלוז,גרמים,100.00,100 גרם,false,0,19.90,19.90,true,1,
7290012803215,false,וופל בלגי בטעם שוקולד ללא תוספת סוכר,בטר אנד דיפרנט,IL,וופל בלגי,גרמים,200.00,100 גרם,false,0,9.90,4.95,true,1,
7290012803222,false,טוסו ופל בסגנון בלגי בטעם לימון ללא תוספת סוכר 200 גרם,בטר אנד דיפרנט,IL,וופל בלגי,גרמים,200.00,100 גרם,false,0,9.90,4.95,true,1,
7290012803451,false,טוסו שוקולד מריר 62% מוצקי קקאו ללא תוספת סוכר 100 גרם,אלטינמארקה,TR,שוקולד מריר62%,גרמים,100.00,100 גרם,false,0,9.90,9.90,true,1,
7290012803789,false,טוסו שוקולד מריר עם אגוזים ללא תוספת סוכר 100 גרם,האי נאם סי או אל.טי.,TR,שוקולד מריר אגוז,גרמים,100.00,100 גרם,false,0,9.90,9.90,true,1,
7290012803796,false,טוסו שוקולד חלב עם אגוזים ללא תוספת סוכר 100 גר',אלטינמארקה גידה סאן,TR,שוקולד חלב אגוז,גרמים,100.00,100 גרם,false,0,9.90,9.90,true,1,
7290012823381,false,מקסימה מרכך כביסה מרוכז סנסטיב בייבי סנו 1 ליטר,"סנו מפעלי ברונוס בע""\מ",IL,מרכך כביסה,ליטרים,1.00,ליטר,false,0,17.90,17.90,true,1,
7290012823398,false,מטליות חד פעמיות לניקוי הרצפה בניחוח מרכך כביסה 10יח' סנו,סנו מפעלי ברונו בעמ,IL,מטליות ריצפז,יחידה,1.00,יחידה,false,1,10.90,10.90,true,1,
7290012823541,false,ריצפז פרש מטליות לחות לרצפה בניחוח לבנדר 10 יחידות,"סנו מפעלי ברונוס בע""\מ",IL,מטליות ריצפז,יחידה,1.00,יחידה,false,0,10.90,10.90,true,1,
7290012823558,false,"מטליות לחות לרצפה 40*70 ס""מ סנו סושי 10 יחידות",סנו מפעלי ברונוס בעמ,IL,מטליות רצפה לחות,יחידה,1.00,יחידה,false,0,10.90,10.90,true,1,
7290012823923,false,"מרכך כביסה מרוכז פרפיום גולדן מקסימה 750 מ""ל",סנו מפעלי ברונוס בעמ,IL,מקסימה פרפיום,מיליליטרים,750.00,"100 מ""ל",false,0,16.90,2.25,true,1,
7290012823947,false,"סנו - מרכך כביסה מרוכז פרפיום קריסטל נואר 750 מ""ל",מיוצר עי קונדיטוריית,IL,מקסימה פרפיום,מיליליטרים,750.00,"100 מ""ל",false,0,16.90,2.25,true,1,
7290012868689,false,"קמח כוסמין לבן 1 ק""ג",י.ש. חמד תעשיות,IL,קמח כוסמין לבן,קילוגרמים,1.00,"ק""ג",false,1,19.90,19.90,true,1,
7290012868719,false,"קמח כוסמין 70% 1 ק""ג",י.ש. חמד תעשיות,IL,קמח כוסמין 70%,קילוגרמים,1.00,"ק""ג",false,1,18.90,18.90,true,1,
7290012884986,false,תפוגן ציפס לתנור עד 4% שומן 1.5 קג,"תעשיות תפוגן בע""\מ",IL,ציפס לתנור,קילוגרמים,1.50,"ק""ג",false,0,24.90,16.60,true,1,
7290012901355,false,דודלס ארוחת אטריות עם גבינה 206 גרם,האי נאם סי או אל.טי.,US,ארוחת מקרוני,גרמים,206.00,100 גרם,false,1,11.90,5.78,true,1,
7290012901362,false,אפלסנקס אורג.לא ממותק678,,CA,אפלסנקס 6 יח,גרמים,678.00,100 גרם,false,0,24.90,3.67,true,1,
7290012901959,false,ארוחת אטריות עם גבינה מסולסלים 156 גרם,הנדריקס פודס,US,ארוחת פסטה,גרמים,156.00,100 גרם,false,1,11.90,7.63,true,1,
7290012901973,false,"שעועית אדומה, 400 גרם גאלה",יורוקום אס.אר.אל,IT,שעועית אדומה,גרמים,400.00,100 גרם,false,1,9.90,2.48,true,1,
7290012921025,false,"בקבוק בירה מלכה בהירה 330 מ""ל","בירה מלכה בע""מ",IL,בירה מלכה בהירה,מיליליטרים,330.00,"100 מ""ל",false,0,14.90,4.52,true,1,
7290012921032,false,"בקבוק בירה מלכה אדמונית 330 מ""ל","איי, בי, אינבוו",IL,בירה מלכה,מיליליטרים,330.00,"100 מ""ל",false,0,14.90,4.52,true,1,
7290012921056,false,"בקבוק בירה מלכה חיטה 330 מ""ל",מבשלת בירה ישראלית,IL,בירה מלכה,מיליליטרים,330.00,"100 מ""ל",false,0,14.90,4.52,true,1,
7290012938405,false,"רדיד אלומיניום עבה במיוחד לבישול,אפייה והקפאה.",ריינולדס,CN,רדיד אלומיניום,מטרים,7600.00,מטר,false,0,14.90,0.00,true,1,
7290012938580,false,"סנסודיין - משחת שיניים הלבנה עדינה 75 מ""ל",גלקסוסמית'\קליין קונסיומ,GB,משחת סנסודיין,מיליליטרים,75.00,"100 מ""ל",false,0,22.90,30.53,true,1,
7290012938597,false,"משחת שיניים סנסודיין רפיד רליף 75 מ""ל","סמיתקליין ביצ'ם בע""מ",GB,משחת סנסודיין,מיליליטרים,75.00,"100 מ""ל",false,0,25.90,34.53,true,1,
7290012938924,false,אקוהפרש מי פה ללא אלכוהול 500 מל,מולינו ניקולי s.p.a,GB,מי פה אקווה פרש,מיליליטרים,500.00,"100 מ""ל",false,0,19.90,3.98,true,1,
7290012956775,false,מדיטרניאן ארק לימון 500מ,בני בהיג'\ קעוואר לתעשיי,IL,מדיטרניאן ארק,מיליליטרים,500.00,"100 מ""ל",false,1,59.90,11.98,true,1,
7290012962448,false,"מדליק פחם נוזלי 250 מ""ל עם פקק ביטחון EASY LIGHT",איזי לייט Easy light,NL,מדליק פחם,מיליליטרים,250.00,"100 מ""ל",false,0,9.80,3.92,true,1,
7290012962578,false,צימרוני אוזניים עץ בקופסא 300 יחידות אינטרסאן,הדקלאים אגודת שיתופי,CN,צימרוני אוזניים,יחידה,1.00,יחידה,false,0,6.90,6.90,true,1,
7290013027399,false,לחם קמח מלא קל בתוספת שיפון 750 ג' אנג'ל,מאפיית שלמה א. אנג'\ל בע,IL,אנג'ל -100קל,גרמים,750.00,100 גרם,false,0,13.90,1.85,true,1,
7290013068361,false,שמן זית אליעד כתית מ,אליעד בית בד בגולן,IL,שמן זית,מיליליטרים,750.00,"100 מ""ל",false,0,36.90,4.92,true,1,
7290013068378,false,שמן זית ישראלי כתית 2 ל',אליעד בית בד בגולן,IL,שמן זית ישראלי,ליטרים,2.00,ליטר,false,0,79.30,39.65,true,1,
7290013068705,false,שמן זית ישראלי כתית750מ,אליעד בית בד בגולן,IL,"שמן זית 750 מ""ל",מיליליטרים,750.00,"100 מ""ל",false,0,36.90,4.92,true,1,
7290013083661,false,"מטרנה אקסטרה קר שלב 1 חסכון 700 גרם תמ""ל",מטרנה תעשיות ש.מ,IL,מטרנה אקסטרה קר,גרמים,700.00,100 גרם,false,0,59.90,8.56,true,1,
7290013083685,false,תחליף חלב מטרנה אקסטרה קר שלב 3 חסכון 700 גרם,מטרנה תעשיות ש.מ,IL,מטרנה אקסטרה קר,גרמים,700.00,100 גרם,false,0,59.90,8.56,true,1,
7290013090201,false,חסה אמריקאית אורגנית יח',קטיף.,IL,חסה אמריקאית,יחידה,1.00,יחידה,false,1,9.90,9.90,true,1,
7290013090225,false,סלרי עלים אורגני יחידה,.,IL,סלרי עלים אורגני,יחידה,1.00,יחידה,false,0,10.90,10.90,true,1,
7290013090232,false,סלרי שורש אורגני יחידה,.,IL,סלרי שורש אורגני,יחידה,1.00,יחידה,false,0,14.90,14.90,true,1,
7290013090362,false,עלי מנגולד אורגני יחידה,.,IL,עלי מנגולד אורגנ,יחידה,1.00,יחידה,false,0,9.90,9.90,true,1,
7290013090379,false,בצל ירוק אורגני יחידה,,IL,בצל ירוק אורגני,יחידה,1.00,יחידה,false,0,8.90,8.90,true,1,
7290013090386,false,לוף אורגני יחידה,.,IL,לוף אורגני,יחידה,1.00,יחידה,false,0,14.90,14.90,true,1,
7290013090485,false,בזיליקום אורגני יח,.,IL,בזיליקום אורגני,יחידה,1.00,יחידה,false,0,7.90,7.90,true,1,
7290013090492,false,כוסברה אורגני יח,,IL,כוסברה אורגני,יחידה,1.00,יחידה,false,0,5.90,5.90,true,1,
7290013090508,false,נענע אורגני יחידה,,IL,נענע אורגני,יחידה,1.00,יחידה,false,0,5.90,5.90,true,1,
7290013090522,false,שמיר אורגני יח,,IL,שמיר אורגני,יחידה,1.00,יחידה,false,0,5.90,5.90,true,1,
7290013090706,false,ארטישוק ירושלמי אורגני,,IL,ארטישוק ירושלמי,יחידה,1.00,יחידה,false,1,14.90,14.90,true,1,
7290013117212,false,בורקס פילו במילוי גבינה מעדנות 600 גר,מיוצר עי קונדיטוריית,IL,בורקס גבינה,גרמים,600.00,100 גרם,false,0,19.90,3.32,true,1,
7290013117229,false,"בורקס פילו במילוי תפו""א מעדנות 600 גר",מיוצר עי קונדיטוריית,IL,"בורקס תפו""א",גרמים,600.00,100 גרם,false,0,19.90,3.32,true,1,
7290013117410,false,בצק פריך מרודד למאפים מתוקים 900 ג' מעדנות,מיוצר עי קונדיטוריית,IL,בצק פריך,גרמים,900.00,100 גרם,false,0,24.80,2.76,true,1,
7290013117427,false,בצק פריך מרודד למאפים מלוחים מעדנות 2*450 גרם,מיוצר עי קונדיטוריית,IL,בצק פריך,גרמים,900.00,100 גרם,false,0,24.80,2.76,true,1,
7290013121028,false,לחם לבן 500 גרם ללא גלוטן גרין לייט,אביב קונדיטוריה מעול,IL,לחם לבן ל.גלוטן,גרמים,500.00,100 גרם,false,0,17.90,3.58,true,1,
7290013121103,false,רביעיית לחמניות סנדויץ ללא גלוטן 460 גרם,אביב קונדיטוריה מעול,IL,רביעיית באגטים,גרמים,400.00,100 גרם,false,0,17.90,4.48,true,1,
7290013121110,false,לחמניות בורגר ללא גלוטן גרין לייט 4 * 87 גרם,אביב קונדיטוריה מעול,IL,רביעיית לחמניות,גרמים,350.00,100 גרם,false,0,17.90,5.11,true,1,
7290013121127,false,לחמניות מיני ללא גלוטן גרין לייט 6 יחידות,אביב קונדיטוריה מעול,IL,לחמניות מיני,גרמים,460.00,100 גרם,false,0,17.90,3.89,true,1,
7290013121134,false,בייגל ללא גלוטן 430 גר קפוא,אביב קונדיטוריה מעול,IL,בייגל ללא גלוטן,גרמים,400.00,100 גרם,false,0,19.90,4.98,true,1,
7290013121158,false,לחמניות סנדוויץ ללא גלוטן גרין לייט 4 * 115 גרם,אביב קונדיטוריה מעול,IL,רביעיית לחמניות,גרמים,460.00,100 גרם,false,0,17.90,3.89,true,1,
7290013121165,false,לחמניות נקניקיה ללא גלוטן גרין לייט 6 * 77 גרם,אביב קונדיטוריה מעול,IL,לחמניות נקניקיה,גרמים,460.00,100 גרם,false,0,17.90,3.89,true,1,
7290013121226,false,בסיס לפיצה ל.גלוטן גרין,אביב קונדיטוריה מעול,IL,בסיס לפיצה,גרמים,450.00,100 גרם,false,0,17.90,3.98,true,1,
7290013121684,false,כדורי שוקולד 400 גרם ללא גלוטן,אביב קונדיטוריה מעול,IL,כדורי שוקולד,גרמים,400.00,100 גרם,false,0,25.90,6.48,true,1,
7290013121752,false,לחם לבן ביתי ללא גלוטן 700 גר קפוא,אביב קונדיטוריה מעול,IL,לחם לבן ביתי,גרמים,700.00,100 גרם,false,0,20.90,2.99,true,1,
7290013121769,false,רביעיית שליש באגט ללא תוספת סוכר וללא גלוטן,אביב קונדיטוריה מעול,IL,"שליש באגט ללת""ס",גרמים,400.00,100 גרם,false,0,19.90,4.98,true,1,
7290013121776,false,לחם כפרי ללא תוספת סוכר וללא גלוטן,אביב קונדיטוריה מעול,IL,"לחם כפרי ללת""ס",גרמים,700.00,100 גרם,false,0,19.90,2.84,true,1,
7290013144171,false,מיימונס תערובת עוגת שוקולד 560 גרם.,א.ל ייצור ושיווק תבלינים,IL,תערובת לעוגה,גרמים,560.00,100 גרם,false,0,11.90,2.13,true,1,
7290013144195,false,מיימונס תערובת כדורי שוקולד 500 גרם.,א.ל ייצור ושיווק תבלינים,IL,תערובת כ.שוקולד,גרמים,500.00,100 גרם,false,0,12.90,2.58,true,1,
7290013144201,false,מיימונס תערובת פנקייק 400 גרם,א.ל ייצור ושיווק תבלינים,IL,תערובת פנקייק,גרמים,400.00,100 גרם,false,0,15.90,3.98,true,1,
7290013144317,false,מימונס ג'וני גלילית וופל למילוי 18 יחידות,הגביע מוצרי וופלים ב,IL,ג'וני גלילת וופל,יחידה,1.00,יחידה,false,0,22.90,22.90,true,1,
7290013144409,false,תמצית בטעם רום מימונס 50 גרם,א.ל ייצור ושיווק תבלינים,IL,תמצית רום,מיליליטרים,50.00,"100 מ""ל",false,0,4.90,9.80,true,1,
7290013144522,false,מימונס צבע מאכל ירוק 50 גרם,א.ל ייצור ושיווק תבלינים,IL,צבע מאכל ירוק,מיליליטרים,50.00,"100 מ""ל",false,0,4.50,9.00,true,1,
7290013144768,false,סירופ בטעם שוקולד מימונס 500 גרם,א.ל ייצור ושיווק תבלינים,IL,סירופ טעם שוקולד,גרמים,500.00,100 גרם,false,0,13.90,2.78,true,1,
7290013144911,false,מימונס מיקס שוקולד צ'יפס מריר וחלב 250 גרם,אינטרגטה תעשיות מזון 19),IL,מיקס שוקולד ציפס,גרמים,250.00,100 גרם,false,1,14.90,5.96,true,1,
7290013145062,false,"סירופ מייפל אמיתי 100% מימונס 187 מ""ל",מימונס אפייה,CA,סירופ מייפל,מיליליטרים,187.00,"100 מ""ל",false,1,24.90,13.32,true,1,
7290013145109,false,שקד מולבון טחון מימונס 100 גרם,א.ל ייצור ושיווק תבלינים,IL,שקד מולבן טחון,גרמים,100.00,100 גרם,false,0,12.90,12.90,true,1,
7290013145116,false,מיימונס שקד מולבן מקלות 100 גרם.,א.ל ייצור ושיווק תבלינים,IL,שקד מולבן מקלות,גרמים,100.00,100 גרם,false,0,12.90,12.90,true,1,
7290013145178,false,קוקוס טחון לבן מיימונס 100 גרם,א.ל ייצור ושיווק תבלינים,IL,קוקוס טחון לבן,גרמים,100.00,100 גרם,false,0,4.90,4.90,true,1,
7290013145390,false,מימונס שוקולד צ'יפס מהדרין 250 גר,אינטרגטה תעשיות מזון 19),IL,שוקולד צ'יפס,גרמים,250.00,100 גרם,false,0,9.90,3.96,true,1,
7290013145437,false,שוקולד מריר מעולה ציפס מימונס 250 ג',אינטרגטה תעשיות מזון 19),IL,שוקולד צ'יפס,גרמים,250.00,100 גרם,false,0,14.00,5.60,true,1,
7290013145444,false,שוקולד מריר מעולה ציפס 66% מימונס 250 ג',המאפיה של הרמן,IL,שוקולד צ'יפס,גרמים,250.00,100 גרם,false,0,15.90,6.36,true,1,
7290013145529,false,סוכריות צבעוניות לקישוט מיימונס 90 גרם,א.ל ייצור ושיווק תבלינים,IL,סוכריות לקישוט,גרמים,90.00,100 גרם,false,0,5.90,6.56,true,1,
7290013145710,false,מיימונס דובדבנים מסוכרים 100 גרם,א.ל ייצור ושיווק תבלינים,IL,דובדבנים מסוכרים,גרמים,100.00,100 גרם,false,0,9.90,9.90,true,1,
7290013145826,false,פודניג בטעם וניל לבן במיוחד מימונס 80 ג',א.ל ייצור ושיווק תבלינים,IL,פודינג וניל,גרמים,80.00,100 גרם,false,1,5.50,6.88,true,1,
7290013145840,false,סוכר וניל מיימונס 10 יחידות,א.ל ייצור ושיווק תבלינים,IL,סוכר וניל 10 יח,יחידה,1.00,יחידה,false,0,2.90,2.90,true,1,
7290013145901,false,סודה לשתיה מיימונס 100 גרם,א.ל ייצור ושיווק תבלינים,IL,סודה לשתיה,גרמים,100.00,100 גרם,false,0,2.00,2.00,true,1,
7290013145918,false,אבקת סוכר מיימונס 100 גרם,א.ל ייצור ושיווק תבלינים,IL,אבקת סוכר,גרמים,100.00,100 גרם,false,0,2.00,2.00,true,1,
7290013145956,false,שמרים יבשים בוואקום מיימונס 500 גרם,הנסיך- מפעל לייצור ט,CN,שמרים יבשים,גרמים,500.00,100 גרם,false,0,13.90,2.78,true,1,
7290013145963,false,שמרים יבשים בוואקום מיימונס 125 גרם,מימונס אפייה,CN,שמרים יבשים,גרמים,125.00,100 גרם,false,0,5.90,4.72,true,1,
7290013146304,false,קורנפלור 500 גרם מימונס.,א.ל ייצור ושיווק תבלינים,IL,קורנפלור,גרמים,500.00,100 גרם,false,1,7.50,1.50,true,1,
7290013146403,false,סירופ בטעם קרמל מלוח מימונס 500 גרם,א.ל ייצור ושיווק תבלינים,IL,סירופ בטעם קרמל,גרמים,500.00,100 גרם,false,0,16.90,3.38,true,1,
7290013146724,false,אבקת אייס קפה 350 גרם מימונס,מימונס אפייה,IL,אייס קפה,גרמים,350.00,100 גרם,false,1,17.90,5.11,true,1,
7290013146755,false,מימונס קצפת מעולה 24% 500מל,מוצרי קפוא זן,BG,קצפת צמחית,מיליליטרים,500.00,"100 מ""ל",false,1,8.90,1.78,true,1,
7290013146762,false,"קצפת לזילוף 24% שומן מימונס 200 מ""ל",מוצרי קפוא זן,BG,קצפת צמחית,מיליליטרים,200.00,"100 מ""ל",false,1,7.90,3.95,true,1,
7290013153395,false,פריגת סחוט רימונים 1 ליטר,פריגת מצוננים,IL,מיץ רימונים,ליטרים,1.00,ליטר,false,1,22.80,22.80,true,1,
7290013156822,false,עוגיות רייף גיקובס 3,אלף נשיקות,IL,עוגיות רייף,גרמים,350.00,100 גרם,false,1,16.90,4.83,true,1,
7290013156846,false,עוגיות מלוחות גייקוב,אלף נשיקות,IL,עוגיות מלוחות,גרמים,350.00,100 גרם,false,1,16.90,4.83,true,1,
7290013169600,false,דגנ.מרובעים קינמון412*2ג,קוואקר אוטס קומפני,US,דגנים מרובעים2יח,גרמים,824.00,100 גרם,false,0,35.10,4.26,true,1,
7290013169617,false,דגנים מרובעים 412*2 גרם,קוואקר אוטס קומפני,US,דגנים מרובעים2יח,גרמים,824.00,100 גרם,false,0,35.10,4.26,true,1,
7290013267665,false,סולרו מיני קלאסי - פירות טרופיים (חלבי),"מיוצר ע""\י גלידת שטראוס",IL,מאגדת מיני סולרו,גרמים,295.00,100 גרם,false,0,22.90,7.76,true,1,
7290013268020,false,מקסימה מרכך כביסה מרוכז בניחוח אולטרא פרש סנו 1 ליטר,"סנו מפעלי ברונוס בע""\מ",IL,מרכך כביסה,ליטרים,1.00,ליטר,false,0,17.90,17.90,true,1,
7290013268204,false,סנובון מגבונים לניקוי וחיטוי האסלה 20 יח',טרופיקל דגיל- תעשיות,IL,מגבונים לאסלה,יחידה,1.00,יחידה,false,1,7.90,7.90,true,1,
7290013268242,false,תרכיז ריחני לניקוי רצפות בריח מלון מפנק ריצפז פרש,"סנו מפעלו ברונוס בע""\מ",IL,ריצפז פרש הום,ליטרים,2.00,ליטר,false,1,17.90,8.95,true,1,
7290013268839,false,פוליויקס פרקט-תרכיז ריחני לניקוי רצפות עץ,"סנו מפעלי ברונוס בע""\מ",IL,פוליויקס פרקט,ליטרים,2.00,ליטר,false,1,19.90,9.95,true,1,
7290013268891,false,אוקסיג'ן ג'ל ללא אקונומיקה עם חמצן פעיל סנו 3 ליטר,"סנו מפעלי ברונוס בע""\מ",IL,אוקסיג'ן ג'ל,ליטרים,3.00,ליטר,false,0,28.90,9.63,true,1,
7290013268983,false,מרכך כביסה סופר מרוכז בבישום עוצמתי סנו מקסימה 1 ל',"סנו מפעלי ברונוס בע""\מ",IL,מרכך מרוכז ג'וי,ליטרים,1.00,ליטר,false,1,17.90,17.90,true,1,
7290013268990,false,מרכך כביסה מרוכז לבן ביו סנו מקסימה 1 ליטר,"סנו מפעלי ברונוס בע""\מ",IL,מקסימה מרכך,ליטרים,1.00,ליטר,false,0,17.90,17.90,true,1,
7290013269003,false,מרכך כביסה סופר מרוכז בייבי לתינוקות ולעור רגיש,"סנו מפעלי ברונוס בע""\מ",IL,מקסימה מרכך,ליטרים,1.00,ליטר,false,0,17.90,17.90,true,1,
7290013269263,false,ג'ל כביסה מרוכז מקסימה בבישום קריסטל נואר,סנו מפעלי ברונוס בעמ,IL,מקסימה ג'ל,ליטרים,3.00,ליטר,false,0,29.60,9.87,true,1,
7290013269287,false,סנו - מקסימה ג'ל כביסה מרוכז מאסק 3 ליטר,"סנו מפעלי ברונוס בע""\מ",IL,ג'ל כביסה מרוכז,ליטרים,3.00,ליטר,false,0,29.60,9.87,true,1,
7290013269621,false,ריצפז פרש לניקוי רצפות בניחוח מלון בוטיק,מיוצר עי קונדיטוריית,IL,ריצפז פרש הום,ליטרים,2.00,ליטר,false,1,17.90,8.95,true,1,
7290013269638,false,ספוג הפלא אקסטרה Extra- מארז 6 יח',החברה הדרומית,US,ספוג הפלא אקסטרה,יחידה,1.00,יחידה,false,0,9.70,9.70,true,1,
7290013269645,false,ריצפז פרש מטליות לחות לריצפה בניחוח מאסק 10 יחידות,סנו מפעלי ברונוס בעמ,IL,מטליות ריצפז,יחידה,1.00,יחידה,false,0,10.90,10.90,true,1,
7290013269690,false,סנובון ג'ל לניקוי האסלה בניחוח לימון,Nicolas polandמשווק,PL,סנובון לאסלה,מיליליטרים,55.00,"100 מ""ל",false,0,5.90,10.73,true,1,
7290013269751,false,מטליות לחותריצפז פרש לניקוי ריצפה בניחות מלון בוטיק 10 יח' סנו,טרופיקל דגיל תעשיות,IL,מטליות ריצפז,יחידה,1.00,יחידה,false,1,10.90,10.90,true,1,
7290013269850,false,נייר אפיה אקולוגי סנו סושי 50 יחידות,מולינו ניקולי s.p.a,IL,נייר אפיה,יחידה,1.00,יחידה,false,0,15.90,15.90,true,1,
7290013284112,false,פריניר זית חרוזית יר,פריניר ( הדס 1987) ב,IL,זיתים ירוקים,גרמים,560.00,100 גרם,false,0,7.90,1.41,true,1,
7290013284143,false,מלפפונים פריניר במלח,פריניר,IL,מלפפונים במלח,גרמים,560.00,100 גרם,false,0,6.80,1.21,true,1,
7290013284150,false,מלפפונים פריניר במלח,פריניר,IL,מלפפונים במלח,גרמים,560.00,100 גרם,false,0,9.50,1.70,true,1,
7290013284174,false,פריניר מלפפונים בחומ,פריניר,IL,מלפפונים בחומץ,גרמים,560.00,100 גרם,false,0,6.10,1.09,true,1,
7290013284310,false,רוטב פסטה לילדים פריניר 240 גרם,פריניר ( הדס 1987) ב,IL,רוטב פסטה,גרמים,240.00,100 גרם,false,0,5.90,2.46,true,1,
7290013310101,false,"שיפודי במבוק ג'מבו 50 יח' עובי 5 מ""מ אורך 30 ס""מ",הדקלאים אגודת שיתופי,CN,שיפודי במבוק,יחידה,1.00,יחידה,false,1,4.90,4.90,true,1,
7290013310163,false,מדליק פחם מוצק 40 יח' EASY LIGHT,הדקלאים אגודת שיתופי,DE,מדליק פחם מוצק,יחידה,1.00,יחידה,false,0,6.50,6.50,true,1,
7290013358516,false,"מיקסלט חמוציות, גרעינים, קטניות ואגוזים",המאפיה של הרמן,IL,מיקסלט,גרמים,200.00,100 גרם,false,0,14.80,7.40,true,1,
7290013358806,false,מנה מאגדת פריכיות אורז עם מלח 264 גרם,מנה Mana,IL,פריכיות אורז,גרמים,264.00,100 גרם,false,0,11.90,4.51,true,1,
7290013366085,false,תירס מתוק במיוחד כרמ,כרמלים שדות חדשים,IL,תירס מתוק במיוחד,גרמים,800.00,100 גרם,false,1,19.90,2.49,true,1,
7290013366108,false,אספרגוס ירוק כרמלים,כרמלים שדות חדשים,IL,אספרגוס ירוק,גרמים,400.00,100 גרם,false,1,31.90,7.98,true,1,
7290013366252,false,נבטוטים קטניות מונבט,כרמלים שדות חדשים,IL,קטניות מונבטות,יחידה,1.00,יחידה,false,1,9.90,9.90,true,1,
7290013366665,false,חסה גמביט קראנצית יחידה,כרמלים שדות חדשים,IL,חסה גמביט יחידה,יחידה,1.00,יחידה,false,1,11.90,11.90,true,1,
7290013430083,false,"בירה אלכסנדר בלונד בקבוק 330 מ""ל",מנדלז סי.אר. פרודקשן,IL,בירה אלכסנדר,מיליליטרים,330.00,"100 מ""ל",false,0,12.90,3.91,true,1,
7290013430304,false,בירה אלכסנדר גרין GREEN בירה ישראלית,מנדלז סי.אר. פרודקשן,IL,בירה אלכסנדר,מיליליטרים,330.00,"100 מ""ל",false,1,12.90,3.91,true,1,
7290013433077,false,גרנולה אגוזים 44% 300 גרם,אפקט טבעי,IL,גרנולה אגוזים,גרמים,300.00,100 גרם,false,0,19.90,6.63,true,1,
7290013433114,false,חמאת קוקוס טבעית 300 גרם,,IL,חמאת קוקוס טבעית,גרמים,300.00,100 גרם,false,0,29.60,9.87,true,1,
7290013433329,false,גרנולה קפה שקוף שזה טבעי 300 ג,אפקטבעי,IL,גרנולה 30% פרי,גרמים,300.00,100 גרם,false,1,19.90,6.63,true,1,
7290013433336,false,גרנולה 48% סופר פודס 300 ג,אפקטבעי,IL,גרנולה סופרפוד,גרמים,300.00,100 גרם,false,1,19.90,6.63,true,1,
7290013433367,false,"קרם קוקוס 20-22% אורגני 330 מ""ל",BETRIMEX,VN,קרם קוקוס אורגני,מיליליטרים,330.00,"100 מ""ל",false,1,11.90,3.61,true,1,
7290013453068,false,עוגיות כוסמין ופירות יער ללא ת.ס 240 גר,האי נאם סי או אל.טי.,IL,עוגיות כוסמין,גרמים,240.00,100 גרם,false,0,24.70,10.29,true,1,
7290013453075,false,"דני וגלית עוגיות שיבולת שועל, טחינה וסילאן",דני וגלית בעמ,IL,עוגיות שיבולת,גרמים,270.00,100 גרם,false,0,24.70,9.15,true,1,
7290013453105,false,דני וגלית עוגיות לתה מקמח מלא,,IL,עוגיות מרוקאיות,גרמים,240.00,100 גרם,false,0,19.70,8.21,true,1,
7290013453136,false,עוגיות כוסמין שטרודל תפוחים ללא תוספת סוכר טבעוני,דני וגלית,IL,עוגיות כוסמין,גרמים,230.00,100 גרם,false,0,24.70,10.74,true,1,
7290013453143,false,עוגיות טחינה ואגוזי לוז,האי נאם סי או אל.טי.,IL,עוגיות טחינה,גרמים,270.00,100 גרם,false,0,24.70,9.15,true,1,
7290013453242,false,עוגיות אניס מרוקאיות,,IL,עוגיות אניס,גרמים,230.00,100 גרם,false,0,19.70,8.57,true,1,
7290013453259,false,חטיפי חמאת קוקוס ושו,האי נאם סי או אל.טי.,IL,חטיפי שוקולדציפס,גרמים,230.00,100 גרם,false,0,24.70,10.74,true,1,
7290013453389,false,עוגיות חלבון חמאת בוטנים 180 גרם,"דני וגלית בע""מ",IL,עוגיות חמאת בוטנ,גרמים,180.00,100 גרם,false,1,21.90,12.17,true,1,
7290013453624,false,דני וגלית עוגיות שוקולדצ'יפס מקמח שקדים וקמח אורז מלא 230 גרם,"דני וגלית בע""מ",IL,עוג.שוקולד צ'יפס,גרמים,230.00,100 גרם,false,1,25.90,11.26,true,1,
7290013453631,false,דני וגלית עוגיות חמאת בוטנים שוקולדצ'יפס מפצפוצי אורז מלא 230 גרם,האי נאם סי או אל.טי.,IL,עוג.חמאת בוטנים,גרמים,200.00,100 גרם,false,1,25.90,12.95,true,1,
7290013521101,false,פסטה כוסמין אורגנית תרד 350 גרם,השדה מוצרים אורגניים,HU,פסטה כוסמין,גרמים,350.00,100 גרם,false,0,19.90,5.69,true,1,
7290013521132,false,נודלס אורז מלא אורגני אצות וואקמה 250 גר,,CN,אטריות אורגניות,גרמים,250.00,100 גרם,false,0,17.90,7.16,true,1,
7290013521224,false,ספגטי כוסמת ללא גלוטן אורגני השדה 250גרם,השדה מוצרים טבעיים ו,IT,ספגטי כוסמת,גרמים,250.00,100 גרם,false,0,13.90,5.56,true,1,
7290013521231,false,פסטה כוסמין אורגנית עם תרד ועגבניות,השדה מוצרים אורגניים,HU,פסטה כוסמין,גרמים,400.00,100 גרם,false,0,19.90,4.98,true,1,
7290013521408,false,אבקת מרק ירקות אורגני השדה מוצרים אורגנים 200 גרם,השדה מוצרים אורגניים,NL,אבקת מרק ירקות,גרמים,200.00,100 גרם,false,0,23.70,11.85,true,1,
7290013521415,false,אבקת מרק אורגנית בטעם עוף 200 גרם,השדה מוצרים אורגניים,NL,אבקת מרק אורגנית,גרמים,200.00,100 גרם,false,0,23.70,11.85,true,1,
7290013521491,false,קטשופ אורגני 567 גרם ללא גלוטן,שוורצקוף& הנקל דיסלד,US,קטשופ אורגני,גרמים,568.00,100 גרם,false,0,18.90,3.33,true,1,
7290013521835,false,פסטה כוסמין ספירולינה פוזילי אורגני השדה מוצרים אורגנים 300 גרם,האי נאם סי או אל.טי.,HU,פסטה כוסמין,גרמים,300.00,100 גרם,false,1,19.50,6.50,true,1,
7290013531117,false,רוטב פסטה לילדים 240 גרם יכין,"זנלכל בע""\מ",IL,רוטב פסטה,גרמים,240.00,100 גרם,false,0,6.50,2.71,true,1,
7290013531346,false,סירופ דיאט בטעם לימונענע יכין 1 ליטר,"זנלכל בע""\מ",IL,סירופ לימונענע,ליטרים,1.00,ליטר,false,1,16.90,16.90,true,1,
7290013534057,false,"צ'יפס בטטה טבעי מיה 100ג' 'כשל""פ",מיה תעשיות מזון מ.ת.מ. ב,IL,צ'יפס בטטה טבעי,גרמים,100.00,100 גרם,false,0,9.90,9.90,true,1,
7290013539502,false,סטייל קרם לחות ארגן מרוקאי 400 מל,א.ל.ארמן ייצור תמרוקים ב,TR,קרם לחות סטייל,מיליליטרים,400.00,"100 מ""ל",false,0,34.90,8.73,true,1,
7290013539519,false,"מסכת הזנה ארגן מרוקאי סטייל 500 מ""ל",א.ל ארמן,IL,מסכת שיער סטייל,מיליליטרים,500.00,"100 מ""ל",false,0,28.90,5.78,true,1,
7290013540225,false,נתחי טונה קטנה 158*4 גרם,תעשיות פילטונה,IL,נתחי טונה 4 יח,גרמים,632.00,100 גרם,false,0,22.30,3.53,true,1,
7290013540874,false,טונה בשמן קנולה 414 גרם פילטונה,תעשיות פילטונה,IL,נתחי טונה,גרמים,414.00,100 גרם,false,1,13.90,3.36,true,1,
7290013585233,false,"ספרייט זירו פחית סליק 330 מ""ל",החברה המרכזית לייצור משקאות,IL,ספרייט זירו,מיליליטרים,330.00,"100 מ""ל",false,1,5.40,1.64,true,1,
7290013585387,false,קוקה קולה זירו בקבוק,החברה המרכזית לייצור משקאות,IL,קולה זירו,ליטרים,1.00,ליטר,false,1,6.90,6.90,true,1,
7290013585394,false,קוקה קולה 1ליטר בודד,החברה המרכזית לייצור משקאות,IL,קוקה קולה,ליטרים,1.00,ליטר,false,1,7.20,7.20,true,1,
7290013585967,false,מארז ספרייט זירו 6 * 330 פח Fridge- pack,קוקה קולה ישראל,IL,ספרייט זירו 6 פח,ליטרים,1.98,ליטר,false,1,22.90,11.57,true,1,
7290013608260,false,מיץ רימונים 100%מיץ סחוט טרי מצונן 1ליט,"גניר (1992) בע""מ",IL,מיץ רימונים,ליטרים,1.00,ליטר,false,0,24.10,24.10,true,1,
7290013608864,false,משקה פירות הדר בתוספת ויטימן C פרימור 1 ליטר,"גניר (1992) בע""מ",IL,משקה פירות הדר,ליטרים,1.00,ליטר,false,1,15.80,15.80,true,1,
7290013645050,false,פירורי לחם שרהלה 300 גרם,מוצרי הכט,IL,פרורי לחם,גרמים,300.00,100 גרם,false,0,21.70,7.23,true,1,
7290013645500,false,מקלות מלוחים ללא גלו,מוצרי הכט,IL,מקלות מלוחים,גרמים,230.00,100 גרם,false,0,21.70,9.43,true,1,
7290013645715,false,עוגיות סנדביץ' ריבה250ג,מוצרי הכט,IL,עוגיות סנדביץ',גרמים,250.00,100 גרם,false,0,27.70,11.08,true,1,
7290013652157,false,"ד""ר פישר - נטורל קר מגבונים להסרת איפור לעור רגיל יבש 30 יח' * 3",פישר מעבדות פרמצבטיות בע,IL,מגבונים 3 יח,יחידה,1.00,יחידה,false,0,19.90,19.90,true,1,
7290013675194,false,שניצל אמיתי ביתי ללא גלוטן מאמא עוף 700 גרם,זנטי אס. אי לאלין,IL,שניצל אמיתי,גרמים,700.00,100 גרם,false,1,39.90,5.70,true,1,
7290013702883,false,"שוופס מוגז פינק למונייד 500 מ""ל",יפאורה שותפות מובגלת לשיווק,IL,שוופס לימונדה,מיליליטרים,500.00,"100 מ""ל",false,0,5.90,1.18,true,1,
7290013724939,false,משוקלדים חמוציות מריר 140 גר' קופסא,"דין שיווק וקלייה בע""",IL,חמוציות בשוקולד,גרמים,160.00,100 גרם,false,0,14.80,9.25,true,1,
7290013724946,false,שקדים בשוקולד מריר 140 גר שקדיה,"דין שיווק וקלייה בע""",IL,שקד בשוקולד מריר,גרמים,160.00,100 גרם,false,0,14.80,9.25,true,1,
7290013725653,false,"קרם קוקוס סו שף 400 מ""ל",,TH,קרם קוקוס גולד,מיליליטרים,400.00,"100 מ""ל",false,0,9.80,2.45,true,1,
7290013725684,false,"רוטב טריאקי 300 מ""ל",,TH,רוטב טריאקי,מיליליטרים,300.00,"100 מ""ל",false,0,11.90,3.97,true,1,
7290013725691,false,רוטב סויה בסגנון יפני,,TH,רוטב בסגנון יפני,מיליליטרים,300.00,"100 מ""ל",false,0,9.90,3.30,true,1,
7290013725707,false,"שמן שומשום סו שף 150 מ""ל","דין שיווק וקלייה בע""",CN,שמן שומשום,מיליליטרים,150.00,"100 מ""ל",false,0,15.10,10.07,true,1,
7290013725714,false,רוטב סויה סגנון יפני623מ,"דין שיווק וקליה בע""מ",TH,רוטב סויה,מיליליטרים,623.00,"100 מ""ל",false,0,11.00,1.77,true,1,
7290013725752,false,נודלס דק להכנה מהירה400ג,,CN,נודלס דק,גרמים,400.00,100 גרם,false,0,7.50,1.88,true,1,
7290013725769,false,נודלס עבה הכנה מהירה400ג,,CN,נודלס עבה,גרמים,400.00,100 גרם,false,0,7.50,1.88,true,1,
7290013725820,false,אגוזי לוז בשוקולד מריר 140 גר שקדיה,"דין שיווק וקליה בע""מ",IL,א.לוז בשוקולד,גרמים,160.00,100 גרם,false,0,14.80,9.25,true,1,
7290013746986,false,קרקר כוסמין עם חמניות וכורכום 200 גרם,"דגן מיני מזונות בע""\מ",IL,קרקר כוסמין,גרמים,200.00,100 גרם,false,1,28.90,14.45,true,1,
7290013771216,false,פטאקי 16% גבינות השומרון,מיוצר עי קונדיטוריית,IL,פטאקי 16%,גרמים,250.00,100 גרם,false,0,14.90,5.96,true,1,
7290013771384,false,יוגורט יווני השומרון,מיוצר עי קונדיטוריית,IL,יוגורט יווני,גרמים,400.00,100 גרם,false,1,10.90,2.73,true,1,
7290013787392,false,רביולי גבינות קלאסי 330 גרם ריקו בית יוסף,דודו איטליאן פרודקטס בע\,IL,רביולי במילוי גב,גרמים,330.00,100 גרם,false,1,25.90,7.85,true,1,
7290013787408,false,רביולי בטטה 330 גרם ריקו בית יוסף,דודו איטליאן פרודקטס בע\,IL,רביולי בטטה,גרמים,330.00,100 גרם,false,1,25.90,7.85,true,1,
7290013787415,false,רביולי ריקוטה תרד 330 גרם ריקו בית יוסף,דודו איטליאן פרודקטס בע\,IL,רביולי תרד וריקו,גרמים,330.00,100 גרם,false,1,25.90,7.85,true,1,
7290013787422,false,רביולי פלין פטריות - כמהין 330 גרם ריקו בית יוסף,דודו איטליאן פרודקטס בע\,IL,פלין פטריות בטעם,גרמים,330.00,100 גרם,false,1,25.90,7.85,true,1,
7290013847454,false,טונה סטארקיסט שמן קנולה רביעיות 4*160 גר,"טונה ויאטנם קו,. אל.טי.ד",VN,טונה בשמן 4 יח,גרמים,640.00,100 גרם,false,1,24.90,3.89,true,1,
7290013848017,false,תרסיס ניקוי והברקת נירוסטה,"סנו מפעלי ברונוס בע""מ",IL,סנו נירוסטה,מיליליטרים,500.00,"100 מ""ל",false,1,19.90,3.98,true,1,
7290013848055,false,קרמה מן קרם גוף בניחוח גברי 400 מ' ל,קוסמופארם בע'\'\מ,IL,קרם גוף קרמה מן,מיליליטרים,400.00,"100 מ""ל",false,1,23.90,5.98,true,1,
7290013848345,false,מארז מטליות לחיטוי וניקוי יסודי אנטיבקטריאלי 99.9%,סנו מפעלי ברונוס בעמ,IL,מטליות ניקוי 3יח,יחידה,1.00,יחידה,false,1,19.90,19.90,true,1,
7290013848420,false,דאודורנט גל קרמה מן אנטיפרספירנט 70 מל,גוד פוד פרודקטס S.p,IL,דאו.ג'ל ספורט,מיליליטרים,70.00,"100 מ""ל",false,0,15.90,22.71,true,1,
7290013861429,false,המתוקים של ששון שומשום 250 גרם,קריניציה ויטמינה אס,IL,חטיפי שומשום,גרמים,250.00,100 גרם,false,0,9.90,3.96,true,1,
7290013861443,false,המתוקים של ששון בוטנים 250 גרם,קריניציה ויטמינה אס,IL,חטיפי בוטנים,גרמים,250.00,100 גרם,false,0,9.90,3.96,true,1,
7290013861740,false,ניוקי תפוחי אדמה סו שף 500 ג',קרלו אם.אל.,IT,ניוקי,גרמים,500.00,100 גרם,false,0,7.00,1.40,true,1,
7290013861955,false,תערובת פיצוחים 200גרם,שקדיה,IL,תערובת פיצוחים,גרמים,200.00,100 גרם,false,0,23.70,11.85,true,1,
7290013861986,false,אגוז קשיו קלוי 200גרם,שקדיה,IL,קשיו קלוי,גרמים,200.00,100 גרם,false,0,23.90,11.95,true,1,
7290013883407,false,"דזיטול מרסס לחיטוי כללי יעקבי 750 מ""ל",יעקבי - דזיטול Desytol,ES,דזיטול מרסס,מיליליטרים,750.00,"100 מ""ל",false,0,12.90,1.72,true,1,
7290013903327,false,טופו בטעם טבעי 500 גרם,"א.י.ן תעשיות בע""מ",IL,טופו בטעם טבעי,גרמים,500.00,100 גרם,false,1,16.90,3.38,true,1,
7290013906205,false,פסטרמה עם שום וצילי טירת צבי 400 ג',הנסיך- מפעל לייצור ט,IL,פסטרמה שום+צ'לי,גרמים,400.00,100 גרם,false,0,28.90,7.23,true,1,
7290013906212,false,"נקנקיות וינר טירת 1 ק""ג טירת צבי",הנסיך- מפעל לייצור ט,IL,נקניקיות וינר,קילוגרמים,1.00,"ק""ג",false,0,24.90,24.90,true,1,
7290013906441,false,קבנוס טירת צבי 120 גרם,הנסיך- מפעל לייצור ט,IL,קבנוס,גרמים,120.00,100 גרם,false,0,9.90,8.25,true,1,
7290013906458,false,קבנוס בטעם פיקנטי טירת צבי 120 גרם,הנסיך- מפעל לייצור ט,IL,קבנוס פיקנט,גרמים,120.00,100 גרם,false,0,11.90,9.92,true,1,
7290013906687,false,פסט' צמד כפרית ברביקיו ודבש 300X2ג' טירת צבי,הנסיך- מפעל לייצור ט,IL,צמד כפרי ברביקיו,גרמים,600.00,100 גרם,false,8,29.90,4.98,true,1,
7290013906694,false,נקניקיות שקית קילו וחצי טירת צבי,הנסיך- מפעל לייצור ט,IL,נקניקיות עוף 1.5,גרמים,1500.00,100 גרם,false,1,35.90,2.39,true,1,
7290013994028,false,אורז חום מלא עגול אורגני 500 גר הרדוף,,IL,אורז חום עגול,גרמים,500.00,100 גרם,false,0,10.90,2.18,true,1,
7290013994080,false,פנה אורגני 400 גר מקמח כוסמין מלא,הרדוף,IT,פנה מקמח כוסמין,גרמים,400.00,100 גרם,false,0,19.90,4.98,true,1,
7290013994387,false,שימורי גרעיני תירס מתוק אורגני 340 גר,אול אורגני,IT,שימורי תירס,גרמים,340.00,100 גרם,false,1,11.90,3.50,true,1,
7290013994394,false,שימורי גרגרי חומוס שלמים אורגני 400 גר,די.אי.אף.אל.אס.אר.אל,IT,חומוס שלם אורגני,גרמים,400.00,100 גרם,false,1,11.90,2.98,true,1,
7290013994417,false,הרדוף גרעיני שיבולת שועל אורגני 500 גרם,אול אורגני,IL,גרעיני שיבולת,גרמים,500.00,100 גרם,false,1,9.90,1.98,true,1,
7290013994578,false,סובין שיבולת שועל אורגני 300 גר הרדוף,אול אורגני,IL,סובין שיבולת,גרמים,300.00,100 גרם,false,0,8.90,2.97,true,1,
7290013994585,false,גרעיני דלעת קלופים אורגניים 300 גרם הרדוף,אול אורגני,IL,גרעיני דלעת,גרמים,300.00,100 גרם,false,0,16.90,5.63,true,1,
7290013994653,false,קינואה רויאל אורגני 500 גרם - הרדוף,אול אורגני,IL,קינואה אורגנית,גרמים,500.00,100 גרם,false,1,17.90,3.58,true,1,
7290013994677,false,עדשים שחורות אורגניות הרדוף 500 גרם,אול אורגני,IL,עדשים שחורות,גרמים,500.00,100 גרם,false,0,17.90,3.58,true,1,
7290013994707,false,פופקורן אורגני 500 גרם,אול אורגני,IL,פופקורן אורגני,גרמים,500.00,100 גרם,false,1,13.90,2.78,true,1,
7290013994776,false,גרגירי תירס קפוא אורג800,פינגווין,BE,גרגירי תירס קפוא,גרמים,800.00,100 גרם,false,1,23.70,2.96,true,1,
7290013994806,false,אפונה עדינה קפוא אורג600,פינגווין,BE,אפונה עדינה,גרמים,600.00,100 גרם,false,1,23.70,3.95,true,1,
7290013994912,false,"קמח כוסמין 70% אורגני הרדוף 1 ק""ג",עץ השדה,IL,קמח כוסמין 70%,קילוגרמים,1.00,"ק""ג",false,1,21.90,21.90,true,1,
7290014001954,false,משק לין ממרח לימונים כבושים,"משק דבורים לין בע""\מ",IL,ממרח לימונים,גרמים,185.00,100 גרם,false,1,19.90,10.76,true,1,
7290014002197,false,חליטת קמומיל ולימונית הגן הקסום ויסוצקי 25 יחידות,תה ויסוצקי,IL,חליטת קמומיל,גרמים,75.00,100 גרם,false,0,18.90,25.20,true,1,
7290014002203,false,חליטת לימונית ולואיזה הגן הקסום ויסוצקי 25 יחידות,תה ויסוצקי,IL,חליטת לימונית,גרמים,75.00,100 גרם,false,0,18.90,25.20,true,1,
7290014002470,false,תה ויסוצקי קלאסיק - מארז 75 שקיקים,תה ויסוצקי,IL,תה ויסוצקי קלאסי,גרמים,112.00,100 גרם,false,1,11.90,10.63,true,1,
7290014002579,false,תה ירוק וניל ויסוצקי 25 יחידות,ויסוצקי ירוק,IL,תה ירוק וניל,גרמים,38.00,100 גרם,false,0,24.90,65.53,true,1,
7290014002944,false,גן קסום חליטת פירות וצמחים חמדת שקד 25 שקיקים,תה ויסוצקי,IL,חליטת חמדת שקד,גרמים,57.00,100 גרם,false,0,18.90,33.16,true,1,
7290014002982,false,תה ירוק לימונית ולואיזה ויסוצקי 25 יחידות תוספת סטיביה,ויסוצקי ירוק,IL,תה ירוק סטיביה,גרמים,37.00,100 גרם,false,0,24.90,67.30,true,1,
7290014015135,false,בצלצלי פנינה לשיפודים,קטיף.,IL,בצלצלי פנינה,קילוגרמים,0.00,"ק""ג",true,1,15.90,15.90,true,1,
7290014017320,false,0 אבקת מרק עוף ללא גלוטן,נטו מלינדה-בשר,,אבקת מרק עוף,גרמים,400.00,100 גרם,false,0,17.90,4.48,true,1,
7290014021501,false,פרי FREE חטיף בננה קראנצ'י 27 גרם,לנאקו שוואנגטי פודסטאף,CN,חטיף בננות,גרמים,20.00,100 גרם,false,1,10.90,54.50,true,1,
7290014021518,false,פרי FREE חטיף אננס קראנצ'י 27 גרם,לנאקו שוואנגטי פודסטאף,CN,חטיף אננס,גרמים,20.00,100 גרם,false,1,10.90,54.50,true,1,
7290014021525,false,פרי FREE חטיף ליצ'י קראנצ'י 27 גרם,לנאקו שוואנגטי פודסטאף,CN,חטיף ליצי,גרמים,20.00,100 גרם,false,1,10.90,54.50,true,1,
7290014046016,false,פסטרמה של פעם דל שומן 2% רכיבים טבעיים,מעדני יחיעם,IL,פסטרמה של פעם,גרמים,250.00,100 גרם,false,0,27.90,11.16,true,1,
7290014046474,false,"נקניקיות עוף 1.5 ק""ג יחיעם",מעדני יחיעם,IL,נקניקיות עוף,קילוגרמים,1.50,"ק""ג",false,0,29.60,19.73,true,1,
7290014046580,false,"פסטרמה מעודנת על האש 300 גרם ""יחיעם""",מעדני יחיעם 1993,IL,פסטרמה הודו מעוד,גרמים,300.00,100 גרם,false,1,19.90,6.63,true,1,
7290014046757,false,סלמי תה מעדני יחיעם,מעדני יחיעם,IL,סלמי תה,גרמים,300.00,100 גרם,false,1,19.90,6.63,true,1,
7290014059085,false,"משחת שיניים סנסודיין 75 מ""ל פרימיום לשיקום והגנה","סמית קליין ביצ'ם בע""",GB,משחת סנסודיין,מיליליטרים,75.00,"100 מ""ל",false,0,25.90,34.53,true,1,
7290014059436,false,"משחת שיניים סנסודיין 75 מ""ל פרימיום לשיקום והגנה מלבינה 75 מ""ל","סמית קליין ביצ'ם בע""",GB,משחת סנסודיין,מיליליטרים,75.00,"100 מ""ל",false,0,25.90,34.53,true,1,
7290014066366,false,לנדוור-קפסולות אספרסו ריסטרטו(08) - 10יח'12X יח,קפה לנדוור,IL,קפסולות לנדוור,גרמים,50.00,100 גרם,false,1,14.90,29.80,true,1,
7290014066373,false,לנדוור-קפסולות אספרסו קלאסיק(09) - 10יח'12X יח,קפה לנדוור,IL,קפסולות לנדוור,גרמים,50.00,100 גרם,false,1,14.90,29.80,true,1,
7290014066380,false,לנדוור-קפסולות אספרסו סופרימו(10) - 10יח'12X יח,קפה לנדוור,IL,קפסולות לנדוור,גרמים,50.00,100 גרם,false,1,14.90,29.80,true,1,
7290014066915,false,קפה טורקי לנדוור100*4גרם,לנדוור,IL,קפה טורקי 4 יח,גרמים,400.00,100 גרם,false,1,24.90,6.23,true,1,
7290014083479,false,גבינה פרוסה גאודה 27% שומן EURO CHEESE ויליפוד 150 גרם,ג.וילי פוד אינטרנשיו,IL,גבינת גאודה,גרמים,150.00,100 גרם,false,0,9.90,6.60,true,1,
7290014094116,false,מנצ'ס 200גרם,שקדיה,IL,מנצ'ס,גרמים,200.00,100 גרם,false,0,10.80,5.40,true,1,
7290014094260,false,שיני שום קלוף קמעונאי,יאנונינגלנאגג פרודיס לטד,CN,שיני שום קלופות,גרמים,160.00,100 גרם,false,1,10.90,6.81,true,1,
7290014094307,false,סילאן רכיבים טבעיים 380 גר-השקדיה,אף.סי תבליני בגליל ב,IL,סילאן טבעי,גרמים,360.00,100 גרם,false,0,14.80,4.11,true,1,
7290014094482,false,"רוטב צ''ילי חריף 700 מ""ל אהרוני","דין שיווק וקליה בע""מ",TH,רוטב צ'ילי חריף,מיליליטרים,700.00,"100 מ""ל",false,0,10.10,1.44,true,1,
7290014094505,false,אורז בסמתי טהור אהרוני 1 ק''ג,האי נאם סי או אל.טי.,IL,אורז בסמטי,קילוגרמים,1.00,"ק""ג",false,0,9.90,9.90,true,1,
7290014094529,false,"רוטב סויה 300 מ""ל אהרוני",הלתי פוד פרודקט,IL,רוטב סויה,מיליליטרים,300.00,"100 מ""ל",false,0,10.90,3.63,true,1,
7290014094536,false,רוטב סויה 623מ''ל אהרוני,דין שיווק,IL,רוטב סויה,מיליליטרים,630.00,"100 מ""ל",false,0,19.80,3.14,true,1,
7290014094543,false,"תרסיס שמן קנולה שקדיה 170 מ""ל",שקדיה,TR,תרסיס שמן קנולה,מיליליטרים,186.00,"100 מ""ל",false,0,14.90,8.01,true,1,
7290014094567,false,שמן זית כתית מעולה 750 מל אהרוני,"דין שיווק וקלייה בע""",IL,שמן זית,מיליליטרים,750.00,"100 מ""ל",false,0,29.90,3.99,true,1,
7290014095021,false,אגוז מלך טבעי150ג שקדיה,שקדיה,IL,אגוז מלך קלוף,גרמים,150.00,100 גרם,false,0,13.90,9.27,true,1,
7290014095496,false,חטיף דגנים עם אגוזים ושוקולד מריר 125 גר',דין שיווק,IL,חטיפי גרנולה,גרמים,125.00,100 גרם,false,0,10.00,8.00,true,1,
7290014095946,false,משוקלדים פקאן בשוקולד מריר 140 גרם,"דין שיווק וקלייה בע""",IL,פ.בשוקולד מריר,גרמים,160.00,100 גרם,false,0,14.80,9.25,true,1,
7290014095953,false,פקאן בציפוי שוקולד בקופסא שקדיה 140 גרם,שקדיה גבע בתעשיות עמ,IL,פקאן בשוקולד חלב,גרמים,160.00,100 גרם,false,0,14.80,9.25,true,1,
7290014217003,false,פפריקה מעושנת בקופ' 90 גר' טעם וריח,"תבליני טעם וריח בע""מ",IL,פפריקה,גרמים,90.00,100 גרם,false,0,10.00,11.11,true,1,
7290014217065,false,אורגנו עלים בקופ' 30 גר' טעם וריח,"תבליני טעם וריח בע""מ",IL,אורגנו,גרמים,30.00,100 גרם,false,0,10.00,33.33,true,1,
7290014217140,false,"מיכל ראס אל חנות 100 גר' ""טעם וריח""","תבליני טעם וריח בע""מ",IL,תיבול רס אל חנות,גרמים,100.00,100 גרם,false,1,10.00,10.00,true,1,
7290014217157,false,"מיכל טוסקנה תיבול 120 גר ""טעם וריח""","תבליני טעם וריח בע""מ",IL,תערובת טוסקנה,גרמים,120.00,100 גרם,false,1,9.90,8.25,true,1,
7290014217171,false,תערובת תיבול תיבול גריל דג מיכל 100ג',"תבליני טעם וריח בע""מ",IL,תערובת תיבול דג,גרמים,100.00,100 גרם,false,1,10.00,10.00,true,1,
7290014217225,false,גריל עוף בקופ' 120 גר' טעם וריח,"תבליני טעם וריח בע""מ",IL,גריל עוף,גרמים,120.00,100 גרם,false,0,10.00,8.33,true,1,
7290014217263,false,תיבול לפרגית בקופ' 100 גר' טעם וריח,"תבליני טעם וריח בע""מ",IL,תערובת לפרגיות,גרמים,100.00,100 גרם,false,1,10.00,10.00,true,1,
7290014217355,false,קרי אבקה בקופ' 100 גר' טעם וריח,"תבליני טעם וריח בע""מ",IL,אבקת קרי,גרמים,100.00,100 גרם,false,0,10.00,10.00,true,1,
7290014217478,false,תערובת עשבי תיבול איטלקי ים תיכוני 30ג',"תבליני טעם וריח בע""מ",IL,תערובת תבלינים,גרמים,30.00,100 גרם,false,1,10.00,33.33,true,1,
7290014217492,false,תיבול פילדלפיה בקופ' 100 גר' טעם וריח,"תבליני טעם וריח בע""מ",IL,תערובת תבלינים,גרמים,100.00,100 גרם,false,1,10.00,10.00,true,1,
7290014217911,false,תבלין פלפל אדום מתוק בשקית 150 גר,"תבליני טעם וריח בע""\מ",IL,פלפל מתוק שלם,גרמים,150.00,100 גרם,false,1,13.90,9.27,true,1,
7290014218321,false,בורקס אישי יפו גבינה מעדנות 600 גרם,מיוצר עי קונדיטוריית,IL,בורקס יפו גבינה,גרמים,600.00,100 גרם,false,1,17.90,2.98,true,1,
7290014218338,false,"בורקס אישי יפו תפו""א מעדנות 600 גרם",מיוצר עי קונדיטוריית,IL,"בורקס יפו תפו""א",גרמים,600.00,100 גרם,false,1,15.90,2.65,true,1,
7290014256620,false,"יין מבעבע קריניאנו באזז יקבי כרמל 750 מ""ל",יקבי כרמל Carmel Winery,IL,קריניאנו באזז,מיליליטרים,750.00,"100 מ""ל",false,0,27.90,3.72,true,1,
7290014256637,false,"יין מבעבע מוסקטו באזז יקבי כרמל 750 מ""ל",יקבי כרמל Carmel Winery,IL,מוסקטו באזז,מיליליטרים,750.00,"100 מ""ל",false,0,27.90,3.72,true,1,
7290014258730,false,תרכובת מזון צמחי לתינוקות מגיל 12 חודשים ואילך,מטרנה תעשיות ש.מ,IL,מטרנה צמחית,גרמים,700.00,100 גרם,false,0,67.90,9.70,true,1,
7290014321205,false,קרקר גרעיני פשתן 125 גרם less & more,"ל.ב. סחר ושיווק בע""מ",IL,קרקרים+פשתן,גרמים,125.00,100 גרם,false,1,24.90,19.92,true,1,
7290014397279,false,שקיות מזון גדולות XL סנו סושי 300 יחידות,"אשפלסט תעשיות בע""מ",CN,שקיות מזון,יחידה,1.00,יחידה,false,0,11.80,11.80,true,1,
7290014397453,false,סנו אוקסיגן גל מסיר כתמים כביסה לבנה 3 ל,סנו אוקסיג'ן,IL,מסיר כתמים 3ליטר,ליטרים,3.00,ליטר,false,0,28.90,9.63,true,1,
7290014397507,false,מבשם אויר סנו פרש הום בניחוח מאסק מעודן 350 מ''ל,מיוצר עי קונדיטוריית,IL,סנופרש מאסק מעוד,מיליליטרים,350.00,"100 מ""ל",false,0,10.90,3.11,true,1,
7290014397729,false,אקונומיקה פיסגה,,IL,אקונומיקה פיסגה,ליטרים,2.00,ליטר,false,0,9.90,4.95,true,1,
7290014397767,false,סנו ריצפז פרש הום 2 ליטר בניחוח כותנה-מרכז,"סנו מפעלי ברונוס בע""",IL,ריצפז פרש הום,ליטרים,2.00,ליטר,false,0,17.90,8.95,true,1,
7290014397781,false,סנו ריצפז פרש הום 2 ליטר בניחוח סבון,סנו פרש Fresh,IL,ריצפז פרש הום,ליטרים,2.00,ליטר,false,0,17.90,8.95,true,1,
7290014397835,false,סנו - מט דוחה יתושים נוזלי מכשיר + מילוי 45 לילות,זובאלה,IT,סנומט סמארט,יחידה,1.00,יחידה,false,0,36.60,36.60,true,1,
7290014455245,false,גבינת גרנה פדנו משולש 29% 200 גרם בית יוסף,מחלבת סוציאלה מנטובה,IT,גבינה גרנה פדנו,גרמים,200.00,100 גרם,false,1,25.20,12.60,true,1,
7290014455252,false,גבינה קשה מגורדת גרנה פדנו 29% שומן,מחלבות גד שיווק 1992,IT,גבינה גרנה פדנו,גרמים,100.00,100 גרם,false,1,11.90,11.90,true,1,
7290014455320,false,גבינה כדורי מוצרלה פרסקה גד 100ג',מוצרלה פרסקה 2 ב 15,IL,מוצרלה פרסקה,גרמים,100.00,100 גרם,false,1,9.70,9.70,true,1,
7290014455467,false,ירח מתוק מעדן חלב 2% ושיבולת שועל גד 150ג',גבינות מדף,IL,מעדן שיבולת שועל,גרמים,150.00,100 גרם,false,1,5.60,3.73,true,1,
7290014455610,false,"יוגורט עיזים תות 125 גרם ""גד""",מיוצר על ידי קוד יצר,IL,יוגורט עיזים,גרמים,125.00,100 גרם,false,1,6.10,4.88,true,1,
7290014459373,false,"צ'יפס קראנצ'י לתנור קפוא תפוגן 1.5ק""ג","תעשיות תפוגן בע""\מ",IL,ציפס קראנצי,גרמים,1500.00,100 גרם,false,1,26.90,1.79,true,1,
7290014471412,false,"מוזלי בוטנים אגוזים ושקדים 1 ק""ג - 412 ירוק שקדיה","דין שיווק וקלייה בע""",MK,מוזלי אגוזים,קילוגרמים,1.00,"ק""ג",false,0,19.90,19.90,true,1,
7290014471429,false,"מוזלי עם פירות 1 ק""ג - 429 סגול שקדיה","דין שיווק וקלייה בע""",MK,מוזלי פירות יבש,קילוגרמים,1.00,"ק""ג",false,0,19.90,19.90,true,1,
7290014471436,false,"מוזלי צימוקים תפוח קינמון וגרעיני חמניה 1 ק""ג כחול שקדיה","דין שיווק וקלייה בע""",MK,מוזלי צימוק תפוח,יחידה,1.00,יחידה,false,0,19.90,19.90,true,1,
7290014471443,false,"גרנולה צימוקים אגוזים ושקדים1 ק""ג חדש - 443 כתום שקדיה (כתום)","דין שיווק וקלייה בע""",MK,גרנולה אגוזים,קילוגרמים,1.00,"ק""ג",false,0,19.90,19.90,true,1,
7290014472426,false,קונפיטורה דובדבן 70% פרי 450 גרם שקדיה,"דין שיווק וקליה בע""מ",TR,קונפיטורה דובדבן,גרמים,450.00,100 גרם,false,0,13.80,3.07,true,1,
7290014472433,false,קונפיטורה תות שדה 70% פרי 450 גרם,"דין שיווק וקליה בע""מ",TR,קונפיטורה תות,גרמים,450.00,100 גרם,false,0,13.80,3.07,true,1,
7290014472440,false,קונפיטורה תפוז 70% פרי 450 גרם שקדיה,"דין שיווק וקליה בע""מ",TR,קונפיטורה תפוז,גרמים,450.00,100 גרם,false,0,13.80,3.07,true,1,
7290014472990,false,ממרח 100% שקדים שקדיה 300 גרם,ג'\י אנד ג'\י פקאנס בעמ,IL,ממרח שקדים,גרמים,300.00,100 גרם,false,0,36.90,12.30,true,1,
7290014501942,false,"גליל מרלו 750 מ""ל",יקב הרי גליל,IL,גליל מרלו,מיליליטרים,750.00,"100 מ""ל",false,1,69.90,9.32,true,1,
7290014503137,false,"יין כנען אדום דלתון 750 מ""ל","יקב דלתון בע""\מ",IL,כנען אדום גליל,מיליליטרים,750.00,"100 מ""ל",false,0,44.90,5.99,true,1,
7290014525016,false,עשיריית חטיף סלים פרוט מרבה יוגורט תות סלים דליס 18.2 גרם,סלים פרוטס,ES,חטיפי דגנים מרבה,גרמים,182.00,100 גרם,false,0,10.90,5.99,true,1,
7290014525290,false,חטיפי סלים דליס קריספי תות מרבה 125 גרם,סלים דליס Slim Delis,NL,סלים דליס חטיפים,גרמים,125.00,100 גרם,false,1,10.90,8.72,true,1,
7290014525313,false,חטיפי סלים דליס קריספי שוקולד מרבה 125 גרם,סלים דליס Slim Delis,NL,סלים דליס חטיפים,גרמים,125.00,100 גרם,false,1,10.90,8.72,true,1,
7290014547353,false,סנסודין זוג מברשות שיניים דואלקר ירוק+יר,"L Co., Industrial Shummi",CN,2 מברשו סנסודיין,יחידה,1.00,יחידה,false,1,19.90,19.90,true,1,
7290014548466,false,גבינת עיזים מלוחה פט,חוות רום,IL,פטה 5%,גרמים,200.00,100 גרם,false,0,27.90,13.95,true,1,
7290014562462,false,"תרכיז תפוחים 100% טבעי בי & די 650 מ""ל",,IL,תרכיז תפוחים,מיליליטרים,650.00,"100 מ""ל",false,0,29.90,4.60,true,1,
7290014578777,false,קוקוס תאילנדי,,TH,קוקוס תאילנדי,יחידה,1.00,יחידה,false,0,16.90,16.90,true,1,
7290014673397,false,תיבול לגריל עוף תבליני מימון 250 גרם,א.ל ייצור ושיווק תבל,IL,תיבול לגריל עוף,גרמים,250.00,100 גרם,false,0,22.90,9.16,true,1,
7290014674004,false,קריספ פירורי לחם שומשום ומלח ים 300 גרם מיימונס,א.ל ייצור ושיווק תבל,IL,פירורי לחם קריספ,גרמים,300.00,100 גרם,false,1,7.90,2.63,true,1,
7290014692299,false,גבינת ברי 125 ג' קסטיאלו ויליפוד,יורו צ'יז Euro Cheese,DK,גבינת ברי,גרמים,125.00,100 גרם,false,0,19.90,15.92,true,1,
7290014692305,false,גבינת קממבר EURO CHEESE ויליפוד 125 גרם,הנסיך- מפעל לייצור ט,DK,קממבר,גרמים,125.00,100 גרם,false,0,19.90,15.92,true,1,
7290014712379,false,"יוגורט בקבוק בטעם אפרסק 500 מ""ל הכפר",מחלבת בת הרים,IL,יוגורט אפרסק,מיליליטרים,500.00,"100 מ""ל",false,1,15.90,3.18,true,1,
7290014748651,false,פילה אמנון מצופה נתח שלם דג טוב 360 גרם,מוצרי עוף טוב (2001) בע\,IL,פילה אמנון מצופה,גרמים,360.00,100 גרם,false,1,34.90,9.69,true,1,
7290014748958,false,דג טוב פופקורן מיני אמנון ציפס נ.שלם 400גר,מוצרי עוף טוב (2001) בע\,IL,אמנון פופקורן,גרמים,400.00,100 גרם,false,1,34.90,8.73,true,1,
7290014748972,false,דג טוב פופקורן מיני אמנון נתחי שלם 400גר,מוצרי עוף טוב (2001) בע\,IL,אמנון פופקורן,גרמים,400.00,100 גרם,false,1,34.90,8.73,true,1,
7290014749078,false,מקלוני קבנוס עוף טוב 200 גרם,עיצובים 2020 (4.9),IL,מקלוני קבנוס,גרמים,200.00,100 גרם,false,1,17.90,8.95,true,1,
7290014749245,false,ספיישל רצועות שניצל שומשום עוף טוב 600 גרם,מוצרי עוף טוב (2001) בע\,IL,צ'ונגו רצועות,גרמים,600.00,100 גרם,false,1,34.90,5.82,true,1,
7290014749764,false,עוף טוב שניצל עוף ביתי עדין כזה 700 גרם,מוצרי עוף טוב (2001) בע\,IL,שניצל עוף ביתי ע,גרמים,700.00,100 גרם,false,1,44.90,6.41,true,1,
7290014749863,false,עוף טוב שניצל דק ענק קריספי צ'יפס 720 גרם,מוצרי עוף טוב (2001) בע\,IL,שניצל עוף דקענק,גרמים,720.00,100 גרם,false,1,39.90,5.54,true,1,
7290014749887,false,שניצל דק ענק קריספי קלאסי עוף טוב 720 גרם,מוצרי עוף טוב (2001) בע\,IL,שניצל עוף דק ענק,גרמים,720.00,100 גרם,false,1,39.90,5.54,true,1,
7290014758100,false,מאגדת יוגורט ביו 3% שומן 8 יח' *150ג' תנובה,מיוצר עי קונדיטוריית,IL,יוגורט ביו 8 יח,קילוגרמים,1.20,"ק""ג",false,0,16.90,14.08,true,1,
7290014758117,false,מאגדת יוגורט ביו 1.5% שומן 8 יח' *150 ג' תנובה,מיוצר עי קונדיטוריית,IL,יוגורט ביו 8 יח,קילוגרמים,1.20,"ק""ג",false,0,16.90,14.08,true,1,
7290014758162,false,חלב עיזים מלא 3.6% קרטון 1 ל' תנובה,הרדוף תוצרת מזון אור,IL,חלב עיזים מלא 1ל,ליטרים,1.00,ליטר,false,0,14.90,14.90,true,1,
7290014758681,false,קוטג תנובה 1% גביע 250 גרם,מיוצר עי קונדיטוריית,IL,קוטג 1% שומן,גרמים,250.00,100 גרם,false,0,5.50,2.20,true,1,
7290014759084,false,גבינת שמנת נפוליאון 16% מופחת שומן תנובה 225 גרם,תנובה מרכז שיתופי לש,IL,גבינת נפוליאון,גרמים,225.00,100 גרם,false,0,13.90,6.18,true,1,
7290014759909,false,גבינה פטה עזים פיראוס 5% 250 גרם,"תנובה, מחלבת טנא נוג",IL,פטה עיזים פיראוס,גרמים,250.00,100 גרם,false,0,28.40,11.36,true,1,
7290014759978,false,גבינת קצקבל גלעד 27% תנובה 200 גרם,תנובה חלב,IL,גב.קשקבל / גלעד,גרמים,200.00,100 גרם,false,0,26.60,13.30,true,1,
7290014759985,false,גבינת פרמזן גבע 23% תנובה 200 גרם,תנובה חלב,IL,גבינת פרמזן/גבע,גרמים,200.00,100 גרם,false,0,25.50,12.75,true,1,
7290014759992,false,גבינת רוקפור גליל פלח 140 ג' תנובה,"תנובה, מחלבת תל יוסף",IL,קולאז' רוקפור,גרמים,140.00,100 גרם,false,0,18.50,13.21,true,1,
7290014760134,false,"מעדן סויה בטעם וניל תנובה 125 מ""ל",תנובה Alternative,IL,מעדן סויה וניל,גרמים,125.00,100 גרם,false,1,4.20,3.36,true,1,
7290014760141,false,משקה שקדים תנובה E אלטרנטיב,תנובה Alternative,IL,משקה שקדים,ליטרים,1.00,ליטר,false,1,12.90,12.90,true,1,
7290014760448,false,גבינה צהובה גלבוע 400 גרם 22% שומן תנובה,מחלבת בית יצחק,IL,גבינת גלבוע,גרמים,400.00,100 גרם,false,1,23.90,5.98,true,1,
7290014761056,false,מעדן שוקולד חלב יולו תנובה 123 גרם,מיוצר עי קונדיטוריית,IL,יולו שוקולד חלב,גרמים,123.00,100 גרם,false,0,4.70,3.82,true,1,
7290014761063,false,מעדן שוקולד מריר יולו תנובה 123 גרם,מיוצר עי קונדיטוריית,IL,יולו שוקולד מריר,גרמים,123.00,100 גרם,false,0,4.70,3.82,true,1,
7290014761070,false,מעדן שוקולד לבן יולו תנובה 123 גרם,מיוצר עי קונדיטוריית,IL,יולו שוקולד לבן,גרמים,123.00,100 גרם,false,0,4.70,3.82,true,1,
7290014761414,false,יולו מעדן שכבות שוקולד חלב ולבן 123 גר,מיוצר עי קונדיטוריית,IL,יולו שכבות שוקו.,גרמים,123.00,100 גרם,false,0,4.70,3.82,true,1,
7290014761438,false,פיראוס בולגרית קלאסית 24% סמי מעדניה 400,תנובה מרכז שיתופי לש,IL,גבינה בולגרית,גרמים,400.00,100 גרם,false,0,27.20,6.80,true,1,
7290014761612,false,מעדן שכבות שוקולד מריר ולבן יולו 122 גרם,מיוצר עי קונדיטוריית,IL,יולו שכבות שוקו.,גרמים,122.00,100 גרם,false,1,4.70,3.85,true,1,
7290014762756,false,גבינת שמנת נפוליאון 16% עם בצל תנובה 225 גרם,תנובה חלב,IL,גבינת נפוליאון,גרמים,225.00,100 גרם,false,1,13.90,6.18,true,1,
7290014762800,false,מעדן סויה שוקולד גביע 125 גרם אלטרנטיב,תנובה מרכז שיתופי לש,IL,מעדן סויה ט.שוקו,גרמים,125.00,100 גרם,false,1,4.20,3.36,true,1,
7290014762831,false,גבינת שמנת נפוליאון 16% עם פלפל חלפיניו תנובה 225 גרם,תנובה מרכז שיתופי לש,IL,גבינת נפוליאון,גרמים,225.00,100 גרם,false,1,13.90,6.18,true,1,
7290014762909,false,פתיתי מוצרלה השף הלבן 10% תוספת מתנה,"תנובה, מחלבת תל יוסף",IL,פתיתי מוצרלה200ג,גרמים,200.00,100 גרם,false,1,15.90,7.95,true,1,
7290014763395,false,גבינה צהובה עמק פרוס 28% 600 גרם מהדרין,תנובה מרכז שיתופי לש,IL,עמק 28% 600גרם,גרמים,600.00,100 גרם,false,1,30.90,5.15,true,1,
7290014789913,false,עוגיות אוראו קרם בטעם וניל מארז 176 גרם,מונדלייז,UA,עוגיות אוראו 3יח,גרמים,528.00,100 גרם,false,0,21.90,4.15,true,1,
7290014791091,false,"שוויפס לימונייד 500 מ""ל",יפאורה שותפות מובגלת לשיווק,IL,שוופס לימונייד,מיליליטרים,500.00,"100 מ""ל",false,0,5.90,1.18,true,1,
7290014855458,false,מגבוני בייביסיטר פרפורמנס ללא בישום מארז 72X4יח',בייביסיטר Babysitter,IL,מגבונים לחים 4יח,יחידה,1.00,יחידה,false,1,16.90,16.90,true,1,
7290014860094,false,"מקלוני אורז ללא גלוטן 3מ""מ 454גר' (אור)",ניינטי נודל קו,TH,מקלוני אורז,גרמים,454.00,100 גרם,false,0,10.90,2.40,true,1,
7290014860155,false,מחצלת במבו שטוחה 24X24 ס'מ,גולין פנגזו,CN,מחצלת סושי,יחידה,1.00,יחידה,false,0,8.90,8.90,true,1,
7290014860247,false,שבבי אורז מרובעים ללא גלוטן 227 גרם (Oriental),ליאן תאי רייס,TH,שבבי אורז,גרמים,227.00,100 גרם,false,0,9.90,4.36,true,1,
7290014890176,false,ריקוטה סגנון איטלק5% 250,גבינות משק יעקבס,IL,גבינת ריקוטה,גרמים,250.00,100 גרם,false,1,13.50,5.40,true,1,
7290014890206,false,קרם פרש 250גרם יעקוב,גבינות משק יעקבס,IL,קרם פרש,גרמים,250.00,100 גרם,false,1,15.50,6.20,true,1,
7290014890237,false,גבינת קממברט יעקבס 125 גרם,גבינות משק יעקבס,IL,קממברט,גרמים,125.00,100 גרם,false,1,16.90,13.52,true,1,
7290014890572,false,"יוגורט עיזים משק יעקבס 850 מ""ל",גבינות משק יעקבס,IL,יוגורט עיזים,גרמים,850.00,100 גרם,false,1,20.00,2.36,true,1,
7290014890589,false,"יוגורט יווני משק יעקבס 850 מ""ל",גבינות משק יעקבס,IL,יוגורט יווני,גרמים,850.00,100 גרם,false,1,21.90,2.58,true,1,
7290014901254,false,"מרכך קרטין לאחר החלקה ועיצוב בחום סטייל 750 מ""ל",א.ל ארמן ייצור תמרוק,IL,מרכך קרטין,מיליליטרים,750.00,"100 מ""ל",false,0,24.90,3.32,true,1,
7290014901896,false,"מי פה סנסודיין מנטה מרענן 500 מ""ל",גלקסוסמיתקליין,GB,סנסודיין מי פה,מיליליטרים,500.00,"100 מ""ל",false,1,27.90,5.58,true,1,
7290014910461,false,"ערק יודה 700 מ""ל כשל",בני בהיג'\ קעואר לתעשייה,IL,ערק יודה,מיליליטרים,700.00,"100 מ""ל",false,1,59.90,8.56,true,1,
7290014940901,false,לחם פשוט מלא אנג'ל 750 גרם,מאפיית שלמה א. אנג'\ל בע,IL,לחם מלא,גרמים,750.00,100 גרם,false,1,14.90,1.99,true,1,
7290014962521,false,"טפטפים משחת שיניים לילדים מגיל 2-6 50 מ""ל",כצט CTS,IL,משחת שיניים,מיליליטרים,50.00,"100 מ""ל",false,0,10.90,21.80,true,1,
7290014974593,false,גביעי גלידריה עלמה ללא גלוטן 132 גרם,כרמית תעשיות ממתקים,IL,גביעי גלידה,גרמים,132.00,100 גרם,false,1,16.90,12.80,true,1,
7290015009300,false,עלי טורטייה מקמח תירס 360 גרם,פרינסס,TR,עלי טורטייה,גרמים,360.00,100 גרם,false,1,15.90,4.42,true,1,
7290015009324,false,נאצו'ס תירס ברביקיו 200 גרם,אוקיי סנקס,DK,נאצ'וס ברביקיו,גרמים,200.00,100 גרם,false,1,12.90,6.45,true,1,
7290015009393,false,זיתים שחורים מגולענים מזן קלמטה בחיי מלח,אידיאל סנייק,GR,זית שחור מגולען,גרמים,430.00,100 גרם,false,1,16.90,3.93,true,1,
7290015009409,false,זיתים שחורים מזן טאסוס במלח 250 גרם,אידיאל סנייק,GR,זיתים שחור מיובש,גרמים,250.00,100 גרם,false,1,16.90,6.76,true,1,
7290015025959,false,מגבונים לחים בניחוח עדין מכיל תמציות קשמיר ומשי,עלבד משואות יצחק,IL,פרש וואנס 4 יח,יחידה,1.00,יחידה,false,1,17.90,17.90,true,1,
7290015039246,false,נתחי טונה בשמן צמחי רביעיה * 160 ג' וילי פוד,וילי פוד,TH,נתחי טונה בשמן,גרמים,640.00,100 גרם,false,0,21.90,3.42,true,1,
7290015039338,false,נתחי טונה במי מלח רביעיה * 160 ג' וילי פוד,וילי פוד,TH,נתחי טונה במים,גרמים,640.00,100 גרם,false,0,21.90,3.42,true,1,
7290015055000,false,עגבניה שרי ליקופ,,IL,עגבניה שרי ליקופ,גרמים,460.00,100 גרם,false,0,9.90,2.15,true,1,
7290015127066,false,תמר בהרי אורגני נאות סמדר 400 גרם,נוקדי המדבר,IL,תמר בהרי אורגני,גרמים,400.00,100 גרם,false,1,18.90,4.73,true,1,
7290015129121,false,סקיני פסטה נודלס 270 גרם,הוויזאי וואנגייה פוד,CN,אטריות קונגאק,גרמים,270.00,100 גרם,false,0,10.90,4.04,true,1,
7290015129145,false,אטריות קונג'אק בתוספת טפיוקה בצורת ספגטי,הוויזאי וואנגייה פוד,CN,אטריות קונגאק,גרמים,270.00,100 גרם,false,0,10.90,4.04,true,1,
7290015129220,false,איטריות קונגאק ללא גלוטן 270 גרם skinny,אף.סי תבליני בגליל ב,CN,פסטה קונגאק,גרמים,270.00,100 גרם,false,1,10.90,4.04,true,1,
7290015129251,false,איטריות קונגאק ללא גלוטן 270 גרם skinny,אף.סי תבליני בגליל ב,CN,פסטה קונגאק,גרמים,270.00,100 גרם,false,1,10.90,4.04,true,1,
7290015129312,false,סקיני סופ תבשיל מרק בטעם עוף 214 גרם,אף.סי תבליני בגליל ב,CN,סקיני סופ,גרמים,234.00,100 גרם,false,1,15.90,6.79,true,1,
7290015129749,false,סקיני פסטה שיבולת שועל נודלס 270 גרם,הוויזאי וואנגייה,CN,פסטה שיבולת שועל,גרמים,270.00,100 גרם,false,1,10.90,4.04,true,1,
7290015129756,false,סקיני פסטה שיבולת שועל פטוצ'יני 270 גרם,הוויזאי וואנגייה,CN,פסטה שיבולת שועל,גרמים,270.00,100 גרם,false,1,10.90,4.04,true,1,
7290015139267,false,שוקולד מריר עם שקדים ללא תוספת סוכר וסטהיים,"כרמית תעשיות ממתקים בע""\",IL,שוקולד מריר,גרמים,85.00,100 גרם,false,1,5.90,6.94,true,1,
7290015150088,false,מחית עגבניות קלה גרנד איטליה 700 גרם,שוורצקוף& הנקל דיסלד,IT,מחית עגבניות,גרמים,700.00,100 גרם,false,1,12.30,1.76,true,1,
7290015150118,false,שלישיית עגבניות חתוכות דק גרנד איטליה 400 גרם,אמיליאנה קונסרב ס.פ.,IT,עגבניות חתוכות,קילוגרמים,1.20,"ק""ג",false,1,17.60,14.67,true,1,
7290015150200,false,עגבניות חתוכות דק גרנד איטליה ויסוצקי,HIQ FOOD PRODUCTS,IT,עגבניות חתוכות,גרמים,400.00,100 גרם,false,1,5.90,1.48,true,1,
7290015150590,false,תה ירוק ג'ינג'ר חריף ויסוצקי 25 יחידות,ויסוצקי ירוק,IL,תה ירוק ויסוצקי,גרמים,37.00,100 גרם,false,1,24.90,67.30,true,1,
7290015150903,false,תה ירוק קינמון ודבש ויסוצקי 25 יחידות,ויסוצקי ירוק,IL,תה ירוק ויסוצקי,גרמים,37.00,100 גרם,false,1,24.90,67.30,true,1,
7290015155830,false,מחית תפוחי עץ ובננה חטיפטף ללא תוספת סוכר,פרוטה פודווין איי.אס,CZ,חטיפטף פרינוק,גרמים,120.00,100 גרם,false,1,5.90,4.92,true,1,
7290015155847,false,מחית סלט פירות חטיפטף ללא תוספת סוכר,פרוטה פודווין איי.אס,CZ,חטיפטף פרינוק,גרמים,120.00,100 גרם,false,1,5.90,4.92,true,1,
7290015156769,false,מחית פרינוק פאוץ' תפוח ואוכמניות 120 גרם,פרוטה פודווין איי.אס,CZ,פאוץ' פרינוק תפו,גרמים,120.00,100 גרם,false,1,5.90,4.92,true,1,
7290015156813,false,מחית פרינוק פאוץ' פירות מעורבים 120 גרם,פרוטה פודווין איי.אס,CZ,חטיפטף פרינוק,גרמים,120.00,100 גרם,false,1,5.90,4.92,true,1,
7290015161244,false,"קרם קוקוס 17% אורגני ללא גלוטן 400 מ""ל נוטרה זן","אינסטנטה בע""מ",LK,קרם קוקוס אורגני,מיליליטרים,400.00,"100 מ""ל",false,1,9.90,2.48,true,1,
7290015161350,false,אבקת מרק ירקות אורגני 200 גרם,ויטאם הפה פרודקט,DE,אבקת מרק ירקות,גרמים,200.00,100 גרם,false,1,23.90,11.95,true,1,
7290015161558,false,קמח שיבולת שועל מלאה אורגני ללא גלוטן,הלינסקי מילס אל.טי.די,DK,קמח שבולת שועל,גרמים,500.00,100 גרם,false,1,21.90,4.38,true,1,
7290015161572,false,גרנולה נוטרה זן 29% אגוזים וגרעינים ללא גלוטן 300 גרם,נוטרה זן NutraZen,IL,גרנולה אגוזים,גרמים,300.00,100 גרם,false,1,23.90,7.97,true,1,
7290015161589,false,פת פריכה אורגנית ללא גלוטן ירקות גינה 100 גרם,אקסטרודו בצ'\יצה,CZ,קרקר פריך,גרמים,100.00,100 גרם,false,1,11.90,11.90,true,1,
7290015161763,false,אבקת מרק ירקות אורגני ללא שמרים 200 גרם,ויטאם הפה פרודקט,DE,אבקת מרק ירקות,גרמים,200.00,100 גרם,false,1,23.90,11.95,true,1,
7290015161831,false,פת פריכה אורגנית ללא גלוטן - אמרנט 100 ג,אקסטרודו בצ'\יצה,CZ,פת פריכה,גרמים,100.00,100 גרם,false,1,13.50,13.50,true,1,
7290015161848,false,פת פריכה אורגנית עם כוסמת וקינואה ללא גלוטן,אקסטרודו בצ'\יצה,CZ,פת פריכה,גרמים,100.00,100 גרם,false,1,13.50,13.50,true,1,
7290015161879,false,פת פריכה אורגנית PRO ללא גלוטן עדשים אדומות וחומות 100 ג',אקסטרודו בצ'\יצה,CZ,פת פריכה עדשים,גרמים,100.00,100 גרם,false,1,16.90,16.90,true,1,
7290015161923,false,קרם קוקוס 22% אורגני ללא גלוטן נוטרה זן,"אינסטנטה בע""מ",LK,קרם קוקוס אורגני,מיליליטרים,400.00,"100 מ""ל",false,1,12.90,3.23,true,1,
7290015161930,false,"פסטPRO קסרצ'ה פתיתים אורגניים, ללא גלוטן",נוטרה זן NutraZen,IT,פסטה אורגנית,גרמים,250.00,100 גרם,false,1,17.90,7.16,true,1,
7290015161978,false,פסטPRO עדשים אדומות חומוס ופשתן GF אורגנית 250 ג,נוטרה זן NutraZen,IT,פסטה אורגניים,גרמים,250.00,100 גרם,false,1,17.90,7.16,true,1,
7290015164832,false,מחית קארי ירוק 400 גרם SUREE כשר,טאפאדונגפורן קוקינט,TH,מחית קארי ירוקה,גרמים,400.00,100 גרם,false,0,19.90,4.98,true,1,
7290015164856,false,רוטב קארי אדומה 400 גרם SUREE כשר,טאפאדונגפורן קוקינט,TH,מחית קארי אדומה,גרמים,400.00,100 גרם,false,0,19.90,4.98,true,1,
7290015174398,false,שמן זית כתית מעולה 1.5ל,.,IL,שמן זית כתית,ליטרים,1.50,ליטר,false,1,59.40,39.60,true,1,
7290015324007,false,פלפל שחור גרוס 80 גר' טעם וריח,"תבליני טעם וריח בע""מ",IL,פלפל שחור גרוס,גרמים,80.00,100 גרם,false,0,9.90,12.38,true,1,
7290015324014,false,"פלפל שחור טחון בשקית 80 גרם ""טעם וריח""","תבליני טעם וריח בע""מ",IL,פלפל שחור טחון,גרמים,80.00,100 גרם,false,0,9.90,12.38,true,1,
7290015324038,false,פפריקה מתוקה בשמן 100 גרם טעם וריח,"תבליני טעם וריח בע""מ",IL,פפריקה בשמן,גרמים,80.00,100 גרם,false,0,6.00,7.50,true,1,
7290015324052,false,פפריקה מתוקה 80 גר' טעם וריח,"תבליני טעם וריח בע""מ",IL,פפריקה מתוקה,גרמים,80.00,100 גרם,false,0,5.90,7.38,true,1,
7290015324069,false,גריל עוף 80 גר' טעם וריח,"תבליני טעם וריח בע""מ",IL,גריל עוף,גרמים,80.00,100 גרם,false,0,5.90,7.38,true,1,
7290015324076,false,זעתר מעורב 80 גר' טעם וריח,"תבליני טעם וריח בע""מ",IL,זעתר,גרמים,80.00,100 גרם,false,0,6.00,7.50,true,1,
7290015324083,false,מלח לימון 80 גר' טעם וריח,"תבליני טעם וריח בע""מ",IL,מלח לימון,גרמים,80.00,100 גרם,false,0,5.90,7.38,true,1,
7290015324090,false,כמון טחון 80 גר' טעם וריח,"תבליני טעם וריח בע""מ",IL,כמון,גרמים,80.00,100 גרם,false,0,6.00,7.50,true,1,
7290015324106,false,כורכום טחון 80 גר' טעם וריח,"תבליני טעם וריח בע""מ",IL,כורכום,גרמים,80.00,100 גרם,false,0,6.00,7.50,true,1,
7290015324113,false,טעם וריח בהרט שקית 8,"תבליני טעם וריח בע""מ",IL,בהרט,גרמים,80.00,100 גרם,false,0,6.00,7.50,true,1,
7290015324168,false,תבלין על האש תיבול 80 גר' שק',"תבליני טעם וריח בע""מ",IL,על האש,גרמים,80.00,100 גרם,false,0,5.90,7.38,true,1,
7290015324281,false,"בצל מטוגן שקית 200 גרם""טעם וריח""",תות תעשיות מזון (201,NL,שבבי בצל מטוגן,גרמים,200.00,100 גרם,false,1,9.90,4.95,true,1,
7290015324571,false,פפריקה מתוקה בשמן בסגנון מרוקאי 400 גרם,"תבליני טעם וריח בע""\מ",IL,פפריקה מתוק בשמן,גרמים,400.00,100 גרם,false,1,18.00,4.50,true,1,
7290015324656,false,זעפרן ספרדי יחידה0.5,"תבליני טעם וריח בע""מ",ES,זעפרן,יחידה,1.00,יחידה,false,1,19.90,19.90,true,1,
7290015324724,false,מחית צ`ילי חריף `טעם וריח' 230 גרם,ליני קאטייאמה פודסטאפס ב,CN,מחית צ'ילי חריף,גרמים,230.00,100 גרם,false,1,13.90,6.04,true,1,
7290015324731,false,מחית ג'ינגר טעם וריח 210 גרם,ליני קאטייאמה פודסטאפס ב,CN,מחית ג'ינג'ר,גרמים,210.00,100 גרם,false,1,13.90,6.62,true,1,
7290015324748,false,"מחית שום וג`ינגר `טעם וריח', 210 גרם",ליני קאטייאמה פודסטאפס ב,CN,מחית שום וג'ינגר,גרמים,210.00,100 גרם,false,1,13.90,6.62,true,1,
7290015335607,false,יוגונאט טבעי 150גר' ניה,טרופיקל דגיל תעשיות,IL,מעדן ביו טבעי,גרמים,150.00,100 גרם,false,1,6.90,4.60,true,1,
7290015350143,false,סגל FREE RUN מרלו יין אדום יבש 750 מל,סי.זי.איי.אס בעמ,IL,יין מרלו,מיליליטרים,750.00,"100 מ""ל",false,1,59.90,7.98,true,1,
7290015350150,false,"יין אדום חצי יבש סגל 750 מ""ל","כרמי צבי - אחים סגל בע""\",IL,יין אדום חצי יבש,מיליליטרים,750.00,"100 מ""ל",false,1,21.90,2.92,true,1,
7290015350242,false,שטוק 84 משקה כוהלי על בסיס ברנדי בטעם דבש,יינות סגל,IL,ברנדי שטוק 84,מיליליטרים,750.00,"100 מ""ל",false,1,79.90,10.65,true,1,
7290015366663,false,"משחת שיניים מנטה עדין אקווה פרש 100 מ""ל",גלקסוסמיתקליין,SK,משחה אקווה פרש,מיליליטרים,100.00,"100 מ""ל",false,1,7.90,7.90,true,1,
7290015366670,false,משחת שיניים הגנה משולשת מנטה מרענן,גלקסוסמיתקליין,SK,משחה אקווה פרש,מיליליטרים,100.00,"100 מ""ל",false,1,7.90,7.90,true,1,
7290015596817,false,"ד""ר פישר - אפקטיב קר קרם גוף מועשר בשמן קוקוס 450 מ""ל",פישר מעבדות פרמצבטיות בע,IL,קרם גוף אפקטיב,מיליליטרים,450.00,"100 מ""ל",false,1,24.90,5.53,true,1,
7290015599023,false,VEGA צהובה טבעונית בטעם קלאסי 200 גרם,וגה מוצרים טבעוניים VEGA,GR,צהובה טבעונית,גרמים,200.00,100 גרם,false,0,24.30,12.15,true,1,
7290015599047,false,בלוק צהובה טבעונית לגירוד על פיצה 200 ג,וגה מוצרים טבעוניים VEGA,GR,צהובה טבעונית,גרמים,200.00,100 גרם,false,0,17.70,8.85,true,1,
7290015599054,false,פרוסות צהובה טבעונית בטעם גבינת צ'דר,וגה מוצרים טבעוניים VEGA,GR,צהובה טבעונית,גרמים,200.00,100 גרם,false,0,24.30,12.15,true,1,
7290015599061,false,VEGA צהובה טבעונית בטעם מוצרלה 200 גרם,וגה מוצרים טבעוניים VEGA,GR,צהובה טבעונית,גרמים,200.00,100 גרם,false,1,24.30,12.15,true,1,
7290015599078,false,פרוסות צהובה טבעונית בתוספת עשבי תיבול,וגה מוצרים טבעוניים VEGA,GR,צהובה טבעונית,גרמים,200.00,100 גרם,false,0,24.30,12.15,true,1,
7290015599191,false,VEGA ממרח טבעוני בסגנון גבינת שמנת בטעם קלאסי 170 גרם,ביוטי איילנד פודס בע,GB,ממרח טבעוני,גרמים,170.00,100 גרם,false,1,18.90,11.12,true,1,
7290015599283,false,אבקת בסיס לחביתה טבעונית 250 גר,א.ל.ייצור ושיווק תבלינים,IL,חביתה טבעונית,גרמים,250.00,100 גרם,false,1,28.70,11.48,true,1,
7290015599306,false,גבינת שמנת טבעונית עם עירית 170 גרם,ביוטי איילנד פודס בע,GB,ממרח טבעוני,גרמים,170.00,100 גרם,false,1,18.90,11.12,true,1,
7290015599313,false,VEGA ממרח טבעוני בסגנון גבינת שמנת בצל ירוק ופלפל שחור 170 גרם,ביוטי איילנד פודס בע,GB,ממרח טבעוני,גרמים,170.00,100 גרם,false,1,18.90,11.12,true,1,
7290015599504,false,VEGA ממרח בטעם חמאה אורגני 225 גרם,גוד פוד פרודקטס S.p,DK,ממרח טעם חמאה,גרמים,225.00,100 גרם,false,1,18.90,8.40,true,1,
7290015599733,false,קובה במילוי טחון מהצומח 400 גרם,,IL,קובה מן הצומח,גרמים,400.00,100 גרם,false,1,29.90,7.48,true,1,
7290015599740,false,אמפנדה במילוי טחון מהצומח 400 גרם,,IL,אמפנדה מן הצומח,גרמים,400.00,100 גרם,false,1,29.90,7.48,true,1,
7290015603188,false,אטריות ביצים 454ג' (כ) (fu),פוגיאן לונגהי אנלידה אינ,CN,איטריות ביצים,גרמים,454.00,100 גרם,false,1,9.90,2.18,true,1,
7290015603201,false,אטריות מחיטה מלאה 454ג' (כ) (fu),קסמיאן קסינגשנג פודסטטפס,CN,איטריות קמח מלא,גרמים,454.00,100 גרם,false,1,11.90,2.62,true,1,
7290015603546,false,"שימורי קרם קוקוס 17-19% 400 מ""ל (ASIATIC)(כ)",אסיאטיק אגרו אינדסטר,TH,קרם קוקוס 19%,מיליליטרים,400.00,"100 מ""ל",false,1,9.90,2.48,true,1,
7290015603560,false,"שימורי קרם קוקוס 20-22% 400 מ""ל (ASIATIC)(כ)",אסיאטיק אגרו אינדוסטרי,TH,קרם קוקוס,מיליליטרים,400.00,"100 מ""ל",false,1,9.90,2.48,true,1,
7290015603584,false,ג'ינגר לבן כבוש ללא מונוסודיום 160 גרם (כ),לאיווי איפנג פודס קו,CN,ג'ינג'ר לבן כבוש,גרמים,160.00,100 גרם,false,1,7.90,4.94,true,1,
7290015644433,false,לחם מחמצת 100% שיפון קל אנג'ל 600 גרם,מאפיית שלמה א. אנג'\ל בע,IL,לחם מחמצת,גרמים,600.00,100 גרם,false,1,17.90,2.98,true,1,
7290015652247,false,תערובת אגוזים קלויים250ג,"דין שיווק וקלייה בע""",IL,תערובת פיצוחים,גרמים,250.00,100 גרם,false,1,20.00,8.00,true,1,
7290015652384,false,"קמח תירס ללא גלוטן עבה ששון הקולה 1 ק""ג",מולינו פיילה גלאסה,IT,קמח תירס,קילוגרמים,1.00,"ק""ג",false,1,13.90,13.90,true,1,
7290015652391,false,"קמח תירס דק ל.גלוטן ששון הקולה 1 ק""ג",מולינו פיילה גלאסה,IT,קמח תירס,קילוגרמים,1.00,"ק""ג",false,1,13.90,13.90,true,1,
7290015652513,false,תערובת תבלינים לסטייק ובשרים על האש,"דין שיווק וקליה בע""מ",IL,תערובת לסטייק,גרמים,150.00,100 גרם,false,1,14.80,9.87,true,1,
7290015652520,false,"תערובת השף עשבי תיבול ושום לתיבול דגים, עופות, מאפים ועוד","דין שיווק וקליה בע""מ",IL,תערובת השף,גרמים,70.00,100 גרם,false,1,14.80,21.14,true,1,
7290015652537,false,"תערובת תיבול פלפל, לימון פרסי ושום לבשר ותבשילים","דין שיווק וקליה בע""מ",IL,פלפל לימון פרסי,גרמים,130.00,100 גרם,false,1,14.80,11.38,true,1,
7290015652544,false,תבלין גריל עוף ארומטי 130 גרם - אהרוני,"נווה התבלין בע""מ",IL,גריל עוף ארומטי,גרמים,130.00,100 גרם,false,1,14.80,11.38,true,1,
7290015652599,false,תערובת מתובלת להכנת צלי בקר,"דין שיווק וקליה בע""מ",IL,צלי בקר,גרמים,120.00,100 גרם,false,1,14.80,12.33,true,1,
7290015673181,false,בורגר מהצומח עם ברוקולי קליפורניה 400 גר,טבע דלי,IL,המבורגר+ברוקולי,גרמים,400.00,100 גרם,false,1,24.90,6.23,true,1,
7290015673198,false,המבורגר טקסס עם פטריות טבע דלי 400 גרם,טבע דלי בעמ,IL,המבורגר טקסס,גרמים,400.00,100 גרם,false,1,24.90,6.23,true,1,
7290015673204,false,קבב בולגרי עם פטרוזילה טבע דלי 400 גרם,טבע דלי בעמ,IL,קבב מהצומח,גרמים,400.00,100 גרם,false,1,24.90,6.23,true,1,
7290015673211,false,טחון מהצומח להכנת בולונז קפוא 500 גר,טבע דלי,IL,טחון מהצומח,גרמים,500.00,100 גרם,false,1,24.90,4.98,true,1,
7290015673587,false,קריספי טופו -נגיסי טופו אסייתי טבע דלי 350 גרם,טבע דלי,IL,קריספי טופו,גרמים,350.00,100 גרם,false,1,26.90,7.69,true,1,
7290015673594,false,קריספי טופו. נגיסי טופו ברוטב בוטנים וקארי,טבע דלי,IL,קריספי טופו,גרמים,350.00,100 גרם,false,1,26.90,7.69,true,1,
7290015673662,false,שניצלוני טופו טבע דלי 400 גר,טבע דלי,IL,שניצלוני טופו,גרמים,400.00,100 גרם,false,1,31.90,7.98,true,1,
7290015695800,false,נבטי ברוקולי אורגני יח,הנבטים של אודי,IL,נבטי ברוקולי,יחידה,1.00,יחידה,false,1,10.90,10.90,true,1,
7290015695817,false,נבטי קייל אורגני יח,הנבטים של אודי,IL,נבטי קייל,יחידה,1.00,יחידה,false,1,10.90,10.90,true,1,
7290015695848,false,נבטי אלפלפא אורגני יח,אודי,IL,נבטי אלפלפה,יחידה,1.00,יחידה,false,1,10.90,10.90,true,1,
7290015695855,false,נבטי חמניה אורגני יח,הנבטים של אודי,IL,נבטי חמניה,יחידה,1.00,יחידה,false,1,10.90,10.90,true,1,
7290015695886,false,מיקס נבטים אורגני יח,הנבטים של אודי,IL,מיקס נבטים,יחידה,1.00,יחידה,false,1,10.90,10.90,true,1,
7290015695893,false,מיקס נבטוטים אורגני יח,אודי,IL,נבטי נבטוטים,יחידה,1.00,יחידה,false,1,10.90,10.90,true,1,
7290015695916,false,מיקס נבטים ענק אורגני יח,הנבטים של אודי,IL,מיקס נבטים,יחידה,1.00,יחידה,false,1,17.90,17.90,true,1,
7290015695923,false,נבטים סיניים אורגני יח,מושב אחיטוב,IL,נבטים סיניים,יחידה,1.00,יחידה,false,1,10.90,10.90,true,1,
7290015695947,false,נבטי אפונה ירוקה לסל,הנבטים של אודי,IL,נבטי אפונה,יחידה,1.00,יחידה,false,1,10.90,10.90,true,1,
7290015695992,false,פטריות שמפיניון אורגניות,,IL,פטריות שמפיניון,גרמים,200.00,100 גרם,false,1,17.90,8.95,true,1,
7290015726085,false,לחם שאור שיפון יח אפוי,מאפ גדרון,IL,לחם שאור שיפון,יחידה,1.00,יחידה,false,12,16.90,16.90,true,1,
7290015726108,false,לחם מקמח מלא עם תמרים יח,מאפ גדרון,IL,לחם שאור תמרים,יחידה,1.00,יחידה,false,11,16.90,16.90,true,1,
7290015726115,false,לחם שאור קמח מלא אפוי670,מאפ גדרון,IL,לחם שאור קמח מלא,גרמים,670.00,100 גרם,false,11,16.90,2.52,true,1,
7290015726498,false,עוגת פס מוס מוצרט 600גרם,גידרון,IL,עוגת פס מוס,גרמים,600.00,100 גרם,false,1,47.90,7.98,true,1,
7290015726528,false,עוגת פס טירמיסו 550גרם,גידרון,IL,עוגת פס טירמיסו,גרמים,550.00,100 גרם,false,1,47.90,8.71,true,1,
7290015726764,false,עוגיות כעכים מלוחים 500ג,,IL,עוגיות כעכים,גרמים,500.00,100 גרם,false,1,15.90,3.18,true,1,
7290015733120,false,מטרנה גולד שלב 1 תרכובת מזון על בסיס חלבי,נסטלה,IL,מטרנה גולד,גרמים,700.00,100 גרם,false,1,74.90,10.70,true,1,
7290015733229,false,תרכובת מזון לתינוקות חלבי שלב 2 אקסטרה קר מהדרין,מטרנה,IL,מטרנה אקסטרה,גרמים,700.00,100 גרם,false,1,59.90,8.56,true,1,
7290015733977,false,תרכובת מזון קומפורט על בסיס חלבי דל לקטוז,מטרנה תעשיות ש.מ.,IL,מטרנה קומפורט עם,גרמים,700.00,100 גרם,false,1,69.90,9.99,false,1,
7290015781008,false,"יין VISION מרלו אדום טפרברג 750 מ""ל","יקב טפרברג 1870 בע""מ",IL,יין ויז'ן מרלו,מיליליטרים,750.00,"100 מ""ל",false,1,39.90,5.32,true,1,
7290015781015,false,"יין VISION מלבק טפרברג 750 מ""ל","יקב טפרברג 1870 בע""מ",IL,יין ויז'ין מלבק,מיליליטרים,750.00,"100 מ""ל",false,1,39.90,5.32,true,1,
7290015781046,false,"יין VISION לבן חצי יבש טפרברג 750 מ""ל","יקב טפרברג 1870 בע""מ",IL,יין ויז'ן לבן,מיליליטרים,750.00,"100 מ""ל",false,1,39.90,5.32,true,1,
7290015781091,false,"יין VISION קברנה סוביניון טפרברג 750 מ""ל","יקב טפרברג 1870 בע""מ",IL,קברנה ויז'ן,מיליליטרים,750.00,"100 מ""ל",false,1,39.90,5.32,true,1,
7290015781114,false,"יין IMPRESSION מרלו טפרברג 750 מ""ל","יקב טפרברג 1870 בע""מ",IL,יין מרלו,מיליליטרים,750.00,"100 מ""ל",false,1,49.90,6.65,true,1,
7290015781138,false,"יין שרדונה 750 מ""ל IMPRESSION","יקב טפרברג 1870 בע""מ",IL,יין שרדונה,מיליליטרים,750.00,"100 מ""ל",false,1,49.90,6.65,true,1,
7290015781145,false,ריזלינג בציר מאוחר אימפרשן 500 מ''ל,"יקב טפרברג 1870 בע""מ",IL,יין ריזלינג,מיליליטרים,500.00,"100 מ""ל",false,1,49.90,9.98,true,1,
7290015781169,false,"יין IMPRESSION קברנה סוביניון חצי יבש טפרברג 750 מ""ל","יקב טפרברג 1870 בע""מ",IL,יין חצי יבש,מיליליטרים,750.00,"100 מ""ל",false,1,49.90,6.65,true,1,
7290015781275,false,"יין מוסקטו לבן 750 מ""ל MOSCATO","יקב טפרברג 1870 בע""מ",IL,מוסקטו לבן מתוק,מיליליטרים,750.00,"100 מ""ל",false,1,39.90,5.32,true,1,
7290015781282,false,"יין IMPRESSION גוורצטרמינר טפרברג 750 מ""ל",יקב טפרברג 1870,IL,יין גוורצטרמינר,מיליליטרים,750.00,"100 מ""ל",false,1,49.90,6.65,true,1,
7290015781299,false,"יין VISION שיראז אדום טפרברג 750 מ""ל","יקב טפרברג 1870 בע""מ",IL,יין ויז'ן שיראז,מיליליטרים,750.00,"100 מ""ל",false,1,39.90,5.32,true,1,
7290015781305,false,"יין אימפרשן סירה 750 מ""ל","יקב טפרברג 1870 בע""מ",IL,יין סירה,מיליליטרים,750.00,"100 מ""ל",false,1,49.90,6.65,true,1,
7290015790000,false,גרגירי רימונים בקופס,רון שיווק,IL,גרגירי רימונים,גרמים,250.00,100 גרם,false,0,15.90,6.36,true,1,
7290015790017,false,פלחי פומלה מוכנים לא,רון שיווק,IL,פלחי פומלה,גרמים,250.00,100 גרם,false,1,14.90,5.96,true,1,
7290015856621,false,ביסקויט תירוש בטעם קרמל[לוטוס]175 גרם,אפיפית נצרת תעשיות ב,IL,ביסקוויט תירוש,גרמים,175.00,100 גרם,false,1,5.90,3.37,true,1,
7290015856737,false,סנקסו חטיף אפונה אפוי עם פלפל 50 גרם,אפיפית נצרת (1971) ב,IL,חטיף אפונה,גרמים,50.00,100 גרם,false,1,4.90,9.80,true,1,
7290015856768,false,פירורי עוגיות בטעם קרמל הדר 250 גרם,אפיפית,IL,פירורי עוגיות,גרמים,250.00,100 גרם,false,1,5.90,2.36,true,1,
7290015858106,false,"ממרח פסטו ביתי 180 גרם ""עללחם""","מדשא תעשיות מזון בע""\מ",IL,פסטו ביתי,גרמים,180.00,100 גרם,false,1,16.90,9.39,true,1,
7290015858113,false,"ממרח עגבניות מיובשות 180 גרם ""טריטרי""","מדשא תעשיות מזון בע""\מ",IL,ממרח עגבניות,גרמים,180.00,100 גרם,false,1,16.90,9.39,true,1,
7290015858144,false,ממרח ארטישוק עללחם 180 גרם,"מדשא תעשיות מזון בע""\מ",IL,ממרח ארטישוק,גרמים,180.00,100 גרם,false,1,16.90,9.39,true,1,
7290015858175,false,ממרח פלפלים קלויים עללחם 180 גרם,"מדשא תעשיות מזון בע""\מ",IL,ממרח פלפלים קלוי,גרמים,180.00,100 גרם,false,1,16.90,9.39,true,1,
7290015858229,false,"טפנד זיתי קלמטה 180 גרם ""עללחם""","מדשא תעשיות מזון בע""\מ",IL,טפנד זיתים,גרמים,180.00,100 גרם,false,1,16.90,9.39,true,1,
7290015858328,false,עללחם ממרח איולי פסטו 295 גרם,"מדשא תעשיות מזון בע""\מ",IL,איולי פסטו,גרמים,295.00,100 גרם,false,1,15.90,5.39,true,1,
7290015858441,false,עללחם ממרח איולי פלפלים 295 גרם,"מדשא תעשיות מזון בע""\מ",IL,איולי פלפלים,גרמים,295.00,100 גרם,false,1,15.90,5.39,true,1,
7290015858687,false,עללחם ממרח איולי שום 295 גרם,"מדשא תעשיות מזון בע""\מ",IL,איולי שום,גרמים,295.00,100 גרם,false,1,15.90,5.39,true,1,
7290015858694,false,עללחם ממרח איולי שום לימון 295 גרם,"מדשא תעשיות מזון בע""\מ",IL,איולי שום לימון,גרמים,295.00,100 גרם,false,1,15.90,5.39,true,1,
7290015865708,false,תענוג פרי אוכמניות 400 ג,קריות זול,IL,תענוג פרי אוכמני,גרמים,400.00,100 גרם,false,1,17.90,4.48,true,1,
7290015958011,false,ממרח עגבניות מיובשות וציפוטלה 180 ג,מוטי שף,IL,ממרח עגבניות,גרמים,180.00,100 גרם,false,1,21.30,11.83,true,1,
7290016006292,false,נקטר מנגו בננה מלון קרטונית 1 ל' ספרינג,יפאורה שותפות מובגלת לשיווק,IL,נקטר ספרינג,ליטרים,1.00,ליטר,false,1,6.90,6.90,true,1,
7290016006346,false,שוופס סודה 0.5 ליטר מארז שישייה,יפאורה שותפות מובגלת לשיווק,IL,שוופס סודה,ליטרים,3.00,ליטר,false,1,14.50,4.83,true,1,
7290016035025,false,לחם פשתן 450 גרם (טרי) דל פחמימות,מאפיית ביכורים,IL,לחם פשתן,גרמים,450.00,100 גרם,false,1,26.90,5.98,true,1,
7290016035032,false,לחמניות פשתן מזרעי פשתן טחונים 250 גר,מאפית ביכורים,IL,לחמניות פשטן טרי,גרמים,250.00,100 גרם,false,1,24.90,9.96,true,1,
7290016077759,false,רוטב ברביקיו קלאסי היינץ 480 גרם,היינץ Heinz,NL,רוטב ברביקיו,גרמים,480.00,100 גרם,false,1,17.90,3.73,true,1,
7290016080551,false,היינץ מתבל עגבניות אורגני 580 גרם,ה.י. היינץ,NL,מתבל עגבניות,גרמים,580.00,100 גרם,false,1,15.90,2.74,true,1,
7290016087116,false,רוטב עגב.לפסטה מרוקאי240,פריניר,IL,רוטב עגבניות,גרמים,240.00,100 גרם,false,1,5.90,2.46,true,1,
7290016087499,false,עגבניות חתוכות מארז 400X3ג' אריזות ירושלים,פריניר ) הדס (1987 בעמ,IL,עגבניות חתוכ3.יח,קילוגרמים,1.20,"ק""ג",false,1,11.90,9.92,true,1,
7290016096491,false,נתחי טונה בהירה בשמן צמחי שלישיה *80ג' פילטונה,תעשיות פילטונה,IL,3טונה בשמן צמחי,גרמים,240.00,100 גרם,false,1,12.90,5.38,true,1,
7290016096910,false,נתח.טונה ילופין ש.זית108,תעשיות פילטונה,IL,טונה בשמן זית,גרמים,108.00,100 גרם,false,1,9.90,9.17,true,1,
7290016096934,false,מארז זוגות סלט טונה 2*160 ג' פילטונה,תעשיות פילטונה,IL,סלט טונה 2 יח,גרמים,320.00,100 גרם,false,1,11.90,3.72,true,1,
7290016114300,false,נייר טואלט דו שכבתי אורך כפול לבן לילי 16 גלילים,לילי נייר טואלט חוגלה,IL,נייר טואלט לילי,מטרים,588.00,100 מטר,false,1,32.90,5.60,true,1,
7290016146004,false,קמח שקד מולבן 300 גרם,שקד תבור,IL,קמח שקד קלוף,גרמים,300.00,100 גרם,false,1,27.90,9.30,true,1,
7290016146110,false,סירופ חרובים לחיץ 500 גרם,"אלמונדס בע""מ",IL,סירופ חרובים,גרמים,500.00,100 גרם,false,1,27.90,5.58,true,1,
7290016146455,false,שוקולד מריר תבור 100% 100 גרם BIO,שקד תבור,IL,שוקולד תבור% 100,גרמים,100.00,100 גרם,false,1,17.90,17.90,true,1,
7290016197488,false,מטליות מיקרופייבר למשטחים ניקול 3יח',חוגלה קימברלי,CN,מטלית למשטחים,יחידה,1.00,יחידה,false,1,11.90,11.90,true,1,
7290016197495,false,ניקול זוג מטליות הקסם מיקרופייבר לרצפה,חוגלה קימברלי,CN,מטלית לרצפה 2יח,יחידה,1.00,יחידה,false,1,16.90,16.90,true,1,
7290016197624,false,תחבושות לנשים סופר דיפנד 8 יחידות,קימברלי קלארק,VN,תחבושות דיפנד,יחידה,1.00,יחידה,false,1,19.90,19.90,true,1,
7290016217711,false,איקרה לבנה 200 גרם,סלטי שמיר,IL,איקרה לבנה,גרמים,200.00,100 גרם,false,1,16.90,8.45,true,1,
7290016217728,false,איקרה אדומה 200 גרם,סלטי שמיר,IL,איקרה אדומה,גרמים,200.00,100 גרם,false,1,16.90,8.45,true,1,
7290016233995,false,שימורי אנשובי עם שמן זית 45 ג' תומר,אינוורסינס פריסקו,PE,אנשובי בשמן זית,גרמים,45.00,100 גרם,false,1,6.90,15.33,true,1,
7290016234008,false,פילה אנשובי שמן זית תומר צנצנת 100 גרם,אינוורסינס פריסקו,PE,אנשובי בשמן זית,גרמים,100.00,100 גרם,false,1,10.90,10.90,true,1,
7290016245318,false,לחם פשתן פרוס מזרעי פשתן טחונים 450 גר,ביכורים,IL,לחם פשתן פרוס,גרמים,450.00,100 גרם,false,1,24.90,5.53,true,1,
7290016245325,false,לחם טחינה פרוס 450 גרם,ביכורים,IL,לחם טחינה פרוס,גרמים,450.00,100 גרם,false,1,28.50,6.33,true,1,
7290016245615,false,לחם שיפון 100% עם אג,מאפיית טעמי הכפר 201,IL,לחם שיפון,גרמים,900.00,100 גרם,false,1,20.90,2.32,true,1,
7290016245653,false,לחם שיפון קל חצי משפחתי 550 גרם,"ביכורים מזון ומאפה בע""\מ",IL,לחם שיפון מלא,גרמים,550.00,100 גרם,false,1,18.90,3.44,true,1,
7290016245769,false,לחם כוסמין מחמצת בתו,ביכורים,IL,לחם כוסמין,גרמים,600.00,100 גרם,false,1,18.90,3.15,true,1,
7290016245806,false,לחמניות המבוגר כוסמין4יח,"ביכורים מזון ומאפה בע""\מ",IL,לחמניות המבוגר,גרמים,350.00,100 גרם,false,1,16.90,4.83,true,1,
7290016246018,false,בארכה מיקס פינוקיות חלבה 10*20 גרם.,"רושדי תעשיות מזון בע""\מ",IL,חלבה בארכה מיקס,גרמים,200.00,100 גרם,false,1,13.50,6.75,true,1,
7290016246445,false,בארכה טחינה גולמית מעודנת שומשום מלא 310 גם,"רושדי תעשיות מזון בע""\מ",IL,טחינה מעודנת,גרמים,310.00,100 גרם,false,1,12.90,4.16,true,1,
7290016246711,false,טחינה גולמית מעודנת הריסה בארכה 310 גרם,"רושדי תעשיות מזון בע""\מ",IL,טחינה מעודנת,גרמים,310.00,100 גרם,false,1,12.90,4.16,true,1,
7290016273090,false,סוכריה על מקל בטעם תות בננה 31 גרם,אוריגינל גורמה,US,סוכריה על מקל,גרמים,31.00,100 גרם,false,1,5.00,16.13,true,1,
7290016276534,false,"שמן קוקוס לא מזוכך 500 מ""ל",דין שיווק,LK,שמן קוקוס,מיליליטרים,500.00,"100 מ""ל",false,1,34.90,6.98,true,1,
7290016276763,false,מעדן שזיף 100% רכיבי פרי ללא סוכר שקדיה 284 ג',סיטי פודסטף,CN,מעדן שזיף,גרמים,284.00,100 גרם,false,1,10.90,3.84,true,1,
7290016276800,false,מעדן תפוח עץ 100% רכיבי פרי ללא סוכר שקדיה 284 ג',סיטי פודסטף,CN,מעדן תפוח עץ,גרמים,284.00,100 גרם,false,1,10.90,3.84,true,1,
7290016314762,false,פרובנציאל מטיאס 200 גרם,סלטי שמיר,IL,פרובנציאל מטיאס,גרמים,200.00,100 גרם,false,1,21.90,10.95,true,1,
7290016314779,false,פילה מטיאס הולנדי 200גרם,סלטי שמיר,IL,פילה מטיאס,גרמים,200.00,100 גרם,false,1,21.90,10.95,true,1,
7290016314786,false,הרינג כבוש במרינדה 220גר,סלטי שמיר,IL,הרינג כבוש,גרמים,220.00,100 גרם,false,1,21.90,9.95,true,1,
7290016314793,false,מקרל מעושן פרוס בשמן190ג,סלטי שמיר,IL,מקרל מעושן,גרמים,190.00,100 גרם,false,1,21.90,11.53,true,1,
7290016314816,false,סלט הרינג עם מיונז 200 ג,,IL,סלט הרינג,גרמים,200.00,100 גרם,false,1,21.90,10.95,true,1,
7290016314823,false,סלט מטיאס עם מיונז 200 ג,סלטי שמיר,IL,סלט מטיאס,גרמים,200.00,100 גרם,false,1,21.90,10.95,true,1,
7290016314847,false,סלמון מובחר 100גרם,סלטי שמיר,IL,סלמון מובחר,גרמים,100.00,100 גרם,false,1,19.90,19.90,true,1,
7290016314946,false,פילה מקרל מעושן 120 גרם,סלטי שמיר,IL,פילה מקרל מעושן,גרמים,120.00,100 גרם,false,1,19.90,16.58,true,1,
7290016319187,false,טוסו עוגיות סנדוויץ שוקו במילוי קרם שוקולד *זוג* 300 גרם,בטר אנד דיפרנט,IL,עוגיות סנדוויץ,גרמים,300.00,100 גרם,false,1,17.90,5.97,true,1,
7290016321661,false,פרש וואנס SENSITIVE מגבונים ללא בישום רביעייה 72 יחידות,עלבד משואות יצחק,IL,פרש וואנס 4יח,יחידה,1.00,יחידה,false,1,17.90,17.90,true,1,
7290016321678,false,מגבונים לחים בניחוח מרענן עם תמציות קמומיל ואלוורה,עלבד משואות יצחק,IL,פרש וואנס 4 יח,יחידה,1.00,יחידה,false,1,17.90,17.90,true,1,
7290016321777,false,מגע הדבש רצועות שעווה לפנים אלוורה 20 יח,שוורצקוף& הנקל דיסלד,ES,רצועות שעווה לפנ,יחידה,1.00,יחידה,false,1,24.90,24.90,true,1,
7290016329278,false,קמיל בלו מגבונים מילוי 64 יח רביעייה,פישר מעבדות פרמצבטיות בע,IL,מגבונים קמיל בלו,יחידה,1.00,יחידה,false,1,19.90,19.90,true,1,
7290016370089,false,מלפפונים פיקנטים 13-17 יבנה 560 גר',קבוצת יבנה,IL,מלפפון במלח,גרמים,560.00,100 גרם,false,1,10.90,1.95,true,1,
7290016370317,false,זית קלמטה ללא גלעין 560 גרם צנצנת יבנה,קוזט אס.אי. פיין פודס,GR,זית קלמטה מגולען,גרמים,560.00,100 גרם,false,1,14.90,2.66,true,1,
7290016370904,false,זית חרוזית ירוק ‏400‏ ג' יבנה,קבוצת יבנה,IL,זיתים חרוזית,גרמים,430.00,100 גרם,false,1,6.90,1.60,true,1,
7290016370911,false,טבעות ירוק A2 יבנה ‏400‏ ג',קבוצת יבנה,IL,טבעות זיתים,גרמים,430.00,100 גרם,false,1,6.90,1.60,true,1,
7290016370959,false,חציל קלוי (פירה) בצנצנת קבוצת יבנה 530 גרם,תאי פרזידנט פוד פאבל,GR,חציל קלוי על האש,גרמים,530.00,100 גרם,false,1,9.90,1.87,true,1,
7290016372342,false,עגבניות חתוך קוביות גראנד איטליה מארז 400X3ג',גרנד איטליה Grand Italia,IT,עגבניות חתוכ3.יח,קילוגרמים,1.20,"ק""ג",false,1,17.60,14.67,true,1,
7290016372373,false,רסק עגבניות ללא תוספת סוכר ומלח - מארז זוג,גרנד איטליה Grand Italia,IT,רסק עגבניות 2 יח,גרמים,280.00,100 גרם,false,1,7.90,2.82,true,1,
7290016372397,false,"תה ויסוצקי ירוק תפוז,ג'ינגר וכורכום 25 יח'",ויסוצקי ירוק,IL,תה ירוק תפוז,גרמים,37.00,100 גרם,false,1,24.90,67.30,true,1,
7290016372458,false,חליטת לימונית ולואיזה הגן הקסום ויסוצקי 50 יחידות,תה ויסוצקי,IL,חליטת לימונית,גרמים,75.00,100 גרם,false,1,31.90,42.54,true,1,
7290016372489,false,ויסוצקי חליטת ג'ינג'ר ולימון סודות הצמחים 25 שקיקים,תה ויסוצקי,IL,חליטת ג'ינג'ר,גרמים,37.00,100 גרם,false,1,18.90,51.08,true,1,
7290016372496,false,חליטת פירות וצמחים בטעם ג'ינג'ר ודבש -אפקט הג'ינג'ר,תה ויסוצקי,IL,חליטת ג'ינג'ר,גרמים,30.00,100 גרם,false,1,18.90,63.00,true,1,
7290016437416,false,דיפנד - גזרה גבוה תחתון מדיום נשים 18 יח',KC Vietnam,CZ,תחתון דיפנד,יחידה,1.00,יחידה,false,1,78.90,78.90,true,1,
7290016437423,false,דיפנד תחתון סופג L נשים 16 יח גזרה גבוהה,KC Vietnam,CZ,תחתון דיפנד,יחידה,1.00,יחידה,false,1,78.90,78.90,true,1,
7290016437621,false,חיתולי האגיס פרידום דריי pants מידה 4 36 יחידות,קימברלי קלארק צ'כיה,CZ,חיתולי האגיס,יחידה,1.00,יחידה,false,1,44.90,44.90,true,1,
7290016437645,false,חיתולי האגיס פרידום דריי pants מידה 5 34 יחידות,קימברלי קלארק צ'כיה,CZ,חיתולי האגיס,יחידה,1.00,יחידה,false,1,44.90,44.90,true,1,
7290016437706,false,שקיות אשפה לפחים גדולים בניחוח מרכך כביסה 40 יחי',חוגלה קימברלי,IL,שקיות אשפה L,יחידה,1.00,יחידה,false,1,25.90,25.90,true,1,
7290016437713,false,תחבושות סופר 22*2 יחידות,חוגלה קימברלי,CZ,תחבושות קוטקס,יחידה,1.00,יחידה,false,1,34.90,34.90,true,1,
7290016437737,false,תחבושות נייט 20*2 יחידות,חוגלה קימברלי,CZ,תחבושות קוטקס,יחידה,1.00,יחידה,false,1,34.90,34.90,true,1,
7290016496208,false,פתיל צף עגול בינוני מוכן,שלהבת,IN,פתיל פקק צף עגול,יחידה,1.00,יחידה,false,1,4.90,4.90,true,1,
7290016497243,false,בייגל בסגנון רומני ק,גידרון,IL,ביגלה רומני,גרמים,150.00,100 גרם,false,1,5.50,3.67,true,1,
7290016497519,false,בייגל טוסט לבן,גידרון,IL,בייגלה טוסט לבן,גרמים,150.00,100 גרם,false,1,4.50,3.00,true,1,
7290016497526,false,בגט אותנטי לבן אפוי 280ג,מאפ גדרון,IL,בגט אותנטי לבן,גרמים,280.00,100 גרם,false,1,8.50,3.04,true,1,
7290016505009,false,שוקולד פנדה קרם בוטנים טבעוני 100 גרם,"מדשא תעשיות מזון בע""",IL,ממתק פנדה,גרמים,100.00,100 גרם,false,1,18.70,18.70,true,1,
7290016505023,false,שוקולד פנדה קרם נוגט טבעוני 100 גרם,"מדשא תעשיות מזון בע""",IL,ממתק פנדה,גרמים,100.00,100 גרם,false,1,18.70,18.70,true,1,
7290016505047,false,שוקולד קרמל ומלח גס 100 גרם - פנדה,"מדשא תעשיות מזון בע""",IL,ממתק פנדה,גרמים,100.00,100 גרם,false,1,18.70,18.70,true,1,
7290016505061,false,שוקולד פנדה לבן עוגיות טבעוני 100 גרם,,IL,שוקולד עוגיות,גרמים,100.00,100 גרם,false,1,18.70,18.70,true,1,
7290016505108,false,פנדה מריר במילוי קפה 100 גרם,,IL,ממתק פנדה מריר,גרמים,100.00,100 גרם,false,1,18.70,18.70,true,1,
7290016509342,false,סוד מארז טריו כדוריות לאסלה כחול אקטיבי אקונומיקה,הנקל סוד,HU,סבון אסלה 3 יח,גרמים,150.00,100 גרם,false,1,16.90,11.27,true,1,
7290016509786,false,פרסיל גל לכביסה לבנה וצבעונית-ירוק 2.5 ל,"הנקל סוד בע""\מ",IL,ג'ל כביסה פרסיל,ליטרים,2.50,ליטר,false,1,34.90,13.96,true,1,
7290016509809,false,ג'ל מרוכז לכביסה קולור 2.5 ל' פרסיל,"הנקל סוד בע""\מ",IL,ג'ל כביסה פרסיל,ליטרים,2.50,ליטר,false,1,34.90,13.96,true,1,
7290016509816,false,ג'ל לכביסה צבעונית אריזת XL,"הנקל סוד בע""\מ",IL,ג'ל פרסיל קולור,ליטרים,4.00,ליטר,false,1,44.90,11.23,true,1,
7290016509830,false,ג'ל כביסה לבגדי תינוקות ובעלי עור רגיש Sensitive,"הנקל סוד בע""\מ",IL,ג'ל כביסה בייבי,ליטרים,2.50,ליטר,false,1,34.90,13.96,true,1,
7290016510287,false,"תחליב רחצה הוואי דבש אירוס זהוב 700 מ""ל",תאי פרזידנט פוד פאבל,IL,תחליב רחצה הוואי,מיליליטרים,700.00,"100 מ""ל",false,1,9.90,1.41,true,1,
7290016510898,false,"שמפו+מרכך הוואי פריחת הדובדבן 700 מ""ל",שוורצקוף& הנקל דיסלד,IL,שמפו הוואי,מיליליטרים,700.00,"100 מ""ל",false,1,9.90,1.41,true,1,
7290016594003,false,ממרח מסיבת אגוזים 300 גרם,,IL,מסיבת אגוזים,גרמים,300.00,100 גרם,false,1,31.50,10.50,true,1,
7290016594065,false,שליז צופלה-ממרח אגוזי נמר קשיו קקאו 300ג,תבליני דניאל,IL,ממרח אגוזי נמר,גרמים,300.00,100 גרם,false,1,31.50,10.50,true,1,
7290016594201,false,ממרח אגוזי נמר וקשיו קרמלו 300 גרם,,,ממרח קוקוס אגוזי,יחידה,1.00,יחידה,false,0,31.50,31.50,true,1,
7290016682243,false,פריניב מיץ אשכולית אדומה סחוט 1 ליטר,פריניב,IL,מיץ אשכולית אדומ,ליטרים,1.00,ליטר,false,1,15.10,15.10,true,1,
7290016682267,false,מארז מהודר משקה קל 1*3ל',פרי ניב,IL,משקה קל1*3ליטר,ליטרים,3.00,ליטר,false,1,39.90,13.30,true,1,
7290016682335,false,מיץ תפוזים סחוט פריניב 2 ליטר,פרי ניב,IL,מיץ תפוזים סחוט,ליטרים,2.00,ליטר,false,0,24.90,12.45,true,1,
7290016682342,false,מיץ תפוזים וולנסיה פרי ניב 2 ליטר-,פרי ניב,IL,מיץ תפוזים סחוט,ליטרים,2.00,ליטר,false,0,24.90,12.45,true,1,
7290016717051,false,משקה Buzz מוגז בטעם רימון מבוסס יין אדום מתוק,יקבי כרמל Carmel Winery,IL,רימון באזז,מיליליטרים,750.00,"100 מ""ל",false,1,27.90,3.72,true,1,
7290016717976,false,"יין סלקטד באז אפרסק כרמל 750 מ""ל",כרמל מזרחי,IL,ספארקלינג אפרסק,מיליליטרים,750.00,"100 מ""ל",false,1,27.90,3.72,true,1,
7290016823059,false,טימין קורנית ארוז יח,"מרינה פטריות הגליל בע""מ",IL,טימין יחידה,יחידה,1.00,יחידה,false,1,6.90,6.90,true,1,
7290016866643,false,פרודונטקס מ.שיניים אקסטרה פרש 75 מל,פרודונטקס Parodontax,SK,משחה פרודונטקס,מיליליטרים,75.00,"100 מ""ל",false,1,30.90,41.20,true,1,
7290016866650,false,"פרודונטקס - משחת שיניים אוריג'ינל 75 מ""ל",פרודונטקס Parodontax,SK,משחה פרודונטקס,מיליליטרים,75.00,"100 מ""ל",false,1,30.90,41.20,true,1,
7290016866667,false,"פרודונטקס - משחת שיניים ללא פלאוריד 75 מ""ל",פרודונטקס Parodontax,SK,משחה פרודונטקס,מיליליטרים,75.00,"100 מ""ל",false,1,30.90,41.20,true,1,
7290016866674,false,"פרודונטקס - משחת שיניים מלבינה 75 מ""ל",פרודונטקס Parodontax,SK,משחה פרודונטקס,מיליליטרים,75.00,"100 מ""ל",false,1,30.90,41.20,true,1,
7290016866711,false,סטייל מרכך קרטין E 750 מל לשיקום שיער יב,סטייל Style,IL,מרכך קרטין,מיליליטרים,750.00,"100 מ""ל",false,1,24.90,3.32,true,1,
7290016866735,false,סטייל קרם לחות קרטין E 400 מל לשיקום שיע,א.ל. ארמן,IL,קרם לחות קרטין,מיליליטרים,400.00,"100 מ""ל",false,1,39.90,9.98,true,1,
7290016867008,false,"לחם כוסמין מחמצת ד""ר מרק",המאפה של דר' מארק,IL,לחם מחמצת,גרמים,750.00,100 גרם,false,1,18.90,2.52,true,1,
7290016867039,false,"מארז פיתות קלות כוסמין בתוספת מחמצת 6 יחידות ד""ר מרק",המאפה של דר מרק בריא,IL,פיתות כוסמין 6יח,גרמים,324.00,100 גרם,false,1,15.90,4.91,true,1,
7290016867046,false,"מארז פיתות קלות כוסמין במתיקות מעודנת 6 יחידות ד""ר מרק",המאפה של דר מרק בריא,IL,פיתות קלות 6 יח,גרמים,303.00,100 גרם,false,1,15.90,5.25,true,1,
7290016867053,false,לחם קל כוסמין בתוספת מחמצת 450 גרם,המאפה של דר מרק בריא,IL,לחם קל כוסמין,גרמים,450.00,100 גרם,false,1,19.90,4.42,true,1,
7290016867114,false,לחם כוסמין קל מלא 500 גר',המאפה של דר מרק בריא,IL,לחם קל מכוסמין,גרמים,500.00,100 גרם,false,1,19.50,3.90,true,1,
7290016867152,false,"מארז פיתות קלות כוסמין 5 יחידות ד""ר מרק",המאפה של דר מרק בריא,IL,פיתות קלות,גרמים,330.00,100 גרם,false,1,14.50,4.39,true,1,
7290016867176,false,"מארז לחמניות קלות כוסמין שומשום במתיקות מעודמת 5 יחידות ד""ר מרק",המאפה של דר מרק,IL,לחמניות קלות,גרמים,351.00,100 גרם,false,1,13.90,3.96,true,1,
7290016867237,false,"לחם קל כוסמין במתיקות מעודנת ד""ר מרק",המאפה של דר מרק בריא,IL,לחם קל כוסמין,גרמים,400.00,100 גרם,false,1,20.30,5.08,true,1,
7290016867244,false,שישיה לחמניות כוסמין בתוספת מחמצת 99 קלוריות,המאפה של דר מרק בריא,IL,לחמניות מחמצת6יח,גרמים,400.00,100 גרם,false,1,14.50,3.63,true,1,
7290016882414,false,קונפיטורה שזיפים 70% פרי 450 גרם שקדיה,דין שיווק,TR,קונפיטורה שזיף,גרמים,450.00,100 גרם,false,1,13.80,3.07,true,1,
7290016967074,false,לחם חיטה מלאה עם גרעינים ודגנים,מאפיית שלמה א. אנג'\ל בע,IL,אנג'ל חיטה מלאה,גרמים,750.00,100 גרם,false,1,16.90,2.25,true,1,
7290016967456,false,לחם צרפתי מחמצת 100% כוסמין 600 ג' אנג'ל,"מאפיית אנג'\ל בעמ, מקבוצ",IL,לחם מחמצת,גרמים,600.00,100 גרם,false,1,17.90,2.98,true,1,
7290016980004,false,בטטה סגולה מארז,קטיף.,IL,בטטה סגולה,קילוגרמים,0.00,"ק""ג",true,1,9.90,9.90,true,1,
7290016995251,false,מלח הימליה דק במלחייה250,תבואות,PK,מלחייה הימליה דק,גרמים,250.00,100 גרם,false,1,11.90,4.76,true,1,
7290016995329,false,מלח הימליה גס במלחייה250,תבואות,PK,מלחייה הימליה גס,גרמים,250.00,100 גרם,false,1,11.90,4.76,true,1,
7290017023212,false,"שוויפס מוגז פירות תפוח מארז רביעייה* 330 מ""ל",יפאורה תבורי בעמ,IL,שוופס מוגז4פחיות,ליטרים,1.32,ליטר,false,1,13.50,10.23,true,1,
7290017023229,false,רביעיית פחיות שוופס מוגז פירות תות ליים 330 מל.,יפאורה תבורי בעמ,IL,שוופס מוגז4פחיות,ליטרים,1.32,ליטר,false,1,13.50,10.23,true,1,
7290017023236,false,רביעיית פחיות שוופס מוגז פירות ענבים 330 מל.,יפאורה תבורי בעמ,IL,שוופס מוגז4פחיות,ליטרים,1.32,ליטר,false,1,13.50,10.23,true,1,
7290017023816,false,"ספרינג  פירות טרופיים 250 מ""ל רביעייה","יפאורה תבורי בע""\מ",IL,ספרינג משקה 4 יח,ליטרים,1.00,ליטר,false,1,11.50,11.50,true,1,
7290017023854,false,מי סודה בקבוקים אישיים - מארז 4 יח',יפאורה תבורי בעמ,IL,שוופס סודה 4 יח,ליטרים,1.00,ליטר,false,1,11.90,11.90,true,1,
7290017023861,false,סודה בטעם לימון בקבוקים אישיים - מארז 4 יח',יפאורה תבורי בעמ,IL,שוופס סודה 4 יח,ליטרים,1.00,ליטר,false,1,11.90,11.90,true,1,
7290017023878,false,סודה בטעם נענע ליים בקבוקים אישיים - מארז 4 יח',יפאורה תבורי בעמ,IL,שוופס סודה 4 יח,ליטרים,1.00,ליטר,false,1,11.90,11.90,true,1,
7290017031859,false,"פרודונטקס - משחת שיניים אולטרא קלין 75 מ""ל","מאסטרפוד אוסטריה בע""מ",GB,משחת פרודונטקס,מיליליטרים,75.00,"100 מ""ל",false,1,30.90,41.20,true,1,
7290017046044,false,עוגיות מרוקאיות עגולות,,IL,עוגיות מרוקאיות,גרמים,500.00,100 גרם,false,1,15.90,3.18,true,1,
7290017046068,false,עוגיות שיבולת שועל 500 ג,,IL,עוגיות ש.שועל,גרמים,500.00,100 גרם,false,1,17.90,3.58,true,1,
7290017046075,false,"עוגיות ש.שועל ללת""ס 500ג",גידרון,IL,עוגיות ש.שועל,גרמים,500.00,100 גרם,false,1,17.90,3.58,true,1,
7290017046082,false,עוגיות פרפריות שוקו 500,,IL,עוגיות פרפריות,גרמים,500.00,100 גרם,false,1,15.90,3.18,true,1,
7290017046099,false,עוגיות פרפריות 500 גרם,,IL,עוגיות פרפריות,גרמים,500.00,100 גרם,false,1,15.90,3.18,true,1,
7290017046105,false,עוגיות עניבה קינמון,,IL,עגיות קינמון,גרמים,500.00,100 גרם,false,1,15.90,3.18,true,1,
7290017058146,false,רסק תפוח עץ עם אפרסק 452 גר,אינדיאן סאמר קו אופ אינק,US,"רסק תפו""ע",גרמים,452.00,100 גרם,false,1,10.90,2.41,true,1,
7290017065007,false,פרוסות גבינה מוצרלה חצי קשה 22% שומן 200 ג' גד,מחלבות גד בעמ,IL,מוצרלה פרוסות,גרמים,150.00,100 גרם,false,1,18.50,12.33,true,1,
7290017065137,false,ריקוטה למריחה 5% טבעית 200 גרם - רובין,האי נאם סי או אל.טי.,IL,ריקוטה למריחה,גרמים,200.00,100 גרם,false,1,10.10,5.05,true,1,
7290017065144,false,ריקוטה למריחה בתוספת בזיליקום 5% גד 200 גם,האי נאם סי או אל.טי.,IL,ריקוטה למריחה,גרמים,200.00,100 גרם,false,1,10.10,5.05,true,1,
7290017065212,false,גבינת קרם מסקרפונה מחלבות גד 250 גר,מיוצר עי קוד יצרן ED,IL,קרם מסקרפונה,גרמים,250.00,100 גרם,false,1,17.60,7.04,true,1,
7290017065236,false,גבינה בולגרית מעודנת 24% גד 250 גרם,הנסיך- מפעל לייצור ט,IL,בולגרית מעודנת,גרמים,250.00,100 גרם,false,1,22.60,9.04,true,1,
7290017065526,false,קוואטרו פורמאג'י 4 גבינות מגוררות 26%,"מחלבות גד בע""\מ",IL,קוואטרו פורמאגי,גרמים,300.00,100 גרם,false,1,29.90,9.97,true,1,
7290017065588,false,יוגורט יווני 10% שומן 600 ג' גד,"מיוצר ע""\י קוד יצרן MKN",IL,יוגורט יווני,גרמים,600.00,100 גרם,false,1,15.90,2.65,true,1,
7290017065618,false,גבינת פקורינו פרוס גד 150 גרם,הנסיך- מפעל לייצור ט,ES,פקורינו פרוס,גרמים,150.00,100 גרם,false,1,21.60,14.40,true,1,
7290017065663,false,גבינת פטה עיזים מעודנת 16% גד 200 גרם,ג'נרל מילס סאן אדריא,IL,פטה עיזים מעודנת,גרמים,250.00,100 גרם,false,1,30.90,12.36,true,1,
7290017065731,false,גבינת שמנת 30% ניו יורק +כמהין 200 גרם רבנות,פ.פ.ח. שאביט,IL,גבינת שמנת,גרמים,200.00,100 גרם,false,1,12.90,6.45,true,1,
7290017065786,false,"גבינת צ`דר מחלבות גד , 210 גרם","מחלבות גד בע""\מ",GB,גבינת צ'דר,גרמים,200.00,100 גרם,false,1,19.90,9.95,true,1,
7290017088068,false,בייביסיטר - חיתולי סטנדרט מידה 4 - 42 יח',די.פי.אל תעשיות מוצרים ח,IL,חיתולי בייביסיטר,יחידה,1.00,יחידה,false,1,34.00,34.00,true,1,
7290017088082,false,בייביסיטר - חיתולי סטנדרט מידה 5 - 36 יח',די.פי.אל תעשיות מוצרים ח,IL,חיתולי בייביסיטר,יחידה,1.00,יחידה,false,1,34.00,34.00,true,1,
7290017088099,false,בייביסיטר - חיתולי סטנדרט מידה 6 - 30 יח',די.פי.אל תעשיות מוצרים ח,IL,חיתולי בייביסיטר,יחידה,1.00,יחידה,false,1,30.90,30.90,true,1,
7290017088327,false,רבעיית מגבונים בייביסיטר אקסטרא סופט ללא בישום 64 יחידות,די.פי.אל בעמ,IL,מגבוני בייביסיטר,יחידה,1.00,יחידה,false,1,16.90,16.90,true,1,
7290017088815,false,בריז תחבושות לבריחת שתן נורמל 12 יח,ניאופארם,IT,בריז תחבושות שתן,יחידה,1.00,יחידה,false,1,18.90,18.90,true,1,
7290017088822,false,BREEZE תחבושות לבריחת שתן אקסטרה (10 יח'),ניאופארם,IT,בריז תחבושות שתן,יחידה,1.00,יחידה,false,1,18.90,18.90,true,1,
7290017088846,false,BREEZE תחבושות לבריחת שתן מקסי (8 יח'),ניאופארם,IT,בריז תחבושות שתן,יחידה,1.00,יחידה,false,1,18.90,18.90,true,1,
7290017088853,false,BREEZE תחתונים לבריחת שתן מידה M יח' 14,ניאופארם,IT,בריז תחתונים,יחידה,1.00,יחידה,false,1,74.90,74.90,true,1,
7290017088860,false,BREEZE תחתונים לבריחת שתן מידה L יח' 14,ניאופארם,IT,בריז תחתונים,יחידה,1.00,יחידה,false,1,74.90,74.90,true,1,
7290017088877,false,BREEZE תחתונים לבריחת שתן מידה XL יח' 14,ניאופארם,IT,בריז תחתונים,יחידה,1.00,יחידה,false,1,74.90,74.90,true,1,
7290017088983,false,חיתולי בייביסיטר ניו בורן מידה 2 38 יחי',די.פי.אל תעשיות מוצרים ח,IL,חיתול דק מידה 2,יחידה,1.00,יחידה,false,1,26.90,26.90,true,1,
7290017105086,false,שימורי יכין שעועית צילי 200 גר,"זנלכל בע""\מ",IL,שעועית צ'ילי,גרמים,200.00,100 גרם,false,1,3.90,1.95,true,1,
7290017105468,false,מארז שלישייה אפונה קטנה יכין 3*200 גר,קשקמט קונסרב הונגריה,IL,אפונה קטנה 3 יח,גרמים,600.00,100 גרם,false,1,14.90,2.48,true,1,
7290017105550,false,רביעיית רסק עגבניות 100% יכין 4X100 גרם,היינץ צפון אמריקה מק,IL,רסק עגבניות 4 יח,גרמים,400.00,100 גרם,false,1,11.90,2.98,true,1,
7290017105895,false,גרגרי חומוס להכנת חומוס משובח יכין 560 ג,זנלכל,IL,גרגרי חומוס,גרמים,560.00,100 גרם,false,1,8.90,1.59,true,1,
7290017106069,false,"קוביות סלק יכין, 550 גרם",היינץ צפון אמריקה מק,IL,קוביות סלק,גרמים,550.00,100 גרם,false,1,9.90,1.80,true,1,
7290017121086,false,"אריסה ביתית מתוקה עללחם, 250 גרם","מדשא תעשיות מזון בע""\מ",IL,אריסה מתוקה,גרמים,250.00,100 גרם,false,1,14.90,5.96,true,1,
7290017121093,false,"אריסה חריפה 250 גרם ""עללחם""","מדשא תעשיות מזון בע""\מ",IL,אריסה חריפה,גרמים,250.00,100 גרם,false,1,14.90,5.96,true,1,
7290017129495,false,אגו מיקס כדורי תירס מצופים שוקולד חלב כרמית 55 גרם,כרמית תעשיות ממתקים בעמ,IL,אגו מיקס כ.תירס,גרמים,55.00,100 גרם,false,1,4.90,8.91,true,1,
7290017129501,false,אגו מיקס כדורי תירס מצופים שוקולד לבן כרמית 55 גרם,כרמית,IL,אגו מיקס 55 גרם,גרמים,55.00,100 גרם,false,1,4.90,8.91,true,1,
7290017129518,false,אגו מיקס כדורי תירס מצופים שוקולד חלב ולבן כרמית 55 גרם,כרמית,IL,אגו מיקסים,גרמים,55.00,100 גרם,false,1,4.90,8.91,true,1,
7290017142005,false,"שמן קוקוס אורגני עץ הזית צנצנת 320מ""ל",אקספולנקה,LK,שמן קוקוס אורגני,מיליליטרים,320.00,"100 מ""ל",false,1,25.90,8.09,true,1,
7290017142012,false,שמן קוקוס אורגני כתית 500 גר עץ הזית,אקספולנקה,LK,שמן קוקוס אורגני,מיליליטרים,500.00,"100 מ""ל",false,1,39.90,7.98,true,1,
7290017142128,false,"שמן זית כתית מעולה קלאסי עץ הזית 750 מ""ל",שמן תעשיות בעמ,IT,שמן זית כתית,מיליליטרים,750.00,"100 מ""ל",false,1,33.90,4.52,true,1,
7290017142180,false,פילה טונה בשמן זית בטעם לימון עם פלפל שחור 120 ג',"יוניקורד ח.צ בע""מ",TH,פילה טונה פרוס,גרמים,120.00,100 גרם,false,1,14.90,12.42,true,1,
7290017142289,false,"תרסיס שמן חמניות לל""ת גז עץ הזית 200מ""ל",י.ב טכנולוגיות אריזה בעמ,IT,תרסיס שמן חמניות,מיליליטרים,200.00,"100 מ""ל",false,1,15.90,7.95,true,1,
7290017142364,false,"שמן דלעת לא מזוכך 250 מ""ל עץ-הזית",גאה די.או.או,SI,שמן זרעי דלעת,מיליליטרים,250.00,"100 מ""ל",false,1,39.90,15.96,true,1,
7290017142395,false,"LUNCH TO GO פסטה עם טונה בשמן זית 160 גרם ""עץ הזית""",יוניקורד ח.צ בעמ,TH,פסטה עם טונה,גרמים,160.00,100 גרם,false,1,13.90,8.69,true,1,
7290017142487,false,"LUNCH TO GO בורגול עם חומוס טונה בשמן זית 160 גרם ""עץ הזית""",יוניקורד ח.צ בעמ,TH,בורגול עם טונה,גרמים,160.00,100 גרם,false,1,13.90,8.69,true,1,
7290017217314,false,נרות חימום ריחניים בניחות הדרים 50יח',הוסטס,CN,נרות חימום,יחידה,1.00,יחידה,false,1,12.90,12.90,true,1,
7290017217321,false,נרות חימום ריחניים בניחות לוונדר 50יח',T.L.CO.LTD,CN,נרות חימום,יחידה,1.00,יחידה,false,1,10.00,10.00,true,1,
7290017217710,false,"שיפודי במבוק יקיטורי 15 ס""מ 100 יחידות",הוסטס Hostess,CN,שיפודי במבוק,יחידה,1.00,יחידה,false,1,9.90,9.90,true,1,
7290017239101,false,סלמון אטלנטי מעושן מצונן,סלטי שמיר,IL,סלמון אטלנטי,גרמים,100.00,100 גרם,false,1,21.90,21.90,true,1,
7290017239118,false,גרבלקס סלמון אטלנטי,סלטי שמיר,IL,גרבלקס סלמון,גרמים,100.00,100 גרם,false,1,21.90,21.90,true,1,
7290017239187,false,מקרל פרוס בעישון קל 250,סלטי שמיר,IL,מקרל פרוס בעישון,גרמים,250.00,100 גרם,false,1,29.90,11.96,true,1,
7290017239286,false,פילה מטיאס מעודן 250 גרם,"פוד קולקשיין בע""מ",IL,פילה מטיאס250גרם,גרמים,250.00,100 גרם,false,1,19.90,7.96,true,1,
7290017289588,false,אינספייר בלנד לבן יבש 750 מל,יקב טפרברג 1870 בעמ,IL,יין אינספייר,מיליליטרים,750.00,"100 מ""ל",false,1,74.90,9.99,true,1,
7290017289601,false,"יין בלנד לבן 750 מ""ל אימפרשיאון",יקב טפרברג 1870 בעמ,IL,פרנץ קולומבר,מיליליטרים,750.00,"100 מ""ל",false,1,49.90,6.65,true,1,
7290017304885,false,לחם שיפון מחיטה מלאה ללא תוספת סוכר 750 ג' אנג'ל,מאפיית שלמה א. אנג'\ל בע,IL,לחם שיפון מלא,גרמים,750.00,100 גרם,false,1,16.90,2.25,true,1,
7290017325347,false,מקלות בייגלה מקמח כוסמין אורגני הרדוף 200 גרם,"אם החיטה בע""\מ",IL,מקלות ביגלה,גרמים,200.00,100 גרם,false,1,16.90,8.45,true,1,
7290017325385,false,100% חמאה אורגנית 200 גרם - אדמה,,NL,חמאה אורגנית,גרמים,200.00,100 גרם,false,1,16.90,8.45,true,1,
7290017325422,false,פריכיות דקות אורז מלא אורגני 100 גרם,פרח תעשיות מזון,IL,פריכיות אורז מלא,גרמים,100.00,100 גרם,false,1,12.90,12.90,true,1,
7290017325453,false,משקה שקדים אורגני 1 ליטר הרדוף – ללא תוספת סוכר ללא גלוטן,ליקואטס,ES,"משקה שקדים ללת""ס",ליטרים,1.00,ליטר,false,1,14.90,14.90,true,1,
7290017325477,false,רסק עגבניות 100 גר אורגני - הרדוף,פריניר (הדס 1987) בע,IL,רסק עגבניות,גרמים,100.00,100 גרם,false,1,3.80,3.80,true,1,
7290017325514,false,שזיפים מיובשים אורגניים הרדוף 200 גרם,,BG,שזיפים מגולענים,גרמים,200.00,100 גרם,false,1,23.90,11.95,true,1,
7290017325613,false,"משקה שיבולת שועל אורגני הרדוף לל""ג 1 ליטר",סוי מג'יק,ES,משקה שיבולת שועל,ליטרים,1.00,ליטר,false,1,12.80,12.80,true,1,
7290017325620,false,"משקה אורז בתוספת שקדים אורגני הרדוף לל""ג 1 ליטר",ליקואטס,ES,משקה אורז ושקדים,ליטרים,1.00,ליטר,false,1,12.80,12.80,true,1,
7290017325682,false,פריכיות כוסמת אורגני הרדוף 160 גרם,פרח תעשיות מזון,IL,פריכיות כוסמת,גרמים,160.00,100 גרם,false,1,12.90,8.06,true,1,
7290017325743,false,"קמח עדשים אדומות לל""ג אורגני 500 גרם",טחנת קמח דגן לישראל,IL,קמח עדשים,גרמים,500.00,100 גרם,false,1,17.90,3.58,true,1,
7290017325798,false,"קוואקר לל""ג אורגני הרדוף 500 גרם",אול אורגני,IL,קוואקר עבה,גרמים,500.00,100 גרם,false,1,17.90,3.58,true,1,
7290017325804,false,קוואקר עדין אורגני 500 גרם הרדוף ללא גלוטן,אול אורגני,IL,קוואקר עדין,גרמים,500.00,100 גרם,false,1,17.90,3.58,true,1,
7290017325859,false,דפי אורז מלא אורגני200ג,"בטר אנד דיפרנט בע""מ",VN,דפי אורז מלא,גרמים,200.00,100 גרם,false,1,19.90,9.95,true,1,
7290017325873,false,קרקר מקמח שיפון מלא אורגני 125גר הרדוף,"ל.ב. סחר ושיווק בע""\מ",IL,קרקר שיפון מלא,גרמים,125.00,100 גרם,false,1,19.90,15.92,true,1,
7290017325910,false,"קורנפלקס ללת""ס אורגני הרדוף 375 גר",לאמרי,IT,קורנפלקס אורגני,גרמים,375.00,100 גרם,false,1,19.90,5.31,true,1,
7290017334080,false,שמ.זית כתית כבישה קרה750,שמן זית אליעד,IL,שמן זית כתית,מיליליטרים,750.00,"100 מ""ל",false,1,29.90,3.99,true,1,
7290017334165,false,שמן זית כתית מעולה 750מל,שמן זית אליעד,IL,שמן זית כתית,מיליליטרים,750.00,"100 מ""ל",false,1,29.90,3.99,true,1,
7290017334172,false,שמן זית כתית מעולה,שמן זית אליעד,IL,שמן זית כתית,מיליליטרים,750.00,"100 מ""ל",false,1,29.90,3.99,true,1,
7290017457727,false,"סוד כחול מרכך כביסה מרוכז20%+בישום 900 מ""ל",הנקל סוד,IL,מרכך מרוכז סוד,מיליליטרים,900.00,"100 מ""ל",false,1,12.90,1.43,true,1,
7290017457932,false,סוד מרכך כביסה מרוכז פרש קונטרול כחול,הנקל סוד,IL,סוד מרכך כחול,מיליליטרים,900.00,"100 מ""ל",false,1,12.90,1.43,true,1,
7290017477558,false,"שמן זית כתית מעולה אספניולה 750 מ""ל",,ES,שמן זית אספניולה,מיליליטרים,750.00,"100 מ""ל",false,1,29.90,3.99,true,1,
7290017513393,false,תה ירוק ספירולינה וצמחים ירוקים 25 שקי,תה ויסוצקי,IL,תה ירוק,גרמים,37.00,100 גרם,false,1,24.90,67.30,true,1,
7290017513409,false,תה ירוק SUPER GREEN 87 גרםבטעם אוכמניות ואסאי,תה ויסוצקי,IL,תה ירוק,גרמים,37.00,100 גרם,false,1,24.90,67.30,true,1,
7290017513485,false,מחית עגבניות רוסטיקה גרנד איטליה 680 גרם,היצרן: ס.פ. פודנצנו -10,IT,מחית עגבניות,גרמים,680.00,100 גרם,false,1,12.30,1.81,true,1,
7290017513775,false,פליפז בייגלה מצופה שוקולד חלב מקוויטיס 140 גרם,שוורצקוף& הנקל דיסלד,TR,בייגלה מצופה,גרמים,140.00,100 גרם,false,1,8.90,6.36,true,1,
7290017513850,false,תה ירוק נענע 25 שקיקים בתוספת ויטמינים Cּּ+D,ויסוצקי ירוק,IL,תה ירוק+ויטמינים,גרמים,37.00,100 גרם,false,1,24.90,67.30,true,1,
7290017513867,false,תה ירוק לימונית ולואיזה סתוספת ויטמינים ויסוצקי 25 יחידות,תה ויסוצקי,IL,תה ירוק+ויטמינים,גרמים,37.00,100 גרם,false,1,24.90,67.30,true,1,
7290017516424,false,שוקלד + פנגיאה שוקולד קוקוס ואגוזי לוז 300 גרם,ש.ר רגע בטבע,IL,מארז פנגיאה,גרמים,300.00,100 גרם,false,1,32.90,10.97,true,1,
7290017516561,false,שלשיית חטיפי חלבון פנגיאה אגוזי לוז 3*60 גרם,ש.ר רגע בטבע,IL,חטיפי חלבון 3 יח,גרמים,180.00,100 גרם,false,1,28.90,16.06,true,1,
7290017589633,false,"רזרב גולד אדישיין קברנה סוביניון 750 מ""ל",יקבי ברקן Barkan,IL,קברנה רזרב גולד,מיליליטרים,750.00,"100 מ""ל",false,1,49.90,6.65,true,1,
7290017595061,false,זוג כוסיות לנרונים 2 יח',,CN,כוסיות לנר,יחידה,1.00,יחידה,false,1,4.90,4.90,true,1,
7290017599250,false,סוכרזית קלאסי 120 שקיות,ביסקול בע''מ,IL,סוכרזית קלאסי,גרמים,120.00,100 גרם,false,1,17.90,14.92,true,1,
7290017599274,false,סוכרזית סטיוויה 120 שקיות,ביסקול בע''מ,IL,סוכרזית סטיוויה,גרמים,120.00,100 גרם,false,1,36.90,30.75,true,1,
7290017617084,false,סטארקיסט מיקס טוגו טונה עם שעועית 185 גרם,דרדנל אונוסטאס גידה,TR,מיקס טו גו טונה,גרמים,185.00,100 גרם,false,1,12.90,6.97,true,1,
7290017617091,false,סטארקיסט מיקס טוגו טונה עם פתיתים 185 גרם,דרדנל אונוסטאס גידה,TR,מיקס טו גו טונה,גרמים,185.00,100 גרם,false,1,12.90,6.97,true,1,
7290017618111,false,עוגיות שקדים עם טריפל שוקולד 200 גר לחמי,קונדטוריות לחמי,IL,עוגיות לחמי,גרמים,180.00,100 גרם,false,1,18.90,10.50,true,1,
7290017637532,false,שמפו לשיער בלונד בהיר מיקי בוגנים 500 מל,סאסא קוסמטיקס,IL,MB שמפו לשיער,מיליליטרים,500.00,"100 מ""ל",false,1,34.90,6.98,true,1,
7290017637563,false,שמפו לתלתלים מושלמים 500 מל מיקי בוגנים,סאסא קוסמטיקס,IL,MB שמפו לשיער,מיליליטרים,500.00,"100 מ""ל",false,1,23.90,4.78,true,1,
7290017637570,false,מרכך לתלתלים מושלמים 500 מל מיקי בוגנים,סאסא קוסמטיקס,IL,MB מרכך לשיער,מיליליטרים,500.00,"100 מ""ל",false,1,23.90,4.78,true,1,
7290017637587,false,קרם לתלתלים מושלמים 200 מל בוגנים,סאסא קוסמטיקס,IL,MB תרסיס לשיער,מיליליטרים,200.00,"100 מ""ל",false,1,23.90,11.95,true,1,
7290017637648,false,מסיכת הזמנה לשיער מיקי בוגנים 250מל,סאסא קוסמטיקס,IL,MB מסיכה לשיער,מיליליטרים,250.00,"100 מ""ל",false,1,26.90,10.76,true,1,
7290017637662,false,שמפו שימר להדגשת גוונים בהיר מיקי בוגנים 500 מל,סאסא קוסמטיקס,IL,MB שמפו לשיער,מיליליטרים,500.00,"100 מ""ל",false,1,23.90,4.78,true,1,
7290017637679,false,מרכך שימר להדגשת גוונים בהיר מיקי בוגנים 500 מל,סאסא קוסמטיקס,IL,MB מרכך לשיער,מיליליטרים,500.00,"100 מ""ל",false,1,23.90,4.78,true,1,
7290017647708,false,"רמת הגולן גמלא גוורצטרמינר, 750 מ""ל י יקב רמת הגולן",מיוצר וממולא על ידי יקב,,גמלא גוורצטרמינר,יחידה,1.00,יחידה,false,0,64.60,64.60,true,1,
7290017677804,false,"רוטב סויה ללא חומרים משמרים קיקומן 444 מ""ל",קיקומן פודז אינק,US,רוטב סויה קיקומן,מיליליטרים,444.00,"100 מ""ל",false,1,19.90,4.48,true,1,
7290017677811,false,"רוטב סויה קיקומן ללא חומרים משמרים 296 מ""ל",קיקומן פודז אינק,NL,רוטב סויה קיקומן,מיליליטרים,296.00,"100 מ""ל",false,1,13.50,4.56,true,1,
7290017696393,false,בורגר פטריות מן הצומח 520 גר,מרינה פטריות,IL,בורגר פטריות,יחידה,1.00,יחידה,false,1,34.90,34.90,true,1,
7290017724003,false,גריסיני קצח אקלר 250 גרם,אקלר,IL,גריסיני,גרמים,250.00,100 גרם,false,1,23.90,9.56,true,1,
7290017724034,false,עוגיות ריבה בטעם תות250ג,אקלר,IL,עוגיות ריבה,גרמים,250.00,100 גרם,false,1,23.90,9.56,true,1,
7290017724089,false,עוגיות ואן גוך אקלר 200 גרם,,IL,עוגיות ואן גוך,גרמים,200.00,100 גרם,false,1,23.90,11.95,true,1,
7290017724102,false,עוגיות סיגרים תמרים/,אקלר,IL,סיגרים תמרים,גרמים,200.00,100 גרם,false,1,23.90,11.95,true,1,
7290017724126,false,עוגיות טחינה אקלר 250 גרם,אקלר,IL,עוגיות טחינה,גרמים,250.00,100 גרם,false,1,23.90,9.56,true,1,
7290017724140,false,עוגיות שושנים אקלר 200 גרם,אקלר,IL,עוגיות שושנים,גרמים,200.00,100 גרם,false,1,23.90,11.95,true,1,
7290017724157,false,אקלר תפע ללא סוכר 200 גרם,אקלר,IL,"מעדן תפו""ע ואגוז",גרמים,200.00,100 גרם,false,1,23.90,11.95,true,1,
7290017724164,false,עוגיות אוזניים ללא סוכר אקלר 200 גרם,אקלר,IL,עוגיות אוזניים,גרמים,200.00,100 גרם,false,1,23.90,11.95,true,1,
7290017724201,false,אקלר ואנגוך ללא סוכר 200 גרם,אקלר,IL,עוגיות ואן גוך,גרמים,200.00,100 גרם,false,1,23.90,11.95,true,1,
7290017724218,false,"מעדן תמר אגוז ללת""ס200גר",אקלר,IL,מעדן תמר אגוז,גרמים,200.00,100 גרם,false,1,23.90,11.95,true,1,
7290017724232,false,עוגיות שומשומית 200 גרם,אקלר,IL,עוגיות שומשומית,גרמים,200.00,100 גרם,false,1,23.90,11.95,true,1,
7290017724263,false,"עוגיות בטהובן ללת""ס300גר",אקלר,IL,עוגיות בטהובן,גרמים,300.00,100 גרם,false,1,23.90,7.97,true,1,
7290017724287,false,"אצבעות פקאן ללת""ס 250גרם","אקלר בע""מ",IL,אצבעות פקאן,גרמים,250.00,100 גרם,false,1,23.90,9.56,true,1,
7290017812052,false,יין שיראז-קברנה סוביניון אקסלנס יקבי כרמל,יקבי כרמל Carmel Winery,IL,שיראז-קברנה,מיליליטרים,750.00,"100 מ""ל",false,1,26.90,3.59,true,1,
7290017812069,false,יין אמרלד ריזלינג שרדונה אקסלנס Excellence,יקבי כרמל Carmel Winery,IL,ריזלינג-שרדונה,מיליליטרים,750.00,"100 מ""ל",false,1,26.90,3.59,true,1,
7290017812571,false,מיץ ענבים תירוש אדום 100% טבעי כרמל 1 ליטר,יקבי כרמל Carmel Winery,IL,תירוש כרמל אדום,ליטרים,1.00,ליטר,false,1,19.90,19.90,true,1,
7290017812663,false,"תירוש לבן מיץ ענבים מבעבע כרמל 750 מ""ל",ג'\קובז'\י איי.אי פיגלי,IL,תירוש מבעבע לבן,מיליליטרים,750.00,"100 מ""ל",false,1,21.90,2.92,true,1,
7290017812847,false,"יין פרנץ גוורצטרמינר סלקטד כרמל 750 מ""ל","כד בני דרום בע""מ",IL,פרנץ גוורצטרמינר,מיליליטרים,750.00,"100 מ""ל",false,1,29.90,3.99,true,1,
7290017812878,false,"אקסלנס וזה -קברנה סוביניון כרמל 750 מ""ל",קריות זול,IL,רוזה אקסלנס,מיליליטרים,750.00,"100 מ""ל",false,1,26.90,3.59,true,1,
7290017812977,false,"יין קריניאנו סלקטדאננס באז כרמל 750 מ""ל",כרמל מזרחי,IL,באזז בטעם אננס,מיליליטרים,750.00,"100 מ""ל",false,1,27.90,3.72,true,1,
7290017816012,false,קרם קרקר כוסמין מקור הכוסמין 250 גר,מגדנית הדר,IL,קרם קרקר כוסמין,גרמים,250.00,100 גרם,false,1,14.90,5.96,true,1,
7290017816081,false,טורטיות כוסמין 320 גרם,,RS,טורטיות כוסמין,גרמים,320.00,100 גרם,false,1,15.90,4.97,true,1,
7290017871462,false,טוסו חטיף פצפוצי אורז מצופה שוקולד מריר ללא תוספת סוכר,תות תעשיות מזון (2014) ב,IL,חטיף פצפוצי אורז,גרמים,105.00,100 גרם,false,1,15.90,15.15,true,1,
7290017871929,false,"טוסו גרנולה פירות יבשים ואגוזים ללת""ס 300 ג'","אפקטבעי בע""\מ",IL,גרנולה פירות יבש,גרמים,300.00,100 גרם,false,1,19.90,6.63,true,1,
7290017872193,false,טוסו עוגיות שקדים וקינמון ללא סוכר 200 גרם,"הגביע מוצרי וופלים בע""\מ",IL,עוגיות שקדים,גרמים,200.00,100 גרם,false,1,14.90,7.45,true,1,
7290017872865,false,בייביביס חטיפי דגנים אפויים לתינוקות בטעם גזר ועגבנייה,טאטא גלובל בוורג'ס,IL,כוכבים דגנים,גרמים,35.00,100 גרם,false,1,12.90,36.86,true,1,
7290017872872,false,בייביביס חטיפי דגנים אפויים לתינוקות בטעם גזר וסלק,טאטא גלובל בוורג'ס,IL,כוכבים דגנים,גרמים,35.00,100 גרם,false,1,12.90,36.86,true,1,
7290017888019,false,"משקה תפוח רימון סלק גינגיר פרות &ווג 350 מ""ל",מיוצר עי קונדיטוריית,IL,משקה פרוט&וג',מיליליטרים,350.00,"100 מ""ל",false,1,7.60,2.17,true,1,
7290017888026,false,"משקה אננס תפוח גזר פרות & ווג 350 מ""ל",פרוט אנד וג' Fruit & Veg,IL,משקה פרוט&וג',מיליליטרים,350.00,"100 מ""ל",false,1,7.60,2.17,true,1,
7290017888033,false,"משקה בננה מלון נענע פרות &ווג 350 מ""ל",פרוט אנד וג' Fruit & Veg,IL,משקה פרוט&ווג',מיליליטרים,350.00,"100 מ""ל",false,1,7.60,2.17,true,1,
7290017888101,false,"רביעיית פחיות שוופס מוגז עדין אפרסק 330 מ""ל.",יפאורה תבורי בעמ,IL,שוופס מוגז 4 פח,ליטרים,1.32,ליטר,false,1,12.20,9.24,true,1,
7290017888644,false,"משקה אננס בננה כורכום פרות & ווג 350 מ""ל",פרוט אנד וג' Fruit & Veg,IL,משקה פרוט&וג',מיליליטרים,350.00,"100 מ""ל",false,1,7.60,2.17,true,1,
7290017894072,false,אבקת הלבנה אקופרנד 500 ג,אקופרנד,IL,אבקת הלבנה,גרמים,500.00,100 גרם,false,1,19.90,3.98,true,1,
7290017907208,false,תערובת קמח רב תכליתי לנמנעים מגלוטן,מנדלז סי.אר. פרודקשן,IL,קמח רב תכליתי,גרמים,500.00,100 גרם,false,1,16.90,3.38,true,1,
7290017907246,false,סולת מאורז לנמנעים מגלוטן,פוראטוס ישראל,IL,סולת תמי,גרמים,300.00,100 גרם,false,1,14.90,4.96,true,1,
7290017907253,false,פתיתים מאורז לנמנעים מגלוטן,פוראטוס ישראל,IL,פתיתים תמי,גרמים,300.00,100 גרם,false,1,14.90,4.96,true,1,
7290017907260,false,תערובת להכנת כדורי פלאפל לנמנעים מגלוטן,פוראטוס ישראל,IL,פלאפל תמי,גרמים,300.00,100 גרם,false,1,14.90,4.96,true,1,
7290017917283,false,"מגבוני קמיל בלו ד""ר פישר ללא בישום רביעי",פישר מעבדות פרמצבטיות,IL,מגבונים קמיל בלו,יחידה,1.00,יחידה,false,1,19.90,19.90,true,1,
7290017917382,false,אל סבון היגייני לניקוי יסודי ולהרגע העור clean & calm,"ד""ר פישר Dr fischer",IL,קמיל סבון ידיים,ליטרים,1.00,ליטר,false,1,15.90,15.90,true,1,
7290017928036,false,מקלות גריסיני שומשום מאיר בייגל 175 גרם,מאיר את בייגל,IL,גריסיני שומשום,גרמים,175.00,100 גרם,false,1,11.90,6.80,true,1,
7290017928043,false,מקלות גריסיני קראנץ' מלח מאיר בייגל 175 גרם,מאיר את בייגל,IL,גריסיני קראנץ,גרמים,175.00,100 גרם,false,1,11.90,6.80,true,1,
7290017928098,false,שטוחלה מלח מאיר בייגל 330 גרם,מאיר את בייגל,IL,בייגלה שטוחל'ה,גרמים,330.00,100 גרם,false,1,11.90,3.61,true,1,
7290017928227,false,"בייגלה שטוח'לה פינוקים שומשום, קצח, שום ובצל",מאיר את בייגל,IL,בייגלה שטוחלה,גרמים,300.00,100 גרם,false,1,11.90,3.97,true,1,
7290017928296,false,שברי בייגלה בטעם דבש חרדל ובצל 300 גר' מאיר את בייגל,סבימקס,BG,סמאש שברי בייגלה,גרמים,300.00,100 גרם,false,1,12.90,4.30,true,1,
7290017928432,false,מקלות גריסיני קראנץ' פרג מאיר בייגל 175 גרם,מאיר את בייגל,IL,גריסיני קראנץ,גרמים,175.00,100 גרם,false,1,11.90,6.80,true,1,
7290017928463,false,מאיר בייגל -סמאש-שבורים בטעם דבש חרדל ובצל 300 גרם,מאיר בייגל,,שברי בייגלה,יחידה,1.00,יחידה,false,0,12.90,12.90,true,1,
7290017928494,false,שברי בייגלה בטעם צדר 300 גר' מאיר את בייגל,מאיר בייגל,BG,סמאש שברי בייגלה,גרמים,300.00,100 גרם,false,1,12.90,4.30,true,1,
7290017928524,false,בייגלה שטוח ניגובים מלח 330 ג' מאיר בייגל,מאיר את בייגל,IL,שטוחל'ה ניגובים,גרמים,330.00,100 גרם,false,1,11.90,3.61,true,1,
7290017928616,false,מאיר בייגל שטוחהלה שומשום 300 גר',מאיר את בייגל,IL,בייגלה שטוחלה,גרמים,300.00,100 גרם,false,1,11.90,3.97,true,1,
7290017928630,false,מקלות גריסיני קראנץ' פינוקים מאיר בייגל 175 גרם,מאיר את בייגל,IL,גריסיני קראנץ,גרמים,175.00,100 גרם,false,1,11.90,6.80,true,1,
7290017928661,false,מאיר בייגל -סמאש-שבורים בטעם צ'דר 300 גרם,מאיר בייגל,,שברי בייגלה,יחידה,1.00,יחידה,false,0,12.90,12.90,true,1,
7290017928685,false,בייגלה שמיניות מלוח מאיר בייגל 400 גרם.,מאיר את בייגל,IL,בייגלה שמיניות,גרמים,400.00,100 גרם,false,1,11.90,2.98,true,1,
7290017928746,false,מאיר בייגל פירורי בייגלה 200 גרם,מאיר בייגל,IL,פירורי בייגלה,גרמים,200.00,100 גרם,false,1,6.20,3.10,true,1,
7290017928807,false,בייגלה אצבעות שומשום מאיר בייגל 300 גרם,מאיר את בייגל,IL,בייגלה אצבעות,גרמים,300.00,100 גרם,false,1,11.90,3.97,true,1,
7290017928821,false,מאיר בייגל מקלות גריסיני קלאסי 200 גרם,מאיר את בייגל,IL,גריסיני קלאסי,גרמים,200.00,100 גרם,false,1,11.90,5.95,true,1,
7290017932231,false,"סירופ מייפל טהור גאלה 250 מ""ל",בולדוק מייפל פרודקס,CA,סירופ מייפל טהור,מיליליטרים,250.00,"100 מ""ל",false,1,34.90,13.96,true,1,
7290017946368,false,שלישיית כדוריות סבון לאסלה אוקיינוס סוד 50 גרם,הנקל סוד,RS,סבון לאסלה סוד,גרמים,150.00,100 גרם,false,1,16.90,11.27,true,1,
7290017946764,false,מנקה מכונת כביסה 150 גר K2R,הנקל Henkel,DE,מנקה מכונת כביסה,גרמים,150.00,100 גרם,false,1,19.90,13.27,true,1,
7290017947105,false,לחם אנג'ל בסגנון אמריקה 500 גרם,מאפיית שלמה א. אנג'\ל בע,IL,לחם סגנון אמריקה,גרמים,500.00,100 גרם,false,1,14.90,2.98,true,1,
7290017947464,false,שמיניית פיתות כוסמין אנג'ל 8*50 גרם,מאפיית שלמה א.אנג'\ל בע\,IL,פיתות כוסמין,גרמים,400.00,100 גרם,false,1,16.90,4.23,true,1,
7290017947495,false,6 לחמניות כוסמין 450 גרם אנג'ל,"איטיליאן פוד, אס.פי.",,לחמניות כוסמין6*,יחידה,1.00,יחידה,false,0,15.90,15.90,true,1,
7290017947891,false,לחם אנג'ל כוסמין וחיטה מלאה 750 גרם,מאפיית שלמה א. אנג'\ל בע,IL,אנג'ל כוסמין,גרמים,750.00,100 גרם,false,1,16.90,2.25,true,1,
7290017947921,false,לחמניות המבורגר בסגנון אמריקאי מארז 6 יח',מאפיית שלמה א. אנג'\ל בע,IL,לחמניות המבורגר,גרמים,450.00,100 גרם,false,1,14.90,3.31,true,1,
7290017947938,false,מיני לחמניות המבורגר בסגנון אמריקה 400 ג' אנג'ל,מאפיית שלמה א. אנג'\ל בע,IL,לחמניות המבורגר,גרמים,400.00,100 גרם,false,1,14.90,3.73,true,1,
7290017962009,false,גרנולה וניל אגוזים 330 גרם,"דני וגלית בע""מ",IL,גרנולה וניל אגוז,גרמים,330.00,100 גרם,false,1,19.70,5.97,true,1,
7290017962023,false,גרנולה מייפל תמר פקאן 330 גרם,"דני וגלית בע""מ",IL,גרנולה מייפל תמר,גרמים,330.00,100 גרם,false,1,19.70,5.97,true,1,
7290017962030,false,גרנולה סופר בריס 330 גרם,"דני וגלית בע""מ",IL,גרנולה סופר בריס,גרמים,330.00,100 גרם,false,1,19.70,5.97,true,1,
7290017967004,false,"בירה קייזר בקבוק 500 מ""ל",ברסייר,FR,בירה קייזר,מיליליטרים,500.00,"100 מ""ל",false,1,5.90,1.18,true,1,
7290018043189,false,חטיף חלבון פראוד בלאק קשיו קרמל 60 גרם - 18 גרם חלבון,מרס נדרלנד,NL,פראוד חטיף קשיו,גרמים,60.00,100 גרם,false,1,13.90,23.17,true,1,
7290018043295,false,חטיף חלבון וניל קראנץ60ג,הרת'סייד פוד סולושיי,NL,פראוד חטיף וניל,גרמים,60.00,100 גרם,false,1,13.90,23.17,true,1,
7290018043639,false,חטיף חלבון שוק.קריספ29גר,,NL,חטיף חלבון פראוד,גרמים,29.00,100 גרם,false,1,10.90,37.59,true,1,
7290018043844,false,חטיף חלבון בוטנים קרמל קראנץ 60 ג' פראוד,פראוד,NL,חטיף חלבון,גרמים,60.00,100 גרם,false,1,12.90,21.50,true,1,
7290018045084,false,BON&BON דגנים במילוי קרם בטעם בראוניז 480 גרם,monday,DE,דגנים במילוי קרם,גרמים,480.00,100 גרם,false,1,23.90,4.98,true,1,
7290018045497,false,בון בון דגנים במילוי קרם שוקולד 480 גרם,monday,DE,דגנים במילוי,גרמים,480.00,100 גרם,false,1,23.90,4.98,true,1,
7290018045695,false,BON&BON דגנים במילוי קרם קרמל מלוח 480 גרם,monday,DE,דגנים במילוי,גרמים,480.00,100 גרם,false,1,23.90,4.98,true,1,
7290018045893,false,בון בון דגנים במילוי קרם נוגט 480 גרם,monday,DE,דגנים במילוי קרם,גרמים,480.00,100 גרם,false,1,23.90,4.98,true,1,
7290018091029,false,מקלות פילו תפוחי אדמה מעדנות 450 ג',תנובה מעדנות,IL,מקלותפילו ת.אדמה,גרמים,450.00,100 גרם,false,1,19.90,4.42,true,1,
7290018091234,false,פיצה מקסיקנית מעדנות 200 גרם,תנובה מעדנות,IL,פיצה מקסיקנית,גרמים,260.00,100 גרם,false,1,14.90,5.73,true,1,
7290018091661,false,פיצה ירקות שוק מעדנות 380 גרם,"מעדנות בע""\מ",IL,פיצה שוק,גרמים,380.00,100 גרם,false,1,19.90,5.24,true,1,
7290018091821,false,פיצה נפוליטנה מעדנות 200 גרם,תנובה מעדנות,IL,פיצה נפוליטנה,גרמים,200.00,100 גרם,false,1,14.90,7.45,true,1,
7290018091876,false,"מאפה פילו גבינה, 320 גרם מעדנות","מעדנות בע""\מ",IL,מאפה פילו גבינה,גרמים,320.00,100 גרם,false,1,19.90,6.22,true,1,
7290018098585,false,קציצות צמחוניות 300 גרם,"אופק מן הטבע בע""\מ",IL,קציצות צמחוניות,גרמים,300.00,100 גרם,false,1,21.90,7.30,true,1,
7290018098592,false,שווארמה טבעוניות ביף,"אופק מן הטבע בע""\מ",IL,שווארמה צמחית,גרמים,300.00,100 גרם,false,1,21.90,7.30,true,1,
7290018127452,false,"ביסקוויט פתי בר לל""ג 200 גרם",רום גת,IL,פתיבר בטעם וניל,גרמים,200.00,100 גרם,false,1,12.90,6.45,true,1,
7290018127469,false,"ביסקוויט פתי בר בטעם שוקולד לל""ג 200 גרם",רום גת,IL,פתיבר בטעם שוקו,גרמים,200.00,100 גרם,false,1,12.90,6.45,true,1,
7290018131855,false,אקסטרים טילון בראוניז בדצ מאגדת 6*72 גרם נסטלה,גלידות נסטלה )נגה גלידות,IL,מאגדת אקסטרים בר,גרמים,432.00,100 גרם,false,1,33.90,7.85,true,1,
7290018132388,false,"מטרנה גולד בד""ץ שלב 2 700 גרם",מטרנה תעשיות ש.מ.,IL,מטרנה גולד שלב 2,גרמים,700.00,100 גרם,false,1,74.90,10.70,true,1,
7290018132425,false,מטרנה גולד בדץ שלב 3 700 גרם,מטרנה תעשיות ש.מ.,IL,מטרנה גולד שלב 3,גרמים,700.00,100 גרם,false,1,74.90,10.70,true,1,
7290018140055,false,בורגר טבעוני פטריות 250ג,חמים וטעים,IL,בורגר טבעוני,גרמים,250.00,100 גרם,false,1,24.90,9.96,true,1,
7290018140062,false,בורגר BBQ גריל 2 יח' 250 גרם - ריינבו,חמים וטעים,IL,בורגר טבעוני,גרמים,250.00,100 גרם,false,1,24.90,9.96,true,1,
7290018140819,false,נקניקיות מרגז טבעוניות 3 יח' 300 גרם (חדש) - ריינבו,ריינבו,IL,נקניקיות מרגז,גרמים,300.00,100 גרם,false,1,37.90,12.63,true,1,
7290018156780,false,אלכו קרם היגיינת ידיים75,מדי פישר,IL,אלכו קרם ג'ל,מיליליטרים,75.00,"100 מ""ל",false,1,19.90,26.53,true,1,
7290018165027,false,"יין רזרב GOLD EDITION רוזה ברקן 750 מ""ל",יקבי ברקן שיווק והפצה בע,IL,רוזה רזרב גולד,מיליליטרים,750.00,"100 מ""ל",false,1,49.90,6.65,true,1,
7290018165447,false,"יין רזרב GOLD מרלו ברקן 750 מ""ל",יקבי ברקן שיווק והפצה בע,IL,מרלו רזרב גולד,מיליליטרים,750.00,"100 מ""ל",false,1,49.90,6.65,true,1,
7290018175002,false,פיתה מתנפחת ללא גלוטן300,,IL,פיתה מתנפחת,גרמים,300.00,100 גרם,false,1,20.00,6.67,true,1,
7290018208069,false,תמר מגהול מובחר 700גרם,אראל תוצרת חקלאית,IL,תמר מגהול מובחר,גרמים,700.00,100 גרם,false,1,24.90,3.56,true,1,
7290018237281,false,עוף טוב נקניק סלמי ירדן 550 גר',מוצרי עוף טוב (2001) בע\,IL,נקניק סלמי ירדן,גרמים,550.00,100 גרם,false,1,24.90,4.53,true,1,
7290018237410,false,עוף טוב פסטרמה במעשנה נתח שלם 8*300 גרם,מוצרי עוף טוב (2001) בע\,IL,פסטרמה במעשנה,גרמים,300.00,100 גרם,false,1,27.90,9.30,true,1,
7290018237922,false,עוף טוב שניצלונים ציפוי צ'יפס 700 גרם,מוצרי עוף טוב (2001) בע\,IL,שניצלונים בציפוי,גרמים,700.00,100 גרם,false,1,19.90,2.84,true,1,
7290018237939,false,עוף טוב שניצלונים ציפוי שומשום 700 גרם,מוצרי עוף טוב (2001) בע\,IL,שניצלונים בציפוי,גרמים,700.00,100 גרם,false,1,19.90,2.84,true,1,
7290018249260,false,סוכר חום סוויטנגו 400 גר,,IL,סוכר חום,גרמים,400.00,100 גרם,false,1,39.90,9.98,true,1,
7290018249352,false,אינסטנט פודינג קרמל סוויטאנגו 55 גר,מתבל תעשיות מזון,IL,אינסטנט פודינג,גרמים,55.00,100 גרם,false,1,11.90,21.64,true,1,
7290018249444,false,אבקת ממתיק סוכר שוקו סוויטאנגו 400 גר,מתבל תעשיות מזון,IL,סוויטאנגו שוקו,גרמים,400.00,100 גרם,false,1,39.90,9.98,true,1,
7290018249802,false,ממתיק סוויטאנגו צנצנת 280 גרם,מתבל תעשיות מזון,IL,סוויטאנגו,גרמים,280.00,100 גרם,false,1,27.90,9.96,true,1,
7290018249994,false,סוויטאנגו תחליף סוכר ממתיק 700 גר',מתבל תעשיות מזון,IL,סוויטאנגו,גרמים,700.00,100 גרם,false,1,56.90,8.13,true,1,
7290018294192,false,"יין בלנד היינן אדום יבש 750 מ""ל p.c",כרמל מזרחי,IL,יין בלנד אדום,מיליליטרים,750.00,"100 מ""ל",false,1,39.90,5.32,true,1,
7290018294208,false,"סלקטדאדום ישראלי יבש כרמל 750 מ""ל","כד בני דרום בע""מ",IL,יין אדום סלקטד,מיליליטרים,750.00,"100 מ""ל",false,1,29.90,3.99,true,1,
7290018294895,false,"יין מונלייט מוסקטו ורוד מבעבע 750 מ""ל",יקבי כרמל Carmel Winery,IL,מונלייט לבן,מיליליטרים,750.00,"100 מ""ל",false,1,34.90,4.65,true,1,
7290018333082,false,אגו מיקס קורנפלקס שוקולד חלב ולבן כרמית 55 גרם,"כרמית תעשיות ממתקים בע""\",IL,אגו מיקס 55גרם,גרמים,55.00,100 גרם,false,1,4.90,8.91,true,1,
7290018343364,false,"ד""ר פישר - מסכת הזנה משקמת לאחר החלקה ללא תוספת מלח 300 מ""ל",פישר מעבדות פרמצבטיות,IL,מסכה לשיער,מיליליטרים,300.00,"100 מ""ל",false,1,39.90,13.30,true,1,
7290018343425,false,"אל סבון היגייני לידיים אלכוגל 200 מ""ל","ד""ר פישר",IL,אלכו סופט אל-סבו,מיליליטרים,200.00,"100 מ""ל",false,1,21.90,10.95,true,1,
7290018343487,false,אלכו ג'ל בשפורפרת H 75מ,CHEMIPAL FISHER (BIO,IL,"אלכו ג'ל H 75מ""ל",מיליליטרים,75.00,"100 מ""ל",false,1,9.90,13.20,true,1,
7290018359082,false,מחית תפוחי עץ לאפייה יכין 550 גרם,זנלכל,IL,"מחית תפו""ע לאפיה",גרמים,560.00,100 גרם,false,1,7.90,1.41,true,1,
7290018359495,false,תירס מהשדה בלי תוספת סוכר יכין 550 גרם,היינץ צפון אמריקה מק,IL,"תירס מהשדה ללת""ס",גרמים,550.00,100 גרם,false,1,9.90,1.80,true,1,
7290018359518,false,תירס מהשדה בלי תוספת סוכר יכין מארז 200X3 גר',היינץ צפון אמריקה מק,IL,תירס מהשדה 3 יח,גרמים,600.00,100 גרם,false,1,14.90,2.48,true,1,
7290018359716,false,רוטב עגבניות פיצה טוסקנה 240 גרם יכין,"זנלכל בע""\מ",IL,רוטב לפיצה,גרמים,240.00,100 גרם,false,1,6.50,2.71,true,1,
7290018359938,false,"רוטב עגבניות לשקשוקה יכין, 400 גרם",זנלכל,IL,רוטב שקשוקה,גרמים,400.00,100 גרם,false,1,10.00,2.50,true,1,
7290018359945,false,רוטב עגבניות פיקנטי מפלפלים וירקות יכין 400 גרם,זנלכל,IL,חאריפה,גרמים,400.00,100 גרם,false,1,10.00,2.50,true,1,
7290018359952,false,רוטב עגבניות לפסטה 400 גרם יכין,זנלכל,IL,רוטב עגבניות,גרמים,400.00,100 גרם,false,1,10.00,2.50,true,1,
7290018359969,false,רוטב עגבניות לפיצה יכין 400 גרם,זנלכל,IL,רוטב פיצה,גרמים,400.00,100 גרם,false,1,10.00,2.50,true,1,
7290018371176,false,זיתי במילוי שום אורגני השדה מוצרים אורגנים 295 גרם,השדה מוצרים טבעיים ו,GR,זיתים עם שום,גרמים,295.00,100 גרם,false,1,19.90,6.75,true,1,
7290018371183,false,זיתי קלמטה שלמים אורגני השדה מוצרים אורגנים 300 גרם,,GR,זיתי קלמטה,גרמים,300.00,100 גרם,false,1,15.90,5.30,true,1,
7290018371275,false,מיני פריכיות כוסמין 80 גר,"פרח תעשיות מזון בע""\מ",IL,מיני פריכיות,גרמים,80.00,100 גרם,false,1,11.90,14.88,true,1,
7290018371411,false,פסטה רדיאטורי אורגנית255,,IT,פסטה אורגנית,גרמים,255.00,100 גרם,false,1,28.90,11.33,true,1,
7290018371473,false,וופל קמח כוסמין חרובים אורגני 500 גרם,,IL,וופל קמח כוסמין,גרמים,500.00,100 גרם,false,1,30.90,6.18,true,1,
7290018371503,false,וופל קמח כוסמין אגוזים אורגני 200 גרם,השדה מוצרים טבעיים ו,IL,וופל קמח כוסמין,גרמים,200.00,100 גרם,false,1,15.90,7.95,true,1,
7290018371527,false,וופל קוביות קמח מלא חרובים אורגני 200 גר,השדה מוצרים טבעיים ו,IL,וופל קוביות,גרמים,200.00,100 גרם,false,1,15.90,7.95,true,1,
7290018371534,false,וופל קוביות כוסמין חרובים אורגני 200 גר,"רוקחמן בע""מ",IL,וופל קוביות חרוב,גרמים,200.00,100 גרם,false,1,15.90,7.95,true,1,
7290018394021,false,ח.תקוע פטריות מלך היער,חוות פטריות תקוע,CN,פטריות מלך היער,גרמים,150.00,100 גרם,false,1,13.90,9.27,true,1,
7290018400647,false,סמודיז בננה תמר סנפרוסט 300 גרם,"סנפרוסט בע""\מ",IL,SMOOTHIEבננה ותמ,גרמים,300.00,100 גרם,false,1,16.90,5.63,true,1,
7290018400661,false,לקט פאייה בסגנון ספרדי סנפרוסט 800 גרם,"סנפרוסט בע""\מ",IL,לקט פאייה,גרמים,800.00,100 גרם,false,1,22.90,2.86,true,1,
7290018400807,false,טברנה יוונית סנפרוסט 800 גרם,"סנפרוסט בע""מ",IL,טברנה יוונית,גרמים,800.00,100 גרם,false,1,22.90,2.86,true,1,
7290018440209,false,פליפז בייגלה בציפוי פאדג' לבן מקוויטיס 140 גרם,שוורצקוף& הנקל דיסלד,,בייגלה מצופה,יחידה,1.00,יחידה,false,0,8.90,8.90,true,1,
7290018440223,false,תה צ'אי מסאלה 25 שקיקים ויסוצקי,תה ויסוצקי,IL,צ'אי מסאלה,גרמים,50.00,100 גרם,false,1,21.90,43.80,true,1,
7290018440230,false,תה צ'אי ורדים 25 שקיקים ויסוצקי,תה ויסוצקי,IL,צ'אי ורדים,גרמים,50.00,100 גרם,false,1,21.90,43.80,true,1,
7290018440247,false,תה צ'אי שקדים0 25 שקיקים ויסוצקי,תה ויסוצקי,IL,צ'אי שקדים,גרמים,50.00,100 גרם,false,1,21.90,43.80,true,1,
7290018440254,false,תה צ'אי קרמל מלוח 25 שקיקים ויסוצקי,תה ויסוצקי,IL,צ'\אי קרמל מלוח,גרמים,50.00,100 גרם,false,1,21.90,43.80,true,1,
7290018440391,false,תה ירוק מאטה נענע גוארנה ויסוצקי 25 יחידות,תה ויסוצקי,IL,תה ירוק ויסוצקי,גרמים,38.00,100 גרם,false,1,24.90,65.53,true,1,
7290018440438,false,Calvo טונה בשמן זית פתיחה קלה 3 * 65 גרם,"קאלוו קונסרבס ס.ל.יו. ,",ES,טונה בשמן זית3יח,גרמים,195.00,100 גרם,false,1,25.90,13.28,true,1,
7290018440445,false,טונה קאלוו בשמן זית 160 גר,"קאלוו קונסרבס ס.ל.יו. ,",ES,טונה בשמן זית,גרמים,160.00,100 גרם,false,1,16.90,10.56,true,1,
7290018440483,false,פליפז בייגלה מצופה בקרמל מלוח ושוקולד מקוויטיס 140 גרם,שוורצקוף& הנקל דיסלד,TR,בייגלה קרמל מלוח,גרמים,140.00,100 גרם,false,1,8.90,6.36,true,1,
7290018440490,false,סלט טונה קאלוו עם קוסקוס 150 גר,"קאלוו קונסרבס ס.ל.יו. ,",ES,סלט טונה+קוסקוס,גרמים,150.00,100 גרם,false,1,14.90,9.93,true,1,
7290018440513,false,סלט קליפורנייה קאלוו עם טונה 150 גר,"קאלוו קונסרבס ס.ל.יו. ,",ES,סלט קליפורניה,גרמים,150.00,100 גרם,false,1,14.90,9.93,true,1,
7290018440520,false,סלט טונה קאלוו מקסיקני 150 גר,"קאלוו קונסרבס ס.ל.יו. ,",ES,סלט טונה מקסיקני,גרמים,150.00,100 גרם,false,1,14.90,9.93,true,1,
7290018440575,false,תה ירוק לימונית לואיזה 25+5 שקיקים,ויסוצקי,IL,תה ירוק לימונית,גרמים,48.00,100 גרם,false,1,24.90,51.88,true,1,
7290018468401,false,פסטרמה צמחונית בטעם גריל 100 גר טירת צבי,טיב טירת צבי 2000,IL,פסטרמה צמחונית,גרמים,120.00,100 גרם,false,1,15.90,13.25,true,1,
7290018468418,false,פסטרמה צמחונית טעם מפולפל 120 גרם טירת צבי,טיב טירת צבי 2000,IL,פסטרמה צמחונית,גרמים,120.00,100 גרם,false,1,15.90,13.25,true,1,
7290018468425,false,נקניק טבעוני בטעם פיקנטי 100 גרם טירת צבי,טיב טירת צבי 2000,IL,נקניק טבעוני,גרמים,120.00,100 גרם,false,1,15.90,13.25,true,1,
7290018468432,false,נקניק טבעוני בטעם מעושן 100 גרם טירת צבי,טיב טירת צבי 2000,IL,נקניק טבעוני,גרמים,100.00,100 גרם,false,1,15.90,15.90,true,1,
7290018471029,false,"סודה בטעם לימון - מארז 6 בקבוקים 500 מ""ל",יפאורה תבורי בעמ,IL,שוופס סודה 6 יח,ליטרים,3.00,ליטר,false,1,14.50,4.83,true,1,
7290018471128,false,"ספרינג שייק אננס מנגו פסיפלורה 330 מ""ל זכוכית","יפאורה תבורי בע""\מ",IL,ספרינג שייק,מיליליטרים,330.00,"100 מ""ל",false,1,7.50,2.27,true,1,
7290018471142,false,"ספרינג שייק בננה אננס קוקוס פירות יער 330 מ""ל זכוכית","יפאורה תבורי בע""\מ",IL,ספרינג שייק בננה,מיליליטרים,330.00,"100 מ""ל",false,1,7.50,2.27,true,1,
7290018471180,false,משקה פרוט& ווג' אננס תפוח גזר 1 ליטר,מיוצר עי קונדיטוריית,IL,מיץ פרוט & ווג',ליטרים,1.00,ליטר,false,1,13.10,13.10,true,1,
7290018471210,false,קרטונית נקטר ספרינג תפוח סברס 1 ליטר,"יפאורה תבורי בע""\מ",IL,ספרינג 1 ליטר,ליטרים,1.00,ליטר,false,1,6.90,6.90,true,1,
7290018471302,false,"רביעיית שוופס טוניק בקבוק 4*250 מ""ל",מיוצר עי קונדיטוריית,IL,שוופס טוניק 4יח,ליטרים,1.00,ליטר,false,1,21.10,21.10,true,1,
7290018471319,false,"מארז רביעייה שוויפס ביטר למון 250מ""ל",מיוצר עי קונדיטוריית,IL,שוופס ביטר למון,ליטרים,1.00,ליטר,false,1,21.10,21.10,true,1,
7290018471395,false,משקה פרוט& ווג' תפוח רימון ג'ינג'ר 1 ליטר,פרוט אנד וג' Fruit & Veg,IL,מיץ פרוט & ווג',ליטרים,1.00,ליטר,false,1,13.10,13.10,true,1,
7290018471401,false,משקה פרוט& ווג' אננס בננה כורכום 1 ליטר,מיוצר עי קונדיטוריית,IL,מיץ פרוט & ווג',ליטרים,1.00,ליטר,false,1,13.10,13.10,true,1,
7290018471449,false,ספרינג שייק בננה תמר תפוז קרטונית 1 ליטר,"יפאורה תבורי בע""\מ",IL,ספרינג שייק,ליטרים,1.00,ליטר,false,1,13.10,13.10,true,1,
7290018471456,false,ספרינג שייק אננס מנגו פסיפלורה קרטונית 1 ליטר,"יפאורה תבורי בע""\מ",IL,ספרינג שייק,ליטרים,1.00,ליטר,false,1,13.10,13.10,true,1,
7290018471463,false,תפוזינה נקטר תפוז מנגו קרטונית 1 ליטר,"יפאורה תבורי בע""\מ",IL,תפוזינה enjoy,ליטרים,1.00,ליטר,false,1,7.40,7.40,true,1,
7290018471470,false,תפוזינה נקטר תפוז פסיפלורה קרטונית 1 ליטר,"יפאורה תבורי בע""\מ",IL,תפוזינה enjoy,ליטרים,1.00,ליטר,false,1,7.40,7.40,true,1,
7290018471487,false,תפוזינה נקטר תפוז אננס קרטונית 1 ליטר,"יפאורה תבורי בע""\מ",IL,תפוזינה תפוז אננ,ליטרים,1.00,ליטר,false,1,7.40,7.40,true,1,
7290018471494,false,תפוזינה משקה תפוז גזר קרטונית 1 ליטר,"יפאורה תבורי בע""\מ",IL,תפוזינה תפוז גזר,ליטרים,1.00,ליטר,false,1,7.40,7.40,true,1,
7290018471616,false,שוופס אינדיאן טוניק 1 ליטר,"יפאורה תבורי בע""\מ",IL,שוופס טוניק אינד,ליטרים,1.00,ליטר,false,1,9.30,9.30,true,1,
7290018471623,false,שוופס טוניק אשכוליות ליצ'י 1 ליטר,"יפאורה תבורי בע""\מ",IL,שוופס טוניק,ליטרים,1.00,ליטר,false,1,9.30,9.30,true,1,
7290018471630,false,שוופס טוניק מלפפון ליים 1 ליטר,"יפאורה תבורי בע""\מ",IL,שוופס טוניק,ליטרים,1.00,ליטר,false,1,9.30,9.30,true,1,
7290018471692,false,ספרינג שייק בננה אננס קוקוס פירות יער קרטונית 1 ליטר,"יפאורה תבורי בע""\מ",IL,ספרינג שייק,ליטרים,1.00,ליטר,false,1,13.10,13.10,true,1,
7290018471906,false,שוופס מוגז פירות לימונדה ורודה 1.5 ליטר פיקדון,"יפאורה תבורי בע""\מ",IL,שוופס לימונדה,ליטרים,1.50,ליטר,false,0,9.20,6.13,true,1,
7290018471913,false,משקה מוגז פירות תפוחים שוופס 1.5 ליטר,"יפאורה תבורי בע""\מ",IL,שוופס תפוחים,ליטרים,1.50,ליטר,false,0,9.20,6.13,true,1,
7290018471920,false,שוופס מוגז פירות ענבים 1.5 ליטר פיקדון,"יפאורה תבורי בע""\מ",IL,שוופס ענבים,ליטרים,1.50,ליטר,false,0,9.20,6.13,true,1,
7290018471937,false,שוופס מוגז פירות תות ליים 1.5 ליטר פיקדון,"יפאורה תבורי בע""\מ",IL,שוופס מוגז תו,ליטרים,1.50,ליטר,false,0,9.20,6.13,true,1,
7290018471944,false,שוופס מוגז פירות לימונייד 1.5 ליטר פיקדון,"יפאורה תבורי בע""\מ",IL,שוופס לימוניי,ליטרים,1.50,ליטר,false,0,9.20,6.13,true,1,
7290018471951,false,שוופס מוגז פירות אשכולית אדומה 1.5 ליטר פיקדון,"יפאורה תבורי בע""\מ",IL,שוופס אשכולית,ליטרים,1.50,ליטר,false,0,9.20,6.13,true,1,
7290018493359,false,ד.פישר אפקטיב קר קרם גוף מועשר בשמן המפ,פישר מעבדות פרמצבטיות בע,IL,קרם גוף מועשר,מיליליטרים,450.00,"100 מ""ל",false,1,24.90,5.53,true,1,
7290018493977,false,קמיל לניקוי והרגעת העור מועשר בשיבולת שועל 1 ל',פישר מעבדות פרמצבטיות,IL,אל סבון קמיל,ליטרים,1.00,ליטר,false,1,15.90,15.90,true,1,
7290018500316,false,ארטיזנל לחם כוסמין לבן אנג'ל 750 גרם,מאפיית שלמה א. אנג'ל,IL,לחם כוסמין לבן,גרמים,400.00,100 גרם,false,1,17.90,4.48,true,1,
7290018507438,false,נתחי חזה עוף בציפוי פריך בטעם קלאסי,תנובה גליל שותפות מוגבלת,IL,שניצים נתחי חזה,גרמים,600.00,100 גרם,false,1,39.90,6.65,true,1,
7290018507445,false,שניצים רצועות חזה עוף,תנובה גליל שותפות מוגבלת,IL,שניצים רצועות חז,גרמים,600.00,100 גרם,false,1,39.90,6.65,true,1,
7290018516331,false,פאוץ' פרינוק תפוח בננה ושיבולת שועל 120 גרם,פרוטה פודווין איי.אס,CZ,פרינוק,גרמים,120.00,100 גרם,false,1,5.90,4.92,true,1,
7290018516348,false,מחית פרינוק פאוץ' שיבולת שועל סלט פירות 120 גרם,פרוטה פודווין איי.אס,CZ,פרינוק,גרמים,120.00,100 גרם,false,1,5.90,4.92,true,1,
7290018516362,false,מחיט תפוח עץ בננה ושבולות שועל 190 ג' פרינוק גוניור,פרוטה פודווין איי.אס,CZ,פרינוק ארוחה,גרמים,190.00,100 גרם,false,1,5.90,3.11,true,1,
7290018516379,false,מחיט סלט פירות ושבולות שועל 190 ג' פרינוק גוניור,פרוטה פודווין איי.אס,CZ,פרינוק ארוחת סלט,גרמים,190.00,100 גרם,false,1,5.90,3.11,true,1,
7290018540329,false,שקית פיתה פיתה בלדי 800 ג' אנג'ל,מאפיית שלמה א. אנג'\ל בע,IL,פיתה פיתה 8 יח,גרמים,800.00,100 גרם,false,1,12.90,1.61,true,1,
7290018540817,false,ארטיזנל לחם מחמצת כוסמין אנג'ל 500 גרם,מאפיית אורנים,IL,לחם מחמצת כוסמין,גרמים,500.00,100 גרם,false,1,18.90,3.78,true,1,
7290018540824,false,ארטיזנל לחם מחמצת כפרי אנג'ל 500 גרם,מאפיית אורנים,IL,לחם מחמצת כפרי,גרמים,500.00,100 גרם,false,1,17.90,3.58,true,1,
7290018540831,false,ארטיזנל לחם מחמצת חיטה מלאה ודגנים אנג'ל 500 גרם,מאפיית אורנים,IL,לחם מחמצת,גרמים,500.00,100 גרם,false,1,17.90,3.58,true,1,
7290018556238,false,רויאל בטעם לימונים 750 מ,פיירוואטר,IL,רויאל טעם לימון,מיליליטרים,750.00,"100 מ""ל",false,1,49.90,6.65,true,1,
7290018593004,false,פטה שקדים טבעי 200 גרם -פלנטי (חדש),פלנטי,IL,פטה שקדים טבעי,גרמים,200.00,100 גרם,false,1,29.90,14.95,true,1,
7290018593011,false,פטה שקדים עשבי תיבול 200 גרם,פלנטי,IL,פטה שקדים עשבים,גרמים,200.00,100 גרם,false,1,29.90,14.95,true,1,
7290018593035,false,כמוצרלה קשיו 200 גרם - פלנטי (חדש),פלנטי,IL,כמוצרלה קשיו,גרמים,200.00,100 גרם,false,1,26.90,13.45,true,1,
7290018593080,false,קשיו צ'דר 200 גרם - פלנטי,פלנטי,IL,קשיו צ'דר,גרמים,200.00,100 גרם,false,1,26.90,13.45,true,1,
7290018593110,false,רביולי גבינות שקדים וקשיו 400 גרם - פלנטי,פלנטי,IL,רביולי גבינות,גרמים,400.00,100 גרם,false,1,38.90,9.73,true,1,
7290018593127,false,רביולי תרד גבינות 400גרם,פלנטי,IL,רביולי מילוי תרד,גרמים,400.00,100 גרם,false,1,38.90,9.73,true,1,
7290018652039,false,לה קרמריה קרמל מלוח ונוגט בדצ 6*1.4 ליטר,גלידות נסטלה )נגה גלידות,IL,להקרמריה קרמל מל,גרמים,700.00,100 גרם,false,1,21.90,3.13,true,1,
7290018652213,false,מאגדת חטיפי גלידה קראנץ בר 41X6 גרם,פרונרי איטליה,IT,מאגדת חטיפי גליד,גרמים,246.00,100 גרם,false,1,24.90,10.12,true,1,
7290018652671,false,לה קרמריה וולנס שוק וניל תו איל 700 גרם,גלידות נסטלה,IL,לה קרמריה שוקו ו,ליטרים,1.40,ליטר,false,1,21.90,15.64,true,1,
7290018652688,false,לה קרמריה פירות טרופיים ופירות יער נסטלה 700 גרם,גלידות נסטלה,IL,לה קרמריה טרופי,ליטרים,0.84,ליטר,false,1,21.90,26.07,true,1,
7290018652909,false,מאגדת מאגנום קפה שוקולד ופקאן 5 *43 ג' נסטלה,גלידות נסטלה,IL,מאגדת קפה שוקולד,גרמים,215.00,100 גרם,false,1,27.90,12.98,true,1,
7290018677124,false,גרנולה קראנצ'י חמוציות ודובדבנים ללא גלוטן וללא תוספת סוכר נוטרה זן-300 גרם,נוטרה זון,CZ,גרנולה קראנצ',גרמים,300.00,100 גרם,false,1,23.90,7.97,true,1,
7290018677148,false,גרנולה קראנצ'י שוקולד וקוקוס ללא גלוטן וללא תוספת סוכר נוטרה זן-300 גרם,,CZ,גרנולה קראנצ',גרמים,300.00,100 גרם,false,1,23.90,7.97,true,1,
7290018703052,false,חטיף חלבון עוג.קראנץ29גר,,NL,חטיף חלבון פראוד,גרמים,29.00,100 גרם,false,1,10.90,37.59,true,1,
7290018703069,false,מאגדת חטיף חלבון עוגיות קראנצ 5*29 ג' פראוד,,NL,חטיפי פראוד 5 יח,גרמים,145.00,100 גרם,false,1,44.90,30.97,true,1,
7290018703182,false,חט.חלבון שוק.בוטן+קרמל29,,NL,חטיף חלבון פראוד,גרמים,29.00,100 גרם,false,1,10.90,37.59,true,1,
7290018703199,false,מאגדת חטיף חלבון שוקולד בוטנים 5*29 ג' פראוד,,NL,חטיפי פראוד 5 יח,גרמים,145.00,100 גרם,false,1,44.90,30.97,true,1,
7290018703496,false,פראוד - חטיף חלבון בטעם בננה טופי 60 גרם,פראוד,NL,חטיף חלבון,גרמים,60.00,100 גרם,false,1,12.90,21.50,true,1,
7290018720103,false,"אפיפיות וופל בטעם שוקו לל""ס הדר 250 גרם","א.ג גילרו בע""\מ",IL,אפיפיות ללא סוכר,גרמים,250.00,100 גרם,false,1,7.90,3.16,true,1,
7290018720110,false,מעדני המלך- יאמי עוגיות ממולאות בקרם אגוזים 30% 150 גרם,"הגביע מוצרי ופלים בע""\מ",IL,עוגיות יאמי,גרמים,150.00,100 גרם,false,1,6.90,4.60,true,1,
7290018720127,false,עוג.יאמי ממולא ק.שמנת150,"הגביע מוצרי ופלים בע""\מ",IL,עוגיות יאמי,גרמים,150.00,100 גרם,false,1,6.90,4.60,true,1,
7290018724354,false,גרנולה אורגנית שוקולד300,,IL,גרנולה אורגנית,גרמים,300.00,100 גרם,false,1,26.90,8.97,true,1,
7290018732007,false,אבוקדו האס ארוז יחידה,גרנות,,אבוקדו האס ארוז,יחידה,1.00,יחידה,false,0,11.90,11.90,true,1,
7290018757000,false,מיץ רימונים אורגני עתיד ירוק 1 ליטר,,TR,מיץ רימונים,ליטרים,1.00,ליטר,false,1,22.90,22.90,true,1,
7290018757116,false,קמח שקדים עתיד ירוק 250 גרם,"אשבל פונקציות בע""מ",IL,קמח שקדים,גרמים,250.00,100 גרם,false,1,25.90,10.36,true,1,
7290018757123,false,פתיתי ש.שועל דקה קוואקר אורגני 400 גרם,נוטרה זן,FI,פתיתי ש.שועל,גרמים,400.00,100 גרם,false,1,19.90,4.98,true,1,
7290018757147,false,"קמח ש.שועל מלאה לל""ג אורגני 400 גרם",נוטרה זן,FI,קמח שיבולת שועל,גרמים,400.00,100 גרם,false,1,18.90,4.73,true,1,
7290018757154,false,קמח עדשים אדומות עתיד ירוק 400 גרם,טחנת קמח טל,IL,קמח עדשים אדומות,גרמים,400.00,100 גרם,false,1,21.30,5.33,true,1,
7290018757161,false,קמח טף בהיר מעודן עתיד ירוק 400 גרם,טחנת קמח טל,IL,קמח טף ללא גלוטן,גרמים,400.00,100 גרם,false,1,24.30,6.08,true,1,
7290018757192,false,קמח טף חום עתיד ירוק 400 גרם,,IL,קמח טף חום,גרמים,400.00,100 גרם,false,1,24.30,6.08,true,1,
7290018757246,false,שווארמה טבעונית עתיד ירוק 400 גרם,פרה מזון בעמ,IL,שווארמה טבעונית,גרמים,400.00,100 גרם,false,1,21.90,5.48,true,1,
7290018757253,false,קבבונים טבעוניים עתיד ירוק 400 גרם,פרה מזון בעמ,IL,קבבונים טבעוניים,גרמים,400.00,100 גרם,false,1,21.90,5.48,true,1,
7290018757277,false,בורגר ירקות טבעוני עתיד ירוק 400 גרם,פרה מזון בעמ,IL,בורגר ירקות,גרמים,400.00,100 גרם,false,1,19.90,4.98,true,1,
7290018757291,false,זרעי צ'יה לבנה 230 גרם,,PY,זרעי צ'יה לבנה,גרמים,230.00,100 גרם,false,1,19.90,8.65,true,1,
7290018757383,false,לחם פרוס טבעוני עם קמח טף 500 גרם,אשבל בעמ,IL,לחם קמח טף,גרמים,500.00,100 גרם,false,1,22.90,4.58,true,1,
7290018757420,false,יובה חלבון סויה מיובש מסולסלת קשרים 300,נאיהואנג יג'\יה פוד רו א,CN,חלבון סויה מיובש,גרמים,300.00,100 גרם,false,1,19.90,6.63,true,1,
7290018757505,false,סודה לשתייה ללא אלומיניום 600 גרם,אשבל בעמ,IL,סודה לשתיה,גרמים,600.00,100 גרם,false,1,19.90,3.32,true,1,
7290018757574,false,זרעי ציה 230 ג SUPER FOOD,,IL,זרעי צ'יה,גרמים,230.00,100 גרם,false,1,16.90,7.35,true,1,
7290018757857,false,אגוזי נמר קלופים שליס 300 גרם,,IL,אגוזי נמר קלופים,גרמים,300.00,100 גרם,false,1,29.90,9.97,true,1,
7290018758045,false,חסה לאליק 4 יחידות,,IL,חסה לאליק,יחידה,1.00,יחידה,false,1,12.90,12.90,true,1,
7290018795842,false,שיני שום קלופות 500ג מרינה,מרינה,IL,שיני שום קלופות,גרמים,500.00,100 גרם,false,1,18.90,3.78,true,1,
7290018825020,false,תפוח אדמה גורמה דוד משה,חבל מעון,IL,"תפו""א לבן גורמה",קילוגרמים,0.00,"ק""ג",true,1,6.90,6.90,true,1,
7290018825815,false,תפוח אדמהלבן בייבי גורמה,חבל מעון,IL,"תפו""א בייבי גורמ",קילוגרמים,0.00,"ק""ג",true,1,6.90,6.90,true,1,
7290018835005,false,אקסטרה צ'יפס אורז חום מלא מלח פלפל שמן זית 60 גרם,נוהלס ג'י אס סי.,BG,צ'יפס אורז חום,גרמים,60.00,100 גרם,false,1,6.90,11.50,true,1,
7290018857748,false,שקד לבן אורגני 300 גרם,,IL,שקד לבן אורגני,גרמים,300.00,100 גרם,false,1,42.90,14.30,true,1,
7290018857885,false,"חמאת בוטנים 1 ק""ג",,AR,חמאת בוטנים,קילוגרמים,1.00,"ק""ג",false,1,32.90,32.90,true,1,
7290018893036,false,צ'וקטה ביסקוויט בטעם שוקוטלד במילוי קרם בטעם וניל 176 גרם,סטרופוואפל,ES,עוגיות סנדוויץ,גרמים,176.00,100 גרם,false,1,6.90,3.92,true,1,
7290018893296,false,עוגיות חמאה מצופות שוקולד בעיטורי שוקולד לבן 100 ג',דיסטרופר אוליבייר,BE,עוגיות חמאה,גרמים,100.00,100 גרם,false,1,9.90,9.90,true,1,
7290018893500,false,צ'וקטה עוגיות סנדביץ שוקו 180 גרם חלב נכרי,צ'וקטה Chocketa,ES,עוגיות סנדביץ,גרמים,180.00,100 גרם,false,1,4.90,2.72,true,1,
7290018893517,false,צ'וקטה בייגלה שטוח מצופה שוקולד מריר 80 גרם,צ'וקטה Chocketa,RO,בייגלה מצופה,גרמים,80.00,100 גרם,false,1,6.90,8.63,true,1,
7290018893647,false,עוגיות סנדוויץ במילוי קרם וניל בציפוי שוקולד 150 גרם צ'וקטה,צ'וקטה Chocketa,ES,עוגיות סנדוויץ,גרמים,150.00,100 גרם,false,1,9.90,6.60,true,1,
7290018893654,false,חטיפי בייגלה דקיקים ופריכים מלח צ'וקטה 200 ג',SC ALKA TRADING CO S,RO,בייגלה + מלח,גרמים,200.00,100 גרם,false,1,6.90,3.45,true,1,
7290018893661,false,עוגות אישיות במילוי קרם קקאו ציפוי בטעם שוקולד מריר,"פרדי קונדיטוריה אס,פי.אי",IT,עוגות אישיות,גרמים,240.00,100 גרם,false,1,13.90,5.79,true,1,
7290018893708,false,עוגיות סנדוויץ' במילוי קרם בטעם שוקולד,צ'וקטה Chocketa,ES,עוגיות סנדביץ,גרמים,250.00,100 גרם,false,1,6.90,2.76,true,1,
7290018893852,false,חטיפי בייגלה דקיקים ופריכים שומשום צ'וקטה 200 ג',SC ALKA TRADING CO S,RO,בייגלה עם שומשום,גרמים,200.00,100 גרם,false,1,6.90,3.45,true,1,
7290018893906,false,עוגיות סנדוויץ' במילוי קרם בטעם וניל,צ'וקטה Chocketa,ES,עוגיות סנדביץ,גרמים,250.00,100 גרם,false,1,6.90,2.76,true,1,
7290018893913,false,"צ`וקטה ממרח אגוזי לוז עם מקלות גריסיני קקאו, 52 גרם",צ'וקטה Chocketa,IT,ממרח אגוז+מקלות,גרמים,52.00,100 גרם,false,1,5.90,11.35,true,1,
7290018921067,false,"ד""ר פישר - אפקטיב קר תחליב רחצה שמן שקדים 700 מ""ל",פישר מעבדות פרמצבטיות בע,IL,תחליב רחצה שקדים,מיליליטרים,700.00,"100 מ""ל",false,1,16.90,2.41,true,1,
7290018921456,false,"ד""ר פישר - אפקטיב קר תחליב רחצה שמן כותנה 700 מ""ל",פישר מעבדות פרמצבטיות בע,IL,תחליב רחצה כותנה,מיליליטרים,700.00,"100 מ""ל",false,1,16.90,2.41,true,1,
7290018921753,false,קמיל אל סבון היגייני לניקוי יסודי מועשר בלחות 1 ליטר,פישר תעשיות,IL,אל סבון קמיל,ליטרים,1.00,ליטר,false,1,15.90,15.90,true,1,
7290018921807,false,"קמיל בלו משחת החתלה צמחי מרפא 120 ג' ד""ר פישר",פישר מעבדות פרמצבטיות בע,IL,קמיל בלו משחה,גרמים,120.00,100 גרם,false,1,15.90,13.25,true,1,
7290018925065,false,מיץ פרימור תפוזים סחוט 2 ליטר-,"גניר (1992) בע""מ",IL,מיץ תפוזים סחוט,ליטרים,2.00,ליטר,false,1,26.90,13.45,true,1,
7290018925072,false,משקה קל לימונים ונענע 2 ל פרימור,"גניר (1992) בע""מ",IL,משקה קל לימונים,ליטרים,2.00,ליטר,false,1,26.90,13.45,true,1,
7290018949009,false,גרופר משקה קל מוגז אורגני תפוזזה 330 מ,מיקס קווידזון,PL,משקה קל מוגז,מיליליטרים,330.00,"100 מ""ל",false,1,9.50,2.88,true,1,
7290018949016,false,"גרופר משקה קל מוגז אורגני תפוחחה 330 מ""",מיקס קווידזון,PL,משקה קל מוגז,מיליליטרים,330.00,"100 מ""ל",false,1,9.50,2.88,true,1,
7290019014614,false,"מרכך כביסה בלו 900 מ""ל",סאסא טק,IL,מרכך כביסה בלו,מיליליטרים,900.00,"100 מ""ל",false,1,19.90,2.21,true,1,
7290019014621,false,"מרכך כביסה לגונה 900 מ""ל",סאסא טק,IL,מרכך כביסה לגונה,מיליליטרים,900.00,"100 מ""ל",false,1,19.90,2.21,true,1,
7290019014638,false,מרכך כביסה פרש וויט 900,סאסא טק,IL,מרכך כביסה פרש,מיליליטרים,900.00,"100 מ""ל",false,1,19.90,2.21,true,1,
7290019014669,false,ג'ל לכביסה צבעונית 1.35ל,סאסא טק,IL,ג'ל לכביסה ירוק,ליטרים,1.35,ליטר,false,1,29.90,22.15,true,1,
7290019014676,false,ג'ל לכביסה לבנה 1.35 ל,סאסא טק,IL,ג'ל לכביסה לבנה,ליטרים,1.35,ליטר,false,1,29.90,22.15,true,1,
7290019014683,false,נוזל רצפות פרדייס 1.35 ל,סאסא טק,IL,נוזל לרצפות,ליטרים,1.35,ליטר,false,1,24.90,18.44,true,1,
7290019014706,false,נוזל רצפות פרש וויט1.35ל,סאסא טק,IL,נוזל רצפות פרש,ליטרים,1.35,ליטר,false,1,24.90,18.44,true,1,
7290019014737,false,"מבשם בדים ביץ קלאב500מ""ל",סאסא טק,IL,מבשם בדים קלאב,מיליליטרים,500.00,"100 מ""ל",false,1,19.90,3.98,true,1,
7290019014751,false,ניקוי כלים24% פלאוור750מ,סאסא טק,IL,ניקוי כלים 24%,מיליליטרים,750.00,"100 מ""ל",false,1,14.90,1.99,true,1,
7290019014768,false,"ניקוי כלים 24% 750מ""ל",סאסא טק,IL,ניקוי כלים 24%,מיליליטרים,750.00,"100 מ""ל",false,1,14.90,1.99,true,1,
7290019014782,false,מרסס אקונומיקה לבנדר750מ,סאסא טק,IL,מרסס אקונומיקה,מיליליטרים,750.00,"100 מ""ל",false,1,14.90,1.99,true,1,
7290019014799,false,מסיר אבנית לאמבטיה 750 מ,סאסא טק,IL,קצף מסיר אבנית,מיליליטרים,750.00,"100 מ""ל",false,1,14.90,1.99,true,1,
7290019014805,false,"מרסס מנקה ריפודים 500מ""ל",סאסא טק,IL,מרסס מנקה ריפוד,מיליליטרים,500.00,"100 מ""ל",false,1,24.90,4.98,true,1,
7290019014812,false,"מרסס מנטרל ריחות 500 מ""ל",סאסא טק,IL,מרסס מנטרל ריחות,מיליליטרים,500.00,"100 מ""ל",false,1,19.90,3.98,true,1,
7290019014850,false,"תרסיס דוחה מים 400 מ""ל",סאסא טק,IL,תרסיס דוחה מים,מיליליטרים,400.00,"100 מ""ל",false,1,26.90,6.73,true,1,
7290019014867,false,"תרסיס מסיר דיו+דבק400מ""ל",סאסא טק,IL,תרסיס מסיר דיו,מיליליטרים,400.00,"100 מ""ל",false,1,26.90,6.73,true,1,
7290019014874,false,נוזל רצפות אוריאנטל1.35ל,סאסא טק,IL,נוזל רצפות,ליטרים,1.35,ליטר,false,1,24.90,18.44,true,1,
7290019014898,false,רדיד אלומיניום 30 מטר רו,,IL,רדיד אלומיניום,מטרים,30.00,מטר,false,1,39.90,1.33,true,1,
7290019014911,false,נייר אפייה בגליל 20 מטר,,IL,נייר אפייה TNX,מטרים,20.00,מטר,false,1,24.90,1.25,true,1,
7290019014928,false,תבנית אלומיניום גסטרונום,,IL,תבנית אלומינום ג,יחידה,1.00,יחידה,false,1,14.90,14.90,true,1,
7290019014935,false,תבנית אלומיניום עבה רוסט,,IL,תבנית אלומינום ר,יחידה,1.00,יחידה,false,1,14.90,14.90,true,1,
7290019014942,false,תבנית אלומיניום רוסטר מ,,IL,תבנית אלומינום ר,יחידה,1.00,יחידה,false,1,14.90,14.90,true,1,
7290019014959,false,תבנית אלומיניום עבה דגם,,IL,תבנית אלומינום ל,יחידה,1.00,יחידה,false,1,14.90,14.90,true,1,
7290019014973,false,מבשם בדים בייבי לאב500מ,סאסא טק,IL,מבשם בדים בייבי,מיליליטרים,500.00,"100 מ""ל",false,1,19.90,3.98,true,1,
7290019056027,false,שוופס מוגז פירות תפוחים ללא סוכר 1.5 ליטר פיקדון,"יפאורה תבורי בע""\מ",IL,שוופס ללא סוכ,ליטרים,1.50,ליטר,false,0,8.70,5.80,true,1,
7290019056034,false,שוופס מוגז פירות אננס ללא סוכר 1.5 ליטר פיקדון,"יפאורה תבורי בע""מ",IL,שוופס אננס,ליטרים,1.50,ליטר,false,0,8.70,5.80,true,1,
7290019056041,false,שוופס מוגז פירות לימונייד ללא סוכר 1.5 ליטר פיקדון,"יפאורה תבורי בע""מ",IL,שוופס למונייד,ליטרים,1.50,ליטר,false,0,8.70,5.80,true,1,
7290019056058,false,שוופס מוגז עדין תפוח ליים 1.5 ליטר פיקדון,"יפאורה תבורי בע""\מ",IL,שוופס מוגז תפוח,ליטרים,1.50,ליטר,false,0,8.70,5.80,true,1,
7290019056065,false,שוופס מוגז עדין פירות יער 1.5 ליטר פיקדון,"יפאורה תבורי בע""\מ",IL,שוופס מוגז,ליטרים,1.50,ליטר,false,0,8.70,5.80,true,1,
7290019056072,false,שוופס מוגז עדין אננס 1.5 ליטר פיקדון,מיוצר עי קונדיטוריית,IL,שוופס מוגז עד,ליטרים,1.50,ליטר,false,0,8.70,5.80,true,1,
7290019056089,false,שוופס מוגז עדין ענבי ריזלינג 1.5 ליטר פיקדון,"יפאורה תבורי בע""\מ",IL,שוופס מוגז,ליטרים,1.50,ליטר,false,0,8.70,5.80,true,1,
7290019056096,false,שוופס מוגז עדין אפרסק 1.5 ליטר פיקדון,"יפאורה תבורי בע""\מ",IL,שוופס אפרסק,ליטרים,1.50,ליטר,false,0,8.70,5.80,true,1,
7290019056119,false,שוופס סודה 1.5 ליטר פיקדון,"יפאורה תבורי בע""\מ",IL,שוופס מי סודה,ליטרים,1.50,ליטר,false,0,3.70,2.47,true,1,
7290019056133,false,שוופס סודה נענע ליים 1.5 ליטר בק' בודד,"יפאורה תבורי בע""\מ",IL,שוופס סודה,ליטרים,1.50,ליטר,false,0,3.70,2.47,true,1,
7290019056164,false,שוופס סודה 1.5 ליטר רביעייה פיקדון,"יפאורה תבורי בע""\מ",IL,שוופס סודה1.5*4ל,ליטרים,6.00,ליטר,false,0,12.20,2.03,true,1,
7290019056171,false,מארז רביעיית סודה בטעם לימון 1.5 ל' שוופס,"יפאורה תבורי בע""\מ",IL,סודה לימון 1.5*4,ליטרים,6.00,ליטר,false,0,12.20,2.03,true,1,
7290019056188,false,מארז רביעיית סודה בטעם נענע ליים 1.5 ל' שוופס,"יפאורה תבורי בע""\מ",IL,שוופס סודה1.5*4ל,ליטרים,6.00,ליטר,false,0,12.20,2.03,true,1,
7290019056232,false,משקה מוגז בטעם ליים מוחיטו 1.5 ל' שוופס,"יפאורה תבורי בע""\מ",IL,שוופס ליים מו,ליטרים,1.50,ליטר,false,0,9.20,6.13,true,1,
7290019056256,false,שוופס מים בטעמים תפוחים 1.5 ליטר פיקדון,מיוצר עי קונדיטוריית,IL,שוופס מים תפו,ליטרים,1.50,ליטר,false,0,8.30,5.53,true,1,
7290019056263,false,שוופס מים בטעמים אפרסק 1.5 ליטר פיקדון,מיוצר עי קונדיטוריית,IL,שוופס מים אפר,ליטרים,1.50,ליטר,false,0,8.30,5.53,true,1,
7290019056270,false,שוופס מים בטעמים פירות יער 1.5 ליטר פיקדון,"יפאורה תבורי בע""\מ",IL,מים פירות יער,ליטרים,1.50,ליטר,false,0,8.30,5.53,true,1,
7290019056294,false,משקה בטעם גינגר אייל 1.5 ל' שוויפס,"יפאורה תבורי בע""\מ",IL,שוופס ג'ינג'ר,ליטרים,1.50,ליטר,false,0,12.20,8.13,true,1,
7290019056300,false,משקה בטעם ביטר לימון 1.5 ל' שוויפס,"יפאורה תבורי בע""\מ",IL,שוופס ביטר לי,ליטרים,1.50,ליטר,false,0,12.20,8.13,true,1,
7290019056317,false,שוופס ראשן 1.5 ליטר פיקדון,"יפאורה תבורי בע""\מ",IL,שוופס ראש'ן,ליטרים,1.50,ליטר,false,0,12.20,8.13,true,1,
7290019056324,false,משקה בטעם טוניק 1.5 ל' שוופס,"יפאורה תבורי בע""\מ",IL,שוופס מי טוני,ליטרים,1.50,ליטר,false,0,12.20,8.13,true,1,
7290019056331,false,משקה בטעם טוניק ללא סוכר 1.5 ל' שוופס,מיוצר עי קונדיטוריית,IL,מי טוניק ל.סו,ליטרים,1.50,ליטר,false,0,11.90,7.93,true,1,
7290019056355,false,תפוזינה לימונדה MIX לימונענע 1.5 ליטר,"יפאורה תבורי בע""\מ",IL,תפוזינה לימונ,ליטרים,1.50,ליטר,false,0,8.50,5.67,true,1,
7290019056362,false,תפוזינה ענבים 1.5 ליטר פיקדון,"יפאורה תבורי בע""\מ",IL,תפוזינה ענבים,ליטרים,1.50,ליטר,false,0,8.50,5.67,true,1,
7290019056379,false,תפוזינה תפוזים 1.5 ליטר פיקדון,"יפאורה תבורי בע""\מ",IL,תפוזינה תפוזי,ליטרים,1.50,ליטר,false,0,8.50,5.67,true,1,
7290019056386,false,פתוזינה אשכולית 1.5 ליטר פיקדון,"יפאורה תבורי בע""\מ",IL,תפוזינה אשכול,ליטרים,1.50,ליטר,false,0,8.50,5.67,true,1,
7290019056393,false,תפוזינה תות בננה 1.5 ליטר פיקדון,"יפאורה תבורי בע""\מ",IL,תפוזינה תות ב,ליטרים,1.50,ליטר,false,0,8.50,5.67,true,1,
7290019056409,false,תפוזינה מנגו 1.5 ליטר פיקדון,"יפאורה תבורי בע""\מ",IL,תפוזינה מנגו,ליטרים,1.50,ליטר,false,0,8.50,5.67,true,1,
7290019056416,false,מיץ בטעם לימונדה ורודה 1.5 ל' תפוזינה,"יפאורה תבורי בע""\מ",IL,תפוזינה לימונדה,ליטרים,1.50,ליטר,false,0,8.50,5.67,true,1,
7290019056423,false,מיץ בטעם תפוח רענן 1.5ל' תפוזינה,"יפאורה תבורי בע""\מ",IL,תפוזינה תפוח,ליטרים,1.50,ליטר,false,0,8.50,5.67,true,1,
7290019056430,false,תפוזינה תפוזים לייט 1.5 ליטר פיקדון,"יפאורה תבורי בע""\מ",IL,תפוזינה לייט,ליטרים,1.50,ליטר,false,0,7.90,5.27,true,1,
7290019056478,false,ספרינג טי קר אפרסק 1.5ליטר פיקדון,"יפאורה תבורי בע""\מ",IL,ספרינג תה אפר,ליטרים,1.50,ליטר,false,0,8.10,5.40,true,1,
7290019056485,false,ספריג תה ירוק לימון לואיזה 1.5 ליטר פיקדון,"יפאורה תבורי בע""\מ",IL,תה ספרינג ירו,ליטרים,1.50,ליטר,false,0,8.10,5.40,true,1,
7290019056515,false,fruit water פרוט ווטר אננס 1.5 ליטר-,"יפאורה תבורי בע""\מ",IL,פרוט ווטר אננ,ליטרים,1.50,ליטר,false,0,8.90,5.93,true,1,
7290019056539,false,fruit water פרוט ווטר אפרסק 1.5 ליטר-,"יפאורה תבורי בע""\מ",IL,פרוט ווטר אפר,ליטרים,1.50,ליטר,false,0,8.90,5.93,true,1,
7290019056546,false,fruit water פרוט ווטר אבטיח 1.5 ליטר-,"יפאורה תבורי בע""\מ",IL,פרוט ווטר אבט,ליטרים,1.50,ליטר,false,0,8.90,5.93,true,1,
7290019056553,false,שישיית מים מינרלים עין גדי 2 ליטר,עין גדי מיים מינרלים,IL,מים עין גדי2*6ל,ליטרים,12.00,ליטר,false,0,13.30,1.11,true,1,
7290019056560,false,עין גדי 2 ליטר בק' בודד פיקדון,עין גדי מיים מינרלים,IL,מים מינרלים,ליטרים,2.00,ליטר,false,0,3.20,1.60,true,1,
7290019056577,false,משקה קל מנגו ספרינג 1.5 ליטר,"יפאורה תבורי בע""\מ",IL,ספרינג מנגו,ליטרים,1.50,ליטר,false,0,8.50,5.67,true,1,
7290019056584,false,משקה קל תפוזים ספרינג 1.5 ליטר,"יפאורה תבורי בע""\מ",IL,ספרינג תפוזים,ליטרים,1.50,ליטר,false,0,8.50,5.67,true,1,
7290019056591,false,משקה קל ענבים ספרינג 1.5 ליטר,"יפאורה תבורי בע""\מ",IL,ספרינג ענבים,ליטרים,1.50,ליטר,false,0,8.50,5.67,true,1,
7290019056607,false,משקה קל תפוחים ספרינג 1.5 ליטר,"יפאורה תבורי בע""\מ",IL,ספרינג תפוחים,ליטרים,1.50,ליטר,false,0,8.50,5.67,true,1,
7290019056614,false,משקה קל אפרסק ספרינג 1.5 ליטר,"יפאורה תבורי בע""\מ",IL,ספרינג אפרסק,ליטרים,1.50,ליטר,false,0,8.50,5.67,true,1,
7290019056621,false,משקה קל פירות טרופיים ספרינג 1.5 ליטר,"יפאורה תבורי בע""\מ",IL,משקה ספרינג,ליטרים,1.50,ליטר,false,0,8.50,5.67,true,1,
7290019056638,false,משקה קל תות בננה ספרינג 1.5 ליטר,"יפאורה תבורי בע""\מ",IL,ספרינג תות בנ,ליטרים,1.50,ליטר,false,0,8.50,5.67,true,1,
7290019056645,false,משקה קל אגס תפוח סברס ספרינג 1.5 ליטר,"יפאורה תבורי בע""\מ",IL,משקה ספרינג,ליטרים,1.50,ליטר,false,0,8.50,5.67,true,1,
7290019056652,false,משקה קל אננס בננה ספרינג 1.5 ליטר,"יפאורה תבורי בע""\מ",IL,ספרינג אננס ב,ליטרים,1.50,ליטר,false,0,8.50,5.67,true,1,
7290019056669,false,משקה קל תפוחים דיאט ספרינג 1.5 ליטר,"יפאורה תבורי בע""\מ",IL,ספרינג תפוח ל,ליטרים,1.50,ליטר,false,0,7.90,5.27,true,1,
7290019056676,false,מיץ דיאט בטעם אשכוליות ואננס 1.5ל' ספרינג,"יפאורה תבורי בע""\מ",IL,ספרינג לייט,ליטרים,1.50,ליטר,false,0,7.90,5.27,true,1,
7290019056850,false,ספרינג תה אפרסק דיאט 1.5 ליטר פיקדון,"יפאורה תבורי בע""\מ",IL,תה ספרינג דיא,ליטרים,1.50,ליטר,false,0,8.10,5.40,true,1,
7290019056959,false,מי עדן 1.5 ליטר בק' בודד פיקדון,"מופק ממקור בזלתי עדן ,1",IL,מי עדן 1.5 לי,ליטרים,1.50,ליטר,false,0,4.20,2.80,true,1,
7290019056973,false,שישיית מי עדן 1.5 ליטר משפחתי,"מופק ממקור בזלתי עדן ,1",IL,מי עדן 1.5*6ל,ליטרים,9.00,ליטר,false,0,13.90,1.54,true,1,
7290019075479,false,"ד""ר פישר - קמיל בלו קלאסיק שמפו לתינוק 1 ליטר",פישר מעבדות פרמצבטיות בע,IL,שמפו לתינוק,ליטרים,1.00,ליטר,false,1,29.90,29.90,true,1,
7290019075899,false,קמיל בלו אקסטרה סופט אל סבון לתינוק 1 ליטר,פישר מעבדות פרמצבטיות בע,IL,א.סבון קמיל בלו,ליטרים,1.00,ליטר,false,1,33.90,33.90,true,1,
7290019078784,false,אבקת קקאו אורגנית 400 גרם,"אלמונדס בע""מ",PE,אבקת קקאו אורגני,גרמים,400.00,100 גרם,false,1,31.90,7.98,true,1,
7290019153078,false,"שוופס ביטר למון לייט, 1.5 ליטר פקדון","יפאורה תבורי בע""\מ",IL,שוופס ביטר למון,ליטרים,1.50,ליטר,false,1,11.90,7.93,true,1,
7290019153085,false,שוופס מוגז ליים מוחיטו ללא סוכר 1.5 ליטר-,"יפאורה תבורי בע""\מ",IL,שוופס מוחיטו ללס,ליטרים,1.50,ליטר,false,1,8.90,5.93,true,1,
7290019153214,false,"פחית משקה מוגז מנטה 330 מ""ל שוופס",יפאורה תבורי בעמ,IL,שוופס מנטה פחית,מיליליטרים,330.00,"100 מ""ל",false,1,4.90,1.48,true,1,
7290019153269,false,שוופס סודה אננס 1.5 ליטר רביעייה פיקדון,"יפאורה תבורי בע""\מ",IL,שוופס סודה 4 בק,ליטרים,6.00,ליטר,false,1,12.20,2.03,true,1,
7290019153313,false,"משקהתפוח חמוציות אוכמניות 350 מ""ל פרות & ווג",יפאורה תבורי בעמ,IL,משקה פרוט&וג',מיליליטרים,350.00,"100 מ""ל",false,1,7.60,2.17,true,1,
7290019153344,false,מיץ בטעם סנגרייה 1.5 ל' תפוזינה,"יפאורה תבורי בע""\מ",IL,תפוזינה סנגרייה,ליטרים,1.50,ליטר,false,1,8.50,5.67,true,1,
7290019153351,false,מיץ בטעם פינק אוזו 1.5 ל' תפוזינה,"יפאורה תבורי בע""\מ",IL,תפוזינה פינק,ליטרים,1.50,ליטר,false,1,8.50,5.67,true,1,
7290019153375,false,מיץ בטעם מוחיטו 1.5 ל' תפוזינה,"יפאורה תבורי בע""\מ",IL,תפוזינה מוחיטו,ליטרים,1.50,ליטר,false,1,8.50,5.67,true,1,
7290019153535,false,"רביעיית שוופס מוגז פירות למונייד ללא סוכר 330 מ""ל פחיות",יפאורה תבורי,IL,שוופס לימונייד4*,ליטרים,1.32,ליטר,false,1,14.90,11.29,true,1,
7290019203018,false,טורטייה מחומוס מונבט ללא גלוטן 180 ג' Full Wrap,אופה מזון ובריאות,IL,טורטייה מחומוס,גרמים,185.00,100 גרם,false,1,21.90,11.84,true,1,
7290019204107,false,עוף טוב פסטרמה בטעם אווז 320 גרם,עיצובים 2020 (4.9),IL,פסטרמה בטעם אווז,גרמים,320.00,100 גרם,false,1,27.90,8.72,true,1,
7290019204206,false,עוף טוב פסטרמה בסגנון רומני 320 גרם,עיצובים 2020 (4.9),IL,פסטרמה בסגנון ר,גרמים,320.00,100 גרם,false,1,27.90,8.72,true,1,
7290019204305,false,חזה הודו פסטרמה ברביקיו 350 גר',עיצובים 2020 (4.9),IL,פסטרמה ברביקיו,גרמים,350.00,100 גרם,false,1,27.90,7.97,true,1,
7290019232155,false,"חליטת ""לילה טוב"" קמומיל לבנדר ו25 שקיקים ויסוצקי",תה ויסוצקי,IL,חליטת קמומיל,גרמים,50.00,100 גרם,false,1,23.90,47.80,true,1,
7290019232162,false,"חליטת ""לילה טוב"" קמומיל מליסה 25 שקיקים ויסוצקי",תה ויסוצקי,IL,חליטת קמומיל,גרמים,50.00,100 גרם,false,1,23.90,47.80,true,1,
7290019232179,false,חליטת לילה טוב נענע 25 שקיקים ויסוצקי,תה ויסוצקי,IL,תה ירוק נענע,גרמים,37.00,100 גרם,false,1,23.90,64.59,true,1,
7290019232193,false,תה ירוק לימונית ג'ינג'ר STAY WELL שקיקים 25 ויסוצקי,תה ויסוצקי,IL,תה ירוק לימונית,גרמים,37.00,100 גרם,false,1,23.90,64.59,true,1,
7290019232407,false,תה ירוק נענע 25 שק5+שק,ויסוצקי,IL,תה ירוק נענע,גרמים,45.00,100 גרם,false,1,24.90,55.33,true,1,
7290019232803,false,הולגריין ביסקוויט+קרם חלב ושוקולד חלב 300 גרם רבנות,"אולקר ביסקווי סנאי, א.ס.",TR,ביסקוויט עם קרם,גרמים,300.00,100 גרם,false,1,11.90,3.97,true,1,
7290019232827,false,הולגריין ביסקוויט במילוי אגוזי לוז 300 גרם רבנות,"אולקר ביסקווי סנאי, א.ס.",TR,ביסקוויט עם קרם,גרמים,300.00,100 גרם,false,1,11.90,3.97,true,1,
7290019232834,false,פליפז בייגלה מצופה קרם עוגיות ושוקולד מקוויטיס 140 גרם,אולקר מקבוצת פלאדיס,TR,בייגלה מצופה,גרמים,140.00,100 גרם,false,1,8.90,6.36,true,1,
7290019233008,false,רוטב עגבניות עם קוביות ארטישוק ושמן זית 420ג ויסוצקי,דליציה דורה אס.אר.אל,IT,רוטב לשקשוקה,גרמים,420.00,100 גרם,false,1,13.90,3.31,true,1,
7290019233015,false,רוטב שקשוקה תבשיל ירקות עם שמן זית כתית מעולה 420ג זיתא,זיתא,IT,רוטב לשקשוקה,גרמים,420.00,100 גרם,false,1,13.90,3.31,true,1,
7290019233022,false,רוטב עגבניות עם קוביות ושמן זית 420ג זיתא,דליציה דורה אס.אר.אל,IT,רוטב לשקשוקה,גרמים,420.00,100 גרם,false,1,13.90,3.31,true,1,
7290019233039,false,רוטב עגבניות עם קוביות פלפלים ושמן זית 420ג' ויסוצקי,דליציה דורה אס.אר.אל,IT,רוטב לשקשוקה,גרמים,420.00,100 גרם,false,1,13.90,3.31,true,1,
7290019274063,false,ג'ל כביסה בייבי 1.35 ל',סאסא טק,IL,ג'ל כביסה בייבי,ליטרים,1.35,ליטר,false,1,33.90,25.11,true,1,
7290019274087,false,"ארוסול קצף לאסלות 400מ""ל",סאסא טק,IL,ארוסול קצף ניקוי,מיליליטרים,400.00,"100 מ""ל",false,1,19.90,4.98,true,1,
7290019274261,false,"מבשם בדים לגון 500 מ""ל","סאסאטק אגש""\ח בע""\מ",IL,מבשם בדים לגון,מיליליטרים,500.00,"100 מ""ל",false,1,19.90,3.98,true,1,
7290019274278,false,מבשם בדים גרין פורסט500מ,"סאסאטק אגש""\ח בע""\מ",IL,מבשפ בדים פורסט,מיליליטרים,500.00,"100 מ""ל",false,1,19.90,3.98,true,1,
7290019279051,false,בדיקת קורונה ביתית 5יח,פארמה דיל,CN,בדיקת קורונה בית,יחידה,1.00,יחידה,false,1,39.90,39.90,true,1,
7290019297161,false,טורטיה ראפ מקמח תירס שקדיה 450 גרם,דין שיווק,TR,טורטיות ראפ,יחידה,1.00,יחידה,false,0,12.80,12.80,true,1,
7290019297222,false,פולי סויה אדממה 450גרם,שקדיה,IL,פולי סויה אדממה,גרמים,450.00,100 גרם,false,0,11.90,2.64,true,1,
7290019297383,false,מעדן משמש ללא סוכר שקדיה 284 ג',לינוי סיטי,CN,מעדן משמש,גרמים,284.00,100 גרם,false,1,10.90,3.84,true,1,
7290019297420,false,מעדן תות שדה 100% רכיבי פרי 284 גר' ללא תוספת סוכר,לינוי סיטי,CN,מעדן תות שדה,גרמים,284.00,100 גרם,false,1,10.90,3.84,true,1,
7290019297437,false,מעדן אוכמניות ללא סוכר שקדיה 284 ג',לינוי סיטי,CN,מעדן אוכמניות,גרמים,284.00,100 גרם,false,1,10.90,3.84,true,1,
7290019297444,false,פקאן טבעי 100גרם,שקדיה,IL,פקאן טבעי 100גרם,גרמים,100.00,100 גרם,false,1,16.90,16.90,true,1,
7290019297451,false,מי ורדים שקדיה 500 מ,אף.סי תבליני בגליל ב,BE,מי ורדים,מיליליטרים,500.00,"100 מ""ל",false,0,13.90,2.78,true,1,
7290019297512,false,"רוטב רימונים שקדיה 340 מ""ל בדץ",סיטוגלוגידה,TR,רוטב רימונים,גרמים,340.00,100 גרם,false,0,9.90,2.91,true,1,
7290019297536,false,חמאת בוטנים עם שברי בוטנים שקדיה 510 גרם,דין שיווק,IN,חמאת בוטנים,גרמים,510.00,100 גרם,false,0,18.20,3.57,true,1,
7290019297543,false,חמאת בוטנים שקדיה 510 גרם,דין שיווק,IN,חמאת בוטנים,גרמים,510.00,100 גרם,false,0,18.20,3.57,true,1,
7290019297550,false,בוטנים מטוגנים בקוספא 185 גרם,קריניציה ויטמינה אס,IL,בוטנים מטוגנים,גרמים,185.00,100 גרם,false,0,9.90,5.35,true,1,
7290019297796,false,עלי גפן ממולאים באורז אותנטי 400 גרם,.,CN,עלי גפן ממולאים,גרמים,400.00,100 גרם,false,1,9.90,2.48,true,1,
7290019302315,false,"ייו buzz אבטיח מלון 750 מ""ל",יקבי כרמל,IL,באזז אבטיח מבעבע,מיליליטרים,750.00,"100 מ""ל",false,1,27.90,3.72,true,1,
7290019302377,false,"למברוסקו וילה אדום750מ""ל",ג'קובזי איי. אי פיגילי ג,IT,למברוסקו וילה,מיליליטרים,750.00,"100 מ""ל",false,1,29.90,3.99,true,1,
7290019380344,false,"קולר ערק לימון 100*6 מ""ל",דודו הדיל,IL,קולר ערק לימון,מיליליטרים,600.00,"100 מ""ל",false,1,54.90,9.15,true,1,
7290100240137,false,"תרסיס למייבש כביסה כחול 500 מ""ל בדין","זוהר דליה, קיבוץ דליה, 1",IL,תרסיס למייבש,מיליליטרים,500.00,"100 מ""ל",false,0,16.90,3.38,true,1,
7290100240144,false,"בדין תרסיס למייבש כביסה ורוד 500 מ""ל","זוהר דליה, קיבוץ דליה, 1",IL,תרסיס למייבש,מיליליטרים,500.00,"100 מ""ל",false,0,16.90,3.38,true,1,
7290100240632,false,קרקר פתית 200-300ג' 6 דגנים 250 גרם,יוניליוור ישראל מזון בע\,IL,פתית 6 דגנים,גרמים,250.00,100 גרם,false,0,16.90,6.76,true,1,
7290100240656,false,"פתית שיפון בד""צ חדש 300X24 גר'",יוניליוור ישראל מזון בע\,IL,פתית קרקר שיפון,גרמים,300.00,100 גרם,false,0,16.90,5.63,true,1,
7290100243671,false,"מרכך כביסה מרוכז אקסטרה כחול בדין 960 מ""ל",יוניליוור סנאיי וי טיקאר,TR,מרכך כביסה בדין,מיליליטרים,960.00,"100 מ""ל",false,0,15.90,1.66,true,1,
7290100249598,false,"רוטב לעוף שום ודבש קנור 320 גרם בד""צ",יוניליוור ישראל מזון בע\,IL,רוטב לעוף,גרמים,320.00,100 גרם,false,0,10.90,3.41,true,1,
7290100249659,false,"רוטב לעוף צ'ילי מתוק ושום קנור 320 גרם בד""צ","יוניליוור ישראל מזון בע""",IL,רוטב לעוף,גרמים,320.00,100 גרם,false,0,10.90,3.41,true,1,
7290100412435,false,קוויק מטליות לחות 99.9% לניקוי כללי בריח פרחי בר 50 יחידות,די.פי.אל,IL,קוויק מגבונים,יחידה,1.00,יחידה,false,1,7.90,7.90,true,1,
7290100412763,false,"דר' עור תחליב רחצה קלאסי -לבנדר 700 מ""ל","אמיליה קוסמטיקס בע""מ",IL,תחליב רחצה,מיליליטרים,700.00,"100 מ""ל",false,1,16.90,2.41,true,1,
7290100412770,false,"ד""ר עור - תחליב רחצה קלאסי בניחוח מאסק 700 מ""ל","אמיליה קוסמטיקס בע""מ",IL,תחליב רחצה,מיליליטרים,700.00,"100 מ""ל",false,1,16.90,2.41,true,1,
7290100412831,false,תחליב רחצה אנטי אייג'ינג בניחוח וניל טרופי,"אמיליה קוסמטיקס בע""מ",IL,תחליב רחצה,מיליליטרים,700.00,"100 מ""ל",false,1,16.90,2.41,true,1,
7290100412848,false,DR OR תחליב גוף אנטי אייגינג וניל מעודן 400 מל,"אמיליה קוסמטיקס בע""מ",IL,תחליב גוף,מיליליטרים,400.00,"100 מ""ל",false,1,29.90,7.48,true,1,
7290100658338,false,נוזל כלים אוקסי פלוס עם נוסחת החמצן הפעיל,הנסיך- מפעל לייצור ט,GR,פלמוליב לכלים,מיליליטרים,750.00,"100 מ""ל",false,0,11.90,1.59,true,1,
7290100659090,false,פרי חטיפים ללא גלוטן ותוספת סוכר מארז 5 תמרים וקינמון,טבעית מוצרים מן הטבע בעמ,IL,חטיף FREE תמרים,גרמים,110.00,100 גרם,false,0,16.90,15.36,true,1,
7290100680667,false,מנה חמה נודלס-אטריות+ירקות טעם סצ'ואן,PUB FOODS PRESIDENT THAI,TH,מנה חמה נודלס,גרמים,76.00,100 גרם,false,0,5.90,7.76,true,1,
7290100680711,false,פירורית זהב אסם זהב 350ג',עינת תעשיות מזון אגו,IL,פירורית זהב אסם,גרמים,350.00,100 גרם,false,0,8.80,2.51,true,1,
7290100681015,false,אינסטנט פודינג בטעם ריבת חלב אסם 84 גרם,מיוצר עי קונדיטוריית,IL,אינסטנט פודינג,גרמים,84.00,100 גרם,false,0,5.50,6.55,true,1,
7290100681138,false,מארז אפרופו חטיף תירס 3 יחידות,"אסם השקעות בע""\מ",IL,אפרופו 3יח במארז,גרמים,150.00,100 גרם,false,0,12.90,8.60,true,1,
7290100684306,false,"רוטב צ'ילי מתוק 600מ""ל אסם","אסם השקעות בע""\מ",IL,רוטב צ'לי מתוק,מיליליטרים,600.00,"100 מ""ל",false,0,16.80,2.80,true,1,
7290100685136,false,"אבקת מרק בטעם עוף אסם 1 ק""ג","אסם השקעות בע""\מ",IL,מרק טעם עוף,קילוגרמים,1.00,"ק""ג",false,0,14.90,14.90,true,1,
7290100685334,false,אבקת מרק עוף אמיתי בשרי רכיבים טבעיים אסם 400 גרם,"אסם השקעות בע""\מ",IL,מרק עוף אמיתי,גרמים,400.00,100 גרם,false,0,21.70,5.43,true,1,
7290100685341,false,אבקת מרק טעם עוף זך רכיבים טבעיים אסם 400 גרם,"אסם השקעות בע""\מ",IL,מרק טעם עוף,גרמים,400.00,100 גרם,false,0,15.80,3.95,true,1,
7290100686171,false,מארז מולטיפק ביסלי גריל 6 יח 35 גר ליח,"אסם השקעות בע""\מ",IL,ביסלי מארז 6 יח,גרמים,210.00,100 גרם,false,0,12.90,6.14,true,1,
7290100689301,false,אבקת מרק בטעם עוף זך עדיף אסם 400 גרם,"אסם השקעות בע""\מ",IL,מרק בטעם עוף זך,גרמים,400.00,100 גרם,false,0,14.20,3.55,true,1,
7290100700020,false,גריסי פנינה 500 גרם סוגת,האי נאם סי או אל.טי.,IL,גריסי פנינה,גרמים,500.00,100 גרם,false,0,5.90,1.18,true,1,
7290100700242,false,"אורז מלא עגול 1 ק""ג סוגת","סוגת תעשיות בע""\מ",IL,אורז מלא עגול,קילוגרמים,1.00,"ק""ג",false,0,9.90,9.90,true,1,
7290100700372,false,"אורז בסמטי מלא סוגת 1 ק""ג",האי נאם סי או אל.טי.,IL,אורז בסמטי מלא,קילוגרמים,1.00,"ק""ג",false,0,13.90,13.90,true,1,
7290100700389,false,"אורז אדום 1 ק""ג ""סוגת""","סוגת תעשיות בע""\מ",IL,אורז אדום סוגת,קילוגרמים,1.00,"ק""ג",false,0,12.80,12.80,true,1,
7290100700396,false,"אורז יסמין קלאסי 1 ק""ג סוגת",האי נאם סי או אל.טי.,IL,אורז יסמין סוגת,קילוגרמים,1.00,"ק""ג",false,0,11.90,11.90,true,1,
7290100700419,false,"סוגת בורגול 1 ק""ג","סוגת תעשיות בע""\מ",IL,"בורגול 1 ק""ג",קילוגרמים,1.00,"ק""ג",false,0,7.90,7.90,true,1,
7290100700587,false,"בורגול ""סוגת"" 500 גרם",האי נאם סי או אל.טי.,IL,בורגול 500 גרם,גרמים,500.00,100 גרם,false,0,5.90,1.18,true,1,
7290100701157,false,"אורז להכנת סושי סוגת 1 ק""ג","סוגת תעשיות בע""\מ",IL,אורז להכנת סושי,קילוגרמים,1.00,"ק""ג",false,0,11.90,11.90,true,1,
7290100701300,false,קינואה אדומה סוגת 500 גרם,"סוגת תעשיות בע""\מ",IL,קינואה אדומה,גרמים,500.00,100 גרם,false,0,12.90,2.58,true,1,
7290100701331,false,קמח רב תכליתי שטיבל קמח חיטה לבן בהיר,"שטיבל בע""\מ - טחנות קמח",IL,קמח רב תכליתי,קילוגרמים,1.00,"ק""ג",false,0,7.50,7.50,true,1,
7290100701577,false,קמח לחם קמח חיטה לבן שטיבל,טחנות קמח שטיבל באר שבע,IL,"קמח לחם 1 ק""ג",קילוגרמים,1.00,"ק""ג",false,0,7.50,7.50,true,1,
7290100701881,false,קמח פיצה ופוקצ'ה- קמח חיטה לבן בהיר שטיבל,"שטיבל בע""\מ - טחנת קמח",IL,קמח פיצה,קילוגרמים,1.00,"ק""ג",false,0,7.50,7.50,true,1,
7290100702260,false,קוסקוס דק סוגת 350 גרם,"אסיף תעשיות מזון בע""\מ",IL,קוסקוס דק,גרמים,350.00,100 גרם,false,0,4.90,1.40,true,1,
7290100702383,false,קמח תופח מס' 13 סוגת,"שטיבל בע""\מ - טחנות קמח",IL,"קמח תופח 1 ק""ג",קילוגרמים,1.00,"ק""ג",false,0,7.50,7.50,true,1,
7290100702611,false,פתיתים אפויים אורז סוגת 500 גרם,"אסיף תעשיות מזון בע""\מ",IL,פתיתים סוגת,גרמים,500.00,100 גרם,false,0,4.90,0.98,true,1,
7290100702628,false,פתיתים אפויים קוסקוס סוגת 500 גרם,"אסיף תעשיות מזון בע""\מ",IL,פתיתים סוגת,גרמים,500.00,100 גרם,false,0,4.90,0.98,true,1,
7290100703007,false,"עדשים שחורות בלוגה 500 גרם ""סוגת""",האי נאם סי או אל.טי.,IL,עדשים שחורות,גרמים,500.00,100 גרם,false,1,8.90,1.78,true,1,
7290100704516,false,חומוס מיני סוגת 500 גרם,"סוגת תעשיות בע""\מ",IL,חומוס מיני,גרמים,500.00,100 גרם,false,1,5.90,1.18,true,1,
7290100704578,false,"קמח כוסמין לבן תופח סוגת 1 ק""ג","שטיבל בע""\מ - טחנת קמח",IL,קמח כוסמין לבן,קילוגרמים,1.00,"ק""ג",false,1,15.90,15.90,true,1,
7290100704608,false,שעועית לבנה עדינה סוגת 500 גרם,"סוגת תעשיות בע""\מ",IL,שעועית לבנה,גרמים,500.00,100 גרם,false,1,6.90,1.38,true,1,
7290100704622,false,סוכר דמררה דק דק בצנצנת סוגת 500 גרם,"סוגת תעשיות בע""\מ",IL,סוכר דמררה דק דק,גרמים,500.00,100 גרם,false,1,7.90,1.58,true,1,
7290100790243,false,קפה שחור אורגני אווא 250 גרם,אווא אופציות קפה,IL,קפה שחור אורגני,גרמים,250.00,100 גרם,false,1,34.90,13.96,true,1,
7290100799864,false,קפה תמרים מעודן טורקי200,,IL,פולי תמר קלוי,גרמים,250.00,100 גרם,false,0,29.90,11.96,true,1,
7290100850909,false,דוריטוס נאצ'ו מקסיקני 70 גרם,"שטראוס פריטו ליי בע""\מ",IL,דוריטוס נאצ'ו,גרמים,70.00,100 גרם,false,0,3.60,5.14,true,1,
7290100850916,false,דוריטוס חמוץ חריף מעודן 70 גרם כשר לפסח,"שטראוס פריטו ליי בע""\מ )",IL,דוריטוס חמוץ ח,גרמים,70.00,100 גרם,false,0,3.60,5.14,true,1,
7290100850923,false,דוריטוס בטעם גריל 70 גרם,"שטראוס פריטו ליי בע""\מ )",IL,דוריטוס גריל,גרמים,70.00,100 גרם,false,0,3.60,5.14,true,1,
7290100850930,false,דוריטוס בטעם טבעי 70 גרם,"שטראוס פריטו ליי בע""\מ )",IL,חטיף דוריטוס,גרמים,70.00,100 גרם,false,0,3.60,5.14,true,1,
7290100852606,false,קפה טורקי 100*4 גרם,שטראוס קפה בי.ויn\.,IL,קפה טורקי 4 יח,גרמים,400.00,100 גרם,false,0,30.90,7.73,true,1,
7290100858608,false,אבקת קקאו עלית שקית 500 ג',שטראוס קפה בי.ויn\.,IL,קקאו עלית,גרמים,500.00,100 גרם,false,0,23.90,4.78,true,1,
7290100921401,false,"שמפו הוואי מועשר בקרטין 700מ""ל",טרופיקל דגיל,IL,שמפו הוואי,מיליליטרים,700.00,"100 מ""ל",false,0,9.90,1.41,true,1,
7290100921418,false,"הוואי - מרכך קרטין מחזק 700 מ""ל",טרופיקל דגיל קוסמטיק,IL,מרכך הוואי,מיליליטרים,700.00,"100 מ""ל",false,0,9.90,1.41,true,1,
7290100921623,false,מנקה אסלה סוד 4 כדוריות נתלה אקונומיקה נתלה 50 ג',"הנקל סוד בע""\מ",HU,סבון אסלה סוד,גרמים,50.00,100 גרם,false,0,8.90,17.80,true,1,
7290100924457,false,שלישיית כדוריות סבון לאסלה לימון סוד 50 גרם,הנקל סוד,RS,סבון אסלה 3 יח,גרמים,150.00,100 גרם,false,1,16.90,11.27,true,1,
7290100924464,false,כדוריות סבון נתלה לאסלה עם אקונומיקה - 3 יח',הנקל סוד,HU,סבון אסלה 3 יח,גרמים,150.00,100 גרם,false,1,16.90,11.27,true,1,
7290100924631,false,מרכך כביסה מרוכז לבגדי תינוקות ובעלי עור רגיש,"הנקל סוד בע""\מ",IL,סוד מרכךבייבי,מיליליטרים,900.00,"100 מ""ל",false,1,12.90,1.43,true,1,
7290100925669,false,קולור קאצ'ר - דפים למכונת כביסה 10 יח',"הנקל סוד בע""\מ",IE,דפי קולור קאצ'ר,יחידה,1.00,יחידה,false,1,13.90,13.90,true,1,
7290100925676,false,קולור קאצר 20 דפים לוכדי צבע למכונת כביס,"הנקל סוד בע""\מ",IE,דפי קולור קאצ'ר,יחידה,1.00,יחידה,false,1,19.90,19.90,true,1,
7290100947968,false,מרלו טורס דה אספניה750מל,בומד,ES,מרלו,מיליליטרים,750.00,"100 מ""ל",false,1,42.90,5.72,true,1,
7290100947975,false,שרדונה טורס דה אספניה750,בומד,ES,שרדונה,מיליליטרים,750.00,"100 מ""ל",false,1,42.90,5.72,true,1,
7290101110811,false,מאגדת גלידל וניל מצופה סורבה פסיפלורה[8],הגלידות של פלדמן,IL,גלידל פסיפלורה,גרמים,600.00,100 גרם,false,0,31.90,5.32,true,1,
7290101112921,false,"גלידל פרי פירות טרופים לל""ס 8 יחידות",הגלידות של פלדמן,IL,מאגדת גלידל פרי,גרמים,640.00,100 גרם,false,1,23.90,3.73,true,1,
7290101113157,false,מאגדת גלידל וניל עוגיות פלדמן 6 יחידות,"פלקו בע""\מ, חברה ישראלית",IL,מאגדת גלידל וניל,גרמים,312.00,100 גרם,false,1,25.90,8.30,true,1,
7290101113447,false,עשירייה גלידל מיני קסטה בטעמי שוקו ווניל 270 ג' פלדמן,הגלידות של םלדמן,IL,גלידל מיני קסטה,גרמים,270.00,100 גרם,false,1,31.90,11.81,true,1,
7290101113591,false,מאגדת טילונים יולי 5 יחידות שוקולד לבן ועוגיות,הגלידות של פלדמן,IL,מאגדת טילון יולו,גרמים,400.00,100 גרם,false,1,24.90,6.23,true,1,
7290101113751,false,מאגדת שלגון קרמל ושוקולד בלונדי רביעיה * 50 ג' יולו,הגלידות של פלדמן,IL,מאגדת שלגון יולו,גרמים,200.00,100 גרם,false,1,19.90,9.95,true,1,
7290101113768,false,מאגדת שלגון עוגיות ושוקולד חלב רביעיה * 50 ג' יולו,הגלידות של פלדמן,IL,מאגדת שלגון יולו,גרמים,200.00,100 גרם,false,1,19.90,9.95,true,1,
7290101113805,false,מאגדת (5) יופלה שייק פרי תות 70 אחוז פרי 350 גרם,הגלידות של פלדמן,IL,מאגדת יופלה שייק,גרמים,350.00,100 גרם,false,1,19.90,5.69,true,1,
7290101113836,false,חמישיה טילון גלידל שוקו 5*75 ג פלדמן,הגלידות של פלדמן,IL,חמישיה טילון גלי,גרמים,285.00,100 גרם,false,1,31.90,11.19,true,1,
7290101113904,false,מארז מנבו וניל 12 יח' פלדמן,הגלידות של פלדמן,IL,מנבו וניל,גרמים,288.00,100 גרם,false,1,21.90,7.60,true,1,
7290101486688,false,חטיף דגנים עם שוקולד ללא גלוטן וסוכר פרי 5*20 גרם,טבעית מוצרים מן הטבע בעמ,IL,חטיף FREE 5 יח',גרמים,100.00,100 גרם,false,0,16.90,16.90,true,1,
7290101488286,false,"ליידי ספיד סטיק - דאודורנט ספריי לאישה 24/7 פרש פיוזן ורוד 150 מ""ל",ליידי ספיד סטיק Lady Speed Stick,RU,ליידי ספיד סטיק,מיליליטרים,150.00,"100 מ""ל",false,0,15.90,10.60,true,1,
7290101488316,false,ליידי ספיד סטיק - דאודורנט סטיק לאישה ללא סימן ורוד סטיק 65 גרם,ליידי ספיד סטיק Lady Speed Stick,US,ליידי ספיד סטיק,גרמים,65.00,100 גרם,false,0,19.90,30.62,true,1,
7290101551027,false,קפסולות קפה אספרסו חזק במיוחד 14 עלית 10 יח',הנסיך- מפעל לייצור ט,IL,קפסולות מס' 14,גרמים,50.00,100 גרם,false,1,16.50,33.00,true,1,
7290101551263,false,סילאן טבעי ללא תוספת סוכר,מכוורת יד מרדכי,IL,סילאן טבעי,גרמים,700.00,100 גרם,false,1,20.40,2.92,true,1,
7290101551300,false,סילאן טבעי ללא תוספת סוכר בקבוק לחיץ,מכוורת יד מרדכי שטראוס ב,IL,סילאן טבעי לחיץ,גרמים,380.00,100 גרם,false,1,14.90,3.92,true,1,
7290101551539,false,יוגורט PRO בטעם אפרסק 0% 20 גרם חלבון בגביע,"שטראוס בריאות בע""מ",IL,דנונה פרו אפרסק,גרמים,200.00,100 גרם,false,1,5.90,2.95,true,1,
7290101551584,false,תפוצ'יפס קידס מארז 10 יח' * 20 ג',"שטראוס פריטו ליי בע""מ )פ",IL,תפוצ'יפס קידס10*,גרמים,200.00,100 גרם,false,1,12.90,6.45,true,1,
7290101551614,false,חטיף צ'יטוס קראנץ בטעם גבינה - מארז 8 יח',"שטראוס פריטו ליי בע""מ )פ",IL,צ'יטוס גבינה 8יח,גרמים,240.00,100 גרם,false,1,13.90,5.79,true,1,
7290101551638,false,חטיף צ'יטוס כאפה בטעם קטשופ - מארז 10 יח',"שטראוס פריטו ליי בע""מ )פ",IL,צ'יטוס כאפה 10יח,גרמים,200.00,100 גרם,false,1,12.90,6.45,true,1,
7290101581208,false,יין רזרב Reserve קברנה סוביניון גליל,בנימינה Binyamina,IL,קברנה רזרב,גרמים,750.00,100 גרם,false,1,59.90,7.99,true,1,
7290101865261,false,"נוזל הברקה למדיח פיניש 800 מ""ל",רקיט בנקיזר,PL,פיניש נוזל הברקה,מיליליטרים,800.00,"100 מ""ל",false,0,19.90,2.49,true,1,
7290101868958,false,פיניש נוזל הברקה למדיח בניחוח לימון,רקיט בנקיזר,PL,פיניש נוזל הברקה,מיליליטרים,800.00,"100 מ""ל",false,0,19.90,2.49,true,1,
7290101869726,false,ג'ל מרוכז למדיח הכל ב-1 פיניש 1 ליטר,רקיט בנקיזר,PL,פיניש ג'ל למדיח,ליטרים,1.00,ליטר,false,1,42.90,42.90,true,1,
7290101869733,false,פיניש ג'ל למדיח כלים בניחוח לימון 1 ליטר ALL IN 1,רקיט בנקיזר,PL,פיניש ג'ל למדיח,ליטרים,1.00,ליטר,false,1,42.90,42.90,true,1,
7290101869795,false,"אירוויק מילוי מבשם אויר אטומטי חלום ליל קיץ 250 מ""ל",איירוויק Air Wick,GB,אירוויק מילוי,מיליליטרים,250.00,"100 מ""ל",false,1,15.90,6.36,true,1,
7290101869818,false,"אירוויק מכשיר חשמלי+מילוי בניחוח חלום ליל קיץ 19 מ""ל",איירוויק Air Wick,HU,אירויק מכשיר,מיליליטרים,19.00,"100 מ""ל",false,1,26.90,141.58,true,1,
7290101869832,false,"אירוויק מילוי מבשם אויר חשמלי חלום ליל קיץ 19 מ""ל",איירוויק Air Wick,CN,אירוויק מילוי,מיליליטרים,19.00,"100 מ""ל",false,1,16.90,88.95,true,1,
7290102030330,false,תפוצ'יפס קראנצ' בטעם מקסיקני 200 גרם,"שטראוס פריטו ליי בע""\מ )",IL,תפוצ'יפס,גרמים,200.00,100 גרם,false,0,9.90,4.95,true,1,
7290102031276,false,מארז 8 יחידות אקטימל משקה יוגורט בטעם תות בננה,מיוצר עי קונדיטוריית,IL,אקטימל 8 יח,מיליליטרים,800.00,"100 מ""ל",false,0,20.90,2.61,true,1,
7290102060764,false,מרידול מברשת שיניים אריזת זוג,יבואן ומשווק: ש. שסט,CH,2 מברשות שיניים,יחידה,1.00,יחידה,false,0,24.90,24.90,true,1,
7290102060979,false,אלמקס משחת שיניים למניעת עששת 100 מל,יבואן ומשווק: ש. שסט,PL,משחת שיניים,מיליליטרים,100.00,"100 מ""ל",false,0,13.90,13.90,true,1,
7290102062195,false,"משחת שיניים לילדים לגילאי 6-12 אלמקס 75 מ""ל",יבואן ומשווק: ש. שסט,PE,משחת אלמקס,מיליליטרים,75.00,"100 מ""ל",false,0,12.90,17.20,true,1,
7290102300822,false,גבינה צ'דר אנגלית כתומה 200 גרם,דאולי צ'יסמייקרס,GB,גבינת צ'דר כתום,גרמים,200.00,100 גרם,false,0,24.90,12.45,true,1,
7290102300860,false,"גבינת צ'דר אנגלית לבן, 200 גרם",הגבינות של נני,GB,גבינת צ'דר לבן,גרמים,200.00,100 גרם,false,0,24.90,12.45,true,1,
7290102302826,false,רוברט פילה דג סרדין בשמן זית 120 גרם,רמירז אנד קה פילהאוס,PT,פילה סרדינים,גרמים,100.00,100 גרם,false,1,13.90,13.90,true,1,
7290102303878,false,אלוויר חמאת נורמנדי 200 גרם,אלוויר,FR,חמאה גורמה אלויר,גרמים,200.00,100 גרם,false,1,18.90,9.45,true,1,
7290102303977,false,גוש טונה בשמן זית רוברט 140 גרם,קונסרבס פורטוגל נורטה,PT,טונה בשמן זית,גרמים,140.00,100 גרם,false,1,11.90,8.50,true,1,
7290102303984,false,גוש טונה במים רוברט 140 גרם,קונסרבס פורטוגל נורטה,PT,טונה במי מלח,גרמים,140.00,100 גרם,false,1,10.90,7.79,true,1,
7290102392254,false,"חלב בקרטון 1% 2 ליטר בד""צ - מוצר בפיקוח",מילקו תעשיות בעמ,IL,חלב 1% בקרטון,ליטרים,2.00,ליטר,false,0,11.72,5.86,true,1,
7290102393039,false,"יוגורט ביו קרמי מיקס פצפוצי שוקולד 7.6% מולר 170 מ""ל",קריות זול,IL,יוגורט מולר מיקס,גרמים,150.00,100 גרם,false,0,5.90,3.93,true,1,
7290102393268,false,"גבינה לבנה 5% שומן, רכיבים טבעיים 750 גרם",הפריט בפיקוח,IL,גבינה לבנה 5%,גרמים,750.00,100 גרם,false,0,14.94,1.99,true,1,
7290102398065,false,חלב טרה בקרטון 2 ליטר מהדרין 3% - מוצר בפיקוח,הפריט בפיקוח,IL,חלב 3% בקרטון,ליטרים,2.00,ליטר,false,1,12.46,6.23,true,1,
7290102398072,false,חלב בקרטון 3% 1 ליטר טרה ועדת מהדרין,הפריט בפיקוח,IL,חלב 3% בקרטון,ליטרים,1.00,ליטר,false,1,6.23,6.23,true,1,
7290103120658,false,דאודורנט ספיד סטיק גל שחור 85 גרם,הנסיך- מפעל לייצור ט,US,דאודורנט,גרמים,85.00,100 גרם,false,0,16.90,19.88,true,1,
7290103124588,false,"סבון נוזלי ארומה בניחוח לבנדר פטצ'ולי פלמוליב 750 מ""ל",הנסיך- מפעל לייצור ט,TR,סבון פלמוליב,מיליליטרים,750.00,"100 מ""ל",false,0,19.90,2.65,true,1,
7290103124601,false,"תחליב רחצה נוזל חלב ודבש משאבה 750מ""ל פלמוליב",הנסיך- מפעל לייצור ט,TR,סבון פלמוליב,מיליליטרים,750.00,"100 מ""ל",false,0,19.90,2.65,true,1,
7290103126797,false,"משחת שיניים קולגייט סנסיטיב פרו רליף 75 מ""ל",הנסיך- מפעל לייצור ט,BR,משחת קולגייט,מיליליטרים,75.00,"100 מ""ל",false,0,19.90,26.53,true,1,
7290103129378,false,ספיד סטיק - דאודורנט ג'ל לגבר איקס 5 85 גרם,הנסיך- מפעל לייצור ט,US,דאו. ספיד סטיק,גרמים,85.00,100 גרם,false,0,15.00,17.65,true,1,
7290103129392,false,ליידי ספיד סטיק פרש אסנס פרח הפרזיה סטיק 65 גר,ליידי ספיד סטיק Lady Speed Stick,US,ליידי ספיד סטיק,גרמים,65.00,100 גרם,false,0,19.90,30.62,true,1,
7290103156930,false,כוסות יהלום לפיד 40 יחידות,LARIPLAST,TR,כוס יהלום,יחידה,1.00,יחידה,false,1,9.90,9.90,true,1,
7290103400194,false,"כרוב לבן 400 גר בד""צ ירקות שטראוס",שטראוס בריאות ירקות טריי,IL,כרוב לבן 400גרם,גרמים,400.00,100 גרם,false,0,9.90,2.48,true,1,
7290103400231,false,"גזר מגורד שטראוס 400 גרם בד""צ",שטראוס בריאות ירקות טריי,IL,"גזר 400גרם בד""צ",גרמים,400.00,100 גרם,false,0,8.90,2.23,true,1,
7290103401429,false,קפה קצב ברזילאי אוריגינס 200 גר,הנסיך- מפעל לייצור ט,IL,קפה פלטינום,גרמים,200.00,100 גרם,false,0,21.90,10.95,true,1,
7290103404758,false,סלט כרוב אדום במיונז אחלה 120 גרם,מיוצר עי קונדיטוריית,IL,כרוב אדום אחלה,גרמים,120.00,100 גרם,false,0,4.80,4.00,true,1,
7290103408206,false,עלי חסה ערבית שטופים שטראוס 250 גרם,שטראוס בריאות ירקות טריי,IL,חסה ערבית250ג',גרמים,250.00,100 גרם,false,0,10.90,4.36,true,1,
7290103681210,false,"יין הר שרדונה מיתוג תנשמת 750 מ""ל",מיוצר על ידי יקב תבור,IL,שרדונה הר תבור,מיליליטרים,750.00,"100 מ""ל",false,1,35.90,4.79,true,1,
7290103681227,false,"יין הר גוורצטרמינר מיתוג תנשמת 750 מ""ל",מיוצר על ידי יקב תבור,IL,גוורצטרמינר הר,מיליליטרים,750.00,"100 מ""ל",false,1,35.90,4.79,true,1,
7290103681241,false,"יין הר מוסקטו מיתוג תנשמת 750 מ""ל",יקב תבור,IL,מוסקטו הר תבור,מיליליטרים,750.00,"100 מ""ל",false,1,35.90,4.79,true,1,
7290103681364,false,יין אדמה קברנה סובינ,מיוצר על ידי יקב תבור,IL,קברנה תבור,מיליליטרים,750.00,"100 מ""ל",false,1,59.50,7.93,true,1,
7290103681371,false,"יין מרלו יקבי תבור 750 מ""ל",מיוצר על ידי יקב תבור,IL,מרלו תבור,מיליליטרים,750.00,"100 מ""ל",false,1,59.50,7.93,true,1,
7290103681623,false,"יין הר מוסקטו רוזה יקבי תבור 750 מ""ל",יקבי תבור,IL,הר מוסקטו רוזה,מיליליטרים,750.00,"100 מ""ל",false,1,35.90,4.79,true,1,
7290103704957,false,מגבות נייר 3 שכבות ענק3ג,,IL,מגבות 3גלילי ענק,מטרים,57.00,מטר,false,1,19.90,0.35,true,1,
7290103704964,false,נייר טואלט 3 שכבות 9 גל,,IL,נייר טואלט 9 גל,מטרים,277.00,מטר,false,1,32.90,0.12,true,1,
7290104061417,false,סלט חומוס עם טחינה אחלה 400 גרם,"שטראוס גרופ בע""\מ",IL,חומוס טחינה אחלה,גרמים,400.00,100 גרם,false,0,10.90,2.73,true,1,
7290104061424,false,סלט חומוס עם זעתר אחלה 400 גרם,מיוצר עי קונדיטוריית,IL,חומוס זעתר אחלה,גרמים,400.00,100 גרם,false,0,10.90,2.73,true,1,
7290104061431,false,סלט חומוס עם צנובר אחלה 400 גרם,"שטראוס גרופ בע""\מ",IL,חומוס צנובר אחלה,גרמים,400.00,100 גרם,false,0,10.90,2.73,true,1,
7290104061448,false,סלט חומוס עם חריף אחלה 400 גרם,מיוצר עי קונדיטוריית,IL,חומוס חריף אחלה,גרמים,400.00,100 גרם,false,0,10.90,2.73,true,1,
7290104062599,false,מארז 8 יחידות מעדן גמדים בטעמי תות ובננה,"שטראוס בריאות בע""\מ",IL,גמדים תות בננה,גרמים,800.00,100 גרם,false,0,18.90,2.36,true,1,
7290104065934,false,עלי רוקט שטראוס 150 גרם,שטראוס בריאות ירקות טריי,IL,עלי רוקט 150גרם,גרמים,150.00,100 גרם,false,0,10.90,7.27,true,1,
7290104066566,false,טחינה משומשום מלא 500 ג' אחלה,מיוצר עי קונדיטוריית,IL,טחינה אחלה 500גר,גרמים,500.00,100 גרם,false,0,14.90,2.98,true,1,
7290104068539,false,מאסט פליפטופ מלון ואבטיח ללא גרעינים,"שטראוס גרופ בע""מ",IL,מסטיק מאסט,גרמים,28.00,100 גרם,false,0,4.30,15.36,true,1,
7290104068546,false,גומי מאסט בטעם לימון קולה ללא סוכר 28 ג' עלית,"שטראוס גרופ בע""מ",IL,מסטיק מאסט,גרמים,28.00,100 גרם,false,0,4.30,15.36,true,1,
7290104500572,false,אפרופו חטיף תירס איטליאנו אסם 50 גרם,מיוצר עי קונדיטוריית,IL,אפרופו איטליאנו,גרמים,50.00,100 גרם,false,0,5.00,10.00,true,1,
7290104504228,false,מיני דובונים אסם 100 גרם מארז 5 יחידות,"אסם השקעות בע""\מ",IL,מיני דובונים 5יח,גרמים,100.00,100 גרם,false,0,13.90,13.90,true,1,
7290104508943,false,במבה חטיף בוטנים אסם 200 גרם,"אסם השקעות בע""\מ",IL,במבה חטיף בוטנים,גרמים,200.00,100 גרם,false,0,8.90,4.45,true,1,
7290104720499,false,מארז 8 יחידות מעדן דני בטעם וניל 1.5%,מיוצר עי קונדיטוריית,IL,דני וניל 8 יח',קילוגרמים,1.00,"ק""ג",false,0,15.90,15.90,true,1,
7290104721533,false,רצועות פלפלים קלויים אחלה 400 ג',מיוצר עי קונדיטוריית,IL,פלפלים קלויים,גרמים,400.00,100 גרם,false,0,15.90,3.98,true,1,
7290104721953,false,לקט מסולסלים ירקות שטראוס 350 גרם,שטראוס בריאות ירקות טריי,IL,לקט מסולסלים350ג,גרמים,350.00,100 גרם,false,0,12.90,3.69,true,1,
7290104722530,false,תפוצ'יפס בטעם שמנת בצל עלית 200 גרם,"שטראוס פריטו ליי בע""\מ )",IL,תפוצ'יפס שמנת,גרמים,200.00,100 גרם,false,0,9.90,4.95,true,1,
7290104726262,false,רביעייה מעדן דני שוקולד דיסני לבנים 125 גרם,מיוצר עי קונדיטוריית,IL,דני שלוק 4 יח,גרמים,500.00,100 גרם,false,0,10.90,2.18,true,1,
7290104726712,false,מארז 8 יחידות מעדן מילקי בטעם שוקולד עם קצפת,"שטראוס גרופ בע""\מ",IL,מארז מילקי 8 יח',ליטרים,1.36,ליטר,false,0,19.90,14.63,true,1,
7290104728310,false,"שמנת מתוקה עמידה 38% שומן ""יטבתה"" -מוצר בפיקוח",מחלבת יטבתה,IL,שמנת לקצפת 38%,גרמים,250.00,100 גרם,false,0,6.47,2.59,true,1,
7290104960239,false,"תחליב רחצה נקה 7 ארומה לבן 750 מ""ל",טרופיקל דגיל תעשיות קוסמ,IL,תחליב רחצה נקה 7,מיליליטרים,750.00,"100 מ""ל",false,0,9.90,1.32,true,1,
7290104960246,false,"נקה 7 - תחליב רחצה ורד ויסמין 750 מ""ל",טרופיקל דגיל תעשיות קוסמ,IL,תחליב רחצה נקה 7,מיליליטרים,750.00,"100 מ""ל",false,0,9.90,1.32,true,1,
7290104960253,false,"תחליב רחצה נקה 7 לבנדר סגול 750מ""ל",טרופיקל דגיל תעשיות קוסמ,IL,תחליב רחצה נקה 7,מיליליטרים,750.00,"100 מ""ל",false,0,9.90,1.32,true,1,
7290104961243,false,"נקה 7 תחליב רחצה מגע קטיפה קוקוס ליים 750 מ""ל",טרופיקל דגיל תעשיות קוסמ,IL,תחליב רחצה,מיליליטרים,750.00,"100 מ""ל",false,0,9.90,1.32,true,1,
7290104961250,false,"נקה 7 תחליב רחצה מגע קטיפה וניל מאסק 750 מ""ל",טרופיקל דגיל תעשיות קוסמ,IL,תחליב רחצה נקה,מיליליטרים,750.00,"100 מ""ל",false,0,9.90,1.32,true,1,
7290104961878,false,"שמפו לשיער קרטין אינטנס פורמולה 400 מ""ל נטורל",נטורל פורמולה Natural Formula,IL,שמפו קרטין,מיליליטרים,400.00,"100 מ""ל",false,0,29.90,7.48,true,1,
7290104961885,false,מרכך קרטין טהור לשיער שעבר החלקה או עיצוב בחום,נטורל פורמולה Natural Formula,IL,מרכך קרטין,מיליליטרים,400.00,"100 מ""ל",false,0,29.90,7.48,true,1,
7290104962134,false,דאודורנט קרליין רול און נושם לנערות ללא אלומיניום,מיוצר עי : אמיליה קוסמטי,IL,רול און נושם,מיליליטרים,75.00,"100 מ""ל",false,0,12.90,17.20,true,1,
7290104963001,false,סופטקר מגבונים לחים רביעייה בניחוח עדין,החברה הדרומית,IL,מגבונים סופטקר,יחידה,1.00,יחידה,false,1,16.90,16.90,true,1,
7290104963223,false,סופטקר - אל סבון עדין לתינוק לעור רגיש 1 ליטר,קוסמופארם בע'\'\מ,IL,סופטקר אל סבון,ליטרים,1.00,ליטר,false,1,19.90,19.90,true,1,
7290104963650,false,נקה 7 שמפו אל דמע סופטקר 1 ליטר,קוסמופארם בע'\'\מ,IL,סופטקר שמפו,ליטרים,1.00,ליטר,false,1,19.90,19.90,true,1,
7290105360250,false,קפסולות 09 עשיר וארומטי למכונת נספרסו עלית 10יח',הנסיך- מפעל לייצור ט,IL,קפסולות קפה,גרמים,50.00,100 גרם,false,0,16.50,33.00,true,1,
7290105360328,false,קפסולות אספרסו חזק למכונות נספרסו 10 יח',הנסיך- מפעל לייצור ט,IL,קפסולות מס' 10,גרמים,50.00,100 גרם,false,0,16.50,33.00,true,1,
7290105360335,false,קפסולות אספרסו למכונות נספרסו 50 גר,הנסיך- מפעל לייצור ט,IL,קפסולות מס' 7,גרמים,50.00,100 גרם,false,0,16.50,33.00,true,1,
7290105360755,false,"שמן זית 3 חזק 750 מ""ל יד מרדכי",מכוורת יד מרדכי שטראוס ב,IL,שמו זית 3 חזק,מיליליטרים,750.00,"100 מ""ל",false,0,33.90,4.52,true,1,
7290105360762,false,"שמן זית 1 עדין 750 מ""ל יד מרדכי",מכוורת יד מרדכי שטראוס ב,IL,שמן זית 1 עדין,מיליליטרים,750.00,"100 מ""ל",false,0,33.90,4.52,true,1,
7290105362339,false,"שמנת לבישול 15% 250 מ""ל יטבתה מהדרין",מחלבת יטבתה,IL,שמנת לבישול 15%,מיליליטרים,250.00,"100 מ""ל",false,0,8.40,3.36,true,1,
7290105363602,false,מקלות כיף כף קלאסי עלית 40 גרם,שולן צ'\יקולטה גידה סאן.,TR,כיף כף מקלות,גרמים,40.00,100 גרם,false,0,4.80,12.00,true,1,
7290105364289,false,מקלות כיף כף פצפוצים עלית 40 גרם,שולן צ'\יקולטה גידה סאן.,TR,כיף כף מקלות,גרמים,40.00,100 גרם,false,0,4.80,12.00,true,1,
7290105364302,false,"עלית חטיף שוקולד כיף כף מקלות אגוזים, 40 גרם",שולן צ'\יקולטה גידה סאן.,TR,כיף כף מקלות,גרמים,42.00,100 גרם,false,0,4.80,11.43,true,1,
7290105364678,false,"אקטיביה משקה יוגורט בטעם אפרסק שטראוס 250 מ""ל",מיוצר עי קונדיטוריית,IL,משקה אקטיביה,מיליליטרים,250.00,"100 מ""ל",false,0,5.00,2.00,true,1,
7290105366023,false,סלט חצילים בטעם כבד אחלה 400 גרם,מיוצר עי קונדיטוריית,IL,חציל בטעם כבד,גרמים,400.00,100 גרם,false,0,15.90,3.98,true,1,
7290105366047,false,טחינה לבנה אחלה 400 גרם,מיוצר עי קונדיטוריית,IL,טחינה לבנה,גרמים,400.00,100 גרם,false,0,15.90,3.98,true,1,
7290105366993,false,סימפוניה גבינת שמנת פלפל שיפקה 5% שטראוס 200 גרם,"שטראוס בריאות בע""מ",IL,סימפוניה פלפל,גרמים,200.00,100 גרם,false,0,11.00,5.50,true,1,
7290105368331,false,מעדן מילקי בטעם תות עם קצפת,מחלבת אחיהוד,IL,מילקי טעם תות,מיליליטרים,170.00,"100 מ""ל",false,0,2.90,1.71,true,1,
7290105368904,false,"שמנת מתוקה להקצפה 32% שומן 250 מ""ל יוטבתה",שטראוס גרופ,IL,שמנת מתוקה32%,מיליליטרים,250.00,"100 מ""ל",false,0,7.60,3.04,true,1,
7290105368928,false,שמנת 9% יטבתה 200 ג' מהדרין,שטראוס גרופ,IL,שמנת 9% יטבתה,מיליליטרים,200.00,"100 מ""ל",false,0,3.10,1.55,true,1,
7290105369130,false,סימפוניה גבינת שמנת בצל ירוק 5% שטראוס 200 גרם,"שטראוס בריאות בע""\מ",IL,גבינת סימפוניה,גרמים,200.00,100 גרם,false,0,11.00,5.50,true,1,
7290105430441,false,פלמוליב ס.נוזלי סחלב שחור 750 מל משאבה,הנסיך- מפעל לייצור ט,TR,סבון פלמוליב,מיליליטרים,750.00,"100 מ""ל",false,0,19.90,2.65,true,1,
7290105430458,false,"פלמוליב - תחליב רחצה נטורלס שקדים 750 מ""ל",הנסיך- מפעל לייצור ט,TR,סבון פלמוליב,מיליליטרים,750.00,"100 מ""ל",false,0,19.90,2.65,true,1,
7290105430496,false,ליידי ספיד סטיק סטיינגארד ספריי,קולגייט-פלמוליב,MX,דאו.ספיד סטיק,מיליליטרים,165.00,"100 מ""ל",false,0,16.90,10.24,true,1,
7290105431516,false,מארז חטיף פריי תמרים ובוטנים ללא גלוטן ותוספת סוכר 125 גרם,טבעית מוצרים מן הטבע בעמ,IL,חטיפי FREE,גרמים,125.00,100 גרם,false,0,16.90,13.52,true,1,
7290105434050,false,ספיד סטיק - דאודורנט סטיק לגבר XL ירוק רגיולר 85 גרם,קולגייט פלמוליב,US,דאו. ספיד סטיק,יחידה,1.00,יחידה,false,0,19.90,19.90,true,1,
7290105436382,false,חטיף פרי תמרים קשיו ללא תוספת סוכר וגלוטן 5 יח,טבעית מוצרים מן הטבע בעמ,IL,חטיפי FREE,גרמים,125.00,100 גרם,false,0,16.90,13.52,true,1,
7290105438546,false,קוקי נייר אפייה פרימיום 40 יח',אופל אריזות,IL,קוקי נייר אפיה,יחידה,1.00,יחידה,false,0,9.90,9.90,true,1,
7290105439499,false,מאסטר שף מאסטר שף מיונז 480 גר כשלפ,רמיה סי.וי. הולנד,NL,מיונז מאסטר שף,גרמים,481.00,100 גרם,false,1,11.90,2.47,true,1,
7290105439505,false,מאסטר שף קרם בטעם מיונז לייט 479 גר כשלפ,רמיה סי.וי. הולנד,NL,ממרח מופחת,גרמים,521.00,100 גרם,false,1,11.90,2.28,true,1,
7290105474124,false,"מזון לכלבים בונזו מזון כלבים בשר 12 ק""ג מחולק","ביופט בע""מ",FR,בונזו מחולק 12קג,קילוגרמים,12.00,"ק""ג",false,0,118.90,9.91,true,1,
7290105500151,false,וודקה פינלנדיה בקבוק,"אלטיה קורפ, הלסינקי,",FI,וודקה פינלנדיה,מיליליטרים,700.00,"100 מ""ל",false,0,57.90,8.27,true,1,
7290105500236,false,וויסקי ג'ק דניאלס מס' 7 Brand No,ג'ק דניאלס Jack Daniel's,US,וויסקי ג'ק דניאל,מיליליטרים,700.00,"100 מ""ל",false,0,119.90,17.13,true,1,
7290105500953,false,"וויסקי ג'ק דניאלס דבש 700 מ""ל",ג'ק דניאל'ס,BE,וויסקי,מיליליטרים,700.00,"100 מ""ל",false,0,119.90,17.13,true,1,
7290105691224,false,אסם חטיפי פריכונים טורטייה שום בצל 60 גרם,"פרח תעשיות מזון בע""מ.",IL,קריספי טורטיה,גרמים,60.00,100 גרם,false,0,7.50,12.50,true,1,
7290105691248,false,אסם חטיפי פריכונים טורטייה תירס 60 גרם,"פרח תעשיות מזון בע""מ.",IL,קריספי טורטיה,גרמים,60.00,100 גרם,false,0,7.50,12.50,true,1,
7290105691934,false,קמח שמרים אסם 1 קילו,תאי פרזידנט פוד פאבל,IL,"קמח שמרים 1 ק""ג",קילוגרמים,1.00,"ק""ג",false,0,9.90,9.90,true,1,
7290105693341,false,מארז עשיריית במבה אסם 25*10 גרם,"אסם השקעות בע""\מ",IL,במבה 10 יח,גרמים,250.00,100 גרם,false,0,14.90,5.96,true,1,
7290105694904,false,אבקת מרק פטריות רכיבים טבעיים 220 ג' אסם,"אסם השקעות בע""\מ",IL,מרק פטריות,גרמים,220.00,100 גרם,false,0,16.90,7.68,true,1,
7290105694928,false,אבקת מרק בצל רכיבים טבעיים אסם 220 גרם,"אסם השקעות בע""\מ",IL,מרק בצל,גרמים,220.00,100 גרם,false,0,16.90,7.68,true,1,
7290105962331,false,סחוג תימני אדום חריף מאוד זהבי הכרם 220 גרם,אף.סי תבליני בגליל ב,IL,סחוג חריף זהבי,גרמים,220.00,100 גרם,false,0,11.50,5.23,true,1,
7290105964564,false,סלט חומוס אחלה 400גר,מיוצר עי קונדיטוריית,IL,סלט חומוס אחלה,גרמים,400.00,100 גרם,false,1,8.50,2.13,true,1,
7290105965738,false,יוגורט לשתיה בטעם תות בננה267 ג' דנונה,מיוצר עי קונדיטוריית,IL,דנונה לשתיה,גרמים,267.00,100 גרם,false,0,5.00,1.87,true,1,
7290105966469,false,"חומץ בלסמי ממודנה יד מרדכי 250 מ""ל",אצטייה ג'וזפה קרמוני,IT,חומץ בלסמי,גרמים,250.00,100 גרם,false,0,14.70,5.88,true,1,
7290105968098,false,סלט קולסלאו אחלה 500 גרם,שטראוס גרופ סלטים,IL,סלט קולסלאו אחלה,גרמים,500.00,100 גרם,false,0,15.90,3.18,true,1,
7290105968654,false,רביולי בטטה פרווה פסטה נונה 400 ג',מיוצר עי קונדיטוריית,IL,רביולי בטטה 400ג,גרמים,400.00,100 גרם,false,0,19.90,4.98,true,1,
7290105968777,false,פריכיות 5 דגנים עם תחתית שוקולד מריר 70 גרם,"טחנת האבן תעשיות בע""",IL,פריכיות + שוקולד,גרמים,70.00,100 גרם,false,0,7.90,11.29,true,1,
7290106520066,false,"רבע לשבע שוקולד חלב במילוי אגוזים עלית 160 גרם בד""צ","הגביע מוצרי וופלים בע""\מ",IL,רבע לשבע 160 גרם,גרמים,160.00,100 גרם,false,0,10.90,6.81,true,1,
7290106520288,false,יוגורט פרו חלבון עם תות 2.4% שומן 150 ג' דנונה,"שטראוס בריאות בע""מ",IL,דנונה WOW תות,גרמים,150.00,100 גרם,false,1,4.90,3.27,true,1,
7290106520813,false,תפוצ'יפס בטעם טבעי 50*6ג,"שטראוס פריטו ליי בע""\מ )",IL,תפוצ'יפס 6 יח,גרמים,300.00,100 גרם,false,0,14.90,4.97,true,1,
7290106520905,false,סלט טורקי אחלה 400 גרם,"שטראוס גרופ בע""\מ",IL,סלט טורקי,גרמים,400.00,100 גרם,false,0,15.90,3.98,true,1,
7290106520912,false,"שמנת 9% לבישול יטבתה 250 מ""ל מהדרין",מחלבת יטבתה,IL,שמנת לבישול 9%,מיליליטרים,250.00,"100 מ""ל",false,0,8.40,3.36,true,1,
7290106521049,false,אחלה טעמי השוק קוביות סלק 400 גר,מיוצר עי קונדיטוריית,IL,סלט קוביות סלק,גרמים,400.00,100 גרם,false,0,15.90,3.98,true,1,
7290106524439,false,"תפוצ'יפס פופס 60 גרם ""עלית""","שטראוס פריטו ליי בע""\מ )",IL,תפוצ'יפס פופס,גרמים,60.00,100 גרם,false,1,4.00,6.67,true,1,
7290106525320,false,אבקת שוקולית לאפייה קופסא 500ג' עלית,הנסיך- מפעל לייצור ט,IL,שוקולית לאפיה,גרמים,500.00,100 גרם,false,0,15.50,3.10,true,1,
7290106525368,false,גלילי וופל רבע לשבע אין סייד אוט 125 גר,"הגביע מוצרי וופלים בע""\מ",IL,רבע לשבע,גרמים,125.00,100 גרם,false,0,10.90,8.72,true,1,
7290106525399,false,קפסולות 06 ברזיל למכונות נספרסו עלית 10יח',הנסיך- מפעל לייצור ט,IL,קפסולות קפה,גרמים,50.00,100 גרם,false,1,16.50,33.00,true,1,
7290106525405,false,קפסולות למכונת נספרסו נטול קפאין,שטראוס קפה בי.וי.,IL,קפסולות נטול מס7,גרמים,50.00,100 גרם,false,0,16.50,33.00,true,1,
7290106526822,false,פריכיות אורז חום מלא תחתית שוקולד חלב 80 גרם,"טחנת האבן תעשיות בע""",IL,פריכיות,גרמים,80.00,100 גרם,false,0,7.90,9.88,true,1,
7290106528567,false,"דוריטוס גריל 185 גרם ""עלית""","שטראוס פריטו ליי בע""\מ )",IL,דוריטוס גריל,גרמים,185.00,100 גרם,false,1,7.40,4.00,true,1,
7290106528628,false,"דוריטוס טבעי 185 גרם ""עלית""","שטראוס פריטו ליי בע""\מ )",IL,דוריטוס Dippas,גרמים,185.00,100 גרם,false,1,7.40,4.00,true,1,
7290106528949,false,לקט ערוגות 450 גרם שטראוס,שטראוס בריאות ירקות טריי,IL,לקט ערוגות,גרמים,450.00,100 גרם,false,0,12.90,2.87,true,1,
7290106572027,false,אוסם - לחמית חמישה דגנים 190 גרם,"אסם השקעות בע""\מ",IL,לחמית 5 דגנים,גרמים,190.00,100 גרם,false,0,9.50,5.00,true,1,
7290106572959,false,אפרופו מארז 5 יח' *25 ג' אסם,"אסם השקעות בע""\מ",IL,אפרופו 5 יח,גרמים,125.00,100 גרם,false,0,12.50,10.00,true,1,
7290106574793,false,עוגת הבית בטעם שוקו-שוקוצ'יפס 350 ג' אסם,מיוצר עי קונדיטוריית,IL,עוגת הבית,גרמים,350.00,100 גרם,false,0,11.90,3.40,true,1,
7290106574953,false,בייגלה שטוחים כעכים שטוחים עם שומשום,מיוצר עי קונדיטוריית,IL,בייגלה שטוחים,גרמים,300.00,100 גרם,false,0,10.90,3.63,true,1,
7290106574977,false,בייגלה שטוחים כעכים שטוחים עם מלח,מיוצר עי קונדיטוריית,IL,בייגלה שטוחים,גרמים,300.00,100 גרם,false,0,10.90,3.63,true,1,
7290106575257,false,עוגת הבית סופלה בטעם שוקולד 340 ג' אסם,מיוצר עי קונדיטוריית,IL,עוגת סופלה הבית,גרמים,340.00,100 גרם,false,0,11.90,3.50,true,1,
7290106575332,false,פתיתים אפויים פלוס בורגול 400 ג' אסם,"מיוצר ע""י קוד יצרן K",IL,פתיתים פלוס,גרמים,400.00,100 גרם,false,0,6.90,1.73,true,1,
7290106576537,false,חומוס מסעדות צבר 700 גרם,סלטי צבר,IL,חומוס מסעדה צבר,גרמים,700.00,100 גרם,false,0,10.90,1.56,true,1,
7290106576834,false,גלידה לה קרמריה פונטש בננה1.4 ל' נסטלה,תות תעשיות מזון (201,IL,לה קרמריה,ליטרים,1.40,ליטר,false,0,21.90,15.64,true,1,
7290106576919,false,גלידה קרמריה סורבה תות לימון 1.4 ליטר,גלידות נסטלה )נגה גלידות,IL,לח קרמריה,ליטרים,1.40,ליטר,false,0,21.90,15.64,true,1,
7290106576971,false,גלידה לה קרמריה שוקולד בלגי 1.4 ל' נסטלה,תות תעשיות מזון (201,IL,לה קרמריה,ליטרים,1.40,ליטר,false,0,21.90,15.64,true,1,
7290106576995,false,גלידה סורבה לה קרמריה תות מנגו לייט 1.4 ל' נסטלה,גלידות נסטלה )נגה גלידות,IL,לה קרמריה לייט,ליטרים,1.40,ליטר,false,0,21.90,15.64,true,1,
7290106577039,false,גלידה לה קרמריה שוקו וניל פליק 1.4 ל' נסטלה,תות תעשיות מזון (201,IL,לא קרמריה,ליטרים,1.40,ליטר,false,0,21.90,15.64,true,1,
7290106652996,false,כיף כף מקלות קוקוס חלבי 40 גר',סולן בעבור שטראוס,TR,כיף כף מקלות,יחידה,1.00,יחידה,false,0,4.80,4.80,true,1,
7290106653689,false,לקט לסלט אסייתי שטראוס 350 גרם,שטראוס בריאות ירקות טריי,IL,לקט לסלט אסייאתי,גרמים,350.00,100 גרם,false,1,10.90,3.11,true,1,
7290106654099,false,מילקי CAKE עוגות אישיות במילוי קרם חלב,בובארד איטליה אס.פי.איי,IT,מילקי קייק 8 יח',גרמים,272.00,100 גרם,false,1,20.00,7.35,true,1,
7290106656727,false,"עוגיות חיוכים שוקולד עלית 600 גרם בד""צ",אפיפית נצרת תעשיות ב,IL,חיוכים שוקולד,גרמים,600.00,100 גרם,false,0,17.90,2.98,true,1,
7290106660410,false,"רביולי תרד וגבינה 400 גרם ""שטראוס""",מיוצר עי קונדיטוריית,IL,רביולי תרד גבינה,גרמים,400.00,100 גרם,false,0,19.90,4.98,true,1,
7290106663558,false,"רוטב טריאקי ורימון יד מרדכי 280מ""ל",אף.סי תבליני בגליל ב,IL,רוטב טריאקי,גרמים,320.00,100 גרם,false,1,12.90,4.03,true,1,
7290106664067,false,לאבנה עם שמן זית וזעתר 10% שטראוס 400 ג',הדקלאים אגודת שיתופי,IL,לאבנה שמן זית,גרמים,400.00,100 גרם,false,1,15.10,3.78,true,1,
7290106664555,false,"רוטב שמנת עם עגבניות 9% שומן 250 מ""ל יוטבתה",מחלבת יטבתה,IL,רוטב שמנת,מיליליטרים,250.00,"100 מ""ל",false,1,10.90,4.36,true,1,
7290106664562,false,רוטב שמנת עם פטריות 9% שומן 258 ג' יוטבתה,מחלבת יטבתה,IL,רוטב שמנת פטריות,מיליליטרים,250.00,"100 מ""ל",false,1,10.90,4.36,true,1,
7290106667266,false,"דוריטוס חמוץ חריף 185 גרם ""עלית""","שטראוס פריטו ליי בע""\מ )",IL,דוריטוס,גרמים,185.00,100 גרם,false,1,7.40,4.00,true,1,
7290106668577,false,"מיץ לימון טיבעי 250 מ""ל יד מרדכי",האי נאם סי או אל.טי.,IT,מיץ לימון,גרמים,250.00,100 גרם,false,1,7.80,3.12,true,1,
7290106668713,false,יוגורט עם פירות יער 3% שומן 150 ג' דנונה,מיוצר עי קונדיטוריית,IL,דנונה פירות יער,גרמים,150.00,100 גרם,false,1,3.90,2.60,true,1,
7290106669857,false,קפסולות אספרסו בטעם וניל עלית 10 יחידות,הנסיך- מפעל לייצור ט,IL,קפסולות וניל,גרמים,50.00,100 גרם,false,1,16.50,33.00,true,1,
7290106720626,false,צ'יטוס קראנצ' בטעם גבינה - חלבי,"שטראוס פריטו ליי בע""\מ )",IL,ציטוס גבינה,גרמים,80.00,100 גרם,false,1,4.50,5.63,true,1,
7290106721913,false,מסטיק מאסט MUST ללא סוכר בטעם מנטה מרעננת,"שטראוס גרופ בע""מ",IL,מסטיק מרעננת,גרמים,66.00,100 גרם,false,1,9.90,15.00,true,1,
7290106721920,false,צנצנת מסטיק מאסט בטעם ספירמינט עדין 66 ג' עלית,"שטראוס גרופ בע""\מ.",IL,מסטיק ספירמינט,גרמים,66.00,100 גרם,false,1,9.90,15.00,true,1,
7290106723689,false,עלי תרד בייבי 200 גרם שטראוס,שטראוס בריאות ירקות טריי,IL,עלי תרד בייבי,גרמים,200.00,100 גרם,false,0,11.90,5.95,true,1,
7290106726178,false,יוגורט PRO עם פירות יער 2.4% 10 גרם חלבון בגביע,מיוצר עי קונדיטוריית,IL,דנונה WOW פ.יער,גרמים,150.00,100 גרם,false,1,4.90,3.27,true,1,
7290106727984,false,"כיף כף פצפצים בגביע 135 גרם ""עלית""",שולן צ'\יקולטה גידה סאן.,TR,כיף כף פצפצים,גרמים,135.00,100 גרם,false,1,9.90,7.33,true,1,
7290106729650,false,יוגורט עם תות מאגדת 8 יח' * 150ג' דנונה,"שטראוס גרופ בע""\מ",IL,דנונה תות 8 יח,קילוגרמים,1.20,"ק""ג",false,1,25.00,20.83,true,1,
7290106770577,false,גרוסליין - בלגה ממרח חלבה 350 גרם,"אלמונדס בע""מ",IL,ממרח חלבה,גרמים,350.00,100 גרם,false,1,13.90,3.97,true,1,
7290106772472,false,גרוסליין- בלגה ממרח שוקולד 350 גרם,"אלמנדוס בע""מ",IL,ממרח אגוזי לוז,גרמים,350.00,100 גרם,false,1,13.90,3.97,true,1,
7290106774315,false,שוקולד לבן לאפיה אלמ,"אלמונדס בע""מ",IL,שוקולד לבן,גרמים,500.00,100 גרם,false,1,34.90,6.98,true,1,
7290106774612,false,סילאן טבעי אורגני לחיץ 500 גרם,,IL,סילאן אורגני,גרמים,500.00,100 גרם,false,1,18.90,3.78,true,1,
7290107280020,false,שלישיית מטליות לחות לניקוי כללי סנו סושי 50 יחידות,טרופיקל דגיל- תעשיות,IL,מטליות לחות מארז,יחידה,1.00,יחידה,false,0,16.90,16.90,true,1,
7290107280037,false,50 מטליות לחות לניקוי כללי גדולות ועבות,דינאמיק תעשיות,IL,מגבונים לניקוי,יחידה,1.00,יחידה,false,0,9.90,9.90,true,1,
7290107280075,false,סנו סושי תבנית אלומיניום לארג 4יח,סנו מפעלי ברונוס בעמ,CN,תבניות אלומיניום,יחידה,1.00,יחידה,false,1,8.90,8.90,true,1,
7290107280082,false,מארז 7 תבניות אלומיניום מוארכות לאפייה אינגליש קייק,סנו מפעלי ברונוס בעמ,CN,תבניות אלומיניום,יחידה,1.00,יחידה,false,1,8.90,8.90,true,1,
7290107280099,false,שלישיית מגובנים נשטפים באסלה סופט סוד 48 יחידות,טרופיקל דגיל- תעשיות,IL,מגבוני נייר לחים,יחידה,1.00,יחידה,false,0,15.90,15.90,true,1,
7290107280341,false,ריצפז מטליות לחות לניקוי הרצפה בניחוח מלון מפנק,טרופיקל דגיל תעשיות,IL,מטליות ריצפז,יחידה,1.00,יחידה,false,1,10.90,10.90,true,1,
7290107280389,false,"סנו - ג'ט מרסס לניקוי בחדר האמבטיה 750 מ""ל","איי, בי, אינבוו",IL,מתז ג'ט לאמבט,מיליליטרים,750.00,"100 מ""ל",false,0,14.90,1.99,true,1,
7290107280396,false,"סנו - ג'ט מרסס לניקוי יסודי במטבח 750 מ""ל","סנו מפעלי ברונוס בע""",IL,מתז ג'ט למטבח,מיליליטרים,750.00,"100 מ""ל",false,0,11.90,1.59,true,1,
7290107280563,false,ג'ל אוקסיג'ן בייבי סנו 3 ליטר,"איי, בי, אינבוו",IL,אוקסיג'ן בייבי,ליטרים,3.00,ליטר,false,0,28.90,9.63,true,1,
7290107280600,false,טבליות למדיח סנו ספארק 100 טבליות במארז,גרופה אינקו,PL,ספארק טב' למדיח,יחידה,1.00,יחידה,false,1,51.90,51.90,true,1,
7290107280709,false,"סנו ספארק נוזל הברקה למדיח 700 מ""ל","סנו מפעלי ברונוס בע""\מ",IL,נוזל הברקה למדיח,מיליליטרים,700.00,"100 מ""ל",false,1,13.90,1.98,true,1,
7290107280716,false,מלח למדיח להגנה מפני אבנית סנו ספארק Spark,סנו ספארק,IL,ספארק מלח למדיח,קילוגרמים,2.00,"ק""ג",false,1,10.90,5.45,true,1,
7290107280723,false,נוזל לניקוי כלים סנו ספארק Spark בניחוח לימון רענן,סנו כימיקלים,IL,נוזל לכלים לימון,מיליליטרים,700.00,"100 מ""ל",false,0,9.90,1.41,true,1,
7290107280747,false,נוזל לניקוי כלים סנו ספארק Spark קלאסי,סנו כימיקלים,IL,נוזל לכלים קלאסי,מיליליטרים,700.00,"100 מ""ל",false,0,9.90,1.41,true,1,
7290107280761,false,נוזל לניקוי כלים בניחוח לימון רענן סנו ספארק Spark,מיוצר עי קונדיטוריית,IL,נוזל כלים לימון,ליטרים,1.00,ליטר,false,0,10.90,10.90,true,1,
7290107280822,false,סנו ריצפז פרש הום 2 ליטר בניחוח ספא,"סנו מפעלי ברונוס בע""\מ",IL,ריצפז פרש הום,ליטרים,2.00,ליטר,false,0,17.90,8.95,true,1,
7290107645584,false,אבקת מרק עוף אמיתי רכיבים טבעיים 400 גרם - רבנות,יוניליוור ישראל מזון בע\,IL,מרק עוף אמיתי,גרמים,400.00,100 גרם,false,1,19.90,4.98,true,1,
7290107646062,false,אבקת מרק בצל רכיבים טבעיים קנור 400 ג',"יוניליוור ישראל מזון בע""",IL,מרק בצל,גרמים,400.00,100 גרם,false,1,25.00,6.25,true,1,
7290107646154,false,"חטיף קוקומן פצפוצים תלמה 126 גרם מארז 6 יחידות בד""צ",יוניליוור ישראל מזון בעמ,IL,חטיפי קוקומן 6יח,גרמים,126.00,100 גרם,false,1,12.90,10.24,true,1,
7290107646826,false,"חטיף שוגי שוקו תלמה 156 גרם מארז 6 יחידות בד""צ",יוניליוור ישראל מזון בעמ,IL,חטיפי שוגי 6 יח,גרמים,156.00,100 גרם,false,1,12.90,8.27,true,1,
7290107646895,false,קנור - רוטב פסטה נפוליטנה 415 גרם חתם סופר,קונסורזיו קאסאלאסקו דל פ,IT,רוטב נפוליטנה,גרמים,415.00,100 גרם,false,1,12.90,3.11,true,1,
7290107646918,false,"קנור-רוטב שקשוקה עגבניות ופלפלים 415 מ""ל",קונסורזיו קאסאלאסקו דל פ,IT,רוטב לשקשוקה,גרמים,415.00,100 גרם,false,1,12.90,3.11,true,1,
7290107647656,false,סולרו פרוט בוסט - קוקוס אננס (פרווה),"מיוצר ע""\י גלידת שטראוס",IL,מאגדת מיני סולרו,גרמים,245.00,100 גרם,false,1,22.90,9.35,true,1,
7290107647731,false,קוקומן חום לבן בטעם שוקולד ווניל,יוניליוור ישראל מזון בעמ,IL,קוקומן חום לבן,גרמים,375.00,100 גרם,false,1,19.90,5.31,true,1,
7290107647816,false,"דגני ברנפלקס ללא תוספת סוכר 500 גרם בד""צ",יוניליוור ישראל מזון בעמ,IL,"ברנפלקס ללת""ס",גרמים,500.00,100 גרם,false,1,20.90,4.18,true,1,
7290107648943,false,"ברנפלקס קרנצ'ים מייפל תלמה 375 גרם בד""צ","יוניליוור שפע ישראל בע""\",IL,ברנפלקס קרנצ'ים,גרמים,375.00,100 גרם,false,1,18.90,5.04,true,1,
7290107648974,false,קנור רוטב לפסטה עגבניות עם בזיליקום,קונסורזיו קאסאלאסקו דל פ,IL,רוטב עגבניות,גרמים,415.00,100 גרם,false,1,12.90,3.11,true,1,
7290107649100,false,בייגלה טבעות שומשום 300 גרם.,בייגל את בייגל מזון 198),IL,בייגלה טבעות,גרמים,300.00,100 גרם,false,1,10.40,3.47,true,1,
7290107649605,false,קליק אקסטרא לארג שוקולד חלב עם פתיתי תירס ודגנים,יוניליוור ישראל מזון בעמ,IL,שוקולד קליק,גרמים,85.00,100 גרם,false,1,5.90,6.94,true,1,
7290107779296,false,זרעי בצל ירוק 100זרעים,"גדות אגרו בע""\מ",IL,זרעי בצל ירוק,יחידה,1.00,יחידה,false,1,9.90,9.90,true,1,
7290107779302,false,זרעי ברוקולי ירוק 20זרעי,"גדות אגרו בע""\מ",IL,ברוקולי ירוק,יחידה,1.00,יחידה,false,1,9.90,9.90,true,1,
7290107779425,false,זרעי עגבניה תמר 10 זרעים,"גדות אגרו בע""\מ",IL,עגבניה תמר 10זרע,יחידה,1.00,יחידה,false,1,9.90,9.90,true,1,
7290107779531,false,זרעי מלפפון 10 יחידות,"גדות אגרו בע""\מ",IL,זרעי מלפפון,יחידה,1.00,יחידה,false,1,9.90,9.90,true,1,
7290107779609,false,זרעי עלי בייבי רוקט,"גדות אגרו בע""\מ",IL,זרעי עלי בייבי,יחידה,1.00,יחידה,false,1,9.90,9.90,true,1,
7290107779685,false,זרעי פלפל אדום 10 זרעים,"גדות אגרו בע""\מ",IL,זרעי פלפל אדום,יחידה,1.00,יחידה,false,1,9.90,9.90,true,1,
7290107779821,false,זרעי שמיר 100 זרעים,"גדות אגרו בע""\מ",IL,זרעי שמיר,יחידה,1.00,יחידה,false,1,9.90,9.90,true,1,
7290107779869,false,זרעי עגבניות שרי מיקס,"גדות אגרו בע""\מ",IL,תרד טורקי 100זרע,יחידה,1.00,יחידה,false,1,9.90,9.90,true,1,
7290107779937,false,זרעי תרד טורקי 100 זרעים,"גדות אגרו בע""\מ",IL,זרעי תרד טורקי,יחידה,1.00,יחידה,false,1,9.90,9.90,true,1,
7290107871990,false,"פסטה צינורות 500 גרם ""אסם""",פסטה זארה,IT,פסטה צינורות,גרמים,500.00,100 גרם,false,0,5.90,1.18,true,1,
7290107874502,false,ביסלי גריל קדמ. מארז אחיד 10 4*55 גרם,מיוצר עי קונדיטוריית,IL,ביסלי גריל 4 יח,גרמים,220.00,100 גרם,false,1,12.50,5.68,true,1,
7290107875271,false,ביסלי ברביקיו קדמ. מארז אחיד10 4*55 גרם,"אסם השקעות בע""\מ",IL,ביסלי ברביקיו4יח,גרמים,220.00,100 גרם,false,1,12.50,5.68,true,1,
7290107875400,false,גלידה לה קרמריה פיסטוק מוקה 1.4 ל' נסטלה,גלידות נסטלה )נגה גלידות,IL,להקרמריה,ליטרים,1.40,ליטר,false,0,21.90,15.64,true,1,
7290107877619,false,מארז במבה במילוי קרם נוגט 5*30ג' אסם,"אסם השקעות בע""\מ",IL,במבה נוגט 5 יח,גרמים,150.00,100 גרם,false,1,13.90,9.27,true,1,
7290107879521,false,קרחון לה פרוטה שרבט תות מאגדת 5יח',גלידות נסטלה )נגה גלידות,IL,מאגדת לה פרוטה,גרמים,350.00,100 גרם,false,1,24.90,7.11,true,1,
7290107879569,false,קרחון לה פרוטה שרבט מנגו מאגדת 5יח',גלידות נסטלה )נגה גלידות,IL,מאגדת לה פרוטה,גרמים,350.00,100 גרם,false,1,24.90,7.11,true,1,
7290107930321,false,קונפיטורת יד מרדכי דובדובן 340 גרם,"בית אל מזון בע""מ",IL,קונפיטורה דובדבן,גרמים,340.00,100 גרם,false,1,11.90,3.50,true,1,
7290107931397,false,כיף כף פצפוצים במילוי שוקולד 40 גרם,שולן צ'\יקולטה גידה סאן.,TR,כיף כף פצפצים,גרמים,40.00,100 גרם,false,1,4.90,12.25,true,1,
7290107932080,false,חלב מועשר יוטבתה בבקבוק 3% 1 ליטר,מחלבת יטבתה,IL,חלב מועשר 3%,ליטרים,1.00,ליטר,false,1,7.70,7.70,true,1,
7290107932134,false,חלב מועשר יוטבתה בבקבוק 1% 1 ליטר,מחלבת יטבתה,IL,חלב מועשר 1%,ליטרים,1.00,ליטר,false,1,7.70,7.70,true,1,
7290107933155,false,לקט סלנובה שטראוס 200 גרם,שטראוס בריאות ירקות טריי,IL,לקט סלנובה,גרמים,200.00,100 גרם,false,1,12.90,6.45,true,1,
7290107933193,false,שטראוס סלק מבושל בוו,לס לגוסודה סנצונוניו,IL,סלק מבושל 500גרם,גרמים,500.00,100 גרם,false,1,7.90,1.58,true,1,
7290107934473,false,שמינייה יוגורט לבן אקטיביה 1.5% דנונה 150 גרם,"שטראוס גרופ בע""\מ",IL,אקטביה 1.5% 8 יח,ליטרים,1.20,ליטר,false,1,19.90,16.58,true,1,
7290107936309,false,דנונה יוגורט 7% יווני לבן 130 ג',"שטראוס בריאות בע""מ",IL,יוגורט יווני,גרמים,130.00,100 גרם,false,1,3.50,2.69,true,1,
7290107936460,false,מארז 8 יח' דנכול משקה יוגורט בטעם מעודן,מיוצר עי קונדיטוריית,IL,דנכול מעודן 8 יח,גרמים,800.00,100 גרם,false,1,29.60,3.70,true,1,
7290107936958,false,עד חצות ביסקוויט אצבעות שוקולד 125 גרם,ביסקוויטס טור ד'\אלבון,FR,עד חצות אצבעות,גרמים,125.00,100 גרם,false,1,9.90,7.92,true,1,
7290107936965,false,עיגולים עד חצות עם שוקולד חלב 225 גר,ביסקווטרי עוגיות סנט,FR,עד חצות עיגולים,גרמים,230.00,100 גרם,false,1,12.90,5.61,true,1,
7290107937542,false,משקה יוגורט אקטיביה עם תות 1.2% שומן,מיוצר עי קונדיטוריית,IL,משקה אקטביה תות,גרמים,265.00,100 גרם,false,1,5.00,1.89,true,1,
7290107937627,false,מסטיק מאסט Must קוביות ללא סוכר בטעם מנטה עדינה,אסקום קונפקשיין,DE,קוביות מסטיק,גרמים,58.00,100 גרם,false,1,9.90,17.07,true,1,
7290107937634,false,צנצנית מסטיק מאסט קוביות פפירמינט 58 ג' עלית,אסקום קונפקשיין,DE,קוביות מסטיק,גרמים,58.00,100 גרם,false,1,9.90,17.07,true,1,
7290107937641,false,צנצנת מסטיק בזוקה קוביות ללא סוכר,אסקום קונפקשיין,DE,קוביות מסטיק,גרמים,58.00,100 גרם,false,1,9.90,17.07,true,1,
7290107937856,false,קפסולות 11חזק למכונות נספרסו עלית 10יח',הנסיך- מפעל לייצור ט,IL,קפסולות עלית,גרמים,50.00,100 גרם,false,1,16.50,33.00,true,1,
7290107938396,false,שמיניית אקטימל תות דיסני בנים 108 גרם,מיוצר עי קונדיטוריית,IL,אקטימל תות 8יח',מיליליטרים,800.00,"100 מ""ל",false,1,20.90,2.61,true,1,
7290107939027,false,גזר דק דק 250 גרם שטראוס,שטראוס בריאות ירקות טריי,IL,גזר דק דק 250גרם,גרמים,250.00,100 גרם,false,1,7.90,3.16,true,1,
7290107940467,false,אקטיביה יוגורט 1.5% שומן 200 ג' דנונה,מיוצר עי קונדיטוריית,IL,אקטיביה 1.5%,גרמים,200.00,100 גרם,false,1,4.00,2.00,true,1,
7290107941259,false,"עדשים ירוקות מבושלות 475 גרם ""טעם הטבע",הורקסה לס לגונס דה ס,ES,עדשים ירוקות,גרמים,475.00,100 גרם,false,1,12.90,2.72,true,1,
7290107941266,false,שעועית אדומה מבושלת שטראוס 475 גרם,הורקסה לס לגונס דה ס,ES,שעועית אדומה,גרמים,475.00,100 גרם,false,1,14.90,3.14,true,1,
7290107941273,false,"חומוס מבושל 475 גרם ""טעם הטבע",הורקסה לס לגונס דה ס,ES,חומוס מבושל,גרמים,475.00,100 גרם,false,1,12.90,2.72,true,1,
7290107943192,false,"שמנת חמוצה מהערבה 27% שומן 200 מ""ל יטבתה",מחלבת יטבתה,IL,שמנת חמוצה 27%,מיליליטרים,200.00,"100 מ""ל",false,1,3.90,1.95,true,1,
7290107943369,false,קוואקר שיבולת שועל ללא גלוטן 511 גרם,היידי שוקולד בירונטי,US,קוואקר ללא גלוטן,גרמים,511.00,100 גרם,false,1,18.90,3.70,true,1,
7290107944472,false,סימפוניה גבינה במרקם שמנת 5% שום שמיר,"שטראוס בריאות בע""\מ",IL,גבינת סימפוניה,גרמים,200.00,100 גרם,false,1,11.00,5.50,true,1,
7290107945165,false,קונפיטורת משמש יד מרדכי 340 גרם,אף.סי תבליני בגליל ב,IL,קונפיטורת משמש,גרמים,340.00,100 גרם,false,1,11.90,3.50,true,1,
7290107950190,false,מעדן חלב דל קלוריות בטעם שוקולד מריר 0.5% שומן,מיוצר עי קונדיטוריית,IL,מעדן דיאט שוקולד,גרמים,130.00,100 גרם,false,1,3.30,2.54,true,1,
7290107950206,false,מעדן דיאט שוקולד שטראוס 130 גרם,מיוצר עי קונדיטוריית,IL,מעדן דיאט שוקולד,גרמים,130.00,100 גרם,false,1,3.30,2.54,true,1,
7290107951104,false,בפלות ופלים ארוכים בטעם שוקולד,"שטראוס גרופ בע""\מ",IL,בפלות טעם שוקולד,גרמים,200.00,100 גרם,false,1,4.90,2.45,true,1,
7290107951715,false,צנצנת מסטיק מאסט קוביות בטעם ענבים 58 ג' עלית,אסקום קונפקשיין,IL,מסטיק קוביות,גרמים,58.00,100 גרם,false,1,9.90,17.07,true,1,
7290107953559,false,"מארז קפה טורקי עלית לדרך כשל""פ 168 גרם",הנסיך- מפעל לייצור ט,IL,קפה טורקי לדרך,גרמים,168.00,100 גרם,false,1,18.90,11.25,true,1,
7290107954709,false,"קונפיטורת פירות יער ""יד מרדכי"" 340 גר'","ב.א. מזון בע""\מ",IL,קונפיטורה פירות,גרמים,340.00,100 גרם,false,1,11.90,3.50,true,1,
7290107954976,false,משקה חלב PRO עם קפה 1.5% 25 גרם חלבון בבקבוק,מחלבת יטבתה,DE,משקה פרו קפה,מיליליטרים,350.00,"100 מ""ל",false,1,6.50,1.86,true,1,
7290107956642,false,"תרסיס שמן זית 150 מ""ל יד מרדכי כשלפ",פארייפאבה אגרואינדוס,ES,תרסיס שמן זית,מיליליטרים,150.00,"100 מ""ל",false,1,17.90,11.93,true,1,
7290107956895,false,קפסולות 07 אספרסו בטעם קרמל עלית 10יח',שטראוס קפה בי.וי.,IL,קפסולות אספרסו,גרמים,50.00,100 גרם,false,1,16.50,33.00,true,1,
7290107956901,false,קפסולות בטעם אגוזים למכונת נספרסו עלית 10 יחידות,שטראוס קפה בי.וי.,IL,קפסולות אספרסו,גרמים,50.00,100 גרם,false,1,16.50,33.00,true,1,
7290107956925,false,קפסולות 13 אוגנדה למכונת נספרסו עלית 10יח',שטראוס קפה בי.וי.,IL,קפסולות קפה,גרמים,50.00,100 גרם,false,1,16.50,33.00,true,1,
7290107956932,false,קפסולות אספרסו אידונזיה למכונות 50 גר,שטראוס קפה בי.וי.,IL,קפסולות אינדונזי,גרמים,50.00,100 גרם,false,1,16.50,33.00,true,1,
7290107957991,false,מילקי CAKE מיניס קרם חלב בציפוי שוקולד חלב שקית 16X9ג',בובארד איטליה אס.פי.איי,IT,מילקי קייק מיניס,גרמים,144.00,100 גרם,false,1,13.90,9.65,true,1,
7290107958035,false,יוגורט במתיקות מעודנת 2% ללא תוספת סוכר- מארז 8 יח,"שטראוס בריאות בע""\מ",IL,דנונה מעודן 8 יח,קילוגרמים,1.20,"ק""ג",false,1,18.50,15.42,true,1,
7290107971539,false,פרי חטיף בוטנים וקשיו עם שוקולד מריר 125 גרם,אמקו סאם מילס ספול.,CZ,חטיף FREE,גרמים,140.00,100 גרם,false,1,16.90,12.07,true,1,
7290107971751,false,מי פה קולגייט טוטל ללא אלכוהול פפרמינט,יבואן ומשווק: ש. שסט,PL,מי פה קולגייט,מיליליטרים,500.00,"100 מ""ל",false,1,24.90,4.98,true,1,
7290107973014,false,"סבון ידיים משאבה פלמוליב חלב ודבש 300 מ""ל",הנסיך- מפעל לייצור ט,TR,סבון ידיים,מיליליטרים,300.00,"100 מ""ל",false,1,10.90,3.63,true,1,
7290107973038,false,"סבון ידיים משאבה פלמוליב אקווריום 300 מ""ל",הנסיך- מפעל לייצור ט,IT,סבון פלמוליב,מיליליטרים,300.00,"100 מ""ל",false,1,10.90,3.63,true,1,
7290107973311,false,קולגייט מברשת שיניים 360 פחם זהב זוג,הנסיך- מפעל לייצור ט,CH,מברשות קולגייט,יחידה,1.00,יחידה,false,1,24.90,24.90,true,1,
7290107973809,false,שימורי עגבניות קוביות 400 ג' מאסטר שף,פראנו אריקו ופיגלי ס.פ.א,IT,קוביות עגבניות,גרמים,400.00,100 גרם,false,1,5.90,1.48,true,1,
7290107973861,false,מאסטר שף עגבניות קצוצות דק שלישיה 400ג*3 כשלפ,קונסרזיו קאסאלאסקו ד,IT,עגבניות קצוצות3י,קילוגרמים,1.20,"ק""ג",false,1,16.90,14.08,true,1,
7290107974066,false,"עלי טורטיה קמח מלא 20ס""מ 8יח' מאסטר שף 320ג'",אלקאטי קורביישיסי גי,ES,עלי טורטיה,גרמים,320.00,100 גרם,false,1,10.90,3.41,true,1,
7290107974073,false,מנה עלי טורטיה קמח לבן מ.שף 20 סמ 320 גר,אלקאטי קורביישיסי גי,ES,עלי טורטיה,גרמים,320.00,100 גרם,false,1,10.90,3.41,true,1,
7290107975360,false,ליידי ספיד סטיק פיור פרשנס ג'ל נשים 65ג',ליידי ספיד סטיק Lady Speed Stick,US,ליידי ספיד סטיק,גרמים,45.00,100 גרם,false,1,19.90,44.22,true,1,
7290107977456,false,"פלמוליב - ג'ל רחצה ושמפו ספורט לגבר 750 מ""ל",קולגייט פלמוליב,TR,ג'ל רחצה פלמוליב,מיליליטרים,750.00,"100 מ""ל",false,1,19.90,2.65,true,1,
7290107978101,false,מש.שיניים קולגייט א.וויט אקסטרה פאוור 75,קולגייט-פלמוליב,PL,משחת אופטיק וייט,מיליליטרים,75.00,"100 מ""ל",false,1,29.90,39.87,true,1,
7290107978323,false,איטריות דקיקות מאסטר שף 400 גרם,הדקלאים אגודת שיתופי,PL,איטריות דקיקות,גרמים,400.00,100 גרם,false,1,5.90,1.48,true,1,
7290107978330,false,מאסטר שף איטריות דקות 400 גרם,הדקלאים אגודת שיתופי,PL,איטריות דקות,גרמים,400.00,100 גרם,false,1,5.90,1.48,true,1,
7290107978347,false,איטריות בינוניות מאסטר שף 400 גרם,הדקלאים אגודת שיתופי,PL,איטריות בינוניות,גרמים,400.00,100 גרם,false,1,5.90,1.48,true,1,
7290107978453,false,חטיף בטעם גריל קראנצ,קראנצ'וס,IL,קראנצ'וס גריל,גרמים,55.00,100 גרם,false,1,3.50,6.36,true,1,
7290107978460,false,חטיף בטעם פלאפל קראנ,קראנצ'וס,IL,קראנצ'וס פלאפל,גרמים,55.00,100 גרם,false,1,3.50,6.36,true,1,
7290107978637,false,משחת שיניים לחניכיים רגישות,קולגייט פלמוליב,PL,משחת מרידול,מיליליטרים,75.00,"100 מ""ל",false,1,19.90,26.53,true,1,
7290108350128,false,סנו סושי שקיות אשפה חזקות במיוחד 40 יח',מיוצר עי קונדיטוריית,IL,שקיות אשפה,יחידה,1.00,יחידה,false,1,23.90,23.90,true,1,
7290108350210,false,סנו סושי 30 שקיות אשפה XL חזקות במיוחד,מיוצר עי קונדיטוריית,IL,שקיות אשפה חזקות,יחידה,1.00,יחידה,false,1,24.90,24.90,true,1,
7290108350531,false,סנו ספארק נוזל כלים בניחוח קלאסי עם משאבה 1 ל',מיוצר עי קונדיטוריית,IL,ספארק לכלים,ליטרים,1.00,ליטר,false,1,10.90,10.90,true,1,
7290108350586,false,נוזל לניקוי כלים סנו ספארק Spark בניחוח לימון רענן,"סנו מפעלי ברונוס בע""\מ",IL,ספארק נוזל לכלים,ליטרים,1.50,ליטר,false,1,13.90,9.27,true,1,
7290108350616,false,סנו - מקסימה מרכך כביסה מרוכז פריחה כחולה 1 ליטר,"סנו מפעלי ברונוס בע""\מ",IL,מרכך מקסימה,ליטרים,1.00,ליטר,false,1,17.90,17.90,true,1,
7290108350722,false,אורביטול גוניור משחת שיניים בוב ספוג 70ג,טרופיקל דגיל תעשיות קוסמ,IL,משחת אורביטול +6,מיליליטרים,70.00,"100 מ""ל",false,1,7.90,11.29,true,1,
7290108351156,false,ג'ל ניקוי כללי בתוספת חומץ בריח לבנדר סנו ג'ט 1.5 ליטר,"סנו מפעלי ברונוס בע""\מ",IL,סנו ג'ט פלוס,ליטרים,1.50,ליטר,false,1,14.90,9.93,true,1,
7290108351507,false,מרכך כביסה אינספרישיין סנו מקסימה 4 ליטר,הורביץ סחר,IL,מרכך מקסימה,ליטרים,4.00,ליטר,false,1,21.90,5.48,true,1,
7290108351521,false,גל כביסה סנו מקסימ בניחוח מאסק 5 ל,סנו מקסימה,IL,מקסימה ג'ל,ליטרים,5.00,ליטר,false,1,44.90,8.98,true,1,
7290108351552,false,"סנו - ג'ט לניקוי כללי בתוספת חומץ בניחוח לבנדר 750 מ""ל","סנו מפעלי ברונוס בע""\מ",IL,סנו ג'ט עם חומץ,מיליליטרים,750.00,"100 מ""ל",false,1,15.90,2.12,true,1,
7290108351569,false,מבשם ומרכך למייבש כביסה Baby לתינוקות ולעור רגיש,"סנו מפעלי ברונוס בע""\מ",IL,מקסימה למייבש,מיליליטרים,750.00,"100 מ""ל",false,1,16.30,2.17,true,1,
7290108351583,false,"סנו - ג'ט פלוס חומץ ג'ל לניקוי אסלות לבנדר 750 מ""ל",טרופיקל דגיל תעשיות,IL,סנו ג'ט לאסלות,מיליליטרים,750.00,"100 מ""ל",false,1,9.90,1.32,true,1,
7290108351590,false,"סנופרש הום בלו בלוסון בניחוח מרכך כביסה 350 מ""ל",סנו פרש Fresh,IL,סנופרש בלוסם,מיליליטרים,350.00,"100 מ""ל",false,1,10.90,3.11,true,1,
7290108351613,false,סנו ריצפז פרש הום 2 ליטר בניחוח מלון חלומי,"סנו מפעלי ברונוס בע""\מ",IL,ריצפז פרש הום,ליטרים,2.00,ליטר,false,1,17.90,8.95,true,1,
7290108351668,false,מטליות לחות לניקוי כללי בתוספת חומץ בניחוח לבנדר,טרופיקל דיגל- תעשיות,IL,סנו ג'ט מטליות,יחידה,1.00,יחידה,false,1,9.90,9.90,true,1,
7290108351699,false,סנו - ג'ט מטליות לחות לניקוי כללי בתוספת חומץ לבנדר שלישיה,סנו מפעלי ברונוס על,IL,סנו ג'ט מטליות3*,יחידה,1.00,יחידה,false,1,17.90,17.90,true,1,
7290108351729,false,נ.לניקוי אסלות סנו גרין פאוור אקולוגי750,מיוצר עי קונדיטוריית,IL,נוזל לניקוי אסלו,מיליליטרים,750.00,"100 מ""ל",false,1,11.90,1.59,true,1,
7290108351736,false,"סנו נוזל לניקוי חלונות אקולוגי 750 מ""ל GREEN POWER",סנו מפעלי ברונוס בעמ,IL,נוזל לניקוי חלונ,מיליליטרים,750.00,"100 מ""ל",false,1,12.90,1.72,true,1,
7290108351750,false,נ.לניקוי רצפות סנו גרין פאוור אקולוגי 2ל,סנו מפעלי ברונוס בעמ,IL,נוזל לניקוי רצפו,ליטרים,2.00,ליטר,false,1,18.40,9.20,true,1,
7290108351804,false,מרכך כביסה סופר מרוכז Gentl Breeze סנו מקסימה 1 ליטר,מיוצר עי קונדיטוריית,IL,מרכך מקסימה,ליטרים,1.00,ליטר,false,1,17.90,17.90,true,1,
7290108351859,false,"סנו מקסימה בושם מרוכז לכביסה FOREVER ורוד 600 מ""ל",סנו מקסימה,IL,בושם לכביסה,מיליליטרים,600.00,"100 מ""ל",false,1,19.90,3.32,true,1,
7290108351927,false,סנו ספארק טבליות למדיח 70 יחידות,גרופה אינקו,PL,טבליות למדיח,יחידה,1.00,יחידה,false,1,44.90,44.90,true,1,
7290108351965,false,סנו ג'ט סבון אסלה בחומץ שלישיה,סנו מפעלי ברונוס בעמ,IL,ג'ט סבון אסלה3יח,גרמים,165.00,100 גרם,false,1,11.90,7.21,true,1,
7290108351972,false,סנופרש הום מבשם לבית בניחוח מלון בוטיק,מיוצר עי קונדיטוריית,IL,מבשם אוויר לבית,מיליליטרים,200.00,"100 מ""ל",false,1,11.90,5.95,true,1,
7290108351996,false,"חיטוי בייבי 99.9% לחיטוי וניקוי בסביבת תינוקות 750 מ""ל","סנו מפעלי ברונוס בע""\מ",IL,מתז בייבי מחטא,מיליליטרים,750.00,"100 מ""ל",false,1,14.90,1.99,true,1,
7290108352061,false,משחת שיניים Go White אורביט 145 גרם עם פחם,טרופיקל דגיל תעשיות קוסמ,IL,משחת אורביטול,גרמים,145.00,100 גרם,false,1,14.90,10.28,true,1,
7290108352092,false,משחת שיניים אורביטול פרוטקטיב סולט בטעם מנטה,טרופיקל דגיל תעשיות קוסמ,IL,משחת אורביטול,גרמים,145.00,100 גרם,false,1,17.90,12.34,true,1,
7290108352153,false,"סנובון נוזלי בניחוח לוטוס וסחלב סנו 750 מ""ל",מיוצר עי קונדיטוריית,IL,סנובון נוזלי,מיליליטרים,750.00,"100 מ""ל",false,1,10.90,1.45,true,1,
7290108352207,false,מקסימה 40 קפסולות לכביסה בניחוח fresh burst,"גליל כימיקלים, א.ת. צפונ",IL,מקסימה קפסולות,יחידה,1.00,יחידה,false,1,31.90,31.90,true,1,
7290108352214,false,סנו - מקסימה קפסולות כביסה בניחוח בריזה מרעננת 40 יח',טרופיקל דגיל תעשיות,IL,קפסולות לכביסה,יחידה,1.00,יחידה,false,1,31.90,31.90,true,1,
7290108352252,false,נוזל לניקוי כלים מתאים לניקוי ירקות ופירות סנו ספארק,"סנו מפעלי ברונוס בע""\מ",IL,ספארק נוזל כלים,ליטרים,1.00,ליטר,false,1,10.90,10.90,true,1,
7290108352276,false,סנו המטליות משמידות 99.9% מהחיידקים 10 יחידות,"סנו מפעלי ברונס בע""\מ",IL,מטליות לרצפה,יחידה,1.00,יחידה,false,1,15.90,15.90,true,1,
7290108352290,false,שלישיית מטליות לחיטוי ולניקוי יסודי לחדר האמבטיה סדרת 99.9%,מיוצר עי קונדיטוריית,IL,מטליות חיטוי99%,יחידה,1.00,יחידה,false,1,19.90,19.90,true,1,
7290108352344,false,"פרש מבשם אויר אוטומטי בניחוח לבנדר סנו 250 מ""ל",מיוצר עי קונדיטוריית,IL,סנו פרש מילוי,מיליליטרים,250.00,"100 מ""ל",false,1,12.80,5.12,true,1,
7290108352368,false,תוסף לחיטוי כביסה 99.9% סנו מקסימה 3 ל',סנו,IL,תוסף חיטוי כביסה,ליטרים,3.00,ליטר,false,1,29.90,9.97,true,1,
7290108352405,false,מטהר אוויר סנו פרש הום נוזלי ירוק ארומטי,סנו מפעלי ברונוס בעמ,IL,מבשם לבית,מיליליטרים,300.00,"100 מ""ל",false,1,14.90,4.97,true,1,
7290108352429,false,מטהר אוויר סנו פרש הום נוזלי כחול ארומטי,סנו מפעלי ברונוס בעמ,IL,מבשם לבית,מיליליטרים,300.00,"100 מ""ל",false,1,14.90,4.97,true,1,
7290108352450,false,ריצפז פרש הום בניחוח מרכך כביסה בלו בלוסום,סנו מפעלי ברונוס בעמ,IL,ריצפז פרש הום,ליטרים,2.00,ליטר,false,1,17.90,8.95,true,1,
7290108352511,false,"מקסימה לניקוי וחיטוי מכונת כביסה שקית 500 מ""ל","סנו מפעלי ברונוס בע""\מ",IL,מנקה מכונת כביסה,מיליליטרים,500.00,"100 מ""ל",false,1,12.90,2.58,true,1,
7290108352573,false,מרכך כביסה סנו מקסימה בבישום עוצמתי 4 ליטר,"סנו מפעלי ברונוס בע""\מ",IL,מרכך כביסה קאלם,ליטרים,4.00,ליטר,false,1,21.90,5.48,true,1,
7290108352641,false,סנו סושי מטלית הפלא לניקוי כללי במארז שלישייה,סנו מפעלי ברונוס.,CN,מטליות הפלא 3 יח,יחידה,1.00,יחידה,false,1,14.90,14.90,true,1,
7290108352672,false,צמד מטליות הפלא לרצפה מיקרפייבר סנו סושי,סנו מפעלי ברונוס.,CN,מטליות לרצפה 2יח,יחידה,1.00,יחידה,false,1,19.90,19.90,true,1,
7290108352689,false,כריות קרצוף ללכלוך קשה סנו סושי 9 יחידות,טרופיקל דגיל תעשיות,US,כריות קרצוף,יחידה,1.00,יחידה,false,1,9.60,9.60,true,1,
7290108352795,false,סנו סושי שקיות M זיפר 50 יחידות,פיין ונטג,CN,שקיות מזון זיפר,יחידה,1.00,יחידה,false,1,10.00,10.00,true,1,
7290108352801,false,"שקיות אשפה לפחים קטנים 45 * 56 ס""מ סנו סושי 100 יחידות","סנו מפעלי ברונוס בע""מ",IL,שקיות אשפה 100יח,יחידה,1.00,יחידה,false,1,18.90,18.90,true,1,
7290108352849,false,שלישיית מטליות הפלא לניקוי כללי דקור סנו סושי,טרופיקל דגיל תעשיות,CN,מטלית הפלא,יחידה,1.00,יחידה,false,1,14.90,14.90,true,1,
7290108353068,false,ספוג הפלא נירוסטה עם סיבי קירצוף סנו סושי 2 יח',מיוצר עי קונדיטוריית,CN,כריות קרצוף 2 יח,יחידה,1.00,יחידה,false,1,9.90,9.90,true,1,
7290108353082,false,ממחטות אף בקופסה 2 שכבות סנו סופט 120 דף,מיוצר עי קונדיטוריית,IL,ממחטות דו שכבתי,יחידה,1.00,יחידה,false,1,9.90,9.90,true,1,
7290108353099,false,ממחטות אף במארז ניילון סנו סופט 5 יח' * 100 דף,טרופיקל דגיל תעשיות,CN,ממחטות סופט מארז,יחידה,1.00,יחידה,false,1,12.90,12.90,true,1,
7290108353419,false,צמד מברשות שיניים עם סיבי הלבנה ספירליים,החברה הדרומית,CN,מברשות שיניים,יחידה,1.00,יחידה,false,1,19.00,19.00,true,1,
7290108353440,false,אורביטול מברשות שיניים נאנו לחניכיים 2יח,החברה הדרומית,CN,מברשות שיניים2יח,יחידה,1.00,יחידה,false,1,29.90,29.90,true,1,
7290108353501,false,"שקיות אשפה ענקיות עם ידיות ענקיות 75*90 ס""מ סנו סושי 25 יחידות",טרופיקל דגיל תעשיות,TR,שקיות אשפה XXL,יחידה,1.00,יחידה,false,1,20.00,20.00,true,1,
7290108353686,false,מטלית חלומית לרצפה סנו סושי 1 יחידה,נינגבו סנבנג,CN,מטלית לרצפה,יחידה,1.00,יחידה,false,1,10.90,10.90,true,1,
7290108353716,false,"קרמה - תחליב רחצה חימר פיטאיה 500 מ""ל","קוסמופארם בע""\מn\",IL,תחליב רחצה חימר,מיליליטרים,500.00,"100 מ""ל",false,1,12.90,2.58,true,1,
7290108353723,false,"קרמה - תחליב רחצה חימר תה ירוק 500 מ""ל","קוסמופארם בע""\מn\",IL,תחליב רחצה קרמה,מיליליטרים,500.00,"100 מ""ל",false,1,12.90,2.58,true,1,
7290108353730,false,"קרמה - תחליב רחצה חימר אוכמניות כחולות 500 מ""ל","קוסמופארם בע""\מn\",IL,תחליב רחצה קרמה,מיליליטרים,500.00,"100 מ""ל",false,1,12.90,2.58,true,1,
7290108353747,false,"תחליב רחצה אירוודה, בניחוח טונקה 600 מ""ל קרימה","קוסמופארם בע""\מ",IL,קרמה תחליב רחצה,מיליליטרים,600.00,"100 מ""ל",false,1,18.90,3.15,true,1,
7290108353761,false,"תחליב רחצה זן, בניחוח קשמיר 600 מ""ל קרימה","קוסמופארם בע""\מ",IL,קרמה תחליב רחצה,מיליליטרים,600.00,"100 מ""ל",false,1,18.90,3.15,true,1,
7290108353815,false,"תחליב רחצה מדיטציה בניחוח פצ'ולי לבנדר+משאבה 600 מ""ל","קוסמופארם בע""\מ",IL,קרמה תחליב רחצה,מיליליטרים,600.00,"100 מ""ל",false,1,18.90,3.15,true,1,
7290108353907,false,"קרמה - דאודורנט רול און לאישה קרמה קלאסי 75 מ""ל","קוסמופארם בע""\מ",IL,דאודורנט קרמה,מיליליטרים,75.00,"100 מ""ל",false,1,13.90,18.53,true,1,
7290108353952,false,"קרמה - דאודורנט ספריי לאישה קרמה קלאסי 150 מ""ל",מיוצר עי : אמיליה קוסמטי,TR,דאודורנט קרמה,מיליליטרים,150.00,"100 מ""ל",false,1,14.90,9.93,true,1,
7290108354164,false,"כיף שלישיית אל סבון קטיפתי מועשר בשמנים 3*500 מ""ל",טרופיקל דגיל תעשיות,IL,אלסבון כיף 3 יח,ליטרים,1.50,ליטר,false,1,19.90,13.27,true,1,
7290108354416,false,"תחליב רחצה יוגה, בניחוח ברגמוט 600מ""ל קרימה","קוסמופארם בע""\מ",IL,קרמה תחליב רחצה,מיליליטרים,600.00,"100 מ""ל",false,1,18.90,3.15,true,1,
7290108354430,false,"כיף שמפו לשיקום והזנה,שמן קוקוס וקרטין 700 מ""ל",קוסמופארם בעמ,IL,שמפו כיף,מיליליטרים,700.00,"100 מ""ל",false,1,12.90,1.84,false,1,
7290108354485,false,"קרליין מרכך 10 לשיער שמן ארגן 700 מ""ל","קוסמופארם בע""\מ",IL,מרכך 10 ארגן,מיליליטרים,700.00,"100 מ""ל",false,1,13.90,1.99,true,1,
7290108354492,false,"קרליין שמפו 10 לשיער שמן ארגן 700 מ""ל","קוסמופארם בע""\מ",IL,שמפו 10 ארגן,מיליליטרים,700.00,"100 מ""ל",false,1,13.90,1.99,true,1,
7290108354577,false,"קרמה דאודוראנט רולאון וניל ופלפל ורוד 75 מ""ל","קוסמופארם בע""\מ.",IL,דאודורנט קרמה,מיליליטרים,75.00,"100 מ""ל",false,1,13.90,18.53,true,1,
7290108354591,false,"תחליב רחצה בניחוח מי קקטוס ושמן באבאסו 750 מ""ל נקה 7","אמיליה קוסמטיקס בע""מ",IL,תחליב רחצה נקה 7,מיליליטרים,750.00,"100 מ""ל",false,1,9.90,1.32,true,1,
7290108354607,false,"שמפו בניחוח מי קקטוס ושמן באבאסו 750 מ""ל נקה 7","אמיליה קוסמטיקס בע""מ",IL,שמפו נקה 7 קקטוס,מיליליטרים,750.00,"100 מ""ל",false,1,10.90,1.45,true,1,
7290108354614,false,"מרכך בניחוח מי קקטוס ושמן באבאסו 750 מ""ל נקה 7","אמיליה קוסמטיקס בע""מ",IL,מרכך נקה 7 קקטוס,מיליליטרים,750.00,"100 מ""ל",false,1,10.90,1.45,true,1,
7290108354706,false,"קרמה - תחליב רחצה מאסק 500 מ""ל","קוסמופארם בע""\מ",IL,תחליב רחצה קרמה,מיליליטרים,500.00,"100 מ""ל",false,1,12.90,2.58,true,1,
7290108354713,false,"קרמה - תחליב רחצה קלאסי 500 מ""ל","קוסמופארם בע""\מn\",IL,תחליב רחצה קרמה,מיליליטרים,500.00,"100 מ""ל",false,1,12.90,2.58,true,1,
7290108354751,false,"סנו - ג'ט מרסס לניקוי כללי בתוספת אבקת סודה 750 מ""ל","סנו מפעלי ברונוס בע""\מ",IL,סנו ג'ט עם סודה,מיליליטרים,750.00,"100 מ""ל",false,1,15.90,2.12,true,1,
7290108354836,false,קרם ידיים מרוכז לידיים יבשות מאוד בבישום עדין,קוסמופארם,IL,קרם ידיים מרוכז,מיליליטרים,50.00,"100 מ""ל",false,1,12.90,25.80,true,1,
7290108354973,false,"סבון ידיים ורד ווניל קרמה 300 מ""ל",טרופיקל דגיל תעשיות,IL,סבון ידיים קרמה,מיליליטרים,300.00,"100 מ""ל",false,1,9.90,3.30,true,1,
7290108355055,false,לחו.לשיער מקצועי גלייז נטורל פורמולה 400,נטורל פורמולה Natural Formula,IL,לחות נט.פורמולה,מיליליטרים,400.00,"100 מ""ל",false,1,29.90,7.48,true,1,
7290108355086,false,"גלייז מקצועי לשיער נטורל פורמולה 350 מ""ל",נטורל פורמולה Natural Formula,IL,גלייז נט.פורמולה,מיליליטרים,350.00,"100 מ""ל",false,1,39.90,11.40,true,1,
7290108355178,false,"קרמה - קרם ידיים חמאת שיאה וקוקוי 100 מ""ל",החברה הדרומית,IL,קרמה קרם ידיים,מיליליטרים,100.00,"100 מ""ל",false,1,9.90,9.90,true,1,
7290108355192,false,"מרכך קרטין אינטנס למניעת קשקשים נטורל פורמולה 400 מ""ל",נטורל פורמולה Natural Formula,IL,מרכך נטורל פורמו,מיליליטרים,400.00,"100 מ""ל",false,1,29.90,7.48,true,1,
7290108355208,false,"שמפו קרטין אינטנס למניעת קשקשים נטורל 400 מ""ל",נטורל פורמולה Natural Formula,IL,שמפו נטורל פורמו,מיליליטרים,400.00,"100 מ""ל",false,1,29.90,7.48,true,1,
7290108355536,false,"קרמה - דאודורנט ספריי לאישה קרמה ורד וניל 150 מ""ל",מיוצר עי : אמיליה קוסמטי,TR,דאודורנט קרמה,מיליליטרים,150.00,"100 מ""ל",false,1,14.90,9.93,true,1,
7290108355543,false,"קרמה - דאודורנט ספריי לאישה נרולי מגנוליה 150 מ""ל",מיוצר עי : אמיליה קוסמטי,TR,דאודורנט קרמה,מיליליטרים,150.00,"100 מ""ל",false,1,14.90,9.93,true,1,
7290108355802,false,"תחליב רחצה קרמה ורד ווניל 700 מ""ל",גוד פוד פרודקטס S.p,IL,תחליב רחצה קרמה,מיליליטרים,700.00,"100 מ""ל",false,1,16.90,2.41,true,1,
7290108356090,false,קרמה תרחיץ גל לשטיפה אינטימית 220 מל,החברה הדרומית,IL,תרחיץ שטיפה קרמה,מיליליטרים,220.00,"100 מ""ל",false,1,23.90,10.86,true,1,
7290108356106,false,כיף תחליב רחצה חלב שקדים 700 מל,החברה הדרומית,IL,כיף תחליב רחצה,מיליליטרים,700.00,"100 מ""ל",false,1,10.90,1.56,true,1,
7290108356113,false,"כיף תחליב רחצה דבש 700 מ""ל-מרכז",החברה הדרומית,IL,כיף תחליב רחצה,מיליליטרים,700.00,"100 מ""ל",false,1,10.90,1.56,true,1,
7290108356120,false,"כיף תחליב רחצה קוקוס וניל 700 מ""ל",קוסמופארם,IL,כיף תחליב רחצה,מיליליטרים,700.00,"100 מ""ל",false,1,10.90,1.56,true,1,
7290108356137,false,"כיף - תחליב רחצה לבנדר 700 מ""ל",קוסמופארם,IL,כיף תחליב רחצה,מיליליטרים,700.00,"100 מ""ל",false,1,10.90,1.56,true,1,
7290108356168,false,"כיף - תחליב רחצה אוקיינוס 700 מ""ל",גוד פוד פרודקטס S.p,IL,כיף תחליב רחצה,מיליליטרים,700.00,"100 מ""ל",false,1,10.90,1.56,true,1,
7290108356229,false,ג'ל גילוח לכל סוגי העור מועשר בפחם פעיל,טרופיקל דגיל תעשיות,TR,ג'ל גילוח מטהר,מיליליטרים,200.00,"100 מ""ל",false,1,14.90,7.45,true,1,
7290108356274,false,"כיף - מוס רחצה בניחוח תותים ושמנת 150 מ""ל",החברה הדרומית,TR,כיף מוס רחצה,מיליליטרים,150.00,"100 מ""ל",false,1,10.00,6.67,true,1,
7290108356298,false,"כיף - מוס רחצה בניחוח קרם עוגיות 150 מ""ל",החברה הדרומית,TR,כיף מוס רחצה,מיליליטרים,150.00,"100 מ""ל",false,1,10.00,6.67,true,1,
7290108356489,false,"כיף - תחליב רחצה אפרסק וחמאת מורומורו 700 מ""ל",החברה הדרומית,IL,תחליב רחצה אפרסק,מיליליטרים,700.00,"100 מ""ל",false,1,10.90,1.56,true,1,
7290108356519,false,קרליין שמפו 10למניעת קשקשים 700מל,"קוסמופארם בע""\מ",IL,שמפו 10 קרליין,מיליליטרים,700.00,"100 מ""ל",false,1,13.90,1.99,true,1,
7290108356526,false,"קרליין - שמפו 10 לשיער יבש 700 מ""ל","קוסמופארם בע""\מ",IL,שמפו 10 קרליין,מיליליטרים,700.00,"100 מ""ל",false,1,13.90,1.99,true,1,
7290108356557,false,"שמפו 10 לשיער למניעת קשקשים 700 מ""ל קרליין","קוסמופארם בע""\מ",IL,שמפו 10 קרליין,מיליליטרים,700.00,"100 מ""ל",false,1,13.90,1.99,true,1,
7290108356564,false,"קרליין - מרכך 10 לשיער רגיל 700 מ""ל","קוסמופארם בע""\מn\",IL,מרכך 10 קרליין,מיליליטרים,700.00,"100 מ""ל",false,1,13.90,1.99,true,1,
7290108356571,false,"קרליין - מרכך 10 לשיער יבש 700 מ""ל","קוסמופארם בע""\מ",IL,מרכך 10 קרליין,מיליליטרים,700.00,"100 מ""ל",false,1,13.90,1.99,true,1,
7290108356595,false,"קרליין מרכך 10 לשיער צבוע 700 מ""ל","קוסמופארם בע""\מ",IL,מרכך 10 קרליין,מיליליטרים,700.00,"100 מ""ל",false,1,13.90,1.99,true,1,
7290108356809,false,סבון בוטני ורד ומרווה לניקוי וטיפוח הידיים טבעוני 1 ל' כיף,קוסמופארם בע'\'\מ,IL,כיף סבון בוטני,ליטרים,1.00,ליטר,false,1,16.90,16.90,true,1,
7290108356816,false,"סבון בוטני גרניום ופטצ'ולי לניקוי וטיפוח הידיים, טבעוני 1 ל' כיף",קוסמופארם בע'\'\מ,IL,כיף סבון פטצ'ולי,ליטרים,1.00,ליטר,false,1,16.90,16.90,true,1,
7290108357004,false,כיף שמפו ורד ושמן קוקוי לרכות וברק,טרופיקל דגיל תעשיות,IL,שמפו כיף,מיליליטרים,700.00,"100 מ""ל",false,1,12.90,1.84,true,1,
7290108357028,false,"תחליב רחצה כיף ורד ושמן קוקוי 700 מ""ל",קוסמופארם בעמ,IL,כיף תחליב רחצה,מיליליטרים,700.00,"100 מ""ל",false,1,10.90,1.56,true,1,
7290108357059,false,"קרליין - נושם ביו דאודורנט רול און 75 מ""ל Secret Garden לאישה","קוסמופארם בע""\מ",IL,דאו.רול און ביו,מיליליטרים,75.00,"100 מ""ל",false,1,15.90,21.20,true,1,
7290108357073,false,"קרליין - נושם ביו דאודורנט ספריי 150 מ""ל Blossoms Citrus לאישה",קוסטר אירוסול,CZ,דאו.ספריי ביו,מיליליטרים,150.00,"100 מ""ל",false,1,15.90,10.60,true,1,
7290108357080,false,"קרליין - נושם ביו דאודורנט ספריי 150 מ""ל Secret Garden לאישה",החברה הדרומית,CZ,דאו.ספריי ביו,מיליליטרים,150.00,"100 מ""ל",false,1,15.90,10.60,true,1,
7290108357097,false,"קרליין - נושם ביו דאודורנט ספריי 150 מ""ל Velvet Rose לאישה",החברה הדרומית,CZ,דאו.ספריי ביו,מיליליטרים,150.00,"100 מ""ל",false,1,15.90,10.60,true,1,
7290108357189,false,"מבשם ומרכך למייבש הכביסה מקסימה פלורל 750 מ""ל סנו","סנו מפעלי ברונוס בע""\מ",IL,מקסימה למייבש,מיליליטרים,750.00,"100 מ""ל",false,1,16.30,2.17,true,1,
7290108357196,false,"ג'ט פלוס לניקוי כללי בתוספת תמצית עץ התה 750 מ""ל סנו",מיוצר עי קונדיטוריית,IL,סנו ג'ט עץ התה,מיליליטרים,750.00,"100 מ""ל",false,1,15.90,2.12,true,1,
7290108357240,false,"אוקסיג'ן פאוור תוסף להסרת כתמים קשים 1.4 ק""ג",החברה הדרומית,IL,אוקסיג'ן פאואר,קילוגרמים,1.40,"ק""ג",false,1,34.90,24.93,true,1,
7290108357271,false,סנובון ג'ל לניקוי אסלות עם חמצן פעיל לניקוי עוצמתי,סנו מפעלי ברונוס בעמ,IL,סנובון עם חמצן,מיליליטרים,750.00,"100 מ""ל",false,1,11.90,1.59,true,1,
7290108357288,false,אקונומיקה ז'אוול בניחוח פריחה לבנה 4 ל' סנו,סנו ז'אוול Javel,IL,אקונומיקה ג'אוול,ליטרים,4.00,ליטר,false,1,16.90,4.23,true,1,
7290108357295,false,"מרסס אוקסיג'ן מסיר כתמים סנו לכביסה לבנה 750 מ""ל",החברה הדרומית,IL,אוקסיג'ן מסיר,מיליליטרים,750.00,"100 מ""ל",false,1,17.90,2.39,true,1,
7290108357301,false,"סנו - K300 קוטל חרקים תיקנים ונמלים 300 מ""ל","סנו מפעלי ברונוס בע""\מ",IL,K300 סנו,מיליליטרים,300.00,"100 מ""ל",false,1,14.90,4.96,true,1,
7290108357417,false,"קרמה - קרם גוף קרמה ורד ווניל 500 מ""ל",טרופיקל דגיל תעשיות,IL,קרם גוף ורד ווני,מיליליטרים,500.00,"100 מ""ל",false,1,21.90,4.38,true,1,
7290108357578,false,"קרם ידיים קרמ וניל ופלפל ורוד 100 מ""ל","קוסמופארם בע""\מ.",IL,קרם ידיים קרמה,מיליליטרים,100.00,"100 מ""ל",false,1,9.90,9.90,true,1,
7290108357707,false,"כיף שמפו לשיער רגיל- תפוח זרעי צ'יה 700 מ""ל",גוד פוד פרודקטס S.p,IL,כיף שמפו,מיליליטרים,700.00,"100 מ""ל",false,1,12.90,1.84,true,1,
7290108357714,false,"כיף שמפו לשיער יבש -רימונים ושמן ארגן 700 מ""ל",גוד פוד פרודקטס S.p,IL,כיף שמפו,מיליליטרים,700.00,"100 מ""ל",false,1,12.90,1.84,true,1,
7290108357769,false,"מרכך לשיער רגיל תפוח וזרעי צ'יה 700 מ""ל כיף",גוד פוד פרודקטס S.p,IL,כיף מרכך שיער,מיליליטרים,700.00,"100 מ""ל",false,1,12.90,1.84,true,1,
7290108357776,false,"כיף מרכך לשיער יבש -רימונים ושמן ארגן 700 מ""ל",גוד פוד פרודקטס S.p,IL,כיף מרכך שיער,מיליליטרים,700.00,"100 מ""ל",false,1,12.90,1.84,true,1,
7290108357851,false,"כיף - ג'ל רחצה אליקסיר אוילס מועשר בשמן קוקוס 700 מ""ל","קוסמופארם בע""\מ",IL,כיף ג'ל רחצה,מיליליטרים,700.00,"100 מ""ל",false,1,10.90,1.56,true,1,
7290108357868,false,"כיף - ג'ל רחצה אליקסיר אויל מועשר בשמן מקדמיה 700 מ""ל","קוסמופארם בע""\מ",IL,כיף ג'ל רחצה,מיליליטרים,700.00,"100 מ""ל",false,1,10.90,1.56,true,1,
7290108357875,false,"כיף - שמפו לחות מוגברת עם אפרסק וחמאת מורומורו 700 מ""ל",קוסמופארם בעמ,IL,כיף שמפו אפרסק,מיליליטרים,700.00,"100 מ""ל",false,1,12.90,1.84,true,1,
7290108357882,false,"כיף - מרכך לחות מוגברת עם אפרסק וחמאת מורומורו 700 מ""ל",קוסמופארם בעמ,IL,כיף מרכך לשיער,מיליליטרים,700.00,"100 מ""ל",false,1,12.90,1.84,true,1,
7290108358070,false,"תחליב רחצה קרמה קלאסי 700 מ""ל",גוד פוד פרודקטס S.p,IL,קרמה תחליב רחצה,מיליליטרים,700.00,"100 מ""ל",false,1,16.90,2.41,true,1,
7290108358087,false,"תחליב רחצה קרמה מאסק 700 מ""ל",גוד פוד פרודקטס S.p,IL,תחליב רחצה קרמה,מיליליטרים,700.00,"100 מ""ל",false,1,16.90,2.41,true,1,
7290108358124,false,דפי בישום לחים למייבש הכביסה בניחוח מרכך כביסה 20 יח' מקסימה,טרופיגל דגיל תעשיות קוסמ,IL,דפי בישום למייבש,יחידה,1.00,יחידה,false,1,13.90,13.90,true,1,
7290108359039,false,שקיות אשפה עם ידיות סנו סושי לפחים 30 יחידות,סנאט גרופ,TR,שקיות אשפה XL,יחידה,1.00,יחידה,false,1,20.00,20.00,true,1,
7290108359077,false,סנו - סופט לושן ממחטות אף בקופסא 3 שכבות 120 יח',"סנו מפעלו ברונוס בע""\מ",EG,סופט לושן ממחטות,יחידה,1.00,יחידה,false,1,12.90,12.90,true,1,
7290108359121,false,סנו סושי שקיות אשפה חזקות במיוחד 100 יח' L,סנו סושי,IL,שקיות אשפה,יחידה,1.00,יחידה,false,1,29.90,29.90,true,1,
7290108359985,false,סנו - ז'אוול מרסס קצף לניקוי וחינו בניחוח פריחה לבנה 1 ליטר,סנו ז'אוול Javel,IL,ג'אוול קצף ניקוי,ליטרים,1.00,ליטר,false,1,18.90,18.90,true,1,
7290108500677,false,כבד דג שיבוט בשמן דג וילי פוד 115 גרם,"איטיליאן פוד, אס.פי.",IS,כבד גד שיבוט,גרמים,115.00,100 גרם,false,1,9.50,8.26,true,1,
7290108501353,false,פילה אנשובי אמיתי ארוך בשמן וילי פוד 45,קונסרבאס סילביה,IT,פילה אנשובי בשמן,גרמים,45.00,100 גרם,false,1,6.90,15.33,true,1,
7290108502541,false,גבינת שמנת טעם טבעי ויליפוד 200 גרם,Euro יורו מחלבות אירופה,TR,גבינת שמנת,גרמים,200.00,100 גרם,false,1,12.90,6.45,true,1,
7290108502725,false,גבינת גאודה פרוסות ויליפוד 400 גרם,ג.וילי פוד אינטרנשיונל ב,IL,גבינת גאודה,גרמים,400.00,100 גרם,false,1,19.90,4.98,true,1,
7290108503159,false,גבינה כחולה עם עובש 31% ויליפוד 100 גרם,קסוס אל פסטור,ES,גבינה כחולה,גרמים,100.00,100 גרם,false,1,14.90,14.90,true,1,
7290108505177,false,יוגורט עם אננס 0% שומן ויליפוד 150 גרם,דלתא פודס,GR,יוגורט יווני,גרמים,150.00,100 גרם,false,1,5.50,3.67,true,1,
7290108506495,false,"כנאפה מאפה בצק ""שערות"" קדאיף וגבינה",ארמה גרופ,TR,כנאפה קפוא,גרמים,192.00,100 גרם,false,1,14.90,7.76,true,1,
7290108507645,false,ביסקויט פריך בשוקולד מריר 100 גרם -קהילות,מודרן צ'יקולטה,TR,ביסקויט בשוקולד,גרמים,100.00,100 גרם,false,1,6.90,6.90,true,1,
7290108508130,false,עגבניות איטלקיות מרוסקות 390 גרם,וילי פוד,IT,עגבניות מרוסקות,גרמים,390.00,100 גרם,false,1,8.90,2.28,true,1,
7290108508703,false,טורטיה ללא גלוטן 270 גרם ויליפוד,מוטלוקל גידה סאנאי טיקרט,TR,טורטיה ללא גלוטן,גרמים,270.00,100 גרם,false,1,8.90,3.30,true,1,
7290108508765,false,קונכיות פתיתים ויליפוד 400גרם,וילי פוד,TR,קונכיות פתיתים,גרמים,400.00,100 גרם,false,1,5.90,1.48,true,1,
7290108508970,false,וילי פוד תה ג'רבה 50,אוסוואלדי קרוז בואנס,PY,תה ג'רבה מטה,גרמים,500.00,100 גרם,false,1,19.90,3.98,true,1,
7290108509403,false,חלבה טורקית קלאסית 350 גרם ויליפוד,וילי פוד,TR,חלבה טורקית,גרמים,350.00,100 גרם,false,1,10.90,3.11,true,1,
7290108509410,false,חלבה טורקית עם קקאו 350 גרם ויליפוד,וילי פוד,TR,חלבה טורקית,גרמים,350.00,100 גרם,false,1,10.90,3.11,true,1,
7290108509700,false,"אורז פרסי DAAWAT מהדרין 1 ק""ג",אל.טי.פודס לימיטד,IN,אורז פרסי דאווט,קילוגרמים,1.00,"ק""ג",false,1,10.00,10.00,true,1,
7290109351025,false,מלך החומוס חומוסטחינה 40% טחינה גולמית,סלטי צבר,IL,חומוסטחינה צבר,גרמים,400.00,100 גרם,false,1,13.90,3.48,true,1,
7290109351957,false,פריכיות פיטנס מיני גדולות שוקולד חלב 100ג',סנורייס בלגיום אן. ו,BE,פריכיות פיטנס,גרמים,100.00,100 גרם,false,1,8.50,8.50,true,1,
7290109351971,false,פריכיות דגנים פיטנס מצופות שוקולד חלב,פרח תעשיות,IL,פיטנס בר פריכיות,גרמים,84.00,100 גרם,false,1,12.90,15.36,true,1,
7290109352916,false,פריכיות דגנים פיטנס מצופות שוקולד לבן,פרח תעשיות,IL,פיטנס בר פריכיות,גרמים,84.00,100 גרם,false,1,12.90,15.36,true,1,
7290109353494,false,פסטה פרפקטו פארפאלה 500ג' אסם,אסם פרפקטו Perfecto,IT,פארפאלה פרפקטו,גרמים,500.00,100 גרם,false,1,6.90,1.38,true,1,
7290109354101,false,"לחמית ללא גלוטן 200 גר' ""אסם""","אסם תעשיות בע""מ",IL,לחמית ללא גלוטן,גרמים,200.00,100 גרם,false,1,9.90,4.95,true,1,
7290109354996,false,פתי בר ללא גלוטן שוקו 200 גרם אסם,מיוצר עי קונדיטוריית,IL,פתי בר ללא גלוטן,גרמים,200.00,100 גרם,false,1,9.90,4.95,true,1,
7290109358482,false,עוגיות קרמוגית במילוי קרם בטעם חלבה,"הגביע מוצרי וופלים בע""\מ",IL,קרמוגית חלבה,גרמים,200.00,100 גרם,false,1,10.90,5.45,true,1,
7290109358765,false,דגני בוקר קראנץ' רולס נוגט 450 גרם,"אסם השקעות בע""\מ",IL,קראנץ' רולס,גרמים,450.00,100 גרם,false,1,23.90,5.31,true,1,
7290109580036,false,"שניצל תירס 1.25 ק""ג זוגלובק",,IL,שניצל תירס 1.25,קילוגרמים,1.25,"ק""ג",false,1,39.90,31.92,true,1,
7290109580050,false,נקניקיות צ'וריסוס וונדרס 0% בשר טבעוני ללא גלוטן,"וונדרס ע""י זוגלובק 2000",IL,וונדרס נקנקיות צ,גרמים,226.00,100 גרם,false,1,29.90,13.23,true,1,
7290109580067,false,"טחון וונדרס 0% בשר , טבעוני","וונדרס ע""י זוגלובק 2000",IL,וונדרס טחון,גרמים,340.00,100 גרם,false,1,29.90,8.79,true,1,
7290109580098,false,קבנוס בטעם סרירצ'ה זוגלובק 135 גרם,זוגלובק,IL,קבנוס בטעם סרירצ,קילוגרמים,0.14,"ק""ג",false,1,11.20,80.00,true,1,
7290109580104,false,רוסטביף פרימיום זוגלובק 150 גרם,זוגלובק,IL,רוסטביף פרימיום,גרמים,150.00,100 גרם,false,1,22.90,15.27,true,1,
7290109580111,false,צלעות אסאדו מעושנות פרימיום זוגלובק 120 גרם,זוגלובק,IL,צלעות אסאדו מעוש,גרמים,120.00,100 גרם,false,1,22.90,19.08,true,1,
7290109580135,false,זוגלובק פרימיום קורנדביף 180 גרם,זוגלובק,IL,קורנדביף פרימיו,גרמים,180.00,100 גרם,false,1,22.90,12.72,true,1,
7290109580166,false,סרוולד קלאסי פרימיום 150 גרם זוגלובק,זוגלובק,IL,סרוולד קלאסי,גרמים,150.00,100 גרם,false,1,22.90,15.27,true,1,
7290109580210,false,נקנקיות ריינהולד'ס הצרפתיה זוגלובק 300 ג',זוגלובק,IL,נקניקיות עוף בקר,גרמים,300.00,100 גרם,false,1,21.90,7.30,true,1,
7290109580227,false,נקניקיות עוף ובקר בסגנון ברלינאי קאריוורסט,זוגלובק,IL,נקניקיות קאריוור,גרמים,300.00,100 גרם,false,1,21.90,7.30,true,1,
7290109580234,false,"נקניקיות מרגז חריפות וונדרס 0% בשר, טבעוני",זוגלובק וונדרס Wonders,IL,נקניקיות מרגז וו,קילוגרמים,0.23,"ק""ג",false,1,29.90,130.00,true,1,
7290109580319,false,"בורגר וונדרס 0% בשר , טבעוני",זוגלובק וונדרס Wonders,IL,וונדרס בורגר,גרמים,280.00,100 גרם,false,1,29.90,10.68,true,1,
7290109580432,false,פסטרמה חזה הודו מעושן דק דק זוגלובק 120 גרם,זוגלובק,IL,פסטרמה אקסטרה מע,גרמים,120.00,100 גרם,false,1,13.90,11.58,true,1,
7290109580449,false,סלמי בטעם כמהין פרימיום זוגלובק 180 גרם,זוגלובק,IL,סלמי בטעם כמהין,גרמים,180.00,100 גרם,false,1,22.90,12.72,true,1,
7290109640198,false,מגורדת לפיצה ולאפיה 20% שומן 200 גרם - משומשו,וי גרדן,IL,מגורדת לפיצה,גרמים,200.00,100 גרם,false,1,19.90,9.95,true,1,
7290109640372,false,ממרח זיתים על בסיס קוקוס 9% שומן 200 גרם - משומשו,גן שמואל-תעשיות בריאות,IL,"ממרח ע""ב קוקוס",גרמים,200.00,100 גרם,false,1,16.90,8.45,true,1,
7290109640631,false,לאבנה טבעוני קוקוס200ג,"טרופיקל דגיל בע""מ אז",IL,לאבנה טבעוני,גרמים,200.00,100 גרם,false,1,16.90,8.45,true,1,
7290109640648,false,ממרח בטעם חמאה 150 גרם - משומשו,גן שמואל-תעשיות בריאות,IL,ממרח בטעם חמאה,גרמים,150.00,100 גרם,false,1,13.50,9.00,true,1,
7290109640761,false,מאפה פילאס במילוי פטה טבעונית 600 גרם - משומשו,סנו מפעלי ברונוס.,IL,מאפה בצק פטה,גרמים,600.00,100 גרם,false,1,26.90,4.48,true,1,
7290109640785,false,מאפה בצק פילאס טבעוני במילוי בסגנון פיצה,סנו מפעלי ברונוס.,IL,מאפה פילאס פיצה,גרמים,600.00,100 גרם,false,1,26.90,4.48,true,1,
7290109920146,false,"דורגול מסיר אבנית מקומקומים 750 מ""ל",יעקובי דורגול,CH,דורגול 750 מל,מיליליטרים,750.00,"100 מ""ל",false,1,19.90,2.65,true,1,
7290109920627,false,"אסטוניש קרם ואקונומיקה לניקוי אמבטיות 500 מ""ל",יעקובי אסטוניש,GB,אסטוניש אקונומיק,מיליליטרים,500.00,"100 מ""ל",false,1,11.90,2.38,true,1,
7290109920665,false,"אסטוניש - מרסס מסיר אוכל שרוף במטבח 750 מ""ל",יעקבי- אסטוניש Astonish,GB,מסיר אוכל שרוף,מיליליטרים,750.00,"100 מ""ל",false,1,12.90,1.72,true,1,
7290109920825,false,צמד-דורגול אספרסו + דורגול מקציף חלב מתנה,יעקובי דורגול,CH,דורגול אספרסו,מיליליטרים,500.00,"100 מ""ל",false,1,29.90,5.98,true,1,
7290109921488,false,"דורגול לניקוי וחיטוי מכונת הכביסה יעקבי 500 מ""ל",יעקובי דורגול,DE,דורגול למכ.כביסה,מיליליטרים,500.00,"100 מ""ל",false,1,29.90,5.98,true,1,
7290109923024,false,"אסטוניש - מרסס פרמיום ארומטיק למטבח 750 מ""ל",יעקובי אסטוניש,GB,אסטוניש מרסס,מיליליטרים,750.00,"100 מ""ל",false,1,15.90,2.12,true,1,
7290110000493,false,חמאת בוטנים טבעית קראנצ'י 350 גר',"בטר אנד דיפרנט בע""מ",IL,חמאת בוטנים,גרמים,350.00,100 גרם,false,1,14.20,4.06,true,1,
7290110001841,false,חמאת בוטנים טבעית 760 גר,בטר אנד דיפרנט,IL,תמאת בוטנים טבעי,גרמים,760.00,100 גרם,false,1,24.90,3.28,true,1,
7290110110277,false,"סומרסבי סיידר תפוחים אלכוהולי 4*300 מ""ל","קרלסברג קרואטיה , יב",HR,סומרסבי 4 יח',ליטרים,1.32,ליטר,false,1,36.90,27.95,true,1,
7290110110369,false,"שישייה בירה קרלסברג LUMA בקבוק 330 מ""ל",מבשלות בירה בינלאומיות ב,IL,קרלסברג לומה 6יח,ליטרים,1.98,ליטר,false,1,37.90,19.14,true,1,
7290110110574,false,"פחיות קוקה קולה זירו לימון 330 מ""ל",החברה המרכזית לייצור משק,IL,פחית קולה זירו,מיליליטרים,330.00,"100 מ""ל",false,1,5.40,1.64,true,1,
7290110110703,false,מארז ספרייט שישייה פחיות FRIDGE PACK,החברה המרכזית לייצור משק,IL,ספרייט ליים 6 פח,ליטרים,1.98,ליטר,false,1,22.90,11.57,true,1,
7290110111809,false,"מארז פחיות פאנטה אורנג' שישייה 330 מ""ל",החברה המרכזית לייצור משק,IL,פאנטה אורנג 6 פח,ליטרים,1.98,ליטר,false,1,22.90,11.57,true,1,
7290110113384,false,קוקה קולה זירו מארז רביעיה 1X4 ליטר,החברה המרכזית לייצור משק,IL,קולה זירו 4 יח,ליטרים,4.00,ליטר,false,1,25.90,6.48,true,1,
7290110113421,false,"בירה מעוננת קרלסברג luma 330 מ""ל",מבשלות בירה בינלאומיות ב,IL,קרלסברג לומה,מיליליטרים,330.00,"100 מ""ל",false,1,7.90,2.39,true,1,
7290110113476,false,בירה קרלסברג ללא אלכוהול - שישייה,קרלסברג רומניהn\יבואן:מב,RO,קרלסברג 0% שישיה,ליטרים,1.98,ליטר,false,1,31.60,15.96,true,1,
7290110114787,false,נביעות+ מים מינרליים בטעם תפוח 1.5 ליטר,נביעות טבע הגליל בעמ,IL,נביעות+תפוח,ליטרים,1.50,ליטר,false,0,9.50,6.33,true,1,
7290110114794,false,נביעות+ מים מינרליים בטעם אפרסק 1.5 ליטר,"נביעות טבע הגליל בע""\מ ,",IL,נביעות+אפרסק,ליטרים,1.50,ליטר,false,0,9.50,6.33,true,1,
7290110114800,false,נביעות+ מים מינרליים בטעם ענבים 1.5 ליטר,פארייפאבה אגרואינדוס,IL,נביעות+ענבים,ליטרים,1.50,ליטר,false,0,9.50,6.33,true,1,
7290110114855,false,"נביעות מים מינרליים, שישיה 6 * 1.5 ליטר פקדון",נביעות טבע הגליל בעמ,IL,מים נביעות1.5*6ל,ליטרים,9.00,ליטר,false,0,12.70,1.41,true,1,
7290110114893,false,מיץ סחוט תפוז פריגת 2 ליטר,היינץ צפון אמריקה מק,IL,מיץ תפוזים,ליטרים,2.00,ליטר,false,0,23.90,11.95,true,1,
7290110114954,false,מיץ תפוזים מתקתקים 100% 2 ל' פריגת,פריגת מצוננים,IL,מיץ תפוזים,ליטרים,2.00,ליטר,false,0,21.40,10.70,true,1,
7290110114961,false,משקה קל תפוזים פריגת 1.5 ליטר,מבשלות בירה בינלאומיות ב,IL,פריגת תפוזים,ליטרים,1.50,ליטר,false,0,8.90,5.93,true,1,
7290110114992,false,משקה קל לייט אשכוליות פריגת 1.5 ליטר,מבשלות בירה בינלאומיות ב,IL,פריגת אשכולי,ליטרים,1.50,ליטר,false,0,8.50,5.67,true,1,
7290110115005,false,משקה קל ענבים פריגת 1.5 ליטר,מבשלות בירה בינלאומיות ב,IL,פריגת ענבים,ליטרים,1.50,ליטר,false,0,8.90,5.93,true,1,
7290110115036,false,משקה קל מנגו פריגת 1.5 ליטר,מבשלות בירה בינלאומיות ב,IL,פריגת מנגו,ליטרים,1.50,ליטר,false,0,8.90,5.93,true,1,
7290110115043,false,משקה קל לימונענע פריגת 1.5 ליטר,מבשלות בירה בינלאומיות ב,IL,"משק""ל פריגת",ליטרים,1.50,ליטר,false,0,8.90,5.93,true,1,
7290110115050,false,פריגת מיקס תות בננה 1.5 ליטר פיקדון,מבשלות בירה בינלאומיות ב,IL,פריגת תות בננ,ליטרים,1.50,ליטר,false,0,8.90,5.93,true,1,
7290110115081,false,פריגת צלול ענבים 1.5 ליטר פיקדון,"מבשלות בירה לישראל בע""\מ",IL,פריגת צלול ענ,ליטרים,1.50,ליטר,false,0,8.50,5.67,true,1,
7290110115111,false,פריגת צלול אננס 1.5 ליטר פיקדון,"מבשלות בירה לישראל בע""\מ",IL,פריגת צלול אנ,ליטרים,1.50,ליטר,false,0,8.50,5.67,true,1,
7290110115128,false,פריגת צלול בטעם לימונענע 1.5 ליטר פיקדון,"מבשלות בירה לישראל בע""\מ",IL,פריגת צלול,ליטרים,1.50,ליטר,false,0,8.50,5.67,true,1,
7290110115203,false,קוקה קולה 1.5 ליטר פיקדון,החברה המרכזית לייצור משק,IL,קוקה קולה,ליטרים,1.50,ליטר,false,0,8.90,5.93,true,1,
7290110115210,false,דיאט קוקה קולה 1.5 ליטר פיקדון,החברה המרכזית לייצור משק,IL,קוקה קולה דיא,ליטרים,1.50,ליטר,false,0,8.50,5.67,true,1,
7290110115227,false,קוקה-קולה זירו בקבוק 1.5 ליטר,החברה המרכזית לייצור משק,IL,קוקה קולה זיר,ליטרים,1.50,ליטר,false,0,8.50,5.67,true,1,
7290110115234,false,קוקה-קולה זירו נטול בקבוק 1.5 ליטר,החברה המרכזית לייצור משק,IL,קולה זירו נטו,ליטרים,1.50,ליטר,false,0,8.50,5.67,true,1,
7290110115241,false,קוקה-קולה זירו לימון בקבוק 1.5 ליטר,החברה המרכזית לייצור משק,IL,קולה זירו לימ,ליטרים,1.50,ליטר,false,0,8.50,5.67,true,1,
7290110115258,false,קוקה-קולה זירו מנגו בקבוק 1.5 ליטר,החברה המרכזית לייצור משק,IL,קולה זירו מנג,ליטרים,1.50,ליטר,false,0,8.50,5.67,true,1,
7290110115265,false,ספרייט לימון ליים 1.5 ליטר-,החברה המרכזית לייצור משק,IL,ספרייט ליים,ליטרים,1.50,ליטר,false,0,8.90,5.93,true,1,
7290110115272,false,ZERO ספרייט 1.5 ליטר פיקדון,החברה המרכזית לייצור משק,IL,ספרייט זירו,ליטרים,1.50,ליטר,false,0,8.90,5.93,true,1,
7290110115289,false,ספרייט 19 קל' לימון-נענע 1.5 ליטר פיקדון,החברה המרכזית לייצור משק,IL,ספרייט נענע,ליטרים,1.50,ליטר,false,0,8.90,5.93,true,1,
7290110115296,false,משקה מוגז אורנג' פאנטה 1.5 ליטר,החברה המרכזית לייצור משק,IL,פאנטה אורנג',ליטרים,1.50,ליטר,false,0,8.90,5.93,true,1,
7290110115302,false,משקה מוגז אורנג' זירו פאנטה 1.5 ליטר,החברה המרכזית לייצור משק,IL,פאנטה זירו או,ליטרים,1.50,ליטר,false,0,8.90,5.93,true,1,
7290110115319,false,פאנטה אקזוטיק 1.5 ליטר פיקדון,החברה המרכזית לייצור משק,IL,פאנטה אקזוטי,ליטרים,1.50,ליטר,false,0,8.90,5.93,true,1,
7290110115333,false,פאנטה תות 1.5 ליטר פיקדון,החברה המרכזית לייצור משק,IL,פאנטה תות,ליטרים,1.50,ליטר,false,0,8.90,5.93,true,1,
7290110115340,false,פאנטה ענבים 1.5 ליטר פיקדון,החברה המרכזית לייצור משק,IL,פאנטה ענבים,ליטרים,1.50,ליטר,false,0,8.90,5.93,true,1,
7290110115357,false,קינלי סודה 1.5 ליטר פיקדון,החברה המרכזית לייצור משק,IL,קינלי סודה,ליטרים,1.50,ליטר,false,0,4.30,2.87,true,1,
7290110115364,false,קוקה קולה שישיות 1.5 ליטר פיקדון,החברה המרכזית לייצור משק,IL,קוקה קולה1.5*6ל,ליטרים,9.00,ליטר,false,0,49.90,5.54,true,1,
7290110115371,false,דיאט קוקה קולה שישיות 1.5 ליטר פיקדון,החברה המרכזית לייצור משק,IL,קולה דיאט1.5*6ל,ליטרים,9.00,ליטר,false,0,46.90,5.21,true,1,
7290110115388,false,ספרייט ליים שישיות 1.5 ליטר פיקדון,החברה המרכזית לייצור משק,IL,ספרייט ליים1.5*6,ליטרים,9.00,ליטר,false,0,46.90,5.21,true,1,
7290110115395,false,ZERO ספרייט שישיות 1.5 ליטר פיקדון,החברה המרכזית לייצור משק,IL,ספרייט זירו1.5*6,ליטרים,9.00,ליטר,false,0,43.90,4.88,true,1,
7290110115401,false,קינלי סודה שישייה 1.5 ליטר פיקדון,החברה המרכזית לייצור משק,IL,קינלי סודה1.5*6ל,ליטרים,9.00,ליטר,false,0,15.90,1.77,true,1,
7290110115418,false,מארז שישייה קוקה קולה זירו 1.5 ל',החברה המרכזית לייצור משק,IL,קולה זירו1.5*6ל,ליטרים,9.00,ליטר,false,0,46.90,5.21,true,1,
7290110115449,false,אייס תה בטעם מנגו אננס 1.5ל' FUZE TEA,מבשלות בירה בינלאומיות ב,IL,תה מנגו אננס,ליטרים,1.50,ליטר,false,0,9.20,6.13,true,1,
7290110115456,false,"תה קר בטעם אפרסק 19 קלוריות ב- 100 מ""ל",מבשלות בירה בינלאומיות ב,IL,פיוז תה אפרסק,ליטרים,1.50,ליטר,false,0,8.90,5.93,true,1,
7290110115463,false,פיוז טי אפרסק 1.5 ליטר פיקדון,מבשלות בירה בינלאומיות ב,IL,פיוז תה אפרסק,ליטרים,1.50,ליטר,false,0,9.20,6.13,true,1,
7290110115494,false,תה קר בטעם ענבים פיוז טי 1.5 ליטר,מבשלות בירה בינלאומית בע,IL,פיוז תה ענבים,ליטרים,1.50,ליטר,false,0,9.20,6.13,true,1,
7290110115616,false,FUZE tea zero גרין אננס 1.5 ליטר פיקדון,מבשלות בירה בינלאומיות ב,IL,פיוז תה אננס,ליטרים,1.50,ליטר,false,1,8.90,5.93,true,1,
7290110115623,false,משקה פיוז טי זירו ZERO בטעם אפרסק,מבשלות בירה בינלאומיות ב,IL,פיוז תה אפרסק,ליטרים,1.50,ליטר,false,1,8.90,5.93,true,1,
7290110116064,false,פאנטה ZERO פירות ירוק 1.5 ליטר פיקדון,החברה המרכזית לייצור משק,IL,פאנטה זירו ירוק,ליטרים,1.50,ליטר,false,1,8.90,5.93,true,1,
7290110116125,false,"סירופ בטעם פטל פריגת 750 מ""ל",סירופ - גבעת חיים,IL,סירופ בטעם פטל,מיליליטרים,750.00,"100 מ""ל",false,1,23.90,3.19,true,1,
7290110116132,false,"סירופ בטעם לימון פריגת 750 מ""ל",סירופ - גבעת חיים,IL,סירופ בטעם לימון,מיליליטרים,750.00,"100 מ""ל",false,1,23.90,3.19,true,1,
7290110116194,false,נביעות+ סדרת 0 קלוריות לימון-ליים 1.5 ליטר,"נביעות טבע הגליל בע""\מ",IL,נביעות+למון ליים,ליטרים,1.50,ליטר,false,1,9.90,6.60,true,1,
7290110116217,false,נביעות+ סדרת 0 קלוריות אשכוליות 1.5 ליטר,"נביעות טבע הגליל בע""\מ",IL,נביעות+אשכולית,ליטרים,1.50,ליטר,false,1,9.90,6.60,true,1,
7290110116552,false,ספרייט לימון היט 1.5 ליטר LIME פיקדון,החברה המרכזית לייצור משק,IL,ספרייט למון היט,ליטרים,1.50,ליטר,false,1,8.90,5.93,true,1,
7290110116569,false,"ספרייט זירו ZERO בק LEMON HIT, 1.5 ליטר",החברה המרכזית לייצור משק,IL,ספרייט זירו למון,ליטרים,1.50,ליטר,false,1,8.90,5.93,true,1,
7290110320683,false,שמיניית משקה יוגורט 1.5% טעם תות יופלה 107 גרם,מיוצר עי קונדיטוריית,IL,משקה יוגורט 8 יח,גרמים,856.00,100 גרם,false,1,17.00,1.99,true,1,
7290110320850,false,פתיתים גבינה חצי קשה מגורדת 28% שומן,תנובה מרכז שיתופי לש,IL,פתיתי עמק,גרמים,200.00,100 גרם,false,1,15.20,7.60,true,1,
7290110320867,false,פתיתים גבינה חצי קשה מגורדת 28% שומן,תנובה מרכז שיתופי לש,IL,פתיתי עמק,גרמים,500.00,100 גרם,false,1,34.90,6.98,true,1,
7290110321277,false,קוטג' בקטנה 5% תנובה 100 גרם מהדרין,פארייפאבה אגרואינדוס,IL,קוטג' בקטנה 5%,גרמים,100.00,100 גרם,false,1,2.60,2.60,true,1,
7290110321284,false,קוטג' בקטנה 9% תנובה 100 גרם מהדרין,פארייפאבה אגרואינדוס,IL,קוטג' בקטנה 9%,גרמים,100.00,100 גרם,false,1,2.60,2.60,true,1,
7290110321680,false,יוגורט GO בטעם תות 20 גרם חלבון בגביע,מיוצר עי קונדיטוריית,IL,יופלה GO יוגורט,גרמים,200.00,100 גרם,false,1,5.70,2.85,true,1,
7290110321697,false,יוגורט GO בטעם אפרסק 20 גרם חלבון בגביע,מיוצר עי קונדיטוריית,IL,יופלה GO יוגורט,גרמים,200.00,100 גרם,false,1,5.70,2.85,true,1,
7290110321703,false,יוגורט עם פירות יער בתוספת חלבוני חלב 2% שומן,מיוצר עי קונדיטוריית,IL,יופלה GO יוגורט,גרמים,200.00,100 גרם,false,1,5.70,2.85,true,1,
7290110321789,false,גבינת מסקרפונה 38% השף הלבן 250 גרם,תנובה חלב,IL,גבינת מסקרפונה,גרמים,250.00,100 גרם,false,1,20.60,8.24,true,1,
7290110322014,false,טופו בטעם טבעי תנובה ALTERNATIVE,שוורצקוף& הנקל דיסלד,IL,טופו טבעי300 גרם,גרמים,300.00,100 גרם,false,1,12.50,4.17,true,1,
7290110322021,false,"תנובה טופו בזיליקום 300 גר' בד""צ",שוורצקוף& הנקל דיסלד,IL,טופו בזיליקום,גרמים,300.00,100 גרם,false,1,12.50,4.17,true,1,
7290110322038,false,טופו פיקנטי ALTERNATIVE 300 גרם,תנובה Alternative,IL,טופו פיקנטי,גרמים,300.00,100 גרם,false,1,12.50,4.17,true,1,
7290110323073,false,"משקה יוגורט יופלה גו תות פטל 250 מ""ל - רבנות",מיוצר עי קונדיטוריית,IL,משקה יוגורט GO,מיליליטרים,250.00,"100 מ""ל",false,1,6.30,2.52,true,1,
7290110323301,false,טל העמק בסגנון אמנטל 32% שומן 200 גרם,פ.פ.ח. שאביט,IL,גבינת טל העמק,גרמים,200.00,100 גרם,false,1,18.90,9.45,true,1,
7290110323585,false,יוגורט GO לייט בטעם דובדבן 20 גרם חלבון בגביע,יופלה Yoplait,IL,יופלה GO דובדבן,גרמים,200.00,100 גרם,false,1,5.70,2.85,true,1,
7290110323592,false,יוגורט GO לייט בטעם אפרסק 20 גרם חלבון בגביע,יופלה Yoplait,IL,יופלה GO אפרסק,גרמים,200.00,100 גרם,false,1,5.70,2.85,true,1,
7290110323714,false,משקה קוקוס שקדים תנובה E אלטרנטיב,מיוצר עי קונדיטוריית,IL,משקה קוקוס שקדים,ליטרים,1.00,ליטר,false,1,12.90,12.90,true,1,
7290110324070,false,גבינת חלומי מחלב בקר תנובה 200 גרם,"תנובה בע""\מ",IL,גבינת חלומי,גרמים,200.00,100 גרם,false,1,19.90,9.95,true,1,
7290110324353,false,יוגורט GO לייט בטעם אננס 20 גרם חלבון בגביע,מיוצר עי קונדיטוריית,IL,יופלה גו,גרמים,200.00,100 גרם,false,1,5.70,2.85,true,1,
7290110324551,false,יופלה טיוב יוגורט במרקם חלק תות כשרות מהדרין,"תנובה בע""\מ",IL,יופלה טיוב תות,גרמים,348.00,100 גרם,false,1,11.90,3.42,true,1,
7290110324711,false,ממרח סויה 9% שומן בטעם טבעי תנובה 250 גרם,מיוצר עי קונדיטוריית,IL,ממרח סויה 9%,גרמים,250.00,100 גרם,false,1,9.90,3.96,true,1,
7290110324728,false,ממרח סויה 9% שומן עם שום שמיר תנובה 250 גרם,מיוצר עי קונדיטוריית,IL,ממרח סויה 9%,גרמים,250.00,100 גרם,false,1,9.90,3.96,true,1,
7290110324841,false,מעדן שקדים עם שוקולד מריר תנובה 125 גרם,מיוצר עי קונדיטוריית,IL,מעדן שקדים,גרמים,125.00,100 גרם,false,1,4.20,3.36,true,1,
7290110324858,false,מעדן שקדים בטעם אגוזי לוז תנובה 125 גרם,מיוצר עי קונדיטוריית,IL,מעדן שקדים,גרמים,125.00,100 גרם,false,1,4.20,3.36,true,1,
7290110324872,false,גבינה צהובה גלבוע 5% שומן 200 גרם,גלבוע - תנובה,IL,גלבוע 5%פרוסות,גרמים,200.00,100 גרם,false,1,17.90,8.95,true,1,
7290110324926,false,משקה סויה ללא תוספת סוכר E אלטרנטיב,תנובה מרכז שיתופי לש,IL,"משקה סויה ללת""ס",ליטרים,1.00,ליטר,false,1,10.90,10.90,true,1,
7290110325084,false,מאגדת שמינייה מיני קרלו שוניל 8*100גרם,"תנובה בע""\מ",IL,מיני קרלו 8 יח,גרמים,800.00,100 גרם,false,1,14.90,1.86,true,1,
7290110325114,false,"משקה יוגורט יופלה גו לייט תות בננה 250 מ""ל - רבנות",מיוצר עי קונדיטוריית,IL,משקה יוגורט GO,מיליליטרים,250.00,"100 מ""ל",false,1,5.90,2.36,true,1,
7290110325169,false,פרוסות גאודה תנובה 170 גרם,תנובה חלב,IL,פרוסות גאודה,גרמים,170.00,100 גרם,false,1,19.90,11.71,true,1,
7290110325305,false,יופלה GO סויה 20 גרם חלבון במתיקות מעודנת תנובה 200 גרם,מיוצר עי קונדיטוריית,IL,מעדן גו סויה,גרמים,200.00,100 גרם,false,1,5.70,2.85,true,1,
7290110325312,false,יופלה GO סויה 20 גרם חלבון בטעם תות תנובה 200 גרם,"תנובה בע""\מ",IL,מעדן סויה ביו,גרמים,200.00,100 גרם,false,1,5.70,2.85,true,1,
7290110325619,false,משקה שיבולת שועל תנובה E אלטרנטיב,מיוצר עי קונדיטוריית,IL,משקה שיבולת שועל,ליטרים,1.00,ליטר,false,1,12.90,12.90,true,1,
7290110325701,false,פיראוס צזיקי יווני 9% שומן בשיטת יצור מסורתית על בסיס יוגורט,גוד פוד פרודקטס S.p,IL,צזיקי יווני,גרמים,250.00,100 גרם,false,1,12.90,5.16,true,1,
7290110325879,false,פתיתי גאודה תנובה 200 גרם,תנובה- השף הלבן,IL,פתיתי גאודה,גרמים,200.00,100 גרם,false,1,15.90,7.95,true,1,
7290110325893,false,משקה חלב GO מועשר בחלבון בטעם אייס קפה,מיוצר עי קונדיטוריית,IL,אייס קפה GO,מיליליטרים,340.00,"100 מ""ל",false,1,7.70,2.26,true,1,
7290110326210,false,יופלה און טופ פצפוצים תנובה 157 גרם,מיוצר עי קונדיטוריית,IL,יופלה און טופ,גרמים,157.00,100 גרם,false,1,4.90,3.12,true,1,
7290110326227,false,יופלה און טופ קורנפלקס תנובה 157 גרם,מיוצר עי קונדיטוריית,IL,יופלה און טופ,גרמים,157.00,100 גרם,false,1,4.90,3.12,true,1,
7290110326234,false,יופלה און טופ כוכבים תנובה 157 גרם,מיוצר עי קונדיטוריית,IL,יופלה און טופ,גרמים,157.00,100 גרם,false,1,4.90,3.12,true,1,
7290110326241,false,יופלה און טופ גרנולה תנובה 157 גרם,מיוצר עי קונדיטוריית,IL,יופלה און טופ,גרמים,157.00,100 גרם,false,1,4.90,3.12,true,1,
7290110326333,false,פרוסות גבינה סקנדינבית תנובה 170 גרם,פ.פ.ח. שאביט,IL,גבינה סקנדינבית,גרמים,170.00,100 גרם,false,1,19.90,11.71,true,1,
7290110326906,false,חלב נטול לקטוז 3% שומן תנובה 1 ליטר,מיוצר עי קונדיטוריית,IL,חלב נטול לקטוז,ליטרים,1.00,ליטר,false,1,7.40,7.40,true,1,
7290110327033,false,משקה סויה גו מועשר בחלבון במתיקות מופחתת 1 ליטר,מיוצר עי קונדיטוריית,IL,משקה סויה מועשר,ליטרים,1.00,ליטר,false,1,12.90,12.90,true,1,
7290110327545,false,יופלה און טופ בטעם תות בתוספת פצפוצים מצופים שוקולד 157 גרם,מיוצר עי קונדיטוריית,IL,יופלה און טופ,גרמים,157.00,100 גרם,false,1,4.90,3.12,true,1,
7290110327798,false,חטיף חלבון GO - שוקולד 60 ג' חלב נוכרי - רבנות,"בלמונט קונפקציות בע""\מ.",US,חטיף חלבון,גרמים,60.00,100 גרם,false,1,12.90,21.50,true,1,
7290110327804,false,חטיף חלבון GO - עוגיות 60 ג' חלב נוכרי - רבנות,"בלמונט קונפקציות בע""\מ.",US,חטיף חלבון,גרמים,60.00,100 גרם,false,1,12.90,21.50,true,1,
7290110327811,false,חטיף חלבון GO בטעם קוקוס 20 גרם חלבון,"בלמונט קונפקציות בע""\מ.",US,חטיף חלבון,גרמים,60.00,100 גרם,false,1,12.90,21.50,true,1,
7290110328092,false,פיראוס פטה יוונית קוביות 21% שומן 150 גרם,דודוני תעשיית החלב החקלא,GR,פטה יוונית,גרמים,150.00,100 גרם,false,1,19.90,13.27,true,1,
7290110328504,false,טריו - מיקס גבינות מוצרלה סקנדינבית וגאודה 300 גרם,מיוצר עי קונדיטוריית,IL,טריו פתיתי גבינה,גרמים,300.00,100 גרם,false,1,16.90,5.64,true,1,
7290110328610,false,משקה אורז ושקדים בריסטה אלטרנטיב 1 ליטר,תנובה Alternative,IL,משקה אורז ושקדים,ליטרים,1.00,ליטר,false,1,12.90,12.90,true,1,
7290110328627,false,יוגורט יופלה GO במרקם סמיך בטעם בננה קרמל 0%,מיוצר עי קונדיטוריית,IL,יוגורט גו קרמי,גרמים,200.00,100 גרם,false,1,5.90,2.95,true,1,
7290110328641,false,alternative טופו טבעי תנובה 2*250 גרם,תנובה חלב,IL,טופו טבעי,גרמים,500.00,100 גרם,false,1,18.90,3.78,true,1,
7290110328764,false,יוגורט יופלה GO במרקם סמיך עם תות 0%,מיוצר עי קונדיטוריית,IL,יוגורט גו קרמי,גרמים,200.00,100 גרם,false,1,5.90,2.95,true,1,
7290110328771,false,יוגורט יופלה GO במרקם סמיך עם פירות יער 0%,מיוצר עי קונדיטוריית,IL,יוגורט גו קרמי,גרמים,200.00,100 גרם,false,1,5.90,2.95,true,1,
7290110328788,false,יוגורט יופלה GO במרקם סמיך בטעם אפרסק 0%,תנובה מרכז שיתופי לש,IL,יוגורט גו סמיך,גרמים,200.00,100 גרם,false,1,5.90,2.95,true,1,
7290110328955,false,קוביות גבינת עזים בשמן מתובל פיראוס 350 גרם,דודוני תעשיית החלב החקלא,GR,קוביות גבינת עז,גרמים,150.00,100 גרם,false,1,26.90,17.93,true,1,
7290110329136,false,מעדן חלב מעושר בחלבון בטעם שוקולד 120 ג' GO,תנובה מרכז שיתופי לש,IL,מעדן חלב גו,גרמים,120.00,100 גרם,false,1,4.90,4.08,true,1,
7290110329143,false,מעדן חלב מעושר בחלבון בטעם וניל גביע 120 ג' GO,תנובה מרכז שיתופי לש,IL,מעדן חלב גו,גרמים,120.00,100 גרם,false,1,4.90,4.08,true,1,
7290110329266,false,יוגורט תנובה מחלב עיזים מלא תנובה 140 ג',קריות זול,IL,יוגורט עיזים מלא,גרמים,140.00,100 גרם,false,1,5.90,4.21,true,1,
7290110329303,false,פרוסות בטעם צהובה קלאסית אלטרנטיב 200 גר,תנובה Alternative,IL,פרוסות צהובה,גרמים,200.00,100 גרם,false,1,21.90,10.95,true,1,
7290110329426,false,טופו טבעי עם רוטב קרם קוקוס קארי פיקנטי 250 גרם,תנובה חלב,IL,טופו בתוספת קארי,גרמים,310.00,100 גרם,false,1,13.90,4.48,true,1,
7290110329686,false,"משקה חלב גו בטעם עוגיות 340 מ""ל",מיוצר עי קונדיטוריית,IL,משקה חלב GO,מיליליטרים,340.00,"100 מ""ל",false,1,7.70,2.26,true,1,
7290110329723,false,משקה חלב קר בטעם לאטה 230 גרם תנובה,תנובה מרכז שיתופי לש,IL,משקה קפה קר לאטה,גרמים,230.00,100 גרם,false,1,7.90,3.43,true,1,
7290110329730,false,"משקה חלב עם שוקולד וקפה בסגנון לאטה 2.7%  230 מ""ל תנובה",תנובה מרכז שיתופי לש,IL,משקה חלב שוקולד,גרמים,230.00,100 גרם,false,1,7.90,3.43,true,1,
7290110329792,false,יוגורט סויה BIO Alternative אפרסק 150 ג' תנובה,מיוצר עי קונדיטוריית,IL,מעדן סויה ביו,גרמים,150.00,100 גרם,false,1,4.90,3.27,true,1,
7290110329808,false,יוגורט סויה BIO Alternative תות 150 ג' תנובה,מיוצר עי קונדיטוריית,IL,מעדן סויה ביו,גרמים,150.00,100 גרם,false,1,4.90,3.27,true,1,
7290110329815,false,סויה BIO מתיקות מעודנת גביע 150 גרם אלטרנטיב,מיוצר עי קונדיטוריית,IL,מעדן סויה ביו,גרמים,150.00,100 גרם,false,1,4.90,3.27,true,1,
7290110329822,false,יוגורט סויה BIO Alternative פירות יער 150 ג' תנובה,מיוצר עי קונדיטוריית,IL,מעדן סויה ביו,גרמים,150.00,100 גרם,false,1,4.90,3.27,true,1,
7290110329846,false,יוגורט סויה BIO Alternative בטעם טבעי 150 ג' תנובה,מיוצר עי קונדיטוריית,IL,מעדן ביו טבעי,גרמים,150.00,100 גרם,false,1,4.90,3.27,true,1,
7290110329914,false,מאגדת משקה שיבולת שועל ושקדים 100 גרם*6 יח' ביו אלטרנטיב,תנובה מרכז שיתופי לש,IL,משקה שיבולת שועל,גרמים,600.00,100 גרם,false,1,19.90,3.32,true,1,
7290110550202,false,מטבעות שוקולד חלב לאפיה 400 גרם עלית,"פוליבה בע""\מ",IL,מטבעות שוקולד,גרמים,400.00,100 גרם,false,1,29.90,7.48,true,1,
7290110550219,false,מטבעות שוקולד לבן לאפיה 400 גרם עלית,"פוליבה בע""\מ",IL,מטבעות שוקולד,מיליליטרים,400.00,"100 מ""ל",false,1,29.90,7.48,true,1,
7290110550226,false,מטבעות שוקולד מריר לאפיה 400 גרם עלית,"פוליבה בע""\מ",IL,מטבעות שוקולד,גרמים,400.00,100 גרם,false,1,29.90,7.48,true,1,
7290110550363,false,"פריכיות משולשות תירס, אורז שיבולת שועל, קינואה",אנרג'י Energy - שטראוס,IL,פריכיות משולשות,גרמים,65.00,100 גרם,false,1,10.90,16.77,true,1,
7290110551254,false,נשנושי תירס 600 גרם טעם הטבע שטראוס,"מיוצר ע""\י או.וי אינטרנש",TH,נשנושי תירס,גרמים,600.00,100 גרם,false,1,14.90,2.48,true,1,
7290110552121,false,יוגורט 5% בתוספת סידן וויטמין D היוגורט הראשון שלי,תנובה מרכז שיתופי לש,IL,היוגורט הראשון,גרמים,100.00,100 גרם,false,1,2.30,2.30,true,1,
7290110552220,false,יוגורט PRO בטעם תות 0% סוכר לבן 20 גרם חלבון בגביע,"שטראוס בריאות בע""\מ",IL,דנונה פרו חלבון,גרמים,200.00,100 גרם,false,1,5.90,2.95,true,1,
7290110552237,false,יוגורט פרו בטעם אפרסק מנגו ללא סוכר 200 ג' דנונה,"שטראוס בריאות בע""\מ",IL,דנונה פרו חלבון,גרמים,200.00,100 גרם,false,1,5.90,2.95,true,1,
7290110553425,false,קפה נמס 200 גרם +20% תוספת עלית,שטראוס קפה בי.וי,IL,קפה נמס,גרמים,240.00,100 גרם,false,1,19.90,8.29,true,1,
7290110553623,false,צ'יטוס קראנצ'י בטעם צ'דר חלפיניו - חלבי,"שטראוס פריטו ליי בע""\מ )",IL,צי'טוס קראנץ,גרמים,80.00,100 גרם,false,1,4.50,5.63,true,1,
7290110554095,false,דבש לחיץ 440 גרם,מכוורת יד מרדכי שטראוס ב,IL,דבש לחיץ,גרמים,440.00,100 גרם,false,1,22.90,5.20,true,1,
7290110554125,false,"נודלס סצ'ואן חריף""דלישס"" שטראוס",אוכל ביתי ניר עציון,IL,נודלס בסגנון סצ',גרמים,350.00,100 גרם,false,1,23.90,6.83,true,1,
7290110554422,false,פומודורו רוטב עגבניות ופלפלים לשקשוקה לפסטה יד מרדכי 350 גרם,אמיליאנה קונסרב סוסייטה,IT,רוטב לשקשוקה,גרמים,350.00,100 גרם,false,1,11.90,3.40,true,1,
7290110554545,false,קפסולת אספרסו לאפוגטו טעם קוקוס 50 ג' עלית,שטראוס קפה בי.וי.,IL,קפסולות לאפוגטו,גרמים,50.00,100 גרם,false,1,16.50,33.00,true,1,
7290110554583,false,מארז חטיפי צ'יטוס פאפס בטעם גבינה - 10 יחידות,"שטראוס פריטו ליי בע""\מ )",IL,צ'יטוס פאפס 10יח,גרמים,200.00,100 גרם,false,1,12.90,6.45,true,1,
7290110554705,false,קפסולות נספרסו לקפה יוניקו סדרת בתי הקלייה 10יח,שטראוס קפה בי.וי.,IL,קפסולות בית קליה,גרמים,50.00,100 גרם,false,1,18.90,37.80,true,1,
7290110554712,false,"קפסולות קפה אספרסו קלייה איטית ובהירה, 10 * 50 ג'",שטראוס קפה בי.וי.,IL,קפסולות בית קליה,גרמים,50.00,100 גרם,false,1,18.90,37.80,true,1,
7290110554729,false,קפסולות עלית אספרסו 04 תואמות למכונות NESPRESSO,שטראוס קפה בי.וי.,IL,קפסולות מס' 4,גרמים,50.00,100 גרם,false,1,16.50,33.00,true,1,
7290110555078,false,לאבנה עם שמן זית ועשבי תיבול שטראוס 250 גרם,"מחלבות בר בכפר בע""\מ",IL,לאבנה,גרמים,250.00,100 גרם,false,1,11.90,4.76,true,1,
7290110555092,false,לאבנה עם שמן זית וצ'ילי שטראוס 250 גרם,"מחלבות בר בכפר בע""\מ",IL,לאבנה,גרמים,250.00,100 גרם,false,1,11.90,4.76,true,1,
7290110555306,false,רבע לשבע טבעוני סינמון באן עלית 125 גרם,"הגביע מוצרי וופלים בע""\מ",IL,רב לשבע טבעוני,גרמים,125.00,100 גרם,false,1,10.90,8.72,true,1,
7290110556242,false,"שוקולד מריר פרווה 100 גר' בד""ץ תוצרת חוץ","שטראוס גרופ בע""מ.",FR,שוקולד פרה מריר,גרמים,100.00,100 גרם,false,1,5.50,5.50,true,1,
7290110557027,false,חומוס עשיר 50% טחינה גולמית 400 ג' אחלה,מיוצר עי קונדיטוריית,IL,חומוס עשיר 50% ט,גרמים,400.00,100 גרם,false,1,13.90,3.48,true,1,
7290110557102,false,מעדן חלב עם שוקולד מועשר בחלבון 150 ג' שטראוס,מיוצר עי קונדיטוריית,IL,מעדן שוקולד פרו,גרמים,150.00,100 גרם,false,1,5.30,3.53,true,1,
7290110557133,false,מעדן הגולן וניל 125 ג' שטראוס,מיוצר עי קונדיטוריית,IL,מעדן הגולן וניל,גרמים,125.00,100 גרם,false,1,3.20,2.56,true,1,
7290110557317,false,יוגורט בתוספת סידן וויטמין ד עם שיבולת שועל 100 ג' דנונה,תנובה מרכז שיתופי לש,IL,היוגורט הראשון,גרמים,100.00,100 גרם,false,1,2.30,2.30,true,1,
7290110557478,false,חומוס גלילי במרקם מעודן 600 גרם,"שטראוס גרופ בע""\מ",IL,חומוס גלילי,גרמים,600.00,100 גרם,false,1,12.90,2.15,true,1,
7290110558130,false,יוגורט אקטיביה עם שיבולת שועל ודבש 150 גרם,"שטראוס בריאות בע""\מ",IL,אקטיביה,גרמים,150.00,100 גרם,false,1,4.60,3.07,true,1,
7290110558154,false,דנונה לייט אנד פרי עוגת תפוחים 150ג דנונה,"שטראוס בריאות בע""\מ",IL,דנונה לייט,גרמים,150.00,100 גרם,false,1,4.50,3.00,true,1,
7290110558222,false,"וואו יוגורט עם שכבה בטעם בנופי פאי 5.4%, 150ג דנונה","שטראוס בריאות בע""\מ",IL,דנונה WOW בנופי,גרמים,150.00,100 גרם,false,1,4.90,3.27,true,1,
7290110558239,false,"וואו יוגורט עם שכבה בטעם קראק פאי 5.4%, 150 ג דנונה","שטראוס בריאות בע""\מ",IL,דנונה WOW,גרמים,150.00,100 גרם,false,1,4.90,3.27,true,1,
7290110558253,false,דנונה שייק נונה ריפרש בננה אננס וצ'יה,"שטראוס בריאות בע""\מ",IL,יוגורט ריפרש,גרמים,250.00,100 גרם,false,1,5.90,2.36,true,1,
7290110558284,false,דנונה ביו מולטי שטראוס 200 גרם,"שטראוס בריאות בע""\מ",IL,דנונה ביו מולטי,גרמים,200.00,100 גרם,false,1,4.30,2.15,true,1,
7290110558307,false,יוגורט דנונה PRO עם שיבולת שועל במתיקות מעודנת,"שטראוס בריאות בע""\מ",IL,דנונה פרו פלוס,גרמים,200.00,100 גרם,false,1,6.40,3.20,true,1,
7290110558314,false,דנונה פרו 20 גרם חלבון ללא סוכר פיסטוק 200 גרם,"שטראוס בריאות בע""\מ",IL,דנונה פרו,גרמים,200.00,100 גרם,false,1,5.90,2.95,true,1,
7290110558338,false,דנונה פרו 25 ג' חלבון 200 ג' שטראוס,"שטראוס בריאות בע""\מ",IL,דנונה פרו,גרמים,200.00,100 גרם,false,1,5.90,2.95,true,1,
7290110558666,false,מעדן גבינה בטעם תפוח 88 ג' דניאלה,"שטראוס בריאות בע""\מ",IL,דניאלה בטעם תפוח,גרמים,88.00,100 גרם,false,1,4.10,4.66,true,1,
7290110559748,false,ריל מאגדת שקדים קוקוס ושוקולד מריר שטראוס 105 גרם,"ואמואליס פודס אס.איי,",GR,חטיפי ריל אנרגי,גרמים,105.00,100 גרם,false,1,15.90,15.14,true,1,
7290110559762,false,ריל מאגדת אגוזים תמרים קוקוס שטראוס 105 גרם,"ואמואליס פודס אס.איי,",GR,חטיפי ריל אנרג'י,גרמים,105.00,100 גרם,false,1,15.90,15.14,true,1,
7290110560300,false,"הפריכיות הטעימות חומוס, עדשים שחורות, קינואה ופלפל שחור",אנרג'י Energy - שטראוס,IL,פריכיות אנרג'י,גרמים,30.00,100 גרם,false,1,5.00,16.67,true,1,
7290110560317,false,"הפריכיות הטעימות חומוס, עדשים שחורות, קינואה ומלח ים","פרח תעשיו מזון בע""מ",IL,פריכיות אנרג'י,גרמים,30.00,100 גרם,false,1,5.00,16.67,true,1,
7290110560324,false,"הפריכיות הטעימות תפו""א, אורז, אפונה ומלח ים","פרח תעשיו מזון בע""מ",IL,פריכיות אנרג'י,גרמים,30.00,100 גרם,false,1,5.00,16.67,true,1,
7290110561352,false,דנונה יוגורט ביו פרוביוטי 3% דל לקטוז 150ג',"שטראוס בריאות בע""\מ",IL,דנונה דל לקטוז,גרמים,200.00,100 גרם,false,1,3.70,1.85,true,1,
7290110561604,false,מארז 8 יחידות מעדן גמדים בטעם תות בננה,"שטראוס בריאות בע""\מ",IL,גמדים תות בננה8י,גרמים,800.00,100 גרם,false,1,18.90,2.36,true,1,
7290110563431,false,"משקה קפה קר בסגנון קלאסי 230 מ""ל 1.6% יוטבתה",האי נאם סי או אל.טי.,AT,משקה אייס קפה,מיליליטרים,230.00,"100 מ""ל",false,1,7.90,3.43,true,1,
7290110563448,false,"משקה קפה קר בסגנון מעודן 230 מ""ל 1.6% יוטבתה",האי נאם סי או אל.טי.,AT,משקה אייס קפה,מיליליטרים,230.00,"100 מ""ל",false,1,7.90,3.43,true,1,
7290110563462,false,חלב 2% דל לקטוז בבקבוק יטבתה 1 ליטר.,מחלבת יטבתה,IL,חלב נטול לקטוז,ליטרים,1.00,ליטר,false,1,8.20,8.20,true,1,
7290110564339,false,חומוס אחלה הסידרה המובחר 30% טחינה 400 גר',מיוצר עי קונדיטוריית,IL,חומוס בטחינה,גרמים,400.00,100 גרם,false,1,13.90,3.48,true,1,
7290110564360,false,חומוס אחלה הסידרה המובחר 40% טחינה 400 גר',מיוצר עי קונדיטוריית,IL,חומוס בטחינה,גרמים,400.00,100 גרם,false,1,13.90,3.48,true,1,
7290110564742,false,"משקה קפה קר בסגנון חזק 230 מ""ל 1.2% יוטבתה",האי נאם סי או אל.טי.,AT,משקה אייס קפה,מיליליטרים,230.00,"100 מ""ל",false,1,7.90,3.43,true,1,
7290110564919,false,דנונה מעודן ללא סוכר החזרות 150 גר,מיוצר עי קונדיטוריית,IL,דנונה מעודן,גרמים,150.00,100 גרם,false,1,3.90,2.60,true,1,
7290110565435,false,"לימבו ג'לי פטל 125 גרם חלבי ""שטראוס""","שטראוס גרופ בע""\מ",IL,לימבו פטל,גרמים,125.00,100 גרם,false,1,2.10,1.68,true,1,
7290110565527,false,יוגורט PRO פרו 1.5% 20 גרם חלבון בגביע,"שטראוס בריאות בע""מ",IL,דנונה פרו חלבון,גרמים,200.00,100 גרם,false,1,5.90,2.95,true,1,
7290110565572,false,מארז קפה טורקי עלית לדרך עם הל 168 גרם,שטראוס קפה בי.וי.,IL,קפה טורקי לדרך,גרמים,168.00,100 גרם,false,1,18.90,11.25,true,1,
7290110566975,false,דנונה פרו יוגורט 0% תות עשיר בחלבון 200ג',"שטראוס בריאות בע""\מ",IL,דנונה פרו חלבון,גרמים,200.00,100 גרם,false,1,5.90,2.95,true,1,
7290110568276,false,משקה וניל פרו Pro מועשר בחלבון 1.5%,שטראוס גרופ,DE,משקה פרו וניל,גרמים,350.00,100 גרם,false,1,6.50,1.86,true,1,
7290110568559,false,דוריטוס עלית מארז חמוץ חריף 10 יח' *25 ג',"שטראוס פריטו ליי בע""מ )פ",IL,דוריטוס 10 יח,גרמים,250.00,100 גרם,false,1,13.90,5.56,true,1,
7290110568566,false,דוריטוס גריל עלית מארז 10 יח' *25 ג',"שטראוס פריטו ליי בע""מ )פ",IL,דוריטוס 10 יח,גרמים,250.00,100 גרם,false,1,13.90,5.56,true,1,
7290110571382,false,מעדן חלב בטעם וניל מעושר בחלבון 150 ג' שטראוס,"שטראוס בריאות בע""\מ",IL,מעדן פרו,גרמים,150.00,100 גרם,false,1,5.30,3.53,true,1,
7290110571474,false,רבע לשבע טבעוני פופקורן עלית 125 גרם,"הגביע מוצרי וופלים בע""\מ",IL,רבע לשבע טבעוני,גרמים,125.00,100 גרם,false,1,10.90,8.72,true,1,
7290110572129,false,כיף כף מקלות שוקולד לבן 40 ג' עלית,סולן בעבור שטראוס,TR,כיף כף מקלות,גרמים,40.00,100 גרם,false,1,4.80,12.00,true,1,
7290110572884,false,"קפסולות קפה מספר 20 למכונת אספרס אספרסו, 50 גרם",שטראוס קפה בי.וי.,IL,קפסולות קפה,גרמים,50.00,100 גרם,false,1,16.50,33.00,true,1,
7290110576356,false,"שוקולד ספלנדיד מריר 64% - חלבי , מפולי קקאו מפרו",קימ'\ס גריפלנן,BE,שוקולד ספלנדיד,גרמים,100.00,100 גרם,false,1,8.90,8.90,true,1,
7290110576363,false,"שוקולד ספלנדיד מריר 80% חלבי ,פולי קקאו מאוגנדה",קימ'\ס גריפלנן,BE,שוקולד ספלנדיד,גרמים,100.00,100 גרם,false,1,8.90,8.90,true,1,
7290110576752,false,טבלאות שוקולד ספלנדיד מריר 70% 100 ג' עלית,קימ'\ס גריפלנן,BE,שוקולד ספלנדיד,גרמים,100.00,100 גרם,false,1,10.00,10.00,true,1,
7290110576776,false,טבלאות שוקולד ספלנדיד מריר 85% 100 ג' עלית,קימ'\ס גריפלנן,BE,שוקולד ספלנדיד,גרמים,100.00,100 גרם,false,1,10.00,10.00,true,1,
7290110576868,false,רבעיית גמדים סלט פירוט * 100 ג' שטראוס,"שטראוס בריאות בע""\מ",IL,גמדים 4 יח,גרמים,400.00,100 גרם,false,1,10.00,2.50,true,1,
7290111096921,false,קוויק מגבונים לניקוי כללי בתוספת חומץ ומלח לימון 50 יח',די.פי.אל,IL,קוויק מגבונים,יחידה,1.00,יחידה,false,1,7.90,7.90,true,1,
7290111097546,false,קוויק מגבונים 99.9% לניקוי כללי למשטחים בניחוח מרכך כביסה 50 יחידות,די.פי.אל,IL,קוויק ניקוי משטח,יחידה,1.00,יחידה,false,1,7.90,7.90,true,1,
7290111340178,false,מטליות לחות לניקוי כללי בניחוח מרכך כביסה 50 יח' ניקול,חוגלה קימברלי,IL,מטליות ניקוי,יחידה,1.00,יחידה,false,1,11.90,11.90,true,1,
7290111340185,false,מטליות לחות רצפה ניחוח מרכך כביסה ניקול 10 יחידות,חוגלה קימברלי,IL,מטליות לרצפה,יחידה,1.00,יחידה,false,1,10.90,10.90,true,1,
7290111341366,false,ניקול מפיות אירוח חד שכבתי 150 יחידות,"משווק ע""י קימברלי קלארק",SK,מפיות אירוח,יחידה,1.00,יחידה,false,1,7.90,7.90,true,1,
7290111341984,false,לילי - מגבוני נייר טואלט לח פיור רביעייה,קימברלי,IL,נייר טואלט לח4יח,יחידה,1.00,יחידה,false,1,20.00,20.00,true,1,
7290111341991,false,מגבוני טואלט לח סופרים לילי 48 יח',חוגלה קימברלי,IL,נייר טואלט לח,יחידה,1.00,יחידה,false,1,7.90,7.90,true,1,
7290111342004,false,נייר טואלט לילי לח קידס 56 דפים,חוגלה קימברלי,IL,נ.טואלט לח קידס,יחידה,1.00,יחידה,false,1,7.90,7.90,true,1,
7290111342042,false,כריות יפניות ניקול לניקוי אנטיבקטריאלי 4,פלסטו פוליש,IL,כריות יפניות,יחידה,1.00,יחידה,false,1,11.90,11.90,true,1,
7290111342059,false,50 מטליות מיקרופייבר לשטחים אנטיבקטריאלי ניקול,חוגלה,IL,מטליות לחות50יח,יחידה,1.00,יחידה,false,1,14.90,14.90,true,1,
7290111342073,false,מטליות מקרופייבר למשטחים אנטיבקטריאלי ניקול,ניקול,CN,מטליות מקרופייבר,יחידה,1.00,יחידה,false,1,15.90,15.90,true,1,
7290111342738,false,לילי - מגבוני נייר טואלט לח קידס רביעייה,לילי נייר טואלט חוגלה,IL,נייר טואלט לח4יח,יחידה,1.00,יחידה,false,1,20.00,20.00,true,1,
7290111343117,false,"קלינקס לושן סופט פק זוגות 140 דף ""חדש""",קימברלי קלארק,IL,קלינקס ממחטות,יחידה,1.00,יחידה,false,1,11.90,11.90,true,1,
7290111343483,false,קוטקס יאנג נייט תחבושות עם כנפיים 20 יח,חוגלה,CZ,תחבושות קוטקס,יחידה,1.00,יחידה,false,1,18.90,18.90,true,1,
7290111343797,false,מטליות לחות לניקוי חלונות 48 יח' ניקול,חוגלה קימברלי,IL,מטליות לחלונות,יחידה,1.00,יחידה,false,1,11.90,11.90,true,1,
7290111343858,false,ניקול מטליות לחות לרצפה אנטיבקרטריאלי 10 יחידות,עלבד משואות יצחק,IL,מטליות לרצפה,יחידה,1.00,יחידה,false,1,13.90,13.90,true,1,
7290111344206,false,האגיס נטורל קר מגבונים לחים בבישום עדין רביעייה,חוגלה קימברלי,IL,מגבונים האגיס 4*,יחידה,1.00,יחידה,false,1,19.90,19.90,true,1,
7290111344459,false,קוטוקס תחבושות נייט אקסטרא לונג 20 יח',חוגלה קימברלי,CN,תחבושות נייט,יחידה,1.00,יחידה,false,1,18.90,18.90,true,1,
7290111344503,false,חיתולי האגיס אקסטרה קייר מידה +4 36 יח',חוגלה קימברלי,CZ,האגיס אקסטרה קר,יחידה,1.00,יחידה,false,1,49.90,49.90,true,1,
7290111344732,false,קלינקס - טיישו אלרג'י קומפורט ניילון זוגות 140 דף,קימברלי קלארק,IL,קלינקס זוג,יחידה,1.00,יחידה,false,1,15.90,15.90,true,1,
7290111344824,false,מגן תחתון קוטקס אקסטרא אנטיבקטריאלי לארג',חוגלה,CN,מגן תחתון קוטקס,יחידה,1.00,יחידה,false,1,19.90,19.90,true,1,
7290111344831,false,קוטקס - מגיני יום אקסטרא פרוטקט נורמל ביג 60 יח',חוגלה קימברלי,CN,מגן תחתון קוטקס,יחידה,1.00,יחידה,false,1,19.90,19.90,true,1,
7290111344855,false,קוטקס - מגיני יום אקסטרא פרוטקט לארג' ביג 52 יח',חוגלה קימברלי,CN,מגן תחתון קוטקס,יחידה,1.00,יחידה,false,1,19.90,19.90,true,1,
7290111344879,false,קוטקס מגיני תחתון 2IN1 מחזור+שתן 44 יחיד,חוגלה,CN,מגן תחתון קוטקס,יחידה,1.00,יחידה,false,1,19.90,19.90,true,1,
7290111344930,false,מטליות לחות לרצפה בניחוח כביסה ארומתרפיה ניקול 10 יח',ניקול,IL,מטליות רצפה לחות,יחידה,1.00,יחידה,false,1,10.90,10.90,true,1,
7290111345050,false,כריות מיקרופייבר ניקול לניקוי עדין,ניקול,CN,כריות דו צדדיות,יחידה,1.00,יחידה,false,1,12.30,12.30,true,1,
7290111345760,false,תחבושות נטורל דואו סופר 18 יח' קוטקס,קריות זול,CZ,תחבושות קוטקס,יחידה,1.00,יחידה,false,1,18.90,18.90,true,1,
7290111350719,false,חטיף נאצוס הוטפופ בסגנון מסעדות 322 גר,ליימן מותגים,US,חטיף נאצ'וס,גרמים,322.00,100 גרם,false,1,16.90,5.25,true,1,
7290111350726,false,חטיף נאצוס הוטפופ בסגנון מקסיקני 322 גר,ליימן מותגים,US,חטיף נאצ'וס,גרמים,322.00,100 גרם,false,1,16.90,5.25,true,1,
7290111352959,false,מקלות חמוצים ממולאים בטעם פירות 80 גר' יוגטה,יוגטה yogueta,TR,מקלות חמוצים,גרמים,80.00,100 גרם,false,1,4.50,5.63,true,1,
7290111352973,false,יוגוטה קוביות חמוצות ממולאות בטעם פירות,יוגטה yogueta,TR,סוכריות קוביות,גרמים,220.00,100 גרם,false,1,6.90,3.14,true,1,
7290111353055,false,"גומי דובי 200 גר' וסטהיים (כש""לפ בית יוסף)",טופגם תעשיות ממתקים,TR,סוכריות גומי דוב,גרמים,200.00,100 גרם,false,1,9.90,4.95,true,1,
7290111353079,false,יוגטה סוכריות גומי דובונים קופסא 180 גר,אפגאם תעשיות ממתקים,TR,סוכריות גומי,גרמים,180.00,100 גרם,false,1,9.90,5.50,true,1,
7290111353376,false,מארז 100 סוכריות מנטוס שמחות בטעם מנטה 250 גרם,פרפטי ואן מלה ברדה,NL,מנטוס שמחות,גרמים,250.00,100 גרם,false,1,14.90,5.96,true,1,
7290111354236,false,"טורטיה מקמח חיטה 25 ס""מ צ'וקטה 420 גרם",צ'וקטה,TR,טוריטיות,גרמים,420.00,100 גרם,false,1,11.90,2.83,true,1,
7290111354243,false,"טורטיה מקמח חיטה 30 ס""מ צ'וקטה 540 גרם",צ'וקטה,TR,טורטיות קמח חיטה,גרמים,540.00,100 גרם,false,1,13.90,2.57,true,1,
7290111564277,false,פריכיות דקות ונימוחות 3 דגנים פיטנס Fitness,פרח תעשיות בעמ,IL,פריכיות פיטנס,גרמים,120.00,100 גרם,false,1,10.90,9.08,true,1,
7290111564291,false,פריכיות דקות ונימוחות 3 דגנים וקינואה פיטנס Fitness,פרח תעשיות בעמ,IL,פריכיות פיטנס,גרמים,120.00,100 גרם,false,1,10.90,9.08,true,1,
7290111564956,false,"ביסלי במבה מיקס 200 גרם ""אסם""",פרו מן יו פתרונות אריזה,IL,ביסלי במבה מיקס,גרמים,200.00,100 גרם,false,1,8.90,4.45,true,1,
7290111566103,false,טבעול פלאפל מרכיבים ביתיים בלבד 590 גרם,עיצובים 2020 (4.8),IL,פלאפל ביתי,גרמים,590.00,100 גרם,false,1,31.90,5.41,true,1,
7290111566240,false,שניצל דק מן הצומח בטעם צ'ילי חריף 700 גרם,עיצובים 2020 (4.8),IL,שניצל דק בטעם צי,גרמים,564.00,100 גרם,false,1,31.90,5.66,true,1,
7290111566271,false,חטיפי תירס טבעול 657 גרם,עיצובים 2020 (4.8),IL,חטיפי תירס טבעול,גרמים,657.00,100 גרם,false,1,29.90,4.55,true,1,
7290111566318,false,שניצל דק מן הצומח בטעם ביתי 700 גרם,עיצובים 2020 (4.8),IL,שניצל דק מן הצומ,גרמים,564.00,100 גרם,false,1,31.90,5.66,true,1,
7290111566332,false,"נקניקיות וינר מן הצומח 680 גרם ""טבעול""",עיצובים 2020 (4.8),IL,נקנ' וינר צמחוני,גרמים,680.00,100 גרם,false,1,31.90,4.69,true,1,
7290111566417,false,טבעול טחון מן הצומח משופר 400 גרם,עיצובים 2020 (4.8),IL,טחון צמחוני טבעו,גרמים,500.00,100 גרם,false,1,31.90,6.38,true,1,
7290111566547,false,טבעול חזה בגריל צמחוני 99 קלוריות 560ג',עיצובים 2020 (4.8),IL,חזה בגריל צמחוני,גרמים,560.00,100 גרם,false,1,31.90,5.70,true,1,
7290111566585,false,"שניצל צמחוני 99 קלוריות 650 גר' ""טבעול""",עיצובים 2020 (4.8),IL,שניצל צמחוני,גרמים,650.00,100 גרם,false,1,31.90,4.91,true,1,
7290111566691,false,"שניצל תרד 99 קלוריות 560 גרם ""טבעול""",עיצובים 2020 (4.8),IL,שניצל תרד 99 קלו,גרמים,560.00,100 גרם,false,1,31.90,5.70,true,1,
7290111566714,false,טבעול המבורגר צמחוני 99 קלוריות 600 גרם,עיצובים 2020 (4.8),IL,המבורגר צמחוני,גרמים,600.00,100 גרם,false,1,31.90,5.32,true,1,
7290111566752,false,טבעול שניצל תירס 99 קלוריות 693 גרם,עיצובים 2020 (4.8),IL,שניצל תירס 99,גרמים,693.00,100 גרם,false,1,31.90,4.60,true,1,
7290111568206,false,ביסלי פארטי מיקס אסם 150 גר',פרו מן יו פתרונות אר,IL,ביסלי פארטי מיקס,גרמים,150.00,100 גרם,false,1,7.50,5.00,true,1,
7290111568275,false,אטריות נודלס אורז רחבות אסם אסייתי 300גרם,תאי פרזידנט,TH,נודלס אטריות,גרמים,300.00,100 גרם,false,1,9.90,3.30,true,1,
7290111775376,false,קטרקס חול לחתולים 6ליטר,בנטאס,AM,חול לחתולים,ליטרים,6.00,ליטר,false,1,45.00,7.50,true,1,
7290111930799,false,חטיף בטעם בצל קראנצ',קראנצ'וס,IL,קראנצ'וס בצל,גרמים,55.00,100 גרם,false,1,3.50,6.36,true,1,
7290111930850,false,קראנצ'וס טעם פיצה 55גר',קראנצ'וס,IL,קראנצ'וס פיצה,גרמים,70.00,100 גרם,false,1,3.50,5.00,true,1,
7290111930898,false,חטיף פוף כוכבים גריל אמריקאי 40 גרם,פוף POOF,IL,פוף כוכבים גריל,גרמים,40.00,100 גרם,false,1,3.90,9.75,true,1,
7290111930904,false,חטיף פוף כוכבים בצל 40 גרם,פוף POOF,IL,פוף כוכבים בצל,גרמים,40.00,100 גרם,false,1,3.90,9.75,true,1,
7290111930911,false,חטיף פוף לבבות קלאסי 40 גרם,פוף POOF,IL,פוף לבבות רגיל,גרמים,40.00,100 גרם,false,1,3.90,9.75,true,1,
7290111930928,false,חטיף פוף לבבות גריל 40 גרם,פוף POOF,IL,פוף לבבות גריל,גרמים,40.00,100 גרם,false,1,3.90,9.75,true,1,
7290111930935,false,חטיף פוף טבעות קלאסי 40 גרם,פוף POOF,IL,פוף טבעות,גרמים,40.00,100 גרם,false,1,3.90,9.75,true,1,
7290111932380,false,"מרידול משחת שיניים מארז 75X2מ""ל כשל""פ",GABA LOER GER,PL,משחת מרידול 2 יח,מיליליטרים,150.00,"100 מ""ל",false,1,24.90,16.60,true,1,
7290111932502,false,"משחת שיניים קולגייט אופטיק וייט אקספרט וויט 75 מ""ל",קולגייט Colgate,PL,משחת שיניים,מיליליטרים,75.00,"100 מ""ל",false,1,29.90,39.87,true,1,
7290111933554,false,שלישייה עגבניות קוביות מאסטר שף 400 גרם,קונסוריזיו קאסאלסקו,IT,עגבניות קוביות,קילוגרמים,1.20,"ק""ג",false,1,16.90,14.08,true,1,
7290111933998,false,תבנית קוקי אינגליש עם נייר אפייה 4 יח,קוקי,CN,תבנית אינגליש+ני,יחידה,1.00,יחידה,false,1,12.90,12.90,true,1,
7290111935527,false,"מ. שיניים קולגייט טוטל קלין מיניט -זוג כשל""פ2*100 גרם",קולגייט פלמוליב,PL,משחת קולגייט,מיליליטרים,200.00,"100 מ""ל",false,1,29.90,14.95,true,1,
7290111935961,false,מאסטר שף מחית עגבניות 690 גרם,פראנו אנריקו ופיגלי,IT,מחית עגבניות,גרמים,690.00,100 גרם,false,1,9.90,1.43,true,1,
7290111936296,false,"פלמוליב סבון נוזלי בניחוח סנסיישן מסאז' ,750 מ""ל",קולגייט פלמוליב,TR,סבון פלמוליב,מיליליטרים,750.00,"100 מ""ל",false,1,19.90,2.65,true,1,
7290111936487,false,"קולגייט זוג משחת שיניים טוטל קלין להלבנה 100 מ""ל",קולגייט פלמוליב,PL,משחת קולגייט,מיליליטרים,200.00,"100 מ""ל",false,1,29.90,14.95,true,1,
7290111936784,false,מארז חמישיית חטיפי תמרים ואגוזי לוז פרי 125 גרם,"טבעית מוצרים מהטבע בע""\מ",IL,חטיפי פרי 5 יח,גרמים,125.00,100 גרם,false,1,16.90,13.52,true,1,
7290111937231,false,פרי מארז חטיפים 5 יחידות תמרים וקוקוס כשלפ,"טבעית מוצרים מהטבע בע""\מ",IL,חטיף פרי תמרים,גרמים,125.00,100 גרם,false,1,16.90,13.52,true,1,
7290111937262,false,מארז חמישיית חטיפי תמרים אגוזים ושברי קקאו פרי 125 גרם,"טבעית מוצרים מהטבע בע""\מ",IL,חטיפי פרי 5 יח,גרמים,125.00,100 גרם,false,1,16.90,13.52,true,1,
7290111938481,false,"רוטב סויה בהירה מאסטר שף 300 מ""ל",מאסטר שף,TH,רוטב סויה בהירה,מיליליטרים,300.00,"100 מ""ל",false,1,8.90,2.97,true,1,
7290112000293,false,"סיליט באנג ג'ל לחיטוי וניקוי האסלה פרש, 750 מ""ל",סיליט באנג Cillit Bang,PL,סיליט ג'ל לאסלה,מיליליטרים,750.00,"100 מ""ל",false,1,9.90,1.32,true,1,
7290112000408,false,מנקה ומחטא עוצמתי לניקוי כללי בניחוח לימון,רקיט בנקיזר,PL,דטול ספריי ניקוי,מיליליטרים,750.00,"100 מ""ל",false,1,12.90,1.72,true,1,
7290112000736,false,פיניש טבליות aio 80 יח אריזת חסכון,רקיט בנקיזר,PL,פיניש 80 טבליות,יחידה,1.00,יחידה,false,1,55.90,55.90,true,1,
7290112000798,false,"דיטול תרסיסי חיטוי וניקוי אנטי בקטריאלי 750 מ""ל",רקיט בנקיזר,GB,דטול מחטא משטחים,מיליליטרים,750.00,"100 מ""ל",false,1,12.90,1.72,true,1,
7290112000828,false,דטול - מגבונים חיטוי וניקוי אנטי בקטריאלי 60 יח',רקיט בנקיזר,PL,מגבונים דטול,יחידה,1.00,יחידה,false,1,11.90,11.90,true,1,
7290112001023,false,"אירוויק ספרי אוטמטי מילוי תענוגות האביב 250 מ""ל","יצרן המכשיר: זובלה, שנזן",GB,אירוויק מילוי,מיליליטרים,250.00,"100 מ""ל",false,1,15.90,6.36,true,1,
7290112001740,false,ויט רצועות שעווה לפנים 40 יחידות,רקיט בנקיזר,FR,רצועות שעווה ויט,יחידה,1.00,יחידה,false,1,54.90,54.90,true,1,
7290112002099,false,קולון גל כביסה מרוכז 2.5 ליטר קלאסי,רקיט בנקיזר,IL,ג'ל כביסה קולון,ליטרים,2.50,ליטר,false,1,21.90,8.76,true,1,
7290112002136,false,ג'ל כביסה מרוכז קולון 101 קלאסי,רקיט בנקיזר,IL,ג'ל כביסה קולון,ליטרים,4.00,ליטר,false,1,35.90,8.98,true,1,
7290112003263,false,"אבקת כביסה קולון לבנדר 1.25 ק""ג",זוהר דליה,IL,אבקת קולון מאסק,קילוגרמים,1.25,"ק""ג",false,1,14.90,11.92,true,1,
7290112003553,false,איירוויק בוטניקה נר ריחני בניחוח עשבי יע,רקיט בנקיזר,CN,אירוויק נר ריחני,גרמים,205.00,100 גרם,false,1,29.90,14.59,true,1,
7290112004208,false,פיניש טבליות למדיח הכל ב 1 לימון 50 יחידות,רקיט בנקיזר,PL,פיניש לימון AIO,יחידה,1.00,יחידה,false,1,34.90,34.90,true,1,
7290112004413,false,"ספריי וניש קליה להסרת כתמים לבגדים לבנים 750 מ""ל",רקיט בנקיזר,PL,מסיר כתמים ספריי,מיליליטרים,750.00,"100 מ""ל",false,1,17.90,2.39,true,1,
7290112004611,false,"וניש קליה ג'ל מרוכז לטיפול נקודתי בכתמים 200 מ""ל",רקיט בנקיזר,PT,וניש קליה פאואר,מיליליטרים,200.00,"100 מ""ל",false,1,16.90,8.45,true,1,
7290112005045,false,וניש מסיר כתמים אבקה לכביסה לבנה 480 גרם,רקיט בנקיזר,IT,וניש אבקה לכביסה,גרמים,480.00,100 גרם,false,1,16.90,3.52,true,1,
7290112005052,false,וניש תוסף כביסה רב תכליתי לבגדים לבנים,קליה וניש Kalia Vanish,IT,וניש אבקה לכביסה,קילוגרמים,1.50,"ק""ג",false,1,39.90,26.60,true,1,
7290112005076,false,וניש תוסף כביסה רב תכליתי צבעוני 480 גרם,רקיט בנקיזר,IT,וניש אבקה לכביסה,גרמים,480.00,100 גרם,false,1,16.90,3.52,true,1,
7290112005168,false,פיניש אולטימייט קוואנטום לימון 60 טבליות למדיח,רקיט בנקיזר,PL,פיניש קוואנטום,יחידה,1.00,יחידה,false,1,59.90,59.90,true,1,
7290112192578,false,משחת שיניים פרודונטקס אקסטרה פרש הגנה מלאה,ג'י.אס.קיי קונסיומר,IE,משחת פרודונטקס,מיליליטרים,75.00,"100 מ""ל",false,1,34.90,46.53,true,1,
7290112192875,false,"סנסודיין - משחת שיניים רגישות וחניכיים 75 מ""ל",סנסודיין Sensodyne,GB,משחת סנסודיין,מיליליטרים,75.00,"100 מ""ל",false,1,33.90,45.20,true,1,
7290112195227,false,אטריות ביצים דקיקות 500 גר,פ.פ.איץ טאביט ספ. ז.או.א,PL,איטריות ביצים,גרמים,500.00,100 גרם,false,1,13.90,2.78,true,1,
7290112330352,false,"יוגורט PRO בטעם וניל 0% , 20 גרם חלבון בגביע","שטראוס בריאות בע""\מ",IL,דנונה פרו20 וניל,גרמים,200.00,100 גרם,false,1,5.90,2.95,true,1,
7290112330390,false,דנונה פרו פירות יער 20 גרם חלבון 0% שומן 200 גרם,"שטראוס בריאות בע""\מ",IL,דנונה פרו 0%,גרמים,200.00,100 גרם,false,1,5.90,2.95,true,1,
7290112330420,false,דנונה פרו לבן 2.9% שומן 150 גרם,מיוצר עי קונדיטוריית,IL,דנונה עם חלבון,גרמים,150.00,100 גרם,false,1,4.90,3.27,true,1,
7290112332585,false,פריכיות משולש תפוא אורז בתיבול סלק ומלח ים אנרג'י 30 גרם,"פרח תעשיו מזון בע""מ",IL,"פריכיות תפו""א",גרמים,30.00,100 גרם,false,1,5.00,16.67,true,1,
7290112332691,false,פינוקיות עוגיות קרם פסק זמן אגוזים 200 גרם,"הגביע מוצרי וופלים בע""\מ",IL,פינוקיות פסק זמן,גרמים,200.00,100 גרם,false,1,10.90,5.45,true,1,
7290112332875,false,מסטיק מאסט קוביות בטעם מנטה עדינה 86 ג' עלית,אסקום קונפקשיין,DE,מאסט קוביות,גרמים,86.00,100 גרם,false,1,13.90,16.16,true,1,
7290112335111,false,מסטיק מאסט קוביות בזוקה ללא גלוטן 86 גר,אסקום קונפקשיין,DE,מאסט קוביות,גרמים,86.00,100 גרם,false,1,13.90,16.16,true,1,
7290112335487,false,הפריכיות הטעימות קצח ודגנים אנרג'י 135 גרם,אנרג'י Energy - שטראוס,IL,הפריכיות הטעימות,גרמים,135.00,100 גרם,false,1,11.00,8.15,true,1,
7290112335494,false,הפריכיות הטעימות תפוחי אדמה בטעם פוטטוס,"פרח תעשיות מזון בע""\מ",IL,הפריכיות הטעימות,גרמים,135.00,100 גרם,false,1,11.00,8.15,true,1,
7290112335500,false,"פרכיות אנרג'י חומוס,אורז,עדשים שחורות וקינואה 135 גרם","פרח תעשיות מזון בע""\מ",IL,פריכיות טעימות,גרמים,135.00,100 גרם,false,1,11.00,8.15,true,1,
7290112336613,false,עד חצות עוגיות סנדוויץ במילוי שוקולד חלב,שטראוס גרופ,FR,עד חצות סנדוויץ,גרמים,135.00,100 גרם,false,1,9.90,7.33,true,1,
7290112336651,false,סוכריות מאסט ללא סוכר ריבת חלב 80 ג' עלית,שטראוס גרופ,PL,סוכריות מאסט,גרמים,80.00,100 גרם,false,1,7.50,9.38,true,1,
7290112336712,false,יוגורט PRO לבן 0% 21 גרם חלבון בגביע,"שטראוס בריאות בע""מ",IL,דנונה פרו 21,גרמים,200.00,100 גרם,false,1,5.90,2.95,true,1,
7290112337474,false,סוכריות מאסט ללא סוכר פטל לימון 80 ג' עלית,שטראוס גרופ,PL,סוכריות מאסט,גרמים,80.00,100 גרם,false,1,7.50,9.38,true,1,
7290112337481,false,סוכריות מאסט ללא סוכר קפצ''ינו 80 ג' עלית,שטראוס גרופ,PL,סוכריות מאסט,גרמים,80.00,100 גרם,false,1,7.50,9.38,true,1,
7290112338877,false,מעדן גבינה בטעם תות 3% 125ג' סקי,"שטראוס בריאות בע""\מ",IL,סקי תות,גרמים,125.00,100 גרם,false,1,3.70,2.96,true,1,
7290112339171,false,מילקי מוס עם שוקולד וקצפת,מיוצר עי קונדיטוריית,IL,מילקי מוס שוקולד,גרמים,81.00,100 גרם,false,1,3.50,4.32,true,1,
7290112339362,false,דנונה לייט אנד פריי בטעם קפוצ'ינו 150 גרם,"שטראוס בריאות בע""\מ",IL,דנונה לייט,גרמים,150.00,100 גרם,false,1,4.50,3.00,true,1,
7290112339867,false,גמדים לדרך גבינה לבנה עם מחית תות,"שטראוס בריאות בע""\מ",IL,גמדים לדרך,גרמים,100.00,100 גרם,false,1,5.90,5.90,true,1,
7290112339874,false,גמדים לדרך גבינה לבנה עם מחיות תות ובננה,"שטראוס בריאות בע""\מ",IL,גמדים לדרך,גרמים,100.00,100 גרם,false,1,5.90,5.90,true,1,
7290112340122,false,הפריכיות הטעימות 3 דגנים אנרג'י 135 גרם,"פרח תעשיות מזון בע""\מ",IL,פריכיות טעימות,גרמים,135.00,100 גרם,false,1,11.00,8.15,true,1,
7290112340245,false,צנצנת מסטיק מאסט בטעם דובדבן 66 ג' עלית,"שטראוס גרופ בע""\מ",IL,מסטיק דובדבן,גרמים,66.00,100 גרם,false,1,9.90,15.00,true,1,
7290112340252,false,צנצנת מסטיק מאסט בטעם אבטיח מלון 66 ג' עלית,"שטראוס גרופ בע""\מ",IL,מסטיק אבטיח מלון,גרמים,66.00,100 גרם,false,1,9.90,15.00,true,1,
7290112340276,false,פינוקיות עוגיות קרם קפה 200 גרם,"הגביע מוצרי וופלים בע""\מ",IL,פינוקיות קרם קפה,גרמים,200.00,100 גרם,false,1,10.90,5.45,true,1,
7290112341556,false,יוגורט אקטיביה עם צ'יה ותות 150 גרם,"שטראוס בריאות בע""\מ",IL,אקטיביה פרי,גרמים,150.00,100 גרם,false,1,4.60,3.07,true,1,
7290112341679,false,דנונה אקטיביה 3% שומן 200 גרם,מיוצר עי קונדיטוריית,IL,אקטיביה 3%,גרמים,200.00,100 גרם,false,1,4.00,2.00,true,1,
7290112341686,false,שמינייה יוגורט לבן אקטיביה 3% דנונה 150 גרם.,מיוצר עי קונדיטוריית,IL,אקטיביה מארז 8יח,קילוגרמים,1.20,"ק""ג",false,1,19.90,16.58,true,1,
7290112342102,false,סימפוניה גבינה במרקם שמנת בצל מקורמל 5%,"שטראוס בריאות בע""\מ",IL,גבינת סימפוניה,גרמים,200.00,100 גרם,false,1,11.00,5.50,true,1,
7290112342270,false,קפה פלטינום אינטנס מחוזק ב- 10% אספרסו,שטראוס קפה בי.וי,IL,קפה פלטינום,גרמים,125.00,100 גרם,false,1,18.20,14.56,true,1,
7290112343260,false,"יטבתה רוטב שמנת קלאסי 9% שומן 260 מ""ל",מחלבת יטבתה,IL,רוטב שמנת קלאסי,גרמים,260.00,100 גרם,false,1,10.90,4.19,true,1,
7290112343420,false,"משקה חלב עם דגנים מלאים ובננה פרו יטבתה 350מ""ל",מחלבת יטבתה,IL,יטבתה פרו משקה,מיליליטרים,350.00,"100 מ""ל",false,1,7.50,2.14,true,1,
7290112343499,false,חטיף צ'יטוס פאפס אפוי בטעם גבינה,"שטראוס פריטו ליי בע""\מ )",IL,חטיף צ'יטוס puff,גרמים,55.00,100 גרם,false,1,3.50,6.36,true,1,
7290112343512,false,צ'יטוס puffs בטעם גבינה 180 גרם,"שטראוס פריטו ליי בע""\מ )",IL,חטיף ציטוסpuffs,גרמים,160.00,100 גרם,false,1,7.90,4.94,true,1,
7290112344410,false,דבש טהור 400 גרם,מכוורת יד מרדכי שטראוס ב,IL,דבש טהור,גרמים,400.00,100 גרם,false,1,22.00,5.50,true,1,
7290112344564,false,רביולי גבינה קלאסי שטראוס 400 ג',מיוצר עי קונדיטוריית,IL,רביולי גבינה,גרמים,400.00,100 גרם,false,1,19.90,4.98,true,1,
7290112344724,false,מעדן בטעם שוקולד בלונדי 170 ג' מילקי,מיוצר עי קונדיטוריית,IL,מילקי בלונדי,גרמים,133.00,100 גרם,false,1,3.50,2.63,true,1,
7290112344755,false,מילקי שוקולד 26% פחות סוכר 135 גרם,מיוצר עי קונדיטוריית,IL,מילקי,גרמים,135.00,100 גרם,false,1,2.90,2.15,true,1,
7290112344786,false,קפה פלטינום קלאסיק עלית 200 גרם,הנסיך- מפעל לייצור ט,IL,קפה נמס פלטינום,גרמים,200.00,100 גרם,false,1,21.90,10.95,true,1,
7290112344953,false,סימפוניה חציל קלוי גבינה במקרם שמנת 5%,"שטראוס בריאות בע""\מ",IL,גבינת סימפוניה,גרמים,200.00,100 גרם,false,1,11.00,5.50,false,1,
7290112346360,false,בפלות אחת אחת ופל בטעם שוקולד מצופה שוקולד,הגביע מוצרי וופלים ב,GR,בפלות אחת אחת,גרמים,180.00,100 גרם,false,1,13.90,7.72,true,1,
7290112346537,false,עוגיות פינוקיות בטעם טורטית 200 ג' עלית,"הגביע מוצרי ופלים בע""\מ",IL,פינוקיות טורטית,גרמים,200.00,100 גרם,false,1,10.90,5.45,true,1,
7290112346629,false,דנונה בר יוגורט+קורנפלקס מצופה שוקולד חלב ולבן 172 גרם,"שטראוס בריאות בע""\מ",IL,דנונה בר,גרמים,172.00,100 גרם,false,1,4.60,2.67,true,1,
7290112346773,false,יוגורט בטעם וניל 0% לייט אנד פרי 10 גרם חלבון בגביע,מיוצר עי קונדיטוריית,IL,דנונה לייט וניל,גרמים,150.00,100 גרם,false,1,4.50,3.00,false,1,
7290112346797,false,יוגורט אקטיביה שיבולת שועל ושזיף 150 גרם,מיוצר עי קונדיטוריית,IL,אקטיביה שזיף,גרמים,150.00,100 גרם,false,1,4.60,3.07,true,1,
7290112346827,false,שמיניית אקטימל ויטמין C פטל 108 גרם,"שטראוס בריאות בע""\מ",IL,אקטימל ויטמין C,מיליליטרים,800.00,"100 מ""ל",false,1,20.90,2.61,true,1,
7290112347008,false,גמדים לדרך גבינה לבנה עם מחית תות ושיבולת שועל,מיוצר עי קונדיטוריית,IL,גמדים ארוחת בוקר,גרמים,100.00,100 גרם,false,1,5.90,5.90,true,1,
7290112347473,false,מארז דנונה לייט אנד פריי תות ואפרסק 150 גרם 8 יחידות,מיוצר עי קונדיטוריית,IL,דנונה לייט 8 יח,קילוגרמים,1.20,"ק""ג",false,1,27.70,23.08,true,1,
7290112348142,false,שעועית לבנה 380 גר' בקופסה טעם הטבע,שטראוס טעם הטבע,IT,שעועית לבנה,גרמים,380.00,100 גרם,false,1,6.90,1.82,true,1,
7290112348616,false,עלית - קפה נמס אגוזי לוז 100 גרם,שטראוס קפה בי.וי,IL,קפה נמס טעם אגוז,גרמים,100.00,100 גרם,false,1,13.70,13.70,true,1,
7290112348999,false,הפריכיות הטעימות תירס דקות אנרג'י 135 גרם,פרח תעשיות,IL,פריכיות תירס,גרמים,135.00,100 גרם,false,1,11.00,8.15,true,1,
7290112349538,false,קפה טורקי עלית 160 גרם,שטראוס קפה בי.וי.,IL,קפה טורקי עלית,גרמים,160.00,100 גרם,false,1,12.60,7.88,true,1,
7290112349606,false,מעדן גבינה ויוגורט תות בננה 88 ג' דניאלה,"שטראוס בריאות בע""\מ",IL,דניאלה תות בננה,גרמים,88.00,100 גרם,false,1,4.10,4.66,true,1,
7290112349705,false,פומודורו רוטב עגבניות קלאסי לפסטה יד מרדכי 350 גרם,אמיליאנה קונסרב סוסייטה,IT,רוטב לפסטה,גרמים,350.00,100 גרם,false,1,11.90,3.40,true,1,
7290112349736,false,בזיליקום רוטב עגבניות לפסטה יד מרדכי 350 גרם,אמיליאנה קונסרב סוסייטה,IT,רוטב עגבניות,גרמים,350.00,100 גרם,false,1,11.90,3.40,true,1,
7290112349743,false,ארביאטה רוטב עגבניות פיקנטי לפסטה 350 ג' יד מרדכי,אמיליאנה קונסרב סוסייטה,IT,רוטב עגבניות,גרמים,350.00,100 גרם,false,1,11.90,3.40,true,1,
7290112349750,false,פיצה רוטב עגבניות לפיצה יד מרדכי 350 גרם,אמיליאנה קונסרב סוסייטה,IT,רוטב עגבניות,גרמים,350.00,100 גרם,false,1,11.90,3.40,true,1,
7290112349897,false,מסטיק מאסט Must קוביות בטעם מנטה ללא סוכר,אסקום קונפקשיין,DE,מסטיק מאסט מנטה,גרמים,86.00,100 גרם,false,1,13.90,16.16,true,1,
7290112349903,false,רוטב שמנת עם גרגירי וניל 9% שומן 260 ג' יטבתה,מחלבת יטבתה,IL,רוטב שמנת,גרמים,260.00,100 גרם,false,1,10.90,4.19,true,1,
7290112350312,false,קפסולות 15 קפה יותר למכונות נספרסו עלית 10יח',הנסיך- מפעל לייצור ט,IL,קפסולות קפה,גרמים,50.00,100 גרם,false,1,16.50,33.00,true,1,
7290112350589,false,ציקו אבקה להכנת משקה ציקוריה 65 גר,שטראוס קפה בי.וי,IL,תחליף קפה צ'יקו,גרמים,65.00,100 גרם,false,1,11.50,17.69,true,1,
7290112351258,false,עוגיית קקאו פינוקיות שחור לבן 200 גר,"הגביע מוצרי ופלים בע""\מ",IL,פינוקיות שחור לב,גרמים,200.00,100 גרם,false,1,10.90,5.45,true,1,
7290112351463,false,שלישיית סוכריות מאסט FRESH פטל לימון 45 ג' עלית,"הליקון גידה בע""\מ",TR,"סוכריות לל""ס",גרמים,45.00,100 גרם,false,1,8.90,19.78,true,1,
7290112351470,false,סוכריות ללא סוכר בטעם תות רימון מאסט פרש,"הליקון גידה בע""\מ",TR,"סוכריות לל""ס",גרמים,45.00,100 גרם,false,1,8.90,19.78,true,1,
7290112351524,false,עלי סלנובה 200 גר' שטראוס טעם הטבע,שטראוס בריאות ירקות טריי,IL,עלי חסה סלנובה,גרמים,200.00,100 גרם,false,1,11.90,5.95,true,1,
7290112353412,false,"פריכיות תפו""א, אורז, תירס, אפונה ירוקה, סלק, מלח ים","פרח תעשיו מזון בע""מ",IL,"פריכיות תפו""א",גרמים,30.00,100 גרם,false,1,5.00,16.67,true,1,
7290112353887,false,"משקה קפה קר בטעם אגוזים יטבתה 230 מ""ל",האי נאם סי או אל.טי.,AT,קפה קר יטבתה,מיליליטרים,230.00,"100 מ""ל",false,1,7.90,3.43,true,1,
7290112354211,false,"פיצה מרגריטה""דלישס"" שטראוס",סקרלינפיצה אס. אר. אל. א,IT,פיצה מרגריטה ומו,גרמים,400.00,100 גרם,false,1,25.90,6.48,true,1,
7290112354228,false,"פיצה מרגריטה עם זיתים ""דלישס"" שטראוס",סקרלינפיצה אס. אר. אל. א,IL,דלישס פיצה מרגרי,גרמים,400.00,100 גרם,false,1,25.90,6.48,true,1,
7290112354945,false,תפוצ'יפס WAVY בטעם טבעי 50 גרם,שטראוס פריטו ליי בע”,IL,תפוצ'יפס,גרמים,50.00,100 גרם,false,1,4.00,8.00,true,1,
7290112354952,false,"תפוציפס WAVY בטעם פפריקה , 50 גרם",שטראוס פריטו ליי בע”,IL,תפוצ'יפס,גרמים,50.00,100 גרם,false,1,4.00,8.00,true,1,
7290112355027,false,דנונה פרו 20 גרם חלבון בטעם קרמל מלוח 200 גרם,"שטראוס בריאות בע""\מ",IL,דנונה פרו קרמל,גרמים,200.00,100 גרם,false,1,5.90,2.95,true,1,
7290112355102,false,גמדים סקוויז 100 גרם פאוץ סלט פירות 100 גרם,"שטראוס בריאות בע""\מ",IL,גמדים לדרך,גרמים,100.00,100 גרם,false,1,5.90,5.90,false,1,
7290112355386,false,יטבתה רוטב שמנת בטעם קרמל מלוח יטבתה 260 גרם,מחלבת יטבתה,IL,רוטב שמנת,גרמים,260.00,100 גרם,false,1,10.90,4.19,true,1,
7290112355393,false,"יטבתה רוטב שמנת+בטטה 9% שומן 250 מ""ל",שטראוס גרופ,IL,רוטב שמנת בטטה,גרמים,257.00,100 גרם,false,1,10.90,4.24,true,1,
7290112355812,false,מילקי טופ קורנפלקס 141 ג' שטראוס,"שטראוס גרופ בע""\מ",IL,מילקי טופ,גרמים,141.00,100 גרם,false,1,4.90,3.48,true,1,
7290112357106,false,שעועית אדומה 380 גר' בקופסה טעם הטבע,שטראוס טעם הטבע,IT,שעועית אדומה,גרמים,380.00,100 גרם,false,1,6.90,1.82,true,1,
7290112357113,false,גרגרי חומוס בקופסה 380 גר' טעם הטבע,שטראוס טעם הטבע,IT,גרגרי חומוס,גרמים,380.00,100 גרם,false,1,6.90,1.82,true,1,
7290112358004,false,פסק זמן קראנצ' עלית 32 גרם,שולן צ'\יקולטה גידה סאן.,TR,חטיף פסק זמן,גרמים,32.00,100 גרם,false,1,4.90,15.31,true,1,
7290112358127,false,דנונה פרו חלבון+מגנזיום- וניל ועוגיות 200 גרם,מיוצר עי קונדיטוריית,IL,דנונ.פרו+מגנזיום,גרמים,200.00,100 גרם,false,1,6.40,3.20,true,1,
7290112358219,false,רוטב צ'ילי מתוק יד מרדכי 300 גרם,אף.סי תבליני בגליל ב,IL,רוטב צ'ילי מתוק,גרמים,300.00,100 גרם,false,1,12.90,4.30,true,1,
7290112358233,false,רוטב צ'ילי חריף יד מרדכי 300 גרם,"בית אל מזון בע""מ",IL,רוטב צ'ילי חריף,גרמים,300.00,100 גרם,false,1,12.90,4.30,true,1,
7290112358240,false,רוטב גריל יד מרדכי 300 גרם,"בית אל מזון בע""מ",IL,רוטב גריל,גרמים,300.00,100 גרם,false,1,12.90,4.30,true,1,
7290112358431,false,עד חצות דאבל ביסקוויט עם שוקולד חלב -8 אריזות אישיות,ביסקוויטס טור ד'\אלבון,FR,עד חצות דאבל,גרמים,200.00,100 גרם,false,1,12.90,6.45,true,1,
7290112358554,false,מארז קפה נמס מנות אישיות לדרך 50.4 גר,שטראוס רומניה,RO,נמס לדרך מארז,גרמים,50.00,100 גרם,false,1,9.90,19.80,true,1,
7290112359353,false,קפה טורקי אלדין עלית 200 גרם.,שטראוס קפה בי.וי,IL,קפה טורקי אלדין,גרמים,200.00,100 גרם,false,1,19.90,9.95,true,1,
7290112359902,false,"קפה פלטינום ברזיל עלית, 47 גרם","אינסטנטבה בע""\מ",PL,פלטינום ברזיל47ג,גרמים,47.00,100 גרם,false,1,8.90,18.94,true,1,
7290112490209,false,נמס בכוס מרק עגבניות עם קרוטונים רכיבים טבעיים,יוניליוור ישראל מזון בעמ,IL,מרק נמס בכוס,גרמים,56.00,100 גרם,false,1,6.90,12.32,true,1,
7290112490216,false,מרק נמס בכוס בטעם עוף קנור 100% רכיבים טבעיים,יוניליוור ישראל מזון בעמ,IL,מרק נמס בכוס,גרמים,48.00,100 גרם,false,1,6.90,14.38,true,1,
7290112490650,false,קונפיטורה תות שדה 340 גרם-צנצנת,קונפיטורות לה-ארדניי,BE,קונפיטורת תות,גרמים,340.00,100 גרם,false,1,12.90,3.79,true,1,
7290112490667,false,קונפיטורה משמש778 50% פרי 340 גר',יוניליוור מזון,BE,קונפיטורה 778,גרמים,340.00,100 גרם,false,1,12.90,3.79,true,1,
7290112490728,false,מרק עשיר ירקות עם בורגול רכיבים טבעיים 95 ג' קנור,יוניליוור ישראל מזון בעמ,IL,מרק עשיר ירקות,גרמים,95.00,100 גרם,false,1,11.90,12.53,true,1,
7290112490827,false,תרסיס ריחני למייבש הכביסה בדין בייבי 500,"זוהר דליה, קיבוץ דליה, 1",IL,תרסיס בדין בייבי,מיליליטרים,500.00,"100 מ""ל",false,1,16.90,3.38,true,1,
7290112491695,false,קונפיטורה משמש לייט 50%778פרי 260 גר',יוניליוור מזון,BE,קונפיטורה משמש,גרמים,260.00,100 גרם,false,1,12.90,4.96,true,1,
7290112491701,false,ברנפלקס בטעם וניל מעודן 20% חלבון Extra Protein,יוניליוור ישראל מזון בעמ,IL,ברנפלקס אקסטרה,גרמים,375.00,100 גרם,false,1,19.90,5.31,true,1,
7290112492449,false,פינוק שמפו שיער רגיל 700 מל-חדש,יוניליוור ישראל טיפוח אי,IL,שמפו לשיער רגיל,מיליליטרים,700.00,"100 מ""ל",false,1,11.90,1.70,true,1,
7290112492500,false,פינוק שמפו לשיער עם שמן קוקוס 700 מל,"יוניליור ישראל, טיפו",IL,שמפו פינוק,מיליליטרים,700.00,"100 מ""ל",false,1,11.90,1.70,true,1,
7290112492548,false,"מרכך פינוק עם שמן חוחובה 700 מ""ל",יוניליוור פארם,IL,מרכך פינוק,מיליליטרים,700.00,"100 מ""ל",false,1,11.90,1.70,true,1,
7290112492593,false,תחליב רחצה פינוק בניחוח פינוק קלאסי 700,יוניליוור ישראל טיפוח אי,IL,תחליב רחצה פינוק,מיליליטרים,700.00,"100 מ""ל",false,1,10.90,1.56,true,1,
7290112492609,false,"תחליב רחצה פינוק 700 מ""ל לבנדר ווניל",יוניליוור ישראל טיפוח אי,IL,תחליב רחצה פינוק,מיליליטרים,700.00,"100 מ""ל",false,1,10.90,1.56,true,1,
7290112492715,false,"פינוק שמפו ללא דמעות לסירוק קל לילדים 700 מ""ל",יוניליוור ישראל טיפוח אי,IL,שמפו פינוק ילדים,מיליליטרים,700.00,"100 מ""ל",false,1,13.90,1.99,true,1,
7290112493071,false,מרק עדשים כתום רכ.טבעי85,יוניליוור ישראל מזון בעמ,IL,מרק עשיר עדשים,גרמים,85.00,100 גרם,false,1,11.90,14.00,true,1,
7290112493293,false,קנור - נמס ירקות וקרוטונים ר.טבעי 44 גרם,יוניליוור ישראל מזון בעמ,IL,נמס בכוס,גרמים,44.00,100 גרם,false,1,6.90,15.68,true,1,
7290112493316,false,מרק היום אפונה ר.טבעיים קנור 117 גרם,יוניליוור ישראל מזון בעמ,IL,מרק עשיר אפונה,גרמים,117.00,100 גרם,false,1,11.90,10.17,true,1,
7290112493927,false,גלידה בטעם ריבת חלב 1.33ל' קרמיסימו,"גלידת שטראוס בע""\מ, רחוב",IL,קרמיסימו ריבת חל,ליטרים,1.33,ליטר,false,1,18.90,14.21,true,1,
7290112493934,false,גלידה וניל צרפתי 1.33ל' קרמיסימו,"גלידת שטראוס בע""\מ, רחוב",IL,קרמיסימו וניל צר,ליטרים,1.33,ליטר,false,1,18.90,14.21,true,1,
7290112494351,false,תלמה קורנפלקס של אלופים 850 גרם,"יוניליוור שפע ישראל בע""\",IL,קורנפלקס אלופים,גרמים,850.00,100 גרם,false,1,17.60,2.07,true,1,
7290112494382,false,פירה בטעם ביתי 260 גרם-קופסא,יוניליוור ישראל מזון בע\,IL,פירה בטעם ביתי,גרמים,260.00,100 גרם,false,1,11.90,4.58,true,1,
7290112494832,false,תרחיץ פנים לכל סוגי העור מכיל 25% קרם לחות,יוניליוור ישראל טיפוח אי,IL,דאב תרחיץ פנים,מיליליטרים,180.00,"100 מ""ל",false,1,12.90,7.17,true,1,
7290112495006,false,כריות - כריות נוגט 686 גרם,"יוניליוור ישראל מזון בע""",IL,כריות נוגט,גרמים,686.00,100 גרם,false,1,24.90,3.63,true,1,
7290112495037,false,דגני בוקר בטעם שוקולד כדורים 375 ג' קוקומן,יוניליוור שפע ישראל בעמ,IL,קוקומן כדורים,גרמים,375.00,100 גרם,false,1,18.90,5.04,true,1,
7290112495044,false,ציפי (פצפוצים) גריין בדצ 500גר,"יוניליור שפע ישראל בע""\מ",IL,קוקומן פצפוצים,גרמים,375.00,100 גרם,false,1,18.90,5.04,true,1,
7290112495112,false,נשנושים טעם זעתר בייגל בייגל 260 גרם,בייגל את בייגל מזון 198),IL,נשנושים זעתר,גרמים,260.00,100 גרם,false,1,12.70,4.88,true,1,
7290112495143,false,נשנושי קרקר קוקטייל מלוח בייגל בייגל 300 גרם,בייגל את בייגל מזון 198),IL,נשנושי קרקר,גרמים,300.00,100 גרם,false,1,12.90,4.30,true,1,
7290112495150,false,נשנושי קרקר עיגולים מלח בייגל בייגל 300 גרם,בייגל את בייגל מזון 198),IL,נשנושי קרקר,גרמים,300.00,100 גרם,false,1,12.90,4.30,true,1,
7290112495228,false,קורנפלקס נגיעות דבש תלמה 448 גרם,"יוניליוור שפע ישראל בע""\",IL,קורנפלקס דבש,גרמים,448.00,100 גרם,false,1,18.70,4.17,true,1,
7290112495280,false,ריבועי ברנפלקס קינמון תלמה 400 גרם,"יוניליוור שפע ישראל בע""\",IL,ברנפלקס קינמון,גרמים,400.00,100 גרם,false,1,18.90,4.73,true,1,
7290112495754,false,"רטבי הלמנס לסלט 300 מ""ל אלף האיים",יוניליוור ישראל מזון בעמ,IL,רוטב אלף האיים,גרמים,305.00,100 גרם,false,1,10.90,3.57,true,1,
7290112495785,false,רוטב לסלט שום הלמנס 300ג,יוניליוור ישראל מזון בעמ,IL,רוטב שום לסלט,גרמים,300.00,100 גרם,false,1,10.90,3.63,true,1,
7290112495808,false,"רטבי הלמנס לסלט 300 מ""ל חרדל ודבש",יוניליוור ישראל מזון בעמ,IL,רוטב חרדל ודבש,גרמים,305.00,100 גרם,false,1,10.90,3.57,true,1,
7290112495815,false,"רוטב חרדל ודבש לייט הלמנס 305 גרם בד""צ.",יוניליוור ישראל מזון בעמ,IL,רוטב חרדל ודבש,גרמים,305.00,100 גרם,false,1,10.90,3.57,true,1,
7290112495976,false,פריכיות אורז בציפוי שוקולד חלב 35גר-חדש,"גוד פוד פרודקטס ,Sp.zo.o",PL,פריכיות מצופות,גרמים,35.00,100 גרם,false,1,4.90,14.00,true,1,
7290112495983,false,פרכיות פתיתבציפוי שוקולד חלב ושבבי קרמל מלוח 39 גר',"גוד פוד פרודקטס ,Sp.zo.o",PL,פריכיות שוקולד,גרמים,39.00,100 גרם,false,1,4.90,12.56,true,1,
7290112496027,false,סירופ שוקולד אפיכל 580 גרם,יוניליוור ישראל מזון בע\,IL,סירופ בטעם שוקול,גרמים,580.00,100 גרם,false,1,12.90,2.22,true,1,
7290112496218,false,קנור רוטב טריאקי הפחתה של מעל 50% סוכר ונתרן 310 ג',יוניליוור ישראל מזון בעמ,IL,רוטב טריאקי,גרמים,370.00,100 גרם,false,1,10.90,2.95,true,1,
7290112496287,false,פתית - צ'יפס בטטה בטעם טבעי 21 גרם,JLM גלובל פודסn37\ דרך א,GB,פתית צ'יפס,גרמים,21.00,100 גרם,false,1,4.90,23.33,true,1,
7290112496294,false,חטיף פתית צ'יפס עם אפונה ירוקה צהובה וצ'ילי,JLM גלובל פודסn37\ דרך א,GB,פתית צ'יפס,גרמים,22.00,100 גרם,false,1,4.90,22.27,true,1,
7290112496430,false,קנור נמס בכוס אקסטרה עגבניות+איטריות 37 גרם - רבנות,יוניליוור ישראל מזון בע\,IL,נמס בכוס אקסטרה,גרמים,37.00,100 גרם,false,1,4.50,12.16,true,1,
7290112496461,false,נמס בכוס אקסטרה מרק ירקות עם המון אטריות,יוניליוור ישראל מזון בע\,IL,נמס בכוס אקסטרה,גרמים,32.00,100 גרם,false,1,4.50,14.06,true,1,
7290112497123,false,סחלב תערובת להכנת מעדן בטעם סחלב 112גרם,יוניליוור ישראל מזון בע\,IL,תערובת לסחלב,גרמים,112.00,100 גרם,false,1,11.90,10.63,true,1,
7290112497505,false,וזלין תחליב גוף בתוספת אלוורה 600 מל,"יוניליוור, ג'פרסון סיטי,",US,קרם גוף ואזלין,מיליליטרים,600.00,"100 מ""ל",false,1,19.90,3.32,true,1,
7290112497710,false,פינוק בייבי שמפו אל דמע לתינוקות 700 מל,יוניליוור ישראלn\טיפוח א,IL,בייבי שמפו תינוק,מיליליטרים,700.00,"100 מ""ל",false,1,14.90,2.13,true,1,
7290112498007,false,גרנולה פרוטאין בתוספת חלבון שקדים וחמוציות תלמה 300 ג',"רפאלס בריא וטעים בע""\מ,",IL,גרנולה פרוטאין,גרמים,300.00,100 גרם,false,1,13.90,4.63,true,1,
7290112498069,false,#קוקומן ללא גלוטן כשלפ 375ג - חדש,"מולינו ניקולי ,S.p.A ויה",IT,קוקומן ללא גלוטן,גרמים,375.00,100 גרם,false,1,22.90,6.11,true,1,
7290112498274,false,פינוק אלסבון לידיים לבנדר וניל 1ליטר+משא,יוניליוור ישראל טיפוח אי,IL,אל סבון פינוק,מיליליטרים,950.00,"100 מ""ל",false,1,11.90,1.25,true,1,
7290112498526,false,"פתית צ'יפס עם בטטה סגולה בטעם שמנת ובצל, 22 גרם",JLM גלובל פודסn37\ דרך א,GB,פתית צ'יפס בטטה,גרמים,22.00,100 גרם,false,1,4.90,22.27,true,1,
7290112498748,false,מיני סולרו וניל תות שדה 350 גרם,"מיוצר ע""\י גלידת שטראוס",IL,מאגדת סולרו מיני,גרמים,350.00,100 גרם,false,1,22.90,6.54,true,1,
7290112498915,false,מאגדת מיני מגנום שקדים מובחר שטראוס 250 גרם,"מיוצר ע""\י גלידת שטראוס",IL,מיני מגנום שקדים,גרמים,250.00,100 גרם,false,1,26.90,10.76,true,1,
7290112499097,false,מאגדת מיני מגנום מריר Intense Dark! 240 גרם,"מיוצר ע""\י גלידת שטראוס",IL,מאגדת מיני מגנום,גרמים,240.00,100 גרם,false,1,26.90,11.21,true,1,
7290112499196,false,גלידה בטעם החלב של הקורנפלקס 1.33 ל' קרמיסימו,"גלידת שטראוס בע""\מ, רחוב",IL,קרמיסימו ט. חלב,ליטרים,1.33,ליטר,false,1,18.90,14.21,true,1,
7290112499448,false,"מרכך פינוק בתוספת שמן מרוקאי 700 מ""ל",יוניליוור ישראל טיפוח אי,IL,מרכך שיער פינוק,מיליליטרים,700.00,"100 מ""ל",false,1,11.90,1.70,true,1,
7290112499479,false,"פינוק - שמפו בתוספת קרטין 700 מ""ל",יוניליוור ישראל טיפוח אי,,שמפו פינוק,יחידה,1.00,יחידה,false,0,11.90,11.90,true,1,
7290112499509,false,"רקסונה - דאודורנט ספריי לאישה בניחוח אפרסק ולמון גראס 150 מ""ל",יוניליוור פארם,TR,דאו ספריי רקסונה,מיליליטרים,150.00,"100 מ""ל",false,1,13.90,9.27,true,1,
7290112499776,false,גלידת שמנת מופחתת שומן וקלוריות בטעם שוקולד לבן 240 גרם,"גלידת שטראוס בע""\מ, רח'\",IL,מאגדת גודיז 3 שו,גרמים,240.00,100 גרם,false,1,24.90,10.38,true,1,
7290112499844,false,מאגדת מיני מגנום דואט שוקולד עם נוגט שטראוס 310 גרם,"מיוצר ע""\י גלידת שטראוס",IL,מאגדת מגנום מיני,גרמים,310.00,100 גרם,false,1,26.90,8.68,true,1,
7290112499943,false,מיני מאגדת מיני מגנום טעמים שונים וניל+שוקו,"גלידות שטראוס בע""\מ, רח\",IL,מאגדת מיני מגנום,גרמים,250.00,100 גרם,false,1,26.90,10.76,true,1,
7290112961372,false,פיטנס חטיפי פריכיות דקות קינמון 60 גרם,"פרח תעשיות מזון בע""\מ",IL,פיטנס פריכיות,גרמים,60.00,100 גרם,false,1,8.90,14.83,true,1,
7290112961440,false,פיטנס חטיפי פריכיות +שוקולד מריר 84 גר',פרח תעשיות,IL,פריכיות פיטנס,גרמים,84.00,100 גרם,false,1,12.90,15.36,true,1,
7290112961464,false,פיטנס חטיפי פריכיות דגנים וחומוס מתובלות,"פרח תעשיות מזון בע""\מ",IL,חטיפי פריכיות,גרמים,60.00,100 גרם,false,1,8.90,14.83,true,1,
7290112962287,false,טבעול שווארמה טבעונית 6*450 גרם,"טבעול תעשיות מזון בע""\מ",IL,שווארמה צמחונית,גרמים,450.00,100 גרם,false,1,31.90,7.09,true,1,
7290112963918,false,פיטנס חטיפי קרקר דק רוזמרין 140 גרם,נסטלה Nestle,IL,קרקר דק פיטנס,גרמים,140.00,100 גרם,false,1,11.90,8.50,true,1,
7290112964410,false,אסם רוטב אלף האיים חדש לסלט 290 גרם,"אסם תעשיות בע""מ",IL,רוטב אלף האיים,גרמים,290.00,100 גרם,false,1,10.90,3.76,true,1,
7290112964472,false,אסם רוטב שום חדש לסלט 290 גרם,"אסם תעשיות בע""מ",IL,רוטב שום,גרמים,290.00,100 גרם,false,1,10.90,3.76,true,1,
7290112964564,false,"רוטב אלף האיים לייט לסלט 290 מ""ל אסם","אסם תעשיות בע""מ",IL,רוטב אלף האיים,גרמים,295.00,100 גרם,false,1,10.90,3.69,true,1,
7290112964724,false,המבורגר צמחוני עם המון חלבון 580 גר,מיוצר עי קונדיטוריית,IL,המבורגר צמחוני,גרמים,580.00,100 גרם,false,1,31.90,5.50,true,1,
7290112965288,false,מרק נמס ירקות אסם בדצ 56 גרם מארז זוגי,"אסם תעשיות בע""מ",IL,זוג מרק נמס,גרמים,56.00,100 גרם,false,1,5.90,10.54,true,1,
7290112965585,false,פרפקטו פסטה קסרצה אסם 500 גרם,אסם פרפקטו Perfecto,IT,פסטה פרפקטו,גרמים,500.00,100 גרם,false,1,6.90,1.38,true,1,
7290112965660,false,פיטנס - חטיף מולטיגריין מלח פלפל 25 גרם,מיוצר עי קונדיטוריית,IL,חטיף פיטנס מלח,גרמים,25.00,100 גרם,false,1,4.90,19.60,true,1,
7290112965684,false,פיטנס - חטיף מולטיגריין עשבי תיבול 25 גרם,מיוצר עי קונדיטוריית,IL,חטיף פיטנס,גרמים,25.00,100 גרם,false,1,4.90,19.60,true,1,
7290112965707,false,פיטנס - חטיף מולטיגריין צילי מעודן 25 גרם,"אסם השקעות בע""\מ",IL,חטיף פיטנס צ'ילי,גרמים,25.00,100 גרם,false,1,4.90,19.60,true,1,
7290112965745,false,אוסם - ביסלי פריסטייל בצל מעושן 60 גרם,"אסם השקעות בע""\מ",IL,ביסלי פריסטייל,גרמים,60.00,100 גרם,false,1,4.40,7.33,true,1,
7290112965967,false,טבעול נאגטס ירקות כתומים 500 גרם,"טבעול תעשיות מזון בע""\מ",IL,נאגטס ירקות כתומ,גרמים,500.00,100 גרם,false,1,31.90,6.38,true,1,
7290112966094,false,עוגת הבית תפוז מופחת סוכר אסם 400 גרם,מיוצר עי קונדיטוריית,IL,עוגת תפוז,גרמים,400.00,100 גרם,false,1,11.90,2.98,true,1,
7290112966803,false,אסם פודינג אינסטנט שוקולד 88 גרם,"אסם השקעות בע""\מ",IL,פודינג שוקולד,גרמים,88.00,100 גרם,false,1,5.50,6.25,true,1,
7290112966841,false,אינסטנט פודינג בטעם שוקולד מריר 95 גרם,מיוצר עי קונדיטוריית,IL,פודינג שוקולד,גרמים,90.00,100 גרם,false,1,5.50,6.11,true,1,
7290112967381,false,פיטנס חטיפי פריכיות קטניות ומלח ים 60 גרם,"פרח תעשיות מזון בע""\מ",IL,חטיפי פריכיות,גרמים,60.00,100 גרם,false,1,8.90,14.83,true,1,
7290112968807,false,פיטנס - קרקר דק סלק 140 גרם,מפעל אסם יקנעם,IL,קרקר דק פיטנס,גרמים,140.00,100 גרם,false,1,11.90,8.50,true,1,
7290112968821,false,פיטנס - קרקר דק בטטה 140 גרם,מפעל אסם יקנעם,IL,קרקר דק פיטנס,גרמים,140.00,100 גרם,false,1,11.90,8.50,true,1,
7290112969002,false,"אינסטנט פודינג פיסטוק אסם 80 גרם בד""ץ",מיוצר עי קונדיטוריית,IL,אינסטנט פודינג,גרמים,80.00,100 גרם,false,1,5.50,6.88,true,1,
7290112969903,false,טבעול נאגטס ירקות לבנים 6*500גרם,טבעול תעשיות מזון בע,IL,נאגטס ירקות לבני,גרמים,500.00,100 גרם,false,1,31.90,6.38,true,1,
7290113190375,false,סילאן טבעי שקדיה 900 גרם,ג.מ. טעם הארץ,TR,"סילאן טבעי ללת""ס",גרמים,900.00,100 גרם,false,1,19.90,2.21,true,1,
7290113190450,false,ממרח תמרים שאן 450 גרם,"תמר העמקים בע""מ",IL,ממרח תמרים,גרמים,450.00,100 גרם,false,1,5.90,1.31,true,1,
7290113190863,false,סילאן טבעי לחיץ שקדיה 385 גרם,שקדיה,IL,סילאן שקדיה,גרמים,385.00,100 גרם,false,1,14.90,3.87,true,1,
7290113191051,false,כורכום יוחאי ביטון 250 גרם,נווה התבלין,IL,כורכום טחון,גרמים,250.00,100 גרם,false,1,19.90,7.96,true,1,
7290113191099,false,"סירופ מייפל טהור 250 מ""ל","קופרדקס איי פי אם בע""\מ",DK,סירופ מייפל טהור,מיליליטרים,250.00,"100 מ""ל",false,1,19.90,7.96,true,1,
7290113191907,false,טורטיה להכנת פיצה שקדיה 400 גרם,אלקטי קוראבייכיסיגידה טו,TR,טורטיה חיטה להכ,גרמים,440.00,100 גרם,false,1,9.90,2.25,true,1,
7290113191938,false,"סירופ רוזטה בטעם שקדים 750 מ""ל","פוליבה בע""ם",IL,סירופ רוזטה,מיליליטרים,750.00,"100 מ""ל",false,1,16.90,2.25,true,1,
7290113192102,false,"דפי אורז עגול קטן 16 ס""מ שקדיה 250 גרם",דין שיווק,VN,דפי אורז עגול,גרמים,250.00,100 גרם,false,1,9.90,3.96,true,1,
7290113192201,false,תערובת להכנת סחלב 500 גרם ששון הקולה,"י. כהן בע""מ",IL,סחלב להכנה מהירה,גרמים,500.00,100 גרם,false,1,14.90,2.98,true,1,
7290113192218,false,תערובת להכנת מלבי 500 גרם ששון הקולה,"שקדיה גבע תעשיות בע""",IL,מלבי להכנה מהירה,גרמים,500.00,100 גרם,false,1,14.90,2.98,true,1,
7290113192324,false,זיתים ירוקים שלמים בינוניים בית השיטה,בית-השיטה עסיס תעשיות מז,IL,זיתים ירוקים,גרמים,560.00,100 גרם,false,1,10.60,1.89,true,1,
7290113192331,false,בית השיטה זיתים ירוקים גדולים 340 גרם*,בית-השיטה עסיס תעשיות מז,IL,זיתים ירוק גדול,גרמים,560.00,100 גרם,false,1,9.70,1.73,true,1,
7290113192348,false,בית השיטה זיתים ירוקים גדול מאודבטעם שום,בית-השיטה עסיס תעשיות מז,IL,זיתים טעם שום,גרמים,560.00,100 גרם,false,1,9.70,1.73,true,1,
7290113192355,false,חרוזית זיתים ירוקים ללא גלעין 275 ג' בית השיטה,בית-השיטה עסיס תעשיות מז,IL,זיתים חרוזית,גרמים,560.00,100 גרם,false,1,10.30,1.84,true,1,
7290113192362,false,זיתים ירוקים טבעות A2 בית השיטה 280 גרם,בית-השיטה עסיס תעשיות מז,IL,טבעות זיתים ירוק,גרמים,560.00,100 גרם,false,1,10.60,1.89,true,1,
7290113192393,false,בית השיטה קוקטייל זיתים א2 336 גרם,בית-השיטה עסיס תעשיות מז,IL,קוקטייל זיתים,גרמים,560.00,100 גרם,false,1,11.90,2.13,true,1,
7290113192478,false,בית השיטה מלפפונים במלח בינוני 10-12 320 גרם,בית-השיטה עסיס תעשיות מז,IL,מלפפונים במלח,גרמים,560.00,100 גרם,false,1,7.60,1.36,true,1,
7290113192485,false,בית השיטה מלפפונים בחומץ בינוני 10-12 290 גרם,בית-השיטה עסיס תעשיות מז,IL,מלפפונים בחומץ,גרמים,560.00,100 גרם,false,1,7.60,1.36,true,1,
7290113192492,false,בית השיטה מלפפונים בחומץ קטנים 1317 290 גרם,בית-השיטה עסיס תעשיות מז,IL,מלפפונים בחומץ,גרמים,560.00,100 גרם,false,1,10.90,1.95,true,1,
7290113192508,false,בית השיטה מלפפונים במלח קטן 1317 320 גרם,בית-השיטה עסיס תעשיות מז,IL,מלפפונים מלח קטן,גרמים,560.00,100 גרם,false,1,10.90,1.95,true,1,
7290113192515,false,בית השיטה מלפפונים במלח קטן מאוד 1825 320 גרם,בית-השיטה עסיס תעשיות מז,IL,מלפפון במלח,גרמים,560.00,100 גרם,false,1,12.90,2.30,true,1,
7290113192522,false,בית השיטה מלפפונים בחומץ קטן מאוד 1825 290 גרם,בית-השיטה עסיס תעשיות מז,IL,מלפפונים בחומץ,גרמים,560.00,100 גרם,false,1,12.90,2.30,true,1,
7290113192539,false,בית השיטה מלפפונים במלח גדול 79 320 גרם,בית-השיטה עסיס תעשיות מז,IL,מלפפון במלח,גרמים,560.00,100 גרם,false,1,6.90,1.23,true,1,
7290113192546,false,"מלפפונים בחומץ רכיבים טבעיים 7-9 ""בית השיטה""",בית-השיטה עסיס תעשיות מז,IL,מלפפון בחומץ,גרמים,560.00,100 גרם,false,1,6.90,1.23,true,1,
7290113192553,false,מלפפונים במלח 13-17 פיקנטי בית השיטה 320 גרם,בית-השיטה עסיס תעשיות מז,IL,מלפפונים במלח,גרמים,560.00,100 גרם,false,1,10.70,1.91,true,1,
7290113192560,false,בית השיטה פלפל שיפקה חריף כבוש 230 גרם,בית-השיטה עסיס תעשיות מז,IL,פלפל שיפקה חריף,גרמים,560.00,100 גרם,false,1,7.50,1.34,true,1,
7290113192577,false,בית השיטה כרוב כבוש א2 12*430גרם חדש,"בית-השיטה תעשיות בע""\מ",IL,כרוב כבוש,גרמים,560.00,100 גרם,false,1,8.20,1.46,true,1,
7290113192881,false,"טורטיה חיטה מופחת קלוריות, קוטר 20 ס""מ - 6 יח'",דין שיווק,TR,טורטיה,גרמים,270.00,100 גרם,false,1,10.00,3.70,true,1,
7290113192997,false,בית השיטה זית מרוקאי 340 גרם*,"בית השיטה תעשיות בע""\מ",IL,זית מרוקאי,גרמים,340.00,100 גרם,false,1,13.90,4.09,true,1,
7290113193000,false,בית השיטה פלפל שיפקונית 230 גרם*,"בית השיטה תעשיות בע""\מ",IL,פלפל שיפקונית,גרמים,230.00,100 גרם,false,1,11.90,5.17,true,1,
7290113193017,false,בית השיטה חרוזית קוקטייל זיתים 275 גרם,"בית השיטה תעשיות בע""\מ",IL,קוקטייל זיתים,גרמים,275.00,100 גרם,false,1,13.90,5.05,true,1,
7290113193031,false,חרוזית קלמטה - זיתים שחורים ללא גלעין קלמטה,"בית השיטה תעשיות בע""\מ",IL,זית שחור חרוזית,גרמים,560.00,100 גרם,false,1,13.90,2.48,true,1,
7290113193369,false,"תרסיס שמן קנולה מזוכך בית השיטה 150מ""ל",פוד אירוסולס ספיין,ES,תרסיס שמן קנולה,מיליליטרים,150.00,"100 מ""ל",false,1,14.90,9.93,true,1,
7290113193406,false,"קוקטייל טבעות זיתים - זיתים ירוקים, שחורים מרינד","בית השיטה תעשיות בע""\מ",IL,טבעות זיתים,גרמים,560.00,100 גרם,false,1,10.70,1.91,true,1,
7290113194090,false,בית השיטה טבעות זיתים קלמטה 280 גרם,בית השיטה תעשיות בעמ,IL,טבעות זיתי קלמטה,גרמים,560.00,100 גרם,false,1,12.90,2.30,true,1,
7290113194632,false,ממרח שקדים שקדיה 500 גרם,ג'\י אנד ג'\י פקאנס בעמ,IL,ממרח שקדים 100%,גרמים,500.00,100 גרם,false,1,49.90,9.98,true,1,
7290113195066,false,חלבה טורקית בטעם וניל שקדיה 400 גרם,ח. אל עקר,IL,חלבה טורקית וניל,גרמים,400.00,100 גרם,false,1,11.90,2.98,true,1,
7290113195073,false,חלבה טורקית עם פיסטוק 400 גר,ח. אל עקר,IL,חלבה טורקית,גרמים,400.00,100 גרם,false,1,13.90,3.48,true,1,
7290113195196,false,"רסק תפוחי עץ ללת""ס 710 גרם",,PL,"רסק תפו""ע ללת""ס",גרמים,710.00,100 גרם,false,1,9.90,1.39,true,1,
7290113196414,false,"אורז בסמטי 1 ק""ג - שקדיה כחול מטאלי",דאבה סינג שאם סינג,PT,אורזבסמטי,קילוגרמים,1.00,"ק""ג",false,1,9.80,9.80,true,1,
7290113196780,false,ב.ה. זיתים ירוקים מבוקעים באלדי 900גרם,"בית השיטה תעשיות בע""\מ",IL,זית ירוק מבוקע,גרמים,900.00,100 גרם,false,1,21.90,2.44,true,1,
7290113197169,false,חמאת בוטנים טבעית 510 גר,סופר נוטרי פודס,IN,חמאת בוטנים,גרמים,510.00,100 גרם,false,1,15.90,3.12,true,1,
7290113197176,false,חמאת בוטנים עם שבבים 510 גר,סופר נוטרי פודס,IN,חמאת בוטנים,גרמים,510.00,100 גרם,false,1,15.90,3.12,true,1,
7290113199323,false,טורטיה מיני שקדיה 150 גרם,אלקטי קוראבייכיסיגידה טו,TR,עלי טורטילוס,גרמים,150.00,100 גרם,false,1,15.90,10.60,true,1,
7290113199767,false,ממרח שקדים 300 גרם השקדיה,פפאיינס,GR,ממרח שקדים 100%,גרמים,300.00,100 גרם,false,1,27.90,9.30,true,1,
7290113199859,false,מגש אירוח סוכריות גומי 350 ג' שקדיה,טופגאם תעשיות ממתקים,IL,מגש סוכריות גומי,גרמים,350.00,100 גרם,false,1,12.90,3.69,true,1,
7290113199866,false,מגש אירוח אגוזים קלויים וחטיפים מלוחים מקל 450 ג',דין שיווק,IL,מגש אירוח אגוזים,גרמים,450.00,100 גרם,false,1,29.90,6.64,true,1,
7290113199873,false,מגש אירוח אגוזים מלוחים,דין שיווק,IL,מגש אירוח אגוזים,גרמים,200.00,100 גרם,false,1,12.90,6.45,true,1,
7290113560055,false,פרודונטקס מי פה טיפול יומי לחניכיים 500,"מאסטרפוד אוסטריה בע""מ",GB,פרודונטקס מי פה,מיליליטרים,500.00,"100 מ""ל",false,1,29.90,5.98,true,1,
7290113560109,false,פרודונטקס מ.שיניים בטעם צמחי 75 מל,פרודונטקס Parodontax,SK,משחה פרודונטקס,מיליליטרים,75.00,"100 מ""ל",false,1,30.90,41.20,true,1,
7290113560277,false,זוג מברשות שיניים רפיד רליף סנסודיין,גלקסוס סמית קליין,GB,מברשות רפיד 2 יח,יחידה,1.00,יחידה,false,1,29.90,29.90,true,1,
7290113620056,false,"שמן זית כתית 750 מ""ל",,ES,שמן זית כתית,מיליליטרים,750.00,"100 מ""ל",false,1,34.90,4.65,true,1,
7290114160742,false,"סכו""ם מעורב 100 יחידות",,IL,"סכו""ם מעורב",יחידה,1.00,יחידה,false,1,15.00,15.00,true,1,
7290114310215,false,"שמנת מתוקה 38% רמת הגולן 250 מ""ל ווסטהיים - מוצר בפיקוח",מילקו תעשיות בעמ,IL,שמנת מתוקה 38%,מיליליטרים,250.00,"100 מ""ל",false,1,6.47,2.59,true,1,
7290114320191,false,קרמאמא שום שמיר 240 גרם,מאמא קיו,IL,קרמאמא שום שמיר,גרמים,240.00,100 גרם,false,1,15.90,6.63,true,1,
7290114320207,false,מאמא קיו קרמאמה זיתי,מאמא קיו,IL,קראמאמא זיתים,גרמים,240.00,100 גרם,false,1,15.90,6.63,true,1,
7290114320214,false,קרמאמא מעושנת בצל 240גרם,מאמא קיו,IL,קרמאמא מעושנת,גרמים,240.00,100 גרם,false,1,15.90,6.63,true,1,
7290114320238,false,גליל טבעוני גב.עיזים160ג,מאמא קיו,IL,גליל טבעוני,גרמים,160.00,100 גרם,false,1,15.90,9.94,true,1,
7290114320245,false,גליל טבעוני בטעם טבעי160,מאמא קיו,IL,גליל טבעוני,גרמים,160.00,100 גרם,false,1,15.90,9.94,true,1,
7290114320252,false,גליל טבעוני תוספת חלפניו,מאמא קיו,IL,גליל טבעוני,גרמים,160.00,100 גרם,false,1,15.90,9.94,true,1,
7290114320269,false,גליל טבעוני ט.פלפל קלוי,מאמא קיו,IL,גליל טבעוני,גרמים,160.00,100 גרם,false,1,15.90,9.94,true,1,
7290114320276,false,גליל טבעוני תוספת עגבניה,מאמא קיו,IL,גליל טבעוני,גרמים,160.00,100 גרם,false,1,15.90,9.94,true,1,
7290114600750,false,קו-קווים חטיף אפוי עם גבינת פקורינו - חלבי,הדקלאים אגודת שיתופי,IT,חטיף אפוי פיקורי,גרמים,150.00,100 גרם,false,1,11.90,7.93,true,1,
7290114600927,false,מאסטר שף עלי טורטייה חיטה מלאה 320 גרם,אלקאטי קורביישיסי גי,ES,טורטיה חיטה מלאה,גרמים,320.00,100 גרם,false,1,10.90,3.41,true,1,
7290114600941,false,מאסטר שף מיונז הולנדי לחיץ 435 גרם,קפה לנדוור,NL,מיונז לחיץ,גרמים,435.00,100 גרם,false,1,12.90,2.97,true,1,
7290114602778,false,פרי סלייסים צ'יפס ירקות שורש 90 גרם,פלפר אפרטיבוס,ES,סלייסים צ'יפס,גרמים,90.00,100 גרם,false,1,12.90,14.33,true,1,
7290114603768,false,"מארז אג'קס כלורון נוזל לניקוי אסלות 750 מ""ל*2 יח'",קולגייט פלמוליב,FR,אג'קס לאסלה 2 יח,מיליליטרים,1500.00,"100 מ""ל",false,1,24.90,1.66,true,1,
7290114604840,false,דפי אורז קוטר 16 מאסטר שף 400 ג',מאסטר שף,VN,דפי אורז,יחידה,1.00,יחידה,false,1,11.90,11.90,true,1,
7290114604895,false,ממרח ספייסי לחיץ מאסטר שף 446 גרם,מאסטר שף,NL,ממרח ספייסי לחיץ,גרמים,446.00,100 גרם,false,1,13.90,3.12,true,1,
7290114604901,false,ממרח שום לחיץ מאסטר שף 444 גרם,מאסטר שף,NL,ממרח שום לחיץ,גרמים,444.00,100 גרם,false,1,13.90,3.13,true,1,
7290114604925,false,"מאסטר שף אסייאתי קרם קוקוס לייט 400 מ""ל","תאי קוקונאט חברה בע""",TH,קרם קוקוס לייט,מיליליטרים,400.00,"100 מ""ל",false,1,8.90,2.23,true,1,
7290114604932,false,רוטב ברביקיו דבש מאסטר שף 520 גרם,רמיה סי.וי. הולנד,NL,רוטב ברביקיו דבש,גרמים,520.00,100 גרם,false,1,12.90,2.48,true,1,
7290114604949,false,מאסטר שף רוטב ברביקיו 524 גרם,רמיה סי.וי. הולנד,NL,רוטב ברביקיו,גרמים,524.00,100 גרם,false,1,12.90,2.46,true,1,
7290114606547,false,מיונז פטריות כמהין לחיץ מאסטר שף 242 גרם,מאסטר שף,NL,מיונז עם כמהין,גרמים,242.00,100 גרם,false,1,12.90,5.33,true,1,
7290114606554,false,מיונז מופחת קלוריות בקבוק לחיץ,מאסטר שף,NL,ממרח מיונז לייט,גרמים,470.00,100 גרם,false,1,13.90,2.96,true,1,
7290114606608,false,רוטב סויה מסורתי מאסטר שף דל נתרן 40 דל נתרן,קריניציה ויטמינה אס,TH,רוטב סויה,מיליליטרים,620.00,"100 מ""ל",false,1,15.90,2.56,true,1,
7290114607391,false,"קולגייט משחת לילדים ברבי 2-5 שנים, 75 מ""ל",קולגייט פלמוליב,MX,קולגייט מינייוני,מיליליטרים,75.00,"100 מ""ל",false,1,12.90,17.20,true,1,
7290114608633,false,"דפי אצה מאסטר שף, 25 גרם",גרימי קו,VN,דפי אצות,גרמים,25.00,100 גרם,false,1,11.90,47.60,true,1,
7290114608695,false,מיונז עם ווסאבי לחיץ מאסטר שף 241 גרם,רמיה סי.וי,NL,מיונז עם ווסאבי,גרמים,241.00,100 גרם,false,1,12.90,5.35,true,1,
7290114821469,false,"כבד דג שיבוט מעושן במיץ טבעי, 120 גרם",סטארקיסט,IS,כבד דג מעושן,גרמים,120.00,100 גרם,false,1,13.90,11.58,true,1,
7290115073676,false,מסכה לפנים חד פעמי 50 יח צבעוניות,שמחה זה אנחנו,CN,מסכת פנים חד פעמ,יחידה,1.00,יחידה,false,1,9.90,9.90,true,1,
7290115190007,false,מרלבורו אדום בוקס פא,פיליפ מוריס,TR,מרלבורו רד קצר,יחידה,1.00,יחידה,false,1,349.00,349.00,false,1,
7290115190014,false,סיגריות מרלבורו רד קצר בוקס,פיליפ מוריס,IL,מרלבורו רד קצר,יחידה,1.00,יחידה,false,1,36.50,36.50,false,1,
7290115190090,false,סיגריות מרלבורו קצר בוקס בודד,פיליפ מוריס,US,מרלבורו גולד קצר,יחידה,1.00,יחידה,false,1,36.50,36.50,false,1,
7290115190137,false,סיגריות מרלבורו טאצ סילבר יחידה,פיליפ מוריס,IL,מרלבורו פיין טאץ,יחידה,1.00,יחידה,false,1,34.00,34.00,false,1,
7290115190151,false,סיגריות מרלבורו טאצ גולד,פיליפ מוריס,IL,מרלבורו גולד טאץ,יחידה,1.00,יחידה,false,1,34.00,34.00,false,1,
7290115190182,false,פאקט פרלמנט ארוך נייט,פיליפ מוריס,TR,פרלמנט נייט ארוך,יחידה,1.00,יחידה,false,1,398.00,398.00,false,1,
7290115190212,false,סיגריות פרלמנט בלו 100 BR בודד,פיליפ מוריס,PL,פרלמנט בלו ארוך,יחידה,1.00,יחידה,false,1,42.50,42.50,false,1,
7290115190250,false,סיגריות פרלמנט קצר בודד,פיליפ מוריס,US,פרלמנט נייט קצר,יחידה,1.00,יחידה,false,1,42.50,42.50,false,1,
7290115190335,false,ל.מ.בלו לייבל ארוך בוקס חפיסה,פיליפ מוריס,TR,אל אם בלו ארוך,יחידה,1.00,יחידה,false,1,34.50,34.50,false,1,
7290115190359,false,סיגריות L.M בלו לייבל קצר,פיליפ מוריס,US,אל אם בלו קצר,יחידה,1.00,יחידה,false,1,34.50,34.50,false,1,
7290115190434,false,סיגריות L.M וייב סלימס בודד,פיליפ מוריס,US,אל אם וויב סלימס,יחידה,1.00,יחידה,false,1,34.50,34.50,false,1,
7290115190441,false,סיגריות נקסט אדג פקט,פיליפ מוריס,TR,פאקט נקסט אדג',יחידה,1.00,יחידה,false,1,257.00,257.00,false,1,
7290115190458,false,סיגריות נקסט פיין אדג' בודד,פיליפ מוריס,TR,נקסט אדג',יחידה,1.00,יחידה,false,1,26.50,26.50,false,1,
7290115190502,false,סיגריות נקסט פיין 10 יח,פיליפ מוריס,TR,נקסט פיין,יחידה,1.00,יחידה,false,1,277.00,277.00,false,1,
7290115190519,false,סיגריות נקסט פיין חפ,פיליפ מוריס,PL,נקסט פיין חפ,יחידה,1.00,יחידה,false,1,32.50,32.50,false,1,
7290115200003,false,פתי בר פינוקי וניל אסם 220 גרם,תאי פרזידנט פוד פאבל,PL,פתיבר פינוקים,גרמים,220.00,100 גרם,false,1,10.90,4.95,true,1,
7290115200027,false,אסם פתי בר פינוקים שוקו 220 גרם,קריות זול,PL,פתיבר פינוקים,גרמים,220.00,100 גרם,false,1,10.90,4.95,true,1,
7290115200676,false,עוגיות קרמוגית במילוי קרם בטעם קרמל מלוח,"הגביע מוצרי וופלים בע""\מ",IL,קרמוגית קרמל,גרמים,200.00,100 גרם,false,1,10.90,5.45,true,1,
7290115200713,false,במבה קלאסי מארז אחיד 8 50*5 ג',"אסם השקעות בע""\מ",IL,במבה קלאסי 5 יח,גרמים,250.00,100 גרם,false,1,12.50,5.00,true,1,
7290115201031,false,אסם פתי בר דובי שוקולד 175 גרם,טרופיקל דגיל תעשיות,PL,פתיבר דובי שוקול,גרמים,175.00,100 גרם,false,1,10.90,6.23,true,1,
7290115201451,false,טבעול גורמה לביבות בטטה קארי 455 גרם,טבעול )מקבוצת אסם השקעות,IL,לביבות בטטה קארי,גרמים,455.00,100 גרם,false,1,34.90,7.67,true,1,
7290115201536,false,"טבעול גורמה לביבות כרובית ותפו""א 442 גרם",טבעול )מקבוצת אסם השקעות,IL,לביבות כרובית ות,גרמים,442.00,100 גרם,false,1,34.90,7.90,true,1,
7290115201680,false,ביסלי בטעם ברביקיו אסם 70 גרם,"אסם השקעות בע""\מ",IL,ביסלי ברביקיו,גרמים,70.00,100 גרם,false,1,4.40,6.29,true,1,
7290115201703,false,ביסלי ברביקיו גדול אסם 200 גרם,מיוצר עי קונדיטוריית,IL,ביסלי ברביקיו,גרמים,200.00,100 גרם,false,1,7.50,3.75,true,1,
7290115201727,false,ביסלי חטיף בטעם בצל אסם 200 גרם,מיוצר עי קונדיטוריית,IL,ביסלי בצל,גרמים,200.00,100 גרם,false,1,7.50,3.75,true,1,
7290115201741,false,ביסלי בטעם בצל אסם 70 גרם,"אסם השקעות בע""\מ",IL,ביסלי בצל,גרמים,70.00,100 גרם,false,1,4.40,6.29,true,1,
7290115202236,false,טופו קראנצ'ים טבעול 470 גרם,עיצובים 2020 (4.8),IL,טופו קראנצ'ים,גרמים,470.00,100 גרם,false,1,31.90,6.79,true,1,
7290115202786,false,מנה חמה פאוצ' נדלס.אטר.טעם בקר 70 גרם,תאי פרזידנט,TH,מנה חמה פאוצ',גרמים,70.00,100 גרם,false,1,4.90,7.00,true,1,
7290115202816,false,מנה חמה פאוץ נודלס אטריות טעם עוף 70 גרם,תאי פרזידנט,TH,מנה חמה פאוצ',גרמים,70.00,100 גרם,false,1,4.90,7.00,true,1,
7290115202847,false,מנה חמה פאוצ נודלס אטריות ספייסי,תאי פרזידנט,TH,מנה חמה פאוצ',גרמים,70.00,100 גרם,false,1,4.90,7.00,true,1,
7290115203134,false,פופקו פופקורן במבה אסם 80 גרם,"אסם השקעות בע""\מ",IL,פופקו פופקורן,גרמים,80.00,100 גרם,false,1,5.40,6.75,true,1,
7290115203172,false,במבה PRO מכיל 18 גרם חלבון בשקית,"אסם השקעות בע""\מ",IL,חטיף במבה פרו,גרמים,80.00,100 גרם,false,1,4.30,5.38,true,1,
7290115204056,false,"קטשופ מופחת סוכר אסם 690 גרם כשל""פ","אסם תעשיות בע""מ",IL,קטשופ מופחת סוכר,גרמים,690.00,100 גרם,false,1,10.90,1.58,true,1,
7290115204155,false,סחוג אדום המעדנייה ש,פרסקו,IL,סחוג אדום צבר,גרמים,190.00,100 גרם,false,1,11.90,6.26,true,1,
7290115204186,false,פסטו המעדינה של צבר,פרסקו,IL,פסטו צבר,גרמים,190.00,100 גרם,false,1,14.90,7.84,true,1,
7290115204247,false,ממרח עגבניות מיובשות 190 ג' צבר,פרסקו,IL,עגבניות מיובשות,גרמים,190.00,100 גרם,false,1,14.90,7.84,true,1,
7290115204261,false,אריסה חריפה המעדנייה,פרסקו,IL,אריסה חריפה צבר,גרמים,190.00,100 גרם,false,1,11.90,6.26,true,1,
7290115205176,false,פיטנס - קרקר דק כפרי פיטנס 140 גרם,אסם יקנעם,IL,קרקר דק פיטנס,גרמים,140.00,100 גרם,false,1,11.90,8.50,true,1,
7290115205251,false,פיטנס בר פירכיות קרמל מלוח 84 גרם,פרח תעשיות,IL,פיטנס בר פריכיות,גרמים,84.00,100 גרם,false,1,12.90,15.36,true,1,
7290115205312,false,קרקר פיטנס דק עם זיתי קלמטה ועשבי תיבול,"אסם השקעות בע""\מ",IL,קרקר דק פיטנס,גרמים,140.00,100 גרם,false,1,11.90,8.50,true,1,
7290115205527,false,חטיף פיטנס מולטיגריין עם עדשים 25 גרם,"אסם השקעות בע""\מ",IL,חטיף פיטנס,גרמים,25.00,100 גרם,false,1,4.90,19.60,true,1,
7290115205541,false,חטיף פיטנס מולטיגריין עם חומוס 25 גרם,"אסם השקעות בע""\מ",IL,חטיף פיטנס,גרמים,25.00,100 גרם,false,1,4.90,19.60,true,1,
7290115205633,false,טבעול סנסשיונל/גורמה נקנקיות 350 גר',"טבעול תעשיות מזון בע""\מ",IL,נקניקיות סנסשיונ,גרמים,350.00,100 גרם,false,1,34.90,9.97,true,1,
7290115205695,false,אסם בונזור בצק מצונן לפיצה 460 גרם,נסטלה סוויס )שוויץ(,CH,בצק פיצה מצונן,גרמים,460.00,100 גרם,false,1,16.50,3.59,true,1,
7290115205718,false,אסם בונזור בצק מצונן עלים 230 גרם,נסטלה סוויס )שוויץ(,CH,בצק עלים מצונן,גרמים,230.00,100 גרם,false,1,12.00,5.21,true,1,
7290115207620,false,"רוטב בסגנון סויה קלאסי 290 מ""ל אסם","אסם השקעות בע""\מ",IL,רוטב סויה קלאסי,גרמים,333.00,100 גרם,false,1,12.90,3.87,true,1,
7290115207682,false,אסם רוטב בסגנון סויה סיני 9*290מל חדש,"אסם השקעות בע""\מ",IL,רוטב סויה סיני,גרמים,330.00,100 גרם,false,1,9.90,3.00,true,1,
7290115207811,false,"טבעול נקניקיות טבעוניות, 418 גרם","טבעול תעשיות מזון בע""\מ",IL,נקניקיות טבעוני,גרמים,418.00,100 גרם,false,1,34.90,8.35,true,1,
7290115207941,false,סירופ אננס ויטמינצ'יק 1 ליטר,בית-השיטה עסיס תעשיות מז,IL,ויטמינצ'יק אננס,ליטרים,1.00,ליטר,false,1,21.90,21.90,true,1,
7290115207965,false,סירופ מנגו אפרסק ויטמינצ'יק 1 ליטר,בית-השיטה עסיס תעשיות מז,IL,ויטמינצ'יק מנגו,ליטרים,1.00,ליטר,false,1,21.90,21.90,true,1,
7290115207989,false,סירופ לימון ויטמינצ'יק 1 ליטר,בית-השיטה עסיס תעשיות מז,IL,ויטמינצ'יק לימון,ליטרים,1.00,ליטר,false,1,21.90,21.90,true,1,
7290115208009,false,ויטמינצ'יק ענבים סירופ 1 ליטר,בית-השיטה עסיס תעשיות מז,IL,ויטמינצ'יק ענבים,ליטרים,1.00,ליטר,false,1,21.90,21.90,true,1,
7290115208047,false,ויטמינצ'יק תרכיז פטל 1 ליטר,בית-השיטה עסיס תעשיות מז,IL,ויטמינצ'יק פטל,ליטרים,1.00,ליטר,false,1,21.90,21.90,true,1,
7290115208061,false,סירופ תפוח ויטמינצ'יק 1 ליטר,בית השיטה עסיס תעשיות מז,IL,ויטמינצ'יק תפוח,ליטרים,1.00,ליטר,false,1,21.90,21.90,true,1,
7290115208320,false,אפרופו חטיף בטעם ביסלי בצל 50 גרם,"אסם השקעות בע""\מ",IL,אפרופו טעם ביסלי,גרמים,50.00,100 גרם,false,1,5.00,10.00,true,1,
7290115208566,false,אסם קרמוגית מיניס קרם בייגלה 200 גרם,"אסם השקעות בע""\מ",IL,קרמוגית מיניס,גרמים,200.00,100 גרם,false,1,10.90,5.45,true,1,
7290115208597,false,קרמוגית מיניס קרמל מלוח אסם 200 גרם,"אסם השקעות בע""\מ",IL,קרמוגית מיניס,גרמים,200.00,100 גרם,false,1,10.90,5.45,true,1,
7290115208801,false,לחמית דבש ואגוזים אסם 190 גרם,לחמית,IL,לחמית דבש ואגוזי,גרמים,190.00,100 גרם,false,1,9.90,5.21,true,1,
7290115209198,false,במבה אוורירית אסם 80 גרם,"אסם תעשיות בע""מ",IL,במבה אוורירית,גרמים,80.00,100 גרם,false,1,4.30,5.38,true,1,
7290115209358,false,במבה במילוי בראוניז אסם 60 גרם,"אסם השקעות בע""\מ",IL,במבה בראוניז,גרמים,60.00,100 גרם,false,1,4.30,7.17,true,1,
7290115209372,false,במבה במילוי בראוניז 150ג' אסם,"אסם השקעות בע""\מ",IL,במבה במילוי בראו,גרמים,150.00,100 גרם,false,1,10.90,7.27,true,1,
7290115480009,false,"מרכך כביסה מרוכז פרש קונטרול ירוק 900 מ""ל סוד",הנקל סוד,IL,סוד מרכך פרש,מיליליטרים,900.00,"100 מ""ל",false,1,12.90,1.43,true,1,
7290115480023,false,סוד פאוור קאפס לכביסה צבעונית 45 יחי,הנקל,RS,סוד קפסולות ג'ל,יחידה,1.00,יחידה,false,1,41.90,41.90,true,1,
7290115671223,false,מסטיק מאסט פאן אבטיח מנגו צנצנת 58 גרם,אסקום קונפקשיין,DE,מסטיק מאסט,גרמים,58.00,100 גרם,false,1,9.90,17.07,true,1,
7290115671339,false,מיני פינוקיות בראוניז בייגל בוטן עלית 180 ג' עלית,"הגביע מוצרי ופלים בע""\מ",IL,מיני פינוקיות,גרמים,180.00,100 גרם,false,1,10.90,6.06,true,1,
7290115671346,false,מיני פינוקיות טופי קרמל מלוח עלית 180 גרם,"הגביע מוצרי ופלים בע""\מ",IL,מיני פינוקיות,גרמים,180.00,100 גרם,false,1,10.90,6.06,true,1,
7290115671421,false,פולי אספרסו עשירים וארומטיים עוצמה 10 עלית 250 גרם,שטראוס קפה בי. וי.,IL,פולי קפה,גרמים,250.00,100 גרם,false,1,21.90,8.76,true,1,
7290115674712,false,BREADZ קרקר סריראצה 170 גרם,"אלאדין בייקרס בע""\מ",US,חטיף קרקר,גרמים,170.00,100 גרם,false,1,14.90,8.76,true,1,
7290115674729,false,ברדז גריסיני בטעם מלפפון חמוץ 170ג,"אלאדין בייקרס בע""\מ",US,חטיף גריסיני,גרמים,170.00,100 גרם,false,1,14.90,8.76,true,1,
7290115674743,false,פיתה צ'יפס מלח ים 170גרם,"אלאדין בייקרס בע""\מ",US,פיתה צ'יפס,גרמים,170.00,100 גרם,false,1,14.90,8.76,true,1,
7290115674750,false,BREADZ פיתה מלפפון חמוץ 170 גרם,"אלאדין בייקרס בע""\מ",US,פיתה צ'יפס,גרמים,170.00,100 גרם,false,1,14.90,8.76,true,1,
7290115674774,false,קרקר אפוי עם זרעי צ'יה וקינואה 170 ג' BREADZ,"אלאדין בייקרס בע""\מ",US,חטיף קרקר,גרמים,170.00,100 גרם,false,1,14.90,8.76,true,1,
7290115675559,false,מארז קפה טורקי לדרך 10 יחידות,שטראוס קפה בי.וי.,IL,מארז טורקי לדרך,גרמים,70.00,100 גרם,false,1,7.90,11.29,true,1,
7290115675719,false,דגני בוקר קראנצ'ים שיבולת שועל וחתיכות שוקולד מריר,BEVERAGES FOODS & SE,PL,דגני קוואקר,גרמים,375.00,100 גרם,false,1,16.90,4.51,true,1,
7290115675986,false,דנונה יוגורט בר עם אגוזים מקורמלים 173 גרם,"שטראוס בריאות בע""\מ",IL,יוגורט בר,גרמים,173.00,100 גרם,false,1,4.60,2.66,false,1,
7290115676037,false,דנונה ריפרש יוגורט עם תות ודומדמניות 1.6% שומן,מיוצר עי קונדיטוריית,IL,יוגורט דנונה,גרמים,250.00,100 גרם,false,1,5.90,2.36,true,1,
7290115676051,false,"אקטיביה משקה+שיבולת שועל במתיקות מעודנת 250 מ""ל",מיוצר עי קונדיטוריית,IL,משקה אקטיביה,גרמים,265.00,100 גרם,false,1,5.00,1.89,true,1,
7290115676082,false,משקה דנונה פרו 20 יוגורט תות 255 ג' רבנות,"שטראוס בריאות בע""\מ.",IL,משקה דנונה פרו,גרמים,255.00,100 גרם,false,1,6.90,2.71,true,1,
7290115676099,false,משקה דנונה פרו 20 יוגורט וניל 255 ג' רבנות,"שטראוס בריאות בע""\מ.",IL,משקה דנונה פרו,גרמים,255.00,100 גרם,false,1,6.90,2.71,true,1,
7290115677089,false,קונפיטורת יד מרדכי תפוח וקינמון 340 גרם,"בית אל מזון בע""מ",IL,קונפיטורה תפוח,גרמים,340.00,100 גרם,false,1,11.90,3.50,true,1,
7290115677966,false,ממרח אבוקדו טעם הטבע 200 גרם,ג'י. אר. סימפלוט,MX,ממרח אבוקדו,גרמים,200.00,100 גרם,false,1,14.90,7.45,true,1,
7290115678222,false,מארז 8 גביעים יוגורט Greek בסגנון יווני 6.5% שומן,"שטראוס בריאות בע""\מ",IL,דנונה יווני 8 יח,קילוגרמים,1.04,"ק""ג",false,1,25.90,24.90,true,1,
7290115678376,false,מעדן הגולן שוקולד 125 גרם,מיוצר עי קונדיטוריית,IL,מעדן הגולן,גרמים,125.00,100 גרם,false,1,3.20,2.56,true,1,
7290115678383,false,מעדן הגולן שוקולד מריר 125 גרם,מיוצר עי קונדיטוריית,IL,מעדן הגולן,גרמים,125.00,100 גרם,false,1,3.20,2.56,true,1,
7290115678598,false,חסה אייסברג שטראוס טעם הטבע,שטראוס בריאות ירקות טריי,IL,חסה אייסברג חיתו,גרמים,300.00,100 גרם,false,1,10.90,3.63,true,1,
7290115678635,false,נשנושי גבינה -גבינת שמנת 16%+כעכים שטוחים עם מלח,"מחלבת טבע עז בע""\מ",IL,נשנושי גבינה,גרמים,67.00,100 גרם,false,1,10.90,16.27,true,1,
7290115679519,false,שייק פירות ורוד 150X2גר,סיבהפרוסט,BE,שייק פירות,גרמים,300.00,100 גרם,false,1,19.90,6.63,true,1,
7290115679731,false,שייק פירות ירוק 150X2גר,סיבהפרוסט,BE,שייק פירות,גרמים,300.00,100 גרם,false,1,19.90,6.63,true,1,
7290115679762,false,שייק פירות צהוב 150X2גר,סיבהפרוסט,BE,שייק פירות,גרמים,300.00,100 גרם,false,1,19.90,6.63,true,1,
7290115679779,false,דלישס שייק פירות אדו,סיבהפרוסט,BE,שייק פירו,גרמים,300.00,100 גרם,false,1,19.90,6.63,true,1,
7290115679885,false,פיצה מבצק עם כרובית עם רוטב עגבניות ומוצרלה,גסטרונומיה פרוסט אס.,IL,דלישס פיצה מבצק,גרמים,320.00,100 גרם,false,1,19.90,6.22,true,1,
7290116244037,false,חד קרן אצבעות שוקולד חלב 84 גרם,סטילנד שוקולד,NL,אצבעות שוקולד,גרמים,84.00,100 גרם,false,1,7.90,9.40,true,1,
7290116244068,false,אצבעות שוקולד חלב 84 גר'-כוח פי גיי,סטילנד שוקולד,NL,אצבעות שוקולד,גרמים,84.00,100 גרם,false,1,7.90,9.40,true,1,
7290116244075,false,סמי הכבאי אצבעות שוקולד חלב 84 גרם,סטילנד שוקולד,NL,אצבעות שוקולד,גרמים,84.00,100 גרם,false,1,7.90,9.40,true,1,
7290116530062,false,הלמנס רוטב ויניגרט לסלט 295 גרם,יוניליוור ישראל מזון בע\,IL,רוטב ויניגרט,גרמים,295.00,100 גרם,false,1,10.90,3.69,true,1,
7290116530185,false,"קורנפלקס דלישקד קרמל מלוח 400 גרם בד""ץ","יוניליוור שפע ישראל בע""\",IL,דלישקד קרמל,גרמים,400.00,100 גרם,false,1,20.90,5.23,true,1,
7290116530222,false,דאודרנט סטיק לגבר אנרכי 76 ג' אקס,יוניליוור פארם,US,דאו.סטיק אקס,גרמים,77.00,100 גרם,false,1,19.90,25.84,true,1,
7290116530888,false,ג'ל לכביסה לבנה וצבעונית פינוק כחול בדין 2.5 ל',"זוהר דליה, קיבוץ דליה, 1",IL,ג'ל כביסה בדין,ליטרים,2.50,ליטר,false,1,32.90,13.16,true,1,
7290116531069,false,קנור מרק בצל 100% רכיבים טבעיים 225 גרם,יוניליוור ישראל מזון בע\,IL,מרק בצל,גרמים,225.00,100 גרם,false,1,14.90,6.63,true,1,
7290116531076,false,מרק פטריות רכיבים טבעיים קטן 225 ג' קנור,יוניליוור ישראל מזון בע\,IL,מרק פטריות,גרמים,225.00,100 גרם,false,1,14.90,6.63,true,1,
7290116531083,false,"ברנפלקס ללא ת.סוכר בטעם דבש בתוספת שקדים, 400 גרם","יוניליוור שפע ישראל בע""\",IL,ברנפלקס טעם דבש,גרמים,400.00,100 גרם,false,1,18.90,4.73,true,1,
7290116531090,false,בייגל בייגל דג דג במליחות עדינה 250 גרם,"דרך השוקולד ,1 צפת 13404",IL,דגדג חטיף אפוי,גרמים,250.00,100 גרם,false,1,8.90,3.56,true,1,
7290116531762,false,דפים ריחניים למייבש כביסה בדין ורוד 40 יחידות,"קלינטסט - 3p ארה""ב",US,דפים למייבש,יחידה,1.00,יחידה,false,1,18.30,18.30,true,1,
7290116531793,false,הלמנ'ס רוטב לסלט קיסר 295 גרם,יוניליוור ישראל מזון בע\,IL,רוטב לסלט קיסר,גרמים,295.00,100 גרם,false,1,10.90,3.69,true,1,
7290116532011,false,קליק אוקיי נוגט בציפוי שוקולד חלב 35 גרם,תות תעשיות מזון (2014) ב,IL,חטיף קליק נוגט,גרמים,35.00,100 גרם,false,1,4.90,14.00,true,1,
7290116532219,false,קורנפלקס תות תלמה אלופים 448 גרם,"יוניליוור שפע ישראל בע""\",IL,קורנפלקס תות,גרמים,448.00,100 גרם,false,1,18.70,4.17,true,1,
7290116532394,false,"אל סבון ידיים נוזלי חמאת קקאו 950 מ""ל פינוק",יוניליוור ישראל טיפוח אי,IL,פינוק סבון ידיים,מיליליטרים,950.00,"100 מ""ל",false,1,11.90,1.25,true,1,
7290116532622,false,"מרכך לשיער בתוספת תמצית גוג'י ברי פינוק 700 מ""ל.",יוניליוור ישראלn\טיפוח א,IL,מרכך עם גוגי ברי,מיליליטרים,700.00,"100 מ""ל",false,1,11.90,1.70,true,1,
7290116532882,false,נשנושים איירביס טעם בצל 155 גרם,"דרך השוקולד ,1 צפת 13404",IL,נשנושים איירביס,גרמים,155.00,100 גרם,false,1,12.70,8.19,true,1,
7290116532899,false,נשנושים איירביס טעם פלאפל 155 גרם,"דרך השוקולד ,1 צפת 13404",IL,נשנושים איירביס,גרמים,155.00,100 גרם,false,1,12.70,8.19,true,1,
7290116533063,false,דגני בוקר שוגי קרטיב ענבים 400 גרם,"יוניליוור שפע ישראל בע""\",IL,שוגי קרטיב ענבים,גרמים,400.00,100 גרם,false,1,19.90,4.98,true,1,
7290116930015,false,GO חטיף חלבון חטיף בוטנים קריספי 20 גרם חלבון,"בלמונט קונפקציות בע""\מ.",US,חטיף חלבון GO,גרמים,60.00,100 גרם,false,1,12.90,21.50,true,1,
7290116930022,false,GO חטיף חלבון עוגיות ציפוי קריספי 20 גרם חלבון,"בלמונט קונפקציות בע""\מ.",US,חטיף חלבון GO,גרמים,60.00,100 גרם,false,1,12.90,21.50,true,1,
7290116930282,false,ארוחה בקטנה לאבנה עם קרקרים 150ג' תנובה,תנובה חלב,IL,לאבנה,גרמים,150.00,100 גרם,false,1,8.90,5.93,true,1,
7290116930435,false,יופלה גו במרקם סמיך עם דובדבן 0% 200מל,תנובה מרכז שיתופי לש,IL,יוגורט גו סמיך,גרמים,200.00,100 גרם,false,1,5.90,2.95,true,1,
7290116930459,false,"יופלה שייק מנגו בננה אננס וקוקוס 230 מ""ל",קבוצת המזון אקטשלאר,IL,יופלה שייק,מיליליטרים,230.00,"100 מ""ל",false,1,8.30,3.61,true,1,
7290116930466,false,"משקה SHAKE בננה מנגן פסיפלורה והל 230 מ""ל יופלה",קבוצת המזון אקטשלאר,IL,יופלה שייק,מיליליטרים,230.00,"100 מ""ל",false,1,8.30,3.61,true,1,
7290116930480,false,"משקה SHAKE בננה קיווי תפוח 230 מ""ל יופלה",קבוצת המזון אקטשלאר,IL,יופלה שייק,מיליליטרים,230.00,"100 מ""ל",false,1,8.30,3.61,true,1,
7290116930626,false,ארוחה בקטנה ציזיקי עם קרקרים 150ג' תנובה,תנובה חלב,IL,ציזיקי עם קרקרים,גרמים,150.00,100 גרם,false,1,8.90,5.93,true,1,
7290116930657,false,"משקה חלב גו בטעם בננה תמר בתוספת שיבולת שועל במרקם חלק 340 מ""ל",תנובה מרכז שיתופי לש,IL,משקה גו בננה תמר,מיליליטרים,340.00,"100 מ""ל",false,1,7.70,2.26,true,1,
7290116930725,false,סויה BIO קוקוס גביע 150 גרם אלטרנטיב,תנובה חלב,IL,מעדן סויה ביו,גרמים,150.00,100 גרם,false,1,4.90,3.27,true,1,
7290116931081,false,מעדן סויה - טופי קרמל 125 גרם אלטרנטיב,תנובה מרכז שיתופי לש,IL,מעדן סויה טופי,גרמים,125.00,100 גרם,false,1,4.20,3.36,true,1,
7290116931104,false,יופלה GO במרקם סמיך עם אננס 0% תנובה 200 גרם,תנובה בעמ,IL,יופלה גו סמיך,גרמים,200.00,100 גרם,false,1,5.90,2.95,true,1,
7290117260043,false,ריבת עלי ורדים ויליפוד 380 גרם,וילי פוד,TR,ריבת עלי ורדים,גרמים,380.00,100 גרם,false,1,8.90,2.35,true,1,
7290117260050,false,קונפיטורה חבושים ויליפוד 380 גרם,וילי פוד,TR,קונפיטורה חבושים,גרמים,380.00,100 גרם,false,1,8.90,2.35,true,1,
7290117260173,false,"קמח חיטה רב תכליתי 1 ק""ג",וילי פוד,IT,קמח רב תכליתי,קילוגרמים,1.00,"ק""ג",false,1,7.90,7.90,true,1,
7290117260227,false,קפה טורקי אמיתי מטורקיה 100 גרם,פריזלנד פודס קיוויט בי.ו,TR,קפה טורקי,גרמים,100.00,100 גרם,false,1,5.90,5.90,true,1,
7290117260234,false,"קפה טורקי אמיתי מטורקיה, שלישיה 3 * 100 גרם",פריזלנד פודס קיוויט בי.ו,TR,קפה טורקי 3 יח,גרמים,300.00,100 גרם,false,1,15.90,5.30,true,1,
7290117260593,false,חטיף קראנצ'י על בסיס קמח עדשים בטעם צ'דר 80 ג',וילי פוד,LT,חטיף קראנצ'י,גרמים,80.00,100 גרם,false,1,8.90,11.13,true,1,
7290117260685,false,תן בו וניל בציפויים בטעמים שונים 12 יח',אלויראסמינדה,DK,תן בו מיקס סמבה,גרמים,230.00,100 גרם,false,1,20.00,8.70,true,1,
7290117260807,false,קרמבו וניל בציפוי שוקולד לבן 300 ג' תן בו,,DK,תן בו שוקולד12יח,גרמים,300.00,100 גרם,false,1,20.00,6.67,true,1,
7290117260920,false,קרקרים ללא גלוטן 125 גרם ויליפוד,ארמנדומודיאה אס.אר.א,IT,קרקרים ללא גלוטן,גרמים,125.00,100 גרם,false,1,6.90,5.52,true,1,
7290117260937,false,קרקרים עם עגבניות ואורגנו ללא גלוטן 125 ג' ויליפוד,ארמנדומודיאה אס.אר.א,IT,קרקר לללא גלוטן,גרמים,125.00,100 גרם,false,1,6.90,5.52,true,1,
7290117260944,false,מיני גריסיני עם שמן זית ללא גלוטן 125 גרם ויליפוד,מודיאה אס.אר.אל,IT,מיני גריסיני,גרמים,125.00,100 גרם,false,1,6.90,5.52,true,1,
7290117260951,false,ביסקוויטים ללא גלוטן ופירות הדר 125 גרם ויליפוד,וילי פוד,IT,ביסקוויט ל.גלוטן,גרמים,125.00,100 גרם,false,1,6.90,5.52,true,1,
7290117260968,false,ביסקוויטים ללא גלוטן 125 גרם ויליפוד,מודיאה אס.אר.אל,IT,ביסקוויט ל.גלוטן,גרמים,125.00,100 גרם,false,1,6.90,5.52,true,1,
7290117260975,false,זיתי קלמטה מגולענים במי מלח 300 גרם ויליפוד,סיוארס אס.איי,TR,זית קלמטה מגולען,גרמים,300.00,100 גרם,false,1,8.90,2.97,true,1,
7290117260982,false,זיתים שחור מגולענים במי מלח וילי פוד300,סיוארס אס.איי,TR,זית שחור מגולען,גרמים,300.00,100 גרם,false,1,8.90,2.97,true,1,
7290117261002,false,זיתי קלמטה במי מלח 350 גרם ויליפוד,סיוארס אס.איי,TR,זיתי קלמטה,גרמים,350.00,100 גרם,false,1,8.90,2.54,true,1,
7290117261019,false,זיתים ירוקים ממולאים מחית פלפלים אדומים במי מלח 300 גרם,סיוארס אס.איי,TR,זיתים ירוקים,גרמים,300.00,100 גרם,false,1,8.90,2.97,true,1,
7290117261033,false,זיתים שחורים מיובשים בסגנון טאסוס 200 גרם,סיוארס אס.איי,TR,זיתים שחורים,גרמים,200.00,100 גרם,false,1,8.90,4.45,true,1,
7290117261163,false,פיתה יוונית מוקפאת - מארז 10 יחידות,קלואידאס,GR,פיתה יוונית מוקפ,גרמים,750.00,100 גרם,false,1,11.90,1.59,true,1,
7290117261248,false,חטיף מוקצף בטעם שוקולד חלב 180ג' תן בו,אלויראסמינדר,DK,תן בו בטעם שוקול,גרמים,180.00,100 גרם,false,1,16.90,9.39,true,1,
7290117261255,false,חטיף מוקצף בטעם שוקולד לבן 180ג' תן בו,,DK,תן בו בטעם שוקול,גרמים,180.00,100 גרם,false,1,16.90,9.39,true,1,
7290117261262,false,חטיף מוקצף בטעם שוקולד מריר ושבבי קוקוס 180ג' תן בו,אלויראסמינדר,DK,תן בו בטעם שוקול,גרמים,180.00,100 גרם,false,1,16.90,9.39,true,1,
7290117261354,false,גבינת ריקוטה 200 גרם 5%שומן מחלבת אירופה,באלבן גידה סנאי,TR,גבינת ריקוטה,גרמים,200.00,100 גרם,false,1,9.90,4.95,true,1,
7290117261415,false,euro cheese יוגורט פרוביוטי 2.7% שומן 125 גרם,Euro יורו מחלבות אירופה,TR,יוגורט פרוביוטי,גרמים,125.00,100 גרם,false,1,2.90,2.32,true,1,
7290117261439,false,euro cheese יוגורט פרוביוטי פירות יער 2% שומן 125 גרם,Euro יורו מחלבות אירופה,TR,יוגורט פרוביוטי,גרמים,125.00,100 גרם,false,1,2.90,2.32,true,1,
7290117261484,false,מאפה בצק עלים ממולא נקניקיות טבעוניות 450 גרם,הלניק,GR,מאפה בצק עלים,גרמים,450.00,100 גרם,false,1,24.90,5.53,true,1,
7290117261538,false,סלמון אטלנטי בשמן קנולה וצילי 120 גרם ויליפוד,קריות זול,LV,סלמון אטלנטי,גרמים,120.00,100 גרם,false,1,13.90,11.58,true,1,
7290117261583,false,סרדינים בריסלינג מעושנים בשמן קנולה 129 גרם (צנצנת),גולדן פרייז קאנינג אל.טי,LV,סרדינים בריסלינג,גרמים,185.00,100 גרם,false,1,12.90,6.97,true,1,
7290117261804,false,מאפה במילוי תרד וגבינת פ,,TR,מאפה במילוי תרד,גרמים,560.00,100 גרם,false,1,10.90,1.94,true,1,
7290117261811,false,מאפה במילוי גבינת פטה,,TR,מאפה במילוי גבינ,גרמים,560.00,100 גרם,false,1,10.90,1.94,true,1,
7290117261859,false,מיני מאפים במילוי תרד וג,,TR,מיני מאפים במילו,גרמים,480.00,100 גרם,false,1,10.90,2.27,true,1,
7290117261866,false,"מיני מאפים במילוי תפוח""א",,TR,מיני מאפים במילו,גרמים,480.00,100 גרם,false,1,10.90,2.27,true,1,
7290117261873,false,מאפה פריך במילוי גבינה,,TR,מאפה פריך במילוי,גרמים,520.00,100 גרם,false,1,10.90,2.10,true,1,
7290117261927,false,גבינת פקורינו מחלב כבשים צ'אנק 150 EURO CHEESE,ג.וילי פוד אינטרנשיונל ב,ES,גבינת פקורינו,גרמים,150.00,100 גרם,false,1,24.00,16.00,true,1,
7290117262030,false,רגע-וופל במילוי קרם טעם שוקולד 200 גרם ויליפוד,,GR,גלילי וופל מולא,גרמים,200.00,100 גרם,false,1,11.90,5.95,true,1,
7290117262047,false,וופל במילוי בטעם בננה ושוקולד 200 גר' ויליפוד,,GR,גלילי וופל ממולא,גרמים,200.00,100 גרם,false,1,11.90,5.95,true,1,
7290117262054,false,רגע-וופל במילוי עם שוקולד שוויצרי 200 גרם ויליפוד,,GR,גלילי וופל ממולא,גרמים,200.00,100 גרם,false,1,11.90,5.95,true,1,
7290117262061,false,רגע-וופל במילוי טעם קקאו ואגוזי לוז 200 גרם ויליפוד,,GR,גלילי וופל ממולא,גרמים,200.00,100 גרם,false,1,11.90,5.95,true,1,
7290117262153,false,מיני מאפה פילו במילוי גבינת חלומי 450 גרם,אייווניקי,GR,מיני מאפה פילו,גרמים,450.00,100 גרם,false,1,24.90,5.53,true,1,
7290117262290,false,פרלינים אגוזים במילוי פצפוצי דגנים פריכים מצופים שוקולד חלב 50 גרם,מודרן צוקולטה,TR,חטיף שוקולד,גרמים,50.00,100 גרם,false,1,4.90,9.80,true,1,
7290117262306,false,"קורנפלקס מצופה שוקולד חלב ד, 50 גרם",מודרן צוקולטה,TR,חטיף שוקולד,גרמים,50.00,100 גרם,false,1,4.90,9.80,true,1,
7290117262313,false,פצפוצי דגנים פריכים מצופים שוקולד חלב 50 גרם,מודרן צוקולטה,TR,חטיף דגנים פריכי,גרמים,50.00,100 גרם,false,1,4.90,9.80,true,1,
7290117262320,false,ביסקוויט מצופה שוקולד חלב 50 גר JAZZY,מודרן צוקולטה,TR,חטיפי שוקולד,גרמים,40.00,100 גרם,false,1,4.90,12.25,true,1,
7290117262870,false,גלידת שמנת בטעם וניל 500,איטלג'טו,IT,גלידת שמנת בטעם,מיליליטרים,500.00,"100 מ""ל",false,1,18.90,3.78,true,1,
7290117262887,false,גלידת שמנת בטעם פיסטוק,איטלג'טו,IT,גלידת שמנת בטעם,מיליליטרים,500.00,"100 מ""ל",false,1,18.90,3.78,true,1,
7290117262894,false,גלידת שמנת בטעם קרמלמלוח,איטלג'טו,IT,גלידת שמנת בטעם,מיליליטרים,500.00,"100 מ""ל",false,1,18.90,3.78,true,1,
7290117380192,false,חטיף פוף קראנץ בטעם גריל 60 גרם,מנה,IL,חטיף פוף קראנץ,גרמים,60.00,100 גרם,false,1,3.90,6.50,true,1,
7290117380215,false,חטיף פוף קראנץ בטעם טאקו 60 גרם,מנה,IL,חטיף פוף קראנץ',גרמים,60.00,100 גרם,false,1,3.90,6.50,true,1,
7290117380864,false,סלים דליס פייבר עוגות בראוניס אישיות בטעם שוקולד 120 גרם,הלמה הלום,NL,חטיפי דגנים,גרמים,120.00,100 גרם,false,1,10.90,9.08,true,1,
7290117382219,false,קולגייט מארז ילדים מיניונים 6+ 50מל,"מעצמה בקהילה בע""\מ",IL,קולגייט מארז ילד,יחידה,1.00,יחידה,false,1,36.90,36.90,true,1,
7290117382318,false,סלים דליס פרו 33 חטיף חלבון שוקולד מריר 60 גרם,"י. מרבה ישראל בע""\מ",IT,חטיף חלבון מצופה,גרמים,60.00,100 גרם,false,1,11.90,19.83,true,1,
7290117382325,false,סלים דליס - פרו 33 חטיף חלבון מצופה שוקולד חלב 60 גרם,"י. מרבה ישראל בע""\מ",IT,חטיף חלבון מצופה,גרמים,60.00,100 גרם,false,1,11.90,19.83,true,1,
7290117382332,false,סלים דליס - חטיף חלבון מצופה שוקולד בטעם עוגיות 60 גרם,"י. מרבה ישראל בע""\מ",IT,סלים דליס חטיף,גרמים,60.00,100 גרם,false,1,11.90,19.83,true,1,
7290117821367,false,ביצת הפתעה פלסטיק עם סוכריות קשות 10 גרם טרקטור,PAZARLAMA GIDA GLOBAL,TR,ביצת הפתעה סוכ.,גרמים,10.00,100 גרם,false,1,5.90,59.00,true,1,
7290117821411,false,ביצת הפתעה פלסטיק עם סוכריות קשות 10 גרם דינוזאור,PAZARLAMA GIDA GLOBAL,TR,ביצת הפתעה סוכ.,גרמים,10.00,100 גרם,false,1,5.90,59.00,true,1,
7290117860045,false,שמפו תמציות אלוורה ותה ירוק לשיער רגיל,"טרופיקל גליל בע""מ",IL,שמפו הוואי,מיליליטרים,700.00,"100 מ""ל",false,1,14.90,2.13,true,1,
7290117860090,false,מרכך תמציות אלוורה ותה ירוק לשיער רגיל,"טרופיקל דגיל בע""\מ",IL,מרכך מטפח לשיער,מיליליטרים,700.00,"100 מ""ל",false,1,14.90,2.13,true,1,
7290117860144,false,הוואי שמפו פירות אקזוטיים וקלנדולה 700,"טרופיקל גליל בע""מ",IL,שמפו הוואי,מיליליטרים,700.00,"100 מ""ל",false,1,14.90,2.13,true,1,
7290117860182,false,"הוואי - תחליב רחצה בניחוח מגנוליה ושמן שקדים 700 מ""ל","טרופיקל דגיל בע""\מ",IL,תחליב רחצה הוואי,מיליליטרים,700.00,"100 מ""ל",false,1,14.90,2.13,true,1,
7290117860243,false,"הוואי - מרכך מעניק לחות לשיער יבש 700 מ""ל","טרופיקל גליל בע""מ",IL,מרכך הוואי,מיליליטרים,700.00,"100 מ""ל",false,1,14.90,2.13,true,1,
7290117860335,false,"הוואי ג'ל רחצה לגבר בניחוח מעורר 700 מ""ל","טרופיקל דגיל בע""\מ",IL,ג'ל רחצה לגבר,מיליליטרים,700.00,"100 מ""ל",false,1,14.90,2.13,true,1,
7290117860397,false,שמפו תמצית פריחת הדובדבן לשיער רגיל,"טרופיקל גליל בע""מ",IL,שמפו הוואי,מיליליטרים,700.00,"100 מ""ל",false,1,14.90,2.13,true,1,
7290117860892,false,"הוואי - תחליב רחצה יוגורט בניחוח וניל ודבש 700 מ""ל","טרופיקל דגיל בע""\מ",IL,תחליב רחצה הוואי,מיליליטרים,700.00,"100 מ""ל",false,1,14.90,2.13,true,1,
7290117860946,false,"תחליב רחצה יוגורט בניחוח קוקוס 700 מ""ל הוואי","טרופיקל דגיל בע""\מ",IL,תחליב רחצה הוואי,מיליליטרים,700.00,"100 מ""ל",false,1,14.90,2.13,true,1,
7290117860991,false,"תחליב רחצה יוגורט בניחוח שקדים 700 מ""ל הוואי","טרופיקל דגיל בע""\מ",IL,תחליב רחצה הוואי,מיליליטרים,700.00,"100 מ""ל",false,1,14.90,2.13,true,1,
7290117900901,false,טחינה אבו חסן 950 גרם,אחדות ביחר לטחינה חלוה,IL,טחינה אבו חסן,גרמים,950.00,100 גרם,false,1,19.90,2.09,true,1,
7290117901199,false,טורטיה על גחלים שקדיה 520 גרם,מוטלוקל,TR,עלי טורטייה,גרמים,520.00,100 גרם,false,1,10.00,1.92,true,1,
7290117901205,false,טורטיה דגנים בתוספת שומשום ופשתן שקדיה 420 גרם,מוטלוקל,TR,טורטיה,גרמים,420.00,100 גרם,false,1,10.00,2.38,true,1,
7290117901250,false,ממרח עגבניות מיובשות בתוספת זיתים ירוקים שקדיה 290 גרם,קרס סר-קאן גידה לטד,TR,ממרח עגבניות,גרמים,290.00,100 גרם,false,1,15.10,5.21,true,1,
7290117901267,false,ממרח פלפלים אדומים וחצילים קלויים 290 ג' גורמה,קרס סר-קאן גידה לטד,TR,ממרח חצילים,גרמים,290.00,100 גרם,false,1,15.10,5.21,true,1,
7290117901274,false,ממרח זיתים 290 גר' גורמה,קרס סר-קאן גידה לטד,TR,ממרח זיתים,גרמים,290.00,100 גרם,false,1,15.10,5.21,true,1,
7290118420071,false,במבה ביסלי ברביקיו מיקס 80ג' אסם,"אסם השקעות בע""\מ",IL,במבה ביסלי מיקס,גרמים,80.00,100 גרם,false,1,4.30,5.38,true,1,
7290118420477,false,אסם בייגלה שטוחים בטעם ביסלי בצל 300 גרם,"אסם תעשיות בע""מ",IL,בייגלה שטוחים,גרמים,300.00,100 גרם,false,1,10.90,3.63,true,1,
7291008084854,false,"תמר מג'הול ישראלי 1 ק""ג",מהדרין תנופרט אקספורט,IL,תמר מגהול ישראלי,קילוגרמים,1.00,"ק""ג",false,1,21.90,21.90,true,1,
7296058000519,false,פריכיות כוסמת דל נתרן פרח 130 גרם,"פרח תעשיות מזון בע""מ.",IL,פריכיות כוסמת,גרמים,160.00,100 גרם,false,1,8.90,5.56,true,1,
7296058000526,false,פריכיות כוסמת פרח 160 גרם,פרח תעשיות,IL,פרכיות כוסמת,גרמים,160.00,100 גרם,false,0,8.90,5.56,true,1,
7296073005735,false,עוג.סנדוויץ שוק.שופרס150,"אחים פפושדו ובניהם בע""\מ",IL,עוגיות סנדוויץ,גרמים,150.00,100 גרם,false,0,4.50,3.00,true,1,
7296073005742,false,עוג.סנדוויץ וניל שופרסל,"אחים פפושדו ובניהם בע""\מ",IL,עוגיות סנדוויץ,גרמים,150.00,100 גרם,false,0,4.50,3.00,true,1,
7296073005841,false,אפונה ירוקה שופרסל500גרם,מיה,IL,אפונה ירוקה,גרמים,500.00,100 גרם,false,0,5.50,1.10,true,1,
7296073005858,false,בורגול שופרסל 500 גרם,מיה,IL,בורגול,גרמים,500.00,100 גרם,false,0,4.90,0.98,true,1,
7296073005902,false,כוסמת שופרסל 500 גרם,מיה,IL,כוסמת שופרסל,גרמים,500.00,100 גרם,false,0,5.90,1.18,true,1,
7296073005919,false,עדשים ירוקות שופרסל500ג,מיה,IL,עדשים ירוקות,גרמים,500.00,100 גרם,false,0,6.50,1.30,true,1,
7296073005926,false,עדשים אדומות שופרסל500גר,מיה,IL,עדשים אדומות,גרמים,500.00,100 גרם,false,0,6.50,1.30,true,1,
7296073005971,false,שעועית אדומה שופרסל500גר,מיה,IL,שעועית אדומה,גרמים,500.00,100 גרם,false,0,8.80,1.76,true,1,
7296073006015,false,"חומוס גדול שופרסל 1 ק""ג",מיה,IL,חומוס גדול,קילוגרמים,1.00,"ק""ג",false,0,10.50,10.50,true,1,
7296073006053,false,פרג שופרסל 100 גרם,,IL,פרג שופרסל,גרמים,100.00,100 גרם,false,1,4.90,4.90,true,1,
7296073006114,false,"עדשים ירוקות שופרסל 1ק""ג",מיה,IL,עדשים ירוקות,קילוגרמים,1.00,"ק""ג",false,0,10.90,10.90,true,1,
7296073006121,false,"עדשים אדומות שופרסל 1ק""ג",מיה,IL,עדשים אדומות,קילוגרמים,1.00,"ק""ג",false,0,10.90,10.90,true,1,
7296073006176,false,"סוכר שופרסל 1 ק""ג","סוגת תעשיות בע""\מ",IL,סוכר לבן,קילוגרמים,1.00,"ק""ג",false,0,4.60,4.60,true,1,
7296073006381,false,מנזנילו בינונ.שופרסל560ג,שופרסל,IL,זיתים ירוקים,גרמים,560.00,100 גרם,false,0,6.30,1.13,true,1,
7296073006398,false,מנזנילו גדול ירוק 560 גר,שופרסל,IL,זיתי מנזנילו,גרמים,560.00,100 גרם,false,0,6.80,1.21,true,1,
7296073006411,false,מלפפונים במלח בינוניים,בני דרום,IL,מלפפונים במלח,גרמים,560.00,100 גרם,false,0,6.80,1.21,true,1,
7296073006428,false,מלפ.במלח 13-17שופרסל560ג,שופרסל,IL,מלפפון במלח,גרמים,560.00,100 גרם,false,0,9.50,1.70,true,1,
7296073006435,false,מלפפונים במלח קטנים מאוד,שופרסל,IL,מלפפון במלח,גרמים,560.00,100 גרם,false,0,10.90,1.95,true,1,
7296073006497,false,גביעי גלידה שופרסל 30יח',"א.ג. גילרו בע""\מ",IL,גביעי גלידה,גרמים,115.00,100 גרם,false,0,10.00,8.70,true,1,
7296073006640,false,מלפפ.כבישה בית.שופר1.65ק,שופרסל,IL,מלפפון במלח ביתי,קילוגרמים,1.65,"ק""ג",false,0,26.90,16.30,true,1,
7296073011101,false,קוסקוס עבה שופרסל 350גרם,"אסיף תעשיות מזון בע""\מ",IL,קוסקוס עבה,גרמים,350.00,100 גרם,false,0,4.50,1.29,true,1,
7296073011118,false,קוסקוס דק שופרסל 350 גרם,"אסיף תעשיות מזון בע""\מ",IL,קוסקוס דק,גרמים,350.00,100 גרם,false,0,4.50,1.29,true,1,
7296073011194,false,פסטה טריקולור שופרסל500ג,שופרסל,IT,פסטה טריקולור,גרמים,500.00,100 גרם,false,0,6.80,1.36,true,1,
7296073011217,false,פסטה פנה ריגטה31שופר500ג,שופרסל,IT,פסטה פנה ריגטה,גרמים,500.00,100 גרם,false,0,4.90,0.98,true,1,
7296073011224,false,פסטה פוסילי36שופר 500גרם,שופרסל,IT,פסטה פוסילי,גרמים,500.00,100 גרם,false,0,4.90,0.98,true,1,
7296073011248,false,פסטה פרפלה מס57שופרסל500,שופרסל,IT,פסטה פרפלה,גרמים,500.00,100 גרם,false,0,4.90,0.98,true,1,
7296073012009,false,קוסקוס בינוני שופרסל350ג,"אסיף תעשיות מזון בע""\מ",IL,קוסקוס בינוני,גרמים,350.00,100 גרם,false,0,4.50,1.29,true,1,
7296073020356,false,150כוס שתייה קרה בייסיק,שופרסל,IL,"כוסות שתייה חד""פ",יחידה,1.00,יחידה,false,0,17.90,17.90,true,1,
7296073020370,false,צלחות גדולות שופרסל 100,שופרסל,IL,צלחות גדולות,יחידה,1.00,יחידה,false,0,30.90,30.90,true,1,
7296073020394,false,"קעריות ח""פ שופרסל 50 יח'",שופרסל,IL,"קעריות מרק חד""פ",יחידה,1.00,יחידה,false,0,19.90,19.90,true,1,
7296073020400,false,"קעריות ח""פ אובלית שופרסל",שופרסל,IL,קעריות קסרול,יחידה,1.00,יחידה,false,0,14.90,14.90,true,1,
7296073020936,false,פטריות חתוכות שופרסל400ג,פרוצ'אמפ,NL,פטריות חתוכות,גרמים,400.00,100 גרם,false,0,4.50,1.13,true,1,
7296073021568,false,"קמח חיטה לבן בהיר 1 ק""ג",שופרסל,IL,קמח לבן,קילוגרמים,1.00,"ק""ג",false,0,4.50,4.50,true,1,
7296073021575,false,"קמח תופח שופרסל 1 ק""ג",שופרסל,IL,קמח תופח,קילוגרמים,1.00,"ק""ג",false,0,6.50,6.50,true,1,
7296073021582,false,"סולת חיטה שופרסל 1 ק""ג",שופרסל,IL,סולת חיטה,קילוגרמים,1.00,"ק""ג",false,0,4.50,4.50,true,1,
7296073048992,false,פסטרמה בדבש שופרסל 300גר,מעדני יחיעם,IL,פסטרמה בדבש,גרמים,300.00,100 גרם,false,0,21.90,7.30,true,1,
7296073049029,false,כתף בקר שופרסל 300 גרם,מעדני יחיעם,IL,כתף בקר,גרמים,300.00,100 גרם,false,0,26.90,8.97,true,1,
7296073049043,false,פסטרמה ברבקיו שופרסל300ג,שופרסל,IL,פסטרמה ברבקיו,גרמים,300.00,100 גרם,false,0,21.90,7.30,true,1,
7296073049074,false,סלמי קוניאק שופרסל 300גר,מעדני יחיעם,IL,סלמי קוניאק,גרמים,300.00,100 גרם,false,0,22.90,7.63,true,1,
7296073049135,false,אטריות ביצים דקות שופ200,שיבולים בני דרום,IL,אטריות ביצים,גרמים,200.00,100 גרם,false,0,6.80,3.40,true,1,
7296073049654,false,טבעות זיתים ירוקים 560גר,שופרסל,IL,טבעות זיתים,גרמים,560.00,100 גרם,false,0,8.40,1.50,true,1,
7296073053743,false,פסטה קונקיליוני39 שופרסל,שופרסל,IL,פסטה קונקיליוני,גרמים,500.00,100 גרם,false,0,4.90,0.98,true,1,
7296073053750,false,פסטה לומקה ריגטה 48 שופר,שופרסל,IT,פסטה לומקה ריגטה,גרמים,500.00,100 גרם,false,0,4.90,0.98,true,1,
7296073058984,false,גרנולה קראנץ פירות+אג400,בריגן קי. ג'י,DE,גרנולה קראנץ,גרמים,400.00,100 גרם,false,0,16.90,4.23,true,1,
7296073058991,false,מוזלי שופרסל 500 גרם,בריגן קי ג'י,DE,מוזלי,גרמים,500.00,100 גרם,false,0,16.90,3.38,true,1,
7296073059097,false,25 מגבונים להסרת איפור,שופרסל,IL,מגבונים לאיפור,יחידה,1.00,יחידה,false,0,9.90,9.90,true,1,
7296073059691,false,"50 צלחות גדול ח""פ שופרסל",שופרסל,IL,צלחות גדולות,יחידה,1.00,יחידה,false,0,17.90,17.90,true,1,
7296073059707,false,"צלחות קטנות ח""פ שופרסל 5",שופרסל,IL,"צלחות קטנות חד""פ",יחידה,1.00,יחידה,false,0,14.90,14.90,true,1,
7296073059745,false,"לפתניות ח""פ שופרסל 50 יח",שופרסל,IL,"ליפתניות חד""פ",יחידה,1.00,יחידה,false,0,14.90,14.90,true,1,
7296073060024,false,"צלחות קטנות ח""פ שופרסל 1",שופרסל,IL,"צלחות קטנות חד""פ",יחידה,1.00,יחידה,false,0,22.90,22.90,true,1,
7296073064367,false,"בורקס תפו""א שופרסל 800 ג",שופרסל,IL,"800 בורקס תפו""א",גרמים,800.00,100 גרם,false,0,15.90,1.99,true,1,
7296073064398,false,בורקס גבינה שופרסל 800 ג,מאפ גדרון,IL,בורקס גבינה800,גרמים,800.00,100 גרם,false,0,17.90,2.24,true,1,
7296073066347,false,חלווה מסולסלת שופרסל250ג,"אחדות בע""מ א.ת. ברקן",IL,חלווה מסולסלת,גרמים,250.00,100 גרם,false,0,12.20,4.88,true,1,
7296073066354,false,חטיפי חלווה שופרסל 250 ג,"אחדות בע""מ א.ת. ברקן",IL,חטיפי חלווה,גרמים,250.00,100 גרם,false,0,9.70,3.88,true,1,
7296073066361,false,עוג.סנדביץ' שוקו שופר900,אחים פפושדו,IL,עוגיות סנדביץ',גרמים,900.00,100 גרם,false,0,19.90,2.21,true,1,
7296073074434,false,פתי בר גדול שופרסל500גרם,שופרסל,IL,פתיבר גדול,גרמים,500.00,100 גרם,false,0,8.90,1.78,true,1,
7296073074441,false,פתי בר שוקו גדול שופר500,שופרסל,IL,פתי בר גדול שוקו,גרמים,500.00,100 גרם,false,0,8.90,1.78,true,1,
7296073078555,false,בצק עלים מרודד מוקפא,שופרסל,IL,בצק עלים 1קג,קילוגרמים,1.00,"ק""ג",false,0,16.90,16.90,true,1,
7296073078579,false,דבש טבעי מפרחי שדה 350 ג,שופרסל,IL,דבש טבעי,גרמים,350.00,100 גרם,false,0,16.90,4.83,true,1,
7296073078586,false,דבש טבעי שופרסל צנצ500גר,שופרסל,IL,דבש טבעי,גרמים,500.00,100 גרם,false,0,22.80,4.56,true,1,
7296073078616,false,דבש טבעי מפרחי שדה 1.5קג,מכוורת עמק חפר,IL,דבש טבעי,קילוגרמים,1.50,"ק""ג",false,0,53.40,35.60,true,1,
7296073078821,false,4 כריות יפניות שופרסל,פלסטו פוליש,IL,כריות יפניות,יחידה,1.00,יחידה,false,0,7.70,7.70,true,1,
7296073078838,false,6 כריות יפניות שופרסל,פלסטו פוליש,IL,כריות יפניות,יחידה,1.00,יחידה,false,0,9.50,9.50,true,1,
7296073078883,false,9 מטליות ניקוי כללי שופר,שופרסל,IL,מטליות לניקוי,יחידה,1.00,יחידה,false,0,8.90,8.90,true,1,
7296073078890,false,15מטליות ניקוי כללי שופר,שופרסל,IL,מטליות לניקוי,יחידה,1.00,יחידה,false,0,14.90,14.90,true,1,
7296073079002,false,פריכ.דקות אורז מלא ש100.,"פרח תעשיות מזון בע""\מ",IL,פריכיות דקות,גרמים,100.00,100 גרם,false,0,7.50,7.50,true,1,
7296073079019,false,פריכיות דק.קצח 100ג שופר,"פרח תעשיות מזון בע""\מ",IL,פריכיות דקות,גרמים,100.00,100 גרם,false,0,7.50,7.50,true,1,
7296073079040,false,פריכיות זעתר שופרסל 50גר,"פרח תעשיות מזון בע""\מ",IL,פריכיות אורז,גרמים,50.00,100 גרם,false,0,7.90,15.80,true,1,
7296073079842,false,עגבניות מקולפות שופר800ג,פריניר,IL,עגבניות מקולפ.,גרמים,800.00,100 גרם,false,0,5.90,0.74,true,1,
7296073079873,false,רוטב עגבנ.מרוכז מאוד580ג,פריניר,IL,תרכיז עגבניות,גרמים,580.00,100 גרם,false,0,5.90,1.02,true,1,
7296073079880,false,רסק עגבניות 22%שופר570ג,פריניר,IL,רוטב עגבניות,גרמים,570.00,100 גרם,false,0,5.80,1.02,true,1,
7296073079903,false,רוטב עגבניות 22%שופר100ג,פריניר,IL,רוטב עגבניות,גרמים,100.00,100 גרם,false,0,1.80,1.80,true,1,
7296073080497,false,שעועית אפויה שופרסל 570ג,פרי גליל,IL,שעועית אפויה,גרמים,580.00,100 גרם,false,0,6.90,1.19,true,1,
7296073080503,false,אפונה בינונית שופרסל550ג,פרי גליל,IL,אפונה ירוקה,גרמים,550.00,100 גרם,false,0,6.50,1.18,true,1,
7296073080510,false,חומוס שלם שופרסל 560 גרם,פרי גליל,IL,חומוס שלם,גרמים,560.00,100 גרם,false,0,6.90,1.23,true,1,
7296073080534,false,גרעיני תירס מתוק 550 גרם,פרי גליל,IL,גרעיני תירס מתוק,גרמים,550.00,100 גרם,false,0,6.90,1.25,true,1,
7296073080541,false,אפונה וגזר שופרסל 550 גר,פרי גליל,IL,אפונה וגזר,גרמים,550.00,100 גרם,false,0,6.50,1.18,true,1,
7296073080558,false,תירס לייט שופרסל 550 גרם,פרי גליל,IL,תירס לייט,גרמים,550.00,100 גרם,false,0,7.50,1.36,true,1,
7296073081449,false,פירורי לחם מוזהב שופר200,"חטיפים מן הטבע בע""\מ",IL,פירורי לחם,גרמים,200.00,100 גרם,false,0,3.50,1.75,true,1,
7296073081456,false,פירורי לחם לבן שופרסל200,"חטיפים מן הטבע בע""\מ",IL,פירורי לחם לבן,גרמים,200.00,100 גרם,false,0,4.90,2.45,true,1,
7296073081661,false,מזון יבש לכלבים שופר3.קג,סנשיין מילס,US,מזון יבש לכלבים,קילוגרמים,3.00,"ק""ג",false,0,37.90,12.63,true,1,
7296073081685,false,מזון יבש לחתול שופר1.5.ק,Tuffy's,US,מזון לחתולים,קילוגרמים,1.50,"ק""ג",false,0,27.70,18.47,true,1,
7296073081692,false,מזון יבש לחתול שופרסל3קג,Tuffy's,US,מזון לחתולים,קילוגרמים,3.00,"ק""ג",false,0,46.50,15.50,true,1,
7296073087175,false,ריבת תות שופרסל 370 גרם,LTD 99 CIMA,BG,ריבת תות שדה,גרמים,370.00,100 גרם,false,0,10.90,2.95,true,1,
7296073087205,false,ריבת אוכמניות שופרסל370ג,LTD 99 CIMA,BG,ריבת אוכמניות,גרמים,370.00,100 גרם,false,0,10.90,2.95,true,1,
7296073087250,false,קונפ.אוכמניות שופרסל370ג,LTD 99 CIMA,BG,קונפ.אוכמניות,גרמים,370.00,100 גרם,false,0,12.10,3.27,true,1,
7296073087274,false,קונפ.שזיפים שופרסל 370גר,LTD 99 CIMA,BG,קונפיט.שזיפים,גרמים,370.00,100 גרם,false,0,12.10,3.27,true,1,
7296073087281,false,קונפ.תות שדה שופרסל 370ג,LTD 99 CIMA,BG,קונפיטורת תות,גרמים,370.00,100 גרם,false,0,12.10,3.27,true,1,
7296073090496,false,צמר פלדה שופרסל 100 גרם,פלסטו פוליש,IL,צמר פלדה,גרמים,100.00,100 גרם,false,0,5.90,5.90,true,1,
7296073091226,false,פופקורן גרעינים שופר1.קג,מיה,IL,פופקורן גרעינים,קילוגרמים,1.00,"ק""ג",false,0,8.80,8.80,true,1,
7296073091394,false,גרעין לבן קלוי400גשופרסל,ששון,IL,גרעין לבן קלוי,גרמים,400.00,100 גרם,false,0,18.90,4.73,true,1,
7296073091417,false,בוטן קלוי בקליפה400שופרס,ששון,IL,בוטן בקליפה קלוי,גרמים,400.00,100 גרם,false,0,17.90,4.48,true,1,
7296073091462,false,פיסטוק קלוי וממולח 200ג,ששון,IL,פיסטוק קלוי,גרמים,200.00,100 גרם,false,0,22.90,11.45,true,1,
7296073091479,false,שקד קלוף קלוי וממולח200ג,ששון,IL,שקד קלוף קלוי,גרמים,200.00,100 גרם,false,0,17.90,8.95,true,1,
7296073091486,false,אגוזי קשיו קלויים ומומלח,ששון,IL,קשיו קלוי ומומלח,גרמים,200.00,100 גרם,false,0,22.90,11.45,true,1,
7296073091493,false,גרעין שחור קלוי200גשופרס,ששון,IL,גרעין שחור קלוי,גרמים,200.00,100 גרם,false,0,6.80,3.40,true,1,
7296073091547,false,צימוק בהיר 400ג שופרסל,ששון,IL,צימוק בהיר,גרמים,400.00,100 גרם,false,0,22.90,5.73,true,1,
7296073091554,false,צימוקים כהים 400 גרם,ששון,IL,צימוקים כהים,גרמים,400.00,100 גרם,false,0,18.90,4.73,true,1,
7296073091585,false,שקד קלוף טבעי 200גשופרסל,ששון,IL,שקדים קלופים,גרמים,200.00,100 גרם,false,0,17.90,8.95,true,1,
7296073091608,false,אגוזי קשיו קלופים טבעיים,ששון,VN,אגוזי קשיו טבעי,גרמים,200.00,100 גרם,false,0,23.90,11.95,true,1,
7296073091646,false,צנוברים קלופים 100גרם,ששון,CN,צנוברים קלופים,גרמים,100.00,100 גרם,false,0,25.90,25.90,true,1,
7296073091677,false,חמוציות 250גרם שופרסל,ששון,US,חמוציות 250גרם,גרמים,250.00,100 גרם,false,0,11.90,4.76,true,1,
7296073093169,false,פלפל חריף שיפקה שופר540ג,שופרסל,IL,פלפל שיפקה,גרמים,540.00,100 גרם,false,0,5.90,1.09,true,1,
7296073093176,false,כרוב לבן כבוש קצוץ560גרם,שימורי מוטולה בעמ,IL,כרוב לבן כבוש,גרמים,560.00,100 גרם,false,0,6.90,1.23,true,1,
7296073094463,false,חלווה שיש שופרסל 400 גרם,"אחדות בע""מ א.ת. ברקן",IL,חלווה שיש,גרמים,400.00,100 גרם,false,0,12.20,3.05,true,1,
7296073094746,false,חלווה וניל שופרסל 400גרם,"אחדות בע""מ א.ת. ברקן",IL,חלווה וניל,גרמים,400.00,100 גרם,false,0,12.20,3.05,true,1,
7296073094753,false,חלווה וניל שופרסל 500 גר,"אחדות בע""מ א.ת. ברקן",IL,חלווה וניל,גרמים,500.00,100 גרם,false,0,12.90,2.58,true,1,
7296073095583,false,"אצטון שופרסל 100 מ""ל","ש. שוורץ )באר שבע( בע""\מ",IL,אצטון BE,מיליליטרים,100.00,"100 מ""ל",false,0,3.90,3.90,true,1,
7296073098263,false,גזר גמדי מוקפא שופרסל800,פרי גליל,IL,גזר גמדי מוקפא,גרמים,800.00,100 גרם,false,0,14.50,1.81,true,1,
7296073098287,false,לקט מעורבים שופרסל קפוא,פרי גליל,IL,לקט בורגונדי,גרמים,800.00,100 גרם,false,0,18.60,2.33,true,1,
7296073098294,false,ברוקולי מוקפא שופרסל 800,פרי גליל,IL,ברוקולי 800 גר,גרמים,800.00,100 גרם,false,0,22.70,2.84,true,1,
7296073103813,false,תפוח אדמה לבן ארוז,שופרסל,IL,"תפו""א לבן ארוז",קילוגרמים,0.00,"ק""ג",true,0,3.90,3.90,true,1,
7296073103820,false,תפוח אדמה לטיגון ארוז,שופרסל,IL,"תפו""א לטיגון",קילוגרמים,0.00,"ק""ג",true,0,4.90,4.90,true,1,
7296073106074,false,טליאטלה שופרסל 500 גרם,שופרסל,IT,פסטה טליאטלה,גרמים,500.00,100 גרם,false,0,9.80,1.96,true,1,
7296073106081,false,טריקולור פרפלה שופר500.ג,שופרסל,IL,פרפלה טריקולור,גרמים,500.00,100 גרם,false,0,6.80,1.36,true,1,
7296073106098,false,פריכיות דק.כוסמת שופר100,"פרח תעשיות מזון בע""\מ",IL,פריכיות כוסמת,גרמים,100.00,100 גרם,false,0,7.50,7.50,true,1,
7296073106241,false,מטליות רצפה 6X,,,מטליות רצפה 6X,יחידה,1.00,יחידה,false,0,16.90,16.90,true,1,
7296073107392,false,גרנולה צימוק שקד תפוח400,בריגן קי ג'י,DE,גרנולה שופרסל,גרמים,400.00,100 גרם,false,0,16.90,4.23,true,1,
7296073107408,false,גרנולה שוקו.פקאן שופר400,בריגן קי ג'י,DE,גרנולה שוקולד,גרמים,400.00,100 גרם,false,0,16.90,4.23,true,1,
7296073107989,false,גרעיני תירס שופרסל 800 ג,פרי גליל,IL,גרעיני תירס,גרמים,800.00,100 גרם,false,0,15.50,1.94,true,1,
7296073107996,false,פול ירוק שופרסל 800 גרם,פרי גליל,GB,פול ירוק,גרמים,800.00,100 גרם,false,0,20.70,2.59,true,1,
7296073108061,false,קלחי תירס שופרסל 1 קג,פרי גליל,IL,קלחי תירס 1קג,קילוגרמים,1.00,"ק""ג",false,0,17.70,17.70,true,1,
7296073108085,false,שעועית צהובה חתוכה שופרס,פרי גליל,IL,שעועית צהובה,גרמים,800.00,100 גרם,false,0,16.60,2.08,true,1,
7296073108108,false,לקט ירקות מעורבים שופרסל,פרי גליל,IL,לקט ירקות מעור,גרמים,800.00,100 גרם,false,0,16.80,2.10,true,1,
7296073108269,false,חסה ערבית שטופה לאכילה,פרסקו,IL,עלי חסה ערבית,גרמים,250.00,100 גרם,false,0,10.50,4.20,true,1,
7296073108313,false,סלט קולסלאו שטוף לאכילה,פרסקו,IL,סלט קולסלאו שטוף,גרמים,400.00,100 גרם,false,0,8.50,2.13,true,1,
7296073108320,false,שבבי גזר שטופים לאכילה,פרסקו,IL,שבבי גזר שטופים,גרמים,400.00,100 גרם,false,0,8.50,2.13,true,1,
7296073108344,false,לקט קלאסי שטוף לאכילה,"פרסקו חצבה 2006 בע""\מ",IL,לקט קלאסי שטוף,גרמים,350.00,100 גרם,false,0,10.50,3.00,true,1,
7296073108351,false,חסה אייסברג שטופה לאכילה,"פרסקו חצבה 2006 בע""\מ",IL,חסה אייסברג שטוף,גרמים,300.00,100 גרם,false,0,10.50,3.50,true,1,
7296073108368,false,לקט הגינה שטוף לאכילה,פרסקו,IL,לקט הגינה שטוף,גרמים,300.00,100 גרם,false,0,10.50,3.50,true,1,
7296073108375,false,כרוב לבן שטוף לאכילה400ג,"פרסקו חצבה 2006 בע""\מ",IL,כרוב לבן שטוף,גרמים,400.00,100 גרם,false,0,8.50,2.13,true,1,
7296073108443,false,"קמח מלא שופרסל 1 ק""ג",שופרסל,IL,קמח חיטה מלא,קילוגרמים,1.00,"ק""ג",false,0,6.90,6.90,true,1,
7296073109822,false,תמר מג'הול מעולה 400 גרם,הדיקלאים,IL,תמר מג'הול 400ג,גרמים,400.00,100 גרם,false,0,12.90,3.23,true,1,
7296073112457,false,קוסקוס חיטה מלא.שופר350ג,אסיף תעשיות מזון,IL,קוסקוס,גרמים,350.00,100 גרם,false,0,5.70,1.63,true,1,
7296073112464,false,פוסילי מקמח חיטה מלא500ג,שופרסל,IT,פוזילי חיטה מלאה,גרמים,500.00,100 גרם,false,0,7.50,1.50,true,1,
7296073112617,false,6 ספוג.לניקוי מופלא שופר,"סדובסקי בע""\מ",IL,ספוגית ניקוי,יחידה,1.00,יחידה,false,0,8.90,8.90,true,1,
7296073116769,false,קוקוס טחון שופרסל 100גרם,מיה,IL,קוקוס טחון,גרמים,100.00,100 גרם,false,0,4.50,4.50,true,1,
7296073116776,false,קוקוס טחון שופרסל 400גרם,מיה,IL,קוקוס טחון,גרמים,400.00,100 גרם,false,0,12.50,3.13,true,1,
7296073116783,false,שומשום שופרסל 100 גרם,מיה,IL,שומשום שופרסל,גרמים,100.00,100 גרם,false,0,3.50,3.50,true,1,
7296073116790,false,שומשום שופרסל 400 גרם,מיה,IL,שומשום שופרסל,גרמים,400.00,100 גרם,false,0,11.50,2.88,true,1,
7296073116813,false,קמח תירס שופרסל 400 גרם,מיה תעשיות מזון,IL,קמח תירס,גרמים,400.00,100 גרם,false,0,5.50,1.38,true,1,
7296073116820,false,"קמח תפו""א שופרסל 500 גרם",מיה,IL,"קמח תפו""א",גרמים,500.00,100 גרם,false,0,6.00,1.20,true,1,
7296073116837,false,קוואקר שופרסל קופסא500ג,בריגן קי ג'י,DE,קוואקר שופרסל,גרמים,500.00,100 גרם,false,0,9.90,1.98,true,1,
7296073117865,false,טבעות זיתים מושחר 560 גר,קבוצת יבנה מוצרי מזון,IL,טבעות זיתים,גרמים,560.00,100 גרם,false,0,8.50,1.52,true,1,
7296073117872,false,חרוזי זיתים מושחר שופ560,קבוצת יבנה מוצרי מזון,IL,חרוזי זיתים,גרמים,540.00,100 גרם,false,0,8.00,1.48,true,1,
7296073118770,false,עלי בייבי שטופים לאכילה,"פרסקו חצבה 2006 בע""\מ",IL,עלי בייבי שטופים,גרמים,300.00,100 גרם,false,0,14.90,4.97,true,1,
7296073121176,false,תמר חלאוי 400ג שופרסל,הדיקלאים,IL,תמר חלאווי 400ג,גרמים,400.00,100 גרם,false,0,12.90,3.23,true,1,
7296073121183,false,תמר דקל נור 400ג שופרסל,ערדום תמרים,IL,תמר דקל נור 400ג,גרמים,400.00,100 גרם,false,0,12.90,3.23,true,1,
7296073121190,false,תמר אמרי 400גרם שופרסל,הדיקלאים,IL,תמר אמרי 400ג,גרמים,400.00,100 גרם,false,0,12.90,3.23,true,1,
7296073122258,false,תערובת אגוזים 200גשופרסל,ששון,IL,תערובת אגוזים,גרמים,200.00,100 גרם,false,0,22.90,11.45,true,1,
7296073122333,false,שקדי מרק מרכיבים טבעיים,שופרסל,IL,שקדי מרק בשקית,גרמים,400.00,100 גרם,false,0,7.90,1.98,true,1,
7296073123712,false,"תמצית רום שופרסל 50 מ""ל",מיה,IL,תמצית רום,מיליליטרים,50.00,"100 מ""ל",false,0,4.20,8.40,true,1,
7296073123729,false,"תמצית וניל שופרסל 50 מ""ל",מיה,IL,תמצית וניל,מיליליטרים,50.00,"100 מ""ל",false,0,4.20,8.40,true,1,
7296073124160,false,שום קפוא מגשית שופרסל 80,שופרסל,IL,שום קפוא במגשית,גרמים,80.00,100 גרם,false,0,11.90,14.88,true,1,
7296073124375,false,פירורי לחם חיטה מלאה200ג,שופרסל,IL,פירורי לחם,גרמים,200.00,100 גרם,false,0,6.50,3.25,true,1,
7296073124382,false,ספגטיני מספר 3 שופרסל500,שופרסל,IT,ספגטיני מספר 3,גרמים,500.00,100 גרם,false,0,4.90,0.98,true,1,
7296073124399,false,ספגטי מספר 5 שופרסל 500ג,שופרסל,IT,ספגטי מספר 5,גרמים,500.00,100 גרם,false,0,4.90,0.98,true,1,
7296073125327,false,מלפפונים בינוני בחומץ560,קבוצת יבנה מוצרי מזון,IL,מלפפונים בחומץ,גרמים,560.00,100 גרם,false,0,6.80,1.21,true,1,
7296073125334,false,מלפפונים קטנים בחומץ560ג,קבוצת יבנה מוצרי מזון,IL,מלפפונים בחומץ,גרמים,560.00,100 גרם,false,0,9.50,1.70,true,1,
7296073125341,false,מלפפונים בחומץ18-25 540ג,קבוצת יבנה מוצרי מזון,IL,מלפפונים בחומץ,גרמים,540.00,100 גרם,false,0,10.90,2.02,true,1,
7296073125358,false,מלפפ.במלח7-9שופר560ג20%+,שופרסל,IL,מלפפונים במלח,גרמים,650.00,100 גרם,false,0,6.30,0.97,true,1,
7296073125907,false,מי פה ט.מנטה שופרסל500מל,שופרסל,ES,מי פה מנטה,מיליליטרים,500.00,"100 מ""ל",false,0,13.90,2.78,true,1,
7296073128236,false,מעדן משמש שופרסל 284 גרם,LTD 99 CIMA,BG,מעדן משמש,גרמים,284.00,100 גרם,false,0,13.90,4.89,true,1,
7296073128243,false,מעדן דובדבנים שופרסל284ג,LTD 99 CIMA,BG,מעדן דובדבן חמוץ,גרמים,284.00,100 גרם,false,0,13.90,4.89,true,1,
7296073128250,false,מעדן אוכמניות כחולות284ג,LTD 99 CIMA,BG,מעדן אוכמניות,גרמים,284.00,100 גרם,false,0,13.90,4.89,true,1,
7296073129431,false,פתיתים קוסקוס שופרסל500ג,"אסיף תעשיות מזון בע""\מ",IL,פתיתים קוסקוס,גרמים,500.00,100 גרם,false,0,4.80,0.96,true,1,
7296073129448,false,פתיתים טבעות שופרסל500גר,"אסיף תעשיות מזון בע""\מ",IL,פתיתים טבעות,גרמים,500.00,100 גרם,false,0,4.80,0.96,true,1,
7296073129455,false,פתיתים אורז שופרסל 500גר,"אסיף תעשיות מזון בע""\מ",IL,פתיתים אורז,גרמים,500.00,100 גרם,false,0,4.80,0.96,true,1,
7296073129462,false,פתיתים לבבות שופרסל500גר,"אסיף תעשיות מזון בע""\מ",IL,פתיתים לבבות,גרמים,500.00,100 גרם,false,0,4.80,0.96,true,1,
7296073129479,false,פתיתים כוכבים שופרסל500ג,אסיף תעשיות מזון,IL,פתיתים כוכבים,גרמים,500.00,100 גרם,false,0,4.80,0.96,true,1,
7296073129486,false,פתיתים קמח מלא שופרסל500,"אסיף תעשיות מזון בע""\מ",IL,פתיתים קמח מלא,גרמים,500.00,100 גרם,false,0,5.90,1.18,true,1,
7296073130499,false,"מיץ לימון שופרסל 200 מ""ל",סי פרווידר,IT,מיץ לימון שופרסל,מיליליטרים,200.00,"100 מ""ל",false,0,5.90,2.95,true,1,
7296073132400,false,"מיץ לימון שופרסל 500 מ""ל",סי פרווידר,IT,מיץ לימון,מיליליטרים,500.00,"100 מ""ל",false,0,6.90,1.38,true,1,
7296073132462,false,לבבות דקל חתוכ.שופר400.ג,אינדוסטריה אגריקולה,EC,לבבות דקל,גרמים,400.00,100 גרם,false,0,8.00,2.00,true,1,
7296073132806,false,חרוזי זיתים שופרסל560גרם,קבוצת יבנה מוצרי מזון,IL,חרוזי זיתים,גרמים,560.00,100 גרם,false,0,8.80,1.57,true,1,
7296073132820,false,סלק בואקום 500 גרם,שופרסל,ES,סלק בואקום 500ג,גרמים,500.00,100 גרם,false,0,7.90,1.58,true,1,
7296073132936,false,עוגת מאפין שיש שופרסל400,גידרון,IL,עוגת מאפין,גרמים,400.00,100 גרם,false,0,10.90,2.73,true,1,
7296073132943,false,עוגת מאפין שוק.שופרסל400,גידרון,IL,עוגת מאפין,גרמים,400.00,100 גרם,false,0,10.90,2.73,true,1,
7296073132950,false,עוגת מאפין וניל שופר400ג,גידרון,IL,עוגת מאפין,גרמים,400.00,100 גרם,false,0,10.90,2.73,true,1,
7296073132974,false,צלחות גדולות לבן שופרסל,שופרסל,IL,צלחות ענקיות,יחידה,1.00,יחידה,false,0,24.90,24.90,true,1,
7296073132981,false,25צלחות בינונ.לבן שופרסל,שופרסל,IL,צלחות גדולה,יחידה,1.00,יחידה,false,0,17.90,17.90,true,1,
7296073133056,false,צלחות קרם אלגנט גדולות,שופרסל,IL,צלחות קרם ענקיות,יחידה,1.00,יחידה,false,0,24.90,24.90,true,1,
7296073133070,false,צלחות קטנות קרם שופרסל 2,שופרסל,IL,צלחות קטנות,יחידה,1.00,יחידה,false,0,12.90,12.90,true,1,
7296073133087,false,קעריות מרק קרם שופרסל 25,שופרסל,IL,קעריות מרק,יחידה,1.00,יחידה,false,0,12.90,12.90,true,1,
7296073133094,false,מגשים אובליים קרם שופרסל,שופרסל,IL,מגשים אובליים,יחידה,1.00,יחידה,false,0,24.90,24.90,true,1,
7296073134442,false,קרקר חיטה שופרסל 300 גרם,שופרסל,CZ,קרקר חיטה,גרמים,300.00,100 גרם,false,0,13.50,4.50,true,1,
7296073134459,false,קרקר סגנ.שוודי שופרסל300,שופרסל,CZ,קרקר שוודי,גרמים,300.00,100 גרם,false,0,13.50,4.50,true,1,
7296073134534,false,קפה טורקי שופרסל 100 גרם,שופרסל,IL,קפה טורקי,גרמים,100.00,100 גרם,false,0,5.50,5.50,true,1,
7296073134541,false,קפה טורקי שופרסל 100*3גר,שופרסל,IL,מארז קפה טורקי,גרמים,300.00,100 גרם,false,0,14.80,4.93,true,1,
7296073140177,false,עוגת מאפין דבש שופר360גר,,IL,עוגת מאפין דבש,גרמים,360.00,100 גרם,false,0,6.90,1.92,true,1,
7296073140184,false,עוגת מאפין תפוז שופר400ג,גידרון,IL,עוגת מאפין תפוז,גרמים,400.00,100 גרם,false,0,10.90,2.73,true,1,
7296073141006,false,24 תחבושות סופר+ שופרסל,קוראטקס,DE,תחבושות שופרסל,יחידה,1.00,יחידה,false,0,12.50,12.50,true,1,
7296073141143,false,שוקולד חלב שופרסל100 גרם,"שוקולד פריי בע""מ",CH,שוקולד חלב,גרמים,100.00,100 גרם,false,0,5.00,5.00,true,1,
7296073141150,false,שוקולד מריר שוויצרי100ג,"שוקולד פריי בע""מ",CH,שוקולד מריר,גרמים,100.00,100 גרם,false,0,5.00,5.00,true,1,
7296073142041,false,גביעי גלידה שופרסל 24יח',"א.ג. גילרו בע""\מ",IL,גביעי גלידה,גרמים,120.00,100 גרם,false,0,10.50,8.75,true,1,
7296073143437,false,"ברנפלקס ללת""ס שופרסל 500",בריגן קי. ג'י,DE,"ברנפלקס ללת""ס",גרמים,500.00,100 גרם,false,0,19.90,3.98,true,1,
7296073143727,false,פתיתים אפויים 3 צבעים500,"אסיף תעשיות מזון בע""\מ",IL,פתיתים 3 צבעים,גרמים,500.00,100 גרם,false,0,5.90,1.18,true,1,
7296073143758,false,עוגת בראוניס שופרסל400גר,גידרון,IL,עוגת בראוניס,גרמים,400.00,100 גרם,false,0,14.90,3.73,true,1,
7296073146940,false,שוק.אוורירי חלב שופר100ג,"שוקולד פריי בע""מ",CH,שוקולד אוורירי,גרמים,100.00,100 גרם,false,0,5.00,5.00,true,1,
7296073146957,false,שוק.חלב שברי אגוז שופ100,שופרסל,CH,שוקולד חלב אגוז,גרמים,100.00,100 גרם,false,0,5.00,5.00,true,1,
7296073150442,false,תערובת לכדורי שוקולד500ג,"י.כהן בע""מ",IL,תערובת לכדורים,גרמים,500.00,100 גרם,false,0,14.00,2.80,true,1,
7296073150527,false,קורנפלקס שופרסל 750 גרם,שופרסל,DK,קורנפלקס שופרסל,גרמים,750.00,100 גרם,false,0,12.90,1.72,true,1,
7296073150756,false,שוקולד אגוזים3יח,,CH,שוקולד אגוזים3יח,גרמים,300.00,100 גרם,false,0,14.50,4.83,true,1,
7296073151463,false,פריכיות דקות דל נתרן100ג,"פרח תעשיות מזון בע""\מ",IL,פריכיות דקות,גרמים,100.00,100 גרם,false,0,7.50,7.50,true,1,
7296073151548,false,מלח בישול גס שופרסל 1 קג,מלח הארץ אילת,IL,מלח בישול גס,קילוגרמים,1.00,"ק""ג",false,0,1.80,1.80,true,1,
7296073151555,false,מלח שולחן דק שופרסל 1 קג,מלח הארץ אילת,IL,מלח שולחן דק,קילוגרמים,1.00,"ק""ג",false,0,1.80,1.80,true,1,
7296073153238,false,גזר ארוז שופרסל,,IL,גזר ארוז שופרסל,קילוגרמים,0.00,"ק""ג",true,0,3.90,3.90,true,1,
7296073153283,false,מזון לחתול מיקס שופר1.5ק,Tuffy's,IL,מזון לחתולים,קילוגרמים,1.50,"ק""ג",false,0,35.80,23.87,true,1,
7296073153290,false,מזון לחתול מיקס שופרסל3ק,Tuffy's,GB,מזון לחתולים,קילוגרמים,3.00,"ק""ג",false,0,48.00,16.00,true,1,
7296073153337,false,מקרוני בוקטיני מס14 500ג,שופרסל,IL,מקרוני,גרמים,500.00,100 גרם,false,0,4.90,0.98,true,1,
7296073153849,false,זוג רדידי אלומיניום 7.2X,שופרסל,IL,רדידי אלומיניום,מטרים,15.00,מטר,false,0,9.90,0.66,true,1,
7296073153870,false,זוג רדידי אלומיניום רחב,שופרסל,CN,זוג רדידי אלומינ,מטרים,15.00,מטר,false,0,14.90,0.99,true,1,
7296073156246,false,עוגת בראוניס ש.צ'יפס400ג,גידרון,IL,עוגת בראוניס,גרמים,400.00,100 גרם,false,0,14.90,3.73,true,1,
7296073156604,false,שוק.חלב עם אגוזי לוז100ג,שופרסל,CH,שוקולד+אגוזי לוז,גרמים,100.00,100 גרם,false,0,7.20,7.20,true,1,
7296073156611,false,שוקולד מריר 60% קקאו100ג,"שוקולד פריי בע""מ",CH,שוקולד מריר 60%,גרמים,100.00,100 גרם,false,0,6.80,6.80,true,1,
7296073160663,false,פסטה פוסיליני מהירה500גר,שופרסל,IT,פסטה פוסיליני,גרמים,500.00,100 גרם,false,0,6.30,1.26,true,1,
7296073160670,false,פסטה גנצ'טי מהיר.הכנה500,שופרסל,IT,פסטה גנצ'טי,גרמים,500.00,100 גרם,false,0,6.30,1.26,true,1,
7296073161479,false,פריכ.תירס+זרעי פשתן 100ג,"פרח תעשיות מזון בע""\מ",IL,פריכיות תירס,גרמים,100.00,100 גרם,false,0,7.50,7.50,true,1,
7296073161493,false,שוק.מריר60%שופרסל 100*2ג,"שוקולד פריי בע""מ",CH,שוקולד מריר זוג,גרמים,200.00,100 גרם,false,0,12.50,6.25,true,1,
7296073161516,false,שוק.מריר+אגוזים שלמ100*3,שופרסל,CH,שוקולד אגוז 3 יח,גרמים,300.00,100 גרם,false,0,18.90,6.30,true,1,
7296073161806,false,מנצ'ס 400גרם שופרסל,שופרסל,CN,מנצ'ס 400גרם,גרמים,400.00,100 גרם,false,0,12.90,3.23,true,1,
7296073161981,false,עוג.מילוי קרם שוק.שופ150,ויסנצ'י,IT,עוגיות קרם שוקו,גרמים,150.00,100 גרם,false,0,7.90,5.27,true,1,
7296073162001,false,עוג.קרם אגוז לוז שופר150,שופרסל,IT,עוגיות קרם אגוז,גרמים,150.00,100 גרם,false,0,7.90,5.27,true,1,
7296073163084,false,נקניקיות וינר שופרסל400ג,מעדני יחיעם,IL,נקניקיות וינר,גרמים,400.00,100 גרם,false,0,9.90,2.48,true,1,
7296073163107,false,נקניקיות וינר שופרסל1.5ק,שופרסל,IL,נקניקיות וינר,קילוגרמים,1.50,"ק""ג",false,0,28.90,19.27,true,1,
7296073163114,false,נקניקיות מיני שופרסל600ג,מעדני יחיעם,IL,נקניקיות מיני,גרמים,600.00,100 גרם,false,0,15.90,2.65,true,1,
7296073164388,false,עלי תרד אורגניים,,IL,עלי תרד אורגניים,יחידה,1.00,יחידה,false,0,11.90,11.90,true,1,
7296073164685,false,קייל אורגני גרין,,IL,קייל אורגני גרין,יחידה,1.00,יחידה,false,0,11.90,11.90,true,1,
7296073169543,false,40 מטליות רב שימושיות,שופרסל,IL,"מטליות רב""ש",יחידה,1.00,יחידה,false,0,16.90,16.90,true,1,
7296073169550,false,3 מטליות מיקרופייבר שופר,שופרסל,CN,מטליות מיקרופיבר,יחידה,1.00,יחידה,false,0,12.80,12.80,true,1,
7296073173045,false,דבש טבעי לחיץ שופרסל500ג,שופרסל,IL,דבש לחיץ שופרסל,גרמים,500.00,100 גרם,false,0,25.90,5.18,true,1,
7296073173199,false,אפונה ירוקה עדינה שופרסל,שופרסל,BE,אפונה עדינה,גרמים,600.00,100 גרם,false,0,16.90,2.82,true,1,
7296073173205,false,שעועית ירוקה עדינה שופרס,ARDO,BE,שעועית ירוקה,גרמים,600.00,100 גרם,false,0,18.90,3.15,true,1,
7296073173212,false,שעועית ירוקה שלמה שופרסל,ARDO,BE,שעועית ירוקה,גרמים,800.00,100 גרם,false,0,12.90,1.61,true,1,
7296073173229,false,שעועית ירוקה חתוכה שופרס,ARDO,BE,שעועית ירוקה,גרמים,800.00,100 גרם,false,0,15.90,1.99,true,1,
7296073173304,false,"קמח חיטה לאפיית לחם 1ק""ג",שופרסל,IL,קמח לאפיית לחם,קילוגרמים,1.00,"ק""ג",false,0,6.90,6.90,true,1,
7296073173311,false,קמח תופח מועשר שופרסל 1ק,שופרסל,IL,קמח תופח מועשר,קילוגרמים,1.00,"ק""ג",false,0,6.90,6.90,true,1,
7296073173335,false,קמח שיפון מלא שופרסל 1קג,שופרסל,IL,קמח שיפון מלא,קילוגרמים,1.00,"ק""ג",false,0,6.90,6.90,true,1,
7296073180203,false,עלי רוקט שטופים 150גרם,"פרסקו חצבה 2006 בע""\מ",IL,עלי רוקט150ג',גרמים,150.00,100 גרם,false,0,10.50,7.00,true,1,
7296073180210,false,עלי תרד בייבי שטופים400ג,"פרסקו חצבה 2006 בע""\מ",IL,עלי תרד בייבי,גרמים,400.00,100 גרם,false,0,12.90,3.23,true,1,
7296073180548,false,אגוז מלך טבעי150ג שופרסל,ששון,US,א.מלך טבעי קלוף,גרמים,150.00,100 גרם,false,0,11.90,7.93,true,1,
7296073180630,false,מטליות לחות לרצפה 10יח,טרופיקל דגיל,IL,מטליות לחות,יחידה,1.00,יחידה,false,0,9.90,9.90,true,1,
7296073180944,false,מטלית רצפה,,CN,מטלית רצפה,יחידה,1.00,יחידה,false,0,9.90,9.90,true,1,
7296073187363,false,פחם דרום אמריקאי,,PY,פחם דרום אמריקאי,קילוגרמים,2.00,"ק""ג",false,0,13.90,6.95,true,1,
7296073189572,false,פקאן סיני 200גרם שופרסל,שקרצי,IL,פקאן סיני 200גרם,גרמים,200.00,100 גרם,false,0,24.90,12.45,true,1,
7296073189589,false,פקאן טבעי 200גרם שופרסל,שקרצי,US,חצאי אגוזי פקאן,גרמים,200.00,100 גרם,false,0,25.90,12.95,true,1,
7296073189596,false,בוטן מטוגן200גרם שופרסל,שקרצי,IL,בוטן מטוגן200גרם,גרמים,200.00,100 גרם,false,0,7.90,3.95,true,1,
7296073189602,false,בוטן מטוגן 400גרם שופרסל,שקרצי,IL,חצאי בוטן מטוגן,גרמים,400.00,100 גרם,false,0,14.90,3.73,true,1,
7296073189671,false,ג.דלעת קלוף 150גרם שופרס,ששון,CN,גרעין דלעת קלוף,גרמים,150.00,100 גרם,false,0,12.90,8.60,true,1,
7296073189688,false,ג.חמניה קלוף150ג שופרסל,ששון,IL,גרעין חמניה 150ג,גרמים,150.00,100 גרם,false,0,5.80,3.87,true,1,
7296073191261,false,תחתיות ארטישוק שופר390גר,Raal El Conservas,ES,תחתיות ארטישוק,גרמים,390.00,100 גרם,false,0,9.90,2.54,true,1,
7296073192633,false,שעועית לבנה שופרסל 800גר,פרי גליל,IL,שעועית לבנה,גרמים,800.00,100 גרם,false,0,17.60,2.20,true,1,
7296073192657,false,גרגרי חומוס שופרסל 800גר,פרי גליל,IL,גרגרי חומוס,גרמים,800.00,100 גרם,false,0,16.60,2.08,true,1,
7296073193784,false,כרובית שטופה 500גרם,"פרסקו חצבה 2006 בע""\מ",IL,כרובית שטופה,גרמים,500.00,100 גרם,false,0,15.90,3.18,true,1,
7296073193791,false,ברוקולי שטוף 400גרם,פרסקו,IL,ברוקולי שטוף,גרמים,400.00,100 גרם,false,0,15.90,3.98,true,1,
7296073195245,false,חלווה אורגנית גרין 300גר,"אחדות בע""מ א.ת. ברקן",IL,חלווה אורגנית,גרמים,300.00,100 גרם,false,0,13.80,4.60,true,1,
7296073195252,false,פריכיות אורז מלא גרין100,"פרח תעשיות מזון בע""\מ",IL,פריכיות אורז מלא,גרמים,100.00,100 גרם,false,0,7.90,7.90,true,1,
7296073195269,false,פריכיות אורז מלא+קינואה,פרח תעשיות מזון,IL,פריכיות אורז מלא,גרמים,100.00,100 גרם,false,0,7.90,7.90,true,1,
7296073195894,false,אטריות דקיקות שופרסל400ג,שיבולים בני דרום,IL,אטריות דקיקות,גרמים,400.00,100 גרם,false,0,4.90,1.23,true,1,
7296073195900,false,אטריות דקות שופרסל 400ג,שיבולים בני דרום,IL,אטריות דקות,גרמים,400.00,100 גרם,false,0,4.90,1.23,true,1,
7296073195917,false,אטריות בינוניות 400 גרם,שיבולים בני דרום,IL,אטריות בינוניות,גרמים,400.00,100 גרם,false,0,4.90,1.23,true,1,
7296073195924,false,אטריות רחבות שופרסל400ג,שיבולים בני דרום,IL,אטריות דקות,גרמים,400.00,100 גרם,false,0,4.90,1.23,true,1,
7296073197461,false,שוקולד חלב 100*3 גרם,"שוקולד פריי בע""מ",CH,שוקולד חלב 3 יח,גרמים,300.00,100 גרם,false,0,12.90,4.30,true,1,
7296073197478,false,שוקולד מריר שוויצרי100*3,"שוקולד פריי בע""מ",CH,שוקולד מריר 3 יח,גרמים,300.00,100 גרם,false,0,12.90,4.30,true,1,
7296073199014,false,נודלס דק להקפצה 400 גרם,INDUSTRY ANLIDA LONGHAI FUJIAN,CN,נודלס דק להקפצה,גרמים,400.00,100 גרם,false,0,9.80,2.45,true,1,
7296073200987,false,פטריות חתוכות 3 * 400 גר,פרוצ'אמפ,NL,פטריות חתוכות3יח,קילוגרמים,1.20,"ק""ג",false,0,11.90,9.92,true,1,
7296073201410,false,נודלס רחב להקפצה 400ג,פרוצ'אמפ,CN,נודלס בינוני,גרמים,400.00,100 גרם,false,0,9.80,2.45,true,1,
7296073202493,false,שוק.חלב שופרסל 100*6 גרם,"שוקולד פריי בע""מ",CH,שוקולד חלב 6 יח,גרמים,600.00,100 גרם,false,0,23.90,3.98,true,1,
7296073203391,false,"מיקס מזון לכלבים 3 ק""ג",EFFEFFE,IT,מיקס מזון לכלבים,קילוגרמים,3.00,"ק""ג",false,0,39.60,13.20,true,1,
7296073203407,false,"מיקס מזון לכלבים 12 ק""ג",EFFEFFE,IT,מיקס מזון לכלבים,קילוגרמים,12.00,"ק""ג",false,0,99.90,8.33,true,1,
7296073204640,false,בוטן אמריקאי200ג שופרסל,ששון,IL,בוטנים אמריקאים,גרמים,200.00,100 גרם,false,0,6.90,3.45,true,1,
7296073205081,false,מיונז,,IL,מיונז,גרמים,500.00,100 גרם,false,0,7.90,1.58,true,1,
7296073205111,false,"ניוקי תפו""א ל.ג.גרין500ג",,IT,"ניוקי תפו""א",גרמים,500.00,100 גרם,false,0,10.00,2.00,true,1,
7296073205418,false,פוסילי מלא אורג.גרין500ג,,IT,פוזילי מלא,גרמים,500.00,100 גרם,false,0,9.90,1.98,true,1,
7296073205425,false,פוסילי אורגני גרין 500 ג,,IT,פוזילי אורגני,גרמים,100.00,100 גרם,false,0,9.90,9.90,true,1,
7296073205456,false,פנה מלא אורגני,,IT,פנה מלא אורגני,גרמים,500.00,100 גרם,false,0,9.90,1.98,true,1,
7296073205463,false,פנה אורגני,,IT,פנה אורגני,גרמים,500.00,100 גרם,false,0,9.90,1.98,true,1,
7296073205616,false,תמר מג'הול אורגני גרין1ק,אלסקה,IL,תמר מג'הול גרין,קילוגרמים,1.00,"ק""ג",false,0,22.90,22.90,true,1,
7296073205692,false,רוטב פסטה שום אורגני 350,אלת'אה אס.פי.איי,IT,רוטבעגבניות שום,גרמים,350.00,100 גרם,false,0,13.90,3.97,true,1,
7296073205708,false,רוט.פסט.בזיליקום אורג350,אלת'אה אס.פי.איי,IT,רוטב פסטה,גרמים,350.00,100 גרם,false,0,13.90,3.97,true,1,
7296073206095,false,סירופ אגבה,,MX,סירופ אגבה,גרמים,330.00,100 גרם,false,0,16.90,5.12,true,1,
7296073206101,false,סירופ אגבה אורג.גרין660ג,,MX,סירופ אגבה,גרמים,660.00,100 גרם,false,0,28.90,4.38,true,1,
7296073206682,false,טונה בשמן קנולה 160*4ג,"תעשיות פילטונה בע""מ",IL,טונה בשמן 4 יח,גרמים,640.00,100 גרם,false,0,19.90,3.11,true,1,
7296073207078,false,בוטן קלוף קלוי וממולח300,ששון,IL,בוטן קלוף קלוי,גרמים,300.00,100 גרם,false,0,11.90,3.97,true,1,
7296073209225,false,"3ספוגיות קירצוף 9*72 ס""מ",פלסטו פוליש,IL,ספוגיות קירצוף,יחידה,1.00,יחידה,false,0,7.90,7.90,true,1,
7296073209249,false,ספגיות קירצוף 6 יחידות,פלסטו פוליש,IL,ספוגיות קירצוף,יחידה,1.00,יחידה,false,0,4.90,4.90,true,1,
7296073211624,false,פילה אמנון קפוא קג,שופרסל,CN,פילה אמנון קפוא,קילוגרמים,0.00,"ק""ג",true,0,29.90,29.90,true,1,
7296073211969,false,וופל בלגי שופרסל 200 גרם,"גילרו בע""\מ",IL,וופל בלגי שוקולד,גרמים,200.00,100 גרם,false,0,4.00,2.00,true,1,
7296073214120,false,חתיכות אננס בסירופ850ג,CANNING FRUIT KUIBURI,TH,חתיכות אננס,גרמים,850.00,100 גרם,false,0,9.90,1.16,true,1,
7296073214144,false,פלחי אפרסקים,,CN,פלחי אפרסק,גרמים,312.00,100 גרם,false,0,4.90,1.57,true,1,
7296073215820,false,כורכום טחון,,IL,כורכום טחון,גרמים,100.00,100 גרם,false,0,7.00,7.00,true,1,
7296073215844,false,כורכום טחון,,IL,כורכום טחון,גרמים,40.00,100 גרם,false,0,6.00,15.00,true,1,
7296073215851,false,כורכום במיכל,,IL,כורכום במיכל,גרמים,100.00,100 גרם,false,0,9.50,9.50,true,1,
7296073215882,false,כמון טחון,,IL,כמון טחון,גרמים,40.00,100 גרם,false,0,7.30,18.25,true,1,
7296073215899,false,כמון טחון,,IL,כמון טחון,גרמים,100.00,100 גרם,false,0,9.70,9.70,true,1,
7296073215905,false,כמון טחון,,IL,כמון טחון,גרמים,400.00,100 גרם,false,0,28.90,7.23,true,1,
7296073215912,false,קנמון טחון,,IL,קנמון טחון,גרמים,100.00,100 גרם,false,0,6.90,6.90,true,1,
7296073215929,false,קנמון טחון,,IL,קנמון טחון,גרמים,40.00,100 גרם,false,0,6.50,16.25,true,1,
7296073215936,false,קנמון טחון,,IL,קנמון טחון,גרמים,80.00,100 גרם,false,0,7.50,9.38,true,1,
7296073215943,false,אורגנו בשקית,,IL,אורגנו בשקית,גרמים,20.00,100 גרם,false,0,5.60,28.00,true,1,
7296073215974,false,שום גבישי,,IL,שום גבישי,גרמים,120.00,100 גרם,false,0,10.80,9.00,true,1,
7296073215981,false,אבקת שום,,IL,אבקת שום,גרמים,90.00,100 גרם,false,0,8.90,9.89,true,1,
7296073215998,false,אבקת שום,,IL,אבקת שום,גרמים,50.00,100 גרם,false,0,6.70,13.40,true,1,
7296073216001,false,תערובת תיבול עוף,,IL,תערובת תיבול עוף,גרמים,100.00,100 גרם,false,0,7.30,7.30,true,1,
7296073216018,false,תערובת תיבול,,IL,תערובת תיבול,גרמים,100.00,100 גרם,false,0,7.00,7.00,true,1,
7296073216025,false,תערובת תיבול,,IL,תערובת תיבול,גרמים,100.00,100 גרם,false,0,9.80,9.80,true,1,
7296073216032,false,תערובת גריל עוף,,IL,תערובת גריל עוף,גרמים,150.00,100 גרם,false,0,10.90,7.27,true,1,
7296073216049,false,תערוב תיבול,,IL,תערוב תיבול,גרמים,100.00,100 גרם,false,0,6.70,6.70,true,1,
7296073216056,false,תיבול לשווארמה,,IL,תיבול לשווארמה,גרמים,100.00,100 גרם,false,0,8.10,8.10,true,1,
7296073216063,false,חוואג' למרק,,IL,חוואג' למרק,גרמים,100.00,100 גרם,false,0,8.50,8.50,true,1,
7296073216070,false,פטרוזיליה תבלין,,IL,פטרוזיליה תבלין,גרמים,20.00,100 גרם,false,0,6.90,34.50,true,1,
7296073216087,false,עלי דפנה,,IL,עלי דפנה,גרמים,20.00,100 גרם,false,0,5.50,27.50,true,1,
7296073216094,false,בהרט,,IL,בהרט,גרמים,100.00,100 גרם,false,0,7.00,7.00,true,1,
7296073216100,false,צ'ילי כתוש,,IL,צ'ילי כתוש,גרמים,25.00,100 גרם,false,0,5.90,23.60,true,1,
7296073216117,false,תערובת תיבול קאר,,IL,תערובת תיבול קאר,גרמים,100.00,100 גרם,false,0,5.90,5.90,true,1,
7296073216124,false,בזיליקום תבלין,,IL,בזיליקום תבלין,גרמים,30.00,100 גרם,false,0,5.50,18.33,true,1,
7296073216155,false,פלפל שחור,,IL,פלפל שחור,גרמים,40.00,100 גרם,false,0,9.90,24.75,true,1,
7296073216162,false,פלפל שחור,,IL,פלפל שחור,גרמים,100.00,100 גרם,false,0,12.90,12.90,true,1,
7296073216186,false,פלפל שחור,,IL,פלפל שחור,גרמים,40.00,100 גרם,false,0,9.50,23.75,true,1,
7296073216193,false,פלפל שחור,,IL,פלפל שחור,גרמים,90.00,100 גרם,false,0,12.50,13.89,true,1,
7296073216209,false,פלפל שחור,,IL,פלפל שחור,גרמים,35.00,100 גרם,false,0,9.40,26.86,true,1,
7296073216216,false,פלפל לבן,,IL,פלפל לבן,גרמים,40.00,100 גרם,false,0,9.50,23.75,true,1,
7296073216223,false,פפריקה מתוקה,,IL,פפריקה מתוקה,גרמים,80.00,100 גרם,false,0,5.20,6.50,true,1,
7296073216230,false,פפריקה מתוקה,,IL,פפריקה מתוקה,גרמים,40.00,100 גרם,false,0,7.30,18.25,true,1,
7296073216247,false,פפריקה מתוקה,,IL,פפריקה מתוקה,גרמים,100.00,100 גרם,false,0,9.50,9.50,true,1,
7296073216254,false,פפריקה מתוקה,,IL,פפריקה מתוקה,גרמים,400.00,100 גרם,false,0,20.90,5.23,true,1,
7296073216278,false,פפריקה מרוקאית,,IL,פפריקה מרוקאית,גרמים,90.00,100 גרם,false,0,9.20,10.22,true,1,
7296073216285,false,פפריקה מתוקה,,IL,פפריקה מתוקה,גרמים,400.00,100 גרם,false,0,23.90,5.98,true,1,
7296073216292,false,פפריקה חריפה,,IL,פפריקה חריפה,גרמים,80.00,100 גרם,false,0,5.00,6.25,true,1,
7296073216308,false,פפריקה חריפה,,IL,פפריקה חריפה,גרמים,100.00,100 גרם,false,0,9.50,9.50,true,1,
7296073216315,false,מלח לימון,,IL,מלח לימון,גרמים,100.00,100 גרם,false,0,6.60,6.60,true,1,
7296073216322,false,מלח לימון,,IL,מלח לימון,גרמים,170.00,100 גרם,false,0,9.80,5.76,true,1,
7296073218159,false,תיבול לקציצות,,IL,תיבול לקציצות,גרמים,100.00,100 גרם,false,0,5.90,5.90,true,1,
7296073218166,false,פלפל אנגלי שלם,,IL,פלפל אנגלי שלם,גרמים,25.00,100 גרם,false,0,7.90,31.60,true,1,
7296073218173,false,תיבול גריל דג,,IL,תיבול גריל דג,גרמים,100.00,100 גרם,false,0,5.90,5.90,true,1,
7296073218234,false,סוכר חום אורגני גרין 1 ק,,IL,סוכר קנים חום,קילוגרמים,1.00,"ק""ג",false,0,10.00,10.00,true,1,
7296073218661,false,מטליות לרצפה 3יח,,CN,מטליות לרצפה 3יח,יחידה,1.00,יחידה,false,0,15.00,15.00,true,1,
7296073218807,false,בישקוטים,,IT,בישקוטים,גרמים,200.00,100 גרם,false,0,7.20,3.60,true,1,
7296073219088,false,מיונז אמיתי 1 קג,,IL,מיונז אמיתי 1 קג,קילוגרמים,1.00,"ק""ג",false,0,14.90,14.90,true,1,
7296073219118,false,אבקת כביסה,,IL,אבקת כביסה,קילוגרמים,2.50,"ק""ג",false,0,20.90,8.36,true,1,
7296073219255,false,קפה נמס,,IL,קפה נמס,גרמים,200.00,100 גרם,false,0,13.90,6.95,true,1,
7296073219262,false,קפה טורקי עם הל,,IL,קפה טורקי עם הל,גרמים,100.00,100 גרם,false,0,6.30,6.30,true,1,
7296073219347,false,לחם אחיד פרוס750ג שופרסל,מאפית ברמן,IL,לחם אחיד פרוס,גרמים,750.00,100 גרם,false,0,7.10,0.95,true,1,
7296073219606,false,כדורי דגנים,,LT,כדורי דגנים,גרמים,500.00,100 גרם,false,0,12.50,2.50,true,1,
7296073219675,false,פלפל שחור גרוס,,IL,פלפל שחור גרוס,גרמים,80.00,100 גרם,false,0,10.50,13.13,true,1,
7296073219880,false,פודינג שוקולד,,IL,פודינג שוקולד,גרמים,95.00,100 גרם,false,0,4.50,4.74,true,1,
7296073219897,false,פודינג וניל,,IL,פודינג וניל,גרמים,80.00,100 גרם,false,0,4.50,5.63,true,1,
7296073219903,false,ג'לי פטל,,IL,ג'לי פטל,גרמים,85.00,100 גרם,false,0,5.00,5.88,true,1,
7296073219910,false,ג'לי משמש,,IL,ג'לי משמש,גרמים,85.00,100 גרם,false,0,5.00,5.88,true,1,
7296073219927,false,ג'לי תות,,IL,ג'לי תות,גרמים,85.00,100 גרם,false,0,5.00,5.88,true,1,
7296073220008,false,ממתיק על בסיס סוכרלוז100,"ביסקול בע""מ",IL,ממתיק סוכרלוז,גרמים,100.00,100 גרם,false,0,16.90,16.90,true,1,
7296073220022,false,אבקת קקאו,,IL,אבקת קקאו,גרמים,150.00,100 גרם,false,0,7.50,5.00,true,1,
7296073220251,false,אבקת קקאו,,IL,אבקת קקאו,גרמים,500.00,100 גרם,false,0,23.70,4.74,true,1,
7296073220275,false,וופל ט.שוקולד שופרסל500ג,"מנעמים תעשיות מזון בע""\מ",IL,ופל טעם שוקולד,גרמים,500.00,100 גרם,false,0,9.90,1.98,true,1,
7296073220282,false,וופלים ט.לימון שופרסל500,"מנעמים תעשיות מזון בע""\מ",IL,ופל טעם לימון,גרמים,500.00,100 גרם,false,0,9.90,1.98,true,1,
7296073220442,false,דובדבן קפוא שופרסל 300גר,d.o.o Lukowa,RS,דובדבן,גרמים,300.00,100 גרם,false,0,16.90,5.63,true,1,
7296073221319,false,מארז כפות בצבע קרם,.,IL,כפות חד פעמיות,יחידה,1.00,יחידה,false,0,14.90,14.90,true,1,
7296073221326,false,"כפית קרם 100 יח,' 1.4גרם",.,TR,"מארז כפיות ח""פ",יחידה,1.00,יחידה,false,0,14.90,14.90,true,1,
7296073221630,false,שמן קנולה שופרסל 1 ליטר,בוקרלמן,DE,שמן קנולה,ליטרים,1.00,ליטר,false,0,9.90,9.90,true,1,
7296073221791,false,ופלים בטעם אגוזים 400 גר,"מנעמים תעשיות מזון בע""\מ",IL,ופל אגוזים,גרמים,400.00,100 גרם,false,0,9.90,2.48,true,1,
7296073222224,false,פסטרמה ברביקיו דק דק140ג,מעדני יחיעם,IL,פסטרמה ברביקיו,גרמים,140.00,100 גרם,false,0,11.90,8.50,true,1,
7296073222231,false,פסטרמה בדבש דק דק 140 גר,מעדני יחיעם,IL,פסטרמה בדבש,גרמים,140.00,100 גרם,false,0,11.90,8.50,true,1,
7296073222255,false,סלמי מעושן שופרסל 400 גר,מעדני יחיעם,IL,סלמי מעושן,גרמים,400.00,100 גרם,false,0,16.90,4.23,true,1,
7296073222262,false,קבנוס שופרסל 100 גרם,מעדני יחיעם,IL,קבנוס,גרמים,100.00,100 גרם,false,0,8.90,8.90,true,1,
7296073222279,false,נקניקיות וינר שופרסל 1קג,מעדני יחיעם,IL,נקניקיות וינר,קילוגרמים,1.00,"ק""ג",false,0,21.90,21.90,true,1,
7296073222309,false,ג'חנון קפוא שופרסל 650 ג,אופרה,IL,ג'חנון קפוא שופר,גרמים,650.00,100 גרם,false,0,14.90,2.29,true,1,
7296073222316,false,ג'חנון אפוי שופרסל 650ג,אופרה,IL,ג'חנון אפוי שופר,גרמים,650.00,100 גרם,false,0,16.90,2.60,true,1,
7296073222323,false,מלווח קפוא שופרסל700ג,אופרה,IL,מלווח קפוא שופרס,גרמים,700.00,100 גרם,false,0,12.90,1.84,true,1,
7296073223009,false,שמן זית,,IT,שמן זית,מיליליטרים,750.00,"100 מ""ל",false,0,29.90,3.99,true,1,
7296073223993,false,מזון חתולים,,FR,מזון חתולים,גרמים,400.00,100 גרם,false,0,6.90,1.73,true,1,
7296073224006,false,מזון חתולים,,FR,מזון חתולים,גרמים,400.00,100 גרם,false,0,6.90,1.73,true,1,
7296073224013,false,מזון חתולים,,FR,מזון חתולים,גרמים,400.00,100 גרם,false,0,6.90,1.73,true,1,
7296073224020,false,מזון חתולים,,FR,מזון חתולים,גרמים,400.00,100 גרם,false,0,6.90,1.73,true,1,
7296073224037,false,מזון כלבים,,FR,מזון כלבים,גרמים,400.00,100 גרם,false,0,6.80,1.70,true,1,
7296073224044,false,מזון לכלב,,FR,מזון לכלב,גרמים,400.00,100 גרם,false,0,6.80,1.70,true,1,
7296073224051,false,מזון כלבים,,FR,מזון כלבים,גרמים,400.00,100 גרם,false,0,6.80,1.70,true,1,
7296073224204,false,שמן זית,,IT,שמן זית,ליטרים,1.00,ליטר,false,0,39.90,39.90,true,1,
7296073224228,false,"דבש טבעי שופרסל 1 ק""ג",מאאס הוני איי אנ טי,ES,דבש טבעי,קילוגרמים,1.00,"ק""ג",false,0,38.90,38.90,true,1,
7296073224389,false,אורז חום ארוך מלא אורגני,,IL,אורז חום,גרמים,500.00,100 גרם,false,0,8.90,1.78,true,1,
7296073224402,false,גרגירי חומוס אורגני גרין,,IL,גרגירי חומוס,גרמים,500.00,100 גרם,false,0,11.90,2.38,true,1,
7296073224419,false,שומשום מלא אורגני גר100ג,,IL,שומשום מלא,גרמים,100.00,100 גרם,false,0,4.90,4.90,true,1,
7296073224433,false,אורז חום עגול מלא גר500,,IL,אורז חום עגול,גרמים,500.00,100 גרם,false,0,10.90,2.18,true,1,
7296073224457,false,כוסמת אורגנית גרין 500 ג,,IL,כוסמת אורגנית,גרמים,500.00,100 גרם,false,0,8.90,1.78,true,1,
7296073224471,false,עדשים אדומות אורגני גרין,,IL,עדשים אדומות,גרמים,500.00,100 גרם,false,0,10.90,2.18,true,1,
7296073224488,false,בורגול אורגני גרין 500 ג,,IL,בורגול אורגני,גרמים,500.00,100 גרם,false,0,7.90,1.58,true,1,
7296073224495,false,עדשים ירוק אורג.גרין500ג,,IL,עדשים ירוקות,גרמים,500.00,100 גרם,false,0,12.90,2.58,true,1,
7296073224518,false,גרעיני חמניה,,IL,גרעיני חמניה,גרמים,100.00,100 גרם,false,0,4.90,4.90,true,1,
7296073224525,false,שבבי שיב.שוע500גרוס גרין,,IL,קוואקר אורגני,גרמים,500.00,100 גרם,false,0,10.90,2.18,true,1,
7296073224549,false,זרעי פשתן גרין 500 גרם,,IL,זרעי פשתן,גרמים,500.00,100 גרם,false,0,10.90,2.18,true,1,
7296073224556,false,שבבי שיבולת שועל גרין500,,IL,קוואקר אורג.עבה,גרמים,500.00,100 גרם,false,0,10.90,2.18,true,1,
7296073224563,false,סלט טחינה שופרסל 400 גרם,סלטי שמיר,IL,סלט טחינה,גרמים,400.00,100 גרם,false,0,11.90,2.98,true,1,
7296073224570,false,חומוס אסלי שופרסל 400גרם,סלטי שמיר,IL,חומוס אסלי,גרמים,400.00,100 גרם,false,0,10.90,2.73,true,1,
7296073224587,false,כרוב אדום שופרסל 400 גרם,סלטי שמיר,IL,סלט כרוב אדום,גרמים,400.00,100 גרם,false,0,11.90,2.98,true,1,
7296073224600,false,"חומוס שופרסל 1 ק""ג",סלטי שמיר,IL,סלט חומוס,קילוגרמים,1.00,"ק""ג",false,0,12.90,12.90,true,1,
7296073224648,false,"אורז פרסי שופרסל 5 ק""ג",ltd co produce Uthai,TH,"אורז פרסי 5 ק""ג",קילוגרמים,5.00,"ק""ג",false,0,29.90,5.98,true,1,
7296073224662,false,12ביצים חופש אורגניות M,חוות גבעות עולם,IL,ביצי חופש 12 יח,יחידה,1.00,יחידה,false,0,22.90,22.90,true,1,
7296073224693,false,ביציםM שופרסל 12,,IL,ביציםM שופרסל 12,יחידה,1.00,יחידה,false,0,11.15,11.15,true,1,
7296073224709,false,ביציםL שופרסל 12,,IL,ביציםL שופרסל 12,יחידה,1.00,יחידה,false,0,12.05,12.05,true,1,
7296073224716,false,ביצים XL שופרסל 12 יח,.,IL,ביציםXL שופרסל12,יחידה,1.00,יחידה,false,0,13.10,13.10,true,1,
7296073224815,false,מרכך מרוכז כחול,,IL,מרכך מרוכז כחול,ליטרים,1.00,ליטר,false,0,10.90,10.90,true,1,
7296073224822,false,מרכך מרוכז ורוד,,IL,מרכך מרוכז ורוד,ליטרים,1.00,ליטר,false,0,10.90,10.90,true,1,
7296073224839,false,מרכך מרוכז לבן,,IL,מרכך מרוכז לבן,ליטרים,1.00,ליטר,false,0,10.90,10.90,true,1,
7296073224846,false,מרכך מרוכז סגול,,IL,מרכך מרוכז סגול,ליטרים,1.00,ליטר,false,0,10.90,10.90,true,1,
7296073224907,false,אפונה וגזר שופרסל 800גרם,ARDO,BE,אפונה וגזר,גרמים,800.00,100 גרם,false,0,13.80,1.73,true,1,
7296073225010,false,ריבועי דגנים+קינמון500גר,פודס,LT,ריבועי דגנים,גרמים,500.00,100 גרם,false,0,12.50,2.50,true,1,
7296073225072,false,לחמניות שופרסל 6יח75*גר,מאפיית שלמה א. אנג'\ל בע,IL,לחמניות 6 יחידות,גרמים,450.00,100 גרם,false,0,11.90,2.64,true,1,
7296073225249,false,גרעין חמניה לא תוספת מלח,ששון,IL,גרעין חמניה,גרמים,200.00,100 גרם,false,0,6.80,3.40,true,1,
7296073225256,false,גרעין חמנייה קליית עפולה,ששון,IL,גרעין חמנייה,גרמים,200.00,100 גרם,false,0,6.80,3.40,true,1,
7296073225492,false,רוטב עגבני.מרוכז22% 260ג,פריניר,IL,רוטב עגבניות,גרמים,260.00,100 גרם,false,0,3.10,1.19,true,1,
7296073225508,false,כוסות קפה גדולות שופרסל,.,CN,כוסות קפה גדולות,יחידה,1.00,יחידה,false,0,18.90,18.90,true,1,
7296073225515,false,"מכסים לכוסות קפה ח""פ 50",.,CN,מכסים לכוסות קפה,יחידה,1.00,יחידה,false,0,9.90,9.90,true,1,
7296073225560,false,"ופלים שוקולד ללת""ס200גרם","מנעמים תעשיות מזון בע""\מ",IL,"ופל שוקולד ללת""ס",גרמים,200.00,100 גרם,false,0,6.50,3.25,true,1,
7296073225720,false,שעועית מש 500 גרם,,IL,שעועית מש,גרמים,500.00,100 גרם,false,0,13.90,2.78,true,1,
7296073225737,false,שעועית אזוקי 500 גרם,,IL,שעועית אזוקי,גרמים,500.00,100 גרם,false,0,12.90,2.58,true,1,
7296073225768,false,סלט מטבוחה שופרסל 400גרם,סלטי שמיר,IL,סלט מטבוחה,גרמים,400.00,100 גרם,false,0,11.90,2.98,true,1,
7296073225775,false,רצועות סלק שופרסל 400גרם,סלטי שמיר,IL,סלט סלק שופרסל,גרמים,400.00,100 גרם,false,0,11.90,2.98,true,1,
7296073226529,false,וופל קוביות שוקולד 250גר,בלקוני,IT,וופל קוביות,גרמים,250.00,100 גרם,false,0,10.90,4.36,true,1,
7296073226536,false,וופל קוביות קרם אגוז250ג,בלקוני,IT,וופל קוביות,גרמים,250.00,100 גרם,false,0,10.90,4.36,true,1,
7296073226543,false,אורגנו תבלין,,IL,אורגנו תבלין,גרמים,40.00,100 גרם,false,0,9.20,23.00,true,1,
7296073226987,false,סלט חומוס+מסבחה שופר400ג,סלטי שמיר,IL,חומוס עם מסבחה,גרמים,400.00,100 גרם,false,0,10.90,2.73,true,1,
7296073229650,false,סירופ טעם שוקולד,,IL,סירופ טעם שוקולד,גרמים,600.00,100 גרם,false,0,11.90,1.98,true,1,
7296073229667,false,סירופ טעם מייפל,,IL,סירופ טעם מייפל,גרמים,600.00,100 גרם,false,0,11.90,1.98,true,1,
7296073229674,false,פטוצ'יני ללינגויני 500 ג,.,IT,פסטה לינגוויני,גרמים,500.00,100 גרם,false,1,4.90,0.98,true,1,
7296073229698,false,12ביצים אורגנ+L.אומגה3,חוות גבעות עולם,IL,ביצים אורגניות,יחידה,1.00,יחידה,false,0,25.90,25.90,true,1,
7296073230021,false,מנקה רצפות כחול 2 ליטר,קליר כימיקלים,IL,מנקה רצפות כחול,ליטרים,2.00,ליטר,false,0,13.90,6.95,true,1,
7296073230038,false,מנקה רצפות ורוד 2 ליטר,קליר כימיקלים,IL,מנקה רצפות,ליטרים,2.00,ליטר,false,0,13.90,6.95,true,1,
7296073230045,false,מנקה רצפות סגול 2 ליטר,קליר כימיקלים,IL,מנקה רצפות,ליטרים,2.00,ליטר,false,0,13.90,6.95,true,1,
7296073230106,false,"סלט תפו""א שופרסל 400 גרם",סלטי שמיר,IL,"סלט תפו""א",גרמים,400.00,100 גרם,false,0,11.90,2.98,true,1,
7296073230410,false,"כוסות קפה ח""פ",,CN,כוס שתיה חמה,יחידה,1.00,יחידה,false,0,14.90,14.90,true,1,
7296073230427,false,כפות שקופות,,IL,כפות שקופות,יחידה,1.00,יחידה,false,0,14.90,14.90,true,1,
7296073230441,false,כפיות שקופות עבות במיוחד,.,IL,כפיות שקופות,יחידה,1.00,יחידה,false,0,14.90,14.90,true,1,
7296073230465,false,מארז סכינים שקופים עבים,.,IL,סכינים שקופים,יחידה,1.00,יחידה,false,0,14.90,14.90,true,1,
7296073230489,false,מארז מזלגות שקופים עבים,.,TR,מזלגות שקופים,יחידה,1.00,יחידה,false,0,14.90,14.90,true,1,
7296073230632,false,דגני טבעות דבש 500 גרם,UAB FOODS CERERA,LT,טבעות דבש,גרמים,500.00,100 גרם,false,0,12.50,2.50,true,1,
7296073230656,false,מגבות נייר שופרסל 6 גל.,"שניב תעשיות נייר בע""\מ",IL,מגבות נייר,מטרים,63.00,מטר,false,0,9.90,0.16,true,1,
7296073230663,false,מגבות נייר שופרסל 8 גל.,"שניב תעשיות נייר בע""\מ",IL,מגבות נייר,מטרים,8.00,מטר,false,0,13.90,1.74,true,1,
7296073230885,false,גלילי וופל קרם אגוזים100,"מנעמים תעשיות מזון בע""\מ",IL,גלילי וופל,גרמים,100.00,100 גרם,false,1,4.90,4.90,true,1,
7296073230892,false,50כוסות קרטון,,CN,כוסות שתייה,יחידה,1.00,יחידה,false,0,21.90,21.90,true,1,
7296073230960,false,קרקר+מלח אורגני גרין250ג,נובה אינדסטריה,IT,קרקר עם מלח,גרמים,250.00,100 גרם,false,1,6.90,2.76,true,1,
7296073230977,false,קרקר+שומשום רוזמרין גרין,נובה אינדסטריה,IT,קרקר שומשום,גרמים,250.00,100 גרם,false,1,5.90,2.36,true,1,
7296073231240,false,חט.פריכיות שוקו חלב18*5ג,בנליין פודס,RS,חטיף פריכיות,גרמים,90.00,100 גרם,false,1,9.90,11.00,true,1,
7296073231264,false,חט.פריכיות שוקו תות18*5,בנליין פודס,RS,חטיף פריכיות,גרמים,90.00,100 גרם,false,1,9.90,11.00,true,1,
7296073231271,false,מרכ.כביסה ורוד שופרסל 4ל,גליל כימיקלים,IL,מרכך כביסה,ליטרים,4.00,ליטר,false,1,16.90,4.23,true,1,
7296073231288,false,מרכך כביסה סגול 4 ליטר,גליל כימיקלים,IL,מרכך כביסה,ליטרים,4.00,ליטר,false,1,16.90,4.23,true,1,
7296073231295,false,מרכ.כביסה כחול שופרסל 4ל,גליל כימיקלים,IL,מרכך כביסה,ליטרים,4.00,ליטר,false,1,16.90,4.23,true,1,
7296073231455,false,"גביעי ופל לגלידה ללת""ס24",מנעמים,IL,גביעי גלידה 24יח,יחידה,1.00,יחידה,false,1,5.90,5.90,true,1,
7296073231554,false,חלב 3% בקרטון שופרסל 1ל,מחלבות רמת הגולן,IL,חלב 3% קרטון 1ל',ליטרים,1.00,ליטר,false,1,6.00,6.00,true,1,
7296073231561,false,שמנת עמידה לקצפת38% 250ג,מחלבות רמת הגולן,IL,שמנת להקצפה 38%,מיליליטרים,250.00,"100 מ""ל",false,1,6.20,2.48,true,1,
7296073231776,false,חול לחתולים לבנדר 10קג,בנטס בנטוניט,TR,חול לחתולים,קילוגרמים,10.00,"ק""ג",false,1,49.90,4.99,true,1,
7296073232377,false,חלב1% נטול לקטוז גרין1ל,מחלבת רמת-הגולן,IL,חלב נטול לקטוז,ליטרים,1.00,ליטר,false,1,7.90,7.90,true,1,
7296073232384,false,שוקו נטול לקטוז1%גרין1ל,מחלבות רמת הגולן,IL,שוקו נטול לקטוז,ליטרים,1.00,ליטר,false,1,7.90,7.90,true,1,
7296073236603,false,"שמנת לבישול 15% 250 מ""ל",מחלבת רמת-הגולן,IL,שמנת לבישול 15%,מיליליטרים,250.00,"100 מ""ל",false,1,7.10,2.84,true,1,
7296073236894,false,סלט קולסלאו 400 גרם,סלטי שמיר,IL,סלט קולסלאו,גרמים,400.00,100 גרם,false,1,11.90,2.98,true,1,
7296073236931,false,קליונז מופחת קלוריות500ג,מיטב,IL,קליונז,גרמים,500.00,100 גרם,false,1,8.90,1.78,true,1,
7296073237204,false,"4סכיני גילוח רב""פ שופרסל",אדג'וול,US,"סכין גילוח ר""פ",יחידה,1.00,יחידה,false,1,29.90,29.90,true,1,
7296073237235,false,4 סכיני גילוח 3 להבים,אדג'וול,US,"סכין גילוח ח""פ",יחידה,1.00,יחידה,false,1,14.90,14.90,true,1,
7296073237525,false,קוקטייל פירות בסירופ קל,CANNED QIWWEI LINYI,CN,לפתן פירות,גרמים,820.00,100 גרם,false,1,9.90,1.21,true,1,
7296073237556,false,ממחטות אף 100*5 יח',שניב תעשיות נייר,IL,ממחטות אף100*5יח,יחידה,1.00,יחידה,false,1,13.90,13.90,true,1,
7296073237631,false,שוקולד מריר פרימיום 81%,פריי )שוקולד(,CH,שוקולד מריר 81%,גרמים,100.00,100 גרם,false,1,9.90,9.90,true,1,
7296073237655,false,שוק.מריר 72% קקאו 100 גר,"שוקולד פריי בע""מ",CH,שוקולד מריר 72%,גרמים,100.00,100 גרם,false,1,9.90,9.90,true,1,
7296073237662,false,שוק72%. מריר תפוז 100גרם,פריי )שוקולד(,CH,שוקולד מריר תפוז,גרמים,100.00,100 גרם,false,1,9.90,9.90,true,1,
7296073237686,false,שוקולד חלב+אגוזי לוז100ג,פריי )שוקולד(,CH,שוקולד אגוזי לוז,גרמים,100.00,100 גרם,false,1,9.90,9.90,true,1,
7296073237884,false,קפסולות קפה שופרסל שחור,רוני רג'ואן ושות,IL,קפסולות קפה,גרמים,50.00,100 גרם,false,1,14.90,29.80,true,1,
7296073238348,false,ספוג אוולי מגבת וחבלים,שופרסל,CN,ספוג אוולי מגבת,יחידה,1.00,יחידה,false,1,9.90,9.90,true,1,
7296073238355,false,ספוג עיסוי,שופרסל,IL,ספוג עיסוי,יחידה,1.00,יחידה,false,1,9.90,9.90,true,1,
7296073238379,false,זוג ספוגים דו צצדים,שופרסל,CN,זוג ספוגים,יחידה,1.00,יחידה,false,1,9.90,9.90,true,1,
7296073238416,false,רצועת עיסוי,שופרסל,IL,רצועת עיסוי,יחידה,1.00,יחידה,false,1,14.90,14.90,true,1,
7296073238447,false,כדורי רחצה 3 יח,שופרסל,CN,כדורי רחצה 3 יח,יחידה,1.00,יחידה,false,1,9.90,9.90,true,1,
7296073239017,false,מכשיר טרימר להסרת שיער,TECHONGGIES TAIKONE,CN,מכשיר טרימר,יחידה,1.00,יחידה,false,1,49.90,49.90,true,1,
7296073239239,false,כוסות קפה פרימיום 50 יח',.,CN,כוסות שתיה חמה,יחידה,1.00,יחידה,false,1,17.90,17.90,true,1,
7296073239956,false,כוס שתיה חמה אספרסו120מל,.,CN,כוסות שתיה חמה,יחידה,1.00,יחידה,false,1,9.90,9.90,true,1,
7296073240853,false,"וופלים בטעם שוקולד 1 ק""ג","מנעמים תעשיות מזון בע""\מ",IL,ופלים שוקולד,קילוגרמים,1.00,"ק""ג",false,1,17.90,17.90,true,1,
7296073241331,false,עגבניות שרי אדומות אורגנ,יבולי בר אורגני,IL,עגבניות שרי,גרמים,460.00,100 גרם,false,1,12.90,2.80,true,1,
7296073241393,false,טלק טיפולי לכף הרגל 200מ,ש.שוורץ,IL,טלק לכפות רגליים,מיליליטרים,200.00,"100 מ""ל",false,1,9.90,4.95,true,1,
7296073241522,false,ממחטות אף 100*5 יח,שניב תעשיות נייר,IL,ממחטות אף 5 יח,יחידה,1.00,יחידה,false,1,13.90,13.90,true,1,
7296073241935,false,נייר טואלט סופר דיל 48גל,שניב,IL,נ.טואלט סופר דיל,מטרים,860.00,100 מטר,false,1,44.90,5.22,true,1,
7296073242635,false,כוסות שתיה קרה מעוטר כסף,.,IL,כוסות שתייה,יחידה,1.00,יחידה,false,1,18.90,18.90,true,1,
7296073243076,false,12 כוסות שתיה חמה + מכסה,.,CN,כוסות קפה + מכסה,יחידה,1.00,יחידה,false,1,11.90,11.90,true,1,
7296073243342,false,עוג.במילוי וניל ל.ג300ג,קופרנט פיינבק ג'י אם בי,DE,עוגיות וניל,גרמים,300.00,100 גרם,false,1,14.90,4.97,true,1,
7296073243359,false,ביצים M שופרסל 12 יחידות,גליקסמן,IL,ביצים 12יחידות M,יחידה,1.00,יחידה,false,1,11.15,11.15,true,1,
7296073243366,false,ביצים L שופרסל 12 יחידות,גליקסמן,IL,ביצים 12 יחידותL,יחידה,1.00,יחידה,false,1,12.05,12.05,true,1,
7296073243731,false,ריבת חלב שופרסל 400 גרם,מיה,IL,ריבת חלב,גרמים,400.00,100 גרם,false,1,12.90,3.23,true,1,
7296073244417,false,"קורנפלקס ללא גלוטן כשל""פ",נקסקוב מילס,DK,קורנפלקס,גרמים,500.00,100 גרם,false,1,21.90,4.38,true,1,
7296073244769,false,"סוכר חום דמררה צנצ. 1ק""ג","סוגת תעשיות בע""\מ",IL,סוכר חום דמררה,קילוגרמים,1.00,"ק""ג",false,1,9.90,9.90,true,1,
7296073244806,false,ביצי חופש אורגנS 18 גרין,חוות גבעות עולם,IL,ביצי חופש,יחידה,1.00,יחידה,false,1,22.90,22.90,true,1,
7296073244875,false,טחינה גולמית 500 גרם,,IL,טחינה גולמית,גרמים,500.00,100 גרם,false,1,12.90,2.58,true,1,
7296073244899,false,טחינה מתובלת 500 גרם,,IL,טחינה מתובלת,גרמים,500.00,100 גרם,false,1,12.90,2.58,true,1,
7296073246022,false,כפפות ויניל ללא אבקה M,אינטרסן,CN,כפפות ויניל,יחידה,1.00,יחידה,false,1,29.90,29.90,true,1,
7296073246039,false,כפפות ויניל ללא אבקה L,אינטרסן,CN,כפפות ויניל,יחידה,1.00,יחידה,false,1,29.90,29.90,true,1,
7296073246053,false,כרובית קפואה 800 גרם,פרי גליל,IL,כרובית קפואה,גרמים,800.00,100 גרם,false,1,19.90,2.49,true,1,
7296073246060,false,פולי סויה בקליפה 450 גרם,שופרסל,CN,פולי סויה,גרמים,450.00,100 גרם,false,1,11.90,2.64,true,1,
7296073246077,false,פולי סויה קלופים 450 גרם,שופרסל,CN,פולי סויה קלופים,גרמים,450.00,100 גרם,false,1,12.90,2.87,true,1,
7296073246367,false,תות שדה קפוא 300 גרם,.,RS,תות שדה קפוא,גרמים,300.00,100 גרם,false,12,16.90,5.63,true,1,
7296073246640,false,חתיכות אננס בסירופ קל227,CANNING FRUIT KUIBURI,TH,חתיכות אננס,גרמים,227.00,100 גרם,false,1,3.90,1.72,true,1,
7296073247517,false,רביולי בטטה 300 גרם,פסטה נונה,IL,רביולי בטטה,גרמים,300.00,100 גרם,false,1,12.90,4.30,true,1,
7296073248477,false,55 צימרוני שסתום לתינוק,LTD CO S.T.O,CN,צימרוני שסתום,יחידה,1.00,יחידה,false,1,4.90,4.90,true,1,
7296073253969,false,משמש אורגני גרין 250 גרם,נימיקיס,TR,משמש אורגני גרין,גרמים,250.00,100 גרם,false,1,14.90,5.96,true,1,
7296073254133,false,"שמן זית פרימיום 750 מ""ל",אליעד בית בד בגולן,IL,שמן זית פרימיום,מיליליטרים,750.00,"100 מ""ל",false,1,35.90,4.79,true,1,
7296073254164,false,דג.בוקר נוגט גרין ל.ג375,נייס פוד,IT,דגני בוקר נוגט,גרמים,375.00,100 גרם,false,1,16.90,4.51,true,1,
7296073254256,false,ערמונים אורגניים גרין100,CO FOODS LIYUAN HEBEI,CN,ערמונים אורגניים,גרמים,100.00,100 גרם,false,1,7.90,7.90,true,1,
7296073254263,false,מיני פיצה מרגריטה 6יח,שופרסל,IT,פיצות אישיות,גרמים,480.00,100 גרם,false,1,19.90,4.15,true,1,
7296073254287,false,"אל סבון כחול 3 500* מ""ל",שופרסל,TR,אל סבון נוזלי3יח,ליטרים,1.50,ליטר,false,1,12.90,8.60,true,1,
7296073261179,false,200 קסמי אוזניים פלסטיק,PRODUC UES DAILY JIEYANG,CN,קסמי אוזניים,יחידה,1.00,יחידה,false,1,6.50,6.50,true,1,
7296073261223,false,פדים להסרת איפור 80 יח,PRODUC UES DAILY JIEYANG,CN,פדים להסרת איפור,יחידה,1.00,יחידה,false,1,7.50,7.50,true,1,
7296073261247,false,"חומץ בלסמי שופרסל 500מ""ל",פונטי,IT,חומץ בלסמי,מיליליטרים,500.00,"100 מ""ל",false,1,18.90,3.78,true,1,
7296073261384,false,"אל סבון מעורב 500*3 מ""ל",טאהא קימיה,TR,אל סבון נוזלי3יח,ליטרים,1.50,ליטר,false,1,12.90,8.60,true,1,
7296073261551,false,קוקטייל פירות טרופיים850,קיובורי,TH,קוקטייל פירות,גרמים,850.00,100 גרם,false,1,9.30,1.09,true,1,
7296073262930,false,פסטה קלמרטה 400 גרם,שופרסל,IT,פסטה קלמרטה,גרמים,400.00,100 גרם,false,1,6.90,1.73,true,1,
7296073262947,false,פסטה קזרצ'ה 400 גרם,שופרסל,IT,פסטה קזרצ'ה,גרמים,400.00,100 גרם,false,1,6.90,1.73,true,1,
7296073262954,false,פסטה מאפלדה 400 גרם,שופרסל,IT,פסטה מאפלדה,גרמים,400.00,100 גרם,false,1,6.90,1.73,true,1,
7296073262961,false,גרנולה דואט שוקו אגוז400,בריגן קי ג'י,DE,גרנולה פרימיום,גרמים,400.00,100 גרם,false,1,19.90,4.98,true,1,
7296073262978,false,גרנולה טריפל אגוזים 400ג,בריגן קי ג'י,DE,גרנולה פרימיום,גרמים,400.00,100 גרם,false,1,19.90,4.98,true,1,
7296073262992,false,סירופ מייפל פרימיום250מל,.,CA,סירופ מייפל 100%,מיליליטרים,250.00,"100 מ""ל",false,1,29.90,11.96,true,1,
7296073263166,false,מרכך בייבי מרוכז 1ל,גליל כימיקלים,IL,מרכך בייבי מרוכז,ליטרים,1.00,ליטר,false,1,14.90,14.90,true,1,
7296073263470,false,אוש פלאו 550 גרם,סי.אי.פי מבוא חורון,IL,אושפלו 550 גרם,גרמים,550.00,100 גרם,false,1,23.90,4.34,true,1,
7296073263487,false,נודלס מוקפץ 550 גרם,סי.אי.פי מבוא חורון,IL,נודלס מצונן,גרמים,550.00,100 גרם,false,1,23.90,4.34,true,1,
7296073263500,false,קוסקוס עם ירקות 650גרם,סי.אי.פי מבוא חורון,IL,קוסקוס עם ירקות,גרמים,650.00,100 גרם,false,1,23.90,3.67,true,1,
7296073263913,false,לפתן ליצ'י שופרסל 567 גר,זאנגזו גאנגצ'נג,CN,ליצ'י בסירופ קל,גרמים,567.00,100 גרם,false,1,7.90,1.39,true,1,
7296073265184,false,שקיות אשפה ריחניות 40 יח,גליל כימיקלים,IL,שקיות אשפה,יחידה,1.00,יחידה,false,1,19.90,19.90,true,1,
7296073265344,false,חלב נטול לקטוז3%גרין 1ל,מחלבת רמת-הגולן,IL,חלב נטול לקטוז,ליטרים,1.00,ליטר,false,1,7.90,7.90,true,1,
7296073265351,false,ספגטי ללא גלוטן גרין400ג,SPA MENNUCCI PASTIFICI,IT,ספגטי ללא גלוטן,גרמים,400.00,100 גרם,false,1,10.90,2.73,true,1,
7296073265368,false,פסטה פנה ללא גלוטן 400גר,SPA MENNUCCI PASTIFICI,IT,פנה ללא גלוטן,גרמים,400.00,100 גרם,false,1,10.90,2.73,true,1,
7296073265375,false,פוזילי ללא גלוטן גרין400,SPA MENNUCCI PASTIFICI,IT,פוזילי ללא גלוטן,גרמים,400.00,100 גרם,false,1,10.90,2.73,true,1,
7296073266112,false,מפות שולחן עבות מניילון,.,IL,מפות שולחן 8 יח,יחידה,1.00,יחידה,false,1,9.90,9.90,true,1,
7296073266273,false,חתיכות אננס בסירופ113*4,FOODS HUIXANG JIANGSU,CN,לפתן אננס,גרמים,452.00,100 גרם,false,1,9.90,2.19,true,1,
7296073266303,false,"רסק תפוחי עץ ללת""ס113*4ג",FOODS HUIXANG JIANGSU,CN,רסק תפוחי עץ,גרמים,452.00,100 גרם,false,1,9.90,2.19,true,1,
7296073266310,false,"רסק תפו""ע ללת""ס 113*4 גר",FOODS HUIZIANG JIANGSU,CN,"רסק תפו""ע 4 יח",גרמים,452.00,100 גרם,false,1,9.90,2.19,true,1,
7296073266693,false,מיץ תפוזים אורגני גרין1ל,גניר,IL,מיץ תפוזים,ליטרים,1.00,ליטר,false,1,17.90,17.90,true,1,
7296073266709,false,"רוט.סויה ללא גלוטן280מ""ל",DEVELOPMENT YI LIAN,CN,רוטב סויה,מיליליטרים,280.00,"100 מ""ל",false,1,12.90,4.61,true,1,
7296073266754,false,סכין גילוח 6להבים+מחסנית,פרסונה ישראל,CN,סכין גילוח 6 להב,יחידה,1.00,יחידה,false,1,33.90,33.90,true,1,
7296073266976,false,חטיף בוטנים ללא גלוטן80ג,סנקי,IL,חטיף בוטנים,גרמים,80.00,100 גרם,false,1,4.00,5.00,true,1,
7296073266983,false,חטיף בוטנים ללא גלוטן25ג,סנקי,IL,חטיף בוטנים,גרמים,25.00,100 גרם,false,1,2.20,8.80,true,1,
7296073267188,false,צמר גפן רפואי 100 גרם,SANAVI A.P,TR,צמר גפן רפואי,גרמים,100.00,100 גרם,false,1,6.90,6.90,true,1,
7296073267195,false,צמר גפן רפואי שופרס100*2,SANAVI A.P,TR,זוג צמר גפן,גרמים,200.00,100 גרם,false,1,11.90,5.95,true,1,
7296073267355,false,ממת.בסיס סטיביה שופר100ג,"ביסקול בע""מ",IL,ממתיק סטיביה,גרמים,100.00,100 גרם,false,1,26.90,26.90,true,1,
7296073268925,false,נייר טואלט דו שכבתי16גל,שניב תעשיות נייר,IL,נייר טואלט,מטרים,573.00,100 מטר,false,1,31.90,5.57,true,1,
7296073269991,false,שמן זרעי ענבים מזוכך1ל,"אוליפיציו סלוודורי בע""מ",IT,שמן זרעי ענבים,ליטרים,1.00,ליטר,false,1,24.90,24.90,true,1,
7296073270157,false,לקט הכפר 400גרם,"פרסקו חצבה 2006 בע""\מ",IL,לקט הכפר,גרמים,400.00,100 גרם,false,1,10.50,2.63,true,1,
7296073270287,false,תבניות אלומיניום מלבניות,.,IL,תבניות אינגליש,יחידה,1.00,יחידה,false,1,14.90,14.90,true,1,
7296073270294,false,תבניות אלומיניום מלבניות,.,IL,תבניות מלבניות,יחידה,1.00,יחידה,false,1,14.90,14.90,true,1,
7296073270300,false,תבניות אלומיניום קטנות15,.,IL,תבניות אלומיניום,יחידה,1.00,יחידה,false,1,14.90,14.90,true,1,
7296073270317,false,תבניות אלומיניום עגולות,.,IL,תבניות עגולות,יחידה,1.00,יחידה,false,1,14.90,14.90,true,1,
7296073270324,false,תבניות אלומיניום גדולות,.,IL,תבניות אלומיניום,יחידה,1.00,יחידה,false,1,14.90,14.90,true,1,
7296073270331,false,תבנית אלומיניום ענקית 5י,.,IL,תבניות ענקיות,יחידה,1.00,יחידה,false,1,14.90,14.90,true,1,
7296073270348,false,תבנית אלומיניום קטנה 10י,.,IL,תבניות קטנות,יחידה,1.00,יחידה,false,1,14.90,14.90,true,1,
7296073270980,false,"וופל בטעם לימון ללת""ס200",מנעמים,IL,"ופל לימון ללת""ס",גרמים,200.00,100 גרם,false,1,6.50,3.25,true,1,
7296073271550,false,ממרח עגבניות מיובשות190ג,SPA POLLI F.LLI,IT,ממרח עגבניות,גרמים,190.00,100 גרם,false,1,11.90,6.26,true,1,
7296073271567,false,טפנד זיתים ירוקים 190 גר,SPA POLLI F.LLI,IT,טפנד זיתים ירוק,גרמים,190.00,100 גרם,false,1,11.90,6.26,true,1,
7296073271574,false,ממרח זיתים שחורים 190גרם,SPA POLLI F.LLI,IT,טפנד זיתים,גרמים,190.00,100 גרם,false,1,11.90,6.26,true,1,
7296073272496,false,נייר טואלט דו שכבתי32גל,שניב תעשיות נייר,IL,נייר טואלט 32גל,מטרים,573.00,100 מטר,false,1,31.90,5.57,true,1,
7296073272519,false,אצות נורי לסושי 28 גרם,נאטונג איידיאה פוד,CN,אצות נורי אורגני,גרמים,28.00,100 גרם,false,1,11.90,42.50,true,1,
7296073273196,false,קציצות ברוטב עגבניות620ג,סי.אי.פי מבוא חורון,IL,קציצות ברוטב,גרמים,620.00,100 גרם,false,1,37.90,6.11,true,1,
7296073273509,false,מקלוני אורז ללא גלוטן454,פוג'יאן לונגהי,CN,מקלוני אורז רחב,גרמים,454.00,100 גרם,false,1,8.90,1.96,true,1,
7296073274667,false,מקלוני אורז ללא גלוטן454,פוג'יאן לונגהי,CN,מקלוני אורז דק,גרמים,454.00,100 גרם,false,1,8.90,1.96,true,1,
7296073274957,false,חמאת בוטנים טבעית510גרם,יונייטד פודס,IN,חמאת בוטנים,גרמים,510.00,100 גרם,false,1,12.90,2.53,true,1,
7296073274964,false,חמאת בוטנים טבעית+שבבים,יונייטד פודס,IN,חמאת בוטנים,גרמים,510.00,100 גרם,false,1,12.90,2.53,true,1,
7296073275138,false,גבינת עיזים פרוס שופר150,ROUVEEN,US,גבינת עיזים,גרמים,150.00,100 גרם,false,1,19.90,13.27,true,1,
7296073276906,false,ספוג לניקיון מופלא יחידה,הנמל,CN,ספוגית הפלא שופר,יחידה,1.00,יחידה,false,1,7.50,7.50,true,1,
7296073277248,false,מגבונים ללא בישום 64*5יח,דינמיק,IL,מגבונים לחים 5יח,יחידה,1.00,יחידה,false,1,21.90,21.90,true,1,
7296073277255,false,מארז מגבונים לחים 6 יח,דינמיק,IL,מארז מגבוניםלחים,יחידה,1.00,יחידה,false,1,21.90,21.90,true,1,
7296073277903,false,ופל מצ.שוק.גרין21.5*3ל.ג,הלווה ופלבקרי,NL,וופל מצופה,גרמים,64.00,100 גרם,false,1,8.90,13.91,true,1,
7296073277927,false,וופל מצופ.ללתס שופרסל100,הלווה ופלבקרי,NL,"וופל מצופה ללת""ס",גרמים,100.00,100 גרם,false,1,10.90,10.90,true,1,
7296073277941,false,"אצבעות וופל שוקולד ללת""ס",הלווה ופלבקרי,NL,אצבעות וופל,גרמים,64.00,100 גרם,false,1,9.90,15.47,true,1,
7296073281696,false,מגבוני טואלט לילד 40*3יח,שופרסל,IL,"מגבוני נ""ט לילד",יחידה,1.00,יחידה,false,1,9.80,9.80,true,1,
7296073281702,false,מגבוני נ.טואלט למבוגרים,דינמיק תעשיות מגבונים,IL,מגבוני נייר לחים,יחידה,1.00,יחידה,false,1,9.90,9.90,true,1,
7296073281849,false,שמפו לשיער רגיל 750מל,"א.מ.ש.י תעשיות בע""מ",IL,שמפו לשיער רגיל,מיליליטרים,750.00,"100 מ""ל",false,1,19.90,2.65,true,1,
7296073281863,false,שמפו לשיער מוחלק שופרסל,"א.מ.ש.י תעשיות בע""מ",IL,שמפו לשיער מוחלק,מיליליטרים,750.00,"100 מ""ל",false,1,19.90,2.65,true,1,
7296073281870,false,מרכך לשיער רגיל 750מל,"א.מ.ש.י תעשיות בע""מ",IL,מרכך לשיער רגיל,מיליליטרים,750.00,"100 מ""ל",false,1,19.90,2.65,true,1,
7296073281887,false,מרכך לשיער יבש 750מל,"א.מ.ש.י תעשיות בע""מ",IL,מרכך לשיער יבש,מיליליטרים,750.00,"100 מ""ל",false,1,19.90,2.65,true,1,
7296073281894,false,מרכך לשיער מוחלק 750מל,"א.מ.ש.י תעשיות בע""מ",IL,מרכך שופרסל,מיליליטרים,750.00,"100 מ""ל",false,1,19.90,2.65,true,1,
7296073283737,false,נקניקיות הודו בקר פרימיו,זוגלובק,IL,נקניקיות עוף בקר,גרמים,310.00,100 גרם,false,1,17.90,5.77,true,1,
7296073283812,false,קוביות מנגו קפוא 300 ג,d.o.o Lukowa,RS,קוביות מנגו,גרמים,300.00,100 גרם,false,1,16.90,5.63,true,1,
7296073283829,false,מיקס פירות טרופי קפוא 30,d.o.o Lukowa,RS,מיקס פירות טרופי,גרמים,300.00,100 גרם,false,1,16.90,5.63,true,1,
7296073285267,false,מארז סכינים שקופים עבים,.,CN,סכינים שקופים,יחידה,1.00,יחידה,false,1,17.90,17.90,true,1,
7296073285274,false,מארז מזלגות שקופים עבים,.,CN,מזלגות שקופים,יחידה,1.00,יחידה,false,1,17.90,17.90,true,1,
7296073285281,false,מארז כפיות שקופות עבות,.,CN,כפיות שקופות,יחידה,1.00,יחידה,false,1,17.90,17.90,true,1,
7296073285397,false,נר נשמה 24 שעות יחידה,CANDLE ITBRIGHT,CN,נר נשמה 24 שעות,יחידה,1.00,יחידה,false,1,2.20,2.20,true,1,
7296073285410,false,נרות חימום בשקית 100 יחי,CANDLE ITBRIGHT,CN,נרות חימום בשקית,יחידה,1.00,יחידה,false,1,20.90,20.90,true,1,
7296073285663,false,ממרח אגוז ללא שמן דקל350,SRL NUTKAO,IT,ממרח אגוזי לוז,גרמים,350.00,100 גרם,false,1,9.80,2.80,true,1,
7296073285670,false,ממרח אגוז ללא שמן דקל750,SRL NUTKAO,IT,ממרח אגוזים,גרמים,750.00,100 גרם,false,1,18.70,2.49,true,1,
7296073285953,false,אורז בסמ.מלא אורג.גרין1ק,קהמן,IN,אורז בסמטי אורגנ,קילוגרמים,1.00,"ק""ג",false,1,16.90,16.90,true,1,
7296073286011,false,אורז פרסי זיפר שופרסל1קג,ltd co produce Uthai,TH,אורז פרסי,קילוגרמים,1.00,"ק""ג",false,1,7.90,7.90,true,1,
7296073286035,false,"אורז תאילנדי זיפר 1 ק""ג",ltd co produce Uthai,TH,אורז תאילנדי,קילוגרמים,1.00,"ק""ג",false,1,5.90,5.90,true,1,
7296073286042,false,אורז יסמין זיפר שופרסל1ק,ltd co produce Uthai,TH,אורז יסמין,קילוגרמים,1.00,"ק""ג",false,1,10.90,10.90,true,1,
7296073286066,false,אורז בסמטי זיפר שופרסל1ק,SETIA LAL CHAMAN,IN,אורז בסמטי,קילוגרמים,1.00,"ק""ג",false,1,12.80,12.80,true,1,
7296073286073,false,"אורז בסמטי בצנצנת 1 ק""ג",SETIA LAL CHAMAN,IN,אורז בסמטי,קילוגרמים,1.00,"ק""ג",false,1,13.90,13.90,true,1,
7296073286349,false,שקיות אשפה חזקות L 55 יח,אשפלסט,IL,שקיות אשפה,יחידה,1.00,יחידה,false,1,19.90,19.90,true,1,
7296073286363,false,שקית ענקית לאשפה משרדית,אשפלסט,IL,שקיות אשפה,יחידה,1.00,יחידה,false,1,13.90,13.90,true,1,
7296073286394,false,שקיות אשפה חזקות L 100,אשפלסט,IL,שקיות אשפה,יחידה,1.00,יחידה,false,1,33.90,33.90,true,1,
7296073286417,false,שק.אשפה חזקות גדולות60יח,אשפלסט,IL,שקיות אשפה 60 יח,יחידה,1.00,יחידה,false,1,19.90,19.90,true,1,
7296073286493,false,צמד פטריות פורטובלה ושמפ,מרינה פטריות,IL,צמד פטריות פורטו,גרמים,420.00,100 גרם,false,1,15.90,3.79,true,1,
7296073286509,false,פטריות שמפניון יחידה,,IL,פטריות שמפניון,גרמים,220.00,100 גרם,false,1,8.90,4.05,true,1,
7296073288756,false,תירס ארוז,קטיף.,IL,תירס ארוז,קילוגרמים,0.00,"ק""ג",true,1,8.90,8.90,true,1,
7296073289586,false,נייר סנדוויץ 100 יחידות,שניב,IL,נייר סנדוויץ,יחידה,1.00,יחידה,false,1,12.90,12.90,true,1,
7296073289746,false,50 מגבונים לניקוי כללי,דינמיק תעשיות מגבונים,IL,מגבונים לניקוי,יחידה,1.00,יחידה,false,1,8.90,8.90,true,1,
7296073290810,false,פלפל אדום קלוי על האש650,בלו גלו,TR,פלפל אדום קלוי,גרמים,650.00,100 גרם,false,1,10.90,1.68,true,1,
7296073290841,false,"נוזל קוקוס שופרסל 400מ""ל",COCONUT THAI,TH,נוזל קוקוס,מיליליטרים,400.00,"100 מ""ל",false,1,5.90,1.48,true,1,
7296073291077,false,משטחי החתלה שופרסל 10יח,PAKTEN,TR,משטחי החתלה,יחידה,1.00,יחידה,false,1,15.90,15.90,true,1,
7296073291084,false,עוגיות חמאה דניות 150גרם,BAKERY JACOBSENS,DK,עוגיות חמאה בפח,גרמים,150.00,100 גרם,false,1,12.90,8.60,true,1,
7296073291244,false,חומץ טבעי 5% שופרסל 1ל,מיטב,IL,חומץ 5%,ליטרים,1.00,ליטר,false,1,6.00,6.00,true,1,
7296073291251,false,מיץ לימון משומר שופרסל1ל,,IL,מיץ לימון משומר,ליטרים,1.00,ליטר,false,1,7.90,7.90,true,1,
7296073291923,false,מיני ניוקי שופרסל 500גרם,ALIMENTARI CLEMME,IT,מיני ניוקי,גרמים,500.00,100 גרם,false,1,9.80,1.96,true,1,
7296073291930,false,ניוקי עגבניות שופרסל500ג,ALIMENTARI CLEMME,IT,ניוקי עגבניות,גרמים,500.00,100 גרם,false,1,9.80,1.96,true,1,
7296073291947,false,ניוקי תרד שופרסל 500גרם,ALIMENTARI CLEMME,IT,ניוקי תרד,גרמים,500.00,100 גרם,false,1,9.80,1.96,true,1,
7296073292012,false,אננס ראש שישיות שקיל,קטיף.,IL,אננס ראש,קילוגרמים,0.00,"ק""ג",true,1,29.90,29.90,true,1,
7296073292104,false,מי פה לשיניים בוהקות 500,מעבדות בוניקט,ES,מי פה שופרסל,ליטרים,0.50,ליטר,false,1,13.90,27.80,true,1,
7296073292111,false,מי פה צמחים שופרסל 500 מ,מעבדות בוניקט,ES,מי פה שופרסל,מיליליטרים,500.00,"100 מ""ל",false,1,13.90,2.78,true,1,
7296073292807,false,תפוח אדמה לבן גורמה,גידולי אגו,IL,"תפו""א זני השף",קילוגרמים,0.00,"ק""ג",true,1,6.90,6.90,true,1,
7296073292906,false,פירורי לחם מוזהב.זיפר350,מאפיית דוידוביץ ובניו בע,IL,פירורי לחם מוזהב,גרמים,350.00,100 גרם,false,1,6.50,1.86,true,1,
7296073292913,false,פירורי לחם לבן זיפר350גר,חטיפים מן הטבע,IL,פירורי לחם לבן,גרמים,350.00,100 גרם,false,1,6.50,1.86,true,1,
7296073293019,false,פלפל אורג.סוויט גרין200ג,יבולי בר אורגני,IL,פלפל אורגני,גרמים,200.00,100 גרם,false,1,11.90,5.95,true,1,
7296073293040,false,תבניות אפיה מוארכות+מכסה,,IL,תבניות אפיה+מכסה,יחידה,1.00,יחידה,false,1,14.90,14.90,true,1,
7296073293583,false,שמן קוקוס אורגני גרין330,סנקי,LK,שמן קוקוס אורגני,מיליליטרים,330.00,"100 מ""ל",false,1,28.90,8.76,true,1,
7296073294214,false,פטרוזיליה יחידה,,IL,פטרוזליה,יחידה,1.00,יחידה,false,1,4.90,4.90,true,1,
7296073294221,false,כוסברה יחידה,,IL,כוסברה,יחידה,1.00,יחידה,false,1,4.90,4.90,true,1,
7296073294788,false,פירורי לחם ללא גלוטן250ג,אשבל מזון פונקציונלי בע\,IL,פירורי לחם,גרמים,250.00,100 גרם,false,1,15.90,6.36,true,1,
7296073294818,false,פתיתים קוסק.ללא גלוטן200,אשבול,IL,פתיתים קוסקוס,גרמים,200.00,100 גרם,false,1,12.90,6.45,true,1,
7296073294825,false,תערובת לעוגה לא גלוטן500,אשבול,IL,תערובת לעוגה,גרמים,500.00,100 גרם,false,1,16.50,3.30,true,1,
7296073294832,false,תערוב.פנקייק לא גלוטן400,אשבול,IL,תערובת לפנקייק,גרמים,400.00,100 גרם,false,1,16.50,4.13,true,1,
7296073295228,false,מפיות תלת שכבתי 20יחידות,,IL,מפיות,יחידה,1.00,יחידה,false,1,7.50,7.50,true,1,
7296073295655,false,"שוק.חלב ללת""ס שופרסל100ג",,IT,"שוקולד חלב ללת""ס",גרמים,100.00,100 גרם,false,1,6.90,6.90,true,1,
7296073295662,false,"שוק.מריר ללת""ס שופרסל100",,IT,שוקולד מריר ללתס,גרמים,100.00,100 גרם,false,1,6.90,6.90,true,1,
7296073295679,false,"שוק.אגוז ללת""ס שופרסל100",,IT,שוקולד אגוז ללתס,גרמים,100.00,100 גרם,false,1,7.90,7.90,true,1,
7296073296744,false,שמרים יבשים 500 גרם,,TR,שמרים יבשים,גרמים,500.00,100 גרם,false,1,13.90,2.78,true,1,
7296073296751,false,שמרים יבשים בוואקום 125ג,,TR,שמרים יבשים,גרמים,125.00,100 גרם,false,1,3.90,3.12,true,1,
7296073298014,false,חטיפוני גזר 130גרם,,IL,חטיפוני גזר,גרמים,130.00,100 גרם,false,1,6.90,5.31,true,1,
7296073298021,false,חטיפוני גזר 350גרם,,IL,חטיפוני גזר,גרמים,350.00,100 גרם,false,1,12.90,3.69,true,1,
7296073298373,false,"חומץ מיין לבן 500 מ""ל",,ES,חומץ מיין לבן,מיליליטרים,500.00,"100 מ""ל",false,1,15.90,3.18,true,1,
7296073298380,false,חומץ מסיידר תפוחים 500מל,,ES,חומץ מסיידר,מיליליטרים,500.00,"100 מ""ל",false,1,15.90,3.18,true,1,
7296073298588,false,"ניוקי טריקולור לל""ג500 ג",סיימה אלימינטרי,IT,ניוקי ללא גלוטן,גרמים,500.00,100 גרם,false,1,14.90,2.98,true,1,
7296073319795,false,רוטב עגבנ.אורגני גרין700,פרוטאגל,IT,רוטב עגבניות,גרמים,700.00,100 גרם,false,1,11.90,1.70,true,1,
7296073319801,false,עגב.מרוסק אורגני גרין690,פרוטאגל,IT,עגבניות מרוסקות,גרמים,690.00,100 גרם,false,1,11.90,1.72,true,1,
7296073320050,false,חסה רומית הידרופונית,יגור חקלאות ועסקים,IL,חסה רומית,גרמים,160.00,100 גרם,false,1,9.90,6.19,true,1,
7296073320081,false,"תפו""א למיקרו",,IL,"תפו""א למירקו",גרמים,700.00,100 גרם,false,1,6.90,0.99,true,1,
7296073320128,false,מלפפון בייבי אורגני יח,,IL,מלפפון בייבי,יחידה,1.00,יחידה,false,1,10.90,10.90,true,1,
7296073320159,false,חסה לבבות אורגני גרין יח,,IL,חסה לבבות,יחידה,1.00,יחידה,false,1,12.90,12.90,true,1,
7296073320289,false,אלסבון סילקי ארט 500*3מל,אקסן קוסמטיק,TR,אלסבון שופרסל3יח,ליטרים,1.50,ליטר,false,1,12.90,8.60,true,1,
7296073320388,false,עלי בייבי 120גרם,,IL,עלי בייבי 120גרם,גרמים,120.00,100 גרם,false,1,9.90,8.25,true,1,
7296073320395,false,עלי תרד בייבי 200גרם,,IL,עלי תרד בייבי,גרמים,200.00,100 גרם,false,1,8.90,4.45,true,1,
7296073320401,false,לקט בסגנון איטלקי 300גרם,"פרסקו חצבה 2006 בע""\מ",IL,לקט סגנון איטלקי,גרמים,300.00,100 גרם,false,1,10.50,3.50,true,1,
7296073320913,false,סט שירותים יחידה,מיקסליר,IT,סט שירותים,יחידה,1.00,יחידה,false,1,9.90,9.90,true,1,
7296073321200,false,אבקת אפיה שופרסל 10*10גר,א.ל ייצור ושיווק תבלינים,IL,אבקת אפיה 10 יח,גרמים,100.00,100 גרם,false,1,3.00,3.00,true,1,
7296073321217,false,סוכר וניל שופרסל 10*10 ג,א.ל ייצור ושיווק תבלינים,IL,סוכר וניל 10 יח,גרמים,100.00,100 גרם,false,1,2.80,2.80,true,1,
7296073321231,false,אבקת סוכר שופרסל 100 גרם,א.ל ייצור ושיווק תבלינים,IL,אבקת סוכר שופרסל,גרמים,100.00,100 גרם,false,1,2.00,2.00,true,1,
7296073321392,false,צנונית אורגני גרין יח,יבולי בר אורגני,IL,צנונית אורגני,יחידה,1.00,יחידה,false,1,12.90,12.90,true,1,
7296073321446,false,סבון כחול לאסלה 50*3 גרם,קומפלקס כימיקלים בעמ,IL,3סבון כחול לאסלה,גרמים,150.00,100 גרם,false,1,10.90,7.27,true,1,
7296073322542,false,סוכר קוקוס אורגני,סנקי,IL,סוכר קוקוס,גרמים,300.00,100 גרם,false,1,12.90,4.30,true,1,
7296073322979,false,בוטנים מצופים קלויים50ג,ששון ושות'\ )ש.ת. תעשיות,IL,בוטנים אמריקאים,גרמים,50.00,100 גרם,false,1,2.50,5.00,true,1,
7296073323006,false,תה שחור שופרסל1.5*100 גר,עדנים,IL,תה שחור 100 שק.,גרמים,150.00,100 גרם,false,1,9.90,6.60,true,1,
7296073323020,false,תה ירוק יסמין שופרסל25שק,עדנים,IL,תה ירוק יסמין,גרמים,37.00,100 גרם,false,1,13.90,37.57,true,1,
7296073323037,false,תה ירוק נענע 37.5 גרם,עדנים,IL,תה ירוק נענע,גרמים,37.00,100 גרם,false,1,13.90,37.57,true,1,
7296073323044,false,תה ירוק לימונית לואיזה25,עדנים,IL,תה ירוק לימונית,גרמים,37.00,100 גרם,false,1,13.90,37.57,true,1,
7296073323051,false,פלפל חריף צ'ילי גרין80גר,נוברסקו,IT,פלפל חריף צ'ילי,גרמים,80.00,100 גרם,false,1,10.90,13.63,true,1,
7296073323143,false,חסה סלנובה הידרופונית,יגור חקלאות ועסקים,IL,חסה סלנובה,גרמים,160.00,100 גרם,false,1,12.90,8.06,true,1,
7296073323211,false,שקדים מולבנים טחונים100ג,ששון ושות)ש.ת תעשיות(,US,שקדים מולבנים,גרמים,100.00,100 גרם,false,1,12.90,12.90,true,1,
7296073323228,false,שקדים מולבנים גרוסים100ג,,US,שקד מולבן גרוס,גרמים,100.00,100 גרם,false,1,12.90,12.90,true,1,
7296073323235,false,בוטנים גרוסים 100 גרם,,IL,בוטנים גרוסים,גרמים,100.00,100 גרם,false,1,4.90,4.90,true,1,
7296073323242,false,אגוזי מלך טחונים 100גרם,ששון ושות)ש.ת תעשיות(,IL,אגוז מלך 100גרם,גרמים,100.00,100 גרם,false,1,11.90,11.90,true,1,
7296073323259,false,פיסטוקים קלופים 100גרם,,US,פיסטוק קלוף 100ג,גרמים,100.00,100 גרם,false,1,21.90,21.90,true,1,
7296073323433,false,סירופ מייפל אורג.גרין250,קופדקס,DK,סירופ מייפל,מיליליטרים,250.00,"100 מ""ל",false,1,22.90,9.16,true,1,
7296073323587,false,עגבניה שרי וויטני יחידה,עידו נחום,IL,שרי וויטני,גרמים,460.00,100 גרם,false,1,9.90,2.15,true,1,
7296073323594,false,נייר אפייה אקולוגי 40 יח,,IL,נייר אפייה 40 יח,יחידה,1.00,יחידה,false,1,12.90,12.90,true,1,
7296073323631,false,פריפלצת מחית מנגו בננ120,גו פרוסלבה,ES,מחית פירות,גרמים,120.00,100 גרם,false,1,4.50,3.75,true,1,
7296073323648,false,פריפלצת מחית בננ.תות120ג,גו פרוסלבה,ES,מחית פירות,גרמים,120.00,100 גרם,false,1,4.50,3.75,true,1,
7296073323655,false,פריפלצת מחית תפוח בננ120,גו פרוסלבה,ES,מחית פירות,גרמים,120.00,100 גרם,false,1,4.50,3.75,true,1,
7296073323662,false,פריפלצת מיקס פירות120ג,גו פרוסלבה,ES,מחית פירות,גרמים,120.00,100 גרם,false,1,4.50,3.75,true,1,
7296073323679,false,פריפלצת מחית אגס 120ג,גו פרוסלבה,ES,מחית פירות,גרמים,120.00,100 גרם,false,1,4.50,3.75,true,1,
7296073323693,false,פריפלצת מחית תפוח 120 גר,גו פרוסלבה,ES,מחית פירות,גרמים,120.00,100 גרם,false,1,4.50,3.75,true,1,
7296073324690,false,מיץ אשכול.אדום אורגני1ל,גניר,IL,מיץ אשכוליות,ליטרים,0.00,ליטר,false,1,17.90,17.90,true,1,
7296073324850,false,צמד פטריות פורטובלה,,IL,פטריות פורטובלו,גרמים,420.00,100 גרם,false,1,15.90,3.79,true,1,
7296073324867,false,פטריות סטייק פורטובלה,,IL,פ.סטייק פורטובלה,גרמים,320.00,100 גרם,false,1,15.90,4.97,true,1,
7296073325062,false,עוגיות רייף שופרסל 350גר,קונדיטוריית אנג'ל,IL,עוגיות רייף,גרמים,350.00,100 גרם,false,1,15.90,4.54,true,1,
7296073325239,false,רדיד אלומיניום 16 מיקרון,,CN,רדיד אלומיניום,מטרים,60.00,מטר,false,1,29.00,0.48,true,1,
7296073326748,false,גרעין אבטיח קלוי במלח200,,IL,גרעין אבטיח קלוי,גרמים,200.00,100 גרם,false,1,14.90,7.45,true,1,
7296073328902,false,תמר מג'הול יבש 400גרם,,IL,תמר מגהול יבש,גרמים,400.00,100 גרם,false,1,12.90,3.23,true,1,
7296073330936,false,פינצטה אפורה קצה ישר,BE NOW,CN,פינצטה ישרה אפור,יחידה,1.00,יחידה,false,0,19.90,19.90,true,1,
7296073330967,false,פינצטה לבנה קצה מכופף,BE NOW,CN,פינצטה מכופף לבן,יחידה,1.00,יחידה,false,0,14.90,14.90,true,1,
7296073330974,false,פינצטה לאב יו איכותית,BE NOW,CN,פינצטה לאב יו,יחידה,1.00,יחידה,false,0,19.90,19.90,true,1,
7296073331063,false,קוצץ גדול,BE NOW,CN,קוצץ גדול,יחידה,1.00,יחידה,false,0,9.90,9.90,true,1,
7296073331087,false,קוצץ אל חלד גדול,BE NOW,CN,קוצץ גדול,יחידה,1.00,יחידה,false,0,19.90,19.90,true,1,
7296073331148,false,מספריים לציפורניים מבריק,BE NOW,CN,מספריים לציפורן,יחידה,1.00,יחידה,false,0,29.90,29.90,true,1,
7296073331261,false,פצירת אקריל,BE NOW,CN,פצירת אקריל,יחידה,1.00,יחידה,false,0,8.90,8.90,true,1,
7296073331278,false,"פצירת מתכת ""7 ידית שחורה",BE NOW,CN,"פצירת מתכת ""7",יחידה,1.00,יחידה,false,0,14.90,14.90,true,1,
7296073331308,false,"פצירת קרטון ""14 8 יח'",BE NOW,CN,8 פצירות קרטון,יחידה,1.00,יחידה,false,0,14.90,14.90,true,1,
7296073331414,false,מגרדת סגולה לכף הרגל,BE NOW,CN,מגרדת סגולה כ.ר,יחידה,1.00,יחידה,false,0,24.90,24.90,true,1,
7296073331612,false,מברשת שיער מטקה שחורה,BE NOW,CN,מברשת מטקה שחורה,יחידה,1.00,יחידה,false,0,29.90,29.90,true,1,
7296073331629,false,מברשת שיער אובלית שחורה,BE NOW,CN,מברשת אובל שחורה,יחידה,1.00,יחידה,false,0,28.90,28.90,true,1,
7296073331643,false,מברשת שיער לתיק שחורה,BE NOW,CN,מברשת לתיק שחורה,יחידה,1.00,יחידה,false,0,22.90,22.90,true,1,
7296073331650,false,מברשת שיער לפן שחורה,BE NOW,CN,מברשת לפן שחורה,יחידה,1.00,יחידה,false,0,29.90,29.90,true,1,
7296073331667,false,מברשת שיער לילדות,BE NOW,CN,מברשת שיער ילדות,יחידה,1.00,יחידה,false,0,24.90,24.90,true,1,
7296073331742,false,מברשת אובלית שיער רטוב,BE NOW,CN,מברשת אובל רטוב,יחידה,1.00,יחידה,false,0,39.90,39.90,true,1,
7296073331810,false,מברשת שיער ספרים מקצועית,BE NOW,CN,מברשת שיער ספרים,יחידה,1.00,יחידה,false,0,29.90,29.90,true,1,
7296073331919,false,מסרק ומברשת לצבע שיער,BE NOW,CN,מסרק ומברשת לצבע,יחידה,1.00,יחידה,false,0,6.90,6.90,true,1,
7296073332091,false,מארז גומיות שחורות 32 יח,BE NOW,CN,מארז גומיות לשיע,יחידה,1.00,יחידה,false,0,19.90,19.90,true,1,
7296073332176,false,6 גומיות שחור פתוחות,BE NOW,CN,6גומיות ש. פתוח,יחידה,1.00,יחידה,false,0,9.90,9.90,true,1,
7296073332497,false,סיכות סבתא שחור 40 יח,BE NOW,CN,40סיכות שחורות,יחידה,1.00,יחידה,false,0,14.90,14.90,true,1,
7296073332534,false,קליפסים קטנים 8 יח שחור,BE NOW,CN,8קליפסים S שחור,יחידה,1.00,יחידה,false,0,14.90,14.90,true,1,
7296073333661,false,מברשת שיער אובל סגולה L,BE NOW,CN,מברשת אובל Lסגול,יחידה,1.00,יחידה,false,0,24.90,24.90,true,1,
7296073334347,false,"אציטון בי 115 מ""ל",,TR,אציטון BE,מיליליטרים,115.00,"100 מ""ל",false,1,3.90,3.39,true,1,
7296073340096,false,שמפו מפרץ הרפתקאות 1ליטר,,TR,שמפו לילדים,ליטרים,1.00,ליטר,false,1,14.90,14.90,true,1,
7296073340102,false,אלסבון מ.הרפתקאות כחול1ל,אמיליה קוסמטיקס,TR,אל סבון בנים,ליטרים,1.00,ליטר,false,1,14.90,14.90,true,1,
7296073340331,false,גליל מטליות אקולוגי 40יח,נועם אורים,IL,גליל מטליות,יחידה,1.00,יחידה,false,1,21.90,21.90,true,1,
7296073341444,false,חומץ תפוחים אורגני מלא5%,,ES,חומץ תפוחים,מיליליטרים,750.00,"100 מ""ל",false,1,18.90,2.52,true,1,
7296073341697,false,ממחטות אף לכיס 10 יחידות,שניב תעשיות נייר,IT,ממחטות אף לכיס,יחידה,1.00,יחידה,false,1,7.90,7.90,true,1,
7296073342120,false,מיקס מיני דגני בוקר105ג,בריגן קי ג'י,DE,דגני בוקר לילדים,גרמים,4.00,100 גרם,false,1,9.90,247.50,true,1,
7296073342328,false,שקדים מולבנים פרוסים100ג,,US,שקד מולבן פרוס,גרמים,100.00,100 גרם,false,1,12.90,12.90,true,1,
7296073342335,false,שקדים מולבנים חצויים100ג,,US,שקדים מולבן חצוי,גרמים,100.00,100 גרם,false,1,12.90,12.90,true,1,
7296073342496,false,דלעת ארוזה,קטיף.,IL,דלעת ארוזה,קילוגרמים,0.00,"ק""ג",true,1,9.90,9.90,true,1,
7296073342915,false,פרושוטו בקר 80 גרם,מעדני יחיעם,IL,פרושוטו 80גרם,גרמים,80.00,100 גרם,false,1,18.90,23.63,true,1,
7296073342922,false,קורנביף 120 גרם,,IL,קורנביף 120גרם,גרמים,120.00,100 גרם,false,1,16.90,14.08,true,1,
7296073342939,false,סלמי צרפתי 120גרם,מעדני יחיעם,IL,סלמי צרפתי120גרם,גרמים,120.00,100 גרם,false,1,16.90,14.08,true,1,
7296073342946,false,סלמי סרוולט 120גרם,מעדני יחיעם,IL,סלמי סרוולט,גרמים,120.00,100 גרם,false,1,16.90,14.08,true,1,
7296073342953,false,כתף בקר מפולפל 100 גרם,מעדני יחיעם,IL,כתף בקר 100גרם,גרמים,100.00,100 גרם,false,1,18.90,18.90,true,1,
7296073343202,false,פריכיות כוסמת שופרסל100ג,פרח תעשיות מזון,IL,פריכיות כוסמת,גרמים,160.00,100 גרם,false,1,8.90,5.56,true,1,
7296073343219,false,פריכיות אורז מלא 310 גרם,פרח תעשיות מזון,IL,פריכיות שופרסל,גרמים,310.00,100 גרם,false,1,15.90,5.13,true,1,
7296073343462,false,"קרם חמצן 6% 60 מ""ל",,IL,קרם חמצן 6%,מיליליטרים,60.00,"100 מ""ל",false,1,3.90,6.50,true,1,
7296073343479,false,"קרם חמצן 9% 60 מ""ל",,IL,קרם חמצן 9%,מיליליטרים,60.00,"100 מ""ל",false,1,3.90,6.50,true,1,
7296073343486,false,אבקת הבהרה לשיער 10 גרם,,IL,אבקת הבהרה לשיער,גרמים,10.00,100 גרם,false,1,7.90,79.00,true,1,
7296073343660,false,Be מסיר לק לא אציטון175מ,,TR,מסיר לק ללא אציט,מיליליטרים,175.00,"100 מ""ל",false,1,10.90,6.23,true,1,
7296073344018,false,מסיר צבע יחידה,BE NOW,IL,מסיר צבע,יחידה,1.00,יחידה,false,1,13.90,13.90,true,1,
7296073344469,false,שבבי שוקולד מריר 250 גרם,מיה,IL,שבבי שוקולד,גרמים,250.00,100 גרם,false,1,8.90,3.56,true,1,
7296073344742,false,ספגטי בולונז שופרסל 500,סי.אי.פי מבוא חורון,IL,ספגטי בולונז,גרמים,500.00,100 גרם,false,1,37.90,7.58,true,1,
7296073345060,false,לחם לבן ללא גלוטן 500 גר,גידרון,IL,לחם לבן ל.גלוטן,גרמים,500.00,100 גרם,false,1,15.90,3.18,true,1,
7296073345121,false,לחמניות ללא גלוטן 90*4ג,גידרון,IL,לחמניות אצבע,גרמים,360.00,100 גרם,false,1,14.90,4.14,true,1,
7296073345145,false,בסיס פיצה אישי ל.ג120*3ג,גידרון,IL,בסיס לפיצה 3 יח,גרמים,360.00,100 גרם,false,1,15.90,4.42,true,1,
7296073345206,false,מבריק הפלא 3 יחידות,אלבגינו,PL,מבריק הפלא,יחידה,1.00,יחידה,false,1,9.90,9.90,true,1,
7296073345299,false,משחת שיניים מלבינה 100מל,,BG,משחת שיניים,מיליליטרים,100.00,"100 מ""ל",false,1,8.90,8.90,true,1,
7296073345305,false,משחת שיניים פרופ+הרבל100,,BG,משחת שיניים הרבל,מיליליטרים,100.00,"100 מ""ל",false,1,8.90,8.90,true,1,
7296073345312,false,"משחת שיניים פרש 100 מ""ל",,BG,משחת שיניים,מיליליטרים,100.00,"100 מ""ל",false,1,8.90,8.90,true,1,
7296073345336,false,משחת שיניים לילדים 2-6,שופרסל,BG,משחת שיניים KIDS,מיליליטרים,50.00,"100 מ""ל",false,1,8.90,17.80,true,1,
7296073345367,false,מברשת שינ.פעולה משולשת,,TR,מברשת שיניים,יחידה,1.00,יחידה,false,1,11.90,11.90,true,1,
7296073345381,false,מברשות שיניים 3 יחידות,,TR,מברשות שיניים3יח,יחידה,1.00,יחידה,false,1,12.90,12.90,true,1,
7296073345398,false,מברשת שיניים מבריקה,,TR,מברשת שיניים,יחידה,1.00,יחידה,false,1,11.90,11.90,true,1,
7296073345404,false,מברשת שיניים חשמלית,,CN,מברשת שינ.חשמלית,יחידה,1.00,יחידה,false,1,39.90,39.90,true,1,
7296073345428,false,מברשת שיניים חשמלית כחול,,CN,מברשת שינ.חשמלית,יחידה,1.00,יחידה,false,1,39.90,39.90,true,1,
7296073345459,false,קיסמים עם חוט בשקית50יח,,CN,קיסמים עם חוט,יחידה,1.00,יחידה,false,1,12.90,12.90,true,1,
7296073345480,false,חוט דנטלי שעווה מנטה 50מ,,CN,חוט דנטלי מנטה,מטרים,50.00,מטר,false,1,9.90,0.20,true,1,
7296073345732,false,טופו אורגני גרין 300 גרם,כפרי בריא משק ויילר,IL,טופו אורגני,גרמים,300.00,100 גרם,false,1,12.90,4.30,true,1,
7296073345749,false,טופו רך גרין 300 גרם,כפרי בריא משק ויילר,IL,טופו רך,גרמים,300.00,100 גרם,false,1,11.50,3.83,true,1,
7296073345763,false,טופו טעם טבעי 300 גרם,כפרי בריא משק ויילר,IL,טופו טעם טבעי,גרמים,300.00,100 גרם,false,1,11.50,3.83,true,1,
7296073345787,false,בייגלה שמיניות מלוח200ג,,IL,בייגלה שמיניות,גרמים,200.00,100 גרם,false,1,4.90,2.45,true,1,
7296073345794,false,בייגלה אצבעות שומשום200ג,,IL,בייגלה אצבעות,גרמים,200.00,100 גרם,false,1,4.90,2.45,true,1,
7296073345800,false,בייגלה שטוח עם מלח 200 ג,,IL,בייגלה שטוח,גרמים,200.00,100 גרם,false,1,4.90,2.45,true,1,
7296073345817,false,בייגלה שטוח עם שומשום200,,IL,בייגלה שטוח,גרמים,200.00,100 גרם,false,1,4.90,2.45,true,1,
7296073345947,false,"מדביר יתושים 630 מ""ל",,IL,מדביר יתושים,מיליליטרים,630.00,"100 מ""ל",false,1,16.90,2.68,true,1,
7296073345954,false,"מדביר תיקנים 300 מ""ל",,IL,מדביר תיקנים,מיליליטרים,300.00,"100 מ""ל",false,1,13.90,4.63,true,1,
7296073345985,false,רול און דוחה יתושים 70מל,,IL,רול און ד.יתושים,מיליליטרים,70.00,"100 מ""ל",false,1,13.90,19.86,true,1,
7296073346333,false,עוגות אישיות קרם חלב350ג,קסליני,IT,עוגות אישיות,גרמים,350.00,100 גרם,false,1,12.90,3.69,true,1,
7296073346340,false,עוגות אישיות קרם שוקו350,קסליני,IT,עוגות אישיות,גרמים,350.00,100 גרם,false,1,12.90,3.69,true,1,
7296073346760,false,שקיות אשפה כתום 2 * 10יח,אשפלסט,IL,שקיות אשפה,יחידה,1.00,יחידה,false,1,21.90,21.90,true,1,
7296073346777,false,שקיות רב שימושיות 300 יח,אשפלסט,IL,שקיות רב שימושי,יחידה,1.00,יחידה,false,1,12.50,12.50,true,1,
7296073347453,false,פטרוזליה יחידה,תנובות לכיש,IL,פטרוזליה,יחידה,1.00,יחידה,false,1,3.90,3.90,true,1,
7296073347460,false,שמיר יחידה,תנובות לכיש,IL,שמיר,יחידה,1.00,יחידה,false,1,3.90,3.90,true,1,
7296073347477,false,כוסברה,תנובות לכיש,IL,כוסברה,יחידה,1.00,יחידה,false,1,3.90,3.90,true,1,
7296073347484,false,נענע,תנובות לכיש,IL,נענע,יחידה,1.00,יחידה,false,1,3.90,3.90,true,1,
7296073348023,false,שבבי שקדים מולבנים 100ג,,US,שבבי שקד מולבן,גרמים,100.00,100 גרם,false,1,12.90,12.90,true,1,
7296073348092,false,מברשת שיניים חשמלית ורוד,,CN,מברשת שינ.חשמלית,יחידה,1.00,יחידה,false,1,39.90,39.90,true,1,
7296073348221,false,מטהר אויר נטול גז 350מל,,IL,מטהר אויר נ.גז,מיליליטרים,350.00,"100 מ""ל",false,1,10.90,3.11,true,1,
7296073348245,false,מטהר אויר אלוורה 350מל,,IL,מטהר אויר נ.גז,מיליליטרים,350.00,"100 מ""ל",false,1,10.90,3.11,true,1,
7296073348955,false,ספגטי אמר אורגני 500 גרם,,IT,ספגטי אמר אורגני,גרמים,500.00,100 גרם,false,1,12.90,2.58,true,1,
7296073348979,false,פסטה אמר פוזילי גרין500ג,,IT,פוזילי אורגני,גרמים,500.00,100 גרם,false,1,12.90,2.58,true,1,
7296073348993,false,פליני חיטה מלאה 500 גרם,,IT,פליני מלא אורגני,גרמים,500.00,100 גרם,false,1,9.90,1.98,true,1,
7296073352136,false,פתיתים חומוס ל.גלוטן250ג,,IT,פתיתים חומוס,גרמים,250.00,100 גרם,false,1,11.90,4.76,true,1,
7296073352150,false,פנה עדשים אדומות 250ג,,IT,פנה עדשים אדומות,גרמים,250.00,100 גרם,false,1,11.90,4.76,true,1,
7296073352167,false,פוזילי אפונה גרין 250גר,,IT,פוזילי אפונה ללג,גרמים,250.00,100 גרם,false,1,11.90,4.76,true,1,
7296073352839,false,מפיות חד שכבתי 100 יחידו,,IL,מפיות חד שכבתי,יחידה,1.00,יחידה,false,1,7.90,7.90,true,1,
7296073352846,false,"מפיות חד שכבתי 100 יח,'",,IL,מפיות,יחידה,1.00,יחידה,false,1,7.90,7.90,true,1,
7296073352853,false,מפיות נייר חד שכבתי,,IL,מפיות חד שכבתי,יחידה,1.00,יחידה,false,1,7.90,7.90,true,1,
7296073352860,false,מפיות נשלפות בדיספנסר,,IL,מפיות בדיספנסר,יחידה,1.00,יחידה,false,1,4.90,4.90,true,1,
7296073359234,false,גרעיני תירס מתוק 340 גרם,,HU,גרעיני תירס מתוק,גרמים,340.00,100 גרם,false,1,4.90,1.44,true,1,
7296073359265,false,28 תחבושות לנערות נורמל,,DE,תחבושות לנערות,יחידה,1.00,יחידה,false,1,12.50,12.50,true,1,
7296073359272,false,24תחבושות לנערות סופר,,DE,תחבושות לנערות,יחידה,1.00,יחידה,false,1,12.50,12.50,true,1,
7296073359838,false,עוגיות מקלות מרוקאיות500,גידרון,IL,עוגיות מרוקאיות,גרמים,500.00,100 גרם,false,1,15.90,3.18,true,1,
7296073359845,false,"עוגיות מרוקאיות ללת""ס500",,IL,עוגיות מרוקאיות,גרמים,500.00,100 גרם,false,1,15.90,3.18,true,1,
7296073359852,false,עוגיות גרנולה 500 גרם,,IL,עוגיות גרנולה,גרמים,500.00,100 גרם,false,1,15.90,3.18,true,1,
7296073359869,false,"עוגיות גרנולה ללת""ס500ג",,IL,עוגיות גרנולה,גרמים,500.00,100 גרם,false,1,15.90,3.18,true,1,
7296073359876,false,עוג.פרפריות ט.שוקולד500ג,,IL,עוגיות פרפריות,גרמים,500.00,100 גרם,false,1,15.90,3.18,true,1,
7296073359906,false,עוג.כתר ריבה טעם תות500ג,,IL,עוגיות ריבה,גרמים,500.00,100 גרם,false,1,15.90,3.18,true,1,
7296073359937,false,עוגיות מעמול תמרים 500גר,,IL,עוגיות מעמול תמר,גרמים,500.00,100 גרם,false,1,15.90,3.18,true,1,
7296073361442,false,"מטליות היגיניות רב""ש 5יח",נועם אורים,IL,מטלית הגיניות,יחידה,1.00,יחידה,false,1,10.90,10.90,true,1,
7296073361671,false,רוטב ברביקיו 510 גרם,,US,רוטב ברביקיו,גרמים,510.00,100 גרם,false,1,11.90,2.33,true,1,
7296073361695,false,רוטב ברביקיו עם דבש510גר,,US,רוטב ברביקיו,גרמים,510.00,100 גרם,false,1,11.90,2.33,true,1,
7296073361701,false,רוטב ברביקיו ט.מעושן510ג,,US,רוטב ברביקיו,גרמים,510.00,100 גרם,false,1,11.90,2.33,true,1,
7296073361916,false,אגס ישראלי ארוז,קטיף.,IL,אגס ישראלי ארוז,קילוגרמים,0.00,"ק""ג",true,1,7.90,7.90,true,1,
7296073362036,false,אבקת שוקו מפרץ ההרפתקאות,,IL,אבקת שוקו,גרמים,500.00,100 גרם,false,1,10.80,2.16,true,1,
7296073362425,false,עדשים שחורות מונבטות,נבטי איילון,IL,עדשים שחורות,יחידה,1.00,יחידה,false,1,8.90,8.90,true,1,
7296073362630,false,אקונומיקה סופר מבושמת 4ל,קומפלקס כימיקלים,IL,אקונומיקה מבושמת,ליטרים,4.00,ליטר,false,1,13.90,3.48,true,1,
7296073362654,false,אקונומיקה שופרסל 4 ליטר,קומפלקס כימיקלים,IL,אקונומיקה מבושמת,ליטרים,4.00,ליטר,false,1,8.90,2.23,true,1,
7296073362722,false,תבשיל אורז עם עדשים550ג,,IL,מג'דרה 550 גרם,גרמים,550.00,100 גרם,false,1,23.90,4.34,true,1,
7296073362739,false,חמאת בוטנים 510 גרם,יונייטד פודס,IN,חמאת בוטנים,גרמים,510.00,100 גרם,false,1,14.90,2.92,true,1,
7296073362746,false,חמאת בוטנים שב.בוטנים510,יונייטד פודס,IN,חמאת בוטנים,גרמים,510.00,100 גרם,false,1,14.90,2.92,true,1,
7296073362777,false,סלרי עלים,תנובות לכיש,IL,סלרי עלים,יחידה,1.00,יחידה,false,1,5.90,5.90,true,1,
7296073362784,false,סלרי ראש,תנובות לכיש,IL,סלרי ראש,יחידה,1.00,יחידה,false,1,5.90,5.90,true,1,
7296073362791,false,שורש פטרוזיליה,תנובות לכיש,IL,שורש פטרוזיליה,יחידה,1.00,יחידה,false,1,5.90,5.90,true,1,
7296073362807,false,פזיל / מנגולד יחידה,תנובות לכיש,IL,פזיל / מנגולד,יחידה,1.00,יחידה,false,1,5.90,5.90,true,1,
7296073362821,false,סב.ידיים בצבעי פסטל500*3,טאהא קימיה,TR,סבון ידיים 3 יח,ליטרים,1.50,ליטר,false,1,13.90,9.27,true,1,
7296073362890,false,בייבי גאודה 31% 280 גרם,הנרי ויליך,NL,בייבי גאודה,גרמים,280.00,100 גרם,false,1,31.90,11.39,true,1,
7296073362944,false,אבקת אפיה שופרסל 10*10 י,,IL,אבקת אפיה 10 יח,גרמים,100.00,100 גרם,false,1,3.00,3.00,true,1,
7296073362951,false,סוכר וניל שופרסל 10*10גר,ר.ס-.חברה ליבוא וייצור מ,IL,סוכר וניל 10 יח,גרמים,100.00,100 גרם,false,1,2.80,2.80,true,1,
7296073362975,false,אבקת סוכר שופרסל 100 גרם,ר.ס-.חברה ליבוא וייצור מ,IL,אבקת סוכר,גרמים,100.00,100 גרם,false,1,2.00,2.00,true,1,
7296073363194,false,Be מסכה לשיער יבש500מל,א.משי תעשיות,IL,מסכה לשיער יבשBE,מיליליטרים,500.00,"100 מ""ל",false,1,29.90,5.98,true,1,
7296073363217,false,Beשמפו לשיער מוחלק 500מל,,IL,שמפו לשיער יבשBE,מיליליטרים,500.00,"100 מ""ל",false,1,19.90,3.98,true,1,
7296073363989,false,"סכיני גילוח חד""פ לאשה5יח",,US,"סכיני גילוח חד""פ",יחידה,1.00,יחידה,false,1,9.90,9.90,true,1,
7296073363996,false,"סכיני גילוח חד""פ לגבר5יח",,US,"סכיני גילוח חד""פ",יחידה,1.00,יחידה,false,1,9.90,9.90,true,1,
7296073364177,false,"שקיות זיפר 20*20 ס""מ",,CN,שקיות זיפר 50יח,יחידה,1.00,יחידה,false,1,9.90,9.90,true,1,
7296073364184,false,"שקיות סלייד 25*20 ס""מ 30",,CN,שקיות סלייד,יחידה,1.00,יחידה,false,1,13.90,13.90,true,1,
7296073364221,false,עלי בייבי אורגני גרין יח,,IL,עלי בייבי אורגני,יחידה,1.00,יחידה,false,1,12.90,12.90,true,1,
7296073364320,false,אפונה זיפר שופרסל 500גרם,מיה,IL,אפונה שופרסל,גרמים,500.00,100 גרם,false,1,5.50,1.10,true,1,
7296073364351,false,חומוס גדול זיפר 500 גרם,,IL,חומוס גדול,גרמים,500.00,100 גרם,false,1,6.50,1.30,true,1,
7296073364375,false,חיטה זיפר שופרסל 500 גרם,מיה,IL,חיטה,גרמים,500.00,100 גרם,false,1,5.00,1.00,true,1,
7296073364436,false,שעועית לבנה זיפר 900 גרם,,IL,שעועית לבנה,גרמים,900.00,100 גרם,false,1,13.90,1.54,true,1,
7296073364443,false,חומוס גדול זיפר 900 גרם,,IL,חומוס גדול,גרמים,900.00,100 גרם,false,1,10.50,1.17,true,1,
7296073364450,false,חומוס לבן ענק זיפר 900גר,מיה,IL,חומוס לבן ענק,גרמים,900.00,100 גרם,false,1,12.90,1.43,true,1,
7296073364467,false,שעועית מעורבת זיפר 500גר,,IL,שעועית מעורבת,גרמים,500.00,100 גרם,false,1,12.80,2.56,true,1,
7296073364474,false,ג'ריש זיפר שופרסל 500גרם,,IL,ג'ריש,גרמים,500.00,100 גרם,false,1,4.50,0.90,true,1,
7296073364481,false,"אפונה ירוקה זיפר 1 ק""ג",,IL,אפונה ירוקה,קילוגרמים,1.00,"ק""ג",false,1,7.80,7.80,true,1,
7296073364511,false,"חיטה זיפר שופרסל 1 ק""ג",מיה,IL,חיטה,קילוגרמים,1.00,"ק""ג",false,1,7.80,7.80,true,1,
7296073364542,false,"אורז לבן עגול זיפר 1 ק""ג",,IL,אורז לבן עגול,קילוגרמים,1.00,"ק""ג",false,1,7.50,7.50,true,1,
7296073364559,false,"אורז פרסי מלא זיפר 1 ק""ג",,IL,אורז פרסי מלא,קילוגרמים,1.00,"ק""ג",false,1,8.00,8.00,true,1,
7296073364610,false,שעועית ארגנטינאית זיפ500,,IL,שעועית ארגנטינאי,גרמים,500.00,100 גרם,false,1,9.80,1.96,true,1,
7296073364634,false,שעועית בובס זיפר400גרם,מיה,IL,שעועית בובס,גרמים,400.00,100 גרם,false,1,12.80,3.20,true,1,
7296073364641,false,שעועית אדומה זיפר 500גרם,מיה,IL,שעועית אדומה,גרמים,500.00,100 גרם,false,1,8.80,1.76,true,1,
7296073364719,false,משחת שיניים לילדים גיל 6,MENUFACLURER,BG,משחת שיניים לילד,מיליליטרים,50.00,"100 מ""ל",false,1,8.90,17.80,true,1,
7296073365099,false,"כוס גדולה לאירוח 330 מ""ל",,CN,כוסות גדולות,יחידה,1.00,יחידה,false,1,17.90,17.90,true,1,
7296073365266,false,בייבי גאודה פסטו 280 גרם,הנרי ויליך,NL,בייבי גאודה פסטו,גרמים,280.00,100 גרם,false,1,31.90,11.39,true,1,
7296073365730,false,מאגדת מצופה בננה 8יח,גלידות פלדמן,IL,מאגדת מצופה בננה,גרמים,560.00,100 גרם,false,1,19.90,3.55,true,1,
7296073365747,false,מאגדת מצופים שוקולד 8 יח,גלידות פלדמן,IL,מאגדת מצופים שוק,גרמים,560.00,100 גרם,false,1,19.90,3.55,true,1,
7296073365754,false,מאגדת גביע ופל וניל 260,גלידות פלדמן,IL,מאגדת גביע ופל,גרמים,260.00,100 גרם,false,1,19.90,7.65,true,1,
7296073365792,false,מאגדת מיני בר וניל 5 יח,גלידות פלדמן,IL,מאגדת מיני בר,גרמים,300.00,100 גרם,false,1,26.90,8.97,true,1,
7296073365808,false,מאגדת מיני ברשוקולד 5 יח,גלידות פלדמן,IL,מאגדת מיני בר,גרמים,300.00,100 גרם,false,1,26.90,8.97,true,1,
7296073365907,false,קורנפלור ללא גלוטן 500 ג,,IL,"קורנפלור לל""ג",גרמים,500.00,100 גרם,false,1,9.90,1.98,true,1,
7296073365945,false,קמח תירס ללא גלוטן 500גר,,IL,"קמח תירס לל""ג",גרמים,500.00,100 גרם,false,1,10.90,2.18,true,1,
7296073365952,false,קמח תפוחי אדמה498גרם,,IL,קמח תפוחי אדמה,גרמים,498.00,100 גרם,false,1,11.90,2.39,true,1,
7296073366898,false,גבינת קממבר 200 גרם,,FR,גבינת קמבבר,גרמים,200.00,100 גרם,false,1,21.90,10.95,true,1,
7296073367154,false,נקניקיות מרגז 400 גרם,טיבון ויל אחזקות בעמ,IL,נקניקיות מרגז,גרמים,400.00,100 גרם,false,1,19.90,4.98,true,1,
7296073367192,false,חטיף לכלב פילה עוף מיובש,,CN,חטיף לכלב,גרמים,80.00,100 גרם,false,1,14.90,18.63,true,1,
7296073367239,false,חטיף לכלב סושי עוף 80 גר,,CN,חטיף לכלב,גרמים,80.00,100 גרם,false,1,14.90,18.63,true,1,
7296073367253,false,חטיף לכלב סושי עוף ודגים,,CN,חטיף לכלב,גרמים,80.00,100 גרם,false,1,14.90,18.63,true,1,
7296073368212,false,טחינה אורגנית גרין 500 ג,,IL,טחינה אורגנית,גרמים,500.00,100 גרם,false,1,10.00,2.00,true,1,
7296073368465,false,פיצה מרגריטה 320 גרם,סוילה אס.אר.אל,IT,פיצה מרגריטה,יחידה,1.00,יחידה,false,1,16.90,16.90,true,1,
7296073368502,false,אורז בסמטי בסגנון בוכרי,,IL,אורז בסמטי מתובל,גרמים,400.00,100 גרם,false,1,11.90,2.98,true,1,
7296073368519,false,אורז בסמטי בתיבול ירקות,,IL,אורז בסמטי מתובל,גרמים,400.00,100 גרם,false,1,11.90,2.98,true,1,
7296073368526,false,אורז בסמטי בסגנון מג'דרה,,IL,אורז בסמטי מתובל,גרמים,400.00,100 גרם,false,1,11.90,2.98,true,1,
7296073368533,false,אורז בסמטי בסגנון פרסי,,IL,אורז בסמטי מתובל,גרמים,400.00,100 גרם,false,1,11.90,2.98,true,1,
7296073368557,false,ממרח עגבניות עם פרמזן190,,IT,ממרח עגבניות,גרמים,190.00,100 גרם,false,1,11.90,6.26,true,1,
7296073368670,false,מגבונים לחים מארז ענק 12,,IL,מגבונים לחים12יח,יחידה,1.00,יחידה,false,1,37.80,37.80,true,1,
7296073368830,false,טורטיות מקמח חיטה 320 גר,,RS,טורטייה,גרמים,320.00,100 גרם,false,1,9.90,3.09,true,1,
7296073368854,false,טורטיות מקמח חיטה מלא320,,RS,טורטייה,גרמים,320.00,100 גרם,false,1,9.90,3.09,true,1,
7296073368892,false,תערובת קדירה לקט חמין500,מיה,IL,לקט לחמין,גרמים,500.00,100 גרם,false,1,9.90,1.98,true,1,
7296073368915,false,לקט דגנים לקדירה 500 גרם,,IL,לקט לקדירה,גרמים,500.00,100 גרם,false,1,9.90,1.98,true,1,
7296073369035,false,קבוקים בציפוי שומשום400ג,,IL,קבוקים שומשום,גרמים,400.00,100 גרם,false,1,11.90,2.98,true,1,
7296073369585,false,תרסיס חיטוי למטבח750מל,,IL,תרסיס למטבח,מיליליטרים,750.00,"100 מ""ל",false,1,14.90,1.99,true,1,
7296073369592,false,תרסיס חיטוי וניקוי 750מל,,IL,תרסיס חיטוי כללי,מיליליטרים,750.00,"100 מ""ל",false,1,14.90,1.99,true,1,
7296073369608,false,תרסיס חיטוי אמבט750מל,,IL,תרסיס לאמבט,מיליליטרים,750.00,"100 מ""ל",false,1,14.90,1.99,true,1,
7296073369615,false,תרסיס חיטוי אמבטיה 400מ,,IL,תרסיס חיטוי אמבט,מיליליטרים,400.00,"100 מ""ל",false,1,19.90,4.98,true,1,
7296073369622,false,"תרסיס חיטוי כללי 400 מ""ל",,IL,תרסיס חיטוי כללי,מיליליטרים,400.00,"100 מ""ל",false,1,19.90,4.98,true,1,
7296073369639,false,ערמונים קלופים קלויים100,,CN,ערמונים קלופים,גרמים,100.00,100 גרם,false,1,6.90,6.90,true,1,
7296073371892,false,קטשופ שופרסל 750 גרם,קונסרבאס סילביה,FR,קטשופ שופרסל,גרמים,750.00,100 גרם,false,1,8.90,1.19,true,1,
7296073372080,false,קפסולות מס LUNGO 6,DELICA,CH,קפסולות לונגו,גרמים,50.00,100 גרם,false,1,14.90,29.80,true,1,
7296073372165,false,גלילים לאיסוף צרכים 3 יח,,CN,גלילים לא.צרכים,יחידה,1.00,יחידה,false,1,10.90,10.90,true,1,
7296073372202,false,רצועה גדולה לכלב יחידה,,CN,רצועה גדולה לכלב,יחידה,1.00,יחידה,false,1,25.90,25.90,true,1,
7296073372257,false,רולר לאיסוף שיער יחיד,,CN,רולר לאיסוף שיער,יחידה,1.00,יחידה,false,1,11.90,11.90,true,1,
7296073372271,false,שמנת לבישול נ.לקטוז250מל,,IL,שמנת לבישול15%,מיליליטרים,250.00,"100 מ""ל",false,1,7.50,3.00,true,1,
7296073372288,false,שמנת להקצפה נ.לקטוז 250מ,,IL,שמנת להקצפה38%,מיליליטרים,250.00,"100 מ""ל",false,1,7.50,3.00,true,1,
7296073372486,false,משקה אורז שקדים אורגני1ל,ליקואטס וגטאלס,ES,משקה אורז שקדים,ליטרים,1.00,ליטר,false,1,11.90,11.90,true,1,
7296073372509,false,משקה אורז אורגני 1 ליטר,ליקואטס וגטאלס,ES,משקה אורז אורגני,ליטרים,1.00,ליטר,false,1,11.90,11.90,true,1,
7296073372516,false,"משקה סויה אורגני ללת""ס1ל",ליקואטס וגטאלס,ES,משקה סויה אורגני,ליטרים,1.00,ליטר,false,1,11.90,11.90,true,1,
7296073372523,false,משקה שקדים אורגני 1 ליטר,ליקואטס וגטאלס,ES,משקה שקדים,ליטרים,1.00,ליטר,false,1,11.90,11.90,true,1,
7296073372530,false,"משקה שקדים ללת""ס 1 ליטר",ליקואטס וגטאלס,ES,"משקה שקדים ללת""ס",ליטרים,1.00,ליטר,false,1,11.90,11.90,true,1,
7296073372547,false,משקה ש.שועל שקדים 1 ליטר,ליקואטס וגטאלס,ES,משקה שיבולת שועל,ליטרים,1.00,ליטר,false,1,11.90,11.90,true,1,
7296073372554,false,משקה ש.שועל אורגני 1ליטר,ליקואטס וגטאלס,ES,משקה שיבולת שועל,ליטרים,1.00,ליטר,false,1,11.90,11.90,true,1,
7296073373421,false,קצף אקונומיקה 1 ליטר,קומפלקס כימיקלים,IL,קצף אקונומיקה,ליטרים,1.00,ליטר,false,1,12.70,12.70,true,1,
7296073373476,false,ברוקולי ארוז,,IL,ברוקולי ארוז,גרמים,350.00,100 גרם,false,1,10.90,3.11,true,1,
7296073375654,false,בקבוק לגדולים עם פייה,LUV.N`CARE,CN,בקבוק,יחידה,1.00,יחידה,false,1,42.90,42.90,true,1,
7296073375722,false,זוג כפיות סיליקון 2 יח,LUV.N`CARE,CN,זוג כפית סיליקון,יחידה,1.00,יחידה,false,1,29.90,29.90,true,1,
7296073376200,false,זוג כפיות רגישות לחום,LUV.N`CARE,CN,זוג כפיות,יחידה,1.00,יחידה,false,1,14.90,14.90,true,1,
7296073376224,false,קערת האכלה נצמדת עם כפית,LUV.N`CARE,CN,קערת האכלה,יחידה,1.00,יחידה,false,1,29.90,29.90,true,1,
7296073376286,false,מברשת שיניים ילדים2-5,,TR,מברשת שיניים,יחידה,1.00,יחידה,false,1,8.90,8.90,true,1,
7296073376477,false,כוסות מהודרות כסף/זהב 10,,CN,כוסות מהודרות,יחידה,1.00,יחידה,false,1,12.90,12.90,true,1,
7296073377214,false,חסה לבבות קיסר,,IL,חסה לבבות קיסר,גרמים,400.00,100 גרם,false,1,9.90,2.48,true,1,
7296073377269,false,פולי סויה אדממה 454 גרם,,CN,פולי סויה אדממה,גרמים,454.00,100 גרם,false,1,11.90,2.62,true,1,
7296073379263,false,מרכך מרוכז DIVING DEEP,,IL,מרכך מרוכז ספא,ליטרים,1.00,ליטר,false,1,11.90,11.90,true,1,
7296073379287,false,מרכך מרוכזBLOSSOM CHERRY,,IL,מרכך מרוכז ספא,ליטרים,1.00,ליטר,false,1,11.90,11.90,true,1,
7296073379317,false,ג'ל כביסה מרוכז ורוד3ל,,IL,ג'ל כביסה מרוכז,ליטרים,3.00,ליטר,false,1,24.90,8.30,true,1,
7296073379331,false,רוטב לסלט ויניגרט חרדל,"פרסקו חצבה 2006 בע""\מ",IL,ויניגרט חרדל,גרמים,280.00,100 גרם,false,1,12.90,4.61,true,1,
7296073379348,false,רוטב לסלט ויניגרט הדרים,"פרסקו חצבה 2006 בע""\מ",IL,רוטב לסלט הדרים,גרמים,300.00,100 גרם,false,1,12.90,4.30,true,1,
7296073379362,false,רוטב לסלט קיסר,"פרסקו חצבה 2006 בע""\מ",IL,רוטב לסלט קיסר,מיליליטרים,280.00,"100 מ""ל",false,1,12.90,4.61,true,1,
7296073379379,false,רוטב לסלט לימונענע,"פרסקו חצבה 2006 בע""\מ",IL,רוטב לימונענע,גרמים,280.00,100 גרם,false,1,12.90,4.61,true,1,
7296073379560,false,אטריות שעועית ל.גלוטן250,,CN,אטריות שעועית,גרמים,250.00,100 גרם,false,1,7.90,3.16,true,1,
7296073379584,false,סינטה דק דק 250 גרם,,IL,סינטה דק דק,גרמים,250.00,100 גרם,false,1,24.90,9.96,true,1,
7296073379683,false,אגוז מוסקט טחון 40 גרם,א.ל ייצור ושיווק תבלינים,IL,אגוז מוסקט טחון,גרמים,40.00,100 גרם,false,1,14.90,37.25,true,1,
7296073379690,false,ראס אל חנות 100 גרם,א.ל ייצור ושיווק תבלינים,IL,ראס אל חנות,גרמים,100.00,100 גרם,false,1,9.90,9.90,true,1,
7296073379751,false,שקיות סלייד XL,,CN,שקיות סלייד,יחידה,1.00,יחידה,false,1,17.90,17.90,true,1,
7296073380153,false,עגבניות שרי מנומר יחידה,עידו נחום,IL,שרי מנומר,גרמים,460.00,100 גרם,false,1,9.90,2.15,true,1,
7296073380160,false,עגבניה שרי כתום,עידו נחום,IL,עגבניות שרי כתום,גרמים,460.00,100 גרם,false,1,9.90,2.15,true,1,
7296073380818,false,Be ג'ל רחצה אבוקדו 700 מ,קוסמטיקס,TR,Be ג'ל רחצה,מיליליטרים,700.00,"100 מ""ל",false,1,13.90,1.99,true,1,
7296073380825,false,Be ג'ל רחצה מקדמיה 700מ,קוסמטיקס,TR,Be ג'ל רחצה,מיליליטרים,700.00,"100 מ""ל",false,1,13.90,1.99,true,1,
7296073380832,false,Be ג'ל רחצה אורכידאה 700,קוסמטיקס,TR,Be ג'ל רחצה,מיליליטרים,700.00,"100 מ""ל",false,1,13.90,1.99,true,1,
7296073380870,false,דאו גברCookie Night 150,סאסא קוסמטיקס,,דאו לגבר,יחידה,1.00,יחידה,false,0,11.90,11.90,true,1,
7296073380887,false,דאו לגבר Boy Beach 150,סאסא קוסמטיקס,,דאו לגבר,יחידה,1.00,יחידה,false,0,11.90,11.90,true,1,
7296073380894,false,דאו לגבר Vib Morning 150,סאסא קוסמטיקס,,דאו לגבר,יחידה,1.00,יחידה,false,0,11.90,11.90,true,1,
7296073380900,false,רצועות שעווה לע.עדין 16י,VIOCOX,ES,רצועות שעווה,יחידה,1.00,יחידה,false,1,19.90,19.90,true,1,
7296073380917,false,רצועות שעווה לפנים 12 יח,VIOCOX,ES,רצועות שעווה,יחידה,1.00,יחידה,false,1,19.90,19.90,true,1,
7296073381174,false,מברשת ספרים עם שיער .,BE NOW,CN,מברשת ספרים,יחידה,1.00,יחידה,false,1,34.90,34.90,true,1,
7296073381181,false,קליפסים גודל בינוני זוג,BE NOW,CN,קליפסים גודל בינ,יחידה,1.00,יחידה,false,1,12.90,12.90,true,1,
7296073381228,false,"תחליב רחצה Rose 700 מ""ל",שופרסל,TR,תחליב רחצה,מיליליטרים,700.00,"100 מ""ל",false,1,11.90,1.70,true,1,
7296073381235,false,תחליב רחצה Vanilla 700מ,שופרסל,TR,תחליב רחצה,מיליליטרים,700.00,"100 מ""ל",false,1,11.90,1.70,true,1,
7296073381242,false,"תחליב רחצה Cotton700מ""",שופרסל,TR,תחליב רחצה,מיליליטרים,700.00,"100 מ""ל",false,1,11.90,1.70,true,1,
7296073381501,false,קליפס בינוני חזק חום 3יח,BE NOW,CN,קליפס בינוני,יחידה,1.00,יחידה,false,1,14.90,14.90,true,1,
7296073381709,false,גרעיני דלעת אורגניים300ג,,IL,גרעיני דלעת,גרמים,300.00,100 גרם,false,1,14.90,4.97,true,1,
7296073381747,false,עדשים שחורות אורגניות500,,IL,עדשים שחורות,גרמים,500.00,100 גרם,false,1,14.90,2.98,true,1,
7296073382355,false,שוקולד מריר 84% 100 גרם,פריי )שוקולד(,CH,שוקולד מריר 84%,גרמים,100.00,100 גרם,false,1,9.90,9.90,true,1,
7296073382386,false,שוקולד מריר 75% 100 גרם,"שוקולד פריי בע""מ",CH,שוקולד מריר 75%,גרמים,100.00,100 גרם,false,1,9.90,9.90,true,1,
7296073382416,false,שוקולד מריר 90% 100 גרם,"שוקולד פריי בע""מ",CH,שוקולד מריר 90%,גרמים,100.00,100 גרם,false,1,9.90,9.90,true,1,
7296073383604,false,חליטת קמומיל ולימונית25ש,,IL,חליטת קמומיל,גרמים,37.00,100 גרם,false,1,11.90,32.16,true,1,
7296073383611,false,תה קמומיל ונענע 38 גרם,,IL,חליטת קמומיל,גרמים,38.00,100 גרם,false,1,11.90,31.32,true,1,
7296073383628,false,תה ירוק עם מאצ''ה 37.5 ג,,IL,תה ירוק עם מאצ'ה,גרמים,37.00,100 גרם,false,1,13.90,37.57,true,1,
7296073383635,false,חליטת יער 50 גרם,,IL,חליטת יער,גרמים,50.00,100 גרם,false,1,11.90,23.80,true,1,
7296073383642,false,חליטת כורכום וג'ינג'ר 50,,IL,חליטת כורכום,גרמים,50.00,100 גרם,false,1,11.90,23.80,true,1,
7296073384434,false,קציצות סג.גפילטע פיש350ג,,IL,קציצות עם דגים,גרמים,350.00,100 גרם,false,1,13.90,3.97,true,1,
7296073384526,false,ג'ל כביסה מרוכז סגול3ל,,IL,ג'ל כביסה מרוכז,ליטרים,3.00,ליטר,false,1,24.90,8.30,true,1,
7296073384571,false,קולר בינוני לכלב יחידה,,CN,קולר לכלב,יחידה,1.00,יחידה,false,1,14.90,14.90,true,1,
7296073384779,false,פריפלצת אגס גזר דלעת120,פרוסלה,ES,פריפלצת אגס גזר,גרמים,120.00,100 גרם,false,1,4.50,3.75,true,1,
7296073384786,false,פריפלצת גזר בטטה 120 גרם,פרוסלה,ES,פריפלצת גזר בטטה,גרמים,120.00,100 גרם,false,1,4.50,3.75,true,1,
7296073384793,false,פריפלצת דלעת בטטה 120ג,פרוסלה,ES,פריפלצת דלעת,גרמים,120.00,100 גרם,false,1,4.50,3.75,true,1,
7296073385752,false,קשיו קלויים ומומלח200ג,פיצוחי ציון,IL,קשיו קלוי ומומלח,גרמים,200.00,100 גרם,false,1,22.90,11.45,true,1,
7296073385769,false,פיסטוק קלוי וממולח 200ג,פיצוחי ציון,IL,פיסטוק קלוי,גרמים,200.00,100 גרם,false,1,22.90,11.45,true,1,
7296073385981,false,גרעין אבטיח קלוי במלח200,פיצוחי ציון,IL,גרעין אבטיח,גרמים,200.00,100 גרם,false,1,14.90,7.45,true,1,
7296073386018,false,אגוזי מלך קלוף טבעי 150ג,פיצוחי ציון,US,אגוזי מלך טבעי,גרמים,150.00,100 גרם,false,1,11.90,7.93,true,1,
7296073386063,false,סכיני גילוח חד'פ לנשים 2,EDGEWELL,US,סכין גילוח 5 להב,יחידה,1.00,יחידה,false,1,24.90,24.90,true,1,
7296073386087,false,שקדים קלופים 200 גרם,פיצוחי ציון,IL,שקדים קלופים,גרמים,200.00,100 גרם,false,1,17.90,8.95,true,1,
7296073386094,false,שקד קלוף קלוי וממולח200ג,פיצוחי ציון,IL,שקד קלוף קלוי,גרמים,200.00,100 גרם,false,1,17.90,8.95,true,1,
7296073386100,false,בוטן קלוף קלוי וממולח300,פיצוחי ציון,IL,בוטן קלוף קלוי,גרמים,300.00,100 גרם,false,1,11.90,3.97,true,1,
7296073386124,false,גרעין דלעת קלוי במלח200ג,פיצוחי ציון,IL,גרעין דלעת קלוי,גרמים,200.00,100 גרם,false,1,11.90,5.95,true,1,
7296073386131,false,אגוזי קשיו קלופים טבעיים,פיצוחי ציון,IL,אגוזי קשיו טבעי,גרמים,200.00,100 גרם,false,1,23.90,11.95,true,1,
7296073386148,false,גרעין חמניה קלוי וממולח,פיצוחי ציון,IL,גרעין חמניה קלוי,גרמים,150.00,100 גרם,false,1,6.80,4.53,true,1,
7296073386179,false,תערובת אגוזים וצימוק150ג,,IL,תערובת אגוזים,גרמים,150.00,100 גרם,false,1,15.90,10.60,true,1,
7296073386186,false,בוטן בקליפה קלוי וממולח,פיצוחי ציון,IL,בוטן בקליפה קלוי,גרמים,400.00,100 גרם,false,1,17.90,4.48,true,1,
7296073386247,false,עלי גפן ממולא.אורז 400 ג,אגה אזיר איסק סאניי,TR,עלי גפן ממולאים,גרמים,400.00,100 גרם,false,1,7.50,1.88,true,1,
7296073386414,false,נוזל לניקוי חלונות 1ליטר,,IL,נוזל לחלונות,ליטרים,1.00,ליטר,false,1,7.90,7.90,true,1,
7296073386971,false,מקלות מלוחים ל.גלוטן230ג,אשבל מזון פונקציונלי בע\,IL,מקלות מלוחים,גרמים,230.00,100 גרם,false,1,21.90,9.52,true,1,
7296073387008,false,"עוג.שוקולד צ'יפס לל""ג200",אשבל מזון פונקציונלי בע\,IL,עוגיות שוקוצ'יפס,גרמים,200.00,100 גרם,false,1,21.90,10.95,true,1,
7296073387053,false,תות בננה קפוא שופרסל 300,,RS,תות בננה קפוא,גרמים,300.00,100 גרם,false,1,16.90,5.63,true,1,
7296073387299,false,פלפל ננסי פיקנטי 670 גרם,,TR,פלפל ננסי פיקנטי,גרמים,670.00,100 גרם,false,1,11.90,1.78,true,1,
7296073387398,false,בצק עוגיות שוקולד צ'יפס,FOODS BAXTERS,AU,בצק עוגיות שוקול,גרמים,300.00,100 גרם,false,1,14.90,4.97,true,1,
7296073388531,false,ביצי הפתעה 20*3ג LOL,,IT,ביצי הפתעה LOL,גרמים,60.00,100 גרם,false,1,12.90,21.50,true,1,
7296073388548,false,ביצי הפתעה PJMASK 20*3ג,,IT,ביצי הפתעה PJ,גרמים,60.00,100 גרם,false,1,12.90,21.50,true,1,
7296073388746,false,שמפו לשיער יבש שיאה700מל,,TR,שמפו לשיער יבש,מיליליטרים,700.00,"100 מ""ל",false,1,9.90,1.41,true,1,
7296073388784,false,מרכך קוקוס לשיער שמן700מ,שופרסל,TR,מרכך לשיער שמן,מיליליטרים,700.00,"100 מ""ל",false,1,9.90,1.41,true,1,
7296073388807,false,מרכך לשיער צבוע ארגן700מ,,TR,מרכך לשיער צבוע,מיליליטרים,700.00,"100 מ""ל",false,1,9.90,1.41,true,1,
7296073388821,false,שוק.חלב ממולא ק.קרמל100ג,,CH,שוקולד חלב ממולא,גרמים,100.00,100 גרם,false,1,9.90,9.90,true,1,
7296073388852,false,שוק.חלב עם קרם דובדבן100,,CH,שוקולד חלב ממולא,גרמים,100.00,100 גרם,false,1,9.90,9.90,true,1,
7296073389422,false,"שמן זית אורגני 750 מ""ל",,IT,שמן זית אורגני,מיליליטרים,750.00,"100 מ""ל",false,1,42.90,5.72,true,1,
7296073389453,false,בגט עם ציה ללא גלוטן240ג,,IL,בגט עם זרעי ציה,גרמים,240.00,100 גרם,false,1,15.90,6.63,true,1,
7296073389460,false,לחם בסגנון צרפתי 500 גר,,IL,לחם בסגנון צרפתי,גרמים,500.00,100 גרם,false,1,21.90,4.38,true,1,
7296073389941,false,חטיפי חלבון קרמל מלוח4יח,,PL,חטיפי חלבון 4 יח,גרמים,160.00,100 גרם,false,1,21.90,13.69,true,1,
7296073390008,false,פרכיות מצופות שוק.מריר60,NETHERLANDS SANORICE,NL,פריכיות מצופות,גרמים,60.00,100 גרם,false,1,6.90,11.50,true,1,
7296073390015,false,פרכיות ציפוי שוק.קוקוס60,NETHERLANDS SANORICE,NL,פריכיות קטנות,גרמים,60.00,100 גרם,false,1,6.90,11.50,true,1,
7296073390206,false,עינוגי פקאן שופרסל 400 ג,בריגן קי ג'י,DE,עינוגי פקאן,גרמים,400.00,100 גרם,false,1,18.90,4.73,true,1,
7296073390213,false,ברנפלקס שופרסל 500 גרם,בריגן קי. ג'י,DE,ברנפלקס,גרמים,500.00,100 גרם,false,1,16.90,3.38,true,1,
7296073390251,false,יוגורט נטול לקטוז10% 150,,GR,יוגורט ללא לקטוז,גרמים,150.00,100 גרם,false,1,5.90,3.93,true,1,
7296073390275,false,לאבנה בקר5% שופרסל 200ג,,IL,לאבנה שופרסל,גרמים,200.00,100 גרם,false,1,9.90,4.95,true,1,
7296073390282,false,כדור מוצרלה שופרסל 200 ג,,IL,כדור מוצרלה,גרמים,200.00,100 גרם,false,1,8.90,4.45,true,1,
7296073390299,false,בייבי מוצרלה שופרסל150ג,,IL,בייבי מוצרלה,גרמים,200.00,100 גרם,false,1,11.90,5.95,true,1,
7296073390312,false,גב.שמנת שום שמיר25% 200ג,,IL,גב.שמנת שום שמיר,גרמים,200.00,100 גרם,false,1,9.90,4.95,true,1,
7296073390329,false,גבינת שמנת25% שופרסל200ג,,IL,גבינת שמנת,גרמים,200.00,100 גרם,false,1,9.90,4.95,true,1,
7296073390541,false,מטען קיר כפול גלקסי 2.1,,CN,מטען קיר כפול,יחידה,1.00,יחידה,false,1,49.90,49.90,true,1,
7296073390558,false,מטען קיר כפול אפל 2.1A,,CN,מטען קיר כפול,יחידה,1.00,יחידה,false,1,49.90,49.90,true,1,
7296073390596,false,מטען רכב ראש 2.1A *,בסט סין,CN,מטען רכב ראש,יחידה,1.00,יחידה,false,1,24.90,24.90,true,1,
7296073390640,false,כבל אייפון 2M,,CN,כבל אייפון 2M,יחידה,1.00,יחידה,false,1,29.90,29.90,true,1,
7296073390695,false,אוזניה MUSIC לבן+שחור,בסט סין,CN,אוזניה MUSIC,יחידה,1.00,יחידה,false,1,19.90,19.90,true,1,
7296073390701,false,אוזניות סטריאו,בסט סין,CN,אוזניות סטריאו,יחידה,1.00,יחידה,false,1,34.90,34.90,true,1,
7296073390916,false,שווארמה מג'דרה 550 גרם,סי.אי.פי מבוא חורון,IL,שווארמה מג'דרה,גרמים,550.00,100 גרם,false,1,37.90,6.89,true,1,
7296073390923,false,נודלס עוף שופרסל 550 גרם,סי.אי.פי מבוא חורון,IL,נודלס עוף,גרמים,550.00,100 גרם,false,1,37.90,6.89,true,1,
7296073390930,false,עוף סצ'ואן שופרסל 550 גר,סי.אי.פי מבוא חורון,IL,עוף סצ'ואן,גרמים,550.00,100 גרם,false,1,37.90,6.89,true,1,
7296073390947,false,חטיף פרכיות שוק.מריר18*5,בנליין פודס,RS,חטיפי פריכיות,גרמים,90.00,100 גרם,false,1,9.90,11.00,true,1,
7296073391654,false,מגבונים לחיטוי וניקוי50י,טרופיקל דגיל,IL,מגבונים לניקוי,יחידה,1.00,יחידה,false,1,12.90,12.90,true,1,
7296073391661,false,מטליות מיקרופייבר גדול2י,סין,CN,מטליות לרצפה 2יח,יחידה,1.00,יחידה,false,1,18.90,18.90,true,1,
7296073392880,false,חטיף אפונה ללג אורגני 60,,IT,חטיף אורז ואפונה,גרמים,60.00,100 גרם,false,1,9.90,16.50,true,1,
7296073392927,false,חטיף קטניות ללג אורגני60,,IT,חטיף תירס+קטניות,גרמים,60.00,100 גרם,false,1,9.90,16.50,true,1,
7296073392934,false,נייר טואלט גליל כפול24יח,,IL,נייר טואלט 24 גל,מטרים,860.00,100 מטר,false,1,44.90,5.22,true,1,
7296073393108,false,קפה מיובש בהקפאה קלאס200,,ES,קפה נמס קלאסי,גרמים,200.00,100 גרם,false,1,19.90,9.95,true,1,
7296073393115,false,קפה נמס ערביקה 200 גרם,,ES,קפה נמס ערביקה,גרמים,200.00,100 גרם,false,1,19.90,9.95,true,1,
7296073393122,false,קפה נמס בריסטה 200 גרם,,ES,קפה נמס בריסטה,גרמים,200.00,100 גרם,false,1,19.90,9.95,true,1,
7296073393573,false,גרנולה שוקולד ופקאן 370ג,בריגן קי ג'י,DE,גרנולה שוקולד,גרמים,370.00,100 גרם,false,1,16.90,4.57,true,1,
7296073393580,false,פת פריכה ל.גלוטן200ג,,CZ,פת פריכה ל.גלוטן,גרמים,200.00,100 גרם,false,1,10.00,5.00,true,1,
7296073393610,false,נוזל כלים 24% לימון 750מ,קומפלקס כימיקלים בעמ,IL,נוזל כלים לימון,מיליליטרים,750.00,"100 מ""ל",false,1,8.90,1.19,true,1,
7296073393627,false,נוזל כלים תפוח 24% 750מל,,IL,נוזל כלים תפוח,מיליליטרים,750.00,"100 מ""ל",false,1,8.90,1.19,true,1,
7296073393634,false,נוזל כלים לימון+משאבה1ל,,IL,נוזל כלים לימון,ליטרים,1.00,ליטר,false,1,9.90,9.90,true,1,
7296073393641,false,נוזל כלים תפוח+משאבה 1ל,,IL,נוזל כלים תפוח,ליטרים,1.00,ליטר,false,1,9.90,9.90,true,1,
7296073393672,false,חט.חלבון בציפוי שוקו40*4,,PL,חטיפי חלבון 4 יח,גרמים,160.00,100 גרם,false,1,21.90,13.69,true,1,
7296073394617,false,קלצונה מוצרלה עם זיתים,SRI VALPIZZA,IT,קלצונה מוצרלה זי,גרמים,150.00,100 גרם,false,1,9.90,6.60,true,1,
7296073394662,false,אבוקדו בשל מוכן לאכילה,"מור בריאות בע""מ",IL,אבוקדו בשל,יחידה,1.00,יחידה,false,1,8.90,8.90,true,1,
7296073395157,false,משקה אנרגיהFIREשופרסל250,אקו וויט,PL,משקה אנרגיה,מיליליטרים,250.00,"100 מ""ל",false,1,3.60,1.44,true,1,
7296073395195,false,טונה זהובה בשמן זית 190ג,,ES,טונה בשמן זית,גרמים,190.00,100 גרם,false,1,23.90,12.58,true,1,
7296073396314,false,בייבי גאודה עיזים 280 גר,,NL,בייבי גאודה,גרמים,280.00,100 גרם,false,1,35.90,12.82,true,1,
7296073396659,false,מאגדת גלידת סנדוויץ וניל,גלידות פלדמן,IL,מאגדת גלידת סנדו,גרמים,560.00,100 גרם,false,1,34.90,6.23,true,1,
7296073396666,false,כדורי שוקו מופחת סוכר450,,LT,דגני בוקר,גרמים,450.00,100 גרם,false,1,12.50,2.78,true,1,
7296073396673,false,חצאי בוטן מטוגן וממולח,ששון ושות'\ )ש.ת. תעשיות,IL,חצאי בוטן מטוגן,גרמים,200.00,100 גרם,false,1,7.90,3.95,true,1,
7296073396819,false,אייס קפה קר אספרסו 250מ,ברגלנד מילך,AT,אייס קפה אספרסו,מיליליטרים,250.00,"100 מ""ל",false,1,6.60,2.64,true,1,
7296073396826,false,"אייס קפה קר לאטה 250 מ""ל",ברגלנד מילך,AT,אייס קפה קר לאטה,מיליליטרים,250.00,"100 מ""ל",false,1,6.60,2.64,true,1,
7296073396833,false,אייס קפה קר קפוצינו 250מ,ברגלנד מילך,AT,אייס קפה קפוצינו,מיליליטרים,250.00,"100 מ""ל",false,1,6.60,2.64,true,1,
7296073396840,false,לימון בלאדי,א.ל. ייצור ושיווק תבליני,IL,לימון בלאדי,גרמים,250.00,100 גרם,false,1,12.90,5.16,true,1,
7296073396864,false,סלט חזרת,א.ל. ייצור ושיווק תבליני,IL,סלט חזרת,גרמים,250.00,100 גרם,false,1,12.90,5.16,true,1,
7296073396871,false,פלפל צ'ומה,א.ל. ייצור ושיווק תבליני,IL,פלפל צ'ומה,גרמים,250.00,100 גרם,false,1,12.90,5.16,true,1,
7296073396888,false,אריסה מרוקאית שופרסל250ג,תבליני ביטון יוחאי,IL,אריסה חריפה,גרמים,250.00,100 גרם,false,1,12.90,5.16,true,1,
7296073396895,false,סלט שום כתוש,א.ל. ייצור ושיווק תבליני,IL,סלט שום כתוש,גרמים,250.00,100 גרם,false,1,12.90,5.16,true,1,
7296073396901,false,סחוג אדום,א.ל. ייצור ושיווק תבליני,IL,סחוג אדום,גרמים,130.00,100 גרם,false,1,7.90,6.08,true,1,
7296073397182,false,וופל Air קרם טעם שוקו150,,IL,וופל Air,גרמים,150.00,100 גרם,false,1,3.90,2.60,true,1,
7296073397199,false,קובה סלק שופרסל 600 גרם,סי.אי.פי מבוא חורון,IL,קובה סלק,גרמים,600.00,100 גרם,false,1,37.90,6.32,true,1,
7296073397304,false,מברשת מגהץ יחידה,TYF סחר,CN,מברשת מגהץ,יחידה,1.00,יחידה,false,1,4.90,4.90,true,1,
7296073397328,false,מברשת ניקוי אסלה יחידה,TYF סחר,CN,מברשת ניקוי אסלה,יחידה,1.00,יחידה,false,1,4.90,4.90,true,1,
7296073397335,false,רולר כפול יחידה,TYF סחר,CN,רולר כפול,יחידה,1.00,יחידה,false,1,12.90,12.90,true,1,
7296073397403,false,מקל מחוזק אפור/אדום יחיד,TYF סחר,IT,מקל מחוזק,יחידה,1.00,יחידה,false,1,5.90,5.90,true,1,
7296073397908,false,שבבי פקאן טבעי 100גרם,,ZA,שבבי פקאן טבעי,גרמים,100.00,100 גרם,false,1,12.90,12.90,true,1,
7296073397915,false,שבבי פקאן סיני 100גרם,,IL,שבבי פקאן סיני,גרמים,100.00,100 גרם,false,1,12.90,12.90,true,1,
7296073398042,false,50כוס שתיה קרה מעוטר לבן,,IL,כוסות שתייה,יחידה,1.00,יחידה,false,1,18.90,18.90,true,1,
7296073398141,false,תפוחונים ללא גלוטן22 גרם,,CN,"תפוחונים לל""ג",גרמים,22.00,100 גרם,false,1,3.90,17.73,true,1,
7296073398158,false,תפוחונים גרין1+5מארז132ג,,CN,תפוחונים מארז6יח,גרמים,132.00,100 גרם,false,1,13.90,10.53,true,1,
7296073398271,false,טופו חומוס 300 גרם,"משק ויילר בע""\מ",IL,טופו חומוס,גרמים,300.00,100 גרם,false,1,11.50,3.83,true,1,
7296073398318,false,טורטיה עם זרעי צ'יה320ג,,RS,טורטיה,גרמים,320.00,100 גרם,false,1,10.90,3.41,true,1,
7296073398325,false,טורטיה קמח כוסמת 320ג,,RS,טורטיה,גרמים,320.00,100 גרם,false,1,10.90,3.41,true,1,
7296073398509,false,אצבעות שוקולד שופרסל200ג,,FR,אצבעות שוקולד,גרמים,200.00,100 גרם,false,1,10.90,5.45,true,1,
7296073398646,false,סלט טונה עם ירקות 250 גר,,IL,סלט טונה,גרמים,250.00,100 גרם,false,1,18.90,7.56,true,1,
7296073398660,false,סלט חציל תאילנדי 250 גרם,,IL,סלט חציל תאילנדי,גרמים,250.00,100 גרם,false,1,13.90,5.56,true,1,
7296073398684,false,חציל במיונז שופרסל 250 ג,,IL,סלט במיונז,גרמים,250.00,100 גרם,false,1,10.90,4.36,true,1,
7296073398691,false,חומוס אבו גוש שופרסל 250,,IL,חומוס אבו גוש,גרמים,250.00,100 גרם,false,1,10.90,4.36,true,1,
7296073398707,false,חומוס מסבחה שופרסל 250 ג,,IL,חומוס מסבחה,גרמים,250.00,100 גרם,false,1,10.90,4.36,true,1,
7296073398820,false,קפסולות הונדורס נספרסו50,DELICA,CH,קפסולות הונדורס,גרמים,50.00,100 גרם,false,1,14.90,29.80,true,1,
7296073398837,false,קפסולות לונגו8 נספרסו50ג,DELICA,CH,קפסולות לונגו,גרמים,50.00,100 גרם,false,1,14.90,29.80,true,1,
7296073398875,false,קרם קרקר 250 גרם,"אפיפית נצרת (1971) בע""\מ",IL,קרם קרקר,גרמים,250.00,100 גרם,false,1,7.50,3.00,true,1,
7296073398912,false,דלי פייה יחידה,TYF סחר,IT,דלי פייה,יחידה,1.00,יחידה,false,1,11.90,11.90,true,1,
7296073398936,false,מגב לחלון יחידה,TYF סחר,IT,מגב לחלון,יחידה,1.00,יחידה,false,1,8.00,8.00,true,1,
7296073398974,false,רביעיית סוללות AA,בסט סין,CN,רביעיית סוללותAA,יחידה,1.00,יחידה,false,1,9.90,9.90,true,1,
7296073398981,false,רביעיית סוללות AAA,בסט סין,CN,רביעיית סוללות,יחידה,1.00,יחידה,false,1,9.90,9.90,true,1,
7296073398998,false,שמינייה סוללות AA,בסט סין,CN,שמינייה סוללות,יחידה,1.00,יחידה,false,1,16.90,16.90,true,1,
7296073399001,false,שמינייה סוללות AAA,בסט סין,CN,שמינייה סוללות,יחידה,1.00,יחידה,false,1,16.90,16.90,true,1,
7296073399544,false,חלב נטול לקטוז2% 1 ליטר,מחלבות רמת הגולן,IL,חלב נטול לקטוז,ליטרים,1.00,ליטר,false,1,7.90,7.90,true,1,
7296073399551,false,שמיניית סוללות +AAרביעיה,,CN,שמיניית סוללות,יחידה,1.00,יחידה,false,1,22.90,22.90,true,1,
7296073399582,false,"סבון קוביה ירקרק 500 מ""ל",שופרסל,TR,סבון נוזלי,מיליליטרים,500.00,"100 מ""ל",false,1,9.90,1.98,true,1,
7296073399599,false,סב.נוזלי קוביה סגלגל500,שופרסל,TR,סבון נוזלי,מיליליטרים,500.00,"100 מ""ל",false,1,9.90,1.98,true,1,
7296073400028,false,מבשם כביסה ספא כחול750מל,,IL,מבשם כביסה ספא,מיליליטרים,750.00,"100 מ""ל",false,1,12.90,1.72,true,1,
7296073400103,false,מטאטא אנטי שוק יחידה,מיקסליר,IT,מטאטא,יחידה,1.00,יחידה,false,1,21.90,21.90,true,1,
7296073400110,false,מטאטא יח,מיקסליר,IT,מטאטא,יחידה,1.00,יחידה,false,1,19.90,19.90,true,1,
7296073400127,false,מטאטא דמוי עץ יח,מיקסליר,IT,מטאטא דמוי עץ יח,יחידה,1.00,יחידה,false,1,21.90,21.90,true,1,
7296073400141,false,יעה יח,נינגבו ארט,CN,יעה,יחידה,1.00,יחידה,false,1,5.90,5.90,true,1,
7296073400172,false,יעה+מקל מתקפל יח,מיקסליר,IT,יעה+מקל מתקפל יח,יחידה,1.00,יחידה,false,1,14.90,14.90,true,1,
7296073400196,false,דלי אוולי 15 ליטר יח,מיקסליר,IT,דלי 15 ליטר,יחידה,1.00,יחידה,false,1,19.90,19.90,true,1,
7296073400219,false,מקל 1.3 מטר יח,מיקסליר,IT,מקל 1.3 מטר יח,יחידה,1.00,יחידה,false,1,6.90,6.90,true,1,
7296073401063,false,שמן חמניות 1 ליטר,ברוקלמן,DE,שמן חמניות,ליטרים,1.00,ליטר,false,1,13.90,13.90,true,1,
7296073401568,false,סלט טחינה שופרסל 250 גרם,"סלטי שמיר 2006 בע""\מ",IL,סלט טחינה,גרמים,250.00,100 גרם,false,1,10.90,4.36,true,1,
7296073401575,false,חומוס מסעדות שופרסל250ג,"סלטי שמיר 2006 בע""\מ",IL,חומוס מסעדות,גרמים,250.00,100 גרם,false,1,10.90,4.36,true,1,
7296073402824,false,גלידת וניל עם שוקולד,פלקו,IL,גלידת וניל,ליטרים,1.40,ליטר,false,1,17.90,12.79,true,1,
7296073402879,false,גלידת שוקו נוגט,פלקו,IL,גלידת שוקו נוגט,ליטרים,1.40,ליטר,false,1,17.90,12.79,true,1,
7296073402886,false,גלידת וניל של פעם,פלקו,IL,גלידת וניל,ליטרים,1.40,ליטר,false,1,17.90,12.79,true,1,
7296073402893,false,גלידת וניל קפוצ'ינו,פלקו,IL,גלידת וניל קפוצ',ליטרים,1.40,ליטר,false,1,17.90,12.79,true,1,
7296073402978,false,"מלח אטלנטי 1 ק""ג",סולטס אן סולטס,PT,"מלח אטלנטי 1 ק""ג",קילוגרמים,1.00,"ק""ג",false,1,10.00,10.00,true,1,
7296073403142,false,סבון לאסלה לימון 50*3 גר,רנקסן,TR,סבון לאסלה לימון,גרמים,3.00,100 גרם,false,1,9.90,330.00,true,1,
7296073403159,false,סבון לאסלה אורנים 50*3גר,רנקסן,TR,סבון לאסלה,גרמים,3.00,100 גרם,false,1,9.90,330.00,true,1,
7296073403227,false,גביעי ופל גלידריה 132גרם,"א.ג. גילרו בע""\מ",IL,גביעי גלידריה,גרמים,132.00,100 גרם,false,1,13.90,10.53,true,1,
7296073403234,false,ביצי שוקולד מיני PJ 122,,IT,ביצי שוקולד pj,גרמים,122.00,100 גרם,false,1,10.90,8.93,true,1,
7296073404156,false,איטריות רחבות שופרסל400ג,,CN,איטריות רחבות,גרמים,400.00,100 גרם,false,1,9.80,2.45,true,1,
7296073404194,false,מיונז אמיתי לחיץ 395 גרם,ACESUR,ES,מיונז לחיץ,גרמים,395.00,100 גרם,false,1,10.90,2.76,true,1,
7296073404200,false,ממרח מופחת קלוריות 409 ג,ACESUR,ES,ממרח לחיץ,גרמים,409.00,100 גרם,false,1,10.90,2.67,true,1,
7296073404262,false,בוקצ'וי אורגני גרין יח,,IL,בוקצ'וי אורגני,יחידה,1.00,יחידה,false,1,13.90,13.90,true,1,
7296073404279,false,צלחות גדולות חד פעמיות,,GR,צלחות גדולות,קילוגרמים,1.00,"ק""ג",false,1,44.90,44.90,true,1,
7296073404583,false,סרדינ.במי מלח שופרסל125ג,יוניאון,MA,סרדינים במי מלח,גרמים,125.00,100 גרם,false,1,6.00,4.80,true,1,
7296073404712,false,איטר.אורז רחב שופרסל400ג,,CN,איטריות אורז רחב,גרמים,400.00,100 גרם,false,1,9.80,2.45,true,1,
7296073404729,false,איט.אורז צרות שופרסל400ג,,CN,איטריות אורז צר,גרמים,400.00,100 גרם,false,1,9.80,2.45,true,1,
7296073404736,false,פרכיות קטנ.מצופה תפוז60ג,NETHERLANDS SANORICE,NL,פרכיות קטנות,גרמים,60.00,100 גרם,false,1,6.90,11.50,true,1,
7296073404903,false,מיץ לימון טבעי זכוכית250,פולנגי,IT,מיץ לימון טבעי,מיליליטרים,250.00,"100 מ""ל",false,1,6.90,2.76,true,1,
7296073405467,false,שקיות אשפה חזקות XL 20י,,IL,שקיות אשפה,יחידה,1.00,יחידה,false,1,20.90,20.90,true,1,
7296073405474,false,שקיות אשפה חזקות XL 20 י,,IL,שקיות אשפה,יחידה,1.00,יחידה,false,1,20.90,20.90,true,1,
7296073405481,false,שקיות אשפה חזקות XL 25,,IL,שקיות אשפה,יחידה,1.00,יחידה,false,1,20.90,20.90,true,1,
7296073405498,false,שקיות אשפה חזקות גדולות,,IL,שקיות אשפה,יחידה,1.00,יחידה,false,1,19.90,19.90,true,1,
7296073405863,false,טחינה גול.מעודנת טבעי310,אר.ג'\י.אם תעשיות מזון ב,IL,טחינה גולמית,גרמים,310.00,100 גרם,false,1,10.90,3.52,true,1,
7296073405870,false,טחינה גולמית טעם שום310ג,אר.ג'\י.אם תעשיות מזון ב,IL,טחינה גולמית שום,גרמים,310.00,100 גרם,false,1,10.90,3.52,true,1,
7296073406600,false,צ'יפס בטטה סגולה ובטטה85,,ES,צ'יפס בטטה סגולה,גרמים,85.00,100 גרם,false,1,11.90,14.00,true,1,
7296073406617,false,צ'יפס גזר לבן+סלק+בטטה85,FOODS VIUBE,ES,צ'יפס גזר לבן,גרמים,85.00,100 גרם,false,1,11.90,14.00,true,1,
7296073406624,false,צ'יפס סלק ובטטה לבנה85ג,FOODS VIUBE,ES,צ'יפס סלק ובטטה,גרמים,85.00,100 גרם,false,1,11.90,14.00,true,1,
7296073407560,false,תמר מגהול סופר עסיסי,"דוד חי בע""מ",IL,תמר מגהול עסיסי,גרמים,500.00,100 גרם,false,1,29.90,5.98,true,1,
7296073408734,false,טירמיסו 82*2 גרם,,IL,טירמיסו 2 יחידות,גרמים,164.00,100 גרם,false,1,12.90,7.87,true,1,
7296073408765,false,קרם מסקרפונה+תותים 82*2ג,,IL,קרם מסקרפונה 2יח,גרמים,164.00,100 גרם,false,1,12.90,7.87,true,1,
7296073408819,false,כדורי דגנים שוקולד50גרם,,LT,כדוגרי דגנים,גרמים,50.00,100 גרם,false,1,4.90,9.80,true,1,
7296073408826,false,טבעות דגנים עם דבש 50 גר,,LT,טבעות דגנים,גרמים,50.00,100 גרם,false,1,4.90,9.80,true,1,
7296073408833,false,ריבועי דגנים+קינמון 50גר,,LT,ריבועי דגנים,גרמים,50.00,100 גרם,false,1,4.90,9.80,true,1,
7296073408840,false,כדורי דגנים במתיקות 50 ג,,LT,כדורי דגנים,גרמים,50.00,100 גרם,false,1,4.90,9.80,true,1,
7296073408888,false,נייר אפייה 50 יחידות,,IL,נייר אפייה,יחידה,1.00,יחידה,false,1,10.90,10.90,true,1,
7296073408901,false,כפפות M לטקס עם אבקה,WEIFANG,CN,כפפות לטקס,יחידה,1.00,יחידה,false,1,28.90,28.90,true,1,
7296073408918,false,כפפות L לטקס 100,WEIFANG,CN,כפפות לטקס,יחידה,1.00,יחידה,false,1,28.90,28.90,true,1,
7296073409113,false,פופקורן טבעי 5 * 100 גרם,AST נובולוג,BG,פופקורן למיקרוגל,גרמים,500.00,100 גרם,false,1,11.90,2.38,true,1,
7296073409120,false,פופקורן מופחת שומן85*5גר,AST נובולוג,BG,פופקורן למיקרוגל,גרמים,425.00,100 גרם,false,1,11.90,2.80,true,1,
7296073409144,false,מגבונים לחיטוי 50*3 יח',טרופיקל דגיל,IL,מגבונים לחיטוי,יחידה,1.00,יחידה,false,1,17.90,17.90,true,1,
7296073409625,false,גאודה 34% שופרסל 200 ג,B.V KAAS HAZELEGER,NL,גבינת גאודה,גרמים,200.00,100 גרם,false,1,19.90,9.95,true,1,
7296073409649,false,גב.עיזים הולנד שופרסל200,B.V KAAS HAZELEGER,NL,גבינת עיזים,גרמים,200.00,100 גרם,false,1,24.90,12.45,true,1,
7296073409731,false,צמד פטריות שמפניון,מרינה,IL,צמד פטריות,גרמים,420.00,100 גרם,false,1,15.90,3.79,true,1,
7296073409885,false,מגשית פטרוזיליה שופרסל,דורות,IL,מגשית פטרוזיליה,גרמים,70.00,100 גרם,false,1,9.90,14.14,true,1,
7296073409922,false,מגשית ג'ינג'רכתוש שופרסל,דורות,IL,מגשית ג'ינג'ר כת,גרמים,70.00,100 גרם,false,1,9.90,14.14,true,1,
7296073410423,false,ביצים אומגהL שופרסל 12יח,מ.לסר,,ביצים אומגה12יחL,יחידה,1.00,יחידה,false,0,21.50,21.50,true,1,
7296073410430,false,ביצים אומגהL שופרסל30יח,מ.לסר,,ביצים אומגה30יחL,יחידה,1.00,יחידה,false,0,46.90,46.90,true,1,
7296073410447,false,ביצים אומגהM שופרסל 30יח,מ.לסר,,ביצים אומגה30יחM,יחידה,1.00,יחידה,false,0,44.90,44.90,true,1,
7296073411215,false,מרכך כביסה פרחי בר 1ל,,IL,מרכך כביסה מרוכז,ליטרים,1.00,ליטר,false,1,14.90,14.90,true,1,
7296073411222,false,מרכך כביסה פריחת אביב 1ל,"סאסאטק אגש""ח בע""מ",IL,מרכך כביסה מרוכז,ליטרים,1.00,ליטר,false,1,14.90,14.90,true,1,
7296073411239,false,מרכך כביסה מרוכז מאסק1ל,,IL,מרכך כביסה מרוכז,ליטרים,1.00,ליטר,false,1,14.90,14.90,true,1,
7296073411246,false,מרכך מרוכז יסמין/לילך1ל,,IL,מרכך כביסה מרוכז,ליטרים,1.00,ליטר,false,1,14.90,14.90,true,1,
7296073412311,false,שקדים מסוכרים 150גרם,ששון ושות,IL,שקד מסוכר,גרמים,150.00,100 גרם,false,1,14.90,9.93,true,1,
7296073413233,false,חסה עגולה ארוזה,"משק אסף פרחי בע""מ",IL,חסה עגולה,גרמים,200.00,100 גרם,false,1,6.90,3.45,true,1,
7296073413257,false,חסה לבבות,"משק אסף פרחי בע""מ",IL,חסה לבבות,גרמים,350.00,100 גרם,false,1,9.90,2.83,true,1,
7296073413325,false,ביסקוויט שוקולד חלב150גר,,ES,ביסקוויט שוקולד,גרמים,150.00,100 גרם,false,1,8.90,5.93,true,1,
7296073413332,false,ביסקוויט שוקולד מריר150ג,,ES,ביסקוויט שוקולד,גרמים,150.00,100 גרם,false,1,8.90,5.93,true,1,
7296073413363,false,מברשת לשירותים יסמין יחי,TYF סחר,CN,מברשת לשירותים,יחידה,1.00,יחידה,false,1,14.90,14.90,true,1,
7296073413424,false,צנונית,חבל מעון,IL,צנונית,גרמים,400.00,100 גרם,false,1,6.90,1.73,true,1,
7296073413721,false,שוקולד מריר 77% פרו100ג,פריי )שוקולד(,CH,שוקולד מריר 77%,גרמים,100.00,100 גרם,false,1,9.90,9.90,true,1,
7296073413769,false,שוקולד מריר 83% 100גרם,פריי )שוקולד(,CH,שוקולד מריר,גרמים,100.00,100 גרם,false,1,9.90,9.90,true,1,
7296073413844,false,צמד הודו עוף+סלמי 800 גר,,IL,צמדהודועוף+סלמי,גרמים,800.00,100 גרם,false,1,25.90,3.24,true,1,
7296073413929,false,קינואה אדומה זיפר 500 גר,מיה,IL,קינואה אדומה,גרמים,500.00,100 גרם,false,1,11.90,2.38,true,1,
7296073414278,false,עגבניות חתוכות דק 400*3ג,פריניר,IL,עגבניות חתוכות3*,קילוגרמים,1.20,"ק""ג",false,1,11.90,9.92,true,1,
7296073414759,false,שמנת מתוקה24%להקצפה250מל,מחלבת רמת-הגולן,IL,שמנת מתוקה,מיליליטרים,250.00,"100 מ""ל",false,1,6.10,2.44,true,1,
7296073414964,false,נוזל כלים היבסקוס 1ליטר,,IL,נוזל כלים היבסקו,ליטרים,1.00,ליטר,false,1,9.90,9.90,true,1,
7296073414988,false,פלפלים ממולאים שופרסל400,אגה אזיר איסק סאניי,TR,פלפלים ממולאים,גרמים,400.00,100 גרם,false,1,7.90,1.98,true,1,
7296073414995,false,חצילים ממולאים שופרסל400,אגה אזיר איסק סאניי,TR,חצילים ממולאים,גרמים,400.00,100 גרם,false,1,7.90,1.98,true,1,
7296073415084,false,2תחבושות סופר+ עם כנפיים,קוראטקס,DE,תחבושות B,יחידה,1.00,יחידה,false,1,12.50,12.50,true,1,
7296073415114,false,מגני תחתון נורמל 60 יח,קוראטקס,DE,מגני תחתון B,יחידה,1.00,יחידה,false,1,12.90,12.90,true,1,
7296073415121,false,מגני תחתון לארג' 52 יחיד,קוראטקס,DE,מגני תחתון B,יחידה,1.00,יחידה,false,1,12.90,12.90,true,1,
7296073415138,false,44 מגני תחתון לונג,קוראטקס,DE,מגני תחתון B,יחידה,1.00,יחידה,false,1,12.90,12.90,true,1,
7296073415145,false,60מגני תחתון נערות נורמל,קוראטקס,DE,מגני תחתון B,יחידה,1.00,יחידה,false,1,12.90,12.90,true,1,
7296073415152,false,60מגני תחתון לנערות פלקס,קוראטקס,DE,מגני תחתון B,יחידה,1.00,יחידה,false,1,12.90,12.90,true,1,
7296073415558,false,שניצל תירס צמחוני 750 גר,"טיבון ויל אחזקות בע""\מ",IL,שניצל תירס צמחונ,גרמים,750.00,100 גרם,false,1,19.90,2.65,true,1,
7296073415572,false,שניצלוני תירס צמחוני 650,"טיבון ויל אחזקות בע""\מ",IL,שניצלוני תירס צמ,גרמים,650.00,100 גרם,false,1,19.90,3.06,true,1,
7296073416005,false,"תפוחונים קינמון לל""ג 22ג",,CN,תפוחונים קינמון,גרמים,22.00,100 גרם,false,1,3.90,17.73,true,1,
7296073416012,false,תפוחונים קינמון 1+5מארז,,CN,תפוחונים 6 יח,גרמים,132.00,100 גרם,false,1,13.90,10.53,true,1,
7296073416036,false,פופקורן בטעם חמאה100*5גר,AST נובולוג,BG,פופקורן למיקרוגל,גרמים,500.00,100 גרם,false,1,11.90,2.38,true,1,
7296073416098,false,מי קוקוס טבעי אורגני 1 ל,,VN,מי קוקוס טבעי,ליטרים,1.00,ליטר,false,1,15.90,15.90,true,1,
7296073416104,false,"מי קוקוס אורגני 330 מ""ל",,VN,מי קוקוס טבעי,מיליליטרים,330.00,"100 מ""ל",false,1,8.60,2.61,true,1,
7296073416111,false,"מי קוקוס אננס 330 מ""ל",,VN,מי קוקוס אננס,מיליליטרים,330.00,"100 מ""ל",false,1,8.60,2.61,true,1,
7296073417262,false,אטבי כביסה 36 יחידות,PRC,CN,אטבי כביסה בשקית,יחידה,1.00,יחידה,false,1,14.90,14.90,true,1,
7296073417422,false,מלפפון בייבי,משק גל,IL,מלפפון בייבי,גרמים,350.00,100 גרם,false,1,9.90,2.83,true,1,
7296073417439,false,קישוא זוקיני,משק גל,IL,קישוא זוקיני,קילוגרמים,0.00,"ק""ג",true,1,12.90,12.90,true,1,
7296073417446,false,פלפל מתוק,משק גל,IL,פלפל מתוק,גרמים,500.00,100 גרם,false,1,12.90,2.58,true,1,
7296073420323,false,פריכיות כוסמת אורגנית160,,IL,פריכיות כוסמת,גרמים,160.00,100 גרם,false,1,9.90,6.19,true,1,
7296073420330,false,פריכיות כוסמת ללא מלח160,,IL,פריכיות כוסמת,גרמים,160.00,100 גרם,false,1,9.90,6.19,true,1,
7296073420675,false,ביצי הפתעה יוניקורן20*3ג,SPA ZAINI LUIGI,IT,ביצי הפתעה יוניק,גרמים,60.00,100 גרם,false,1,12.90,21.50,true,1,
7296073420682,false,ביצי הפתעה Pups Mighty 3,SPA ZAINI LUIGI,IT,ביצי הפתעה,גרמים,60.00,100 גרם,false,1,12.90,21.50,true,1,
7296073421702,false,"מגב פטנט 40 ס""מ יחידה",מיקסליר,IT,"מגב פטנט 40 ס""מ",יחידה,1.00,יחידה,false,1,24.90,24.90,true,1,
7296073421719,false,"מגב רצפה 40ס""מ יחידה",מיקסליר,IT,"מגב רצפה 40ס""מ",יחידה,1.00,יחידה,false,1,10.90,10.90,true,1,
7296073421801,false,גבינת פרמזן30% 200ג שופר,אמברוסי,IT,גבינת פרמזן,גרמים,200.00,100 גרם,false,1,25.90,12.95,true,1,
7296073421825,false,גרנה פדנו29%שופרסל200ג,אמברוסי,IT,גרנה פדנו,גרמים,200.00,100 גרם,false,1,24.90,12.45,true,1,
7296073421832,false,גרנה פדנו מגורדת29% 100ג,אמברוסי,IT,גרנה פדנו מגורדת,גרמים,100.00,100 גרם,false,1,6.90,6.90,true,1,
7296073422211,false,שעועית ירוקה טרייה שטופה,גיזרונים,IL,שעועית ירוקה טרי,גרמים,410.00,100 גרם,false,1,14.90,3.63,true,1,
7296073422617,false,נבטי אלפלפא 120גרם,נבטי איילון,IL,נבטי אלפלפא,גרמים,120.00,100 גרם,false,1,6.90,5.75,true,1,
7296073422624,false,נבטי חמניות 150גרם,נבטי איילון,IL,נבטי חמניות,גרמים,150.00,100 גרם,false,1,8.90,5.93,true,1,
7296073422655,false,נבטים סיניים 220גרם,נבטי איילון,IL,נבטים סיניים,גרמים,220.00,100 גרם,false,1,6.90,3.14,true,1,
7296073422662,false,נבטוטים 250גרם,נבטי איילון,IL,נבטוטים,גרמים,250.00,100 גרם,false,1,8.50,3.40,true,1,
7296073422693,false,אנדיב / עולש,חוות תקוע,IL,אנדיב / עולש,גרמים,220.00,100 גרם,false,1,11.90,5.41,true,1,
7296073423126,false,לקט עלי סלנובה ועלי בייב,"פרסקו חצבה 2006 בע""\מ",IL,לקטסלנובה ובייבי,גרמים,200.00,100 גרם,false,1,11.90,5.95,true,1,
7296073423133,false,עלי חסה סלנובה שטופים,"פרסקו חצבה 2006 בע""\מ",IL,עלי חסה סלנובה,גרמים,200.00,100 גרם,false,1,11.90,5.95,true,1,
7296073423447,false,חטיף אגס 20 גרם,נוביפרוטס,PT,חטיף אגס,גרמים,20.00,100 גרם,false,1,4.90,24.50,true,1,
7296073423454,false,חטיף תפוח אדום 20 גרם,נוביפרוטס,PT,חטיף תפוח אדום,גרמים,20.00,100 גרם,false,1,4.90,24.50,true,1,
7296073423478,false,חטיף קוקוס מיובש 20 גרם,נוביפרוטס,PT,חטיף קוקוס,גרמים,20.00,100 גרם,false,1,4.90,24.50,true,1,
7296073423485,false,"חטיף תפו""ע 20 גרם",נוביפרוטס,PT,"חטיף תפו""ע",גרמים,20.00,100 גרם,false,1,4.90,24.50,true,1,
7296073423645,false,פתי בר שופרסל 300 גרם,BV BISCUIT PALLY,NL,פתי בר,גרמים,300.00,100 גרם,false,1,4.90,1.63,true,1,
7296073423669,false,קרקר שמן זית וזיתים180גר,יורוסנאקס,IT,חטיפי מיני קרקר,גרמים,180.00,100 גרם,false,1,7.90,4.39,true,1,
7296073424376,false,חסה אורגני יחידה,,IL,חסה אורגני יחידה,יחידה,1.00,יחידה,false,1,5.90,5.90,true,1,
7296073424390,false,סלרי עלים אורני יחידה,,IL,סלרי עלים אורני,יחידה,1.00,יחידה,false,1,10.90,10.90,true,1,
7296073424406,false,בצל ירוק אורגני יחידה,,IL,בצל ירוק אורגני,יחידה,1.00,יחידה,false,1,8.90,8.90,true,1,
7296073424437,false,פטרוזיליה אורגני יחידה,,IL,פטרוזיליה אורגני,יחידה,1.00,יחידה,false,1,5.90,5.90,true,1,
7296073424451,false,נענע אורגני יחידה,,IL,נענע אורגני,יחידה,1.00,יחידה,false,1,5.90,5.90,true,1,
7296073424543,false,תערובת עוגת וניל 560 גרם,י.כהן,IL,תערובת עוגת וניל,גרמים,560.00,100 גרם,false,1,14.00,2.50,true,1,
7296073424697,false,קוואקר ש.שועל בפחית500ג,ZO SP. POLSER,AE,קוואקר ש.שועל פח,גרמים,500.00,100 גרם,false,1,9.90,1.98,true,1,
7296073426523,false,חלב אורגני גרין 3% 1 ל,מחלבות רמת הגולן,IL,חלב אורגני גרין,ליטרים,1.00,ליטר,false,1,9.90,9.90,true,1,
7296073426530,false,חלב אורגני גרין 1% 1ליטר,מחלבות רמת הגולן,IL,חלב אורגני גרין,ליטרים,1.00,ליטר,false,1,9.90,9.90,true,1,
7296073426592,false,עוג.ללא גלוטן שוקו150ג,,IT,עוגיות ללא גלוטן,גרמים,150.00,100 גרם,false,1,11.90,7.93,true,1,
7296073426608,false,עוג.ללא גלוטן לימון150ג,,IT,עוגיות ללא גלוטן,גרמים,150.00,100 גרם,false,1,11.90,7.93,true,1,
7296073427315,false,פיתות כוסמין 8יח50* גרם,"מאפיית אורן משי בע""\מ",IL,פיתות כוסמין 8יח,גרמים,440.00,100 גרם,false,1,14.90,3.39,true,1,
7296073427803,false,מטליות לרצפה מאסק10יח,פלסטו פוליש,IL,מטליות לרצפה,יחידה,1.00,יחידה,false,1,9.90,9.90,true,1,
7296073427810,false,מטליות רצפה לוונדר10יח,פלסטו פוליש,IL,מטליות לרצפה,יחידה,1.00,יחידה,false,1,9.90,9.90,true,1,
7296073427827,false,חט.דגנים שוק.חלב+חלבון4י,BACK AND SNACK,AT,חטיף דגנים,גרמים,160.00,100 גרם,false,1,14.90,9.31,true,1,
7296073427834,false,חט.דגנים שוק.מריר+חלבון4,BACK AND SNACK,AT,חטיף דגנים,גרמים,160.00,100 גרם,false,1,14.90,9.31,true,1,
7296073428084,false,מתקן לשקיות לאיסוף צרכים,PRODUCTS FOOD HIQ,CN,שקיות לצרכים,יחידה,1.00,יחידה,false,1,11.90,11.90,true,1,
7296073428343,false,מסיר שומנים 1 ליטר,קומפלקס כימיקלים,IL,מסיר שומנים,ליטרים,1.00,ליטר,false,1,11.90,11.90,true,1,
7296073428497,false,בורקס פטריות שופרסל 800,גידרון,IL,בורקס פטריות,גרמים,800.00,100 גרם,false,1,17.90,2.24,true,1,
7296073428503,false,אקונומיקה בישום עוצמתי4ל,סאסאטק,IL,אקונומיקה מבושמת,ליטרים,4.00,ליטר,false,1,15.90,3.98,true,1,
7296073428541,false,מיקס פירות יער חדש 300 ג,D.O.O LAKI,RS,מיקס פירות יער,גרמים,300.00,100 גרם,false,1,16.90,5.63,true,1,
7296073429012,false,מנקה ומבשם רצפות אדום 2ל,ספידי תעשיות,IL,מנקה ומבשם רצפות,ליטרים,2.00,ליטר,false,1,16.90,8.45,true,1,
7296073429029,false,מנקה ומבשם רצפות ירוק 2ל,ספידי תעשיות,IL,מנקה ומבשם רצפות,ליטרים,2.00,ליטר,false,1,16.90,8.45,true,1,
7296073429210,false,מסיר אבנית למקלחון 1 ל,"סאסאטק אגש""ח בע""מ",IL,מסיר אבנית מרסס,ליטרים,1.00,ליטר,false,1,13.90,13.90,true,1,
7296073429258,false,חיטוי+חומץ לאמבט מרסס750,"סאסאטק אגש""ח בע""מ",IL,חיטוי לאמבט מרסס,מיליליטרים,750.00,"100 מ""ל",false,1,14.90,1.99,true,1,
7296073429265,false,חיטוי וניקוי+חומץ 750מל,"סאסאטק אגש""ח בע""מ",IL,מרסס חיטוי כללי,מיליליטרים,750.00,"100 מ""ל",false,1,14.90,1.99,true,1,
7296073429692,false,תבנית עם נייר אפיה מרובע,,CN,תבניות עם נייר,יחידה,1.00,יחידה,false,1,17.90,17.90,true,1,
7296073429722,false,תבנית עם נייר אפיה אינגל,,CN,תבניות עם נייר,יחידה,1.00,יחידה,false,1,17.90,17.90,true,1,
7296073429753,false,ניילון נצמד בחיתוך קל,,CN,ניילון נצמד,מטרים,150.00,מטר,false,1,20.00,0.14,true,1,
7296073429807,false,ממרח בזיליקום ואגוזים180,"פרסקו חצבה 2006 בע""\מ",IL,פסטו,גרמים,180.00,100 גרם,false,1,11.90,6.61,true,1,
7296073429814,false,צימצורי שופרסל 180 גרם,"פרסקו חצבה 2006 בע""\מ",IL,צימצורי,גרמים,180.00,100 גרם,false,1,11.90,6.61,true,1,
7296073429821,false,ממרח זעתר 180 גרם,"פרסקו חצבה 2006 בע""\מ",IL,ממרח זעתר,גרמים,180.00,100 גרם,false,1,11.90,6.61,true,1,
7296073429838,false,סחוג אדום 180 גרם,"פרסקו חצבה 2006 בע""\מ",IL,סחוג אדום,גרמים,180.00,100 גרם,false,1,11.90,6.61,true,1,
7296073429890,false,"אורז בסמטי שופרסל 1 ק""ג",צמן,IN,אורז בסמטי,קילוגרמים,1.00,"ק""ג",false,1,10.90,10.90,true,1,
7296073430599,false,קפסולות מס 14 לנספרסו50ג,DELICA,CH,קפסולות מס 14,גרמים,50.00,100 גרם,false,1,14.90,29.80,true,1,
7296073430605,false,קפסולות מס 13 לנספרסו50ג,DELICA,CH,קפסולות מס 13,גרמים,50.00,100 גרם,false,1,14.90,29.80,true,1,
7296073430636,false,אבוקדו ארוז ברשת,גרנות,IL,אבוקדו ברשת,קילוגרמים,0.00,"ק""ג",true,1,8.90,8.90,true,1,
7296073431121,false,רביולי גבינה פרימיום 300,פסטה נונה,IL,רביולי גבינה פרי,גרמים,300.00,100 גרם,false,1,18.90,6.30,true,1,
7296073431138,false,רביולי בטטה פרימיום 300,פסטה נונה,,רביולי בטטה פרימ,יחידה,1.00,יחידה,false,0,18.90,18.90,true,1,
7296073431152,false,מיקס עגבניה שרי,עידו נחום,IL,מיקס עגבניות שרי,גרמים,460.00,100 גרם,false,1,9.90,2.15,true,1,
7296073431244,false,גאודה נטול לקטוז 150 גרם,,PL,גאודה נטול לקטוז,גרמים,150.00,100 גרם,false,1,7.50,5.00,true,1,
7296073431565,false,צלחות גדולות מקנה סוכר,,CN,צלחות מקנה סוכר,יחידה,1.00,יחידה,false,1,17.90,17.90,true,1,
7296073431589,false,צלחות קטנות מקנה סוכר,,CN,צלחת קנה סוכר,יחידה,1.00,יחידה,false,1,9.90,9.90,true,1,
7296073431596,false,מרקייה קנה סוכר 25 יחידו,,CN,מרקיות מקנה סוכר,יחידה,1.00,יחידה,false,1,14.90,14.90,true,1,
7296073431732,false,חסה סלנובה אורגנית יחידה,,IL,חסה סלנובה,יחידה,1.00,יחידה,false,1,12.90,12.90,true,1,
7296073431879,false,עוגת מאפין שוקו צ'יפס500,גידרון,IL,מאפין שוקוצ'יפס,גרמים,500.00,100 גרם,false,1,21.50,4.30,true,1,
7296073431886,false,עוגת מאפין שוקולד 500גרם,גידרון,IL,מאפין טעם שוקו,גרמים,500.00,100 גרם,false,1,21.50,4.30,true,1,
7296073431893,false,עוגת מאפין אגוזים 500גרם,,IL,מאפין אגוזים,גרמים,550.00,100 גרם,false,1,21.50,3.91,true,1,
7296073431909,false,עוגת מאפין תפוח עץ500גרם,גידרון,IL,מאפין תפוח עץ,גרמים,500.00,100 גרם,false,1,21.50,4.30,true,1,
7296073431916,false,עוגת מאפין תפוז 500גרם,גידרון,IL,מאפין בטעם תפוז,גרמים,500.00,100 גרם,false,1,21.50,4.30,true,1,
7296073432081,false,עוגת היער השחור 850 גרם,גידרון,IL,עוגת היער השחור,גרמים,850.00,100 גרם,false,1,74.90,8.81,true,1,
7296073432197,false,מוס שוק.קלאסי פרווה 880ג,גידרון,IL,עוגת מוס שוקולד,גרמים,880.00,100 גרם,false,1,74.90,8.51,true,1,
7296073432241,false,עוגת קצפת ריבת חלב 1.3קג,גידרון,IL,עוגת קצפת,קילוגרמים,1.30,"ק""ג",false,1,94.90,73.00,true,1,
7296073432258,false,פס גבינה מעודן+אוכמנ650ג,גידרון,IL,פס גבינה+אוכמנ,גרמים,650.00,100 גרם,false,1,42.90,6.60,true,1,
7296073432333,false,מטלית אנטיבקטראלי לרצפה,LTD Y.B.T.C,CN,מטלית לרצפה,יחידה,1.00,יחידה,false,1,10.90,10.90,true,1,
7296073432920,false,מטליות לניקוי והברקה 2יח,סדובסקי,CN,מטליות להברקה,יחידה,1.00,יחידה,false,1,9.90,9.90,true,1,
7296073432937,false,מטליות אנטיבקטריאליות2יח,סדובסקי,CN,מטליות מיקרו,יחידה,1.00,יחידה,false,1,10.90,10.90,true,1,
7296073432944,false,סט מטליות מיקרופייבר5יח,סדובסקי,CN,סט מטליות מיקרו,יחידה,1.00,יחידה,false,1,14.90,14.90,true,1,
7296073440062,false,מרכך כביסה מרוכז ורוד2לי,גליל כימיקלים,IL,מרכך כביסה ורוד,ליטרים,2.00,ליטר,false,1,19.90,9.95,true,1,
7296073440079,false,מרכך כביסה מרוכז לבן2ליט,גליל כימיקלים,IL,מרכך מרוכז לבן,ליטרים,2.00,ליטר,false,1,19.90,9.95,true,1,
7296073440109,false,קפסולות לכביסה 36 יחידות,גליל כימיקלים בעמ,IL,קפסולות לכביסה,יחידה,1.00,יחידה,false,1,32.00,32.00,true,1,
7296073440956,false,קינואה שופרסל זיפר 500 ג,"הנמל אריזות ושיווק בע""\מ",PE,קינואה זיפר,גרמים,500.00,100 גרם,false,1,12.90,2.58,true,1,
7296073440963,false,"קינואה שופרסל זיפר 1 ק""ג","הנמל אריזות ושיווק בע""\מ",PE,קינואה זיפר,קילוגרמים,1.00,"ק""ג",false,1,22.90,22.90,true,1,
7296073441335,false,פריכיות אורז מלא 110 גרם,"פרח תעשיות מזון בע""\מ",IL,פריכיות אורז מלא,גרמים,110.00,100 גרם,false,1,6.00,5.45,true,1,
7296073441366,false,פריכיות חומוס וקינואה110,"פרח תעשיות מזון בע""\מ",IL,פריכיות חומוס,גרמים,110.00,100 גרם,false,1,9.90,9.00,true,1,
7296073441373,false,פריכיות חומוס וצ'יה110ג,"פרח תעשיות מזון בע""\מ",IL,פריכיות חומוס,גרמים,110.00,100 גרם,false,1,9.90,9.00,true,1,
7296073441625,false,ג'ל רחצה לגבר 3 ב1- 700מ,טאהא קימיה,,ג'ל רחצה לגבר,יחידה,1.00,יחידה,false,0,8.90,8.90,true,1,
7296073441885,false,כריות יפניות אנטיבקטריאל,פלסטו פוליש,IL,כריות יפניות,יחידה,1.00,יחידה,false,1,9.90,9.90,true,1,
7296073442219,false,כדורי דגנים חום לבן500גר,CERERA,LT,כדורי דגנים,גרמים,500.00,100 גרם,false,1,12.50,2.50,true,1,
7296073442226,false,צדפים דגנים ט.שוקולד500ג,CERERA,LT,דגנים צדפים,גרמים,500.00,100 גרם,false,1,12.50,2.50,true,1,
7296073442240,false,כדורי דגנים חום לבן 50גר,CERERA,LT,כדורי דגנים,גרמים,50.00,100 גרם,false,1,4.90,9.80,true,1,
7296073442257,false,צדפים דגנים ט.שוקולד50ג,CERERA,LT,צדפים דגנים,גרמים,50.00,100 גרם,false,1,4.90,9.80,true,1,
7296073444145,false,"תמר מג'הול מעולה 1ק""ג",הדיקלאים,IL,תמר מג'הול מעולה,קילוגרמים,1.00,"ק""ג",false,1,26.90,26.90,true,1,
7296073444190,false,ברוקולי 350גרם,מרינה,IL,ברוקולי,גרמים,350.00,100 גרם,false,1,10.90,3.11,true,1,
7296073444213,false,52 חיתולים שלב 3 שופרסל,די.פי.אל תעשיות מוצרים ח,IL,חיתולים שופרסל,יחידה,1.00,יחידה,false,1,29.90,29.90,true,1,
7296073444220,false,42 חיתולים שלב 4 שופרסל,די.פי.אל תעשיות מוצרים ח,IL,חיתולים שופרסל,יחידה,1.00,יחידה,false,1,29.90,29.90,true,1,
7296073444237,false,40חיתולים שלב 4+ שופרסל,די.פי.אל תעשיות מוצרים ח,IL,חיתולים שופרסל,יחידה,1.00,יחידה,false,1,29.90,29.90,true,1,
7296073444244,false,34 חיתולים שלב 5 שופרסל,די.פי.אל תעשיות מוצרים ח,IL,חיתולים שופרסל,יחידה,1.00,יחידה,false,1,29.90,29.90,true,1,
7296073444251,false,30 חיתולים שלב 6 שופרסל,די.פי.אל תעשיות מוצרים ח,IL,חיתולים שופרסל,יחידה,1.00,יחידה,false,1,29.90,29.90,true,1,
7296073444404,false,כיסוי לשמירת טריות המזון,DE INTERNATIONAL XINYUAN,CN,כיסוי למזון,יחידה,1.00,יחידה,false,1,9.90,9.90,true,1,
7296073444435,false,קינואה אורגנית שחורה340ג,,PE,קינואה אורגנית,גרמים,340.00,100 גרם,false,1,13.90,4.09,true,1,
7296073444633,false,גלילי וופל טעם שוקולד100,"מנעמים תעשיות מזון בע""\מ",IL,גלילי וופל,גרמים,100.00,100 גרם,false,1,4.90,4.90,true,1,
7296073444640,false,עוגיות קרם שוקולד,גידרון,IL,עוגיות קרם שוק.,גרמים,500.00,100 גרם,false,1,15.90,3.18,true,1,
7296073444657,false,עוגיות קרם תות,גידרון,IL,עוגיות קרם תות,גרמים,500.00,100 גרם,false,1,15.90,3.18,true,1,
7296073445159,false,תחתיות ארטישוק 400 גרם,INDUSTRY FOOD FOR SILVA,EG,תחתיות ארטישוק,גרמים,400.00,100 גרם,false,1,18.90,4.73,true,1,
7296073445166,false,במיה קפואה 600 גרם,INDUSTRY FOOD FOR SILVA,IL,במיה 600 גרם,גרמים,600.00,100 גרם,false,1,14.80,2.47,true,1,
7296073445500,false,סבון ידיים Way Milky 500,טאהא קימיה,,סבון ידיים+משאבה,יחידה,1.00,יחידה,false,0,9.90,9.90,true,1,
7296073445524,false,סבון ידיים Northern מ500,טאהא קימיה,,סבון ידיים+משאבה,יחידה,1.00,יחידה,false,0,4.90,4.90,true,1,
7296073445555,false,סכיני גילוח רב''פ לנשים,EDGEWELL,US,סכיני גילוח נשים,יחידה,1.00,יחידה,false,1,29.90,29.90,true,1,
7296073445579,false,תמר מגהול אורגני פרימ500,הדקלאים,IL,תמר מג'הול,גרמים,500.00,100 גרם,false,1,19.90,3.98,true,1,
7296073445678,false,קצף אקונומיקה לוונדר 1 ל,קומפלקס כימיקלים,IL,קצף אקונומיקה,ליטרים,1.00,ליטר,false,1,12.70,12.70,true,1,
7296073445692,false,"מחית תפו""ע בננה שופרסל90",DELAFRUIT,ES,"מחית תפו""ע ובננה",גרמים,90.00,100 גרם,false,1,4.90,5.44,true,1,
7296073445708,false,מחית תפוח אפרסק בננה 90ג,DELAFRUIT,ES,מחית מיקס פירות,גרמים,90.00,100 גרם,false,1,4.90,5.44,true,1,
7296073446279,false,ממרח שקדים 300 גרם,ג'י אנד ג'י,IL,ממרח שקדים,גרמים,300.00,100 גרם,false,1,29.90,9.97,true,1,
7296073447108,false,קמח עמילן ללא גלוטן500,,IT,קמח בסיס עמילן,גרמים,500.00,100 גרם,false,1,14.90,2.98,true,1,
7296073447528,false,קרקר עגבניות ובזיליקו105,אלביסקו,GR,קרקר עגבניות,גרמים,105.00,100 גרם,false,1,6.90,6.57,true,1,
7296073447535,false,קרקר תרד ושמיר 105 גרם,אלביסקו,GR,קרקר תרד ושמיר,גרמים,105.00,100 גרם,false,1,6.90,6.57,true,1,
7296073447917,false,מגבונים לחיטוי וניקוי400,סאסאטק,IL,מגבונים לחיטוי,יחידה,1.00,יחידה,false,1,29.90,29.90,true,1,
7296073448105,false,חטיף ש.שועל+קינמון42*5ג,"אפקטבעי בע""\מ",IL,חטיף שבולת שועל,גרמים,210.00,100 גרם,false,1,13.90,6.62,true,1,
7296073448112,false,חטיף ש.שועל+דבש42*5ג,"אפקטבעי בע""\מ",IL,חטיף שבולת שועל,גרמים,210.00,100 גרם,false,1,13.90,6.62,true,1,
7296073448129,false,חטיף ש.שועל+מייפל42*5ג,"אפקטבעי בע""\מ",IL,חטיף שבולת שועל,גרמים,210.00,100 גרם,false,1,13.90,6.62,true,1,
7296073448136,false,חטיף ש.שועל שוק.מריר42*5,"אפקטבעי בע""\מ",IL,חטיף שבולת שועל,גרמים,210.00,100 גרם,false,1,13.90,6.62,true,1,
7296073448150,false,מברשת לבקבוק מוסקו,פולסוס,CN,מברשת בקבוקים,יחידה,1.00,יחידה,false,1,10.90,10.90,true,1,
7296073448471,false,Be אל סבון לילדים700מל,BFF,TR,אל סבון לילדים,מיליליטרים,700.00,"100 מ""ל",false,1,13.90,1.99,true,1,
7296073448488,false,"Be שמפו לילדים 700 מ""ל",BFF,TR,Be שמפו לילדים,מיליליטרים,700.00,"100 מ""ל",false,1,13.90,1.99,true,1,
7296073449119,false,"תחליב רחצה לנערות 700מ""ל",BFF,TR,תחליב רחצה,מיליליטרים,700.00,"100 מ""ל",false,1,13.90,1.99,true,1,
7296073449133,false,"מרכך לנערות 700 מ""ל",BFF,TR,מרכך לנערות 700,מיליליטרים,700.00,"100 מ""ל",false,1,13.90,1.99,true,1,
7296073449171,false,יוגורט יווני 10% 500 גרם,S.A MEVGAL,GR,יוגורט יווני,גרמים,500.00,100 גרם,false,1,14.90,2.98,true,1,
7296073449508,false,מגבוני ניו בורן 64*4,דינמיק,IL,מגבוני ניו בורן,יחידה,1.00,יחידה,false,1,24.90,24.90,true,1,
7296073449515,false,מגבונים עם שמן שקדים64*4,דינמיק,IL,מגבוני בייבי,יחידה,1.00,יחידה,false,1,24.90,24.90,true,1,
7296073449522,false,"סבון קוביה ורוד 500 מ""ל",טאהא קימיה,TR,סבון קוביה ורוד,מיליליטרים,500.00,"100 מ""ל",false,1,9.90,1.98,true,1,
7296073449539,false,"סבון קוביה כחול 500 מ""ל",טאהא קימיה,TR,סבון קוביה כחול,מיליליטרים,500.00,"100 מ""ל",false,1,9.90,1.98,true,1,
7296073449881,false,מגבות נייר גליל כפול 6יח,שניב תעשיות נייר,IL,מגבות נייר,מטרים,130.00,מטר,false,1,18.90,0.15,true,1,
7296073450313,false,תות בננה תמר קפוא לשייק,D.O.O LAKI,RS,תות בננה תמר קפו,גרמים,450.00,100 גרם,false,1,24.90,5.53,true,1,
7296073450320,false,מנגו תות תמר קפוא לשייק,D.O.O LAKI,RS,מנגו תות תמר קפו,גרמים,450.00,100 גרם,false,1,24.90,5.53,true,1,
7296073450726,false,פריכי.משולש פלפל שחור30ג,"פרח תעשיות מזון בע""\מ",IL,פריכיות משולשים,גרמים,30.00,100 גרם,false,1,3.90,13.00,true,1,
7296073450733,false,פריכיות משולש ברביקיו30ג,"פרח תעשיות מזון בע""\מ",IL,פריכיות משולשים,גרמים,30.00,100 גרם,false,1,3.90,13.00,true,1,
7296073450740,false,פריכיות משולשים ט.טבעי30,"פרח תעשיות מזון בע""\מ",IL,פריכיות משולשים,גרמים,30.00,100 גרם,false,1,3.90,13.00,true,1,
7296073451044,false,3 מפות אל בד חלק 120*180,,CN,מפות אל בד,יחידה,1.00,יחידה,false,1,19.90,19.90,true,1,
7296073451273,false,דאו.ספריי פרש שאוור150מ,סאסא קוסמטיקס,IL,דאו.ספריי אישה,מיליליטרים,150.00,"100 מ""ל",false,1,11.90,7.93,true,1,
7296073451280,false,דאו.ספרייאנטי פרספפו150מ,סאסא קוסמטיקס,IL,דאו.ספרייאנטי,מיליליטרים,150.00,"100 מ""ל",false,1,11.90,7.93,true,1,
7296073451310,false,"fresh pure דאו.רול 50מ""ל",,IL,דאו.רול און אישה,מיליליטרים,50.00,"100 מ""ל",false,1,11.90,23.80,true,1,
7296073451471,false,מלוואח ללא גלוטן 500 גרם,גידרון,IL,מלוואח ללא גלוטן,גרמים,400.00,100 גרם,false,1,22.90,5.73,true,1,
7296073451495,false,בצק עלים ללא גלוטן 450 ג,גידרון,IL,בצק עלים ל.גלוטן,גרמים,450.00,100 גרם,false,1,20.90,4.64,true,1,
7296073451501,false,"בורקס תפו""א ללא גלוטן500",גידרון,IL,"בורקס תפו""א",גרמים,500.00,100 גרם,false,1,23.90,4.78,true,1,
7296073451518,false,בורקס גבינה ל.גלוטן500ג,גידרון,IL,בורקס גבינה,גרמים,500.00,100 גרם,false,1,23.90,4.78,true,1,
7296073451570,false,בורקס פיצה ללא גלוטן500ג,גידרון,IL,בורקס פיצה,גרמים,500.00,100 גרם,false,1,23.90,4.78,true,1,
7296073451914,false,פסטו בזיליקום שופרסל,"פרסקו חצבה 2006 בע""\מ",IL,פסטו בזיליקום שו,גרמים,180.00,100 גרם,false,1,13.90,7.72,true,1,
7296073451921,false,פסטו כוסברה שופרסל,"פרסקו חצבה 2006 בע""\מ",IL,פסטו כוסברה שופר,גרמים,180.00,100 גרם,false,1,13.90,7.72,true,1,
7296073451938,false,טפנד זיתים שחורים שופרסל,"פרסקו חצבה 2006 בע""\מ",IL,טפנד זיתים שחורי,גרמים,180.00,100 גרם,false,1,13.90,7.72,true,1,
7296073451945,false,טפנד זיתים ירוקים שופרסל,"פרסקו חצבה 2006 בע""\מ",IL,טפנד זיתים ירוקי,גרמים,180.00,100 גרם,false,1,13.90,7.72,true,1,
7296073451952,false,ממרח שום שופרסל 180 גרם,"פרסקו חצבה 2006 בע""\מ",IL,ממרח שום שופרסל,גרמים,180.00,100 גרם,false,1,13.90,7.72,true,1,
7296073451969,false,ממרח פלפלים שופרסל 180 ג,"פרסקו חצבה 2006 בע""\מ",IL,ממרח פלפלים שופר,גרמים,180.00,100 גרם,false,1,13.90,7.72,true,1,
7296073451976,false,ממרח עגבניות שופרסל,"פרסקו חצבה 2006 בע""\מ",IL,ממרח עגבניות שופ,גרמים,180.00,100 גרם,false,1,13.90,7.72,true,1,
7296073451983,false,ממרח קרם ארטישוק שופרסל,"פרסקו חצבה 2006 בע""\מ",IL,ממרח קרם ארטישוק,גרמים,180.00,100 גרם,false,1,13.90,7.72,true,1,
7296073451990,false,ממרח צ'ימיצ'ורי שופרסל,"פרסקו חצבה 2006 בע""\מ",IL,ממרח צ'ימיצ'ורי,גרמים,180.00,100 גרם,false,1,13.90,7.72,true,1,
7296073452386,false,אושפלו פרגית 550 גרם,סי.אי.פי מבוא חורון,IL,אושפלו פרגית,גרמים,500.00,100 גרם,false,1,37.90,7.58,true,1,
7296073452577,false,מרשמלו ורוד לבן 180 גרם,"כרמית מזון בע""\מ",IL,מרשמלו ורוד לבן,גרמים,180.00,100 גרם,false,1,5.90,3.28,true,1,
7296073452584,false,מרשמלו טוויסטר 180 גרם,"כרמית מזון בע""\מ",IL,מרשמלו טוויסטר,גרמים,180.00,100 גרם,false,1,5.90,3.28,true,1,
7296073452645,false,גזר צבעוני,גזר שליט,IL,גזר צבעוני,גרמים,630.00,100 גרם,false,1,6.90,1.10,true,1,
7296073453932,false,אורז בסגנון מקסיקני250ג,מניופקטר,FR,תבשיל אורז,גרמים,250.00,100 גרם,false,1,7.90,3.16,true,1,
7296073453956,false,אורז בסגנון הודי 250 גרם,מניופקטר,FR,אורז בסגנון הודי,גרמים,250.00,100 גרם,false,1,7.90,3.16,true,1,
7296073453963,false,תבשיל חיטה סג.איטלקי250ג,מניופקטר,FR,תבשיל חיטה,גרמים,250.00,100 גרם,false,1,7.90,3.16,true,1,
7296073453994,false,שניצל עוף דק בציפוי פריך,מילועוף,IL,שניצל עוף דק בצי,גרמים,700.00,100 גרם,false,1,37.90,5.41,true,1,
7296073454052,false,שוק.חלב שבבי פיסטוק100ג,"שוקולד פריי בע""מ",CH,שוקולד פרימיום,גרמים,100.00,100 גרם,false,1,9.90,9.90,true,1,
7296073454076,false,שוקולד מריר 69% קקאו100ג,"שוקולד פריי בע""מ",CH,שוקולד פרימיום,גרמים,100.00,100 גרם,false,1,9.90,9.90,true,1,
7296073454434,false,זית קלמטה גדול מגולען70ג,מניופקטר,GR,זיתים קלמטה,גרמים,70.00,100 גרם,false,1,5.90,8.43,true,1,
7296073454441,false,זית ירוק ממולא שום70ג,מניופקטר,GR,זיתים ממולאים,גרמים,70.00,100 גרם,false,1,5.90,8.43,true,1,
7296073454458,false,זיתים ירוקים 70 גרם,מניופקטר,GR,זיתים ירוקים,גרמים,70.00,100 גרם,false,1,5.90,8.43,true,1,
7296073454885,false,נייר אפייה 100יח 38X42סמ,,PL,נייר אפייה,יחידה,1.00,יחידה,false,1,21.90,21.90,true,1,
7296073455356,false,טרליני בטעם טבעי 400 גרם,ATLANTE,IT,טרליני בטעם טבעי,גרמים,400.00,100 גרם,false,1,12.90,3.23,true,1,
7296073455387,false,טרליני עם שומר 400 גרם,ATLANTE,IT,טרליני עם שומר,גרמים,400.00,100 גרם,false,1,12.90,3.23,true,1,
7296073455400,false,טרליני חריף עם צ'ילי400ג,ATLANTE,IT,טרליני חריף,גרמים,400.00,100 גרם,false,1,12.90,3.23,true,1,
7296073456360,false,עוגת גבינה פרורים 92*2גר,עדן קינוחים,IL,עוגת גבינה זוג,גרמים,184.00,100 גרם,false,1,12.90,7.01,true,1,
7296073457237,false,שוקולד עם עוגיות 100 גרם,דליקה,CH,שוקולד עם עוגיות,גרמים,100.00,100 גרם,false,1,5.00,5.00,true,1,
7296073457244,false,שוקולד חלב קורנפלקס 100ג,דליקה,CH,שוקולד חלב,גרמים,100.00,100 גרם,false,1,5.00,5.00,true,1,
7296073457268,false,שוקולד חלב+נוגט וקרמל100,דליקה,CH,שוקולד חלב,גרמים,100.00,100 גרם,false,1,5.00,5.00,true,1,
7296073457381,false,לחמנ.המבורגר 8 יח שופרסל,מאפית ברמן,IL,לחמניות המבורגר,גרמים,448.00,100 גרם,false,1,11.90,2.66,true,1,
7296073457619,false,מחית תפוח דלעת ופשתן 90ג,DELAFRUIT,ES,מחית תפוח דלעת,גרמים,90.00,100 גרם,false,1,4.90,5.44,true,1,
7296073457992,false,שורש גינגר טרי ארוז,POMMER,IL,שורש גינגר טרי,גרמים,250.00,100 גרם,false,1,9.90,3.96,true,1,
7296073458029,false,יוגורט BIO אורגני1801.5%,מחלבות רמת הגולן,IL,יוגורט ביו 1.5%,גרמים,180.00,100 גרם,false,1,4.10,2.28,true,1,
7296073458036,false,תירס גמדי שלם במי מלח425,מאנפאקטור,TH,תירס גמדי שלם,גרמים,425.00,100 גרם,false,1,5.90,1.39,true,1,
7296073459231,false,קמח רב תכליתי ללא גלוטן,NIEDZWIADY MLYN,PL,קמח רב תכליתי,גרמים,500.00,100 גרם,false,1,18.90,3.78,true,1,
7296073459262,false,"אל סבון לתינוק 750מ""ל",BFF,TR,אל סבון לתינוק,מיליליטרים,750.00,"100 מ""ל",false,1,16.90,2.25,true,1,
7296073459309,false,ציפס בטטה זיגזג שופרסל,"תעשיות תפוגן בע""\מ",IL,ציפס בטטה זיגזג,גרמים,500.00,100 גרם,false,1,16.90,3.38,true,1,
7296073459620,false,"צלחת גדולה ""10 שקופה 50",,TR,צלחת גדולה,יחידה,1.00,יחידה,false,1,39.00,39.00,true,1,
7296073459637,false,"צלחת גדולה ""9 שקופה 75יח",,TR,צלחת גדולה,יחידה,1.00,יחידה,false,1,39.00,39.00,true,1,
7296073459644,false,"צלחת קטנה ""7 שקופה100יח",,TR,צלחת קטנה,יחידה,1.00,יחידה,false,1,39.00,39.00,true,1,
7296073459651,false,צלחת מרק שקופה100יח,,TR,צלחת מרק,יחידה,1.00,יחידה,false,1,39.00,39.00,true,1,
7296073461968,false,בייגלה עם בצל מקורמל 200,אלקה קו,RO,בייגלה עם בצל,גרמים,200.00,100 גרם,false,1,10.00,5.00,true,1,
7296073461975,false,בייגלה עם דבש 200 גרם,אלקה קו,RO,בייגלה עם דבש,גרמים,200.00,100 גרם,false,1,10.00,5.00,true,1,
7296073461982,false,בייגלה עם עגבניות 200גרם,אלקה קו,RO,בייגלה +עגבניות,גרמים,200.00,100 גרם,false,1,10.00,5.00,true,1,
7296073462569,false,סט צלחות מהודרות צבעוני,,CN,סט צלחות,יחידה,1.00,יחידה,false,1,40.00,40.00,true,1,
7296073472797,false,"קמח חיטה לבן מנופה 1 ק""ג","שטיבל בע""\מ",IL,קמח לבן מנופה,קילוגרמים,1.00,"ק""ג",false,1,6.90,6.90,true,1,
7296073472827,false,"קמח תופח לבן מנופה 1 ק""ג","שטיבל בע""\מ",IL,קמח תופח מנופה,קילוגרמים,1.00,"ק""ג",false,1,8.90,8.90,true,1,
7296073472896,false,"קמח כוסמין מנופה 1 ק""ג","שטיבל בע""\מ",IL,קמח כוסמין מנופה,קילוגרמים,1.00,"ק""ג",false,1,12.90,12.90,true,1,
7296073473466,false,סילאן אורגני לחיץ 470 ג,,AE,סילאן אורגני,גרמים,470.00,100 גרם,false,1,18.90,4.02,true,1,
7296073473497,false,בולגרית מעודנת 5% 250 גר,מחלבות רמת הגולן,IL,בולגרית מעודנת,גרמים,250.00,100 גרם,false,1,17.90,7.16,true,1,
7296073473503,false,בולגרית 5% שופרסל 250 גר,מחלבות רמת הגולן,IL,גבינה בולגרית,גרמים,250.00,100 גרם,false,1,17.90,7.16,true,1,
7296073473510,false,בולגרית 16% שופרסל 250 ג,מחלבות רמת הגולן,IL,גבינה בולגרית,גרמים,250.00,100 גרם,false,1,17.90,7.16,true,1,
7296073473527,false,צפתית5% מעודנת שופרסל200,מחלבות רמת הגולן,IL,צפתית 5% מעודנת,גרמים,200.00,100 גרם,false,1,10.90,5.45,true,1,
7296073473596,false,פיתה ציפס בטעם טבעי 90 ג,SRL ONE,IT,פיתה ציפס,גרמים,90.00,100 גרם,false,1,5.90,6.56,true,1,
7296073473602,false,פיתה ציפס בטעם פפריקה90ג,SRL ONE,IT,פיתה צ'יפס,גרמים,90.00,100 גרם,false,1,5.90,6.56,true,1,
7296073473657,false,שקדי מרק ללא גלוטן 200 ג,"חיים טובים מזון בע""\מ",IL,שקדי מרק ל.גלוטן,גרמים,200.00,100 גרם,false,1,12.90,6.45,true,1,
7296073473671,false,עוגת תפוזים ללא גלוטן350,גידרון,IL,עוגת תפוזים,גרמים,350.00,100 גרם,false,1,19.90,5.69,true,1,
7296073473800,false,ספגטי קונג'אק ל.גלוטן270,MORNING EASTERN SICHUAN,CN,ספגטי קונג'אק,גרמים,270.00,100 גרם,false,1,9.90,3.67,true,1,
7296073473817,false,פטוציני קונג'אק 270 גרם,MORNING EASTERN SICHUAN,CN,פטוצ'יני קונג'אק,גרמים,270.00,100 גרם,false,1,9.90,3.67,true,1,
7296073473824,false,נודלס קונג'אק ל.גלוטן270,MORNING EASTERN SICHUAN,CN,נודלס קונג'אק,גרמים,270.00,100 גרם,false,1,9.90,3.67,true,1,
7296073473886,false,משקה סויה מתוק.מעודן1ל,,ES,משקה סויה אורגני,ליטרים,1.00,ליטר,false,1,11.90,11.90,true,1,
7296073473909,false,תרסיס שמן קנולה שופר150מ,מאנפקטור,ES,תרסיס שמן,מיליליטרים,150.00,"100 מ""ל",false,1,14.90,9.93,true,1,
7296073473916,false,תרסיס שמן זית כתית 150 מ,מאנפקטור,ES,תרסיס שמן,מיליליטרים,150.00,"100 מ""ל",false,1,14.90,9.93,true,1,
7296073473923,false,תרסיס שמן בטעם חמאה 150,מאנפקטור,ES,תרסיס שמן,מיליליטרים,150.00,"100 מ""ל",false,1,11.90,7.93,true,1,
7296073484004,false,שמן קנולה מזוכך 1 ליטר,בורחס,ES,שמן קנולה מזוכך,ליטרים,1.00,ליטר,false,1,9.90,9.90,true,1,
7296073484059,false,שמן סויה שופרסל 1 ליטר,סובנה,PT,שמן סויה,ליטרים,1.00,ליטר,false,1,10.90,10.90,true,1,
7296073484189,false,שמן קנולה לא מזוכך 750מל,ברוקלמן,DE,שמן קנולה,ליטרים,0.75,ליטר,false,1,13.90,18.53,true,1,
7296073484240,false,שקיות אוכל 150*2 יחידות,אשפלסט,IL,שקיות אוכל זוג,יחידה,1.00,יחידה,false,1,11.90,11.90,true,1,
7296073484431,false,דבש מזון מלכות 6% 350 ג,עמק חפר,IL,דבש מזון מלכות,גרמים,350.00,100 גרם,false,1,29.90,8.54,true,1,
7296073484462,false,"תחליב ושמפו 2 ב1- 750מ""ל",BFF,TR,תחליב ושמפו 2 ב1,מיליליטרים,750.00,"100 מ""ל",false,1,16.90,2.25,true,1,
7296073484479,false,קפסולות לכביסה22 יחידות,גליל כימיקלים בעמ,IL,קפסולות לכביסה,יחידה,1.00,יחידה,false,1,19.90,19.90,true,1,
7296073484585,false,גאודה עזים יישון שנה200ג,הנרי ויליך,NL,גאודה עיזים,גרמים,200.00,100 גרם,false,1,30.90,15.45,true,1,
7296073484592,false,גאודה בקר יישון שנה200ג,הנרי ויליך,NL,גאודה בקר מיושנת,גרמים,200.00,100 גרם,false,1,26.90,13.45,true,1,
7296073484769,false,מטלית רצפה עם חור למגב,סדובסקי,CN,מטלית רצפה,יחידה,1.00,יחידה,false,1,9.90,9.90,true,1,
7296073484776,false,2כריות ניקוי כלי נירוסטה,"סדובסקי בע""\מ",IL,כריות ניקוי 2 יח,יחידה,1.00,יחידה,false,1,7.90,7.90,true,1,
7296073484783,false,תמצית וניל לאפייה 30 מל,מיה,IL,תמצית וניל אמיתי,מיליליטרים,30.00,"100 מ""ל",false,1,21.90,73.00,true,1,
7296073484981,false,קרם קוקוס 24%-22% 500מל,תאי קוקונט אל טי די,TH,קרם קוקוס,מיליליטרים,500.00,"100 מ""ל",false,1,11.90,2.38,true,1,
7296073484998,false,נוזל קוקוס 18%-17% 500גר,תאי קוקונט אל טי די,TH,נוזל קוקוס,מיליליטרים,500.00,"100 מ""ל",false,1,10.90,2.18,true,1,
7296073485001,false,קצפת קוקוס 500 גרם,תאי קוקונט אל טי די,TH,קצפת קוקוס,מיליליטרים,400.00,"100 מ""ל",false,1,11.90,2.98,true,1,
7296073485018,false,מיוקטשופ 430 גרם,אסיור,ES,מיוקטשופ,גרמים,430.00,100 גרם,false,1,11.90,2.77,true,1,
7296073485049,false,מחית עגבניות קלה 690 גרם,מאנפקטור,IT,מחית עגבניות,גרמים,690.00,100 גרם,false,1,9.90,1.43,true,1,
7296073485612,false,גרנולה עם זרעי פשתן300 ג,"אפקטבעי בע""\מ",IL,גרנולה זרעי פשתן,גרמים,300.00,100 גרם,false,1,16.90,5.63,true,1,
7296073485629,false,גרנולה בתוספת גרעינים300,"אפקטבעי בע""\מ",IL,גרנולה בתוספת,גרמים,300.00,100 גרם,false,1,16.90,5.63,true,1,
7296073495758,false,חסה לאליק הידרופונית,יגור חקלאות ועסקים,IL,חסה לאליק הידרופ,גרמים,190.00,100 גרם,false,1,12.90,6.79,true,1,
7296073495819,false,סבון לאסלה 50*3 גרם,רנקסאן פלסטיק סונגר סאן,TR,סבון לאסלה,גרמים,150.00,100 גרם,false,1,9.90,6.60,true,1,
7296073495826,false,טופו צ'ילי גרין 300 גרם,משק ויילר,IL,טופו צ'ילי גרין,גרמים,300.00,100 גרם,false,1,12.50,4.17,true,1,
7296073496090,false,חט.פריכונים עם דבש80גרם,NETHERLANDS SANORICE,BE,חטיפי פריכונים,גרמים,80.00,100 גרם,false,1,6.50,8.13,true,1,
7296073496113,false,בצק פילו 500 גרם,ARABATZIS,GR,בצק פילו 500 גרם,גרמים,500.00,100 גרם,false,1,13.90,2.78,true,1,
7296073496144,false,זית ירוק נטולי גלעין390ג,"בית השיטה תעשיות בע""\מ",IL,זיתים ירוקים,גרמים,390.00,100 גרם,false,1,6.90,1.77,true,1,
7296073496151,false,זית קלמטה נטולי גלעין560,"בית השיטה תעשיות בע""\מ",IL,זיתי קלמטה,גרמים,560.00,100 גרם,false,1,10.90,1.95,true,1,
7296073496168,false,זיתים מרוקאי 340 גרם,"בית השיטה תעשיות בע""\מ",IL,זיתים מרוקאי,גרמים,340.00,100 גרם,false,1,10.90,3.21,true,1,
7296073496304,false,WOW קראנץ קרמל מלוח 90גר,INNOVATION WAWI,DE,WOW קראנץ קרמל,גרמים,90.00,100 גרם,false,1,9.90,11.00,true,1,
7296073496311,false,WOW קראנץ קרמל/טופי 90גר,INNOVATION WAWI,DE,WOW קראנץ ט.קרמל,גרמים,90.00,100 גרם,false,1,9.90,11.00,true,1,
7296073496328,false,WOW מריר נוגט ולוז 90גרם,INNOVATION WAWI,DE,WOW מריר נוגט,גרמים,90.00,100 גרם,false,1,9.90,11.00,true,1,
7296073496335,false,טבלת קראנץ בטעם תפוז 90,INNOVATION WAWI,DE,WOW שוקולד תפוז,גרמים,90.00,100 גרם,false,1,9.90,11.00,true,1,
7296073496342,false,WOW ק.בוטנים+פיצפוצים110,INNOVATION WAWI,DE,WOW ק.בוטנים,גרמים,110.00,100 גרם,false,1,10.00,9.09,true,1,
7296073496359,false,שוקו.במילוי קר.בוטנ110גר,INNOVATION WAWI,DE,שוקולד חלב,גרמים,110.00,100 גרם,false,1,10.00,9.09,true,1,
7296073496472,false,מגבוני נייר טואלט 56 יחי,דינמיק תעשיות מגבונים,IL,מגבוני נ.טואלט,יחידה,1.00,יחידה,false,1,6.90,6.90,true,1,
7296073496489,false,שעועית אדומה מושרית מבוש,פרי גליל,IL,שעועית אדומה מבו,גרמים,800.00,100 גרם,false,1,15.90,1.99,true,1,
7296073496496,false,עדשים ירוקות מבושלות 800,פרי גליל,IL,עדשים ירוקות מבו,גרמים,800.00,100 גרם,false,1,15.90,1.99,true,1,
7296073496601,false,קרם קוקוס אורגני 500 גרם,COCONUT THAI,TH,קרם קוקוס אורגני,מיליליטרים,500.00,"100 מ""ל",false,1,14.90,2.98,true,1,
7296073496618,false,חלב קוקוס אורגני 500 גרם,COCONUT THAI,TH,חלב קוקוס אורגני,מיליליטרים,500.00,"100 מ""ל",false,1,12.90,2.58,true,1,
7296073496625,false,מגבונים לחיטוי+ניקוי250י,סאסאטק,IL,מגבוני ניקוי דלי,יחידה,1.00,יחידה,false,1,21.90,21.90,true,1,
7296073496731,false,"דקל אובלי 36 ס""מ 3 יחידו",,CN,דקל אובלי,יחידה,1.00,יחידה,false,1,14.90,14.90,true,1,
7296073496748,false,"מגש דקל מלבני 34*26 ס""מ",,CN,מגש דקל,יחידה,1.00,יחידה,false,1,14.90,14.90,true,1,
7296073496762,false,"סכין עץ 20 ס""מ 25 יחידות",,CN,סכין דקל,יחידה,1.00,יחידה,false,1,9.90,9.90,true,1,
7296073496779,false,"כף עץ 20 ס""מ 25 יחידות",,CN,כף דקל,יחידה,1.00,יחידה,false,1,9.90,9.90,true,1,
7296073496786,false,"כפית עץ 16 ס""מ 25 יחידות",,CN,כפית דקל,יחידה,1.00,יחידה,false,1,9.90,9.90,true,1,
7296073496793,false,תמרים דחוסים ללא חרצנים,"טעמי הגליל בע""\מ",IL,תמר דחוס,גרמים,500.00,100 גרם,false,1,13.90,2.78,true,1,
7296073496816,false,עגבניות מרוסקות400*3ג,S.P.A DAVIA,IT,עגבניות מרוסק3יח,קילוגרמים,1.20,"ק""ג",false,1,17.90,14.92,true,1,
7296073496823,false,עגבניות אורג.קוביות400ג,S.P.A DAVIA,IT,עגבניות אורגניות,גרמים,400.00,100 גרם,false,1,3.90,0.98,true,1,
7296073496892,false,ממרח טחינה שקדים340ג,ענבי ציון,IL,ממרח טחינה,גרמים,340.00,100 גרם,false,1,32.90,9.68,true,1,
7296073497257,false,תערובת להכנת פיצה 300 גר,"י. כהן בע""\מ",IL,תערובת הכנת פיצה,גרמים,300.00,100 גרם,false,1,14.90,4.97,true,1,
7296073497264,false,תערובת להכנת פרצל 300 גר,"י. כהן בע""\מ",IL,תערובת הכנת פרצל,גרמים,300.00,100 גרם,false,1,14.90,4.97,true,1,
7296073497288,false,פריכיות אורז פיקנטי 150ג,ששון ושות,CN,פריכיות אורז,גרמים,150.00,100 גרם,false,1,11.90,7.93,true,1,
7296073497301,false,חטיף סויה קריספי 150גרם,ששון ושות,CN,חטיף סויה קריספי,גרמים,150.00,100 גרם,false,1,11.90,7.93,true,1,
7296073497455,false,"פצפוצי אורז ללת""ס 450גרם",אשבול,IL,פצפוצי אורז,גרמים,450.00,100 גרם,false,1,16.90,3.76,true,1,
7296073497615,false,עוגיות קרמבו וניל 200 גר,"אפיפית נצרת (1971) בע""\מ",IL,עוגיות בטעם וניל,גרמים,200.00,100 גרם,false,1,5.90,2.95,true,1,
7296073497622,false,עוגיות קרמבו שוקו 200 גר,"אפיפית נצרת (1971) בע""\מ",IL,עוגיות בטעם שוקו,גרמים,200.00,100 גרם,false,1,5.90,2.95,true,1,
7296073497639,false,ביסקוויט חיות 180 גרם,"אפיפית נצרת (1971) בע""\מ",IL,ביסקוויט חיות,גרמים,180.00,100 גרם,false,1,4.90,2.72,true,1,
7296073497721,false,ש.שועל דקה ללא גלוטן500ג,,IL,שיבולת שועל דקה,גרמים,500.00,100 גרם,false,1,17.90,3.58,true,1,
7296073497738,false,ש.שועל עבה ללא גלוטן500ג,,IL,שבולת שועל עבה,גרמים,500.00,100 גרם,false,1,17.90,3.58,true,1,
7296073497813,false,סילאן אורגני 900 גרם,FACTORY DATES BARAKAH AL,AE,סילאן אורגני,גרמים,900.00,100 גרם,false,1,24.90,2.77,true,1,
7296073513636,false,מטליות להסרת שומנים40יח,עלבד,IL,מגבונים ניקוי,יחידה,1.00,יחידה,false,1,8.90,8.90,true,1,
7296073514541,false,ברזלית 6 יחידות,"סדובסקי בע""\מ",CN,ברזלית 6 יחידות,יחידה,1.00,יחידה,false,1,13.80,13.80,true,1,
7296073514848,false,שזיף מגולען באריזת זיפר,PEYMAN,TR,שזיף מגולען,גרמים,200.00,100 גרם,false,1,14.90,7.45,true,1,
7296073514855,false,משמש מיובש באריזת זיפר,PEYMAN,TR,משמש מיובש,גרמים,200.00,100 גרם,false,1,14.90,7.45,true,1,
7296073515043,false,משחת שיניים פחם ומאצ'ה75,MENUFACLURER,BG,משחת שיניים,מיליליטרים,75.00,"100 מ""ל",false,1,17.90,23.87,true,1,
7296073515104,false,סירופ סילאן בצנצנת 900 ג,"טעמי הגליל בע""\מ",IL,סירופ סילאן,גרמים,900.00,100 גרם,false,1,13.80,1.53,true,1,
7296073515234,false,שורש כורכום יחידה,POMMER,IL,שורש כורכום,גרמים,120.00,100 גרם,false,1,11.90,9.92,true,1,
7296073515241,false,פרמג'יאנו רג'יאנו 150 גר,פורגרנה,IT,פרמג'יאנו רגיאנו,גרמים,150.00,100 גרם,false,1,28.90,19.27,true,1,
7296073515623,false,גבינה צהובה 28% 200 גרם,MLEKOVITA,PL,גבינה צהובה,גרמים,200.00,100 גרם,false,1,6.60,3.30,true,1,
7296073515630,false,גבינה צהובה 28% 400 גרם,MLEKOVITA,PL,גבינה צהובה,גרמים,400.00,100 גרם,false,1,13.20,3.30,true,1,
7296073515715,false,יוגורט יווני 2% שומן 500,S.A MEVGAL,GR,יוגורט יווני 2%,גרמים,500.00,100 גרם,false,1,14.90,2.98,true,1,
7296073515722,false,נבטי עדשים ירוקות יחידה,נבטי איילון,IL,נבטי עדשים ירוקו,יחידה,1.00,יחידה,false,1,6.90,6.90,true,1,
7296073515746,false,מלבי שמנת 150*2גרם,עדן קינוחים,IL,מלבי שמנת,גרמים,300.00,100 גרם,false,1,12.90,4.30,true,1,
7296073516019,false,דגנים ציפוי שוק.לבן65ג,נטורל קייקס,IL,דגנים בציפוי ללג,גרמים,65.00,100 גרם,false,1,8.90,13.69,true,1,
7296073516026,false,דגנים בציפוי שוקולד 65ג,נטורל קייקס,IL,דגנים בציפוי,גרמים,65.00,100 גרם,false,1,8.90,13.69,true,1,
7296073516132,false,מעדן סולת וקינמון 130*2ג,עדן קינוחים,IL,מעדן סולת,גרמים,260.00,100 גרם,false,1,12.90,4.96,true,1,
7296073516156,false,גליל עיזים שופרסל 180 גר,"שלושת האופים בע""\מ",IL,גליל גבינת עיזים,גרמים,180.00,100 גרם,false,1,21.90,12.17,true,1,
7296073516163,false,גליל עיזים זית שופרסל180,"שלושת האופים בע""\מ",IL,גליל גבינת עיזים,גרמים,180.00,100 גרם,false,1,21.90,12.17,true,1,
7296073516187,false,רוקט 100גרם,בשמת,IL,רוקט,גרמים,100.00,100 גרם,false,1,9.90,9.90,true,1,
7296073516194,false,בזיליקום 100 גרם,בשמת,IL,בזיליקום,גרמים,100.00,100 גרם,false,1,9.90,9.90,true,1,
7296073516286,false,מגבונים לחים לילדים 72*4,"DPL בע""מ",IL,מגבונים לחים,יחידה,1.00,יחידה,false,1,15.90,15.90,true,1,
7296073526407,false,עוג.במילוי קרם וניל150גר,ויסנצ'י,IT,עוגיות במילוי,גרמים,150.00,100 גרם,false,1,7.90,5.27,true,1,
7296073526414,false,שזיפים אורגניים מיובש250,SERENA,BG,שזיפים אורגניים,גרמים,250.00,100 גרם,false,1,20.90,8.36,true,1,
7296073526438,false,צימוקים אורגניים250 גרם,FOODS OZGUR,TR,צימוקים אורגניים,גרמים,250.00,100 גרם,false,1,10.90,4.36,true,1,
7296073526445,false,צימוקים אורגניים 500 גרם,FOODS OZGUR,TR,צימוקים אורגניים,גרמים,500.00,100 גרם,false,1,19.90,3.98,true,1,
7296073526483,false,קפה טורקי 4 * 85 גרם,רוני רג'ואן ושות,IL,קפה טורקי 4 יח,גרמים,340.00,100 גרם,false,1,14.90,4.38,true,1,
7296073526520,false,בישקוטים ללא גלוטן 125 ג,ויסנזי,IT,בישקוטים ל.גלוטן,גרמים,125.00,100 גרם,false,1,14.90,11.92,true,1,
7296073526827,false,שקיות פלקסי ריחניות15*2,אשפלסט,IL,שקיות ריחניות,יחידה,1.00,יחידה,false,1,21.90,21.90,true,1,
7296073526919,false,פרל שמפו לשיער מוחלק500מ,א.משי תעשיות,IL,שמפו פרל לשיער,מיליליטרים,500.00,"100 מ""ל",false,1,19.90,3.98,true,1,
7296073527022,false,דושפרא כיסוני בצק 600 גר,סי.אי.פי מבוא חורון,IL,דושפרא כיסוני בצ,גרמים,600.00,100 גרם,false,1,37.90,6.32,true,1,
7296073527282,false,תירוש מיץ ענבים אדום750מ,כרם מהדרין,IL,תירוש מיץ ענבים,מיליליטרים,750.00,"100 מ""ל",false,1,13.90,1.85,true,1,
7296073527350,false,משמש מיובש 250גרם,ששון ושות,TR,משמש מיובש,גרמים,250.00,100 גרם,false,1,16.90,6.76,true,1,
7296073527367,false,שזיף מגולען 250גרם,ששון,US,שזיף מגולען,גרמים,250.00,100 גרם,false,1,17.90,7.16,true,1,
7296073527374,false,גבינת גאודה מגורדת 400גר,ויליפוד,IL,גאודה מגורדת,גרמים,400.00,100 גרם,false,1,23.90,5.98,true,1,
7296073527381,false,אינסטנט פודינג וניל 1 קג,מיה,IL,פודינג טעם וניל,קילוגרמים,1.00,"ק""ג",false,1,18.90,18.90,true,1,
7296073527428,false,אגוז ברזיל 150גרם,דין שיווק,IL,אגוז ברזיל 150גר,גרמים,150.00,100 גרם,false,1,17.90,11.93,true,1,
7296073528562,false,"בצק עלים 1 ק""ג",ARABATZIS,GR,בצק עלים,קילוגרמים,1.00,"ק""ג",false,1,16.90,16.90,true,1,
7296073528692,false,מלח ים טבעי שופרסל 500 ג,אינפוסה,ES,מלח ים,גרמים,500.00,100 גרם,false,1,5.90,1.18,true,1,
7296073528708,false,מלח ים טבעי שופרסל 250 ג,אינפוסה,ES,מלח ים,גרמים,250.00,100 גרם,false,1,4.90,1.96,true,1,
7296073528760,false,קיסמי אוזניים עץ שק100יח,אל ואי טי,CN,קיסמי אוזניים,יחידה,1.00,יחידה,false,1,2.00,2.00,true,1,
7296073528777,false,קיסמי אוזניים עץ שק300יח,אל ואי טי,CN,קיסמי אוזניים,יחידה,1.00,יחידה,false,1,5.90,5.90,true,1,
7296073528784,false,קיסמי אוזניים פלסטיק200י,אס טי או,CN,קיסמי אוזניים,יחידה,1.00,יחידה,false,1,6.50,6.50,true,1,
7296073528791,false,קיסמי אוזניים פלסטיק300י,אס טי או,CN,קיסמי אוזניים,יחידה,1.00,יחידה,false,1,8.50,8.50,true,1,
7296073528807,false,קיסמי אוזניים פלסטיק400י,אס טי או,CN,קיסמי אוזניים,יחידה,1.00,יחידה,false,1,10.90,10.90,true,1,
7296073528814,false,קיסמי אוזניים פלסטיק100י,אס טי או,CN,קיסמי אוזניים,יחידה,1.00,יחידה,false,1,2.00,2.00,true,1,
7296073529118,false,בזיליקום לתיבול 180גרם,"פרסקו חצבה 2006 בע""\מ",IL,בזיליקום לתיבול,גרמים,180.00,100 גרם,false,1,9.90,5.50,true,1,
7296073529439,false,"כוסמת קלויה 1 ק""ג",מיה,IL,כוסמת קלויה,קילוגרמים,1.00,"ק""ג",false,1,10.90,10.90,true,1,
7296073529453,false,עדשים שחור בלוגה 500 גרם,מיה,IL,עדשים שחורות,גרמים,500.00,100 גרם,false,1,7.90,1.58,true,1,
7296073529460,false,לקט לחמין 500 גרם,מיה,IL,לקט לחמין,גרמים,500.00,100 גרם,false,1,9.90,1.98,true,1,
7296073529514,false,רוטב 4 גבינות 200 גרם,דורום תעשיות מזון ופסטה,IL,רוטב 4 גבינות,גרמים,200.00,100 גרם,false,1,11.90,5.95,true,1,
7296073529521,false,רוטב רוזה ועגבניות 200 ג,דורום תעשיות מזון ופסטה,IL,רוטב רוזה,גרמים,250.00,100 גרם,false,1,11.90,4.76,true,1,
7296073529538,false,רוטב אלפרדו ופטריות200ג,דורום תעשיות מזון ופסטה,IL,רוטב נפוליטנה,גרמים,250.00,100 גרם,false,1,11.90,4.76,true,1,
7296073530091,false,קורנפלור 200 גרם,מיה,IL,קורנפלור 200 גרם,גרמים,200.00,100 גרם,false,1,3.50,1.75,true,1,
7296073530107,false,קורנפלור 500 גרם,מיה,IL,קורנפלור 500 גרם,גרמים,500.00,100 גרם,false,1,4.90,0.98,true,1,
7296073530336,false,תירס גמדי חתוך 425 גרם,מאנפאקטור,TH,תירס גמדי חתוך,גרמים,425.00,100 גרם,false,1,5.90,1.39,true,1,
7296073530374,false,טחינה אורגנית גרין 500 ג,אחדות,IL,טחינה אורגנית,גרמים,500.00,100 גרם,false,1,10.00,2.00,true,1,
7296073530381,false,טחינה אורגנית מלאה500ג,אחדות,IL,טחינה אורגנית,גרמים,500.00,100 גרם,false,1,10.00,2.00,true,1,
7296073530398,false,קמח כוסמין לבן מנופה 1קג,"שטיבל בע""\מ",IL,קמח כוסמין לבן,קילוגרמים,1.00,"ק""ג",false,1,14.90,14.90,true,1,
7296073531050,false,ספוג הפלא+שכבה ירוקה 6יח,"סדובסקי בע""\מ",IL,ספוג הפלא 6 יח,יחידה,1.00,יחידה,false,1,8.50,8.50,true,1,
7296073531265,false,פדים להסרת איפור 80 יח,LTD CO S.T.O,TR,פדים להסרת איפור,יחידה,1.00,יחידה,false,1,7.50,7.50,true,1,
7296073531289,false,פדים להסרת איפור אובלי40,LTD CO S.T.O,TR,פדים להסרת איפור,יחידה,1.00,יחידה,false,1,6.90,6.90,true,1,
7296073531296,false,קפסולות טעם וניל 50 גרם,דליקה,CH,קפסולות קפה,גרמים,10.00,100 גרם,false,1,14.90,149.00,true,1,
7296073531302,false,קפסול.קפה ט.אגוזי לוז50ג,דליקה,CH,קפסולות קפה,גרמים,10.00,100 גרם,false,1,14.90,149.00,true,1,
7296073531319,false,קפסול.אלומיניום ט.קרמל50,דליקה,CH,קפסולות קפה,גרמים,10.00,100 גרם,false,1,14.90,149.00,true,1,
7296073531333,false,דגני בוקר בטעם נוגט686ג,"נטורל קייקס בע""\מ",IL,דגני בוקר נוגט,גרמים,686.00,100 גרם,false,1,21.90,3.19,true,1,
7296073531340,false,דגני בוקר בטעם וניל686ג,"נטורל קייקס בע""\מ",IL,דגני בוקר וניל,גרמים,686.00,100 גרם,false,1,21.90,3.19,true,1,
7296073531357,false,דגני בוקר ט.וניל דארק686,"נטורל קייקס בע""\מ",IL,דגני בוקר וניל,גרמים,686.00,100 גרם,false,1,21.90,3.19,true,1,
7296073552758,false,סבון נוזלי מעוצב שחור500,טאהא קימיה,TR,סבון נוזלי,מיליליטרים,500.00,"100 מ""ל",false,1,9.90,1.98,true,1,
7296073552789,false,ביסקוויט בטעם קרמל 250גר,פאלי,NL,ביסקוויט ט.קרמל,גרמים,250.00,100 גרם,false,1,9.90,3.96,true,1,
7296073552796,false,רביולי גבינות קפוא 330 ג,זוקה,IL,רביולי גבינות,גרמים,330.00,100 גרם,false,1,21.90,6.64,true,1,
7296073552833,false,"סבון נוזלי לבן 500 מ""ל",טאהא קימיה,TR,סבון נוזלי,מיליליטרים,500.00,"100 מ""ל",false,1,9.90,1.98,true,1,
7296073552949,false,"קמח שמרים מנופה 1 ק""ג","שטיבל בע""\מ",IL,קמח שמרים מנופה,קילוגרמים,1.00,"ק""ג",false,1,9.90,9.90,true,1,
7296073552970,false,ריזוטו טוסקנה 280 גרם,טרויג'אנו,ES,ריזוטו טוסקנה,גרמים,280.00,100 גרם,false,1,11.90,4.25,true,1,
7296073552987,false,קוסקוס ים תיכוני 280 גרם,טרויג'אנו,ES,קוסקוס ים תיכוני,גרמים,300.00,100 גרם,false,1,11.90,3.96,true,1,
7296073552994,false,ריזוטו ים תיכוני 280 גרם,טרויג'אנו,ES,ריזוטו ים תיכוני,גרמים,280.00,100 גרם,false,1,11.90,4.25,true,1,
7296073553007,false,קוסקוס מרוקאי 300 גרם,טרויג'אנו,ES,קוסקוס מרוקאי,גרמים,300.00,100 גרם,false,1,11.90,3.96,true,1,
7296073553045,false,קבבוני אנגוס 400 גרם,"טיבון ויל אחזקות בע""\מ",IL,קבבוני אנגוס,גרמים,400.00,100 גרם,false,1,24.90,6.23,true,1,
7296073553069,false,קבב אנגוס 400 גרם,"טיבון ויל אחזקות בע""\מ",IL,קבב אנגוס,גרמים,400.00,100 גרם,false,1,24.90,6.23,true,1,
7296073553076,false,קבבונים עם שומן כבש,"טיבון ויל אחזקות בע""\מ",IL,קבבונים עם שומן,גרמים,400.00,100 גרם,false,1,24.90,6.23,true,1,
7296073553090,false,נקנקיות מרגזבסגנוןמרוקאי,"טיבון ויל אחזקות בע""\מ",IL,נקנקיות מרגזבסגנ,גרמים,400.00,100 גרם,false,1,24.90,6.23,true,1,
7296073553274,false,טורטיה חיטה 320 גרם,דליברדס יורופ,ES,טורטיה חיטה,גרמים,320.00,100 גרם,false,1,9.90,3.09,true,1,
7296073553298,false,טורטיה עם צ'יה 320 גרם,דליברדס יורופ,ES,טורטיה עם צ'יה,גרמים,320.00,100 גרם,false,1,10.90,3.41,true,1,
7296073553915,false,קממבר אגוזים 130 גרם,"מחלבת טבע עז בע""\מ",IL,קממבר אגוזים,גרמים,130.00,100 גרם,false,1,19.90,15.31,true,1,
7296073553922,false,ברי כבשים 130 גרם,"מחלבת טבע עז בע""\מ",IL,ברי כבשים,גרמים,130.00,100 גרם,false,1,19.90,15.31,true,1,
7296073554073,false,פיצה מרגריטה פרימיום,SRL PIZZA MEGIC,IT,פיצה מרגריטה,גרמים,400.00,100 גרם,false,1,24.90,6.23,true,1,
7296073554097,false,פיצה פרימיום עם זיתים 40,SRL PIZZA MEGIC,IT,פיצה פרימיום,גרמים,400.00,100 גרם,false,1,24.90,6.23,true,1,
7296073564683,false,BE אל סבון מאסק 1ליטר,טאהא קימיה,TR,BE אל סבון,ליטרים,1.00,ליטר,false,1,8.90,8.90,true,1,
7296073564690,false,BE אל סבון לבנדר 1 ליטר,טאהא קימיה,TR,BE אל סבון,ליטרים,1.00,ליטר,false,1,8.90,8.90,true,1,
7296073564706,false,BE אל סבון ורדים 1 ליטר,טאהא קימיה,TR,BE אל סבון,ליטרים,1.00,ליטר,false,1,8.90,8.90,true,1,
7296073565550,false,קצפיות מרנג וניל 180 גרם,"אחדות ביח""ר לטחינה",IL,קצפיות מרנג וניל,גרמים,180.00,100 גרם,false,1,16.90,9.39,true,1,
7296073565567,false,קצפיות מרנג טעם תות 180ג,"אחדות ביח""ר לטחינה",IL,קצפיות מרנג תות,גרמים,180.00,100 גרם,false,1,16.90,9.39,true,1,
7296073567080,false,דגני בוקר במילוי נוגט300,"נטורל קייקס בע""\מ",IL,דגני בוקר נוגט,גרמים,300.00,100 גרם,false,1,13.90,4.63,true,1,
7296073567097,false,כרית שבת בקרטונית 2 יחיד,פלסטו פוליש,IL,כרית שבת,יחידה,1.00,יחידה,false,1,7.90,7.90,true,1,
7296073578161,false,כפפות לטקס S 100 יחידות,COMPANY DR.BOO,TH,כפפות לטקס S,יחידה,1.00,יחידה,false,1,28.90,28.90,true,1,
7296073579113,false,גליל עזים בציפוי זעתר120,"מחלבת טבע עז בע""\מ",IL,גליל עזים זעתר,גרמים,120.00,100 גרם,false,1,19.90,16.58,true,1,
7296073579649,false,לחם אחיד פרוס שופרסל900ג,מאפיית שלמה א. אנג'\ל בע,IL,לחם אחיד פרוס,גרמים,900.00,100 גרם,false,1,8.30,0.92,true,1,
7296073579731,false,צלחת PP לבן 40 יחידות,,CN,צלחת חד פעמית,יחידה,1.00,יחידה,false,1,25.00,25.00,true,1,
7296073579748,false,כוס שתייה כוכבים זהב 50,,CN,כוס שתיה,יחידה,1.00,יחידה,false,1,10.00,10.00,true,1,
7296073579755,false,צלחת PP קרם 40 יחידות,,CN,צלחת חד פעמית,יחידה,1.00,יחידה,false,1,25.00,25.00,true,1,
7296073579762,false,כוס שתייה כוכבים כסף 50,,CN,כוס שתיה,יחידה,1.00,יחידה,false,1,10.00,10.00,true,1,
7296073590927,false,נבטי אפונה יחידה,קטיף.,IL,נבטי אפונה,יחידה,1.00,יחידה,false,1,6.90,6.90,true,1,
7296089001752,false,בדיקת קורונה 5 יח' ORIENT/ECOTEST,פארמה דיל,CN,בדיקת קורונה בית,יחידה,1.00,יחידה,false,1,39.90,39.90,true,1,
7297084000702,false,"צלחות דקל מרובעת 25 ס""מ",,IN,צלחת דקל,יחידה,1.00,יחידה,false,1,19.90,19.90,true,1,
7297084000757,false,"צלחות דקל מרובעת 15 ס""מ",,IN,צלחת דקל,יחידה,1.00,יחידה,false,1,14.90,14.90,true,1,
7297084000764,false,צלחות דקל מלבני 24X16סמ,,IN,צלחת דקל,יחידה,1.00,יחידה,false,1,17.90,17.90,true,1,
7297488098015,false,גרנולה קרנץ' עם שוקולד צ'יפס מריר ללא גלוטן 250 גרם דגש,תות תעשיות מזון (201,IL,'גרנולה קראנץ,גרמים,250.00,100 גרם,false,0,17.50,7.00,true,1,
7297488098152,false,דגש קמח חומוס ללא גל,אף.סי תבליני בגליל ב,IL,קמח חומוס,גרמים,500.00,100 גרם,false,0,16.90,3.38,true,1,
7297488098282,false,דגש אבקת מרק בטעם עוף 500 גרם,אף.סי. תבליני הגליל,IL,אבקת מרק,גרמים,500.00,100 גרם,false,0,19.90,3.98,true,1,
7297488098305,false,דגש-קמח שקדים 250 גרם,תבליני העליון 2007 ב,IL,קמח שקדים,גרמים,250.00,100 גרם,false,0,26.90,10.76,true,1,
7297488099760,false,דגש -עוגיות בטעם חלבה 250 גרם,דגש- דוכן גן שמואל,IL,עוגיות חלווה,גרמים,250.00,100 גרם,false,1,28.90,11.56,true,1,
7297488099890,false,פרוסות בסגנון קלאסי מופחתת שומן טבעוני 200 גרם,"טרופיקל דגיל בע""מ אז",IL,פרוסות קלאסי,גרמים,200.00,100 גרם,false,1,19.90,9.95,true,1,
7312040017683,false,"אבסולוט וודקה, 700 מ''ל","איי, בי, אינבוו",SE,וודקה אבסולוט,מיליליטרים,700.00,"100 מ""ל",false,0,64.90,9.27,true,1,
7394376123337,false,"משקה שיבולת שועל אורגני מפוקח ע""י סקאל",טרנסומס פוד איי.בי,SE,משקה שיבולת שועל,ליטרים,1.00,ליטר,false,1,13.90,13.90,true,1,
7394376615825,false,אוטלי משקה שיבולת שועל מועשר בסידן וויטמינים 1 ליטר,טרנסומס פוד,SE,משקה שיבולת שועל,ליטרים,1.00,ליטר,false,1,13.90,13.90,true,1,
7394376615832,false,אוטלי משקה שיבולת שועל בטעם שוקולד 1 ליטר,טרנסומס פוד,SE,משקה שיבולת שועל,ליטרים,1.00,ליטר,false,1,15.90,15.90,true,1,
7394376616778,false,אוטלי משקה שיבולת שועל להקצפה בריסטה 1 ליטר,טרנסומס פוד,SE,משקה שיבולת שועל,ליטרים,1.00,ליטר,false,1,15.90,15.90,true,1,
7501013122039,false,ג'ומקס מיץ מנגו קרטונית ליטר תריסר,חומקס קומר קומרסאליזדורה,MX,משקה ג'ומקס מנגו,ליטרים,1.00,ליטר,false,1,10.10,10.10,true,1,
7501013122053,false,ג'ומקס מיץ אפרסק קרטונית ליטר תריסר,חומקס קומר קומרסאליזדורה,MX,משקה גומקס אפרסק,ליטרים,1.00,ליטר,false,1,10.10,10.10,true,1,
7501013122114,false,ג'ומקס מיץ אננס קרטונית ליטר תריסר,חומקס קומר קומרסאליזדורה,MX,משקה ג'ומקס אננס,ליטרים,1.00,ליטר,false,1,10.10,10.10,true,1,
7501013122190,false,ג'ומקס מיץ תפוחים קרטונית ליטר תריסר,חומקס קומר קומרסאליזדורה,MX,משקה ג'ומקס תפוח,ליטרים,1.00,ליטר,false,1,10.10,10.10,true,1,
7501013122992,false,ג'ומקס מיץ קוקוס אננס קרטונית ליטר תריסר,חומקס קומר קומרסאליזדורה,MX,משקה קוקוס אננס,ליטרים,1.00,ליטר,false,1,10.10,10.10,true,1,
7501013138184,false,משקה חמוציות יוניקו פרסקו ג'ומקס קרטונית 1 ליטר,חומקס קומר קומרסאליזדורה,MX,משקה חמוציות,ליטרים,1.00,ליטר,false,1,11.50,11.50,true,1,
7501035042131,false,"טקילה קוארבו אספסיאל גולד 700 מ""ל",קאזה קוארבו,MX,טקילה קוארבו,מיליליטרים,700.00,"100 מ""ל",false,1,85.00,12.14,true,1,
7501049936945,false,"בירה סול שישייה בקבוק 330 מ""ל",היינקן,NL,בירה סול 6 יח',ליטרים,1.98,ליטר,false,1,36.90,18.64,true,1,
7501064191398,false,שישיית בירה קורונה אקסטרא *355 מל,קריניציה ויטמינה אס,MX,בירה קורונה 6 יח,ליטרים,2.13,ליטר,false,1,39.90,18.73,true,1,
7509546061160,false,"משחת שיניים לילדים מיניונים 2-5 75 מ""ל קולגייט",קולגייט פלמוליב,MX,קולגייט מינייוני,מיליליטרים,75.00,"100 מ""ל",false,1,12.90,17.20,true,1,
7509546666846,false,"משחת שיניים קולגייט טוטאל פחם 75 מ""ל",קולגייט פלמוליב,MX,טוטאל פחם,מיליליטרים,75.00,"100 מ""ל",false,1,19.90,26.53,true,1,
7509546678702,false,קולגייט משחת שיניים טוטל אנטי טרטר 100 מ,קולגייט-פלמוליב,PL,משחת קולגייט,מיליליטרים,100.00,"100 מ""ל",false,1,16.90,16.90,true,1,
7610023050215,false,פמיליה קראנץ' איקס תערובת דגנים פריכים בתוספת צימוקים ואגוזי לוז 500 גרם,פמיליה familia,CH,קרנצ' X דגנים,גרמים,500.00,100 גרם,false,0,25.50,5.10,true,1,
7610023051212,false,פמיליה שוקו איקס תערובת דגנים פריכים בתוספת שוקולד 500 גרם,מיוצר עי קונדיטוריית,CH,שוקו X דגנים,גרמים,500.00,100 גרם,false,0,25.50,5.10,true,1,
7610100034084,false,מיונז טומי בשפורפרת 265 גרם,נסטלה שוויץ ס.א,CH,מיונז טומי,גרמים,265.00,100 גרם,false,1,14.90,5.62,true,1,
7610113000175,false,"רום בקרדי מוחיטו 700 מ""ל",בקרדי מרטיני,DE,בקרדי מוחיטו,מיליליטרים,700.00,"100 מ""ל",false,1,79.90,11.41,true,1,
7610113011652,false,בריזר - משקה כוהלי מוגז בטעם תפוח,בקרדי בריזר Bacardi Breezer,BE,בריזר טעם תפוח,מיליליטרים,275.00,"100 מ""ל",false,1,14.90,5.42,true,1,
7610113013250,false,"משקה כוהלי על בסיס רום בקרדי 250 מ""ל",בקרדי מרטיני,DE,בקרדי מוחיטו,מיליליטרים,250.00,"100 מ""ל",false,1,14.90,5.96,true,1,
7610148246586,false,סטלה אקספיריינס שוקולד 100% קקאו 70 ג,שוקולד סטלה,CH,שוקולד פולי קקאו,גרמים,70.00,100 גרם,false,0,19.30,27.57,true,1,
7610211130804,false,הרמזית 800 טבליות 9גרם,,CH,הרמזית,גרמים,9.00,100 גרם,false,1,24.70,274.44,true,1,
7610400014649,false,לינדור קוביות במילוי קרם שוקולד חלב 100 גרם,לינדט ושפרונגלי קילשברג,CH,שוקולד לינדט,גרמים,100.00,100 גרם,false,0,15.80,15.80,true,1,
7610400074155,false,לינדט לינדור קוביות במילוי קרם שוקולד 60% מוצקי קקאו 100 גרם,לינדט ושפרונגלי קילשברג,CH,שוקולד לינדור,גרמים,100.00,100 גרם,false,0,15.80,15.80,true,1,
7610400075770,false,לינדט לה גרנד שוקולד מריר אגוז 150 גרם,לינדט ושפרונגלי קילשברג,CH,שוקולד לגרנד,גרמים,150.00,100 גרם,false,1,23.90,15.93,true,1,
7610400085946,false,לינדט לגרנד דארק אלמונד סולט 150 גרם,לינדט ושפרונגלי קילשברג,CH,שוקולד לגרנד,גרמים,150.00,100 גרם,false,1,23.90,15.93,true,1,
7610400091060,false,שוקולד מריר לינדט אקסלנס בתוספת תפוז ושקדים,לינדט ושפרונגלי קילש,CH,שוקולד לינדט,גרמים,100.00,100 גרם,false,1,14.90,14.90,true,1,
7613030979647,false,דגני בוקר טריקס בטעם פירות נסטלה 480 ג',ג'נרל מילס סאן אדריא,CL,טריקס בטעם פירות,גרמים,480.00,100 גרם,false,1,25.50,5.31,true,1,
7613031608850,false,פיטנס דגנים מחיטה מלאה ואורז נסטלה 625 גרם,נסטלה צרפת איטנקורט,FR,פיטנס דגני בוקר,גרמים,625.00,100 גרם,false,0,27.90,4.46,true,1,
7613032045753,false,פיטנס - דגני בוקר שוקולד 375 גרם,נסטלה צרפת איטנקורט,FR,פיטנס שוקולד,גרמים,375.00,100 גרם,false,0,19.90,5.31,true,1,
7613033548192,false,פיטנס - דגני בוקר שוקולד מריר 375 גרם,נסטלה צרפת איטנקורט,FR,פיטנס שוקולד,גרמים,375.00,100 גרם,false,0,19.90,5.31,true,1,
7613035027022,false,מזון לכלבים קטנים גורים פורינה ONE,נסטלה פורינה איטליה,IT,ONE לגורי כלבים,גרמים,800.00,100 גרם,false,1,29.90,3.74,true,1,
7613035514430,false,"פורינה ONE חתול בוגר סלמון 3 ק""ג",נסטלה פורינה צרפת,FR,ONE לחתול בוגר,קילוגרמים,3.00,"ק""ג",false,1,99.90,33.30,true,1,
7613035614482,false,מזון לגור חתולים בטעם עוף פורינה ONE,נסטלה פורינה צרפת,FR,ONE לגורי חתולים,גרמים,800.00,100 גרם,false,1,39.90,4.99,true,1,
7613035622623,false,פיטנס - גרנולה שקדים ודבש 300 גרם,נסטלה פולין דגני בוק,LT,גרנולה פיטנס,גרמים,300.00,100 גרם,false,1,15.00,5.00,true,1,
7613035807778,false,פרפקטו רוטב עגבניות לבולונז אסם 400 גרם,אסם פרפקטו Perfecto,ES,רוטב עגבניות,גרמים,400.00,100 גרם,false,1,9.90,2.48,true,1,
7613035809109,false,פרפקטו רוטב עגבניות ובזיליקום אסם 400 גרם,אסם פרפקטו Perfecto,ES,רוטב עגבניות,גרמים,400.00,100 גרם,false,1,9.90,2.48,true,1,
7613035809857,false,פרפקטו רוטב עגבניות לפסטה ולבישול אסם 400 גרם,אסם פרפקטו Perfecto,ES,רוטב עגבניות,גרמים,400.00,100 גרם,false,1,9.90,2.48,true,1,
7613036105545,false,"דוגלי גזע קטן 4*3 קילו ""אסם""",נסטלה פורינה באק הונ,HU,דוגלי גזע קטן,קילוגרמים,3.00,"ק""ג",false,1,49.00,16.33,true,1,
7613036105606,false,דוגלי בקר לכלבים בוגרים,נסטלה פורינה באק הונ,HU,דוגלי בוגר בקר,קילוגרמים,3.00,"ק""ג",false,1,49.90,16.63,true,1,
7613036387798,false,פיטנס Fitness דגנים מלאים עם ציפוי בטעם יוגורט,נסטלה צרפת איטנקורט,FR,דגני פיטנס,גרמים,350.00,100 גרם,false,1,19.90,5.69,true,1,
7613036725309,false,דנטלייף חטיף דנטלי לחתול בטעם עוף,נסטלה פורינה גרמניה,DE,דנטלייף חתול עוף,גרמים,40.00,100 גרם,false,1,9.90,24.75,true,1,
7613036737623,false,קראנץ' רולס נסטלה 410 גרם,"אסם תעשיות בע""מ",FR,דגני בוקר קראנץ',גרמים,410.00,100 גרם,false,1,23.90,5.83,true,1,
7613036760195,false,נסקפה דולצה גוסטו אספרסו קפסולות אינטנסו 112 ג',דולצ'ה גוסטו Nescafe Dolce Gusto,GB,קפסולות נסקפה,גרמים,112.00,100 גרם,false,1,28.90,25.80,true,1,
7613036867870,false,נסקפה דולצה גוסטו אספרסו בריסטה קפסולות 112 ג',נסטלה אנגליה,ES,קפסולות נסקפה,גרמים,128.00,100 גרם,false,1,28.90,22.58,true,1,
7613036880534,false,גרבר מחית ירקות מעורבים מטרנה 190 גר',נסטלה פולסקה אס.איי,PL,מחית מרק ירקות,גרמים,190.00,100 גרם,false,1,5.90,3.11,true,1,
7613036880855,false,גרבר מחית תפוח עץ ובננה 190 גר'.,נסטלה פולסקה אס.איי,PL,מחית תפוח ובננה,גרמים,190.00,100 גרם,false,1,5.90,3.11,true,1,
7613036976718,false,פריסקיז פאוצ' ברווז ברוטב 26*85גרם,נסטלה פורינה הונגריה,HU,פריסקיז פאוצ',גרמים,85.00,100 גרם,false,1,5.00,5.88,true,1,
7613037012200,false,גרבר מחית תפוח גזר ומנגו 90 גרם פאוץ,"מפעל סברס, נסטלה ספרד ס.",ES,גרבר תפוח פאוץ',גרמים,90.00,100 גרם,false,1,5.90,6.56,true,1,
7613037204797,false,סטארבקס - פולי קפה בלונד אספרסו 450 גרם,נסטלה נספרסו,PT,פולי קפהStarbuck,גרמים,450.00,100 גרם,false,1,50.00,11.11,true,1,
7613037204889,false,סטארבקס - פולי קפה אספרסו 450 גרם,נסטלה נספרסו,PT,פולי קפהStarbuck,גרמים,450.00,100 גרם,false,1,50.00,11.11,true,1,
7613037276091,false,נסטלה מיקס מיני אריזות דגני בוקר 200 גרם,נסטלה Nestle,FR,מיני דגני נסטלה,גרמים,200.00,100 גרם,false,1,17.90,8.95,true,1,
7613037686906,false,פיטנס שקדים ודבש 355 גרם מופחת סוכר,נסטלה צרפת איטנקורט,FR,פיטנס שקדים ודבש,גרמים,355.00,100 גרם,false,1,19.90,5.61,true,1,
7613037811629,false,דגני בוקר קורנפלקס גו פרי 500 גר',שוורצקוף& הנקל דיסלד,GB,גו פרי קורנפלקס,גרמים,500.00,100 גרם,false,1,12.90,2.58,true,1,
7613038268262,false,דגני בוקר צ'יריוס דבש ושקדים במתיקות מעודנת,נסטלה פולין דגני בוק,FR,האני נאט צ'יריוס,גרמים,410.00,100 גרם,false,1,19.90,4.85,true,1,
7613038451954,false,דגני בוקר קראנץ' שוקולד במתיקות מעודנת,נסטלה צרפת איטנקורט,FR,קראנץ שוקולד,גרמים,410.00,100 גרם,false,1,21.90,5.34,true,1,
7613039770450,false,טבעול סנסשיונל בורגר צמחוני 226 גרם,ג'נרל מילס סאן אדריא,CZ,סנסשיונל בורגר,גרמים,226.00,100 גרם,false,1,34.90,15.44,true,1,
7613039771174,false,טבעול סנסשיונל מינס טחון צמחוני 400 גרם,ג'נרל מילס סאן אדריא,CZ,סנסשיונל טחון צמ,גרמים,400.00,100 גרם,false,1,34.90,8.73,true,1,
7613039879382,false,גרבר - מחית תפוחי עץ 190 גרם,נסטלה פולסקה אס.איי,PL,גרבר מחי תפוח עץ,גרמים,190.00,100 גרם,false,1,5.90,3.11,false,1,
7613287121783,false,חטיף סמרטיס מיני מאר,נסטלה גרמניה,DE,סמארטיס מיני,גרמים,187.00,100 גרם,false,1,14.90,7.97,true,1,
7613287155832,false,גרבר מחית תפוחי עץ 90 גרם פאוץ,"מפעל סברס, נסטלה ספרד ס.",PL,גרבר תפוח,גרמים,90.00,100 גרם,false,1,5.90,6.56,true,1,
7613287155863,false,גרבר - מחית אגס פאוץ 90 גרם,"מפעל סברס, נסטלה ספרד ס.",PL,גרבר אגס פאוץ,גרמים,90.00,100 גרם,false,1,5.90,6.56,true,1,
7613287302373,false,סטארבקס קפסולות איטליאן סטייל רוסט 56 גרם,נסטלה שוויץ - קפה,CH,קפסולות Starbuck,גרמים,56.00,100 גרם,false,1,21.90,39.11,true,1,
7613287325808,false,אוסם - דיפ אנד ספרד מטבל איולי שום 295 גרם,נסטלה פולין,PL,מתבל איולי שום,גרמים,295.00,100 גרם,false,1,12.90,4.37,true,1,
7613287325822,false,אוסם - דיפ אנד ספרד מטבל מיקס 295 גרם,נסטלה,PL,מתבל מיונז,גרמים,295.00,100 גרם,false,1,12.90,4.37,true,1,
7613287325853,false,אוסם - דיפ אנד ספרד מטבל איולי ספייסי 295 גרם,נסטלה פולין,PL,מתבל איולי ספייס,גרמים,295.00,100 גרם,false,1,12.90,4.37,true,1,
7613287325952,false,אוסם - דיפ אנד ספרד מטבל ברבקיו 345 גרם,דפטונה פולין,PL,מתבל ברביקיו,גרמים,345.00,100 גרם,false,1,12.90,3.74,true,1,
7613287325983,false,אוסם - דיפ אנד ספרד מטבל סלסה 335 גרם,דפטונה פולין,PL,מתבל סלסה,גרמים,335.00,100 גרם,false,1,12.90,3.85,true,1,
7613287394323,false,דגני בוקר מולטי צ'יריוס 600 גרם,נסטלה פולין דגני בוק,GB,מולטי צ'יריוס,גרמים,600.00,100 גרם,false,1,21.90,3.65,true,1,
7613287476494,false,אוסם - דיפ אנד ספרד מיונז בסגנון צרפתי 280 גרם,נסטלה פולין,PL,מתבל מיונז,גרמים,280.00,100 גרם,false,1,12.90,4.61,true,1,
7613287476678,false,דגני בוקר סינימיניס צ'ורוס נסטלה 360 ג',נסטלה אוונקה,PT,סיני מיניס צורוס,גרמים,360.00,100 גרם,false,1,24.60,6.83,true,1,
7613287654151,false,דגני בוקר כריות שוקו בננה 385 ג' קראנץ',סי. פי. פולין,FR,קראנץ כריות,גרמים,385.00,100 גרם,false,1,23.90,6.21,true,1,
7614500035788,false,טובלרון שוקולד חלב 200 גרם,מונדלייז,CH,טובלרון חלב,גרמים,200.00,100 גרם,false,0,17.20,8.60,true,1,
7616500553460,false,שוקולד פריי מהודר מריר תפוז 100 ג',צוקולאט פריי אייץגיץ,CH,שוקולד מריר,גרמים,100.00,100 גרם,false,0,10.00,10.00,true,1,
7616500553484,false,שוקולד פריי מהודר מריר 78% 100גר,צוקולאט פריי אייץגיץ,CH,שוקולד מריר,גרמים,100.00,100 גרם,false,0,10.00,10.00,true,1,
7616500630161,false,פריי שוקולד מריר 85% קקאו 100גר,צוקולאט פריי אייץגיץ,CH,שוקולד מריר פריי,גרמים,100.00,100 גרם,false,0,10.00,10.00,true,1,
7616500642560,false,שוקולד חלב פריי 300 גרם,"שוקולד פריי בע""מ",CH,שוקולד חלב 300 ג,גרמים,300.00,100 גרם,false,0,17.90,5.97,true,1,
7616500642577,false,שוקולד חלב עם אגוזים300ג,צוקולאט פריי אייץגיץ,CH,שוקולד אגוזים,גרמים,300.00,100 גרם,false,0,17.90,5.97,true,1,
7616500646087,false,שוקולד פריי חלב עם שבבי אגוזים 100ג,צוקולאט פריי אייץגיץ,CH,שוקולד חלב אגוז,גרמים,100.00,100 גרם,false,0,10.00,10.00,true,1,
7616500647268,false,שוקולד מריר+אגוזים180גר,צוקולאט פריי אייץגיץ,CH,שוקולד מריר,גרמים,180.00,100 גרם,false,0,14.90,8.28,true,1,
7616500664395,false,שוק.חלב אגוז/צימוק 300 ג,צוקולאט פריי אייץגיץ,CH,שוקולד חלב אגוז,גרמים,300.00,100 גרם,false,1,17.90,5.97,true,1,
7616500668423,false,שוק.חלב שקד קלאודס 150גר,דליקה איי.ג'י,CH,שוקולד קלאודס,גרמים,150.00,100 גרם,false,1,14.90,9.94,true,1,
7616500668430,false,שוק.חלב אגוז קלאודס150גר,דליקה איי.ג'י,CH,שוקולד קלאודס,גרמים,150.00,100 גרם,false,1,14.90,9.94,true,1,
7616500668447,false,שוק.חלב צימוק קלאודס150ג,"שוקולד פריי בע""מ",CH,שוקולד קלאודס,גרמים,150.00,100 גרם,false,1,14.90,9.94,true,1,
7617014149354,false,קפסולות קפה,,CH,קפסולות קפה,גרמים,96.00,100 גרם,false,0,29.60,30.83,true,1,
7622010001858,false,עוגיות אוראו ממולאות קרם וניל 176 גרם.,פי אר ג'\יי אס אי מנדלז,UA,עוגיות אוראו,גרמים,176.00,100 גרם,false,1,8.90,5.06,true,1,
7622201127367,false,מילקה אוראו מיניס שוקולד לבן 153 גרם,פי.אר.ג'\יי.אס.סי מונדלז,UA,מילקה אוראו מיני,גרמים,153.00,100 גרם,false,1,14.90,9.74,true,1,
7622201137052,false,אוראו מיני קוקיס - עוגיות שוקולד צ'יפס ותחתית מצופה שוקולד חלב,מונדלז אספנה גלטאס פ,ES,מיני קוקיז מילקה,גרמים,110.00,100 גרם,false,1,9.00,8.18,true,1,
7622201139278,false,גבינת שמנת 27% שומן 150 ג' פילדלפיה,מיודלז אספניה פרודוק,ES,גבינת פילדלפיה,גרמים,150.00,100 גרם,false,1,13.90,9.27,true,1,
7622201401900,false,עוגיות סנסיישן אוראו מילקה 156 גרם,מונדלז פולסקה פרודקש,PL,עוגיות מילקה,גרמים,156.00,100 גרם,false,1,10.90,6.99,true,1,
7622201502515,false,עוגיות מילקה קוקי לופ שוקולד צ'יפס,גיורי קייקס קייאפטי,HU,עוגיות מילקה,גרמים,132.00,100 גרם,false,1,10.90,8.26,true,1,
7622201521493,false,גבינת פילדלפיה שום ועשבי תיבול 150 גרם,מיודלז אספניה פרודוק,ES,גבינת פילדלפיה,גרמים,150.00,100 גרם,false,1,10.90,7.27,true,1,
7622201798154,false,גבינת שמנת לייט מופחתת שומן 13% שומן,מיודלז אספניה פרודוק,ES,גבינת פילדלפיה,גרמים,150.00,100 גרם,false,1,13.90,9.27,true,1,
7622201801809,false,מילקה שוקולד חלב עם אגוזים 100 גרם חדש,מנדלז דויצ'\לנד סנקס פרו,DE,שוקולד מילקה,גרמים,100.00,100 גרם,false,1,6.90,6.90,true,1,
7622201802363,false,מילקה טבלת שוקולד חלב וצימוקים ואגוזים 100ג',מנדלז דויצ'\לנד סנקס פרו,DE,שוקולד מילקה,גרמים,100.00,100 גרם,false,1,6.90,6.90,true,1,
7622201802394,false,שוקולד מילקה חלב מסרונים 100 גרם,מנדלז דויצ'\לנד סנקס פרו,DE,שוקולד חלב מילקה,גרמים,100.00,100 גרם,false,1,6.90,6.90,true,1,
7622201808631,false,אוראו מיני עוגיות ממולאות קרם וניל 67גרם,פי.טי. מונדלז אינדונ,ID,עוגיות אוראו מינ,גרמים,67.00,100 גרם,false,1,7.90,11.79,true,1,
7622201813390,false,וופל במילוי קרם קקאו בציפוי שוקולד חלב,מונדליז סי.אר. ביסקוויט,CZ,וופל ממולא מילקה,גרמים,150.00,100 גרם,false,1,10.90,7.27,true,1,
7622201819170,false,שוקולד מילקה דרק שקדים 85 גרם.,מונדלז דויטשלנד סנאק,DE,שוקולד מילקה,גרמים,85.00,100 גרם,false,1,7.90,9.29,true,1,
7622210078131,false,שוקולד חלב עם שבבי קרמל מילקה דיים 100 גרם,מנדלז דויצ'\לנד סנקס פרו,DE,שוקולד מילקה,גרמים,100.00,100 גרם,false,1,6.90,6.90,true,1,
7622210137234,false,עוגיות אוראו עם דאבל קרים וניל 170 גר,מונדלייז,ES,עוגיות אוראו,גרמים,170.00,100 גרם,false,1,9.90,5.82,true,1,
7622210453327,false,עוגיות שוקוצ'יפס במילוי שוקולד סנסיישן,מנדלז פולסקה פרודקשן,PL,עוגיות מילקה,גרמים,156.00,100 גרם,false,1,10.90,6.99,true,1,
7622210637994,false,מיני עוגיות אוראו קראנצ'י בייטס אורגינל,מונדלז אספניה ג'לאטס,ES,עוגיות אוראו,גרמים,110.00,100 גרם,false,1,9.90,9.00,true,1,
7622210638021,false,מיני עוגיות אוראו קראנצ'י בייטס מצופים,מונדלז אספניה ג'לאטס,ES,עוגיות אוראו,גרמים,110.00,100 גרם,false,1,9.90,9.00,true,1,
7622210690883,false,מילקה שוקולד חלב-מהדורת מונדיאל 270 גרם,מונדלייז,AT,שוקולד מונדיאל,גרמים,270.00,100 גרם,false,1,14.90,5.52,true,1,
7622210826053,false,שוקולד מילקה אוראו סנדוויץ 92 גר',גיאורי קאקסז קייאףטי,HU,שוקולד מילקה,גרמים,92.00,100 גרם,false,1,6.90,7.50,true,1,
7622210835338,false,אוראו עוגיות ממולאות טעם בראוניז 176 גרם,מנדלז אספנה גאלטס פר,ES,עוגיות אוראו,גרמים,176.00,100 גרם,false,1,8.90,5.06,true,1,
7622300200237,false,שוקולד מילקה שוקולד חלב 250 גרם,מונדליז אוסטרייך פרו,AT,שוקולד חלב מילקה,גרמים,250.00,100 גרם,false,0,14.90,5.96,true,1,
7622300270506,false,מילקה גריינס - עוגיות שיבולת שועל מצופות שוקולד 168 ג',מונדלז פולסקה פרודקש,PL,עוגיות מילקה,גרמים,168.00,100 גרם,false,0,10.90,6.49,true,1,
7622300489427,false,עוגיות אוראו בציפוי בטעם שוקולד לבן 246 גרם,מנדלז אספנה גאלטס פר,ES,עוגיות אוראו,גרמים,246.00,100 גרם,false,1,18.90,7.68,true,1,
7622300489434,false,"עוגיות אוראו פאדג' בציפוי שוקולד חלב, 246 גרם",מנדלז אספנה גאלטס פר,ES,עוגיות אוראו,גרמים,246.00,100 גרם,false,1,18.90,7.68,true,1,
7622300495046,false,מילקה שוקולד חלב עם אקסטרה קקאו 100 גרם,מנדלז דויצ'\לנד סנקס פרו,DE,שוקולד מילקה,גרמים,100.00,100 גרם,false,0,6.90,6.90,true,1,
7622300503079,false,עוגיות ביסקוויט מצופה שוקולד חלב מילקה 200 גרם,מונדלז פולסקה פרודקש,PL,ביסקוויט מצופה,גרמים,200.00,100 גרם,false,0,10.90,5.45,true,1,
7622300617820,false,מילקה שוקולד חלב במילוי קרם חלב ווניל ושבבי עוגיות אוראו 100 גרם,מנדלז דויצ'\לנד סנקס פרו,DE,שוקולד מילקה,גרמים,100.00,100 גרם,false,0,6.90,6.90,true,1,
7622300761363,false,עוגיות מיני אוראו במילוי קרם בטעם שוקולד בכוס,פי.טי. מונדלז אינדונ,ID,עוגיות מיני אורא,גרמים,67.00,100 גרם,false,0,7.90,11.79,true,1,
7622400005190,false,שוקולד חלב נגיעות שוקולד לבן מילקה 100 ג,מנדלז דויצ'\לנד סנקס פרו,DE,שוקולד מילקה,גרמים,100.00,100 גרם,false,0,6.90,6.90,true,1,
7630311507016,false,סטארבקס קפסולות קפה סאני דיי 10יח,נסטלה שוויץ - קפה,CH,קפסולות Starbuck,גרמים,57.00,100 גרם,false,1,21.90,38.42,true,1,
7630477891592,false,סטארבקס קפסולות קפה האוס בלנד 10 יחידות,נסטלה שוויץ - קפה,CH,קפסולות Starbuck,גרמים,57.00,100 גרם,false,1,21.90,38.42,true,1,
7630477891639,false,סטארבקס קפסולות קפה ורונה 10 יחידות,נסטלה שוויץ - קפה,CH,קפסולות Starbuck,גרמים,55.00,100 גרם,false,1,21.90,39.82,true,1,
7630477891691,false,סטארבקס קפסולות קפה קולמביה 10 יחידות,נסטלה שוויץ - קפה,CH,קפסולות Starbuck,גרמים,57.00,100 גרם,false,1,21.90,38.42,true,1,
7630477891714,false,סטארבקס קפסולות קפה אספרסו 10 יחידות,נסטלה שוויץ - קפה,CH,קפסולות Starbuck,גרמים,57.00,100 גרם,false,1,21.90,38.42,true,1,
7630477891738,false,סטארבקס קפסולות קפה אספרסו בלונד 10 יחיד,נסטלה שוויץ - קפה,CH,קפסולות Starbuck,גרמים,53.00,100 גרם,false,1,21.90,41.32,true,1,
7638900426809,false,סוללות מקס C אנרגייזר2יח,אנרג'יזר Energizer,US,סוללות מקס 2 יח,יחידה,1.00,יחידה,false,1,26.90,26.90,true,1,
7638900426953,false,10סוללות מקס אלקליין AAA,,CN,סוללות מקס,יחידה,1.00,יחידה,false,1,24.90,24.90,true,1,
7702018357871,false,גילט גל גילוח פרוגלייד 2ב1 לעור רגיש,פרוקטר אנד גמבל,US,ג'ל גילוח,מיליליטרים,200.00,"100 מ""ל",false,1,25.20,12.60,true,1,
7702018459445,false,גילט פיוזן פאואר סכיני גילוח 12 יחידות,פרוקטר & גמבל,DE,סכיני גילוח פיוז,יחידה,1.00,יחידה,false,1,179.00,179.00,true,1,
7702018464753,false,"גל גילוח גילט פיוזן לעור רגיש 200 מ""ל",פרוקטר & גמבל,GB,ג'ל גילוח פיוז'ן,מיליליטרים,200.00,"100 מ""ל",false,1,25.20,12.60,true,1,
7702018609154,false,גילט מארז פרוגלייד 10 סכינים,"פרוקטר אנד גמבל, גרמניה",DE,סכיני גילוח,יחידה,1.00,יחידה,false,1,149.90,149.90,true,1,
7702018978106,false,"ג'ילט - דאודורנט ג'ל לגבר ארטיק אייס 70 מ""ל",פרוקטר אנד גמבל,PL,דאו.קליר ג'ל,מיליליטרים,70.00,"100 מ""ל",false,0,15.90,22.71,true,1,
7702018978120,false,"ג'ילט - דאודורנט ג'ל לגבר קול וייב 70 מ""ל",פרוקטר אנד גמבל,PL,דאו.קליר ג'ל,מיליליטרים,70.00,"100 מ""ל",false,0,15.90,22.71,true,1,
7702018980833,false,"ג'ילט ג'ל גילוח סירייס מועשר בלחות - 200 מ""ל",פרוקטר אנד גמבל,GB,ג'ל גילוח סירייס,מיליליטרים,200.00,"100 מ""ל",false,1,19.90,9.95,true,1,
7702024074625,false,פיטנס - חטיפי קרקר חיטה מלאה 234 גרם,קומסטיבלס לה רוזה אס.איי,CO,חטיפי קרקר פיטנס,גרמים,234.00,100 גרם,false,1,11.90,5.09,true,1,
7702024258322,false,"חטיפי קרקר עם חיטה מלאה, צ'יה וזרעי פשתן פיטנס",נסטלה Nestle,CO,חטיפי קרקר,גרמים,156.00,100 גרם,false,1,11.90,7.63,true,1,
7702174068833,false,יוגטה סוכריות קשות על מקל ממולאות טופי בטעמי גלידת פירות 12 יח' 204 גרם,הדקלאים אגודת שיתופי,CO,לקקן יוגטה,גרמים,204.00,100 גרם,false,0,9.90,4.85,true,1,
7792860006218,false,סוכריות לקקנים בייבי דול Baby Doll לריטר,גוד פוד פרודקטס S.p,AR,בייבי דול לקקן,גרמים,24.00,100 גרם,false,0,2.20,9.17,true,1,
7798304600042,false,אוכמניות טריות 125 ג,מרינה,AR,אוכמניות טריות,גרמים,125.00,100 גרם,false,1,14.90,11.92,true,1,
7798382150019,false,אוכמניות טריות 125גרם,אראל תוצרת חקלאית בע,AR,אוכמניות טריות,גרמים,125.00,100 גרם,false,1,14.90,11.92,true,1,
7804414000884,false,"דון חוליו שרדונה 750 מ""ל",צ'ילה לואיס פיליפה אדוארדס,CL,דון חוליו שרדו,מיליליטרים,750.00,"100 מ""ל",false,0,29.90,3.99,true,1,
7891024027998,false,קולגייט מי פה טוטאל הגנה מפני אבן 500 מל,קולגייט- פלמוליב,PL,מי פה קולגייט,מיליליטרים,500.00,"100 מ""ל",false,1,24.90,4.98,true,1,
7891024124826,false,"משחת שיניים אופטיק ווייט קולגייט 75 מ""ל",הנסיך- מפעל לייצור ט,BR,משחת קולגייט,מיליליטרים,75.00,"100 מ""ל",false,0,19.90,26.53,true,1,
7891024179482,false,"שטיפת פה קולגייט אופטיק וייט 500מ""ל",יבואן ומשווק: ש. שסט,PL,מי פה קולגייט,מיליליטרים,500.00,"100 מ""ל",false,0,24.90,4.98,true,1,
8000040001106,false,קמפרי ביטר אפרטיף 700מל,דויד קמפרי,IT,קמפרי,מיליליטרים,700.00,"100 מ""ל",false,0,99.90,14.27,true,1,
8000070003774,false,קפסולות אספרסו לוואצה אינטנסו 13 16 יח,לואיג'י לוואצה,IT,קפסולות קפה,גרמים,120.00,100 גרם,false,1,29.90,24.92,true,1,
8000070003798,false,קפסולות אספרסו לוואצה דליסיוזו 8 16 יח,לאוג'י לוואצה אס.פי.אי,IT,קפסולות קפה,גרמים,120.00,100 גרם,false,1,29.90,24.92,true,1,
8000070003811,false,קפסולות אספרסו לוואצה פסיונלה 11 16 יח,לואיג'י לוואצה,IT,קפסולות קפה,גרמים,120.00,100 גרם,false,1,29.90,24.92,true,1,
8000070003842,false,לוואצה מס' 7 קפסולות לקפה 120 גרם,לווצה טורינו,IT,קפסולות קפה,גרמים,120.00,100 גרם,false,1,29.90,24.92,true,1,
8000070003880,false,קפסולות קפה לוואצה קרמה דולצ'ה חוזק 6,לווצה טורינו,IT,קפסולות קפה,גרמים,128.00,100 גרם,false,1,29.90,23.36,true,1,
8000070003972,false,קפסולות לוואצה אמודו,לאוג'י לוואצה אס.פי.אי,IT,קפסולות קפה,גרמים,112.00,100 גרם,false,1,29.90,26.70,true,1,
8000070010680,false,קפסולות אספרסו לוואצה NCC מותאמות למכונו,לאוג'י לוואצה אס.פי.אי,IT,קפסולות לוואצ'ה,גרמים,55.00,100 גרם,false,1,19.90,36.18,true,1,
8000070012219,false,פולי קפה אורו זהב לוואצה 250 גר,לאוג'י לוואצה אס.פי.אי,IT,פולי קפה,גרמים,250.00,100 גרם,false,0,39.00,15.60,true,1,
8000070012783,false,קפה לוואצה קלוי וטחון חוזק 5 אורו 250 גר,לאוג'י לוואצה אס.פי.אי,IT,קפה לוואצה,גרמים,250.00,100 גרם,false,0,39.90,15.96,true,1,
8000070016316,false,קפסולות קוואליטה אורו90ג,,IT,לוואצה קוואליטה,גרמים,90.00,100 גרם,false,1,29.90,33.22,true,1,
8000070032835,false,קפה לוואצה קלוי וטחון חוזק 10 מטינו 250 גר,לאוג'י לוואצה אס.פי.אי,IT,קפה לוואצה,גרמים,250.00,100 גרם,false,0,26.90,10.76,true,1,
8000070038868,false,קפה לוואצה קלוי וטחון חוזק 8 קלאסיקו 250 גר,לאוג'י לוואצה אס.פי.אי,IT,קפה לוואצה,גרמים,250.00,100 גרם,false,0,29.90,11.96,true,1,
8000070047129,false,קפסולות לוואצה פסיונלה54,,IT,קפסולות לוואצ'ה,גרמים,405.00,100 גרם,false,1,69.90,17.26,true,1,
8000070081000,false,לוואצה הורמוניקו מס' 8קפסולות לקפה 50 גרם,לאוג'\י לוואצה אס.פי.אי,IT,קפסולות קפה,גרמים,50.00,100 גרם,false,1,19.90,39.80,true,1,
8000070081017,false,קפסולות לוואצה דיציו 10 נספרסו 50 גר,לאוג'\י לוואצה אס.פי.אי,IT,קפסולות קפה,גרמים,50.00,100 גרם,false,1,19.90,39.80,true,1,
8000113003402,false,"קמח תירס בוואקום 1 ק""ג",מולינו ניקולי אס.פי.,IT,קמח תירס,קילוגרמים,1.00,"ק""ג",false,0,15.90,15.90,true,1,
8000215204219,false,ויטאריז משקה אורז אורגני 1 ליטר,בטר אנד דיפרנט,IT,משקה אורז אורגני,ליטרים,1.00,ליטר,false,0,14.90,14.90,true,1,
8000215204240,false,ויטאריז משקה שקדים ואורז אורגני 1 ליטר,בטר אנד דיפרנט,IT,משקה שקדים ואורז,ליטרים,1.00,ליטר,false,0,14.90,14.90,true,1,
8000215204271,false,ויטריז - משקה שקדים ואורז אישי 200 גר,"נטורפוד בע""מ",IT,משקה שקדים,גרמים,200.00,100 גרם,false,0,4.00,2.00,true,1,
8000215204394,false,"משקה אורז אורגני אגוז לוז ""נטורפוד""",בטר אנד דיפרנט,US,משקה ויטריז,ליטרים,1.00,ליטר,false,0,18.90,18.90,true,1,
8000215204554,false,ויטאריז משקה אורז קוקוס אורגני 1 ליטר,אלינור,IT,משקה אורז קוקוס,ליטרים,1.00,ליטר,false,1,14.90,14.90,true,1,
8000215204561,false,ויטסי משקה שקדים אורגני 1 ליטר,בטר אנד דיפרנט,IT,משקה שקדים,ליטרים,1.00,ליטר,false,1,17.90,17.90,true,1,
8000215204653,false,משקה סויה אורגני 1ליטר,בטר אנד דיפרנט,IT,משקה סויה אורגני,ליטרים,1.00,ליטר,false,1,13.50,13.50,true,1,
8000215204677,false,ויטריז - משקה שיבולת שועל בריסטה אורגני,בטר אנד דיפרנט,IT,משקה שיבולת שועל,ליטרים,1.00,ליטר,false,1,14.90,14.90,true,1,
8000215204714,false,משקה שיבולת שועל אורגני 1 ליטר PRIMAVENA,בטר אנד דיפרנט,IT,משקה שיבולת שועל,ליטרים,1.00,ליטר,false,0,14.90,14.90,true,1,
8000380003723,false,וופל אגוזים בציפוי שוקולד לואקר 100 גרם,קריניציה ויטמינה אס,IT,גראנד פטיסרי,גרמים,100.00,100 גרם,false,0,12.20,12.20,true,1,
8000380003761,false,וופל גרנד פטיסרי שוקולד וקוקוס לואקר 100 גרם,קריניציה ויטמינה אס,IT,גראנד פטיסרי,גרמים,100.00,100 גרם,false,0,12.20,12.20,true,1,
8000380004669,false,וופל לואקר סנדוויץ קוביות ושוקולד 200ג',"א. לואקר, קונפקט ג'י",AT,וופל לואקר קקאו,גרמים,200.00,100 גרם,false,0,12.80,6.40,true,1,
8000380004676,false,קוביות וופל סנדוויץ Sandwich עם וניל וחלב,"א. לואקר, קונפקט ג'י",AT,ופלים לואקר,גרמים,200.00,100 גרם,false,0,12.80,6.40,true,1,
8000380004881,false,וופל קוארדטיני לואקר קוביות טרמיסו 220ג',קריניציה ויטמינה אס,IT,ופל קואדרטיני,גרמים,220.00,100 גרם,false,0,13.90,6.32,true,1,
8000380004911,false,קוביות וופל קואדרטיני Quadratini קרם אגוזים,קריניציה ויטמינה אס,AT,ופל קואדרטיני,גרמים,250.00,100 גרם,false,0,13.90,5.56,true,1,
8000380004942,false,וופל לואקר קוארדטיני קוביות ווניל 250ג',ליימן מותגים,AT,וופלים קאודרטיני,גרמים,250.00,100 גרם,false,0,13.90,5.56,true,1,
8000380004966,false,וופל קוארדטיני לואקר קוביות שוקולד 250ג',קריניציה ויטמינה אס,AT,ופל קואדרטיני,גרמים,250.00,100 גרם,false,0,13.90,5.56,true,1,
8000380005598,false,מארז וופל שוקולד טורטינה Tortina שוקולד מריר,א. לואקר אס. פי. אי-אי.,IT,וופל טורטינה,גרמים,125.00,100 גרם,false,0,17.60,14.08,true,1,
8000380007219,false,וופלים בטעם אגוזים לואקר 175 גרם,ליימן מותגים,AT,ופלים לואקר,גרמים,175.00,100 גרם,false,0,10.90,6.23,true,1,
8000380007257,false,וופל גרדנה אגוזים לואקר 200 גרם,קריניציה ויטמינה אס,IT,ופלים גרדנה,גרמים,200.00,100 גרם,false,0,14.40,7.20,true,1,
8000380007264,false,וופלים בטעם קקאו לואקר 175 גרם,קריניציה ויטמינה אס,AT,ופלים לואקר,גרמים,175.00,100 גרם,false,0,10.90,6.23,true,1,
8000380106028,false,טורטינה לואקר וופל שוקולד ואגוזים שישיה 125ג',קריניציה ויטמינה אס,IT,וופל טורטינה,גרמים,125.00,100 גרם,false,0,17.60,14.08,true,1,
8000380144044,false,גרדנה וופל מצופה שוקולד חלב לואקר 200 גרם,"א. לואקר , AG/SpA, ו",IT,ופלים גרדנה,גרמים,200.00,100 גרם,false,0,14.40,7.20,true,1,
8000380148035,false,וופל אגוזי לוג שוקולד מריר גראן פטיסרי Gran Pasticceria,קריניציה ויטמינה אס,IT,גרנד פטיסרי מריר,גרמים,100.00,100 גרם,false,0,12.20,12.20,true,1,
8000380153534,false,מארז וופל שוקולד טורטינה Tortina שוקולד לבן,א. לואקר אס. פי. אי-אי.,IT,טורטינה לבן,גרמים,125.00,100 גרם,false,0,17.60,14.08,true,1,
8000380180721,false,לואקר וופל קקאו במילוי קרם חלבי 175 גר,קריניציה ויטמינה אס,AT,וופל לואקר,גרמים,175.00,100 גרם,false,1,10.90,6.23,true,1,
8000380180745,false,וופל קוביות קקאו במילוי קרם חלב לואקר 250 גרם,"א. לואקר, קונפקט ג'י",AT,וופל קואדרטיני,גרמים,250.00,100 גרם,false,1,13.90,5.56,true,1,
8000380180837,false,וופל גרנד פטיסרי קוקוס לבן מצופה שוקולד לבן לואקר 100 גרם,"אינסטנטה בע""מ",IT,גרנד פטיסרי,גרמים,100.00,100 גרם,false,1,12.20,12.20,true,1,
8000380187119,false,עוגיות במילוי קרם אגוזי לוז לואקר 100 גר,לואקר Loacker,AT,עוגיות אגוזי לוז,גרמים,100.00,100 גרם,false,1,14.90,14.90,true,1,
8000380187249,false,עוגיות עם מילוי קרם שקדים ושוקולד חלב,לואקר Loacker,AT,עוגיות שקדים,גרמים,100.00,100 גרם,false,1,14.90,14.90,true,1,
8000380192199,false,וופל לואקר דאבל שוקולד 175 גרם,ליימן מותגים,AT,וופל לואקר דאבל,גרמים,175.00,100 גרם,false,1,10.90,6.23,true,1,
8000380201396,false,שוקולד חלב ממולא קרם קרמל ועלי וופל פריכ,ליימן מותגים,AT,וופל טורטינה,גרמים,126.00,100 גרם,false,1,17.60,13.97,true,1,
8000380205400,false,וופלים קואדרטיני חמאת בוטנים לואקר 250 גרם,ליימן מותגים,AT,וופל קואדרטיני,גרמים,250.00,100 גרם,false,1,13.90,5.56,true,1,
8000380206896,false,וופל גרדנה חמאת בוטנים לואקר 200 גרם,ליימן מותגים,IT,ופלים גרדנה,גרמים,200.00,100 גרם,false,1,14.40,7.20,true,1,
8000500023624,false,חטיפי הפי היפו Happy Hippo במילוי קרם חלב וקקאו,פררו - אלבה,DE,קינדר הפי היפו,גרמים,102.00,100 גרם,false,0,12.50,12.25,true,1,
8000500023976,false,בונבוניירת רפאלו פררו 150 גרם,פררו - אלבה,PL,בונבונ.רפאלו,גרמים,150.00,100 גרם,false,0,15.90,10.60,true,1,
8000500026731,false,שוקולד ביצי הפתעה קינדר שלישייה,פררו אס.פי.אי,IT,ביצי הפתעה קינדר,גרמים,60.00,100 גרם,false,1,14.90,24.83,true,1,
8000500028124,false,קינדר גוי ביצת הפתעה מארז שלישיה,ליימן שליסל,ZA,קינדר ג'וי 3יח,גרמים,60.00,100 גרם,false,0,15.00,25.00,true,1,
8000500029350,false,מארז וופל מצופה 3יח' *43 גרם קינדר בואנו,פררו - אלבה,PL,קינדר בואנו,גרמים,129.00,100 גרם,false,0,10.00,7.75,true,1,
8000500037874,false,בונבונרייה פררו רושר 200 גרם,פררו - אלבה,IT,בונבוניירה רושה,גרמים,200.00,100 גרם,false,0,26.90,13.45,true,1,
8000500121436,false,מארז קינדר בואנו Kinder Bueno לבן שלוש יחידות,פררו - אלבה,PL,קינדר בואנו לבן,גרמים,117.00,100 גרם,false,0,10.00,8.55,true,1,
8000500167656,false,קינדר שוקולד עם דגנים סיריאל 94 ג',פררו,IT,קינדר שוקולד,גרמים,94.00,100 גרם,false,1,6.90,7.34,true,1,
8000500224281,false,נוטלה בי רדי חטיף קופה,פררו,IT,נוטלה בי רדי,גרמים,22.00,100 גרם,false,1,3.90,17.73,true,1,
8000500227848,false,נוטלה - בי רדי אצבעות ביסקוויט במילוי שוקולד 6 יח' * 22 גרם,פררו,IT,נוטלה בי רדי,גרמים,132.00,100 גרם,false,1,12.50,9.47,true,1,
8000500247150,false,פררו רושה קולקשיין קוקוס מילוי קרם ושקד שלם 172ג',פררו,DE,פררו רושה,גרמים,172.00,100 גרם,false,1,26.90,15.64,true,1,
8000500249352,false,קינדר בואנו מיני מיקס שקית 205 ג',פררו - אלבה,PL,קינדר בואנו מיני,גרמים,205.00,100 גרם,false,1,18.90,9.22,true,1,
8000500267103,false,קינדר דליס עוגת ספוג קקאו במילוי חלבי*10,קינדר Kinder,IT,עוגות קינדר דליס,גרמים,390.00,100 גרם,false,1,17.90,4.59,true,1,
8000500269169,false,קינדר קארדס Kinder Cards - חמישייה,קריות זול,IT,קינדר קארדס,גרמים,128.00,100 גרם,false,1,12.90,10.08,true,1,
8000500328750,false,כדור וופל פריך מצופה שוקולד פררו רושר 141 ג',פררו,DE,בונבוניירה פררו,גרמים,138.00,100 גרם,false,1,26.90,19.49,true,1,
8000500374542,false,שוקולד מריר מעולה אגוזי לוז פררו רושה125,Unknown,PL,גרנד רושה פררו,גרמים,125.00,100 גרם,false,1,16.90,13.52,true,1,
8000500386941,false,"ממרח קקאו עם אגוזי לוז, 900 גרם",קדבורי,IT,ממרח קקאו+אגוזים,גרמים,900.00,100 גרם,false,1,29.90,3.32,true,1,
8000500390238,false,ביצי הפתעה קינדר 20*4גרם,פררו,IT,ביצי הפתעה קינדר,גרמים,80.00,100 גרם,false,1,17.90,22.38,true,1,
8001003100164,false,יוגטה סוכריות ג'לי בטעמי פירות 450 גרם,יוגטה yogueta,IT,סוכריות ג'לי,גרמים,450.00,100 גרם,false,1,11.90,2.64,true,1,
8001090016003,false,"טבליות למדיח פיירי 84 יחידות בד""צ",פרוקטר אנד גמבל,BE,פיירי טבליות,יחידה,1.00,יחידה,false,1,53.90,53.90,true,1,
8001090066046,false,תחבושות אולוויז דיסקרט לילה 6 יח לבריחת שתן,פרוקטר & גמבל,IL,תחבושות לילה,יחידה,1.00,יחידה,false,1,15.00,15.00,true,1,
8001090184412,false,"פיירי נוזל לניקוי כלים לימון שקוף, 900 מ""ל",פרוקטר אנד גמבל,GB,פיירי לכלים,מיליליטרים,900.00,"100 מ""ל",false,1,12.50,1.39,true,1,
8001090222428,false,"הרבל אסנסס - שמפו חלב קוקוס 400 מ""ל",הרבל אסנס Herbal Essences,FR,שמפו הרבל אסנס,מיליליטרים,400.00,"100 מ""ל",false,1,16.90,4.23,true,1,
8001090222725,false,"הרבל אסנסס - שמפו שמן מורינגה 400 מ""ל",הרבל אסנס Herbal Essences,FR,שמפו הרבל אסנס,מיליליטרים,400.00,"100 מ""ל",false,1,16.90,4.23,true,1,
8001090222879,false,"הרבל אסנסס - מרכך שיקום שמן ארגן 400 מ""ל",הרבל אסנס Herbal Essences,FR,מרכך הרבל אסנס,מיליליטרים,400.00,"100 מ""ל",false,1,16.90,4.23,true,1,
8001090268679,false,פמפרס בייבי דריי מידה 3 100 יח,פרוקטר & גמבל,TR,פמפרס אריזת ענק,יחידה,1.00,יחידה,false,1,71.50,71.50,true,1,
8001090290939,false,"אוראל בי משחת שיניים- להלבנה לובן בוהק 75 מ""ל",פרוקטר אנד גמבל,DE,משחת אורל בי,מיליליטרים,75.00,"100 מ""ל",false,1,29.90,39.87,true,1,
8001090336354,false,פמפרס בייבי דריי חיתולים מידה 2 46 יח,פרוקטר אנד גמבל,DE,פמפרס בייבי,יחידה,1.00,יחידה,false,1,34.90,34.90,true,1,
8001090336408,false,חיתולים בייבי דריי מידה 3 38 יח' פמפרס,פרוקטר אנד גמבל,DE,פמפרס בייבי,יחידה,1.00,יחידה,false,1,34.90,34.90,true,1,
8001090336446,false,פמפרס בייבי דריי חיתולים מידה 4 34 יח,פרוקטר אנד גמבל,DE,פמפרס בייבי,יחידה,1.00,יחידה,false,1,34.90,34.90,true,1,
8001090336606,false,פמפרס בייבי דריי חיתולים מידה 6 26 יח,פרוקטר אנד גמבל,DE,פמפרס בייבי,יחידה,1.00,יחידה,false,1,34.90,34.90,true,1,
8001090364203,false,"משחת שיניים אורל בי G&E להלבנה עדינה 75 מ""ל",פרוקטר אנד גמבל,DE,משחת אורל בי,מיליליטרים,75.00,"100 מ""ל",false,1,15.90,21.20,true,1,
8001090364319,false,טייד קפסולות כביסה אפקט פיירי 37 יחידות,פרוקטר & גמבל,FR,טייד קפסולות,יחידה,1.00,יחידה,false,1,56.90,56.90,true,1,
8001090368553,false,פמפרס בייבי דריי מידה 6 68 יח,פרוקטר & גמבל,TR,פמפרס אריזת ענק,יחידה,1.00,יחידה,false,1,71.50,71.50,true,1,
8001090377487,false,מסכה לשיער פנטן לחות מוגברת 300 מל,פרוקטר אנד גמבל,FR,מסיכה פנטן,מיליליטרים,300.00,"100 מ""ל",false,1,34.90,11.63,true,1,
8001090379337,false,פמפרס פרימיום קר חיתולים שלב 3 40 יח VP,פרוקטר אנד גמבל,PL,פמפרס פרימיום,יחידה,1.00,יחידה,false,1,34.40,34.40,true,1,
8001090379368,false,פמפרס פרימיום קר חיתולים שלב 4 34 יח VP,פרוקטר אנד גמבל,PL,פמפרס פרימיום,יחידה,1.00,יחידה,false,1,34.40,34.40,true,1,
8001090379399,false,פמפרס פרימיום קר חיתולים שלב 5 30 יח VP,פרוקטר אנד גמבל,PL,פמפרס פרימיום,יחידה,1.00,יחידה,false,1,34.40,34.40,true,1,
8001090458353,false,סבון כלים פעולה אנטי-בקטריאלית אקליפטוס,פרוקטר אנד גמבל,GB,פיירי א.בקטריאלי,מיליליטרים,515.00,"100 מ""ל",false,1,10.90,2.12,true,1,
8001090678614,false,"שמפו סופרים לחות הד אנד שולדרס 400 מ""ל",הד אנד שולדרס H&S,FR,שמפו הד&שולדרס,מיליליטרים,400.00,"100 מ""ל",false,1,19.90,4.98,true,1,
8001090727831,false,אריאל אבקת כביסה7קג,פרוקטר אנד גמבל,CZ,אריאל אבקת כביסה,קילוגרמים,7.00,"ק""ג",false,1,64.90,9.27,true,1,
8001090727862,false,אריאל אבקת כביסה7קג,פרוקטר אנד גמבל )ראה קוד,CZ,אריאל אבקת כביסה,קילוגרמים,7.00,"ק""ג",false,1,64.90,9.27,true,1,
8001090737809,false,אולוויז מגן תחתון סינגל טנגה 36 יחידות,פרוקטר אנד גמבל,ES,אולוויז חוטיני,יחידה,1.00,יחידה,false,1,15.90,15.90,true,1,
8001090740717,false,מגני תחתון אולוויז נורמל עם ניחוח רענן Fresh Scent,פרוקטר אנד גמבל )ראה קוד,UA,מגן תחתון אולווי,יחידה,1.00,יחידה,false,1,19.90,19.90,true,1,
8001090745903,false,אבקת כביסה טייד פרש אלפיין 4 קג,פרוקטר אנד גמבל,CZ,טייד אבקת כביסה,קילוגרמים,4.00,"ק""ג",false,1,29.90,7.48,true,1,
8001090776068,false,פיירי נ.כלים משי ורד780מ,פרוקטר אנד גמבל,GB,פיירי נוזל כלים,מיליליטרים,780.00,"100 מ""ל",false,1,12.50,1.60,true,1,
8001090832450,false,"שמפו פנטן הנוסחה הקלאסית 660 מ""ל",פרוקטר אנד גמבל,RO,שמפו פנטן,מיליליטרים,660.00,"100 מ""ל",false,1,19.90,3.02,true,1,
8001090832535,false,"שמפו פנטן שמן מרוקאי משקם 660 מ""ל",פרוקטר אנד גמבל,RO,שמפו פנטן,מיליליטרים,660.00,"100 מ""ל",false,1,19.90,3.02,true,1,
8001090832573,false,"שמפו פנטן לחות מוגברת 660 מ""ל",פרוקטר אנד גמבל,RO,שמפו פנטן,מיליליטרים,660.00,"100 מ""ל",false,1,19.90,3.02,true,1,
8001090832610,false,"שמפו פנטן למגע רך כמשי 660 מ""ל",פרוקטר אנד גמבל,RO,שמפו פנטן,מיליליטרים,660.00,"100 מ""ל",false,1,19.90,3.02,true,1,
8001090832696,false,"פנטן שמפו לתלתלים מושלמים 660 מ""ל",מגוון פנטן ב 18.90,RO,שמפו פנטן,מיליליטרים,660.00,"100 מ""ל",false,1,19.90,3.02,true,1,
8001090832818,false,מרכך פנטן הנוסחה הקלאסית לשיער רגיל ומעורב,פרוקטר אנד גמבל,RO,מרכך פנטן,מיליליטרים,660.00,"100 מ""ל",false,1,19.90,3.02,true,1,
8001090832856,false,"פנטן 660 מ""ל קונדישינר מרוקאי משקם",פרוקטר אנד גמבל,RO,מרכך פנטן,מיליליטרים,660.00,"100 מ""ל",false,1,19.90,3.02,true,1,
8001090832894,false,מרכך לשיער חלש ופגום לחות מוגברת,פרוקטר אנד גמבל,RO,מרכך פנטן,מיליליטרים,660.00,"100 מ""ל",false,1,19.90,3.02,true,1,
8001090832931,false,"פנטן 660 מ""ל קונדישינר למגע רך כמשי",פרוקטר אנד גמבל,RO,מרכך פנטן,מיליליטרים,660.00,"100 מ""ל",false,1,19.90,3.02,true,1,
8001090832979,false,"פנטן 660 מ""ל קונדישינר לתלתלים מושלמים",פנטן שמפו ומרכך ב 17,RO,מרכך פנטן,מיליליטרים,660.00,"100 מ""ל",false,1,19.90,3.02,true,1,
8001090891273,false,לנור כדוריות בושם בניחוח סחלב 210 גרם,פרוקטר אנד גמבל,US,לנור מבשם כביסה,יחידה,1.00,יחידה,false,0,25.90,25.90,true,1,
8001090899071,false,אולוויז פלטינום נורמל + 12 יח תחבושות,דיפלומט,DE,תחבושות אולוויז,יחידה,1.00,יחידה,false,1,7.00,7.00,true,1,
8001090899194,false,תחבושות אולוויז פלטינום נורמל 24 יחידות,פרוקטר אנד גמבל,DE,תחבושות אולוויז,יחידה,1.00,יחידה,false,1,19.90,19.90,true,1,
8001090899224,false,תחבושות אולוויז פלטינום לונג 20 יחידות,פרוקטר אנד גמבל,DE,תחבושות אולוייז,יחידה,1.00,יחידה,false,1,19.90,19.90,true,1,
8001090899255,false,תחבושות אולוויז פלטינום לילה 16 יחידות,פרוקטר אנד גמבל,DE,תחבשות אולוויז,יחידה,1.00,יחידה,false,1,19.90,19.90,true,1,
8001090899286,false,אולוויז תחבושות פלטינום לילה בטוח 14 יח',פרוקטר אנד גמבל,UA,תחבושות אולוויז,יחידה,1.00,יחידה,false,1,19.90,19.90,true,1,
8001090992338,false,פיירי טבליות למדיח פלטינום פלוס 50 יחידו,פרוקטר אנד גמבל,BE,פיירי טב' למדיח,יחידה,1.00,יחידה,false,1,53.90,53.90,true,1,
8001505000184,false,מעדן אוכמניות אורגני 250 גר FIORDIFRUTT,אף.סי תבליני בגליל ב,IT,מ.אוכמניות אורגנ,גרמים,250.00,100 גרם,false,0,22.90,9.16,true,1,
8001505000313,false,ממרח אגוזי לוז אורגני 270 גרם NICCIOLATA,ריג'וני דה אסינו,IT,מ.אגוזי לוז,גרמים,270.00,100 גרם,false,0,22.90,8.48,true,1,
8001505001105,false,ממרח אגוזי לוז אורגני 270 גרם NICCIOLATA,ריג'\וני דה אסינו,IT,ממרח אגוזי לוז,גרמים,270.00,100 גרם,false,1,22.90,8.48,true,1,
8001620011935,false,"סן בנדטו- מים מינרלים מוגז - מארז שישיית 500 מ""ל",אקווה מינרלה סאן בנד,IT,סאן בנדטו 6 יח',ליטרים,3.00,ליטר,false,0,13.90,4.63,true,1,
8001620015629,false,"משקה פירות בטעם תפוז ותפוז אדום 400 מ""ל פרוטה",אקווה מינרלה סאן בנדטו ב,IT,פרוטה תפוז אדום,מיליליטרים,400.00,"100 מ""ל",false,1,7.30,1.83,true,1,
8001620015636,false,"משקה פירות פרוטה-מיקס פירות 400 מ""ל סאן בנדטו",אקווה מינרלה סאן בנדטו ב,IT,משקה פרוטה,מיליליטרים,400.00,"100 מ""ל",false,1,7.30,1.83,true,1,
8001620018408,false,"משקה פירות בטעם מנגו תפוח 400 מ""ל פרוטה",אקווה מינרלה סאן בנדטו ב,IT,פרוטה מנגו תפוח,מיליליטרים,400.00,"100 מ""ל",false,1,7.30,1.83,true,1,
8001620019160,false,"סן בנדטו מים מינרלים בטעם אפרסק 500 מ""ל",אקווה מינרלה סאן בנדטו ב,IT,סאן בנדטו אפרסק,מיליליטרים,400.00,"100 מ""ל",false,1,6.00,1.50,true,1,
8001620019177,false,"סן בנדטו מים מינרלים בטעם ענבים 500 מ""ל",אקווה מינרלה סאן בנדטו ב,IT,סאן סנדטו ענבים,מיליליטרים,400.00,"100 מ""ל",false,1,6.00,1.50,true,1,
8001800000483,false,פולי קפה ANTICA BOTTEGA זהב- 1 קג,קנדי חשמל ונכסים,,פולי קפה אנטיקה,יחידה,1.00,יחידה,false,0,149.90,149.90,true,1,
8001800001497,false,קפה טורקי איטלקי 125 גרם,קנדי חשמל ונכסים,IT,קפה טורקי איטלקי,גרמים,125.00,100 גרם,false,1,19.90,15.92,true,1,
8001841006710,false,לנור כדוריות הריח בניחוח רענן 210 גרם,פרוקטר אנד גמבל,GB,לנור מבשם כביסה,גרמים,210.00,100 גרם,false,1,25.90,12.33,true,1,
8001841006833,false,לנור כדוריות הבושם בניחוח אביבי 210 ג',פרוקטר אנד גמבל,GB,לנור מבשם כביסה,גרמים,210.00,100 גרם,false,1,25.90,12.33,true,1,
8001841062624,false,מארז מגבוני פמפרס ללא בישום - רביעייה,פרוקטר אנד גמבל.,DE,מגבוני פמפרס 4יח,יחידה,1.00,יחידה,false,1,19.90,19.90,true,1,
8001841077949,false,מארז מגבוני פמפרס בניחוח מרענן - רביעייה,פרוקטר אנד גמבל,DE,מגבוני פמפרס 4יח,יחידה,1.00,יחידה,false,1,19.90,19.90,true,1,
8001841104614,false,פמפרס פרימיום חיתולים שלב 1 א.נשיאה 26יח,פרוקטר אנד גמבל,US,פמפרס פרימיום אר,יחידה,1.00,יחידה,false,1,23.30,23.30,true,1,
8001841104799,false,פמפרס פרימיום קר חיתולים שלב 2 46 יח VP,פרוקטר אנד גמבל,TR,פמפרס,יחידה,1.00,יחידה,false,1,34.40,34.40,true,1,
8001841105093,false,פמפרס פרימיום קר חיתולים שלב 6 26 יח VP,פרוקטר אנד גמבל,US,פמפרס,יחידה,1.00,יחידה,false,1,34.40,34.40,true,1,
8001841137179,false,קונדישינר הד&שולדרס הנוסחה הקלאסית 275מל,פרוקטר אנד גמבל,RO,מרכך הד&שולדרס,מיליליטרים,275.00,"100 מ""ל",false,1,16.90,6.15,true,1,
8001841272757,false,אורל-בי משחת שיניים להלבנה פחם- לניקוי עמוק,פרוקטור אנד גמבל,DE,משחת אורל בי,מיליליטרים,75.00,"100 מ""ל",false,1,31.90,42.53,true,1,
8001841410524,false,שמפו הד&שולדרס קוקוס600מ,פרוקטר אנד גמבל,RO,שמפו הד&שולדרס,מיליליטרים,600.00,"100 מ""ל",false,1,23.90,3.98,true,1,
8001841461458,false,פמפרס בייבי דריי פנטס מידה 6 24 יח,פרוקטר אנד גמבל,US,פמפרס מכנסונים,יחידה,1.00,יחידה,false,1,40.90,40.90,true,1,
8001841500942,false,"הרבל אסנסס - שמפו ללא סולפטים אלוורה ובמבוק 380 מ""ל",הרבל אסנס Herbal Essences,FR,שמפו ללא סולפטים,מיליליטרים,380.00,"100 מ""ל",false,1,16.90,4.45,true,1,
8001841625188,false,סבון כלים פלטינום לימון X3 פעולות להסרת שומנים,פרוקטר אנד גמבל,GB,פיירי נוזל כלים,מיליליטרים,515.00,"100 מ""ל",false,1,10.90,2.12,true,1,
8001841625362,false,"נוזל כלים בניחוח לימון פלטינום 780 מ""ל פיירי",פרוקטר אנד גמבל,GB,פיירי נוזל כלים,מיליליטרים,780.00,"100 מ""ל",false,1,12.50,1.60,true,1,
8001841625461,false,סבון כלים פלטינום X3 פעולות להסרת שומנים,פרוקטר אנד גמבל,GB,פיירי נוזל כלים,מיליליטרים,515.00,"100 מ""ל",false,1,10.90,2.12,true,1,
8001841669465,false,קפסולות לכביסה אריאל בניחוח לנור 24 יחידות,פרוקטר אנד גמבל,FR,קפסולות גל כביסה,יחידה,1.00,יחידה,false,1,34.90,34.90,true,1,
8001841680989,false,מגן תחתון אולוויז מגה פק פרו פרש לארג' 60 יחי,פרוקטר אנד גמבל,DE,אולווייז מגנים,יחידה,1.00,יחידה,false,1,19.90,19.90,true,1,
8001841941929,false,אולוויז וליו פק לילה בטוח אקסטרא 16 יחידות,פרוקטר אנד גמבל,DE,אולוויז לילה,יחידה,1.00,יחידה,false,1,19.90,19.90,true,1,
8001841943961,false,לנור כדוריות בושם בניחוח אוקיינוס 210 גר,פרוקטר אנד גמבל,US,לנור מבשם כביסה,גרמים,210.00,100 גרם,false,1,25.90,12.33,true,1,
8001841960081,false,פיירי טבליות למדיח פלטינום הכל באחד - מארז 37 יח',פרוקטר אנד גמבל,,פיירי טב' למדיח,יחידה,1.00,יחידה,false,0,39.90,39.90,true,1,
8002110383709,false,נוטרוגינה ס.נורבגית ק.ידיים לא מבושם 50מל,גונסון אנד גונסון,FR,קרם ידיים,מיליליטרים,50.00,"100 מ""ל",false,0,24.90,49.80,true,1,
8002205319835,false,מזון לחתולים בוגרים בטעם סלמון פורינה ONE,נסטלה פורינה צרפת,FR,מזון לחתול בוגר,גרמים,800.00,100 גרם,false,1,34.90,4.36,true,1,
8002205319903,false,מזון לחתולים בוגרים בטעם עוף פורינה ONE,נסטלה פורינה צרפת,FR,ONE לחתול בוגר,גרמים,800.00,100 גרם,false,1,34.90,4.36,true,1,
8002450201008,false,"רספברי ספרקלטיני 750 מ""ל",איטליה בוסקה,IT,רספברי ספרקלטיני,מיליליטרים,750.00,"100 מ""ל",false,0,27.90,3.72,true,1,
8002450202005,false,ורדי ספרקלטיני אסאי Verdi acai Sparkletini,פארייפאבה אגרואינדוס,IL,ורדי אסאי,מיליליטרים,750.00,"100 מ""ל",false,0,27.90,3.72,true,1,
8002450205006,false,משקה כהלי מוגז ורדי,איטליה בוסקה,IT,ורדי תות שדה,מיליליטרים,750.00,"100 מ""ל",false,1,27.90,3.72,true,1,
8002450208007,false,ורדי גרין אפל ספרקלטיני,איטליה בוסקה,IT,ורדי גרין אפל,מיליליטרים,750.00,"100 מ""ל",false,0,27.90,3.72,true,1,
8003130129506,false,סאן קרלו חטיפי תפוחי אדמה פריכים CLASSIC,קנדי חשמל ונכסים,IT,חטיפי תפוח אדמה,גרמים,50.00,100 גרם,false,1,5.90,11.80,true,1,
8003130129544,false,סאן קרלו חטיפי תפוחי אדמה פריכ.CROCCANTE,קנדי חשמל ונכסים,IT,חטיפי תפוח אדמה,גרמים,50.00,100 גרם,false,1,5.90,11.80,true,1,
8003207997854,false,"יין פאבולינו קיאנטי 750 מ""ל",,IT,קיאנטי פאבולינו,מיליליטרים,750.00,"100 מ""ל",false,1,39.90,5.32,true,1,
8003440997710,false,מסטיק ביג באבול בטעם קולה לימון צ'ופה צ'ופס 27.6 גרם,מותגים,TR,מסטיק בטעם קולה,גרמים,27.00,100 גרם,false,1,3.50,12.96,true,1,
8003490044501,false,רוברטו-מקלות מיני גריסיני מלוחים 150 גר,רוברטו אידוסטריה,IT,מיני גריסיני,גרמים,150.00,100 גרם,false,1,9.90,6.60,true,1,
8003753158617,false,אילי קפסולות אספרסו לונגו קלאסיקו 10 יח' 57 גרם,ג'ייקובס דאו אגרבטס פר א,FR,קפסולות קפה אילי,גרמים,57.00,100 גרם,false,1,24.90,43.68,true,1,
8004030022010,false,ירקות גינה עם טונה ריו מרה אינסלטיסימי 160 ג',"בולטון אלימנטרי בע""\מ",IT,ירקות עם טונה,גרמים,160.00,100 גרם,false,1,15.00,9.38,true,1,
8004030026018,false,"מקסיקני עם טונה ריו מרה אינסלטיסימי, 160 ג'","בולטון אלימנטרי בע""\מ",IT,סלט עם טונה,גרמים,160.00,100 גרם,false,1,15.00,9.38,true,1,
8004030177000,false,טונה בשמן זית וצ'ילי ריו מרה מארז 80X3 גר',ריו מארה Rio Mare,IT,טונה ריו מרה 3יח,גרמים,240.00,100 גרם,false,1,26.90,11.21,true,1,
8004030845046,false,טונה עם ירקות בתוספת עם אורז ריו מרה אינסלטיסימי 160 ג',בולטון אלימנטרי,IT,סלט אורז עם טונה,גרמים,160.00,100 גרם,false,1,15.00,9.38,true,1,
8004030860001,false,ירקות עם קוקוס וטונה ריו מרה אינסלטיסימי 160 ג',"בולטון אלימנטרי בע""\מ",IT,קוסקוס עם טונה,גרמים,160.00,100 גרם,false,1,15.00,9.38,true,1,
8004123004893,false,"שמן מתובל בטעם פטריות כמהין 250 מ""ל",באסו פדלה,IT,שמן בטעם כמהין,מיליליטרים,250.00,"100 מ""ל",false,1,27.90,11.16,true,1,
8004690050620,false,L.M פסטה איטלקית לינגוויני 500 גרם,לה מוליזנה קמפובאסן,IT,פסטה לה מוליזנה,גרמים,500.00,100 גרם,false,1,7.90,1.58,true,1,
8004690051573,false,ספגטי לה מוליזנה 500 גרם,לה מוליזנה קמפובאסן,IT,ספגטי לה מוליזנה,גרמים,500.00,100 גרם,false,1,7.90,1.58,true,1,
8004690052044,false,פסטה לאמוליזנה פנה ז,לה מוליזנה קמפובאסן,IT,פנה ריגטה,גרמים,500.00,100 גרם,false,1,7.90,1.58,true,1,
8004690052846,false,L.M פסטה איטלקית פוזילי 500 גרם,לה מוליסנה,IT,פסטה פוזילי,גרמים,500.00,100 גרם,false,1,7.90,1.58,true,1,
8004690057308,false,L.M פסטה איטלקית רדיאטורי 500 גרם,לה מוליסנה,IT,פסטה רדיאטורי,גרמים,500.00,100 גרם,false,1,7.90,1.58,true,1,
8004690106600,false,L.M פסטה איטלקית פרפאלה 500 גרם,לה מוליזנה קמפובאסן,IT,פסטה לה מוליזנה,גרמים,500.00,100 גרם,false,0,7.90,1.58,true,1,
8004708046386,false,כורכום במטחנה ארומה דה טוסקנה 52 גרם,דרגוריה אלמנטריה,IT,כורכום במטחנה,גרמים,52.00,100 גרם,false,1,12.80,24.62,true,1,
8004708048779,false,מלח ורוד במטחנה 190 גרם,דרוגיה ואלימנטרי אס.אר.א,IT,מלח ורוד במטחנה,גרמים,190.00,100 גרם,false,1,29.90,15.74,true,1,
8004800000071,false,לאגו פלאסיר- גלילי ופל במילוי קרם אגוזי לוז שוקולד חלב - 100 ג',לגו גרופ ס.פ.א.,IT,גלילי וופל לאגו,גרמים,100.00,100 גרם,false,1,12.90,12.90,true,1,
8004800004802,false,לאגו פלאסיר גליליוופל קרם דומדמניות 100 גרם,לגו גרופ ס.פ.א.,IT,גלילי וופל לאגו,גרמים,100.00,100 גרם,false,1,12.90,12.90,true,1,
8004800004826,false,לאגו פלאסיר - וופלים במילוי קרם קוקוס שוקולד מריר - 98ג,לגו גרופ ס.פ.א.,IT,וופלים במילוי,גרמים,98.00,100 גרם,false,1,12.90,13.16,true,1,
8004800005502,false,וופל מיני רול גלילי ופל במילוי קרם קקאו- 125 ג' לאגו,לגו גרופ ס.פ.א.,IT,גלילי וופל מיני,גרמים,125.00,100 גרם,false,1,8.90,7.12,true,1,
8004800005519,false,וופל רול גלילי במילוי קרם אגוזי לוז- 125 ג' לאגו,לגו גרופ ס.פ.א.,IT,גלילי וופל מיני,גרמים,125.00,100 גרם,false,1,8.90,7.12,true,1,
8004800005526,false,וופל מיני רול גלילי ופל במילוי קרם קוקוס- 125 ג' לאגו,לגו גרופ ס.פ.א.,IT,גלילי וופל מיני,גרמים,125.00,100 גרם,false,1,8.90,7.12,true,1,
8005110000416,false,עגבניות חתוכ.במיץ 300*2ג,מוטי אס.פי.אי,IT,עגבניות חתוכות2*,גרמים,600.00,100 גרם,false,1,12.90,2.15,true,1,
8005110001772,false,רוטב פסטה עגב.פיצוטלו400,מוטי אס.פי.אי,IT,רוטב לפסטה,גרמים,400.00,100 גרם,false,1,12.90,3.23,true,1,
8005110002243,false,רכז עגבניות Doppio Concentr בשפופרת 185 ג' MUTTI,"איי, בי, אינבוו",IT,תרכיז עגבניות,גרמים,185.00,100 גרם,false,1,7.50,4.05,true,1,
8005110002533,false,רוטב פסטה עגבנ.דטרינ400,מוטי אס.פי.אי,IT,רוטב לפסטה,גרמים,400.00,100 גרם,false,1,12.90,3.23,false,1,
8005110002557,false,רוטב מעגבנ.רומא לפסטה400,מוטי אס.פי.אי,IT,רוטב לפסטה,גרמים,400.00,100 גרם,false,1,12.90,3.23,false,1,
8005110060007,false,עגבניות מקולפות 400 גרם MUTTI,,IT,עגבניות מקולפות,גרמים,400.00,100 גרם,false,0,6.70,1.68,true,1,
8005110171215,false,עגבניות חתוכות 690 POLPAPEZZI ג' (כחול) MUTTI,"איי, בי, אינבוו",IT,עגבניות חתוכות,גרמים,690.00,100 גרם,false,0,14.90,2.16,true,1,
8005110191015,false,רסק עגבניות ובזיליקום MUTTI{ירוק } 700 גרם,"איי, בי, אינבוו",IT,מחית עגבניות קלה,גרמים,700.00,100 גרם,false,0,12.90,1.84,true,1,
8005110200014,false,רסק עגבניות 210 ג' CONCENTRATO MUTTI,"איי, בי, אינבוו",IT,רכז עגבניות,גרמים,210.00,100 גרם,false,0,6.50,3.10,true,1,
8005110551253,false,רוטב לפיצה להכנת פיצה איטלקית קלאסית,"איי, בי, אינבוו",IT,רוטב לפיצה,גרמים,400.00,100 גרם,false,1,8.90,2.23,true,1,
8005200256587,false,נסטי - תה קר בטעם אפרסק 1.5 ליטר,מפעל סאנפלגרינו S.P.A,IT,נסטי בטעם אפר,ליטרים,1.50,ליטר,false,0,8.90,5.93,true,1,
8005200316588,false,תה קר דיאט בטעם אפרסק נסטי 1.5 ליטר,מפעל סאנפלגרינו s.p.a,IT,נסטי דיאט אפר,ליטרים,1.50,ליטר,false,0,8.90,5.93,true,1,
8005852613509,false,שזיר טונה עם פפאיה 75גרם,,TH,שזיר טונה עם פפא,גרמים,75.00,100 גרם,false,0,6.00,8.00,true,1,
8005852750013,false,מעדן טונה לחתול 85 גרם,,TH,שזיר מעדן טונה,גרמים,85.00,100 גרם,false,0,6.00,7.06,true,1,
8005852750549,false,שזיר לחתול בקר ועוף 85גר,,TH,שזיר בקר ועוף,גרמים,85.00,100 גרם,false,0,6.00,7.06,true,1,
8006227000733,false,סמנצאטו-טראמציני ח.מלאה 250 גרם,רו. מאר ס.ר.ל,IT,לחם ללא קשה,גרמים,250.00,100 גרם,false,1,16.90,6.76,true,1,
8006227001389,false,סמנצאטו – לחם מחמצת עם שמן זית ללא קשה 1400 גרם,רו. מאר ס.ר.ל,IT,לחם ללא קשה,גרמים,400.00,100 גרם,false,1,18.90,4.73,true,1,
8006227270945,false,סמנצאטו-טראמציני לבן 250 גרם,רו. מאר ס.ר.ל,IT,לחם ללא קשה,גרמים,250.00,100 גרם,false,1,16.90,6.76,true,1,
8006540091937,false,לנור כדוריות הבושם בניחוח אריאל 210 גרם,פטר קרמר עבור פרוקטור אנ,GB,לנור מבשם כביסה,גרמים,210.00,100 גרם,false,1,25.90,12.33,true,1,
8006540110317,false,שמפו מינרלס ביוטין + במבוק לשיער חזק וארוך,פרוקטר אנד גמבל,RO,פנטן מיראקלס,גרמים,400.00,100 גרם,false,1,18.90,4.73,true,1,
8006540112793,false,"לנור מרכך כביסה מרוכז בניחוח יסמין 900 מ""ל",פרוקטר אנד גמבל,US,לנור מרכך מרוכז,מיליליטרים,900.00,"100 מ""ל",false,1,15.90,1.77,true,1,
8006540112823,false,"לנור מרכך כביסה מרוכז בניחוח האוקיינוס 900 מ""ל",פרוקטר אנד גמבל,US,לנור מרכך מרוכז,מיליליטרים,900.00,"100 מ""ל",false,1,15.90,1.77,true,1,
8006540112854,false,"לנור מרכך כביסה מרוכז בניחוח סחלב 900 מ""ל",פרוקטר אנד גמבל,US,לנור מרכך מרוכז,מיליליטרים,900.00,"100 מ""ל",false,1,15.90,1.77,true,1,
8006540221068,false,מגן תחתון אלוויז וליופק לונג פלוס 40 יחי',פרוקטר & גמבל,DE,מגן תחתון אולווי,יחידה,1.00,יחידה,false,1,17.90,17.90,true,1,
8006540221341,false,אולוויז מגן תחתון וליופק לארג' 48 יחידות,,DE,מגן תחתון אולווי,יחידה,1.00,יחידה,false,1,17.90,17.90,true,1,
8006540221464,false,מגן תחתון אולוויז וליופק נורמל 56 יחידות,,DE,מגן תחתון אולווי,יחידה,1.00,יחידה,false,1,17.90,17.90,true,1,
8006540222089,false,פמפרס מגבונים היגיינים לתינוקות וילדים TO GO 40 יח',פרוקטור אנד גמבל,ES,מגבוני פמפרס,יחידה,1.00,יחידה,false,1,6.90,6.90,true,1,
8006540352960,false,טמפונים טמפקס פרל רגולר 20 יחידות,פרוקטר אנד גמבל,HU,טמפקס,יחידה,1.00,יחידה,false,1,20.90,20.90,true,1,
8006540353004,false,טמפקס פרל סופר 18 יחידות חדש,פרוקטר אנד גמבל,HU,טמפקס,יחידה,1.00,יחידה,false,1,20.90,20.90,true,1,
8006540358498,false,טמפקס פרל סופר-פלוס 18 יחידות חדש,פרוקטר אנד גמבל,HU,טמפקס,יחידה,1.00,יחידה,false,1,20.90,20.90,true,1,
8006540385029,false,הד&שולדרס MEN שמפו ומרכך 2ב-1 אולטרא 540,URLATI GAMBLE & PROCTER,RO,הד&שולדרס מן 2ב1,מיליליטרים,540.00,"100 מ""ל",false,1,23.90,4.43,true,1,
8006540385067,false,הד&שולדרס MEN שמפו אולטרא ספורט מרענן540,URLATI GAMBLE & PROCTER,RO,ה&ש שמפו מן,מיליליטרים,540.00,"100 מ""ל",false,1,23.90,4.43,true,1,
8006540404850,false,דיסקריט תחבושות לבריחת שתן לונג 10 יח,פרוקטר & גמבל,DE,דיסקריט תחבושות,יחידה,1.00,יחידה,false,1,15.00,15.00,true,1,
8006540405031,false,דיסקריט תחבושות לבריחת שתן סמול פלוס 16,פרוקטר & גמבל,DE,דיסקריט תחבושות,יחידה,1.00,יחידה,false,1,15.00,15.00,true,1,
8006540406793,false,פמפרס בייבי דריי פנטס מידה 6 34 יח,דיפלומט,PL,פמפרס מכנסונים,יחידה,1.00,יחידה,false,1,56.90,56.90,true,1,
8006540410905,false,הד&שולדרס 7 יתרונות ב-1 עמידות השיער 450,S BLOIS GAMBLE & PROCTER,FR,ה&ש שמפו 7 ב1-,מיליליטרים,450.00,"100 מ""ל",false,1,23.90,5.31,true,1,
8006540410967,false,הד&שולדרס 7 יתרונות ב-1 רב פעולות 450,S BLOIS GAMBLE & PROCTER,FR,הד&שולדרס שמפו,גרמים,450.00,100 גרם,false,1,23.90,5.31,true,1,
8006540429327,false,פיירי מקס פאוור לימון עם מנגנון למניעת נזילות,פרוקטר אנד גמבל,CZ,פיירי לימון,מיליליטרים,440.00,"100 מ""ל",false,1,10.90,2.48,true,1,
8006540463550,false,פיירי טבליות למדיח פלטינום 63 יחידות,פרוקטר אנד גמבל,BE,פיירי טבליות,יחידה,1.00,יחידה,false,1,53.90,53.90,true,1,
8006540491539,false,"נוזל כלים פיירי פלטינום אוריגינל 780 מ""ל",פרוקטר אנד גמבל,GB,פיירי פלטינום,מיליליטרים,780.00,"100 מ""ל",false,1,12.50,1.60,true,1,
8006540495186,false,לנור מרכך כביסה מרוכז רגיש בייבי 900 מל,פרוקטר אנד גמבל,FR,מרכך כביסה בייבי,מיליליטרים,900.00,"100 מ""ל",false,1,15.90,1.77,true,1,
8006540495216,false,"לנור מרכך כביסה מרוכז בניחוח אמאטיסט 900 מ""ל",פרוקטר אנד גמבל,FR,מרכך כביסה לנור,מיליליטרים,900.00,"100 מ""ל",false,1,15.90,1.77,true,1,
8006540495247,false,"לנור מרכך כביסה מרוכז בניחוח פרחי בר 900 מ""ל",פרוקטר אנד גמבל,FR,מרכך כביסה לנור,מיליליטרים,900.00,"100 מ""ל",false,1,15.90,1.77,true,1,
8007178223547,false,קרם מצומצם עם חומץ בלסמי ממודנה,פארייפאבה אגרואינדוס,IT,קרם בלסמי מצומצם,מיליליטרים,250.00,"100 מ""ל",false,1,24.90,9.96,true,1,
8008245004847,false,ממרח אגוזי לוז וקקאו מובנפיק 300 גרם,נאטקו,IT,ממרח אגוזי לוז,גרמים,300.00,100 גרם,false,1,14.90,4.97,true,1,
8008343200035,false,פסטה רומו ספגטי 500 גרם,רומו Rummo,IT,פסטה רומו,גרמים,500.00,100 גרם,false,1,8.90,1.78,true,1,
8008343200134,false,פסטה רומו לינגוינה 500גר,רומו Rummo,IT,פסטה רומו,גרמים,500.00,100 גרם,false,1,8.90,1.78,true,1,
8008343200424,false,פסטה קונקילי ריגטה Conchiglie rigate,רומו Rummo,IT,פסטה רומו,גרמים,500.00,100 גרם,false,1,8.90,1.78,true,1,
8008343200486,false,פסטה רומו פוזילי 500 גרם,רומו Rummo,IT,פסטה רומו,גרמים,500.00,100 גרם,false,1,8.90,1.78,true,1,
8008343200660,false,פסטה רומו פנה ריגטה500גר,רומו Rummo,IT,פסטה רומו,גרמים,500.00,100 גרם,false,1,8.90,1.78,true,1,
8008343200851,false,פסטה רומו פרפלה 500 גרם,רומו Rummo,IT,פסטה רומו,גרמים,500.00,100 גרם,false,1,8.90,1.78,true,1,
8008343201377,false,פסטה רומו רדיאטורי 500גר,רומו Rummo,IT,פסטה רומו,גרמים,500.00,100 גרם,false,1,8.90,1.78,true,1,
8008440522016,false,"שישיית בירה פרוני 6*330 מ""ל",פרונרי,IT,בירה פרוני 6 יח,ליטרים,1.98,ליטר,false,1,39.90,20.15,true,1,
8008660210021,false,מעדן ריבה מנץ אנד גאססר דובדבן 300 גר,שוורצקוף& הנקל דיסלד,IT,מעדן דובדבן,גרמים,300.00,100 גרם,false,1,16.90,5.63,true,1,
8008660210038,false,מעדן ריבה מנץ אנד גאססר תות שדה 300 גר,קריניציה ויטמינה אס,IT,מעדן תות שדה,גרמים,300.00,100 גרם,false,1,16.90,5.63,true,1,
8008660210045,false,מעדן פירות יער מנז אנד גאסר ויסוצקי 300 גרם,שוורצקוף& הנקל דיסלד,IT,מעדן פירות יער,גרמים,300.00,100 גרם,false,1,16.90,5.63,true,1,
8008660210052,false,מעדן פרי תפוז מנז אנד גאסר ויסוצקי 320 גרם,מנז אנד גאסר Menz&Gasser,IT,מעדן תפוז,גרמים,320.00,100 גרם,false,1,16.90,5.28,true,1,
8008698003503,false,עוגיות שיבולת שועל עם צימוקים 250 גר,"דר שר ס.ר.ל פוסטל, א",IT,קרקר מלבני שר,גרמים,210.00,100 גרם,false,0,28.90,13.76,true,1,
8008698004548,false,ביסקוויט בציפוי שוקולד חלב ללא גלוטן,"ד""ר שר ס.ר.ל",DE,ביסקוויט מצופה,גרמים,150.00,100 גרם,false,1,19.90,13.27,true,1,
8008698004852,false,תערובת קמחים לאפיית עוגות ללא גלוטן 1קג,"ד""ר שר ס.ר.ל",IT,תערובת למאפים,קילוגרמים,1.00,"ק""ג",false,0,30.90,30.90,true,1,
8008698005231,false,עוגיות סנדוויץ בטעם שוקולד ממולאות קרם חלב ללא גלוט,שר Schar,IT,עוגיות סנדוויץ,גרמים,165.00,100 גרם,false,1,19.90,12.06,true,1,
8008698008157,false,שר עוגיות שוקולד במילוי קרם שמנת ללא גלוטן 100 גר',דר שר ס.ר.ל פוסטל,IT,עוגיות ממולאות,גרמים,100.00,100 גרם,false,0,11.90,11.90,true,1,
8008698010358,false,"תערובת קמחים לאפייה כללית 500 גרם לל""ג","ד""ר שר ס.ר.ל",IT,תערובת קמחים,גרמים,500.00,100 גרם,false,1,14.90,2.98,true,1,
8008698024065,false,פאן בלנקו-לחם ללא גלוטן 250 גרם,schar,IT,פאן בלנקו פרוס,גרמים,250.00,100 גרם,false,1,17.90,7.16,true,1,
8008698024188,false,פאן רוסטיקו-לחם ללא גלוטן 250 גרם,schar,IT,פאן רוסטיקו פרוס,גרמים,250.00,100 גרם,false,1,17.90,7.16,true,1,
8008698054109,false,מילוי גריס - ממרח אגוזי לוז עם קקאו בתוספות מקלות 52 גרם,"ד""ר שר ס.ר.ל",IT,ממרח אגוזי לוז,גרמים,52.00,100 גרם,false,1,12.90,24.81,true,1,
8010024006010,false,השקד – 100% חמאת שקדים 350 גרם,תות תעשיות מזון (201,IT,חמאת שקדים100%,גרמים,350.00,100 גרם,false,1,43.90,12.54,true,1,
8010445003308,false,שמן זית כתית מעולה 750 מ,CLEMENTE OLEARIA,IT,שמן זית קלמנטה,גרמים,750.00,100 גרם,false,0,34.90,4.65,true,1,
8011033011279,false,קוסקוס אמיתי 1 קג מר,אמירה,IT,קוסקוס מרקש,קילוגרמים,1.00,"ק""ג",false,0,9.90,9.90,true,1,
8014515330059,false,עגבניות שלמות מקולפות400,שופרסל-ייבוא,IT,עגבניות שלמות,גרמים,400.00,100 גרם,false,0,5.90,1.48,true,1,
8014515330196,false,עגבניות מרוסקות 400 גרם,אמיליאנה קונסרב סוסייטה,IT,עגבניות מרוסקות,גרמים,400.00,100 גרם,false,1,5.90,1.48,true,1,
8014515330738,false,קוביות עגבניות פומו400גר,שופרסל-ייבוא,IT,קוביות עגבניות,גרמים,400.00,100 גרם,false,0,5.90,1.48,true,1,
8014601026354,false,"קמח ""00"" איטלקי לפיצה שף אדום 1 ק""ג",אנטימו קפוטו אס.אר.אל,IT,קמח פיצה שף,קילוגרמים,1.00,"ק""ג",false,1,12.90,12.90,true,1,
8014601028747,false,קמח 00 איטלקי כחול 1 קג CAPUTO,אנטימו קפוטו אס.אר.אל,IT,קמח אקסטרה,קילוגרמים,1.00,"ק""ג",false,1,11.90,11.90,true,1,
8017938005122,false,"נטורפוד חומץ תפוחים אורגני 750 מ""ל",מריה לוצ'יה מלצ'יורי,IT,ח. תפוחים אורגני,מיליליטרים,750.00,"100 מ""ל",false,0,16.90,2.26,true,1,
8017938005764,false,נטורפוד-מיץ תפוחים 100% אורגני 1 ליטר,לוצ'ה מריה,IT,מיץ תפוחים,ליטרים,1.00,ליטר,false,0,20.00,20.00,true,1,
8024985000116,false,מחית תפוח אוכמ 100% פרי 200 ג נטורה נובה,"נטורפוד בע""מ",IT,מחית תפוח אוכמני,גרמים,200.00,100 גרם,false,0,9.90,4.95,true,1,
8024985002943,false,סמוזי נטורה נובה תפוח אננס קוקוס 100 גרם,נטורה נובה,IT,סמוזי אננס קוקוס,גרמים,100.00,100 גרם,false,1,5.90,5.90,true,1,
8024985002950,false,נטורה נובה-סמוזי שזיף אורגני 100 גרם,נטורה נובה,IT,סמוזי שזיף,גרמים,100.00,100 גרם,false,1,5.90,5.90,true,1,
8024985005234,false,נטורה נובה סמוזי תפוח אפרסק מנגו 100 גרם,נטורה נובה,IT,סמוזי תפוח אפרסק,גרמים,100.00,100 גרם,false,1,5.90,5.90,true,1,
8024985008037,false,סמוזי נטורה נובה סמוצי תפוח 100 גרם,"נטורפוד בע""מ",IT,סמוזי תפוח,גרמים,100.00,100 גרם,false,0,5.90,5.90,true,1,
8024985008044,false,נטורה משקה סמודי אגסים אורגני 100 גר,"נטורפוד בע""מ",IT,סמוזי אגס,גרמים,100.00,100 גרם,false,0,5.90,5.90,true,1,
8024985008051,false,נטורה סמודי פירות אדומים אורגניים 100מל,"נטורפוד בע""מ",IT,סמוזי פירות אדום,גרמים,100.00,100 גרם,false,0,5.90,5.90,true,1,
8024985011204,false,נטורה נובה-סמוזי תפוח תות בננה 100 גרם,נטורה נובה,IT,סמוזי תפוח,גרמים,100.00,100 גרם,false,1,5.90,5.90,true,1,
8032793342458,false,עגבניות מרוסקות דק ומסוננות בבקבוק 700 ג,קונסוריזיו קאסאלסקו דל פ,IT,עגבניות מרוסקות,גרמים,700.00,100 גרם,false,1,11.90,1.70,true,1,
8032793344292,false,עגבניות חתוכות דק בבקבוק 700ג,קונסוריזיו קאסאלסקו דל פ,IT,עגבניות חתוכות,גרמים,700.00,100 גרם,false,1,11.90,1.70,true,1,
8032804430471,false,פליסיה קופסא - סדניני עדשים אדומות 250 גרם,אף.סי תבליני בגליל ב,IT,פסטה עדשים,גרמים,250.00,100 גרם,false,1,12.90,5.16,true,1,
8032804430501,false,פליסיה פסטה פוזילי אפונה אורגני 250 גרם,אף.סי תבליני בגליל ב,IT,פסטה אפונה,גרמים,250.00,100 גרם,false,1,12.90,5.16,true,1,
8032804432024,false,דפי לזניה אורז-תירס אורגנית ללא גלוטן,מולינו אנדריאני,IT,לזניה אורז מלא,גרמים,250.00,100 גרם,false,1,17.90,7.16,true,1,
8032880800243,false,פיקניק הפתעה - אגוזי לוז ומקלות אפויים,"הוסטה איטליה, ס.ר.ל.",IT,פיקניק הפתעה,גרמים,50.00,100 גרם,false,0,7.90,15.80,true,1,
8033275522368,false,"יין מונטרו קיאנטי, 750 מ""ל י מונטרו",סרסטר,IT,מונטרו קיאנטי,מיליליטרים,750.00,"100 מ""ל",false,1,59.90,7.99,true,1,
8033413430708,false,ליקר למונצ'ילו וילה מסה,וילה מאסה,DE,לימונצ'לו,מיליליטרים,700.00,"100 מ""ל",false,1,109.90,15.70,true,1,
8056040250068,false,טרה די סטה קיאנטי 750 מל,טרה די סטה,,טרה די סטה קיאנט,יחידה,1.00,יחידה,false,0,64.60,64.60,true,1,
8076800195019,false,ברילה - צ.א ספגטי מס1 קפליני 500 גרם,ברילה גי.אי.אר פרטלי ס.פ,IT,ספגטי ברילה,גרמים,500.00,100 גרם,false,0,6.90,1.38,true,1,
8076800195033,false,ברילה - צ.א ספגטיני מס3 חדש 500 גרם,ברילה גי.אי.אר פרטלי ס.פ,IT,ספגטיני מס' 3,גרמים,500.00,100 גרם,false,0,6.90,1.38,true,1,
8076800195057,false,ברילה - צ.א ספגטי מס5 חדש 500 גרם,ברילה גי.אי.אר פרטלי ס.פ,IT,ספגטי מס 5 ברילה,גרמים,500.00,100 גרם,false,0,6.90,1.38,true,1,
8076800195132,false,ברילה - צ.א בבטה מס13 500 גרם,ברילה גי.אי.אר פרטלי ס.פ,IT,אטריות בבטה,גרמים,500.00,100 גרם,false,0,6.90,1.38,true,1,
8076800315097,false,פסטה מקרוני בוקטיני מספר 9 ברילה 500 גרם,ברילה גי.אי.אר פרטלי ס.פ,IT,ספגטי בוקטיני,גרמים,500.00,100 גרם,false,0,6.90,1.38,true,1,
8076802085738,false,ברילה - צ.ק פנה רגטה חדש 500 גרם,ברילה גי.אי.אר פרטלי ס.פ,IT,פנה ריגטה ברילה,גרמים,500.00,100 גרם,false,0,6.90,1.38,true,1,
8076802085837,false,ברילה - צ.ק טורטליוני מס83 500 גרם,הנסיך- מפעל לייצור ט,IT,פסטה טורטיליוני,גרמים,500.00,100 גרם,false,1,6.90,1.38,true,1,
8076802085936,false,ברילה פסטה צ.ק. קונצילה ריגטה חדש,ברילה גי.אי.אר פרטלי ס.פ,IT,קונצ'יליה,גרמים,500.00,100 גרם,false,0,6.90,1.38,true,1,
8076802085981,false,ברילה - צ.ק פוזילי חדש 500 גרם,ברילה גי.אי.אר פרטלי ס.פ,IT,פוזילי ברילה,גרמים,500.00,100 גרם,false,0,6.90,1.38,true,1,
8076808050440,false,פסטה מקרוני מספר 44 ברילה 500 גרם,ברילה Barilla,IT,מקרוני ברילה,גרמים,500.00,100 גרם,false,0,6.90,1.38,true,1,
8076808060654,false,פסטה פרפלה מספר 65 ברילה 500 גרם,ברילה גי.אי.אר פרטלי ס.פ,IT,פסטה פרפלה ברילה,גרמים,500.00,100 גרם,false,0,6.90,1.38,true,1,
8076808150072,false,ברילה - צ.א ספגטוני מס7 חדש 500 גרם,ברילה גי.אי.אר פרטלי ס.פ,IT,ספגטי ברילה,גרמים,500.00,100 גרם,false,0,6.90,1.38,true,1,
8076809512268,false,פסטה גירנדולה טורסדס מספר 34 ברילה 500 גרם,ברילה גי.אי.אר פרטלי ס.פ,IT,פסטה גירנדולה,גרמים,500.00,100 גרם,false,0,6.90,1.38,true,1,
8076809513388,false,רוטב לפסטה ארביאטה ברילה 400 גרם,ברילה גי.אי.אר פרטלי ס.פ,IT,רוטב לפסטה,גרמים,400.00,100 גרם,false,0,14.90,3.73,true,1,
8076809513395,false,ברילה פומודורו רוטב עגבניות קלאסי 400 גר,ברילה גי.אי.אר פרטלי ס.פ,IT,רוטב עגבניות,גרמים,400.00,100 גרם,false,0,14.90,3.73,true,1,
8076809513654,false,בסיס רוטב עגבניות לבולונז ברילה 400 גרם,ברילה גי.אי.אר פרטלי ס.פ,IT,בסיס לרוטב,גרמים,400.00,100 גרם,false,0,14.90,3.73,true,1,
8076809513692,false,רוטב עגבניות נפולטנה בתוספת ירקות,ברילה גי.אי.אר פרטלי ס.פ,IT,רוטב לפסטה,גרמים,400.00,100 גרם,false,0,14.90,3.73,true,1,
8076809513739,false,ברילה רוטב עגבניות עם בזיליקום 400 גרם,ברילה גי.אי.אר פרטלי ס.פ,IT,רוטב בזיליקום,גרמים,400.00,100 גרם,false,0,14.90,3.73,true,1,
8076809523561,false,ברילה - רוטב פסטה בטעם טוסקנה 400 גרם,ברילה גי.אי.אר פרטלי ס.פ,IT,רוטב עגבניות,גרמים,400.00,100 גרם,false,0,14.90,3.73,true,1,
8076809523738,false,דפי לזניה ברילה 500 גרם,ברילה גי.אי.אר פרטלי ס.פ,IT,לזניה ברילה,גרמים,500.00,100 גרם,false,0,21.70,4.34,true,1,
8076809545440,false,ברילה איטריות ללא גלוטן 400 גר,ברילה ג'.אי.אר פרטלי,IT,אטריות ללא גלוטן,גרמים,400.00,100 גרם,false,1,14.90,3.73,true,1,
8076809545457,false,ברילה אטריות ללא גלוטן 400 ג' צינורות 400 ג',ברילה ג'.אי.אר פרטלי,IT,ברילה צינורות,גרמים,400.00,100 גרם,false,1,14.90,3.73,true,1,
8076809545464,false,ברילה פסטה ללא גלוטן צורת ספירלי 400 גר,מולינו אנדריאני אס.א,IT,ספירלי ברילה,גרמים,400.00,100 גרם,false,1,14.90,3.73,true,1,
8076809547956,false,ברילה - צ.ק קיפרי 500 גרם,ברילה ג'.אי.אר פרטלי,IT,ברילה קיפרי,גרמים,500.00,100 גרם,false,1,6.90,1.38,true,1,
8076809578998,false,ברילה - צ.ק. סטלינה 500 גרם,ברילה גי. אי. אר פרטלי ס,IT,ברילה צ.ק סטלינה,גרמים,500.00,100 גרם,false,1,6.90,1.38,true,1,
8121300206946,false,ממתיק סיטיביה טרוביה 80 שקיות אישיות,הרתסייד פוד,US,ממתיק טרוביה,גרמים,80.00,100 גרם,false,1,9.90,12.38,true,1,
8410076600622,false,חטיפי גרנולה קראנצ'י עם שוקולד מריר נייצ'ר ואלי 210 גרם,ג'נרל מילס סאן אדריאן,ES,נייצר וואלי שוקו,גרמים,210.00,100 גרם,false,0,19.90,9.48,true,1,
8410076610379,false,"חטיף בוטנים, חלבון סויה ושוקולד מריר עם ציפוי בטעם שוקולד",נייצ'ר ואלי Nature Valley,ES,נייטשר וואלי,גרמים,160.00,100 גרם,false,1,24.90,15.56,true,1,
8410076610492,false,חטיף שיבולת שועל מלאה ובוטנים בציפוי עם חמאת בוטנים,יבואן ומשווק: ש. שסט,GB,חטיפי צ'ואי 5 יח,גרמים,150.00,100 גרם,false,1,19.90,13.27,true,1,
8410076610508,false,"חטיף שיבולת שועל מלאה עם בוטנים, שקדים ושוקולד מריר בציפוי בטעם שוקולד",נייצ'ר ואלי Nature Valley,GB,חטיפי צ'ואי 5 יח,גרמים,150.00,100 גרם,false,1,19.90,13.27,true,1,
8410076621009,false,עוגות אישיות בטעם קרמל עם חתיכות בטעם קרמל מלוח,"גלאטס סירו בע""\מ",ES,חטיפי פייבר 1,גרמים,120.00,100 גרם,false,1,14.90,12.42,true,1,
8410076621047,false,עוגות אישיות בטעם שוקולד עם חתיכות בטעם שוקולד,"גלאטס סירו בע""\מ",ES,חטיפי פייבר 1,גרמים,120.00,100 גרם,false,1,14.90,12.42,true,1,
8410104044916,false,פיניש אבקה למדיח 2.7 לימון,רקיט בנקיזר,PL,פיניש אבקה למדיח,קילוגרמים,2.70,"ק""ג",false,0,42.90,15.89,true,1,
8410104045111,false,"פיניש מלח למדיח כלים 2ק""ג",רקיט בנקיזר,IL,מלח למדיח,קילוגרמים,2.00,"ק""ג",false,0,14.90,7.45,true,1,
8410104511340,false,ויט רצועות שעווה מוכנות לעור יבש 12 יחידות,רקיט בנקיזר צרפת,FR,רצועות שעווה ויט,יחידה,1.00,יחידה,false,0,19.90,19.90,true,1,
8410128783587,false,ויוה סוי שיבולת שועל בריסטה קרטונית,קלידאד פסקואל,ES,משקה שיבולת,ליטרים,1.00,ליטר,false,1,11.90,11.90,true,1,
8410179000411,false,שמן צמחי E+Dויטמין 1ל,PONTU BORGES ACEITES,ES,שמן צמחי מועשר,ליטרים,1.00,ליטר,false,1,14.90,14.90,true,1,
8410179010809,false,שמן קנולה בורחס 1 ליטר,בורחס,ES,שמן קנולה,ליטרים,1.00,ליטר,false,1,13.90,13.90,true,1,
8410179014814,false,שמן צמחיE+ויטמין 1ליטר,PONTU BORGES ACEITES,ES,שמן צמחי מועשר,ליטרים,1.00,ליטר,false,1,14.90,14.90,true,1,
8410179014821,false,שמן קנולה + E ויטמין 1ל,PONTU BORGES ACEITES,ES,שמן קנולה,ליטרים,1.00,ליטר,false,1,14.90,14.90,true,1,
8410179018027,false,שמן קנולה מועשר 1 ליטר,FOO BRANDED BORGES,ES,שמן קנולה מועשר,ליטרים,1.00,ליטר,false,1,14.90,14.90,true,1,
8410179018034,false,שמן חמניות מועשר 1 ליטר,FOO BRANDED BORGES,ES,שמן חמניות,ליטרים,1.00,ליטר,false,1,14.90,14.90,true,1,
8410179100043,false,שמן זית בורחס מעולה750מל,PONTU BORGES ACEITES,ES,שמן זית כתית,מיליליטרים,750.00,"100 מ""ל",false,0,33.90,4.52,true,1,
8410179100944,false,"שמן זית אוחיבלנקה 750מ""ל",בורחס,ES,שמן זית,מיליליטרים,750.00,"100 מ""ל",false,0,33.90,4.52,true,1,
8410376009392,false,ביסקויט מחיטה מלאה ללא תוספת סוכר גולון 170 גרם,גאלטס גלון סא,ES,"ביסקוויט ללת""ס",גרמים,170.00,100 גרם,false,1,9.90,5.82,true,1,
8410376037883,false,גוליאן עוגיות שוקו צפס ללא גלוטן 130 ג ו,תות תעשיות מזון (201,ES,שוקולד שוקוצ'יפס,גרמים,130.00,100 גרם,false,0,11.90,9.15,true,1,
8410376044959,false,גולון דיבוס שרקיז ללא גלוטן ולקטוז 250גר,דן נקסט,ES,ביסקויט לל גלוטן,גרמים,250.00,100 גרם,false,1,19.90,7.96,true,1,
8410376052633,false,גולון-עוגיות שוקוצ'יפס ללא תוספת סוכר 150 ג 1/12,VIRGINIAS INDUSTRIAS,ES,עוגיות שוקוצ'יפס,גרמים,150.00,100 גרם,false,1,11.70,7.80,true,1,
8410628460605,false,טונה ספרדית בשמן זית בצנצנת 190 גרם,קונסורסיו ספרד,ES,נתחי טונה,גרמים,190.00,100 גרם,false,1,28.90,15.21,true,1,
8410628460629,false,טונה ספרדית בשמן זית וצילי 190 גרם,קונסורסיו ספרד,ES,נתחי טונה,גרמים,190.00,100 גרם,false,1,28.90,15.21,true,1,
8410655000423,false,"מארז בירה סאן מיגל 4*330 מ""ל",סרבסס סאן מיגל אס.אל.יו,ES,בירה סאן מיגל4יח,ליטרים,1.32,ליטר,false,0,29.90,22.65,true,1,
8420822130624,false,"ספריי סופר מסיר כתמים 750מ""ל יעקבי",קה לורדה,ES,מסיר כתמים,מיליליטרים,750.00,"100 מ""ל",false,1,17.90,2.38,true,1,
8422443005602,false,קברנה טורס דה אספניה750מ,בומד,DE,קברנה אספניה,מיליליטרים,750.00,"100 מ""ל",false,1,42.90,5.72,true,1,
8423207206488,false,סלים דליס חטיף דגנים מצופה שוקולד חלב מרבה 6*20 גרם,אף.סי תבליני בגליל ב,ES,חטיפי דגנים מרבה,גרמים,120.00,100 גרם,false,0,10.90,9.08,true,1,
8423207206495,false,סלים דליס חטיף דגנים מצופה שוקולד מריר מרבה 6*20 גרם,אף.סי תבליני בגליל ב,ES,חטיפי דגנים מרבה,גרמים,120.00,100 גרם,false,0,10.90,9.08,true,1,
8423207206501,false,סלים דליס חטיף דגנים עם שוקולד חלב מרבה 6*13 גרם,סלים דליס Slim Delis,ES,חטיפי דגנים מרבה,גרמים,120.00,100 גרם,false,0,10.90,9.08,true,1,
8423207207362,false,חטיפי סלים דליס שוקולד לבן מרבה 6 יחידות,ביסנצ'ורי אס.אל.יו,ES,סלים דליס,גרמים,120.00,100 גרם,false,0,10.90,9.08,true,1,
8423207208260,false,מרבה סלים דליס 125 ג' ללא גלוטן שוקולד חלב,ביסנצ'ורי אס.אל.יו,ES,חטיף דגנים,גרמים,78.00,100 גרם,false,1,10.90,13.97,true,1,
8423207208680,false,חטיף דגנים שוקולד סלים דליס לילדים מרבה 6 יחידות,ביסנצ'ורי אס.אל.יו,ES,סלים דליס 6 יח,גרמים,120.00,100 גרם,false,1,10.90,9.08,true,1,
8423207208871,false,פריכיות תירס בטעם טבעי סלים דליס 130 גרם,סלים דליס Slim Delis,ES,פריכיות תירס,גרמים,130.00,100 גרם,false,1,9.90,7.62,true,1,
8423207208888,false,פריכיות תירס בטעם עגבניות ועשבי תיבול סלים דליס 123 ג',סלים דליס Slim Delis,ES,פריכיות תירס,גרמים,123.00,100 גרם,false,1,9.90,8.05,true,1,
8423207208895,false,פריכיות תירס בטעם זיתים ועירית סלים דליס 123 ג',סלים דליס Slim Delis,ES,פריכיות תירס,גרמים,123.00,100 גרם,false,1,9.90,8.05,true,1,
8423207209885,false,מרבה חטיפי סלים דליס מהדורה מיוחדת שוקולד חלב,סלים דליס Slim Delis,ES,"סלים דליס כשל""פ",גרמים,120.00,100 גרם,false,1,10.90,9.08,true,1,
8423207210287,false,מרבה סלים דליס שוקולד לבן בטעם יוגורט 120 ג',סלים דליס Slim Delis,ES,סלים דליס 6 יח,גרמים,120.00,100 גרם,false,1,10.90,9.08,true,1,
8423207210928,false,חטיף דגנים מצופה שוקולד חלב ואגוזי לוז - 5 במארז,נוטרישן אנד סנטה קוב,ES,חטיפי דגנים מרבה,גרמים,90.00,100 גרם,false,1,10.90,12.11,true,1,
8423371002725,false,סאליסול- קוקטייל מיקס 100 גרם,גלוברנדס,ES,קוקוטיל מיקס,גרמים,100.00,100 גרם,false,1,9.90,9.90,true,1,
8423453905692,false,"בירה ווילדר לאגר 500 מ""ל פחית",פונט סאלם וולנסיה ספרד,ES,בירה ווילדר פחית,מיליליטרים,500.00,"100 מ""ל",false,1,6.90,1.38,true,1,
8423453905739,false,"שישיית בירה ווילדר לאגר 330 מ""ל בקבוק",פונט סאלם וולנסיה ספרד,ES,בירה ווילדר 6בקב,ליטרים,1.98,ליטר,false,1,29.90,15.10,true,1,
8425206000081,false,ריבת חלב מרדל 450 גרם,כלורוקס אוקלנד,ES,ריבת חלב,גרמים,450.00,100 גרם,false,0,19.90,4.42,true,1,
8427030007281,false,סימילאק גולד קומפורט 1 תרכובת מזון על בסיס חלב,סימילאק Similac,ES,סימילאק קומפורט,גרמים,820.00,100 גרם,false,1,101.90,12.43,true,1,
8427030007298,false,סימילאק גולד קומפורט 2 תרכובת מזון על בסיס חלב,אבוט לבורטוריס ס.א.,ES,סימילאק קומפורט,גרמים,820.00,100 גרם,false,1,101.90,12.43,true,1,
8436037791802,false,"קרם ידיים אלוורה 125 מ""ל",RNB,ES,קרם ידיים,מיליליטרים,125.00,"100 מ""ל",false,1,14.90,11.92,true,1,
8436037792809,false,קרם פנים לילה עם שמן זית,,ES,קרם פנים לילה,מיליליטרים,50.00,"100 מ""ל",false,1,49.90,99.80,true,1,
8436037792816,false,קרם עיניים עם שמן זית15מ,,ES,קרם עיניים,מיליליטרים,15.00,"100 מ""ל",false,1,39.90,266.00,true,1,
8436037792823,false,סרום לפנים עם שמן זית30מ,RNB,ES,סרום לפנים,מיליליטרים,30.00,"100 מ""ל",false,1,49.90,166.33,true,1,
8436037792946,false,קרם שמן גוף אוריגינל250מ,,ES,קרם גוף,מיליליטרים,250.00,"100 מ""ל",false,1,19.90,7.96,true,1,
8436037792960,false,"קרם רב""ש בפחית 70 מ""ל",RNB,ES,קרם רב שימושי,מיליליטרים,70.00,"100 מ""ל",false,1,14.90,21.29,true,1,
8436037793011,false,"קרם רב""ש עם שמן זית 250",RNB,ES,קרם גוף,מיליליטרים,250.00,"100 מ""ל",false,1,19.90,7.96,true,1,
8445290427120,false,דגני פיטנס Fitness שוקולד מריר ובננה,נסטלה צרפת איטנקורט,FR,דגני בוקר פיטנס,גרמים,330.00,100 גרם,false,1,19.90,6.03,true,1,
8594403707649,false,"בירה באדוויזר דארק לאגר 500 מ""ל פחית","מיוצר ע""\י מבשלת טוכרn\",CZ,באדוויזר דארק,מיליליטרים,500.00,"100 מ""ל",false,1,7.90,1.58,true,1,
8594403707977,false,"בירה באדוויזר לאגר פחית 500 מ""ל","מיוצר ע""\י מבשלת טוכרn\",CZ,באדוויזר לאגר,מיליליטרים,500.00,"100 מ""ל",false,1,7.90,1.58,true,1,
8606018615827,false,גלידת וניל עם שברי עוגיות אוראו 480 גרם,פרונרי סרביה,RS,פיינט אוראו,גרמים,300.00,100 גרם,false,1,19.90,6.63,true,1,
8606018615865,false,פיינט מילקה קרמל ליבת שוקולד 480 גרם,פרונרי סרביה,RS,פיינט מילקה קרמל,גרמים,300.00,100 גרם,false,1,19.90,6.63,true,1,
8606109023593,false,"פרוויטה - מיץ תפוחי עץ ואגסים 750 מ""ל",פרובישקה,RS,"פרוויטה תפו""ע",מיליליטרים,750.00,"100 מ""ל",false,1,12.60,1.68,true,1,
8606109023623,false,"פרוויטה - מיץ תפוחי עץ ולימון ליים 750 מ""ל",פרובישקה,RS,"פרוויטה תפו""ע",מיליליטרים,750.00,"100 מ""ל",false,1,12.60,1.68,true,1,
8681863065287,false,saltbae מלח הימלאיה 350 גרם ויליפוד,שף סיזונס גידה סאן,TR,מלח הימלאיה,גרמים,350.00,100 גרם,false,1,24.90,7.11,true,1,
8683130008355,false,מיונז שום לחיץ אמיתי הלמנס 400 גרם,יוניליוור ישראל שיווק בע,TR,מיונז עם שום,גרמים,400.00,100 גרם,false,1,15.00,3.75,true,1,
8683130025574,false,"מרכך כביסה מרוכז אקסטרה לבנדר בדין 960 מ""ל",יבוא ושיווק: יוניליוור י,TR,מרכך בדין לבנדר,מיליליטרים,960.00,"100 מ""ל",false,1,15.90,1.66,true,1,
8683130025581,false,"מרכך כביסה מרוכז אקסטרה ענבר בדין 960 מ""ל",יבוא ושיווק: יוניליוור י,TR,מרכך בדין אקסטרה,מיליליטרים,960.00,"100 מ""ל",false,1,15.90,1.66,true,1,
8683323063024,false,יוגטה שטיחים בטעם תותי פרוטי 220 גרם,ליימן מותגים,TR,ממתק בטעם תותי,גרמים,220.00,100 גרם,false,1,6.90,3.14,true,1,
8690504081913,false,מקוויטיס טינס מצופה שוקולד חלב 150 גרם,שוורצקוף& הנקל דיסלד,TR,ביסקוויט טינס,גרמים,150.00,100 גרם,false,1,9.90,6.60,true,1,
8690504081920,false,מקוויטיס טינס מצופה שוקולד מריר 150 גרם,"אולקר ביסקווי סנאי, א.ס.",TR,ביסקוויט טינס,גרמים,150.00,100 גרם,false,1,9.90,6.60,true,1,
8690504153740,false,גודייבה שוקולד מריר במילוי קרם גנאש 86 גרם,ביסקוט ביסקווי סילבר,TR,שוקולד מריר קרם,גרמים,86.00,100 גרם,false,1,14.90,17.33,true,1,
8690504153849,false,גודייבה שוקולד חלב במילוי קרם בטעם פרלין אגוזים 83 גרם,"אולקר מקבוצת פלאדיס,",TR,שוקולד חלב,גרמים,83.00,100 גרם,false,1,14.90,17.95,true,1,
8690526009261,false,חטיף קרמל שוקולד+דגני28ג,"GIDA ETI , טורקיה n\",TR,חטיף קרמל,גרמים,28.00,100 גרם,false,1,4.50,16.07,true,1,
8690526009278,false,אי טי אי - חטיף קרמל מצופה שוקולד וחלב כדורוני דגנים 126 גרם,"GIDA ETI , טורקיה n\",TR,חטיף קרמל מצופה,גרמים,126.00,100 גרם,false,1,9.90,7.86,true,1,
8690526019147,false,אי טי אי - וופל במילוי קרם אגוזי לוז 142 גרם,"GIDA ETI , טורקיה n\",TR,וופל קרם אגוזים,גרמים,142.00,100 גרם,false,1,7.90,5.56,true,1,
8690526039190,false,אי טי אי - מארז חמישייה וופל במילוי קרם אגוזים וחתיכות בוטנים 145 גרם,אתי גידה סאנאי וה טיק .A,TR,וופל אתי 5 יח,גרמים,145.00,100 גרם,false,1,9.90,6.83,true,1,
8690526039206,false,אי טי אי - מיני וופל במילוי קרם קקאו וחתיכות בוטנים 140 גרם,"GIDA ETI , טורקיה n\",TR,ופלים מיני קקאו,גרמים,140.00,100 גרם,false,1,12.90,9.21,true,1,
8690530036727,false,ממחטות סלפאק מקסי 3 שכבות 100 יח,איפק קג'יט,TR,ממחטות מקסי,יחידה,1.00,יחידה,false,1,9.90,9.90,true,1,
8690530036741,false,ממחטות נייר סלפאק 3 שכבות 48 יח,,TR,ממחטות בוטיק,יחידה,1.00,יחידה,false,1,7.90,7.90,true,1,
8690530161320,false,ממחטות נייר סלפאק פרמיום לושיין 10 יח,,TR,ממחטות פוקט,יחידה,1.00,יחידה,false,1,12.90,12.90,true,1,
8690572783931,false,"פה - דאודורנט ספריי לגבר אינוויזיבל פאוואר 200 מ""ל",שוורצקופף והנקל,TR,דאודורנט פה,מיליליטרים,200.00,"100 מ""ל",false,1,9.90,4.95,true,1,
8690572799505,false,סאיוס מרכך לחיזוק שורשי סיב השערה 500 מל,"הובי קוסמטיק, אנקרה, תור",TR,מרכך שיער דליל,מיליליטרים,500.00,"100 מ""ל",false,1,11.90,2.38,true,1,
8690572799529,false,"סאיוס - שמפו קרטין 500 מ""ל","הובי קוסמטיק, אנקרה, תור",TR,שמפו קרטין,מיליליטרים,500.00,"100 מ""ל",false,1,11.90,2.38,true,1,
8690572799543,false,"סאיוס שמפו לחיזוק שורשי סיב השערה 500 מ""ל","הובי קוסמטיק, אנקרה, תור",TR,שמפו לחיזוק,מיליליטרים,500.00,"100 מ""ל",false,1,11.90,2.38,true,1,
8690637503856,false,ממרח הלמנס כ- 40% פחות שומן לעומת מיונז,אפפילד איסטנבול ייצור מז,TR,ממרח הלמנס לחיץ,גרמים,355.00,100 גרם,false,1,15.00,4.23,true,1,
8690637504426,false,"קרם ניקוי סיף בניחוח לימון 500 מ""ל",יוניליוור סנאיי וי טיקאר,TR,קרם ניקוי סיף,מיליליטרים,500.00,"100 מ""ל",false,1,10.90,2.18,true,1,
8690637505607,false,מרכך כביסה מרוכז בדין אקסטרה בניחוח פינוק כחול,יוניליוור סנאיי וי טיקאר,TR,מרכך כביסה בדין,מיליליטרים,960.00,"100 מ""ל",false,1,15.90,1.66,true,1,
8690637505959,false,דאב סבון ידיים הזנה לוטוס 500 מל,General,TR,תחליב רחצת ידיים,מיליליטרים,500.00,"100 מ""ל",false,1,16.90,3.38,true,1,
8690637555084,false,"מרכך כביסה מרוכז אקסטרה פריחת התפוז בדין 960 מ""ל",יוניליוור סנאיי וי טיקאר,TR,מרכך בדין אקסטרא,מיליליטרים,960.00,"100 מ""ל",false,0,15.90,1.66,true,1,
8690637704376,false,"שמפו לטיפוח יום יומי דאב 600 מ""ל",יוניליוור סנאיי וי טיקאר,TR,שמפו דאב,מיליליטרים,600.00,"100 מ""ל",false,0,16.90,2.82,true,1,
8690637704390,false,"מרכך שיער לטיפוח יום יומי דאב 600 מ""ל",יוניליוור טורקיה. אז,TR,דאב מרכך שיער,מיליליטרים,600.00,"100 מ""ל",false,0,16.90,2.82,true,1,
8690637835643,false,"תה ירוק לימונית ולאויזה 30 גרם ""ליפטון""",יונילוור - תורכיה,TR,תה ירוק ליפטון,גרמים,30.00,100 גרם,false,1,16.50,55.00,true,1,
8690637842399,false,מאגדת מגנום מיני דאבל פרי יער שוקולד 6 יח' נסטלה,יוניליוור סנאי וי סי,TR,מגנום מיני דאבל,גרמים,323.00,100 גרם,false,1,29.90,9.26,true,1,
8690637858734,false,ג'ל לניקוי כללי בתוספת אקונומיקה בניחוח לימון,סיף פנטסטיק Cif Fantastic,TR,סיף ג'ל לימון,מיליליטרים,750.00,"100 מ""ל",false,1,11.90,1.59,true,1,
8690637858741,false,ג'ל לניקוי כללי בתוספת אקונומיקה בניחוח רוח ים,סיף פנטסטיק Cif Fantastic,TR,סיף ג'ל רוח ים,מיליליטרים,750.00,"100 מ""ל",false,1,11.90,1.59,true,1,
8690637865589,false,"דאב תרחיץ ידיים בניחוח מלפפונים ותה ירוק 500 מ""ל",General,TR,דאב סבון ידיים,מיליליטרים,500.00,"100 מ""ל",false,1,16.90,3.38,true,1,
8690637865596,false,תחליב רחצה לניקוי וטיפוח עור הידיים,קוסטר אירוסול ולף סנ,TR,דאב סבון ידיים,מיליליטרים,500.00,"100 מ""ל",false,1,16.90,3.38,true,1,
8690637916991,false,מרכך דאב עם שמן אבוקדו ותמצית קלנדולה600,יונילוור - תורכיה,TR,מרכך שיער דאב,מיליליטרים,600.00,"100 מ""ל",false,1,16.90,2.82,true,1,
8690637946301,false,"בדין - מרכך כביסה אקסטרא בייביי כחול 960 מ""ל",יוניליוור סנאיי וי טיקאר,TR,בדין מרכך בייבי,מיליליטרים,960.00,"100 מ""ל",false,1,15.90,1.66,true,1,
8690637946318,false,"מרכך כביסה בדין מרוכז אקסטרה בייבי טלק 960 מ""ל",יוניליוור סנאיי וי טיקאר,TR,מרכך בדין בייבי,מיליליטרים,960.00,"100 מ""ל",false,1,15.90,1.66,true,1,
8690637971310,false,"מרכך כביסה מרוכז אקסטרה בניחוח יערת הדבש בדין 960 מ""ל",יוניליוור סנאיי וי טיקאר,TR,בדין מרכך אקסטרה,מיליליטרים,960.00,"100 מ""ל",false,1,15.90,1.66,true,1,
8690637976995,false,"מרכך כביסה מרוכז אקסטרה ורוד סחלבים פראי בדין 960 מ""ל",יוניליוור סנאיי וי טיקאר,TR,בדין אקסטרה ורוד,מיליליטרים,960.00,"100 מ""ל",false,1,15.90,1.66,true,1,
8690637989612,false,שלגון שמנת בטעם וניל עם ריפל בטעם שוקולד 246 גרם,יונילוור סנאיי וי טיג'\,TR,מגנום מיני דולצ',גרמים,246.00,100 גרם,false,1,29.90,12.15,true,1,
8690757002444,false,"נוזל להברקת נעליים שחור 75 SILVERמ""ל",סילבר Silver,TR,נוזל להברקת נעל,מיליליטרים,75.00,"100 מ""ל",false,1,5.90,7.87,true,1,
8690757002475,false,ספוג להברקת נעליים גדול SILVER -נטורל,סילבר Silver,TR,ספוג להברקת נעל,יחידה,1.00,יחידה,false,1,5.90,5.90,true,1,
8690757002482,false,"ספוג מבריק נעליים עם צבע 6 מ""ל SILVER -שחור",סילבר,TR,ספוג מבריק נעל,יחידה,1.00,יחידה,false,1,9.90,9.90,true,1,
8690766156367,false,גודייבה שוקולד חלב מעולה 90 גרם,"אולקר מקבוצת פלאדיס,",TR,שוקולד גודייבה,גרמים,90.00,100 גרם,false,1,14.90,16.56,true,1,
8690766156374,false,גודייבה שוקולד מריר מעולה 72% מוצקי קקאו 72גרם,"אולקר מקבוצת פלאדיס,",TR,שוקולד גודייבה,גרמים,90.00,100 גרם,false,1,14.90,16.56,true,1,
8690766156381,false,גודייבה שוקולד מריר 90% מוצקי קקאו 90 גרם,"אולקר מקבוצת פלאדיס,",TR,שוקולד גודייבה,גרמים,90.00,100 גרם,false,1,14.90,16.56,true,1,
8690766156398,false,"שוקולד חלב מעולה בתוספת שברי שקדים קלויים,דבש ומלח 90 גרם","אולקר מקבוצת פלאדיס, ציק",TR,שוקולד גודייבה,גרמים,90.00,100 גרם,false,1,14.90,16.56,true,1,
8690766156404,false,שוקולד מריר מעולה גודייבה תפוז אדום 90 גרם,גודייבה,TR,שוקולד גודייבה,גרמים,90.00,100 גרם,false,1,14.90,16.56,true,1,
8690770322598,false,שמרים יבשים פוליבה הנמל 125 גרם,בראבו Bravo,TR,שמרים יבשים,גרמים,125.00,100 גרם,false,0,4.60,3.68,true,1,
8690777204071,false,פלפלים כבושים חריפים סרה 320 גרם,יוליניבר,TR,פלפל חריף,גרמים,640.00,100 גרם,false,0,12.90,2.02,true,1,
8690777206051,false,חציל קלוי על האש סרה ויליפוד 650 גרם,קוראהן פזלרמה וי דיס,TR,חציל קלוי,גרמים,650.00,100 גרם,false,0,12.90,1.98,true,1,
8690777221405,false,פלפל אדום קלוי סרה ויליפוד 650 גרם,קוראהן פזלרמה וי דיס,TR,פלפל אדום קלוי,גרמים,650.00,100 גרם,false,0,12.90,1.98,true,1,
8690784516440,false,דאק נוזל לניקוי מתקדם בניחוח לבנדה בודד 750מל,"אס.סי.ג'\ונסון מידרכט, ה",NL,דאק נוזל ג'ל,מיליליטרים,750.00,"100 מ""ל",false,1,8.90,1.18,true,1,
8690784516778,false,"דאק נוזל ג''ל לניקוי עם אקונומיקה מקציפה בניחות ים 750 מ""ל",טואלט דאק (ג'ונסון),NL,ג'ל מקציף דאק,מיליליטרים,750.00,"100 מ""ל",false,1,12.90,1.72,true,1,
8690784616775,false,סבון מוצק לאסלה דאק אקווה בלו 4 ב-1 80 ג,טואלט דאק (ג'ונסון),RS,דאק סבון אסלה,גרמים,80.00,100 גרם,false,1,9.90,12.38,true,1,
8690946190006,false,פסטה פנה 500 גרם,,TR,פסטה פנה,גרמים,500.00,100 גרם,false,1,4.00,0.80,true,1,
8690946250014,false,פסטה ספגטי 500 גרם,מוטלו,TR,פסטה ספגטי,גרמים,500.00,100 גרם,false,1,4.00,0.80,true,1,
8690946250168,false,פסטה פוסילי 500 גרם,מוטלו,TR,פסטה פוסילי,גרמים,500.00,100 גרם,false,1,4.00,0.80,true,1,
8690946250182,false,פסטה קונכיות גדולות500גר,מוטלו,TR,פסטה קונכיות,גרמים,500.00,100 גרם,false,1,4.00,0.80,true,1,
8690946250205,false,פסטה לינגוויני 500 גרם,מוטלו,TR,פסטה לינגוויני,גרמים,500.00,100 גרם,false,1,4.00,0.80,true,1,
8693495041461,false,זוג מברשות שיניים קולגייט סלים סופט פחם,הנסיך- מפעל לייצור ט,CN,זוג מברשות,יחידה,1.00,יחידה,false,0,29.90,29.90,true,1,
8693495051002,false,מברשת שיניים לילדים מיניונים קולגייט 6+,קולגייט פלמוליב,CN,מברשת קולגייט,יחידה,1.00,יחידה,false,1,9.90,9.90,true,1,
8693495051255,false,מברשת שיניים סלים סופט זהב קולגייט זוג,קולגייט - פלמוליב,CN,2מברשות קולגייט,יחידה,1.00,יחידה,false,1,24.90,24.90,true,1,
8693495052931,false,זוג מברשות שיניים אדוונסט 360 לניקוי כל חלל הפה,קולגייט פלמוליב,CN,מברשות קולגייט,יחידה,1.00,יחידה,false,1,29.90,29.90,true,1,
8693495053693,false,מברשות 360 קולגייט 4 יח,,CN,מברשות 360 4 יח,יחידה,1.00,יחידה,false,1,44.90,44.90,true,1,
8693495054034,false,פלמוליב ס.נוזלי לומינוס אבוקדו 750 משאבה,קולגייט פלמוליב,TR,פלמוליב ג'ל רחצה,מיליליטרים,750.00,"100 מ""ל",false,1,19.90,2.65,true,1,
8693495054058,false,סבון נוזלי פלמוליב לומינוס עם תמציות שמן מקדמיה,קולגייט פלמוליב,TR,פלמוליב ג'ל רחצה,מיליליטרים,750.00,"100 מ""ל",false,1,19.90,2.65,true,1,
8697418280173,false,עלי טורטייה מחיטה מלאה 840 גרם LAVALIA,פרינסס גידה,TR,עלי טורטיה,גרמים,840.00,100 גרם,false,0,26.70,3.18,true,1,
8697420697914,false,זיתים שחורים יבשים במלח 700 ג',אונטד גידה,TR,זיתים שחורים בפח,גרמים,700.00,100 גרם,false,1,19.90,2.84,true,1,
8697530910743,false,סיגריות פאל מאל כחול קצר מטאליק,Unknown,TR,פאלמאל כחול קצר,יחידה,1.00,יחידה,false,0,30.50,30.50,false,1,
8697530910750,false,סיגריות פאל מאל כחול ארוך האוס,Unknown,TR,פאלמאל כחול ארוך,יחידה,1.00,יחידה,false,0,30.50,30.50,false,1,
8697530910941,false,פאל מאל כחול קצר האוס עשירייה,Unknown,TR,פאלמאל כחול קצר,יחידה,1.00,יחידה,false,0,287.00,287.00,false,1,
8697530910958,false,פאל מאל כחול ארוך האוס עשירייה,Unknown,TR,פאלמאל כחול ארוך,יחידה,1.00,יחידה,false,0,287.00,287.00,false,1,
8697826469092,false,טורטיה קטנה שקדיה 540 גרם 12 יחידות,דין שיווק,TR,טורטיות 12יח',גרמים,540.00,100 גרם,false,0,9.90,1.83,true,1,
8699250035041,false,"זיתים שחורים טבעיים יבשים 700 גרם ""תומר""",מנסווי גידה,TR,זיתים מושחרים,גרמים,700.00,100 גרם,false,1,19.90,2.84,true,1,
8710428005762,false,תרכובת מזון לתינוקות על בסיס חלבון סויה איזומיל טף שלב 2,"אבוט מעבדות רפואיות בע""מ",NL,סימילאק צמחי,גרמים,400.00,100 גרם,false,0,43.50,10.88,true,1,
8710428016348,false,אבקת משקה להשלמה תזונתית וניל 400 ג' פדיאשור,אבוט מעבדות רפואיות,NL,פדיאשור ונילה,גרמים,400.00,100 גרם,false,1,39.90,9.98,true,1,
8710428016355,false,פדיאשור השלמה תזונתית בטעם שוקולד 400 גר,אבוט מעבדות רפואיות,NL,פדיאשור שוקולד,גרמים,400.00,100 גרם,false,1,39.90,9.98,true,1,
8710428017000,false,פדיאשור השלמה תזונתית בטעם וניל 850 גרם,General,NL,פדיאשור ונילה,גרמים,850.00,100 גרם,false,1,79.90,9.40,true,1,
8710428017024,false,פדיאשור השלמה תזונתית בטעם שוקולד 850 גר,General,NL,פדיאשור שוקולד,גרמים,850.00,100 גרם,false,1,79.90,9.40,true,1,
8710447224342,false,טרזמה שמפו עם קרטין 400 מל,"יוניליוור פולין, רחוב קר",PL,טרזמה שמפו קרטין,מיליליטרים,400.00,"100 מ""ל",false,1,14.90,3.73,true,1,
8710447224366,false,טרזמה מרכך קרטין לשיער 400 מל,"יוניליוור פולין, רחוב קר",PL,טרזמה מרכך קרטין,מיליליטרים,400.00,"100 מ""ל",false,1,14.90,3.73,true,1,
8710447275306,false,דאב קרם ידיים שמן אבוקדו ותמצית קלנדולה,"יוניליוור פולין, רחוב קר",PL,קרם ידיים דאב,מיליליטרים,75.00,"100 מ""ל",false,1,9.90,13.20,true,1,
8710502064814,false,עוגיות מרבה שוקולד ציפס במרקם רך 175 גר,בנקטבקריי מרבה בי.וי,NL,עוגיות מרבה,גרמים,175.00,100 גרם,false,1,8.90,5.09,true,1,
8710502100864,false,עוגיות מרבה פטיסרי דאבל שוקולד 200 גרם,"מרבה בע""\מ",NL,עוגיות מרבה,גרמים,200.00,100 גרם,false,1,10.90,5.45,true,1,
8710502139017,false,עוגיות טריפל שוקולד צ'יפס מרבה 180 גרם,בנקטבקריי מרבה בי.וי,NL,עוגיות שוקוצ'יפס,גרמים,180.00,100 גרם,false,0,8.90,4.94,true,1,
8710502231018,false,מרבה עוגיות מיני שוקולד צ'יפס 175 גרם,"מרבה בע""\מ",NL,עוגיות מרבה,גרמים,175.00,100 גרם,false,1,9.90,5.66,true,1,
8710502260032,false,מרבה עוגיות שוקוצ'יפס 150גרם,בנקטבקריי מרבה בי.וי,NL,עוגיות שוקולד,גרמים,150.00,100 גרם,false,0,6.90,4.60,true,1,
8710502279010,false,מרבה עוגיות שוקולד צ'יפס מצופות שוקולד 175 גרם,"י.מרבה ישראל בע""מ",,עוגיות מרבה,יחידה,1.00,יחידה,false,0,8.90,8.90,true,1,
8710502470028,false,עוגיות שוקולד צ'יפס ממולאות בקרם נוגט,קריניציה ויטמינה אס,NL,עוגיות שוקוצ'יפס,גרמים,160.00,100 גרם,false,0,8.90,5.56,true,1,
8710502470035,false,עוגיות נוגטלי במילוי קרם אגוזים 200 ג' מרבה פטיסרי,"מרבה בע""\מ",NL,עוגיות מרבה,גרמים,200.00,100 גרם,false,1,10.90,5.45,true,1,
8710522584200,false,דאב תחליב רחצה אלוורה ומי ורדים 500 מל,"יוניליוור גרמניה, Gmbh &",DE,תחליב רחצה דאב,מיליליטרים,500.00,"100 מ""ל",false,1,14.90,2.98,true,1,
8710800961310,false,סוכריות בטעם תות מנטוס 4*375 גרם,פרפטי ואן מלה ברדה,NL,מנטוס תות 4 יח,גרמים,150.00,100 גרם,false,0,11.30,7.53,true,1,
8710847942679,false,טרזמה שמפו לשיער יבש בתוספת שמן המפ,יוניליוור,PL,טרזמה שמפו,מיליליטרים,400.00,"100 מ""ל",false,1,14.90,3.73,true,1,
8710847973970,false,"תחליב רחצה דאב אלוורה מי עץ שדר, 750 מ""ל","יוניליוור גרמניה, Gmbh &",DE,תחליב רחצה דאב,מיליליטרים,750.00,"100 מ""ל",false,1,15.90,2.12,true,1,
8710908404184,false,"דאב דאו ספריי אורגינל 50 מ""ל*-ללא אלומני","פרמול איטליה, קומון",IT,דאודורנט דאב,מיליליטרים,150.00,"100 מ""ל",false,1,14.90,9.93,true,1,
8710908693809,false,"TRESSEMME מסיכה טיפולית עם קרטין 300מ""ל","יוניליוור פולין, רחוב קר",PL,מסכה טרזמה,מיליליטרים,300.00,"100 מ""ל",false,1,29.90,9.97,true,1,
8711000362556,false,לור קפסולות קפה אספרסו פורזה 52 גר,גיקובס דאו אגברטס צרפת,FR,קפסולות לור,גרמים,52.00,100 גרם,false,1,19.90,38.27,true,1,
8711000362617,false,לור קפסולות קפה אספרסו לונגו פרופונדו 8,ג'\קובס דאו אגברטס צרפת,FR,קפסולות לור,גרמים,52.00,100 גרם,false,1,19.90,38.27,true,1,
8711000362631,false,קפסולות קפה תואמות נספרסו אוניקס 12 ל'אור 10 יחידות,גיקובס דאו אגברטס צרפת,FR,קפסולות לור,גרמים,52.00,100 גרם,false,1,19.90,38.27,true,1,
8711000362655,false,לור קפסולות קפה אספרסו אור אבס 52ג,"ג'\ייקובס דאו אגרבטס, צר",FR,קפסולות לור,גרמים,52.00,100 גרם,false,1,19.90,38.27,true,1,
8711000362679,false,קפסולות קפה תואמות נספרסו קולומביה 8 ל'אור 10 יחידות,ג'\ייקובס דאו אגרבטס צרפ,FR,קפסולות לור,גרמים,52.00,100 גרם,false,1,19.90,38.27,true,1,
8711000362747,false,קפסולות קפה תואמות נספרסו ריסטרטו 11 ל'אור 10 יחידות,גיקובס דאו אגברטס צרפת,FR,קפסולות לור,גרמים,52.00,100 גרם,false,1,19.90,38.27,true,1,
8711000371176,false,ג'ייקובס קפסולות קפה אספרסו קלאסיקו עוצמה 7,ג'ייקובס דאו אגברטס צרפת,FR,קפסולות ג'קובס,גרמים,52.00,100 גרם,false,1,16.90,32.50,true,1,
8711000371183,false,ג'ייקובס קפסולות קפה אספרסו אינטסו עוצמה 10,ג'ייקובס דאו אגברטס צרפת,FR,קפסולות ג'קובס,גרמים,52.00,100 גרם,false,1,16.90,32.50,true,1,
8711000371206,false,ג'ייקובס קפסולות קפה אספרסו ריסטרטו עוצמה 12,ג'ייקובס דאו אגברטס צרפת,FR,קפסולות ג'קובס,גרמים,52.00,100 גרם,false,1,16.90,32.50,true,1,
8711000371244,false,"ג'ייקובס קפסולות אספרסו (8) 10 יח', 52ג' לונגו",ג'\ייקובס דאו אגברטס,FR,קפסולות ג'קובס,גרמים,52.00,100 גרם,false,1,16.90,32.50,true,1,
8711000471296,false,קפסולות קפה תואמות נספרסו אולטימו 13 ל'אור 10 יחידות,ג'\ייקובס דאו אגרבטס צרפ,FR,קפסולות לור,גרמים,52.00,100 גרם,false,1,19.90,38.27,true,1,
8711327475618,false,"גלידת מגנום וניל קלאסיק 440 מ""ל","מפעל גלידות בווספרם, רחו",,גלידה מגנום וני,מיליליטרים,440.00,"100 מ""ל",false,0,21.90,4.98,true,1,
8711327475663,false,מגנום פיינט וניל שוקולד לבן 260 גרם,"מפעל גלידות בווספרם, רחו",,גל מגנום וניל שו,מיליליטרים,440.00,"100 מ""ל",false,0,21.90,4.98,true,1,
8711327475717,false,מגנום פיינט וניל שקדים 260 גרם,"מפעל גלידות בווספרם, רחו",,גלידה מגנום וניל,מיליליטרים,440.00,"100 מ""ל",false,0,21.90,4.98,true,1,
8711327475762,false,מגנום פיינט שוקולד לבן עוגיות 260 גרם,"מפעל גלידות בווספרם, רחו",,גלידה מגנום לבן,מיליליטרים,440.00,"100 מ""ל",false,0,21.90,4.98,true,1,
8711600453975,false,דאב תחליב גוף לעור יבש במיוחד 400 מל,יוניליוור גרמניה (בו,DE,דאב תחליב גוף,מיליליטרים,400.00,"100 מ""ל",false,1,25.90,6.48,true,1,
8712000051099,false,"בירה היינקן 0.0 , ללא אלכוהול מארז שישייה","מבשלת היינקן, ריטבלדנברג",NL,6 בירה הייניק0%,ליטרים,1.98,ליטר,false,1,32.60,16.46,true,1,
8712400802499,false,תרכובת מזון המשך לפעוטות על בסיס חלב שלב 1,נוטרישיה קאלק ב. ו.,NL,נוטרילון שלה1-,גרמים,800.00,100 גרם,false,0,64.90,8.11,true,1,
8712400802512,false,תרכובת מזון המשך לפעוטות על בסיס חלב שלב 2,נוטרישיה קאלק ב. ו.,NL,נוטרילון שלב2-,גרמים,800.00,100 גרם,false,0,64.90,8.11,true,1,
8712400802536,false,תרכובת מזון המשך לפעוטות על בסיס חלב שלב 3,נוטרישיה קאלק ב. ו.,NL,נוטרילון שלב3-,גרמים,800.00,100 גרם,false,0,64.90,8.11,true,1,
8712561594240,false,"דאב תחליב רחצה להזנה עמוקה500 מ""ל-מרכז","יוניליוור גרמניה, Gmbh &",DE,תחליב רחצה דאב,מיליליטרים,500.00,"100 מ""ל",false,1,14.90,2.98,true,1,
8712561594608,false,"דאב תחליב רחיצה להזנה עמוקה 750 מ""ל","יוניליוור גרמניה, Gmbh &",DE,תחליב רחצה דאב,מיליליטרים,750.00,"100 מ""ל",false,1,15.90,2.12,true,1,
8712561611183,false,דאב סבון נוזלי 500 תמציות מלפפונים ותה,"יוניליוור גרמניה, Gmbh &",DE,תחליב רחצה דאב,מיליליטרים,500.00,"100 מ""ל",false,1,14.90,2.98,true,1,
8712561626286,false,"דאב תחליב רחצה זוהר כמשי 750 מ""ל",יוניליוור גרמניה (בו,DE,תחליב רחצה דאב,מיליליטרים,750.00,"100 מ""ל",false,1,15.90,2.12,true,1,
8714599104316,false,ג'ייקובס קפה שחור קלוי וטחון טורקי 200 גרם,אל.אל.סי ג'\ייקובס דאו א,RU,קפה שחור ג'קובס,גרמים,200.00,100 גרם,false,1,15.90,7.95,true,1,
8714599410806,false,ג'ייקובס קרוננג מיובש בהקפאה 160 גרם סגירה חוזרת,ג'ייקובס Jacobs,RU,קפה ג'קובס שקית,גרמים,160.00,100 גרם,false,1,17.90,11.19,true,1,
8714599412220,false,ג'ייקובס וולווט קפה נמס מיובש בהקפאה 95 גרם,אל.אל.סי ג'\ייקובס דאו א,RU,קפה ג'קובס,גרמים,95.00,100 גרם,false,1,15.90,16.74,true,1,
8714599412336,false,קפה נמס בריסטה אמריקנו קלוי וטחון 160 ג' ג'ייקובס,ג'\ייקובס דאו אגברטס רוס,RU,קפה ג'קובס,גרמים,160.00,100 גרם,false,1,26.90,16.81,true,1,
8714599512159,false,קפה נמס ג'קובס מונארך190,"אל.אל.סי ""גייקובס דא",RU,קפה נמס ג'קובס,גרמים,190.00,100 גרם,false,1,22.90,12.06,true,1,
8714599513835,false,גי'קובס קרונונג נייט אנד דיי - נטול קופיאין,ג'ייקובס Jacobs,DE,קפה ג'קובס נטול,גרמים,200.00,100 גרם,false,1,34.90,17.45,true,1,
8714789177229,false,רבעיית מברשות שיניים קולגייט אקסטרה קלין 1 יחידה,הנסיך- מפעל לייצור ט,CN,4 מברשות שיניים,יחידה,1.00,יחידה,false,0,9.90,9.90,true,1,
8714789402918,false,נוזל לניקוי כללי ורצפות בניחוח פרחי בר אג'קס 1.5 ליטר,הנסיך- מפעל לייצור ט,GR,אג'קס לניקוי,ליטרים,1.50,ליטר,false,0,19.90,13.27,true,1,
8714789402970,false,נוזל לניקוי כללי ורצפות בניחוח פרחי אביב אגק'ס 1.5 ליטר,הנסיך- מפעל לייצור ט,GR,אג'קס לניקוי,ליטרים,1.50,ליטר,false,0,19.90,13.27,true,1,
8714789450315,false,פלמוליב נוזל כלים לימון 1.5 ליטר,הנסיך- מפעל לייצור ט,GR,פלמוליב לכלים,ליטרים,1.50,ליטר,false,0,15.90,10.60,true,1,
8714789529561,false,"משחת שיניים סנסטיב פרו ריליף להלבנה קולגייט 75 מ""ל",קולגייט-פלמוליב,BR,משחת קולגייט,מיליליטרים,75.00,"100 מ""ל",false,0,19.90,26.53,true,1,
8714789582764,false,אג'קס ספריי לניקוי חלונות ומשטחים,הנסיך- מפעל לייצור ט,GR,מרסס לחלונות,מיליליטרים,750.00,"100 מ""ל",false,0,15.30,2.04,true,1,
8714789831275,false,מברשת שיניים 360 אופטיק ווייט קולגייט 2 יחידות,קולגייט-פלמוליב,CN,מברשות קולגייט,יחידה,1.00,יחידה,false,0,24.90,24.90,true,1,
8714789834467,false,פלמוליב נוזל לניקוי כלים קלאסי 1.5 ליטר,קולגייט פלמוליב,GR,פלמוליב לכלים,ליטרים,1.50,ליטר,false,0,15.90,10.60,true,1,
8714789930848,false,"משחת שיניים אופטיק וייט הלבנה מיידית קולגייט 75 מ""ל",הנסיך- מפעל לייצור ט,PL,משחת קולגייט,מיליליטרים,75.00,"100 מ""ל",false,0,19.90,26.53,true,1,
8714800004114,false,"בירה 8.6 אורגינל 500 מ""ל פחית",בווריה,NL,בירה 8.6% חזקה,מיליליטרים,500.00,"100 מ""ל",false,0,7.90,1.58,true,1,
8715300238306,false,פריקו חמאה ללא מלח 200 גרם,פריזלנד קמפינה,NL,חמאה הולנדית,גרמים,200.00,100 גרם,false,1,12.90,6.45,true,1,
8715700110141,false,מיונז קרמי היינץ צנצנת 460ג',ה.י.היינץ הולדינג בי.וי,NL,ממרח היינץ,גרמים,460.00,100 גרם,false,1,11.90,2.59,true,1,
8715700110158,false,היינץ ממרח במרקם קרמי צנצנת 490 גרם,ה.י.היינץ הולדינג בי.וי,NL,ממרח במרקם קרמי,גרמים,490.00,100 גרם,false,1,11.90,2.43,true,1,
8715700115641,false,ממרח מיונז לחיץ לייט במרקם קרמי 420 ג' היינץ,"פודליצקי ספ.ז.או.או,.",PL,ממרח במרקם קרמי,גרמים,420.00,100 גרם,false,1,14.90,3.55,true,1,
8715700117805,false,"קטשופ היינץ מתבל עגבניות ללא תוספת סוכר ומלח 425 מ""ל","ה.י היינץ הולדינג בי.וי,",NL,מתבל עגבניות,גרמים,425.00,100 גרם,false,1,10.90,2.56,true,1,
8715700419732,false,היינץ מתבל עגבניות 700 גרם,ה.י. היינץ,NL,מתבל עגבניות,גרמים,700.00,100 גרם,false,0,11.90,1.70,true,1,
8715700422473,false,ממרח לכריכים וסלטים ללא ח. משמרים היינץ 395 גרם,ה.י. היינץ,NL,ממרח היינץ,גרמים,395.00,100 גרם,false,1,14.90,3.77,true,1,
8715700423906,false,היינץ מתבל עגבניות מופחת סוכר ומלח 50/50 550 גרם,היינץ צפון אמריקה מק,NL,מתבל עגבניות,גרמים,555.00,100 גרם,false,1,11.50,2.07,true,1,
8717163647240,false,"אקס דאודורנט ספריי גוף לגבר שוקולד 150 מ""ל",יוניליוור גרמניה (בו,TR,אקס ספריי,מיליליטרים,150.00,"100 מ""ל",false,1,13.90,9.27,true,1,
8717163655764,false,"רקסונה - דאודורנט ספריי לאישה שוואר פרש 150 מ""ל","קוסטר אירוסול, גבזה 4140",TR,דאודורנט רקסונה,מיליליטרים,150.00,"100 מ""ל",false,1,13.90,9.27,true,1,
8717163655825,false,"רקסונה דאו' ספריי לנשים בניחוח כותנה, 150 מ""ל","קוסטר אירוסול, גבזה 4140",TR,דאודורנט רקסונה,מיליליטרים,150.00,"100 מ""ל",false,1,13.90,9.27,true,1,
8717163658314,false,תחליב רחצה מים מיסלריים היפואלרגני לעור רגיש,יוניליוור גרמניה Gmbh &,DE,תחליב רחצה דאב,מיליליטרים,500.00,"100 מ""ל",false,1,17.90,3.58,true,1,
8717163714850,false,"דאו דאב ספריי קוקוס ויסמין 150 מ""ל","קוסטר אירוסול, גבזה 4140",TR,דאודורנט דאב,מיליליטרים,150.00,"100 מ""ל",false,1,14.90,9.93,true,1,
8717344160025,false,דומדמניות אדומות,BERRUE FRUITFUK FRESH BE,EC,דומדמניות 125גרם,גרמים,125.00,100 גרם,false,1,23.90,19.12,true,1,
8717677336593,false,טוניס שוקולד חלב 180 גרם רבנות - נוכרי,טוניס/שוקולונלי,NL,שוקולד חלב מעולה,גרמים,180.00,100 גרם,false,1,17.90,9.94,true,1,
8717677336616,false,שוקולד מריר עם שקדים ומלח טוניס' שוקולונלי 180 גרם,טוניס/שוקולונלי,NL,שוקולד מריר,גרמים,180.00,100 גרם,false,1,17.90,9.94,true,1,
8717677336630,false,שוקולד חלב עם שקדים ודבש טוניס' שוקולונלי 180 גרם,טוניס/שוקולונלי,NL,שוקולד חלב מעולה,גרמים,180.00,100 גרם,false,1,17.90,9.94,true,1,
8717677338436,false,שוקולד חלב עם אגוזי לוז טוניס' שוקולונלי 180 גרם,טוניס/שוקולונלי,NL,שוקולד חלב מעולה,גרמים,180.00,100 גרם,false,1,17.90,9.94,true,1,
8717906000134,false,ענבים ירוקים יחידה,IN2FRUIT,ZA,ענבים ירוקים,יחידה,1.00,יחידה,false,1,16.90,16.90,true,1,
8718114734484,false,*מבצע* מיונז מאיי 32,יונילבר צרפת,FR,מיונז מאיי,גרמים,320.00,100 גרם,false,0,13.90,4.34,true,1,
8718951093331,false,מרידול זוג מברשות שיניים אקסטרה סופט,קולגייט פלמוליב,CH,זוג מברשות מרידו,יחידה,1.00,יחידה,false,1,24.90,24.90,true,1,
8718951144064,false,מרידול מברשת שיניים פרודונט אקספרט זוג,"ש. שסטוביץ בע""\מ",CH,זוג מברשות מרידו,יחידה,1.00,יחידה,false,1,24.90,24.90,true,1,
8718951160897,false,ספריי אקונומיקה עוצמת ה7 טריגר אגקס 500מ,קולגייט פלמוליב,GR,אג'קס אקונומיקה,מיליליטרים,500.00,"100 מ""ל",false,1,14.90,2.98,true,1,
8718951166288,false,"משחת שיניים קולגייט מקס וייט 125 מ""ל",הנסיך- מפעל לייצור ט,PL,משחת קולגייט מקס,מיליליטרים,125.00,"100 מ""ל",false,1,17.90,14.32,true,1,
8718951166561,false,משחת שיניים לרעננות מוגברת max fresh cooling crystals,הנסיך- מפעל לייצור ט,PL,משחת קולגייט מקס,מיליליטרים,125.00,"100 מ""ל",false,1,17.90,14.32,true,1,
8718951236790,false,"קולגייט טוטאל משחת שיניים קלין מינט לפה בריא 100 מ""ל",קולגייט פלמוליב,PL,קולגייט טוטל,מיליליטרים,100.00,"100 מ""ל",false,1,16.90,16.90,true,1,
8718951236806,false,"קולגייט טוטאל הלבנה משחת שיניים המסייעת בהסרת כתמים 100 מ""ל",קולגייט Colgate,PL,קולגייט טוטל,מיליליטרים,100.00,"100 מ""ל",false,1,16.90,16.90,true,1,
8718951236813,false,"קולגייט טוטאל משחת שיניים ניקוי מתקדם לפה בריא יותר 100 מ""ל",קולגייט פלמוליב,PL,משחת קולגייט,מיליליטרים,100.00,"100 מ""ל",false,1,16.90,16.90,true,1,
8718951240742,false,"קולגייט טוטאל משחת שיניים פסים מרעננים 100 מ""ל",קולגייט פלמוליב,PL,קולגייט טוטל,מיליליטרים,100.00,"100 מ""ל",false,1,16.90,16.90,true,1,
8718951247871,false,"מרסס אגקס טריגר לשירותים 500 מ""ל",CP UK,GR,אג'קס לשירותים,מיליליטרים,500.00,"100 מ""ל",false,1,14.90,2.98,true,1,
8718951259409,false,"פלמוליב תחליב רחצה נטורלס לעור עדין 750 מ""ל",קולגייט פלמוליב,TR,תחליב רחצה נטורל,מיליליטרים,750.00,"100 מ""ל",false,1,19.90,2.65,true,1,
8718951264618,false,"קולגייט אופטיק וייט פחם צ'רקול משחת שיניים, 75 מ""ל",קולגייט פלמוליב,PL,משחת קולגייט,מיליליטרים,75.00,"100 מ""ל",false,1,29.90,39.87,true,1,
8718951286733,false,"קולגייט אופטיק וייט לסטינג וייט משחת שיניים 75 מ""ל",קולגייט Colgate,PL,משחת אופטיק וויט,מיליליטרים,75.00,"100 מ""ל",false,1,29.90,39.87,true,1,
8718951314009,false,"סבון נוזלי פלמוליב פטל שחור 750 מ""ל",קולגייט פלמוליב,TR,תחליב רחצה,מיליליטרים,750.00,"100 מ""ל",false,1,19.90,2.65,true,1,
8718951315303,false,"קולגייט אדומה משחת שיניים להגנה מפני עששת 2*100 מ""ל",קולגייט פלמוליב,PL,משחת קולגייט 2יח,מיליליטרים,200.00,"100 מ""ל",false,1,19.90,9.95,true,1,
8718951319806,false,פלמוליב לגבר גל רחצה ושמפו מרענן 750 משא,פלמוליב Palmolive,TR,ג'ל רחצה לגבר,מיליליטרים,750.00,"100 מ""ל",false,1,19.90,2.65,true,1,
8718951350137,false,"פלמוליב תחליב רחצה מקדמיה וקקאו עם חמאת שיאה 750 מ""ל",קולגייט פלמוליב,TR,תחליב רחצה קקאו,מיליליטרים,750.00,"100 מ""ל",false,1,19.90,2.65,true,1,
8718951361485,false,קולגייט הלבנה+פחם 75*2מל,קולגייט פלמוליב,PL,משחת קולגייט 2יח,מיליליטרים,150.00,"100 מ""ל",false,1,39.90,26.60,true,1,
8718951365865,false,קולגייט זוג מברשות עם סיבי פחם בצפיפות ג,קולגייט פלמוליב,CN,מברשת עם סיבי פח,יחידה,1.00,יחידה,false,1,38.90,38.90,true,1,
8718951366015,false,"קולגייט - משחת שיניים אופטיק וויט אקס קומפ 75 מ""ל",CP-Poland swidnica,PL,קולגייט להלבנה,מיליליטרים,75.00,"100 מ""ל",false,1,39.90,53.20,true,1,
8718951381292,false,"משחת שיניים מקס דיטוקס פואם קולגייט 125 מ""ל",קולגייט Colgate,PL,משחת מקס דיטוקס,מיליליטרים,125.00,"100 מ""ל",false,1,17.90,14.32,true,1,
8718951385290,false,נוזל לניקוי כללי ורצפות אג'קס 2 ליטר,קולגייט פלמוליב,GR,אג'קס ניקוי כללי,ליטרים,2.00,ליטר,false,1,22.90,11.45,true,1,
8718951400474,false,"תחליב רחצה קמליה ושקדים ללא משאבה750 מ""ל פלמולי",קולגייט פלמוליב,TR,תחליב רחצה שקדים,מיליליטרים,750.00,"100 מ""ל",false,1,19.90,2.65,true,1,
8718951400597,false,"תחליב רחצה קוקוס וחלב ללא משאבה750 מ""ל פלמוליב",קולגייט פלמוליב,TR,תחליב רחצה קוקוס,מיליליטרים,750.00,"100 מ""ל",false,1,19.90,2.65,true,1,
8718951412378,false,משחת שיניים לחניכיים רגישות ולנשימה רעננה,קולגייט פלמוליב,PL,מרידול משחה,מיליליטרים,75.00,"100 מ""ל",false,1,25.90,34.53,true,1,
8718951415836,false,קולגייט מי פה פלאקס פחם לחיוך לבן 500 מל,קולגייט Colgate,PL,קולגייט מי פה,מיליליטרים,500.00,"100 מ""ל",false,1,29.90,5.98,true,1,
8718951470323,false,קולגייט סופט פואם פחם זוג מברשות שיניים,קולגייט פלמוליב,CN,זוג מברשות שינים,יחידה,1.00,יחידה,false,1,32.90,32.90,true,1,
8718951477384,false,"קולגייט משחת שיניים טוטאל ג'ל מתקדם פיור 75 מ""ל",קולגייט פלמוליב,PL,משחת טוטאל ג'ל,מיליליטרים,75.00,"100 מ""ל",false,1,19.90,26.53,true,1,
8718951509627,false,"קולגייט אופטיק וייט לאוהבי קפה ותה משחת שיניים 75 מ""ל",קולגייט פלמוליב,PL,קולגייט משחה,מיליליטרים,75.00,"100 מ""ל",false,1,29.90,39.87,true,1,
8719200998001,false,מרגרינה לאפיה ובישול בלי מלח 200 ג' בלו בנד,יוניליוור ישראל מזון בע\,IL,מרגרינה בלובנד,גרמים,200.00,100 גרם,false,1,4.50,2.25,true,1,
8719200998018,false,מחמאה מרגרינה בטעם חמאה בלובנד 200 גרם,"מיוצר ע""\י יוניליוור ישר",IL,מחמאה מרגרינה,גרמים,200.00,100 גרם,false,1,4.80,2.40,true,1,
8719200998032,false,"מרגרינה מזולה גלורי טעם חמאה 250גר 8 יחידות - כשל""פ","מיוצר ע""\י יוניליוור ישר",IL,מזולה טעם חמאה,גרמים,250.00,100 גרם,false,1,9.90,3.96,true,1,
8719900516413,false,צעצוע מאוורר אמ אנד,General,CN,מאוורר מ&מ'ס,יחידה,1.00,יחידה,false,1,14.90,14.90,true,1,
8719987552830,false,מפיות נייר תלת שכבתי מעו,,NL,מפיות,יחידה,1.00,יחידה,false,1,7.90,7.90,true,1,
8720181046605,false,דאב - דאודורנט ספריי לאישה אורגינל כחול 150מל,"יוניליוור אנגליה, דרך קו",TR,דאודורנט דאב,מיליליטרים,150.00,"100 מ""ל",false,1,14.90,9.93,true,1,
8720181090202,false,"תחליב רחצה דאב עם שמן זית, 750 מ""ל","יוניליוור גרמניה, Gmbh &",DE,תחליב רחצה דאב,מיליליטרים,750.00,"100 מ""ל",false,1,15.90,2.12,true,1,
8720181090219,false,תחליב רחצה רימונים ותמצית פרח היביסקוס,"יוניליוור גרמניה, Gmbh &",DE,תחליב רחצה דאב,מיליליטרים,750.00,"100 מ""ל",false,1,15.90,2.12,true,1,
8720182253194,false,סבון מוצק דאב מלפפונים ותה ירוק שישיית,יוניליוור,DE,סבון מוצק 6יח,גרמים,540.00,100 גרם,false,1,17.90,3.31,true,1,
8720182256362,false,שישיית סבון מוצק דאב קלאסי 540 גר',יוניליוור,DE,סבון מוצק 6יח,גרמים,540.00,100 גרם,false,1,17.90,3.31,true,1,
8801055707966,false,קפה טייסטר צו'יס נס קפה בריסטה 180ג',לוטה נסטלה קוריאה,KR,טסטרס צ'וייס,גרמים,180.00,100 גרם,false,1,29.90,16.61,true,1,
8801055709427,false,קפה נמס טסטר'ס צ'ויס אלטה ריקה 100 גרם,נסטלה קוריאה - קפה,KR,קפה טסטרס צ'ויס,גרמים,100.00,100 גרם,false,1,24.90,24.90,true,1,
8801055709434,false,קפה נמס טייסטר צ'ויס קולומביה 100 גר',נסטלה קוריאה - קפה,KR,קפה טסטרס צ'ויס,גרמים,100.00,100 גרם,false,1,24.90,24.90,true,1,
8801055709458,false,אבקה להכנת משקה קפה בטעם קפוצ'ינו קרמל,לוטה נסטלה קוריאה,KR,קפוצ'ינו קרמל,גרמים,170.00,100 גרם,false,1,19.30,11.35,true,1,
8801055709465,false,אבקה להכנת משקה קפה בטעם קפוצ'ינו וניל,נסטלה קוריאה - קפה,KR,קפוצ'ינו וניל,גרמים,185.00,100 גרם,false,1,19.30,10.43,true,1,
8801055709472,false,נסטלה - נסקפה קפוצ'ינו קלאסי 12.50 גרם * 10,נסטלה קוריאה - קפה,KR,נס קפה קפוצ'ינו,גרמים,125.00,100 גרם,false,1,19.30,15.44,true,1,
8801055709489,false,אבקה להכנת משקה קפה בטעם קפוצ'ינו אגוזים,נסטלה קוריאה - קפה,KR,נס קפה קפוצ'ינו,גרמים,180.00,100 גרם,false,1,19.30,10.72,true,1,
8809168840471,false,חטיף אצות מיובשות 9*4.5 גרם,ג'י וואן גלובול נאט,KR,חטיף אצית,גרמים,40.00,100 גרם,false,1,24.90,62.25,true,1,
8850006331699,false,שלישיית מברשת שיניים קולגייט סלים סופט,קולגייט פלמוליב,CN,3 מברשות קולגייט,יחידה,1.00,יחידה,false,1,29.90,29.90,true,1,
8850035104073,false,תירס גמדי שלם מי מלח425,דהפיס קנינג 1958,TH,תירס גמדי,גרמים,425.00,100 גרם,false,1,6.90,1.62,true,1,
8850161161247,false,קוקו מקס 100% מי קוקוס 1 ליטר,טויו סייקאן קו.אל.טי.די,TH,מי קוקוס קוקו,ליטרים,1.00,ליטר,false,1,16.90,16.90,true,1,
8850161166204,false,"קרם קוקוס 17-19% 500 מ""ל - AMPAWA",אמפווה קוקונט פרודקט,TH,קרם קוקוס,מיליליטרים,500.00,"100 מ""ל",false,1,10.90,2.18,true,1,
8850161167041,false,"קוקו וואי משקה קוקוס 270 מ""ל",טויו טייקאן קו.אל.טי.די,TH,חלב קוקוס קוקו,מיליליטרים,270.00,"100 מ""ל",false,1,9.50,3.52,true,1,
8850161167089,false,קוקו וואי משקה קוקוס 1 ליטר,טויו טייקאן קו.אל.טי.די,TH,משקה קוקוס,ליטרים,1.00,ליטר,false,1,16.90,16.90,true,1,
8850180040028,false,קמח טמפורה להכנת בלי,קרנחם אוטאי פחרה,TH,טמפורה,גרמים,500.00,100 גרם,false,0,10.90,2.18,true,1,
8850206250592,false,רוטב צ'ילי סריראצ'ה 540 גרם (מזרח ומערב),יאן וואל יון קו.לטד,TH,רוטב צ'ילי סיראצ,גרמים,530.00,100 גרם,false,1,19.90,3.75,true,1,
8850206280049,false,רוטב צ'ילי חריף מיו 250 גרם,יאן וואל יון קו.לטד,TH,רוטב צ'ילי חריף,גרמים,250.00,100 גרם,false,1,16.90,6.76,true,1,
8850367992164,false,קרם קוקוס 250 מל 20-22% ללא חומר משמר,טאפאדונגפורן קוקנט,TH,קרם קוקוס,מיליליטרים,250.00,"100 מ""ל",false,0,8.40,3.36,true,1,
8850367994779,false,מחית קארי ירוקה 50 גרם,טאפאדונגפורן קוקינט,TH,מחית קארי ירוקה,גרמים,50.00,100 גרם,false,1,5.90,11.80,true,1,
8850367994786,false,מחית קארי אדומה 50 גרם,טאפאדונגפורן קוקינט,TH,מחית קארי אדומה,גרמים,50.00,100 גרם,false,1,5.90,11.80,true,1,
8850389103111,false,סאפי משקה אלוורה בטעם ענבים 300מל,פארייפאבה אגרואינדוס,TH,משקה סאפה ענבים,מיליליטרים,300.00,"100 מ""ל",false,0,6.90,2.30,true,1,
8850389103128,false,"משקה קל סאפה בטעם תפוח 300 מ""ל",פארייפאבה אגרואינדוס,TH,משקה סאפה תפוח,מיליליטרים,300.00,"100 מ""ל",false,0,6.90,2.30,true,1,
8850389103159,false,"משקה ליצ'י עם חתיכות גלי קוקוס 320 מ""ל מוגו מוגו",סאפה פובליק קומפני לימיט,TH,מוגו ליצ'י קוקוס,מיליליטרים,320.00,"100 מ""ל",false,1,6.90,2.16,true,1,
8850389104637,false,"משקה קל סאפה אלוורה אפרסק 300 מ""ל",פארייפאבה אגרואינדוס,TH,סאפה אפרסק,מיליליטרים,300.00,"100 מ""ל",false,0,6.90,2.30,true,1,
8850389105825,false,משקה אלוורה בטעם ענבים סאפה 1 ליטר,סאפה פובליק קומפני לימיט,TH,סאפה ענבים,ליטרים,1.00,ליטר,false,0,13.90,13.90,true,1,
8850389105832,false,סאפה משקה אלוורה בטעם תפוח עם קוביות אלוורה 1 ליטר,סאפה פובליק קומפני לימיט,TH,סאפה תפוחים,ליטרים,1.00,ליטר,false,0,13.90,13.90,true,1,
8850389105849,false,סאפה משקה אלוורה מופחת קלוריות בטעם אפרסק 1 ליטר,סאפה פובליק קומפני לימיט,TH,סאפה אפרסק,ליטרים,1.00,ליטר,false,0,13.90,13.90,true,1,
8850389111352,false,"משקה מלון עם חתיכות גלי קוקוס 320 מ""ל מוגו מוגו",סאפה פובליק קומפני לימיט,TH,מוגו מלון קוקוס,מיליליטרים,320.00,"100 מ""ל",false,1,6.90,2.16,true,1,
8850389115336,false,משקה אלוורה בטעם מלון סאפה 1 ליטר,סאפה פובליק קומפני לימיט,TH,משקה אלוורה,ליטרים,1.00,ליטר,false,1,13.90,13.90,true,1,
8850632604259,false,"יוגטה, חיספוסים, ממתק חמוץ בצורת מקלות בטעם תות שדה,50 גרם",ג'נרל קנדי בעמ,TH,יוגטה ממתק חמוץ,גרמים,50.00,100 גרם,false,0,4.60,9.20,true,1,
8850632604372,false,"יוגטה, חיספוסים בצורת שטיח בטעם תות שדה 50 גרם",ג'נרל קנדי בעמ,TH,יוגטה ממתק חמוץ,גרמים,50.00,100 גרם,false,0,4.60,9.20,true,1,
8854761070114,false,צ'אבה משקה אפרסק מנגו1ל,,TH,משקה אפרסק מנגו,ליטרים,1.00,ליטר,false,1,14.10,14.10,true,1,
8854761180011,false,צ'אבה משקה מי קוקוס 1 לי,צ'אבה בנקוק,TH,משקה מי קוקוס,ליטרים,1.00,ליטר,false,1,14.10,14.10,true,1,
8854761370115,false,צ'אבה משקה מנדרין תפוז1ל,,TH,משקה מנדרין תפוז,ליטרים,1.00,ליטר,false,1,14.10,14.10,true,1,
8857101301008,false,רוטב צילי מתוק וילי 700 מל יצרןמותג: פאן,פאן אינטר,TH,רוטב צ'ילי,מיליליטרים,700.00,"100 מ""ל",false,0,10.50,1.50,true,1,
8858271002870,false,רוטב פאד תאי 250 מ'ל - מקסצ'אפ,"ייאן וואל יון בע""מ",TH,רוטב פאד תאי,מיליליטרים,250.00,"100 מ""ל",false,0,11.90,4.76,true,1,
8858271002887,false,רוטב טריאקי 250 מ'ל - מקסצ'אפ,דאנינג יוה פודס קו,TH,רוטב טריאקי,מיליליטרים,250.00,"100 מ""ל",false,1,11.90,4.76,true,1,
8858271003020,false,רוטב סויה פורמולה 1 - 700 מ'ל מקסצ'אפ,יאן ונזל יון,TH,רוטב סויה,מיליליטרים,700.00,"100 מ""ל",false,0,15.90,2.27,true,1,
8858271003921,false,רוטב קארי אדום 250 מ'ל - מקסצ'אפ,יאן וואל יאן,TH,רוטב קארי אדום,גרמים,250.00,100 גרם,false,0,11.90,4.76,true,1,
8858271003938,false,רוטב קארי ירוק 250 מ'ל - מקסצ'אפ,"ייאן וואל יון בע""מ",TH,רוטב קארי ירוק,גרמים,250.00,100 גרם,false,0,11.90,4.76,true,1,
8858271004034,false,רוטב צ'ילי חריף 700 מ'ל מקסצ'אפ,דאנינג יוה פודס קו,TH,רוטב צ'ילי חריף,מיליליטרים,700.00,"100 מ""ל",false,0,15.90,2.27,true,1,
8858271004300,false,רוטב טריאקי 700 מ'ל מקסצ'אפ,דאנינג יוה פודס קו,TH,רוטב טריאקי,מיליליטרים,700.00,"100 מ""ל",false,0,19.90,2.84,true,1,
8858271004799,false,"רוטב צילי מתוק אל פורפסיס 700 מ""ל",יאן ונזל יון,TH,רוטב צ'לי מתוק,מיליליטרים,700.00,"100 מ""ל",false,0,12.90,1.84,true,1,
8886303210504,false,"קרם קוקוס 24% 500 מ""ל ""קארה""",ג'ומון,ID,קרם קוקוס,מיליליטרים,500.00,"100 מ""ל",false,1,14.90,2.98,true,1,
8886303210542,false,"קארה קרם קוקונט 17% 400 מ""ל",ג'ומון,ID,קרם קוקוס,מיליליטרים,400.00,"100 מ""ל",false,1,9.90,2.48,true,1,
8888021200256,false,סוללות אנרג'ייזר AA מקס 8 יחידות,יצרן: אנרג'ייזר סינג,SG,שמינית סוללות,יחידה,1.00,יחידה,false,0,24.90,24.90,true,1,
8888021200720,false,סוללות אנרג'ייזר AAA מקס 8 יחידות,יצרן: אנרג'ייזר סינג,SG,8 סוללות AAA,יחידה,1.00,יחידה,false,0,24.90,24.90,true,1,
8901537024014,false,"אורז בסמטי מובחר 1 ק""ג - דוואט) יורה דיעה",הנסיך- מפעל לייצור ט,IN,אורז בסמטי דאווט,קילוגרמים,1.00,"ק""ג",false,0,12.90,12.90,true,1,
8901537076679,false,"אורז בסמטי חום מהדרין ויליפוד 1 ק""ג",האי נאם סי או אל.טי.,IN,אורז בסמטי חום,קילוגרמים,1.00,"ק""ג",false,1,15.90,15.90,true,1,
8934878081811,false,"דפי אורז 22 ס""מ 400 גר'(Trav) ללא גלוטן",דאנינג יוה פודס קו,VN,דפים אורז למילוי,גרמים,400.00,100 גרם,false,0,11.90,2.98,true,1,
8934878081866,false,"דפי אורז 22 ס""מ מרובעים 400 גרם TRAV",Chanh Khang Company,TH,דפי אורז מרובעים,גרמים,400.00,100 גרם,false,1,12.90,3.23,true,1,
9000101380255,false,פרסיל דיסקס לכביסה ניקיון היגייני 22 יחידות,פרסיל Persil,HU,פרסילקפסולות,יחידה,1.00,יחידה,false,1,34.90,34.90,true,1,
9000101418163,false,שלישיית סבון אסלה בניחוח מתחלף תפוח ירוק ברף,ברף Bref,RS,ברף לאסלה 3 יח,גרמים,150.00,100 גרם,false,1,14.90,9.94,true,1,
9000101504484,false,קולור קאצר +ניקיון הגייני 10 שקיות,"הנקל סוד בע""\מ",HU,קולור קאצ'ר,יחידה,1.00,יחידה,false,1,19.90,19.90,true,1,
9000101512526,false,פרסיל - פאוור קאפס קפסולות ג'ל מרוכזות לכביסה 26 יח',פרסיל Persil,RS,פרסיל ג'ל,יחידה,1.00,יחידה,false,1,34.90,34.90,true,1,
9000101520965,false,"סבון אסלה בניחוח מתחלף לוטוס עדין במבוק, 3 יחידות",ברף Bref,RS,ברף לאסלה 3 יח,גרמים,150.00,100 גרם,false,1,14.90,9.94,true,1,
9000101537550,false,פרסיל קאפסולות לכביסה לבנה וצבעונית 52 יח',הנקל סוד,HU,פרסיל פאוור קאפס,יחידה,1.00,יחידה,false,1,49.90,49.90,true,1,
9000101537581,false,פרסיל קאפסולות לכביסה צבעונית 52 יחידו,הנקל סוד,HU,פרסיל פאוור קאפס,יחידה,1.00,יחידה,false,1,49.90,49.90,true,1,
9000101548419,false,קולור קאצ`ר דפים למכונת לכביסה מחדש צבע לבן 18 יח',"הנקל סוד בע""\מ",IE,קולר קאצ'ר לבן,יחידה,1.00,יחידה,false,1,19.90,19.90,true,1,
9001616702600,false,זוג מוצצים סיליקון מאמ 0-2 ורוד,General,HU,זוג מוצצים 0-2 ב,יחידה,1.00,יחידה,false,1,39.90,39.90,true,1,
9001616702730,false,זוג מוצצי סיליקון לאב אנד אפקשן 6+ ו רוד,General,HU,זוג מוצצים +6 או,יחידה,1.00,יחידה,false,1,39.90,39.90,true,1,
9001616813856,false,מוצצי +6 יום לילה מארז שלישיה,מאמ,AT,מוצצים יום ולילה,יחידה,1.00,יחידה,false,1,39.90,39.90,true,1,
9002859058172,false,בונבוניירה בננה ציפוי שוקולד מריר 300 גר,GUNZ WARENHANDELS,AT,בננה בציפוי מריר,גרמים,300.00,100 גרם,false,0,13.80,4.60,true,1,
9002975393812,false,סוכריות גילי הריבו האפי צירי 70 גרם,"האריבו , ג'\י.אם.בי.אייץ",,סוכריות הריבו,יחידה,1.00,יחידה,false,0,6.90,6.90,true,1,
9002975393829,false,הריבו סוכריות גומי אפרסק 70 גרם,"האריבו , ג'\י.אם.בי.אייץ",,סוכריות הריבו,יחידה,1.00,יחידה,false,0,6.90,6.90,true,1,
9002975393850,false,סוכריות גילי הריבו וורמס 70 גרם,"האריבו , ג'\י.אם.בי.אייץ",,סוכריות הריבו,יחידה,1.00,יחידה,false,0,6.90,6.90,true,1,
9007829022023,false,"סוכר 1 ק""ג יוחננוף","אגרנה צוקר בע""מ",AT,"סוכר לבן 1 ק""ג",קילוגרמים,1.00,"ק""ג",false,1,4.90,4.90,true,1,
9009200012500,false,סוכריות גומי אורגני 100ג,פאז,AT,סוכריות גומי,גרמים,100.00,100 גרם,false,1,12.90,12.90,true,1,
9044400851672,false,סוכריות פז סוגים שונים + 3 מילויים,פז פרודקשיין יורו,HU,בובת פז ט.פירות,יחידה,1.00,יחידה,false,1,10.90,10.90,true,1,
9120025834723,false,חטיף אוראו מצונן 120 גרם רבנות,בובארד איטליה אס.פי.,IT,חטיף אוראו מצונן,גרמים,120.00,100 גרם,false,1,15.00,12.50,true,1,
9120025839896,false,חטיף מילקה מצונן 128 גרם,בובארד איטליה אס.פי.,IT,חטיף מילקה מצונן,גרמים,120.00,100 גרם,false,1,15.00,12.50,true,1,
9120097310583,false,חטיף שוקו בננה מיניונים מצונן 108 גרם רבנות,בובארד איטליה אס.פי.,IT,חטיף שוקו מצונן,גרמים,120.00,100 גרם,false,1,15.00,12.50,true,1,
9310072028743,false,טים טם ביסקוויט במילוי שוקולד 200 גרם,"ארנוטס ביסקוויטס בע""",AU,טים טם אורגינל,גרמים,200.00,100 גרם,false,1,19.90,9.95,true,1,
9310072028750,false,טים טם Tim Tam וופל שוקולד ציפוי כפול,"ארנוטס ביסקוויטס בע""",AU,טים טם דאבל,גרמים,200.00,100 גרם,false,1,19.90,9.95,true,1,
9310088007015,false,דיפנד תחבושות אוברנייט בלילה,קימברלי-קלארק,CN,תחבושות דיפנד,יחידה,1.00,יחידה,false,0,19.90,19.90,true,1,
9322969000015,false,פריכיות תירס בטעם אורגינל ריל פודס 150 ג',אף.סי תבליני בגליל ב,AU,פריכיות תירס,גרמים,150.00,100 גרם,false,0,12.80,8.53,true,1,
9322969000022,false,"ריל פוד פריכיות תירס עם סויה וזרעי פשתן, ללא גלוטן 150 גרם",אף.סי תבליני בגליל ב,AU,פריכיות תירס,גרמים,150.00,100 גרם,false,0,12.80,8.53,true,1,
9322969000039,false,פריכיות תירס 150 גרם עם 5 סוגי דגנים,ריאל פודס בעמ,AU,פריכיות תירס,גרמים,150.00,100 גרם,false,1,12.80,8.53,true,1,
9322969000046,false,פריכיות תירס שומשום אורגני ריל פודס 150 ג',אף.סי תבליני בגליל ב,AU,פריכיות תירס,גרמים,150.00,100 גרם,false,0,12.80,8.53,true,1,
9720188050109,false,ממרח על בסיס סויה בסגנון גבינה טופוטי 225 גרם,טופוטי ברנדס אינק.ג',IL,ממרח טופו גבינה,גרמים,225.00,100 גרם,false,0,19.90,8.84,true,1,
