code,internal_code,name,manufacturer_name,manufacture_country,manufacturer_item_description,unit_qty,quantity,unit_of_measure,weighted,qty_in_package,price,unit_of_measure_price,allow_discount,status,item_id
55,true,משלוחים לבית,,,משלוחים לבית,יחידה,0.00,יחידה,false,,29.90,0.0000,true,1,54571
103,true,לחמניה בריאות,,,לחמניה בריאות,יח',1.00,יח',false,,3.90,3.9000,true,1,3187
116,true,פלסטונים,,,פלסטונים,יחידה,0.00,יחידה,false,,4.90,0.0000,true,1,20240
161,true,קישוא עגול,,,קישוא עגול,קילוגרמים,1.00,"ק""ג",true,,13.90,13.9000,true,1,54589
173,true,דלעת ערמונים,,,דלעת ערמונים,קילוגרמים,1.00,"ק""ג",true,,12.90,12.9000,true,1,54594
301,true,בקבוק ריק חוזר בירה,,,בקבוק ריק חוזר בירה,יחידה,0.00,יחידה,false,,1.20,0.0000,true,1,7178
374,true,פטריות שמפניון,,,פטריות שמפניון,יח',1.00,יח',false,,10.90,10.9000,true,1,54620
413,true,רול/קוקטייל בולגרית/,,,רול/קוקטייל בולגרית/,קילוגרמים,1.00,"ק""ג",true,,55.00,55.0000,true,1,2828
572,true,קופון מצטרף חדש למוע,,,קופון מצטרף חדש למוע,יחידה,0.00,יחידה,false,,0.01,0.0000,true,1,37970
573,true,קופון מצטרף חדש למוע,,,קופון מצטרף חדש למוע,יחידה,0.00,יחידה,false,,0.01,0.0000,true,1,37971
574,true,קופון מצטרף חדש למוע,,,קופון מצטרף חדש למוע,יחידה,0.00,יחידה,false,,14.90,0.0000,true,1,37972
996,true,חלה קלועה,,,חלה קלועה,יח',1.00,יח',false,,13.90,13.9000,true,1,210096
998,true,חלה מתוקה קלועה,,,חלה מתוקה קלועה,יח',1.00,יח',false,,13.90,13.9000,true,1,2840
1009,true,בגט שלם,,,בגט שלם,יח',1.00,יח',false,,5.50,5.5000,true,1,66436
1011,true,לחמנית קוראסול,,,לחמנית קוראסול,יח',1.00,יח',false,,5.20,5.2000,true,1,66438
1014,true,בגט רוסטיק,,,בגט רוסטיק,יח',1.00,יח',false,,9.90,9.9000,true,1,2846
1020,true,שליש בגט,,,שליש בגט,יח',1.00,יח',false,,3.70,3.7000,true,1,2849
1028,true,חצי בגט,,,חצי בגט,יח',1.00,יח',false,,4.50,4.5000,true,1,66439
1043,true,כרוב לבן כשר,,,כרוב לבן כשר,קילוגרמים,1.00,"ק""ג",true,,14.90,14.9000,true,1,54706
1058,true,חלה רגילה/חלה ציפורי,,,חלה רגילה/חלה ציפורי,גרמים,500.00,100 גרם,false,,5.17,1.0340,true,1,5033
1073,true,סופגניה גדולה בודדת,,,סופגניה גדולה בודדת,יחידה,0.00,יחידה,false,,4.30,0.0000,true,1,105759
1079,true,מיני סופגניה בודדת,,,מיני סופגניה בודדת,יחידה,0.00,יחידה,false,,3.60,0.0000,true,1,97380
1091,true,צנונית בייבי,,,צנונית בייבי,גרמים,400.00,100 גרם,false,,7.90,1.9750,true,1,54716
1095,true,בייבי בטטה,,,בייבי בטטה,יח',1.00,יח',false,,9.90,9.9000,true,1,54719
1201,true,לחמניה מזונות 90 גרם,,,לחמניה מזונות 90 גרם,גרמים,90.00,100 גרם,false,,2.90,3.2222,true,1,66850
1475,true,עגבניות מגי  (שקיל),,,עגבניות מגי  (שקיל),קילוגרמים,1.00,"ק""ג",true,,14.90,14.9000,true,1,282255
1476,true,לימון סיני,,,לימון סיני,קילוגרמים,1.00,"ק""ג",true,,13.90,13.9000,true,1,102719
1488,true,אשכולית אדומה,,,אשכולית אדומה,קילוגרמים,1.00,"ק""ג",true,,6.90,6.9000,true,1,54738
1494,true,תפו`א לבן תפזורת,,,תפו`א לבן תפזורת,קילוגרמים,1.00,"ק""ג",true,,5.90,5.9000,true,1,54744
1495,true,תפו`א  אדום תפזורת,,,תפו`א  אדום תפזורת,קילוגרמים,1.00,"ק""ג",true,,6.90,6.9000,true,1,102649
1499,true,עגבניות תמר,,,עגבניות תמר,קילוגרמים,1.00,"ק""ג",true,,8.90,8.9000,true,1,54749
1500,true,פלפל כתום,,,פלפל כתום,קילוגרמים,1.00,"ק""ג",true,,10.90,10.9000,true,1,54750
1501,true,עגבניות,,,עגבניות,קילוגרמים,1.00,"ק""ג",true,,8.90,8.9000,true,1,54751
1502,true,מלפפונים,,,מלפפונים,קילוגרמים,1.00,"ק""ג",true,,8.90,8.9000,true,1,54752
1503,true,גזר ארוז,,,גזר ארוז,קילוגרמים,1.00,"ק""ג",true,,5.90,5.9000,true,1,54753
1504,true,סלק,,,סלק,קילוגרמים,1.00,"ק""ג",true,,5.90,5.9000,true,1,54754
1505,true,כרוב לבן,,,כרוב לבן,קילוגרמים,1.00,"ק""ג",true,,5.90,5.9000,true,1,54755
1506,true,כרוב אדום,,,כרוב אדום,קילוגרמים,1.00,"ק""ג",true,,5.90,5.9000,true,1,54756
1507,true,כרובית,,,כרובית,קילוגרמים,1.00,"ק""ג",true,,13.90,13.9000,true,1,54757
1510,true,קישואים,,,קישואים,קילוגרמים,1.00,"ק""ג",true,,9.90,9.9000,true,1,54759
1511,true,חצילים,,,חצילים,קילוגרמים,1.00,"ק""ג",true,,8.90,8.9000,true,1,54760
1513,true,פלפל ירוק,,,פלפל ירוק,קילוגרמים,1.00,"ק""ג",true,,10.90,10.9000,true,1,54761
1515,true,פלפל חריף,,,פלפל חריף,קילוגרמים,1.00,"ק""ג",true,,10.90,10.9000,true,1,54763
1516,true,פלפל אדום,,,פלפל אדום,קילוגרמים,1.00,"ק""ג",true,,10.90,10.9000,true,1,54764
1517,true,פלפל רומרו,,,פלפל רומרו,קילוגרמים,1.00,"ק""ג",true,,16.90,16.9000,true,1,102726
1518,true,מלון,,,מלון,קילוגרמים,1.00,"ק""ג",true,,7.90,7.9000,true,1,54766
1519,true,בצל יבש,,,בצל יבש,קילוגרמים,1.00,"ק""ג",true,,5.90,5.9000,true,1,54767
1521,true,קולורבי,,,קולורבי,קילוגרמים,1.00,"ק""ג",true,,9.90,9.9000,true,1,54768
1527,true,פטרוזיליה גומי,,,פטרוזיליה גומי,יח',1.00,יח',false,,3.90,3.9000,true,1,54773
1528,true,כוסברה גומי,,,כוסברה גומי,יח',1.00,יח',false,,3.90,3.9000,true,1,54774
1529,true,שמיר גומי,,,שמיר גומי,יח',1.00,יח',false,,3.90,3.9000,true,1,54775
1530,true,נענע גומי,,,נענע גומי,יח',1.00,יח',false,,3.90,3.9000,true,1,54776
1535,true,תפו`א אדום ארוז,,,תפו`א אדום ארוז,קילוגרמים,1.00,"ק""ג",true,,5.90,5.9000,true,1,54781
1542,true,ערמונים,,,ערמונים,קילוגרמים,1.00,"ק""ג",true,,19.90,19.9000,true,1,54788
1545,true,שום ארוז ייבוא יח',,,שום ארוז ייבוא יח',יח',1.00,יח',false,,5.90,5.9000,true,1,54791
1547,true,שומר,,,שומר,קילוגרמים,1.00,"ק""ג",true,,8.90,8.9000,true,1,54793
1550,true,תפו`א לבן ארוז,,,תפו`א לבן ארוז,קילוגרמים,1.00,"ק""ג",true,,4.90,4.9000,true,1,54796
1551,true,לימון,,,לימון,קילוגרמים,1.00,"ק""ג",true,,8.90,8.9000,true,1,54797
1552,true,תפוז,,,תפוז,קילוגרמים,1.00,"ק""ג",true,,6.90,6.9000,true,1,54798
1553,true,ענב לבן,,,ענב לבן,קילוגרמים,1.00,"ק""ג",true,,29.90,29.9000,true,1,54799
1555,true,תפוז ארוז,,,תפוז ארוז,קילוגרמים,1.00,"ק""ג",true,,5.90,5.9000,true,1,54801
1556,true,בננה מובחרת,,,בננה מובחרת,קילוגרמים,1.00,"ק""ג",true,,8.90,8.9000,true,1,54802
1558,true,אשכולית צהובה,,,אשכולית צהובה,קילוגרמים,1.00,"ק""ג",true,,6.90,6.9000,true,1,54804
1560,true,דלעת ארוזה,,,דלעת ארוזה,קילוגרמים,1.00,"ק""ג",true,,10.90,10.9000,true,1,54806
1561,true,תפוח עץ זהוב,,,תפוח עץ זהוב,קילוגרמים,1.00,"ק""ג",true,,11.90,11.9000,true,1,54807
1562,true,תפוח עץ יונתן,,,תפוח עץ יונתן,קילוגרמים,1.00,"ק""ג",true,,11.90,11.9000,true,1,54808
1563,true,תפוח עץ חרמון,,,תפוח עץ חרמון,קילוגרמים,1.00,"ק""ג",true,,11.90,11.9000,true,1,54809
1564,true,תפוח עץ סמיט,,,תפוח עץ סמיט,קילוגרמים,1.00,"ק""ג",true,,11.90,11.9000,true,1,54810
1568,true,רימון,,,רימון,קילוגרמים,1.00,"ק""ג",true,,9.90,9.9000,true,1,54813
1570,true,קלמנטינה,,,קלמנטינה,קילוגרמים,1.00,"ק""ג",true,,6.90,6.9000,true,1,54815
1571,true,פלפל שושקה,,,פלפל שושקה,קילוגרמים,1.00,"ק""ג",true,,14.90,14.9000,true,1,54816
1572,true,אבוקדו מובחר,,,אבוקדו מובחר,קילוגרמים,1.00,"ק""ג",true,,11.90,11.9000,true,1,54817
1573,true,מנגו,,,מנגו,קילוגרמים,1.00,"ק""ג",true,,12.90,12.9000,true,1,54818
1574,true,בטטה מתוקה,,,בטטה מתוקה,קילוגרמים,1.00,"ק""ג",true,,9.90,9.9000,true,1,54819
1576,true,אגס,,,אגס,קילוגרמים,1.00,"ק""ג",true,,15.90,15.9000,true,1,54820
1577,true,אגס נאשי,,,אגס נאשי,קילוגרמים,1.00,"ק""ג",true,,17.90,17.9000,true,1,54821
1581,true,פלפל צהוב,,,פלפל צהוב,קילוגרמים,1.00,"ק""ג",true,,10.90,10.9000,true,1,54824
1588,true,תירס ארוז,,,תירס ארוז,קילוגרמים,1.00,"ק""ג",true,,6.90,6.9000,true,1,54829
1591,true,ענב אדום,,,ענב אדום,קילוגרמים,1.00,"ק""ג",true,,23.90,23.9000,true,1,54831
1595,true,חציל בלדי,,,חציל בלדי,קילוגרמים,1.00,"ק""ג",true,,11.90,11.9000,true,1,54834
1601,true,סלרי חתוך ליח,,,סלרי חתוך ליח,יח',1.00,יח',false,,6.90,6.9000,true,1,54839
1603,true,אבוקדו ברשת,,,אבוקדו ברשת,קילוגרמים,1.00,"ק""ג",true,,14.90,14.9000,true,1,99611
1604,true,אפרסמון,,,אפרסמון,קילוגרמים,1.00,"ק""ג",true,,17.90,17.9000,true,1,54842
1605,true,גויאבה,,,גויאבה,קילוגרמים,1.00,"ק""ג",true,,17.90,17.9000,true,1,54843
1608,true,זנגוויל\גינגיר תפזור,,,זנגוויל\גינגיר תפזור,קילוגרמים,1.00,"ק""ג",true,,25.90,25.9000,true,1,54846
1610,true,שרי אשכולות לקג,,,שרי אשכולות לקג,קילוגרמים,1.00,"ק""ג",true,,22.90,22.9000,true,1,54847
1613,true,דלורית,,,דלורית,קילוגרמים,1.00,"ק""ג",true,,6.90,6.9000,true,1,54850
1614,true,סברס,,,סברס,קילוגרמים,1.00,"ק""ג",true,,34.90,34.9000,true,1,54851
1615,true,בצל אדום,,,בצל אדום,קילוגרמים,1.00,"ק""ג",true,,6.90,6.9000,true,1,54852
1616,true,כוסברה כשר,,,כוסברה כשר,יח',1.00,יח',false,,5.90,5.9000,true,1,55588
1617,true,אננס,,,אננס,יח',1.00,יח',false,,44.90,44.9000,true,1,54853
1618,true,אפרסמון קרמבו,,,אפרסמון קרמבו,קילוגרמים,1.00,"ק""ג",true,,19.90,19.9000,true,1,98056
1619,true,פומלית,,,פומלית,קילוגרמים,1.00,"ק""ג",true,,6.90,6.9000,true,1,54855
1620,true,קיווי,,,קיווי,קילוגרמים,1.00,"ק""ג",true,,19.90,19.9000,true,1,54856
1621,true,קרמבולה,,,קרמבולה,קילוגרמים,1.00,"ק""ג",true,,39.90,39.9000,true,1,54857
1632,true,קישוא זוקיני ירוק,,,קישוא זוקיני ירוק,קילוגרמים,1.00,"ק""ג",true,,12.90,12.9000,true,1,54865
1636,true,פיטאיה,,,פיטאיה,גרמים,700.00,100 גרם,false,,22.90,3.2714,true,1,102741
1645,true,תפוח עץ גלה,,,תפוח עץ גלה,קילוגרמים,1.00,"ק""ג",true,,11.90,11.9000,true,1,54873
1670,true,"בטטה קסביה (תפו""א יר",,,"בטטה קסביה (תפו""א יר",קילוגרמים,1.00,"ק""ג",true,,19.90,19.9000,true,1,54884
1683,true,תפוח עץ פינק קריפס,,,תפוח עץ פינק קריפס,קילוגרמים,1.00,"ק""ג",true,,16.90,16.9000,true,1,54895
1708,true,גזר תפזורת,,,גזר תפזורת,קילוגרמים,1.00,"ק""ג",true,,6.90,6.9000,true,1,54912
1733,true,שורש פטרוזיליה,,,שורש פטרוזיליה,יח',1.00,יח',false,,6.90,6.9000,true,1,54920
1841,true,תפוח פינק קריפס  מאר,,,תפוח פינק קריפס  מאר,גרמים,600.00,100 גרם,false,,12.90,2.1500,true,1,54947
1883,true,שום יבש תפזורת,,,שום יבש תפזורת,קילוגרמים,1.00,"ק""ג",true,,19.90,19.9000,true,1,62179
1967,true,ענב בוטיק סייבל,,,ענב בוטיק סייבל,קילוגרמים,1.00,"ק""ג",true,,23.90,23.9000,true,1,81736
1977,true,לימון,,,לימון,קילוגרמים,1.00,"ק""ג",true,,8.90,8.9000,true,1,500594
1988,true,כרובית ארוזה,,,כרובית ארוזה,יח',1.00,יח',false,,13.90,13.9000,true,1,242325
1989,true,תירס לבן ארוז יח',,,תירס לבן ארוז יח',קילוגרמים,1.20,"ק""ג",false,,9.90,8.2500,true,1,243368
2000,true,"בורקס גבינה/תפו""א",,,"בורקס גבינה/תפו""א",קילוגרמים,1.00,"ק""ג",true,,45.00,45.0000,true,1,2860
2002,true,עוגיות שמרים/ביס חיט,,,עוגיות שמרים/ביס חיט,קילוגרמים,1.00,"ק""ג",true,,42.00,42.0000,true,1,2862
2008,true,רוגלך,,,רוגלך,קילוגרמים,1.00,"ק""ג",true,,41.00,41.0000,true,1,39756
2012,true,*מבצע* אוזני פיל פרו,,,*מבצע* אוזני פיל פרו,קילוגרמים,1.00,"ק""ג",true,,27.90,27.9000,true,1,65201
2244,true,חלה וויזניץ 500 גרם,,,חלה וויזניץ 500 גרם,יח',1.00,יח',false,,19.90,19.9000,true,1,472695
3500,true,עוף טרי שלם,,,עוף טרי שלם,קילוגרמים,1.00,"ק""ג",true,,19.90,19.9000,true,1,28000
3501,true,כרעיים עוף טרי,,,כרעיים עוף טרי,קילוגרמים,1.00,"ק""ג",true,,29.90,29.9000,true,1,28001
3502,true,חזה עוף טרי,,,חזה עוף טרי,קילוגרמים,1.00,"ק""ג",true,,34.90,34.9000,true,1,28002
3507,true,שניצל עוף פרוס טרי,,,שניצל עוף פרוס טרי,קילוגרמים,1.00,"ק""ג",true,,38.90,38.9000,true,1,20241
3512,true,שוארמה נקבה טרי,,,שוארמה נקבה טרי,קילוגרמים,1.00,"ק""ג",true,,74.90,74.9000,true,1,28010
3517,true,שוקיים פטם טרי,,,שוקיים פטם טרי,קילוגרמים,1.00,"ק""ג",true,,34.90,34.9000,true,1,28014
3520,true,ירכיים עוף טרי,,,ירכיים עוף טרי,קילוגרמים,1.00,"ק""ג",true,,29.90,29.9000,true,1,28017
3522,true,שוארמה פרגיות טרי,,,שוארמה פרגיות טרי,קילוגרמים,1.00,"ק""ג",true,,59.90,59.9000,true,1,28018
3546,true,בשר עוף טרי טחון,,,בשר עוף טרי טחון,קילוגרמים,1.00,"ק""ג",true,,36.90,36.9000,true,1,16079
3551,true,גרון עוף טרי,,,גרון עוף טרי,קילוגרמים,1.00,"ק""ג",true,,7.90,7.9000,true,1,41485
4015,true,קוקוס ראש,,,קוקוס ראש,יח',1.00,יח',false,,6.90,6.9000,true,1,54991
4650,true,5 יח' לחמניות שמיניה,,,5 יח' לחמניות שמיניה,יח',1.00,יח',false,,18.90,18.9000,true,1,216422
6013,true,"תרומה פתחון לב 10 ש""",,,"תרומה פתחון לב 10 ש""",יחידה,0.00,יחידה,false,,10.00,0.0000,true,1,414027
7664,true,שרי תמר תפזורת לובלו,,,שרי תמר תפזורת לובלו,קילוגרמים,1.00,"ק""ג",true,,22.90,22.9000,true,1,54994
8888,true,פיקדון זיכוי לקוח,,,פיקדון זיכוי לקוח,יחידה,0.00,יחידה,false,,0.30,0.0000,true,1,39511
9999,true,פיקדון בקבוקים,,,פיקדון בקבוקים,יחידה,0.00,יחידה,false,,0.30,0.0000,true,1,17
5678585,true,ענב סקרלוטה,,,ענב סקרלוטה,קילוגרמים,1.00,"ק""ג",true,,23.90,23.9000,true,1,130677
12295973,false,רוקולה  100 גר  בוסת,,,רוקולה  100 גר  בוסת,יח',1.00,יח',false,,9.90,9.9000,true,1,93851
32147230,false,מיץ לימון סיצילייה 2,,,מיץ לימון סיצילייה 2,מיליליטרים,200.00,"100 מ""ל",false,,7.90,3.9500,true,1,6083
40084107,false,ביצת קינדר,,,ביצת קינדר,גרמים,20.00,100 גרם,false,,7.30,36.5000,true,1,85045
72940754,false,"מילקי וניל 170 מ""ל",,,"מילקי וניל 170 מ""ל",מיליליטרים,170.00,"100 מ""ל",false,,2.90,1.7059,true,1,24727
72940761,false,מילקי שוקולד מהדרין,,,מילקי שוקולד מהדרין,מיליליטרים,170.00,"100 מ""ל",false,,2.90,1.7059,true,1,24728
72940952,false,מילקי אקסטראה קצפת מ,,,מילקי אקסטראה קצפת מ,מיליליטרים,110.00,"100 מ""ל",false,,4.10,3.7273,true,1,24729
72941041,false,מיני מילקי שוקולד 70,,,מיני מילקי שוקולד 70,מיליליטרים,70.00,"100 מ""ל",false,,2.50,3.5714,true,1,24732
72945308,false,שמרית קוביות שמרים ל,,,שמרית קוביות שמרים ל,גרמים,50.00,100 גרם,false,,4.00,8.0000,true,1,24733
72961506,false,פרילי תות 1.5% 125מל,,,פרילי תות 1.5% 125מל,מיליליטרים,125.00,"100 מ""ל",false,,3.90,3.1200,true,1,27094
72961520,false,פרילי אננס 1.5% 125מ,,,פרילי אננס 1.5% 125מ,מיליליטרים,125.00,"100 מ""ל",false,,3.90,3.1200,true,1,27096
72961544,false,באדי תות 125מל,,,באדי תות 125מל,מיליליטרים,125.00,"100 מ""ל",false,,3.50,2.8000,true,1,27097
72986370,false,גלידת פיינטים וניל צ,,,גלידת פיינטים וניל צ,מיליליטרים,420.00,"100 מ""ל",false,,26.90,6.4048,true,1,15064
72986424,false,גלידת פיינטים קרם עו,,,גלידת פיינטים קרם עו,מיליליטרים,420.00,"100 מ""ל",false,,26.90,6.4048,true,1,15065
72986448,false,גלידת טופי קרנץ,,,גלידת טופי קרנץ,מיליליטרים,420.00,"100 מ""ל",false,,26.90,6.4048,true,1,15066
72986455,false,גלידת פיינטים ניו-יו,,,גלידת פיינטים ניו-יו,מיליליטרים,420.00,"100 מ""ל",false,,26.90,6.4048,true,1,15067
72986479,false,גלידת פיינטים צאנקי,,,גלידת פיינטים צאנקי,מיליליטרים,420.00,"100 מ""ל",false,,26.90,6.4048,true,1,15068
72989425,false,גלידת פיינטים שוקולד,,,גלידת פיינטים שוקולד,מיליליטרים,500.00,"100 מ""ל",false,,26.90,5.3800,true,1,15070
72991374,false,טיים רד,,,טיים רד,יחידה,0.00,יחידה,false,,29.90,0.0000,false,1,5167
72991381,false,טיים רד ארוך,,,טיים רד ארוך,יחידה,0.00,יחידה,false,,29.90,0.0000,false,1,5168
72993637,false,דני מהדרין שוקו בודד,,,דני מהדרין שוקו בודד,מיליליטרים,125.00,"100 מ""ל",false,,2.90,2.3200,true,1,24736
80042563,false,רסק עגבניות פאסטה מו,,,רסק עגבניות פאסטה מו,גרמים,700.00,100 גרם,false,,12.90,1.8429,true,1,167712
80052760,false,חטיף קינדר בואנו שוק,,,חטיף קינדר בואנו שוק,גרמים,43.00,100 גרם,false,,5.50,12.7907,true,1,48721
80136194,false,הפי היפו 5*20ג,,,הפי היפו 5*20ג,גרמים,102.00,100 גרם,false,,15.50,15.1961,true,1,108404
80176800,false,ממרח שוקולד נוטלה 75,,,ממרח שוקולד נוטלה 75,גרמים,750.00,100 גרם,false,,27.90,3.7200,true,1,48723
80177173,false,ממרח נוטלה קקאו עם א,,,ממרח נוטלה קקאו עם א,גרמים,350.00,100 גרם,false,,16.90,4.8286,true,1,48724
80177609,false,קינדר אצבעות שוק.חלב,,,קינדר אצבעות שוק.חלב,גרמים,50.00,100 גרם,false,,5.50,11.0000,true,1,48725
80177616,false,אצבעות שוקולד קינדר,,,אצבעות שוקולד קינדר,גרמים,100.00,100 גרם,false,,8.90,8.9000,true,1,48726
80761761,false,קינדר בואנו לבן 39ג,,,קינדר בואנו לבן 39ג,גרמים,43.00,100 גרם,false,,5.50,12.7907,true,1,48727
80773429,false,מסטיק מנטוס בקבוק בט,,,מסטיק מנטוס בקבוק בט,גרמים,60.00,100 גרם,false,,10.90,18.1667,true,1,114210
80773443,false,מסטיק מנטוס בקבוק בט,,,מסטיק מנטוס בקבוק בט,גרמים,60.00,100 גרם,false,,10.90,18.1667,true,1,84883
80790990,false,מסטיק מנטוס בקבוק בט,,,מסטיק מנטוס בקבוק בט,גרמים,60.00,100 גרם,false,,10.90,18.1667,true,1,84884
80864295,false,מנטוס פיור וויט ללא,,,מנטוס פיור וויט ללא,גרמים,60.00,100 גרם,false,,10.90,18.1667,true,1,374710
80874652,false,קינדר קארדס חטיף בוד,,,קינדר קארדס חטיף בוד,גרמים,25.60,100 גרם,false,,4.50,17.5781,true,1,139069
80896081,false,מסטיק מנטוס בקבוק בט,,,מסטיק מנטוס בקבוק בט,גרמים,60.00,100 גרם,false,,10.90,18.1667,true,1,114215
80913467,false,מסטיק מנטוס בקבוק בט,,,מסטיק מנטוס בקבוק בט,גרמים,60.00,100 גרם,false,,10.90,18.1667,true,1,84885
80945468,false,מנטוס פיור וויט ללא,,,מנטוס פיור וויט ללא,גרמים,60.00,100 גרם,false,,10.90,18.1667,true,1,374711
80986348,false,מנטוס פיור וויט ללא,,,מנטוס פיור וויט ללא,גרמים,60.00,100 גרם,false,,10.90,18.1667,true,1,374712
80995128,false,מסטיק מנטוס ויטמין ל,,,מסטיק מנטוס ויטמין ל,גרמים,60.00,100 גרם,false,,10.90,18.1667,true,1,497871
87108538,false,מנטוס תות בגליל 37.5,,,מנטוס תות בגליל 37.5,גרמים,37.50,100 גרם,false,,4.50,12.0000,true,1,13743
87108651,false,סוכריות מנטוס מנטה 1,,,סוכריות מנטוס מנטה 1,גרמים,150.00,100 גרם,false,,12.90,8.6000,true,1,13744
87108712,false,סוכריות מנטוס פירות,,,סוכריות מנטוס פירות,גרמים,150.00,100 גרם,false,,12.90,8.6000,true,1,13745
90087011,false,מיץ תפוחים 1 ליטר,,,מיץ תפוחים 1 ליטר,ליטרים,1.00,ליטר,false,,12.50,12.5000,true,1,104013
198888886,false,עיגול אגורות,,,עיגול אגורות,יחידה,0.00,יחידה,false,,1.00,0.0000,true,1,57462
9800800056,false,ממרח נוטלה & GO,,,ממרח נוטלה & GO,גרמים,52.00,100 גרם,false,,5.90,11.3462,true,1,48731
10900678148,false,רדיד אלומיניום נון ס,,,רדיד אלומיניום נון ס,יחידה,0.00,יחידה,false,,15.90,0.0000,true,1,371447
11182700954,false,שעועית שחורה 232 גרם,,,שעועית שחורה 232 גרם,גרמים,439.00,100 גרם,false,,10.90,2.4829,true,1,64504
11210000094,false,טבסקו,,,טבסקו,מיליליטרים,60.00,"100 מ""ל",false,,13.90,23.1667,true,1,51611
13300002865,false,ציפוי עוגה פאן פטי ש,,,ציפוי עוגה פאן פטי ש,גרמים,442.00,100 גרם,false,,19.90,4.5023,true,1,440421
13300555392,false,תערובת עוגה מיקס ברא,,,תערובת עוגה מיקס ברא,גרמים,432.00,100 גרם,false,,19.90,4.6065,true,1,440439
13628609388,false,חומץ בלסמי כשר ירוק,,,חומץ בלסמי כשר ירוק,מיליליטרים,500.00,"100 מ""ל",false,,25.00,5.0000,true,1,6086
16000185517,false,פייבר1- דגני בוקר עת,,,פייבר1- דגני בוקר עת,גרמים,555.00,100 גרם,false,,26.90,4.8468,true,1,369833
16000423534,false,חטיף קראנצי שיבולת ש,,,חטיף קראנצי שיבולת ש,גרמים,210.00,100 גרם,false,,22.90,10.9048,true,1,13754
16000548404,false,חטיף קראנצי גרנולה ש,,,חטיף קראנצי גרנולה ש,גרמים,210.00,100 גרם,false,,22.90,10.9048,true,1,13758
16000548503,false,חטיף קראנצי גרנולה מ,,,חטיף קראנצי גרנולה מ,גרמים,210.00,100 גרם,false,,22.90,10.9048,true,1,67693
16229924263,false,"קרם קוקוס 250 מ""ל.",,,"קרם קוקוס 250 מ""ל.",מיליליטרים,250.00,"100 מ""ל",false,,10.90,4.3600,true,1,110200
18000701223,false,תערובת לעוגת שוק.דוי,,,תערובת לעוגת שוק.דוי,גרמים,500.00,100 גרם,false,,19.90,3.9800,true,1,13763
18000703494,false,תערובת לעוגת וניל פר,,,תערובת לעוגת וניל פר,גרמים,517.00,100 גרם,false,,19.90,3.8491,true,1,13764
25675120037,false,חמצוצים מקלות תות 10,,,חמצוצים מקלות תות 10,גרמים,100.00,100 גרם,false,,10.90,10.9000,true,1,4377
25675120068,false,חמצוצים מקלות קולה 1,,,חמצוצים מקלות קולה 1,גרמים,100.00,100 גרם,false,,10.90,10.9000,true,1,4379
30000315989,false,פרוטאין חמוציות ושקד,,,פרוטאין חמוציות ושקד,גרמים,372.00,100 גרם,false,,24.90,6.6935,true,1,142145
31200001597,false,חמוציות ממותקות ומיו,,,חמוציות ממותקות ומיו,גרמים,170.00,100 גרם,false,,11.90,7.0000,true,1,13770
34000148301,false,הרשי נטיפי אפייה שוק,,,הרשי נטיפי אפייה שוק,גרמים,340.00,100 גרם,false,,19.90,5.8529,true,1,91315
34000196173,false,הרשיז קוקיס אנד קרים,,,הרשיז קוקיס אנד קרים,גרמים,113.00,100 גרם,false,,8.90,7.8761,true,1,13776
37600207188,false,סקיפי חמאת בוטנים קל,,,סקיפי חמאת בוטנים קל,גרמים,462.00,100 גרם,false,,21.90,4.7403,true,1,5839
38000232152,false,פרינגלס ביג ברביקיו,,,פרינגלס ביג ברביקיו,גרמים,158.00,100 גרם,false,,10.90,6.8987,true,1,215333
38527591053,false,דגני בוקר מרובעים קי,,,דגני בוקר מרובעים קי,גרמים,412.00,100 גרם,false,,23.90,5.8010,true,1,25318
40000513582,false,עדשי בוטנים M&M,,,עדשי בוטנים M&M,גרמים,156.00,100 גרם,false,,13.90,8.9103,true,1,97806
40000514510,false,בוטנים 49 גרם M&M עד,,,בוטנים 49 גרם M&M עד,גרמים,49.00,100 גרם,false,,5.90,12.0408,true,1,14680
46214382259,false,מרבה עוגיות בראוניס,,,מרבה עוגיות בראוניס,גרמים,225.00,100 גרם,false,,10.90,4.8444,true,1,68807
50000084500,false,פריסקיז מעדני השף מנ,,,פריסקיז מעדני השף מנ,קילוגרמים,1.43,"ק""ג",false,,39.90,27.9021,true,1,20962
50000100347,false,פריסקיז מעדני החתול,,,פריסקיז מעדני החתול,קילוגרמים,1.40,"ק""ג",false,,39.90,28.5000,true,1,20964
50000429646,false,פנסי פיסט פטה דג אוק,,,פנסי פיסט פטה דג אוק,גרמים,85.00,100 גרם,false,,6.90,8.1176,true,1,20977
52100006260,false,אבקת שום 88 גרם McCo,,,אבקת שום 88 גרם McCo,גרמים,88.00,100 גרם,false,,29.90,33.9773,true,1,447621
52100006765,false,תבלין פלפל אדום 42 ג,,,תבלין פלפל אדום 42 ג,גרמים,42.00,100 גרם,false,,19.90,47.3810,true,1,447381
54881000208,false,תה שחור לימון וגינג',,,תה שחור לימון וגינג',גרמים,711.00,100 גרם,false,,10.90,1.5331,true,1,282723
54881008181,false,תה אינגליש 100 שקיות,,,תה אינגליש 100 שקיות,גרמים,180.00,100 גרם,false,,15.90,8.8333,true,1,282693
55369902564,false,אפלסנקס רסק תפוחי עץ,,,אפלסנקס רסק תפוחי עץ,גרמים,452.00,100 גרם,false,,14.90,3.2965,true,1,39985
64144090013,false,תרסיס שמן פאם חמאה 1,,,תרסיס שמן פאם חמאה 1,מיליליטרים,148.00,"100 מ""ל",false,,21.90,14.7973,true,1,13789
64144090051,false,תרסיס שמן קנולה פאם,,,תרסיס שמן קנולה פאם,מיליליטרים,148.00,"100 מ""ל",false,,21.90,14.7973,true,1,13791
70177077563,false,טווינינג ארל גריי 50,,,טווינינג ארל גריי 50,גרמים,50.00,100 גרם,false,,19.90,39.8000,true,1,128539
70177077693,false,טווינינג אינגליש ברק,,,טווינינג אינגליש ברק,גרמים,50.00,100 גרם,false,,19.90,39.8000,true,1,128540
70177078775,false,טווינינג ליידי גריי,,,טווינינג ליידי גריי,גרמים,50.00,100 גרם,false,,19.90,39.8000,true,1,128541
72600062320,false,הר חטיף גבינה בטעם פ,,,הר חטיף גבינה בטעם פ,גרמים,198.00,100 גרם,false,,21.90,11.0606,true,1,78331
76840100583,false,גלידה וניל +בצק עוגי,,,גלידה וניל +בצק עוגי,מיליליטרים,473.00,"100 מ""ל",false,,26.90,5.6871,true,1,15081
77975022757,false,סניידרס בייגלה אמריק,,,סניידרס בייגלה אמריק,גרמים,382.00,100 גרם,false,,17.90,4.6859,true,1,118308
77975094631,false,סניידרס בייגלה סנדוו,,,סניידרס בייגלה סנדוו,גרמים,266.00,100 גרם,false,,17.90,6.7293,true,1,298855
77975094761,false,סניידרס צ'דר 340 גרם,,,סניידרס צ'דר 340 גרם,גרמים,340.00,100 גרם,false,,17.90,5.2647,true,1,298870
77975094778,false,סניידרס שברי בייגלה,,,סניידרס שברי בייגלה,גרמים,340.00,100 גרם,false,,17.90,5.2647,true,1,332995
611745285685,true,אבוקדו בשל יח,,,אבוקדו בשל יח,גרמים,470.00,100 גרם,false,,10.90,2.3191,true,1,109948
613008742348,false,אריזונה ג'נסנג ודבש,,,אריזונה ג'נסנג ודבש,ליטרים,1.00,ליטר,false,,12.80,12.8000,true,1,264860
613008742409,false,אריזונה אפרסק בקבוק,,,אריזונה אפרסק בקבוק,ליטרים,1.00,ליטר,false,,12.80,12.8000,true,1,264861
649660013281,false,היל ויו מיצוי מיץ שז,,,היל ויו מיצוי מיץ שז,מיליליטרים,946.00,"100 מ""ל",false,,21.90,2.3150,true,1,84067
649660432020,false,הייל ויו שזיפים מיוב,,,הייל ויו שזיפים מיוב,גרמים,567.00,100 גרם,false,,29.90,5.2734,true,1,325511
728229123590,false,טרה צ'יפס ירקות שורש,,,טרה צ'יפס ירקות שורש,גרמים,110.00,100 גרם,false,,16.90,15.3636,true,1,6110
728229123811,false,טרה צ'יפס חטיף  ים ת,,,טרה צ'יפס חטיף  ים ת,גרמים,110.00,100 גרם,false,,16.90,15.3636,true,1,6112
728229124764,false,טרה צ'יפס חטיף בטטה,,,טרה צ'יפס חטיף בטטה,גרמים,110.00,100 גרם,false,,16.90,15.3636,true,1,133983
728229130154,false,טרה צ'יפס חטיף בטטה,,,טרה צ'יפס חטיף בטטה,גרמים,110.00,100 גרם,false,,16.90,15.3636,true,1,6114
728229130444,false,טרה צ'יפס חטיף מירקו,,,טרה צ'יפס חטיף מירקו,גרמים,110.00,100 גרם,false,,16.90,15.3636,true,1,6115
768404001640,false,גלידה פיינטס קפה 473,,,גלידה פיינטס קפה 473,מיליליטרים,473.00,"100 מ""ל",false,,26.90,5.6871,true,1,15103
787269647763,false,קפה קר קפוצ'ינו 250,,,קפה קר קפוצ'ינו 250,מיליליטרים,250.00,"100 מ""ל",false,,6.90,2.7600,true,1,340550
787269647770,false,"קפה קר אספרסו 250 מ""",,,"קפה קר אספרסו 250 מ""",מיליליטרים,250.00,"100 מ""ל",false,,6.90,2.7600,true,1,340551
787269647787,false,"קפה קר לאטה 250 מ""ל",,,"קפה קר לאטה 250 מ""ל",מיליליטרים,250.00,"100 מ""ל",false,,6.90,2.7600,true,1,340552
833949000264,false,סירופ מייפל אמיתי 10,,,סירופ מייפל אמיתי 10,גרמים,330.00,100 גרם,false,,31.90,9.6667,true,1,271584
835811000419,false,כפיות 50 יח' קרם עבה,,,כפיות 50 יח' קרם עבה,יחידה,0.00,יחידה,false,,17.90,0.0000,true,1,141756
835811001188,false,צלחות עגולות ענק מדק,,,צלחות עגולות ענק מדק,יח',10.00,יח',false,,18.90,1.8900,true,1,358327
835811003588,false,צלחות קלאסי לבן גדול,,,צלחות קלאסי לבן גדול,יחידה,0.00,יחידה,false,,35.90,0.0000,true,1,407460
835811003595,false,צלחות קלאסי לבן קטן,,,צלחות קלאסי לבן קטן,יחידה,0.00,יחידה,false,,25.90,0.0000,true,1,407461
835811005810,false,תבנית אלומיניום מרוב,,,תבנית אלומיניום מרוב,יחידה,0.00,יחידה,false,,14.90,0.0000,true,1,8161
835811007357,false,סלטינות 25 יחידות,,,סלטינות 25 יחידות,יחידה,0.00,יחידה,false,,8.90,0.0000,true,1,8240
841058006633,false,ג'ל גילוח אדג' מועשר,,,ג'ל גילוח אדג' מועשר,מיליליטרים,198.00,"100 מ""ל",false,,18.90,9.5455,true,1,273021
859547004329,false,ספוג ניקוי כלים בצבע,,,ספוג ניקוי כלים בצבע,גרמים,34.00,100 גרם,false,,18.90,55.5882,true,1,402840
884912359162,false,דגני בוקר שיבולת שוע,,,דגני בוקר שיבולת שוע,גרמים,340.00,100 גרם,false,,27.90,8.2059,true,1,409463
884912365200,false,דגני בוקר עם פירורי,,,דגני בוקר עם פירורי,גרמים,311.00,100 גרם,false,,27.90,8.9711,true,1,471876
3014260201753,false,סכיני גילוח חד פעמיי,,,סכיני גילוח חד פעמיי,יחידה,0.00,יחידה,false,,15.90,0.0000,true,1,28522
3045206360609,false,דזיטול נוזל מחטא בגד,,,דזיטול נוזל מחטא בגד,מיליליטרים,1.00,"100 מ""ל",false,,25.90,2590.0000,true,1,415544
3046920016377,false,לינדט אקסלנס מילד 10,,,לינדט אקסלנס מילד 10,גרמים,100.00,100 גרם,false,,18.90,18.9000,true,1,251269
3046920028004,false,לינדט אקסלנס 70% 100,,,לינדט אקסלנס 70% 100,גרמים,100.00,100 גרם,false,,18.90,18.9000,true,1,14699
3046920029674,false,לינדט אקסלנס עם שבבי,,,לינדט אקסלנס עם שבבי,גרמים,100.00,100 גרם,false,,18.90,18.9000,true,1,14703
3046920029759,false,לינדט אקסלנס 90% 100,,,לינדט אקסלנס 90% 100,גרמים,100.00,100 גרם,false,,18.90,18.9000,true,1,14704
3073781161663,false,גבינת לה וואש קירי 8,,,גבינת לה וואש קירי 8,גרמים,128.00,100 גרם,false,,13.90,10.8594,true,1,314676
3073781161687,false,גבינה מותכת לה וואש,,,גבינה מותכת לה וואש,גרמים,256.00,100 גרם,false,,24.90,9.7266,true,1,314677
3073781161700,false,גבינה מותכת לה וואש,,,גבינה מותכת לה וואש,גרמים,480.00,100 גרם,false,,40.90,8.5208,true,1,314678
3073781162790,false,בייבי בל 24% אדום 12,,,בייבי בל 24% אדום 12,גרמים,120.00,100 גרם,false,,23.90,19.9167,true,1,436934
3073781177220,false,גבינת בייבי בל רול 1,,,גבינת בייבי בל רול 1,גרמים,102.00,100 גרם,false,,23.90,23.4314,true,1,463584
3161911393210,false,חמאת נורמנדי מלוחה 2,,,חמאת נורמנדי מלוחה 2,גרמים,200.00,100 גרם,false,,23.90,11.9500,true,1,426512
3178530402353,false,עוגיות רכות מיני מדל,,,עוגיות רכות מיני מדל,גרמים,175.00,100 גרם,false,,13.90,7.9429,true,1,120705
3178530407938,false,עוגיות שוקולד צ'יפס,,,עוגיות שוקולד צ'יפס,גרמים,175.00,100 גרם,false,,13.90,7.9429,true,1,120707
3178530417340,false,בראוניז שוקולד סאן מ,,,בראוניז שוקולד סאן מ,גרמים,210.00,100 גרם,false,,18.90,9.0000,true,1,385400
3245412211393,false,שוקולד חלב מעולה קרפ,,FR,שוקולד חלב מעולה קרפ,גרמים,300.00,100 גרם,false,,8.90,2.9667,true,1,442689
3245412211409,false,שוקולד חלב מעולה עם,,FR,שוקולד חלב מעולה עם,גרמים,300.00,100 גרם,false,,16.90,5.6333,true,1,442490
3270190111108,false,קרפור מוזלי פירות 7,,,קרפור מוזלי פירות 7,גרמים,750.00,100 גרם,false,,16.90,2.2533,true,1,479828
3270190151654,false,שוקולד מריר מעולה עם,,FR,שוקולד מריר מעולה עם,גרמים,100.00,100 גרם,false,,6.90,6.9000,true,1,442508
3270190174936,false,שוקולד חלב עם תכולת,,FR,שוקולד חלב עם תכולת,גרמים,100.00,100 גרם,false,,6.90,6.9000,true,1,442524
3387390525960,false,דגני קראנץ' נסטלה 50,,,דגני קראנץ' נסטלה 50,גרמים,500.00,100 גרם,false,,27.90,5.5800,true,1,20991
3560070582884,false,קרפור סטייליס עם שוק,,,קרפור סטייליס עם שוק,גרמים,300.00,100 גרם,false,,9.90,3.3000,true,1,479812
3560070669981,false,שוקולד מריר מעולה 80,,FR,שוקולד מריר מעולה 80,גרמים,80.00,100 גרם,false,,5.90,7.3750,true,1,442475
3560070701407,false,שוקולד מריר מעולה עם,,FR,שוקולד מריר מעולה עם,גרמים,100.00,100 גרם,false,,6.90,6.9000,true,1,442509
3560070720859,false,שוקולד מריר מעולה 72,,FR,שוקולד מריר מעולה 72,גרמים,80.00,100 גרם,false,,5.90,7.3750,true,1,442492
3560070800230,false,קרפור שוקו קרלס 375,,,קרפור שוקו קרלס 375,גרמים,375.00,100 גרם,false,,7.90,2.1067,true,1,479864
3560070800322,false,קרפור סנופלקס 375 גר,,,קרפור סנופלקס 375 גר,גרמים,375.00,100 גרם,false,,7.90,2.1067,true,1,479847
3560070800353,false,קרפור הוני בולז 375,,,קרפור הוני בולז 375,גרמים,375.00,100 גרם,false,,7.90,2.1067,true,1,479882
3560071013127,false,קרפור סטייליס עם שוק,,,קרפור סטייליס עם שוק,גרמים,300.00,100 גרם,false,,9.90,3.3000,true,1,479830
3560071013196,false,קרפור סטייליס בטעם ט,,,קרפור סטייליס בטעם ט,גרמים,500.00,100 גרם,false,,10.90,2.1800,true,1,479831
3560071015725,false,קרפור פיברה עם 5 פיר,,,קרפור פיברה עם 5 פיר,גרמים,500.00,100 גרם,false,,12.90,2.5800,true,1,479865
3560071016074,false,קרפור קורונפלקס 500,,,קרפור קורונפלקס 500,גרמים,500.00,100 גרם,false,,7.90,1.5800,true,1,479866
3560071090821,false,קרפור שוקו בולז 375,,,קרפור שוקו בולז 375,גרמים,375.00,100 גרם,false,,7.90,2.1067,true,1,479848
3560071341947,false,שמן זית כתית מעולה ב,,FR,שמן זית כתית מעולה ב,מיליליטרים,750.00,"100 מ""ל",false,,11.50,1.5333,true,1,478864
3560071431914,false,קפסולות קפה קרפור עו,,FR,קפסולות קפה קרפור עו,גרמים,52.00,100 גרם,false,,7.90,15.1923,true,1,480796
3560071431945,false,קפסולות קפה קרפור עו,,FR,קפסולות קפה קרפור עו,גרמים,52.00,100 גרם,false,,7.90,15.1923,true,1,480813
3560071432003,false,קפסולות קפה קרפור עו,,FR,קפסולות קפה קרפור עו,גרמים,52.00,100 גרם,false,,7.90,15.1923,true,1,480814
3560071432034,false,קפסולות קפה נטול קרפ,,FR,קפסולות קפה נטול קרפ,גרמים,52.00,100 גרם,false,,7.90,15.1923,true,1,480815
3560071432065,false,קפסולות קפה קרפור עו,,FR,קפסולות קפה קרפור עו,גרמים,52.00,100 גרם,false,,7.90,15.1923,true,1,480816
3560071432096,false,קפסולות קפה קרפור עו,,FR,קפסולות קפה קרפור עו,גרמים,52.00,100 גרם,false,,7.90,15.1923,true,1,480817
3560071432157,false,קפסולות קפה וניל קרפ,,FR,קפסולות קפה וניל קרפ,גרמים,52.00,100 גרם,false,,7.90,15.1923,true,1,480818
3560071432188,false,קפסולות קפה קרמל קרפ,,FR,קפסולות קפה קרמל קרפ,גרמים,52.00,100 גרם,false,,7.90,15.1923,true,1,480819
3560071432249,false,קפסולות קפה ברזיל קר,,FR,קפסולות קפה ברזיל קר,גרמים,52.00,100 גרם,false,,7.90,15.1923,true,1,480821
3560071432300,false,קפסולות קפה אתיופיה,,FR,קפסולות קפה אתיופיה,גרמים,52.00,100 גרם,false,,7.90,15.1923,true,1,480823
3560071432331,false,קפסולות קפה לאוס קרפ,,FR,קפסולות קפה לאוס קרפ,גרמים,52.00,100 גרם,false,,7.90,15.1923,true,1,480824
3560071432362,false,קפסולות קפה קניה קרפ,,FR,קפסולות קפה קניה קרפ,גרמים,52.00,100 גרם,false,,7.90,15.1923,true,1,480825
3560071432515,false,קפסולות קפה קרפור עו,,FR,קפסולות קפה קרפור עו,גרמים,52.00,100 גרם,false,,7.90,15.1923,true,1,480827
3560071432690,false,קפסולות קפה קרפור עו,,FR,קפסולות קפה קרפור עו,גרמים,52.00,100 גרם,false,,7.90,15.1923,true,1,480828
3574661114637,false,מי פה זירו ליסטרין 5,,,מי פה זירו ליסטרין 5,מיליליטרים,500.00,"100 מ""ל",false,,23.90,4.7800,true,1,31558
3574661552811,false,קרפרי כותון אוורירי,,,קרפרי כותון אוורירי,יחידה,0.00,יחידה,false,,17.90,0.0000,true,1,227637
3574661554877,false,קרפרי כותון מבושם 56,,,קרפרי כותון מבושם 56,יחידה,0.00,יחידה,false,,17.90,0.0000,true,1,227515
3574669907828,false,ג'ונסון  בייבי שמפו,,,ג'ונסון  בייבי שמפו,מיליליטרים,330.00,"100 מ""ל",false,,7.90,2.3939,true,1,340601
3600523651870,false,שמפו ארגנין אלביב 55,,,שמפו ארגנין אלביב 55,מיליליטרים,550.00,"100 מ""ל",false,,17.90,3.2545,true,1,124413
3600523652280,false,שמפו 6 שמנים אלביב 5,,,שמפו 6 שמנים אלביב 5,מיליליטרים,550.00,"100 מ""ל",false,,17.90,3.2545,true,1,124422
3600542326339,false,גרנייה מיסלר ורדים 4,,,גרנייה מיסלר ורדים 4,מיליליטרים,400.00,"100 מ""ל",false,,32.90,8.2250,true,1,438776
3608580730248,false,קונפיטורה דובדבן 370,,,קונפיטורה דובדבן 370,גרמים,370.00,100 גרם,false,,21.90,5.9189,true,1,22590
3608580730255,false,קונפיטורה משמש 370 ג,,,קונפיטורה משמש 370 ג,גרמים,370.00,100 גרם,false,,21.90,5.9189,true,1,22591
3608580730279,false,מרמלדת תפוזים 370 גר,,,מרמלדת תפוזים 370 גר,גרמים,370.00,100 גרם,false,,21.90,5.9189,true,1,445343
4000417022004,false,שוקולד ריטר ספורט חל,,,שוקולד ריטר ספורט חל,גרמים,100.00,100 גרם,false,,10.90,10.9000,true,1,13810
4000417101211,false,גלילי וופל עם קרם אג,,,גלילי וופל עם קרם אג,גרמים,150.00,100 גרם,false,,19.90,13.2667,true,1,400819
4000417222008,false,ריטר שוקולד ספורט חל,,,ריטר שוקולד ספורט חל,גרמים,100.00,100 גרם,false,,10.90,10.9000,true,1,13817
4000417294005,false,שוקולד חלב קרם קקאו,,,שוקולד חלב קרם קקאו,גרמים,100.00,100 גרם,false,,10.90,10.9000,true,1,13822
4000539280740,false,לינדט אקסלנס 78% 100,,,לינדט אקסלנס 78% 100,גרמים,100.00,100 גרם,false,,18.90,18.9000,true,1,459057
4002448017684,false,סיליט באנג ספריי רב,,,סיליט באנג ספריי רב,מיליליטרים,750.00,"100 מ""ל",false,,17.90,2.3867,true,1,22758
4006387085407,false,שלישיית פילטר מקסטרה,,,שלישיית פילטר מקסטרה,יח',3.00,יח',false,,140.00,46.6667,true,1,126676
4008287051032,false,בירה קרומבכר פילס בפ,,,בירה קרומבכר פילס בפ,מיליליטרים,500.00,"100 מ""ל",false,,11.20,2.2400,true,1,424171
4009300524588,false,פומפדור חליטת פירות,,,פומפדור חליטת פירות,גרמים,60.00,100 גרם,false,,17.90,29.8333,true,1,23329
4009300528845,false,פומפדור תה ירוק לימו,,,פומפדור תה ירוק לימו,גרמים,30.00,100 גרם,false,,20.90,69.6667,true,1,142125
4009900426121,false,בקבוקון בקבוקון מסטי,,,בקבוקון בקבוקון מסטי,גרמים,64.00,100 גרם,false,,12.90,20.1563,true,1,48382
4009900539432,false,מסטיק בטעם אבטיח פיי,,,מסטיק בטעם אבטיח פיי,גרמים,14.40,100 גרם,false,,4.90,34.0278,true,1,436048
4011800567613,false,חטיף דגנים סנדוויץ ש,,,חטיף דגנים סנדוויץ ש,גרמים,120.00,100 גרם,false,,15.90,13.2500,true,1,6246
4011800628512,false,חטיף דגנים עם שוקולד,,,חטיף דגנים עם שוקולד,גרמים,150.00,100 גרם,false,,15.90,10.6000,true,1,6260
4011800630515,false,חטיף דגנים עם שוקולד,,,חטיף דגנים עם שוקולד,גרמים,150.00,100 גרם,false,,15.90,10.6000,true,1,6262
4011800632519,false,חטיף דגנים עם שוקולד,,,חטיף דגנים עם שוקולד,גרמים,150.00,100 גרם,false,,15.90,10.6000,true,1,6264
4011800633516,false,חטיף דגנים שוקולד מר,,,חטיף דגנים שוקולד מר,גרמים,138.00,100 גרם,false,,15.90,11.5217,true,1,67079
4014400900217,false,בונבונירה מרסי 400 ג,,,בונבונירה מרסי 400 ג,גרמים,400.00,100 גרם,false,,55.90,13.9750,true,1,13841
4014400901405,false,מרסי חלב כחול 250 גר,,,מרסי חלב כחול 250 גר,גרמים,250.00,100 גרם,false,,29.90,11.9600,true,1,13844
4014400904277,false,סוכריות אייס פרש 425,,,סוכריות אייס פרש 425,גרמים,425.00,100 גרם,false,,20.90,4.9176,true,1,13847
4014400904390,false,סוכריות וולמליש 325ג,,,סוכריות וולמליש 325ג,גרמים,325.00,100 גרם,false,,20.90,6.4308,true,1,13851
4014400910063,false,סוכריות חמאה וורטר 1,,,סוכריות חמאה וורטר 1,גרמים,135.00,100 גרם,false,,10.90,8.0741,true,1,13855
4014400914696,false,80 סוכריות חמאה וורט,,,80 סוכריות חמאה וורט,גרמים,80.00,100 גרם,false,,9.90,12.3750,true,1,13861
4014400923711,false,טופיפי בונבונירה שוק,,,טופיפי בונבונירה שוק,גרמים,125.00,100 גרם,false,,14.90,11.9200,true,1,13866
4015000031394,false,מסיר כתמים ספטיל 200,,,מסיר כתמים ספטיל 200,גרמים,200.00,100 גרם,false,,18.90,9.4500,true,1,38182
4015400564034,false,מגן תחתון לונג פלוס,,,מגן תחתון לונג פלוס,יחידה,0.00,יחידה,false,,18.90,0.0000,true,1,28690
4015400690405,false,טמפון פרל סופר טמפקס,,,טמפון פרל סופר טמפקס,יחידה,0.00,יחידה,false,,26.90,0.0000,true,1,28733
4015400746812,false,מגן תחתון מגה פק נור,,,מגן תחתון מגה פק נור,יחידה,0.00,יחידה,false,,18.90,0.0000,true,1,28759
4015600762780,false,שמפו 2-ב1הד&שולדרס 5,,,שמפו 2-ב1הד&שולדרס 5,מיליליטרים,500.00,"100 מ""ל",false,,19.90,3.9800,true,1,28801
4015600763022,false,שמפו מגע המשי הד&שול,,,שמפו מגע המשי הד&שול,מיליליטרים,500.00,"100 מ""ל",false,,19.90,3.9800,true,1,28807
4017100210105,false,בלזן גלילי וופל מריר,,,בלזן גלילי וופל מריר,גרמים,100.00,100 גרם,false,,15.90,15.9000,true,1,120301
4017100291005,false,בלזן ביסקוויט מצופה,,,בלזן ביסקוויט מצופה,גרמים,125.00,100 גרם,false,,15.90,12.7200,true,1,120307
4018722102632,false,אלב גולד - ספגטי כוס,,,אלב גולד - ספגטי כוס,גרמים,500.00,100 גרם,false,,16.90,3.3800,true,1,271498
4018722344308,false,אלב גולד - טליאטלה כ,,,אלב גולד - טליאטלה כ,גרמים,500.00,100 גרם,false,,19.90,3.9800,true,1,271471
4025700001962,false,מילקה שוקולד לבן 100,,,מילקה שוקולד לבן 100,גרמים,100.00,100 גרם,false,,7.90,7.9000,true,1,233835
4065698201159,false,זוג דונאטס אוראו,,,זוג דונאטס אוראו,גרמים,146.00,100 גרם,false,,17.90,12.2603,true,1,366609
4710068001692,false,מאסטר קפה לאטה פחית,,,מאסטר קפה לאטה פחית,מיליליטרים,240.00,"100 מ""ל",false,,6.90,2.8750,true,1,10114
4710068001715,false,מאסטר קפה טירמיסו 24,,,מאסטר קפה טירמיסו 24,מיליליטרים,240.00,"100 מ""ל",false,,6.90,2.8750,true,1,43167
4800888150080,false,דאו' רולאון מלפפונים,,,דאו' רולאון מלפפונים,מיליליטרים,50.00,"100 מ""ל",false,,19.90,39.8000,true,1,11118
4800888219534,false,דאורדורנט סטיק אוריג,,,דאורדורנט סטיק אוריג,גרמים,50.00,100 גרם,false,,19.90,39.8000,true,1,320201
4860009000014,false,תומר מיץ רימונים גרו,,,תומר מיץ רימונים גרו,ליטרים,1.00,ליטר,false,,19.90,19.9000,true,1,26295
4891228430061,false,סכיני גילוח לאישה שי,,,סכיני גילוח לאישה שי,יחידה,0.00,יחידה,false,,31.90,0.0000,true,1,23345
4903001904192,false,רוטב סויה יאמאסה פרמ,,,רוטב סויה יאמאסה פרמ,מיליליטרים,500.00,"100 מ""ל",false,,19.90,3.9800,true,1,13883
4903001925784,false,רוטב סויה יאמאסה דל,,,רוטב סויה יאמאסה דל,מיליליטרים,500.00,"100 מ""ל",false,,19.90,3.9800,true,1,13885
5000054353300,false,פריסקיז פטה סלומון 2,,,פריסקיז פטה סלומון 2,גרמים,156.00,100 גרם,false,,6.90,4.4231,true,1,468000
5000157143365,false,מתבל בטעם מיונז וקטש,,,מתבל בטעם מיונז וקטש,מיליליטרים,425.00,"100 מ""ל",false,,16.90,3.9765,true,1,209606
5000159409179,false,סניקרס מיני 403 גרם,,,סניקרס מיני 403 גרם,גרמים,403.00,100 גרם,false,,26.90,6.6749,true,1,14733
5000159538626,false,חטיף טוויקס מארז 5*2,,,חטיף טוויקס מארז 5*2,גרמים,250.00,100 גרם,false,,13.90,5.5600,true,1,314656
5000204243000,false,דאק ג'ל נוזל  לאסלה,,,דאק ג'ל נוזל  לאסלה,מיליליטרים,750.00,"100 מ""ל",false,,12.90,1.7200,true,1,413542
5000267014234,false,גוני ווקר רד לייבל 7,,,גוני ווקר רד לייבל 7,מיליליטרים,700.00,"100 מ""ל",false,,90.90,12.9857,true,1,66318
5000394140820,false,סוללות דורסל שישיות,,,סוללות דורסל שישיות,יחידה,0.00,יחידה,false,,24.90,0.0000,true,1,409295
5000394141209,false,סוללות דורסל שישיות,,,סוללות דורסל שישיות,יחידה,0.00,יחידה,false,,24.90,0.0000,true,1,409278
5000396037531,false,מקוויטיס מצופה שוקול,,,מקוויטיס מצופה שוקול,גרמים,200.00,100 גרם,false,,12.90,6.4500,true,1,100270
5000396037944,false,מקוויטים ביסקוויטים,,,מקוויטים ביסקוויטים,גרמים,250.00,100 גרם,false,,9.90,3.9600,true,1,100260
5010067322453,false,תחליף אבקת סוכר טרוב,,,תחליף אבקת סוכר טרוב,גרמים,280.00,100 גרם,false,,36.90,13.1786,true,1,478262
5010123703547,false,מי פה פרש בוסט ליסטר,,,מי פה פרש בוסט ליסטר,מיליליטרים,500.00,"100 מ""ל",false,,15.90,3.1800,true,1,197495
5010123703585,false,מי פה קול מינט ליסטר,,,מי פה קול מינט ליסטר,מיליליטרים,500.00,"100 מ""ל",false,,15.90,3.1800,true,1,29573
5010182997338,false,דאק ג'ל אסלה ניחוח ר,,,דאק ג'ל אסלה ניחוח ר,גרמים,55.00,100 גרם,false,,9.90,18.0000,true,1,6311
5010677551281,false,בקרדי בריזר לימון 27,,,בקרדי בריזר לימון 27,מיליליטרים,275.00,"100 מ""ל",false,,14.90,5.4182,true,1,10120
5010677551397,false,בקרדי בריזר ליים,,,בקרדי בריזר ליים,מיליליטרים,275.00,"100 מ""ל",false,,14.90,5.4182,true,1,67333
5010677554398,false,בקרדי בריזר אבטיח,,,בקרדי בריזר אבטיח,מיליליטרים,275.00,"100 מ""ל",false,,14.90,5.4182,true,1,10123
5011157630281,false,טילדה אורז הימשלי בס,,,טילדה אורז הימשלי בס,קילוגרמים,1.00,"ק""ג",false,,26.90,26.9000,true,1,23364
5011157671222,false,אורז  בסמטי חום מלא,,,אורז  בסמטי חום מלא,קילוגרמים,1.00,"ק""ג",false,,26.90,26.9000,true,1,415821
5014271300429,false,סאן דלפור מעדן  משמש,,,סאן דלפור מעדן  משמש,גרמים,284.00,100 גרם,false,,22.90,8.0634,true,1,18277
5014271310428,false,סאן דלפור מעדן דובדב,,,סאן דלפור מעדן דובדב,גרמים,284.00,100 גרם,false,,22.90,8.0634,true,1,18278
5014271350424,false,סאן דלפור מעדן ארבע,,,סאן דלפור מעדן ארבע,גרמים,284.00,100 גרם,false,,22.90,8.0634,true,1,18280
5014271400426,false,סאן דלפור מעדן תות ש,,,סאן דלפור מעדן תות ש,גרמים,284.00,100 גרם,false,,22.90,8.0634,true,1,18285
5014271795980,false,סאן דלפור מעדן חמוצי,,,סאן דלפור מעדן חמוצי,גרמים,284.00,100 גרם,false,,22.90,8.0634,true,1,18290
5029053510828,false,תחבושת אולטרה סופר+כ,,,תחבושת אולטרה סופר+כ,יחידה,0.00,יחידה,false,,20.90,0.0000,true,1,9564
5029053523446,false,תחבושות אולטרה נייט+,,,תחבושות אולטרה נייט+,יחידה,0.00,יחידה,false,,20.90,0.0000,true,1,9565
5029053578309,false,טישו אולטרה סופט קוב,,,טישו אולטרה סופט קוב,יחידה,0.00,יחידה,false,,7.90,0.0000,true,1,355421
5060751218173,false,מונסטר פייפלין פאנץ',,,מונסטר פייפלין פאנץ',מיליליטרים,500.00,"100 מ""ל",false,,7.90,1.5800,true,1,425524
5060751219033,false,מונסטר אולטרה פרדייז,,,מונסטר אולטרה פרדייז,מיליליטרים,500.00,"100 מ""ל",false,,7.90,1.5800,true,1,425539
5201940010110,false,זיתים שחורים קלמטה ו,,,זיתים שחורים קלמטה ו,גרמים,250.00,100 גרם,false,,18.90,7.5600,true,1,3541
5202175001515,false,נאצ'וס בטעם מלוח מזר,,,נאצ'וס בטעם מלוח מזר,גרמים,225.00,100 גרם,false,,11.90,5.2889,true,1,111976
5391523057929,false,סימילאק גולדשלב 1  7,,,סימילאק גולדשלב 1  7,גרמים,700.00,100 גרם,false,,72.90,10.4143,true,1,122187
5391523058070,false,סימילאק אדוונס פלוס,,,סימילאק אדוונס פלוס,גרמים,700.00,100 גרם,false,,65.90,9.4143,true,1,126367
5410076933129,false,אריאל שושן צחור שקית,,,אריאל שושן צחור שקית,קילוגרמים,3.00,"ק""ג",false,,39.90,13.3000,true,1,29145
5410126006087,false,לוטוס עוגיות קרמל 70,,,לוטוס עוגיות קרמל 70,גרמים,700.00,100 גרם,false,,34.90,4.9857,true,1,5942
5410126116953,false,לוטוס ממרח ביסקוויט,,,לוטוס ממרח ביסקוויט,גרמים,400.00,100 גרם,false,,26.90,6.7250,true,1,5945
5410126666038,false,עוגיות לוטוס 279 גרם,,,עוגיות לוטוס 279 גרם,גרמים,279.00,100 גרם,false,,16.90,6.0573,true,1,130072
5410126716016,false,ביסקוויט בטעם קרמל ל,,,ביסקוויט בטעם קרמל ל,גרמים,250.00,100 גרם,false,,12.90,5.1600,true,1,29152
5410173210055,false,רומבוסט קפה טחון וקל,,,רומבוסט קפה טחון וקל,גרמים,70.00,100 גרם,false,,23.90,34.1429,true,1,13887
5410316983693,false,סמירנוף אייס בודד,,,סמירנוף אייס בודד,מיליליטרים,275.00,"100 מ""ל",false,,13.90,5.0545,true,1,7574
5411188081852,false,אלפרו משקה סויה בטעם,,,אלפרו משקה סויה בטעם,יחידה,0.00,יחידה,false,,15.90,0.0000,true,1,23366
5411188094159,false,אלפרו מעדן סויה שוק.,,,אלפרו מעדן סויה שוק.,מיליליטרים,500.00,"100 מ""ל",false,,20.90,4.1800,true,1,23367
5411188096108,false,אלפרו סויה לבישול 25,,,אלפרו סויה לבישול 25,מיליליטרים,250.00,"100 מ""ל",false,,10.90,4.3600,true,1,23368
5411188110835,false,אלפרו משקה שקדים 1 ל,,,אלפרו משקה שקדים 1 ל,ליטרים,1.00,ליטר,false,,17.90,17.9000,true,1,23372
5411188112709,false,אלפרו משקה שקדים ללא,,,אלפרו משקה שקדים ללא,יחידה,0.00,יחידה,false,,17.90,0.0000,true,1,23376
5411188115366,false,אלפרו משקה שיבולת שו,,,אלפרו משקה שיבולת שו,יחידה,0.00,יחידה,false,,17.90,0.0000,true,1,23379
5411188115472,false,אלפרו משקה סויה 1 לי,,,אלפרו משקה סויה 1 לי,ליטרים,1.00,ליטר,false,,15.90,15.9000,true,1,254996
5411188116905,false,משקה סויה בטעם בננה,,,משקה סויה בטעם בננה,יחידה,0.00,יחידה,false,,17.90,0.0000,true,1,430577
5411188120742,false,אלפרו משקה שקדים בטע,,,אלפרו משקה שקדים בטע,ליטרים,1.00,ליטר,false,,17.90,17.9000,true,1,23386
5411188121978,false,אלפרו סויה  שוקו סיד,,,אלפרו סויה  שוקו סיד,מיליליטרים,750.00,"100 מ""ל",false,,16.90,2.2533,true,1,109620
5411188124689,false,אלפרו משקה שיבולת שו,,,אלפרו משקה שיבולת שו,יחידה,0.00,יחידה,false,,17.90,0.0000,true,1,279289
5411188124726,false,אלפרו משקה שיבולת שו,,,אלפרו משקה שיבולת שו,יחידה,0.00,יחידה,false,,17.90,0.0000,true,1,106969
5411188134985,false,אלפרו 3.5% שומן NOT,,,אלפרו 3.5% שומן NOT,ליטרים,1.00,ליטר,false,,14.90,14.9000,true,1,334194
5411188135005,false,אלפרו 1.8% שומן NOT,,,אלפרו 1.8% שומן NOT,ליטרים,1.00,ליטר,false,,14.90,14.9000,true,1,337425
5411188543398,false,אלפרו משקה סויה ללא,,,אלפרו משקה סויה ללא,ליטרים,1.00,ליטר,false,,15.90,15.9000,true,1,259509
5413121388905,false,שוקולד טראפלס אגוז,,,שוקולד טראפלס אגוז,גרמים,150.00,100 גרם,false,,15.90,10.6000,true,1,455801
5413149922907,false,אריאל אבקת כביסה קול,,,אריאל אבקת כביסה קול,קילוגרמים,5.00,"ק""ג",false,,57.90,11.5800,true,1,29185
5701932026964,false,הוט פופ .פופקורן עם,,,הוט פופ .פופקורן עם,גרמים,600.00,100 גרם,false,,17.90,2.9833,true,1,13894
5701932026995,false,הוט פופ פופקורן לייט,,,הוט פופ פופקורן לייט,גרמים,510.00,100 גרם,false,,17.90,3.5098,true,1,13896
5706516031358,false,הוט פופ 100 קלוריות,,,הוט פופ 100 קלוריות,גרמים,160.00,100 גרם,false,,17.90,11.1875,true,1,13897
5711953106583,false,ארלה גבינת שמנת טבעי,,,ארלה גבינת שמנת טבעי,גרמים,200.00,100 גרם,false,,17.90,8.9500,true,1,191113
5711953148347,false,גבינת שמנת טבעי ארלה,,,גבינת שמנת טבעי ארלה,גרמים,300.00,100 גרם,false,,24.90,8.3000,true,1,478618
5740900403215,false,ממרח לורפק עם מלח 25,,,ממרח לורפק עם מלח 25,גרמים,250.00,100 גרם,false,,18.90,7.5600,true,1,133582
5740900403222,false,ממרח לורפק עם מלח מו,,,ממרח לורפק עם מלח מו,גרמים,250.00,100 גרם,false,,18.90,7.5600,true,1,133583
5740900403239,false,ממרח לורפק ללא מלח 2,,,ממרח לורפק ללא מלח 2,גרמים,250.00,100 גרם,false,,18.90,7.5600,true,1,133584
5740900403253,false,ממרח לורפק עם מלח 50,,,ממרח לורפק עם מלח 50,גרמים,500.00,100 גרם,false,,31.90,6.3800,true,1,133586
5740900403260,false,ממרח לורפק ללא מלח מ,,,ממרח לורפק ללא מלח מ,גרמים,250.00,100 גרם,false,,18.90,7.5600,true,1,133587
5765220190188,false,עטרות נייר לאפייה 5,,,עטרות נייר לאפייה 5,יח',130.00,יח',false,,6.90,0.0531,true,1,279913
5765220190454,false,סט נרות צבעוני 12 יח,,,סט נרות צבעוני 12 יח,יחידה,0.00,יחידה,false,,2.90,0.0000,true,1,390356
5900020015174,false,פיטנס חטיף דגנים שוק,,,פיטנס חטיף דגנים שוק,גרמים,141.00,100 גרם,false,,18.90,13.4043,true,1,20995
5900020020710,false,חטיף דגנים קראנץ בר,,,חטיף דגנים קראנץ בר,גרמים,150.00,100 גרם,false,,18.90,12.6000,true,1,21002
5900020026552,false,האני נאט ציריוס נסטל,,,האני נאט ציריוס נסטל,גרמים,625.00,100 גרם,false,,28.90,4.6240,true,1,21017
5900020031877,false,חטיף דגנים צ'יריוס ה,,,חטיף דגנים צ'יריוס ה,גרמים,132.00,100 גרם,false,,18.90,14.3182,true,1,128237
5900020034021,false,פיטנס חטיף דגנים שוק,,,פיטנס חטיף דגנים שוק,גרמים,141.00,100 גרם,false,,18.90,13.4043,true,1,138958
5900020036407,false,דגני בוקר שוקולד וקר,,,דגני בוקר שוקולד וקר,גרמים,480.00,100 גרם,false,,28.90,6.0208,true,1,228658
5901414200411,false,היט מיניס קרם קקאו 1,,,היט מיניס קרם קקאו 1,גרמים,130.00,100 גרם,false,,6.90,5.3077,true,1,120312
5902198160403,false,אקס אל משקה אנרגיה ט,,,אקס אל משקה אנרגיה ט,מיליליטרים,250.00,"100 מ""ל",false,,4.90,1.9600,true,1,83115
5902768862683,true,עוגיות טוויט שוקולד,,,עוגיות טוויט שוקולד,גרמים,155.00,100 גרם,false,,6.90,4.4516,true,1,152458
5902768865677,true,עוגיות שוקולד צ'יפס,,,עוגיות שוקולד צ'יפס,גרמים,150.00,100 גרם,false,,6.90,4.6000,true,1,152460
5904941750312,false,בלו בודד מוחיטו 250,,,בלו בודד מוחיטו 250,מיליליטרים,250.00,"100 מ""ל",false,,4.90,1.9600,true,1,2243
5904941751302,false,בלו משקה אנרגיה 250,,,בלו משקה אנרגיה 250,מיליליטרים,250.00,"100 מ""ל",false,,4.90,1.9600,true,1,2247
5904941751920,false,בלו משקה אנרגיה דיי,,,בלו משקה אנרגיה דיי,מיליליטרים,250.00,"100 מ""ל",false,,4.90,1.9600,true,1,2258
5906485301012,false,אקס אל משקה אנרגיה 2,,,אקס אל משקה אנרגיה 2,מיליליטרים,250.00,"100 מ""ל",false,,4.90,1.9600,true,1,10133
5941021001254,false,טבלת היידי גראנדור ת,,,טבלת היידי גראנדור ת,גרמים,80.00,100 גרם,false,,12.90,16.1250,true,1,435301
6111094000259,false,קוסקוס בינוני דארי 5,,,קוסקוס בינוני דארי 5,גרמים,500.00,100 גרם,false,,10.90,2.1800,true,1,119293
6902019042061,false,מארז בלונים 50 יח,,,מארז בלונים 50 יח,יחידה,0.00,יחידה,false,,10.90,0.0000,true,1,158228
6923450656310,false,תותח קונפטי,,,תותח קונפטי,יח',1.00,יח',false,,9.90,9.9000,true,1,377713
6924421202017,false,פטריות שי-מג'י חוות,,,פטריות שי-מג'י חוות,גרמים,150.00,100 גרם,false,,12.90,8.6000,true,1,55576
6970156560007,false,נרתיק הגנה לפאלפון ל,,,נרתיק הגנה לפאלפון ל,יחידה,0.00,יחידה,false,,9.90,0.0000,true,1,442166
7046110064016,false,זוג מברשות שיניים יל,,,זוג מברשות שיניים יל,יחידה,0.00,יחידה,false,,19.80,0.0000,true,1,6361
7262626088197,false,טייץ טרמי צבעוני,,,טייץ טרמי צבעוני,יחידה,0.00,יחידה,false,,29.90,0.0000,true,1,261159
7262626088272,false,מטריה סיליקון שחור ח,,,מטריה סיליקון שחור ח,יחידה,0.00,יחידה,false,,39.90,0.0000,true,1,384068
7262626088296,false,מטריה סיליקון עם הדפ,,,מטריה סיליקון עם הדפ,יחידה,0.00,יחידה,false,,39.90,0.0000,true,1,384084
7290000000004,false,לחמניית אצבע עם נקני,,,לחמניית אצבע עם נקני,יחידה,0.00,יחידה,false,,9.90,0.0000,true,1,54557
7290000000302,false,6יח בקבוק ריק חוזר 5,,,6יח בקבוק ריק חוזר 5,יחידה,0.00,יחידה,false,,7.20,0.0000,true,1,84570
7290000000311,false,קרואסון ביס בטעמים ח,,,קרואסון ביס בטעמים ח,קילוגרמים,1.00,"ק""ג",true,,45.00,45.0000,true,1,2815
7290000000465,false,לחמניה שמינייה,,,לחמניה שמינייה,יח',1.00,יח',false,,4.90,4.9000,true,1,96230
7290000000978,true,חסה כשר,,,חסה כשר,יח',1.00,יח',false,,7.90,7.9000,true,1,93982
7290000000985,true,פטרוזיליה כשר,,,פטרוזיליה כשר,יח',1.00,יח',false,,5.90,5.9000,true,1,94061
7290000001056,false,לחם אחיד 750 גרם,,,לחם אחיד 750 גרם,גרמים,750.00,100 גרם,false,,5.12,0.6827,true,1,137830
7290000001193,false,בונז'ור בייבי חליות,,,בונז'ור בייבי חליות,גרמים,70.00,100 גרם,false,,2.60,3.7143,true,1,96223
7290000001579,true,סלרי אמריקאי כשר,,,סלרי אמריקאי כשר,יח',1.00,יח',false,,6.90,6.9000,true,1,114242
7290000001593,true,נענע כשר,,,נענע כשר,יח',1.00,יח',false,,5.90,5.9000,true,1,114244
7290000002010,false,שנק/מאפה מתוק טעמים,,,שנק/מאפה מתוק טעמים,קילוגרמים,1.00,"ק""ג",true,,45.00,45.0000,true,1,2868
7290000002057,false,בורקיטס בולגרי בטעמי,,,בורקיטס בולגרי בטעמי,קילוגרמים,1.00,"ק""ג",true,,45.00,45.0000,true,1,2877
7290000002858,false,פטה עזים גד 5% במשקל,,,פטה עזים גד 5% במשקל,קילוגרמים,1.00,"ק""ג",true,,129.00,129.0000,true,1,15332
7290000003285,false,פטינה מחלבת ארלה 21%,,,פטינה מחלבת ארלה 21%,קילוגרמים,1.00,"ק""ג",true,,32.00,32.0000,true,1,156962
7290000003286,false,בלוז דנאבלו מחלבת אר,,,בלוז דנאבלו מחלבת אר,קילוגרמים,1.00,"ק""ג",true,,69.00,69.0000,true,1,156963
7290000003503,false,כנפיים עוף טרי,,,כנפיים עוף טרי,קילוגרמים,1.00,"ק""ג",true,,12.90,12.9000,true,1,28003
7290000003790,true,5יח לחמניה שמיניה דג,,,5יח לחמניה שמיניה דג,יח',1.00,יח',false,,15.90,15.9000,true,1,3203
7290000004444,false,שקיות גופיה  20 מקרו,,,שקיות גופיה  20 מקרו,יחידה,0.00,יחידה,false,,0.10,0.0000,true,1,454200
7290000004792,false,בולגרית מעודנת גד 5%,,,בולגרית מעודנת גד 5%,קילוגרמים,1.00,"ק""ג",true,,65.00,65.0000,true,1,15346
7290000004815,false,מוצרלה גד 22% במשקל,,,מוצרלה גד 22% במשקל,קילוגרמים,1.00,"ק""ג",true,,85.00,85.0000,true,1,15347
7290000004969,false,גבינות שמנת טבעי גד,,,גבינות שמנת טבעי גד,קילוגרמים,1.00,"ק""ג",true,,56.00,56.0000,true,1,15353
7290000004983,false,לאבנה גד 5% במשקל,,,לאבנה גד 5% במשקל,קילוגרמים,1.00,"ק""ג",true,,45.00,45.0000,true,1,15355
7290000004991,false,מארז תרומה אגרות פתח,,,מארז תרומה אגרות פתח,יחידה,0.00,יחידה,false,,10.00,0.0000,true,1,331525
7290000005025,false,בייגל בטעמים,,,בייגל בטעמים,יח',1.00,יח',false,,5.90,5.9000,true,1,96155
7290000005455,false,בולגרית מעודנת מהדרי,,,בולגרית מעודנת מהדרי,קילוגרמים,1.00,"ק""ג",true,,65.00,65.0000,true,1,15362
7290000009350,false,בשר טחון טרי,,,בשר טחון טרי,קילוגרמים,1.00,"ק""ג",true,,39.90,39.9000,true,1,467055
7290000009351,false,בשר טחון חלק טרי,,,בשר טחון חלק טרי,קילוגרמים,1.00,"ק""ג",true,,49.90,49.9000,true,1,467168
7290000009352,false,בשר טחון פרימיום טרי,,,בשר טחון פרימיום טרי,קילוגרמים,1.00,"ק""ג",true,,49.90,49.9000,true,1,467264
7290000009354,false,צלעות בקר טרי,,,צלעות בקר טרי,קילוגרמים,1.00,"ק""ג",true,,79.90,79.9000,true,1,467441
7290000009358,false,כתף בקר טרי,,,כתף בקר טרי,קילוגרמים,1.00,"ק""ג",true,,79.90,79.9000,true,1,467532
7290000009362,false,צלי כתף טרי,,,צלי כתף טרי,קילוגרמים,1.00,"ק""ג",true,,94.90,94.9000,true,1,467704
7290000009366,false,פילה מדומה טרי,,,פילה מדומה טרי,קילוגרמים,1.00,"ק""ג",true,,79.90,79.9000,true,1,467551
7290000009370,false,שריר טרי,,,שריר טרי,קילוגרמים,1.00,"ק""ג",true,,64.90,64.9000,true,1,467843
7290000009374,false,אנטריקוט טרי,,,אנטריקוט טרי,קילוגרמים,1.00,"ק""ג",true,,129.90,129.9000,true,1,468165
7290000009395,false,אסאדו ע.ע. טרי,,,אסאדו ע.ע. טרי,קילוגרמים,1.00,"ק""ג",true,,69.90,69.9000,true,1,468331
7290000009397,false,אוסובוקו טרי,,,אוסובוקו טרי,קילוגרמים,1.00,"ק""ג",true,,69.90,69.9000,true,1,468007
7290000009399,false,סינטה טרי,,,סינטה טרי,קילוגרמים,1.00,"ק""ג",true,,129.90,129.9000,true,1,468383
7290000009461,false,חזה ע.ע  טרי,,,חזה ע.ע  טרי,קילוגרמים,1.00,"ק""ג",true,,49.90,49.9000,true,1,477874
7290000009462,false,צוואר ע.ע  טרי,,,צוואר ע.ע  טרי,קילוגרמים,1.00,"ק""ג",true,,49.90,49.9000,true,1,477891
7290000009464,false,אנטריקוט ע.ע טרי,,,אנטריקוט ע.ע טרי,קילוגרמים,1.00,"ק""ג",true,,94.90,94.9000,true,1,477924
7290000009480,false,עצמות מח חלק טרי,,,עצמות מח חלק טרי,קילוגרמים,1.00,"ק""ג",true,,24.90,24.9000,true,1,478461
7290000009481,false,כתף ע.ע  כשר,,,כתף ע.ע  כשר,קילוגרמים,1.00,"ק""ג",true,,49.90,49.9000,true,1,478619
7290000010110,false,5 יח'  לחמנית קוראסו,,,5 יח'  לחמנית קוראסו,יח',1.00,יח',false,,17.90,17.9000,true,1,216441
7290000010200,false,5יח שליש בגט (לבן/כפ,,,5יח שליש בגט (לבן/כפ,יח',1.00,יח',false,,18.50,18.5000,true,1,90926
7290000010250,false,5 יח'  בייגלה בטעמים,,,5 יח'  בייגלה בטעמים,יח',1.00,יח',false,,19.90,19.9000,true,1,216425
7290000011040,false,5 יח' לחמניה קשר,,,5 יח' לחמניה קשר,יח',1.00,יח',false,,15.90,15.9000,true,1,90927
7290000011593,false,שזיף,,,שזיף,קילוגרמים,1.00,"ק""ג",true,,19.90,19.9000,true,1,54996
7290000013006,false,פסטרמה מקסיקנית 1% ז,,,פסטרמה מקסיקנית 1% ז,קילוגרמים,1.00,"ק""ג",true,,89.00,89.0000,true,1,42602
7290000014510,false,חסה עגולה,,,חסה עגולה,יח',1.00,יח',false,,7.90,7.9000,true,1,54999
7290000023007,false,"ברנדי שטוק 84 750 מ""",,,"ברנדי שטוק 84 750 מ""",מיליליטרים,750.00,"100 מ""ל",false,,80.90,10.7867,true,1,10142
7290000023083,false,"ערק אשקלון 700 מ""ל כ",,,"ערק אשקלון 700 מ""ל כ",מיליליטרים,700.00,"100 מ""ל",false,,55.90,7.9857,true,1,10144
7290000023809,false,קלאסיק קברנה סובניון,,,קלאסיק קברנה סובניון,מיליליטרים,750.00,"100 מ""ל",false,,35.50,4.7333,true,1,10159
7290000023816,false,קלאסיק אמרלד ריזלינג,,,קלאסיק אמרלד ריזלינג,מיליליטרים,750.00,"100 מ""ל",false,,35.50,4.7333,true,1,10160
7290000023977,false,קלאסיק מרלו 750מל.,,,קלאסיק מרלו 750מל.,מיליליטרים,750.00,"100 מ""ל",false,,35.50,4.7333,true,1,10166
7290000024202,false,קברנה סוביניון רזרבד,,,קברנה סוביניון רזרבד,מיליליטרים,750.00,"100 מ""ל",false,,46.90,6.2533,true,1,10169
7290000024523,false,תירוש של סגל 1 ליטר,,,תירוש של סגל 1 ליטר,ליטרים,1.00,ליטר,false,,15.90,15.9000,true,1,10177
7290000035324,false,בולגרית חלב נוכרי פי,,,בולגרית חלב נוכרי פי,קילוגרמים,1.00,"ק""ג",true,,59.00,59.0000,true,1,26954
7290000036291,false,צפתית מעודנת מהדרין,,,צפתית מעודנת מהדרין,קילוגרמים,1.00,"ק""ג",true,,57.00,57.0000,true,1,26957
7290000039234,false,סינטה עגל טרי,,,סינטה עגל טרי,קילוגרמים,1.00,"ק""ג",true,,139.90,139.9000,true,1,2050
7290000040042,false,יופלה תות שובב 3% 15,,,יופלה תות שובב 3% 15,מיליליטרים,150.00,"100 מ""ל",false,,5.50,3.6667,true,1,27112
7290000040066,false,יופלה דובדבן פראי 3%,,,יופלה דובדבן פראי 3%,מיליליטרים,150.00,"100 מ""ל",false,,5.50,3.6667,true,1,27114
7290000040080,false,יופלה אפרסק מאוהב 3%,,,יופלה אפרסק מאוהב 3%,מיליליטרים,150.00,"100 מ""ל",false,,5.50,3.6667,true,1,27115
7290000040318,false,תנובה גבינת ברי 24%,,,תנובה גבינת ברי 24%,גרמים,125.00,100 גרם,false,,22.90,18.3200,true,1,27119
7290000040462,false,טוסטי טעם אדם 22% 20,,,טוסטי טעם אדם 22% 20,גרמים,200.00,100 גרם,false,,20.90,10.4500,true,1,95747
7290000040974,false,חלב תנובה קרטון דל ל,,,חלב תנובה קרטון דל ל,ליטרים,1.00,ליטר,false,,7.90,7.9000,true,1,27122
7290000041445,false,"קוטג' 5% תנובה בד""צ",,,"קוטג' 5% תנובה בד""צ",גרמים,250.00,100 גרם,false,,5.80,2.3200,true,1,27124
7290000041858,false,יטבתה שמנת חמוצה 15%,,,יטבתה שמנת חמוצה 15%,מיליליטרים,200.00,"100 מ""ל",false,,2.50,1.2500,true,1,24737
7290000041865,false,יטבתה לבן 4.5% 200מל,,,יטבתה לבן 4.5% 200מל,מיליליטרים,200.00,"100 מ""ל",false,,2.50,1.2500,true,1,24738
7290000042008,false,חלב תנובה רבנות 3% ב,,,חלב תנובה רבנות 3% ב,ליטרים,1.00,ליטר,false,,5.43,5.4300,true,1,27129
7290000042015,false,חלב תנובה טרי שקית,,,חלב תנובה טרי שקית,יחידה,0.00,יחידה,false,,5.43,0.0000,true,1,27130
7290000042435,false,חלב תנובה בקרטון 1%,,,חלב תנובה בקרטון 1%,ליטרים,1.00,ליטר,false,,5.86,5.8600,true,1,27136
7290000042442,false,חלב תנובה בקרטון רבנ,,,חלב תנובה בקרטון רבנ,ליטרים,1.00,ליטר,false,,6.23,6.2300,true,1,27137
7290000042855,false,יטבתה שוקו שקית 225,,,יטבתה שוקו שקית 225,מיליליטרים,225.00,"100 מ""ל",false,,2.90,1.2889,true,1,24742
7290000043012,false,שוק שוקו עמיד 2% בקר,,,שוק שוקו עמיד 2% בקר,מיליליטרים,250.00,"100 מ""ל",false,,4.90,1.9600,true,1,27146
7290000043111,false,חמאה תנובה רבנות 200,,,חמאה תנובה רבנות 200,גרמים,200.00,100 גרם,false,,7.88,3.9400,true,1,27147
7290000043814,false,שף לבן שמנת לקצפת עמ,,,שף לבן שמנת לקצפת עמ,מיליליטרים,250.00,"100 מ""ל",false,,6.47,2.5880,true,1,27149
7290000043890,false,ריויון 1.5% 1ל,,,ריויון 1.5% 1ל,ליטרים,1.00,ליטר,false,,11.90,11.9000,true,1,27152
7290000043944,false,יוגורט כדים תנובה 1.,,,יוגורט כדים תנובה 1.,ליטרים,1.50,ליטר,false,,17.90,11.9333,true,1,27153
7290000044712,false,פרילי תות 1.5% 500מל,,,פרילי תות 1.5% 500מל,מיליליטרים,500.00,"100 מ""ל",false,,10.90,2.1800,true,1,27159
7290000044880,false,באדי תות 3% 500מל,,,באדי תות 3% 500מל,מיליליטרים,500.00,"100 מ""ל",false,,9.50,1.9000,true,1,27161
7290000045573,false,נעמה גבינת מותכת 25%,,,נעמה גבינת מותכת 25%,גרמים,200.00,100 גרם,false,,16.90,8.4500,true,1,27163
7290000045580,false,נעמה גבינת מותכת 25%,,,נעמה גבינת מותכת 25%,גרמים,240.00,100 גרם,false,,19.90,8.2917,true,1,27164
7290000046006,false,עמק 28% במשקל,,,עמק 28% במשקל,קילוגרמים,1.00,"ק""ג",true,,42.70,42.7000,true,1,26961
7290000046020,false,גלבוע 22% במשקל,,,גלבוע 22% במשקל,קילוגרמים,1.00,"ק""ג",true,,42.58,42.5800,true,1,26962
7290000046327,false,גלבוע גבינה פרוסה 22,,,גלבוע גבינה פרוסה 22,גרמים,200.00,100 גרם,false,,13.90,6.9500,true,1,27169
7290000046501,false,טל העמק במשקל,,,טל העמק במשקל,קילוגרמים,1.00,"ק""ג",true,,58.00,58.0000,true,1,26967
7290000046549,false,מוצרלה חריץ תנובה במ,,,מוצרלה חריץ תנובה במ,קילוגרמים,1.00,"ק""ג",true,,82.00,82.0000,true,1,26968
7290000046563,false,גבע פרמזן תנובה במשק,,,גבע פרמזן תנובה במשק,קילוגרמים,1.00,"ק""ג",true,,114.00,114.0000,true,1,26970
7290000046662,false,סקנדינבית חריץ מעדני,,,סקנדינבית חריץ מעדני,קילוגרמים,1.00,"ק""ג",true,,79.00,79.0000,true,1,26971
7290000047027,false,קשקבל גלעד במשקל,,,קשקבל גלעד במשקל,קילוגרמים,1.00,"ק""ג",true,,128.00,128.0000,true,1,26973
7290000047034,false,רוקפור גליל במשקל,,,רוקפור גליל במשקל,קילוגרמים,1.00,"ק""ג",true,,130.00,130.0000,true,1,26974
7290000047485,false,בולגרית פיראוס 24% ב,,,בולגרית פיראוס 24% ב,קילוגרמים,1.00,"ק""ג",true,,62.00,62.0000,true,1,26977
7290000047546,false,שף לבן כנען 5% 500ג,,,שף לבן כנען 5% 500ג,גרמים,500.00,100 גרם,false,,26.90,5.3800,true,1,27172
7290000047730,false,סלמון פילה מעושן מצו,,,סלמון פילה מעושן מצו,קילוגרמים,1.00,"ק""ג",true,,199.00,199.0000,true,1,17414
7290000048185,false,גבינה לבנה רכה 5% תנ,,,גבינה לבנה רכה 5% תנ,גרמים,250.00,100 גרם,false,,4.98,1.9920,true,1,27177
7290000048192,false,גבינה לבנה רכה 9% בד,,,גבינה לבנה רכה 9% בד,גרמים,250.00,100 גרם,false,,4.90,1.9600,true,1,27178
7290000048207,false,פילה הרינג בסגנון מט,,,פילה הרינג בסגנון מט,קילוגרמים,1.00,"ק""ג",true,,84.00,84.0000,true,1,19719
7290000048413,false,פיראוס חמד 16% 250ג,,,פיראוס חמד 16% 250ג,גרמים,250.00,100 גרם,false,,19.90,7.9600,true,1,27182
7290000048437,false,פיראוס צפתית 5% 200,,,פיראוס צפתית 5% 200,גרמים,200.00,100 גרם,false,,16.90,8.4500,true,1,27183
7290000050447,false,יופלהYYY תות 3% 500מ,,,יופלהYYY תות 3% 500מ,מיליליטרים,500.00,"100 מ""ל",false,,14.90,2.9800,true,1,27195
7290000051307,false,חלב תנובה הפ.אוכל עו,,,חלב תנובה הפ.אוכל עו,מיליליטרים,150.00,"100 מ""ל",false,,9.90,6.6000,true,1,27214
7290000051352,false,חלב תנובה של פעם בקר,,,חלב תנובה של פעם בקר,ליטרים,1.00,ליטר,false,,7.90,7.9000,true,1,27215
7290000051956,false,טל העמק 9% במשקל,,,טל העמק 9% במשקל,קילוגרמים,1.00,"ק""ג",true,,82.00,82.0000,true,1,26981
7290000052311,false,עמק מהדרין 15% 200 ג,,,עמק מהדרין 15% 200 ג,גרמים,200.00,100 גרם,false,,16.90,8.4500,true,1,27232
7290000053219,false,טל העמק 32% במשקל,,,טל העמק 32% במשקל,קילוגרמים,1.00,"ק""ג",true,,58.00,58.0000,true,1,26985
7290000055015,false,פיראוס גבינת פטה כבש,,,פיראוס גבינת פטה כבש,גרמים,250.00,100 גרם,false,,32.90,13.1600,true,1,27282
7290000055329,false,יופלה משקה יוגורט תו,,,יופלה משקה יוגורט תו,מיליליטרים,250.00,"100 מ""ל",false,,6.50,2.6000,true,1,27288
7290000055350,false,עמק קלאסית 28% במשקל,,,עמק קלאסית 28% במשקל,קילוגרמים,1.00,"ק""ג",true,,44.79,44.7900,true,1,26989
7290000055893,false,חמאה מהדרין תנובה 20,,,חמאה מהדרין תנובה 20,גרמים,200.00,100 גרם,false,,7.88,3.9400,true,1,27296
7290000056784,false,פטה כבשים פיראוס 5%,,,פטה כבשים פיראוס 5%,קילוגרמים,1.00,"ק""ג",true,,119.00,119.0000,true,1,26994
7290000056845,false,חלב תנובה בקרטון 3%,,,חלב תנובה בקרטון 3%,ליטרים,1.50,ליטר,false,,9.34,6.2267,true,1,27314
7290000057088,false,עמק דק דק 28% 200גר,,,עמק דק דק 28% 200גר,גרמים,200.00,100 גרם,false,,16.90,8.4500,true,1,27325
7290000057118,false,עמק  סמי  28% 400 גר,,,עמק  סמי  28% 400 גר,גרמים,400.00,100 גרם,false,,23.90,5.9750,true,1,27327
7290000057132,false,תנובה יוגורט טבעי 1.,,,תנובה יוגורט טבעי 1.,מיליליטרים,200.00,"100 מ""ל",false,,3.50,1.7500,true,1,27328
7290000057149,false,תנובה יוגורט טבעי 3%,,,תנובה יוגורט טבעי 3%,גרמים,200.00,100 גרם,false,,3.50,1.7500,true,1,27329
7290000058001,false,עצמות עגל חלק טרי,,,עצמות עגל חלק טרי,קילוגרמים,1.00,"ק""ג",true,,35.00,35.0000,true,1,2064
7290000058030,false,יופלה שטוזים משקה יו,,,יופלה שטוזים משקה יו,מיליליטרים,800.00,"100 מ""ל",false,,21.90,2.7375,true,1,27349
7290000058580,false,קוקילידה וניל,,,קוקילידה וניל,יחידה,0.00,יחידה,false,,10.90,0.0000,true,1,16976
7290000060088,false,בייגלה אסם מקלות מלו,,,בייגלה אסם מקלות מלו,גרמים,400.00,100 גרם,false,,12.90,3.2250,true,1,68376
7290000060200,false,פתיתים אפויים קוסקוס,,,פתיתים אפויים קוסקוס,גרמים,500.00,100 גרם,false,,7.90,1.5800,true,1,21027
7290000060217,false,פסטה מקרוני אסם 500,,,פסטה מקרוני אסם 500,גרמים,500.00,100 גרם,false,,6.90,1.3800,true,1,21028
7290000060248,false,פסטה תלתלים אסם 500,,,פסטה תלתלים אסם 500,גרמים,500.00,100 גרם,false,,6.90,1.3800,true,1,21029
7290000060330,false,פסטה ספירלי פרפקטו 5,,,פסטה ספירלי פרפקטו 5,גרמים,500.00,100 גרם,false,,7.90,1.5800,true,1,68378
7290000060408,false,פתיתים אפויים טבעות,,,פתיתים אפויים טבעות,גרמים,500.00,100 גרם,false,,7.90,1.5800,true,1,21035
7290000060415,false,לזאניה פרפקטו  500 ג,,,לזאניה פרפקטו  500 ג,גרמים,500.00,100 גרם,false,,15.90,3.1800,true,1,21036
7290000060781,false,פסטה מסולסלים אסם 50,,,פסטה מסולסלים אסם 50,גרמים,500.00,100 גרם,false,,6.90,1.3800,true,1,21042
7290000060828,false,פסטה קרניים בינוניות,,,פסטה קרניים בינוניות,גרמים,500.00,100 גרם,false,,6.90,1.3800,true,1,21043
7290000060880,false,ספגטי אסם 500 גרם,,,ספגטי אסם 500 גרם,גרמים,500.00,100 גרם,false,,6.90,1.3800,true,1,21046
7290000060958,false,אטריות בינוניות אסם,,,אטריות בינוניות אסם,גרמים,400.00,100 גרם,false,,7.90,1.9750,true,1,21049
7290000060965,false,אטריות רחבות אסם 400,,,אטריות רחבות אסם 400,גרמים,400.00,100 גרם,false,,7.90,1.9750,true,1,21050
7290000061061,false,אסם קרקר בצל 250גרם,,,אסם קרקר בצל 250גרם,גרמים,250.00,100 גרם,false,,11.90,4.7600,true,1,21052
7290000061085,false,אסם רוטב צ'ילי מתוק,,,אסם רוטב צ'ילי מתוק,מיליליטרים,290.00,"100 מ""ל",false,,13.90,4.7931,true,1,21053
7290000061108,false,רוטב טריאקי אסם 290,,,רוטב טריאקי אסם 290,מיליליטרים,290.00,"100 מ""ל",false,,13.90,4.7931,true,1,21054
7290000061245,false,אסם עוגיות שוקוצ'יפס,,,אסם עוגיות שוקוצ'יפס,גרמים,220.00,100 גרם,false,,12.90,5.8636,true,1,21056
7290000061764,false,נס קפה רד מאג טעם חד,,,נס קפה רד מאג טעם חד,גרמים,200.00,100 גרם,false,,24.90,12.4500,true,1,21059
7290000062952,false,מיני קרוטונים למרק ו,,,מיני קרוטונים למרק ו,גרמים,250.00,100 גרם,false,,16.90,6.7600,true,1,21065
7290000063102,false,קמח תופח קטן אסם 350,,,קמח תופח קטן אסם 350,גרמים,350.00,100 גרם,false,,5.90,1.6857,true,1,21068
7290000063133,false,שקדי מרק רכיבים טבעי,,,שקדי מרק רכיבים טבעי,גרמים,100.00,100 גרם,false,,6.90,6.9000,true,1,21069
7290000063140,false,שקדי מרק רכיבים טבעי,,,שקדי מרק רכיבים טבעי,גרמים,400.00,100 גרם,false,,14.90,3.7250,true,1,21070
7290000063157,false,קמח עוגה תופח מאליו,,,קמח עוגה תופח מאליו,קילוגרמים,1.00,"ק""ג",false,,10.90,10.9000,true,1,21071
7290000064758,false,קוסקוס אמיתי אסם 350,,,קוסקוס אמיתי אסם 350,גרמים,350.00,100 גרם,false,,8.90,2.5429,true,1,21081
7290000065090,false,מיני קרוטונים למרק ו,,,מיני קרוטונים למרק ו,גרמים,400.00,100 גרם,false,,28.90,7.2250,true,1,21083
7290000066141,false,ביסלי גריל 70 גר'.,,,ביסלי גריל 70 גר'.,גרמים,70.00,100 גרם,false,,4.90,7.0000,true,1,21095
7290000066172,false,ביסלי פיצה 70גרם,,,ביסלי פיצה 70גרם,גרמים,70.00,100 גרם,false,,4.90,7.0000,true,1,68384
7290000066196,false,ביסלי גריל 200גרם,,,ביסלי גריל 200גרם,גרמים,200.00,100 גרם,false,,7.90,3.9500,true,1,21100
7290000066264,false,דובונים 40גרם,,,דובונים 40גרם,גרמים,40.00,100 גרם,false,,5.00,12.5000,true,1,21104
7290000066295,false,במבה מתוקה מחומרים ט,,,במבה מתוקה מחומרים ט,גרמים,30.00,100 גרם,false,,2.90,9.6667,true,1,21105
7290000066318,false,במבה קלאסי 80 גרם,,,במבה קלאסי 80 גרם,גרמים,80.00,100 גרם,false,,4.90,6.1250,true,1,21107
7290000066332,false,אפרופו 50 גרם,,,אפרופו 50 גרם,גרמים,50.00,100 גרם,false,,5.90,11.8000,true,1,21108
7290000066431,false,פופקו חמאה ודבש 80גר,,,פופקו חמאה ודבש 80גר,גרמים,80.00,100 גרם,false,,5.90,7.3750,true,1,21110
7290000067544,false,אסם פירורית פירורי ל,,,אסם פירורית פירורי ל,גרמים,200.00,100 גרם,false,,7.90,3.9500,true,1,21118
7290000067599,false,מנה חמה ספגטי בולונז,,,מנה חמה ספגטי בולונז,גרמים,65.00,100 גרם,false,,6.90,10.6154,true,1,21122
7290000068138,false,אסם פודינג אינסטנט ו,,,אסם פודינג אינסטנט ו,גרמים,80.00,100 גרם,false,,6.50,8.1250,true,1,21128
7290000068190,false,אסם ג'לי תות שדה צבע,,,אסם ג'לי תות שדה צבע,גרמים,90.00,100 גרם,false,,7.90,8.7778,true,1,21132
7290000068299,false,"מנה חמה פירה תפ"" ופט",,,"מנה חמה פירה תפ"" ופט",גרמים,47.00,100 גרם,false,,8.50,18.0851,true,1,21137
7290000068343,false,פריכונים מאורז מלא א,,,פריכונים מאורז מלא א,גרמים,140.00,100 גרם,false,,9.50,6.7857,true,1,21138
7290000068770,false,במבה יום הולדת 80גרם,,,במבה יום הולדת 80גרם,גרמים,80.00,100 גרם,false,,4.90,6.1250,true,1,21140
7290000068787,false,במבה יום הולדת 25גרם,,,במבה יום הולדת 25גרם,גרמים,25.00,100 גרם,false,,2.90,11.6000,true,1,21141
7290000069258,false,פנה ריגאטה פרפקטו 50,,,פנה ריגאטה פרפקטו 50,גרמים,500.00,100 גרם,false,,7.90,1.5800,true,1,21147
7290000069364,false,פריכונים מאורז מלא ל,,,פריכונים מאורז מלא ל,גרמים,140.00,100 גרם,false,,9.50,6.7857,true,1,21148
7290000070322,false,אבקת מרק פטריות רכיב,,,אבקת מרק פטריות רכיב,גרמים,400.00,100 גרם,false,,30.90,7.7250,true,1,21160
7290000070353,false,אבקת מרק בצל רכיבים,,,אבקת מרק בצל רכיבים,גרמים,400.00,100 גרם,false,,30.90,7.7250,true,1,21161
7290000070919,false,בייגלה אסם רשתות מלח,,,בייגלה אסם רשתות מלח,גרמים,400.00,100 גרם,false,,15.90,3.9750,true,1,21172
7290000072241,false,אסם רוטב פיצה 290מל,,,אסם רוטב פיצה 290מל,מיליליטרים,290.00,"100 מ""ל",false,,13.90,4.7931,true,1,21180
7290000072623,false,אסם קטשופ בקבוק לחיץ,,,אסם קטשופ בקבוק לחיץ,גרמים,750.00,100 גרם,false,,12.50,1.6667,true,1,21182
7290000072753,false,נס קפה טייסטרס צ'ויס,,,נס קפה טייסטרס צ'ויס,גרמים,200.00,100 גרם,false,,33.90,16.9500,true,1,21185
7290000072784,false,טייסטרס צוייס נטול ק,,,טייסטרס צוייס נטול ק,גרמים,100.00,100 גרם,false,,31.90,31.9000,true,1,21188
7290000072968,false,סיני מיניס דגני נסטל,,,סיני מיניס דגני נסטל,יחידה,500.00,יחידה,false,,28.90,0.0578,true,1,68392
7290000073125,false,מנה חמה פסטה עם עגבנ,,,מנה חמה פסטה עם עגבנ,גרמים,62.00,100 גרם,false,,6.90,11.1290,true,1,68393
7290000073699,false,צבר חומוס חלק 150ג,,,צבר חומוס חלק 150ג,גרמים,150.00,100 גרם,false,,5.90,3.9333,true,1,21980
7290000074184,false,אסם פתי בר 500גרם,,,אסם פתי בר 500גרם,גרמים,500.00,100 גרם,false,,12.00,2.4000,true,1,21206
7290000074245,false,אסם קרם קרקר 250גרם,,,אסם קרם קרקר 250גרם,גרמים,250.00,100 גרם,false,,11.90,4.7600,true,1,68399
7290000074252,false,אסם קרקר שומשום 250ג,,,אסם קרקר שומשום 250ג,גרמים,250.00,100 גרם,false,,11.90,4.7600,true,1,21208
7290000074375,false,אסם קרקר זהב 150גרם,,,אסם קרקר זהב 150גרם,גרמים,150.00,100 גרם,false,,8.90,5.9333,true,1,21212
7290000074481,false,לחמית אגוזים 160גרם,,,לחמית אגוזים 160גרם,גרמים,160.00,100 גרם,false,,11.90,7.4375,true,1,21214
7290000075204,false,לחמית חיטה מלאה 250ג,,,לחמית חיטה מלאה 250ג,גרמים,250.00,100 גרם,false,,9.90,3.9600,true,1,21223
7290000075693,false,עוגת שמרים בריוש שוק,,,עוגת שמרים בריוש שוק,גרמים,360.00,100 גרם,false,,18.90,5.2500,true,1,21225
7290000076126,false,אסם בייגלה שמיניות ק,,,אסם בייגלה שמיניות ק,גרמים,80.00,100 גרם,false,,3.90,4.8750,true,1,68406
7290000076133,false,בייגלה אסם שמיניות ק,,,בייגלה אסם שמיניות ק,גרמים,400.00,100 גרם,false,,12.90,3.2250,true,1,68407
7290000077017,false,אסם קרמוגית במילוי ש,,,אסם קרמוגית במילוי ש,גרמים,200.00,100 גרם,false,,12.90,6.4500,true,1,21230
7290000078212,false,קרוטונים מתובלים אסם,,,קרוטונים מתובלים אסם,גרמים,250.00,100 גרם,false,,16.90,6.7600,true,1,21235
7290000079412,false,אמנטל נעם מהדרין במש,,,אמנטל נעם מהדרין במש,קילוגרמים,1.00,"ק""ג",true,,69.00,69.0000,true,1,84522
7290000081663,false,בייגלה אסם טבעות שומ,,,בייגלה אסם טבעות שומ,גרמים,300.00,100 גרם,false,,12.90,4.3000,true,1,68408
7290000085159,false,פרורי ביסקוויט וניל,,,פרורי ביסקוויט וניל,גרמים,300.00,100 גרם,false,,6.90,2.3000,true,1,311166
7290000085180,false,גטניו - פתיבר וניל 4,,,גטניו - פתיבר וניל 4,גרמים,470.00,100 גרם,false,,9.90,2.1064,true,1,120451
7290000089045,false,הולנדי במשקל,,,הולנדי במשקל,קילוגרמים,1.00,"ק""ג",true,,42.90,42.9000,true,1,20534
7290000089199,false,חריפה במשקל,,,חריפה במשקל,קילוגרמים,1.00,"ק""ג",true,,42.90,42.9000,true,1,20536
7290000089274,false,נקניק מעושן מעדנייה,,,נקניק מעושן מעדנייה,קילוגרמים,1.00,"ק""ג",true,,42.90,42.9000,true,1,20538
7290000089364,false,מקרל מעושן פרוס בשמן,,,מקרל מעושן פרוס בשמן,קילוגרמים,1.00,"ק""ג",true,,129.00,129.0000,true,1,19743
7290000089388,false,מעדן הרינג בסגנון מט,,,מעדן הרינג בסגנון מט,קילוגרמים,1.00,"ק""ג",true,,84.00,84.0000,true,1,19745
7290000089395,false,הרינג כבוש עם בצל,,,הרינג כבוש עם בצל,קילוגרמים,1.00,"ק""ג",true,,84.00,84.0000,true,1,19746
7290000095408,false,נעם 28%  חריץ מעדניה,,,נעם 28%  חריץ מעדניה,קילוגרמים,1.00,"ק""ג",true,,44.79,44.7900,true,1,7018
7290000095415,false,נעם 9% חריץ מעדניה-,,,נעם 9% חריץ מעדניה-,קילוגרמים,1.00,"ק""ג",true,,77.00,77.0000,true,1,7019
7290000095422,false,גבינת נועם  22% חריץ,,,גבינת נועם  22% חריץ,קילוגרמים,1.00,"ק""ג",true,,42.58,42.5800,true,1,7020
7290000100018,false,גביניות,,,גביניות,קילוגרמים,1.00,"ק""ג",true,,45.00,45.0000,true,1,2909
7290000100081,false,לחמניה קשר/קלועה,,,לחמניה קשר/קלועה,יח',1.00,יח',false,,3.20,3.2000,true,1,96233
7290000100128,false,סדרת פירות קפואים-תו,,,סדרת פירות קפואים-תו,גרמים,300.00,100 גרם,false,,19.90,6.6333,true,1,125443
7290000100135,false,סדרת פירות קפואים-דו,,,סדרת פירות קפואים-דו,גרמים,300.00,100 גרם,false,,20.90,6.9667,true,1,125444
7290000100156,false,נילס קוקיס חלבי,,,נילס קוקיס חלבי,קילוגרמים,1.00,"ק""ג",true,,55.00,55.0000,true,1,117369
7290000100160,false,נילס קוקיס שוקו,,,נילס קוקיס שוקו,קילוגרמים,1.00,"ק""ג",true,,55.00,55.0000,true,1,2916
7290000100300,false,לחם מחמצת טוסקני כפר,,,לחם מחמצת טוסקני כפר,גרמים,530.00,100 גרם,false,,17.90,3.3774,true,1,216315
7290000100615,false,5 יח'   חליות לחמניו,,,5 יח'   חליות לחמניו,יח',1.00,יח',false,,14.90,14.9000,true,1,90929
7290000101934,false,מיקס פירות יער 300 ג,,,מיקס פירות יער 300 ג,גרמים,300.00,100 גרם,false,,19.90,6.6333,true,1,79200
7290000101941,false,אננס מוקפא 300 גרם,,,אננס מוקפא 300 גרם,גרמים,300.00,100 גרם,false,,19.90,6.6333,true,1,377149
7290000101958,false,מנגו מוקפא 300 גרם,,,מנגו מוקפא 300 גרם,גרמים,300.00,100 גרם,false,,19.90,6.6333,true,1,79201
7290000103365,false,סנפרוסט מרק ירקות 50,,,סנפרוסט מרק ירקות 50,גרמים,500.00,100 גרם,false,,20.90,4.1800,true,1,26800
7290000103433,false,לקט ירקות לתנור 800,,,לקט ירקות לתנור 800,גרמים,800.00,100 גרם,false,,26.90,3.3625,true,1,26807
7290000103471,false,סנפרוסט מיני ברוקולי,,,סנפרוסט מיני ברוקולי,גרמים,600.00,100 גרם,false,,20.90,3.4833,true,1,26810
7290000103846,false,סנפרוסט מרק אפונה קפ,,,סנפרוסט מרק אפונה קפ,גרמים,570.00,100 גרם,false,,20.90,3.6667,true,1,26835
7290000103860,false,סנפרוסט מרק עדשים קפ,,,סנפרוסט מרק עדשים קפ,גרמים,572.00,100 גרם,false,,20.90,3.6538,true,1,26836
7290000103877,false,סנפרוסט מרק שעועית ק,,,סנפרוסט מרק שעועית ק,גרמים,644.00,100 גרם,false,,20.90,3.2453,true,1,26837
7290000104072,false,סנפרוסט עדשים ירוקות,,,סנפרוסט עדשים ירוקות,גרמים,800.00,100 גרם,false,,22.90,2.8625,true,1,26841
7290000104201,false,אפונה עדינה סנפרוסט,,,אפונה עדינה סנפרוסט,גרמים,600.00,100 גרם,false,,20.90,3.4833,true,1,26844
7290000104218,false,סנפרוסט במיה 600גר,,,סנפרוסט במיה 600גר,גרמים,600.00,100 גרם,false,,18.90,3.1500,true,1,26845
7290000104225,false,בצל קצוץ סנפרוסט 600,,,בצל קצוץ סנפרוסט 600,גרמים,600.00,100 גרם,false,,20.90,3.4833,true,1,26846
7290000104676,false,אפונת גינה סנפרוסט 8,,,אפונת גינה סנפרוסט 8,גרמים,800.00,100 גרם,false,,20.90,2.6125,true,1,26848
7290000104683,false,שעועית שלמה סנפרוסט,,,שעועית שלמה סנפרוסט,גרמים,800.00,100 גרם,false,,24.90,3.1125,true,1,26849
7290000104690,false,תירס גרעינים 800גר,,,תירס גרעינים 800גר,גרמים,800.00,100 גרם,false,,20.90,2.6125,true,1,26850
7290000104706,false,גזר גמדי 800 גרם,,,גזר גמדי 800 גרם,גרמים,800.00,100 גרם,false,,19.90,2.4875,true,1,26851
7290000104713,false,פול ירוק 800גר,,,פול ירוק 800גר,גרמים,800.00,100 גרם,false,,28.90,3.6125,true,1,26852
7290000104720,false,שעועית ירוקה חתוכה ס,,,שעועית ירוקה חתוכה ס,גרמים,800.00,100 גרם,false,,21.90,2.7375,true,1,26853
7290000104737,false,שעועית צהובה חתוכה ס,,,שעועית צהובה חתוכה ס,גרמים,800.00,100 גרם,false,,21.90,2.7375,true,1,26854
7290000104744,false,כרובית 800גר,,,כרובית 800גר,גרמים,800.00,100 גרם,false,,29.90,3.7375,true,1,26855
7290000104751,false,כרוב ניצנים 800גר,,,כרוב ניצנים 800גר,גרמים,800.00,100 גרם,false,,29.90,3.7375,true,1,26856
7290000104768,false,תרד עלים 800 גרם,,,תרד עלים 800 גרם,גרמים,800.00,100 גרם,false,,30.90,3.8625,true,1,26857
7290000104775,false,תרד מדליונים 800גר,,,תרד מדליונים 800גר,גרמים,800.00,100 גרם,false,,29.90,3.7375,true,1,26858
7290000104799,false,שעועית לבנה מבושלת 8,,,שעועית לבנה מבושלת 8,גרמים,800.00,100 גרם,false,,22.90,2.8625,true,1,26859
7290000104805,false,גרגירי חומוס קפוא 80,,,גרגירי חומוס קפוא 80,גרמים,800.00,100 גרם,false,,22.90,2.8625,true,1,26860
7290000104829,false,"קלחוני תירס 1 ק""ג",,,"קלחוני תירס 1 ק""ג",קילוגרמים,1.00,"ק""ג",false,,20.90,20.9000,true,1,26861
7290000104836,false,שעועית עדינה שלמה סנ,,,שעועית עדינה שלמה סנ,גרמים,600.00,100 גרם,false,,27.90,4.6500,true,1,26862
7290000104881,false,אפונה וגזר 800 גרם ס,,,אפונה וגזר 800 גרם ס,גרמים,800.00,100 גרם,false,,18.90,2.3625,true,1,26865
7290000104904,false,לקט ירקות מעורבים 80,,,לקט ירקות מעורבים 80,גרמים,800.00,100 גרם,false,,26.90,3.3625,true,1,26866
7290000104911,false,לקט נורמנדי 800גר,,,לקט נורמנדי 800גר,גרמים,800.00,100 גרם,false,,26.90,3.3625,true,1,26867
7290000106526,false,סנפרוסט חגיגה ירוקה,,,סנפרוסט חגיגה ירוקה,גרמים,800.00,100 גרם,false,,28.90,3.6125,true,1,143864
7290000107295,false,תפרחות ברוקולי 800ג,,,תפרחות ברוקולי 800ג,גרמים,800.00,100 גרם,false,,30.90,3.8625,true,1,26873
7290000111063,false,מיונז אמיתי 250 ג צנ,,,מיונז אמיתי 250 ג צנ,גרמים,250.00,100 גרם,false,,8.90,3.5600,true,1,11138
7290000111117,false,בדין מרכך כביסה לבן,,,בדין מרכך כביסה לבן,ליטרים,4.00,ליטר,false,,21.90,5.4750,true,1,11139
7290000111186,false,מיונז אמיתי תלמה 500,,,מיונז אמיתי תלמה 500,גרמים,500.00,100 גרם,false,,10.90,2.1800,true,1,11141
7290000111353,false,מיונז 1 קג,,,מיונז 1 קג,קילוגרמים,1.00,"ק""ג",false,,19.90,19.9000,true,1,11143
7290000111360,false,חרדל אמיתי 250 גרם מ,,,חרדל אמיתי 250 גרם מ,גרמים,250.00,100 גרם,false,,7.90,3.1600,true,1,11144
7290000111384,false,חרדל אמיתי תלמה 550,,,חרדל אמיתי תלמה 550,גרמים,550.00,100 גרם,false,,9.10,1.6545,true,1,11145
7290000112220,false,בארכה טחינה 100% שומ,,,בארכה טחינה 100% שומ,גרמים,500.00,100 גרם,false,,15.90,3.1800,true,1,21243
7290000112237,false,בארכה טחינה 100% שומ,,,בארכה טחינה 100% שומ,קילוגרמים,1.00,"ק""ג",false,,31.90,31.9000,true,1,21244
7290000112497,false,מרק עשיר עוף עם אטרי,,,מרק עשיר עוף עם אטרי,גרמים,68.00,100 גרם,false,,10.90,16.0294,true,1,11147
7290000112503,false,מרק עשיר ירקות קנור,,,מרק עשיר ירקות קנור,גרמים,61.00,100 גרם,false,,10.90,17.8689,true,1,11148
7290000112619,false,מרק עוף אמיתי לתיבול,,,מרק עוף אמיתי לתיבול,גרמים,400.00,100 גרם,false,,20.90,5.2250,true,1,11150
7290000116204,false,מרק דגש עוף קנור 1 ק,,,מרק דגש עוף קנור 1 ק,קילוגרמים,1.00,"ק""ג",false,,17.90,17.9000,true,1,11162
7290000116921,false,רוטב צילי מתוק קנור,,,רוטב צילי מתוק קנור,מיליליטרים,300.00,"100 מ""ל",false,,14.90,4.9667,true,1,11164
7290000116945,false,רוטב סויה קנור 300מל,,,רוטב סויה קנור 300מל,מיליליטרים,300.00,"100 מ""ל",false,,14.90,4.9667,true,1,11165
7290000117720,false,מרק נמס בכוס פטריות,,,מרק נמס בכוס פטריות,גרמים,43.00,100 גרם,false,,7.90,18.3721,true,1,67498
7290000120874,false,מיונז הלמנס לייט 424,,,מיונז הלמנס לייט 424,גרמים,424.00,100 גרם,false,,14.90,3.5142,true,1,11183
7290000121093,false,מון בלאן שויצרית 7%,,,מון בלאן שויצרית 7%,גרמים,120.00,100 גרם,false,,13.90,11.5833,true,1,18299
7290000121239,false,מיוקל 5% מופחת שומן,,,מיוקל 5% מופחת שומן,גרמים,500.00,100 גרם,false,,15.90,3.1800,true,1,11184
7290000128401,false,פטה כבש 24% פיראוס,,,פטה כבש 24% פיראוס,קילוגרמים,1.00,"ק""ג",true,,113.00,113.0000,true,1,27007
7290000133087,false,בולג.צאן סופיה 20% ש,,,בולג.צאן סופיה 20% ש,קילוגרמים,1.00,"ק""ג",true,,91.00,91.0000,true,1,15531
7290000133117,false,בולגרית מעודנת השומר,,,בולגרית מעודנת השומר,קילוגרמים,1.00,"ק""ג",true,,55.00,55.0000,true,1,15533
7290000133193,false,בולג.קלאסית שומרון,,,בולג.קלאסית שומרון,קילוגרמים,1.00,"ק""ג",true,,60.00,60.0000,true,1,15536
7290000134147,false,טעם וריח מוסקט טחון,,,טעם וריח מוסקט טחון,גרמים,40.00,100 גרם,false,,18.70,46.7500,true,1,49574
7290000134338,false,תבלין אבקת שום טעם ו,,,תבלין אבקת שום טעם ו,גרמים,90.00,100 גרם,false,,11.90,13.2222,true,1,49577
7290000134352,false,טעם וריח קימנון טחון,,,טעם וריח קימנון טחון,גרמים,80.00,100 גרם,false,,11.80,14.7500,true,1,49578
7290000134673,false,תבלין זנגביל טעם ורי,,,תבלין זנגביל טעם ורי,גרמים,30.00,100 גרם,false,,6.90,23.0000,true,1,49585
7290000134680,false,תבלין קמיל שלם טעם ו,,,תבלין קמיל שלם טעם ו,גרמים,40.00,100 גרם,false,,6.90,17.2500,true,1,135987
7290000134826,false,תבלין זעתר טעם וריח,,,תבלין זעתר טעם וריח,גרמים,100.00,100 גרם,false,,11.90,11.9000,true,1,49588
7290000134833,false,טעם וריח ת.כמון במיכ,,,טעם וריח ת.כמון במיכ,גרמים,100.00,100 גרם,false,,12.80,12.8000,true,1,49589
7290000134840,false,טעם וריח ת.כורכום במ,,,טעם וריח ת.כורכום במ,גרמים,100.00,100 גרם,false,,11.90,11.9000,true,1,49590
7290000134857,false,טעם וריח ת.פפריקה מת,,,טעם וריח ת.פפריקה מת,גרמים,100.00,100 גרם,false,,11.80,11.8000,true,1,49591
7290000134864,false,תבלין פפריקה חריפה ט,,,תבלין פפריקה חריפה ט,גרמים,100.00,100 גרם,false,,11.80,11.8000,true,1,49592
7290000134987,false,טעם וריח פלפל שחור ג,,,טעם וריח פלפל שחור ג,גרמים,90.00,100 גרם,false,,16.90,18.7778,true,1,49595
7290000135052,false,אקס אל TEN פחית מנגו,,,אקס אל TEN פחית מנגו,מיליליטרים,250.00,"100 מ""ל",false,,4.90,1.9600,true,1,141282
7290000135113,false,פחית XL TEN נענע ליי,,,פחית XL TEN נענע ליי,מיליליטרים,250.00,"100 מ""ל",false,,4.90,1.9600,true,1,208295
7290000135311,false,פפסי מקס ליים 1.5 ל',,,פפסי מקס ליים 1.5 ל',ליטרים,1.50,ליטר,false,,8.50,5.6667,true,1,239403
7290000135625,false,גולדסטאר פחיות 4*500,,,גולדסטאר פחיות 4*500,ליטרים,2.00,ליטר,false,,30.90,15.4500,true,1,321951
7290000136158,false,פפסי מקס 1.5 ליטר,,,פפסי מקס 1.5 ליטר,ליטרים,1.50,ליטר,false,,8.50,5.6667,true,1,366182
7290000136165,false,מירינדה 1.5 ליטר,,,מירינדה 1.5 ליטר,ליטרים,1.50,ליטר,false,,8.50,5.6667,true,1,366101
7290000136189,false,סבן אפ דיאט 1.5 ליטר,,,סבן אפ דיאט 1.5 ליטר,ליטרים,1.50,ליטר,false,,8.50,5.6667,true,1,366085
7290000136288,false,סיידר הגליל JUICER ס,,,סיידר הגליל JUICER ס,מיליליטרים,330.00,"100 מ""ל",false,,13.60,4.1212,true,1,444367
7290000136295,false,סיידר הגליל JUICER ס,,,סיידר הגליל JUICER ס,מיליליטרים,330.00,"100 מ""ל",false,,13.60,4.1212,true,1,444413
7290000136301,false,סיידר הגליל JUICER ס,,,סיידר הגליל JUICER ס,מיליליטרים,330.00,"100 מ""ל",false,,13.60,4.1212,true,1,444414
7290000136646,false,נשר מאלט 1.5 ליטר,,,נשר מאלט 1.5 ליטר,ליטרים,1.50,ליטר,false,,9.90,6.6000,true,1,365768
7290000136653,false,נשר מאלט דיאט 1.5 לי,,,נשר מאלט דיאט 1.5 לי,ליטרים,1.50,ליטר,false,,9.90,6.6000,true,1,365785
7290000136684,false,פפסי מקס 1.5 ליטר,,,פפסי מקס 1.5 ליטר,ליטרים,1.50,ליטר,false,,8.50,5.6667,true,1,366183
7290000136752,false,סבן אפ דיאט 6*1.5 לי,,,סבן אפ דיאט 6*1.5 לי,ליטרים,9.00,ליטר,false,,42.90,4.7667,true,1,366086
7290000136776,false,פפסי מקס 6*1.5 ליטר,,,פפסי מקס 6*1.5 ליטר,ליטרים,9.00,ליטר,false,,42.90,4.7667,true,1,366167
7290000136790,false,טמפו סודה 6*1.5 ליטר,,,טמפו סודה 6*1.5 ליטר,ליטרים,9.00,ליטר,false,,20.70,2.3000,true,1,365915
7290000136851,false,סבן אפ 1.5 ליטר,,,סבן אפ 1.5 ליטר,ליטרים,1.50,ליטר,false,,8.50,5.6667,true,1,366135
7290000136868,false,מים סאן בנדטו 6* 1.5,,,מים סאן בנדטו 6* 1.5,ליטרים,9.00,ליטר,false,,20.70,2.3000,true,1,365832
7290000136875,false,סאן בנדטו מים מינרלי,,,סאן בנדטו מים מינרלי,ליטרים,9.00,ליטר,false,,20.90,2.3222,true,1,365900
7290000143217,false,שמפו לשיער יבש הוואי,,,שמפו לשיער יבש הוואי,מיליליטרים,700.00,"100 מ""ל",false,,10.90,1.5571,true,1,8678
7290000143255,false,שמפו רגיל הוואי 700,,,שמפו רגיל הוואי 700,מיליליטרים,700.00,"100 מ""ל",false,,10.90,1.5571,true,1,8679
7290000144160,false,שמן זית כתית מעולה א,,,שמן זית כתית מעולה א,מיליליטרים,750.00,"100 מ""ל",false,,37.90,5.0533,true,1,31513
7290000144474,false,שמן קנולה בריאות עץ,,,שמן קנולה בריאות עץ,ליטרים,1.00,ליטר,false,,18.40,18.4000,true,1,31518
7290000148380,false,פיסטוק קלוי 200 גרם,,,פיסטוק קלוי 200 גרם,גרמים,200.00,100 גרם,false,,21.90,10.9500,true,1,13901
7290000148748,false,גרעיני חמניה 200 גרם,,,גרעיני חמניה 200 גרם,גרמים,200.00,100 גרם,false,,7.90,3.9500,true,1,13904
7290000148939,false,שקדים קלויים 200 גרם,,,שקדים קלויים 200 גרם,גרמים,200.00,100 גרם,false,,21.90,10.9500,true,1,13905
7290000149851,false,סינטבון כפול 460גר,,,סינטבון כפול 460גר,גרמים,460.00,100 גרם,false,,11.90,2.5870,true,1,31789
7290000149905,false,טקסטיל שמפו-1 ליטר נ,,,טקסטיל שמפו-1 ליטר נ,ליטרים,1.00,ליטר,false,,15.90,15.9000,true,1,31790
7290000149943,false,טקסטיל שמפו-שקית 1 ק,,,טקסטיל שמפו-שקית 1 ק,קילוגרמים,1.00,"ק""ג",false,,15.90,15.9000,true,1,31791
7290000151885,false,נקניק הודו יחידה 700,,,נקניק הודו יחידה 700,גרמים,700.00,100 גרם,false,,19.90,2.8429,true,1,22003
7290000161358,false,מיונז אמיתי משמן קנו,,,מיונז אמיתי משמן קנו,גרמים,500.00,100 גרם,false,,15.90,3.1800,true,1,11233
7290000166605,false,סיף פנטסטיק כללי יסמ,,,סיף פנטסטיק כללי יסמ,ליטרים,4.00,ליטר,false,,26.90,6.7250,true,1,11287
7290000169538,false,נמס בכוס עגבניות וקר,,,נמס בכוס עגבניות וקר,גרמים,62.00,100 גרם,false,,7.90,12.7419,true,1,11338
7290000174723,false,שוקולית 500 גרם,,,שוקולית 500 גרם,גרמים,500.00,100 גרם,false,,14.90,2.9800,true,1,24017
7290000175760,false,מנציגו  כבשים ויליפו,,,מנציגו  כבשים ויליפו,קילוגרמים,1.00,"ק""ג",true,,116.00,116.0000,true,1,3462
7290000175777,false,איבריקו  ויליפוד31%,,,איבריקו  ויליפוד31%,קילוגרמים,1.00,"ק""ג",true,,113.00,113.0000,true,1,3463
7290000175906,false,גאודה עיזים ויליפוד,,,גאודה עיזים ויליפוד,קילוגרמים,1.00,"ק""ג",true,,132.00,132.0000,true,1,3465
7290000176079,false,טורקי עלית קפה עם הל,,,טורקי עלית קפה עם הל,גרמים,100.00,100 גרם,false,,10.90,10.9000,true,1,24020
7290000176413,false,עלית נמס 50 גר',,,עלית נמס 50 גר',גרמים,50.00,100 גרם,false,,10.90,21.8000,true,1,24025
7290000176420,false,קפה נמס עלית פחית 20,,,קפה נמס עלית פחית 20,גרמים,200.00,100 גרם,false,,22.90,11.4500,true,1,24026
7290000178707,false,תפוציפס טבעי 50 גרם,,,תפוציפס טבעי 50 גרם,גרמים,50.00,100 גרם,false,,4.90,9.8000,true,1,25322
7290000178721,false,תפוציפס טבעי 200 גרם,,,תפוציפס טבעי 200 גרם,גרמים,200.00,100 גרם,false,,10.90,5.4500,true,1,25324
7290000185224,false,סילאן בקבוק לחיץ תמר,,,סילאן בקבוק לחיץ תמר,גרמים,650.00,100 גרם,false,,15.90,2.4462,true,1,55590
7290000185590,false,סילאן 100% תמרים טבע,,,סילאן 100% תמרים טבע,גרמים,635.00,100 גרם,false,,21.90,3.4488,true,1,483014
7290000187860,false,לילי נייר טואלט לח ד,,,לילי נייר טואלט לח ד,יחידה,0.00,יחידה,false,,8.90,0.0000,true,1,9601
7290000187921,false,"נייר טואלט ""לילי"" לב",,,"נייר טואלט ""לילי"" לב",מטרים,588.00,מטר,false,,42.90,0.0730,true,1,9604
7290000187938,false,"נייר טואלט ""לילי"" פס",,,"נייר טואלט ""לילי"" פס",מטרים,588.00,מטר,false,,41.90,0.0713,true,1,9605
7290000187952,false,נייר טאולט לילי טריו,,,נייר טאולט לילי טריו,מטרים,537.00,מטר,false,,47.90,0.0892,true,1,9606
7290000189116,false,ניקול תבניות עגולות,,,ניקול תבניות עגולות,יחידה,0.00,יחידה,false,,13.90,0.0000,true,1,9623
7290000189192,false,ניקול מטלית חכמה יומ,,,ניקול מטלית חכמה יומ,יח',64.00,יח',false,,19.90,0.3109,true,1,9624
7290000189482,false,ניקול תבנית אפייה מק,,,ניקול תבנית אפייה מק,יחידה,0.00,יחידה,false,,10.90,0.0000,true,1,9634
7290000189598,false,מטליות לחות חד פעמיו,,,מטליות לחות חד פעמיו,יחידה,0.00,יחידה,false,,14.90,0.0000,true,1,9639
7290000189659,false,ניקול מטליות לחות לר,,,ניקול מטליות לחות לר,יחידה,0.00,יחידה,false,,12.90,0.0000,true,1,9640
7290000189871,false,אשפתון 55 שקיות,,,אשפתון 55 שקיות,יחידה,0.00,יחידה,false,,24.90,0.0000,true,1,9647
7290000191469,false,לחם אחיד 750 גרם,,,לחם אחיד 750 גרם,גרמים,750.00,100 גרם,false,,5.12,0.6827,true,1,377223
7290000191539,false,לילי צבעוני חמישיה-9,,,לילי צבעוני חמישיה-9,יחידה,0.00,יחידה,false,,14.90,0.0000,true,1,9671
7290000192581,false,מגבת כפולה ניקול 6=1,,,מגבת כפולה ניקול 6=1,מטרים,129.70,מטר,false,,21.90,0.1689,true,1,125873
7290000194288,false,האגיס משטחי החתלה,,,האגיס משטחי החתלה,יחידה,0.00,יחידה,false,,22.90,0.0000,true,1,9702
7290000195216,false,ניקול נייר אפייה בשק,,,ניקול נייר אפייה בשק,יחידה,0.00,יחידה,false,,12.90,0.0000,true,1,9706
7290000195537,false,מגבוני האגיס דיילי ק,,,מגבוני האגיס דיילי ק,יחידה,0.00,יחידה,false,,19.90,0.0000,true,1,9713
7290000195773,false,מגבוני האגיס סנסטיב,,,מגבוני האגיס סנסטיב,יחידה,0.00,יחידה,false,,19.90,0.0000,true,1,9717
7290000196039,false,ניקול מפות שולחן זוג,,,ניקול מפות שולחן זוג,יחידה,0.00,יחידה,false,,12.90,0.0000,true,1,9719
7290000196763,false,ניקול השקית החזקה,,,ניקול השקית החזקה,יחידה,0.00,יחידה,false,,30.90,0.0000,true,1,9723
7290000197470,false,"ניקול שקיות רב""ש 250",,,"ניקול שקיות רב""ש 250",יחידה,0.00,יחידה,false,,15.90,0.0000,true,1,9744
7290000197654,false,אשפתון שקיות אשפה ענ,,,אשפתון שקיות אשפה ענ,יחידה,0.00,יחידה,false,,22.90,0.0000,true,1,9748
7290000197678,false,האגיס פרידום דריי  ש,,,האגיס פרידום דריי  ש,יחידה,0.00,יחידה,false,,48.90,0.0000,true,1,9749
7290000197753,false,ניקול ניילונית זוג,,,ניקול ניילונית זוג,מטרים,60.00,מטר,false,,13.90,0.2317,true,1,9750
7290000197999,false,ניקול רדיד אלומיניום,,,ניקול רדיד אלומיניום,מטרים,15.00,מטר,false,,18.90,1.2600,true,1,9756
7290000201856,false,טיטולים פרימיום שלב,,,טיטולים פרימיום שלב,יחידה,0.00,יחידה,false,,34.90,0.0000,true,1,9766
7290000201870,false,טיטולים פרימיום שלב,,,טיטולים פרימיום שלב,יחידה,0.00,יחידה,false,,34.90,0.0000,true,1,9768
7290000204086,false,ניקול כרית קרצוף,,,ניקול כרית קרצוף,יחידה,0.00,יחידה,false,,13.90,0.0000,true,1,9790
7290000204611,false,ניקול ספוגית הקסם*6,,,ניקול ספוגית הקסם*6,יחידה,0.00,יחידה,false,,13.90,0.0000,true,1,9797
7290000207063,false,רוטב עגבניות פריכוז,,,רוטב עגבניות פריכוז,גרמים,240.00,100 גרם,false,,4.90,2.0417,true,1,9338
7290000207162,false,רוטב עגבניות 100 גרם,,,רוטב עגבניות 100 גרם,גרמים,100.00,100 גרם,false,,2.50,2.5000,true,1,9341
7290000208022,false,עגבניות מרוסקות יכין,,,עגבניות מרוסקות יכין,גרמים,800.00,100 גרם,false,,10.90,1.3625,true,1,9345
7290000208077,false,אפונת גינה גדולה L י,,,אפונת גינה גדולה L י,גרמים,335.00,100 גרם,false,,9.90,2.9552,true,1,9347
7290000208114,false,אפונת גינה וגזר יכין,,,אפונת גינה וגזר יכין,גרמים,330.00,100 גרם,false,,9.90,3.0000,true,1,9350
7290000208145,false,גרעיני תירס לייט יכי,,,גרעיני תירס לייט יכי,גרמים,335.00,100 גרם,false,,10.90,3.2537,true,1,9353
7290000208213,false,שעועית לבנה ברוטב עג,,,שעועית לבנה ברוטב עג,גרמים,355.00,100 גרם,false,,9.90,2.7887,true,1,9355
7290000208220,false,שעועית צילי חריף יכי,,,שעועית צילי חריף יכי,גרמים,355.00,100 גרם,false,,10.90,3.0704,true,1,9356
7290000208312,false,גרעיני תירס מתוק יכי,,,גרעיני תירס מתוק יכי,גרמים,400.00,100 גרם,false,,7.90,1.9750,true,1,9360
7290000208329,false,גרעיני תירס מתוק יכי,,,גרעיני תירס מתוק יכי,גרמים,335.00,100 גרם,false,,9.90,2.9552,true,1,9361
7290000208336,false,רוטב עגבניות יכין 24,,,רוטב עגבניות יכין 24,גרמים,240.00,100 גרם,false,,5.50,2.2917,true,1,9362
7290000208428,false,חומוס שלם יכין 550 ג,,,חומוס שלם יכין 550 ג,גרמים,290.00,100 גרם,false,,9.90,3.4138,true,1,9367
7290000208480,false,גרעיני תירס בטעם חמא,,,גרעיני תירס בטעם חמא,גרמים,335.00,100 גרם,false,,11.90,3.5522,true,1,9370
7290000208534,false,גרעיני תירס קיד מתוק,,,גרעיני תירס קיד מתוק,גרמים,335.00,100 גרם,false,,11.90,3.5522,true,1,9372
7290000208800,false,תירס קיד מתוק יכין 4,,,תירס קיד מתוק יכין 4,גרמים,400.00,100 גרם,false,,6.90,1.7250,true,1,9374
7290000208930,false,עגבניות מרוסקות עם ש,,,עגבניות מרוסקות עם ש,גרמים,260.00,100 גרם,false,,6.50,2.5000,true,1,9377
7290000208947,false,עגבניות מרוסקות יכין,,,עגבניות מרוסקות יכין,יחידה,260.00,יחידה,false,,6.50,0.0250,true,1,9378
7290000208978,false,רוטב עגבניות פריכוז,,,רוטב עגבניות פריכוז,גרמים,100.00,100 גרם,false,,3.90,3.9000,true,1,9379
7290000209012,false,חומץ הדרים 5% יכין 1,,,חומץ הדרים 5% יכין 1,ליטרים,1.00,ליטר,false,,7.90,7.9000,true,1,9381
7290000209043,false,מיץ לימון משומר יכין,,,מיץ לימון משומר יכין,ליטרים,1.00,ליטר,false,,5.90,5.9000,true,1,9382
7290000209371,false,תירס שלישיה יכין 3*1,,,תירס שלישיה יכין 3*1,גרמים,495.00,100 גרם,false,,15.90,3.2121,true,1,9393
7290000209388,false,תירס לייט שלישיה יכי,,,תירס לייט שלישיה יכי,גרמים,420.00,100 גרם,false,,15.90,3.7857,true,1,9394
7290000209524,false,סירופ דייאט פטל יכין,,,סירופ דייאט פטל יכין,ליטרים,1.00,ליטר,false,,17.90,17.9000,true,1,9397
7290000209708,false,עגבניות מרוסקות בזיל,,,עגבניות מרוסקות בזיל,גרמים,260.00,100 גרם,false,,6.50,2.5000,true,1,9403
7290000209722,false,רוטב עגבניות מרוכז מ,,,רוטב עגבניות מרוכז מ,גרמים,580.00,100 גרם,false,,10.90,1.8793,true,1,9405
7290000209906,false,עגבניות מרוסקות עם ב,,,עגבניות מרוסקות עם ב,גרמים,260.00,100 גרם,false,,6.50,2.5000,true,1,9406
7290000209913,false,עגבניות לקוביות יכין,,,עגבניות לקוביות יכין,גרמים,260.00,100 גרם,false,,6.50,2.5000,true,1,9407
7290000209944,false,רוטב לעגבניות לשקשוק,,,רוטב לעגבניות לשקשוק,גרמים,260.00,100 גרם,false,,6.50,2.5000,true,1,9408
7290000209951,false,רוטב עגבניות לפיצה י,,,רוטב עגבניות לפיצה י,מיליליטרים,260.00,"100 מ""ל",false,,6.50,2.5000,true,1,9409
7290000209968,false,רוטב ללזניה יכין 240,,,רוטב ללזניה יכין 240,גרמים,260.00,100 גרם,false,,6.50,2.5000,true,1,9410
7290000210896,false,רוטב לפסטה בולונז יכ,,,רוטב לפסטה בולונז יכ,גרמים,260.00,100 גרם,false,,6.50,2.5000,true,1,9415
7290000211138,false,סיימן גבינת עיזים הו,,,סיימן גבינת עיזים הו,קילוגרמים,1.00,"ק""ג",true,,189.00,189.0000,true,1,17489
7290000211169,false,אורז תאילנדי 1 ק'ג,,,אורז תאילנדי 1 ק'ג,קילוגרמים,1.00,"ק""ג",false,,8.50,8.5000,true,1,19363
7290000211374,false,"קמח מלא סוגת 1 ק""ג",,,"קמח מלא סוגת 1 ק""ג",קילוגרמים,1.00,"ק""ג",false,,8.90,8.9000,true,1,19365
7290000211442,false,סוגת אורז פרסי קלאסי,,,סוגת אורז פרסי קלאסי,קילוגרמים,1.00,"ק""ג",false,,12.50,12.5000,true,1,19367
7290000211503,false,"סוכר סוגת לבן 1 ק""ג",,,"סוכר סוגת לבן 1 ק""ג",קילוגרמים,1.00,"ק""ג",false,,4.90,4.9000,true,1,19368
7290000225278,false,סיימן מסוג דנבלו 27%,,,סיימן מסוג דנבלו 27%,קילוגרמים,1.00,"ק""ג",true,,79.00,79.0000,true,1,17499
7290000238029,false,"בצק עלים 1ק""ג",,,"בצק עלים 1ק""ג",קילוגרמים,1.00,"ק""ג",false,,26.90,26.9000,true,1,38980
7290000238036,false,מעדנות מלווח 700גר,,,מעדנות מלווח 700גר,גרמים,700.00,100 גרם,false,,19.90,2.8429,true,1,38981
7290000238173,false,בורקס גבינה מעדנות 8,,,בורקס גבינה מעדנות 8,גרמים,800.00,100 גרם,false,,23.90,2.9875,true,1,38982
7290000240541,false,ריבועי בצק בורקס 800,,,ריבועי בצק בורקס 800,גרמים,800.00,100 גרם,false,,28.90,3.6125,true,1,69813
7290000245270,false,אבקת כביסה פרסיל סופ,,,אבקת כביסה פרסיל סופ,קילוגרמים,1.25,"ק""ג",false,,16.90,13.5200,true,1,38204
7290000245294,false,אבקת כביסה פרסיל 2.5,,,אבקת כביסה פרסיל 2.5,קילוגרמים,2.50,"ק""ג",false,,29.90,11.9600,true,1,38206
7290000245799,false,מרכך כביסה סוד כחול,,,מרכך כביסה סוד כחול,ליטרים,4.00,ליטר,false,,19.90,4.9750,true,1,38218
7290000253220,false,שוקולד צ'יפס אופנהיי,,,שוקולד צ'יפס אופנהיי,גרמים,260.00,100 גרם,false,,13.90,5.3462,true,1,14776
7290000253251,false,שוקולד צ'יפס לבן אופ,,,שוקולד צ'יפס לבן אופ,גרמים,250.00,100 גרם,false,,13.90,5.5600,true,1,14777
7290000262031,false,נייר טואלט מולט לב 3,,,נייר טואלט מולט לב 3,מטרים,563.00,מטר,false,,30.90,0.0549,true,1,9801
7290000286228,false,סנו סושי שישיות כריו,,,סנו סושי שישיות כריו,יחידה,0.00,יחידה,false,,12.90,0.0000,true,1,31794
7290000286297,false,סנו מסיר אבן מקומקום,,,סנו מסיר אבן מקומקום,מיליליטרים,700.00,"100 מ""ל",false,,12.90,1.8429,true,1,31795
7290000286428,false,שריר הזרוע 8 בקר קפו,,,שריר הזרוע 8 בקר קפו,קילוגרמים,1.00,"ק""ג",true,,39.90,39.9000,true,1,483645
7290000286549,false,סנו סושי מטליות לכל,,,סנו סושי מטליות לכל,יחידה,0.00,יחידה,false,,12.90,0.0000,true,1,31802
7290000286761,false,סנו סושי פלסטיק נצמד,,,סנו סושי פלסטיק נצמד,מטרים,60.00,מטר,false,,12.90,0.2150,true,1,31806
7290000287195,false,סנו רהיט ספריי עשיר,,,סנו רהיט ספריי עשיר,מיליליטרים,305.00,"100 מ""ל",false,,16.90,5.5410,true,1,31815
7290000287409,false,סנובון שלישיה תות 3*,,,סנובון שלישיה תות 3*,גרמים,165.00,100 גרם,false,,12.90,7.8182,true,1,31817
7290000287430,false,סנובון שלישיה צבעוני,,,סנובון שלישיה צבעוני,גרמים,165.00,100 גרם,false,,12.90,7.8182,true,1,31818
7290000287492,false,סנובון נוזלי בניחוח,,,סנובון נוזלי בניחוח,מיליליטרים,750.00,"100 מ""ל",false,,10.90,1.4533,true,1,31820
7290000287621,false,סנו אנטי קאלק W.C מנ,,,סנו אנטי קאלק W.C מנ,מיליליטרים,750.00,"100 מ""ל",false,,13.90,1.8533,true,1,31823
7290000288017,false,סנו זאוול 1ליטר לימו,,,סנו זאוול 1ליטר לימו,ליטרים,1.00,ליטר,false,,8.90,8.9000,true,1,31830
7290000288024,false,סנו ז'אוול בריח לימו,,,סנו ז'אוול בריח לימו,ליטרים,4.00,ליטר,false,,17.90,4.4750,true,1,31831
7290000288031,false,סנו אקנומיקה 4 ל,,,סנו אקנומיקה 4 ל,ליטרים,4.00,ליטר,false,,12.90,3.2250,true,1,31832
7290000288048,false,סנו ג'אוול מרסס אילנ,,,סנו ג'אוול מרסס אילנ,ליטרים,1.00,ליטר,false,,19.90,19.9000,true,1,31833
7290000288079,false,סנו זאוול בריח לימון,,,סנו זאוול בריח לימון,ליטרים,2.00,ליטר,false,,13.90,6.9500,true,1,31834
7290000288086,false,אבקת ניקוי ג'אוול לי,,,אבקת ניקוי ג'אוול לי,גרמים,600.00,100 גרם,false,,12.90,2.1500,true,1,31835
7290000288352,false,K - 300,,,K - 300,מיליליטרים,630.00,"100 מ""ל",false,,23.90,3.7937,true,1,31840
7290000288383,false,K - 500,,,K - 500,מיליליטרים,405.00,"100 מ""ל",false,,26.90,6.6420,true,1,31841
7290000288727,false,סנו מקסימה מאסק 1.25,,,סנו מקסימה מאסק 1.25,קילוגרמים,1.25,"ק""ג",false,,15.90,12.7200,true,1,31849
7290000289069,false,סנו ג'אוול מרסס לימו,,,סנו ג'אוול מרסס לימו,ליטרים,1.00,ליטר,false,,19.90,19.9000,true,1,31853
7290000289472,false,סנו סושי שקיות HD 76,,,סנו סושי שקיות HD 76,יחידה,0.00,יחידה,false,,21.90,0.0000,true,1,31855
7290000289496,false,סנו ג'אוול ג'ל קרם ל,,,סנו ג'אוול ג'ל קרם ל,מיליליטרים,750.00,"100 מ""ל",false,,13.90,1.8533,true,1,31856
7290000289601,false,אקונומיקה LEVAJ לבנד,,,אקונומיקה LEVAJ לבנד,ליטרים,2.00,ליטר,false,,13.90,6.9500,true,1,135982
7290000289748,false,סנו פורטה פלוס לתנור,,,סנו פורטה פלוס לתנור,מיליליטרים,750.00,"100 מ""ל",false,,16.90,2.2533,true,1,31860
7290000292137,false,נוזל ניקוי וטיפול במ,,,נוזל ניקוי וטיפול במ,מיליליטרים,500.00,"100 מ""ל",false,,32.90,6.5800,true,1,31868
7290000292311,false,סנו פוליווקס סחלבים,,,סנו פוליווקס סחלבים,ליטרים,2.00,ליטר,false,,26.00,13.0000,true,1,31870
7290000292564,false,K 2000 סנו ללא ריח,,,K 2000 סנו ללא ריח,מיליליטרים,750.00,"100 מ""ל",false,,34.90,4.6533,true,1,31875
7290000292915,false,סנו רסס ונגב אקדח 75,,,סנו רסס ונגב אקדח 75,מיליליטרים,750.00,"100 מ""ל",false,,17.90,2.3867,true,1,31877
7290000293073,false,מרכך כביסה סנו מקסימ,,,מרכך כביסה סנו מקסימ,ליטרים,4.00,ליטר,false,,23.90,5.9750,true,1,31879
7290000293530,false,מילוי סופג לחות,,,מילוי סופג לחות,מיליליטרים,340.00,"100 מ""ל",false,,13.90,4.0882,true,1,31882
7290000293561,false,סנו מסיר עובש 750מל,,,סנו מסיר עובש 750מל,מיליליטרים,750.00,"100 מ""ל",false,,15.90,2.1200,true,1,31883
7290000293820,false,שמפו וג'ל רחצה קרבון,,,שמפו וג'ל רחצה קרבון,מיליליטרים,700.00,"100 מ""ל",false,,19.90,2.8429,true,1,124720
7290000293943,false,סנו אנטי קאלק+מתז  1,,,סנו אנטי קאלק+מתז  1,ליטרים,1.00,ליטר,false,,20.90,20.9000,true,1,31885
7290000294780,false,סנו ז'אוול סמיכה 4 ל,,,סנו ז'אוול סמיכה 4 ל,ליטרים,4.00,ליטר,false,,17.90,4.4750,true,1,31892
7290000295121,false,מטלית זיגזג 3יח,,,מטלית זיגזג 3יח,יחידה,0.00,יחידה,false,,12.90,0.0000,true,1,31893
7290000295299,false,כריות יפניות סנו סוש,,,כריות יפניות סנו סוש,יחידה,0.00,יחידה,false,,12.90,0.0000,true,1,31894
7290000295343,false,סנו מקסימה ביו 1.25,,,סנו מקסימה ביו 1.25,קילוגרמים,1.25,"ק""ג",false,,15.90,12.7200,true,1,31897
7290000295404,false,שקיות אשפה נשלפות סנ,,,שקיות אשפה נשלפות סנ,יחידה,0.00,יחידה,false,,24.90,0.0000,true,1,31899
7290000295503,false,סנו סושי צמד שקיות א,,,סנו סושי צמד שקיות א,יחידה,0.00,יחידה,false,,15.90,0.0000,true,1,31900
7290000295541,false,סנו רב מגבת גמבו,,,סנו רב מגבת גמבו,יחידה,0.00,יחידה,false,,19.90,0.0000,true,1,31901
7290000295558,false,צמד רדיד אלומיניום ק,,,צמד רדיד אלומיניום ק,מטרים,15.00,מטר,false,,12.90,0.8600,true,1,31902
7290000295565,false,רדיד אלומיניום רחב ב,,,רדיד אלומיניום רחב ב,מטרים,15.00,מטר,false,,18.90,1.2600,true,1,31903
7290000295794,false,ספוגיות אל חלד זוג,,,ספוגיות אל חלד זוג,יחידה,0.00,יחידה,false,,14.90,0.0000,true,1,31907
7290000295824,false,סנו סושי רדיד אלומינ,,,סנו סושי רדיד אלומינ,מטרים,100.00,מטר,false,,60.90,0.6090,true,1,31908
7290000300900,false,שניצל תירס טבעול רכי,,,שניצל תירס טבעול רכי,גרמים,750.00,100 גרם,false,,28.90,3.8533,true,1,22054
7290000302881,false,גולף גולד 100 (פקט),,,גולף גולד 100 (פקט),יחידה,0.00,יחידה,false,,295.00,0.0000,false,1,85017
7290000303581,false,פול מצריפ פרי הגליל,,,פול מצריפ פרי הגליל,גרמים,560.00,100 גרם,false,,6.90,1.2321,true,1,8878
7290000307343,false,שעועית ירוקה חתוכה פ,,,שעועית ירוקה חתוכה פ,גרמים,550.00,100 גרם,false,,8.00,1.4545,true,1,8889
7290000313160,false,חברים זהבה ושלושת הד,,,חברים זהבה ושלושת הד,גרמים,250.00,100 גרם,false,,9.50,3.8000,true,1,68409
7290000318127,false,נקניקיות ביס 380 גרם,,,נקניקיות ביס 380 גרם,גרמים,380.00,100 גרם,false,,12.90,3.3947,true,1,16421
7290000318677,false,סלמי סרוולט 150גר יח,,,סלמי סרוולט 150גר יח,גרמים,150.00,100 גרם,false,,27.90,18.6000,true,1,16431
7290000318806,false,סלמי סרוולט מעדנ.יחי,,,סלמי סרוולט מעדנ.יחי,קילוגרמים,1.00,"ק""ג",true,,147.00,147.0000,true,1,16397
7290000318929,false,סלמי צרפתי יחיעם מעד,,,סלמי צרפתי יחיעם מעד,קילוגרמים,1.00,"ק""ג",true,,147.00,147.0000,true,1,16402
7290000318943,false,פסטרמה של פעם 200 גר,,,פסטרמה של פעם 200 גר,גרמים,200.00,100 גרם,false,,24.90,12.4500,true,1,16438
7290000319124,false,סלמי סרוולט 250 גרם,,,סלמי סרוולט 250 גרם,גרמים,250.00,100 גרם,false,,41.90,16.7600,true,1,16441
7290000319131,false,נקניקיות עוף יחיעם 4,,,נקניקיות עוף יחיעם 4,גרמים,400.00,100 גרם,false,,12.90,3.2250,true,1,16442
7290000319520,false,סאלמי צרפתי יחיעם 10,,,סאלמי צרפתי יחיעם 10,גרמים,100.00,100 גרם,false,,23.90,23.9000,true,1,16450
7290000319704,false,כתף בקר מעו. יחיעם מ,,,כתף בקר מעו. יחיעם מ,קילוגרמים,1.00,"ק""ג",true,,109.00,109.0000,true,1,16407
7290000319803,false,קבנוס קלאסי 125גר,,,קבנוס קלאסי 125גר,גרמים,125.00,100 גרם,false,,16.90,13.5200,true,1,16457
7290000334684,false,טבעות בצל 700 גרם,,,טבעות בצל 700 גרם,גרמים,700.00,100 גרם,false,,20.90,2.9857,true,1,22067
7290000334745,false,"אמריקאן ציפס 1.5 ק""ג",,,"אמריקאן ציפס 1.5 ק""ג",קילוגרמים,1.50,"ק""ג",false,,30.90,20.6000,true,1,22069
7290000336053,false,תרכיז תפוחים טהור בק,,,תרכיז תפוחים טהור בק,מיליליטרים,330.00,"100 מ""ל",false,,15.50,4.6970,true,1,10217
7290000339566,false,בדין מרכך כביסה ורוד,,,בדין מרכך כביסה ורוד,ליטרים,4.00,ליטר,false,,21.90,5.4750,true,1,11366
7290000341071,false,בייבי בדין לבן 2 ליט,,,בייבי בדין לבן 2 ליט,ליטרים,2.00,ליטר,false,,20.90,10.4500,true,1,11371
7290000342832,false,בדין מרכך כביסה צהוב,,,בדין מרכך כביסה צהוב,ליטרים,4.00,ליטר,false,,21.90,5.4750,true,1,11372
7290000345215,false,תה ויסוצקי קלאסיק 10,,,תה ויסוצקי קלאסיק 10,גרמים,100.00,100 גרם,false,,20.90,20.9000,true,1,26032
7290000345284,false,תה ויסוצקי 1.5 קלאסי,,,תה ויסוצקי 1.5 קלאסי,גרמים,150.00,100 גרם,false,,20.90,13.9333,true,1,26035
7290000345291,false,תה ארל גריי 1.5/25,,,תה ארל גריי 1.5/25,גרמים,37.50,100 גרם,false,,18.50,49.3333,true,1,26036
7290000345307,false,תה ארל גריי 1.5/50,,,תה ארל גריי 1.5/50,גרמים,75.00,100 גרם,false,,33.90,45.2000,true,1,26037
7290000345536,false,תה נענע 25 שקיות 1.5,,,תה נענע 25 שקיות 1.5,גרמים,37.50,100 גרם,false,,19.90,53.0667,true,1,26038
7290000346021,false,תה קמומיל 50 שקיקים,,,תה קמומיל 50 שקיקים,גרמים,75.00,100 גרם,false,,37.90,50.5333,true,1,26044
7290000346120,false,תה קסם הקנמון 25 שקי,,,תה קסם הקנמון 25 שקי,גרמים,62.50,100 גרם,false,,19.90,31.8400,true,1,26045
7290000346168,false,תה חליטת שומר גן קסו,,,תה חליטת שומר גן קסו,גרמים,37.50,100 גרם,false,,19.90,53.0667,true,1,26049
7290000346199,false,תה פירות יער 25 שקיק,,,תה פירות יער 25 שקיק,גרמים,67.50,100 גרם,false,,19.90,29.4815,true,1,26050
7290000346205,false,תה קמומיל 25 שקיקים,,,תה קמומיל 25 שקיקים,גרמים,37.50,100 גרם,false,,19.90,53.0667,true,1,26051
7290000347752,false,תה ירוק לימונית ולוא,,,תה ירוק לימונית ולוא,גרמים,37.50,100 גרם,false,,26.90,71.7333,true,1,26061
7290000363011,false,נקניק קוניאק מובחר ט,,,נקניק קוניאק מובחר ט,קילוגרמים,1.00,"ק""ג",true,,79.00,79.0000,true,1,26675
7290000363189,false,סרוולד טירת צבי מעדנ,,,סרוולד טירת צבי מעדנ,קילוגרמים,1.00,"ק""ג",true,,153.00,153.0000,true,1,26676
7290000363363,false,קבנוס מיוחד 160 גרם,,,קבנוס מיוחד 160 גרם,גרמים,160.00,100 גרם,false,,20.90,13.0625,true,1,26714
7290000363400,false,סלמי פפרוני טירת צבי,,,סלמי פפרוני טירת צבי,קילוגרמים,1.00,"ק""ג",true,,79.00,79.0000,true,1,26677
7290000363462,false,סלמי מעושן איטלקי טי,,,סלמי מעושן איטלקי טי,קילוגרמים,1.00,"ק""ג",true,,79.00,79.0000,true,1,26678
7290000363486,false,נקניק תה טירת צבי מע,,,נקניק תה טירת צבי מע,קילוגרמים,1.00,"ק""ג",true,,58.00,58.0000,true,1,26679
7290000364261,false,סלסולי כתף בקר 120 ג,,,סלסולי כתף בקר 120 ג,גרמים,120.00,100 גרם,false,,16.90,14.0833,true,1,26718
7290000364278,false,סלסולי סלמי איטלקי מ,,,סלסולי סלמי איטלקי מ,גרמים,120.00,100 גרם,false,,16.90,14.0833,true,1,26719
7290000364285,false,טירת צבי סלסולי פסטר,,,טירת צבי סלסולי פסטר,גרמים,120.00,100 גרם,false,,16.90,14.0833,true,1,26720
7290000364292,false,סלסולי פסטרמה גחלים,,,סלסולי פסטרמה גחלים,גרמים,120.00,100 גרם,false,,16.90,14.0833,true,1,26721
7290000364803,false,נקניקיות קרנץ אמריקא,,,נקניקיות קרנץ אמריקא,גרמים,500.00,100 גרם,false,,34.90,6.9800,true,1,26724
7290000364858,false,נקניקיות עוף טרי 1 ק,,,נקניקיות עוף טרי 1 ק,קילוגרמים,1.00,"ק""ג",false,,30.90,30.9000,true,1,26726
7290000364872,false,נקניקיות עוף 400 גרם,,,נקניקיות עוף 400 גרם,גרמים,400.00,100 גרם,false,,14.90,3.7250,true,1,26727
7290000365046,false,כתף מעושן טירת צבי מ,,,כתף מעושן טירת צבי מ,קילוגרמים,1.00,"ק""ג",true,,109.00,109.0000,true,1,26684
7290000365398,false,חזה הודו בדבש ט.צבי,,,חזה הודו בדבש ט.צבי,קילוגרמים,1.00,"ק""ג",true,,89.00,89.0000,true,1,26690
7290000365749,false,פסט. טבעית ד.ש.ט.צבי,,,פסט. טבעית ד.ש.ט.צבי,קילוגרמים,1.00,"ק""ג",true,,85.00,85.0000,true,1,26691
7290000365756,false,פסט. עלגחלים ד.ש.ט.צ,,,פסט. עלגחלים ד.ש.ט.צ,קילוגרמים,1.00,"ק""ג",true,,89.00,89.0000,true,1,26692
7290000365909,false,פסט.טבעית ט.צבי מעדנ,,,פסט.טבעית ט.צבי מעדנ,קילוגרמים,1.00,"ק""ג",true,,89.00,89.0000,true,1,26694
7290000365954,false,פסט.על גחלים ט.צבי מ,,,פסט.על גחלים ט.צבי מ,קילוגרמים,1.00,"ק""ג",true,,89.00,89.0000,true,1,26695
7290000367590,false,צמד כפרי נק.סלמי+פסט,,,צמד כפרי נק.סלמי+פסט,גרמים,800.00,100 גרם,false,,30.90,3.8625,true,1,26730
7290000370130,false,גבינת ברי צרפתית שקי,,,גבינת ברי צרפתית שקי,קילוגרמים,1.00,"ק""ג",true,,120.00,120.0000,true,1,107677
7290000370420,false,גבינת גאודה מהולנד 3,,,גבינת גאודה מהולנד 3,קילוגרמים,1.00,"ק""ג",true,,109.00,109.0000,true,1,196968
7290000370925,false,גבינת גאודה עם עשבי,,,גבינת גאודה עם עשבי,קילוגרמים,1.00,"ק""ג",true,,107.00,107.0000,true,1,399324
7290000371571,false,פסט.פרגיות לבאגט ט.צ,,,פסט.פרגיות לבאגט ט.צ,קילוגרמים,1.00,"ק""ג",true,,89.00,89.0000,true,1,26700
7290000377612,false,פריגת סחוט תפוזים 40,,,פריגת סחוט תפוזים 40,מיליליטרים,400.00,"100 מ""ל",false,,10.90,2.7250,true,1,7085
7290000379104,false,לחם אחיד פרוס 750 גר,,,לחם אחיד פרוס 750 גר,גרמים,750.00,100 גרם,false,,7.11,0.9480,true,1,69617
7290000379258,false,חלת קונדיטורית אנגל,,,חלת קונדיטורית אנגל,גרמים,500.00,100 גרם,false,,15.90,3.1800,true,1,69624
7290000382210,false,שקיות גופיה ינות בית,,,שקיות גופיה ינות בית,יחידה,0.00,יחידה,false,,0.10,0.0000,true,1,43528
7290000382227,false,שקיות גופיה מגה בעיר,,,שקיות גופיה מגה בעיר,יחידה,0.00,יחידה,false,,0.10,0.0000,true,1,6
7290000408316,false,דנונה טבעי 3% 200מל,,,דנונה טבעי 3% 200מל,מיליליטרים,200.00,"100 מ""ל",false,,3.90,1.9500,true,1,24746
7290000408354,false,דנונה קראנצ' פצפוצים,,,דנונה קראנצ' פצפוצים,מיליליטרים,175.00,"100 מ""ל",false,,4.90,2.8000,true,1,24747
7290000412481,false,מנקה אסלות 1 ליטר 00,,,מנקה אסלות 1 ליטר 00,ליטרים,1.00,ליטר,false,,8.90,8.9000,true,1,31911
7290000416021,false,ממרח שוקולד השחר 500,,,ממרח שוקולד השחר 500,גרמים,500.00,100 גרם,false,,15.90,3.1800,true,1,31060
7290000416045,false,ממרח שוקולד השחר 1 ק,,,ממרח שוקולד השחר 1 ק,קילוגרמים,1.00,"ק""ג",false,,27.90,27.9000,true,1,31062
7290000416618,false,ממרח שוקולד פרווה הש,,,ממרח שוקולד פרווה הש,גרמים,400.00,100 גרם,false,,13.90,3.4750,true,1,31072
7290000419114,false,לנדוור המקורי קפה טח,,,לנדוור המקורי קפה טח,גרמים,200.00,100 גרם,false,,18.90,9.4500,true,1,21260
7290000419220,false,לנדוור כחול המקורי ק,,,לנדוור כחול המקורי ק,גרמים,300.00,100 גרם,false,,19.90,6.6333,true,1,21261
7290000419923,false,לנדוור קפה אספרסו טח,,,לנדוור קפה אספרסו טח,גרמים,200.00,100 גרם,false,,22.90,11.4500,true,1,21265
7290000420325,false,פופסטאר פופקורן טבעי,,,פופסטאר פופקורן טבעי,גרמים,500.00,100 גרם,false,,17.90,3.5800,true,1,6371
7290000420332,false,פופסטאר פופקורן חמאה,,,פופסטאר פופקורן חמאה,גרמים,500.00,100 גרם,false,,17.90,3.5800,true,1,6372
7290000420417,false,גלילונית שקיות אשפה,,,גלילונית שקיות אשפה,יחידה,0.00,יחידה,false,,24.90,0.0000,true,1,6373
7290000448026,false,נפוליאון גבינת שמנת,,,נפוליאון גבינת שמנת,קילוגרמים,1.00,"ק""ג",true,,43.00,43.0000,true,1,369414
7290000448033,false,נפוליאון גבינת שמנת,,,נפוליאון גבינת שמנת,קילוגרמים,1.00,"ק""ג",true,,43.00,43.0000,true,1,369458
7290000448040,false,נפוליאון גבינת שמנת,,,נפוליאון גבינת שמנת,קילוגרמים,1.00,"ק""ג",true,,43.00,43.0000,true,1,369443
7290000449128,false,סיף ניקוי כללי 4 ליט,,,סיף ניקוי כללי 4 ליט,ליטרים,4.00,ליטר,false,,26.90,6.7250,true,1,11375
7290000450209,false,טונה בשמן פוסידון  1,,,טונה בשמן פוסידון  1,גרמים,108.00,100 גרם,false,,6.90,6.3889,true,1,18308
7290000453019,false,שמרית שמרים טריים לא,,,שמרית שמרים טריים לא,גרמים,50.00,100 גרם,false,,4.90,9.8000,true,1,24748
7290000453125,false,שמרית שמרים טריים לא,,,שמרית שמרים טריים לא,גרמים,100.00,100 גרם,false,,8.50,8.5000,true,1,24749
7290000453385,false,פאקא שמרים יבשים 500,,,פאקא שמרים יבשים 500,גרמים,500.00,100 גרם,false,,14.90,2.9800,true,1,24042
7290000453415,false,שמרית בצק עלים מצונן,,,שמרית בצק עלים מצונן,גרמים,300.00,100 גרם,false,,16.90,5.6333,true,1,197471
7290000453422,false,שמרית בצק פילו מוכן,,,שמרית בצק פילו מוכן,גרמים,300.00,100 גרם,false,,16.90,5.6333,true,1,163143
7290000453897,false,מרגרינה בטעם חמאה 20,,,מרגרינה בטעם חמאה 20,גרמים,200.00,100 גרם,false,,5.50,2.7500,true,1,24751
7290000455456,false,נסיכת הנילוס פילה פר,,,נסיכת הנילוס פילה פר,קילוגרמים,1.00,"ק""ג",true,,79.90,79.9000,true,1,38521
7290000461625,false,ביגלה 8 8 400גר,,,ביגלה 8 8 400גר,גרמים,400.00,100 גרם,false,,12.90,3.2250,true,1,67529
7290000461656,false,מקלות מלוחים 400 גרם,,,מקלות מלוחים 400 גרם,גרמים,400.00,100 גרם,false,,12.90,3.2250,true,1,11378
7290000461700,false,ביגלה שמיניות גדולות,,,ביגלה שמיניות גדולות,גרמים,400.00,100 גרם,false,,16.90,4.2250,true,1,11379
7290000461793,false,ביגלה ארוך ארוך דל ש,,,ביגלה ארוך ארוך דל ש,גרמים,150.00,100 גרם,false,,6.90,4.6000,true,1,118183
7290000462141,false,סחוג אדום חריף מאוד,,,סחוג אדום חריף מאוד,גרמים,150.00,100 גרם,false,,8.90,5.9333,true,1,24753
7290000467320,false,צבר חומוס אבו מרוואן,,,צבר חומוס אבו מרוואן,גרמים,400.00,100 גרם,false,,14.90,3.7250,true,1,22080
7290000472821,false,גבינה צהובה  28% הר,,,גבינה צהובה  28% הר,קילוגרמים,1.00,"ק""ג",true,,31.00,31.0000,true,1,442845
7290000474090,false,טרה חלב בקרטון 1% 1ל,,,טרה חלב בקרטון 1% 1ל,ליטרים,1.00,ליטר,false,,5.86,5.8600,true,1,7093
7290000474502,false,טרה גבינה לבנה 5% 25,,,טרה גבינה לבנה 5% 25,גרמים,250.00,100 גרם,false,,4.98,1.9920,true,1,7102
7290000474540,false,טוב טעם גבינה 3% 250,,,טוב טעם גבינה 3% 250,גרמים,250.00,100 גרם,false,,11.90,4.7600,true,1,7103
7290000480107,false,"קוואקר מהיר אטוס לל""",,,"קוואקר מהיר אטוס לל""",גרמים,500.00,100 גרם,false,,15.90,3.1800,true,1,25327
7290000480442,false,שיבולת שועל בשקית קו,,,שיבולת שועל בשקית קו,גרמים,500.00,100 גרם,false,,15.90,3.1800,true,1,25328
7290000481029,false,פיתות 10 יחידות בטעם,,,פיתות 10 יחידות בטעם,קילוגרמים,1.00,"ק""ג",false,,13.90,13.9000,true,1,219554
7290000481043,true,עשיריית פיתות כוסמין,,,עשיריית פיתות כוסמין,גרמים,700.00,100 גרם,false,,16.90,2.4143,true,1,293884
7290000481074,false,לחם טריו מלא דגנית 7,,,לחם טריו מלא דגנית 7,גרמים,750.00,100 גרם,false,,21.90,2.9200,true,1,452853
7290000481531,false,לחמניות 10 יחידות חי,,,לחמניות 10 יחידות חי,גרמים,750.00,100 גרם,false,,14.90,1.9867,true,1,5072
7290000481883,false,10 לחמניות דגנית,,,10 לחמניות דגנית,גרמים,750.00,100 גרם,false,,14.90,1.9867,true,1,5076
7290000483139,false,המרשלג חטיף מרציפן ג,,,המרשלג חטיף מרציפן ג,גרמים,100.00,100 גרם,false,,10.90,10.9000,true,1,14781
7290000490625,false,מאגדת שלגונים ציפוי,,,מאגדת שלגונים ציפוי,גרמים,560.00,100 גרם,false,,28.90,5.1607,true,1,234706
7290000493183,false,אסם אבקת רוטב פטריות,,,אסם אבקת רוטב פטריות,גרמים,30.00,100 גרם,false,,4.00,13.3333,true,1,21295
7290000496360,false,פילה  בקלה דרום אפרי,,,פילה  בקלה דרום אפרי,קילוגרמים,1.00,"ק""ג",true,,43.90,43.9000,true,1,345774
7290000504049,false,סוכרזית קנקן 1200 טב,,,סוכרזית קנקן 1200 טב,גרמים,984.00,100 גרם,false,,22.90,2.3272,true,1,24050
7290000504209,false,דיאט טיפ-ממתיק,,,דיאט טיפ-ממתיק,מיליליטרים,220.00,"100 מ""ל",false,,20.90,9.5000,true,1,24051
7290000504278,false,סוכרזית פטנט 700 טבל,,,סוכרזית פטנט 700 טבל,גרמים,574.00,100 גרם,false,,17.90,3.1185,true,1,24053
7290000507383,false,בולגרית 5% פנחס אמית,,,בולגרית 5% פנחס אמית,קילוגרמים,1.00,"ק""ג",true,,80.00,80.0000,true,1,17679
7290000518251,false,מתוק וקל זהב 100 שקי,,,מתוק וקל זהב 100 שקי,גרמים,100.00,100 גרם,false,,15.90,15.9000,true,1,16685
7290000521008,false,אדום יבש סגל.,,,אדום יבש סגל.,מיליליטרים,750.00,"100 מ""ל",false,,22.90,3.0533,true,1,10224
7290000521022,false,סגל לבן חצי יבש 750,,,סגל לבן חצי יבש 750,מיליליטרים,750.00,"100 מ""ל",false,,22.90,3.0533,true,1,10226
7290000522166,false,חלב הרים טהור נ.לקטו,,,חלב הרים טהור נ.לקטו,ליטרים,1.00,ליטר,false,,11.90,11.9000,true,1,7111
7290000522272,false,חלב הרים שמנת לקפה 1,,,חלב הרים שמנת לקפה 1,מיליליטרים,500.00,"100 מ""ל",false,,9.90,1.9800,true,1,7115
7290000523125,false,מלח ים יבש הארץ 250,,,מלח ים יבש הארץ 250,גרמים,250.00,100 גרם,false,,6.90,2.7600,true,1,26063
7290000523224,false,מלח ים יבש הארץ 500,,,מלח ים יבש הארץ 500,גרמים,500.00,100 גרם,false,,8.90,1.7800,true,1,26064
7290000523521,false,מלח מעושר ביוד הארץ,,,מלח מעושר ביוד הארץ,גרמים,250.00,100 גרם,false,,7.90,3.1600,true,1,26066
7290000523811,false,מלח גס בצנצנת הארץ 1,,,מלח גס בצנצנת הארץ 1,קילוגרמים,1.00,"ק""ג",false,,7.90,7.9000,true,1,26068
7290000524191,false,עוגיות אנג'ל 350 גרם,,,עוגיות אנג'ל 350 גרם,גרמים,350.00,100 גרם,false,,19.90,5.6857,true,1,118995
7290000525969,false,פרימור מיץ תפוזים 1ל,,,פרימור מיץ תפוזים 1ל,ליטרים,1.00,ליטר,false,,17.20,17.2000,true,1,24759
7290000530024,false,תה מעושן זוגלובק,,,תה מעושן זוגלובק,קילוגרמים,1.00,"ק""ג",true,,57.00,57.0000,true,1,42617
7290000530048,false,סלמי פפרוני זוגלובק,,,סלמי פפרוני זוגלובק,קילוגרמים,1.00,"ק""ג",true,,62.00,62.0000,true,1,42619
7290000530062,false,סלמי מעו. איטלקי זוג,,,סלמי מעו. איטלקי זוג,קילוגרמים,1.00,"ק""ג",true,,86.00,86.0000,true,1,42620
7290000530109,false,זוג קבנוס בוואקום 36,,,זוג קבנוס בוואקום 36,גרמים,360.00,100 גרם,false,,35.90,9.9722,true,1,42665
7290000530116,false,סלמי מעושן בשן זוגלו,,,סלמי מעושן בשן זוגלו,גרמים,470.00,100 גרם,false,,28.90,6.1489,true,1,42666
7290000530178,false,סלמי קוניאק זוגלובק.,,,סלמי קוניאק זוגלובק.,קילוגרמים,1.00,"ק""ג",true,,89.00,89.0000,true,1,42623
7290000530369,false,פסט. גולן 3% זוגלובק,,,פסט. גולן 3% זוגלובק,קילוגרמים,1.00,"ק""ג",true,,89.00,89.0000,true,1,42627
7290000530413,false,המבורגר זהב 400גר,,,המבורגר זהב 400גר,גרמים,400.00,100 גרם,false,,23.90,5.9750,true,1,42669
7290000530444,false,כתף בקר מעושן זוגלוב,,,כתף בקר מעושן זוגלוב,קילוגרמים,1.00,"ק""ג",true,,110.00,110.0000,true,1,42628
7290000530468,false,נקניקיות וינר טרי 1ק,,,נקניקיות וינר טרי 1ק,קילוגרמים,1.00,"ק""ג",false,,34.90,34.9000,true,1,42670
7290000530703,false,זוג תה 400 + חרמון 4,,,זוג תה 400 + חרמון 4,גרמים,800.00,100 גרם,false,,36.90,4.6125,true,1,42675
7290000531410,false,פסט. בדבש טהור 3% זו,,,פסט. בדבש טהור 3% זו,קילוגרמים,1.00,"ק""ג",true,,89.00,89.0000,true,1,42630
7290000531601,false,סטייק בורגר 400 גר'-,,,סטייק בורגר 400 גר'-,גרמים,400.00,100 גרם,false,,23.90,5.9750,true,1,42678
7290000532400,false,ברביקיו חזה הודו זוג,,,ברביקיו חזה הודו זוג,קילוגרמים,1.00,"ק""ג",true,,89.00,89.0000,true,1,42631
7290000533353,false,זוגלובק בצק עלים 1קג,,,זוגלובק בצק עלים 1קג,קילוגרמים,1.00,"ק""ג",false,,17.90,17.9000,true,1,42685
7290000534718,false,תבור חזה מעושן ד.ש.,,,תבור חזה מעושן ד.ש.,קילוגרמים,1.00,"ק""ג",true,,89.00,89.0000,true,1,42638
7290000534800,false,פסטרמה רומנית 4% זוג,,,פסטרמה רומנית 4% זוג,קילוגרמים,1.00,"ק""ג",true,,89.00,89.0000,true,1,42639
7290000536316,false,"שניצל מן הצומח 1 ק""ג",,,"שניצל מן הצומח 1 ק""ג",קילוגרמים,1.00,"ק""ג",false,,30.90,30.9000,true,1,42692
7290000537566,false,נקניקיות עוף טרי 400,,,נקניקיות עוף טרי 400,גרמים,400.00,100 גרם,false,,14.90,3.7250,true,1,42699
7290000537603,false,"נקנקיות עוף 1 ק""ג -ז",,,"נקנקיות עוף 1 ק""ג -ז",קילוגרמים,1.00,"ק""ג",false,,34.90,34.9000,true,1,42700
7290000552194,false,קישקע קפוא 500 גרם,,,קישקע קפוא 500 גרם,גרמים,500.00,100 גרם,false,,17.90,3.5800,true,1,18313
7290000552927,false,טחון עוף 500 גרם,,,טחון עוף 500 גרם,גרמים,500.00,100 גרם,false,,16.90,3.3800,true,1,18317
7290000552989,false,בשר עגל טחון קפוא 50,,,בשר עגל טחון קפוא 50,גרמים,500.00,100 גרם,false,,22.90,4.5800,true,1,18319
7290000554402,false,גד מלבי 160מל.,,,גד מלבי 160מל.,מיליליטרים,160.00,"100 מ""ל",false,,6.50,4.0625,true,1,15443
7290000554457,false,גד צפתית מיני 5% 350,,,גד צפתית מיני 5% 350,גרמים,350.00,100 גרם,false,,23.90,6.8286,true,1,15444
7290000554471,false,גד מוצרלה נקניק טבעי,,,גד מוצרלה נקניק טבעי,גרמים,180.00,100 גרם,false,,18.90,10.5000,true,1,15445
7290000554532,false,גד צפתית מעודנת במלח,,,גד צפתית מעודנת במלח,גרמים,200.00,100 גרם,false,,16.90,8.4500,true,1,15446
7290000554600,false,גד מוצרלה מגורדת %18,,,גד מוצרלה מגורדת %18,גרמים,300.00,100 גרם,false,,27.90,9.3000,true,1,15447
7290000554624,false,גד ירח מתוק 150מל,,,גד ירח מתוק 150מל,גרמים,150.00,100 גרם,false,,6.50,4.3333,true,1,15448
7290000554686,false,גד לאבנה בשמן זית וז,,,גד לאבנה בשמן זית וז,גרמים,250.00,100 גרם,false,,15.90,6.3600,true,1,15449
7290000554822,false,גד ריקוטה טבעי 5% 25,,,גד ריקוטה טבעי 5% 25,גרמים,250.00,100 גרם,false,,16.90,6.7600,true,1,15450
7290000554839,false,גד מסקרפונה 40% 250ג,,,גד מסקרפונה 40% 250ג,גרמים,250.00,100 גרם,false,,22.90,9.1600,true,1,15451
7290000560540,false,ג'ל גילוח כתום לעור,,,ג'ל גילוח כתום לעור,מיליליטרים,200.00,"100 מ""ל",false,,18.90,9.4500,true,1,6380
7290000561097,false,תערובת פיצוחים 150 ג,,,תערובת פיצוחים 150 ג,גרמים,150.00,100 גרם,false,,17.90,11.9333,true,1,129863
7290000561158,false,תערובת בריאות 150 גר,,,תערובת בריאות 150 גר,גרמים,150.00,100 גרם,false,,11.90,7.9333,true,1,117262
7290000561202,false,גרעין חמניה קלוי 200,,,גרעין חמניה קלוי 200,גרמים,200.00,100 גרם,false,,7.90,3.9500,true,1,1611
7290000561233,false,בוטן קלוי 200ג פיצוח,,,בוטן קלוי 200ג פיצוח,גרמים,200.00,100 גרם,false,,8.90,4.4500,true,1,1613
7290000561240,false,גרעין דלעת קלוי 200ג,,,גרעין דלעת קלוי 200ג,גרמים,200.00,100 גרם,false,,10.90,5.4500,true,1,1614
7290000561363,false,גרעין אבטיח קלוי 200,,,גרעין אבטיח קלוי 200,גרמים,200.00,100 גרם,false,,14.90,7.4500,true,1,1615
7290000561561,false,פוסידון מנצ'יס 200ג,,,פוסידון מנצ'יס 200ג,גרמים,200.00,100 גרם,false,,9.90,4.9500,true,1,117263
7290000561578,false,בוטן אמריקאי 200ג,,,בוטן אמריקאי 200ג,גרמים,200.00,100 גרם,false,,6.90,3.4500,true,1,117264
7290000561585,false,קבוקים 200ג - חממה,,,קבוקים 200ג - חממה,גרמים,200.00,100 גרם,false,,6.50,3.2500,true,1,117265
7290000561981,false,אגוז מלך 200ג,,,אגוז מלך 200ג,גרמים,200.00,100 גרם,false,,23.90,11.9500,true,1,1634
7290000571119,false,גאודה טבעי המחלבה,,,גאודה טבעי המחלבה,קילוגרמים,1.00,"ק""ג",true,,109.00,109.0000,true,1,27012
7290000571294,false,גאודה מעושנת המחלבה,,,גאודה מעושנת המחלבה,קילוגרמים,1.00,"ק""ג",true,,109.00,109.0000,true,1,27015
7290000571386,false,יוגורמה דלי 5% 850 ג,,,יוגורמה דלי 5% 850 ג,גרמים,850.00,100 גרם,false,,29.90,3.5176,true,1,27382
7290000571881,false,משקה יוגורט מחלב עיז,,,משקה יוגורט מחלב עיז,מיליליטרים,500.00,"100 מ""ל",false,,14.90,2.9800,true,1,136961
7290000574028,false,לחם אחיד פרוס מועשר,,,לחם אחיד פרוס מועשר,גרמים,750.00,100 גרם,false,,8.90,1.1867,true,1,197370
7290000574035,false,לחם אחיד פרוס דגנית,,,לחם אחיד פרוס דגנית,גרמים,750.00,100 גרם,false,,7.11,0.9480,true,1,5082
7290000574141,false,לחם חיטה מלאה דגנית,,,לחם חיטה מלאה דגנית,גרמים,750.00,100 גרם,false,,15.90,2.1200,true,1,5089
7290000574172,false,לחם קל חיטה מלאה דגנ,,,לחם קל חיטה מלאה דגנ,גרמים,750.00,100 גרם,false,,16.90,2.2533,true,1,5091
7290000574455,false,לחם חיטה מלא+כוסמין,,,לחם חיטה מלא+כוסמין,גרמים,750.00,100 גרם,false,,15.90,2.1200,true,1,5104
7290000578085,false,גבינת מוצרלה 21% ויל,,,גבינת מוצרלה 21% ויל,קילוגרמים,1.00,"ק""ג",true,,58.00,58.0000,true,1,3484
7290000604343,false,תמר דקל נור  400גר,,,תמר דקל נור  400גר,גרמים,400.00,100 גרם,false,,12.90,3.2250,true,1,55597
7290000611039,false,פילה סלמון נורבגי קפ,,,פילה סלמון נורבגי קפ,קילוגרמים,1.00,"ק""ג",true,,84.90,84.9000,true,1,302858
7290000627906,false,גאודה בקר 31.2%  שקי,,,גאודה בקר 31.2%  שקי,קילוגרמים,1.00,"ק""ג",true,,75.00,75.0000,true,1,214604
7290000627913,false,גאודה עיזים שקיל מעד,,,גאודה עיזים שקיל מעד,קילוגרמים,1.00,"ק""ג",true,,105.00,105.0000,true,1,214605
7290000644783,false,דגי תנובה נתחי פילה,,,דגי תנובה נתחי פילה,קילוגרמים,1.00,"ק""ג",true,,89.90,89.9000,true,1,27979
7290000646299,false,פילה נסיכה 100% דגי,,,פילה נסיכה 100% דגי,קילוגרמים,1.00,"ק""ג",true,,69.90,69.9000,true,1,317500
7290000652542,false,פילה אמנון 5-7 100%,,,פילה אמנון 5-7 100%,קילוגרמים,1.00,"ק""ג",true,,39.90,39.9000,true,1,253917
7290000654935,false,שיפודי פרגית קפוא אר,,,שיפודי פרגית קפוא אר,קילוגרמים,1.00,"ק""ג",true,,74.90,74.9000,true,1,64177
7290000659312,false,דגי תנובה פילה סלמון,,,דגי תנובה פילה סלמון,קילוגרמים,1.00,"ק""ג",true,,79.90,79.9000,true,1,27987
7290000662817,false,סלמון מעושן פרוס 100,,,סלמון מעושן פרוס 100,גרמים,100.00,100 גרם,false,,21.90,21.9000,true,1,293587
7290000663036,false,פילה אמנון ללא עור 1,,,פילה אמנון ללא עור 1,קילוגרמים,1.00,"ק""ג",true,,44.90,44.9000,true,1,317501
7290000663128,false,רצועות אנטריקוט בתיב,,,רצועות אנטריקוט בתיב,גרמים,300.00,100 גרם,false,,39.90,13.3000,true,1,302608
7290000663135,false,קוביות סלמון 300 גרם,,,קוביות סלמון 300 גרם,גרמים,300.00,100 גרם,false,,32.90,10.9667,true,1,338364
7290000663166,false,פילה הייק דרום אפריק,,,פילה הייק דרום אפריק,קילוגרמים,1.00,"ק""ג",true,,49.90,49.9000,true,1,338349
7290000679370,false,גרון הודו נקבה ארוז,,,גרון הודו נקבה ארוז,קילוגרמים,1.00,"ק""ג",true,,29.90,29.9000,true,1,124858
7290000679440,false,משחה לתינוק קמיל בלו,,,משחה לתינוק קמיל בלו,גרמים,100.00,100 גרם,false,,17.90,17.9000,true,1,31259
7290000680123,false,כנפיים עוף טרי ארוז,,,כנפיים עוף טרי ארוז,קילוגרמים,1.00,"ק""ג",true,,12.90,12.9000,true,1,125143
7290000680130,false,שוקיים עוף טרי ארוז,,,שוקיים עוף טרי ארוז,קילוגרמים,1.00,"ק""ג",true,,34.90,34.9000,true,1,125144
7290000680185,false,פילה עוף טרי ארוז,,,פילה עוף טרי ארוז,קילוגרמים,1.00,"ק""ג",true,,35.90,35.9000,true,1,125149
7290000680451,false,כבד עוף טרי ארוז.,,,כבד עוף טרי ארוז.,קילוגרמים,1.00,"ק""ג",true,,23.90,23.9000,true,1,125142
7290000688084,false,מי עדן 1/2 ליטר ספור,,,מי עדן 1/2 ליטר ספור,מיליליטרים,500.00,"100 מ""ל",false,,3.50,0.7000,true,1,12209
7290000688381,false,מי עדן פקק ספורט 6*5,,,מי עדן פקק ספורט 6*5,ליטרים,3.00,ליטר,false,,15.90,5.3000,true,1,12213
7290000688466,false,מי עדן ג'ים 750מל,,,מי עדן ג'ים 750מל,מיליליטרים,750.00,"100 מ""ל",false,,3.90,0.5200,true,1,12214
7290000688503,false,מי עדן ג'ים 6*750מל,,,מי עדן ג'ים 6*750מל,ליטרים,4.50,ליטר,false,,18.90,4.2000,true,1,12215
7290000692210,false,אג'קס ניקוי כללי ורצ,,,אג'קס ניקוי כללי ורצ,ליטרים,2.00,ליטר,false,,24.90,12.4500,true,1,23415
7290000692227,false,פלמוליב לכלים קלאסי-,,,פלמוליב לכלים קלאסי-,יחידה,0.00,יחידה,false,,14.90,0.0000,true,1,23416
7290000692456,false,אגקס חלונות זוג,,,אגקס חלונות זוג,ליטרים,1.50,ליטר,false,,27.90,18.6000,true,1,23419
7290000707123,false,פטם כבד ארוז קפוא לל,,,פטם כבד ארוז קפוא לל,קילוגרמים,1.00,"ק""ג",true,,12.90,12.9000,true,1,489321
7290000707512,false,פטם חזה פרוס ארוז קפ,,,פטם חזה פרוס ארוז קפ,קילוגרמים,1.00,"ק""ג",true,,39.90,39.9000,true,1,489244
7290000725600,false,סקנדינבית חריץ מע.,,,סקנדינבית חריץ מע.,קילוגרמים,1.00,"ק""ג",true,,78.00,78.0000,true,1,27024
7290000731104,false,אסאדו ע.ע עגל כשר טר,,,אסאדו ע.ע עגל כשר טר,קילוגרמים,1.00,"ק""ג",true,,74.90,74.9000,true,1,2117
7290000731135,false,כתף עגל כשר טרי,,,כתף עגל כשר טרי,קילוגרמים,1.00,"ק""ג",true,,89.90,89.9000,true,1,2135
7290000731138,false,פילה מדומה עגל כשר ט,,,פילה מדומה עגל כשר ט,קילוגרמים,1.00,"ק""ג",true,,89.90,89.9000,true,1,2138
7290000803067,false,משחת שיניים לילדים א,,,משחת שיניים לילדים א,מיליליטרים,75.00,"100 מ""ל",false,,16.90,22.5333,true,1,23423
7290000803180,false,מי פה דנטלית מרידול,,,מי פה דנטלית מרידול,מיליליטרים,400.00,"100 מ""ל",false,,32.90,8.2250,true,1,23424
7290000900313,false,פסט. ספרדית ט.צבי מע,,,פסט. ספרדית ט.צבי מע,קילוגרמים,1.00,"ק""ג",true,,89.00,89.0000,true,1,26701
7290000900436,false,פסט.איטלקית ט.צבי מע,,,פסט.איטלקית ט.צבי מע,קילוגרמים,1.00,"ק""ג",true,,89.00,89.0000,true,1,26704
7290000907970,false,פסטרמה כפרית טירת צב,,,פסטרמה כפרית טירת צב,קילוגרמים,1.00,"ק""ג",true,,53.00,53.0000,true,1,26705
7290000910291,false,פלפל צ`ילי,,,פלפל צ`ילי,גרמים,100.00,100 גרם,false,,7.90,7.9000,true,1,55602
7290000934678,false,אנטריקוט עגל כשר טרי,,,אנטריקוט עגל כשר טרי,קילוגרמים,1.00,"ק""ג",true,,159.90,159.9000,true,1,2147
7290000934701,false,טחון עגל כשר טרי,,,טחון עגל כשר טרי,קילוגרמים,1.00,"ק""ג",true,,49.90,49.9000,true,1,2154
7290000934727,false,צלי כתף עגל  כשר טרי,,,צלי כתף עגל  כשר טרי,קילוגרמים,1.00,"ק""ג",true,,99.90,99.9000,true,1,2160
7290000934730,false,צלעות עגל כשר טרי,,,צלעות עגל כשר טרי,קילוגרמים,1.00,"ק""ג",true,,79.90,79.9000,true,1,2163
7290000961484,false,נבטוטים,,,נבטוטים,יח',1.00,יח',false,,8.90,8.9000,true,1,104918
7290001041123,false,מיה שקד מולבן פרוס 1,,,מיה שקד מולבן פרוס 1,גרמים,100.00,100 גרם,false,,12.80,12.8000,true,1,52567
7290001041161,false,שעועית 1 ק'ג,,,שעועית 1 ק'ג,קילוגרמים,1.00,"ק""ג",false,,16.90,16.9000,true,1,52571
7290001041192,false,עדשים אדומות 1 ק'ג,,,עדשים אדומות 1 ק'ג,קילוגרמים,1.00,"ק""ג",false,,13.90,13.9000,true,1,52574
7290001041994,false,סוכר זהב דמררה צנצנת,,,סוכר זהב דמררה צנצנת,קילוגרמים,1.00,"ק""ג",false,,11.90,11.9000,true,1,15664
7290001045688,false,פרימור מיץ תפוזים 40,,,פרימור מיץ תפוזים 40,מיליליטרים,400.00,"100 מ""ל",false,,8.50,2.1250,true,1,24765
7290001121054,false,יחיעם צמד חמד 700 גר,,,יחיעם צמד חמד 700 גר,גרמים,700.00,100 גרם,false,,32.90,4.7000,true,1,16461
7290001121238,false,יחיעם קורנד ביף 180,,,יחיעם קורנד ביף 180,גרמים,180.00,100 גרם,false,,27.90,15.5000,true,1,16463
7290001123775,false,שווארמה פרגיות 500 ג,,,שווארמה פרגיות 500 ג,גרמים,500.00,100 גרם,false,,27.90,5.5800,true,1,18325
7290001123782,false,שווארמה הודו 500 גרם,,,שווארמה הודו 500 גרם,גרמים,500.00,100 גרם,false,,27.90,5.5800,true,1,18326
7290001136362,false,תחליב רחצה אלוורה ות,,,תחליב רחצה אלוורה ות,יחידה,0.00,יחידה,false,,16.90,0.0000,true,1,31917
7290001136683,false,מרכך רגיל ירוק נקה 7,,,מרכך רגיל ירוק נקה 7,מיליליטרים,750.00,"100 מ""ל",false,,12.90,1.7200,true,1,31919
7290001136799,false,תחליב רחצה ורד ויסמי,,,תחליב רחצה ורד ויסמי,יחידה,0.00,יחידה,false,,16.90,0.0000,true,1,31920
7290001136973,false,תחליב רחצה קמומיל נק,,,תחליב רחצה קמומיל נק,יחידה,0.00,יחידה,false,,16.90,0.0000,true,1,31921
7290001201572,false,12 ביצים אריזון XL מ,,,12 ביצים אריזון XL מ,יחידה,0.00,יחידה,false,,13.10,0.0000,true,1,14639
7290001201589,false,12 ביצים L  מ.לסר,,,12 ביצים L  מ.לסר,יחידה,0.00,יחידה,false,,12.05,0.0000,true,1,14640
7290001201596,false,12 ביצים M  מ.לסר,,,12 ביצים M  מ.לסר,יחידה,0.00,יחידה,false,,11.15,0.0000,true,1,14641
7290001201824,false,12 ביצים L  אורגני מ,,,12 ביצים L  אורגני מ,יחידה,0.00,יחידה,false,,24.90,0.0000,true,1,14648
7290001201862,false,12 ביצים חופש L מ. ל,,,12 ביצים חופש L מ. ל,יחידה,0.00,יחידה,false,,21.90,0.0000,true,1,14650
7290001201893,false,12 ביצים M  אומגה 3,,,12 ביצים M  אומגה 3,יחידה,0.00,יחידה,false,,18.90,0.0000,true,1,96542
7290001216040,false,טחינה אל ארז 100% שו,,,טחינה אל ארז 100% שו,גרמים,500.00,100 גרם,false,,18.90,3.7800,true,1,38170
7290001216057,false,טחינה אל ארז 100% שו,,,טחינה אל ארז 100% שו,קילוגרמים,1.00,"ק""ג",false,,32.90,32.9000,true,1,38171
7290001216231,false,טחינה מלאה 100% שומש,,,טחינה מלאה 100% שומש,גרמים,500.00,100 גרם,false,,19.90,3.9800,true,1,38178
7290001245705,false,אקונומיקה מבושמת 4 ל,,,אקונומיקה מבושמת 4 ל,ליטרים,4.00,ליטר,false,,10.90,2.7250,true,1,152482
7290001245729,false,ג'ל כביסה ירוק 3 ליט,,,ג'ל כביסה ירוק 3 ליט,ליטרים,1.00,ליטר,false,,19.90,19.9000,true,1,152499
7290001245736,false,ג'ל כביסה כחול 3 ליט,,,ג'ל כביסה כחול 3 ליט,ליטרים,1.00,ליטר,false,,19.90,19.9000,true,1,152500
7290001245958,false,מרכך כביסה טאצ' ורוד,,,מרכך כביסה טאצ' ורוד,ליטרים,4.00,ליטר,false,,15.90,3.9750,true,1,152509
7290001246085,false,תרסיס מנקה חלונות 1,,,תרסיס מנקה חלונות 1,ליטרים,1.00,ליטר,false,,6.90,6.9000,true,1,152484
7290001246108,false,תרסיס מסיר אבנית 750,,,תרסיס מסיר אבנית 750,מיליליטרים,750.00,"100 מ""ל",false,,14.90,1.9867,true,1,152517
7290001246351,false,נוזל רצפות לבנדר 4 ל,,,נוזל רצפות לבנדר 4 ל,ליטרים,4.00,ליטר,false,,14.90,3.7250,true,1,181559
7290001246634,false,נוזל אסלות על בסיס ח,,,נוזל אסלות על בסיס ח,ליטרים,1.00,ליטר,false,,8.90,8.9000,true,1,198936
7290001247082,false,ספרינג עגבניות קרטונ,,,ספרינג עגבניות קרטונ,ליטרים,1.00,ליטר,false,,7.90,7.9000,true,1,12220
7290001247129,false,ספרינג תפוז קרטונית,,,ספרינג תפוז קרטונית,ליטרים,1.00,ליטר,false,,7.90,7.9000,true,1,12224
7290001247143,false,ספרינג תפוח קרטונית,,,ספרינג תפוח קרטונית,ליטרים,1.00,ליטר,false,,7.90,7.9000,true,1,12226
7290001274422,false,מאגדת שלגונים ציפוי,,,מאגדת שלגונים ציפוי,גרמים,560.00,100 גרם,false,,28.90,5.1607,true,1,39651
7290001274583,false,גלידל בטעם שוקו פקאן,,,גלידל בטעם שוקו פקאן,גרמים,450.00,100 גרם,false,,23.90,5.3111,true,1,302136
7290001274934,false,פופסיקל בטעם לימון 8,,,פופסיקל בטעם לימון 8,גרמים,640.00,100 גרם,false,,29.90,4.6719,true,1,39652
7290001305188,false,פלמוליב לכלים פריחת,,,פלמוליב לכלים פריחת,מיליליטרים,750.00,"100 מ""ל",false,,12.90,1.7200,true,1,23428
7290001327180,false,קרמיסימו וניל ציפ 1.,,,קרמיסימו וניל ציפ 1.,ליטרים,1.33,ליטר,false,,22.90,17.2180,true,1,4780
7290001327791,false,קרמיסימו עוגיות 1.33,,,קרמיסימו עוגיות 1.33,ליטרים,1.33,ליטר,false,,22.90,17.2180,true,1,4784
7290001407547,false,בארכה טחינה שומשום מ,,,בארכה טחינה שומשום מ,גרמים,500.00,100 גרם,false,,19.90,3.9800,true,1,21306
7290001407813,false,חלבה שאמית וניל עם פ,,,חלבה שאמית וניל עם פ,גרמים,350.00,100 גרם,false,,16.90,4.8286,true,1,21310
7290001419618,false,וופל עלמה בלגי שוקו,,,וופל עלמה בלגי שוקו,גרמים,200.00,100 גרם,false,,4.90,2.4500,true,1,70382
7290001419779,false,וופל עלמה קלאסי 200,,,וופל עלמה קלאסי 200,גרמים,200.00,100 גרם,false,,4.90,2.4500,true,1,70383
7290001459928,false,גזר גמדי בלדי 800 גר,,,גזר גמדי בלדי 800 גר,גרמים,800.00,100 גרם,false,,12.90,1.6125,true,1,476248
7290001459935,false,אפונה בלדי 800 גרם,,,אפונה בלדי 800 גרם,גרמים,800.00,100 גרם,false,,12.90,1.6125,true,1,476216
7290001459942,false,אפונה וקוביות גזר בל,,,אפונה וקוביות גזר בל,גרמים,800.00,100 גרם,false,,12.90,1.6125,true,1,476232
7290001485019,false,טרה גבינת שמנת טבעי,,,טרה גבינת שמנת טבעי,גרמים,200.00,100 גרם,false,,11.90,5.9500,true,1,7117
7290001491096,false,תה ירוק בתוספת לימונ,,,תה ירוק בתוספת לימונ,גרמים,75.00,100 גרם,false,,49.50,66.0000,true,1,26071
7290001552025,false,קוסקוס 800גר,,,קוסקוס 800גר,גרמים,800.00,100 גרם,false,,17.90,2.2375,true,1,118488
7290001567760,false,פסטרמה של פעם 300 גר,,,פסטרמה של פעם 300 גר,גרמים,300.00,100 גרם,false,,29.90,9.9667,true,1,16480
7290001591680,false,קניידלך מקמח מצה 500,,,קניידלך מקמח מצה 500,גרמים,500.00,100 גרם,false,,21.90,4.3800,true,1,409751
7290001591703,false,קבב בקר אנגוס עגול ט,,,קבב בקר אנגוס עגול ט,גרמים,500.00,100 גרם,false,,24.90,4.9800,true,1,410858
7290001591710,false,המבורגר אנגוס טיבון,,,המבורגר אנגוס טיבון,גרמים,600.00,100 גרם,false,,24.90,4.1500,true,1,410859
7290001591734,false,נקניקיות מרגז בסגנון,,,נקניקיות מרגז בסגנון,גרמים,500.00,100 גרם,false,,24.90,4.9800,true,1,410861
7290001594858,false,טובורג רד בקבוק פקדו,,,טובורג רד בקבוק פקדו,ליטרים,1.98,ליטר,false,,44.90,22.6768,true,1,7615
7290001594865,false,קרלסברג בירה בקבוק 6,,,קרלסברג בירה בקבוק 6,ליטרים,1.98,ליטר,false,,44.90,22.6768,true,1,7616
7290001713242,false,"שקיות אשפה 25 י""ח 75",,,"שקיות אשפה 25 י""ח 75",יחידה,0.00,יחידה,false,,13.90,0.0000,true,1,413664
7290001791349,false,אקונומיקה ריחנית פסג,,,אקונומיקה ריחנית פסג,ליטרים,4.00,ליטר,false,,12.90,3.2250,true,1,31986
7290001817728,false,ציטוס כאפה 55 גרם,,,ציטוס כאפה 55 גרם,גרמים,55.00,100 גרם,false,,3.90,7.0909,true,1,25332
7290001865453,false,סבון נוזלי לבנדר+ מש,,,סבון נוזלי לבנדר+ מש,יחידה,0.00,יחידה,false,,11.90,0.0000,true,1,6401
7290001873489,false,קרפצ'יו בלאק אנגוס 1,,,קרפצ'יו בלאק אנגוס 1,גרמים,120.00,100 גרם,false,,20.90,17.4167,true,1,219194
7290001901656,false,צנצנת דגים 7 יח היימ,,,צנצנת דגים 7 יח היימ,גרמים,560.00,100 גרם,false,,11.90,2.1250,true,1,50102
7290001975992,false,"בירה ויינשטפן 330 מ""",,,"בירה ויינשטפן 330 מ""",מיליליטרים,330.00,"100 מ""ל",false,,14.20,4.3030,true,1,425360
7290001990094,false,סוכר חום בצנצנת קלאס,,,סוכר חום בצנצנת קלאס,קילוגרמים,1.00,"ק""ג",false,,17.90,17.9000,true,1,19374
7290001990148,false,סוכר גולדן קלאסי בצנ,,,סוכר גולדן קלאסי בצנ,קילוגרמים,1.00,"ק""ג",false,,14.50,14.5000,true,1,19376
7290001990261,false,"סוגת חומוס 1 ק""ג",,,"סוגת חומוס 1 ק""ג",קילוגרמים,1.00,"ק""ג",false,,16.90,16.9000,true,1,19377
7290001990278,false,סוגת שעועית לבנה 1 ק,,,סוגת שעועית לבנה 1 ק,קילוגרמים,1.00,"ק""ג",false,,20.90,20.9000,true,1,19378
7290001990407,false,עדשים ירוקים 1 קג,,,עדשים ירוקים 1 קג,קילוגרמים,1.00,"ק""ג",false,,17.90,17.9000,true,1,19381
7290001990414,false,סוגת עדשים אדומים 1,,,סוגת עדשים אדומים 1,קילוגרמים,1.00,"ק""ג",false,,17.90,17.9000,true,1,114371
7290001990421,false,"סוגת פופקורן 1 ק""ג",,,"סוגת פופקורן 1 ק""ג",קילוגרמים,1.00,"ק""ג",false,,12.90,12.9000,true,1,19383
7290002007982,false,מזלגות חד פעמי 100 י,,,מזלגות חד פעמי 100 י,יחידה,0.00,יחידה,false,,13.90,0.0000,true,1,8374
7290002007999,false,צלחות גדול 50יח הנמל,,,צלחות גדול 50יח הנמל,יחידה,0.00,יחידה,false,,16.90,0.0000,true,1,8375
7290002008224,false,קישוט לעוגה גליד.,,,קישוט לעוגה גליד.,גרמים,60.00,100 גרם,false,,6.90,11.5000,true,1,8390
7290002008651,false,קמח תפוח אדמה הנמל 5,,,קמח תפוח אדמה הנמל 5,גרמים,500.00,100 גרם,false,,6.90,1.3800,true,1,8404
7290002043225,false,צ'יפס פפריקה אקסטרה,,,צ'יפס פפריקה אקסטרה,גרמים,60.00,100 גרם,false,,9.40,15.6667,true,1,261102
7290002043232,false,חטיף צ'יפס משפחתי בט,,,חטיף צ'יפס משפחתי בט,גרמים,120.00,100 גרם,false,,13.80,11.5000,true,1,410318
7290002053088,false,אטריות ביצים מס' 8 א,,,אטריות ביצים מס' 8 א,גרמים,210.00,100 גרם,false,,8.90,4.2381,true,1,66783
7290002057123,false,זיתים חרוזית ירוק קב,,,זיתים חרוזית ירוק קב,גרמים,275.00,100 גרם,false,,10.90,3.9636,true,1,30141
7290002057185,false,טבעות זיתים ירוקים ק,,,טבעות זיתים ירוקים ק,גרמים,540.00,100 גרם,false,,9.90,1.8333,true,1,30145
7290002057352,false,מלפפונים  במלח 7-9 ק,,,מלפפונים  במלח 7-9 ק,גרמים,560.00,100 גרם,false,,7.90,1.4107,true,1,30150
7290002057369,false,מלפפון במלח 10-12 קב,,,מלפפון במלח 10-12 קב,גרמים,560.00,100 גרם,false,,8.90,1.5893,true,1,30151
7290002057376,false,מלפפון במלח 13-17 קב,,,מלפפון במלח 13-17 קב,גרמים,560.00,100 גרם,false,,10.90,1.9464,true,1,30152
7290002057383,false,מלפפון 18-25במלח קבו,,,מלפפון 18-25במלח קבו,גרמים,560.00,100 גרם,false,,13.90,2.4821,true,1,30153
7290002057451,false,מלפפון בחומץ 7-9 קבו,,,מלפפון בחומץ 7-9 קבו,גרמים,560.00,100 גרם,false,,7.90,1.4107,true,1,30155
7290002057819,false,גמבה רצועות פלפל אדו,,,גמבה רצועות פלפל אדו,גרמים,300.00,100 גרם,false,,7.90,2.6333,true,1,52513
7290002065555,false,6 לחמניות רכות אנגל,,,6 לחמניות רכות אנגל,גרמים,450.00,100 גרם,false,,11.90,2.6444,true,1,69671
7290002065616,false,שיפון גרעינים אנגל 7,,,שיפון גרעינים אנגל 7,גרמים,750.00,100 גרם,false,,14.90,1.9867,true,1,69672
7290002065623,false,לחם שיפון כפרי אנגל,,,לחם שיפון כפרי אנגל,גרמים,750.00,100 גרם,false,,14.90,1.9867,true,1,69673
7290002077725,false,סלמון מעושן 100 ג,,,סלמון מעושן 100 ג,גרמים,100.00,100 גרם,false,,22.90,22.9000,true,1,18359
7290002107491,false,צוריאל גבינת עזים למ,,,צוריאל גבינת עזים למ,גרמים,250.00,100 גרם,false,,16.90,6.7600,true,1,7140
7290002111085,false,רוטב עגבניות 22% פרי,,,רוטב עגבניות 22% פרי,גרמים,100.00,100 גרם,false,,2.50,2.5000,true,1,9421
7290002111313,false,עגבניות קוביות פרי מ,,,עגבניות קוביות פרי מ,גרמים,800.00,100 גרם,false,,10.90,1.3625,true,1,9425
7290002111634,false,חומוס שלם פרי מבורך,,,חומוס שלם פרי מבורך,גרמים,550.00,100 גרם,false,,9.90,1.8000,true,1,9430
7290002111696,false,עגבניות מרוסקות פרי,,,עגבניות מרוסקות פרי,גרמים,800.00,100 גרם,false,,10.90,1.3625,true,1,9433
7290002129455,false,פיצה איטלקית   450 ג,,,פיצה איטלקית   450 ג,גרמים,450.00,100 גרם,false,,22.90,5.0889,true,1,109605
7290002129479,false,פיצה איטלקית דקה שלש,,,פיצה איטלקית דקה שלש,גרמים,320.00,100 גרם,false,,18.90,5.9062,true,1,475336
7290002130567,false,דבש טהור מפרחי בר בצ,,,דבש טהור מפרחי בר בצ,גרמים,350.00,100 גרם,false,,22.90,6.5429,true,1,24069
7290002130574,false,דבש טהור מפרחי בר בצ,,,דבש טהור מפרחי בר בצ,גרמים,500.00,100 גרם,false,,30.90,6.1800,true,1,24070
7290002130581,false,דבש טהור מפרחי בר בצ,,,דבש טהור מפרחי בר בצ,קילוגרמים,1.00,"ק""ג",false,,48.90,48.9000,true,1,24071
7290002157953,false,טונה בשמן קנולה וילי,,,טונה בשמן קנולה וילי,גרמים,560.00,100 גרם,false,,23.90,4.2679,true,1,18369
7290002204169,true,אגס נאשי מארז,,,אגס נאשי מארז,גרמים,500.00,100 גרם,false,,14.90,2.9800,true,1,480812
7290002253006,false,דורות שום כתוש טרי 2,,,דורות שום כתוש טרי 2,גרמים,200.00,100 גרם,false,,18.90,9.4500,true,1,22082
7290002253105,false,דורות מגשית קוביות ש,,,דורות מגשית קוביות ש,גרמים,80.00,100 גרם,false,,15.90,19.8750,true,1,22085
7290002253150,false,בזיליקום טרי קצוץ 70,,,בזיליקום טרי קצוץ 70,גרמים,70.00,100 גרם,false,,12.90,18.4286,true,1,22086
7290002255048,false,קובה למרק במילוי בשר,,,קובה למרק במילוי בשר,גרמים,800.00,100 גרם,false,,23.90,2.9875,true,1,118031
7290002255284,false,"קובה חמוסטה בד""צ חטי",,,"קובה חמוסטה בד""צ חטי",גרמים,800.00,100 גרם,false,,23.90,2.9875,true,1,118038
7290002317081,false,זיתים נטולי גלעין 20,,,זיתים נטולי גלעין 20,גרמים,670.00,100 גרם,false,,12.50,1.8657,true,1,25663
7290002317135,false,מלפפון במלח 13-17 מו,,,מלפפון במלח 13-17 מו,גרמים,560.00,100 גרם,false,,12.50,2.2321,true,1,25666
7290002317265,false,מלפפון במלח 20% 7-9,,,מלפפון במלח 20% 7-9,גרמים,670.00,100 גרם,false,,11.40,1.7015,true,1,25675
7290002317289,false,חצילים מוטולה 560 גר,,,חצילים מוטולה 560 גר,גרמים,560.00,100 גרם,false,,10.90,1.9464,true,1,25676
7290002317319,false,מלפפון בחומץ 7-9 20%,,,מלפפון בחומץ 7-9 20%,גרמים,670.00,100 גרם,false,,11.40,1.7015,true,1,25679
7290002317371,false,זיתים מושחרים נטולי,,,זיתים מושחרים נטולי,גרמים,560.00,100 גרם,false,,12.50,2.2321,true,1,25685
7290002317609,false,כרוב כבוש מוטולה 560,,,כרוב כבוש מוטולה 560,גרמים,560.00,100 גרם,false,,7.50,1.3393,true,1,25699
7290002317661,false,זיתים מנזלינו גדול מ,,,זיתים מנזלינו גדול מ,גרמים,560.00,100 גרם,false,,12.50,2.2321,true,1,25703
7290002317753,false,טבעות זיתים ירוקים ב,,,טבעות זיתים ירוקים ב,גרמים,560.00,100 גרם,false,,12.50,2.2321,true,1,25707
7290002319023,false,1/10 סוכר וניל,,,1/10 סוכר וניל,גרמים,100.00,100 גרם,false,,3.50,3.5000,true,1,52591
7290002319054,false,פרג טחון 100ג,,,פרג טחון 100ג,גרמים,100.00,100 גרם,false,,6.50,6.5000,true,1,15669
7290002319061,false,.קוקוס טחון 100 גר.,,,.קוקוס טחון 100 גר.,גרמים,100.00,100 גרם,false,,4.50,4.5000,true,1,52594
7290002319078,false,שומשום 100ג,,,שומשום 100ג,גרמים,100.00,100 גרם,false,,4.90,4.9000,true,1,52595
7290002319139,false,שעועית מיה 500 גרם,,,שעועית מיה 500 גרם,גרמים,500.00,100 גרם,false,,10.90,2.1800,true,1,52598
7290002319146,false,שעועית אדומה מיה 500,,,שעועית אדומה מיה 500,גרמים,500.00,100 גרם,false,,11.90,2.3800,true,1,52599
7290002319160,false,אפונה יבשה מיה 500 ג,,,אפונה יבשה מיה 500 ג,גרמים,500.00,100 גרם,false,,5.90,1.1800,true,1,52600
7290002319191,false,עדשים ירוקים מיה 500,,,עדשים ירוקים מיה 500,גרמים,500.00,100 גרם,false,,7.90,1.5800,true,1,52603
7290002319207,false,כוסמת מיה 500 גרם,,,כוסמת מיה 500 גרם,גרמים,500.00,100 גרם,false,,9.90,1.9800,true,1,52604
7290002319771,false,תמצית אפיה וניל,,,תמצית אפיה וניל,מיליליטרים,50.00,"100 מ""ל",false,,2.90,5.8000,true,1,52632
7290002319788,false,תמצית אפיה רום,,,תמצית אפיה רום,מיליליטרים,60.00,"100 מ""ל",false,,2.90,4.8333,true,1,15676
7290002327073,false,בורקס גבינה 800 גרם,,,בורקס גבינה 800 גרם,גרמים,800.00,100 גרם,false,,22.90,2.8625,true,1,18390
7290002331025,false,נביעות 1/2 ליטר ספור,,,נביעות 1/2 ליטר ספור,מיליליטרים,500.00,"100 מ""ל",false,,4.90,0.9800,true,1,7147
7290002331094,false,755מל מים מינרלים TO,,,755מל מים מינרלים TO,מיליליטרים,755.00,"100 מ""ל",false,,5.90,0.7815,true,1,7148
7290002331360,false,נביעות TO GO שישייה,,,נביעות TO GO שישייה,ליטרים,3.00,ליטר,false,,19.90,6.6333,true,1,7633
7290002331483,false,נביעות בייבי 320*6 מ,,,נביעות בייבי 320*6 מ,ליטרים,1.92,ליטר,false,,15.90,8.2813,true,1,7153
7290002331490,false,נביעות 1 ליטר,,,נביעות 1 ליטר,ליטרים,1.00,ליטר,false,,3.90,3.9000,true,1,7635
7290002345015,false,סינטה דקדק 250 גרם,,,סינטה דקדק 250 גרם,גרמים,250.00,100 גרם,false,,20.90,8.3600,true,1,109440
7290002345022,false,אנטריקוט  דקדק 250 ג,,,אנטריקוט  דקדק 250 ג,גרמים,250.00,100 גרם,false,,30.90,12.3600,true,1,109441
7290002348238,false,לפתן אננס חתוך ויליג,,,לפתן אננס חתוך ויליג,גרמים,830.00,100 גרם,false,,7.90,0.9518,true,1,223722
7290002353836,false,סרדינים רוברט בשמן ז,,,סרדינים רוברט בשמן ז,גרמים,120.00,100 גרם,false,,10.90,9.0833,true,1,18407
7290002371540,false,טירת צבי קורנדביף דק,,,טירת צבי קורנדביף דק,גרמים,120.00,100 גרם,false,,16.90,14.0833,true,1,26735
7290002371939,false,טירת צבי סרוולד צרפת,,,טירת צבי סרוולד צרפת,גרמים,120.00,100 גרם,false,,31.90,26.5833,true,1,26738
7290002374268,false,שמן חמניות מילומור 1,,,שמן חמניות מילומור 1,ליטרים,1.00,ליטר,false,,13.90,13.9000,true,1,31531
7290002374312,false,שמן קנולה מילומור 1,,,שמן קנולה מילומור 1,ליטרים,1.00,ליטר,false,,12.90,12.9000,true,1,31532
7290002374640,false,שמן קנולה פלוס אומגה,,,שמן קנולה פלוס אומגה,ליטרים,1.00,ליטר,false,,19.40,19.4000,true,1,31534
7290002404590,false,יין היוצר בראשית רזר,,,יין היוצר בראשית רזר,מיליליטרים,750.00,"100 מ""ל",false,,41.90,5.5867,true,1,12523
7290002407454,false,שמן זית כתית מעולה ס,,,שמן זית כתית מעולה ס,מיליליטרים,750.00,"100 מ""ל",false,,43.90,5.8533,true,1,5791
7290002502296,false,בונז'ור לחמניוה קלוע,,,בונז'ור לחמניוה קלוע,יח',1.00,יח',false,,4.90,4.9000,true,1,119538
7290002512004,false,צנעני מלווח 900 גרם,,,צנעני מלווח 900 גרם,גרמים,900.00,100 גרם,false,,19.90,2.2111,true,1,66386
7290002512011,false,צנעני גחנון 900 גרם,,,צנעני גחנון 900 גרם,גרמים,900.00,100 גרם,false,,19.90,2.2111,true,1,66387
7290002515371,false,קמיל בלו משפחתי 1 לי,,,קמיל בלו משפחתי 1 לי,ליטרים,1.00,ליטר,false,,28.90,28.9000,true,1,31285
7290002517269,false,תבלין פלפל שחור שלם,,,תבלין פלפל שחור שלם,גרמים,35.00,100 גרם,false,,10.90,31.1429,true,1,49605
7290002517337,false,תבלין אורגנו בשקית ט,,,תבלין אורגנו בשקית ט,גרמים,20.00,100 גרם,false,,6.90,34.5000,true,1,49609
7290002517726,false,תבלין מקל קינמון טעם,,,תבלין מקל קינמון טעם,גרמים,15.00,100 גרם,false,,6.90,46.0000,true,1,49624
7290002517733,false,תבלין קצח טעם וריח 4,,,תבלין קצח טעם וריח 4,גרמים,40.00,100 גרם,false,,6.90,17.2500,true,1,49625
7290002543046,false,פרוסטיס דגני קלוגס 7,,,פרוסטיס דגני קלוגס 7,גרמים,750.00,100 גרם,false,,21.90,2.9200,true,1,67019
7290002543237,false,קורנפלקס קלוגס 750 ג,,,קורנפלקס קלוגס 750 ג,גרמים,750.00,100 גרם,false,,17.90,2.3867,true,1,67023
7290002577508,false,פילה הרינג בשמן ובצל,,,פילה הרינג בשמן ובצל,גרמים,240.00,100 גרם,false,,27.90,11.6250,true,1,377277
7290002603498,false,פיצת השף מאיטליה CHE,,,פיצת השף מאיטליה CHE,גרמים,220.00,100 גרם,false,,18.90,8.5909,true,1,134515
7290002603504,false,פיצת השף מאיטליה CHE,,,פיצת השף מאיטליה CHE,גרמים,200.00,100 גרם,false,,18.90,9.4500,true,1,134516
7290002608509,false,לחם מחמצת זיתי קלמנט,,,לחם מחמצת זיתי קלמנט,גרמים,530.00,100 גרם,false,,18.90,3.5660,true,1,216403
7290002692393,false,שמן קנולה מועשר עץ ה,,,שמן קנולה מועשר עץ ה,ליטרים,1.00,ליטר,false,,18.40,18.4000,true,1,31537
7290002692478,false,שמן זית כתית מעולה מ,,,שמן זית כתית מעולה מ,מיליליטרים,750.00,"100 מ""ל",false,,37.90,5.0533,true,1,31539
7290002692782,false,תרסיס שמן זית עץ הזי,,,תרסיס שמן זית עץ הזי,מיליליטרים,200.00,"100 מ""ל",false,,20.90,10.4500,true,1,31548
7290002703068,false,צנצנת דבש עין חרוד 1,,,צנצנת דבש עין חרוד 1,קילוגרמים,1.00,"ק""ג",false,,47.90,47.9000,true,1,39242
7290002703310,false,צנצנת דבש עין חרוד 5,,,צנצנת דבש עין חרוד 5,גרמים,500.00,100 גרם,false,,24.90,4.9800,true,1,39248
7290002703402,false,דבש עין חרוד 400 גרם,,,דבש עין חרוד 400 גרם,גרמים,400.00,100 גרם,false,,20.90,5.2250,true,1,39250
7290002703426,false,דבש לחיץ מכוורת 250,,,דבש לחיץ מכוורת 250,גרמים,250.00,100 גרם,false,,14.90,5.9600,true,1,39251
7290002703617,false,סילאן 100% טבעי לחיץ,,,סילאן 100% טבעי לחיץ,גרמים,385.00,100 גרם,false,,14.90,3.8701,true,1,136936
7290002730262,false,פלמוליב לכלים קלאסי,,,פלמוליב לכלים קלאסי,מיליליטרים,750.00,"100 מ""ל",false,,12.90,1.7200,true,1,23438
7290002730811,false,משחת שיניים גל משפחת,,,משחת שיניים גל משפחת,מיליליטרים,100.00,"100 מ""ל",false,,14.80,14.8000,true,1,23445
7290002730958,false,סבון מוצק ירוק זית פ,,,סבון מוצק ירוק זית פ,גרמים,400.00,100 גרם,false,,17.90,4.4750,true,1,23450
7290002735007,false,"בצק עלים 1 ק""ג",,,"בצק עלים 1 ק""ג",קילוגרמים,1.00,"ק""ג",false,,14.90,14.9000,true,1,119024
7290002735014,false,ינון מלווח ארוז 800,,,ינון מלווח ארוז 800,גרמים,800.00,100 גרם,false,,14.90,1.8625,true,1,119025
7290002735021,false,ינון גחנון ארוז 750,,,ינון גחנון ארוז 750,גרמים,750.00,100 גרם,false,,14.90,1.9867,true,1,119026
7290002735113,false,בורקס גבינה ינון 800,,,בורקס גבינה ינון 800,גרמים,800.00,100 גרם,false,,17.90,2.2375,true,1,119027
7290002735120,false,"בורקס תפו""א ינון 800",,,"בורקס תפו""א ינון 800",גרמים,800.00,100 גרם,false,,14.90,1.8625,true,1,119028
7290002735274,false,ינון גחנון אפוי 600,,,ינון גחנון אפוי 600,גרמים,600.00,100 גרם,false,,16.90,2.8167,true,1,119031
7290002750338,false,לחם עגבניות מיובשות,,,לחם עגבניות מיובשות,גרמים,530.00,100 גרם,false,,17.90,3.3774,true,1,216408
7290002752332,false,מנטוס .סוכריות פירות,,,מנטוס .סוכריות פירות,גרמים,37.50,100 גרם,false,,4.50,12.0000,true,1,13913
7290002757139,false,שלושת האופים מלוואח,,,שלושת האופים מלוואח,גרמים,700.00,100 גרם,false,,15.90,2.2714,true,1,18448
7290002757511,false,דלידג קציצות דג לביש,,,דלידג קציצות דג לביש,גרמים,750.00,100 גרם,false,,35.90,4.7867,true,1,18451
7290002757535,false,בורקס פילו אצבעות גב,,,בורקס פילו אצבעות גב,גרמים,700.00,100 גרם,false,,21.90,3.1286,true,1,18453
7290002757665,false,קבב מזרחי 400 גרם,,,קבב מזרחי 400 גרם,גרמים,400.00,100 גרם,false,,14.90,3.7250,true,1,18455
7290002757672,false,המבורגר 400גרם נטו,,,המבורגר 400גרם נטו,גרמים,400.00,100 גרם,false,,14.90,3.7250,true,1,18456
7290002768074,false,סבון נוזלי דרמופון 1,,,סבון נוזלי דרמופון 1,יחידה,0.00,יחידה,false,,18.90,0.0000,true,1,32008
7290002768159,false,קצף אמבט בת אורן 500,,,קצף אמבט בת אורן 500,מיליליטרים,500.00,"100 מ""ל",false,,17.90,3.5800,true,1,32009
7290002787891,false,שלושת האופים מקלות ב,,,שלושת האופים מקלות ב,גרמים,600.00,100 גרם,false,,21.90,3.6500,true,1,68100
7290002805151,false,סיף פנטסטיק לרצפות ב,,,סיף פנטסטיק לרצפות ב,ליטרים,4.00,ליטר,false,,24.90,6.2250,true,1,11393
7290002824183,false,גבינה לבנה 5% סקי 50,,,גבינה לבנה 5% סקי 50,גרמים,500.00,100 גרם,false,,9.50,1.9000,true,1,24767
7290002824466,false,דנונה יוגורט ביו 0%,,,דנונה יוגורט ביו 0%,מיליליטרים,200.00,"100 מ""ל",false,,3.90,1.9500,true,1,24768
7290002824640,false,גבינה 5% סקי 250 גרם,,,גבינה 5% סקי 250 גרם,גרמים,250.00,100 גרם,false,,4.98,1.9920,true,1,24769
7290002825722,false,אחלה כרוב אדום 500ג,,,אחלה כרוב אדום 500ג,גרמים,500.00,100 גרם,false,,16.90,3.3800,true,1,24771
7290002868996,false,טרה קוטג מועשר 5% 25,,,טרה קוטג מועשר 5% 25,גרמים,250.00,100 גרם,false,,5.90,2.3600,true,1,7158
7290002871248,false,בירה טובורג רד בקבוק,,,בירה טובורג רד בקבוק,מיליליטרים,500.00,"100 מ""ל",false,,10.90,2.1800,true,1,7656
7290002881247,false,אננס שלם פרוסות תומר,,,אננס שלם פרוסות תומר,גרמים,850.00,100 גרם,false,,11.90,1.4000,true,1,26327
7290002881254,false,קוקטייל טרופי תומר 8,,,קוקטייל טרופי תומר 8,גרמים,850.00,100 גרם,false,,10.90,1.2824,true,1,26328
7290002881261,false,ליצי שלם תומר 565 גר,,,ליצי שלם תומר 565 גר,גרמים,565.00,100 גרם,false,,11.80,2.0885,true,1,26329
7290002881612,false,לפתן דובדבנים חמוצים,,,לפתן דובדבנים חמוצים,גרמים,700.00,100 גרם,false,,9.90,1.4143,true,1,26348
7290002881940,false,סרדין מרוקאי בשמן תו,,,סרדין מרוקאי בשמן תו,גרמים,125.00,100 גרם,false,,6.90,5.5200,true,1,26361
7290002881957,false,סרדין מרוקאי חריף תו,,,סרדין מרוקאי חריף תו,גרמים,125.00,100 גרם,false,,6.90,5.5200,true,1,26362
7290002909989,false,שעועית ירוקה חתוכה ב,,,שעועית ירוקה חתוכה ב,גרמים,800.00,100 גרם,false,,12.90,1.6125,true,1,476343
7290002909996,false,שעועית צהובה שלמה בל,,,שעועית צהובה שלמה בל,גרמים,800.00,100 גרם,false,,12.90,1.6125,true,1,476360
7290002929642,false,טונה בשמן ויליגר רבי,,,טונה בשמן ויליגר רבי,גרמים,560.00,100 גרם,false,,24.90,4.4464,true,1,18510
7290002971955,false,קמח לבן 650 ללא צורך,,,קמח לבן 650 ללא צורך,קילוגרמים,1.00,"ק""ג",false,,9.90,9.9000,true,1,67320
7290002971986,false,קמח שיפון ללא צורך ב,,,קמח שיפון ללא צורך ב,קילוגרמים,1.00,"ק""ג",false,,9.90,9.9000,true,1,84813
7290002971993,false,קמח כוסמין מלא ללא צ,,,קמח כוסמין מלא ללא צ,קילוגרמים,1.00,"ק""ג",false,,15.90,15.9000,true,1,84403
7290002972006,false,קמח בהיר 405 ללא צור,,,קמח בהיר 405 ללא צור,קילוגרמים,1.00,"ק""ג",false,,9.90,9.9000,true,1,10044
7290002986652,false,גטניו - פתיבר שוקו 4,,,גטניו - פתיבר שוקו 4,גרמים,470.00,100 גרם,false,,9.90,2.1064,true,1,133986
7290002987963,false,אחלה חומוס 1קג,,,אחלה חומוס 1קג,קילוגרמים,1.00,"ק""ג",false,,15.90,15.9000,true,1,24772
7290003009312,false,בוטן קלוי 200 גרם,,,בוטן קלוי 200 גרם,גרמים,200.00,100 גרם,false,,8.90,4.4500,true,1,13918
7290003009329,false,בוטן אמריקאי מצופה 2,,,בוטן אמריקאי מצופה 2,גרמים,200.00,100 גרם,false,,6.90,3.4500,true,1,13919
7290003009336,false,קבוקים מצופים 200 גר,,,קבוקים מצופים 200 גר,גרמים,200.00,100 גרם,false,,6.90,3.4500,true,1,13920
7290003009596,false,סירופ דיאט אשכוליות,,,סירופ דיאט אשכוליות,מיליליטרים,750.00,"100 מ""ל",false,,23.90,3.1867,true,1,7170
7290003015627,false,ריצפז פרש אפרסק 2 לי,,,ריצפז פרש אפרסק 2 לי,ליטרים,2.00,ליטר,false,,19.90,9.9500,true,1,32019
7290003026036,false,קמיל בלו סנסיטיב מוע,,,קמיל בלו סנסיטיב מוע,יחידה,0.00,יחידה,false,,34.90,0.0000,true,1,31287
7290003026234,false,קמיל בלו תחליב לתינו,,,קמיל בלו תחליב לתינו,גרמים,500.00,100 גרם,false,,32.90,6.5800,true,1,31290
7290003026319,false,קמיל משחה לתינוק 120,,,קמיל משחה לתינוק 120,גרמים,120.00,100 גרם,false,,20.90,17.4167,true,1,31291
7290003029181,false,יטבתה שוקו בקבוק 1ל,,,יטבתה שוקו בקבוק 1ל,ליטרים,1.00,ליטר,false,,12.90,12.9000,true,1,24776
7290003029372,false,יטבתה משקה חלב בננה,,,יטבתה משקה חלב בננה,ליטרים,1.00,ליטר,false,,12.90,12.9000,true,1,24779
7290003029389,false,יטבתה משקה חלב בננה+,,,יטבתה משקה חלב בננה+,מיליליטרים,250.00,"100 מ""ל",false,,5.90,2.3600,true,1,24780
7290003029433,false,יטבתה שוקו +פקק 250,,,יטבתה שוקו +פקק 250,מיליליטרים,250.00,"100 מ""ל",false,,5.90,2.3600,true,1,24781
7290003029532,false,יטבתה מוקה 1ל,,,יטבתה מוקה 1ל,ליטרים,1.00,ליטר,false,,12.90,12.9000,true,1,24783
7290003029815,false,חלב מועשר בכד2 ליטר,,,חלב מועשר בכד2 ליטר,ליטרים,2.00,ליטר,false,,15.90,7.9500,true,1,24786
7290003029907,false,יטבתה אייס קפה 1ל,,,יטבתה אייס קפה 1ל,ליטרים,1.00,ליטר,false,,12.90,12.9000,true,1,24788
7290003054190,false,לחם שיפון 3 דגנים מס,,,לחם שיפון 3 דגנים מס,גרמים,500.00,100 גרם,false,,15.90,3.1800,true,1,117824
7290003054657,false,חרדל דיג'ון אקסטרא פ,,,חרדל דיג'ון אקסטרא פ,גרמים,370.00,100 גרם,false,,13.90,3.7568,true,1,29206
7290003072859,false,רוסטביף טירת צבי 120,,,רוסטביף טירת צבי 120,גרמים,120.00,100 גרם,false,,23.90,19.9167,true,1,218565
7290003102136,false,צמר גפן כוטון סופט 1,,,צמר גפן כוטון סופט 1,גרמים,100.00,100 גרם,false,,5.90,5.9000,true,1,876
7290003102891,false,שקיות צליה הוסטס 10י,,,שקיות צליה הוסטס 10י,יחידה,0.00,יחידה,false,,5.90,0.0000,true,1,885
7290003107216,false,"קמח לבן דגן 1 ק""ג",,,"קמח לבן דגן 1 ק""ג",קילוגרמים,1.00,"ק""ג",false,,6.90,6.9000,true,1,10050
7290003107223,false,"סולת חיטה דגן 1 ק""ג",,,"סולת חיטה דגן 1 ק""ג",קילוגרמים,1.00,"ק""ג",false,,6.90,6.9000,true,1,10051
7290003107315,false,"סולת  דגן 1 ק""ג",,,"סולת  דגן 1 ק""ג",קילוגרמים,1.00,"ק""ג",false,,4.90,4.9000,true,1,10054
7290003107346,false,קמח חיטה לבן דגן 1 ק,,,קמח חיטה לבן דגן 1 ק,קילוגרמים,1.00,"ק""ג",false,,4.90,4.9000,true,1,10056
7290003119516,false,ארגז בירה שונה ריק 2,,,ארגז בירה שונה ריק 2,יחידה,0.00,יחידה,false,,21.00,0.0000,true,1,114235
7290003126712,false,צוריאל יוגורט עיזים,,,צוריאל יוגורט עיזים,מיליליטרים,150.00,"100 מ""ל",false,,6.90,4.6000,true,1,7181
7290003126958,false,צוריאל גבינה גוש טופ,,,צוריאל גבינה גוש טופ,גרמים,300.00,100 גרם,false,,13.90,4.6333,true,1,7182
7290003141159,false,יוגטה מרשמלו 180 גר',,,יוגטה מרשמלו 180 גר',גרמים,180.00,100 גרם,false,,8.90,4.9444,true,1,13924
7290003142422,false,גרעיני חמניה ללא מלח,,,גרעיני חמניה ללא מלח,גרמים,180.00,100 גרם,false,,6.90,3.8333,true,1,13930
7290003143146,false,ממרח תמרים 450 גרם,,,ממרח תמרים 450 גרם,גרמים,450.00,100 גרם,false,,6.90,1.5333,true,1,13942
7290003144419,false,סילאן טבעי קלית גת 7,,,סילאן טבעי קלית גת 7,גרמים,710.00,100 גרם,false,,30.90,4.3521,true,1,13971
7290003145782,false,צנובר טבעי 100 גרם,,,צנובר טבעי 100 גרם,גרמים,100.00,100 גרם,false,,27.90,27.9000,true,1,14003
7290003145959,false,אגוז פקאן טבעי 150 ג,,,אגוז פקאן טבעי 150 ג,גרמים,150.00,100 גרם,false,,21.90,14.6000,true,1,14004
7290003220533,false,רוטב צ'ילי מתוק 700,,,רוטב צ'ילי מתוק 700,מיליליטרים,700.00,"100 מ""ל",false,,12.90,1.8429,true,1,48579
7290003220588,false,ווק רוטב צ'ילי מתוק,,,ווק רוטב צ'ילי מתוק,מיליליטרים,700.00,"100 מ""ל",false,,19.90,2.8429,true,1,377396
7290003220595,false,אורז לסושי 1 ק'ג WOK,,,אורז לסושי 1 ק'ג WOK,קילוגרמים,1.00,"ק""ג",false,,14.90,14.9000,true,1,377397
7290003220649,false,שמן שומשום 100% טהור,,,שמן שומשום 100% טהור,מיליליטרים,150.00,"100 מ""ל",false,,15.90,10.6000,true,1,377400
7290003220717,false,אצות נורי סילוור 10,,,אצות נורי סילוור 10,גרמים,25.00,100 גרם,false,,13.90,55.6000,true,1,377402
7290003220946,false,ווק דפי אורז 300 ג,,,ווק דפי אורז 300 ג,גרמים,300.00,100 גרם,false,,15.90,5.3000,true,1,48584
7290003220977,false,מעדני מלך ירח חצי מצ,,,מעדני מלך ירח חצי מצ,גרמים,175.00,100 גרם,false,,7.90,4.5143,true,1,300181
7290003229109,false,א.מ .פסטרמה בפפריקה,,,א.מ .פסטרמה בפפריקה,גרמים,400.00,100 גרם,false,,31.90,7.9750,true,1,26748
7290003229116,false,א.מ פסטרמה בדבש 400,,,א.מ פסטרמה בדבש 400,גרמים,400.00,100 גרם,false,,31.90,7.9750,true,1,26749
7290003229123,false,א.מ. פסטרמה על גחלים,,,א.מ. פסטרמה על גחלים,גרמים,400.00,100 גרם,false,,31.90,7.9750,true,1,26750
7290003229192,false,א.מ. כתף בקר מעושן 4,,,א.מ. כתף בקר מעושן 4,גרמים,400.00,100 גרם,false,,34.90,8.7250,true,1,26754
7290003268252,false,לחם חיטה מלא ללא גרע,,,לחם חיטה מלא ללא גרע,גרמים,750.00,100 גרם,false,,14.90,1.9867,true,1,5126
7290003321155,false,דנונה קראנצ' ששבי פק,,,דנונה קראנצ' ששבי פק,מיליליטרים,183.00,"100 מ""ל",false,,4.90,2.6776,true,1,24789
7290003332007,false,קפה נחלה סובחי 250ג,,,קפה נחלה סובחי 250ג,גרמים,250.00,100 גרם,false,,15.90,6.3600,true,1,37084
7290003332014,false,קפה נחלה סובחי 500 ג,,,קפה נחלה סובחי 500 ג,גרמים,500.00,100 גרם,false,,30.90,6.1800,true,1,37085
7290003411993,false,גפרורים 10 יחידות,,,גפרורים 10 יחידות,יחידה,0.00,יחידה,false,,3.90,0.0000,true,1,8464
7290003414406,false,הרשי ריזס נטיפי אפיי,,,הרשי ריזס נטיפי אפיי,גרמים,283.00,100 גרם,false,,16.90,5.9717,true,1,14005
7290003423909,false,קוקיז אנד קרים 43 גר,,,קוקיז אנד קרים 43 גר,גרמים,43.00,100 גרם,false,,4.90,11.3953,true,1,13699
7290003427154,false,שמן זית כתית מעולה ז,,,שמן זית כתית מעולה ז,מיליליטרים,750.00,"100 מ""ל",false,,40.90,5.4533,true,1,26079
7290003438006,false,אוליביה ממרח פסטו אי,,,אוליביה ממרח פסטו אי,גרמים,180.00,100 גרם,false,,14.90,8.2778,true,1,4058
7290003438013,false,אוליביה ממרח זיתים א,,,אוליביה ממרח זיתים א,גרמים,190.00,100 גרם,false,,14.90,7.8421,true,1,4059
7290003438020,false,אוליביה ממרח עגבניות,,,אוליביה ממרח עגבניות,גרמים,190.00,100 גרם,false,,14.90,7.8421,true,1,4060
7290003438990,false,עיטורי עגבניות מיובש,,,עיטורי עגבניות מיובש,גרמים,220.00,100 גרם,false,,20.90,9.5000,true,1,4075
7290003444009,false,ריזס שוקולד חלב במיל,,,ריזס שוקולד חלב במיל,גרמים,42.00,100 גרם,false,,3.90,9.2857,true,1,13701
7290003450602,false,חרדל אמיתי צהוב בקבו,,,חרדל אמיתי צהוב בקבו,גרמים,255.00,100 גרם,false,,11.90,4.6667,true,1,29210
7290003525478,false,סלט טונה ויליגר 160,,,סלט טונה ויליגר 160,גרמים,160.00,100 גרם,false,,7.00,4.3750,true,1,18545
7290003525898,false,סלט טונה ויליגר שליש,,,סלט טונה ויליגר שליש,גרמים,480.00,100 גרם,false,,18.90,3.9375,true,1,18548
7290003527380,false,דובדבן ללא חרצן וילי,,,דובדבן ללא חרצן וילי,גרמים,680.00,100 גרם,false,,9.90,1.4559,true,1,18559
7290003550753,false,טונה בהירה בשמן פוסי,,,טונה בהירה בשמן פוסי,גרמים,308.00,100 גרם,false,,23.90,7.7597,true,1,18564
7290003570164,false,מינוט שוארמה פרגית 3,,,מינוט שוארמה פרגית 3,גרמים,300.00,100 גרם,false,,31.90,10.6333,true,1,123499
7290003570171,false,מינוט שניצל 300 גר',,,מינוט שניצל 300 גר',גרמים,300.00,100 גרם,false,,26.90,8.9667,true,1,123500
7290003578078,false,לפתן קוקטיל טרופי פי,,,לפתן קוקטיל טרופי פי,גרמים,850.00,100 גרם,false,,10.90,1.2824,true,1,3562
7290003578672,false,שמן חמניות 1 ליטר,,,שמן חמניות 1 ליטר,ליטרים,1.00,ליטר,false,,15.90,15.9000,true,1,3571
7290003598311,false,מינוט סטייק 300 גר'/,,,מינוט סטייק 300 גר'/,גרמים,300.00,100 גרם,false,,37.90,12.6333,true,1,111928
7290003643004,false,"סוגת אורז בסמטי 1 ק""",,,"סוגת אורז בסמטי 1 ק""",קילוגרמים,1.00,"ק""ג",false,,15.90,15.9000,true,1,19385
7290003643134,false,סוגת סוכר וניל 10 יח,,,סוגת סוכר וניל 10 יח,גרמים,100.00,100 גרם,false,,2.90,2.9000,true,1,19387
7290003643387,false,סוכר לבן בצנצנת סוגת,,,סוכר לבן בצנצנת סוגת,קילוגרמים,1.00,"ק""ג",false,,9.90,9.9000,true,1,19396
7290003643684,false,אפונה יבשה 500 גרם,,,אפונה יבשה 500 גרם,גרמים,500.00,100 גרם,false,,8.90,1.7800,true,1,19398
7290003643714,false,חומוס 500 גרם,,,חומוס 500 גרם,גרמים,500.00,100 גרם,false,,10.90,2.1800,true,1,19400
7290003643745,false,כוסמת 500 גרם,,,כוסמת 500 גרם,גרמים,500.00,100 גרם,false,,7.90,1.5800,true,1,19402
7290003643752,false,עדשים ירוקות 500 גרם,,,עדשים ירוקות 500 גרם,גרמים,500.00,100 גרם,false,,10.90,2.1800,true,1,19403
7290003643769,false,עדשים אדומות 500 גרם,,,עדשים אדומות 500 גרם,גרמים,500.00,100 גרם,false,,10.90,2.1800,true,1,19404
7290003643776,false,סוגת פופקורן 500 גרם,,,סוגת פופקורן 500 גרם,גרמים,500.00,100 גרם,false,,5.90,1.1800,true,1,19405
7290003643806,false,שעועית לבנה 500 גרם,,,שעועית לבנה 500 גרם,גרמים,500.00,100 גרם,false,,12.90,2.5800,true,1,19407
7290003643813,false,שעועית אדומה 500 גרם,,,שעועית אדומה 500 גרם,גרמים,500.00,100 גרם,false,,12.90,2.5800,true,1,19408
7290003681334,false,קוקוס 400 גר. בדצ,,,קוקוס 400 גר. בדצ,גרמים,400.00,100 גרם,false,,13.90,3.4750,true,1,52650
7290003681365,false,70 סוכריות קישוט לעו,,,70 סוכריות קישוט לעו,גרמים,70.00,100 גרם,false,,5.90,8.4286,true,1,52652
7290003706167,false,בצל ירוק ארוז,,,בצל ירוק ארוז,יח',1.00,יח',false,,5.90,5.9000,true,1,78253
7290003718610,false,במיה מוקפאת בלדי 400,,,במיה מוקפאת בלדי 400,גרמים,400.00,100 גרם,false,,12.90,3.2250,true,1,476249
7290003718627,false,פול ירוק בלדי 400 גר,,,פול ירוק בלדי 400 גר,גרמים,400.00,100 גרם,false,,12.90,3.2250,true,1,476281
7290003726141,false,טופו משק גאיה  300ג,,,טופו משק גאיה  300ג,גרמים,300.00,100 גרם,false,,14.90,4.9667,true,1,15453
7290003726615,false,טופו ויילר 300 גרם.,,,טופו ויילר 300 גרם.,גרמים,300.00,100 גרם,false,,13.90,4.6333,true,1,142272
7290003726776,false,שניצל טופו בטעם עוף,,,שניצל טופו בטעם עוף,גרמים,420.00,100 גרם,false,,29.90,7.1190,true,1,472742
7290003781652,false,צלפים במלח ויליפוד 3,,,צלפים במלח ויליפוד 3,גרמים,350.00,100 גרם,false,,9.90,2.8286,true,1,3576
7290003805587,false,פתית חיטה מלאה בד'ץ,,,פתית חיטה מלאה בד'ץ,גרמים,250.00,100 גרם,false,,18.90,7.5600,true,1,11439
7290003807178,false,רוטב סויה בסגנון סינ,,,רוטב סויה בסגנון סינ,מיליליטרים,300.00,"100 מ""ל",false,,14.90,4.9667,true,1,11468
7290003807482,false,"רוטב טריאקי 300 מ""ל",,,"רוטב טריאקי 300 מ""ל",מיליליטרים,300.00,"100 מ""ל",false,,14.90,4.9667,true,1,11473
7290003882922,false,עלי גפן ממולאים באור,,,עלי גפן ממולאים באור,גרמים,360.00,100 גרם,false,,9.90,2.7500,true,1,3586
7290003976614,false,ג'ל אקונומיקה סמיכה,,,ג'ל אקונומיקה סמיכה,ליטרים,4.00,ליטר,false,,14.90,3.7250,true,1,254968
7290003989096,false,אחלה חציל פיקנטי 500,,,אחלה חציל פיקנטי 500,גרמים,500.00,100 גרם,false,,16.90,3.3800,true,1,24791
7290003989539,false,EAT GOOD רביולי גבינ,,,EAT GOOD רביולי גבינ,גרמים,400.00,100 גרם,false,,22.90,5.7250,true,1,24792
7290003989553,false,שטראוס טורטליני פטרי,,,שטראוס טורטליני פטרי,גרמים,400.00,100 גרם,false,,22.90,5.7250,true,1,24793
7290004011284,false,ריצ בסיס להכנת קצפת,,,ריצ בסיס להכנת קצפת,מיליליטרים,212.00,"100 מ""ל",false,,9.90,4.6698,true,1,18572
7290004011338,false,ריצ קצפת במיכל 250מל,,,ריצ קצפת במיכל 250מל,מיליליטרים,250.00,"100 מ""ל",false,,12.90,5.1600,true,1,18574
7290004011796,false,אל גאוצו קבבונים 400,,,אל גאוצו קבבונים 400,גרמים,400.00,100 גרם,false,,24.90,6.2250,true,1,18582
7290004011819,false,אל גאוצו המבורגר ריב,,,אל גאוצו המבורגר ריב,גרמים,360.00,100 גרם,false,,24.90,6.9167,true,1,18584
7290004026776,false,לחם מחמצת אגוזים וצי,,,לחם מחמצת אגוזים וצי,גרמים,530.00,100 גרם,false,,18.90,3.5660,true,1,216386
7290004030018,false,מיץ לימון סחוט פרי פ,,,מיץ לימון סחוט פרי פ,מיליליטרים,500.00,"100 מ""ל",false,,7.90,1.5800,true,1,42834
7290004030223,false,פרי ניב מיץ תפוח סחו,,,פרי ניב מיץ תפוח סחו,יחידה,0.00,יחידה,false,,20.60,0.0000,true,1,42840
7290004030445,false,פרי ניב תפוז סחוט 1ל,,,פרי ניב תפוז סחוט 1ל,ליטרים,1.00,ליטר,false,,15.90,15.9000,true,1,42852
7290004030544,false,לימונדה לואיזה ולמון,,,לימונדה לואיזה ולמון,יחידה,0.00,יחידה,false,,15.90,0.0000,true,1,42853
7290004030612,false,פרי ניב מיץ קיוי אגס,,,פרי ניב מיץ קיוי אגס,ליטרים,1.00,ליטר,false,,16.10,16.1000,true,1,42856
7290004030834,false,מיץ סחוט רימונים 100,,,מיץ סחוט רימונים 100,ליטרים,1.00,ליטר,false,,25.30,25.3000,true,1,42866
7290004063016,false,"מלח שולחן סלית 1 ק""ג",,,"מלח שולחן סלית 1 ק""ג",קילוגרמים,1.00,"ק""ג",false,,2.07,2.0700,true,1,16357
7290004063115,false,מלח מטבח גס לבישול כ,,,מלח מטבח גס לבישול כ,קילוגרמים,1.00,"ק""ג",false,,2.07,2.0700,true,1,16358
7290004064303,false,מלח אטלנטי בצנצנת הא,,,מלח אטלנטי בצנצנת הא,גרמים,800.00,100 גרם,false,,20.90,2.6125,true,1,142385
7290004064310,false,מלח פלוס בצל מלחייה,,,מלח פלוס בצל מלחייה,גרמים,175.00,100 גרם,false,,11.90,6.8000,true,1,324213
7290004064389,false,מלח הימלאיה דק מלחיי,,,מלח הימלאיה דק מלחיי,גרמים,250.00,100 גרם,false,,11.90,4.7600,true,1,288499
7290004068011,false,גד יוגורט כבשים 5% 6,,,גד יוגורט כבשים 5% 6,מיליליטרים,600.00,"100 מ""ל",false,,19.90,3.3167,true,1,15454
7290004068028,false,גד משקה צזיקי 2% 500,,,גד משקה צזיקי 2% 500,מיליליטרים,500.00,"100 מ""ל",false,,10.90,2.1800,true,1,15455
7290004068035,false,גד משקה איירן בסגנון,,,גד משקה איירן בסגנון,גרמים,500.00,100 גרם,false,,9.90,1.9800,true,1,15456
7290004068172,false,גד יוגורט עיזים 5% 6,,,גד יוגורט עיזים 5% 6,מיליליטרים,600.00,"100 מ""ל",false,,18.90,3.1500,true,1,15457
7290004078270,false,פלמוליב לכלים לימון-,,,פלמוליב לכלים לימון-,יחידה,0.00,יחידה,false,,14.90,0.0000,true,1,23480
7290004078942,false,דיאודורנט ג'ל מרענן,,,דיאודורנט ג'ל מרענן,גרמים,65.00,100 גרם,false,,18.90,29.0769,true,1,23483
7290004091248,false,וזלין אינטנסיב קאר פ,,,וזלין אינטנסיב קאר פ,מיליליטרים,106.00,"100 מ""ל",false,,16.90,15.9434,true,1,11475
7290004119225,false,יופלה אננס 3% 150מל,,,יופלה אננס 3% 150מל,גרמים,150.00,100 גרם,false,,5.50,3.6667,true,1,27414
7290004119928,false,קרלו וניל 3% 125מל,,,קרלו וניל 3% 125מל,מיליליטרים,125.00,"100 מ""ל",false,,3.50,2.8000,true,1,27419
7290004119973,false,קרלו שוקולדה 3% 125מ,,,קרלו שוקולדה 3% 125מ,מיליליטרים,125.00,"100 מ""ל",false,,3.50,2.8000,true,1,27420
7290004120061,false,קרלו שוניל 3% 125מל,,,קרלו שוניל 3% 125מל,מיליליטרים,125.00,"100 מ""ל",false,,3.50,2.8000,true,1,27421
7290004120108,false,יופלה דיאט דובדבן 0%,,,יופלה דיאט דובדבן 0%,מיליליטרים,150.00,"100 מ""ל",false,,5.50,3.6667,true,1,27424
7290004120566,false,פיראוס בולגרית 24% 2,,,פיראוס בולגרית 24% 2,גרמים,250.00,100 גרם,false,,26.90,10.7600,true,1,27442
7290004120634,false,פיראוס בולגרית 5% 25,,,פיראוס בולגרית 5% 25,גרמים,250.00,100 גרם,false,,26.90,10.7600,true,1,27444
7290004121488,false,יופלה דיאט אפרסק 0%,,,יופלה דיאט אפרסק 0%,מיליליטרים,150.00,"100 מ""ל",false,,5.50,3.6667,true,1,27451
7290004121839,false,פיראוס פטה כבשים 20%,,,פיראוס פטה כבשים 20%,גרמים,250.00,100 גרם,false,,32.90,13.1600,true,1,27457
7290004122119,false,שף לבן פתיתי פרמזן ל,,,שף לבן פתיתי פרמזן ל,גרמים,100.00,100 גרם,false,,14.90,14.9000,true,1,27462
7290004122195,false,גוש חלב פרוס 28% 200,,,גוש חלב פרוס 28% 200,גרמים,200.00,100 גרם,false,,14.90,7.4500,true,1,27463
7290004122270,false,עמק פרוס סגירה חוזרת,,,עמק פרוס סגירה חוזרת,גרמים,200.00,100 גרם,false,,16.90,8.4500,true,1,27464
7290004122348,false,עמק לייט 9% 200ג,,,עמק לייט 9% 200ג,גרמים,200.00,100 גרם,false,,17.90,8.9500,true,1,27466
7290004122676,false,פיראוס חמד לייט 5% 2,,,פיראוס חמד לייט 5% 2,גרמים,250.00,100 גרם,false,,19.90,7.9600,true,1,27470
7290004122683,false,עמק אצבעות 172ג,,,עמק אצבעות 172ג,גרמים,172.00,100 גרם,false,,17.90,10.4070,true,1,27471
7290004124205,false,יופלה דיאט תות 0% 15,,,יופלה דיאט תות 0% 15,מיליליטרים,150.00,"100 מ""ל",false,,5.50,3.6667,true,1,27486
7290004124847,false,שף לבן קצפת צמחית 24,,,שף לבן קצפת צמחית 24,מיליליטרים,500.00,"100 מ""ל",false,,17.90,3.5800,true,1,27493
7290004125370,false,תנובה שמנת מופחתת 9%,,,תנובה שמנת מופחתת 9%,מיליליטרים,200.00,"100 מ""ל",false,,3.90,1.9500,true,1,27497
7290004125400,false,"אשל 4.5% בד""צ מהדרין",,,"אשל 4.5% בד""צ מהדרין",מיליליטרים,200.00,"100 מ""ל",false,,1.69,0.8450,true,1,27498
7290004125417,false,"גיל 3% בד""צ מהדרין",,,"גיל 3% בד""צ מהדרין",מיליליטרים,200.00,"100 מ""ל",false,,1.51,0.7550,true,1,27499
7290004125455,false,תנובה שמנת אורגינל מ,,,תנובה שמנת אורגינל מ,מיליליטרים,200.00,"100 מ""ל",false,,2.40,1.2000,true,1,27500
7290004125462,false,תנובה שמנת חמוצה 15%,,,תנובה שמנת חמוצה 15%,מיליליטרים,500.00,"100 מ""ל",false,,6.00,1.2000,true,1,27501
7290004125509,false,תנובה שמנת חצי מנה 1,,,תנובה שמנת חצי מנה 1,מיליליטרים,100.00,"100 מ""ל",false,,1.90,1.9000,true,1,27502
7290004125578,false,משקה סויה תנובה מועש,,,משקה סויה תנובה מועש,ליטרים,1.00,ליטר,false,,12.90,12.9000,true,1,27503
7290004125585,false,סויה תנובה משקה סויה,,,סויה תנובה משקה סויה,ליטרים,1.00,ליטר,false,,12.90,12.9000,true,1,27504
7290004125721,false,שף לבן שמנת לבישול 1,,,שף לבן שמנת לבישול 1,מיליליטרים,250.00,"100 מ""ל",false,,8.90,3.5600,true,1,27507
7290004125738,false,שף לבן שמנת להקצפה 3,,,שף לבן שמנת להקצפה 3,מיליליטרים,250.00,"100 מ""ל",false,,6.90,2.7600,true,1,27508
7290004125776,false,עמק גבינה קשה פרוסה,,,עמק גבינה קשה פרוסה,גרמים,400.00,100 גרם,false,,31.90,7.9750,true,1,27511
7290004126674,false,עמק טל לייט 9% 200ג,,,עמק טל לייט 9% 200ג,גרמים,200.00,100 גרם,false,,19.90,9.9500,true,1,27519
7290004126872,false,משקאות חלב תנובה שוק,,,משקאות חלב תנובה שוק,מיליליטרים,250.00,"100 מ""ל",false,,5.90,2.3600,true,1,27521
7290004127329,false,קוטג' 5% תנובה מהדרי,,,קוטג' 5% תנובה מהדרי,גרמים,250.00,100 גרם,false,,5.80,2.3200,true,1,27524
7290004127336,false,קוטג' תנובה מהדרין 9,,,קוטג' תנובה מהדרין 9,גרמים,250.00,100 גרם,false,,5.80,2.3200,true,1,27525
7290004127800,false,תנובה גבינה לבנה 5%,,,תנובה גבינה לבנה 5%,גרמים,500.00,100 גרם,false,,9.96,1.9920,true,1,27529
7290004127817,false,תנובה גבינה לבנה 9%,,,תנובה גבינה לבנה 9%,גרמים,500.00,100 גרם,false,,9.70,1.9400,true,1,27530
7290004127862,false,תנובה גבינה למריחה מ,,,תנובה גבינה למריחה מ,גרמים,750.00,100 גרם,false,,14.90,1.9867,true,1,27531
7290004128333,false,פיראוס לאבנה גביע %9,,,פיראוס לאבנה גביע %9,גרמים,500.00,100 גרם,false,,22.90,4.5800,true,1,27541
7290004129101,false,נפוליאון בטעם טבעי 2,,,נפוליאון בטעם טבעי 2,גרמים,225.00,100 גרם,false,,15.90,7.0667,true,1,27547
7290004129156,false,נפוליאון שום שמיר 25,,,נפוליאון שום שמיר 25,גרמים,225.00,100 גרם,false,,15.90,7.0667,true,1,27549
7290004129767,false,יופלה לבן מאגדת 3% 8,,,יופלה לבן מאגדת 3% 8,קילוגרמים,1.20,"ק""ג",false,,18.90,15.7500,true,1,27553
7290004130794,false,סויה תנובה טבעי במתי,,,סויה תנובה טבעי במתי,ליטרים,1.00,ליטר,false,,11.90,11.9000,true,1,27560
7290004131074,false,חלב תנובה הומוגני מה,,,חלב תנובה הומוגני מה,ליטרים,1.00,ליטר,false,,6.23,6.2300,true,1,27567
7290004131531,false,משקה חלב תנובה שוקו,,,משקה חלב תנובה שוקו,ליטרים,1.00,ליטר,false,,13.90,13.9000,true,1,27579
7290004131814,false,פיראוס צפתית מעודנת,,,פיראוס צפתית מעודנת,גרמים,200.00,100 גרם,false,,16.90,8.4500,true,1,27585
7290004132552,false,סויה תנובה לייט בטעם,,,סויה תנובה לייט בטעם,ליטרים,1.00,ליטר,false,,11.90,11.9000,true,1,27594
7290004132712,false,עמק אצבעות מוצרלה 20,,,עמק אצבעות מוצרלה 20,גרמים,174.00,100 גרם,false,,17.90,10.2874,true,1,27598
7290004133511,false,יופלה לבן מעודן 1.5%,,,יופלה לבן מעודן 1.5%,ליטרים,1.20,ליטר,false,,22.90,19.0833,true,1,27611
7290004135058,false,קרלו מהדרין מיני שוק,,,קרלו מהדרין מיני שוק,מיליליטרים,800.00,"100 מ""ל",false,,14.90,1.8625,true,1,27630
7290004136154,false,משקאות חלב תנובה איי,,,משקאות חלב תנובה איי,מיליליטרים,340.00,"100 מ""ל",false,,7.90,2.3235,true,1,27653
7290004136598,false,מארז הפסקת אוכל חלב,,,מארז הפסקת אוכל חלב,גרמים,150.00,100 גרם,false,,9.90,6.6000,true,1,27661
7290004136857,false,ג'לי תנובה פטל 125מל,,,ג'לי תנובה פטל 125מל,מיליליטרים,125.00,"100 מ""ל",false,,2.90,2.3200,true,1,27663
7290004136864,false,ג'לי תנובה אננס עם ח,,,ג'לי תנובה אננס עם ח,מיליליטרים,125.00,"100 מ""ל",false,,2.90,2.3200,true,1,27664
7290004136871,false,ג'לי תנובה אפרסק עם,,,ג'לי תנובה אפרסק עם,מיליליטרים,125.00,"100 מ""ל",false,,2.90,2.3200,true,1,27665
7290004137021,false,שף לבן שמנת לבישול 1,,,שף לבן שמנת לבישול 1,מיליליטרים,250.00,"100 מ""ל",false,,8.90,3.5600,true,1,27667
7290004137311,false,עמק לייט משפחתית 9%,,,עמק לייט משפחתית 9%,גרמים,400.00,100 גרם,false,,32.90,8.2250,true,1,27670
7290004199074,false,סאני פלסטר אינטרסן 5,,,סאני פלסטר אינטרסן 5,100 יח',50.00,100 יח',false,,7.90,15.8000,true,1,892
7290004199791,false,כפפות לאטקס סייף טאצ,,,כפפות לאטקס סייף טאצ,יחידה,0.00,יחידה,false,,24.90,0.0000,true,1,232703
7290004200244,false,פרסים רמה 3,,,פרסים רמה 3,יחידה,0.00,יחידה,false,,9.50,0.0000,true,1,35109
7290004219826,false,קומפלטה מלבין קפה הו,,,קומפלטה מלבין קפה הו,גרמים,400.00,100 גרם,false,,22.90,5.7250,true,1,3591
7290004225285,false,סגנון דנאבלו 100 גרם,,,סגנון דנאבלו 100 גרם,גרמים,100.00,100 גרם,false,,12.90,12.9000,true,1,18590
7290004230081,false,שגב קציצות עוף ברוטב,,,שגב קציצות עוף ברוטב,גרמים,800.00,100 גרם,false,,32.90,4.1125,true,1,18604
7290004230333,false,שגב מקלות בורקס פילו,,,שגב מקלות בורקס פילו,גרמים,600.00,100 גרם,false,,21.90,3.6500,true,1,68127
7290004230364,false,שגב מקלות בורקס פילו,,,שגב מקלות בורקס פילו,גרמים,600.00,100 גרם,false,,21.90,3.6500,true,1,18621
7290004230944,false,מקלות בורקס פילו גבי,,,מקלות בורקס פילו גבי,גרמים,600.00,100 גרם,false,,21.90,3.6500,true,1,118644
7290004324605,false,מון בלאן רוקפור 7% 1,,,מון בלאן רוקפור 7% 1,גרמים,120.00,100 גרם,false,,13.90,11.5833,true,1,18643
7290004324858,false,קבב כבש 500 גרם,,,קבב כבש 500 גרם,גרמים,500.00,100 גרם,false,,24.90,4.9800,true,1,18644
7290004537241,false,אפונת גינה קפואה 800,,,אפונת גינה קפואה 800,גרמים,800.00,100 גרם,false,,14.90,1.8625,true,1,105764
7290004537258,false,אפונה וגזר 800 גר שד,,,אפונה וגזר 800 גר שד,גרמים,800.00,100 גרם,false,,14.90,1.8625,true,1,105262
7290004537272,false,פול קפוא 800גר שדה ב,,,פול קפוא 800גר שדה ב,גרמים,800.00,100 גרם,false,,19.90,2.4875,true,1,105264
7290004584306,false,גמדים תות בננה 4*100,,,גמדים תות בננה 4*100,מיליליטרים,400.00,"100 מ""ל",false,,12.90,3.2250,true,1,24794
7290004584351,false,סימפוניה חמישית 200ג,,,סימפוניה חמישית 200ג,גרמים,200.00,100 גרם,false,,12.90,6.4500,true,1,24795
7290004584528,false,דנונה יוגורט טבעי 1.,,,דנונה יוגורט טבעי 1.,מיליליטרים,200.00,"100 מ""ל",false,,3.90,1.9500,true,1,24796
7290004585907,false,דני וניל מהדרין 130מ,,,דני וניל מהדרין 130מ,מיליליטרים,130.00,"100 מ""ל",false,,2.90,2.2308,true,1,24797
7290004603175,false,מלח ים האדום גס הארץ,,,מלח ים האדום גס הארץ,גרמים,500.00,100 גרם,false,,8.90,1.7800,true,1,26100
7290004731076,false,אלסבון אלוורה כיף 1,,,אלסבון אלוורה כיף 1,ליטרים,1.00,ליטר,false,,14.90,14.9000,true,1,32043
7290004731083,false,אלסבון ג'נסנג כיף 1,,,אלסבון ג'נסנג כיף 1,ליטרים,1.00,ליטר,false,,14.90,14.9000,true,1,32044
7290004731472,false,שלישיית אלסבון צבעונ,,,שלישיית אלסבון צבעונ,ליטרים,1.50,ליטר,false,,20.90,13.9333,true,1,32051
7290004731670,false,דואופרש פצ'ולי לבנדר,,,דואופרש פצ'ולי לבנדר,מיליליטרים,300.00,"100 מ""ל",false,,12.90,4.3000,true,1,32056
7290004872250,false,אבטיח שרבט,,,אבטיח שרבט,גרמים,540.00,100 גרם,false,,6.90,1.2778,true,1,17012
7290005040993,false,ערמונים קלויים קלופי,,,ערמונים קלויים קלופי,יח',1.00,יח',false,,5.90,5.9000,true,1,55723
7290005084355,false,משחת שיניים דואל קר,,,משחת שיניים דואל קר,מיליליטרים,75.00,"100 מ""ל",false,,22.70,30.2667,true,1,4444
7290005174513,false,חציל במיונז אחלה 500,,,חציל במיונז אחלה 500,גרמים,500.00,100 גרם,false,,17.90,3.5800,true,1,24798
7290005174551,false,אחלה חומוס 125ג,,,אחלה חומוס 125ג,גרמים,125.00,100 גרם,false,,5.90,4.7200,true,1,24799
7290005174575,false,אחלה טחינה 125גר,,,אחלה טחינה 125גר,גרמים,125.00,100 גרם,false,,5.90,4.7200,true,1,24801
7290005197758,false,חיוכים של שוקו,,,חיוכים של שוקו,גרמים,150.00,100 גרם,false,,6.50,4.3333,true,1,24084
7290005199738,false,מאסט ריח פה נעים 28ג,,,מאסט ריח פה נעים 28ג,גרמים,28.00,100 גרם,false,,4.90,17.5000,true,1,24092
7290005200786,false,תפוציפס שמנת ובצל 50,,,תפוציפס שמנת ובצל 50,גרמים,50.00,100 גרם,false,,4.90,9.8000,true,1,25336
7290005201882,false,טורקי עלית 200 גר',,,טורקי עלית 200 גר',גרמים,200.00,100 גרם,false,,18.90,9.4500,true,1,24096
7290005287206,false,טונה בשמן סטארקיסט ר,,,טונה בשמן סטארקיסט ר,גרמים,640.00,100 גרם,false,,26.90,4.2031,true,1,28439
7290005287213,false,טונה בשמן סטארקיסט ב,,,טונה בשמן סטארקיסט ב,גרמים,640.00,100 גרם,false,,26.90,4.2031,true,1,28440
7290005287251,false,טונה במים סטארקיסט ר,,,טונה במים סטארקיסט ר,גרמים,640.00,100 גרם,false,,26.90,4.2031,true,1,28442
7290005326523,false,אוליביה ממרח פסטו פט,,,אוליביה ממרח פסטו פט,גרמים,180.00,100 גרם,false,,14.90,8.2778,true,1,114345
7290005403965,false,פולי סויה 800 גר' שד,,,פולי סויה 800 גר' שד,גרמים,800.00,100 גרם,false,,16.90,2.1125,true,1,113486
7290005403972,false,תחתיות ארטישוק 400 ג,,,תחתיות ארטישוק 400 ג,גרמים,400.00,100 גרם,false,,17.90,4.4750,true,1,111085
7290005403989,false,במיה קפואה 600 גרם ש,,,במיה קפואה 600 גרם ש,גרמים,600.00,100 גרם,false,,13.90,2.3167,true,1,110257
7290005423567,false,סנו סושי מטלית לכל 3,,,סנו סושי מטלית לכל 3,יחידה,0.00,יחידה,false,,22.90,0.0000,true,1,32084
7290005423635,false,נוזל לניקוי רצפות דו,,,נוזל לניקוי רצפות דו,ליטרים,2.00,ליטר,false,,25.90,12.9500,true,1,32085
7290005423833,false,סנו פוליויקס פרקט 2,,,סנו פוליויקס פרקט 2,ליטרים,2.00,ליטר,false,,24.90,12.4500,true,1,32087
7290005423918,false,מרכך כביסה סנו מקסימ,,,מרכך כביסה סנו מקסימ,ליטרים,4.00,ליטר,false,,24.90,6.2250,true,1,32090
7290005424847,false,סנו סופט מפיות 30*30,,,סנו סופט מפיות 30*30,יחידה,0.00,יחידה,false,,8.90,0.0000,true,1,32104
7290005425196,false,אבקת כביסה סנו מקסימ,,,אבקת כביסה סנו מקסימ,קילוגרמים,2.50,"ק""ג",false,,28.90,11.5600,true,1,32111
7290005425646,false,סנוקליר נוזל רב תכלי,,,סנוקליר נוזל רב תכלי,יחידה,0.00,יחידה,false,,12.90,0.0000,true,1,32119
7290005426230,false,סנו סושי מטלית הפלא,,,סנו סושי מטלית הפלא,יחידה,0.00,יחידה,false,,13.90,0.0000,true,1,32130
7290005426940,false,סנו 300 K פלוס 8,,,סנו 300 K פלוס 8,מיליליטרים,400.00,"100 מ""ל",false,,22.90,5.7250,true,1,32144
7290005426964,false,סנובון כחול שלישיה ב,,,סנובון כחול שלישיה ב,גרמים,165.00,100 גרם,false,,18.90,11.4545,true,1,32145
7290005428845,false,סנו סופט מפיות 33*33,,,סנו סופט מפיות 33*33,יחידה,0.00,יחידה,false,,8.90,0.0000,true,1,32180
7290005430602,false,סנו אוקסיג'ן מסיר כת,,,סנו אוקסיג'ן מסיר כת,מיליליטרים,750.00,"100 מ""ל",false,,20.90,2.7867,true,1,32192
7290005430671,false,סנו פוליווקס קרמיקה,,,סנו פוליווקס קרמיקה,ליטרים,2.00,ליטר,false,,26.00,13.0000,true,1,32197
7290005431883,false,עדן מלבי חלבי 165 גר,,,עדן מלבי חלבי 165 גר,גרמים,165.00,100 גרם,false,,7.90,4.7879,true,1,205583
7290005431906,false,עדן קדאיף 82 גרם,,,עדן קדאיף 82 גרם,גרמים,82.00,100 גרם,false,,7.90,9.6341,true,1,205585
7290005559587,false,מאפה נקניקיות 800גר,,,מאפה נקניקיות 800גר,גרמים,800.00,100 גרם,false,,34.90,4.3625,true,1,69815
7290005559709,false,בורקס פיצה 700 גרם,,,בורקס פיצה 700 גרם,גרמים,700.00,100 גרם,false,,30.90,4.4143,true,1,38990
7290005559907,false,פיצה משפחתית גבינה 5,,,פיצה משפחתית גבינה 5,גרמים,500.00,100 גרם,false,,25.90,5.1800,true,1,38993
7290005559914,false,פיצה משפחתית זיתים 5,,,פיצה משפחתית זיתים 5,גרמים,550.00,100 גרם,false,,28.90,5.2545,true,1,38994
7290005559990,false,בצק פילאס תורכי מעדנ,,,בצק פילאס תורכי מעדנ,גרמים,600.00,100 גרם,false,,29.90,4.9833,true,1,38999
7290005591761,false,דבש טהור מפרחי בר בל,,,דבש טהור מפרחי בר בל,גרמים,400.00,100 גרם,false,,27.90,6.9750,true,1,24097
7290005610011,false,תפו`א אדום דוד משה,,,תפו`א אדום דוד משה,קילוגרמים,1.00,"ק""ג",true,,6.90,6.9000,true,1,138409
7290005610127,false,תפו`א גורמה  לבן דוד,,,תפו`א גורמה  לבן דוד,קילוגרמים,1.00,"ק""ג",true,,8.90,8.9000,true,1,55179
7290005610196,false,תפו`א בייבי גורמה,,,תפו`א בייבי גורמה,קילוגרמים,1.00,"ק""ג",true,,6.90,6.9000,true,1,141642
7290005838002,false,דניאלה מעדן גבינה 15,,,דניאלה מעדן גבינה 15,מיליליטרים,150.00,"100 מ""ל",false,,4.50,3.0000,true,1,24803
7290005838613,false,גבינה וניל 3% סקי 12,,,גבינה וניל 3% סקי 12,גרמים,125.00,100 גרם,false,,3.90,3.1200,true,1,24804
7290005838972,false,גבינת יום יום 5% סקי,,,גבינת יום יום 5% סקי,גרמים,125.00,100 גרם,false,,3.50,2.8000,true,1,24805
7290005839078,false,דנונה ביו מארז חסכון,,,דנונה ביו מארז חסכון,קילוגרמים,1.20,"ק""ג",false,,17.90,14.9167,true,1,24806
7290005839108,false,סימפוניה עם זיתים 5%,,,סימפוניה עם זיתים 5%,גרמים,200.00,100 גרם,false,,12.90,6.4500,true,1,24807
7290005839313,false,מילקי טופ מגולגלת 14,,,מילקי טופ מגולגלת 14,מיליליטרים,142.00,"100 מ""ל",false,,5.00,3.5211,true,1,24808
7290005896453,false,בירה מכבי 7.9 בקבוק,,,בירה מכבי 7.9 בקבוק,מיליליטרים,500.00,"100 מ""ל",false,,8.90,1.7800,true,1,118075
7290005901409,false,"""טעים טעים"" נקניקיות",,,"""טעים טעים"" נקניקיות",גרמים,500.00,100 גרם,false,,30.90,6.1800,true,1,139520
7290005938245,false,פרסקו ממרח מצונן פסט,,,פרסקו ממרח מצונן פסט,גרמים,220.00,100 גרם,false,,20.90,9.5000,true,1,18651
7290005992018,false,גד יוגורט עיזים 3% 5,,,גד יוגורט עיזים 3% 5,מיליליטרים,500.00,"100 מ""ל",false,,13.90,2.7800,true,1,15461
7290005992575,false,גד בולגרית למריחה 5%,,,גד בולגרית למריחה 5%,גרמים,250.00,100 גרם,false,,18.90,7.5600,true,1,15464
7290005992735,false,גד לאבנה 5% 250ג,,,גד לאבנה 5% 250ג,גרמים,250.00,100 גרם,false,,13.90,5.5600,true,1,15466
7290005996078,false,סלמי סרוולט הונגרי 1,,,סלמי סרוולט הונגרי 1,גרמים,125.00,100 גרם,false,,31.90,25.5200,true,1,221917
7290005996276,false,פסטרמה ברביקיו דק דק,,,פסטרמה ברביקיו דק דק,גרמים,120.00,100 גרם,false,,14.90,12.4167,true,1,236906
7290006065018,false,אמנון 7-9 80% דג קפו,,,אמנון 7-9 80% דג קפו,קילוגרמים,1.00,"ק""ג",true,,34.90,34.9000,true,1,440815
7290006065049,false,פילה באס יפני 7-9 20,,,פילה באס יפני 7-9 20,קילוגרמים,1.00,"ק""ג",true,,41.90,41.9000,true,1,331672
7290006185501,false,אל סבון נוזלי ורוד פ,,,אל סבון נוזלי ורוד פ,יחידה,0.00,יחידה,false,,10.90,0.0000,true,1,20428
7290006185518,false,אל סבון נוזלי כחול פ,,,אל סבון נוזלי כחול פ,יחידה,0.00,יחידה,false,,10.90,0.0000,true,1,20429
7290006199942,false,פופסיקל בטעם דובדבן,,,פופסיקל בטעם דובדבן,גרמים,640.00,100 גרם,false,,29.90,4.6719,true,1,226947
7290006229427,false,"סאן בנדטו 6*500 מ""ל",,,"סאן בנדטו 6*500 מ""ל",ליטרים,3.00,ליטר,false,,13.90,4.6333,true,1,10250
7290006229588,false,איגל בירה פחית זהב 5,,,איגל בירה פחית זהב 5,מיליליטרים,500.00,"100 מ""ל",false,,6.90,1.3800,true,1,123645
7290006251107,false,תה מסאלה ויסוצקי 2/2,,,תה מסאלה ויסוצקי 2/2,גרמים,50.00,100 גרם,false,,21.90,43.8000,true,1,26101
7290006251275,false,תה ירוק סיני,,,תה ירוק סיני,גרמים,37.50,100 גרם,false,,26.90,71.7333,true,1,26103
7290006251343,false,תה חליטה הגן הקסום פ,,,תה חליטה הגן הקסום פ,גרמים,62.50,100 גרם,false,,19.90,31.8400,true,1,26105
7290006251374,false,תה ירוק לימונית וג'י,,,תה ירוק לימונית וג'י,גרמים,25.00,100 גרם,false,,26.90,107.6000,true,1,26106
7290006251589,false,תה ירוק עם עלי נענע,,,תה ירוק עם עלי נענע,גרמים,75.00,100 גרם,false,,49.50,66.0000,true,1,26107
7290006265548,false,נבטים סינים,,,נבטים סינים,יח',1.00,יח',false,,7.90,7.9000,true,1,55753
7290006265890,false,נבטי חמניה יח,,,נבטי חמניה יח,יח',1.00,יח',false,,8.90,8.9000,true,1,55754
7290006271174,false,גחנון לאפיה בתנור מע,,,גחנון לאפיה בתנור מע,גרמים,700.00,100 גרם,false,,21.90,3.1286,true,1,39000
7290006271181,false,מעדנות גחנון אפוי 75,,,מעדנות גחנון אפוי 75,גרמים,750.00,100 גרם,false,,30.90,4.1200,true,1,39001
7290006271655,false,מיני בורקס גבינה 800,,,מיני בורקס גבינה 800,גרמים,800.00,100 גרם,false,,28.90,3.6125,true,1,119826
7290006272072,false,חטיפי פיצה מעדנות 65,,,חטיפי פיצה מעדנות 65,גרמים,650.00,100 גרם,false,,38.90,5.9846,true,1,119828
7290006272430,false,בצק עלים חמאה 600 גר,,,בצק עלים חמאה 600 גר,גרמים,600.00,100 גרם,false,,33.90,5.6500,true,1,39011
7290006306302,false,פסטה נונה ריביולי פר,,,פסטה נונה ריביולי פר,גרמים,400.00,100 גרם,false,,27.90,6.9750,true,1,27715
7290006306319,false,פסטה נונה פסטה נונה,,,פסטה נונה פסטה נונה,גרמים,400.00,100 גרם,false,,27.90,6.9750,true,1,27716
7290006306326,false,פסטה נונה ריביולי פט,,,פסטה נונה ריביולי פט,גרמים,400.00,100 גרם,false,,27.90,6.9750,true,1,27717
7290006306357,false,פסטה נונה ריביולי גב,,,פסטה נונה ריביולי גב,גרמים,400.00,100 גרם,false,,28.90,7.2250,true,1,27720
7290006374738,false,קונפיטורת תות יד מור,,,קונפיטורת תות יד מור,גרמים,340.00,100 גרם,false,,14.90,4.3824,true,1,24104
7290006449955,false,מלפפון בייבי,,,מלפפון בייבי,יח',1.00,יח',false,,9.90,9.9000,true,1,329595
7290006492432,false,גד בייבי מוצרלה 150ג,,,גד בייבי מוצרלה 150ג,גרמים,170.00,100 גרם,false,,15.90,9.3529,true,1,15467
7290006492616,false,גד בולגרית פרוסות 5%,,,גד בולגרית פרוסות 5%,גרמים,250.00,100 גרם,false,,29.90,11.9600,true,1,15469
7290006492630,false,גד גבינת גליל גד עזי,,,גד גבינת גליל גד עזי,גרמים,180.00,100 גרם,false,,23.90,13.2778,true,1,15470
7290006492685,false,גד לאבנה עזים 3% 250,,,גד לאבנה עזים 3% 250,גרמים,250.00,100 גרם,false,,19.90,7.9600,true,1,15472
7290006492852,false,גד גבינת עיזים למריח,,,גד גבינת עיזים למריח,גרמים,250.00,100 גרם,false,,18.90,7.5600,true,1,15473
7290006511157,false,פטריות שלמות שמפיניו,,,פטריות שלמות שמפיניו,גרמים,230.00,100 גרם,false,,8.50,3.6957,true,1,3605
7290006511751,false,פטריות חתוכות ויליפו,,,פטריות חתוכות ויליפו,גרמים,870.00,100 גרם,false,,13.00,1.4943,true,1,3608
7290006532008,false,צ'יפס טעים טעים 1.8,,,צ'יפס טעים טעים 1.8,קילוגרמים,1.80,"ק""ג",false,,26.90,14.9444,true,1,177633
7290006582799,false,ג'ינג'ר מסוכר 200 גר,,,ג'ינג'ר מסוכר 200 גר,גרמים,200.00,100 גרם,false,,14.90,7.4500,true,1,5304
7290006652027,false,במבה יום הולדת מאח.1,,,במבה יום הולדת מאח.1,גרמים,300.00,100 גרם,false,,26.90,8.9667,true,1,21324
7290006653765,false,פטוציני פרפקטו 500 ג,,,פטוציני פרפקטו 500 ג,גרמים,500.00,100 גרם,false,,7.90,1.5800,true,1,21326
7290006653819,false,קוסקוס דק בשקית אסם,,,קוסקוס דק בשקית אסם,גרמים,350.00,100 גרם,false,,8.90,2.5429,true,1,21327
7290006664037,false,גמדים ארוחת בוקר 4*1,,,גמדים ארוחת בוקר 4*1,מיליליטרים,400.00,"100 מ""ל",false,,12.90,3.2250,true,1,24813
7290006664051,false,אקטימל טבעי 14*100מל,,,אקטימל טבעי 14*100מל,ליטרים,1.40,ליטר,false,,33.90,24.2143,true,1,24814
7290006664310,false,גבינה 3% סקי 250 גרם,,,גבינה 3% סקי 250 גרם,גרמים,250.00,100 גרם,false,,4.90,1.9600,true,1,24817
7290006664402,false,שטראוס גבינה 5% 750ג,,,שטראוס גבינה 5% 750ג,גרמים,750.00,100 גרם,false,,14.25,1.9000,true,1,24819
7290006664532,false,דנונה תות 3% 150מל,,,דנונה תות 3% 150מל,גרמים,150.00,100 גרם,false,,3.90,2.6000,true,1,24820
7290006664655,false,אקטימל טבעי 8*100מל,,,אקטימל טבעי 8*100מל,מיליליטרים,800.00,"100 מ""ל",false,,23.90,2.9875,true,1,24822
7290006664693,false,דנונה אפרסק 3% 150מל,,,דנונה אפרסק 3% 150מל,גרמים,150.00,100 גרם,false,,3.90,2.6000,true,1,24823
7290006664990,false,דנונה ביו מארז חיסכו,,,דנונה ביו מארז חיסכו,קילוגרמים,1.20,"ק""ג",false,,17.90,14.9167,true,1,24826
7290006681003,false,קרמיסימו תות לימון ס,,,קרמיסימו תות לימון ס,ליטרים,1.33,ליטר,false,,22.90,17.2180,true,1,4811
7290006704016,false,בזיליקום ארוז יחידה,,,בזיליקום ארוז יחידה,יח',1.00,יח',false,,6.90,6.9000,true,1,55757
7290006704511,false,תפוא ננסי מיקרוגל,,,תפוא ננסי מיקרוגל,גרמים,750.00,100 גרם,false,,7.90,1.0533,true,1,55772
7290006704658,false,ברוקולי,,,ברוקולי,,0.00,,false,,9.90,0.0000,true,1,103794
7290006712981,false,מ.שיניים סמיילס לגיל,,,מ.שיניים סמיילס לגיל,מיליליטרים,50.00,"100 מ""ל",false,,12.90,25.8000,true,1,23495
7290006739131,false,זוגלובק בצק פילו 500,,,זוגלובק בצק פילו 500,גרמים,500.00,100 גרם,false,,18.90,3.7800,true,1,42732
7290006739292,false,פסטרמה תבור 330גר,,,פסטרמה תבור 330גר,גרמים,330.00,100 גרם,false,,35.90,10.8788,true,1,42736
7290006739346,false,נקניקיות פרגיות טרי,,,נקניקיות פרגיות טרי,גרמים,400.00,100 גרם,false,,20.90,5.2250,true,1,42737
7290006739414,false,סלמי קוניאק זוגלובק,,,סלמי קוניאק זוגלובק,גרמים,300.00,100 גרם,false,,34.90,11.6333,true,1,42740
7290006739421,false,סלמי מעושן איטלקי  ז,,,סלמי מעושן איטלקי  ז,גרמים,300.00,100 גרם,false,,34.90,11.6333,true,1,42741
7290006739445,false,שניצל תירס קלאסי 750,,,שניצל תירס קלאסי 750,גרמים,750.00,100 גרם,false,,29.90,3.9867,true,1,42742
7290006742278,false,פסטרממיה צלויה על לב,,,פסטרממיה צלויה על לב,גרמים,330.00,100 גרם,false,,35.90,10.8788,true,1,42768
7290006742292,false,פסטרממיה בדבש 1% 330,,,פסטרממיה בדבש 1% 330,גרמים,330.00,100 גרם,false,,35.90,10.8788,true,1,42769
7290006742315,false,חזה הודו ברביקיו 1%,,,חזה הודו ברביקיו 1%,גרמים,330.00,100 גרם,false,,35.90,10.8788,true,1,42771
7290006764072,false,גולדסטאר בירה בק חוז,,,גולדסטאר בירה בק חוז,מיליליטרים,500.00,"100 מ""ל",false,,7.90,1.5800,true,1,10253
7290006764102,false,בירה לאגר גולדסטאר 6,,,בירה לאגר גולדסטאר 6,ליטרים,3.00,ליטר,false,,44.90,14.9667,true,1,83057
7290006764737,false,נשר מאלט דיאט בקבוק,,,נשר מאלט דיאט בקבוק,מיליליטרים,500.00,"100 מ""ל",false,,5.90,1.1800,true,1,10261
7290006765765,false,פפאיה מיובשת מסוכרת,,,פפאיה מיובשת מסוכרת,גרמים,200.00,100 גרם,false,,12.90,6.4500,true,1,5307
7290006788429,false,דאו' רולאון נושם סאנ,,,דאו' רולאון נושם סאנ,גרמים,75.00,100 גרם,false,,14.90,19.8667,true,1,32236
7290006804907,false,פיתות אסלי 5 יח',,,פיתות אסלי 5 יח',גרמים,500.00,100 גרם,false,,8.90,1.7800,true,1,216446
7290006822192,false,אושן ספרי דיאט חמוצי,,,אושן ספרי דיאט חמוצי,ליטרים,1.00,ליטר,false,,13.50,13.5000,true,1,7711
7290006908360,false,שקד קלוי 150 גר` פיצ,,,שקד קלוי 150 גר` פיצ,גרמים,150.00,100 גרם,false,,17.90,11.9333,true,1,127142
7290006908391,false,קשיו קלוי 150 גר` פי,,,קשיו קלוי 150 גר` פי,גרמים,150.00,100 גרם,false,,17.90,11.9333,true,1,127145
7290006908414,false,חמנייה 400 גרם,,,חמנייה 400 גרם,גרמים,400.00,100 גרם,false,,11.90,2.9750,true,1,1650
7290006983763,false,עוגת הבית שוקולד 400,,,עוגת הבית שוקולד 400,גרמים,400.00,100 גרם,false,,15.90,3.9750,true,1,21335
7290006983787,false,עוגת הבית שוקוציפס 4,,,עוגת הבית שוקוציפס 4,גרמים,400.00,100 גרם,false,,15.90,3.9750,true,1,21337
7290006983794,false,עוגת הבית תפוז 400גר,,,עוגת הבית תפוז 400גר,גרמים,400.00,100 גרם,false,,15.90,3.9750,true,1,21338
7290008101318,false,פירורי לחם זהוב קלאס,,,פירורי לחם זהוב קלאס,גרמים,300.00,100 גרם,false,,8.90,2.9667,true,1,435883
7290008104050,false,סבון שטיפה אינטימית,,,סבון שטיפה אינטימית,מיליליטרים,220.00,"100 מ""ל",false,,26.90,12.2273,true,1,4465
7290008116534,false,קולמינט מי פה ליסטרי,,,קולמינט מי פה ליסטרי,מיליליטרים,250.00,"100 מ""ל",false,,17.90,7.1600,true,1,136174
7290008154222,false,שניצלונים עוף טוב 70,,,שניצלונים עוף טוב 70,גרמים,700.00,100 גרם,false,,21.90,3.1286,true,1,22118
7290008175173,false,חמאה מפינלנד 200גר',,,חמאה מפינלנד 200גר',גרמים,200.00,100 גרם,false,,10.90,5.4500,true,1,3609
7290008175210,false,וילי פוד פרמזן מגורד,,,וילי פוד פרמזן מגורד,גרמים,90.00,100 גרם,false,,18.90,21.0000,true,1,3610
7290008190640,false,אגו אגוזים בציפוי שו,,,אגו אגוזים בציפוי שו,גרמים,130.00,100 גרם,false,,7.90,6.0769,true,1,70112
7290008268301,false,אוכמניות,,,אוכמניות,גרמים,120.00,100 גרם,false,,11.90,9.9167,true,1,143006
7290008300599,false,70*50 'שקיות אשפה שר,,,70*50 'שקיות אשפה שר,יחידה,0.00,יחידה,false,,17.90,0.0000,true,1,377351
7290008333115,false,.ג'לטין טהור 28 גר,,,.ג'לטין טהור 28 גר,גרמים,28.00,100 גרם,false,,11.50,41.0714,true,1,18663
7290008340618,false,סלמון 100 מעושן מצונ,,,סלמון 100 מעושן מצונ,גרמים,100.00,100 גרם,false,,22.90,22.9000,true,1,18673
7290008343466,false,בצק פילו 500 גרם,,,בצק פילו 500 גרם,גרמים,500.00,100 גרם,false,,21.90,4.3800,true,1,18680
7290008344272,false,המבורגר 100% 400 ג'-,,,המבורגר 100% 400 ג'-,גרמים,400.00,100 גרם,false,,24.90,6.2250,true,1,18695
7290008345118,false,מקרל בשמן דלידג 240,,,מקרל בשמן דלידג 240,גרמים,240.00,100 גרם,false,,26.90,11.2083,true,1,214531
7290008345583,false,300 איקרה ביתית ורוד,,,300 איקרה ביתית ורוד,גרמים,300.00,100 גרם,false,,21.90,7.3000,true,1,18703
7290008409100,false,אצבעות שניצל ציפוי ש,,,אצבעות שניצל ציפוי ש,גרמים,700.00,100 גרם,false,,40.90,5.8429,true,1,28307
7290008409124,false,מאמא עוף קפוא שניצל,,,מאמא עוף קפוא שניצל,גרמים,700.00,100 גרם,false,,40.90,5.8429,true,1,28308
7290008409216,false,מאמא עוף קפוא שניצל,,,מאמא עוף קפוא שניצל,גרמים,700.00,100 גרם,false,,45.90,6.5571,true,1,69258
7290008409315,false,מאמא עוף מיני דק שני,,,מאמא עוף מיני דק שני,גרמים,500.00,100 גרם,false,,29.50,5.9000,true,1,28312
7290008409407,false,מאמא עוף שניצל דק צי,,,מאמא עוף שניצל דק צי,גרמים,700.00,100 גרם,false,,45.90,6.5571,true,1,65376
7290008409582,false,שניצל אמיתי בציפוי ב,,,שניצל אמיתי בציפוי ב,גרמים,700.00,100 גרם,false,,46.90,6.7000,true,1,28323
7290008409773,false,מאמא עוף קפוא קציצות,,,מאמא עוף קפוא קציצות,גרמים,700.00,100 גרם,false,,39.90,5.7000,true,1,28327
7290008415071,false,צבר חומוס עם טחינה 1,,,צבר חומוס עם טחינה 1,גרמים,150.00,100 גרם,false,,5.90,3.9333,true,1,22121
7290008443616,false,מרכך לשיער יבש אדום,,,מרכך לשיער יבש אדום,מיליליטרים,750.00,"100 מ""ל",false,,12.90,1.7200,true,1,32313
7290008461221,false,סרדינים רוברט שמן חמ,,,סרדינים רוברט שמן חמ,גרמים,115.00,100 גרם,false,,7.90,6.8696,true,1,18710
7290008462204,false,חרדל דיזון מקורי 380,,,חרדל דיזון מקורי 380,גרמים,380.00,100 גרם,false,,19.90,5.2368,true,1,18713
7290008462259,false,חרדל דיזון חריף גרגי,,,חרדל דיזון חריף גרגי,גרמים,380.00,100 גרם,false,,19.90,5.2368,true,1,18714
7290008464222,false,מכבי 7.9 פחית 500 מל,,,מכבי 7.9 פחית 500 מל,מיליליטרים,500.00,"100 מ""ל",false,,9.50,1.9000,true,1,10271
7290008464468,false,"גולדסטאר פחית 500מ""ל",,,"גולדסטאר פחית 500מ""ל",מיליליטרים,500.00,"100 מ""ל",false,,9.90,1.9800,true,1,10281
7290008464475,false,"מכבי פחית 500מ""ל",,,"מכבי פחית 500מ""ל",מיליליטרים,500.00,"100 מ""ל",false,,8.80,1.7600,true,1,10282
7290008464604,false,הייניקן בירה פח 500מ,,,הייניקן בירה פח 500מ,מיליליטרים,500.00,"100 מ""ל",false,,13.90,2.7800,true,1,10288
7290008464611,false,"מי סודה טמפו 275 מ""ל",,,"מי סודה טמפו 275 מ""ל",מיליליטרים,275.00,"100 מ""ל",false,,3.50,1.2727,true,1,127729
7290008464697,false,מכבי 7.9% בקבוק 6* 3,,,מכבי 7.9% בקבוק 6* 3,ליטרים,1.98,ליטר,false,,37.90,19.1414,true,1,10289
7290008464734,false,גולדסטאר SLOW BREW 3,,,גולדסטאר SLOW BREW 3,ליטרים,1.98,ליטר,false,,45.90,23.1818,true,1,78550
7290008464796,false,"הייניקן בקבוק ח""פ 6*",,,"הייניקן בקבוק ח""פ 6*",ליטרים,1.98,ליטר,false,,47.90,24.1919,true,1,10295
7290008500005,false,תערובת להכנת בראוניז,,,תערובת להכנת בראוניז,גרמים,415.00,100 גרם,false,,21.90,5.2771,true,1,345936
7290008500159,false,עוגת שמרים טעם גבינה,,,עוגת שמרים טעם גבינה,גרמים,480.00,100 גרם,false,,28.90,6.0208,true,1,297907
7290008500166,false,עוגת שמרים טעם פרג 5,,,עוגת שמרים טעם פרג 5,גרמים,520.00,100 גרם,false,,28.90,5.5577,true,1,297908
7290008634045,false,סאני פלסטר שקוף  30י,,,סאני פלסטר שקוף  30י,יחידה,0.00,יחידה,false,,7.90,0.0000,true,1,906
7290008644112,false,אחלה מטבוחה 125ג,,,אחלה מטבוחה 125ג,גרמים,125.00,100 גרם,false,,5.90,4.7200,true,1,24828
7290008644235,false,עלי בייבי 120 ג ירקו,,,עלי בייבי 120 ג ירקו,גרמים,120.00,100 גרם,false,,10.90,9.0833,true,1,55792
7290008644945,false,סלט המושבה 450 ג ירק,,,סלט המושבה 450 ג ירק,גרמים,450.00,100 גרם,false,,13.90,3.0889,true,1,24831
7290008670012,false,רקנאטי  קברנה סובניו,,,רקנאטי  קברנה סובניו,מיליליטרים,750.00,"100 מ""ל",false,,55.90,7.4533,true,1,8040
7290008670142,false,רקנאטי יסמין אדום 75,,,רקנאטי יסמין אדום 75,מיליליטרים,750.00,"100 מ""ל",false,,42.90,5.7200,true,1,8042
7290008690713,false,אושן ספרי חמוציות 1ל,,,אושן ספרי חמוציות 1ל,ליטרים,1.00,ליטר,false,,13.50,13.5000,true,1,7732
7290008693134,false,דניאלה תות מעדן גבינ,,,דניאלה תות מעדן גבינ,מיליליטרים,150.00,"100 מ""ל",false,,4.50,3.0000,true,1,24833
7290008713900,false,לחם שיפון עגול אנגל,,,לחם שיפון עגול אנגל,גרמים,750.00,100 גרם,false,,14.90,1.9867,true,1,69743
7290008713917,false,לחם שיפון כהה אנגל 7,,,לחם שיפון כהה אנגל 7,גרמים,750.00,100 גרם,false,,14.90,1.9867,true,1,69744
7290008745239,false,תפוציפס קראנץ טבעי 5,,,תפוציפס קראנץ טבעי 5,גרמים,50.00,100 גרם,false,,4.90,9.8000,true,1,25339
7290008747547,false,תפוציפס קראנץ טבעי 2,,,תפוציפס קראנץ טבעי 2,גרמים,200.00,100 גרם,false,,10.90,5.4500,true,1,25341
7290008750264,false,מאסט דובדבן 28ג,,,מאסט דובדבן 28ג,גרמים,28.00,100 גרם,false,,4.90,17.5000,true,1,24114
7290008752244,false,תפוציפס קראנץ גריל 5,,,תפוציפס קראנץ גריל 5,גרמים,50.00,100 גרם,false,,4.90,9.8000,true,1,25347
7290008753111,false,תפוציפס מקסיקני 50גר,,,תפוציפס מקסיקני 50גר,גרמים,50.00,100 גרם,false,,4.90,9.8000,true,1,25349
7290008757058,false,פחית שוופס אורנג,,,פחית שוופס אורנג,מיליליטרים,330.00,"100 מ""ל",false,,5.20,1.5758,true,1,12274
7290008801157,false,יין סלקטד מרלו 750 מ,,,יין סלקטד מרלו 750 מ,מיליליטרים,750.00,"100 מ""ל",false,,32.90,4.3867,true,1,506
7290008801478,false,"טופז זהב 750 מ""ל",,,"טופז זהב 750 מ""ל",מיליליטרים,750.00,"100 מ""ל",false,,21.90,2.9200,true,1,511
7290008801522,false,יין קונקורד קינג דיו,,,יין קונקורד קינג דיו,מיליליטרים,750.00,"100 מ""ל",false,,23.90,3.1867,true,1,512
7290008802895,false,יין  P.C  קברנה סובי,,,יין  P.C  קברנה סובי,מיליליטרים,750.00,"100 מ""ל",false,,44.90,5.9867,true,1,520
7290008806961,false,קרמיסימו שוקולד שבבי,,,קרמיסימו שוקולד שבבי,ליטרים,1.33,ליטר,false,,22.90,17.2180,true,1,4826
7290008806985,false,קרמיסימו נישנושים ש.,,,קרמיסימו נישנושים ש.,גרמים,630.00,100 גרם,false,,52.90,8.3968,true,1,4827
7290008849753,false,רוטב טריאקי עשיר אול,,,רוטב טריאקי עשיר אול,מיליליטרים,300.00,"100 מ""ל",false,,15.90,5.3000,true,1,4138
7290008975551,false,מטרנה מהדרין  שלב 3,,,מטרנה מהדרין  שלב 3,גרמים,700.00,100 גרם,false,,55.90,7.9857,true,1,21354
7290009018004,false,פיקדון בקבוק/פחית בו,,,פיקדון בקבוק/פחית בו,יחידה,0.00,יחידה,false,,0.30,0.0000,true,1,49
7290009018011,false,פיקדון בקבוק/פחיות ש,,,פיקדון בקבוק/פחיות ש,יחידה,0.00,יחידה,false,,1.80,0.0000,true,1,854
7290009018264,false,פיקדון בקבוק/פחית רב,,,פיקדון בקבוק/פחית רב,יחידה,0.00,יחידה,false,,1.20,0.0000,true,1,625
7290009174397,false,כריך עובד מגה,,,כריך עובד מגה,יחידה,0.00,יחידה,false,,1.50,0.0000,true,1,57382
7290010002061,false,מימון פלפל לבן טחון,,,מימון פלפל לבן טחון,גרמים,100.00,100 גרם,false,,19.30,19.3000,true,1,165
7290010002078,false,מימון פלפל שחור טחון,,,מימון פלפל שחור טחון,גרמים,100.00,100 גרם,false,,15.90,15.9000,true,1,166
7290010002092,false,מימון פלפל שחור גרוס,,,מימון פלפל שחור גרוס,גרמים,90.00,100 גרם,false,,15.90,17.6667,true,1,168
7290010002153,false,מימון פפריקה מרוקאית,,,מימון פפריקה מרוקאית,גרמים,100.00,100 גרם,false,,12.90,12.9000,true,1,174
7290010002207,false,מימון קינמון טחון במ,,,מימון קינמון טחון במ,גרמים,100.00,100 גרם,false,,10.50,10.5000,true,1,176
7290010002214,false,מימון צילי גרוס 80 ג,,,מימון צילי גרוס 80 ג,גרמים,80.00,100 גרם,false,,12.90,16.1250,true,1,177
7290010002306,false,מימון תיבול לקציצות,,,מימון תיבול לקציצות,גרמים,100.00,100 גרם,false,,12.90,12.9000,true,1,180
7290010002313,false,מימון ראס אל חנות 10,,,מימון ראס אל חנות 10,גרמים,100.00,100 גרם,false,,12.90,12.9000,true,1,181
7290010002320,false,מימון תיבול לגריל עו,,,מימון תיבול לגריל עו,גרמים,100.00,100 גרם,false,,12.90,12.9000,true,1,182
7290010002368,false,מימון תערובת חווג` ל,,,מימון תערובת חווג` ל,גרמים,100.00,100 גרם,false,,12.90,12.9000,true,1,186
7290010002382,false,מימון אורגנו במיכל 4,,,מימון אורגנו במיכל 4,גרמים,40.00,100 גרם,false,,10.50,26.2500,true,1,188
7290010002481,false,מימון שום טחון במיכל,,,מימון שום טחון במיכל,גרמים,100.00,100 גרם,false,,15.90,15.9000,true,1,195
7290010002696,false,אקסטרא צ'יפס אורז חו,,,אקסטרא צ'יפס אורז חו,גרמים,60.00,100 גרם,false,,9.40,15.6667,true,1,435916
7290010003051,false,מימון פפריקה הונגרית,,,מימון פפריקה הונגרית,גרמים,400.00,100 גרם,false,,27.40,6.8500,true,1,200
7290010003693,false,מימון פפריקה מתוקה ש,,,מימון פפריקה מתוקה ש,גרמים,80.00,100 גרם,false,,6.50,8.1250,true,1,207
7290010003754,false,מימון כמון טחון שקית,,,מימון כמון טחון שקית,גרמים,50.00,100 גרם,false,,6.50,13.0000,true,1,209
7290010003761,false,מימון כורכום טחון שק,,,מימון כורכום טחון שק,גרמים,80.00,100 גרם,false,,6.50,8.1250,true,1,210
7290010003808,false,מימון זעתר ושומשום ש,,,מימון זעתר ושומשום ש,גרמים,80.00,100 גרם,false,,6.50,8.1250,true,1,214
7290010004348,false,מימון פ פריקה מתוקה,,,מימון פ פריקה מתוקה,גרמים,250.00,100 גרם,false,,24.10,9.6400,true,1,106235
7290010023141,false,תה לימונענע 25 שק',,,תה לימונענע 25 שק',גרמים,50.00,100 גרם,false,,19.90,39.8000,true,1,26120
7290010045013,false,עוגיות עם חמאה וסוכר,,,עוגיות עם חמאה וסוכר,גרמים,200.00,100 גרם,false,,19.90,9.9500,true,1,26130
7290010045068,false,עוגיות הנסיכה לחמי 2,,,עוגיות הנסיכה לחמי 2,גרמים,250.00,100 גרם,false,,19.90,7.9600,true,1,26133
7290010066025,false,טונה בשמן פילטונה 15,,,טונה בשמן פילטונה 15,גרמים,170.00,100 גרם,false,,6.90,4.0588,true,1,324815
7290010066513,false,נתחי טונה בשמן צמחי,,,נתחי טונה בשמן צמחי,גרמים,632.00,100 גרם,false,,25.90,4.0981,true,1,28378
7290010066575,false,נתחי טונה במים פילטו,,,נתחי טונה במים פילטו,גרמים,632.00,100 גרם,false,,25.90,4.0981,true,1,28380
7290010066582,false,נתחי טונה בשמן קנולה,,,נתחי טונה בשמן קנולה,גרמים,632.00,100 גרם,false,,25.90,4.0981,true,1,28381
7290010066599,false,נתחי טונה בשמן זית פ,,,נתחי טונה בשמן זית פ,גרמים,632.00,100 גרם,false,,32.90,5.2057,true,1,93784
7290010116980,false,שוקולית 850 גרם,,,שוקולית 850 גרם,גרמים,850.00,100 גרם,false,,18.90,2.2235,true,1,24136
7290010117864,false,דוריטוס חריף אש 70 ג,,,דוריטוס חריף אש 70 ג,גרמים,70.00,100 גרם,false,,4.30,6.1429,true,1,25359
7290010118328,false,תפוצ'יפס טבעי 6*40 ג,,,תפוצ'יפס טבעי 6*40 ג,גרמים,240.00,100 גרם,false,,14.90,6.2083,true,1,25363
7290010124190,false,שניצל בקר מלינסה אל,,,שניצל בקר מלינסה אל,גרמים,250.00,100 גרם,false,,15.90,6.3600,true,1,141762
7290010129003,false,עוגיות אוזניים 600גר,,,עוגיות אוזניים 600גר,גרמים,600.00,100 גרם,false,,22.90,3.8167,true,1,68630
7290010129027,false,עוגיות מרוקאיות 600,,,עוגיות מרוקאיות 600,גרמים,600.00,100 גרם,false,,22.90,3.8167,true,1,22338
7290010129300,false,עוגיות רייף מרוקאיות,,,עוגיות רייף מרוקאיות,גרמים,350.00,100 גרם,false,,19.90,5.6857,true,1,68637
7290010129553,false,עוגיות רולדה תמרים 6,,,עוגיות רולדה תמרים 6,גרמים,600.00,100 גרם,false,,22.90,3.8167,true,1,142083
7290010129652,false,עוגיות לקפה דולצ'ה ו,,,עוגיות לקפה דולצ'ה ו,גרמים,350.00,100 גרם,false,,19.90,5.6857,true,1,142191
7290010129942,false,עוגת קראנץ' שמרים שו,,,עוגת קראנץ' שמרים שו,גרמים,500.00,100 גרם,false,,15.90,3.1800,true,1,68643
7290010153527,false,גריש 500 גרם,,,גריש 500 גרם,גרמים,500.00,100 גרם,false,,6.90,1.3800,true,1,15751
7290010153817,false,ריבת חלב מיה 400 גרם,,,ריבת חלב מיה 400 גרם,גרמים,400.00,100 גרם,false,,13.90,3.4750,true,1,15770
7290010154012,false,לימון כבוש 250 ביטון,,,לימון כבוש 250 ביטון,גרמים,250.00,100 גרם,false,,16.90,6.7600,true,1,18717
7290010154029,false,250 אריסה מתוקה ביטו,,,250 אריסה מתוקה ביטו,גרמים,250.00,100 גרם,false,,16.90,6.7600,true,1,18718
7290010154241,false,סלט חזרת ביטון 250 ג,,,סלט חזרת ביטון 250 ג,גרמים,250.00,100 גרם,false,,16.90,6.7600,true,1,18720
7290010154685,false,סלט שום כתוש 250 גר',,,סלט שום כתוש 250 גר',גרמים,250.00,100 גרם,false,,16.90,6.7600,true,1,121813
7290010192007,false,פטרוזיליה,,,פטרוזיליה,יח',1.00,יח',false,,4.90,4.9000,true,1,55800
7290010192014,false,שמיר,,,שמיר,יח',1.00,יח',false,,4.90,4.9000,true,1,55801
7290010192021,false,כוסברה,,,כוסברה,יח',1.00,יח',false,,4.90,4.9000,true,1,55802
7290010192038,false,שורש פטרוזיליה ארוז,,,שורש פטרוזיליה ארוז,יח',1.00,יח',false,,6.90,6.9000,true,1,55803
7290010192045,false,נענע יחידה,,,נענע יחידה,יח',1.00,יח',false,,4.90,4.9000,true,1,55804
7290010192052,false,סלרי עלים (אמריקאי),,,סלרי עלים (אמריקאי),יח',1.00,יח',false,,6.90,6.9000,true,1,55805
7290010192069,false,סלרי ראש ארוז,,,סלרי ראש ארוז,יח',1.00,יח',false,,6.90,6.9000,true,1,55806
7290010192083,false,מנגולד ארוז,,,מנגולד ארוז,יח',1.00,יח',false,,6.90,6.9000,true,1,55807
7290010237579,false,סבן אפ 500 מ'ל,,,סבן אפ 500 מ'ל,מיליליטרים,500.00,"100 מ""ל",false,,5.90,1.1800,true,1,10304
7290010237685,false,היינקן בירה צואר ארו,,,היינקן בירה צואר ארו,מיליליטרים,330.00,"100 מ""ל",false,,10.90,3.3030,true,1,10309
7290010279227,false,זיקוק 15 ס`מ 6 יח`,,,זיקוק 15 ס`מ 6 יח`,יחידה,0.00,יחידה,false,,15.90,0.0000,true,1,35142
7290010429554,false,שמן זית כתית מעולה 2,,,שמן זית כתית מעולה 2,מיליליטרים,750.00,"100 מ""ל",false,,39.90,5.3200,true,1,24141
7290010439300,false,130*70 מגבת גוף גקרד,,,130*70 מגבת גוף גקרד,יחידה,0.00,יחידה,false,,30.90,0.0000,true,1,30177
7290010471669,false,דנונה קראנצ' יוגורט,,,דנונה קראנצ' יוגורט,מיליליטרים,175.00,"100 מ""ל",false,,4.90,2.8000,true,1,24834
7290010513727,false,פנקו פרורי לחם יפניי,,,פנקו פרורי לחם יפניי,גרמים,200.00,100 גרם,false,,7.90,3.9500,true,1,22625
7290010627004,false,טחינה ירושלים 500 גר,,,טחינה ירושלים 500 גר,גרמים,500.00,100 גרם,false,,18.90,3.7800,true,1,26134
7290010627844,false,טחינה ירושלים 500 מל,,,טחינה ירושלים 500 מל,גרמים,500.00,100 גרם,false,,18.90,3.7800,true,1,26136
7290010632787,false,צימרוני אוזניים עץ כ,,,צימרוני אוזניים עץ כ,יחידה,0.00,יחידה,false,,4.90,0.0000,true,1,945
7290010650019,false,עולש אנדיב בלגי חוות,,,עולש אנדיב בלגי חוות,יח',1.00,יח',false,,14.90,14.9000,true,1,75047
7290010650033,false,בצלצלי שאלוט,,,בצלצלי שאלוט,גרמים,350.00,100 גרם,false,,15.00,4.2857,true,1,55813
7290010650354,false,שורש כורכום טרי,,,שורש כורכום טרי,יח',1.00,יח',false,,15.90,15.9000,true,1,55829
7290010650415,false,עגבניות לחות 200 גר',,,עגבניות לחות 200 גר',גרמים,200.00,100 גרם,false,,14.90,7.4500,true,1,55279
7290010690138,false,ברוקולי ארוז,,,ברוקולי ארוז,יח',1.00,יח',false,,9.90,9.9000,true,1,55838
7290010757930,false,מלוואח ללא גלוטן ארי,,,מלוואח ללא גלוטן ארי,גרמים,500.00,100 גרם,false,,24.90,4.9800,true,1,387536
7290010757947,false,בורקס פיטריות ללא גל,,,בורקס פיטריות ללא גל,גרמים,500.00,100 גרם,false,,24.90,4.9800,true,1,387537
7290010766697,false,אוליביה רוטב שקשוקה,,,אוליביה רוטב שקשוקה,גרמים,415.00,100 גרם,false,,15.90,3.8313,true,1,4182
7290010766734,false,רוטב פיצה אוליביה 41,,,רוטב פיצה אוליביה 41,מיליליטרים,415.00,"100 מ""ל",false,,15.90,3.8313,true,1,4183
7290010777099,false,8 פיתות במרקם מיוחד,,,8 פיתות במרקם מיוחד,גרמים,800.00,100 גרם,false,,12.90,1.6125,true,1,119132
7290010777150,false,8 פיתות בריבוע חיטה,,,8 פיתות בריבוע חיטה,גרמים,500.00,100 גרם,false,,15.90,3.1800,true,1,119133
7290010777297,false,10 פיתות ביס,,,10 פיתות ביס,קילוגרמים,1.00,"ק""ג",false,,15.90,15.9000,true,1,119137
7290010777358,false,8 פיתות כוסמין מלא 1,,,8 פיתות כוסמין מלא 1,גרמים,400.00,100 גרם,false,,17.90,4.4750,true,1,68800
7290010777488,false,פיתה מחמצת מקמח מלא,,,פיתה מחמצת מקמח מלא,יחידה,0.00,יחידה,false,,17.90,0.0000,true,1,431576
7290010777525,false,פיתות קוסמין-פיתה אק,,,פיתות קוסמין-פיתה אק,גרמים,50.00,100 גרם,false,,17.90,35.8000,true,1,431577
7290010814251,false,שוקולד חלב אגו 3 יח',,,שוקולד חלב אגו 3 יח',גרמים,255.00,100 גרם,false,,10.90,4.2745,true,1,42289
7290010838431,false,דאק ג'ל נוזל 750 זוג,,,דאק ג'ל נוזל 750 זוג,ליטרים,1.50,ליטר,false,,18.90,12.6000,true,1,6512
7290010839865,false,רוטב רימונים 320 גרם,,,רוטב רימונים 320 גרם,מיליליטרים,320.00,"100 מ""ל",false,,11.90,3.7188,true,1,3642
7290010883363,false,סנו סושי זוג כפפות א,,,סנו סושי זוג כפפות א,יחידה,0.00,יחידה,false,,12.10,0.0000,true,1,32378
7290010922949,false,תות שדה קפוא שייק אי,,,תות שדה קפוא שייק אי,גרמים,250.00,100 גרם,false,,11.90,4.7600,true,1,450602
7290010931330,false,אחלה מטבוחה 500ג,,,אחלה מטבוחה 500ג,גרמים,500.00,100 גרם,false,,16.90,3.3800,true,1,24842
7290010945146,false,טרה קוטג מועשר 3% 25,,,טרה קוטג מועשר 3% 25,גרמים,250.00,100 גרם,false,,5.90,2.3600,true,1,7226
7290010945450,false,טרה גבינה לבנה מהדרי,,,טרה גבינה לבנה מהדרי,גרמים,250.00,100 גרם,false,,4.98,1.9920,true,1,7230
7290010945481,false,טרה גבינה לבנה 5% 50,,,טרה גבינה לבנה 5% 50,גרמים,500.00,100 גרם,false,,9.96,1.9920,true,1,7231
7290011017866,false,קוקה קולה פחית סליק,,,קוקה קולה פחית סליק,מיליליטרים,330.00,"100 מ""ל",false,,5.70,1.7273,true,1,7791
7290011017873,false,ZERO קולה פחית סליק,,,ZERO קולה פחית סליק,מיליליטרים,330.00,"100 מ""ל",false,,5.50,1.6667,true,1,7792
7290011081492,false,קרמיסימו שלושה שוקול,,,קרמיסימו שלושה שוקול,ליטרים,1.33,ליטר,false,,22.90,17.2180,true,1,4841
7290011110000,false,חסה רומית שלמה,,,חסה רומית שלמה,גרמים,430.00,100 גרם,false,,9.90,2.3023,true,1,62180
7290011110024,false,חסה סלנובה,,,חסה סלנובה,יח',1.00,יח',false,,12.90,12.9000,true,1,131127
7290011110031,false,לבבות חסה,,,לבבות חסה,יח',1.00,יח',false,,10.90,10.9000,true,1,128143
7290011110048,false,פלפל סוויט בייט,,,פלפל סוויט בייט,גרמים,220.00,100 גרם,false,,9.90,4.5000,true,1,361624
7290011110055,false,פלפל רומרו מארז,,,פלפל רומרו מארז,יח',1.00,יח',false,,9.90,9.9000,true,1,361625
7290011110079,false,בזיליקום.,,,בזיליקום.,יח',1.00,יח',false,,6.90,6.9000,true,1,176596
7290011110093,false,מנגולד,,,מנגולד,גרמים,250.00,גרם,false,,7.90,0.0316,true,1,128145
7290011110109,false,תירס סופרסוויט,,,תירס סופרסוויט,גרמים,800.00,100 גרם,false,,14.90,1.8625,true,1,125380
7290011110116,false,תרד ניו-זילנדי,,,תרד ניו-זילנדי,גרמים,200.00,גרם,false,,9.90,0.0495,true,1,135131
7290011110130,false,רוקולה,,,רוקולה,יח',1.00,יח',false,,9.90,9.9000,true,1,174771
7290011110154,false,קורנית (טימין),,,קורנית (טימין),יח',1.00,יח',false,,6.90,6.9000,true,1,158577
7290011110215,false,מלפפון בייבי,,,מלפפון בייבי,גרמים,350.00,100 גרם,false,,9.90,2.8286,true,1,361626
7290011110239,false,פאקצוי הידרופוני,,,פאקצוי הידרופוני,גרמים,200.00,גרם,false,,13.90,0.0695,true,1,221540
7290011110390,false,חסה אייסברג -יגור,,,חסה אייסברג -יגור,יח',1.00,יח',false,,7.90,7.9000,true,1,247531
7290011110512,false,חסה לאליק   -יגור,,,חסה לאליק   -יגור,יח',1.00,יח',false,,12.90,12.9000,true,1,328997
7290011115166,false,תחליב רחצה לבנדר נקה,,,תחליב רחצה לבנדר נקה,יחידה,0.00,יחידה,false,,16.90,0.0000,true,1,32446
7290011126209,false,תה הגן הקסום תפוח וק,,,תה הגן הקסום תפוח וק,גרמים,55.00,100 גרם,false,,19.90,36.1818,true,1,26137
7290011126452,false,תה קמומיל ונענע 1.5ג,,,תה קמומיל ונענע 1.5ג,גרמים,37.50,100 גרם,false,,19.90,53.0667,true,1,26145
7290011131371,false,מיזלי קראנצ' שקדים ג,,,מיזלי קראנצ' שקדים ג,קילוגרמים,1.00,"ק""ג",false,,27.90,27.9000,true,1,14806
7290011131395,false,מיזלי קראנצ' 30% פיר,,,מיזלי קראנצ' 30% פיר,קילוגרמים,1.00,"ק""ג",false,,27.90,27.9000,true,1,14808
7290011148911,false,פלפלים מתוקים טינקרב,,,פלפלים מתוקים טינקרב,גרמים,300.00,100 גרם,false,,9.90,3.3000,true,1,55869
7290011148942,false,שרי  עגבניות - מיקס,,,שרי  עגבניות - מיקס,יח',1.00,יח',false,,12.90,12.9000,true,1,65621
7290011154035,false,תרכיז תפוחים סחוט טע,,,תרכיז תפוחים סחוט טע,מיליליטרים,500.00,"100 מ""ל",false,,21.90,4.3800,true,1,406392
7290011194215,false,"דניאלה בננה 150 מ""ל",,,"דניאלה בננה 150 מ""ל",מיליליטרים,150.00,"100 מ""ל",false,,4.50,3.0000,true,1,24843
7290011194246,false,קוטג שטראוס 5% עם סי,,,קוטג שטראוס 5% עם סי,גרמים,250.00,100 גרם,false,,6.20,2.4800,true,1,24844
7290011223038,false,בונומי עלים לקרמשניט,,,בונומי עלים לקרמשניט,גרמים,300.00,100 גרם,false,,16.90,5.6333,true,1,67090
7290011223243,false,דאק ג'ל אסלה ניחוח ל,,,דאק ג'ל אסלה ניחוח ל,מיליליטרים,55.00,"100 מ""ל",false,,9.90,18.0000,true,1,6532
7290011239213,false,עמוס חטיפים מתוקים מ,,,עמוס חטיפים מתוקים מ,גרמים,100.00,100 גרם,false,,5.90,5.9000,true,1,48455
7290011249748,false,גילרו רולים שוקו 100,,,גילרו רולים שוקו 100,גרמים,100.00,100 גרם,false,,5.40,5.4000,true,1,70412
7290011254728,false,ג'לטין טהור 25 גר' ב,,,ג'לטין טהור 25 גר' ב,גרמים,25.00,100 גרם,false,,11.60,46.4000,true,1,15827
7290011254766,false,שעועית לוביה 400 גרם,,,שעועית לוביה 400 גרם,גרמים,400.00,100 גרם,false,,11.90,2.9750,true,1,15830
7290011254773,false,שעועית ארגנטינאית 50,,,שעועית ארגנטינאית 50,גרמים,500.00,100 גרם,false,,12.90,2.5800,true,1,15831
7290011312381,false,פורטבלה על אש מרינה,,,פורטבלה על אש מרינה,גרמים,300.00,100 גרם,false,,16.90,5.6333,true,1,114410
7290011378028,false,בארכה חלבה וניל ללא,,,בארכה חלבה וניל ללא,גרמים,350.00,100 גרם,false,,16.90,4.8286,true,1,21357
7290011378776,false,בארכה בקטנה מאגדת פי,,,בארכה בקטנה מאגדת פי,גרמים,120.00,100 גרם,false,,14.90,12.4167,true,1,21363
7290011379018,false,פטריות צמד חמד,,,פטריות צמד חמד,גרמים,500.00,100 גרם,false,,16.90,3.3800,true,1,55873
7290011438142,false,יטבתה אייס קפה בבקבו,,,יטבתה אייס קפה בבקבו,מיליליטרים,350.00,"100 מ""ל",false,,6.90,1.9714,true,1,24850
7290011474683,false,מגדרה קינואה אורגנית,,,מגדרה קינואה אורגנית,גרמים,500.00,100 גרם,false,,22.90,4.5800,true,1,65651
7290011499051,false,גד פטה כבשים גביע 20,,,גד פטה כבשים גביע 20,גרמים,250.00,100 גרם,false,,28.90,11.5600,true,1,15475
7290011499105,false,גד בולגרית 5% 250ג,,,גד בולגרית 5% 250ג,גרמים,250.00,100 גרם,false,,23.90,9.5600,true,1,15476
7290011499112,false,גד בולגרית 16% 250ג,,,גד בולגרית 16% 250ג,גרמים,250.00,100 גרם,false,,23.90,9.5600,true,1,15477
7290011499129,false,גד בולגרית מעודנת קו,,,גד בולגרית מעודנת קו,גרמים,200.00,100 גרם,false,,24.90,12.4500,true,1,15478
7290011499303,false,פטה עיזים מעודנת 5%,,,פטה עיזים מעודנת 5%,גרמים,250.00,100 גרם,false,,32.90,13.1600,true,1,15482
7290011499327,false,גד בולגרית בקר מעודנ,,,גד בולגרית בקר מעודנ,גרמים,250.00,100 גרם,false,,23.90,9.5600,true,1,15484
7290011499341,false,קשקבל מחלבות גד 200,,,קשקבל מחלבות גד 200,גרמים,250.00,100 גרם,false,,36.90,14.7600,true,1,15486
7290011499358,false,גד פטה עיזים 20% 200,,,גד פטה עיזים 20% 200,גרמים,200.00,100 גרם,false,,29.90,14.9500,true,1,15487
7290011499365,false,גד חלומי 24% 200ג,,,גד חלומי 24% 200ג,גרמים,200.00,100 גרם,false,,22.90,11.4500,true,1,15488
7290011499419,false,גבינה במרקם  שמנת 5%,,,גבינה במרקם  שמנת 5%,גרמים,200.00,100 גרם,false,,11.90,5.9500,true,1,116149
7290011499525,false,גד לאבנה דרוזית 9% 5,,,גד לאבנה דרוזית 9% 5,גרמים,500.00,100 גרם,false,,21.90,4.3800,true,1,15493
7290011499624,false,גד ניו יורק גבינת שמ,,,גד ניו יורק גבינת שמ,גרמים,200.00,100 גרם,false,,13.90,6.9500,true,1,15494
7290011499846,false,גד ריקוטה פרסקה 5% 3,,,גד ריקוטה פרסקה 5% 3,גרמים,300.00,100 גרם,false,,19.90,6.6333,true,1,15507
7290011505806,false,קיסמי שיניים פלסטיק,,,קיסמי שיניים פלסטיק,יחידה,0.00,יחידה,false,,10.90,0.0000,true,1,964
7290011515683,false,אקסטרים וניל מאגדת 6,,,אקסטרים וניל מאגדת 6,גרמים,432.00,100 גרם,false,,40.90,9.4676,true,1,17020
7290011518561,false,אקטימל תות משפחתי 14,,,אקטימל תות משפחתי 14,ליטרים,1.40,ליטר,false,,33.90,24.2143,true,1,24855
7290011530488,false,שייק איט(3*150 גר')-,,,שייק איט(3*150 גר')-,גרמים,450.00,100 גרם,false,,33.90,7.5333,true,1,266838
7290011530549,false,שייק איט יום ראשון 4,,,שייק איט יום ראשון 4,גרמים,450.00,100 גרם,false,,33.90,7.5333,true,1,234291
7290011530730,false,שייק איט יום חמישי 4,,,שייק איט יום חמישי 4,גרמים,450.00,100 גרם,false,,33.90,7.5333,true,1,234292
7290011575007,false,הפי-מרסס לאמבט חדש 7,,,הפי-מרסס לאמבט חדש 7,מיליליטרים,750.00,"100 מ""ל",false,,24.90,3.3200,true,1,12125
7290011587451,false,גרנולה + פירות ואגוז,,,גרנולה + פירות ואגוז,גרמים,600.00,100 גרם,false,,16.90,2.8167,true,1,69135
7290011587468,false,מוזלי קראנצ + אגוז ת,,,מוזלי קראנצ + אגוז ת,גרמים,600.00,100 גרם,false,,16.90,2.8167,true,1,69136
7290011593087,false,סבא חביב שמן זית כתי,,,סבא חביב שמן זית כתי,מיליליטרים,750.00,"100 מ""ל",false,,33.90,4.5200,true,1,51653
7290011593704,false,שמן זית סורי הסדרה ה,,,שמן זית סורי הסדרה ה,מיליליטרים,750.00,"100 מ""ל",false,,44.00,5.8667,true,1,487057
7290011598211,false,מנקה כללי אנטיקאלק 7,,,מנקה כללי אנטיקאלק 7,מיליליטרים,700.00,"100 מ""ל",false,,19.90,2.8429,true,1,32483
7290011598259,false,סנו פרש אוטומטיק מאס,,,סנו פרש אוטומטיק מאס,מיליליטרים,250.00,"100 מ""ל",false,,16.90,6.7600,true,1,32484
7290011607197,false,"קולון 101 5 ק""ג",,,"קולון 101 5 ק""ג",קילוגרמים,5.00,"ק""ג",false,,42.90,8.5800,true,1,22869
7290011615260,false,"עלי טורטיה בד""ץ וילי",,,"עלי טורטיה בד""ץ וילי",גרמים,540.00,100 גרם,false,,8.90,1.6481,true,1,117573
7290011800840,false,צבר רפי כהן טחינה בל,,,צבר רפי כהן טחינה בל,גרמים,400.00,100 גרם,false,,18.90,4.7250,true,1,22139
7290011860271,false,תפוגן ביס בול טבעי 7,,,תפוגן ביס בול טבעי 7,גרמים,700.00,100 גרם,false,,18.90,2.7000,true,1,22141
7290011877095,false,סנו סושי צמד רדידי א,,,סנו סושי צמד רדידי א,מטרים,15.00,מטר,false,,23.90,1.5933,true,1,32511
7290011877156,false,סנו פרש ענק מאסק 375,,,סנו פרש ענק מאסק 375,מיליליטרים,375.00,"100 מ""ל",false,,11.90,3.1733,true,1,114385
7290011877446,false,קרם נגד גירויים בייב,,,קרם נגד גירויים בייב,גרמים,100.00,100 גרם,false,,12.90,12.9000,true,1,32514
7290011877859,false,סנו אינסטלטור פותח ס,,,סנו אינסטלטור פותח ס,מיליליטרים,200.00,"100 מ""ל",false,,16.90,8.4500,true,1,32521
7290011931162,false,סוכרלייט נוזלי 220מל,,,סוכרלייט נוזלי 220מל,מיליליטרים,220.00,"100 מ""ל",false,,31.90,14.5000,true,1,24152
7290011947309,false,זית סורי מבוקע עם לי,,,זית סורי מבוקע עם לי,גרמים,215.00,100 גרם,false,,15.90,7.3953,true,1,26161
7290011947781,false,מיקס זית ירוק קלמטה,,,מיקס זית ירוק קלמטה,גרמים,190.00,100 גרם,false,,16.90,8.8947,true,1,282552
7290011964344,false,שום גבישי 120 גר' במ,,,שום גבישי 120 גר' במ,גרמים,120.00,100 גרם,false,,10.90,9.0833,true,1,49640
7290012001994,false,חרדל דיגון גרעינים 3,,,חרדל דיגון גרעינים 3,גרמים,350.00,100 גרם,false,,14.90,4.2571,true,1,5978
7290012019258,false,"רסק תפו""ע מחית תפוחי",,,"רסק תפו""ע מחית תפוחי",גרמים,452.00,100 גרם,false,,11.90,2.6327,true,1,26455
7290012019265,false,"מחית תפו""ע ללא סוכר",,,"מחית תפו""ע ללא סוכר",גרמים,452.00,100 גרם,false,,11.90,2.6327,true,1,26456
7290012022203,false,קליליות חיטה מלאה די,,,קליליות חיטה מלאה די,גרמים,100.00,100 גרם,false,,14.90,14.9000,true,1,31083
7290012022227,false,קליליות בטעם טבעי די,,,קליליות בטעם טבעי די,גרמים,60.00,100 גרם,false,,13.90,23.1667,true,1,31084
7290012022272,false,פריכיות קליליות קידס,,,פריכיות קליליות קידס,יחידה,0.00,יחידה,false,,13.90,0.0000,true,1,33951
7290012086113,false,עגבניות שרי,,,עגבניות שרי,גרמים,500.00,100 גרם,false,,9.90,1.9800,true,1,55878
7290012116612,false,מארז מברשות שיניים א,,,מארז מברשות שיניים א,יחידה,0.00,יחידה,false,,15.90,0.0000,true,1,32540
7290012117435,false,שמפו וג'ל רחצה אלוור,,,שמפו וג'ל רחצה אלוור,מיליליטרים,700.00,"100 מ""ל",false,,19.90,2.8429,true,1,32564
7290012117534,false,סנו מקסימה מרכך קומפ,,,סנו מקסימה מרכך קומפ,יחידה,0.00,יחידה,false,,18.90,0.0000,true,1,32566
7290012117558,false,סנו מקסימה מרכך קומפ,,,סנו מקסימה מרכך קומפ,יחידה,0.00,יחידה,false,,18.90,0.0000,true,1,32568
7290012117589,false,L סנו סושי כפפות לטק,,,L סנו סושי כפפות לטק,יחידה,0.00,יחידה,false,,46.90,0.0000,true,1,32571
7290012117732,false,מרכך כביסה סנו מקסימ,,,מרכך כביסה סנו מקסימ,ליטרים,4.00,ליטר,false,,23.90,5.9750,true,1,32573
7290012117916,false,סנו אינסטלאטור פותח,,,סנו אינסטלאטור פותח,יחידה,0.00,יחידה,false,,30.90,0.0000,true,1,32579
7290012159275,false,מיונז לינה 430גר' כש,,,מיונז לינה 430גר' כש,גרמים,430.00,100 גרם,false,,15.90,3.6977,true,1,11924
7290012212154,false,מלפפון במלח קטן בצנצ,,,מלפפון במלח קטן בצנצ,גרמים,560.00,100 גרם,false,,14.60,2.6071,true,1,436248
7290012212161,false,זיתים קלמנטה בצנצנת,,,זיתים קלמנטה בצנצנת,גרמים,560.00,100 גרם,false,,14.60,2.6071,true,1,436277
7290012226120,false,זוגלובק קבנוס 135ג.,,,זוגלובק קבנוס 135ג.,גרמים,135.00,100 גרם,false,,13.90,10.2963,true,1,42779
7290012226939,false,זוגלובק קבנוס בטעם צ,,,זוגלובק קבנוס בטעם צ,גרמים,135.00,100 גרם,false,,13.90,10.2963,true,1,42786
7290012227325,false,זוגלובק סלמי מעושן ד,,,זוגלובק סלמי מעושן ד,גרמים,120.00,100 גרם,false,,15.90,13.2500,true,1,108420
7290012227912,false,קבנוס מעודן  זוגלובק,,,קבנוס מעודן  זוגלובק,גרמים,135.00,100 גרם,false,,13.90,10.2963,true,1,42830
7290012227974,false,זוגלובק פסטרמה בדבש,,,זוגלובק פסטרמה בדבש,גרמים,120.00,100 גרם,false,,15.90,13.2500,true,1,108421
7290012227981,false,פסטרמה ברביקיו זוגלו,,,פסטרמה ברביקיו זוגלו,גרמים,120.00,100 גרם,false,,15.90,13.2500,true,1,108422
7290012227998,false,זוגלובק  חזה בקר  12,,,זוגלובק  חזה בקר  12,גרמים,120.00,100 גרם,false,,15.90,13.2500,true,1,108423
7290012228261,false,נקנקיות הודו קנקרס ר,,,נקנקיות הודו קנקרס ר,גרמים,300.00,100 גרם,false,,22.90,7.6333,true,1,63553
7290012313141,false,פרוסות מלפפון במלח י,,,פרוסות מלפפון במלח י,גרמים,540.00,100 גרם,false,,7.90,1.4630,true,1,52544
7290012367717,false,קרם ידיים אפקטיב קר,,,קרם ידיים אפקטיב קר,מיליליטרים,150.00,"100 מ""ל",false,,17.90,11.9333,true,1,31382
7290012372209,false,קמח חיטה לבן מנופה ר,,,קמח חיטה לבן מנופה ר,קילוגרמים,1.00,"ק""ג",false,,8.90,8.9000,true,1,417657
7290012404955,false,ספרינג נקטר חמוציות,,,ספרינג נקטר חמוציות,ליטרים,1.25,ליטר,false,,13.50,10.8000,true,1,12357
7290012413643,false,תה ירוק קמומיל T.Tשמ,,,תה ירוק קמומיל T.Tשמ,גרמים,37.50,100 גרם,false,,26.90,71.7333,true,1,26174
7290012454189,false,סוכריות ללא סוכר מיה,,,סוכריות ללא סוכר מיה,גרמים,80.00,100 גרם,false,,6.90,8.6250,true,1,15855
7290012522581,false,טבעול שניצל תירס ללא,,,טבעול שניצל תירס ללא,גרמים,664.00,100 גרם,false,,27.90,4.2018,true,1,22150
7290012561313,false,בצל מטוגן דורות 400,,,בצל מטוגן דורות 400,גרמים,400.00,100 גרם,false,,18.90,4.7250,true,1,332878
7290012576607,false,ברקן יין פרמייר אדום,,,ברקן יין פרמייר אדום,מיליליטרים,750.00,"100 מ""ל",false,,26.90,3.5867,true,1,10357
7290012645129,false,יוגורט כבשים בדלי 75,,,יוגורט כבשים בדלי 75,מיליליטרים,750.00,"100 מ""ל",false,,22.90,3.0533,true,1,24866
7290012645389,false,חלב הארץ יוגורט ביו,,,חלב הארץ יוגורט ביו,ליטרים,1.00,ליטר,false,,24.90,24.9000,true,1,24874
7290012738081,false,מצות מצופות עם סוכרי,,,מצות מצופות עם סוכרי,גרמים,170.00,100 גרם,false,,12.90,7.5882,true,1,112118
7290012803055,false,מרמולייט סוכרלוז 100,,,מרמולייט סוכרלוז 100,גרמים,100.00,100 גרם,false,,28.90,28.9000,true,1,6591
7290012803451,false,טוסו שוקלד מריר 62%,,,טוסו שוקלד מריר 62%,גרמים,100.00,100 גרם,false,,12.90,12.9000,true,1,6602
7290012803765,false,טוסו שוקלד מריר 100ג,,,טוסו שוקלד מריר 100ג,גרמים,100.00,100 גרם,false,,12.90,12.9000,true,1,6615
7290012803789,false,טוסו שוקלד מריר ואגו,,,טוסו שוקלד מריר ואגו,גרמים,100.00,100 גרם,false,,12.90,12.9000,true,1,6617
7290012823251,false,אל סבון יסמין לבנדר,,,אל סבון יסמין לבנדר,ליטרים,1.00,ליטר,false,,14.90,14.9000,true,1,32612
7290012823381,false,סנו מקסימה סנסטיב מר,,,סנו מקסימה סנסטיב מר,יחידה,0.00,יחידה,false,,18.90,0.0000,true,1,32614
7290012823398,false,ריצפז מטליות לחות בנ,,,ריצפז מטליות לחות בנ,יחידה,0.00,יחידה,false,,12.90,0.0000,true,1,90056
7290012823558,false,סנו סושי מטליות ענק,,,סנו סושי מטליות ענק,יחידה,0.00,יחידה,false,,13.90,0.0000,true,1,32619
7290012823947,false,סנו מקסימה מרכך פרפי,,,סנו מקסימה מרכך פרפי,מיליליטרים,750.00,"100 מ""ל",false,,19.90,2.6533,true,1,32639
7290012864131,false,עדשים שחורות נבטים,,,עדשים שחורות נבטים,יח',1.00,יח',false,,8.90,8.9000,true,1,134546
7290012884986,false,תפוגן ציפס לתנור עד,,,תפוגן ציפס לתנור עד,קילוגרמים,1.50,"ק""ג",false,,31.90,21.2667,true,1,22158
7290012901973,false,שעועית אדומה 400 גרם,,,שעועית אדומה 400 גרם,גרמים,400.00,100 גרם,false,,10.90,2.7250,true,1,324288
7290012936937,false,מימון בהרט 40 גרם,,,מימון בהרט 40 גרם,גרמים,50.00,100 גרם,false,,12.90,25.8000,true,1,270
7290012938405,false,דאיימונד נייר כסף 87,,,דאיימונד נייר כסף 87,מטרים,7.60,מטר,false,,19.70,2.5921,true,1,4503
7290012938740,false,משחת שיניים פרש מינט,,,משחת שיניים פרש מינט,מיליליטרים,75.00,"100 מ""ל",false,,22.70,30.2667,true,1,4507
7290012962929,false,כפפות ניטריל סייף טא,,,כפפות ניטריל סייף טא,יחידה,0.00,יחידה,false,,29.90,0.0000,true,1,421764
7290013027399,false,לחם 100 בתוספת שיפון,,,לחם 100 בתוספת שיפון,גרמים,750.00,100 גרם,false,,15.90,2.1200,true,1,69764
7290013117212,false,בורקס פילו גבינה מעד,,,בורקס פילו גבינה מעד,גרמים,600.00,100 גרם,false,,24.90,4.1500,true,1,39018
7290013117427,false,מעדנות בצק פריך מרוד,,,מעדנות בצק פריך מרוד,גרמים,900.00,100 גרם,false,,28.90,3.2111,true,1,39025
7290013121127,false,לחמניות מיני ללא גלו,,,לחמניות מיני ללא גלו,גרמים,480.00,100 גרם,false,,20.90,4.3542,true,1,34281
7290013121158,false,רביעיית לחמניות סנדב,,,רביעיית לחמניות סנדב,גרמים,460.00,100 גרם,false,,20.90,4.5435,true,1,34283
7290013121165,false,"לחמניות נקניקיה כשל""",,,"לחמניות נקניקיה כשל""",גרמים,460.00,100 גרם,false,,20.90,4.5435,true,1,50539
7290013144232,false,פודינג וניל 85 גרם,,,פודינג וניל 85 גרם,גרמים,80.00,100 גרם,false,,7.90,9.8750,true,1,16258
7290013144317,false,ג`וני - גלילית וופל,,,ג`וני - גלילית וופל,גרמים,400.00,100 גרם,false,,24.90,6.2250,true,1,16263
7290013144393,false,תמצית בטעם וניל 50גר,,,תמצית בטעם וניל 50גר,גרמים,50.00,100 גרם,false,,5.50,11.0000,true,1,16269
7290013144614,false,סירופ מייפל אמיתי 10,,,סירופ מייפל אמיתי 10,מיליליטרים,236.00,"100 מ""ל",false,,44.90,19.0254,true,1,16279
7290013144751,false,מימונס סירופ בטעם מי,,,מימונס סירופ בטעם מי,מיליליטרים,500.00,"100 מ""ל",false,,14.90,2.9800,true,1,16280
7290013144768,false,מימונס סירופ בטעם שו,,,מימונס סירופ בטעם שו,מיליליטרים,500.00,"100 מ""ל",false,,14.90,2.9800,true,1,16281
7290013144805,false,אייס קפה לייט להכנה,,,אייס קפה לייט להכנה,גרמים,245.00,100 גרם,false,,21.90,8.9388,true,1,449860
7290013145109,false,מימונס שקד מולבן טחו,,,מימונס שקד מולבן טחו,גרמים,100.00,100 גרם,false,,13.90,13.9000,true,1,16293
7290013145116,false,מימונס שקד מולבן מקל,,,מימונס שקד מולבן מקל,גרמים,100.00,100 גרם,false,,13.90,13.9000,true,1,16294
7290013145130,false,מימונס שקד מולבן חצו,,,מימונס שקד מולבן חצו,גרמים,100.00,100 גרם,false,,13.90,13.9000,true,1,16296
7290013145178,false,קוקוס טחון לבן 100 ג,,,קוקוס טחון לבן 100 ג,גרמים,100.00,100 גרם,false,,5.90,5.9000,true,1,16299
7290013145192,false,שומשום 100גר,,,שומשום 100גר,גרמים,100.00,100 גרם,false,,6.90,6.9000,true,1,16300
7290013145215,false,שומשום 400גר,,,שומשום 400גר,גרמים,400.00,100 גרם,false,,16.90,4.2250,true,1,16301
7290013145277,false,עלים לקרמשניט 300 גר,,,עלים לקרמשניט 300 גר,גרמים,300.00,100 גרם,false,,19.90,6.6333,true,1,80764
7290013145406,false,מימונס שוקולד ציפס ל,,,מימונס שוקולד ציפס ל,גרמים,250.00,100 גרם,false,,10.90,4.3600,true,1,16305
7290013145444,false,מימונס שוקולד ציפס 6,,,מימונס שוקולד ציפס 6,גרמים,250.00,100 גרם,false,,17.90,7.1600,true,1,16308
7290013145628,false,סוכריות צבעוניות לקי,,,סוכריות צבעוניות לקי,גרמים,200.00,100 גרם,false,,9.90,4.9500,true,1,16316
7290013145710,false,דובדבנים מסוכרים 100,,,דובדבנים מסוכרים 100,גרמים,100.00,100 גרם,false,,9.90,9.9000,true,1,16322
7290013145840,false,מימונס סוכר וניל 10*,,,מימונס סוכר וניל 10*,גרמים,100.00,100 גרם,false,,3.50,3.5000,true,1,16331
7290013145857,false,אבקת אפיה 10* 10 גרם,,,אבקת אפיה 10* 10 גרם,גרמים,100.00,100 גרם,false,,3.50,3.5000,true,1,16332
7290013145918,false,אבקת סוכר 100 גרם,,,אבקת סוכר 100 גרם,גרמים,100.00,100 גרם,false,,2.90,2.9000,true,1,16336
7290013145963,false,מימונס שמרים יבשים ב,,,מימונס שמרים יבשים ב,גרמים,125.00,100 גרם,false,,7.90,6.3200,true,1,16340
7290013145970,false,מימונס קורנפלור 200,,,מימונס קורנפלור 200,גרמים,200.00,100 גרם,false,,4.90,2.4500,true,1,16341
7290013203182,false,שרי מנומר -ליקופן,,,שרי מנומר -ליקופן,גרמים,200.00,100 גרם,false,,11.90,5.9500,true,1,55894
7290013220103,false,דובדבן קפוא 500 גרם,,,דובדבן קפוא 500 גרם,גרמים,500.00,100 גרם,false,,24.90,4.9800,true,1,50586
7290013267665,false,סולרו מאגדת מיני   *,,,סולרו מאגדת מיני   *,גרמים,354.00,100 גרם,false,,28.90,8.1638,true,1,4877
7290013268020,false,סנו מקסימה אולטרא פר,,,סנו מקסימה אולטרא פר,יחידה,0.00,יחידה,false,,18.90,0.0000,true,1,32641
7290013268037,false,סנו מקסימה פצ'ולי מר,,,סנו מקסימה פצ'ולי מר,יחידה,0.00,יחידה,false,,18.90,0.0000,true,1,32642
7290013268839,false,סנו פוליויקס פרקט בנ,,,סנו פוליויקס פרקט בנ,ליטרים,2.00,ליטר,false,,24.90,12.4500,true,1,126892
7290013268884,false,ריצפז פרש מאסק 2 ליט,,,ריצפז פרש מאסק 2 ליט,ליטרים,2.00,ליטר,false,,19.90,9.9500,true,1,32677
7290013268891,false,סנו אוקסיג'ן 3 ליטר,,,סנו אוקסיג'ן 3 ליטר,ליטרים,3.00,ליטר,false,,32.90,10.9667,true,1,32678
7290013268938,false,סנובון שלישיה מאסק 3,,,סנובון שלישיה מאסק 3,גרמים,195.00,100 גרם,false,,12.90,6.6154,true,1,32681
7290013268983,false,מקסימה מרכך כביסה בב,,,מקסימה מרכך כביסה בב,יחידה,0.00,יחידה,false,,18.90,0.0000,true,1,319449
7290013269003,false,סנו מקסימה קר בייבי,,,סנו מקסימה קר בייבי,ליטרים,1.00,ליטר,false,,20.90,20.9000,true,1,32683
7290013269287,false,מקסימה מאסק גל כביסה,,,מקסימה מאסק גל כביסה,ליטרים,3.00,ליטר,false,,35.90,11.9667,true,1,32693
7290013269300,false,סנו סושי פלסטיק נצמד,,,סנו סושי פלסטיק נצמד,מטרים,150.00,מטר,false,,27.90,0.1860,true,1,32694
7290013269621,false,ריצפז פרש הום בניחוח,,,ריצפז פרש הום בניחוח,ליטרים,2.00,ליטר,false,,24.90,12.4500,true,1,134034
7290013269645,false,ריצפז פרש מטליות לחו,,,ריצפז פרש מטליות לחו,יחידה,0.00,יחידה,false,,12.90,0.0000,true,1,32701
7290013269669,false,ריצפז פנטזיה 3ל,,,ריצפז פנטזיה 3ל,ליטרים,3.00,ליטר,false,,13.90,4.6333,true,1,32703
7290013269751,false,ריצפז מטליות לחות לנ,,,ריצפז מטליות לחות לנ,יחידה,0.00,יחידה,false,,12.90,0.0000,true,1,136242
7290013269850,false,סנו סושי נייר אפיה א,,,סנו סושי נייר אפיה א,יחידה,0.00,יחידה,false,,17.90,0.0000,true,1,32710
7290013284310,false,רוטב לפסטה לילדים פר,,,רוטב לפסטה לילדים פר,גרמים,240.00,100 גרם,false,,6.90,2.8750,true,1,18754
7290013358363,false,מאסטר שף  פירורי לחם,,,מאסטר שף  פירורי לחם,גרמים,300.00,100 גרם,false,,10.90,3.6333,true,1,23509
7290013358493,false,מאסטר שף אסייאתי קרם,,,מאסטר שף אסייאתי קרם,מיליליטרים,400.00,"100 מ""ל",false,,9.90,2.4750,true,1,23519
7290013358806,false,מאגדת פריכיות עם מלח,,,מאגדת פריכיות עם מלח,גרמים,264.00,100 גרם,false,,13.90,5.2652,true,1,23530
7290013366634,false,חסה סלנובה,,,חסה סלנובה,יח',1.00,יח',false,,11.90,11.9000,true,1,55899
7290013389381,false,"קמח תירס תומר 1 ק""ג",,,"קמח תירס תומר 1 ק""ג",קילוגרמים,1.00,"ק""ג",false,,11.90,11.9000,true,1,26518
7290013412966,false,תולי מגבונים לחים 4*,,,תולי מגבונים לחים 4*,יחידה,0.00,יחידה,false,,12.90,0.0000,true,1,31690
7290013531117,false,רוטב לפסטה לילדים יכ,,,רוטב לפסטה לילדים יכ,גרמים,260.00,100 גרם,false,,6.50,2.5000,true,1,9467
7290013531582,false,זיתים חרוזית מגולעני,,,זיתים חרוזית מגולעני,גרמים,600.00,100 גרם,false,,19.90,3.3167,true,1,9477
7290013531759,false,שעועית אפויה במים יכ,,,שעועית אפויה במים יכ,גרמים,550.00,100 גרם,false,,10.90,1.9818,true,1,9485
7290013534057,false,מיה ציפס בטטה טבעי 1,,,מיה ציפס בטטה טבעי 1,גרמים,100.00,100 גרם,false,,9.90,9.9000,true,1,15873
7290013579232,false,אוכמניות כחולות קפוא,,,אוכמניות כחולות קפוא,גרמים,250.00,100 גרם,false,,11.90,4.7600,true,1,450585
7290013580009,false,המבורגר זהב 400 גרם,,,המבורגר זהב 400 גרם,גרמים,400.00,100 גרם,false,,20.90,5.2250,true,1,141764
7290013585233,false,פחית סליק 330 מל ZER,,,פחית סליק 330 מל ZER,מיליליטרים,330.00,"100 מ""ל",false,,5.50,1.6667,true,1,7846
7290013585387,false,קולה זירו 1 ליטר,,,קולה זירו 1 ליטר,ליטרים,1.00,ליטר,false,,7.90,7.9000,true,1,7857
7290013585394,false,קוקה קולה 1 ליטר,,,קוקה קולה 1 ליטר,ליטרים,1.00,ליטר,false,,7.90,7.9000,true,1,7858
7290013675545,false,שניצל כלי תחבורה 700,,,שניצל כלי תחבורה 700,גרמים,700.00,100 גרם,false,,40.90,5.8429,true,1,121739
7290013702883,false,משקה פינק למונייד שו,,,משקה פינק למונייד שו,מיליליטרים,500.00,"100 מ""ל",false,,6.50,1.3000,true,1,12386
7290013713049,false,ג'מס בקבוקי 8.8 330,,,ג'מס בקבוקי 8.8 330,מיליליטרים,330.00,"100 מ""ל",false,,13.20,4.0000,true,1,143939
7290013787392,false,רביולי גבינות קלאסי,,,רביולי גבינות קלאסי,גרמים,330.00,100 גרם,false,,29.90,9.0606,true,1,254911
7290013848383,false,ג'ל רחצה אנטי בלוק ק,,,ג'ל רחצה אנטי בלוק ק,מיליליטרים,700.00,"100 מ""ל",false,,19.90,2.8429,true,1,32720
7290013848758,false,סנו מקסימה ג'ל כביסה,,,סנו מקסימה ג'ל כביסה,ליטרים,3.00,ליטר,false,,38.90,12.9667,true,1,32736
7290013875259,false,מטאטא 20,,,מטאטא 20,יחידה,0.00,יחידה,false,,15.90,0.0000,true,1,251026
7290013906212,false,טירת צבי נקניקיות וי,,,טירת צבי נקניקיות וי,קילוגרמים,1.00,"ק""ג",false,,29.90,29.9000,true,1,26762
7290013906441,false,טירת צבי קבנוס 120 ג,,,טירת צבי קבנוס 120 ג,גרמים,120.00,100 גרם,false,,12.90,10.7500,true,1,26775
7290013906458,false,טירת צבי קבנוס פיקנט,,,טירת צבי קבנוס פיקנט,גרמים,120.00,100 גרם,false,,12.90,10.7500,true,1,26776
7290013906496,false,טירת צבי פסטרמה עגל,,,טירת צבי פסטרמה עגל,גרמים,120.00,100 גרם,false,,17.90,14.9167,true,1,26778
7290013906519,false,טירת צבי פרשוטו בקר,,,טירת צבי פרשוטו בקר,גרמים,100.00,100 גרם,false,,33.90,33.9000,true,1,26779
7290013906687,false,טירת צבי צמד כפרית ב,,,טירת צבי צמד כפרית ב,גרמים,600.00,100 גרם,false,,29.90,4.9833,true,1,26781
7290013906694,false,"נקניקיות עוף 1.5 ק""ג",,,"נקניקיות עוף 1.5 ק""ג",קילוגרמים,1.50,"100 ק""ג",false,,38.90,2593.3333,true,1,398522
7290014002197,false,תה חליטת קמומיל ולימ,,,תה חליטת קמומיל ולימ,גרמים,37.50,100 גרם,false,,19.90,53.0667,true,1,26184
7290014002203,false,תה חליטת לימונית ולו,,,תה חליטת לימונית ולו,גרמים,37.50,100 גרם,false,,19.90,53.0667,true,1,26185
7290014002982,false,תה ירוק לימונית סטיב,,,תה ירוק לימונית סטיב,גרמים,37.50,100 גרם,false,,26.90,71.7333,true,1,26201
7290014046016,false,יחיעם פסטרמה הודו 10,,,יחיעם פסטרמה הודו 10,גרמים,250.00,100 גרם,false,,29.90,11.9600,true,1,16486
7290014046436,false,נשנושי קבנוס 125 ג,,,נשנושי קבנוס 125 ג,גרמים,125.00,100 גרם,false,,15.90,12.7200,true,1,16490
7290014059436,false,משחת שיניים לשיקום ס,,,משחת שיניים לשיקום ס,מיליליטרים,75.00,"100 מ""ל",false,,26.90,35.8667,true,1,4531
7290014066366,false,לנדוור קפה אספרסו רי,,,לנדוור קפה אספרסו רי,יחידה,0.00,יחידה,false,,17.90,0.0000,true,1,138319
7290014066373,false,לנדוור קפה אספרסו קל,,,לנדוור קפה אספרסו קל,יחידה,0.00,יחידה,false,,17.90,0.0000,true,1,138320
7290014066533,false,לנדוור קפסולות אספרס,,,לנדוור קפסולות אספרס,יחידה,0.00,יחידה,false,,17.90,0.0000,true,1,226655
7290014079076,false,נבטי אלפלפא,,,נבטי אלפלפא,יח',1.00,יח',false,,7.90,7.9000,true,1,55921
7290014079847,false,פטריות בייבי בלה מאר,,,פטריות בייבי בלה מאר,יח',1.00,יח',false,,15.90,15.9000,true,1,55924
7290014083813,false,בריוולס וילניס שפרוט,,,בריוולס וילניס שפרוט,גרמים,190.00,100 גרם,false,,10.90,5.7368,true,1,3696
7290014094260,false,שום קלוף 200 גרם,,,שום קלוף 200 גרם,גרמים,200.00,100 גרם,false,,10.90,5.4500,true,1,114404
7290014094369,false,ששון הקולה שקד טבעי,,,ששון הקולה שקד טבעי,גרמים,200.00,100 גרם,false,,22.90,11.4500,true,1,5362
7290014094390,false,חמוציות מסוכרות בקופ,,,חמוציות מסוכרות בקופ,גרמים,330.00,100 גרם,false,,15.90,4.8182,true,1,5365
7290014094659,false,אגוז לוז טבעי 250 גר,,,אגוז לוז טבעי 250 גר,גרמים,250.00,100 גרם,false,,24.90,9.9600,true,1,117719
7290014094895,false,אגוז מלך 150גר ששון,,,אגוז מלך 150גר ששון,גרמים,150.00,100 גרם,false,,11.90,7.9333,true,1,5396
7290014095861,false,שיבולת שועל דקה קווא,,,שיבולת שועל דקה קווא,גרמים,500.00,100 גרם,false,,6.90,1.3800,true,1,5401
7290014095960,false,שיבולת שועל עבה קווא,,,שיבולת שועל עבה קווא,גרמים,500.00,100 גרם,false,,6.90,1.3800,true,1,5404
7290014217003,false,תבלין פפריקה מעושנת,,,תבלין פפריקה מעושנת,גרמים,90.00,100 גרם,false,,11.80,13.1111,true,1,49660
7290014217065,false,טעם וריח אורגנו מיכל,,,טעם וריח אורגנו מיכל,גרמים,30.00,100 גרם,false,,11.90,39.6667,true,1,49666
7290014217171,false,תבלין בתיבול גריל דג,,,תבלין בתיבול גריל דג,גרמים,100.00,100 גרם,false,,9.80,9.8000,true,1,49673
7290014217225,false,טעם וריח גריל עוף מי,,,טעם וריח גריל עוף מי,גרמים,120.00,100 גרם,false,,11.90,9.9167,true,1,49674
7290014217263,false,תבלין תיבול פרגית טע,,,תבלין תיבול פרגית טע,גרמים,100.00,100 גרם,false,,11.90,11.9000,true,1,49676
7290014217348,false,תבליני טעם וריח צילי,,,תבליני טעם וריח צילי,גרמים,70.00,100 גרם,false,,11.90,17.0000,true,1,49679
7290014217355,false,תבלין אבקת קרי טעם ו,,,תבלין אבקת קרי טעם ו,גרמים,100.00,100 גרם,false,,9.80,9.8000,true,1,49680
7290014218932,false,חטיפי פיצה בתוספת זי,,,חטיפי פיצה בתוספת זי,גרמים,710.00,100 גרם,false,,38.90,5.4789,true,1,141439
7290014256620,false,יין באזז קריניאנו 75,,,יין באזז קריניאנו 75,מיליליטרים,750.00,"100 מ""ל",false,,31.90,4.2533,true,1,559
7290014256637,false,יין באזז מוסקטו 750מ,,,יין באזז מוסקטו 750מ,מיליליטרים,750.00,"100 מ""ל",false,,31.90,4.2533,true,1,560
7290014325012,false,זרעי ציה 200 גרם,,,זרעי ציה 200 גרם,גרמים,200.00,100 גרם,false,,10.90,5.4500,true,1,15935
7290014325036,false,ג'לי שמחות 600 גרם,,,ג'לי שמחות 600 גרם,גרמים,600.00,100 גרם,false,,21.90,3.6500,true,1,15937
7290014397514,false,סנו פרש הום כותנה מל,,,סנו פרש הום כותנה מל,מיליליטרים,350.00,"100 מ""ל",false,,12.90,3.6857,true,1,32769
7290014397767,false,ריצפז פרש הום כותנה,,,ריצפז פרש הום כותנה,ליטרים,2.00,ליטר,false,,24.90,12.4500,true,1,32788
7290014397781,false,ריצפז פרש הום סבון מ,,,ריצפז פרש הום סבון מ,ליטרים,2.00,ליטר,false,,24.90,12.4500,true,1,32790
7290014435704,false,סלמון מעושן סלטי שמי,,,סלמון מעושן סלטי שמי,גרמים,100.00,100 גרם,false,,28.90,28.9000,true,1,19895
7290014435810,false,הרינג כבוש עם בצל במ,,,הרינג כבוש עם בצל במ,גרמים,180.00,100 גרם,false,,21.90,12.1667,true,1,19898
7290014455252,false,גד גרנה פדנו מגורד כ,,,גד גרנה פדנו מגורד כ,גרמים,100.00,100 גרם,false,,12.90,12.9000,true,1,15512
7290014455320,false,גד כדור מוצרלה פרסקה,,,גד כדור מוצרלה פרסקה,גרמים,100.00,100 גרם,false,,10.90,10.9000,true,1,15515
7290014455467,false,גד מעדן שיבולת שועל,,,גד מעדן שיבולת שועל,מיליליטרים,150.00,"100 מ""ל",false,,6.50,4.3333,true,1,15520
7290014459137,false,תפוגן סטייק ציפס 1.5,,,תפוגן סטייק ציפס 1.5,קילוגרמים,1.50,"ק""ג",false,,28.90,19.2667,true,1,22169
7290014459472,false,תפוגן צ`יפס קלאסי 2,,,תפוגן צ`יפס קלאסי 2,קילוגרמים,2.00,"ק""ג",false,,30.90,15.4500,true,1,22175
7290014459632,false,"טוגן 1.5 ק""ג",,,"טוגן 1.5 ק""ג",קילוגרמים,1.50,"ק""ג",false,,19.90,13.2667,true,1,136439
7290014466463,false,יקבי רמת הגולן הר חר,,,יקבי רמת הגולן הר חר,מיליליטרים,750.00,"100 מ""ל",false,,34.90,4.6533,true,1,48880
7290014466609,false,יין גמלא מרלו 2012 7,,,יין גמלא מרלו 2012 7,מיליליטרים,750.00,"100 מ""ל",false,,60.90,8.1200,true,1,48884
7290014636378,false,סט מצעים זוגי סטאן ר,,,סט מצעים זוגי סטאן ר,יחידה,0.00,יחידה,false,,99.90,0.0000,true,1,16374
7290014636545,false,שלישית מגבות מטבח פס,,,שלישית מגבות מטבח פס,יחידה,0.00,יחידה,false,,19.90,0.0000,true,1,399411
7290014636675,false,מגבת גוף מנהטן 70*13,,,מגבת גוף מנהטן 70*13,יחידה,0.00,יחידה,false,,34.90,0.0000,true,1,123866
7290014636682,false,מגבת פנים,,,מגבת פנים,יחידה,0.00,יחידה,false,,19.90,0.0000,true,1,125284
7290014636903,false,כרבולית מינק 130/170,,,כרבולית מינק 130/170,יחידה,0.00,יחידה,false,,49.90,0.0000,true,1,492334
7290014673403,false,מימון פלפל שחור טחון,,,מימון פלפל שחור טחון,גרמים,250.00,100 גרם,false,,33.90,13.5600,true,1,281
7290014692299,false,גבינת ברי 125 גרם EU,,,גבינת ברי 125 גרם EU,גרמים,125.00,100 גרם,false,,19.90,15.9200,true,1,3700
7290014692305,false,גבינת קממבר 125 גרם,,,גבינת קממבר 125 גרם,גרמים,125.00,100 גרם,false,,19.90,15.9200,true,1,3701
7290014731264,false,כוסות לשתיה קרה חד פ,,,כוסות לשתיה קרה חד פ,יח',100.00,יח',false,,7.90,0.0790,true,1,30231
7290014748613,false,דג טוב מקלוני דגים ב,,,דג טוב מקלוני דגים ב,גרמים,600.00,100 גרם,false,,37.90,6.3167,true,1,133487
7290014748651,false,דג טוב פילה אמנון מצ,,,דג טוב פילה אמנון מצ,גרמים,360.00,100 גרם,false,,39.90,11.0833,true,1,133489
7290014749764,false,שניצל עוף ביתי כזה ע,,,שניצל עוף ביתי כזה ע,גרמים,700.00,100 גרם,false,,45.90,6.5571,true,1,228485
7290014749801,false,רצועות שניצל צ'ילי צ,,,רצועות שניצל צ'ילי צ,גרמים,600.00,100 גרם,false,,42.90,7.1500,true,1,228523
7290014749849,false,שניצל עוף דקיק בציפו,,,שניצל עוף דקיק בציפו,גרמים,720.00,100 גרם,false,,42.90,5.9583,true,1,308092
7290014749887,false,שניצל עוף דקיק ענקיס,,,שניצל עוף דקיק ענקיס,גרמים,720.00,100 גרם,false,,42.90,5.9583,true,1,308078
7290014758100,false,יוגורט תנובה 3% 8*15,,,יוגורט תנובה 3% 8*15,קילוגרמים,1.20,"ק""ג",false,,17.90,14.9167,true,1,27739
7290014758117,false,יוגורט תנובה 1.5% 8*,,,יוגורט תנובה 1.5% 8*,קילוגרמים,1.20,"ק""ג",false,,17.90,14.9167,true,1,27740
7290014758162,false,חלב תנובה עיזים מלא,,,חלב תנובה עיזים מלא,ליטרים,1.00,ליטר,false,,16.90,16.9000,true,1,27742
7290014759084,false,נפוליאון 16% 225גר,,,נפוליאון 16% 225גר,גרמים,225.00,100 גרם,false,,15.90,7.0667,true,1,27764
7290014759909,false,פיראוס פטה עזים פירא,,,פיראוס פטה עזים פירא,גרמים,250.00,100 גרם,false,,32.90,13.1600,true,1,27779
7290014759978,false,גבינות תנובה קצקבל פ,,,גבינות תנובה קצקבל פ,גרמים,200.00,100 גרם,false,,30.90,15.4500,true,1,27781
7290014759985,false,גבינה קשה מחלב בקר 2,,,גבינה קשה מחלב בקר 2,גרמים,200.00,100 גרם,false,,29.90,14.9500,true,1,27782
7290014760134,false,גביע מעדן סויה בטעם,,,גביע מעדן סויה בטעם,גרמים,125.00,100 גרם,false,,4.90,3.9200,true,1,111707
7290014760141,false,תנובה משקה שקדים טרי,,,תנובה משקה שקדים טרי,יחידה,0.00,יחידה,false,,14.90,0.0000,true,1,27785
7290014760448,false,גלבוע 22% 400 גרם,,,גלבוע 22% 400 גרם,גרמים,400.00,100 גרם,false,,24.90,6.2250,true,1,27792
7290014760912,false,גוש חלב 28% מהדרין 4,,,גוש חלב 28% מהדרין 4,גרמים,400.00,100 גרם,false,,26.90,6.7250,true,1,27806
7290014761056,false,יולו שוקולד חלב מעול,,,יולו שוקולד חלב מעול,גרמים,122.00,100 גרם,false,,5.50,4.5082,true,1,27810
7290014761070,false,יולו שוקולד לבן מעול,,,יולו שוקולד לבן מעול,גרמים,122.00,100 גרם,false,,5.50,4.5082,true,1,27812
7290014761193,false,פרילי פירות יער 1.5%,,,פרילי פירות יער 1.5%,גרמים,125.00,100 גרם,false,,3.90,3.1200,true,1,27815
7290014762800,false,גביע מעדן סויה בטעם,,,גביע מעדן סויה בטעם,גרמים,125.00,100 גרם,false,,4.90,3.9200,true,1,92302
7290014762831,false,גבינת שמנת נפוליאון,,,גבינת שמנת נפוליאון,גרמים,225.00,100 גרם,false,,15.90,7.0667,true,1,27886
7290014762909,false,פתיתי מוצרלה 200 גר`,,,פתיתי מוצרלה 200 גר`,גרמים,200.00,100 גרם,false,,19.90,9.9500,true,1,27892
7290014763098,false,קרם גבינת שמנת 5% טו,,,קרם גבינת שמנת 5% טו,גרמים,200.00,100 גרם,false,,12.90,6.4500,true,1,27897
7290014763272,false,משקה סויה ביו עם תות,,,משקה סויה ביו עם תות,מיליליטרים,250.00,"100 מ""ל",false,,6.90,2.7600,true,1,27905
7290014789913,false,עוגיות אוראו  מארז 3,,,עוגיות אוראו  מארז 3,גרמים,528.00,100 גרם,false,,23.90,4.5265,true,1,5866
7290014791091,false,משקה למונייד שוופס 5,,,משקה למונייד שוופס 5,מיליליטרים,500.00,"100 מ""ל",false,,6.50,1.3000,true,1,12391
7290014855434,false,בייביסיטר פרפורמנס מ,,,בייביסיטר פרפורמנס מ,יחידה,0.00,יחידה,false,,18.90,0.0000,true,1,31704
7290014860094,false,"מקלוני אורז 3 מ""מ לל",,,"מקלוני אורז 3 מ""מ לל",גרמים,454.00,100 גרם,false,,9.90,2.1806,true,1,15253
7290014860247,false,שבבי אורז מרובעים לל,,,שבבי אורז מרובעים לל,גרמים,227.00,100 גרם,false,,10.90,4.8018,true,1,421304
7290014905160,false,הפי פניני ריח תפוז\ו,,,הפי פניני ריח תפוז\ו,גרמים,130.00,100 גרם,false,,16.90,13.0000,true,1,12174
7290014910461,false,"ערק יודה 700 מ""ל כשל",,,"ערק יודה 700 מ""ל כשל",מיליליטרים,700.00,"100 מ""ל",false,,65.90,9.4143,true,1,134062
7290014910515,false,שפרוטים מעושנים רויא,,,שפרוטים מעושנים רויא,גרמים,250.00,100 גרם,false,,14.90,5.9600,true,1,108115
7290014940901,false,לחם פשוט מלא אנגל 75,,,לחם פשוט מלא אנגל 75,גרמים,750.00,100 גרם,false,,15.90,2.1200,true,1,69779
7290014974562,false,עלמה גביעי גלידה 24,,,עלמה גביעי גלידה 24,גרמים,120.00,100 גרם,false,,6.90,5.7500,true,1,85273
7290015009010,false,חומץ בן יין אדום 5%ד,,,חומץ בן יין אדום 5%ד,מיליליטרים,500.00,"100 מ""ל",false,,20.60,4.1200,true,1,87946
7290015009041,false,חומץ תפוחים חומציות,,,חומץ תפוחים חומציות,מיליליטרים,500.00,"100 מ""ל",false,,20.60,4.1200,true,1,74392
7290015009201,false,ניוקי תפוחי אדמה עם,,,ניוקי תפוחי אדמה עם,גרמים,300.00,100 גרם,false,,11.00,3.6667,true,1,120556
7290015014168,false,עלי בייבי,,,עלי בייבי,גרמים,120.00,100 גרם,false,,7.90,6.5833,true,1,93672
7290015014182,false,לבבות חסה,,,לבבות חסה,יח',1.00,יח',false,,9.90,9.9000,true,1,94761
7290015014427,false,אורגנו (בוסתן),,,אורגנו (בוסתן),יח',1.00,יח',false,,4.90,4.9000,true,1,93962
7290015014458,false,מרווה (בוסתן),,,מרווה (בוסתן),יח',1.00,יח',false,,6.90,6.9000,true,1,93855
7290015014465,false,רוזמרין (בוסתן),,,רוזמרין (בוסתן),יח',1.00,יח',false,,6.90,6.9000,true,1,93856
7290015014472,false,קורנית(בוסתן),,,קורנית(בוסתן),יח',1.00,יח',false,,4.90,4.9000,true,1,93964
7290015039253,false,עלי גפן במי במלח ויל,,,עלי גפן במי במלח ויל,גרמים,620.00,100 גרם,false,,11.60,1.8710,true,1,3731
7290015129251,false,סקיני - פסטה פטוצ'ינ,,,סקיני - פסטה פטוצ'ינ,גרמים,270.00,100 גרם,false,,11.90,4.4074,true,1,271299
7290015129756,false,סקיני פסטה שיבולת שו,,,סקיני פסטה שיבולת שו,גרמים,270.00,100 גרם,false,,11.90,4.4074,true,1,399609
7290015150088,false,מחית עגבניות בלה איט,,,מחית עגבניות בלה איט,גרמים,700.00,100 גרם,false,,13.90,1.9857,true,1,26223
7290015150118,false,עגבניות חתוכות דק בל,,,עגבניות חתוכות דק בל,גרמים,400.00,100 גרם,false,,20.90,5.2250,true,1,26226
7290015150903,false,תה ירוק קינמון ודבש,,,תה ירוק קינמון ודבש,גרמים,37.50,100 גרם,false,,26.90,71.7333,true,1,26241
7290015155830,false,פאוץ' פרינוק מחית תפ,,,פאוץ' פרינוק מחית תפ,גרמים,120.00,100 גרם,false,,6.50,5.4167,true,1,106890
7290015164832,false,מחית ירוקה על בסיס ק,,,מחית ירוקה על בסיס ק,גרמים,400.00,100 גרם,false,,19.90,4.9750,true,1,15256
7290015164856,false,מחית אדומה על בסיס ק,,,מחית אדומה על בסיס ק,גרמים,400.00,100 גרם,false,,19.90,4.9750,true,1,15257
7290015193566,false,אובלטים שומשום 300 ג,,,אובלטים שומשום 300 ג,גרמים,300.00,100 גרם,false,,10.90,3.6333,true,1,72772
7290015251174,false,נובו סבון ידיים ירוק,,,נובו סבון ידיים ירוק,ליטרים,1.50,ליטר,false,,13.90,9.2667,true,1,41658
7290015251181,false,סבון ידיים כחול נובו,,,סבון ידיים כחול נובו,ליטרים,1.50,ליטר,false,,13.90,9.2667,true,1,41659
7290015251198,false,נובו סבון ידיים סגול,,,נובו סבון ידיים סגול,ליטרים,1.50,ליטר,false,,13.90,9.2667,true,1,41660
7290015282000,false,איקרה אדומה סלטי שמי,,,איקרה אדומה סלטי שמי,גרמים,200.00,100 גרם,false,,15.90,7.9500,true,1,19906
7290015282581,false,חומוס אבו גוש עם חרי,,,חומוס אבו גוש עם חרי,גרמים,200.00,100 גרם,false,,11.90,5.9500,true,1,79788
7290015282598,false,חומוס מסעדות,,,חומוס מסעדות,גרמים,200.00,100 גרם,false,,11.90,5.9500,true,1,79789
7290015282604,false,טחינה מיוחדת,,,טחינה מיוחדת,גרמים,200.00,100 גרם,false,,11.90,5.9500,true,1,79790
7290015282628,false,חציל בטעם כבד סלטי ש,,,חציל בטעם כבד סלטי ש,גרמים,200.00,100 גרם,false,,13.90,6.9500,true,1,79791
7290015282635,false,חומוס מסבחה,,,חומוס מסבחה,גרמים,200.00,100 גרם,false,,11.90,5.9500,true,1,79792
7290015282642,false,חומוס אבו גוש,,,חומוס אבו גוש,גרמים,200.00,100 גרם,false,,11.90,5.9500,true,1,79793
7290015282673,false,חציל במיונז ביתי,,,חציל במיונז ביתי,גרמים,200.00,100 גרם,false,,11.90,5.9500,true,1,79794
7290015282680,false,קישוא בטעם כבד סלטי,,,קישוא בטעם כבד סלטי,גרמים,200.00,100 גרם,false,,13.90,6.9500,true,1,79795
7290015282697,false,סלט כרוב אדום 200ג ש,,,סלט כרוב אדום 200ג ש,גרמים,200.00,100 גרם,false,,13.90,6.9500,true,1,79796
7290015282710,false,קוביות סלק סלטי שמיר,,,קוביות סלק סלטי שמיר,גרמים,200.00,100 גרם,false,,11.90,5.9500,true,1,79797
7290015282727,false,גזר מרוקאי ברוטב פיק,,,גזר מרוקאי ברוטב פיק,גרמים,200.00,100 גרם,false,,13.90,6.9500,true,1,79798
7290015282734,false,מטבוחה ביתית.,,,מטבוחה ביתית.,גרמים,200.00,100 גרם,false,,13.90,6.9500,true,1,79799
7290015282741,false,חציל תילאנדי סלטי שמ,,,חציל תילאנדי סלטי שמ,גרמים,200.00,100 גרם,false,,13.90,6.9500,true,1,79800
7290015282796,false,סלט תפוח אדמה 200 ג,,,סלט תפוח אדמה 200 ג,גרמים,200.00,100 גרם,false,,13.90,6.9500,true,1,79804
7290015324014,false,טעם וריח פלפל שחור ט,,,טעם וריח פלפל שחור ט,גרמים,80.00,100 גרם,false,,12.90,16.1250,true,1,49685
7290015324038,false,טעם וריח פפריקה בשמן,,,טעם וריח פפריקה בשמן,גרמים,80.00,100 גרם,false,,6.50,8.1250,true,1,49686
7290015324045,false,תבלין פפריקה חריפה ב,,,תבלין פפריקה חריפה ב,גרמים,80.00,100 גרם,false,,6.50,8.1250,true,1,49687
7290015324052,false,טעם וריח פפריקה מתוק,,,טעם וריח פפריקה מתוק,גרמים,80.00,100 גרם,false,,6.50,8.1250,true,1,49688
7290015324069,false,טעם וריח גריל עוף שק,,,טעם וריח גריל עוף שק,גרמים,80.00,100 גרם,false,,6.50,8.1250,true,1,49689
7290015324076,false,טעם וריח זעתר שקית 8,,,טעם וריח זעתר שקית 8,גרמים,80.00,100 גרם,false,,6.90,8.6250,true,1,49690
7290015324083,false,טעם וריח מלח לימון ש,,,טעם וריח מלח לימון ש,גרמים,80.00,100 גרם,false,,6.50,8.1250,true,1,49691
7290015324090,false,טעם וריח כמון שקית 8,,,טעם וריח כמון שקית 8,גרמים,80.00,100 גרם,false,,8.90,11.1250,true,1,49692
7290015324106,false,טעם וריח כורכום שקית,,,טעם וריח כורכום שקית,גרמים,80.00,100 גרם,false,,8.90,11.1250,true,1,49693
7290015324113,false,טעם וריח בהרט שקית 8,,,טעם וריח בהרט שקית 8,גרמים,80.00,100 גרם,false,,6.90,8.6250,true,1,49694
7290015324151,false,תבלין חוויאג למרק  ב,,,תבלין חוויאג למרק  ב,גרמים,80.00,100 גרם,false,,6.90,8.6250,true,1,49696
7290015324175,false,תערובת תיבול לשווארמ,,,תערובת תיבול לשווארמ,גרמים,80.00,100 גרם,false,,6.80,8.5000,true,1,49698
7290015374279,false,סיגר במילוי בשר 400,,,סיגר במילוי בשר 400,גרמים,400.00,100 גרם,false,,12.90,3.2250,true,1,67276
7290015374286,false,סיגר במילוי תפו'א 40,,,סיגר במילוי תפו'א 40,גרמים,400.00,100 גרם,false,,12.90,3.2250,true,1,67277
7290015374309,false,פסטל במילוי תפו'א 40,,,פסטל במילוי תפו'א 40,גרמים,400.00,100 גרם,false,,12.90,3.2250,true,1,67279
7290015395045,false,קינואה שקדיה 400 גרם,,,קינואה שקדיה 400 גרם,גרמים,400.00,100 גרם,false,,13.90,3.4750,true,1,5456
7290015437646,false,מחית עגבניות איטלקיו,,,מחית עגבניות איטלקיו,גרמים,680.00,100 גרם,false,,12.10,1.7794,true,1,416520
7290015603188,false,אטריות ביצים מזרח ומ,,,אטריות ביצים מזרח ומ,גרמים,454.00,100 גרם,false,,10.90,2.4009,true,1,15260
7290015603546,false,שימורי קרם קוקוס 17-,,,שימורי קרם קוקוס 17-,מיליליטרים,400.00,"100 מ""ל",false,,9.90,2.4750,true,1,15267
7290015603560,false,שימורי קרם קוקוס 20-,,,שימורי קרם קוקוס 20-,מיליליטרים,400.00,"100 מ""ל",false,,9.90,2.4750,true,1,63171
7290015603591,false,ג'ינג'ר ורוד כבוש לל,,,ג'ינג'ר ורוד כבוש לל,גרמים,160.00,100 גרם,false,,8.90,5.5625,true,1,471049
7290015644297,false,6 לחמניות פשוט מלא א,,,6 לחמניות פשוט מלא א,יחידה,0.00,יחידה,false,,11.90,0.0000,true,1,79190
7290015644426,false,לחם מחמצת חיטה מלאה,,,לחם מחמצת חיטה מלאה,גרמים,600.00,100 גרם,false,,18.90,3.1500,true,1,69782
7290015644433,false,לחם מחמצת 100% שיפון,,,לחם מחמצת 100% שיפון,גרמים,600.00,100 גרם,false,,18.90,3.1500,true,1,69783
7290015652254,false,גרעיני חמניה קלויים,,,גרעיני חמניה קלויים,גרמים,400.00,100 גרם,false,,10.00,2.5000,true,1,5475
7290015652322,false,בוטנים אמריקאים מצופ,,,בוטנים אמריקאים מצופ,גרמים,400.00,100 גרם,false,,10.00,2.5000,true,1,117739
7290015733144,false,מטרנה גולד שלב שתיים,,,מטרנה גולד שלב שתיים,גרמים,700.00,100 גרם,false,,79.90,11.4143,true,1,125581
7290015781121,false,אימפרשן קברנה סובניו,,,אימפרשן קברנה סובניו,מיליליטרים,750.00,"100 מ""ל",false,,54.90,7.3200,true,1,12489
7290015858229,false,ממרח טפנד זיתי קלמטה,,,ממרח טפנד זיתי קלמטה,גרמים,180.00,100 גרם,false,,18.90,10.5000,true,1,141139
7290015858427,false,מארז שלישיית ממרחים,,,מארז שלישיית ממרחים,גרמים,240.00,100 גרם,false,,27.00,11.2500,true,1,445652
7290015968782,false,פדים להסרת איפור במא,,,פדים להסרת איפור במא,יחידה,0.00,יחידה,false,,17.90,0.0000,true,1,107472
7290016006025,false,שוופס סודה 500מל,,,שוופס סודה 500מל,מיליליטרים,500.00,"100 מ""ל",false,,3.90,0.7800,true,1,12428
7290016006339,false,מי עדן רביעייה 1 ליט,,,מי עדן רביעייה 1 ליט,ליטרים,4.00,ליטר,false,,11.90,2.9750,true,1,12437
7290016006346,false,שוופס סודה שישייה 0.,,,שוופס סודה שישייה 0.,ליטרים,3.00,ליטר,false,,16.90,5.6333,true,1,12438
7290016087239,false,רוטב עגבניות לשקשוקה,,,רוטב עגבניות לשקשוקה,גרמים,240.00,100 גרם,false,,6.90,2.8750,true,1,96778
7290016096491,false,נתחי טונה בשמן צמחי,,,נתחי טונה בשמן צמחי,גרמים,240.00,100 גרם,false,,11.90,4.9583,true,1,123088
7290016114300,false,לילי גליל כפול 16 גל,,,לילי גליל כפול 16 גל,מטרים,588.00,מטר,false,,40.90,0.0696,true,1,9827
7290016150711,false,AVEL נוזל קוקוס תאיל,,,AVEL נוזל קוקוס תאיל,מיליליטרים,400.00,"100 מ""ל",false,,5.90,1.4750,true,1,134075
7290016162233,false,עוגיות דיזרט פרימיום,,,עוגיות דיזרט פרימיום,גרמים,200.00,100 גרם,false,,22.90,11.4500,true,1,70279
7290016197488,false,מטלית קסם לשיש מארז,,,מטלית קסם לשיש מארז,יחידה,0.00,יחידה,false,,12.90,0.0000,true,1,9842
7290016197495,false,מטלית קסם לרצפה מארז,,,מטלית קסם לרצפה מארז,יחידה,0.00,יחידה,false,,20.90,0.0000,true,1,9843
7290016197839,false,ניקול השקית החזקה XL,,,ניקול השקית החזקה XL,יחידה,0.00,יחידה,false,,27.90,0.0000,true,1,9849
7290016217735,false,חציל על האש סלטי שמי,,,חציל על האש סלטי שמי,גרמים,200.00,100 גרם,false,,11.90,5.9500,true,1,79805
7290016217742,false,חציל בטחינה סלטי שמי,,,חציל בטחינה סלטי שמי,גרמים,200.00,100 גרם,false,,11.90,5.9500,true,1,79806
7290016217759,false,חצילים בסגנון מרוקאי,,,חצילים בסגנון מרוקאי,גרמים,200.00,100 גרם,false,,13.90,6.9500,true,1,79807
7290016246018,false,בארכה מיקס פינוקיות,,,בארכה מיקס פינוקיות,גרמים,200.00,100 גרם,false,,14.90,7.4500,true,1,21405
7290016273090,false,סוכרית לוליפופ על מק,,,סוכרית לוליפופ על מק,גרמים,31.00,100 גרם,false,,5.50,17.7419,true,1,141291
7290016277630,false,צנובר טבעי 150 גרם ש,,,צנובר טבעי 150 גרם ש,גרמים,150.00,100 גרם,false,,33.90,22.6000,true,1,267350
7290016319187,false,עוגיות סנדוויץ שוקו,,,עוגיות סנדוויץ שוקו,גרמים,300.00,100 גרם,false,,17.90,5.9667,true,1,270812
7290016319194,false,עוגיות סנדוויץ שוקו,,,עוגיות סנדוויץ שוקו,גרמים,300.00,100 גרם,false,,17.90,5.9667,true,1,270813
7290016321661,false,מגבוני פרש וואנס רבי,,,מגבוני פרש וואנס רבי,יחידה,0.00,יחידה,false,,21.90,0.0000,true,1,143283
7290016321678,false,פרשוואנס רביעייה נטו,,,פרשוואנס רביעייה נטו,יחידה,0.00,יחידה,false,,21.90,0.0000,true,1,143277
7290016334166,false,לוף רגיל ארוז ליח,,,לוף רגיל ארוז ליח,יח',1.00,יח',false,,8.90,8.9000,true,1,93857
7290016334500,false,לבבות חסה זוגות בשקי,,,לבבות חסה זוגות בשקי,יח',1.00,יח',false,,9.90,9.9000,true,1,93867
7290016334654,false,תרד ניו-זילנדי,,,תרד ניו-זילנדי,גרמים,300.00,100 גרם,false,,12.90,4.3000,true,1,214535
7290016334784,false,ג'ינג'ר ארוז 200 גרם,,,ג'ינג'ר ארוז 200 גרם,יח',1.00,יח',false,,11.90,11.9000,true,1,60027
7290016334883,false,שרי תמר יח',,,שרי תמר יח',יח',1.00,יח',false,,9.90,9.9000,true,1,144989
7290016334975,false,אספרגוס ארוז,,,אספרגוס ארוז,יח',1.00,יח',false,,34.90,34.9000,true,1,125449
7290016370324,false,מיקס זיתים עם קלמטה,,,מיקס זיתים עם קלמטה,גרמים,560.00,100 גרם,false,,17.90,3.1964,true,1,277112
7290016372373,false,רסק עגבניות איטליה ב,,,רסק עגבניות איטליה ב,גרמים,280.00,100 גרם,false,,8.90,3.1786,true,1,97016
7290016372489,false,סודות הצמחים ג'ינג'ר,,,סודות הצמחים ג'ינג'ר,גרמים,30.00,100 גרם,false,,19.90,66.3333,true,1,97724
7290016408294,false,מרשמלו ורוד לבן 150,,,מרשמלו ורוד לבן 150,גרמים,150.00,100 גרם,false,,6.90,4.6000,true,1,42385
7290016509809,false,פרסיל ג'ל 2.5 ליטר ק,,,פרסיל ג'ל 2.5 ליטר ק,ליטרים,2.50,ליטר,false,,37.90,15.1600,true,1,124915
7290016513974,false,קרפלך במילוי פטריות,,,קרפלך במילוי פטריות,יח',1.00,יח',false,,22.90,22.9000,true,1,462480
7290016513981,false,קרפלך במילוי תפוח אד,,,קרפלך במילוי תפוח אד,יח',1.00,יח',false,,19.90,19.9000,true,1,462481
7290016584004,false,חטיפוני גזר 130 גרם,,,חטיפוני גזר 130 גרם,גרמים,150.00,100 גרם,false,,5.90,3.9333,true,1,55972
7290016584011,false,חטיפוני גזר 350 גרם,,,חטיפוני גזר 350 גרם,גרמים,350.00,100 גרם,false,,12.90,3.6857,true,1,114344
7290016682328,false,פרי ניב מיץ תפוזים ט,,,פרי ניב מיץ תפוזים ט,ליטרים,2.00,ליטר,false,,21.80,10.9000,true,1,364926
7290016682441,false,פריניב מיץ תפוזים סח,,,פריניב מיץ תפוזים סח,ליטרים,1.00,ליטר,false,,16.90,16.9000,true,1,388476
7290016717754,false,"ישן נושן 750מ""ל.",,,"ישן נושן 750מ""ל.",מיליליטרים,750.00,"100 מ""ל",false,,20.90,2.7867,true,1,116021
7290016867039,false,פיתות קלות כוסמין בת,,,פיתות קלות כוסמין בת,גרמים,324.00,100 גרם,false,,17.80,5.4938,true,1,352153
7290016867046,false,פיתות קלות כוסמין במ,,,פיתות קלות כוסמין במ,גרמים,303.00,100 גרם,false,,17.80,5.8746,true,1,352154
7290016867114,false,לחם כוסמין קל מלא 50,,,לחם כוסמין קל מלא 50,גרמים,500.00,100 גרם,false,,21.00,4.2000,true,1,352087
7290016867152,false,פיתות קלות כוסמין 29,,,פיתות קלות כוסמין 29,גרמים,292.00,100 גרם,false,,15.70,5.3767,true,1,352137
7290016867176,false,לחמניות ק. כוסמין שו,,,לחמניות ק. כוסמין שו,גרמים,300.00,100 גרם,false,,16.80,5.6000,true,1,352138
7290016867237,false,לחם קל כוסמין במתיקו,,,לחם קל כוסמין במתיקו,גרמים,400.00,100 גרם,false,,21.80,5.4500,true,1,352088
7290016967074,false,חיטה מלאה אנגל 750 ג,,,חיטה מלאה אנגל 750 ג,גרמים,750.00,100 גרם,false,,17.90,2.3867,true,1,69616
7290016998184,false,עלי חסה ערבית שטופה,,,עלי חסה ערבית שטופה,גרמים,250.00,100 גרם,false,,10.90,4.3600,true,1,306885
7290016998191,false,מיקס עלי ביבי 120 גר,,,מיקס עלי ביבי 120 גר,גרמים,120.00,100 גרם,false,,9.90,8.2500,true,1,306886
7290016998207,false,לקט קסם השדה 350 גר,,,לקט קסם השדה 350 גר,גרמים,350.00,100 גרם,false,,10.90,3.1143,true,1,306887
7290016998221,false,מיקס צבעי הטבע 350 ג,,,מיקס צבעי הטבע 350 ג,גרמים,350.00,100 גרם,false,,10.90,3.1143,true,1,306563
7290016998238,false,כרוב לבן קצוץ 400 גר,,,כרוב לבן קצוץ 400 גר,גרמים,400.00,100 גרם,false,,8.90,2.2250,true,1,306889
7290016998269,false,לקט קולסלאו 400 גר,,,לקט קולסלאו 400 גר,גרמים,400.00,100 גרם,false,,8.90,2.2250,true,1,306892
7290016998276,false,גזר חתוך דק 250 גר,,,גזר חתוך דק 250 גר,גרמים,250.00,100 גרם,false,,7.90,3.1600,true,1,306893
7290016998320,false,לבבות קיסר  מארז,,,לבבות קיסר  מארז,יח',1.00,יח',false,,11.90,11.9000,true,1,306898
7290017023229,false,רביעיית משקה שוופס ב,,,רביעיית משקה שוופס ב,ליטרים,1.32,ליטר,false,,14.90,11.2879,true,1,121651
7290017023236,false,רביעיית משקה שוופס ב,,,רביעיית משקה שוופס ב,ליטרים,1.32,ליטר,false,,14.90,11.2879,true,1,121652
7290017023663,false,רביעיית משקה שוופס ל,,,רביעיית משקה שוופס ל,ליטרים,1.32,ליטר,false,,14.90,11.2879,true,1,128514
7290017023670,false,פחית שוופס לימונייד,,,פחית שוופס לימונייד,מיליליטרים,330.00,"100 מ""ל",false,,5.20,1.5758,true,1,128763
7290017023854,false,"שוופס סודה 250 מ""ל ר",,,"שוופס סודה 250 מ""ל ר",ליטרים,1.00,ליטר,false,,13.90,13.9000,true,1,136989
7290017031705,false,משחת שיניים קלין&פרש,,,משחת שיניים קלין&פרש,מיליליטרים,75.00,"100 מ""ל",false,,22.70,30.2667,true,1,133981
7290017058573,false,פרוסות פלפל חלפיניו,,,פרוסות פלפל חלפיניו,גרמים,340.00,100 גרם,false,,10.90,3.2059,true,1,138970
7290017062686,false,מרכך כביסה מרוכז טאצ,,,מרכך כביסה מרוכז טאצ,ליטרים,1.00,ליטר,false,,14.90,14.9000,true,1,276800
7290017062723,false,מרכך כביסה מרוכז טאצ,,,מרכך כביסה מרוכז טאצ,ליטרים,1.00,ליטר,false,,14.90,14.9000,true,1,276802
7290017065137,false,גבינה ריקוטה למריחה,,,גבינה ריקוטה למריחה,גרמים,200.00,100 גרם,false,,10.90,5.4500,true,1,107730
7290017065144,false,גבינה ריקוטה למריחה,,,גבינה ריקוטה למריחה,גרמים,200.00,100 גרם,false,,10.90,5.4500,true,1,107731
7290017065236,false,בולגרית מעודנת 24% 2,,,בולגרית מעודנת 24% 2,גרמים,250.00,100 גרם,false,,23.90,9.5600,true,1,121768
7290017065434,false,גד פרוסות גאודה 200,,,גד פרוסות גאודה 200,גרמים,200.00,100 גרם,false,,23.90,11.9500,true,1,141391
7290017065441,false,גד פרוסות גאודה עיזי,,,גד פרוסות גאודה עיזי,גרמים,200.00,100 גרם,false,,37.90,18.9500,true,1,141392
7290017065526,false,גד קוואטרו פורמאג'י,,,גד קוואטרו פורמאג'י,גרמים,300.00,100 גרם,false,,31.90,10.6333,true,1,141397
7290017065649,false,קרם פטיסייר גד 250 ג,,,קרם פטיסייר גד 250 ג,גרמים,250.00,100 גרם,false,,21.90,8.7600,true,1,230897
7290017065731,false,גבינת שמנת ניו יורק,,,גבינת שמנת ניו יורק,גרמים,200.00,100 גרם,false,,13.90,6.9500,true,1,302578
7290017088105,false,ביייביסיטר נוחות מיד,,,ביייביסיטר נוחות מיד,יח',40.00,יח',false,,34.90,0.8725,true,1,122199
7290017088631,false,מגבון Tooly רביעייה,,,מגבון Tooly רביעייה,יחידה,0.00,יחידה,false,,12.90,0.0000,true,1,225936
7290017088839,false,תחבושות Breeze לבריח,,,תחבושות Breeze לבריח,יח',12.00,יח',false,,19.90,1.6583,true,1,311248
7290017090979,false,מגהץ אדים וקיטור,,,מגהץ אדים וקיטור,יחידה,0.00,יחידה,false,,69.90,0.0000,true,1,249220
7290017094199,false,מעדן חצילים  200 גרם,,,מעדן חצילים  200 גרם,גרמים,200.00,100 גרם,false,,11.90,5.9500,true,1,298884
7290017105062,false,חומוס 6OZ יכין 200 ג,,,חומוס 6OZ יכין 200 ג,גרמים,200.00,100 גרם,false,,4.90,2.4500,true,1,103954
7290017105079,false,שעועית אפויה 6OZ יכי,,,שעועית אפויה 6OZ יכי,גרמים,200.00,100 גרם,false,,4.90,2.4500,true,1,103955
7290017105086,false,שעועית צ'ילי 6OZ יכי,,,שעועית צ'ילי 6OZ יכי,גרמים,200.00,100 גרם,false,,4.90,2.4500,true,1,103956
7290017105116,false,תורמוס 6OZ יכין 200,,,תורמוס 6OZ יכין 200,גרמים,200.00,100 גרם,false,,4.90,2.4500,true,1,103959
7290017105123,false,פול מצרי 6OZ יכין 20,,,פול מצרי 6OZ יכין 20,גרמים,200.00,100 גרם,false,,4.90,2.4500,true,1,103960
7290017105468,false,אפונה יכין 3*120 גרם,,,אפונה יכין 3*120 גרם,גרמים,360.00,100 גרם,false,,14.90,4.1389,true,1,212961
7290017105550,false,מאגדת רסק עגבניות יכ,,,מאגדת רסק עגבניות יכ,גרמים,400.00,100 גרם,false,,12.90,3.2250,true,1,212589
7290017105895,false,גרגרי חומוס מסעדות י,,,גרגרי חומוס מסעדות י,גרמים,550.00,100 גרם,false,,10.90,1.9818,true,1,246185
7290017129822,false,לני מטבעות שוקולד מר,,,לני מטבעות שוקולד מר,גרמים,36.00,100 גרם,false,,3.90,10.8333,true,1,131340
7290017142128,false,שמן זית כתית מעולה ק,,,שמן זית כתית מעולה ק,מיליליטרים,750.00,"100 מ""ל",false,,37.90,5.0533,true,1,109483
7290017142159,false,נתחי טונה בהירה בשמן,,,נתחי טונה בהירה בשמן,גרמים,240.00,100 גרם,false,,26.90,11.2083,true,1,123286
7290017142166,false,פילה טונה פרוס עם בש,,,פילה טונה פרוס עם בש,גרמים,120.00,100 גרם,false,,16.90,14.0833,true,1,140175
7290017142180,false,פילה טונה פרוס זית ל,,,פילה טונה פרוס זית ל,גרמים,120.00,100 גרם,false,,16.90,14.0833,true,1,140176
7290017142371,false,שמן שומשום לא מזוכך,,,שמן שומשום לא מזוכך,מיליליטרים,250.00,"100 מ""ל",false,,34.90,13.9600,true,1,198964
7290017142388,false,שמן חמניות פלוס אומג,,,שמן חמניות פלוס אומג,ליטרים,1.00,ליטר,false,,18.40,18.4000,true,1,153885
7290017304885,false,לחם שיפון וחיטה מלאה,,,לחם שיפון וחיטה מלאה,גרמים,750.00,100 גרם,false,,17.90,2.3867,true,1,152467
7290017589565,false,"קלאסיק גוורץ 750 מ""ל",,,"קלאסיק גוורץ 750 מ""ל",מיליליטרים,750.00,"100 מ""ל",false,,35.50,4.7333,true,1,138023
7290017599267,false,סוכרזית סוכרלוז ממתי,,,סוכרזית סוכרלוז ממתי,גרמים,120.00,100 גרם,false,,26.90,22.4167,true,1,474218
7290017617046,false,טונה בשמן זית סטארקי,,,טונה בשמן זית סטארקי,גרמים,560.00,100 גרם,false,,31.90,5.6964,true,1,209611
7290017617107,false,סטארקיסט מיקס 185 גר,,,סטארקיסט מיקס 185 גר,גרמים,185.00,100 גרם,false,,13.90,7.5135,true,1,364679
7290017637594,false,שמפו שיער רגיל  MB S,,,שמפו שיער רגיל  MB S,מיליליטרים,500.00,"100 מ""ל",false,,25.90,5.1800,true,1,432630
7290017647425,false,יין גמלא קברנה סובינ,,,יין גמלא קברנה סובינ,מיליליטרים,750.00,"100 מ""ל",false,,65.90,8.7867,true,1,248607
7290017696393,false,בורגר פטריות מן הצומ,,,בורגר פטריות מן הצומ,גרמים,500.00,100 גרם,false,,34.90,6.9800,true,1,246972
7290017812052,false,אקסלנס שיראז קברנה ס,,,אקסלנס שיראז קברנה ס,מיליליטרים,750.00,"100 מ""ל",false,,30.90,4.1200,true,1,135188
7290017812571,false,תירוש מיץ ענבים אדום,,,תירוש מיץ ענבים אדום,ליטרים,1.00,ליטר,false,,22.90,22.9000,true,1,215855
7290017812618,false,מיץ ענבים רוזה תירוש,,,מיץ ענבים רוזה תירוש,ליטרים,1.00,ליטר,false,,22.90,22.9000,true,1,231630
7290017872056,false,פמלי אל סבון סידרה ל,,,פמלי אל סבון סידרה ל,מיליליטרים,500.00,"100 מ""ל",false,,17.90,3.5800,true,1,238810
7290017888095,false,רביעיית מ.עדין שוופס,,,רביעיית מ.עדין שוופס,ליטרים,1.32,ליטר,false,,12.90,9.7727,true,1,141805
7290017888644,false,פרוט & וג' אננס בננה,,,פרוט & וג' אננס בננה,גרמים,330.00,100 גרם,false,,8.90,2.6970,true,1,222759
7290017888729,false,שוופס סודה 1 ליטר,,,שוופס סודה 1 ליטר,ליטרים,1.00,ליטר,false,,4.90,4.9000,true,1,233044
7290017888972,false,מי עדן פקק ספורט 1 ל,,,מי עדן פקק ספורט 1 ל,ליטרים,1.00,ליטר,false,,4.90,4.9000,true,1,238451
7290017894041,false,דגש פתיתי שיבולת שוע,,,דגש פתיתי שיבולת שוע,גרמים,400.00,100 גרם,false,,20.90,5.2250,true,1,271106
7290017894065,false,דגש - תערובת רב תכלי,,,דגש - תערובת רב תכלי,גרמים,500.00,100 גרם,false,,17.90,3.5800,true,1,271586
7290017928524,false,בייגלה שטוח ניגובים,,,בייגלה שטוח ניגובים,גרמים,300.00,100 גרם,false,,13.90,4.6333,true,1,358639
7290017928685,false,בייגלה שמיניות עם מל,,,בייגלה שמיניות עם מל,גרמים,400.00,100 גרם,false,,13.90,3.4750,true,1,354319
7290017928746,false,פירורי בייגלה מאיר ב,,,פירורי בייגלה מאיר ב,גרמים,200.00,100 גרם,false,,7.90,3.9500,true,1,407213
7290017928807,false,אצבעות שומשום מאיר ב,,,אצבעות שומשום מאיר ב,גרמים,300.00,100 גרם,false,,13.90,4.6333,true,1,211082
7290017941288,false,נר נשמה 24 שעות,,,נר נשמה 24 שעות,יחידה,0.00,יחידה,false,,2.50,0.0000,true,1,328287
7290017941332,false,נרונים 66 יח' 6 שעות,,,נרונים 66 יח' 6 שעות,יחידה,0.00,יחידה,false,,26.90,0.0000,true,1,339908
7290017941349,false,נרונים 72 יח' 4 שעות,,,נרונים 72 יח' 4 שעות,יחידה,0.00,יחידה,false,,24.90,0.0000,true,1,339909
7290017941370,false,להבונים 50 יח' 3 שעו,,,להבונים 50 יח' 3 שעו,יחידה,0.00,יחידה,false,,10.90,0.0000,true,1,328291
7290017941400,false,כוסות 4OZ אספרסו 50,,,כוסות 4OZ אספרסו 50,יחידה,0.00,יחידה,false,,10.90,0.0000,true,1,317958
7290017941462,false,כוסות שתיה חמה 8B  י,,,כוסות שתיה חמה 8B  י,יחידה,0.00,יחידה,false,,10.90,0.0000,true,1,298911
7290017941615,false,רדיד אלומניום כוכבים,,,רדיד אלומניום כוכבים,מטרים,60.00,מטר,false,,29.90,0.4983,true,1,291606
7290017941707,false,זוג מפות אירוח 120*1,,,זוג מפות אירוח 120*1,יחידה,0.00,יחידה,false,,8.90,0.0000,true,1,328308
7290017941776,false,מארז צלחות מהודר 20+,,,מארז צלחות מהודר 20+,יחידה,0.00,יחידה,false,,58.90,0.0000,true,1,288510
7290017941790,false,ניילון נצמד 30*30 עם,,,ניילון נצמד 30*30 עם,מטרים,30.00,מטר,false,,9.90,0.3300,true,1,328292
7290017941929,false,"שיפודי יקטורי 18 ס""מ",,,"שיפודי יקטורי 18 ס""מ",יחידה,0.00,יחידה,false,,7.90,0.0000,true,1,294234
7290017941936,false,"כוסות לברד 330 מ""ל 4",,,"כוסות לברד 330 מ""ל 4",מיליליטרים,330.00,"100 מ""ל",false,,11.90,3.6061,true,1,295796
7290017941998,false,שיפודים רחבים לקבב 9,,,שיפודים רחבים לקבב 9,יחידה,0.00,יחידה,false,,6.90,0.0000,true,1,294218
7290017946368,false,סוד כדוריות לאסלה P.,,,סוד כדוריות לאסלה P.,גרמים,150.00,100 גרם,false,,20.90,13.9333,true,1,279817
7290017947105,false,לחם בסגנון אמריקה אנ,,,לחם בסגנון אמריקה אנ,גרמים,500.00,100 גרם,false,,15.90,3.1800,true,1,212978
7290017947464,false,שמיניית פיתות כוסמין,,,שמיניית פיתות כוסמין,גרמים,400.00,100 גרם,false,,17.90,4.4750,true,1,259658
7290017947495,false,6 לחמניות כוסמין אנג,,,6 לחמניות כוסמין אנג,גרמים,450.00,100 גרם,false,,16.90,3.7556,true,1,274420
7290017947891,false,לחם כוסמין וחיטה מלא,,,לחם כוסמין וחיטה מלא,גרמים,750.00,100 גרם,false,,17.90,2.3867,true,1,211758
7290017947921,true,מארז לחמניות המבורגר,,,מארז לחמניות המבורגר,גרמים,450.00,100 גרם,false,,15.90,3.5333,true,1,234945
7290017947938,false,8 לחמניות המבורגר בס,,,8 לחמניות המבורגר בס,גרמים,4000.00,100 גרם,false,,15.90,0.3975,true,1,274852
7290017974255,false,קרפלך במילוי גבינה מ,,,קרפלך במילוי גבינה מ,יח',1.00,יח',false,,27.90,27.9000,true,1,462497
7290017974873,false,כיסונים למרק במילוי,,,כיסונים למרק במילוי,יח',1.00,יח',false,,31.90,31.9000,true,1,462266
7290018023006,false,זית קלמטה סבא חביב 2,,,זית קלמטה סבא חביב 2,גרמים,215.00,100 גרם,false,,12.90,6.0000,true,1,215836
7290018023020,false,זית שחור מרוקאי סבא,,,זית שחור מרוקאי סבא,גרמים,215.00,100 גרם,false,,12.90,6.0000,true,1,215838
7290018023037,false,זיתים מתובלים צ'ימיש,,,זיתים מתובלים צ'ימיש,גרמים,215.00,100 גרם,false,,11.90,5.5349,true,1,215839
7290018023044,false,זיתים לימון כבוש סבא,,,זיתים לימון כבוש סבא,גרמים,215.00,100 גרם,false,,11.90,5.5349,true,1,215840
7290018023495,false,טחינה גולמית סבא חבי,,,טחינה גולמית סבא חבי,גרמים,500.00,100 גרם,false,,16.90,3.3800,true,1,452077
7290018029206,false,עוגיות כתר ריבה מיקס,,,עוגיות כתר ריבה מיקס,גרמים,600.00,100 גרם,false,,22.90,3.8167,true,1,142084
7290018043196,false,חטיף חלבון בטעם שוקו,,,חטיף חלבון בטעם שוקו,גרמים,60.00,100 גרם,false,,15.90,26.5000,true,1,417520
7290018043844,false,חטיף חלבון בטעם בוטנ,,,חטיף חלבון בטעם בוטנ,גרמים,60.00,100 גרם,false,,15.90,26.5000,true,1,417521
7290018045695,false,דגנים במילוי קרם קרמ,,,דגנים במילוי קרם קרמ,גרמים,480.00,100 גרם,false,,23.90,4.9792,true,1,385476
7290018045893,false,דגנים במילוי קרם נוג,,,דגנים במילוי קרם נוג,גרמים,480.00,100 גרם,false,,23.90,4.9792,true,1,385477
7290018091616,false,מקלות פילו גבינה 450,,,מקלות פילו גבינה 450,גרמים,450.00,100 גרם,false,,18.90,4.2000,true,1,244814
7290018091838,false,חטיפי בורקס מבצק פיל,,,חטיפי בורקס מבצק פיל,גרמים,600.00,100 גרם,false,,26.90,4.4833,true,1,282393
7290018131756,false,נסטלה וניל מצופה תות,,,נסטלה וניל מצופה תות,גרמים,440.00,100 גרם,false,,31.90,7.2500,true,1,290399
7290018131879,false,אקסטרים מאגדת טילון,,,אקסטרים מאגדת טילון,גרמים,432.00,100 גרם,false,,39.90,9.2361,true,1,310824
7290018131978,false,אוראו טילון 68 גרם,,,אוראו טילון 68 גרם,גרמים,68.00,100 גרם,false,,8.90,13.0882,true,1,318852
7290018236086,false,ע.ט. נקניקיות עוף 12,,,ע.ט. נקניקיות עוף 12,קילוגרמים,1.00,"ק""ג",false,,35.90,35.9000,true,1,319302
7290018237281,false,נקניק סלמי ירדן עוף,,,נקניק סלמי ירדן עוף,גרמים,550.00,100 גרם,false,,25.90,4.7091,true,1,351124
7290018237397,false,פסטרמה מקורמלת נתח ש,,,פסטרמה מקורמלת נתח ש,גרמים,300.00,100 גרם,false,,30.90,10.3000,true,1,327409
7290018237410,false,פסטרמה במעשנה נתח של,,,פסטרמה במעשנה נתח של,גרמים,300.00,100 גרם,false,,30.90,10.3000,true,1,327410
7290018237502,false,עוף טוב דק דק כתף בק,,,עוף טוב דק דק כתף בק,גרמים,200.00,100 גרם,false,,23.90,11.9500,true,1,377090
7290018237939,false,שניצלונים ציפוי שומש,,,שניצלונים ציפוי שומש,גרמים,700.00,100 גרם,false,,21.90,3.1286,true,1,450867
7290018237960,false,כתף בקר עסיסי עוף טו,,,כתף בקר עסיסי עוף טו,גרמים,265.00,100 גרם,false,,27.90,10.5283,true,1,470183
7290018249123,false,כמו סוכר אינסטנט פוד,,,כמו סוכר אינסטנט פוד,גרמים,50.00,100 גרם,false,,13.90,27.8000,true,1,242682
7290018249222,false,אבקה כמו סוכר 100 גר,,,אבקה כמו סוכר 100 גר,קילוגרמים,100.00,"ק""ג",false,,15.90,0.1590,true,1,242683
7290018249802,false,כמו סוכר באריזת צנצנ,,,כמו סוכר באריזת צנצנ,קילוגרמים,280.00,"ק""ג",false,,30.90,0.1104,true,1,242666
7290018294208,false,יין אדום ישראלי סלקט,,,יין אדום ישראלי סלקט,מיליליטרים,750.00,"100 מ""ל",false,,32.90,4.3867,true,1,339634
7290018294352,false,"ארק יקבי כרמל 700 מ""",,,"ארק יקבי כרמל 700 מ""",מיליליטרים,700.00,"100 מ""ל",false,,60.20,8.6000,true,1,400893
7290018359129,false,פאסאטה מחית עגבניות,,,פאסאטה מחית עגבניות,גרמים,690.00,100 גרם,false,,10.90,1.5797,true,1,290230
7290018359334,false,רכז עגבניות טבעי פרי,,,רכז עגבניות טבעי פרי,גרמים,580.00,100 גרם,false,,10.90,1.8793,true,1,264732
7290018359495,false,תירס מהשדה בלי תוספת,,,תירס מהשדה בלי תוספת,גרמים,550.00,100 גרם,false,,10.90,1.9818,true,1,264759
7290018359686,false,חומוס ענק יכין 550 ג,,,חומוס ענק יכין 550 ג,גרמים,550.00,100 גרם,false,,10.90,1.9818,true,1,343664
7290018359716,false,רוטב פיצה טוסקנה יכי,,,רוטב פיצה טוסקנה יכי,גרמים,240.00,100 גרם,false,,6.50,2.7083,true,1,299363
7290018359853,false,עדשים שחורות יכין 40,,,עדשים שחורות יכין 40,גרמים,400.00,100 גרם,false,,8.90,2.2250,true,1,343665
7290018359877,false,רסק עגבניות טבעי יכי,,,רסק עגבניות טבעי יכי,גרמים,600.00,100 גרם,false,,17.90,2.9833,true,1,389603
7290018359938,false,רוטב עגבניות לשקשוקה,,,רוטב עגבניות לשקשוקה,גרמים,400.00,100 גרם,false,,13.90,3.4750,true,1,448372
7290018359945,false,חאריפה - רוטב פיקנטי,,,חאריפה - רוטב פיקנטי,גרמים,400.00,100 גרם,false,,13.90,3.4750,true,1,448373
7290018359952,false,רוטב עגבניות לפסטה י,,,רוטב עגבניות לפסטה י,גרמים,400.00,100 גרם,false,,13.90,3.4750,true,1,448374
7290018400234,false,חומוס לחומוס סנפרוסט,,,חומוס לחומוס סנפרוסט,גרמים,800.00,100 גרם,false,,20.90,2.6125,true,1,292596
7290018400456,false,שייק smoothie עם פיט,,,שייק smoothie עם פיט,גרמים,300.00,100 גרם,false,,19.90,6.6333,true,1,411190
7290018400807,false,טברנה יוונית סנפרוסט,,,טברנה יוונית סנפרוסט,גרמים,600.00,100 גרם,false,,28.90,4.8167,true,1,263441
7290018440223,false,חווית הצ'אי- מסאלה ע,,,חווית הצ'אי- מסאלה ע,גרמים,50.00,100 גרם,false,,23.90,47.8000,true,1,362930
7290018440230,false,חווית הצ'אי- ורדים 2,,,חווית הצ'אי- ורדים 2,גרמים,50.00,100 גרם,false,,23.90,47.8000,true,1,362931
7290018440247,false,חווית הצ'אי- שקדים 2,,,חווית הצ'אי- שקדים 2,גרמים,50.00,100 גרם,false,,23.90,47.8000,true,1,362932
7290018440254,false,חווית הצ'אי- קרמל מל,,,חווית הצ'אי- קרמל מל,גרמים,50.00,100 גרם,false,,23.90,47.8000,true,1,362947
7290018440438,false,טונה  easy flip בשמן,,,טונה  easy flip בשמן,גרמים,195.00,100 גרם,false,,26.90,13.7949,true,1,454855
7290018440445,false,נתחי טונה בהירה בשמן,,,נתחי טונה בהירה בשמן,גרמים,160.00,100 גרם,false,,17.90,11.1875,true,1,443181
7290018443743,false,חמציץ,,,חמציץ,יח',1.00,יח',false,,9.90,9.9000,true,1,424703
7290018443835,false,עגבניות שרי לובלו  ב,,,עגבניות שרי לובלו  ב,גרמים,500.00,100 גרם,false,,12.90,2.5800,true,1,406840
7290018468401,false,פסטרמה צמחונית בטעם,,,פסטרמה צמחונית בטעם,גרמים,120.00,100 גרם,false,,16.90,14.0833,true,1,487168
7290018468418,false,פסטרמה צמחונית מפולפ,,,פסטרמה צמחונית מפולפ,גרמים,120.00,100 גרם,false,,16.90,14.0833,true,1,487169
7290018468425,false,נקניק טבעוני בטעם מע,,,נקניק טבעוני בטעם מע,גרמים,100.00,100 גרם,false,,16.90,16.9000,true,1,487170
7290018471029,false,שוופס סודה לימון שיש,,,שוופס סודה לימון שיש,ליטרים,3.00,ליטר,false,,16.90,5.6333,true,1,268624
7290018471180,false,פרוט ווג אננס תפוח ו,,,פרוט ווג אננס תפוח ו,ליטרים,1.00,ליטר,false,,14.50,14.5000,true,1,296021
7290018471197,false,פרוט ווג תפוח בננה מ,,,פרוט ווג תפוח בננה מ,ליטרים,1.00,ליטר,false,,14.50,14.5000,true,1,296022
7290018471487,false,נקטר תפוזינה ENJOY ב,,,נקטר תפוזינה ENJOY ב,ליטרים,1.00,ליטר,false,,7.90,7.9000,true,1,310441
7290018471722,false,משקה אלוורה קינג בטע,,,משקה אלוורה קינג בטע,ליטרים,1.00,ליטר,false,,8.90,8.9000,true,1,321903
7290018471906,false,שוופס מוגז לימונדה ו,,,שוופס מוגז לימונדה ו,ליטרים,1.50,ליטר,false,,9.90,6.6000,true,1,366230
7290018471913,false,שוופס פרוטס תפוחים 1,,,שוופס פרוטס תפוחים 1,ליטרים,1.50,ליטר,false,,9.90,6.6000,true,1,366245
7290018471920,false,שוופס ענבים מוגז 1.5,,,שוופס ענבים מוגז 1.5,ליטרים,1.50,ליטר,false,,9.90,6.6000,true,1,366246
7290018471944,false,שוופס מוגז למונייד 1,,,שוופס מוגז למונייד 1,ליטרים,1.50,ליטר,false,,9.90,6.6000,true,1,366248
7290018471951,false,שוופס פרוטס אשכולית,,,שוופס פרוטס אשכולית,ליטרים,1.50,ליטר,false,,9.90,6.6000,true,1,366263
7290018493878,false,"סרקל שמפו 750 מ""ל עם",,,"סרקל שמפו 750 מ""ל עם",מיליליטרים,750.00,"100 מ""ל",false,,21.90,2.9200,true,1,326819
7290018493885,false,"סרקל מרכך 750 מ""ל עם",,,"סרקל מרכך 750 מ""ל עם",מיליליטרים,750.00,"100 מ""ל",false,,21.90,2.9200,true,1,326820
7290018493892,false,קמיל בלו סנסיטיב אל,,,קמיל בלו סנסיטיב אל,מיליליטרים,750.00,"100 מ""ל",false,,21.90,2.9200,true,1,326804
7290018493908,false,קמיל בלו סנסיטיב שמפ,,,קמיל בלו סנסיטיב שמפ,מיליליטרים,750.00,"100 מ""ל",false,,21.90,2.9200,true,1,326821
7290018500361,false,לחם אחיד פרוס מאפיית,,,לחם אחיד פרוס מאפיית,גרמים,900.00,100 גרם,false,,8.53,0.9478,true,1,450092
7290018500385,true,חלה רגילה אנגל 650 ג,,,חלה רגילה אנגל 650 ג,גרמים,650.00,100 גרם,false,,6.50,1.0000,true,1,472806
7290018500392,true,חלה קלועה אנגל 650 ג,,,חלה קלועה אנגל 650 ג,גרמים,650.00,100 גרם,false,,6.50,1.0000,true,1,472807
7290018540329,false,פיתה פיתה אנגל 880 ג,,,פיתה פיתה אנגל 880 ג,יח',10.00,יח',false,,13.90,1.3900,true,1,288525
7290018540817,false,לחם ארטיזנל כוסמין א,,,לחם ארטיזנל כוסמין א,גרמים,500.00,100 גרם,false,,19.90,3.9800,true,1,414691
7290018540824,false,לחם מחמצת כפרי artis,,,לחם מחמצת כפרי artis,גרמים,500.00,100 גרם,false,,19.90,3.9800,true,1,414692
7290018540831,false,לחם מחמצת חיטה מלאה,,,לחם מחמצת חיטה מלאה,גרמים,500.00,100 גרם,false,,19.90,3.9800,true,1,415037
7290018556870,false,ערק הזקן בטעם פסיפלו,,,ערק הזקן בטעם פסיפלו,מיליליטרים,750.00,"100 מ""ל",false,,45.90,6.1200,true,1,306401
7290018571071,false,פספסים טופי מיה 450,,,פספסים טופי מיה 450,גרמים,450.00,100 גרם,false,,16.90,3.7556,true,1,293726
7290018571644,false,סוכריות קוסמטיקה מבו,,,סוכריות קוסמטיקה מבו,גרמים,210.00,100 גרם,false,,39.90,19.0000,true,1,483891
7290018571668,false,סוכריות C+D + אבץ מש,,,סוכריות C+D + אבץ מש,גרמים,210.00,100 גרם,false,,39.90,19.0000,true,1,483893
7290018571729,false,אורז ריזווטו עגול 1,,,אורז ריזווטו עגול 1,קילוגרמים,1.00,"ק""ג",false,,9.90,9.9000,true,1,445459
7290018626108,false,קערות אובליות שקוף 5,,,קערות אובליות שקוף 5,יחידה,0.00,יחידה,false,,11.90,0.0000,true,1,291644
7290018626283,false,פיצה מרגריטה 350 גרם,,,פיצה מרגריטה 350 גרם,גרמים,350.00,100 גרם,false,,12.90,3.6857,true,1,332894
7290018626306,false,פיצה מרגריטה פיטריות,,,פיצה מרגריטה פיטריות,גרמים,400.00,100 גרם,false,,12.90,3.2250,true,1,337475
7290018626511,false,שקיות L שרוך 50 יח',,,שקיות L שרוך 50 יח',יחידה,0.00,יחידה,false,,16.90,0.0000,true,1,297810
7290018626528,false,ניילון נצמד 30*150 ע,,,ניילון נצמד 30*150 ע,מטרים,150.00,מטר,false,,19.90,0.1327,true,1,312139
7290018626542,false,שקיות אשפה לפחים גדו,,,שקיות אשפה לפחים גדו,יחידה,0.00,יחידה,false,,13.90,0.0000,true,1,316519
7290018626610,false,צימרונים לאוזנים מאר,,,צימרונים לאוזנים מאר,יחידה,0.00,יחידה,false,,9.90,0.0000,true,1,333677
7290018626801,false,מגש עגול מחולק ל-6 ק,,,מגש עגול מחולק ל-6 ק,יחידה,0.00,יחידה,false,,9.90,0.0000,true,1,355242
7290018652053,false,ביסקולידה אקס בטעם ש,,,ביסקולידה אקס בטעם ש,גרמים,90.00,100 גרם,false,,8.90,9.8889,true,1,310895
7290018652671,false,גלידת שוקו וניל מופח,,,גלידת שוקו וניל מופח,גרמים,0.00,100 גרם,false,,25.90,0.0000,true,1,401097
7290018652770,false,אקסטרים בטעם בייגלה,,,אקסטרים בטעם בייגלה,גרמים,115.00,100 גרם,false,,9.90,8.6087,true,1,401128
7290018652923,false,מאגדת מסקרפונה תות *,,,מאגדת מסקרפונה תות *,גרמים,225.00,100 גרם,false,,31.90,14.1778,true,1,432771
7290018703311,false,חטיף חלבון בטעם קרם,,,חטיף חלבון בטעם קרם,גרמים,60.00,100 גרם,false,,15.90,26.5000,true,1,419810
7290018720011,false,מעדני המלך קרנבל חיו,,,מעדני המלך קרנבל חיו,גרמים,250.00,100 גרם,false,,6.90,2.7600,true,1,300195
7290018720219,false,פיצפוצי אורז ללא סוכ,,,פיצפוצי אורז ללא סוכ,גרמים,250.00,100 גרם,false,,13.90,5.5600,true,1,460225
7290018720226,false,פיצפוצי אורז עם סוכר,,,פיצפוצי אורז עם סוכר,גרמים,250.00,100 גרם,false,,13.90,5.5600,true,1,460209
7290018792841,false,אבקת קקאו דל שומן 15,,,אבקת קקאו דל שומן 15,גרמים,150.00,100 גרם,false,,11.90,7.9333,true,1,482982
7290018795385,false,חסה לליק,,,חסה לליק,יח',1.00,יח',false,,12.90,12.9000,true,1,378151
7290018835005,false,אקסטרא צ'יפס אורז חו,,,אקסטרא צ'יפס אורז חו,גרמים,60.00,100 גרם,false,,9.40,15.6667,true,1,435931
7290018886175,false,כפיות עבות 50 יח'  ש,,,כפיות עבות 50 יח'  ש,יחידה,0.00,יחידה,false,,10.90,0.0000,true,1,333692
7290018886182,false,כפיות עבות 50 יח'  ק,,,כפיות עבות 50 יח'  ק,יחידה,0.00,יחידה,false,,10.90,0.0000,true,1,333693
7290018886212,false,מזלגות עבות 50 יח',,,מזלגות עבות 50 יח',יחידה,0.00,יחידה,false,,10.90,0.0000,true,1,333696
7290018886229,false,מזלגות עבות 50 יח',,,מזלגות עבות 50 יח',יחידה,0.00,יחידה,false,,10.90,0.0000,true,1,333697
7290018886236,false,כפות עבות 50 יח'  שק,,,כפות עבות 50 יח'  שק,יחידה,0.00,יחידה,false,,10.90,0.0000,true,1,333698
7290018886991,false,שמן קנולה אלומות 1 ל,,,שמן קנולה אלומות 1 ל,ליטרים,1.00,ליטר,false,,12.90,12.9000,true,1,348745
7290018893128,false,צ'וקטה שוקולד חלב מע,,,צ'וקטה שוקולד חלב מע,גרמים,100.00,100 גרם,false,,9.90,9.9000,true,1,452284
7290018893142,false,צ'וקטה גריסיני שמן ז,,,צ'וקטה גריסיני שמן ז,גרמים,120.00,100 גרם,false,,10.00,8.3333,true,1,452136
7290018893340,false,צ'וקטה גריסיני שומשו,,,צ'וקטה גריסיני שומשו,גרמים,120.00,100 גרם,false,,10.00,8.3333,true,1,452137
7290018893500,false,צ'וקטה עוגיות סנדביץ,,,צ'וקטה עוגיות סנדביץ,גרמים,180.00,100 גרם,false,,5.90,3.2778,true,1,427948
7290018894019,false,עוגות אישיות מיקס מק,,,עוגות אישיות מיקס מק,גרמים,350.00,100 גרם,false,,15.90,4.5429,true,1,432046
7290018894408,false,בלקוני קוביות וופל א,,,בלקוני קוביות וופל א,גרמים,250.00,100 גרם,false,,13.90,5.5600,true,1,442297
7290018925065,false,פרימור מיץ תפוזים סח,,,פרימור מיץ תפוזים סח,ליטרים,2.00,ליטר,false,,28.90,14.4500,true,1,373455
7290018989005,false,פולפה טבעית יכין  3*,,,פולפה טבעית יכין  3*,קילוגרמים,1.20,"ק""ג",false,,17.90,14.9167,true,1,389573
7290018989081,false,חומוס הבית יכין 400,,,חומוס הבית יכין 400,גרמים,400.00,100 גרם,false,,9.90,2.4750,true,1,447289
7290019031000,false,WIZ מארז חמישיית ניי,,,WIZ מארז חמישיית ניי,יחידה,0.00,יחידה,false,,11.90,0.0000,true,1,384039
7290019031062,false,תבנית R-2 מלבנית 7 י,,,תבנית R-2 מלבנית 7 י,יחידה,0.00,יחידה,false,,9.90,0.0000,true,1,407164
7290019031079,false,תבנית R-29 מרובעת קט,,,תבנית R-29 מרובעת קט,יחידה,0.00,יחידה,false,,9.90,0.0000,true,1,407165
7290019031086,false,תבנית R-31 גדולה 7 י,,,תבנית R-31 גדולה 7 י,יחידה,0.00,יחידה,false,,9.90,0.0000,true,1,407166
7290019031093,false,תבנית R-64 בינונית 7,,,תבנית R-64 בינונית 7,יחידה,0.00,יחידה,false,,9.90,0.0000,true,1,407167
7290019031109,false,תבנית R-88 אינגליש 1,,,תבנית R-88 אינגליש 1,יחידה,0.00,יחידה,false,,9.90,0.0000,true,1,407168
7290019031222,false,כוסות 12OZ לשתייה חמ,,,כוסות 12OZ לשתייה חמ,יחידה,0.00,יחידה,false,,12.90,0.0000,true,1,413343
7290019031321,false,"מרקיות 7"" לבנות 25 י",,,"מרקיות 7"" לבנות 25 י",יחידה,0.00,יחידה,false,,10.90,0.0000,true,1,402057
7290019031338,false,"צלחות קטנות 7"" לבנות",,,"צלחות קטנות 7"" לבנות",יחידה,0.00,יחידה,false,,9.90,0.0000,true,1,402058
7290019031352,false,"צלחות ענקיות 10"" לבנ",,,"צלחות ענקיות 10"" לבנ",יחידה,0.00,יחידה,false,,24.90,0.0000,true,1,402059
7290019031437,false,אשפתון 65X75  XL חזק,,,אשפתון 65X75  XL חזק,יחידה,0.00,יחידה,false,,20.90,0.0000,true,1,426198
7290019031444,false,אשפתון 65X54 XL חזקו,,,אשפתון 65X54 XL חזקו,יחידה,0.00,יחידה,false,,19.90,0.0000,true,1,426182
7290019031451,false,אשפתון 78X90 XXL חזק,,,אשפתון 78X90 XXL חזק,יחידה,0.00,יחידה,false,,25.90,0.0000,true,1,426183
7290019031598,false,מארז 5 מכלים + מכסים,,,מארז 5 מכלים + מכסים,ליטרים,0.50,ליטר,false,,10.90,21.8000,true,1,407916
7290019031604,false,מארז 5 מכלים + מכסים,,,מארז 5 מכלים + מכסים,ליטרים,1.00,ליטר,false,,10.90,10.9000,true,1,407917
7290019031635,false,פחם מסעדות דרום אמרי,,,פחם מסעדות דרום אמרי,יחידה,0.00,יחידה,false,,26.90,0.0000,true,1,489443
7290019036234,false,שיני שום קלופות 200,,,שיני שום קלופות 200,גרמים,200.00,100 גרם,false,,12.90,6.4500,true,1,502248
7290019056027,false,שוופס מוגז פירות תפו,,,שוופס מוגז פירות תפו,ליטרים,1.50,ליטר,false,,8.90,5.9333,true,1,366264
7290019056041,false,שוופס מוגז פירות ללא,,,שוופס מוגז פירות ללא,ליטרים,1.50,ליטר,false,,8.90,5.9333,true,1,366280
7290019056058,false,שוופס מוגז עדין תפוח,,,שוופס מוגז עדין תפוח,ליטרים,1.50,ליטר,false,,8.90,5.9333,true,1,365916
7290019056065,false,שוופס מוגז עדין פירו,,,שוופס מוגז עדין פירו,ליטרים,1.50,ליטר,false,,8.90,5.9333,true,1,365917
7290019056096,false,שוופס מוגז עדין אפרס,,,שוופס מוגז עדין אפרס,ליטרים,1.50,ליטר,false,,8.90,5.9333,true,1,365951
7290019056119,false,שוופס סודה 1.5ליטר,,,שוופס סודה 1.5ליטר,ליטרים,1.50,ליטר,false,,4.50,3.0000,true,1,365815
7290019056164,false,שוופס סודה 4*1.5ליטר,,,שוופס סודה 4*1.5ליטר,ליטרים,6.00,ליטר,false,,13.10,2.1833,true,1,365816
7290019056171,false,שוופס סודה לימון 4*1,,,שוופס סודה לימון 4*1,ליטרים,6.00,ליטר,false,,13.10,2.1833,true,1,365833
7290019056188,false,שוופס סודה נענע ליים,,,שוופס סודה נענע ליים,ליטרים,6.00,ליטר,false,,13.10,2.1833,true,1,365849
7290019056201,false,שוופס פירות יער סודה,,,שוופס פירות יער סודה,ליטרים,6.00,ליטר,false,,13.10,2.1833,true,1,365866
7290019056232,false,שוופס ליים מוחיטו 1.,,,שוופס ליים מוחיטו 1.,ליטרים,1.50,ליטר,false,,9.90,6.6000,true,1,365952
7290019056256,false,שוופס וואטר בטעם תפו,,,שוופס וואטר בטעם תפו,ליטרים,1.50,ליטר,false,,9.50,6.3333,true,1,365769
7290019056263,false,שוופס וואטר אפרסק 1.,,,שוופס וואטר אפרסק 1.,ליטרים,1.50,ליטר,false,,9.50,6.3333,true,1,365770
7290019056300,false,שוופס ביטר לימון 1.5,,,שוופס ביטר לימון 1.5,ליטרים,1.50,ליטר,false,,12.90,8.6000,true,1,366313
7290019056324,false,שוופס מי טוניק 1.5 ל,,,שוופס מי טוניק 1.5 ל,ליטרים,1.50,ליטר,false,,12.90,8.6000,true,1,366315
7290019056331,false,שוופס טוניק ללא סוכר,,,שוופס טוניק ללא סוכר,ליטרים,1.50,ליטר,false,,11.90,7.9333,true,1,366316
7290019056362,false,תפוזינה ענבים 1.5 לי,,,תפוזינה ענבים 1.5 לי,ליטרים,1.50,ליטר,false,,9.50,6.3333,true,1,365398
7290019056379,false,תפוזינה תפוזים 1.5 ל,,,תפוזינה תפוזים 1.5 ל,ליטרים,1.50,ליטר,false,,9.50,6.3333,true,1,365449
7290019056386,false,תפוזינה אשכוליות 1.5,,,תפוזינה אשכוליות 1.5,ליטרים,1.50,ליטר,false,,9.50,6.3333,true,1,365450
7290019056409,false,תפוזינה מנגו עסיסי 1,,,תפוזינה מנגו עסיסי 1,ליטרים,1.50,ליטר,false,,9.50,6.3333,true,1,365469
7290019056430,false,תפוזינה תפוז 1.5 ליט,,,תפוזינה תפוז 1.5 ליט,ליטרים,1.50,ליטר,false,,8.90,5.9333,true,1,365543
7290019056447,false,תפוזינה אשכוליות 1.5,,,תפוזינה אשכוליות 1.5,ליטרים,1.50,ליטר,false,,8.90,5.9333,true,1,365572
7290019056508,false,פרוט ווטר ענבים 1.5,,,פרוט ווטר ענבים 1.5,ליטרים,1.50,ליטר,false,,9.50,6.3333,true,1,365663
7290019056515,false,פרוט ווטר אננס 1.5 ל,,,פרוט ווטר אננס 1.5 ל,ליטרים,1.50,ליטר,false,,9.50,6.3333,true,1,365693
7290019056522,false,פרוט ווטר תות 1.5 לי,,,פרוט ווטר תות 1.5 לי,ליטרים,1.50,ליטר,false,,9.50,6.3333,true,1,365708
7290019056539,false,פרוט ווטר אפרסק 1.5,,,פרוט ווטר אפרסק 1.5,ליטרים,1.50,ליטר,false,,9.50,6.3333,true,1,365723
7290019056553,false,עין גדי מים מינרלים,,,עין גדי מים מינרלים,ליטרים,12.00,ליטר,false,,13.80,1.1500,true,1,366462
7290019056560,false,עין גדי מים מינרלים,,,עין גדי מים מינרלים,ליטרים,2.00,ליטר,false,,4.50,2.2500,true,1,366463
7290019056591,false,ספרינג ענבים 1.5 ליט,,,ספרינג ענבים 1.5 ליט,ליטרים,1.50,ליטר,false,,9.50,6.3333,true,1,365159
7290019056607,false,ספרינג תפוחים 1.5 לי,,,ספרינג תפוחים 1.5 לי,ליטרים,1.50,ליטר,false,,9.50,6.3333,true,1,365160
7290019056614,false,ספרינג אפרסק 1.5 ליט,,,ספרינג אפרסק 1.5 ליט,ליטרים,1.50,ליטר,false,,9.50,6.3333,true,1,365161
7290019056621,false,ספרינג פירות טרופיים,,,ספרינג פירות טרופיים,ליטרים,1.50,ליטר,false,,9.50,6.3333,true,1,365177
7290019056638,false,ספרינג תות בננה 1.5,,,ספרינג תות בננה 1.5,ליטרים,1.50,ליטר,false,,9.50,6.3333,true,1,365178
7290019056645,false,ספרינג אגס סברס תפוח,,,ספרינג אגס סברס תפוח,ליטרים,1.50,ליטר,false,,9.50,6.3333,true,1,365200
7290019056652,false,ספרינג אננס בננה 1.5,,,ספרינג אננס בננה 1.5,ליטרים,1.50,ליטר,false,,9.50,6.3333,true,1,365219
7290019056669,false,ספרינג תפוחים דיאט 1,,,ספרינג תפוחים דיאט 1,ליטרים,1.50,ליטר,false,,8.90,5.9333,true,1,365220
7290019056676,false,ספרינג דיאט אשכוליות,,,ספרינג דיאט אשכוליות,ליטרים,1.50,ליטר,false,,8.90,5.9333,true,1,377133
7290019056812,false,קריסטל מנטה 2 ליטר,,,קריסטל מנטה 2 ליטר,ליטרים,2.00,ליטר,false,,8.50,4.2500,true,1,366382
7290019056959,false,מי עדן 1.5 ליטר,,,מי עדן 1.5 ליטר,ליטרים,1.50,ליטר,false,,3.90,2.6000,true,1,377134
7290019056973,false,מי עדן 6*1.5 ליטר,,,מי עדן 6*1.5 ליטר,ליטרים,9.00,ליטר,false,,14.90,1.6556,true,1,366431
7290019153252,false,שוופס סודה תפוח 4*1.,,,שוופס סודה תפוח 4*1.,ליטרים,6.00,ליטר,false,,13.10,2.1833,true,1,429723
7290019153351,false,תפוזינה פינק אוזו 1.,,,תפוזינה פינק אוזו 1.,ליטרים,1.50,ליטר,false,,9.50,6.3333,true,1,438156
7290019153375,false,תפוזינה מוחיטו 1.5 ל,,,תפוזינה מוחיטו 1.5 ל,ליטרים,1.50,ליטר,false,,9.50,6.3333,true,1,438157
7290019203018,false,טורטייה מחומוס מונבט,,,טורטייה מחומוס מונבט,גרמים,180.00,100 גרם,false,,26.50,14.7222,true,1,417474
7290019230007,false,חלה כוסמין ארוזה ביי,,,חלה כוסמין ארוזה ביי,גרמים,500.00,100 גרם,false,,17.90,3.5800,true,1,368014
7290019230014,false,חלה קמח מלא ארוזה בי,,,חלה קמח מלא ארוזה בי,גרמים,500.00,100 גרם,false,,17.90,3.5800,true,1,368015
7290019230021,false,חלה גדולה ארוזה בייק,,,חלה גדולה ארוזה בייק,גרמים,500.00,100 גרם,false,,15.90,3.1800,true,1,368016
7290019233015,false,שקשוקה ירוקה תבשיל י,,,שקשוקה ירוקה תבשיל י,גרמים,420.00,100 גרם,false,,15.90,3.7857,true,1,464472
7290019245001,false,שמן קנולה אלומות 1 ל,,,שמן קנולה אלומות 1 ל,ליטרים,1.00,ליטר,false,,12.90,12.9000,true,1,424775
7290019297536,false,חמאת בוטנים עם שברי,,,חמאת בוטנים עם שברי,גרמים,510.00,100 גרם,false,,12.90,2.5294,true,1,5547
7290019297635,false,שקד קלוי  150 גרם,,,שקד קלוי  150 גרם,גרמים,150.00,100 גרם,false,,16.90,11.2667,true,1,5556
7290019303657,false,פינוקיות שומשום מיקס,,,פינוקיות שומשום מיקס,גרמים,220.00,100 גרם,false,,19.90,9.0455,true,1,480924
7290019303756,false,פינוקיות שומשום וגרע,,,פינוקיות שומשום וגרע,גרמים,220.00,100 גרם,false,,19.90,9.0455,true,1,480941
7290019308027,false,שעועית ירוקה שלמה עד,,,שעועית ירוקה שלמה עד,גרמים,800.00,100 גרם,false,,7.20,0.9000,true,1,485424
7290019308058,false,שעועית ירוקה חתוכה 8,,,שעועית ירוקה חתוכה 8,גרמים,800.00,100 גרם,false,,7.20,0.9000,true,1,457216
7290022005562,false,פירורי לחם עם שום קר,,,פירורי לחם עם שום קר,גרמים,300.00,100 גרם,false,,9.90,3.3000,true,1,435900
7290100240632,false,פתית 6 דגנים תלמה 25,,,פתית 6 דגנים תלמה 25,גרמים,250.00,100 גרם,false,,18.90,7.5600,true,1,11539
7290100240656,false,פתית שיפון תלמה 300,,,פתית שיפון תלמה 300,גרמים,300.00,100 גרם,false,,18.90,6.3000,true,1,11540
7290100243671,false,בדין אקסטרא כחול-960,,,בדין אקסטרא כחול-960,מיליליטרים,960.00,"100 מ""ל",false,,18.90,1.9687,true,1,11554
7290100245231,false,נמס בכוס ועוד טעם עו,,,נמס בכוס ועוד טעם עו,גרמים,50.00,100 גרם,false,,7.90,15.8000,true,1,11565
7290100412435,false,מגבונים לניקוי וחיטו,,,מגבונים לניקוי וחיטו,יחידה,0.00,יחידה,false,,8.90,0.0000,true,1,31739
7290100412459,false,מגבונים לניקוי וחיטו,,,מגבונים לניקוי וחיטו,יחידה,0.00,יחידה,false,,8.90,0.0000,true,1,31741
7290100570234,false,אביזרי מטבח,,,אביזרי מטבח,יחידה,0.00,יחידה,false,,12.90,0.0000,true,1,37801
7290100571811,false,אביזרי מטבח ב-10.00,,,אביזרי מטבח ב-10.00,יחידה,0.00,יחידה,false,,10.00,0.0000,true,1,37805
7290100572146,false,כ.סט מקפיאון,,,כ.סט מקפיאון,יחידה,0.00,יחידה,false,,24.90,0.0000,true,1,37808
7290100572368,false,אביזרי מטבח,,,אביזרי מטבח,יחידה,0.00,יחידה,false,,19.90,0.0000,true,1,37810
7290100572702,false,אביזרי מטבח ב-11.00,,,אביזרי מטבח ב-11.00,יחידה,0.00,יחידה,false,,10.90,0.0000,true,1,37814
7290100573402,false,אביזרי מטבח,,,אביזרי מטבח,יחידה,0.00,יחידה,false,,14.90,0.0000,true,1,37817
7290100575055,false,אבזרי מטבח,,,אבזרי מטבח,יחידה,0.00,יחידה,false,,29.90,0.0000,true,1,37822
7290100575086,false,אביזרי מטבח ב-6.99,,,אביזרי מטבח ב-6.99,יחידה,0.00,יחידה,false,,6.90,0.0000,true,1,37823
7290100653463,false,סבון נוזלי ספא מסאג',,,סבון נוזלי ספא מסאג',מיליליטרים,500.00,"100 מ""ל",false,,17.90,3.5800,true,1,23571
7290100658338,false,פלמוליב לכלים אוקסי-,,,פלמוליב לכלים אוקסי-,מיליליטרים,750.00,"100 מ""ל",false,,12.90,1.7200,true,1,23577
7290100680650,false,מנה חמה נודלס תאילנד,,,מנה חמה נודלס תאילנד,גרמים,76.00,100 גרם,false,,6.90,9.0789,true,1,68419
7290100680711,false,אסם פירורית זהב 350,,,אסם פירורית זהב 350,גרמים,350.00,100 גרם,false,,9.90,2.8286,true,1,21412
7290100680728,false,פירורית רגילה שקית 3,,,פירורית רגילה שקית 3,גרמים,350.00,100 גרם,false,,8.90,2.5429,true,1,21413
7290100681138,false,אפרופו מאח 3*50 גר',,,אפרופו מאח 3*50 גר',גרמים,150.00,100 גרם,false,,13.90,9.2667,true,1,21417
7290100684139,false,מיני מקרוני אסם 500,,,מיני מקרוני אסם 500,גרמים,500.00,100 גרם,false,,6.90,1.3800,true,1,21431
7290100684306,false,אסם רוטב צ'ילי מתוק,,,אסם רוטב צ'ילי מתוק,מיליליטרים,760.00,"100 מ""ל",false,,20.90,2.7500,true,1,21433
7290100685136,false,מרק בטעם עוף אסם 1 ק,,,מרק בטעם עוף אסם 1 ק,קילוגרמים,1.00,"ק""ג",false,,17.90,17.9000,true,1,21439
7290100685334,false,מרק עוף מרכיבים טבעי,,,מרק עוף מרכיבים טבעי,גרמים,400.00,100 גרם,false,,27.90,6.9750,true,1,21441
7290100685341,false,מרק זך טעם עוף רכיבי,,,מרק זך טעם עוף רכיבי,גרמים,400.00,100 גרם,false,,19.90,4.9750,true,1,21442
7290100689301,false,מרק בטעם עוף זך אסם,,,מרק בטעם עוף זך אסם,גרמים,400.00,100 גרם,false,,16.90,4.2250,true,1,21461
7290100700020,false,סוגת גריסי פנינה 500,,,סוגת גריסי פנינה 500,גרמים,500.00,100 גרם,false,,6.90,1.3800,true,1,19418
7290100700242,false,סוגת אורז מלא עגול 1,,,סוגת אורז מלא עגול 1,קילוגרמים,1.00,"ק""ג",false,,9.90,9.9000,true,1,19420
7290100700310,false,כוסמת 1 ק'ג,,,כוסמת 1 ק'ג,קילוגרמים,1.00,"ק""ג",false,,17.90,17.9000,true,1,19424
7290100700334,false,סוגת קינואה 1קג,,,סוגת קינואה 1קג,קילוגרמים,1.00,"ק""ג",false,,29.90,29.9000,true,1,19426
7290100700372,false,אורז בסמטי מלא 1 ק'ג,,,אורז בסמטי מלא 1 ק'ג,קילוגרמים,1.00,"ק""ג",false,,14.90,14.9000,true,1,19428
7290100700389,false,אורז אדום 1 ק'ג,,,אורז אדום 1 ק'ג,קילוגרמים,1.00,"ק""ג",false,,15.90,15.9000,true,1,19429
7290100700396,false,סוגת אורז יסמין קלאס,,,סוגת אורז יסמין קלאס,קילוגרמים,1.00,"ק""ג",false,,14.50,14.5000,true,1,19430
7290100700402,false,חומוס ענק 1 ק'ג,,,חומוס ענק 1 ק'ג,קילוגרמים,1.00,"ק""ג",false,,21.90,21.9000,true,1,78020
7290100700563,false,אורז מיקס קלאסי 1 ק',,,אורז מיקס קלאסי 1 ק',קילוגרמים,1.00,"ק""ג",false,,15.90,15.9000,true,1,19434
7290100700587,false,סוגת בורגול 500 גר,,,סוגת בורגול 500 גר,גרמים,500.00,100 גרם,false,,6.90,1.3800,true,1,19435
7290100701157,false,אורז סושי 1 קג,,,אורז סושי 1 קג,קילוגרמים,1.00,"ק""ג",false,,15.90,15.9000,true,1,19438
7290100701454,false,גרישה 500 גרם,,,גרישה 500 גרם,גרמים,500.00,100 גרם,false,,6.90,1.3800,true,1,19447
7290100701874,false,"קמח כוסמין סוגת 1 ק""",,,"קמח כוסמין סוגת 1 ק""",קילוגרמים,1.00,"ק""ג",false,,14.90,14.9000,true,1,68158
7290100702611,false,פתיתים אפויים אורז ס,,,פתיתים אפויים אורז ס,גרמים,500.00,100 גרם,false,,5.20,1.0400,true,1,19470
7290100702628,false,פתיתים אפויים קוסקוס,,,פתיתים אפויים קוסקוס,גרמים,500.00,100 גרם,false,,5.20,1.0400,true,1,19471
7290100702635,false,פתיתים אפויים כוכבים,,,פתיתים אפויים כוכבים,גרמים,500.00,100 גרם,false,,5.20,1.0400,true,1,19472
7290100702741,false,סוכר חום בהיר בצנצנת,,,סוכר חום בהיר בצנצנת,קילוגרמים,1.00,"ק""ג",false,,14.50,14.5000,true,1,19481
7290100702987,false,פתיתי שיבולת שועל סו,,,פתיתי שיבולת שועל סו,גרמים,500.00,100 גרם,false,,7.90,1.5800,true,1,68170
7290100702994,false,סוכר דמררה בשקית סוג,,,סוכר דמררה בשקית סוג,גרמים,500.00,100 גרם,false,,6.90,1.3800,true,1,19499
7290100703007,false,סוגת עדשים שחורות בל,,,סוגת עדשים שחורות בל,גרמים,500.00,100 גרם,false,,9.90,1.9800,true,1,19500
7290100703632,false,קמח מלא ללא ניפוי סו,,,קמח מלא ללא ניפוי סו,קילוגרמים,1.00,"ק""ג",false,,8.90,8.9000,true,1,68184
7290100703687,false,קמח חלה ללא ניפוי סו,,,קמח חלה ללא ניפוי סו,קילוגרמים,1.00,"ק""ג",false,,8.90,8.9000,true,1,118688
7290100704622,false,סוכר דמררה דק דק בצנ,,,סוכר דמררה דק דק בצנ,גרמים,500.00,100 גרם,false,,9.90,1.9800,true,1,362770
7290100704660,false,קינואה מיקס סוגת 500,,,קינואה מיקס סוגת 500,גרמים,500.00,100 גרם,false,,16.90,3.3800,true,1,312697
7290100704684,false,קמח שמרים כוסמין רב,,,קמח שמרים כוסמין רב,קילוגרמים,1.00,"ק""ג",false,,23.50,23.5000,true,1,417489
7290100850909,false,דוריטוס נאצו מקסיקני,,,דוריטוס נאצו מקסיקני,גרמים,70.00,100 גרם,false,,4.30,6.1429,true,1,25367
7290100850916,false,דוריטוס חמוץ חריף 70,,,דוריטוס חמוץ חריף 70,גרמים,70.00,100 גרם,false,,4.30,6.1429,true,1,25368
7290100850923,false,דוריטוס גריל 70 גרם,,,דוריטוס גריל 70 גרם,גרמים,70.00,100 גרם,false,,4.30,6.1429,true,1,25369
7290100850930,false,דוריטוס טבעי 70 גרם,,,דוריטוס טבעי 70 גרם,גרמים,70.00,100 גרם,false,,4.30,6.1429,true,1,25370
7290100858592,false,עלית קקאו 150ג,,,עלית קקאו 150ג,גרמים,150.00,100 גרם,false,,10.90,7.2667,true,1,24193
7290100921593,false,סוד סבון 4 כדוריות ל,,,סוד סבון 4 כדוריות ל,גרמים,50.00,100 גרם,false,,10.90,21.8000,true,1,38250
7290100924457,false,סוד סבון 4 כדוריות ל,,,סוד סבון 4 כדוריות ל,גרמים,150.00,100 גרם,false,,20.90,13.9333,true,1,38272
7290100925676,false,קולור קאצ'ר 20 דפים,,,קולור קאצ'ר 20 דפים,יחידה,0.00,יחידה,false,,25.90,0.0000,true,1,38324
7290101110149,false,בליסימו בטעם וניל עם,,,בליסימו בטעם וניל עם,ליטרים,1.30,ליטר,false,,23.90,18.3846,true,1,302150
7290101110460,false,בליסימו בטעם וניל צר,,,בליסימו בטעם וניל צר,ליטרים,1.30,ליטר,false,,23.90,18.3846,true,1,302166
7290101113157,false,גלידל חלבי וניל עוגי,,,גלידל חלבי וניל עוגי,גרמים,672.00,100 גרם,false,,27.90,4.1518,true,1,143806
7290101113591,false,מאגדת טילון  YOLO בט,,,מאגדת טילון  YOLO בט,גרמים,400.00,100 גרם,false,,27.90,6.9750,true,1,302276
7290101113805,false,מאגדת יופלה שייק פרי,,,מאגדת יופלה שייק פרי,גרמים,350.00,100 גרם,false,,26.90,7.6857,true,1,403014
7290101459880,false,נרות אותיות- יום הול,,,נרות אותיות- יום הול,יחידה,0.00,יחידה,false,,9.90,0.0000,true,1,35435
7290101486688,false,פרי חטיפי בריאות מאר,,,פרי חטיפי בריאות מאר,גרמים,100.00,100 גרם,false,,20.90,20.9000,true,1,23581
7290101551027,false,קפסולות אספרסו 14 למ,,,קפסולות אספרסו 14 למ,גרמים,50.00,100 גרם,false,,19.90,39.8000,true,1,137023
7290101551263,false,סילאן טבעי יד מרדכי,,,סילאן טבעי יד מרדכי,גרמים,700.00,100 גרם,false,,23.90,3.4143,true,1,130261
7290101551539,false,דנונה פרו 20 אפרסק 2,,,דנונה פרו 20 אפרסק 2,גרמים,200.00,100 גרם,false,,6.90,3.4500,true,1,133466
7290101551577,false,זוג קוואקר פחית שיבו,,,זוג קוואקר פחית שיבו,קילוגרמים,1.00,"ק""ג",false,,24.90,24.9000,true,1,133540
7290101864127,false,קליה אוקסי ספריי 750,,,קליה אוקסי ספריי 750,מיליליטרים,750.00,"100 מ""ל",false,,19.90,2.6533,true,1,22899
7290101866633,false,וניש קליה ג'ל 3 ליטר,,,וניש קליה ג'ל 3 ליטר,ליטרים,3.00,ליטר,false,,31.90,10.6333,true,1,22924
7290101866787,false,וניש נוזל מסיר כתמים,,,וניש נוזל מסיר כתמים,ליטרים,3.00,ליטר,false,,31.90,10.6333,true,1,22929
7290101869719,false,פיניש ג'ל לימון 600,,,פיניש ג'ל לימון 600,יחידה,0.00,יחידה,false,,37.90,0.0000,true,1,22976
7290101869788,false,איירוויק מילוי מבשם,,,איירוויק מילוי מבשם,מיליליטרים,250.00,"100 מ""ל",false,,15.90,6.3600,true,1,22983
7290101869795,false,איירוויק מילוי מבשם,,,איירוויק מילוי מבשם,מיליליטרים,250.00,"100 מ""ל",false,,15.90,6.3600,true,1,22984
7290101999720,false,נרות מטה לבבות פו,,,נרות מטה לבבות פו,יחידה,0.00,יחידה,false,,7.50,0.0000,true,1,35911
7290102030330,false,תפוצ'יפס קראנץ מקסיק,,,תפוצ'יפס קראנץ מקסיק,גרמים,200.00,100 גרם,false,,10.90,5.4500,true,1,25378
7290102031276,false,אקטימל תות בננה 8*10,,,אקטימל תות בננה 8*10,מיליליטרים,800.00,"100 מ""ל",false,,23.90,2.9875,true,1,24888
7290102032334,false,קפה נמס עלית בטעם ונ,,,קפה נמס עלית בטעם ונ,גרמים,200.00,100 גרם,false,,31.90,15.9500,true,1,24203
7290102060979,false,משחת שיניים משפחתי א,,,משחת שיניים משפחתי א,מיליליטרים,100.00,"100 מ""ל",false,,19.90,19.9000,true,1,23592
7290102302864,false,גבינה הולנדית חצי קש,,,גבינה הולנדית חצי קש,גרמים,200.00,100 גרם,false,,33.90,16.9500,true,1,425698
7290102302987,false,גבינה טבעונית בסגנון,,,גבינה טבעונית בסגנון,גרמים,150.00,100 גרם,false,,23.90,15.9333,true,1,278147
7290102390427,false,מולר פרופ תות 3% 150,,,מולר פרופ תות 3% 150,גרמים,150.00,100 גרם,false,,5.50,3.6667,true,1,7273
7290102390465,false,מולר פרופ אפרסק פסיפ,,,מולר פרופ אפרסק פסיפ,גרמים,150.00,100 גרם,false,,5.50,3.6667,true,1,7274
7290102390489,false,מולר פרופ לימון 3% 1,,,מולר פרופ לימון 3% 1,גרמים,150.00,100 גרם,false,,5.50,3.6667,true,1,7276
7290102391844,false,מולר פרופ לבן+קציפת,,,מולר פרופ לבן+קציפת,גרמים,150.00,100 גרם,false,,5.50,3.6667,true,1,7294
7290102392049,false,צוריאל תבור 5% 500ג,,,צוריאל תבור 5% 500ג,גרמים,500.00,100 גרם,false,,28.90,5.7800,true,1,7298
7290102392094,false,צוריאל חלב עיזים 1ל,,,צוריאל חלב עיזים 1ל,ליטרים,1.00,ליטר,false,,16.90,16.9000,true,1,7302
7290102393039,false,מולר מיקס בתוספת פצפ,,,מולר מיקס בתוספת פצפ,מיליליטרים,170.00,"100 מ""ל",false,,5.90,3.4706,true,1,7331
7290102393169,false,מולר סימפלי פרוט תות,,,מולר סימפלי פרוט תות,גרמים,150.00,100 גרם,false,,5.50,3.6667,true,1,7339
7290102393268,false,טרה גבינה לבנה אריזת,,,טרה גבינה לבנה אריזת,גרמים,750.00,100 גרם,false,,14.90,1.9867,true,1,7343
7290102393299,false,צוריאל יוגורט עיזים,,,צוריאל יוגורט עיזים,מיליליטרים,500.00,"100 מ""ל",false,,13.90,2.7800,true,1,7344
7290102393947,false,מולר סימפלי פרוט קיו,,,מולר סימפלי פרוט קיו,מיליליטרים,150.00,"100 מ""ל",false,,5.50,3.6667,true,1,7358
7290102394463,false,נעם גבינה צהובה וואק,,,נעם גבינה צהובה וואק,גרמים,500.00,100 גרם,false,,28.90,5.7800,true,1,7376
7290102394845,false,נעם גבינה צהובה דק ד,,,נעם גבינה צהובה דק ד,גרמים,200.00,100 גרם,false,,17.90,8.9500,true,1,7383
7290102395217,false,מולר ביאנקו במתיקות,,,מולר ביאנקו במתיקות,קילוגרמים,1.20,"ק""ג",false,,20.90,17.4167,true,1,7394
7290102395224,false,מולר נטורל 1.7% 8*15,,,מולר נטורל 1.7% 8*15,קילוגרמים,1.20,"ק""ג",false,,17.90,14.9167,true,1,7395
7290102395231,false,מולר נטורל 2.8% 8*15,,,מולר נטורל 2.8% 8*15,קילוגרמים,1.20,"ק""ג",false,,17.90,14.9167,true,1,7396
7290102395378,false,נעם גבינה צהובה ואקו,,,נעם גבינה צהובה ואקו,גרמים,360.00,100 גרם,false,,21.90,6.0833,true,1,7399
7290102395446,false,מוו וניל קצפת 123מל,,,מוו וניל קצפת 123מל,מיליליטרים,123.00,"100 מ""ל",false,,3.50,2.8455,true,1,7405
7290102396580,false,מוו מעדן שוקולד ומוס,,,מוו מעדן שוקולד ומוס,גרמים,118.00,100 גרם,false,,3.50,2.9661,true,1,7456
7290102396665,false,גבנ`צ דקדק פתח סגור,,,גבנ`צ דקדק פתח סגור,גרמים,200.00,100 גרם,false,,16.90,8.4500,true,1,7461
7290102396672,false,נעם צהובה דק דק 9% 3,,,נעם צהובה דק דק 9% 3,גרמים,360.00,100 גרם,false,,29.90,8.3056,true,1,7462
7290102397204,false,נעם צהובה דק דק 22%,,,נעם צהובה דק דק 22%,גרמים,200.00,100 גרם,false,,16.90,8.4500,true,1,7493
7290102397464,false,מולר יוגורט נטורל +,,,מולר יוגורט נטורל +,גרמים,150.00,100 גרם,false,,5.90,3.9333,true,1,74382
7290102397600,false,מולר מיקס שקדים ובוט,,,מולר מיקס שקדים ובוט,גרמים,168.00,100 גרם,false,,5.90,3.5119,true,1,7518
7290102397617,false,מולר מיקס קליק 168 ג,,,מולר מיקס קליק 168 ג,גרמים,168.00,100 גרם,false,,5.90,3.5119,true,1,7519
7290102397747,false,מוצרלה נעם  רכיבים ט,,,מוצרלה נעם  רכיבים ט,גרמים,200.00,100 גרם,false,,19.90,9.9500,true,1,107205
7290102397891,false,רביעייה גבינה מותכת,,,רביעייה גבינה מותכת,גרמים,100.00,100 גרם,false,,7.90,7.9000,true,1,74377
7290102398065,false,טרה חלב קרטון 3% מהד,,,טרה חלב קרטון 3% מהד,יחידה,0.00,יחידה,false,,12.46,0.0000,true,1,89711
7290102398560,false,שוקו טרה מועשר בבקבו,,,שוקו טרה מועשר בבקבו,ליטרים,1.00,ליטר,false,,12.90,12.9000,true,1,125176
7290102398577,false,שוקו טרה מועשר בבקבו,,,שוקו טרה מועשר בבקבו,מיליליטרים,250.00,"100 מ""ל",false,,5.90,2.3600,true,1,133575
7290102398638,false,משקה חלב בטעם מוקה 1,,,משקה חלב בטעם מוקה 1,ליטרים,1.00,ליטר,false,,12.90,12.9000,true,1,125178
7290102398669,false,אייס קפוצ'ינו מווו ט,,,אייס קפוצ'ינו מווו ט,ליטרים,1.00,ליטר,false,,12.90,12.9000,true,1,242853
7290102398836,false,משקה שקדים קלאסי משק,,,משקה שקדים קלאסי משק,ליטרים,1.00,ליטר,false,,13.90,13.9000,true,1,196534
7290102399048,false,קשקבל נעם פתיחה חוזר,,,קשקבל נעם פתיחה חוזר,גרמים,200.00,100 גרם,false,,26.90,13.4500,true,1,141886
7290102399796,false,יוגורט חלבון לבן 250,,,יוגורט חלבון לבן 250,גרמים,200.00,100 גרם,false,,6.90,3.4500,true,1,236922
7290102399802,false,יוגורט חלבון תות 20,,,יוגורט חלבון תות 20,גרמים,200.00,100 גרם,false,,6.90,3.4500,true,1,236923
7290103128739,false,בלונס צימרוני אוזניי,,,בלונס צימרוני אוזניי,יחידה,0.00,יחידה,false,,6.90,0.0000,true,1,23624
7290103400194,false,כרוב לבן 400 ג בדצ י,,,כרוב לבן 400 ג בדצ י,גרמים,400.00,100 גרם,false,,11.40,2.8500,true,1,24893
7290103401429,false,קפה אוריגינס קצב ברז,,,קפה אוריגינס קצב ברז,גרמים,200.00,100 גרם,false,,30.90,15.4500,true,1,24217
7290103404758,false,אחלה כרוב אדום 120ג,,,אחלה כרוב אדום 120ג,גרמים,120.00,100 גרם,false,,5.90,4.9167,true,1,24898
7290103408206,false,עלי חסה ערבית שטופים,,,עלי חסה ערבית שטופים,גרמים,250.00,100 גרם,false,,11.90,4.7600,true,1,24902
7290103700386,false,טאצ' כריות יפניות 6י,,,טאצ' כריות יפניות 6י,יחידה,0.00,יחידה,false,,10.90,0.0000,true,1,25741
7290103700997,false,לאבלי נייר טואלט 40,,,לאבלי נייר טואלט 40,מטרים,716.00,מטר,false,,45.90,0.0641,true,1,25746
7290103701017,false,טאצ' נייר אפייה נשלף,,,טאצ' נייר אפייה נשלף,יחידה,0.00,יחידה,false,,10.90,0.0000,true,1,25747
7290103701093,false,טאצ מטליות מקרופייבר,,,טאצ מטליות מקרופייבר,יחידה,0.00,יחידה,false,,15.90,0.0000,true,1,25750
7290103701130,false,טאצ מטליות מקרופייבר,,,טאצ מטליות מקרופייבר,יחידה,0.00,יחידה,false,,15.90,0.0000,true,1,25751
7290103702212,false,טאצ ממחטות כיס,,,טאצ ממחטות כיס,יחידה,0.00,יחידה,false,,6.90,0.0000,true,1,25759
7290103702236,false,טאצ מפות עבות במיוחד,,,טאצ מפות עבות במיוחד,יחידה,0.00,יחידה,false,,9.80,0.0000,true,1,25761
7290103702304,false,טאצ אשפתון בגליל 35,,,טאצ אשפתון בגליל 35,יחידה,0.00,יחידה,false,,16.90,0.0000,true,1,25767
7290103702540,false,נייר טואלט  30 יח' מ,,,נייר טואלט  30 יח' מ,יחידה,0.00,יחידה,false,,24.90,0.0000,true,1,227845
7290103702779,false,מפיות אירוח  טאצ` 15,,,מפיות אירוח  טאצ` 15,יחידה,0.00,יחידה,false,,9.90,0.0000,true,1,25777
7290103703226,false,טאצ' מטליות לחות לני,,,טאצ' מטליות לחות לני,יח',50.00,יח',false,,8.90,0.1780,true,1,127354
7290103703233,false,טאצ' מטליות לחות לני,,,טאצ' מטליות לחות לני,יחידה,0.00,יחידה,false,,20.90,0.0000,true,1,114453
7290103703370,false,טאצ' מגבוני נייר טוא,,,טאצ' מגבוני נייר טוא,יח',3.00,יח',false,,16.90,5.6333,true,1,126919
7290103704155,false,מגבות נייר 6 גלילים,,,מגבות נייר 6 גלילים,מטרים,63.00,מטר,false,,10.90,0.1730,true,1,323190
7290103704162,false,נייר טואלט טאצ' 32 ג,,,נייר טואלט טאצ' 32 ג,יח',0.00,יח',false,,32.90,0.0000,true,1,300113
7290103704186,false,מגבות טאצ' גליל כפול,,,מגבות טאצ' גליל כפול,יחידה,0.00,יחידה,false,,20.90,0.0000,true,1,386306
7290103704766,false,נייר טואלט  24 גליל,,,נייר טואלט  24 גליל,יחידה,0.00,יחידה,false,,43.90,0.0000,true,1,437136
7290104061417,false,אחלה חומוס טחינה 400,,,אחלה חומוס טחינה 400,גרמים,400.00,100 גרם,false,,12.90,3.2250,true,1,24905
7290104061431,false,אחלה חומוס צנובר 400,,,אחלה חומוס צנובר 400,גרמים,400.00,100 גרם,false,,12.90,3.2250,true,1,24907
7290104061448,false,אחלה חומוס חריף 400ג,,,אחלה חומוס חריף 400ג,גרמים,400.00,100 גרם,false,,12.90,3.2250,true,1,24908
7290104065934,false,שטראוס עלי רוקט 150ג,,,שטראוס עלי רוקט 150ג,גרמים,150.00,100 גרם,false,,10.90,7.2667,true,1,24911
7290104066566,false,אחלה טחינה 500ג,,,אחלה טחינה 500ג,גרמים,500.00,100 גרם,false,,16.90,3.3800,true,1,24914
7290104068539,false,מאסט מלון ואבטיח 28ג,,,מאסט מלון ואבטיח 28ג,גרמים,28.00,100 גרם,false,,4.90,17.5000,true,1,24255
7290104068546,false,מאסט קולה 28 גרם,,,מאסט קולה 28 גרם,גרמים,28.00,100 גרם,false,,4.90,17.5000,true,1,24256
7290104501784,false,בונז'ור מיני מאפינס,,,בונז'ור מיני מאפינס,גרמים,200.00,100 גרם,false,,9.90,4.9500,true,1,119592
7290104501807,false,בונז'ור מיני מאפינס,,,בונז'ור מיני מאפינס,גרמים,200.00,100 גרם,false,,9.90,4.9500,true,1,119593
7290104508202,false,גביעי גלידה אמריקאים,,,גביעי גלידה אמריקאים,גרמים,120.00,100 גרם,false,,13.90,11.5833,true,1,68440
7290104508943,false,במבה קלאסי 18*200 גר,,,במבה קלאסי 18*200 גר,גרמים,200.00,100 גרם,false,,9.90,4.9500,true,1,21485
7290104570131,false,"תמר מג'הול 1 ק""ג",,,"תמר מג'הול 1 ק""ג",קילוגרמים,1.00,"ק""ג",false,,18.90,18.9000,true,1,60962
7290104570162,false,תמר כבוש 500 גרם,,,תמר כבוש 500 גרם,גרמים,500.00,100 גרם,false,,12.90,2.5800,true,1,55981
7290104721762,false,טורקי עלית 3*85 גר'.,,,טורקי עלית 3*85 גר'.,גרמים,255.00,100 גרם,false,,20.90,8.1961,true,1,24260
7290104722530,false,תפוציפס שמנת בצל 200,,,תפוציפס שמנת בצל 200,גרמים,200.00,100 גרם,false,,10.90,5.4500,true,1,25419
7290104726712,false,מילקי שמינייה מארז 8,,,מילקי שמינייה מארז 8,קילוגרמים,1.06,"ק""ג",false,,21.90,20.6604,true,1,24935
7290104728310,false,יטבתה שמנת עמידה לקצ,,,יטבתה שמנת עמידה לקצ,מיליליטרים,250.00,"100 מ""ל",false,,6.47,2.5880,true,1,24940
7290104960239,false,תחליב רחצה קמומיל נק,,,תחליב רחצה קמומיל נק,מיליליטרים,750.00,"100 מ""ל",false,,12.90,1.7200,true,1,32803
7290104963216,false,סופטקר אלסבון עדין ל,,,סופטקר אלסבון עדין ל,יחידה,0.00,יחידה,false,,19.90,0.0000,true,1,32874
7290104964350,false,סבון נוזלי פרחי מים,,,סבון נוזלי פרחי מים,ליטרים,1.50,ליטר,false,,22.90,15.2667,true,1,32887
7290105360250,false,עלית קפסולות מקיאטו,,,עלית קפסולות מקיאטו,גרמים,50.00,100 גרם,false,,19.90,39.8000,true,1,24281
7290105360335,false,עלית קפסולות אספרסו,,,עלית קפסולות אספרסו,גרמים,50.00,100 גרם,false,,19.90,39.8000,true,1,24283
7290105360762,false,שמן זית 1 עדין כתית,,,שמן זית 1 עדין כתית,מיליליטרים,750.00,"100 מ""ל",false,,39.90,5.3200,true,1,24287
7290105360878,false,תפוציפס מארז 4*50ג,,,תפוציפס מארז 4*50ג,גרמים,200.00,100 גרם,false,,12.90,6.4500,true,1,25433
7290105362339,false,יטבתה שמנת לבישול 15,,,יטבתה שמנת לבישול 15,מיליליטרים,250.00,"100 מ""ל",false,,8.90,3.5600,true,1,24945
7290105363602,false,כיף כף מקלות קלאסי 4,,,כיף כף מקלות קלאסי 4,גרמים,40.00,100 גרם,false,,5.90,14.7500,true,1,24296
7290105364302,false,כיף כף מקלות אגוזים,,,כיף כף מקלות אגוזים,גרמים,42.00,100 גרם,false,,5.90,14.0476,true,1,24299
7290105366023,false,אחלה חציל בטעם כבד 4,,,אחלה חציל בטעם כבד 4,גרמים,400.00,100 גרם,false,,17.90,4.4750,true,1,24948
7290105366047,false,אחלה טחינה לבנה 400ג,,,אחלה טחינה לבנה 400ג,גרמים,400.00,100 גרם,false,,17.90,4.4750,true,1,24950
7290105366993,false,סימפוניה פלפל שיפקה,,,סימפוניה פלפל שיפקה,גרמים,200.00,100 גרם,false,,12.90,6.4500,true,1,24956
7290105368331,false,"מילקי תות 170 מ""ל",,,"מילקי תות 170 מ""ל",מיליליטרים,170.00,"100 מ""ל",false,,2.90,1.7059,true,1,24968
7290105368904,false,יטבתה שמנת עמידה לקצ,,,יטבתה שמנת עמידה לקצ,מיליליטרים,250.00,"100 מ""ל",false,,7.90,3.1600,true,1,24978
7290105368928,false,יטבתה שמנת 9% 200מל,,,יטבתה שמנת 9% 200מל,מיליליטרים,200.00,"100 מ""ל",false,,3.50,1.7500,true,1,24979
7290105430458,false,תחליב רחצה שקדים משא,,,תחליב רחצה שקדים משא,מיליליטרים,750.00,"100 מ""ל",false,,21.90,2.9200,true,1,23637
7290105431516,false,פרי חטיפי תמרים ובוט,,,פרי חטיפי תמרים ובוט,גרמים,125.00,100 גרם,false,,20.90,16.7200,true,1,23647
7290105439499,false,מיונז הולנדי מאסטר ש,,,מיונז הולנדי מאסטר ש,גרמים,480.00,100 גרם,false,,12.90,2.6875,true,1,23677
7290105439581,false,מאסטר שף מאסטר שף חר,,,מאסטר שף מאסטר שף חר,מיליליטרים,370.00,"100 מ""ל",false,,14.90,4.0270,true,1,23679
7290105691248,false,חטיפי פריכונים טורטי,,,חטיפי פריכונים טורטי,גרמים,60.00,100 גרם,false,,8.10,13.5000,true,1,21508
7290105693341,false,במבה מאח.15 10*25גרם,,,במבה מאח.15 10*25גרם,גרמים,250.00,100 גרם,false,,18.90,7.5600,true,1,21525
7290105693457,false,עוגת הבית דמקה שוקו,,,עוגת הבית דמקה שוקו,גרמים,320.00,100 גרם,false,,15.90,4.9688,true,1,21526
7290105694904,false,אבקת מרק פטריות רכיב,,,אבקת מרק פטריות רכיב,גרמים,220.00,100 גרם,false,,20.90,9.5000,true,1,21534
7290105694928,false,אבקת מרק בצל רכיבים,,,אבקת מרק בצל רכיבים,גרמים,220.00,100 גרם,false,,20.90,9.5000,true,1,21535
7290105695321,false,הבית עוגות בראוניס פ,,,הבית עוגות בראוניס פ,גרמים,380.00,100 גרם,false,,19.90,5.2368,true,1,21539
7290105962331,false,סחוג חריף מאוד זהבי,,,סחוג חריף מאוד זהבי,גרמים,220.00,100 גרם,false,,12.90,5.8636,true,1,24984
7290105964564,false,אחלה חומוס אחלה 400ג,,,אחלה חומוס אחלה 400ג,גרמים,400.00,100 גרם,false,,9.90,2.4750,true,1,24989
7290105968654,false,שטראוס רביולי בטטה 4,,,שטראוס רביולי בטטה 4,גרמים,400.00,100 גרם,false,,22.90,5.7250,true,1,25010
7290105968777,false,פריכיות תחתית שוקלד,,,פריכיות תחתית שוקלד,גרמים,70.00,100 גרם,false,,8.90,12.7143,true,1,24344
7290106520066,false,רבע לשבע 160 גרם,,,רבע לשבע 160 גרם,גרמים,160.00,100 גרם,false,,13.90,8.6875,true,1,24346
7290106520912,false,יטבתה שמנת לבישול 9%,,,יטבתה שמנת לבישול 9%,מיליליטרים,250.00,"100 מ""ל",false,,8.90,3.5600,true,1,25022
7290106521049,false,אחלה קוביות סלק 400,,,אחלה קוביות סלק 400,גרמים,400.00,100 גרם,false,,17.90,4.4750,true,1,25024
7290106521926,false,קפה טורקי עלית 150 ג,,,קפה טורקי עלית 150 ג,גרמים,150.00,100 גרם,false,,15.90,10.6000,true,1,89537
7290106524439,false,תפוציפס פופס 60 גרם,,,תפוציפס פופס 60 גרם,גרמים,60.00,100 גרם,false,,4.90,8.1667,true,1,110542
7290106525368,false,רבע לשבע אין סייד או,,,רבע לשבע אין סייד או,גרמים,125.00,100 גרם,false,,13.90,11.1200,true,1,100003
7290106525405,false,עלית קפסולות נטול למ,,,עלית קפסולות נטול למ,גרמים,50.00,100 גרם,false,,19.90,39.8000,true,1,24369
7290106526822,false,פריכיות עם תחתית שוק,,,פריכיות עם תחתית שוק,גרמים,80.00,100 גרם,false,,8.90,11.1250,true,1,24380
7290106528949,false,לקט ערוגות,,,לקט ערוגות,גרמים,450.00,100 גרם,false,,13.90,3.0889,true,1,25050
7290106572997,false,קמח שמרים לפיצה אסם,,,קמח שמרים לפיצה אסם,קילוגרמים,1.00,"ק""ג",false,,10.90,10.9000,true,1,21565
7290106574120,false,גומיגם 90גר.,,,גומיגם 90גר.,גרמים,90.00,100 גרם,false,,7.50,8.3333,true,1,17086
7290106574953,false,אסם בייגלה שטוחים שו,,,אסם בייגלה שטוחים שו,גרמים,300.00,100 גרם,false,,12.90,4.3000,true,1,68468
7290106574977,false,אסם בייגלה שטוחים עם,,,אסם בייגלה שטוחים עם,גרמים,300.00,100 גרם,false,,12.90,4.3000,true,1,68469
7290106575257,false,עוגת הבית סופלה בטעם,,,עוגת הבית סופלה בטעם,גרמים,340.00,100 גרם,false,,15.90,4.6765,true,1,68472
7290106575431,false,עוגת הבית סופלה בטעם,,,עוגת הבית סופלה בטעם,גרמים,340.00,100 גרם,false,,15.90,4.6765,true,1,21600
7290106576513,false,צבר חומוס 400 גרם,,,צבר חומוס 400 גרם,גרמים,400.00,100 גרם,false,,10.90,2.7250,true,1,22229
7290106576537,false,צבר חומוס מסעדה 700,,,צבר חומוס מסעדה 700,גרמים,700.00,100 גרם,false,,13.90,1.9857,true,1,22230
7290106576957,false,גלידה קרמריה פרווה ש,,,גלידה קרמריה פרווה ש,ליטרים,1.40,ליטר,false,,25.90,18.5000,true,1,17104
7290106576971,false,לה קרמריה שוקולד בלג,,,לה קרמריה שוקולד בלג,ליטרים,1.40,ליטר,false,,25.90,18.5000,true,1,17105
7290106576995,false,לה קרמריה לייט סורבה,,,לה קרמריה לייט סורבה,ליטרים,1.40,ליטר,false,,25.90,18.5000,true,1,17106
7290106577282,false,צבר מרובע טחינה 400ג,,,צבר מרובע טחינה 400ג,גרמים,400.00,100 גרם,false,,14.90,3.7250,true,1,22231
7290106577527,false,צבר מרובע קולסלו 400,,,צבר מרובע קולסלו 400,גרמים,400.00,100 גרם,false,,14.90,3.7250,true,1,22236
7290106577541,false,צבר מרובע כרוב אדום,,,צבר מרובע כרוב אדום,גרמים,400.00,100 גרם,false,,13.90,3.4750,true,1,22237
7290106577572,false,צבר מרובע מטבוחה  40,,,צבר מרובע מטבוחה  40,גרמים,400.00,100 גרם,false,,14.90,3.7250,true,1,22238
7290106578692,false,במבה ביסלי מיקס 36*8,,,במבה ביסלי מיקס 36*8,גרמים,80.00,100 גרם,false,,5.90,7.3750,true,1,21619
7290106652996,false,כיף כף מקלות קוקוס 4,,,כיף כף מקלות קוקוס 4,גרמים,40.00,100 גרם,false,,5.90,14.7500,true,1,496509
7290106653689,false,לקט לסלט אסייתי שטרא,,,לקט לסלט אסייתי שטרא,גרמים,350.00,100 גרם,false,,10.90,3.1143,true,1,62082
7290106654099,false,עוגות אישיות מילקי ק,,,עוגות אישיות מילקי ק,גרמים,272.00,100 גרם,false,,21.90,8.0515,true,1,119249
7290106662025,false,תפוציפס טבעי מלח פלפ,,,תפוציפס טבעי מלח פלפ,גרמים,50.00,100 גרם,false,,4.90,9.8000,true,1,25500
7290106663503,false,קונפיטורת לייט תות 2,,,קונפיטורת לייט תות 2,גרמים,230.00,100 גרם,false,,15.90,6.9130,true,1,24468
7290106663558,false,יד מרדכי רוטב טריאקי,,,יד מרדכי רוטב טריאקי,מיליליטרים,280.00,"100 מ""ל",false,,15.90,5.6786,true,1,24473
7290106664555,false,יטבתה רוטב שמנת עם ע,,,יטבתה רוטב שמנת עם ע,מיליליטרים,250.00,"100 מ""ל",false,,11.90,4.7600,true,1,25103
7290106664562,false,יטבתה רוטב שמנת עם פ,,,יטבתה רוטב שמנת עם פ,גרמים,250.00,100 גרם,false,,11.90,4.7600,true,1,25104
7290106666788,false,סוכריות נוסטלגיה דבש,,,סוכריות נוסטלגיה דבש,גרמים,80.00,100 גרם,false,,7.90,9.8750,true,1,24490
7290106667266,false,דוריטוס חמוץ חריף 18,,,דוריטוס חמוץ חריף 18,גרמים,185.00,100 גרם,false,,8.90,4.8108,true,1,25539
7290106668133,false,שוקולית 400 גרם,,,שוקולית 400 גרם,גרמים,400.00,100 גרם,false,,13.90,3.4750,true,1,24495
7290106668577,false,מיץ לימון טבעי יד מר,,,מיץ לימון טבעי יד מר,מיליליטרים,250.00,"100 מ""ל",false,,8.90,3.5600,true,1,24500
7290106668713,false,דנונה פירות יער3% 15,,,דנונה פירות יער3% 15,מיליליטרים,150.00,"100 מ""ל",false,,3.90,2.6000,true,1,25113
7290106720626,false,ציטוס  גבינה 80 גרם,,,ציטוס  גבינה 80 גרם,גרמים,80.00,100 גרם,false,,5.50,6.8750,true,1,76922
7290106721913,false,מאסט צנצנת ריח פה צ',,,מאסט צנצנת ריח פה צ',גרמים,66.00,100 גרם,false,,11.90,18.0303,true,1,24535
7290106721920,false,מאסט צנצנת ספירמינט,,,מאסט צנצנת ספירמינט,גרמים,66.00,100 גרם,false,,11.90,18.0303,true,1,24536
7290106723689,false,שטראוס תרד בייבי 200,,,שטראוס תרד בייבי 200,גרמים,200.00,100 גרם,false,,11.90,5.9500,true,1,25124
7290106727984,false,כיף כף פצפצים 135 גר,,,כיף כף פצפצים 135 גר,גרמים,135.00,100 גרם,false,,12.90,9.5556,true,1,24593
7290106729650,false,דנונה יוגורט תות 8יח,,,דנונה יוגורט תות 8יח,קילוגרמים,1.20,"ק""ג",false,,27.90,23.2500,true,1,25155
7290107280020,false,סנו סושי מגבונים לני,,,סנו סושי מגבונים לני,יחידה,0.00,יחידה,false,,20.90,0.0000,true,1,32890
7290107280099,false,סנו סופט מגבוני טואל,,,סנו סופט מגבוני טואל,יחידה,0.00,יחידה,false,,18.90,0.0000,true,1,32896
7290107280341,false,ריצפז מטליות לחות לנ,,,ריצפז מטליות לחות לנ,יחידה,0.00,יחידה,false,,12.90,0.0000,true,1,198784
7290107280389,false,סנו ג'ט מתז לאמבט 75,,,סנו ג'ט מתז לאמבט 75,מיליליטרים,750.00,"100 מ""ל",false,,15.90,2.1200,true,1,32902
7290107280723,false,סנו ספארק נוזל לניקו,,,סנו ספארק נוזל לניקו,מיליליטרים,700.00,"100 מ""ל",false,,11.90,1.7000,true,1,32921
7290107280747,false,סנו ספארק נוזל לניקו,,,סנו ספארק נוזל לניקו,מיליליטרים,700.00,"100 מ""ל",false,,11.90,1.7000,true,1,32924
7290107280761,false,ספארק נוזל לכלים לימ,,,ספארק נוזל לכלים לימ,יחידה,0.00,יחידה,false,,12.90,0.0000,true,1,32926
7290107340243,false,מטען בית אייפון,,,מטען בית אייפון,יחידה,0.00,יחידה,false,,39.90,0.0000,true,1,425093
7290107341356,false,כבל אייפון,,,כבל אייפון,יחידה,0.00,יחידה,false,,19.90,0.0000,true,1,418540
7290107341370,false,כבל  טייפ סי,,,כבל  טייפ סי,יחידה,0.00,יחידה,false,,19.90,0.0000,true,1,425098
7290107342070,false,אוזניות חיבור ישיר א,,,אוזניות חיבור ישיר א,יחידה,0.00,יחידה,false,,49.90,0.0000,true,1,425119
7290107342087,false,אוזניות חיבור ישיר ט,,,אוזניות חיבור ישיר ט,יחידה,0.00,יחידה,false,,49.90,0.0000,true,1,425120
7290107645591,false,מרק טעם עוף רכיבים ט,,,מרק טעם עוף רכיבים ט,גרמים,400.00,100 גרם,false,,19.90,4.9750,true,1,116245
7290107646826,false,חטיף שוגי שוקו שוקו,,,חטיף שוגי שוקו שוקו,גרמים,156.00,100 גרם,false,,14.90,9.5513,true,1,118250
7290107647731,false,קוקומן חום לבן 20% ת,,,קוקומן חום לבן 20% ת,גרמים,375.00,100 גרם,false,,24.90,6.6400,true,1,99777
7290107647854,false,שוגי 20% סוכר תלמה ב,,,שוגי 20% סוכר תלמה ב,גרמים,500.00,100 גרם,false,,24.90,4.9800,true,1,99783
7290107871532,false,מאגדת שלגוני דובדבן,,,מאגדת שלגוני דובדבן,גרמים,750.00,100 גרם,false,,21.90,2.9200,true,1,17124
7290107874502,false,ביסלי גריל 4*55 גרם,,,ביסלי גריל 4*55 גרם,גרמים,220.00,100 גרם,false,,13.90,6.3182,true,1,68502
7290107875271,false,ביסלי ברבקיו מארז 4*,,,ביסלי ברבקיו מארז 4*,גרמים,220.00,100 גרם,false,,13.90,6.3182,true,1,21692
7290107877619,false,במבה במילוי קרם נוגט,,,במבה במילוי קרם נוגט,גרמים,150.00,100 גרם,false,,14.90,9.9333,true,1,21732
7290107930321,false,יד מרדכי קונפיטורה ד,,,יד מרדכי קונפיטורה ד,גרמים,340.00,100 גרם,false,,14.90,4.3824,true,1,24611
7290107932080,false,יטבתה חלב בבקבוק 3%,,,יטבתה חלב בבקבוק 3%,ליטרים,1.00,ליטר,false,,7.90,7.9000,true,1,25168
7290107932134,false,יטבתה חלב בבקבוק 1%,,,יטבתה חלב בבקבוק 1%,ליטרים,1.00,ליטר,false,,7.90,7.9000,true,1,25170
7290107933193,false,שטראוס סלק מבושל בוו,,,שטראוס סלק מבושל בוו,גרמים,500.00,100 גרם,false,,7.90,1.5800,true,1,25173
7290107936309,false,דנונה יווני לבן 130,,,דנונה יווני לבן 130,גרמים,130.00,100 גרם,false,,3.90,3.0000,true,1,25196
7290107936965,false,עד חצות עיגולים 225,,,עד חצות עיגולים 225,גרמים,125.00,100 גרם,false,,15.90,12.7200,true,1,101810
7290107937641,false,צנצנת קוביות בזוקה 5,,,צנצנת קוביות בזוקה 5,גרמים,58.00,100 גרם,false,,11.90,20.5172,true,1,24668
7290107937856,false,עלית קפסולות בטעם נס,,,עלית קפסולות בטעם נס,גרמים,50.00,100 גרם,false,,19.90,39.8000,true,1,24671
7290107940030,false,חומוס אחלה 650 גר,,,חומוס אחלה 650 גר,גרמים,650.00,100 גרם,false,,10.90,1.6769,true,1,25229
7290107940467,false,דנונה אקטיביה יוגורט,,,דנונה אקטיביה יוגורט,גרמים,200.00,100 גרם,false,,4.50,2.2500,true,1,25237
7290107941259,false,עדשים ירוקות מבושלות,,,עדשים ירוקות מבושלות,גרמים,475.00,100 גרם,false,,12.90,2.7158,true,1,25247
7290107941266,false,שעועית אדומה מבושלת,,,שעועית אדומה מבושלת,גרמים,475.00,100 גרם,false,,15.90,3.3474,true,1,25248
7290107941273,false,חומוס מבושל 475 גרם,,,חומוס מבושל 475 גרם,גרמים,475.00,100 גרם,false,,12.90,2.7158,true,1,25249
7290107943192,false,יטבתה שמנת 27%  200מ,,,יטבתה שמנת 27%  200מ,מיליליטרים,200.00,"100 מ""ל",false,,4.50,2.2500,true,1,101845
7290107944472,false,סימפוניה 5% שום שמיר,,,סימפוניה 5% שום שמיר,גרמים,200.00,100 גרם,false,,12.90,6.4500,true,1,25269
7290107945165,false,יד מרדכי קונפיטורת מ,,,יד מרדכי קונפיטורת מ,גרמים,340.00,100 גרם,false,,14.90,4.3824,true,1,62065
7290107950190,false,מעדן דיאט שוקולד מרי,,,מעדן דיאט שוקולד מרי,גרמים,130.00,100 גרם,false,,3.90,3.0000,true,1,25279
7290107950206,false,מעדן דיאט שוקולד % 0,,,מעדן דיאט שוקולד % 0,גרמים,130.00,100 גרם,false,,3.90,3.0000,true,1,25280
7290107951104,false,בפלות 200 גרם שוקולד,,,בפלות 200 גרם שוקולד,גרמים,200.00,100 גרם,false,,5.90,2.9500,true,1,24708
7290107951715,false,מאסט צנצנת קוביות ענ,,,מאסט צנצנת קוביות ענ,גרמים,58.00,100 גרם,false,,11.90,20.5172,true,1,60844
7290107953559,false,קפה טורקי לדרך 168 ג,,,קפה טורקי לדרך 168 ג,גרמים,168.00,100 גרם,false,,20.90,12.4405,true,1,24720
7290107954709,false,יד מרדכי קונפיטורת פ,,,יד מרדכי קונפיטורת פ,גרמים,340.00,100 גרם,false,,14.90,4.3824,true,1,86951
7290107954976,false,משקה פרו בטעם קפה יט,,,משקה פרו בטעם קפה יט,מיליליטרים,350.00,"100 מ""ל",false,,6.90,1.9714,true,1,90119
7290107956901,false,עלית קפסולות אספרסו,,,עלית קפסולות אספרסו,גרמים,150.00,100 גרם,false,,19.90,13.2667,true,1,106659
7290107956925,false,עלית קפסולות אוגנדה,,,עלית קפסולות אוגנדה,גרמים,50.00,100 גרם,false,,19.90,39.8000,true,1,133135
7290107958035,false,8 דנונה מתיקות מעודנ,,,8 דנונה מתיקות מעודנ,קילוגרמים,1.20,"ק""ג",false,,19.90,16.5833,true,1,106767
7290107971744,false,קולגייט מי פה טוטל י,,,קולגייט מי פה טוטל י,מיליליטרים,500.00,"100 מ""ל",false,,32.90,6.5800,true,1,23710
7290107973793,false,עגבניות שלמות מאסטר,,,עגבניות שלמות מאסטר,גרמים,400.00,100 גרם,false,,6.90,1.7250,true,1,23727
7290107973809,false,קוביות עגבניות מאסטר,,,קוביות עגבניות מאסטר,גרמים,400.00,100 גרם,false,,6.90,1.7250,true,1,23728
7290107974066,false,עלי טורטיה קמח מלא מ,,,עלי טורטיה קמח מלא מ,גרמים,320.00,100 גרם,false,,12.90,4.0313,true,1,68855
7290107974073,false,עלי טורטיה קמח לבן מ,,,עלי טורטיה קמח לבן מ,גרמים,320.00,100 גרם,false,,12.90,4.0313,true,1,68856
7290107978101,false,אופטיק וייט אקסטרה פ,,,אופטיק וייט אקסטרה פ,מיליליטרים,75.00,"100 מ""ל",false,,31.90,42.5333,true,1,116150
7290107978323,false,איטריות דקיקות מאסטר,,,איטריות דקיקות מאסטר,גרמים,400.00,100 גרם,false,,6.90,1.7250,true,1,88269
7290107978330,false,איטריות דקות מאסטר ש,,,איטריות דקות מאסטר ש,גרמים,400.00,100 גרם,false,,6.90,1.7250,true,1,92510
7290108070316,false,שקית 50 פסטל,,,שקית 50 פסטל,יחידה,0.00,יחידה,false,,11.90,0.0000,true,1,36279
7290108350128,false,סנו סושי שקיות חזקות,,,סנו סושי שקיות חזקות,יחידה,0.00,יחידה,false,,28.90,0.0000,true,1,32935
7290108350142,false,סנו סושי שקיות רב שי,,,סנו סושי שקיות רב שי,יחידה,0.00,יחידה,false,,16.90,0.0000,true,1,32937
7290108350180,false,סנו סושי מפיות מודפס,,,סנו סושי מפיות מודפס,יחידה,0.00,יחידה,false,,8.90,0.0000,true,1,32940
7290108350210,false,סושי שקיות אקסטרא חז,,,סושי שקיות אקסטרא חז,יחידה,0.00,יחידה,false,,26.90,0.0000,true,1,32943
7290108350531,false,סנו ספארק משאבה בניח,,,סנו ספארק משאבה בניח,ליטרים,1.00,ליטר,false,,12.90,12.9000,true,1,32948
7290108350616,false,מרכך כביסה מקסימה סו,,,מרכך כביסה מקסימה סו,יחידה,0.00,יחידה,false,,18.90,0.0000,true,1,32955
7290108350623,false,מרכך כביסה מקסימה סו,,,מרכך כביסה מקסימה סו,יחידה,0.00,יחידה,false,,18.90,0.0000,true,1,32956
7290108351156,false,סנו ג`ט פלוס לניקוי,,,סנו ג`ט פלוס לניקוי,יחידה,0.00,יחידה,false,,14.90,0.0000,true,1,32978
7290108351514,false,מרכך כביסה סנו מקסימ,,,מרכך כביסה סנו מקסימ,ליטרים,4.00,ליטר,false,,23.90,5.9750,true,1,32981
7290108351552,false,סנו ג'ט מתז חומץ 750,,,סנו ג'ט מתז חומץ 750,מיליליטרים,750.00,"100 מ""ל",false,,15.90,2.1200,true,1,107987
7290108351576,false,א.כביסה סנו אוקסיג'ן,,,א.כביסה סנו אוקסיג'ן,קילוגרמים,1.50,"ק""ג",false,,31.90,21.2667,true,1,232010
7290108351613,false,ריצפז פרש הום מלון ח,,,ריצפז פרש הום מלון ח,ליטרים,2.00,ליטר,false,,24.90,12.4500,true,1,79932
7290108351699,false,מגבונים ג'ט+חומץ מאר,,,מגבונים ג'ט+חומץ מאר,יחידה,0.00,יחידה,false,,23.90,0.0000,true,1,131618
7290108351811,false,סנו מקסימה מרכך כביס,,,סנו מקסימה מרכך כביס,יחידה,0.00,יחידה,false,,18.90,0.0000,true,1,161804
7290108351996,false,מתז בייבי 99.9% לחיט,,,מתז בייבי 99.9% לחיט,מיליליטרים,750.00,"100 מ""ל",false,,16.90,2.2533,true,1,143262
7290108352054,false,אורביטול מברשת לניקו,,,אורביטול מברשת לניקו,יחידה,0.00,יחידה,false,,21.90,0.0000,true,1,405220
7290108352092,false,אורביטול משחת שיניים,,,אורביטול משחת שיניים,גרמים,145.00,100 גרם,false,,18.90,13.0345,true,1,244491
7290108352269,false,מטליות לחיטוי ולניקו,,,מטליות לחיטוי ולניקו,יחידה,0.00,יחידה,false,,35.90,0.0000,true,1,228069
7290108352344,false,סנו פרש הום אוטומטיק,,,סנו פרש הום אוטומטיק,גרמים,250.00,100 גרם,false,,16.90,6.7600,true,1,235141
7290108352399,false,ריצפז פרש הום פלורל,,,ריצפז פרש הום פלורל,ליטרים,2.00,ליטר,false,,24.90,12.4500,true,1,385592
7290108352450,false,ריצפז פרש הום בניחוח,,,ריצפז פרש הום בניחוח,ליטרים,2.00,ליטר,false,,24.90,12.4500,true,1,264035
7290108352535,false,דפי בישום לחים למייב,,,דפי בישום לחים למייב,יחידה,0.00,יחידה,false,,14.90,0.0000,true,1,360704
7290108352672,false,סנו סושי זוג מטלית ה,,,סנו סושי זוג מטלית ה,יחידה,0.00,יחידה,false,,20.90,0.0000,true,1,90442
7290108352702,false,שלישיית מגבוני טואלט,,,שלישיית מגבוני טואלט,יחידה,0.00,יחידה,false,,18.90,0.0000,true,1,32987
7290108352795,false,סנו סושי שקיות זיפר,,,סנו סושי שקיות זיפר,יחידה,0.00,יחידה,false,,13.90,0.0000,true,1,138930
7290108352801,false,סנו סושי 100 שקיות א,,,סנו סושי 100 שקיות א,יח',100.00,יח',false,,24.00,0.2400,true,1,124620
7290108352825,false,סנו סושי-ספוג הפלא נ,,,סנו סושי-ספוג הפלא נ,יח',3.00,יח',false,,11.90,3.9667,true,1,126894
7290108353075,false,סנו סושי 50 מפיות אי,,,סנו סושי 50 מפיות אי,יחידה,0.00,יחידה,false,,11.90,0.0000,true,1,143300
7290108353402,false,צמד מברשות שיניים או,,,צמד מברשות שיניים או,יחידה,0.00,יחידה,false,,21.90,0.0000,true,1,211689
7290108353501,false,שקיות אשפה עם ידיות,,,שקיות אשפה עם ידיות,יחידה,0.00,יחידה,false,,21.90,0.0000,true,1,201348
7290108353532,false,שקיות אשפה בגליל סנו,,,שקיות אשפה בגליל סנו,יחידה,0.00,יחידה,false,,34.90,0.0000,true,1,201349
7290108353549,false,נייר אפיה סנו סושי 1,,,נייר אפיה סנו סושי 1,יחידה,0.00,יחידה,false,,22.90,0.0000,true,1,201350
7290108354140,false,מגבוני דאודורנט נושם,,,מגבוני דאודורנט נושם,יח',20.00,יח',false,,10.90,0.5450,true,1,236480
7290108354164,false,כיף שלישיית אלסבון ק,,,כיף שלישיית אלסבון ק,ליטרים,1.50,ליטר,false,,20.90,13.9333,true,1,276784
7290108354270,false,מרכך בבישום עוצמתי מ,,,מרכך בבישום עוצמתי מ,ליטרים,1.00,ליטר,false,,18.90,18.9000,true,1,360643
7290108354591,false,תחליב רחצה ביו  נקה,,,תחליב רחצה ביו  נקה,מיליליטרים,750.00,"100 מ""ל",false,,12.90,1.7200,true,1,443432
7290108355000,false,שמפו מיניונים נקה 7,,,שמפו מיניונים נקה 7,מיליליטרים,750.00,"100 מ""ל",false,,12.90,1.7200,true,1,32988
7290108356113,false,תחליב רחצה דבש כיף 7,,,תחליב רחצה דבש כיף 7,מיליליטרים,700.00,"100 מ""ל",false,,12.90,1.8429,true,1,135364
7290108356137,false,תחליב רחצה לבנדר כיף,,,תחליב רחצה לבנדר כיף,מיליליטרים,700.00,"100 מ""ל",false,,12.90,1.8429,true,1,135366
7290108356168,false,תחליב רחצה אוקיינוס,,,תחליב רחצה אוקיינוס,מיליליטרים,700.00,"100 מ""ל",false,,12.90,1.8429,true,1,135368
7290108356489,false,תחליב רחצה אפרסק וחמ,,,תחליב רחצה אפרסק וחמ,מיליליטרים,700.00,"100 מ""ל",false,,12.90,1.8429,true,1,414200
7290108357004,false,כיף שמפו לשיער ורד ו,,,כיף שמפו לשיער ורד ו,מיליליטרים,700.00,"100 מ""ל",false,,13.90,1.9857,true,1,201351
7290108357288,false,סנו ז'אוול בניחוח פר,,,סנו ז'אוול בניחוח פר,ליטרים,4.00,ליטר,false,,17.90,4.4750,true,1,402026
7290108357295,false,מרסס אוקסיג'ן מסיר כ,,,מרסס אוקסיג'ן מסיר כ,מיליליטרים,750.00,"100 מ""ל",false,,20.90,2.7867,true,1,444277
7290108357707,false,שמפו לשיער רגיל תפוח,,,שמפו לשיער רגיל תפוח,מיליליטרים,700.00,"100 מ""ל",false,,13.90,1.9857,true,1,137709
7290108357714,false,שמפו לשיער יבש רימונ,,,שמפו לשיער יבש רימונ,מיליליטרים,700.00,"100 מ""ל",false,,13.90,1.9857,true,1,137710
7290108359060,false,כריות ניקוי לשבת 4 י,,,כריות ניקוי לשבת 4 י,יחידה,0.00,יחידה,false,,12.90,0.0000,true,1,362483
7290108359077,false,ממחטות אף בקופסא 3 ש,,,ממחטות אף בקופסא 3 ש,יחידה,0.00,יחידה,false,,14.90,0.0000,true,1,387275
7290108500677,false,כבד דג שיבוט בשמן וי,,,כבד דג שיבוט בשמן וי,גרמים,115.00,100 גרם,false,,10.90,9.4783,true,1,3776
7290108501353,false,פילה אנשובי ארוך בשמ,,,פילה אנשובי ארוך בשמ,גרמים,45.00,100 גרם,false,,7.90,17.5556,true,1,114772
7290108502305,false,גבינת גרנה פדנו משול,,,גבינת גרנה פדנו משול,גרמים,150.00,100 גרם,false,,19.90,13.2667,true,1,133482
7290108502862,false,מלפפונים כבושים במלח,,,מלפפונים כבושים במלח,גרמים,600.00,100 גרם,false,,12.90,2.1500,true,1,136047
7290108503043,false,מארז רביעייה תפוחוני,,,מארז רביעייה תפוחוני,גרמים,88.00,100 גרם,false,,14.90,16.9318,true,1,135091
7290108503067,false,פרמז'נו משולש 150 גר,,,פרמז'נו משולש 150 גר,גרמים,150.00,100 גרם,false,,17.90,11.9333,true,1,133483
7290108503982,false,פרוסות גבינה בטעם צ',,,פרוסות גבינה בטעם צ',גרמים,150.00,100 גרם,false,,13.90,9.2667,true,1,142268
7290108504378,false,גבינת שמנת עם זיתים,,,גבינת שמנת עם זיתים,גרמים,200.00,100 גרם,false,,13.90,6.9500,true,1,206936
7290108504934,false,דפי אורז למילוי קוטר,,,דפי אורז למילוי קוטר,גרמים,300.00,100 גרם,false,,13.90,4.6333,true,1,406240
7290108505160,false,יוגורט יווני עם אגסי,,,יוגורט יווני עם אגסי,גרמים,150.00,100 גרם,false,,5.90,3.9333,true,1,234878
7290108505184,false,יוגורט יווני עם קוקו,,,יוגורט יווני עם קוקו,גרמים,150.00,100 גרם,false,,5.90,3.9333,true,1,234880
7290108505191,false,י.יווני עם פצפוצי שו,,,י.יווני עם פצפוצי שו,גרמים,150.00,100 גרם,false,,5.90,3.9333,true,1,234881
7290108505207,false,יוגורט יווני עם אוכמ,,,יוגורט יווני עם אוכמ,גרמים,150.00,100 גרם,false,,5.90,3.9333,true,1,234882
7290108505719,false,גבינת מוצרלה מגורדת,,,גבינת מוצרלה מגורדת,גרמים,200.00,100 גרם,false,,17.90,8.9500,true,1,234617
7290108505733,false,צמות גבינה חצי קשה 2,,,צמות גבינה חצי קשה 2,גרמים,200.00,100 גרם,false,,17.90,8.9500,true,1,234619
7290108507065,false,גבינת פרמגיאנו רגיאנ,,,גבינת פרמגיאנו רגיאנ,גרמים,100.00,100 גרם,false,,17.90,17.9000,true,1,297995
7290108507645,false,ביסקויט פריך בשוקולד,,,ביסקויט פריך בשוקולד,גרמים,100.00,100 גרם,false,,7.90,7.9000,true,1,396028
7290108507942,false,ירקות גינה עם טונה 1,,,ירקות גינה עם טונה 1,גרמים,160.00,100 גרם,false,,13.90,8.6875,true,1,315400
7290108508444,false,גבינת טולום חצי קשה,,,גבינת טולום חצי קשה,גרמים,200.00,100 גרם,false,,20.90,10.4500,true,1,297980
7290108508499,false,משקה יוגורט בסגנון ט,,,משקה יוגורט בסגנון ט,גרמים,293.00,100 גרם,false,,5.90,2.0137,true,1,297948
7290108509113,false,גבינה בולגרית מעודנת,,,גבינה בולגרית מעודנת,גרמים,250.00,100 גרם,false,,13.90,5.5600,true,1,320663
7290108509229,false,חטיף אורז אפוי לתינו,,,חטיף אורז אפוי לתינו,גרמים,50.00,100 גרם,false,,12.90,25.8000,true,1,382154
7290108970708,false,מטריה מתקפלת אוטומטי,,,מטריה מתקפלת אוטומטי,יחידה,0.00,יחידה,false,,49.90,0.0000,true,1,355048
7290109351025,false,מלך החומוס חומוס טחי,,,מלך החומוס חומוס טחי,גרמים,400.00,100 גרם,false,,14.90,3.7250,true,1,22249
7290109351209,false,לה פרוטה אננס תפוז,,,לה פרוטה אננס תפוז,יחידה,0.00,יחידה,false,,6.90,0.0000,true,1,17162
7290109351971,false,בר פריכיות שוקולד חל,,,בר פריכיות שוקולד חל,גרמים,84.00,100 גרם,false,,15.90,18.9286,true,1,68607
7290109354101,false,לחמית ללא גלוטן 200,,,לחמית ללא גלוטן 200,גרמים,200.00,100 גרם,false,,11.90,5.9500,true,1,84356
7290109354972,false,אסם פתי בר ללא גלוטן,,,אסם פתי בר ללא גלוטן,גרמים,200.00,100 גרם,false,,12.90,6.4500,true,1,21811
7290109358130,false,לה פרוטה  מאגדת אננס,,,לה פרוטה  מאגדת אננס,גרמים,300.00,100 גרם,false,,29.90,9.9667,true,1,112705
7290109358284,false,טבעול שניצל  תירס  ע,,,טבעול שניצל  תירס  ע,גרמים,664.00,100 גרם,false,,34.90,5.2560,true,1,88196
7290109580043,false,זוגלובק שניצל תירס 1,,,זוגלובק שניצל תירס 1,קילוגרמים,1.75,"ק""ג",false,,49.90,28.5143,true,1,266795
7290109580111,false,צלעות אסאדו מעושנות,,,צלעות אסאדו מעושנות,גרמים,180.00,100 גרם,false,,27.90,15.5000,true,1,399995
7290109580135,false,קורנדביף זוגלובק פרמ,,,קורנדביף זוגלובק פרמ,גרמים,180.00,100 גרם,false,,27.90,15.5000,true,1,297765
7290109580159,false,פסטרמה בנוסח טוסקנה,,,פסטרמה בנוסח טוסקנה,גרמים,180.00,100 גרם,false,,27.90,15.5000,true,1,297766
7290109580166,false,סרוולד קלאסי זוגלובק,,,סרוולד קלאסי זוגלובק,גרמים,150.00,100 גרם,false,,27.90,18.6000,true,1,297767
7290109580210,false,נקנקיות  ריינהולד'ס,,,נקנקיות  ריינהולד'ס,גרמים,300.00,100 גרם,false,,22.90,7.6333,true,1,377860
7290109580234,false,נקניקיות מרגז מן הצו,,,נקניקיות מרגז מן הצו,גרמים,226.00,100 גרם,false,,35.90,15.8850,true,1,385996
7290109580241,false,נאגטס מן הצומח זוגלו,,,נאגטס מן הצומח זוגלו,גרמים,500.00,100 גרם,false,,27.90,5.5800,true,1,443340
7290109640464,false,פתיתים טבעוניים בסגנ,,,פתיתים טבעוניים בסגנ,גרמים,150.00,100 גרם,false,,20.90,13.9333,true,1,353015
7290109921853,false,המשחה המקורית לניקוי,,,המשחה המקורית לניקוי,גרמים,150.00,100 גרם,false,,18.90,12.6000,true,1,407089
7290110058814,false,שלישיית ביצי שוקולד,,,שלישיית ביצי שוקולד,גרמים,60.00,100 גרם,false,,15.90,26.5000,true,1,36614
7290110114787,false,נביעות + תפוח 1.5 לי,,,נביעות + תפוח 1.5 לי,ליטרים,1.50,ליטר,false,,10.90,7.2667,true,1,364987
7290110114794,false,נביעות + אפרסק 1.5 ל,,,נביעות + אפרסק 1.5 ל,ליטרים,1.50,ליטר,false,,10.90,7.2667,true,1,364988
7290110114800,false,נביעות + ענבים 1.5 ל,,,נביעות + ענבים 1.5 ל,ליטרים,1.50,ליטר,false,,10.90,7.2667,true,1,365004
7290110114855,false,מי נביעות שישייה 1.5,,,מי נביעות שישייה 1.5,ליטרים,9.00,ליטר,false,,14.90,1.6556,true,1,365048
7290110114893,false,פריגת סחוט תפוזים 2,,,פריגת סחוט תפוזים 2,ליטרים,2.00,ליטר,false,,30.30,15.1500,true,1,364876
7290110114954,false,מיץ תפוזים מתקתק 100,,,מיץ תפוזים מתקתק 100,ליטרים,2.00,ליטר,false,,24.20,12.1000,true,1,364910
7290110114961,false,פריגת תפוזים 1.5 ליט,,,פריגת תפוזים 1.5 ליט,ליטרים,1.50,ליטר,false,,9.90,6.6000,true,1,365063
7290110114985,false,פריגת אשכולית 1.5 לי,,,פריגת אשכולית 1.5 לי,ליטרים,1.50,ליטר,false,,9.90,6.6000,true,1,365079
7290110114992,false,פריגת דיאט אשכולית 1,,,פריגת דיאט אשכולית 1,ליטרים,1.50,ליטר,false,,9.90,6.6000,true,1,365080
7290110115005,false,פריגת ענבים 1.5 ליטר,,,פריגת ענבים 1.5 ליטר,ליטרים,1.50,ליטר,false,,9.90,6.6000,true,1,365095
7290110115036,false,פריגת מנגו 1.5 ליטר,,,פריגת מנגו 1.5 ליטר,ליטרים,1.50,ליטר,false,,9.90,6.6000,true,1,365140
7290110115043,false,פריגת לימונענע 1.5 ל,,,פריגת לימונענע 1.5 ל,ליטרים,1.50,ליטר,false,,9.90,6.6000,true,1,365141
7290110115050,false,פריגת מיקס תות בננה,,,פריגת מיקס תות בננה,ליטרים,1.50,ליטר,false,,9.90,6.6000,true,1,365142
7290110115081,false,פריגת צלול ענבים 1.5,,,פריגת צלול ענבים 1.5,ליטרים,1.50,ליטר,false,,9.90,6.6000,true,1,365196
7290110115104,false,פריגת צלול אפרסק 1.5,,,פריגת צלול אפרסק 1.5,ליטרים,1.50,ליטר,false,,9.90,6.6000,true,1,365216
7290110115180,false,נביעות 1.5 ליטר,,,נביעות 1.5 ליטר,ליטרים,1.50,ליטר,false,,4.20,2.8000,true,1,380196
7290110115203,false,קוקה קולה 1.5 ליטר,,,קוקה קולה 1.5 ליטר,ליטרים,1.50,ליטר,false,,9.50,6.3333,true,1,365252
7290110115210,false,דיאט קוקה קולה 1.5 ל,,,דיאט קוקה קולה 1.5 ל,ליטרים,1.50,ליטר,false,,9.90,6.6000,true,1,365253
7290110115227,false,קוקה קולה זירו בקבוק,,,קוקה קולה זירו בקבוק,ליטרים,1.50,ליטר,false,,9.90,6.6000,true,1,365254
7290110115234,false,קולה ZERO נטול 1.5 ל,,,קולה ZERO נטול 1.5 ל,ליטרים,1.50,ליטר,false,,9.90,6.6000,true,1,365255
7290110115241,false,קולה ZERO לימון 1.5,,,קולה ZERO לימון 1.5,ליטרים,1.50,ליטר,false,,9.90,6.6000,true,1,365256
7290110115265,false,ספרייט 1.5 ליטר LIME,,,ספרייט 1.5 ליטר LIME,ליטרים,1.50,ליטר,false,,9.00,6.0000,true,1,365334
7290110115272,false,ספרייט זירו 1.5 ליטר,,,ספרייט זירו 1.5 ליטר,ליטרים,1.50,ליטר,false,,9.90,6.6000,true,1,365349
7290110115296,false,פאנטה אורנג' 1.5 ליט,,,פאנטה אורנג' 1.5 ליט,ליטרים,1.50,ליטר,false,,10.50,7.0000,true,1,365395
7290110115302,false,פאנטה זירו בטעם אורנ,,,פאנטה זירו בטעם אורנ,ליטרים,1.50,ליטר,false,,10.50,7.0000,true,1,365396
7290110115319,false,פאנטה אקזוטיק 1.5 לי,,,פאנטה אקזוטיק 1.5 לי,ליטרים,1.50,ליטר,false,,10.50,7.0000,true,1,365413
7290110115357,false,קינלי סודה 1.5 ליטר,,,קינלי סודה 1.5 ליטר,ליטרים,1.50,ליטר,false,,5.50,3.6667,true,1,365445
7290110115364,false,קוקה קולה 6*1.5 ליטר,,,קוקה קולה 6*1.5 ליטר,ליטרים,9.00,ליטר,false,,52.90,5.8778,true,1,365258
7290110115371,false,קוקה קולה דיאט  6*1.,,,קוקה קולה דיאט  6*1.,ליטרים,9.00,ליטר,false,,50.70,5.6333,true,1,365259
7290110115395,false,ספרייט זירו 6* 1.5 ל,,,ספרייט זירו 6* 1.5 ל,ליטרים,9.00,ליטר,false,,50.70,5.6333,true,1,365380
7290110115401,false,קינלי סודה 6*1.5 ליט,,,קינלי סודה 6*1.5 ליט,ליטרים,9.00,ליטר,false,,16.90,1.8778,true,1,375704
7290110115418,false,קוקה קולה זירו שישיי,,,קוקה קולה זירו שישיי,ליטרים,9.00,ליטר,false,,49.90,5.5444,true,1,365275
7290110115449,false,פיוז טי מנגו אננס 1.,,,פיוז טי מנגו אננס 1.,ליטרים,1.50,ליטר,false,,10.50,7.0000,true,1,365448
7290110115456,false,פיוז טי אפרסק  19 קל,,,פיוז טי אפרסק  19 קל,ליטרים,1.50,ליטר,false,,10.50,7.0000,true,1,365465
7290110115463,false,פיוז טי אפרסק 1.5 לי,,,פיוז טי אפרסק 1.5 לי,ליטרים,1.50,ליטר,false,,10.50,7.0000,true,1,365466
7290110115593,false,משקה קל בטעם אשכוליו,,,משקה קל בטעם אשכוליו,ליטרים,1.50,ליטר,false,,9.90,6.6000,true,1,365198
7290110115616,false,פיוז טי ZERO גרין אנ,,,פיוז טי ZERO גרין אנ,ליטרים,1.50,ליטר,false,,10.50,7.0000,true,1,392112
7290110115869,false,קוקה קולה זירו בקבוק,,,קוקה קולה זירו בקבוק,ליטרים,1.50,ליטר,false,,9.90,6.6000,true,1,489663
7290110116125,false,סירופ פריגת טעם פטל,,,סירופ פריגת טעם פטל,מיליליטרים,750.00,"100 מ""ל",false,,21.90,2.9200,true,1,444187
7290110116132,false,סירופ פריגת טעם לימו,,,סירופ פריגת טעם לימו,מיליליטרים,750.00,"100 מ""ל",false,,21.90,2.9200,true,1,444188
7290110116385,false,סליק זירו  מרשמלו 33,,,סליק זירו  מרשמלו 33,מיליליטרים,330.00,"100 מ""ל",false,,5.50,1.6667,true,1,462249
7290110116392,false,סירופ בטעם תפוזים 75,,,סירופ בטעם תפוזים 75,מיליליטרים,750.00,"100 מ""ל",false,,21.90,2.9200,true,1,460539
7290110320850,false,עמק פתיתים  200 גרם,,,עמק פתיתים  200 גרם,גרמים,200.00,100 גרם,false,,16.90,8.4500,true,1,102930
7290110320867,false,עמק פתיתים למאפים 28,,,עמק פתיתים למאפים 28,גרמים,500.00,100 גרם,false,,36.90,7.3800,true,1,98626
7290110321031,false,יופלה גו 200 גרם תנו,,,יופלה גו 200 גרם תנו,גרמים,200.00,100 גרם,false,,6.90,3.4500,true,1,98572
7290110321277,false,קוטג' תנובה בקטנה  5,,,קוטג' תנובה בקטנה  5,גרמים,100.00,100 גרם,false,,2.90,2.9000,true,1,107834
7290110321284,false,קוטג' תנובה בקטנה  9,,,קוטג' תנובה בקטנה  9,גרמים,100.00,100 גרם,false,,2.90,2.9000,true,1,107835
7290110321680,false,יופלה גו בטעם תות 20,,,יופלה גו בטעם תות 20,גרמים,200.00,100 גרם,false,,5.90,2.9500,true,1,111336
7290110321697,false,יופלה גו בטעם  אפרסק,,,יופלה גו בטעם  אפרסק,מיליליטרים,200.00,"100 מ""ל",false,,5.90,2.9500,true,1,111337
7290110321703,false,יופלה גו בטעם פרות י,,,יופלה גו בטעם פרות י,מיליליטרים,200.00,"100 מ""ל",false,,5.90,2.9500,true,1,124201
7290110322014,false,טופו טבעי 300 גרם,,,טופו טבעי 300 גרם,גרמים,300.00,100 גרם,false,,13.90,4.6333,true,1,124209
7290110322038,false,טופו  פיקנטי 300 גרם,,,טופו  פיקנטי 300 גרם,גרמים,300.00,100 גרם,false,,13.90,4.6333,true,1,124211
7290110323301,false,גבינת עמק טל 32% שומ,,,גבינת עמק טל 32% שומ,גרמים,200.00,100 גרם,false,,20.90,10.4500,true,1,136962
7290110323585,false,יופלה GO לייט עם דוב,,,יופלה GO לייט עם דוב,גרמים,200.00,100 גרם,false,,5.90,2.9500,true,1,135746
7290110323592,false,יופלה GO לייט עם אפר,,,יופלה GO לייט עם אפר,גרמים,200.00,100 גרם,false,,5.90,2.9500,true,1,135747
7290110323714,false,תנובה משקה קוקוס שקד,,,תנובה משקה קוקוס שקד,יחידה,0.00,יחידה,false,,14.90,0.0000,true,1,136969
7290110324353,false,יופלה גו לייט בטעם א,,,יופלה גו לייט בטעם א,גרמים,200.00,100 גרם,false,,5.90,2.9500,true,1,142260
7290110324551,false,יופלה טיוב יוגורט במ,,,יופלה טיוב יוגורט במ,מיליליטרים,348.00,"100 מ""ל",false,,14.90,4.2816,true,1,141436
7290110324711,false,ממרח סויה 9% בטעם טב,,,ממרח סויה 9% בטעם טב,גרמים,250.00,100 גרם,false,,10.90,4.3600,true,1,143818
7290110324728,false,ממרח סויה 9% עם שום,,,ממרח סויה 9% עם שום,גרמים,250.00,100 גרם,false,,10.90,4.3600,true,1,143857
7290110324872,false,גלבוע גבינה פרוסה 5%,,,גלבוע גבינה פרוסה 5%,גרמים,200.00,100 גרם,false,,19.90,9.9500,true,1,205253
7290110324926,false,משקה סויה ללא תוספת,,,משקה סויה ללא תוספת,יחידה,0.00,יחידה,false,,12.90,0.0000,true,1,193390
7290110325237,false,גלבוע דק דק 22% תנוב,,,גלבוע דק דק 22% תנוב,גרמים,200.00,100 גרם,false,,13.90,6.9500,true,1,193391
7290110325305,false,יופלה סויה גו 20 גרם,,,יופלה סויה גו 20 גרם,גרמים,200.00,100 גרם,false,,5.90,2.9500,true,1,197606
7290110325312,false,יופלה סויה גו 20 גרם,,,יופלה סויה גו 20 גרם,גרמים,200.00,100 גרם,false,,5.90,2.9500,true,1,197607
7290110325619,false,תנובה משקה שיבולת שו,,,תנובה משקה שיבולת שו,יחידה,0.00,יחידה,false,,14.90,0.0000,true,1,208279
7290110325893,false,משקה תנובה GO אייס ק,,,משקה תנובה GO אייס ק,גרמים,340.00,100 גרם,false,,7.90,2.3235,true,1,208281
7290110326210,false,יופלה און טופ פצפוצי,,,יופלה און טופ פצפוצי,גרמים,157.00,100 גרם,false,,5.90,3.7580,true,1,223988
7290110326234,false,יופלה און טופ כוכבים,,,יופלה און טופ כוכבים,גרמים,157.00,100 גרם,false,,5.90,3.7580,true,1,224011
7290110326241,false,יופלה און טופ גרנולה,,,יופלה און טופ גרנולה,יחידה,157.00,יחידה,false,,5.90,0.0376,true,1,224012
7290110326333,false,פרוסות גבינה סקנדינב,,,פרוסות גבינה סקנדינב,גרמים,170.00,100 גרם,false,,19.90,11.7059,true,1,311180
7290110327125,false,גבינת פטה 21% מצאן פ,,,גבינת פטה 21% מצאן פ,גרמים,200.00,100 גרם,false,,23.90,11.9500,true,1,274867
7290110327828,false,GO חטיף חלבון עם חמא,,,GO חטיף חלבון עם חמא,גרמים,60.00,100 גרם,false,,14.90,24.8333,true,1,315625
7290110328092,false,פיראוס פטה יוונית קו,,,פיראוס פטה יוונית קו,גרמים,150.00,100 גרם,false,,19.90,13.2667,true,1,335749
7290110328481,false,פתיתי פרמג'יאנו רג'י,,,פתיתי פרמג'יאנו רג'י,גרמים,100.00,100 גרם,false,,14.90,14.9000,true,1,303195
7290110328627,false,יוגורט גו סמיך 0% בנ,,,יוגורט גו סמיך 0% בנ,גרמים,200.00,100 גרם,false,,5.90,2.9500,true,1,318985
7290110328641,false,טופו טבעי  2 יחידות,,,טופו טבעי  2 יחידות,גרמים,500.00,100 גרם,false,,19.90,3.9800,true,1,335314
7290110328764,false,יוגורט גו סמיך 0% תו,,,יוגורט גו סמיך 0% תו,גרמים,200.00,100 גרם,false,,5.90,2.9500,true,1,319003
7290110328771,false,יוגורט גו סמיך 0% פי,,,יוגורט גו סמיך 0% פי,גרמים,200.00,100 גרם,false,,5.90,2.9500,true,1,318986
7290110328788,false,יוגורט גו סמיך 0% אפ,,,יוגורט גו סמיך 0% אפ,גרמים,200.00,100 גרם,false,,5.90,2.9500,true,1,318987
7290110329136,false,מעדן חלב גו בטעם שוק,,,מעדן חלב גו בטעם שוק,גרמים,120.00,100 גרם,false,,4.90,4.0833,true,1,369588
7290110329143,false,מעדן חלב גו בטעם וני,,,מעדן חלב גו בטעם וני,גרמים,120.00,100 גרם,false,,4.90,4.0833,true,1,369573
7290110329266,false,יוגורט מחלב עיזים מל,,,יוגורט מחלב עיזים מל,גרמים,140.00,100 גרם,false,,6.90,4.9286,true,1,335343
7290110329273,false,יוגורט מחלב עיזים מל,,,יוגורט מחלב עיזים מל,גרמים,750.00,100 גרם,false,,19.90,2.6533,true,1,335400
7290110329303,false,פרוסות צהובה קלאסית,,,פרוסות צהובה קלאסית,גרמים,200.00,100 גרם,false,,22.90,11.4500,true,1,369604
7290110329600,false,שמנת לבישול 15% שף ל,,,שמנת לבישול 15% שף ל,מיליליטרים,750.00,"100 מ""ל",false,,21.90,2.9200,true,1,391908
7290110329792,false,סויה BIO אפרסק גביע,,,סויה BIO אפרסק גביע,גרמים,150.00,100 גרם,false,,4.70,3.1333,true,1,391937
7290110329808,false,סויה BIO תות גביע 15,,,סויה BIO תות גביע 15,גרמים,150.00,100 גרם,false,,4.70,3.1333,true,1,391938
7290110329815,false,סויה BIO מתיקות מעוד,,,סויה BIO מתיקות מעוד,גרמים,150.00,100 גרם,false,,4.70,3.1333,true,1,391939
7290110329822,false,סויה BIO פירות יער ג,,,סויה BIO פירות יער ג,גרמים,150.00,100 גרם,false,,4.70,3.1333,true,1,391940
7290110329839,false,פרוסות צהובה בטעם זי,,,פרוסות צהובה בטעם זי,גרמים,200.00,100 גרם,false,,22.90,11.4500,true,1,369891
7290110329846,false,סויה BIO טבעי גביע 1,,,סויה BIO טבעי גביע 1,גרמים,150.00,100 גרם,false,,4.70,3.1333,true,1,391941
7290110550226,false,מטבעות שוקולד מריר ל,,,מטבעות שוקולד מריר ל,גרמים,400.00,100 גרם,false,,31.90,7.9750,true,1,424355
7290110550370,false,אנרגי פריכיות משולשו,,,אנרגי פריכיות משולשו,גרמים,65.00,100 גרם,false,,12.90,19.8462,true,1,488070
7290110551254,false,נשנושי תירס 600 גרם,,,נשנושי תירס 600 גרם,גרמים,600.00,100 גרם,false,,15.90,2.6500,true,1,476755
7290110551261,false,נשנושי תירס 500 גרם,,,נשנושי תירס 500 גרם,גרמים,500.00,100 גרם,false,,13.90,2.7800,true,1,490811
7290110552121,false,היוגורט הראשון שלי 5,,,היוגורט הראשון שלי 5,גרמים,100.00,100 גרם,false,,2.50,2.5000,true,1,435030
7290110552220,false,דנונה PRO 20 גרם חלב,,,דנונה PRO 20 גרם חלב,גרמים,200.00,100 גרם,false,,6.90,3.4500,true,1,385725
7290110552237,false,דנונה PRO 20 גרם חלב,,,דנונה PRO 20 גרם חלב,גרמים,200.00,100 גרם,false,,6.90,3.4500,true,1,385710
7290110553029,false,פריכיות חלבון קייל ח,,,פריכיות חלבון קייל ח,גרמים,60.00,100 גרם,false,,12.90,21.5000,true,1,388604
7290110553425,false,קפה נמס עלית פחית מו,,,קפה נמס עלית פחית מו,גרמים,240.00,100 גרם,false,,22.90,9.5417,true,1,390056
7290110554101,false,סירופ מייפל טבעי 125,,,סירופ מייפל טבעי 125,מיליליטרים,125.00,"100 מ""ל",false,,19.90,15.9200,true,1,480611
7290110554422,false,רוטב עגבניות ופלפלים,,,רוטב עגבניות ופלפלים,גרמים,350.00,100 גרם,false,,12.90,3.6857,true,1,400526
7290110554545,false,קפסולות קפה עלית לאפ,,,קפסולות קפה עלית לאפ,גרמים,50.00,100 גרם,false,,19.90,39.8000,true,1,432477
7290110554798,false,פולי אספרסו עשירים ו,,,פולי אספרסו עשירים ו,גרמים,250.00,100 גרם,false,,22.90,9.1600,true,1,410199
7290110555009,false,פסאטה זוגות 700 גרם,,,פסאטה זוגות 700 גרם,גרמים,700.00,100 גרם,false,,13.90,1.9857,true,1,472310
7290110555306,false,רבע לשבע טבעוני סינמ,,,רבע לשבע טבעוני סינמ,גרמים,120.00,100 גרם,false,,13.90,11.5833,true,1,427343
7290110555603,false,אבקה להכנת שוקולטה ס,,,אבקה להכנת שוקולטה ס,גרמים,360.00,100 גרם,false,,23.90,6.6389,true,1,498058
7290110555665,false,אבקת קקאו דל שומן 22,,,אבקת קקאו דל שומן 22,גרמים,220.00,100 גרם,false,,19.90,9.0455,true,1,496670
7290110556242,false,שוקולד מריר מעולה 10,,,שוקולד מריר מעולה 10,גרמים,100.00,100 גרם,false,,6.00,6.0000,true,1,476436
7290110557027,false,חומוס הסדרה עשיר ב50,,,חומוס הסדרה עשיר ב50,גרמים,400.00,100 גרם,false,,15.90,3.9750,true,1,368826
7290110557102,false,מעדן פרו חלב עם שוקו,,,מעדן פרו חלב עם שוקו,גרמים,150.00,100 גרם,false,,5.90,3.9333,true,1,353580
7290110557133,false,מעדן הגולן מעדן חלב,,,מעדן הגולן מעדן חלב,גרמים,125.00,100 גרם,false,,3.50,2.8000,true,1,363717
7290110557317,false,היוגורט הראשון שלי ש,,,היוגורט הראשון שלי ש,גרמים,100.00,100 גרם,false,,2.50,2.5000,true,1,435031
7290110558130,false,אקטיביה עם דבש ושיבו,,,אקטיביה עם דבש ושיבו,גרמים,150.00,100 גרם,false,,4.90,3.2667,true,1,432679
7290110558284,false,דנונה מולטי 3% שומן,,,דנונה מולטי 3% שומן,מיליליטרים,200.00,"100 מ""ל",false,,4.50,2.2500,true,1,443355
7290110558314,false,דנונה פרו ללא סוכר 2,,,דנונה פרו ללא סוכר 2,גרמים,200.00,100 גרם,false,,6.90,3.4500,true,1,451204
7290110558666,false,דניאלה בטעם תפוח 88,,,דניאלה בטעם תפוח 88,גרמים,88.00,100 גרם,false,,4.50,5.1136,true,1,478540
7290110558918,false,עלי חסה קראנצ שטופים,,,עלי חסה קראנצ שטופים,גרמים,150.00,100 גרם,false,,10.90,7.2667,true,1,478151
7290110560300,false,פריכיות משולשות פלפל,,,פריכיות משולשות פלפל,גרמים,30.00,100 גרם,false,,5.90,19.6667,true,1,136223
7290110560324,false,פריכיות משולשות אפונ,,,פריכיות משולשות אפונ,גרמים,30.00,100 גרם,false,,5.90,19.6667,true,1,136225
7290110561352,false,דנונה ביו דל לקטוז ב,,,דנונה ביו דל לקטוז ב,גרמים,200.00,100 גרם,false,,3.90,1.9500,true,1,123711
7290110563462,false,יטבתה חלב בבקבוק נטו,,,יטבתה חלב בבקבוק נטו,ליטרים,1.00,ליטר,false,,8.90,8.9000,true,1,139485
7290110564339,false,חומוס הסדרה המובחרת,,,חומוס הסדרה המובחרת,גרמים,400.00,100 גרם,false,,15.90,3.9750,true,1,112776
7290110564360,false,חומוס אחלה עשיר ב 40,,,חומוס אחלה עשיר ב 40,גרמים,400.00,100 גרם,false,,15.90,3.9750,true,1,112777
7290110564414,false,חומוס הסדרה המובחרת,,,חומוס הסדרה המובחרת,גרמים,600.00,100 גרם,false,,16.90,2.8167,true,1,112858
7290110565527,false,דנונה PRO 20 גרם חלב,,,דנונה PRO 20 גרם חלב,גרמים,200.00,100 גרם,false,,6.90,3.4500,true,1,106760
7290110566623,false,עלית קפסולות קולומבי,,,עלית קפסולות קולומבי,גרמים,50.00,100 גרם,false,,19.90,39.8000,true,1,128183
7290110566975,false,דנונה PRO 20 גרם חלב,,,דנונה PRO 20 גרם חלב,גרמים,200.00,100 גרם,false,,6.90,3.4500,true,1,123758
7290110568238,false,קצפת צימחית 21% במתי,,,קצפת צימחית 21% במתי,מיליליטרים,250.00,"100 מ""ל",false,,8.90,3.5600,true,1,127748
7290110568276,false,משקה פרו  וניל יטבתה,,,משקה פרו  וניל יטבתה,מיליליטרים,350.00,"100 מ""ל",false,,6.90,1.9714,true,1,125101
7290110571382,false,מעדן חלב מועשר בחלבו,,,מעדן חלב מועשר בחלבו,גרמים,150.00,100 גרם,false,,5.50,3.6667,true,1,419459
7290110571399,false,מסטיק ללא סוכר בטעם,,,מסטיק ללא סוכר בטעם,גרמים,66.00,100 גרם,false,,11.90,18.0303,true,1,443981
7290110571405,false,מיני פינוקיות פסק זמ,,,מיני פינוקיות פסק זמ,גרמים,180.00,100 גרם,false,,11.90,6.6111,true,1,496493
7290110571535,false,קפה עלית טורקי הל מא,,,קפה עלית טורקי הל מא,גרמים,300.00,100 גרם,false,,27.90,9.3000,true,1,424300
7290110572129,false,כיף כף מקלות שוקולד,,,כיף כף מקלות שוקולד,גרמים,40.00,100 גרם,false,,5.90,14.7500,true,1,499161
7290110576370,false,מארז שלישיית אגוז  מ,,,מארז שלישיית אגוז  מ,גרמים,300.00,100 גרם,false,,27.90,9.3000,true,1,479474
7290110576752,false,שוקולד ספלנדיד מריר,,,שוקולד ספלנדיד מריר,גרמים,100.00,100 גרם,false,,12.90,12.9000,true,1,496732
7290110576776,false,שוקולד ספלנדיד מריר,,,שוקולד ספלנדיד מריר,גרמים,100.00,100 גרם,false,,12.90,12.9000,true,1,496733
7290110576868,false,גמדים סלט פירות רביע,,,גמדים סלט פירות רביע,מיליליטרים,400.00,"100 מ""ל",false,,12.90,3.2250,true,1,480170
7290111092985,false,מגבוני בייבי פרפורמנ,,,מגבוני בייבי פרפורמנ,יחידה,0.00,יחידה,false,,18.90,0.0000,true,1,441003
7290111093470,false,קוויק מבריק פלא להסר,,,קוויק מבריק פלא להסר,יחידה,0.00,יחידה,false,,11.90,0.0000,true,1,445609
7290111093982,false,תחליב רחצה פסיפלורה,,,תחליב רחצה פסיפלורה,מיליליטרים,700.00,"100 מ""ל",false,,20.90,2.9857,true,1,480473
7290111097041,false,בייביסיטר מגבונים לח,,,בייביסיטר מגבונים לח,יחידה,0.00,יחידה,false,,22.90,0.0000,true,1,327537
7290111098536,false,מגבונים לחים לתינוק,,,מגבונים לחים לתינוק,יחידה,0.00,יחידה,false,,14.90,0.0000,true,1,417582
7290111285288,false,צלחת במבוק  9  אנץ,,,צלחת במבוק  9  אנץ,יחידה,0.00,יחידה,false,,10.90,0.0000,true,1,125519
7290111340185,false,ניקול לחות לניקוי רצ,,,ניקול לחות לניקוי רצ,יחידה,0.00,יחידה,false,,12.90,0.0000,true,1,86255
7290111342004,false,לילי נייר טואלט לח ק,,,לילי נייר טואלט לח ק,יחידה,0.00,יחידה,false,,8.90,0.0000,true,1,143118
7290111342042,false,כריות יפניות אנטיבקט,,,כריות יפניות אנטיבקט,יחידה,0.00,יחידה,false,,14.90,0.0000,true,1,212049
7290111342073,false,מטליות מיקורפייבר אנ,,,מטליות מיקורפייבר אנ,יחידה,0.00,יחידה,false,,14.90,0.0000,true,1,212051
7290111343117,false,טישו לושן סופט קליני,,,טישו לושן סופט קליני,יחידה,0.00,יחידה,false,,14.90,0.0000,true,1,268517
7290111344077,false,מטליות לחות אנטיבקטר,,,מטליות לחות אנטיבקטר,מארז,0.00,מארז,false,,26.90,0.0000,true,1,239171
7290111344206,false,מגבוני האגיס נטורל ק,,,מגבוני האגיס נטורל ק,יחידה,0.00,יחידה,false,,19.90,0.0000,true,1,362133
7290111344831,false,מגיני תחתון סופר פרו,,,מגיני תחתון סופר פרו,יחידה,0.00,יחידה,false,,18.90,0.0000,true,1,379084
7290111345753,false,תחבושות כותנה  נורמל,,,תחבושות כותנה  נורמל,יחידה,0.00,יחידה,false,,20.90,0.0000,true,1,403058
7290111350726,false,הוטפופ נאצ'וס בסגנון,,,הוטפופ נאצ'וס בסגנון,גרמים,322.00,100 גרם,false,,18.90,5.8696,true,1,140174
7290111353109,false,יוגטה סוכריות גומי נ,,,יוגטה סוכריות גומי נ,גרמים,200.00,100 גרם,false,,10.90,5.4500,true,1,268291
7290111353437,false,הוטפופ ווגי' צ'יפס ח,,,הוטפופ ווגי' צ'יפס ח,גרמים,120.00,100 גרם,false,,15.90,13.2500,true,1,291814
7290111353444,false,הוטפופ ווגי' צ'יפס ח,,,הוטפופ ווגי' צ'יפס ח,גרמים,120.00,100 גרם,false,,15.90,13.2500,true,1,291815
7290111353550,false,חמאת בוטנים טבעית קל,,,חמאת בוטנים טבעית קל,גרמים,300.00,100 גרם,false,,16.90,5.6333,true,1,451026
7290111353680,false,גרעיני חמנייה 350 גר,,,גרעיני חמנייה 350 גר,גרמים,350.00,100 גרם,false,,12.90,3.6857,true,1,311728
7290111534140,false,מיני נשיקות צבעוני -,,,מיני נשיקות צבעוני -,גרמים,150.00,100 גרם,false,,22.90,15.2667,true,1,144879
7290111560873,false,בונזור לחמניה עגולה,,,בונזור לחמניה עגולה,יח',1.00,יח',false,,3.30,3.3000,true,1,119630
7290111564239,false,קראנץ' מאגדת מיני ונ,,,קראנץ' מאגדת מיני ונ,גרמים,275.00,100 גרם,false,,31.90,11.6000,true,1,112336
7290111564291,false,פריכיות קינואה דקות,,,פריכיות קינואה דקות,גרמים,120.00,100 גרם,false,,12.90,10.7500,true,1,88204
7290111565502,false,סנדוויץ אוראו,,,סנדוויץ אוראו,יחידה,0.00,יחידה,false,,9.90,0.0000,true,1,112352
7290111566271,false,חטיפי תירס טבעול  65,,,חטיפי תירס טבעול  65,גרמים,657.00,100 גרם,false,,36.90,5.6164,true,1,112613
7290111566318,false,שניצל דק צמחוני   בט,,,שניצל דק צמחוני   בט,גרמים,564.00,100 גרם,false,,37.90,6.7199,true,1,113504
7290111566332,false,נקניקיה וינר  680 גר,,,נקניקיה וינר  680 גר,גרמים,680.00,100 גרם,false,,37.90,5.5735,true,1,112623
7290111566417,false,טחון  מן  הצומח  500,,,טחון  מן  הצומח  500,גרמים,500.00,100 גרם,false,,34.90,6.9800,true,1,118985
7290111566547,false,חזה  בגריל  מו הצומח,,,חזה  בגריל  מו הצומח,גרמים,560.00,100 גרם,false,,37.90,6.7679,true,1,112636
7290111566561,false,טבעול שניצל ברוקולי,,,טבעול שניצל ברוקולי,גרמים,630.00,100 גרם,false,,37.90,6.0159,true,1,112630
7290111566714,false,המבורגר  מן הצומח  6,,,המבורגר  מן הצומח  6,גרמים,600.00,100 גרם,false,,37.90,6.3167,true,1,118990
7290111566752,false,שניצל תירס לייט טבעו,,,שניצל תירס לייט טבעו,גרמים,693.00,100 גרם,false,,37.90,5.4690,true,1,118992
7290111566776,false,נקנקיות  קוקטייל  מן,,,נקנקיות  קוקטייל  מן,גרמים,680.00,100 גרם,false,,37.90,5.5735,true,1,112967
7290111879074,false,בקבוק טריטן מרובע 60,,,בקבוק טריטן מרובע 60,יחידה,0.00,יחידה,false,,24.90,0.0000,true,1,126191
7290111932380,false,מרידול משחות שיניים,,,מרידול משחות שיניים,גרמים,150.00,100 גרם,false,,32.90,21.9333,true,1,112328
7290111933462,false,רוטב צ'ילי מתוק 300,,,רוטב צ'ילי מתוק 300,מיליליטרים,300.00,"100 מ""ל",false,,10.90,3.6333,true,1,116161
7290111934827,false,פלמוליב סבון ידיים ה,,,פלמוליב סבון ידיים ה,מיליליטרים,300.00,"100 מ""ל",false,,10.90,3.6333,true,1,142065
7290111935961,false,מחית עגבניות מאסטר ש,,,מחית עגבניות מאסטר ש,גרמים,690.00,100 גרם,false,,10.90,1.5797,true,1,142143
7290111936296,false,פלמוליב ארומה סנסייש,,,פלמוליב ארומה סנסייש,מיליליטרים,750.00,"100 מ""ל",false,,21.90,2.9200,true,1,141889
7290111936487,false,קולגייט טוטל הלבנה ז,,,קולגייט טוטל הלבנה ז,מיליליטרים,200.00,"100 מ""ל",false,,29.90,14.9500,true,1,137899
7290112000385,false,תרסיס ניקוי וחיטוי ל,,,תרסיס ניקוי וחיטוי ל,מיליליטרים,750.00,"100 מ""ל",false,,17.90,2.3867,true,1,132029
7290112000736,false,פיניש הכל ב-1 80 טבל,,,פיניש הכל ב-1 80 טבל,יחידה,0.00,יחידה,false,,61.90,0.0000,true,1,125777
7290112001238,false,מנקה מכונות כביסה קו,,,מנקה מכונות כביסה קו,יחידה,0.00,יחידה,false,,23.90,0.0000,true,1,136666
7290112002136,false,קולון ג'ל 4 ליטר רגי,,,קולון ג'ל 4 ליטר רגי,ליטרים,4.00,ליטר,false,,38.90,9.7250,true,1,190640
7290112002150,false,קולון ג'ל 4 ליטר בני,,,קולון ג'ל 4 ליטר בני,ליטרים,4.00,ליטר,false,,38.90,9.7250,true,1,190642
7290112003188,false,קולון קפסולות למכונת,,,קולון קפסולות למכונת,יחידה,0.00,יחידה,false,,62.90,0.0000,true,1,265899
7290112003478,false,איירוויק בוטניקה ספר,,,איירוויק בוטניקה ספר,מיליליטרים,236.00,"100 מ""ל",false,,22.90,9.7034,true,1,282535
7290112003515,false,איירוויק בוטניקה ספר,,,איירוויק בוטניקה ספר,מיליליטרים,236.00,"100 מ""ל",false,,22.90,9.7034,true,1,282537
7290112003959,false,וניש מסיר כתמים אבקה,,,וניש מסיר כתמים אבקה,מיליליטרים,470.00,"100 מ""ל",false,,17.90,3.8085,true,1,335825
7290112004000,false,אבקה להסרת כתמים  לב,,,אבקה להסרת כתמים  לב,קילוגרמים,1.62,"ק""ג",false,,34.90,21.5432,true,1,410551
7290112004192,false,פיניש טבליות למדיח א,,,פיניש טבליות למדיח א,יחידה,0.00,יחידה,false,,61.90,0.0000,true,1,357130
7290112004413,false,מסיר כתמים ספריי כבי,,,מסיר כתמים ספריי כבי,מיליליטרים,750.00,"100 מ""ל",false,,19.90,2.6533,true,1,410670
7290112197078,false,תחליב רחצה לידיים סט,,,תחליב רחצה לידיים סט,מיליליטרים,500.00,"100 מ""ל",false,,12.90,2.5800,true,1,410168
7290112330352,false,דנונה פרו 20 גר וניל,,,דנונה פרו 20 גר וניל,גרמים,200.00,100 גרם,false,,6.90,3.4500,true,1,142245
7290112330390,false,דנונה פרו 20 גר פירו,,,דנונה פרו 20 גר פירו,גרמים,200.00,100 גרם,false,,6.90,3.4500,true,1,142246
7290112332585,false,"פריכיות הטעימות תפו""",,,"פריכיות הטעימות תפו""",גרמים,30.00,100 גרם,false,,5.90,19.6667,true,1,143886
7290112332691,false,פינוקיות עוגיית קרם,,,פינוקיות עוגיית קרם,גרמים,200.00,100 גרם,false,,13.90,6.9500,true,1,146166
7290112335487,false,פריכיות הטעימות קצח,,,פריכיות הטעימות קצח,גרמים,135.00,100 גרם,false,,13.90,10.2963,true,1,143440
7290112335494,false,פריכיות הטעימות פוטט,,,פריכיות הטעימות פוטט,גרמים,135.00,100 גרם,false,,13.90,10.2963,true,1,143441
7290112335500,false,פריכיות הטעימות עשיר,,,פריכיות הטעימות עשיר,גרמים,135.00,100 גרם,false,,13.90,10.2963,true,1,143442
7290112336637,false,"סוכריות מאסט לל""ס יו",,,"סוכריות מאסט לל""ס יו",גרמים,80.00,100 גרם,false,,8.90,11.1250,true,1,191529
7290112336644,false,"סוכריות מאסט לל""ס לי",,,"סוכריות מאסט לל""ס לי",גרמים,80.00,100 גרם,false,,8.90,11.1250,true,1,191530
7290112336651,false,סוכריות מאסט ללא סוכ,,,סוכריות מאסט ללא סוכ,גרמים,80.00,100 גרם,false,,8.90,11.1250,true,1,191537
7290112336712,false,דנונה פרו 21 0% שומן,,,דנונה פרו 21 0% שומן,גרמים,200.00,100 גרם,false,,6.90,3.4500,true,1,139489
7290112338877,false,גבינת סקי תות 3% 125,,,גבינת סקי תות 3% 125,גרמים,125.00,100 גרם,false,,3.90,3.1200,true,1,136489
7290112339867,false,גמדים סקוויז בודד תו,,,גמדים סקוויז בודד תו,גרמים,100.00,100 גרם,false,,5.90,5.9000,true,1,138071
7290112340122,false,פריכיות הטעימות 3 דג,,,פריכיות הטעימות 3 דג,גרמים,135.00,100 גרם,false,,13.90,10.2963,true,1,143443
7290112340245,false,צנצנת מאסט בטעם דובד,,,צנצנת מאסט בטעם דובד,גרמים,66.00,100 גרם,false,,11.90,18.0303,true,1,140280
7290112341556,false,אקטיביה עם צ'יה ותות,,,אקטיביה עם צ'יה ותות,גרמים,150.00,100 גרם,false,,4.90,3.2667,true,1,190608
7290112341679,false,דנונה אקטיביה 3% 200,,,דנונה אקטיביה 3% 200,גרמים,200.00,100 גרם,false,,4.50,2.2500,true,1,190609
7290112341686,false,אקטיביה מארז 3% 8*15,,,אקטיביה מארז 3% 8*15,קילוגרמים,1.20,"ק""ג",false,,22.90,19.0833,true,1,190618
7290112342102,false,סימפוניה 5% בצל מקור,,,סימפוניה 5% בצל מקור,גרמים,200.00,100 גרם,false,,12.90,6.4500,true,1,211485
7290112342270,false,קפה פלטינום אינטנס 1,,,קפה פלטינום אינטנס 1,גרמים,125.00,100 גרם,false,,22.90,18.3200,true,1,192908
7290112343260,false,יטבתה רוטב שמנת קלאס,,,יטבתה רוטב שמנת קלאס,גרמים,260.00,100 גרם,false,,11.90,4.5769,true,1,199322
7290112343499,false,ציטוס Puffs בטעם גבי,,,ציטוס Puffs בטעם גבי,גרמים,55.00,100 גרם,false,,3.90,7.0909,true,1,355620
7290112344564,false,EAT GOOD רביולי גבינ,,,EAT GOOD רביולי גבינ,גרמים,400.00,100 גרם,false,,22.90,5.7250,true,1,191117
7290112344724,false,מילקי בטעם שוקולד בל,,,מילקי בטעם שוקולד בל,מיליליטרים,170.00,"100 מ""ל",false,,3.90,2.2941,true,1,199311
7290112344755,false,מילקי עם 26% פחות סו,,,מילקי עם 26% פחות סו,מיליליטרים,135.00,"100 מ""ל",false,,2.90,2.1481,true,1,275773
7290112344786,false,פלטינום קלאסיק עלית,,,פלטינום קלאסיק עלית,גרמים,200.00,100 גרם,false,,30.90,15.4500,true,1,212659
7290112346360,false,בפלות אחת אחת בציפוי,,,בפלות אחת אחת בציפוי,גרמים,180.00,100 גרם,false,,15.90,8.8333,true,1,211563
7290112346537,false,פינוקיות עוגיות בטעם,,,פינוקיות עוגיות בטעם,גרמים,200.00,100 גרם,false,,13.90,6.9500,true,1,204559
7290112348142,false,שעועית לבנה טעם הטבע,,,שעועית לבנה טעם הטבע,גרמים,380.00,100 גרם,false,,7.90,2.0789,true,1,231293
7290112349316,false,בזוקה ביג פופים בטעם,,,בזוקה ביג פופים בטעם,גרמים,86.00,100 גרם,false,,14.90,17.3256,true,1,225967
7290112349606,false,דניאלה תות בננה 150,,,דניאלה תות בננה 150,מיליליטרים,150.00,"100 מ""ל",false,,4.50,3.0000,true,1,385740
7290112349705,false,רוטב עגבניות פומודרו,,,רוטב עגבניות פומודרו,גרמים,350.00,100 גרם,false,,12.90,3.6857,true,1,212797
7290112349736,false,רוטב עגבניות בזיליקו,,,רוטב עגבניות בזיליקו,גרמים,350.00,100 גרם,false,,12.90,3.6857,true,1,212798
7290112349743,false,רוטב עגבניות ארביאטה,,,רוטב עגבניות ארביאטה,גרמים,350.00,100 גרם,false,,12.90,3.6857,true,1,212799
7290112349750,false,רוטב עגבניות לפיצה 3,,,רוטב עגבניות לפיצה 3,גרמים,350.00,100 גרם,false,,12.90,3.6857,true,1,212800
7290112350312,false,עלית קפסולות  15 למכ,,,עלית קפסולות  15 למכ,גרמים,50.00,100 גרם,false,,19.90,39.8000,true,1,262073
7290112351067,false,סילאן טבעי לחיץ יד מ,,,סילאן טבעי לחיץ יד מ,גרמים,630.00,100 גרם,false,,26.90,4.2698,true,1,229028
7290112351258,false,פינוקיות עוגיית שחור,,,פינוקיות עוגיית שחור,גרמים,200.00,100 גרם,false,,13.90,6.9500,true,1,254529
7290112353412,false,"פריכיות משולשות תפו""",,,"פריכיות משולשות תפו""",גרמים,30.00,100 גרם,false,,5.90,19.6667,true,1,257934
7290112354174,false,פסטה רוזה שטראוס דלי,,,פסטה רוזה שטראוס דלי,גרמים,280.00,100 גרם,false,,22.90,8.1786,true,1,361914
7290112354211,false,פיצה מרגריטה שטראוס,,,פיצה מרגריטה שטראוס,גרמים,400.00,100 גרם,false,,27.90,6.9750,true,1,361999
7290112354228,false,פיצה מרגריטה זיתים ש,,,פיצה מרגריטה זיתים ש,גרמים,400.00,100 גרם,false,,27.90,6.9750,true,1,361984
7290112354945,false,תפוצ'יפס wavy 50 גר,,,תפוצ'יפס wavy 50 גר,גרמים,50.00,100 גרם,false,,4.90,9.8000,true,1,500144
7290112355027,false,דנונה פרו 20 גר' בטע,,,דנונה פרו 20 גר' בטע,גרמים,200.00,100 גרם,false,,6.90,3.4500,true,1,275806
7290112355263,false,רוטב שמנת עם שוקולד9,,,רוטב שמנת עם שוקולד9,גרמים,265.00,100 גרם,false,,11.90,4.4906,true,1,432413
7290112355393,false,רוטב שמנת עם בטטה 9%,,,רוטב שמנת עם בטטה 9%,גרמים,257.00,100 גרם,false,,11.90,4.6304,true,1,480138
7290112355775,false,סימפוניה עירית 200 ג,,,סימפוניה עירית 200 ג,גרמים,200.00,100 גרם,false,,12.90,6.4500,true,1,451219
7290112356536,false,עלית קקאו 150 גרם +,,,עלית קקאו 150 גרם +,גרמים,150.00,100 גרם,false,,10.90,7.2667,true,1,251228
7290112357083,false,אפונה ירוקה טעם הטבע,,,אפונה ירוקה טעם הטבע,גרמים,380.00,100 גרם,false,,7.90,2.0789,true,1,347408
7290112357106,false,שעועית אדומה טעם הטב,,,שעועית אדומה טעם הטב,גרמים,380.00,100 גרם,false,,7.90,2.0789,true,1,231296
7290112357113,false,גרגרי חומוס טעם הטבע,,,גרגרי חומוס טעם הטבע,גרמים,380.00,100 גרם,false,,7.90,2.0789,true,1,231297
7290112358004,false,פסק זמן קראנץ' 32 גר,,,פסק זמן קראנץ' 32 גר,גרמים,32.00,100 גרם,false,,5.90,18.4375,true,1,291560
7290112358431,false,דאבל ביסקוויט עם שוק,,,דאבל ביסקוויט עם שוק,גרמים,200.00,100 גרם,false,,15.90,7.9500,true,1,305225
7290112490216,false,נמס בכוס בטעם עוף קר,,,נמס בכוס בטעם עוף קר,יחידה,48.00,יחידה,false,,7.90,0.1646,true,1,130235
7290112490230,false,נמס בכוס אפונה רכיבי,,,נמס בכוס אפונה רכיבי,גרמים,50.00,100 גרם,false,,7.90,15.8000,true,1,130236
7290112490650,false,קונפיטורה 778 תות שד,,,קונפיטורה 778 תות שד,גרמים,340.00,100 גרם,false,,16.90,4.9706,true,1,126852
7290112490728,false,מרק היום מרק ירקות ע,,,מרק היום מרק ירקות ע,גרמים,94.00,100 גרם,false,,12.50,13.2979,true,1,353782
7290112490742,false,מרק היום מרק פטריות,,,מרק היום מרק פטריות,גרמים,104.00,100 גרם,false,,12.50,12.0192,true,1,353767
7290112490827,false,בדין בייבי תרסיס למי,,,בדין בייבי תרסיס למי,מיליליטרים,500.00,"100 מ""ל",false,,22.90,4.5800,true,1,130771
7290112492463,false,פינוק 2ב1 לשיער רגיל,,,פינוק 2ב1 לשיער רגיל,מיליליטרים,700.00,"100 מ""ל",false,,11.90,1.7000,true,1,221689
7290112492487,false,פינוק שמפו שמן מרוקא,,,פינוק שמפו שמן מרוקא,מיליליטרים,700.00,"100 מ""ל",false,,11.90,1.7000,true,1,221690
7290112492500,false,פינוק שמפו שמן קוקוס,,,פינוק שמפו שמן קוקוס,מיליליטרים,700.00,"100 מ""ל",false,,11.90,1.7000,true,1,221691
7290112492593,false,פינוק תחליב רחצה קלא,,,פינוק תחליב רחצה קלא,מיליליטרים,700.00,"100 מ""ל",false,,10.90,1.5571,true,1,221709
7290112492609,false,פינוק תחליב רחצה לבנ,,,פינוק תחליב רחצה לבנ,מיליליטרים,700.00,"100 מ""ל",false,,10.90,1.5571,true,1,221724
7290112492715,false,פינוק שמפו לילדים 70,,,פינוק שמפו לילדים 70,מיליליטרים,700.00,"100 מ""ל",false,,12.90,1.8429,true,1,242483
7290112492722,false,פינוק 2 ב 1 ילדים 70,,,פינוק 2 ב 1 ילדים 70,מיליליטרים,700.00,"100 מ""ל",false,,12.90,1.8429,true,1,242497
7290112492746,false,פינוק מרכך ילדים 700,,,פינוק מרכך ילדים 700,מיליליטרים,700.00,"100 מ""ל",false,,12.90,1.8429,true,1,242498
7290112492999,false,מרק טעם עוף קנור 400,,,מרק טעם עוף קנור 400,גרמים,400.00,100 גרם,false,,18.90,4.7250,true,1,204940
7290112493927,false,קרמיסימו ריבת חלב 1.,,,קרמיסימו ריבת חלב 1.,ליטרים,1.33,ליטר,false,,22.90,17.2180,true,1,209913
7290112493934,false,קרמיסימו וניל 1.33 ל,,,קרמיסימו וניל 1.33 ל,ליטרים,1.33,ליטר,false,,22.90,17.2180,true,1,209914
7290112493965,false,קרמיסימו מסטיגם 1.33,,,קרמיסימו מסטיגם 1.33,יחידה,1.33,יחידה,false,,22.90,17.2180,true,1,209915
7290112494153,false,תיבוליות ניחוח צלי ק,,,תיבוליות ניחוח צלי ק,גרמים,72.00,100 גרם,false,,10.90,15.1389,true,1,353722
7290112494344,false,קורנפלקס של אלופים ת,,,קורנפלקס של אלופים ת,גרמים,850.00,100 גרם,false,,19.90,2.3412,true,1,219352
7290112494351,false,קורנפלקס של אלופים ת,,,קורנפלקס של אלופים ת,גרמים,850.00,100 גרם,false,,19.90,2.3412,true,1,219353
7290112494382,false,פירה בטעם ביתי קנור,,,פירה בטעם ביתי קנור,גרמים,260.00,100 גרם,false,,14.90,5.7308,true,1,197003
7290112495037,false,קוקומן כדורים תלמה ב,,,קוקומן כדורים תלמה ב,גרמים,375.00,100 גרם,false,,24.90,6.6400,true,1,196991
7290112495044,false,קוקומן פצפוצים תלמה,,,קוקומן פצפוצים תלמה,גרמים,375.00,100 גרם,false,,24.90,6.6400,true,1,196992
7290112495105,false,נשנושים שמנת בצל 260,,,נשנושים שמנת בצל 260,גרמים,260.00,100 גרם,false,,14.90,5.7308,true,1,197004
7290112495112,false,נשנושים זעתר 260 גרם,,,נשנושים זעתר 260 גרם,גרמים,260.00,100 גרם,false,,14.90,5.7308,true,1,197005
7290112495433,false,"דליפקאן תלמה בד""ץ 40",,,"דליפקאן תלמה בד""ץ 40",גרמים,400.00,100 גרם,false,,26.90,6.7250,true,1,167311
7290112495754,false,רוטב אלף האיים הלמנס,,,רוטב אלף האיים הלמנס,גרמים,305.00,100 גרם,false,,12.90,4.2295,true,1,216035
7290112495785,false,רוטב שום הלמנס 300 ג,,,רוטב שום הלמנס 300 ג,גרמים,300.00,100 גרם,false,,12.90,4.3000,true,1,216037
7290112495815,false,הלמנס רוטב לסלט חרדל,,,הלמנס רוטב לסלט חרדל,מיליליטרים,305.00,"100 מ""ל",false,,12.90,4.2295,true,1,217809
7290112496027,false,"סירופ שוקולד 600 מ""ל",,,"סירופ שוקולד 600 מ""ל",מיליליטרים,600.00,"100 מ""ל",false,,14.90,2.4833,true,1,213913
7290112496287,false,פתית צ'יפס בטטה בטעם,,,פתית צ'יפס בטטה בטעם,גרמים,21.00,100 גרם,false,,5.90,28.0952,true,1,327329
7290112496430,false,נמס בכוס אקסטרה מרק,,,נמס בכוס אקסטרה מרק,גרמים,37.00,100 גרם,false,,4.90,13.2432,true,1,353854
7290112496461,false,מרק נמס בכוס אקסטרה,,,מרק נמס בכוס אקסטרה,גרמים,35.00,100 גרם,false,,4.90,14.0000,true,1,274167
7290112497000,false,סיף פנטסטיק ניקוי כל,,,סיף פנטסטיק ניקוי כל,יחידה,0.00,יחידה,false,,14.90,0.0000,true,1,225922
7290112497994,false,גרנולה PROTEIN בתוספ,,,גרנולה PROTEIN בתוספ,גרמים,300.00,100 גרם,false,,17.90,5.9667,true,1,336451
7290112498007,false,גרנולה PROTEIN בתוספ,,,גרנולה PROTEIN בתוספ,גרמים,300.00,100 גרם,false,,17.90,5.9667,true,1,363139
7290112498267,false,אל סבון לידיים בניחו,,,אל סבון לידיים בניחו,מיליליטרים,950.00,"100 מ""ל",false,,12.90,1.3579,true,1,323538
7290112498274,false,אל סבון לידיים בניחו,,,אל סבון לידיים בניחו,מיליליטרים,950.00,"100 מ""ל",false,,12.90,1.3579,true,1,324814
7290112499097,false,מאגדת מיני מגנום מרי,,,מאגדת מיני מגנום מרי,גרמים,240.00,100 גרם,false,,31.90,13.2917,true,1,386752
7290112499196,false,קרמיסימו בטעם החלב ש,,,קרמיסימו בטעם החלב ש,ליטרים,1.33,ליטר,false,,22.90,17.2180,true,1,458901
7290112499219,false,מאגדת גלידה בטעמי פי,,,מאגדת גלידה בטעמי פי,100 יח',5.00,100 יח',false,,32.90,658.0000,true,1,432818
7290112499455,false,תחליב רחצה בתוספת שמ,,,תחליב רחצה בתוספת שמ,מיליליטרים,700.00,"100 מ""ל",false,,10.90,1.5571,true,1,316051
7290112499462,false,תחליב רחצה בתוספת שמ,,,תחליב רחצה בתוספת שמ,מיליליטרים,700.00,"100 מ""ל",false,,10.90,1.5571,true,1,316068
7290112499844,false,מגנום מיני דואט מאגד,,,מגנום מיני דואט מאגד,גרמים,310.00,100 גרם,false,,31.90,10.2903,true,1,209918
7290112499943,false,מגנום מאגדת מיני שוק,,,מגנום מאגדת מיני שוק,גרמים,250.00,100 גרם,false,,31.90,12.7600,true,1,209899
7290112960856,false,אקסטרים מטבע שוקולד,,,אקסטרים מטבע שוקולד,גרמים,115.00,100 גרם,false,,9.90,8.6087,true,1,143037
7290112961464,false,חטיפי פריכיות דקות מ,,,חטיפי פריכיות דקות מ,גרמים,60.00,100 גרם,false,,8.90,14.8333,true,1,137706
7290112963000,false,רוטב צ'ילי מתוק מופח,,,רוטב צ'ילי מתוק מופח,מיליליטרים,290.00,"100 מ""ל",false,,13.90,4.7931,true,1,212995
7290112963918,false,פיטנס חטיפי קרקר דק,,,פיטנס חטיפי קרקר דק,גרמים,140.00,100 גרם,false,,14.90,10.6429,true,1,153824
7290112964434,false,אסם רוטב קיסר לסלט 2,,,אסם רוטב קיסר לסלט 2,מיליליטרים,295.00,"100 מ""ל",false,,13.90,4.7119,true,1,146516
7290112964502,false,אסם רוטב אלף האיים ל,,,אסם רוטב אלף האיים ל,מיליליטרים,600.00,"100 מ""ל",false,,19.90,3.3167,true,1,146533
7290112964564,false,אסם רוטב אלף האיים ל,,,אסם רוטב אלף האיים ל,מיליליטרים,295.00,"100 מ""ל",false,,13.90,4.7119,true,1,146523
7290112964625,false,אסם רוטב שום לייט לס,,,אסם רוטב שום לייט לס,מיליליטרים,295.00,"100 מ""ל",false,,13.90,4.7119,true,1,146524
7290112964724,false,טבעול המבורגר טבעוני,,,טבעול המבורגר טבעוני,גרמים,580.00,100 גרם,false,,37.90,6.5345,true,1,160346
7290112965103,false,קוסקוס עם ירקות אסם,,,קוסקוס עם ירקות אסם,גרמים,146.00,100 גרם,false,,13.90,9.5205,true,1,198595
7290112965165,false,זוג מרק נמס פטריות ב,,,זוג מרק נמס פטריות ב,גרמים,48.00,100 גרם,false,,6.90,14.3750,true,1,153825
7290112965288,false,זוג מרק נמס ירקות בד,,,זוג מרק נמס ירקות בד,גרמים,30.00,100 גרם,false,,6.90,23.0000,true,1,153830
7290112965301,false,זוג מרק נמס טעם עוף,,,זוג מרק נמס טעם עוף,גרמים,38.00,100 גרם,false,,6.90,18.1579,true,1,153831
7290112965585,false,פסטה קסרצה פרפקטו 50,,,פסטה קסרצה פרפקטו 50,גרמים,500.00,100 גרם,false,,7.90,1.5800,true,1,160795
7290112965684,false,פיטנס חטיף מולטיגריי,,,פיטנס חטיף מולטיגריי,גרמים,25.00,100 גרם,false,,5.80,23.2000,true,1,275638
7290112965707,false,פיטנס חטיף מולטיגריי,,,פיטנס חטיף מולטיגריי,גרמים,25.00,100 גרם,false,,5.80,23.2000,true,1,275639
7290112966094,false,עוגת הבית תפוז מופחת,,,עוגת הבית תפוז מופחת,גרמים,400.00,100 גרם,false,,15.90,3.9750,true,1,198605
7290112966803,false,אסם פודינג אינסטנט ש,,,אסם פודינג אינסטנט ש,גרמים,88.00,100 גרם,false,,6.50,7.3864,true,1,198597
7290112967138,false,אסם בייגלה שמיניות ל,,,אסם בייגלה שמיניות ל,גרמים,250.00,100 גרם,false,,15.90,6.3600,true,1,198689
7290112967220,false,ביסלי ברביקיו מארז 1,,,ביסלי ברביקיו מארז 1,גרמים,200.00,100 גרם,false,,12.90,6.4500,true,1,236405
7290112968340,false,חומוס גרוס גס גס צבר,,,חומוס גרוס גס גס צבר,גרמים,400.00,100 גרם,false,,14.90,3.7250,true,1,212870
7290112968807,false,פיטנס קרקר דק סלק 14,,,פיטנס קרקר דק סלק 14,גרמים,140.00,100 גרם,false,,14.90,10.6429,true,1,282949
7290112968821,false,פיטנס קרקר דק בטטה 1,,,פיטנס קרקר דק בטטה 1,גרמים,140.00,100 גרם,false,,14.90,10.6429,true,1,282950
7290112969248,false,אוסם בישולים רוטב סי,,,אוסם בישולים רוטב סי,גרמים,335.00,100 גרם,false,,18.90,5.6418,true,1,279523
7290113103634,false,משטח הפשרה מגנוס,,,משטח הפשרה מגנוס,יחידה,0.00,יחידה,false,,99.90,0.0000,true,1,258623
7290113190771,false,חלבה מסולסלת בטעם שו,,,חלבה מסולסלת בטעם שו,גרמים,300.00,100 גרם,false,,16.90,5.6333,true,1,158388
7290113192201,false,תערובת להכנת סחלב 50,,,תערובת להכנת סחלב 50,גרמים,500.00,100 גרם,false,,14.90,2.9800,true,1,400130
7290113192300,false,זיתים חרוזית מושחר ב,,,זיתים חרוזית מושחר ב,גרמים,275.00,100 גרם,false,,12.90,4.6909,true,1,206170
7290113192317,false,טבעות זיתים מושחרים,,,טבעות זיתים מושחרים,גרמים,280.00,100 גרם,false,,12.90,4.6071,true,1,205040
7290113192324,false,זית ירוק בית השיטה 3,,,זית ירוק בית השיטה 3,גרמים,340.00,100 גרם,false,,10.90,3.2059,true,1,205041
7290113192348,false,זית ירוק שום 17-19בי,,,זית ירוק שום 17-19בי,גרמים,560.00,100 גרם,false,,11.90,2.1250,true,1,205043
7290113192355,false,זיתים חרוזית ירוק בי,,,זיתים חרוזית ירוק בי,גרמים,275.00,100 גרם,false,,10.90,3.9636,true,1,205058
7290113192362,false,טבעות זיתים ירוקים ב,,,טבעות זיתים ירוקים ב,גרמים,280.00,100 גרם,false,,11.90,4.2500,true,1,205059
7290113192379,false,זיתים ירוקים מבוקעים,,,זיתים ירוקים מבוקעים,גרמים,340.00,100 גרם,false,,11.90,3.5000,true,1,205060
7290113192393,false,קוקטייל זיתים בית הש,,,קוקטייל זיתים בית הש,גרמים,336.00,100 גרם,false,,12.90,3.8393,true,1,205075
7290113192478,false,מלפפון במלח 10-12 בי,,,מלפפון במלח 10-12 בי,גרמים,320.00,100 גרם,false,,8.90,2.7813,true,1,205267
7290113192485,false,מלפפון בחומץ 12-10 ב,,,מלפפון בחומץ 12-10 ב,גרמים,290.00,100 גרם,false,,8.90,3.0690,true,1,205268
7290113192492,false,מלפפון בחומץ 13-17 ב,,,מלפפון בחומץ 13-17 ב,גרמים,290.00,100 גרם,false,,11.90,4.1034,true,1,205269
7290113192508,false,מלפפון במלח 13-17 בי,,,מלפפון במלח 13-17 בי,גרמים,320.00,100 גרם,false,,11.90,3.7188,true,1,205270
7290113192515,false,מלפפון במלח 18-25 בי,,,מלפפון במלח 18-25 בי,גרמים,320.00,100 גרם,false,,13.90,4.3438,true,1,205271
7290113192522,false,מלפפון בחומץ 18-25 ב,,,מלפפון בחומץ 18-25 ב,גרמים,290.00,100 גרם,false,,13.90,4.7931,true,1,205272
7290113192539,false,מלפפון במלח 7-9 בית,,,מלפפון במלח 7-9 בית,גרמים,560.00,100 גרם,false,,7.90,1.4107,true,1,205286
7290113192546,false,מלפפון בחומץ 7-9 בית,,,מלפפון בחומץ 7-9 בית,גרמים,560.00,100 גרם,false,,7.90,1.4107,true,1,205287
7290113192553,false,מלפפון במלח בלדי 13-,,,מלפפון במלח בלדי 13-,גרמים,320.00,100 גרם,false,,12.90,4.0313,true,1,205301
7290113192560,false,פלפל שיפקה בית השיטה,,,פלפל שיפקה בית השיטה,גרמים,230.00,100 גרם,false,,8.90,3.8696,true,1,205302
7290113192577,false,כרוב כבוש בית השיטה,,,כרוב כבוש בית השיטה,יחידה,430.00,יחידה,false,,8.90,0.0207,true,1,205303
7290113193000,false,פלפל שיפקונית בית הש,,,פלפל שיפקונית בית הש,גרמים,230.00,100 גרם,false,,12.90,5.6087,true,1,269529
7290113193031,false,חרוזית קלמטה בית השי,,,חרוזית קלמטה בית השי,גרמים,275.00,100 גרם,false,,15.90,5.7818,true,1,269513
7290113193321,false,שמן זית כתית מעולה ב,,,שמן זית כתית מעולה ב,מיליליטרים,750.00,"100 מ""ל",false,,35.90,4.7867,true,1,363805
7290113193406,false,טבעות קוקטיל זיתים ב,,,טבעות קוקטיל זיתים ב,גרמים,560.00,100 גרם,false,,11.90,2.1250,true,1,269514
7290113195042,false,מלפפון מלח כבישה בית,,,מלפפון מלח כבישה בית,גרמים,750.00,100 גרם,false,,30.90,4.1200,true,1,323076
7290113195080,false,חלבה טורקית בטעם שוק,,,חלבה טורקית בטעם שוק,גרמים,500.00,100 גרם,false,,12.90,2.5800,true,1,344647
7290113196414,false,אורז בסמטי שקדיה 1 ק,,,אורז בסמטי שקדיה 1 ק,קילוגרמים,1.00,"ק""ג",false,,10.50,10.5000,true,1,344348
7290113199682,false,גרנולה שיבולת שועל ע,,,גרנולה שיבולת שועל ע,גרמים,500.00,100 גרם,false,,13.50,2.7000,true,1,453538
7290113199705,false,מוזלי פירות יבשים 50,,,מוזלי פירות יבשים 50,גרמים,500.00,100 גרם,false,,13.50,2.7000,true,1,453368
7290113289215,false,צלחות מתכלות יהלום ע,,,צלחות מתכלות יהלום ע,יחידה,0.00,יחידה,false,,21.90,0.0000,true,1,374007
7290113289338,false,צלחות דקל מרובעות ענ,,,צלחות דקל מרובעות ענ,יחידה,0.00,יחידה,false,,17.90,0.0000,true,1,404221
7290113289475,false,מפיות חד שכבתיות 80,,,מפיות חד שכבתיות 80,יחידה,0.00,יחידה,false,,5.90,0.0000,true,1,360183
7290113289543,false,כוסות שקופות 150 יחי,,,כוסות שקופות 150 יחי,יחידה,0.00,יחידה,false,,15.90,0.0000,true,1,404079
7290113463646,false,פרוסות גבינה קשה מסו,,,פרוסות גבינה קשה מסו,גרמים,400.00,100 גרם,false,,13.60,3.4000,true,1,494684
7290114151603,false,Botany - מרכך לכל סו,,,Botany - מרכך לכל סו,מיליליטרים,500.00,"100 מ""ל",false,,24.90,4.9800,true,1,271552
7290114310215,false,שמנת מתוקה 38% בקבוק,,,שמנת מתוקה 38% בקבוק,מיליליטרים,250.00,"100 מ""ל",false,,6.47,2.5880,true,1,232024
7290114310239,false,חלב נטול לקטוז  1.5,,,חלב נטול לקטוז  1.5,ליטרים,1.50,ליטר,false,,12.90,8.6000,true,1,243923
7290114310611,false,משקה חלב בננה בבקבוק,,,משקה חלב בננה בבקבוק,מיליליטרים,250.00,"100 מ""ל",false,,5.90,2.3600,true,1,320725
7290114310628,false,משקה חלב וניל עוגיות,,,משקה חלב וניל עוגיות,ליטרים,1.00,ליטר,false,,12.90,12.9000,true,1,308917
7290114310673,false,לאבנה מחלב בקר 9% 25,,,לאבנה מחלב בקר 9% 25,גרמים,250.00,100 גרם,false,,12.90,5.1600,true,1,303655
7290114310901,false,גבינה לבנה טרה 5% וו,,,גבינה לבנה טרה 5% וו,גרמים,250.00,100 גרם,false,,4.98,1.9920,true,1,334875
7290114311014,false,משקה חלב אייס קפוצ'י,,,משקה חלב אייס קפוצ'י,מיליליטרים,250.00,"100 מ""ל",false,,5.60,2.2400,true,1,427812
7290114311021,false,משקה חלב וניל עוגיות,,,משקה חלב וניל עוגיות,מיליליטרים,250.00,"100 מ""ל",false,,5.60,2.2400,true,1,427827
7290114311038,false,שמנת מתוקה 32% בקבוק,,,שמנת מתוקה 32% בקבוק,מיליליטרים,250.00,"100 מ""ל",false,,7.90,3.1600,true,1,427797
7290114311069,false,יוגורט בטעם טבעי 25,,,יוגורט בטעם טבעי 25,גרמים,200.00,100 גרם,false,,6.90,3.4500,true,1,407899
7290114311076,false,חמאה צהובה עם שום מו,,,חמאה צהובה עם שום מו,גרמים,200.00,100 גרם,false,,11.90,5.9500,true,1,424488
7290114311298,false,מולר פרופ תות בננה מ,,,מולר פרופ תות בננה מ,גרמים,150.00,100 גרם,false,,5.50,3.6667,true,1,453222
7290114311304,false,מולר פרופ מנגו פסיפל,,,מולר פרופ מנגו פסיפל,גרמים,150.00,100 גרם,false,,5.50,3.6667,true,1,453223
7290114311328,false,חלב נטול לקטוז טרה 1,,,חלב נטול לקטוז טרה 1,ליטרים,1.00,ליטר,false,,7.90,7.9000,true,1,463615
7290114311458,false,קרטון חלב מועשר ויטמ,,,קרטון חלב מועשר ויטמ,ליטרים,1.00,ליטר,false,,9.90,9.9000,true,1,480748
7290114600996,false,מאסטר שף רוטב שום 25,,,מאסטר שף רוטב שום 25,מיליליטרים,250.00,"100 מ""ל",false,,12.90,5.1600,true,1,248002
7290114603041,false,פרי גרנולה בוטנים אג,,,פרי גרנולה בוטנים אג,גרמים,300.00,100 גרם,false,,18.90,6.3000,true,1,275279
7290114603768,false,אג'קס שירותים 750 מ',,,אג'קס שירותים 750 מ',מיליליטרים,750.00,"100 מ""ל",false,,32.90,4.3867,true,1,248638
7290114604857,false,דפי אורז קוטר 22 כשל,,,דפי אורז קוטר 22 כשל,גרמים,400.00,100 גרם,false,,10.90,2.7250,true,1,289976
7290114604901,false,מאסטר שף ממרח שום לח,,,מאסטר שף ממרח שום לח,גרמים,242.00,100 גרם,false,,15.90,6.5702,true,1,304953
7290114606547,false,מאסטר שף מיונז עם כמ,,,מאסטר שף מיונז עם כמ,גרמים,242.00,100 גרם,false,,15.90,6.5702,true,1,304955
7290114606578,false,שקדי מרק מאסטר שף 40,,,שקדי מרק מאסטר שף 40,גרמים,400.00,100 גרם,false,,10.90,2.7250,true,1,349541
7290115190007,false,מרלבורו רד פאקט 10*2,,,מרלבורו רד פאקט 10*2,יחידה,0.00,יחידה,false,,345.00,0.0000,false,1,266753
7290115190014,false,סיגריות מרלבורו  חפי,,,סיגריות מרלבורו  חפי,יחידה,0.00,יחידה,false,,36.50,0.0000,false,1,266663
7290115190090,false,סיגריות מרלבורו  חפי,,,סיגריות מרלבורו  חפי,יחידה,0.00,יחידה,false,,36.50,0.0000,false,1,266679
7290115190137,false,מרלבורו פיין טאצ בוד,,,מרלבורו פיין טאצ בוד,יחידה,0.00,יחידה,false,,32.50,0.0000,false,1,266664
7290115190151,false,מרלבורו גולד טאצ בוד,,,מרלבורו גולד טאצ בוד,יחידה,0.00,יחידה,false,,32.50,0.0000,false,1,266646
7290115190199,false,סיגריות פרלמנט (חפיס,,,סיגריות פרלמנט (חפיס,יחידה,0.00,יחידה,false,,42.00,0.0000,false,1,307323
7290115190212,false,סיגריות פרלמנט (חפיס,,,סיגריות פרלמנט (חפיס,יחידה,0.00,יחידה,false,,42.00,0.0000,false,1,266627
7290115190236,false,סיגריות פרלמנט (חפיס,,,סיגריות פרלמנט (חפיס,יחידה,0.00,יחידה,false,,42.00,0.0000,false,1,266612
7290115190250,false,סיגריות פרלמנט (חפיס,,,סיגריות פרלמנט (חפיס,יחידה,0.00,יחידה,false,,42.00,0.0000,false,1,259795
7290115190359,false,אל אם בלו לייבל קצר,,,אל אם בלו לייבל קצר,יחידה,0.00,יחידה,false,,33.90,0.0000,false,1,259777
7290115190380,false,אל אם רד פאקט 10*20,,,אל אם רד פאקט 10*20,יחידה,0.00,יחידה,false,,325.90,0.0000,false,1,259876
7290115190434,false,אל אם וייב סלימס,,,אל אם וייב סלימס,יחידה,0.00,יחידה,false,,33.90,0.0000,false,1,259797
7290115190496,false,סיגריות נקסט (בודד),,,סיגריות נקסט (בודד),יחידה,0.00,יחידה,false,,31.90,0.0000,false,1,288502
7290115190502,false,נקסט פיין קצר פאקט 1,,,נקסט פיין קצר פאקט 1,יחידה,0.00,יחידה,false,,295.90,0.0000,false,1,266733
7290115200003,false,פתי בר פינוקי וניל 2,,,פתי בר פינוקי וניל 2,גרמים,220.00,100 גרם,false,,12.90,5.8636,true,1,275455
7290115201680,false,ביסלי ברביקיו 70 גרם,,,ביסלי ברביקיו 70 גרם,גרמים,70.00,100 גרם,false,,4.90,7.0000,true,1,282240
7290115202434,false,חומוס עם זעתר צבר 37,,,חומוס עם זעתר צבר 37,גרמים,375.00,100 גרם,false,,12.90,3.4400,true,1,292656
7290115202748,false,אסם קטשופ לעל האש בת,,,אסם קטשופ לעל האש בת,גרמים,710.00,100 גרם,false,,12.50,1.7606,true,1,305239
7290115202816,false,מנה חמה פאוצ' נדלסאט,,,מנה חמה פאוצ' נדלסאט,גרמים,70.00,100 גרם,false,,4.90,7.0000,true,1,303755
7290115204056,false,אסם קטשופ מופחת סוכר,,,אסם קטשופ מופחת סוכר,גרמים,690.00,100 גרם,false,,11.90,1.7246,true,1,311289
7290115204186,false,פסטו המעדינה של צבר,,,פסטו המעדינה של צבר,גרמים,190.00,100 גרם,false,,18.50,9.7368,true,1,408956
7290115205176,false,פיטנס קרקר THIN כפרי,,,פיטנס קרקר THIN כפרי,גרמים,140.00,100 גרם,false,,14.90,10.6429,true,1,366727
7290115205312,false,פיטנס קרקר Thin Deli,,,פיטנס קרקר Thin Deli,גרמים,140.00,100 גרם,false,,14.90,10.6429,true,1,441307
7290115205695,false,בצק מצונן לפיצה בונז,,,בצק מצונן לפיצה בונז,גרמים,460.00,100 גרם,false,,19.90,4.3261,true,1,384443
7290115205718,false,בצק עלים מצונן בונז',,,בצק עלים מצונן בונז',גרמים,230.00,100 גרם,false,,14.90,6.4783,true,1,384458
7290115207484,false,חציל על האש היתר צבר,,,חציל על האש היתר צבר,גרמים,400.00,100 גרם,false,,18.90,4.7250,true,1,391505
7290115208009,false,ויטמינצ'יק ענבים 1 ל,,,ויטמינצ'יק ענבים 1 ל,ליטרים,1.00,ליטר,false,,23.50,23.5000,true,1,396908
7290115208047,false,ויטמינצ'יק פטל 1 ליט,,,ויטמינצ'יק פטל 1 ליט,ליטרים,1.00,ליטר,false,,23.50,23.5000,true,1,396909
7290115410068,false,חציל במיונז 400 גרם,,,חציל במיונז 400 גרם,גרמים,400.00,100 גרם,false,,13.90,3.4750,true,1,343499
7290115410075,false,טחינה 400 גרם סלטי ה,,,טחינה 400 גרם סלטי ה,גרמים,400.00,100 גרם,false,,13.90,3.4750,true,1,343500
7290115410082,false,טורקי 400 גרם סלטי ה,,,טורקי 400 גרם סלטי ה,גרמים,400.00,100 גרם,false,,13.90,3.4750,true,1,343501
7290115410112,false,חומוס 400 גרם סלטי ה,,,חומוס 400 גרם סלטי ה,גרמים,400.00,100 גרם,false,,13.90,3.4750,true,1,343483
7290115410549,false,חומוס מסעדות המעדניה,,,חומוס מסעדות המעדניה,גרמים,250.00,100 גרם,false,,11.90,4.7600,true,1,343416
7290115410556,false,חומוס מסבחה 250 גרם,,,חומוס מסבחה 250 גרם,גרמים,250.00,100 גרם,false,,11.90,4.7600,true,1,343445
7290115410587,false,טחינה לבנה 250 גרם -,,,טחינה לבנה 250 גרם -,גרמים,250.00,100 גרם,false,,11.90,4.7600,true,1,343448
7290115670707,false,אנרג'י גרנולה שיבולת,,,אנרג'י גרנולה שיבולת,גרמים,400.00,100 גרם,false,,16.90,4.2250,true,1,309223
7290115675696,false,דגני בוקר קוואקר שיב,,,דגני בוקר קוואקר שיב,גרמים,375.00,100 גרם,false,,23.90,6.3733,true,1,327376
7290115676082,false,משקה יוגורט עם חלבון,,,משקה יוגורט עם חלבון,גרמים,255.00,100 גרם,false,,7.50,2.9412,true,1,312453
7290115676099,false,משקה יוגורט עם חלבון,,,משקה יוגורט עם חלבון,גרמים,265.00,100 גרם,false,,7.50,2.8302,true,1,312439
7290115676341,false,דבש טהור באריזות איש,,,דבש טהור באריזות איש,גרמים,162.00,100 גרם,false,,21.90,13.5185,true,1,479492
7290115677089,false,קונפיטורת תפוח וקינמ,,,קונפיטורת תפוח וקינמ,גרמים,340.00,100 גרם,false,,14.90,4.3824,true,1,328582
7290115677362,false,נודלס טריאקי שטראוס,,,נודלס טריאקי שטראוס,גרמים,350.00,100 גרם,false,,28.90,8.2571,true,1,361933
7290115677423,false,אורז קארי ירוק חריף,,,אורז קארי ירוק חריף,גרמים,350.00,100 גרם,false,,28.90,8.2571,true,1,361935
7290115678383,false,מעדן הגולן מעדן חלב,,,מעדן הגולן מעדן חלב,גרמים,125.00,100 גרם,false,,3.50,2.8000,true,1,334370
7290115678598,false,חסה אייסברג חיתוך גס,,,חסה אייסברג חיתוך גס,גרמים,300.00,100 גרם,false,,10.90,3.6333,true,1,359340
7290116270715,false,פילה ברבוניה ארוז בו,,,פילה ברבוניה ארוז בו,יחידה,0.00,יחידה,false,,29.90,0.0000,true,1,410580
7290116530062,false,רוטב לסלט ויניגרטה 2,,,רוטב לסלט ויניגרטה 2,גרמים,295.00,100 גרם,false,,12.90,4.3729,true,1,327697
7290116530185,false,דגני בוקר דלישקד קרמ,,,דגני בוקר דלישקד קרמ,גרמים,400.00,100 גרם,false,,26.90,6.7250,true,1,389647
7290116530482,false,מארז קורנפלקס של אלו,,,מארז קורנפלקס של אלו,גרמים,150.00,100 גרם,false,,13.90,9.2667,true,1,357418
7290116531496,false,דגני בוקר קינמונים ת,,,דגני בוקר קינמונים ת,גרמים,375.00,100 גרם,false,,24.90,6.6400,true,1,408779
7290116531564,false,מאגדת פריכיות תירס ד,,,מאגדת פריכיות תירס ד,גרמים,150.00,100 גרם,false,,16.50,11.0000,true,1,391363
7290116532264,false,מאגדת שלגון מופחת שו,,,מאגדת שלגון מופחת שו,100 יח',6.00,100 יח',false,,32.90,548.3333,true,1,432819
7290116532769,false,גרנולה פרוטאין בתוספ,,,גרנולה פרוטאין בתוספ,גרמים,300.00,100 גרם,false,,17.90,5.9667,true,1,443907
7290116533216,false,מרק ירקות 100% רכיבי,,,מרק ירקות 100% רכיבי,גרמים,235.00,100 גרם,false,,22.90,9.7447,true,1,483346
7290116930282,false,לאבנה 9% שומן עם קרק,,,לאבנה 9% שומן עם קרק,גרמים,150.00,100 גרם,false,,8.50,5.6667,true,1,452299
7290116930442,false,יופלה SHAKE בננה  מנ,,,יופלה SHAKE בננה  מנ,מיליליטרים,230.00,"100 מ""ל",false,,8.50,3.6957,true,1,452331
7290116930459,false,יופלה SHAKE בננה  אנ,,,יופלה SHAKE בננה  אנ,מיליליטרים,230.00,"100 מ""ל",false,,8.50,3.6957,true,1,452332
7290116930480,false,יופלה SHAKE בננה  קי,,,יופלה SHAKE בננה  קי,מיליליטרים,230.00,"100 מ""ל",false,,8.50,3.6957,true,1,452334
7290116930626,false,ציזיקי עם קרקרים תנו,,,ציזיקי עם קרקרים תנו,גרמים,150.00,100 גרם,false,,8.50,5.6667,true,1,452300
7290117260470,false,גבינה בולגרית מעודנת,,,גבינה בולגרית מעודנת,גרמים,200.00,100 גרם,false,,13.90,6.9500,true,1,454185
7290117260685,false,תן בו בטעם וניל בציפ,,,תן בו בטעם וניל בציפ,גרמים,230.00,100 גרם,false,,20.90,9.0870,true,1,389120
7290117261354,false,גבינת ריקוטה  5% שומ,,,גבינת ריקוטה  5% שומ,גרמים,200.00,100 גרם,false,,10.90,5.4500,true,1,451322
7290117261385,false,גבינת פטה לייט  8% ש,,,גבינת פטה לייט  8% ש,גרמים,500.00,100 גרם,false,,29.90,5.9800,true,1,451370
7290117380888,false,מרבה טייק אווי - עוג,,,מרבה טייק אווי - עוג,גרמים,140.00,100 גרם,false,,10.90,7.7857,true,1,482872
7290117383711,false,פלמוליב חלב ודבש 750,,,פלמוליב חלב ודבש 750,ליטרים,1500.00,100 ליטר,false,,30.00,2.0000,true,1,493068
7290117383742,false,פלמוליב גבר מרענן 75,,,פלמוליב גבר מרענן 75,ליטרים,1500.00,100 ליטר,false,,30.00,2.0000,true,1,493071
7290117823798,false,בדיקה עצמית מהירה לז,,,בדיקה עצמית מהירה לז,יחידה,0.00,יחידה,false,,39.90,0.0000,true,1,395792
7290117860137,false,תחליב רחצה בניחוח פר,,,תחליב רחצה בניחוח פר,מיליליטרים,700.00,"100 מ""ל",false,,15.90,2.2714,true,1,493940
7290117860182,false,תחליב רחצה בניחוח מג,,,תחליב רחצה בניחוח מג,מיליליטרים,700.00,"100 מ""ל",false,,15.90,2.2714,true,1,493941
7290117860236,false,תחליב רחצה בניחוח וי,,,תחליב רחצה בניחוח וי,מיליליטרים,700.00,"100 מ""ל",false,,15.90,2.2714,true,1,493942
7290117860243,false,מרכך לשיער יבש הוואי,,,מרכך לשיער יבש הוואי,מיליליטרים,700.00,"100 מ""ל",false,,15.90,2.2714,true,1,490301
7290117860281,false,ג'ל רחצה לגבר בניחוח,,,ג'ל רחצה לגבר בניחוח,מיליליטרים,700.00,"100 מ""ל",false,,15.90,2.2714,true,1,493943
7290117860748,false,שמפו מעניק נפח הוואי,,,שמפו מעניק נפח הוואי,מיליליטרים,700.00,"100 מ""ל",false,,15.90,2.2714,true,1,495306
7290117860793,false,מרכך מעניק נפח הוואי,,,מרכך מעניק נפח הוואי,מיליליטרים,700.00,"100 מ""ל",false,,15.90,2.2714,true,1,495307
7290589856775,false,נייס שבלולים לשיער,,,נייס שבלולים לשיער,יחידה,0.00,יחידה,false,,5.90,0.0000,true,1,37202
7290900010367,false,טורטייה אבאל 360 גרם,,,טורטייה אבאל 360 גרם,גרמים,360.00,100 גרם,false,,10.90,3.0278,true,1,81316
7291008084915,false,תמר מג'הול  500גר,,,תמר מג'הול  500גר,גרמים,500.00,100 גרם,false,,10.00,2.0000,true,1,412740
7296021131394,false,סכין  מולטי משוננת מ,,,סכין  מולטי משוננת מ,יחידה,0.00,יחידה,false,,19.90,0.0000,true,1,30595
7296082000035,false,6 ביצים L אומגה ביצה,,,6 ביצים L אומגה ביצה,יחידה,0.00,יחידה,false,,15.90,0.0000,true,1,51262
7297425473240,false,סט דיסני מיקרו 160/2,,,סט דיסני מיקרו 160/2,יחידה,0.00,יחידה,false,,169.90,0.0000,true,1,371416
7297425473264,false,סט דיסני מיקרו 160/2,,,סט דיסני מיקרו 160/2,יחידה,0.00,יחידה,false,,169.90,0.0000,true,1,371432
7297488098305,false,דגש קמח שקדים 250 גר,,,דגש קמח שקדים 250 גר,גרמים,250.00,100 גרם,false,,27.90,11.1600,true,1,50576
7297488099760,false,דגש עוגיות בטעם חלבה,,,דגש עוגיות בטעם חלבה,גרמים,250.00,100 גרם,false,,26.90,10.7600,true,1,271285
7297588028455,false,מטריה סיליקון חצי או,,,מטריה סיליקון חצי או,יחידה,0.00,יחידה,false,,39.90,0.0000,true,1,261500
7312040017683,false,אבסולוט וודקה 700 מל,,,אבסולוט וודקה 700 מל,מיליליטרים,700.00,"100 מ""ל",false,,75.90,10.8429,true,1,69371
7380580005255,false,נייס שבלולים לשיער,,,נייס שבלולים לשיער,יחידה,0.00,יחידה,false,,7.90,0.0000,true,1,37208
7394376123337,false,משקה שיבולת שועל אור,,,משקה שיבולת שועל אור,ליטרים,1.00,ליטר,false,,16.90,16.9000,true,1,243823
7394376615825,false,משקה שיבולת שועל מוע,,,משקה שיבולת שועל מוע,ליטרים,1.00,ליטר,false,,16.90,16.9000,true,1,243824
7394376616778,false,משקה שיבולת שועל להק,,,משקה שיבולת שועל להק,ליטרים,1.00,ליטר,false,,18.90,18.9000,true,1,243826
7480588956563,false,נייס שבלולים לשיער,,,נייס שבלולים לשיער,יחידה,0.00,יחידה,false,,9.90,0.0000,true,1,37211
7501013122114,false,ג'ומקס נקטר אננס קרט,,,ג'ומקס נקטר אננס קרט,ליטרים,1.00,ליטר,false,,11.00,11.0000,true,1,191126
7501013122190,false,ג'ומקס משקה תפוחים ק,,,ג'ומקס משקה תפוחים ק,ליטרים,1.00,ליטר,false,,11.00,11.0000,true,1,191127
7501013122992,false,ג'ומקס משקה קוקוס אנ,,,ג'ומקס משקה קוקוס אנ,ליטרים,1.00,ליטר,false,,11.00,11.0000,true,1,191128
7501049936945,false,מארז שישייה בירה סול,,,מארז שישייה בירה סול,ליטרים,1.98,ליטר,false,,40.90,20.6566,true,1,231644
7501064191398,false,קורונה מארז שישיה 6*,,,קורונה מארז שישיה 6*,ליטרים,2.13,ליטר,false,,39.90,18.7324,true,1,144380
7509546061160,false,משחת שיניים קולגייט,,,משחת שיניים קולגייט,מיליליטרים,75.00,"100 מ""ל",false,,16.90,22.5333,true,1,432152
7610100034084,false,מיונז טומי 265 גרם,,,מיונז טומי 265 גרם,גרמים,265.00,100 גרם,false,,16.90,6.3774,true,1,77581
7610400014649,false,לינדט לינדור שוק.חלב,,,לינדט לינדור שוק.חלב,גרמים,100.00,100 גרם,false,,18.90,18.9000,true,1,14818
7610400074155,false,לינדט לינדור 60% 100,,,לינדט לינדור 60% 100,גרמים,100.00,100 גרם,false,,18.90,18.9000,true,1,14825
7610400085946,false,לינדט לה גרנד ד.אלמו,,,לינדט לה גרנד ד.אלמו,גרמים,150.00,100 גרם,false,,26.90,17.9333,true,1,212275
7613030979647,false,דגני בוקר טריקס 480,,,דגני בוקר טריקס 480,גרמים,480.00,100 גרם,false,,28.90,6.0208,true,1,120849
7613032045753,false,דגני פיטנס שוקולד נס,,,דגני פיטנס שוקולד נס,גרמים,375.00,100 גרם,false,,23.90,6.3733,true,1,21835
7613033548192,false,דגני בוקר פיטנס שוקו,,,דגני בוקר פיטנס שוקו,גרמים,375.00,100 גרם,false,,23.90,6.3733,true,1,68563
7613035622623,false,פיטנס גרנולה שקדים ו,,,פיטנס גרנולה שקדים ו,גרמים,300.00,100 גרם,false,,16.90,5.6333,true,1,21875
7613036105606,false,דוגלי בוגר בקר 4*3קג,,,דוגלי בוגר בקר 4*3קג,קילוגרמים,3.00,"ק""ג",false,,55.90,18.6333,true,1,92171
7613037204797,false,סטארבקס פולי קפה בלו,,,סטארבקס פולי קפה בלו,גרמים,450.00,100 גרם,false,,54.90,12.2000,true,1,313102
7613037686906,false,פיטנס שקדים ודבש נסט,,,פיטנס שקדים ודבש נסט,גרמים,355.00,100 גרם,false,,23.90,6.7324,true,1,198570
7613037811629,false,קורנפלקס גו פרי 500,,,קורנפלקס גו פרי 500,גרמים,500.00,100 גרם,false,,17.90,3.5800,true,1,215924
7613287302373,false,קפסולות סטארבקס איטל,,,קפסולות סטארבקס איטל,גרמים,56.00,100 גרם,false,,23.90,42.6786,true,1,306054
7613287325808,false,רוטב איולי שום לחיץ,,,רוטב איולי שום לחיץ,גרמים,295.00,100 גרם,false,,15.90,5.3898,true,1,367062
7613287476678,false,סינימיניס צ'ורוס 360,,,סינימיניס צ'ורוס 360,גרמים,360.00,100 גרם,false,,28.90,8.0278,true,1,329349
7613287821348,false,נתחוני עוף טבעוני סנ,,,נתחוני עוף טבעוני סנ,גרמים,350.00,100 גרם,false,,33.90,9.6857,true,1,375003
7614500010617,false,בר טובלרון מריר 100,,,בר טובלרון מריר 100,גרמים,100.00,100 גרם,false,,11.90,11.9000,true,1,435512
7622010001858,false,עוגיות אוראו  סנדביץ,,,עוגיות אוראו  סנדביץ,גרמים,176.00,100 גרם,false,,10.90,6.1932,true,1,5877
7622201139278,false,פילדלפיה גבינת שמנת,,,פילדלפיה גבינת שמנת,גרמים,150.00,100 גרם,false,,16.90,11.2667,true,1,212532
7622201521493,false,גבינת שמנת עם שום וע,,,גבינת שמנת עם שום וע,גרמים,150.00,100 גרם,false,,16.90,11.2667,true,1,454667
7622201798154,false,פילדלפיה גבינת שמנת,,,פילדלפיה גבינת שמנת,גרמים,150.00,100 גרם,false,,16.90,11.2667,true,1,358149
7622201801809,false,מילקה שוקוד חלב עם א,,,מילקה שוקוד חלב עם א,גרמים,100.00,100 גרם,false,,7.90,7.9000,true,1,334079
7622201802363,false,מילקה שוקולד חלב עם,,,מילקה שוקולד חלב עם,גרמים,100.00,100 גרם,false,,7.90,7.9000,true,1,334080
7622201802394,false,מילקה שוקולד חלב 100,,,מילקה שוקולד חלב 100,גרמים,100.00,100 גרם,false,,7.90,7.9000,true,1,334064
7622201808631,false,אוראו מיני כוסות בטע,,,אוראו מיני כוסות בטע,גרמים,67.00,100 גרם,false,,10.90,16.2687,true,1,339720
7622201813390,false,מילקה וואפל במילוי ק,,,מילקה וואפל במילוי ק,גרמים,150.00,100 גרם,false,,15.90,10.6000,true,1,321785
7622210453327,false,מילקה סנסיישן 156 גר,,,מילקה סנסיישן 156 גר,גרמים,156.00,100 גרם,false,,15.90,10.1923,true,1,102072
7622300270506,false,מילקה גריינס עוגיות,,,מילקה גריינס עוגיות,גרמים,168.00,100 גרם,false,,15.90,9.4643,true,1,5889
7622300503079,false,מילקה מוו - ביסקוויט,,,מילקה מוו - ביסקוויט,גרמים,200.00,100 גרם,false,,15.90,7.9500,true,1,5896
7622300617820,false,מילקה שוקולד אוראו 1,,,מילקה שוקולד אוראו 1,גרמים,100.00,100 גרם,false,,7.90,7.9000,true,1,5897
7630477891592,false,קפסולות האוס בלנד סט,,,קפסולות האוס בלנד סט,גרמים,57.00,100 גרם,false,,23.90,41.9298,true,1,273658
7630477891615,false,סטארבקס קפסולות סומט,,,סטארבקס קפסולות סומט,גרמים,55.00,100 גרם,false,,23.90,43.4545,true,1,263706
7630477891653,false,סטארבקס קפסולות אספר,,,סטארבקס קפסולות אספר,גרמים,57.00,100 גרם,false,,23.90,41.9298,true,1,263708
7690589856667,false,נייס שבלולים לשיער,,,נייס שבלולים לשיער,יחידה,0.00,יחידה,false,,12.90,0.0000,true,1,37212
7702018980826,false,ג'ל גילוח GILLETTE S,,,ג'ל גילוח GILLETTE S,מיליליטרים,200.00,"100 מ""ל",false,,15.90,7.9500,true,1,210167
7702174068826,false,יוגטה לקקן חדש 12יח,,,יוגטה לקקן חדש 12יח,גרמים,216.00,100 גרם,false,,12.90,5.9722,true,1,14045
7792860006218,false,בייבי דול לקקן 20גר,,,בייבי דול לקקן 20גר,גרמים,24.00,100 גרם,false,,2.90,12.0833,true,1,14829
7891024030974,false,משחת טריפל אקשן קולג,,,משחת טריפל אקשן קולג,מיליליטרים,75.00,"100 מ""ל",false,,6.90,9.2000,true,1,23763
7900250001006,false,אביזרי שיער,,,אביזרי שיער,יחידה,0.00,יחידה,false,,15.90,0.0000,true,1,37213
8000070003811,false,קפסולת LAVAZZA PASSI,,,קפסולת LAVAZZA PASSI,גרמים,120.00,100 גרם,false,,29.90,24.9167,true,1,473830
8000070010680,false,לוואצ'ה קפסולות קפה,,,לוואצ'ה קפסולות קפה,גרמים,50.00,100 גרם,false,,21.90,43.8000,true,1,368516
8000070081000,false,לוואצ'ה קפסולות קפה,,,לוואצ'ה קפסולות קפה,גרמים,50.00,100 גרם,false,,21.90,43.8000,true,1,135046
8000070081017,false,לוואצ'ה קפסולות קפה,,,לוואצ'ה קפסולות קפה,גרמים,50.00,100 גרם,false,,21.90,43.8000,true,1,135047
8000215204219,false,משקה אורז אורגני 1 ל,,,משקה אורז אורגני 1 ל,ליטרים,1.00,ליטר,false,,14.90,14.9000,true,1,271137
8000215204653,false,משקה סויה 1 ליטר  -,,,משקה סויה 1 ליטר  -,ליטרים,1.00,ליטר,false,,12.90,12.9000,true,1,271140
8000215204677,false,משקה שיבולת שועל אור,,,משקה שיבולת שועל אור,ליטרים,1.00,ליטר,false,,14.90,14.9000,true,1,395793
8000215204714,false,משקה שיבולת שועל אור,,,משקה שיבולת שועל אור,ליטרים,1.00,ליטר,false,,14.90,14.9000,true,1,271141
8000380003723,false,גרנד פטיסרי ופל אגוז,,,גרנד פטיסרי ופל אגוז,גרמים,100.00,100 גרם,false,,13.90,13.9000,true,1,14053
8000380003761,false,גרנד פטיסרי ופל קוקו,,,גרנד פטיסרי ופל קוקו,גרמים,100.00,100 גרם,false,,13.90,13.9000,true,1,14054
8000380004669,false,לואקר וופל סנדוויץ',,,לואקר וופל סנדוויץ',גרמים,200.00,100 גרם,false,,14.90,7.4500,true,1,14056
8000380004676,false,לואקר וופל קרם וניל,,,לואקר וופל קרם וניל,גרמים,200.00,100 גרם,false,,14.90,7.4500,true,1,14057
8000380004911,false,וופל קואדרטיני אגוז,,,וופל קואדרטיני אגוז,גרמים,250.00,100 גרם,false,,15.90,6.3600,true,1,14059
8000380004966,false,וופל קואדרטיני קקאו,,,וופל קואדרטיני קקאו,גרמים,250.00,100 גרם,false,,15.90,6.3600,true,1,14062
8000380005598,false,טורטינה מריר 6יח,,,טורטינה מריר 6יח,גרמים,125.00,100 גרם,false,,18.90,15.1200,true,1,14063
8000380007257,false,.וופל מצופה שוקולד ג,,,.וופל מצופה שוקולד ג,גרמים,200.00,100 גרם,false,,15.90,7.9500,true,1,67736
8000380007264,false,וופל לואקר קקאו 175,,,וופל לואקר קקאו 175,גרמים,175.00,100 גרם,false,,13.90,7.9429,true,1,14071
8000380007271,false,וופל לואקר חלב 175 ג,,,וופל לואקר חלב 175 ג,גרמים,175.00,100 גרם,false,,13.90,7.9429,true,1,14072
8000380142484,false,וופל קואדרטיני שוקול,,,וופל קואדרטיני שוקול,גרמים,250.00,100 גרם,false,,15.90,6.3600,true,1,67738
8000380144044,false,וופל גרדנה שוקולד 20,,,וופל גרדנה שוקולד 20,גרמים,200.00,100 גרם,false,,15.90,7.9500,true,1,14077
8000380180721,false,וופל לואקר קלאסיק שו,,,וופל לואקר קלאסיק שו,גרמים,175.00,100 גרם,false,,13.90,7.9429,true,1,67745
8000380180745,false,וופל קואדרטיני לואקר,,,וופל קואדרטיני לואקר,גרמים,250.00,100 גרם,false,,15.90,6.3600,true,1,14103
8000380187119,false,עוגיות לואקר אגוזי ל,,,עוגיות לואקר אגוזי ל,גרמים,100.00,100 גרם,false,,15.90,15.9000,true,1,267948
8000380192243,false,וופל לואקר מקסי אגוז,,,וופל לואקר מקסי אגוז,גרמים,200.00,100 גרם,false,,15.90,7.9500,true,1,137441
8000380201396,false,טורטינה קרמל לואקר 1,,,טורטינה קרמל לואקר 1,גרמים,125.00,100 גרם,false,,18.90,15.1200,true,1,397678
8000380206896,false,לואקר גרדנה חמאת בוט,,,לואקר גרדנה חמאת בוט,גרמים,200.00,100 גרם,false,,15.90,7.9500,true,1,449890
8000500023624,false,הפי היפו 5*20ג,,,הפי היפו 5*20ג,גרמים,102.00,100 גרם,false,,15.50,15.1961,true,1,14107
8000500023976,false,בונבוניירת רפאלו 150,,,בונבוניירת רפאלו 150,גרמים,150.00,100 גרם,false,,17.90,11.9333,true,1,48738
8000500026731,false,קינדר ביצי שוקולד 3*,,,קינדר ביצי שוקולד 3*,גרמים,60.00,100 גרם,false,,16.90,28.1667,true,1,48739
8000500029350,false,קינדר בואנו 3*43 גרם,,,קינדר בואנו 3*43 גרם,גרמים,129.00,100 גרם,false,,12.90,10.0000,true,1,48740
8000500032237,false,רושר 375 גרם,,,רושר 375 גרם,גרמים,375.00,100 גרם,false,,50.90,13.5733,true,1,48741
8000500071083,false,קינדר אצבעות שוקולד,,,קינדר אצבעות שוקולד,גרמים,200.00,100 גרם,false,,14.90,7.4500,true,1,48743
8000500121436,false,קינדר בואנו לבן 3*43,,,קינדר בואנו לבן 3*43,גרמים,117.00,100 גרם,false,,12.90,11.0256,true,1,48745
8000500126325,false,קינדר גוי 1/3 ורוד 3,,,קינדר גוי 1/3 ורוד 3,גרמים,60.00,100 גרם,false,,16.90,28.1667,true,1,48746
8000500227848,false,'וופל מלוח במילוי ממ,,,'וופל מלוח במילוי ממ,גרמים,132.00,100 גרם,false,,12.90,9.7727,true,1,123809
8000500247167,false,פררו קולקשיין 249.5,,,פררו קולקשיין 249.5,גרמים,249.50,100 גרם,false,,52.90,21.2024,true,1,90895
8000500249352,false,קינדר בואנו מיני מיק,,,קינדר בואנו מיני מיק,יחידה,0.00,יחידה,false,,20.90,0.0000,true,1,94658
8000500267103,false,פררו-קינדר דליס עשיר,,,פררו-קינדר דליס עשיר,יחידה,0.00,יחידה,false,,22.90,0.0000,true,1,129137
8000500269169,false,קינדר קארדס 128 גרם,,,קינדר קארדס 128 גרם,גרמים,128.00,100 גרם,false,,13.90,10.8594,true,1,277070
8001003100164,false,יוגטה סוכריות ג'לי פ,,,יוגטה סוכריות ג'לי פ,גרמים,450.00,100 גרם,false,,14.90,3.3111,true,1,129281
8001003202028,false,סוכריות ג'לי בטעם מנ,,,סוכריות ג'לי בטעם מנ,גרמים,80.00,100 גרם,false,,5.50,6.8750,true,1,443303
8001090336521,false,פמפרס בייבי דריי מיד,,,פמפרס בייבי דריי מיד,יחידה,0.00,יחידה,false,,35.90,0.0000,true,1,196370
8001090721099,false,אריאל פודס קפסולות 2,,,אריאל פודס קפסולות 2,יח',27.00,יח',false,,36.90,1.3667,true,1,126464
8001090745903,false,אבקת כביסה טייד אלפי,,,אבקת כביסה טייד אלפי,קילוגרמים,4.00,"ק""ג",false,,34.90,8.7250,true,1,235736
8001090832450,false,שמפו הנוסחה הקלאסית,,,שמפו הנוסחה הקלאסית,מיליליטרים,660.00,"100 מ""ל",false,,22.90,3.4697,true,1,230668
8001090832573,false,שמפו לחות מוגברת פנט,,,שמפו לחות מוגברת פנט,מיליליטרים,660.00,"100 מ""ל",false,,22.90,3.4697,true,1,230670
8001090832856,false,מרכך שמן מרוקאי משקם,,,מרכך שמן מרוקאי משקם,מיליליטרים,660.00,"100 מ""ל",false,,22.90,3.4697,true,1,230672
8001090832894,false,מרכך לחות מוגברת פנט,,,מרכך לחות מוגברת פנט,מיליליטרים,660.00,"100 מ""ל",false,,22.90,3.4697,true,1,230673
8001090833167,false,אריאל ג'ל כביסה ניחו,,,אריאל ג'ל כביסה ניחו,ליטרים,2.37,ליטר,false,,36.90,15.5696,true,1,135709
8001090833198,false,אריאל ג'ל כביסה ניחו,,,אריאל ג'ל כביסה ניחו,ליטרים,2.37,ליטר,false,,36.90,15.5696,true,1,135710
8001090899194,false,תחבושות פלטינום נורמ,,,תחבושות פלטינום נורמ,יחידה,0.00,יחידה,false,,24.90,0.0000,true,1,181084
8001090899224,false,תחבושות פלטינום לונג,,,תחבושות פלטינום לונג,יחידה,0.00,יחידה,false,,24.90,0.0000,true,1,181085
8001090899255,false,תחבושות פלטינום לילה,,,תחבושות פלטינום לילה,יחידה,0.00,יחידה,false,,24.90,0.0000,true,1,181086
8001090899286,false,תחבושות פלטינום לילה,,,תחבושות פלטינום לילה,יחידה,0.00,יחידה,false,,24.90,0.0000,true,1,181087
8001505001785,false,ממרח אגוזי לוז  ביאנ,,,ממרח אגוזי לוז  ביאנ,גרמים,270.00,100 גרם,false,,18.90,7.0000,true,1,271536
8001561024131,false,טונה עם צילי בשמן זי,,,טונה עם צילי בשמן זי,גרמים,240.00,100 גרם,false,,33.90,14.1250,true,1,429855
8001561521708,false,נתחי טונה בהירה במי,,,נתחי טונה בהירה במי,גרמים,320.00,100 גרם,false,,38.90,12.1562,true,1,430129
8001620011935,false,סאן בנדטו מוגז 6*500,,,סאן בנדטו מוגז 6*500,ליטרים,3.00,ליטר,false,,13.90,4.6333,true,1,10380
8001841096889,false,פיירי קלאסיק לימון 9,,,פיירי קלאסיק לימון 9,מיליליטרים,900.00,"100 מ""ל",false,,8.90,0.9889,true,1,130073
8001841625188,false,פיירי נוזל כלים פלטי,,,פיירי נוזל כלים פלטי,מיליליטרים,515.00,"100 מ""ל",false,,10.90,2.1165,true,1,235260
8001841625287,false,פיירי נוזל כלים פלטי,,,פיירי נוזל כלים פלטי,ליטרים,1.01,ליטר,false,,19.90,19.7030,true,1,235261
8001841625362,false,פיירי נוזל כלים פלטי,,,פיירי נוזל כלים פלטי,מיליליטרים,780.00,"100 מ""ל",false,,14.90,1.9103,true,1,432787
8001841625461,false,פיירי נוזל כלים פלטי,,,פיירי נוזל כלים פלטי,מיליליטרים,515.00,"100 מ""ל",false,,10.90,2.1165,true,1,235262
8001841625508,false,פיירי נוזל כלים פלטי,,,פיירי נוזל כלים פלטי,ליטרים,1.01,ליטר,false,,19.90,19.7030,true,1,235263
8001841663654,false,פיירי נוזל כלים 650,,,פיירי נוזל כלים 650,מיליליטרים,650.00,"100 מ""ל",false,,10.90,1.6769,true,1,466993
8001841669465,false,אריאל קפסולות 24 יחי,,,אריאל קפסולות 24 יחי,גרמים,646.00,100 גרם,false,,34.90,5.4025,true,1,369196
8001841669519,false,קפסולות ג'ל לכביסה א,,,קפסולות ג'ל לכביסה א,יח',55.00,יח',false,,68.90,1.2527,true,1,237823
8002267016475,false,צ'וקטה ביצת הפתעה בו,,,צ'וקטה ביצת הפתעה בו,יח',60.00,יח',false,,13.90,0.2317,true,1,135916
8002270866524,false,סאן פלנגרינו מים מינ,,,סאן פלנגרינו מים מינ,ליטרים,1.00,ליטר,false,,8.90,8.9000,true,1,10387
8003477500044,false,"פרימלוצ'י ספגטי מ""ס",,,"פרימלוצ'י ספגטי מ""ס",גרמים,500.00,100 גרם,false,,6.90,1.3800,true,1,479423
8003477500051,false,"פרימלוצ'י ספגטי מ""ס",,,"פרימלוצ'י ספגטי מ""ס",גרמים,500.00,100 גרם,false,,6.90,1.3800,true,1,479424
8003477500327,false,פרימלוצ'י קורנטי 500,,,פרימלוצ'י קורנטי 500,גרמים,500.00,100 גרם,false,,6.90,1.3800,true,1,479425
8003477500365,false,פרימלוצ'י קונקילייה,,,פרימלוצ'י קונקילייה,גרמים,500.00,100 גרם,false,,6.90,1.3800,true,1,479426
8003753158617,false,אילי קפסולות אספרסו,,,אילי קפסולות אספרסו,גרמים,57.00,100 גרם,false,,27.90,48.9474,true,1,406362
8004030381681,false,טונה בשמן זית ריו מר,,,טונה בשמן זית ריו מר,גרמים,320.00,100 גרם,false,,36.90,11.5312,true,1,144394
8004030860001,false,קוסקוס וטונה ריו מרה,,,קוסקוס וטונה ריו מרה,גרמים,160.00,100 גרם,false,,18.90,11.8125,true,1,23778
8004123010726,false,שמן זית כתית מעולה ב,,,שמן זית כתית מעולה ב,מיליליטרים,750.00,"100 מ""ל",false,,44.90,5.9867,true,1,429589
8004735030662,false,שלישיית ביצי שוקולד,,,שלישיית ביצי שוקולד,גרמים,60.00,100 גרם,false,,13.90,23.1667,true,1,36620
8004800000064,false,גלילי ופל במילוי קרם,,,גלילי ופל במילוי קרם,גרמים,100.00,100 גרם,false,,11.90,11.9000,true,1,481160
8004800004802,false,לאגו פלאסיר- גלילי ו,,,לאגו פלאסיר- גלילי ו,גרמים,100.00,100 גרם,false,,11.90,11.9000,true,1,483266
8004800004826,false,ופלים במילוי קרם קוק,,,ופלים במילוי קרם קוק,גרמים,98.00,100 גרם,false,,11.90,12.1429,true,1,481161
8004800005519,false,לאגו מיני רול- גלילי,,,לאגו מיני רול- גלילי,גרמים,125.00,100 גרם,false,,10.90,8.7200,true,1,483234
8005110002243,false,תרכיז MUTTI עגבניות,,,תרכיז MUTTI עגבניות,גרמים,185.00,100 גרם,false,,8.90,4.8108,true,1,261451
8005110060007,false,עגבניות MUTTI מקולפו,,,עגבניות MUTTI מקולפו,גרמים,400.00,100 גרם,false,,7.90,1.9750,true,1,167714
8005110170300,false,עגבניות MUTTI מרוסקו,,,עגבניות MUTTI מרוסקו,קילוגרמים,1.20,"ק""ג",false,,19.90,16.5833,true,1,167707
8005200256587,false,נסטי אפרסק 1.5 ליטר,,,נסטי אפרסק 1.5 ליטר,ליטרים,1.50,ליטר,false,,9.90,6.6000,true,1,366213
8005200286584,false,נסטי מנגו אננס 1.5 ל,,,נסטי מנגו אננס 1.5 ל,ליטרים,1.50,ליטר,false,,9.90,6.6000,true,1,366214
8005200316588,false,נסטי דיאט אפרסק 1.5,,,נסטי דיאט אפרסק 1.5,ליטרים,1.50,ליטר,false,,11.50,7.6667,true,1,366229
8005803010357,false,גריסיני בטעם קלאסי 1,,,גריסיני בטעם קלאסי 1,גרמים,125.00,100 גרם,false,,8.50,6.8000,true,1,118336
8006540628737,false,שמפו הד שולדרס קלאסי,,,שמפו הד שולדרס קלאסי,מיליליטרים,350.00,"100 מ""ל",false,,16.90,4.8286,true,1,474006
8008245004861,true,ממרח אגוזי לוז עם חל,,,ממרח אגוזי לוז עם חל,גרמים,300.00,100 גרם,false,,17.90,5.9667,true,1,284599
8008660210038,false,מעדן תות שדה 300 גר`,,,מעדן תות שדה 300 גר`,גרמים,300.00,100 גרם,false,,18.90,6.3000,true,1,26251
8008660210045,false,מעדן פירות יער 300 ג,,,מעדן פירות יער 300 ג,גרמים,300.00,100 גרם,false,,18.90,6.3000,true,1,26252
8008912010300,false,פסטה פרפלה מספר 30 -,,,פסטה פרפלה מספר 30 -,גרמים,500.00,100 גרם,false,,8.90,1.7800,true,1,443199
8008912010317,false,פסטה פוזלי מספר 31 -,,,פסטה פוזלי מספר 31 -,גרמים,500.00,100 גרם,false,,8.90,1.7800,true,1,443200
8008912010423,false,פסטה פנה ריגטה מספר,,,פסטה פנה ריגטה מספר,גרמים,500.00,100 גרם,false,,8.90,1.7800,true,1,443201
8010024006003,false,השקד - 100% חמאת שקד,,,השקד - 100% חמאת שקד,גרמים,250.00,100 גרם,false,,35.90,14.3600,true,1,271588
8023788030610,false,שוקולד חלב  300 גרם,,,שוקולד חלב  300 גרם,גרמים,300.00,100 גרם,false,,19.90,6.6333,true,1,461023
8023788030627,false,שוקולד מריר מעולה  3,,,שוקולד מריר מעולה  3,גרמים,300.00,100 גרם,false,,18.90,6.3000,true,1,461007
8023788030634,false,שוקולד חלב עם שברי א,,,שוקולד חלב עם שברי א,גרמים,300.00,100 גרם,false,,19.90,6.6333,true,1,461024
8023788030665,false,עוגיות מלוחות בטעם ב,,,עוגיות מלוחות בטעם ב,גרמים,400.00,100 גרם,false,,14.90,3.7250,true,1,489629
8023788030689,false,עוגיות מלוחות בטעם ע,,,עוגיות מלוחות בטעם ע,גרמים,400.00,100 גרם,false,,14.90,3.7250,true,1,490034
8024985002943,false,נטורה נובה - סמוזי ת,,,נטורה נובה - סמוזי ת,גרמים,100.00,100 גרם,false,,5.90,5.9000,true,1,271348
8024985003988,false,נטורה נובה - סמוזי ת,,,נטורה נובה - סמוזי ת,גרמים,100.00,100 גרם,false,,5.90,5.9000,true,1,271349
8024985008044,false,נטורה נובה - סמוזי א,,,נטורה נובה - סמוזי א,גרמים,100.00,100 גרם,false,,5.90,5.9000,true,1,271352
8032880800243,false,פיקניק הפתעה 50ג,,,פיקניק הפתעה 50ג,גרמים,50.00,100 גרם,false,,9.90,19.8000,true,1,14128
8076800105056,false,פסטה ספגטי בקופסה בר,,,פסטה ספגטי בקופסה בר,קילוגרמים,1.00,"ק""ג",false,,14.90,14.9000,true,1,460111
8076800105735,false,פנה ריגטה בקופסה ברי,,,פנה ריגטה בקופסה ברי,קילוגרמים,1.00,"ק""ג",false,,14.90,14.9000,true,1,460127
8076800195019,false,ספגטי קפליני מס' 1 ב,,,ספגטי קפליני מס' 1 ב,גרמים,500.00,100 גרם,false,,8.90,1.7800,true,1,23780
8076800195033,false,ספגטי מס' 3 ברילה 50,,,ספגטי מס' 3 ברילה 50,גרמים,500.00,100 גרם,false,,8.90,1.7800,true,1,23781
8076800195057,false,ספגטיני מס' 5 ברילה,,,ספגטיני מס' 5 ברילה,גרמים,500.00,100 גרם,false,,8.90,1.7800,true,1,23782
8076800195132,false,ספגטי בבטה מס' 13 בר,,,ספגטי בבטה מס' 13 בר,גרמים,500.00,100 גרם,false,,8.90,1.7800,true,1,23783
8076800315097,false,ספגטי בוקטיני מס' 9,,,ספגטי בוקטיני מס' 9,גרמים,500.00,100 גרם,false,,8.90,1.7800,true,1,23784
8076802085738,false,פנה רגטה מס' 73 בריל,,,פנה רגטה מס' 73 בריל,גרמים,500.00,100 גרם,false,,8.90,1.7800,true,1,23786
8076802085981,false,פסטה פוזילי 98 ברילה,,,פסטה פוזילי 98 ברילה,גרמים,500.00,100 גרם,false,,8.90,1.7800,true,1,23789
8076808050440,false,פסטה מקרוני מס' 44 ב,,,פסטה מקרוני מס' 44 ב,גרמים,500.00,100 גרם,false,,8.90,1.7800,true,1,119180
8076808060654,false,פסטה פרפלה 65 ברילה,,,פסטה פרפלה 65 ברילה,גרמים,500.00,100 גרם,false,,8.90,1.7800,true,1,23791
8076809501415,false,ברילה פסטה פנה טריקו,,,ברילה פסטה פנה טריקו,גרמים,500.00,100 גרם,false,,15.90,3.1800,true,1,119181
8076809512268,false,פסטה גירנדולה מס' 34,,,פסטה גירנדולה מס' 34,גרמים,500.00,100 גרם,false,,8.90,1.7800,true,1,23795
8076809513388,false,ברילה רוטב ארביאטה 4,,,ברילה רוטב ארביאטה 4,גרמים,400.00,100 גרם,false,,16.90,4.2250,true,1,23796
8076809513395,false,ברילה רוטב פורמודרו,,,ברילה רוטב פורמודרו,גרמים,400.00,100 גרם,false,,16.90,4.2250,true,1,23797
8076809513739,false,ברילה רוטב בזיליקום,,,ברילה רוטב בזיליקום,גרמים,400.00,100 גרם,false,,16.90,4.2250,true,1,23800
8076809514774,false,ברילה פפרדלה ביצים 2,,,ברילה פפרדלה ביצים 2,גרמים,250.00,100 גרם,false,,18.90,7.5600,true,1,119182
8076809529433,false,פנה רגטה מחיטה מלאה,,,פנה רגטה מחיטה מלאה,גרמים,500.00,100 גרם,false,,18.90,3.7800,true,1,23808
8076809545457,false,ברילה צינורות עבה קמ,,,ברילה צינורות עבה קמ,גרמים,400.00,100 גרם,false,,15.90,3.9750,true,1,23811
8121300207004,false,טרוביה - סטיביה ממתי,,,טרוביה - סטיביה ממתי,גרמים,270.00,100 גרם,false,,35.90,13.2963,true,1,277902
8121300209466,false,תחליף סוכר חום טרובי,,,תחליף סוכר חום טרובי,גרמים,320.00,100 גרם,false,,36.90,11.5312,true,1,478264
8410076610379,false,פרוטאין בוטנים ושבבי,,,פרוטאין בוטנים ושבבי,גרמים,160.00,100 גרם,false,,28.90,18.0625,true,1,14140
8410076610508,false,חטיף צ'ואי שוקולד מר,,,חטיף צ'ואי שוקולד מר,גרמים,150.00,100 גרם,false,,22.90,15.2667,true,1,14143
8410076621009,false,חטיף פייבר 1 בטעם קר,,,חטיף פייבר 1 בטעם קר,גרמים,120.00,100 גרם,false,,16.90,14.0833,true,1,275692
8410076621047,false,חטיף פייבר 1 בטעם שו,,,חטיף פייבר 1 בטעם שו,גרמים,120.00,100 גרם,false,,16.90,14.0833,true,1,275706
8410128785734,false,ויוה סוי סויה בריסטה,,,ויוה סוי סויה בריסטה,ליטרים,1.00,ליטר,false,,12.90,12.9000,true,1,482386
8410376017342,false,עוגיות עם שבבי שוקול,,,עוגיות עם שבבי שוקול,גרמים,200.00,100 גרם,false,,18.60,9.3000,true,1,20789
8410376042481,false,עוגיות ביסקוויט סנדו,,,עוגיות ביסקוויט סנדו,גרמים,220.00,100 גרם,false,,16.40,7.4545,true,1,20804
8410376044393,false,עוגיות סנדוויץ' עם ק,,,עוגיות סנדוויץ' עם ק,גרמים,210.00,100 גרם,false,,18.90,9.0000,true,1,20805
8410655000423,false,סאן מיגל בקבוק 4*330,,,סאן מיגל בקבוק 4*330,ליטרים,1.32,ליטר,false,,23.90,18.1061,true,1,624
8410655001147,false,סן מיגל בירה 4.5% כה,,,סן מיגל בירה 4.5% כה,מיליליטרים,500.00,"100 מ""ל",false,,9.90,1.9800,true,1,482288
8420822130624,false,ספריי סופר מסיר כתמי,,,ספריי סופר מסיר כתמי,מיליליטרים,750.00,"100 מ""ל",false,,19.90,2.6533,true,1,386056
8423207208871,false,פריכיות תירס בטעם טב,,,פריכיות תירס בטעם טב,גרמים,130.00,100 גרם,false,,10.90,8.3846,true,1,4319
8423207208888,false,פריכיות תירס בטעם עג,,,פריכיות תירס בטעם עג,גרמים,123.00,100 גרם,false,,10.90,8.8618,true,1,4320
8423207208895,false,פריכיות תירס זיתים ו,,,פריכיות תירס זיתים ו,גרמים,123.00,100 גרם,false,,10.90,8.8618,true,1,4321
8424842050030,false,חטיף צ'יפס עם שמן זי,,,חטיף צ'יפס עם שמן זי,גרמים,125.00,100 גרם,false,,13.90,11.1200,true,1,396568
8424842050085,false,חטיף צ'יפס דבש וחרדל,,,חטיף צ'יפס דבש וחרדל,גרמים,125.00,100 גרם,false,,13.90,11.1200,true,1,396569
8424842201340,false,חטיף צ'יפס רביו 130,,,חטיף צ'יפס רביו 130,גרמים,130.00,100 גרם,false,,13.90,10.6923,true,1,396570
8435495805199,false,אבקת כביסה תינוקלין,,,אבקת כביסה תינוקלין,קילוגרמים,3.00,"ק""ג",false,,45.90,15.3000,true,1,124195
8435495807636,false,תינוקלין ג'ל כביסה 2,,,תינוקלין ג'ל כביסה 2,ליטרים,2.00,ליטר,false,,40.90,20.4500,true,1,136952
8485818700014,false,משקפיים,,,משקפיים,יחידה,0.00,יחידה,false,,19.90,0.0000,true,1,33945
8681863065294,false,מלח ים בטעם מעושן 35,,,מלח ים בטעם מעושן 35,גרמים,350.00,100 גרם,false,,25.90,7.4000,true,1,447199
8682655100513,false,מארז 3 קופסאות פלסטי,,,מארז 3 קופסאות פלסטי,יחידה,0.00,יחידה,false,,19.90,0.0000,true,1,364733
8683130008355,false,מיונז עם שום הלמנס 4,,,מיונז עם שום הלמנס 4,גרמים,400.00,100 גרם,false,,16.90,4.2250,true,1,484876
8683130025581,false,בדין אקסטרא ענבר-960,,,בדין אקסטרא ענבר-960,מיליליטרים,960.00,"100 מ""ל",false,,18.90,1.9687,true,1,431918
8690504081913,false,טינס מצופה שוקולד חל,,,טינס מצופה שוקולד חל,גרמים,150.00,100 גרם,false,,9.90,6.6000,true,1,121315
8690504081920,false,טינס מצופה שוקולד מר,,,טינס מצופה שוקולד מר,גרמים,150.00,100 גרם,false,,9.90,6.6000,true,1,121316
8690504153740,false,טבלת שוקולד מריר עם,,,טבלת שוקולד מריר עם,גרמים,86.00,100 גרם,false,,16.90,19.6512,true,1,127363
8690637704376,false,שמפו יום יומי דאב 60,,,שמפו יום יומי דאב 60,מיליליטרים,600.00,"100 מ""ל",false,,19.90,3.3167,true,1,11780
8690637842399,false,מיני מגנום דאבל  פרי,,,מיני מגנום דאבל  פרי,גרמים,329.00,100 גרם,false,,35.90,10.9119,true,1,116237
8690637858734,false,סיף ג'ל אקונומיקה לי,,,סיף ג'ל אקונומיקה לי,מיליליטרים,750.00,"100 מ""ל",false,,14.90,1.9867,true,1,126905
8690637871245,false,מיונז אמיתי הלמנס 39,,,מיונז אמיתי הלמנס 39,גרמים,395.00,100 גרם,false,,16.90,4.2785,true,1,141679
8690637890666,false,מיני מגנום דאבל פיסט,,,מיני מגנום דאבל פיסט,גרמים,282.00,100 גרם,false,,35.90,12.7305,true,1,141280
8690637946301,false,בדין אקסטרה בייבי  כ,,,בדין אקסטרה בייבי  כ,מיליליטרים,960.00,"100 מ""ל",false,,18.90,1.9687,true,1,217810
8690637994029,false,בדין אקסטרא מכך כביס,,,בדין אקסטרא מכך כביס,ליטרים,1.44,ליטר,false,,21.90,15.2083,true,1,288140
8690637994036,false,בדין אקסטרא מרכך כבי,,,בדין אקסטרא מרכך כבי,ליטרים,1.44,ליטר,false,,21.90,15.2083,true,1,288141
8690766156367,false,גודייבה שוקולד חלב מ,,,גודייבה שוקולד חלב מ,גרמים,90.00,100 גרם,false,,17.90,19.8889,true,1,250177
8690766156381,false,גודייבה ש.מריר מעולה,,,גודייבה ש.מריר מעולה,גרמים,90.00,100 גרם,false,,17.90,19.8889,true,1,234167
8690766156404,false,גודייבה שוקולד מריר,,,גודייבה שוקולד מריר,גרמים,90.00,100 גרם,false,,17.90,19.8889,true,1,250162
8690777206051,false,חציל קלוי על האש סרה,,,חציל קלוי על האש סרה,גרמים,650.00,100 גרם,false,,14.90,2.2923,true,1,3813
8690777221405,false,פלפל אדום קלוי על הא,,,פלפל אדום קלוי על הא,גרמים,650.00,100 גרם,false,,14.90,2.2923,true,1,3814
8690946270074,false,פסטה ספגטי 500 גרם B,,,פסטה ספגטי 500 גרם B,גרמים,500.00,100 גרם,false,,4.90,0.9800,true,1,490933
8690946270111,false,פסטה פוזלי 500 גרם B,,,פסטה פוזלי 500 גרם B,גרמים,500.00,100 גרם,false,,4.90,0.9800,true,1,490934
8690946270241,false,פסטה קונכיות גדולות,,,פסטה קונכיות גדולות,גרמים,500.00,100 גרם,false,,4.90,0.9800,true,1,490935
8690946272207,false,פסטה פנה 500 גרם BAH,,,פסטה פנה 500 גרם BAH,גרמים,500.00,100 גרם,false,,4.90,0.9800,true,1,490936
8690946272320,false,פסטה מקרוני 500 גרם,,,פסטה מקרוני 500 גרם,גרמים,500.00,100 גרם,false,,4.90,0.9800,true,1,490937
8691058141238,false,AVEL ערמונים שלמים ק,,,AVEL ערמונים שלמים ק,גרמים,100.00,100 גרם,false,,4.90,4.9000,true,1,134078
8691900174032,false,תחבושות קוטקס נורמל,,,תחבושות קוטקס נורמל,100 יח',24.00,100 יח',false,,17.90,74.5833,true,1,449316
8691900174056,false,תחבושות קוטקס לילה,,,תחבושות קוטקס לילה,100 יח',16.00,100 יח',false,,17.90,111.8750,true,1,449301
8697418280333,false,שערות קדאיף מיובשות,,,שערות קדאיף מיובשות,גרמים,500.00,100 גרם,false,,20.50,4.1000,true,1,74378
8697530910743,false,פאל מאל בלו,,,פאל מאל בלו,יחידה,0.00,יחידה,false,,31.00,0.0000,false,1,4737
8710502060021,false,מרבה פטיסרי - עוגיות,,,מרבה פטיסרי - עוגיות,גרמים,210.00,100 גרם,false,,11.90,5.6667,true,1,462659
8710502064814,false,מרבה עוגיות שוקוציפס,,,מרבה עוגיות שוקוציפס,גרמים,175.00,100 גרם,false,,10.90,6.2286,true,1,23864
8710502139017,false,מרבה עוגיות טריפל שו,,,מרבה עוגיות טריפל שו,גרמים,180.00,100 גרם,false,,10.90,6.0556,true,1,68906
8710502279010,false,מרבה עוגיות שוקולד צ,,,מרבה עוגיות שוקולד צ,גרמים,175.00,100 גרם,false,,10.90,6.2286,true,1,289962
8710502470028,false,מרבה עוגיות נוגטלי 1,,,מרבה עוגיות נוגטלי 1,גרמים,160.00,100 גרם,false,,10.90,6.8125,true,1,23875
8710800027573,false,מיני מנטוס שקית,,,מיני מנטוס שקית,גרמים,178.00,100 גרם,false,,18.90,10.6180,true,1,14187
8711000362747,false,לור קפסולות קפה אספר,,,לור קפסולות קפה אספר,גרמים,52.00,100 גרם,false,,20.90,40.1923,true,1,130260
8711000371176,false,ג'ייקובס קפסולות קפה,,,ג'ייקובס קפסולות קפה,גרמים,52.00,100 גרם,false,,18.90,36.3462,true,1,138335
8711000371206,false,ג'ייקובס קפסולות קפה,,,ג'ייקובס קפסולות קפה,גרמים,52.00,100 גרם,false,,18.90,36.3462,true,1,138337
8712400802499,false,נוטרילון שלב 1- 800,,,נוטרילון שלב 1- 800,גרמים,800.00,100 גרם,false,,69.90,8.7375,true,1,5916
8712400802512,false,נוטרילון שלב 2- 800,,,נוטרילון שלב 2- 800,גרמים,800.00,100 גרם,false,,69.90,8.7375,true,1,5918
8712561594240,false,דאב תחליב רחצה להזנה,,,דאב תחליב רחצה להזנה,מיליליטרים,500.00,"100 מ""ל",false,,19.90,3.9800,true,1,11830
8712561594608,false,תחליב רחצה להזנה עמו,,,תחליב רחצה להזנה עמו,מיליליטרים,750.00,"100 מ""ל",false,,22.90,3.0533,true,1,11831
8712561611411,false,תחליב רחצה תה ירוק ו,,,תחליב רחצה תה ירוק ו,מיליליטרים,750.00,"100 מ""ל",false,,22.90,3.0533,true,1,11833
8712561631570,false,תחליב רחצה חלב קוקוס,,,תחליב רחצה חלב קוקוס,מיליליטרים,750.00,"100 מ""ל",false,,22.90,3.0533,true,1,11837
8712561646024,false,תחליב רחצה קרם פיסטו,,,תחליב רחצה קרם פיסטו,מיליליטרים,750.00,"100 מ""ל",false,,22.90,3.0533,true,1,402350
8714599410530,false,גייקובס קפה נמס 200ג,,,גייקובס קפה נמס 200ג,גרמים,200.00,100 גרם,false,,23.90,11.9500,true,1,104742
8714599412336,false,ג'ייקובס בריסטה אמרי,,,ג'ייקובס בריסטה אמרי,גרמים,160.00,100 גרם,false,,31.90,19.9375,true,1,367999
8714599513866,false,קפה ג'יקובס קרונונג,,,קפה ג'יקובס קרונונג,גרמים,200.00,100 גרם,false,,31.90,15.9500,true,1,5909
8714789177229,false,מב.שיניים אקסטרא קלי,,,מב.שיניים אקסטרא קלי,יחידה,0.00,יחידה,false,,11.90,0.0000,true,1,23878
8714789402918,false,חגיגת הפרחים אדום אג,,,חגיגת הפרחים אדום אג,ליטרים,1.50,ליטר,false,,21.90,14.6000,true,1,23886
8714789402970,false,אג'קס חגיגת הפרחים י,,,אג'קס חגיגת הפרחים י,ליטרים,1.50,ליטר,false,,21.90,14.6000,true,1,23888
8714789450315,false,פלמוליב שקוף לימון 1,,,פלמוליב שקוף לימון 1,ליטרים,1.50,ליטר,false,,16.90,11.2667,true,1,23890
8714789582764,false,אגקס חלונות 750מל,,,אגקס חלונות 750מל,מיליליטרים,750.00,"100 מ""ל",false,,15.90,2.1200,true,1,23898
8714789834467,false,פלמוליב נוזל כלים 1.,,,פלמוליב נוזל כלים 1.,ליטרים,1.50,ליטר,false,,16.90,11.2667,true,1,23912
8715700110141,false,מיונז היינץ אמיתי צנ,,,מיונז היינץ אמיתי צנ,גרמים,460.00,100 גרם,false,,13.90,3.0217,true,1,102035
8715700419732,false,היינץ קטשופ 700 גרם,,,היינץ קטשופ 700 גרם,גרמים,700.00,100 גרם,false,,15.90,2.2714,true,1,6016
8715700423906,false,מתבל עגבניות היינץ 2,,,מתבל עגבניות היינץ 2,גרמים,555.00,100 גרם,false,,12.90,2.3243,true,1,115907
8717163655825,false,רקסונה ספריי כותנה 1,,,רקסונה ספריי כותנה 1,מיליליטרים,150.00,"100 מ""ל",false,,15.90,10.6000,true,1,235194
8717163714850,false,דאו' ספריי אוריגינל,,,דאו' ספריי אוריגינל,מיליליטרים,150.00,"100 מ""ל",false,,14.90,9.9333,true,1,373817
8718114734484,false,מיונז מיילי 320 גרם,,,מיונז מיילי 320 גרם,גרמים,320.00,100 גרם,false,,17.90,5.5937,true,1,113160
8718951030169,false,משחת קולגייט סנסטיב,,,משחת קולגייט סנסטיב,מיליליטרים,75.00,"100 מ""ל",false,,19.90,26.5333,true,1,225878
8718951093331,false,מברשת שיניים מרידול,,,מברשת שיניים מרידול,יחידה,0.00,יחידה,false,,37.90,0.0000,true,1,23931
8718951144064,false,זוג מברשות שיניים פר,,,זוג מברשות שיניים פר,יחידה,0.00,יחידה,false,,37.90,0.0000,true,1,23936
8718951175600,false,קולגייט משחת שיניים,,,קולגייט משחת שיניים,מיליליטרים,75.00,"100 מ""ל",false,,14.90,19.8667,true,1,270744
8718951190191,false,אג'קס טריגר בוסט לימ,,,אג'קס טריגר בוסט לימ,מיליליטרים,500.00,"100 מ""ל",false,,16.90,3.3800,true,1,134518
8718951236790,false,משחת שיניים קלין מינ,,,משחת שיניים קלין מינ,מיליליטרים,100.00,"100 מ""ל",false,,18.90,18.9000,true,1,136234
8718951236806,false,מש.שיניים להלבנה קול,,,מש.שיניים להלבנה קול,מיליליטרים,100.00,"100 מ""ל",false,,18.90,18.9000,true,1,136221
8718951288492,false,מרידול משחת שיניים ב,,,מרידול משחת שיניים ב,מיליליטרים,150.00,"100 מ""ל",false,,30.90,20.6000,true,1,290824
8718951315303,false,משחת שיניים קולגייט,,,משחת שיניים קולגייט,מיליליטרים,200.00,"100 מ""ל",false,,20.90,10.4500,true,1,246384
8718951382787,false,משחת שיניים אופטיק ו,,,משחת שיניים אופטיק ו,מיליליטרים,75.00,"100 מ""ל",false,,31.90,42.5333,true,1,398926
8718951385290,false,אג'קס ניקוי כללי עוצ,,,אג'קס ניקוי כללי עוצ,ליטרים,2.00,ליטר,false,,24.90,12.4500,true,1,293314
8718951409798,false,קולגייט מברשת שיניים,,,קולגייט מברשת שיניים,יחידה,0.00,יחידה,false,,28.90,0.0000,true,1,315341
8718951461413,false,משחת שיניים קולגייט,,,משחת שיניים קולגייט,מיליליטרים,200.00,"100 מ""ל",false,,29.90,14.9500,true,1,410756
8719200997998,false,בלו בנד לבישול וטיגו,,,בלו בנד לבישול וטיגו,גרמים,200.00,100 גרם,false,,4.90,2.4500,true,1,197390
8719200998001,false,בלו בנד ללא מלח 200,,,בלו בנד ללא מלח 200,גרמים,200.00,100 גרם,false,,4.90,2.4500,true,1,197391
8719200998018,false,מחמאה מרגרינה בטעם ח,,,מחמאה מרגרינה בטעם ח,גרמים,200.00,100 גרם,false,,5.50,2.7500,true,1,197392
8719200998032,false,מזולה בטעם חמאה 250,,,מזולה בטעם חמאה 250,גרמים,250.00,100 גרם,false,,10.90,4.3600,true,1,197414
8719200998094,false,מזולה מרגרינה לאפייה,,,מזולה מרגרינה לאפייה,גרמים,200.00,100 גרם,false,,6.90,3.4500,true,1,197399
8719200998100,false,מזולה מרגרינה לאפייה,,,מזולה מרגרינה לאפייה,גרמים,200.00,100 גרם,false,,6.90,3.4500,true,1,197400
8720181046605,false,דאו' ספריי אוריגינל,,,דאו' ספריי אוריגינל,מיליליטרים,150.00,"100 מ""ל",false,,14.90,9.9333,true,1,273674
8720181201332,false,סבון מוצק גרגירים דא,,,סבון מוצק גרגירים דא,גרמים,400.00,100 גרם,false,,18.90,4.7250,true,1,449178
8720182256850,false,סבון מוצק לבן דאב 4*,,,סבון מוצק לבן דאב 4*,גרמים,400.00,100 גרם,false,,18.90,4.7250,true,1,449194
8723400756552,false,RAINBOW רביעית סוכרי,,,RAINBOW רביעית סוכרי,גרמים,150.00,100 גרם,false,,12.90,8.6000,true,1,14191
8801055707966,false,נס קפה טייסטרס צ'ויס,,,נס קפה טייסטרס צ'ויס,גרמים,180.00,100 גרם,false,,33.90,18.8333,true,1,21909
8801055709427,false,נסקפה טייסטרס צ'ויס,,,נסקפה טייסטרס צ'ויס,גרמים,100.00,100 גרם,false,,25.90,25.9000,true,1,367000
8801055709458,false,נסקפה קפוצ'ינו קרמל,,,נסקפה קפוצ'ינו קרמל,גרמים,170.00,100 גרם,false,,20.90,12.2941,true,1,444795
8850389103111,false,סאפה משקה אלוורה ענב,,,סאפה משקה אלוורה ענב,מיליליטרים,300.00,"100 מ""ל",false,,7.90,2.6333,true,1,43202
8850389105825,false,סאפה משקה אלוורה ענב,,,סאפה משקה אלוורה ענב,ליטרים,1.00,ליטר,false,,14.50,14.5000,true,1,10395
8850389105832,false,סאפה משקה אלוורה תפו,,,סאפה משקה אלוורה תפו,ליטרים,1.00,ליטר,false,,14.50,14.5000,true,1,10396
8850632604266,false,יוגטה חיספוסים מקלות,,,יוגטה חיספוסים מקלות,גרמים,50.00,100 גרם,false,,5.90,11.8000,true,1,14196
8850632604372,false,יוגטה ממתק תות שדה ב,,,יוגטה ממתק תות שדה ב,גרמים,50.00,100 גרם,false,,5.90,11.8000,true,1,14197
8850632604402,false,יוגטה ממתק תות ענבים,,,יוגטה ממתק תות ענבים,גרמים,50.00,100 גרם,false,,5.90,11.8000,true,1,14198
8851613101378,false,משקה קוקוס ארוי-די,,,משקה קוקוס ארוי-די,מיליליטרים,250.00,"100 מ""ל",false,,10.90,4.3600,true,1,4360
8858271002870,false,רוטב פאד תאי MAXCHUP,,,רוטב פאד תאי MAXCHUP,מיליליטרים,250.00,"100 מ""ל",false,,13.90,5.5600,true,1,15300
8858271004799,false,רוטב צ'ילי מתוק מזרח,,,רוטב צ'ילי מתוק מזרח,מיליליטרים,700.00,"100 מ""ל",false,,13.90,1.9857,true,1,15309
8901537024014,false,וילי פוד אורז בסמטי,,,וילי פוד אורז בסמטי,גרמים,1000.00,100 גרם,false,,15.90,1.5900,true,1,3822
8901537076679,false,אורז בסמטי חום מלא 1,,,אורז בסמטי חום מלא 1,קילוגרמים,1.00,"ק""ג",false,,17.90,17.9000,true,1,123658
8934868127130,false,נוזל כלים סאן בניחוח,,,נוזל כלים סאן בניחוח,מיליליטרים,750.00,"100 מ""ל",false,,10.90,1.4533,true,1,308945
9000101329742,false,כדוריות לאסלה Bref,,,כדוריות לאסלה Bref,גרמים,50.00,100 גרם,false,,10.90,21.8000,true,1,351227
9000101418163,false,ברף בניחוח מתחלף תפו,,,ברף בניחוח מתחלף תפו,גרמים,150.00,100 גרם,false,,21.90,14.6000,true,1,438943
9008700128575,false,נקטר פסיפלורה 1 ליטר,,,נקטר פסיפלורה 1 ליטר,ליטרים,1.00,ליטר,false,,12.20,12.2000,true,1,138961
9044400841000,false,פז דמויות מתחלפות 25,,,פז דמויות מתחלפות 25,גרמים,25.50,100 גרם,false,,11.90,46.6667,true,1,22618
9120025834723,false,חטיף אוראו מצונן 120,,,חטיף אוראו מצונן 120,גרמים,120.00,100 גרם,false,,15.90,13.2500,true,1,463070
9120097310583,false,חטיף שוקו בננה מיניו,,,חטיף שוקו בננה מיניו,גרמים,108.00,100 גרם,false,,15.90,14.7222,true,1,463118
9310072028743,false,טים טם אוריגינל 200,,,טים טם אוריגינל 200,גרמים,200.00,100 גרם,false,,22.90,11.4500,true,1,14858
9310072028750,false,טים טם קרם דאבל 200,,,טים טם קרם דאבל 200,גרמים,200.00,100 גרם,false,,22.90,11.4500,true,1,67863
9322969000015,false,פריכיות תירס בטעם או,,,פריכיות תירס בטעם או,גרמים,150.00,100 גרם,false,,14.90,9.9333,true,1,6770
9322969000022,false,פריכיות תירס עם סויה,,,פריכיות תירס עם סויה,גרמים,150.00,100 גרם,false,,14.90,9.9333,true,1,6771
9322969000053,false,פריכיות אורז מלא ריל,,,פריכיות אורז מלא ריל,גרמים,150.00,100 גרם,false,,14.90,9.9333,true,1,387437
9720188050109,false,טופוטי ממרח טופו בטע,,,טופוטי ממרח טופו בטע,גרמים,225.00,100 גרם,false,,24.90,11.0667,true,1,7530
9720188060108,false,טופוטי ממרח טופו בטע,,,טופוטי ממרח טופו בטע,גרמים,340.00,100 גרם,false,,24.90,7.3235,true,1,7532
9771565038319,false,ידיעות אחרונות יום א,,,ידיעות אחרונות יום א,יחידה,0.00,יחידה,false,,0.50,0.0000,true,1,11040
9771565038326,false,ידיעות אחרונות יום ב,,,ידיעות אחרונות יום ב,יחידה,0.00,יחידה,false,,0.50,0.0000,true,1,11041
9771565038333,false,ידיעות אחרונות יום ג,,,ידיעות אחרונות יום ג,יחידה,0.00,יחידה,false,,0.50,0.0000,true,1,11042
9771565038340,false,ידיעות אחרונות יום ד,,,ידיעות אחרונות יום ד,יחידה,0.00,יחידה,false,,0.50,0.0000,true,1,11043
9771565038357,false,ידיעות אחרונות יום ה,,,ידיעות אחרונות יום ה,יחידה,0.00,יחידה,false,,0.50,0.0000,true,1,11044
9771565051066,false,ידיעות אחרונות יום ו,,,ידיעות אחרונות יום ו,יחידה,0.00,יחידה,false,,12.00,0.0000,true,1,11057
