code,internal_code,name,manufacturer_name,manufacture_country,manufacturer_item_description,unit_qty,quantity,unit_of_measure,weighted,qty_in_package,price,unit_of_measure_price,allow_discount,status,item_id
142,true,פיתה,מאפיית כפיר צ. ידעי בעמ,,,יח`,1,,false,1,1.50,1.50,false,1,
319,true,תו סיבוס פטור מעמ,ספקים שונים,,,יח`,1,,false,1,0.01,0.01,false,1,
321,true,תן ביס פטור מעמ,ספקים שונים,,,יח`,1,,false,1,0.01,0.01,false,1,
501,true,ראש קוקוס,בכורי שדה דרום 2002 בעמ,,,יח`,1,,false,1,9.90,9.90,false,1,
600,true,סנדוויץ`עובד,קבוצת אסם סחר שות. מוגבלת,,,יח`,1,,false,1,3,3,false,1,
2001,true,אשכולית,פירות בני דרור בעמ,,,"ק""ג",1,,true,1,5.90,5.90,false,1,
2002,true,אשכולית אדומה,תעשיות תוצרת חקלאית אביטן בני,,,"ק""ג",1,,true,1,5.90,5.90,false,1,
2003,true,אבוקדו,גליל שוק מקומי אגשח*שיק ל60 יו,,,"ק""ג",1,,true,1,8.90,8.90,false,1,
2006,true,ארטישוק,אנונה שיווק בעמ*שיק 45 יום*,,,"ק""ג",1,,true,1,29.90,29.90,false,1,
2007,true,בטטה,משק כרמי ייצור ושיווק תוצרת*שי,,,"ק""ג",1,,true,1,8.90,8.90,false,1,
2009,true,בננות,גליל שוק מקומי אגשח*שיק ל60 יו,,,"ק""ג",1,,true,1,6.90,6.90,false,1,
2010,true,בצל יבש,רביבו יהודה חקלאות ונכסים בעמ,,,"ק""ג",1,,true,1,5.90,5.90,false,1,
2012,true,אננס,פירות הכרמל אגשח בעמ*שיק 45 יו,,,יח`,1,,false,1,30,30,false,1,
2015,true,דלעת,שוסטר תעשיות מזון בעמ*שיק ל 60,,,"ק""ג",1,,true,1,9.90,9.90,false,1,
2016,true,דלורית,שוסטר תעשיות מזון בעמ*שיק ל 60,,,"ק""ג",1,,true,1,6.90,6.90,false,1,
2017,true,תפוח זהוב,בראשית - אגודה שיתופית*שיק 45,,,"ק""ג",1,,true,1,9.90,9.90,false,1,
2019,true,חסה עגולה,הירוקים של רצון בעמ,,,יח`,1,,false,1,5.90,5.90,false,1,
2020,true,חסה רגילה,הירוקים של רצון בעמ,,,יח`,1,,false,1,4.90,4.90,false,1,
2021,true,חצילים,שיווק העשור ירקות הזהב*שיק 30,,,"ק""ג",1,,true,1,7.90,7.90,true,1,
2022,true,ירק,א.אדמה (2007) בעמ,,,יח`,1,,false,1,3.90,3.90,false,1,
2024,true,כרוב לבן,תעשיות תוצרת חקלאית אביטן בני,,,"ק""ג",1,,true,1,3.90,3.90,false,1,
2025,true,כרובית,ד.ע. ימין גידול ושיווק ירקות*ש,,,"ק""ג",1,,true,1,8.90,8.90,false,1,
2027,true,לימון,גליל שוק מקומי אגשח*שיק ל60 יו,,,"ק""ג",1,,true,1,8.90,8.90,false,1,
2028,true,מלפפון,נסים מאיר חקלאי בעמ*שיק 30 יום,,,"ק""ג",1,,true,1,5.90,5.90,false,1,
2029,true,מלון,בננות החוף אגשח בעמ,,,"ק""ג",1,,true,1,8.90,8.90,false,1,
2033,true,תפוח סמיט,בראשית - אגודה שיתופית*שיק 45,,,"ק""ג",1,,true,1,9.90,9.90,false,1,
2034,true,תפוח סטארקינג חרמון,בראשית - אגודה שיתופית*שיק 45,,,"ק""ג",1,,true,1,9.90,9.90,false,1,
2035,true,סלק,מלוא הסל שיווק ירקות בעמ*שיק 3,,,"ק""ג",1,,true,1,5.90,5.90,true,1,
2036,true,עגבניה,שיווק העשור ירקות הזהב*שיק 30,,,"ק""ג",1,,true,1,5.90,5.90,true,1,
2038,true,פטריות שמפיניון יחידה,מרינה פטריות הגליל בעמ,,,יח`,1,,false,1,9.90,9.90,true,1,
2039,true,פומלה,מהדרין תנופורט יצוא *שיק 30 יו,,,"ק""ג",1,,true,1,8.90,8.90,false,1,
2040,true,פלפל ירוק,ינאי - מרכז פרי והירק בעמ*שיק,,,"ק""ג",1,,true,1,9.90,9.90,false,1,
2041,true,פלפל חריף,שיווק העשור ירקות הזהב*שיק 30,,,"ק""ג",1,,true,1,9.90,9.90,false,1,
2043,true,צנונית,תוצרת הנגב אגודה שיתופית חקלאי,,,יח`,1,,false,1,6.90,6.90,true,1,
2044,true,צנון,עמית בראון שיווק עמ*שיק 40 יום,,,"ק""ג",1,,true,1,5.90,5.90,false,1,
2046,true,קולורבי,תעשיות תוצרת חקלאית אביטן בני,,,"ק""ג",1,,true,1,8.90,8.90,false,1,
2047,true,קלמנטינה,תעשיות תוצרת חקלאית אביטן בני,,,"ק""ג",1,,true,1,6.90,6.90,true,1,
2048,true,קישואים,אשר שי אלבז *שיק 30 יום*,,,"ק""ג",1,,true,1,8.90,8.90,false,1,
2049,true,קיווי,בראשית - אגודה שיתופית*שיק 45,,,"ק""ג",1,,true,1,8.90,8.90,false,1,
2050,true,פומלית,תעשיות תוצרת חקלאית אביטן בני,,,"ק""ג",1,,true,1,8.90,8.90,false,1,
2051,true,לפת,מלוא הסל שיווק ירקות בעמ*שיק 3,,,"ק""ג",1,,true,1,5.90,5.90,false,1,
2054,true,שומר,תעשיות תוצרת חקלאית אביטן בני,,,"ק""ג",1,,true,1,6.90,6.90,false,1,
2058,true,תפוא לבן,עוגן שיווק ואריזות בעמ,,,"ק""ג",1,,true,1,3.90,3.90,false,1,
2059,true,תפוזים,הדרי קטיף אריזה ושיווק בעמ*שיק,,,"ק""ג",1,,true,1,5.90,5.90,false,1,
2060,true,תירס ארוז,צמח שיווק תוצרת חקלאית *שיק 30,,,"ק""ג",1,,true,1,9.90,9.90,false,1,
2061,true,פלפל אדום,י.ל. החקלאים שיווק והפצה בעמ*ש,,,"ק""ג",1,,true,1,9.90,9.90,false,1,
2063,true,אגס,טריפל סל בעמ,,,"ק""ג",1,,true,1,12.90,12.90,false,1,
2064,true,כרוב אדום,תעשיות תוצרת חקלאית אביטן בני,,,"ק""ג",1,,true,1,5.90,5.90,false,1,
2065,true,פלפל חריף אדום,דובדבן שיווק בעמ*שיק 60 יום*,,,"ק""ג",1,,true,1,9.90,9.90,false,1,
2066,true,פלפל בהיר,שיווק העשור ירקות הזהב*שיק 30,,,"ק""ג",1,,true,1,9.90,9.90,false,1,
2067,true,פלפל צהוב,ב.ד. גידול ירקות בעמ*שיק 30 יו,,,"ק""ג",1,,true,1,9.90,9.90,false,1,
2068,true,אפרסמון,מור פירות השרון בעמ* שיק 45 יו,,,"ק""ג",1,,true,1,9.90,9.90,false,1,
2071,true,וירטיקלית פטרוזליה,ורטיקל פילד בעמ*קונסיגנציה*,,,יח`,1,,false,1,5,5,false,1,
2072,true,בצל אדום,רביבו יהודה חקלאות ונכסים בעמ,,,"ק""ג",1,,true,1,6.90,6.90,false,1,
2074,true,שרי ארוז,צימן עגבניות שיווק רמת הנגב בע,,,יח`,1,,false,1,9.90,9.90,false,1,
2082,true,תפוח פינק,בראשית - אגודה שיתופית*שיק 45,,,"ק""ג",1,,true,1,12.90,12.90,false,1,
2083,true,ליצ`י שקיל,פאר לי שיווק פירות וירקות בע*ש,,,"ק""ג",1,,true,1,39.90,39.90,false,1,
2091,true,אפרסק,מיטב פרי הרמה (1995) בעמ*שיק 3,,,"ק""ג",1,,true,1,9.90,9.90,false,1,
2092,true,פלפל שושקה,י.ל. החקלאים שיווק והפצה בעמ*ש,,,"ק""ג",1,,true,1,12.90,12.90,false,1,
2095,true,סברס,מהדרין תנופורט יצוא *שיק 30 יו,,,"ק""ג",1,,true,1,29.90,29.90,false,1,
2099,true,שזיף אדום,בועז את עמיר בעמ*שיק 40 יום*,,,"ק""ג",1,,true,1,14.90,14.90,false,1,
2104,true,מבצע ירקות,שפע בפרי ארצנו בעמ,,,"ק""ג",1,,true,1,4.90,4.90,false,1,
2112,true,תפוז סיני,עמית בראון שיווק עמ*שיק 40 יום,,,"ק""ג",1,,true,1,10,10,false,1,
2113,true,פלפל כתום,י.ל. החקלאים שיווק והפצה בעמ*ש,,,"ק""ג",1,,true,1,9.90,9.90,false,1,
2114,true,ערמונים תפזורת,בכורי שדה דרום 2002 בעמ,,,"ק""ג",1,,true,1,19.90,19.90,false,1,
2115,true,שום טרי בתפזורת,בננות החוף אגשח בעמ,,,"ק""ג",1,,true,1,10,10,false,1,
2116,true,קישואים עגולים,עמית בראון שיווק עמ*שיק 40 יום,,,"ק""ג",1,,true,1,9.90,9.90,false,1,
2120,true,תפוא אדום,עוגן שיווק ואריזות בעמ,,,"ק""ג",1,,true,1,4.90,4.90,false,1,
2122,true,רימון,אלדד קליימן שיווק בעמ*שיק 40 י,,,"ק""ג",1,,true,1,8.90,8.90,false,1,
2127,true,ענבים ירוקים טלי,לכיש מושב עובדים להתישבות*30 י,,,"ק""ג",1,,true,1,29.90,29.90,false,1,
2130,true,אנונה,גליל שוק מקומי אגשח*שיק ל60 יו,,,"ק""ג",1,,true,1,16.90,16.90,false,1,
2132,true,ברוקולי ארוז,בננות החוף אגשח בעמ,,,יח`,1,,false,1,10,10,false,1,
2134,true,תפוח נאשי,בראשית - אגודה שיתופית*שיק 45,,,"ק""ג",1,,true,1,14.90,14.90,false,1,
2144,true,קישוא זוקיני,שיווק העשור ירקות הזהב*שיק 30,,,"ק""ג",1,,true,1,9.90,9.90,false,1,
2158,true,תפוזים ברשת,מהדרין תנופורט יצוא *שיק 30 יו,,,"ק""ג",1,,true,1,4.90,4.90,false,1,
2159,true,קלמנטינה ברשת,מהדרין תנופורט יצוא *שיק 30 יו,,,"ק""ג",1,,true,1,5.90,5.90,false,1,
2165,true,פטריות תפזורת גדולות למילוי,חוות השמפיניון בעמ,,,"ק""ג",1,,true,1,39.90,39.90,false,1,
2168,true,תפוח ברשת,אמצע השוק בעמ,,,"ק""ג",1,,true,1,9.90,9.90,false,1,
2170,true,שעועית ירוקה,בננות החוף אגשח בעמ,,,יח`,1,,false,1,8.90,8.90,false,1,
2171,true,פאפיה,עומר יבולים בעמ*שיק ל 60 יום*,,,"ק""ג",1,,true,1,19.90,19.90,false,1,
2173,true,חציל בלדי,י.ל. החקלאים שיווק והפצה בעמ*ש,,,"ק""ג",1,,true,1,8.90,8.90,false,1,
2175,true,עגבנית תמר,שיווק העשור ירקות הזהב*שיק 30,,,"ק""ג",1,,true,1,5.90,5.90,false,1,
2186,true,תפוח גלה,בראשית - אגודה שיתופית*שיק 45,,,"ק""ג",1,,true,1,9.90,9.90,false,1,
2188,true,אגס אדום,בראשית - אגודה שיתופית*שיק 45,,,"ק""ג",1,,true,1,14.90,14.90,false,1,
2252,true,פטיה,טריג חברה ליבוא ומסחר בעמ,,,"ק""ג",1,,true,1,19.90,19.90,false,1,
2323,true,גבינה מגורדת מעדנייה,תנובה - חלב,,,"ק""ג",1000,גרם,true,1,48,4.80,false,1,
9209,true,כף עגל טרי חלק,אדום אדום - תנובה בקר,,,"ק""ג",1,,true,1,79.90,79.90,true,1,
11004,true,הולנדית+שויצרית+צ`דר,גבינות הכפר בעמ,,,"ק""ג",1000,גרם,true,1,37,3.70,false,1,
12001,true,מעושנת,גבינות הכפר בעמ,,,"ק""ג",1000,גרם,true,1,38,3.80,false,1,
12124,true,חזה עגל חלק מו,אדום אדום - תנובה בקר,,,"ק""ג",1,"ק""ג",true,1,49.90,49.90,true,1,
14005,true,מקסיקנית,גבינות הכפר בעמ,,,"ק""ג",1000,גרם,true,1,36,3.60,false,1,
15474,true,פריסקיז מעדני הבית 1.45,שחורי אריה ואנסטסיה,,,יח`,1450,גרם,false,1,35.90,2.48,false,1,
17006,true,אדם לייט,גבינות הכפר בעמ,,,"ק""ג",1000,גרם,true,1,36,3.60,false,1,
22009,true,גבינת מסקרפונה 35% שומן מעדנייה,ג.וילי-פוד אינטרנשיונל **גבינו,,,"ק""ג",1000,גרם,true,1,50,5,false,1,
23489,true,דג סלמון נורבגי טרי  שלם- נקי,מאסטרפוד בעמ,,,"ק""ג",0,גרם,true,1,79,79,true,1,
24240,true,שאריות נקניק,זוגלובק שיווק בעמ,,,"ק""ג",0,גרם,true,1,25,25,false,1,
46549,true,מוצרלה חריץ תנובה,תנובה - חלב,,,"ק""ג",1000,גרם,true,1,76,7.60,false,1,
46662,true,סקנדינבית 31% תנובה,תנובה - חלב,,,"ק""ג",1000,גרם,true,1,76,7.60,false,1,
47027,true,קשקבל (27% גלעד) תנובה,תנובה - חלב,,,"ק""ג",1000,גרם,true,1,121,12.10,false,1,
47485,true,בולגרית פיראוס 24% פח 3  קג`תנובה,תנובה - חלב,,,"ק""ג",1000,גרם,true,1,56,5.60,false,1,
48444,true,חמד 16% 1  קג`פיראוס תנובה,תנובה - חלב,,,יח`,1000,גרם,false,1,55,5.50,false,1,
58009,true,דנאבלו(רוקפור),ג.וילי-פוד אינטרנשיונל **גבינו,,,"ק""ג",1000,גרם,true,1,85,8.50,false,1,
58214,true,גבינת עיזים הולנד מעדנייה,א. סיימן סחר בעמ,,,"ק""ג",1000,גרם,true,1,169,16.90,false,1,
81816,true,אוסובוקו עגל טרי חלק,אדום אדום - תנובה בקר,,,"ק""ג",1,"ק""ג",true,1,49.90,49.90,false,1,
89652,true,סטייק עם עצם חלק,אדום אדום - תנובה בקר,,,"ק""ג",1,"ק""ג",true,1,118,118,true,1,
254630,true,ויסברטן עגל טרי חלק,אדום אדום - תנובה בקר,,,"ק""ג",1,"ק""ג",true,1,79.90,79.90,true,1,
269870,true,צ`אך עגל טרי חלק,אדום אדום - תנובה בקר,,,"ק""ג",1,,true,1,89.90,89.90,false,1,
282305,true,דג לברק טרי נקי,מאסטרפוד בעמ,,,"ק""ג",1,,true,1,69,69,true,1,
318165,true,פסטרמה אמיתית על גחלים יחיעם,מעדני יחיעם (1993) בעמ,,,"ק""ג",1000,גרם,true,1,79,7.90,true,1,
318288,true,חזה הודו בדבש יחיעם,מעדני יחיעם (1993) בעמ,,,"ק""ג",1000,גרם,true,1,79,7.90,true,1,
318868,true,סלמי פפרוני יחיעם,מעדני יחיעם (1993) בעמ,,,"ק""ג",1000,גרם,true,1,72,7.20,true,1,
319049,true,פסטרמה גלילית יחיעם,מעדני יחיעם (1993) בעמ,,,"ק""ג",1000,גרם,true,1,49,4.90,true,1,
319759,true,סלמי תה יחיעם מעדנייה,מעדני יחיעם (1993) בעמ,,,"ק""ג",1000,גרם,true,1,49,4.90,true,1,
328900,true,נפוליאון טבעי גבינת שמנת 25% מעדניה,תנובה - חלב,,,"ק""ג",1000,גרם,true,1,46,4.60,false,1,
328917,true,נפוליאון זיתים גבינת שמנת 24% מעדניה,תנובה - חלב,,,"ק""ג",1000,גרם,true,1,46,4.60,false,1,
328924,true,נפוליאון שום שמיר גבינת שמנת 25% מעדניה,תנובה - חלב,,,"ק""ג",1000,גרם,true,1,46,4.60,false,1,
344478,true,פילה מדומה טרי חלק,אדום אדום - תנובה בקר,,,"ק""ג",1,,true,1,79.90,79.90,true,1,
360201,true,אמנון טרי נקי,מאסטרפוד בעמ,,,"ק""ג",1,,true,1,29.90,29.90,true,1,
363462,true,סלמי איטלקי טירת צבי,תנובה קפואים,,,"ק""ג",1000,גרם,true,1,80,8,true,1,
363486,true,נקניק תה טירת צבי,תנובה קפואים,,,"ק""ג",1000,גרם,true,1,53,5.30,true,1,
365046,true,כתף בקר מעושן טירת צבי,תנובה קפואים,,,"ק""ג",1000,גרם,true,1,98,9.80,false,1,
365398,true,חזה הודו בדבש טירת צבי,תנובה קפואים,,,"ק""ג",1000,גרם,true,1,80,8,true,1,
365510,true,צלי כתף טרי חלק,אדום אדום - תנובה בקר,,,"ק""ג",1,,true,1,89.90,89.90,false,1,
365909,true,פסטרמה הודו מעושנת טירת צבי,תנובה קפואים,,,"ק""ג",1000,גרם,true,1,80,8,true,1,
365954,true,פסטרמה גחלים טירת צבי,תנובה קפואים,,,"ק""ג",1000,גרם,true,1,80,8,true,1,
366203,true,דג בורי טרי נקי,מאסטרפוד בעמ,,,"ק""ג",1,,true,1,39,39,false,1,
372204,true,דג ברמונדי נקי שלם,מאסטרפוד בעמ,,,"ק""ג",1,,true,1,49.90,49.90,true,1,
395408,true,גבנצ 28% נעם חריץ פיקוח מעדנייה,החב` המרכזית - טרה,,,"ק""ג",1000,גרם,true,1,44.79,4.48,false,1,
395415,true,גבנצ 9% נעם חריץ מעדנייה,החב` המרכזית - טרה,,,"ק""ג",1000,גרם,true,1,76,7.60,false,1,
395422,true,גבנצ 22% נעם חריץ פיקוח מעדנייה,החב` המרכזית - טרה,,,"ק""ג",1000,גרם,true,1,42.58,4.26,false,1,
530031,true,פיין סלמי צר זוגלובק,זוגלובק שיווק בעמ,,,"ק""ג",1000,גרם,true,1,65,6.50,false,1,
530260,true,מרטודלה רחב זוגלובק,זוגלובק שיווק בעמ,,,"ק""ג",1000,גרם,true,1,35,3.50,false,1,
532721,true,טורו-כתף בקר זוגלובק,זוגלובק שיווק בעמ,,,"ק""ג",1000,גרם,true,1,110,11,false,1,
533681,true,פסטרממיה מעושנת זוגלובק,זוגלובק שיווק בעמ,,,"ק""ג",1000,גרם,true,1,79,7.90,true,1,
554792,true,בולגרית 5% 16%  מעודנת- גד מעדניה,מחלבות גד שיווק 1992 בעמ,,,"ק""ג",1000,גרם,true,1,56,5.60,false,1,
554914,true,גבינה צפתית רכה 5% מעדנייה גד,מחלבות גד שיווק 1992 בעמ,,,"ק""ג",1000,גרם,true,1,60,6,false,1,
554969,true,שמנות 30% גד,מחלבות גד שיווק 1992 בעמ,,,"ק""ג",1000,גרם,true,1,45,4.50,false,1,
554983,true,לאבנה גד,מחלבות גד שיווק 1992 בעמ,,,"ק""ג",1000,גרם,true,1,38,3.80,false,1,
554990,true,כדורי מוצרלה במים גד פרסקה מעדניה,מחלבות גד שיווק 1992 בעמ,,,"ק""ג",1000,גרם,true,1,92,9.20,false,1,
560915,true,דג דניס טרי נקי,מאסטרפוד בעמ,,,"ק""ג",1,,true,1,65,65,true,1,
560946,true,דג קרפיון מצונן נקי,מאסטרפוד בעמ,,,"ק""ג",1,,true,1,29.90,29.90,true,1,
571515,true,פילה סלמון נורבגי שלם -טרי,מאסטרפוד בעמ,,,"ק""ג",1,,true,1,109,109,true,1,
616575,true,גרון הודו קפוא,ג.ת. שיווק בן בקר בעמ,,,"ק""ג",1000,גרם,true,1,24.90,2.49,false,1,
620039,true,ברי עיזים,נטו מלינדה סחר בעמ,,,"ק""ג",1000,גרם,true,1,149,14.90,false,1,
632209,true,חזה עוף-עטרה,נטו מלינדה סחר - עטרה,,,"ק""ג",1,,true,1,31.90,31.90,false,1,
632599,true,ירכיים עוף-עטרה,נטו מלינדה סחר - עטרה,,,"ק""ג",1,,true,1,31.90,31.90,false,1,
657424,true,סופגניה אריאל במאפית,מאפיית אריאל בעמ,,,יח`,1,,false,1,3.50,3.50,false,1,
658926,true,פילה מרלוזה 100% דג קפוא תנובה,תנובה קפואים,,,"ק""ג",0,גרם,true,1,32.90,32.90,false,1,
659312,true,פילה סלמון תנובה בואקום קפוא,תנובה קפואים,,,"ק""ג",1,,true,1,74.90,74.90,false,1,
662213,true,נתח פילה סלמון קפוא,תנובה קפואים,,,"ק""ג",1,,true,1,89.90,89.90,false,1,
684123,true,כתף טרי חלק ללא עצם,אדום אדום - תנובה בקר,,,"ק""ג",1,,true,1,79.90,79.90,true,1,
820859,true,סטייק עין אנטריקוט קפוא פריגומרק מוביל,נחמיה לחוביץ בעמ,,,"ק""ג",1,,true,1,49.90,49.90,false,1,
821009,true,אצבעות אנטריקוט קפוא,נחמיה לחוביץ בעמ,,,"ק""ג",1,,true,1,54.90,54.90,false,1,
907970,true,פסטרמה כפרית טירת צבי,תנובה קפואים,,,"ק""ג",1000,גרם,true,1,53,5.30,false,1,
1003954,true,שניצל עוף קפוא חבד,עוף ירושלים שיווק בעמ,,,"ק""ג",1,,true,1,37.90,37.90,false,1,
1121023,true,פסטרמה של פעם יחיעם,מעדני יחיעם (1993) בעמ,,,"ק""ג",1000,גרם,true,1,79,7.90,false,1,
1121146,true,פסטרמה הודו מעושנת יחיעם,מעדני יחיעם (1993) בעמ,,,"ק""ג",1000,גרם,true,1,79,7.90,true,1,
1121672,true,פסטרמה מעודנת בפפריקה 300  גר`יחיעם,מעדני יחיעם (1993) בעמ,,,יח`,300,גרם,false,1,21.90,7.30,true,1,
1209103,true,עוף קפוא טחון מהדרין עטרה (500 גרם),נטו מלינדה סחר - עטרה,,,יח`,500,גרם,false,1,13.90,2.78,false,1,
1230331,true,כאמל בוקס,גלוברנדס בעמ - שיווק סיגריות,,,יח`,1,,false,1,34,34,true,1,
1230739,true,כאמל כחול,גלוברנדס בעמ - שיווק סיגריות,,,יח`,1,,false,1,34,34,true,1,
1231932,true,וינסטון כחול בוקס,גלוברנדס בעמ - שיווק סיגריות,,,יח`,1,,false,1,33.50,33.50,true,1,
1235938,true,וינסטון כחול ארוך,גלוברנדס בעמ - שיווק סיגריות,,,יח`,1,,false,1,33.50,33.50,true,1,
1319161,true,בשר  מס`3 חזה,נחמיה לחוביץ בעמ,,,"ק""ג",1,,true,1,29.90,29.90,false,1,
1415214,true,פילסברי עוגת סבתא שוקולד,קונסיגנציה ג`נרל מילס ישראל בע,,,יח`,1,,false,1,25.90,25.90,false,1,
1423711,true,שניצל עגל טרי,אדום אדום - תנובה בקר,,,"ק""ג",1,,true,1,79.90,79.90,true,1,
1433521,true,טחון להמבורגר מאנטריקוט חלק,אדום אדום - תנובה בקר,,,"ק""ג",1,,true,1,59.90,59.90,true,1,
1461112,true,פילסברי לחם מחמצת דגנים,קונסיגנציה ג`נרל מילס ישראל בע,,,יח`,1,,false,1,16.90,16.90,true,1,
1461860,true,פילסברי 10 פיתות,קונסיגנציה ג`נרל מילס ישראל בע,,,יח`,1,,false,1,13.90,13.90,false,1,
1516065,true,חזה עוף פרוס דק דק טרי ארוז,קורניש חן (1987) בעמ,,,"ק""ג",1,,true,1,37.90,37.90,true,1,
1710289,true,דג מקרל ארוז,בלדי בעמ,,,"ק""ג",1,,true,1,19.90,19.90,false,1,
1714898,true,בשר ראש עגל קפוא מוביל,נחמיה לחוביץ בעמ,,,"ק""ג",0,גרם,true,1,59.90,59.90,false,1,
1989364,true,מקרל פרוס בשמן מעדניה,סלטי שמיר 2006 בעמ,,,"ק""ג",1000,גרם,true,1,119,11.90,false,1,
1989388,true,מעדן מטיאס הולנדי מעדניה,סלטי שמיר 2006 בעמ,,,"ק""ג",1000,גרם,true,1,60,6,false,1,
2013006,true,פסטרמה מקסיקנית זוגלובק,זוגלובק שיווק בעמ,,,"ק""ג",1000,גרם,true,1,79,7.90,true,1,
2013037,true,פסטרמה פרגיות זוגלובק על לבנים 2% שומן ז,זוגלובק שיווק בעמ,,,"ק""ג",1000,גרם,true,1,79,7.90,true,1,
2129257,true,צוואר טרי יבוא חלק ארגנטיני,בלדי בעמ,,,"ק""ג",1,,true,1,39.90,39.90,false,1,
2198048,true,פסט. הודו בתיבול שווארמה,זוגלובק שיווק בעמ,,,"ק""ג",1000,גרם,true,1,79,7.90,true,1,
2198062,true,פסט. הודו אקסטרה מעושנת,זוגלובק שיווק בעמ,,,"ק""ג",1000,גרם,true,1,79,7.90,true,1,
2198116,true,הברזילאית מעדנייה,זוגלובק שיווק בעמ,,,"ק""ג",1000,גרם,true,1,110,11,true,1,
2206019,true,כרעיים עוף טרי ארוז,קורניש חן (1987) בעמ,,,"ק""ג",1,,true,1,25.90,25.90,true,1,
2206026,true,ירך עוף טרי ארוז,קורניש חן (1987) בעמ,,,"ק""ג",1,,true,1,25.90,25.90,true,1,
2206033,true,שוקיים עוף טרי ארוז,קורניש חן (1987) בעמ,,,"ק""ג",1,,true,1,29.90,29.90,false,1,
2206040,true,כנפיים עוף טרי ארוז,קורניש חן (1987) בעמ,,,"ק""ג",1,,true,1,12.90,12.90,true,1,
2206057,true,חזה עוף טרי שלם ארוז,קורניש חן (1987) בעמ,,,"ק""ג",1,,true,1,32.90,32.90,true,1,
2206064,true,חזה עוף פרוס טרי ארוז שניצל,קורניש חן (1987) בעמ,,,"ק""ג",1,,true,1,34.90,34.90,true,1,
2206088,true,פרגיות עוף טרי ארוז,קורניש חן (1987) בעמ,,,"ק""ג",1,,true,1,59.90,59.90,false,1,
2206101,true,סטייק פרגית ללא עור,קורניש חן (1987) בעמ,,,"ק""ג",1,,true,1,53.90,53.90,true,1,
2206118,true,כבד עוף לצליה טרי ארוז,קורניש חן (1987) בעמ,,,"ק""ג",1,,true,1,15.90,15.90,false,1,
2206385,true,גרון הודו נקבה טרי ארוז,קורניש חן (1987) בעמ,,,"ק""ג",1,,true,1,25.90,25.90,false,1,
2206408,true,חזה הודו נקבה טרי ארוז מוביל,קורניש חן (1987) בעמ,,,"ק""ג",1,,true,1,25.90,25.90,false,1,
2206415,true,שוקיים הודו נקבה טרי ארוז מוביל,קורניש חן (1987) בעמ,,,"ק""ג",1,,true,1,25.90,25.90,false,1,
2206422,true,כנפיים הודו נקבה טרי ארוז מוביל,קורניש חן (1987) בעמ,,,"ק""ג",1,,true,1,16.90,16.90,false,1,
2209071,true,פילה עוף טרי ארוז,קורניש חן (1987) בעמ,,,"ק""ג",1,,true,1,34.90,34.90,false,1,
2345060,true,מאסדם הולנדי אמיתי חצי גלגל,נטו מלינדה סחר בעמ,,,"ק""ג",1000,גרם,true,1,90,9,false,1,
2385127,true,לאבנה שמן זית מעדנייה גד,מחלבות גד שיווק 1992 בעמ,,,"ק""ג",1000,גרם,true,1,41,4.10,false,1,
2385424,true,בולגרית מסורתית/מעודנת 5% מעדנייה גד,מחלבות גד שיווק 1992 בעמ,,,"ק""ג",1000,גרם,true,1,58,5.80,false,1,
2385530,true,גבינת מוצרלה נקניק מעדנייה גד בדצ,מחלבות גד שיווק 1992 בעמ,,,"ק""ג",1000,גרם,true,1,80,8,false,1,
2385745,true,פקורינו משולשים מעדנייה גד,מחלבות גד שיווק 1992 בעמ,,,"ק""ג",1000,גרם,true,1,150,15,false,1,
2402718,true,צוואר כבש פרוס קפוא מחפוד,עוף ירושלים שיווק בעמ,,,"ק""ג",1,,true,1,79.90,79.90,false,1,
2403517,true,חזה אווז ארוז קפוא,בלדי בעמ,,,"ק""ג",1,"ק""ג",true,1,179,179,false,1,
2439752,true,גאודה  הולנדית- מעדנייה,נטו מלינדה סחר בעמ,,,"ק""ג",1000,גרם,true,1,110,11,false,1,
2461098,true,נילוס פרוס,גול סחר בעמ,,,"ק""ג",1,,true,1,59.90,59.90,false,1,
2461494,true,טונה שלם גוש בלי,גול סחר בעמ,,,"ק""ג",1,,true,1,39.90,39.90,false,1,
2519225,true,ריאות עגל טרי חלק,אדום אדום - תנובה בקר,,,"ק""ג",1,,true,1,24.90,24.90,false,1,
2519232,true,שקדים בקר טרי חלק פ,אדום אדום - תנובה בקר,,,"ק""ג",1,,true,1,139,139,false,1,
2519409,true,צוואר ללא עצם חלק טרי מו,אדום אדום - תנובה בקר,,,"ק""ג",1,,true,1,59.90,59.90,true,1,
2519416,true,כבד עגל חלק לצליה בלבד,אדום אדום - תנובה בקר,,,"ק""ג",1,,true,1,36,36,false,1,
2519461,true,אסאדו טרי חלק,אדום אדום - תנובה בקר,,,"ק""ג",0,"ק""ג",true,1,59.90,59.90,false,1,
2519508,true,לשון עגל טרי חלק,אדום אדום - תנובה בקר,,,"ק""ג",1,,true,1,59.90,59.90,false,1,
2519515,true,זנב עגל חלק,אדום אדום - תנובה בקר,,,"ק""ג",1,,true,1,59.90,59.90,false,1,
2519539,true,בשר ראש טרי חלק מ,אדום אדום - תנובה בקר,,,"ק""ג",1,,true,1,49.90,49.90,false,1,
2519607,true,קיט נתחים לקצב טחון חלק,אדום אדום - תנובה בקר,,,"ק""ג",1,,true,1,49.90,49.90,true,1,
2519768,true,לב עגל טרי חלק,אדום אדום - תנובה בקר,,,"ק""ג",1,"ק""ג",true,1,24.90,24.90,false,1,
2519980,true,צלעות ללא עצם חלק טרי מוב,אדום אדום - תנובה בקר,,,"ק""ג",1,,true,1,59.90,59.90,false,1,
2596448,true,חזה בקר  כבוש(קורנדביף),לאטי עזרא בעמ,,,"ק""ג",1,,true,1,35.90,35.90,false,1,
2596523,true,סטייק אנטריקוט משובח בואקום,לאטי עזרא בעמ,,,"ק""ג",1,,true,1,78.90,78.90,false,1,
2608363,true,פילסברי לחמניות המבורגר רביעייה,קונסיגנציה ג`נרל מילס ישראל בע,,,יח`,1,,false,1,13.90,13.90,false,1,
2608509,true,פילסברי לחם מחמצת זיתי קלמנטה,קונסיגנציה ג`נרל מילס ישראל בע,,,יח`,1,,false,1,16.90,16.90,true,1,
2608516,true,פילסברי לחם מחמצת מקמח מלא,קונסיגנציה ג`נרל מילס ישראל בע,,,יח`,1,,false,1,16.90,16.90,true,1,
2608523,true,פילסברי לחם מחמצת כוסמין,קונסיגנציה ג`נרל מילס ישראל בע,,,יח`,1,,false,1,16.90,16.90,true,1,
2608547,true,פילסברי מחמצת שיפון כהה וחמוציות,קונסיגנציה ג`נרל מילס ישראל בע,,,יח`,1,,false,1,16.90,16.90,true,1,
2750130,true,פילסברי חליות,קונסיגנציה ג`נרל מילס ישראל בע,,,יח`,1,,false,1,12.90,12.90,false,1,
2750154,true,פילסברי לחמניות יאמיס שישייה,קונסיגנציה ג`נרל מילס ישראל בע,,,יח`,1,,false,1,13.90,13.90,false,1,
2750406,true,סופגניה פילסברי,קונסיגנציה ג`נרל מילס ישראל בע,,,יח`,1,,false,1,3.90,3.90,false,1,
2750727,true,פילסברי שבלול פילו תרד,קונסיגנציה ג`נרל מילס ישראל בע,,,"ק""ג",10,"ק""ג",true,1,42,4.20,false,1,
2750963,true,פילסברי בגט רוסטיק,קונסיגנציה ג`נרל מילס ישראל בע,,,יח`,1,,false,1,7.90,7.90,false,1,
2750987,true,פילסברי חלה קלועה מתוקה,קונסיגנציה ג`נרל מילס ישראל בע,,,יח`,1,,false,1,11.90,11.90,true,1,
2757535,true,בורקס פילו אצבעות גבינה 700 שלושת האופים,נטו מלינדה סחר בעמ,,,יח`,700,גרם,false,1,19.90,2.84,true,1,
2900436,true,פסטרמה איטלקית טירת צבי,תנובה קפואים,,,"ק""ג",1000,גרם,true,1,80,8,true,1,
2919612,true,אסאדו עגל קפוא 9 גלם מוביל קשתית,נחמיה לחוביץ בעמ,,,"ק""ג",1,,true,1,43.90,43.90,false,1,
2929222,true,גבינה  צהובה- גאודה עלמה פיקוח,נטו מלינדה סחר בעמ,,,"ק""ג",1000,גרם,true,1,34,3.40,false,1,
2939498,true,מס 8 שריר עטרה לא מעובד,נטו מלינדה סחר - עטרה,,,"ק""ג",1,,true,1,52.90,52.90,false,1,
3072200,true,פסטרמה בסגנון מקסיקני מעדנייה,תנובה קפואים,,,"ק""ג",1000,גרם,true,1,80,8,true,1,
3163847,true,בשר  מס`4 כתף בקר .,נחמיה לחוביץ בעמ,,,"ק""ג",1,,true,1,29.90,29.90,false,1,
3423909,true,חטיף שוקולד לבן עם שברי עוגיות הרשי 43 ג,ליימן שליסל בעמ,,,יח`,1,,false,1,4.90,4.90,false,1,
3444009,true,חטיף שוקולד חלב עם חמאת בוטנים הרשי 42 ג,ליימן שליסל בעמ,,,יח`,1,,false,1,3.90,3.90,false,1,
3578474,true,פרמז`ן מעדניה,ג.וילי-פוד אינטרנשיונל **גבינו,,,"ק""ג",1000,גרם,true,1,99,9.90,false,1,
3578504,true,גבינת  אדם- מעדניה,ג.וילי-פוד אינטרנשיונל **גבינו,,,"ק""ג",1000,גרם,true,1,55,5.50,false,1,
3593187,true,בשר מס 2 בדץ נווה ציון צלעות קפוא,ישראל פלדמן בעמ,,,"ק""ג",1,,true,1,39.90,39.90,false,1,
3632404,true,פילה מרלוזה ארגנטיני ללא עור מוביל,בלדי בעמ,,,"ק""ג",1,,true,1,32.90,32.90,false,1,
3648207,true,מטיאס הולנדי בשמן,סלטי שמיר 2006 בעמ,,,"ק""ג",1000,גרם,true,1,60,6,false,1,
3796021,true,רצועות לטחינה /בשר לחמין קפוא,נחמיה לחוביץ בעמ,,,"ק""ג",1,,true,1,19.90,19.90,false,1,
3893843,true,פילה מושט ללא עור,בלו פיש גורמה סולושנס בעמ,,,"ק""ג",1,,true,1,29.90,29.90,false,1,
4033705,true,הבורגריה לחמניות המבוגר ביג לוקס 6 יח`,י.את א. ברמן בעמ,,,יח`,600,גרם,false,1,13.50,2.25,false,1,
4033712,true,לחם עננים מקמח מלא 750 גרם.,י.את א. ברמן בעמ,,,יח`,750,גרם,false,1,15.50,2.07,true,1,
4033736,true,לחם עננים בסגנון בריוש 500 גר`,י.את א. ברמן בעמ,,,יח`,500,גרם,false,1,13.90,2.78,true,1,
4043108,true,מ@מס שוקו 89 גר`,מרס ריגלי ישראל בעמ,,,יח`,89,גרם,false,1,5.90,6.63,false,1,
4043205,true,מ@מס פיאנטס,מרס ריגלי ישראל בעמ,,,יח`,92.70,גרם,false,1,5.90,6.36,false,1,
4122607,true,עמק לייט 9% חריץ מעדניה צהובה,תנובה - חלב,,,"ק""ג",1000,גרם,true,1,75,7.50,false,1,
4135324,true,פיראוס בולגרית 5% מעודנת,תנובה - חלב,,,"ק""ג",1000,גרם,true,1,43,4.30,false,1,
4136291,true,צפתית/מעודנת 5%,תנובה - חלב,,,"ק""ג",1000,גרם,true,1,51,5.10,false,1,
4136833,true,בולגרית פיראוס %16למעדניה,תנובה - חלב,,,"ק""ג",1000,גרם,true,1,58,5.80,false,1,
4193324,true,כתף כבש קפוא חלק מוביל,עוף ירושלים שיווק בעמ,,,"ק""ג",1,,true,1,79.90,79.90,false,1,
4194178,true,מחפוד-עוף קפוא  מס`1,עוף ירושלים שיווק בעמ,,,"ק""ג",1,,true,1,24.90,24.90,false,1,
4194208,true,מחפוד-כרעיים קפוא,עוף ירושלים שיווק בעמ,,,"ק""ג",0,"ק""ג",true,1,31.90,31.90,false,1,
4194239,true,מחפוד-חזה עוף קפוא,עוף ירושלים שיווק בעמ,,,"ק""ג",1,,true,1,31.90,31.90,false,1,
4194253,true,מחפוד-כנפיים עוף קפוא,עוף ירושלים שיווק בעמ,,,"ק""ג",1,,true,1,12.90,12.90,false,1,
4194307,true,מחפוד-כבד עוף קפוא,עוף ירושלים שיווק בעמ,,,"ק""ג",1,,true,1,29.90,29.90,false,1,
4194345,true,שניצל עוף פרוס ארוז קפוא מחפוד,עוף ירושלים שיווק בעמ,,,"ק""ג",1,,true,1,33.90,33.90,false,1,
4194536,true,מחפוד חזה עוף טרי ארוז,קורניש חן (1987) בעמ,,,"ק""ג",1,,true,1,33.90,33.90,true,1,
4194543,true,מחפוד כרעיים עוף טרי ארוז,קורניש חן (1987) בעמ,,,"ק""ג",1,,true,1,33.90,33.90,true,1,
4194550,true,מחפוד כנפיים עוף טרי ארוז,קורניש חן (1987) בעמ,,,"ק""ג",1,,true,1,13.90,13.90,false,1,
4194567,true,מחפוד ירכיים עוף טרי ארוז,קורניש חן (1987) בעמ,,,"ק""ג",1,,true,1,33.90,33.90,true,1,
4194574,true,מחפוד שוקיים עוף טרי ארוז,קורניש חן (1987) בעמ,,,"ק""ג",1,,true,1,32.90,32.90,false,1,
4263041,true,גולש עגל מעובד עטרה לפי משקל (500 גרם),נטו מלינדה סחר - עטרה,,,"ק""ג",1,,true,1,51.90,51.90,false,1,
4725426,true,עמק פיקוח 28% חריץ צהובה,תנובה - חלב,,,"ק""ג",1000,גרם,true,1,44.79,4.48,false,1,
4859954,true,כנפיים עוף קפוא מוביל,קורניש חן (1987) בעמ,,,"ק""ג",1,,true,1,9.90,9.90,true,1,
5041129,true,קבב גמבו מזרחי קפוא מעדני הטלה (1 קג),לאטי עזרא בעמ,,,יח`,1,"ק""ג",false,1,45.90,45.90,false,1,
5041198,true,קבב ביתי קפוא מעדני הטלה (1 קג),לאטי עזרא בעמ,,,יח`,1,"ק""ג",false,1,44.90,44.90,false,1,
5079344,true,מוצרלה נעם רכיבים מעדנייה,החב` המרכזית - טרה,,,"ק""ג",1000,גרם,true,1,90,9,false,1,
5079511,true,צפתית 5% מעדנייה,החב` המרכזית - טרה,,,"ק""ג",1000,גרם,true,1,56,5.60,false,1,
5358005,true,נסיכת הנילוס שלם,גול סחר בעמ,,,"ק""ג",1,,true,1,42.90,42.90,false,1,
5387227,true,בשר מס 8 שריר זרוע,נחמיה לחוביץ בעמ,,,"ק""ג",1,,true,1,29.90,29.90,false,1,
5992247,true,חלומי 24% מעדנייה גד,מחלבות גד שיווק 1992 בעמ,,,"ק""ג",1000,גרם,true,1,95,9.50,false,1,
6030207,true,גבינת שמנת יבנה,גבינות הכפר בעמ,,,"ק""ג",1000,גרם,true,1,23,2.30,false,1,
6040619,true,גבינת טבורוג 5% יבנה,גבינות הכפר בעמ,,,"ק""ג",1000,גרם,true,1,22,2.20,false,1,
6041043,true,גבינת צימוקים יבנה,גבינות הכפר בעמ,,,"ק""ג",1000,גרם,true,1,23,2.30,false,1,
6131188,true,פילה סלמון,נ.ת.נ.ג.ב החזקות יעוץ וניהול ב,,,"ק""ג",1,,true,1,69.90,69.90,false,1,
6131706,true,פילה  אמנון(מושט) קפוא,נ.ת.נ.ג.ב החזקות יעוץ וניהול ב,,,"ק""ג",1,,true,1,24.90,24.90,false,1,
6131829,true,פילה סלמון מנות,נ.ת.נ.ג.ב החזקות יעוץ וניהול ב,,,"ק""ג",1,,true,1,79.90,79.90,false,1,
6131935,true,טונה פרוס בוואקום,נ.ת.נ.ג.ב החזקות יעוץ וניהול ב,,,"ק""ג",1,,true,1,39.90,39.90,false,1,
6464811,true,בשר  מס`6 פילה מדומה,נחמיה לחוביץ בעמ,,,"ק""ג",1,,true,1,34.90,34.90,false,1,
6464828,true,בשר  מס`8 שריר,ישראל פלדמן בעמ,,,"ק""ג",1,,true,1,29.90,29.90,false,1,
6511904,true,כדורי גבינה אדם,ג.וילי-פוד אינטרנשיונל **גבינו,,,"ק""ג",1000,גרם,true,1,59,5.90,false,1,
6632111,true,ביצי דג זהבון קפוא 250 גר`,דגי מהדרין בעמ,,,יח`,250,גרם,false,1,25.90,10.36,true,1,
6714213,true,בשר צלי כתף מס 5 מוכשר מוביל,נחמיה לחוביץ בעמ,,,"ק""ג",1,,true,1,59.90,59.90,false,1,
6714428,true,רגל עגל פרוס מוכשר מוביל,לאטי עזרא בעמ,,,"ק""ג",1,,true,1,32.90,32.90,false,1,
6714824,true,עצמות עגל מוח ארוז,לאטי עזרא בעמ,,,"ק""ג",1,,true,1,16.90,16.90,false,1,
6739247,true,פסט. איטלקית זוגלובק,זוגלובק שיווק בעמ,,,"ק""ג",1000,גרם,true,1,79,7.90,true,1,
6739810,true,לשון בקר מוביל חלק קפוא,נחמיה לחוביץ בעמ,,,"ק""ג",1,,true,1,39.90,39.90,false,1,
6748009,true,זר פרימיום,פרחי ליידי דיאן בעמ,,,יח`,1,,false,1,99,99,false,1,
6748072,true,פרחים זר צבעוני,פרחי ליידי דיאן בעמ,,,יח`,1,,false,1,35,35,false,1,
6748157,true,פרחים זר 30,פרחי ליידי דיאן בעמ,,,יח`,1,,false,1,30,30,false,1,
6748218,true,פרחים בקופסא,פרחי ליידי דיאן בעמ,,,יח`,1,,false,1,119,119,false,1,
6748225,true,זר מיוחד מספר 9,פרחי ליידי דיאן בעמ,,,יח`,1,,false,1,85,85,false,1,
6748232,true,פרחים מס 12,פרחי ליידי דיאן בעמ,,,יח`,1,,false,1,9.90,9.90,false,1,
6748249,true,זר מיוחד מספר 15,פרחי ליידי דיאן בעמ,,,יח`,1,,false,1,75,75,false,1,
6804051,true,פילסברי בורקס גבינה,קונסיגנציה ג`נרל מילס ישראל בע,,,"ק""ג",10,"ק""ג",true,1,42,4.20,false,1,
6804068,true,פילסברי בורקס תפוא,קונסיגנציה ג`נרל מילס ישראל בע,,,"ק""ג",10,"ק""ג",true,1,42,4.20,false,1,
6804082,true,פילסברי ביס שוקולד,קונסיגנציה ג`נרל מילס ישראל בע,,,"ק""ג",10,"ק""ג",true,1,42,4.20,false,1,
6804099,true,פילסברי גביניות,קונסיגנציה ג`נרל מילס ישראל בע,,,"ק""ג",10,"ק""ג",true,1,42,4.20,false,1,
6804112,true,פילסברי ביס תפוע,קונסיגנציה ג`נרל מילס ישראל בע,,,"ק""ג",10,"ק""ג",true,1,42,4.20,false,1,
6804136,true,פילסברי קרואסון,קונסיגנציה ג`נרל מילס ישראל בע,,,"ק""ג",10,"ק""ג",true,1,42,4.20,false,1,
6804143,true,פילסברי רוגעלך,קונסיגנציה ג`נרל מילס ישראל בע,,,"ק""ג",10,"ק""ג",true,1,42,4.20,false,1,
6804174,true,פילסבורי שנק קינמון,קונסיגנציה ג`נרל מילס ישראל בע,,,"ק""ג",1000,גרם,true,1,42,4.20,false,1,
6804334,true,פילסברי כריך (ילדים) לבן,קונסיגנציה ג`נרל מילס ישראל בע,,,יח`,1,,false,1,1.90,1.90,true,1,
6805362,true,חצי בגט פילסברי,קונסיגנציה ג`נרל מילס ישראל בע,,,יח`,1,,false,1,3.20,3.20,true,1,
6806499,true,פילסברי לחמנייה דגנים וגרעינים,קונסיגנציה ג`נרל מילס ישראל בע,,,יח`,1,,false,1,4.50,4.50,false,1,
6920096,true,מוצרלה מגורדת מ.,גבינות הכפר בעמ,,,"ק""ג",1000,גרם,true,1,45,4.50,false,1,
6920461,true,מוצרלה מגורדת,גבינות הכפר בעמ,,,"ק""ג",1000,גרם,true,1,45,4.50,false,1,
8175760,true,גבינת מנצ`גו(חלב  כבשים),ג.וילי-פוד אינטרנשיונל **גבינו,,,"ק""ג",1000,גרם,true,1,89,8.90,false,1,
8175777,true,איבריקו ויליפוד,ג.וילי-פוד אינטרנשיונל **גבינו,,,"ק""ג",1000,גרם,true,1,80,8,false,1,
8211147,true,גבינת גאודה חצי קשה,א. סיימן סחר בעמ,,,"ק""ג",1000,גרם,true,1,120,12,false,1,
8346191,true,איקרה  ורודה(מעדנייה),נטו מלינדה סחר בעמ,,,"ק""ג",1000,גרם,true,1,58,5.80,false,1,
8347730,true,סלמון הילטון מצונן מעדניה,נטו מלינדה סחר בעמ,,,"ק""ג",1000,גרם,true,1,200,20,false,1,
8392217,true,מיני סופגניה אריאל עם ריבה,מאפיית אריאל בעמ,,,יח`,1,,false,1,1.90,1.90,true,1,
8403924,true,גאודה פסטו אדום-מעדנייה,א. סיימן סחר בעמ,,,"ק""ג",1000,גרם,true,1,139,13.90,false,1,
8461047,true,סיימן ברי לה רוסטיק מעדנייה,א. סיימן סחר בעמ,,,"ק""ג",1000,גרם,true,1,147,14.70,false,1,
8500128,true,פילסברי עוגות שמרים מאפית,קונסיגנציה ג`נרל מילס ישראל בע,,,יח`,1,,false,1,25.90,25.90,false,1,
8577267,true,עוף טרי שלם ארוז,קורניש חן (1987) בעמ,,,"ק""ג",1,,true,1,19.90,19.90,true,1,
8618007,true,דג פילה סלמון טרי פרוס מגש,מאסטרפוד בעמ,,,"ק""ג",1,,true,1,99,99,false,1,
8618083,true,פילה אמנון טרי מגש,מאסטרפוד בעמ,,,"ק""ג",1,,true,1,69.90,69.90,false,1,
8899055,true,פילסברי עוגיות אוזניים,קונסיגנציה ג`נרל מילס ישראל בע,,,"ק""ג",10,"ק""ג",true,1,42,4.20,false,1,
8899505,true,בגט לבן פילסברי,קונסיגנציה ג`נרל מילס ישראל בע,,,יח`,1,,false,1,4.90,4.90,false,1,
8899512,true,פילסברי בגט כפרי,קונסיגנציה ג`נרל מילס ישראל בע,,,יח`,1,,false,1,4.90,4.90,false,1,
8899611,true,פילסברי בורקס תורכי גבינה,קונסיגנציה ג`נרל מילס ישראל בע,,,"ק""ג",1,,true,1,42,42,false,1,
8899628,true,פילסברי בורקס תורכי תפוא,קונסיגנציה ג`נרל מילס ישראל בע,,,"ק""ג",1,,true,1,42,42,false,1,
8899734,true,פילסברי קוקיס שוקולד לבן,קונסיגנציה ג`נרל מילס ישראל בע,,,"ק""ג",1,,true,1,52,52,false,1,
8899741,true,פילסברי קוקיס שוקולד מריר,קונסיגנציה ג`נרל מילס ישראל בע,,,"ק""ג",1,,true,1,52,52,false,1,
32147230,true,מיץ לימון 200 מל,דנשר (1963) בעמ,,,יח`,200,גרם,false,1,8.90,4.45,true,1,
40084107,true,קינדר ביצת הפתעה,פרימיום-חברה לדברי מתיקה ולמסח,,,יח`,1,,false,1,4.90,4.90,false,1,
40111216,true,באונטי חטיף שוקולד קוקוס 57 גרם,מרס ריגלי ישראל בעמ,,,יח`,57,גרם,false,1,3.90,6.84,true,1,
40144061,true,וופל קנופרס 25 גר`,ליימן שליסל בעמ,,,יח`,1,,false,1,2.90,2.90,false,1,
40345123,true,סמרטיז גליל סוכריות 38 גר`,קבוצת אסם סחר שות. מוגבלת,,,יח`,38,גרם,false,1,2.90,7.63,true,1,
42138105,true,וינסטון סופר סלימס כחול,גלוברנדס בעמ - שיווק סיגריות,,,יח`,1,,false,1,33.50,33.50,true,1,
54051140,true,מעדן סויה בטעם וניל אלפרו (125x4 גרם),שטראוס גרופ בעמ,,,יח`,500,גרם,false,1,15.90,3.18,false,1,
54051157,true,מעדן סויה בטעם שוקולד אלפרו (125x4 גרם),שטראוס גרופ בעמ,,,יח`,500,גרם,false,1,15.90,3.18,false,1,
59039549,true,ווג פריזון לייט,גלוברנדס בעמ - שיווק סיגריות,,,יח`,1,,false,1,41,41,true,1,
59068907,true,פאל מאל כול דמי סלימס,גלוברנדס בעמ - שיווק סיגריות,,,יח`,1,,false,1,29,29,true,1,
59068914,true,פאל מאל סילבר דמי סלימס בודד,גלוברנדס בעמ - שיווק סיגריות,,,יח`,1,,false,1,29,29,true,1,
59081630,true,דאודורנט רול און קוקוס  ויסמין( 50 מל),יוניליוור ישראל שיווק בעמ,,,יח`,50,גרם,false,1,14.90,29.80,false,1,
59085645,true,דאודורנט רול און אסאי (50 מל),יוניליוור ישראל שיווק בעמ,,,יח`,50,גרם,false,1,14.90,29.80,true,1,
59455233,true,סיגריות ווג ליידי כחול,גלוברנדס בעמ - שיווק סיגריות,,,יח`,1,,false,1,41,41,true,1,
72940754,true,מילקי וניל,שטראוס גרופ בעמ/מצונן,,,יח`,130,גרם,false,1,2.80,2.15,false,1,
72940761,true,מילקי שוקו,שטראוס גרופ בעמ/מצונן,,,יח`,130,גרם,false,1,2.90,2.23,false,1,
72940952,true,מילקי פי 2 קצפת,שטראוס גרופ בעמ/מצונן,,,יח`,170,גרם,false,1,3.90,2.29,false,1,
72940976,true,כרוב אדום 250,שטראוס גרופ בעמ/מצונן,,,יח`,250,גרם,false,1,8.90,3.56,false,1,
72940983,true,חומוס אחלה 250 גר,שטראוס גרופ בעמ/מצונן,,,יח`,250,גרם,false,1,6.90,2.76,false,1,
72941041,true,מילקי מיני שוקולד,שטראוס גרופ בעמ/מצונן,,,יח`,130,גרם,false,1,2,1.54,false,1,
72945308,true,שמרים טריים קובייה שמרית (50 גרם),שטראוס גרופ בעמ/מצונן,,,יח`,50,גרם,false,1,3.50,7,false,1,
72961209,true,שמנית 15% 200 מל בדצ פיקוח,תנובה - חלב,,,יח`,200,גרם,false,1,2.40,1.20,false,1,
72961223,true,גיל 3% 200 מל בדצ פיקוח,תנובה - חלב,,,יח`,200,גרם,false,1,1.51,0.76,false,1,
72961506,true,יוגורט עם תות 1.5% פרילי (125 גרם),תנובה - חלב,,,יח`,125,גרם,false,1,3.50,2.80,false,1,
72961520,true,יוגורט עם אננס 1.5% פרילי (125 גרם),תנובה - חלב,,,יח`,125,גרם,false,1,3.50,2.80,false,1,
72961544,true,יוגורט בטעם תות שדה 3% באדי (125 גרם),תנובה - חלב,,,יח`,125,גרם,false,1,3,2.40,false,1,
72963753,true,שמנת של פעם 27% תנובה (200 גרם),תנובה - חלב,,,יח`,200,גרם,false,1,4.20,2.10,false,1,
72964132,true,טבעגורט 200מל ל,תנובה - חלב,,,יח`,200,גרם,false,1,5.10,2.55,false,1,
72983997,true,גולף גולד 100 קופסא קשיחה,דובק בעמ,,,יח`,1,,false,1,35,35,true,1,
72986233,true,מעדן חלב בטעם וניל באדי (125 גרם),תנובה - חלב,,,יח`,125,גרם,false,1,2.90,2.32,false,1,
72986240,true,מעדן חלב בטעם שוקולד באדי (125 גרם),תנובה - חלב,,,יח`,125,גרם,false,1,2.90,2.32,false,1,
72986370,true,גלידת פיינטים וניל צרפתי בן אנד גריס,מוצרי איכות אמריקאיים בעמ,,,יח`,420,גרם,false,1,19.90,4.74,true,1,
72986424,true,גלידת פיינטים קרם עוגיות,מוצרי איכות אמריקאיים בעמ,,,יח`,420,גרם,false,1,19.90,4.74,true,1,
72986448,true,גלידת פיינטים טופי קרנץ,מוצרי איכות אמריקאיים בעמ,,,יח`,420,גרם,false,1,19.90,4.74,true,1,
72986455,true,גלידת פיינטים ניו-יורק סופר,מוצרי איכות אמריקאיים בעמ,,,יח`,420,גרם,false,1,19.90,4.74,true,1,
72986479,true,גלידת פיינטים צאנקי מנקי,מוצרי איכות אמריקאיים בעמ,,,יח`,420,גרם,false,1,19.90,4.74,true,1,
72989425,true,גלידת פיינטים שוקולד בראוניס,מוצרי איכות אמריקאיים בעמ,,,יח`,420,גרם,false,1,19.90,4.74,true,1,
72991374,true,טיים רד,דובק בעמ,,,יח`,1,,false,1,32.50,32.50,true,1,
72991398,true,טיים בלו 83,דובק בעמ,,,יח`,1,,false,1,33,33,true,1,
72991404,true,אירופה,דובק בעמ,,,יח`,1,,false,1,33,33,true,1,
72991428,true,ברודווי 100,דובק בעמ,,,יח`,1,,false,1,33,33,true,1,
72991466,true,גולף גולד 100,דובק בעמ,,,יח`,1,,false,1,35,35,true,1,
72991497,true,נובלס פילטר,דובק בעמ,,,יח`,1,,false,1,32.50,32.50,true,1,
72991527,true,מוסטנג רד,דובק בעמ,,,יח`,1,,false,1,29,29,true,1,
72991886,true,גלידת פיינטים בן אנד גריס פיינט 500 מל,מוצרי איכות אמריקאיים בעמ,,,יח`,500,גרם,false,1,19.90,3.98,true,1,
72993637,true,דני שוקולד בודד,שטראוס גרופ בעמ/מצונן,,,יח`,125,גרם,false,1,2.60,2.08,false,1,
72994061,true,Good2 פסק זמן 36 גרם,שטראוס גרופ בעמ,,,יח`,36,גרם,false,1,4.90,13.61,false,1,
76136184,true,פאל מאל סופר סלים כחול,גלוברנדס בעמ - שיווק סיגריות,,,יח`,1,,false,1,30,30,true,1,
80001799,true,טורטינה שוקולד לבן.,ליימן שליסל בעמ,,,יח`,21,גרם,false,1,3.90,18.57,false,1,
80050025,true,טיק טק תפוז,פרימיום-חברה לדברי מתיקה ולמסח,,,יח`,16,גרם,false,1,3,18.75,true,1,
80050124,true,טיק טק מנטה,פרימיום-חברה לדברי מתיקה ולמסח,,,יח`,16,גרם,false,1,3,18.75,true,1,
80052760,true,בואנו קינדר בודד,פרימיום-חברה לדברי מתיקה ולמסח,,,יח`,1,,false,1,3.90,3.90,false,1,
80052883,true,טיק טק מנטה חזק,פרימיום-חברה לדברי מתיקה ולמסח,,,יח`,16,גרם,false,1,3,18.75,true,1,
80136194,true,חטיף היפו אגוזי לוז 5 יח,פרימיום-חברה לדברי מתיקה ולמסח,,,יח`,90,גרם,false,1,11.90,13.22,false,1,
80176800,true,ממרח אגוזי לוז נוטלה (750 גרם),פרימיום-חברה לדברי מתיקה ולמסח,,,יח`,750,גרם,false,1,24.90,3.32,false,1,
80177173,true,ממרח אגוזי לוז נוטלה (350 גרם),פרימיום-חברה לדברי מתיקה ולמסח,,,יח`,350,גרם,false,1,14.90,4.26,false,1,
80177609,true,קינדר שוקולד 50 גר,פרימיום-חברה לדברי מתיקה ולמסח,,,יח`,50,גרם,false,1,3.90,7.80,false,1,
80177616,true,אצבעות שוקולד קינדר (8  יח`- 100 גרם),פרימיום-חברה לדברי מתיקה ולמסח,,,יח`,1,,false,1,7.90,7.90,false,1,
80310167,true,קינדר מקסי שישיה,פרימיום-חברה לדברי מתיקה ולמסח,,,יח`,125,גרם,false,1,9.90,7.92,true,1,
80761761,true,קינדר בואנו לבן בודד 0.43 גר`,פרימיום-חברה לדברי מתיקה ולמסח,,,יח`,43,גרם,false,1,3.90,9.07,false,1,
80768890,true,מסטיק מנטוס וויט ביג מנטה עדינה ללס 105,ליימן שליסל בעמ,,,יח`,105,גרם,false,1,16.90,16.10,false,1,
80773429,true,מסטיק מנטוס פיור פרש בטעם תות ללס 60 גר,ליימן שליסל בעמ,,,יח`,60,גרם,false,1,9.90,16.50,true,1,
80773443,true,מסטיק מנטוס בטעם מנטה עדין ללס,ליימן שליסל בעמ,,,יח`,60,גרם,false,1,9.90,16.50,true,1,
80790990,true,מסטיק מנטוס טעם פירות מנטה ללס,ליימן שליסל בעמ,,,יח`,60,גרם,false,1,9.90,16.50,true,1,
80794233,true,מסטיק מנטוס ביג בטעם מנטה ללס 90 גר`,ליימן שליסל בעמ,,,יח`,1,,false,1,16.90,16.90,false,1,
80843184,true,מסטיק מנטוס טעם ענבים ללס 60 גר,ליימן שליסל בעמ,,,יח`,60,גרם,false,1,9.90,16.50,true,1,
80862130,true,מנטוס מסטיק פיור פרש בטעם אבטיח,ליימן שליסל בעמ,,,יח`,28,גרם,false,1,4.50,16.07,true,1,
80896081,true,מסטיק מנטוס פיור פרש טעם אבטיח ללס 60 ג,ליימן שליסל בעמ,,,יח`,60,גרם,false,1,9.90,16.50,true,1,
80913467,true,מסטיק מנטוס טעם מנטה ללס 60 גר,ליימן שליסל בעמ,,,יח`,60,גרם,false,1,9.90,16.50,true,1,
80936848,true,טיק טק תות שדה,פרימיום-חברה לדברי מתיקה ולמסח,,,יח`,16,גרם,false,1,3,18.75,true,1,
80945468,true,גומי לעיסה ללא סוכר בטעם מנטה מתוקה 60 ג,ליימן שליסל בעמ,,,יח`,60,גרם,false,1,9.90,16.50,true,1,
80954521,true,מנטוס מסטיק פיור פרש בטעם תות,ליימן שליסל בעמ,,,יח`,28,גרם,false,1,4.50,16.07,true,1,
80977070,true,מנטוס מסטיק פיור פרש בטעם טרופי,ליימן שליסל בעמ,,,יח`,28,גרם,false,1,4.50,16.07,true,1,
80979128,true,מסטיק מנטוס טעם דובדבן ללס 60 גר,ליימן שליסל בעמ,,,יח`,60,גרם,false,1,9.90,16.50,true,1,
80982470,true,מסטיק מנטוס פיור פרש בטעם מנטה חזקה ללס,ליימן שליסל בעמ,,,יח`,60,גרם,false,1,9.90,16.50,false,1,
80986348,true,גומי לעיסה ללא סוכר 60  גר`פיור וויט מנט,ליימן שליסל בעמ,,,יח`,60,גרם,false,1,9.90,16.50,true,1,
85951730,true,פילטרים לגילגול סיגריות סלים פארטי) (120,צפניה ברזילי בעמ,,,יח`,1,,false,1,4,4,false,1,
85954762,true,נייר גילגול חום בינוני+פילטר  party,צפניה ברזילי בעמ,,,יח`,1,,false,1,5,5,false,1,
87108538,true,סוכריות לעיסה בטעם תות מנטוס (37.5 גרם),ליימן שליסל בעמ,,,יח`,37,גרם,false,1,3.90,10.54,false,1,
87108651,true,מנטוס רביעיה,ליימן שליסל בעמ,,,יח`,150,גרם,false,1,13.90,9.27,false,1,
87311396,true,מנטוס גליל 7 טעמים,ליימן שליסל בעמ,,,יח`,37.50,גרם,false,1,3.90,10.40,false,1,
90087974,true,חומץ טבעי מתפוחים 750 מל תומר,תומר יבוא ושיווק מוצרי מזון (1,,,יח`,750,גרם,false,1,12.90,1.72,false,1,
90162602,true,משקה אנרגיה רד בול (250 מל),דיפלומט היינץ,,,יח`,250,גרם,false,1,5.90,2.24,true,1,
90162800,true,רד בול משקה אנרגיה 250 מל ללס,דיפלומט היינץ,,,יח`,250,גרם,false,1,5.90,2.24,true,1,
90446269,true,משקה אנרגיה רד בול (250 מל),דיפלומט היינץ,,,יח`,250,גרם,false,1,5.90,2.24,true,1,
90448867,true,רד בול משקה אנרגיה ללא פחמימות 250 מל,דיפלומט היינץ,,,יח`,250,גרם,false,1,5.90,2.24,true,1,
9800800056,true,נוטלה אנד גו 52 גרם,פרימיום-חברה לדברי מתיקה ולמסח,,,יח`,52,גרם,false,1,5.50,10.58,true,1,
11210000094,true,טבסקו 60 מל,ציון תורג`מן בעמ,,,יח`,60,גרם,false,1,12.90,21.50,false,1,
11210009387,true,טבסקו 60 מל,ציון תורג`מן בעמ,,,יח`,60,גרם,false,1,12.90,21.50,false,1,
11210607040,true,טבסקו מעושן 60 מל,ציון תורג`מן בעמ,,,יח`,60,גרם,false,1,12.90,21.50,false,1,
11210698055,true,טבסקו רוטב סרירצה 556 גר`,ציון תורג`מן בעמ,,,יח`,556,גרם,false,1,29.90,5.38,false,1,
12300103138,true,פאקט כאמל בוקס,גלוברנדס בעמ - שיווק סיגריות,,,יח`,1,,false,1,295,295,false,1,
12300119139,true,ווינסטון כחול בוקס פאקט) (200,גלוברנדס בעמ - שיווק סיגריות,,,יח`,1,,false,1,315,315,false,1,
16000185517,true,פייבר וואן 555 גר`,קבוצת אסם סחר שות. מוגבלת,,,יח`,555,גרם,false,1,22.90,4.13,true,1,
16000423534,true,נייטשר וואלי 210  גר`שיבולת שועל ושוקולד,ליימן שליסל בעמ,,,יח`,210,גרם,false,1,14.90,7.10,false,1,
16000548404,true,נייטשר וואלי 210  גר`שיבולת שועל ודבש,ליימן שליסל בעמ,,,יח`,175,גרם,false,1,14.90,8.51,false,1,
16000548503,true,נייטשר וואלי 210  גר`מייפל וסוכר חום,ליימן שליסל בעמ,,,יח`,210,גרם,false,1,14.90,7.10,false,1,
16000548909,true,נייטשר וואלי 210  גר`מעורב,ליימן שליסל בעמ,,,יח`,210,גרם,false,1,14.90,7.10,false,1,
16229924263,true,קרם קוקוס 250 מל Aroy D,גורי מוצרי צריכה (1991) בעמ,,,יח`,250,גרם,false,1,9.80,3.92,false,1,
18000701223,true,פילסברי תערובת שוקולד,ליימן שליסל בעמ,,,יח`,517,גרם,false,1,16.90,3.27,false,1,
18000703494,true,תערובת להכנת עוגת וניל פילסברי (500 גרם),ליימן שליסל בעמ,,,יח`,524,גרם,false,1,18.90,3.61,true,1,
18000766413,true,תערובת לעוגת בראוניס פילסברי (550 גרם),ליימן שליסל בעמ,,,יח`,609,גרם,false,1,18.90,3.10,true,1,
22200956932,true,ספיד סטיק 24/7 ג`ל כחול,ש.שסטוביץ בעמ,,,יח`,0,גרם,false,1,16.90,16.90,false,1,
25675120020,true,מקלות חמוצות 100,גורי ע.ע.ע בעמ,,,יח`,100,גרם,false,1,8.90,8.90,false,1,
25675120037,true,מקלות חמוצות 100,גורי ע.ע.ע בעמ,,,יח`,100,גרם,false,1,8.90,8.90,false,1,
25675120044,true,מקלות חמוצות 100,גורי ע.ע.ע בעמ,,,יח`,100,גרם,false,1,8.90,8.90,false,1,
25675120068,true,מקלות חמוצות 100,גורי ע.ע.ע בעמ,,,יח`,100,גרם,false,1,8.90,8.90,false,1,
31200001597,true,חמוציות אושן ספריי,ליימן שליסל בעמ,,,יח`,170,גרם,false,1,13.90,8.18,true,1,
34000196173,true,טבלת קוקיס אנד קרים-XL,ליימן שליסל בעמ,,,יח`,113,גרם,false,1,9.90,8.76,false,1,
34000442652,true,טבלת ריזס -XL,ליימן שליסל בעמ,,,יח`,120,גרם,false,1,9.90,8.25,true,1,
34000544028,true,חטיף גומ טויז תות,ליימן שליסל בעמ,,,יח`,198,גרם,false,1,8.90,4.49,true,1,
34000544431,true,ממתק בטעם דובדבן 172 גר טוויזלרס,ליימן שליסל בעמ,,,יח`,172,גרם,false,1,8.90,5.17,true,1,
37600207188,true,חמאת בוטנים קלאסי 462ג סקיפי,דיפלומט היינץ,,,יח`,462,גרם,false,1,19.90,4.31,false,1,
37600207256,true,חמאת בוטנים עם שברי בוטנים 462ג סקיפי,דיפלומט היינץ,,,יח`,462,גרם,false,1,19.90,4.31,false,1,
37600207287,true,חמאת בוטנים סקיפי עם דבש 462 גרם,דיפלומט היינץ,,,יח`,462,גרם,false,1,19.90,4.31,false,1,
38000138607,true,פרינגלס מלח וחומץ 158 גר`,דיפלומט היינץ,,,יח`,158,גרם,false,1,8.90,5.63,true,1,
38000138638,true,פרינגלס פיצה 158 גר`,דיפלומט היינץ,,,יח`,158,גרם,false,1,8.90,5.63,true,1,
38000138720,true,פרינגלס  קראנצ`158 גר`,דיפלומט היינץ,,,יח`,158,גרם,false,1,8.90,5.63,true,1,
38000183690,true,חטיף צ`יפס בטעם ברביקיו פרינגלס (71 גרם),דיפלומט היינץ,,,יח`,67,גרם,false,1,4.90,7.31,false,1,
38000183928,true,פרינגלס דבש וחרדל 158 גר`,דיפלומט היינץ,,,יח`,158,גרם,false,1,8.90,5.63,true,1,
38000197840,true,פרינגלס ברביקיוו 137  גר`Wavy,דיפלומט היינץ,,,יח`,137,גרם,false,1,8.90,6.50,true,1,
38000202278,true,פרינגלס אורגינל 130  גר`Wavy,דיפלומט היינץ,,,יח`,130,גרם,false,1,8.90,6.85,true,1,
38000232152,true,פרינגלס ברביקיו 158 גר`,דיפלומט היינץ,,,יח`,158,גרם,false,1,8.90,5.63,true,1,
38000232169,true,חטיף צ`יפס אורגינל מידי פרינגלס (67 גרם),דיפלומט היינץ,,,יח`,67,גרם,false,1,4.90,7.31,false,1,
38000232176,true,פרינגלס שמנת בצל 158 גר`,דיפלומט היינץ,,,יח`,158,גרם,false,1,8.90,5.63,true,1,
38000232183,true,פרינגלס אורגינל 149 גר`,דיפלומט היינץ,,,יח`,149,גרם,false,1,8.90,5.97,true,1,
38000845253,true,פרינגלס מידי שמנת בצל 71 גר,דיפלומט היינץ,,,יח`,67,גרם,false,1,4.90,7.31,false,1,
38527591060,true,דגנים מרובעים קוואקר (411 גרם),שטראוס פריטו ליי בעמ,,,יח`,412,גרם,false,1,19.90,4.83,true,1,
40000513568,true,מ@מס 156 גר,מרס ריגלי ישראל בעמ,,,יח`,156,גרם,false,1,9.90,6.35,false,1,
41390010309,true,רוטב טריאקי קיקומן (444 מל),דיפלומט היינץ,,,יח`,444,גרם,false,1,29.90,6.73,true,1,
46214372250,true,עוגיות שטרודל תפוח עץ מרבה (225 גרם),ש.שסטוביץ בעמ,,,יח`,225,גרם,false,1,9.90,4.40,true,1,
46214731552,true,עוגיות שוקולד צ`יפס מרבה (225 גרם),ש.שסטוביץ בעמ,,,יח`,225,גרם,false,1,9.90,4.40,true,1,
50000100347,true,פריסקיז מעדני חתול,שחורי אריה ואנסטסיה,,,יח`,1.40,"ק""ג",false,1,35.90,25.64,false,1,
50000168583,true,פריסקיז אקסטרא קראנץ 1.43קג,שחורי אריה ואנסטסיה,,,יח`,1430,גרם,false,1,35.90,2.51,false,1,
50000429646,true,פנסי פיסט 85  גר`רטוב דגים,שחורי אריה ואנסטסיה,,,יח`,85,גרם,false,1,5.90,6.94,false,1,
55369902564,true,רסק תפוחי עץ ללתס רביעייה 452  גר`אלפסנ,מור-ים מרקטינג בעמ,,,יח`,452,גרם,false,1,13.90,3.08,false,1,
64144090051,true,תרסיס שמן קנולה פאם (148 מל),ליימן שליסל בעמ,,,יח`,148,גרם,false,1,20.90,14.12,false,1,
70221011116,true,טובלרון-  שוק`חלבי 100 גרם) (20,דיפלומט היינץ,,,יח`,100,גרם,false,1,6.90,6.90,false,1,
72600062306,true,הר חטיף גבינה 198 גר`,מור-ים מרקטינג בעמ,,,יח`,198,גרם,false,1,21.90,11.06,false,1,
76840100156,true,גלידת פיינט צ`רי גרסיה דובדבנים וחתיכות,מוצרי איכות אמריקאיים בעמ,,,יח`,473,גרם,false,1,19.90,4.21,true,1,
76840100583,true,גלידה וניל+בצק  עוגיות ושוקולד ציפס 473ג,מוצרי איכות אמריקאיים בעמ,,,יח`,473,גרם,false,1,19.90,4.21,true,1,
76840400218,true,גלידת פיינטים בן אנד גריס פיינט תות,מוצרי איכות אמריקאיים בעמ,,,יח`,750,גרם,false,1,19.90,2.65,true,1,
77245110610,true,סוכריות ללס בטעם מנטה מאסט (80 גרם),שטראוס גרופ בעמ,,,יח`,80,גרם,false,1,8.90,11.13,false,1,
77343000233,true,נרות חימום מנורה שי נר) (50,אבאל יזמות בעמ,,,יח`,1,,false,1,9.90,9.90,true,1,
77975036976,true,מטבל עגבניות בחריפות עדינה,ליימן שליסל בעמ,,,יח`,439,גרם,false,1,17.90,4.08,false,1,
77975094624,true,סניידרס שברי בייגלה במילוי חמאת בוטנים 2,ליימן שליסל בעמ,,,יח`,283.50,גרם,false,1,14.90,5.26,true,1,
77975094631,true,סניידרס בייגלה במילוי קרם  צ`דר( 226 גר`,ליימן שליסל בעמ,,,יח`,226,גרם,false,1,14.90,6.59,true,1,
77975094761,true,סניידרס שברי בייגל בטעם גבינת צ`אדר,ליימן שליסל בעמ,,,יח`,340,גרם,false,1,14.90,4.38,true,1,
77975094778,true,סניידרס שברי בייגל בטעם דבש וחרדל 340 גר,ליימן שליסל בעמ,,,יח`,340,גרם,false,1,14.90,4.38,true,1,
77975095157,true,סניידרס שברי בייגלה חלפינו 318 גר`,ליימן שליסל בעמ,,,יח`,318,גרם,false,1,14.90,4.69,true,1,
80518532743,true,בלון פסטל שמחה זה אנחנו) (50,שמחה זה אנחנו בעמ,,,יח`,1,,false,1,11.90,11.90,false,1,
87147894534,true,קולגייט משפחתי 100  גר`יבוא מקביל,איינשטיין-צור יבוא-יצוא וסחר ב,,,יח`,100,גרם,false,1,9.90,9.90,false,1,
609628012114,true,זית קלמטה פחית 430 גר`,תומר יבוא ושיווק מוצרי מזון (1,,,יח`,430,גרם,false,1,14.90,3.47,false,1,
611745285685,true,אבוקדו בשל ארוז - מור בריאות,קונסיגנציה-מור בריאות בעמ,,,יח`,1,,false,1,7.90,7.90,true,1,
613008742348,true,אריזונה ג`נסנג דבש ליטר,טמפו משקאות בעמ,,,יח`,1,1 ליטר,false,1,10.90,10.90,false,1,
613008742409,true,אריזונה אפרסק ליטר,טמפו משקאות בעמ,,,יח`,1,1 ליטר,false,1,10.90,10.90,false,1,
613008755461,true,אריזונה אוכמניות ליטר,טמפו משקאות בעמ,,,יח`,1,1 ליטר,false,1,10.90,10.90,false,1,
628154383659,true,פרוטי פבלס 311  גר`.,ר.ב מוצרי דגנים בעמ,,,יח`,311,גרם,false,1,21.90,7.04,false,1,
649660432020,true,שזיפים מיובשים מגולענים 567  גר`היל ויו,מור-ים מרקטינג בעמ,,,יח`,567,גרם,false,1,28.90,5.10,false,1,
649870165701,true,חטיף נייטיב לכלב סושי 80 גר,שחורי אריה ואנסטסיה,,,יח`,1,,false,1,15.90,15.90,false,1,
649870166142,true,נייטיב פטה עוף גור חתולים,שחורי אריה ואנסטסיה,,,יח`,1,,false,1,4.90,4.90,false,1,
693493065641,true,טחינה הר כנען 100% 500 גר,אבאל יזמות בעמ,,,יח`,500,גרם,false,1,14.90,2.98,true,1,
693493168823,true,תמר דקל נור 400 גר`,סהר ותמר בעמ,,,יח`,400,גרם,false,1,14.90,3.73,false,1,
710535495539,true,אורז בסמטי  (96% 1  קג) AVEL,אבאל יזמות בעמ,,,יח`,1,"ק""ג",false,1,11.90,11.90,true,1,
728229123811,true,חטיף צ`יפס ים תיכוני טרה (110 גרם),משה סידס ובנו בעמ,,,יח`,110,גרם,false,1,14.90,13.55,true,1,
728229124771,true,חטיף טרה מבטטה בטעם ברבקיו 110 גר,משה סידס ובנו בעמ,,,יח`,110,גרם,false,1,14.90,13.55,true,1,
728229130444,true,חטיף טרה צ`יפס 110 גר`,משה סידס ובנו בעמ,,,יח`,110,גרם,false,1,14.90,13.55,true,1,
753182231761,true,בלו סיקס ללס 250 מל,בני פאוזי שמשום (2009) בעמ,,,יח`,250,גרם,false,1,2.90,1.04,true,1,
768404001640,true,גלידת פיינטים בטעם קפה,מוצרי איכות אמריקאיים בעמ,,,יח`,420,גרם,false,1,19.90,4.74,true,1,
777915888299,true,רוטב סויה אקיטה ללא גלוטן,מור-ים מרקטינג בעמ,,,יח`,450,גרם,false,1,16.90,3.76,false,1,
835811000396,true,נייר אפייה לתבנית מוארכות 30 יח הנמל,הנמל אריזות ושיווק (1984) בעמ,,,יח`,1,,false,1,9.90,9.90,false,1,
835811000402,true,כפות 50  יח`קרם עבה הנמל,הנמל אריזות ושיווק (1984) בעמ,,,יח`,1,,false,1,15.90,15.90,false,1,
835811000419,true,כפיות 50  יח`קרם עבה הנמל,הנמל אריזות ושיווק (1984) בעמ,,,יח`,1,,false,1,15.90,15.90,false,1,
835811001652,true,כוס לשתיה קרה 330 סמק 40  יח`הנמל,הנמל אריזות ושיווק (1984) בעמ,,,יח`,1,,false,1,9.90,9.90,false,1,
835811001676,true,מגש הכסף תבנית מלבןגדול 9 יח`,הנמל אריזות ושיווק (1984) בעמ,,,יח`,1,,false,1,9.90,9.90,false,1,
835811002390,true,שיפודי במבוק 15 סמ עם אחיזה 100 יח,הנמל אריזות ושיווק (1984) בעמ,,,יח`,1,,false,1,7.90,7.90,false,1,
835811003199,true,נייר אפיה לתבנית מלבנית הנמל 16 יח,הנמל אריזות ושיווק (1984) בעמ,,,יח`,1,,false,1,19.90,19.90,true,1,
835811003427,true,צלחות גדול מקנה סוכר 1 קג הנמל,הנמל אריזות ושיווק (1984) בעמ,,,יח`,1,,false,1,36.90,36.90,true,1,
835811003458,true,מזלגות אלגנט שקוף 50  יח`הנמל,הנמל אריזות ושיווק (1984) בעמ,,,יח`,1,,false,1,9.90,9.90,true,1,
835811003472,true,כפות אלגנט שקוף 50  יח`הנמל,הנמל אריזות ושיווק (1984) בעמ,,,יח`,1,,false,1,9.90,9.90,true,1,
835811003489,true,כפיות אלגנט שקוף 50  יח`הנמל,הנמל אריזות ושיווק (1984) בעמ,,,יח`,1,,false,1,9.90,9.90,true,1,
835811003588,true,צלחות קלאסי גדול לבן 65  יח`הנמל,הנמל אריזות ושיווק (1984) בעמ,,,יח`,1,,false,1,34.90,34.90,true,1,
835811003595,true,צלחות קלאסי קטן לבן 65 יח`,הנמל אריזות ושיווק (1984) בעמ,,,יח`,1,,false,1,24.90,24.90,true,1,
835811004189,true,פירורי לחם הנמל (800גרם),הנמל אריזות ושיווק (1984) בעמ,,,יח`,800,גרם,false,1,9.90,1.24,false,1,
835811004219,true,מפה שולחן 8 יח עבה ניילון הנמל,הנמל אריזות ושיווק (1984) בעמ,,,יח`,45,גרם,false,1,9.90,22,false,1,
835811004417,true,ריבת חלב 340 גר הנמל,הנמל אריזות ושיווק (1984) בעמ,,,יח`,340,גרם,false,1,11.90,3.50,false,1,
835811004707,true,פרורי לחם מוזהבים הנמל (440 גרם),הנמל אריזות ושיווק (1984) בעמ,,,יח`,440,גרם,false,1,5.90,1.34,false,1,
835811004813,true,מגש מאורך מחולק שקוף 4 תאים הנמל,הנמל אריזות ושיווק (1984) בעמ,,,יח`,1,,false,1,6.90,6.90,false,1,
835811005018,true,כוסות יהלום 50  יח`הנמל,הנמל אריזות ושיווק (1984) בעמ,,,יח`,1,,false,1,15.90,15.90,true,1,
835811005407,true,כוסות קפה לדרך 12  יח`הנמל,הנמל אריזות ושיווק (1984) בעמ,,,יח`,12,יח`,false,1,13.90,1.16,false,1,
835811005421,true,מקלות עבים לשיפודים 75  יח`הנמל,הנמל אריזות ושיווק (1984) בעמ,,,יח`,1,,false,1,2.90,2.90,false,1,
835811005704,true,נייר עטיפה לכריכים 100  יח`הנמל,הנמל אריזות ושיווק (1984) בעמ,,,יח`,1,,false,1,9.90,9.90,false,1,
835811005810,true,מגש הכסף תבנית מרובע קטן+מכסה  10 יח`,הנמל אריזות ושיווק (1984) בעמ,,,יח`,1,,false,1,9.90,9.90,false,1,
835811005933,true,מגש הכסף תבנית  אלומ`ענק 5 יח`,הנמל אריזות ושיווק (1984) בעמ,,,יח`,1,,false,1,9.90,9.90,false,1,
835811005957,true,מגש הכסף תבנית  אלומ` +90 מכסה 8 יח`,הנמל אריזות ושיווק (1984) בעמ,,,יח`,1,,false,1,9.90,9.90,false,1,
835811005964,true,מגש הכסף תבנית  אלומ`מאורך 20 יח`,הנמל אריזות ושיווק (1984) בעמ,,,יח`,1,,false,1,9.90,9.90,false,1,
835811006213,true,קערות למרק מקנה סוכר טבעי 25  יח`הנמל,הנמל אריזות ושיווק (1984) בעמ,,,יח`,1,,false,1,10.90,10.90,false,1,
835811006435,true,מגש הכסף תבנית  מלבןעמוק+ מכסה 9 יח`,הנמל אריזות ושיווק (1984) בעמ,,,יח`,1,,false,1,9.90,9.90,false,1,
835811006695,true,קוקטים לאפייה 20  יח`הנמל,הנמל אריזות ושיווק (1984) בעמ,,,יח`,1,,false,1,8.90,8.90,false,1,
835811006770,true,מגש הכסף תבנית עגול 5 יח`,הנמל אריזות ושיווק (1984) בעמ,,,יח`,1,,false,1,9.90,9.90,false,1,
835811007296,true,כפיות אלגנט קרם 50  יח`הנמל,הנמל אריזות ושיווק (1984) בעמ,,,יח`,1,,false,1,9.90,9.90,true,1,
835811007432,true,תבנית אפייה משפחתית מקרטון הנמל) (3,הנמל אריזות ושיווק (1984) בעמ,,,יח`,1,,false,1,8.90,8.90,false,1,
835811007562,true,תבנית קרטון אינגליש קייק הנמל) (6,הנמל אריזות ושיווק (1984) בעמ,,,יח`,1,,false,1,8.90,8.90,false,1,
835811008934,true,מזלגות 50  יח`קרם עבה הנמל,הנמל אריזות ושיווק (1984) בעמ,,,יח`,1,,false,1,15.90,15.90,false,1,
835811008941,true,סכינים 50  יח`שקוף עבה הנמל,הנמל אריזות ושיווק (1984) בעמ,,,יח`,1,,false,1,15.90,15.90,false,1,
835811008958,true,כפיות 50  יח`שקוף עבה הנמל,הנמל אריזות ושיווק (1984) בעמ,,,יח`,1,,false,1,13.90,13.90,false,1,
835811008989,true,כוסות קרטון 50  יח`12OZ הנמל,הנמל אריזות ושיווק (1984) בעמ,,,יח`,1,,false,1,22.90,22.90,false,1,
835811008996,true,כוסות קרטון 50  יח`OZ הנמל,הנמל אריזות ושיווק (1984) בעמ,,,יח`,1,,false,1,19.90,19.90,true,1,
835811009115,true,מגש מלבן שקוף הנמל,הנמל אריזות ושיווק (1984) בעמ,,,יח`,1,,false,1,6,6,false,1,
835811009436,true,צלחות ענק צבע 25  יח`מעורב הנמל,הנמל אריזות ושיווק (1984) בעמ,,,יח`,1,,false,1,25.90,25.90,false,1,
835811009795,true,כוס מרובעת 20  יח`10 OZ פס כסף זהב הנמל,הנמל אריזות ושיווק (1984) בעמ,,,יח`,1,,false,1,18.90,18.90,false,1,
839762000641,true,משקה איילנד 1 ליטר מנגו,טמפו משקאות בעמ,,,יח`,1,1 ליטר,false,1,12.90,12.90,true,1,
839762000658,true,משקה גויאבה איילנד (1 ליטר),טמפו משקאות בעמ,,,יח`,1,1 ליטר,false,1,12.90,12.90,true,1,
845899810725,true,מיקסר ידני BT-1072 BENATON,קונסיגנציה-ד.ש.ש. אלקטרוניקה ב,,,יח`,1,,false,1,89,89,false,1,
850006036028,true,מקלונים בטעם סלק בצל 400 גר` עבאדי,תה ויסוצקי (ישראל) בעמ,,,יח`,400,גרם,false,1,16.90,4.23,true,1,
856591000055,true,עוגיות מזרחיות קריספי עבאדי (400 גרם),תה ויסוצקי (ישראל) בעמ,,,יח`,400,גרם,false,1,16.90,4.23,false,1,
856591000062,true,עוגיות מזרחיות עם מלח עבאדי (400 גרם),תה ויסוצקי (ישראל) בעמ,,,יח`,400,גרם,false,1,16.90,4.23,true,1,
856591000109,true,עוגיות מזרחיות עבאדי 400 גר`,תה ויסוצקי (ישראל) בעמ,,,יח`,400,גרם,false,1,16.90,4.23,false,1,
856591000512,true,עוגיות מזרחיות עבאדי מקלונים פריכים 400,תה ויסוצקי (ישראל) בעמ,,,יח`,400,גרם,false,1,16.90,4.23,true,1,
856591000918,true,מארז חטיף טבעי עבאדי) (8X40,תה ויסוצקי (ישראל) בעמ,,,יח`,320,גרם,false,1,14.90,4.66,false,1,
856591000949,true,עבאדי קטנטנים חטיף טבעי 350 גרם,תה ויסוצקי (ישראל) בעמ,,,יח`,350,גרם,false,1,15.90,4.54,true,1,
856591000956,true,עבאדי קטנטנים חטיף בטעם גריל 350 גרם,תה ויסוצקי (ישראל) בעמ,,,יח`,350,גרם,false,1,15.90,4.54,true,1,
884912102102,true,בלוברי מורנינג אוככמניות 382 גר`,ר.ב מוצרי דגנים בעמ,,,יח`,382,גרם,false,1,25.90,6.78,false,1,
884912117625,true,גולדן פבלס ללא גלוטן פוסט (311 גרם),ר.ב מוצרי דגנים בעמ,,,יח`,311,גרם,false,1,20,6.43,false,1,
884912129512,true,דגני בוקר קוקו פבלס 311 גר .,ר.ב מוצרי דגנים בעמ,,,יח`,311,גרם,false,1,21.90,7.04,false,1,
884912342737,true,פרוטי פבלס ללא גלוטן וופל קריספי 326 גר`,ר.ב מוצרי דגנים בעמ,,,יח`,425,גרם,false,1,22,5.18,false,1,
884912359155,true,האני באנצס האני רוסטד 340 גר`.,ר.ב מוצרי דגנים בעמ,,,יח`,340,גרם,false,1,21.90,6.44,true,1,
884912365200,true,דגני בוקר אוראו 311 גר`,ר.ב מוצרי דגנים בעמ,,,יח`,311,גרם,false,1,22,7.07,false,1,
884912365217,true,דגני בוקר אוראו 311 גר`,ר.ב מוצרי דגנים בעמ,,,יח`,311,גרם,false,1,22,7.07,false,1,
893594002068,true,פופקורנס צ`יפס עם מלח ים .,שטראוס פריטו ליי בעמ,,,יח`,32,גרם,false,1,5.90,18.44,false,1,
1230000068314,false,בשר טחון ביונד מיט 300 גרם,דיפלומט היינץ,,,יח`,300,גרם,false,1,29.90,9.97,false,1,
3014260240226,false,קצף גילוח רגיש 200 מל`,דיפלומט מפיצים (1968) בעמ,,,יח`,200,גרם,false,1,13.90,6.95,false,1,
3014260246693,false,סכין גילוח סימפלי ונוס 2 ג`ילט) (4,פארמה דיל (פ.א.ב.) שיווק והפצה,,,יח`,1,יח`,false,1,9.90,9.90,false,1,
3014260283254,false,סכיני גילוח חד פעמי בלו 2 פלוס ג`ילט) (5,פארמה דיל (פ.א.ב.) שיווק והפצה,,,יח`,1,,false,1,9.90,9.90,false,1,
3014260287030,false,ג`ילט סכיני גילוח חדפ לגבר יבוא מקביל,פארמה דיל (פ.א.ב.) שיווק והפצה,,,יח`,1,,false,1,9.90,9.90,false,1,
3045140105502,false,שוקולד חלב מילקה (100 גרם),דיפלומט היינץ,,,יח`,100,גרם,false,1,6.90,6.90,true,1,
3045140280902,false,מילקה -שוק` חלבי עם צימוקים ואגוזים 100,דיפלומט היינץ,,,יח`,100,גרם,false,1,6.90,6.90,true,1,
3046920027281,false,לינדט אקסלנס קרמלסולט 100 גר`,משה סידס ובנו בעמ,,,יח`,100,גרם,false,1,15.90,15.90,true,1,
3059940007768,false,אירוויק ספריי 240 מל וניל ואורכידאה,רקיט בנקיזר (ניר איסט) בעמ,,,יח`,240,גרם,false,1,9.90,4.13,false,1,
3073781162790,false,גבינה בייבי בל אדום 120 גר`,א. סיימן סחר בעמ,,,יח`,120,גרם,false,1,21.90,18.25,true,1,
3161911229199,false,ממרח חמאה רכה 250 גר,א. סיימן סחר בעמ,,,יח`,250,גרם,false,1,21.90,8.76,true,1,
3161911366429,false,חמאה רכה מלוחה 250 גר,א. סיימן סחר בעמ,,,יח`,250,גרם,false,1,21.90,8.76,true,1,
3178530402353,false,עוגיות מדלן רכות 175 גרם,א. סיימן סחר בעמ,,,יח`,175,גרם,false,1,10.90,6.23,true,1,
3228022910023,false,חמאה צרפתית פריזידאן פרזידנט (200 גרם),נטו מלינדה סחר בעמ,,,יח`,200,גרם,false,1,14.90,7.45,false,1,
3254550033279,false,גבינת קממבר איסיני 250 גר,א. סיימן סחר בעמ,,,יח`,250,גרם,false,1,29.90,11.96,true,1,
3387390320244,false,פיטנס פירות נסטלה (375 גרם),קבוצת אסם סחר שות. מוגבלת,,,יח`,375,גרם,false,1,19.90,5.31,true,1,
3387390525960,false,דגני קראנץ` נסטלה (500 גרם),קבוצת אסם סחר שות. מוגבלת,,,יח`,500,גרם,false,1,19.90,3.98,true,1,
3387390730852,false,פיטנס 375 גר` דגני בוקר,קבוצת אסם סחר שות. מוגבלת,,,יח`,375,גרם,false,1,19.90,5.31,true,1,
3523230026826,false,פירמידה עיזים טבעי 140 גרם,א. סיימן סחר בעמ,,,יח`,140,גרם,false,1,21.90,15.64,true,1,
3563490014898,false,חרדל דיזון לחיץ 265 גר,דיפלומט היינץ,,,יח`,265,גרם,false,1,12.90,4.87,false,1,
3574661203577,false,ליסטרין אדוונס וויט 500 מל-יבוא  מקביל,בית הצעצוע בעמ,,,יח`,500,גרם,false,1,14.90,2.98,true,1,
3574661212524,false,דזיטין קרם החתלה 100 מל,שקד תבל בעמ,,,יח`,100,גרם,false,1,26.90,26.90,false,1,
3574661226491,false,מי פה ליסטרין טוטאל 1 ליטר יבוא מקבי,איינשטיין-צור יבוא-יצוא וסחר ב,,,יח`,1000,גרם,false,1,19.90,1.99,false,1,
3574669908948,false,אל סבון לרחצה עדינה 750 מל גונסון בייבי,ש.שסטוביץ בעמ,,,יח`,750,גרם,false,1,21.90,2.92,false,1,
3574669909204,false,בייבי שמן 300 מל גונסונס,ש.שסטוביץ בעמ,,,יח`,300,גרם,false,1,21.90,7.30,true,1,
3600522344070,false,אלביב מסכת קולור פרוטקט לוריאל (300 מל),לוריאל ישראל קוסמטיקס בעמ,,,יח`,300,גרם,false,1,24.90,8.30,false,1,
3600523605972,false,אלביב מסכה קוקוס 300 מל לוריאל,לוריאל ישראל קוסמטיקס בעמ,,,יח`,300,גרם,false,1,24.90,8.30,false,1,
3600523642489,false,אלביב מסכה 6 שמנים לוריאל (300 מל),לוריאל ישראל קוסמטיקס בעמ,,,יח`,300,גרם,false,1,24.90,8.30,false,1,
3600523651870,false,שמפו ארגנין 500 מל אלביב,לוריאל ישראל קוסמטיקס בעמ,,,יח`,550,גרם,false,1,14.90,2.71,true,1,
3600523651900,false,מרכך ארגנין 550 מל אלביב,לוריאל ישראל קוסמטיקס בעמ,,,יח`,550,גרם,false,1,14.90,2.71,true,1,
3600523652242,false,שמפו קולור 550 מל אלביב,לוריאל ישראל קוסמטיקס בעמ,,,יח`,550,גרם,false,1,14.90,2.71,true,1,
3600523652259,false,מרכך קולור 550 מל אלביב,לוריאל ישראל קוסמטיקס בעמ,,,יח`,550,גרם,false,1,14.90,2.71,true,1,
3600523652280,false,שמפו 6 שמנים 550 מל אלביב,לוריאל ישראל קוסמטיקס בעמ,,,יח`,550,גרם,false,1,14.90,2.71,true,1,
3600523652297,false,מרכך 6 שמנים 550 מל אלביב,לוריאל ישראל קוסמטיקס בעמ,,,יח`,550,גרם,false,1,14.90,2.71,true,1,
3600523755806,false,שמפו קוקוס 550 מל אלביב,לוריאל ישראל קוסמטיקס בעמ,,,יח`,550,גרם,false,1,14.90,2.71,true,1,
3600523756322,false,מרכך קוקוס 550 מל אלביב,לוריאל ישראל קוסמטיקס בעמ,,,יח`,550,גרם,false,1,14.90,2.71,true,1,
3600523782567,false,שמפו דרים לונג 500 מל אלביב,לוריאל ישראל קוסמטיקס בעמ,,,יח`,500,גרם,false,1,14.90,2.98,true,1,
3600523936946,false,מסיכה לשיער אלביב פול רזיסט 300 מל,לוריאל ישראל קוסמטיקס בעמ,,,יח`,300,גרם,false,1,24.90,8.30,false,1,
3600524051570,false,אלביב מסכה לשיער היאלורונית 300 מל,לוריאל ישראל קוסמטיקס בעמ,,,יח`,300,גרם,false,1,24.90,8.30,false,1,
3600541029323,false,מסיר איפור עמיד במים אסנשיאלס 2 ב-1,לוריאל ישראל קוסמטיקס בעמ,,,יח`,200,גרם,false,1,24.90,12.45,true,1,
3600541402270,false,דאודורנט ספריי אינביזיבל פרש,לוריאל ישראל קוסמטיקס בעמ,,,יח`,150,גרם,false,1,11.90,7.93,false,1,
3600541740006,false,גרנייה דאודורנט ספריי 72 שעות,לוריאל ישראל קוסמטיקס בעמ,,,יח`,150,גרם,false,1,11.90,7.93,false,1,
3600541928275,false,מיים מיסלריים דו פאזיים 400 מל גרנייה,לוריאל ישראל קוסמטיקס בעמ,,,יח`,400,גרם,false,1,29.90,7.48,false,1,
3600541937475,false,גרנייה פיור אקטיב 3ב1 ניקוי פנים עם גרג,לוריאל ישראל קוסמטיקס בעמ,,,יח`,150,גרם,false,1,29.90,19.93,false,1,
3600542375801,false,קרם גרנייה פיוראקטיב 3ב1 פחם 150 מל,לוריאל ישראל קוסמטיקס בעמ,,,יח`,150,גרם,false,1,29.90,19.93,false,1,
3600542385268,false,גרניה דאו רולן און אינביזיבל,לוריאל ישראל קוסמטיקס בעמ,,,יח`,50,גרם,false,1,11.90,23.80,false,1,
3600542398206,false,ג`ל ניקוי עם אלוורה 200 מל גרנייה,לוריאל ישראל קוסמטיקס בעמ,,,יח`,200,גרם,false,1,24.90,12.45,true,1,
3600542431828,false,צבע לשיער קולור נטורלס שחור טבעי 1,לוריאל ישראל קוסמטיקס בעמ,,,יח`,112,גרם,false,1,19.90,17.77,false,1,
3600542431835,false,צבע לשיער קולור נטורלס חום כהה מאוד 3,לוריאל ישראל קוסמטיקס בעמ,,,יח`,112,גרם,false,1,19.90,17.77,false,1,
3600542431842,false,צבע לשיער קולור נטורלס חום כהה 4,לוריאל ישראל קוסמטיקס בעמ,,,יח`,112,גרם,false,1,19.90,17.77,false,1,
3600542431859,false,צבע לשיער קולור נטורלס חום טבעי 5,לוריאל ישראל קוסמטיקס בעמ,,,יח`,112,גרם,false,1,19.90,17.77,false,1,
3600542431866,false,צבע לשיער קולור נטורלס חום בהיר 6,לוריאל ישראל קוסמטיקס בעמ,,,יח`,112,גרם,false,1,19.90,17.77,false,1,
3600542431897,false,צבע לשיער קולור נטורלס בלונד בהיר מאוד 9,לוריאל ישראל קוסמטיקס בעמ,,,יח`,112,גרם,false,1,19.90,17.77,false,1,
3600542431903,false,צבע לשיער קולור נטורלס בלונד סופר 10,לוריאל ישראל קוסמטיקס בעמ,,,יח`,112,גרם,false,1,19.90,17.77,false,1,
3600542431934,false,צבע לשיער קולור נטורלס חום אגוז 6.25,לוריאל ישראל קוסמטיקס בעמ,,,יח`,112,גרם,false,1,19.90,17.77,false,1,
3600542431972,false,צבע לשיער קולור נטורלס בהיר אפור 111,לוריאל ישראל קוסמטיקס בעמ,,,יח`,112,גרם,false,1,19.90,17.77,false,1,
3600542432009,false,צבע לשיער קולור חום שוקולד 4.5,לוריאל ישראל קוסמטיקס בעמ,,,יח`,112,גרם,false,1,19.90,17.77,false,1,
3600542432023,false,צבע לשיער קולורנט שחור מעודן 2,לוריאל ישראל קוסמטיקס בעמ,,,יח`,112,גרם,false,1,19.90,17.77,false,1,
3600542433266,false,סרום ויטמין סי 30 מל גרנייה,לוריאל ישראל קוסמטיקס בעמ,,,יח`,1,,false,1,49.90,49.90,false,1,
3607340717635,false,ג`ל רחצה 400 גר` אדידס אייס דייב,דנשר (1963) בעמ,,,יח`,400,גרם,false,1,13.90,3.48,true,1,
3607343817547,false,דאו ספריי לגבר קליימקול 150 מל אדידס,דנשר (1963) בעמ,,,יח`,150,גרם,false,1,12.90,8.60,false,1,
3607347320449,false,ג`ל רחצה 400 גר` אדידס ספורט אנרג`,דנשר (1963) בעמ,,,יח`,400,גרם,false,1,13.90,3.48,true,1,
3614221653715,false,ג`ל רחצה 400 גר` אדידס קליימקול,דנשר (1963) בעמ,,,יח`,400,גרם,false,1,13.90,3.48,true,1,
3614223736003,false,דאו ספריי לגבר אדיפיור 150 מל אדידס,דנשר (1963) בעמ,,,יח`,150,גרם,false,1,12.90,8.60,false,1,
3614224050986,false,דאו ספריי לגבר אדיפיור 150  מל( 72 שעות,דנשר (1963) בעמ,,,יח`,150,גרם,false,1,12.90,8.60,false,1,
3614224056537,false,אדידס דאו ספריי לאשה אדיפאוור 150 מל,דנשר (1963) בעמ,,,יח`,150,גרם,false,1,19.90,13.27,true,1,
3661163991146,false,אדידס דאו ספריי לאישה מקש פרש,דנשר (1963) בעמ,,,יח`,150,גרם,false,1,19.90,13.27,true,1,
3661163991344,false,אדידס דאו ספריי לאשה קליימקול 150 מל,דנשר (1963) בעמ,,,יח`,150,גרם,false,1,19.90,13.27,true,1,
3800020403570,false,קיט קט צ`אנקי לוטוס 42*4 גר`,קבוצת אסם סחר שות. מוגבלת,,,יח`,168,גרם,false,1,13.90,8.27,false,1,
3800020472569,false,קיט קאט צ`אנקי קרמל,קבוצת אסם סחר שות. מוגבלת,,,יח`,43.50,גרם,false,1,2.90,6.67,false,1,
3800020472576,false,קיט קט צ`אנקי לוטוס 42 גר`,קבוצת אסם סחר שות. מוגבלת,,,יח`,42,גרם,false,1,2.90,6.90,false,1,
3800718504947,false,ספוג סקוטש 10 יח`,מ.א.ייצור ויבוא מטליות בעמ,,,יח`,10,יח`,false,1,5,0.50,false,1,
4000351109380,false,שמן קנולה 1 ליטר BROLIO.,המותג-לא פעיל להקלדה,,,יח`,1,1 ליטר,false,1,8.90,8.90,false,1,
4000415004408,false,שוגטן מריר אגוזים 100 גר`,יעד ממתקים בעמ,,,יח`,100,גרם,false,1,5.90,5.90,true,1,
4000415039707,false,שוגטן 100  גר`וניל,יעד ממתקים בעמ,,,יח`,100,גרם,false,1,5.90,5.90,true,1,
4000415040109,false,שוגטן 100  גר`-קרמל,יעד ממתקים בעמ,,,יח`,100,גרם,false,1,5.90,5.90,true,1,
4000415065805,false,שוקולד סאלוט מריר 100 גר`,יעד ממתקים בעמ,,,יח`,100,גרם,false,1,3.90,3.90,true,1,
4000415066000,false,שוקולד סאלוט חלב 100 גר`,יעד ממתקים בעמ,,,יח`,100,גרם,false,1,3.90,3.90,true,1,
4000415111908,false,שוגטן 100 גר`,יעד ממתקים בעמ,,,יח`,100,גרם,false,1,5.90,5.90,true,1,
4000415143800,false,שוגטן 100 גר`,יעד ממתקים בעמ,,,יח`,100,גרם,false,1,5.90,5.90,true,1,
4000415358303,false,שוקו פאן ביסקוויט חמישיות 210 גר`,יעד ממתקים בעמ,,,יח`,210,גרם,false,1,8.90,4.24,true,1,
4000415358501,false,שוקו פאן שביעיות קוקוס 175 גר`,יעד ממתקים בעמ,,,יח`,175,גרם,false,1,8.90,5.09,true,1,
4000415440701,false,שוקו פאן שישיות בוטנים 216 גר`,יעד ממתקים בעמ,,,יח`,216,גרם,false,1,8.90,4.12,true,1,
4000415440909,false,שוקו פאן שישיות קרמל 216 גר`,יעד ממתקים בעמ,,,יח`,216,גרם,false,1,8.90,4.12,true,1,
4000415730109,false,שוגטן מריר אגוזים קצוצים 100 גר`,יעד ממתקים בעמ,,,יח`,100,גרם,false,1,5.90,5.90,true,1,
4000415749606,false,שוגטן יום הולדת 100 גר`,יעד ממתקים בעמ,,,יח`,100,גרם,false,1,5.90,5.90,true,1,
4000415757304,false,שוגטן עוגת גבינה תות 100 גר`,יעד ממתקים בעמ,,,יח`,100,גרם,false,1,5.90,5.90,false,1,
4000415757700,false,שוגטן טארט מוקה 100 גר`,יעד ממתקים בעמ,,,יח`,100,גרם,false,1,5.90,5.90,false,1,
4000415851705,false,שוגטן 100 גר`,יעד ממתקים בעמ,,,יח`,100,גרם,false,1,5.90,5.90,true,1,
4000417019004,false,שוקולד ריטר חלבי אגוזים 100 גר`,ליימן שליסל בעמ,,,יח`,100,גרם,false,1,9.90,9.90,true,1,
4000417023001,false,שוקולד ריטר חלבי שקד 100 גר`,ליימן שליסל בעמ,,,יח`,100,גרם,false,1,9.90,9.90,true,1,
4000417025005,false,שוקולד ריטרמרציפן 100 גר`,ליימן שליסל בעמ,,,יח`,100,גרם,false,1,9.90,9.90,true,1,
4000417101211,false,אמיצ`לי גלילי וופל עם קרם אגוזי לוז בציפ,ליימן שליסל בעמ,,,יח`,150,גרם,false,1,17.90,11.93,false,1,
4000417629616,false,שוקולד ריטר שקדים מקורמלים 100 גר`,ליימן שליסל בעמ,,,יח`,100,גרם,false,1,9.90,9.90,false,1,
4000417692313,false,שוקולד לבן ריטר קינמון קריספי 100 גרם,ליימן שליסל בעמ,,,יח`,100,גרם,false,1,9.90,9.90,false,1,
4000417694119,false,שוקולד ריטר קפה קריספי 100 גר`,ליימן שליסל בעמ,,,יח`,100,גרם,false,1,9.90,9.90,false,1,
4000522009747,false,בייגלה צי`ו מקלות תפוא 80 גר`,ר.ב מוצרי דגנים בעמ,,,יח`,80,גרם,false,1,3.90,4.88,true,1,
4000539280726,false,לינדט אקסלנס מילד 70%,משה סידס ובנו בעמ,,,יח`,100,גרם,false,1,15.90,15.90,true,1,
4000539280740,false,לינדט אקסלנס %78 ( 100 גר`),משה סידס ובנו בעמ,,,יח`,100,גרם,false,1,15.90,15.90,true,1,
4000607850004,false,שוגטן 100 גר`,יעד ממתקים בעמ,,,יח`,100,גרם,false,1,5.90,5.90,true,1,
4000607851001,false,שוגטן חלב אגוזים 100 גר`,יעד ממתקים בעמ,,,יח`,100,גרם,false,1,5.90,5.90,true,1,
4000607852008,false,שוגטן 100 גר`,יעד ממתקים בעמ,,,יח`,100,גרם,false,1,5.90,5.90,true,1,
4000607854705,false,שוגטן במילוי תות 100 גר`,יעד ממתקים בעמ,,,יח`,100,גרם,false,1,5.90,5.90,true,1,
4002720005736,false,קפה פילטר מליטה פרימיום 250 גר,דנשר (1963) בעמ,,,יח`,250,גרם,false,1,17.90,7.16,false,1,
4004666042004,false,מרסס נגד עובש מלרוד,יעקב יעקבי ובניו בעמ,,,יח`,750,גרם,false,1,29.90,3.99,false,1,
4005808128273,false,ג`ל רחצה לגבר אנרג`י,אלפא- ב.ד.ף בעמ,,,יח`,500,גרם,false,1,14.90,2.98,true,1,
4005808293469,false,דאודורנט ספריי יבש לגבר 150 מל,אלפא- ב.ד.ף בעמ,,,יח`,150,גרם,false,1,14.90,9.93,true,1,
4005808366392,false,שפתון ליובש כחול קלאסי לבלו,אלפא- ב.ד.ף בעמ,,,יח`,1,,false,1,11.90,11.90,true,1,
4005808368280,false,שפתון ליובש דובדבן לבלו,אלפא- ב.ד.ף בעמ,,,יח`,100,גרם,false,1,11.90,11.90,true,1,
4005808502004,false,שפתון לבלו ורוד ספוט בליסטר,אלפא- ב.ד.ף בעמ,,,יח`,1,,false,1,11.90,11.90,true,1,
4005808515554,false,קרם רב שימושי סופר ניוואה 300 מל,אלפא- ב.ד.ף בעמ,,,יח`,300,גרם,false,1,34.90,11.63,true,1,
4005808702107,false,קרם גוף לעור יבש 500 מל ניוואה.,אלפא- ב.ד.ף בעמ,,,יח`,500,גרם,false,1,19.90,3.98,false,1,
4005808801053,false,ניוואה קרם רב שימושי 250 מל יבוא מקביל,פארמה דיל (פ.א.ב.) שיווק והפצה,,,יח`,250,גרם,false,1,15.90,6.36,false,1,
4005808811700,false,ניוואה ג`ל ניקוי לפנים לעור שמן/מעורב 15,אלפא- ב.ד.ף בעמ,,,יח`,150,גרם,false,1,29.90,19.93,true,1,
4005808850723,false,שפתון ליובש תות שדה לבלו,אלפא- ב.ד.ף בעמ,,,יח`,100,גרם,false,1,11.90,11.90,true,1,
4005808850907,false,שפתון ליובש הידרו קייר בליסטר,אלפא- ב.ד.ף בעמ,,,יח`,100,גרם,false,1,11.90,11.90,true,1,
4005808890507,false,ניוואה קרם סופט רב שימושי 200 מל יבוא,פארמה דיל (פ.א.ב.) שיווק והפצה,,,יח`,200,גרם,false,1,15.90,7.95,false,1,
4005900036506,false,רול און בלק אנד ווייט לגבר,אלפא- ב.ד.ף בעמ,,,יח`,50,גרם,false,1,12.90,25.80,true,1,
4005900485243,false,דאודורנט רול און דריי פרש לגבר 50 מל,אלפא- ב.ד.ף בעמ,,,יח`,50,גרם,false,1,12.90,25.80,true,1,
4005900513069,false,דאודורנט רול-און לגבר DEEP,אלפא- ב.ד.ף בעמ,,,יח`,50,גרם,false,1,12.90,25.80,true,1,
4005900648181,false,ניוואה תחליב רחצה אלוורה 750 מל,אלפא- ב.ד.ף בעמ,,,יח`,750,גרם,false,1,14.90,1.99,true,1,
4005900683908,false,שפתון ליובש לבלו סקראב רוז היפ בליסטר,אלפא- ב.ד.ף בעמ,,,יח`,1,,false,1,11.90,11.90,true,1,
4005900816115,false,דאודורנט רול-און לאישה יבש,אלפא- ב.ד.ף בעמ,,,יח`,100,גרם,false,1,12.90,12.90,true,1,
4005900835642,false,ניוואה חימר קאולין 3ב1 ניקוי מסכה פילינג,אלפא- ב.ד.ף בעמ,,,יח`,150,גרם,false,1,34.90,23.27,true,1,
4005900874962,false,דאודורנט רול און דיפ ביט לגבר 50 מל,אלפא- ב.ד.ף בעמ,,,יח`,50,גרם,false,1,12.90,25.80,true,1,
4006529002170,false,עוגיות גולד רינג,יעד ממתקים בעמ,,,יח`,400,גרם,false,1,8.90,2.23,false,1,
4008287051032,false,קרומבאכר פילס פחית בודד 500 מל,אגודת הכורמים,,,יח`,500,גרם,false,1,9.90,1.92,true,1,
4008287058161,false,בירה קרומבאכר פילס בקבוק 6* 330,אגודת הכורמים,,,יח`,1980,גרם,false,1,29.90,1.42,false,1,
4008287762020,false,קרומבאכר חיטה בקבוק בודד 500 מל,אגודת הכורמים,,,יח`,500,גרם,false,1,9.90,1.92,true,1,
4008287905786,false,קרומבאכר חיטה פחית בודד 500 מל,אגודת הכורמים,,,יח`,500,גרם,false,1,9.90,1.92,true,1,
4009300522935,false,תה ירוק לימונית ולואיזה פומפדור) (20,ש.שסטוביץ בעמ,,,יח`,30,גרם,false,1,16.90,56.33,true,1,
4009300522966,false,תה ירוק עם נענע פומפדור) (20,ש.שסטוביץ בעמ,,,יח`,30,גרם,false,1,16.90,56.33,true,1,
4009300525684,false,חליטת צמחים ג`ינג`ר לימון פומפדור) (20,ש.שסטוביץ בעמ,,,יח`,35,גרם,false,1,15.90,45.43,true,1,
4009300526438,false,תה ירוק קלאסי פומפדור) (20,ש.שסטוביץ בעמ,,,יח`,1,,false,1,16.90,16.90,true,1,
4009300527909,false,תה חליטת ג`יניג`ר כורכום,ש.שסטוביץ בעמ,,,יח`,40,גרם,false,1,15.90,39.75,true,1,
4009300530183,false,חליטת תפוז ספרדי פומפדור) (44,ש.שסטוביץ בעמ,,,יח`,1,,false,1,15.90,15.90,false,1,
4009300530206,false,פומפדור חליטת תפוח טורקי) (50,ש.שסטוביץ בעמ,,,יח`,1,,false,1,15.90,15.90,false,1,
4009900013581,false,מסטיק אורביט סטיקס מארז חמישייה ללס בטע,מרס ריגלי ישראל בעמ,,,יח`,1,,false,1,9.90,9.90,false,1,
4009900402965,false,מסטיק אורביט וויט בטעם פירות ללס,מרס ריגלי ישראל בעמ,,,יח`,1,,false,1,10.90,10.90,true,1,
4009900403023,false,מסטיק אורביט וויט בטעם מנטה ללס,מרס ריגלי ישראל בעמ,,,יח`,1,,false,1,10.90,10.90,true,1,
4009900420129,false,מסטיק אורביט פרופשיונל מנטה חזקה ללס,מרס ריגלי ישראל בעמ,,,יח`,1,,false,1,10.90,10.90,true,1,
4009900426039,false,מסטיק איירוויבז בטעם מנטה אקליפטוס ללס,מרס ריגלי ישראל בעמ,,,יח`,1,,false,1,10.90,10.90,true,1,
4009900479998,false,מסטיק אורביט בטעם אוכמניות ללס,מרס ריגלי ישראל בעמ,,,יח`,1,,false,1,10.90,10.90,true,1,
4009900482417,false,מסטיק אורביט בטעם פירות ומנטה ללס,מרס ריגלי ישראל בעמ,,,יח`,1,,false,1,10.90,10.90,true,1,
4009900483803,false,מסטיק אירויבז בטעם מנטה אקליפטוס ללס אר,מרס ריגלי ישראל בעמ,,,יח`,84,גרם,false,1,13,15.48,false,1,
4009900484060,false,מסטיק אורביט בטעם מנטה חזקה ללס אריזה מ,מרס ריגלי ישראל בעמ,,,יח`,84,גרם,false,1,13,15.48,false,1,
4009900484091,false,מסטיק אורביט בטעם מנטה עדינה ללס אריזה,מרס ריגלי ישראל בעמ,,,יח`,84,גרם,false,1,13,15.48,false,1,
4009900484305,false,מסטיק אורביט בטעם מנטה מתוקה ללס אריזה,מרס ריגלי ישראל בעמ,,,יח`,84,גרם,false,1,13,15.48,false,1,
4009900487283,false,מסטיק אורביט סטיקס מארז חמישייה ללס בטע,מרס ריגלי ישראל בעמ,,,יח`,1,,false,1,9.90,9.90,false,1,
4009900491044,false,מסטיק אירוויבז בטעם מנטה אוכמניות ללס,מרס ריגלי ישראל בעמ,,,יח`,84,גרם,false,1,13,15.48,false,1,
4009900496247,false,מסטיק אורביט בטעם פירות ומנטה ללס אריזה,מרס ריגלי ישראל בעמ,,,יח`,84,גרם,false,1,13,15.48,false,1,
4009900500166,false,סקיטלס פירות בקבוק 125 גר,מרס ריגלי ישראל בעמ,,,יח`,125,גרם,false,1,8.90,7.12,true,1,
4009900509770,false,מסטיק אורביט בטעם תות ללס אריזה מוגדלת,מרס ריגלי ישראל בעמ,,,יח`,1,,false,1,13,13,false,1,
4009900521581,false,סוכריות אורביט בטעם מנטה ללס,מרס ריגלי ישראל בעמ,,,יח`,0,גרם,false,1,10,10,true,1,
4009900531122,false,מסטיק אורביט פרופשיונל בטעם מנטה עדינה ל,מרס ריגלי ישראל בעמ,,,יח`,1,,false,1,10.90,10.90,true,1,
4009900535519,false,מסטיק אורביט רפרשרס בטעם מנטה ללס אריזה,מרס ריגלי ישראל בעמ,,,יח`,15.60,גרם,false,1,3.90,25,true,1,
4009900536257,false,מסטיק אורביט רפרשרס בטעם מנטה ללס,מרס ריגלי ישראל בעמ,,,יח`,67,גרם,false,1,11.90,17.76,true,1,
4009900539401,false,מסטיק פייב באונס בטעם מנטה אישית,מרס ריגלי ישראל בעמ,,,יח`,14.40,גרם,false,1,3.90,27.08,false,1,
4009900539432,false,מסטיק פייב באונס בטעם אבטיח אישית,מרס ריגלי ישראל בעמ,,,יח`,14.40,גרם,false,1,3.90,27.08,false,1,
4009900539685,false,מסטיק פייב באונס בטעם מנטה בקבוקון,מרס ריגלי ישראל בעמ,,,יח`,67,גרם,false,1,11.90,17.76,true,1,
4009900540551,false,מסטיק אורביט רפרשרס טרופיקל,מרס ריגלי ישראל בעמ,,,יח`,67,גרם,false,1,11.90,17.76,true,1,
4011800567613,false,חטיף קורני שחור לבן רביעייה,משה סידס ובנו בעמ,,,יח`,120,גרם,false,1,9.90,8.25,false,1,
4011800577810,false,חטיף קורני שישייה פרי נוגט,משה סידס ובנו בעמ,,,יח`,120,גרם,false,1,9.90,8.25,false,1,
4011800628512,false,חטיף קורני שישייה שוקולדה,משה סידס ובנו בעמ,,,יח`,150,גרם,false,1,9.90,6.60,false,1,
4011800630515,false,חטיף קורני שישייה שוקולד חלבי ובננה,משה סידס ובנו בעמ,,,יח`,150,גרם,false,1,9.90,6.60,false,1,
4011800633516,false,חטיף קורני שישייה שוקולד מריר,משה סידס ובנו בעמ,,,יח`,150,גרם,false,1,9.90,6.60,false,1,
4011800636517,false,קורני פרי ללתס חטיף דגנים+שוקולד 6 יח`,משה סידס ובנו בעמ,,,יח`,120,גרם,false,1,9.90,8.25,false,1,
4014400901191,false,מרסי 250 גר`,ליימן שליסל בעמ,,,יח`,250,גרם,false,1,24.90,9.96,false,1,
4014400904277,false,סוכריות אייס פרש שטורק (425 גרם),ליימן שליסל בעמ,,,יח`,425,גרם,false,1,14.90,3.51,false,1,
4014400904376,false,סוכריות שטורק שוקולדן 325 גר`,ליימן שליסל בעמ,,,יח`,325,גרם,false,1,14.90,4.58,false,1,
4014400904390,false,סוכריות שטורק וולמיש 325 גר`,ליימן שליסל בעמ,,,יח`,325,גרם,false,1,14.90,4.58,false,1,
4014400913910,false,וורטרס אורגינל קרימי,ליימן שליסל בעמ,,,יח`,125,גרם,false,1,8.90,7.12,true,1,
4014400914696,false,וורטר שקית חמאה ללס 80 גר`,ליימן שליסל בעמ,,,יח`,80,גרם,false,1,8.90,11.13,true,1,
4014400914924,false,וורטר ללס קפה 80 גר`,ליימן שליסל בעמ,,,יח`,80,גרם,false,1,8.90,11.13,true,1,
4014400920857,false,וורטר ללס בטעם שוקולד 70גר`,ליימן שליסל בעמ,,,יח`,70,גרם,false,1,8.90,12.71,true,1,
4014400925319,false,פופקרן קרמל 140  גר`וורטר,ליימן שליסל בעמ,,,יח`,140,גרם,false,1,14.90,10.64,false,1,
4015000031394,false,ספטיל 200 מל מסיר כתמים,גורי שיווק בעמ,,,יח`,200,גרם,false,1,15.90,7.95,false,1,
4015400564034,false,מגן תחתון אולווייז מגה פק לונג פלוס 58 י,דיפלומט מפיצים (1968) בעמ,,,יח`,1,,false,1,19.90,19.90,true,1,
4015400564454,false,מגן תחתון אולוויז מגה פק  לארג`68 יח,דיפלומט מפיצים (1968) בעמ,,,יח`,1,,false,1,19.90,19.90,true,1,
4015400598411,false,תחבושות לילה אולווייז) (40,דיפלומט מפיצים (1968) בעמ,,,יח`,1,,false,1,35.90,35.90,true,1,
4015400681670,false,תחבושות לילה בטוח אולווייז) (18,דיפלומט מפיצים (1968) בעמ,,,יח`,1,,false,1,19.90,19.90,true,1,
4015400690405,false,טמפקס קומפאק פרל סופר 18 יח,דיפלומט מפיצים (1968) בעמ,,,יח`,1,,false,1,21.90,21.90,true,1,
4015400731719,false,תחבושות לילה וליו פק אולווייז) (20,דיפלומט מפיצים (1968) בעמ,,,יח`,1,,false,1,19.90,19.90,true,1,
4015400746812,false,מגן תחתון אולווייז מגה פק נורמל 80 יח`,דיפלומט מפיצים (1968) בעמ,,,יח`,1,,false,1,19.90,19.90,true,1,
4015400990482,false,אבקת כביסה אריאל קולור 3 קג,דיפלומט מפיצים (1968) בעמ,,,יח`,3000,גרם,false,1,34.90,1.16,false,1,
4015400990543,false,אבקת כביסה אריאל קולור 8 קג,דיפלומט מפיצים (1968) בעמ,,,יח`,8,"ק""ג",false,1,59.90,7.49,true,1,
4015600762742,false,הד אנד שולדרס שמפו 500 מל כחול,דיפלומט מפיצים (1968) בעמ,,,יח`,500,גרם,false,1,19.90,3.98,true,1,
4015600762780,false,הד אנד שולדרס שמפו 500 מל,דיפלומט מפיצים (1968) בעמ,,,יח`,500,גרם,false,1,19.90,3.98,true,1,
4015600763022,false,הד אנד שולדרס שמפו 500 מל ורוד,דיפלומט מפיצים (1968) בעמ,,,יח`,500,גרם,false,1,19.90,3.98,true,1,
4017100198151,false,היט עוגיות וניל בלזן (220 גרם),ליימן שליסל בעמ,,,יח`,220,גרם,false,1,9.90,4.50,true,1,
4022025001905,false,בלו ווין מבעבע זהב 750 מל כשר,היכל היין שקד גולן בעמ,,,יח`,750,גרם,false,1,54.90,7.28,true,1,
4022025261002,false,בלו ווין גוורצטאמניר 750 מל,היכל היין שקד גולן בעמ,,,יח`,750,גרם,false,1,49.90,6.61,true,1,
4025700001023,false,שוקולד חלב עם אגוזים מילקה (100 גרם),דיפלומט היינץ,,,יח`,100,גרם,false,1,6.90,6.90,true,1,
4025700001962,false,שוקולד לבן מילקה (100 גרם),דיפלומט היינץ,,,יח`,100,גרם,false,1,6.90,6.90,true,1,
4033100013348,false,ל.ד כחול בודד,גלוברנדס בעמ - שיווק סיגריות,,,יח`,1,,false,1,32,32,true,1,
4033100013355,false,ל.ד כחול פאקט,גלוברנדס בעמ - שיווק סיגריות,,,יח`,1,,false,1,265,265,false,1,
4033100014468,false,ל.ד אדום בודד,גלוברנדס בעמ - שיווק סיגריות,,,יח`,1,,false,1,32,32,true,1,
4033100014475,false,אל די אדום פאקט) (200,גלוברנדס בעמ - שיווק סיגריות,,,יח`,1,,false,1,265,265,false,1,
4033100014499,false,ל.ד כחול סודד,גלוברנדס בעמ - שיווק סיגריות,,,יח`,1,,false,1,32,32,true,1,
4033100014505,false,פאקט ל.ד כחול,גלוברנדס בעמ - שיווק סיגריות,,,יח`,1,,false,1,265,265,false,1,
4033100014529,false,ל.ד סלימס בודד,גלוברנדס בעמ - שיווק סיגריות,,,יח`,1,,false,1,29,29,true,1,
4033100014536,false,פאקט ל.ד סלימס,גלוברנדס בעמ - שיווק סיגריות,,,יח`,1,,false,1,245,245,false,1,
4033100024146,false,סיגריות ווינסטון קוד בודד,גלוברנדס בעמ - שיווק סיגריות,,,יח`,1,,false,1,32,32,true,1,
4033100024252,false,סיגריות ווינסטון אקווה בודד,גלוברנדס בעמ - שיווק סיגריות,,,יח`,1,,false,1,32,32,true,1,
4033100046490,false,סיגריות ווינסטון אקווה ארוך בודד,גלוברנדס בעמ - שיווק סיגריות,,,יח`,1,,false,1,32,32,true,1,
4033100064036,false,וינסטון כחול טבק  לגלגול- בודד,גלוברנדס בעמ - שיווק סיגריות,,,יח`,1,,false,1,66.50,66.50,false,1,
4056800649792,false,וולפלקס מוס לנפח  ליומיים( 200 מל),דיפלומט מפיצים (1968) בעמ,,,יח`,200,גרם,false,1,25.90,12.95,false,1,
4064666232386,false,וולפלקס ספריי לעיצוב אולטרה גמיש 250 מל,דיפלומט מפיצים (1968) בעמ,,,יח`,250,גרם,false,1,27.90,11.16,false,1,
4066600601920,false,פאולנר פחית 500 מל,טמפו משקאות בעמ,,,יח`,500,גרם,false,1,9.90,1.92,false,1,
4066600999614,false,פאולנר 500 מל,טמפו משקאות בעמ,,,יח`,500,גרם,false,1,10.90,2.12,true,1,
4079400182742,false,בירה פילסנר 4.9% שישייה בקבוק 330 מל,אבאל יזמות בעמ,,,יח`,1.98,1 ליטר,false,1,29.90,14.19,true,1,
4079400330129,false,בירה וולטרס (500 מל),אבאל יזמות בעמ,,,יח`,500,גרם,false,1,5.90,1.12,true,1,
4079400382753,false,בירה וולטרס בק`,אבאל יזמות בעמ,,,יח`,1.98,1 ליטר,false,1,5.90,2.83,false,1,
4084500065598,false,קרם לחות לתלתלים פנטן (300 מל),דיפלומט מפיצים (1968) בעמ,,,יח`,300,גרם,false,1,19.90,6.63,true,1,
4084500088917,false,נוזל לניקוי כלים לימון פיירי (650 מל),דיפלומט מפיצים (1968) בעמ,,,יח`,650,גרם,false,1,10.90,1.68,true,1,
4084500739253,false,אורל בי משחת שיניים לובן מהודר,דיפלומט מפיצים (1968) בעמ,,,יח`,75,גרם,false,1,29.90,39.87,true,1,
4084500853553,false,נוזל כלים אורגינל פיירי (650 מל),דיפלומט מפיצים (1968) בעמ,,,יח`,650,גרם,false,1,10.90,1.68,true,1,
4084500853836,false,פיירי ורדים ומשי 515 מל,דיפלומט מפיצים (1968) בעמ,,,יח`,515,גרם,false,1,10.90,2.12,true,1,
4084500853898,false,פיירי אלוורה ומלפפונים 515 מל,דיפלומט מפיצים (1968) בעמ,,,יח`,515,גרם,false,1,10.90,2.12,true,1,
4105120623941,false,בירה ויינשטפן בקבוק 500 מל,החברה המרכזית להפצת משקאות בעמ,,,יח`,500,גרם,false,1,11.90,2.32,false,1,
4260147890513,false,איטריות ביצים דקות 500 גר`,דין שיווק וקליה 2021 בעמ,,,יח`,500,גרם,false,1,10.90,2.18,true,1,
4260147890551,false,איטריות ביצים רצועות 500 גר`,דין שיווק וקליה 2021 בעמ,,,יח`,500,גרם,false,1,10.90,2.18,true,1,
4600659010854,false,וודקה סטוליצ`יניה (700 מל),הכרם - משקאות חריפים בעמ,,,יח`,700,גרם,false,1,79.90,11.37,true,1,
4603400000043,false,וודקה רוסקי יורוסטנדרט (700 מל),יורוסטנדרט בעמ,,,יח`,700,גרם,false,1,59.90,8.51,false,1,
4605561010305,false,פילה הרינג עם שמיר בשמן חתיכות 500 גר`,דילר בי.אמ.די פורמולה בעמ,,,יח`,500,גרם,false,1,26.90,5.38,true,1,
4605561012613,false,פילה הרינג (קצוץ) בשמן 400 גר`,דילר בי.אמ.די פורמולה בעמ,,,יח`,400,גרם,false,1,15.90,3.98,true,1,
4640018993398,false,פיניש קוואנטום 60 קפסולות שקית,רקיט בנקיזר (ניר איסט) בעמ,,,יח`,1,,false,1,59.90,59.90,true,1,
4712892880221,false,קיסמי וולטרס פירמום(דגם  חדיש),קונסיגנציה- ש. י גיספאן 1993,,,יח`,1,,false,1,14.90,14.90,false,1,
4796019790020,false,שמן קוקוס אורגני כבישה קרה גרין קוקו 500,נטורפוד בעמ,,,יח`,1,,false,1,29.90,29.90,false,1,
4800888150080,false,דאודורנט רול און מלפפונים דאב (50 מל),יוניליוור ישראל שיווק בעמ,,,יח`,50,גרם,false,1,14.90,29.80,false,1,
4800888219510,false,דאודורנט סטיק מלפפונים דאב (50 גרם),יוניליוור ישראל שיווק בעמ,,,יח`,50,גרם,false,1,14.90,29.80,false,1,
4800888219527,false,דאב סטיק אינביזיבל 50 גרם),יוניליוור ישראל שיווק בעמ,,,יח`,50,גרם,false,1,14.90,29.80,true,1,
4800888219534,false,דאב סטיק אורגינל (50 גרם),יוניליוור ישראל שיווק בעמ,,,יח`,50,גרם,false,1,14.90,29.80,false,1,
4810168000066,false,פילה דג הרינג מלוח מצונן עם תבלין 250 גר,דילר בי.אמ.די פורמולה בעמ,,,יח`,250,גרם,false,1,13.90,5.56,true,1,
4810168000998,false,פילה דג הרינג עם בצל 260 גר`,דילר בי.אמ.די פורמולה בעמ,,,יח`,260,גרם,false,1,17.90,6.88,true,1,
4810168001056,false,פילה דג הרינג מלוח מצונן 260 גר`,דילר בי.אמ.די פורמולה בעמ,,,יח`,260,גרם,false,1,17.90,6.88,true,1,
4810168024512,false,פילה דג הרינג עם תבלין 260 גר`,דילר בי.אמ.די פורמולה בעמ,,,יח`,260,גרם,false,1,17.90,6.88,true,1,
4810168047368,false,בצק שמרים עלים מרודד מוקפא 450 גר`,דילר בי.אמ.די פורמולה בעמ,,,יח`,450,גרם,false,1,8.90,1.98,true,1,
4810168049959,false,בלינצ`ס במילוי גבינת טובורג מוקפא 360 גר,דילר בי.אמ.די פורמולה בעמ,,,יח`,360,גרם,false,1,12.90,3.58,true,1,
4810168049966,false,בלינצ`ס במילוי דובדבן מוקפא 360 גר`,דילר בי.אמ.די פורמולה בעמ,,,יח`,360,גרם,false,1,12.90,3.58,true,1,
4810168055004,false,כיסונים במילוי אוכמניות כחולות מוקפאים 4,דילר בי.אמ.די פורמולה בעמ,,,יח`,450,גרם,false,1,19.90,4.42,true,1,
4810168055011,false,כיסונים במילוי גבינת טבורוג מוקפאים 450,דילר בי.אמ.די פורמולה בעמ,,,יח`,450,גרם,false,1,15.90,3.53,true,1,
4810168055875,false,פילה דג הרינג מתובל מומלח בשמן מעד,דילר בי.אמ.די פורמולה בעמ,,,"ק""ג",1000,גרם,true,1,50,5,false,1,
4810168055882,false,פילה דג הרינג מומלח בשמן מצונן מעדנ,דילר בי.אמ.די פורמולה בעמ,,,"ק""ג",1000,גרם,true,1,50,5,false,1,
4810168055905,false,פילה דג הרינג סקנדינבי ממולח בשמן מ,דילר בי.אמ.די פורמולה בעמ,,,"ק""ג",1000,גרם,true,1,50,5,false,1,
4810168056964,false,בלינצ`ס במילוי ממרח קקאו אגוזי לוז מוקפא,דילר בי.אמ.די פורמולה בעמ,,,יח`,360,גרם,false,1,12.90,3.58,true,1,
4810168057435,false,חתיכות פילה דג הרינג מלוח בשמן 400 גר`,דילר בי.אמ.די פורמולה בעמ,,,יח`,400,גרם,false,1,26.90,6.73,true,1,
4810168057510,false,חתיכות פילה דג הרינג מתובל מלוח בשמן 400,דילר בי.אמ.די פורמולה בעמ,,,יח`,400,גרם,false,1,26.90,6.73,true,1,
4810168058548,false,פילה דג הרינג סקנדינבי מלוח בשמן,דילר בי.אמ.די פורמולה בעמ,,,"ק""ג",1000,גרם,true,1,50,5,false,1,
4810168058999,false,פילה דג הרינג סקנדיבי מלוח מצונן 250 גר`,דילר בי.אמ.די פורמולה בעמ,,,יח`,250,גרם,false,1,13.90,5.56,true,1,
4823077602863,false,סוכריות ג`לי רושן קרייזי פצ`ולקה 200 ג,דילר בי.אמ.די.אינטרנשויונל בעמ,,,יח`,200,גרם,false,1,6.90,3.45,false,1,
4823077613203,false,שוקולד רושן מריר עם אגוז שלם 90 גר`,דילר בי.אמ.די.אינטרנשויונל בעמ,,,יח`,90,גרם,false,1,7.90,8.78,true,1,
4823077613630,false,חטיף שוקולד רושן ממולה קרם בורלה 43 גר`,דילר בי.אמ.די.אינטרנשויונל בעמ,,,יח`,43,גרם,false,1,3.90,9.07,true,1,
4823077614675,false,ביסקוויט לקפה רושן בטעם חלב 185 גר`,דילר בי.אמ.די.אינטרנשויונל בעמ,,,יח`,185,גרם,false,1,3.90,2.11,true,1,
4823077614699,false,ביסקוויט לקפה רושן בטעם חמאה וניל 185 גר,דילר בי.אמ.די.אינטרנשויונל בעמ,,,יח`,185,גרם,false,1,3.90,2.11,true,1,
4823077617041,false,חטיף שוקולד רושן ממולה קרם קרמל 43 גר`,דילר בי.אמ.די.אינטרנשויונל בעמ,,,יח`,43,גרם,false,1,3.90,9.07,true,1,
4823077618161,false,גליליות רושן קונאפטו חלב 140 גר`,דילר בי.אמ.די.אינטרנשויונל בעמ,,,יח`,140,גרם,false,1,6.90,4.93,true,1,
4823077618901,false,בונבוניירה רושן ליקר רום 150 גר`,דילר בי.אמ.די.אינטרנשויונל בעמ,,,יח`,150,גרם,false,1,12.90,8.60,true,1,
4823077621635,false,וופל רושן בטעם חלב 72 גר`,דילר בי.אמ.די.אינטרנשויונל בעמ,,,יח`,72,גרם,false,1,3.90,5.42,true,1,
4823077621642,false,וופל רושן בטעם שוקולד 72 גר`,דילר בי.אמ.די.אינטרנשויונל בעמ,,,יח`,72,גרם,false,1,3.90,5.42,true,1,
4823077621659,false,וופל רושן בטעם אגוז 72 גר`,דילר בי.אמ.די.אינטרנשויונל בעמ,,,יח`,72,גרם,false,1,3.90,5.42,true,1,
4823077623684,false,סוכריות ממולאות בקרם בטעם חלב 150 גר`,דילר בי.אמ.די.אינטרנשויונל בעמ,,,יח`,150,גרם,false,1,4.90,3.27,false,1,
4823077623714,false,סוכריות טופי ממולאים בטעם חלב 150 גר`,דילר בי.אמ.די.אינטרנשויונל בעמ,,,יח`,150,גרם,false,1,6.90,4.60,false,1,
4823077624223,false,סוכריות ג`לי בוני פרוט בטעמי פירות 200,דילר בי.אמ.די.אינטרנשויונל בעמ,,,יח`,200,גרם,false,1,6.90,3.45,true,1,
4823077624247,false,סוכריות ג`לי בוני פרוט בטעם הדרים 200,דילר בי.אמ.די.אינטרנשויונל בעמ,,,יח`,200,גרם,false,1,6.90,3.45,true,1,
4823077625145,false,בונבוניירה רושן ליקר שרי 155 גר`,דילר בי.אמ.די.אינטרנשויונל בעמ,,,יח`,155,גרם,false,1,12.90,8.32,true,1,
4823077625589,false,וופל רושן בטעם חלב 216 גר`,דילר בי.אמ.די.אינטרנשויונל בעמ,,,יח`,216,גרם,false,1,6.90,3.19,true,1,
4823077625602,false,וופל רושן בטעם שוקולד 216 גר`,דילר בי.אמ.די.אינטרנשויונל בעמ,,,יח`,216,גרם,false,1,6.90,3.19,true,1,
4823077625626,false,וופל רושן בטעם אגוז 216 גר`,דילר בי.אמ.די.אינטרנשויונל בעמ,,,יח`,216,גרם,false,1,6.90,3.19,true,1,
4823077626227,false,שוקולד אורירי חלב 80 גר`,דילר בי.אמ.די.אינטרנשויונל בעמ,,,יח`,80,גרם,false,1,6.90,8.63,true,1,
4823077626241,false,שוקולד רושן אורירי לבן קרמל 80 גר`,דילר בי.אמ.די.אינטרנשויונל בעמ,,,יח`,80,גרם,false,1,6.90,8.63,true,1,
4823077630422,false,סנדוויץ קרקר חלב וניל רושן 235 גר`,דילר בי.אמ.די.אינטרנשויונל בעמ,,,יח`,235,גרם,false,1,8.90,3.79,true,1,
4823077630439,false,סנדוויץ קרקר שוקולד רושן 235 גר`,דילר בי.אמ.די.אינטרנשויונל בעמ,,,יח`,235,גרם,false,1,9.90,4.21,true,1,
4823077631467,false,קרקר עם מלח ים רושן 168 גר`,דילר בי.אמ.די.אינטרנשויונל בעמ,,,יח`,168,גרם,false,1,4.90,2.92,true,1,
4823077631474,false,קרקר קלאסי רושן 168 גר`,דילר בי.אמ.די.אינטרנשויונל בעמ,,,יח`,168,גרם,false,1,4.90,2.92,true,1,
4823077631863,false,גליליות רושן קונאפטו וניל 140 גר`,דילר בי.אמ.די.אינטרנשויונל בעמ,,,יח`,140,גרם,false,1,6.90,4.93,true,1,
4823077632112,false,וופל רושן בטעם קקאו חלב 216 גר`,דילר בי.אמ.די.אינטרנשויונל בעמ,,,יח`,216,גרם,false,1,6.90,3.19,true,1,
4823077632259,false,חטיף שוקולד רושן עם בוטנים 38 גר`,דילר בי.אמ.די.אינטרנשויונל בעמ,,,יח`,38,גרם,false,1,3.90,10.26,true,1,
4823077632570,false,שוקולד רושן מריר 85  גר`BRUT,דילר בי.אמ.די.אינטרנשויונל בעמ,,,יח`,85,גרם,false,1,6.90,8.12,true,1,
4823077632594,false,שוקולד רושן חלב עם אגוז שלם 90  גר`LACMI,דילר בי.אמ.די.אינטרנשויונל בעמ,,,יח`,90,גרם,false,1,7.90,8.78,true,1,
4823077633034,false,גליליות רושן קונאפטו קקאו 140 גר`,דילר בי.אמ.די.אינטרנשויונל בעמ,,,יח`,140,גרם,false,1,6.90,4.93,true,1,
4823077633058,false,גליליות רושן קונאפטו אגוז 140 גר`,דילר בי.אמ.די.אינטרנשויונל בעמ,,,יח`,140,גרם,false,1,6.90,4.93,true,1,
4823077633317,false,עוגיות שוקולד עם חתיכות שוקולד 150 גר`,דילר בי.אמ.די.אינטרנשויונל בעמ,,,יח`,150,גרם,false,1,6.90,4.60,true,1,
4823077633324,false,עוגיות שוקוצ`יפס 150 גר`,דילר בי.אמ.די.אינטרנשויונל בעמ,,,יח`,150,גרם,false,1,6.90,4.60,true,1,
4823077633331,false,עוגיות רושן בטעם תפוז 150 גר`,דילר בי.אמ.די.אינטרנשויונל בעמ,,,יח`,150,גרם,false,1,6.90,4.60,true,1,
4823077633348,false,עוגיות רושן עם חתיכות בוטנים 150 גר`,דילר בי.אמ.די.אינטרנשויונל בעמ,,,יח`,150,גרם,false,1,6.90,4.60,true,1,
4823077633508,false,וופל ROSHETTO במילוי קרם קקאו מצופה 34 ג,דילר בי.אמ.די.אינטרנשויונל בעמ,,,יח`,34,גרם,false,1,3.90,11.47,true,1,
4823077633515,false,וופל ROSHETTO במילוי קרם חלב מצופה 34 גר,דילר בי.אמ.די.אינטרנשויונל בעמ,,,יח`,34,גרם,false,1,3.90,11.47,true,1,
4823077634178,false,עוגיות עם מילוי תפוח וקינמון 168 גר`,דילר בי.אמ.די.אינטרנשויונל בעמ,,,יח`,168,גרם,false,1,6.90,4.11,true,1,
4823077634222,false,עוגיות תפוז 135 גר`,דילר בי.אמ.די.אינטרנשויונל בעמ,,,יח`,135,גרם,false,1,6.90,5.11,true,1,
4823077634369,false,שוקולד רושן חלב אוורירי ופצפוצי אורז 85,דילר בי.אמ.די.אינטרנשויונל בעמ,,,יח`,85,גרם,false,1,6.90,8.12,true,1,
4823077635489,false,וופל רושן קרם קקאו 350 גר`,דילר בי.אמ.די.אינטרנשויונל בעמ,,,יח`,350,גרם,false,1,16.90,4.83,true,1,
4823077635533,false,וופל רושן קרם חלב 350 גר`,דילר בי.אמ.די.אינטרנשויונל בעמ,,,יח`,350,גרם,false,1,16.90,4.83,true,1,
4823077636004,false,עוגיות קקאו דובדבן 135 גר`,דילר בי.אמ.די.אינטרנשויונל בעמ,,,יח`,135,גרם,false,1,6.90,5.11,true,1,
4823077636059,false,עוגיות קקאו דובדבן 420 גר`,דילר בי.אמ.די.אינטרנשויונל בעמ,,,יח`,420,גרם,false,1,16.90,4.02,true,1,
4823077636073,false,עוגיות תות שדה 420 גר`,דילר בי.אמ.די.אינטרנשויונל בעמ,,,יח`,420,גרם,false,1,16.90,4.02,true,1,
4823077636097,false,עוגיות פטל 420 גר`,דילר בי.אמ.די.אינטרנשויונל בעמ,,,יח`,420,גרם,false,1,16.90,4.02,true,1,
4823077636110,false,עוגיות תפוז 420 גר`,דילר בי.אמ.די.אינטרנשויונל בעמ,,,יח`,420,גרם,false,1,16.90,4.02,true,1,
4823077636172,false,וופל רושן בטעם לימון 216 גר,דילר בי.אמ.די.אינטרנשויונל בעמ,,,יח`,216,גרם,false,1,6.90,3.19,true,1,
4823077636547,false,סוכריות ג`לי ממולאות בטעם פירות 468 גר`,דילר בי.אמ.די.אינטרנשויונל בעמ,,,יח`,468,גרם,false,1,11.90,2.54,false,1,
4823077636554,false,סוכריות ג`לי ממולאות קרם בטעם חלב 378 גר,דילר בי.אמ.די.אינטרנשויונל בעמ,,,יח`,378,גרם,false,1,11.90,3.15,false,1,
4823077636561,false,סוכריות ממולאות בטעם חלב קפה קפה לייק,דילר בי.אמ.די.אינטרנשויונל בעמ,,,יח`,378,גרם,false,1,11.90,3.15,false,1,
4823077636578,false,סוכריות טופי כוס חלב 325 גר`,דילר בי.אמ.די.אינטרנשויונל בעמ,,,יח`,325,גרם,false,1,11.90,3.66,false,1,
4823077636585,false,סוכריות ג`לי טופי מינקי בינקי 325  גר`רו,דילר בי.אמ.די.אינטרנשויונל בעמ,,,יח`,325,גרם,false,1,11.90,3.66,false,1,
4823077636592,false,סוכריות ג`לי רושן קרייזי פצ`ולקה 378 ג,דילר בי.אמ.די.אינטרנשויונל בעמ,,,יח`,378,גרם,false,1,11.90,3.15,false,1,
4823077636608,false,סוכריות ג`לי במילוי שוקולד 325  גר`רושן,דילר בי.אמ.די.אינטרנשויונל בעמ,,,יח`,325,גרם,false,1,11.90,3.66,false,1,
4860019001346,false,מים מינרלים 500 מל בקבוק בורזוימי,יורוסטנדרט בעמ,,,יח`,500,גרם,false,1,6.90,1.32,false,1,
4860019001414,false,מים מינרליים 750 מל בורזוימי,יורוסטנדרט בעמ,,,יח`,750,גרם,false,1,7.90,1.01,false,1,
4903001904192,false,רוטב סויה יאמסה פרימיום 500 מל`,ליימן שליסל בעמ,,,יח`,500,גרם,false,1,17.90,3.58,false,1,
4903001925784,false,רוטב סויה יאמאסה מופחת מלח 500 מל,ליימן שליסל בעמ,,,יח`,500,גרם,false,1,17.90,3.58,false,1,
5000054351900,false,פריסקיז פטה דג אוקיינוס 156 גר,שחורי אריה ואנסטסיה,,,יח`,156,גרם,false,1,6.90,4.42,false,1,
5000054353300,false,פריסקיז פטה סלמון 156 גר,שחורי אריה ואנסטסיה,,,יח`,156,גרם,false,1,6,3.85,false,1,
5000054357100,false,פריסקיז פטה מיקס גריל 156 גר,שחורי אריה ואנסטסיה,,,יח`,156,גרם,false,1,6.90,4.42,false,1,
5000157143365,false,מתבל בטעם מיונז וקטשופ 425 מל,דיפלומט היינץ,,,יח`,425,גרם,false,1,14.90,3.51,false,1,
5000159407236,false,מרס חטיף שוקולד עם קרמל 51 גרם,מרס ריגלי ישראל בעמ,,,יח`,50,גרם,false,1,3.90,7.80,true,1,
5000159414197,false,מלטיזרס 135 גר`,מרס ריגלי ישראל בעמ,,,יח`,135,גרם,false,1,9.90,7.33,false,1,
5000159538626,false,טוויקס חטיף שוקולד מארז,מרס ריגלי ישראל בעמ,,,יח`,200,גרם,false,1,9.90,4.95,false,1,
5000159538640,false,באונטי חטיף שוקולד מארז,מרס ריגלי ישראל בעמ,,,יח`,200,גרם,false,1,9.90,4.95,false,1,
5000168199245,false,שוקולד חלב מעולה בתוספת חתיכות קרם קרמל,תה ויסוצקי (ישראל) בעמ,,,יח`,90,גרם,false,1,14.90,16.56,true,1,
5000189974579,false,קיט קט מיני 200 גר`,קבוצת אסם סחר שות. מוגבלת,,,יח`,200,גרם,false,1,9.90,4.95,false,1,
5000204115048,false,גלליד אורסול בניחוח לבנדר (300 מל),דנשר (1963) בעמ,,,יח`,300,גרם,false,1,10.90,3.63,true,1,
5000204220933,false,קוטל מעופפים אקליפטוס רייד אירוסול 300 מ,דנשר (1963) בעמ,,,יח`,300,גרם,false,1,17.90,5.97,true,1,
5000204243000,false,דאק נוזל אפרסק על חלל 750 מל,דנשר (1963) בעמ,,,יח`,750,גרם,false,1,10.90,1.45,true,1,
5000204254587,false,דאק סבון מוצק לאסלה אפרסק על חלל,דנשר (1963) בעמ,,,יח`,1,,false,1,9.90,9.90,false,1,
5000204254617,false,דאק סבון מוצק לאסלה ירח פורח,דנשר (1963) בעמ,,,יח`,1,,false,1,9.90,9.90,false,1,
5000204657913,false,קיוי שחור משחת נעליים בקופסא,דנשר (1963) בעמ,,,יח`,1,,false,1,7.90,7.90,true,1,
5000204661392,false,משחת נעליים שחורה קיווי אקסרא לארג`,דנשר (1963) בעמ,,,יח`,88,גרם,false,1,12.90,14.66,true,1,
5000219023772,false,פאקט סיגריות סטרים פילטר פאל מאל) (200,גלוברנדס בעמ - שיווק סיגריות,,,יח`,1,,false,1,285,285,false,1,
5000219120112,false,פאל מאל כחול ארוך סטרים פילטר פאקט,גלוברנדס בעמ - שיווק סיגריות,,,יח`,1,,false,1,285,285,false,1,
5000267024233,false,וויסקי שחור ג`וני ווקר (700 מל),החברה המרכזית להפצת משקאות בעמ,,,יח`,700,גרם,false,1,129.90,18.51,false,1,
5000394141209,false,דורסל שישיות AAA פלוס פאוור 2021,דיפלומט מפיצים (1968) בעמ,,,יח`,1,,false,1,16.90,16.90,false,1,
5000394141827,false,סוללות דורסל C פלוס פאור,דיפלומט מפיצים (1968) בעמ,,,יח`,1,,false,1,24.90,24.90,false,1,
5000394142190,false,סוללות דורסל V9 פלוס פאור,דיפלומט מפיצים (1968) בעמ,,,יח`,1,,false,1,27.90,27.90,false,1,
5000394203921,false,דורסל זוג סוללת ליתיום 2032,דיפלומט מפיצים (1968) בעמ,,,יח`,1,,false,1,19.90,19.90,false,1,
5010038454831,false,בירה בלו מון (330 מל),הכרם - משקאות חריפים בעמ,,,יח`,330,גרם,false,1,12.90,3.82,true,1,
5010123703547,false,ליסטרין פרש בורסט 500 מל-יבוא מקביל,בית הצעצוע בעמ,,,יח`,500,גרם,false,1,14.90,2.98,true,1,
5010123730222,false,ליסטרין טוטאל קר 500 מל-יבוא מקביל,בית הצעצוע בעמ,,,יח`,500,גרם,false,1,14.90,2.98,true,1,
5010182997680,false,קוטל נמלים רייד (300 מל),דנשר (1963) בעמ,,,יח`,300,גרם,false,1,17.90,5.97,true,1,
5010182998861,false,דאק נוזל בודד 750מל ירוק,דנשר (1963) בעמ,,,יח`,750,גרם,false,1,10.90,1.45,true,1,
5010622005012,false,חוט דנטלי אורל בי 50 מטר,פארמה דיל (פ.א.ב.) שיווק והפצה,,,יח`,1,,false,1,9.90,9.90,false,1,
5010677551281,false,בריזר לימון בבקבוק בקרדי (275 מל),טמפו משקאות בעמ,,,יח`,275,גרם,false,1,14,4.98,true,1,
5010677552387,false,בריזר אננס בקרדי (275 מל),טמפו משקאות בעמ,,,יח`,275,גרם,false,1,14,4.98,true,1,
5010677554398,false,בריזר אבטיח בבקבוק בקרדי (275 מל),טמפו משקאות בעמ,,,יח`,275,גרם,false,1,14,4.98,true,1,
5011417552247,false,אירוויק נטול גז,רקיט בנקיזר (ניר איסט) בעמ,,,יח`,345,גרם,false,1,14.90,4.32,false,1,
5011417554760,false,אירוויק נטול גז ורדים,רקיט בנקיזר (ניר איסט) בעמ,,,יח`,345,גרם,false,1,14.90,4.32,false,1,
5013965850455,false,מי פה פרו אקספרט אורל-בי (250 מל),דיפלומט מפיצים (1968) בעמ,,,יח`,250,גרם,false,1,9.90,3.96,true,1,
5014271310428,false,מעדן סנט דלפור דובדבן שחור,א. סיימן סחר בעמ,,,יח`,284,גרם,false,1,19.90,7.01,true,1,
5014271330426,false,מעדן סנט דלפור אוכמניות,א. סיימן סחר בעמ,,,יח`,284,גרם,false,1,19.90,7.01,true,1,
5014271360423,false,מעדן סנט דלפור תפוז,א. סיימן סחר בעמ,,,יח`,284,גרם,false,1,19.90,7.01,true,1,
5014271400426,false,מעדן סנט דלפור תות שדה,א. סיימן סחר בעמ,,,יח`,284,גרם,false,1,19.90,7.01,true,1,
5014271795980,false,מעדן סנט דלפור חמוציות ואוכמניות,א. סיימן סחר בעמ,,,יח`,284,גרם,false,1,19.90,7.01,true,1,
5014379009972,false,בירה באדוויזר פחית 500 מל,הכרם - משקאות חריפים בעמ,,,יח`,500,גרם,false,1,8.90,1.72,true,1,
5025232401307,false,מכונת תספורת PANASONIC ER 131,קונסיגנציה-ד.ש.ש. אלקטרוניקה ב,,,יח`,1,,false,1,149,149,false,1,
5029053032658,false,טישו קלינקס שמינייה,קימברלי קלארק ישראל שיווק בעמ,,,יח`,240,גרם,false,1,8.90,3.71,false,1,
5029053510828,false,תחבושות סופר פלוס עם כנפיים קוטקס) (24,קימברלי קלארק ישראל שיווק בעמ,,,יח`,1,,false,1,19.90,19.90,true,1,
5029053523446,false,תחבושות עם כנפיים ללילה קוטקס) (20,קימברלי קלארק ישראל שיווק בעמ,,,יח`,1,,false,1,19.90,19.90,true,1,
5029053534602,false,טמפונים סופר קוטקס) (32,קימברלי קלארק ישראל שיווק בעמ,,,יח`,100,גרם,false,1,26.90,26.90,false,1,
5053827215862,false,דגני בוקר קלוגס קוקו פופס בטעם שוקולד (,דיפלומט היינץ,,,יח`,500,גרם,false,1,19.90,3.98,true,1,
5060517886486,false,משקה אנר`גי פח 500 מל מונסטר,החברה המרכזית להפצת משקאות בעמ,,,יח`,500,גרם,false,1,6.90,1.32,true,1,
5060517886516,false,משקה אנר`גי זירו פח 500 מל מונסטר,החברה המרכזית להפצת משקאות בעמ,,,יח`,500,גרם,false,1,6.90,1.32,true,1,
5060639128051,false,משקה ULYRA פח 500 מל מונסטר,החברה המרכזית להפצת משקאות בעמ,,,יח`,500,גרם,false,1,6.90,1.32,true,1,
5060639129102,false,משקה אנר`גי Mango Loco מונסטר 500 nk,החברה המרכזית להפצת משקאות בעמ,,,יח`,500,גרם,false,1,6.90,1.32,true,1,
5060751218173,false,משקה אנר`גי pipline punch מונסטר 500 מל,החברה המרכזית להפצת משקאות בעמ,,,יח`,500,גרם,false,1,6.90,1.32,true,1,
5060751219033,false,משקה אולטרה פרדייס מונסטר 500 מל,החברה המרכזית להפצת משקאות בעמ,,,יח`,500,גרם,false,1,6.90,1.32,true,1,
5099864006377,false,תחליף חלב שלב 1 מהדרין סימילאק (900 גרם),שקד תבל בעמ-סימילק,,,יח`,900,גרם,false,1,74.90,8.32,false,1,
5099864006384,false,תחליף חלב שלב 2 מהדרין סימילאק (900 גרם),שקד תבל בעמ-סימילק,,,יח`,900,גרם,false,1,74.90,8.32,false,1,
5099864006391,false,תחליף חלב שלב 3 מהדרין סימילאק (900 גרם),שקד תבל בעמ-סימילק,,,יח`,900,גרם,false,1,74.90,8.32,false,1,
5200133120476,false,גליליות וופלים 400 גרם אגוזים וקקאו  גול,דיפלומט היינץ,,,יח`,400,גרם,false,1,16.90,4.23,true,1,
5200133120483,false,גליליות וופלים 400 גרם וניל גולדן ברייק,דיפלומט היינץ,,,יח`,400,גרם,false,1,16.90,4.23,true,1,
5201004020338,false,גליליות קלאסיק קפריס 400 גרם,משה סידס ובנו בעמ,,,יח`,400,גרם,false,1,19.90,4.98,false,1,
5201178801054,false,קרם ניוואה 250 מל,אלפא- ב.ד.ף בעמ,,,יח`,250,גרם,false,1,19.90,7.96,false,1,
5201940010110,false,זיתים שחורים קלמנטה בפח,ג.וילי-פוד אינטרנשיונל בעמ,,,יח`,454,גרם,false,1,14.90,3.28,true,1,
5202390015618,false,צהובה טבעונית אורגינל,דיפלומט היינץ,,,יח`,200,גרם,false,1,22.90,11.45,true,1,
5206759020701,false,סוכריות ג`לי אקזוטי פרווה 700 גר,יעד ממתקים בעמ,,,יח`,700,גרם,false,1,14.90,2.13,false,1,
5391523057929,false,סימילאק גולד שלב 1 700 גר`,שקד תבל בעמ-סימילק,,,יח`,700,גרם,false,1,69.90,9.99,true,1,
5391523057936,false,סימילאק גולד שלב 2 700 גר`,שקד תבל בעמ-סימילק,,,יח`,700,גרם,false,1,69.90,9.99,true,1,
5391523057943,false,סימילאק גולד שלב 3 700 גר`,שקד תבל בעמ-סימילק,,,יח`,700,גרם,false,1,69.90,9.99,true,1,
5391523058063,false,סימילאק אדוונס פלוס שלב 1 700 גר,שקד תבל בעמ-סימילק,,,יח`,700,גרם,false,1,64.90,9.27,true,1,
5391523058070,false,סימילאק אדוונס פלוס שלב 3 700 גר,שקד תבל בעמ-סימילק,,,יח`,700,גרם,false,1,64.90,9.27,true,1,
5391523058087,false,סימילאק אדוונס פלוס שלב 2 700 גר,שקד תבל בעמ-סימילק,,,יח`,700,גרם,false,1,64.90,9.27,true,1,
5410076933129,false,אריאל 3 קג`,דיפלומט מפיצים (1968) בעמ,,,יח`,3000,גרם,false,1,34.90,1.16,false,1,
5410103161518,false,קרם לחות פעולה משולשת רגיל לוריאל,לוריאל ישראל קוסמטיקס בעמ,,,יח`,50,גרם,false,1,44.90,89.80,false,1,
5410103161617,false,קרם לחות פעולה משולשת יבש לוריאל,לוריאל ישראל קוסמטיקס בעמ,,,יח`,50,גרם,false,1,44.90,89.80,false,1,
5410126006087,false,ביסקוויט בטעם קרמל לוטוס (700 גרם),דיפלומט היינץ,,,יח`,700,גרם,false,1,27.90,3.99,true,1,
5410126006360,false,לוטוס עוגיות סנדוויץ במילוי לוטוס 150 גר,דיפלומט היינץ,,,יח`,150,גרם,false,1,8.90,5.93,false,1,
5410126006377,false,לוטוס עוגיות סנדוויץ במילוי וניל 150 גרם,דיפלומט היינץ,,,יח`,150,גרם,false,1,8.90,5.93,false,1,
5410126106183,false,לוטוס קרמל 312 גר`,דיפלומט היינץ,,,יח`,312,גרם,false,1,14.90,4.78,true,1,
5410126116953,false,ממרח ביסקוויט קרמל לוטוס (400 גרם),דיפלומט היינץ,,,יח`,400,גרם,false,1,21.90,5.48,true,1,
5410126666038,false,עוגיות לוטוס 2*18 279 גר`,דיפלומט היינץ,,,יח`,279,גרם,false,1,12.90,4.62,true,1,
5410126726947,false,ממרח עוגיות לוטוס קראנץ` 380 גר`,דיפלומט היינץ,,,יח`,380,גרם,false,1,22.90,6.03,true,1,
5410228267515,false,בירה באדוויזר 330 מל בקבוק שישייה,הכרם - משקאות חריפים בעמ,,,יח`,1.98,1 ליטר,false,1,34.90,16.72,true,1,
5410291022011,false,ממרח אגוזי לוז עם קקאו צ`וקטה (350 גרם),ש.שסטוביץ בעמ,,,יח`,350,גרם,false,1,12.90,3.69,false,1,
5410291022738,false,ממרח צ`וקטה אגוזי לוז עם קקאו 350 גר חום,ש.שסטוביץ בעמ,,,יח`,350,גרם,false,1,12.90,3.69,false,1,
5410658902413,false,קפסולות קפה דרגת חוזק 8 fortisimo Espres,אבאל יזמות בעמ,,,יח`,1,,false,1,11.90,11.90,true,1,
5410658902420,false,קפסולות קפה דרגת חוזק 10 fortisimo RISTR,אבאל יזמות בעמ,,,יח`,1,,false,1,11.90,11.90,true,1,
5410658902437,false,קפסולות קפה דרגת חוזק 7 fortisimo Lungo,אבאל יזמות בעמ,,,יח`,1,,false,1,11.90,11.90,true,1,
5410658902444,false,קפסולות קפה דרגת חוזק 4 Fortisiom lungo,אבאל יזמות בעמ,,,יח`,1,,false,1,11.90,11.90,true,1,
5410658902819,false,קפסולות קפה דרגת חוזק 12 fortisimo RISTR,אבאל יזמות בעמ,,,יח`,1,,false,1,11.90,11.90,true,1,
5411188094173,false,אלפרו מעדן סויה בטעם קרמל 4*125מל,שטראוס גרופ בעמ,,,יח`,500,גרם,false,1,15.90,3.18,false,1,
5411188096108,false,אלפרו סויה לבישול ( 250 מל),שטראוס גרופ בעמ/מצונן,,,יח`,250,גרם,false,1,8.90,3.56,true,1,
5411188110835,false,משקה שקדים אלפרו (1 ליטר),שטראוס גרופ בעמ,,,יח`,1,1 ליטר,false,1,12.90,12.90,true,1,
5411188112709,false,משקה שקדים ללס אלפרו (1 ליטר),שטראוס גרופ בעמ,,,יח`,1,1 ליטר,false,1,12.90,12.90,true,1,
5411188115366,false,משקה שיבולת שועל אלפרו (1 ליטר),שטראוס גרופ בעמ,,,יח`,1,1 ליטר,false,1,12.90,12.90,true,1,
5411188115472,false,משקה סויה 1 ליטר אלפרו,שטראוס גרופ בעמ,,,יח`,1,1 ליטר,false,1,12.90,12.90,true,1,
5411188121978,false,משקה סויה בטעם טבעי אלפרו (250x3 מל),שטראוס גרופ בעמ,,,יח`,750,גרם,false,1,15.90,2.12,false,1,
5411188122661,false,אלפרו משקה שקדים לא קלויים ללתס 1 ליטר,שטראוס גרופ בעמ,,,יח`,1,1 ליטר,false,1,12.90,12.90,true,1,
5411188124689,false,משקה שיבולת שועל ללתס 1 ליטר אלפרו,שטראוס גרופ בעמ,,,יח`,1,1 ליטר,false,1,12.90,12.90,true,1,
5411188124726,false,משקה שיבולת שועל שקדים 1 ליטר אלפרו,שטראוס גרופ בעמ,,,יח`,1,1 ליטר,false,1,12.90,12.90,true,1,
5411188127697,false,אלפרו בריסטה שיבולת שועל 1 ליטר,שטראוס גרופ בעמ,,,יח`,1,1 ליטר,false,1,12.90,12.90,true,1,
5411188129899,false,אלפרו בריסטה שקדים 1 ליטר,שטראוס גרופ בעמ,,,יח`,1,1 ליטר,false,1,12.90,12.90,true,1,
5411188133476,false,אלפרו משקה סויה שוקו עם חלבון 250 מל,שטראוס גרופ בעמ/מצונן,,,יח`,250,גרם,false,1,6.90,2.76,false,1,
5411188133490,false,אלפרו משקה סויה קפה קרמל עם חלבון 250 מ,שטראוס גרופ בעמ/מצונן,,,יח`,250,גרם,false,1,6.90,2.76,false,1,
5411188134985,false,אלפרו NOT MILK שיבולת שועל 3.5% שומן 1 ל,שטראוס גרופ בעמ/מצונן,,,יח`,1,1 ליטר,false,1,13.90,13.90,false,1,
5411188135005,false,אלפרו NOT MILK שיבולת שועל 1.8% ליטר,שטראוס גרופ בעמ/מצונן,,,יח`,1,1 ליטר,false,1,13.90,13.90,false,1,
5411188300328,false,משקה סויה בטעם שוקו אלפרו (1 ליטר),שטראוס גרופ בעמ,,,יח`,1,1 ליטר,false,1,12.90,12.90,true,1,
5411188513483,false,אלפרו סויה לבישול 14% 250 מל,שטראוס גרופ בעמ/מצונן,,,יח`,250,גרם,false,1,8.90,3.56,true,1,
5411188543398,false,משקה סויה ללס אלפרו 1 ליטר,שטראוס גרופ בעמ,,,יח`,1,1 ליטר,false,1,12.90,12.90,true,1,
5411223030081,false,בירה דובדבן לינדמנס קריק (250 מל),הכרם - משקאות חריפים בעמ,,,יח`,250,גרם,false,1,13.90,5.44,false,1,
5411686700118,false,בירה פירות לייפמנס (250 מל),הכרם - משקאות חריפים בעמ,,,יח`,250,גרם,false,1,13.90,5.44,false,1,
5413149655522,false,אבקת כביסה שושן אריאל 1.25 קג,דיפלומט מפיצים (1968) בעמ,,,יח`,1.30,גרם,false,1,14.90,1146.15,false,1,
5413149922907,false,אריאל 5  קג`קולור,דיפלומט מפיצים (1968) בעמ,,,יח`,5,"ק""ג",false,1,44.90,8.98,true,1,
5413149922938,false,אריאל 5  קג`שושן צחור,דיפלומט מפיצים (1968) בעמ,,,יח`,5,"ק""ג",false,1,44.90,8.98,true,1,
5413149930025,false,טייד 5 קג`,דיפלומט מפיצים (1968) בעמ,,,יח`,5,"ק""ג",false,1,34.90,6.98,true,1,
5601217129420,false,ווליט דפים לשמירה על הצבע 20 יח,רקיט בנקיזר (ניר איסט) בעמ,,,יח`,1,,false,1,22.90,22.90,false,1,
5701932026964,false,הוט פופ 600 גר`,ליימן שליסל בעמ,,,יח`,600,גרם,false,1,15.90,2.65,true,1,
5701932026971,false,הוט פופ חמאה 600 גר`,ליימן שליסל בעמ,,,יח`,600,גרם,false,1,15.90,2.65,true,1,
5701932026995,false,הוט פופ לייט 600גר`,ליימן שליסל בעמ,,,יח`,600,גרם,false,1,15.90,2.65,true,1,
5705550300963,false,ביצי דג שיבוט 200  גר`שוקחה,בני ג`ורג` שוקחה (חיפה) בעמ,,,יח`,200,גרם,false,1,11.90,5.95,false,1,
5706516031358,false,הוט פופ 600 גר`,ליימן שליסל בעמ,,,יח`,600,גרם,false,1,15.90,2.65,true,1,
5710840209437,false,טבק באלי נטורל 40  גר`בודד,דובק בעמ,,,יח`,1,,false,1,86,86,false,1,
5710840210013,false,טבק באלי לבן 40  גר`בודד,דובק בעמ,,,יח`,1,,false,1,86,86,false,1,
5711953103285,false,פטינה מעדנייה שטראוס,שטראוס גרופ בעמ/מצונן,,,"ק""ג",1000,גרם,true,1,30,3,false,1,
5711953106583,false,גבינת שמנת עשבי טבעי 200 גר` ארלה,שטראוס גרופ בעמ/מצונן,,,יח`,200,גרם,false,1,15.90,7.95,true,1,
5711953106590,false,ארלה גבינת שמנת שום 200 גר`,שטראוס גרופ בעמ/מצונן,,,יח`,200,גרם,false,1,15.90,7.95,true,1,
5711953106606,false,גבינת שמנת עשבי תיבול 200 גר` ארלה,שטראוס גרופ בעמ/מצונן,,,יח`,200,גרם,false,1,15.90,7.95,true,1,
5740900108264,false,ממרח לופרק ללא מלח מעדניה שטראוס,שטראוס גרופ בעמ/מצונן,,,"ק""ג",1000,גרם,true,1,42,4.20,false,1,
5740900403215,false,ממרח לורפק עם מלח 250 גר`,שטראוס גרופ בעמ/מצונן,,,יח`,250,גרם,false,1,16.90,6.76,false,1,
5740900403222,false,ממרח לורפק עם מלח מופחת שומן 250 גר`,שטראוס גרופ בעמ/מצונן,,,יח`,250,גרם,false,1,16.90,6.76,false,1,
5740900403239,false,ממרח לורפק ללא מלח 250 גר`,שטראוס גרופ בעמ/מצונן,,,יח`,250,גרם,false,1,16.90,6.76,false,1,
5740900403246,false,ממרח לורפק ללא מלח 500 גר`,שטראוס גרופ בעמ/מצונן,,,יח`,500,גרם,false,1,27.90,5.58,false,1,
5740900403253,false,ממרח לורפק עם מלח 500 גר`,שטראוס גרופ בעמ/מצונן,,,יח`,500,גרם,false,1,27.90,5.58,false,1,
5740900403260,false,ממרח לורפק ללא מלח מופחת שומן 250 גר`,שטראוס גרופ בעמ/מצונן,,,יח`,250,גרם,false,1,16.90,6.76,false,1,
5740900403864,false,ממרח לורפק 200 גר` עם מלח,שטראוס גרופ בעמ/מצונן,,,יח`,200,גרם,false,1,11.90,5.95,true,1,
5740900806108,false,ממרח חמאה דנית מעדנייה שטראוס,שטראוס גרופ בעמ/מצונן,,,"ק""ג",1000,גרם,true,1,42,4.20,false,1,
5900020012814,false,נסקוויק 500 גר` דגני בוקר,קבוצת אסם סחר שות. מוגבלת,,,יח`,500,גרם,false,1,19.90,3.98,true,1,
5900020015174,false,פיטנס חטיפי דגנים שוקולד מריר,קבוצת אסם סחר שות. מוגבלת,,,יח`,141,גרם,false,1,15.90,11.28,true,1,
5900020018908,false,פיטנס חטיפי דגנים קרם עוגיות,קבוצת אסם סחר שות. מוגבלת,,,יח`,141,גרם,false,1,15.90,11.28,true,1,
5900020020710,false,מארז קראנץ בר שוקו וניל שישייה,קבוצת אסם סחר שות. מוגבלת,,,יח`,150,גרם,false,1,16.90,11.27,true,1,
5900020022325,false,מארז סיני מיניס חטיף דגנים,קבוצת אסם סחר שות. מוגבלת,,,יח`,150,גרם,false,1,16.90,11.27,true,1,
5900020024770,false,פיטנס בר דליס שוקולד אגוז,קבוצת אסם סחר שות. מוגבלת,,,יח`,135,גרם,false,1,15.90,11.78,true,1,
5900020024817,false,פיטנס בר דליס שוקולד לבן,קבוצת אסם סחר שות. מוגבלת,,,יח`,135,גרם,false,1,15.90,11.78,true,1,
5900020025647,false,פיטנס בר דליס שוקולד חלבי,קבוצת אסם סחר שות. מוגבלת,,,יח`,135,גרם,false,1,15.90,11.78,true,1,
5900020026552,false,האני נאט צ`יריוס עידן הקרח 625 גרם,קבוצת אסם סחר שות. מוגבלת,,,יח`,625,גרם,false,1,19.90,3.18,false,1,
5900020029669,false,חטיף דגנים פירות יער מארז 6 יח פיטנס,קבוצת אסם סחר שות. מוגבלת,,,יח`,23.50,גרם,false,1,16.90,71.91,true,1,
5900020032539,false,פיטנס מארז חטיף שוקולד 6*8,קבוצת אסם סחר שות. מוגבלת,,,יח`,140,גרם,false,1,15.90,11.36,true,1,
5900020033314,false,פיטנס חטיפי דגנים ליון 150 גר`,קבוצת אסם סחר שות. מוגבלת,,,יח`,150,גרם,false,1,15.90,10.60,true,1,
5900020034021,false,פיטנס חטיף דגנים שוקו בננה נסטלה (23.5x6,קבוצת אסם סחר שות. מוגבלת,,,יח`,141,גרם,false,1,15.90,11.28,true,1,
5900020034991,false,קראנץ צדפים בטעם שוקולד 450 גר`,קבוצת אסם סחר שות. מוגבלת,,,יח`,450,גרם,false,1,19.90,4.42,true,1,
5900020036407,false,דגני בוקר שוקולד קרמל (480 גר`) ליון,קבוצת אסם סחר שות. מוגבלת,,,יח`,480,גרם,false,1,26.90,5.60,true,1,
5900020037916,false,דגני בוקר שיבולת שועל 375 גר,קבוצת אסם סחר שות. מוגבלת,,,יח`,375,גרם,false,1,15.90,4.24,false,1,
5900020039590,false,פיטנס חטיף דגנים קלאסי 6.*23.5גר,קבוצת אסם סחר שות. מוגבלת,,,יח`,141,גרם,false,1,15.90,11.28,true,1,
5900020039620,false,פיטנס חטיף דגנים שקדים 6*23.5גר,קבוצת אסם סחר שות. מוגבלת,,,יח`,141,גרם,false,1,15.90,11.28,true,1,
5900352000770,false,גלרטקה דובדבן 190 גר`,יעד ממתקים בעמ,,,יח`,190,גרם,false,1,9.90,5.21,true,1,
5900352002361,false,עוגיות קלאסי 140 גר,יעד ממתקים בעמ,,,יח`,140,גרם,false,1,5.90,4.21,true,1,
5900352002866,false,חטיף טייגר/אליבי,יעד ממתקים בעמ,,,יח`,147,גרם,false,1,2.50,1.70,true,1,
5900352004044,false,יזיקי עוגיות קוקוס 140 גר,יעד ממתקים בעמ,,,יח`,140,גרם,false,1,5.90,4.21,true,1,
5900352004457,false,יזיקי עוגיות לקפה 140 גר,יעד ממתקים בעמ,,,יח`,140,גרם,false,1,5.90,4.21,true,1,
5900352006468,false,יזיקי עוגיות שרי 140 גר,יעד ממתקים בעמ,,,יח`,140,גרם,false,1,5.90,4.21,true,1,
5900352008509,false,יזיקי עוגיות אדווקט 140 גר`,יעד ממתקים בעמ,,,יח`,140,גרם,false,1,5.90,4.21,true,1,
5900352011356,false,יזיקי עוגיות מריר שרי 140 גר,יעד ממתקים בעמ,,,יח`,140,גרם,false,1,5.90,4.21,true,1,
5900352012605,false,אליבי קוקוס,יעד ממתקים בעמ,,,יח`,147,גרם,false,1,2.50,1.70,true,1,
5900352014449,false,וופל בלגי וניל 130  גר`יעד ממתקים,יעד ממתקים בעמ,,,יח`,130,גרם,false,1,3.90,3,true,1,
5900352014456,false,וופל בלגי שוקולד 130  גר`יעד ממתקים,יעד ממתקים בעמ,,,יח`,130,גרם,false,1,3.90,3,true,1,
5900352014470,false,וופל בלגי קרמל 140  גר`יעד ממתקים,יעד ממתקים בעמ,,,יח`,140,גרם,false,1,3.90,2.79,true,1,
5900352014890,false,יזיקי עוגיות מריר תפוז 140 גר`,יעד ממתקים בעמ,,,יח`,140,גרם,false,1,5.90,4.21,true,1,
5900352015125,false,יזיקי עוגיות קרמל מלוח 140 גר,יעד ממתקים בעמ,,,יח`,140,גרם,false,1,5.90,4.21,true,1,
5900352015576,false,וופל בלגי קרם קוקוס 130  גר`יעד ממתקים,יעד ממתקים בעמ,,,יח`,130,גרם,false,1,3.90,3,true,1,
5900394009762,false,וופל אידילה 47 גר`,יעד ממתקים בעמ,,,יח`,47,גרם,false,1,2.50,5.32,true,1,
5900627066715,false,טבליות למדיח כלים פיניש) (100,רקיט בנקיזר (ניר איסט) בעמ,,,יח`,1,,false,1,59.90,59.90,true,1,
5900951283963,false,סניקרס חטיף שוקולד קרימי עם בוטנים,מרס ריגלי ישראל בעמ,,,יח`,1,,false,1,3.90,3.90,true,1,
5901414200411,false,היט מיניס קרם קקאו 130גר בלזן.,ליימן שליסל בעמ,,,יח`,130,גרם,false,1,7.90,6.08,true,1,
5901888020546,false,חטיף דגנים עם קינואה ומלח ים 70 גר` FR,דנשר (1963) בעמ,,,יח`,70,גרם,false,1,12.90,18.43,true,1,
5901888020560,false,חטיף דגנים עם קינואה בטעם עשבי תיבול 7,דנשר (1963) בעמ,,,יח`,70,גרם,false,1,12.90,18.43,true,1,
5903141082766,false,פאקט פאל מאל כחול דמי סלימס,גלוברנדס בעמ - שיווק סיגריות,,,יח`,1,,false,1,245,245,false,1,
5903141082780,false,פאקט פאל מאל סילבר דמי סלימס,גלוברנדס בעמ - שיווק סיגריות,,,יח`,1,,false,1,245,245,false,1,
5904941750312,false,בלו דיי משקה אנרגיה מוחיטו,בני פאוזי שמשום (2009) בעמ,,,יח`,250,גרם,false,1,3.90,1.44,true,1,
5904941751302,false,משקה אנרגיה בפחית בלו (250 מל),בני פאוזי שמשום (2009) בעמ,,,יח`,250,גרם,false,1,3.90,1.44,true,1,
5904941751371,false,בלו דייאקזוטי משקה אנרגיה,בני פאוזי שמשום (2009) בעמ,,,יח`,250,גרם,false,1,3.90,1.44,true,1,
5904941751524,false,בלו דיי משקה אנרגיה אבטיח,בני פאוזי שמשום (2009) בעמ,,,יח`,250,גרם,false,1,3.90,1.44,true,1,
5904941751920,false,בלו דיי משקה אנרגיה,בני פאוזי שמשום (2009) בעמ,,,יח`,250,גרם,false,1,3.90,1.44,true,1,
5904941752262,false,בלו לימון סיקס ללס 250 מל,בני פאוזי שמשום (2009) בעמ,,,יח`,250,גרם,false,1,2.90,1.04,true,1,
5906485301012,false,משקה אנרגיה אקסל (250 מל),טמפו משקאות בעמ,,,יח`,250,גרם,false,1,4.90,1.84,true,1,
5997321701806,false,קלגון 1  קג`- אבקת אבנית,רקיט בנקיזר (ניר איסט) בעמ,,,יח`,1,"ק""ג",false,1,29.90,29.90,false,1,
6008165003984,false,פאל מאל כחול סטרים פילטר,גלוברנדס בעמ - שיווק סיגריות,,,יח`,1,,false,1,30,30,true,1,
6008165271192,false,פאל מאל אדום ארוך בודד,גלוברנדס בעמ - שיווק סיגריות,,,יח`,1,,false,1,30,30,true,1,
6008165274629,false,פאל מאל כחול ארוך סטרים פילטר חפיסה,גלוברנדס בעמ - שיווק סיגריות,,,יח`,1,יח`,false,1,30,30,true,1,
6009188004828,false,קיט קאט צ`אנקי לבן 40 גר`,קבוצת אסם סחר שות. מוגבלת,,,יח`,40,גרם,false,1,2.90,7.25,false,1,
6102017501939,false,מצת גז לכיריים,אוהב ציון בעמ (מבצעים),,,יח`,1,,false,1,7.90,7.90,false,1,
6315280312069,false,טוסטר 2 פרוסות נירוסטה BENATON BT-206,קונסיגנציה-ד.ש.ש. אלקטרוניקה ב,,,יח`,1,,false,1,79,79,false,1,
6315280325588,false,טוסטר 4 פרוסות ענק BT-2558 BENATON,קונסיגנציה-ד.ש.ש. אלקטרוניקה ב,,,יח`,1,,false,1,149,149,false,1,
6315280380259,false,קומקום זכוכית LED  לבן/ירוק/ כתום BT-8,קונסיגנציה-ד.ש.ש. אלקטרוניקה ב,,,יח`,1,,false,1,129,129,false,1,
6632122111124,false,מכשיר פופקורן BENATON BT-1112,קונסיגנציה-ד.ש.ש. אלקטרוניקה ב,,,יח`,1,,false,1,99,99,false,1,
7038513866304,false,גורדן מברשת שיניים לילדים 0-2 סטפ 1,דנשר (1963) בעמ,,,יח`,1,,false,1,10.90,10.90,true,1,
7038513866328,false,גורדן מברשת שיניים לילדים 6-8 סטפ 3,דנשר (1963) בעמ,,,יח`,1,,false,1,10.90,10.90,true,1,
7038516140357,false,מברשת שיניים ג`ורדן טוטאל רביעייה,דנשר (1963) בעמ,,,יח`,1,,false,1,19.90,19.90,true,1,
7046110071519,false,משחת שיניים לילדים לשיני חלב 2-6 ג`ורדון,דנשר (1963) בעמ,,,יח`,1,,false,1,11.90,11.90,true,1,
7271730901261,false,ארוחת אטריות עם גבינה 156  גר`וויקי מאק,מור-ים מרקטינג בעמ,,,יח`,156,גרם,false,1,10.90,6.99,false,1,
7290000000374,false,פטריות שמפיניון א.א,חוות השמפיניון בעמ,,,יח`,1,,false,1,9.90,9.90,true,1,
7290000000459,false,אלפלפא,א.אדמה (2007) בעמ,,,יח`,1,,false,1,6,6,false,1,
7290000023809,false,קלאסיק קברנה סובניון יקבי ברקן (750 מל),טמפו משקאות בעמ,,,יח`,750,גרם,false,1,32.90,4.35,true,1,
7290000023977,false,קלאסיק מרלו יקבי ברקן (750 מל),טמפו משקאות בעמ,,,יח`,750,גרם,false,1,32.90,4.35,true,1,
7290000040042,false,יוגורט ביו 3% תות יופלה (150 גרם),תנובה - חלב,,,יח`,150,גרם,false,1,4.90,3.27,false,1,
7290000040066,false,יופלה דובדבן 3%,תנובה - חלב,,,יח`,150,גרם,false,1,4.90,3.27,false,1,
7290000040080,false,יוגורט ביו 3% אפרסק יופלה (150 גרם),תנובה - חלב,,,יח`,150,גרם,false,1,4.90,3.27,false,1,
7290000040318,false,גבינת עדי ברי 24% קולאז` (125  גרם)קולקש,תנובה - חלב,,,יח`,125,גרם,false,1,18.90,15.12,false,1,
7290000040974,false,חלב 2% דל לקטוז בקרטון תנובה (1 ליטר),תנובה - חלב,,,יח`,1,1 ליטר,false,1,7,7,false,1,
7290000041407,false,גיל 125 גרם,תנובה - חלב,,,יח`,125,גרם,false,1,0.95,0.76,false,1,
7290000041445,false,קוטג`250 5%,תנובה - חלב,,,יח`,250,גרם,false,1,5.50,2.20,false,1,
7290000041452,false,גבינת  קוטג`9% מהדרין תנובה (250 גרם),תנובה - חלב,,,יח`,250,גרם,false,1,5.50,2.20,false,1,
7290000041858,false,שמנת חמוצה מעושר 15% יטבתה (200 מל),שטראוס גרופ בעמ/מצונן,,,יח`,200,גרם,false,1,2.50,1.25,false,1,
7290000041872,false,לבן 3%,שטראוס גרופ בעמ/מצונן,,,יח`,200,גרם,false,1,2.10,1.05,false,1,
7290000042015,false,חלב 3% בשקית בדצ תנובה (1  ליטר)פיקוח,תנובה - חלב,,,יח`,1,1 ליטר,false,1,5.43,5.43,false,1,
7290000042435,false,חלב דל שומן 1% בקרטון תנובה (1  ליטר)פיק,תנובה - חלב,,,יח`,1000,גרם,false,1,5.86,0.59,false,1,
7290000042640,false,חלב עמיד 3% תנובה (250 מל),תנובה - חלב,,,יח`,250,גרם,false,1,2.60,1.04,false,1,
7290000042855,false,שוקו שקית,שטראוס גרופ בעמ/מצונן,,,יח`,225,גרם,false,1,2.50,1.11,false,1,
7290000043012,false,שוקו עמיד 2% תנובה (250 מל),תנובה - חלב,,,יח`,250,גרם,false,1,4.70,1.88,false,1,
7290000043814,false,השף הלבן שמנת עמיד 38% קר 250,תנובה - חלב,,,יח`,250,גרם,false,1,6.47,2.59,false,1,
7290000043890,false,רויון 1.5% תנובה (1 ליטר),תנובה - חלב,,,יח`,1,1 ליטר,false,1,11.50,11.50,false,1,
7290000043944,false,יוגורט לבן 4% תנובה (1.5 ליטר),תנובה - חלב,,,יח`,1.50,1 ליטר,false,1,16.50,11,false,1,
7290000044712,false,יוגורט עם תות 1.5% פרילי (500 גרם),תנובה - חלב,,,יח`,500,גרם,false,1,10.90,2.18,false,1,
7290000044880,false,יוגורט בטעם תות שדה 3% באדי (500 גרם),תנובה - חלב,,,יח`,500,גרם,false,1,8.80,1.76,false,1,
7290000045580,false,גבינת חורש,תנובה - חלב,,,יח`,240,גרם,false,1,17.90,7.46,false,1,
7290000045771,false,יוגורט לבן 4% תנובה (3 ליטר),תנובה - חלב,,,יח`,3,1 ליטר,false,1,29,9.67,false,1,
7290000046020,false,גבינת גלבוע 22% תנובה,תנובה - חלב,,,"ק""ג",1000,גרם,true,1,42.58,4.26,false,1,
7290000046327,false,גבינה צהובה 22% גלבוע (200 גרם),תנובה - חלב,,,יח`,200,גרם,false,1,12.90,6.45,false,1,
7290000046563,false,קולאג 23% פרמזן חריץ תנובה,תנובה - חלב,,,"ק""ג",1000,גרם,true,1,113,11.30,false,1,
7290000047034,false,רוקפור (26% גליל) חריץ תנובה,תנובה - חלב,,,"ק""ג",1000,גרם,true,1,122,12.20,false,1,
7290000047546,false,גבינה כנען 500,תנובה - חלב,,,יח`,500,גרם,false,1,23.90,4.78,false,1,
7290000047621,false,גבינה לבנה 250  גר`5%,תנובה - חלב,,,יח`,250,גרם,false,1,4.98,1.99,false,1,
7290000047942,false,גבינה לבנה 250 גר 9%,תנובה - חלב,,,יח`,250,גרם,false,1,4.70,1.88,false,1,
7290000048185,false,גבינה לבנה 5% תנובה (250  גרם)פיקוח,תנובה - חלב,,,יח`,250,גרם,false,1,4.98,1.99,false,1,
7290000048192,false,גבינה לבנה 9% תנובה (250 גרם),תנובה - חלב,,,יח`,250,גרם,false,1,4.70,1.88,false,1,
7290000048413,false,גבינה חמד  (25016%  גרם)פיראוס תנובה,תנובה - חלב,,,יח`,250,גרם,false,1,17.90,7.16,false,1,
7290000048437,false,גבינת צפתית  (2005%  גרם)פיראוס תנובה,תנובה - חלב,,,יח`,200,גרם,false,1,14.90,7.45,false,1,
7290000050447,false,יוגורט ביו 3% תות יופלה (500 גרם),תנובה - חלב,,,יח`,1,1 ליטר,false,1,12.90,12.90,false,1,
7290000051307,false,הפסקת אוכל דגני עוגי וחלבי ווניל,תנובה - חלב,,,יח`,150,גרם,false,1,9.90,6.60,false,1,
7290000051352,false,חלב של פעם 3.8% בקרטון תנובה (1 ליטר),תנובה - חלב,,,יח`,1,1 ליטר,false,1,7.50,7.50,false,1,
7290000051376,false,יופלה דיאט אננס 0%,תנובה - חלב,,,יח`,150,גרם,false,1,4.90,3.27,false,1,
7290000051710,false,לאבנה עם שמן זית וזעתר 9% פיראוס תנובה,תנובה - חלב,,,יח`,263,גרם,false,1,13.80,5.25,false,1,
7290000052311,false,עמק פרוס בקופסא 200  גר`15% שומן,תנובה - חלב,,,יח`,200,גרם,false,1,16.10,8.05,false,1,
7290000052649,false,לאבנה אסלית  (5005%  גרם)פיראוס תנובה,תנובה - חלב,,,יח`,500,גרם,false,1,19.50,3.90,false,1,
7290000052946,false,יופלה לבן מעודן שמינייה בדצ,תנובה - חלב,,,יח`,1.20,1 ליטר,false,1,20.90,17.42,false,1,
7290000053219,false,טל העמק 32% צהובה,תנובה - חלב,,,"ק""ג",1000,גרם,true,1,55,5.50,false,1,
7290000053981,false,מאגדת 8 גביעים 4 תות 4 אפרסק,תנובה - חלב,,,יח`,1.20,1 ליטר,false,1,27.90,23.25,false,1,
7290000055329,false,יופלה משקה יוגורט 250 מל תות מלון,תנובה - חלב,,,יח`,250,גרם,false,1,5.50,2.20,false,1,
7290000055336,false,יופלה משקה יוגורט 250 מל בננה אפרסק,תנובה - חלב,,,יח`,250,גרם,false,1,5.50,2.20,false,1,
7290000055343,false,משקה יוגורט 1.5% טרופי יופלה (250 גרם),תנובה - חלב,,,יח`,250,גרם,false,1,5.50,2.20,false,1,
7290000055350,false,עמק פיקוח 28% צהובה מעדנייה,תנובה - חלב,,,"ק""ג",1000,גרם,true,1,44.79,4.48,false,1,
7290000055893,false,חמאה מהדרין תנובה (200  גרם)פיקוח,תנובה - חלב,,,יח`,1,,false,1,7.80,7.80,false,1,
7290000056081,false,מאגדת 6 פרילי טבע,תנובה - חלב,,,יח`,1200,גרם,false,1,22.50,1.88,false,1,
7290000056753,false,עמק פרוס בקופסא 200  גר`28% שומן,תנובה - חלב,,,יח`,200,גרם,false,1,15.90,7.95,false,1,
7290000056845,false,חלב טרי 3% תנובה (1.5  ליטר)פיקוח,תנובה - חלב,,,יח`,1500,1 ליטר,false,1,9.35,0.01,false,1,
7290000056890,false,יופלה דיאט טעמים שונים 6+2 8*150 מל,תנובה - חלב,,,יח`,1200,גרם,false,1,29.90,2.49,false,1,
7290000056906,false,יופלה לבן שמינייה 1.5%,תנובה - חלב,,,יח`,1200,גרם,false,1,17.50,1.46,false,1,
7290000057088,false,גבינת עמק דק 200 גר,תנובה - חלב,,,יח`,200,גרם,false,1,16.30,8.15,false,1,
7290000057118,false,סמי עמק 400 גר,תנובה - חלב,,,יח`,400,גרם,false,1,20.90,5.23,false,1,
7290000057149,false,יוגורט ביו 3% תנובה (200 גרם),תנובה - חלב,,,יח`,200,גרם,false,1,3.20,1.60,false,1,
7290000057453,false,עמק פיקוח 28% חריץ צהובה בדצ,תנובה - חלב,,,"ק""ג",1000,גרם,true,1,44.79,4.48,false,1,
7290000058030,false,שטוזים משקה יוגורט תות יופלה (100x8 מל),תנובה - חלב,,,יח`,1,,false,1,20.90,20.90,false,1,
7290000058047,false,שמנת 38% 500 מל עם פקק פיקוח,תנובה - חלב,,,יח`,500,גרם,false,1,12.94,2.59,false,1,
7290000058979,false,גיל בטעם תות,תנובה - חלב,,,יח`,125,גרם,false,1,1.60,1.28,false,1,
7290000060088,false,בייגלה מקלות עם מלח אסם (400 גרם),קבוצת אסם סחר שות. מוגבלת,,,יח`,400,גרם,false,1,10.90,2.73,true,1,
7290000060200,false,פתיתים אפויים קוסקוס אסם (500 גרם),קבוצת אסם סחר שות. מוגבלת,,,יח`,500,גרם,false,1,6.90,1.38,true,1,
7290000060217,false,פסטה מקרוני מספר 7 אסם (500 גרם),קבוצת אסם סחר שות. מוגבלת,,,יח`,500,גרם,false,1,5.90,1.18,true,1,
7290000060248,false,פסטה תלתלים אסם (500 גרם),קבוצת אסם סחר שות. מוגבלת,,,יח`,500,גרם,false,1,5.90,1.18,true,1,
7290000060316,false,ספגטי אסם פרפקטו (500 גרם),קבוצת אסם סחר שות. מוגבלת,,,יח`,500,גרם,false,1,7.90,1.58,false,1,
7290000060385,false,אינסטנט פודינג בטעם וניל אסם (80x4 גרם),קבוצת אסם סחר שות. מוגבלת,,,יח`,320,גרם,false,1,19.90,6.22,false,1,
7290000060408,false,פתיתים אפויים טבעות אסם (500 גרם),קבוצת אסם סחר שות. מוגבלת,,,יח`,500,גרם,false,1,6.90,1.38,true,1,
7290000060781,false,פסטה מסולסלים אסם (500 גרם),קבוצת אסם סחר שות. מוגבלת,,,יח`,500,גרם,false,1,5.90,1.18,true,1,
7290000060828,false,פסטה קרניים בינוניות אסם (500 גרם),קבוצת אסם סחר שות. מוגבלת,,,יח`,500,גרם,false,1,5.90,1.18,true,1,
7290000060842,false,פסטה צדפים גדולים אסם (500 גרם),קבוצת אסם סחר שות. מוגבלת,,,יח`,500,גרם,false,1,5.90,1.18,true,1,
7290000060880,false,ספגטי אסם (500 גרם),קבוצת אסם סחר שות. מוגבלת,,,יח`,500,גרם,false,1,5.90,1.18,true,1,
7290000060903,false,פתיתים אפויים אורז אסם (500 גרם),קבוצת אסם סחר שות. מוגבלת,,,יח`,500,גרם,false,1,6.90,1.38,true,1,
7290000060958,false,אטריות מובחרות בינוניות אסם (400 גרם),קבוצת אסם סחר שות. מוגבלת,,,יח`,400,גרם,false,1,7.90,1.98,true,1,
7290000060965,false,אטריות רחבות אסם (400 גרם),קבוצת אסם סחר שות. מוגבלת,,,יח`,400,גרם,false,1,7.90,1.98,true,1,
7290000061061,false,קרקר בצל אסם (250 גרם),קבוצת אסם סחר שות. מוגבלת,,,יח`,250,גרם,false,1,10.90,4.36,true,1,
7290000061085,false,רוטב צ`ילי מתוק אסם (290 מל),קבוצת אסם סחר שות. מוגבלת,,,יח`,290,גרם,false,1,11.90,4.10,true,1,
7290000061108,false,רוטב טריאקי אסם (290 מל),קבוצת אסם סחר שות. מוגבלת,,,יח`,290,גרם,false,1,11.90,4.10,true,1,
7290000061214,false,פתיתים אפויים 500 גר` קוסקוס+בצל אסם,קבוצת אסם סחר שות. מוגבלת,,,יח`,500,גרם,false,1,6.90,1.38,true,1,
7290000061245,false,עוגיות שוקוצ`יפס,קבוצת אסם סחר שות. מוגבלת,,,יח`,220,גרם,false,1,10.90,4.95,true,1,
7290000061450,false,פתיתים אפויים 500 גר`3 צבעים אסם,קבוצת אסם סחר שות. מוגבלת,,,יח`,500,גרם,false,1,6.90,1.38,true,1,
7290000061764,false,קפה רד מאג נסקפה (200 גרם),קבוצת אסם סחר שות. מוגבלת,,,יח`,200,גרם,false,1,18.90,9.45,false,1,
7290000062129,false,אינסטנט פודינג בטעם וניל אסם (1 קג),קבוצת אסם סחר שות. מוגבלת,,,יח`,1,"ק""ג",false,1,23.90,23.90,false,1,
7290000062952,false,מיני קרוטונים למרק,קבוצת אסם סחר שות. מוגבלת,,,יח`,250,גרם,false,1,15.90,6.36,true,1,
7290000063102,false,קמח תופח אסם (350 גרם),קבוצת אסם סחר שות. מוגבלת,,,יח`,350,גרם,false,1,5,1.43,false,1,
7290000063133,false,שקדי מרק אסם (100 גרם),קבוצת אסם סחר שות. מוגבלת,,,יח`,100,גרם,false,1,5.90,5.90,false,1,
7290000063140,false,שקדי מרק אסם (400 גרם),קבוצת אסם סחר שות. מוגבלת,,,יח`,400,גרם,false,1,10.90,2.73,true,1,
7290000063157,false,קמח תופח אסם (1 קג),קבוצת אסם סחר שות. מוגבלת,,,יח`,1,"ק""ג",false,1,9.50,9.50,false,1,
7290000064758,false,קוסקוס בינוני אסם (350 גרם),קבוצת אסם סחר שות. מוגבלת,,,יח`,350,גרם,false,1,8.90,2.54,false,1,
7290000064871,false,מנה חמה פירה עם בצל אסם (56 גרם),קבוצת אסם סחר שות. מוגבלת,,,יח`,56,גרם,false,1,6.90,12.32,true,1,
7290000065335,false,מנה חמה פירה עם ירקות אסם (55 גרם),קבוצת אסם סחר שות. מוגבלת,,,יח`,55,גרם,false,1,6.90,12.55,true,1,
7290000065540,false,מנה חמה פסטה מוקרמת,קבוצת אסם סחר שות. מוגבלת,,,יח`,55,גרם,false,1,6.90,12.55,true,1,
7290000065557,false,מנה חמה קוסקוס עם ירקות אסם (84 גרם),קבוצת אסם סחר שות. מוגבלת,,,יח`,62,גרם,false,1,6.90,11.13,true,1,
7290000066141,false,ביסלי חטיף בטעם גריל אסם (70 גרם),קבוצת אסם סחר שות. מוגבלת,,,יח`,70,גרם,false,1,3.90,5.57,true,1,
7290000066189,false,ביסלי חטיף בטעם פלאפל אסם (200 גרם),קבוצת אסם סחר שות. מוגבלת,,,יח`,200,גרם,false,1,7.90,3.95,true,1,
7290000066196,false,ביסלי חטיף בטעם גריל אסם (200 גרם),קבוצת אסם סחר שות. מוגבלת,,,יח`,200,גרם,false,1,7.90,3.95,true,1,
7290000066226,false,ביסלי חטיף בטעם פיצה אסם (200 גרם),קבוצת אסם סחר שות. מוגבלת,,,יח`,200,גרם,false,1,7.90,3.95,true,1,
7290000066295,false,במבה מתוקה בטעם תות אסם (30 גרם),קבוצת אסם סחר שות. מוגבלת,,,יח`,30,גרם,false,1,2.90,9.67,false,1,
7290000066318,false,במבה אסם (80 גרם),קבוצת אסם סחר שות. מוגבלת,,,יח`,80,גרם,false,1,4.30,5.38,true,1,
7290000066332,false,אפרופו חטיף תירס אסם (50 גרם),קבוצת אסם סחר שות. מוגבלת,,,יח`,50,גרם,false,1,5,10,true,1,
7290000066431,false,חטיף פופקו חמאה ודבש אסם (80 גרם),קבוצת אסם סחר שות. מוגבלת,,,יח`,80,גרם,false,1,5.50,6.88,true,1,
7290000067544,false,פירורית זהב אסם (200 גרם),קבוצת אסם סחר שות. מוגבלת,,,יח`,200,גרם,false,1,6.90,3.45,false,1,
7290000067599,false,מנה חמה ספגטי בולונז אסם (65 גרם),קבוצת אסם סחר שות. מוגבלת,,,יח`,65,גרם,false,1,6.90,10.62,true,1,
7290000067735,false,ניוקי בצקיות מקמח אסם פרפקטו (500 גרם),קבוצת אסם סחר שות. מוגבלת,,,יח`,500,גרם,false,1,12.90,2.58,false,1,
7290000068138,false,פודינג בטעם וניל 80  גר`אסם,קבוצת אסם סחר שות. מוגבלת,,,יח`,80,גרם,false,1,5.90,7.38,false,1,
7290000068237,false,אבקה להכנת ג`לי בטעם פטל אסם (85 גרם),קבוצת אסם סחר שות. מוגבלת,,,יח`,85,גרם,false,1,6.90,8.12,false,1,
7290000068343,false,פריכונים מאורז מלא אסם (140 גרם),קבוצת אסם סחר שות. מוגבלת,,,יח`,140,גרם,false,1,7.90,5.64,true,1,
7290000068701,false,שקדי מרק במיכל,קבוצת אסם סחר שות. מוגבלת,,,יח`,400,גרם,false,1,15.90,3.98,false,1,
7290000068770,false,במבה יום הולדת אסם (80 גרם),קבוצת אסם סחר שות. מוגבלת,,,יח`,80,גרם,false,1,4.30,5.38,true,1,
7290000068787,false,במבה יום הולדת מהדרין אסם (25 גרם),קבוצת אסם סחר שות. מוגבלת,,,יח`,25,גרם,false,1,2.90,11.60,false,1,
7290000069715,false,חטיפי קרקר מלוח אסם (300 גרם),קבוצת אסם סחר שות. מוגבלת,,,יח`,300,גרם,false,1,11.90,3.97,true,1,
7290000070308,false,מרק עוף אמיתי בשרי אסם (400 גרם),קבוצת אסם סחר שות. מוגבלת,,,יח`,400,גרם,false,1,20,5,false,1,
7290000070322,false,מרק פטריות אסם (400 גרם),קבוצת אסם סחר שות. מוגבלת,,,יח`,400,גרם,false,1,24.90,6.23,true,1,
7290000070353,false,מרק בצל רכיבים טבעיים אסם (400 גרם),קבוצת אסם סחר שות. מוגבלת,,,יח`,400,גרם,false,1,24.90,6.23,true,1,
7290000070919,false,בייגלה רשתות עם מלח אסם (400 גרם),קבוצת אסם סחר שות. מוגבלת,,,יח`,400,גרם,false,1,12.90,3.23,true,1,
7290000071008,false,בייגלה שטוחים טבעות עם מלח אסם (60 גרם),קבוצת אסם סחר שות. מוגבלת,,,יח`,60,גרם,false,1,2.90,4.83,false,1,
7290000072067,false,במבה במילוי קרם חלבה אסם (60 גרם),קבוצת אסם סחר שות. מוגבלת,,,יח`,60,גרם,false,1,4.30,7.17,true,1,
7290000072241,false,רוטב פיצה אסם (290 מל),קבוצת אסם סחר שות. מוגבלת,,,יח`,290,גרם,false,1,11.90,4.10,true,1,
7290000072623,false,קטשופ אסם (750 גרם),קבוצת אסם סחר שות. מוגבלת,,,יח`,750,גרם,false,1,10.90,1.45,true,1,
7290000072753,false,קפה טייסטרס צ`ויס נסקפה (200 גרם),קבוצת אסם סחר שות. מוגבלת,,,יח`,200,גרם,false,1,29.90,14.95,false,1,
7290000072777,false,טייסטר צ ויס נטול 200 גר,קבוצת אסם סחר שות. מוגבלת,,,יח`,200,גרם,false,1,35.90,17.95,false,1,
7290000072968,false,סיני מיניס בטעם קינמון נסטלה (500 גרם),קבוצת אסם סחר שות. מוגבלת,,,יח`,375,גרם,false,1,19.90,5.31,true,1,
7290000073125,false,מנה חמה פסטה ברוטב עגבניות אסם (62 גרם),קבוצת אסם סחר שות. מוגבלת,,,יח`,62,גרם,false,1,6.90,11.13,true,1,
7290000073415,false,מנה חמה פסטה ברוטב פיצה אסם (61 גרם),קבוצת אסם סחר שות. מוגבלת,,,יח`,61,גרם,false,1,6.90,11.31,true,1,
7290000073699,false,צבר חומוס 150 גר`,קבוצת אסם סחר שות. מוגבלת,,,יח`,150,גרם,false,1,4.50,3,false,1,
7290000073750,false,מנה חמה נודלס בטעם עוף אסם (70 גרם),קבוצת אסם סחר שות. מוגבלת,,,יח`,70,גרם,false,1,7.90,11.29,true,1,
7290000073767,false,מנה חמה נודלס בטעם בקר אסם (70 גרם),קבוצת אסם סחר שות. מוגבלת,,,יח`,70,גרם,false,1,7.90,11.29,true,1,
7290000073774,false,מנה חמה נודלס בטעם פיקנטי אסם (70 גרם),קבוצת אסם סחר שות. מוגבלת,,,יח`,76,גרם,false,1,7.90,10.39,true,1,
7290000074153,false,ביסקוויט פתי בר שוקולד אסם (500 גרם),קבוצת אסם סחר שות. מוגבלת,,,יח`,500,גרם,false,1,11.90,2.38,false,1,
7290000074184,false,ביסקוויט פתי בר אסם (500 גרם),קבוצת אסם סחר שות. מוגבלת,,,יח`,500,גרם,false,1,11.90,2.38,true,1,
7290000074245,false,קרם קרקר אסם (250 גרם),קבוצת אסם סחר שות. מוגבלת,,,יח`,250,גרם,false,1,9.90,3.96,true,1,
7290000074276,false,קרקר פיקנטי אסם (250 גרם),קבוצת אסם סחר שות. מוגבלת,,,יח`,250,גרם,false,1,10.90,4.36,true,1,
7290000074375,false,קרקר זהב אסם (150 גרם),קבוצת אסם סחר שות. מוגבלת,,,יח`,150,גרם,false,1,7.90,5.27,true,1,
7290000074481,false,קרקר לחמית אגוזים אסם (160 גרם),קבוצת אסם סחר שות. מוגבלת,,,יח`,160,גרם,false,1,10.90,6.81,true,1,
7290000074696,false,קרם קרקר אסם (1 קג),קבוצת אסם סחר שות. מוגבלת,,,יח`,1,"ק""ג",false,1,27.90,27.90,true,1,
7290000074764,false,קרקר זהב אסם (900 גרם),קבוצת אסם סחר שות. מוגבלת,,,יח`,900,גרם,false,1,27.90,3.10,true,1,
7290000075204,false,קרקר לחמית חיטה מלאה אסם (250 גרם),קבוצת אסם סחר שות. מוגבלת,,,יח`,250,גרם,false,1,8.90,3.56,true,1,
7290000075693,false,עוגת הבית שמרים בריוש שוקולד 360 גר`,קבוצת אסם סחר שות. מוגבלת,,,יח`,360,גרם,false,1,17.90,4.97,true,1,
7290000076126,false,בייגלה שמיניות עם מלח אסם (80 גרם),קבוצת אסם סחר שות. מוגבלת,,,יח`,80,גרם,false,1,2.90,3.63,false,1,
7290000076133,false,בייגלה שמיניות עם מלח אסם (400 גרם),קבוצת אסם סחר שות. מוגבלת,,,יח`,400,גרם,false,1,9.90,2.48,true,1,
7290000076645,false,טוסטעים חיטה מלאה אסם (100 גרם),קבוצת אסם סחר שות. מוגבלת,,,יח`,100,גרם,false,1,9.90,9.90,false,1,
7290000077017,false,קרמוגית משהו שוקולוד,קבוצת אסם סחר שות. מוגבלת,,,יח`,200,גרם,false,1,11.90,5.95,true,1,
7290000077253,false,קרקר לחמית כפרית אסם (190 גרם),קבוצת אסם סחר שות. מוגבלת,,,יח`,190,גרם,false,1,10.90,5.74,true,1,
7290000077925,false,טוסטעים צנימים מחיטה מלאה 125 גר`,קבוצת אסם סחר שות. מוגבלת,,,יח`,125,גרם,false,1,9.90,7.92,false,1,
7290000078212,false,קרוטונים מתובלים למרק אסם (250 גרם),קבוצת אסם סחר שות. מוגבלת,,,יח`,250,גרם,false,1,15.90,6.36,true,1,
7290000078762,false,פריכונים בדבש מאורז מלא אסם (80 גרם),קבוצת אסם סחר שות. מוגבלת,,,יח`,80,גרם,false,1,7.90,9.88,true,1,
7290000079233,false,קרם קרקר דל נתרן אסם (250 גרם),קבוצת אסם סחר שות. מוגבלת,,,יח`,250,גרם,false,1,10.90,4.36,true,1,
7290000080758,false,פת קלויה טוסטעים אסם (100 גרם),קבוצת אסם סחר שות. מוגבלת,,,יח`,100,גרם,false,1,9.90,9.90,false,1,
7290000081663,false,בייגלה טבעות עם שומשום אסם (300 גרם),קבוצת אסם סחר שות. מוגבלת,,,יח`,300,גרם,false,1,9.90,3.30,true,1,
7290000101132,false,לקט קטניות לחמין 800 גר סנפרוסט,תנובה קפואים,,,יח`,800,גרם,false,1,19.90,2.49,true,1,
7290000103365,false,מרק ירקות עשיר סנפרוסט (550 גרם),תנובה קפואים,,,יח`,560,גרם,false,1,18,3.21,true,1,
7290000103730,false,לקט ירקןת להקפצה עם פסטה 800  גר`סנפרוסט,תנובה קפואים,,,יח`,800,גרם,false,1,24,3,true,1,
7290000103815,false,לקט להקפצה בסגנון תאילנדי 800  גר`סנפרוס,תנובה קפואים,,,יח`,800,גרם,false,1,24,3,true,1,
7290000103846,false,מרק אפונה עשיר בירקות סנפרוסט (572 גרם),תנובה קפואים,,,יח`,572,גרם,false,1,18,3.15,true,1,
7290000103860,false,מרק עדשים עשיר בירקות סנפרוסט (572 גרם),תנובה קפואים,,,יח`,572,גרם,false,1,18,3.15,true,1,
7290000103877,false,מרק שעועית עשיר בירקות סנפרוסט (644 גרם),תנובה קפואים,,,יח`,644,גרם,false,1,18,2.80,true,1,
7290000104188,false,שעועית אדומה מבושלת 800  גר`סנפרוסט,תנובה קפואים,,,יח`,800,גרם,false,1,19.90,2.49,true,1,
7290000104201,false,אפונה עדינה מוקפאת סנפרוסט (600 גרם),תנובה קפואים,,,יח`,600,גרם,false,1,18.90,3.15,true,1,
7290000104218,false,במיה 600  גר`סנפרוסט,תנובה קפואים,,,יח`,600,גרם,false,1,18.90,3.15,true,1,
7290000104676,false,אפונה 800  גר`סנפרוסט,תנובה קפואים,,,יח`,800,גרם,false,1,15.90,1.99,true,1,
7290000104683,false,שעועית ירוקה שלמה סנפרוסט (800 גרם),תנובה קפואים,,,יח`,800,גרם,false,1,19.90,2.49,true,1,
7290000104690,false,גרעיני תירס מוקפאים סנפרוסט (800 גרם),תנובה קפואים,,,יח`,800,גרם,false,1,17.90,2.24,true,1,
7290000104706,false,גזר גמדי מוקפא סנפרוסט (800 גרם),תנובה קפואים,,,יח`,800,גרם,false,1,17.90,2.24,true,1,
7290000104713,false,פול ירוק 800  גר`סנפרוסט,תנובה קפואים,,,יח`,800,גרם,false,1,24.90,3.11,true,1,
7290000104720,false,שעועית ירוקה חתוכה סנפרוסט (800 גרם),תנובה קפואים,,,יח`,800,גרם,false,1,19.90,2.49,true,1,
7290000104744,false,כרובית מוקפאת סנפרוסט (800 גרם),תנובה קפואים,,,יח`,800,גרם,false,1,25,3.13,true,1,
7290000104751,false,כרוב ניצנים סנפרוסט (800 גרם),תנובה קפואים,,,יח`,800,גרם,false,1,24.90,3.11,true,1,
7290000104768,false,עלי תרד סנפרוסט (800 גרם),תנובה קפואים,,,יח`,800,גרם,false,1,26,3.25,true,1,
7290000104799,false,שעועית לבנה מבושלת סנפרוסט (800 גרם),תנובה קפואים,,,יח`,800,גרם,false,1,19.90,2.49,true,1,
7290000104805,false,גרגרי חומוס מבושלים סנפרוסט (800 גרם),תנובה קפואים,,,יח`,800,גרם,false,1,19.90,2.49,true,1,
7290000104829,false,קלחוני תירס 1 קג סנפרוסט,תנובה קפואים,,,יח`,1,"ק""ג",false,1,21,21,true,1,
7290000104836,false,שעועית עדינה שלמה סנפרוסט (600 גרם),תנובה קפואים,,,יח`,600,גרם,false,1,22.90,3.82,true,1,
7290000104874,false,לקט מוקפא לקוסקוס סנפרוסט (800 גרם),תנובה קפואים,,,יח`,800,גרם,false,1,23,2.88,true,1,
7290000104881,false,לקט אפונה וגזר מוקפאים סנפרוסט (800 גרם),תנובה קפואים,,,יח`,800,גרם,false,1,16.90,2.11,true,1,
7290000104911,false,לקט נורמנדי מוקפא סנפרוסט (800 גרם),תנובה קפואים,,,יח`,800,גרם,false,1,16.90,2.11,true,1,
7290000107165,false,חטיף סויה אדממה סנפרוסט (400 גרם),תנובה קפואים,,,יח`,400,גרם,false,1,14,3.50,true,1,
7290000107295,false,ברוקולי סנפרוסט (800 גרם),תנובה קפואים,,,יח`,800,גרם,false,1,24.90,3.11,true,1,
7290000107615,false,מנה אסייתית צבעונית ועשירה 800  גר`סנפרו,תנובה קפואים,,,יח`,800,גרם,false,1,23,2.88,true,1,
7290000110844,false,כיפלי 70  גר`גריל,יוניליוור ישראל שיווק בעמ,,,יח`,70,גרם,false,1,5.90,8.43,true,1,
7290000111186,false,מיונז אמיתי תלמה (500 גרם),יוניליוור ישראל שיווק בעמ,,,יח`,500,גרם,false,1,8.90,1.78,false,1,
7290000111353,false,מיונז אמיתי תלמה (1 קג),יוניליוור ישראל שיווק בעמ,,,יח`,1,"ק""ג",false,1,17.90,17.90,false,1,
7290000111360,false,חרדל אמיתי תלמה (250 גרם),יוניליוור ישראל שיווק בעמ,,,יח`,250,גרם,false,1,6.90,2.76,false,1,
7290000111384,false,חרדל אמיתי תלמה (550 גרם),יוניליוור ישראל שיווק בעמ,,,יח`,550,גרם,false,1,9.90,1.80,true,1,
7290000112220,false,בארכה טחינה 100% שומשום,קבוצת אסם סחר שות. מוגבלת,,,יח`,500,גרם,false,1,13.90,2.78,true,1,
7290000112497,false,מרק עשיר עוף עם אטריות קנור (68 גרם),יוניליוור ישראל שיווק בעמ,,,יח`,75,גרם,false,1,9.90,13.20,true,1,
7290000112619,false,מרק עוף אמיתי בשרי קנור (400 גרם),יוניליוור ישראל שיווק בעמ,,,יח`,400,גרם,false,1,25.90,6.48,true,1,
7290000116204,false,מרק דגש זך טעם עוף קנור (1 קג),יוניליוור ישראל שיווק בעמ,,,יח`,1,"ק""ג",false,1,17.90,17.90,false,1,
7290000116921,false,רוטב צ`ילי מתוק קנור (300 מל),יוניליוור ישראל שיווק בעמ,,,יח`,340,גרם,false,1,12.90,3.79,true,1,
7290000117171,false,נמס בכוס מרק עוף דל קל,יוניליוור ישראל שיווק בעמ,,,יח`,46,גרם,false,1,6.90,15,false,1,
7290000117720,false,מרק נמס בכוס פטריות קנור (21.5x2 גרם),יוניליוור ישראל שיווק בעמ,,,יח`,43,גרם,false,1,6.90,16.05,true,1,
7290000118277,false,אבקה לקניידלך קנור (2  יח`- 130 גרם),יוניליוור ישראל שיווק בעמ,,,יח`,130,גרם,false,1,12.90,9.92,true,1,
7290000120836,false,מיונז אמיתי הלמנס (394 גרם),יוניליוור ישראל שיווק בעמ,,,יח`,433,גרם,false,1,12.90,2.98,true,1,
7290000120874,false,מיונז לייט הלמנס (424 גרם),יוניליוור ישראל שיווק בעמ,,,יח`,476,גרם,false,1,12.90,2.71,true,1,
7290000121093,false,מון בלאן שויצרית,נטו מלינדה סחר בעמ,,,יח`,120,גרם,false,1,11.60,9.67,true,1,
7290000122830,false,רוטב סצ`ואן קנור (300 מל),יוניליוור ישראל שיווק בעמ,,,יח`,300,גרם,false,1,12.90,4.30,true,1,
7290000129457,false,רוטב פטריות קנור (28 גרם),יוניליוור ישראל שיווק בעמ,,,יח`,28,גרם,false,1,4.90,17.50,true,1,
7290000129785,false,מרכך כביסה ירוק בדין (4 ליטר),יוניליוור ישראל שיווק בעמ,,,יח`,4,1 ליטר,false,1,19.90,4.98,false,1,
7290000133645,false,מש.שיניים אורביטול שלישיה,החברה הדרומית לשיווק בעמ,,,יח`,435,גרם,false,1,19.90,4.57,true,1,
7290000134147,false,מוסקט טחון 40 גר`,תבליני טעם וריח בעמ,,,יח`,40,גרם,false,1,13.90,34.75,false,1,
7290000134314,false,תיבול לפיצה 120 גר`,תבליני טעם וריח בעמ,,,יח`,120,גרם,false,1,9.90,8.25,true,1,
7290000134376,false,פפריקה בשמן 90 גר`,תבליני טעם וריח בעמ,,,יח`,90,גרם,false,1,9.90,11,true,1,
7290000134550,false,עלי דפנה 20 גר`,תבליני טעם וריח בעמ,,,יח`,20,גרם,false,1,6.90,34.50,false,1,
7290000134680,false,קימל שלם 40 גר`,תבליני טעם וריח בעמ,,,יח`,40,גרם,false,1,6.90,17.25,false,1,
7290000134758,false,תיבול לתפוא 100 גר`,תבליני טעם וריח בעמ,,,יח`,100,גרם,false,1,9.90,9.90,true,1,
7290000134826,false,זעתר מעורב 100 גר`,תבליני טעם וריח בעמ,,,יח`,100,גרם,false,1,9.90,9.90,true,1,
7290000134833,false,כמון טחון 100 גר`,תבליני טעם וריח בעמ,,,יח`,100,גרם,false,1,9.90,9.90,true,1,
7290000134840,false,כורכום טחון 100 גר`,תבליני טעם וריח בעמ,,,יח`,100,גרם,false,1,9.90,9.90,true,1,
7290000134857,false,פפריקה מתוקה 100 גר`,תבליני טעם וריח בעמ,,,יח`,100,גרם,false,1,9.90,9.90,true,1,
7290000134871,false,פלפל שחור טחון 100 גר`,תבליני טעם וריח בעמ,,,יח`,100,גרם,false,1,12.90,12.90,true,1,
7290000134970,false,חוואיג`100 גר`,תבליני טעם וריח בעמ,,,יח`,100,גרם,false,1,9.90,9.90,true,1,
7290000134994,false,טימין 20 גר`,תבליני טעם וריח בעמ,,,יח`,20,גרם,false,1,6.90,34.50,false,1,
7290000135052,false,משקה אנרגיה מנגו אקסל (250  מל)TEN,טמפו משקאות בעמ,,,יח`,250,גרם,false,1,4.90,1.84,true,1,
7290000135113,false,משקה אנרגיה אקסל נענע ליים ללס (250 מל,טמפו משקאות בעמ,,,יח`,250,גרם,false,1,4.90,1.84,true,1,
7290000135311,false,פפסי מקס ליים 1.5 ליטר,טמפו משקאות בעמ,,,יח`,1500,גרם,false,1,8.50,0.55,true,1,
7290000135595,false,פפסי מקס דובדבן 1.5 ליטר,טמפו משקאות בעמ,,,יח`,1500,גרם,false,1,8.20,0.55,false,1,
7290000136141,false,פפסי 1.5 ליטר,טמפו משקאות בעמ,,,יח`,1.50,1 ליטר,false,1,8.90,5.73,true,1,
7290000136158,false,פפסי מקס 1.5 ליטר,טמפו משקאות בעמ,,,יח`,1.50,1 ליטר,false,1,8.50,5.47,true,1,
7290000136165,false,מירנדה 1.5 ליטר,טמפו משקאות בעמ,,,יח`,1.50,1 ליטר,false,1,8.90,5.73,true,1,
7290000136172,false,סבן אפ 1.5 ליטר,טמפו משקאות בעמ,,,יח`,1.50,1 ליטר,false,1,8.90,5.73,true,1,
7290000136189,false,סבן אפ דיאט 1.5 ליטר,טמפו משקאות בעמ,,,יח`,1.50,1 ליטר,false,1,7.90,5.07,true,1,
7290000136240,false,סודה טמפו 1.5 ליטר,טמפו משקאות בעמ,,,יח`,1.50,1 ליטר,false,1,3,1.80,false,1,
7290000136516,false,ג`אמפ בטעם מנגו פסיפלורה 1.5 ליטר,טמפו משקאות בעמ,,,יח`,1.50,1 ליטר,false,1,7.20,4.60,true,1,
7290000136561,false,ג`אמפ בטעם תות בננה 1.5 ליטר,טמפו משקאות בעמ,,,יח`,1.50,1 ליטר,false,1,7.20,4.60,true,1,
7290000136585,false,ג`אמפ בטעם תפוזים 1.5 ליטר,טמפו משקאות בעמ,,,יח`,1.50,1 ליטר,false,1,7.20,4.60,true,1,
7290000136691,false,סבן אפ 1.5 ליטר שישייה,טמפו משקאות בעמ,,,יח`,9,1 ליטר,false,1,41.30,4.39,false,1,
7290000136776,false,פפסי מקס 1.5 ליטר שישיה,טמפו משקאות בעמ,,,יח`,9,1 ליטר,false,1,37.90,4.01,false,1,
7290000136783,false,מירנדה 1.5 ליטר שישייה,טמפו משקאות בעמ,,,יח`,9,1 ליטר,false,1,41.30,4.39,false,1,
7290000136790,false,סודה טמפו 1.5 ליטר שישייה,טמפו משקאות בעמ,,,יח`,9,1 ליטר,false,1,17.90,1.79,false,1,
7290000136806,false,סודה בטעם לימון ליים 1.5 רביעייה רביעייה,טמפו משקאות בעמ,,,יח`,6,1 ליטר,false,1,11.90,1.78,false,1,
7290000136813,false,סודה בטעם אננס 1.5 ליטר רביעייה טמפו,טמפו משקאות בעמ,,,יח`,6,1 ליטר,false,1,11.90,1.78,false,1,
7290000136844,false,אקווה נובה 2 ליטר שישיה,טמפו משקאות בעמ,,,יח`,12,1 ליטר,false,1,12.90,0.93,false,1,
7290000136868,false,סאן בנדטו 1.5 ליטר שישייה,טמפו משקאות בעמ,,,יח`,9,1 ליטר,false,1,18.90,1.90,true,1,
7290000143200,false,מרכך לשיער יבש הוואי (700 מל),הנקל סוד בעמ,,,יח`,700,גרם,false,1,8.90,1.27,false,1,
7290000143217,false,הוואי שמפו לשיער יבש700 מל כחול,הנקל סוד בעמ,,,יח`,700,גרם,false,1,8.90,1.27,false,1,
7290000143255,false,הוואי שמפו לשיער רגיל 700 מל ירוק,הנקל סוד בעמ,,,יח`,700,גרם,false,1,8.90,1.27,false,1,
7290000143279,false,שמפו למניעת קשקשים הוואי (700 מל),הנקל סוד בעמ,,,יח`,700,גרם,false,1,8.90,1.27,false,1,
7290000143286,false,הוואי מרכך לשיער רגיל 700 מל ירוק,הנקל סוד בעמ,,,יח`,700,גרם,false,1,8.90,1.27,false,1,
7290000144467,false,שמן חמניות מזוכך עץ הזית (1 ליטר),סוגת תעשיות בעמ,,,יח`,1,1 ליטר,false,1,16.90,16.90,true,1,
7290000144474,false,שמן קנולה מזוכך עץ הזית (1 ליטר),סוגת תעשיות בעמ,,,יח`,1,1 ליטר,false,1,15.90,15.90,true,1,
7290000146652,false,הוואי סבון מוצק ורוד 100  גר`רביעייה,הנקל סוד בעמ,,,יח`,400,גרם,false,1,11.90,2.98,false,1,
7290000146676,false,הוואי סבון מוצק לגבר 100  גר`רביעייה,הנקל סוד בעמ,,,יח`,400,גרם,false,1,11.90,2.98,false,1,
7290000146683,false,הוואי סבון מוצק 100  גר`רביעייה,הנקל סוד בעמ,,,יח`,400,גרם,false,1,11.90,2.98,false,1,
7290000146997,false,משחת שיניים לילדים טום וג`רי (50 מל),הנקל סוד בעמ,,,יח`,60,גרם,false,1,8.90,14.83,true,1,
7290000148489,false,גרעיני דלעת שקית 200 גר`,ליימן שליסל בעמ,,,יח`,200,גרם,false,1,8.90,4.45,false,1,
7290000148748,false,גרעיני חמניה 200 גר`,ליימן שליסל בעמ,,,יח`,200,גרם,false,1,5.90,2.95,true,1,
7290000149615,false,סבון מוצק לתינוק נקה  (100x47 גרם),החברה הדרומית לשיווק בעמ,,,יח`,400,גרם,false,1,10.90,2.73,true,1,
7290000149905,false,טקסטיל שמפו נוזל,החברה הדרומית לשיווק בעמ,,,יח`,1,1 ליטר,false,1,12.90,12.90,false,1,
7290000153469,false,קציצות עוף קלאסיות 600  גר`עוף טוב,קבוצת אסם סחר שות. מוגבלת,,,יח`,600,גרם,false,1,28.90,4.82,true,1,
7290000158105,false,שניצל עוף מיני דיזוזאור 700  גר`עוף טוב,קבוצת אסם סחר שות. מוגבלת,,,יח`,700,גרם,false,1,34.90,4.99,true,1,
7290000161358,false,מיונז אמיתי משמן קנולה תלמה (500 גרם),יוניליוור ישראל שיווק בעמ,,,יח`,500,גרם,false,1,14.90,2.98,true,1,
7290000168173,false,ברנפלקס קרנצ`ים 375  גר`בדצ,יוניליוור ישראל שיווק בעמ,,,יח`,375,גרם,false,1,22.90,6.11,true,1,
7290000169538,false,נמס בכוס עגבניות וקרוטונים,יוניליוור ישראל שיווק בעמ,,,יח`,17,גרם,false,1,6.90,40.59,true,1,
7290000174723,false,שוקולית אבקת שוקו עלית (500 גרם),שטראוס גרופ בעמ,,,יח`,500,גרם,false,1,11.90,2.38,false,1,
7290000176062,false,קפה טורקי עלית (100 גרם),שטראוס גרופ בעמ,,,יח`,100,גרם,false,1,8.90,8.90,false,1,
7290000176079,false,קפה טורקי עם הל עלית (100 גרם),שטראוס גרופ בעמ,,,יח`,100,גרם,false,1,8.90,8.90,false,1,
7290000176413,false,נס קפה קטן פח,שטראוס גרופ בעמ,,,יח`,50,גרם,false,1,9.90,19.80,false,1,
7290000176420,false,קפה נמס עלית (200 גרם),שטראוס גרופ בעמ,,,יח`,200,גרם,false,1,19.90,9.95,false,1,
7290000178707,false,חטיף צ`יפס בטעם טבעי תפוצ`יפס (50 גרם),שטראוס פריטו ליי בעמ,,,יח`,50,גרם,false,1,3.90,7.80,false,1,
7290000178721,false,חטיף צ`יפס בטעם טבעי תפוצ`יפס (200 גרם),שטראוס פריטו ליי בעמ,,,יח`,200,גרם,false,1,10.90,5.45,true,1,
7290000186030,false,מגבוני האגיס רביעייה עם תחליב,קימברלי קלארק ישראל שיווק בעמ,,,יח`,1,,false,1,31.90,31.90,true,1,
7290000186535,false,נייר טואלט טריו לבן לילי) (32,קימברלי קלארק ישראל שיווק בעמ,,,יח`,1,,false,1,44.90,44.90,false,1,
7290000187921,false,נייר טואלט קלאסיק לבן לילי) (32,קימברלי קלארק ישראל שיווק בעמ,,,יח`,1969,גרם,false,1,39.90,2.03,false,1,
7290000187938,false,נייר טואלט פסטל לילי 32 גלילים,קימברלי קלארק ישראל שיווק בעמ,,,יח`,1,,false,1,32.90,32.90,false,1,
7290000188355,false,מגבת נייר ניקול) (6,קימברלי קלארק ישראל שיווק בעמ,,,יח`,1,,false,1,12.90,12.90,false,1,
7290000188591,false,מגן תחתון יאנג קוטקס) (60,קימברלי קלארק ישראל שיווק בעמ,,,יח`,1,יח`,false,1,15.90,15.90,false,1,
7290000189079,false,ניקול תבניות אינגליש עבות במיוחד,קימברלי קלארק ישראל שיווק בעמ,,,יח`,1,,false,1,10.90,10.90,false,1,
7290000189192,false,מגבת רב שימושית ניקול,קימברלי קלארק ישראל שיווק בעמ,,,יח`,1,יח`,false,1,19.90,19.90,false,1,
7290000189277,false,ניקול תבניות מלבנית גדולה וחזקה,קימברלי קלארק ישראל שיווק בעמ,,,יח`,1,,false,1,10.90,10.90,false,1,
7290000189550,false,זוג אשפתון 90x78 ניקול) (10x2,קימברלי קלארק ישראל שיווק בעמ,,,יח`,1,יח`,false,1,24.90,24.90,false,1,
7290000189598,false,מטליות לחות לניקוי כללי ניקול) (50,קימברלי קלארק ישראל שיווק בעמ,,,יח`,1,יח`,false,1,12.90,12.90,true,1,
7290000189734,false,מטליות לחות לניקוי פרקטים ניקול) (10,קימברלי קלארק ישראל שיווק בעמ,,,יח`,1,,false,1,22.90,22.90,true,1,
7290000189871,false,שקיות אשפה לפח עם שרוך 64x52 ניקול) (55,קימברלי קלארק ישראל שיווק בעמ,,,יח`,1,,false,1,18.90,18.90,true,1,
7290000190150,false,מפיות אירוח לילי סטייל ניקול) (20,קימברלי קלארק ישראל שיווק בעמ,,,יח`,102,גרם,false,1,9.90,9.71,false,1,
7290000190198,false,מטליות לניקוי וחיטוי ניקול,קימברלי קלארק ישראל שיווק בעמ,,,יח`,1,,false,1,11.90,11.90,true,1,
7290000190853,false,נייר טואלט 30 גלילים לילי לבן,קימברלי קלארק ישראל שיווק בעמ,,,יח`,2300,גרם,false,1,39.90,1.73,false,1,
7290000191225,false,חיתולי ליטל בייביס שלב 2 האגיס) (44,קימברלי קלארק ישראל שיווק בעמ,,,יח`,1,,false,1,34.90,34.90,false,1,
7290000191652,false,ממחטות אף קלינקס) (90x3,קימברלי קלארק ישראל שיווק בעמ,,,יח`,1,,false,1,11.90,11.90,false,1,
7290000193014,false,מגן תחתון לילי) (50,קימברלי קלארק ישראל שיווק בעמ,,,יח`,1,,false,1,10.90,10.90,false,1,
7290000193083,false,תחבושות נובה-לי לילי) (28,קימברלי קלארק ישראל שיווק בעמ,,,יח`,1,,false,1,10.90,10.90,false,1,
7290000193205,false,תח`לילי נטורל לילה,קימברלי קלארק ישראל שיווק בעמ,,,יח`,1,יח`,false,1,15.90,15.90,false,1,
7290000193472,false,מגן תחתון נטורל נורמל לילי) (60,קימברלי קלארק ישראל שיווק בעמ,,,יח`,1,יח`,false,1,15.90,15.90,false,1,
7290000193540,false,מגן תחתון נטורל לונג לילי) (52,קימברלי קלארק ישראל שיווק בעמ,,,יח`,1,יח`,false,1,15.90,15.90,false,1,
7290000193649,false,תחבושות נורמל עם כנפיים לילי) (24,קימברלי קלארק ישראל שיווק בעמ,,,יח`,1,יח`,false,1,15.90,15.90,false,1,
7290000193656,false,תחבושות נטורל סופר עם כנפיים לילי) (24,קימברלי קלארק ישראל שיווק בעמ,,,יח`,1,יח`,false,1,15.90,15.90,false,1,
7290000194837,false,שקיות מזון גדולות עם ידית ניקול) (200,קימברלי קלארק ישראל שיווק בעמ,,,יח`,1,,false,1,13.90,13.90,true,1,
7290000195216,false,ניקול נייר אפייה 50 דף בשקית,קימברלי קלארק ישראל שיווק בעמ,,,יח`,1,,false,1,9.90,9.90,false,1,
7290000195537,false,מגבוני האגיס דיילי קר ללא בישום 4*64,קימברלי קלארק ישראל שיווק בעמ,,,יח`,1,,false,1,19.90,19.90,false,1,
7290000195773,false,מגבוני האגיס סנסיטיב קייר ללא בישום 4*64,קימברלי קלארק ישראל שיווק בעמ,,,יח`,1,,false,1,19.90,19.90,false,1,
7290000196039,false,מפת שולחן 110*180 סמ ניקול) (2,קימברלי קלארק ישראל שיווק בעמ,,,יח`,250,גרם,false,1,12.90,5.16,false,1,
7290000197012,false,שקית  ריצ`רץ`למזון ניקול) (15,קימברלי קלארק ישראל שיווק בעמ,,,יח`,15,יח`,false,1,14.90,0.99,false,1,
7290000197029,false,שקיות  ריצ`רץ`רב תכליתיות ניקול) (12,קימברלי קלארק ישראל שיווק בעמ,,,יח`,12,יח`,false,1,14.90,1.24,false,1,
7290000197081,false,ניילון נצמד ניקול 150 מטר סליידר,קימברלי קלארק ישראל שיווק בעמ,,,יח`,150,מטר,false,1,36.90,0.25,true,1,
7290000197425,false,חיתולי פרידום דריי שלב 3 האגיס) (52,קימברלי קלארק ישראל שיווק בעמ,,,יח`,1,,false,1,41.90,41.90,false,1,
7290000197456,false,חיתולי פרידום דריי שלב 4 האגיס) (44,קימברלי קלארק ישראל שיווק בעמ,,,יח`,1,,false,1,41.90,41.90,false,1,
7290000197463,false,חיתולי פרידום דריי שלב +4 האגיס) (40,קימברלי קלארק ישראל שיווק בעמ,,,יח`,1,,false,1,41.90,41.90,false,1,
7290000197548,false,חיתולי פרידום דריי שלב 5 האגיס) (36,קימברלי קלארק ישראל שיווק בעמ,,,יח`,1,,false,1,41.90,41.90,false,1,
7290000197678,false,חיתולי פרידום דריי שלב 6 האגיס) (30,קימברלי קלארק ישראל שיווק בעמ,,,יח`,1,,false,1,41.90,41.90,false,1,
7290000197753,false,זוג ניילון נצמד ניקול (30x2 מטר),קימברלי קלארק ישראל שיווק בעמ,,,יח`,1,יח`,false,1,13.90,13.90,true,1,
7290000197883,false,ניקול תבניות אלומניום גדולות,קימברלי קלארק ישראל שיווק בעמ,,,יח`,1,יח`,false,1,9.90,9.90,false,1,
7290000197999,false,ניקול-רדיד עבה 30*7.5,קימברלי קלארק ישראל שיווק בעמ,,,יח`,1,יח`,false,1,17.90,17.90,true,1,
7290000201849,false,חיתולי פרימיום שלב 4 טיטולים) (40,קימברלי קלארק ישראל שיווק בעמ,,,יח`,1,,false,1,39.90,39.90,true,1,
7290000201856,false,חיתולי פרימיום שלב 4+ טיטולים) (38,קימברלי קלארק ישראל שיווק בעמ,,,יח`,1,,false,1,39.90,39.90,true,1,
7290000201863,false,חיתולי פרימיום שלב 5 טיטולים) (34,קימברלי קלארק ישראל שיווק בעמ,,,יח`,1,,false,1,39.90,39.90,true,1,
7290000201870,false,חיתולי פרימיום שלב 6 טיטולים) (30,קימברלי קלארק ישראל שיווק בעמ,,,יח`,1,,false,1,39.90,39.90,true,1,
7290000201979,false,האגיס מגבונים מארז  *724יח ללא בישום,קימברלי קלארק ישראל שיווק בעמ,,,יח`,1,,false,1,19.90,19.90,false,1,
7290000204086,false,כריות קרצוף סקוטש ניקול) (3,קימברלי קלארק ישראל שיווק בעמ,,,יח`,3,יח`,false,1,12.90,4.30,true,1,
7290000204147,false,כרית יפנית רביעייה ניקול,קימברלי קלארק ישראל שיווק בעמ,,,יח`,4,יח`,false,1,12.90,3.23,true,1,
7290000204215,false,כריות יפניות ניקול) (6,קימברלי קלארק ישראל שיווק בעמ,,,יח`,600,גרם,false,1,12.90,2.15,true,1,
7290000204239,false,ניקול מטליות רצפה רביעיה,קימברלי קלארק ישראל שיווק בעמ,,,יח`,4,יח`,false,1,13.90,3.48,true,1,
7290000204253,false,מטליות רב שימושיות לניקיון ניקול) (9,קימברלי קלארק ישראל שיווק בעמ,,,יח`,9,יח`,false,1,12.90,1.43,true,1,
7290000204611,false,ספוגית הקסם המקורית ניקול) (6,קימברלי קלארק ישראל שיווק בעמ,,,יח`,6,יח`,false,1,11.90,1.98,true,1,
7290000205762,false,האגיס חיתולי אקסטרה קר 3 48 יח,קימברלי קלארק ישראל שיווק בעמ,,,יח`,1,,false,1,46.90,46.90,false,1,
7290000205915,false,האגיס חיתולי אקסטרה קר 40 יח,קימברלי קלארק ישראל שיווק בעמ,,,יח`,1,,false,1,46.90,46.90,false,1,
7290000207063,false,רוטב עגבניות 240  גר`פריכוז יכין,זנלכל בעמ,,,יח`,240,גרם,false,1,4.90,2.04,false,1,
7290000207162,false,רוטב עגבניות 22% יכין (100 גרם),זנלכל בעמ,,,יח`,100,גרם,false,1,2.50,2.50,true,1,
7290000207438,false,עגבניות מקולפות חתוכות לקוביות,זנלכל בעמ,,,יח`,800,גרם,false,1,9.90,1.24,false,1,
7290000208022,false,עגבניות מרוסקות יכין (800 גרם),זנלכל בעמ,,,יח`,800,גרם,false,1,9.90,1.24,false,1,
7290000208077,false,אפונת גינה גדולה יכין (550 גרם),זנלכל בעמ,,,יח`,550,גרם,false,1,8.50,1.55,true,1,
7290000208114,false,אפונת גינה וגזר יכין (550 גרם),זנלכל בעמ,,,יח`,550,גרם,false,1,8.50,1.55,true,1,
7290000208138,false,סירופ דיאט בטעם ענבים יכין (1 ליטר),זנלכל בעמ,,,יח`,1000,גרם,false,1,16.90,1.69,false,1,
7290000208145,false,תירס לייט יכין (550 גרם),זנלכל בעמ,,,יח`,550,גרם,false,1,9.90,1.80,false,1,
7290000208213,false,שעועית לבנה ברוטב עגבניות יכין (580 גרם),זנלכל בעמ,,,יח`,580,גרם,false,1,9.50,1.64,true,1,
7290000208220,false,שעועית צ`ילי מקסיקני חריף יכין (550 גרם),זנלכל בעמ,,,יח`,580,גרם,false,1,10.50,1.81,false,1,
7290000208312,false,גרעיני תירס מתוק יכין,זנלכל בעמ,,,יח`,400,גרם,false,1,6.50,1.63,true,1,
7290000208329,false,גרעיני תירס מתוק יכין (550 גרם),זנלכל בעמ,,,יח`,550,גרם,false,1,8.50,1.55,true,1,
7290000208336,false,רוטב עגבניות 22% יכין (240 גרם),זנלכל בעמ,,,יח`,240,גרם,false,1,4.50,1.88,true,1,
7290000208343,false,עגבניות מרוסקות עם שום יכין (800 גרם),זנלכל בעמ,,,יח`,800,גרם,false,1,9.90,1.24,false,1,
7290000208367,false,עגבניות מרוסקות בזיליקום (800 גרם),זנלכל בעמ,,,יח`,800,גרם,false,1,9.90,1.24,false,1,
7290000208404,false,פול מצרי יכין (550 גרם),זנלכל בעמ,,,יח`,550,גרם,false,1,9.50,1.73,false,1,
7290000208428,false,חומוס שלם יכין (550 גרם),זנלכל בעמ,,,יח`,550,גרם,false,1,9.50,1.73,true,1,
7290000208459,false,ירקות מעורבים יכין (550 גרם),זנלכל בעמ,,,יח`,550,גרם,false,1,9.90,1.80,false,1,
7290000208480,false,תירס בטעם חמאה יכין A2,זנלכל בעמ,,,יח`,550,גרם,false,1,9.90,1.80,false,1,
7290000208534,false,תירס קיד גרעיני תירס מתוק יכין (550 גרם),זנלכל בעמ,,,יח`,550,גרם,false,1,9.90,1.80,false,1,
7290000208800,false,תירס קיד גרעיני תירס מתוק יכין (400 גרם),זנלכל בעמ,,,יח`,340,גרם,false,1,6.50,1.91,false,1,
7290000208855,false,רוטב לפסטה קלאסי יכין (240 גרם),זנלכל בעמ,,,יח`,240,גרם,false,1,5.50,2.29,false,1,
7290000208893,false,תירס לייט יכין (400 גרם),זנלכל בעמ,,,יח`,340,גרם,false,1,6.50,1.91,true,1,
7290000208947,false,עגבניות מרוסקות יכין (240 גרם),זנלכל בעמ,,,יח`,240,גרם,false,1,5.50,2.29,false,1,
7290000208978,false,רוטב עגבניות  (10028%  גרם)פריכוז יכין,זנלכל בעמ,,,יח`,100,גרם,false,1,3,3,false,1,
7290000209012,false,חומץ 5% יכין (1 ליטר),זנלכל בעמ,,,יח`,1,1 ליטר,false,1,6.90,6.90,true,1,
7290000209043,false,מיץ לימון משומר לתיבול יכין (1 ליטר),זנלכל בעמ,,,יח`,1,1 ליטר,false,1,7.50,7.50,true,1,
7290000209173,false,חומץ סינטטי 5% יכין (1 ליטר),זנלכל בעמ,,,יח`,1000,גרם,false,1,4.90,0.49,false,1,
7290000209371,false,מארז גרעיני תירס מתוק יכין (200x3 גרם),זנלכל בעמ,,,יח`,600,גרם,false,1,14.90,2.48,false,1,
7290000209388,false,תירס לייט שלשות OZ6,זנלכל בעמ,,,יח`,165,גרם,false,1,14.90,9.03,false,1,
7290000209524,false,סירופ דיאט בטעם פטל יכין (1 ליטר),זנלכל בעמ,,,יח`,1000,גרם,false,1,16.90,1.69,false,1,
7290000209579,false,סירופ דיאט בטעם אננס יכין (1 ליטר),זנלכל בעמ,,,יח`,1000,גרם,false,1,16.90,1.69,false,1,
7290000209708,false,עגבניות מרוסקות בזיליקום 240  גר`יכין,זנלכל בעמ,,,יח`,240,גרם,false,1,5.50,2.29,false,1,
7290000209722,false,רוטב עגבניות 28% יכין (580  גרם)פריכוז,זנלכל בעמ,,,יח`,580,גרם,false,1,10.90,1.88,false,1,
7290000209906,false,עגבניות מרוסקות בצל 240  גר`יכין,זנלכל בעמ,,,יח`,240,גרם,false,1,5.50,2.29,false,1,
7290000209913,false,עגבניות קוביות 240  גר`יכין,זנלכל בעמ,,,יח`,240,גרם,false,1,5.50,2.29,false,1,
7290000209944,false,רוטב מתובל לשקשוקה יכין (240 גרם),זנלכל בעמ,,,יח`,240,גרם,false,1,5.50,2.29,false,1,
7290000209951,false,רוטב לפיצה יכין (240 גרם),זנלכל בעמ,,,יח`,240,גרם,false,1,5.50,2.29,false,1,
7290000209968,false,רוטב ללזניה יכין (240 גרם),זנלכל בעמ,,,יח`,240,גרם,false,1,5.50,2.29,false,1,
7290000210896,false,רוטב בולונז יכין (240 גרם),זנלכל בעמ,,,יח`,240,גרם,false,1,5.90,2.46,false,1,
7290000211169,false,אורז בסגנון תאילנדי סוגת (1 קג),סוגת תעשיות בעמ,,,יח`,1,"ק""ג",false,1,6.90,6.90,true,1,
7290000211312,false,אורז מלא ארוך סוגת (1 קג),סוגת תעשיות בעמ,,,יח`,1,"ק""ג",false,1,7.90,7.90,false,1,
7290000211381,false,סוכר חום שקית 1 קג סוגת,סוגת תעשיות בעמ,,,יח`,1,"ק""ג",false,1,14.90,14.90,true,1,
7290000211442,false,אורז בסגנון פרסי קלאסי סוגת (1 קג),סוגת תעשיות בעמ,,,יח`,1,"ק""ג",false,1,10.90,10.90,false,1,
7290000211503,false,סוכר לבן סוגת (1 קג),סוגת תעשיות בעמ,,,יח`,1,"ק""ג",false,1,3.90,3.90,false,1,
7290000211985,false,אורז ריזוטו עגול סוגת (1 קג),סוגת תעשיות בעמ,,,יח`,1,"ק""ג",false,1,9.90,9.90,true,1,
7290000226545,false,עוגת טורט היער השחור 1 קג,קפולסקי אדל בעמ,,,יח`,1000,גרם,false,1,64.90,6.49,false,1,
7290000226552,false,טורט ריבת חלב (1 קג),קפולסקי אדל בעמ,,,יח`,1000,גרם,false,1,64.90,6.49,false,1,
7290000226569,false,עוגת טורט קצפת שוקולד קפולסקי (1 קג),קפולסקי אדל בעמ,,,יח`,1000,גרם,false,1,64.90,6.49,false,1,
7290000226576,false,עוגת טורט מצופה שוקולד 1 קג,קפולסקי אדל בעמ,,,יח`,1000,גרם,false,1,64.90,6.49,false,1,
7290000238029,false,בצק עלים מרודד מעדנות (1 קג),תנובה קפואים,,,יח`,1000,גרם,false,1,21.90,2.19,true,1,
7290000238036,false,מלווח מעדנות (6  יח`- 700 גרם),תנובה קפואים,,,יח`,700,גרם,false,1,16.90,2.41,true,1,
7290000238173,false,בורקס גבינה מעדנות,תנובה קפואים,,,יח`,800,גרם,false,1,20.90,2.61,true,1,
7290000238180,false,בורקס תפוא מעדנות,תנובה קפואים,,,יח`,800,גרם,false,1,19.90,2.49,true,1,
7290000240541,false,ריבועי בצק עלים מעדנות,תנובה קפואים,,,יח`,800,גרם,false,1,25,3.13,false,1,
7290000244143,false,קרם לאחר גילוח הוואי (120 מל),הנקל סוד בעמ,,,יח`,120,גרם,false,1,17.90,14.92,true,1,
7290000244761,false,קרם ידיים ולוטה (80 גרם),הנקל סוד בעמ,,,יח`,80,גרם,false,1,10.90,13.63,true,1,
7290000245270,false,אבקת כביסה פרסיל 1.250 קג`,גורי שיווק בעמ,,,יח`,1.25,"ק""ג",false,1,14.90,11.92,false,1,
7290000245287,false,אבקת כביסה פרסיל 1.250 קג`,גורי שיווק בעמ,,,יח`,1.25,"ק""ג",false,1,14.90,11.92,false,1,
7290000245294,false,פרסיל אבקת כביסה 2.5 קג`,גורי שיווק בעמ,,,יח`,2.50,"ק""ג",false,1,25.90,10.36,true,1,
7290000245782,false,מרכך כביסה ורוד סוד (4 ליטר),גורי שיווק בעמ,,,יח`,4,1 ליטר,false,1,16.90,4.23,false,1,
7290000245799,false,מרכך כביסה כחול סוד (4 ליטר),גורי שיווק בעמ,,,יח`,4,1 ליטר,false,1,16.90,4.23,false,1,
7290000253220,false,שוקולדצ`יפס לאפייה 260  גר`אופנהיימר,תה ויסוצקי (ישראל) בעמ,,,יח`,260,גרם,false,1,10.90,4.19,false,1,
7290000253251,false,אופניימר שוקו ציפס לבן 250 גר,תה ויסוצקי (ישראל) בעמ,,,יח`,250,גרם,false,1,12.90,5.16,true,1,
7290000262239,false,נייר טואלט לב מולט) (48,קימברלי קלארק ישראל שיווק בעמ,,,יח`,2770,גרם,false,1,39.90,1.44,false,1,
7290000262413,false,האגיס חיתולי אקסטרה קר מידה 5 34,קימברלי קלארק ישראל שיווק בעמ,,,יח`,1,,false,1,46.90,46.90,false,1,
7290000263359,false,חיתולי ליטל בייביס שלב 1 האגיס) (40,קימברלי קלארק ישראל שיווק בעמ,,,יח`,1,,false,1,34.90,34.90,false,1,
7290000267029,false,שקד מולבן חצוי 100 גר`,דין שיווק וקליה 2021 בעמ,,,יח`,100,גרם,false,1,9.90,9.90,true,1,
7290000267043,false,שקדיה שקד פרוס100 גר`,דין שיווק וקליה 2021 בעמ,,,יח`,100,גרם,false,1,9.90,9.90,true,1,
7290000272696,false,מיץ לימון משומר עסיס (1 ליטר),קבוצת אסם סחר שות. מוגבלת,,,יח`,1,1 ליטר,false,1,9.90,9.90,false,1,
7290000272726,false,חומץ 5% עסיס (1 ליטר),קבוצת אסם סחר שות. מוגבלת,,,יח`,1,1 ליטר,false,1,7.90,7.90,false,1,
7290000286228,false,כרית יפנית סנו סושי) (6,החברה הדרומית לשיווק בעמ,,,יח`,6,יח`,false,1,11.90,1.98,true,1,
7290000286297,false,אנטי קאלק מסיר אבן מקומקום,החברה הדרומית לשיווק בעמ,,,יח`,700,גרם,false,1,9.90,1.41,false,1,
7290000286549,false,מטלית לכל סנו סושי) (9,החברה הדרומית לשיווק בעמ,,,יח`,9,יח`,false,1,11.90,1.32,true,1,
7290000286761,false,ניילון נצמד סנו סושי (30x2 מטר),החברה הדרומית לשיווק בעמ,,,יח`,1,,false,1,11.90,11.90,true,1,
7290000286921,false,קל רסס וכבס סנו (750 מל),החברה הדרומית לשיווק בעמ,,,יח`,750,גרם,false,1,12.90,1.72,true,1,
7290000287409,false,סנובון תות לאסלה סנו (55x3 גרם),החברה הדרומית לשיווק בעמ,,,יח`,165,גרם,false,1,11.90,7.21,true,1,
7290000287430,false,סנובון לאסלה לימון סנו (55x3 גרם),החברה הדרומית לשיווק בעמ,,,יח`,165,גרם,false,1,11.90,7.21,true,1,
7290000287492,false,סנובון נוזלי 750 מל,החברה הדרומית לשיווק בעמ,,,יח`,750,גרם,false,1,10.90,1.45,true,1,
7290000287621,false,אנטי קאלק לאסלה 750 מל,החברה הדרומית לשיווק בעמ,,,יח`,750,גרם,false,1,11.90,1.59,true,1,
7290000288024,false,אקונומיקה ז`אוול לימון סנו (4 ליטר),החברה הדרומית לשיווק בעמ,,,יח`,4000,גרם,false,1,16.90,0.42,false,1,
7290000288031,false,אקונומיקה כחולה סנו (4 ליטר),החברה הדרומית לשיווק בעמ,,,יח`,4,1 ליטר,false,1,10.90,2.73,false,1,
7290000288048,false,ז`אוול מרסס לניקוי כללי לבנדר סנו (1 ליט,החברה הדרומית לשיווק בעמ,,,יח`,1,1 ליטר,false,1,18.90,18.90,true,1,
7290000288079,false,לימון 2 ליטר JAVEL אקונומיקה,החברה הדרומית לשיווק בעמ,,,יח`,2,1 ליטר,false,1,9.90,4.95,false,1,
7290000288109,false,סנו מקסימה 1.25 קג`,החברה הדרומית לשיווק בעמ,,,יח`,1.25,"ק""ג",false,1,13.90,11.12,true,1,
7290000288352,false,קוטל חרקים קיי 300 סנו (630 מל),החברה הדרומית לשיווק בעמ,,,יח`,630,גרם,false,1,21.90,3.48,true,1,
7290000288383,false,K500,החברה הדרומית לשיווק בעמ,,,יח`,405,גרם,false,1,24.90,6.15,true,1,
7290000288390,false,קוטל זבובים יתושים קיי 600 סנו (500 מל),החברה הדרומית לשיווק בעמ,,,יח`,475,גרם,false,1,21.90,4.61,false,1,
7290000288642,false,סנו מקסימה4 ליטר ורוד פסים,החברה הדרומית לשיווק בעמ,,,יח`,4,1 ליטר,false,1,19.90,4.98,false,1,
7290000288727,false,סנו מקסימה 1.25 קג`,החברה הדרומית לשיווק בעמ,,,יח`,1.25,"ק""ג",false,1,13.90,11.12,true,1,
7290000289069,false,סנו ז`אוול מרסס 1 ליטר,החברה הדרומית לשיווק בעמ,,,יח`,1,1 ליטר,false,1,18.90,18.90,true,1,
7290000289472,false,סושי שקיות אשפה גדולות 50 יח`,החברה הדרומית לשיווק בעמ,,,יח`,1,,false,1,17.90,17.90,false,1,
7290000289496,false,קרם לניקוי כללי לימון סנו (750 מל),החברה הדרומית לשיווק בעמ,,,יח`,750,גרם,false,1,10.90,1.45,false,1,
7290000289748,false,מסיר שומנים פורטה פלוס סנו (750 מל),החברה הדרומית לשיווק בעמ,,,יח`,750,גרם,false,1,13.90,1.85,true,1,
7290000289885,false,סנופרש יבש,החברה הדרומית לשיווק בעמ,,,יח`,375,גרם,false,1,10.90,2.91,true,1,
7290000291963,false,אקונומיקה ז`אוול סמיכה סנו (1 ליטר),החברה הדרומית לשיווק בעמ,,,יח`,1,1 ליטר,false,1,8.90,8.90,false,1,
7290000292007,false,סנו k3 פיתיון ג`ל קוטל חרקים 10  גר`סנו,החברה הדרומית לשיווק בעמ,,,יח`,1,,false,1,49.90,49.90,true,1,
7290000292311,false,פוליויקס 2 ליטר,החברה הדרומית לשיווק בעמ,,,יח`,2,1 ליטר,false,1,20.90,10.45,false,1,
7290000292687,false,סנובון לאסלה קלאסיק כחול סנו (55x3 גרם),החברה הדרומית לשיווק בעמ,,,יח`,165,גרם,false,1,17.90,10.85,true,1,
7290000292915,false,רסס ונגב לניקוי כללי תרסיס סנו (750 מל),החברה הדרומית לשיווק בעמ,,,יח`,750,גרם,false,1,14.90,1.99,true,1,
7290000293073,false,סנו מקסימה4 ליטר לבן,החברה הדרומית לשיווק בעמ,,,יח`,4,1 ליטר,false,1,19.90,4.98,false,1,
7290000293530,false,סופג  לחות-מילוי סנו,החברה הדרומית לשיווק בעמ,,,יח`,340,גרם,false,1,11.90,3.50,false,1,
7290000293561,false,מסיר עובש סנו (750 מל),החברה הדרומית לשיווק בעמ,,,יח`,750,גרם,false,1,14.90,1.99,true,1,
7290000293820,false,ג`ל רחצה לגבר אקטיב בלוק קרמה (700 מל),החברה הדרומית לשיווק בעמ,,,יח`,700,גרם,false,1,15,2.14,true,1,
7290000293943,false,אנטי קלאק מרסס  ברזים/כיורים,החברה הדרומית לשיווק בעמ,,,יח`,1,1 ליטר,false,1,19.90,19.90,true,1,
7290000294391,false,סנוג`ט יכול הכל סחלבים סנו (4 ליטר),החברה הדרומית לשיווק בעמ,,,יח`,4,1 ליטר,false,1,17.90,4.48,false,1,
7290000294780,false,אקונומיקה ז`אוול סמיכה סנו (4 ליטר),החברה הדרומית לשיווק בעמ,,,יח`,4000,גרם,false,1,16.90,0.42,false,1,
7290000295121,false,מטלית ריצפה זיגזג סנו סושי) (3,החברה הדרומית לשיווק בעמ,,,יח`,1,,false,1,10.90,10.90,true,1,
7290000295299,false,כרית יפנית לכלים אקטיב סנו סושי) (4,החברה הדרומית לשיווק בעמ,,,יח`,1,,false,1,10.90,10.90,true,1,
7290000295336,false,סנו מקסימה 1.25 קג`,החברה הדרומית לשיווק בעמ,,,יח`,1.25,"ק""ג",false,1,13.90,11.12,true,1,
7290000295343,false,סנו מקסימה 1.25 קג`,החברה הדרומית לשיווק בעמ,,,יח`,1.25,"ק""ג",false,1,13.90,11.12,true,1,
7290000295367,false,א.כביסה סנו מקסימה 2.5 קג`,החברה הדרומית לשיווק בעמ,,,יח`,2.50,"ק""ג",false,1,24.90,9.96,false,1,
7290000295404,false,שקיות אשפה לפח 65x54 סנו סושי) (60,החברה הדרומית לשיווק בעמ,,,יח`,1,,false,1,22.90,22.90,true,1,
7290000295503,false,שקיות סנדביצ`ים סנו סושי) (150x2,החברה הדרומית לשיווק בעמ,,,יח`,1,,false,1,14.90,14.90,false,1,
7290000295541,false,רב מגבת ג`מבו סנו סושי,החברה הדרומית לשיווק בעמ,,,יח`,390,גרם,false,1,19.90,5.10,true,1,
7290000295558,false,סושי רדיד אלומיניום צמד,החברה הדרומית לשיווק בעמ,,,יח`,1,,false,1,11.90,11.90,true,1,
7290000295565,false,סנו  סושי- רדיד אלומיניום צמד 7.5*45,החברה הדרומית לשיווק בעמ,,,יח`,1,,false,1,17.90,17.90,true,1,
7290000295572,false,נוזל לניקוי אסלה 00 סנו (750x2 מל),החברה הדרומית לשיווק בעמ,,,יח`,1.50,1 ליטר,false,1,16.90,11.27,false,1,
7290000295794,false,ספוגיות אל חלד סנו) (3,החברה הדרומית לשיווק בעמ,,,יח`,1,,false,1,9.90,9.90,true,1,
7290000300900,false,טבעול-שניצל תירס 750 גרם,קבוצת אסם סחר שות. מוגבלת,,,יח`,750,גרם,false,1,24.90,3.32,false,1,
7290000302027,false,פאקט טיים רד,דובק בעמ,,,יח`,200,יח`,false,1,280,1.40,false,1,
7290000302089,false,פאקט ברודווי 100,דובק בעמ,,,יח`,10,יח`,false,1,280,28,false,1,
7290000302126,false,פאקט אירופה,דובק בעמ,,,יח`,10,יח`,false,1,280,28,false,1,
7290000302225,false,נובלס פילטר פאקט) (200,דובק בעמ,,,יח`,1,,false,1,280,280,false,1,
7290000307046,false,אפונה וגזר 550  גר`A2 פרי גליל,ויטה -פרי גליל (החדשה) בעמ,,,יח`,550,גרם,false,1,6.90,1.25,false,1,
7290000307237,false,תירס גרעינים 550  גר`פרי גליל,ויטה -פרי גליל (החדשה) בעמ,,,יח`,550,גרם,false,1,6.90,1.25,false,1,
7290000307343,false,שעועית ירוקה 550גר,ויטה -פרי גליל (החדשה) בעמ,,,יח`,550,גרם,false,1,5.90,1.07,false,1,
7290000307800,false,פול קפוא 800  גר`פרי גליל,ויטה -פרי גליל (החדשה) בעמ,,,יח`,800,גרם,false,1,9.90,1.24,false,1,
7290000311128,false,עוגיות מובחרות בטעם חמאה מן (300 גרם),רוקחמן בעמ,,,יח`,300,גרם,false,1,7.90,2.63,true,1,
7290000311180,false,וופל עשיריות 25*10 מן,רוקחמן בעמ,,,יח`,250,גרם,false,1,7.90,3.16,false,1,
7290000311203,false,וופל שוקולד מן (200 גרם),רוקחמן בעמ,,,יח`,200,גרם,false,1,4.90,2.45,false,1,
7290000311210,false,וופלים לימון מן (200 גרם),רוקחמן בעמ,,,יח`,200,גרם,false,1,4.90,2.45,false,1,
7290000311227,false,וופלים 200  גר`קפה מן,רוקחמן בעמ,,,יח`,200,גרם,false,1,4.90,2.45,false,1,
7290000311234,false,וופל 200  גר`וניל מן,רוקחמן בעמ,,,יח`,200,גרם,false,1,4.90,2.45,false,1,
7290000311258,false,ופל מן מצופה 250 גר מן,רוקחמן בעמ,,,יח`,250,גרם,false,1,6.50,2.60,true,1,
7290000311272,false,וופל 180  גר`חלבה מן,רוקחמן בעמ,,,יח`,180,גרם,false,1,4.90,2.72,false,1,
7290000311319,false,וופלים מצופים מן (1 קג),רוקחמן בעמ,,,יח`,1,"ק""ג",false,1,25.90,25.90,false,1,
7290000311357,false,וופל אגוזית 10יח*28גר מן,רוקחמן בעמ,,,יח`,280,גרם,false,1,11.90,4.25,false,1,
7290000311364,false,וופל בטעם שוקולד 10יח*21גר מן,רוקחמן בעמ,,,יח`,210,גרם,false,1,7.90,3.76,false,1,
7290000311425,false,ופלים מצופים מן (22x10 גרם),רוקחמן בעמ,,,יח`,200,גרם,false,1,8.90,4.45,false,1,
7290000311432,false,מן עוגיות גרנולה קינמון ללתס 200 גר`,רוקחמן בעמ,,,יח`,200,גרם,false,1,9.90,4.95,false,1,
7290000311463,false,מן עוגיות חיטה טעם חמאה ללתס 200 גר`,רוקחמן בעמ,,,יח`,200,גרם,false,1,9.90,4.95,false,1,
7290000311500,false,וופל שוקולד מן (500 גרם),רוקחמן בעמ,,,יח`,500,גרם,false,1,9.90,1.98,false,1,
7290000311517,false,וופלים 500 גר לימון מן,רוקחמן בעמ,,,יח`,500,גרם,false,1,9.90,1.98,false,1,
7290000311708,false,עוגיות חיטה מלאה מן (300 גרם),רוקחמן בעמ,,,יח`,300,גרם,false,1,7.90,2.63,true,1,
7290000311715,false,עוגיות כוכבים בטעם שוקולד מן (300 גרם),רוקחמן בעמ,,,יח`,300,גרם,false,1,7.90,2.63,true,1,
7290000311722,false,עוגיות בטעם וניל 300 גר` מן,רוקחמן בעמ,,,יח`,300,גרם,false,1,7.90,2.63,true,1,
7290000311845,false,מן עוגיות חיטה מלאה ללתס 200 גר`,רוקחמן בעמ,,,יח`,200,גרם,false,1,9.90,4.95,false,1,
7290000311869,false,מן ופלים ללתס בטעם שוקולד,רוקחמן בעמ,,,יח`,180,גרם,false,1,8.90,4.94,false,1,
7290000311876,false,מן ופלים ללתס בטעם וניל,רוקחמן בעמ,,,יח`,180,גרם,false,1,8.90,4.94,false,1,
7290000311883,false,מן עוגיות גרנולה ללתס 200 גר`,רוקחמן בעמ,,,יח`,200,גרם,false,1,9.90,4.95,false,1,
7290000311890,false,מן ופלים ללתס בטעם לימון,רוקחמן בעמ,,,יח`,180,גרם,false,1,8.90,4.94,false,1,
7290000313160,false,חברים זהבה 3 דובים שוקו,קבוצת אסם סחר שות. מוגבלת,,,יח`,250,גרם,false,1,7.90,3.16,false,1,
7290000315133,false,ציר בקר קנור (300 גרם),יוניליוור ישראל שיווק בעמ,,,יח`,300,גרם,false,1,25.90,8.63,true,1,
7290000318127,false,נקניקיות ביס יחיעם (380 גרם),מעדני יחיעם (1993) בעמ,,,יח`,380,גרם,false,1,10.90,2.87,false,1,
7290000318479,false,פרושוטו יחיעם (100 גרם),מעדני יחיעם (1993) בעמ,,,יח`,100,גרם,false,1,25.90,25.90,false,1,
7290000318677,false,סלמי סרוולט יחיעם 150 גר`,מעדני יחיעם (1993) בעמ,,,יח`,150,גרם,false,1,24.90,16.60,false,1,
7290000318806,false,נקניק סרוולד יחיעם,מעדני יחיעם (1993) בעמ,,,"ק""ג",1000,גרם,true,1,149,14.90,false,1,
7290000319124,false,סלמי סרוולט יחיעם (250 גרם),מעדני יחיעם (1993) בעמ,,,יח`,250,גרם,false,1,34.90,13.96,false,1,
7290000319131,false,נקניקיות עוף 400  גר`יחיעם,מעדני יחיעם (1993) בעמ,,,יח`,400,גרם,false,1,10.90,2.73,true,1,
7290000319292,false,נקניקיות וינר 1 קג,מעדני יחיעם (1993) בעמ,,,יח`,1000,גרם,false,1,19.90,1.99,false,1,
7290000339191,false,רן אבקת הלבנה,יוניליוור ישראל שיווק בעמ,,,יח`,350,גרם,false,1,17.90,5.11,false,1,
7290000339566,false,מרכך כביסה ורוד בדין (4 ליטר),יוניליוור ישראל שיווק בעמ,,,יח`,4,1 ליטר,false,1,19.90,4.98,false,1,
7290000339887,false,משחת כלים קלין 3.5 קג`,יוניליוור ישראל שיווק בעמ,,,יח`,3.50,"ק""ג",false,1,25.90,7.40,false,1,
7290000341071,false,בדין בייבי 2 ליטר,יוניליוור ישראל שיווק בעמ,,,יח`,2,1 ליטר,false,1,20.90,10.45,true,1,
7290000342856,false,מרכך כביסה כחול בדין (4 ליטר),יוניליוור ישראל שיווק בעמ,,,יח`,4,1 ליטר,false,1,19.90,4.98,false,1,
7290000345055,false,תה ארל גריי ויסוצקי (100 גרם),תה ויסוצקי (ישראל) בעמ,,,יח`,100,גרם,false,1,13.90,13.90,false,1,
7290000345116,false,תה ירוק עלים ויסוצקי (125 גרם),תה ויסוצקי (ישראל) בעמ,,,יח`,125,גרם,false,1,14.90,11.92,false,1,
7290000345147,false,תה ארל גריי 200 גר`,תה ויסוצקי (ישראל) בעמ,,,יח`,200,גרם,false,1,31.90,15.95,false,1,
7290000345208,false,תה מעודן ויסוצקי) (25,תה ויסוצקי (ישראל) בעמ,,,יח`,25,גרם,false,1,6.90,27.60,false,1,
7290000345260,false,תה קלאסיק ויסוצקי) (25,תה ויסוצקי (ישראל) בעמ,,,יח`,37.50,גרם,false,1,7.30,19.47,false,1,
7290000345284,false,תה קלאסיק ויסוצקי) (100,תה ויסוצקי (ישראל) בעמ,,,יח`,150,גרם,false,1,16.90,11.27,false,1,
7290000345291,false,תה ארל גריי ויסוצקי) (25,תה ויסוצקי (ישראל) בעמ,,,יח`,37.50,גרם,false,1,15.90,42.40,true,1,
7290000345307,false,תה ארל גריי ויסוצקי (50),תה ויסוצקי (ישראל) בעמ,,,יח`,75,גרם,false,1,27.90,37.20,true,1,
7290000346120,false,תה קסם הקינמון ויסוצקי הגן הקסום) (25,תה ויסוצקי (ישראל) בעמ,,,יח`,62.50,גרם,false,1,17.50,28,true,1,
7290000346137,false,תה הילולי פירות ויסוצקי הגן הקסום) (25,תה ויסוצקי (ישראל) בעמ,,,יח`,62.50,גרם,false,1,17.50,28,true,1,
7290000346199,false,תה פירות היער ויסוצקי הגן הקסום) (25,תה ויסוצקי (ישראל) בעמ,,,יח`,67.50,גרם,false,1,17.50,25.93,true,1,
7290000346205,false,תה קמומיל ויסוצקי הגן הקסום) (25,תה ויסוצקי (ישראל) בעמ,,,יח`,37.50,גרם,false,1,17.50,46.67,true,1,
7290000347738,false,תה ירוק נענע ויסוצקי (25),תה ויסוצקי (ישראל) בעמ,,,יח`,37.50,גרם,false,1,24.90,66.40,true,1,
7290000347752,false,תה ירוק לימונית ולואיזה ויסוצקי (25),תה ויסוצקי (ישראל) בעמ,,,יח`,1,,false,1,24.90,24.90,true,1,
7290000363011,false,קוניאק מובחר טירת צבי,תנובה קפואים,,,"ק""ג",1000,גרם,true,1,80,8,true,1,
7290000363189,false,סרוולד טירת צבי,תנובה קפואים,,,"ק""ג",1000,גרם,true,1,148,14.80,false,1,
7290000364261,false,סלסולי כתף בקר 120  גר`טירת צבי,תנובה קפואים,,,יח`,120,גרם,false,1,15.90,13.25,true,1,
7290000364858,false,נקניקיות עוף טירת צבי (1 קג),תנובה קפואים,,,יח`,1,"ק""ג",false,1,23.90,23.90,true,1,
7290000364872,false,נקניקיות עוף טירת צבי (400 גרם),תנובה קפואים,,,יח`,400,גרם,false,1,13.90,3.48,true,1,
7290000365107,false,כתף בקר מפולפל טירת צבי,תנובה קפואים,,,"ק""ג",1000,גרם,true,1,90,9,false,1,
7290000367590,false,צמד כפרי 800  גר`טירת צבי,תנובה קפואים,,,יח`,800,גרם,false,1,34.90,4.36,true,1,
7290000377452,false,גרעיני אבטיח 200  גר`גת,ליימן שליסל בעמ,,,יח`,200,גרם,false,1,11.50,5.75,false,1,
7290000379203,false,לחם עינן קל פרוס אנג`ל (500 גרם),שלמה א. אנג`ל בעמ,,,יח`,500,גרם,false,1,15.90,3.18,false,1,
7290000379432,false,לחמניה אנג`ל,שלמה א. אנג`ל בעמ,,,יח`,75,גרם,false,1,2.10,2.80,false,1,
7290000408316,false,יוגורט ביו 3% דנונה (200 גרם),שטראוס גרופ בעמ/מצונן,,,יח`,200,גרם,false,1,3.50,1.75,false,1,
7290000408354,false,דנונה בר פיצפוצים,שטראוס גרופ בעמ/מצונן,,,יח`,173,גרם,false,1,4.40,2.54,false,1,
7290000412481,false,נוזל לניקוי אסלות 00 סנו (1 ליטר),החברה הדרומית לשיווק בעמ,,,יח`,1,1 ליטר,false,1,7.90,7.90,true,1,
7290000412764,false,פזוטקס מעופפים,החברה הדרומית לשיווק בעמ,,,יח`,630,גרם,false,1,18.90,3,false,1,
7290000416021,false,ממרח בטעם שוקולד השחר העולה (500 גרם),השחר העולה תעשית ממתקים בעמ,,,יח`,500,גרם,false,1,13.90,2.78,true,1,
7290000416045,false,ממרח בטעם שוקולד השחר העולה (1 קג),השחר העולה תעשית ממתקים בעמ,,,יח`,1,"ק""ג",false,1,24.90,24.90,true,1,
7290000416618,false,ממרח 400 גר` פרווה השחר,השחר העולה תעשית ממתקים בעמ,,,יח`,400,גרם,false,1,11.90,2.98,true,1,
7290000416632,false,ממרח פרווה 1 קג` השחר,השחר העולה תעשית ממתקים בעמ,,,יח`,1,"ק""ג",false,1,24.90,24.90,true,1,
7290000416809,false,ממרח חצי חצי 350 גר` השחר,השחר העולה תעשית ממתקים בעמ,,,יח`,350,גרם,false,1,11.90,3.40,true,1,
7290000416922,false,ממרח חלב 350 גר` השחר,השחר העולה תעשית ממתקים בעמ,,,יח`,350,גרם,false,1,11.90,3.40,true,1,
7290000419107,false,קפה שחור קפה לנדוור (100 גרם),ש.שסטוביץ בעמ,,,יח`,100,גרם,false,1,7.90,7.90,false,1,
7290000419220,false,קפה שחור קפה לנדוור (100x3 גרם),ש.שסטוביץ בעמ,,,יח`,300,גרם,false,1,14.90,4.97,false,1,
7290000419893,false,קפה לנדוור לבוקר 100,ש.שסטוביץ בעמ,,,יח`,100,גרם,false,1,7.90,7.90,false,1,
7290000420325,false,פופקורן פופסטאר חמישייה טבעי,דנשר (1963) בעמ,,,יח`,500,גרם,false,1,16.90,3.38,true,1,
7290000420332,false,פופקורן פופסטאר חמישייה חמאה,דנשר (1963) בעמ,,,יח`,500,גרם,false,1,16.90,3.38,true,1,
7290000420417,false,גלילונית לפח 60 יח`,דנשר (1963) בעמ,,,יח`,1,,false,1,19.90,19.90,true,1,
7290000442044,false,פמינה 220 מל,גורי ע.ע.ע בעמ,,,יח`,220,גרם,false,1,23.90,10.86,false,1,
7290000446523,false,חמאת בוטנים מתוקה בי   די (350 גרם),בטר אנד דיפרנט בעמ,,,יח`,350,גרם,false,1,13.90,3.97,false,1,
7290000446547,false,חמאת בוטנים טבעית בי   די (350 גרם),בטר אנד דיפרנט בעמ,,,יח`,350,גרם,false,1,13.90,3.97,false,1,
7290000446554,false,חמאת בוטנים טבעית בי   די (1 קג),בטר אנד דיפרנט בעמ,,,יח`,510,גרם,false,1,26.90,5.27,false,1,
7290000450209,false,נתחי טונה בהירה בשמן פוסידון (108 גרם),נטו מלינדה סחר בעמ,,,יח`,108,גרם,false,1,6.50,6.02,false,1,
7290000453019,false,שמרים טריים שמרית (50 גרם),שטראוס גרופ בעמ/מצונן,,,יח`,50,גרם,false,1,4.50,9,false,1,
7290000453125,false,שמרים טריים ומשפר אפיה שמרית (50x2 גרם),שטראוס גרופ בעמ/מצונן,,,יח`,100,גרם,false,1,7.90,7.90,false,1,
7290000453415,false,בצק עלים מצונן ומוכן לאפייה 300 גר` שימר,שטראוס גרופ בעמ/מצונן,,,יח`,300,גרם,false,1,16.90,5.63,true,1,
7290000453422,false,בצק פילו מוכן לאפייה 300 גר` שימרית,שטראוס גרופ בעמ/מצונן,,,יח`,300,גרם,false,1,16.90,5.63,true,1,
7290000453866,false,נטורינה קוקוס 200  גר`שמרית,שטראוס גרופ בעמ/מצונן,,,יח`,200,גרם,false,1,7.40,3.70,false,1,
7290000461625,false,בייגלה שמונה שמונה 400 גר`,יוניליוור ישראל שיווק בעמ,,,יח`,400,גרם,false,1,10.90,2.73,true,1,
7290000461700,false,גדול גדול 400,יוניליוור ישראל שיווק בעמ,,,יח`,400,גרם,false,1,12.90,3.23,true,1,
7290000461724,false,גדול גדול שומשום,יוניליוור ישראל שיווק בעמ,,,יח`,400,גרם,false,1,12.90,3.23,true,1,
7290000461793,false,מקלות  ארוך- 150 גרם,יוניליוור ישראל שיווק בעמ,,,יח`,150,גרם,false,1,5.90,3.93,true,1,
7290000462141,false,סחוג תימני,שטראוס גרופ בעמ/מצונן,,,יח`,150,גרם,false,1,7.90,5.27,false,1,
7290000462172,false,סחוג זחוק ירוק תימני חריף זהבי (150 גרם),שטראוס גרופ בעמ/מצונן,,,יח`,140,גרם,false,1,7.90,5.64,false,1,
7290000467153,false,חומוס צבר סמיר הגדול,קבוצת אסם סחר שות. מוגבלת,,,יח`,400,גרם,false,1,13.90,3.48,false,1,
7290000474090,false,חלב 1% בקרטון טרה (1  ליטר)פ,החב` המרכזית - טרה,,,יח`,1,1 ליטר,false,1,5.86,5.86,false,1,
7290000474373,false,שמנת חמוצה 15% טרה (200 מל),החב` המרכזית - טרה,,,יח`,200,גרם,false,1,2.40,1.20,false,1,
7290000474502,false,גבינה לבנה 5% 250  גר`פיקוח,החב` המרכזית - טרה,,,יח`,250,גרם,false,1,4.98,1.99,false,1,
7290000474540,false,גבינת טוב טעם,החב` המרכזית - טרה,,,יח`,250,גרם,false,1,11.50,4.60,false,1,
7290000474830,false,גבינה צהובה מגורדת 28% נעם (500 גרם),החב` המרכזית - טרה,,,יח`,500,גרם,false,1,34.60,6.92,false,1,
7290000480107,false,שיבולת שועל קוואקר (500 גרם),שטראוס פריטו ליי בעמ,,,יח`,500,גרם,false,1,11.90,2.38,false,1,
7290000481074,false,לחם טריו 750  גר`דגנית עין בר,דגנית עין בר תעשיות מזון ואפיה,,,יח`,750,גרם,false,1,15.90,2.12,false,1,
7290000481197,false,לחם מחמצת גרעינים ושיבולת שועל,דגנית עין בר תעשיות מזון ואפיה,,,יח`,550,גרם,false,1,17.90,3.25,false,1,
7290000481531,false,לחמניות חיטה מלאה דגנית עין בר) (10,דגנית עין בר תעשיות מזון ואפיה,,,יח`,750,גרם,false,1,12.90,1.72,false,1,
7290000481883,false,לחמניות אצבע דגנית עין בר) (10,דגנית עין בר תעשיות מזון ואפיה,,,יח`,750,גרם,false,1,12.90,1.72,false,1,
7290000484747,false,עלית הארק יקב הגליל (700 מל),יקב הגליל שיווק בעמ,,,יח`,700,גרם,false,1,59.90,8.51,false,1,
7290000490601,false,מאגדת מצופה דיאט שמינייה,פלקו בעמ,,,יח`,400,גרם,false,1,29.90,7.48,false,1,
7290000490625,false,מאגדת שלגונים ציפוי שוקו 8יח,פלקו בעמ,,,יח`,1,,false,1,24.90,24.90,false,1,
7290000493176,false,רוטב צלי אסם (22 גרם),קבוצת אסם סחר שות. מוגבלת,,,יח`,22,גרם,false,1,4.90,22.27,false,1,
7290000493183,false,רוטב פטריות אסם (30 גרם),קבוצת אסם סחר שות. מוגבלת,,,יח`,30,גרם,false,1,4.90,16.33,false,1,
7290000497044,false,לחם אקטיב ברמן (750 גרם),י.את א. ברמן בעמ,,,יח`,750,גרם,false,1,15.90,2.12,false,1,
7290000497112,false,לחם אחיד כהה פרוס ברמן (750  גרם)פי,י.את א. ברמן בעמ,,,יח`,750,גרם,false,1,6.90,0.92,false,1,
7290000497228,false,לחמניות שישייה,י.את א. ברמן בעמ,,,יח`,450,גרם,false,1,10.90,2.42,false,1,
7290000497303,false,לחמניות מקמח מלא ברמן) (6,י.את א. ברמן בעמ,,,יח`,540,גרם,false,1,12.90,2.39,false,1,
7290000497426,false,לחם לענין פלוס ברמן,י.את א. ברמן בעמ,,,יח`,750,גרם,false,1,14.60,1.95,false,1,
7290000497532,false,לחם ברמן לעניין פרוס ברמן (750 גרם),י.את א. ברמן בעמ,,,יח`,750,גרם,false,1,14.50,1.93,false,1,
7290000497570,false,דגנים פלוס ברמן (500 גרם),י.את א. ברמן בעמ,,,יח`,500,גרם,false,1,14.50,2.90,false,1,
7290000497617,false,רוגלך,י.את א. ברמן בעמ,,,יח`,500,גרם,false,1,11.90,2.38,false,1,
7290000498003,false,לחם מקמח מלא 750  גר`E FREE ברמן,י.את א. ברמן בעמ,,,יח`,750,גרם,false,1,15.90,2.12,true,1,
7290000498034,false,לחם מקמח כוסמין מלא 750  גר`E FREE,י.את א. ברמן בעמ,,,יח`,750,גרם,false,1,15.90,2.12,false,1,
7290000498126,false,לחמניה רגילה,י.את א. ברמן בעמ,,,יח`,75,גרם,false,1,2,2.67,false,1,
7290000498393,false,חלה רגילה (500  גרם)פיקוח,י.את א. ברמן בעמ,,,יח`,500,גרם,false,1,4.90,0.98,true,1,
7290000498409,false,חלה מתוקה,י.את א. ברמן בעמ,,,יח`,500,גרם,false,1,9.90,1.98,false,1,
7290000504025,false,סוכרזית פטריה) (300,שטראוס גרופ בעמ,,,יח`,246,גרם,false,1,7.90,3.21,false,1,
7290000504049,false,סוכרזית קלאסי) (1200,שטראוס גרופ בעמ,,,יח`,984,גרם,false,1,21.90,2.23,false,1,
7290000504278,false,סוכרזית פטנט) (700,שטראוס גרופ בעמ,,,יח`,574,גרם,false,1,13.90,2.42,false,1,
7290000521008,false,יין אדום יבש של סגל (750 מל),טמפו משקאות בעמ,,,יח`,750,גרם,false,1,21.90,2.88,true,1,
7290000523125,false,מלח ים יבש מלח הארץ (250 גרם),סוגת תעשיות בעמ,,,יח`,200,גרם,false,1,5.90,2.95,false,1,
7290000523224,false,מלח ים יבש מלח הארץ (500 גרם),סוגת תעשיות בעמ,,,יח`,500,גרם,false,1,7.90,1.58,false,1,
7290000523514,false,מלח ים יבש מופחת נתרן מלח הארץ (250 גרם),סוגת תעשיות בעמ,,,יח`,200,גרם,false,1,10.50,5.25,false,1,
7290000523521,false,מלח הארץ מועשר ביוד 250 גר`,סוגת תעשיות בעמ,,,יח`,200,גרם,false,1,5.90,2.95,false,1,
7290000523804,false,מלח עדין מלח הארץ (1 קג),סוגת תעשיות בעמ,,,יח`,1,"ק""ג",false,1,7.20,7.20,false,1,
7290000523811,false,מלח גס מלח הארץ (1 קג),סוגת תעשיות בעמ,,,יח`,1,"ק""ג",false,1,7.50,7.50,false,1,
7290000524191,false,כעכים עוגיות מלוחות/מתוקות,שיבולים יצור ושיווק מוצרי מאפה,,,יח`,350,גרם,false,1,15.90,4.54,false,1,
7290000525969,false,מיץ תפוזים סחוט טבעי פרימור (1 ליטר),שטראוס גרופ בעמ/מצונן,,,יח`,1,1 ליטר,false,1,15.90,15.90,false,1,
7290000530024,false,נקניק תה זוגלובק,זוגלובק שיווק בעמ,,,"ק""ג",1000,גרם,true,1,49,4.90,true,1,
7290000530048,false,סלמי פפרוני זוגלובק,זוגלובק שיווק בעמ,,,"ק""ג",1000,גרם,true,1,56,5.60,false,1,
7290000530062,false,נקניק איטלקי זוגלובק,זוגלובק שיווק בעמ,,,"ק""ג",1000,גרם,true,1,79,7.90,false,1,
7290000530109,false,קבנוס זוגלובק (180x2 גרם),זוגלובק שיווק בעמ,,,יח`,360,גרם,false,1,25.90,7.19,false,1,
7290000530116,false,נקניק סלמי בשן זוגלובק (470 גרם),זוגלובק שיווק בעמ,,,יח`,700,גרם,false,1,28.90,4.13,false,1,
7290000530178,false,קוניאק זוגלובק,זוגלובק שיווק בעמ,,,"ק""ג",1000,גרם,true,1,87,8.70,false,1,
7290000530369,false,פסטרמה גולן זוגלובק,זוגלובק שיווק בעמ,,,"ק""ג",1000,גרם,true,1,79,7.90,true,1,
7290000530413,false,המבורגר זהב,זוגלובק שיווק בעמ,,,יח`,400,גרם,false,1,19.90,4.98,false,1,
7290000530444,false,כתף בקר מעושן זוגלובק,זוגלובק שיווק בעמ,,,"ק""ג",1000,גרם,true,1,110,11,true,1,
7290000530468,false,נקניקיות וניר 1  קג`זוגלובק,זוגלובק שיווק בעמ,,,יח`,1,"ק""ג",false,1,29.90,29.90,true,1,
7290000530598,false,נקניקיות וינר זוגלובק (500 גרם),זוגלובק שיווק בעמ,,,יח`,500,גרם,false,1,16.90,3.38,true,1,
7290000530703,false,מארז פסטרמה חרמון+תה,זוגלובק שיווק בעמ,,,יח`,800,גרם,false,1,33.90,4.24,true,1,
7290000531410,false,פסטרממיה בדבש זוגלובק,זוגלובק שיווק בעמ,,,"ק""ג",1000,גרם,true,1,79,7.90,true,1,
7290000531601,false,סטייק בורגר,זוגלובק שיווק בעמ,,,יח`,400,גרם,false,1,19.90,4.98,false,1,
7290000531977,false,בורקס גבינה זוגלובק (16  יח`- 800 גרם),זוגלובק שיווק בעמ,,,יח`,800,גרם,false,1,19.90,2.49,false,1,
7290000532400,false,פסטרמה חזה הודו זוגלובק,זוגלובק שיווק בעמ,,,"ק""ג",1000,גרם,true,1,79,7.90,true,1,
7290000533353,false,בצק עלים זוגלובק 1 קג,זוגלובק שיווק בעמ,,,יח`,1,"ק""ג",false,1,19.90,19.90,false,1,
7290000533636,false,פסטרממיה צלויה זוגלובק,זוגלובק שיווק בעמ,,,"ק""ג",1000,גרם,true,1,79,7.90,true,1,
7290000534718,false,תבור-חזה מעושן זוגלובק 2% שומן,זוגלובק שיווק בעמ,,,"ק""ג",1000,גרם,true,1,79,7.90,true,1,
7290000534800,false,פסטרמה רומנית זוגלובק,זוגלובק שיווק בעמ,,,"ק""ג",1000,גרם,true,1,79,7.90,true,1,
7290000534824,false,חרמון חזה הודו זוגלובק,זוגלובק שיווק בעמ,,,"ק""ג",1000,גרם,true,1,50,5,false,1,
7290000536743,false,קריספי סטיקס תירס,זוגלובק שיווק בעמ,,,יח`,500,גרם,false,1,19.90,3.98,true,1,
7290000537566,false,נקניקיות עוף זוגלובק (400 גרם),זוגלובק שיווק בעמ,,,יח`,400,גרם,false,1,13.90,3.48,true,1,
7290000537603,false,נקניקיות עוף זוגלובק (1 קג),זוגלובק שיווק בעמ,,,יח`,1,"ק""ג",false,1,29.90,29.90,true,1,
7290000537610,false,סלמי עממי-תה זוגלובק,זוגלובק שיווק בעמ,,,"ק""ג",1000,גרם,true,1,52,5.20,false,1,
7290000540160,false,עוגיות ללא סוכר ח.מלאה 500 גרם,ציון תורג`מן בעמ,,,יח`,500,גרם,false,1,21.90,4.38,false,1,
7290000552118,false,נקניקיות מרגז קפואות טיבון ויל (400 גרם),נטו מלינדה סחר בעמ,,,יח`,400,גרם,false,1,21.90,5.48,false,1,
7290000552569,false,סטייק בורגר 400  גר`טיבונוויל,נטו מלינדה סחר בעמ,,,יח`,400,גרם,false,1,20.90,5.23,true,1,
7290000552927,false,בשר עוף קפוא טחון טיבון ויל (500 גרם),נטו מלינדה סחר בעמ,,,יח`,500,גרם,false,1,12.90,2.58,false,1,
7290000552934,false,בשר הודו קפוא טחון טיבון ויל (500 גרם),נטו מלינדה סחר בעמ,,,יח`,500,גרם,false,1,12.90,2.58,false,1,
7290000554457,false,גבינה צפתית 5% גד (350 גרם),מחלבות גד שיווק 1992 בעמ,,,יח`,350,גרם,false,1,19.90,5.69,false,1,
7290000554471,false,גבינה מוצרלה 22% גד (180 גרם),מחלבות גד שיווק 1992 בעמ,,,יח`,180,גרם,false,1,16.90,9.39,false,1,
7290000554532,false,גבינה צפתית מעודנת 5% גד (200 גרם),מחלבות גד שיווק 1992 בעמ,,,יח`,200,גרם,false,1,14.90,7.45,false,1,
7290000554600,false,מוצרלה מגורדת 22% גד (300 גרם),מחלבות גד שיווק 1992 בעמ,,,יח`,300,גרם,false,1,24.50,8.17,false,1,
7290000554686,false,לבנה בשמן  זית-גד- מדף,מחלבות גד שיווק 1992 בעמ,,,יח`,250,גרם,false,1,13.90,5.56,false,1,
7290000554815,false,גבינת מוצרלה נקניק מעדנייה גד,מחלבות גד שיווק 1992 בעמ,,,"ק""ג",1000,גרם,true,1,80,8,false,1,
7290000554839,false,גבינת מסקרפונה 40% גד (250 גרם),מחלבות גד שיווק 1992 בעמ,,,יח`,250,גרם,false,1,21.90,8.76,false,1,
7290000560533,false,אדג` ג`ל גילוח 200 מל ירוק,דנשר (1963) בעמ,,,יח`,200,גרם,false,1,19.90,9.95,true,1,
7290000561097,false,תערובת פיצוחים מובחרת 150  גר`פיצוחי חממ,בוטנת בעמ,,,יח`,150,גרם,false,1,15.90,10.60,false,1,
7290000561158,false,תערובת אגוזים וחמוציות חממה (150 גרם),בוטנת בעמ,,,יח`,150,גרם,false,1,12.90,8.60,false,1,
7290000561233,false,בוטן קלוף קלוי פיצוחי חממה (200 גרם),בוטנת בעמ,,,יח`,200,גרם,false,1,7.90,3.95,false,1,
7290000561714,false,צנובר פיצוחי חממה (100 גרם),בוטנת בעמ,,,יח`,100,גרם,false,1,26.90,26.90,false,1,
7290000572055,false,חלבה ללתס עם סיבים ואגוזים,אחדות בעמ,,,יח`,400,גרם,false,1,15.90,3.98,false,1,
7290000572208,false,חלבה וניל אחוה (100 גרם),אחדות בעמ,,,יח`,100,גרם,false,1,3.10,3.10,false,1,
7290000572222,false,חלבה וניל אחוה (500 גרם),אחדות בעמ,,,יח`,500,גרם,false,1,10.90,2.18,false,1,
7290000572529,false,חלבה פיסטוק אחוה (400 גרם),אחדות בעמ,,,יח`,400,גרם,false,1,13.90,3.48,false,1,
7290000572536,false,חלבה וניל אחוה (400 גרם),אחדות בעמ,,,יח`,400,גרם,false,1,11.90,2.98,false,1,
7290000572543,false,חלבה שוקו וניל אחוה (400 גרם),אחדות בעמ,,,יח`,400,גרם,false,1,11.90,2.98,false,1,
7290000572628,false,חטיפי חלבה ללתס 275  גר`אחוה,אחדות בעמ,,,יח`,275,גרם,false,1,12.90,4.69,false,1,
7290000572673,false,חלבה וניל קקאו ואגוזים אחוה (25x12 גרם),אחדות בעמ,,,יח`,300,גרם,false,1,12.90,4.30,false,1,
7290000572819,false,טחינה גולמית אחוה (1 קג),אחדות בעמ,,,יח`,1,"ק""ג",false,1,20.90,20.90,true,1,
7290000574028,false,לחם שחור מעושר פלוס 750  גר`דגנית,דגנית עין בר תעשיות מזון ואפיה,,,יח`,750,גרם,false,1,7.90,1.05,false,1,
7290000574035,false,לחם אחיד פרוס דגנית עין בר (750 גרם),דגנית עין בר תעשיות מזון ואפיה,,,יח`,750,גרם,false,1,6.90,0.92,false,1,
7290000574066,false,לחם מלא פלוס שיפון דגנית,דגנית עין בר תעשיות מזון ואפיה,,,יח`,750,גרם,false,1,14.90,1.99,false,1,
7290000574141,false,לחם חיטה מלאה 750  גר`דגנית,דגנית עין בר תעשיות מזון ואפיה,,,יח`,750,גרם,false,1,14.90,1.99,false,1,
7290000574172,false,לחם קל חיטה מלאה 750  גר`דגנית,דגנית עין בר תעשיות מזון ואפיה,,,יח`,750,גרם,false,1,15.90,2.12,false,1,
7290000574257,false,לחם שחור פרוס קל 750  גר`דגנית,דגנית עין בר תעשיות מזון ואפיה,,,יח`,750,גרם,false,1,15.90,2.12,false,1,
7290000574370,false,לחם שיפון אמיתי קל 750  גר`דגנית,דגנית עין בר תעשיות מזון ואפיה,,,יח`,750,גרם,false,1,14.90,1.99,false,1,
7290000574455,false,לחם חיטה מלא+כוסמין  דגנית,דגנית עין בר תעשיות מזון ואפיה,,,יח`,750,גרם,false,1,14.50,1.93,false,1,
7290000599434,false,מטליות ריצפה שלישייה shiny,מ.א.ייצור ויבוא מטליות בעמ,,,יח`,1,,false,1,7.90,7.90,false,1,
7290000599571,false,צמר פלדה 200  גר`shiny,מ.א.ייצור ויבוא מטליות בעמ,,,יח`,200,גרם,false,1,4.90,2.45,false,1,
7290000599946,false,ספוג הפלא  שישייה- shiny,מ.א.ייצור ויבוא מטליות בעמ,,,יח`,1,,false,1,6.90,6.90,false,1,
7290000599977,false,כרית יפנית תשיעיה shiny,מ.א.ייצור ויבוא מטליות בעמ,,,יח`,9,גרם,false,1,9.90,110,false,1,
7290000633800,false,כנפיים עוף-עטרה,נטו מלינדה סחר - עטרה,,,"ק""ג",1,,true,1,17.90,17.90,false,1,
7290000644783,false,פילה סלמון תנובה מנות,תנובה קפואים,,,"ק""ג",1,,true,1,89.90,89.90,false,1,
7290000646299,false,פילה נסיכת הנילוס 100%  דג- תנובה,תנובה קפואים,,,"ק""ג",1,,true,1,49.90,49.90,false,1,
7290000652177,false,נתחי נסיכת הנילוס 100%  דג- תנובה,תנובה קפואים,,,"ק""ג",1,,true,1,59.90,59.90,false,1,
7290000652603,false,נילוס פרוס תנובה,תנובה קפואים,,,"ק""ג",0,גרם,true,1,44.90,44.90,false,1,
7290000654973,false,גזר ארוז,מפעלי יופי אגשח בעמ*שיק 45 יום,,,"ק""ג",1,,true,1,4.90,4.90,true,1,
7290000662817,false,סלמון מעושן 100  גר`תנובה,תנובה - חלב,,,יח`,100,גרם,false,1,17.90,17.90,false,1,
7290000688084,false,מי עדן ספורט 1/2 ליטר,יפאורה,,,יח`,500,גרם,false,1,2.50,0.44,false,1,
7290000688176,false,מי עדן בייבי 330 מל בודד,יפאורה,,,יח`,330,גרם,false,1,2.50,0.67,false,1,
7290000688374,false,מים מינרלים סמיילי מי עדן (330X6מל),יפאורה,,,יח`,1980,גרם,false,1,13.90,0.61,false,1,
7290000688381,false,מים מינרלים פקק ספורט מי עדן (500x6 מל),יפאורה,,,יח`,3,1 ליטר,false,1,12.90,3.70,true,1,
7290000688466,false,מי עדן 0.75 ליטר ספורט בודד,יפאורה,,,יח`,750,גרם,false,1,2.50,0.29,false,1,
7290000688503,false,מי עדן 0.75 ליטר ספורט שישייה,יפאורה,,,יח`,4.50,1 ליטר,false,1,14.90,2.91,false,1,
7290000803067,false,אלמקס משחת שיניים ילדים 75מל,ש.שסטוביץ בעמ,,,יח`,75,גרם,false,1,15.90,21.20,true,1,
7290000803180,false,שטיפת פה מרידול (400 מל),ש.שסטוביץ בעמ,,,יח`,400,גרם,false,1,29.90,7.48,false,1,
7290000805597,false,בונזו  סניור+ 7 3 קג,שחורי אריה ואנסטסיה,,,יח`,3,"ק""ג",false,1,49.90,16.63,false,1,
7290000841557,false,סטרילי לחיטוי ושטיפה פירות וירקות,סטרילי מעבדות בעמ,,,יח`,700,גרם,false,1,13,1.86,false,1,
7290000993461,false,עגבניות שרי צהוב פרמיום ארוז,צימן עגבניות *לא פעיל*,,,יח`,1,,false,1,9.90,9.90,false,1,
7290000993560,false,עגבניות שרי מנומר ארוז,צימן עגבניות *לא פעיל*,,,יח`,500,גרם,false,1,9.90,1.98,false,1,
7290000995410,false,נבטים סיני,א.אדמה (2007) בעמ,,,יח`,1,,false,1,7.90,7.90,false,1,
7290001041123,false,שקד מולבן פרוס 100 גר`,מיה תעשיות מזון מ.ת.מ. בעמ,,,יח`,100,גרם,false,1,11.90,11.90,false,1,
7290001041147,false,חומוס גדול מיה (1 קג),מיה תעשיות מזון מ.ת.מ. בעמ,,,יח`,1,"ק""ג",false,1,11.90,11.90,true,1,
7290001041161,false,שעועית לבנה מיה (1 קג),מיה תעשיות מזון מ.ת.מ. בעמ,,,יח`,1,"ק""ג",false,1,18.90,18.90,true,1,
7290001041178,false,אפונה מיה (1 קג),מיה תעשיות מזון מ.ת.מ. בעמ,,,יח`,1,"ק""ג",false,1,7.90,7.90,false,1,
7290001041192,false,עדשים אדומות מיה (1 קג),מיה תעשיות מזון מ.ת.מ. בעמ,,,יח`,1,"ק""ג",false,1,11.90,11.90,true,1,
7290001041208,false,עדשים ירוקות מיה (1 קג),מיה תעשיות מזון מ.ת.מ. בעמ,,,יח`,1,"ק""ג",false,1,11.90,11.90,true,1,
7290001041215,false,חיטה 1 קג`,מיה תעשיות מזון מ.ת.מ. בעמ,,,יח`,1,"ק""ג",false,1,6.90,6.90,false,1,
7290001041222,false,חומוס לבן ענק מיה (1 קג),מיה תעשיות מזון מ.ת.מ. בעמ,,,יח`,1,"ק""ג",false,1,19.90,19.90,false,1,
7290001041260,false,שומשום מיה (400 גרם),מיה תעשיות מזון מ.ת.מ. בעמ,,,יח`,400,גרם,false,1,11.90,2.98,false,1,
7290001045657,false,מיץ תפוחים צלול 400 מל פרימור,שטראוס גרופ בעמ/מצונן,,,יח`,400,גרם,false,1,7.90,1.90,false,1,
7290001045688,false,מיץ תפוזים סחוט 400 מל פרימור,שטראוס גרופ בעמ/מצונן,,,יח`,400,גרם,false,1,7.90,1.90,false,1,
7290001121054,false,צמד חמד 700  גר`יחיעם,מעדני יחיעם (1993) בעמ,,,יח`,700,גרם,false,1,25.90,3.70,true,1,
7290001121238,false,קורנדביף 4% שומן יחיעם (180 גרם).,מעדני יחיעם (1993) בעמ,,,יח`,180,גרם,false,1,24.90,13.83,false,1,
7290001121849,false,פסטרמה 100% 250גר`,מעדני יחיעם (1993) בעמ,,,יח`,250,גרם,false,1,24.90,9.96,false,1,
7290001123775,false,שווארמה פרגיות 500  גר`טיבון ויל,נטו מלינדה סחר בעמ,,,יח`,500,גרם,false,1,28.90,5.78,true,1,
7290001123782,false,שווארמה אמיתית הודו טיבון ויל (500 גרם),נטו מלינדה סחר בעמ,,,יח`,500,גרם,false,1,28.90,5.78,true,1,
7290001136287,false,נקה 7 שמפו 750 מל ירוק,החברה הדרומית לשיווק בעמ,,,יח`,750,גרם,false,1,10.90,1.45,true,1,
7290001136294,false,נקה 7 שמפו 750 מל,החברה הדרומית לשיווק בעמ,,,יח`,750,גרם,false,1,10.90,1.45,true,1,
7290001136300,false,נקה 7 שמפו 750 מל,החברה הדרומית לשיווק בעמ,,,יח`,750,גרם,false,1,10.90,1.45,true,1,
7290001136683,false,נקה 7 מרכך 750 מל ירוק,החברה הדרומית לשיווק בעמ,,,יח`,750,גרם,false,1,10.90,1.45,true,1,
7290001201510,false,ביצים ארוזות M מ. לסר) (30 פיקוח,מ לסר בעמ - חברה לשיווק ביצים,,,יח`,1,,false,1,27.87,27.87,false,1,
7290001201572,false,ביצים 12  יח`XL פיקוח,מ לסר בעמ - חברה לשיווק ביצים,,,יח`,1,,false,1,13.10,13.10,false,1,
7290001201589,false,ביצים ארוזות L מ. לסר) (12 פיקוח,מ לסר בעמ - חברה לשיווק ביצים,,,יח`,1,,false,1,12.05,12.05,false,1,
7290001201596,false,ביצים 12 יחידות M פיקוח,מ לסר בעמ - חברה לשיווק ביצים,,,יח`,1,,false,1,11.15,11.15,false,1,
7290001201602,false,ביצים 18  יח`L פיקוח,מ לסר בעמ - חברה לשיווק ביצים,,,יח`,1,,false,1,18.07,18.07,false,1,
7290001201619,false,ביצים 18  יח`M פיקוח,מ לסר בעמ - חברה לשיווק ביצים,,,יח`,1,,false,1,16.72,16.72,false,1,
7290001201848,false,ביצים אורגני 12 M,מ לסר בעמ - חברה לשיווק ביצים,,,יח`,1,,false,1,17.90,17.90,false,1,
7290001201893,false,ביצים אומגה 12 יח`M,מ לסר בעמ - חברה לשיווק ביצים,,,יח`,1,,false,1,16.90,16.90,false,1,
7290001209264,false,טחון בקר 100% עטרה,נטו מלינדה סחר - עטרה,,,יח`,500,גרם,false,1,27.30,5.46,false,1,
7290001209547,false,כרעיים-עטרה,נטו מלינדה סחר - עטרה,,,"ק""ג",1000,גרם,true,1,31.90,3.19,false,1,
7290001216040,false,טחינה רגילה 500  גר`אל ארז,סוגת תעשיות בעמ,,,יח`,500,גרם,false,1,15.90,3.18,false,1,
7290001216057,false,טחינה אל ארז 1 קג,סוגת תעשיות בעמ,,,יח`,1,"ק""ג",false,1,30.90,30.90,true,1,
7290001216231,false,טחינה משומשום מלא אל ארז (500 גרם),סוגת תעשיות בעמ,,,יח`,500,גרם,false,1,16.90,3.38,false,1,
7290001245705,false,אקונומיקה מבושמת 4 ליטר טאצ`,סאסאטק אגשח בעמ,,,יח`,4,1 ליטר,false,1,9.90,2.48,false,1,
7290001245729,false,ג`ל כביסה ירוק 3 ליטר טאצ`,סאסאטק אגשח בעמ,,,יח`,3,1 ליטר,false,1,17.90,5.97,false,1,
7290001245736,false,ג`ל כביסה כחול 3 ליטר טאצ`,סאסאטק אגשח בעמ,,,יח`,3,1 ליטר,false,1,17.90,5.97,false,1,
7290001245798,false,נוזל כלים לימון 1.6 ליטר טאצ,סאסאטק אגשח בעמ,,,יח`,1600,גרם,false,1,9.90,0.62,false,1,
7290001245828,false,נוזל כלים קלאסי 1.6 ליטר טאצ,סאסאטק אגשח בעמ,,,יח`,1600,גרם,false,1,9.90,0.62,false,1,
7290001245835,false,נוזל רצפות אורנים 4 ליטר טאצ,סאסאטק אגשח בעמ,,,יח`,4,1 ליטר,false,1,13.90,3.48,false,1,
7290001245842,false,נוזל רצפות מאסק 4 ליטר טאצ,סאסאטק אגשח בעמ,,,יח`,4,1 ליטר,false,1,13.90,3.48,false,1,
7290001245897,false,נוזל רצפות יסמין 4 ליטר טאצ`,סאסאטק אגשח בעמ,,,יח`,4,1 ליטר,false,1,13.90,3.48,false,1,
7290001245958,false,מרכך כביסה 4 ליטר ורוד,סאסאטק אגשח בעמ,,,יח`,4,1 ליטר,false,1,13.90,3.48,false,1,
7290001245965,false,מרכך כביסה 4 ליטר כחול,סאסאטק אגשח בעמ,,,יח`,4,1 ליטר,false,1,13.90,3.48,false,1,
7290001245972,false,מרכך כביסה 4 ליטר לבן,סאסאטק אגשח בעמ,,,יח`,4,1 ליטר,false,1,13.90,3.48,false,1,
7290001246054,false,פותח סתימות 1 ליטר טאצ,סאסאטק אגשח בעמ,,,יח`,1000,גרם,false,1,13.90,1.39,false,1,
7290001246061,false,מרכך מרוכז פרימיום  פנטזי( 1  ליטר)טאצ`,סאסאטק אגשח בעמ,,,יח`,1,1 ליטר,false,1,10.90,10.90,false,1,
7290001246078,false,מרכך מרוכך פרפיום  סנשואל( 1  ליטר)טאצ`,סאסאטק אגשח בעמ,,,יח`,1,1 ליטר,false,1,10.90,10.90,false,1,
7290001246085,false,נוזל לניקוי חלונות 1 ליטר טאצ,סאסאטק אגשח בעמ,,,יח`,1000,גרם,false,1,5.90,0.59,false,1,
7290001246092,false,תרסיס מסיר שומנים 750 מל טא`צ,סאסאטק אגשח בעמ,,,יח`,750,גרם,false,1,11.90,1.59,false,1,
7290001246122,false,תרסיס ניקוי כללי 750 מל+אקונומיקה  טאצ`,סאסאטק אגשח בעמ,,,יח`,750,גרם,false,1,11.90,1.59,false,1,
7290001246146,false,מסיר אבן 1 ליטר טאצ,סאסאטק אגשח בעמ,,,יח`,1000,גרם,false,1,11.90,1.19,false,1,
7290001246269,false,תרסיס מטהר אוויר לבנדר 300 מל טא`צ,סאסאטק אגשח בעמ,,,יח`,300,גרם,false,1,5.90,1.97,false,1,
7290001246351,false,נוזל רצפות לבנדר 4 ליטר טאצ,סאסאטק אגשח בעמ,,,יח`,4,1 ליטר,false,1,13.90,3.48,false,1,
7290001246528,false,מרכך כביסה מרוכז פרפיום  מיסטרי( 1 ליטר),סאסאטק אגשח בעמ,,,יח`,1,1 ליטר,false,1,10.90,10.90,false,1,
7290001246757,false,נוזל רצפות 2 ליטר מלון בוטיק טאצ,סאסאטק אגשח בעמ,,,יח`,2,1 ליטר,false,1,17.90,8.95,false,1,
7290001246764,false,נוזל רצפות 2 ליטר ספא מפנק טא`צ,סאסאטק אגשח בעמ,,,יח`,2,1 ליטר,false,1,17.90,8.95,false,1,
7290001247068,false,נקטר תות בננה ספרינג (1 ליטר),יפאורה,,,יח`,1,1 ליטר,false,1,6.90,6.90,false,1,
7290001247082,false,נקטר עגבניות  ספרינג( 1  ליטר),יפאורה,,,יח`,1,1 ליטר,false,1,6.90,6.90,false,1,
7290001247099,false,נקטר מנגו ספרינג (1 ליטר),יפאורה,,,יח`,1,1 ליטר,false,1,6.90,6.90,false,1,
7290001247105,false,נקטר אפרסקים ספרינג (1 ליטר),יפאורה,,,יח`,1,1 ליטר,false,1,6.90,6.90,false,1,
7290001247112,false,נקטר לימונענע  ספרינג( 1 ליטר),יפאורה,,,יח`,1,1 ליטר,false,1,6.90,6.90,false,1,
7290001247129,false,נקטר תפוזים ספרינג (1 ליטר),יפאורה,,,יח`,1,1 ליטר,false,1,6.90,6.90,false,1,
7290001247143,false,נקטר תפוחים ספרינג (1 ליטר),יפאורה,,,יח`,1,1 ליטר,false,1,6.90,6.90,false,1,
7290001265642,false,מזון חתולים רטוב לה קט (400x3 גרם),דיפלומט היינץ,,,יח`,1.20,"ק""ג",false,1,19.90,16.58,false,1,
7290001274132,false,שלגון מצופה וניל.,פלקו בעמ,,,יח`,1,,false,1,4,4,false,1,
7290001274422,false,מאגדת ציפוי שוקו בננה 8 יח`,פלקו בעמ,,,יח`,1,,false,1,24.90,24.90,false,1,
7290001274934,false,מאגדת קרחונים דיאט שמינייה,פלקו בעמ,,,יח`,640,גרם,false,1,24.90,3.89,false,1,
7290001305188,false,פלמוליב כלים שקוף לימון 750 בקבוק חדש,ש.שסטוביץ בעמ,,,יח`,750,גרם,false,1,12.90,1.72,true,1,
7290001327180,false,שטראוס קרמיסימו,גלידות שטראוס בעמ,,,יח`,1.33,1 ליטר,false,1,18.90,14.21,false,1,
7290001327791,false,שטראוס קרמיסימו,גלידות שטראוס בעמ,,,יח`,1.33,1 ליטר,false,1,18.90,14.21,false,1,
7290001343845,false,גרנולה עם תוספות 1 קג,דין שיווק וקליה 2021 בעמ,,,יח`,1,"ק""ג",false,1,19.90,19.90,false,1,
7290001407547,false,טחינה בארכה שומשום מלא פי 6 סידן,קבוצת אסם סחר שות. מוגבלת,,,יח`,500,גרם,false,1,12.90,2.58,false,1,
7290001407813,false,חלבה בארכה שאמית+פיסטוק 350 גר`,קבוצת אסם סחר שות. מוגבלת,,,יח`,350,גרם,false,1,14.90,4.26,false,1,
7290001427453,false,מיץ תפוחים 1 ליטר פינק ליידי,תנובה - פריניב,,,יח`,1,1 ליטר,false,1,19.90,19.90,false,1,
7290001436790,false,מרגז מיני אקסטרה 500  גר`8 יח,בלדי בעמ,,,יח`,500,גרם,false,1,27.90,5.58,false,1,
7290001462010,false,אריסה מרוקאית תבליני ביטון יוחאי.,נטו מלינדה סחר בעמ,,,יח`,250,גרם,false,1,13.90,5.56,true,1,
7290001485019,false,גבינת שמנת 200  גר`9%,החב` המרכזית - טרה,,,יח`,200,גרם,false,1,11.90,5.95,false,1,
7290001523049,false,מכונת תספורת נטענת TOPSON TP-300,קונסיגנציה-ד.ש.ש. אלקטרוניקה ב,,,יח`,1,,false,1,69,69,false,1,
7290001552025,false,קוסקוס של אמא (800גרם),מטעמי פאר (א.מ.נ) בעמ,,,יח`,800,גרם,false,1,14.90,1.86,false,1,
7290001567760,false,פסטרמה של פעם 300 גרם לחמ,מעדני יחיעם (1993) בעמ,,,יח`,300,גרם,false,1,26.90,8.97,true,1,
7290001567807,false,כתף בקר מעושן 250 גרם לחמ,מעדני יחיעם (1993) בעמ,,,יח`,250,גרם,false,1,29.90,11.96,true,1,
7290001588499,false,פפאיה אורגנית שקל ארוז,שדות תוצרת מזון אורגנית ש.ק.ד,,,"ק""ג",1,,true,1,22.90,22.90,false,1,
7290001591703,false,קבב אנגוס עגול 500 גר`,נטו מלינדה סחר בעמ,,,יח`,500,גרם,false,1,22.90,4.58,false,1,
7290001591710,false,המבורגר אנגוס 600  גר`טיבון ויל,נטו מלינדה סחר בעמ,,,יח`,600,גרם,false,1,22.90,3.82,false,1,
7290001594568,false,בירה בפחית קרלסברג (500 מל),החברה המרכזית להפצת משקאות בעמ,,,יח`,500,גרם,false,1,8.90,1.72,false,1,
7290001594858,false,מארז שישייה בירה טובורג רד (330x6 מל),החברה המרכזית להפצת משקאות בעמ,,,יח`,1.98,1 ליטר,false,1,41.90,20.25,true,1,
7290001594865,false,בירה קרלסברג (330x6 מל),החברה המרכזית להפצת משקאות בעמ,,,יח`,1.98,1 ליטר,false,1,36.90,17.73,true,1,
7290001670057,false,כפיות לבן 100  יח`הנמל,הנמל אריזות ושיווק (1984) בעמ,,,יח`,1,,false,1,11.90,11.90,true,1,
7290001670224,false,מלית פרג הנמל,הנמל אריזות ושיווק (1984) בעמ,,,יח`,400,גרם,false,1,13.90,3.48,true,1,
7290001670255,false,כוסות קרטון 8B 50  יח`הנמל,הנמל אריזות ושיווק (1984) בעמ,,,יח`,1,,false,1,10.90,10.90,true,1,
7290001670873,false,צלחות 1  קג`הנמל,הנמל אריזות ושיווק (1984) בעמ,,,יח`,1,,false,1,39.90,39.90,false,1,
7290001690512,false,תות שדה קפוא 250 גר`,נטו מלינדה סחר בעמ,,,יח`,250,גרם,false,1,9.90,3.96,false,1,
7290001690543,false,חתיכות אננס קפואות 250 גר`,נטו מלינדה סחר בעמ,,,יח`,250,גרם,false,1,9.90,3.96,false,1,
7290001690574,false,אוכמניות קפואות 250 גר`,נטו מלינדה סחר בעמ,,,יח`,250,גרם,false,1,9.90,3.96,false,1,
7290001696729,false,פקאן טבעי פיצוחי חממה (100 גרם),בוטנת בעמ,,,יח`,100,גרם,false,1,16.90,16.90,false,1,
7290001710111,false,נקניקיות מרגז חריפות מעדני הטלה 500 גר`,לאטי עזרא בעמ,,,יח`,500,גרם,false,1,19.80,3.96,false,1,
7290001713150,false,אקונומיקה קצף ניקוי סנט מוריץ (1  ליטר),קומפלקס כימיקלים בעמ,,,יח`,1000,גרם,false,1,11.90,1.19,false,1,
7290001713167,false,קצף ניקוי כלים סינטריים סנט  מוריץ( 1 לי,קומפלקס כימיקלים בעמ,,,יח`,100,גרם,false,1,11.90,11.90,false,1,
7290001780428,false,מאגדת גלידה לייט שוקו 6 יח`,נגה גלידות שותפות מוגבלת,,,יח`,312,גרם,false,1,27.90,8.94,false,1,
7290001791349,false,אקונומיקה פיסגה ריחנית סנו (4 ליטר),החברה הדרומית לשיווק בעמ,,,יח`,4,1 ליטר,false,1,11.90,2.98,true,1,
7290001791356,false,פרש אוטומטי מילוי ניחוח מרענןועוצמתי סנו,החברה הדרומית לשיווק בעמ,,,יח`,250,גרם,false,1,13.90,5.56,false,1,
7290001817728,false,צ יטוס כאפה 55 גר,שטראוס פריטו ליי בעמ,,,יח`,55,גרם,false,1,3.50,6.36,true,1,
7290001855232,false,שמן צמחי למאור 1 ליטר,בני פאוזי שמשום (2009) בעמ,,,יח`,1,1 ליטר,false,1,9.90,9.90,false,1,
7290001865453,false,אל סבון נוזלי לבנדר פמילי (1 ליטר),דנשר (1963) בעמ,,,יח`,1,1 ליטר,false,1,14.90,14.90,true,1,
7290001881040,false,מלפפון ביביי כבוש במלח 600  גר`מאמא מרי,מאמא - מרי בעמ,,,יח`,600,גרם,false,1,18.90,3.15,false,1,
7290001881873,false,כרוב כבוש עם חמוציות 750  גר`מאמא מרי,מאמא - מרי בעמ,,,יח`,750,גרם,false,1,17.90,2.39,true,1,
7290001946121,false,פפריקה מתוקה 400 גר,דין שיווק וקליה 2021 בעמ,,,יח`,400,גרם,false,1,19.90,4.98,false,1,
7290001946404,false,סלט שום כתוש תבליני ביטון יוחאי,נטו מלינדה סחר בעמ,,,יח`,250,גרם,false,1,13.90,5.56,true,1,
7290001973233,false,מגבונים קמיל בלו מילוי+דיספנסר 120 יח,פישר תעשיות פרמצבטיות בעמ,,,יח`,120,יח`,false,1,10.90,0.09,false,1,
7290002000136,false,שעווה למיקרו מגע משי הדבש (500 גרם),דנשר (1963) בעמ,,,יח`,500,גרם,false,1,20.90,4.18,true,1,
7290002000143,false,קרם ידיים פנג`ל (80 מל),דנשר (1963) בעמ,,,יח`,100,גרם,false,1,9.90,9.90,true,1,
7290002002857,false,נייר משי להסרת שיער הדבש (50),דנשר (1963) בעמ,,,יח`,1,יח`,false,1,24.90,24.90,true,1,
7290002007357,false,דליקטס שקיות צלייה קטן הנמל) (10,הנמל אריזות ושיווק (1984) בעמ,,,יח`,1,,false,1,5.90,5.90,false,1,
7290002007890,false,כוסות 100  יח`200 PP הנמל,הנמל אריזות ושיווק (1984) בעמ,,,יח`,100,יח`,false,1,9.90,0.10,false,1,
7290002007975,false,צלחות קטן 50  יח`הנמל,הנמל אריזות ושיווק (1984) בעמ,,,יח`,50,יח`,false,1,10.90,0.22,true,1,
7290002007982,false,מזלגות לבן 100  יח`הנמל,הנמל אריזות ושיווק (1984) בעמ,,,יח`,100,יח`,false,1,11.90,0.12,true,1,
7290002007999,false,צלחות גדול 50  יח`הנמל,הנמל אריזות ושיווק (1984) בעמ,,,יח`,1,,false,1,15.90,15.90,true,1,
7290002008040,false,שיפודים 30 סמ הנמל,הנמל אריזות ושיווק (1984) בעמ,,,יח`,1,,false,1,2.90,2.90,false,1,
7290002008149,false,מדליק פחם מוצק מנגל) (40,הנמל אריזות ושיווק (1984) בעמ,,,יח`,1,,false,1,6.90,6.90,false,1,
7290002008156,false,עטרות נייר הנמל,הנמל אריזות ושיווק (1984) בעמ,,,יח`,1,,false,1,7.90,7.90,false,1,
7290002008507,false,נייר אפיה הנמל 50 יח`,הנמל אריזות ושיווק (1984) בעמ,,,יח`,1,,false,1,8.90,8.90,true,1,
7290002008651,false,קמח תפוא 500  גר`הנמל,הנמל אריזות ושיווק (1984) בעמ,,,יח`,500,גרם,false,1,6.90,1.38,true,1,
7290002019114,false,רוטב עגבניות מרוכז 28 580  גר`פריניר,אבאל יזמות בעמ,,,יח`,580,גרם,false,1,7.90,1.36,true,1,
7290002019763,false,עגבניות מרוסקות 800  גר`פריניר,אבאל יזמות בעמ,,,יח`,800,גרם,false,1,6.90,0.86,true,1,
7290002019787,false,רוטב עגבניות מרוכז עגבניות 22% 260  גר`פ,אבאל יזמות בעמ,,,יח`,260,גרם,false,1,3.90,1.50,true,1,
7290002019794,false,רוטב עגבניות מרוכז 22% 100  גר`פריניר,אבאל יזמות בעמ,,,יח`,100,גרם,false,1,1.90,1.90,true,1,
7290002026440,false,פרצלס קפוא 280 גר`,מוצרי איכות אמריקאיים בעמ,,,יח`,280,גרם,false,1,14.90,5.32,true,1,
7290002026587,false,וופל בלגי קפוא 280 גר`,מוצרי איכות אמריקאיים בעמ,,,יח`,280,גרם,false,1,14.90,5.32,true,1,
7290002037309,false,לחמניות המבורגר מאפיית ודש 8),י.את א. ברמן בעמ,,,יח`,400,גרם,false,1,12.50,3.13,false,1,
7290002037637,false,לחמניות הבית מתוקות מאפיית ודש) (4,י.את א. ברמן בעמ,,,יח`,400,גרם,false,1,11.90,2.98,false,1,
7290002040019,false,קוסקוס רגיל מזון קוסקוס (350 גרם),הנמל אריזות ושיווק (1984) בעמ,,,יח`,350,גרם,false,1,5.90,1.69,false,1,
7290002040064,false,קוסקוס דק מזון קוסקוס (350 גרם),הנמל אריזות ושיווק (1984) בעמ,,,יח`,350,גרם,false,1,5.90,1.69,false,1,
7290002040071,false,קוסקוס עבה מזון קוסקוס (350 גרם),הנמל אריזות ושיווק (1984) בעמ,,,יח`,350,גרם,false,1,5.90,1.69,false,1,
7290002043218,false,ציפס אורז חום מלא מלח 60  גר`אקסטרה,א.ל.ייצור ושיווק תבלינים בעמ,,,יח`,60,גרם,false,1,6.90,11.50,true,1,
7290002043782,false,ציפס אורז חום מלא טקסס בקביקין 60  גר`אק,א.ל.ייצור ושיווק תבלינים בעמ,,,יח`,60,גרם,false,1,6.90,11.50,true,1,
7290002053095,false,איטריות ביצים מס 10 200 גר`,גורי מוצרי צריכה (1991) בעמ,,,יח`,200,גרם,false,1,7.90,3.95,true,1,
7290002057628,false,זיתים מושחרים טבעות קבוצת יבנה (540 גרם),קבוצת יבנה מוצרי מזון אגודה שי,,,יח`,540,גרם,false,1,10.90,2.02,false,1,
7290002065555,false,לחמניות אנג`ל) (6,שלמה א. אנג`ל בעמ,,,יח`,450,גרם,false,1,10.90,2.42,false,1,
7290002065616,false,לחם שיפון גרעינים פרוס אחדות (750 גרם),שלמה א. אנג`ל בעמ,,,יח`,750,גרם,false,1,12.50,1.67,false,1,
7290002077725,false,סלמון מעושן דלידג (100 גרם),נטו מלינדה סחר בעמ,,,יח`,100,גרם,false,1,18.90,18.90,false,1,
7290002105503,false,המבורגר טחון 500  גר`מחפוד,עוף ירושלים שיווק בעמ,,,יח`,500,גרם,false,1,18.90,3.78,false,1,
7290002107071,false,בולגרית עיזים מעודנת 16% 200 גר`,החב` המרכזית - טרה,,,יח`,200,גרם,false,1,26.20,13.10,false,1,
7290002107491,false,גבינה עיזים 5% למריחה 250 גר`,החב` המרכזית - טרה,,,יח`,250,גרם,false,1,16.70,6.68,true,1,
7290002107798,false,בולגרית בקר 5% בגביע 250 גר`,החב` המרכזית - טרה,,,יח`,250,גרם,false,1,24.10,9.64,false,1,
7290002111085,false,רוטב עגבניות 100  גר`פרי מבורך,זנלכל בעמ,,,יח`,100,גרם,false,1,2.50,2.50,true,1,
7290002111337,false,רוטב עגבניות BX 22% פרי מבורך (240 גרם),זנלכל בעמ,,,יח`,240,גרם,false,1,4.90,2.04,true,1,
7290002111511,false,אפונה וגזר 550  גר`פרי מבורך,זנלכל בעמ,,,יח`,550,גרם,false,1,8.50,1.55,true,1,
7290002111818,false,גרעיני תירס מתוק פרי מבורך (400 גרם),זנלכל בעמ,,,יח`,400,גרם,false,1,6.50,1.63,false,1,
7290002111825,false,תירס מתוק 550  גר`פרי מבורך,זנלכל בעמ,,,יח`,550,גרם,false,1,8.50,1.55,true,1,
7290002128311,false,נר נשמה בכוס זכוכית שבועי מנורה שי נר,אבאל יזמות בעמ,,,יח`,1,,false,1,9.90,9.90,false,1,
7290002128403,false,נרות שבת אורה מס 4 מנורה שי נר,אבאל יזמות בעמ,,,יח`,1,,false,1,2.90,2.90,false,1,
7290002128410,false,נרות שבת שבת אורה  מס`6,אבאל יזמות בעמ,,,יח`,1,,false,1,2.90,2.90,false,1,
7290002128434,false,נרות שבת אורה  מס`10,אבאל יזמות בעמ,,,יח`,1,,false,1,2.90,2.90,false,1,
7290002128762,false,נר נשמה בכוס ל72 שעות מנורה שי נר,אבאל יזמות בעמ,,,יח`,1,,false,1,5.90,5.90,true,1,
7290002128946,false,נר נשמה בכוס ל48 שעות מנורה שי נר,אבאל יזמות בעמ,,,יח`,1,,false,1,4.90,4.90,true,1,
7290002129462,false,פיצה איטלקית דקה שלושת האופים מארז זוג,נטו מלינדה סחר בעמ,,,יח`,640,גרם,false,1,26.90,4.20,true,1,
7290002129479,false,פיצה איטלקית דקה שלושת האופים 320 גר,נטו מלינדה סחר בעמ,,,יח`,320,גרם,false,1,13.90,4.34,true,1,
7290002129486,false,פיצה איטלקית דקה 340  גר`שלושת האופים,נטו מלינדה סחר בעמ,,,יח`,340,גרם,false,1,14.90,4.38,true,1,
7290002130567,false,דבש טהור מפרחי בר יד מרדכי (350 גרם),שטראוס גרופ בעמ,,,יח`,350,גרם,false,1,16.90,4.83,false,1,
7290002130581,false,דבש טהור מפרחי בר יד מרדכי (1 קג),שטראוס גרופ בעמ,,,יח`,1,"ק""ג",false,1,42.90,42.90,false,1,
7290002132011,false,עוגיות מזרחיות עם שומשום עבאדי (400 גר),תה ויסוצקי (ישראל) בעמ,,,יח`,400,גרם,false,1,16.90,4.23,true,1,
7290002157960,false,טונה ויליגר רביעייה 140 גר במי מלח,נטו מלינדה סחר בעמ,,,יח`,140,גרם,false,1,19.90,14.21,false,1,
7290002195054,false,המבורגר קפוא בלדי (400 גרם),בלדי בעמ,,,יח`,400,גרם,false,1,11.90,2.98,false,1,
7290002195078,false,קבב כבש קפוא בלדי (400 גרם),בלדי בעמ,,,יח`,400,גרם,false,1,11.90,2.98,false,1,
7290002195085,false,קבב מזרחי קפוא בלדי (400 גרם),בלדי בעמ,,,יח`,400,גרם,false,1,11.90,2.98,false,1,
7290002195092,false,קבב רומני קפוא בלדי (400 גרם),בלדי בעמ,,,יח`,400,גרם,false,1,11.90,2.98,false,1,
7290002198109,false,צלעות אסאדו מעושנות מעדנייה,זוגלובק שיווק בעמ,,,"ק""ג",1000,גרם,true,1,128,12.80,false,1,
7290002204886,false,ליצי,גליל שוק מקומי אגשח*שיק ל60 יו,,,יח`,1,,false,1,10,10,false,1,
7290002211013,false,קמח 1 קג,טחנת קמח רוט קרית גת,,,יח`,1,"ק""ג",false,1,4.40,4.40,false,1,
7290002211044,false,סולת 1 קג,טחנת קמח רוט קרית גת,,,יח`,1,"ק""ג",false,1,5.50,5.50,false,1,
7290002239185,false,אפונה גינה 800  גר`פרי גליל,ויטה -פרי גליל (החדשה) בעמ,,,יח`,800,גרם,false,1,9.90,1.24,false,1,
7290002239215,false,אפונה וגזר 800  גר`פרי גליל,ויטה -פרי גליל (החדשה) בעמ,,,יח`,800,גרם,false,1,9.90,1.24,false,1,
7290002239277,false,גזר גמדי 800  גר`פרי גליל,ויטה -פרי גליל (החדשה) בעמ,,,יח`,800,גרם,false,1,9.90,1.24,false,1,
7290002239307,false,שעועית צהובה חתוכה 800  גר`פרי גליל,ויטה -פרי גליל (החדשה) בעמ,,,יח`,800,גרם,false,1,9.90,1.24,false,1,
7290002239420,false,תירס גרעינים 800 גר`פרי גליל,ויטה -פרי גליל (החדשה) בעמ,,,יח`,800,גרם,false,1,9.90,1.24,false,1,
7290002253006,false,שום כתוש דורות (200 גרם),קבוצת אסם סחר שות. מוגבלת,,,יח`,200,גרם,false,1,15.90,7.95,false,1,
7290002253105,false,קוביות שום כתוש דורות (80 גרם),קבוצת אסם סחר שות. מוגבלת,,,יח`,80,גרם,false,1,13.90,17.38,false,1,
7290002253150,false,בזיליקום קצוץ דורות (70 גרם),קבוצת אסם סחר שות. מוגבלת,,,יח`,70,גרם,false,1,10.90,15.57,false,1,
7290002253167,false,פטרוזיליה קצוצה דורות (70 גרם),קבוצת אסם סחר שות. מוגבלת,,,יח`,70,גרם,false,1,10.90,15.57,false,1,
7290002253174,false,שמיר טרי קצוץ,קבוצת אסם סחר שות. מוגבלת,,,יח`,70,גרם,false,1,10.90,15.57,false,1,
7290002253181,false,כוסברה קצוצה דורות (70 גרם),קבוצת אסם סחר שות. מוגבלת,,,יח`,70,גרם,false,1,10.90,15.57,false,1,
7290002253310,false,קוביות תערובת שום צ`לי חריף 80  גר`דורות,קבוצת אסם סחר שות. מוגבלת,,,יח`,80,גרם,false,1,13.90,17.38,false,1,
7290002259664,false,רדיד אלומיניום 0.86,גורי ע.ע.ע בעמ,,,יח`,1,,false,1,54.90,54.90,false,1,
7290002263586,false,מיץ לימון  משומר( 500  מל)תבליני מימון,א.ל.ייצור ושיווק תבלינים בעמ,,,יח`,500,גרם,false,1,11.90,2.38,true,1,
7290002263661,false,מיץ לימון 100%  טבעי( 250  מל) תבליני מ,א.ל.ייצור ושיווק תבלינים בעמ,,,יח`,250,גרם,false,1,7.90,3.16,false,1,
7290002278528,false,ספוג כלים כרית שבת כלין 2 יח,מ.א.ייצור ויבוא מטליות בעמ,,,יח`,1,,false,1,7.90,7.90,false,1,
7290002281498,false,ריץ`מגורדת 500 גר על בסיס חלב,נטו מלינדה סחר בעמ,,,יח`,500,גרם,false,1,24.90,4.98,true,1,
7290002291046,false,בלדי המבורגר מסעדות קצבייה,בלדי בעמ,,,יח`,480,גרם,false,1,24.90,5.19,false,1,
7290002317081,false,זית חרוזית A2 מוטולה,אבאל יזמות בעמ,,,יח`,560,גרם,false,1,9.90,1.77,true,1,
7290002317128,false,מלפפון במלח 10-12 מוטולה,אבאל יזמות בעמ,,,יח`,560,גרם,false,1,9.90,1.77,true,1,
7290002317135,false,מלפפון במלח 13-17 מוטולה,אבאל יזמות בעמ,,,יח`,560,גרם,false,1,9.90,1.77,false,1,
7290002317166,false,מלפפון בחומץ 10-12 מוטולה,אבאל יזמות בעמ,,,יח`,560,גרם,false,1,9.90,1.77,true,1,
7290002317173,false,מלפפונים בחומץ 13-17 מוטולה,אבאל יזמות בעמ,,,יח`,560,גרם,false,1,9.90,1.77,false,1,
7290002317265,false,מלפפון במלח 7-9 מוטולה,אבאל יזמות בעמ,,,יח`,560,גרם,false,1,7.90,1.41,true,1,
7290002317289,false,חצילים A2 מוטולה,אבאל יזמות בעמ,,,יח`,560,גרם,false,1,8.90,1.59,true,1,
7290002317296,false,פלפל שיפקה A2 מוטולה,אבאל יזמות בעמ,,,יח`,540,גרם,false,1,8.90,1.65,true,1,
7290002317319,false,מלפפון בחומץ 7-9 מוטולה,אבאל יזמות בעמ,,,יח`,348,גרם,false,1,7.90,2.27,true,1,
7290002317326,false,זיתים מנזלינו 12-15 מוטולה,אבאל יזמות בעמ,,,יח`,560,גרם,false,1,8.90,1.59,true,1,
7290002317357,false,פלפל שיפקה חריף צנצנת זכוכית מוטולה,אבאל יזמות בעמ,,,יח`,550,גרם,false,1,8.90,1.62,true,1,
7290002317371,false,חרוזית מושחר A2 מוטולה,אבאל יזמות בעמ,,,יח`,560,גרם,false,1,9.90,1.77,false,1,
7290002317388,false,ירקות מעורבים בתיבול מזרחי מוטולה 900 גר,אבאל יזמות בעמ,,,יח`,900,גרם,false,1,29.90,3.32,false,1,
7290002317579,false,טבעות זיתים ירוק מוטולה,אבאל יזמות בעמ,,,יח`,560,גרם,false,1,9.90,1.77,true,1,
7290002317609,false,כרוב כבוש מוטולה,אבאל יזמות בעמ,,,יח`,560,גרם,false,1,8.90,1.59,true,1,
7290002317616,false,זית מרינט 17-19 מוטולה,אבאל יזמות בעמ,,,יח`,560,גרם,false,1,9.90,1.77,false,1,
7290002317661,false,זיתים מנזולינו גדול מאוד זכוכית מוטולה,אבאל יזמות בעמ,,,יח`,560,גרם,false,1,9.90,1.77,false,1,
7290002317678,false,חרוזית ירוק צנצנת זכוכית מוטולה,אבאל יזמות בעמ,,,יח`,560,גרם,false,1,9.90,1.77,false,1,
7290002317852,false,מלפפון ביתי בצנצנת מוטולה (900גר`),אבאל יזמות בעמ,,,יח`,900,גרם,false,1,29.90,3.32,false,1,
7290002319016,false,אבקת אפיה מיה (10x10 גרם),מיה תעשיות מזון מ.ת.מ. בעמ,,,יח`,100,גרם,false,1,2.90,2.90,true,1,
7290002319023,false,סוכר ווניל עשירייה,מיה תעשיות מזון מ.ת.מ. בעמ,,,יח`,100,גרם,false,1,2.90,2.90,true,1,
7290002319047,false,אגוזי מלך 100ג,מיה תעשיות מזון מ.ת.מ. בעמ,,,יח`,100,גרם,false,1,11.90,11.90,false,1,
7290002319054,false,פרג טחון 100 גר`,מיה תעשיות מזון מ.ת.מ. בעמ,,,יח`,100,גרם,false,1,6.90,6.90,false,1,
7290002319061,false,קוקוס טחון מיה (100 גרם),מיה תעשיות מזון מ.ת.מ. בעמ,,,יח`,100,גרם,false,1,2.90,2.90,false,1,
7290002319078,false,שומשום 100 גר`,מיה תעשיות מזון מ.ת.מ. בעמ,,,יח`,100,גרם,false,1,2.90,2.90,false,1,
7290002319115,false,חומוס גדול מיה (500 גרם),מיה תעשיות מזון מ.ת.מ. בעמ,,,יח`,500,גרם,false,1,7.90,1.58,true,1,
7290002319139,false,שעועית לבנה מיה (500 גרם),מיה תעשיות מזון מ.ת.מ. בעמ,,,יח`,500,גרם,false,1,9.90,1.98,true,1,
7290002319146,false,שעועית אדומה מיה (500 גרם),מיה תעשיות מזון מ.ת.מ. בעמ,,,יח`,500,גרם,false,1,11.90,2.38,false,1,
7290002319160,false,אפונה ירוקה מיה (500 גרם),מיה תעשיות מזון מ.ת.מ. בעמ,,,יח`,500,גרם,false,1,6.90,1.38,true,1,
7290002319177,false,פופקורן מיה (500 גרם),מיה תעשיות מזון מ.ת.מ. בעמ,,,יח`,500,גרם,false,1,6.90,1.38,false,1,
7290002319184,false,עדשים אדומות מיה (500 גרם),מיה תעשיות מזון מ.ת.מ. בעמ,,,יח`,500,גרם,false,1,9.90,1.98,true,1,
7290002319191,false,עדשים ירוקות מיה (500 גרם),מיה תעשיות מזון מ.ת.מ. בעמ,,,יח`,500,גרם,false,1,7.90,1.58,true,1,
7290002319207,false,כוסמת מיה (500 גרם),מיה תעשיות מזון מ.ת.מ. בעמ,,,יח`,500,גרם,false,1,8,1.60,true,1,
7290002319221,false,חיטה מיה (500 גרם),מיה תעשיות מזון מ.ת.מ. בעמ,,,יח`,500,גרם,false,1,5.90,1.18,true,1,
7290002319375,false,קורנפלור 200 גר`,מיה תעשיות מזון מ.ת.מ. בעמ,,,יח`,200,גרם,false,1,5,2.50,false,1,
7290002319610,false,שקדים טחונים 100 גר`,מיה תעשיות מזון מ.ת.מ. בעמ,,,יח`,100,גרם,false,1,11.90,11.90,false,1,
7290002319771,false,תמצית אפיה בטעם וניל מיה (50 מל),מיה תעשיות מזון מ.ת.מ. בעמ,,,יח`,50,גרם,false,1,3.90,7.80,false,1,
7290002319825,false,אבקת סוכר 100 גר`,מיה תעשיות מזון מ.ת.מ. בעמ,,,יח`,100,גרם,false,1,2.50,2.50,true,1,
7290002327028,false,ג`חנון 650  גר`שלושת האופים,נטו מלינדה סחר בעמ,,,יח`,650,גרם,false,1,15.90,2.45,true,1,
7290002327042,false,בורקס תפוא שלושת האופים,נטו מלינדה סחר בעמ,,,יח`,800,גרם,false,1,17.90,2.24,true,1,
7290002327066,false,קונכיות 625  גר`שלושת האופים,נטו מלינדה סחר בעמ,,,יח`,625,גרם,false,1,21.90,3.50,true,1,
7290002327073,false,בורקס גבינה שלושת האופים,נטו מלינדה סחר בעמ,,,יח`,800,גרם,false,1,19.90,2.49,true,1,
7290002327103,false,ג`חנון 900  גר`שלושת האופים,נטו מלינדה סחר בעמ,,,יח`,1,"ק""ג",false,1,20.90,20.90,true,1,
7290002327912,false,מיני בורקס גבינה 700  גר`שלושת האופים,נטו מלינדה סחר בעמ,,,יח`,700,גרם,false,1,19.90,2.84,true,1,
7290002329626,false,עוגת שיש עוג`לה 350 גר`,בני פאוזי שמשום (2009) בעמ,,,יח`,350,גרם,false,1,6.90,1.97,true,1,
7290002329640,false,עוגת לימון עוג`לה 350 גר`,בני פאוזי שמשום (2009) בעמ,,,יח`,350,גרם,false,1,6.90,1.97,true,1,
7290002329657,false,עוגת תפוז עוג`לה 350 גר`,בני פאוזי שמשום (2009) בעמ,,,יח`,350,גרם,false,1,6.90,1.97,true,1,
7290002329664,false,עוגת אנגלית עוג`לה 350 גר`,בני פאוזי שמשום (2009) בעמ,,,יח`,350,גרם,false,1,6.90,1.97,true,1,
7290002329695,false,עוגת וניל עוג`לה 350 גר`,בני פאוזי שמשום (2009) בעמ,,,יח`,350,גרם,false,1,6.90,1.97,true,1,
7290002329961,false,עוגת שוקוצ`ינו עוג`לה 350 גר`,בני פאוזי שמשום (2009) בעמ,,,יח`,350,גרם,false,1,6.90,1.97,true,1,
7290002331025,false,נביעות 500 תו-גוווו,החברה המרכזית להפצת משקאות בעמ,,,יח`,500,גרם,false,1,3.30,0.60,false,1,
7290002331094,false,בקבוק נביעות תו-גוו 750,החברה המרכזית להפצת משקאות בעמ,,,יח`,750,גרם,false,1,3.50,0.43,false,1,
7290002331360,false,נביעות שישיה 0.500 טו גוווווו,החברה המרכזית להפצת משקאות בעמ,,,יח`,3,1 ליטר,false,1,15.70,4.63,true,1,
7290002331421,false,שישית נביעות תו-גוו 755,החברה המרכזית להפצת משקאות בעמ,,,יח`,4.53,1 ליטר,false,1,16.90,3.33,false,1,
7290002331483,false,נביעות בייבי 320*6 מל,החברה המרכזית להפצת משקאות בעמ,,,יח`,1920,גרם,false,1,13.90,0.63,false,1,
7290002331490,false,מים מינרלים נביעות (1 ליטר),החברה המרכזית להפצת משקאות בעמ,,,יח`,1,1 ליטר,false,1,3.20,3.20,true,1,
7290002345015,false,דק דק סינטה אל גאוצו,נטו מלינדה סחר בעמ,,,יח`,250,גרם,false,1,24.90,9.96,true,1,
7290002345022,false,דק דק אנטריקוט אל גאוצו,נטו מלינדה סחר בעמ,,,יח`,250,גרם,false,1,24.90,9.96,true,1,
7290002345077,false,דק דק שניצל בקר 250  גר`טיבון ויל אל גא,נטו מלינדה סחר בעמ,,,יח`,250,גרם,false,1,14.90,5.96,false,1,
7290002345121,false,אסאדו דק דק אל גאוצו,נטו מלינדה סחר בעמ,,,יח`,250,גרם,false,1,24.90,9.96,true,1,
7290002348139,false,תחתיות ארטישוק ויליגר (390 גרם),נטו מלינדה סחר בעמ,,,יח`,425,גרם,false,1,10.90,2.56,true,1,
7290002348238,false,אננס חתוך ויליגר 820 גר`.,נטו מלינדה סחר בעמ,,,יח`,820,גרם,false,1,9.90,1.21,false,1,
7290002348306,false,קוקטיל פירות וילגר 850 גר`,נטו מלינדה סחר בעמ,,,יח`,850,גרם,false,1,9.90,1.16,false,1,
7290002353836,false,סרדין רוברט בשמן זית,א. סיימן סחר בעמ,,,יח`,115,גרם,false,1,7.90,6.87,true,1,
7290002360155,false,חליטת צמחים שומר פומפדור) (20,ש.שסטוביץ בעמ,,,יח`,40,גרם,false,1,15.90,39.75,true,1,
7290002360278,false,תה מנטה פומפדור) (20,ש.שסטוביץ בעמ,,,יח`,45,גרם,false,1,15.90,35.33,true,1,
7290002360285,false,תה קמומיל פומפדור) (20,ש.שסטוביץ בעמ,,,יח`,30,גרם,false,1,15.90,53,true,1,
7290002371526,false,סלסולי פסטרמה שום וצ`ילי 120  גר`טירת צב,תנובה קפואים,,,יח`,120,גרם,false,1,15.90,13.25,true,1,
7290002371533,false,סלסולי פסטרמה בדבש טירת צבי (120 גרם),תנובה קפואים,,,יח`,120,גרם,false,1,15.90,13.25,true,1,
7290002371854,false,נקניקיות עוף חריפות 1  קג`טירת צבי,תנובה קפואים,,,יח`,1,1 ליטר,false,1,31.90,31.90,true,1,
7290002371939,false,סרוולד צרפתי 120  גר`טירת צבי,תנובה קפואים,,,יח`,120,גרם,false,1,27.90,23.25,true,1,
7290002374312,false,שמן קנולה מזוכך 6% מילומור (1 ליטר),סוגת תעשיות בעמ,,,יח`,1,1 ליטר,false,1,10.90,10.90,false,1,
7290002374640,false,שמן קנולה פלוס אומגה 3 עץ הזית (1 ליטר),סוגת תעשיות בעמ,,,יח`,1,1 ליטר,false,1,16.90,16.90,false,1,
7290002407034,false,זית סורי  ירוק( 800  גר`)גהשאן סורי,אבאל יזמות בעמ,,,יח`,800,גרם,false,1,21.90,2.74,true,1,
7290002407348,false,שמן זית ג`השאן כתית מעולה 750 מל`,אבאל יזמות בעמ,,,יח`,750,גרם,false,1,34.90,4.65,true,1,
7290002407454,false,שמן זית סורי כתית מעולה 750 מל,אבאל יזמות בעמ,,,יח`,750,גרם,false,1,44.90,5.99,false,1,
7290002407645,false,שמן זית כתית  מעולה( 750  מל)ארץ הגליל,אבאל יזמות בעמ,,,יח`,750,גרם,false,1,29.90,3.99,true,1,
7290002407676,false,זית תערובת  אריזת( 800  גר`גהשאן,אבאל יזמות בעמ,,,יח`,800,גרם,false,1,21.90,2.74,true,1,
7290002507451,false,קציצות דג סלומון 750 גר,נטו מלינדה סחר בעמ,,,יח`,750,גרם,false,1,30.90,4.12,true,1,
7290002507604,false,פיצת השף-שגב מאיטליה 320 גר,נטו מלינדה סחר בעמ,,,יח`,320,גרם,false,1,15.90,4.97,true,1,
7290002512004,false,מלווח צנעני (900 גרם),צנעני מוצרי בצק בעמ,,,יח`,900,גרם,false,1,19.90,2.21,false,1,
7290002512011,false,ג`חנון צנעני (900 גרם),צנעני מוצרי בצק בעמ,,,יח`,900,גרם,false,1,19.90,2.21,false,1,
7290002512066,false,ג`חנון אפוי צנעני למיקרוגל,צנעני מוצרי בצק בעמ,,,יח`,650,גרם,false,1,19.90,3.06,false,1,
7290002512257,false,מלווח מופחת שומן,צנעני מוצרי בצק בעמ,,,יח`,700,גרם,false,1,17.90,2.56,true,1,
7290002512264,false,ג`חנון מופחת שומן צנעני,צנעני מוצרי בצק בעמ,,,יח`,700,גרם,false,1,17.90,2.56,true,1,
7290002515333,false,קמיל בלו סנסיטיב 500 מל,פישר תעשיות פרמצבטיות בעמ,,,יח`,500,גרם,false,1,17.90,3.58,false,1,
7290002515364,false,קמיל בלו אל  סבון+ מילוי,פישר תעשיות פרמצבטיות בעמ,,,יח`,500,גרם,false,1,15.90,3.18,false,1,
7290002515371,false,קמיל בלו משפחתי קלאסיק,פישר תעשיות פרמצבטיות בעמ,,,יח`,1,1 ליטר,false,1,30.90,30.90,true,1,
7290002517283,false,פלפל שחור גרוס 40 גר`,תבליני טעם וריח בעמ,,,יח`,40,גרם,false,1,9.90,24.75,false,1,
7290002517337,false,אורגנו עלים 20 גר`,תבליני טעם וריח בעמ,,,יח`,20,גרם,false,1,6.90,34.50,false,1,
7290002517573,false,תערובת תיבול  לבשר-80 גרם,תבליני טעם וריח בעמ,,,יח`,80,גרם,false,1,12.90,16.13,false,1,
7290002517634,false,כוסברה 30 גר`,תבליני טעם וריח בעמ,,,יח`,30,גרם,false,1,6.90,23,false,1,
7290002517825,false,פלפל לבן טחון 40 גר`,תבליני טעם וריח בעמ,,,יח`,40,גרם,false,1,9.90,24.75,false,1,
7290002542506,false,בירה קורונה 355 מל,תימקו בירה בעמ,,,יח`,355,גרם,false,1,9.90,2.70,false,1,
7290002542773,false,בירה סטלה  ארטואה-  בק`330 מל,תימקו בירה בעמ,,,יח`,330,גרם,false,1,6,1.73,false,1,
7290002542780,false,בירה סטלה ארטואה 330 מל בקבוק שישייה,תימקו בירה בעמ,,,יח`,1.98,1 ליטר,false,1,34.90,16.72,true,1,
7290002542841,false,בירה לף בלונד 330 מל בקבוק שישייה,תימקו בירה בעמ,,,יח`,1.98,1 ליטר,false,1,49.90,24.29,false,1,
7290002542865,false,בירה הוגרדן 330 מל בקבוק שישייה,תימקו בירה בעמ,,,יח`,1.98,1 ליטר,false,1,49.90,24.29,false,1,
7290002543046,false,קלוגס פרוסטיס 750 גר`,דיפלומט היינץ,,,יח`,750,גרם,false,1,21.90,2.92,false,1,
7290002551003,false,נתחי טונה בהירה בשמן סטארקיסט (160 גרם),סטארקיסט דיפלומט היינץ,,,יח`,160,גרם,false,1,7.50,4.69,false,1,
7290002577508,false,הרינג שמן בצל240 גר`,נטו מלינדה סחר בעמ,,,יח`,240,גרם,false,1,24.90,10.38,false,1,
7290002581079,false,תן צ`אפ טבעות 50 גר`,מיה תעשיות מזון מ.ת.מ. בעמ,,,יח`,60,גרם,false,1,3.90,6.50,false,1,
7290002603498,false,פיצת השף מאיטליה CHEF שגב אנטיפסטי 220,נטו מלינדה סחר בעמ,,,יח`,220,גרם,false,1,14.90,6.77,true,1,
7290002603504,false,פיצת השף מאיטליה CHEF שגב עגבניות ובצל ס,נטו מלינדה סחר בעמ,,,יח`,220,גרם,false,1,14.90,6.77,true,1,
7290002603634,false,פיצה תפזורת משולש 80  גר`בעלז,נטו מלינדה סחר בעמ,,,יח`,80,גרם,false,1,2.90,3.63,true,1,
7290002618263,false,טבעות בצל 600  גר`שף הטבע,קפוא-זן תעשיות מזון בעמ - תפוג,,,יח`,600,גרם,false,1,14.90,2.48,false,1,
7290002627210,false,גפילטע פיש מדגי קרפיון וכסיף בעלז 560 ג,נטו מלינדה סחר בעמ,,,יח`,560,גרם,false,1,9.90,1.77,false,1,
7290002628088,false,טחון הודו בלדי 500,בלדי בעמ,,,יח`,500,גרם,false,1,10.90,2.18,false,1,
7290002661153,false,לחם דני קל פרוס ברמן (1 קג),י.את א. ברמן בעמ,,,יח`,1000,גרם,false,1,15.90,1.59,false,1,
7290002661443,false,פרורי לחם זהוב עדין 200  גר`ברמן,י.את א. ברמן בעמ,,,יח`,200,גרם,false,1,3,1.50,false,1,
7290002661474,false,פרורי לחם זהוב עם שומשום 200 גר,י.את א. ברמן בעמ,,,יח`,200,גרם,false,1,3,1.50,false,1,
7290002692393,false,שמן קנולה מזוכך מועשר עץ הזית (1 ליטר),סוגת תעשיות בעמ,,,יח`,1,1 ליטר,false,1,15.90,15.90,true,1,
7290002692768,false,תרסיס שמן קנולה מזוכך ללא תוספת גז 200 מ,סוגת תעשיות בעמ,,,יח`,200,גרם,false,1,19.90,9.95,true,1,
7290002692775,false,תרסיס מופחת קלוריות בטעם חמאה,סוגת תעשיות בעמ,,,יח`,200,גרם,false,1,19.90,9.95,true,1,
7290002730262,false,נוזל לניקוי כלים קלאסי פלמוליב (750 מל),ש.שסטוביץ בעמ,,,יח`,750,גרם,false,1,12.90,1.72,true,1,
7290002730811,false,משחת שיניים ג`ל קולגייט (100 מל),ש.שסטוביץ בעמ,,,יח`,138,גרם,false,1,12.90,9.35,false,1,
7290002730941,false,צמר גפן פרוס בלונס (100 גרם),ש.שסטוביץ בעמ,,,יח`,100,גרם,false,1,6.90,6.90,false,1,
7290002735007,false,בצק עלים1 קג יינון,קפוא-זן תעשיות מזון בעמ - תפוג,,,יח`,1000,"ק""ג",false,1,13.90,0.01,false,1,
7290002735021,false,ג`חנון ארוז 750  גר`יינון,קפוא-זן תעשיות מזון בעמ - תפוג,,,יח`,750,גרם,false,1,13.90,1.85,false,1,
7290002735113,false,בורקס גבינה ינון 800 גר`,קפוא-זן תעשיות מזון בעמ - תפוג,,,יח`,800,גרם,false,1,16.90,2.11,false,1,
7290002735120,false,בורקס תפוא ינון 800 גר`,קפוא-זן תעשיות מזון בעמ - תפוג,,,יח`,800,גרם,false,1,13.90,1.74,false,1,
7290002735274,false,ג חנון אפוי 600 גר יינון,קפוא-זן תעשיות מזון בעמ - תפוג,,,יח`,600,גרם,false,1,16.90,2.82,false,1,
7290002739685,false,נקניקיות מרגז 400 ג עטרה.,נטו מלינדה סחר - עטרה,,,יח`,400,גרם,false,1,22.90,5.73,false,1,
7290002752332,false,מנטוס גליל פירות,ליימן שליסל בעמ,,,יח`,37.50,גרם,false,1,3.90,10.40,false,1,
7290002752349,false,מנטוס גליל טעם מנטה (37.5 גרם),ליימן שליסל בעמ,,,יח`,37.50,גרם,false,1,3.90,10.40,false,1,
7290002752493,false,סוכריות מנטה טיק טק (16x4 גרם),פרימיום-חברה לדברי מתיקה ולמסח,,,יח`,250,גרם,false,1,10.90,4.36,false,1,
7290002753223,false,סוכריות תפוז טיק טק (16x4 גרם),פרימיום-חברה לדברי מתיקה ולמסח,,,יח`,250,גרם,false,1,10.90,4.36,false,1,
7290002757139,false,מלוואח 700  גר`שלושת האופים,נטו מלינדה סחר בעמ,,,יח`,700,גרם,false,1,15.90,2.27,true,1,
7290002757146,false,קובה למרק חמוסטה 1 קג,נטו מלינדה סחר בעמ,,,יח`,1,"ק""ג",false,1,19.90,19.90,true,1,
7290002757511,false,קציצות דג לבישול דלידג (750 גרם),נטו מלינדה סחר בעמ,,,יח`,750,גרם,false,1,28.90,3.85,true,1,
7290002768074,false,אל סבון נוזלי דרמפון (1 ליטר),החברה הדרומית לשיווק בעמ,,,יח`,1,1 ליטר,false,1,17.90,17.90,false,1,
7290002775010,false,מיני בורקס פילו גבינה 650  גר`שלושת האופ,נטו מלינדה סחר בעמ,,,יח`,650,גרם,false,1,19.90,3.06,true,1,
7290002782131,false,דאודורנט מס 1,פנינה רוזנבלום בעמ,,,יח`,150,גרם,false,1,25.90,17.27,false,1,
7290002782742,false,דאוד פנינה נשים,פנינה רוזנבלום בעמ,,,יח`,150,גרם,false,1,16.90,11.27,false,1,
7290002782759,false,קרם גוף מספר 2 פנינה רוזנבלום (340 מל),פנינה רוזנבלום בעמ,,,יח`,400,גרם,false,1,23.90,5.98,false,1,
7290002787884,false,מקלות בורקס פילו תפוא,נטו מלינדה סחר בעמ,,,יח`,600,גרם,false,1,19.90,3.32,true,1,
7290002787891,false,פילו מקלות תרד שלושת האופים 600 גר`,נטו מלינדה סחר בעמ,,,יח`,600,גרם,false,1,19.90,3.32,true,1,
7290002814016,false,מסיר שומנים קר סנט מוריץ (750 מל),קומפלקס כימיקלים בעמ,,,יח`,750,גרם,false,1,12.90,1.72,false,1,
7290002814078,false,אנטרטיק לניקוי,קומפלקס כימיקלים בעמ,,,יח`,1,1 ליטר,false,1,7.90,7.90,true,1,
7290002814528,false,ניקוי אסלות NO.1,קומפלקס כימיקלים בעמ,,,יח`,1,1 ליטר,false,1,5.90,5.90,true,1,
7290002814603,false,מסיר שומנים מבושם בניחוח לימון 750 מל,קומפלקס כימיקלים בעמ,,,יח`,750,גרם,false,1,12.90,1.72,true,1,
7290002814870,false,מסיר שומנים קר מבושם 750 מל בניחוח פרחים,קומפלקס כימיקלים בעמ,,,יח`,750,גרם,false,1,12.90,1.72,true,1,
7290002824183,false,קרם גבינה 5% סקי (500 גרם),שטראוס גרופ בעמ/מצונן,,,יח`,500,גרם,false,1,9.50,1.90,false,1,
7290002824466,false,יוגורט ביו 0% דנונה (200 גרם),שטראוס גרופ בעמ/מצונן,,,יח`,200,גרם,false,1,3.50,1.75,false,1,
7290002824640,false,קרם גבינה 5% סקי (250 גרם),שטראוס גרופ בעמ/מצונן,,,יח`,250,גרם,false,1,4.97,1.99,false,1,
7290002825722,false,כרוב אדום במיונז אחלה (500 גרם),שטראוס גרופ בעמ/מצונן,,,יח`,575,גרם,false,1,14.90,2.59,true,1,
7290002827306,false,מחפוד נקניקיות עוף 400 גר`,עוף ירושלים שיווק בעמ,,,יח`,400,גרם,false,1,9.90,2.48,false,1,
7290002830948,false,גבינת מון בלאן עיזים 120 גר`,נטו מלינדה סחר בעמ,,,יח`,120,גרם,false,1,12.90,10.75,true,1,
7290002868996,false,קוטג`5% מועשר 250 גר`,החב` המרכזית - טרה,,,יח`,250,גרם,false,1,5.60,2.24,false,1,
7290002871248,false,בירה טובורג רד (500 מל),החברה המרכזית להפצת משקאות בעמ,,,יח`,500,גרם,false,1,7.50,1.26,false,1,
7290002871361,false,בירה קרלסברג (500 מל),החברה המרכזית להפצת משקאות בעמ,,,יח`,500,גרם,false,1,7.50,1.26,false,1,
7290002881216,false,רסק תפוע 700  גר`תומר,תומר יבוא ושיווק מוצרי מזון (1,,,יח`,700,גרם,false,1,9.90,1.41,false,1,
7290002881230,false,אננס חתוך תומר (850 גרם),תומר יבוא ושיווק מוצרי מזון (1,,,יח`,825,גרם,false,1,9.90,1.20,false,1,
7290002881612,false,לפתן דובדבנים חמוצים תומר (680 גרם),תומר יבוא ושיווק מוצרי מזון (1,,,יח`,680,גרם,false,1,8.90,1.31,false,1,
7290002881964,false,סרדין 125  גר`ברוטב עגבניות,תומר יבוא ושיווק מוצרי מזון (1,,,יח`,125,גרם,false,1,4.90,3.92,false,1,
7290002900313,false,פסטרמה ספרדית טירת צבי,תנובה קפואים,,,"ק""ג",1000,גרם,true,1,80,8,true,1,
7290002904694,false,דאודורנט ספריי לגבר טיטניום (180 מל),החברה הדרומית לשיווק בעמ,,,יח`,150,גרם,false,1,14.90,9.93,false,1,
7290002909576,false,בשר בקר טחון לקציצות ולקבב 500 גר`,בלדי בעמ,,,יח`,500,גרם,false,1,12.90,2.58,false,1,
7290002921165,false,הזלין ספרי,יעקב יעקבי ובניו בעמ,,,יח`,250,גרם,false,1,32.90,13.16,false,1,
7290002929642,false,נתחי טונה בהירה בשמן ויליגר (140x4 גרם),נטו מלינדה סחר בעמ,,,יח`,460,גרם,false,1,19.90,4.33,false,1,
7290002954026,false,שמן תירס 3  ליטר- שוקחא,בני ג`ורג` שוקחה (חיפה) בעמ,,,יח`,3,1 ליטר,false,1,44.90,14.97,false,1,
7290002954187,false,אורז יסמין שוקחה (5 קג),בני ג`ורג` שוקחה (חיפה) בעמ,,,יח`,5,"ק""ג",false,1,42.90,8.58,false,1,
7290002954736,false,עדשים שחורות 1 קג שוקחה,בני ג`ורג` שוקחה (חיפה) בעמ,,,יח`,1,"ק""ג",false,1,13.90,13.90,false,1,
7290002971986,false,קמח שיפון ללא צורך בניפוי שטיבל,אבאל יזמות בעמ,,,יח`,1,"ק""ג",false,1,8.50,8.50,true,1,
7290002971993,false,קמח כוסמין מלא ללא צורך בניפוי 1 קג שטיב,אבאל יזמות בעמ,,,יח`,1000,גרם,false,1,14.90,1.49,false,1,
7290002972006,false,קמח בהיר) (405ללא צורך  בניפוי( 1  קג),אבאל יזמות בעמ,,,יח`,1,"ק""ג",false,1,8.50,8.50,true,1,
7290002972365,false,קמח תופח ללא צורך בניפוי 1 קג שטיבל,אבאל יזמות בעמ,,,יח`,1,"ק""ג",false,1,8.50,8.50,true,1,
7290002972426,false,קמח  מלא% 80 ללא צורך בניפוי 1 קג,אבאל יזמות בעמ,,,יח`,1,"ק""ג",false,1,8.50,8.50,true,1,
7290002973812,false,קמח כוסמין  (80% 1  קג)ללא צורך בניפוי ש,אבאל יזמות בעמ,,,יח`,1000,גרם,false,1,14.90,1.49,false,1,
7290002973829,false,קמח כוסמין  לבן( 1  קג) ללא צורך ניפוי ש,אבאל יזמות בעמ,,,יח`,1000,גרם,false,1,14.90,1.49,false,1,
7290002974116,false,קמח כפרי 1 קג שטיבל,אבאל יזמות בעמ,,,יח`,1,"ק""ג",false,1,8.50,8.50,true,1,
7290002974222,false,קמח עוגיות ללא צורך בניפוי 1 קג שטיבל,אבאל יזמות בעמ,,,יח`,1,"ק""ג",false,1,8.50,8.50,true,1,
7290002974239,false,קמח עוגות 1 קג שטיבל,אבאל יזמות בעמ,,,יח`,1,"ק""ג",false,1,8.50,8.50,true,1,
7290002974314,false,קמח פיצה 1 קג שטיבל,אבאל יזמות בעמ,,,יח`,1,"ק""ג",false,1,10.90,10.90,false,1,
7290002987963,false,חומוס אחלה 1 קג,שטראוס גרופ בעמ/מצונן,,,יח`,10000,גרם,false,1,13.90,0.14,false,1,
7290003009183,false,סירופ דיאט 750 מל בטעם תפוחים פריגת,החברה המרכזית להפצת משקאות בעמ,,,יח`,750,גרם,false,1,22.90,3.05,false,1,
7290003009312,false,בוטן קלוי קליית גת (200 גרם),ליימן שליסל בעמ,,,יח`,200,גרם,false,1,6.90,3.45,false,1,
7290003009329,false,בוטנים אמריקאיים קליית גת (200 גרם),ליימן שליסל בעמ,,,יח`,200,גרם,false,1,5.90,2.95,true,1,
7290003009336,false,קבוקים קליית גת (200 גרם),ליימן שליסל בעמ,,,יח`,200,גרם,false,1,5.90,2.95,true,1,
7290003009640,false,מיץ סחוט תפוזים טבעי פריגת (1 ליטר),החב` המרכזית - טרה,,,יח`,1,1 ליטר,false,1,15.90,15.90,true,1,
7290003011087,false,אורז בסמטי 1  קג`שקית כחולה דין שיווק,דין שיווק וקליה 2021 בעמ,,,יח`,1,"ק""ג",false,1,10.90,10.90,true,1,
7290003015627,false,ריצפז פרש 2 ליטר אפרסק,החברה הדרומית לשיווק בעמ,,,יח`,2,1 ליטר,false,1,19.90,9.95,true,1,
7290003015634,false,ריצפז פרש 2 ליטר פסיפלורה,החברה הדרומית לשיווק בעמ,,,יח`,2,1 ליטר,false,1,19.90,9.95,true,1,
7290003015917,false,סנומט מגן רולאון 50 מל,החברה הדרומית לשיווק בעמ,,,יח`,50,גרם,false,1,19.90,39.80,false,1,
7290003026029,false,קמיל בלו סנסיטיב 500 מל,פישר תעשיות פרמצבטיות בעמ,,,יח`,500,גרם,false,1,17.90,3.58,false,1,
7290003026036,false,קמיל בלו סנסטיב אל סבון,פישר תעשיות פרמצבטיות בעמ,,,יח`,1,1 ליטר,false,1,32.90,32.90,true,1,
7290003026197,false,קמיל בלו שמן תינוקות 500 מל,פישר תעשיות פרמצבטיות בעמ,,,יח`,500,גרם,false,1,26.90,5.38,true,1,
7290003026227,false,קמיל בלו סנסטיב אל דמע,פישר תעשיות פרמצבטיות בעמ,,,יח`,1,1 ליטר,false,1,32.90,32.90,true,1,
7290003026234,false,תחליב לתינוק קמיל בלו סנסיטיב 500 מל,פישר תעשיות פרמצבטיות בעמ,,,יח`,500,גרם,false,1,29.90,5.98,true,1,
7290003026319,false,קמיל משחה לתינוק,פישר תעשיות פרמצבטיות בעמ,,,יח`,100,גרם,false,1,19.90,19.90,true,1,
7290003029181,false,שוקו 2% בבקבוק יטבתה (1 ליטר),שטראוס גרופ בעמ/מצונן,,,יח`,1,1 ליטר,false,1,11.90,11.90,false,1,
7290003029372,false,משקה חלב בטעם בננה 2% יטבתה (1 ליטר,שטראוס גרופ בעמ/מצונן,,,יח`,1,1 ליטר,false,1,11.90,11.90,false,1,
7290003029389,false,שוקו בננה בקבוק,שטראוס גרופ בעמ/מצונן,,,יח`,250,גרם,false,1,5.50,2.20,false,1,
7290003029433,false,שוקו 2% עם פקק ספורט יטבתה (250 מל),שטראוס גרופ בעמ/מצונן,,,יח`,250,גרם,false,1,5.50,2.20,false,1,
7290003029532,false,משקה מוקה 2% יטבתה (1 ליטר),שטראוס גרופ בעמ/מצונן,,,יח`,1,1 ליטר,false,1,11.90,11.90,false,1,
7290003029792,false,שוקו 2% יטבתה (225x8 מל),שטראוס גרופ בעמ/מצונן,,,יח`,1.80,1 ליטר,false,1,19.90,11.06,false,1,
7290003029815,false,חלב מועשר 3% בכד יטבתה 2 ליטר,שטראוס גרופ בעמ/מצונן,,,יח`,2000,גרם,false,1,14.90,0.75,false,1,
7290003029907,false,משקה חלב אייס קפה 2% יטבתה (1 ליטר,שטראוס גרופ בעמ/מצונן,,,יח`,1,1 ליטר,false,1,11.90,11.90,false,1,
7290003031702,false,נקניקיות הודו 1  קג`מחפוד טירת צבי,תנובה קפואים,,,יח`,1,"ק""ג",false,1,32.90,32.90,true,1,
7290003031733,false,פסטרמה גחלים מחפוד 400  גר`טירת צבי,תנובה קפואים,,,יח`,400,גרם,false,1,34.90,8.73,true,1,
7290003047642,false,תה ילו לייבל ליפטון) (100,יוניליוור ישראל שיווק בעמ,,,יח`,150,גרם,false,1,11.90,7.93,true,1,
7290003054657,false,חרדל דיז`ון ריין דה דיז`ון (370 גרם),דיפלומט היינץ,,,יח`,370,גרם,false,1,11.90,3.22,false,1,
7290003069705,false,פיצה אישית עגול תפזורת,נטו מלינדה סחר בעמ,,,יח`,80,גרם,false,1,2.90,3.63,true,1,
7290003072811,false,נקנקיות בראטוורסט 320  גר`טירת צבי,תנובה קפואים,,,יח`,320,גרם,false,1,25.90,8.09,true,1,
7290003072835,false,נקנקיות קנקוורסט 320  גר`טירת צבי,תנובה קפואים,,,יח`,320,גרם,false,1,25.90,8.09,true,1,
7290003091782,false,אווזית עגל טרי חלק מו,אדום אדום - תנובה בקר,,,"ק""ג",1,"ק""ג",true,1,79.90,79.90,true,1,
7290003102136,false,צמר גפן קוטון סופט (100 גרם),אינטרסן 1996 בעמ,,,יח`,1,,false,1,5.90,5.90,false,1,
7290003102976,false,צימרוני אוזניים טוליפס) (200,אינטרסן 1996 בעמ,,,יח`,20000,גרם,false,1,3.90,0.02,true,1,
7290003102990,false,פדים להסרת איפור,אינטרסן 1996 בעמ,,,יח`,1,,false,1,7.90,7.90,false,1,
7290003107346,false,קמח חיטה לבן בדץ טחנת קמח דגן (1 קג),טחנות קמח דגן (2006) בעמ,,,יח`,1,"ק""ג",false,1,4.40,4.40,true,1,
7290003107353,false,משפר אפייה ביתי (10*3 גר`)שטיבל,אבאל יזמות בעמ,,,יח`,30,גרם,false,1,5.90,19.67,true,1,
7290003126958,false,טופו משק צוריאל (300 גרם),החב` המרכזית - טרה,,,יח`,300,גרם,false,1,12.40,4.13,true,1,
7290003142422,false,גרעיני חמניה ללא מלח קליית גת (180 גרם),ליימן שליסל בעמ,,,יח`,180,גרם,false,1,5.90,3.28,true,1,
7290003142477,false,ערמונים קלופים קלויים קלית גת.,ליימן שליסל בעמ,,,יח`,100,גרם,false,1,5.90,5.90,false,1,
7290003143139,false,סילאן קליית גת (900 גרם),ליימן שליסל בעמ,,,יח`,900,גרם,false,1,14.90,1.66,true,1,
7290003143146,false,ממרח תמרים קליית גת (450 גרם),ליימן שליסל בעמ,,,יח`,450,גרם,false,1,6.90,1.53,true,1,
7290003143337,false,סילאן טבעי קליית גת (350 גרם),ליימן שליסל בעמ,,,יח`,350,גרם,false,1,16.90,4.83,true,1,
7290003145959,false,פקאן טבעי 150 גר,ליימן שליסל בעמ,,,יח`,150,גרם,false,1,19.90,13.27,false,1,
7290003163939,false,נקניקיות גריל 1.5 קג,לאטי עזרא בעמ,,,יח`,1.50,"ק""ג",false,1,24.90,16.60,false,1,
7290003185726,false,קבב מזרחי 500  גר`טיבונוויל,נטו מלינדה סחר בעמ,,,יח`,500,גרם,false,1,20.90,4.18,true,1,
7290003215935,false,ביצי חופש M,תנובה ביצים,,,יח`,12,יח`,false,1,24.90,2.08,false,1,
7290003224036,false,אוכמניות כחולות מוקפאות 300  גר`מאמא מרי,מאמא - מרי בעמ,,,יח`,300,גרם,false,1,16.90,5.63,false,1,
7290003224128,false,כיסוני תפוא 800  גר`קפוא מאמא מרי,מאמא - מרי בעמ,,,יח`,800,גרם,false,1,16.90,2.11,false,1,
7290003224159,false,בלינצ`ס במילוי בשר 400  גר`מאמא מרי,מאמא - מרי בעמ,,,יח`,400,גרם,false,1,17.90,4.48,false,1,
7290003224258,false,כיסונים במילוי בשר 1.5 קג מאמא מרי,מאמא - מרי בעמ,,,יח`,1.50,"ק""ג",false,1,49.90,33.27,false,1,
7290003224456,false,כיסונים בשר סיבירסקי 1  קג`מאמא מרי,מאמא - מרי בעמ,,,יח`,1,"ק""ג",false,1,27.90,27.90,true,1,
7290003224463,false,כיסונים בשר אוראינסקי 1  קג`מאמא מרי,מאמא - מרי בעמ,,,יח`,1,"ק""ג",false,1,27.90,27.90,false,1,
7290003224470,false,כיסוני בשר 1 קג קפוא מאמא מרי,מאמא - מרי בעמ,,,יח`,1,"ק""ג",false,1,27.90,27.90,true,1,
7290003224487,false,כיסונים בשר 1  קג`מאמא מרי,מאמא - מרי בעמ,,,יח`,1,"ק""ג",false,1,27.90,27.90,false,1,
7290003224579,false,כיסונים במילוי בשר 1.5  קג`XXL מאמא מרי,מאמא - מרי בעמ,,,יח`,1.50,"ק""ג",false,1,38.90,25.93,false,1,
7290003224821,false,כיסונים בשר 1  קג`קפוא מאמא מרי,מאמא - מרי בעמ,,,יח`,1,"ק""ג",false,1,28.90,28.90,true,1,
7290003229109,false,פסטרמה הודו בפפריקה טירת צבי (400 גרם),תנובה קפואים,,,יח`,400,גרם,false,1,31.90,7.98,true,1,
7290003229116,false,פסטרמה בדבש 3% שומן טירת צבי (400 גרם),תנובה קפואים,,,יח`,400,גרם,false,1,31.90,7.98,true,1,
7290003229123,false,פסטרמה גחלים 400  גר`טירת צבי,תנובה קפואים,,,יח`,400,גרם,false,1,31.90,7.98,true,1,
7290003229147,false,סלמי בסגנון איטלקי טירת צבי (300 גרם),תנובה קפואים,,,יח`,300,גרם,false,1,28.90,9.63,true,1,
7290003229192,false,כתף בקר מעושן 400  גר`טירת צבי,תנובה קפואים,,,יח`,400,גרם,false,1,35.90,8.98,true,1,
7290003229208,false,פסטרמה ספרדית 360  גר`2% טירת צבי,תנובה קפואים,,,יח`,360,גרם,false,1,31.90,8.86,true,1,
7290003229222,false,סלמי תה משובח 300  גר`טירת צבי,תנובה קפואים,,,יח`,300,גרם,false,1,21.90,7.30,true,1,
7290003258406,false,ווקס לשיער פנינה רוזנבלום (100 מל),פנינה רוזנבלום בעמ,,,יח`,100,גרם,false,1,16.90,16.90,false,1,
7290003268252,false,לחם חיטה מלא לילדים דגנית,דגנית עין בר תעשיות מזון ואפיה,,,יח`,750,גרם,false,1,14.50,1.93,false,1,
7290003268641,false,חלה קלועה מתוקה 500  גר`דגנית,דגנית עין בר תעשיות מזון ואפיה,,,יח`,500,גרם,false,1,12.90,2.58,false,1,
7290003287253,false,מרגז ארוז 500 גר קצבייה,בלדי בעמ,,,יח`,500,גרם,false,1,27.90,5.58,false,1,
7290003287291,false,קבב טלה וצנובר ארוז 600 גר קצביה,בלדי בעמ,,,יח`,600,גרם,false,1,27.90,4.65,false,1,
7290003321155,false,דנונה פרי בר פקאן,שטראוס גרופ בעמ/מצונן,,,יח`,175,גרם,false,1,4.40,2.51,false,1,
7290003332014,false,קפה שחור עם הל נח`לה אדום (500 גרם),סובחי נחלה ובניו בעמ,,,יח`,500,גרם,false,1,26.90,5.38,false,1,
7290003387205,false,דאודורנט סטיק לגבר ספיד סטיק (56 גרם),ש.שסטוביץ בעמ,,,יח`,63.70,גרם,false,1,17.90,28.10,false,1,
7290003387410,false,פדים להסרת איפור בלונס) (80x3,ש.שסטוביץ בעמ,,,יח`,1,יח`,false,1,19.90,19.90,true,1,
7290003401369,false,נטורל פורמולה קרם לחות קלאסי,החברה הדרומית לשיווק בעמ,,,יח`,400,גרם,false,1,21.90,5.48,true,1,
7290003401376,false,נטורל פורמולה קרם לחות,החברה הדרומית לשיווק בעמ,,,יח`,400,גרם,false,1,21.90,5.48,true,1,
7290003401420,false,נטורל פורמולה קרם לחות,החברה הדרומית לשיווק בעמ,,,יח`,400,גרם,false,1,21.90,5.48,true,1,
7290003401642,false,נטורל קרם לחות 400 מל,החברה הדרומית לשיווק בעמ,,,יח`,400,גרם,false,1,21.90,5.48,true,1,
7290003411054,false,דליקטס שקיות צלייה גדול 5  יח`הנמל,הנמל אריזות ושיווק (1984) בעמ,,,יח`,0,גרם,false,1,3.90,3.90,false,1,
7290003411276,false,עמבה 500  גר`הנמל,הנמל אריזות ושיווק (1984) בעמ,,,יח`,600,גרם,false,1,10.90,1.82,false,1,
7290003411566,false,צמרוני עץ 200  יח`הנמל,הנמל אריזות ושיווק (1984) בעמ,,,יח`,1,,false,1,2.90,2.90,false,1,
7290003411689,false,ליפתן לבן 25  יח`הנמל,הנמל אריזות ושיווק (1984) בעמ,,,יח`,1,,false,1,4.90,4.90,true,1,
7290003411696,false,מרקיות לבן 25  יח`הנמל,הנמל אריזות ושיווק (1984) בעמ,,,יח`,25,יח`,false,1,9.90,0.40,true,1,
7290003411726,false,קיסמים הנמל) (300,הנמל אריזות ושיווק (1984) בעמ,,,יח`,1,,false,1,4.90,4.90,false,1,
7290003411849,false,גרנולה תמרים 400 גר הנמל,הנמל אריזות ושיווק (1984) בעמ,,,יח`,400,גרם,false,1,10,2.50,false,1,
7290003427154,false,שמן זית כתית מעולה 750 מל זיתא,תה ויסוצקי (ישראל) בעמ,,,יח`,750,גרם,false,1,27.90,3.72,false,1,
7290003438020,false,אוליביה ממרח עגבניות מיובשות (190 גרם),תה ויסוצקי (ישראל) בעמ,,,יח`,190,גרם,false,1,13.90,7.32,true,1,
7290003438853,false,אוליביה אריסה חריפה (185 גרם),תה ויסוצקי (ישראל) בעמ,,,יח`,180,גרם,false,1,13.90,7.72,true,1,
7290003450602,false,חרדל היינץ (255 גרם),דיפלומט היינץ,,,יח`,255,גרם,false,1,11.90,4.67,false,1,
7290003514007,false,שקדי מרק מנה (400 גרם),ש.שסטוביץ בעמ,,,יח`,400,גרם,false,1,9.90,2.48,false,1,
7290003521074,false,סרקל מרכך שיער לילדים דר. פישר (1 ליטר),פישר תעשיות פרמצבטיות בעמ,,,יח`,1,1 ליטר,false,1,29.90,29.90,false,1,
7290003521166,false,סרקל קרם רוזמרין 325 מל,פישר תעשיות פרמצבטיות בעמ,,,יח`,325,גרם,false,1,25.90,7.97,false,1,
7290003521197,false,סרקל מתיר קשרים 340 מל,פישר תעשיות פרמצבטיות בעמ,,,יח`,340,גרם,false,1,25.90,7.62,false,1,
7290003521203,false,סרקל שמפו 2 ליטר,פישר תעשיות פרמצבטיות בעמ,,,יח`,2,1 ליטר,false,1,39.90,19.95,false,1,
7290003550753,false,נתחי טונה בהירה בשמן פוסידון (108x4 גרם),נטו מלינדה סחר בעמ,,,יח`,432,גרם,false,1,21.90,5.07,false,1,
7290003570164,false,מינוט שווארמה פרגית 300 גר`,בלדי בעמ,,,יח`,300,גרם,false,1,26.90,8.97,false,1,
7290003570928,false,קבב בלדי ארוז 500  גר`קצביה,בלדי בעמ,,,יח`,500,גרם,false,1,27.90,5.58,false,1,
7290003578061,false,לבבות דקל שלמים וילי פוד (400 גרם),ג.וילי-פוד אינטרנשיונל בעמ,,,יח`,400,גרם,false,1,12.90,3.23,false,1,
7290003578177,false,תירס צעיר שלם וילי פוד (410 גרם),ג.וילי-פוד אינטרנשיונל בעמ,,,יח`,410,גרם,false,1,6.90,1.68,false,1,
7290003578290,false,מקלוני אורז 300  גר`וילי פוד,ג.וילי-פוד אינטרנשיונל בעמ,,,יח`,300,גרם,false,1,5.90,1.97,false,1,
7290003578313,false,דובדבן חמוץ ללא חרצן,ג.וילי-פוד אינטרנשיונל בעמ,,,יח`,720,גרם,false,1,8.90,1.24,true,1,
7290003643004,false,אורז בסמטי קלאסי סוגת (1 קג),סוגת תעשיות בעמ,,,יח`,1,"ק""ג",false,1,13.90,13.90,true,1,
7290003643387,false,סוכר לבן בצנצנת סוגת (1 קג),סוגת תעשיות בעמ,,,יח`,1,"ק""ג",false,1,7.90,7.90,false,1,
7290003643646,false,סוכר דמררה סוגת 1 קג,סוגת תעשיות בעמ,,,יח`,1000,גרם,false,1,12.90,1.29,false,1,
7290003643684,false,אפונה סוגת (500 גרם),סוגת תעשיות בעמ,,,יח`,500,גרם,false,1,6.90,1.38,true,1,
7290003643707,false,גריסים סוגת (500 גרם),סוגת תעשיות בעמ,,,יח`,500,גרם,false,1,5.90,1.18,true,1,
7290003643714,false,חומוס סוגת (500 גרם),סוגת תעשיות בעמ,,,יח`,500,גרם,false,1,7.90,1.58,true,1,
7290003643738,false,חיטה סוגת (500 גרם),סוגת תעשיות בעמ,,,יח`,500,גרם,false,1,5.90,1.18,true,1,
7290003643745,false,כוסמת סוגת (500 גרם),סוגת תעשיות בעמ,,,יח`,500,גרם,false,1,7.90,1.58,true,1,
7290003643752,false,עדשים ירוקות סוגת (500 גרם),סוגת תעשיות בעמ,,,יח`,500,גרם,false,1,7.90,1.58,true,1,
7290003643769,false,עדשים אדומות סוגת (500 גרם),סוגת תעשיות בעמ,,,יח`,500,גרם,false,1,7.90,1.58,true,1,
7290003643776,false,פופקורן סוגת (500 גרם),סוגת תעשיות בעמ,,,יח`,500,גרם,false,1,6.90,1.38,true,1,
7290003643806,false,שעועית לבנה יבשה סוגת (500 גרם),סוגת תעשיות בעמ,,,יח`,500,גרם,false,1,12.90,2.58,true,1,
7290003643813,false,שעועית אדומה סוגת (500 גרם),סוגת תעשיות בעמ,,,יח`,500,גרם,false,1,10.90,2.18,true,1,
7290003643820,false,חומוס ענק סוגת (500 גרם),סוגת תעשיות בעמ,,,יח`,500,גרם,false,1,12.90,2.58,true,1,
7290003681334,false,קוקוס מיה (400 גרם),מיה תעשיות מזון מ.ת.מ. בעמ,,,יח`,400,גרם,false,1,11.90,2.98,false,1,
7290003681365,false,קישוט לעוגה 70  גר`צבעוני,מיה תעשיות מזון מ.ת.מ. בעמ,,,יח`,200,גרם,false,1,6.90,3.45,false,1,
7290003681532,false,דובדבנים מסוכרים 80  גר`מיה,מיה תעשיות מזון מ.ת.מ. בעמ,,,יח`,80,גרם,false,1,8.90,11.13,false,1,
7290003681693,false,חומוס לבן ענק מיה (500 גרם),מיה תעשיות מזון מ.ת.מ. בעמ,,,יח`,500,גרם,false,1,10.90,2.18,false,1,
7290003681716,false,גריסי פנינה מיה (500 גרם),מיה תעשיות מזון מ.ת.מ. בעמ,,,יח`,500,גרם,false,1,6.90,1.38,false,1,
7290003681792,false,סוכריות טופי פירות מיה (850 גרם),מיה תעשיות מזון מ.ת.מ. בעמ,,,יח`,850,גרם,false,1,15.90,1.87,false,1,
7290003719259,false,לחם אקסקלוסיבי פרוס ליבו (1 קג),י.את א. ברמן בעמ,,,יח`,1,"ק""ג",false,1,16.20,16.20,false,1,
7290003726141,false,טופו משק גאיה (300 גרם),מחלבות גד שיווק 1992 בעמ,,,יח`,320,גרם,false,1,11.90,3.72,false,1,
7290003726592,false,טופו ויילר 300 גר` בטע,שטראוס גרופ בעמ/מצונן,,,יח`,300,גרם,false,1,11.90,3.97,true,1,
7290003726615,false,טופו ויילר 300 גר`,שטראוס גרופ בעמ/מצונן,,,יח`,300,גרם,false,1,11.90,3.97,true,1,
7290003726684,false,טופו ויילר 300 גר` טבעי חומוס,שטראוס גרופ בעמ/מצונן,,,יח`,300,גרם,false,1,13.90,4.63,true,1,
7290003726875,false,טופו חומוס בתוספת פסטו 300 גר,שטראוס גרופ בעמ/מצונן,,,יח`,300,גרם,false,1,12.90,4.30,true,1,
7290003781652,false,צלפים 350 גר`,ג.וילי-פוד אינטרנשיונל בעמ,,,יח`,350,גרם,false,1,8.90,2.54,false,1,
7290003781850,false,קשקבל פרוסות 200 גר,ג.וילי-פוד אינטרנשיונל **גבינו,,,יח`,200,גרם,false,1,19.90,9.95,false,1,
7290003804320,false,תיבולית שום,יוניליוור ישראל שיווק בעמ,,,יח`,80,גרם,false,1,9.90,12.38,true,1,
7290003804368,false,תיבוליות בזיליקום קנור (8  יח`- 72 גרם),יוניליוור ישראל שיווק בעמ,,,יח`,72,גרם,false,1,9.90,13.75,true,1,
7290003804382,false,תיבוליות פטריות קנור (8  יח`- 72 גרם),יוניליוור ישראל שיווק בעמ,,,יח`,72,גרם,false,1,9.90,13.75,true,1,
7290003805501,false,פתית בסגנון שוודי תלמה (300 גרם),יוניליוור ישראל שיווק בעמ,,,יח`,300,גרם,false,1,17.90,5.97,true,1,
7290003805587,false,פתית חיטה מלאה תלמה (250 גרם),יוניליוור ישראל שיווק בעמ,,,יח`,250,גרם,false,1,17.90,7.16,true,1,
7290003807482,false,רוטב טריאקי קנור (300 מל),יוניליוור ישראל שיווק בעמ,,,יח`,300,גרם,false,1,12.90,4.30,true,1,
7290003864478,false,סרדינים בשמן צמחי וילי פוד (110 גרם),ג.וילי-פוד אינטרנשיונל בעמ,,,יח`,110,גרם,false,1,5.90,5.36,true,1,
7290003864485,false,סרדינים ברוטב עגבניות וילי פוד (110 גרם),ג.וילי-פוד אינטרנשיונל בעמ,,,יח`,110,גרם,false,1,5.90,5.36,true,1,
7290003864492,false,סרדין בשמן צמחי 110 גר`,ג.וילי-פוד אינטרנשיונל בעמ,,,יח`,110,גרם,false,1,5.90,5.36,true,1,
7290003882922,false,עלי גפן ממולאים באורז 400 גר`.,ג.וילי-פוד אינטרנשיונל בעמ,,,יח`,400,גרם,false,1,8.90,2.23,false,1,
7290003903771,false,קפוצ ינו פחית 200 גר`,שטראוס גרופ בעמ,,,יח`,200,גרם,false,1,23.90,11.95,false,1,
7290003962013,false,סחוג אדום 200 גר`,מטעמי אביטלי,,,יח`,200,גרם,false,1,11.90,5.95,false,1,
7290003962020,false,עריסה תוניסאית 200 גר`,מטעמי אביטלי,,,יח`,200,גרם,false,1,11.90,5.95,false,1,
7290003962037,false,שום כתוש 200 גר`.,מטעמי אביטלי,,,יח`,200,גרם,false,1,11.90,5.95,false,1,
7290003962099,false,פלפל צומה 200 גר`,מטעמי אביטלי,,,יח`,1,,false,1,11.90,11.90,false,1,
7290003962112,false,שום כתוש 400 גר`,מטעמי אביטלי,,,יח`,400,גרם,false,1,17.90,4.48,false,1,
7290003976560,false,מטהר אויר  אוטומט( 250  מל)מיסטרי טאצ,סאסאטק אגשח בעמ,,,יח`,250,גרם,false,1,12.90,5.16,false,1,
7290003976607,false,אקונומיקה סמיכה לבנדר 4 ליטר עם פקק ביטח,סאסאטק אגשח בעמ,,,יח`,4000,גרם,false,1,11.90,0.30,false,1,
7290003976614,false,אקונומיקה סמיכה פרחים 4 ליטר עם פקק ביטח,סאסאטק אגשח בעמ,,,יח`,4000,גרם,false,1,11.90,0.30,false,1,
7290003989096,false,חצילים פיקנטי אחלה (500 גרם),שטראוס גרופ בעמ/מצונן,,,יח`,575,גרם,false,1,15.90,2.77,true,1,
7290003989539,false,רביולי עם גבינה שטראוס (400 גרם),שטראוס גרופ בעמ/מצונן,,,יח`,400,גרם,false,1,20.90,5.23,true,1,
7290003989553,false,טורטליני פטריות 400 גר` שטראוס,שטראוס גרופ בעמ/מצונן,,,יח`,400,גרם,false,1,20.90,5.23,true,1,
7290003996018,false,חסה חסלט,יעל ירק עלים לשיווק בעמ,,,יח`,1,,false,1,7.90,7.90,false,1,
7290003996049,false,פטרוזליה חסלט,יעל ירק עלים לשיווק בעמ,,,יח`,1,,false,1,6.90,6.90,false,1,
7290003996087,false,בצל ירוק חסלט,יעל ירק עלים לשיווק בעמ,,,יח`,1,,false,1,7.90,7.90,false,1,
7290004011284,false,בסיס להכנת קצפת צמחי ריץ` (212 מל),נטו מלינדה סחר בעמ,,,יח`,212,גרם,false,1,8.90,4.20,true,1,
7290004011291,false,בסיס להכנת קצפת צמחי ריץ` (425 מל),נטו מלינדה סחר בעמ,,,יח`,425,גרם,false,1,16.90,3.98,true,1,
7290004011338,false,קצפת מתוקה מוכנה ספריי ריץ` (250 מל),נטו מלינדה סחר בעמ,,,יח`,250,גרם,false,1,15.90,6.36,true,1,
7290004011345,false,קצפת 250 מל פרווה ארוסול,נטו מלינדה סחר בעמ,,,יח`,250,גרם,false,1,15.90,6.36,true,1,
7290004011796,false,קבבונים אל גוצ`ו 400 גר`,נטו מלינדה סחר בעמ,,,יח`,400,גרם,false,1,22.90,5.73,true,1,
7290004011819,false,המבורגר ריב אנטריקוט אל גאוצ`ו 360 גר,נטו מלינדה סחר בעמ,,,יח`,360,גרם,false,1,22.90,6.36,true,1,
7290004030018,false,מיץ לימון 1/2 ליטר,תנובה - פריניב,,,יח`,500,גרם,false,1,11.20,2.18,false,1,
7290004030445,false,סחוט 1 ליטר תפוזים פרי ניב,תנובה - פריניב,,,יח`,1,1 ליטר,false,1,13.90,13.90,false,1,
7290004030834,false,מיץ רימונים 1 ליטר,תנובה - פריניב,,,יח`,1,1 ליטר,false,1,24.90,24.90,false,1,
7290004048679,false,קובה למרק שלושת האופים(כ 18  יח`- 1 קג),נטו מלינדה סחר בעמ,,,יח`,1000,גרם,false,1,19.90,1.99,false,1,
7290004061449,false,שניצל אמריקאי 700  גר`טופ שוף,קפוא-זן תעשיות מזון בעמ - תפוג,,,יח`,700,גרם,false,1,12.90,1.84,false,1,
7290004063016,false,מלח שולחן מעולה סלית (1  קג)פיקוח,סוגת תעשיות בעמ,,,יח`,1,"ק""ג",false,1,1.90,1.90,false,1,
7290004063115,false,מלח מטבח גס ארזינא (1  קג)פיקוח,סוגת תעשיות בעמ,,,יח`,1,"ק""ג",false,1,1.90,1.90,false,1,
7290004064174,false,מלח ההימלאיה דק בצנצנת 1 קג`,סוגת תעשיות בעמ,,,יח`,1,"ק""ג",false,1,17.90,17.90,true,1,
7290004064228,false,מטחנת מלח אקסטרא תבלינים-שום ופלפל,סוגת תעשיות בעמ,,,יח`,0,גרם,false,1,16.90,16.90,true,1,
7290004064297,false,מלח מועשר ביוד בצנצנת 1 קג מלח הארץ,סוגת תעשיות בעמ,,,יח`,1000,גרם,false,1,8.90,0.89,false,1,
7290004064358,false,מלח ים דק 1 קג קרטון מלח הארץ,סוגת תעשיות בעמ,,,יח`,1,"ק""ג",false,1,4.90,4.90,true,1,
7290004064389,false,מלח הימלאיה דק מלחייה 250 גרם,סוגת תעשיות בעמ,,,יח`,250,גרם,false,1,11.90,4.76,true,1,
7290004064501,false,מארז זוג מלחיות מלח שום פלוס+הים האדום 5,סוגת תעשיות בעמ,,,יח`,500,גרם,false,1,9.90,1.98,false,1,
7290004078263,false,צימרונים בלונס) (200x2,ש.שסטוביץ בעמ,,,יח`,1,,false,1,9.90,9.90,false,1,
7290004119133,false,יוגורט 7% תנובה (1.5 ליטר),תנובה - חלב,,,יח`,1.50,1 ליטר,false,1,17.50,11.67,false,1,
7290004119225,false,יוגורט ביו 3% אננס יופלה (150 גרם),תנובה - חלב,,,יח`,150,גרם,false,1,4.90,3.27,false,1,
7290004119928,false,מעדן חלב 3% בטעם וניל קרלו (125 גרם),תנובה - חלב,,,יח`,125,גרם,false,1,2.90,2.32,false,1,
7290004119973,false,מעדן קרלו שוקו 125 גר`,תנובה - חלב,,,יח`,125,גרם,false,1,2.90,2.32,false,1,
7290004120061,false,מעדן חלב 1.5% שוניל קרלו (125 גרם),תנובה - חלב,,,יח`,125,גרם,false,1,3,2.40,false,1,
7290004120108,false,דיאט יופלה דובדבן,תנובה - חלב,,,יח`,150,גרם,false,1,4.90,3.27,false,1,
7290004120566,false,גבינה בולגרית  (25024%  גרם)פיראוס תנובה,תנובה - חלב,,,יח`,250,גרם,false,1,22.90,9.16,false,1,
7290004120573,false,גבינה בולגרית  (25016%  גרם)פיראוס תנובה,תנובה - חלב,,,יח`,250,גרם,false,1,22.90,9.16,false,1,
7290004120634,false,גבינה בולגרית  (2505%  גרם)פיראוס תנובה,תנובה - חלב,,,יח`,250,גרם,false,1,21.90,8.76,false,1,
7290004120832,false,חלב 3% מהדרין תנובה (2  ליטר)פי,תנובה - חלב,,,יח`,2,1 ליטר,false,1,12.46,6.23,false,1,
7290004121488,false,יוגורט ביו דיאט 0% אפרסק יופלה (150 גרם),תנובה - חלב,,,יח`,150,גרם,false,1,4.90,3.27,false,1,
7290004121754,false,יופלה עוגת גבינה ותות 3%,תנובה - חלב,,,יח`,150,גרם,false,1,4.90,3.27,false,1,
7290004121853,false,גבינה בולגרית קוביות  (2005%  גרם)פיראוס,תנובה - חלב,,,יח`,200,גרם,false,1,21.90,10.95,false,1,
7290004122119,false,פתיתי פרמז`ן השף הלבן (100 גרם),תנובה - חלב,,,יח`,100,גרם,false,1,12.20,12.20,false,1,
7290004122195,false,גוש חלב פרוס,תנובה - חלב,,,יח`,200,גרם,false,1,13.80,6.90,false,1,
7290004122270,false,גבינה צהובה קלאסית 28% עמק (200 גרם),תנובה - חלב,,,יח`,200,גרם,false,1,16.10,8.05,false,1,
7290004122348,false,גבינה צהובה מופחתת שומן 9% עמק (200 גרם),תנובה - חלב,,,יח`,200,גרם,false,1,16.90,8.45,false,1,
7290004122676,false,גבינה חמד לייט  (2505%  גרם)פיראוס תנובה,תנובה - חלב,,,יח`,250,גרם,false,1,17.90,7.16,false,1,
7290004122683,false,אצבעות עמק,תנובה - חלב,,,יח`,172,גרם,false,1,16.20,9.42,false,1,
7290004124847,false,קצפת צמחית השף הלבן 500,תנובה - חלב,,,יח`,500,גרם,false,1,14.90,2.98,false,1,
7290004125370,false,שמנת 9%,תנובה - חלב,,,יח`,200,גרם,false,1,3.70,1.85,false,1,
7290004125400,false,אשל 4.5% מהדרין תנובה (200  מל)פיקוח,תנובה - חלב,,,יח`,200,גרם,false,1,1.69,0.85,false,1,
7290004125417,false,גיל 3% מהדרין תנובה (200  מל)פיקוח,תנובה - חלב,,,יח`,200,גרם,false,1,1.51,0.76,false,1,
7290004125455,false,שמנת חמוצה 15% מהדרין תנובה (200 מל),תנובה - חלב,,,יח`,200,גרם,false,1,2.40,1.20,false,1,
7290004125462,false,שמנת חמוצה 15% תנובה (500 מל),תנובה - חלב,,,יח`,500,גרם,false,1,6,1.20,false,1,
7290004125509,false,שמנת חמוצה 15% תנובה (100 מל),תנובה - חלב,,,יח`,100,גרם,false,1,1.60,1.60,false,1,
7290004125578,false,משקה סויה מועשר תנובה (1 ליטר),תנובה - חלב,,,יח`,1,1 ליטר,false,1,9.90,9.90,false,1,
7290004125585,false,משקה סויה 1 ליטר וניל על הבוקר,תנובה - חלב,,,יח`,1,1 ליטר,false,1,9.90,9.90,false,1,
7290004125721,false,שמנת עמידה לבישול 15% השף הלבן (250 מל),תנובה - חלב,,,יח`,250,גרם,false,1,8.20,3.28,false,1,
7290004125738,false,השף הלבן שמנת להקצפה 250,תנובה - חלב,,,יח`,250,גרם,false,1,6.40,2.56,false,1,
7290004125776,false,גבינה צהובה קלאסית 28% עמק (400 גרם),תנובה - חלב,,,יח`,400,גרם,false,1,27.80,6.95,false,1,
7290004126674,false,טל העמק לייט,תנובה - חלב,,,יח`,200,גרם,false,1,18.90,9.45,false,1,
7290004126759,false,יופלה דיאט פירות יער,תנובה - חלב,,,יח`,150,גרם,false,1,4.90,3.27,false,1,
7290004126872,false,משקה שוק שוקו 250 מל,תנובה - חלב,,,יח`,250,גרם,false,1,5.90,2.36,false,1,
7290004127077,false,גבינת  קוטג`3% תנובה (250 גרם),תנובה - חלב,,,יח`,250,גרם,false,1,5.50,2.20,false,1,
7290004127329,false,גבינת  קוטג`5% תנובה (250 גרם),תנובה - חלב,,,יח`,250,גרם,false,1,5.50,2.20,false,1,
7290004127336,false,גבינת  קוטג`9% תנובה (250 גרם),תנובה - חלב,,,יח`,250,גרם,false,1,5.50,2.20,false,1,
7290004127800,false,גבינה לבנה 5% תנובה (500  גרם)פיק,תנובה - חלב,,,יח`,500,גרם,false,1,9.96,1.99,false,1,
7290004127817,false,גבינה לבנה 9% תנובה (500 גרם),תנובה - חלב,,,יח`,500,גרם,false,1,9.50,1.90,false,1,
7290004127862,false,גבינה לבנה 5% תנובה (750 גרם),תנובה - חלב,,,יח`,750,גרם,false,1,14.94,1.99,false,1,
7290004127916,false,גבינה לבנה 0.5% תנובה (500 גרם),תנובה - חלב,,,יח`,500,גרם,false,1,9.50,1.90,false,1,
7290004128333,false,לאבנה אסלית  (5009%  גרם)פיראוס תנובה,תנובה - חלב,,,יח`,500,גרם,false,1,19.50,3.90,false,1,
7290004128432,false,פתיתים מיוחדים לפיצה,תנובה - חלב,,,יח`,500,גרם,false,1,21.80,4.36,false,1,
7290004129101,false,גבינת נפוליאון 225  גר`טבעי גביע,תנובה - חלב,,,יח`,225,גרם,false,1,13.90,6.18,false,1,
7290004129156,false,גבינת נפוליאון 225  גר`שום שמיר גביע,תנובה - חלב,,,יח`,225,גרם,false,1,13.90,6.18,false,1,
7290004129767,false,יופלה לבן שמינייה 3%,תנובה - חלב,,,יח`,1200,גרם,false,1,17.50,1.46,false,1,
7290004130794,false,משקה סויה במתיקות מופחתת תנובה (1 ליטר),תנובה - חלב,,,יח`,1,1 ליטר,false,1,9.90,9.90,false,1,
7290004130916,false,יופלה שמנת עם פירות יער,תנובה - חלב,,,יח`,150,גרם,false,1,4.90,3.27,false,1,
7290004131074,false,חלב 3% מהדרין תנובה (1 ליטר),תנובה - חלב,,,יח`,1,1 ליטר,false,1,6.23,6.23,false,1,
7290004131432,false,יופלה-קרם יוגורט 3%,תנובה - חלב,,,יח`,200,גרם,false,1,3.90,1.95,false,1,
7290004131456,false,יופלה-קרם יוגורט 1.5%,תנובה - חלב,,,יח`,200,גרם,false,1,3.90,1.95,false,1,
7290004131531,false,שוקו 30% פחות תוספת סוכר תנובה (1 ליטר),תנובה - חלב,,,יח`,1,1 ליטר,false,1,12.50,12.50,false,1,
7290004131814,false,גבינת צפתית מעודנת  (2005%  גרם)פיראוס ת,תנובה - חלב,,,יח`,200,גרם,false,1,14.90,7.45,false,1,
7290004132552,false,משקה סויה 1 ליטר דיא,תנובה - חלב,,,יח`,1,1 ליטר,false,1,9.90,9.90,false,1,
7290004133511,false,מאגדת שמינייה יופלה,תנובה - חלב,,,יח`,1.20,1 ליטר,false,1,20.90,17.42,false,1,
7290004135058,false,קרלו מיני שמינייה שוקולד,תנובה - חלב,,,יח`,800,גרם,false,1,13.90,1.74,false,1,
7290004135225,false,מעדן בטעם שוקולד 0% תנובה (150 גרם),תנובה - חלב,,,יח`,150,גרם,false,1,4,2.67,false,1,
7290004135614,false,גבינה בולגרית מעודנת  (2505%  גרם)פיראוס,תנובה - חלב,,,יח`,250,גרם,false,1,21.90,8.76,false,1,
7290004136598,false,מארז הפסקת אוכל  חלבי+ קורנפלקס,תנובה - חלב,,,יח`,150,גרם,false,1,9.90,6.60,false,1,
7290004136857,false,מעדן ג`לי בטעם פטל תנובה (125 גרם),תנובה - חלב,,,יח`,125,גרם,false,1,2.30,1.84,false,1,
7290004136864,false,ג`לי אננס+חתיכות,תנובה - חלב,,,יח`,125,גרם,false,1,2.60,2.08,false,1,
7290004136871,false,ג`לי אפרסק+חתיכות,תנובה - חלב,,,יח`,125,גרם,false,1,2.60,2.08,false,1,
7290004137021,false,שמנת עמידה לבישול 10% השף הלבן (250 מל),תנובה - חלב,,,יח`,250,גרם,false,1,8.20,3.28,false,1,
7290004137311,false,גבינה צהובה מופחתת שומן 9% עמק (400 גרם),תנובה - חלב,,,יח`,400,גרם,false,1,30.80,7.70,false,1,
7290004137809,false,לאבנה אסלית 5% גביע (250  גרם)פיראוס תנו,תנובה - חלב,,,יח`,250,גרם,false,1,12.50,5,false,1,
7290004146986,false,נקה 7 שמפו 750 מל כתום,החברה הדרומית לשיווק בעמ,,,יח`,750,גרם,false,1,10.90,1.45,true,1,
7290004147150,false,ליפות/רצועות/וספוגים- מערוב,קונסיגנציה- ש. י גיספאן 1993,,,יח`,1,,false,1,14.90,14.90,false,1,
7290004150181,false,חמוצים סיני פיקנטי פרימיום 300 גר`,סלטי שמיר 2006 בעמ,,,יח`,300,גרם,false,1,14.90,4.97,false,1,
7290004150211,false,תורכי איסטנבול פיקנטי פרימיום 300 גר`,סלטי שמיר 2006 בעמ,,,יח`,300,גרם,false,1,14.90,4.97,false,1,
7290004150266,false,סלט קטניות צבעוני פיקנטי פרימיום 300 גר`,סלטי שמיר 2006 בעמ,,,יח`,300,גרם,false,1,14.90,4.97,false,1,
7290004150372,false,חומוס וואסבי פיקנטי פרימיום 300 גר`,סלטי שמיר 2006 בעמ,,,יח`,300,גרם,false,1,14.90,4.97,false,1,
7290004199166,false,כפפות לאטקס קטן איזי טאצ` (100),אינטרסן 1996 בעמ,,,יח`,1,,false,1,22.90,22.90,true,1,
7290004199173,false,כפפות לאטקס מדיום איזי טאצ` (100),אינטרסן 1996 בעמ,,,יח`,1,,false,1,22.90,22.90,true,1,
7290004199180,false,כפפות לאטקס לארג` איזי טאצ` (100),אינטרסן 1996 בעמ,,,יח`,1,,false,1,22.90,22.90,true,1,
7290004199203,false,קיסמי שיניים במבוק מלחיה לב הוסטס (300),אינטרסן 1996 בעמ,,,יח`,1,,false,1,3.50,3.50,true,1,
7290004199234,false,כפפות לאטקס טאצ` XL,אינטרסן 1996 בעמ,,,יח`,1,,false,1,22.90,22.90,true,1,
7290004199579,false,פלסטר סאני (100),אינטרסן 1996 בעמ,,,יח`,100,יח`,false,1,9.90,0.10,true,1,
7290004219826,false,מלבין קפה הולנדי 400 גר`,ג.וילי-פוד אינטרנשיונל בעמ,,,יח`,400,גרם,false,1,19.90,4.98,false,1,
7290004228804,false,עלי בצק לסיגרים ואגרול שלושת האופים (450,נטו מלינדה סחר בעמ,,,יח`,450,גרם,false,1,13.90,3.09,true,1,
7290004229931,false,אורז בסמטי 1 קג הימליה,נטו מלינדה סחר בעמ,,,יח`,1000,גרם,false,1,9.90,0.99,false,1,
7290004255305,false,נר נשמה שבועי פלסטיק,אבאל יזמות בעמ,,,יח`,1,,false,1,9.90,9.90,false,1,
7290004255428,false,נר נשמה בפחית 24 שעות מנורה,אבאל יזמות בעמ,,,יח`,1,,false,1,1.90,1.90,false,1,
7290004255619,false,נר חימום מנורה שי נר) (100,אבאל יזמות בעמ,,,יח`,1,,false,1,21.90,21.90,true,1,
7290004255879,false,נר הבדלה דקורטיבי פירמידה,אבאל יזמות בעמ,,,יח`,1,,false,1,16.90,16.90,true,1,
7290004256371,false,צהובה ריץ פרוסה 400 גר`,נטו מלינדה סחר בעמ,,,יח`,400,גרם,false,1,19.90,4.98,false,1,
7290004263515,false,מעורב-עטרה,נטו מלינדה סחר - עטרה,,,יח`,800,גרם,false,1,19.80,2.48,false,1,
7290004263652,false,נקניקיות עוף עטרה (400 גרם),נטו מלינדה סחר - עטרה,,,יח`,400,גרם,false,1,11.90,2.98,false,1,
7290004263676,false,בשר הודו קפוא טחון חלק עטרה (500 גרם),נטו מלינדה סחר - עטרה,,,יח`,500,גרם,false,1,12.40,2.48,false,1,
7290004324858,false,קבב כבש 500  גר`טיבונוויל,נטו מלינדה סחר בעמ,,,יח`,500,גרם,false,1,20.90,4.18,true,1,
7290004492274,false,בייגלה גל גל 400 גר`,יוניליוור ישראל שיווק בעמ,,,יח`,400,גרם,false,1,10.90,2.73,true,1,
7290004494131,false,קברנה סוביניון 750 מל D דלתון,הכרם - משקאות חריפים בעמ,,,יח`,750,גרם,false,1,64.90,8.61,true,1,
7290004494919,false,יין קברנה שיראז דלתון (750 מל),הכרם - משקאות חריפים בעמ,,,יח`,750,גרם,false,1,48.90,6.48,true,1,
7290004544539,false,לחמניות סנדביץ ללא גלוטן 6 יח`,מאפיית אריאל בעמ,,,יח`,1,,false,1,17.90,17.90,false,1,
7290004544553,false,לחמניה המבורגר ללא גלוטן 4 יח`,מאפיית אריאל בעמ,,,יח`,1,,false,1,17.90,17.90,false,1,
7290004584306,false,גמדים רביעייה תות בננה,שטראוס גרופ בעמ/מצונן,,,יח`,400,גרם,false,1,11.40,2.85,true,1,
7290004584351,false,גבינת במרקם שמנת 5% סימפוניה 200 גר (200,שטראוס גרופ בעמ/מצונן,,,יח`,200,גרם,false,1,11.40,5.70,true,1,
7290004584528,false,יוגורט ביו 1.7% דנונה (200 גרם),שטראוס גרופ בעמ/מצונן,,,יח`,200,גרם,false,1,3.50,1.75,false,1,
7290004585907,false,דני וניל בודד,שטראוס גרופ בעמ/מצונן,,,יח`,130,גרם,false,1,2.60,2,false,1,
7290004639006,false,קוסקוס תונסאי קפוא מטעמי פאר (800 גרם),מטעמי פאר (א.מ.נ) בעמ,,,יח`,800,גרם,false,1,14.90,1.86,false,1,
7290004658847,false,יין 187 תירוש אדום,אגודת הכורמים,,,יח`,187,גרם,false,1,5.90,2.99,false,1,
7290004658960,false,אמרלד ריזלינג פי.סי יין לבן חצי יבש750 מ,אגודת הכורמים,,,יח`,750,גרם,false,1,39.90,5.28,true,1,
7290004685010,false,שיפון פלוס לחם הארץ (500 גרם),י.את א. ברמן בעמ,,,יח`,500,גרם,false,1,16.20,3.24,false,1,
7290004685089,false,לחם חמניות ברמן,י.את א. ברמן בעמ,,,יח`,1,,false,1,16.20,16.20,false,1,
7290004685201,false,לחם שיפון אגוזים .,י.את א. ברמן בעמ,,,יח`,500,גרם,false,1,16.20,3.24,false,1,
7290004685430,false,100% לחם כומסין 500 גר לחם הארץ,י.את א. ברמן בעמ,,,יח`,500,גרם,false,1,16.20,3.24,false,1,
7290004685447,false,לחמניות כוסמין 6 יח בשקית מלא 450  גר`E,י.את א. ברמן בעמ,,,יח`,450,גרם,false,1,15.90,3.53,true,1,
7290004731083,false,אל סבון נוזלי ג`ינסנג כיף (1 ליטר),החברה הדרומית לשיווק בעמ,,,יח`,1,1 ליטר,false,1,13.90,13.90,true,1,
7290004731090,false,אל סבון נוזלי קמומיל כיף (1 ליטר),החברה הדרומית לשיווק בעמ,,,יח`,1,1 ליטר,false,1,13.90,13.90,true,1,
7290004731410,false,כרית קרצוף ירוק סנו סושי) (3,החברה הדרומית לשיווק בעמ,,,יח`,1,,false,1,10.90,10.90,true,1,
7290004731472,false,כיף אלסבון שלישיה,החברה הדרומית לשיווק בעמ,,,יח`,1.50,1 ליטר,false,1,20.90,13.93,true,1,
7290004731519,false,סנו מקסימה למייבש 750 מל,החברה הדרומית לשיווק בעמ,,,יח`,750,גרם,false,1,17.90,2.39,true,1,
7290004731564,false,סנו מקסימה למייבש 750 מלבלו בלוטום,החברה הדרומית לשיווק בעמ,,,יח`,750,גרם,false,1,17.90,2.39,true,1,
7290004737900,false,חלב מרוכז הולנדי וילי פוד (397 גרם),ג.וילי-פוד אינטרנשיונל בעמ,,,יח`,397,גרם,false,1,9.90,2.49,false,1,
7290004944032,false,חומוס  אמיתי( 400  גר`)אסלי,סלטי שמיר 2006 בעמ,,,יח`,400,גרם,false,1,9.90,2.48,true,1,
7290004944049,false,סלט  טחינה( 400  גר`)אסלי,סלטי שמיר 2006 בעמ,,,יח`,400,גרם,false,1,9.90,2.48,true,1,
7290004944056,false,חציל במיונז  אסלי( 400  גר`)אסלי,סלטי שמיר 2006 בעמ,,,יח`,400,גרם,false,1,9.90,2.48,true,1,
7290004982355,false,צ`דר  טריפל- מעדנייה,א. סיימן סחר בעמ,,,"ק""ג",1000,גרם,true,1,119,11.90,false,1,
7290005068492,false,לקט ירקות מעורבים 800  גר`פרי גליל,ויטה -פרי גליל (החדשה) בעמ,,,יח`,800,גרם,false,1,9.90,1.24,false,1,
7290005079290,false,גבנצ 15% נעם חריץ מעדנייה,החב` המרכזית - טרה,,,"ק""ג",1000,גרם,true,1,68,6.80,false,1,
7290005084355,false,משחת שיניים דואל קר סנסודיין (75 מל),גורי ע.ע.ע בעמ,,,יח`,75,גרם,false,1,21.90,29.20,true,1,
7290005095641,false,שלווה מתוק 230 גר`,ציון תורג`מן בעמ,,,יח`,230,גרם,false,1,8.90,3.87,true,1,
7290005095702,false,שלווה בדבש 210 גר`,ציון תורג`מן בעמ,,,יח`,210,גרם,false,1,8.90,4.24,true,1,
7290005095801,false,עמבה 500  גר`תמר,ציון תורג`מן בעמ,,,יח`,500,גרם,false,1,16.90,3.38,false,1,
7290005174513,false,חצילים במיונז אחלה (500 גרם),שטראוס גרופ בעמ/מצונן,,,יח`,500,גרם,false,1,15.50,3.10,true,1,
7290005174551,false,חומוס אחלה (125 גרם),שטראוס גרופ בעמ/מצונן,,,יח`,125,גרם,false,1,4.90,3.92,false,1,
7290005174568,false,חצילים אחלה יום יום 125 גר`,שטראוס גרופ בעמ/מצונן,,,יח`,125,גרם,false,1,4.90,3.92,false,1,
7290005174575,false,טחינה אחלה (125 גרם),שטראוס גרופ בעמ/מצונן,,,יח`,125,גרם,false,1,4.90,3.92,false,1,
7290005175428,false,קמח תירס 500 ללא גלוטן,ג.וילי-פוד אינטרנשיונל בעמ,,,יח`,500,גרם,false,1,5.90,1.18,false,1,
7290005197758,false,חיוכים שוקו 150,שטראוס גרופ בעמ,,,יח`,150,גרם,false,1,4.90,3.27,false,1,
7290005199578,false,קפה PLATINUM נטול 200 גר,שטראוס גרופ בעמ,,,יח`,200,גרם,false,1,24.90,12.45,false,1,
7290005199738,false,מסטיק מאסט טעם מנטה ללס,שטראוס גרופ בעמ,,,יח`,30,גרם,false,1,4.90,16.33,false,1,
7290005200786,false,תפוצ`יפס 50 גר שמנת בצל,שטראוס פריטו ליי בעמ,,,יח`,50,גרם,false,1,3.90,7.80,false,1,
7290005201455,false,קפה נמס ארומה קלאסי עלית (200 גרם),שטראוס גרופ בעמ,,,יח`,200,גרם,false,1,24.90,12.45,true,1,
7290005230042,false,צלחת קטנה לבן 50 יח פאלאס,פאלאס תעשיות נטו (2014) בעמ,,,יח`,1,,false,1,12.90,12.90,true,1,
7290005230059,false,צלחת מרק לבנה 25 יח פאלאס .,פאלאס תעשיות נטו (2014) בעמ,,,יח`,2500,גרם,false,1,9.90,0.40,false,1,
7290005230066,false,ליפתניות לבן 25 יח פאלאס,פאלאס תעשיות נטו (2014) בעמ,,,יח`,1,,false,1,5.90,5.90,true,1,
7290005230455,false,צלחת מרכזית חד פעמי 30  יח`פאלאס,פאלאס תעשיות נטו (2014) בעמ,,,יח`,1,,false,1,16.90,16.90,false,1,
7290005230769,false,צלחת גדולה לבן 50 יח פאלאס,פאלאס תעשיות נטו (2014) בעמ,,,יח`,1,,false,1,16.90,16.90,true,1,
7290005230806,false,כוסות לשתיה קרה 100/180,פאלאס תעשיות נטו (2014) בעמ,,,יח`,1,,false,1,9.90,9.90,true,1,
7290005230813,false,קערית אובלית לבן 25 יח פאלאס,פאלאס תעשיות נטו (2014) בעמ,,,יח`,1,,false,1,9.20,9.20,true,1,
7290005287206,false,טונה סטאריקיסט בשמן 160  גר`רביעייה,סטארקיסט דיפלומט היינץ,,,יח`,640,גרם,false,1,24.90,3.89,false,1,
7290005287251,false,טונה סטארקיסט במים 160  גר`רביעייה,סטארקיסט דיפלומט היינץ,,,יח`,640,גרם,false,1,24.90,3.89,false,1,
7290005287510,false,ס.ק בשמן עם פלפל חריף 160 גרם בי,סטארקיסט דיפלומט היינץ,,,יח`,160,גרם,false,1,8.90,5.56,false,1,
7290005287657,false,ממרח טונה סטארקיסט (160 גרם),סטארקיסט דיפלומט היינץ,,,יח`,160,גרם,false,1,7.90,4.94,true,1,
7290005296246,false,פותח סתימות DRAIN OUT,יעקב יעקבי ובניו בעמ,,,יח`,946,גרם,false,1,25.90,2.74,false,1,
7290005418709,false,נטורל קרם לחות 400 מל,החברה הדרומית לשיווק בעמ,,,יח`,400,גרם,false,1,21.90,5.48,true,1,
7290005423253,false,סנו מקסימה למייבש 750 מל,החברה הדרומית לשיווק בעמ,,,יח`,750,גרם,false,1,17.90,2.39,true,1,
7290005423499,false,תרסיס לניקוי משטחי נירוסטה סנו (500 מל),החברה הדרומית לשיווק בעמ,,,יח`,500,גרם,false,1,19.90,3.98,false,1,
7290005423567,false,מטליות לניקוי בגליל צהוב סנו סושי) (40,החברה הדרומית לשיווק בעמ,,,יח`,1,,false,1,19.90,19.90,true,1,
7290005423635,false,דוחה חרקים 2 ליטר,החברה הדרומית לשיווק בעמ,,,יח`,2,1 ליטר,false,1,22.90,11.45,true,1,
7290005423734,false,סנו מקסימה4 ליטר תכלת,החברה הדרומית לשיווק בעמ,,,יח`,4,1 ליטר,false,1,19.90,4.98,false,1,
7290005423833,false,פוליוויקס נוזל לניקוי פרקט סנו (2 ליטר).,החברה הדרומית לשיווק בעמ,,,יח`,2,1 ליטר,false,1,19.90,9.95,false,1,
7290005423871,false,מש.שיניים אורביטול שלישיה,החברה הדרומית לשיווק בעמ,,,יח`,435,גרם,false,1,19.90,4.57,true,1,
7290005423918,false,סנו מקסימה4 ליטר כחול,החברה הדרומית לשיווק בעמ,,,יח`,4,1 ליטר,false,1,19.90,4.98,false,1,
7290005424021,false,ריפרש מנטרל ריחות פרש הום 350 מל,החברה הדרומית לשיווק בעמ,,,יח`,350,גרם,false,1,15.90,4.54,false,1,
7290005424700,false,מתז פורטה פלוס 1 ליטר XL סנו,החברה הדרומית לשיווק בעמ,,,יח`,1000,גרם,false,1,17.90,1.79,true,1,
7290005424755,false,ריזצפז פלוס מטליות לחות לניקוי רצפות-דו,החברה הדרומית לשיווק בעמ,,,יח`,1,,false,1,14.90,14.90,false,1,
7290005424991,false,פרש אוטומטיק בהתזה קצובה בניחוחח בייבי פ,החברה הדרומית לשיווק בעמ,,,יח`,250,גרם,false,1,13.90,5.56,false,1,
7290005425127,false,מרסס מנקה שומנים ואבנית 99.9% 750 מל סנ,החברה הדרומית לשיווק בעמ,,,יח`,750,גרם,false,1,14.90,1.99,true,1,
7290005425196,false,א.כביסה סנו מקסימה 2.5 קג`,החברה הדרומית לשיווק בעמ,,,יח`,2.50,"ק""ג",false,1,24.90,9.96,false,1,
7290005426803,false,סנו מקסימה4 ליטר סגול,החברה הדרומית לשיווק בעמ,,,יח`,4,1 ליטר,false,1,19.90,4.98,false,1,
7290005426971,false,סנובון לאסלה כחול תפוח סנו (55x3 גרם),החברה הדרומית לשיווק בעמ,,,יח`,165,גרם,false,1,17.90,10.85,true,1,
7290005427107,false,מגבת הפלא סנו סושי (6),החברה הדרומית לשיווק בעמ,,,יח`,570,גרם,false,1,12.90,2.26,true,1,
7290005427626,false,כיף ג`ל 1 ליטר,החברה הדרומית לשיווק בעמ,,,יח`,1000,גרם,false,1,19.90,1.99,false,1,
7290005428852,false,מגבוני טישו צבעוני סנו) (100x5,החברה הדרומית לשיווק בעמ,,,יח`,650,גרם,false,1,12.90,1.98,false,1,
7290005429279,false,סנו מקסימה 6 קג`,החברה הדרומית לשיווק בעמ,,,יח`,6,"ק""ג",false,1,49.90,8.32,true,1,
7290005429286,false,סנו מקסימה 6 קג`,החברה הדרומית לשיווק בעמ,,,יח`,6,"ק""ג",false,1,49.90,8.32,true,1,
7290005430510,false,נייר טואלט לבן סנו סופט (18.4x40 מטר),החברה הדרומית לשיווק בעמ,,,יח`,570,גרם,false,1,34.90,6.12,false,1,
7290005430602,false,סנו אוקסיג`ן מרסס מסיר כתמים,החברה הדרומית לשיווק בעמ,,,יח`,750,גרם,false,1,18.90,2.52,true,1,
7290005431883,false,מלבי חלבי 165  גר`עדן קינוחים,תנובה - חלב,,,יח`,165,גרם,false,1,6.90,4.18,false,1,
7290005431906,false,מארז קדאיף 82  גר`עדן קינוחים,תנובה - חלב,,,יח`,124,גרם,false,1,6.90,5.56,false,1,
7290005431913,false,עוגת גבינה פרורים 92  גר`עדן קינוחים,תנובה - חלב,,,יח`,92,גרם,false,1,6.90,7.50,false,1,
7290005431920,false,עוגת גבינה פרורים לייט 78  גר`עדן קינוחי,תנובה - חלב,,,יח`,1,,false,1,6.90,6.90,false,1,
7290005431937,false,מעדן טירמיסו 82  גר`עדן קינוחים,תנובה - חלב,,,יח`,82,גרם,false,1,6.90,8.41,false,1,
7290005431968,false,מלבי שמנת 150  גר`תנובה,תנובה - חלב,,,יח`,150,גרם,false,1,6.90,4.60,false,1,
7290005500558,false,ג`ל לשיער 1  קג`שקוף פנינה רוזנבלום,פנינה רוזנבלום בעמ,,,יח`,1,"ק""ג",false,1,17.90,17.90,false,1,
7290005500688,false,מסכה לשיער פנינה רוזנבלום (1 קג),פנינה רוזנבלום בעמ,,,יח`,1,"ק""ג",false,1,30.90,30.90,false,1,
7290005559587,false,מאפה נקניקיה מעדנות,תנובה קפואים,,,יח`,800,גרם,false,1,30,3.75,false,1,
7290005559907,false,פיצה משפחתית גבינה מעדנות (500 גרם),תנובה קפואים,,,יח`,500,גרם,false,1,23.90,4.78,false,1,
7290005559914,false,פיצה משפחתית זיתים מעדנות (550 גרם),תנובה קפואים,,,יח`,550,גרם,false,1,25.90,4.71,false,1,
7290005559990,false,בצק פילאס תורכי מעדנות (600 גרם),תנובה קפואים,,,יח`,600,גרם,false,1,22.90,3.82,true,1,
7290005576010,false,חסה מהדרין גלאט עלים,רביבים עלי דשא בעמ,,,יח`,1,,false,1,7.90,7.90,false,1,
7290005576027,false,פטרוזליה גלאט,רביבים עלי דשא בעמ,,,יח`,1,,false,1,6.90,6.90,false,1,
7290005576034,false,כוסברה גלאט,רביבים עלי דשא בעמ,,,יח`,1,,false,1,6.90,6.90,false,1,
7290005576041,false,שמיר גלאט,רביבים עלי דשא בעמ,,,יח`,1,,false,1,6.90,6.90,false,1,
7290005576065,false,סלרי גלאט,רביבים עלי דשא בעמ,,,יח`,1,,false,1,7.90,7.90,false,1,
7290005576089,false,בצל ירוק גלאט,רביבים עלי דשא בעמ,,,יח`,1,,false,1,7.90,7.90,false,1,
7290005576096,false,כרוב לבן גלאט,רביבים עלי דשא בעמ,,,"ק""ג",1,,true,1,14.90,14.90,false,1,
7290005591761,false,דבש לחיץ 400  גר`יד מרדכי,שטראוס גרופ בעמ,,,יח`,400,גרם,false,1,20.90,5.23,false,1,
7290005610509,false,צנונית ארוזה,תוצרת הנגב אגודה שיתופית חקלאי,,,יח`,1,,false,1,6.90,6.90,true,1,
7290005651427,false,בונזו מולטי-פק  *3 410 גרם,שחורי אריה ואנסטסיה,,,יח`,1.24,"ק""ג",false,1,17.90,14.44,false,1,
7290005678073,false,פלפל צ`ילי,עומר יבולים בעמ*שיק ל 60 יום*,,,"ק""ג",1,,true,1,12.90,12.90,false,1,
7290005838002,false,דניאלה מעדן בטעם וניל שטראוס (88 גרם),שטראוס גרופ בעמ/מצונן,,,יח`,150,גרם,false,1,4,2.67,false,1,
7290005838613,false,קרם גבינה 3% בטעם וניל סקי (125 גרם),שטראוס גרופ בעמ/מצונן,,,יח`,125,גרם,false,1,3.70,2.96,true,1,
7290005838972,false,קרם גבינה 5% סקי (125 גרם),שטראוס גרופ בעמ/מצונן,,,יח`,125,גרם,false,1,3.10,2.48,false,1,
7290005839078,false,יוגורט ביו 3% דנונה (150x8 גרם),שטראוס גרופ בעמ/מצונן,,,יח`,1.20,1 ליטר,false,1,16.80,14,false,1,
7290005839108,false,סימפוניה 200 גר +5%זיתים,שטראוס גרופ בעמ/מצונן,,,יח`,200,גרם,false,1,11.40,5.70,true,1,
7290005839313,false,מילקי טופ מגולגלת,שטראוס גרופ בעמ/מצונן,,,יח`,130,גרם,false,1,4.90,3.77,false,1,
7290005896439,false,בירה בקבוק מכבי (500 מל),טמפו משקאות בעמ,,,יח`,500,גרם,false,1,6.90,1.14,false,1,
7290005896453,false,מכבי חוזר 7.9 500 מל בקבוק,טמפו משקאות בעמ,,,יח`,500,גרם,false,1,7.90,1.34,false,1,
7290005966088,false,ירדן הר חרמון אדום 750 מל,היכל היין שקד גולן בעמ,,,יח`,750,גרם,false,1,35.90,4.75,true,1,
7290005992575,false,גבינה בולגרית למריחה 5% גד (250 גרם),מחלבות גד שיווק 1992 בעמ,,,יח`,250,גרם,false,1,16.90,6.76,false,1,
7290005996078,false,סרוולט הונגרי 125  גר`יחיעם,מעדני יחיעם (1993) בעמ,,,יח`,125,גרם,false,1,25.90,20.72,false,1,
7290005996153,false,נקניקיות צרפתיות פרימיום 280  גר`יחיעם,מעדני יחיעם (1993) בעמ,,,יח`,280,גרם,false,1,22.90,8.18,true,1,
7290006199942,false,מאגדת גלידל פרי דובדבן,פלקו בעמ,,,יח`,640,גרם,false,1,24.90,3.89,false,1,
7290006229427,false,מים מינרלים סאן בנדטו (500x6 מל),טמפו משקאות בעמ,,,יח`,3,1 ליטר,false,1,13.70,3.97,true,1,
7290006241191,false,אגוזי מלך טבעיים קליית גת (150 גרם),ליימן שליסל בעמ,,,יח`,150,גרם,false,1,16.90,11.27,false,1,
7290006251275,false,תה ירוק סיני ויסוצקי (25),תה ויסוצקי (ישראל) בעמ,,,יח`,37.50,גרם,false,1,24.90,66.40,true,1,
7290006251374,false,תה ירוק לימונית וג`ינג`ר ויסוצקי (25),תה ויסוצקי (ישראל) בעמ,,,יח`,25,גרם,false,1,24.90,99.60,true,1,
7290006251589,false,תה ירוק נענע ויסוצקי (50),תה ויסוצקי (ישראל) בעמ,,,יח`,75,גרם,false,1,44.90,59.87,true,1,
7290006256089,false,גאטו נגרו קברנה סוביניון 750 מל,היכל היין שקד גולן בעמ,,,יח`,750,גרם,false,1,39.90,5.28,true,1,
7290006265500,false,פטריות שמפניון ארוז,קונס`-מרינה פטריות הגליל בעמ*ש,,,יח`,2.50,1 ליטר,false,1,9.90,3.96,true,1,
7290006271174,false,מעדנות-ג חנון בצק,תנובה קפואים,,,יח`,700,גרם,false,1,18.90,2.70,true,1,
7290006271181,false,ג`חנון אפוי מעדנות (5  יח`- 750 גרם),תנובה קפואים,,,יח`,750,גרם,false,1,24.90,3.32,true,1,
7290006271648,false,מיני בורקס תפוח אדמה מעדנות (800 גרם),תנובה קפואים,,,יח`,650,גרם,false,1,24,3.69,true,1,
7290006271655,false,מיני בורקס במילוי גבינה מעדנות (800 גרם),תנובה קפואים,,,יח`,800,גרם,false,1,25.90,3.24,true,1,
7290006272072,false,מעדנות חטיפי פיצה 650 גר`,תנובה קפואים,,,יח`,650,גרם,false,1,33.90,5.22,true,1,
7290006272430,false,בצק עלים חמאה חלבי מעדנות (600 גרם),תנובה קפואים,,,יח`,600,גרם,false,1,29,4.83,false,1,
7290006306296,false,רביולי גבינה לילדים פסטה נונה (400 גרם),מחלבות גד שיווק 1992 בעמ,,,יח`,400,גרם,false,1,23.90,5.98,true,1,
7290006306302,false,רביולי פרמזן ריקוטה פסטה נונה (400 גרם),מחלבות גד שיווק 1992 בעמ,,,יח`,400,גרם,false,1,23.90,5.98,true,1,
7290006306319,false,רביולי בטטה פסטה נונה (400 גרם),מחלבות גד שיווק 1992 בעמ,,,יח`,400,גרם,false,1,23.90,5.98,true,1,
7290006306357,false,רביולי גבינת עיזים פסטה נונה (400 גרם),מחלבות גד שיווק 1992 בעמ,,,יח`,400,גרם,false,1,25.90,6.48,true,1,
7290006342072,false,גרעין לבן 200  גר`ששון הקולה,דין שיווק וקליה 2021 בעמ,,,יח`,200,גרם,false,1,9.90,4.95,false,1,
7290006374653,false,מעדן עם דבש ליט 350  גר`יד מרדכי,שטראוס גרופ בעמ,,,יח`,350,גרם,false,1,26.90,7.69,true,1,
7290006374738,false,קונפיטורת תות יד מרדכי 340 גר`,שטראוס גרופ בעמ,,,יח`,340,גרם,false,1,11.90,3.50,false,1,
7290006439444,false,גולדן אורז בסמטי מוזהב 1קג,בני ג`ורג` שוקחה (חיפה) בעמ,,,יח`,1,"ק""ג",false,1,10.90,10.90,false,1,
7290006439512,false,פול גדול 750  גר`שוקחה,בני ג`ורג` שוקחה (חיפה) בעמ,,,יח`,750,גרם,false,1,12.90,1.72,false,1,
7290006439703,false,אפונה חצאים 1 קג שוקחה,בני ג`ורג` שוקחה (חיפה) בעמ,,,יח`,1,"ק""ג",false,1,8.90,8.90,false,1,
7290006439710,false,שעועית אדומה 1 קג שוקחה,בני ג`ורג` שוקחה (חיפה) בעמ,,,יח`,1,"ק""ג",false,1,15.90,15.90,false,1,
7290006459978,false,אובלטים שומשום 284  גר`האחים,ציון תורג`מן בעמ,,,יח`,284,גרם,false,1,9.90,3.49,true,1,
7290006492630,false,גבינה עיזים גדעז 20% גד (180 גרם),מחלבות גד שיווק 1992 בעמ,,,יח`,180,גרם,false,1,22.90,12.72,false,1,
7290006492685,false,גבינת לאבנה עיזים 5% גד (250 גרם),מחלבות גד שיווק 1992 בעמ,,,יח`,250,גרם,false,1,16.90,6.76,false,1,
7290006492913,false,לבנה ציזיקי 250 גר,מחלבות גד שיווק 1992 בעמ,,,יח`,250,גרם,false,1,12.90,5.16,false,1,
7290006494917,false,טוסו וופל ללתס במילוי בטעם שוקולד,דנשר (1963) בעמ,,,יח`,200,גרם,false,1,11.90,5.95,true,1,
7290006511157,false,פטריות שמפניון שלמות וילי פוד (400 גרם),ג.וילי-פוד אינטרנשיונל בעמ,,,יח`,400,גרם,false,1,7.90,1.98,false,1,
7290006511751,false,שלישית פטריות חתוכות,ג.וילי-פוד אינטרנשיונל בעמ,,,יח`,870,גרם,false,1,11.90,1.37,false,1,
7290006546333,false,צ`יפס מובחר 700 גר`,ויטה -פרי גליל (החדשה) בעמ,,,יח`,700,גרם,false,1,10.90,1.56,false,1,
7290006546371,false,במיה 600  גר`פרי גליל,ויטה -פרי גליל (החדשה) בעמ,,,יח`,600,גרם,false,1,9.90,1.65,false,1,
7290006546388,false,תחתיות ארטישוק 400 גרם פרי גליל,ויטה -פרי גליל (החדשה) בעמ,,,יח`,400,גרם,false,1,9.90,2.48,false,1,
7290006546395,false,לקט העונה קפוא 800  גר`פרי גליל,ויטה -פרי גליל (החדשה) בעמ,,,יח`,800,גרם,false,1,9.90,1.24,false,1,
7290006550972,false,בשר בקר קפוא טחון מהדרין עטרה (1 קג),נטו מלינדה סחר - עטרה,,,יח`,1,"ק""ג",false,1,42.90,42.90,false,1,
7290006582355,false,סילאן שקדיה (900 גרם),דין שיווק וקליה 2021 בעמ,,,יח`,900,גרם,false,1,14.90,1.66,true,1,
7290006618078,false,אסטוניש מרסס צהוב למטבח,יעקב יעקבי ובניו בעמ,,,יח`,750,גרם,false,1,11.90,1.59,false,1,
7290006618146,false,הפי בקבוק מדליק פחמים,יעקב יעקבי ובניו בעמ,,,יח`,1,,false,1,16.90,16.90,false,1,
7290006652027,false,במבה אסם (15x20 גרם),קבוצת אסם סחר שות. מוגבלת,,,יח`,300,גרם,false,1,23.90,7.97,false,1,
7290006653819,false,קוסקוס דק אסם (350 גרם),קבוצת אסם סחר שות. מוגבלת,,,יח`,350,גרם,false,1,8.90,2.54,false,1,
7290006664051,false,אקטימל 1.8% דנונה (100x14 מל),שטראוס גרופ בעמ/מצונן,,,יח`,1.40,1 ליטר,false,1,29.90,21.36,false,1,
7290006664532,false,יוגורט ביו 3% תות דנונה (150 גרם),שטראוס גרופ בעמ/מצונן,,,יח`,150,גרם,false,1,3.90,2.60,false,1,
7290006664655,false,אקטימל דנונה (100x8 מל),שטראוס גרופ בעמ/מצונן,,,יח`,800,גרם,false,1,19.90,2.49,false,1,
7290006664693,false,יוגורט ביו 3% אפרסק דנונה (150 גרם),שטראוס גרופ בעמ/מצונן,,,יח`,150,גרם,false,1,3.90,2.60,false,1,
7290006664990,false,יוגורט ביו 1.7% דנונה (150x8 גרם),שטראוס גרופ בעמ/מצונן,,,יח`,1.20,1 ליטר,false,1,16.80,14,false,1,
7290006681553,false,קרמבו שמינייה וניל,גלידות שטראוס בעמ,,,יח`,200,גרם,false,1,15.90,7.95,false,1,
7290006696717,false,תירוש ענבים טבעי מוסקט אפרת (1 ליטר),יקב טפרברג 1870 בעמ (יינות ומש,,,יח`,1000,גרם,false,1,16.90,1.66,true,1,
7290006704061,false,עירית ארוזה,א.אדמה (2007) בעמ,,,יח`,1,,false,1,5.90,5.90,false,1,
7290006712981,false,משחת שיניים לילדים קולגייט (50 מל),ש.שסטוביץ בעמ,,,יח`,66,גרם,false,1,11.90,18.03,false,1,
7290006714947,false,גולש עגל 800 גרם,לאטי עזרא בעמ,,,יח`,800,גרם,false,1,35.90,4.49,false,1,
7290006739131,false,זוגלובק בצק פילו,זוגלובק שיווק בעמ,,,יח`,500,גרם,false,1,18.90,3.78,false,1,
7290006739346,false,נקניקיות פרגיות זוגלובק (400 גרם),זוגלובק שיווק בעמ,,,יח`,400,גרם,false,1,17.90,4.48,false,1,
7290006739407,false,שניצל תירס לייט זוגלובק (630 גרם),זוגלובק שיווק בעמ,,,יח`,600,גרם,false,1,35.90,5.98,true,1,
7290006739414,false,סלמי קוניאק זוגלובק (300 גרם),זוגלובק שיווק בעמ,,,יח`,350,גרם,false,1,29.90,8.54,true,1,
7290006739421,false,סלמי איטלקי מעושן זוגלובק (300 גרם),זוגלובק שיווק בעמ,,,יח`,300,גרם,false,1,28.90,9.63,true,1,
7290006739445,false,שניצל תירס זוגלובק (750 גרם),זוגלובק שיווק בעמ,,,יח`,750,גרם,false,1,26.90,3.59,true,1,
7290006739544,false,כתף בקר 3% שומן זוגלובק (300 גרם),זוגלובק שיווק בעמ,,,יח`,300,גרם,false,1,28.90,9.63,true,1,
7290006741363,false,בורקס תפוא 800 בדצ,זוגלובק שיווק בעמ,,,יח`,800,גרם,false,1,19.90,2.49,false,1,
7290006741387,false,מלוואח 700  גר`בדצ,זוגלובק שיווק בעמ,,,יח`,700,גרם,false,1,16.90,2.41,false,1,
7290006742278,false,פסטרמה צלויה 330 גר`,זוגלובק שיווק בעמ,,,יח`,330,גרם,false,1,28.90,8.76,true,1,
7290006742292,false,פסטרממיה בדבש 330 גר`,זוגלובק שיווק בעמ,,,יח`,330,גרם,false,1,28.90,8.76,true,1,
7290006742315,false,חזה הודו ברביקיו 330 גר`,זוגלובק שיווק בעמ,,,יח`,330,גרם,false,1,28.90,8.76,true,1,
7290006764065,false,בירה שחורה נשר מאלט חוזר (500 מל),טמפו משקאות בעמ,,,יח`,500,גרם,false,1,4.90,0.74,true,1,
7290006764072,false,בירה גולדסטאר (500 מל),טמפו משקאות בעמ,,,יח`,500,גרם,false,1,6.90,1.14,false,1,
7290006764157,false,גולדסטאר לא מסונן בקבוק חוזר 500 מל,טמפו משקאות בעמ,,,יח`,500,גרם,false,1,7.90,1.34,false,1,
7290006764485,false,בירה שחורה בבקבוק נשר מאלט (330x6 מל),טמפו משקאות בעמ,,,יח`,1.98,1 ליטר,false,1,27.90,13.18,false,1,
7290006775016,false,עוגת תפוז אחוה (450  גרם)אחוה,אחדות בעמ,,,יח`,450,גרם,false,1,10.90,2.42,true,1,
7290006775023,false,עוגה אנגלית אחוה (450  גרם)אחוה,אחדות בעמ,,,יח`,450,גרם,false,1,10.90,2.42,true,1,
7290006775030,false,עוגת שוקו צ`יפס אחוה (450  גרם)אחוה,אחדות בעמ,,,יח`,450,גרם,false,1,10.90,2.42,true,1,
7290006775047,false,עוגת שוקולד אחוה (450  גרם)אחוה,אחדות בעמ,,,יח`,450,גרם,false,1,10.90,2.42,true,1,
7290006775054,false,עוגת שיש אחוה (450  גרם)אחוה,אחדות בעמ,,,יח`,450,גרם,false,1,10.90,2.42,true,1,
7290006775085,false,עוגת שמרים שוקולד אחוה (400 גרם),אחדות בעמ,,,יח`,400,גרם,false,1,10.90,2.73,false,1,
7290006775191,false,מאפינס שוקולד 50  גר`אחוה,אחדות בעמ,,,יח`,50,גרם,false,1,1.90,3.80,true,1,
7290006775306,false,מאפינס תות 50  גר`אחוה,אחדות בעמ,,,יח`,50,גרם,false,1,1.90,3.80,true,1,
7290006775344,false,עוגת שמרים קינמון/אגוזים 400  גר`אחוה,אחדות בעמ,,,יח`,400,גרם,false,1,10.90,2.73,false,1,
7290006775795,false,עוגת תפוח עץ אחוה (450 גרם),אחדות בעמ,,,יח`,450,גרם,false,1,11.90,2.64,false,1,
7290006775801,false,רוגעלך אחוה (400 גרם),אחדות בעמ,,,יח`,400,גרם,false,1,9.90,2.48,false,1,
7290006775900,false,עוגיות מיני מרוקאיות אחוה (500 גרם),אחדות בעמ,,,יח`,500,גרם,false,1,8.90,1.78,false,1,
7290006784360,false,חלונית 1 ליטר,קומפלקס כימיקלים בעמ,,,יח`,1,1 ליטר,false,1,6.90,6.90,true,1,
7290006788399,false,דאו נושם רול און קרליין ירוק,החברה הדרומית לשיווק בעמ,,,יח`,75,גרם,false,1,12.90,17.20,true,1,
7290006788405,false,דאו נושם רול און קרליין,החברה הדרומית לשיווק בעמ,,,יח`,75,גרם,false,1,12.90,17.20,true,1,
7290006788429,false,דאו נושם רול און קרליין כתום,החברה הדרומית לשיווק בעמ,,,יח`,75,גרם,false,1,12.90,17.20,true,1,
7290006788443,false,דאו נושם רול און קרליין סגול בהיר,החברה הדרומית לשיווק בעמ,,,יח`,75,גרם,false,1,12.90,17.20,true,1,
7290006788559,false,דאו תרסיס טיטניום,החברה הדרומית לשיווק בעמ,,,יח`,180,גרם,false,1,14.90,8.28,false,1,
7290006805355,false,פילסברי תערובת כדורי שוקולד,ליימן שליסל בעמ,,,יח`,500,גרם,false,1,18.90,3.78,true,1,
7290006805850,false,תערובת להכנת פנקייקס פילסברי (500 גרם),ליימן שליסל בעמ,,,יח`,500,גרם,false,1,18.90,3.78,true,1,
7290006822192,false,פריגת אושן ספריי 1 ליטר,החברה המרכזית להפצת משקאות בעמ,,,יח`,1,1 ליטר,false,1,12.90,12.90,false,1,
7290006908360,false,שקדים קלויים פיצוחי חממה (150 גרם),בוטנת בעמ,,,יח`,150,גרם,false,1,16.90,11.27,false,1,
7290006908377,false,שקדים פיצוחי חממה (150 גרם),בוטנת בעמ,,,יח`,150,גרם,false,1,16.90,11.27,false,1,
7290006908384,false,פיסטוק חלבי פיצוחי חממה (150 גרם),בוטנת בעמ,,,יח`,150,גרם,false,1,16.90,11.27,false,1,
7290006960429,false,כרוב בולגרי כבוש 750  גר`מאמא מרי,מאמא - מרי בעמ,,,יח`,750,גרם,false,1,17.90,2.39,true,1,
7290006983176,false,קרקר לחמית שיפון אסם (230 גרם),קבוצת אסם סחר שות. מוגבלת,,,יח`,230,גרם,false,1,8.90,3.87,true,1,
7290006983206,false,פלאפל בקלי קלות 90 גר`,קבוצת אסם סחר שות. מוגבלת,,,יח`,90,גרם,false,1,10.90,12.11,false,1,
7290006983527,false,עוגת הבית עשירות תפוח ופרורים 400 גר`,קבוצת אסם סחר שות. מוגבלת,,,יח`,400,גרם,false,1,18.90,4.73,true,1,
7290006983763,false,עוגת הבית בטעם שוקולד אסם (400 גרם),קבוצת אסם סחר שות. מוגבלת,,,יח`,400,גרם,false,1,11.90,2.98,false,1,
7290006983770,false,עוגת הבית שיש אסם (400 גרם),קבוצת אסם סחר שות. מוגבלת,,,יח`,400,גרם,false,1,11.90,2.98,false,1,
7290006983787,false,עוגת הבית שוקוצ`יפס אסם (400 גרם),קבוצת אסם סחר שות. מוגבלת,,,יח`,400,גרם,false,1,11.90,2.98,false,1,
7290006983794,false,עוגת הבית תפוז אסם (400 גרם),קבוצת אסם סחר שות. מוגבלת,,,יח`,400,גרם,false,1,11.90,2.98,false,1,
7290006992161,false,דייסת קורנפלור מטרנה (200 גרם),קבוצת אסם סחר שות. מוגבלת,,,יח`,200,גרם,false,1,12.90,6.45,false,1,
7290006992185,false,דייסת אורז מטרנה (200 גרם),קבוצת אסם סחר שות. מוגבלת,,,יח`,200,גרם,false,1,12.90,6.45,false,1,
7290006992192,false,דייסת סולת מטרנה (200 גרם),קבוצת אסם סחר שות. מוגבלת,,,יח`,200,גרם,false,1,12.90,6.45,false,1,
7290006992208,false,דייסת דגנים מעורבים מטרנה (200 גרם),קבוצת אסם סחר שות. מוגבלת,,,יח`,200,גרם,false,1,12.90,6.45,false,1,
7290006992390,false,דייסת וניל מטרנה (200 גרם),קבוצת אסם סחר שות. מוגבלת,,,יח`,200,גרם,false,1,12.90,6.45,false,1,
7290008000796,false,סופרמן משחת שיניים לילדים,גורי ע.ע.ע בעמ,,,יח`,50,גרם,false,1,10.90,21.80,false,1,
7290008000826,false,ברבי משחת שיניים לילדים,גורי ע.ע.ע בעמ,,,יח`,50,גרם,false,1,10.90,21.80,false,1,
7290008101318,false,קריספ זהוב 300 גר`,א.ל.ייצור ושיווק תבלינים בעמ,,,יח`,300,גרם,false,1,6.90,2.30,true,1,
7290008101356,false,קריספ פאנקו זהוב 300 גר`,א.ל.ייצור ושיווק תבלינים בעמ,,,יח`,300,גרם,false,1,9.90,3.30,true,1,
7290008116862,false,בלנאום בייבי שמן אמבט ביסייק 500 מל,שקד תבל בעמ,,,יח`,500,גרם,false,1,69.90,13.98,false,1,
7290008154222,false,שניצלונים 700  גר`עוף טוב,קבוצת אסם סחר שות. מוגבלת,,,יח`,700,גרם,false,1,13.90,1.99,false,1,
7290008175173,false,חמאה מפינלנד ללא תוספת מלח (200 גרם),ג.וילי-פוד אינטרנשיונל **גבינו,,,יח`,200,גרם,false,1,11.90,5.95,false,1,
7290008175210,false,פרמז`נו מגורדת 90 גר`,ג.וילי-פוד אינטרנשיונל **גבינו,,,יח`,90,גרם,false,1,14.90,16.56,false,1,
7290008175814,false,פטריות חתוך 400 גר`,ג.וילי-פוד אינטרנשיונל בעמ,,,יח`,400,גרם,false,1,4.90,1.23,false,1,
7290008268011,false,אוכמניות טרי ארוז 250 גר,בראשית - אגודה שיתופית*שיק 45,,,יח`,250,גרם,false,1,15,6,false,1,
7290008268400,false,אוכמניות טרי ארוז 250 גר.,בראשית - אגודה שיתופית*שיק 45,,,יח`,250,גרם,false,1,15,6,false,1,
7290008268455,false,קיווי ארוז בראשית,בראשית - אגודה שיתופית*שיק 45,,,יח`,1,,false,1,15,15,false,1,
7290008330107,false,מרכך כביסה סגול בדין (4 ליטר),יוניליוור ישראל שיווק בעמ,,,יח`,4,1 ליטר,false,1,19.90,4.98,false,1,
7290008333115,false,ג`לטין דגים טהור,נטו מלינדה סחר בעמ,,,יח`,28,גרם,false,1,10.90,38.93,false,1,
7290008343466,false,בצק פילו שלושת האופים (500 גרם),נטו מלינדה סחר בעמ,,,יח`,500,גרם,false,1,19.90,3.98,true,1,
7290008343503,false,ג`חנון אפוי 650  גר`שלושת האופים,נטו מלינדה סחר בעמ,,,יח`,650,גרם,false,1,20.90,3.22,true,1,
7290008343558,false,סיגרים בשר 1 קג שלושת האופים,נטו מלינדה סחר בעמ,,,יח`,1,"ק""ג",false,1,19.90,19.90,true,1,
7290008343572,false,אגרול סיני 1 קג-שלושת  האופים,נטו מלינדה סחר בעמ,,,יח`,1,"ק""ג",false,1,19.90,19.90,false,1,
7290008343602,false,קובה בשר מטוגן 1 קג,נטו מלינדה סחר בעמ,,,יח`,1,"ק""ג",false,1,19.90,19.90,false,1,
7290008343619,false,פסטלים תפוא 1 קג שלושת האופים,נטו מלינדה סחר בעמ,,,יח`,1,"ק""ג",false,1,19.90,19.90,false,1,
7290008343626,false,כדורי פלאפל 1 קג-שלושת  האופים,נטו מלינדה סחר בעמ,,,יח`,1,"ק""ג",false,1,19.90,19.90,true,1,
7290008344258,false,המבורגר מיזרחי 400  גר`טיבונוויל,נטו מלינדה סחר בעמ,,,יח`,400,גרם,false,1,20.90,5.23,true,1,
7290008344272,false,המבורגר 100% 400  גר`טיבונוויל,נטו מלינדה סחר בעמ,,,יח`,400,גרם,false,1,20.90,5.23,true,1,
7290008345576,false,איקרא ביתית לבנה 300 גר`,נטו מלינדה סחר בעמ,,,יח`,300,גרם,false,1,19.90,6.63,false,1,
7290008345583,false,סלט איקרה ביתית ורודה דלידג (300 גרם),נטו מלינדה סחר בעמ,,,יח`,300,גרם,false,1,19.90,6.63,false,1,
7290008409100,false,אצבעות שניצל שומשום מאמא עוף (700 גרם),תנובה קפואים,,,יח`,600,גרם,false,1,36,6,true,1,
7290008409124,false,שניצל ג`ונגל מאמא עוף (700 גרם),תנובה קפואים,,,יח`,700,גרם,false,1,36,5.14,true,1,
7290008409407,false,שניצל דק דק צ`יפס מאמא עוף (700 גרם),תנובה קפואים,,,יח`,0,גרם,false,1,42.90,42.90,false,1,
7290008409551,false,שניצל עוף ציפוי מעודן מאמא עוף,תנובה קפואים,,,יח`,700,גרם,false,1,42.90,6.13,true,1,
7290008409582,false,שניצל עוף אמיתי ביתי מאמא עוף,תנובה קפואים,,,יח`,700,גרם,false,1,42.90,6.13,true,1,
7290008415071,false,חומוס עם טחינה צבר (150 גרם),קבוצת אסם סחר שות. מוגבלת,,,יח`,150,גרם,false,1,4.90,3.27,false,1,
7290008415514,false,צבר חומוס+חריף 150,קבוצת אסם סחר שות. מוגבלת,,,יח`,150,גרם,false,1,4.90,3.27,false,1,
7290008443616,false,נקה 7 מרכך 750 מל ורוד,החברה הדרומית לשיווק בעמ,,,יח`,750,גרם,false,1,10.90,1.45,true,1,
7290008443630,false,נקה 7 שמפו 750 מל סגול,החברה הדרומית לשיווק בעמ,,,יח`,750,גרם,false,1,10.90,1.45,true,1,
7290008443647,false,נקה 7 מרכך 750 מל,החברה הדרומית לשיווק בעמ,,,יח`,750,גרם,false,1,10.90,1.45,true,1,
7290008461221,false,סרדין רוברט בשמן חמניות 140 גר`,א. סיימן סחר בעמ,,,יח`,140,גרם,false,1,6.90,4.93,true,1,
7290008461238,false,סרדינים בשמן חריף רוברט (115 גרם),א. סיימן סחר בעמ,,,יח`,115,גרם,false,1,6.90,6,true,1,
7290008464024,false,בירה לא מסוננת גולדסטאר (500 מל),טמפו משקאות בעמ,,,יח`,500,גרם,false,1,8.50,1.64,false,1,
7290008464130,false,בירה לא מסוננת גולדסטאר (330x6 מל),טמפו משקאות בעמ,,,יח`,1.98,1 ליטר,false,1,40.90,19.75,true,1,
7290008464222,false,בירה מכבי 7.9% 500 פחית.,טמפו משקאות בעמ,,,יח`,500,גרם,false,1,7.50,1.44,false,1,
7290008464345,false,בקבוק גולדסטאר 330 מל,טמפו משקאות בעמ,,,יח`,330,גרם,false,1,6.60,1.91,false,1,
7290008464468,false,בירה בפחית גולדסטאר (500 מל),טמפו משקאות בעמ,,,יח`,500,גרם,false,1,7.90,1.52,false,1,
7290008464475,false,בירה מכבי פחית 500 מל,טמפו משקאות בעמ,,,יח`,500,גרם,false,1,6.90,1.32,false,1,
7290008464604,false,הייניקן פחית 500 מל,טמפו משקאות בעמ,,,יח`,500,גרם,false,1,11.90,2.32,false,1,
7290008464697,false,בירה 7.9% אלכוהול מכבי (330x6 מל),טמפו משקאות בעמ,,,יח`,1.98,1 ליטר,false,1,34.90,16.72,true,1,
7290008464703,false,בירה מכבי (330x6 מל),טמפו משקאות בעמ,,,יח`,1.98,1 ליטר,false,1,33.90,16.21,true,1,
7290008464734,false,בירה גולדסטאר סלו ברו 330 מל בקבוק שישי,טמפו משקאות בעמ,,,יח`,1.98,1 ליטר,false,1,40.90,19.75,true,1,
7290008464741,false,בירה גולדסטאר 330 מל בקבוק שישייה,טמפו משקאות בעמ,,,יח`,1.98,1 ליטר,false,1,37.90,18.23,true,1,
7290008464796,false,בירה הייניקן 330 מל בקבוק שישייה,טמפו משקאות בעמ,,,יח`,1.98,1 ליטר,false,1,34.90,16.72,true,1,
7290008493413,false,פירורי גריסיני מאיר בייגל (200 גרם),דנשר (1963) בעמ,,,יח`,200,גרם,false,1,5.90,2.95,false,1,
7290008493710,false,מאיר בייגל פרורי גרסיני זהב 200גר,דנשר (1963) בעמ,,,יח`,200,גרם,false,1,5.90,2.95,false,1,
7290008609531,false,נייר אפייה 50  יח`פאלאס,פאלאס תעשיות נטו (2014) בעמ,,,יח`,1,,false,1,9.90,9.90,true,1,
7290008634045,false,פלסטר 30,אינטרסן 1996 בעמ,,,יח`,30,יח`,false,1,5.90,0.20,true,1,
7290008636650,false,קמח מצה 500 גר`,מיה תעשיות מזון מ.ת.מ. בעמ,,,יח`,500,גרם,false,1,8.90,1.78,false,1,
7290008636926,false,אבקת קקאו מיה (500 גרם),מיה תעשיות מזון מ.ת.מ. בעמ,,,יח`,500,גרם,false,1,14.90,2.98,false,1,
7290008636933,false,אגוזי מלך גרוסים 100 גר`,מיה תעשיות מזון מ.ת.מ. בעמ,,,יח`,100,גרם,false,1,11.90,11.90,false,1,
7290008636988,false,גרעיני חמניה קלופים 100 גר`,מיה תעשיות מזון מ.ת.מ. בעמ,,,יח`,100,גרם,false,1,4.90,4.90,false,1,
7290008636995,false,גרעיני דלעת קלופים 100 גר`,מיה תעשיות מזון מ.ת.מ. בעמ,,,יח`,100,גרם,false,1,8.90,8.90,false,1,
7290008644235,false,מבחר עלי בייבי 120 גרם-טעם הטבע,שטראוס גרופ בעמ/מצונן,,,יח`,120,גרם,false,1,9.90,8.25,false,1,
7290008645935,false,חומוס אחלה (750 גרם),שטראוס גרופ בעמ/מצונן,,,יח`,750,גרם,false,1,9.90,1.32,false,1,
7290008690713,false,נקטר חמוציות אושן ספריי פריגת (1 ליטר),החברה המרכזית להפצת משקאות בעמ,,,יח`,1,1 ליטר,false,1,12.90,12.90,false,1,
7290008693134,false,דניאלה מעדן בטעם תות שטראוס (88 גרם),שטראוס גרופ בעמ/מצונן,,,יח`,150,גרם,false,1,4,2.67,false,1,
7290008713900,false,לחם שיפון עגול פרוס אחדות (750 גרם),שלמה א. אנג`ל בעמ,,,יח`,750,גרם,false,1,12.50,1.67,false,1,
7290008745239,false,תפוצ`יפס 50 גר קראנץ`,שטראוס פריטו ליי בעמ,,,יח`,55,גרם,false,1,3.90,7.09,false,1,
7290008747547,false,תפוצ`יפס 200 גר` קראנץ`,שטראוס פריטו ליי בעמ,,,יח`,200,גרם,false,1,10.90,5.45,true,1,
7290008750264,false,מאסט ללס בטעם דובדבן (28 גרם),שטראוס גרופ בעמ,,,יח`,28,גרם,false,1,4.90,17.50,false,1,
7290008752244,false,תפוצ`יפס 50 גר  קראנץ`גריל,שטראוס פריטו ליי בעמ,,,יח`,50,גרם,false,1,3.90,7.80,false,1,
7290008753111,false,תפוצ`יפס 50 גר  קראנץ`מקסיקני,שטראוס פריטו ליי בעמ,,,יח`,50,גרם,false,1,3.90,7.80,false,1,
7290008754415,false,מאסט מנטה עדין ללס 28 גרם,שטראוס גרופ בעמ,,,יח`,28,גרם,false,1,4.90,17.50,false,1,
7290008754422,false,מאסט מנטה קלאסי ללס 28 גרם,שטראוס גרופ בעמ,,,יח`,28,גרם,false,1,4.90,17.50,false,1,
7290008757072,false,משקה מוגז בטעם תות שוופס (330 מל),יפאורה,,,יח`,330,גרם,false,1,3.50,0.97,true,1,
7290008757386,false,מפז פחית ענבים,יפאורה,,,יח`,330,גרם,false,1,3.50,0.97,true,1,
7290008757980,false,נקטר רימונים ספרינג (1 ליטר),יפאורה,,,יח`,1,1 ליטר,false,1,6.90,6.90,false,1,
7290008775816,false,ערגליות שוקו אסם (300 גרם),קבוצת אסם סחר שות. מוגבלת,,,יח`,300,גרם,false,1,10.90,3.63,true,1,
7290008775823,false,ערגליות תות אסם (300 גרם),קבוצת אסם סחר שות. מוגבלת,,,יח`,300,גרם,false,1,10.90,3.63,true,1,
7290008784542,false,קויוטה מסז,קונסיגנציה- ש. י גיספאן 1993,,,יח`,1,,false,1,12.90,12.90,false,1,
7290008792264,false,מפיות  טאצ`100 יח,שניב תעשיות נייר בעמ,,,יח`,1,,false,1,4.90,4.90,false,1,
7290008801157,false,סלקטד מרלו יקבי כרמל (750 מל),אגודת הכורמים,,,יח`,750,גרם,false,1,29.90,3.95,true,1,
7290008801478,false,טופז זהב אדום מתוק 750 מל,אגודת הכורמים,,,יח`,750,גרם,false,1,21.20,2.79,true,1,
7290008801522,false,קונקורד אדום מתוק 750 מל קינג דיוויד,אגודת הכורמים,,,יח`,750,גרם,false,1,21.90,2.88,true,1,
7290008801546,false,מוסקט מתוק 750 מל קינג דיוויד,אגודת הכורמים,,,יח`,750,גרם,false,1,21.90,2.88,true,1,
7290008801843,false,סלקטד קברנה סובניון יקבי כרמל (750 מל),אגודת הכורמים,,,יח`,750,גרם,false,1,29.90,3.95,true,1,
7290008801850,false,סלקטד אמרלד ריזלינג יקבי כרמל (750 מל),אגודת הכורמים,,,יח`,750,גרם,false,1,29.90,3.95,true,1,
7290008802291,false,מרלו פי.סי אדום יבש 750 מל,אגודת הכורמים,,,יח`,750,גרם,false,1,39.90,5.28,true,1,
7290008802512,false,וינו אדום 750 מל,אגודת הכורמים,,,יח`,750,גרם,false,1,19.90,2.61,true,1,
7290008802529,false,וינו לבן 750 מל,אגודת הכורמים,,,יח`,750,גרם,false,1,19.90,2.61,true,1,
7290008802895,false,קברנה סוביניון פי.סי אדום יבש 750 מל,אגודת הכורמים,,,יח`,750,גרם,false,1,39.90,5.28,true,1,
7290008803090,false,מרלו אזורית אדום יבש 750 מל,אגודת הכורמים,,,יח`,750,גרם,false,1,54.90,7.28,true,1,
7290008804189,false,קברנה סוביניון אזורית אדום יבש 750 מל,אגודת הכורמים,,,יח`,750,גרם,false,1,54.90,7.28,true,1,
7290008804332,false,שיראז פי.סי אדום יבש 750 מל,אגודת הכורמים,,,יח`,750,גרם,false,1,39.90,5.28,true,1,
7290008805520,false,קברנה מרלו סלקטד אדום יבש 750 מל,אגודת הכורמים,,,יח`,750,גרם,false,1,29.90,3.95,true,1,
7290008805964,false,קברנה שיראז אזורית אדום יבש 750 מל,אגודת הכורמים,,,יח`,750,גרם,false,1,54.90,7.28,true,1,
7290008806961,false,שטראוס קרמיסימו שוקולד ציפ,גלידות שטראוס בעמ,,,יח`,1.33,1 ליטר,false,1,18.90,14.21,false,1,
7290008849609,false,אוליביה רוטב לעוף שום דבש (330 גרם),תה ויסוצקי (ישראל) בעמ,,,יח`,275,גרם,false,1,13.90,5.05,true,1,
7290008975551,false,תחליף חלב שלב 3 מהדרין מטרנה (700 גרם),קבוצת אסם סחר שות. מוגבלת,,,יח`,700,גרם,false,1,49.90,7.13,true,1,
7290008989091,false,פריכיות אורז שלישיה,בטר אנד דיפרנט בעמ,,,יח`,300,גרם,false,1,12.90,4.30,false,1,
7290008989602,false,בטר פצפוצי אורז מלא 450  גר`ללא גלוטן,בטר אנד דיפרנט בעמ,,,יח`,450,גרם,false,1,18.90,4.20,false,1,
7290010002016,false,כוסברה טחונה 100 גר`,א.ל.ייצור ושיווק תבלינים בעמ,,,יח`,100,גרם,false,1,10.90,10.90,false,1,
7290010002030,false,כמון טחון תבליני מימון (100 גרם),א.ל.ייצור ושיווק תבלינים בעמ,,,יח`,100,גרם,false,1,11.90,11.90,false,1,
7290010002047,false,מלח לימון תבליני מימון (200 גרם),א.ל.ייצור ושיווק תבלינים בעמ,,,יח`,200,גרם,false,1,13.90,6.95,false,1,
7290010002078,false,פלפל שחור טחון תבליני מימון (100 גרם),א.ל.ייצור ושיווק תבלינים בעמ,,,יח`,100,גרם,false,1,15.90,15.90,false,1,
7290010002191,false,מקלות קינמון תבליני מימון (50 גרם),א.ל.ייצור ושיווק תבלינים בעמ,,,יח`,50,גרם,false,1,13.90,27.80,false,1,
7290010002207,false,קינמון טחון תבליני מימון (100 גרם),א.ל.ייצור ושיווק תבלינים בעמ,,,יח`,100,גרם,false,1,10.90,10.90,false,1,
7290010002214,false,צ`ילי גרוס תבליני מימון (70 גרם),א.ל.ייצור ושיווק תבלינים בעמ,,,יח`,70,גרם,false,1,11.90,17,false,1,
7290010002290,false,תיבול לשווארמה 100 גר`,א.ל.ייצור ושיווק תבלינים בעמ,,,יח`,100,גרם,false,1,11.90,11.90,false,1,
7290010002306,false,תערובת לקציצות 100 גר`,א.ל.ייצור ושיווק תבלינים בעמ,,,יח`,100,גרם,false,1,11.90,11.90,false,1,
7290010002320,false,תבלין לגריל עוף תבליני מימון (100 גרם),א.ל.ייצור ושיווק תבלינים בעמ,,,יח`,100,גרם,false,1,11.90,11.90,false,1,
7290010002351,false,זעתר ושומשום בלדי תבליני מימון (100 גרם),א.ל.ייצור ושיווק תבלינים בעמ,,,יח`,100,גרם,false,1,11.90,11.90,false,1,
7290010002399,false,בזיליקום תבליני מימון (40 גרם),א.ל.ייצור ושיווק תבלינים בעמ,,,יח`,50,גרם,false,1,10.90,21.80,false,1,
7290010002696,false,צ`יפס אורז חום מלא שמנת בצל 60  גר`אקסטר,א.ל.ייצור ושיווק תבלינים בעמ,,,יח`,60,גרם,false,1,6.90,11.50,true,1,
7290010002726,false,תבלין לפרגיות 100 גר`,א.ל.ייצור ושיווק תבלינים בעמ,,,יח`,100,גרם,false,1,11.90,11.90,false,1,
7290010003075,false,פפריקה מרוקאית מתוקה 400 גר`,א.ל.ייצור ושיווק תבלינים בעמ,,,יח`,400,גרם,false,1,24.90,6.23,false,1,
7290010003693,false,פפריקה מתוקה תבליני מימון (80 גרם),א.ל.ייצור ושיווק תבלינים בעמ,,,יח`,80,גרם,false,1,5.90,7.38,false,1,
7290010003709,false,פלפל שחור טחון תבליני מימון (50 גרם),א.ל.ייצור ושיווק תבלינים בעמ,,,יח`,50,גרם,false,1,7.90,15.80,false,1,
7290010003754,false,כמון טחון תבליני מימון (50 גרם),א.ל.ייצור ושיווק תבלינים בעמ,,,יח`,50,גרם,false,1,5.90,11.80,false,1,
7290010003761,false,כורכום טחון תבליני מימון (80 גרם),א.ל.ייצור ושיווק תבלינים בעמ,,,יח`,80,גרם,false,1,5.90,7.38,false,1,
7290010003778,false,תבלין לגריל עוף תבליני מימון (80 גרם),א.ל.ייצור ושיווק תבלינים בעמ,,,יח`,80,גרם,false,1,5.90,7.38,false,1,
7290010003792,false,מלח לימון תבליני מימון (100 גרם),א.ל.ייצור ושיווק תבלינים בעמ,,,יח`,100,גרם,false,1,5.90,5.90,false,1,
7290010003839,false,קינמון טחון תבליני מימון (80 גרם),א.ל.ייצור ושיווק תבלינים בעמ,,,יח`,80,גרם,false,1,5.90,7.38,false,1,
7290010003846,false,אורגנו תבליני מימון (20 גרם),א.ל.ייצור ושיווק תבלינים בעמ,,,יח`,20,גרם,false,1,5.90,29.50,false,1,
7290010003990,false,פטרוזיליה תבליני מימון (20 גרם),א.ל.ייצור ושיווק תבלינים בעמ,,,יח`,80,גרם,false,1,5.90,7.38,false,1,
7290010023141,false,תה לימונענע ויסוצקי הגן הקסום) (25,תה ויסוצקי (ישראל) בעמ,,,יח`,50,גרם,false,1,17.50,35,true,1,
7290010051021,false,בזיליקום א.אדמה,א.אדמה (2007) בעמ,,,יח`,1,,false,1,5.90,5.90,false,1,
7290010051045,false,סלט ביבי מיקס בנספק,א.אדמה (2007) בעמ,,,יח`,1,,false,1,9.90,9.90,false,1,
7290010051052,false,פטרוזליה א. אדמה,א.אדמה (2007) בעמ,,,יח`,120,גרם,false,1,3.90,3.25,false,1,
7290010051076,false,לבבות חסה קיסר,א.אדמה (2007) בעמ,,,יח`,1,,false,1,11.90,11.90,false,1,
7290010051113,false,טימין / קורנית,א.אדמה (2007) בעמ,,,יח`,1,,false,1,5.90,5.90,false,1,
7290010051120,false,מרווה,א.אדמה (2007) בעמ,,,יח`,1,,false,1,5.90,5.90,false,1,
7290010051144,false,תרד עלים א.אדמה,א.אדמה (2007) בעמ,,,יח`,180,גרם,false,1,9.90,5.50,false,1,
7290010051168,false,כוסברה א. אדמה,א.אדמה (2007) בעמ,,,יח`,1,,false,1,3.90,3.90,false,1,
7290010051175,false,שמיר א. אדמה,א.אדמה (2007) בעמ,,,יח`,1,,false,1,3.90,3.90,false,1,
7290010051182,false,עלי נענע א. אדמה,א.אדמה (2007) בעמ,,,יח`,1,,false,1,3.90,3.90,false,1,
7290010051199,false,שורש פטרוזיליה א. אדמה,א.אדמה (2007) בעמ,,,יח`,1,,false,1,5.90,5.90,false,1,
7290010051205,false,עלי סלרי א. אדמה,א.אדמה (2007) בעמ,,,יח`,1,,false,1,5.90,5.90,false,1,
7290010051212,false,סלרי ראש.,א.אדמה (2007) בעמ,,,יח`,300,גרם,false,1,5.90,1.97,false,1,
7290010051267,false,לוף  ארוז- א.אדמה,א.אדמה (2007) בעמ,,,יח`,1,,false,1,10.90,10.90,false,1,
7290010051281,false,עלה רוקולה 110 גר,א.אדמה (2007) בעמ,,,יח`,110,גרם,false,1,9.90,9,false,1,
7290010051298,false,סלק עלים ארוז מנגולד א.אד,א.אדמה (2007) בעמ,,,יח`,1,,false,1,5.90,5.90,false,1,
7290010051311,false,סלרי חתוך,א.אדמה (2007) בעמ,,,יח`,1,,false,1,6.90,6.90,false,1,
7290010051328,false,חסה באק צ`וי א. אדמה,א.אדמה (2007) בעמ,,,יח`,1,,false,1,12.90,12.90,false,1,
7290010051335,false,בצל ירוק,א.אדמה (2007) בעמ,,,יח`,1,,false,1,5.90,5.90,false,1,
7290010051373,false,לבבות חסה בשקית,א.אדמה (2007) בעמ,,,יח`,1,,false,1,10.90,10.90,false,1,
7290010051403,false,שיבה,א.אדמה (2007) בעמ,,,יח`,1,,false,1,5.90,5.90,false,1,
7290010051434,false,חסה סלנובה,א.אדמה (2007) בעמ,,,יח`,1,,false,1,11.90,11.90,false,1,
7290010051687,false,רוזמרין ארוז,א.אדמה (2007) בעמ,,,יח`,300,גרם,false,1,5.90,1.97,false,1,
7290010051724,false,מלפפון בייבי,א.אדמה (2007) בעמ,,,יח`,1,,false,1,9.90,9.90,false,1,
7290010060603,false,סרקל מעצב 1250 מל,פישר תעשיות פרמצבטיות בעמ,,,יח`,1.25,1 ליטר,false,1,29.90,23.92,false,1,
7290010065295,false,מחית פרינוק תפו,גורי מוצרי צריכה (1991) בעמ,,,יח`,130,גרם,false,1,5.90,4.54,true,1,
7290010065332,false,מחית פרינוק 190 גר`,גורי מוצרי צריכה (1991) בעמ,,,יח`,190,גרם,false,1,6.60,3.47,true,1,
7290010065349,false,מחית סלט פירות שלב 3 פרינוק (190 גרם),גורי מוצרי צריכה (1991) בעמ,,,יח`,190,גרם,false,1,6.60,3.47,true,1,
7290010065745,false,מחית לפתן פירות שלב 3 פרינוק (190 גרם),גורי מוצרי צריכה (1991) בעמ,,,יח`,190,גרם,false,1,6.60,3.47,true,1,
7290010066001,false,פילטונה טונה בשמן צמחי 960 גרם,פילטונה תעשיות בעמ,,,יח`,960,גרם,false,1,34.90,3.64,false,1,
7290010066513,false,טונה בשמן צמחי 158  גר`רביעייה פילטונה,פילטונה תעשיות בעמ,,,יח`,632,גרם,false,1,22.90,3.62,false,1,
7290010066575,false,טונה במי מלח 158  גר`רביעייה פילטונה,פילטונה תעשיות בעמ,,,יח`,632,גרם,false,1,22.90,3.62,false,1,
7290010066582,false,טונה בשמן קנולה 158  גר`רביעייה פילטונה,פילטונה תעשיות בעמ,,,יח`,632,גרם,false,1,22.90,3.62,false,1,
7290010066599,false,פילטונה נתחי טונה בשמן זית רביעייה,פילטונה תעשיות בעמ,,,יח`,640,גרם,false,1,27.90,4.36,false,1,
7290010118328,false,חטיף צ`יפס בטעם טבעי תפוצ`יפס (40x6 גרם),שטראוס פריטו ליי בעמ,,,יח`,240,גרם,false,1,12.90,5.38,false,1,
7290010124107,false,סטייק בורגר 400  גר`בלדי,בלדי בעמ,,,יח`,400,גרם,false,1,15.90,3.98,false,1,
7290010124503,false,שומן כבש 200,בלדי בעמ,,,יח`,200,גרם,false,1,9.90,4.95,false,1,
7290010129003,false,עוגיות אוזניים דולצ`ה ויטה 600 גר,שיבולים יצור ושיווק מוצרי מאפה,,,יח`,600,גרם,false,1,19.90,3.32,false,1,
7290010129010,false,עוגיות כתר ריבה דולצ`ה ויטה (600 גרם),שיבולים יצור ושיווק מוצרי מאפה,,,יח`,600,גרם,false,1,19.90,3.32,false,1,
7290010129027,false,עוגיות מרוקאיות דולצ`ה ויטה (600 גרם),שיבולים יצור ושיווק מוצרי מאפה,,,יח`,600,גרם,false,1,19.90,3.32,false,1,
7290010129300,false,עוגיות רייף 350  גר`אנג`ל,שיבולים יצור ושיווק מוצרי מאפה,,,יח`,350,גרם,false,1,15.90,4.54,false,1,
7290010129348,false,עוגיות שוקולד דולצ`ה ויטה (600 גרם),שיבולים יצור ושיווק מוצרי מאפה,,,יח`,600,גרם,false,1,19.90,3.32,false,1,
7290010129553,false,עוגיות רולדה תמרים דולצ`ה ויטה (600 גרם),שיבולים יצור ושיווק מוצרי מאפה,,,יח`,600,גרם,false,1,19.90,3.32,false,1,
7290010129652,false,עוגיות לקפה 350  גר`אנג`ל,שיבולים יצור ושיווק מוצרי מאפה,,,יח`,350,גרם,false,1,15.90,4.54,false,1,
7290010129676,false,עוגיות מרוקאיות 350  גר`אנגל,שיבולים יצור ושיווק מוצרי מאפה,,,יח`,350,גרם,false,1,15.90,4.54,false,1,
7290010129720,false,עוגיות רוגלך קינמון 400 גר`,שיבולים יצור ושיווק מוצרי מאפה,,,יח`,400,גרם,false,1,11.90,2.98,false,1,
7290010129942,false,עוגת קרנץ טעם שוקולד 500 גר`,שיבולים יצור ושיווק מוצרי מאפה,,,יח`,500,גרם,false,1,12.90,2.58,false,1,
7290010129959,false,עוגיות רוגלך טעם שוקולד 400 גר`,שיבולים יצור ושיווק מוצרי מאפה,,,יח`,400,גרם,false,1,11.90,2.98,false,1,
7290010153503,false,שעועית ענק מיה (400 גרם),מיה תעשיות מזון מ.ת.מ. בעמ,,,יח`,400,גרם,false,1,11.90,2.98,false,1,
7290010153510,false,בורגול מיה (500 גרם),מיה תעשיות מזון מ.ת.מ. בעמ,,,יח`,500,גרם,false,1,5.90,1.18,true,1,
7290010153534,false,קמח תירס 400 גר`,מיה תעשיות מזון מ.ת.מ. בעמ,,,יח`,400,גרם,false,1,6.90,1.73,false,1,
7290010153688,false,חומץ טבעי מיה (1 ליטר),מיה תעשיות מזון מ.ת.מ. בעמ,,,יח`,1,1 ליטר,false,1,7.90,7.90,false,1,
7290010153770,false,ציפוי לשניצל פיקנטי 500  גר`מיה,מיה תעשיות מזון מ.ת.מ. בעמ,,,יח`,500,גרם,false,1,11.90,2.38,true,1,
7290010153787,false,ציפוי לשניצל עם שומשום 500  גר`מיה,מיה תעשיות מזון מ.ת.מ. בעמ,,,יח`,500,גרם,false,1,11.90,2.38,true,1,
7290010153794,false,ציפוי לשניצל עם עשבי תיבול 500  גר`מיה,מיה תעשיות מזון מ.ת.מ. בעמ,,,יח`,500,גרם,false,1,11.90,2.38,true,1,
7290010153800,false,ציפוי לשניצל עם תיבול עדין מיה (500 גרם),מיה תעשיות מזון מ.ת.מ. בעמ,,,יח`,500,גרם,false,1,11.90,2.38,true,1,
7290010153817,false,ריבת חלב מיה (400 גרם),מיה תעשיות מזון מ.ת.מ. בעמ,,,יח`,400,גרם,false,1,13.90,3.48,false,1,
7290010154012,false,לימון בלאדי תבליני ביטון יוחאי (250 גרם),נטו מלינדה סחר בעמ,,,יח`,250,גרם,false,1,15.90,6.36,true,1,
7290010154029,false,אריסה מתוקה תבליני ביטון יוחאי (250 גרם),נטו מלינדה סחר בעמ,,,יח`,250,גרם,false,1,14.90,5.96,true,1,
7290010154036,false,עמבה תבליני ביטון יוחאי (250 גרם),נטו מלינדה סחר בעמ,,,יח`,250,גרם,false,1,13.90,5.56,true,1,
7290010154265,false,פלפל צ`ומה תבליני ביטון יוחאי (250 גרם),נטו מלינדה סחר בעמ,,,יח`,250,גרם,false,1,14.90,5.96,true,1,
7290010154425,false,סחוג ירוק 130 גר ביטון,נטו מלינדה סחר בעמ,,,יח`,130,גרם,false,1,8.90,6.85,true,1,
7290010195268,false,פופקורן פופסטאר חמישייה מופחת שומן טבעי,דנשר (1963) בעמ,,,יח`,425,גרם,false,1,16.90,3.98,true,1,
7290010195275,false,פופקורן פופסטאר חמישייה מופחת שומן חמאה,דנשר (1963) בעמ,,,יח`,425,גרם,false,1,16.90,3.98,true,1,
7290010237685,false,בירה הייניקן 330 בקבוק,טמפו משקאות בעמ,,,יח`,330,גרם,false,1,10.10,2.97,false,1,
7290010237890,false,בירה היינקן (500 מל),טמפו משקאות בעמ,,,יח`,500,גרם,false,1,8.50,1.46,false,1,
7290010259311,false,קרם קוקוס 400 גר`,ג.וילי-פוד אינטרנשיונל בעמ,,,יח`,400,גרם,false,1,6.90,1.73,false,1,
7290010259359,false,נודלס ביצים להקצפה וילי פוד (200 גרם),ג.וילי-פוד אינטרנשיונל בעמ,,,יח`,200,גרם,false,1,4.90,2.45,false,1,
7290010259366,false,נודלס מסולסלות וילי פוד (200 גרם),ג.וילי-פוד אינטרנשיונל בעמ,,,יח`,200,גרם,false,1,4.90,2.45,false,1,
7290010259830,false,מנת השף מרק+נודלס פיקנטי,ג.וילי-פוד אינטרנשיונל בעמ,,,יח`,70,גרם,false,1,4.90,7,false,1,
7290010259991,false,צנימים וילי פוד (250 גרם),ג.וילי-פוד אינטרנשיונל בעמ,,,יח`,250,גרם,false,1,7.90,3.16,true,1,
7290010278916,false,שקית 10 מודפס,שמחה זה אנחנו בעמ,,,יח`,1,,false,1,8.90,8.90,false,1,
7290010328093,false,ממרח חלבה אחוה (400 גרם),אחדות בעמ,,,יח`,400,גרם,false,1,9.90,2.48,false,1,
7290010328239,false,טחינה מתובלת משומשום טבעי אחוה (500 גרם),אחדות בעמ,,,יח`,500,גרם,false,1,11.90,2.38,false,1,
7290010328246,false,טחינה משומשום מלא אחוה (500 גרם),אחדות בעמ,,,יח`,500,גרם,false,1,10.90,2.18,true,1,
7290010328253,false,טחינה משומשום טבעי אחוה (500 גרם),אחדות בעמ,,,יח`,500,גרם,false,1,10.90,2.18,true,1,
7290010328468,false,מיני חלווה ב 3 טעמים אחוה,אחדות בעמ,,,יח`,216,גרם,false,1,10.90,5.05,true,1,
7290010328505,false,חטיפי מיני חלוה ללתס 15 יח`,אחדות בעמ,,,יח`,1,,false,1,10.90,10.90,true,1,
7290010328680,false,עוגה בטעם שוקולד עם שוקוצ`יפס מריר ולבן,אחדות בעמ,,,יח`,450,גרם,false,1,10.90,2.42,true,1,
7290010328710,false,קצפיות במגש 180  גר`אחוה,אחדות בעמ,,,יח`,180,גרם,false,1,7.90,4.39,false,1,
7290010328727,false,טחינה עם שוקולד 400 גר אחוה,אחדות בעמ,,,יח`,400,גרם,false,1,9.90,2.48,false,1,
7290010328901,false,מאפין בטעם וניל 45  גר`אחוה,אחדות בעמ,,,יח`,45,גרם,false,1,1.90,4.22,true,1,
7290010382811,false,נטורל פורמולה לחות תלתלים,החברה הדרומית לשיווק בעמ,,,יח`,500,גרם,false,1,24.90,4.98,true,1,
7290010471669,false,דנונה פרי בר קורנפלקס,שטראוס גרופ בעמ/מצונן,,,יח`,175,גרם,false,1,4.40,2.51,false,1,
7290010472307,false,משקה יוגורט תות בננה גמדים (100x8 מל),שטראוס גרופ בעמ/מצונן,,,יח`,800,גרם,false,1,20,2.50,false,1,
7290010472390,false,דני שמיניה,שטראוס גרופ בעמ/מצונן,,,יח`,1,1 ליטר,false,1,16.40,16.40,true,1,
7290010535415,false,מברשת לצביעת שיער 3 יח`,קונסיגנציה- ש. י גיספאן 1993,,,יח`,1,,false,1,10.90,10.90,false,1,
7290010546152,false,גרנולה תמרים 400  גר`מנדל,גורי מוצרי צריכה (1991) בעמ,,,יח`,400,גרם,false,1,19.90,4.98,false,1,
7290010627004,false,טחינה ירושלים 500 גר`,תה ויסוצקי (ישראל) בעמ,,,יח`,500,גרם,false,1,15.90,3.18,true,1,
7290010627844,false,טחינה ירושלים 500 גר` שומשום מלא,תה ויסוצקי (ישראל) בעמ,,,יח`,500,גרם,false,1,15.90,3.18,true,1,
7290010632787,false,צימרוני אוזניים מעץ אינטרסן) (300,אינטרסן 1996 בעמ,,,יח`,300,יח`,false,1,4.90,0.02,false,1,
7290010656615,false,תירוש ענבים מוסקט טבעי אפרת (1 ליטר),יקב טפרברג 1870 בעמ (יינות ומש,,,יח`,1,1 ליטר,false,1,19.90,19.90,true,1,
7290010690527,false,כרוב  על- קייל,א.אדמה (2007) בעמ,,,יח`,1,,false,1,11.90,11.90,false,1,
7290010711123,false,4 כרות פלדה מתכת shiny,מ.א.ייצור ויבוא מטליות בעמ,,,יח`,1,,false,1,5.90,5.90,false,1,
7290010711208,false,גליל מטליות צהוב 40 יח shiny,מ.א.ייצור ויבוא מטליות בעמ,,,יח`,1,,false,1,17.90,17.90,false,1,
7290010711253,false,4 מטליות מיקרו לניקוי כללי shiny,מ.א.ייצור ויבוא מטליות בעמ,,,יח`,1,,false,1,6.90,6.90,false,1,
7290010711543,false,כף אשפה עם גומי,מ.א.ייצור ויבוא מטליות בעמ,,,יח`,1,,false,1,5.90,5.90,false,1,
7290010711550,false,דלי איטלקי עם פיה יוגב,מ.א.ייצור ויבוא מטליות בעמ,,,יח`,1,,false,1,11.90,11.90,false,1,
7290010711901,false,מטליות מיקרו רצפה שלישייה shiny,מ.א.ייצור ויבוא מטליות בעמ,,,יח`,1,,false,1,13.90,13.90,false,1,
7290010711918,false,מטליות מיקרו לניקוי כללי מעוצבות shiny,מ.א.ייצור ויבוא מטליות בעמ,,,יח`,1,,false,1,7.90,7.90,false,1,
7290010711932,false,מטליות תשיעייה רב שימושיות פרימיום shiny,מ.א.ייצור ויבוא מטליות בעמ,,,יח`,1,,false,1,7.90,7.90,false,1,
7290010715336,false,להבונים טיפ טופ פאלאס) (50,פאלאס תעשיות נטו (2014) בעמ,,,יח`,50,יח`,false,1,10.90,0.22,false,1,
7290010748860,false,קרם ידיים אפקטיב קר,פישר תעשיות פרמצבטיות בעמ,,,יח`,150,גרם,false,1,18.90,12.60,true,1,
7290010760909,false,בורקס פיצה 600  גר`אריאל,מאפיית אריאל בעמ,,,יח`,600,גרם,false,1,21.90,3.65,false,1,
7290010777099,false,פיתות במרקם מיוחד פיתה אקספרס) (8,מגוון שיווק והפצת מאפים בעמ,,,יח`,800,גרם,false,1,11.30,1.41,false,1,
7290010777297,false,פיתות ביס פיתה אקספרס (10  יח`- 600 גרם),מגוון שיווק והפצת מאפים בעמ,,,יח`,0.01,1 ליטר,false,1,12.90,1290,false,1,
7290010777358,false,פיתות מכוסמין מלא פיתה אקספרס) (8,מגוון שיווק והפצת מאפים בעמ,,,יח`,1,,false,1,15.90,15.90,false,1,
7290010777488,false,ביס מקמח מלא מחמצת 99 קלוריות 10 יח`,מגוון שיווק והפצת מאפים בעמ,,,יח`,1,,false,1,15.90,15.90,false,1,
7290010777525,false,חוכמת הפיתה,מגוון שיווק והפצת מאפים בעמ,,,יח`,0,גרם,false,1,15.90,15.90,false,1,
7290010838219,false,סטיביה מרמולייט (100),דנשר (1963) בעמ,,,יח`,100,יח`,false,1,27.90,0.28,true,1,
7290010838431,false,טואלט דאק 750 מל זוג,דנשר (1963) בעמ,,,יח`,1.50,1 ליטר,false,1,18.90,12.60,true,1,
7290010883356,false,כפפות אלוורה גדול סנו סושי,החברה הדרומית לשיווק בעמ,,,יח`,1,,false,1,10.90,10.90,true,1,
7290010883363,false,כפפות אלוורה קטן סנו סושי,החברה הדרומית לשיווק בעמ,,,יח`,1,,false,1,10.90,10.90,true,1,
7290010922871,false,טחון בקר 1 קג ארוז קפוא-אשפר,בלדי בעמ,,,יח`,1000,גרם,false,1,29.90,2.99,false,1,
7290010922895,false,המבורגר בקר 400  גר`ארוז אשפר,בלדי בעמ,,,יח`,400,גרם,false,1,13.90,3.48,false,1,
7290010922901,false,קבב מזרחי  קפוא( 400  גר`)ארוז אשפר .,בלדי בעמ,,,יח`,400,גרם,false,1,13.90,3.48,false,1,
7290010922918,false,סטייק מינוט 250 גר ארוז אשפר,בלדי בעמ,,,יח`,250,גרם,false,1,29.90,11.96,true,1,
7290010931330,false,מטבוחה אחלה (500 גרם),שטראוס גרופ בעמ/מצונן,,,יח`,500,גרם,false,1,14.90,2.98,true,1,
7290010945146,false,קוטג`3% מועשר 250 גר`,החב` המרכזית - טרה,,,יח`,250,גרם,false,1,5.60,2.24,false,1,
7290010945450,false,גבינה לבנה 3% 250  גר`פיקוח,החב` המרכזית - טרה,,,יח`,250,גרם,false,1,4.98,1.99,false,1,
7290010945481,false,גבינה לבנה 5% 500  גר`פיקוח,החב` המרכזית - טרה,,,יח`,500,גרם,false,1,9.96,1.99,false,1,
7290011015862,false,סירופ דיאט 750 מל בטעם לימונענע פריגת,החברה המרכזית להפצת משקאות בעמ,,,יח`,750,גרם,false,1,22.90,3.05,false,1,
7290011017866,false,פחית קולה סליק קוקה-קולה (330 מל),החברה המרכזית להפצת משקאות בעמ,,,יח`,330,גרם,false,1,3.90,1.09,true,1,
7290011017873,false,פחית זירו סליק קוקה-קולה (330 מל),החברה המרכזית להפצת משקאות בעמ,,,יח`,330,גרם,false,1,3.90,1.09,true,1,
7290011017880,false,פחית דיאט קולה סליק קוקה-קולה (330 מל),החברה המרכזית להפצת משקאות בעמ,,,יח`,330,גרם,false,1,3.90,1.09,true,1,
7290011026523,false,קמיל בלו סנסיטיב 500 מל,פישר תעשיות פרמצבטיות בעמ,,,יח`,500,גרם,false,1,20.90,4.18,false,1,
7290011026530,false,קמיל בלו סנסיטיב 500 מל,פישר תעשיות פרמצבטיות בעמ,,,יח`,500,גרם,false,1,20.90,4.18,false,1,
7290011051525,false,ספרינג תה קר 0.5 ליטר אפרסק,יפאורה,,,יח`,500,גרם,false,1,5.90,1.12,true,1,
7290011115159,false,סבון מוצק לחות נקה 7 רביעייה,החברה הדרומית לשיווק בעמ,,,יח`,400,גרם,false,1,10.90,2.73,true,1,
7290011115166,false,תחליב רחצה לבנדר נקה  (17 ליטר),החברה הדרומית לשיווק בעמ,,,יח`,1,1 ליטר,false,1,12.90,12.90,false,1,
7290011115203,false,סבון מוצק נקה 7 רביעייה,החברה הדרומית לשיווק בעמ,,,יח`,400,גרם,false,1,10.90,2.73,true,1,
7290011115258,false,סבון מוצק נקה 7 רביעייה,החברה הדרומית לשיווק בעמ,,,יח`,400,גרם,false,1,10.90,2.73,true,1,
7290011115289,false,סבון מוצק נקה 7 רביעייה,החברה הדרומית לשיווק בעמ,,,יח`,400,גרם,false,1,10.90,2.73,true,1,
7290011126452,false,תה קמומיל ונענע ויסוצקי הגן הקסום) (25,תה ויסוצקי (ישראל) בעמ,,,יח`,37.50,גרם,false,1,17.50,46.67,true,1,
7290011126469,false,תה קמומיל ודבש ויסוצקי הגן הקסום) (25,תה ויסוצקי (ישראל) בעמ,,,יח`,37.50,גרם,false,1,17.50,46.67,true,1,
7290011131371,false,מוזלי קראנצ`י שקדים ואגוזים גרין (1 קג),משה סידס ובנו בעמ,,,יח`,1,"ק""ג",false,1,25.90,25.90,true,1,
7290011131654,false,מוזלי קראנצ`י ביג מיקס גרין (1 קג),משה סידס ובנו בעמ,,,יח`,1,"ק""ג",false,1,25.90,25.90,true,1,
7290011132507,false,סאן בנדטו מוגז עדין בודד 500 מל,טמפו משקאות בעמ,,,יח`,500,גרם,false,1,3.30,0.60,false,1,
7290011133368,false,בירה שנדי תפוח מכבי (330x6 מל),טמפו משקאות בעמ,,,יח`,1.98,1 ליטר,false,1,36.90,17.73,true,1,
7290011133375,false,בירה שנדי אפרסק מכבי (330x6 מל),טמפו משקאות בעמ,,,יח`,1.98,1 ליטר,false,1,36.90,17.73,true,1,
7290011142001,false,לחם שיפון 550 גר`,מאפיית דואט בעמ,,,יח`,550,גרם,false,1,11.90,2.16,false,1,
7290011142148,false,מארז לחמניות 450  גר`דואט,מאפיית דואט בעמ,,,יח`,1,,false,1,11.90,11.90,false,1,
7290011142193,false,מארז לחמניות מתוקות 450  גר`דואט,מאפיית דואט בעמ,,,יח`,1,,false,1,11.90,11.90,false,1,
7290011142315,false,לחם מרוקאי מסורתי 550 גר`,מאפיית דואט בעמ,,,יח`,550,גרם,false,1,13.90,2.53,false,1,
7290011142445,false,לחם כוסמין,מאפיית דואט בעמ,,,יח`,0,גרם,false,1,14.90,14.90,false,1,
7290011142650,false,לחם שיפון  (900100%  גר`),מאפיית דואט בעמ,,,יח`,900,גרם,false,1,14.90,1.66,false,1,
7290011148805,false,שעועית טריה ירקט,ירקט ירקות צעירים ארוזים בעמ,,,יח`,1,,false,1,12.90,12.90,false,1,
7290011174866,false,צ`יפס בטטה 700  גר`פרי גליל,ויטה -פרי גליל (החדשה) בעמ,,,יח`,700,גרם,false,1,16.90,2.41,false,1,
7290011194215,false,דניאלה מעדן בטעם בננה שטראוס (88 גרם),שטראוס גרופ בעמ/מצונן,,,יח`,150,גרם,false,1,4,2.67,false,1,
7290011194246,false,גבינת  קוטג`5% שטראוס (250 גרם),שטראוס גרופ בעמ/מצונן,,,יח`,250,גרם,false,1,5.90,2.36,false,1,
7290011215415,false,מיני סופגניה פילסברי,קונסיגנציה ג`נרל מילס ישראל בע,,,יח`,1,,false,1,2.90,2.90,false,1,
7290011223021,false,רפידות הנקה באריזה אישית פרש וואנס (30),דנשר (1963) בעמ,,,יח`,1,,false,1,18.90,18.90,true,1,
7290011223038,false,עלים לקרמשניט 300 גר`,דנשר (1963) בעמ,,,יח`,300,גרם,false,1,17.90,5.97,true,1,
7290011223045,false,בישקוטים ליידיפינגרז בונומי (200 גרם),דנשר (1963) בעמ,,,יח`,200,גרם,false,1,7.90,3.95,true,1,
7290011223229,false,ג`ל לאסלה טיפות טל טואלט דאק (55 מל),דנשר (1963) בעמ,,,יח`,55,גרם,false,1,12.90,23.45,true,1,
7290011223243,false,ג`ל לאסלה לבנדר טואלט דאק (55 מל),דנשר (1963) בעמ,,,יח`,55,גרם,false,1,12.90,23.45,true,1,
7290011254032,false,קינואה מיה (500 גרם),מיה תעשיות מזון מ.ת.מ. בעמ,,,יח`,500,גרם,false,1,19.90,3.98,true,1,
7290011254254,false,שוקו צ`יפס בטעם שוקולד מיה (300 גרם),מיה תעשיות מזון מ.ת.מ. בעמ,,,יח`,300,גרם,false,1,7.90,2.63,false,1,
7290011254346,false,קינואה מיה (1 קג),מיה תעשיות מזון מ.ת.מ. בעמ,,,יח`,1,"ק""ג",false,1,29.90,29.90,true,1,
7290011254452,false,סוכריות ללס טעם מנטה 80 גר`,מיה תעשיות מזון מ.ת.מ. בעמ,,,יח`,80,גרם,false,1,8.90,11.13,false,1,
7290011254490,false,סוכריות ללס טעם פירות יער 80 גר`,מיה תעשיות מזון מ.ת.מ. בעמ,,,יח`,80,גרם,false,1,8.90,11.13,false,1,
7290011254605,false,תערובת לקדירה לקט חמין 600 גר`,מיה תעשיות מזון מ.ת.מ. בעמ,,,יח`,600,גרם,false,1,13.90,2.32,false,1,
7290011254698,false,שמן זית כתית מעולה (750 מל),מיה תעשיות מזון מ.ת.מ. בעמ,,,יח`,750,גרם,false,1,30.90,4.12,true,1,
7290011254728,false,ג`לטין טהור 25 גר`,מיה תעשיות מזון מ.ת.מ. בעמ,,,יח`,25,גרם,false,1,11.90,47.60,false,1,
7290011254773,false,שעועית ארגנטינאית מיה (500 גרם),מיה תעשיות מזון מ.ת.מ. בעמ,,,יח`,500,גרם,false,1,11.90,2.38,false,1,
7290011254780,false,שעועית ארגנטינאית 1 קג,מיה תעשיות מזון מ.ת.מ. בעמ,,,יח`,1,"ק""ג",false,1,19.90,19.90,true,1,
7290011378028,false,חלבה בארכה ללס 350 גר`,קבוצת אסם סחר שות. מוגבלת,,,יח`,350,גרם,false,1,14.90,4.26,false,1,
7290011378233,false,מאגת חלבה ללא סוכר ווניל,קבוצת אסם סחר שות. מוגבלת,,,יח`,1,,false,1,11.90,11.90,true,1,
7290011438142,false,משקה בטעם קפה בקבוק 350,שטראוס גרופ בעמ/מצונן,,,יח`,350,גרם,false,1,6.30,1.80,false,1,
7290011447120,false,תחליף חלב מהדרין מטרנה (700 גרם),קבוצת אסם סחר שות. מוגבלת,,,יח`,700,גרם,false,1,47.90,6.84,false,1,
7290011447267,false,תחליף חלב שלב 1 חלבי מטרנה (700 גרם),קבוצת אסם סחר שות. מוגבלת,,,יח`,700,גרם,false,1,49.90,7.13,true,1,
7290011447281,false,תחליף חלב שלב 2 חלבי מטרנה (700 גרם),קבוצת אסם סחר שות. מוגבלת,,,יח`,700,גרם,false,1,49.90,7.13,true,1,
7290011447304,false,תחליף חלב שלב 3 חלבי מטרנה (700 גרם),קבוצת אסם סחר שות. מוגבלת,,,יח`,700,גרם,false,1,49.90,7.13,true,1,
7290011447359,false,תחליף חלב שלב 1 מהדרין מטרנה (700 גרם),קבוצת אסם סחר שות. מוגבלת,,,יח`,700,גרם,false,1,49.90,7.13,true,1,
7290011447373,false,תחליף חלב שלב 2 מהדרין מטרנה (700 גרם),קבוצת אסם סחר שות. מוגבלת,,,יח`,700,גרם,false,1,49.90,7.13,true,1,
7290011499105,false,גבינה בולגרית 5% גד (250 גרם),מחלבות גד שיווק 1992 בעמ,,,יח`,250,גרם,false,1,23.90,9.56,false,1,
7290011499112,false,גבינה בולגרית 16% גד (250 גרם),מחלבות גד שיווק 1992 בעמ,,,יח`,250,גרם,false,1,22.90,9.16,false,1,
7290011499129,false,בולגרית לסלט 5% 200 גר`,מחלבות גד שיווק 1992 בעמ,,,יח`,200,גרם,false,1,21.90,10.95,false,1,
7290011499327,false,גבינה בולגרית מעודנת 5% גד (250 גרם),מחלבות גד שיווק 1992 בעמ,,,יח`,250,גרם,false,1,22.90,9.16,false,1,
7290011499358,false,גבינה פטה עיזים 20% גד (200 גרם),מחלבות גד שיווק 1992 בעמ,,,יח`,200,גרם,false,1,26.90,13.45,false,1,
7290011499365,false,גבינת חלומי 24% מחלב בקר גד (200 גרם),מחלבות גד שיווק 1992 בעמ,,,יח`,200,גרם,false,1,21.90,10.95,false,1,
7290011499419,false,גבינת במרקם שמנת 5% טבעי גד,מחלבות גד שיווק 1992 בעמ,,,יח`,200,גרם,false,1,11.90,5.95,false,1,
7290011499525,false,לאבנה דרוזית 9% גד (500 גרם),מחלבות גד שיווק 1992 בעמ,,,יח`,500,גרם,false,1,19.90,3.98,false,1,
7290011499624,false,גבינת שמנת 30% 200  גר`גד,מחלבות גד שיווק 1992 בעמ,,,יח`,200,גרם,false,1,12.90,6.45,true,1,
7290011499853,false,גבינת שמנת 30% זיתים 200  גר`גד,מחלבות גד שיווק 1992 בעמ,,,יח`,200,גרם,false,1,12.90,6.45,true,1,
7290011515911,false,מאגדת לייט ריבת חלב 6 יח`,נגה גלידות שותפות מוגבלת,,,יח`,312,גרם,false,1,27.90,8.94,false,1,
7290011518561,false,אקטימל בטעם תות דנונה (100x14 מל),שטראוס גרופ בעמ/מצונן,,,יח`,1.40,1 ליטר,false,1,29.90,21.36,false,1,
7290011524548,false,גרגרי חומוס מוקפאים 800  גר`פרי גליל,ויטה -פרי גליל (החדשה) בעמ,,,יח`,800,גרם,false,1,9.90,1.24,false,1,
7290011524555,false,שעועית לבנה מבושלת קפוא 800  גר`פרי גליל,ויטה -פרי גליל (החדשה) בעמ,,,יח`,800,גרם,false,1,9.90,1.24,false,1,
7290011525316,false,תחליב לתינוק קמיל בלו סנסיטיב 500 מל,פישר תעשיות פרמצבטיות בעמ,,,יח`,500,גרם,false,1,30.90,6.18,false,1,
7290011525712,false,קמיל בלו סנסטיב אל סבון,פישר תעשיות פרמצבטיות בעמ,,,יח`,1,1 ליטר,false,1,32.90,32.90,true,1,
7290011525729,false,קמיל בלו סנסטיב שמפו,פישר תעשיות פרמצבטיות בעמ,,,יח`,1,1 ליטר,false,1,32.90,32.90,true,1,
7290011530488,false,שייק איט) (150*3,בלדי בעמ,,,יח`,450,גרם,false,1,29.90,6.64,true,1,
7290011530549,false,שייק איט) (150*3,בלדי בעמ,,,יח`,450,גרם,false,1,29.90,6.64,true,1,
7290011575007,false,הפי למקלחון מחליק  מים- שקוף,יעקב יעקבי ובניו בעמ,,,יח`,750,גרם,false,1,18.90,2.52,false,1,
7290011587444,false,קראנצ`י+פירות 600 גר`ב תומר,תומר יבוא ושיווק מוצרי מזון (1,,,יח`,600,גרם,false,1,12.90,2.15,false,1,
7290011587451,false,גרנולה+פירות ואגוזים 600  גר`תומר,תומר יבוא ושיווק מוצרי מזון (1,,,יח`,600,גרם,false,1,12.90,2.15,false,1,
7290011587468,false,קראנצ`י+אגוז 600  גר`מוזלי תומר,תומר יבוא ושיווק מוצרי מזון (1,,,יח`,600,גרם,false,1,12.90,2.15,false,1,
7290011598211,false,סנו אנטי קאלק 4ב1 700 מל,החברה הדרומית לשיווק בעמ,,,יח`,700,גרם,false,1,15.90,2.27,true,1,
7290011598372,false,מטלית רצפה מיקרופייבר סנו סושי,החברה הדרומית לשיווק בעמ,,,יח`,1,יח`,false,1,11.90,11.90,false,1,
7290011598402,false,סנו מקסימה4 ליטר ורוד,החברה הדרומית לשיווק בעמ,,,יח`,4,1 ליטר,false,1,19.90,4.98,false,1,
7290011607197,false,קולון 5  קג`101 כתמים,רקיט בנקיזר (ניר איסט) בעמ,,,יח`,5,"ק""ג",false,1,39.90,7.98,false,1,
7290011618025,false,נגיסי אורז לתינוקות טעם טבעי,דנשר (1963) בעמ,,,יח`,1,,false,1,13.90,13.90,false,1,
7290011618124,false,בייבי ביס בטעם ירקות,דנשר (1963) בעמ,,,יח`,50,גרם,false,1,13.90,27.80,false,1,
7290011622428,false,חטיף בריאות לילדים כתמטמינים (45 גרם),גורי מוצרי צריכה (1991) בעמ,,,יח`,46,גרם,false,1,6.50,14.13,false,1,
7290011668143,false,מסכה משקמת פנינה רוזנבלום (1 ליטר),פנינה רוזנבלום בעמ,,,יח`,1,"ק""ג",false,1,30.90,30.90,false,1,
7290011668570,false,גרנולה פירות יבשים 500 גר פנינה רוזנבלום,פנינה רוזנבלום בעמ,,,יח`,500,גרם,false,1,29.90,5.98,true,1,
7290011765392,false,בוב ספוג שמפו לילדים כיף (750 מל).,החברה הדרומית לשיווק בעמ,,,יח`,750,גרם,false,1,10.90,1.45,true,1,
7290011765415,false,בוב ספוג מרכך שיער לילדים כיף (750 מל).,החברה הדרומית לשיווק בעמ,,,יח`,750,גרם,false,1,10.90,1.45,true,1,
7290011772468,false,אקונומיקה אמה 4 ליטר,עיסא ערטול בעמ,,,יח`,4000,גרם,false,1,8.90,0.22,false,1,
7290011800840,false,טחינה בלאדי רפי כהן צבר (400 גרם),קבוצת אסם סחר שות. מוגבלת,,,יח`,400,גרם,false,1,15.90,3.98,false,1,
7290011860271,false,ביסבול כדורי פירה תפוגן (700 גרם),קבוצת אסם סחר שות. מוגבלת,,,יח`,700,גרם,false,1,12.90,1.84,false,1,
7290011877088,false,סנו סושי רדיד אלומיניום,החברה הדרומית לשיווק בעמ,,,יח`,1,,false,1,14.90,14.90,false,1,
7290011877101,false,סנומוד מסק,החברה הדרומית לשיווק בעמ,,,יח`,150,גרם,false,1,10.90,7.27,true,1,
7290011877446,false,קרם נגד גירויים בייבי כיף,החברה הדרומית לשיווק בעמ,,,יח`,100,גרם,false,1,14.90,14.90,true,1,
7290011877842,false,אריזות ואקום לאיחסון,החברה הדרומית לשיווק בעמ,,,יח`,1,יח`,false,1,24.90,24.90,false,1,
7290011877859,false,אינסטלטור פותח סתימות סנו (200 גרם),החברה הדרומית לשיווק בעמ,,,יח`,200,גרם,false,1,14.90,7.45,true,1,
7290011931162,false,סוכרלוז נוזלי סוכרזית (220 מל),שטראוס גרופ בעמ,,,יח`,220,גרם,false,1,23.90,10.86,false,1,
7290011941260,false,קערה שקופה לסלט 8פאלאס,פאלאס תעשיות נטו (2014) בעמ,,,יח`,1,,false,1,5.90,5.90,false,1,
7290011941277,false,קערה שקופה לסלט9.5 פאלאס,פאלאס תעשיות נטו (2014) בעמ,,,יח`,1,,false,1,9.90,9.90,false,1,
7290011947309,false,זית סורי עם לימון כבוש זיתא (230 גרם),תה ויסוצקי (ישראל) בעמ,,,יח`,230,גרם,false,1,13.90,6.04,false,1,
7290011947316,false,זיתי קלמטה 215 גר,תה ויסוצקי (ישראל) בעמ,,,יח`,215,גרם,false,1,13.90,6.47,false,1,
7290011947521,false,זיתא בדץ כמ בטע 750 מל,תה ויסוצקי (ישראל) בעמ,,,יח`,750,גרם,false,1,27.90,3.72,false,1,
7290011947743,false,זית ירוק מיקס זית ירוק וזית קלמטה  זיתא(,תה ויסוצקי (ישראל) בעמ,,,יח`,217,גרם,false,1,13.90,6.41,false,1,
7290011947798,false,זית קלמטה ללא גלעין עם שמן זית כתית מעול,תה ויסוצקי (ישראל) בעמ,,,יח`,190,גרם,false,1,13.90,7.32,false,1,
7290011964344,false,שום גבישי 120 גר`,תבליני טעם וריח בעמ,,,יח`,120,גרם,false,1,9.90,8.25,true,1,
7290011964689,false,תיבול על האש 100 גר`,תבליני טעם וריח בעמ,,,יח`,100,גרם,false,1,9.90,9.90,true,1,
7290011964702,false,תיבול לשווארמה 100 גר`,תבליני טעם וריח בעמ,,,יח`,100,גרם,false,1,9.90,9.90,true,1,
7290011969158,false,מגבונים לחים טייגר חמישייה 72 יח,פאלאס תעשיות נטו (2014) בעמ,,,יח`,5,יח`,false,1,12.90,2.58,false,1,
7290011996062,false,אורז לסושי טעמי אסיה (1 קג),טחנת האבן קואופ בעמ,,,יח`,1,"ק""ג",false,1,13.90,13.90,true,1,
7290011996123,false,אצות נורי גולד טעמי אסיה) (10,טחנת האבן קואופ בעמ,,,יח`,25,גרם,false,1,11.90,47.60,true,1,
7290011996512,false,אטריות אורז 3 סמ טעמי אסיה (400 גרם),טחנת האבן קואופ בעמ,,,יח`,400,גרם,false,1,10.90,2.73,false,1,
7290011996604,false,רוטב פאד תאי טעמי אסיה (300 מל),טחנת האבן קואופ בעמ,,,יח`,366,גרם,false,1,18.90,5.16,false,1,
7290011996703,false,טעם אסיה אצות וקאמה 100גר,טחנת האבן קואופ בעמ,,,יח`,100,גרם,false,1,12.90,12.90,false,1,
7290011996758,false,קמח טמפורה כשר מזרח ומערב 500 גר`,טחנת האבן קואופ בעמ,,,יח`,500,גרם,false,1,11.90,2.38,false,1,
7290012001994,false,חרדל דיגון גרעינים 350 גרם,דיפלומט היינץ,,,יח`,340,גרם,false,1,12.90,3.79,false,1,
7290012022050,false,קריספיות חיטה מלאה,דילייט 2005 בעמ,,,יח`,75,גרם,false,1,13.90,18.53,false,1,
7290012022067,false,קריספיות קידס 30 גרם,דילייט 2005 בעמ,,,יח`,30,גרם,false,1,10.90,36.33,false,1,
7290012025822,false,סלק( 400  גר`)אסלי,סלטי שמיר 2006 בעמ,,,יח`,400,גרם,false,1,9.90,2.48,true,1,
7290012025839,false,סלט  מטבוחה( 400  גר`)אסלי,סלטי שמיר 2006 בעמ,,,יח`,400,גרם,false,1,9.90,2.48,true,1,
7290012071003,false,קמיל בלו משחה לתינוק דר. פישר (200 גרם),פישר תעשיות פרמצבטיות בעמ,,,יח`,100,גרם,false,1,19.90,19.90,false,1,
7290012116070,false,כיף אלסבון פיות אלוורה 750 מל`,החברה הדרומית לשיווק בעמ,,,יח`,750,גרם,false,1,10.90,1.45,true,1,
7290012116551,false,אנטי קאלק מנקה כללי סנו (2 ליטר),החברה הדרומית לשיווק בעמ,,,יח`,2,1 ליטר,false,1,19.90,9.95,true,1,
7290012116612,false,מברשת שיניים אורביטול) (4,החברה הדרומית לשיווק בעמ,,,יח`,1,,false,1,11.90,11.90,true,1,
7290012117091,false,סנו מקסימה 6 קג,החברה הדרומית לשיווק בעמ,,,יח`,6,"ק""ג",false,1,49.90,8.32,true,1,
7290012117275,false,סנוקליר שקית מילוי 750 מל,החברה הדרומית לשיווק בעמ,,,יח`,750,גרם,false,1,5.90,0.79,false,1,
7290012117411,false,קרמה ג`ל רחצה לגבר 700 מל כתום,החברה הדרומית לשיווק בעמ,,,יח`,700,גרם,false,1,15,2.14,true,1,
7290012117428,false,ג`ל רחצה ושמפו מנטה לגבר קרמה (700 מל),החברה הדרומית לשיווק בעמ,,,יח`,700,גרם,false,1,15,2.14,true,1,
7290012117435,false,קרמה ג`ל רחצה לגבר 700 מל,החברה הדרומית לשיווק בעמ,,,יח`,700,גרם,false,1,15,2.14,true,1,
7290012117534,false,סנו מקסימה מרכך 1 ליטר כחול,החברה הדרומית לשיווק בעמ,,,יח`,1,1 ליטר,false,1,17.90,17.90,true,1,
7290012117558,false,סנו מקסימה מרכך 1 ליטר ורוד בהיר,החברה הדרומית לשיווק בעמ,,,יח`,1,1 ליטר,false,1,17.90,17.90,true,1,
7290012117732,false,סנו מקסימה4 ליטר,החברה הדרומית לשיווק בעמ,,,יח`,4,1 ליטר,false,1,19.90,4.98,false,1,
7290012117879,false,סנו קליר 750 מל לחלונות,החברה הדרומית לשיווק בעמ,,,יח`,750,גרם,false,1,9.90,1.32,true,1,
7290012117916,false,סנו אינסטלטור נוזלי 1 ליטר,החברה הדרומית לשיווק בעמ,,,יח`,1,1 ליטר,false,1,26.90,26.90,false,1,
7290012139598,false,חול לחתולים קיטי (10 קג),שחורי אריה ואנסטסיה,,,יח`,10,"ק""ג",false,1,49.90,4.99,false,1,
7290012159275,false,מיונז לינה (430 גרם),יורוסטנדרט בעמ,,,יח`,430,גרם,false,1,10,2.33,false,1,
7290012191985,false,גפרורים 10 יח`,אבאל יזמות בעמ,,,יח`,1,,false,1,2.50,2.50,false,1,
7290012191992,false,גפרורים ארוכים,אבאל יזמות בעמ,,,יח`,1,,false,1,5.90,5.90,true,1,
7290012193125,false,סוכרלוז טבליות מרמולייט (150),דנשר (1963) בעמ,,,יח`,150,גרם,false,1,32.90,21.93,true,1,
7290012193163,false,אל סבון פרחי בר ורוד פמילי (1 ליטר),דנשר (1963) בעמ,,,יח`,1,1 ליטר,false,1,14.90,14.90,true,1,
7290012212154,false,מלפפון במלח קטן צנצנת זכוכית,אבאל יזמות בעמ,,,יח`,560,גרם,false,1,11.90,2.13,false,1,
7290012226021,false,נקניק סלמי מעושן פראג זוגלובק (400 גרם),זוגלובק שיווק בעמ,,,יח`,400,גרם,false,1,21.90,5.48,false,1,
7290012226120,false,קבנוס זוגלובק (45x3 גרם),זוגלובק שיווק בעמ,,,יח`,135,גרם,false,1,11.90,8.81,true,1,
7290012226342,false,נקניקיה טבעונית עשירה בחלבון 460  גר`זוג,זוגלובק שיווק בעמ,,,יח`,460,גרם,false,1,27.90,6.07,true,1,
7290012227172,false,חרמון כפרית 300 גר`+ברביקיו 300 גר`,זוגלובק שיווק בעמ,,,יח`,600,גרם,false,1,33.90,5.65,true,1,
7290012227592,false,זוג חרמון כפרית  ותה- מחפוד,זוגלובק שיווק בעמ,,,יח`,600,גרם,false,1,34.90,5.82,false,1,
7290012227608,false,זוג חרמון כפרית וחרמון ברבקיו-מחפוד,זוגלובק שיווק בעמ,,,יח`,600,גרם,false,1,34.90,5.82,false,1,
7290012227912,false,קבנוס מעודן 135 גרם,זוגלובק שיווק בעמ,,,יח`,135,גרם,false,1,10.90,8.07,true,1,
7290012227998,false,חזה בקר 120  גר`זוגלובק,זוגלובק שיווק בעמ,,,יח`,120,גרם,false,1,13.50,11.25,true,1,
7290012309878,false,חלבה עם פיסטוקים 500  גר`ששון הקולה,דין שיווק וקליה 2021 בעמ,,,יח`,500,גרם,false,1,12.90,2.58,false,1,
7290012309939,false,חלבה מסולסלת 500 גר`,דין שיווק וקליה 2021 בעמ,,,יח`,500,גרם,false,1,16.90,3.38,true,1,
7290012352010,false,קרם לחות+שמן לשיער יבש,החברה הדרומית לשיווק בעמ,,,יח`,400,גרם,false,1,23.90,5.98,true,1,
7290012413636,false,תה ירוק צ`אי מסאלה ויסוצקי (25),תה ויסוצקי (ישראל) בעמ,,,יח`,37.50,גרם,false,1,24.90,66.40,true,1,
7290012454608,false,תן צ`אפ גלגלים 50 גר`,מיה תעשיות מזון מ.ת.מ. בעמ,,,יח`,60,גרם,false,1,3.90,6.50,false,1,
7290012470493,false,כובע רחצה 2 שכבות,קונסיגנציה- ש. י גיספאן 1993,,,יח`,1,,false,1,14.90,14.90,false,1,
7290012483608,false,אורז בסמטי דאווט וילי פוד (5 קג),ג.וילי-פוד אינטרנשיונל בעמ,,,יח`,5,גרם,false,1,49.90,998,false,1,
7290012522581,false,שניצל תירס ללא גלוטן טבעול (664 גרם),קבוצת אסם סחר שות. מוגבלת,,,יח`,750,גרם,false,1,19.90,2.65,false,1,
7290012561405,false,בצל קצוץ ומטוגן דורות (180 גרם),קבוצת אסם סחר שות. מוגבלת,,,יח`,180,גרם,false,1,11.90,6.61,false,1,
7290012645020,false,יוגורט 500 מל חלב הארץ,שטראוס גרופ בעמ/מצונן,,,יח`,500,גרם,false,1,12.80,2.56,true,1,
7290012645174,false,גבינת עיזים 5% חלב הארץ 200 גר`,שטראוס גרופ בעמ/מצונן,,,יח`,200,גרם,false,1,13.90,6.95,true,1,
7290012645181,false,לאבנה עיזים 5% חלב הארץ 200 גר`,שטראוס גרופ בעמ/מצונן,,,יח`,200,גרם,false,1,13.90,6.95,true,1,
7290012803055,false,סוכרלוז שקיות מרמולייט (100),דנשר (1963) בעמ,,,יח`,100,גרם,false,1,32.90,32.90,true,1,
7290012803321,false,סוכרלוז מרמולייט (200),דנשר (1963) בעמ,,,יח`,200,גרם,false,1,45.90,22.95,true,1,
7290012803352,false,קוטל מעופפים רייד (300 מל),דנשר (1963) בעמ,,,יח`,300,גרם,false,1,17.90,5.97,true,1,
7290012803765,false,טוסו שוקולד מריר ללתס 100 גר`,דנשר (1963) בעמ,,,יח`,100,גרם,false,1,12.90,12.90,true,1,
7290012803772,false,טוסו שוקולד חלב ללתס 100 גר`,דנשר (1963) בעמ,,,יח`,100,גרם,false,1,12.90,12.90,true,1,
7290012803789,false,טוסו שוקולד מריר+אגוזים ללתס 100 גר`,דנשר (1963) בעמ,,,יח`,100,גרם,false,1,12.90,12.90,true,1,
7290012803796,false,טוסו שוקולד חלבי+אגזוים ללתס 100 גר`,דנשר (1963) בעמ,,,יח`,100,גרם,false,1,12.90,12.90,true,1,
7290012823251,false,אל סבון נוזלי יסמין ולבנדר כיף (1 ליטר),החברה הדרומית לשיווק בעמ,,,יח`,1,1 ליטר,false,1,13.90,13.90,true,1,
7290012823381,false,סנו מקסימה מרכך 1 ליטר ורוד פסים,החברה הדרומית לשיווק בעמ,,,יח`,1,1 ליטר,false,1,17.90,17.90,true,1,
7290012823398,false,ריצפז פרש מטליות חד פעמיות 10 יח`,החברה הדרומית לשיווק בעמ,,,יח`,1,,false,1,11.90,11.90,true,1,
7290012823558,false,מטליות לחות לריצפה סנו סושי) (10,החברה הדרומית לשיווק בעמ,,,יח`,1,,false,1,11.90,11.90,true,1,
7290012823589,false,ריצפז פרש 2 ליטר,החברה הדרומית לשיווק בעמ,,,יח`,2000,1 ליטר,false,1,19.90,0.01,true,1,
7290012823602,false,נייר טואלט סופט 32 גלילים,החברה הדרומית לשיווק בעמ,,,יח`,1,,false,1,34.90,34.90,true,1,
7290012864001,false,נבטי חמניה,א.אדמה (2007) בעמ,,,יח`,1,,false,1,10.90,10.90,false,1,
7290012864025,false,אלפלפא,א.אדמה (2007) בעמ,,,יח`,1,,false,1,7.90,7.90,false,1,
7290012884986,false,צ`יפס לתנור עד 4% שומן תפוגן (1.5 קג),קבוצת אסם סחר שות. מוגבלת,,,יח`,1500,גרם,false,1,24.90,1.66,false,1,
7290012901355,false,ארוחת אטריות עם גבינה 206 גר`Doodles,מור-ים מרקטינג בעמ,,,יח`,206,גרם,false,1,10.90,5.29,false,1,
7290012911293,false,דפי אורז 22 סמ טעמי אסיה (300 גרם)-ללא,טחנת האבן קואופ בעמ,,,יח`,300,גרם,false,1,11.90,3.97,true,1,
7290012911415,false,ממרח קארי ירוק טעמי אסיה (400 גרם),טחנת האבן קואופ בעמ,,,יח`,400,גרם,false,1,18.50,4.63,true,1,
7290012911477,false,קרם קוקוס טעמי אסיה (400 מל),טחנת האבן קואופ בעמ,,,יח`,400,גרם,false,1,10.90,2.73,false,1,
7290012911866,false,דפי אורז מרובעים 22 סמ,טחנת האבן קואופ בעמ,,,יח`,300,גרם,false,1,11.90,3.97,false,1,
7290012911965,false,ג`ינג`ר לסושי ללא צבע 250 גר,טחנת האבן קואופ בעמ,,,יח`,250,גרם,false,1,9.90,3.96,false,1,
7290012921032,false,בירה אדמונית בירה מלכה (330 מל),הכרם - משקאות חריפים בעמ,,,יח`,330,גרם,false,1,13.90,4.12,true,1,
7290012931611,false,3 כריות ברזל לקרצוף חזק shiny,מ.א.ייצור ויבוא מטליות בעמ,,,יח`,1,,false,1,6.90,6.90,false,1,
7290012936890,false,קצח 50 גר`,א.ל.ייצור ושיווק תבלינים בעמ,,,יח`,50,גרם,false,1,11.90,23.80,false,1,
7290012936944,false,אגוז מוסקט טחון תבליני מימון (40 גרם),א.ל.ייצור ושיווק תבלינים בעמ,,,יח`,40,גרם,false,1,14.90,37.25,false,1,
7290012938405,false,דיימונד עבה 087,גורי ע.ע.ע בעמ,,,יח`,1,,false,1,17.50,17.50,false,1,
7290012938580,false,הלבנה עדינה סנסודיין (75 מל),גורי ע.ע.ע בעמ,,,יח`,75,גרם,false,1,21.90,29.20,true,1,
7290012938597,false,משחת שיניים רפיד רליף סנסודיין (75 מל),גורי ע.ע.ע בעמ,,,יח`,75,גרם,false,1,23.90,31.87,true,1,
7290012962448,false,מדליק פחם נוזלי 250 מל,אינטרסן 1996 בעמ,,,יח`,250,גרם,false,1,9.90,3.96,false,1,
7290012962561,false,קיסמי שיניים במבוק הוסטס) (500,אינטרסן 1996 בעמ,,,יח`,1,,false,1,4.90,4.90,true,1,
7290012962684,false,שקיות צליה ג`מבו הוסטס 5  יח`בקופסא,אינטרסן 1996 בעמ,,,יח`,1,,false,1,4.90,4.90,false,1,
7290012996672,false,סבון אסלה זוגי הפי,יעקב יעקבי ובניו בעמ,,,יח`,88,גרם,false,1,9.90,11.25,false,1,
7290013027399,false,לחם אנג`ל 100 בתוספת שיפון-קל 750גר,שלמה א. אנג`ל בעמ,,,יח`,750,גרם,false,1,13.90,1.85,false,1,
7290013083661,false,מטרנה אקסטרא קייר 700  גר`שלב 1,קבוצת אסם סחר שות. מוגבלת,,,יח`,700,גרם,false,1,59.90,8.56,true,1,
7290013083678,false,מטרנה אקסטרא קייר 700  גר`שלב 2,קבוצת אסם סחר שות. מוגבלת,,,יח`,700,גרם,false,1,59.90,8.56,true,1,
7290013083685,false,מטרנה אקסטרא קייר 700  גר`שלב3,קבוצת אסם סחר שות. מוגבלת,,,יח`,700,גרם,false,1,59.90,8.56,true,1,
7290013117212,false,בורקס פילו גבינה מעדנות,תנובה קפואים,,,יח`,600,גרם,false,1,21.90,3.65,true,1,
7290013117229,false,בורקס פילו תפוא מעדנות,תנובה קפואים,,,יח`,600,גרם,false,1,21.90,3.65,true,1,
7290013117236,false,בורקס פילו פיצה מעדנות,תנובה קפואים,,,יח`,600,גרם,false,1,21.90,3.65,true,1,
7290013117243,false,בורקס פילו בולגרית מעדנות,תנובה קפואים,,,יח`,600,גרם,false,1,21.90,3.65,true,1,
7290013117410,false,בצק פריך מתוק 900  גר`מעדנות,תנובה קפואים,,,יח`,900,גרם,false,1,24,2.67,true,1,
7290013117427,false,בצק פריך מלוח 900  גר`מעדנות,תנובה קפואים,,,יח`,900,גרם,false,1,24,2.67,true,1,
7290013117526,false,בצק שמרים מתוק מעדנות,תנובה קפואים,,,יח`,900,גרם,false,1,22.90,2.54,true,1,
7290013121035,false,לחם פשתן 500  גר`ללא גלוטן,גורי ע.ע.ע בעמ,,,יח`,500,גרם,false,1,19.90,3.98,false,1,
7290013121110,false,לחמניות בורגר 350  גר`ללא גלוטן,גורי ע.ע.ע בעמ,,,יח`,350,גרם,false,1,14.90,4.26,false,1,
7290013121158,false,לחמניות  סנדוויץ`גרין לייט (115x4 גרם),גורי ע.ע.ע בעמ,,,יח`,1,,false,1,18.50,18.50,false,1,
7290013121165,false,לחמניות נקנקיה ללא גלוטן,גורי ע.ע.ע בעמ,,,יח`,460,גרם,false,1,18.50,4.02,false,1,
7290013121776,false,לחם כפרי ללס גרין לייט (700 גרם),גורי ע.ע.ע בעמ,,,יח`,700,גרם,false,1,20.90,2.99,false,1,
7290013128324,false,ענבים שחורים,לכיש מושב עובדים להתישבות*30 י,,,"ק""ג",1,,true,1,14.90,14.90,false,1,
7290013144218,false,תערובת עוגת וניל מימונס (560 גרם),א.ל.ייצור ושיווק תבלינים בעמ,,,יח`,560,גרם,false,1,18.90,3.38,true,1,
7290013144232,false,פודינג בטעם וניל 85  גר`מימונס,א.ל.ייצור ושיווק תבלינים בעמ,,,יח`,85,גרם,false,1,5.90,6.94,true,1,
7290013144393,false,תמצית אפיה בטעם וניל מימונס (50 מל),א.ל.ייצור ושיווק תבלינים בעמ,,,יח`,50,גרם,false,1,4.90,9.80,false,1,
7290013144515,false,צבע מאכל צהוב מימונס (50 מל),א.ל.ייצור ושיווק תבלינים בעמ,,,יח`,50,גרם,false,1,5.90,11.80,false,1,
7290013144614,false,סירופ מייפל אמיתי מימונס (236 מל),א.ל.ייצור ושיווק תבלינים בעמ,,,יח`,236,גרם,false,1,34.90,14.79,true,1,
7290013144751,false,סירופ מייפל מימונס (500 גרם),א.ל.ייצור ושיווק תבלינים בעמ,,,יח`,500,גרם,false,1,15.90,3.18,true,1,
7290013144911,false,מיקס שוקולד צ`יפס מריר וחלב 250 גר`,א.ל.ייצור ושיווק תבלינים בעמ,,,יח`,250,גרם,false,1,14.90,5.96,false,1,
7290013145017,false,אגוז מלך קלוף מימונס (100 גרם),א.ל.ייצור ושיווק תבלינים בעמ,,,יח`,100,גרם,false,1,12.90,12.90,false,1,
7290013145024,false,אגוז מלך טחון מימונס (100 גרם),א.ל.ייצור ושיווק תבלינים בעמ,,,יח`,100,גרם,false,1,12.90,12.90,false,1,
7290013145031,false,אגוז לוז מסוכר מימונס (100 גרם),א.ל.ייצור ושיווק תבלינים בעמ,,,יח`,100,גרם,false,1,12.90,12.90,false,1,
7290013145109,false,שקד מולבן טחון מימונס (100 גרם),א.ל.ייצור ושיווק תבלינים בעמ,,,יח`,100,גרם,false,1,11.90,11.90,true,1,
7290013145178,false,קוקוס לבן טחון מימונס (100 גרם),א.ל.ייצור ושיווק תבלינים בעמ,,,יח`,100,גרם,false,1,5.90,5.90,false,1,
7290013145192,false,שומשום מימונס (100 גרם),א.ל.ייצור ושיווק תבלינים בעמ,,,יח`,100,גרם,false,1,5.90,5.90,false,1,
7290013145215,false,שומשום מימונס (400 גרם),א.ל.ייצור ושיווק תבלינים בעמ,,,יח`,400,גרם,false,1,13.90,3.48,false,1,
7290013145390,false,שוקולד צ`יפס מימונס (250 גרם),א.ל.ייצור ושיווק תבלינים בעמ,,,יח`,250,גרם,false,1,10.90,4.36,false,1,
7290013145406,false,שוקולד צ`יפס לבן מימונס (250 גרם),א.ל.ייצור ושיווק תבלינים בעמ,,,יח`,250,גרם,false,1,10.90,4.36,false,1,
7290013145529,false,סוכריות צבעוניות לקישוט 90 גר`,א.ל.ייצור ושיווק תבלינים בעמ,,,יח`,90,גרם,false,1,6.90,7.67,false,1,
7290013145826,false,פודינג בטעם וניל לבן 80  גר`מימונס,א.ל.ייצור ושיווק תבלינים בעמ,,,יח`,80,גרם,false,1,5.90,7.38,true,1,
7290013145840,false,סוכר וניל מימונס (10x10 גרם),א.ל.ייצור ושיווק תבלינים בעמ,,,יח`,10,יח`,false,1,2.90,0.29,false,1,
7290013145857,false,אבקת אפיה מימונס (10x10 גרם),א.ל.ייצור ושיווק תבלינים בעמ,,,יח`,10,יח`,false,1,2.90,0.29,false,1,
7290013145901,false,סודה לשתיה מימונס (100 גרם),א.ל.ייצור ושיווק תבלינים בעמ,,,יח`,50,גרם,false,1,3.90,7.80,false,1,
7290013145918,false,אבקת סוכר מימונס (100 גרם),א.ל.ייצור ושיווק תבלינים בעמ,,,יח`,100,גרם,false,1,3.90,3.90,false,1,
7290013145963,false,שמרים יבשים בואקום מימונס (125 גרם),א.ל.ייצור ושיווק תבלינים בעמ,,,יח`,125,גרם,false,1,5.90,4.72,false,1,
7290013145970,false,קורנפלור מימונס (200 גרם),א.ל.ייצור ושיווק תבלינים בעמ,,,יח`,200,גרם,false,1,4.90,2.45,false,1,
7290013146656,false,כוכבים תכלת ירוק לבן לקישוט 60  גר`מימונ,א.ל.ייצור ושיווק תבלינים בעמ,,,יח`,60,גרם,false,1,11.90,19.83,false,1,
7290013146670,false,סוכריות לב סגול לבן לקישוט 60 מימונס,א.ל.ייצור ושיווק תבלינים בעמ,,,יח`,60,גרם,false,1,11.90,19.83,true,1,
7290013146816,false,אבקת סוכר שקית 500 מימונס,א.ל.ייצור ושיווק תבלינים בעמ,,,יח`,500,גרם,false,1,6.90,1.38,false,1,
7290013153418,false,סחוט 1 ליטר פריגת לימונענע,החב` המרכזית - טרה,,,יח`,1,1 ליטר,false,1,15.90,15.90,true,1,
7290013153593,false,פריגת תפוזים מתקתק 100% 1 ליטר,החב` המרכזית - טרה,,,יח`,1000,גרם,false,1,10.90,1.06,false,1,
7290013215017,false,דואט פטריות -יחידה,חוות השמפיניון בעמ,,,יח`,1,,false,1,18.90,18.90,false,1,
7290013220103,false,דובדבן קפוא א.מ שרון (500 גרם),א.מ. שרון שיווק (2014) בעמ,,,יח`,500,גרם,false,1,24.90,4.98,true,1,
7290013220127,false,דומדמנית שחורה א.מ שרון (500 גרם),א.מ. שרון שיווק (2014) בעמ,,,יח`,500,גרם,false,1,24.90,4.98,true,1,
7290013220899,false,תות שדה א.מ שרון (500 גרם),א.מ. שרון שיווק (2014) בעמ,,,יח`,500,גרם,false,1,24.90,4.98,true,1,
7290013220929,false,אוכמנית א.מ שרון (400 גרם),א.מ. שרון שיווק (2014) בעמ,,,יח`,400,גרם,false,1,24.90,6.23,true,1,
7290013221001,false,אננס קפוא 500 גר`,א.מ. שרון שיווק (2014) בעמ,,,יח`,500,גרם,false,1,24.90,4.98,true,1,
7290013221018,false,מנגו קפוא 500 גר`,א.מ. שרון שיווק (2014) בעמ,,,יח`,500,גרם,false,1,24.90,4.98,true,1,
7290013268020,false,סנו מקסימה מרכך 1 ליטר כחול פסים,החברה הדרומית לשיווק בעמ,,,יח`,1,1 ליטר,false,1,17.90,17.90,true,1,
7290013268037,false,סנו מקסימה מרכך 1 ליטר סגול,החברה הדרומית לשיווק בעמ,,,יח`,1,1 ליטר,false,1,17.90,17.90,true,1,
7290013268242,false,ריצפז פרש הום בניחוח מלון מפנק 2 ליטר,החברה הדרומית לשיווק בעמ,,,יח`,2,1 ליטר,false,1,21.90,10.95,true,1,
7290013268372,false,פוליוויקס פרקט סנו בתוספת שמן ארגן (2 לי,החברה הדרומית לשיווק בעמ,,,יח`,2000,גרם,false,1,19.90,1,false,1,
7290013268839,false,פוליוויקס פרקט סנו (2 ליטר),החברה הדרומית לשיווק בעמ,,,יח`,2000,גרם,false,1,19.90,1,false,1,
7290013268891,false,אוקסיג`ן ג`ל 3 ליטר,החברה הדרומית לשיווק בעמ,,,יח`,3,1 ליטר,false,1,29.90,9.97,true,1,
7290013268914,false,סנו מקסימה 3 ליטר smart,החברה הדרומית לשיווק בעמ,,,יח`,3,1 ליטר,false,1,29.90,9.97,false,1,
7290013268938,false,סנובון שלישיה מאסק,החברה הדרומית לשיווק בעמ,,,יח`,195,גרם,false,1,11.90,6.10,true,1,
7290013268983,false,סנו מקסימה מרכך 1 ליטר MOMENTS OF JOY,החברה הדרומית לשיווק בעמ,,,יח`,1,1 ליטר,false,1,17.90,17.90,true,1,
7290013268990,false,מקסימה מרכך סופר מרוכז ביו סנו (1 ליטר),החברה הדרומית לשיווק בעמ,,,יח`,1,1 ליטר,false,1,17.90,17.90,true,1,
7290013269003,false,סנו מקסימה מרכך 1 ליטר כחול בייבי,החברה הדרומית לשיווק בעמ,,,יח`,1000,גרם,false,1,19.90,1.99,true,1,
7290013269263,false,מקסימה ג`ל כביסה 3 ליטר,החברה הדרומית לשיווק בעמ,,,יח`,3,1 ליטר,false,1,29.60,9.87,true,1,
7290013269287,false,מקסימה ג`ל כביסה 3 ליטר,החברה הדרומית לשיווק בעמ,,,יח`,3000,1 ליטר,false,1,29.60,0.01,true,1,
7290013269621,false,ריצפז פרש הום בניחוח מלון בוטיק 2 ליטר,החברה הדרומית לשיווק בעמ,,,יח`,2,1 ליטר,false,1,21.90,10.95,true,1,
7290013269638,false,סושי ספוג הפלא אקסטרה סנו) (6,החברה הדרומית לשיווק בעמ,,,יח`,1,,false,1,11.90,11.90,true,1,
7290013269669,false,ריצפז 3 ליטר פנטזיה,החברה הדרומית לשיווק בעמ,,,יח`,3,1 ליטר,false,1,12.90,4.30,true,1,
7290013269706,false,סנובון ג`ל בניחוח אוקיינוס,החברה הדרומית לשיווק בעמ,,,יח`,65,גרם,false,1,5.90,9.08,true,1,
7290013269751,false,ריצפז פרש מטליות חד פעמיות 10 יח`,החברה הדרומית לשיווק בעמ,,,יח`,1,,false,1,11.90,11.90,true,1,
7290013284051,false,פריניר טריו זיתים 560ג.,אבאל יזמות בעמ,,,יח`,560,גרם,false,1,8.50,1.52,true,1,
7290013284082,false,פריניר זית מושחר ללא גלעין 560ג,אבאל יזמות בעמ,,,יח`,560,גרם,false,1,8.50,1.52,true,1,
7290013284105,false,פריניר זיתים טבעות ירוק a2,אבאל יזמות בעמ,,,יח`,560,גרם,false,1,8.50,1.52,true,1,
7290013284112,false,פריניר זיתים חרוזית ירוק a2,אבאל יזמות בעמ,,,יח`,0,גרם,false,1,8.50,8.50,true,1,
7290013284136,false,פריניר מלפפון במלח 7-9 560ג.,אבאל יזמות בעמ,,,יח`,560,גרם,false,1,6.50,1.16,true,1,
7290013284143,false,פריניר מלפפונים במלח 10-12 560ג.,אבאל יזמות בעמ,,,יח`,560,גרם,false,1,7.50,1.34,true,1,
7290013284150,false,פריניר מלפפונים במלח 13-17 560ג,אבאל יזמות בעמ,,,יח`,560,גרם,false,1,8.90,1.59,true,1,
7290013284167,false,פריניר מלפפון במלח 18-25,אבאל יזמות בעמ,,,יח`,560,גרם,false,1,8.90,1.59,false,1,
7290013284174,false,פריניר מלפפונים בחומץ 7-9 560גר.,אבאל יזמות בעמ,,,יח`,560,גרם,false,1,6.50,1.16,true,1,
7290013284181,false,פריניר מלפפונים בחומץ10-12 560ג.,אבאל יזמות בעמ,,,יח`,560,גרם,false,1,7.50,1.34,true,1,
7290013284198,false,פריניר מלפפון בחומץ 13-17,אבאל יזמות בעמ,,,יח`,1,,false,1,8.90,8.90,true,1,
7290013284204,false,פריניר מלפפון חומץ 18-25,אבאל יזמות בעמ,,,יח`,560,גרם,false,1,8.90,1.59,false,1,
7290013284310,false,רוטב פסטה 240  גר`פריניר,אבאל יזמות בעמ,,,יח`,240,גרם,false,1,5.50,2.29,true,1,
7290013284662,false,רוטב פיצה 240  גר`פריניר,אבאל יזמות בעמ,,,יח`,240,גרם,false,1,5.50,2.29,true,1,
7290013310101,false,שיפודי במבוק ג`מבו 50 יח,אינטרסן 1996 בעמ,,,יח`,1,,false,1,5.90,5.90,false,1,
7290013358356,false,פירורי לחם מוזהבים מאסטר שף (320גרם),ש.שסטוביץ בעמ,,,יח`,320,גרם,false,1,6.90,2.16,false,1,
7290013358363,false,פירורי לחם פנקו מוזהבים 300  גר`מנה מאסט,ש.שסטוביץ בעמ,,,יח`,300,גרם,false,1,9.90,3.30,false,1,
7290013358417,false,רוטב טריאקי מאסטר שף (300 מל),ש.שסטוביץ בעמ,,,יח`,300,גרם,false,1,11.90,3.97,false,1,
7290013358462,false,מיני קרוטונים שום בצל 350  גר`מנה מאסטר,ש.שסטוביץ בעמ,,,יח`,350,גרם,false,1,18.90,5.40,true,1,
7290013358530,false,רוטב צ`ילי מתוק מאסטר שף (700 מל),ש.שסטוביץ בעמ,,,יח`,700,גרם,false,1,13.90,1.99,true,1,
7290013358547,false,רוטב צ`ילי חריף מאסטר שף (700 מל),ש.שסטוביץ בעמ,,,יח`,700,גרם,false,1,13.90,1.99,true,1,
7290013358585,false,נודלס ביצים 400  גר`מנה מאסטר שף,ש.שסטוביץ בעמ,,,יח`,400,גרם,false,1,9.90,2.48,true,1,
7290013412966,false,מגבוני טולי רביעייה,שקד תבל בעמ,,,יח`,1,,false,1,9.90,9.90,true,1,
7290013430083,false,אלכסנדר בלונד בירה 330 מל,אגודת הכורמים,,,יח`,330,גרם,false,1,12.90,3.82,true,1,
7290013430250,false,אלכסנדר חיטה ישראלית בקבוק בודד 330 מל,אגודת הכורמים,,,יח`,330,גרם,false,1,12.90,3.82,true,1,
7290013472199,false,ערמונים קלופים 100 גר`,ג.וילי-פוד אינטרנשיונל בעמ,,,יח`,100,גרם,false,1,4.90,4.90,false,1,
7290013492005,false,תפוא ננסי מיקרוגל,א.אדמה (2007) בעמ,,,יח`,1,,false,1,8.90,8.90,false,1,
7290013531582,false,זיתים חרוזית יכין 200  גר`שלישייה,זנלכל בעמ,,,יח`,200,גרם,false,1,15.50,7.75,false,1,
7290013531612,false,רוטב נפוליטנה יכין (240 גרם),זנלכל בעמ,,,יח`,240,גרם,false,1,5.90,2.46,false,1,
7290013531759,false,שעועית לבנה מבושלת במים יכין (550 גרם),זנלכל בעמ,,,יח`,550,גרם,false,1,10.50,1.91,false,1,
7290013534057,false,צ`יפס בטטה 100 גרכשלפ,מיה תעשיות מזון מ.ת.מ. בעמ,,,יח`,100,גרם,false,1,9.90,9.90,true,1,
7290013580009,false,המבורגר זהב 400  גר`בלדי,בלדי בעמ,,,יח`,400,גרם,false,1,15.90,3.98,false,1,
7290013581648,false,מינוט סטייק 250 גר ארוז אל מטאדור,בלדי בעמ,,,יח`,250,גרם,false,1,17.90,7.16,false,1,
7290013585233,false,ספרייט זירו 330 מלסילק,החברה המרכזית להפצת משקאות בעמ,,,יח`,330,גרם,false,1,3.90,1.09,true,1,
7290013585387,false,בקבוק זירו קוקה-קולה (1 ליטר),החברה המרכזית להפצת משקאות בעמ,,,יח`,1000,גרם,false,1,7.70,0.74,false,1,
7290013585394,false,בקבוק קוקה-קולה (1 ליטר),החברה המרכזית להפצת משקאות בעמ,,,יח`,1000,גרם,false,1,7.70,0.74,false,1,
7290013608260,false,מיץ רימונים סחוט פרימור (1 ליטר),שטראוס גרופ בעמ/מצונן,,,יח`,1,1 ליטר,false,1,20.90,20.90,false,1,
7290013652164,false,מגבונים להסרת איפור נטורל קר,פישר תעשיות פרמצבטיות בעמ,,,יח`,1,,false,1,24.90,24.90,false,1,
7290013677563,false,קינואה אדומה מיה (500 גרם),מיה תעשיות מזון מ.ת.מ. בעמ,,,יח`,500,גרם,false,1,19.90,3.98,true,1,
7290013677648,false,שמן זית למאור(לא  למאכל),מיה תעשיות מזון מ.ת.מ. בעמ,,,יח`,1,1 ליטר,false,1,22.90,22.90,false,1,
7290013677747,false,אבקת שוקו 500 גר`,מיה תעשיות מזון מ.ת.מ. בעמ,,,יח`,500,גרם,false,1,6.90,1.38,false,1,
7290013677822,false,גריסי פנינה 1 קג,מיה תעשיות מזון מ.ת.מ. בעמ,,,יח`,1,"ק""ג",false,1,10,10,false,1,
7290013677839,false,בורגול מיה (1 קג),מיה תעשיות מזון מ.ת.מ. בעמ,,,יח`,1,"ק""ג",false,1,9.90,9.90,false,1,
7290013702050,false,שוופס ווטר ענבים 500מל,יפאורה,,,יח`,500,גרם,false,1,5.90,1.12,true,1,
7290013725769,false,נודלס עבה 400 גר`,דין שיווק וקליה 2021 בעמ,,,יח`,400,גרם,false,1,7.90,1.98,false,1,
7290013847393,false,ס.ק לייט טונה 4% שומן עם עשבי תיבול 140,סטארקיסט דיפלומט היינץ,,,יח`,140,גרם,false,1,7.90,5.64,false,1,
7290013847409,false,ס.ק לייט טונה 4% שומן עם לימון ופלפל חרי,סטארקיסט דיפלומט היינץ,,,יח`,140,גרם,false,1,7.90,5.64,false,1,
7290013847454,false,טונה סטאריקיסט בשמן קנולה רביעייה 160 גר,סטארקיסט דיפלומט היינץ,,,יח`,640,גרם,false,1,24.90,3.89,false,1,
7290013847812,false,ס.ק טונה ילופין בשמן זית מעולה 140 גר`,סטארקיסט דיפלומט היינץ,,,יח`,140,גרם,false,1,9.90,7.07,false,1,
7290013848345,false,מטליות לניקוי לחיטוי ולניקוי 50 יח סנו,החברה הדרומית לשיווק בעמ,,,יח`,1,,false,1,19.90,19.90,true,1,
7290013848611,false,רדיד אלומיניום סנו סושי (61 מטר),החברה הדרומית לשיווק בעמ,,,יח`,1,,false,1,41.90,41.90,true,1,
7290013848727,false,סנו פרש מכשיר אוטומטי פלורל הרמוני,החברה הדרומית לשיווק בעמ,,,יח`,1,,false,1,44.90,44.90,false,1,
7290013848758,false,סנו מקסימה ג`ל מרוכז בייבי,החברה הדרומית לשיווק בעמ,,,יח`,3,1 ליטר,false,1,32.90,10.97,false,1,
7290013906212,false,נקניקיות וינר 1  קג`טירת צבי,תנובה קפואים,,,יח`,1,1 ליטר,false,1,32.90,32.90,true,1,
7290013906441,false,קבנוס 120  גר`טירת צבי,תנובה קפואים,,,יח`,120,גרם,false,1,11.90,9.92,false,1,
7290013906458,false,קבנוס 120  גר`פיקנטי טירת צבי,תנובה קפואים,,,יח`,120,גרם,false,1,11.90,9.92,false,1,
7290013906687,false,צמד כפרי ברבקיו ודבש 600 גר טירת צבי,תנובה קפואים,,,יח`,600,גרם,false,1,29.90,4.98,true,1,
7290013906694,false,נקניקיות עוף 1.5,תנובה קפואים,,,יח`,1.50,"ק""ג",false,1,39.90,26.60,false,1,
7290013927002,false,עוגיות דקליות בטעם שוקולד אחוה (400 גרם),אחדות בעמ,,,יח`,400,גרם,false,1,8.90,2.23,false,1,
7290013927026,false,עוגיות דקליות אחוה (400 גרם),אחדות בעמ,,,יח`,400,גרם,false,1,8.90,2.23,false,1,
7290013927033,false,מעמולים במגש אחוה (600 גרם),אחדות בעמ,,,יח`,600,גרם,false,1,9.90,1.65,false,1,
7290013927040,false,עוגיות ממולאות שוקולד אחוה (600 גרם),אחדות בעמ,,,יח`,600,גרם,false,1,9.90,1.65,false,1,
7290013927057,false,עוגיות שוקולד צ`יפס אחוה (400 גרם),אחדות בעמ,,,יח`,400,גרם,false,1,8.90,2.23,false,1,
7290013927064,false,עוגיות גרנולה 400 גר`,אחדות בעמ,,,יח`,400,גרם,false,1,8.90,2.23,false,1,
7290013927156,false,עוגת פירות יער ללתס 450  גר`אחוה,אחדות בעמ,,,יח`,450,גרם,false,1,12.90,2.87,false,1,
7290013927200,false,עוגת שוקולד צ`יפס 400  גר`אחווה,אחדות בעמ,,,יח`,400,גרם,false,1,11.90,2.98,false,1,
7290013927637,false,חלבה אחוה ללתס 400 גר`,אחדות בעמ,,,יח`,400,גרם,false,1,12.90,3.23,false,1,
7290013927996,false,עוגת שמרים קרנץ בטעם שוקולד 400  גר`אחוו,אחדות בעמ,,,יח`,400,גרם,false,1,10.90,2.73,false,1,
7290014002135,false,תה ירוק מיקס 5 טעמים ויסוצקי (25),תה ויסוצקי (ישראל) בעמ,,,יח`,37.50,גרם,false,1,24.90,66.40,true,1,
7290014002203,false,חליטת לימונית לואיזה ויסוצקי) (25,תה ויסוצקי (ישראל) בעמ,,,יח`,37.50,גרם,false,1,17.50,46.67,true,1,
7290014002944,false,תה חמדת השקד ויסוצקי הגן הקסום) (25,תה ויסוצקי (ישראל) בעמ,,,יח`,1,,false,1,17.50,17.50,true,1,
7290014002982,false,תה ירוק סטיביה 25 שקיקים,תה ויסוצקי (ישראל) בעמ,,,יח`,1,,false,1,24.90,24.90,true,1,
7290014027213,false,ערק ג`באלנא מצדה %40כשר לפסח,בני פאוזי שמשום (2009) בעמ,,,יח`,700,גרם,false,1,49.90,7.09,false,1,
7290014046016,false,פסטרמה של פעם 100% 250גר`,מעדני יחיעם (1993) בעמ,,,יח`,250,גרם,false,1,24.90,9.96,false,1,
7290014046047,false,צמד פסטרמות 600  גר`יחיעם,מעדני יחיעם (1993) בעמ,,,יח`,600,גרם,false,1,25.90,4.32,true,1,
7290014046474,false,נקניקיות עוף 1.5 קג,מעדני יחיעם (1993) בעמ,,,יח`,1.50,"ק""ג",false,1,29.90,19.93,true,1,
7290014046580,false,פסטרמה מעודנת על גחלים יחיעם (300 גרם),מעדני יחיעם (1993) בעמ,,,יח`,300,גרם,false,1,23.90,7.97,true,1,
7290014046757,false,סלמי תה יחיעם (300 גרם),מעדני יחיעם (1993) בעמ,,,יח`,300,גרם,false,1,25.90,8.63,true,1,
7290014059436,false,סנסודיין שיקום והגנה מלבינה 75 מל,גורי ע.ע.ע בעמ,,,יח`,75,גרם,false,1,23.90,31.87,true,1,
7290014083813,false,שפורטים בשמן וילי פוד (190 גרם),ג.וילי-פוד אינטרנשיונל בעמ,,,יח`,190,גרם,false,1,7.90,4.16,false,1,
7290014094543,false,תרסיס שמן קנולה מזוכך 186 מל שקדיה,דין שיווק וקליה 2021 בעמ,,,יח`,186,גרם,false,1,12.90,6.94,true,1,
7290014094796,false,משמש מיובש ומסוכר 300  גר`בשקית ששון הקו,דין שיווק וקליה 2021 בעמ,,,יח`,300,גרם,false,1,20.90,6.97,true,1,
7290014094826,false,שזיפים ללא גלעין 300 גר,דין שיווק וקליה 2021 בעמ,,,יח`,300,גרם,false,1,22.90,7.63,true,1,
7290014094833,false,צימוק לבן שקית 300 גר`,דין שיווק וקליה 2021 בעמ,,,יח`,300,גרם,false,1,14.90,4.97,false,1,
7290014094895,false,אגוזי מלך קלופים ששון הקולה (150 גרם),דין שיווק וקליה 2021 בעמ,,,יח`,150,גרם,false,1,10.90,7.27,true,1,
7290014095861,false,שיבולת שועל דקה שקדיה (500 גרם),דין שיווק וקליה 2021 בעמ,,,יח`,500,גרם,false,1,5.90,1.18,true,1,
7290014095960,false,שיבולת שועל עבה שקדיה (500 גרם),דין שיווק וקליה 2021 בעמ,,,יח`,500,גרם,false,1,5.90,1.18,true,1,
7290014204560,false,אל סבון נוזלי פנינה רוזנבלום (500x3 גרם),פנינה רוזנבלום בעמ,,,יח`,1.50,1 ליטר,false,1,9.90,6.60,false,1,
7290014204676,false,מסיכה לאחר החלקה 500 מל פנינה רוזנבלום,פנינה רוזנבלום בעמ,,,יח`,500,גרם,false,1,34.90,6.98,true,1,
7290014204690,false,אלסבון 1 ליטר משאבה ורוד פנינה רוזנבלום,פנינה רוזנבלום בעמ,,,יח`,1,1 ליטר,false,1,9.90,9.90,true,1,
7290014204706,false,אלסבון 1 ליטר משאבה קורלפנינה רוזנבלום,פנינה רוזנבלום בעמ,,,יח`,1,1 ליטר,false,1,9.90,9.90,true,1,
7290014204713,false,תרסיס מבשם גוף פנינה 250 מל,פנינה רוזנבלום בעמ,,,יח`,250,גרם,false,1,27.90,11.16,false,1,
7290014217003,false,פפריקה מעושנת 90 גר`,תבליני טעם וריח בעמ,,,יח`,90,גרם,false,1,9.90,11,true,1,
7290014217010,false,דגים 90T-BUL גר`,תבליני טעם וריח בעמ,,,יח`,90,גרם,false,1,12.90,14.33,true,1,
7290014217027,false,עוף 120T-BUL גר`,תבליני טעם וריח בעמ,,,יח`,120,גרם,false,1,12.90,10.75,true,1,
7290014217065,false,אורגנו עלים 30 גר`,תבליני טעם וריח בעמ,,,יח`,30,גרם,false,1,9.90,33,true,1,
7290014217119,false,תערובת לצ`יפס 100 גר`,תבליני טעם וריח בעמ,,,יח`,100,גרם,false,1,9.90,9.90,true,1,
7290014217140,false,ראס אל חנות 100 גר`,תבליני טעם וריח בעמ,,,יח`,100,גרם,false,1,9.90,9.90,true,1,
7290014217171,false,תיבול גריל דג 100 גר`,תבליני טעם וריח בעמ,,,יח`,100,גרם,false,1,9.90,9.90,true,1,
7290014217225,false,גריל עוף 120 גר`,תבליני טעם וריח בעמ,,,יח`,120,גרם,false,1,9.90,8.25,true,1,
7290014217485,false,תיבול קייג`ון 100 גר`,תבליני טעם וריח בעמ,,,יח`,100,גרם,false,1,9.90,9.90,true,1,
7290014217492,false,תיבול פילדלפיה 100 גר`,תבליני טעם וריח בעמ,,,יח`,100,גרם,false,1,9.90,9.90,true,1,
7290014218505,false,פיצות 360  גר`שלישייה מעדנות,תנובה קפואים,,,יח`,1080,גרם,false,1,31.90,2.95,true,1,
7290014218932,false,חטיפי פיצה בתוספת זיתים 710  גר`מעדנות,תנובה קפואים,,,יח`,710,גרם,false,1,33.90,4.77,true,1,
7290014256637,false,יין ספארקלינג מוסקטו 750 מל BUZZ,אגודת הכורמים,,,יח`,750,גרם,false,1,27.90,3.68,true,1,
7290014258716,false,מטרנה צמחי 700 גר,קבוצת אסם סחר שות. מוגבלת,,,יח`,700,גרם,false,1,66.90,9.56,true,1,
7290014258723,false,מטרנה צמחי 700 גר מגיל 0-12,קבוצת אסם סחר שות. מוגבלת,,,יח`,700,גרם,false,1,66.90,9.56,false,1,
7290014258730,false,מטרנה צמחי 700 גר מגיל שנה,קבוצת אסם סחר שות. מוגבלת,,,יח`,700,גרם,false,1,66.90,9.56,false,1,
7290014258877,false,מטרנה מהדרין ספיישל 700 גרם,קבוצת אסם סחר שות. מוגבלת,,,יח`,700,גרם,false,1,69.90,9.99,false,1,
7290014325043,false,פודינג בטעם וניל 1 קג מיה,מיה תעשיות מזון מ.ת.מ. בעמ,,,יח`,1,"ק""ג",false,1,19.90,19.90,false,1,
7290014325050,false,קורנפלור מיה (500 גרם),מיה תעשיות מזון מ.ת.מ. בעמ,,,יח`,500,גרם,false,1,8.90,1.78,false,1,
7290014397163,false,סנו פרש אוטומטיק פלורל,החברה הדרומית לשיווק בעמ,,,יח`,250,גרם,false,1,13.90,5.56,false,1,
7290014397286,false,מקסימה מרכך מרוכז חלב ודבש סנו (1 ליטר),החברה הדרומית לשיווק בעמ,,,יח`,1,1 ליטר,false,1,17.90,17.90,true,1,
7290014397514,false,סנופרש הום נטול גז 350 מל בניחוח כותנה,החברה הדרומית לשיווק בעמ,,,יח`,350,גרם,false,1,11.90,3.40,true,1,
7290014397675,false,מקסימה מרכך חלב ודבש סנו (4 ליטר),החברה הדרומית לשיווק בעמ,,,יח`,4,1 ליטר,false,1,19.90,4.98,false,1,
7290014397767,false,ריצפז פרש הום 2 ליטר,החברה הדרומית לשיווק בעמ,,,יח`,2,1 ליטר,false,1,21.90,10.95,true,1,
7290014397774,false,ריצפז פרש הום 2 ליטר,החברה הדרומית לשיווק בעמ,,,יח`,2,1 ליטר,false,1,21.90,10.95,true,1,
7290014397781,false,ריצפז פרש הום 2 ליטר,החברה הדרומית לשיווק בעמ,,,יח`,2,1 ליטר,false,1,21.90,10.95,true,1,
7290014397873,false,סנו מקסימה מרכך כביסה 4 ליטר gentle bree,החברה הדרומית לשיווק בעמ,,,יח`,4000,גרם,false,1,19.90,0.50,false,1,
7290014426061,false,משחת שיניים לילדים הלו קיטי כצט (50 מל),גורי ע.ע.ע בעמ,,,יח`,50,גרם,false,1,11.90,23.80,true,1,
7290014435810,false,הרינג כבוש עם בצל במרינת חמוץ מתוק 220 ג,סלטי שמיר 2006 בעמ,,,יח`,220,גרם,false,1,18.90,8.59,false,1,
7290014435827,false,פילה מקרל מעושן בשמן ויטהול 180 גר,סלטי שמיר 2006 בעמ,,,יח`,180,גרם,false,1,24.90,13.83,false,1,
7290014435834,false,מקרל מעושן פרוס בשמן 190 גר,סלטי שמיר 2006 בעמ,,,יח`,190,גרם,false,1,24.90,13.11,false,1,
7290014455245,false,גרנה פדנו משולש גד -200גר`,מחלבות גד שיווק 1992 בעמ,,,יח`,200,גרם,false,1,24.90,12.45,false,1,
7290014455252,false,גבינת גרנה פדנו מגורדת 29% גד (100 גרם),מחלבות גד שיווק 1992 בעמ,,,יח`,100,גרם,false,1,13.90,13.90,false,1,
7290014459137,false,סטייק צ`יפס תפוגן (1.5 קג),קבוצת אסם סחר שות. מוגבלת,,,יח`,1500,גרם,false,1,24.90,1.66,false,1,
7290014459472,false,תפוגן אמריקאן צ`יפס 2 קג`,קבוצת אסם סחר שות. מוגבלת,,,יח`,2,"ק""ג",false,1,29.90,14.95,false,1,
7290014459632,false,צ`פיס טוגן 1.5 קג`,קבוצת אסם סחר שות. מוגבלת,,,יח`,1.50,"ק""ג",false,1,14.90,9.93,false,1,
7290014466128,false,הר חרמון אינדיגו 750 מל,היכל היין שקד גולן בעמ,,,יח`,750,גרם,false,1,35.90,4.75,true,1,
7290014466609,false,יין גמלא מרלו 750 מל,היכל היין שקד גולן בעמ,,,יח`,750,גרם,false,1,59.90,7.95,true,1,
7290014471412,false,מוזלי בוטנים אגוזים ושקדים 1 קג- שקדיה,דין שיווק וקליה 2021 בעמ,,,יח`,1,"ק""ג",false,1,19.90,19.90,false,1,
7290014471429,false,מוזלי עם פירות שקדיה (1 קג),דין שיווק וקליה 2021 בעמ,,,יח`,1,"ק""ג",false,1,19.90,19.90,false,1,
7290014471443,false,גרנולה אגוזים 1 קג- שקדיה,דין שיווק וקליה 2021 בעמ,,,יח`,1,"ק""ג",false,1,19.90,19.90,false,1,
7290014472136,false,גרעין שחור קלוי ששון הקולה (150 גרם),דין שיווק וקליה 2021 בעמ,,,יח`,150,גרם,false,1,4.90,3.27,true,1,
7290014472471,false,גרעינים שחור ענק 200  גר`פרימיום ששון הק,דין שיווק וקליה 2021 בעמ,,,יח`,200,גרם,false,1,5.90,2.95,false,1,
7290014472501,false,פיסטוק קלוי 250  גר`פרימיום ששון הקולה,דין שיווק וקליה 2021 בעמ,,,יח`,250,גרם,false,1,24.90,9.96,false,1,
7290014472525,false,תערובת פיצוחים 250  גר`פרימיום ששון הקול,דין שיווק וקליה 2021 בעמ,,,יח`,250,גרם,false,1,19.90,7.96,false,1,
7290014472990,false,ממרח 100% שקדים שקדיה (300 גרם),דין שיווק וקליה 2021 בעמ,,,יח`,300,גרם,false,1,34.90,11.63,true,1,
7290014482272,false,מקל בלנדר TOPSON TP-755,קונסיגנציה-ד.ש.ש. אלקטרוניקה ב,,,יח`,1,,false,1,79,79,false,1,
7290014501942,false,גליל מרלו 750 מל,היכל היין שקד גולן בעמ,,,יח`,750,גרם,false,1,64.90,8.61,true,1,
7290014503144,false,יין לבן יובלים יקב דלתון (750 מל),הכרם - משקאות חריפים בעמ,,,יח`,750,גרם,false,1,48.90,6.48,true,1,
7290014525177,false,מרבה סלים פרוט בטעם יוגורט ופירות יער,ש.שסטוביץ בעמ,,,יח`,120,גרם,false,1,10.90,9.08,true,1,
7290014525290,false,סלים דליס קריספי תות מרבה (125 גרם),ש.שסטוביץ בעמ,,,יח`,120,גרם,false,1,10.90,9.08,true,1,
7290014525306,false,סלים דליס קריספי אוכמניות מרבה (125 גרם),ש.שסטוביץ בעמ,,,יח`,125,גרם,false,1,10.90,8.72,true,1,
7290014525313,false,סלים דליס קריספי שוקולד מרבה (125 גרם),ש.שסטוביץ בעמ,,,יח`,125,גרם,false,1,10.90,8.72,true,1,
7290014648005,false,LA BELLEמסיר לק ללא אציטון 250מל,פארמה דיל (פ.א.ב.) שיווק והפצה,,,יח`,1,,false,1,11.90,11.90,false,1,
7290014648098,false,סכיני גילוח חמישייה-חד  פעמי,פארמה דיל (פ.א.ב.) שיווק והפצה,,,יח`,1,,false,1,11.90,11.90,false,1,
7290014648166,false,LA BELLE קרם חמצן 9% 60מל,פארמה דיל (פ.א.ב.) שיווק והפצה,,,יח`,1,,false,1,3.90,3.90,false,1,
7290014648906,false,LA BELLEמסיר לק מהציפורניים 100 מל,פארמה דיל (פ.א.ב.) שיווק והפצה,,,יח`,100,גרם,false,1,3.90,3.90,false,1,
7290014648913,false,פדים קוסמטיים 80 יח LA BELLE מארז שליישי,פארמה דיל (פ.א.ב.) שיווק והפצה,,,יח`,1,,false,1,12.90,12.90,false,1,
7290014673366,false,כורכום טחון תבליני מימון (250 גרם),א.ל.ייצור ושיווק תבלינים בעמ,,,יח`,250,גרם,false,1,21.90,8.76,false,1,
7290014673403,false,פלפל שחור טחון תבליני מימון (250 גרם),א.ל.ייצור ושיווק תבלינים בעמ,,,יח`,250,גרם,false,1,29.90,11.96,false,1,
7290014673434,false,פלפל שחור גרוס דק שקית 80 גר`,א.ל.ייצור ושיווק תבלינים בעמ,,,יח`,80,גרם,false,1,9.90,12.38,false,1,
7290014674004,false,קריספ מלח ים ושומשום 300  גר`ה,א.ל.ייצור ושיווק תבלינים בעמ,,,יח`,300,גרם,false,1,7.90,2.63,true,1,
7290014692299,false,גבינת ברי 125 גר,ג.וילי-פוד אינטרנשיונל **גבינו,,,יח`,125,גרם,false,1,14.90,11.92,false,1,
7290014692305,false,גבינת קממבר 125 גר,ג.וילי-פוד אינטרנשיונל **גבינו,,,יח`,125,גרם,false,1,14.90,11.92,false,1,
7290014692541,false,פתיתים מגורדת וילי פוד (500  גרם)GOLDEN,ג.וילי-פוד אינטרנשיונל **גבינו,,,יח`,500,גרם,false,1,19.90,3.98,false,1,
7290014692565,false,גרעיני תירס מתוק וילי פוד (320 גרם),ג.וילי-פוד אינטרנשיונל בעמ,,,יח`,320,גרם,false,1,4.90,1.53,false,1,
7290014692817,false,גבינת מוצרלה מגורדת סיי צ`יז (200 גרם),ג.וילי-פוד אינטרנשיונל **גבינו,,,יח`,200,גרם,false,1,10.90,5.45,false,1,
7290014748613,false,עוף טוב מקלוני דגים בציפוי צ`יפס,קבוצת אסם סחר שות. מוגבלת,,,יח`,600,גרם,false,1,27.90,4.65,true,1,
7290014748651,false,עוף  טוב-פילה אמנון מצופה שלם,קבוצת אסם סחר שות. מוגבלת,,,יח`,360,גרם,false,1,31.90,8.86,true,1,
7290014748675,false,עוף טוב קציצות דגים,קבוצת אסם סחר שות. מוגבלת,,,יח`,600,גרם,false,1,29.90,4.98,true,1,
7290014749245,false,צונגו רצועות שניצל שומשום 600  גר`עוף טו,קבוצת אסם סחר שות. מוגבלת,,,יח`,600,גרם,false,1,32.90,5.48,true,1,
7290014749764,false,שניצל עוף ביתי עדין כזה 700  גר`עוף טוב,קבוצת אסם סחר שות. מוגבלת,,,יח`,700,גרם,false,1,43.90,6.27,true,1,
7290014749788,false,צונגו רצועות שניצל ציפס 600  גר`עוף טוב,קבוצת אסם סחר שות. מוגבלת,,,יח`,600,גרם,false,1,32.90,5.48,true,1,
7290014749887,false,עוף טוב שניצל דקענק קריספי 720 גר`,קבוצת אסם סחר שות. מוגבלת,,,יח`,720,גרם,false,1,35.90,4.99,true,1,
7290014758100,false,יוגורט ביו 3% תנובה (150x8 גרם),תנובה - חלב,,,יח`,1200,גרם,false,1,16.50,1.38,false,1,
7290014758117,false,יוגורט ביו 1.5% תנובה (150x8 גרם),תנובה - חלב,,,יח`,1200,גרם,false,1,16.50,1.38,false,1,
7290014758162,false,חלב עיזים מלא 3.6% שומן תנובה (1 ליטר),תנובה - חלב,,,יח`,1,1 ליטר,false,1,15,15,false,1,
7290014759084,false,גבינת נפוליאון 225  גר`16% גביע,תנובה - חלב,,,יח`,225,גרם,false,1,13.90,6.18,false,1,
7290014759237,false,יוגורט כד 3 ליטר 6.5% תנובה,תנובה - חלב,,,יח`,3,1 ליטר,false,1,29.90,9.97,false,1,
7290014759534,false,פיראוס בולגרית למריחה 5% 200  גר`פיראוס,תנובה - חלב,,,יח`,200,גרם,false,1,14.30,7.15,false,1,
7290014759978,false,קצ`קאבל פלח גלעד 200  גר`קולקשיין תנובה,תנובה - חלב,,,יח`,200,גרם,false,1,25.90,12.95,false,1,
7290014760134,false,מעדן סויה בטעם וניל 125  גר`תנובה,תנובה - חלב,,,יח`,125,גרם,false,1,4.20,3.36,false,1,
7290014760141,false,משקה שקדים טרי תנובה (1 ליטר),תנובה - חלב,,,יח`,1000,גרם,false,1,11.90,1.19,false,1,
7290014760448,false,גבינה צהובה 22% שומן גלבוע (400 גרם),תנובה - חלב,,,יח`,400,גרם,false,1,22.90,5.73,false,1,
7290014760912,false,גבינה צהובה 28% מהדרין גוש חלב (400 גרם),תנובה - חלב,,,יח`,400,גרם,false,1,25.90,6.48,false,1,
7290014761018,false,גיל בטעם וניל,תנובה - חלב,,,יח`,125,גרם,false,1,1.60,1.28,false,1,
7290014761056,false,מעדן שוקולד חלב יולו (123 גרם),תנובה - חלב,,,יח`,123,גרם,false,1,4.50,3.66,false,1,
7290014761063,false,מעדן שוקולד מריר יולו (123 גרם),תנובה - חלב,,,יח`,123,גרם,false,1,4.50,3.66,false,1,
7290014761070,false,מעדן שוקולד לבן יולו (123 גרם),תנובה - חלב,,,יח`,123,גרם,false,1,4.50,3.66,false,1,
7290014761193,false,יוגורט עם פירות יער 1.5% פרילי (125 גרם),תנובה - חלב,,,יח`,125,גרם,false,1,3.50,2.80,false,1,
7290014761414,false,יולו מעדן שכבות שוקולד חלבי לבן,תנובה - חלב,,,יח`,123,גרם,false,1,4.50,3.66,false,1,
7290014761438,false,פיראוס  בולגרית- 400 גר 24%,תנובה - חלב,,,יח`,400,גרם,false,1,28.50,7.13,false,1,
7290014761612,false,יולו מעדן שכבות שוקולד מריר לבן,תנובה - חלב,,,יח`,123,גרם,false,1,4.50,3.66,false,1,
7290014761698,false,סמי עמק 28% 600 גר בדצ,תנובה - חלב,,,יח`,600,גרם,false,1,29.90,4.98,false,1,
7290014762756,false,גבינת שמנת 16% עם בצל נפוליאון (225 גרם),תנובה - חלב,,,יח`,225,גרם,false,1,13.90,6.18,false,1,
7290014762800,false,מעדן סויה טעם שוקולד 125,תנובה - חלב,,,יח`,125,גרם,false,1,4.20,3.36,false,1,
7290014762831,false,גבינת נפוליאון 225  גר`חלפיניו גביע,תנובה - חלב,,,יח`,225,גרם,false,1,13.90,6.18,false,1,
7290014762909,false,פתיתי מוצרלה 200 גרם,תנובה - חלב,,,יח`,200,גרם,false,1,15.90,7.95,false,1,
7290014763272,false,משקה סויה BIO עם תות בננה בתוספת חיידקי,תנובה - חלב,,,יח`,250,גרם,false,1,5.80,2.32,false,1,
7290014763371,false,גבינת שמנת נפוליאון 16% בטעם טבעי מעדניה,תנובה - חלב,,,"ק""ג",1000,גרם,true,1,40,4,false,1,
7290014763395,false,גבינה צהובה 28% פרוסה עמק (600 גרם),תנובה - חלב,,,יח`,600,גרם,false,1,29.90,4.98,false,1,
7290014785113,false,רוטב טריאקי טעמי אסיה (500 מל),טחנת האבן קואופ בעמ,,,יח`,500,גרם,false,1,15.90,3.18,false,1,
7290014791336,false,מי עדן ספורט 1,יפאורה,,,יח`,1000,גרם,false,1,3.90,0.36,false,1,
7290014855434,false,מגבונים בייביסיטר רביעייה,שקד תבל בעמ,,,יח`,1,,false,1,17.90,17.90,true,1,
7290014855458,false,מגבונים בייביסיטר רביעייה,שקד תבל בעמ,,,יח`,1,,false,1,17.90,17.90,true,1,
7290014901247,false,שמפו קרטין 750 מל סטייל,גורי ע.ע.ע בעמ,,,יח`,750,גרם,false,1,24.90,3.32,false,1,
7290014901254,false,מרכך קרטין 750 מל סטייל,גורי ע.ע.ע בעמ,,,יח`,750,גרם,false,1,24.90,3.32,false,1,
7290014901308,false,משחת סנסודיין הגנה מלאה 75 מל,גורי ע.ע.ע בעמ,,,יח`,75,גרם,false,1,23.90,31.87,true,1,
7290014901896,false,מי פה קולמינט סנסודיין (500 מל),גורי ע.ע.ע בעמ,,,יח`,500,גרם,false,1,25.90,5.18,true,1,
7290014905207,false,הפי ג`ל מנקה אסלות יעקבי (750 מל),יעקב יעקבי ובניו בעמ,,,יח`,750,גרם,false,1,9.90,1.32,false,1,
7290014905498,false,הפי מטלית רב פעמית יעקבי) (20,יעקב יעקבי ובניו בעמ,,,יח`,1,,false,1,11.90,11.90,false,1,
7290014910386,false,קורנישונים במלח 690  גר`לינה,יורוסטנדרט בעמ,,,יח`,690,גרם,false,1,9.90,1.43,false,1,
7290014910515,false,שימורי דגים שפרוטים מעושנים בשמן צמחי 25,יורוסטנדרט בעמ,,,יח`,250,גרם,false,1,11.90,4.76,false,1,
7290014940901,false,לחם פשוט מלא לילדים פרוס אנג`ל (750 גרם),שלמה א. אנג`ל בעמ,,,יח`,500,גרם,false,1,14.50,2.90,false,1,
7290015037273,false,פטרוזיליה חסלט,יעל ירק עלים לשיווק בעמ,,,יח`,1,,false,1,6.40,6.40,false,1,
7290015037280,false,כוסברה חסלט,יעל ירק עלים לשיווק בעמ,,,יח`,1,,false,1,6.40,6.40,false,1,
7290015037297,false,שמיר חסלט,יעל ירק עלים לשיווק בעמ,,,יח`,1,,false,1,6.40,6.40,false,1,
7290015037419,false,סלרי חסלט,יעל ירק עלים לשיווק בעמ,,,יח`,1,,false,1,7.40,7.40,false,1,
7290015037433,false,חסה רגילה חסלט,יעל ירק עלים לשיווק בעמ,,,יח`,1,,false,1,7.40,7.40,false,1,
7290015037440,false,כרוב לבן שלם חסלט,יעל ירק עלים לשיווק בעמ,,,"ק""ג",0,"ק""ג",true,1,14.90,14.90,false,1,
7290015039246,false,טונה בשמן רביעייה 160 גר - וילי פוד,ג.וילי-פוד אינטרנשיונל בעמ,,,יח`,640,גרם,false,1,21.90,3.42,true,1,
7290015039253,false,עלי גפן במי מלח 620 גר,ג.וילי-פוד אינטרנשיונל בעמ,,,יח`,620,גרם,false,1,8.90,1.44,false,1,
7290015039338,false,טונה במים רביעייה 160 גר - וילי פוד,ג.וילי-פוד אינטרנשיונל בעמ,,,יח`,640,גרם,false,1,21.90,3.42,true,1,
7290015150088,false,מחית עגבניות קלה בלה איטליה (700 גרם),תה ויסוצקי (ישראל) בעמ,,,יח`,700,גרם,false,1,13.90,1.99,true,1,
7290015150118,false,עגבניות חתוכות דק בלה איטליה 3*400,תה ויסוצקי (ישראל) בעמ,,,יח`,1.20,"ק""ג",false,1,16.90,14.08,false,1,
7290015150361,false,תה ירוק נענע בתוספת סטיביה ויסוצקי (25),תה ויסוצקי (ישראל) בעמ,,,יח`,68.80,גרם,false,1,24.90,36.19,true,1,
7290015150590,false,תה ירוק ג`ינג`ר חריף ויסוצקי (25),תה ויסוצקי (ישראל) בעמ,,,יח`,50,גרם,false,1,24.90,49.80,true,1,
7290015155823,false,פאוץ`פרינוק תפוח 120 גר`,גורי מוצרי צריכה (1991) בעמ,,,יח`,120,גרם,false,1,5.90,4.92,true,1,
7290015155830,false,פאוץ`פרינוק תפוח בננה 120 גר`,גורי מוצרי צריכה (1991) בעמ,,,יח`,120,גרם,false,1,5.90,4.92,true,1,
7290015155847,false,פאוץ`פרינוק מחית סלט פירות 120 גר,גורי מוצרי צריכה (1991) בעמ,,,יח`,120,גרם,false,1,5.90,4.92,true,1,
7290015155885,false,חטיפטף בטעם אוכמניות 30  גר`פרינוק,גורי מוצרי צריכה (1991) בעמ,,,יח`,0,גרם,false,1,7.90,7.90,false,1,
7290015156769,false,פאוץ`פרינוק תפוח אכומניות 120 גר`,גורי מוצרי צריכה (1991) בעמ,,,יח`,120,גרם,false,1,5.90,4.92,true,1,
7290015156776,false,פאוץ`פרינוק פירות טרופיים 120 גר`,גורי מוצרי צריכה (1991) בעמ,,,יח`,120,גרם,false,1,5.90,4.92,true,1,
7290015156790,false,פאוץ`פרינוק לפתן פירות 120 גר`,גורי מוצרי צריכה (1991) בעמ,,,יח`,120,גרם,false,1,5.90,4.92,true,1,
7290015156813,false,פאוץ`פרינוק פירות מעורבים 120 גר`,גורי מוצרי צריכה (1991) בעמ,,,יח`,120,גרם,false,1,5.90,4.92,true,1,
7290015161206,false,קמח קוקוס אורגני ללא גלוטן 500  גר`נוטרה,י.איטליאנו אחזקות בעמ,,,יח`,5800,גרם,false,1,19.90,0.34,false,1,
7290015161558,false,קמח שיבולת שועל מלאה ללא גלוטן 500 גר`,י.איטליאנו אחזקות בעמ,,,יח`,500,גרם,false,1,27,5.40,false,1,
7290015161862,false,פת פריכה ערמונים 100  גר`איטליאנו,י.איטליאנו אחזקות בעמ,,,יח`,100,גרם,false,1,12.90,12.90,false,1,
7290015161930,false,פסטה עדשים צהובות GF  אורגנית( 250 גר`),י.איטליאנו אחזקות בעמ,,,יח`,250,גרם,false,1,17.90,7.16,false,1,
7290015161978,false,פסטה עדשים אדומות חומוס ופשתן GF אורגנית,י.איטליאנו אחזקות בעמ,,,יח`,250,גרם,false,1,17.90,7.16,false,1,
7290015251174,false,סבון ידיים ירוק שלישייה 3*500מל.,סאסאטק אגשח בעמ,,,יח`,1.50,1 ליטר,false,1,10.90,7.27,false,1,
7290015253277,false,פחמים 2קג,פחם קוואנגו סחר בעמ,,,יח`,2000,גרם,false,1,11.90,0.60,false,1,
7290015253314,false,פחם 4 קג פרימיום למעשנה וגריל.,פחם קוואנגו סחר בעמ,,,יח`,4000,גרם,false,1,24.90,0.62,false,1,
7290015282000,false,איקרה אדומה 200גר,סלטי שמיר 2006 בעמ,,,יח`,200,גרם,false,1,12.90,6.45,false,1,
7290015282024,false,איקרה לבנה 200גר,סלטי שמיר 2006 בעמ,,,יח`,200,גרם,false,1,12.90,6.45,false,1,
7290015282581,false,חומוס אבו גוש עם חריף 200גר,סלטי שמיר 2006 בעמ,,,יח`,200,גרם,false,1,9.90,4.95,true,1,
7290015282604,false,טחינה מיוחדת 200גר,סלטי שמיר 2006 בעמ,,,יח`,200,גרם,false,1,9.90,4.95,true,1,
7290015282628,false,חציל בטעם כבד 200גר,סלטי שמיר 2006 בעמ,,,יח`,200,גרם,false,1,11.90,5.95,true,1,
7290015282673,false,חציל במיונז ביתי 200גר,סלטי שמיר 2006 בעמ,,,יח`,200,גרם,false,1,9.90,4.95,true,1,
7290015282680,false,קישוא בטעם כבד 200גר,סלטי שמיר 2006 בעמ,,,יח`,200,גרם,false,1,9.90,4.95,true,1,
7290015282697,false,כרוב אדום 200גר,סלטי שמיר 2006 בעמ,,,יח`,200,גרם,false,1,9.90,4.95,true,1,
7290015282741,false,חציל תאילנדי 200 גר,סלטי שמיר 2006 בעמ,,,יח`,200,גרם,false,1,11.90,5.95,true,1,
7290015282796,false,סלט תפוח אדמה 200 גר,סלטי שמיר 2006 בעמ,,,יח`,200,גרם,false,1,11.90,5.95,true,1,
7290015320009,false,שוקולד מריר 3*100  גר`שקדיה,דין שיווק וקליה 2021 בעמ,,,יח`,300,גרם,false,1,8.90,2.97,false,1,
7290015320481,false,שוקולד מריר 60% יעד ממתקים,יעד ממתקים בעמ,,,יח`,1,,false,1,3.90,3.90,false,1,
7290015324007,false,פלפל שחור גרוס 80 גר`,תבליני טעם וריח בעמ,,,יח`,80,גרם,false,1,9.90,12.38,false,1,
7290015324014,false,פלפל שחור טחון 80 גר`,תבליני טעם וריח בעמ,,,יח`,80,גרם,false,1,9.90,12.38,false,1,
7290015324038,false,פפריקה מתוקה בשמן 80 גר`,תבליני טעם וריח בעמ,,,יח`,80,גרם,false,1,5.90,7.38,false,1,
7290015324045,false,פפריקה חריפה 80 גר`,תבליני טעם וריח בעמ,,,יח`,80,גרם,false,1,5.90,7.38,false,1,
7290015324052,false,פפריקה מתוקה 80 גר`,תבליני טעם וריח בעמ,,,יח`,80,גרם,false,1,5.90,7.38,false,1,
7290015324069,false,גריל עוף 80 גר`,תבליני טעם וריח בעמ,,,יח`,80,גרם,false,1,5.90,7.38,false,1,
7290015324076,false,זעתר מעורב 80 גר`,תבליני טעם וריח בעמ,,,יח`,80,גרם,false,1,5.90,7.38,false,1,
7290015324083,false,מלח לימון 80 גר`,תבליני טעם וריח בעמ,,,יח`,80,גרם,false,1,5.90,7.38,false,1,
7290015324090,false,כמון טחון 80 גר`,תבליני טעם וריח בעמ,,,יח`,80,גרם,false,1,5.90,7.38,false,1,
7290015324106,false,כורכום טחון 80 גר`,תבליני טעם וריח בעמ,,,יח`,80,גרם,false,1,5.90,7.38,false,1,
7290015324120,false,שום גבישי 80 גר`,תבליני טעם וריח בעמ,,,יח`,80,גרם,false,1,6.90,8.63,false,1,
7290015324151,false,חוואיג`למרק 80 גר`,תבליני טעם וריח בעמ,,,יח`,80,גרם,false,1,6.90,8.63,false,1,
7290015324427,false,סודה לשתיה 80 גר`,תבליני טעם וריח בעמ,,,יח`,80,גרם,false,1,4.90,6.13,false,1,
7290015324519,false,תערובת לפיצה 80 גר`,תבליני טעם וריח בעמ,,,יח`,80,גרם,false,1,5.90,7.38,false,1,
7290015324540,false,טימין מיכל גדול 30 גר`,תבליני טעם וריח בעמ,,,יח`,30,גרם,false,1,9.90,33,true,1,
7290015324557,false,בהרט לבישול מיכל גדול 80 גר`,תבליני טעם וריח בעמ,,,יח`,80,גרם,false,1,9.90,12.38,true,1,
7290015324571,false,פפריקה מתוקה בשמן בסגנון מרוקאי 400 גר`,תבליני טעם וריח בעמ,,,יח`,400,גרם,false,1,19.90,4.98,false,1,
7290015324588,false,פלפל לבן 100  גר`טעם וריח,תבליני טעם וריח בעמ,,,יח`,100,גרם,false,1,12.90,12.90,true,1,
7290015324717,false,מחית שום 210  גר`טעם וריח,תבליני טעם וריח בעמ,,,יח`,210,גרם,false,1,13.90,6.62,true,1,
7290015324724,false,מחית צ`ילי חריף 230  גר`טעם וריח,תבליני טעם וריח בעמ,,,יח`,230,גרם,false,1,13.90,6.04,true,1,
7290015325752,false,מגבונים רביעייה אסותא,עיסא ערטול בעמ,,,יח`,1,,false,1,15.90,15.90,false,1,
7290015347273,false,נטיפי שוקולד לאפייה שוקולדמריר 250גר,מיה תעשיות מזון מ.ת.מ. בעמ,,,יח`,250,גרם,false,1,9.90,3.96,false,1,
7290015347358,false,מיה סודה לשתיה קרטון 50 גר,מיה תעשיות מזון מ.ת.מ. בעמ,,,יח`,50,גרם,false,1,2.90,5.80,false,1,
7290015347464,false,קינואה מעורבת 400  גר`מיה,מיה תעשיות מזון מ.ת.מ. בעמ,,,יח`,400,גרם,false,1,19.90,4.98,true,1,
7290015347525,false,צ`יפס בטטה עם שום ורוזמרין 80 גר מיה,מיה תעשיות מזון מ.ת.מ. בעמ,,,יח`,80,גרם,false,1,9.90,12.38,true,1,
7290015350150,false,יין אדום חצי יבש של סגל (750 מל),טמפו משקאות בעמ,,,יח`,750,גרם,false,1,21.90,2.88,true,1,
7290015366663,false,אקוה פרש 100 מל עדין,גורי ע.ע.ע בעמ,,,יח`,100,גרם,false,1,6.90,6.90,true,1,
7290015366670,false,משחת שיניים בטעם מנטה אקוהפרש (100 מל),גורי ע.ע.ע בעמ,,,יח`,100,גרם,false,1,6.90,6.90,true,1,
7290015395045,false,קינואה שקדיה (400 גרם),דין שיווק וקליה 2021 בעמ,,,יח`,400,גרם,false,1,14.90,3.73,true,1,
7290015395939,false,חטיף יפני 150  גר`ששון הקולה,דין שיווק וקליה 2021 בעמ,,,יח`,150,גרם,false,1,14.90,9.93,true,1,
7290015437585,false,מוזלי קראנצי`י צימוק ושוקולד 600  גר`תומ,תומר יבוא ושיווק מוצרי מזון (1,,,יח`,600,גרם,false,1,12.90,2.15,false,1,
7290015652070,false,קשיו קלוי 150  גר`שקית,דין שיווק וקליה 2021 בעמ,,,יח`,150,גרם,false,1,12.90,8.60,true,1,
7290015652087,false,תערובת פיצוחים 150  גר`בשקית,דין שיווק וקליה 2021 בעמ,,,יח`,150,גרם,false,1,12.90,8.60,true,1,
7290015652254,false,גרעיני חמניה קלויים ששון הקולה (400 גרם),דין שיווק וקליה 2021 בעמ,,,יח`,400,גרם,false,1,10,2.50,false,1,
7290015652278,false,תערובת פיצוחים 250 גר`,דין שיווק וקליה 2021 בעמ,,,יח`,250,גרם,false,1,20,8,false,1,
7290015652292,false,קבוקים עם שומשום 400 גר`,דין שיווק וקליה 2021 בעמ,,,יח`,400,גרם,false,1,10,2.50,false,1,
7290015652322,false,בוטנים אמריקאים מצופים 400 גר`,דין שיווק וקליה 2021 בעמ,,,יח`,400,גרם,false,1,10,2.50,false,1,
7290015652407,false,פיסטוק קלוי ששון הקולה (250 גרם),דין שיווק וקליה 2021 בעמ,,,יח`,250,גרם,false,1,20,8,false,1,
7290015733120,false,מטרנה גולד שלב 1 (700 גר`),קבוצת אסם סחר שות. מוגבלת,,,יח`,700,גרם,false,1,74.90,10.70,true,1,
7290015733205,false,מטרנה אקסטרא קייר 700  גר`שלב 1 מהדרין,קבוצת אסם סחר שות. מוגבלת,,,יח`,700,גרם,false,1,59.90,8.56,true,1,
7290015733229,false,מטרנה אקסטרא קייר 700  גר`שלב 2 מהדרין,קבוצת אסם סחר שות. מוגבלת,,,יח`,700,גרם,false,1,59.90,8.56,true,1,
7290015733243,false,מטרנה אקסטרא קייר 700  גר`שלב3 מהדרין,קבוצת אסם סחר שות. מוגבלת,,,יח`,700,גרם,false,1,59.90,8.56,true,1,
7290015733427,false,מטרנה דייסת גם וגם 300  גר`וניל פרו,קבוצת אסם סחר שות. מוגבלת,,,יח`,300,גרם,false,1,18.90,6.30,true,1,
7290015733441,false,מטרנה דייסת גם וגם דגנים פרו 300 גר`,קבוצת אסם סחר שות. מוגבלת,,,יח`,300,גרם,false,1,18.90,6.30,true,1,
7290015733465,false,מטרנה דייסה גם וגם קורנפלור 300 גר`,קבוצת אסם סחר שות. מוגבלת,,,יח`,300,גרם,false,1,18.90,6.30,true,1,
7290015733977,false,מטרנה קומפורט 700 גרם HM-O,קבוצת אסם סחר שות. מוגבלת,,,יח`,700,גרם,false,1,67.90,9.70,false,1,
7290015781046,false,יין לבן חצי יבש VISION,יקב טפרברג 1870 בעמ (יינות ומש,,,יח`,750,גרם,false,1,39.90,5.28,true,1,
7290015781053,false,יין לבן יבש ויזון יקב טפרברג (750 מל),יקב טפרברג 1870 בעמ (יינות ומש,,,יח`,750,גרם,false,1,39.90,5.28,true,1,
7290015781091,false,יין קברנה סובניון VISION,יקב טפרברג 1870 בעמ (יינות ומש,,,יח`,750,גרם,false,1,39.90,5.28,true,1,
7290015781268,false,יין אדום מוסקטו מתוק טפרברג (750 מל),יקב טפרברג 1870 בעמ (יינות ומש,,,יח`,750,גרם,false,1,39.90,5.28,true,1,
7290015781275,false,יין לבן מוסקטו מתוק טפרברג (750 מל),יקב טפרברג 1870 בעמ (יינות ומש,,,יח`,750,גרם,false,1,39.90,5.28,true,1,
7290015781305,false,יין אדום אימפרשיין סירה טפרברג (750 מל),יקב טפרברג 1870 בעמ (יינות ומש,,,יח`,750,גרם,false,1,49.90,6.61,true,1,
7290015781664,false,אלגרו למברוסקו לבן 750 מל טפרברג,יקב טפרברג 1870 בעמ (יינות ומש,,,יח`,750,גרם,false,1,34.90,4.61,true,1,
7290015855013,false,פלפלונים -טינקרבל א.אדמה,א.אדמה (2007) בעמ,,,יח`,1,,false,1,9.90,9.90,false,1,
7290015855037,false,פלפל צ`ילי בשקית,א.אדמה (2007) בעמ,,,יח`,1,,false,1,9.90,9.90,false,1,
7290015855112,false,חמציץ,א.אדמה (2007) בעמ,,,יח`,1,,false,1,8.90,8.90,false,1,
7290015855143,false,שום קלוף 170 גרם,א.אדמה (2007) בעמ,,,יח`,170,גרם,false,1,12.90,7.59,false,1,
7290015855181,false,גינג`ר יחידה טרי,א.אדמה (2007) בעמ,,,יח`,1,,false,1,8.90,8.90,false,1,
7290015855273,false,בזיליקום מארז גדול א.אדמה,א.אדמה (2007) בעמ,,,יח`,1,,false,1,9.90,9.90,false,1,
7290015855495,false,חסה לאליק כ 150 גר,א.אדמה (2007) בעמ,,,יח`,150,גרם,false,1,12.90,8.60,false,1,
7290015855938,false,עלי בייבי א.אדמה,א.אדמה (2007) בעמ,,,יח`,250,גרם,false,1,14.90,5.96,false,1,
7290015858106,false,ממרח פסטו ביתי 180 גר-על לחם,שטראוס גרופ בעמ/מצונן,,,יח`,180,גרם,false,1,16.90,9.39,false,1,
7290015858144,false,ממרח ארטישוק 180 גר-על לחם,שטראוס גרופ בעמ/מצונן,,,יח`,180,גרם,false,1,16.90,9.39,false,1,
7290015858229,false,זיתי קלמטה 180 גר על לחם,שטראוס גרופ בעמ/מצונן,,,יח`,180,גרם,false,1,16.90,9.39,false,1,
7290015858328,false,איולי פסטו עללחם 295 גר`,שטראוס גרופ בעמ,,,יח`,295,גרם,false,1,12.90,4.37,false,1,
7290015858441,false,איולי פלפלים עללחם 295 גר`,שטראוס גרופ בעמ,,,יח`,295,גרם,false,1,12.90,4.37,false,1,
7290015858687,false,איולי שום עללחם 295 גר`,שטראוס גרופ בעמ,,,יח`,295,גרם,false,1,12.90,4.37,false,1,
7290015858694,false,איולי שום לימון עללחם 295 גר`,שטראוס גרופ בעמ,,,יח`,295,גרם,false,1,12.90,4.37,false,1,
7290015865692,false,ענבי ציון תענוג פרי תות שדה 400 גר`,אבאל יזמות בעמ,,,יח`,400,גרם,false,1,16.90,4.23,false,1,
7290015865708,false,ענבי ציון תענוג פרי אוכמניות 400 גר`,אבאל יזמות בעמ,,,יח`,400,גרם,false,1,16.90,4.23,false,1,
7290015865722,false,ענבי ציון קונפיטורה לייט תות שדה 400 גר`,אבאל יזמות בעמ,,,יח`,400,גרם,false,1,19.90,4.98,false,1,
7290015865739,false,ענבי ציון קונפיטורה לייט אוכמניות 400 גר,אבאל יזמות בעמ,,,יח`,400,גרם,false,1,19.90,4.98,false,1,
7290015865746,false,ענבי ציון קונפיטורה לייט פירות יער 400 ג,אבאל יזמות בעמ,,,יח`,400,גרם,false,1,19.90,4.98,false,1,
7290015888028,false,אורז בסמתי ריהמן 1 קג,בני ג`ורג` שוקחה (חיפה) בעמ,,,יח`,1,"ק""ג",false,1,10.90,10.90,false,1,
7290015888196,false,שמן חמניות 1 ליטר שוקחה,בני ג`ורג` שוקחה (חיפה) בעמ,,,יח`,1000,גרם,false,1,12.90,1.29,false,1,
7290015888301,false,שמן חמניות 3 ליטר שוקחה,בני ג`ורג` שוקחה (חיפה) בעמ,,,יח`,3000,גרם,false,1,36.90,1.23,false,1,
7290015888325,false,חומוס ענק 1  קג`שוקחה,בני ג`ורג` שוקחה (חיפה) בעמ,,,יח`,1,"ק""ג",false,1,15.90,15.90,false,1,
7290015951890,false,ירדן הר חרמון קברנה סובניון 750 מל,היכל היין שקד גולן בעמ,,,יח`,750,גרם,false,1,35.90,4.75,true,1,
7290015968102,false,קיסמי שיניים רפואיים עם חוט דנטלי 100 יח,אינטרסן 1996 בעמ,,,יח`,1,,false,1,14.90,14.90,true,1,
7290015968140,false,אטב אחיזה בעיצוב איטלקי 36 יח במארז,אינטרסן 1996 בעמ,,,יח`,1,,false,1,15.90,15.90,true,1,
7290015968348,false,נורת לד 9W אור לבן אינטרסן,אינטרסן 1996 בעמ,,,יח`,1,,false,1,14.90,14.90,true,1,
7290015968782,false,פדים להסרת איפוא במארז 80*3 יח,אינטרסן 1996 בעמ,,,יח`,1,,false,1,19.90,19.90,true,1,
7290015996983,false,סוכרלוז 100 שקית אפס קלוריות,שטראוס גרופ בעמ,,,יח`,130,גרם,false,1,25.90,19.92,false,1,
7290016006292,false,נקטר מנגו בננה ספרינג (1 ליטר),יפאורה,,,יח`,1,1 ליטר,false,1,6.90,6.90,false,1,
7290016006339,false,מים מינרלים מי עדן (1x4 ליטר),יפאורה,,,יח`,4,1 ליטר,false,1,10,2.20,false,1,
7290016006346,false,שוופס סודה 500 מל שישייה,יפאורה,,,יח`,3000,גרם,false,1,13.90,0.40,false,1,
7290016077759,false,רוטב ברביקין קלאסי 480  גר`היינץ,דיפלומט היינץ,,,יח`,480,גרם,false,1,16.90,3.52,false,1,
7290016087123,false,רוטב עגבניות פסטה קלאסי 240  גר`פריניר,אבאל יזמות בעמ,,,יח`,230,גרם,false,1,5.50,2.39,true,1,
7290016087222,false,רוטב עגבניות לשקשוקה 230  גר`פריניר,אבאל יזמות בעמ,,,יח`,230,גרם,false,1,5.50,2.39,true,1,
7290016087475,false,עגבניות חתוכות דק 400  גר`פריניר,אבאל יזמות בעמ,,,יח`,400,גרם,false,1,3.90,0.98,false,1,
7290016087499,false,עגבניות חתוכות דק שליישיה 400  גר`פריניר,אבאל יזמות בעמ,,,יח`,1.20,"ק""ג",false,1,11.90,9.92,false,1,
7290016087581,false,פריניר זיתים טבעות ירוק 390 גר`,אבאל יזמות בעמ,,,יח`,390,גרם,false,1,6.50,1.67,false,1,
7290016094695,false,אלכוגל 500 מל לידיים טבעי דר פישר .,פישר תעשיות פרמצבטיות בעמ,,,יח`,500,גרם,false,1,29.90,5.98,true,1,
7290016096491,false,שלישיית נתחי טונה בהירה בשמן צמחי 80 גר`,פילטונה תעשיות בעמ,,,יח`,240,גרם,false,1,9.90,4.13,false,1,
7290016096934,false,סלט טונה פילטונה,פילטונה תעשיות בעמ,,,יח`,1,,false,1,11.90,11.90,false,1,
7290016136142,false,תערובת להכנת פנקייק GFREE 400 גר כשלפ,גורי מוצרי צריכה (1991) בעמ,,,יח`,400,גרם,false,1,21.90,5.48,false,1,
7290016136722,false,פתיתים פנה ללא גולטן 340 גר(פסטה),גורי מוצרי צריכה (1991) בעמ,,,יח`,340,גרם,false,1,13.90,4.09,true,1,
7290016150117,false,סלק אדום בוואקום 500 גרם,ביג פוד כחול לבן בעמ*שיק 30 יו,,,יח`,1,,false,1,8.90,8.90,true,1,
7290016150711,false,נוזל קוקוס פחית 400  גר`AVEL,אבאל יזמות בעמ,,,יח`,400,גרם,false,1,5.90,1.48,true,1,
7290016150865,false,מוזלי בננה ותמר גרין (1 קג),משה סידס ובנו בעמ,,,יח`,1,"ק""ג",false,1,25.90,25.90,true,1,
7290016188608,false,למברוסקולבן חצי יבש 750 מל יקבי כרמל,אגודת הכורמים,,,יח`,750,גרם,false,1,26.90,3.55,true,1,
7290016197488,false,מטליות מיקרופייבר למשטחים ניקול) (3,קימברלי קלארק ישראל שיווק בעמ,,,יח`,1,,false,1,15.90,15.90,true,1,
7290016197495,false,מטליות מיקרופייבר לרצפה ניקול) (2,קימברלי קלארק ישראל שיווק בעמ,,,יח`,1,,false,1,24.90,24.90,true,1,
7290016197600,false,תחבושת דיפנד נורמל NORMAL,קימברלי קלארק ישראל שיווק בעמ,,,יח`,1,,false,1,19.90,19.90,false,1,
7290016197617,false,תחבושת דיפנד אקסטרא EXTRA,קימברלי קלארק ישראל שיווק בעמ,,,יח`,1,,false,1,19.90,19.90,false,1,
7290016197624,false,תחבושת דיפנד סופר SUPER,קימברלי קלארק ישראל שיווק בעמ,,,יח`,1,,false,1,25.90,25.90,true,1,
7290016197839,false,השקית החזקה XL,קימברלי קלארק ישראל שיווק בעמ,,,יח`,1,,false,1,24.90,24.90,false,1,
7290016217759,false,סלט חציל מרוקאי 200 גר,סלטי שמיר 2006 בעמ,,,יח`,200,גרם,false,1,11.90,5.95,true,1,
7290016246018,false,בארכה מיקס פינוקיות חלבה 10*20גר`,קבוצת אסם סחר שות. מוגבלת,,,יח`,200,גרם,false,1,11.90,5.95,true,1,
7290016246025,false,בארכה פינוקיות חלבה ללס 10*20גר`,קבוצת אסם סחר שות. מוגבלת,,,יח`,200,גרם,false,1,11.90,5.95,false,1,
7290016246445,false,טחינה גולמית מעודנת שומשום מלא  גר`310,קבוצת אסם סחר שות. מוגבלת,,,יח`,310,גרם,false,1,10.90,3.52,false,1,
7290016246452,false,טחינה גולמית מעודנת לימון שום 310  גר`בא,קבוצת אסם סחר שות. מוגבלת,,,יח`,310,גרם,false,1,10.90,3.52,false,1,
7290016246773,false,טחינה מתובלת גולמית מעודנת משומשום מלא ז,קבוצת אסם סחר שות. מוגבלת,,,יח`,310,גרם,false,1,13.90,4.48,false,1,
7290016276534,false,שמן קוקוס לא מזו,קונסיגנציה-דין שיווק וקליה 202,,,יח`,500,גרם,false,1,34.90,6.98,false,1,
7290016276855,false,תבשיל איטריות בטעם ירקות 70 גרם,דין שיווק וקליה 2021 בעמ,,,יח`,70,גרם,false,1,5.90,8.43,true,1,
7290016277470,false,שיבולת שועל 350  גר`דקה,דין שיווק וקליה 2021 בעמ,,,יח`,350,גרם,false,1,3.90,1.11,true,1,
7290016277487,false,שיבולת שועל 350  גר`עבה,דין שיווק וקליה 2021 בעמ,,,יח`,350,גרם,false,1,3.90,1.11,true,1,
7290016302059,false,מארז עשיריית ביס פרנה,קונסיגנציה ג`נרל מילס ישראל בע,,,יח`,1,,false,1,11.90,11.90,false,1,
7290016319200,false,עוגיות סנדוויץ אוראו  זוג( 300  גר`)טוסו,דנשר (1963) בעמ,,,יח`,300,גרם,false,1,16.90,5.63,false,1,
7290016320343,false,דאק זוג נוזל ג`ל לניקוי מתקדם בניחוח לבנ,דנשר (1963) בעמ,,,יח`,1.50,1 ליטר,false,1,18.90,12.60,true,1,
7290016321319,false,פמילי אל סבון אשכולית אדומה+משאבה 1 ליטר,דנשר (1963) בעמ,,,יח`,1,1 ליטר,false,1,14.90,14.90,true,1,
7290016321326,false,פמילי אל סבון מנדרינה ולואיזה+משאבה 1 לי,דנשר (1963) בעמ,,,יח`,1,1 ליטר,false,1,14.90,14.90,true,1,
7290016321661,false,פרש וואנס רביעייה מגבונים לחים ללא בישום,דנשר (1963) בעמ,,,יח`,1,,false,1,15.90,15.90,true,1,
7290016321890,false,נייר טואלט לח למובגרים מארז שלישייה פרש,דנשר (1963) בעמ,,,יח`,1,,false,1,14.90,14.90,true,1,
7290016329278,false,רביעיות מגבונים קמיל בלו 64 יח פישר,פישר תעשיות פרמצבטיות בעמ,,,יח`,1,,false,1,19.90,19.90,true,1,
7290016329308,false,סרקל קרם רוזמרין לשעיר מתולתל 325 מל,פישר תעשיות פרמצבטיות בעמ,,,יח`,325,גרם,false,1,27.90,8.58,false,1,
7290016372342,false,עגבניות חתוכות לקוביות בלה איטליה 400 גר,תה ויסוצקי (ישראל) בעמ,,,יח`,1.20,"ק""ג",false,1,16.90,14.08,false,1,
7290016372373,false,רסק עגבניות בלה איטליה 140*2 גר`,תה ויסוצקי (ישראל) בעמ,,,יח`,280,גרם,false,1,8.90,3.18,false,1,
7290016372496,false,חליטת ג``ינג`ר ודבש-סודות  הצמחים 25 שק,תה ויסוצקי (ישראל) בעמ,,,יח`,0,גרם,false,1,20.90,20.90,true,1,
7290016387254,false,משטח לייבוש כלים דו צדדי,מ.א.ייצור ויבוא מטליות בעמ,,,יח`,1,,false,1,8.90,8.90,false,1,
7290016411355,false,נבטים  סיניים**,פאר לי שיווק פירות וירקות בע*ש,,,יח`,1,,false,1,7.90,7.90,false,1,
7290016437621,false,מכנסוני פרידום דריי שלב 4 האגיס) (36,קימברלי קלארק ישראל שיווק בעמ,,,יח`,1,,false,1,41.90,41.90,false,1,
7290016509342,false,סוד מארז שלשות כחול נתלה לאסלה,גורי שיווק בעמ,,,יח`,1,,false,1,16.90,16.90,true,1,
7290016509786,false,פרסיל ג`ל 2.5 ליטר ירוק,גורי שיווק בעמ,,,יח`,2.50,1 ליטר,false,1,34.90,13.96,true,1,
7290016509809,false,פרסיל ג`ל 2.5 ליטר קולור,גורי שיווק בעמ,,,יח`,2.50,1 ליטר,false,1,34.90,13.96,true,1,
7290016510898,false,הוואי שמפו לשיער רגיל 700 מל פריחת דודב,הנקל סוד בעמ,,,יח`,700,גרם,false,1,8.90,1.27,false,1,
7290016564006,false,מבריקל  הפלא- ספוג לכלים שלישייה,אבאל יזמות בעמ,,,יח`,1,,false,1,9.90,9.90,false,1,
7290016564075,false,זוג מטליות מייקרופייבר לניקוי והברקה מבר,אבאל יזמות בעמ,,,יח`,1,,false,1,9.90,9.90,true,1,
7290016564228,false,ספוגית הפלא 12 יח פס כחול מבריקל,אבאל יזמות בעמ,,,יח`,1,,false,1,8.90,8.90,false,1,
7290016564235,false,זוג מטליות מיקרופייבר לרצפה גדולות מבריק,אבאל יזמות בעמ,,,יח`,1,,false,1,17.90,17.90,false,1,
7290016564242,false,מארז 4+2 ספוגלית הפלא מבריקל,אבאל יזמות בעמ,,,יח`,1,,false,1,9.90,9.90,false,1,
7290016564266,false,כיסוי הפלא 30 יח מבריקל,אבאל יזמות בעמ,,,יח`,1,,false,1,9.90,9.90,false,1,
7290016564273,false,שלישיית סחבות לרצפה מבריקל,אבאל יזמות בעמ,,,יח`,1,,false,1,14.90,14.90,false,1,
7290016564297,false,מארז זוג שקיות סנדוויץ 300 גר מבריקל,אבאל יזמות בעמ,,,יח`,1,,false,1,11.90,11.90,true,1,
7290016564303,false,מטליות מייקרופייבר מארז 5  יח`מבריקל,אבאל יזמות בעמ,,,יח`,1,,false,1,8.90,8.90,true,1,
7290016564310,false,ניילון נצמד זוגות 60 מטר מבריקל,אבאל יזמות בעמ,,,יח`,1,,false,1,9.90,9.90,true,1,
7290016564433,false,מבריקל מארז רביעית כרית יפנית,אבאל יזמות בעמ,,,יח`,1,,false,1,9.90,9.90,true,1,
7290016621013,false,קרם גוף קמיל בלו,פישר תעשיות פרמצבטיות בעמ,,,יח`,1,,false,1,29.90,29.90,true,1,
7290016621341,false,קמיל אל סבון נוזלי ניקיון ולחות צהוב 1 ל,פישר תעשיות פרמצבטיות בעמ,,,יח`,1,1 ליטר,false,1,15.90,15.90,true,1,
7290016682250,false,מיץ תפוגזר 1 ליטר פריניב,תנובה - פריניב,,,יח`,1,גרם,false,1,16.90,1660,false,1,
7290016682328,false,מיץ תפוזים עשוי מרכז 2 ליטר,תנובה - פריניב,,,יח`,2,1 ליטר,false,1,20.90,10.30,true,1,
7290016682335,false,מיץ תפוזים סחוט 2 ליטר פרי ניב,תנובה - פריניב,,,יח`,2,1 ליטר,false,1,25.90,12.80,true,1,
7290016682342,false,מיץ תפוזים ולנסיה 2 ליטר פרי ניב,תנובה - פריניב,,,יח`,2,1 ליטר,false,1,27.90,13.80,true,1,
7290016682359,false,מיץ תפוזים שמוטי 2 ליטר פרי ניב,תנובה - פריניב,,,יח`,2,1 ליטר,false,1,27.90,13.80,true,1,
7290016682380,false,מיץ לימונדה לואיזה 2 ליטר פרי ניב,תנובה - פריניב,,,יח`,2,1 ליטר,false,1,19.90,9.80,false,1,
7290016717044,false,באזז מנגו 750 מל,אגודת הכורמים,,,יח`,750,גרם,false,1,27.90,3.68,true,1,
7290016717631,false,יין לבן מבעבע מוסקטו 750 מל,אגודת הכורמים,,,יח`,750,גרם,false,1,39.90,5.28,true,1,
7290016717754,false,יין היובל ישן נושן יקבי כרמל (750 מל),אגודת הכורמים,,,יח`,750,גרם,false,1,19.90,2.61,true,1,
7290016866445,false,תערובת קמח תופח 500  גר`Gfree,גורי מוצרי צריכה (1991) בעמ,,,יח`,500,גרם,false,1,18.60,3.72,false,1,
7290016866643,false,משחת שיניים פרודונטקס פרש 75 מל,גורי ע.ע.ע בעמ,,,יח`,75,גרם,false,1,30.90,41.20,true,1,
7290016866650,false,משחת שיניים פרודונטקס אוריג`ינל 75 מל,גורי ע.ע.ע בעמ,,,יח`,75,גרם,false,1,30.90,41.20,true,1,
7290016866667,false,משחת שיניים פרודונטקס פלאוריד 75 מל,גורי ע.ע.ע בעמ,,,יח`,75,גרם,false,1,30.90,41.20,true,1,
7290016866674,false,משחת שיניים פרודונטקס מלבינה 75 מל,גורי ע.ע.ע בעמ,,,יח`,75,גרם,false,1,30.90,41.20,true,1,
7290016866704,false,סטייל שמפו קרטין E,גורי ע.ע.ע בעמ,,,יח`,750,גרם,false,1,24.90,3.32,false,1,
7290016866711,false,סטייל מרכך קרטין E,גורי ע.ע.ע בעמ,,,יח`,750,גרם,false,1,24.90,3.32,false,1,
7290016867053,false,לחם קל כוסמין בתוספת מחמצת 450 גר`,המאפה של דר מרק בריאות באפייה,,,יח`,450,גרם,false,1,18.90,4.20,false,1,
7290016867114,false,לחם קל מכוסמין מלא 500  גר`דר מרק,המאפה של דר מרק בריאות באפייה,,,יח`,500,גרם,false,1,17.90,3.58,false,1,
7290016867152,false,פיתות קלות  כוסמין( 5  יח)292  גר`דר מר,המאפה של דר מרק בריאות באפייה,,,יח`,500,גרם,false,1,13.90,2.78,false,1,
7290016867176,false,לחמניות קלות שומשום במתיקות מעודנת 500 ג,המאפה של דר מרק בריאות באפייה,,,יח`,500,גרם,false,1,13.90,2.78,false,1,
7290016867237,false,לחם קל כוסמין במתיקות מעודנת 400  גר`דר,המאפה של דר מרק בריאות באפייה,,,יח`,400,גרם,false,1,18.90,4.73,false,1,
7290016912500,false,אפקטיב קר תחריץ פנים לעור רגיל 180 מל,פישר תעשיות פרמצבטיות בעמ,,,יח`,180,גרם,false,1,17.90,9.94,false,1,
7290016967074,false,לחם חיטה מלאה 750 גר אנג`ל,שלמה א. אנג`ל בעמ,,,יח`,750,גרם,false,1,15.90,2.12,false,1,
7290017023229,false,שרינק שוופס רביעיות מוגז פירות 330 מל ס,יפאורה,,,יח`,1.32,1 ליטר,false,1,12.90,8.86,false,1,
7290017023236,false,שרינק שוופס רביעיות מוגז פירות 330 מל ס,יפאורה,,,יח`,1.32,1 ליטר,false,1,12.90,8.86,false,1,
7290017023663,false,שוופס רביעיות מוגז פירות 330 מל סליק ל,יפאורה,,,יח`,1.32,1 ליטר,false,1,12.90,8.86,false,1,
7290017023854,false,שוופס סודה 250 מל רביעייה,יפאורה,,,יח`,1,1 ליטר,false,1,13.90,13.90,true,1,
7290017023878,false,שוופס סודה נענע ליים 250 מל רביעייה,יפאורה,,,יח`,1,1 ליטר,false,1,13.90,13.90,true,1,
7290017031705,false,משחת שיניים קלין פרש סנסודיין (75 מל),גורי ע.ע.ע בעמ,,,יח`,75,גרם,false,1,21.90,29.20,true,1,
7290017044019,false,מגבונים אסותא בדלי עיסא ערטול) (400,עיסא ערטול בעמ,,,יח`,1,,false,1,19.90,19.90,false,1,
7290017044071,false,מגבונים אסותא בדלי ריח לימון) (400,עיסא ערטול בעמ,,,יח`,1,,false,1,19.90,19.90,false,1,
7290017058689,false,זית שחור יבש 400  גר`תומר,תומר יבוא ושיווק מוצרי מזון (1,,,יח`,400,גרם,false,1,14.90,3.73,false,1,
7290017058849,false,זית קלמטה צנצנת 350  גר`תומר,תומר יבוא ושיווק מוצרי מזון (1,,,יח`,350,גרם,false,1,14.90,4.26,false,1,
7290017062686,false,מרכך מרוכז  בייבי( 1  ליטר)טאצ`,סאסאטק אגשח בעמ,,,יח`,1,1 ליטר,false,1,10.90,10.90,false,1,
7290017062693,false,מרכך מרוכז  לבן( 1  ליטר)טאצ`,סאסאטק אגשח בעמ,,,יח`,1,1 ליטר,false,1,10.90,10.90,false,1,
7290017062716,false,מרכך מרוכז  ורוד( 1  ליטר)טאצ`,סאסאטק אגשח בעמ,,,יח`,1,1 ליטר,false,1,10.90,10.90,false,1,
7290017062747,false,נוזל כלים תפוח  (36% 750 מל)+משאבה  טאצ,סאסאטק אגשח בעמ,,,יח`,750,גרם,false,1,9.90,1.32,false,1,
7290017062754,false,נוזל כלים לימון  (36% 750 מל)+משאבה  טא,סאסאטק אגשח בעמ,,,יח`,750,גרם,false,1,9.90,1.32,false,1,
7290017065007,false,מוצרלה פרוסה 200 גר-מדף,מחלבות גד שיווק 1992 בעמ,,,יח`,200,גרם,false,1,17.90,8.95,false,1,
7290017065137,false,ריקוטה למריחה 5% טבעית 200  גר`מחלבות גד,מחלבות גד שיווק 1992 בעמ,,,יח`,200,גרם,false,1,9.90,4.95,false,1,
7290017065144,false,ריקוטה למריחה 5% עם בזיליקום 200  גר`גד,מחלבות גד שיווק 1992 בעמ,,,יח`,200,גרם,false,1,9.90,4.95,false,1,
7290017065236,false,גבינה בולגרית מעודנת 24% גד (250 גרם),מחלבות גד שיווק 1992 בעמ,,,יח`,250,גרם,false,1,23.90,9.56,false,1,
7290017065588,false,יוגורט יווני 600  גר`מחלבות גד,מחלבות גד שיווק 1992 בעמ,,,יח`,600,גרם,false,1,16.90,2.82,false,1,
7290017065731,false,גבינת שמנת ניו יורק 30% עם כמהין 200 גר`,מחלבות גד שיווק 1992 בעמ,,,יח`,200,גרם,false,1,12.90,6.45,true,1,
7290017065786,false,גבינה אנגלית קשה צ`דר 210  גר`גד,מחלבות גד שיווק 1992 בעמ,,,יח`,210,גרם,false,1,23.90,11.38,false,1,
7290017065960,false,רוטב פורצ`יני מחלבות גד 200 גר`,מחלבות גד שיווק 1992 בעמ,,,יח`,200,גרם,false,1,14.90,7.45,false,1,
7290017068374,false,שמרים בוואקום 500  גר`מיה,מיה תעשיות מזון מ.ת.מ. בעמ,,,יח`,500,גרם,false,1,12.50,2.50,false,1,
7290017068848,false,סוכריות קישוט לעוגה צבעוני 200  גר`` צנצ,מיה תעשיות מזון מ.ת.מ. בעמ,,,יח`,200,גרם,false,1,9.90,4.95,false,1,
7290017068893,false,ג`לי דגיגים בציפוי סוכר 350 גר מיה,מיה תעשיות מזון מ.ת.מ. בעמ,,,יח`,350,גרם,false,1,14.90,4.26,false,1,
7290017068916,false,ג`לי טבעות בציפוי סוכר 350 גר מיה,מיה תעשיות מזון מ.ת.מ. בעמ,,,יח`,350,גרם,false,1,14.90,4.26,false,1,
7290017068930,false,ג`לי בינס חמוצמוץ 375  גר`מיה,מיה תעשיות מזון מ.ת.מ. בעמ,,,יח`,375,גרם,false,1,14.90,3.97,false,1,
7290017088051,false,חיתולים בייביסיטר מידה 3 (52 יח),שקד תבל בעמ,,,יח`,1,,false,1,32.90,32.90,true,1,
7290017088327,false,מגבונים בייביסיטר רביעייה ללא בישום,שקד תבל בעמ,,,יח`,1,,false,1,17.90,17.90,true,1,
7290017094847,false,סלט תפוח  אדמה( 400  גר`)אסלי,סלטי שמיר 2006 בעמ,,,יח`,400,גרם,false,1,9.90,2.48,true,1,
7290017094861,false,חומוס עם רוטב  מסבחה( 400  גר`)אסלי,סלטי שמיר 2006 בעמ,,,יח`,400,גרם,false,1,9.90,2.48,true,1,
7290017105369,false,סירופ דיאט בטעם תה אפרסק יכין (1 ליטר),זנלכל בעמ,,,יח`,1000,גרם,false,1,16.90,1.69,false,1,
7290017105383,false,מארז גרעיני תירס קידס מתוק יכין,זנלכל בעמ,,,יח`,200,גרם,false,1,14.50,7.25,false,1,
7290017105468,false,אפונה גינה עדינה יכין (200x3 גרם),זנלכל בעמ,,,יח`,550,גרם,false,1,14.90,2.71,false,1,
7290017105550,false,רסק עגבניות 100  גר`רביעייה יכין,זנלכל בעמ,,,יח`,400,גרם,false,1,11.90,2.98,false,1,
7290017105895,false,גרגרי חומוס מסעדות 550  גר`יכין,זנלכל בעמ,,,יח`,550,גרם,false,1,9.90,1.80,true,1,
7290017121048,false,פלפל צ`ומה 250 גר על לחם,שטראוס גרופ בעמ/מצונן,,,יח`,250,גרם,false,1,13.90,5.56,false,1,
7290017142159,false,נתחי טונה בהירה בשמן זית 80  גר`שלישייה,סוגת תעשיות בעמ,,,יח`,240,גרם,false,1,23.90,9.96,true,1,
7290017142166,false,פילה טונה פרוס עם שמן זית 120  גר`עץ הזי,סוגת תעשיות בעמ,,,יח`,120,גרם,false,1,14.90,12.42,true,1,
7290017142180,false,פילה טונה פרוס עם שמן זית טעם לימון עם פ,סוגת תעשיות בעמ,,,יח`,120,גרם,false,1,14.90,12.42,true,1,
7290017142203,false,פילה טונה פרוס עם שמן זית בטעם מעושן 120,סוגת תעשיות בעמ,,,יח`,120,גרם,false,1,14.90,12.42,true,1,
7290017142371,false,שמן שומשום לא מזוכך 250 מל עץ הזית,סוגת תעשיות בעמ,,,יח`,250,גרם,false,1,29.90,11.96,false,1,
7290017142388,false,שמן חמניות פלוס 1 ליטר אומגה 3 עץ הזית,סוגת תעשיות בעמ,,,יח`,1,1 ליטר,false,1,15.90,15.90,true,1,
7290017142395,false,פסטה עם טונה בשמן זית 160  גר`עץ הזית,סוגת תעשיות בעמ,,,יח`,160,גרם,false,1,13.90,8.69,true,1,
7290017142401,false,קינואה לבנה ואדומה עם טונה בשמן זית 160,סוגת תעשיות בעמ,,,יח`,160,גרם,false,1,13.90,8.69,true,1,
7290017142487,false,בורגול עם גרגירי חומוס עם טונה בשמן זית,סוגת תעשיות בעמ,,,יח`,160,גרם,false,1,13.90,8.69,true,1,
7290017142500,false,תרסיס שמן זית בטעם שום עץ הזית 150 מל,סוגת תעשיות בעמ,,,יח`,150,גרם,false,1,17.90,11.93,false,1,
7290017189413,false,גולד רינג טבעות בצל 600 גר`,קפוא-זן תעשיות מזון בעמ - תפוג,,,יח`,600,גרם,false,1,15.90,2.65,false,1,
7290017197012,false,אל סבון תות ורוד 1 ליטר LA BELLE,פארמה דיל (פ.א.ב.) שיווק והפצה,,,יח`,1,1 ליטר,false,1,8.90,8.90,false,1,
7290017197029,false,אל סבון מאסק 1 ליטר LA BELLE,פארמה דיל (פ.א.ב.) שיווק והפצה,,,יח`,1,1 ליטר,false,1,8.90,8.90,false,1,
7290017197036,false,אל סבון מלון פפאיה 1 ליטר LA BELLE,פארמה דיל (פ.א.ב.) שיווק והפצה,,,יח`,1,1 ליטר,false,1,8.90,8.90,false,1,
7290017197043,false,אל סבון קלאסיק מרענן 1 ליטר LA BELLE,פארמה דיל (פ.א.ב.) שיווק והפצה,,,יח`,1,1 ליטר,false,1,8.90,8.90,false,1,
7290017197456,false,אסותא מגבוני נייר טואלט שלישייה,עיסא ערטול בעמ,,,יח`,1,,false,1,9.90,9.90,false,1,
7290017236551,false,משחת כלים אמה 3.5 קג לימון,עיסא ערטול בעמ,,,יח`,3.50,"ק""ג",false,1,26.90,7.69,false,1,
7290017239101,false,פילה סלמון נורווגי עישון קר עדין פרוס בא,פוד קולקשן בעמ,,,יח`,1000,גרם,false,1,21.90,2.19,false,1,
7290017239118,false,קרפצ`יו סלמון נורווגי פרוס באריזת פרימיו,פוד קולקשן בעמ,,,יח`,1000,גרם,false,1,19.90,1.99,false,1,
7290017239187,false,מקרל אטלנטי מעושן פרוס 250 גר,פוד קולקשן בעמ,,,יח`,250,גרם,false,1,29.90,11.96,false,1,
7290017239941,false,מקרוסקה עם תבלינים 250 גר,פוד קולקשן בעמ,,,יח`,250,גרם,false,1,34.90,13.96,false,1,
7290017266060,false,וופל קראנץ שוקו ללא סוכר 175  גר`עלמה,רזיט שיווק בעמ,,,יח`,175,גרם,false,1,6.90,3.94,false,1,
7290017275482,false,סירופ בטעם ענבים 900 מל,אחדות בעמ,,,יח`,900,גרם,false,1,14.90,1.66,false,1,
7290017275505,false,סירופ בטעם פטל 900 מל,אחדות בעמ,,,יח`,900,גרם,false,1,14.90,1.66,false,1,
7290017289205,false,יין קברנה סוביניון 750 מל ישראלי,יקב טפרברג 1870 בעמ (יינות ומש,,,יח`,750,גרם,false,1,21.90,2.88,true,1,
7290017289595,false,יין אדום יבש בלנד 750  מל( inspier 150,יקב טפרברג 1870 בעמ (יינות ומש,,,יח`,750,גרם,false,1,74.90,9.95,true,1,
7290017289618,false,יין אדום פטיט סירהיקב טפרברג (750 מל),יקב טפרברג 1870 בעמ (יינות ומש,,,יח`,750,גרם,false,1,49.90,6.61,true,1,
7290017291123,false,שום יבש,חברת יוסף אופנהימר 1986 בעמ,,,יח`,1,,false,1,5,5,false,1,
7290017297088,false,ציפס 2 קג,ויטה -פרי גליל (החדשה) בעמ,,,יח`,2000,גרם,false,1,21.90,1.10,false,1,
7290017297095,false,סטייק ציפס 2 קג,ויטה -פרי גליל (החדשה) בעמ,,,יח`,2000,גרם,false,1,21.90,1.10,false,1,
7290017297170,false,לקט אסייתי  להקפצה( 800  גר`)פרי הגליל,ויטה -פרי גליל (החדשה) בעמ,,,יח`,800,גרם,false,1,16.90,2.11,false,1,
7290017297194,false,לקט ירקות  לתנור( 800  גר`)פרי הגליל,ויטה -פרי גליל (החדשה) בעמ,,,יח`,800,גרם,false,1,16.90,2.11,false,1,
7290017297217,false,עדשים ירוקות מושרות (800  גר`)פרי הגליל,ויטה -פרי גליל (החדשה) בעמ,,,יח`,800,גרם,false,1,13.90,1.74,false,1,
7290017297224,false,שעועית  אדומה( 800  גר`)פרי הגליל,ויטה -פרי גליל (החדשה) בעמ,,,יח`,800,גרם,false,1,11.90,1.49,false,1,
7290017297644,false,ברוקלי 800  גר`פרי גליל,ויטה -פרי גליל (החדשה) בעמ,,,יח`,800,גרם,false,1,14.90,1.86,false,1,
7290017297682,false,כרובית 800 גרם פרי גליל,ויטה -פרי גליל (החדשה) בעמ,,,יח`,800,גרם,false,1,9.90,1.24,false,1,
7290017304885,false,לחם שיפון וחיטה מלאה 750 גר אנג`ל,שלמה א. אנג`ל בעמ,,,יח`,750,גרם,false,1,16.90,2.25,false,1,
7290017374390,false,סט שירותים מיוחד,מ.א.ייצור ויבוא מטליות בעמ,,,יח`,1,,false,1,20.90,20.90,false,1,
7290017374925,false,מטאטא  אמור+ מקל,מ.א.ייצור ויבוא מטליות בעמ,,,יח`,1,,false,1,19.90,19.90,false,1,
7290017440286,false,מרכך קידס דר פישר 750 מל,פישר תעשיות פרמצבטיות בעמ,,,יח`,750,גרם,false,1,16.90,2.25,false,1,
7290017440309,false,שמפו קידס דר פישר 750 מל,פישר תעשיות פרמצבטיות בעמ,,,יח`,750,גרם,false,1,16.90,2.25,false,1,
7290017440323,false,שמפו+מרכך קידס דר פישר 750 מל,פישר תעשיות פרמצבטיות בעמ,,,יח`,750,גרם,false,1,16.90,2.25,false,1,
7290017440699,false,מרכך בלונד 400 מל דר פישר,פישר תעשיות פרמצבטיות בעמ,,,יח`,400,גרם,false,1,29.90,7.48,false,1,
7290017457574,false,סוד כדוריות נתלה שלשות פרחים מהדורה מיוח,גורי שיווק בעמ,,,יח`,1,,false,1,16.90,16.90,true,1,
7290017457581,false,סוד מרכך  מרוכז( 900  מל)+20%בישום  -co,גורי שיווק בעמ,,,יח`,900,גרם,false,1,11.90,1.32,false,1,
7290017457734,false,סוד מרכך  מרוכז( 900 מל%+)20בישום -ורו,גורי שיווק בעמ,,,יח`,900,גרם,false,1,11.90,1.32,false,1,
7290017477169,false,אגוזי קשיו 250  גר`ששון הקולה,דין שיווק וקליה 2021 בעמ,,,יח`,250,גרם,false,1,20,8,false,1,
7290017477374,false,מטבעות שוקולד חלב לאפייה 300  גר`שקדיה,דין שיווק וקליה 2021 בעמ,,,יח`,300,גרם,false,1,13.90,4.63,false,1,
7290017477381,false,מטבעות שוקולד מריר 45% לאפייה 300  גר`שק,דין שיווק וקליה 2021 בעמ,,,יח`,300,גרם,false,1,13.90,4.63,false,1,
7290017477596,false,תמר מג`הול 400  גר`שקדיה,דין שיווק וקליה 2021 בעמ,,,יח`,400,גרם,false,1,19.90,4.98,true,1,
7290017513485,false,מחית עגבניות רוסטיקה בלה איטליה (680 גרם,תה ויסוצקי (ישראל) בעמ,,,יח`,680,גרם,false,1,13.90,2.04,true,1,
7290017513775,false,בייגלהמצופים שוקולד חלב 140 גר` פליפז,תה ויסוצקי (ישראל) בעמ,,,יח`,140,גרם,false,1,8.90,6.36,true,1,
7290017513782,false,בייגלה מצופים שוקולד מריר 140 גר` פליפז,תה ויסוצקי (ישראל) בעמ,,,יח`,140,גרם,false,1,8.90,6.36,true,1,
7290017589565,false,יין קלאסיק גוורץ יקבי ברקן (750 מל),טמפו משקאות בעמ,,,יח`,750,גרם,false,1,32.90,4.35,true,1,
7290017589633,false,רזרב קברנה סובניון יקבי ברקן (750  מל)G,טמפו משקאות בעמ,,,יח`,750,גרם,false,1,49.90,6.61,true,1,
7290017599236,false,סוכרזית סטיוויה 200 טבליות,שטראוס גרופ בעמ,,,יח`,1,,false,1,25.90,25.90,true,1,
7290017599250,false,סוכרזית קלאסי 120  גר`שקיות,שטראוס גרופ בעמ,,,יח`,120,גרם,false,1,15.90,13.25,false,1,
7290017599267,false,סוכרזית סוכרלוז 120  גר`שקיות,שטראוס גרופ בעמ,,,יח`,120,גרם,false,1,24.90,20.75,false,1,
7290017599274,false,סוכרזית סטיוויה 120  גר`שקיות,שטראוס גרופ בעמ,,,יח`,120,גרם,false,1,34.90,29.08,true,1,
7290017617046,false,טונה בשמן זית כתית מעולה 140 גר` סטארקיס,סטארקיסט דיפלומט היינץ,,,יח`,560,גרם,false,1,26.90,4.80,false,1,
7290017617084,false,סטארקיסט מיקס טוגו טונה עם שעועית 185 גר,סטארקיסט דיפלומט היינץ,,,יח`,185,גרם,false,1,12.90,6.97,false,1,
7290017617091,false,סטארקיסט מיקס טוגו טונה עם פתיתים 185 גר,סטארקיסט דיפלומט היינץ,,,יח`,185,גרם,false,1,12.90,6.97,false,1,
7290017617107,false,סטארקיסט מיקס טוגו טונה עם 4 דגנים 185 ג,סטארקיסט דיפלומט היינץ,,,יח`,185,גרם,false,1,12.90,6.97,false,1,
7290017617411,false,סטארקיסט מיקס סלמון עם אורז מלא וירקות 1,סטארקיסט דיפלומט היינץ,,,יח`,160,גרם,false,1,14.90,9.31,false,1,
7290017617428,false,סטארקיסט מיקס סלמון עם עם פסטה ברוטב עגב,סטארקיסט דיפלומט היינץ,,,יח`,160,גרם,false,1,14.90,9.31,false,1,
7290017617435,false,סטארקיסט מיקס סלמון עם עדשים קינואה וירק,סטארקיסט דיפלומט היינץ,,,יח`,160,גרם,false,1,14.90,9.31,false,1,
7290017618111,false,עוגיות מלבן שקדים עם טריפל שוקולד 180 גר,אבאל יזמות בעמ,,,יח`,180,גרם,false,1,18.90,10.50,false,1,
7290017637532,false,שמפו BLOND לשיער בלונד/בהיר מיקי בוגנים,סאסטק מיקי בוגנים,,,יח`,500,גרם,false,1,39.90,7.98,false,1,
7290017637655,false,שמפו KERATIN ללא מלחים מיקי בוגנים 500 מ,סאסטק מיקי בוגנים,,,יח`,500,גרם,false,1,29.90,5.98,false,1,
7290017647425,false,גמלא קברנה סוביניון,היכל היין שקד גולן בעמ,,,יח`,750,גרם,false,1,68.20,9.05,true,1,
7290017677804,false,רוטב סויה (444 מל) קיקומן,דיפלומט היינץ,,,יח`,444,גרם,false,1,29.90,6.73,true,1,
7290017677811,false,רוטב סויה קיקומן (296 מל),דיפלומט היינץ,,,יח`,296,גרם,false,1,12.90,4.36,false,1,
7290017682617,false,מגב עם  תפסן+  מקל( 40  סמ) CLING,מ.א.ייצור ויבוא מטליות בעמ,,,יח`,1,,false,1,16.90,16.90,false,1,
7290017712277,false,פרמיו שימורי מזון מלא עם כבש במרקם פטה פ,שחורי אריה ואנסטסיה,,,יח`,150,גרם,false,1,5.90,3.93,false,1,
7290017712673,false,הוריזן בקר וכבד לכלב ננסי 100 גר`,שחורי אריה ואנסטסיה,,,יח`,1,,false,1,4.90,4.90,false,1,
7290017712727,false,פרמיו גור בקר וכבד 100 גר`,שחורי אריה ואנסטסיה,,,יח`,100,גרם,false,1,4.90,4.90,false,1,
7290017712741,false,פרמיו כבד 100 גר`,שחורי אריה ואנסטסיה,,,יח`,100,גרם,false,1,4.90,4.90,false,1,
7290017712772,false,פרמיו בקר וכבד 100 גר`,שחורי אריה ואנסטסיה,,,יח`,100,גרם,false,1,4.90,4.90,false,1,
7290017812052,false,קברנה סוביניון 750 מל אקסלנס שיראז,אגודת הכורמים,,,יח`,750,גרם,false,1,26.90,3.55,true,1,
7290017812069,false,ריזלינג שרדונה 750 מל אקסלנס,אגודת הכורמים,,,יח`,750,גרם,false,1,26.90,3.55,true,1,
7290017812571,false,תירוש אדום 1 ליטר 100% טבעי,אגודת הכורמים,,,יח`,1,1 ליטר,false,1,19.90,19.90,false,1,
7290017812588,false,תירוש לבן 1 ליטר 100% טבעי,אגודת הכורמים,,,יח`,1,1 ליטר,false,1,19.90,19.90,false,1,
7290017812618,false,מיץ ענבים רוזה תירוש 1 ליטר 100% טבעי,אגודת הכורמים,,,יח`,1,1 ליטר,false,1,19.90,19.90,false,1,
7290017812847,false,יין לבן חצי  יבש( 750  מל)פרנ`ץ גוורצרמ,אגודת הכורמים,,,יח`,750,גרם,false,1,29.90,3.95,true,1,
7290017812977,false,יין ספארקלינג אננס 750 מל BUZZ,אגודת הכורמים,,,יח`,750,גרם,false,1,27.90,3.68,true,1,
7290017871448,false,טוסו חטיף תמרים וקשיו ללתס ללא גלוטן,דנשר (1963) בעמ,,,יח`,100,גרם,false,1,16.90,16.90,true,1,
7290017872056,false,אל סבון סדרה לבנה מארז שלישייה 500 מל פ,דנשר (1963) בעמ,,,יח`,1.50,1 ליטר,false,1,15.90,10.60,false,1,
7290017872063,false,אל סבון ארומתרפי מארז שלישייה 500 מל פמ,דנשר (1963) בעמ,,,יח`,1.50,1 ליטר,false,1,15.90,10.60,false,1,
7290017872179,false,עוגיות טחינה 200 גר` טוסו,דנשר (1963) בעמ,,,יח`,200,גרם,false,1,18.90,9.45,true,1,
7290017872193,false,עוגיות שקדים וקינמון 200 גר` טוסו,דנשר (1963) בעמ,,,יח`,200,גרם,false,1,18.90,9.45,true,1,
7290017872667,false,סבון ידיים יהלום 500 מל עם שמן קמומיל פ,דנשר (1963) בעמ,,,יח`,500,גרם,false,1,9.90,1.98,false,1,
7290017872865,false,בייביביס חטיף אפוי טעם גזר ועגבנייה 40 ג,דנשר (1963) בעמ,,,יח`,40,גרם,false,1,13.90,34.75,true,1,
7290017872872,false,בייביביס חטיף אפוי טעם גזר וסלק 40 גר`,דנשר (1963) בעמ,,,יח`,40,גרם,false,1,13.90,34.75,true,1,
7290017884462,false,ריבועי בצק עלים 450  גר`אריאל,מאפיית אריאל בעמ,,,יח`,450,גרם,false,1,17.90,3.98,false,1,
7290017888026,false,אננס תפוח גזר 350 מל fruit   veg,יפאורה,,,יח`,350,גרם,false,1,6.90,1.89,true,1,
7290017888033,false,בננה לימון נענע סלק 350 מל fruit   veg,יפאורה,,,יח`,350,גרם,false,1,6.90,1.89,true,1,
7290017888095,false,שוופס מוגז עדין פירות יער 330 מל פחיות,יפאורה,,,יח`,1320,גרם,false,1,12.90,0.89,false,1,
7290017888101,false,שוופס מוגז עדין אפרסק 330 מל פחיות רביע,יפאורה,,,יח`,1320,1 ליטר,false,1,12.90,0.01,false,1,
7290017888644,false,אננס בננה כוכרכום 350 מל fruit   veg,יפאורה,,,יח`,350,גרם,false,1,6.90,1.89,true,1,
7290017888729,false,שוופס סודה 1 ליטר,יפאורה,,,יח`,1,1 ליטר,false,1,3.90,3.90,true,1,
7290017907215,false,קמח למאפי שמרים תמי 500 גר`,י.איטליאנו אחזקות בעמ,,,יח`,500,גרם,false,1,18.90,3.78,false,1,
7290017907222,false,קמח תופח תמי 500 גר`-כשלפ,י.איטליאנו אחזקות בעמ,,,יח`,500,גרם,false,1,18.90,3.78,false,1,
7290017913094,false,אסותא נוזל רצפות סגול 4 ליטר,עיסא ערטול בעמ,,,יח`,4000,גרם,false,1,14.90,0.37,false,1,
7290017913100,false,אסותא נוזל רצפות ירוק 4 ליטר,עיסא ערטול בעמ,,,יח`,4000,גרם,false,1,14.90,0.37,false,1,
7290017913162,false,אסותא מרכך כביסה 4  ליטר(כחול),עיסא ערטול בעמ,,,יח`,4000,גרם,false,1,14.90,0.37,false,1,
7290017917283,false,רביעיות מגבונים קמיל בלו 64 יח פישר ללא,פישר תעשיות פרמצבטיות בעמ,,,יח`,1,,false,1,19.90,19.90,true,1,
7290017917450,false,קמיל בלו סנסיטיב אל סבון ושמפו צמחי מרפא,פישר תעשיות פרמצבטיות בעמ,,,יח`,1,1 ליטר,false,1,32.90,32.90,true,1,
7290017917467,false,קמיל בלו אל סבון שיבולת שועל 1 ליטר,פישר תעשיות פרמצבטיות בעמ,,,יח`,1,1 ליטר,false,1,32.90,32.90,true,1,
7290017928098,false,בייגלה שטוח מלח 330 גר` מאיר בייגל,דנשר (1963) בעמ,,,יח`,330,גרם,false,1,11.90,3.61,true,1,
7290017928227,false,בייגלה שטוחלה פינוקים 300 גר` מאיר ביי,דנשר (1963) בעמ,,,יח`,300,גרם,false,1,11.90,3.97,true,1,
7290017928432,false,מקלות גריסני קראנץ פרג` 175 גר` מאיר ביי,דנשר (1963) בעמ,,,יח`,175,גרם,false,1,11.90,6.80,true,1,
7290017928463,false,שברי בייגלה בטעם דבש חרדל  ובצל( 300 גר`,דנשר (1963) בעמ,,,יח`,300,גרם,false,1,12.90,4.30,true,1,
7290017928609,false,בייגלה טבעות שומשום 300 גר` מאיר בייגל,דנשר (1963) בעמ,,,יח`,300,גרם,false,1,11.90,3.97,true,1,
7290017928630,false,מקלות גריסני קראנץ פינוקים 175 גר` מאיר,דנשר (1963) בעמ,,,יח`,175,גרם,false,1,11.90,6.80,true,1,
7290017928661,false,שברי בייגלה בטעם  צ`דר( 300  גר`)סמאש,דנשר (1963) בעמ,,,יח`,300,גרם,false,1,12.90,4.30,true,1,
7290017928807,false,בייגלה אצבעות שומשום 300 גר` מאיר בייגל,דנשר (1963) בעמ,,,יח`,300,גרם,false,1,11.90,3.97,true,1,
7290017928821,false,מקלות גריסני קלאסי 200 גר` מאיר בייגל,דנשר (1963) בעמ,,,יח`,200,גרם,false,1,11.90,5.95,true,1,
7290017946474,false,תחליב רחצה הוואי סודות פולינזיה 700 מל,הנקל סוד בעמ,,,יח`,700,גרם,false,1,9.90,1.41,false,1,
7290017947105,false,לחם בסגנון אמריקה 500  גר`אנג`ל,שלמה א. אנג`ל בעמ,,,יח`,500,גרם,false,1,14.90,2.98,false,1,
7290017947457,false,חלה קלועה כוסמין 500  גר`אנג`ל,שלמה א. אנג`ל בעמ,,,יח`,500,גרם,false,1,16.90,3.38,false,1,
7290017947464,false,פיתות כוסמין  שמינייה( 400  גר`)אנג`ל,שלמה א. אנג`ל בעמ,,,יח`,1,,false,1,16.90,16.90,false,1,
7290017947495,false,לחמניות כוסמין 6  יח(450  גר`)אנג`ל,שלמה א. אנג`ל בעמ,,,יח`,450,גרם,false,1,14.90,3.31,false,1,
7290017947891,false,לחם כוסמין וחיטה מלאה 750  גר`אנגל,שלמה א. אנג`ל בעמ,,,יח`,750,גרם,false,1,16.90,2.25,false,1,
7290017947921,false,לחמניות המבורגר שישייה,שלמה א. אנג`ל בעמ,,,יח`,450,גרם,false,1,14.90,3.31,false,1,
7290017947938,false,לחמניות מיני המבורגר אמריקה 400  גר`אנג`,שלמה א. אנג`ל בעמ,,,יח`,400,גרם,false,1,14.90,3.73,false,1,
7290018011126,false,מאגדת שלגון אננס פסיפלורה ומנגו 5יח`,תמרה ארטיק בעמ,,,יח`,400,גרם,false,1,42.90,10.73,false,1,
7290018011324,false,מאגדת סורבה קוקוס 5 יח`,תמרה ארטיק בעמ,,,יח`,400,גרם,false,1,42.90,10.73,false,1,
7290018011522,false,מאגדת שלגון בננה ושוקולד 5 יח`,תמרה ארטיק בעמ,,,יח`,400,גרם,false,1,42.90,10.73,false,1,
7290018011713,false,מאגדת יוגורט תות ומקופלת 5 יח`,תמרה ארטיק בעמ,,,יח`,400,גרם,false,1,42.90,10.73,false,1,
7290018029206,false,עוגיות כתר ריבה מיקס 600 גר`,שיבולים יצור ושיווק מוצרי מאפה,,,יח`,600,גרם,false,1,19.90,3.32,false,1,
7290018043196,false,דאבל שוקולד לבן עוגיות 60 גר`,דיפלומט היינץ,,,יח`,60,גרם,false,1,12.90,21.50,true,1,
7290018043844,false,דאבל בוטנים קרמל קראנץ 60 גר`,דיפלומט היינץ,,,יח`,60,גרם,false,1,12.90,21.50,true,1,
7290018045497,false,דגני בוקר בון בון במילוי קרם שוקולד 480,ר.ב מוצרי דגנים בעמ,,,יח`,480,גרם,false,1,22.90,4.77,true,1,
7290018071205,false,כפפות ניטרו -Vכחולות אלסטיות S ללא אבקה,אינטרסן 1996 בעמ,,,יח`,1,,false,1,18.90,18.90,true,1,
7290018091074,false,מעדנות בצק עוגיות שוקולד ציפס 300גר,תנובה קפואים,,,יח`,300,גרם,false,1,14.90,4.97,false,1,
7290018091272,false,מעדנות בצק עוגיות קקאו טריפל שוקולד ציפס,תנובה קפואים,,,יח`,300,גרם,false,1,14.90,4.97,false,1,
7290018091876,false,מאפה פילו גבינה 320  גר`מעדנות,תנובה קפואים,,,יח`,320,גרם,false,1,19.90,6.22,false,1,
7290018098585,false,קציצות 300 גר` Beef free,גורי מוצרי צריכה (1991) בעמ,,,יח`,300,גרם,false,1,21.90,7.30,true,1,
7290018131954,false,מאגדת לה פרוטה שוקולד תות 5*70 גרם,נגה גלידות שותפות מוגבלת,,,יח`,350,גרם,false,1,27.90,7.97,false,1,
7290018132388,false,מטרנה גולד שלב 2 700 גר`,קבוצת אסם סחר שות. מוגבלת,,,יח`,700,גרם,false,1,74.90,10.70,true,1,
7290018132425,false,מטרנה גולד שלב 3 700 גר`,קבוצת אסם סחר שות. מוגבלת,,,יח`,700,גרם,false,1,74.90,10.70,true,1,
7290018156087,false,סרקל אקטיב שמפו 450 מל דר פישר,פישר תעשיות פרמצבטיות בעמ,,,יח`,450,גרם,false,1,34.90,7.76,false,1,
7290018156124,false,קמיל אל סבון שלישייה צבעוני) (3*500,פישר תעשיות פרמצבטיות בעמ,,,יח`,1500,גרם,false,1,19.90,1.33,false,1,
7290018194256,false,ג`בלנא ערק בטעם לימון 700 מל,בני פאוזי שמשום (2009) בעמ,,,יח`,700,גרם,false,1,44.90,6.37,true,1,
7290018198056,false,קוביות תפוח אדמה  תפוגן( 1.5 קג),קבוצת אסם סחר שות. מוגבלת,,,יח`,1500,גרם,false,1,24.90,1.66,false,1,
7290018198148,false,תפוגן קריספי ציפס קלאסי 1.25קג,קבוצת אסם סחר שות. מוגבלת,,,יח`,1.25,"ק""ג",false,1,27.90,22.32,false,1,
7290018198209,false,תפוגן צ`יפס בטטה קראנצי 500 גר`,קבוצת אסם סחר שות. מוגבלת,,,יח`,500,גרם,false,1,21.90,4.38,false,1,
7290018198254,false,תפוגן קריספי ציפס פוטטוס 1.25קג,קבוצת אסם סחר שות. מוגבלת,,,יח`,1.25,"ק""ג",false,1,27.90,22.32,false,1,
7290018236635,false,צונגו פופקורן מצופה 600  גר`עוף טוב,קבוצת אסם סחר שות. מוגבלת,,,יח`,600,גרם,false,1,32.90,5.48,true,1,
7290018236659,false,צונגו פופקורן מתובל 600  גר`עוף טוב,קבוצת אסם סחר שות. מוגבלת,,,יח`,600,גרם,false,1,32.90,5.48,true,1,
7290018237922,false,שניצלונים ציפוי צ`יפס 700  גר`עוף טוב,קבוצת אסם סחר שות. מוגבלת,,,יח`,700,גרם,false,1,13.90,1.99,false,1,
7290018237939,false,שניצלונים ציפוי שומשום 700  גר`עוף טוב,קבוצת אסם סחר שות. מוגבלת,,,יח`,700,גרם,false,1,13.90,1.99,false,1,
7290018249123,false,אינסטנט פודינג בטעם וניל 50 גרSWEETANGO,אבאל יזמות בעמ,,,יח`,50,גרם,false,1,11.90,23.80,false,1,
7290018249154,false,ממרח אגוזי לוז סוויטאנגו 350 גר`,אבאל יזמות בעמ,,,יח`,350,גרם,false,1,34.90,9.97,false,1,
7290018249222,false,אבקת סוכר 100  גר`SWEETANGO,אבאל יזמות בעמ,,,יח`,100,גרם,false,1,14.90,14.90,false,1,
7290018249444,false,אבקה להכנת שוקו סוויטאנגו 400 גרם,אבאל יזמות בעמ,,,יח`,400,גרם,false,1,38.90,9.73,false,1,
7290018249994,false,ממתיקsweetango צנצנת 700  גר`נטו,אבאל יזמות בעמ,,,יח`,700,גרם,false,1,56.90,8.13,true,1,
7290018282731,false,אל סבון מרובע ריח מאסק 500 מל LA BELLE,פארמה דיל (פ.א.ב.) שיווק והפצה,,,יח`,500,גרם,false,1,9.90,1.98,false,1,
7290018282816,false,אסותא מגבונים להסרת איפור,עיסא ערטול בעמ,,,יח`,1,,false,1,14.90,14.90,false,1,
7290018294895,false,מונלייט לבן חצי יבש 750 מל,אגודת הכורמים,,,יח`,750,גרם,false,1,34.90,4.61,false,1,
7290018294901,false,מונלייט אדום יבש 750 מל,אגודת הכורמים,,,יח`,750,גרם,false,1,34.90,4.61,false,1,
7290018294918,false,מונלייט מוסקטו ורוד מבעבע 750 מל,אגודת הכורמים,,,יח`,750,גרם,false,1,34.90,4.61,false,1,
7290018294932,false,מיץ ענבים אדום 1 ליטר,אגודת הכורמים,,,יח`,1,1 ליטר,false,1,12.90,12.90,false,1,
7290018333044,false,טרופית עם קש בטעם ענבים 18 יח כרמית,כרמית תעשיות ממתקים בעמ,,,יח`,1,,false,1,19.90,19.90,false,1,
7290018344729,false,עוגיות כוסמין  אנרג`פקאן ללא סוכר,אבאל יזמות בעמ,,,יח`,200,גרם,false,1,24.90,12.45,false,1,
7290018344736,false,עוגיות  אנרג`שוקולד צמקאו ללא סוכר,אבאל יזמות בעמ,,,יח`,200,גרם,false,1,24.90,12.45,false,1,
7290018344774,false,עוגיות כוסמין  אנרג`אוכמניות ללא סוכר,אבאל יזמות בעמ,,,יח`,200,גרם,false,1,24.90,12.45,false,1,
7290018359112,false,פאסאטה מחית עגבניות איטלקיות בקבוק 690 ג,זנלכל בעמ,,,יח`,690,גרם,false,1,10.90,1.58,true,1,
7290018359129,false,עגבניות חתוכות מקולפות דק יכין 690  גר`פ,זנלכל בעמ,,,יח`,690,גרם,false,1,10.90,1.58,true,1,
7290018359495,false,תירס מהשדה בלי תוספת  סוכר( 550  גר`)יכי,זנלכל בעמ,,,יח`,550,גרם,false,1,9.90,1.80,false,1,
7290018359518,false,תירס מהשדה בלי תוספת  סוכר( 200 גר *3יח),זנלכל בעמ,,,יח`,600,גרם,false,1,14.90,2.48,false,1,
7290018359556,false,תירס מהשדה בלי תוספת  סוכר( 400  גר)יכין,זנלכל בעמ,,,יח`,400,גרם,false,1,6.90,1.73,false,1,
7290018359570,false,שעועית צ`ילי הקטניה הטובה יכין מארז 3*20,זנלכל בעמ,,,יח`,600,גרם,false,1,13.90,2.32,true,1,
7290018359587,false,חומוס שלם הקטניה הטובה יכין מארז 3*200,זנלכל בעמ,,,יח`,600,גרם,false,1,13.90,2.32,true,1,
7290018359662,false,קוביות סלק יכין מארז שלישייה 3*200 גרם,זנלכל בעמ,,,יח`,600,גרם,false,1,14.90,2.48,false,1,
7290018359716,false,רוטב לפיצה טוסקנה יכין (240 גרם),זנלכל בעמ,,,יח`,240,גרם,false,1,5.90,2.46,false,1,
7290018359969,false,רוטב עגבניות לפיצה 400  גר`יכין,זנלכל בעמ,,,יח`,400,גרם,false,1,11.50,2.88,false,1,
7290018394076,false,שום שחור ארוז,חוות פטריות תקוע בעמ*קונסיגנצי,,,יח`,1,,false,1,13,13,false,1,
7290018440070,false,רכז עגבניות בשפרפרת BX28,תה ויסוצקי (ישראל) בעמ,,,יח`,200,גרם,false,1,8.90,4.45,false,1,
7290018440193,false,בייגלה מצופים קרם בטעם חמאת בוטנים 140,תה ויסוצקי (ישראל) בעמ,,,יח`,140,גרם,false,1,8.90,6.36,true,1,
7290018440209,false,בייגלה בציפוי פאדג` לבן 140 גר` פליפז,תה ויסוצקי (ישראל) בעמ,,,יח`,140,גרם,false,1,8.90,6.36,true,1,
7290018440438,false,טונה בשמן זית easy flip שלישייה 3*65 גר`,תה ויסוצקי (ישראל) בעמ,,,יח`,195,גרם,false,1,25.90,13.28,true,1,
7290018440445,false,טונה בשמן זית 160 גרם,תה ויסוצקי (ישראל) בעמ,,,יח`,160,גרם,false,1,16.90,10.56,true,1,
7290018440476,false,בייגלה מצופה בקרם עוגת גבינה ותותים 140,תה ויסוצקי (ישראל) בעמ,,,יח`,140,גרם,false,1,8.90,6.36,true,1,
7290018440483,false,בייגלה מצופה בקרמל מלוח ושוקולד 140 גר`,תה ויסוצקי (ישראל) בעמ,,,יח`,140,גרם,false,1,8.90,6.36,true,1,
7290018440490,false,סלט טונה עם קוסקוס 150 ג,תה ויסוצקי (ישראל) בעמ,,,יח`,150,גרם,false,1,14.90,9.93,true,1,
7290018440513,false,סלט קליפורניה עם טונה 150 גר`,תה ויסוצקי (ישראל) בעמ,,,יח`,150,גרם,false,1,14.90,9.93,true,1,
7290018468319,false,נקניקיה צמחית בסגנון מדריד 400  גר`.,תנובה קפואים,,,יח`,400,גרם,false,1,39.90,9.98,true,1,
7290018471029,false,שוופס סודה לימון 500 מל שישייה,יפאורה,,,יח`,3000,גרם,false,1,13.90,0.40,false,1,
7290018471197,false,פרוט אנד  ווג`תפוח בננה מלון נענע 1 ליטר,יפאורה,,,יח`,1000,גרם,false,1,11.90,1.16,true,1,
7290018471210,false,נקטר אגס תפוח סברס ספרינג (1 ליטר),יפאורה,,,יח`,1,1 ליטר,false,1,6.90,6.90,false,1,
7290018471395,false,פרוט אנד  ווג`תפוח רימון סלק וגי`נג`ר 1,יפאורה,,,יח`,1000,גרם,false,1,11.90,1.16,true,1,
7290018471449,false,ספרינג שייק בננה תמר תפוז 1 ליטר,יפאורה,,,יח`,1,1 ליטר,false,1,11.90,11.90,true,1,
7290018471456,false,ספרינג שייק אננס מנגו פסיפלורה 1 ליטר,יפאורה,,,יח`,1,1 ליטר,false,1,11.90,11.90,true,1,
7290018471463,false,תפוזינה נקטר תפוז מנגו 1 ליטר,יפאורה,,,יח`,1000,גרם,false,1,6.90,0.69,false,1,
7290018471470,false,תפוזינה נקטר תפוז פסיפלורה 1 ליטר,יפאורה,,,יח`,1000,גרם,false,1,6.90,0.69,false,1,
7290018471494,false,תפוזינה נקטר תפוז גזר 1 ליטר,יפאורה,,,יח`,1000,גרם,false,1,6.90,0.69,false,1,
7290018471692,false,ספרינג שייק בננה אננס קוקוס פ.יער 1 ליטר,יפאורה,,,יח`,1,1 ליטר,false,1,11.90,11.90,true,1,
7290018471906,false,משקה מוגז שוופס (1.5  ליטר)לימונדה ורוד,יפאורה,,,יח`,1.50,1 ליטר,false,1,8.90,5.73,true,1,
7290018471913,false,משקה מוגז שוופס (1.5  ליטר)תפוחים,יפאורה,,,יח`,1.50,1 ליטר,false,1,8.90,5.73,true,1,
7290018471920,false,משקה מוגז פירות שוופס (1.5  ליטר)ענבים,יפאורה,,,יח`,1.50,1 ליטר,false,1,8.90,5.73,true,1,
7290018471937,false,משקה מוגז פירות שוופס (1.5  ליטר)תות ל,יפאורה,,,יח`,1.50,1 ליטר,false,1,8.90,5.73,true,1,
7290018471944,false,משקה מוגז פירות שוופס (1.5  ליטר)לימונ,יפאורה,,,יח`,1.50,1 ליטר,false,1,8.90,5.73,true,1,
7290018471951,false,משקה מוגז פירות שוופס (1.5  ליטר)אשכול,יפאורה,,,יח`,1.50,1 ליטר,false,1,8.90,5.73,true,1,
7290018493144,false,קמיל אל סבון היגייני להזנת העור מועשר בש,פישר תעשיות פרמצבטיות בעמ,,,יח`,1000,גרם,false,1,15.90,1.59,true,1,
7290018493878,false,סרקל שמפו 750 מל,פישר תעשיות פרמצבטיות בעמ,,,יח`,750,גרם,false,1,19.90,2.65,false,1,
7290018493885,false,סרקל מרכך 750 מל,פישר תעשיות פרמצבטיות בעמ,,,יח`,750,גרם,false,1,19.90,2.65,false,1,
7290018493892,false,קמיל בלו סנסיטיב אל סבון 750 מל,פישר תעשיות פרמצבטיות בעמ,,,יח`,750,גרם,false,1,19.90,2.65,false,1,
7290018493908,false,קמיל בלו סנסיטיב אל דמע 750 מל,פישר תעשיות פרמצבטיות בעמ,,,יח`,750,גרם,false,1,19.90,2.65,false,1,
7290018493977,false,קמיל קלין קלאם אל סבון היגייני 1 ליטר ד,פישר תעשיות פרמצבטיות בעמ,,,יח`,1,1 ליטר,false,1,15.90,15.90,true,1,
7290018500231,false,לחם וויקאנד 750  גר`אנג`ל,שלמה א. אנג`ל בעמ,,,יח`,750,גרם,false,1,16.90,2.25,false,1,
7290018516324,false,פאוץ`פרינוק תפוח ושיבולת שועל 120 גר`,גורי מוצרי צריכה (1991) בעמ,,,יח`,120,גרם,false,1,5.90,4.92,true,1,
7290018516355,false,ג`וניור תפוח עץ ושיבולת שועל 190 גר`,גורי מוצרי צריכה (1991) בעמ,,,יח`,190,גרם,false,1,6.60,3.47,true,1,
7290018516393,false,פרמיו מיקס 3 קג,שחורי אריה ואנסטסיה,,,יח`,3000,גרם,false,1,59.90,2,false,1,
7290018516591,false,הורייזן מחית בשר עוף 90 גר,שחורי אריה ואנסטסיה,,,יח`,90,גרם,false,1,9.90,11,false,1,
7290018516966,false,פרמיו סופרים עם בקר לכלב בוגר 3קג,שחורי אריה ואנסטסיה,,,יח`,1,,false,1,49.90,49.90,false,1,
7290018540817,false,לחם ארטיזנל מחמצת כוסמין 500  גר`אנג`ל,שלמה א. אנג`ל בעמ,,,יח`,500,גרם,false,1,18.90,3.78,false,1,
7290018540824,false,לחם ארטיזנל מחמצת כפרי 500  גר`אנג`ל,שלמה א. אנג`ל בעמ,,,יח`,500,גרם,false,1,17.90,3.58,false,1,
7290018571064,false,מקלוני טופי 450 גרם כשלפ,מיה תעשיות מזון מ.ת.מ. בעמ,,,יח`,450,גרם,false,1,15.90,3.53,false,1,
7290018571088,false,טופי חמוצמוץ 600 גרם כשלפ,מיה תעשיות מזון מ.ת.מ. בעמ,,,יח`,600,גרם,false,1,15.90,2.65,false,1,
7290018571125,false,אגוזי פקאן  בנפסק( 200  גר`)מיה,מיה תעשיות מזון מ.ת.מ. בעמ,,,יח`,200,גרם,false,1,24.90,12.45,false,1,
7290018571156,false,שקד מולבן שבבים  בנספק( 200  גר`)מיה,מיה תעשיות מזון מ.ת.מ. בעמ,,,יח`,200,גרם,false,1,19.90,9.95,true,1,
7290018571422,false,לקקנים מולטיקולור מיקס 65 יח`,מיה תעשיות מזון מ.ת.מ. בעמ,,,יח`,100,גרם,false,1,22.90,22.90,false,1,
7290018571491,false,ריבת חלב אמיתי זכוכית 340 גר`,מיה תעשיות מזון מ.ת.מ. בעמ,,,יח`,340,גרם,false,1,14.90,4.38,false,1,
7290018571699,false,קמח שקדים 250  גר`זיפר מיה,מיה תעשיות מזון מ.ת.מ. בעמ,,,יח`,250,גרם,false,1,24.90,9.96,false,1,
7290018571712,false,אורז פרסי 1 קג מיה,מיה תעשיות מזון מ.ת.מ. בעמ,,,יח`,1,"ק""ג",false,1,9.90,9.90,true,1,
7290018571736,false,אורז בסמטי 1 קג מיה,מיה תעשיות מזון מ.ת.מ. בעמ,,,יח`,1,"ק""ג",false,1,10.90,10.90,true,1,
7290018652039,false,לה קרמריה קרמל מלוח ונוגט 1.4ליטר,נגה גלידות שותפות מוגבלת,,,יח`,1400,גרם,false,1,22.90,1.64,true,1,
7290018652671,false,לה קרמריה שוקולד וניל מופחת קלוריות,נגה גלידות שותפות מוגבלת,,,יח`,1.40,1 ליטר,false,1,22.90,16.36,true,1,
7290018652688,false,לה קרמריה סורבה טרופי ופירות יער,נגה גלידות שותפות מוגבלת,,,יח`,1.40,1 ליטר,false,1,22.90,16.36,true,1,
7290018674949,false,מיקרוגל 20 ליטר דיגיטלי כסוף C20UXP01,קונסיגנציה-ד.ש.ש. אלקטרוניקה ב,,,יח`,1,,false,1,349,349,false,1,
7290018677131,false,גרנולה קראנצ`י אגוזים ושקדים 300  גר`איט,י.איטליאנו אחזקות בעמ,,,יח`,300,גרם,false,1,22.90,7.63,false,1,
7290018703496,false,דאבל בננה טופי קראנץ 60 גר`,דיפלומט היינץ,,,יח`,60,גרם,false,1,12.90,21.50,true,1,
7290018708118,false,חלבה בארכה וניל פיסטוק 350 גר`,קבוצת אסם סחר שות. מוגבלת,,,יח`,350,גרם,false,1,14.90,4.26,false,1,
7290018708125,false,חלבה בארכה מסולסלת וניל 250 גר`,קבוצת אסם סחר שות. מוגבלת,,,יח`,250,גרם,false,1,14.90,5.96,false,1,
7290018708132,false,חלבה בארכה מסולסלת שוקו וניל 250 גר`,קבוצת אסם סחר שות. מוגבלת,,,יח`,250,גרם,false,1,14.90,5.96,false,1,
7290018770245,false,זית ירוק מגולען בטעם רוזמרין 190 גר`,אבאל יזמות בעמ,,,יח`,190,גרם,false,1,12.90,6.79,true,1,
7290018770269,false,זית קלמטה עם שמן זית 215 גר`,אבאל יזמות בעמ,,,יח`,215,גרם,false,1,12.90,6,true,1,
7290018770276,false,זית עריביקה עם שמן זית 215 גר`,אבאל יזמות בעמ,,,יח`,215,גרם,false,1,12.90,6,true,1,
7290018770283,false,זית סורי בטעם לימון 215 גר`,אבאל יזמות בעמ,,,יח`,215,גרם,false,1,12.90,6,true,1,
7290018792841,false,אבקת קקאו טבעי 150 גר` גאנה,תה ויסוצקי (ישראל) בעמ,,,יח`,150,גרם,false,1,10.90,7.27,true,1,
7290018825020,false,תפוא לבן לאפייה דוד משה גורמה,תוצרת הנגב אגודה שיתופית חקלאי,,,"ק""ג",1,,true,1,5.90,5.90,false,1,
7290018825228,false,תפוא אדום לטיגון דוד משה גורמה,תוצרת הנגב אגודה שיתופית חקלאי,,,"ק""ג",1,,true,1,5.90,5.90,false,1,
7290018835005,false,ציפס אורז חום מלא מלח פלפל ושמן זית 60 ג,א.ל.ייצור ושיווק תבלינים בעמ,,,יח`,60,גרם,false,1,6.90,11.50,true,1,
7290018878743,false,חמישיות שוקולד מריר (5*100  גר`)כרמית,כרמית תעשיות ממתקים בעמ,,,יח`,500,גרם,false,1,17.90,3.58,false,1,
7290018893005,false,בייגלה בטעם חרדל ודבש 160  גר`צוקטה,ש.שסטוביץ בעמ,,,יח`,160,גרם,false,1,6.90,4.31,true,1,
7290018893104,false,צ`וקטה ביסקוויט מצופה שוקולד מריר 100 גר,ש.שסטוביץ בעמ,,,יח`,100,גרם,false,1,7.90,7.90,true,1,
7290018893265,false,צ`וקטה עוגות אישיות מריר 240 גרם,ש.שסטוביץ בעמ,,,יח`,240,גרם,false,1,12.90,5.38,true,1,
7290018893289,false,צ`וקטה עוגות אישיות מגולגלות 6  יח`- קקא,ש.שסטוביץ בעמ,,,יח`,222,גרם,false,1,9.90,4.46,true,1,
7290018893425,false,צ`וקטה ממרח דואו 700 גר`,ש.שסטוביץ בעמ,,,יח`,700,גרם,false,1,19.90,2.84,false,1,
7290018893494,false,עלי וופל דקים בטעם חמאה 100  גר`צוקטה,ש.שסטוביץ בעמ,,,יח`,100,גרם,false,1,9.90,9.90,true,1,
7290018893500,false,צ`וקטה עוגיות סנדביץ שוקו 180 גר`,ש.שסטוביץ בעמ,,,יח`,180,גרם,false,1,4.90,2.72,false,1,
7290018893661,false,צ`וקטה עוגות אישיות בציפוי שוקולד מריר(,ש.שסטוביץ בעמ,,,יח`,240,גרם,false,1,12.90,5.38,true,1,
7290018893708,false,צ`וקטה עוגיות סנדביץ שוקו 250 גר`,ש.שסטוביץ בעמ,,,יח`,250,גרם,false,1,7.90,3.16,true,1,
7290018893807,false,שוקולד מריר 60% צ`וקטה (100x3 גרם),ש.שסטוביץ בעמ,,,יח`,300,גרם,false,1,12.90,4.30,false,1,
7290018893845,false,פתי בר 400  גר`צ`וקטה,ש.שסטוביץ בעמ,,,יח`,400,גרם,false,1,6.90,1.73,false,1,
7290018893876,false,צ`וקטה עוגות אישיות וניל 200 גרם,ש.שסטוביץ בעמ,,,יח`,200,גרם,false,1,12.90,6.45,true,1,
7290018893906,false,צ`וקטה עוגיות סנדביץ וניל 250 גר`,ש.שסטוביץ בעמ,,,יח`,250,גרם,false,1,7.90,3.16,true,1,
7290018893951,false,עלי וופל חמאה בטעם קינמון 100  גר`צוקטה,ש.שסטוביץ בעמ,,,יח`,100,גרם,false,1,9.90,9.90,true,1,
7290018894019,false,בלקוני עוגות מיקס מקס חלב 350 גר`,ש.שסטוביץ בעמ,,,יח`,350,גרם,false,1,14.90,4.26,true,1,
7290018894200,false,בלקוני וופל קוביות וניל 250 גר`,ש.שסטוביץ בעמ,,,יח`,250,גרם,false,1,12.90,5.16,true,1,
7290018894217,false,בלקוני עוגות מיקס מקס קקאו 350 גר`,ש.שסטוביץ בעמ,,,יח`,350,גרם,false,1,14.90,4.26,true,1,
7290018894248,false,שוקולד חלב שליישיה צ`וקטה 100 גר`,ש.שסטוביץ בעמ,,,יח`,300,גרם,false,1,12.90,4.30,false,1,
7290018921166,false,קמיל אל סבון נוזלי להזנת העור מעושר בתמצ,פישר תעשיות פרמצבטיות בעמ,,,יח`,1,1 ליטר,false,1,15.90,15.90,true,1,
7290018921753,false,קמיל אל סבון נוזלי להזנת העור מעושר בתמצ,פישר תעשיות פרמצבטיות בעמ,,,יח`,1,1 ליטר,false,1,15.90,15.90,true,1,
7290018921807,false,קמיל בלו משחת החתלה צמחי מרפא דר פישר 1,פישר תעשיות פרמצבטיות בעמ,,,יח`,120,גרם,false,1,21.90,18.25,true,1,
7290018925065,false,מיץ תפוזים סחוט פרימור (2 ליטר),שטראוס גרופ בעמ/מצונן,,,יח`,2,1 ליטר,false,1,26.90,13.30,false,1,
7290018925072,false,משקה קל לימונים ונענע (2  ליטר)פרימור,שטראוס גרופ בעמ/מצונן,,,יח`,2,1 ליטר,false,1,27.90,13.80,false,1,
7290018989005,false,פולפה טבעית) (3*400 יכין,זנלכל בעמ,,,יח`,1.20,גרם,false,1,15.90,1325,true,1,
7290018989043,false,תירס לבן מהשדה יכין 550 גר`,זנלכל בעמ,,,יח`,550,גרם,false,1,6.90,1.25,false,1,
7290018989081,false,חומוס הבית 410  גר`יכין,זנלכל בעמ,,,יח`,410,גרם,false,1,7.90,1.93,false,1,
7290019026020,false,קמין בעיצוב רטרו MQ22,קונסיגנציה-ד.ש.ש. אלקטרוניקה ב,,,יח`,1,,false,1,349,349,false,1,
7290019026228,false,שייק בלנדר כחול PRIMUM BL399B,קונסיגנציה-ד.ש.ש. אלקטרוניקה ב,,,יח`,1,,false,1,129,129,false,1,
7290019026235,false,קוצץ מזון FP-126E,קונסיגנציה-ד.ש.ש. אלקטרוניקה ב,,,יח`,1,,false,1,119,119,false,1,
7290019026242,false,בלנדר PRIMUM BL399B-2,קונסיגנציה-ד.ש.ש. אלקטרוניקה ב,,,יח`,1,,false,1,139,139,false,1,
7290019026259,false,בלנדר+ שייקר קרם PRIMUM BL399AB,קונסיגנציה-ד.ש.ש. אלקטרוניקה ב,,,יח`,1,,false,1,169,169,false,1,
7290019026358,false,מייבש שיער מקצועי PRO 4000,קונסיגנציה-ד.ש.ש. אלקטרוניקה ב,,,יח`,1,,false,1,179,179,false,1,
7290019026365,false,מייבש שיער מקצועי PRO 4400,קונסיגנציה-ד.ש.ש. אלקטרוניקה ב,,,יח`,1,,false,1,199,199,false,1,
7290019026372,false,מייבש שיער PRO 3900 2200W,קונסיגנציה-ד.ש.ש. אלקטרוניקה ב,,,יח`,1,,false,1,149,149,false,1,
7290019026389,false,מייבש שיער מתקפל PRO 3000,קונסיגנציה-ד.ש.ש. אלקטרוניקה ב,,,יח`,1,,false,1,139,139,false,1,
7290019026570,false,קוצץ מיני 650ML 300W,קונסיגנציה-ד.ש.ש. אלקטרוניקה ב,,,יח`,1,,false,1,119,119,false,1,
7290019026587,false,קוצץ מיני 500ML 200W,קונסיגנציה-ד.ש.ש. אלקטרוניקה ב,,,יח`,1,,false,1,99,99,false,1,
7290019026617,false,בלנדר PRIMUM CY-206,קונסיגנציה-ד.ש.ש. אלקטרוניקה ב,,,יח`,1,,false,1,349,349,false,1,
7290019026751,false,מגהץ אדים DY-5880,קונסיגנציה-ד.ש.ש. אלקטרוניקה ב,,,יח`,1,,false,1,99,99,false,1,
7290019026754,false,מגהץ אדים DY-8088,קונסיגנציה-ד.ש.ש. אלקטרוניקה ב,,,יח`,1,,false,1,99,99,false,1,
7290019036395,false,ארטישוק 400  גר`קפוא,א.ג בחירה חכמה בעמ,,,יח`,400,גרם,false,1,9.90,2.48,false,1,
7290019056027,false,משקה מוגז פירות שוופס (1.5  ליטר)תפוחי,יפאורה,,,יח`,1.50,1 ליטר,false,1,8.90,5.73,true,1,
7290019056041,false,משקה מוגז פירות שוופס (1.5  ליטר)לימונ,יפאורה,,,יח`,1.50,1 ליטר,false,1,8.90,5.73,true,1,
7290019056058,false,שוופס מוגז  עדין(1.5  ליטר)תפוח ליים,יפאורה,,,יח`,1.50,1 ליטר,false,1,8.90,5.73,true,1,
7290019056065,false,שוופס מוגז  עדין(1.5  ליטר)פירות יער,יפאורה,,,יח`,1.50,1 ליטר,false,1,8.90,5.73,true,1,
7290019056072,false,שוופס מוגז  עדין(1.5  ליטר)אננס,יפאורה,,,יח`,1.50,1 ליטר,false,1,8.90,5.73,true,1,
7290019056089,false,שוופס מוגז  עדין(1.5  ליטר)ענבי ריזלינג,יפאורה,,,יח`,1.50,1 ליטר,false,1,8.90,5.73,true,1,
7290019056096,false,שוופס מוגז  עדין(1.5  ליטר)אפרסק,יפאורה,,,יח`,1.50,1 ליטר,false,1,8.90,5.73,true,1,
7290019056119,false,מי סודה (1.5  ליטר)שוופס,יפאורה,,,יח`,1.50,1 ליטר,false,1,3.80,2.33,true,1,
7290019056164,false,מי סודה (1.5x4  ליטר)שוופס,יפאורה,,,יח`,6,1 ליטר,false,1,12.20,1.83,false,1,
7290019056171,false,מי סודה (1.5x4  ליטר)בטעם לימון שוופס,יפאורה,,,יח`,6,1 ליטר,false,1,12.20,1.83,false,1,
7290019056188,false,רביעייה שוופס סודה 1.5 ליטרנענע ליים,יפאורה,,,יח`,6,1 ליטר,false,1,12.20,1.83,false,1,
7290019056201,false,רביעייה שוופס סודה 1.5 ליטר פירות יער,יפאורה,,,יח`,6,1 ליטר,false,1,12.20,1.83,false,1,
7290019056232,false,שוופס ליים 1.5 ליטר מוחיטו,יפאורה,,,יח`,1.50,1 ליטר,false,1,8.90,5.73,true,1,
7290019056249,false,שוופס מים 1.5 ליטר בטעם ענבים,יפאורה,,,יח`,1.50,1 ליטר,false,1,8.90,5.73,true,1,
7290019056256,false,שוופס מים 1.5 ליטר בטעם תפוחים,יפאורה,,,יח`,1.50,1 ליטר,false,1,8.90,5.73,true,1,
7290019056263,false,שוופס מים 1.5 ליטר בטעם אפרסק,יפאורה,,,יח`,1.50,1 ליטר,false,1,8.90,5.73,true,1,
7290019056270,false,שוופס מים 1.5 ליטר בטעם פירות יער,יפאורה,,,יח`,1.50,1 ליטר,false,1,8.90,5.73,true,1,
7290019056287,false,שוופס מים 1.5 ליטר בטעם אפרסק ללא סוכר,יפאורה,,,יח`,1.50,1 ליטר,false,1,8.90,5.73,true,1,
7290019056294,false,משקה שוופס (1.5  ליטר)ג`ינג`ר אייל,יפאורה,,,יח`,1.50,1 ליטר,false,1,11.90,7.73,false,1,
7290019056300,false,משקה שוופס (1.5  ליטר)ביטר למון,יפאורה,,,יח`,1.50,1 ליטר,false,1,11.90,7.73,false,1,
7290019056317,false,משקה שוופס (1.5  ליטר)ראשן,יפאורה,,,יח`,1500,גרם,false,1,11.90,0.77,false,1,
7290019056324,false,שוופס (1.5  ליטר)מי טוניק,יפאורה,,,יח`,1.50,1 ליטר,false,1,11.90,7.73,false,1,
7290019056331,false,שוופס מי טוניק (1.5  ליטר)ללס,יפאורה,,,יח`,1.50,גרם,false,1,11.90,773.33,false,1,
7290019056355,false,משקה תפוזינה 1.5 ליטר לימונענע,יפאורה,,,יח`,1.50,1 ליטר,false,1,8.90,5.73,true,1,
7290019056362,false,משקה קל תפוזינה 1.5 ליטר ענבים,יפאורה,,,יח`,1.50,1 ליטר,false,1,8.90,5.73,true,1,
7290019056379,false,משקה קל תפוזינה 1.5 ליטר תפוזים,יפאורה,,,יח`,1.50,1 ליטר,false,1,8.90,5.73,true,1,
7290019056386,false,משקה קל תפוזינה 1.5 ליטר אשכוליות,יפאורה,,,יח`,1.50,גרם,false,1,8.90,573.33,true,1,
7290019056393,false,משקה קל תפוזינה 1.5 ליטר תות בננה,יפאורה,,,יח`,1.50,1 ליטר,false,1,8.90,5.73,true,1,
7290019056409,false,משקה קל תפוזינה 1.5 ליטר מנגו,יפאורה,,,יח`,1.50,1 ליטר,false,1,8.90,5.73,true,1,
7290019056416,false,משקה תפוזינה 1.5 ליטר לימונדה ורודה,יפאורה,,,יח`,1.50,1 ליטר,false,1,8.90,5.73,true,1,
7290019056423,false,משקה תפוזינה 1.5 ליטר תפוחים,יפאורה,,,יח`,1.50,1 ליטר,false,1,8.90,5.73,true,1,
7290019056430,false,משקה קל תפוזינה 1.5 ליטר תפוזים לייט,יפאורה,,,יח`,1.50,1 ליטר,false,1,8.90,5.73,true,1,
7290019056447,false,משקה קל תפוזינה 1.5 ליטר אשכוליות לייט,יפאורה,,,יח`,1.50,1 ליטר,false,1,8.90,5.73,true,1,
7290019056478,false,ספרינג תה 1.5 ליטר בטעם אפרסק,יפאורה,,,יח`,1.50,1 ליטר,false,1,8.90,5.73,true,1,
7290019056485,false,ספרינג תה ירוק 1.5 ליטר בטעם לימון לואיז,יפאורה,,,יח`,1.50,1 ליטר,false,1,8.90,5.73,true,1,
7290019056492,false,ספרינג תה 1.5 ליטר בטעם מנגו אפרסק,יפאורה,,,יח`,1.50,1 ליטר,false,1,8.90,5.73,true,1,
7290019056508,false,פרוט ווטר 1.5 ליטר בטעם ענבים,יפאורה,,,יח`,1.50,1 ליטר,false,1,8.90,5.73,true,1,
7290019056515,false,פרוט ווטר 1.5 ליטר בטעם אננס,יפאורה,,,יח`,1.50,1 ליטר,false,1,8.90,5.73,true,1,
7290019056522,false,פרוט ווטר 1.5 ליטר בטעם תות,יפאורה,,,יח`,1.50,1 ליטר,false,1,8.90,5.73,true,1,
7290019056539,false,פרוט ווטר 1.5 ליטר בטעם אפרסק,יפאורה,,,יח`,1.50,1 ליטר,false,1,8.90,5.73,true,1,
7290019056546,false,פרוט ווטר 1.5 ליטר בטעם אבטיח,יפאורה,,,יח`,1.50,1 ליטר,false,1,8.90,5.73,true,1,
7290019056553,false,מים מינרלים עין גדי (2x6 ליטר),יפאורה,,,יח`,1.20,1 ליטר,false,1,13.70,9.92,false,1,
7290019056560,false,מים עין גדי בודד 2 ליטר,יפאורה,,,יח`,2,1 ליטר,false,1,2.90,1.45,false,1,
7290019056577,false,משקה קל ספרינג 1.5 ליטר מנגו,יפאורה,,,יח`,1.50,1 ליטר,false,1,8.90,5.73,true,1,
7290019056584,false,משקה קל ספרינג 1.5 ליטר תפוזים,יפאורה,,,יח`,1.50,1 ליטר,false,1,8.90,5.73,true,1,
7290019056591,false,משקה קל ספרינג 1.5 ליטר ענבים,יפאורה,,,יח`,1.50,1 ליטר,false,1,8.90,5.73,true,1,
7290019056607,false,משקה קל ספרינג 1.5 ליטר תפוחים,יפאורה,,,יח`,1.50,1 ליטר,false,1,8.90,5.73,true,1,
7290019056614,false,משקה קל ספרינג 1.5 ליטר אפרסק,יפאורה,,,יח`,1.50,1 ליטר,false,1,8.90,5.73,true,1,
7290019056621,false,משקה קל ספרינג 1.5 ליטר פירות טרופיים,יפאורה,,,יח`,1.50,1 ליטר,false,1,8.90,5.73,true,1,
7290019056638,false,משקה קל ספרינג 1.5 ליטר תות בננה,יפאורה,,,יח`,1.50,1 ליטר,false,1,8.90,5.73,true,1,
7290019056645,false,משקה קל ספרינג 1.5 ליטר אגס תפוח סברס,יפאורה,,,יח`,1.50,1 ליטר,false,1,8.90,5.73,true,1,
7290019056652,false,משקה קל ספרינג 1.5 ליטר אננס בננה,יפאורה,,,יח`,1.50,1 ליטר,false,1,8.90,5.73,true,1,
7290019056669,false,משקה קל ספרינג 1.5 ליטר תפוחים דיאט,יפאורה,,,יח`,1.50,1 ליטר,false,1,8.90,5.73,true,1,
7290019056676,false,משקה קל ספרינג 1.5 ליטר אשכוליות אננס די,יפאורה,,,יח`,1.50,1 ליטר,false,1,8.90,5.73,true,1,
7290019056737,false,משקה קל קריסטל (2  ליטר)אשכוליות,יפאורה,,,יח`,2,1 ליטר,false,1,7.20,3.45,false,1,
7290019056744,false,משקה קל קריסטל (2  ליטר)תפוזים,יפאורה,,,יח`,2,1 ליטר,false,1,7.20,3.45,false,1,
7290019056751,false,משקה קל קריסטל (2  ליטר)אשכוליות דיאט,יפאורה,,,יח`,2,1 ליטר,false,1,7.20,3.45,false,1,
7290019056768,false,משקה קל קריסטל (2  ליטר)מנגו,יפאורה,,,יח`,2,1 ליטר,false,1,7.20,3.45,false,1,
7290019056775,false,משקה קל קריסטל (2  ליטר)מוגז ענבים,יפאורה,,,יח`,2,1 ליטר,false,1,7.20,3.45,false,1,
7290019056799,false,משקה קל קריסטל (2  ליטר)מוגז אקזוטי,יפאורה,,,יח`,2,1 ליטר,false,1,7.20,3.45,false,1,
7290019056805,false,משקה קל קריסטל (2  ליטר)מוגז תפוחים,יפאורה,,,יח`,2,1 ליטר,false,1,7.20,3.45,false,1,
7290019056812,false,משקה קל קריסטל (2  ליטר)מוגז מנטה,יפאורה,,,יח`,2,1 ליטר,false,1,7.20,3.45,false,1,
7290019056829,false,משקה קל קריסטל (2  ליטר)מוגז תפוזים,יפאורה,,,יח`,2,1 ליטר,false,1,7.20,3.45,false,1,
7290019056836,false,משקה קל קריסטל (2  ליטר)מוגז תות,יפאורה,,,יח`,2,1 ליטר,false,1,7.20,3.45,false,1,
7290019056843,false,משקה קל קריסטל (2  ליטר)מוגז קולה,יפאורה,,,יח`,2,1 ליטר,false,1,7.20,3.45,false,1,
7290019056959,false,מי עדן בודד 1.5 ליטר,יפאורה,,,יח`,1.50,1 ליטר,false,1,2.80,1.67,false,1,
7290019056966,false,מי עדן בקבוק פיקדון 1.5 ליטר,יפאורה,,,יח`,1500,גרם,false,1,4.20,0.26,false,1,
7290019056973,false,מים מינרלים (1.5x6  ליטר)מי עדן,יפאורה,,,יח`,9,1 ליטר,false,1,13.90,1.34,false,1,
7290019074090,false,קמיל בלו אקסטרה סופט אל סבון לתינוק 500,פישר תעשיות פרמצבטיות בעמ,,,יח`,500,גרם,false,1,22.90,4.58,false,1,
7290019074298,false,קמיל בלו אקסטרה סופט שמפו לתינוק 500 מל,פישר תעשיות פרמצבטיות בעמ,,,יח`,500,גרם,false,1,22.90,4.58,false,1,
7290019074885,false,קמיל בלו אקסטרה סופט קרם גוף לתינוק 500,פישר תעשיות פרמצבטיות בעמ,,,יח`,500,גרם,false,1,29.90,5.98,true,1,
7290019075080,false,קידס מולטי ויטמין אל סבון 1 ליטר,פישר תעשיות פרמצבטיות בעמ,,,יח`,1000,גרם,false,1,24.90,2.49,false,1,
7290019075103,false,קמיל בלו אקסטרה סופט שמפו לתינוק 1 ליטר,פישר תעשיות פרמצבטיות בעמ,,,יח`,1,1 ליטר,false,1,32.90,32.90,false,1,
7290019075288,false,קידס מולטי ויטמין שמפו 1 ליטר,פישר תעשיות פרמצבטיות בעמ,,,יח`,1000,גרם,false,1,24.90,2.49,false,1,
7290019075479,false,שמפו לתינוק קמיל בלו קלאסיק 1 ליטר,פישר תעשיות פרמצבטיות בעמ,,,יח`,1,1 ליטר,false,1,29.90,29.90,false,1,
7290019075684,false,קידס מולטי ויטמין שמפו ומרכך 1 ליטר,פישר תעשיות פרמצבטיות בעמ,,,יח`,1000,גרם,false,1,24.90,2.49,false,1,
7290019075899,false,קמיל בלו אקסטרה סופט אל סבון לתינוק 1 לי,פישר תעשיות פרמצבטיות בעמ,,,יח`,1,1 ליטר,false,1,32.90,32.90,false,1,
7290019094005,false,חסה,רביבים עלי דשא בעמ,,,יח`,1,,false,1,7.50,7.50,false,1,
7290019094012,false,פטרוזליה,רביבים עלי דשא בעמ,,,יח`,1,,false,1,6.50,6.50,false,1,
7290019094036,false,שמיר,רביבים עלי דשא בעמ,,,יח`,1,,false,1,6.50,6.50,false,1,
7290019101833,false,כוסות נייר b8 פאלאס) (50,פאלאס תעשיות נטו (2014) בעמ,,,יח`,50,יח`,false,1,7.90,0.16,false,1,
7290019105107,false,רביעיות מגבונים לתינוק ויקטורי פרימיום מ,טרופיקל-דגיל תעשיות קוסמטיקה ב,,,יח`,1,,false,1,13.90,13.90,false,1,
7290019105930,false,רביעיות מגבונים לתינוק ויקטורי פרימיום ל,טרופיקל-דגיל תעשיות קוסמטיקה ב,,,יח`,1,,false,1,13.90,13.90,false,1,
7290019145288,false,מרקש ערק לימונענע 700 מל,אבאל יזמות בעמ,,,יח`,700,גרם,false,1,39.90,5.66,true,1,
7290019153078,false,שוופס ביטר למון לייט 1.5 ליטר,יפאורה,,,יח`,1.50,1 ליטר,false,1,11.90,7.73,false,1,
7290019153252,false,סודה תפוח (1.5*4  ליטר)שוופס,יפאורה,,,יח`,6,1 ליטר,false,1,12.20,1.83,false,1,
7290019153269,false,סודה אננס (1.5*4  ליטר)שוופס,יפאורה,,,יח`,6,1 ליטר,false,1,12.20,1.83,false,1,
7290019153375,false,משקה קל תפוזינה 1.5 ליטר מוחיטו,יפאורה,,,יח`,1500,גרם,false,1,8.90,0.57,true,1,
7290019153566,false,משקה קל ספרינג 1.5 ליטר רימון אוכמניות,יפאורה,,,יח`,1.50,1 ליטר,false,1,8.90,5.73,true,1,
7290019167020,false,עוגת גבינה עם פירורים 82 גרם עדן קינוחים,תנובה - חלב,,,יח`,82,גרם,false,1,6.90,8.41,false,1,
7290019167037,false,תותים בקצפת 82 גרם עדן קינוחים,תנובה - חלב,,,יח`,82,גרם,false,1,6.90,8.41,false,1,
7290019167044,false,קצפת עם קרם בייגלה מתוק מלוח 82 גרם עדן,תנובה - חלב,,,יח`,82,גרם,false,1,6.90,8.41,false,1,
7290019232155,false,ויסוצקי פלוס חליטת קמומיל לבנדר לילה טוב,תה ויסוצקי (ישראל) בעמ,,,יח`,1,,false,1,25.90,25.90,true,1,
7290019232162,false,ויסוצקי פלוס חליטת קמומיל מליסה לילה טוב,תה ויסוצקי (ישראל) בעמ,,,יח`,1,,false,1,25.90,25.90,true,1,
7290019232803,false,הולגריין ביסקוויט עם קרם חלב 300 גרם,תה ויסוצקי (ישראל) בעמ,,,יח`,300,גרם,false,1,11.90,3.97,true,1,
7290019232834,false,בייגלה מצופים בקרם עוגיות ושוקולד 140 גר,תה ויסוצקי (ישראל) בעמ,,,יח`,140,גרם,false,1,7.90,5.64,true,1,
7290019233008,false,שקשוקה ארטישוק 420 גר`-זיתא,תה ויסוצקי (ישראל) בעמ,,,יח`,420,גרם,false,1,12.90,3.07,true,1,
7290019297420,false,מעדן פרי תות 284  גר`ללא תוספת  סוכר-ש,דין שיווק וקליה 2021 בעמ,,,יח`,284,גרם,false,1,10.90,3.84,true,1,
7290019297550,false,בוטנים מטוגנים בקופסא 185 גר`,דין שיווק וקליה 2021 בעמ,,,יח`,185,גרם,false,1,9.90,5.35,true,1,
7290019302315,false,יין ספארקלין אבטיח מלון 750 מל BUZZ,אגודת הכורמים,,,יח`,750,גרם,false,1,27.90,3.68,false,1,
7290019303312,false,טבע ירוק בייגלה כוסמין עם מלח 200 גר`,אבאל יזמות בעמ,,,יח`,200,גרם,false,1,14.90,7.45,true,1,
7290019303367,false,טבע ירוק בייגלה כוסמין עם שומשום 200 גר`,אבאל יזמות בעמ,,,יח`,200,גרם,false,1,14.90,7.45,true,1,
7290019303756,false,פינוקיות שומשום וגרעינים 250 גר`,אבאל יזמות בעמ,,,יח`,250,גרם,false,1,17.90,7.16,false,1,
7290019308126,false,פולי סויה 400 גר` פרוסטי,נ.ת.נ.ג.ב החזקות יעוץ וניהול ב,,,יח`,400,גרם,false,1,6.90,1.73,true,1,
7290019393016,false,קמח חיטה לבן ללא צורך בניפוי 1 קג,אבאל יזמות בעמ,,,יח`,1,"ק""ג",false,1,6.90,6.90,true,1,
7290019393061,false,קמח כוסמין 100% ללא צורך בניפוי 1 קג,אבאל יזמות בעמ,,,יח`,1,"ק""ג",false,1,14.90,14.90,false,1,
7290019462095,false,סלרי חתוך קוביות מרינה,קונס`-מרינה פטריות הגליל בעמ*ש,,,יח`,1,,false,1,11.90,11.90,false,1,
7290019462125,false,עלי תרד גוליבר,קונס`-מרינה פטריות הגליל בעמ*ש,,,יח`,1,,false,1,11.90,11.90,false,1,
7290019462149,false,נבטים צוות לענין מרינה,קונס`-מרינה פטריות הגליל בעמ*ש,,,יח`,1,,false,1,10.90,10.90,false,1,
7290100240632,false,פתית 6 דגנים תלמה (250 גרם),יוניליוור ישראל שיווק בעמ,,,יח`,250,גרם,false,1,17.90,7.16,true,1,
7290100240656,false,פתית שיפון תלמה (300 גרם),יוניליוור ישראל שיווק בעמ,,,יח`,300,גרם,false,1,17.90,5.97,true,1,
7290100243671,false,בדין אקסטרא כחול 960 מל,יוניליוור ישראל שיווק בעמ,,,יח`,960,גרם,false,1,16.90,1.76,true,1,
7290100245231,false,נמס בכוס ועוד טעם עוף שקדי מרק,יוניליוור ישראל שיווק בעמ,,,יח`,50,גרם,false,1,6.90,13.80,true,1,
7290100249659,false,רוטב לעוף שום צ`לי מתוק קנור (320 גר`),יוניליוור ישראל שיווק בעמ,,,יח`,320,גרם,false,1,13.90,4.34,true,1,
7290100653586,false,ליידי ספיד סטיק 24/7 ג`ל פרש פיוזן יבוא,בית הצעצוע בעמ,,,יח`,50,גרם,false,1,14.90,29.80,false,1,
7290100658338,false,פלמוליב כלים אוקסי כחול פורמולה חדשה,ש.שסטוביץ בעמ,,,יח`,750,גרם,false,1,12.90,1.72,true,1,
7290100659090,false,פרי חטיפים ללס מארז 5 תמרים וקינמו,ש.שסטוביץ בעמ,,,יח`,100,גרם,false,1,15.90,15.90,false,1,
7290100680650,false,מנה חמה נודלס תאילנדי,קבוצת אסם סחר שות. מוגבלת,,,יח`,76,גרם,false,1,7.90,10.39,true,1,
7290100680667,false,מנה חמה נודלס בסגנון סצ`ואן אסם (76 גרם),קבוצת אסם סחר שות. מוגבלת,,,יח`,76,גרם,false,1,7.90,10.39,true,1,
7290100680711,false,פירורית זהב אסם (350 גרם),קבוצת אסם סחר שות. מוגבלת,,,יח`,350,גרם,false,1,8.90,2.54,false,1,
7290100680728,false,פירורית אסם (350 גרם),קבוצת אסם סחר שות. מוגבלת,,,יח`,350,גרם,false,1,7.90,2.26,false,1,
7290100681015,false,פודינג בטעם ריבת חלב 84  גר`אסם,קבוצת אסם סחר שות. מוגבלת,,,יח`,84,גרם,false,1,5.90,7.02,false,1,
7290100681138,false,אפרופו מארז שלישיה,קבוצת אסם סחר שות. מוגבלת,,,יח`,150,גרם,false,1,13.90,9.27,true,1,
7290100683880,false,אסם פירה רגיל 26,קבוצת אסם סחר שות. מוגבלת,,,יח`,260,גרם,false,1,13.90,5.35,false,1,
7290100684139,false,פסטה מיני מקרוני אסם (500 גרם),קבוצת אסם סחר שות. מוגבלת,,,יח`,500,גרם,false,1,5.90,1.18,true,1,
7290100684764,false,במבה יום הולדת אסם (25 גרם),קבוצת אסם סחר שות. מוגבלת,,,יח`,25,גרם,false,1,2.90,11.60,false,1,
7290100685068,false,פודינג+בטעם וניל עם פצפוצי שוקולד 110 ג,קבוצת אסם סחר שות. מוגבלת,,,יח`,110,גרם,false,1,6.90,6.27,false,1,
7290100685136,false,אבקת מרק בטעם עוף אסם (1 קג),קבוצת אסם סחר שות. מוגבלת,,,יח`,1,"ק""ג",false,1,14.90,14.90,true,1,
7290100685334,false,אבקת מרק עוף אמיתי מרכיבים 400 גר`,קבוצת אסם סחר שות. מוגבלת,,,יח`,400,גרם,false,1,24.90,6.23,true,1,
7290100685938,false,עוגת הבית דבש ותפוח עץ 400 גרם,קבוצת אסם סחר שות. מוגבלת,,,יח`,400,גרם,false,1,18.90,4.73,false,1,
7290100686164,false,ביסלי חטיף בטעם ברביקיו אסם (35x6 גרם),קבוצת אסם סחר שות. מוגבלת,,,יח`,210,גרם,false,1,14.90,7.10,true,1,
7290100686171,false,ביסלי חטיף בטעם גריל אסם (35x6 גרם),קבוצת אסם סחר שות. מוגבלת,,,יח`,210,גרם,false,1,15.90,7.57,true,1,
7290100687109,false,במבה במילוי נוגט אסם (60 גרם),קבוצת אסם סחר שות. מוגבלת,,,יח`,60,גרם,false,1,4.30,7.17,true,1,
7290100689301,false,מרק בטעם עוף זך אסם (400 גרם),קבוצת אסם סחר שות. מוגבלת,,,יח`,400,גרם,false,1,15.90,3.98,true,1,
7290100700020,false,גריסי פנינה סוגת (500 גרם),סוגת תעשיות בעמ,,,יח`,200,גרם,false,1,6.90,3.45,true,1,
7290100700242,false,אורז מלא עגול סוגת (1 קג),סוגת תעשיות בעמ,,,יח`,1000,גרם,false,1,9.90,0.99,false,1,
7290100700273,false,קינואה 500 גר`,סוגת תעשיות בעמ,,,יח`,500,גרם,false,1,15.90,3.18,true,1,
7290100700297,false,עדשים מנומרות סוגת (500 גרם),סוגת תעשיות בעמ,,,יח`,500,גרם,false,1,7.90,1.58,true,1,
7290100700372,false,אורז בסמטי מלא סוגת (1 קג),סוגת תעשיות בעמ,,,יח`,1,"ק""ג",false,1,13.90,13.90,false,1,
7290100700396,false,אורז יסמין סוגת (1 קג),סוגת תעשיות בעמ,,,יח`,1,"ק""ג",false,1,12.90,12.90,true,1,
7290100700587,false,בורגול סוגת (500 גרם),סוגת תעשיות בעמ,,,יח`,500,גרם,false,1,5.90,1.18,true,1,
7290100701126,false,שעועית מש סוגת (500 גרם),סוגת תעשיות בעמ,,,יח`,500,גרם,false,1,12.90,2.58,true,1,
7290100701157,false,אורז להכנת סושי סוגת (1 קג),סוגת תעשיות בעמ,,,יח`,1,"ק""ג",false,1,11.90,11.90,false,1,
7290100701454,false,בורגול דק גרישה סוגת (500 גרם),סוגת תעשיות בעמ,,,יח`,500,גרם,false,1,5.90,1.18,true,1,
7290100702284,false,קוסקוס מלא סוגת (350 גרם),סוגת תעשיות בעמ,,,יח`,350,גרם,false,1,4.90,1.40,false,1,
7290100702611,false,פתיתים אפויים אורז,סוגת תעשיות בעמ,,,יח`,500,גרם,false,1,5.90,1.18,true,1,
7290100702628,false,פתיתים אפויים קוסקוס,סוגת תעשיות בעמ,,,יח`,500,גרם,false,1,5.90,1.18,true,1,
7290100702994,false,סוכר דמררה בשקית סוגת (500 גרם),סוגת תעשיות בעמ,,,יח`,500,גרם,false,1,6.90,1.38,true,1,
7290100703007,false,עדשים שחורות בלוגה סוגת (500 גרם),סוגת תעשיות בעמ,,,יח`,500,גרם,false,1,7.90,1.58,true,1,
7290100703533,false,קמח קסם תערובת קמח שמרים סוגת 1 קג,סוגת תעשיות בעמ,,,יח`,1,"ק""ג",false,1,7.90,7.90,false,1,
7290100703915,false,פופקורן למיקרוגל בטעם חמאה 6 יח`,סוגת תעשיות בעמ,,,יח`,540,גרם,false,1,12.90,2.39,true,1,
7290100703922,false,פופקורן למיקרוגל בטעם טבעי 6 יח`,סוגת תעשיות בעמ,,,יח`,540,גרם,false,1,12.90,2.39,true,1,
7290100704516,false,חומוס מיני סוגת (500 גרם),סוגת תעשיות בעמ,,,יח`,500,גרם,false,1,5.90,1.18,true,1,
7290100704639,false,קמח שמרים פיתה 1 קג,סוגת תעשיות בעמ,,,יח`,1,"ק""ג",false,1,7.90,7.90,false,1,
7290100704660,false,קינואה מיקס 500 גר`,סוגת תעשיות בעמ,,,יח`,500,גרם,false,1,15.90,3.18,true,1,
7290100850909,false,חטיף תירס נאצ`ו מקסיקני דוריטוס (70 גרם),שטראוס פריטו ליי בעמ,,,יח`,70,גרם,false,1,3.90,5.57,true,1,
7290100850916,false,חטיף תירס חמוץ חריף דוריטוס (70 גרם),שטראוס פריטו ליי בעמ,,,יח`,70,גרם,false,1,3.90,5.57,true,1,
7290100850923,false,חטיף תירס גריל דוריטוס (70 גרם),שטראוס פריטו ליי בעמ,,,יח`,70,גרם,false,1,3.90,5.57,true,1,
7290100858592,false,אבקת קקאו עלית (150 גרם),שטראוס גרופ בעמ,,,יח`,150,גרם,false,1,8.90,5.93,false,1,
7290100858608,false,אבקת קקאו עלית (500 גרם),שטראוס גרופ בעמ,,,יח`,500,גרם,false,1,23.90,4.78,false,1,
7290100921593,false,סוד כדוריות נתלה לאסלה לימון,גורי שיווק בעמ,,,יח`,1,,false,1,7.90,7.90,true,1,
7290100924204,false,אבקת כביסה פרסיל (8 קג),גורי שיווק בעמ,,,יח`,8,"ק""ג",false,1,49.90,6.24,false,1,
7290100924631,false,מרכך כביסה מרוכז בייבי סוד (900 מל),גורי שיווק בעמ,,,יח`,900,גרם,false,1,12.90,1.43,false,1,
7290100926147,false,פרסיל אבקת כביסה 2.5  קג`קולור,גורי שיווק בעמ,,,יח`,2.50,"ק""ג",false,1,25.90,10.36,true,1,
7290100928561,false,אבקת כביסה סוד 5 קג`,גורי שיווק בעמ,,,יח`,5,"ק""ג",false,1,34.90,6.98,false,1,
7290101110149,false,בליסימו גלידה 1.3 ליטר וניל עם פליק,פלקו בעמ,,,יח`,1.30,1 ליטר,false,1,18.90,14.54,true,1,
7290101110279,false,בליסימו שוקולד 1.3 ליטר פאג`ג פקאן,פלקו בעמ,,,יח`,1.30,1 ליטר,false,1,18.90,14.54,true,1,
7290101112228,false,מאגדת גלידה פרי שמיניה אננס 8יח,פלקו בעמ,,,יח`,800,גרם,false,1,24.90,3.11,false,1,
7290101112990,false,מאגדת גרניטה קוקוס 6 יח,פלקו בעמ,,,יח`,1,,false,1,19.90,19.90,true,1,
7290101113157,false,מאגדת גלידל חלבי וניל 6 יח פלדמן,פלקו בעמ,,,יח`,1,,false,1,26.90,26.90,false,1,
7290101113430,false,מאגדת גלידל ריפל שוקלוד 6 יח,פלקו בעמ,,,יח`,1,,false,1,26.90,26.90,false,1,
7290101113454,false,מאגדת גלידל יוגורט אפרסק 8 יח,פלקו בעמ,,,יח`,1,,false,1,29.90,29.90,false,1,
7290101113591,false,מאגדת טילונים שוקולד לבן עם עוגיות יולו,פלקו בעמ,,,יח`,1,,false,1,21.90,21.90,false,1,
7290101113683,false,מאגדת גרניטה אייס ונילה 6 יח,פלקו בעמ,,,יח`,1,,false,1,19.90,19.90,true,1,
7290101113768,false,מאגדת שלגון יולו עוגיות שוקולד חלב 4 יח`,פלקו בעמ,,,יח`,200,גרם,false,1,17.90,8.95,false,1,
7290101113805,false,מאגדת יופלה שייק פרי תות 70% פרי 5 יח`,פלקו בעמ,,,יח`,350,גרם,false,1,19.90,5.69,true,1,
7290101113812,false,מאגדת יופלה שייק פרי אננס קוקוס,פלקו בעמ,,,יח`,350,גרם,false,1,19.90,5.69,false,1,
7290101113904,false,קרמבו מנבו 12  יח`וניל,פלקו בעמ,,,יח`,1,,false,1,23.90,23.90,false,1,
7290101455264,false,בקבוק שתייה דגם  שקוף-700  מל-מפרץ ההרפ,שמחה זה אנחנו בעמ,,,יח`,1,,false,1,24.90,24.90,false,1,
7290101457749,false,אקדח בועות  סבון- סופיה,שמחה זה אנחנו בעמ,,,יח`,1,,false,1,19.90,19.90,false,1,
7290101551027,false,קפסולות 14 למכונות נספרו עלית) (10,שטראוס גרופ בעמ,,,יח`,50,גרם,false,1,16.90,33.80,true,1,
7290101551539,false,דנונה פרו 20  גר`אפרסק,שטראוס גרופ בעמ/מצונן,,,יח`,200,גרם,false,1,5.90,2.95,false,1,
7290101551577,false,קוואקר שיבולת שועל פחית 500  גר`זוג,שטראוס פריטו ליי בעמ,,,יח`,1,גרם,false,1,23.90,2390,true,1,
7290101551584,false,חטיף צ`יפס קידס תפוצ`יפס) (10*20,שטראוס פריטו ליי בעמ,,,יח`,200,גרם,false,1,12.90,6.45,false,1,
7290101551638,false,מארז צ`יטוס כאפה עשירייה עלית,שטראוס פריטו ליי בעמ,,,יח`,200,גרם,false,1,12.90,6.45,true,1,
7290101863410,false,סיליט באנג אקונומיקה 750 מל,רקיט בנקיזר (ניר איסט) בעמ,,,יח`,750,גרם,false,1,12.90,1.72,false,1,
7290101864127,false,ספריי להסרת כתמים וניש קליה (750 מל),רקיט בנקיזר (ניר איסט) בעמ,,,יח`,750,גרם,false,1,18.90,2.52,true,1,
7290101865261,false,נוזל הברקה למדיח כלים פיניש (800 מל),רקיט בנקיזר (ניר איסט) בעמ,,,יח`,800,גרם,false,1,19.90,2.49,false,1,
7290101866633,false,ג`ל להסרת כתמים וניש קליה (3 ליטר),רקיט בנקיזר (ניר איסט) בעמ,,,יח`,3,1 ליטר,false,1,29.90,9.97,true,1,
7290101866787,false,קליה ג`ל 3 ליטר,רקיט בנקיזר (ניר איסט) בעמ,,,יח`,3,1 ליטר,false,1,29.90,9.97,true,1,
7290101868958,false,פיניש נוזל הברקה 800 מל לימון,רקיט בנקיזר (ניר איסט) בעמ,,,יח`,800,גרם,false,1,19.90,2.49,false,1,
7290101869788,false,מילוי מבשם אויר אוטומטי אואזיס,רקיט בנקיזר (ניר איסט) בעמ,,,יח`,250,גרם,false,1,14.90,5.96,true,1,
7290101869795,false,מילוי מבשם אויר אוטומטי חלום ליל קיץ,רקיט בנקיזר (ניר איסט) בעמ,,,יח`,250,גרם,false,1,14.90,5.96,true,1,
7290101869818,false,מבשם אוויר חשמלי מכשיר חלום ליל קיץ,רקיט בנקיזר (ניר איסט) בעמ,,,יח`,1,,false,1,26.90,26.90,false,1,
7290101982951,false,בקבוק שתיה מועצב היי סקול,שמחה זה אנחנו בעמ,,,יח`,1,,false,1,26.90,26.90,false,1,
7290101999683,false,נרות מטה  כוכבים- ברבי,שמחה זה אנחנו בעמ,,,יח`,1,,false,1,5.90,5.90,false,1,
7290102003815,false,נרות ג`מבו  מאויירים- הלו קיטי,שמחה זה אנחנו בעמ,,,יח`,1,,false,1,6.90,6.90,false,1,
7290102030330,false,תפוצ`יפס 200 גר` קראנץ` מקסיקני,שטראוס פריטו ליי בעמ,,,יח`,200,גרם,false,1,10.90,5.45,true,1,
7290102031276,false,שמיניית אקטימל תות בננה,שטראוס גרופ בעמ/מצונן,,,יח`,800,גרם,false,1,19.90,2.49,false,1,
7290102032334,false,קפה נמס וניל עלית (200 גרם),שטראוס גרופ בעמ,,,יח`,200,גרם,false,1,19.90,9.95,false,1,
7290102060764,false,מרידול מברשת שיניים,ש.שסטוביץ בעמ,,,יח`,1,,false,1,29.90,29.90,true,1,
7290102300860,false,גבינת צ`דר אנגלית 200 גרם,א. סיימן סחר בעמ,,,יח`,200,גרם,false,1,22.90,11.45,true,1,
7290102302932,false,גאיה קלאסית בפרוסות 150 גר`,א. סיימן סחר בעמ,,,יח`,150,גרם,false,1,22.90,15.27,true,1,
7290102390427,false,יוגורט ביו פרופ 3% תות מולר (150 גרם),החב` המרכזית - טרה,,,יח`,150,גרם,false,1,5.30,3.53,false,1,
7290102390465,false,מולר מעדן אפרסק 150 מל,החב` המרכזית - טרה,,,יח`,150,גרם,false,1,5.30,3.53,false,1,
7290102390489,false,יוגורט ביו פרופ 3% לימון מולר (150 גרם),החב` המרכזית - טרה,,,יח`,150,גרם,false,1,5.30,3.53,false,1,
7290102391844,false,מולר יוגורט פרי פרופ יער 150 מל,החב` המרכזית - טרה,,,יח`,150,גרם,false,1,5.30,3.53,false,1,
7290102392049,false,תבור גבינה לאפיה צוריאל,החב` המרכזית - טרה,,,יח`,500,גרם,false,1,20.90,4.18,false,1,
7290102392094,false,חלב עיזים מלא 4.1% משק צוריאל (1 ליטר),החב` המרכזית - טרה,,,יח`,1,1 ליטר,false,1,17.40,17.40,false,1,
7290102392254,false,חלב 1% בקרטון טרה (2 ליטר),החב` המרכזית - טרה,,,יח`,2,1 ליטר,false,1,11.72,5.86,false,1,
7290102393039,false,מולר מיקס יוגורט קרמי,החב` המרכזית - טרה,,,יח`,170,גרם,false,1,6.20,3.65,false,1,
7290102393060,false,מולר מיקס יוגורט קרמי,החב` המרכזית - טרה,,,יח`,170,גרם,false,1,6.20,3.65,false,1,
7290102393169,false,מולר סימפלי פרויט תות שדה,החב` המרכזית - טרה,,,יח`,150,גרם,false,1,5.30,3.53,true,1,
7290102393176,false,מולר סימפלי פרויט אפרסק,החב` המרכזית - טרה,,,יח`,150,גרם,false,1,5.30,3.53,true,1,
7290102393268,false,גבינה לבנה 5% 750  גר`פיקוח,החב` המרכזית - טרה,,,יח`,750,גרם,false,1,14.94,1.99,false,1,
7290102393299,false,יוגורט עיזים 500  גר`לשתיה,החב` המרכזית - טרה,,,יח`,500,גרם,false,1,13.40,2.68,false,1,
7290102393848,false,יוגורט עיזים תות 150 צוריאל,החב` המרכזית - טרה,,,יח`,150,גרם,false,1,6.70,4.47,false,1,
7290102393855,false,יוגורט עיזים אפרסק 150 צוריאל,החב` המרכזית - טרה,,,יח`,150,גרם,false,1,6.70,4.47,false,1,
7290102393947,false,מולר סימפלי פרויט קיווי,החב` המרכזית - טרה,,,יח`,150,גרם,false,1,5.30,3.53,true,1,
7290102394258,false,מה עז 180  גר`9%,החב` המרכזית - טרה,,,יח`,180,גרם,false,1,23.70,13.17,false,1,
7290102394463,false,גבינה צהובה ואקום 28%,החב` המרכזית - טרה,,,יח`,500,גרם,false,1,29.40,5.88,false,1,
7290102394845,false,גבינה צהובה 200  גר`דק דק 9% נעם,החב` המרכזית - טרה,,,יח`,200,גרם,false,1,17.80,8.90,false,1,
7290102395217,false,מאגדת שמיניי ה במתיקות מעודנת 2%,החב` המרכזית - טרה,,,יח`,1,,false,1,19.20,19.20,false,1,
7290102395224,false,יוגורט ביו נטורל 1.7% מולר (150x8 גרם),החב` המרכזית - טרה,,,יח`,1200,גרם,false,1,18.80,1.57,false,1,
7290102395231,false,יוגורט ביו נטורל 2.8% מולר (150x8 גרם),החב` המרכזית - טרה,,,יח`,1,,false,1,18.80,18.80,false,1,
7290102395262,false,מאגדת שמינייה מולר סיפלי תות,החב` המרכזית - טרה,,,יח`,1,,false,1,31.40,31.40,false,1,
7290102395378,false,גבינה צהובה קלאסית 28% נעם (360 גרם),החב` המרכזית - טרה,,,יח`,360,גרם,false,1,20.90,5.81,false,1,
7290102395439,false,מאגדת שמינייה מולר סיפלי פרוט,החב` המרכזית - טרה,,,יח`,1,,false,1,31.40,31.40,false,1,
7290102395446,false,מעדן בטעם וניל עם קצפת מוו (123 גרם),החב` המרכזית - טרה,,,יח`,123,גרם,false,1,3,2.44,false,1,
7290102395477,false,מעדן בטעם שוקולד קצפת מוו (123 גרם),החב` המרכזית - טרה,,,יח`,123,גרם,false,1,3,2.44,false,1,
7290102395521,false,שמנת לבישול 15% 500 מל,החב` המרכזית - טרה,,,יח`,500,גרם,false,1,17.40,3.48,false,1,
7290102396399,false,מעדן בטעם שוקולד מוו (100x8 גרם),החב` המרכזית - טרה,,,יח`,800,גרם,false,1,14.20,1.78,false,1,
7290102396405,false,מעדן בטעם וניל מוו (100x8 גרם),החב` המרכזית - טרה,,,יח`,800,גרם,false,1,14.20,1.78,false,1,
7290102396436,false,מעדן בטעם שוקולד 1.5% שומן מוו (125 גרם),החב` המרכזית - טרה,,,יח`,125,גרם,false,1,2.90,2.32,true,1,
7290102396443,false,מעדן בטעם וניל 1.5% שומן מוו (125 גרם),החב` המרכזית - טרה,,,יח`,125,גרם,false,1,2.90,2.32,true,1,
7290102396580,false,מעדן מוו שוקולד ומוס שוקולד,החב` המרכזית - טרה,,,יח`,123,גרם,false,1,3,2.44,false,1,
7290102396597,false,מעדן מוו וניל ומוס שוקולד,החב` המרכזית - טרה,,,יח`,123,גרם,false,1,3,2.44,false,1,
7290102396665,false,גבינה צהובה דקה דקה 15% נעם (200 גרם),החב` המרכזית - טרה,,,יח`,200,גרם,false,1,17.80,8.90,false,1,
7290102396672,false,גבינה צהובה נעם דק דק 9% פתח סגור 360 ג,החב` המרכזית - טרה,,,יח`,360,גרם,false,1,27.20,7.56,false,1,
7290102396740,false,מאגדת שמינייה מולר סיפלי 0%,החב` המרכזית - טרה,,,יח`,1,,false,1,31.40,31.40,false,1,
7290102397310,false,מאגדת שמינייה מיני מוו שוקולד קצפת,החב` המרכזית - טרה,,,יח`,1,,false,1,13.20,13.20,false,1,
7290102397464,false,מולר  נטורל+פקאן גרעינים וחמוציות 150,החב` המרכזית - טרה,,,יח`,150,גרם,false,1,6.20,4.13,false,1,
7290102397600,false,מולר מיקס שקדים ובוטנים בקרמל 170 גרם,החב` המרכזית - טרה,,,יח`,170,גרם,false,1,6.20,3.65,false,1,
7290102397617,false,מולר מיקס קליק 170 גרם,החב` המרכזית - טרה,,,יח`,170,גרם,false,1,6.20,3.65,false,1,
7290102397679,false,קוטג`וחצי 5% 375 גר,החב` המרכזית - טרה,,,יח`,375,גרם,false,1,8.30,2.21,false,1,
7290102397730,false,גבינה צהובה אמנטל 30% נעם (200 גרם),החב` המרכזית - טרה,,,יח`,200,גרם,false,1,17.80,8.90,false,1,
7290102397747,false,מוצרלה נעם פתיחה חוזרת 200 גר`,החב` המרכזית - טרה,,,יח`,200,גרם,false,1,19.90,9.95,false,1,
7290102397891,false,גבינה מותכת 100 גר צוריאל,החב` המרכזית - טרה,,,יח`,100,גרם,false,1,7.90,7.90,false,1,
7290102398065,false,חלב קרטון 2 ליטר 3% מהדרין וסט,החב` המרכזית - טרה,,,יח`,2,1 ליטר,false,1,12.46,6.23,false,1,
7290102398072,false,חלב הומוגני 3% 1 ליטר מהדרין וסט,החב` המרכזית - טרה,,,יח`,1,1 ליטר,false,1,6.23,6.23,false,1,
7290102398331,false,חלב מועשר דל לקטוז 1 ליטר טרה,החב` המרכזית - טרה,,,יח`,1,1 ליטר,false,1,7.50,7.50,false,1,
7290102398553,false,משקה שוקו בקבוק 1.5 ליטר בבקבוק,החב` המרכזית - טרה,,,יח`,1500,גרם,false,1,16.70,1.11,false,1,
7290102398560,false,משקה שוקו מועשר בבקבוק 1 ליטר טרה,החב` המרכזית - טרה,,,יח`,1,1 ליטר,false,1,12.10,12.10,false,1,
7290102398577,false,שוקו מעושר בבקבוק 250 מל טרה,החב` המרכזית - טרה,,,יח`,250,גרם,false,1,5.20,2.08,false,1,
7290102398614,false,משקה חלב בטעם בננה 1 ליטר טרה,החב` המרכזית - טרה,,,יח`,1,1 ליטר,false,1,12.10,12.10,false,1,
7290102398638,false,משקה חלב בטעם מוקה 1 ליטר טרה,החב` המרכזית - טרה,,,יח`,1,1 ליטר,false,1,12.10,12.10,false,1,
7290102398669,false,משקה חלב אייס קפוצינו 1 ליטר טרה,החב` המרכזית - טרה,,,יח`,1,1 ליטר,false,1,12.10,12.10,false,1,
7290102398782,false,משקה סויה קלאסי 1 ליטר משק צוריאל,החב` המרכזית - טרה,,,יח`,1,1 ליטר,false,1,9.90,9.90,false,1,
7290102398799,false,משקה סויה במתיקות מופחת 1 ליטר משק צוריא,החב` המרכזית - טרה,,,יח`,1,1 ליטר,false,1,9.90,9.90,false,1,
7290102399772,false,ממרח חמאה מולר במליחות עדינה 250 גר`,החב` המרכזית - טרה,,,יח`,250,גרם,false,1,17.80,7.12,false,1,
7290102399796,false,יוגורט מולר אקטיב לבן חלבון 25 גר,החב` המרכזית - טרה,,,יח`,200,גרם,false,1,6.20,3.10,true,1,
7290102399802,false,יוגורט מולר אקטיב תות חלבון 20גר,החב` המרכזית - טרה,,,יח`,200,גרם,false,1,6.20,3.10,true,1,
7290102399819,false,יוגורט מולר אקטיב פירות יער חלבון 20גר,החב` המרכזית - טרה,,,יח`,200,גרם,false,1,6.20,3.10,true,1,
7290102399857,false,מולר אקטיב לייט יוגורט 20 גר  חלבון( 200,החב` המרכזית - טרה,,,יח`,0,גרם,false,1,5.80,5.80,true,1,
7290102840175,false,אינסטנט פודינג בטעם וניל מיה (85 גרם),מיה תעשיות מזון מ.ת.מ. בעמ,,,יח`,85,גרם,false,1,3.90,4.59,false,1,
7290102840199,false,ג`לי בטעם משמש 90  גר`מיה,מיה תעשיות מזון מ.ת.מ. בעמ,,,יח`,90,גרם,false,1,3.90,4.33,false,1,
7290103120658,false,ספיד סטיק 24/7 גל שחור,ש.שסטוביץ בעמ,,,יח`,85,גרם,false,1,16.90,19.88,false,1,
7290103126797,false,קולגייט סנסיטיב פרו ריליף 75 מל,ש.שסטוביץ בעמ,,,יח`,110,גרם,false,1,18.90,17.18,false,1,
7290103128739,false,צמרונים לתינוק בלונס) (50,ש.שסטוביץ בעמ,,,יח`,1,יח`,false,1,6.90,6.90,false,1,
7290103150952,false,מפות שולחן עבה במיוחד 135/300 לפיד) (6,פאלאס תעשיות נטו (2014) בעמ,,,יח`,1,,false,1,11.90,11.90,true,1,
7290103150969,false,מפות שולחן עבה במיוחד 135/240 לפיד) (8,פאלאס תעשיות נטו (2014) בעמ,,,יח`,1,,false,1,11.90,11.90,true,1,
7290103151485,false,גביעי איחסון 1/2 ליטר לפיד) (15,פאלאס תעשיות נטו (2014) בעמ,,,יח`,1,,false,1,9.90,9.90,false,1,
7290103151508,false,מיכל אחסון 1 ליטר לפיד) (5,פאלאס תעשיות נטו (2014) בעמ,,,יח`,1,,false,1,9.90,9.90,true,1,
7290103151515,false,מיכל אחסון 2 ליטר לפיד) (4,פאלאס תעשיות נטו (2014) בעמ,,,יח`,1,,false,1,9.90,9.90,true,1,
7290103152956,false,פאלאס תבנית גדולה/רחבה/עמוקה/עגולה,פאלאס תעשיות נטו (2014) בעמ,,,יח`,1,,false,1,1.50,1.50,true,1,
7290103152987,false,פאלאס תבניות אלומיניום קטן/אינגליש,פאלאס תעשיות נטו (2014) בעמ,,,יח`,1,,false,1,0.90,0.90,true,1,
7290103156343,false,סכין צבעוני לפיד) (100,פאלאס תעשיות נטו (2014) בעמ,,,יח`,1,,false,1,16.90,16.90,true,1,
7290103156466,false,כפות חד פעמיות לפיד) (100,פאלאס תעשיות נטו (2014) בעמ,,,יח`,1,,false,1,9.90,9.90,true,1,
7290103156473,false,כפיות לפיד) (100,פאלאס תעשיות נטו (2014) בעמ,,,יח`,1,,false,1,9.90,9.90,true,1,
7290103156480,false,מזלג חד פעמי לפיד) (100,פאלאס תעשיות נטו (2014) בעמ,,,יח`,1,,false,1,9.90,9.90,true,1,
7290103157104,false,רביעייה מפות אלבד לבן,פאלאס תעשיות נטו (2014) בעמ,,,יח`,1,,false,1,14.90,14.90,false,1,
7290103400194,false,כרוב לבן 400 ג בדצ ירקות שטראוס טעם הטבע,שטראוס גרופ בעמ/מצונן,,,יח`,400,גרם,false,1,8.50,2.13,false,1,
7290103400255,false,סלט קולסלאו 400 ג בדצ ירקות שטראוס טעם ה,שטראוס גרופ בעמ/מצונן,,,יח`,400,גרם,false,1,8.50,2.13,false,1,
7290103401429,false,קפה PLATINUM ברזילאי 200 גר,שטראוס גרופ בעמ,,,יח`,200,גרם,false,1,24.90,12.45,true,1,
7290103404758,false,כרוב אדום במיונז אחלה (120 גרם),שטראוס גרופ בעמ/מצונן,,,יח`,120,גרם,false,1,5,4.17,false,1,
7290103408206,false,עלי חסה ערבית שטופים 250 גר טעם הטבע,שטראוס גרופ בעמ/מצונן,,,יח`,250,גרם,false,1,9.90,3.96,false,1,
7290103702540,false,נייר טואלט כדור פורח 30 יח`,שניב תעשיות נייר בעמ,,,יח`,1,,false,1,24.90,24.90,false,1,
7290103702649,false,ממחטות עדן חמישייה,שניב תעשיות נייר בעמ,,,יח`,1,,false,1,11.90,11.90,false,1,
7290103702663,false,מגבות מטבח לובלי שמנייה,שניב תעשיות נייר בעמ,,,יח`,1,,false,1,13.90,13.90,false,1,
7290103702779,false,מפיות  טאצ`150 יח,שניב תעשיות נייר בעמ,,,יח`,1,,false,1,7.90,7.90,false,1,
7290103704155,false,מגבות  טאצ`6,שניב תעשיות נייר בעמ,,,יח`,1,,false,1,10.90,10.90,false,1,
7290103704568,false,נייר טואלט  טאצ`40 גלילים פרמיום,שניב תעשיות נייר בעמ,,,יח`,1,,false,1,31.90,31.90,false,1,
7290103704575,false,טואלט  טאצ`48 פרמיום,שניב תעשיות נייר בעמ,,,יח`,1,,false,1,37.90,37.90,false,1,
7290103746001,false,ממחטות  טאצ`חמישייה צבעוני 500 דף,שניב תעשיות נייר בעמ,,,יח`,1,,false,1,12.90,12.90,false,1,
7290104061417,false,חומוס עם טחינה אחלה (400 גרם),שטראוס גרופ בעמ/מצונן,,,יח`,400,גרם,false,1,11.50,2.88,true,1,
7290104061424,false,חומוס וזעתר אחלה (400 גרם),שטראוס גרופ בעמ/מצונן,,,יח`,400,גרם,false,1,11.50,2.88,true,1,
7290104061431,false,חומוס עם צנובר אחלה (400 גרם),שטראוס גרופ בעמ/מצונן,,,יח`,400,גרם,false,1,11.50,2.88,true,1,
7290104061448,false,חומוס וחריף אחלה (400 גרם),שטראוס גרופ בעמ/מצונן,,,יח`,400,גרם,false,1,11.50,2.88,true,1,
7290104062599,false,מעדן בטעם תות בננה גמדים (100x8 גרם),שטראוס גרופ בעמ/מצונן,,,יח`,800,גרם,false,1,18.80,2.35,false,1,
7290104065934,false,עלי רוקט שטראוס 150 גר`-טעם הטבע,שטראוס גרופ בעמ/מצונן,,,יח`,150,גרם,false,1,9.90,6.60,false,1,
7290104066566,false,טחינה משומשום מלא אחלה (500 גרם),שטראוס גרופ בעמ/מצונן,,,יח`,500,גרם,false,1,14.90,2.98,true,1,
7290104067693,false,חומוס אחלה עם תוספת חריף 150 גר,שטראוס גרופ בעמ/מצונן,,,יח`,150,גרם,false,1,5.90,3.93,false,1,
7290104068539,false,מסטיק מאסט מלון ואבטיח ללס,שטראוס גרופ בעמ,,,יח`,28,גרם,false,1,4.90,17.50,false,1,
7290104500572,false,אפרופו 50 גר` איטליאנו,קבוצת אסם סחר שות. מוגבלת,,,יח`,50,גרם,false,1,5,10,true,1,
7290104501661,false,פודינג בטעם וניל צרפתי 80  גר`אסם,קבוצת אסם סחר שות. מוגבלת,,,יח`,80,גרם,false,1,5.90,7.38,false,1,
7290104508189,false,גביעי גלידה אסם) (24,קבוצת אסם סחר שות. מוגבלת,,,יח`,95,גרם,false,1,13.90,14.63,false,1,
7290104508202,false,גביעי גלידה אמריקאים אסם) (24,קבוצת אסם סחר שות. מוגבלת,,,יח`,120,גרם,false,1,13.90,11.58,false,1,
7290104508943,false,במבה אסם (200 גרם),קבוצת אסם סחר שות. מוגבלת,,,יח`,200,גרם,false,1,9.90,4.95,true,1,
7290104570162,false,תמר כבוש 500  גר`בית שאן שוקחה,בני ג`ורג` שוקחה (חיפה) בעמ,,,יח`,500,גרם,false,1,12.90,2.58,false,1,
7290104570513,false,תמר מגהול 1 קג,דין שיווק וקליה 2021 בעמ,,,יח`,1000,גרם,false,1,19.90,1.99,true,1,
7290104570629,false,ממרח תמרים450 גר בדץ,בני ג`ורג` שוקחה (חיפה) בעמ,,,יח`,450,גרם,false,1,5.90,1.31,false,1,
7290104720499,false,מארז 8 דני וניל,שטראוס גרופ בעמ/מצונן,,,יח`,1,1 ליטר,false,1,16.40,16.40,true,1,
7290104721762,false,קפה טורקי עלית (85x3 גרם),שטראוס גרופ בעמ,,,יח`,255,גרם,false,1,19.90,7.80,false,1,
7290104722530,false,תפוצ`יפס 200 גר` שמנת בצל,שטראוס פריטו ליי בעמ,,,יח`,200,גרם,false,1,10.90,5.45,true,1,
7290104726262,false,מארז 4 דני לשתייה,שטראוס גרופ בעמ/מצונן,,,יח`,500,גרם,false,1,11,2.20,false,1,
7290104726712,false,מילקי שמיניה,שטראוס גרופ בעמ/מצונן,,,יח`,868,גרם,false,1,19.90,2.29,false,1,
7290104728310,false,שמנת עמידה לקצפת 38% שומן 250 מל,שטראוס גרופ בעמ/מצונן,,,יח`,250,גרם,false,1,6.47,2.59,false,1,
7290104729003,false,שמן זית כתית מעולה יד מרדכי (750 מל),שטראוס גרופ בעמ,,,יח`,750,גרם,false,1,33.90,4.52,true,1,
7290104850875,false,צלחות ענק זהב פאלאס) (25,פאלאס תעשיות נטו (2014) בעמ,,,יח`,1,,false,1,25.90,25.90,false,1,
7290104851223,false,צלחת מרק קרם 25 יח פאלאס,פאלאס תעשיות נטו (2014) בעמ,,,יח`,1,,false,1,12.90,12.90,true,1,
7290104851681,false,קערית אובלית זהב 25 יח פאלאס,פאלאס תעשיות נטו (2014) בעמ,,,יח`,1,,false,1,8.90,8.90,true,1,
7290104851971,false,מפת שולחן עבה במיוחד 8 יח פאלאס,פאלאס תעשיות נטו (2014) בעמ,,,יח`,1,,false,1,9.90,9.90,false,1,
7290104852794,false,תבנית אלומניום קטנה R29 פאלאס 13 יח,פאלאס תעשיות נטו (2014) בעמ,,,יח`,1,,false,1,12.90,12.90,true,1,
7290104856518,false,מפיות לבן 150  יח`לפיד,פאלאס תעשיות נטו (2014) בעמ,,,יח`,1,,false,1,4.90,4.90,false,1,
7290104856914,false,מפות  אלבד+ דוגמא 2יח 2.70*1.20,פאלאס תעשיות נטו (2014) בעמ,,,יח`,1,,false,1,11.90,11.90,false,1,
7290104858161,false,כוסות קרטון לשתיה חמה אספרסו פאלאס) (50,פאלאס תעשיות נטו (2014) בעמ,,,יח`,1,,false,1,6.90,6.90,false,1,
7290104859779,false,כוסות שתיה קרה 330 מל 40 יח,פאלאס תעשיות נטו (2014) בעמ,,,יח`,1,,false,1,10.90,10.90,true,1,
7290104859786,false,תבנית אלומניום בינונית R31 פאלאס 7 יח,פאלאס תעשיות נטו (2014) בעמ,,,יח`,1,,false,1,9.50,9.50,true,1,
7290104859793,false,תבנית אלומניום ענק R99 פאלאס 4 יח,פאלאס תעשיות נטו (2014) בעמ,,,יח`,1,,false,1,8.90,8.90,true,1,
7290104859809,false,תבנית אלומניום אינגליש R88 פאלאס 14 יח,פאלאס תעשיות נטו (2014) בעמ,,,יח`,1,,false,1,8.90,8.90,true,1,
7290104859823,false,תבנית אלומניום עמוקה R64 פאלאס 8 יח,פאלאס תעשיות נטו (2014) בעמ,,,יח`,1,,false,1,8.90,8.90,true,1,
7290104960239,false,תחליב רחצה בניחוח קמומיל נקה  (7507 מל),החברה הדרומית לשיווק בעמ,,,יח`,750,גרם,false,1,10.90,1.45,true,1,
7290104960338,false,תחליב רחצהנקה 7 ירוק אלוורה,החברה הדרומית לשיווק בעמ,,,יח`,750,גרם,false,1,10.90,1.45,true,1,
7290104960352,false,תחליב רחצה נקה 7 וניל שקד,החברה הדרומית לשיווק בעמ,,,יח`,750,גרם,false,1,10.90,1.45,true,1,
7290104961526,false,טיטניום ספרי גוף קלאסי 150 מל,החברה הדרומית לשיווק בעמ,,,יח`,150,גרם,false,1,9.90,6.60,true,1,
7290104961533,false,טיטניום ספרי גוף בלק 150 מל,החברה הדרומית לשיווק בעמ,,,יח`,150,גרם,false,1,9.90,6.60,true,1,
7290104961878,false,שמפו קרטין טהור נטורל פורמולה (400 מל),החברה הדרומית לשיווק בעמ,,,יח`,400,גרם,false,1,29.90,7.48,false,1,
7290104961892,false,נטורל פורמולה קרטין אינטנס מסיכה 350מל,החברה הדרומית לשיווק בעמ,,,יח`,350,גרם,false,1,39.90,11.40,false,1,
7290104962660,false,דאו ספריי נושם קרליין,החברה הדרומית לשיווק בעמ,,,יח`,200,גרם,false,1,12.90,6.45,true,1,
7290104963001,false,סופטקר מגבונים רביעייה,החברה הדרומית לשיווק בעמ,,,יח`,1,,false,1,15.90,15.90,false,1,
7290104963711,false,סופטקר שמפו אל דמע 770,החברה הדרומית לשיווק בעמ,,,יח`,770,גרם,false,1,17.90,2.32,true,1,
7290104965654,false,דאו סטיק נושם קרלין SWEET KISS,החברה הדרומית לשיווק בעמ,,,יח`,50,גרם,false,1,14.90,29.80,false,1,
7290105100054,false,מטריה אוטומטי מתקפל,טומי - קונסיגנציה,,,יח`,1,,false,1,15.90,15.90,false,1,
7290105100108,false,מטריה 28 ארוכה,טומי - קונסיגנציה,,,יח`,1,,false,1,19.90,19.90,false,1,
7290105100122,false,מטריה ידנית מתקפל,טומי - קונסיגנציה,,,יח`,1,,false,1,9.90,9.90,false,1,
7290105105905,false,נעלי בית חורפי,טומי - קונסיגנציה,,,יח`,1,,false,1,19.90,19.90,false,1,
7290105107534,false,מטריה רב צלעות,טומי - קונסיגנציה,,,יח`,1,,false,1,29.90,29.90,false,1,
7290105107619,false,נעלי בית,טומי - קונסיגנציה,,,יח`,1,,false,1,24.90,24.90,false,1,
7290105108272,false,מטריה מיני אוטו עמיד ברוח,טומי - קונסיגנציה,,,יח`,1,,false,1,29.90,29.90,false,1,
7290105360250,false,קפסולות קפה עלית עשיר וארומטי)(10,שטראוס גרופ בעמ,,,יח`,1,,false,1,16.90,16.90,true,1,
7290105360335,false,קפסולות 7 עדין וקטיפתי עלית) (10,שטראוס גרופ בעמ,,,יח`,50,גרם,false,1,16.90,33.80,true,1,
7290105362339,false,שמנת לבישול 15% יטבתה (250 מל),שטראוס גרופ בעמ/מצונן,,,יח`,250,גרם,false,1,8.40,3.36,true,1,
7290105363602,false,מקלות כיף כף קלאסי עלית (40 גרם),שטראוס גרופ בעמ,,,יח`,40,גרם,false,1,5,12.50,true,1,
7290105364289,false,כיף כף מקלות פצפוצים,שטראוס גרופ בעמ,,,יח`,40,גרם,false,1,5,12.50,true,1,
7290105364302,false,מקלות כיף כף אגוזים עלית (42 גרם),שטראוס גרופ בעמ,,,יח`,42,גרם,false,1,5,11.90,true,1,
7290105366023,false,חצילים בטעם כבד אחלה (400 גרם),שטראוס גרופ בעמ/מצונן,,,יח`,400,גרם,false,1,15.50,3.88,true,1,
7290105366047,false,טחינה לבנה אחלה (400 גרם),שטראוס גרופ בעמ/מצונן,,,יח`,400,גרם,false,1,15.50,3.88,true,1,
7290105366993,false,סימפוניה 200 גר פלפל שיפקה חריף,שטראוס גרופ בעמ/מצונן,,,יח`,200,גרם,false,1,11.40,5.70,true,1,
7290105368225,false,חומוס עם פלפל שיפקה אחלה (400 גרם),שטראוס גרופ בעמ/מצונן,,,יח`,400,גרם,false,1,11.50,2.88,false,1,
7290105368331,false,מילקי תות פיקוח,שטראוס גרופ בעמ/מצונן,,,יח`,130,גרם,false,1,2.80,2.15,false,1,
7290105368904,false,שמנת עמידה לקצפת 32% שומן,שטראוס גרופ בעמ/מצונן,,,יח`,250,גרם,false,1,7.40,2.96,false,1,
7290105436382,false,פרי מארז 5 תמרים קשיו,ש.שסטוביץ בעמ,,,יח`,125,גרם,false,1,15.90,12.72,false,1,
7290105439499,false,מיונז הולנדי מאסטר שף (483 גר`),ש.שסטוביץ בעמ,,,יח`,483,גרם,false,1,11.90,2.46,false,1,
7290105439505,false,מיונז לייט 479 גר מנה מאסטר שף,ש.שסטוביץ בעמ,,,יח`,479,גרם,false,1,11.90,2.48,false,1,
7290105439581,false,חרדל דיז`ון צרפתי מאסטר שף (370 גרם),ש.שסטוביץ בעמ,,,יח`,370,גרם,false,1,11.90,3.22,false,1,
7290105473950,false,יורוקיטי קופסה 5 קג,שחורי אריה ואנסטסיה,,,יח`,5,"ק""ג",false,1,34.90,6.98,false,1,
7290105474049,false,לה קט מוס עוף 155 גר`,שחורי אריה ואנסטסיה,,,יח`,155,גרם,false,1,5,3.23,false,1,
7290105474063,false,לה קט מוס כבד 155 גר`,שחורי אריה ואנסטסיה,,,יח`,155,גרם,false,1,5,3.23,false,1,
7290105474124,false,בונזו בשר 12  קג`מחולק,שחורי אריה ואנסטסיה,,,יח`,12,"ק""ג",false,1,129.90,10.83,false,1,
7290105691224,false,חטיף טורטיה שום ובצל אסם (60 גרם),קבוצת אסם סחר שות. מוגבלת,,,יח`,60,גרם,false,1,7.90,13.17,true,1,
7290105691248,false,חטיף טורטיה תירס אסם (60 גרם),קבוצת אסם סחר שות. מוגבלת,,,יח`,60,גרם,false,1,7.90,13.17,true,1,
7290105691934,false,קמח שמרים אסם (1 קג),קבוצת אסם סחר שות. מוגבלת,,,יח`,1,"ק""ג",false,1,10.90,10.90,false,1,
7290105693341,false,במבה אסם (25x10 גרם),קבוצת אסם סחר שות. מוגבלת,,,יח`,250,גרם,false,1,16.90,6.76,true,1,
7290105693457,false,עוגת הבית דמקה שוקו וניל 320  גר`בחושות,קבוצת אסם סחר שות. מוגבלת,,,יח`,320,גרם,false,1,11.90,3.72,false,1,
7290105694614,false,ספגטי מהיר הכנה אסם (500 גרם),קבוצת אסם סחר שות. מוגבלת,,,יח`,500,גרם,false,1,5.90,1.18,true,1,
7290105695024,false,פתיתים אפויים 500 גר` אורז עם אטריות אסם,קבוצת אסם סחר שות. מוגבלת,,,יח`,1,,false,1,6.90,6.90,true,1,
7290105695321,false,עוגת בראוניז פאדג`,קבוצת אסם סחר שות. מוגבלת,,,יח`,400,גרם,false,1,18.90,4.73,false,1,
7290105962331,false,סחוג חריף מאוד 220 גרם,שטראוס גרופ בעמ/מצונן,,,יח`,220,גרם,false,1,9.90,4.50,false,1,
7290105963864,false,חזרת 220  גר`שטראוס,שטראוס גרופ בעמ/מצונן,,,יח`,220,גרם,false,1,12.50,5.68,false,1,
7290105964564,false,חומוס אחלה (400 גרם),שטראוס גרופ בעמ/מצונן,,,יח`,400,גרם,false,1,8.90,2.23,false,1,
7290105965738,false,דנונה לשתיה תות בננה,שטראוס גרופ בעמ/מצונן,,,יח`,263,גרם,false,1,4.90,1.86,false,1,
7290105968098,false,סלט קולסלאו אחלה (500 גרם),שטראוס גרופ בעמ/מצונן,,,יח`,500,גרם,false,1,15.40,3.08,true,1,
7290105968654,false,רביולי עם בטטה פרווה שטראוס (400 גרם),שטראוס גרופ בעמ/מצונן,,,יח`,400,גרם,false,1,20.90,5.23,true,1,
7290105968777,false,אנרג`י פריכיות תחתית שוקולד מריר,שטראוס גרופ בעמ,,,יח`,80,גרם,false,1,8.90,11.13,false,1,
7290106520066,false,רבע  לשבע- רגיל,שטראוס גרופ בעמ,,,יח`,160,גרם,false,1,12.90,8.06,true,1,
7290106520905,false,סלט טורקי אחלה (400 גרם),שטראוס גרופ בעמ/מצונן,,,יח`,400,גרם,false,1,16.50,4.13,true,1,
7290106520912,false,שמנת לבישול 9% יטבתה (250 מל),שטראוס גרופ בעמ/מצונן,,,יח`,258,גרם,false,1,8.40,3.26,true,1,
7290106521049,false,קוביות סלק אחלה (400 גרם),שטראוס גרופ בעמ/מצונן,,,יח`,400,גרם,false,1,15.50,3.88,true,1,
7290106526822,false,אנרג`י פריכיות תחתית שוקולד,שטראוס גרופ בעמ,,,יח`,70,גרם,false,1,8.90,12.71,false,1,
7290106528567,false,חטיף תירס גריל דוריטוס (185 גרם),שטראוס פריטו ליי בעמ,,,יח`,185,גרם,false,1,7.50,4.05,false,1,
7290106528949,false,סלט ערוגות שטראוס 450 גר`-טעם הטבע,שטראוס גרופ בעמ/מצונן,,,יח`,450,גרם,false,1,11.50,2.56,false,1,
7290106571921,false,פיטנס עוגיות עם חמוציות נסטלה (180 גרם),קבוצת אסם סחר שות. מוגבלת,,,יח`,180,גרם,false,1,11.90,6.61,false,1,
7290106572027,false,קרקר לחמית חמישה דגנים אסם (190 גרם),קבוצת אסם סחר שות. מוגבלת,,,יח`,190,גרם,false,1,8.90,4.68,true,1,
7290106572065,false,חטיפי טורטיה בטעם חמוץ מתוק אסם (60 גרם),קבוצת אסם סחר שות. מוגבלת,,,יח`,60,גרם,false,1,7.90,13.17,true,1,
7290106572959,false,מארז אפרופו קלאסי 25*5,קבוצת אסם סחר שות. מוגבלת,,,יח`,125,גרם,false,1,12.90,10.32,true,1,
7290106572997,false,קמח שמרים לפיצה ופוקצ`ה אסם 1 קג`,קבוצת אסם סחר שות. מוגבלת,,,יח`,1,"ק""ג",false,1,10.90,10.90,true,1,
7290106573277,false,קריספי טאפאס זיתים,קבוצת אסם סחר שות. מוגבלת,,,יח`,150,גרם,false,1,11.90,7.93,false,1,
7290106573598,false,חומוס לבנוני צבר (400 גרם),קבוצת אסם סחר שות. מוגבלת,,,יח`,400,גרם,false,1,12,3,false,1,
7290106573628,false,חומוס עם טחינה צבר (400 גרם),קבוצת אסם סחר שות. מוגבלת,,,יח`,400,גרם,false,1,12,3,false,1,
7290106574793,false,עוגת הבית שוקוצ`יפס אסם (350 גרם),קבוצת אסם סחר שות. מוגבלת,,,יח`,350,גרם,false,1,11.90,3.40,false,1,
7290106574953,false,בייגלה שטוחים עם שומשום,קבוצת אסם סחר שות. מוגבלת,,,יח`,300,גרם,false,1,9.90,3.30,true,1,
7290106575257,false,עוגת הבית סופלה טעם שוקולד,קבוצת אסם סחר שות. מוגבלת,,,יח`,340,גרם,false,1,11.90,3.50,false,1,
7290106575431,false,עוגת הבית סופלה טעם שוקו וניל,קבוצת אסם סחר שות. מוגבלת,,,יח`,340,גרם,false,1,11.90,3.50,false,1,
7290106576513,false,חומוס צבר (400 גרם),קבוצת אסם סחר שות. מוגבלת,,,יח`,500,גרם,false,1,11.90,2.38,false,1,
7290106576537,false,חומוס מסעדה צבר (700 גרם),קבוצת אסם סחר שות. מוגבלת,,,יח`,700,גרם,false,1,10.90,1.56,false,1,
7290106576995,false,לה קרמריה 1.4 סורבה לייט,נגה גלידות שותפות מוגבלת,,,יח`,1.40,1 ליטר,false,1,22.90,16.36,true,1,
7290106577282,false,טחינה אמיתית צבר (400 גרם),קבוצת אסם סחר שות. מוגבלת,,,יח`,400,גרם,false,1,11.90,2.98,false,1,
7290106577527,false,צבר מרובע קולסלו 400 גר`,קבוצת אסם סחר שות. מוגבלת,,,יח`,400,גרם,false,1,11.90,2.98,false,1,
7290106577541,false,סלט כרוב אדום צבר (400 גרם),קבוצת אסם סחר שות. מוגבלת,,,יח`,400,גרם,false,1,10.90,2.73,false,1,
7290106578241,false,דובונים חטיף תפוחי אדמה אסם (100 גרם),קבוצת אסם סחר שות. מוגבלת,,,יח`,100,גרם,false,1,9.90,9.90,false,1,
7290106578692,false,במבה ביסלי מיקס 80 גר`,קבוצת אסם סחר שות. מוגבלת,,,יח`,80,גרם,false,1,4.30,5.38,true,1,
7290106578821,false,עוגת הבית שמרים שוקולד קלאסית,קבוצת אסם סחר שות. מוגבלת,,,יח`,350,גרם,false,1,17.90,5.11,true,1,
7290106652996,false,כיף כף מקלות קוקוס,שטראוס גרופ בעמ,,,יח`,42,גרם,false,1,5,11.90,true,1,
7290106653689,false,לקט לסלט אסייתי 350 גר`-טעם הטבע,שטראוס גרופ בעמ/מצונן,,,יח`,350,גרם,false,1,10.90,3.11,false,1,
7290106654099,false,מארז מילקי CAKE שמיניה,שטראוס גרופ בעמ/מצונן,,,יח`,272,גרם,false,1,19.90,7.32,false,1,
7290106656734,false,חיוכים וניל600 גר בדצ,שטראוס גרופ בעמ,,,יח`,600,גרם,false,1,17.90,2.98,false,1,
7290106662025,false,תפוציפס טבעי מלח  פלפל( 50 גר`),שטראוס פריטו ליי בעמ,,,יח`,50,גרם,false,1,3.90,7.80,false,1,
7290106663091,false,לאבנה 9% שטראוס (500 גרם),שטראוס גרופ בעמ/מצונן,,,יח`,500,גרם,false,1,17.90,3.58,false,1,
7290106663503,false,קונפיטורת תות לייט יד מרדכי (230 גרם),שטראוס גרופ בעמ,,,יח`,230,גרם,false,1,11.90,5.17,true,1,
7290106663558,false,רוטב טריאקי יד מרדכי (320  גר`),שטראוס גרופ בעמ,,,יח`,320,גרם,false,1,13.90,4.34,true,1,
7290106664067,false,לאבנה שמן זית וזעתר %10שומן,שטראוס גרופ בעמ/מצונן,,,יח`,400,גרם,false,1,14.90,3.73,false,1,
7290106664555,false,רוטב שמנת עם עגבניות 9% יטבתה (250 מל),שטראוס גרופ בעמ/מצונן,,,יח`,250,גרם,false,1,9.90,3.96,true,1,
7290106666788,false,סוכ`נוסטלגיה דבש ממולאות,שטראוס גרופ בעמ,,,יח`,80,גרם,false,1,5.90,7.38,false,1,
7290106668577,false,יד מרדכי מיץ לימון 250 מל,שטראוס גרופ בעמ,,,יח`,250,גרם,false,1,7.90,3.16,true,1,
7290106668713,false,יוגורט 3% פירות יער דנונה (150 גרם),שטראוס גרופ בעמ/מצונן,,,יח`,150,גרם,false,1,3.90,2.60,false,1,
7290106669857,false,קפסולות קפה עלית בטעם וניל 50 גר,שטראוס גרופ בעמ,,,יח`,50,גרם,false,1,16.90,33.80,true,1,
7290106720626,false,חטיף תירס בטעם גבינה צ`יטוס (80 גרם),שטראוס פריטו ליי בעמ,,,יח`,80,גרם,false,1,4.50,5.63,false,1,
7290106721913,false,מאסט ללא סוכר צנצנת,שטראוס גרופ בעמ,,,יח`,66,גרם,false,1,9.90,15,true,1,
7290106721920,false,צנצנת ספירמינט צ`יקלט,שטראוס גרופ בעמ,,,יח`,66,גרם,false,1,9.90,15,true,1,
7290106723689,false,עלי תרד בייבי 200 גר`שטראוס טעם הטבע,שטראוס גרופ בעמ/מצונן,,,יח`,200,גרם,false,1,10.90,5.45,false,1,
7290106727984,false,כיף כף פצפצים עלית (135 גרם),שטראוס גרופ בעמ,,,יח`,135,גרם,false,1,9.90,7.33,false,1,
7290106729650,false,יוגורט תות 3% דנונה (150x8 גרם),שטראוס גרופ בעמ/מצונן,,,יח`,1200,גרם,false,1,24.90,2.08,false,1,
7290107280013,false,מגבוני בד לחים ליטופים) (72x5,החברה הדרומית לשיווק בעמ,,,יח`,1,,false,1,19.90,19.90,true,1,
7290107280020,false,מטליות לחות לניקוי כללי סושי סנו) (50x3,החברה הדרומית לשיווק בעמ,,,יח`,1,,false,1,18.90,18.90,true,1,
7290107280099,false,מגבוני טואלט לחים סנו סופט) (48x3,החברה הדרומית לשיווק בעמ,,,יח`,1,,false,1,14.90,14.90,false,1,
7290107280129,false,שקיות אשפה חזקות 90x78 סנו סושי) (20,החברה הדרומית לשיווק בעמ,,,יח`,1,,false,1,23.90,23.90,false,1,
7290107280341,false,ריצפז פרש מטליות חד פעמיות ניחוח מלון מפ,החברה הדרומית לשיווק בעמ,,,יח`,1,,false,1,11.90,11.90,true,1,
7290107280389,false,סנו ג`ט למקלחת 750 מל,החברה הדרומית לשיווק בעמ,,,יח`,750,גרם,false,1,12.90,1.72,true,1,
7290107280563,false,ג`ל בייבי סנו אוקסיג`ן (3 ליטר),החברה הדרומית לשיווק בעמ,,,יח`,3,1 ליטר,false,1,29.90,9.97,true,1,
7290107280570,false,מקסימה ג`ל כביסהבלי להפריד,החברה הדרומית לשיווק בעמ,,,יח`,3,1 ליטר,false,1,29.60,9.87,true,1,
7290107280600,false,ספארק טבליות למדיח סנו) (100,החברה הדרומית לשיווק בעמ,,,יח`,1,,false,1,49.90,49.90,false,1,
7290107280655,false,סנו מקסימה א. כביסה בייבי 3.25 קג,החברה הדרומית לשיווק בעמ,,,יח`,3.25,"ק""ג",false,1,31.90,9.82,true,1,
7290107280709,false,ספארק נוזל הברקה למדיח סנו (700 מל),החברה הדרומית לשיווק בעמ,,,יח`,900,גרם,false,1,14.90,1.66,true,1,
7290107280723,false,נוזל לניקוי כלים לימון 700 מל,החברה הדרומית לשיווק בעמ,,,יח`,700,גרם,false,1,7.90,1.13,false,1,
7290107280730,false,נוזל לניקוי כלים 700מל בניחוח לבנדר,החברה הדרומית לשיווק בעמ,,,יח`,700,גרם,false,1,7.90,1.13,false,1,
7290107280747,false,נוזל לניקוי כלים קלאסי 700 מל,החברה הדרומית לשיווק בעמ,,,יח`,700,גרם,false,1,7.90,1.13,false,1,
7290107280754,false,נוזל לניקוי כלים היפואלרגני,החברה הדרומית לשיווק בעמ,,,יח`,700,גרם,false,1,7.90,1.13,false,1,
7290107280761,false,נוזל לניקוי כלים בניחוח לימון 1ליטר,החברה הדרומית לשיווק בעמ,,,יח`,1,1 ליטר,false,1,10.90,10.90,false,1,
7290107280822,false,ריצפז פרש הום בניחוח ספא מרגיע,החברה הדרומית לשיווק בעמ,,,יח`,2,1 ליטר,false,1,21.90,10.95,true,1,
7290107340526,false,מטען טייפסי IMX,קונסיגנציה-איי.איקס.אם ישראל ב,,,יח`,1,,false,1,39.90,39.90,false,1,
7290107341356,false,כבל אייפון IMX,קונסיגנציה-איי.איקס.אם ישראל ב,,,יח`,1,,false,1,18.90,18.90,false,1,
7290107341363,false,כבל מיקרו imx,קונסיגנציה-איי.איקס.אם ישראל ב,,,יח`,1,,false,1,18.90,18.90,false,1,
7290107341370,false,כבל טייפסי imx,קונסיגנציה-איי.איקס.אם ישראל ב,,,יח`,1,,false,1,18.90,18.90,false,1,
7290107341394,false,אוזניות לבן imx,קונסיגנציה-איי.איקס.אם ישראל ב,,,יח`,1,,false,1,28.90,28.90,false,1,
7290107469692,false,קומקום חשמלי נירוסטה 1.8 ל`,אוהב ציון בעמ (מבצעים),,,יח`,1,,false,1,79.90,79.90,false,1,
7290107645584,false,מרק עוף רכיבים טבעיים 400  גר`קנור,יוניליוור ישראל שיווק בעמ,,,יח`,400,גרם,false,1,27.90,6.98,true,1,
7290107645591,false,מרק טעם עוף רכיבים טבעיים 400  גר`קנור,יוניליוור ישראל שיווק בעמ,,,יח`,400,גרם,false,1,16.90,4.23,true,1,
7290107646062,false,מרק בצל רכיבים טבעיים 400  גר`קנור,יוניליוור ישראל שיווק בעמ,,,יח`,400,גרם,false,1,27.90,6.98,true,1,
7290107646154,false,מאגדת חטיפי ילדים קוקומן פצפוצים שישייה,יוניליוור ישראל שיווק בעמ,,,יח`,126,גרם,false,1,14.90,11.83,true,1,
7290107646383,false,מטליות לחות לניקוי רצפות בניחוח לימון,יוניליוור ישראל שיווק בעמ,,,יח`,1,,false,1,10.90,10.90,true,1,
7290107646963,false,ממרח ספייסי מיו 250  גר`תלמה.,יוניליוור ישראל שיווק בעמ,,,יח`,250,גרם,false,1,7.50,3,true,1,
7290107647816,false,ברנפלקס ללתס 500  גר`בדצ,יוניליוור ישראל שיווק בעמ,,,יח`,500,גרם,false,1,22.90,4.58,true,1,
7290107647854,false,שוגי 500 גר`,יוניליוור ישראל שיווק בעמ,,,יח`,500,גרם,false,1,18.90,3.78,true,1,
7290107648943,false,ברנפלקס קרנצ`ים מייפל 375 גר`,יוניליוור ישראל שיווק בעמ,,,יח`,375,גרם,false,1,22.90,6.11,true,1,
7290107649100,false,טבעות שומשום 300 גרם,יוניליוור ישראל שיווק בעמ,,,יח`,300,גרם,false,1,10.90,3.63,true,1,
7290107649605,false,קליק טבלאות עם קורפלקס ופצפוצים 85 גר`,יוניליוור ישראל שיווק בעמ,,,יח`,85,גרם,false,1,5.90,6.94,true,1,
7290107871297,false,פריכונים מיני עשבי תיבול אסם (25 גרם),קבוצת אסם סחר שות. מוגבלת,,,יח`,1,,false,1,3.90,3.90,false,1,
7290107871990,false,פסטה צינורות מהדרין אסם (500 גרם),קבוצת אסם סחר שות. מוגבלת,,,יח`,500,גרם,false,1,5.90,1.18,true,1,
7290107874502,false,ביסלי חטיף בטעם גריל אסם (55x4 גרם),קבוצת אסם סחר שות. מוגבלת,,,יח`,220,גרם,false,1,12.90,5.86,true,1,
7290107875158,false,אסם-מארז במבה קלאסי.,קבוצת אסם סחר שות. מוגבלת,,,יח`,240,גרם,false,1,12.90,5.38,false,1,
7290107875271,false,ביסלי ברביקיו מארז 4יח*55גרם,קבוצת אסם סחר שות. מוגבלת,,,יח`,220,גרם,false,1,12.90,5.86,true,1,
7290107875820,false,קרוטונים אפויים בתיבול ביתי,קבוצת אסם סחר שות. מוגבלת,,,יח`,180,גרם,false,1,10.90,6.06,false,1,
7290107877619,false,במבה במילוי נוגט אסם (30x5 גרם),קבוצת אסם סחר שות. מוגבלת,,,יח`,150,גרם,false,1,14.90,9.93,true,1,
7290107879569,false,מאגדת לה פרוטה מנגו,נגה גלידות שותפות מוגבלת,,,יח`,350,גרם,false,1,25.90,7.40,false,1,
7290107931397,false,כיף כף פצפצים עלית (40 גרם),שטראוס גרופ בעמ,,,יח`,40,גרם,false,1,4.90,12.25,true,1,
7290107932080,false,חלב 3% מועשר בבקבוק יטבתה (1 ליטר),שטראוס גרופ בעמ/מצונן,,,יח`,1000,גרם,false,1,7.60,0.76,false,1,
7290107932134,false,חלב מועשר 1% בבקבוק יטבתה (1 ליטר),שטראוס גרופ בעמ/מצונן,,,יח`,1000,גרם,false,1,7.60,0.76,false,1,
7290107933155,false,לקט סלנובה 200 גר ירקות שטראוס טעם הטבע,שטראוס גרופ בעמ/מצונן,,,יח`,200,גרם,false,1,12.90,6.45,false,1,
7290107936309,false,דנונה יווני לבן 7%,שטראוס גרופ בעמ/מצונן,,,יח`,130,גרם,false,1,3.50,2.69,false,1,
7290107937542,false,משקה אקטייביה תות 1.2%,שטראוס גרופ בעמ/מצונן,,,יח`,250,גרם,false,1,4.90,1.96,false,1,
7290107937634,false,צנצנת קוביות פפירמינט גומי לעיסה 58גר,שטראוס גרופ בעמ,,,יח`,58,גרם,false,1,9.90,17.07,true,1,
7290107937856,false,קפסולות קפה עלית 100% גואטמלה) (10,שטראוס גרופ בעמ,,,יח`,50,גרם,false,1,16.90,33.80,true,1,
7290107938396,false,אקטימל תות שמינייה בנים,שטראוס גרופ בעמ/מצונן,,,יח`,864,גרם,false,1,19.90,2.30,false,1,
7290107939027,false,גזר דק דק 250 גר שטראוס ירקות טעם הטבע,שטראוס גרופ בעמ/מצונן,,,יח`,250,גרם,false,1,7.90,3.16,false,1,
7290107941266,false,שעועית אדומה מבושלת 475 גר ירקות שטראוס,שטראוס גרופ בעמ/מצונן,,,יח`,475,גרם,false,1,14.90,3.14,false,1,
7290107943369,false,קוואקר שיבולת שועל ללא גולטן 511 גר`,שטראוס פריטו ליי בעמ,,,יח`,511,גרם,false,1,19.90,3.89,false,1,
7290107944472,false,סימפוניה 200 גר שום שמיר 5%,שטראוס גרופ בעמ/מצונן,,,יח`,200,גרם,false,1,11.40,5.70,true,1,
7290107945165,false,קונפיטורת משמש 340 גר,שטראוס גרופ בעמ,,,יח`,340,גרם,false,1,11.90,3.50,false,1,
7290107950190,false,מעדן שטראוס דיאט שוקולד מריר,שטראוס גרופ בעמ/מצונן,,,יח`,130,גרם,false,1,3.20,2.46,false,1,
7290107950206,false,מעדן שטראוס דיאט שוקולד 0%,שטראוס גרופ בעמ/מצונן,,,יח`,130,גרם,false,1,3.20,2.46,false,1,
7290107951104,false,בפלות שוקולד 200  גר`עלית,שטראוס גרופ בעמ,,,יח`,200,גרם,false,1,3.90,1.95,false,1,
7290107951715,false,צנצנת קוביות ענבים 58 גר,שטראוס גרופ בעמ,,,יח`,58,גרם,false,1,9.90,17.07,true,1,
7290107953559,false,מארז טורקי לדרך כשלפ,שטראוס גרופ בעמ,,,יח`,168,גרם,false,1,17.90,10.65,false,1,
7290107954709,false,קונפיטורת פירות יער 340 גר יד מרדכי,שטראוס גרופ בעמ,,,יח`,340,גרם,false,1,11.90,3.50,false,1,
7290107954976,false,משקה יטבתה פרו קפה 350 מל,שטראוס גרופ בעמ/מצונן,,,יח`,350,גרם,false,1,6.50,1.86,false,1,
7290107956642,false,תרסיס שמן זית 150 מל יד מרדכי,שטראוס גרופ בעמ,,,יח`,150,גרם,false,1,17.90,11.93,false,1,
7290107956895,false,קפסולות קפה עלית אספרסו בטעם קרמל,שטראוס גרופ בעמ,,,יח`,50,גרם,false,1,16.90,33.80,true,1,
7290107956901,false,קפסולות אספרסו בטעם אגוזים עלית,שטראוס גרופ בעמ,,,יח`,50,גרם,false,1,16.90,33.80,true,1,
7290107956932,false,קפסולות קפה עלית אידונזיה  מס`12,שטראוס גרופ בעמ,,,יח`,50,גרם,false,1,16.90,33.80,true,1,
7290107957991,false,מילקי מיניייס cake,שטראוס גרופ בעמ/מצונן,,,יח`,144,גרם,false,1,13.90,9.65,false,1,
7290107958035,false,מארז 8 דנונה מתיקות מעודנת ללא סוכר וממת,שטראוס גרופ בעמ/מצונן,,,יח`,1.20,1 ליטר,false,1,18.50,15.42,false,1,
7290107973861,false,מארז עגבניות קצוצות דק שלישייה מנה מאסט,ש.שסטוביץ בעמ,,,יח`,1200,גרם,false,1,15.90,1.33,false,1,
7290107974073,false,עלי טורטיה קמח לבן 320  גר`מנה מאסטר שף,ש.שסטוביץ בעמ,,,יח`,320,גרם,false,1,9.90,3.09,true,1,
7290107974080,false,עלי טורטיה קמח לבן 744  גר`מנה מאסטר שף,ש.שסטוביץ בעמ,,,יח`,744,גרם,false,1,15.90,2.14,false,1,
7290107977456,false,פלמוליב לגבר ג`ל רחצה ושמפו ספורט 750 מ,ש.שסטוביץ בעמ,,,יח`,750,גרם,false,1,19.90,2.65,true,1,
7290107978330,false,מאסטר שף איטריות דקות 400 גר,ש.שסטוביץ בעמ,,,יח`,400,גרם,false,1,5.90,1.48,true,1,
7290107978347,false,מאסטר שף איטריות בינוניות 400 גר,ש.שסטוביץ בעמ,,,יח`,400,גרם,false,1,5.90,1.48,true,1,
7290107978453,false,קראנצוס גריל 55 גר`,ש.שסטוביץ בעמ,,,יח`,55,גרם,false,1,2.50,4.55,true,1,
7290107978460,false,קראנצוס פלאפל 55 גר`,ש.שסטוביץ בעמ,,,יח`,55,גרם,false,1,2.50,4.55,true,1,
7290107978637,false,מרידול משחת שיניים 75מל,ש.שסטוביץ בעמ,,,יח`,75,גרם,false,1,19.90,26.53,true,1,
7290108201284,false,אירוויק מקלות לבנדר,רקיט בנקיזר (ניר איסט) בעמ,,,יח`,30,גרם,false,1,14.90,49.67,true,1,
7290108350128,false,סושי-שקיות אשפה חזקות במיוחד,החברה הדרומית לשיווק בעמ,,,יח`,1,,false,1,23.90,23.90,false,1,
7290108350203,false,כרית קרצוף עם ספוג מקציף סנו סושי) (6,החברה הדרומית לשיווק בעמ,,,יח`,1,,false,1,10.90,10.90,false,1,
7290108350586,false,ספארק 1.5 ליטר נוזל כלים,החברה הדרומית לשיווק בעמ,,,יח`,1.50,1 ליטר,false,1,14.90,9.93,true,1,
7290108350616,false,סנו מקסימה מרכך 1 ליטר blue blossom,החברה הדרומית לשיווק בעמ,,,יח`,1,1 ליטר,false,1,17.90,17.90,true,1,
7290108350623,false,מקסימה מרכך כביסה סופט סילק סנו (1 ליטר),החברה הדרומית לשיווק בעמ,,,יח`,1,1 ליטר,false,1,17.90,17.90,true,1,
7290108350647,false,כיף פיות קרם להתרת קשרים 350מל,החברה הדרומית לשיווק בעמ,,,יח`,350,גרם,false,1,19.90,5.69,true,1,
7290108350654,false,תרסיס מתיר קשרים לילדים כיף (350 מל),החברה הדרומית לשיווק בעמ,,,יח`,350,גרם,false,1,19.90,5.69,true,1,
7290108350692,false,סנו מקסימה 6 קג`,החברה הדרומית לשיווק בעמ,,,יח`,6,"ק""ג",false,1,49.90,8.32,true,1,
7290108350708,false,כיף בוב ספוג קרם להתרת קשרים 350מל,החברה הדרומית לשיווק בעמ,,,יח`,350,גרם,false,1,19.90,5.69,true,1,
7290108350715,false,פורטה 750 מל free,החברה הדרומית לשיווק בעמ,,,יח`,750,גרם,false,1,12.90,1.72,false,1,
7290108350722,false,מש.שיניים אורביטול ילדים בוב ספוג,החברה הדרומית לשיווק בעמ,,,יח`,70,גרם,false,1,8.90,12.71,true,1,
7290108351118,false,K4000,החברה הדרומית לשיווק בעמ,,,יח`,750,גרם,false,1,29.90,3.99,false,1,
7290108351149,false,סנו ג`ט פלוס לניקוי כללי ורצפות בתוספת,החברה הדרומית לשיווק בעמ,,,יח`,1.50,1 ליטר,false,1,12.90,8.60,true,1,
7290108351156,false,סנו ג`ט לניקוי כללי ורצפות בתוספת חומץ 1,החברה הדרומית לשיווק בעמ,,,יח`,1.50,1 ליטר,false,1,12.90,8.60,true,1,
7290108351507,false,מרכך כביסה מקסימה Soft Silk,החברה הדרומית לשיווק בעמ,,,יח`,4,1 ליטר,false,1,19.90,4.98,false,1,
7290108351514,false,מרכך כביסה מקסימה 4 ליטר Blue Dlosson,החברה הדרומית לשיווק בעמ,,,יח`,4000,גרם,false,1,19.90,0.50,false,1,
7290108351552,false,ג`ט פלוס לניקוי כללי+חומץ 750 ל סנו,החברה הדרומית לשיווק בעמ,,,יח`,750,גרם,false,1,13.90,1.85,true,1,
7290108351569,false,סנו מקסימה למייבש 750 מלבייבי,החברה הדרומית לשיווק בעמ,,,יח`,750,גרם,false,1,17.90,2.39,true,1,
7290108351606,false,סנופרש הום נטול גז 350 מל הום סופט סילק,החברה הדרומית לשיווק בעמ,,,יח`,350,גרם,false,1,11.90,3.40,true,1,
7290108351613,false,ריצפז פרש הום בניחות מלון חלומי 2 ליטר,החברה הדרומית לשיווק בעמ,,,יח`,2,1 ליטר,false,1,21.90,10.95,true,1,
7290108351699,false,מגבונים  ג`ט+ חומץ מארז שלישייה,החברה הדרומית לשיווק בעמ,,,יח`,1,,false,1,20,20,true,1,
7290108351705,false,פניני בישום לכביסה275  גר`fresh linen,החברה הדרומית לשיווק בעמ,,,יח`,275,גרם,false,1,19.90,7.24,false,1,
7290108351781,false,ג`ט פלוס לניקוי אסלות בניחוח הדרים,החברה הדרומית לשיווק בעמ,,,יח`,750,גרם,false,1,9.90,1.32,true,1,
7290108351804,false,סנו מקסימה סופר מרוכז (1 ליטר)- בריזה,החברה הדרומית לשיווק בעמ,,,יח`,1,1 ליטר,false,1,17.90,17.90,true,1,
7290108351811,false,סנו מקסימה סופר מרוכז (1 ליטר)- פרחוני,החברה הדרומית לשיווק בעמ,,,יח`,1,1 ליטר,false,1,17.90,17.90,true,1,
7290108351835,false,סנו מקסימהמרכך כביסה 4 ליטר floral touch,החברה הדרומית לשיווק בעמ,,,יח`,4000,גרם,false,1,19.90,0.50,false,1,
7290108351934,false,סבון אסלה מוצק RINGS ניחוח לימון שלישייה,החברה הדרומית לשיווק בעמ,,,יח`,1,,false,1,14.90,14.90,true,1,
7290108351941,false,סבון אסלה מוצק RINGS ניחוח יערות שלישיי,החברה הדרומית לשיווק בעמ,,,יח`,1,,false,1,14.90,14.90,true,1,
7290108352016,false,סנובון שלישייה בניחוח ספא DESIGN,החברה הדרומית לשיווק בעמ,,,יח`,1,,false,1,14.90,14.90,false,1,
7290108352023,false,סנובון שלישייה בניחוח סחלב פראי DESIGN,החברה הדרומית לשיווק בעמ,,,יח`,1,,false,1,14.90,14.90,false,1,
7290108352085,false,שטיפת מי פה 500 מל shocking frsdh אורב,החברה הדרומית לשיווק בעמ,,,יח`,500,גרם,false,1,19.90,3.98,true,1,
7290108352214,false,מקסימה קפסולות לכביסה 40  יח`בניחוח fres,החברה הדרומית לשיווק בעמ,,,יח`,1,,false,1,36.90,36.90,true,1,
7290108352252,false,ספארק נוזל לניקוי כלים ללא צבע ובישום 1,החברה הדרומית לשיווק בעמ,,,יח`,1,1 ליטר,false,1,10.90,10.90,false,1,
7290108352290,false,שלישיית מטליות לחיטוי ולניקוי לחדר אמבטי,החברה הדרומית לשיווק בעמ,,,יח`,1,,false,1,19.90,19.90,true,1,
7290108352337,false,סנו פרש אוטומטיק הום מלון מפנק,החברה הדרומית לשיווק בעמ,,,יח`,250,גרם,false,1,13.90,5.56,false,1,
7290108352436,false,סנובון מוצק שלישייה מגנוליה סנו (55x3 גר,החברה הדרומית לשיווק בעמ,,,יח`,165,גרם,false,1,17.90,10.85,true,1,
7290108352443,false,סנובון מוצק שלישייה לוטוס וסחלב סנו (55x,החברה הדרומית לשיווק בעמ,,,יח`,165,גרם,false,1,17.90,10.85,true,1,
7290108352450,false,ריצפז פרש הום בלו בוסום 2 ליטר,החברה הדרומית לשיווק בעמ,,,יח`,2,1 ליטר,false,1,21.90,10.95,true,1,
7290108352511,false,מקסימה לניקוי וחיטוי מכונת כביסה 500מל,החברה הדרומית לשיווק בעמ,,,יח`,500,גרם,false,1,11.90,2.38,false,1,
7290108352528,false,מרסס לניקוי וחיטוי חדרי אמבטיה 99.9% 75,החברה הדרומית לשיווק בעמ,,,יח`,750,גרם,false,1,14.90,1.99,true,1,
7290108352535,false,דפי בישום לחים למייבש כביסה מקסימה,החברה הדרומית לשיווק בעמ,,,יח`,1,,false,1,12.90,12.90,false,1,
7290108352573,false,סנו מקסימה 4 ליטר CALM,החברה הדרומית לשיווק בעמ,,,יח`,4,1 ליטר,false,1,19.90,4.98,false,1,
7290108352641,false,מטלית הפלא לניקוי כללי במארז שליישיה סנו,החברה הדרומית לשיווק בעמ,,,יח`,1,,false,1,14.90,14.90,false,1,
7290108352672,false,מטלית הפלא לריצפה צמד במארז סנו סושי,החברה הדרומית לשיווק בעמ,,,יח`,1,,false,1,19.90,19.90,false,1,
7290108352689,false,כרית קרצוף ללכלוך קשה סנו סושי) (9,החברה הדרומית לשיווק בעמ,,,יח`,1,,false,1,10.90,10.90,true,1,
7290108352795,false,שקית זיפר 50 יח במידה M סנו סושי,החברה הדרומית לשיווק בעמ,,,יח`,1,,false,1,11.90,11.90,true,1,
7290108352801,false,סושי סנו שקיות אשפה לפחים קטנים 100 יח,החברה הדרומית לשיווק בעמ,,,יח`,1,,false,1,19.90,19.90,false,1,
7290108352825,false,ספוג הפלא נירוסטה סנו סושי,החברה הדרומית לשיווק בעמ,,,יח`,1,,false,1,11.90,11.90,true,1,
7290108352863,false,10 שקיות צלייה L סנו סושי,החברה הדרומית לשיווק בעמ,,,יח`,1,,false,1,9.90,9.90,true,1,
7290108352870,false,10 שקיות צלייה XL סנו סושי,החברה הדרומית לשיווק בעמ,,,יח`,1,,false,1,8.90,8.90,false,1,
7290108352887,false,זוג מפות שולחן לבנות 120*180 סנו,החברה הדרומית לשיווק בעמ,,,יח`,1,,false,1,9.90,9.90,true,1,
7290108353068,false,כרית קרצוף עם סיבי נירוסטה,החברה הדרומית לשיווק בעמ,,,יח`,1,,false,1,9.90,9.90,false,1,
7290108353099,false,ממחטות אף סנו סופט חמישייה,החברה הדרומית לשיווק בעמ,,,יח`,1,,false,1,11.90,11.90,false,1,
7290108353501,false,שקיות אשפה עם ידיות 25 יח סנו סושי,החברה הדרומית לשיווק בעמ,,,יח`,1,,false,1,19.90,19.90,false,1,
7290108353532,false,שקית אשפה בגליל 100 יח סנו סושי,החברה הדרומית לשיווק בעמ,,,יח`,1,,false,1,29.90,29.90,true,1,
7290108353549,false,100 דפי נייר אפיה סנו סושי,החברה הדרומית לשיווק בעמ,,,יח`,1,,false,1,19.90,19.90,false,1,
7290108353648,false,סנו  סושי- שקיות אוכל מנייר 70 יח,החברה הדרומית לשיווק בעמ,,,יח`,1,,false,1,11.90,11.90,false,1,
7290108353679,false,מפות ניילוון שקופות סנו סושי 10 יח,החברה הדרומית לשיווק בעמ,,,יח`,1,,false,1,14.90,14.90,false,1,
7290108353686,false,מטלית חלומית לרצפה סנו סושי,החברה הדרומית לשיווק בעמ,,,יח`,1,,false,1,11.90,11.90,true,1,
7290108353716,false,קרמה תחליב רחצה חימר פיטאיה 500 מל,החברה הדרומית לשיווק בעמ,,,יח`,500,גרם,false,1,12.90,2.58,true,1,
7290108353723,false,קרמה תחליב רחצה חימר תה ירוק 500 מל,החברה הדרומית לשיווק בעמ,,,יח`,500,גרם,false,1,12.90,2.58,true,1,
7290108353808,false,תחליב רחצה נקה 7מדגסקר ניחוח אמבר,החברה הדרומית לשיווק בעמ,,,יח`,750,גרם,false,1,10.90,1.45,true,1,
7290108353839,false,כפפות ניטריל מידה M סנו סושי,החברה הדרומית לשיווק בעמ,,,יח`,1,,false,1,29.90,29.90,false,1,
7290108353846,false,כפפות ניטריל מידה L סנו סושי,החברה הדרומית לשיווק בעמ,,,יח`,1,,false,1,29.90,29.90,false,1,
7290108353969,false,דאודורנט ספריי קרמה מאסק 150 מל,החברה הדרומית לשיווק בעמ,,,יח`,150,גרם,false,1,12.90,8.60,true,1,
7290108354164,false,כיף שלישיית אל סבון קטיפתי מעושר בשמנים,החברה הדרומית לשיווק בעמ,,,יח`,1500,גרם,false,1,19.90,1.33,false,1,
7290108354263,false,מש.שיניים אורביטול ילדים חד קרן,החברה הדרומית לשיווק בעמ,,,יח`,70,גרם,false,1,8.90,12.71,true,1,
7290108354270,false,מקסימה מרכך כביסה מרוכז 1ליטר קאלם,החברה הדרומית לשיווק בעמ,,,יח`,1,1 ליטר,false,1,17.90,17.90,true,1,
7290108354430,false,כיף שמפו לשיקום והזנה שמן קוקוס וקרטין,החברה הדרומית לשיווק בעמ,,,יח`,700,גרם,false,1,11.90,1.70,true,1,
7290108354621,false,כיף מסיכה לחות לשיער עם אפרסק וחמאת מורו,החברה הדרומית לשיווק בעמ,,,יח`,500,גרם,false,1,24.90,4.98,false,1,
7290108354751,false,ג`ט פלוס לניקוי כללי+סודה 750 ל סנו,החברה הדרומית לשיווק בעמ,,,יח`,750,גרם,false,1,12.90,1.72,true,1,
7290108354911,false,קרמה מן 3ב1 שמפו גל רחצה וגילוח 700 מל,החברה הדרומית לשיווק בעמ,,,יח`,700,גרם,false,1,15,2.14,true,1,
7290108354973,false,סבון ידיים קרמה ורד וניל 300 מל,החברה הדרומית לשיווק בעמ,,,יח`,300,גרם,false,1,9.90,3.30,true,1,
7290108355000,false,שמפו לילדים מיניונים נקה  (7507 מל),החברה הדרומית לשיווק בעמ,,,יח`,750,גרם,false,1,10.90,1.45,true,1,
7290108355017,false,מרכך לילדים מיניונים נקה  (7507 מל),החברה הדרומית לשיווק בעמ,,,יח`,750,גרם,false,1,10.90,1.45,true,1,
7290108355055,false,לחות מקצועית עם גלייז נטורל 400 מל,החברה הדרומית לשיווק בעמ,,,יח`,410,גרם,false,1,29.90,7.29,false,1,
7290108355062,false,לחות מקצועית עם קרטין נטורל 400 מל,החברה הדרומית לשיווק בעמ,,,יח`,410,גרם,false,1,29.90,7.29,false,1,
7290108355079,false,לחות מקצועית עם קוקוס נטורל 400 מל,החברה הדרומית לשיווק בעמ,,,יח`,410,גרם,false,1,29.90,7.29,false,1,
7290108355086,false,גלייד מקצועי 350 מל,החברה הדרומית לשיווק בעמ,,,יח`,350,גרם,false,1,29.90,8.54,false,1,
7290108355147,false,תחליב רחצה שמנהי הזנה נקה  (7507 מל),החברה הדרומית לשיווק בעמ,,,יח`,750,גרם,false,1,10.90,1.45,true,1,
7290108355154,false,נקה 7 שמפו שמני הזנה750 מל,החברה הדרומית לשיווק בעמ,,,יח`,750,גרם,false,1,10.90,1.45,true,1,
7290108355161,false,נקה 7 מרכך שמני הזנה750 מל,החברה הדרומית לשיווק בעמ,,,יח`,750,גרם,false,1,10.90,1.45,true,1,
7290108355291,false,נקה 7 קרם להתרת קשרים 750 מל,החברה הדרומית לשיווק בעמ,,,יח`,750,גרם,false,1,14.90,1.99,false,1,
7290108355765,false,דאודורנט ספריי קרמה לבנדר ואקליפטוס 150,החברה הדרומית לשיווק בעמ,,,יח`,150,גרם,false,1,12.90,8.60,true,1,
7290108355949,false,תחליב רחצה קרמה נרולי ומגנוליה 700 מל,החברה הדרומית לשיווק בעמ,,,יח`,700,גרם,false,1,17.90,2.56,true,1,
7290108356113,false,תחליב רחצה כיף ניחוח דבש 700 מל,החברה הדרומית לשיווק בעמ,,,יח`,700,גרם,false,1,11.90,1.70,true,1,
7290108356120,false,תחליב רחצה כיף ניחוח קוקוס וניל700 מל,החברה הדרומית לשיווק בעמ,,,יח`,700,גרם,false,1,11.90,1.70,true,1,
7290108356137,false,תחליב רחצה כיף ניחוח לבנדר 700 מל,החברה הדרומית לשיווק בעמ,,,יח`,700,גרם,false,1,11.90,1.70,true,1,
7290108356151,false,תחליב רחצה כיף ניחוחמאסק יסמין 700 מל,החברה הדרומית לשיווק בעמ,,,יח`,700,גרם,false,1,11.90,1.70,true,1,
7290108356229,false,ג`ל גילוח קרמה מן קרבון,החברה הדרומית לשיווק בעמ,,,יח`,200,גרם,false,1,10.90,5.45,false,1,
7290108356274,false,מוס רחצה כיף בניחוח תותים ושמנת 150 מל,החברה הדרומית לשיווק בעמ,,,יח`,150,גרם,false,1,12.90,8.60,true,1,
7290108356298,false,מוס רחצה כיף בניחוח קרם עוגיות 150 מל,החברה הדרומית לשיווק בעמ,,,יח`,150,גרם,false,1,12.90,8.60,true,1,
7290108356519,false,קרליין שמפו 10 לשיער רגיל 700,החברה הדרומית לשיווק בעמ,,,יח`,700,גרם,false,1,14.90,2.13,true,1,
7290108356526,false,קרליין שמפו 10 לשיער יבש 700,החברה הדרומית לשיווק בעמ,,,יח`,700,גרם,false,1,14.90,2.13,true,1,
7290108356533,false,קרליין שמפו 10 לשיער מתולתל 700,החברה הדרומית לשיווק בעמ,,,יח`,700,גרם,false,1,14.90,2.13,true,1,
7290108356557,false,קרליין שמפו 10 למניעת קשקשים 700,החברה הדרומית לשיווק בעמ,,,יח`,700,גרם,false,1,14.90,2.13,true,1,
7290108356564,false,קרליין מרכך 10 לשיער רגיל 700,החברה הדרומית לשיווק בעמ,,,יח`,700,גרם,false,1,14.90,2.13,true,1,
7290108356571,false,קרליין מרכך 10 לשיער יבש 700,החברה הדרומית לשיווק בעמ,,,יח`,700,גרם,false,1,14.90,2.13,true,1,
7290108356809,false,כיף סבון ידיים בוטני ורד ומרווה 1ליטר,החברה הדרומית לשיווק בעמ,,,יח`,1,1 ליטר,false,1,14.90,14.90,false,1,
7290108357004,false,כיף שמפוורד ושמן קוקוי 700,החברה הדרומית לשיווק בעמ,,,יח`,700,גרם,false,1,11.90,1.70,true,1,
7290108357080,false,קרליין נושם BIO דאודורנט ספריי secret ga,החברה הדרומית לשיווק בעמ,,,יח`,150,גרם,false,1,12.90,8.60,true,1,
7290108357110,false,קרליין נושם BIO דאודורנט רולאון velvet r,החברה הדרומית לשיווק בעמ,,,יח`,75,גרם,false,1,12.90,17.20,true,1,
7290108357196,false,ג`ט+ מתז לניקוי בתוספת תמצית עץ התה 750,החברה הדרומית לשיווק בעמ,,,יח`,750,גרם,false,1,13.90,1.85,true,1,
7290108357202,false,סנו קליר 1 ליטר בלו בלוסום אקדח,החברה הדרומית לשיווק בעמ,,,יח`,1000,גרם,false,1,11.90,1.19,true,1,
7290108357226,false,סנו אוקסיג`ן להסרת כתמים 1.4 קג,החברה הדרומית לשיווק בעמ,,,יח`,1400,גרם,false,1,29.90,2.14,false,1,
7290108357240,false,סנו אוקסיג`ן להסרת כתמים 1.4 קג,החברה הדרומית לשיווק בעמ,,,יח`,1400,גרם,false,1,29.90,2.14,false,1,
7290108357264,false,סנו אוטומטיק אולטרא פרש,החברה הדרומית לשיווק בעמ,,,יח`,250,גרם,false,1,13.90,5.56,false,1,
7290108357295,false,סנו אוקסיג`ן פאוור מרסס מסיר כתמים,החברה הדרומית לשיווק בעמ,,,יח`,750,גרם,false,1,18.90,2.52,true,1,
7290108357653,false,סנובון bubbles ג`ל בניחוח אוקיינוס שליש,החברה הדרומית לשיווק בעמ,,,יח`,1,,false,1,14.90,14.90,false,1,
7290108357660,false,סנובון bubbles ג`ל בניחוח לבנדר שלישייה,החברה הדרומית לשיווק בעמ,,,יח`,1,,false,1,14.90,14.90,false,1,
7290108357707,false,כיף שמפו לשיער רגיל תפוח זרעי צ`יה 700,החברה הדרומית לשיווק בעמ,,,יח`,700,גרם,false,1,11.90,1.70,true,1,
7290108357745,false,כיף שמפוומרכך 2+1 תאנה ומנטה 700,החברה הדרומית לשיווק בעמ,,,יח`,700,גרם,false,1,11.90,1.70,true,1,
7290108357769,false,כיף מרכךלשיער רגיל תפוח זרעי צ`יה 700,החברה הדרומית לשיווק בעמ,,,יח`,700,גרם,false,1,11.90,1.70,true,1,
7290108357837,false,אל סבון כיף שקית מילוי 1 ליטר כחול,החברה הדרומית לשיווק בעמ,,,יח`,1,1 ליטר,false,1,8.90,8.90,false,1,
7290108358070,false,תחליב רחצה קרמה קלאסי 700מל,החברה הדרומית לשיווק בעמ,,,יח`,700,גרם,false,1,17.90,2.56,true,1,
7290108358087,false,תחליב רחצה קרמהמאסק 700 מל,החברה הדרומית לשיווק בעמ,,,יח`,700,גרם,false,1,17.90,2.56,true,1,
7290108358124,false,דפי בישום לחים למייבש כביסה מקסימה,החברה הדרומית לשיווק בעמ,,,יח`,1,,false,1,12.90,12.90,false,1,
7290108359039,false,סנו סושי שקיות אשפה עם ידיתלפחים גבוהים,החברה הדרומית לשיווק בעמ,,,יח`,1,,false,1,19.90,19.90,false,1,
7290108359077,false,סנו סופט לושן 120 ממחטות אף 3 שכבות,החברה הדרומית לשיווק בעמ,,,יח`,1,,false,1,12.90,12.90,true,1,
7290108359084,false,כיסוי ניילון עם גומי 30  יח`מידה M,החברה הדרומית לשיווק בעמ,,,יח`,1,,false,1,9.90,9.90,true,1,
7290108359091,false,כיסוי ניילון עם גומי 30  יח`מידה L,החברה הדרומית לשיווק בעמ,,,יח`,1,,false,1,9.90,9.90,true,1,
7290108359169,false,סנו סושי-תבניות  אלומיניום קוטר 28 סמ,החברה הדרומית לשיווק בעמ,,,יח`,1,,false,1,9.90,9.90,true,1,
7290108359824,false,בייבי קרם גוף כיף (500 מל),החברה הדרומית לשיווק בעמ,,,יח`,500,גרם,false,1,19.90,3.98,true,1,
7290108359848,false,בייבי כיף שמפו אל דמע (1 ליטר),החברה הדרומית לשיווק בעמ,,,יח`,1,1 ליטר,false,1,21.90,21.90,true,1,
7290108359886,false,בייבי כיף תחליב רחצה 1 ליטר,החברה הדרומית לשיווק בעמ,,,יח`,1,1 ליטר,false,1,21.90,21.90,true,1,
7290108359893,false,בייבי כיף תחליב רחצה 750 מל,החברה הדרומית לשיווק בעמ,,,יח`,750,גרם,false,1,14.90,1.99,true,1,
7290108359985,false,סנו ז`אוול מרסס ניחוח פריחה לבנה 1 ליטר,החברה הדרומית לשיווק בעמ,,,יח`,1,1 ליטר,false,1,18.90,18.90,true,1,
7290108500677,false,כבד דג שיבוט בשמן הדג 115 גר`,ג.וילי-פוד אינטרנשיונל בעמ,,,יח`,115,גרם,false,1,9.90,8.61,true,1,
7290108501346,false,גבינת גאודה מגורדת 500  גר`28% שומן הולנ,ג.וילי-פוד אינטרנשיונל **גבינו,,,יח`,500,גרם,false,1,24.90,4.98,false,1,
7290108501490,false,גבינת מוצרלה פרוסות 150  גר`וילי פוד,ג.וילי-פוד אינטרנשיונל **גבינו,,,יח`,150,גרם,false,1,12.90,8.60,false,1,
7290108502541,false,גבינת שמנת טבעי 200 גר` EURO CHEESE,ג.וילי-פוד אינטרנשיונל **גבינו,,,יח`,200,גרם,false,1,12.90,6.45,true,1,
7290108502589,false,גבינת שמנת שום 200 גר` EURO CHEESE,ג.וילי-פוד אינטרנשיונל **גבינו,,,יח`,200,גרם,false,1,12.90,6.45,true,1,
7290108502725,false,גבינת גאודה פרוסות 400  גר`וילי פוד,ג.וילי-פוד אינטרנשיונל **גבינו,,,יח`,400,גרם,false,1,19.90,4.98,false,1,
7290108503067,false,פרמזנו משולש 150  גר`וילי פוד,ג.וילי-פוד אינטרנשיונל **גבינו,,,יח`,150,גרם,false,1,13.90,9.27,false,1,
7290108503982,false,פרוסות גבינה בטעם צד`ר לכריכים וטוסטים,ג.וילי-פוד אינטרנשיונל **גבינו,,,יח`,150,גרם,false,1,9.90,6.60,false,1,
7290108503999,false,פרוסות גבינה בטעם גאודה לכריכים וטוסטים,ג.וילי-פוד אינטרנשיונל **גבינו,,,יח`,150,גרם,false,1,9.90,6.60,false,1,
7290108504002,false,פרוסות גבינה לייט 9% שומן לכריכים וטוסטי,ג.וילי-פוד אינטרנשיונל **גבינו,,,יח`,150,גרם,false,1,9.90,6.60,false,1,
7290108505375,false,צהובה 400  גר`GOLDEN וילי פוד,ג.וילי-פוד אינטרנשיונל **גבינו,,,יח`,400,גרם,false,1,19.90,4.98,false,1,
7290108505740,false,גבינת קשקבל חצי קשה 25% שומן ( 200 גר`),ג.וילי-פוד אינטרנשיונל **גבינו,,,יח`,200,גרם,false,1,13.90,6.95,true,1,
7290108506495,false,כנאפה קפוא 192.5 גר` ולי פוד,ג.וילי-פוד אינטרנשיונל **גבינו,,,יח`,192.50,גרם,false,1,12.90,6.70,true,1,
7290108506549,false,גליליות וופל במילוי קרם וניל 400 גר`,ג.וילי-פוד אינטרנשיונל בעמ,,,יח`,400,גרם,false,1,12.90,3.23,true,1,
7290108506709,false,גבינת פרמג`אנו ר`גיאנו 150 גר וילי פוד,ג.וילי-פוד אינטרנשיונל **גבינו,,,יח`,150,גרם,false,1,17.90,11.93,false,1,
7290108507645,false,ביסקוויט פריך בשוקולד מריר 100 גר,ג.וילי-פוד אינטרנשיונל בעמ,,,יח`,100,גרם,false,1,6.90,6.90,true,1,
7290108507652,false,ביסקוויט פריך בשוקולד לבן 100 גר,ג.וילי-פוד אינטרנשיונל בעמ,,,יח`,100,גרם,false,1,6.90,6.90,true,1,
7290108508765,false,קונכיות פתיתים 400 גרם וילי פוד,ג.וילי-פוד אינטרנשיונל בעמ,,,יח`,400,גרם,false,1,5.90,1.48,true,1,
7290108508772,false,קונכיות פתיתים עם תרד 400 גרם וילי פוד,ג.וילי-פוד אינטרנשיונל בעמ,,,יח`,400,גרם,false,1,5.90,1.48,true,1,
7290108509090,false,גבינה מותכת משולשים 200 גר 14% שומן,ג.וילי-פוד אינטרנשיונל **גבינו,,,יח`,200,גרם,false,1,14.90,7.45,false,1,
7290108509267,false,ארוחת פסטה עם רוטב גבינה ויליפוד,ג.וילי-פוד אינטרנשיונל בעמ,,,יח`,206,גרם,false,1,7.90,3.83,true,1,
7290108509359,false,פופקורן בציפוי בטעם קרמל 90 גר`,ג.וילי-פוד אינטרנשיונל בעמ,,,יח`,90,גרם,false,1,5.90,6.56,true,1,
7290108509755,false,גבינת חלומי 250  גר`23% EURO,ג.וילי-פוד אינטרנשיונל **גבינו,,,יח`,250,גרם,false,1,24.90,9.96,false,1,
7290108509793,false,גליליות וופל במילוי שוקולד מריר 400 גר`,ג.וילי-פוד אינטרנשיונל בעמ,,,יח`,400,גרם,false,1,12.90,3.23,true,1,
7290108509908,false,מנת השף אטריות להכנה מהירה בטעם ירקות,ג.וילי-פוד אינטרנשיונל בעמ,,,יח`,1,,false,1,3.90,3.90,true,1,
7290108509915,false,מנת השף אטריות להכנה מהירה בטעם סיני פ,ג.וילי-פוד אינטרנשיונל בעמ,,,יח`,1,,false,1,3.90,3.90,true,1,
7290108509922,false,מנת השף אטריות להכנה מהירה בטעם עוף 85,ג.וילי-פוד אינטרנשיונל בעמ,,,יח`,1,,false,1,3.90,3.90,true,1,
7290108509991,false,רוטב טריאקי 300 מל וילי פוד,ג.וילי-פוד אינטרנשיונל בעמ,,,יח`,300,גרם,false,1,8.90,2.97,false,1,
7290108987898,false,סוזוקי רב שקע 6 כבל 3 מטר,אוהב ציון בעמ (מבצעים),,,יח`,1,,false,1,34.90,34.90,false,1,
7290108987966,false,סוזוקי מפצל שלושה שקעים T3,אוהב ציון בעמ (מבצעים),,,יח`,1,,false,1,9.90,9.90,false,1,
7290109351025,false,חומוסטחינה חלק צבר (400 גרם),קבוצת אסם סחר שות. מוגבלת,,,יח`,400,גרם,false,1,13.90,3.48,false,1,
7290109351971,false,פיטנס בר פריכיות שוקולד חלב 84 גרם,קבוצת אסם סחר שות. מוגבלת,,,יח`,84,גרם,false,1,14.90,17.74,true,1,
7290109354057,false,מאגדת לה פרוטה  מיקס- תפוז אננס,נגה גלידות שותפות מוגבלת,,,יח`,350,גרם,false,1,25.90,7.40,false,1,
7290109354101,false,קרקר לחמית ללא גלוטן 200 גר אסם,קבוצת אסם סחר שות. מוגבלת,,,יח`,200,גרם,false,1,10.90,5.45,true,1,
7290109354972,false,ביסקוויט פתי בר ללא גלוטן אסם (200 גרם),קבוצת אסם סחר שות. מוגבלת,,,יח`,200,גרם,false,1,9.90,4.95,true,1,
7290109354996,false,פתי בר שוקו ללא גלוטן 200 גרם,קבוצת אסם סחר שות. מוגבלת,,,יח`,200,גרם,false,1,9.90,4.95,true,1,
7290109358284,false,טבעול-שניצל תירס עם חלבון 664 גר`,קבוצת אסם סחר שות. מוגבלת,,,יח`,664,גרם,false,1,24.90,3.75,false,1,
7290109358482,false,קרמוגית במילוי חלווה 200 גר` אסם,קבוצת אסם סחר שות. מוגבלת,,,יח`,200,גרם,false,1,11.90,5.95,true,1,
7290109580043,false,שניצל תירס 1.75 קג בדצ זוגלובק,זוגלובק שיווק בעמ,,,יח`,1.80,גרם,false,1,49.90,2772.22,false,1,
7290109580098,false,קבנוס בטעם סרירצ`ה 135 גר,זוגלובק שיווק בעמ,,,יח`,135,גרם,false,1,11.90,8.81,true,1,
7290109580104,false,רוסטביף פרימיום 150  גר`זוגלובק,זוגלובק שיווק בעמ,,,יח`,150,גרם,false,1,24.90,16.60,false,1,
7290109580135,false,קורנדביף פרימיום 180  גר`זוגלובק,זוגלובק שיווק בעמ,,,יח`,180,גרם,false,1,24.90,13.83,false,1,
7290109580159,false,פסטרמה פרימיום בנוסח טוסקנה -180 גר`זוגל,זוגלובק שיווק בעמ,,,יח`,180,גרם,false,1,24.90,13.83,false,1,
7290109580166,false,סרוולד קלאסי פרימיום 150  גר`זוגלובק,זוגלובק שיווק בעמ,,,יח`,150,גרם,false,1,24.90,16.60,false,1,
7290109580234,false,וונדרס נקניקיות מרגז 226 גר`,זוגלובק-וונדרס,,,יח`,226,גרם,false,1,29.90,13.23,true,1,
7290109580241,false,נאגטס מן הצומח 500 גר`,זוגלובק שיווק בעמ,,,יח`,500,גרם,false,1,21.90,4.38,false,1,
7290109580319,false,וונדרס בורגר 280 גרם,זוגלובק-וונדרס,,,יח`,280,גרם,false,1,29.90,10.68,true,1,
7290109580432,false,פסטרמה אקסטרה מעושנת 120 גר`,זוגלובק שיווק בעמ,,,יח`,120,גרם,false,1,13.50,11.25,true,1,
7290109580463,false,נאגטס פיקנטי מן הצומח 500 גר`,זוגלובק שיווק בעמ,,,יח`,500,גרם,false,1,21.90,4.38,false,1,
7290109580470,false,נאגטס מן הצומח 1 קג,זוגלובק שיווק בעמ,,,יח`,1,"ק""ג",false,1,39.90,39.90,false,1,
7290109580487,false,חטיפי תירס מן הצומח 1 קג,זוגלובק שיווק בעמ,,,יח`,1,"ק""ג",false,1,39.90,39.90,false,1,
7290109920146,false,דורגול מסיר אבנית 750 מל,יעקב יעקבי ובניו בעמ,,,יח`,750,גרם,false,1,19.90,2.65,false,1,
7290109920627,false,אסטוניש קרם אמבט ניקוי עם אקנומיקה 500 מ,יעקב יעקבי ובניו בעמ,,,יח`,500,גרם,false,1,17.90,3.58,false,1,
7290109920849,false,אסטוניש מרסס תפוז לניקוי רב תכליתי יעקוב,יעקב יעקבי ובניו בעמ,,,יח`,750,גרם,false,1,11.90,1.59,false,1,
7290109920917,false,הפי ניקוי אסלה עם כלור 750 מל,יעקב יעקבי ובניו בעמ,,,יח`,750,גרם,false,1,9.90,1.32,false,1,
7290109921488,false,דורגול מסיר אבנית מכונת כביסה 500 מל,יעקב יעקבי ובניו בעמ,,,יח`,500,גרם,false,1,29.90,5.98,false,1,
7290109923048,false,אסטוניש מרסס פרימיום ארומטיק לכל הבית 75,יעקב יעקבי ובניו בעמ,,,יח`,750,גרם,false,1,14.90,1.99,false,1,
7290109923093,false,אסטוניש קרם כיריים הלוגן ומיקרו 500 מל,יעקב יעקבי ובניו בעמ,,,יח`,500,גרם,false,1,14.90,2.98,false,1,
7290109923147,false,אסטוניש מרסס פלא של אקונומיקה 750 מל,יעקב יעקבי ובניו בעמ,,,יח`,750,גרם,false,1,14.90,1.99,false,1,
7290110000493,false,חמאת בוטנים טבעית קרנצ`י 350 גרם),בטר אנד דיפרנט בעמ,,,יח`,350,גרם,false,1,13.90,3.97,false,1,
7290110110277,false,סיידר סומרסבי רביעייה 330 מל,החברה המרכזית להפצת משקאות בעמ,,,יח`,1.32,1 ליטר,false,1,35.90,26.29,true,1,
7290110110369,false,קרלסברג לומה 6*330 מל,החברה המרכזית להפצת משקאות בעמ,,,יח`,1980,גרם,false,1,34.90,1.67,false,1,
7290110110574,false,פחית קוקה קולה סליק זירו לימון 330 מל,החברה המרכזית להפצת משקאות בעמ,,,יח`,330,גרם,false,1,3.90,1.09,true,1,
7290110110659,false,פחית ספרייט ליים330 מל סליק,החברה המרכזית להפצת משקאות בעמ,,,יח`,330,גרם,false,1,3.90,1.09,true,1,
7290110111557,false,פאוורייד מאונטן בלאסט בטעם פירות 500 מל,החברה המרכזית להפצת משקאות בעמ,,,יח`,500,גרם,false,1,8.90,1.72,false,1,
7290110111564,false,פאוורייד סיטרוס ליים הדרים ליים 500 מל,החברה המרכזית להפצת משקאות בעמ,,,יח`,500,גרם,false,1,8.90,1.72,false,1,
7290110113377,false,קוקה קולה 1 ליטר מארז רביעייה,החברה המרכזית להפצת משקאות בעמ,,,יח`,4,1 ליטר,false,1,30.90,7.43,true,1,
7290110113384,false,קוקה קולה זירו 1 ליטר רביעייה,החברה המרכזית להפצת משקאות בעמ,,,יח`,4,1 ליטר,false,1,30.90,7.43,true,1,
7290110113476,false,בירה קרלסברג% )0 אלכוהול (330x6 מל),החברה המרכזית להפצת משקאות בעמ,,,יח`,1.98,1 ליטר,false,1,27.90,13.18,false,1,
7290110114787,false,נביעות פלוס 1.5 ליטר תפוח,החברה המרכזית להפצת משקאות בעמ,,,יח`,1.50,1 ליטר,false,1,8.90,5.73,false,1,
7290110114794,false,נביעות פלוס 1.5 ליטר אפרסק,החברה המרכזית להפצת משקאות בעמ,,,יח`,1.50,1 ליטר,false,1,8.90,5.73,false,1,
7290110114800,false,נביעות פלוס 1.5 ליטר ענבים,החברה המרכזית להפצת משקאות בעמ,,,יח`,1.50,1 ליטר,false,1,8.90,5.73,false,1,
7290110114855,false,נביעות 1.5 ליטר שישייה,החברה המרכזית להפצת משקאות בעמ,,,יח`,9,1 ליטר,false,1,13.90,1.34,true,1,
7290110114893,false,פריגת סחוט תפוז 2 ליטר,החב` המרכזית - טרה,,,יח`,2,1 ליטר,false,1,29.90,14.80,true,1,
7290110114954,false,פריגת תפוזים מתקתק 2 ליטר,החב` המרכזית - טרה,,,יח`,2,1 ליטר,false,1,24.90,12.30,true,1,
7290110114961,false,משקה קל בטעם תפוזים פריגת (1.5 ליטר),החברה המרכזית להפצת משקאות בעמ,,,יח`,1500,גרם,false,1,9.50,0.61,false,1,
7290110114985,false,משקה קל בטעם אשכוליות פריגת (1.5 ליטר),החברה המרכזית להפצת משקאות בעמ,,,יח`,1500,גרם,false,1,9.50,0.61,false,1,
7290110114992,false,משקה קל בטעם אשכוליות לייט פריגת (1.5 לי,החברה המרכזית להפצת משקאות בעמ,,,יח`,1500,גרם,false,1,9.50,0.61,false,1,
7290110115005,false,משקה קל בטעם ענבים פריגת (1.5 ליטר),החברה המרכזית להפצת משקאות בעמ,,,יח`,1500,גרם,false,1,9.50,0.61,false,1,
7290110115036,false,משקה קל בטעם מנגו פריגת (1.5 ליטר),החברה המרכזית להפצת משקאות בעמ,,,יח`,1500,גרם,false,1,9.50,0.61,false,1,
7290110115043,false,משקה קל בטעם לימונענע פריגת (1.5 ליטר),החברה המרכזית להפצת משקאות בעמ,,,יח`,1500,גרם,false,1,9.50,0.61,false,1,
7290110115050,false,משקה קל בטעם תות בננה פריגת (1.5 ליטר),החברה המרכזית להפצת משקאות בעמ,,,יח`,1500,גרם,false,1,9.50,0.61,false,1,
7290110115081,false,פריגת צלול בטעם ענבים 1.5 ליטר,החברה המרכזית להפצת משקאות בעמ,,,יח`,1500,גרם,false,1,9.50,0.61,false,1,
7290110115104,false,פריגת צלול בטעם אפרסק 1.5 ליטר,החברה המרכזית להפצת משקאות בעמ,,,יח`,1500,גרם,false,1,9.50,0.61,false,1,
7290110115128,false,פריגת צלול בטעם לימונענע 1.5 ליטר,החברה המרכזית להפצת משקאות בעמ,,,יח`,1500,גרם,false,1,9.50,0.61,false,1,
7290110115180,false,מים נביעות 1.5 ליטר,החברה המרכזית להפצת משקאות בעמ,,,יח`,1.50,גרם,false,1,2.90,173.33,false,1,
7290110115203,false,קוקה קולה 1.5 ליטר,החברה המרכזית להפצת משקאות בעמ,,,יח`,0,1 ליטר,false,1,8.90,8.90,false,1,
7290110115210,false,קוקה קולה דיאט 1.5 ליטר,החברה המרכזית להפצת משקאות בעמ,,,יח`,1.50,1 ליטר,false,1,8.90,5.73,false,1,
7290110115227,false,קוקה קולה זירו 1.5 ליטר,החברה המרכזית להפצת משקאות בעמ,,,יח`,1.50,1 ליטר,false,1,8.90,5.73,false,1,
7290110115234,false,קוקה קולה זירו נטול 1.5 ליטר,החברה המרכזית להפצת משקאות בעמ,,,יח`,1500,גרם,false,1,8.90,0.57,false,1,
7290110115265,false,ספרייט ליים 1.5 ליטר,החברה המרכזית להפצת משקאות בעמ,,,יח`,1.50,1 ליטר,false,1,8.90,5.73,true,1,
7290110115272,false,ספרייט זירו 1.5 ליטר,החברה המרכזית להפצת משקאות בעמ,,,יח`,1.50,1 ליטר,false,1,8.90,5.73,true,1,
7290110115289,false,ספרייט לימון-נענע 1.5 ליטר,החברה המרכזית להפצת משקאות בעמ,,,יח`,1.50,1 ליטר,false,1,8.50,5.47,true,1,
7290110115296,false,פאנטה  אורנג`1.5 ליטר,החברה המרכזית להפצת משקאות בעמ,,,יח`,1.50,1 ליטר,false,1,9.50,6.13,false,1,
7290110115340,false,פאנטה ענבים 1.5 ליטר,החברה המרכזית להפצת משקאות בעמ,,,יח`,1.50,1 ליטר,false,1,9.50,6.13,false,1,
7290110115364,false,קוקה קולה 1.5 ליטר מארז שישייה,החברה המרכזית להפצת משקאות בעמ,,,יח`,9,1 ליטר,false,1,49.90,5.34,false,1,
7290110115388,false,ספרייט לימון ליים 1.5 ליטר מארז שישייה,החברה המרכזית להפצת משקאות בעמ,,,יח`,9,1 ליטר,false,1,49.90,5.34,true,1,
7290110115395,false,ספרייט זירו 1.5 ליטר מארז שישייה,החברה המרכזית להפצת משקאות בעמ,,,יח`,9,1 ליטר,false,1,49.90,5.34,true,1,
7290110115401,false,קינלי סודה 1.5 ליטר מארז שישייה,החברה המרכזית להפצת משקאות בעמ,,,יח`,9,1 ליטר,false,1,16.50,1.63,true,1,
7290110115418,false,קוקה קולה זירו 1.5 ליטר מארז שישייה,החברה המרכזית להפצת משקאות בעמ,,,יח`,9,1 ליטר,false,1,49.90,5.34,false,1,
7290110115425,false,פיוז תה 1.5 ליטר בטעם גרין לימון-נענע,החברה המרכזית להפצת משקאות בעמ,,,יח`,1.50,1 ליטר,false,1,8.90,5.73,false,1,
7290110115449,false,פיוז תה 1.5 ליטר בטעם מנגו אננס,החברה המרכזית להפצת משקאות בעמ,,,יח`,1.50,1 ליטר,false,1,8.90,5.73,false,1,
7290110115456,false,פיוז תה 1.5 ליטר בטעם אפרסק 19 קל`,החברה המרכזית להפצת משקאות בעמ,,,יח`,1.50,1 ליטר,false,1,8.90,5.73,false,1,
7290110115463,false,פיוז תה 1.5 ליטר בטעם אפרסק,החברה המרכזית להפצת משקאות בעמ,,,יח`,1.50,1 ליטר,false,1,8.90,5.73,false,1,
7290110115494,false,פיוז תה 1.5 ליטר בטעם ענבים,החברה המרכזית להפצת משקאות בעמ,,,יח`,1.50,1 ליטר,false,1,8.90,5.73,false,1,
7290110115616,false,פיוז תה זירו 1.5 ליטר בטעם אננס,החברה המרכזית להפצת משקאות בעמ,,,יח`,1.50,1 ליטר,false,1,8.90,5.73,false,1,
7290110115623,false,פיוז תה זירו 1.5 ליטר בטעם אפרסק,החברה המרכזית להפצת משקאות בעמ,,,יח`,1.50,1 ליטר,false,1,8.90,5.73,false,1,
7290110116064,false,פאנטה זירו פירות ירוק 1.5 ליטר,החברה המרכזית להפצת משקאות בעמ,,,יח`,1.50,1 ליטר,false,1,9.50,6.13,false,1,
7290110116194,false,נביעות פלוס לימון ליים 0 קלוריות 1.5 ליט,החברה המרכזית להפצת משקאות בעמ,,,יח`,1.50,1 ליטר,false,1,9.90,6.40,false,1,
7290110116217,false,נביעות פלוס אשכולית 0 קלוריות 1.5 ליטר,החברה המרכזית להפצת משקאות בעמ,,,יח`,1.50,1 ליטר,false,1,9.90,6.40,false,1,
7290110116385,false,פחית זירו מרשמלו סליק קוקה-קולה (330 מל,החברה המרכזית להפצת משקאות בעמ,,,יח`,330,גרם,false,1,3.90,1.09,false,1,
7290110116392,false,סירופ בטעם תפוזים 750 מל פריגת,החברה המרכזית להפצת משקאות בעמ,,,יח`,750,גרם,false,1,24.90,3.32,false,1,
7290110116484,false,פריגת מיקס תות (1 ליטר),החב` המרכזית - טרה,,,יח`,1,1 ליטר,false,1,15.90,15.90,false,1,
7290110116491,false,פריגת מיקס (1 ליטר),החב` המרכזית - טרה,,,יח`,1,1 ליטר,false,1,15.90,15.90,false,1,
7290110116507,false,פריגת מיקס אננס (1 ליטר),החב` המרכזית - טרה,,,יח`,1,1 ליטר,false,1,15.90,15.90,false,1,
7290110116552,false,ספרייט למןו היט 1.5 ליטר,החברה המרכזית להפצת משקאות בעמ,,,יח`,1.50,1 ליטר,false,1,8.90,5.73,false,1,
7290110116569,false,ספרייט למון היט זירו 1.5 ליטר,החברה המרכזית להפצת משקאות בעמ,,,יח`,1.50,1 ליטר,false,1,8.90,5.73,true,1,
7290110320850,false,פתיתי עמק 200 גר,תנובה - חלב,,,יח`,200,גרם,false,1,14.90,7.45,false,1,
7290110320867,false,פתיתי עמק למאפים 28% 500 גר,תנובה - חלב,,,יח`,500,גרם,false,1,34.90,6.98,false,1,
7290110321277,false,קוטג בקטנה 5% מהדרין 100  גר`תנובה,תנובה - חלב,,,יח`,100,גרם,false,1,2.50,2.50,false,1,
7290110321284,false,קוטג בקטנה 9% מהדרין 100  גר`תנובה,תנובה - חלב,,,יח`,100,גרם,false,1,2.50,2.50,false,1,
7290110321604,false,גבינה קוביות בולגרית מעודנת 5% 200  גר`פ,תנובה - חלב,,,יח`,200,גרם,false,1,21.90,10.95,false,1,
7290110321680,false,יוגורט גו תות 200 מל,תנובה - חלב,,,יח`,200,גרם,false,1,5.60,2.80,false,1,
7290110321697,false,יוגורט גו אפרסק 200 מל,תנובה - חלב,,,יח`,200,גרם,false,1,5.60,2.80,false,1,
7290110321703,false,יוגורט גו פירות יער 200 מל,תנובה - חלב,,,יח`,200,גרם,false,1,5.60,2.80,false,1,
7290110321789,false,גבינת מסקרפונה 38% שומן 250  גר`השף הלבן,תנובה - חלב,,,יח`,250,גרם,false,1,20.90,8.36,false,1,
7290110322014,false,טופו בטעם טבעי 300  גר`תנובה,תנובה - חלב,,,יח`,300,גרם,false,1,11.90,3.97,false,1,
7290110322021,false,טופו בטעם בזיליקום 300  גר`תנובה,תנובה - חלב,,,יח`,300,גרם,false,1,11.90,3.97,false,1,
7290110322038,false,טופו בטעם פיקנטי 300  גר`תנובה,תנובה - חלב,,,יח`,300,גרם,false,1,11.90,3.97,false,1,
7290110322946,false,יופלה טיוב במרקם חלק בטעם תות בננה 348 ג,תנובה - חלב,,,יח`,348,גרם,false,1,11.90,3.42,false,1,
7290110323073,false,משקה גו תות פטל 250 מל,תנובה - חלב,,,יח`,250,גרם,false,1,6.20,2.48,false,1,
7290110323301,false,גבינת טל עמק 32%  שומן(200  גר`)תנובה,תנובה - חלב,,,יח`,200,גרם,false,1,18.90,9.45,false,1,
7290110323585,false,יוגורט גו לייט דובדבן 200 מל,תנובה - חלב,,,יח`,200,גרם,false,1,5.50,2.75,false,1,
7290110323592,false,יוגורט גו לייט אפרסק 200 מל,תנובה - חלב,,,יח`,200,גרם,false,1,5.50,2.75,false,1,
7290110323714,false,משקה קוקוס שקדים 1 ליטר תנובה,תנובה - חלב,,,יח`,1000,גרם,false,1,11.90,1.19,false,1,
7290110323998,false,מאגדת מיני קרלו קצפת 8*77 גרם,תנובה - חלב,,,יח`,616,גרם,false,1,11.90,1.93,false,1,
7290110324070,false,גבינת חלומי מחלב בקר  (30% 200  גר`)פירא,תנובה - חלב,,,יח`,200,גרם,false,1,19.90,9.95,false,1,
7290110324353,false,יוגורט גו לייט אננס 200 מל,תנובה - חלב,,,יח`,200,גרם,false,1,5.60,2.80,false,1,
7290110324551,false,יופלה טיוב במרקם חלק בטעם תות 348  גר`מה,תנובה - חלב,,,יח`,348,גרם,false,1,11.90,3.42,false,1,
7290110324711,false,ממרח סויה 9% בטעם טבעי 250 גר` תנובה,תנובה - חלב,,,יח`,250,גרם,false,1,8.90,3.56,false,1,
7290110324728,false,ממרח סויה 9% עם שום שמיר ( 250 גר`) תנוב,תנובה - חלב,,,יח`,250,גרם,false,1,8.90,3.56,false,1,
7290110324841,false,מעדן שקדים עם שוקולד מריר 125 גר`,תנובה - חלב,,,יח`,125,גרם,false,1,3.90,3.12,false,1,
7290110324858,false,מעדן שקדים בטעם אגוזי 125 גר`,תנובה - חלב,,,יח`,125,גרם,false,1,3.90,3.12,false,1,
7290110324872,false,גבינה צהובה גלבוע  (5% 200  גר`)תנובה,תנובה - חלב,,,יח`,200,גרם,false,1,17.90,8.95,false,1,
7290110324926,false,משקה סויה ללתס 1 ליטר תנובה,תנובה - חלב,,,יח`,1,גרם,false,1,9.90,990,false,1,
7290110325084,false,מאגדת שימינייה מיני קרלו שוניל 800 גר`,תנובה - חלב,,,יח`,800,גרם,false,1,14.90,1.86,false,1,
7290110325114,false,משקה גו לייט תות בננה 250 מל,תנובה - חלב,,,יח`,250,גרם,false,1,6.10,2.44,false,1,
7290110325619,false,משקה שיבולת שועל 1 ליטר תנובה,תנובה - חלב,,,יח`,1000,גרם,false,1,11.90,1.19,false,1,
7290110325893,false,משקה גו אייס קפה 340 מל,תנובה - חלב,,,יח`,340,גרם,false,1,7.90,2.32,false,1,
7290110326210,false,יופלה און טופ פצפוצים 157 גר`,תנובה - חלב,,,יח`,157,גרם,false,1,4.90,3.12,false,1,
7290110326227,false,יופלה און טופ קורנפלקס 157 גר`,תנובה - חלב,,,יח`,157,גרם,false,1,4.90,3.12,false,1,
7290110326234,false,יופלה און טופ כוכבים 157 גר`,תנובה - חלב,,,יח`,157,גרם,false,1,4.90,3.12,false,1,
7290110326241,false,יופלה און טופ גרנולה 157  גר`תנובה,תנובה - חלב,,,יח`,157,גרם,false,1,4.90,3.12,false,1,
7290110326333,false,פרוסות גבינה סקנדינבית 170  גר`קולקשיין,תנובה - חלב,,,יח`,170,גרם,false,1,17.90,10.53,false,1,
7290110327064,false,משקה קפה שיבולת שועל בטעם  קרמל( 1 ליטר),תנובה - חלב,,,יח`,1000,גרם,false,1,11.90,1.19,false,1,
7290110327514,false,משקה שיבולת שועל בטעם אגוזי לוז 1 ליטר א,תנובה - חלב,,,יח`,1000,גרם,false,1,11.90,1.19,false,1,
7290110327545,false,יופלה און טופ בטעם תות בתופסת פצפוצים מ,תנובה - חלב,,,יח`,157,גרם,false,1,4.90,3.12,false,1,
7290110327811,false,חטיף חלבון GO בטעם בצק קוקוס 20  גר`חלבו,שקד תבל בעמ,,,יח`,1,,false,1,11.90,11.90,true,1,
7290110327828,false,חטיף חלבון GO בטעם חמאת בוטנים 20  גר`חל,שקד תבל בעמ,,,יח`,1,,false,1,11.90,11.90,true,1,
7290110328610,false,משקה אורז ושקדים בריסטה 1 ליטר אלטרנטיב,תנובה - חלב,,,יח`,1000,גרם,false,1,11.90,1.19,false,1,
7290110328627,false,יוגורט גו סמיך בננה קרמל 0% שומן 200 גרם,תנובה - חלב,,,יח`,200,גרם,false,1,5.70,2.85,false,1,
7290110328764,false,יוגורט גו סמיך תות 0% שומן 200 גרם,תנובה - חלב,,,יח`,200,גרם,false,1,5.70,2.85,false,1,
7290110328771,false,יוגורט גו סמיך פירות יער 0% שומן 200 גרם,תנובה - חלב,,,יח`,200,גרם,false,1,5.70,2.85,false,1,
7290110328788,false,יוגורט גו סמיך אפרסק 0% שומן 200 גרם,תנובה - חלב,,,יח`,200,גרם,false,1,5.70,2.85,false,1,
7290110328955,false,קוביות גבינת עזים בשמן מתובל 350 גר`,תנובה - חלב,,,יח`,350,גרם,false,1,24.90,7.11,false,1,
7290110329136,false,מעדן חלב גו בטעם שוקולד 12  גר`חלבון,תנובה - חלב,,,יח`,120,גרם,false,1,4.90,4.08,false,1,
7290110329143,false,מעדן חלב גו בטעם שוקולד 12  גר`חלבון,תנובה - חלב,,,יח`,120,גרם,false,1,4.90,4.08,false,1,
7290110329266,false,יוגורט מחלב עיזים מלא 140 גרם תנובה,תנובה - חלב,,,יח`,140,גרם,false,1,5.50,3.93,false,1,
7290110329686,false,משקה חלב גו בטעם עוגיות 340 מל,תנובה - חלב,,,יח`,340,גרם,false,1,7.90,2.32,false,1,
7290110329716,false,משקה קפה קר בטעם קפוצ`ינו 230 מל,תנובה - חלב,,,יח`,230,גרם,false,1,6.90,3,false,1,
7290110329730,false,משקה חלב עם שוקולד וקפה בסגנון לאטה 230,תנובה - חלב,,,יח`,230,גרם,false,1,6.90,3,false,1,
7290110329792,false,סויה BIO אפרסק גביע 150 גרם Alternative,תנובה - חלב,,,יח`,150,גרם,false,1,4.50,3,false,1,
7290110329808,false,סויה BIO תות גביע 150 גרם Alternative,תנובה - חלב,,,יח`,150,גרם,false,1,4.50,3,false,1,
7290110329815,false,סויה BIO מתיקות מעודנת גביע 150 גרם Alte,תנובה - חלב,,,יח`,150,גרם,false,1,4.50,3,false,1,
7290110329822,false,סויה BIO פירות יער גביע 150 גרם Alternat,תנובה - חלב,,,יח`,150,גרם,false,1,4.50,3,false,1,
7290110329839,false,פרוסות צהובה בטעם זיתים 200 גרם alternat,תנובה - חלב,,,יח`,200,גרם,false,1,21.90,10.95,false,1,
7290110329846,false,סויה BIO טבעי גביע 150 גרם Alternative,תנובה - חלב,,,יח`,150,גרם,false,1,4.50,3,false,1,
7290110329914,false,ביו אלטרנטיב מאגדת משקה שיבולת שועל שקדי,תנובה - חלב,,,יח`,600,גרם,false,1,18.90,3.15,false,1,
7290110550363,false,משולשות קינואה ומלח ים 65  גר`עלית,שטראוס גרופ בעמ,,,יח`,65,גרם,false,1,9.90,15.23,true,1,
7290110551261,false,נשנושי תירס 500  גר`טעם הטבע שטראוס,שטראוס גרופ בעמ/מצונן,,,יח`,500,גרם,false,1,13.90,2.78,false,1,
7290110552220,false,דנונה פרו ללא סוכר בטעם תות 200 גר`,שטראוס גרופ בעמ/מצונן,,,יח`,200,גרם,false,1,5.90,2.95,false,1,
7290110552237,false,דנונה פרו ללא סוכר בטעם אפרסק מנגו 200 ג,שטראוס גרופ בעמ/מצונן,,,יח`,200,גרם,false,1,5.90,2.95,false,1,
7290110553029,false,פריכיות חלבון קייל חומוס ומלח 60  גר`עלי,שטראוס גרופ בעמ,,,יח`,60,גרם,false,1,9.90,16.50,true,1,
7290110553623,false,צ`יטוס קראנץ צ`דר חלפיניו 80 גר`,שטראוס פריטו ליי בעמ,,,יח`,80,גרם,false,1,4.50,5.63,false,1,
7290110554101,false,מייפל פאוץ 125 מל יד מרדכי,שטראוס גרופ בעמ,,,יח`,125,גרם,false,1,19.90,15.92,true,1,
7290110554262,false,חלבית חדש 350 גר`,שטראוס גרופ בעמ,,,יח`,350,גרם,false,1,16.90,4.83,false,1,
7290110554422,false,רוטב עגבניות ופלפלים לשקשוקה 350  גר`יד,שטראוס גרופ בעמ,,,יח`,350,גרם,false,1,10.90,3.11,true,1,
7290110554583,false,מארז צ`יטוס פאפס גבינה (10*20),שטראוס פריטו ליי בעמ,,,יח`,200,גרם,false,1,12.90,6.45,true,1,
7290110554798,false,פולי אספרו עשירים וארומטיים עוצמה  (08 2,שטראוס גרופ בעמ,,,יח`,250,גרם,false,1,19.90,7.96,false,1,
7290110556242,false,שוקולד פרה מריר פרווה עלית (100 גרם),שטראוס גרופ בעמ,,,יח`,100,גרם,false,1,5.50,5.50,true,1,
7290110557027,false,חומוס אחלה 50% טחינה 400 גרם,שטראוס גרופ בעמ/מצונן,,,יח`,400,גרם,false,1,13.90,3.48,false,1,
7290110557102,false,מעדן חלב עם שוקולד מעושר בחלבון,שטראוס גרופ בעמ/מצונן,,,יח`,150,גרם,false,1,5.20,3.47,true,1,
7290110557133,false,מעדן הגולן וניל 125 גרם,שטראוס גרופ בעמ/מצונן,,,יח`,125,גרם,false,1,2.90,2.32,true,1,
7290110557317,false,היוגורט הראשון שלי עם שיבולת שועל 100 גר,שטראוס גרופ בעמ/מצונן,,,יח`,100,גרם,false,1,2.20,2.20,false,1,
7290110557478,false,חומוס אחלה גלילי 600 גר`,שטראוס גרופ בעמ/מצונן,,,יח`,600,גרם,false,1,12.90,2.15,false,1,
7290110558130,false,אקטיביה עם שיבולת שועל ודבש,שטראוס גרופ בעמ/מצונן,,,יח`,150,גרם,false,1,4.60,3.07,false,1,
7290110558284,false,דנונה ביו מולטי 200 גר`,שטראוס גרופ בעמ/מצונן,,,יח`,200,גרם,false,1,3.90,1.95,false,1,
7290110558307,false,דנונה פרו 20  גר`עם שיבולת שועל (200גר`),שטראוס גרופ בעמ/מצונן,,,יח`,200,גרם,false,1,6.50,3.25,false,1,
7290110558314,false,דנונה פרו ללא סוכר בטעם פיסטוק 200 גר`,שטראוס גרופ בעמ/מצונן,,,יח`,200,גרם,false,1,5.90,2.95,false,1,
7290110558338,false,דנונה פרו 25  גר`חלבון (200 גר`),שטראוס גרופ בעמ/מצונן,,,יח`,200,גרם,false,1,6.50,3.25,false,1,
7290110558666,false,דניאלה מעדן בטעם תפוח (88 גרם),שטראוס גרופ בעמ/מצונן,,,יח`,150,גרם,false,1,4,2.67,false,1,
7290110558918,false,עלי חסה  קראנצ`שטופים 150  גר`טעם הטבע ש,שטראוס גרופ בעמ/מצונן,,,יח`,150,גרם,false,1,9.90,6.60,false,1,
7290110559007,false,שעועית חומה 380  גר`טעם הטבע שטראוס,שטראוס גרופ בעמ,,,יח`,380,גרם,false,1,6.90,1.82,true,1,
7290110559014,false,שעועית שחורה 380  גר`טעם הטבע שטראוס,שטראוס גרופ בעמ,,,יח`,380,גרם,false,1,6.90,1.82,true,1,
7290110560300,false,פריכיות משולשות-פלפל  שחור 30  גר`אנג`י,שטראוס גרופ בעמ,,,יח`,30,גרם,false,1,4.90,16.33,false,1,
7290110560317,false,פריכיות משולשות-מלח  ים אנג`י,שטראוס גרופ בעמ,,,יח`,30,גרם,false,1,4.90,16.33,false,1,
7290110560324,false,פריכיות משולשות-אפונה  ירוקה 30  גר`אנרג,שטראוס גרופ בעמ,,,יח`,30,גרם,false,1,4.90,16.33,false,1,
7290110561352,false,דנונה דל לקטוז ביו 200 גר`,שטראוס גרופ בעמ/מצונן,,,יח`,200,גרם,false,1,3.50,1.75,false,1,
7290110561604,false,מעדן בטעם תות בננה גמדים מעורבב (100x8 ג,שטראוס גרופ בעמ/מצונן,,,יח`,800,גרם,false,1,18.80,2.35,false,1,
7290110563431,false,משקה קפה קר בסגנון קלאסי 1.6% (230 גר`),שטראוס גרופ בעמ/מצונן,,,יח`,230,גרם,false,1,7.90,3.43,true,1,
7290110563462,false,חלב נטול לקטוז 2% יטבתה בקבוק,שטראוס גרופ בעמ/מצונן,,,יח`,1,1 ליטר,false,1,7.90,7.90,false,1,
7290110564339,false,חומוס הסדרה המובחרת עשיר 30% טחינה 400 ג,שטראוס גרופ בעמ/מצונן,,,יח`,400,גרם,false,1,13.90,3.48,false,1,
7290110564360,false,חומוס הסדרה המובחרת עשיר 40% טחינה 400 ג,שטראוס גרופ בעמ/מצונן,,,יח`,400,גרם,false,1,13.90,3.48,false,1,
7290110564414,false,חומוס הסדרה המובחרת 30% טחינה 600 גר`,שטראוס גרופ בעמ/מצונן,,,יח`,600,גרם,false,1,14.90,2.48,false,1,
7290110565435,false,מעדן ג`לי בטעם פטל חלבי שטראוס (125 גרם,שטראוס גרופ בעמ/מצונן,,,יח`,125,גרם,false,1,2,1.60,true,1,
7290110565527,false,דנונה פרו 20  גר`חלבון,שטראוס גרופ בעמ/מצונן,,,יח`,200,גרם,false,1,5.90,2.95,false,1,
7290110565572,false,מארז טורקי לדרך עם הל 168 גר`,שטראוס גרופ בעמ,,,יח`,168,גרם,false,1,17.90,10.65,false,1,
7290110566623,false,קפסולות קפה עלית קולומביה 08,שטראוס גרופ בעמ,,,יח`,50,גרם,false,1,16.90,33.80,true,1,
7290110566975,false,דנונה פרו 200  גר`תות,שטראוס גרופ בעמ/מצונן,,,יח`,200,גרם,false,1,5.90,2.95,false,1,
7290110567057,false,צנצנת בוקסי מנטה אקליפטוס 64  גר`עלית,שטראוס גרופ בעמ,,,יח`,64,גרם,false,1,9.90,15.47,true,1,
7290110568238,false,קצפת צמחית 21% שומן 250 מל יטבתה,שטראוס גרופ בעמ/מצונן,,,יח`,250,גרם,false,1,7.90,3.16,false,1,
7290110568276,false,משקה יטבתה פרו וניל 350 מל,שטראוס גרופ בעמ/מצונן,,,יח`,350,גרם,false,1,6.50,1.86,false,1,
7290110568559,false,חטיף מארז דוריטוס חמוץ חריף 25*10 גר`,שטראוס פריטו ליי בעמ,,,יח`,250,גרם,false,1,13.90,5.56,false,1,
7290110570224,false,משקה קפה קר בטעם עוגיות (230 גר`) יטבתה,שטראוס גרופ בעמ/מצונן,,,יח`,230,גרם,false,1,7.90,3.43,true,1,
7290110571184,false,עדשים חומות 380  גר`טעם הטבע שטראוס,שטראוס גרופ בעמ,,,יח`,380,גרם,false,1,6.90,1.82,true,1,
7290110571382,false,מעדן חלב בטעם וניל מועשר בחלבון,שטראוס גרופ בעמ/מצונן,,,יח`,150,גרם,false,1,5.20,3.47,true,1,
7290110571405,false,מיני פינוקיות בגביע פסק זמן 180 גר`,שטראוס גרופ בעמ,,,יח`,180,גרם,false,1,10.90,6.06,true,1,
7290110571474,false,רבע לשבע טבעוני פופקורן,שטראוס גרופ בעמ,,,יח`,160,גרם,false,1,12.90,8.06,true,1,
7290110572129,false,כיף כף מקלות שוקולד לבן,שטראוס גרופ בעמ,,,יח`,40,גרם,false,1,5,12.50,true,1,
7290110572884,false,קפסולות 20 למכונות נספרו עלית) (10,שטראוס גרופ בעמ,,,יח`,50,גרם,false,1,16.90,33.80,true,1,
7290110572969,false,כיף כף פצפצים עלית קרם לבן (40 גר`),שטראוס גרופ בעמ,,,יח`,40,גרם,false,1,4.90,12.25,true,1,
7290110572976,false,כיף כף פצפצים קרם לבן עלית (135 גרם),שטראוס גרופ בעמ,,,יח`,135,גרם,false,1,9.90,7.33,false,1,
7290110576318,false,מארז שלישיית אגוז לבן) (3*100 עלית,שטראוס גרופ בעמ,,,יח`,300,גרם,false,1,24.90,8.30,true,1,
7290110576356,false,ספלנדיד שוקולד מריר פרו 64% עלית,שטראוס גרופ בעמ,,,יח`,100,גרם,false,1,8.90,8.90,true,1,
7290110576370,false,מארז שלישיית אגוז מריר (3X100 ) עלית,שטראוס גרופ בעמ,,,יח`,300,גרם,false,1,24.90,8.30,true,1,
7290110576387,false,מארז שלישיית אגוז חלב )(3X100 עלית,שטראוס גרופ בעמ,,,יח`,300,גרם,false,1,24.90,8.30,true,1,
7290110576776,false,שוקולד מריר 85% ספלנדיד (100 גרם),שטראוס גרופ בעמ,,,יח`,100,גרם,false,1,10.90,10.90,true,1,
7290110576790,false,סקי בטעם מוקה 3% (125 גר`) דנונה,שטראוס גרופ בעמ/מצונן,,,יח`,125,גרם,false,1,3.70,2.96,true,1,
7290110576868,false,גמדים רביעייה סלט פירות,שטראוס גרופ בעמ/מצונן,,,יח`,400,גרם,false,1,11.40,2.85,true,1,
7290110577230,false,משקה חלב בטעם פיסטוק 1 ליטר יטבתה,שטראוס גרופ בעמ/מצונן,,,יח`,1,1 ליטר,false,1,11.90,11.90,false,1,
7290110577247,false,משקה בטעם פיסטוק בקבוק 350,שטראוס גרופ בעמ/מצונן,,,יח`,350,גרם,false,1,6.30,1.80,false,1,
7290110730109,false,נוטרילון קומפורט 900 גר`,דיפלומט היינץ,,,יח`,900,גרם,false,1,99.90,11.10,false,1,
7290111092985,false,מגבונים בייביסיטר ללא בישום רביעייה,שקד תבל בעמ,,,יח`,1,,false,1,17.90,17.90,true,1,
7290111287015,false,בקבוק טריטן שקוף 708 מל ורוד,שמחה זה אנחנו בעמ,,,יח`,1,,false,1,29.90,29.90,false,1,
7290111340178,false,ניקול מטליות לחות לשיש ניחוח מרכך כביסה,קימברלי קלארק ישראל שיווק בעמ,,,יח`,1,,false,1,12.90,12.90,true,1,
7290111340185,false,ניקול מטליות לחות לריצפה ניחוח מרכך כביס,קימברלי קלארק ישראל שיווק בעמ,,,יח`,1,,false,1,14.90,14.90,true,1,
7290111341359,false,ניקול רדיד אלומיניום חסכוני 60 מטר עם סכ,קימברלי קלארק ישראל שיווק בעמ,,,יח`,1,,false,1,45.90,45.90,true,1,
7290111341366,false,מפיות אירוח איכותיות ונעימות למגע ניקול,קימברלי קלארק ישראל שיווק בעמ,,,יח`,1,,false,1,8.90,8.90,false,1,
7290111342042,false,כריות יפניות אנטיבקטריאליות ניקול,קימברלי קלארק ישראל שיווק בעמ,,,יח`,1,,false,1,13.90,13.90,true,1,
7290111342059,false,מטליות לחות אנטיבקטריאלי,קימברלי קלארק ישראל שיווק בעמ,,,יח`,1,,false,1,13.90,13.90,false,1,
7290111343797,false,מטליות לניקוי חלונות 48 יח ניקול,קימברלי קלארק ישראל שיווק בעמ,,,יח`,1,,false,1,12.90,12.90,true,1,
7290111343841,false,ספוגית הקסם נירוסטה 3 יח ניקול,קימברלי קלארק ישראל שיווק בעמ,,,יח`,1,,false,1,11.90,11.90,true,1,
7290111344206,false,מגבוני האגיס נטורל קייר מבושם 4*64,קימברלי קלארק ישראל שיווק בעמ,,,יח`,1,,false,1,19.90,19.90,false,1,
7290111344503,false,האגיס חיתולי אקסטרה קר מידה 4+ 36,קימברלי קלארק ישראל שיווק בעמ,,,יח`,1,,false,1,46.90,46.90,false,1,
7290111344527,false,שקיות אשפה xxl שחורות ניקול,קימברלי קלארק ישראל שיווק בעמ,,,יח`,1,,false,1,24.90,24.90,false,1,
7290111344558,false,שקיות אשפה בגודל L עם שרוך 100 יח`,קימברלי קלארק ישראל שיווק בעמ,,,יח`,1,,false,1,29.90,29.90,false,1,
7290111344701,false,שקיות סנדוויצ`ון במהדורת מיניונים 250 יח,קימברלי קלארק ישראל שיווק בעמ,,,יח`,1,,false,1,14.90,14.90,false,1,
7290111344732,false,קלינקס אלרג`י קומפורט 140 דף,קימברלי קלארק ישראל שיווק בעמ,,,יח`,1,,false,1,13.90,13.90,false,1,
7290111344855,false,מגן תחתון קוטקס אקסטרא פרוטקט  לארג`52 י,קימברלי קלארק ישראל שיווק בעמ,,,יח`,1,,false,1,15.90,15.90,false,1,
7290111345814,false,לילי נטורל קייל 30 גלילים,קימברלי קלארק ישראל שיווק בעמ,,,יח`,1,,false,1,32.90,32.90,false,1,
7290111345821,false,לילי נטורל קייר ג`מבו 16 גלילים,קימברלי קלארק ישראל שיווק בעמ,,,יח`,1,,false,1,34.90,34.90,false,1,
7290111346088,false,נייר טואלט מולט דו שכבתי 30 גלילים,קימברלי קלארק ישראל שיווק בעמ,,,יח`,1,,false,1,29.90,29.90,false,1,
7290111346347,false,קלינקס טישו אוריגינל חמישייה,קימברלי קלארק ישראל שיווק בעמ,,,יח`,1,,false,1,14.90,14.90,true,1,
7290111350092,false,מארז חטיפי לואקר 200 גר`,ליימן שליסל בעמ,,,יח`,200,גרם,false,1,19.90,9.95,false,1,
7290111350726,false,נאצוס בסגנון מקסיקני 322 גר`היט הופ,ליימן שליסל בעמ,,,יח`,322,גרם,false,1,16.90,5.25,true,1,
7290111352508,false,סילאן טבעי 840  גר`קליית גת,ליימן שליסל בעמ,,,יח`,840,גרם,false,1,19.90,2.37,false,1,
7290111352942,false,סוכריות טופי (850  גר`)יוגטה,ליימן שליסל בעמ,,,יח`,850,גרם,false,1,20.90,2.46,false,1,
7290111352959,false,סוכריות מקלות ממולאים 80 גר יוגטה,ליימן שליסל בעמ,,,יח`,80,גרם,false,1,5.90,7.38,false,1,
7290111352973,false,קוביות  חמוצות( 220 גר`)יוגטה,ליימן שליסל בעמ,,,יח`,220,גרם,false,1,7.90,3.59,false,1,
7290111353116,false,סוכריות גומי נחשים (800  גר`) יוגטה,ליימן שליסל בעמ,,,יח`,800,גרם,false,1,19.90,2.49,true,1,
7290111353123,false,סוכריות גומי נחשים מסוכרות (200  גר`)יוג,ליימן שליסל בעמ,,,יח`,200,גרם,false,1,9.90,4.95,true,1,
7290111564277,false,פיטנס פריכיות 3 דגנים דקות 120  גר`אסם,קבוצת אסם סחר שות. מוגבלת,,,יח`,120,גרם,false,1,11.90,9.92,true,1,
7290111564291,false,פיטנס פריכיות דקות עם קינואה 120  גר`אסם,קבוצת אסם סחר שות. מוגבלת,,,יח`,120,גרם,false,1,11.90,9.92,true,1,
7290111564666,false,כדורי בשר מן הצומח 500 גר` טבעול,קבוצת אסם סחר שות. מוגבלת,,,יח`,500,גרם,false,1,29.90,5.98,true,1,
7290111564727,false,קרמוגית במילוי קרם אגוזים 200 גר` אסם,קבוצת אסם סחר שות. מוגבלת,,,יח`,200,גרם,false,1,11.90,5.95,true,1,
7290111566103,false,פלאפל מרכיבים ביתיים בלבד 590 גר` טבעול,קבוצת אסם סחר שות. מוגבלת,,,יח`,590,גרם,false,1,32.90,5.58,true,1,
7290111566240,false,שניצל דק בטעם צ`לי חריף 564 גר` טבעול,קבוצת אסם סחר שות. מוגבלת,,,יח`,564,גרם,false,1,32.90,5.83,true,1,
7290111566271,false,חטיפי תירס 657 גר` טבעול,קבוצת אסם סחר שות. מוגבלת,,,יח`,657,גרם,false,1,29.90,4.55,true,1,
7290111566318,false,שניצל דק מן הצומח 564 גר` טבעול,קבוצת אסם סחר שות. מוגבלת,,,יח`,564,גרם,false,1,32.90,5.83,true,1,
7290111566547,false,חזה בגריל צמחוני 99 קלוריות 560 גר` טבע,קבוצת אסם סחר שות. מוגבלת,,,יח`,560,גרם,false,1,29.90,5.34,true,1,
7290111566561,false,שניצל ברוקולי 99 קלוריות 560 גר` טבעול,קבוצת אסם סחר שות. מוגבלת,,,יח`,560,גרם,false,1,32.90,5.88,true,1,
7290111566585,false,שניצל צמחוני 99 קלוריות 650 גר` טבעול,קבוצת אסם סחר שות. מוגבלת,,,יח`,650,גרם,false,1,32.90,5.06,true,1,
7290111566660,false,קציצות עדשים כתומות 530 גר` טבעול,קבוצת אסם סחר שות. מוגבלת,,,יח`,530,גרם,false,1,32.90,6.21,true,1,
7290111566691,false,שניצל תרד 99 קלוריות 560 גר` טבעול,קבוצת אסם סחר שות. מוגבלת,,,יח`,560,גרם,false,1,32.90,5.88,true,1,
7290111566752,false,שניצל תירס 99 קלוריות 693 גר` טבעול,קבוצת אסם סחר שות. מוגבלת,,,יח`,693,גרם,false,1,32.90,4.75,true,1,
7290111566776,false,נקניקיות קוקטייל צמחונית 680 גר` טבעול,קבוצת אסם סחר שות. מוגבלת,,,יח`,680,גרם,false,1,32.90,4.84,true,1,
7290111568206,false,ביסלי פארטי מיקס 150  גר`אסם,קבוצת אסם סחר שות. מוגבלת,,,יח`,150,גרם,false,1,7.90,5.27,true,1,
7290111568251,false,נודלס אטריות להקפצה 350  גר`אסם,קבוצת אסם סחר שות. מוגבלת,,,יח`,350,גרם,false,1,9.90,2.83,false,1,
7290111568275,false,נודלס אטריות אורז רחבות 300  גר`אסם,קבוצת אסם סחר שות. מוגבלת,,,יח`,300,גרם,false,1,9.90,3.30,false,1,
7290111568299,false,נודלס אטריות עם תרד 300  גר`אסם,קבוצת אסם סחר שות. מוגבלת,,,יח`,300,גרם,false,1,9.90,3.30,false,1,
7290111568961,false,בייגלה טבעות מלח 400 גר` אסם,קבוצת אסם סחר שות. מוגבלת,,,יח`,400,גרם,false,1,10.90,2.73,true,1,
7290111930799,false,קראנצוס בצל 55 גר`,ש.שסטוביץ בעמ,,,יח`,55,גרם,false,1,2.50,4.55,true,1,
7290111930805,false,קראנצוס ברביקיו 55 גר`,ש.שסטוביץ בעמ,,,יח`,55,גרם,false,1,2.50,4.55,true,1,
7290111930850,false,קראנצוס פיצה 55 גר`,ש.שסטוביץ בעמ,,,יח`,55,גרם,false,1,2.50,4.55,true,1,
7290111930898,false,פוף כוכבים גריל אמריקאי 40 גר`,ש.שסטוביץ בעמ,,,יח`,40,גרם,false,1,3.90,9.75,true,1,
7290111930904,false,פוף כוכבים בצל 40 גר`,ש.שסטוביץ בעמ,,,יח`,40,גרם,false,1,3.90,9.75,true,1,
7290111930911,false,פוף לבבות קלאסי 40 גר`,ש.שסטוביץ בעמ,,,יח`,40,גרם,false,1,3.90,9.75,true,1,
7290111933554,false,מארז עגבניות קוביות שלישייה מאסטר שף,ש.שסטוביץ בעמ,,,יח`,1200,גרם,false,1,15.90,1.33,false,1,
7290111938481,false,רוטב סויה בהירה 300  ג`מאסטר שף,ש.שסטוביץ בעמ,,,יח`,300,גרם,false,1,12.90,4.30,false,1,
7290111938498,false,רוטב סויה בהירה מאסטר שף (700 מל),ש.שסטוביץ בעמ,,,יח`,700,גרם,false,1,13.90,1.99,true,1,
7290112000736,false,טבליות למדיח כלים All in 1 פיניש) (80,רקיט בנקיזר (ניר איסט) בעמ,,,יח`,1,,false,1,59.90,59.90,true,1,
7290112001023,false,מילוי מבשם אויר אוטומטי תענוגות אביב,רקיט בנקיזר (ניר איסט) בעמ,,,יח`,250,גרם,false,1,14.90,5.96,true,1,
7290112001030,false,מילוי מבשם אויר אוטומטי פריחת דובדבן,רקיט בנקיזר (ניר איסט) בעמ,,,יח`,250,גרם,false,1,14.90,5.96,true,1,
7290112001221,false,קולון מנקה מכונות רגיל 250 מל,רקיט בנקיזר (ניר איסט) בעמ,,,יח`,250,גרם,false,1,19.90,7.96,false,1,
7290112001436,false,פיניש מנקה מחדש בריח לימון,רקיט בנקיזר (ניר איסט) בעמ,,,יח`,1,,false,1,14.90,14.90,false,1,
7290112001900,false,פיניש ג`ל 1 ליטר אקולוגי,רקיט בנקיזר (ניר איסט) בעמ,,,יח`,1,1 ליטר,false,1,42.90,42.90,false,1,
7290112002099,false,קולון ג`ל 2.5 ליטר כחול,רקיט בנקיזר (ניר איסט) בעמ,,,יח`,2.50,1 ליטר,false,1,24.90,9.96,true,1,
7290112002105,false,קולון ג`ל 2.5 ליטר כביסה מרוכז סגול,רקיט בנקיזר (ניר איסט) בעמ,,,יח`,2.50,1 ליטר,false,1,24.90,9.96,true,1,
7290112002112,false,קולון ג`ל 2.5 ליטר בניחוח ורדים ורוד,רקיט בנקיזר (ניר איסט) בעמ,,,יח`,2.50,1 ליטר,false,1,24.90,9.96,true,1,
7290112002129,false,קולון ג`ל 2.5 ליטר בניחוח מרענן ירוק,רקיט בנקיזר (ניר איסט) בעמ,,,יח`,2.50,1 ליטר,false,1,24.90,9.96,true,1,
7290112002136,false,קולון ג`ל 4 ליטר רגיל כחול,רקיט בנקיזר (ניר איסט) בעמ,,,יח`,4,1 ליטר,false,1,34.90,8.73,false,1,
7290112002143,false,קולון ג`ל 4 ליטר לילך סגול,רקיט בנקיזר (ניר איסט) בעמ,,,יח`,4,1 ליטר,false,1,34.90,8.73,false,1,
7290112002150,false,קולון ג`ל 4 ליטר בניחוח ורדים,רקיט בנקיזר (ניר איסט) בעמ,,,יח`,4,1 ליטר,false,1,34.90,8.73,false,1,
7290112002167,false,קולון ג`ל 4 ליטר בניחוח פריחה מרענן ירוק,רקיט בנקיזר (ניר איסט) בעמ,,,יח`,4,1 ליטר,false,1,34.90,8.73,false,1,
7290112003188,false,קולון קפסולות לכביסה 60 יח קאפס,רקיט בנקיזר (ניר איסט) בעמ,,,יח`,1,,false,1,54.90,54.90,false,1,
7290112003249,false,אבקת כביסה מאסק 5 קג קולון,רקיט בנקיזר (ניר איסט) בעמ,,,יח`,5,"ק""ג",false,1,39.90,7.98,false,1,
7290112003959,false,וניש מסיר כתמים א.לכביסה צבעונית 470 גר`,רקיט בנקיזר (ניר איסט) בעמ,,,יח`,470,גרם,false,1,16.90,3.60,false,1,
7290112004031,false,וניש ג`ל ורוד מולטי פאואר 940מל,רקיט בנקיזר (ניר איסט) בעמ,,,יח`,940,גרם,false,1,19.90,2.12,false,1,
7290112004208,false,פיניש 50 טבליות לימון AIO MAX,רקיט בנקיזר (ניר איסט) בעמ,,,יח`,1,,false,1,39.90,39.90,true,1,
7290112004314,false,דטול תרסיס מנקה ומחטא רימונים 750 מל,רקיט בנקיזר (ניר איסט) בעמ,,,יח`,750,גרם,false,1,15.90,2.12,true,1,
7290112004413,false,ספריי להסרת כתמים וניש קליה לבן (750 מל,רקיט בנקיזר (ניר איסט) בעמ,,,יח`,750,גרם,false,1,18.90,2.52,true,1,
7290112004611,false,וניש מולטי פאוור ג`ל מרוכז ועוצמתי 200 מ,רקיט בנקיזר (ניר איסט) בעמ,,,יח`,200,גרם,false,1,16.90,8.45,true,1,
7290112004703,false,וניש ג`ליסימו ורוד 750 מל,רקיט בנקיזר (ניר איסט) בעמ,,,יח`,750,גרם,false,1,19.90,2.65,false,1,
7290112004710,false,וניש ג`ליסימו לבן 750 מל,רקיט בנקיזר (ניר איסט) בעמ,,,יח`,750,גרם,false,1,19.90,2.65,false,1,
7290112004970,false,פיניש אולטימייט 50 קפסולות,רקיט בנקיזר (ניר איסט) בעמ,,,יח`,1,,false,1,59.90,59.90,true,1,
7290112005045,false,וניש מסיר כתמים א.לכביסה לבנה 480 גר`,רקיט בנקיזר (ניר איסט) בעמ,,,יח`,480,גרם,false,1,16.90,3.52,true,1,
7290112005052,false,וניש אבקה לכביסה לבנה,רקיט בנקיזר (ניר איסט) בעמ,,,יח`,1.50,גרם,false,1,39.90,2660,false,1,
7290112005076,false,וניש מסיר כתמים א.לכביסה צבעונית 480 גר`,רקיט בנקיזר (ניר איסט) בעמ,,,יח`,480,גרם,false,1,16.90,3.52,true,1,
7290112005083,false,וניש אבקה לכביסה צבעונית,רקיט בנקיזר (ניר איסט) בעמ,,,יח`,1.50,גרם,false,1,39.90,2660,false,1,
7290112192509,false,פרורי לחם 250  גר`-gfreeללא  גלוטן,גורי מוצרי צריכה (1991) בעמ,,,יח`,250,גרם,false,1,16.40,6.56,false,1,
7290112192561,false,משחת שיניים מלאה מרעננת הלבנה פרודוננטקס,גורי ע.ע.ע בעמ,,,יח`,100,גרם,false,1,34.90,34.90,true,1,
7290112193278,false,שמפו מתולתלות 600 מל,גורי ע.ע.ע בעמ,,,יח`,600,גרם,false,1,24.90,4.15,true,1,
7290112193285,false,מרכך מתולתלות 600 מל,גורי ע.ע.ע בעמ,,,יח`,600,גרם,false,1,24.90,4.15,true,1,
7290112193292,false,מסכה מתולתלות 500 מל,גורי ע.ע.ע בעמ,,,יח`,500,גרם,false,1,27.90,5.58,true,1,
7290112195784,false,תות שדה קפוא 300  גר`פרוסטי,נ.ת.נ.ג.ב החזקות יעוץ וניהול ב,,,יח`,300,גרם,false,1,6.90,2.30,false,1,
7290112197184,false,דגני בוקר במילוי קרמל מלוח ללא גלוטן.,גורי מוצרי צריכה (1991) בעמ,,,יח`,375,גרם,false,1,21.90,5.84,true,1,
7290112330352,false,דנונה פרו 200  גר`וניל 0% שומן,שטראוס גרופ בעמ/מצונן,,,יח`,200,גרם,false,1,5.90,2.95,false,1,
7290112330390,false,דנונה פרו 200  גר`פירות יער 0% שומן,שטראוס גרופ בעמ/מצונן,,,יח`,200,גרם,false,1,5.90,2.95,false,1,
7290112330420,false,דנונה פרו לבן 2.9% שומן (150 גר`),שטראוס גרופ בעמ/מצונן,,,יח`,150,גרם,false,1,4.90,3.27,false,1,
7290112332585,false,פריכיות משולשות-אורז  בתיבול סלק ומלח ים,שטראוס גרופ בעמ,,,יח`,30,גרם,false,1,4.90,16.33,false,1,
7290112332691,false,עוגיות קרם פסק זמן אגוזים 200  גר`עלית,שטראוס גרופ בעמ,,,יח`,200,גרם,false,1,10.90,5.45,true,1,
7290112332875,false,מאסט קוביות מנטה עדינה 86 גר`,שטראוס גרופ בעמ,,,יח`,86,גרם,false,1,13.90,16.16,false,1,
7290112332899,false,בזוקה פופים קלאסי 58 גר`,שטראוס גרופ בעמ,,,יח`,1,,false,1,9.90,9.90,true,1,
7290112334596,false,שוקולית אבקת שוקו עלית,שטראוס גרופ בעמ,,,יח`,935,גרם,false,1,18.50,1.98,true,1,
7290112334749,false,קפה טורקי עלית (200 גרם) 10% תוספת,שטראוס גרופ בעמ,,,יח`,220,גרם,false,1,15.90,7.23,true,1,
7290112335043,false,מרשמלו בזוקה 150 גר,שטראוס גרופ בעמ,,,יח`,150,גרם,false,1,6.90,4.60,false,1,
7290112335050,false,מרשמלו טעם וניל 150 גר,שטראוס גרופ בעמ,,,יח`,150,גרם,false,1,6.90,4.60,false,1,
7290112335111,false,מאסט קוביות בטעם בזוקה 86 גר`,שטראוס גרופ בעמ,,,יח`,86,גרם,false,1,13.90,16.16,false,1,
7290112335487,false,פריכיות הטעימות קצח ודגנים 135,שטראוס גרופ בעמ,,,יח`,135,גרם,false,1,12.90,9.56,true,1,
7290112335494,false,הפריכות הטעימות פוטטוס 135 גר`,שטראוס גרופ בעמ,,,יח`,135,גרם,false,1,12.90,9.56,true,1,
7290112335500,false,הפריכיות הטעימות חלבון 135 גר`,שטראוס גרופ בעמ,,,יח`,135,גרם,false,1,12.90,9.56,true,1,
7290112336613,false,עד חצות סנדוויץ 135  גר`עלית,שטראוס גרופ בעמ,,,יח`,135,גרם,false,1,10.90,8.07,false,1,
7290112336637,false,מאסט סוכריות יוגרוט תות אוכמניות 80 גר`,שטראוס גרופ בעמ,,,יח`,80,גרם,false,1,8.90,11.13,false,1,
7290112336644,false,מאסט סוכריות לימון 80 גר ללא סוכר,שטראוס גרופ בעמ,,,יח`,80,גרם,false,1,8.90,11.13,false,1,
7290112336712,false,דנונה פרו 21% חלבון 0,שטראוס גרופ בעמ/מצונן,,,יח`,200,גרם,false,1,5.90,2.95,false,1,
7290112337474,false,מאסט סוכריות פטל לימון 80 גר ללא סוכר,שטראוס גרופ בעמ,,,יח`,80,גרם,false,1,8.90,11.13,false,1,
7290112338877,false,סקי תות 3% (125 גר`) דנונה,שטראוס גרופ בעמ/מצונן,,,יח`,125,גרם,false,1,3.70,2.96,true,1,
7290112339171,false,מעדן מוס שוקולד 81  גר`מילקי,שטראוס גרופ בעמ/מצונן,,,יח`,81,גרם,false,1,3.30,4.07,false,1,
7290112339362,false,דנונה לייט אנד פריי בטעם קפוצ`נו 150 גר`,שטראוס גרופ בעמ/מצונן,,,יח`,150,גרם,false,1,4.50,3,true,1,
7290112339867,false,גמדים סקוויז בודד תות (100 גר`),שטראוס גרופ בעמ/מצונן,,,יח`,100,גרם,false,1,5.90,5.90,false,1,
7290112339874,false,גמדים סקוויז בודד תות בננה (100 גר`),שטראוס גרופ בעמ/מצונן,,,יח`,100,גרם,false,1,5.90,5.90,false,1,
7290112340122,false,פריכיות טעימות 3 דגנים 135 גר`,שטראוס גרופ בעמ,,,יח`,135,גרם,false,1,12.90,9.56,true,1,
7290112340245,false,מסטיק מאסט צנצנת בטעם דובדבן 66  גר`מגדי,שטראוס גרופ בעמ,,,יח`,66,גרם,false,1,9.90,15,true,1,
7290112340276,false,עוגיות קרם קפה עלית 200  גר`עלית,שטראוס גרופ בעמ,,,יח`,200,גרם,false,1,10.90,5.45,true,1,
7290112341556,false,אקטיביה עם צ`יה ותות 150 גר`,שטראוס גרופ בעמ/מצונן,,,יח`,150,גרם,false,1,4.50,3,false,1,
7290112342102,false,סימפוניה בצל מקורמל 5% שטראוס,שטראוס גרופ בעמ/מצונן,,,יח`,200,גרם,false,1,11.40,5.70,true,1,
7290112342270,false,קפה אינטנס 10% פלטינום,שטראוס גרופ בעמ,,,יח`,125,גרם,false,1,18.90,15.12,true,1,
7290112343260,false,רוטב שמנת קלאסי 260 גר` יטבתה,שטראוס גרופ בעמ/מצונן,,,יח`,260,גרם,false,1,9.90,3.81,true,1,
7290112343420,false,יטבתה פרו ארוחת בוקר 350 מל,שטראוס גרופ בעמ/מצונן,,,יח`,350,גרם,false,1,6.90,1.97,false,1,
7290112343499,false,צ`יטוס 55 גר` puffs,שטראוס פריטו ליי בעמ,,,יח`,60,גרם,false,1,3.50,5.83,true,1,
7290112343512,false,צ`יטוס 160  גר`puffs,שטראוס פריטו ליי בעמ,,,יח`,180,גרם,false,1,6.90,3.83,false,1,
7290112344724,false,מעדן מוס שוקולד בלונדי 133  גר`מילקי,שטראוס גרופ בעמ/מצונן,,,יח`,133,גרם,false,1,3.30,2.48,false,1,
7290112344755,false,מילקי עם 26% פחות  סוכר( 135 גר`),שטראוס גרופ בעמ/מצונן,,,יח`,135,גרם,false,1,2.80,2.07,false,1,
7290112344786,false,קפה PLATINUMקלאסי 200 גר,שטראוס גרופ בעמ,,,יח`,200,גרם,false,1,24.90,12.45,true,1,
7290112346360,false,בפלות אחת אחת בציפוי שוקלוד חלב עלית,שטראוס גרופ בעמ,,,יח`,180,גרם,false,1,13.90,7.72,false,1,
7290112346537,false,פינוקיות בטעם טורטית 200  גר`עלית,שטראוס גרופ בעמ,,,יח`,200,גרם,false,1,10.90,5.45,true,1,
7290112346773,false,דנונה לייט אנד פריי וניל עם חלבון,שטראוס גרופ בעמ/מצונן,,,יח`,150,גרם,false,1,4.60,3.07,true,1,
7290112346797,false,אקטיביה שיבולת שועל ושזיף 150 גר`,שטראוס גרופ בעמ/מצונן,,,יח`,150,גרם,false,1,4.60,3.07,false,1,
7290112346827,false,אקטימל ויטמין c פטל  שמייניה( 100x8),שטראוס גרופ בעמ/מצונן,,,יח`,800,גרם,false,1,19.90,2.49,false,1,
7290112347008,false,גמדים ארוחת בוקר תות סקוויז 100 גר,שטראוס גרופ בעמ/מצונן,,,יח`,100,גרם,false,1,5.90,5.90,false,1,
7290112347473,false,מארז לייט אנד פריי תות ואפרסק דנונה,שטראוס גרופ בעמ/מצונן,,,יח`,1200,גרם,false,1,27.50,2.29,false,1,
7290112348616,false,קפה נמס אגוזי לוז (100  גר)עלית,שטראוס גרופ בעמ,,,יח`,100,גרם,false,1,16.90,16.90,false,1,
7290112348999,false,פריכיות טעימות תירס  דקות( 135  גר`)עלית,שטראוס גרופ בעמ,,,יח`,135,גרם,false,1,12.90,9.56,true,1,
7290112349316,false,בזוקה ביג פופים בטעם תות,שטראוס גרופ בעמ,,,יח`,86,גרם,false,1,13.90,16.16,false,1,
7290112349606,false,דניאלה מעדן בטעם תות בננה שטראוס (88 גרם,שטראוס גרופ בעמ/מצונן,,,יח`,150,גרם,false,1,4,2.67,false,1,
7290112349705,false,מחית עגבניות קלאסי לפסטה 350  גר`פומודור,שטראוס גרופ בעמ,,,יח`,350,גרם,false,1,10.90,3.11,true,1,
7290112349750,false,רוטב עגבניות לפיצה 350 גר`,שטראוס גרופ בעמ,,,יח`,350,גרם,false,1,10.90,3.11,true,1,
7290112350312,false,קפסולות 15 למכונות נספרו עלית) (10,שטראוס גרופ בעמ,,,יח`,50,גרם,false,1,16.90,33.80,true,1,
7290112350589,false,צ`יקו להכנת משקה צ`יקוריה עלית (65 גרם),שטראוס גרופ בעמ,,,יח`,65,גרם,false,1,9.90,15.23,false,1,
7290112351067,false,סילאן טבעי לחיץ 630  גר`יד מרדכי,שטראוס גרופ בעמ,,,יח`,630,גרם,false,1,23.90,3.79,false,1,
7290112351258,false,פינוקיות שחור לבן 200 גר עלית,שטראוס גרופ בעמ,,,יח`,200,גרם,false,1,10.90,5.45,true,1,
7290112351463,false,סוכריות שלישיית fresh פטל לימון ללס מאס,שטראוס גרופ בעמ,,,יח`,45,גרם,false,1,8.90,19.78,false,1,
7290112351470,false,סוכריות שלישיית fresh רימון תות ללס מאס,שטראוס גרופ בעמ,,,יח`,45,גרם,false,1,8.90,19.78,false,1,
7290112354204,false,דלישס שטראוס ספגטי עגבניות 280 גר`,קפוא-זן תעשיות מזון בעמ - תפוג,,,יח`,280,גרם,false,1,22.90,8.18,true,1,
7290112354211,false,דלישס שטראוס פיצה מרגריטה,קפוא-זן תעשיות מזון בעמ - תפוג,,,יח`,400,גרם,false,1,26.90,6.73,true,1,
7290112354945,false,תפוצ`יפס (50  גרם)היתר מכירה,שטראוס פריטו ליי בעמ,,,יח`,50,גרם,false,1,3.90,7.80,false,1,
7290112354952,false,תפוצ`יפס פפריקה (50  גרם)היתר מכירה,שטראוס פריטו ליי בעמ,,,יח`,50,גרם,false,1,3.90,7.80,false,1,
7290112355027,false,דנונה פרו 20  גר`חלבון בטעם קרמל  מלוח(,שטראוס גרופ בעמ/מצונן,,,יח`,200,גרם,false,1,5.90,2.95,false,1,
7290112355393,false,רוטב שמנת עם בטטה 9% יטבתה (250 מל),שטראוס גרופ בעמ/מצונן,,,יח`,250,גרם,false,1,9.90,3.96,true,1,
7290112357045,false,עגבניות איטלקיות מרוסקות 390  גר`טעם הטב,שטראוס גרופ בעמ,,,יח`,500,גרם,false,1,6.90,1.38,true,1,
7290112357069,false,מחית עגבניות איטלקיות 500  גר`טעם הטבע ק,שטראוס גרופ בעמ,,,יח`,500,גרם,false,1,6.90,1.38,true,1,
7290112357083,false,אפונת גינה 380 גר טעם הטבע קופסה,שטראוס גרופ בעמ,,,יח`,380,גרם,false,1,6.90,1.82,true,1,
7290112357113,false,גרגרי חומוס 380 גר טעם הטבע קופסה,שטראוס גרופ בעמ,,,יח`,380,גרם,false,1,6.90,1.82,true,1,
7290112358127,false,דנונה פרו 20  גר`חלבון עם  מגנזיום( 200,שטראוס גרופ בעמ/מצונן,,,יח`,200,גרם,false,1,6.50,3.25,false,1,
7290112358240,false,רוטב גריל 300  גר`יד מרדכי,שטראוס גרופ בעמ,,,יח`,300,גרם,false,1,13.90,4.63,false,1,
7290112358431,false,ביסקוויט עד חצות דאבל 200 גר`,שטראוס גרופ בעמ,,,יח`,200,גרם,false,1,13.90,6.95,true,1,
7290112358554,false,מארז נמס לדרך 28 יח עלית,שטראוס גרופ בעמ,,,יח`,50.40,גרם,false,1,9.90,19.64,false,1,
7290112359384,false,קפה נמס אלפחרוס ריבת  חלב( 100  גר`)עלית,שטראוס גרופ בעמ,,,יח`,100,גרם,false,1,16.90,16.90,true,1,
7290112482211,false,פאלאס תבניות אלומניום ענק,פאלאס תעשיות נטו (2014) בעמ,,,יח`,1,,false,1,1.90,1.90,true,1,
7290112482273,false,צלחות מרק 25  יח`טופ סטאר,פאלאס תעשיות נטו (2014) בעמ,,,יח`,1,,false,1,8.90,8.90,true,1,
7290112482297,false,קעריות אובלי 25  יח`טופ סטאר,פאלאס תעשיות נטו (2014) בעמ,,,יח`,1,,false,1,6.90,6.90,true,1,
7290112482686,false,גביע איחסון אמריקאי 240 מל לפיד 8 יח,פאלאס תעשיות נטו (2014) בעמ,,,יח`,1,,false,1,5.90,5.90,true,1,
7290112482693,false,גביע איחסון אמריקאי 480 מל לפיד 6יח,פאלאס תעשיות נטו (2014) בעמ,,,יח`,1,,false,1,5.90,5.90,true,1,
7290112483430,false,כפות שקופות לפיד 50 יח,פאלאס תעשיות נטו (2014) בעמ,,,יח`,1,,false,1,7.90,7.90,true,1,
7290112483447,false,כפיות שקופות לפיד 50 יח,פאלאס תעשיות נטו (2014) בעמ,,,יח`,1,,false,1,7.90,7.90,true,1,
7290112483454,false,מזלגות שקופות לפיד 50 יח,פאלאס תעשיות נטו (2014) בעמ,,,יח`,1,,false,1,7.90,7.90,true,1,
7290112483461,false,סכינים שקופות לפיד 50 יח,פאלאס תעשיות נטו (2014) בעמ,,,יח`,1,,false,1,7.90,7.90,true,1,
7290112483584,false,מפיות מוטבעות תלת  שכבתי( 16 יח),פאלאס תעשיות נטו (2014) בעמ,,,יח`,1,,false,1,5.90,5.90,false,1,
7290112484291,false,צלחות קטנה שקוף 25 יח לפיד,פאלאס תעשיות נטו (2014) בעמ,,,יח`,1,,false,1,8.90,8.90,true,1,
7290112484307,false,צלחות גדולה שקוף 25 יח לפיד,פאלאס תעשיות נטו (2014) בעמ,,,יח`,1,,false,1,12.90,12.90,true,1,
7290112484314,false,צלחות לפתן שקוף 25 יח לפיד,פאלאס תעשיות נטו (2014) בעמ,,,יח`,1,,false,1,6.90,6.90,true,1,
7290112484321,false,צלחות ענק שקוף 25 יח לפיד,פאלאס תעשיות נטו (2014) בעמ,,,יח`,1,,false,1,16.90,16.90,false,1,
7290112484338,false,צלחות מרק שקוף 25 יח לפיד,פאלאס תעשיות נטו (2014) בעמ,,,יח`,1,,false,1,8.90,8.90,true,1,
7290112484345,false,קעריות אובלי שקוף25 יח לפיד,פאלאס תעשיות נטו (2014) בעמ,,,יח`,1,,false,1,6.90,6.90,true,1,
7290112484895,false,צלחות גדולות 1 קג,פאלאס תעשיות נטו (2014) בעמ,,,יח`,1,יח`,false,1,39.90,39.90,true,1,
7290112485854,false,צלחת נייר גדול 50  יח`לבן לפיד,פאלאס תעשיות נטו (2014) בעמ,,,יח`,0,גרם,false,1,13.90,13.90,true,1,
7290112490032,false,מרק נמס בכוס תירס קנור,יוניליוור ישראל שיווק בעמ,,,יח`,45,גרם,false,1,6.90,15.33,true,1,
7290112490117,false,קליק טבלאות שוקולד עם וופל ואגוזים 85 גר,יוניליוור ישראל שיווק בעמ,,,יח`,85,גרם,false,1,5.90,6.94,true,1,
7290112490209,false,מרק נמס בכוס עגבניות קנור) (2*28,יוניליוור ישראל שיווק בעמ,,,יח`,56,גרם,false,1,6.90,12.32,true,1,
7290112490216,false,מרק נמס בכוס טעם עוף קנור (2*24 גר`),יוניליוור ישראל שיווק בעמ,,,יח`,48,גרם,false,1,6.90,14.38,true,1,
7290112490230,false,מרק נמס בכוס אפונה קנור) (25*2,יוניליוור ישראל שיווק בעמ,,,יח`,50,גרם,false,1,6.90,13.80,true,1,
7290112490667,false,קונפיטורת משמשים  (788 340  גר`),יוניליוור ישראל שיווק בעמ,,,יח`,340,גרם,false,1,13.90,4.09,true,1,
7290112490698,false,קונפיטורה לייט תות שדה 778,יוניליוור ישראל שיווק בעמ,,,יח`,260,גרם,false,1,13.90,5.35,true,1,
7290112490735,false,מרק עשיר עגבניות עם פסטה קנור רכיבים טבע,יוניליוור ישראל שיווק בעמ,,,יח`,105,גרם,false,1,12.90,12.29,true,1,
7290112490827,false,בדין תרסיס למייבש כביסה בייבי 500 מל,יוניליוור ישראל שיווק בעמ,,,יח`,500,גרם,false,1,19.90,3.98,true,1,
7290112491701,false,ברנפלקס חלבון 375 גר`,יוניליוור ישראל שיווק בעמ,,,יח`,375,גרם,false,1,22.90,6.11,true,1,
7290112491770,false,בייגלה דק דק מלח 300 גר`,יוניליוור ישראל שיווק בעמ,,,יח`,300,גרם,false,1,10.90,3.63,true,1,
7290112491794,false,בייגלה דקים דקים שמנת בצל 300 גר`,יוניליוור ישראל שיווק בעמ,,,יח`,300,גרם,false,1,10.90,3.63,true,1,
7290112492449,false,שמפו פינוק שיער רגיל 700 מל,יוניליוור ישראל שיווק בעמ,,,יח`,700,גרם,false,1,12.90,1.84,true,1,
7290112492456,false,שמפו לשיער יבש פינוק (700 מל),יוניליוור ישראל שיווק בעמ,,,יח`,700,גרם,false,1,12.90,1.84,true,1,
7290112492463,false,שמפו פינוק2ב (7001 מל),יוניליוור ישראל שיווק בעמ,,,יח`,700,גרם,false,1,12.90,1.84,true,1,
7290112492470,false,שמפו ומרכך פינוק 2ב (7001 מל),יוניליוור ישראל שיווק בעמ,,,יח`,700,גרם,false,1,12.90,1.84,true,1,
7290112492500,false,שמפו פינוקשמן קוקוס (700מל),יוניליוור ישראל שיווק בעמ,,,יח`,700,גרם,false,1,12.90,1.84,true,1,
7290112492531,false,מרכך לשיער רגיל (700  מל)פינוק,יוניליוור ישראל שיווק בעמ,,,יח`,700,גרם,false,1,12.90,1.84,true,1,
7290112492579,false,מרכך פינוקלשיער רגיל (700 מל),יוניליוור ישראל שיווק בעמ,,,יח`,700,גרם,false,1,12.90,1.84,true,1,
7290112492593,false,תחליב רחצה רגיל 700 מל פינוק,יוניליוור ישראל שיווק בעמ,,,יח`,700,גרם,false,1,12.90,1.84,true,1,
7290112492609,false,תחליב רחצה לבנדר ווניל (700  מל)פינוק,יוניליוור ישראל שיווק בעמ,,,יח`,700,גרם,false,1,12.90,1.84,true,1,
7290112492999,false,אבקת מרק טעם עוף 400  גר`קנור,יוניליוור ישראל שיווק בעמ,,,יח`,400,גרם,false,1,15.90,3.98,true,1,
7290112493088,false,נמס בכוס עדשים 100% רכיבים טביעיים קנור,יוניליוור ישראל שיווק בעמ,,,יח`,54,גרם,false,1,6.90,12.78,false,1,
7290112493095,false,נמס בכוס עגבניות חריף 100% רכיבים טביעיי,יוניליוור ישראל שיווק בעמ,,,יח`,48,גרם,false,1,6.90,14.38,false,1,
7290112493316,false,מרק היום אפונה 100% רכיבים טביעיים קנור,יוניליוור ישראל שיווק בעמ,,,יח`,117,גרם,false,1,12.90,11.03,true,1,
7290112493965,false,שטראוס קרמיסימו וניל ומסטיק,גלידות שטראוס בעמ,,,יח`,1.33,1 ליטר,false,1,18.90,14.21,false,1,
7290112494153,false,תיבוליות ניחוח צלי  קנור( 72 גרם),יוניליוור ישראל שיווק בעמ,,,יח`,72,גרם,false,1,9.90,13.75,true,1,
7290112494382,false,פירה בטעם ביתי 260  גר`קנור,יוניליוור ישראל שיווק בעמ,,,יח`,260,גרם,false,1,8.90,3.42,false,1,
7290112494795,false,ג`ל כביסה לבנה וצבעונית בניחוח בדין כחול,יוניליוור ישראל שיווק בעמ,,,יח`,2.50,1 ליטר,false,1,29.90,11.96,true,1,
7290112494801,false,ג`ל כביסה לבנה וצבעונית בניחוח בדין ורוד,יוניליוור ישראל שיווק בעמ,,,יח`,2.50,1 ליטר,false,1,29.90,11.96,true,1,
7290112494825,false,תרחיץ פנים לעור רגיש (180 מל)דאב,יוניליוור ישראל שיווק בעמ,,,יח`,180,גרם,false,1,17.90,9.94,true,1,
7290112494832,false,תרחיץ פנים לעור רגיל (180 מל)דאב,יוניליוור ישראל שיווק בעמ,,,יח`,180,גרם,false,1,17.90,9.94,true,1,
7290112495037,false,קוקומן כדורים 375  גר`תלמה,יוניליוור ישראל שיווק בעמ,,,יח`,375,גרם,false,1,21.90,5.84,true,1,
7290112495044,false,דגני קוקומן פצפוצים תלמה (375 גרם),יוניליוור ישראל שיווק בעמ,,,יח`,375,גרם,false,1,21.90,5.84,true,1,
7290112495105,false,נישנושים תפוא שמנת בצל 260 גר`,יוניליוור ישראל שיווק בעמ,,,יח`,260,גרם,false,1,12.90,4.96,true,1,
7290112495174,false,נשנושי קרקר קוקטייל שומשום 300 גר`,יוניליוור ישראל שיווק בעמ,,,יח`,300,גרם,false,1,12.90,4.30,true,1,
7290112495228,false,קורנפלקס דבש 448  גר`תלמה,יוניליוור ישראל שיווק בעמ,,,יח`,448,גרם,false,1,16.90,3.77,true,1,
7290112495280,false,ברנפלקס ריבועי קינמון תלמה (400 גרם),יוניליוור ישראל שיווק בעמ,,,יח`,400,גרם,false,1,22.90,5.73,true,1,
7290112495433,false,דליפקאן תוספת אגוזי פקאן ושקדים תלמה (40,יוניליוור ישראל שיווק בעמ,,,יח`,400,גרם,false,1,22.90,5.73,true,1,
7290112495488,false,קורנפלקס ללא גלוטן תלמה 500 גרם,יוניליוור ישראל שיווק בעמ,,,יח`,500,גרם,false,1,15.90,3.18,true,1,
7290112495747,false,רוטב צ`ילי מתוק 340  מל( 70% מופחת סוכר),יוניליוור ישראל שיווק בעמ,,,יח`,340,גרם,false,1,12.90,3.79,true,1,
7290112495754,false,רוטב לסלט אלף האיים הלמנס (305 מל),יוניליוור ישראל שיווק בעמ,,,יח`,305,גרם,false,1,12.90,4.23,true,1,
7290112495785,false,רוטב לסלט שום (300  גרם)הלמנס,יוניליוור ישראל שיווק בעמ,,,יח`,300,גרם,false,1,12.90,4.30,true,1,
7290112495808,false,רוטב לסלט חרדל ודבש הלמנס (305 מל),יוניליוור ישראל שיווק בעמ,,,יח`,305,גרם,false,1,12.90,4.23,true,1,
7290112496034,false,סירופ בטעם מייפל אפיכל כשלפ 580 גרם,יוניליוור ישראל שיווק בעמ,,,יח`,580,גרם,false,1,11.90,2.05,false,1,
7290112496218,false,טריאקיהפחתה של%50 סוכר ונתרן,יוניליוור ישראל שיווק בעמ,,,יח`,340,גרם,false,1,12.90,3.79,true,1,
7290112496294,false,פתית ציפס אפונה בתוספת צ`לי 22 גר.,יוניליוור ישראל שיווק בעמ,,,יח`,22,גרם,false,1,4.90,22.27,true,1,
7290112496430,false,נמס בכוס אקסטרה עגבניות,יוניליוור ישראל שיווק בעמ,,,יח`,37,גרם,false,1,4.90,13.24,false,1,
7290112496461,false,נמס בכוס אקסטרא ירקות 32 גר`,יוניליוור ישראל שיווק בעמ,,,יח`,32,גרם,false,1,4.90,15.31,false,1,
7290112497123,false,אבקת להכנת סחלב קנור (112 גר`),יוניליוור ישראל שיווק בעמ,,,יח`,112,גרם,false,1,13.90,12.41,true,1,
7290112497710,false,שמפו אל דמע בייבי 700 מל פינוק,יוניליוור ישראל שיווק בעמ,,,יח`,700,גרם,false,1,14.90,2.13,true,1,
7290112498052,false,פתית ציפס עם בטטה מארז רביעייה,יוניליוור ישראל שיווק בעמ,,,יח`,84,גרם,false,1,13.90,16.55,true,1,
7290112498069,false,קוקומן בטעם שוקולד 375  גר`כשלפ,יוניליוור ישראל שיווק בעמ,,,יח`,375,גרם,false,1,21.90,5.84,true,1,
7290112498281,false,אל סבון ידיים פינוק בתוספת שמן קוקוס 950,יוניליוור ישראל שיווק בעמ,,,יח`,950,גרם,false,1,11.90,1.25,true,1,
7290112498441,false,רוטב אסייתי  למוקפץ- קנור,יוניליוור ישראל שיווק בעמ,,,יח`,370,גרם,false,1,12.90,3.49,true,1,
7290112498526,false,פתית ציפס בטטה סגולה שמנת בצל,יוניליוור ישראל שיווק בעמ,,,יח`,22,גרם,false,1,4.90,22.27,true,1,
7290112499196,false,שטראוס קרמיסימו החלב של הקורנפלקס,גלידות שטראוס בעמ,,,יח`,1.33,1 ליטר,false,1,18.90,14.21,false,1,
7290112499462,false,תחליב רחצה שמן קוקוס 700 מל פינוק,יוניליוור ישראל שיווק בעמ,,,יח`,700,גרם,false,1,12.90,1.84,true,1,
7290112499479,false,פינוק שמפו בתוספת קרטין 700 מל,יוניליוור ישראל שיווק בעמ,,,יח`,700,גרם,false,1,12.90,1.84,true,1,
7290112499486,false,מרכך בתוספת קרטין 700 מל פינוק,יוניליוור ישראל שיווק בעמ,,,יח`,700,גרם,false,1,12.90,1.84,true,1,
7290112499493,false,רקסונה דאודורנט ספריי בניחוח במבוק אלוור,יוניליוור ישראל שיווק בעמ,,,יח`,150,גרם,false,1,14.90,9.93,true,1,
7290112499509,false,דאודורנט אפרסק ולימון גראס ספריי רקסונה,יוניליוור ישראל שיווק בעמ,,,יח`,150,גרם,false,1,14.90,9.93,true,1,
7290112961266,false,בייגלה כפיות פיזור איטלקי 300 גר` אסם,קבוצת אסם סחר שות. מוגבלת,,,יח`,300,גרם,false,1,9.90,3.30,true,1,
7290112961372,false,חטיפי פריכיות דקות קינמון 60  גר`פיטנס,קבוצת אסם סחר שות. מוגבלת,,,יח`,60,גרם,false,1,8.90,14.83,true,1,
7290112961440,false,פיטנס בר פריכיות שוקולד מריר 84 גר,קבוצת אסם סחר שות. מוגבלת,,,יח`,84,גרם,false,1,14.90,17.74,true,1,
7290112961464,false,חטיפי פריכיות דקות מתובלות 60  גר`פיטנס,קבוצת אסם סחר שות. מוגבלת,,,יח`,60,גרם,false,1,8.90,14.83,true,1,
7290112961754,false,עוגיות שוקוצ`יפס קרם אגוזים (220  גר`)אס,קבוצת אסם סחר שות. מוגבלת,,,יח`,220,גרם,false,1,11.90,5.41,false,1,
7290112962287,false,שווארמה טבעונית 450 גר` טבעול,קבוצת אסם סחר שות. מוגבלת,,,יח`,450,גרם,false,1,32.90,7.31,true,1,
7290112962737,false,טבעול-שניצל מן הצומח עם חלבון 664 גר`,קבוצת אסם סחר שות. מוגבלת,,,יח`,664,גרם,false,1,24.90,3.75,false,1,
7290112963918,false,חטיפי קרקר דק רוזמרין 140 גר` פיטנס,קבוצת אסם סחר שות. מוגבלת,,,יח`,140,גרם,false,1,11.90,8.50,true,1,
7290112964410,false,רוטב אלף האיים לסלט ( 290 גר`) אסם,קבוצת אסם סחר שות. מוגבלת,,,יח`,290,גרם,false,1,11.90,4.10,true,1,
7290112964434,false,רוטב לסלט קיסר אסם (295 מל),קבוצת אסם סחר שות. מוגבלת,,,יח`,290,גרם,false,1,11.90,4.10,true,1,
7290112964458,false,רוטב לסלט וינגרט אסם (295 מל),קבוצת אסם סחר שות. מוגבלת,,,יח`,295,גרם,false,1,11.90,4.03,true,1,
7290112964472,false,רוטב שום לסלט (290 גר`) אסם,קבוצת אסם סחר שות. מוגבלת,,,יח`,290,גרם,false,1,11.90,4.10,true,1,
7290112964564,false,רוטב אלף האיים לייט לסלט אסם (295 מל),קבוצת אסם סחר שות. מוגבלת,,,יח`,295,גרם,false,1,11.90,4.03,true,1,
7290112965141,false,פתיתים אפויים עם ירקות 130  גר`אסם,קבוצת אסם סחר שות. מוגבלת,,,יח`,150,גרם,false,1,11.90,7.93,false,1,
7290112965165,false,מרק נמס בטעם פטריות אסם (24x2  גרם)בדצ,קבוצת אסם סחר שות. מוגבלת,,,יח`,48,גרם,false,1,5.90,12.29,false,1,
7290112965240,false,זוג מרק נמס עגבניות 60  גר`אסם בדצ,קבוצת אסם סחר שות. מוגבלת,,,יח`,60,גרם,false,1,5.90,9.83,false,1,
7290112965264,false,מרק נמס סוף זוג אפונה בדצ,קבוצת אסם סחר שות. מוגבלת,,,יח`,52,גרם,false,1,5.90,11.35,false,1,
7290112965288,false,מרק נמס בטעם ירקות אסם 52 גר`,קבוצת אסם סחר שות. מוגבלת,,,יח`,52,גרם,false,1,5.90,11.35,false,1,
7290112965301,false,מרק נמס סוף זוג טעם עוף 52  גר`אסם,קבוצת אסם סחר שות. מוגבלת,,,יח`,52,גרם,false,1,5.90,11.35,false,1,
7290112965325,false,אורז ספרדי 140  גר`אסם,קבוצת אסם סחר שות. מוגבלת,,,יח`,140,גרם,false,1,11.90,8.50,false,1,
7290112965585,false,פסטה קסרצה 500  גר`פרפקטו אסם,קבוצת אסם סחר שות. מוגבלת,,,יח`,500,גרם,false,1,7.90,1.58,false,1,
7290112965660,false,חטיף מולטיגריין מלח  פלפל( 25  גר`)פיטנס,קבוצת אסם סחר שות. מוגבלת,,,יח`,1,,false,1,5,5,true,1,
7290112965684,false,חטיף מולטיגריין עשבי  תיבול( 25  גר`)פיט,קבוצת אסם סחר שות. מוגבלת,,,יח`,0,גרם,false,1,5,5,true,1,
7290112965707,false,חטיף מולטיגריין צ`לי  מעודן( 25  גר`)פיט,קבוצת אסם סחר שות. מוגבלת,,,יח`,0,גרם,false,1,5,5,true,1,
7290112965783,false,ביסלי פריסטייל על האש 60 גר` אסם,קבוצת אסם סחר שות. מוגבלת,,,יח`,60,גרם,false,1,3.90,6.50,true,1,
7290112965868,false,קרם קרקר במליחות מעודנת 250  גר`אסם,קבוצת אסם סחר שות. מוגבלת,,,יח`,250,גרם,false,1,9.90,3.96,true,1,
7290112965905,false,בייגלה שמיניות במליחות מעודנת 400 גר` אס,קבוצת אסם סחר שות. מוגבלת,,,יח`,400,גרם,false,1,10.90,2.73,true,1,
7290112966247,false,לחמית כוסמין 200  גר`אסם,קבוצת אסם סחר שות. מוגבלת,,,יח`,200,גרם,false,1,10.90,5.45,true,1,
7290112966445,false,במבה מתוקה אריזה גדולה 100  גר`אסם,קבוצת אסם סחר שות. מוגבלת,,,יח`,100,גרם,false,1,8.90,8.90,false,1,
7290112966728,false,טחינה בלאדי פלפלים חריפים 350  גר`צבר,קבוצת אסם סחר שות. מוגבלת,,,יח`,350,גרם,false,1,14.90,4.26,false,1,
7290112966803,false,אינסטנט פודינג בטעם שוקולד אסם (88 גרם),קבוצת אסם סחר שות. מוגבלת,,,יח`,88,גרם,false,1,5.90,6.70,false,1,
7290112967114,false,חטיפי פריכיות קטניות ופלפל 60  גר`פיטנס,קבוצת אסם סחר שות. מוגבלת,,,יח`,60,גרם,false,1,8.90,14.83,true,1,
7290112967138,false,בייגלה שמיניות ללא גלוטן 250  גר`אסם,קבוצת אסם סחר שות. מוגבלת,,,יח`,250,גרם,false,1,9.90,3.96,false,1,
7290112967381,false,חטיפי פריכיות קטניות ומלח ים 60 גר פיטנס,קבוצת אסם סחר שות. מוגבלת,,,יח`,60,גרם,false,1,8.90,14.83,true,1,
7290112968807,false,חטיפי קרקר דק סלק 140 גר` פיטנס,קבוצת אסם סחר שות. מוגבלת,,,יח`,140,גרם,false,1,11.90,8.50,true,1,
7290112968821,false,חטיפי קרקר דק בטטה 140 גר` פיטנס,קבוצת אסם סחר שות. מוגבלת,,,יח`,140,גרם,false,1,11.90,8.50,true,1,
7290112969903,false,נאגטס ירקות לבנים ( 500 גר`) טבעול,קבוצת אסם סחר שות. מוגבלת,,,יח`,500,גרם,false,1,31.90,6.38,true,1,
7290113190450,false,ממרח תמרים 450  גר`שקדיה,דין שיווק וקליה 2021 בעמ,,,יח`,450,גרם,false,1,5.90,1.31,false,1,
7290113190757,false,חלבה תלתלים בטעם וניל 300 גר`,דין שיווק וקליה 2021 בעמ,,,יח`,300,גרם,false,1,13.90,4.63,false,1,
7290113192102,false,דפי אורז עגולים250 גר,דין שיווק וקליה 2021 בעמ,,,יח`,250,גרם,false,1,8.90,3.56,true,1,
7290113192201,false,פינוק סחלב 500  גר`קרטון שקדיה,דין שיווק וקליה 2021 בעמ,,,יח`,500,גרם,false,1,13.90,2.78,false,1,
7290113192300,false,חרוזית מושחר 275  גר`בית השיטה,קבוצת אסם סחר שות. מוגבלת,,,יח`,275,גרם,false,1,10.90,3.96,false,1,
7290113192317,false,זיתים מושחרים טבעות בית השיטה (280 גרם),קבוצת אסם סחר שות. מוגבלת,,,יח`,280,גרם,false,1,10.90,3.89,false,1,
7290113192331,false,זיתים ירוקים שלמים גדולים 340 גר`,קבוצת אסם סחר שות. מוגבלת,,,יח`,340,גרם,false,1,9.90,2.91,false,1,
7290113192348,false,זית ירוק טעם שום  (34017-19 גר`),קבוצת אסם סחר שות. מוגבלת,,,יח`,340,גרם,false,1,10.90,3.21,true,1,
7290113192355,false,זיתים חרוזית ירוק A2 בית השיטה,קבוצת אסם סחר שות. מוגבלת,,,יח`,560,גרם,false,1,10.90,1.95,true,1,
7290113192362,false,זיתים ירוקים טבעות (560  גרם)בית השיטה,קבוצת אסם סחר שות. מוגבלת,,,יח`,560,גרם,false,1,10.90,1.95,false,1,
7290113192386,false,זיתים סורי מבוקע A2 בית השיטה,קבוצת אסם סחר שות. מוגבלת,,,יח`,560,גרם,false,1,9.90,1.77,false,1,
7290113192393,false,קוקטייל זיתים בית השיטה (336 גרם),קבוצת אסם סחר שות. מוגבלת,,,יח`,336,גרם,false,1,11.90,3.54,false,1,
7290113192478,false,מלפפון במלח 10-12 A2 בית השיטה,קבוצת אסם סחר שות. מוגבלת,,,יח`,320,גרם,false,1,7.90,2.47,true,1,
7290113192485,false,מלפפון בחומץ 10-12 A2 בית  השיטה( 290 גר,קבוצת אסם סחר שות. מוגבלת,,,יח`,290,גרם,false,1,7.90,2.72,true,1,
7290113192492,false,מלפפון בחומץ 13-17 A2 בית  השיטה( 290 ג,קבוצת אסם סחר שות. מוגבלת,,,יח`,320,גרם,false,1,10.90,3.41,false,1,
7290113192508,false,מלפפון במלח 13-17 A2 בית  השיטה( 320 גר`,קבוצת אסם סחר שות. מוגבלת,,,יח`,320,גרם,false,1,10.90,3.41,false,1,
7290113192515,false,מלפפון במלח 18-25 A2 בית  השיטה( 320 גר`,קבוצת אסם סחר שות. מוגבלת,,,יח`,320,גרם,false,1,12.90,4.03,false,1,
7290113192522,false,מלפפון בחומץ 18-25 A2 בית  השיטה( 320 גר,קבוצת אסם סחר שות. מוגבלת,,,יח`,320,גרם,false,1,12.90,4.03,false,1,
7290113192553,false,מלפפון במלח בלאדי 13-17 בית  השיטה( 320,קבוצת אסם סחר שות. מוגבלת,,,יח`,320,גרם,false,1,10.90,3.41,false,1,
7290113192560,false,פלפל חריף כבוש שיפקה בית השיטה (430 גר`),קבוצת אסם סחר שות. מוגבלת,,,יח`,430,גרם,false,1,7.90,1.84,true,1,
7290113192997,false,זית מרוקאי 340  גר`בית השיטה,קבוצת אסם סחר שות. מוגבלת,,,יח`,340,גרם,false,1,12.90,3.79,false,1,
7290113193000,false,פלפל שיפקונית 230  גר`בית השיטה,קבוצת אסם סחר שות. מוגבלת,,,יח`,230,גרם,false,1,10.90,4.74,false,1,
7290113193321,false,שמן זית כתית מעולה 750 מל בית השיטה,קבוצת אסם סחר שות. מוגבלת,,,יח`,750,גרם,false,1,29.90,3.99,false,1,
7290113193406,false,טבעות קוקטייל זיתים 280  גר`בית השיטה,קבוצת אסם סחר שות. מוגבלת,,,יח`,280,גרם,false,1,12.90,4.61,false,1,
7290113194090,false,טבעות קלמטה 280  גר`בית השיטה,קבוצת אסם סחר שות. מוגבלת,,,יח`,280,גרם,false,1,10.90,3.89,false,1,
7290113195363,false,שמן חמניות מזוכך בית השיטה 1 ליטר,קבוצת אסם סחר שות. מוגבלת,,,יח`,1,גרם,false,1,13.90,1390,false,1,
7290113195967,false,שיבולת שועל 500 גרם פחית שקדיה,דין שיווק וקליה 2021 בעמ,,,יח`,500,גרם,false,1,9.90,1.98,false,1,
7290113196001,false,פסטה ספגטי שקדיה 500  גר`.,דין שיווק וקליה 2021 בעמ,,,יח`,500,גרם,false,1,3.90,0.78,true,1,
7290113196018,false,פסטה ביסלי שקדיה 500 גר`.,דין שיווק וקליה 2021 בעמ,,,יח`,500,גרם,false,1,3.90,0.78,true,1,
7290113196025,false,פסטה צינורות שקדיה 500  גר`.,דין שיווק וקליה 2021 בעמ,,,יח`,500,גרם,false,1,3.90,0.78,true,1,
7290113196032,false,פסטה צדפים שקדיה 500  גר`.,דין שיווק וקליה 2021 בעמ,,,יח`,500,גרם,false,1,3.90,0.78,true,1,
7290113196896,false,תרסיס שמן זית 170 מל שקדיה,דין שיווק וקליה 2021 בעמ,,,יח`,170,גרם,false,1,12.90,7.59,true,1,
7290113197824,false,לבבות דקל בית השיטה 220 גר,קבוצת אסם סחר שות. מוגבלת,,,יח`,220,גרם,false,1,10.90,4.95,false,1,
7290113197855,false,תירס גמדי בית השיטה 230 גר`,קבוצת אסם סחר שות. מוגבלת,,,יח`,230,גרם,false,1,10.90,4.74,false,1,
7290113197923,false,טונה בשמן קנולה בית השיטה רביעייה,קבוצת אסם סחר שות. מוגבלת,,,יח`,392,גרם,false,1,24.90,6.35,true,1,
7290113198562,false,סוכריות גומי בטעם תות שדה 200 גר`,דין שיווק וקליה 2021 בעמ,,,יח`,200,גרם,false,1,9.90,4.95,true,1,
7290113199408,false,פרכיות כוסמת דקות בתוספת מלח 95 גר`,דין שיווק וקליה 2021 בעמ,,,יח`,95,גרם,false,1,9.90,10.42,true,1,
7290113199705,false,מוזלי פירות יבשים 500 גר`,דין שיווק וקליה 2021 בעמ,,,יח`,500,גרם,false,1,12.90,2.58,false,1,
7290113199866,false,מגש אירוח אגוזים קלויים וחטיפי מלוחים,דין שיווק וקליה 2021 בעמ,,,יח`,450,גרם,false,1,34.90,7.76,true,1,
7290113302273,false,חטיף בונזו עם עצם קלציום עם עוף,שחורי אריה ואנסטסיה,,,יח`,1,,false,1,12.90,12.90,false,1,
7290113302297,false,חטיף אנרגיה בונזו עוף ותפוח,שחורי אריה ואנסטסיה,,,יח`,1,,false,1,12.90,12.90,false,1,
7290113319875,false,שקית בלונים -12קונפטרי  זהב וורדים 5 יח,שמחה זה אנחנו בעמ,,,יח`,1,,false,1,11.90,11.90,false,1,
7290113790704,false,תאורת חרום ניידת\נייחת 90SMD 3.7V 2.4Ah,קונסיגנציה-ד.ש.ש. אלקטרוניקה ב,,,יח`,1,,false,1,99,99,false,1,
7290113790711,false,תאורת חרום חרום נייחת\ניידת 60SMD 3.7V,קונסיגנציה-ד.ש.ש. אלקטרוניקה ב,,,יח`,1,,false,1,79,79,false,1,
7290113795105,false,תאורת חרום ניידת\נייחת 120SMD.4Ah סוללת,קונסיגנציה-ד.ש.ש. אלקטרוניקה ב,,,יח`,1,,false,1,149,149,false,1,
7290114310215,false,טרה שמנת מתוקה עמידה בקבוק 38% 250 מל,החב` המרכזית - טרה,,,יח`,250,גרם,false,1,6.47,2.59,false,1,
7290114310239,false,חלב נטול לקטוז  מעושר( 1.5  ליטר)בויטמין,החב` המרכזית - טרה,,,יח`,1.50,גרם,false,1,12.50,833.33,false,1,
7290114310338,false,צפתית מעודנת  (2255%  גר`)משק צוריאל,החב` המרכזית - טרה,,,יח`,255,גרם,false,1,19.10,7.49,false,1,
7290114310345,false,מעדן יוגרוט בטעם תות  (1.5% 125 גר`),החב` המרכזית - טרה,,,יח`,125,גרם,false,1,3,2.40,true,1,
7290114310536,false,יוגורט מולר אקטיב וניל חלבון 25 גר`,החב` המרכזית - טרה,,,יח`,200,גרם,false,1,6.20,3.10,true,1,
7290114310550,false,צוריאל פטה עיזים מעודנת 5% 200 גר,החב` המרכזית - טרה,,,יח`,200,גרם,false,1,24.10,12.05,false,1,
7290114310611,false,משקה חלב בננה בבקבוק 250 מל טרה,החב` המרכזית - טרה,,,יח`,250,גרם,false,1,5.20,2.08,false,1,
7290114310628,false,משקה חלב וניל עוגיות 1 ליטר,החב` המרכזית - טרה,,,יח`,1,1 ליטר,false,1,12.10,12.10,false,1,
7290114310895,false,מאגדת שמינייה מולר סיפלי מנגו ותות,החב` המרכזית - טרה,,,יח`,1,,false,1,31.40,31.40,false,1,
7290114310901,false,גבינה לבנה 5% 250  גר`פיקוח,החב` המרכזית - טרה,,,יח`,250,גרם,false,1,4.98,1.99,false,1,
7290114311014,false,אייס קפוצ`ינו פקק ספורט 250 מל טרה,החב` המרכזית - טרה,,,יח`,250,גרם,false,1,5.20,2.08,false,1,
7290114311021,false,משקה חלב וניל עוגיות 250 מל טרה,החב` המרכזית - טרה,,,יח`,250,גרם,false,1,5.20,2.08,false,1,
7290114311038,false,שמנת מתוקה 32% בבקבוק 250 מל טרה,החב` המרכזית - טרה,,,יח`,250,גרם,false,1,6.90,2.76,false,1,
7290114311069,false,יוגורט מולר אקטיב 0% לבן חלבון 25 גר,החב` המרכזית - טרה,,,יח`,200,גרם,false,1,6.20,3.10,true,1,
7290114311298,false,קציפת תות בננה מלון מולר פרופ 150 גר`,החב` המרכזית - טרה,,,יח`,150,גרם,false,1,5.30,3.53,false,1,
7290114311304,false,קציפת מנגו פסיפלורה בננה מולר פרופ 150 ג,החב` המרכזית - טרה,,,יח`,150,גרם,false,1,5.30,3.53,false,1,
7290114311328,false,חלב נטול לקטוז מועשר בוויטמין D טרה,החב` המרכזית - טרה,,,יח`,1,1 ליטר,false,1,7.50,7.50,false,1,
7290114311359,false,קציפת מנגו 3% שומן מולר פרופ 150 גר`,החב` המרכזית - טרה,,,יח`,150,גרם,false,1,5.30,3.53,false,1,
7290114311458,false,חלב קרטון 3% מועשר ויטמין די 1 ליטר,החב` המרכזית - טרה,,,יח`,1,1 ליטר,false,1,7.10,7.10,false,1,
7290114311496,false,חלב קרטון מועשר 1% שומן 1 ליטר,החב` המרכזית - טרה,,,יח`,1,1 ליטר,false,1,7.10,7.10,false,1,
7290114600927,false,עלי טורטיה חיטה מלאה 320  גר`מאסטר שף,ש.שסטוביץ בעמ,,,יח`,320,גרם,false,1,9.90,3.09,true,1,
7290114600941,false,מאסטר שף מיונז לחיץ 435 גר`,ש.שסטוביץ בעמ,,,יח`,435,גרם,false,1,14.90,3.43,true,1,
7290114600996,false,רוטב שום 250  גר`מאסטר שף,ש.שסטוביץ בעמ,,,יח`,250,גרם,false,1,9.90,3.96,false,1,
7290114603508,false,רוטב להקפצה 300  גר`מאסטר שף,ש.שסטוביץ בעמ,,,יח`,300,גרם,false,1,12.90,4.30,false,1,
7290114603539,false,קרוטונים למרק שום בצל 350  גר`מאסטר שף,ש.שסטוביץ בעמ,,,יח`,350,גרם,false,1,18.90,5.40,false,1,
7290114603607,false,פוף PLAY בטעם חמוץ מתוק 40 גר`,ש.שסטוביץ בעמ,,,יח`,40,גרם,false,1,3.90,9.75,true,1,
7290114604895,false,ממרח ספייסי לחיץ 446  גר`מאסטר שף,ש.שסטוביץ בעמ,,,יח`,446,גרם,false,1,14.90,3.34,true,1,
7290114604901,false,ממרח שום לחיץ 444  גר`מאסטר שף,ש.שסטוביץ בעמ,,,יח`,444,גרם,false,1,14.90,3.36,true,1,
7290114604963,false,מאסטר שף פירורי לחם מתובלים 230 גר,ש.שסטוביץ בעמ,,,יח`,230,גרם,false,1,6.90,3,false,1,
7290114605342,false,פירסט סמייל רפידות הנקה גודל M,ש.שסטוביץ בעמ,,,יח`,1,,false,1,29.90,29.90,false,1,
7290114606530,false,רוטב בטעם מיונז וקטשופ 515 גרם מאסטר שף,ש.שסטוביץ בעמ,,,יח`,515,גרם,false,1,14.90,2.89,true,1,
7290114606547,false,מיונז עם פטריות כמהין 242  גר`מאסטר שף,ש.שסטוביץ בעמ,,,יח`,242,גרם,false,1,14.90,6.16,true,1,
7290114606554,false,מיונז לייט לחיץ 470 גרם מאסטר שף,ש.שסטוביץ בעמ,,,יח`,470,גרם,false,1,14.90,3.17,true,1,
7290114606561,false,אטריות אורז דקות 400  גר`מנה מאסטר שף,ש.שסטוביץ בעמ,,,יח`,400,גרם,false,1,9.90,2.48,true,1,
7290114608640,false,קרוטונים לסלט כוסמין 260  גר`מאסטר שף,ש.שסטוביץ בעמ,,,יח`,260,גרם,false,1,18.90,7.27,false,1,
7290114823258,false,מילקה שוקולד חלב אימוג`י 100 גרם,דיפלומט היינץ,,,יח`,100,גרם,false,1,6.90,6.90,true,1,
7290115190007,false,מרלבורו רד פאקט) (10 חדש,פיליפ מוריס בעמ,,,יח`,1,,false,1,335,335,false,1,
7290115190014,false,מרלבורו רד חפיסה) (20,פיליפ מוריס בעמ,,,יח`,1,,false,1,38.50,38.50,true,1,
7290115190038,false,מרלבורו רד קצר סופט בודד,פיליפ מוריס בעמ,,,יח`,1,,false,1,35.50,35.50,true,1,
7290115190076,false,מרלבורו גולד 100 חפיסה) (20,פיליפ מוריס בעמ,,,יח`,1,,false,1,38.50,38.50,true,1,
7290115190083,false,מרלבורו גולד פאקט) (10 חדש,פיליפ מוריס בעמ,,,יח`,1,,false,1,335,335,false,1,
7290115190090,false,מרלבורו גולד חפיסה) (20,פיליפ מוריס בעמ,,,יח`,1,,false,1,38.50,38.50,true,1,
7290115190120,false,מרלבורו פיין  טאצ`פאקט) (10,פיליפ מוריס בעמ,,,יח`,1,,false,1,295,295,false,1,
7290115190137,false,מרלבורו גולדפין  טאצ`בודד,פיליפ מוריס בעמ,,,יח`,1,,false,1,33.50,33.50,true,1,
7290115190144,false,מרלבורו  טאצ`פאקט) (10,פיליפ מוריס בעמ,,,יח`,1,,false,1,295,295,false,1,
7290115190151,false,מרלבורו גולד  טאצ`בודד,פיליפ מוריס בעמ,,,יח`,1,,false,1,33.50,33.50,true,1,
7290115190175,false,פרלמנט סופר סלימס בודד,פיליפ מוריס בעמ,,,יח`,1,,false,1,43.50,43.50,true,1,
7290115190199,false,פרלמנט נייט ארוך חפיסה) (20,פיליפ מוריס בעמ,,,יח`,1,,false,1,43.50,43.50,true,1,
7290115190236,false,פרלמנט קצר בלו בודד,פיליפ מוריס בעמ,,,יח`,1,,false,1,43.50,43.50,true,1,
7290115190250,false,פרלמנט קצר בודד,פיליפ מוריס בעמ,,,יח`,1,,false,1,43.50,43.50,true,1,
7290115190335,false,ל.מ. בלו לייבל ארוך בודד,פיליפ מוריס בעמ,,,יח`,1,,false,1,33,33,true,1,
7290115190342,false,ל.מ בלו פאקט) (10 חדש,פיליפ מוריס בעמ,,,יח`,1,,false,1,295,295,false,1,
7290115190359,false,אל.אמ בלו לייבל קצר חפיסה) (20,פיליפ מוריס בעמ,,,יח`,1,,false,1,33,33,true,1,
7290115190366,false,ל.מ קפסולה פאקט) (10,פיליפ מוריס בעמ,,,יח`,1,,false,1,295,295,false,1,
7290115190373,false,ל.מ.פורוורד בודד,פיליפ מוריס בעמ,,,יח`,1,,false,1,33,33,true,1,
7290115190410,false,ל.מ סילבר לייבל בודד,פיליפ מוריס בעמ,,,יח`,1,,false,1,33,33,true,1,
7290115190434,false,אל.אמ וייב סלימס חפיסה) (20,פיליפ מוריס בעמ,,,יח`,1,,false,1,33,33,true,1,
7290115190441,false,נקסט  אדג`פאקט) (10,פיליפ מוריס בעמ,,,יח`,1,,false,1,255,255,true,1,
7290115190458,false,נקסט  אדג`בודד,פיליפ מוריס בעמ,,,יח`,1,,false,1,29.50,29.50,true,1,
7290115190472,false,נקסט  אדג`בודד,פיליפ מוריס בעמ,,,יח`,1,,false,1,29.50,29.50,true,1,
7290115190489,false,נקסט פיין 100 פאקט) (10,פיליפ מוריס בעמ,,,יח`,1,,false,1,285,285,true,1,
7290115190496,false,נקסט 100 חפיסה) (20,פיליפ מוריס בעמ,,,יח`,1,,false,1,32,32,true,1,
7290115190502,false,נקסט פיין פאקט) (10 חדש,פיליפ מוריס בעמ,,,יח`,1,,false,1,285,285,true,1,
7290115190519,false,נקסט לייט חפיסה) (20,פיליפ מוריס בעמ,,,יח`,1,,false,1,32,32,true,1,
7290115190526,false,נקסט ריסט ארוך פאקט) (10,פיליפ מוריס בעמ,,,יח`,1,,false,1,265,265,true,1,
7290115190533,false,נקסט ריסס 100 בודד,פיליפ מוריס בעמ,,,יח`,1,,false,1,29.50,29.50,true,1,
7290115190557,false,חפיסת סיגריות ריסס פילטר נקסט) (20,פיליפ מוריס בעמ,,,יח`,1,,false,1,29.50,29.50,true,1,
7290115190564,false,נקסט לילך פאקט) (10 חדש,פיליפ מוריס בעמ,,,יח`,1,,false,1,285,285,false,1,
7290115190571,false,נקסט לילך,פיליפ מוריס בעמ,,,יח`,1,,false,1,32,32,true,1,
7290115190595,false,נקסט FF בודד,פיליפ מוריס בעמ,,,יח`,1,,false,1,32,32,true,1,
7290115190618,false,טבק לגלגול מרלבורו רד,פיליפ מוריס בעמ,,,יח`,1,,false,1,69,69,false,1,
7290115190632,false,טבק לגלגול מרלבורו גולד,פיליפ מוריס בעמ,,,יח`,1,,false,1,69,69,false,1,
7290115190670,false,טבק לגלגול אוריג`ינל,פיליפ מוריס בעמ,,,יח`,1,,false,1,72,72,false,1,
7290115190892,false,מרלבורו פיוז`ן קפסולה בודד,פיליפ מוריס בעמ,,,יח`,1,,false,1,33,33,true,1,
7290115200003,false,פתי בר פינוקי וניל 200  גר`אסם,קבוצת אסם סחר שות. מוגבלת,,,יח`,220,גרם,false,1,10.90,4.95,true,1,
7290115200027,false,פתי בר פינוקי שוקו 200  גר`אסם,קבוצת אסם סחר שות. מוגבלת,,,יח`,220,גרם,false,1,10.90,4.95,true,1,
7290115200676,false,קרמוגית קרמל מלוח 200 גר` אסם,קבוצת אסם סחר שות. מוגבלת,,,יח`,200,גרם,false,1,11.90,5.95,true,1,
7290115200713,false,במבה קלאסי מארז אחיד 5*50  גר`אסם,קבוצת אסם סחר שות. מוגבלת,,,יח`,250,גרם,false,1,13.90,5.56,true,1,
7290115200881,false,בייגלה שטוחים שומשום במליחות מעודנת אסם,קבוצת אסם סחר שות. מוגבלת,,,יח`,300,גרם,false,1,9.90,3.30,true,1,
7290115201031,false,פתי בר דובי שוקולד 175  גר`אסם,קבוצת אסם סחר שות. מוגבלת,,,יח`,175,גרם,false,1,10.90,6.23,true,1,
7290115201475,false,לביבות כרישה 434 גר` טבעול גורמה,קבוצת אסם סחר שות. מוגבלת,,,יח`,434,גרם,false,1,34.90,8.04,true,1,
7290115201680,false,ביסלי חטיף בטעם ברביקין אסם (70 גרם),קבוצת אסם סחר שות. מוגבלת,,,יח`,70,גרם,false,1,3.90,5.57,true,1,
7290115201703,false,ביסלי חטיף בטעם ברביקין אסם (200 גרם),קבוצת אסם סחר שות. מוגבלת,,,יח`,200,גרם,false,1,7.90,3.95,true,1,
7290115201727,false,ביסלי חטיף בטעם בצל אסם (200 גרם),קבוצת אסם סחר שות. מוגבלת,,,יח`,200,גרם,false,1,7.90,3.95,true,1,
7290115201741,false,ביסלי חטיף בטעם בצל אסם (70 גרם),קבוצת אסם סחר שות. מוגבלת,,,יח`,70,גרם,false,1,3.90,5.57,true,1,
7290115202304,false,נודלס אטריות אורז רחבות 300  גר`אסם,קבוצת אסם סחר שות. מוגבלת,,,יח`,300,גרם,false,1,9.90,3.30,false,1,
7290115202434,false,חומוס עם זעתר 375  גר`צבר,קבוצת אסם סחר שות. מוגבלת,,,יח`,375,גרם,false,1,12,3.20,false,1,
7290115202762,false,מיני ניוקי טריקולור 500 גרם פרפקטו אסם,קבוצת אסם סחר שות. מוגבלת,,,יח`,500,גרם,false,1,8.90,1.78,false,1,
7290115202786,false,מנה חמה  פאוצ`נודלס אטריות בקר,קבוצת אסם סחר שות. מוגבלת,,,יח`,70,גרם,false,1,3.90,5.57,false,1,
7290115202816,false,מנה חמה  פאוצ`נודלס אטריות טעם עוף,קבוצת אסם סחר שות. מוגבלת,,,יח`,70,גרם,false,1,3.90,5.57,false,1,
7290115202847,false,מנה חמה  פאוצ`נודלס ספייסי,קבוצת אסם סחר שות. מוגבלת,,,יח`,70,גרם,false,1,3.90,5.57,false,1,
7290115202939,false,רייס מנה חמה נודלס עוף פטריות 50 גר`,קבוצת אסם סחר שות. מוגבלת,,,יח`,50,גרם,false,1,7.90,15.80,true,1,
7290115203134,false,חטיף פופקו פופקורן במבה אסם (80 גרם),קבוצת אסם סחר שות. מוגבלת,,,יח`,80,גרם,false,1,5.50,6.88,true,1,
7290115203172,false,במבה פרו 80 גר`,קבוצת אסם סחר שות. מוגבלת,,,יח`,80,גרם,false,1,4.30,5.38,true,1,
7290115203295,false,פסטה ריציאולי 500 גרם פרפקטו אסם,קבוצת אסם סחר שות. מוגבלת,,,יח`,500,גרם,false,1,8.90,1.78,false,1,
7290115203486,false,פירורית טעם ביסלי גריל אסם (200 גרם),קבוצת אסם סחר שות. מוגבלת,,,יח`,200,גרם,false,1,6.90,3.45,false,1,
7290115204056,false,קטשופ 56% פחות סוכר 690 גרם אסם,קבוצת אסם סחר שות. מוגבלת,,,יח`,690,גרם,false,1,11.90,1.72,false,1,
7290115204100,false,בגט אותנטיק כפרי 240 גר`,קבוצת אסם סחר שות. מוגבלת,,,יח`,1,,false,1,6.90,6.90,false,1,
7290115204186,false,צבר פסטו 190 גר`,קבוצת אסם סחר שות. מוגבלת,,,יח`,190,גרם,false,1,16.90,8.89,true,1,
7290115204957,false,קרקר לחמית איטלקית אסם (190 גרם),קבוצת אסם סחר שות. מוגבלת,,,יח`,190,גרם,false,1,10.90,5.74,true,1,
7290115205176,false,חטיפי קרקר כפרי 140 גר` פיטנס,קבוצת אסם סחר שות. מוגבלת,,,יח`,140,גרם,false,1,11.90,8.50,true,1,
7290115205251,false,פיטנס בר פריכיות קרמל מלוח 84 גרם,קבוצת אסם סחר שות. מוגבלת,,,יח`,84,גרם,false,1,14.90,17.74,true,1,
7290115205312,false,חטיפי קרקר זיתים 140 גר` thin deli פיטנס,קבוצת אסם סחר שות. מוגבלת,,,יח`,140,גרם,false,1,11.90,8.50,true,1,
7290115205527,false,חטיף מולטיגריין עם  עדשים( 25  גר`)פיטנס,קבוצת אסם סחר שות. מוגבלת,,,יח`,25,גרם,false,1,5,20,true,1,
7290115205541,false,חטיף מולטיגריין עם  חומוס( 25  גר`)פיטנס,קבוצת אסם סחר שות. מוגבלת,,,יח`,25,גרם,false,1,5,20,true,1,
7290115205633,false,סנסשיונל נקניקניות 350 גר` טבעול,קבוצת אסם סחר שות. מוגבלת,,,יח`,350,גרם,false,1,29.90,8.54,true,1,
7290115205695,false,בצק לפיצה מצונן 460  גר`בונז`ור,קבוצת אסם סחר שות. מוגבלת,,,יח`,460,גרם,false,1,18.90,4.11,true,1,
7290115205978,false,פתי בר אצבעות שוקולד 180  גר`אסם,קבוצת אסם סחר שות. מוגבלת,,,יח`,180,גרם,false,1,11.90,6.61,true,1,
7290115206173,false,פתי בר קרמל 500 גרם אסם,קבוצת אסם סחר שות. מוגבלת,,,יח`,500,גרם,false,1,10.90,2.18,false,1,
7290115206852,false,ביסלי חטיף בטעם צ`יזי סטיקס 70 גר`,קבוצת אסם סחר שות. מוגבלת,,,יח`,70,גרם,false,1,3.90,5.57,true,1,
7290115206890,false,ביסלי חטיף בטעם המבורגר אסם (70 גרם),קבוצת אסם סחר שות. מוגבלת,,,יח`,70,גרם,false,1,3.90,5.57,true,1,
7290115207361,false,פתי בר פיסטוק 500 גרם אסם,קבוצת אסם סחר שות. מוגבלת,,,יח`,500,גרם,false,1,10.90,2.18,false,1,
7290115207484,false,צבר חציל על האש 400 גר`,קבוצת אסם סחר שות. מוגבלת,,,יח`,400,גרם,false,1,15.90,3.98,false,1,
7290115207620,false,רוטב סויה קלאסי אסם (290 מל),קבוצת אסם סחר שות. מוגבלת,,,יח`,290,גרם,false,1,17.90,6.17,true,1,
7290115207682,false,רוטב סויה בסגנון סיני אסם (290 מל),קבוצת אסם סחר שות. מוגבלת,,,יח`,290,גרם,false,1,11.90,4.10,true,1,
7290115207941,false,ויטמינצ`יק אננס 1 ליטר,קבוצת אסם סחר שות. מוגבלת,,,יח`,1000,גרם,false,1,19.90,1.99,false,1,
7290115207965,false,ויטמינציק מנגו אפרסק 1 ליטר,קבוצת אסם סחר שות. מוגבלת,,,יח`,1000,גרם,false,1,19.90,1.99,false,1,
7290115207989,false,ויטמינצ`יק לימון 1 ליטר,קבוצת אסם סחר שות. מוגבלת,,,יח`,1000,גרם,false,1,19.90,1.99,false,1,
7290115208009,false,ויטמינצ`יק ענבים 1 ליטר,קבוצת אסם סחר שות. מוגבלת,,,יח`,1000,גרם,false,1,19.90,1.99,false,1,
7290115208047,false,סירופ פטל ויטמינצ`יק (1 ליטר),קבוצת אסם סחר שות. מוגבלת,,,יח`,1000,גרם,false,1,19.90,1.99,false,1,
7290115208061,false,ויטמינצ`יק תפוח 1 ליטר,קבוצת אסם סחר שות. מוגבלת,,,יח`,1000,גרם,false,1,19.90,1.99,false,1,
7290115208320,false,אפרופו טעם ביסלי בצלאסם (50 גרם),קבוצת אסם סחר שות. מוגבלת,,,יח`,50,גרם,false,1,5,10,true,1,
7290115208344,false,בייגלה כפיות שמנת בצל אסם (300 גרם),קבוצת אסם סחר שות. מוגבלת,,,יח`,300,גרם,false,1,9.90,3.30,true,1,
7290115208597,false,קרמוגית מיניס קרמל מלוח 200 גר` אסם,קבוצת אסם סחר שות. מוגבלת,,,יח`,200,גרם,false,1,11.90,5.95,true,1,
7290115208801,false,קרקר לחמית דבש ואגוזים אסם (190 גרם),קבוצת אסם סחר שות. מוגבלת,,,יח`,190,גרם,false,1,10.90,5.74,true,1,
7290115209198,false,במבה אורירית 80 גר` אסם,קבוצת אסם סחר שות. מוגבלת,,,יח`,80,גרם,false,1,4.30,5.38,true,1,
7290115209235,false,ביסקוויט פתי בר קפה אסם (500 גרם),קבוצת אסם סחר שות. מוגבלת,,,יח`,500,גרם,false,1,11.90,2.38,false,1,
7290115209358,false,במבה במילוי בראוניז אסם (60 גרם),קבוצת אסם סחר שות. מוגבלת,,,יח`,60,גרם,false,1,4.30,7.17,true,1,
7290115209372,false,במבה במילוי בראוניז 150  גר`אסם,קבוצת אסם סחר שות. מוגבלת,,,יח`,150,גרם,false,1,9.90,6.60,false,1,
7290115403299,false,עוגיות פרפריות 450 גר`,שיבולים יצור ושיווק מוצרי מאפה,,,יח`,450,גרם,false,1,14.90,3.31,false,1,
7290115403312,false,עוגיות מלוחות קריספי עגול 450 גר`,שיבולים יצור ושיווק מוצרי מאפה,,,יח`,450,גרם,false,1,14.90,3.31,false,1,
7290115403350,false,עוגיות רשת שוקו מסוכרות 450 גר,שיבולים יצור ושיווק מוצרי מאפה,,,יח`,450,גרם,false,1,14.90,3.31,false,1,
7290115403367,false,עוגיותקוואקר פריכות 500 גר,שיבולים יצור ושיווק מוצרי מאפה,,,יח`,500,גרם,false,1,14.90,2.98,false,1,
7290115403381,false,עוגיות פיצפוצים לבן 500 גר`,שיבולים יצור ושיווק מוצרי מאפה,,,יח`,500,גרם,false,1,14.90,2.98,false,1,
7290115403404,false,עוגיות פרפריות שוקו 450 גר`,שיבולים יצור ושיווק מוצרי מאפה,,,יח`,450,גרם,false,1,14.90,3.31,false,1,
7290115403411,false,עוגיות עינוגים בטעם קרם אגוזים 500 גר`,שיבולים יצור ושיווק מוצרי מאפה,,,יח`,500,גרם,false,1,14.90,2.98,false,1,
7290115403442,false,עוגיות ממולאות טעם שוקולד 500 גר`,שיבולים יצור ושיווק מוצרי מאפה,,,יח`,500,גרם,false,1,14.90,2.98,false,1,
7290115403473,false,עוגיות עינוגי שוקולד 500 גר`,שיבולים יצור ושיווק מוצרי מאפה,,,יח`,500,גרם,false,1,14.90,2.98,false,1,
7290115403480,false,עוגיות בסגנון מרוקאי מיני 500 גר`,שיבולים יצור ושיווק מוצרי מאפה,,,יח`,500,גרם,false,1,14.90,2.98,false,1,
7290115403503,false,עוגיות פרסה תמרים 500 גר`,שיבולים יצור ושיווק מוצרי מאפה,,,יח`,500,גרם,false,1,14.90,2.98,false,1,
7290115403510,false,עוגיות מגולגלות תמרים 500 גר`,שיבולים יצור ושיווק מוצרי מאפה,,,יח`,500,גרם,false,1,14.90,2.98,false,1,
7290115403527,false,עוגיות עינוגי תמרים 500 גר`,שיבולים יצור ושיווק מוצרי מאפה,,,יח`,500,גרם,false,1,14.90,2.98,false,1,
7290115403565,false,עוגיות קיפל וניל 500 גר`,שיבולים יצור ושיווק מוצרי מאפה,,,יח`,500,גרם,false,1,14.90,2.98,false,1,
7290115405774,false,פחזניות ממולאות בטעם וניל 180 גר`,קפולסקי אדל בעמ,,,יח`,180,גרם,false,1,14.90,8.28,false,1,
7290115405804,false,פחזניות ממולאות בטעם תות 180 גר`,קפולסקי אדל בעמ,,,יח`,180,גרם,false,1,14.90,8.28,false,1,
7290115670707,false,אנרג`י גרנולה שוקולד ואגוזים 400 גרם,שטראוס גרופ בעמ,,,יח`,400,גרם,false,1,12.90,3.23,false,1,
7290115671155,false,סוכריות שלישיית fresh ענבים ללס מאסט,שטראוס גרופ בעמ,,,יח`,45,גרם,false,1,8.90,19.78,false,1,
7290115671223,false,מסטיק מאסט פאן אבטיח מנגו (58 גרם),שטראוס גרופ בעמ,,,יח`,1,,false,1,9.90,9.90,true,1,
7290115671308,false,מסטיק מאסט פאן תות דובדבן (58 גרם),שטראוס גרופ בעמ,,,יח`,1,,false,1,9.90,9.90,true,1,
7290115671339,false,מיני פינוקיות בראוניז בייגל בוטן 180 גר`,שטראוס גרופ בעמ,,,יח`,180,גרם,false,1,10.90,6.06,true,1,
7290115671353,false,מיני פינוקיות שחור לבן 180 גר`,שטראוס גרופ בעמ,,,יח`,180,גרם,false,1,10.90,6.06,true,1,
7290115675696,false,קוואקר דגני בוקר קרנצי`ם ואגוזים 375 גרם,שטראוס פריטו ליי בעמ,,,יח`,375,גרם,false,1,19.90,5.31,true,1,
7290115675702,false,קוואקר דגני בוקר קרנצי`ם ופירות 375 גרם,שטראוס פריטו ליי בעמ,,,יח`,375,גרם,false,1,19.90,5.31,true,1,
7290115675719,false,קוואקר דגני בוקר קראנצי`ם ושוקולד 375 גר,שטראוס פריטו ליי בעמ,,,יח`,375,גרם,false,1,19.90,5.31,true,1,
7290115676037,false,משקה דנונה ריפרש תות דומדמניות,שטראוס גרופ בעמ/מצונן,,,יח`,250,גרם,false,1,5.50,2.20,false,1,
7290115677089,false,קונפיטורת תפוח וקינמון יד מרדכי 340 גר`,שטראוס גרופ בעמ,,,יח`,340,גרם,false,1,11.90,3.50,false,1,
7290115678222,false,מארז דנונה יווני שמינייה 6.5%,שטראוס גרופ בעמ/מצונן,,,יח`,1000,גרם,false,1,24.90,2.49,false,1,
7290115678376,false,מעדן הגולן שוקולד 125 גרם,שטראוס גרופ בעמ/מצונן,,,יח`,1,,false,1,2.90,2.90,true,1,
7290115678383,false,מעדן הגולן שוקולד מריר 125 גרם,שטראוס גרופ בעמ/מצונן,,,יח`,1,,false,1,2.90,2.90,true,1,
7290116530000,false,דאב תרחיץ פנים מלפפון ותה ירוק (180 מל),יוניליוור ישראל שיווק בעמ,,,יח`,180,גרם,false,1,17.90,9.94,true,1,
7290116530871,false,נשנושים מיקס 240 גר`,יוניליוור ישראל שיווק בעמ,,,יח`,240,גרם,false,1,12.90,5.38,true,1,
7290116530895,false,בדין תרסיס למייבש כביסה ניחוח פינוק,יוניליוור ישראל שיווק בעמ,,,יח`,500,גרם,false,1,19.90,3.98,true,1,
7290116531045,false,דליפקאן ללא גלוטן כשלפ,יוניליוור ישראל שיווק בעמ,,,יח`,350,גרם,false,1,19.90,5.69,false,1,
7290116531083,false,ברנפלקס תלמה שקדים ודבש 400 גר`,יוניליוור ישראל שיווק בעמ,,,יח`,400,גרם,false,1,22.90,5.73,true,1,
7290116531311,false,קליק בארים OK בלאק שוקולד לבן 35 גר`,יוניליוור ישראל שיווק בעמ,,,יח`,35,גרם,false,1,4.90,14,true,1,
7290116531496,false,קינמונים דגנים פריכים מצופים קינמון 375,יוניליוור ישראל שיווק בעמ,,,יח`,375,גרם,false,1,21.90,5.84,true,1,
7290116531656,false,מרכך פינוק לשיער בניחוח תפוח (700 מל),יוניליוור ישראל שיווק בעמ,,,יח`,700,גרם,false,1,12.90,1.84,true,1,
7290116531793,false,הלמנס רוטב לסלט קיסר 295 גר`,יוניליוור ישראל שיווק בעמ,,,יח`,295,גרם,false,1,12.90,4.37,true,1,
7290116531830,false,כריות קינמון 686  גר`תלמה,יוניליוור ישראל שיווק בעמ,,,יח`,686,גרם,false,1,29.90,4.36,true,1,
7290116532240,false,קליק XL שוקולד חלב עוגיות ודגנים 85 גר`,יוניליוור ישראל שיווק בעמ,,,יח`,85,גרם,false,1,5.90,6.94,true,1,
7290116532585,false,ברנפלקס קרנצ`ים דבש וקינמון 375 גר`,יוניליוור ישראל שיווק בעמ,,,יח`,375,גרם,false,1,22.90,6.11,true,1,
7290116532721,false,רוטב לסלט לימון וזעתר 295 גרם,יוניליוור ישראל שיווק בעמ,,,יח`,295,גרם,false,1,12.90,4.37,false,1,
7290116532868,false,שמפו אל דמע בייבי 900 מל פינוק,יוניליוור ישראל שיווק בעמ,,,יח`,900,גרם,false,1,19.90,2.21,true,1,
7290116532875,false,אל סבון בייבי 900 מל פינוק,יוניליוור ישראל שיווק בעמ,,,יח`,900,גרם,false,1,19.90,2.21,true,1,
7290116532882,false,נישנושים איירביס טעם בצל 155 גר`,יוניליוור ישראל שיווק בעמ,,,יח`,155,גרם,false,1,12.90,8.32,false,1,
7290116532899,false,נישנושים איירביס טעם פלאפל 155 גר`,יוניליוור ישראל שיווק בעמ,,,יח`,155,גרם,false,1,12.90,8.32,false,1,
7290116532905,false,נישנושים איירביס טעם ברביקיו 155 גר`,יוניליוור ישראל שיווק בעמ,,,יח`,155,גרם,false,1,12.90,8.32,false,1,
7290116533063,false,שוגי בטעם קרטיב ענבים 400  גר`תלמה,יוניליוור ישראל שיווק בעמ,,,יח`,400,גרם,false,1,21.90,5.48,true,1,
7290116533100,false,מרכך לשיער בניחוח ורדים לבנים (700 מל),יוניליוור ישראל שיווק בעמ,,,יח`,700,גרם,false,1,12.90,1.84,true,1,
7290116930015,false,חטיף חלבון GO קרמל בוטנים קריספי 20 גר`,שקד תבל בעמ,,,יח`,1,,false,1,11.90,11.90,true,1,
7290116930244,false,מארז יוגורט תנובה 1.5% 8*150 גר`,תנובה - חלב,,,יח`,1200,גרם,false,1,16.50,1.38,false,1,
7290116930282,false,ארוחה בקטנה לאבנה עם קרקרים 150 גר`,תנובה - חלב,,,יח`,150,גרם,false,1,7.90,5.27,false,1,
7290116930435,false,יוגורט גו סמיך דובדבן 0% שומן 200 גרם,תנובה - חלב,,,יח`,200,גרם,false,1,5.70,2.85,false,1,
7290116930459,false,יופלה שייק בננה אננס וקוקוס 230 מל,תנובה - חלב,,,יח`,230,גרם,false,1,7.90,3.43,true,1,
7290116930466,false,יופלה שייק בננה פסיפלורה והל 230 מל,תנובה - חלב,,,יח`,230,גרם,false,1,7.90,3.43,true,1,
7290116930626,false,ארוחה בקטנה צזיקי עם קרקרים 150 גר`,תנובה - חלב,,,יח`,150,גרם,false,1,7.90,5.27,false,1,
7290116930701,false,מעדן חלב גו בטעם קרמל מלוח 120 גר`,תנובה - חלב,,,יח`,120,גרם,false,1,4.90,4.08,false,1,
7290116930725,false,סויה BIO קוקוס גביע 150 גרם Alternative,תנובה - חלב,,,יח`,150,גרם,false,1,4.50,3,false,1,
7290116930954,false,יוגורט ביו 3% פאי תפוחים (150גרם),תנובה - חלב,,,יח`,150,גרם,false,1,4.90,3.27,false,1,
7290116931081,false,מעדן סויה בטעם טופי קרמל 125 גר`,תנובה - חלב,,,יח`,125,גרם,false,1,4.20,3.36,false,1,
7290116931104,false,יוגורט גו סמיך אננס 0% שומן 200 גרם,תנובה - חלב,,,יח`,200,גרם,false,1,5.70,2.85,false,1,
7290116931241,false,גבינת קוטג% `12תנובה (250 גרם),תנובה - חלב,,,יח`,250,גרם,false,1,5.80,2.32,false,1,
7290117260494,false,ניוקי תפוא 3 צבעים מצונן 500 גר ויליפוד,ג.וילי-פוד אינטרנשיונל **גבינו,,,יח`,500,גרם,false,1,9.90,1.98,false,1,
7290117260500,false,מיני ניוקי תפוא מצונן 500 גר ויליפוד,ג.וילי-פוד אינטרנשיונל **גבינו,,,יח`,500,גרם,false,1,9.90,1.98,false,1,
7290117260562,false,חמאה בגביע יורו 225 גר`,ג.וילי-פוד אינטרנשיונל **גבינו,,,יח`,250,גרם,false,1,16.90,6.76,false,1,
7290117260890,false,פופקורן בטעם קוקוס 90 גר`,ג.וילי-פוד אינטרנשיונל בעמ,,,יח`,90,גרם,false,1,5.90,6.56,true,1,
7290117260920,false,קרקרים ללא גלוטן 125 גר`,ג.וילי-פוד אינטרנשיונל בעמ,,,יח`,125,גרם,false,1,9.90,7.92,true,1,
7290117260944,false,מיני גריסיני עם שמן זית ללא גלוטן 125 גר,ג.וילי-פוד אינטרנשיונל בעמ,,,יח`,125,גרם,false,1,9.90,7.92,true,1,
7290117261040,false,זיתים שחורים מרינד 454 גר`,ג.וילי-פוד אינטרנשיונל בעמ,,,יח`,454,גרם,false,1,14.90,3.28,false,1,
7290117261088,false,בוראטה גבינת מוצרלה רכה 18% שומן 125 גר`,ג.וילי-פוד אינטרנשיונל **גבינו,,,יח`,125,גרם,false,1,19.90,15.92,false,1,
7290117261354,false,גבינת ריקוטה 5% 200 גר`,ג.וילי-פוד אינטרנשיונל **גבינו,,,יח`,200,גרם,false,1,9.90,4.95,true,1,
7290117261378,false,גבינת קשקבל לייט 250  גר`8% שומן,ג.וילי-פוד אינטרנשיונל **גבינו,,,יח`,250,גרם,false,1,14.90,5.96,true,1,
7290117261422,false,יוגורט פרוביוטי עם תות שדה 2% 125 גר`,ג.וילי-פוד אינטרנשיונל **גבינו,,,יח`,125,גרם,false,1,2.90,2.32,false,1,
7290117261439,false,יוגורט פרוביוטי עם פירות יער 2% 125גרם,ג.וילי-פוד אינטרנשיונל **גבינו,,,יח`,125,גרם,false,1,2.90,2.32,false,1,
7290117261446,false,יוגורט פרוביוטי עם אפרסק ומשמש 2% 125 ג,ג.וילי-פוד אינטרנשיונל **גבינו,,,יח`,125,גרם,false,1,2.90,2.32,false,1,
7290117261521,false,סלמון אטלנטי בשמן קנולה 120 גר`,ג.וילי-פוד אינטרנשיונל בעמ,,,יח`,120,גרם,false,1,11.90,9.92,true,1,
7290117261569,false,סלמון אטלנטי מעושן בשמן קנולה 120 גר`,ג.וילי-פוד אינטרנשיונל בעמ,,,יח`,120,גרם,false,1,11.90,9.92,true,1,
7290117261583,false,סרדינים בריסלינג מעושנים בשמן קנולה(צנצ,ג.וילי-פוד אינטרנשיונל בעמ,,,יח`,185,גרם,false,1,13.90,7.51,false,1,
7290117261705,false,חמאת עיזים 200 גר`,ג.וילי-פוד אינטרנשיונל **גבינו,,,יח`,200,גרם,false,1,12.90,6.45,false,1,
7290117261712,false,מלבי euro,ג.וילי-פוד אינטרנשיונל **גבינו,,,יח`,1,,false,1,4.90,4.90,false,1,
7290117261767,false,דבש פרחים 900  גר`צנצנת וילי פוד,ג.וילי-פוד אינטרנשיונל בעמ,,,יח`,900,גרם,false,1,19.90,2.21,false,1,
7290117261774,false,כדורי גבינת בייבי מוצרלה 14% שומן 150 גר,ג.וילי-פוד אינטרנשיונל **גבינו,,,יח`,150,גרם,false,1,14.90,9.93,false,1,
7290117262290,false,פרלינים אגוזים במילוי פצפוצי דגנים מצופי,ג.וילי-פוד אינטרנשיונל בעמ,,,יח`,1,,false,1,4.90,4.90,true,1,
7290117262306,false,קורנפלקס מצופה שוקולד 50 גר`,ג.וילי-פוד אינטרנשיונל בעמ,,,יח`,1,,false,1,4.90,4.90,true,1,
7290117262313,false,פצפוצי דגנים פריכים מצופים שוקולד 50 גר`,ג.וילי-פוד אינטרנשיונל בעמ,,,יח`,1,,false,1,4.90,4.90,true,1,
7290117262320,false,ביסקוויט מצופה שוקולד 50 גר`,ג.וילי-פוד אינטרנשיונל בעמ,,,יח`,1,,false,1,4.90,4.90,true,1,
7290117262580,false,מאפה דונאטס בציפוי טעם שוקולד וסוכריות 5,ג.וילי-פוד אינטרנשיונל **גבינו,,,יח`,1,,false,1,4.90,4.90,false,1,
7290117262931,false,קינוח בטעם מנגו 85 גר`,ג.וילי-פוד אינטרנשיונל **גבינו,,,יח`,1,,false,1,9.90,9.90,false,1,
7290117262948,false,קינוח בטעם טירמסו 85 גר`,ג.וילי-פוד אינטרנשיונל **גבינו,,,יח`,1,,false,1,9.90,9.90,false,1,
7290117262955,false,קינוח בטעם שוקולד בלגי 85 גר`,ג.וילי-פוד אינטרנשיונל **גבינו,,,יח`,1,,false,1,9.90,9.90,false,1,
7290117262962,false,קינוח בטעם שוקולד קרמל 85 גר`,ג.וילי-פוד אינטרנשיונל **גבינו,,,יח`,1,,false,1,9.90,9.90,false,1,
7290117262979,false,קינוח בטעם שוקולד ופירות יער 85 גר`,ג.וילי-פוד אינטרנשיונל **גבינו,,,יח`,1,,false,1,9.90,9.90,false,1,
7290117380208,false,פוף קראנצ בטעם חמוץ חריף 60 גר`,ש.שסטוביץ בעמ,,,יח`,60,גרם,false,1,3.90,6.50,true,1,
7290117380215,false,פוף קראנצ בטעם טאקו 60 גר`,ש.שסטוביץ בעמ,,,יח`,60,גרם,false,1,3.90,6.50,true,1,
7290117381229,false,פוף פרכיות מצופות שוקולד חלב 70 גר`,ש.שסטוביץ בעמ,,,יח`,70,גרם,false,1,7.90,11.29,true,1,
7290117382264,false,קולגייט משחת שיניים טוטאל פחם זוג,ש.שסטוביץ בעמ,,,יח`,150,גרם,false,1,29.90,19.93,false,1,
7290117382325,false,סלים דליס פרו 33 חטיף חלבון מצופה שוקולד,ש.שסטוביץ בעמ,,,יח`,60,גרם,false,1,11.90,19.83,true,1,
7290117383711,false,פלמוליב תחליב רחצה חלב ודבש 750מל זוג,ש.שסטוביץ בעמ,,,יח`,1500,גרם,false,1,29.90,1.99,false,1,
7290117383735,false,פלמוליב תחליב רחצה חימר ורדים 750מל זוג,ש.שסטוביץ בעמ,,,יח`,1500,גרם,false,1,29.90,1.99,false,1,
7290117383742,false,פלמוליב תחליב רחצה לגבר 750מל זוג,ש.שסטוביץ בעמ,,,יח`,1500,גרם,false,1,29.90,1.99,false,1,
7290117823798,false,ערכת אנטיגן מארז 5 יח`,שמחה זה אנחנו בעמ,,,יח`,1,,false,1,35,35,false,1,
7290117860090,false,הוואי מרכך מטפח לשיער רגיל 700 מל,הנקל סוד בעמ,,,יח`,700,גרם,false,1,14.90,2.13,true,1,
7290117860144,false,הוואי שמפו למניעת קשקשים 700 מל,הנקל סוד בעמ,,,יח`,700,גרם,false,1,14.90,2.13,true,1,
7290117860182,false,הוואי תחליב רחצה בניחוחמגנוליה ושמן שקדי,הנקל סוד בעמ,,,יח`,700,גרם,false,1,14.90,2.13,true,1,
7290117860199,false,הוואי שמפו מעניק לחות לשיער יבש 700 מל,הנקל סוד בעמ,,,יח`,700,גרם,false,1,14.90,2.13,true,1,
7290117860243,false,הוואי מרכך מעניק לחות לשיער יבש 700 מל,הנקל סוד בעמ,,,יח`,700,גרם,false,1,14.90,2.13,true,1,
7290117860298,false,הוואי שמפו קרטין מחזק 700 מל,הנקל סוד בעמ,,,יח`,700,גרם,false,1,14.90,2.13,true,1,
7290117860342,false,הוואי מרכך קרטין מחזק 700 מל,הנקל סוד בעמ,,,יח`,700,גרם,false,1,14.90,2.13,true,1,
7290117860397,false,הוואי שמפו פריחת הדובדבן 700 מל,הנקל סוד בעמ,,,יח`,700,גרם,false,1,14.90,2.13,true,1,
7290117860748,false,הוואי שמפו מעניק נפח 700 מל,הנקל סוד בעמ,,,יח`,700,גרם,false,1,14.90,2.13,true,1,
7290117860847,false,הוואי שמפו 4ב1 לגבר רעננות קרירה 700 מל,הנקל סוד בעמ,,,יח`,700,גרם,false,1,14.90,2.13,true,1,
7290117860892,false,הוואיתחליב רחצה יוגורט ניחוח וניל ודבש 7,הנקל סוד בעמ,,,יח`,700,גרם,false,1,14.90,2.13,true,1,
7290117860946,false,הוואי תחליב רחצה יוגורט ניחוח קוקוס 700,הנקל סוד בעמ,,,יח`,700,גרם,false,1,14.90,2.13,true,1,
7290117860991,false,הוואי תחליב רחצה יוגורט בניחוח שקדים 700,הנקל סוד בעמ,,,יח`,700,גרם,false,1,14.90,2.13,true,1,
7290117900932,false,גרעיני אבטיח קלויים 130 גר,דין שיווק וקליה 2021 בעמ,,,יח`,130,גרם,false,1,10,7.69,false,1,
7290117900987,false,אגוז פקאן קלוף 140 גר ששון הקולה,דין שיווק וקליה 2021 בעמ,,,יח`,140,גרם,false,1,15,10.71,false,1,
7290117900994,false,פקאן סיני מסוכר 140 גר ששון הקולה,דין שיווק וקליה 2021 בעמ,,,יח`,140,גרם,false,1,15,10.71,false,1,
7290117901168,false,מיקס אגוזים וחמוציות 250  גר`שקדיה,דין שיווק וקליה 2021 בעמ,,,יח`,250,גרם,false,1,20,8,false,1,
7290117901182,false,בוטן קליפה קלוי 350  גר`שקדיה,דין שיווק וקליה 2021 בעמ,,,יח`,350,גרם,false,1,10,2.86,false,1,
7290118392194,false,סופגניה אריאל עם ריבה,מאפיית אריאל בעמ,,,יח`,1,,false,1,2.90,2.90,true,1,
7290118392200,false,סופגניה אריאל ללא ריבה,מאפיית אריאל בעמ,,,יח`,1,,false,1,2.90,2.90,true,1,
7290118420071,false,במבה ביסלי ברבקיו מיקס 80 גר`,קבוצת אסם סחר שות. מוגבלת,,,יח`,80,גרם,false,1,4.30,5.38,true,1,
7290118420477,false,בייגלה שטוחים טעם ביסלי בצל אסם (300 גרם,קבוצת אסם סחר שות. מוגבלת,,,יח`,300,גרם,false,1,9.90,3.30,false,1,
7290118420514,false,פודינג בטעם נוגט 75  גר`אסם,קבוצת אסם סחר שות. מוגבלת,,,יח`,1,,false,1,5.90,5.90,false,1,
7290485626885,false,משקל אדם DARNA MTR-BY200,קונסיגנציה-ד.ש.ש. אלקטרוניקה ב,,,יח`,1,,false,1,49,49,false,1,
7290485627608,false,טוסטר אובן חכם AF-250,קונסיגנציה-ד.ש.ש. אלקטרוניקה ב,,,יח`,1,,false,1,699,699,false,1,
7290900010367,false,טורטיה 360 גר AVEL,אבאל יזמות בעמ,,,יח`,360,גרם,false,1,8.90,2.47,true,1,
7296049012798,false,לקיטשן קומקום חשמלי נירוסטה,אוהב ציון בעמ (מבצעים),,,יח`,1,,false,1,79.90,79.90,false,1,
7296049012811,false,לקיטשן קומקום חשמלי נירוסטה,אוהב ציון בעמ (מבצעים),,,יח`,1,,false,1,79.90,79.90,false,1,
7296049211597,false,בוס בלנדר מקל BOSS 250W,אוהב ציון בעמ (מבצעים),,,יח`,1,,false,1,79.90,79.90,false,1,
7296049258707,false,דן פעמון לעוגה,אוהב ציון בעמ (מבצעים),,,יח`,1,,false,1,19.90,19.90,false,1,
7296049258967,false,דן זוג תבניות לקוביות קרח,אוהב ציון בעמ (מבצעים),,,יח`,1,,false,1,9.90,9.90,false,1,
7297488098152,false,קמח חומוס ללא גלוטן דגש 500 גרם,נטורפוד בעמ,,,יח`,500,גרם,false,1,14.80,2.96,false,1,
7394376615825,false,משקה שיבולת שועל מועשר בסידן ווטימינים 1,ש.שסטוביץ בעמ,,,יח`,1,1 ליטר,false,1,13.90,13.90,false,1,
7501013122039,false,נקטר מנגו קרטונית ליטר גו`מקס,טמפו משקאות בעמ,,,יח`,1000,1 ליטר,false,1,9.60,0.01,false,1,
7501013122053,false,נקטר אפרסק קרטונית ליטר גומקס,טמפו משקאות בעמ,,,יח`,1,1 ליטר,false,1,9.60,9.60,false,1,
7501013122114,false,נקטר אננס קרטונית ליטר גומקס,טמפו משקאות בעמ,,,יח`,1,1 ליטר,false,1,9.60,9.60,false,1,
7501013122190,false,משקה תפוחים קרטונית ליטר גו`מקס,טמפו משקאות בעמ,,,יח`,1,1 ליטר,false,1,9.60,9.60,false,1,
7501013138047,false,משקה רימונים קרטונית ליטר יונקו פרסקו,טמפו משקאות בעמ,,,יח`,1,1 ליטר,false,1,11.60,11.60,false,1,
7501013138184,false,משקה חמוציות קרטונית ליטר יוניקו פרסקו,טמפו משקאות בעמ,,,יח`,1,1 ליטר,false,1,11.60,11.60,false,1,
7501064191398,false,בירה קורונה 355 מל בקבוק שישייה,תימקו בירה בעמ,,,יח`,2.13,1 ליטר,false,1,34.90,15.54,true,1,
7509546057545,false,ליידי ספיד סטיק פרו 5 סטיק,ש.שסטוביץ בעמ,,,יח`,45,גרם,false,1,22.90,50.89,true,1,
7509546061160,false,קולגייט משחת ילדים מיניונים 2-5 75 מל,ש.שסטוביץ בעמ,,,יח`,75,גרם,false,1,12.90,17.20,false,1,
7509546061665,false,ספיד סטיק אקסטרים אינטנס ג`ל 85 גר`,ש.שסטוביץ בעמ,,,יח`,85,גרם,false,1,17.90,21.06,false,1,
7509546678702,false,קולגייט טוטאל משחת שיניים אנטי טרטר 100,ש.שסטוביץ בעמ,,,יח`,100,גרם,false,1,16.90,16.90,false,1,
7610243004463,false,דורגול מרסס מסיר אבנית יעקבי (600 מל),יעקב יעקבי ובניו בעמ,,,יח`,600,גרם,false,1,19.90,3.32,false,1,
7610400068369,false,לינדט לינדור טבלאה קוביות במילוי קרם ושב,משה סידס ובנו בעמ,,,יח`,100,גרם,false,1,15.90,15.90,true,1,
7610400068505,false,לינדט לינדור בונבוניירה שוקולד חלב200 גר,משה סידס ובנו בעמ,,,יח`,200,גרם,false,1,31.90,15.95,true,1,
7610400074155,false,לינדט לינדור טבלאה קוביות במילוי קרם מרי,משה סידס ובנו בעמ,,,יח`,100,גרם,false,1,15.90,15.90,true,1,
7610400075787,false,לינדט לה גרנד שוקולד חלב אגוז 150 גרם,משה סידס ובנו בעמ,,,יח`,150,גרם,false,1,23.90,15.93,true,1,
7613030979647,false,טריקס נסטלה (480 גרם),קבוצת אסם סחר שות. מוגבלת,,,יח`,480,גרם,false,1,19.90,4.15,true,1,
7613031608850,false,פיטנס מוגדל 625 גר` דגני בוקר,קבוצת אסם סחר שות. מוגבלת,,,יח`,625,גרם,false,1,25.90,4.14,true,1,
7613032045753,false,פיטנס שוקולד נסטלה (375 גרם),קבוצת אסם סחר שות. מוגבלת,,,יח`,375,גרם,false,1,19.90,5.31,true,1,
7613033548192,false,פיטנס שוקולד מריר נסטלה (375 גרם),קבוצת אסם סחר שות. מוגבלת,,,יח`,375,גרם,false,1,19.90,5.31,true,1,
7613035514560,false,חתול סטרילייז בקר 3 קג,שחורי אריה ואנסטסיה,,,יח`,1,,false,1,119,119,false,1,
7613035548374,false,דגני בוקר גולדן מיניס נסטלה (570 גרם),קבוצת אסם סחר שות. מוגבלת,,,יח`,570,גרם,false,1,19.90,3.49,true,1,
7613035622623,false,פיטנס גרנולה שקדים ודבש נסטלה (300 גרם),קבוצת אסם סחר שות. מוגבלת,,,יח`,300,גרם,false,1,15.90,5.30,true,1,
7613035758834,false,פיטנס גרנולה חמוציות 300  גר`אסם,קבוצת אסם סחר שות. מוגבלת,,,יח`,300,גרם,false,1,15.90,5.30,true,1,
7613035807778,false,רוטב עגבניות לבולנז פרפקטו,קבוצת אסם סחר שות. מוגבלת,,,יח`,400,גרם,false,1,9.90,2.48,true,1,
7613035809109,false,רוטב עגבניות ובזיליקום פרפקטו,קבוצת אסם סחר שות. מוגבלת,,,יח`,400,גרם,false,1,9.90,2.48,true,1,
7613035809123,false,רוטב עגבניות עם פלפלים פרפקטו,קבוצת אסם סחר שות. מוגבלת,,,יח`,400,גרם,false,1,9.90,2.48,true,1,
7613035809857,false,רוטב עגבניות לפסטה פרפקטו,קבוצת אסם סחר שות. מוגבלת,,,יח`,400,גרם,false,1,9.90,2.48,true,1,
7613036105576,false,דוגלי בוקר עוף 3 קג,שחורי אריה ואנסטסיה,,,יח`,3,"ק""ג",false,1,49.90,16.63,false,1,
7613036387798,false,פיטנס יוגורט 350 גר` נסטלה,קבוצת אסם סחר שות. מוגבלת,,,יח`,350,גרם,false,1,19.90,5.69,true,1,
7613036520492,false,רוטב עגבניות לפיצה 400  גר`פרפקטו,קבוצת אסם סחר שות. מוגבלת,,,יח`,400,גרם,false,1,9.90,2.48,true,1,
7613036725309,false,דנטלייף חתול עוף 40 גר .,שחורי אריה ואנסטסיה,,,יח`,1,,false,1,9.90,9.90,false,1,
7613036737623,false,קראנץ` מקס 410 דגני בוקר,קבוצת אסם סחר שות. מוגבלת,,,יח`,410,גרם,false,1,19.90,4.85,true,1,
7613036880534,false,מחית מרק ירקות מעורבים 190 גר` גרבר,קבוצת אסם סחר שות. מוגבלת,,,יח`,190,גרם,false,1,6.90,3.63,true,1,
7613036976657,false,פאוץ פריסקיז הודו 85 גר`,שחורי אריה ואנסטסיה,,,יח`,85,גרם,false,1,5.90,6.94,false,1,
7613037012095,false,פיטנס גרנולה שוקולד קינואה ושקדים נסטלה,קבוצת אסם סחר שות. מוגבלת,,,יח`,300,גרם,false,1,15.90,5.30,true,1,
7613037276091,false,מארז דגני בוקר ניסטלה מיקסשישייה,קבוצת אסם סחר שות. מוגבלת,,,יח`,1,,false,1,16.90,16.90,false,1,
7613037686906,false,פיטנס שקדים ודבש (355 גרם) נסטלה,קבוצת אסם סחר שות. מוגבלת,,,יח`,355,גרם,false,1,19.90,5.61,true,1,
7613037811629,false,קורנפלקס 500  גר`ללא גלוטן גו פרי,קבוצת אסם סחר שות. מוגבלת,,,יח`,500,גרם,false,1,14.90,2.98,false,1,
7613038268262,false,צ`יריוס האני נאט מופחת סוכר 410 גר`,קבוצת אסם סחר שות. מוגבלת,,,יח`,410,גרם,false,1,20.90,5.10,true,1,
7613038451954,false,דגני קראנץ` שוקולד מופחת 410 גר`,קבוצת אסם סחר שות. מוגבלת,,,יח`,410,גרם,false,1,19.90,4.85,true,1,
7613039547632,false,מחית תפוח בננה תות פאוץ 90  גר`גרבר,קבוצת אסם סחר שות. מוגבלת,,,יח`,90,גרם,false,1,6.90,7.67,false,1,
7613039547731,false,מחית תפוח משמש פאוץ 90  גר`גרבר,קבוצת אסם סחר שות. מוגבלת,,,יח`,90,גרם,false,1,6.90,7.67,false,1,
7613039547922,false,מחית תפוח בננה אגס פאוץ 90  גר`גרבר,קבוצת אסם סחר שות. מוגבלת,,,יח`,90,גרם,false,1,6.90,7.67,false,1,
7613039770450,false,סנסשיונל בורגר 226 גר` טבעול,קבוצת אסם סחר שות. מוגבלת,,,יח`,226,גרם,false,1,29.90,13.23,true,1,
7613039879382,false,מחית תפוח עץ 190 גר` גרבר כשר לפסח,קבוצת אסם סחר שות. מוגבלת,,,יח`,190,גרם,false,1,6.90,3.63,true,1,
7613039880807,false,גרבר מחית תפוח וגזר 190 גר`,קבוצת אסם סחר שות. מוגבלת,,,יח`,190,גרם,false,1,6.90,3.63,true,1,
7613039881521,false,גרבר מחית מנגו 190 גר`,קבוצת אסם סחר שות. מוגבלת,,,יח`,190,גרם,false,1,6.90,3.63,true,1,
7613039881965,false,גרבר מחית גזר תפוח ומנגו 190 גר`,קבוצת אסם סחר שות. מוגבלת,,,יח`,190,גרם,false,1,6.90,3.63,false,1,
7613287121783,false,סמרטיס מיני 187 גר`,קבוצת אסם סחר שות. מוגבלת,,,יח`,187,גרם,false,1,9.90,5.29,false,1,
7613287155832,false,מחית תפוח פאוץ 90  גר`גרבר כשלפ,קבוצת אסם סחר שות. מוגבלת,,,יח`,90,גרם,false,1,6.90,7.67,false,1,
7613287155863,false,מחית אגס פאוץ 90  גר`גרבר כשלפ,קבוצת אסם סחר שות. מוגבלת,,,יח`,90,גרם,false,1,6.90,7.67,false,1,
7613287155894,false,מחית אפרסק פאוץ 90  גר`גרבר כשל,קבוצת אסם סחר שות. מוגבלת,,,יח`,90,גרם,false,1,6.90,7.67,false,1,
7613287155924,false,מחית תפוח גזר פאוץ 90  גר`גרבר כ,קבוצת אסם סחר שות. מוגבלת,,,יח`,90,גרם,false,1,6.90,7.67,false,1,
7613287182326,false,ויטמינצ`יק בננה תפוח 110 גר`,קבוצת אסם סחר שות. מוגבלת,,,יח`,110,גרם,false,1,5.90,5.36,true,1,
7613287182425,false,ויטמינצ`יק תפוח בננה ותות 110 גר`,קבוצת אסם סחר שות. מוגבלת,,,יח`,110,גרם,false,1,5.90,5.36,true,1,
7613287186928,false,קפסולות קפה סומטרה (10  יח)סטארבקס (56 ג,קבוצת אסם סחר שות. מוגבלת,,,יח`,56,גרם,false,1,21.90,39.11,true,1,
7613287302373,false,קפסולות קפה איטלאן סטייל סטארבקס,קבוצת אסם סחר שות. מוגבלת,,,יח`,56,גרם,false,1,21.90,39.11,true,1,
7613287325808,false,מטבל איולי שום 295 גר אסם,קבוצת אסם סחר שות. מוגבלת,,,יח`,295,גרם,false,1,14.90,5.05,true,1,
7613287325822,false,מטבל מיקס 295 גר אסם,קבוצת אסם סחר שות. מוגבלת,,,יח`,295,גרם,false,1,14.90,5.05,true,1,
7613287325853,false,מטבל איולי ספייסי 295 גר אסם,קבוצת אסם סחר שות. מוגבלת,,,יח`,295,גרם,false,1,14.90,5.05,true,1,
7613287325952,false,מטבל ברבקיו 345 גר אסם,קבוצת אסם סחר שות. מוגבלת,,,יח`,345,גרם,false,1,14.90,4.32,true,1,
7613287325983,false,מטבל סלסלה 335 גר אסם,קבוצת אסם סחר שות. מוגבלת,,,יח`,335,גרם,false,1,14.90,4.45,true,1,
7613287821348,false,נתחי סויה SENSATIONAL,קבוצת אסם סחר שות. מוגבלת,,,יח`,350,גרם,false,1,32.90,9.40,true,1,
7613287855640,false,קפסולות גוואטמלה  סטארבקס( 52 גר`),קבוצת אסם סחר שות. מוגבלת,,,יח`,52,גרם,false,1,21.90,42.12,true,1,
7622010001858,false,אוראו וניל 176 גר`,דיפלומט היינץ,,,יח`,176,גרם,false,1,8.90,5.06,true,1,
7622201050757,false,שוקולד חלב עם קרמל מילקה (100 גרם),דיפלומט היינץ,,,יח`,100,גרם,false,1,6.90,6.90,true,1,
7622201137052,false,מילקה מיני קוקיז 110 גרם,דיפלומט היינץ,,,יח`,110,גרם,false,1,7.90,7.18,true,1,
7622201139278,false,גבינת פילדלפיה שמנת 150 גר`% (27 שומן),נטו מלינדה סחר בעמ,,,יח`,150,גרם,false,1,13.90,9.27,true,1,
7622201401900,false,עוגיות מילקה סנביישן אוראו 156 גר`,דיפלומט היינץ,,,יח`,156,גרם,false,1,12.90,8.27,true,1,
7622201502515,false,מילקה קוקי לופ 132 גר`,דיפלומט היינץ,,,יח`,132,גרם,false,1,12.90,9.77,true,1,
7622201521493,false,גבינת פילדלפיה שום ועשבי תיבול 150  גר`(,נטו מלינדה סחר בעמ,,,יח`,150,גרם,false,1,13.90,9.27,true,1,
7622201798154,false,פילדלפיה לייט 150 גר`,נטו מלינדה סחר בעמ,,,יח`,150,גרם,false,1,13.90,9.27,true,1,
7622201801809,false,שוקולד חלב עם אגוזים מילקה (100 גרם),דיפלומט היינץ,,,יח`,100,גרם,false,1,6.90,6.90,true,1,
7622201802363,false,מילקה-שוק` חלבי עם צימוקים ואגוזים 100,דיפלומט היינץ,,,יח`,100,גרם,false,1,6.90,6.90,true,1,
7622201802394,false,שוקולד חלב מילקה (100 גרם),דיפלומט היינץ,,,יח`,100,גרם,false,1,6.90,6.90,true,1,
7622201808631,false,אוראו מיני כוסות בטעם וניל 67 גר`,דיפלומט היינץ,,,יח`,67,גרם,false,1,6.90,10.30,false,1,
7622201809188,false,מילקה ביסקויט מצופה שוקולד 150 גר`,דיפלומט היינץ,,,יח`,150,גרם,false,1,12.90,8.60,true,1,
7622201813390,false,וופל במילוי קרם קקאו מילקה (150 גרם),דיפלומט היינץ,,,יח`,150,גרם,false,1,13.90,9.27,true,1,
7622201819170,false,שוקולד דארק שקדים 85 גר` מילקה,דיפלומט היינץ,,,יח`,85,גרם,false,1,7.90,9.29,true,1,
7622201819552,false,שוקולד דארק קרמל 85 גר` מילקה,דיפלומט היינץ,,,יח`,85,גרם,false,1,7.90,9.29,true,1,
7622210078131,false,שוקולד חלב דיים מילקה (100 גרם),דיפלומט היינץ,,,יח`,100,גרם,false,1,6.90,6.90,true,1,
7622210137234,false,עוגיות אוראו עם דאבל קרם וניל 170גרם,דיפלומט היינץ,,,יח`,170,גרם,false,1,9.90,5.82,true,1,
7622210163899,false,שוקולד חלב עם עדשים 100 גר` מילקה,דיפלומט היינץ,,,יח`,100,גרם,false,1,6.90,6.90,true,1,
7622210453327,false,מילקה סנסייטן 156 גר`,דיפלומט היינץ,,,יח`,156,גרם,false,1,12.90,8.27,true,1,
7622210464729,false,אוראו גולדן 154גר`,דיפלומט היינץ,,,יח`,154,גרם,false,1,7.90,5.13,true,1,
7622210637994,false,אוראו ביס קראנ`צי אורגינל 110 גר`,דיפלומט היינץ,,,יח`,110,גרם,false,1,7.90,7.18,true,1,
7622210638021,false,אוראו ביס קראנ`צי בציפוי שוקולד 110 גר`,דיפלומט היינץ,,,יח`,110,גרם,false,1,7.90,7.18,true,1,
7622210664150,false,עוגיות אוראו וניל 396 גר`,דיפלומט היינץ,,,יח`,396,גרם,false,1,15.90,4.02,false,1,
7622210690883,false,שוקולד 270  גר`מילקה מונדיאל,דיפלומט היינץ,,,יח`,270,גרם,false,1,14.90,5.52,false,1,
7622210820310,false,שוקולד חלב בוטנים קרמל 90  גר`מילקה,דיפלומט היינץ,,,יח`,100,גרם,false,1,6.90,6.90,false,1,
7622210826053,false,שוקולד מילקה אוראו סנדביץ 92 גר`,דיפלומט היינץ,,,יח`,92,גרם,false,1,6.90,7.50,true,1,
7622210835338,false,אוראו בראוניז 176 גר`,דיפלומט היינץ,,,יח`,176,גרם,false,1,8.90,5.06,true,1,
7622300200237,false,מילקה שוקולד חלבי 250 גרם,דיפלומט היינץ,,,יח`,250,גרם,false,1,14.90,5.96,true,1,
7622300270506,false,עוגיות מילקה גריינס שיבולת שועל,דיפלומט היינץ,,,יח`,168,גרם,false,1,12.90,7.68,true,1,
7622300315283,false,אוראו וניל 154 גר`בדצ,דיפלומט היינץ,,,יח`,154,גרם,false,1,7.90,5.13,false,1,
7622300441715,false,עוגיות מילקה השוקומיני150 גר,דיפלומט היינץ,,,יח`,150,גרם,false,1,12.90,8.60,true,1,
7622300489427,false,אוראו פאדג שוקולד לבן 246גר,דיפלומט היינץ,,,יח`,246,גרם,false,1,19.90,8.09,true,1,
7622300489434,false,עוגיות אוראו בציפוי שוקולד חלבי 246 גרם,דיפלומט היינץ,,,יח`,246,גרם,false,1,19.90,8.09,true,1,
7622300495046,false,שוקולד עם אקסטרה קקאו מילקה (100 גרם),דיפלומט היינץ,,,יח`,100,גרם,false,1,6.90,6.90,true,1,
7622300498429,false,שוקולד חלב עם יוגורט תות מילקה (100 גרם),דיפלומט היינץ,,,יח`,100,גרם,false,1,6.90,6.90,true,1,
7622300503079,false,ביסקוויט מצופה שוקולד מילקה (200 גרם),דיפלומט היינץ,,,יח`,200,גרם,false,1,12.90,6.45,true,1,
7622300617820,false,שוקולד אוראו מילקה (100 גרם),דיפלומט היינץ,,,יח`,100,גרם,false,1,6.90,6.90,true,1,
7622400005190,false,שוקולד חלב ולבן מילקה (100 גרם),דיפלומט היינץ,,,יח`,100,גרם,false,1,6.90,6.90,true,1,
7630477891592,false,קפסולות קפה האוס בלנד (10  יח) סטארבקס(,קבוצת אסם סחר שות. מוגבלת,,,יח`,57,גרם,false,1,21.90,38.42,true,1,
7630477891639,false,קפסולות קפה סומטרה (10  יח) סטארבקס( 55,קבוצת אסם סחר שות. מוגבלת,,,יח`,55,גרם,false,1,21.90,39.82,true,1,
7630477891677,false,קפסולות קפה פייק פלייס (10  יח)סטארבקס(,קבוצת אסם סחר שות. מוגבלת,,,יח`,57,גרם,false,1,21.90,38.42,true,1,
7630477891691,false,קפסולות קפה קולומביה (10  יח) סטארבקס( 5,קבוצת אסם סחר שות. מוגבלת,,,יח`,57,גרם,false,1,21.90,38.42,true,1,
7630477891714,false,קפסולות קפה אספרסו (10  יח) סטארבקס( 57,קבוצת אסם סחר שות. מוגבלת,,,יח`,57,גרם,false,1,21.90,38.42,true,1,
7630477891738,false,קפסולות קפה אספרסו בלונד (10 יח)סטארבקס,קבוצת אסם סחר שות. מוגבלת,,,יח`,53,גרם,false,1,21.90,41.32,true,1,
7702018321520,false,דאודורנט סטיק מתקדם 45 מל,דיפלומט מפיצים (1968) בעמ,,,יח`,50,גרם,false,1,21.90,43.80,false,1,
7702018466917,false,סכיני גילוח גילט בלו חדפ יבוא מקביל,פארמה דיל (פ.א.ב.) שיווק והפצה,,,יח`,1,,false,1,19.90,19.90,false,1,
7702018978120,false,דאודורנט קליר ג`ל 70  גר`CW,פארמה דיל (פ.א.ב.) שיווק והפצה,,,יח`,70,גרם,false,1,14.90,21.29,false,1,
7702018980864,false,קצף גילוח סירייס רגיש 250,דיפלומט מפיצים (1968) בעמ,,,יח`,250,גרם,false,1,19.90,7.96,false,1,
7702024074625,false,חטיפי קרקר חיטה מלאה 234  גר`פיטנס,קבוצת אסם סחר שות. מוגבלת,,,יח`,234,גרם,false,1,11.90,5.09,false,1,
7702024258322,false,חטיפי קרקר צ`יה ופשתן 234  גר`פיטנס,קבוצת אסם סחר שות. מוגבלת,,,יח`,234,גרם,false,1,11.90,5.09,false,1,
7702174066631,false,לקקן יוגטה פינפופ 10 יחידות,ליימן שליסל בעמ,,,יח`,180,גרם,false,1,7.90,4.39,true,1,
7702174073844,false,לקקן PIN POP פירות 48 יח`,ליימן שליסל בעמ,,,יח`,1,,false,1,19.90,19.90,false,1,
7754617035650,false,תנור חימום לאמבטיה +1500Wחוט משיכה OME,קונסיגנציה-ד.ש.ש. אלקטרוניקה ב,,,יח`,1,,false,1,89,89,false,1,
7792860006218,false,סוכריות לקקן בייבי דול לריטייר (24 גרם),משה סידס ובנו בעמ,,,יח`,24,גרם,false,1,2.90,12.08,true,1,
7798304600011,false,אוכמניות- טרי 125 גר,בראשית - אגודה שיתופית*שיק 45,,,יח`,125,גרם,false,1,15,12,false,1,
7804414000860,false,קברנה סוביניון דון חוליו (750 מל),הכרם - משקאות חריפים בעמ,,,יח`,750,גרם,false,1,29.90,3.95,true,1,
7804414000877,false,מרלו דון חוליו (750 מל),הכרם - משקאות חריפים בעמ,,,יח`,750,גרם,false,1,29.90,3.95,true,1,
7804414001621,false,שיראז קאזה דה לואיג`י (750 מל),הכרם - משקאות חריפים בעמ,,,יח`,750,גרם,false,1,30.90,4.08,true,1,
7804632390255,false,אוכמניות טרי 125 גר,בראשית - אגודה שיתופית*שיק 45,,,יח`,125,גרם,false,1,15,12,false,1,
7804651030026,false,אוכמניות- טרי 125 גר,איגל טרייטדינג שיווק חקלאי בעמ,,,יח`,125,גרם,false,1,15,12,false,1,
7861500002818,false,בירה לף בראון שישייה בקבוק) (6*330 מל,תימקו בירה בעמ,,,יח`,1.98,1 ליטר,false,1,49.90,24.29,false,1,
7891024124826,false,משחת שיניים אופטיק וייט קולגייט (75 מל),ש.שסטוביץ בעמ,,,יח`,103,גרם,false,1,19.90,19.32,false,1,
8000040001106,false,קמפרי 700 מל,החברה המרכזית להפצת משקאות-אלכ,,,יח`,700,גרם,false,1,99.90,14.23,false,1,
8000215204554,false,משקה קוקוס ויטאריז 1 ליטר,נטורפוד בעמ,,,יח`,1,1 ליטר,false,1,12.90,12.90,false,1,
8000320010088,false,פסאטה צ`יריו במרקם גס 680 מל,דיפלומט היינץ,,,יח`,680,גרם,false,1,10.90,1.60,false,1,
8000320010095,false,פסאטה צ`יריו במרקם עדין 700 מל,דיפלומט היינץ,,,יח`,700,גרם,false,1,10.90,1.56,true,1,
8000380003723,false,גרנד פטיסרי 100  גר`אגוז,ליימן שליסל בעמ,,,יח`,100,גרם,false,1,13.90,13.90,true,1,
8000380003761,false,גרנד פטיסרי 100  גר`קוקוס,ליימן שליסל בעמ,,,יח`,100,גרם,false,1,13.90,13.90,true,1,
8000380004669,false,וופל  סנדוויץ`בטעם קקאו לואקר (200 גרם),ליימן שליסל בעמ,,,יח`,200,גרם,false,1,13.90,6.95,true,1,
8000380004676,false,וופל  סנדוויץ`בטעם וניל לואקר (200 גרם),ליימן שליסל בעמ,,,יח`,200,גרם,false,1,13.90,6.95,true,1,
8000380004911,false,קוארדטיני 250  גר`אגוז,ליימן שליסל בעמ,,,יח`,250,גרם,false,1,14.90,5.96,true,1,
8000380004966,false,קוארדטיני 250  גר`קקאו,ליימן שליסל בעמ,,,יח`,250,גרם,false,1,14.90,5.96,true,1,
8000380007219,false,וופל בטעם אגוזים לואקר (175 גרם),ליימן שליסל בעמ,,,יח`,175,גרם,false,1,10.90,6.23,false,1,
8000380007257,false,וופל לואקר גרדנה 200 גר`,ליימן שליסל בעמ,,,יח`,200,גרם,false,1,14.40,7.20,true,1,
8000380007264,false,וופל קקאו לואקר (175 גרם),ליימן שליסל בעמ,,,יח`,175,גרם,false,1,10.90,6.23,false,1,
8000380007271,false,וופל במילוי קרם חלב לואקר (175 גרם),ליימן שליסל בעמ,,,יח`,175,גרם,false,1,10.90,6.23,false,1,
8000380106028,false,טורטינה שישיה אורגינל לואקר 125 גר,ליימן שליסל בעמ,,,יח`,125,גרם,false,1,17.90,14.32,true,1,
8000380144044,false,וופל לואקר גרדנה שוקולד 200 גר`,ליימן שליסל בעמ,,,יח`,200,גרם,false,1,14.40,7.20,true,1,
8000380153534,false,טורטינה שישיה לבן 125 גר`,ליימן שליסל בעמ,,,יח`,125,גרם,false,1,17.90,14.32,true,1,
8000380180745,false,קוארדטיני 250  גר` שוקו-חלב,ליימן שליסל בעמ,,,יח`,250,גרם,false,1,14.90,5.96,false,1,
8000380180837,false,לואקר גרנד פטסרי במילוי קרם קוקוס ובציפו,ליימן שליסל בעמ,,,יח`,100,גרם,false,1,13.90,13.90,true,1,
8000380186129,false,שוקולד אגוז מיני לואקר,ליימן שליסל בעמ,,,יח`,111.60,גרם,false,1,13.90,12.46,false,1,
8000380189281,false,מארז מיני מיקס לואקר בשקית,ליימן שליסל בעמ,,,יח`,210,גרם,false,1,24.90,11.86,false,1,
8000380192243,false,וופלים מלבנים פריכיים בטעם אגוז 200 גר`,ליימן שליסל בעמ,,,יח`,200,גרם,false,1,12.90,6.45,false,1,
8000380192250,false,וופלים מלבנים פריכיים בטעם שוקולד 200 גר,ליימן שליסל בעמ,,,יח`,200,גרם,false,1,12.90,6.45,false,1,
8000380198221,false,וופלים מקסי דאבל שוקולד 175  גר`לואקר,ליימן שליסל בעמ,,,יח`,175,גרם,false,1,12.90,7.37,true,1,
8000380201396,false,טורטינה קרמל עשיר 126 גר`,ליימן שליסל בעמ,,,יח`,126,גרם,false,1,17.90,14.21,true,1,
8000380206896,false,וופל לואקר גרדנה חמאת בוטנים 200 גר`,ליימן שליסל בעמ,,,יח`,200,גרם,false,1,14.40,7.20,true,1,
8000380207183,false,טורטינה שישיה חמאת בוטנים לואקר 126 גר`,ליימן שליסל בעמ,,,יח`,126,גרם,false,1,17.90,14.21,true,1,
8000500023624,false,חטיף הפי היפו קינדר (5 יח` - 103.5 גרם),פרימיום-חברה לדברי מתיקה ולמסח,,,יח`,90,גרם,false,1,11.90,13.22,false,1,
8000500023976,false,בונבוניירת רפאלו פררו (150 גרם),פרימיום-חברה לדברי מתיקה ולמסח,,,יח`,150,גרם,false,1,15.90,10.60,false,1,
8000500026731,false,ביצת הפתעה קינדר (20x3 גרם),פרימיום-חברה לדברי מתיקה ולמסח,,,יח`,60,גרם,false,1,14.90,24.83,false,1,
8000500028124,false,קינדר ג`וי מארז שלישייה,פרימיום-חברה לדברי מתיקה ולמסח,,,יח`,60,גרם,false,1,14.90,24.83,false,1,
8000500029350,false,קינדר בואנו וופל שלישייה (43x3 גרם),פרימיום-חברה לדברי מתיקה ולמסח,,,יח`,129,גרם,false,1,9.90,7.67,false,1,
8000500037874,false,רושר בוני 200 גר`,פרימיום-חברה לדברי מתיקה ולמסח,,,יח`,200,גרם,false,1,24.90,12.45,false,1,
8000500071083,false,אצבעות שוקולד קינדר (16  יח`- 200 גרם),פרימיום-חברה לדברי מתיקה ולמסח,,,יח`,200,גרם,false,1,11.90,5.95,false,1,
8000500075708,false,קינדר ג`וי  שלשות- כחול,פרימיום-חברה לדברי מתיקה ולמסח,,,יח`,60,גרם,false,1,14.90,24.83,false,1,
8000500094976,false,רושר קונוס 212 גר`,פרימיום-חברה לדברי מתיקה ולמסח,,,יח`,212,גרם,false,1,39.90,18.82,true,1,
8000500121436,false,קינדר בואנו וופל לבן שלישייה (39x3גרם),פרימיום-חברה לדברי מתיקה ולמסח,,,יח`,117,גרם,false,1,9.90,8.46,false,1,
8000500127728,false,קינדר מילק סלייס עוגת ספוג במילוי חלבי מ,תנובה - חלב,,,יח`,112,גרם,false,1,11.90,10.63,false,1,
8000500167656,false,קינדר שוקולד עם דגנים,פרימיום-חברה לדברי מתיקה ולמסח,,,יח`,1,,false,1,7.90,7.90,false,1,
8000500227848,false,נוטלה 132 גר` B ready,פרימיום-חברה לדברי מתיקה ולמסח,,,יח`,132,גרם,false,1,11.90,9.02,true,1,
8000500249352,false,קינדר בואנו מיני מיקס,פרימיום-חברה לדברי מתיקה ולמסח,,,יח`,0,גרם,false,1,19.90,19.90,false,1,
8000500267103,false,10 עוגות אישית בעטיפה אישית 39  גר`קינדר,פרימיום-חברה לדברי מתיקה ולמסח,,,יח`,390,גרם,false,1,19.90,5.10,true,1,
8000500269169,false,קינדר קארדס 5  יח`128 גר`,פרימיום-חברה לדברי מתיקה ולמסח,,,יח`,128,גרם,false,1,13.90,10.86,false,1,
8000798000307,false,מברשת מגהץ,מ.א.ייצור ויבוא מטליות בעמ,,,יח`,1,יח`,false,1,5.90,5.90,false,1,
8000798000925,false,מטאטא יהלום גב כסף,מ.א.ייצור ויבוא מטליות בעמ,,,יח`,1,יח`,false,1,21.90,21.90,false,1,
8000798039949,false,יעה+קל מודפס+גומי,מ.א.ייצור ויבוא מטליות בעמ,,,יח`,1,יח`,false,1,14.90,14.90,false,1,
8000798085052,false,מטאטא גולד עם מקל שייני,מ.א.ייצור ויבוא מטליות בעמ,,,יח`,1,,false,1,18.90,18.90,false,1,
8001003100164,false,סוכריות ג`לי 450  גר`יוגטה,ליימן שליסל בעמ,,,יח`,450,גרם,false,1,11.90,2.64,true,1,
8001090016003,false,טבליות למדיח קלאסי הכל באחד פיירי,דיפלומט מפיצים (1968) בעמ,,,יח`,1,,false,1,44.90,44.90,false,1,
8001090184412,false,פיירי אורגינל לימון 900 מל,דיפלומט מפיצים (1968) בעמ,,,יח`,900,גרם,false,1,11.90,1.32,false,1,
8001090222541,false,הרבל אסנסס שמפו תות שדה ומנטה 400 מל,דיפלומט מפיצים (1968) בעמ,,,יח`,400,גרם,false,1,19.90,4.98,true,1,
8001090222725,false,הרבל אסנסס שמפו שמן מורינגה 400 מל,דיפלומט מפיצים (1968) בעמ,,,יח`,400,גרם,false,1,19.90,4.98,true,1,
8001090222756,false,הרבל אסנסס מרכך שמן מורינגה 400 מל,דיפלומט מפיצים (1968) בעמ,,,יח`,400,גרם,false,1,19.90,4.98,true,1,
8001090290939,false,אורל בי משחת שיניים לובן בוהק,דיפלומט מפיצים (1968) בעמ,,,יח`,75,גרם,false,1,29.90,39.87,true,1,
8001090336446,false,חיתולי ביביי דריי מידה  (4 34  יח)פמפרס,דיפלומט מפיצים (1968) בעמ,,,יח`,1,,false,1,30.90,30.90,true,1,
8001090336491,false,חיתולי ביביי דריי מידה  +(4 31  יח)פמפר,דיפלומט מפיצים (1968) בעמ,,,יח`,1,,false,1,30.90,30.90,true,1,
8001090364104,false,אורל בי משחה שיניים G E אורגינל,דיפלומט מפיצים (1968) בעמ,,,יח`,75,גרם,false,1,17.90,23.87,true,1,
8001090364203,false,אורל בי משחה שיניים G E להלבנה עדינה,דיפלומט מפיצים (1968) בעמ,,,יח`,75,גרם,false,1,17.90,23.87,true,1,
8001090375285,false,פנטן מרכך הקסם 200 מל למגע רק כמשי,דיפלומט מפיצים (1968) בעמ,,,יח`,200,גרם,false,1,24.90,12.45,true,1,
8001090377487,false,מסכה לחות מוגברת 300 מל פנטן,דיפלומט מפיצים (1968) בעמ,,,יח`,300,גרם,false,1,29.90,9.97,false,1,
8001090377531,false,מסכה לצבע מלא חיים 300 מל פנטן,דיפלומט מפיצים (1968) בעמ,,,יח`,300,גרם,false,1,29.90,9.97,false,1,
8001090379337,false,חיתולי פמפרס פרימיום vp מידה 3 40 יח,דיפלומט מפיצים (1968) בעמ,,,יח`,1,,false,1,32.90,32.90,true,1,
8001090540577,false,אורל בי מי פה 500 מל,דיפלומט מפיצים (1968) בעמ,,,יח`,500,גרם,false,1,19.90,3.98,false,1,
8001090678195,false,שולדרס מרכך סופרים לחות 275 מל,דיפלומט מפיצים (1968) בעמ,,,יח`,275,גרם,false,1,16.90,6.15,true,1,
8001090734044,false,מגן תחתון אולווייז מגה פק  לארג`פרש 64 י,דיפלומט מפיצים (1968) בעמ,,,יח`,1,,false,1,19.90,19.90,true,1,
8001090737809,false,מגן תחתון אולדייז סינגל טנגה 36 יחידות,דיפלומט מפיצים (1968) בעמ,,,יח`,1,,false,1,14.90,14.90,false,1,
8001090740717,false,מגן תחתון אולדייז נורמל אולווייז) (76,דיפלומט מפיצים (1968) בעמ,,,יח`,1,,false,1,19.90,19.90,true,1,
8001090802385,false,טייד קפסולות ג`ל בניחוח לנור 26 יח,דיפלומט מפיצים (1968) בעמ,,,יח`,1,,false,1,29.90,29.90,true,1,
8001090832450,false,שמפו נוסחה קלאסית 660 מל פנטן,דיפלומט מפיצים (1968) בעמ,,,יח`,660,גרם,false,1,19.90,3.02,true,1,
8001090832535,false,שמפו שמן מרוקאי משקם 660 מל פנטן,דיפלומט מפיצים (1968) בעמ,,,יח`,660,גרם,false,1,19.90,3.02,true,1,
8001090832573,false,שמפו שמן לחות מוגברת 660 מל פנטן,דיפלומט מפיצים (1968) בעמ,,,יח`,660,גרם,false,1,19.90,3.02,true,1,
8001090832610,false,שמפו שמן למגע רך כמשי 660 מל פנטן,דיפלומט מפיצים (1968) בעמ,,,יח`,660,גרם,false,1,19.90,3.02,true,1,
8001090832818,false,קונדישנר נוסחה קלאסית 660 מל פנטן,דיפלומט מפיצים (1968) בעמ,,,יח`,660,גרם,false,1,19.90,3.02,true,1,
8001090832856,false,קונדישנר מרוקאי משקם 660 מל פנטן,דיפלומט מפיצים (1968) בעמ,,,יח`,660,גרם,false,1,19.90,3.02,true,1,
8001090832931,false,קונדישנר למגע רך כמשי 660 מל פנטן,דיפלומט מפיצים (1968) בעמ,,,יח`,660,גרם,false,1,19.90,3.02,true,1,
8001090833136,false,אריאל ג`ל כביסה 2.255 ליטר בייבי,דיפלומט מפיצים (1968) בעמ,,,יח`,2.2550,1 ליטר,false,1,32.90,14.59,false,1,
8001090886385,false,לנור כדוריות הריח בניחוח רענן (140 גר`),דיפלומט מפיצים (1968) בעמ,,,יח`,140,גרם,false,1,19.90,14.21,false,1,
8001090886460,false,לנור כדוריות הריח בניחוח אביבי140 גר`,דיפלומט מפיצים (1968) בעמ,,,יח`,140,גרם,false,1,19.90,14.21,false,1,
8001090891273,false,לנור כדוריות הבושם סחלב (210 גר`),דיפלומט מפיצים (1968) בעמ,,,יח`,210,גרם,false,1,27.90,13.29,true,1,
8001090899194,false,תחבושות אולוויז פלטינום נורמל 24 יח,דיפלומט מפיצים (1968) בעמ,,,יח`,1,,false,1,19.90,19.90,true,1,
8001090899224,false,תחבושות אולוויז פלטינום לונג 20 יח,דיפלומט מפיצים (1968) בעמ,,,יח`,1,,false,1,19.90,19.90,true,1,
8001090899255,false,תחבושות אולוויז פלטינום לילה 16 יח,דיפלומט מפיצים (1968) בעמ,,,יח`,1,,false,1,19.90,19.90,true,1,
8001090899286,false,תחבושות אולוויז פלטינום לילה בטוח 14 יח,דיפלומט מפיצים (1968) בעמ,,,יח`,1,,false,1,19.90,19.90,true,1,
8001100059259,false,וופל קוביות בטעם אגוזי לוז 250  גר`Baloc,אבאל יזמות בעמ,,,יח`,250,גרם,false,1,12.90,5.16,true,1,
8001100067940,false,וופל קוביות בטעם קקאו 125  גר`Balocco,אבאל יזמות בעמ,,,יח`,125,גרם,false,1,9.90,7.92,true,1,
8001100067957,false,וופל קוביות בטעם אגוזי לוז 125  גר`Baloc,אבאל יזמות בעמ,,,יח`,125,גרם,false,1,9.90,7.92,true,1,
8001160000888,false,גוטרייד ספורט תפוז,טמפו משקאות בעמ,,,יח`,500,גרם,false,1,9.90,1.92,true,1,
8001160001786,false,גטורייד ספורט כחול,טמפו משקאות בעמ,,,יח`,500,גרם,false,1,9.90,1.92,true,1,
8001160001892,false,גוטרייד ספורט תפוז אדום,טמפו משקאות בעמ,,,יח`,500,גרם,false,1,9.90,1.92,true,1,
8001620015636,false,פרוטה מיקס פירות 400 מל,טמפו משקאות בעמ,,,יח`,400,גרם,false,1,7.20,1.73,false,1,
8001620017456,false,סאן בנדטו פקק ספורט מל שישייה,טמפו משקאות בעמ,,,יח`,3000,גרם,false,1,13.90,0.40,false,1,
8001841006710,false,לנור כדוריות הבושם בניחוח  רענן( 210 גר`,דיפלומט מפיצים (1968) בעמ,,,יח`,210,גרם,false,1,27.90,13.29,true,1,
8001841053806,false,תחבושת עבה ללילה אולווייז) (10,דיפלומט מפיצים (1968) בעמ,,,יח`,1,,false,1,9.90,9.90,false,1,
8001841062624,false,מגבוני פמפרס ללא בישום 4*52 יח`,דיפלומט מפיצים (1968) בעמ,,,יח`,1,,false,1,17.90,17.90,true,1,
8001841105093,false,חיתולי פמפרס פרימיום vp מידה  (6 26 יח),דיפלומט מפיצים (1968) בעמ,,,יח`,1,,false,1,32.90,32.90,true,1,
8001841137179,false,הד אנד שולדרס הנוסחה הקלאסית 275 מל,דיפלומט מפיצים (1968) בעמ,,,יח`,275,גרם,false,1,16.90,6.15,true,1,
8001841216584,false,תחבושות לילה בטוח אולווייז) (36,דיפלומט מפיצים (1968) בעמ,,,יח`,1,,false,1,35.90,35.90,true,1,
8001841427126,false,מגן תחתון אולווייז מגה פק פרש נורמל 64 י,דיפלומט מפיצים (1968) בעמ,,,יח`,1,,false,1,19.90,19.90,true,1,
8001841500942,false,הרבל אסנס שמפו ללא סולפטים אלוורה ובמב,דיפלומט מפיצים (1968) בעמ,,,יח`,380,גרם,false,1,19.90,5.24,true,1,
8001841502298,false,הרבל אסנס מרכל ללא סולפטים אלוורה ומנג,דיפלומט מפיצים (1968) בעמ,,,יח`,275,גרם,false,1,19.90,7.24,true,1,
8001841502601,false,הרבל אסנס מרכל ללא סולפטים אלוורה ובמב,דיפלומט מפיצים (1968) בעמ,,,יח`,275,גרם,false,1,19.90,7.24,true,1,
8001841566771,false,לנור כדוריות הבושם יסמין (210 גר`),דיפלומט מפיצים (1968) בעמ,,,יח`,210,גרם,false,1,27.90,13.29,true,1,
8001841625188,false,נוזל כלים פלטינום לימון פיירי (515 מל),דיפלומט מפיצים (1968) בעמ,,,יח`,515,גרם,false,1,10.90,2.12,true,1,
8001841625362,false,פיירי פלטינום לימון 780 מל,דיפלומט מפיצים (1968) בעמ,,,יח`,780,גרם,false,1,11.90,1.53,false,1,
8001841625508,false,נוזל כלים פיירי פלטינום 1.015 מל,דיפלומט מפיצים (1968) בעמ,,,יח`,1.0150,1 ליטר,false,1,17.90,17.64,true,1,
8001841660530,false,קרם לחות פנטן מיראקלס במבוק 270 מל,דיפלומט מפיצים (1968) בעמ,,,יח`,270,גרם,false,1,19.90,7.37,true,1,
8001841664866,false,שמפו פנטן סופר פוד 400 מל יבוא מקביל,איינשטיין-צור יבוא-יצוא וסחר ב,,,יח`,400,גרם,false,1,14.90,3.73,true,1,
8001841665290,false,שמפו פנטן קלאסי 400 מל יבוא מקביל,איינשטיין-צור יבוא-יצוא וסחר ב,,,יח`,400,גרם,false,1,14.90,3.73,true,1,
8001841669465,false,אריאל טבליות לכביסה 24 יחידות,דיפלומט מפיצים (1968) בעמ,,,יח`,1,,false,1,32.90,32.90,true,1,
8001841669519,false,אריאל קפסולות לכביסה 55 יח,דיפלומט מפיצים (1968) בעמ,,,יח`,1.57,"ק""ג",false,1,59.90,38.15,true,1,
8001841941929,false,תחבושות אולווייז וליו פק לילה בטוח אקסטר,דיפלומט מפיצים (1968) בעמ,,,יח`,1,,false,1,19.90,19.90,true,1,
8001841943961,false,לנור כדוריות הבושם אוקיינוס 210 גר`,דיפלומט מפיצים (1968) בעמ,,,יח`,210,גרם,false,1,27.90,13.29,true,1,
8002267014662,false,ביצת הפתעה ברבי שלושה 60 גר`,ש.שסטוביץ בעמ,,,יח`,60,גרם,false,1,11.90,19.83,false,1,
8002267015263,false,ביצת הפתעה מאשה והדוב 60 גר`,ש.שסטוביץ בעמ,,,יח`,60,גרם,false,1,11.90,19.83,false,1,
8002450203002,false,ספרקלטיני אבטיח ורדי בוסקה (750 מל),הכרם - משקאות חריפים בעמ,,,יח`,750,גרם,false,1,24.90,3.28,true,1,
8002450204009,false,ורדי אפרסק 750 מל,הכרם - משקאות חריפים בעמ,,,יח`,750,גרם,false,1,24.90,3.28,true,1,
8002450206508,false,קברנה סוביניון קאזה דה לואיג`י (750 מל),הכרם - משקאות חריפים בעמ,,,יח`,750,גרם,false,1,30.90,4.08,true,1,
8002450206522,false,מרלו קאזה דה לואיג`י (750 מל),הכרם - משקאות חריפים בעמ,,,יח`,750,גרם,false,1,30.90,4.08,true,1,
8003340091280,false,לינדט לינדור בונבוניירה 60% מריר 200 גרם,משה סידס ובנו בעמ,,,יח`,200,גרם,false,1,31.90,15.95,true,1,
8003440997833,false,מסטיק פיור פרש בטעם מנטה פירות אריזת חיס,ליימן שליסל בעמ,,,יח`,200,גרם,false,1,19.90,9.95,false,1,
8003440997871,false,מסטיק פיור פרש בטעם תות אריזת חיסכון,ליימן שליסל בעמ,,,יח`,200,גרם,false,1,19.90,9.95,false,1,
8004030081024,false,ריו מרה טונה בשמן זית שום ופלפל 160 ג,ש.שסטוביץ בעמ,,,יח`,160,גרם,false,1,18.90,11.81,false,1,
8004030177000,false,ריו מארה טונה בשמן זית עם צ`לי שלישיות 8,ש.שסטוביץ בעמ,,,יח`,240,גרם,false,1,27.90,11.63,true,1,
8004030344938,false,ריו מארה טונה בשמן זית שלישיות 80 גרם,ש.שסטוביץ בעמ,,,יח`,240,גרם,false,1,27.90,11.63,true,1,
8004800000064,false,גלילי ופל במילוי קרם קקאו בציפוי שוקולד,תה ויסוצקי (ישראל) בעמ,,,יח`,100,גרם,false,1,11.90,11.90,true,1,
8004800000071,false,גלילי ופל במילוי קרם אגוזי לוז בציפוי ש,תה ויסוצקי (ישראל) בעמ,,,יח`,100,גרם,false,1,11.90,11.90,true,1,
8004800004802,false,גלילי ופל במילוי קרם דומדמניות שחרות צי,תה ויסוצקי (ישראל) בעמ,,,יח`,100,גרם,false,1,11.90,11.90,true,1,
8004800004819,false,וופלים מצופים שוקולד עם קרם פסיפלורה ואג,תה ויסוצקי (ישראל) בעמ,,,יח`,110,גרם,false,1,11.90,10.82,true,1,
8004800004826,false,וופלים במילוי קרם קוקוס בציפוי שוקולד מר,תה ויסוצקי (ישראל) בעמ,,,יח`,98,גרם,false,1,11.90,12.14,true,1,
8004800005502,false,לאגו מיני רול-גלילי וופל במילוי קרם קקאו,תה ויסוצקי (ישראל) בעמ,,,יח`,125,גרם,false,1,9.90,7.92,true,1,
8004800005519,false,לאגו מיני רול-גלילי וופל במילוי קרם אגוז,תה ויסוצקי (ישראל) בעמ,,,יח`,125,גרם,false,1,9.90,7.92,true,1,
8004800005526,false,לאגו מיני רול-גלילי וופל במילוי קרם קוקו,תה ויסוצקי (ישראל) בעמ,,,יח`,125,גרם,false,1,9.90,7.92,true,1,
8005200256587,false,נסטי בטעם אפרסק 1.5 ליטר,טמפו משקאות בעמ,,,יח`,1500,גרם,false,1,8.90,0.57,true,1,
8005200286584,false,נסטי בטעם מנגו אננס 1.5 ליטר,טמפו משקאות בעמ,,,יח`,1500,גרם,false,1,8.90,0.57,true,1,
8005803010357,false,גריסיני קלאסי אמור די פאן (125 גרם),ליימן שליסל בעמ,,,יח`,125,גרם,false,1,7.90,6.32,true,1,
8005803010661,false,גריסיני עם שומשום אמור די פאן (125 גרם),ליימן שליסל בעמ,,,יח`,125,גרם,false,1,7.90,6.32,true,1,
8006540027011,false,לנור מרכך מרוכז בניחוח אמאטיסט 897 מל,דיפלומט מפיצים (1968) בעמ,,,יח`,897,גרם,false,1,14.90,1.66,true,1,
8006540027042,false,לנור מרכך מרוכז בניחוח פרחי בר 897 מל,דיפלומט מפיצים (1968) בעמ,,,יח`,897,גרם,false,1,14.90,1.66,true,1,
8006540091906,false,לנור כדוריות הריח בניחוח אריאל (140 גר`,דיפלומט מפיצים (1968) בעמ,,,יח`,140,גרם,false,1,19.90,14.21,false,1,
8006540110317,false,שמפו פנטן מיראקלס במבוק 400 מל,דיפלומט מפיצים (1968) בעמ,,,יח`,400,גרם,false,1,19.90,4.98,true,1,
8006540112823,false,לנור מרכך מרוכז בניחוח אוקיינוס 900 מל,דיפלומט מפיצים (1968) בעמ,,,יח`,900,גרם,false,1,14.90,1.66,true,1,
8006540112854,false,לנור מרכך מרוכז בניחוח סחלב 900 מל,דיפלומט מפיצים (1968) בעמ,,,יח`,900,גרם,false,1,14.90,1.66,true,1,
8006540157374,false,מרכך שיער פנטן מיראקלס במבוק 275 מל,דיפלומט מפיצים (1968) בעמ,,,יח`,275,גרם,false,1,19.90,7.24,true,1,
8006540163986,false,אריאל קפסולות לכביסה 35 יח`,דיפלומט מפיצים (1968) בעמ,,,יח`,1,,false,1,39.90,39.90,false,1,
8006540352960,false,טמפונים טמפקס פרל רגולר) (20,דיפלומט מפיצים (1968) בעמ,,,יח`,1,,false,1,29.90,29.90,true,1,
8006540353004,false,טמפונים פרל סופר טמפקס) (18,דיפלומט מפיצים (1968) בעמ,,,יח`,1,,false,1,29.90,29.90,true,1,
8006540404898,false,תחבושות אולוויז דיסקרט לונג פלוס 8 יח,דיפלומט מפיצים (1968) בעמ,,,יח`,1,,false,1,18.90,18.90,true,1,
8006540404935,false,תחבושות אולוויז דיסקרט נורמל 12 יח`,דיפלומט מפיצים (1968) בעמ,,,יח`,1,,false,1,18.90,18.90,true,1,
8006540425930,false,אריאל טבליות לכביסה 24 יחידות,דיפלומט מפיצים (1968) בעמ,,,יח`,1,,false,1,32.90,32.90,true,1,
8006540463550,false,טבליות למדיח פלטינום פיירי 63 יח`,דיפלומט מפיצים (1968) בעמ,,,יח`,1,,false,1,46.90,46.90,false,1,
8006540491539,false,פיירי פלטינום אורגינל 780 מל,דיפלומט מפיצים (1968) בעמ,,,יח`,780,גרם,false,1,11.90,1.53,false,1,
8006540495186,false,לנור מרכך כביסה בייבי 900 מל,דיפלומט מפיצים (1968) בעמ,,,יח`,900,גרם,false,1,14.90,1.66,true,1,
8006540495216,false,לנור מרכך מרוכז בניחוח אמאטיסט 900 מל,דיפלומט מפיצים (1968) בעמ,,,יח`,900,גרם,false,1,14.90,1.66,true,1,
8006540495247,false,לנור מרכך מרוכז בניחוח פרחי בר 900 מל,דיפלומט מפיצים (1968) בעמ,,,יח`,900,גרם,false,1,14.90,1.66,true,1,
8007520024501,false,פאוץ מיגלאור הודו 100 גר,שחורי אריה ואנסטסיה,,,יח`,100,גרם,false,1,4.90,4.90,false,1,
8007520024532,false,פאוץ מיגלאור הודו 100 גר,שחורי אריה ואנסטסיה,,,יח`,100,גרם,false,1,4.90,4.90,false,1,
8009470009171,false,סימבה כלב צייד 415גר`,שחורי אריה ואנסטסיה,,,יח`,415,גרם,false,1,4,0.96,false,1,
8024985002912,false,מחית סמוצ`י תפוח אגס בטטה אורגנית נטורה,נטורפוד בעמ,,,יח`,100,גרם,false,1,4.90,4.90,false,1,
8032880800243,false,פיקניק הפתעה 50 גר`,ליימן שליסל בעמ,,,יח`,50,גרם,false,1,6.90,13.80,false,1,
8076800195057,false,ברילה 500  גר`ספגטי  מס`5 צ.א,ש.שסטוביץ בעמ,,,יח`,500,גרם,false,1,6.90,1.38,true,1,
8076802085738,false,ברילה 500  גר`פנה רגטה צ.ק,ש.שסטוביץ בעמ,,,יח`,500,גרם,false,1,6.90,1.38,true,1,
8076802085981,false,ברילה 500  גר`פוזילי צ.ק,ש.שסטוביץ בעמ,,,יח`,500,גרם,false,1,6.90,1.38,true,1,
8076808060654,false,ברילה 500  גר`פרפלה  מס`65 צ.ק,ש.שסטוביץ בעמ,,,יח`,500,גרם,false,1,6.90,1.38,true,1,
8076808150072,false,ברילה 500  גר`ספגטוני  מס`7 צ.א,ש.שסטוביץ בעמ,,,יח`,500,גרם,false,1,6.90,1.38,true,1,
8076809514774,false,פרפנדלה ברילה (250 גרם),ש.שסטוביץ בעמ,,,יח`,250,גרם,false,1,17.90,7.16,false,1,
8076809523714,false,טליאטלה ברילה (500 גרם),ש.שסטוביץ בעמ,,,יח`,500,גרם,false,1,25.90,5.18,false,1,
8076809523738,false,לזניה ברילה (500 גרם),ש.שסטוביץ בעמ,,,יח`,500,גרם,false,1,23.90,4.78,true,1,
8076809529419,false,ספגטי חיטה מלאה ברילה (500 גרם),ש.שסטוביץ בעמ,,,יח`,500,גרם,false,1,14.90,2.98,true,1,
8076809545440,false,ספגטי מספר 5 ללא גלוטן ברילה (400 גרם),ש.שסטוביץ בעמ,,,יח`,400,גרם,false,1,14.90,3.73,false,1,
8076809545457,false,פסטה פנה ריגטה ללא גלוטן ברילה (400 גרם),ש.שסטוביץ בעמ,,,יח`,400,גרם,false,1,14.90,3.73,false,1,
8076809545464,false,פסטה פוזילי ללא גלוטן ברילה (400 גרם),ש.שסטוביץ בעמ,,,יח`,400,גרם,false,1,14.90,3.73,false,1,
8121300206946,false,סטיביה ממתיק 80 שקיקיים טרוביה 80 גר,גורי ע.ע.ע בעמ,,,יח`,80,גרם,false,1,19.90,24.88,true,1,
8121300207004,false,סטיביה ממתיק בצנצנת 270  גר`טרוביה,גורי ע.ע.ע בעמ,,,יח`,270,גרם,false,1,34.90,12.93,true,1,
8121300208780,false,טרוביה תחליף סוכר לכל מטרה 360 גר`,גורי ע.ע.ע בעמ,,,יח`,360,גרם,false,1,34.90,9.69,true,1,
8121300209466,false,טרוביה תחליף סוכר חום 320 גר`,גורי ע.ע.ע בעמ,,,יח`,320,גרם,false,1,34.90,10.91,true,1,
8231218080306,false,מיחם לשבת 4.8 ליטר דגם BT8080-,קונסיגנציה-ד.ש.ש. אלקטרוניקה ב,,,יח`,1,,false,1,219,219,false,1,
8231218080405,false,מיחם לשבת 5 ליטר דגם BT8080-,קונסיגנציה-ד.ש.ש. אלקטרוניקה ב,,,יח`,1,,false,1,229,229,false,1,
8231218080504,false,מיחם לשבת 6 ליטר דגם BT8080-,קונסיגנציה-ד.ש.ש. אלקטרוניקה ב,,,יח`,1,,false,1,249,249,false,1,
8231218080603,false,מיחם לשבת 6.5 ליטר דגם BT8080-,קונסיגנציה-ד.ש.ש. אלקטרוניקה ב,,,יח`,1,,false,1,279,279,false,1,
8231218080801,false,מיחם לשבת 7.4 ליטר דגם BT8080-,קונסיגנציה-ד.ש.ש. אלקטרוניקה ב,,,יח`,1,,false,1,319,319,false,1,
8312061230503,false,קוצץ מזון רב תכליתי BT-3050 BENATON,קונסיגנציה-ד.ש.ש. אלקטרוניקה ב,,,יח`,1,,false,1,119,119,false,1,
8352063440203,false,מצנם קופץ BENATON BT-4020,קונסיגנציה-ד.ש.ש. אלקטרוניקה ב,,,יח`,1,,false,1,149,149,false,1,
8367383380467,false,קומקום נירוסטה צבעוני BT-8046 BENATON,קונסיגנציה-ד.ש.ש. אלקטרוניקה ב,,,יח`,1,,false,1,79,79,false,1,
8377373138848,false,מסחטת הדרים BENATON BT-3500,קונסיגנציה-ד.ש.ש. אלקטרוניקה ב,,,יח`,1,,false,1,79,79,false,1,
8410076600622,false,נייטשר וואלי 210  גר`שבבי שוקולד מריר,ליימן שליסל בעמ,,,יח`,210,גרם,false,1,14.90,7.10,false,1,
8410076610379,false,נייטשר וואלי פרוטאין בוטנים ושבבי שוקולד,ליימן שליסל בעמ,,,יח`,210,גרם,false,1,24.90,11.86,true,1,
8410076610492,false,נייטשר וואלי צ`ואי חטיף חמאת בוטנים,ליימן שליסל בעמ,,,יח`,150,גרם,false,1,14.90,9.93,false,1,
8410076621009,false,חטיף פייברONE טעם קרמל מלוח,ליימן שליסל בעמ,,,יח`,1,,false,1,14.90,14.90,true,1,
8410076621047,false,חטיף פייברONE בטעם שוקולד,ליימן שליסל בעמ,,,יח`,1,,false,1,14.90,14.90,true,1,
8410104045111,false,פינש מלח למדיח 2 קג`,רקיט בנקיזר (ניר איסט) בעמ,,,יח`,2,"ק""ג",false,1,14.90,7.45,false,1,
8410104437268,false,פיניש מפיץ ריח רגיל,רקיט בנקיזר (ניר איסט) בעמ,,,יח`,1,,false,1,14.90,14.90,false,1,
8410104511340,false,רצועות שעווה מוכנות לעור יבש ויט (12),רקיט בנקיזר (ניר איסט) בעמ,,,יח`,1,יח`,false,1,24.90,24.90,true,1,
8410644611210,false,קאווה חצי יבשה וידה של סגל (750 מל),טמפו משקאות בעמ,,,יח`,750,גרם,false,1,30.90,4.08,false,1,
8410655000409,false,מארז בירה סאן  מיגל- שישייה 250 מל,אבאל יזמות בעמ,,,יח`,1500,גרם,false,1,29.90,1.87,false,1,
8410655000423,false,בירה רביעייה 5.4% אלכוהול 330 מל סאן מי,אבאל יזמות בעמ,,,יח`,1.32,1 ליטר,false,1,24.90,17.95,false,1,
8410655001147,false,סאן מיגל בירה 4.5% פחית 500מל,אבאל יזמות בעמ,,,יח`,500,גרם,false,1,8.90,1.72,true,1,
8410655002458,false,סאן מיגל בירה ללא גלוטן 330 מל,אבאל יזמות בעמ,,,יח`,330,גרם,false,1,9.90,2.91,false,1,
8412497594771,false,סט פירמידה צלחת קערה וכוס ספיידרמן,שמחה זה אנחנו בעמ,,,יח`,1,,false,1,14.90,14.90,false,1,
8413376024839,false,גבינת עיזים רכה עם עשבי תיבול 29% שומן,ג.וילי-פוד אינטרנשיונל **גבינו,,,יח`,110,גרם,false,1,14.90,13.55,true,1,
8420822130600,false,סופר מסיר שומנים 750 מל יעקובי,יעקב יעקבי ובניו בעמ,,,יח`,750,גרם,false,1,15.90,2.12,false,1,
8420822130624,false,סופר מסיר כתמים 750 מל יעקובי,יעקב יעקבי ובניו בעמ,,,יח`,750,גרם,false,1,16.90,2.25,false,1,
8423207206488,false,מרבה סלים דליס שוקולד חלב,ש.שסטוביץ בעמ,,,יח`,120,גרם,false,1,10.90,9.08,true,1,
8423207206495,false,מרבה סלים דליס שוקולד מריר,ש.שסטוביץ בעמ,,,יח`,120,גרם,false,1,10.90,9.08,true,1,
8423207206501,false,מרבה סלים דליס חצי מצופה,ש.שסטוביץ בעמ,,,יח`,78,גרם,false,1,10.90,13.97,true,1,
8423207207362,false,מרבה סלים דליס,ש.שסטוביץ בעמ,,,יח`,120,גרם,false,1,10.90,9.08,true,1,
8423207208260,false,מרבה סלים דליס שוקולד חלב ללא גלוטן,ש.שסטוביץ בעמ,,,יח`,1,,false,1,10.90,10.90,true,1,
8423207208680,false,סלים דליס לילדים עם שוקולד חלבי,ש.שסטוביץ בעמ,,,יח`,78,גרם,false,1,10.90,13.97,true,1,
8423207208697,false,סלים דליס לילדים עם שוקולד לבן,ש.שסטוביץ בעמ,,,יח`,78,גרם,false,1,10.90,13.97,true,1,
8423207208871,false,פריכיות תירס  טבעי- סלים דליס,גורי מוצרי צריכה (1991) בעמ,,,יח`,130,גרם,false,1,9.90,7.62,true,1,
8423207208888,false,פריכיות תירס בטעם עגבניות עשבי תיבול כש,גורי מוצרי צריכה (1991) בעמ,,,יח`,123,גרם,false,1,9.90,8.05,true,1,
8423207208895,false,פריכיות תירס זיתים ועירית כשלפ סלים דלי,גורי מוצרי צריכה (1991) בעמ,,,יח`,123,גרם,false,1,9.90,8.05,true,1,
8423207209885,false,סלים דליס מהדורה מיוחדת עם שוקולד חלב,ש.שסטוביץ בעמ,,,יח`,120,גרם,false,1,10.90,9.08,true,1,
8423207210287,false,מרבה סלים דליס שוקולד לבן בטעם יוגורט,ש.שסטוביץ בעמ,,,יח`,120,גרם,false,1,10.90,9.08,true,1,
8423207210928,false,סלים דליס טופינג אגוזי לוז,ש.שסטוביץ בעמ,,,יח`,90,גרם,false,1,10.90,12.11,true,1,
8423207210942,false,סלים דליס טופינג פירות יער,ש.שסטוביץ בעמ,,,יח`,90,גרם,false,1,10.90,12.11,true,1,
8423207210966,false,סליס דליס טופניג קוקוס ולימון,ש.שסטוביץ בעמ,,,יח`,120,גרם,false,1,10.90,9.08,true,1,
8423207210980,false,סלים דליס טופינג קליפת תפוז,ש.שסטוביץ בעמ,,,יח`,90,גרם,false,1,10.90,12.11,true,1,
8425206000081,false,מרדל ריבת חלב 450 גר,גורי מוצרי צריכה (1991) בעמ,,,יח`,450,גרם,false,1,17.90,3.98,false,1,
8427030007281,false,סימילאק קומפורט גולד 820  גר`שלב 1,שקד תבל בעמ-סימילק,,,יח`,820,גרם,false,1,109.90,13.40,false,1,
8427030007298,false,סימילאק קומפורט גולד 820  גר`שלב 2,שקד תבל בעמ-סימילק,,,יח`,820,גרם,false,1,109.90,13.40,false,1,
8435495805106,false,ביומט 5 קג,ליימן שליסל בעמ,,,יח`,5,"ק""ג",false,1,29.90,5.98,false,1,
8435495805168,false,תינוקלין 1.25 קג`,ליימן שליסל בעמ,,,יח`,1.25,"ק""ג",false,1,21.90,17.52,false,1,
8435495805199,false,אבקת כביסה  תינוקלין- 66 כביסות (3 קג),ליימן שליסל בעמ,,,יח`,3,"ק""ג",false,1,39.90,13.30,false,1,
8445290427120,false,פיטנס שוקולד מריר ובננה 330 גר`,קבוצת אסם סחר שות. מוגבלת,,,יח`,330,גרם,false,1,19.90,6.03,true,1,
8458998940228,false,מטחנת קפה BENATON BT-9402,קונסיגנציה-ד.ש.ש. אלקטרוניקה ב,,,יח`,1,,false,1,99,99,false,1,
8541224140407,false,פלטה שבת BT-4040 BENATON,קונסיגנציה-ד.ש.ש. אלקטרוניקה ב,,,יח`,1,,false,1,149,149,false,1,
8541224160603,false,פלטה שבת BT-6060 BENATON,קונסיגנציה-ד.ש.ש. אלקטרוניקה ב,,,יח`,1,,false,1,169,169,false,1,
8593868006014,false,בירה בלו מון 500 מל,הכרם - משקאות חריפים בעמ,,,יח`,500,גרם,false,1,9.90,1.92,false,1,
8606018615827,false,פיינט אוראו 300 גר`,נגה גלידות שותפות מוגבלת,,,יח`,300,גרם,false,1,21.90,7.30,false,1,
8606109023623,false,פרוויטה מיץ תפווחי עץ ולימון ליים 750 מ,יורוסטנדרט בעמ,,,יח`,750,גרם,false,1,12.90,1.68,false,1,
8606109023722,false,פרוויטה מיץ תפווחי עץ ומשמשים 750 מל,יורוסטנדרט בעמ,,,יח`,750,גרם,false,1,11.90,1.55,false,1,
8683130025574,false,בדין אקסטרא לבנדר 960 מל,יוניליוור ישראל שיווק בעמ,,,יח`,960,גרם,false,1,16.90,1.76,true,1,
8683130025581,false,בדין אקסטרא ענבר 960 מל .,יוניליוור ישראל שיווק בעמ,,,יח`,960,גרם,false,1,16.90,1.76,true,1,
8686868600068,false,אביזרי שיער סרטים וקשתות,אל האופק שיווק וסחר,,,יח`,1,,false,1,8.90,8.90,false,1,
8686868600075,false,אביזרי שיער סיכות פפיון גדולות,אל האופק שיווק וסחר,,,יח`,1,,false,1,9.90,9.90,false,1,
8686868600105,false,אביזרי שיער,אל האופק שיווק וסחר,,,יח`,1,,false,1,12.90,12.90,false,1,
8686868600112,false,אביזרי שיער,אל האופק שיווק וסחר,,,יח`,1,,false,1,13.90,13.90,false,1,
8686868600129,false,אביזרי שיער,אל האופק שיווק וסחר,,,יח`,1,,false,1,14.90,14.90,false,1,
8686868600150,false,אביזרי שיער,אל האופק שיווק וסחר,,,יח`,1,,false,1,17.90,17.90,false,1,
8686868600174,false,אביזרי שיער,אל האופק שיווק וסחר,,,יח`,1,,false,1,19.90,19.90,false,1,
8690120060170,false,וופל שוקולד חלב אגוזים,רויאל קנדיס בעמ,,,יח`,35,גרם,false,1,1.90,5.43,true,1,
8690526009278,false,חטיף קרמל מצופה שוקולד וחלב כדורוני דגני,גורי ע.ע.ע בעמ,,,יח`,126,גרם,false,1,9.90,7.86,true,1,
8690526019147,false,וופל קקאו במילוי קרם אגוזי לוז 142 גר`,גורי ע.ע.ע בעמ,,,יח`,142,גרם,false,1,7.90,5.56,true,1,
8690637503856,false,ממרח  לחיץ( 355  גר`)הלמנס,יוניליוור ישראל שיווק בעמ,,,יח`,355,גרם,false,1,14.90,4.20,true,1,
8690637504426,false,סיף קרם לימון 500 מל,יוניליוור ישראל שיווק בעמ,,,יח`,500,גרם,false,1,11.90,2.38,true,1,
8690637505607,false,מרכך בדין אקסטרה 960 מל בניחוח פינוק קלא,יוניליוור ישראל שיווק בעמ,,,יח`,960,גרם,false,1,16.90,1.76,true,1,
8690637505614,false,בדין אקסטרא בניחוח פינוק קוקוס 960 מל,יוניליוור ישראל שיווק בעמ,,,יח`,960,גרם,false,1,16.90,1.76,true,1,
8690637555084,false,בדין אקסטרא פריחת התפוז 960 מל,יוניליוור ישראל שיווק בעמ,,,יח`,960,גרם,false,1,16.90,1.76,true,1,
8690637688195,false,ליפטון תה ירוק מעטפה קלאסי,יוניליוור ישראל שיווק בעמ,,,יח`,30,גרם,false,1,16.90,56.33,true,1,
8690637799594,false,ליפטון תה ירוק נענע בסגנון מרוקאי,יוניליוור ישראל שיווק בעמ,,,יח`,30,גרם,false,1,16.90,56.33,true,1,
8690637858734,false,סיף ג`ל אקונומיקה לימון 750 מל,יוניליוור ישראל שיווק בעמ,,,יח`,750,גרם,false,1,11.90,1.59,true,1,
8690637866753,false,בדין אקסטרא לבנדר 960 מל,יוניליוור ישראל שיווק בעמ,,,יח`,960,גרם,false,1,16.90,1.76,true,1,
8690637871047,false,דאב שמפו עם שמן קוקוס 600 מל,יוניליוור ישראל שיווק בעמ,,,יח`,600,גרם,false,1,14.90,2.48,true,1,
8690637871061,false,דאב שמפו עם שמן אבוקדו ותמצית קלנדולה,יוניליוור ישראל שיווק בעמ,,,יח`,600,גרם,false,1,14.90,2.48,true,1,
8690637871245,false,מיונז אמיתי לחיץ הלמנס (395 גרם),יוניליוור ישראל שיווק בעמ,,,יח`,395,גרם,false,1,14.90,3.77,true,1,
8690637946301,false,בדין אקסטרא בייבי 960 מל,יוניליוור ישראל שיווק בעמ,,,יח`,960,גרם,false,1,16.90,1.76,true,1,
8690637946318,false,בדין אקסטרא בייבי טלק960 מל,יוניליוור ישראל שיווק בעמ,,,יח`,960,גרם,false,1,16.90,1.76,true,1,
8690637971310,false,בדין אקסטרא יערת הדבש (960מל),יוניליוור ישראל שיווק בעמ,,,יח`,960,גרם,false,1,16.90,1.76,true,1,
8690637976995,false,בדין אקסטרא ורוד במיחוח סחלבים  פראי( 96,יוניליוור ישראל שיווק בעמ,,,יח`,960,גרם,false,1,16.90,1.76,true,1,
8690758961009,false,אסותא צמרוני אוזנים כותנה לתינוקות,עיסא ערטול בעמ,,,יח`,1,,false,1,6.90,6.90,false,1,
8690758961023,false,אסותא פדים להסרת איפור שלישייה,עיסא ערטול בעמ,,,יח`,1,,false,1,15.90,15.90,false,1,
8690758981021,false,אסותא צמרגפןמכותנה,עיסא ערטול בעמ,,,יח`,1,,false,1,4.90,4.90,false,1,
8690766156367,false,טבלת שוקולד חלב מעולה 90 גר` גודייבה,תה ויסוצקי (ישראל) בעמ,,,יח`,90,גרם,false,1,14.90,16.56,true,1,
8690766156374,false,שוקולד מריר מעולה 72% גודייבה ( 90 גר`),תה ויסוצקי (ישראל) בעמ,,,יח`,90,גרם,false,1,14.90,16.56,true,1,
8690766156381,false,שוקולד מריר מעולה 90% גודייבה(90 גר` ),תה ויסוצקי (ישראל) בעמ,,,יח`,90,גרם,false,1,14.90,16.56,true,1,
8690766156404,false,שוקולד מריר בטעם תפוז אדום 90 גר`,תה ויסוצקי (ישראל) בעמ,,,יח`,90,גרם,false,1,14.90,16.56,true,1,
8690770322079,false,שמרים יבשים 450  גר`בדצ הנמל,הנמל אריזות ושיווק (1984) בעמ,,,יח`,450,גרם,false,1,12.90,2.87,true,1,
8690770322598,false,שמרים יבשים לאפיה הנמל (125 גרם),הנמל אריזות ושיווק (1984) בעמ,,,יח`,125,גרם,false,1,5.50,4.40,true,1,
8690777204071,false,פלפל חריף כבוש סרה (640 גרם),ג.וילי-פוד אינטרנשיונל בעמ,,,יח`,640,גרם,false,1,12.90,2.02,true,1,
8690777206051,false,חציל קלוי על האש סרה (650 גרם),ג.וילי-פוד אינטרנשיונל בעמ,,,יח`,650,גרם,false,1,12.90,1.98,true,1,
8690777221405,false,פלפל אדום קלוי על האש 650 גר` ויליפוד,ג.וילי-פוד אינטרנשיונל בעמ,,,יח`,650,גרם,false,1,12.90,1.98,true,1,
8690784616775,false,דאק סבון מוצק בלו 4ב1,דנשר (1963) בעמ,,,יח`,1,,false,1,10.90,10.90,true,1,
8691058141238,false,ערמונים שלמים קלויים וקלופים 100  גר`Ave,אבאל יזמות בעמ,,,יח`,100,גרם,false,1,4.90,4.90,true,1,
8691707036014,false,אוזמו שוקולד בצורת ביצה,מוחמד נעמה (1994) בעמ,,,יח`,1,,false,1,3.90,3.90,true,1,
8691707061153,false,אוזמו בובה קריסמס,מוחמד נעמה (1994) בעמ,,,יח`,1,,false,1,3.90,3.90,true,1,
8691707066035,false,אוזמו בורגר ביסקוויט סנדוויץ ממולא,מוחמד נעמה (1994) בעמ,,,יח`,1,,false,1,2.90,2.90,true,1,
8691707087962,false,אוזמו סוכריה שוקולד על מקל,מוחמד נעמה (1994) בעמ,,,יח`,1,,false,1,2.90,2.90,true,1,
8693323085100,false,ממתק חצוץ בצורת שטיח בטעם פירות 100 גר`,ליימן שליסל בעמ,,,יח`,100,גרם,false,1,5.90,5.90,false,1,
8697530910743,false,פאל מאל כחול,גלוברנדס בעמ - שיווק סיגריות,,,יח`,1,,false,1,30,30,true,1,
8697530910750,false,פאל מאל כחול 100 ארוך,גלוברנדס בעמ - שיווק סיגריות,,,יח`,1,,false,1,30,30,true,1,
8697530910781,false,פאל מאל אדום,גלוברנדס בעמ - שיווק סיגריות,,,יח`,1,,false,1,30,30,true,1,
8697530910941,false,פאל מאל כחול פאקט) (200,גלוברנדס בעמ - שיווק סיגריות,,,יח`,1,,false,1,285,285,false,1,
8697530911276,false,קנט קצר,גלוברנדס בעמ - שיווק סיגריות,,,יח`,1,,false,1,40,40,true,1,
8697659232795,false,מבשם אריגים מנטרל ריחות עישון 425 מל יע,יעקב יעקבי ובניו בעמ,,,יח`,425,גרם,false,1,13.90,3.27,false,1,
8697826469092,false,טורטיה קטנה 540  גר`12יח,דין שיווק וקליה 2021 בעמ,,,יח`,540,גרם,false,1,9.90,1.83,true,1,
8699141054595,false,אוזמו האפי ביסקוויט במילוי,מוחמד נעמה (1994) בעמ,,,יח`,1,,false,1,1.90,1.90,true,1,
8710428005762,false,סימילאק איזומיל טף,שקד תבל בעמ-סימילק,,,יח`,400,גרם,false,1,44.90,11.23,false,1,
8710428017000,false,פדיאשור פאוור וניל 850 גר`,שקד תבל בעמ-סימילק,,,יח`,850,גרם,false,1,79.90,9.40,false,1,
8710428017024,false,פדיאשור פאוור שוקולד 850 גר`,שקד תבל בעמ-סימילק,,,יח`,850,גרם,false,1,79.90,9.40,false,1,
8710447224366,false,טרזמה מרכך קרטין 400 מל,יוניליוור ישראל שיווק בעמ,,,יח`,400,גרם,false,1,22.90,5.73,true,1,
8710502139017,false,עוגיות טריפל שוקולד צ`יפס מרבה (180 גרם),ש.שסטוביץ בעמ,,,יח`,225,גרם,false,1,9.90,4.40,true,1,
8710502231018,false,עוגיות שוקולד צ`יפס מיני (175 גרם),ש.שסטוביץ בעמ,,,יח`,175,גרם,false,1,9.90,5.66,true,1,
8710502279010,false,עוגיות שוקולד צ`יפס מצופות שוקולד ( 175,ש.שסטוביץ בעמ,,,יח`,175,גרם,false,1,9.90,5.66,true,1,
8710502405204,false,מרבה עוגיותממולאות קרם שוקולד,ש.שסטוביץ בעמ,,,יח`,175,גרם,false,1,9.90,5.66,true,1,
8710502470028,false,עוגיות נוגטלי מרבה (160 גרם),ש.שסטוביץ בעמ,,,יח`,160,גרם,false,1,9.90,6.19,true,1,
8710552274614,false,וניש גולד ספריי שטיחים 600 מל,רקיט בנקיזר (ניר איסט) בעמ,,,יח`,600,גרם,false,1,31.90,5.32,true,1,
8710800027573,false,מיני מנטוס שקית,ליימן שליסל בעמ,,,יח`,178,גרם,false,1,13.90,7.81,false,1,
8710800961310,false,מנטוס רביעיה,ליימן שליסל בעמ,,,יח`,150,גרם,false,1,13.90,9.27,true,1,
8710847942679,false,טרזמה שמפו שמן המפ 400מל,יוניליוור ישראל שיווק בעמ,,,יח`,400,גרם,false,1,22.90,5.73,true,1,
8710847942693,false,טרזמה מרכך שמן המפ 400מל,יוניליוור ישראל שיווק בעמ,,,יח`,400,גרם,false,1,22.90,5.73,true,1,
8711000362679,false,קפסולות קפה אספרסו קולומביה (8)52  גר`לו,דיפלומט היינץ,,,יח`,0,גרם,false,1,19.90,19.90,true,1,
8711000371176,false,קפסולות קפה אספרסו קלאסיקו ג`ייקבוס עוצמ,דיפלומט היינץ,,,יח`,1,,false,1,15.90,15.90,true,1,
8711000371183,false,קפסולות קפה אספרסו קלאסיקו אינטנסו עוצמה,דיפלומט היינץ,,,יח`,1,,false,1,15.90,15.90,true,1,
8711000371206,false,קפסולות קפה אספרסו ריסטרטו ג`ייקבוס (עוצ,דיפלומט היינץ,,,יח`,1,,false,1,15.90,15.90,true,1,
8711000431108,false,קפסולות קפה אספרסו הודו (10)52  גר`לור,דיפלומט היינץ,,,יח`,0,גרם,false,1,19.90,19.90,true,1,
8712400718073,false,נוטרילון 400  גר`AR,דיפלומט היינץ,,,יח`,400,גרם,false,1,49.90,12.48,false,1,
8712400802499,false,תחליף חלב שלב 1 נוטרילון (800 גרם),דיפלומט היינץ,,,יח`,800,גרם,false,1,62.90,7.86,true,1,
8712400802512,false,תחליף חלב שלב 2 נוטרילון (800 גרם),דיפלומט היינץ,,,יח`,800,גרם,false,1,62.90,7.86,true,1,
8712400802536,false,תחליף חלב שלב 3 נוטרילון (800 גרם),דיפלומט היינץ,,,יח`,800,גרם,false,1,62.90,7.86,true,1,
8714599410806,false,ג`ייקובס קרוננג מיובש בהקפאה 160 גר` שקי,דיפלומט היינץ,,,יח`,160,גרם,false,1,17.90,11.19,true,1,
8714599412336,false,ג`ייקובס בריסטה אמריקנו 160 גר`,דיפלומט היינץ,,,יח`,160,גרם,false,1,26.90,16.81,true,1,
8714599513781,false,ג`יקובס גולד 200  גר`מיובש בהקפאה,דיפלומט היינץ,,,יח`,200,גרם,false,1,24.90,12.45,false,1,
8714599513835,false,ג`יקובס נטול קופאין 200  גר`מיובש בהקפאה,דיפלומט היינץ,,,יח`,200,גרם,false,1,32.90,16.45,false,1,
8714599513866,false,קפה נמס קרוננג ג`יקובס 200 גר`,דיפלומט היינץ,,,יח`,200,גרם,false,1,24.90,12.45,false,1,
8714789529561,false,קולגייט סנסיטיב פרו  ריליף+ הלבנה 75 מל,ש.שסטוביץ בעמ,,,יח`,75,גרם,false,1,22.90,30.53,true,1,
8714789797786,false,פלמוליב כלים שקוף גרםיס בלסטר 750,ש.שסטוביץ בעמ,,,יח`,750,גרם,false,1,12.90,1.72,true,1,
8714789930848,false,קולגייט משחת אופטיק וייט הלבנה מיידית 75,איינשטיין-צור יבוא-יצוא וסחר ב,,,יח`,75,גרם,false,1,14.90,19.87,false,1,
8715300238306,false,חמאה הולנדית ללא מלח 200 גרם,בני ג`ורג` שוקחה (חיפה) בעמ,,,יח`,200,גרם,false,1,12.90,6.45,false,1,
8715700110141,false,מיונז צנצנת 460  גר`היינץ,דיפלומט היינץ,,,יח`,460,גרם,false,1,11.90,2.59,true,1,
8715700110158,false,מיונז לייט צנצנת 490  גר`היינץ,דיפלומט היינץ,,,יח`,490,גרם,false,1,11.90,2.43,true,1,
8715700117805,false,מתבל עגבניות ללתס ומלח 400 מל היינץ,דיפלומט היינץ,,,יח`,400,גרם,false,1,11.90,2.98,true,1,
8715700118789,false,היינץ מיונז טבעוני 390 גר`,דיפלומט היינץ,,,יח`,390,גרם,false,1,19.90,5.10,false,1,
8715700120874,false,קטשופ שום 460  גר`היינץ,דיפלומט היינץ,,,יח`,460,גרם,false,1,11.90,2.59,true,1,
8715700419695,false,רוטב ברביקין מתוק 500  גר`היינץ,דיפלומט היינץ,,,יח`,500,גרם,false,1,16.90,3.38,false,1,
8715700419732,false,מתבל עגבניות היינץ (700 גרם),דיפלומט היינץ,,,יח`,700,גרם,false,1,11.90,1.70,true,1,
8715700421322,false,רוטב ברביקין צ`ילי 490  גר`היינץ,דיפלומט היינץ,,,יח`,490,גרם,false,1,16.90,3.45,false,1,
8715700422473,false,ממרח לחיץ היינץ 395 גר ללא חומר משמר,דיפלומט היינץ,,,יח`,395,גרם,false,1,15.90,4.03,false,1,
8715700423906,false,היינץ מתבל עגבניות 555 גר,דיפלומט היינץ,,,יח`,555,גרם,false,1,11.90,2.14,true,1,
8717163628355,false,מרכך להחלקה וצבע 400 מל טרזמה,יוניליוור ישראל שיווק בעמ,,,יח`,400,גרם,false,1,19.90,4.98,true,1,
8717163714850,false,דאודורנט ספריי קוקוס  ויסמין( 150  מל),יוניליוור ישראל שיווק בעמ,,,יח`,150,גרם,false,1,14.90,9.93,true,1,
8717677336593,false,שוקולד חלב טוניס שוקולונלי 180 גר`,ליימן שליסל בעמ,,,יח`,180,גרם,false,1,19.90,11.06,false,1,
8717677336661,false,שוקולד מריר 70% טוניס שוקולונלי 180 גר`,ליימן שליסל בעמ,,,יח`,180,גרם,false,1,19.90,11.06,false,1,
8717677338436,false,שוקולד חלב עם אגוזי לוז קצוצים טוניס שוק,ליימן שליסל בעמ,,,יח`,180,גרם,false,1,19.90,11.06,false,1,
8718951030206,false,משחת שיניים סנסטיב מולטי פרוטקשן קולגייט,ש.שסטוביץ בעמ,,,יח`,75,גרם,false,1,14.90,19.87,true,1,
8718951048461,false,אג`קס חלונות 750 מל יבוא מקביל טריפל אק,אופאל יאצא בעמ,,,יח`,750,גרם,false,1,11.90,1.59,true,1,
8718951159808,false,קולגייט מברשת 360 שלישייה,ש.שסטוביץ בעמ,,,יח`,1,,false,1,24.90,24.90,false,1,
8718951167094,false,פלמוליב צילינדר תפוז וליים 1 ליטר,ש.שסטוביץ בעמ,,,יח`,1000,גרם,false,1,13.90,1.39,false,1,
8718951175280,false,קולגייט משחת שיניים,ש.שסטוביץ בעמ,,,יח`,75,גרם,false,1,19.90,26.53,true,1,
8718951175600,false,משחת שיניים קלין מינט לפה בריא יותר 75 מ,ש.שסטוביץ בעמ,,,יח`,75,גרם,false,1,12.90,17.20,false,1,
8718951226807,false,קולגייט משחת שיניים טוטל להלבנה 75 מל,איינשטיין-צור יבוא-יצוא וסחר ב,,,יח`,75,גרם,false,1,12.90,17.20,false,1,
8718951231504,false,מברשת שיניים קולגייט ילדים טרול עם בטריי,פארמה דיל (פ.א.ב.) שיווק והפצה,,,יח`,1,,false,1,24.90,24.90,false,1,
8718951236783,false,קולגייט משחת שיניים טוטל פרש סטריפ 100 מ,איינשטיין-צור יבוא-יצוא וסחר ב,,,יח`,100,גרם,false,1,12.90,12.90,false,1,
8718951236790,false,קולגייט טוטאל משחת שיניים קלין מינט לפה,ש.שסטוביץ בעמ,,,יח`,100,גרם,false,1,16.90,16.90,true,1,
8718951236806,false,קולגייט טוטאל משחת שיניים המסייעת בהסרת,ש.שסטוביץ בעמ,,,יח`,100,גרם,false,1,16.90,16.90,true,1,
8718951236813,false,קולגייט טוטאל משחת שיניים ניקוי מתקדם לפ,ש.שסטוביץ בעמ,,,יח`,100,גרם,false,1,16.90,16.90,true,1,
8718951259409,false,פלמוליב נטורלס תחליב רחצה לחות מוגבר 750,ש.שסטוביץ בעמ,,,יח`,750,גרם,false,1,19.90,2.65,true,1,
8718951312722,false,קולגייט מקס פרש ווייט קריסטל,איינשטיין-צור יבוא-יצוא וסחר ב,,,יח`,100,גרם,false,1,14.90,14.90,false,1,
8718951313576,false,קולגייט מקס פרש קולינג קריסטל 100 מל,איינשטיין-צור יבוא-יצוא וסחר ב,,,יח`,100,גרם,false,1,14.90,14.90,false,1,
8718951315303,false,משחת שיניים להגנה מפני עששת 100*2 קולגיי,ש.שסטוביץ בעמ,,,יח`,200,גרם,false,1,19.90,9.95,false,1,
8718951320093,false,קולגייט מברשות 360 אדוונס וויט 2יח,ש.שסטוביץ בעמ,,,יח`,1,,false,1,24.90,24.90,false,1,
8718951350137,false,פלמוליב נטורלס תחליב רחצה מקדמיה 750 מל,ש.שסטוביץ בעמ,,,יח`,750,גרם,false,1,19.90,2.65,true,1,
8718951400474,false,פלמוליב תחליב רחצה קמליה ושקדים 750 מל,ש.שסטוביץ בעמ,,,יח`,750,גרם,false,1,19.90,2.65,true,1,
8718951428492,false,פלמוליב סבון רחצה לגבר 4ב1 פחם 750 מל,ש.שסטוביץ בעמ,,,יח`,750,גרם,false,1,19.90,2.65,true,1,
8718951443358,false,פלמוליב סבון ידיים הגיינה שלישייה,ש.שסטוביץ בעמ,,,יח`,900,גרם,false,1,24.90,2.77,true,1,
8718951470538,false,קולגייט משחת שיניים מקס פרש 2*125 מל,ש.שסטוביץ בעמ,,,יח`,250,גרם,false,1,29.90,11.96,true,1,
8718951477384,false,קולגייט טוטאל משחת שיניים ג`ל 75 מל,ש.שסטוביץ בעמ,,,יח`,1,,false,1,19.90,19.90,false,1,
8718951509627,false,קולגיט אופטיק וויט לאוהבי קפה 75 מל,ש.שסטוביץ בעמ,,,יח`,75,גרם,false,1,29.90,39.87,false,1,
8719200998001,false,בלו בנד בלי מלח 250 גר`,דיפלומט היינץ,,,יח`,200,גרם,false,1,4.50,2.25,false,1,
8719200998018,false,מרגרינה מחמאה בטעם חמאה 200  גר`בלובנד,דיפלומט היינץ,,,יח`,200,גרם,false,1,4.80,2.40,false,1,
8719200998049,false,מרגרינה למריחה בטעם טבעי (250  גרם)מזולה,דיפלומט היינץ,,,יח`,250,גרם,false,1,9.90,3.96,false,1,
8719200998094,false,מזולה אפייה ללא מלח 200 גר,דיפלומט היינץ,,,יח`,200,גרם,false,1,6.90,3.45,false,1,
8720181046605,false,דאודורנט ספריי אורגינל (150  מל)דאב,יוניליוור ישראל שיווק בעמ,,,יח`,150,גרם,false,1,14.90,9.93,false,1,
8720181046612,false,דאודורנט רול און אורגינל דאב (50 מל),יוניליוור ישראל שיווק בעמ,,,יח`,50,גרם,false,1,14.90,29.80,false,1,
8720181114472,false,אקס דאו ספריי לגבר אפולו 150 מל(יבוא,איינשטיין-צור יבוא-יצוא וסחר ב,,,יח`,150,גרם,false,1,9.90,6.60,true,1,
8720181114489,false,אקס דאו ספרי י black 150 מל לגבר(יבו,איינשטיין-צור יבוא-יצוא וסחר ב,,,יח`,150,גרם,false,1,9.90,6.60,true,1,
8720181114496,false,אקס דאו ספריי לגבר DARK TEMPTATION 150 מ,איינשטיין-צור יבוא-יצוא וסחר ב,,,יח`,150,גרם,false,1,9.90,6.60,true,1,
8720181114519,false,אקס גולד דאו ספריי לגבר 150 מל(יבוא  מ,איינשטיין-צור יבוא-יצוא וסחר ב,,,יח`,150,גרם,false,1,9.90,6.60,true,1,
8720181123955,false,ג`ל רחצה אקס ריצ`ארג` (400 מל),יוניליוור ישראל שיווק בעמ,,,יח`,400,גרם,false,1,9.90,2.48,true,1,
8720182256850,false,דאב סבון מוצק קלאסי (4*90 גר`),יוניליוור ישראל שיווק בעמ,,,יח`,360,גרם,false,1,11.90,3.31,true,1,
8723400756552,false,מנטוס רביעיה,ליימן שליסל בעמ,,,יח`,150,גרם,false,1,13.90,9.27,true,1,
8778987620659,false,מיקרוגל 23 ליטר BENATON BT-2065,קונסיגנציה-ד.ש.ש. אלקטרוניקה ב,,,יח`,1,,false,1,449,449,false,1,
8783662804057,false,קומקום זכוכית +BT-8040חליטת  תה+שומר חום,קונסיגנציה-ד.ש.ש. אלקטרוניקה ב,,,יח`,1,,false,1,159,159,false,1,
8801055707966,false,קפה טייסטרס צ`ויס בריסטה נסקפה (180 גרם),קבוצת אסם סחר שות. מוגבלת,,,יח`,180,גרם,false,1,32.90,18.28,false,1,
8801055709458,false,נס קפה קפוצ`ינו קרמל 170 גר`,קבוצת אסם סחר שות. מוגבלת,,,יח`,170,גרם,false,1,18.90,11.12,false,1,
8801055709465,false,נס קפה קפוצ`ינו וניל 185 גר`,קבוצת אסם סחר שות. מוגבלת,,,יח`,185,גרם,false,1,18.90,10.22,false,1,
8801055709472,false,נס קפה קפוצ`ינו קלאסיק 125 גר`,קבוצת אסם סחר שות. מוגבלת,,,יח`,125,גרם,false,1,18.90,15.12,false,1,
8801055709489,false,נס קפה קפוצ`ינו אגוזים 180 גר`,קבוצת אסם סחר שות. מוגבלת,,,יח`,180,גרם,false,1,18.90,10.50,false,1,
8801055709526,false,נס קפה קפוצ`ינו שוקולד לבן 180 גר`,קבוצת אסם סחר שות. מוגבלת,,,יח`,180,גרם,false,1,18.90,10.50,false,1,
8802241131664,false,חטיף אצות ים קלויות 9 יח עם מלח,טחנת האבן קואופ בעמ,,,יח`,40.50,גרם,false,1,30.90,76.30,false,1,
8825663884000,false,טוסטר אובן BENATON BT-88400 40L,קונסיגנציה-ד.ש.ש. אלקטרוניקה ב,,,יח`,1,,false,1,349,349,false,1,
8850389105825,false,משקה אלוורה ענבים סאפה (1 ליטר),טמפו משקאות בעמ,,,יח`,1,1 ליטר,false,1,13.90,13.90,false,1,
8850389105832,false,משקה אלוורה תפוחים סאפה (1 ליטר),טמפו משקאות בעמ,,,יח`,1,1 ליטר,false,1,13.90,13.90,false,1,
8850389105849,false,משקה אלוורה אפרסק סאפה (1 ליטר),טמפו משקאות בעמ,,,יח`,1,1 ליטר,false,1,13.90,13.90,false,1,
8850389115336,false,משקה אלוורה מלון סאפה (1 ליטר),טמפו משקאות בעמ,,,יח`,1,1 ליטר,false,1,13.90,13.90,false,1,
8850632604259,false,יוגטה חמצוצים מקלות 50 גר`,ליימן שליסל בעמ,,,יח`,50,גרם,false,1,3.90,7.80,false,1,
8850632604266,false,חיספוסים מקלות בטעם קולה יוגטה (50 גרם),ליימן שליסל בעמ,,,יח`,50,גרם,false,1,3.90,7.80,false,1,
8850632604372,false,חמצוצים שטיח בטעם תות שדה יוגטה (50 גרם),ליימן שליסל בעמ,,,יח`,50,גרם,false,1,3.90,7.80,false,1,
8850632604402,false,יוגטה חמצוצים שטיח 50 גר`,ליימן שליסל בעמ,,,יח`,50,גרם,false,1,3.90,7.80,false,1,
8852633119039,false,רוטב דגים 300  מל- כשר,טחנת האבן קואופ בעמ,,,יח`,300,גרם,false,1,10.90,3.63,false,1,
8857101301008,false,רוטב צ`ילי מתוק וילי פוד (700 מל),ג.וילי-פוד אינטרנשיונל בעמ,,,יח`,700,גרם,false,1,9.80,1.40,false,1,
8858577882008,false,אובן טוסטר BENATON BT-88200 20L,קונסיגנציה-ד.ש.ש. אלקטרוניקה ב,,,יח`,1,,false,1,249,249,false,1,
8858577883203,false,אובן טוסטר BENATON BT-88320 32L,קונסיגנציה-ד.ש.ש. אלקטרוניקה ב,,,יח`,1,,false,1,299,299,false,1,
8860220557003,false,תנור חימום חשמלי כולל מעמד רצפתי מתכוו,קונסיגנציה-ד.ש.ש. אלקטרוניקה ב,,,יח`,1,,false,1,299,299,false,1,
8860220557201,false,תנור חימום קוורץ 4 ספירלות BT-55720,קונסיגנציה-ד.ש.ש. אלקטרוניקה ב,,,יח`,1,,false,1,249,249,false,1,
8860220557409,false,תנור חימום מגדל BT-55740,קונסיגנציה-ד.ש.ש. אלקטרוניקה ב,,,יח`,1,,false,1,299,299,false,1,
8874328380241,false,קומקום זכוכית LED BT-8024 BENATON,קונסיגנציה-ד.ש.ש. אלקטרוניקה ב,,,יח`,1,,false,1,149,149,false,1,
8874328380418,false,קומקום LUXURY  -BT 8041 שחור/כחול/כתו,קונסיגנציה-ד.ש.ש. אלקטרוניקה ב,,,יח`,1,,false,1,99,99,false,1,
8874328380425,false,קומקום BENATON  -BT 8042 אדום/אפור/ירו,קונסיגנציה-ד.ש.ש. אלקטרוניקה ב,,,יח`,1,,false,1,99,99,false,1,
8888021200720,false,סוללות אנרג ייזר-שמיניה,דנשר (1963) בעמ,,,יח`,1,,false,1,24.90,24.90,false,1,
8888111555013,false,מיץ אננס 240 מל פחית,בני פאוזי שמשום (2009) בעמ,,,יח`,240,גרם,false,1,2.90,1.08,false,1,
8900052751603,false,כירה חשמלית BT-5160 BENATON,קונסיגנציה-ד.ש.ש. אלקטרוניקה ב,,,יח`,1,,false,1,139,139,false,1,
8900052752600,false,כיריים חשמליות כפולות BT-5260 BENATON,קונסיגנציה-ד.ש.ש. אלקטרוניקה ב,,,יח`,1,,false,1,159,159,false,1,
8901314517999,false,מברשת שיניים קולגייט צ`רקואל מארז רביעיי,פארמה דיל (פ.א.ב.) שיווק והפצה,,,יח`,1,,false,1,19.90,19.90,false,1,
8901537024014,false,אורז בסמטי דאווט וילי פוד (1 קג),ג.וילי-פוד אינטרנשיונל בעמ,,,יח`,1,"ק""ג",false,1,11.90,11.90,false,1,
8954714406004,false,תנור חימום ענק BT-40600,קונסיגנציה-ד.ש.ש. אלקטרוניקה ב,,,יח`,1,,false,1,249,249,false,1,
8954714604004,false,תנור חימום ענק BT-60400,קונסיגנציה-ד.ש.ש. אלקטרוניקה ב,,,יח`,1,,false,1,299,299,false,1,
8957123840117,false,פלטה קרמית יחיד BENATON BT-4011,קונסיגנציה-ד.ש.ש. אלקטרוניקה ב,,,יח`,1,,false,1,149,149,false,1,
8957123840223,false,פלטה קרמית כפולה BT-4022 BENATON,קונסיגנציה-ד.ש.ש. אלקטרוניקה ב,,,יח`,1,,false,1,299,299,false,1,
9000101537550,false,פרסיל פאוור קאפס יוניברסל,גורי שיווק בעמ,,,יח`,1,,false,1,59.90,59.90,true,1,
9001395807015,false,בננית מצפה שוקולד 300 גר,יעד ממתקים בעמ,,,יח`,300,גרם,false,1,9.90,3.30,false,1,
9001616202100,false,מוצצים 6+ סיליקון  אוריג`ינל-בנים(תכלת),אלפא קוסמטיקה בעמ,,,יח`,1,,false,1,34.90,34.90,false,1,
9001616202131,false,מוצצים 0-6 סיליקון פרל,אלפא קוסמטיקה בעמ,,,יח`,1,,false,1,34.90,34.90,false,1,
9001616202155,false,מוצצים 16+ סיליקון-בן  (כחול),אלפא קוסמטיקה בעמ,,,יח`,1,,false,1,34.90,34.90,false,1,
9001616202360,false,זוג מוצצים סיליקון 6+ לילה זוהרים בחושך,אלפא קוסמטיקה בעמ,,,יח`,1,,false,1,34.90,34.90,false,1,
9001616203305,false,פטמה X למזון סמיך ולדייסות,אלפא קוסמטיקה בעמ,,,יח`,1,,false,1,34.90,34.90,false,1,
9001616203626,false,פטמה 3 זרימה מהירה,אלפא קוסמטיקה בעמ,,,יח`,1,,false,1,34.90,34.90,false,1,
9001616682216,false,בקבוק אנטי קוליק 160 מל -תכלת,אלפא קוסמטיקה בעמ,,,יח`,1,,false,1,34.90,34.90,true,1,
9001616702693,false,מוצצים 0-6 סיליקון בעלי חיים  בת(ורוד),אלפא קוסמטיקה בעמ,,,יח`,1,,false,1,34.90,34.90,false,1,
9001616702716,false,זוג מוצצים סיליקון 6+ לילה זוהרים בחושך,אלפא קוסמטיקה בעמ,,,יח`,1,,false,1,34.90,34.90,false,1,
9001616702877,false,מוצצים 16+ סיליקון-בת  (ורוד),אלפא קוסמטיקה בעמ,,,יח`,1,,false,1,34.90,34.90,false,1,
9001616702969,false,בקבוק תינוק 270 מל -סגול,אלפא קוסמטיקה בעמ,,,יח`,1,,false,1,34.90,34.90,true,1,
9001616703010,false,בקבוק תינוק 330 מל -ורוד,אלפא קוסמטיקה בעמ,,,יח`,1,,false,1,34.90,34.90,true,1,
9001616703027,false,בקבוק תינוק 330 מל -אפור,אלפא קוסמטיקה בעמ,,,יח`,1,,false,1,34.90,34.90,true,1,
9001616703140,false,מחלק מנות-ורוד,אלפא קוסמטיקה בעמ,,,יח`,1,,false,1,39.90,39.90,false,1,
9002975393829,false,הריבו פיצ`ס 70 גר`,משה סידס ובנו בעמ,,,יח`,70,גרם,false,1,6.90,9.86,true,1,
9002975393836,false,הריבו האפי קולה 70 גר`,משה סידס ובנו בעמ,,,יח`,70,גרם,false,1,6.90,9.86,true,1,
9002975393843,false,הריבו גולדברס 70 גר`,משה סידס ובנו בעמ,,,יח`,70,גרם,false,1,6.90,9.86,true,1,
9120025834723,false,חטיף אוראו מצונן 120 גר`,ג.וילי-פוד אינטרנשיונל **גבינו,,,יח`,120,גרם,false,1,14.90,12.42,true,1,
9310072028743,false,חטיף שוקולד אורגינל טים טם (200 גרם),משה סידס ובנו בעמ,,,יח`,200,גרם,false,1,20.90,10.45,true,1,
9310072028750,false,חטיף שוקולד דאבל קרם טים טם (200 גרם),משה סידס ובנו בעמ,,,יח`,200,גרם,false,1,20.90,10.45,true,1,
9780201305890,false,שואב אבק ציקלון BENATON BT-589 מוט טלס,קונסיגנציה-ד.ש.ש. אלקטרוניקה ב,,,יח`,1,,false,1,199,199,false,1,
9780204030607,false,קומקום שבת שומר חום BT-403060,קונסיגנציה-ד.ש.ש. אלקטרוניקה ב,,,יח`,1,,false,1,149,149,false,1,
9816374550079,false,רדיאטור 7 צלעות BT-55007,קונסיגנציה-ד.ש.ש. אלקטרוניקה ב,,,יח`,1,,false,1,239,239,false,1,
9816374550093,false,רדיאטור 9 צלעות BT-55009,קונסיגנציה-ד.ש.ש. אלקטרוניקה ב,,,יח`,1,,false,1,239,239,false,1,
9816374550123,false,רדיאטור 12 צלעות BT-55012,קונסיגנציה-ד.ש.ש. אלקטרוניקה ב,,,יח`,1,,false,1,349,349,false,1,
9816374551205,false,מפזר חום עומד BT-55120,קונסיגנציה-ד.ש.ש. אלקטרוניקה ב,,,יח`,1,,false,1,59,59,false,1,
9816374551403,false,מפזר חום עומד שוכב BT-55140,קונסיגנציה-ד.ש.ש. אלקטרוניקה ב,,,יח`,1,,false,1,79,79,false,1,
9816374556101,false,סדין חימום יחיד BT-55610,קונסיגנציה-ד.ש.ש. אלקטרוניקה ב,,,יח`,1,,false,1,149,149,false,1,
9816374556200,false,סדין חימום זוגי BT-55620,קונסיגנציה-ד.ש.ש. אלקטרוניקה ב,,,יח`,1,,false,1,199,199,false,1,
9816374559003,false,תנור חימום 3 ספירלות BT-55900,קונסיגנציה-ד.ש.ש. אלקטרוניקה ב,,,יח`,1,,false,1,149,149,false,1,
