code,internal_code,name,manufacturer_name,manufacture_country,manufacturer_item_description,unit_qty,quantity,unit_of_measure,weighted,qty_in_package,price,unit_of_measure_price,allow_discount,status,item_id
72940754,false,"מילקי מעדן וניל עם קצפת שטראוס 133 מ""ל","שטראוס גרופ בע""\מ",IL,מילקי טעם וניל,מיליליטרים,170.00,"100 מ""ל",false,0,2.80,1.65,true,1,
72940761,false,"מילקי מעדן שוקולד עם קצפת שטראוס 133 מ""ל",מיוצר עי קונדיטוריית,IL,מילקי טעם שוקולד,מיליליטרים,170.00,"100 מ""ל",false,0,2.80,1.65,true,1,
72983997,false,קופסה גולף גולד ארוך בוקס,דובק,,גולף גולד,יחידה,1.00,יחידה,false,0,29.00,29.00,false,1,
72991374,false,סיגריות טיים רד חפיס,דובק,IL,טיים RED יחידה,יחידה,1.00,יחידה,false,0,28.00,28.00,false,1,
72993637,false,מעדן חלב בטעם שוקולד 125 ג' דני,"שטראוס גרופ בע""\מ",IL,דני שוקולד 1.5%,גרמים,125.00,100 גרם,false,0,2.70,2.16,true,1,
3045140105502,false,שוקולד מילקה חלב 100 גרם,מנדלז דויצ'\לנד סנקס פרו,DE,שוקולד חלב מילקה,גרמים,100.00,100 גרם,false,0,7.90,7.90,true,1,
4007951002721,false,תפוח אדמה מטוגן עם בצל,אורלצי,DE,"תפו""א עם בצל",יחידה,1.00,יחידה,false,1,12.90,12.90,true,1,
4007951006248,false,תפוח אדמה עם רוזמרין,אורלצי,DE,"תפו""א עם רוזמרין",יחידה,1.00,יחידה,false,1,12.90,12.90,true,1,
4007951006293,false,תפוח אדמה מבושל עם שום,אורלצי,IL,"תפו""א עם שום",יחידה,1.00,יחידה,false,1,12.90,12.90,true,1,
4009900403023,false,אורביט וויט בטעם מנטה בקבוקון 46 מלבניות,"ב.א מזון בע""מ",PL,אורביט בקבוקון,גרמים,64.00,100 גרם,false,0,10.90,17.03,true,1,
4009900412117,false,אורביט ספירמינט בקבוק64ג,ריגלי,PL,אורביט בקבוקון,גרמים,64.00,100 גרם,false,1,10.90,17.03,true,1,
4105120003903,false,בירה ויינשטפן בקבוק 500מ,ווינשטפן,DE,בירה ויינשטפן,מיליליטרים,500.00,"100 מ""ל",false,1,16.60,3.32,true,1,
5011157630281,false,אורז לבן ארוך בסמטי טילדה Tilda,אלסקה/ טילדה,GB,אורז טילדה המשלי,קילוגרמים,1.00,"ק""ג",false,0,25.60,25.60,true,1,
5201940010110,false,זיתים שחורים קלמטה וילי פוד 250 גרם,סיוארס אס.איי,GR,זיתים שחורים,גרמים,454.00,100 גרם,false,0,18.00,3.96,true,1,
5900020012814,false,דגנים תפוחים בטעם שוקולד נסקוויק נסטלה 500 גרם,מיוצר עי קונדיטוריית,PL,דגני נסקוויק,גרמים,500.00,100 גרם,false,0,18.90,3.78,true,1,
5906485301012,false,"משקה אנרגיה XL פחית 250 מ""ל","טמפו משקאות בע""מ",IL,משקה אנרגיה XL,מיליליטרים,250.00,"100 מ""ל",false,0,4.10,1.64,true,1,
6935325410118,false,שום יבוא יחידה,קטיף.,XX,שום יבוא יחידה,יחידה,1.00,יחידה,false,0,8.90,8.90,true,1,
7290000000022,true,עגבניות חממה,קטיף.,IL,עגבניות חממה,קילוגרמים,0.00,"ק""ג",true,0,6.90,6.90,true,1,
7290000000046,true,מלפפונים,קטיף.,IL,מלפפונים,קילוגרמים,0.00,"ק""ג",true,0,6.90,6.90,true,1,
7290000000053,true,קישואים,קטיף.,IL,קשואים,קילוגרמים,0.00,"ק""ג",true,0,10.90,10.90,true,1,
7290000000084,true,פלפל ירוק בהיר,שותפות מזרחי,IL,פלפל בהיר,קילוגרמים,0.00,"ק""ג",true,0,10.90,10.90,true,1,
7290000000091,true,פלפל אדום,קטיף.,IL,פלפל אדום,קילוגרמים,0.00,"ק""ג",true,0,10.90,10.90,true,1,
7290000000114,true,חצילים,קטיף.,IL,חצילים,קילוגרמים,0.00,"ק""ג",true,0,7.90,7.90,true,1,
7290000000121,true,גזר ארוז,קטיף.,IL,גזר ארוז,קילוגרמים,0.00,"ק""ג",true,0,4.90,4.90,true,1,
7290000000138,true,כרוב לבן,קטיף.,IL,כרוב לבן,קילוגרמים,0.00,"ק""ג",true,0,5.90,5.90,true,1,
7290000000145,true,כרוב אדום,קטיף.,IL,כרוב אדום,קילוגרמים,0.00,"ק""ג",true,0,5.90,5.90,true,1,
7290000000176,true,כרובית,קטיף.,IL,כרובית,קילוגרמים,0.00,"ק""ג",true,0,10.90,10.90,true,1,
7290000000282,true,חסה ערבית יחידה,קטיף,IL,חסה ערבית,יחידה,1.00,יחידה,false,0,5.90,5.90,true,1,
7290000000299,true,חסה עגולה יחידה,קטיף.,IL,חסה עגולה,יחידה,1.00,יחידה,false,0,7.90,7.90,true,1,
7290000000350,true,מנגולד )סלק עלים( יחידה,קטיף.,IL,פזיל-יח',יחידה,1.00,יחידה,false,0,6.00,6.00,true,1,
7290000000374,true,פטריות שמפניון יחידה,קטיף.,IL,שמפניון,יחידה,1.00,יחידה,false,0,10.90,10.90,true,1,
7290000000428,true,בטטות מובחר,קטיף.,IL,בטטה,קילוגרמים,0.00,"ק""ג",true,0,10.90,10.90,true,1,
7290000000435,true,סלרי עלים יחידה,קטיף,IL,סלרי עלים,יחידה,1.00,יחידה,false,0,6.90,6.90,true,1,
7290000000459,true,נבטי אלפלפא יחידה,קטיף.,IL,נבטי אלפלפא-יח',יחידה,1.00,יחידה,false,0,7.50,7.50,true,1,
7290000000466,true,בצל ירוק יחידה,קטיף.,IL,בצל ירוק,יחידה,1.00,יחידה,false,0,6.90,6.90,true,1,
7290000000480,true,בצל יבש,קטיף.,IL,בצל יבש,קילוגרמים,0.00,"ק""ג",true,0,4.90,4.90,true,1,
7290000000503,true,תפוח אדמה קטן ארוז,קטיף.,IL,"תפו""א קטן ארוז",קילוגרמים,0.00,"ק""ג",true,0,4.90,4.90,true,1,
7290000000510,true,פטרוזיליה יחידה,קטיף.,IL,פטרוזיליה,יחידה,1.00,יחידה,false,0,4.90,4.90,true,1,
7290000000541,true,שורש פטרוזיליה,קטיף,IL,שורש,יחידה,1.00,יחידה,false,0,6.90,6.90,true,1,
7290000000558,true,כוסברה יחידה,קטיף.,IL,כוסברה,יחידה,1.00,יחידה,false,0,4.90,4.90,true,1,
7290000000596,true,תפוח אדמה לבן תפזורת,קטיף.,IL,תפוח אדמה תפזורת,קילוגרמים,0.00,"ק""ג",true,0,6.90,6.90,true,1,
7290000000619,true,פלפל חריף,שותפות מזרחי,IL,פלפל חריף,קילוגרמים,0.00,"ק""ג",true,0,9.90,9.90,true,1,
7290000000626,true,ברוקולי,קטיף.,IL,ברוקולי,קילוגרמים,0.00,"ק""ג",true,0,17.90,17.90,true,1,
7290000000701,true,פטריות שמפניון למילוי,קטיף.,IL,פטריות למילוי,קילוגרמים,0.00,"ק""ג",true,0,37.90,37.90,true,1,
7290000000732,true,דלורית,קטיף.,IL,דלורית,קילוגרמים,0.00,"ק""ג",true,0,7.90,7.90,true,1,
7290000000848,true,תירס קלוף ארוז,קטיף.,IL,תירס קלוף ארוז,קילוגרמים,0.00,"ק""ג",true,0,9.90,9.90,true,1,
7290000000855,true,פלפל צהוב,קטיף.,IL,פלפל צהוב,קילוגרמים,0.00,"ק""ג",true,0,11.90,11.90,true,1,
7290000001036,true,בצל יבש אדום,קטיף.,XX,בצל יבש אדום,קילוגרמים,0.00,"ק""ג",true,0,5.90,5.90,true,1,
7290000001661,true,גזר תפזורת,קטיף.,IL,גזר תפזורת,קילוגרמים,0.00,"ק""ג",true,0,5.90,5.90,true,1,
7290000001692,true,תפוח אדמה אדום ארוז,קטיף.,IL,תפוא אדום ארוז,קילוגרמים,0.00,"ק""ג",true,0,6.50,6.50,true,1,
7290000001715,true,תפוח אדמה לבן ארוז,קטיף.,IL,תפוח אדמה לבן,קילוגרמים,0.00,"ק""ג",true,0,4.90,4.90,true,1,
7290000001722,true,תפוח אדמה אדום תפזורת,קטיף.,IL,"תפו""א אדום תפז'",קילוגרמים,0.00,"ק""ג",true,0,6.90,6.90,true,1,
7290000002040,true,חלה רגילה 500 גרם,מאפית ברמן,IL,חלה רגילה,גרמים,500.00,100 גרם,false,0,4.94,0.99,true,1,
7290000042015,false,"חלב שתייה תנובה בד""צ בשקית 1 ליטר",תנובה מרכז שיתופי לש,IL,חלב 3% שקית,ליטרים,1.00,ליטר,false,0,5.00,5.00,true,1,
7290000042022,false,חלב על הבוקר1%קרט+.פקק1ל,תנובה מרכז שיתופי לש,IL,חלב על הבוקר 1%,ליטרים,1.00,ליטר,false,0,8.20,8.20,true,1,
7290000042244,false,חלב 3% שומן בכד 2 ליטר,"תנובה, מחלבת רחובות",IL,חלב 3% כד 2 ליטר,ליטרים,2.00,ליטר,false,0,11.50,5.75,true,1,
7290000042442,false,"חלב תנובה טרי 3% ""תנובה"" - מוצר בפיקוח",תנובה חלב,IL,חלב תנובה 3%,ליטרים,1.00,ליטר,false,0,5.75,5.75,true,1,
7290000042466,false,חלב מועשר 1% בקרטון 1 ל',פארייפאבה אגרואינדוס,IL,חלב מועשר בקרטון,ליטרים,1.00,ליטר,false,0,8.20,8.20,true,1,
7290000043012,false,"שוקו עמיד 2% בקרטון 250 מ""ל תנובה",תנובה מרכז שיתופי לש,IL,שוקו עמיד,מיליליטרים,250.00,"100 מ""ל",false,0,4.40,1.76,true,1,
7290000043890,false,תנובה רויון לבן מחלב מפסוטר 1.5%,תנובה מרכז שיתופי לש,IL,רויון בקרטון1.5%,ליטרים,1.00,ליטר,false,0,10.90,10.90,true,1,
7290000045917,false,תנובה פרומעז גבינה מותכת מחלב עיזים 23% שומן,תנובה חלב,IL,גבינת פרומעז,גרמים,200.00,100 גרם,false,0,26.70,13.35,true,1,
7290000048185,false,גבינה לבנה 5% תנובה 250 גרם מהדרין,מיוצר עי קונדיטוריית,IL,גבינה לבנה 5%,גרמים,250.00,100 גרם,false,0,4.60,1.84,true,1,
7290000048192,false,גבינה לבנה 9% תנובה 250 גרם מהדרין,מחלבת אלון תבור,IL,גבינה לבנה 9%,גרמים,250.00,100 גרם,false,0,4.60,1.84,true,1,
7290000050065,false,"יופלה 360 קלאסי 100*6מ""ל",תנובה,IL,יופלה 360 קלאסי,מיליליטרים,600.00,"100 מ""ל",false,0,12.90,2.15,true,1,
7290000052717,false,גבינת קוטג' שום שמיר 5% תנובה 250 גרם,מיוצר עי קונדיטוריית,IL,קוטג' +שום שמיר,גרמים,250.00,100 גרם,false,0,5.80,2.32,true,1,
7290000055336,false,"משקה יוגורט 1.5% בטעם בננה אפרסק יופלה 250 מ""ל",תנובה מרכז שיתופי לש,IL,משקה יוגורט,גרמים,250.00,100 גרם,false,0,5.90,2.36,true,1,
7290000057132,false,יוגורט תנובה טבעי 1.5% גביע 200 גרם,מחלבת אלון תבור,IL,יוגורט תנובה1.5%,גרמים,200.00,100 גרם,false,0,3.10,1.55,true,1,
7290000060880,false,פסטה ספגטי מספר 8 אסם 500 גרם,קריות זול,IT,ספגטי מס' 8,גרמים,500.00,100 גרם,false,0,6.20,1.24,true,1,
7290000066165,false,ביסלי טעם ברביקיו 70,מיוצר עי קונדיטוריית,IL,ביסלי ברביקיו,גרמים,67.00,100 גרם,false,0,4.50,6.72,true,1,
7290000066202,false,ביסלי טעם בצל 190 ג',מיוצר עי קונדיטוריית,IL,ביסלי בטעם בצל,גרמים,190.00,100 גרם,false,0,7.90,4.16,true,1,
7290000066318,false,במבה חטיף בוטנים אסם 80 גרם,"אסם השקעות בע""\מ",IL,במבה,גרמים,80.00,100 גרם,false,0,4.90,6.13,true,1,
7290000068138,false,אינסטנט פודינג בטעם וניל אסם 80 גרם,מיוצר עי קונדיטוריית,IL,אינסטנט פודינג,גרמים,80.00,100 גרם,false,0,5.70,7.13,true,1,
7290000068190,false,אסם ג'לי תות שדה צבעים טבעיים 90 גרם,מיוצר עי קונדיטוריית,IL,ג'לי בטעם תות,גרמים,90.00,100 גרם,false,0,7.50,8.33,true,1,
7290000068237,false,אבקה להכנת ג'לי בטעם פטל אסם 85 גרם,מיוצר עי קונדיטוריית,IL,ג'לי בטעם פטל,גרמים,85.00,100 גרם,false,0,7.50,8.82,true,1,
7290000068770,false,במבה יום הולדת חטיף בוטנים אסם 80 גרם,"אסם השקעות בע""\מ",IL,במבה יום הולדת,גרמים,80.00,100 גרם,false,0,4.90,6.13,true,1,
7290000072623,false,קטשופ אסם בקבוק לחיץ 750 גרם,"אסם תעשיות בע""מ",IL,קטשופ בקבוק לחיץ,גרמים,750.00,100 גרם,false,0,12.50,1.67,true,1,
7290000074184,false,ביסקוויט פתי בר אסם 500 גרם,"אסם השקעות בע""\מ",IL,ביסקוויט פתי בר,גרמים,500.00,100 גרם,false,0,12.00,2.40,true,1,
7290000074375,false,אוסם - קרקר זהב 150 גרם,"אסם השקעות בע""\מ",IL,קרקר זהב אסם,גרמים,150.00,100 גרם,false,0,8.10,5.40,true,1,
7290000093031,true,לחם ג'בטה,גידרון,IL,לחם ג'בטה,יחידה,1.00,יחידה,false,0,7.30,7.30,true,1,
7290000097633,true,לחמניית קשר,גידרון,IL,לחמניית קשר,יחידה,1.00,יחידה,false,0,3.50,3.50,true,1,
7290000097657,true,לחמניית חלה,גידרון,IL,לחמניית חלה,יחידה,1.00,יחידה,false,0,4.20,4.20,true,1,
7290000098296,true,לחמניית אצבע,גידרון,IL,לחמניית אצבע,יחידה,1.00,יחידה,false,0,2.30,2.30,true,1,
7290000104911,false,לקט נורמנדי סנפרוסט 800 גרם,"איי, בי, אינבוו",IL,לקט נורמנדי קפוא,גרמים,800.00,100 גרם,false,0,26.70,3.34,true,1,
7290000110059,false,"מרגרינה בלובנד ללת""ס200ג",יוניליוור ישראל מזון בע\,IL,מרגרינה בלו-בנד,גרמים,200.00,100 גרם,false,0,4.70,2.35,true,1,
7290000114897,false,קורנפלקס כספי 750 גרם- BP,יוניליוור,IL,קורנפלקס תלמה,גרמים,750.00,100 גרם,false,0,16.50,2.20,true,1,
7290000117393,false,חט.דגנים שוקו שוגי 26X8ג,יוניליוור,IL,חטיפי דגנים 8 יח,גרמים,208.00,100 גרם,false,0,15.90,7.64,true,1,
7290000158105,false,שניצל עוף מיני דינוזאור ללא אנטיביוטיקה מ100% ר.טבעי,"מוצרי עוף טוב (2001) בע""",IL,שניצל דינוזאור,גרמים,700.00,100 גרם,false,0,40.00,5.71,true,1,
7290000158211,false,שניצל דק ענק עוף טוב,עוף טוב,,שניצל דק ענק,גרמים,700.00,100 גרם,false,0,42.90,6.13,true,1,
7290000158235,false,שניצל עוף דקיק צ'יפס שמח,"מוצרי עוף טוב (2001) בע""",IL,שניצל דק בציפוי,גרמים,700.00,100 גרם,false,0,42.90,6.13,true,1,
7290000170053,false,שוקולד פרה חלב 100 גרם,"שטראוס גרופ בע""\מ.",IL,שוקולד פרה חלב,גרמים,100.00,100 גרם,false,0,6.00,6.00,true,1,
7290000171470,false,כיף כף חטיף שוקולד עלית 45ג',"שטראוס גרופ בע""מ",IL,כיף כף,גרמים,45.00,100 גרם,false,0,4.50,10.00,true,1,
7290000176062,false,קפה טורקי בשקית 100 ג' עלית,שטראוס קפה בי.ויn\.,IL,קפה טורקי בצלופן,גרמים,100.00,100 גרם,false,0,9.50,9.50,true,1,
7290000180212,false,שוקולד מריר אגוז 100 גרם,STRAUSS-ISRAEL,IL,שוקולד מריר,גרמים,100.00,100 גרם,false,0,6.60,6.60,true,1,
7290000187921,false,נייר טואלט דו שכבתי לבן לילי 32 יחידות,לילי נייר טואלט חוגלה,IL,נייר טואלט לילי,מטרים,588.00,100 מטר,false,0,37.90,6.45,true,1,
7290000187952,false,נייר טואלט תלת שכבתי ורוד לילי 32 יחידות,לילי נייר טואלט חוגלה,IL,נייר טואלט,מטרים,537.00,100 מטר,false,0,49.90,9.29,true,1,
7290000188355,false,מגבות מטבח ניקול לבנה שישייה,קימברלי-קלארק,IL,מגבות ניקול,מטרים,65.00,מטר,false,0,11.90,0.18,true,1,
7290000188553,false,קוטקס מגן תחתון יאנג ביג 60 יחידות,קימברלי קלארק,CN,מגן תחתון קוטקס,יחידה,1.00,יחידה,false,0,15.90,15.90,true,1,
7290000191171,false,קלינקס קולקשן ניילון אריזת זוג,חוגלה קימברלי,IL,קלינקס קולקשן2יח,יחידה,1.00,יחידה,false,1,7.90,7.90,true,1,
7290000191225,false,חיתולים ליטל בייביז מידה 2 האגיס 46 יחידות,קימברלי קלארק שיווק,IL,האגיס ליטל בייבי,יחידה,1.00,יחידה,false,1,29.90,29.90,true,1,
7290000211442,false,"סוגת אורז פרסי קלאסי שקית 1 ק""ג",האי נאם סי או אל.טי.,IL,אורז פרסי קלאסי,קילוגרמים,1.00,"ק""ג",false,0,9.40,9.40,true,1,
7290000238036,false,מלאווח בקופסא מעדנות 700 גרם,מיוצר עי קונדיטוריית,IL,מלווח מעדנית,גרמים,700.00,100 גרם,false,0,18.90,2.70,true,1,
7290000260839,false,ספרינג משקה תפוזים 1.5ל',יפאורה שותפות מובגלת לשיווק,IL,ספרינג תפוזים,ליטרים,1.50,ליטר,false,0,6.90,4.60,true,1,
7290000262031,false,נייר טואלט מולט לב 32 גלילים,קימברלי-קלארק,IL,נייר טואלט,מטרים,562.00,100 מטר,false,0,26.90,4.79,true,1,
7290000263359,false,חיתולים ליטל בייביז מידה 1 האגיס 40 יחידות,קימברלי קלארק שיווק,IL,חיתולי האגיס,יחידה,1.00,יחידה,false,0,29.90,29.90,true,1,
7290000284316,false,קוקה -קולה בקבוק 1.5 ליטר,החברה המרכזית לייצור משקאות,IL,קוקה קולה,ליטרים,1.50,ליטר,false,0,6.80,4.53,true,1,
7290000288024,false,סנו - ז'אוול אקונומיקה בריח לימון 4 ליטר,"סנו מפעלי ברונוס בע""מ",IL,סנו JAVEL אקונומ,ליטרים,4.00,ליטר,false,0,17.50,4.38,true,1,
7290000289748,false,"מסיר שומנים לתנורים פורטה פלוס סנו 750 מ""ל","סנו מפעלי ברונוס בע""\מ",IL,סנו פורטה,מיליליטרים,750.00,"100 מ""ל",false,0,15.30,2.04,true,1,
7290000301778,false,כרובית בציפוי פריך 500גר,טבעול ישראל,IL,כרובית בציפוי,גרמים,500.00,100 גרם,false,0,31.10,6.22,true,1,
7290000319124,false,סלמי סרוולט מאפ יחיעם 250 גרם,מעדני יחיעם 1993,IL,סלמי סרוולט,גרמים,250.00,100 גרם,false,0,38.90,15.56,true,1,
7290000319803,false,קבנוס קלאסי יחיעם 125 גרם,תאי פרזידנט פוד פאבל,IL,קבנוס קלאסי,גרמים,125.00,100 גרם,false,5,15.90,12.72,true,1,
7290000327624,false,מי סודה טמפו 1.5 ליטר,"טמפו משקאות בע""מ",IL,מי סודה,ליטרים,1.50,ליטר,false,0,3.50,2.33,true,1,
7290000345215,false,תה כחול קלאסיק ויסוצקי 100 יחידות,מולינו ניקולי s.p.a,IL,תה ויסוצקי 100שק,גרמים,100.00,100 גרם,false,0,16.90,16.90,true,1,
7290000364773,false,נקניקיות עוף תפזורת משקל,טירת- צבי,IL,נקניקיות עוף,קילוגרמים,0.00,"ק""ג",true,0,27.70,27.70,true,1,
7290000379142,false,לחם עינן מחיטה מלאה פרוס 750 גרם(מרובע),מאפיית שלמה א. אנג'\ל בע,IL,לחם עינן פרוס,גרמים,750.00,100 גרם,false,0,16.60,2.21,true,1,
7290000433684,false,פפסי קולה 1.5 ליטר,"טמפו משקאות בע""מ",IL,פפסי קולה,ליטרים,1.50,ליטר,false,0,5.90,3.93,true,1,
7290000433714,false,סבן אפ 1.5 ליטר,"טמפו משקאות בע""\מ",IL,סבן אפ,ליטרים,1.50,ליטר,false,0,6.10,4.07,true,1,
7290000474021,false,חלב 3% טרה שקית 1 ל' מהדרין,Unknown,IL,חלב טרה שקית 3%3,ליטרים,1.00,ליטר,false,0,5.00,5.00,true,1,
7290000474076,false,"חלב קרטון 3%-1 ליטר ""טרה""-מוצר בפיקוח",הפריט בפיקוח,IL,חלב טרי טרה 3%,ליטרים,1.00,ליטר,false,0,5.75,5.75,true,1,
7290000482071,false,שקיות צליה ואפיה קוקי 20 יחידות,"ש. שסטוביץ בע""\מ",IL,קוקי שקיות אפיה,יחידה,1.00,יחידה,false,0,22.90,22.90,true,1,
7290000497044,false,"לחם אקטיב 750 גרם ""ברמן""",מאפית י את א ברמן בע,IL,לחם ברמן אקטיב,גרמים,750.00,100 גרם,false,0,10.00,1.33,true,1,
7290000497570,false,לחם דגנים פלוס ברמן 500 גרם,מאפית י את א ברמן בע,IL,לחם דגני קלות,גרמים,500.00,100 גרם,false,0,10.00,2.00,true,1,
7290000521404,false,"יין מרום גליל קברנה סוביניון סינגל 750 מ""ל",כרמי צבי אחים סגל בע,IL,מרום גליל קברנה,מיליליטרים,750.00,"100 מ""ל",false,0,34.90,4.65,true,1,
7290000961606,true,שורש ג'ינגר במשקל,קטיף.,XX,שורש גינגר במשקל,קילוגרמים,0.00,"ק""ג",true,0,31.90,31.90,true,1,
7290000961804,true,דלעת ארוזה,קטיף.,IL,דלעת ארוזה,קילוגרמים,0.00,"ק""ג",true,0,10.90,10.90,true,1,
7290000962559,true,קורנית יחידה,קטיף.,IL,קורנית יחידה,יחידה,1.00,יחידה,false,0,6.00,6.00,true,1,
7290000962580,true,מרווה יחידה,קטיף,IL,מרווה יחידה,יחידה,1.00,יחידה,false,0,6.00,6.00,true,1,
7290000963136,true,תפוח עץ מוזהב 65,קטיף.,XX,תפוח עץ מוזהב,קילוגרמים,0.00,"ק""ג",true,0,12.90,12.90,true,1,
7290000963198,true,תפוח עץ פינקריספי יבוא,קטיף.,XX,תפוח עץ פינקרספי,קילוגרמים,0.00,"ק""ג",true,0,16.90,16.90,true,1,
7290000963297,true,תפוח עץ סטרקינג 65,קטיף.,XX,"ת""ע סטרקינג",קילוגרמים,0.00,"ק""ג",true,0,9.90,9.90,true,1,
7290000963419,true,תפוח עץ גאלה 65,קטיף.,XX,תפוח עץ גאלה,קילוגרמים,0.00,"ק""ג",true,0,10.90,10.90,true,1,
7290000963952,true,נקטרינה 50,קטיף.,IL,נקטרינה,קילוגרמים,0.00,"ק""ג",true,0,12.90,12.90,true,1,
7290000963983,true,נקטרינה 65,קטיף,IL,נקטרינה,קילוגרמים,0.00,"ק""ג",true,0,12.90,12.90,true,1,
7290000964034,true,אפרסק 60,קטיף.,IL,אפרסק,קילוגרמים,0.00,"ק""ג",true,0,12.90,12.90,true,1,
7290000964041,true,אפרסק 65,קטיף,IL,אפרסק,קילוגרמים,0.00,"ק""ג",true,0,12.90,12.90,true,1,
7290000964300,true,תפוז,קטיף.,IL,תפוז,קילוגרמים,0.00,"ק""ג",true,0,6.90,6.90,true,1,
7290000964492,true,לימון תפזורת,קטיף.,IL,לימון,קילוגרמים,0.00,"ק""ג",true,0,10.90,10.90,true,1,
7290000964539,true,לימון ליים ארוז,קטיף,IL,לימון ליים,קילוגרמים,0.00,"ק""ג",true,0,12.90,12.90,true,1,
7290000964652,true,קיווי סנגולד יחידה,קטיף,IL,קיווי סנגולד,יחידה,1.00,יחידה,false,0,16.90,16.90,true,1,
7290000964775,true,בננות,קטיף.,IL,בננה,קילוגרמים,0.00,"ק""ג",true,0,12.90,12.90,true,1,
7290000964829,true,אגס ספדונה 55,קטיף.,IL,אגס ספדונה,קילוגרמים,0.00,"ק""ג",true,0,11.90,11.90,true,1,
7290000964959,true,אגס ספדונה 65 יבוא,קטיף,ES,אגס ספדונה,קילוגרמים,0.00,"ק""ג",true,0,11.90,11.90,true,1,
7290000964980,true,אבוקדו,קטיף.,IL,אבוקדו,קילוגרמים,0.00,"ק""ג",true,0,24.90,24.90,true,1,
7290000965031,true,אבטיח במיכל,קטיף.,IL,אבטיח,קילוגרמים,0.00,"ק""ג",true,0,3.90,3.90,true,1,
7290000965048,true,אבטיח אישי בארגז,קטיף.,IL,אבטיח אישי,קילוגרמים,0.00,"ק""ג",true,0,3.50,3.50,true,1,
7290000965055,true,מלון מובחר,קטיף.,IL,מלון מובחר,קילוגרמים,0.00,"ק""ג",true,0,6.90,6.90,true,1,
7290000965062,true,מלון ספרדי,קטיף.,IL,מלון ספרדי,קילוגרמים,0.00,"ק""ג",true,0,6.90,6.90,true,1,
7290000965086,true,מלון שרנתיה,קטיף,IL,מלון שרנתיה,קילוגרמים,0.00,"ק""ג",true,0,6.90,6.90,true,1,
7290000965338,true,שזיף אדום 50,קטיף.,IL,שזיף אדום,קילוגרמים,0.00,"ק""ג",true,0,12.90,12.90,true,1,
7290000965345,true,שזיף אדום 55,קטיף.,IL,שזיף אדום,קילוגרמים,0.00,"ק""ג",true,0,12.90,12.90,true,1,
7290000965918,true,שזיף שגיב,קטיף,,שזיף שגיב,קילוגרמים,0.00,"ק""ג",true,0,14.90,14.90,true,1,
7290000966434,true,מנגו,קטיף.,IL,מנגו,קילוגרמים,0.00,"ק""ג",true,0,12.90,12.90,true,1,
7290000966496,true,אננס ראש תשעיות יחידה,קטיף.,IL,אננס ראש,יחידה,1.00,יחידה,false,0,32.90,32.90,true,1,
7290000966502,true,אננס ראש חמישיות יחידה,קטיף.,IL,אננס ראש גדול,יחידה,1.00,יחידה,false,0,32.90,32.90,true,1,
7290000966663,true,קיווי שקיל,קטיף.,IL,קיווי,קילוגרמים,0.00,"ק""ג",true,0,29.90,29.90,true,1,
7290000972268,true,קוקוס ראש-יחידה,קטיף.,IL,קוקוס ראש יח,יחידה,1.00,יחידה,false,0,6.90,6.90,true,1,
7290000982939,true,כרישה )לוף( יחידה,קטיף.,IL,לוף פרסה-יחידה,יחידה,1.00,יחידה,false,0,8.90,8.90,true,1,
7290000986906,true,חסה עגולה ארוזה,קטיף.,IL,חסה עגולה,יחידה,1.00,יחידה,false,0,7.90,7.90,true,1,
7290000992839,true,מלון גולדן סוויט-צהוב,קטיף.,IL,מלון גולדן סוויט,קילוגרמים,0.00,"ק""ג",true,0,6.90,6.90,true,1,
7290000995175,true,בזיליקום אדום יחידה,קטיף,IL,בזיליקום אדום-יח,יחידה,1.00,יחידה,false,0,6.00,6.00,true,1,
7290001052068,false,קציצות קינואה וחמוציות,חמים וטעים,IL,קציצות קינואה,גרמים,500.00,100 גרם,false,1,27.90,5.58,true,1,
7290001216040,false,טחינה גולמית שומשום טהור אל ארז 500 גרם,אגס ירוק מסחר ושירותים,IL,טחינה גולמית,גרמים,500.00,100 גרם,false,0,16.90,3.38,true,1,
7290001231932,false,ווינסטון כחול בוקס חפיסה,Unknown,CH,ווינסטון כחול,יחידה,1.00,יחידה,false,0,32.00,32.00,false,1,
7290001247143,false,קרטונית נקטר ספרינג תפוחים 1 ליטר,יפאורה שותפות מובגלת לשיווק,IL,נקטר ספרינג תפוח,ליטרים,1.00,ליטר,false,0,5.90,5.90,true,1,
7290001312995,false,בגט 280 גרם,גידרון,IL,באגט,יחידה,1.00,יחידה,false,0,4.90,4.90,true,1,
7290001491096,false,תה ירוק בתוספת לימונית ולואיזה 50 שקיקים ויסוצקי,תה ויסוצקי,IL,תה ירוק לימונית,גרמים,75.00,100 גרם,false,0,39.90,53.20,true,1,
7290001594155,false,"קוקה-קולה בבקבוק אישי 500 מ""ל",החברה המרכזית לייצור משקאות,IL,קוקה קולה,מיליליטרים,500.00,"100 מ""ל",false,0,7.90,1.58,true,1,
7290001594179,false,"פאנטה אורנג' בבקבוק אישי 500 מ""ל",החברה המרכזית לייצור משקאות,IL,פנטה אורנג',מיליליטרים,500.00,"100 מ""ל",false,0,7.90,1.58,true,1,
7290001902301,false,חלה מתוקה קלועה 450 גרם,"גידרון תעשיות בע""מ",IL,חלה מתוקה קלוע,יחידה,1.00,יחידה,false,0,11.90,11.90,true,1,
7290001902325,false,חלה קלועה שופרסל,"גידרון תעשיות בע""מ",IL,"חלת ""גדרון""",יחידה,1.00,יחידה,false,0,11.90,11.90,true,1,
7290002020837,false,לחמניות מיני חלה,גידרון,IL,לחמניות מיני חל,יחידה,1.00,יחידה,false,0,4.20,4.20,true,1,
7290002323822,false,מיץ אשכוליות קריסטל2ליטר,יפאורה שותפות מובגלת לשיווק,IL,קריסטל אשכוליות,ליטרים,2.00,ליטר,false,0,4.20,2.10,true,1,
7290002323839,false,משקה קל ענבים קריסטל 2ל',יפאורה שותפות מובגלת לשיווק,IL,משקה קל ענבים,ליטרים,2.00,ליטר,false,0,4.20,2.10,true,1,
7290002331117,false,נביעות+טעם ענבים 1.5ליטר,"נביעות טבע הגליל בע""\מ",IL,נביעות+ענבים,ליטרים,1.50,ליטר,false,0,8.80,5.87,true,1,
7290002331148,false,נביעות+טעם תפוח 1.5 ליטר,נביעות טבע הגליל בעמ,IL,נביעות+תפוח,ליטרים,1.50,ליטר,false,0,8.80,5.87,true,1,
7290002331179,false,נביעות+טעם אפרסק 1.5ליטר,"נביעות טבע הגליל בע""\מ ,",IL,נביעות+אפרסק,ליטרים,1.50,ליטר,false,0,8.80,5.87,true,1,
7290002331322,false,שישיית מים נביעות 1.5 ליטר,נביעות טבע הגליל בעמ,IL,מים נביעות 6 יח,ליטרים,9.00,ליטר,false,0,11.90,1.32,true,1,
7290002371854,false,נקניקיות עוף חריפות טירת צבי 2 * 500 גרם,הנסיך- מפעל לייצור ט,IL,נקניקיות עוף,קילוגרמים,1.00,"ק""ג",false,0,32.70,32.70,true,1,
7290002472209,false,מאפין שוקו וניל 550 גרם,"גידרון תעשיות בע""מ",IL,מאפין שוקו וני,יחידה,1.00,יחידה,false,0,14.90,14.90,true,1,
7290002472636,false,עוגת שמרים תפוח עץ,"גידרון תעשיות בע""מ",IL,"עוגת שמרים תפו""ע",יחידה,1.00,יחידה,false,0,23.80,23.80,true,1,
7290002661153,false,"לחם דני קל ברמן 1 ק""",מאפית י את א ברמן בע,IL,לחם דני קל,גרמים,1000.00,100 גרם,false,0,18.50,1.85,true,1,
7290002663539,false,תפוזינה אשכוליות 1.5ליטר,יפאורה שותפות מובגלת לשיווק,IL,תפוזינה אשכוליות,ליטרים,1.50,ליטר,false,0,6.50,4.33,true,1,
7290002730668,false,קולגייט טוטל קלין מינט 100 מל,הנסיך- מפעל לייצור ט,BE,משחת שיניים,מיליליטרים,100.00,"100 מ""ל",false,0,13.90,13.90,true,1,
7290002730811,false,"משחת שיניים ג'ל פסים מרעננים קולגייט 100 מ""ל",הנסיך- מפעל לייצור ט,PL,משחת קולגייט ג'ל,מיליליטרים,100.00,"100 מ""ל",false,0,14.80,14.80,true,1,
7290002730958,false,סבון מוצק בניחוח זיתים ואלוורה פלמוליב 4*100 גרם,הנסיך- מפעל לייצור ט,TR,סבון פלמוליב 4יח,גרמים,400.00,100 גרם,false,0,17.80,4.45,true,1,
7290002826835,false,שוקובו שוקולד יח,שטראוס,IL,שוקובו שוקולד יח,יחידה,1.00,יחידה,false,0,10.00,10.00,true,1,
7290002852724,false,ל.מ. בלו לייבל קצר,פיליפ מוריס,US,ל.מ. בלו לייבל,יחידה,1.00,יחידה,false,0,34.00,34.00,false,1,
7290002868996,false,"קוטג' 5% שומן, רכיבים טבעיים, 250 גרם",קריות זול,IL,קוטג' 5% 250גרם,גרמים,250.00,100 גרם,false,0,5.50,2.20,true,1,
7290002871446,false,פריגת ענבים 1.5 ליטר,מבשלות בירה בינלאומיות ב,IL,פריגת ענבים,ליטרים,1.50,ליטר,false,0,7.50,5.00,true,1,
7290002871460,false,משקה קל תפוזים פריגת,מבשלות בירה בינלאומיות ב,IL,פריגת תפוזים,ליטרים,1.50,ליטר,false,0,7.50,5.00,true,1,
7290002871477,false,פריגת אשכוליות 1.5 ליטר,מבשלות בירה בינלאומיות ב,IL,פריגת אשכוליות,ליטרים,1.50,ליטר,false,0,7.50,5.00,true,1,
7290003119110,false,שישיית קוקה קולה 1.5 ליטר,החברה המרכזית לייצור משקאות,IL,קוקה קולה 1.5*6ל,ליטרים,9.00,ליטר,false,0,38.90,4.32,true,1,
7290003321292,false,גבינה לבנה 9% שומן 250 ג' שטראוס,מיוצר עי קונדיטוריית,IL,גבינת סקי 9%,גרמים,250.00,100 גרם,false,0,4.60,1.84,true,1,
7290003457953,false,שלגון מגנום שמנת בטע,שטראוס גלידות,IL,מגנום לבן יח,יחידה,1.00,יחידה,false,0,11.00,11.00,true,1,
7290003643646,false,"סוכר דמררה קלאסי בצנצנת סוגת 1 ק""ג",האי נאם סי או אל.טי.,IL,"סוכר דמררה צנצנת 1 ק""ג",קילוגרמים,1.00,"ק""ג",false,0,12.80,12.80,true,1,
7290003667109,false,פאנטה בטעם אורנג' 1.5 ל',החברה המרכזית לייצור משקאות,IL,פאנטה אורנג',ליטרים,1.50,ליטר,false,0,7.60,5.07,true,1,
7290003805556,false,"ברנפלקס חיטה מלא בד""ץ500",אתר שפע - Food,IL,ברנפלקס תלמה,גרמים,500.00,100 גרם,false,0,26.00,5.20,true,1,
7290003805648,false,אקס ספריי לגוף בלאק 150מ,יוניליוור,GB,אקס ספריי לגוף,מיליליטרים,150.00,"100 מ""ל",false,0,12.90,8.60,true,1,
7290003864485,false,סרדינים ברוטב עגבנ יות ויליפוד 110ג' פתח קל,גולדן פרייז קאנינג א,TH,סרדינים ברוטב,גרמים,110.00,100 גרם,false,0,6.30,5.73,true,1,
7290003905331,false,שוק.חלב+שברי אגוזים100גר,STRAUSS-ISRAEL,IL,שוק.חלב אגוזים,גרמים,100.00,100 גרם,false,0,6.60,6.60,true,1,
7290004038601,false,עוג.שוקולד שוק.ציפס משקל,.,IL,עוגיות שוקו.ציפס,קילוגרמים,0.00,"ק""ג",true,0,49.00,49.00,true,1,
7290004119973,false,קרלו מעדן שוקו רביעיה גביע 1.5% 125 גרם,תנובה מרכז שיתופי לש,IL,קרלו שוקולדה,גרמים,125.00,100 גרם,false,0,2.90,2.32,true,1,
7290004124847,false,"קצפת צמחית השף הלבן 500 מ""ל תנובה",תנובה מרכז שיתופי לש,IL,קצפת צמחית,מיליליטרים,500.00,"100 מ""ל",false,0,17.60,3.52,true,1,
7290004125400,false,"אשל שלי מהדרין 200 מ""ל 4.5% ""תנובה""- מוצר בפיקוח",פארייפאבה אגרואינדוס,IL,אשל 4.5% שומן,מיליליטרים,200.00,"100 מ""ל",false,0,1.55,0.78,true,1,
7290004125417,false,"גיל 3% שלי 200 מ""ל ""תנובה"" -מוצר בפיקוח",תנובה מרכז שיתופי לש,IL,גיל לבן 3%שומן,מיליליטרים,200.00,"100 מ""ל",false,0,1.40,0.70,true,1,
7290004125455,false,"שמנת חמוצה 200 מ""ל 15% ""תנובה"" -מוצר בפיקוח",תנובה מרכז שיתופי לש,IL,שמנת תנובה 15%,מיליליטרים,200.00,"100 מ""ל",false,0,2.20,1.10,true,1,
7290004125509,false,"שמנת חמוצה 15% מועשרת תנובה 100 מ""ל",תנובה מרכז שיתופי לש,IL,שמנת חמוצה 15%,מיליליטרים,100.00,"100 מ""ל",false,0,1.70,1.70,true,1,
7290004127077,false,קוטג תנובה 3% גביע 250 גרם מהדרין,מיוצר עי קונדיטוריית,IL,קוטג' 3% שומן,גרמים,250.00,100 גרם,false,0,5.70,2.28,true,1,
7290004127329,false,קוטג תנובה גביע 250 גרם %5 ו.מהדרין,מיוצר עי קונדיטוריית,IL,קוטג' תנובה 5%,גרמים,250.00,100 גרם,false,0,5.70,2.28,true,1,
7290004127336,false,קוטג תנובה גביע 250 גרם %9 ו.מהדרין,מיוצר עי קונדיטוריית,IL,קוטג' תנובה 9%,גרמים,250.00,100 גרם,false,0,5.70,2.28,true,1,
7290004127800,false,"גבינה לבנה 500 גרם 5% ""תנובה"" -מוצר בפיקוח",מיוצר עי קונדיטוריית,IL,גבינה לבנה 5%,גרמים,500.00,100 גרם,false,0,9.20,1.84,true,1,
7290004127817,false,גבינה לבנה 9% שומן 500 ג' תנובה,מיוצר עי קונדיטוריית,IL,גבינה לבנה 9%,גרמים,500.00,100 גרם,false,0,9.20,1.84,true,1,
7290004127862,false,"גבינה לבנה 750 גרם 5% ""תנובה"" - מוצר בפיקוח",תנובה מרכז שיתופי לש,IL,גבינה לבנה 5%,גרמים,750.00,100 גרם,false,0,13.80,1.84,true,1,
7290004128333,false,לאבנה על בסיס יוגורט %9 שומן 500 ג' פיראוס,תנובה חלב,IL,לבנה פיראוס 9%,גרמים,500.00,100 גרם,false,0,16.90,3.38,true,1,
7290004129668,false,יופלה+מכסה פצפוצי שוק167,תנובה מרכז שיתופי לש,IL,יופלה+פצפוצי שוק,גרמים,167.00,100 גרם,false,0,5.90,3.53,true,1,
7290004129736,false,יופלה לבן מעודן 1.5% גביע 200 גרם,תנובה מרכז שיתופי לש,IL,יופלהלבן מעודן,גרמים,200.00,100 גרם,false,0,4.20,2.10,true,1,
7290004130695,false,משקאות חלב תנובה אייס קפה בבקבוק 1ל,תנובה מרכז שיתופי לש,IL,משקה אייס קפה,ליטרים,1.00,ליטר,false,0,10.00,10.00,true,1,
7290004133627,false,חלב על הבוקר וניל 3% 1 ל,תנובה מרכז שיתופי לש,IL,חלב על הבוקר 3%,ליטרים,1.00,ליטר,false,0,8.20,8.20,true,1,
7290004135614,false,גבינה בולגרית מעודנת 5% פיראוס 250 גרם,תנובה חלב,IL,בולגרית פיראוס5%,גרמים,250.00,100 גרם,false,0,17.90,7.16,true,1,
7290004137809,false,פיראוס לאבנה 5% גביע 250 גרם,"תנובה, מחלבת אלון תב",IL,לבנה פיראוס5%,גרמים,250.00,100 גרם,false,0,13.50,5.40,true,1,
7290004219277,false,אנשובי ארוך בצנצנת ויליפוד 80 גרם,קונסרבאס פרדו,ES,פילה אנשובי,גרמים,80.00,100 גרם,false,0,14.90,18.63,true,1,
7290004554422,false,טילון קורנטו פקאנים,שטראוס,IL,קורנטו סופר פקאן יח,יחידה,1.00,יחידה,false,0,10.00,10.00,true,1,
7290004585907,false,דני ועדן וניל 1.5% 125ג' שטראוס,מיוצר עי קונדיטוריית,IL,דני וניל 1.5%,גרמים,125.00,100 גרם,false,0,2.70,2.16,true,1,
7290004603175,false,מלח הים האדום גס מלח הארץ 500 גרם,"חברת מלח הארץ אילת בע""\מ",IL,מלח ים גס,גרמים,500.00,100 גרם,false,0,8.40,1.68,true,1,
7290004639006,false,קוסקוס טוניסאי קפוא 800 גר,מטעמי פאר,IL,קוסקוס מוקפא,גרמים,800.00,100 גרם,false,0,16.80,2.10,true,1,
7290004685010,false,לחם 100% שיפון פלוס לחם הארץ 500 גר',מאפית י את א ברמן בע,IL,לחם שיפון קל,גרמים,500.00,100 גרם,false,0,16.90,3.38,true,1,
7290004685027,false,לחם חיטה מלאה פלוס לחם הארץ 500 גרם,מאפית י את א ברמן בע,IL,לחם מחיטה מלא קל,גרמים,500.00,100 גרם,false,0,16.90,3.38,true,1,
7290004923099,false,שישיית מים עין גדי 2 ליטר,עין גדי מיים מינרלים,IL,מים עין גדי 6 יח,ליטרים,12.00,ליטר,false,0,12.00,1.00,true,1,
7290005008184,false,"סבון נוזלי בניחוח חלב שקדים פלמוליב 500 מ""ל",הנסיך- מפעל לייצור ט,TR,סב.נוזלי פלמול,מיליליטרים,500.00,"100 מ""ל",false,0,13.90,2.78,true,1,
7290005008481,false,ספיד סטיק - דאודורנט ג'ל לגבר ספורט 85 גרם,הנסיך- מפעל לייצור ט,US,דאודורנט,גרמים,85.00,100 גרם,false,0,19.90,23.41,true,1,
7290005082962,false,פרצלס 80 גרם,גידרון,IL,פרצלס,גרמים,80.00,100 גרם,false,0,5.00,6.25,true,1,
7290005082979,false,חלת דגנים קלועה 560 גרם,"גידרון תעשיות בע""מ",IL,חלת דגנים קלועה,גרמים,560.00,100 גרם,false,0,11.90,2.13,true,1,
7290005201882,false,קפה טורקי בצלופן עלית 200 גרם,הנסיך- מפעל לייצור ט,IL,קפה טורקי בצלופן,גרמים,200.00,100 גרם,false,0,17.90,8.95,true,1,
7290005271755,false,תבנית ביצים L חופש 12יחי,גליקסמן שיווק ביצים,IL,ביצי חופש L 12יח,יחידה,1.00,יחידה,false,0,19.30,19.30,true,1,
7290005271762,false,ביצים חופש מידיום 12 יח',גליקסמן שיווק ביצים,IL,ביצי חופש M 12יח,יחידה,1.00,יחידה,false,0,18.40,18.40,true,1,
7290005418709,false,"נטורל קרם לחות לקיבוע תלתלים גלי 400 מ""ל",מיוצר עי אמיליה קוסמ,IL,קרם לחות לתלתלים,מיליליטרים,400.00,"100 מ""ל",false,0,23.10,5.78,true,1,
7290005424694,false,"קרמה קלאסי - תחליב רחצה 750 מ""ל",טרופיקל דגיל תעשיות,IL,קרמה תחליב רחצה,מיליליטרים,750.00,"100 מ""ל",false,0,14.90,1.99,true,1,
7290005425783,false,קרם גוף קרמה קלאסי 500מל,קוסמופארם בע'\'\מ,IL,קרם גוף קרמה,מיליליטרים,500.00,"100 מ""ל",false,0,25.70,5.14,true,1,
7290005604133,false,פריגת מנגו 1.5 ליטר,מבשלות בירה בינלאומיות ב,IL,פריגת מנגו,ליטרים,1.50,ליטר,false,0,7.50,5.00,true,1,
7290005610059,false,תפוח אדמה לבן ארוז,קטיף,IL,תפוח אדמה לבן,קילוגרמים,0.00,"ק""ג",true,0,4.90,4.90,true,1,
7290005610066,false,תפוח אדמה אדום ארוז,קטיף.,IL,תפוח אדמה אדום,קילוגרמים,0.00,"ק""ג",true,0,6.50,6.50,true,1,
7290005610509,false,צנונית ארוז דוד משה 500ג',ביכורי השקמה,IL,צנונית -יח',יחידה,1.00,יחידה,false,0,5.50,5.50,true,1,
7290005678011,false,ענב לבן לכיש טלי,מושב לכיש,IL,ענבים תומפסון,קילוגרמים,0.00,"ק""ג",true,0,13.90,13.90,true,1,
7290005678028,false,ענב סופריור ירוק,מושב לכיש,IL,ענבים ירוקים,קילוגרמים,0.00,"ק""ג",true,0,13.90,13.90,true,1,
7290005678073,false,פלפל צ'ילי זהבי יחידה,מושב לכיש,IL,פלפל צ'ילי זהבי,יחידה,1.00,יחידה,false,0,6.50,6.50,true,1,
7290005678332,false,ענב סייבל ללא חרצנים במש,מושב לכיש,IL,ענב סייבל,קילוגרמים,0.00,"ק""ג",true,0,19.90,19.90,true,1,
7290005678400,false,ענב רד גלוב,מושב לכיש,IL,ענב רד גלוב,קילוגרמים,0.00,"ק""ג",true,0,17.90,17.90,true,1,
7290005678592,false,ענב שחור אדומיניק במשקל,מושב לכיש,IL,ע.שחור אדומיניק,קילוגרמים,0.00,"ק""ג",true,0,14.90,14.90,true,1,
7290005718038,false,"שטרודל תפו""ע","גידרון תעשיות בע""מ",IL,"שטרודל תפו""ע",יחידה,1.00,יחידה,false,0,17.90,17.90,true,1,
7290005838002,false,מעדן גבינה ויוגורט בטעם וניל 88 ג' דניאלה,"שטראוס בריאות בע""מ",IL,מעדן דניאלה,מיליליטרים,150.00,"100 מ""ל",false,0,4.30,2.87,true,1,
7290005839078,false,שמיניית יוגורט לבן 3% ביו דנונה 150 גרם,מיוצר עי קונדיטוריית,IL,דנונה ביו 8 יח,קילוגרמים,1.20,"ק""ג",false,0,17.60,14.67,true,1,
7290005839108,false,גבינה לבנה סימפוניה עם תוספות 200 ג'+זיתים 5%,"שטראוס בריאות בע""\מ",IL,גבינת סימפוניה,גרמים,200.00,100 גרם,false,0,12.40,6.20,true,1,
7290005839313,false,"מילקי טופ מגולגלת שטראוס 170 מ""ל",מיוצר עי קונדיטוריית,IL,מילקי טופ,מיליליטרים,170.00,"100 מ""ל",false,0,5.00,2.94,true,1,
7290005966088,false,"יין הר חרמון אדום עברית 750 מ""ל",יקבי רמת הגולן קצרין,IL,יין אדום חרמון,מיליליטרים,750.00,"100 מ""ל",false,0,34.90,4.65,true,1,
7290006229069,false,ג`אמפ ענבים 1.5 ליטר,טמפו 7.5%,IL,ג'אמפ ענבים,ליטרים,1.50,ליטר,false,0,6.80,4.53,true,1,
7290006271631,false,חטיפי פיצה זיתים 710 גרם,"מעדנות בע""מ",IL,חטיפי פיצה זיתים,גרמים,710.00,100 גרם,false,0,37.90,5.34,true,1,
7290006272430,false,בצק עלים חמאה מעדנות 600 גרם,מיוצר עי קונדיטוריית,IL,בצק עלים חמאה,גרמים,600.00,100 גרם,false,0,31.60,5.27,true,1,
7290006390745,false,שבלול עם צימוקים קפוא,"גידרון תעשיות בע""מ",IL,שבלול עם צימוקים,יחידה,1.00,יחידה,false,0,4.20,4.20,true,1,
7290006664631,false,"אקטימל תות דיסני 8 יח' * 100 מ""ל","שטראוס בריאות בע""\מ",IL,אקטימל תות 8 יח',מיליליטרים,800.00,"100 מ""ל",false,0,22.70,2.84,true,1,
7290006708151,false,חזה פרוס דק טרי מצונ,עוף טוב,IL,שניצל דק טרי,קילוגרמים,0.00,"ק""ג",true,0,39.90,39.90,true,1,
7290006738103,false,פסטרמה בדבש טהור דק 150ג,זוגלובק,IL,פסטרמה בדבש דק,גרמים,150.00,100 גרם,false,0,16.40,10.93,true,1,
7290006739421,false,נקניק סלמי מעושן איטלקי זוגלובק 300 גרם,נקניק נהריה כשר זוגל,IL,סלמי מעושן,גרמים,300.00,100 גרם,false,0,32.70,10.90,true,1,
7290006764072,false,"בירה גולדסטאר בקבוק 500 מ""ל חוזר","טמפו משקאות בע""\מ",IL,בירה גולדסטאר,מיליליטרים,500.00,"100 מ""ל",false,0,7.40,1.48,true,1,
7290006764348,false,בירה שחורה מאלט סטאר,טמפו 7.5%,IL,מאלטסטאר,ליטרים,1.50,ליטר,false,0,7.80,5.20,true,1,
7290006869128,false,לרוויה-לבן 1.5% שומן 1ל',טרה,IL,לרוויה-לבן 1.5%,ליטרים,1.00,ליטר,false,0,11.10,11.10,true,1,
7290008175173,false,חמאה מפינלנד ללא מלח 200 גרם ויליפוד,ואליו אל.טי.די,FI,חמאה לורפק,גרמים,200.00,100 גרם,false,0,17.30,8.65,true,1,
7290008213493,false,משחה קולגייט להלבנה 100מ,הנסיך- מפעל לייצור ט,PL,משחה קולגייט להלבנה 100מ,מיליליטרים,100.00,"100 מ""ל",false,0,13.90,13.90,true,1,
7290008263719,false,טחינה הרדוף אורגני 4,הרדוף,IL,טחינה אורגנית,גרמים,400.00,100 גרם,false,0,17.90,4.48,true,1,
7290008409582,false,שניצל עוף אמיתי בציפוי ביתי מאמא עוף 700 גרם,תנובה גליל שותפות מוגבלת,IL,שניצל אמיתי ביתי,גרמים,700.00,100 גרם,false,0,44.50,6.36,true,1,
7290008493857,false,בייגלה בצל על האש 300גרם,מאיר את ביגל,IL,בייגלה בצל,גרמים,300.00,100 גרם,false,1,6.90,2.30,true,1,
7290008670210,false,"יין אדום שירז רקנאטי אחים שקד 750 מ""ל",תות ממתקי איכות,IL,רקנאטי שיראז,מיליליטרים,750.00,"100 מ""ל",false,0,54.90,7.32,true,1,
7290008693134,false,מעדן גבינה ויוגורט בטעם תות 5% שומן 88 ג' דניאלה,"שטראוס בריאות בע""מ",IL,דניאלה תות מוקצף,מיליליטרים,150.00,"100 מ""ל",false,0,4.30,2.87,true,1,
7290008713016,false,לחם שבעה דגנים קל 500גרם,מאפיית שלמה א. אנג'\ל בע,IL,לחם שבעה דגנים קל 500גרם,גרמים,500.00,100 גרם,false,0,14.80,2.96,true,1,
7290008713696,false,הלחמניה המלאה 75*6 גרם,מאפיית שלמה א. אנג'ל,IL,הלחמניה המלאה 75*6 גרם,גרמים,450.00,100 גרם,false,0,14.80,3.29,true,1,
7290008909853,false,"קוקה קולה זירו בקבוק 500 מ""ל.",החברה המרכזית לייצור משקאות,IL,קוקה קולה ZERO,מיליליטרים,500.00,"100 מ""ל",false,0,7.90,1.58,true,1,
7290008909860,false,קוקה קולה זירו בקבוק 1.5ל,החברה המרכזית לייצור משקאות,IL,קוקה קולה ZERO,ליטרים,1.50,ליטר,false,0,7.60,5.07,true,1,
7290009398038,true,ג'בטינה קוקטיל לבן,גידרון,IL,ג'בטינה קוקטיל,יחידה,1.00,יחידה,false,0,1.60,1.60,true,1,
7290009398816,true,פרס בורגר שוקולד 500 גרם,גידרון,IL,פרס בורגר שוקולד,יחידה,1.00,יחידה,false,0,26.80,26.80,true,1,
7290009398823,true,פרס בורגר פרג 500 גרם,גידרון,IL,פרס בורגר פרג,גרמים,500.00,100 גרם,false,0,26.80,5.36,true,1,
7290009802146,true,עוף שלם טרי ארוז עצמי,.,IL,עוף שלם טרי,קילוגרמים,0.00,"ק""ג",true,1,19.90,19.90,true,1,
7290009805291,true,חזה עוף טרי ארוז עצמי,.,IL,חזה עוף טרי,קילוגרמים,0.00,"ק""ג",true,1,34.90,34.90,true,1,
7290009814309,true,פילה עוף טרי ארוז עצמי,.,IL,פילה עוף טרי,קילוגרמים,0.00,"ק""ג",true,1,35.90,35.90,true,1,
7290009819120,true,שניצל דק טרי ארוז עצמי,.,IL,שניצל דק טרי,קילוגרמים,0.00,"ק""ג",true,1,39.90,39.90,true,1,
7290009951899,true,מאפה מלוח משקל,גידרון,IL,מאפה מלוח,קילוגרמים,0.00,"ק""ג",true,0,39.00,39.00,true,1,
7290009951912,true,מאפה מתוק משקל,גידרון,IL,מאפה מתוק,קילוגרמים,0.00,"ק""ג",true,0,39.00,39.00,true,1,
7290009952063,true,מים מינרליים מצוננים500מ,,,מים מינרליים500מ,מיליליטרים,500.00,"100 מ""ל",false,0,5.90,1.18,true,1,
7290010066575,false,נתחי טונה במים רביעיה *158ג' פילטונה,תעשיות פילטונה,IL,טונה במי מלח 4יח,גרמים,632.00,100 גרם,false,0,22.90,3.62,true,1,
7290010237623,false,בירה נשר מאלט 1.5 ליטר,"טמפו משקאות בע""מ",IL,נשר מאלט,ליטרים,1.50,ליטר,false,0,7.90,5.27,true,1,
7290010237890,false,"בירה הייניקן בקבוק 500 מ""ל חוזר",טמפו משקאות בע''מ,IL,בירה הייניקן,מיליליטרים,500.00,"100 מ""ל",false,0,9.90,1.98,true,1,
7290010945306,false,חלב בקרטון 3% 2 ליטר טרה,הפריט בפיקוח,IL,חלב 3% בקרטון,ליטרים,2.00,ליטר,false,0,11.50,5.75,true,1,
7290011017866,false,קוקה קולה קלאסי בפחית,החברה המרכזית לייצור משקאות,IL,קוקה קולה סליק,מיליליטרים,330.00,"100 מ""ל",false,0,6.00,1.82,true,1,
7290011018283,false,תה קר פיוז אפרסק 1.5,FUZE TEA,IL,פיוז תה אפרסק,ליטרים,1.50,ליטר,false,0,7.90,5.27,true,1,
7290011018580,false,משקה פיוז תה ענבים 1,FUZE TEA,IL,פיוז טי ענבים,ליטרים,1.50,ליטר,false,0,7.90,5.27,true,1,
7290011051341,false,שוופס סודה לימון 1.5*4 ל,יפאורה שותפות מובגלת לשיווק,IL,סודה לימון 4 יח,ליטרים,6.00,ליטר,false,0,11.90,1.98,true,1,
7290011051389,false,שוופס פירות יער מוגז1.5ל,יפאורה שותפות מובגלת לשיווק,IL,שוופס מוגז עדין,ליטרים,1.50,ליטר,false,0,6.90,4.60,true,1,
7290011051396,false,שוופס מוגז עדין אפרסק 1.5 ליטר,יפאורה שותפות מובגלת לשיווק,IL,שוופס אפרסק,ליטרים,1.50,ליטר,false,0,6.90,4.60,true,1,
7290011051488,false,תה ספרינג אפרסק 1.5 ליטר,יפאורה שותפות מובגלת לשיווק,IL,ספרינג תה אפרסק,ליטרים,1.50,ליטר,false,0,6.50,4.33,true,1,
7290011115166,false,נקה 7 ארומה סבון נוזלי לבנדר 1 ל',טרופיקל דגיל תעשיות,IL,תחליב רחצה נקה 7,ליטרים,1.00,ליטר,false,0,15.40,15.40,true,1,
7290011115258,false,אל סבון מוצק מבושם בניחוח עדין קלאסיק - מארז רביעיה,"גליל כימיכלים בע""מ",IL,נקה 7 סבון 4 יח,גרמים,400.00,100 גרם,false,0,11.90,2.98,true,1,
7290011308117,false,קרקר 6 דגנים 200 גרם,אפיפית,IL,קרקר 6 דגנים,גרמים,200.00,100 גרם,false,0,6.90,3.45,true,1,
7290011308780,false,בייגלה טבעות שומשום300גר,יוניליוור,IL,בייגלה טבעות,גרמים,300.00,100 גרם,false,0,11.60,3.87,true,1,
7290011800642,false,צבר מטבוחה מרוקאית רפי כהן 400 גר',סלטי צבר,IL,סלט מטבוחה,גרמים,400.00,100 גרם,false,0,17.50,4.38,true,1,
7290012086113,false,עגבניות שרי אשכולות מארז,קטיף.,IL,שרי אשכולות יח,יחידה,1.00,יחידה,false,0,10.90,10.90,true,1,
7290012244124,false,פחזניות 500 גרם,גידרון,IL,פחזניות,יחידה,1.00,יחידה,false,0,31.70,31.70,true,1,
7290012244407,false,עוגת סופלה שוקולד 150X2ג,גידרון,IL,מארז עוגת סופלה,גרמים,300.00,100 גרם,false,0,20.80,6.93,true,1,
7290012404863,false,ספרינג תה מנגו אפרסק1.5ל,יפאורה שותפות מובגלת לשיווק,IL,ספרינג תה מנגו,ליטרים,1.50,ליטר,false,0,6.50,4.33,true,1,
7290013027399,false,לחם קמח מלא קל בתוספת שיפון 750 ג' אנג'ל,מאפיית שלמה א. אנג'\ל בע,IL,לחם מלא+100%שיפון-קל750ג,גרמים,750.00,100 גרם,false,0,15.30,2.04,true,1,
7290013128324,false,ענב פליים ללא חרצנים,קטיף.,IL,ענב שחור פליים,קילוגרמים,0.00,"ק""ג",true,0,17.90,17.90,true,1,
7290013215017,false,פטריות זוגות חוות השמפניון,אראל תוצרת חקלאית בע,IL,פטריות דואט,יחידה,1.00,יחידה,false,0,16.90,16.90,true,1,
7290013284136,false,מלפפונים פריניר במלח,פריניר,IL,מלפפונים במלח,גרמים,560.00,100 גרם,false,0,6.80,1.21,true,1,
7290013584182,false,ספרייט בקבוק 1.5 לי,החברה המרכזית לייצור משקאות,IL,ספרייט בקבוק,ליטרים,1.50,ליטר,false,0,6.90,4.60,true,1,
7290013584816,false,"משק""ל פריגת לימונענע1.5ל",מבשלות בירה בינלאומיות ב,IL,"משק""ל פריגת",ליטרים,1.50,ליטר,false,0,7.50,5.00,true,1,
7290013585356,false,פיוז תה פירות יער 1.5ל',מבשלות בירה בינלאומיות,IL,פיוז תה,ליטרים,1.50,ליטר,false,1,7.90,5.27,true,1,
7290013585387,false,קוקה קולה זירו בקבוק,החברה המרכזית לייצור משקאות,IL,קולה זירו,ליטרים,1.00,ליטר,false,1,6.10,6.10,true,1,
7290013585394,false,קוקה קולה 1ליטר בודד,החברה המרכזית לייצור משקאות,IL,קוקה קולה,ליטרים,1.00,ליטר,false,1,6.10,6.10,true,1,
7290013586575,false,פיוז תה הרבל מנגו קמומיל,מבשלות בירה בינלאומיות,IL,פיוז תה,ליטרים,1.50,ליטר,false,1,7.90,5.27,true,1,
7290013702005,false,מים טעם פירות יער 1.5 ל,יפאורה שותפות מובגלת לשיווק,IL,מים פירות יער,ליטרים,1.50,ליטר,false,0,7.20,4.80,true,1,
7290013702043,false,שוופס מים טעם ענבים 1.5ל,יפאורה שותפות מובגלת לשיווק,IL,מים בטעם ענבים,ליטרים,1.50,ליטר,false,0,7.20,4.80,true,1,
7290013702371,false,שוופס מים בטעם תפוח 1.5ל,יפאורה שותפות מובגלת לשיווק,IL,שוופס מים תפוח,ליטרים,1.50,ליטר,false,0,7.20,4.80,true,1,
7290013702555,false,שוופס מוגז עדין אננס1.5ל,יפאורה שותפות מובגלת לשיווק,IL,שוופס מוגז עדין,ליטרים,15.00,ליטר,false,0,6.90,0.46,true,1,
7290013848802,false,כייף רביעייה אל סבון מוצק לבנדר,קוסמופארם,IL,רביעיית סבון כיף,גרמים,400.00,100 גרם,false,0,10.00,2.50,true,1,
7290013861955,false,תערובת פיצוחים 200גרם,שקדיה,IL,תערובת פיצוחים,גרמים,200.00,100 גרם,false,0,24.70,12.35,true,1,
7290013883445,false,"אסטוניש קרם מטבח 550 מ""ל",אסטוניש -לידס,IL,אסטוניש קרם מטבח,מיליליטרים,550.00,"100 מ""ל",false,0,13.90,2.53,true,1,
7290014015135,false,בצלצלי פנינה לשיפודים,קטיף.,IL,בצלצלי פנינה,קילוגרמים,0.00,"ק""ג",true,1,16.90,16.90,true,1,
7290014095021,false,אגוז מלך טבעי150ג שקדיה,שקדיה,IL,אגוז מלך קלוף,גרמים,150.00,100 גרם,false,0,16.90,11.27,true,1,
7290014459007,false,צ'יפס קוביות תפוחי א,"תעשיות תפוגן בע""\מ",IL,"קוביות ת""א",גרמים,700.00,100 גרם,false,0,16.80,2.40,true,1,
7290014747791,false,פסטרמה אמרק.סטייל דלי,מוצרי עוף טוב (2001) בע\,IL,פסטרמה דלי,גרמים,240.00,100 גרם,false,8,24.90,10.38,true,1,
7290014758162,false,חלב עיזים מלא 3.6% קרטון 1 ל' תנובה,תנובה מרכז שיתופי לש,IL,חלב עיזים מלא 1ל,ליטרים,1.00,ליטר,false,0,15.40,15.40,true,1,
7290014758681,false,קוטג תנובה 1% גביע 250 גרם,מיוצר עי קונדיטוריית,IL,קוטג 1% שומן,גרמים,250.00,100 גרם,false,0,5.70,2.28,true,1,
7290014762930,false,בולגרית פרוס5%פיראוס200ג,תנובה,IL,בולגרית פרוסות,גרמים,200.00,100 גרם,false,1,17.90,8.95,true,1,
7290014763494,false,חלב משק 3.5%-3.8% 1 ליטר,תנובה,IL,חלב משק,ליטרים,1.00,ליטר,false,1,6.20,6.20,true,1,
7290014763678,false,משקה חלבוןGO טעם וניל250,פארייפאבה אגרואינדוס,IL,משקה חלבון GO,מיליליטרים,250.00,"100 מ""ל",false,1,5.90,2.36,true,1,
7290014763685,false,משקה חלבון GO טעם קפה250,תנובה,IL,משקה חלבון GO,מיליליטרים,250.00,"100 מ""ל",false,1,5.90,2.36,true,1,
7290014763777,false,שמנת הקצפה שוקולד32% 250,תנובה,IL,שמנת להקצפה,מיליליטרים,250.00,"100 מ""ל",false,1,5.90,2.36,true,1,
7290015039246,false,נתחי טונה בשמן צמחי רביעיה * 160 ג' וילי פוד,וילי פוד,TH,נתחי טונה בשמן,גרמים,640.00,100 גרם,false,0,22.90,3.58,true,1,
7290015726405,false,עוגת גבינה ניו יורק 800ג,גידרון,IL,עוגת גבינה,גרמים,800.00,100 גרם,false,1,69.90,8.74,true,1,
7290016006292,false,נקטר מנגו בננה מלון קרטונית 1 ל' ספרינג,יפאורה שותפות מובגלת לשיווק,IL,נקטר ספרינג,ליטרים,1.00,ליטר,false,1,5.90,5.90,true,1,
7290016006735,false,שוופס מוגז פירות תפוז 1.5ל',יפאורה שותפות מובגלת לשיווק,IL,שוופס גזוז תפוז,ליטרים,1.50,ליטר,false,1,7.00,4.67,true,1,
7290016497526,false,בגט אותנטי לבן אפוי 280ג,מאפ גדרון,IL,בגט אותנטי,גרמים,280.00,100 גרם,false,1,7.90,2.82,true,1,
7290016497731,false,לחם 7 דגנים פרוס 600 גרם,מאפ גדרון,IL,לחם 7 דגנים,גרמים,600.00,100 גרם,false,1,12.90,2.15,true,1,
7290016497762,false,לחם שיפון פרוס 600 גרם,מאפ גדרון,IL,לחם שיפון פרוס,גרמים,600.00,100 גרם,false,1,12.90,2.15,true,1,
7290016497809,false,לחם בצל אפוי פרוס 600 גר,מאפ גדרון,IL,לחם בצל פרוס,גרמים,600.00,100 גרם,false,1,12.90,2.15,true,1,
7290016619003,false,מלפפון בייבי יחידה,קטיף.,IL,מלפפון בייבי,יחידה,1.00,יחידה,false,1,9.90,9.90,true,1,
7290100249383,false,מרק פטריות 400 גרם,יוניליוור,IL,מרק פטריות,גרמים,400.00,100 גרם,false,0,27.70,6.93,true,1,
7290100681015,false,אינסטנט פודינג בטעם ריבת חלב אסם 84 גרם,מיוצר עי קונדיטוריית,IL,אינסטנט פודינג,גרמים,84.00,100 גרם,false,0,5.70,6.79,true,1,
7290100850008,false,שוקולד חלב+סוכ.קופצות85ג,STRAUSS-ISRAEL,IL,שוקולד וסוכריות,גרמים,85.00,100 גרם,false,0,6.60,7.76,true,1,
7290100858219,false,טבלת פסק זמן טראפלס110גר,STRAUSS-ISRAEL,IL,טבלת פסק זמן,גרמים,110.00,100 גרם,false,0,8.90,8.09,true,1,
7290100925669,false,קולור קאצ'ר - דפים למכונת כביסה 10 יח',"הנקל סוד בע""\מ",IE,קולור קאצ'ר,יחידה,1.00,יחידה,false,1,10.00,10.00,true,1,
7290101488323,false,ליידי ספיד סטיק - דאודורנט סטיק לאישה ללא סימן ירוק סטיק 65 גרם,ליידי ספיד סטיק Lady Speed Stick,US,ליידי ספיד סטיק,גרמים,65.00,100 גרם,false,0,19.90,30.62,true,1,
7290102392094,false,חלב עיזים 3.7% בקרטון משק צוריאל 1 ליטר,מילקו תעשיות בעמ,IL,חלב עיזים קרטון,ליטרים,1.00,ליטר,false,0,16.60,16.60,true,1,
7290102393039,false,"יוגורט ביו קרמי מיקס פצפוצי שוקולד 7.6% מולר 170 מ""ל",קריות זול,IL,יוגורט מולר מיקס,גרמים,150.00,100 גרם,false,0,5.90,3.93,true,1,
7290102395231,false,שמיניית יוגורט ביו ביאנקו 2.8% מולר 150 גרם,מולר Muller,IL,יוגורט ביאנקו 8י,קילוגרמים,1.20,"ק""ג",false,0,15.00,12.50,true,1,
7290102397600,false,מיקס יוגורט בתוספת שקדים ובוטנים מקורמלים 170 ג' מולר,מילקו תעשייה בעמ,IL,מולר מיקס,גרמים,168.00,100 גרם,false,1,5.90,3.51,true,1,
7290102397846,false,מיני מיקס פצפוצים 102*3ג,טרה,IL,מיני מייקס 3 יח',גרמים,306.00,100 גרם,false,1,10.90,3.56,true,1,
7290103124588,false,"סבון נוזלי ארומה בניחוח לבנדר פטצ'ולי פלמוליב 750 מ""ל",הנסיך- מפעל לייצור ט,TR,סבון פלמוליב,מיליליטרים,750.00,"100 מ""ל",false,0,15.90,2.12,true,1,
7290103680039,false,יין תבור סדרת הר מרל,האי נאם סי או אל.טי.,IL,מרלו הר תבור,מיליליטרים,750.00,"100 מ""ל",false,0,34.90,4.65,true,1,
7290104726712,false,מארז 8 יחידות מעדן מילקי בטעם שוקולד עם קצפת,"שטראוס גרופ בע""\מ",IL,מארז מילקי 8 יח',ליטרים,1.36,ליטר,false,0,21.20,15.59,true,1,
7290104962844,false,"שמפו אמפולה לטיפול אינטנסיבי לשיער יבש, צבוע ופגום",נטורל פורמולה Natural Formula,IL,שמפו אמפולה,מיליליטרים,400.00,"100 מ""ל",false,1,30.00,7.50,true,1,
7290105368928,false,"שמנת 9% שומן 200 מ""ל יוטבתה",שטראוס גרופ,IL,שמנת 9% יטבתה,מיליליטרים,200.00,"100 מ""ל",false,0,3.20,1.60,true,1,
7290105965615,false,אקטיביה בר+גרנולה ושקדים,שטראוס,IL,אקטיביה בר,גרמים,157.00,100 גרם,false,1,4.90,3.12,true,1,
7290106523937,false,תפוצ'יפס טבעי 30*7 גרם,שטראוס,IL,תפוצ'יפס 7 יח,גרמים,210.00,100 גרם,false,0,14.90,7.10,true,1,
7290106669659,false,אנרג'י קידס קארס 23*6גרם,שטראוס,IL,אנרג'י ילדים 6יח,גרמים,138.00,100 גרם,false,1,10.00,7.25,true,1,
7290107280099,false,שלישיית מגובנים נשטפים באסלה סופט סוד 48 יחידות,טרופיקל דגיל- תעשיות,IL,מגבוני נייר לחים,יחידה,1.00,יחידה,false,0,15.90,15.90,true,1,
7290107933643,false,"משקה חלב עם דגנים ובננה 250 מ""ל יוטבתה",מחלבת יטבתה,IL,משקה חלב+דגנים,מיליליטרים,250.00,"100 מ""ל",false,1,5.00,2.00,true,1,
7290107933650,false,ארוחה קטנה בבקבוק תות250,מחלבת יטבתה,IL,משקה חלב+דגנים,מיליליטרים,250.00,"100 מ""ל",false,1,5.00,2.00,true,1,
7290107939966,false,דנונה פרו לבן 0% 150 גרם,שטראוס,IL,דנונה פרו,גרמים,150.00,100 גרם,false,1,4.90,3.27,true,1,
7290107950121,false,דנונה תות שתיה 125*4,שטראוס,IL,דנונה לשתיה 4 יח,גרמים,500.00,100 גרם,false,1,12.90,2.58,true,1,
7290107950503,false,סימפוניה גב.שמנת25% 200ג,שטראוס,IL,גבינת סימפוניה,גרמים,200.00,100 גרם,false,1,12.70,6.35,true,1,
7290108352603,false,מגבוני אף תלת שכבתיים בוב ספוג סנו סופט 56 יח',סנו,IL,ממחטות טישו לאף,יחידה,1.00,יחידה,false,1,6.90,6.90,true,1,
7290110320607,false,פיראוס גבינת שמנת25% 225,תנובה,IL,גבינת שמנת,גרמים,225.00,100 גרם,false,1,10.90,4.84,true,1,
7290111563645,false,מרק טעם עוף10%תוספת1.1קג,אסם,IL,מרק טעם עוף,קילוגרמים,1.10,"ק""ג",false,1,16.90,15.36,true,1,
7296073006176,false,"סוכר שופרסל 1 ק""ג","סוגת תעשיות בע""\מ",IL,סוכר לבן,קילוגרמים,1.00,"ק""ג",false,0,4.80,4.80,true,1,
7296073006374,false,חרוזי זיתים ירוק.שופר560,שופרסל,,חרוזי זיתים,גרמים,560.00,100 גרם,false,0,9.80,1.75,true,1,
7296073011224,false,פסטה פוסילי36שופר 500גרם,שופרסל,IT,פסטה פוסילי,גרמים,500.00,100 גרם,false,0,4.90,0.98,true,1,
7296073020431,false,מפיות חד שכבתיות שופרסל,שופרסל,IL,מפיות חד שכבתי,יחידה,1.00,יחידה,false,0,7.90,7.90,true,1,
7296073021568,false,"קמח חיטה לבן בהיר 1 ק""ג",שופרסל,IL,קמח לבן,קילוגרמים,1.00,"ק""ג",false,0,3.80,3.80,true,1,
7296073064398,false,בורקס גבינה שופרסל 800 ג,מאפ גדרון,IL,בורקס גבינה800,גרמים,800.00,100 גרם,false,0,15.80,1.98,true,1,
7296073078586,false,דבש טבעי שופרסל צנצ500גר,שופרסל,IL,דבש טבעי שופרסל,גרמים,500.00,100 גרם,false,0,26.90,5.38,true,1,
7296073078838,false,6 כריות יפניות שופרסל,פלסטו פוליש,IL,כריות יפניות,יחידה,1.00,יחידה,false,0,9.70,9.70,true,1,
7296073079903,false,רוטב עגבניות 22%שופר100ג,פריניר,IL,רסק עגבניות,גרמים,100.00,100 גרם,false,0,1.90,1.90,true,1,
7296073080534,false,תירס מתוק שופרסל 550 גרם,פרי גליל,IL,תירס גרעינים,גרמים,550.00,100 גרם,false,0,6.30,1.15,true,1,
7296073080558,false,תירס לייט שופרסל 550 גרם,פרי גליל,IL,תירס לייט,גרמים,550.00,100 גרם,false,0,7.50,1.36,true,1,
7296073091462,false,פיסטוק קלוי וממולח 200ג,ששון,IL,פיסטוק חלבי קלוי,גרמים,200.00,100 גרם,false,0,22.90,11.45,true,1,
7296073103813,false,תפוח אדמה לבן ארוז,שופרסל,IL,"תפו""א לבן ארוז",קילוגרמים,0.00,"ק""ג",true,0,4.90,4.90,true,1,
7296073103820,false,תפוח אדמה לטיגון ארוז,שופרסל,IL,"תפו""א לטיגון",קילוגרמים,0.00,"ק""ג",true,0,6.50,6.50,true,1,
7296073103844,false,תפוח אדמה למיקרו,קטיף.,IL,"תפו""א למיקרו",יחידה,1.00,יחידה,false,0,6.90,6.90,true,1,
7296073107828,false,שמן סויה שופרסל 1 ליטר,שופרסל,,שמן סויה,ליטרים,1.00,ליטר,false,0,7.90,7.90,true,1,
7296073108511,false,3 תבניות ענקיות שופרסל,שופרסל,IL,תבניות ענקיות,יחידה,1.00,יחידה,false,0,8.90,8.90,true,1,
7296073113256,false,חרדל דיזון+גרגיר.שופר350,שופרסל,FR,חרדל דיז'ון,גרמים,370.00,100 גרם,false,0,9.60,2.59,true,1,
7296073115717,false,סודה לשתיה שופרסל 50 גרם,שופרסל,,סודה לשתיה,גרמים,50.00,100 גרם,false,0,2.30,4.60,true,1,
7296073115731,false,אבקת סוכר שופרסל 100 גרם,שופרסל,IL,אבקת סוכר,גרמים,100.00,100 גרם,false,0,2.20,2.20,true,1,
7296073122258,false,תערובת אגוזים 200גשופרסל,ששון,IL,תערובת אגוזים,גרמים,200.00,100 גרם,false,0,22.70,11.35,true,1,
7296073122340,false,שקדי מרק מיכל שופרסל400ג,שופרסל,IL,שקדי מרק מיכל,גרמים,400.00,100 גרם,false,0,12.50,3.13,true,1,
7296073132820,false,סלק בואקום 500 גרם,שופרסל,ES,סלק בואקום 500ג,גרמים,500.00,100 גרם,false,0,9.00,1.80,true,1,
7296073143437,false,"ברנפלקס ללת""ס שופרסל 500",בריגן קי. ג'י,DE,"ברנפלקס ללת""ס",גרמים,500.00,100 גרם,false,0,18.10,3.62,true,1,
7296073150527,false,קורנפלקס שופרסל 750 גרם,שופרסל,DK,קורנפלקס שופרסל,גרמים,750.00,100 גרם,false,0,12.40,1.65,true,1,
7296073150756,false,שוקולד אגוזים3יח,,CH,שוקולד אגוזים3יח,גרמים,300.00,100 גרם,false,0,16.90,5.63,true,1,
7296073153238,false,גזר ארוז שופרסל,,IL,גזר ארוז שופרסל,קילוגרמים,0.00,"ק""ג",true,0,4.90,4.90,true,1,
7296073161783,false,קבוקים שומשום400ג שופרסל,שופרסל,CN,קבוקים עם שומשום,גרמים,400.00,100 גרם,false,0,14.90,3.73,true,1,
7296073173045,false,דבש טבעי לחיץ שופרסל500ג,שופרסל,IL,דבש לחיץ שופרסל,גרמים,500.00,100 גרם,false,0,30.20,6.04,true,1,
7296073188711,false,חטיפי קרקר,,,חטיפי קרקר,גרמים,350.00,100 גרם,false,0,10.30,2.94,true,1,
7296073189671,false,ג.דלעת קלוף 150גרם שופרס,ששון,CN,גרעין דלעת 150ג,גרמים,150.00,100 גרם,false,0,14.80,9.87,true,1,
7296073192633,false,שעועית לבנה שופרסל 800גר,פרי גליל,IL,שעועית לבנה,גרמים,800.00,100 גרם,false,0,18.90,2.36,true,1,
7296073205081,false,מיונז,,IL,מיונז,גרמים,500.00,100 גרם,false,0,6.90,1.38,true,1,
7296073211686,false,לחמניות המבורגר,,IL,לחמניות המבורגר,יחידה,1.00,יחידה,false,0,13.90,13.90,true,1,
7296073211952,false,סירופ מייפל אורג.גרין250,,CA,סירופ מייפל,מיליליטרים,250.00,"100 מ""ל",false,0,31.90,12.76,true,1,
7296073218920,false,לחם אחיד פרוס שופרסל 750,מאפיית שלמה א. אנג'\ל בע,IL,לחם אחיד פרוס,גרמים,750.00,100 גרם,false,0,6.79,0.91,true,1,
7296073219149,false,פירורי לחם מוזהב,,IL,פירורי לחם מוזהב,גרמים,350.00,100 גרם,false,0,7.90,2.26,true,1,
7296073219347,false,לחם אחיד פרוס750ג שופרסל,מאפית ברמן,IL,לחם אחיד פרוס,גרמים,750.00,100 גרם,false,0,6.79,0.91,true,1,
7296073220404,false,פטל אדום קפוא שופרסל 300,d.o.o Lukowa,YU,פטל אדום,גרמים,300.00,100 גרם,false,0,16.90,5.63,true,1,
7296073220411,false,אוכמניות קפוא שופרסל 300,d.o.o Lukowa,YU,אוכמניות,גרמים,300.00,100 גרם,false,0,16.90,5.63,true,1,
7296073222309,false,ג'חנון קפוא שופרסל 650 ג,אופרה,IL,ג'חנון קפוא שופר,גרמים,650.00,100 גרם,false,0,12.90,1.98,true,1,
7296073224631,false,"אורז פרסי שופרסל 1 ק""ג",ltd co produce Uthai,TH,אורז פרסי,קילוגרמים,1.00,"ק""ג",false,0,6.80,6.80,true,1,
7296073225195,false,שמ.זית אורג.כתית גרין750,OLIVENSA,ES,שמן זית אורגני,ליטרים,0.75,ליטר,false,1,46.90,62.53,true,1,
7296073225461,false,פיצה מרגריטה 360גרם,SOCICO CON S.R.L AR,IT,פיצה מרגריטה,גרמים,360.00,100 גרם,false,0,16.90,4.69,true,1,
7296073231561,false,שמנת עמידה לקצפת38% 250ג,מחלבות רמת הגולן,IL,שמנת עמידה 38%,מיליליטרים,250.00,"100 מ""ל",false,1,5.80,2.32,true,1,
7296073231691,false,חט.פריכיות שוקו תפוז18*5,בנליין פודס,RS,חטיף פריכיות,גרמים,90.00,100 גרם,false,1,10.90,12.11,true,1,
7296073232438,false,משקה חלב מועשר 1% 1ליטר,מחלבות רמת הגולן,IL,משקה חלב מועשר1%,ליטרים,1.00,ליטר,false,1,5.90,5.90,true,1,
7296073232636,false,מרגרינה בטעם חמאה 200 גר,בסלר גידה וה קימייה סאן,TR,מרגרינה ט.חמאה,גרמים,200.00,100 גרם,false,1,4.00,2.00,true,1,
7296073236603,false,"שמנת לבישול 15% 250 מ""ל",מחלבת רמת-הגולן,IL,שמנת לבישול 15%,מיליליטרים,250.00,"100 מ""ל",false,1,6.70,2.68,true,1,
7296073236771,false,סירופ בטעם תפוחים 1 ליטר,"פרי נטו משקאות בע""מ",IL,סירופ תפוחים,ליטרים,1.00,ליטר,false,1,11.80,11.80,true,1,
7296073237655,false,שוק.מריר 72% קקאו 100 גר,"שוקולד פריי בע""מ",CH,שוקולד מריר 72%,גרמים,100.00,100 גרם,false,1,10.90,10.90,true,1,
7296073238461,false,רביעיית סוללות AA שופרסל,פוג'יקום,CN,רביעיית סוללות,יחידה,1.00,יחידה,false,1,9.90,9.90,true,1,
7296073238508,false,שמיניית סוללות +AAרביעיה,פוג'יקום,CN,שמיניית סוללות,יחידה,1.00,יחידה,false,1,15.90,15.90,true,1,
7296073238737,false,מטען USB כפול לרכב,פוג'יקום,CN,מטען USB,יחידה,1.00,יחידה,false,1,44.90,44.90,true,1,
7296073238768,false,קוצץ עם אשפתון יח,TECHONGGIES TAIKONE,CN,קוצץ עם אשפתון,יחידה,1.00,יחידה,false,1,14.90,14.90,true,1,
7296073240006,false,משקה סויה שוקו אורגני 1,ביוסלים,IT,משקה סויה שוקו,ליטרים,1.00,ליטר,false,1,12.90,12.90,true,1,
7296073240846,false,אורז בסמטי מלא אורגני1קג,קוהינו,IN,אורז בסמטי,קילוגרמים,1.00,"ק""ג",false,1,15.90,15.90,true,1,
7296073243359,false,ביצים M שופרסל 12 יחידות,גליקסמן,IL,ביצים 12יחידות M,יחידה,1.00,יחידה,false,1,10.55,10.55,true,1,
7296073243366,false,ביצים L שופרסל 12 יחידות,גליקסמן,IL,ביצים 12 יחידותL,יחידה,1.00,יחידה,false,1,11.45,11.45,true,1,
7296073243984,false,מסטיק פפרמינט 29 גרם,פריי )שוקולד(,CH,מסטיק פפרמינט,גרמים,29.00,100 גרם,false,1,4.30,14.83,true,1,
7296073244035,false,מסטיק תה אפרסק בקבוקון64,פריי )שוקולד(,CH,מסטיק אייס אפרסק,גרמים,64.00,100 גרם,false,1,9.90,15.47,true,1,
7296073245452,false,מסטיק פפרמינט 64 גרם,פריי )שוקולד(,CH,מסטיק פפרמינט,גרמים,64.00,100 גרם,false,1,9.90,15.47,true,1,
7296073248477,false,55 צימרוני שסתום לתינוק,LTD CO S.T.O,CN,צימרוני שסתום,יחידה,1.00,יחידה,false,1,5.90,5.90,true,1,
7296073255758,false,חטיף דגנ.שוקולד+עוג23*6ג,סנאק אנד בק,AT,חטיף דגנים,גרמים,138.00,100 גרם,false,1,9.90,7.17,true,1,
7296073262152,false,גרעיני תירס מתוק 340גרם,סזאטמרי קונזרוגיאר,HU,גרעיני תירס מתוק,גרמים,340.00,100 גרם,false,1,5.90,1.74,true,1,
7296073262992,false,סירופ מייפל פרימיום250מל,.,CA,סירופ מייפל 100%,מיליליטרים,250.00,"100 מ""ל",false,1,32.90,13.16,true,1,
7296073263081,false,וופלים מיקס שופרסל 400 ג,FRITAG HANS,DE,וופלים מיקס,גרמים,400.00,100 גרם,false,1,12.90,3.23,true,1,
7296073265184,false,שקיות אשפה ריחניות 40 יח,גליל כימיקלים,IL,שקיות אשפה,יחידה,1.00,יחידה,false,1,19.90,19.90,true,1,
7296073266600,false,גרעיני תירס וואקום160*3ג,KFT KONZERVGYAR SZATMARI,HU,גרעיני תירס 3 יח,גרמים,480.00,100 גרם,false,1,9.90,2.06,true,1,
7296073272458,false,רוטב אלף האיים לייט450מל,מיטב,IL,רוטב אלף האיים,מיליליטרים,450.00,"100 מ""ל",false,1,8.90,1.98,true,1,
7296073276906,false,ספוג לניקיון מופלא יחידה,הנמל,CN,ספוגית הפלא שופר,יחידה,1.00,יחידה,false,1,6.90,6.90,true,1,
7296073279075,false,זיתים ירוק.חרוז.צנצנת500,TARIM VE GIDA URLA UGS,TR,זיתים ירוקים,גרמים,500.00,100 גרם,false,1,6.90,1.38,true,1,
7296073284970,false,"משק""ל בטעם אשכוליות1.5ל",גניר,IL,"משק""ל בטעם אשכול",ליטרים,1.50,ליטר,false,1,6.50,4.33,true,1,
7296073285656,false,סברס אדום,קטיף,IL,סברס אדום,קילוגרמים,0.00,"ק""ג",true,1,13.90,13.90,true,1,
7296073286165,false,עוגיות בפח שופרסל 280גרם,FRITAG HANS,DE,עוגיות בפח,גרמים,280.00,100 גרם,false,1,12.90,4.61,true,1,
7296073286172,false,וופלים בפח שופרסל 250גרם,FRITAG HANS,DE,וופלים בפח,גרמים,250.00,100 גרם,false,1,12.90,5.16,true,1,
7296073286493,false,צמד פטריות פורטובלה ושמפ,מרינה פטריות,IL,פטריות משפחתי,יחידה,1.00,יחידה,false,1,16.90,16.90,true,1,
7701001013596,false,שום ארוז יחידה,קטיף.,IL,שום יחידה,יחידה,1.00,יחידה,false,1,8.90,8.90,true,1,
8000380004911,false,קוביות וופל קואדרטיני Quadratini קרם אגוזים,קריניציה ויטמינה אס,AT,ופל קואדרטיני,גרמים,250.00,100 גרם,false,0,11.90,4.76,true,1,
8000392203159,false,מברשת מגהץ,המברשת רוחמה,IL,מברשת מגהץ,יחידה,1.00,יחידה,false,0,15.40,15.40,true,1,
8000500071083,false,אצבעות שוקולד קינדר Kinder שש עשרה יחידות,פררו - אלבה,IT,שוקולד חלב קינדר,גרמים,200.00,100 גרם,false,0,9.90,4.95,true,1,
8000500075708,false,ביצי שוקולד הפתעה קינדר ג'וי כחול בנים שלישיה,פררו - אלבה,ZA,קינדר ג'וי כחול,גרמים,60.00,100 גרם,false,0,12.90,21.50,true,1,
8000500126325,false,ביצי שוקולד הפתעה קינדר ג'וי ורוד בנות שלישיה,פררו - אלבה,ZA,קינדר ג'וי ורוד,גרמים,60.00,100 גרם,false,0,12.90,21.50,true,1,
8000700000050,false,דאב סבון מוצק אורגינל רביעייה,יוניליוור גרמניה (מנ,DE,סבון דאב רביעייה,גרמים,400.00,100 גרם,false,0,17.80,4.45,true,1,
8004030344938,false,"ריו מרה טונה בשמן זית 3X80 גרם מתכון חדש כשל""פ","בולטון אלימנטרי בע""\מ",IT,טונה ריו מרה 3יח,גרמים,240.00,100 גרם,false,0,28.70,11.96,true,1,
8005110120015,false,רסק עגבניות מרוכז 200גרם,מוטי,IT,רסק עגבניות,גרמים,200.00,100 גרם,false,1,8.90,4.45,true,1,
8015565030210,false,חטיף קרקר עם זיתים175ג,לוריארי אס אל אר,IT,קרקר עם זיתים,גרמים,175.00,100 גרם,false,1,9.90,5.66,true,1,
8015565030234,false,חטיף קרקר עם שום 175 גרם,לוריארי אס אל אר,IT,קרקר עם שום,גרמים,175.00,100 גרם,false,1,9.90,5.66,true,1,
8410076610508,false,"חטיף שיבולת שועל מלאה עם בוטנים, שקדים ושוקולד מריר בציפוי בטעם שוקולד",נייצ'ר ואלי Nature Valley,ES,חטיפי צ'ואי 5 יח,גרמים,150.00,100 גרם,false,1,15.90,10.60,true,1,
8410179100043,false,שמן זית בורחס מעולה750מל,PONTU BORGES ACEITES,ES,שמן זית בורחס,מיליליטרים,750.00,"100 מ""ל",false,0,39.90,5.32,true,1,
8690637538858,false,"דאו.אקס שוקולד 150 מ""ל",יוניליוור,TR,דאודורנט אקס,מיליליטרים,150.00,"100 מ""ל",false,0,12.90,8.60,true,1,
8697530910743,false,סיגריות פאל מאל כחול קצר מטאליק,Unknown,TR,פאל מאל חפ.,יחידה,1.00,יחידה,false,0,29.00,29.00,false,1,
8710502064814,false,עוגיות מרבה שוקולד ציפס במרקם רך 175 גר,בנקטבקריי מרבה בי.וי,NL,עוגיות מרבה,גרמים,175.00,100 גרם,false,1,12.00,6.86,true,1,
8710502139017,false,עוגיות טריפל שוקולד צ'יפס מרבה 180 גרם,בנקטבקריי מרבה בי.וי,NL,עוגיות שוקוצ'יפס,גרמים,180.00,100 גרם,false,0,12.00,6.67,true,1,
8710908160226,false,"טרזמה מרכך לפני חפיפה לנפח 500 מ""ל",יוניליוור פולין,IL,מרכך טרזמה,מיליליטרים,500.00,"100 מ""ל",false,1,22.90,4.58,true,1,
8710908161278,false,"טרזמה שמפו לאחר חפיפה לנפח מלא 500 מ""ל",יוניליוור,IL,שמפו טרזמה,מיליליטרים,500.00,"100 מ""ל",false,1,22.90,4.58,true,1,
8711700633987,false,שמפו טרזמה עם קרטין 500,יוניליוור,IL,שמפו טרזמה,מיליליטרים,500.00,"100 מ""ל",false,1,22.90,4.58,true,1,
8901537024014,false,"אורז בסמטי מובחר 1 ק""ג - דוואט) יורה דיעה",הנסיך- מפעל לייצור ט,IN,אורז בסמטי,קילוגרמים,1.00,"ק""ג",false,0,14.90,14.90,true,1,
