code,internal_code,name,manufacturer_name,manufacture_country,manufacturer_item_description,unit_qty,quantity,unit_of_measure,weighted,qty_in_package,price,unit_of_measure_price,allow_discount,status,item_id
14,true,נילוס 200 גר,ישרא גל דברי מזון,,,יח`,1,,false,1,15.60,15.60,false,1,
319,true,תו סיבוס פטור מעמ,ספקים שונים,,,יח`,1,,false,1,0.01,0.01,false,1,
321,true,תן ביס פטור מעמ,ספקים שונים,,,יח`,1,,false,1,0.01,0.01,false,1,
501,true,ראש קוקוס,בכורי שדה דרום 2002 בעמ,,,יח`,1,,false,1,10.90,10.90,false,1,
600,true,סנדוויץ`עובד,קבוצת אסם סחר שות. מוגבלת,,,יח`,1,,false,1,3,3,false,1,
2001,true,אשכולית,פירות בני דרור בעמ,,,"ק""ג",1,,true,1,6.90,6.90,false,1,
2002,true,אשכולית אדומה,תעשיות תוצרת חקלאית אביטן בני,,,"ק""ג",1,,true,1,6.90,6.90,false,1,
2003,true,אבוקדו,גליל שוק מקומי אגשח*שיק ל60 יו,,,"ק""ג",1,,true,1,10.90,10.90,false,1,
2006,true,ארטישוק,אנונה שיווק בעמ*שיק 45 יום*,,,"ק""ג",1,,true,1,25,25,false,1,
2007,true,בטטה,משק כרמי ייצור ושיווק תוצרת*שי,,,"ק""ג",1,,true,1,9.90,9.90,false,1,
2009,true,בננות,גליל שוק מקומי אגשח*שיק ל60 יו,,,"ק""ג",1,,true,1,6.90,6.90,false,1,
2010,true,בצל יבש,רביבו יהודה חקלאות ונכסים בעמ,,,"ק""ג",1,,true,1,5.90,5.90,false,1,
2012,true,אננס,פירות הכרמל אגשח בעמ*שיק 45 יו,,,יח`,1,,false,1,40,40,false,1,
2013,true,גויאבה,אלדד קליימן שיווק בעמ*שיק 40 י,,,"ק""ג",1,,true,1,19.90,19.90,false,1,
2015,true,דלעת,שוסטר תעשיות מזון בעמ*שיק ל 60,,,"ק""ג",1,,true,1,9.90,9.90,false,1,
2016,true,דלורית,שוסטר תעשיות מזון בעמ*שיק ל 60,,,"ק""ג",1,,true,1,7.90,7.90,false,1,
2017,true,תפוח זהוב,בראשית - אגודה שיתופית*שיק 45,,,"ק""ג",1,,true,1,10.90,10.90,false,1,
2019,true,חסה עגולה,הירוקים של רצון בעמ,,,יח`,1,,false,1,5.90,5.90,false,1,
2020,true,חסה רגילה,הירוקים של רצון בעמ,,,יח`,1,,false,1,5.90,5.90,false,1,
2021,true,חצילים,שיווק העשור ירקות הזהב*שיק 30,,,"ק""ג",1,,true,1,7.90,7.90,false,1,
2023,true,תפוח יונתן,בראשית - אגודה שיתופית*שיק 45,,,"ק""ג",1,,true,1,14.90,14.90,false,1,
2024,true,כרוב לבן,תעשיות תוצרת חקלאית אביטן בני,,,"ק""ג",1,,true,1,3.90,3.90,false,1,
2025,true,כרובית,ד.ע. ימין גידול ושיווק ירקות*ש,,,"ק""ג",1,,true,1,8.90,8.90,false,1,
2026,true,כרוב סיני,בכורי שדה דרום 2002 בעמ,,,יח`,1,,false,1,5.10,5.10,false,1,
2027,true,לימון,אתרוג תוצרת חקלאית*שיק 30 יום*,,,"ק""ג",1,,true,1,9.90,9.90,false,1,
2028,true,מלפפון,נסים מאיר חקלאי בעמ*שיק 30 יום,,,"ק""ג",1,,true,1,6.90,6.90,false,1,
2029,true,מלון,בננות החוף אגשח בעמ,,,"ק""ג",1,,true,1,8.90,8.90,false,1,
2031,true,וירטיקלית חסה סלנובה אדומה,ורטיקל פילד בעמ*קונסיגנציה*,,,יח`,1,,false,1,6.50,6.50,false,1,
2033,true,תפוח סמיט,בראשית - אגודה שיתופית*שיק 45,,,"ק""ג",1,,true,1,10.90,10.90,false,1,
2034,true,תפוח סטארקינג חרמון,בראשית - אגודה שיתופית*שיק 45,,,"ק""ג",1,,true,1,10.90,10.90,false,1,
2035,true,סלק,מלוא הסל שיווק ירקות בעמ*שיק 3,,,"ק""ג",1,,true,1,6.90,6.90,false,1,
2036,true,עגבניה,שיווק העשור ירקות הזהב*שיק 30,,,"ק""ג",1,,true,1,6.90,6.90,false,1,
2038,true,פטריות שמפיניון יחידה,מרינה פטריות הגליל בעמ,,,יח`,1,,false,1,9.90,9.90,true,1,
2039,true,פומלה,מהדרין תנופורט יצוא *שיק 30 יו,,,"ק""ג",1,,true,1,9.90,9.90,false,1,
2040,true,פלפל ירוק,ינאי - מרכז פרי והירק בעמ*שיק,,,"ק""ג",1,,true,1,8.90,8.90,false,1,
2041,true,פלפל חריף,שיווק העשור ירקות הזהב*שיק 30,,,"ק""ג",1,,true,1,9.90,9.90,false,1,
2043,true,צנונית,תוצרת הנגב אגודה שיתופית חקלאי,,,יח`,1,,false,1,6.90,6.90,true,1,
2044,true,צנון,עמית בראון שיווק עמ*שיק 40 יום,,,"ק""ג",1,,true,1,6.90,6.90,false,1,
2046,true,קולורבי,תעשיות תוצרת חקלאית אביטן בני,,,"ק""ג",1,,true,1,7.90,7.90,false,1,
2047,true,קלמנטינה,תעשיות תוצרת חקלאית אביטן בני,,,"ק""ג",1,,true,1,7.90,7.90,false,1,
2048,true,קישואים,אשר שי אלבז *שיק 30 יום*,,,"ק""ג",1,,true,1,9.90,9.90,false,1,
2049,true,קיווי,בראשית - אגודה שיתופית*שיק 45,,,"ק""ג",1,,true,1,9.90,9.90,false,1,
2050,true,פומלית,תעשיות תוצרת חקלאית אביטן בני,,,"ק""ג",1,,true,1,9.90,9.90,false,1,
2051,true,לפת,מלוא הסל שיווק ירקות בעמ*שיק 3,,,"ק""ג",1,,true,1,7.90,7.90,false,1,
2054,true,שומר,תעשיות תוצרת חקלאית אביטן בני,,,"ק""ג",1,,true,1,7.90,7.90,false,1,
2058,true,תפוא לבן,עוגן שיווק ואריזות בעמ,,,"ק""ג",1,,true,1,3.90,3.90,false,1,
2059,true,תפוזים,הדרי קטיף אריזה ושיווק בעמ*שיק,,,"ק""ג",1,,true,1,6.90,6.90,false,1,
2060,true,תירס ארוז,צמח שיווק תוצרת חקלאית *שיק 30,,,"ק""ג",1,,true,1,10.90,10.90,false,1,
2061,true,פלפל אדום,י.ל. החקלאים שיווק והפצה בעמ*ש,,,"ק""ג",1,,true,1,9.90,9.90,false,1,
2063,true,אגס,טריפל סל בעמ,,,"ק""ג",1,,true,1,13.90,13.90,false,1,
2064,true,כרוב אדום,תעשיות תוצרת חקלאית אביטן בני,,,"ק""ג",1,,true,1,6.90,6.90,false,1,
2065,true,פלפל חריף אדום,דובדבן שיווק בעמ*שיק 60 יום*,,,"ק""ג",1,,true,1,10.90,10.90,false,1,
2066,true,פלפל בהיר,שיווק העשור ירקות הזהב*שיק 30,,,"ק""ג",1,,true,1,10.90,10.90,false,1,
2067,true,פלפל צהוב,ב.ד. גידול ירקות בעמ*שיק 30 יו,,,"ק""ג",1,,true,1,9.90,9.90,false,1,
2068,true,אפרסמון,מור פירות השרון בעמ* שיק 45 יו,,,"ק""ג",1,,true,1,12.90,12.90,false,1,
2072,true,בצל אדום,רביבו יהודה חקלאות ונכסים בעמ,,,"ק""ג",1,,true,1,7.90,7.90,false,1,
2074,true,שרי ארוז,צימן עגבניות שיווק רמת הנגב בע,,,יח`,1,,false,1,9.90,9.90,false,1,
2080,true,נקטרינה,מיטב פרי הרמה (1995) בעמ*שיק 3,,,"ק""ג",1,,true,1,10.90,10.90,false,1,
2082,true,תפוח פינק,בראשית - אגודה שיתופית*שיק 45,,,"ק""ג",1,,true,1,13.90,13.90,false,1,
2092,true,פלפל שושקה,י.ל. החקלאים שיווק והפצה בעמ*ש,,,"ק""ג",1,,true,1,10.90,10.90,false,1,
2093,true,תפוזינה,גליל שוק מקומי אגשח*שיק ל60 יו,,,"ק""ג",1,,true,1,5.90,5.90,false,1,
2094,true,תפוח ענה,ח.ע בסד שיווק פירות בעמ,,,"ק""ג",1,,true,1,10.90,10.90,false,1,
2095,true,סברס,מהדרין תנופורט יצוא *שיק 30 יו,,,"ק""ג",1,,true,1,29.90,29.90,false,1,
2099,true,שזיף אדום,בועז את עמיר בעמ*שיק 40 יום*,,,"ק""ג",1,,true,1,16.90,16.90,false,1,
2105,true,מבצע פירות,ספקים שונים,,,"ק""ג",1,,true,1,8.90,8.90,false,1,
2113,true,פלפל כתום,י.ל. החקלאים שיווק והפצה בעמ*ש,,,"ק""ג",1,,true,1,9.90,9.90,false,1,
2114,true,ערמונים תפזורת,בכורי שדה דרום 2002 בעמ,,,"ק""ג",1,,true,1,19.90,19.90,false,1,
2116,true,קישואים עגולים,עמית בראון שיווק עמ*שיק 40 יום,,,"ק""ג",1,,true,1,10.90,10.90,false,1,
2120,true,תפוא אדום,עוגן שיווק ואריזות בעמ,,,"ק""ג",1,,true,1,4.90,4.90,false,1,
2122,true,רימון,אלדד קליימן שיווק בעמ*שיק 40 י,,,"ק""ג",1,,true,1,8.90,8.90,false,1,
2127,true,ענבים ירוקים טלי,לכיש מושב עובדים להתישבות*30 י,,,"ק""ג",1,,true,1,29.90,29.90,false,1,
2130,true,אנונה,גליל שוק מקומי אגשח*שיק ל60 יו,,,"ק""ג",1,,true,1,19.90,19.90,false,1,
2132,true,ברוקולי ארוז,בננות החוף אגשח בעמ,,,יח`,1,,false,1,10,10,false,1,
2134,true,תפוח נאשי,בראשית - אגודה שיתופית*שיק 45,,,"ק""ג",1,,true,1,15.90,15.90,false,1,
2144,true,קישוא זוקיני,שיווק העשור ירקות הזהב*שיק 30,,,"ק""ג",1,,true,1,10.90,10.90,false,1,
2158,true,תפוזים ברשת,מהדרין תנופורט יצוא *שיק 30 יו,,,"ק""ג",1,,true,1,5.90,5.90,false,1,
2165,true,פטריות תפזורת גדולות למילוי,חוות השמפיניון בעמ,,,"ק""ג",1,,true,1,39.90,39.90,false,1,
2170,true,שעועית ירוקה,בננות החוף אגשח בעמ,,,יח`,1,,false,1,10,10,false,1,
2173,true,חציל בלדי,י.ל. החקלאים שיווק והפצה בעמ*ש,,,"ק""ג",1,,true,1,8.90,8.90,true,1,
2186,true,תפוח גלה,בראשית - אגודה שיתופית*שיק 45,,,"ק""ג",1,,true,1,10.90,10.90,false,1,
2556,true,עגבניות חתוכות דק 400 גר`בודד,רסטרטו יבוא ושיווק בעמ*אין החז,,,יח`,400,גרם,false,1,5.90,1.48,true,1,
2916,true,מצת בודד,ספקים שונים,,,יח`,1,,false,1,1,1,false,1,
22024,true,פיתה אפויה מארז 10 יח,מגוון שיווק והפצת מאפים בעמ,,,יח`,1,,false,1,12.20,12.20,false,1,
46549,true,מוצרלה חריץ תנובה,תנובה - חלב,,,"ק""ג",1000,גרם,true,1,76,7.60,false,1,
46662,true,סקנדינבית 31% תנובה,תנובה - חלב,,,"ק""ג",1000,גרם,true,1,76,7.60,false,1,
47485,true,בולגרית פיראוס 24% פח 3 קג`תנובה,תנובה - חלב,,,"ק""ג",1000,גרם,true,1,56,5.60,false,1,
72333,true,לחמניה דגנים בונז`ור,קבוצת אסם סחר שות. מוגבלת,,,יח`,120,גרם,false,1,3.90,3.25,false,1,
252520,true,4ב...לחמניות מאפית,קבוצת אסם סחר שות. מוגבלת,,,יח`,1,,false,1,12,12,false,1,
363486,true,נקניק תה טירת צבי,תנובה קפואים,,,"ק""ג",1000,גרם,true,1,57,5.70,true,1,
365398,true,חזה הודו בדבש טירת צבי,תנובה קפואים,,,"ק""ג",1000,גרם,true,1,89,8.90,true,1,
395422,true,גבנצ 22% נעם חריץ פיקוח מעדנייה,החב` המרכזית - טרה,,,"ק""ג",1000,גרם,true,1,42.58,4.26,false,1,
481043,true,פיתות כוסמין 10 יח`700 גר`,דגנית עין בר תעשיות מזון ואפיה,,,יח`,700,גרם,false,1,14.90,2.13,false,1,
532721,true,טורו-כתף בקר זוגלובק,זוגלובק שיווק בעמ,,,"ק""ג",1000,גרם,true,1,118,11.80,false,1,
663135,true,קוביות סלומון קפוא,תנובה קפואים,,,יח`,1,,false,1,29.90,29.90,false,1,
706030,true,לחמנית ביס בונז`ור,קבוצת אסם סחר שות. מוגבלת,,,יח`,1,,false,1,3.90,3.90,false,1,
753218,true,חצי בגט,מאפיית קציר חיטים בעמ,,,יח`,1,,false,1,3.90,3.90,false,1,
989891,true,3ב...לחמניות מאפית,קבוצת אסם סחר שות. מוגבלת,,,יח`,1,,false,1,12,12,false,1,
1230331,true,כאמל בוקס,גלוברנדס בעמ - שיווק סיגריות,,,יח`,1,,false,1,34,34,true,1,
1230739,true,כאמל כחול,גלוברנדס בעמ - שיווק סיגריות,,,יח`,1,,false,1,34,34,true,1,
1231233,true,וינסטון בוקס,גלוברנדס בעמ - שיווק סיגריות,,,יח`,1,,false,1,33.50,33.50,true,1,
1231932,true,וינסטון כחול בוקס,גלוברנדס בעמ - שיווק סיגריות,,,יח`,1,,false,1,33.50,33.50,true,1,
1385074,true,אסאדו טרי ארוז מוכשר,אדום אדום - תנובה בקר,,,"ק""ג",1,,true,1,59.90,59.90,false,1,
1385098,true,שריר טרי ארוז מוכשר,אדום אדום - תנובה בקר,,,"ק""ג",0,גרם,true,1,64.90,64.90,false,1,
1385104,true,אוסובוקו טרי ארוז מוכשר,אדום אדום - תנובה בקר,,,"ק""ג",1,גרם,true,1,49.90,4990,true,1,
1385128,true,צלי כתף טרי ארוז מוכשר,אדום אדום - תנובה בקר,,,"ק""ג",0,גרם,true,1,89.90,89.90,true,1,
1385142,true,פילה מדומה טרי ארוז מוכשר,אדום אדום - תנובה בקר,,,"ק""ג",0,גרם,true,1,84.90,84.90,true,1,
1385159,true,קוביות לגולש טרי ארוז מוכשר,אדום אדום - תנובה בקר,,,"ק""ג",0,גרם,true,1,69.90,69.90,false,1,
1516065,true,חזה עוף פרוס דק דק טרי ארוז,קורניש חן (1987) בעמ,,,"ק""ג",1,,true,1,37.90,37.90,true,1,
1714874,true,כתף טרי ארוז מוכשר,אדום אדום - תנובה בקר,,,"ק""ג",0,גרם,true,1,69.90,69.90,false,1,
2013891,true,פסטרמה ברביקיו ללא חומרים משמרים,זוגלובק שיווק בעמ,,,"ק""ג",1000,גרם,true,1,81,8.10,false,1,
2013907,true,סלמי תה מעושן ללא חומרים משמרים,זוגלובק שיווק בעמ,,,"ק""ג",1000,גרם,true,1,50,5,false,1,
2206019,true,כרעיים עוף טרי ארוז,קורניש חן (1987) בעמ,,,"ק""ג",1,,true,1,25.90,25.90,true,1,
2206033,true,שוקיים עוף טרי ארוז,קורניש חן (1987) בעמ,,,"ק""ג",1,,true,1,29.90,29.90,true,1,
2206040,true,כנפיים עוף טרי ארוז,קורניש חן (1987) בעמ,,,"ק""ג",1,,true,1,12.90,12.90,true,1,
2206057,true,חזה עוף טרי שלם ארוז,קורניש חן (1987) בעמ,,,"ק""ג",1,,true,1,32.90,32.90,true,1,
2206064,true,חזה עוף פרוס טרי ארוז שניצל,קורניש חן (1987) בעמ,,,"ק""ג",1,,true,1,34.90,34.90,true,1,
2206101,true,סטייק פרגית ללא עור,קורניש חן (1987) בעמ,,,"ק""ג",1,,true,1,54.90,54.90,true,1,
2209071,true,פילה עוף טרי ארוז,קורניש חן (1987) בעמ,,,"ק""ג",1,,true,1,34.90,34.90,true,1,
2370017,true,גבינת גאודה בתוספת תערובת בזיליקום ושום,ג.וילי-פוד אינטרנשיונל **גבינו,,,"ק""ג",1000,גרם,true,1,84,8.40,false,1,
2370055,true,גבינת גאודה עיזים חצי קשה 32% שומן,ג.וילי-פוד אינטרנשיונל **גבינו,,,"ק""ג",1000,גרם,true,1,118,11.80,false,1,
2370123,true,גבינת עיזים רכה 29% שומן מעדניה,ג.וילי-פוד אינטרנשיונל **גבינו,,,"ק""ג",1000,גרם,true,1,80,8,false,1,
2370130,true,גבינת ברי צרפתית מעדנייה וילי פוד,ג.וילי-פוד אינטרנשיונל **גבינו,,,"ק""ג",1000,גרם,true,1,80,8,false,1,
2385196,true,רוקפור גבינה כחולה מעדנייה גד,מחלבות גד שיווק 1992 בעמ,,,"ק""ג",1000,גרם,true,1,136,13.60,false,1,
2385738,true,מנצ`גו משולשים מעדנייה גד,מחלבות גד שיווק 1992 בעמ,,,"ק""ג",1000,גרם,true,1,150,15,false,1,
2461098,true,נילוס פרוס,גול סחר בעמ,,,"ק""ג",1,,true,1,49.90,49.90,false,1,
2502067,true,חלה קלועה בונז`ור,קבוצת אסם סחר שות. מוגבלת,,,יח`,1,,false,1,11.90,11.90,true,1,
2502098,true,פרצל בונז`ור,קבוצת אסם סחר שות. מוגבלת,,,יח`,1,,false,1,4.20,4.20,false,1,
2757535,true,בורקס פילו אצבעות גבינה 700 שלושת האופים,נטו מלינדה סחר בעמ,,,יח`,700,גרם,false,1,20.90,2.99,true,1,
3561025,true,בייגל רול דגנים בונז`ור,קבוצת אסם סחר שות. מוגבלת,,,יח`,1,,false,1,4.20,4.20,false,1,
3561032,true,בייגל רול בונז`ור,קבוצת אסם סחר שות. מוגבלת,,,יח`,1,,false,1,4.20,4.20,false,1,
3578085,true,גבינת מוצרלה 21% מעדניה,ג.וילי-פוד אינטרנשיונל **גבינו,,,"ק""ג",1000,גרם,true,1,58,5.80,false,1,
3893843,true,פילה מושט ללא עור,בלו פיש גורמה סולושנס בעמ,,,"ק""ג",1,,true,1,29.90,29.90,false,1,
4033705,true,הבורגריה לחמניות המבוגר ביג לוקס 6 יח`,י.את א. ברמן בעמ,,,יח`,600,גרם,false,1,13.50,2.25,false,1,
4033736,true,לחם עננים בסגנון בריוש 500 גר`,י.את א. ברמן בעמ,,,יח`,500,גרם,false,1,14.90,2.98,true,1,
4135324,true,פיראוס בולגרית 5% מעודנת,תנובה - חלב,,,"ק""ג",1000,גרם,true,1,43,4.30,false,1,
4480349,true,גאודה עיזים משולש מעדניה גד,מחלבות גד שיווק 1992 בעמ,,,"ק""ג",1000,גרם,true,1,133,13.30,false,1,
4751001,true,סופגניה אריאל עם ריבה,מאפיית אריאל בעמ,,,יח`,1,,false,1,3.90,3.90,true,1,
4751002,true,סופגניה אריאל ללא ריבה,מאפיית אריאל בעמ,,,יח`,1,,false,1,3.90,3.90,true,1,
4751003,true,מיני סופגניה אריאל עם ריבה,מאפיית אריאל בעמ,,,יח`,1,,false,1,2.90,2.90,true,1,
4751004,true,מיני סופגניה אריאל ללא ריבה,מאפיית אריאל בעמ,,,יח`,1,,false,1,2.90,2.90,true,1,
5358005,true,נסיכת הנילוס שלם,גול סחר בעמ,,,"ק""ג",1,,true,1,29.90,29.90,false,1,
5384295,true,גבינה חצי קשה גאודה 28%,ג.וילי-פוד אינטרנשיונל בעמ,,,"ק""ג",1000,גרם,true,1,48,4.80,false,1,
5387227,true,בשר מס 8 שריר זרוע,נחמיה לחוביץ בעמ,,,"ק""ג",1,,true,1,29.90,29.90,false,1,
6131188,true,פילה סלמון,נ.ת.נ.ג.ב החזקות יעוץ וניהול ב,,,"ק""ג",1,,true,1,69.90,69.90,false,1,
6131706,true,פילה אמנון (מושט) קפוא,נ.ת.נ.ג.ב החזקות יעוץ וניהול ב,,,"ק""ג",1,,true,1,24.90,24.90,false,1,
6210258,true,תפוחיות שמרים בונז`ור,קבוצת אסם סחר שות. מוגבלת,,,"ק""ג",1000,גרם,true,1,40,4,false,1,
6210494,true,אוזני פיל,קבוצת אסם סחר שות. מוגבלת,,,"ק""ג",0,גרם,true,1,39,39,false,1,
6210661,true,באגט בונז`ור,קבוצת אסם סחר שות. מוגבלת,,,יח`,1,,false,1,6.90,6.90,true,1,
6714213,true,בשר צלי כתף מס 5 מוכשר מוביל,נחמיה לחוביץ בעמ,,,"ק""ג",1,,true,1,59.90,59.90,false,1,
6739247,true,פסט. איטלקית זוגלובק,זוגלובק שיווק בעמ,,,"ק""ג",1000,גרם,true,1,88,8.80,true,1,
8175777,true,איבריקו ויליפוד,ג.וילי-פוד אינטרנשיונל **גבינו,,,"ק""ג",1000,גרם,true,1,80,8,false,1,
8577267,true,עוף טרי שלם ארוז,קורניש חן (1987) בעמ,,,"ק""ג",1,,true,1,19.90,19.90,true,1,
8618007,true,דג פילה סלמון טרי פרוס מגש,מאסטרפוד בעמ,,,"ק""ג",1,,true,1,99,99,false,1,
40111216,true,באונטי חטיף שוקולד קוקוס 57 גרם,מרס ריגלי ישראל בעמ,,,יח`,57,גרם,false,1,4,7.02,true,1,
42182115,true,מסטיק פייב מנטה עדין ללס,מרס ריגלי ישראל בעמ,,,יח`,31,גרם,false,1,8,25.81,false,1,
42188889,true,מסטיק פייב בטעם אבטיח ללס,מרס ריגלי ישראל בעמ,,,יח`,31,גרם,false,1,8,25.81,false,1,
59039549,true,ווג פריזון לייט,גלוברנדס בעמ - שיווק סיגריות,,,יח`,1,,false,1,41,41,true,1,
59068907,true,פאל מאל כול דמי סלימס,גלוברנדס בעמ - שיווק סיגריות,,,יח`,1,,false,1,29,29,true,1,
59085645,true,דאודורנט רול און אסאי (50 מל),יוניליוור ישראל שיווק בעמ,,,יח`,50,גרם,false,1,16.50,33,true,1,
59455233,true,סיגריות ווג ליידי כחול,גלוברנדס בעמ - שיווק סיגריות,,,יח`,1,,false,1,41,41,true,1,
59455240,true,סיגריות ווג ליידי לילךבודד,גלוברנדס בעמ - שיווק סיגריות,,,יח`,1,,false,1,41,41,true,1,
72940754,true,מילקי וניל,שטראוס גרופ בעמ/מצונן,,,יח`,130,"מ""ל",false,1,2.90,2.23,false,1,
72940761,true,מילקי שוקו,שטראוס גרופ בעמ/מצונן,,,יח`,130,"מ""ל",false,1,2.90,2.23,false,1,
72940952,true,מילקי פי 2 קצפת,שטראוס גרופ בעמ/מצונן,,,יח`,170,"מ""ל",false,1,3.90,2.29,false,1,
72941041,true,מילקי מיני שוקולד,שטראוס גרופ בעמ/מצונן,,,יח`,130,"מ""ל",false,1,2.10,1.62,false,1,
72961223,true,גיל 3% 200 מל בדצ פיקוח,תנובה - חלב,,,יח`,200,"מ""ל",false,1,1.51,0.76,false,1,
72961506,true,יוגורט עם תות 1.5% פרילי (125 גרם),תנובה - חלב,,,יח`,125,"מ""ל",false,1,3.50,2.80,false,1,
72961520,true,יוגורט עם אננס 1.5% פרילי (125 גרם),תנובה - חלב,,,יח`,125,"מ""ל",false,1,3.50,2.80,false,1,
72986370,true,גלידת פיינטים וניל צרפתי בן אנד גריס,מוצרי איכות אמריקאיים בעמ,,,יח`,420,"מ""ל",false,1,20.30,4.83,true,1,
72986424,true,גלידת פיינטים קרם עוגיות,מוצרי איכות אמריקאיים בעמ,,,יח`,420,"מ""ל",false,1,20.30,4.83,true,1,
72986448,true,גלידת פיינטים טופי קרנץ,מוצרי איכות אמריקאיים בעמ,,,יח`,420,"מ""ל",false,1,20.30,4.83,true,1,
72986455,true,גלידת פיינטים ניו-יורק סופר,מוצרי איכות אמריקאיים בעמ,,,יח`,420,"מ""ל",false,1,20.30,4.83,true,1,
72986479,true,גלידת פיינטים צאנקי מנקי,מוצרי איכות אמריקאיים בעמ,,,יח`,420,"מ""ל",false,1,20.30,4.83,true,1,
72989425,true,גלידת פיינטים שוקולד בראוניס,מוצרי איכות אמריקאיים בעמ,,,יח`,420,"מ""ל",false,1,20.30,4.83,true,1,
72991886,true,גלידת פיינטים בן אנד גריס פיינט 500 מל,מוצרי איכות אמריקאיים בעמ,,,יח`,500,"מ""ל",false,1,20.30,4.06,true,1,
72993637,true,דני שוקולד בודד,שטראוס גרופ בעמ/מצונן,,,יח`,125,"מ""ל",false,1,2.70,2.16,false,1,
72994061,true,Good2 פסק זמן 36 גרם,שטראוס גרופ בעמ,,,יח`,36,גרם,false,1,5.40,15,false,1,
80052760,true,בואנו קינדר בודד,פרימיום-חברה לדברי מתיקה ולמסח,,,יח`,1,,false,1,3.90,3.90,false,1,
80136194,true,חטיף היפו אגוזי לוז 5 יח,פרימיום-חברה לדברי מתיקה ולמסח,,,יח`,90,גרם,false,1,12.50,13.89,true,1,
80176800,true,ממרח אגוזי לוז נוטלה (750 גרם),פרימיום-חברה לדברי מתיקה ולמסח,,,יח`,750,גרם,false,1,25.90,3.45,false,1,
80177173,true,ממרח אגוזי לוז נוטלה (350 גרם),פרימיום-חברה לדברי מתיקה ולמסח,,,יח`,350,גרם,false,1,14.90,4.26,false,1,
80177616,true,אצבעות שוקולד קינדר (8 יח`- 100 גרם),פרימיום-חברה לדברי מתיקה ולמסח,,,יח`,1,,false,1,7.90,7.90,false,1,
80761761,true,קינדר בואנו לבן בודד 0.43 גר`,פרימיום-חברה לדברי מתיקה ולמסח,,,יח`,43,גרם,false,1,3.90,9.07,false,1,
80773443,true,מסטיק מנטוס בטעם מנטה עדין ללס,ליימן שליסל בעמ,,,יח`,60,גרם,false,1,10.50,17.50,true,1,
80780595,true,מסטיק מנטוס ביג טעם מנטה עדינה ללס 90 ג,ליימן שליסל בעמ,,,יח`,1,,false,1,17.90,17.90,false,1,
80790990,true,מסטיק מנטוס טעם פירות מנטה ללס,ליימן שליסל בעמ,,,יח`,60,גרם,false,1,10.50,17.50,true,1,
80794233,true,מסטיק מנטוס ביג בטעם מנטה ללס 90 גר`,ליימן שליסל בעמ,,,יח`,1,,false,1,17.90,17.90,false,1,
80828174,true,מסטיק מנטוס וויט מנטה ללס,ליימן שליסל בעמ,,,יח`,60,גרם,false,1,10.50,17.50,false,1,
80831402,true,סוכריות מנטוס מנטה עדינה ללס clean bera,ליימן שליסל בעמ,,,יח`,1,,false,1,7.90,7.90,true,1,
80832560,true,סוכריות מנטוס פירות יער ללס,ליימן שליסל בעמ,,,יח`,21,גרם,false,1,7.90,37.62,true,1,
80843184,true,מסטיק מנטוס טעם ענבים ללס 60 גר,ליימן שליסל בעמ,,,יח`,60,גרם,false,1,10.50,17.50,true,1,
80854753,true,סוכריות מנטוס מנטה ללס,ליימן שליסל בעמ,,,יח`,1,,false,1,7.90,7.90,true,1,
80913467,true,מסטיק מנטוס טעם מנטה ללס 60 גר,ליימן שליסל בעמ,,,יח`,60,גרם,false,1,10.50,17.50,true,1,
80945468,true,גומי לעיסה ללא סוכר בטעם מנטה מתוקה 60 ג,ליימן שליסל בעמ,,,יח`,60,גרם,false,1,10.90,18.17,true,1,
80960270,true,קינדר בואנו קוקוס בודד,פרימיום-חברה לדברי מתיקה ולמסח,,,יח`,1,,false,1,3.90,3.90,false,1,
80974215,true,מסטיק מנטוס פיור ללס בבקבוק בטעם תות 90,ליימן שליסל בעמ,,,יח`,1,,false,1,18.30,18.30,false,1,
80982470,true,מסטיק מנטוס פיור פרש בטעם מנטה חזקה ללס,ליימן שליסל בעמ,,,יח`,60,גרם,false,1,10.50,17.50,true,1,
80995128,true,מסטיק מנטוס בטעם הדרים 60 גר`,ליימן שליסל בעמ,,,יח`,60,גרם,false,1,10.50,17.50,false,1,
85939868,true,נייר קצר לגלגול ללא פילטר,צפניה ברזילי בעמ,,,יח`,1,,false,1,2,2,false,1,
85942707,true,נייר קצר לגלגול ללא פילטר עבה,צפניה ברזילי בעמ,,,יח`,1,,false,1,2,2,false,1,
85951730,true,פילטרים לגילגול סיגריות סלים פארטי) (120,צפניה ברזילי בעמ,,,יח`,1,,false,1,4,4,false,1,
85966611,true,נייר גלגול גדול Black כולל פילטר,צפניה ברזילי בעמ,,,יח`,1,,false,1,6,6,false,1,
85967076,true,נייר גלגול בינוני כולל פילטר חום,צפניה ברזילי בעמ,,,יח`,1,,false,1,6,6,false,1,
87108538,true,סוכריות לעיסה בטעם תות מנטוס (37.5 גרם),ליימן שליסל בעמ,,,יח`,37,גרם,false,1,4,10.81,true,1,
87108712,true,מנטוס רביעיה,ליימן שליסל בעמ,,,יח`,150,גרם,false,1,14.90,9.93,true,1,
90162602,true,משקה אנרגיה רד בול (250 מל),דיפלומט היינץ,,,יח`,250,"מ""ל",false,1,6.90,2.64,true,1,
90162800,true,רד בול משקה אנרגיה 250 מל ללס,דיפלומט היינץ,,,יח`,250,"מ""ל",false,1,6.90,2.64,true,1,
90446269,true,משקה אנרגיה רד בול (250 מל),דיפלומט היינץ,,,יח`,250,"מ""ל",false,1,6.90,2.64,true,1,
90448867,true,רד בול משקה אנרגיה ללא פחמימות 250 מל,דיפלומט היינץ,,,יח`,250,"מ""ל",false,1,6.90,2.64,true,1,
90453427,true,רד בול משקה אנרגיה פיטאיה 250 מל,דיפלומט היינץ,,,יח`,250,"מ""ל",false,1,6.90,2.64,true,1,
9800800056,true,נוטלה אנד גו 52 גרם,פרימיום-חברה לדברי מתיקה ולמסח,,,יח`,52,גרם,false,1,5.50,10.58,true,1,
11182700930,true,קינג קול שעועית אדומה כהה 439 גרם,מור-ים מרקטינג בעמ,,,יח`,439,גרם,false,1,10.90,2.48,false,1,
11182700954,true,קינג קול שעועית שחורה 454 גרם,מור-ים מרקטינג בעמ,,,יח`,439,גרם,false,1,10.90,2.48,false,1,
11210000032,true,טבסקו משפחתי,ציון תורג`מן בעמ,,,יח`,60,"מ""ל",false,1,50.90,84.83,false,1,
11210000094,true,טבסקו 60 מל,ציון תורג`מן בעמ,,,יח`,60,"מ""ל",false,1,13.50,22.50,false,1,
11210002500,true,טבסקו באפלו 150,ציון תורג`מן בעמ,,,יח`,150,"מ""ל",false,1,24.40,16.27,false,1,
11210006508,true,רוטב טבסקו,ציון תורג`מן בעמ,,,יח`,60,"מ""ל",false,1,22.40,37.33,false,1,
11210009387,true,טבסקו 60 מל,ציון תורג`מן בעמ,,,יח`,60,"מ""ל",false,1,13.50,22.50,false,1,
13495113506,true,חטיף ביסקויט שוקולד חלב קליק (75 גרם),יוניליוור ישראל שיווק בעמ,,,יח`,75,גרם,false,1,6.90,9.20,true,1,
13495113513,true,חטיף כדורים שוקולד חלב קליק (75 גרם),יוניליוור ישראל שיווק בעמ,,,יח`,75,גרם,false,1,6.90,9.20,true,1,
13495113520,true,חטיף קורנפלקס שוקולד חלב קליק (75 גרם),יוניליוור ישראל שיווק בעמ,,,יח`,75,גרם,false,1,6.90,9.20,true,1,
13495113537,true,חטיף שוקולד חום לבן קליק (75 גרם),יוניליוור ישראל שיווק בעמ,,,יח`,75,גרם,false,1,6.90,9.20,true,1,
13495113551,true,קליק שקיות עוגי,יוניליוור ישראל שיווק בעמ,,,יח`,75,גרם,false,1,6.90,9.20,true,1,
13495113582,true,חטיף כריות שוקולד חלב קליק (75 גרם),יוניליוור ישראל שיווק בעמ,,,יח`,75,גרם,false,1,6.90,9.20,true,1,
16000185517,true,פייבר וואן 555 גר`,קבוצת אסם סחר שות. מוגבלת,,,יח`,555,גרם,false,1,27.60,4.97,true,1,
16000423534,true,נייטשר וואלי 210 גר`שיבולת שועל ושוקולד,ליימן שליסל בעמ,,,יח`,210,גרם,false,1,14.90,7.10,false,1,
16000548503,true,נייטשר וואלי 210 גר`מייפל וסוכר חום,ליימן שליסל בעמ,,,יח`,210,גרם,false,1,14.90,7.10,false,1,
16000548602,true,נייטשר וואלי 210 גר`קינמון,ליימן שליסל בעמ,,,יח`,210,גרם,false,1,14.90,7.10,false,1,
16000548909,true,נייטשר וואלי 210 גר`מעורב,ליימן שליסל בעמ,,,יח`,210,גרם,false,1,14.90,7.10,false,1,
16229924263,true,קרם קוקוס 250 מל Aroy D,גורי מוצרי צריכה (1991) בעמ,,,יח`,250,"מ""ל",false,1,10.80,4.32,false,1,
22200956932,true,ספיד סטיק 24/7 ג`ל כחול,ש.שסטוביץ בעמ,,,יח`,0,גרם,false,1,16.90,16.90,false,1,
22200956949,true,ספיד סטיק 24/7 ג`ל קול פיוזן יבוא מקביל,בית הצעצוע בעמ,,,יח`,51,גרם,false,1,15.90,31.18,false,1,
25675120037,true,מקלות חמוצות 100,גורי ע.ע.ע בעמ,,,יח`,100,גרם,false,1,9.50,9.50,false,1,
25675120068,true,מקלות חמוצות 100,גורי ע.ע.ע בעמ,,,יח`,100,גרם,false,1,9.50,9.50,false,1,
25700005698,true,שקית אחסון בינוניות 24 יח זיפלוק,דנשר (1963) בעמ,,,יח`,1,,false,1,13.90,13.90,false,1,
31290140190,true,אצבעות שוקולדמריר עם נגיעות מלח ים (90 ג,תה ויסוצקי (ישראל) בעמ,,,יח`,90,גרם,false,1,15.90,17.67,true,1,
33617340610,true,ואזה מקמח שיפון 275 גר`,גורי מוצרי צריכה (1991) בעמ,,,יח`,275,גרם,false,1,14.90,5.42,true,1,
34000148301,true,נטיפי שוקולד מריר לאפייה 340 גר הרשי,ליימן שליסל בעמ,,,יח`,340,גרם,false,1,21.40,6.29,true,1,
34000442652,true,טבלת ריזס -XL,ליימן שליסל בעמ,,,יח`,120,גרם,false,1,11.20,9.33,false,1,
34000544028,true,חטיף גומ טויז תות,ליימן שליסל בעמ,,,יח`,198,גרם,false,1,9.10,4.60,false,1,
35000458476,true,מברשת שיניים ילדים 2+ מארז רביעייה קולגי,ש.שסטוביץ בעמ,,,יח`,1,,false,1,20.90,20.90,false,1,
37600207188,true,חמאת בוטנים קלאסי 462ג סקיפי,דיפלומט היינץ,,,יח`,462,גרם,false,1,19.90,4.31,false,1,
37600297943,true,מטבל סלסה חריף Chi-Chi`s,ליימן שליסל בעמ,,,יח`,439,גרם,false,1,18.90,4.31,true,1,
37600297967,true,מטבל סלסה בחריפות עדינה Chi-Chi`s,ליימן שליסל בעמ,,,יח`,439,גרם,false,1,19.90,4.53,true,1,
38000138607,true,פרינגלס מלח וחומץ 158 גר`,דיפלומט היינץ,,,יח`,158,גרם,false,1,9.90,6.27,true,1,
38000138638,true,פרינגלס פיצה 158 גר`,דיפלומט היינץ,,,יח`,158,גרם,false,1,9.90,6.27,true,1,
38000138720,true,פרינגלס קראנצ`158 גר`,דיפלומט היינץ,,,יח`,158,גרם,false,1,9.90,6.27,true,1,
38000183690,true,חטיף צ`יפס בטעם ברביקיו פרינגלס (71 גרם),דיפלומט היינץ,,,יח`,67,גרם,false,1,5.90,8.81,false,1,
38000183928,true,פרינגלס דבש וחרדל 158 גר`,דיפלומט היינץ,,,יח`,158,גרם,false,1,9.90,6.27,true,1,
38000197840,true,פרינגלס ברביקיוו 137 גר`Wavy,דיפלומט היינץ,,,יח`,137,גרם,false,1,9.90,7.23,true,1,
38000202278,true,פרינגלס אורגינל 130 גר`Wavy,דיפלומט היינץ,,,יח`,130,גרם,false,1,9.90,7.62,true,1,
38000232152,true,פרינגלס ברביקיו 158 גר`,דיפלומט היינץ,,,יח`,158,גרם,false,1,9.90,6.27,true,1,
38000232169,true,חטיף צ`יפס אורגינל מידי פרינגלס (67 גרם),דיפלומט היינץ,,,יח`,67,גרם,false,1,5.90,8.81,false,1,
38000232176,true,פרינגלס שמנת בצל 158 גר`,דיפלומט היינץ,,,יח`,158,גרם,false,1,9.90,6.27,true,1,
38000232183,true,פרינגלס אורגינל 149 גר`,דיפלומט היינץ,,,יח`,149,גרם,false,1,9.90,6.64,true,1,
38000845253,true,פרינגלס מידי שמנת בצל 71 גר,דיפלומט היינץ,,,יח`,67,גרם,false,1,5.90,8.81,false,1,
38527591053,true,דגנים מרובעים קינמון קוואקר (411 גרם),שטראוס פריטו ליי בעמ,,,יח`,412,גרם,false,1,21.40,5.19,true,1,
42400108153,true,דגני בוקר מתוקים בטעם פירות( 354 גר`)פ,ר.ב מוצרי דגנים בעמ,,,יח`,354,גרם,false,1,21.50,6.07,false,1,
46214731552,true,עוגיות שוקולד צ`יפס מרבה (225 גרם),ש.שסטוביץ בעמ,,,יח`,225,גרם,false,1,10.90,4.84,true,1,
52100070865,true,תמצית אפיה בטעם וניל טהור מקורמיק (29 מ,ר.ב מוצרי דגנים בעמ,,,יח`,29,"מ""ל",false,1,30.90,106.55,false,1,
55369902557,true,רביעות רסק תפוחי עץ ממותק בסגנון ביתי 45,מור-ים מרקטינג בעמ,,,יח`,452,גרם,false,1,14.90,3.30,false,1,
55369902564,true,רסק תפוחי עץ ללתס רביעייה 452 גר`אלפסנ,מור-ים מרקטינג בעמ,,,יח`,452,גרם,false,1,14.90,3.30,false,1,
70221011116,true,טובלרון- שוק`חלבי 100 גרם) (20,דיפלומט היינץ,,,יח`,100,גרם,false,1,6.90,6.90,false,1,
72600062306,true,הר חטיף גבינה 198 גר`,מור-ים מרקטינג בעמ,,,יח`,198,גרם,false,1,22.90,11.57,false,1,
72600062320,true,הר חטיף גבינה בטעם פיצה,מור-ים מרקטינג בעמ,,,יח`,198,גרם,false,1,21.90,11.06,false,1,
76840100156,true,גלידת פיינט צ`רי גרסיה דובדבנים וחתיכות,מוצרי איכות אמריקאיים בעמ,,,יח`,473,גרם,false,1,20.30,4.29,true,1,
76840400218,true,גלידת פיינטים בן אנד גריס פיינט תות,מוצרי איכות אמריקאיים בעמ,,,יח`,750,"מ""ל",false,1,20.30,2.71,true,1,
77343000233,true,נרות חימום מנורה שי נר (50),אבאל יזמות בעמ,,,יח`,1,,false,1,10.50,10.50,true,1,
77343001100,true,נר נשמה מנורה 26 שעות,אבאל יזמות בעמ,,,יח`,1,,false,1,2.90,2.90,true,1,
77975010167,true,סניידרס מקלוני חיטה בתוספת דבש 340 גר`,ליימן שליסל בעמ,,,יח`,340,גרם,false,1,15.90,4.68,true,1,
77975036976,true,מטבל עגבניות בחריפות עדינה,ליימן שליסל בעמ,,,יח`,439,גרם,false,1,18.90,4.31,false,1,
77975093085,true,סניידרס בייגלה מצופה שוקולד חלב 141 גר`,ליימן שליסל בעמ,,,יח`,141,גרם,false,1,17.90,12.70,true,1,
77975093108,true,סניידרס בייגלה מצופה שוקולד לבן 141 גר`,ליימן שליסל בעמ,,,יח`,141,גרם,false,1,17.90,12.70,true,1,
77975094624,true,סניידרס שברי בייגלה במילוי חמאת בוטנים 2,ליימן שליסל בעמ,,,יח`,283.50,גרם,false,1,15.90,5.61,true,1,
77975094631,true,סניידרס בייגלה במילוי קרם צ`דר ( 226 גר`,ליימן שליסל בעמ,,,יח`,226,גרם,false,1,15.90,7.04,true,1,
77975094761,true,סניידרס שברי בייגל בטעם גבינת צ`אדר,ליימן שליסל בעמ,,,יח`,340,גרם,false,1,15.90,4.68,true,1,
77975094778,true,סניידרס שברי בייגל בטעם דבש וחרדל 340 גר,ליימן שליסל בעמ,,,יח`,340,גרם,false,1,15.90,4.68,true,1,
77975095133,true,סניידרס שברי בייגלה ממחמצת שאור בטעם פיק,ליימן שליסל בעמ,,,יח`,319,גרם,false,1,15.90,4.98,true,1,
77975095157,true,סניידרס שברי בייגלה חלפינו 318 גר`,ליימן שליסל בעמ,,,יח`,318,גרם,false,1,15.90,5,true,1,
80518532743,true,בלון פסטל שמחה זה אנחנו) (50,שמחה זה אנחנו בעמ,,,יח`,1,,false,1,11.90,11.90,false,1,
609628012114,true,זית קלמטה פחית 430 גר`,תומר יבוא ושיווק מוצרי מזון (1,,,יח`,430,גרם,false,1,15.90,3.70,false,1,
611745285685,true,אבוקדו בשל ארוז - מור בריאות,קונסיגנציה-מור בריאות בעמ,,,יח`,1,,false,1,7.90,7.90,true,1,
613008742348,true,אריזונה ג`נסנג דבש ליטר,טמפו משקאות בעמ,,,יח`,1,1 ליטר,false,1,11.90,11.90,true,1,
613008742409,true,אריזונה אפרסק ליטר,טמפו משקאות בעמ,,,יח`,1,1 ליטר,false,1,11.90,11.90,true,1,
613008753290,true,אריזונה אפרסק 450 מל בקבוק,טמפו משקאות בעמ,,,יח`,450,"מ""ל",false,1,8.90,1.91,true,1,
613008753351,true,אריזונה רימונים בקבוק 450 מל,טמפו משקאות בעמ,,,יח`,450,"מ""ל",false,1,8.90,1.91,true,1,
613008753382,true,אריזונה תה אוכמניות 450 מל בקבוק,טמפו משקאות בעמ,,,יח`,450,"מ""ל",false,1,8.90,1.91,true,1,
628154383659,true,פרוטי פבלס 311 גר`.,ר.ב מוצרי דגנים בעמ,,,יח`,311,גרם,false,1,22.90,7.36,false,1,
651080647519,true,ג`ורדן פלקרס קיסם עם חוט-מנטה,דנשר (1963) בעמ,,,יח`,1,,false,1,13.20,13.20,false,1,
693493065641,true,טחינה הר כנען 100% 500 גר,אבאל יזמות בעמ,,,יח`,500,גרם,false,1,15.90,3.18,true,1,
693493065672,true,טחינה מלאה הר כנען 500 גר`,אבאל יזמות בעמ,,,יח`,500,גרם,false,1,16.90,3.38,true,1,
693493168786,true,תמר מג`הול גמבו 1קג,סהר ותמר בעמ,,,יח`,1000,גרם,false,1,25,2.50,false,1,
710535495539,true,אורז בסמטי 96% ( 1 קג ) AVEL,אבאל יזמות בעמ,,,יח`,1,"ק""ג",false,1,12.90,12.90,true,1,
728229123590,true,חטיף צ`יפס אורגינל טרה (110 גרם)כשר לפס,משה סידס ובנו בעמ,,,יח`,110,גרם,false,1,14.90,13.55,true,1,
728229123811,true,חטיף צ`יפס ים תיכוני טרה (110 גרם),משה סידס ובנו בעמ,,,יח`,110,גרם,false,1,14.90,13.55,true,1,
728229124764,true,חטיף צ`יפס עם מלח ים טרה (110 גרם),משה סידס ובנו בעמ,,,יח`,110,גרם,false,1,14.90,13.55,true,1,
728229124771,true,חטיף טרה מבטטה בטעם ברבקיו 110 גר,משה סידס ובנו בעמ,,,יח`,110,גרם,false,1,14.90,13.55,true,1,
728229130444,true,חטיף טרה צ`יפס 110 גר`,משה סידס ובנו בעמ,,,יח`,110,גרם,false,1,14.90,13.55,true,1,
768404001640,true,גלידת פיינטים בטעם קפה,מוצרי איכות אמריקאיים בעמ,,,יח`,420,"מ""ל",false,1,20.30,4.83,true,1,
835811001652,true,כוס לשתיה קרה 330 סמק 40 יח`הנמל,הנמל אריזות ושיווק (1984) בעמ,,,יח`,1,,false,1,9.90,9.90,false,1,
835811003458,true,מזלגות אלגנט שקוף 50 יח` הנמל,הנמל אריזות ושיווק (1984) בעמ,,,יח`,1,,false,1,10.90,10.90,true,1,
835811003465,true,סכינים אלגנט שקוף 50 יח` הנמל,הנמל אריזות ושיווק (1984) בעמ,,,יח`,1,,false,1,10.90,10.90,true,1,
835811003595,true,צלחות קלאסי קטן לבן 65 יח`,הנמל אריזות ושיווק (1984) בעמ,,,יח`,1,,false,1,25.90,25.90,true,1,
835811004189,true,פירורי לחם הנמל (800גרם),הנמל אריזות ושיווק (1984) בעמ,,,יח`,800,גרם,false,1,10.90,1.36,false,1,
835811004509,true,קערה פסים גדולה לסלט ענק הנמל,הנמל אריזות ושיווק (1984) בעמ,,,יח`,1,,false,1,8.90,8.90,false,1,
835811004707,true,פרורי לחם מוזהבים הנמל (440 גרם),הנמל אריזות ושיווק (1984) בעמ,,,יח`,440,גרם,false,1,7.10,1.61,false,1,
835811005940,true,מגש הכסף תבנית אלומ` גדולה+ מכסה 8 יח`,הנמל אריזות ושיווק (1984) בעמ,,,יח`,1,,false,1,10.90,10.90,true,1,
835811005957,true,מגש הכסף תבנית אלומ` +90 מכסה 8 יח`,הנמל אריזות ושיווק (1984) בעמ,,,יח`,1,,false,1,10.90,10.90,true,1,
835811005964,true,מגש הכסף תבנית אלומ`מאורך 20 יח`,הנמל אריזות ושיווק (1984) בעמ,,,יח`,1,,false,1,10.90,10.90,true,1,
835811006213,true,קערות למרק מקנה סוכר טבעי 25 יח`הנמל,הנמל אריזות ושיווק (1984) בעמ,,,יח`,1,,false,1,10.90,10.90,false,1,
835811006220,true,צלחות ענק מקנה סוכר טבעי 25 יח`הנמל,הנמל אריזות ושיווק (1984) בעמ,,,יח`,1,,false,1,13.90,13.90,false,1,
835811006237,true,צלחות קטנות מקנה סוכר טבעי 25 יח`הנמל,הנמל אריזות ושיווק (1984) בעמ,,,יח`,1,,false,1,9.90,9.90,false,1,
835811006244,true,צלחות גדולות מקנה סוכר טבעי 25 יח`הנמל,הנמל אריזות ושיווק (1984) בעמ,,,יח`,1,,false,1,12.90,12.90,false,1,
835811007302,true,כפות אלגנט קרם 50 יח` הנמל,הנמל אריזות ושיווק (1984) בעמ,,,יח`,1,,false,1,10.90,10.90,true,1,
835811007319,true,מזלגות אלגנט קרם 50 יח` הנמל,הנמל אריזות ושיווק (1984) בעמ,,,יח`,1,,false,1,10.90,10.90,true,1,
835811008347,true,גפרור ענק הנמל,הנמל אריזות ושיווק (1984) בעמ,,,יח`,1,,false,1,6.10,6.10,false,1,
835811008699,true,כפות 50 יח`עבה הנמל,הנמל אריזות ושיווק (1984) בעמ,,,יח`,1,,false,1,15.90,15.90,false,1,
835811008941,true,סכינים 50 יח`שקוף עבה הנמל,הנמל אריזות ושיווק (1984) בעמ,,,יח`,1,,false,1,15.90,15.90,false,1,
835811009368,true,מרקיות צבע 25 יח`מעורב הנמל,הנמל אריזות ושיווק (1984) בעמ,,,יח`,1,,false,1,10.90,10.90,false,1,
835811009412,true,צלחות קטנות 25 יח`מעורב הנמל,הנמל אריזות ושיווק (1984) בעמ,,,יח`,1,,false,1,10.90,10.90,false,1,
835811009429,true,צלחות גדולות צבע 25 יח`מעורב הנמל,הנמל אריזות ושיווק (1984) בעמ,,,יח`,1,,false,1,16.90,16.90,false,1,
835811009436,true,צלחות ענק צבע 25 יח`מעורב הנמל,הנמל אריזות ושיווק (1984) בעמ,,,יח`,1,,false,1,25.90,25.90,false,1,
839762000641,true,משקה איילנד 1 ליטר מנגו,טמפו משקאות בעמ,,,יח`,1,1 ליטר,false,1,13.90,13.90,true,1,
839762000658,true,משקה גויאבה איילנד (1 ליטר),טמפו משקאות בעמ,,,יח`,1,1 ליטר,false,1,13.90,13.90,true,1,
856591000055,true,עוגיות מזרחיות קריספי עבאדי (400 גרם),תה ויסוצקי (ישראל) בעמ,,,יח`,400,גרם,false,1,18.50,4.63,false,1,
856591000062,true,עוגיות מזרחיות עם מלח עבאדי (400 גרם),תה ויסוצקי (ישראל) בעמ,,,יח`,400,גרם,false,1,18.50,4.63,true,1,
856591000109,true,עוגיות מזרחיות עבאדי 400 גר`,תה ויסוצקי (ישראל) בעמ,,,יח`,400,גרם,false,1,18.50,4.63,false,1,
856591000918,true,מארז חטיף טבעי עבאדי) (8X40,תה ויסוצקי (ישראל) בעמ,,,יח`,320,גרם,false,1,15.90,4.97,false,1,
856591000949,true,עבאדי קטנטנים חטיף טבעי 350 גרם,תה ויסוצקי (ישראל) בעמ,,,יח`,350,גרם,false,1,15.90,4.54,true,1,
856591000956,true,עבאדי קטנטנים חטיף בטעם גריל 350 גרם,תה ויסוצקי (ישראל) בעמ,,,יח`,350,גרם,false,1,15.90,4.54,true,1,
859547004084,true,ספוג ניקוי SCRUB DADDY LEMON,ר.ב מוצרי דגנים בעמ,,,יח`,1,,false,1,18.90,18.90,false,1,
859547004329,true,ספוג ניקוי SCRUB DAFFY,ר.ב מוצרי דגנים בעמ,,,יח`,1,,false,1,18.90,18.90,false,1,
859547004466,true,ספוג ניקוי SCRUB MOMMY,ר.ב מוצרי דגנים בעמ,,,יח`,1,,false,1,18.90,18.90,false,1,
884912102102,true,בלוברי מורנינג אוככמניות 382 גר`,ר.ב מוצרי דגנים בעמ,,,יח`,382,גרם,false,1,26.90,7.04,false,1,
884912126115,true,דגני בוקר פוסט גרייט גריינס 382 גר`,ר.ב מוצרי דגנים בעמ,,,יח`,382,גרם,false,1,26.90,7.04,false,1,
884912342737,true,פרוטי פבלס ללא גלוטן וופל קריספי 326 גר`,ר.ב מוצרי דגנים בעמ,,,יח`,425,גרם,false,1,21.50,5.06,false,1,
884912359155,true,האני באנצס האני רוסטד 340 גר`.,ר.ב מוצרי דגנים בעמ,,,יח`,340,גרם,false,1,22.90,6.74,true,1,
884912359162,true,האני באנצס שקדים 340 גר`.,ר.ב מוצרי דגנים בעמ,,,יח`,340,גרם,false,1,22.90,6.74,true,1,
884912359421,true,האני באנצס באנצס מייפל ופקאן 340 גר` .,ר.ב מוצרי דגנים בעמ,,,יח`,340,גרם,false,1,22.90,6.74,true,1,
884912365217,true,דגני בוקר אוראו 311 גר`,ר.ב מוצרי דגנים בעמ,,,יח`,311,גרם,false,1,23.50,7.56,false,1,
893594002051,true,פופקורנס צ`יפס בטעם גבינת צ`דר,שטראוס פריטו ליי בעמ,,,יח`,32,גרם,false,1,6.90,21.56,false,1,
893594002068,true,פופקורנס צ`יפס עם מלח ים .,שטראוס פריטו ליי בעמ,,,יח`,32,גרם,false,1,6.90,21.56,false,1,
1230000068314,false,בשר טחון ביונד מיט 300 גרם,דיפלומט היינץ,,,יח`,300,גרם,false,1,29.90,9.97,false,1,
1230000116022,false,המבורגר ביונד מיט 113 גר` זוג,דיפלומט היינץ,,,יח`,226,גרם,false,1,34.90,15.44,true,1,
3014260201753,false,סכיני גילוח בלו חד פעמי ג`ילט) (5,דיפלומט מפיצים (1968) בעמ,,,יח`,1,,false,1,12.20,12.20,false,1,
3014260240226,false,קצף גילוח רגיש 200 מל`,דיפלומט מפיצים (1968) בעמ,,,יח`,200,"מ""ל",false,1,14.90,7.45,false,1,
3014260287030,false,ג`ילט סכיני גילוח חדפ לגבר יבוא מקביל,פארמה דיל (פ.א.ב.) שיווק והפצה,,,יח`,1,,false,1,9.90,9.90,false,1,
3014260289287,false,סכיני גילוח בלו 2 לאשה ג`ילט) (5,דיפלומט מפיצים (1968) בעמ,,,יח`,1,,false,1,13.90,13.90,false,1,
3046920027281,false,לינדט אקסלנס קרמלסולט 100 גר`,משה סידס ובנו בעמ,,,יח`,100,גרם,false,1,16.60,16.60,true,1,
3046920028004,false,אקסלנס 70% קקאו לינדט (100 גרם),משה סידס ובנו בעמ,,,יח`,100,גרם,false,1,16.60,16.60,true,1,
3046920028363,false,אקסלנס 85% קקאו לינדט (100 גרם),משה סידס ובנו בעמ,,,יח`,100,גרם,false,1,16.60,16.60,true,1,
3046920028752,false,לינדט אקסלנס מינט( 100 גר`),משה סידס ובנו בעמ,,,יח`,100,גרם,false,1,16.60,16.60,true,1,
3046920029674,false,אקסלנס עם שבבי מלח לינדט (100 גרם),משה סידס ובנו בעמ,,,יח`,100,גרם,false,1,16.60,16.60,true,1,
3046920029681,false,אקסלנס 85% מילד לינדט (100 גרם),משה סידס ובנו בעמ,,,יח`,100,גרם,false,1,16.60,16.60,true,1,
3059943015104,false,אירוויק נטול גז,רקיט בנקיזר (ניר איסט) בעמ,,,יח`,345,"מ""ל",false,1,15.90,4.61,true,1,
3059943016507,false,אירוויק ספריי 240 מל לבנדר,רקיט בנקיזר (ניר איסט) בעמ,,,יח`,240,"מ""ל",false,1,10.90,4.54,true,1,
3073781162790,false,גבינה בייבי בל אדום 120 גר`,א. סיימן סחר בעמ,,,יח`,120,גרם,false,1,22.90,19.08,true,1,
3083681142983,false,שעועית עדינה קפואה בונדואל 600 גר`,קפוא-זן תעשיות מזון בעמ - תפוג,,,יח`,600,גרם,false,1,22.90,3.82,false,1,
3083681143010,false,אפונת גן קפואה בונדואל 600 גר`,קפוא-זן תעשיות מזון בעמ - תפוג,,,יח`,600,גרם,false,1,14.90,2.48,false,1,
3083681143041,false,גרעיני תירס קפואים בונדואל 600 גר`,קפוא-זן תעשיות מזון בעמ - תפוג,,,יח`,600,גרם,false,1,15.90,2.65,false,1,
3083681143652,false,פרוסות חציל בגריל בונדואל 600 גר`,קפוא-זן תעשיות מזון בעמ - תפוג,,,יח`,600,גרם,false,1,25.90,4.32,false,1,
3083681143690,false,פרוסות זוקיני בגריל בונדואל 600 גר`,קפוא-זן תעשיות מזון בעמ - תפוג,,,יח`,600,גרם,false,1,25.90,4.32,false,1,
3083681143720,false,חצאי פלפלים בגריל בונדואל 600 גר`,קפוא-זן תעשיות מזון בעמ - תפוג,,,יח`,600,גרם,false,1,25.90,4.32,false,1,
3178530407938,false,מיני מדליין פצפוצי שוקולד 175 גר`,א. סיימן סחר בעמ,,,יח`,175,גרם,false,1,13.90,7.94,true,1,
3178530411478,false,עוגיות חמאה קלאסי 150 גר`גלאט,א. סיימן סחר בעמ,,,יח`,150,גרם,false,1,12.90,8.60,false,1,
3178530412703,false,עוגיות חמאה דונאט עם שוקולד 180 גר,א. סיימן סחר בעמ,,,יח`,180,גרם,false,1,17.90,9.94,true,1,
3387390320244,false,פיטנס פירות נסטלה (375 גרם),קבוצת אסם סחר שות. מוגבלת,,,יח`,375,גרם,false,1,20.30,5.41,true,1,
3387390525960,false,דגני קראנץ` נסטלה (500 גרם),קבוצת אסם סחר שות. מוגבלת,,,יח`,500,גרם,false,1,22.90,4.58,true,1,
3387390730852,false,פיטנס 375 גר` דגני בוקר,קבוצת אסם סחר שות. מוגבלת,,,יח`,375,גרם,false,1,20.30,5.41,true,1,
3523230026826,false,פירמידה עיזים טבעי 140 גרם,א. סיימן סחר בעמ,,,יח`,140,גרם,false,1,22.90,16.36,true,1,
3563490014898,false,חרדל דיזון לחיץ 265 גר,דיפלומט היינץ,,,יח`,265,גרם,false,1,13.20,4.98,false,1,
3574660464337,false,קרפרי מגה פק מגן תחתון אוורירי אלוורה 76,ש.שסטוביץ בעמ,,,יח`,1,,false,1,20.90,20.90,false,1,
3574660464429,false,קרפרי מגה פק מגן תחתון אווורירי 76 יח,ש.שסטוביץ בעמ,,,יח`,1,,false,1,20.90,20.90,false,1,
3574661135601,false,מי פה ליסטרין קול מינט 1 ליטר יבוא מקבי,איינשטיין-צור יבוא-יצוא וסחר ב,,,יח`,1000,"מ""ל",false,1,19.90,1.99,false,1,
3574661203577,false,ליסטרין אדוונס וויט 500 מל-יבוא מקביל,בית הצעצוע בעמ,,,יח`,500,"מ""ל",false,1,15.90,3.18,true,1,
3607340717635,false,ג`ל רחצה 400 גר` אדידס אייס דייב,דנשר (1963) בעמ,,,יח`,400,"מ""ל",false,1,14.90,3.73,true,1,
3607349687458,false,דאו ספריי לגבר קול דריי פרש 150 מל אדיד,דנשר (1963) בעמ,,,יח`,150,"מ""ל",false,1,12.90,8.60,false,1,
3608580730255,false,ריבת משמש 370גר`,ר.ב מוצרי דגנים בעמ,,,יח`,370,גרם,false,1,20.90,5.65,false,1,
3614221653715,false,ג`ל רחצה 400 גר` אדידס קליימקול,דנשר (1963) בעמ,,,יח`,400,"מ""ל",false,1,14.90,3.73,true,1,
3614223736003,false,דאו ספריי לגבר אדיפיור 150 מל אדידס,דנשר (1963) בעמ,,,יח`,150,"מ""ל",false,1,12.90,8.60,false,1,
3661163991146,false,אדידס דאו ספריי לאישה מקש פרש,דנשר (1963) בעמ,,,יח`,150,"מ""ל",false,1,20.30,13.53,true,1,
3760125946719,false,יין רוזה אור דה לה קסטינל 750 מל,הכרם - משקאות חריפים בעמ,,,יח`,750,"מ""ל",false,1,60.90,8.08,true,1,
4000351109380,false,שמן קנולה 1 ליטר BROLIO.,המותג-לא פעיל להקלדה,,,יח`,1,1 ליטר,false,1,8.90,8.90,false,1,
4000415004408,false,שוגטן מריר אגוזים 100 גר`,יעד ממתקים בעמ,,,יח`,100,גרם,false,1,6.90,6.90,true,1,
4000415039707,false,שוגטן 100 גר`וניל,יעד ממתקים בעמ,,,יח`,100,גרם,false,1,6.90,6.90,true,1,
4000415040109,false,שוגטן 100 גר`-קרמל,יעד ממתקים בעמ,,,יח`,100,גרם,false,1,6.90,6.90,true,1,
4000417022004,false,שוקולד ריטר חלבי צימוקים/אגוזים100 גר`,ליימן שליסל בעמ,,,יח`,100,גרם,false,1,10.50,10.50,true,1,
4000417023001,false,שוקולד ריטר חלבי שקד 100 גר`,ליימן שליסל בעמ,,,יח`,100,גרם,false,1,10.90,10.90,true,1,
4000417025005,false,שוקולד ריטרמרציפן 100 גר`,ליימן שליסל בעמ,,,יח`,100,גרם,false,1,10.50,10.50,true,1,
4000417026002,false,שוקולד ריטרפרלין 100 גר`,ליימן שליסל בעמ,,,יח`,100,גרם,false,1,10.50,10.50,true,1,
4000417101211,false,אמיצ`לי גלילי וופל עם קרם אגוזי לוז בציפ,ליימן שליסל בעמ,,,יח`,150,גרם,false,1,18.90,12.60,true,1,
4000417101273,false,אמיצ`לי 300 גר` אריזת חנוכה,ליימן שליסל בעמ,,,יח`,300,גרם,false,1,30.90,10.30,true,1,
4000417222008,false,שוקולד ריטר חלביעם שברי אגוזים 100גר`,ליימן שליסל בעמ,,,יח`,100,גרם,false,1,10.50,10.50,true,1,
4000417224002,false,שוקולד ריטר מריר אגוזים 100 גרם,ליימן שליסל בעמ,,,יח`,100,גרם,false,1,10.90,10.90,true,1,
4000522009747,false,בייגלה צי`ו מקלות תפוא 80 גר`,ר.ב מוצרי דגנים בעמ,,,יח`,80,גרם,false,1,4.60,5.75,true,1,
4000522061752,false,צ`וי מקלות בייגלה מלוחים 100 גר,ר.ב מוצרי דגנים בעמ,,,יח`,100,גרם,false,1,4.60,4.60,true,1,
4000539280740,false,לינדט אקסלנס %78 ( 100 גר`),משה סידס ובנו בעמ,,,יח`,100,גרם,false,1,16.60,16.60,true,1,
4000539363108,false,לינדור סטיק 38 גר`,משה סידס ובנו בעמ,,,יח`,38,גרם,false,1,6.90,18.16,false,1,
4000607850004,false,שוגטן 100 גר`,יעד ממתקים בעמ,,,יח`,100,גרם,false,1,6.90,6.90,true,1,
4001432773230,false,בלו ווין מוסקטו 1 ליטר כשר,היכל היין שקד גולן בעמ,,,יח`,1,1 ליטר,false,1,52,52,true,1,
4001518106112,false,מקלות פריכים עם רוזמרין( 125 גר`)טורינ,ר.ב מוצרי דגנים בעמ,,,יח`,125,גרם,false,1,15.90,12.72,false,1,
4002575016253,false,מרציפן מצופה שוקולד זנטיס (100 גרם),ליימן שליסל בעמ,,,יח`,100,גרם,false,1,10.50,10.50,false,1,
4004666042004,false,מרסס נגד עובש מלרוד,יעקב יעקבי ובניו בעמ,,,יח`,750,"מ""ל",false,1,30.90,4.12,false,1,
4005808502004,false,שפתון לבלו ורוד ספוט בליסטר,אלפא- ב.ד.ף בעמ,,,יח`,1,,false,1,12.90,12.90,true,1,
4005808515554,false,קרם רב שימושי סופר ניוואה 300 מל,אלפא- ב.ד.ף בעמ,,,יח`,300,"מ""ל",false,1,35.90,11.97,true,1,
4005900036476,false,רול און בלק אנד ווייט לאישה,אלפא- ב.ד.ף בעמ,,,יח`,1,,false,1,13.90,13.90,true,1,
4005900036506,false,רול און בלק אנד ווייט לגבר,אלפא- ב.ד.ף בעמ,,,יח`,50,"מ""ל",false,1,13.90,27.80,true,1,
4005900036568,false,ספריי בלק אנד ווייט לאישה,אלפא- ב.ד.ף בעמ,,,יח`,1,,false,1,15.90,15.90,true,1,
4005900555915,false,ניוואה תחליב רחצה קוקוס 750 מל,אלפא- ב.ד.ף בעמ,,,יח`,750,"מ""ל",false,1,15.90,2.12,true,1,
4007467001096,false,קוביה להדלקת פחמים,בית הצעצוע בעמ,,,יח`,1,,false,1,4.90,4.90,false,1,
4008287051032,false,קרומבאכר פילס פחית בודד 500 מל,אגודת הכורמים,,,יח`,500,"מ""ל",false,1,9.90,1.92,true,1,
4009300522935,false,תה ירוק לימונית ולואיזה פומפדור (20),ש.שסטוביץ בעמ,,,יח`,30,גרם,false,1,17.90,59.67,true,1,
4009300522966,false,תה ירוק עם נענע פומפדור (20),ש.שסטוביץ בעמ,,,יח`,30,גרם,false,1,17.90,59.67,true,1,
4009300525684,false,חליטת צמחים ג`ינג`ר לימון פומפדור (20),ש.שסטוביץ בעמ,,,יח`,35,גרם,false,1,17.30,49.43,true,1,
4009300527909,false,תה חליטת ג`יניג`ר כורכום,ש.שסטוביץ בעמ,,,יח`,40,גרם,false,1,17.30,43.25,true,1,
4009300530206,false,פומפדור חליטת תפוח טורקי (50),ש.שסטוביץ בעמ,,,יח`,1,,false,1,17.30,17.30,true,1,
4009300530275,false,פומפדור-חליטת מנטה מרוקאית,ש.שסטוביץ בעמ,,,יח`,36,גרם,false,1,17.30,48.06,true,1,
4009900013581,false,מסטיק אורביט סטיקס מארז חמישייה ללס בטע,מרס ריגלי ישראל בעמ,,,יח`,1,,false,1,11.20,11.20,false,1,
4009900379564,false,מסטיק טייפ בטעם פירות הובה בובה (56 גרם),מרס ריגלי ישראל בעמ,,,יח`,56,גרם,false,1,7.40,13.21,false,1,
4009900402965,false,מסטיק אורביט וויט בטעם פירות ללס,מרס ריגלי ישראל בעמ,,,יח`,1,,false,1,11.50,11.50,true,1,
4009900403023,false,מסטיק אורביט וויט בטעם מנטה ללס,מרס ריגלי ישראל בעמ,,,יח`,1,,false,1,11.50,11.50,true,1,
4009900406918,false,הובה בובה טייפ טריפל מיקס,מרס ריגלי ישראל בעמ,,,יח`,56,גרם,false,1,7.40,13.21,false,1,
4009900420129,false,מסטיק אורביט פרופשיונל מנטה חזקה ללס,מרס ריגלי ישראל בעמ,,,יח`,1,,false,1,11.50,11.50,true,1,
4009900455299,false,סוכריות פירות סקיטלס (174 גרם),מרס ריגלי ישראל בעמ,,,יח`,174,גרם,false,1,9.90,5.69,true,1,
4009900479998,false,מסטיק אורביט בטעם אוכמניות ללס,מרס ריגלי ישראל בעמ,,,יח`,1,,false,1,11.50,11.50,true,1,
4009900482417,false,מסטיק אורביט בטעם פירות ומנטה ללס,מרס ריגלי ישראל בעמ,,,יח`,1,,false,1,11.50,11.50,true,1,
4009900484060,false,מסטיק אורביט בטעם מנטה חזקה ללס אריזה מ,מרס ריגלי ישראל בעמ,,,יח`,84,גרם,false,1,14.30,17.02,false,1,
4009900484091,false,מסטיק אורביט בטעם מנטה עדינה ללס אריזה,מרס ריגלי ישראל בעמ,,,יח`,84,גרם,false,1,14.30,17.02,false,1,
4009900484305,false,מסטיק אורביט בטעם מנטה מתוקה ללס אריזה,מרס ריגלי ישראל בעמ,,,יח`,84,גרם,false,1,14.30,17.02,false,1,
4009900487283,false,מסטיק אורביט סטיקס מארז חמישייה ללס בטע,מרס ריגלי ישראל בעמ,,,יח`,1,,false,1,10.10,10.10,false,1,
4009900500166,false,סקיטלס פירות בקבוק 125 גר,מרס ריגלי ישראל בעמ,,,יח`,125,גרם,false,1,10.10,8.08,true,1,
4009900509770,false,מסטיק אורביט בטעם תות ללס אריזה מוגדלת,מרס ריגלי ישראל בעמ,,,יח`,1,,false,1,14.30,14.30,false,1,
4009900531122,false,מסטיק אורביט פרופשיונל בטעם מנטה עדינה ל,מרס ריגלי ישראל בעמ,,,יח`,1,,false,1,11.50,11.50,true,1,
4009900531573,false,סוכריות סמודיס סקיטלס (174 גרם),מרס ריגלי ישראל בעמ,,,יח`,174,גרם,false,1,10.10,5.80,true,1,
4009900535540,false,מסטיק אורביט רפרשרס בטעם מנטה ללס אריזה,מרס ריגלי ישראל בעמ,,,יח`,15.60,גרם,false,1,4.90,31.41,true,1,
4009900535823,false,מסטיק אורביט רפרשרס בטעם פירות מנטה ללס,מרס ריגלי ישראל בעמ,,,יח`,15.60,גרם,false,1,4.90,31.41,true,1,
4009900536486,false,מסטיק אורביט רפרשרס בטעם פירות ומנטה לל,מרס ריגלי ישראל בעמ,,,יח`,67,גרם,false,1,12.90,19.25,true,1,
4009900539401,false,מסטיק פייב באונס בטעם מנטה אישית,מרס ריגלי ישראל בעמ,,,יח`,14.40,גרם,false,1,4.90,34.03,false,1,
4009900539432,false,מסטיק פייב באונס בטעם אבטיח אישית,מרס ריגלי ישראל בעמ,,,יח`,14.40,גרם,false,1,4.90,34.03,false,1,
4009900539685,false,מסטיק פייב באונס בטעם מנטה בקבוקון,מרס ריגלי ישראל בעמ,,,יח`,67,גרם,false,1,12.90,19.25,true,1,
4009900540551,false,מסטיק אורביט רפרשרס טרופיקל,מרס ריגלי ישראל בעמ,,,יח`,67,גרם,false,1,12.90,19.25,true,1,
4011800528416,false,קורני בייס סויט סול 150 גר`,משה סידס ובנו בעמ,,,יח`,150,גרם,false,1,10.90,7.27,true,1,
4011800567613,false,חטיף קורני שחור לבן רביעייה,משה סידס ובנו בעמ,,,יח`,120,גרם,false,1,10.90,9.08,true,1,
4011800577810,false,חטיף קורני שישייה פרי נוגט,משה סידס ובנו בעמ,,,יח`,120,גרם,false,1,10.90,9.08,true,1,
4011800617615,false,קורני ביג שוקולד 50 גר`,משה סידס ובנו בעמ,,,יח`,50,גרם,false,1,5.90,11.80,true,1,
4011800617714,false,קורני ביג שוקו בננה 50 גר`,משה סידס ובנו בעמ,,,יח`,50,גרם,false,1,5.90,11.80,true,1,
4011800617813,false,קורני ביג בראוניז 50 גר`,משה סידס ובנו בעמ,,,יח`,50,גרם,false,1,5.90,11.80,true,1,
4011800628512,false,חטיף קורני שישייה שוקולדה,משה סידס ובנו בעמ,,,יח`,150,גרם,false,1,10.90,7.27,true,1,
4011800630515,false,חטיף קורני שישייה שוקולד חלבי ובננה,משה סידס ובנו בעמ,,,יח`,150,גרם,false,1,10.90,7.27,true,1,
4011800632519,false,חטיף קורני שישייה שוקולד חלבי וקוקוס,משה סידס ובנו בעמ,,,יח`,150,גרם,false,1,10.90,7.27,true,1,
4011800633516,false,חטיף קורני שישייה שוקולד מריר,משה סידס ובנו בעמ,,,יח`,150,גרם,false,1,10.90,7.27,true,1,
4011800636517,false,קורני פרי ללתס חטיף דגנים+שוקולד 6 יח`,משה סידס ובנו בעמ,,,יח`,120,גרם,false,1,10.90,9.08,true,1,
4013227013391,false,אייריש קרים הכרם (700 מל),הכרם - משקאות חריפים בעמ,,,יח`,700,"מ""ל",false,1,39.90,5.66,false,1,
4014400901191,false,מרסי 250 גר`,ליימן שליסל בעמ,,,יח`,250,גרם,false,1,26.90,10.76,true,1,
4014400910063,false,סוכריות חמאה וורטרס אורגינל (135 גרם),ליימן שליסל בעמ,,,יח`,135,גרם,false,1,9.50,7.04,true,1,
4014400914696,false,וורטר שקית חמאה ללס 80 גר`,ליימן שליסל בעמ,,,יח`,80,גרם,false,1,9.50,11.88,true,1,
4014400914924,false,וורטר ללס קפה 80 גר`,ליימן שליסל בעמ,,,יח`,80,גרם,false,1,9.50,11.88,true,1,
4014400923711,false,חטיפי שוקולד טופיפי (125 גרם),ליימן שליסל בעמ,,,יח`,125,גרם,false,1,14.20,11.36,true,1,
4015400564034,false,מגן תחתון אולווייז מגה פק לונג פלוס 58 י,דיפלומט מפיצים (1968) בעמ,,,יח`,1,,false,1,24.90,24.90,true,1,
4015400598381,false,אולוויז קוואטרו לונג פלוס 48 יח`,דיפלומט מפיצים (1968) בעמ,,,יח`,1,,false,1,42.90,42.90,false,1,
4015400598411,false,תחבושות לילה אולווייז (40),דיפלומט מפיצים (1968) בעמ,,,יח`,1,,false,1,42.90,42.90,false,1,
4015400681670,false,תחבושות לילה בטוח אולווייז) (18,דיפלומט מפיצים (1968) בעמ,,,יח`,1,,false,1,20.30,20.30,true,1,
4015400690313,false,טמפקס קומפאק פרל רגולר 18 יח,דיפלומט מפיצים (1968) בעמ,,,יח`,1,,false,1,22.90,22.90,false,1,
4015400690405,false,טמפקס קומפאק פרל סופר 18 יח,דיפלומט מפיצים (1968) בעמ,,,יח`,1,,false,1,22.90,22.90,false,1,
4015400731719,false,תחבושות לילה וליו פק אולווייז) (20,דיפלומט מפיצים (1968) בעמ,,,יח`,1,,false,1,21.40,21.40,true,1,
4015400746812,false,מגן תחתון אולווייז מגה פק נורמל 80 יח`,דיפלומט מפיצים (1968) בעמ,,,יח`,1,,false,1,24.90,24.90,true,1,
4015400755241,false,תחבושות אולוויז וליו פק נורמל פלוס 28 יח,דיפלומט מפיצים (1968) בעמ,,,יח`,1,,false,1,21.40,21.40,true,1,
4015400755487,false,תחבושות אולטרה לונג פלוס אולווייז) (24,דיפלומט מפיצים (1968) בעמ,,,יח`,1,,false,1,21.40,21.40,true,1,
4015400759324,false,תחבושות אולוייז כפול לילה 20 יח-יבוא מקב,בית הצעצוע בעמ,,,יח`,1,,false,1,15.90,15.90,false,1,
4015400824749,false,טמפונים סופר פלוס עם מוליך טמפקס (30),דיפלומט מפיצים (1968) בעמ,,,יח`,1,,false,1,39.60,39.60,false,1,
4015400990543,false,אבקת כביסה אריאל קולור 8 קג,דיפלומט מפיצים (1968) בעמ,,,יח`,8,"ק""ג",false,1,59.90,7.49,true,1,
4015600762742,false,הד אנד שולדרס שמפו 500 מל כחול,דיפלומט מפיצים (1968) בעמ,,,יח`,500,"מ""ל",false,1,21.90,4.38,false,1,
4015600762780,false,הד אנד שולדרס שמפו 500 מל,דיפלומט מפיצים (1968) בעמ,,,יח`,500,"מ""ל",false,1,21.90,4.38,false,1,
4015600762902,false,הד אנד שולדרס שמפו 500 מל נענע,דיפלומט מפיצים (1968) בעמ,,,יח`,500,"מ""ל",false,1,21.90,4.38,false,1,
4017100291005,false,בלזן ביסקוויט מצופה שוקולד מריר,ליימן שליסל בעמ,,,יח`,125,גרם,false,1,14.20,11.36,true,1,
4017100364112,false,היט עוגיות סנדוויץ`שוקו בלזן (220 גרם),ליימן שליסל בעמ,,,יח`,220,גרם,false,1,11.20,5.09,true,1,
4033100014499,false,ל.ד כחול סודד,גלוברנדס בעמ - שיווק סיגריות,,,יח`,1,,false,1,32,32,true,1,
4033100024146,false,סיגריות ווינסטון קוד בודד,גלוברנדס בעמ - שיווק סיגריות,,,יח`,1,,false,1,32,32,true,1,
4033100047350,false,כאמל כחול טבק,גלוברנדס בעמ - שיווק סיגריות,,,יח`,1,,false,1,67,67,false,1,
4066600601920,false,פאולנר פחית 500 מל,טמפו משקאות בעמ,,,יח`,500,"מ""ל",false,1,10.90,2.12,true,1,
4066600999614,false,פאולנר 500 מל,טמפו משקאות בעמ,,,יח`,500,"מ""ל",false,1,12.20,2.38,true,1,
4072700001188,false,בירה פרנסיסקאנר כהה בקבוק 500 מל,הכרם - משקאות חריפים בעמ,,,יח`,500,"מ""ל",false,1,11.90,2.32,false,1,
4079400182742,false,בירה פילסנר 4.9% שישייה בקבוק 330 מל,אבאל יזמות בעמ,,,יח`,1.98,1 ליטר,false,1,29.90,14.19,true,1,
4079400330129,false,בירה וולטרס (500 מל),אבאל יזמות בעמ,,,יח`,500,"מ""ל",false,1,6.90,1.32,true,1,
4084500065536,false,פנטן קרם לחות מוגברת לעיצוב השיער 300 מ,דיפלומט מפיצים (1968) בעמ,,,יח`,300,"מ""ל",false,1,20.90,6.97,false,1,
4084500088917,false,נוזל לניקוי כלים לימון פיירי (650 מל),דיפלומט מפיצים (1968) בעמ,,,יח`,650,"מ""ל",false,1,11.90,1.83,false,1,
4084500853553,false,נוזל כלים אורגינל פיירי (650 מל),דיפלומט מפיצים (1968) בעמ,,,יח`,650,"מ""ל",false,1,11.90,1.83,false,1,
4084500853836,false,פיירי ורדים ומשי 515 מל,דיפלומט מפיצים (1968) בעמ,,,יח`,515,"מ""ל",false,1,11.90,2.31,false,1,
4084500853898,false,פיירי אלוורה ומלפפונים 515 מל,דיפלומט מפיצים (1968) בעמ,,,יח`,515,"מ""ל",false,1,11.90,2.31,false,1,
4105120623941,false,בירה ויינשטפן בקבוק 500 מל,החברה המרכזית להפצת משקאות בעמ,,,יח`,500,"מ""ל",false,1,13.50,2.64,false,1,
4260147890551,false,איטריות ביצים רצועות 500 גר`,דין שיווק וקליה 2021 בעמ,,,יח`,500,גרם,false,1,11.50,2.30,true,1,
4600659010854,false,וודקה סטוליצ`יניה (700 מל),הכרם - משקאות חריפים בעמ,,,יח`,700,"מ""ל",false,1,81.50,11.60,true,1,
4603400000043,false,וודקה רוסקי יורוסטנדרט (700 מל),יורוסטנדרט בעמ,,,יח`,700,"מ""ל",false,1,59.90,8.51,false,1,
4605561011975,false,פילה הרינג בשמן 150 גר`,דילר בי.אמ.די פורמולה בעמ,,,יח`,150,גרם,false,1,8.90,5.93,false,1,
4640018993398,false,פיניש קוואנטום 60 קפסולות שקית,רקיט בנקיזר (ניר איסט) בעמ,,,יח`,1,,false,1,61.90,61.90,true,1,
4710068001739,false,מאסטר קפה 250 מל קולומביאני,טמפו משקאות בעמ,,,יח`,250,"מ""ל",false,1,7.20,2.88,true,1,
4710068003313,false,מאסטר קפה אמריקנו 250 מל,טמפו משקאות בעמ,,,יח`,250,"מ""ל",false,1,7.60,3.04,false,1,
4770237057578,false,חטיף גבינה שוקולד 40 גר`,דילר בי.אמ.די פורמולה בעמ,,,יח`,40,גרם,false,1,5.90,14.75,true,1,
4796019790013,false,שמן קוקוס כבישה קרה אורגני גרין קוקו 300,נטורפוד בעמ,,,יח`,1,,false,1,20.90,20.90,false,1,
4800888150080,false,דאודורנט רול און מלפפונים דאב (50 מל),יוניליוור ישראל שיווק בעמ,,,יח`,50,גרם,false,1,16.30,32.60,true,1,
4800888190529,false,דאודורנט סטיק טלק סופט דאב (50 גרם),יוניליוור ישראל שיווק בעמ,,,יח`,50,גרם,false,1,16.30,32.60,true,1,
4800888219527,false,דאב סטיק אינביזיבל 50 גרם),יוניליוור ישראל שיווק בעמ,,,יח`,50,גרם,false,1,16.30,32.60,true,1,
4800888219534,false,דאב סטיק אורגינל (50 גרם),יוניליוור ישראל שיווק בעמ,,,יח`,50,גרם,false,1,16.30,32.60,true,1,
4800888219541,false,רקסונה נשים דאו סטיק פאודר דרי 50 מל,יוניליוור ישראל שיווק בעמ,,,יח`,50,"מ""ל",false,1,16.50,33,true,1,
4810168000011,false,פילה דג הרינג מלוח מצונן 250 גר`,דילר בי.אמ.די פורמולה בעמ,,,יח`,250,גרם,false,1,14.90,5.96,true,1,
4810168000066,false,פילה דג הרינג מלוח מצונן עם תבלין 250 גר,דילר בי.אמ.די פורמולה בעמ,,,יח`,250,גרם,false,1,14.90,5.96,true,1,
4810168001056,false,פילה דג הרינג מלוח מצונן 260 גר`,דילר בי.אמ.די פורמולה בעמ,,,יח`,260,גרם,false,1,18.90,7.27,true,1,
4810168024512,false,פילה דג הרינג עם תבלין 260 גר`,דילר בי.אמ.די פורמולה בעמ,,,יח`,260,גרם,false,1,18.90,7.27,true,1,
4810168049966,false,בלינצ`ס במילוי דובדבן מוקפא 360 גר`,דילר בי.אמ.די פורמולה בעמ,,,יח`,360,גרם,false,1,13.90,3.86,true,1,
4810168051570,false,בלינצ`סבמילוי תפוץ וקינמון מוקפא 360 גר,דילר בי.אמ.די פורמולה בעמ,,,יח`,360,גרם,false,1,13.90,3.86,true,1,
4810168057510,false,חתיכות פילה דג הרינג מתובל מלוח בשמן 400,דילר בי.אמ.די פורמולה בעמ,,,יח`,400,גרם,false,1,27.90,6.98,true,1,
4810168058982,false,חתיכות פילה דג הרינג סקנדינבי מלוח בשמן,דילר בי.אמ.די פורמולה בעמ,,,יח`,400,גרם,false,1,27.90,6.98,true,1,
4823077608513,false,סוכריות טופי חלב 205 גר`,דילר בי.אמ.די.אינטרנשויונל בעמ,,,יח`,205,גרם,false,1,7.90,3.85,false,1,
4823077613203,false,שוקולד רושן מריר עם אגוז שלם 90 גר`,דילר בי.אמ.די.אינטרנשויונל בעמ,,,יח`,90,גרם,false,1,8.90,9.89,true,1,
4823077613630,false,חטיף שוקולד רושן ממולה קרם בורלה 43 גר`,דילר בי.אמ.די.אינטרנשויונל בעמ,,,יח`,43,גרם,false,1,4.90,11.40,true,1,
4823077614675,false,ביסקוויט לקפה רושן בטעם חלב 185 גר`,דילר בי.אמ.די.אינטרנשויונל בעמ,,,יח`,185,גרם,false,1,4.90,2.65,true,1,
4823077614699,false,ביסקוויט לקפה רושן בטעם חמאה וניל 185 גר,דילר בי.אמ.די.אינטרנשויונל בעמ,,,יח`,185,גרם,false,1,4.90,2.65,true,1,
4823077614767,false,שוקולד רושן חלב נוגט בטעם אגוזי לוז 90 ג,דילר בי.אמ.די.אינטרנשויונל בעמ,,,יח`,90,גרם,false,1,5.90,6.56,true,1,
4823077614804,false,שוקולד רושן חלב נוגט בטעם אוכמניות כחולו,דילר בי.אמ.די.אינטרנשויונל בעמ,,,יח`,90,גרם,false,1,5.90,6.56,true,1,
4823077617041,false,חטיף שוקולד רושן ממולה קרם קרמל 43 גר`,דילר בי.אמ.די.אינטרנשויונל בעמ,,,יח`,43,גרם,false,1,4.90,11.40,true,1,
4823077618161,false,גליליות רושן קונאפטו חלב 140 גר`,דילר בי.אמ.די.אינטרנשויונל בעמ,,,יח`,140,גרם,false,1,7.90,5.64,true,1,
4823077618901,false,בונבוניירה רושן ליקר רום 150 גר`,דילר בי.אמ.די.אינטרנשויונל בעמ,,,יח`,150,גרם,false,1,13.90,9.27,true,1,
4823077621635,false,וופל רושן בטעם חלב 72 גר`,דילר בי.אמ.די.אינטרנשויונל בעמ,,,יח`,72,גרם,false,1,4.90,6.81,true,1,
4823077621642,false,וופל רושן בטעם שוקולד 72 גר`,דילר בי.אמ.די.אינטרנשויונל בעמ,,,יח`,72,גרם,false,1,4.90,6.81,true,1,
4823077621659,false,וופל רושן בטעם אגוז 72 גר`,דילר בי.אמ.די.אינטרנשויונל בעמ,,,יח`,72,גרם,false,1,4.90,6.81,true,1,
4823077624247,false,סוכריות ג`לי בוני פרוט בטעם הדרים 200,דילר בי.אמ.די.אינטרנשויונל בעמ,,,יח`,200,גרם,false,1,7.90,3.95,true,1,
4823077625589,false,וופל רושן בטעם חלב 216 גר`,דילר בי.אמ.די.אינטרנשויונל בעמ,,,יח`,216,גרם,false,1,7.90,3.66,true,1,
4823077625602,false,וופל רושן בטעם שוקולד 216 גר`,דילר בי.אמ.די.אינטרנשויונל בעמ,,,יח`,216,גרם,false,1,7.90,3.66,true,1,
4823077625626,false,וופל רושן בטעם אגוז 216 גר`,דילר בי.אמ.די.אינטרנשויונל בעמ,,,יח`,216,גרם,false,1,7.90,3.66,true,1,
4823077626203,false,שוקולד רושן אורירי מריר 80 גר`,דילר בי.אמ.די.אינטרנשויונל בעמ,,,יח`,80,גרם,false,1,7.90,9.88,true,1,
4823077626227,false,שוקולד אורירי חלב 80 גר`,דילר בי.אמ.די.אינטרנשויונל בעמ,,,יח`,80,גרם,false,1,7.90,9.88,true,1,
4823077626241,false,שוקולד רושן אורירי לבן קרמל 80 גר`,דילר בי.אמ.די.אינטרנשויונל בעמ,,,יח`,80,גרם,false,1,7.90,9.88,true,1,
4823077626364,false,שוקולד רושן אורירי לבן 80 גר`,דילר בי.אמ.די.אינטרנשויונל בעמ,,,יח`,80,גרם,false,1,7.90,9.88,true,1,
4823077630422,false,סנדוויץ קרקר חלב וניל רושן 235 גר`,דילר בי.אמ.די.אינטרנשויונל בעמ,,,יח`,235,גרם,false,1,9.90,4.21,true,1,
4823077630439,false,סנדוויץ קרקר שוקולד רושן 235 גר`,דילר בי.אמ.די.אינטרנשויונל בעמ,,,יח`,235,גרם,false,1,10.90,4.64,true,1,
4823077631467,false,קרקר עם מלח ים רושן 168 גר`,דילר בי.אמ.די.אינטרנשויונל בעמ,,,יח`,168,גרם,false,1,5.90,3.51,true,1,
4823077631474,false,קרקר קלאסי רושן 168 גר`,דילר בי.אמ.די.אינטרנשויונל בעמ,,,יח`,168,גרם,false,1,5.90,3.51,true,1,
4823077631863,false,גליליות רושן קונאפטו וניל 140 גר`,דילר בי.אמ.די.אינטרנשויונל בעמ,,,יח`,140,גרם,false,1,7.90,5.64,true,1,
4823077632112,false,וופל רושן בטעם קקאו חלב 216 גר`,דילר בי.אמ.די.אינטרנשויונל בעמ,,,יח`,216,גרם,false,1,7.90,3.66,true,1,
4823077632259,false,חטיף שוקולד רושן עם בוטנים 38 גר`,דילר בי.אמ.די.אינטרנשויונל בעמ,,,יח`,38,גרם,false,1,4.90,12.89,true,1,
4823077632570,false,שוקולד רושן מריר 85 גר` BRUT,דילר בי.אמ.די.אינטרנשויונל בעמ,,,יח`,85,גרם,false,1,7.90,9.29,true,1,
4823077632587,false,שוקולד רושן חלב עם שקד שלם 90 גר` LACMI,דילר בי.אמ.די.אינטרנשויונל בעמ,,,יח`,90,גרם,false,1,8.90,9.89,true,1,
4823077633034,false,גליליות רושן קונאפטו קקאו 140 גר`,דילר בי.אמ.די.אינטרנשויונל בעמ,,,יח`,140,גרם,false,1,7.90,5.64,true,1,
4823077633058,false,גליליות רושן קונאפטו אגוז 140 גר`,דילר בי.אמ.די.אינטרנשויונל בעמ,,,יח`,140,גרם,false,1,7.90,5.64,true,1,
4823077633317,false,עוגיות שוקולד עם חתיכות שוקולד 150 גר`,דילר בי.אמ.די.אינטרנשויונל בעמ,,,יח`,150,גרם,false,1,7.90,5.27,true,1,
4823077633324,false,עוגיות שוקוצ`יפס 150 גר`,דילר בי.אמ.די.אינטרנשויונל בעמ,,,יח`,150,גרם,false,1,7.90,5.27,true,1,
4823077633331,false,עוגיות רושן בטעם תפוז 150 גר`,דילר בי.אמ.די.אינטרנשויונל בעמ,,,יח`,150,גרם,false,1,7.90,5.27,true,1,
4823077633348,false,עוגיות רושן עם חתיכות בוטנים 150 גר`,דילר בי.אמ.די.אינטרנשויונל בעמ,,,יח`,150,גרם,false,1,7.90,5.27,true,1,
4823077633508,false,וופל ROSHETTO במילוי קרם קקאו מצופה 34 ג,דילר בי.אמ.די.אינטרנשויונל בעמ,,,יח`,34,גרם,false,1,4.90,14.41,true,1,
4823077634222,false,עוגיות תפוז 135 גר`,דילר בי.אמ.די.אינטרנשויונל בעמ,,,יח`,135,גרם,false,1,7.90,5.85,true,1,
4823077634246,false,עוגיות פטל 135 גר` LOVITA,דילר בי.אמ.די.אינטרנשויונל בעמ,,,יח`,168,גרם,false,1,6.90,4.11,true,1,
4823077634277,false,עוגיות תות שדה 135 גר`,דילר בי.אמ.די.אינטרנשויונל בעמ,,,יח`,135,גרם,false,1,7.90,5.85,true,1,
4823077634369,false,שוקולד רושן חלב אוורירי ופצפוצי אורז 85,דילר בי.אמ.די.אינטרנשויונל בעמ,,,יח`,85,גרם,false,1,7.90,9.29,true,1,
4823077634376,false,שוקולד רושן חלב אוורירי קרם אגוזים 85 גר,דילר בי.אמ.די.אינטרנשויונל בעמ,,,יח`,85,גרם,false,1,7.90,9.29,true,1,
4823077634741,false,עוגיות עם מילוי תות שדה 168 גר`,דילר בי.אמ.די.אינטרנשויונל בעמ,,,יח`,168,גרם,false,1,7.90,4.70,true,1,
4823077635533,false,וופל רושן קרם חלב 350 גר`,דילר בי.אמ.די.אינטרנשויונל בעמ,,,יח`,350,גרם,false,1,17.90,5.11,true,1,
4823077636004,false,עוגיות קקאו דובדבן 135 גר`,דילר בי.אמ.די.אינטרנשויונל בעמ,,,יח`,135,גרם,false,1,7.90,5.85,true,1,
4823077636172,false,וופל רושן בטעם לימון 216 גר,דילר בי.אמ.די.אינטרנשויונל בעמ,,,יח`,216,גרם,false,1,7.90,3.66,true,1,
4823077636332,false,עוגיות רושן במילוי קרם שוקולד,דילר בי.אמ.די.אינטרנשויונל בעמ,,,יח`,127,גרם,false,1,7.90,6.22,false,1,
4823077636400,false,עוגיות רושן במילוי קרם חלב 127 גר`,דילר בי.אמ.די.אינטרנשויונל בעמ,,,יח`,127,גרם,false,1,7.90,6.22,false,1,
4823077636417,false,עוגיות רושן במילוי קרם אגוזים 127 גר`,דילר בי.אמ.די.אינטרנשויונל בעמ,,,יח`,127,גרם,false,1,7.90,6.22,false,1,
4823077636578,false,סוכריות טופי כוס חלב 325 גר`,דילר בי.אמ.די.אינטרנשויונל בעמ,,,יח`,325,גרם,false,1,12.90,3.97,false,1,
4860019001414,false,מים מינרליים 750 מל בורזוימי,יורוסטנדרט בעמ,,,יח`,750,"מ""ל",false,1,8.90,1.15,false,1,
4903001904192,false,רוטב סויה יאמסה פרימיום 500 מל`,ליימן שליסל בעמ,,,יח`,500,"מ""ל",false,1,18.30,3.66,false,1,
4903001925784,false,רוטב סויה יאמאסה מופחת מלח 500 מל,ליימן שליסל בעמ,,,יח`,500,"מ""ל",false,1,18.30,3.66,false,1,
5000157143365,false,מתבל בטעם מיונז וקטשופ 425 מל,דיפלומט היינץ,,,יח`,425,גרם,false,1,15.90,3.74,false,1,
5000159407236,false,מרס חטיף שוקולד עם קרמל 51 גרם,מרס ריגלי ישראל בעמ,,,יח`,50,גרם,false,1,4,8,true,1,
5000159452663,false,מארז מארס חמישיות,מרס ריגלי ישראל בעמ,,,יח`,200,גרם,false,1,11.90,5.95,true,1,
5000159538640,false,באונטי חטיף שוקולד מארז,מרס ריגלי ישראל בעמ,,,יח`,200,גרם,false,1,11.90,5.95,true,1,
5000168199245,false,שוקולד חלב מעולה בתוספת חתיכות קרם קרמל,תה ויסוצקי (ישראל) בעמ,,,יח`,90,גרם,false,1,15.90,17.67,true,1,
5000189974579,false,קיט קט מיני 200 גר`,קבוצת אסם סחר שות. מוגבלת,,,יח`,200,גרם,false,1,10.90,5.45,false,1,
5000204114867,false,אירוסול בניחוח וניל 300 מל),דנשר (1963) בעמ,,,יח`,300,"מ""ל",false,1,11.50,3.83,true,1,
5000204153729,false,מילוי אוטומטי לבנדר וניל 269 מל גלייד,דנשר (1963) בעמ,,,יח`,269,"מ""ל",false,1,18.90,7.03,false,1,
5000204153842,false,גלייד ספריי אוטומטי מילוי (מילוי בניחוח,דנשר (1963) בעמ,,,יח`,269,"מ""ל",false,1,18.90,7.03,false,1,
5000204153903,false,גלייד ספריי מילוי אוטומטי בניחוח מרכך כב,דנשר (1963) בעמ,,,יח`,269,"מ""ל",false,1,18.90,7.03,false,1,
5000394137486,false,דורסל אופטימום רביעיות AA,דיפלומט מפיצים (1968) בעמ,,,יח`,1,,false,1,17.90,17.90,false,1,
5000394140820,false,דורסל שישיות AA פלוס פאוור 2021,דיפלומט מפיצים (1968) בעמ,,,יח`,1,,false,1,17.90,17.90,true,1,
5000394141209,false,דורסל שישיות AAA פלוס פאוור 2021,דיפלומט מפיצים (1968) בעמ,,,יח`,1,,false,1,17.90,17.90,true,1,
5010029000252,false,דגני בוקר וויטביקס 430 גר`,ר.ב מוצרי דגנים בעמ,,,יח`,430,גרם,false,1,25.90,6.02,false,1,
5010123703509,false,שטיפת פה( 250 מל)קולמינט ליסטרין,פארמה דיל (פ.א.ב.) שיווק והפצה,,,יח`,250,"מ""ל",false,1,9.90,3.96,false,1,
5010123703547,false,ליסטרין פרש בורסט 500 מל-יבוא מקביל,בית הצעצוע בעמ,,,יח`,500,"מ""ל",false,1,15.90,3.18,true,1,
5010123703585,false,ליסטרין קולמינט 500 מל-יבוא מקביל,בית הצעצוע בעמ,,,יח`,500,"מ""ל",false,1,15.90,3.18,true,1,
5010123730222,false,ליסטרין טוטאל קר 500 מל-יבוא מקביל,בית הצעצוע בעמ,,,יח`,500,"מ""ל",false,1,15.90,3.18,true,1,
5010182997680,false,קוטל נמלים רייד (300 מל),דנשר (1963) בעמ,,,יח`,300,"מ""ל",false,1,20.30,6.77,false,1,
5010182998847,false,דאק נוזל בודד 750 מל כחול,דנשר (1963) בעמ,,,יח`,750,"מ""ל",false,1,11.90,1.59,false,1,
5010182998861,false,דאק נוזל בודד 750מל ירוק,דנשר (1963) בעמ,,,יח`,750,"מ""ל",false,1,11.90,1.59,false,1,
5010677552387,false,בריזר אננס בקרדי (275 מל),טמפו משקאות בעמ,,,יח`,275,"מ""ל",false,1,15.30,5.45,true,1,
5010677554398,false,בריזר אבטיח בבקבוק בקרדי (275 מל),טמפו משקאות בעמ,,,יח`,275,"מ""ל",false,1,15.30,5.45,true,1,
5013931015741,false,ידית הפלא לשטיפת כלים דיש מטיק,דנשר (1963) בעמ,,,יח`,1,,false,1,19.90,19.90,true,1,
5013931015789,false,ידית הפלא עם כרית פלדה דיש מטיק,דנשר (1963) בעמ,,,יח`,1,,false,1,19.90,19.90,true,1,
5013931015819,false,מארז כריות פלדה דיש מטיק (2 יח),דנשר (1963) בעמ,,,יח`,1,,false,1,19.90,19.90,true,1,
5013931016359,false,מארז 3 יח ספוגי החלפה לניקוי קשה דיש מטי,דנשר (1963) בעמ,,,יח`,1,,false,1,19.90,19.90,true,1,
5014271400426,false,מעדן סנט דלפור תות שדה,א. סיימן סחר בעמ,,,יח`,284,גרם,false,1,21.90,7.71,true,1,
5029053039725,false,קלינקס טישו נטורל פרש קופסא,קימברלי קלארק ישראל שיווק בעמ,,,יח`,1,,false,1,11.90,11.90,false,1,
5053827215862,false,דגני בוקר קלוגס קוקו פופס בטעם שוקולד (,דיפלומט היינץ,,,יח`,500,גרם,false,1,20.90,4.18,true,1,
5060045588128,false,וויסקי ג`ים בים לבן 700 מל,הכרם - משקאות חריפים בעמ,,,יח`,700,"מ""ל",false,1,90.90,12.94,false,1,
5060517886486,false,משקה אנר`גי פח 500 מל מונסטר,החברה המרכזית להפצת משקאות בעמ,,,יח`,500,"מ""ל",false,1,6.90,1.32,true,1,
5060639128051,false,משקה ULYRA פח 500 מל מונסטר,החברה המרכזית להפצת משקאות בעמ,,,יח`,500,"מ""ל",false,1,6.90,1.32,true,1,
5060639129102,false,משקה אנר`גי Mango Loco מונסטר 500 nk,החברה המרכזית להפצת משקאות בעמ,,,יח`,500,"מ""ל",false,1,6.90,1.32,true,1,
5060751218173,false,משקה אנר`גי pipline punch מונסטר 500 מל,החברה המרכזית להפצת משקאות בעמ,,,יח`,500,"מ""ל",false,1,6.90,1.32,true,1,
5060751219033,false,משקה אולטרה פרדייס מונסטר 500 מל,החברה המרכזית להפצת משקאות בעמ,,,יח`,500,"מ""ל",false,1,6.90,1.32,true,1,
5200133120476,false,גליליות וופלים 400 גרם אגוזים וקקאו  גול,דיפלומט היינץ,,,יח`,400,גרם,false,1,18.50,4.63,true,1,
5200133120483,false,גליליות וופלים 400 גרם וניל גולדן ברייק,דיפלומט היינץ,,,יח`,400,גרם,false,1,18.50,4.63,true,1,
5201004020338,false,גליליות קלאסיק קפריס 400 גרם,משה סידס ובנו בעמ,,,יח`,400,גרם,false,1,20.90,5.23,false,1,
5201360724741,false,מארז רולדות אישיות במילוי וניל,אבאל יזמות בעמ,,,יח`,1,,false,1,12.90,12.90,false,1,
5202390014222,false,צהובה טבעונית עגבניות בזיליקום,דיפלומט היינץ,,,יח`,200,גרם,false,1,24.40,12.20,true,1,
5202390015618,false,צהובה טבעונית אורגינל,דיפלומט היינץ,,,יח`,200,גרם,false,1,24.40,12.20,true,1,
5202390016141,false,צהובה טבעונית מוצרלה 400 גר`,דיפלומט היינץ,,,יח`,400,גרם,false,1,25.90,6.48,false,1,
5202390020407,false,בסגנון פטה טבעוני 200 גר,דיפלומט היינץ,,,יח`,200,גרם,false,1,26.90,13.45,true,1,
5208049006594,false,פאל מאל אקסטרה כחול בודד,גלוברנדס בעמ - שיווק סיגריות,,,יח`,1,,false,1,32,32,true,1,
5391523057943,false,סימילאק גולד שלב 3 700 גר`,שקד תבל בעמ-סימילק,,,יח`,700,גרם,false,1,74.90,10.70,false,1,
5410126006087,false,ביסקוויט בטעם קרמל לוטוס (700 גרם),דיפלומט היינץ,,,יח`,700,גרם,false,1,29.50,4.21,true,1,
5410126006360,false,לוטוס עוגיות סנדוויץ במילוי לוטוס 150 גר,דיפלומט היינץ,,,יח`,150,גרם,false,1,9.90,6.60,false,1,
5410126106022,false,עוגיות לוטוס מארז (2*250),דיפלומט היינץ,,,יח`,500,גרם,false,1,16.90,3.38,true,1,
5410126106183,false,לוטוס קרמל 312 גר`,דיפלומט היינץ,,,יח`,312,גרם,false,1,15.90,5.10,true,1,
5410126116953,false,ממרח ביסקוויט קרמל לוטוס (400 גרם),דיפלומט היינץ,,,יח`,400,גרם,false,1,23.40,5.85,true,1,
5410126666038,false,עוגיות לוטוס 2*18 279 גר`,דיפלומט היינץ,,,יח`,279,גרם,false,1,13.90,4.98,true,1,
5410126726947,false,ממרח עוגיות לוטוס קראנץ` 380 גר`,דיפלומט היינץ,,,יח`,380,גרם,false,1,24.40,6.42,true,1,
5410228154693,false,ארגז בירה סטלה בקבוק 330 מל- 24 יח,תימקו בירה בעמ,,,יח`,7.92,1 ליטר,false,1,120,14.24,false,1,
5410228267515,false,בירה באדוויזר 330 מל בקבוק שישייה,הכרם - משקאות חריפים בעמ,,,יח`,1.98,1 ליטר,false,1,35.90,17.22,true,1,
5410291021991,false,ממרח אגוזי לוז עם קקאו צ`וקטה (700 גרם),ש.שסטוביץ בעמ,,,יח`,700,גרם,false,1,20.90,2.99,false,1,
5410316983693,false,אייס סמירנוף (275 מל),החברה המרכזית להפצת משקאות בעמ,,,יח`,275,"מ""ל",false,1,14.20,5.05,true,1,
5410658902413,false,קפסולות קפה דרגת חוזק 8 fortisimo Espres,אבאל יזמות בעמ,,,יח`,1,,false,1,13.20,13.20,true,1,
5410658902420,false,קפסולות קפה דרגת חוזק 10 fortisimo RISTR,אבאל יזמות בעמ,,,יח`,1,,false,1,13.20,13.20,true,1,
5410658902437,false,קפסולות קפה דרגת חוזק 7 fortisimo Lungo,אבאל יזמות בעמ,,,יח`,1,,false,1,13.20,13.20,true,1,
5410658902819,false,קפסולות קפה דרגת חוזק 12 fortisimo RISTR,אבאל יזמות בעמ,,,יח`,1,,false,1,13.20,13.20,true,1,
5410769800097,false,בקבוק צ`רי שוף 8% 330 מל,הכרם - משקאות חריפים בעמ,,,יח`,330,"מ""ל",false,1,16.50,4.91,true,1,
5411188081852,false,אלפרו סויה וניל 1 ליטר,שטראוס גרופ בעמ,,,יח`,1,1 ליטר,false,1,13.90,13.90,true,1,
5411188094173,false,אלפרו מעדן סויה בטעם קרמל 4*125מל,שטראוס גרופ בעמ,,,יח`,500,גרם,false,1,16.90,3.38,false,1,
5411188096108,false,אלפרו סויה לבישול ( 250 מל),שטראוס גרופ בעמ/מצונן,,,יח`,250,"מ""ל",false,1,9.90,3.96,true,1,
5411188110835,false,משקה שקדים אלפרו (1 ליטר),שטראוס גרופ בעמ,,,יח`,1,1 ליטר,false,1,13.90,13.90,true,1,
5411188112549,false,משקה על בסיס אורז אלפרו (1 ליטר),שטראוס גרופ בעמ,,,יח`,1,1 ליטר,false,1,13.90,13.90,true,1,
5411188112709,false,משקה שקדים ללס אלפרו (1 ליטר),שטראוס גרופ בעמ,,,יח`,1,1 ליטר,false,1,13.90,13.90,true,1,
5411188115472,false,משקה סויה 1 ליטר אלפרו,שטראוס גרופ בעמ,,,יח`,1,1 ליטר,false,1,13.90,13.90,true,1,
5411188118732,false,משקה קוקוס ושקדים אלפרו (1 ליטר),שטראוס גרופ בעמ,,,יח`,1,1 ליטר,false,1,13.90,13.90,true,1,
5411188120742,false,משקה שקדים בטעם וניל אלפרו (1 ליטר),שטראוס גרופ בעמ,,,יח`,1,1 ליטר,false,1,13.90,13.90,true,1,
5411188120957,false,אלפרו קוקוס לבישול 250 מל,שטראוס גרופ בעמ/מצונן,,,יח`,250,גרם,false,1,9.90,3.96,true,1,
5411188121923,false,משקה סויה בטעם טבעי אלפרו (250x3 מל),שטראוס גרופ בעמ,,,יח`,750,"מ""ל",false,1,16.90,2.25,false,1,
5411188121978,false,משקה סויה בטעם טבעי אלפרו (250x3 מל),שטראוס גרופ בעמ,,,יח`,750,"מ""ל",false,1,16.90,2.25,false,1,
5411188122586,false,אלפרו משקה שקדים 250 מל,שטראוס גרופ בעמ,,,יח`,250,"מ""ל",false,1,7.90,3.16,false,1,
5411188124689,false,משקה שיבולת שועל ללתס 1 ליטר אלפרו,שטראוס גרופ בעמ,,,יח`,1,1 ליטר,false,1,13.90,13.90,true,1,
5411188124726,false,משקה שיבולת שועל שקדים 1 ליטר אלפרו,שטראוס גרופ בעמ,,,יח`,1,1 ליטר,false,1,13.90,13.90,true,1,
5411188126195,false,משקה שקדים אורגני 1 ליטר אלפרו,שטראוס גרופ בעמ,,,יח`,1,1 ליטר,false,1,13.90,13.90,true,1,
5411188127697,false,אלפרו בריסטה שיבולת שועל 1 ליטר,שטראוס גרופ בעמ,,,יח`,1,1 ליטר,false,1,13.90,13.90,true,1,
5411188129899,false,אלפרו בריסטה שקדים 1 ליטר,שטראוס גרופ בעמ,,,יח`,1,1 ליטר,false,1,13.90,13.90,true,1,
5411188134985,false,אלפרו NOT MILK שיבולת שועל 3.5% שומן 1 ל,שטראוס גרופ בעמ/מצונן,,,יח`,1,1 ליטר,false,1,13.90,13.90,false,1,
5411188135005,false,אלפרו NOT MILK שיבולת שועל 1.8% ליטר,שטראוס גרופ בעמ/מצונן,,,יח`,1,1 ליטר,false,1,13.90,13.90,false,1,
5411188513483,false,אלפרו סויה לבישול 14% 250 מל,שטראוס גרופ בעמ/מצונן,,,יח`,250,"מ""ל",false,1,9.90,3.96,true,1,
5411188543398,false,משקה סויה ללס אלפרו 1 ליטר,שטראוס גרופ בעמ,,,יח`,1,1 ליטר,false,1,13.90,13.90,true,1,
5411681038001,false,בירה טריפל מרדסו (330 מל),הכרם - משקאות חריפים בעמ,,,יח`,330,"מ""ל",false,1,16.50,4.91,true,1,
5411718911963,false,סטרונגבואו רוזה אכוהולי 4.5% בטעם דבש,טמפו משקאות בעמ,,,יח`,330,"מ""ל",false,1,9.10,2.67,false,1,
5413149655522,false,אבקת כביסה שושן אריאל 1.25 קג,דיפלומט מפיצים (1968) בעמ,,,יח`,1.30,גרם,false,1,15.90,1223.08,false,1,
5413149922907,false,אריאל 5 קג` קולור,דיפלומט מפיצים (1968) בעמ,,,יח`,5,"ק""ג",false,1,45.90,9.18,true,1,
5601217129420,false,ווליט דפים לשמירה על הצבע 20 יח,רקיט בנקיזר (ניר איסט) בעמ,,,יח`,1,,false,1,24.40,24.40,false,1,
5604912415003,false,סרדינים בשמן זית פורטוס 125 גר`,דיפלומט היינץ,,,יח`,125,גרם,false,1,7.90,6.32,false,1,
5604912415041,false,סרדינים בשמן חמניה פורטוס 125 גר`,דיפלומט היינץ,,,יח`,125,גרם,false,1,6.90,5.52,false,1,
5604912415058,false,סרדינים בשמן חמניה חריף פורטוס 125 גר`,דיפלומט היינץ,,,יח`,125,גרם,false,1,6.90,5.52,false,1,
5701932026964,false,הוט פופ 600 גר`,ליימן שליסל בעמ,,,יח`,600,גרם,false,1,16.90,2.82,true,1,
5701932026971,false,הוט פופ חמאה 600 גר`,ליימן שליסל בעמ,,,יח`,600,גרם,false,1,16.90,2.82,true,1,
5701932026995,false,הוט פופ לייט 600גר`,ליימן שליסל בעמ,,,יח`,600,גרם,false,1,16.90,2.82,true,1,
5711953106583,false,גבינת שמנת עשבי טבעי 200 גר` ארלה,שטראוס גרופ בעמ/מצונן,,,יח`,200,גרם,false,1,16.90,8.45,true,1,
5711953106590,false,ארלה גבינת שמנת שום 200 גר`,שטראוס גרופ בעמ/מצונן,,,יח`,200,גרם,false,1,16.90,8.45,true,1,
5711953106606,false,גבינת שמנת עשבי תיבול 200 גר` ארלה,שטראוס גרופ בעמ/מצונן,,,יח`,200,גרם,false,1,16.90,8.45,true,1,
5740900403215,false,ממרח לורפק עם מלח 250 גר`,שטראוס גרופ בעמ/מצונן,,,יח`,250,גרם,false,1,17.90,7.16,false,1,
5740900403222,false,ממרח לורפק עם מלח מופחת שומן 250 גר`,שטראוס גרופ בעמ/מצונן,,,יח`,250,גרם,false,1,17.90,7.16,false,1,
5740900403239,false,ממרח לורפק ללא מלח 250 גר`,שטראוס גרופ בעמ/מצונן,,,יח`,250,גרם,false,1,17.90,7.16,false,1,
5740900403246,false,ממרח לורפק ללא מלח 500 גר`,שטראוס גרופ בעמ/מצונן,,,יח`,500,גרם,false,1,28.90,5.78,false,1,
5740900403253,false,ממרח לורפק עם מלח 500 גר`,שטראוס גרופ בעמ/מצונן,,,יח`,500,גרם,false,1,28.90,5.78,false,1,
5740900403260,false,ממרח לורפק ללא מלח מופחת שומן 250 גר`,שטראוס גרופ בעמ/מצונן,,,יח`,250,גרם,false,1,17.90,7.16,false,1,
5740900403864,false,ממרח לורפק 200 גר` עם מלח,שטראוס גרופ בעמ/מצונן,,,יח`,200,גרם,false,1,12.80,6.40,false,1,
5900020015174,false,פיטנס חטיפי דגנים שוקולד מריר,קבוצת אסם סחר שות. מוגבלת,,,יח`,141,גרם,false,1,17.50,12.41,true,1,
5900020020710,false,מארז קראנץ בר שוקו וניל שישייה,קבוצת אסם סחר שות. מוגבלת,,,יח`,150,גרם,false,1,18.30,12.20,true,1,
5900020024770,false,פיטנס בר דליס שוקולד אגוז,קבוצת אסם סחר שות. מוגבלת,,,יח`,135,גרם,false,1,17.50,12.96,true,1,
5900020024817,false,פיטנס בר דליס שוקולד לבן,קבוצת אסם סחר שות. מוגבלת,,,יח`,135,גרם,false,1,17.50,12.96,true,1,
5900020026552,false,האני נאט צ`יריוס עידן הקרח 625 גרם,קבוצת אסם סחר שות. מוגבלת,,,יח`,625,גרם,false,1,22.90,3.66,true,1,
5900020029669,false,חטיף דגנים פירות יער מארז 6 יח פיטנס,קבוצת אסם סחר שות. מוגבלת,,,יח`,23.50,גרם,false,1,18.30,77.87,true,1,
5900020032539,false,פיטנס מארז חטיף שוקולד 6*8,קבוצת אסם סחר שות. מוגבלת,,,יח`,140,גרם,false,1,17.50,12.50,true,1,
5900020033314,false,פיטנס חטיפי דגנים ליון 150 גר`,קבוצת אסם סחר שות. מוגבלת,,,יח`,150,גרם,false,1,17.50,11.67,true,1,
5900020034991,false,קראנץ צדפים בטעם שוקולד 450 גר`,קבוצת אסם סחר שות. מוגבלת,,,יח`,450,גרם,false,1,22.90,5.09,true,1,
5900020039620,false,פיטנס חטיף דגנים שקדים 6*23.5גר,קבוצת אסם סחר שות. מוגבלת,,,יח`,141,גרם,false,1,17.50,12.41,true,1,
5900020041142,false,פיטנס קורנפלקס 500 גר,קבוצת אסם סחר שות. מוגבלת,,,יח`,500,גרם,false,1,13.90,2.78,true,1,
5900352014456,false,וופל בלגי שוקולד 130 גר`יעד ממתקים,יעד ממתקים בעמ,,,יח`,130,גרם,false,1,4.90,3.77,true,1,
5901414200411,false,היט מיניס קרם קקאו 130גר בלזן.,ליימן שליסל בעמ,,,יח`,130,גרם,false,1,8.40,6.46,true,1,
5901888020560,false,חטיף דגנים עם קינואה בטעם עשבי תיבול 7,דנשר (1963) בעמ,,,יח`,70,גרם,false,1,13.90,19.86,true,1,
5902198160403,false,xl ten פחית 250 מל ללס,טמפו משקאות בעמ,,,יח`,250,"מ""ל",false,1,4.90,1.84,true,1,
5904941751302,false,משקה אנרגיה בפחית בלו (250 מל),בני פאוזי שמשום (2009) בעמ,,,יח`,250,"מ""ל",false,1,3.90,1.44,true,1,
5906485301012,false,משקה אנרגיה אקסל (250 מל),טמפו משקאות בעמ,,,יח`,250,"מ""ל",false,1,4.90,1.84,true,1,
6001067017530,false,קולגייט מברשת יל,ש.שסטוביץ בעמ,,,יח`,1,,false,1,10.90,10.90,false,1,
6008165003984,false,פאל מאל כחול סטרים פילטר,גלוברנדס בעמ - שיווק סיגריות,,,יח`,1,,false,1,30,30,true,1,
6008165274629,false,פאל מאל כחול ארוך סטרים פילטר חפיסה,גלוברנדס בעמ - שיווק סיגריות,,,יח`,1,יח`,false,1,30,30,true,1,
6009188004828,false,קיט קאט צ`אנקי לבן 40 גר`,קבוצת אסם סחר שות. מוגבלת,,,יח`,40,גרם,false,1,3.90,9.75,false,1,
6224000485764,false,שיני שום קפואות שקית 1 קג,נטו מלינדה סחר בעמ,,,יח`,1,"ק""ג",false,1,20.90,20.90,false,1,
6901022100409,false,ג`ינג`ר כתוש טרי לירון,ביג פוד כחול לבן בעמ*שיק 30 יו,,,יח`,100,גרם,false,1,6,6,false,1,
6901022100584,false,רצועות פלפלים אדומים קלויים,ביג פוד כחול לבן בעמ*שיק 30 יו,,,יח`,350,גרם,false,1,13.90,3.97,false,1,
6901022100591,false,רצועות מיקס פלפלים קלויים,ביג פוד כחול לבן בעמ*שיק 30 יו,,,יח`,350,גרם,false,1,13.90,3.97,false,1,
7038516140357,false,מברשת שיניים ג`ורדן טוטאל רביעייה,דנשר (1963) בעמ,,,יח`,1,,false,1,21.40,21.40,true,1,
7038516140418,false,מברשת שיניים ג`ורדן טוטאל רביעייה,דנשר (1963) בעמ,,,יח`,1,,false,1,21.40,21.40,true,1,
7046110075562,false,משחת שיניים לשיניים קבועות 6-12 ג`ורדן,דנשר (1963) בעמ,,,יח`,1,,false,1,12.90,12.90,false,1,
7271730901261,false,ארוחת אטריות עם גבינה 156 גר`וויקי מאק,מור-ים מרקטינג בעמ,,,יח`,156,גרם,false,1,11.90,7.63,false,1,
7290000000374,false,פטריות שמפיניון א.א,חוות השמפיניון בעמ,,,יח`,1,,false,1,10.10,10.10,true,1,
7290000023809,false,קלאסיק קברנה סובניון יקבי ברקן (750 מל),טמפו משקאות בעמ,,,יח`,750,"מ""ל",false,1,33.90,4.48,true,1,
7290000023816,false,קלאסיק אמרלד ריזלינג יקבי ברקן (750 מל),טמפו משקאות בעמ,,,יח`,750,"מ""ל",false,1,33.90,4.48,true,1,
7290000023847,false,קלאסיק שרדונה יקבי ברקן (750 מל),טמפו משקאות בעמ,,,יח`,750,"מ""ל",false,1,33.90,4.48,true,1,
7290000023977,false,קלאסיק מרלו יקבי ברקן (750 מל),טמפו משקאות בעמ,,,יח`,750,"מ""ל",false,1,33.90,4.48,true,1,
7290000024264,false,רזרב מרלו יקבי ברקן (750 מל),טמפו משקאות בעמ,,,יח`,750,"מ""ל",false,1,45.90,6.08,true,1,
7290000024578,false,אסמבלאז`צפית 750 מל ברקן,טמפו משקאות בעמ,,,יח`,750,"מ""ל",false,1,67.30,8.93,false,1,
7290000040042,false,יוגורט ביו 3% תות יופלה (150 גרם),תנובה - חלב,,,יח`,150,"מ""ל",false,1,5.20,3.47,false,1,
7290000040066,false,יופלה דובדבן 3%,תנובה - חלב,,,יח`,150,"מ""ל",false,1,5.20,3.47,false,1,
7290000040080,false,יוגורט ביו 3% אפרסק יופלה (150 גרם),תנובה - חלב,,,יח`,150,"מ""ל",false,1,5.20,3.47,false,1,
7290000040301,false,גבינת קממבר 24% עין גדי (125 גרם)קולקשי,תנובה - חלב,,,יח`,125,גרם,false,1,18.90,15.12,false,1,
7290000040974,false,חלב 2% דל לקטוז בקרטון תנובה (1 ליטר),תנובה - חלב,,,יח`,1,1 ליטר,false,1,7.20,7.20,false,1,
7290000041445,false,קוטג`250 5%,תנובה - חלב,,,יח`,250,גרם,false,1,5.50,2.20,false,1,
7290000042435,false,חלב דל שומן 1% בקרטון תנובה (1 ליטר)פיק,תנובה - חלב,,,יח`,1000,"מ""ל",false,1,5.86,0.59,false,1,
7290000042640,false,חלב עמיד 3% תנובה (250 מל),תנובה - חלב,,,יח`,250,"מ""ל",false,1,2.60,1.04,false,1,
7290000042855,false,שוקו שקית,שטראוס גרופ בעמ/מצונן,,,יח`,225,"מ""ל",false,1,2.60,1.16,false,1,
7290000043012,false,שוקו עמיד 2% תנובה (250 מל),תנובה - חלב,,,יח`,250,"מ""ל",false,1,4.70,1.88,false,1,
7290000043814,false,השף הלבן שמנת עמיד 38% קר 250,תנובה - חלב,,,יח`,250,"מ""ל",false,1,6.47,2.59,false,1,
7290000043890,false,רויון 1.5% תנובה (1 ליטר),תנובה - חלב,,,יח`,1,1 ליטר,false,1,11.50,11.50,false,1,
7290000045580,false,גבינת חורש,תנובה - חלב,,,יח`,240,גרם,false,1,18.60,7.75,false,1,
7290000045917,false,פרומעז גבינת עיזים 23% קולקשיין תנובה,תנובה - חלב,,,יח`,200,גרם,false,1,26.90,13.45,false,1,
7290000046020,false,גבינת גלבוע 22% תנובה,תנובה - חלב,,,"ק""ג",1000,גרם,true,1,42.58,4.26,false,1,
7290000046327,false,גבינה צהובה 22% גלבוע (200 גרם),תנובה - חלב,,,יח`,200,גרם,false,1,13.20,6.60,false,1,
7290000048185,false,גבינה לבנה 5% תנובה (250 גרם)פיקוח,תנובה - חלב,,,יח`,250,גרם,false,1,4.98,1.99,false,1,
7290000048437,false,גבינת צפתית (2005% גרם)פיראוס תנובה,תנובה - חלב,,,יח`,200,גרם,false,1,15.90,7.95,false,1,
7290000049458,false,גבינה בולגרית עיזים (25016% גרם)פיראוס,תנובה - חלב,,,יח`,250,גרם,false,1,28.50,11.40,false,1,
7290000051352,false,חלב של פעם 3.8% בקרטון תנובה (1 ליטר),תנובה - חלב,,,יח`,1,1 ליטר,false,1,7.70,7.70,false,1,
7290000051376,false,יופלה דיאט אננס 0%,תנובה - חלב,,,יח`,150,"מ""ל",false,1,5.20,3.47,false,1,
7290000052311,false,עמק פרוס בקופסא 200 גר`15% שומן,תנובה - חלב,,,יח`,200,גרם,false,1,16.30,8.15,false,1,
7290000053219,false,טל העמק 32% צהובה,תנובה - חלב,,,"ק""ג",1000,גרם,true,1,55,5.50,false,1,
7290000055015,false,גבינת פטה כבשים (2505% גרם)פיראוס בולג,תנובה - חלב,,,יח`,250,גרם,false,1,27.90,11.16,false,1,
7290000055329,false,יופלה משקה יוגורט 250 מל תות מלון,תנובה - חלב,,,יח`,250,גרם,false,1,5.90,2.36,false,1,
7290000055336,false,יופלה משקה יוגורט 250 מל בננה אפרסק,תנובה - חלב,,,יח`,250,גרם,false,1,5.90,2.36,false,1,
7290000055350,false,עמק פיקוח 28% צהובה מעדנייה,תנובה - חלב,,,"ק""ג",1000,גרם,true,1,44.79,4.48,false,1,
7290000055893,false,חמאה מהדרין תנובה (200 גרם)פיקוח,תנובה - חלב,,,יח`,1,,false,1,7.80,7.80,false,1,
7290000056906,false,יופלה לבן שמינייה 1.5%,תנובה - חלב,,,יח`,1200,"מ""ל",false,1,17.90,1.49,false,1,
7290000057088,false,גבינת עמק דק 200 גר,תנובה - חלב,,,יח`,200,גרם,false,1,16.30,8.15,false,1,
7290000057132,false,יוגורט ביו 1.5% תנובה (200 גרם),תנובה - חלב,,,יח`,200,גרם,false,1,3.20,1.60,false,1,
7290000057149,false,יוגורט ביו 3% תנובה (200 גרם),תנובה - חלב,,,יח`,200,גרם,false,1,3.20,1.60,false,1,
7290000057552,false,דיאט יופלה עוגת גבינה ותות,תנובה - חלב,,,יח`,150,גרם,false,1,5.20,3.47,false,1,
7290000060163,false,אטריות דקות אסם (400 גרם),קבוצת אסם סחר שות. מוגבלת,,,יח`,400,גרם,false,1,8.50,2.13,true,1,
7290000060200,false,פתיתים אפויים קוסקוס אסם (500 גרם),קבוצת אסם סחר שות. מוגבלת,,,יח`,500,גרם,false,1,7.70,1.54,true,1,
7290000060316,false,ספגטי אסם פרפקטו (500 גרם),קבוצת אסם סחר שות. מוגבלת,,,יח`,500,גרם,false,1,8.90,1.78,false,1,
7290000060408,false,פתיתים אפויים טבעות אסם (500 גרם),קבוצת אסם סחר שות. מוגבלת,,,יח`,500,גרם,false,1,7.70,1.54,true,1,
7290000060415,false,לזניה אסם פרפקטו (500 גרם),קבוצת אסם סחר שות. מוגבלת,,,יח`,500,גרם,false,1,17.30,3.46,false,1,
7290000060781,false,פסטה מסולסלים אסם (500 גרם),קבוצת אסם סחר שות. מוגבלת,,,יח`,500,גרם,false,1,6.10,1.22,true,1,
7290000060828,false,פסטה קרניים בינוניות אסם (500 גרם),קבוצת אסם סחר שות. מוגבלת,,,יח`,500,גרם,false,1,6.10,1.22,true,1,
7290000060842,false,פסטה צדפים גדולים אסם (500 גרם),קבוצת אסם סחר שות. מוגבלת,,,יח`,500,גרם,false,1,6.10,1.22,true,1,
7290000060880,false,ספגטי אסם (500 גרם),קבוצת אסם סחר שות. מוגבלת,,,יח`,500,גרם,false,1,6.10,1.22,true,1,
7290000060903,false,פתיתים אפויים אורז אסם (500 גרם),קבוצת אסם סחר שות. מוגבלת,,,יח`,500,גרם,false,1,7.70,1.54,true,1,
7290000060965,false,אטריות רחבות אסם (400 גרם),קבוצת אסם סחר שות. מוגבלת,,,יח`,400,גרם,false,1,8.50,2.13,true,1,
7290000061214,false,פתיתים אפויים 500 גר` קוסקוס+בצל אסם,קבוצת אסם סחר שות. מוגבלת,,,יח`,500,גרם,false,1,7.70,1.54,true,1,
7290000061245,false,עוגיות שוקוצ`יפס,קבוצת אסם סחר שות. מוגבלת,,,יח`,220,גרם,false,1,13.20,6,false,1,
7290000061764,false,קפה רד מאג נסקפה (200 גרם),קבוצת אסם סחר שות. מוגבלת,,,יח`,200,גרם,false,1,19.90,9.95,false,1,
7290000063140,false,שקדי מרק אסם (400 גרם),קבוצת אסם סחר שות. מוגבלת,,,יח`,400,גרם,false,1,13.20,3.30,true,1,
7290000063157,false,קמח תופח אסם (1 קג),קבוצת אסם סחר שות. מוגבלת,,,יח`,1,"ק""ג",false,1,11.20,11.20,false,1,
7290000064758,false,קוסקוס בינוני אסם (350 גרם),קבוצת אסם סחר שות. מוגבלת,,,יח`,350,גרם,false,1,9.10,2.60,false,1,
7290000064871,false,מנה חמה פירה עם בצל אסם (56 גרם),קבוצת אסם סחר שות. מוגבלת,,,יח`,56,גרם,false,1,7.50,13.39,true,1,
7290000065090,false,מיני קרוטונים למרק וסלט,קבוצת אסם סחר שות. מוגבלת,,,יח`,400,גרם,false,1,27.50,6.88,false,1,
7290000065557,false,מנה חמה קוסקוס עם ירקות אסם (84 גרם),קבוצת אסם סחר שות. מוגבלת,,,יח`,62,גרם,false,1,7.50,12.10,true,1,
7290000066141,false,ביסלי חטיף בטעם גריל אסם (70 גרם),קבוצת אסם סחר שות. מוגבלת,,,יח`,70,גרם,false,1,4,5.71,true,1,
7290000066264,false,דובונים חטיף תפוחי אדמה אסם (40 גרם),קבוצת אסם סחר שות. מוגבלת,,,יח`,40,גרם,false,1,5.80,14.50,true,1,
7290000066318,false,במבה אסם (80 גרם),קבוצת אסם סחר שות. מוגבלת,,,יח`,80,גרם,false,1,4.40,5.50,true,1,
7290000066332,false,אפרופו חטיף תירס אסם (50 גרם),קבוצת אסם סחר שות. מוגבלת,,,יח`,50,גרם,false,1,5.70,11.40,true,1,
7290000066431,false,חטיף פופקו חמאה ודבש אסם (80 גרם),קבוצת אסם סחר שות. מוגבלת,,,יח`,80,גרם,false,1,6.10,7.63,true,1,
7290000067599,false,מנה חמה ספגטי בולונז אסם (65 גרם),קבוצת אסם סחר שות. מוגבלת,,,יח`,65,גרם,false,1,7.50,11.54,true,1,
7290000067735,false,ניוקי בצקיות מקמח אסם פרפקטו (500 גרם),קבוצת אסם סחר שות. מוגבלת,,,יח`,500,גרם,false,1,13.90,2.78,false,1,
7290000068138,false,פודינג בטעם וניל 80 גר`אסם,קבוצת אסם סחר שות. מוגבלת,,,יח`,80,גרם,false,1,5.90,7.38,false,1,
7290000068237,false,אבקה להכנת ג`לי בטעם פטל אסם (85 גרם),קבוצת אסם סחר שות. מוגבלת,,,יח`,85,גרם,false,1,7.80,9.18,false,1,
7290000068343,false,פריכונים מאורז מלא אסם (140 גרם),קבוצת אסם סחר שות. מוגבלת,,,יח`,140,גרם,false,1,9.90,7.07,true,1,
7290000068701,false,שקדי מרק במיכל,קבוצת אסם סחר שות. מוגבלת,,,יח`,400,גרם,false,1,18.50,4.63,false,1,
7290000070308,false,מרק עוף אמיתי בשרי אסם (400 גרם),קבוצת אסם סחר שות. מוגבלת,,,יח`,400,גרם,false,1,20.40,5.10,false,1,
7290000070353,false,מרק בצל רכיבים טבעיים אסם (400 גרם),קבוצת אסם סחר שות. מוגבלת,,,יח`,400,גרם,false,1,24.90,6.23,true,1,
7290000071008,false,בייגלה שטוחים טבעות עם מלח אסם (60 גרם),קבוצת אסם סחר שות. מוגבלת,,,יח`,60,גרם,false,1,3.60,6,false,1,
7290000072067,false,במבה במילוי קרם חלבה אסם (60 גרם),קבוצת אסם סחר שות. מוגבלת,,,יח`,60,גרם,false,1,4.40,7.33,true,1,
7290000072241,false,רוטב פיצה אסם (290 מל),קבוצת אסם סחר שות. מוגבלת,,,יח`,290,"מ""ל",false,1,13.20,4.55,true,1,
7290000072623,false,קטשופ אסם (750 גרם),קבוצת אסם סחר שות. מוגבלת,,,יח`,750,גרם,false,1,11.90,1.59,true,1,
7290000072753,false,קפה טייסטרס צ`ויס נסקפה (200 גרם),קבוצת אסם סחר שות. מוגבלת,,,יח`,200,גרם,false,1,29.90,14.95,false,1,
7290000072968,false,סיני מיניס בטעם קינמון נסטלה (500 גרם),קבוצת אסם סחר שות. מוגבלת,,,יח`,375,גרם,false,1,22.90,6.11,true,1,
7290000073415,false,מנה חמה פסטה ברוטב פיצה אסם (61 גרם),קבוצת אסם סחר שות. מוגבלת,,,יח`,61,גרם,false,1,7.50,12.30,true,1,
7290000073750,false,מנה חמה נודלס בטעם עוף אסם (70 גרם),קבוצת אסם סחר שות. מוגבלת,,,יח`,70,גרם,false,1,8.50,12.14,true,1,
7290000073767,false,מנה חמה נודלס בטעם בקר אסם (70 גרם),קבוצת אסם סחר שות. מוגבלת,,,יח`,70,גרם,false,1,8.50,12.14,true,1,
7290000073774,false,מנה חמה נודלס בטעם פיקנטי אסם (70 גרם),קבוצת אסם סחר שות. מוגבלת,,,יח`,76,גרם,false,1,8.50,11.18,true,1,
7290000074153,false,ביסקוויט פתי בר שוקולד אסם (500 גרם),קבוצת אסם סחר שות. מוגבלת,,,יח`,500,גרם,false,1,12.90,2.58,false,1,
7290000074184,false,ביסקוויט פתי בר אסם (500 גרם),קבוצת אסם סחר שות. מוגבלת,,,יח`,500,גרם,false,1,12.20,2.44,true,1,
7290000074245,false,קרם קרקר אסם (250 גרם),קבוצת אסם סחר שות. מוגבלת,,,יח`,250,גרם,false,1,11.20,4.48,true,1,
7290000074375,false,קרקר זהב אסם (150 גרם),קבוצת אסם סחר שות. מוגבלת,,,יח`,150,גרם,false,1,8.40,5.60,true,1,
7290000075204,false,קרקר לחמית חיטה מלאה אסם (250 גרם),קבוצת אסם סחר שות. מוגבלת,,,יח`,250,גרם,false,1,10,4,true,1,
7290000075693,false,עוגת הבית שמרים בריוש שוקולד 360 גר`,קבוצת אסם סחר שות. מוגבלת,,,יח`,360,גרם,false,1,19.30,5.36,false,1,
7290000076126,false,בייגלה שמיניות עם מלח אסם (80 גרם),קבוצת אסם סחר שות. מוגבלת,,,יח`,80,גרם,false,1,3.60,4.50,false,1,
7290000076133,false,בייגלה שמיניות עם מלח אסם (400 גרם),קבוצת אסם סחר שות. מוגבלת,,,יח`,400,גרם,false,1,10.10,2.53,true,1,
7290000077017,false,קרמוגית משהו שוקולוד,קבוצת אסם סחר שות. מוגבלת,,,יח`,200,גרם,false,1,13.20,6.60,false,1,
7290000077253,false,קרקר לחמית כפרית אסם (190 גרם),קבוצת אסם סחר שות. מוגבלת,,,יח`,190,גרם,false,1,12.20,6.42,true,1,
7290000078762,false,פריכונים בדבש מאורז מלא אסם (80 גרם),קבוצת אסם סחר שות. מוגבלת,,,יח`,80,גרם,false,1,9.10,11.38,true,1,
7290000079233,false,קרם קרקר דל נתרן אסם (250 גרם),קבוצת אסם סחר שות. מוגבלת,,,יח`,250,גרם,false,1,12.20,4.88,true,1,
7290000080758,false,פת קלויה טוסטעים אסם (100 גרם),קבוצת אסם סחר שות. מוגבלת,,,יח`,100,גרם,false,1,11.20,11.20,false,1,
7290000080765,false,פת קלויה טוסטעים עם שומשום אסם (100 גרם),קבוצת אסם סחר שות. מוגבלת,,,יח`,100,גרם,false,1,11.20,11.20,false,1,
7290000081663,false,בייגלה טבעות עם שומשום אסם (300 גרם),קבוצת אסם סחר שות. מוגבלת,,,יח`,300,גרם,false,1,10.10,3.37,true,1,
7290000100128,false,פירות קפואים תות 300 גר`סנפרוסט,תנובה קפואים,,,יח`,300,גרם,false,1,17.30,5.77,true,1,
7290000100296,false,שייק תות בננה300 גר`SMOOTHIE,תנובה קפואים,,,יח`,300,גרם,false,1,17.30,5.77,true,1,
7290000101934,false,מיקס פירות יער מוקפאים 300 גר סנפרוסט,תנובה קפואים,,,יח`,300,גרם,false,1,16.90,5.63,true,1,
7290000101941,false,אננס חתוך מוקפא סנפרוסט (300 גרם),תנובה קפואים,,,יח`,300,גרם,false,1,16.90,5.63,true,1,
7290000101958,false,מנגו חתוך מוקפא סנפרוסט (300 גרם),תנובה קפואים,,,יח`,300,גרם,false,1,16.90,5.63,true,1,
7290000103846,false,מרק אפונה עשיר בירקות סנפרוסט (572 גרם),תנובה קפואים,,,יח`,572,גרם,false,1,19.40,3.39,true,1,
7290000103860,false,מרק עדשים עשיר בירקות סנפרוסט (572 גרם),תנובה קפואים,,,יח`,572,גרם,false,1,19.40,3.39,true,1,
7290000104072,false,עדשים ירוקות מבושלות סנפרוסט (800 גרם),תנובה קפואים,,,יח`,800,גרם,false,1,22.40,2.80,true,1,
7290000104218,false,במיה 600 גר`סנפרוסט,תנובה קפואים,,,יח`,600,גרם,false,1,19.30,3.22,true,1,
7290000104676,false,אפונה 800 גר`סנפרוסט,תנובה קפואים,,,יח`,800,גרם,false,1,17.30,2.16,true,1,
7290000104690,false,גרעיני תירס מוקפאים סנפרוסט (800 גרם),תנובה קפואים,,,יח`,800,גרם,false,1,18.90,2.36,true,1,
7290000104706,false,גזר גמדי מוקפא סנפרוסט (800 גרם),תנובה קפואים,,,יח`,800,גרם,false,1,20.30,2.54,true,1,
7290000104720,false,שעועית ירוקה חתוכה סנפרוסט (800 גרם),תנובה קפואים,,,יח`,800,גרם,false,1,21.40,2.68,true,1,
7290000104744,false,כרובית מוקפאת סנפרוסט (800 גרם),תנובה קפואים,,,יח`,800,גרם,false,1,27.60,3.45,true,1,
7290000104775,false,מדליוני תרד סנפרוסט (800 גרם),תנובה קפואים,,,יח`,800,גרם,false,1,28.60,3.58,true,1,
7290000104799,false,שעועית לבנה מבושלת סנפרוסט (800 גרם),תנובה קפואים,,,יח`,800,גרם,false,1,21.40,2.68,true,1,
7290000104805,false,גרגרי חומוס מבושלים סנפרוסט (800 גרם),תנובה קפואים,,,יח`,800,גרם,false,1,21.40,2.68,true,1,
7290000107295,false,ברוקולי סנפרוסט (800 גרם),תנובה קפואים,,,יח`,800,גרם,false,1,27.50,3.44,true,1,
7290000110844,false,כיפלי 70 גר`גריל,יוניליוור ישראל שיווק בעמ,,,יח`,70,גרם,false,1,6.10,8.71,true,1,
7290000111117,false,מרכך כביסה לבן בדין (4 ליטר),יוניליוור ישראל שיווק בעמ,,,יח`,4,1 ליטר,false,1,19.90,4.98,false,1,
7290000111186,false,מיונז אמיתי תלמה (500 גרם),יוניליוור ישראל שיווק בעמ,,,יח`,500,גרם,false,1,10.90,2.18,true,1,
7290000111353,false,מיונז אמיתי תלמה (1 קג),יוניליוור ישראל שיווק בעמ,,,יח`,1,"ק""ג",false,1,17.90,17.90,false,1,
7290000111360,false,חרדל אמיתי תלמה (250 גרם),יוניליוור ישראל שיווק בעמ,,,יח`,250,גרם,false,1,7.40,2.96,false,1,
7290000112220,false,בארכה טחינה 100% שומשום,קבוצת אסם סחר שות. מוגבלת,,,יח`,500,גרם,false,1,14.90,2.98,true,1,
7290000112497,false,מרק עשיר עוף עם אטריות קנור (68 גרם),יוניליוור ישראל שיווק בעמ,,,יח`,75,גרם,false,1,10.90,14.53,true,1,
7290000112619,false,מרק עוף אמיתי בשרי קנור (400 גרם),יוניליוור ישראל שיווק בעמ,,,יח`,400,גרם,false,1,26.50,6.63,true,1,
7290000116884,false,רוטב ברביקיו קנור (300 מל),יוניליוור ישראל שיווק בעמ,,,יח`,300,"מ""ל",false,1,13.90,4.63,true,1,
7290000117171,false,נמס בכוס מרק עוף דל קל,יוניליוור ישראל שיווק בעמ,,,יח`,46,גרם,false,1,7.50,16.30,false,1,
7290000117720,false,מרק נמס בכוס פטריות קנור (21.5x2 גרם),יוניליוור ישראל שיווק בעמ,,,יח`,43,גרם,false,1,7.60,17.67,true,1,
7290000120874,false,מיונז לייט הלמנס (424 גרם),יוניליוור ישראל שיווק בעמ,,,יח`,476,גרם,false,1,14.20,2.98,true,1,
7290000122830,false,רוטב סצ`ואן קנור (300 מל),יוניליוור ישראל שיווק בעמ,,,יח`,300,"מ""ל",false,1,13.90,4.63,true,1,
7290000129457,false,רוטב פטריות קנור (28 גרם),יוניליוור ישראל שיווק בעמ,,,יח`,28,גרם,false,1,5.40,19.29,true,1,
7290000134147,false,מוסקט טחון 40 גר`,תבליני טעם וריח בעמ,,,יח`,40,גרם,false,1,13.90,34.75,false,1,
7290000134307,false,קינמון טחון 50 גר`,תבליני טעם וריח בעמ,,,יח`,50,גרם,false,1,6.90,13.80,false,1,
7290000134314,false,תיבול לפיצה 120 גר`,תבליני טעם וריח בעמ,,,יח`,120,גרם,false,1,9.90,8.25,true,1,
7290000134338,false,שום אבקה 90 גר`,תבליני טעם וריח בעמ,,,יח`,90,גרם,false,1,9.90,11,true,1,
7290000134376,false,פפריקה בשמן 90 גר`,תבליני טעם וריח בעמ,,,יח`,90,גרם,false,1,9.90,11,true,1,
7290000134833,false,כמון טחון 100 גר`,תבליני טעם וריח בעמ,,,יח`,100,גרם,false,1,9.90,9.90,true,1,
7290000134840,false,כורכום טחון 100 גר`,תבליני טעם וריח בעמ,,,יח`,100,גרם,false,1,9.90,9.90,true,1,
7290000134857,false,פפריקה מתוקה 100 גר`,תבליני טעם וריח בעמ,,,יח`,100,גרם,false,1,9.90,9.90,true,1,
7290000134864,false,פפריקה חריפה 100 גר`,תבליני טעם וריח בעמ,,,יח`,100,גרם,false,1,9.90,9.90,true,1,
7290000134871,false,פלפל שחור טחון 100 גר`,תבליני טעם וריח בעמ,,,יח`,100,גרם,false,1,12.90,12.90,true,1,
7290000134987,false,פלפל שחור גרוס 90 גר`,תבליני טעם וריח בעמ,,,יח`,90,גרם,false,1,12.90,14.33,true,1,
7290000134994,false,טימין 20 גר`,תבליני טעם וריח בעמ,,,יח`,20,גרם,false,1,6.90,34.50,false,1,
7290000135724,false,פפסי מקס דובדבן בקבוק 500מל,טמפו משקאות בעמ,,,יח`,500,"מ""ל",false,1,4,0.74,false,1,
7290000136141,false,פפסי 1.5 ליטר,טמפו משקאות בעמ,,,יח`,1.50,1 ליטר,false,1,9.90,6.40,true,1,
7290000136158,false,פפסי מקס 1.5 ליטר,טמפו משקאות בעמ,,,יח`,1.50,1 ליטר,false,1,8.90,5.73,true,1,
7290000136189,false,סבן אפ דיאט 1.5 ליטר,טמפו משקאות בעמ,,,יח`,1.50,1 ליטר,false,1,8.50,5.47,true,1,
7290000136455,false,ג`אמפ בטעם אשכוליות 1.5 ליטר,טמפו משקאות בעמ,,,יח`,1.50,1 ליטר,false,1,7.50,4.80,true,1,
7290000136585,false,ג`אמפ בטעם תפוזים 1.5 ליטר,טמפו משקאות בעמ,,,יח`,1.50,1 ליטר,false,1,7.50,4.80,true,1,
7290000136646,false,בירה שחורה נשר מאלט (1.5 ליטר),טמפו משקאות בעמ,,,יח`,1.50,1 ליטר,false,1,9.90,6.40,true,1,
7290000136813,false,סודה בטעם אננס 1.5 ליטר רביעייה טמפו,טמפו משקאות בעמ,,,יח`,6,1 ליטר,false,1,12.90,1.95,false,1,
7290000136820,false,סודה בטעם פירות יער 1.5 ליטר רביעייה טמפ,טמפו משקאות בעמ,,,יח`,6,1 ליטר,false,1,12.90,1.95,false,1,
7290000136837,false,סודה נגיעות אפרסק 1.5 ליטר רביעייה טמפו,טמפו משקאות בעמ,,,יח`,6,1 ליטר,false,1,12.90,1.95,false,1,
7290000136844,false,אקווה נובה 2 ליטר שישיה,טמפו משקאות בעמ,,,יח`,12,1 ליטר,false,1,13.90,1.01,false,1,
7290000137513,false,קרמיסימו גלידונית 60 יח`,גלידות שטראוס בעמ,,,יח`,700,גרם,false,1,52,7.43,false,1,
7290000144467,false,שמן חמניות מזוכך עץ הזית (1 ליטר),סוגת תעשיות בעמ,,,יח`,1,1 ליטר,false,1,17.90,17.90,true,1,
7290000144474,false,שמן קנולה מזוכך עץ הזית (1 ליטר),סוגת תעשיות בעמ,,,יח`,1,1 ליטר,false,1,16.90,16.90,true,1,
7290000146676,false,הוואי סבון מוצק לגבר 100 גר`רביעייה,הנקל סוד בעמ,,,יח`,400,גרם,false,1,12.90,3.23,false,1,
7290000146683,false,הוואי סבון מוצק 100 גר`רביעייה,הנקל סוד בעמ,,,יח`,400,גרם,false,1,12.90,3.23,false,1,
7290000148380,false,פיסטוקים קלויים קליית גת (200 גרם),ליימן שליסל בעמ,,,יח`,200,גרם,false,1,19.90,9.95,true,1,
7290000148748,false,גרעיני חמניה 200 גר`,ליימן שליסל בעמ,,,יח`,200,גרם,false,1,6.90,3.45,true,1,
7290000149615,false,סבון מוצק לתינוק נקה (100x47 גרם),החברה הדרומית לשיווק בעמ,,,יח`,400,גרם,false,1,11.90,2.98,true,1,
7290000168173,false,ברנפלקס קרנצ`ים 375 גר`בדצ,יוניליוור ישראל שיווק בעמ,,,יח`,375,גרם,false,1,24.40,6.51,true,1,
7290000168630,false,קליק שקיות דג דג שוקלד חלבי דצ,יוניליוור ישראל שיווק בעמ,,,יח`,75,גרם,false,1,6.90,9.20,true,1,
7290000169538,false,נמס בכוס עגבניות וקרוטונים,יוניליוור ישראל שיווק בעמ,,,יח`,17,גרם,false,1,7.60,44.71,true,1,
7290000174723,false,שוקולית אבקת שוקו עלית (500 גרם),שטראוס גרופ בעמ,,,יח`,500,גרם,false,1,13.20,2.64,false,1,
7290000176079,false,קפה טורקי עם הל עלית (100 גרם),שטראוס גרופ בעמ,,,יח`,100,גרם,false,1,10.90,10.90,false,1,
7290000176413,false,נס קפה קטן פח,שטראוס גרופ בעמ,,,יח`,50,גרם,false,1,10.50,21,false,1,
7290000176420,false,קפה נמס עלית (200 גרם),שטראוס גרופ בעמ,,,יח`,200,גרם,false,1,19.90,9.95,false,1,
7290000178707,false,חטיף צ`יפס בטעם טבעי תפוצ`יפס (50 גרם),שטראוס פריטו ליי בעמ,,,יח`,50,גרם,false,1,4,8,false,1,
7290000178721,false,חטיף צ`יפס בטעם טבעי תפוצ`יפס (200 גרם),שטראוס פריטו ליי בעמ,,,יח`,200,גרם,false,1,11.50,5.75,true,1,
7290000185590,false,סילאן טבעי בקבוק לחיץ 635 גר`,תה ויסוצקי (ישראל) בעמ,,,יח`,635,גרם,false,1,20.90,3.29,false,1,
7290000186535,false,נייר טואלט טריו לבן לילי) (32,קימברלי קלארק ישראל שיווק בעמ,,,יח`,1,,false,1,45.90,45.90,true,1,
7290000187952,false,נייר טואלט טריו לילי) (32,קימברלי קלארק ישראל שיווק בעמ,,,יח`,1,,false,1,45.90,45.90,true,1,
7290000188355,false,מגבת נייר ניקול) (6,קימברלי קלארק ישראל שיווק בעמ,,,יח`,1,,false,1,13.50,13.50,false,1,
7290000188553,false,מגן תחתון נורמל ביג קוטקס) (60,קימברלי קלארק ישראל שיווק בעמ,,,יח`,1,יח`,false,1,16.90,16.90,false,1,
7290000188591,false,מגן תחתון יאנג קוטקס) (60,קימברלי קלארק ישראל שיווק בעמ,,,יח`,1,יח`,false,1,16.90,16.90,false,1,
7290000189192,false,מגבת רב שימושית ניקול,קימברלי קלארק ישראל שיווק בעמ,,,יח`,1,יח`,false,1,20.90,20.90,false,1,
7290000189550,false,זוג אשפתון 90x78 ניקול) (10x2,קימברלי קלארק ישראל שיווק בעמ,,,יח`,1,יח`,false,1,25.90,25.90,false,1,
7290000189598,false,מטליות לחות לניקוי כללי ניקול) (50,קימברלי קלארק ישראל שיווק בעמ,,,יח`,1,יח`,false,1,13.90,13.90,true,1,
7290000189659,false,מטליות לחות לניקוי רצפה ניקול) (10,קימברלי קלארק ישראל שיווק בעמ,,,יח`,1,יח`,false,1,15.90,15.90,true,1,
7290000190150,false,מפיות אירוח לילי סטייל ניקול) (20,קימברלי קלארק ישראל שיווק בעמ,,,יח`,102,גרם,false,1,10.90,10.69,false,1,
7290000190198,false,מטליות לניקוי וחיטוי ניקול,קימברלי קלארק ישראל שיווק בעמ,,,יח`,1,,false,1,12.90,12.90,true,1,
7290000190853,false,נייר טואלט 30 גלילים לילי לבן,קימברלי קלארק ישראל שיווק בעמ,,,יח`,2300,גרם,false,1,40.90,1.78,false,1,
7290000193014,false,מגן תחתון לילי) (50,קימברלי קלארק ישראל שיווק בעמ,,,יח`,1,,false,1,12.20,12.20,false,1,
7290000193205,false,תח`לילי נטורל לילה,קימברלי קלארק ישראל שיווק בעמ,,,יח`,1,יח`,false,1,16.90,16.90,false,1,
7290000193649,false,תחבושות נורמל עם כנפיים לילי) (24,קימברלי קלארק ישראל שיווק בעמ,,,יח`,1,יח`,false,1,16.90,16.90,false,1,
7290000193656,false,תחבושות נטורל סופר עם כנפיים לילי) (24,קימברלי קלארק ישראל שיווק בעמ,,,יח`,1,יח`,false,1,16.90,16.90,false,1,
7290000195216,false,ניקול נייר אפייה 50 דף בשקית,קימברלי קלארק ישראל שיווק בעמ,,,יח`,1,,false,1,10.90,10.90,false,1,
7290000195537,false,מגבוני האגיס דיילי קר ללא בישום 4*64,קימברלי קלארק ישראל שיווק בעמ,,,יח`,1,,false,1,21.90,21.90,true,1,
7290000195773,false,מגבוני האגיס סנסיטיב קייר ללא בישום 4*64,קימברלי קלארק ישראל שיווק בעמ,,,יח`,1,,false,1,21.90,21.90,true,1,
7290000196039,false,מפת שולחן 110*180 סמ ניקול) (2,קימברלי קלארק ישראל שיווק בעמ,,,יח`,250,גרם,false,1,13.90,5.56,false,1,
7290000197012,false,שקית ריצ`רץ`למזון ניקול) (15,קימברלי קלארק ישראל שיווק בעמ,,,יח`,15,יח`,false,1,15.90,1.06,false,1,
7290000197029,false,שקיות ריצ`רץ`רב תכליתיות ניקול) (12,קימברלי קלארק ישראל שיווק בעמ,,,יח`,12,יח`,false,1,15.90,1.33,false,1,
7290000197340,false,ניקול-רדיד אלומיניום זוג 45,קימברלי קלארק ישראל שיווק בעמ,,,יח`,1,יח`,false,1,21.90,21.90,true,1,
7290000197470,false,שקיות רב שימושיות ניקול) (250,קימברלי קלארק ישראל שיווק בעמ,,,יח`,200,יח`,false,1,15.90,0.08,false,1,
7290000197548,false,חיתולי פרידום דריי שלב 5 האגיס) (36,קימברלי קלארק ישראל שיווק בעמ,,,יח`,1,,false,1,43.90,43.90,true,1,
7290000197678,false,חיתולי פרידום דריי שלב 6 האגיס) (30,קימברלי קלארק ישראל שיווק בעמ,,,יח`,1,,false,1,43.90,43.90,true,1,
7290000197951,false,ניקול תבנית אלומניום ענקיות,קימברלי קלארק ישראל שיווק בעמ,,,יח`,1,,false,1,11.90,11.90,false,1,
7290000197982,false,ניקול-רדיד עבה 7.5*45,קימברלי קלארק ישראל שיווק בעמ,,,יח`,2,יח`,false,1,26.90,13.45,true,1,
7290000201870,false,חיתולי פרימיום שלב 6 טיטולים) (30,קימברלי קלארק ישראל שיווק בעמ,,,יח`,1,,false,1,40.70,40.70,true,1,
7290000204086,false,כריות קרצוף סקוטש ניקול) (3,קימברלי קלארק ישראל שיווק בעמ,,,יח`,3,יח`,false,1,13.90,4.63,true,1,
7290000204147,false,כרית יפנית רביעייה ניקול,קימברלי קלארק ישראל שיווק בעמ,,,יח`,4,יח`,false,1,13.90,3.48,true,1,
7290000204215,false,כריות יפניות ניקול) (6,קימברלי קלארק ישראל שיווק בעמ,,,יח`,600,גרם,false,1,13.90,2.32,true,1,
7290000204239,false,ניקול מטליות רצפה רביעיה,קימברלי קלארק ישראל שיווק בעמ,,,יח`,4,יח`,false,1,14.90,3.73,true,1,
7290000204253,false,מטליות רב שימושיות לניקיון ניקול) (9,קימברלי קלארק ישראל שיווק בעמ,,,יח`,9,יח`,false,1,13.90,1.54,true,1,
7290000204512,false,מטליות לחות לרצפה בריח לימון 10 יח,קימברלי קלארק ישראל שיווק בעמ,,,יח`,1,,false,1,15.90,15.90,true,1,
7290000207063,false,רוטב עגבניות 240 גר`פריכוז יכין,זנלכל בעמ,,,יח`,240,גרם,false,1,5.90,2.46,false,1,
7290000207438,false,עגבניות מקולפות חתוכות לקוביות,זנלכל בעמ,,,יח`,800,גרם,false,1,10.90,1.36,false,1,
7290000208022,false,עגבניות מרוסקות יכין (800 גרם),זנלכל בעמ,,,יח`,800,גרם,false,1,10.90,1.36,false,1,
7290000208053,false,רסק עגב 28%,זנלכל בעמ,,,יח`,580,גרם,false,1,7.10,1.22,false,1,
7290000208077,false,אפונת גינה גדולה יכין (550 גרם),זנלכל בעמ,,,יח`,550,גרם,false,1,9.50,1.73,true,1,
7290000208213,false,שעועית לבנה ברוטב עגבניות יכין (580 גרם),זנלכל בעמ,,,יח`,580,גרם,false,1,10.50,1.81,true,1,
7290000208220,false,שעועית צ`ילי מקסיקני חריף יכין (550 גרם),זנלכל בעמ,,,יח`,580,גרם,false,1,11.50,1.98,false,1,
7290000208251,false,שעועית ירוקה חתוכה יכין (550 גרם),זנלכל בעמ,,,יח`,550,גרם,false,1,10.90,1.98,false,1,
7290000208312,false,גרעיני תירס מתוק יכין,זנלכל בעמ,,,יח`,400,גרם,false,1,7.50,1.88,true,1,
7290000208329,false,גרעיני תירס מתוק יכין (550 גרם),זנלכל בעמ,,,יח`,550,גרם,false,1,9.50,1.73,true,1,
7290000208336,false,רוטב עגבניות 22% יכין (240 גרם),זנלכל בעמ,,,יח`,240,גרם,false,1,5.50,2.29,true,1,
7290000208404,false,פול מצרי יכין (550 גרם),זנלכל בעמ,,,יח`,550,גרם,false,1,10.50,1.91,false,1,
7290000208428,false,חומוס שלם יכין (550 גרם),זנלכל בעמ,,,יח`,550,גרם,false,1,10.50,1.91,true,1,
7290000208855,false,רוטב לפסטה קלאסי יכין (240 גרם),זנלכל בעמ,,,יח`,240,גרם,false,1,6.50,2.71,false,1,
7290000208947,false,עגבניות מרוסקות יכין (240 גרם),זנלכל בעמ,,,יח`,240,גרם,false,1,6.50,2.71,false,1,
7290000209388,false,תירס לייט שלשות OZ6,זנלכל בעמ,,,יח`,165,גרם,false,1,15.90,9.64,false,1,
7290000209708,false,עגבניות מרוסקות בזיליקום 240 גר`יכין,זנלכל בעמ,,,יח`,240,גרם,false,1,6.50,2.71,false,1,
7290000209722,false,רוטב עגבניות 28% יכין (580 גרם)פריכוז,זנלכל בעמ,,,יח`,580,גרם,false,1,11.90,2.05,false,1,
7290000210469,false,עגבניות שלמות מקולפות יכין (800 גרם),זנלכל בעמ,,,יח`,800,גרם,false,1,10.90,1.36,false,1,
7290000210896,false,רוטב בולונז יכין (240 גרם),זנלכל בעמ,,,יח`,240,גרם,false,1,6.90,2.88,false,1,
7290000211169,false,אורז בסגנון תאילנדי סוגת (1 קג),סוגת תעשיות בעמ,,,יח`,1,"ק""ג",false,1,7.90,7.90,true,1,
7290000211442,false,אורז בסגנון פרסי קלאסי סוגת (1 קג),סוגת תעשיות בעמ,,,יח`,1,"ק""ג",false,1,10.90,10.90,false,1,
7290000211503,false,סוכר לבן סוגת (1 קג),סוגת תעשיות בעמ,,,יח`,1,"ק""ג",false,1,4,4,false,1,
7290000211985,false,אורז ריזוטו עגול סוגת (1 קג),סוגת תעשיות בעמ,,,יח`,1,"ק""ג",false,1,11.50,11.50,false,1,
7290000238029,false,בצק עלים מרודד מעדנות (1 קג),תנובה קפואים,,,יח`,1000,גרם,false,1,24.40,2.44,false,1,
7290000238036,false,מלווח מעדנות (6 יח`- 700 גרם),תנובה קפואים,,,יח`,700,גרם,false,1,18.30,2.61,false,1,
7290000244051,false,הוואי סבון נוזלי 1/3 משב טרופי.,הנקל סוד בעמ,,,יח`,1.50,1 ליטר,false,1,15.90,10.60,true,1,
7290000245270,false,אבקת כביסה פרסיל 1.250 קג`,גורי שיווק בעמ,,,יח`,1.25,"ק""ג",false,1,16.30,13.04,false,1,
7290000253251,false,אופניימר שוקו ציפס לבן 250 גר,תה ויסוצקי (ישראל) בעמ,,,יח`,250,גרם,false,1,12.90,5.16,false,1,
7290000272696,false,מיץ לימון משומר עסיס (1 ליטר),קבוצת אסם סחר שות. מוגבלת,,,יח`,1,1 ליטר,false,1,10.10,10.10,false,1,
7290000272726,false,חומץ 5% עסיס (1 ליטר),קבוצת אסם סחר שות. מוגבלת,,,יח`,1,1 ליטר,false,1,8.40,8.40,false,1,
7290000284354,false,ספרייט 1.5 ליטר,החברה המרכזית להפצת משקאות בעמ,,,יח`,1.50,1 ליטר,false,1,7.10,4.73,false,1,
7290000284392,false,ספרייט דיאט 1.5 ליטר,החברה המרכזית להפצת משקאות בעמ,,,יח`,1.50,1 ליטר,false,1,7.10,4.73,false,1,
7290000286228,false,כרית יפנית סנו סושי) (6,החברה הדרומית לשיווק בעמ,,,יח`,6,יח`,false,1,12.90,2.15,true,1,
7290000286549,false,מטלית לכל סנו סושי) (9,החברה הדרומית לשיווק בעמ,,,יח`,9,יח`,false,1,12.90,1.43,true,1,
7290000286761,false,ניילון נצמד סנו סושי (30x2 מטר),החברה הדרומית לשיווק בעמ,,,יח`,1,,false,1,12.90,12.90,true,1,
7290000287430,false,סנובון לאסלה לימון סנו (55x3 גרם),החברה הדרומית לשיווק בעמ,,,יח`,165,גרם,false,1,12.90,7.82,true,1,
7290000287492,false,סנובון נוזלי 750 מל,החברה הדרומית לשיווק בעמ,,,יח`,750,"מ""ל",false,1,11.90,1.59,true,1,
7290000287621,false,אנטי קאלק לאסלה 750 מל,החברה הדרומית לשיווק בעמ,,,יח`,750,"מ""ל",false,1,12.90,1.72,true,1,
7290000288017,false,אקונומיקה ז`אוול לימון סנו (1 ליטר),החברה הדרומית לשיווק בעמ,,,יח`,1,1 ליטר,false,1,9.90,9.90,false,1,
7290000288024,false,אקונומיקה ז`אוול לימון סנו (4 ליטר),החברה הדרומית לשיווק בעמ,,,יח`,4000,"מ""ל",false,1,17.90,0.45,false,1,
7290000288048,false,ז`אוול מרסס לניקוי כללי לבנדר סנו (1 ליט,החברה הדרומית לשיווק בעמ,,,יח`,1,1 ליטר,false,1,19.90,19.90,true,1,
7290000288079,false,לימון 2 ליטר JAVEL אקונומיקה,החברה הדרומית לשיווק בעמ,,,יח`,2,1 ליטר,false,1,10.90,5.45,true,1,
7290000288253,false,קוטל מעופפים קיי 400 סנו (630 מל),החברה הדרומית לשיווק בעמ,,,יח`,630,"מ""ל",false,1,25.90,4.11,true,1,
7290000288642,false,סנו מקסימה4 ליטר ורוד פסים,החברה הדרומית לשיווק בעמ,,,יח`,4,1 ליטר,false,1,22.40,5.60,true,1,
7290000288727,false,סנו מקסימה 1.25 קג`,החברה הדרומית לשיווק בעמ,,,יח`,1.25,"ק""ג",false,1,14.90,11.92,true,1,
7290000289069,false,סנו ז`אוול מרסס 1 ליטר,החברה הדרומית לשיווק בעמ,,,יח`,1,1 ליטר,false,1,19.90,19.90,true,1,
7290000289380,false,ז`אוול מונטבלאן ג`ל לאסלות סנו (750 מל),החברה הדרומית לשיווק בעמ,,,יח`,750,"מ""ל",false,1,11.90,1.59,false,1,
7290000289472,false,סושי שקיות אשפה גדולות 50 יח`,החברה הדרומית לשיווק בעמ,,,יח`,1,,false,1,18.90,18.90,false,1,
7290000289748,false,מסיר שומנים פורטה פלוס סנו (750 מל),החברה הדרומית לשיווק בעמ,,,יח`,750,"מ""ל",false,1,14.90,1.99,true,1,
7290000291963,false,אקונומיקה ז`אוול סמיכה סנו (1 ליטר),החברה הדרומית לשיווק בעמ,,,יח`,1,1 ליטר,false,1,9.90,9.90,false,1,
7290000292311,false,פוליויקס 2 ליטר,החברה הדרומית לשיווק בעמ,,,יח`,2,1 ליטר,false,1,21.90,10.95,true,1,
7290000292687,false,סנובון לאסלה קלאסיק כחול סנו (55x3 גרם),החברה הדרומית לשיווק בעמ,,,יח`,165,גרם,false,1,18.90,11.45,true,1,
7290000293943,false,אנטי קלאק מרסס ברזים/כיורים,החברה הדרומית לשיווק בעמ,,,יח`,1,1 ליטר,false,1,20.90,20.90,true,1,
7290000294780,false,אקונומיקה ז`אוול סמיכה סנו (4 ליטר),החברה הדרומית לשיווק בעמ,,,יח`,4000,"מ""ל",false,1,17.90,0.45,false,1,
7290000295121,false,מטלית ריצפה זיגזג סנו סושי) (3,החברה הדרומית לשיווק בעמ,,,יח`,1,,false,1,10.90,10.90,true,1,
7290000295299,false,כרית יפנית לכלים אקטיב סנו סושי) (4,החברה הדרומית לשיווק בעמ,,,יח`,1,,false,1,10.90,10.90,true,1,
7290000295336,false,סנו מקסימה 1.25 קג`,החברה הדרומית לשיווק בעמ,,,יח`,1.25,"ק""ג",false,1,14.90,11.92,true,1,
7290000295367,false,א.כביסה סנו מקסימה 2.5 קג`,החברה הדרומית לשיווק בעמ,,,יח`,2.50,"ק""ג",false,1,25.90,10.36,true,1,
7290000295404,false,שקיות אשפה לפח 65x54 סנו סושי) (60,החברה הדרומית לשיווק בעמ,,,יח`,1,,false,1,23.90,23.90,true,1,
7290000295541,false,רב מגבת ג`מבו סנו סושי,החברה הדרומית לשיווק בעמ,,,יח`,390,גרם,false,1,20.90,5.36,true,1,
7290000295558,false,סושי רדיד אלומיניום צמד,החברה הדרומית לשיווק בעמ,,,יח`,1,,false,1,12.90,12.90,true,1,
7290000295565,false,סנו סושי- רדיד אלומיניום צמד 7.5*45,החברה הדרומית לשיווק בעמ,,,יח`,1,,false,1,18.90,18.90,true,1,
7290000295794,false,ספוגיות אל חלד סנו) (3,החברה הדרומית לשיווק בעמ,,,יח`,1,,false,1,10.90,10.90,true,1,
7290000300900,false,טבעול-שניצל תירס 750 גרם,קבוצת אסם סחר שות. מוגבלת,,,יח`,750,גרם,false,1,25.40,3.39,false,1,
7290000305882,false,קוליאס 120גרם,סטארקיסט דיפלומט היינץ,,,יח`,120,גרם,false,1,7.10,5.92,false,1,
7290000307343,false,שעועית ירוקה 550גר,ויטה -פרי גליל (החדשה) בעמ,,,יח`,550,גרם,false,1,6.90,1.25,false,1,
7290000311203,false,וופל שוקולד מן (200 גרם),רוקחמן בעמ,,,יח`,200,גרם,false,1,5.50,2.75,false,1,
7290000311210,false,וופלים לימון מן (200 גרם),רוקחמן בעמ,,,יח`,200,גרם,false,1,5.50,2.75,false,1,
7290000311227,false,וופלים 200 גר`קפה מן,רוקחמן בעמ,,,יח`,200,גרם,false,1,5.50,2.75,false,1,
7290000311319,false,וופלים מצופים מן (1 קג),רוקחמן בעמ,,,יח`,1,"ק""ג",false,1,26.90,26.90,false,1,
7290000311500,false,וופל שוקולד מן (500 גרם),רוקחמן בעמ,,,יח`,500,גרם,false,1,10.90,2.18,false,1,
7290000311517,false,וופלים 500 גר לימון מן,רוקחמן בעמ,,,יח`,500,גרם,false,1,10.90,2.18,false,1,
7290000311715,false,עוגיות כוכבים בטעם שוקולד מן (300 גרם),רוקחמן בעמ,,,יח`,300,גרם,false,1,8.90,2.97,true,1,
7290000311722,false,עוגיות בטעם וניל 300 גר` מן,רוקחמן בעמ,,,יח`,300,גרם,false,1,8.90,2.97,true,1,
7290000311753,false,עוגיות חיטה מלאה בטעם חלווה 250 גרם,רוקחמן בעמ,,,יח`,250,גרם,false,1,8.90,3.56,true,1,
7290000313160,false,חברים זהבה 3 דובים שוקו,קבוצת אסם סחר שות. מוגבלת,,,יח`,250,גרם,false,1,8.90,3.56,false,1,
7290000315140,false,קורנפלקס מלא בדצ 500 גר`,יוניליוור ישראל שיווק בעמ,,,יח`,500,גרם,false,1,16.30,3.26,true,1,
7290000318127,false,נקניקיות ביס יחיעם (380 גרם),מעדני יחיעם (1993) בעמ,,,יח`,380,גרם,false,1,11.20,2.95,false,1,
7290000318677,false,סלמי סרוולט יחיעם 150 גר`,מעדני יחיעם (1993) בעמ,,,יח`,150,גרם,false,1,25.40,16.93,false,1,
7290000318806,false,נקניק סרוולד יחיעם,מעדני יחיעם (1993) בעמ,,,"ק""ג",1000,גרם,true,1,152,15.20,false,1,
7290000319131,false,נקניקיות עוף 400 גר` יחיעם,מעדני יחיעם (1993) בעמ,,,יח`,400,גרם,false,1,11.90,2.98,true,1,
7290000319803,false,קבנוס קלאסי יחיעם (125 גרם),מעדני יחיעם (1993) בעמ,,,יח`,125,גרם,false,1,14.20,11.36,false,1,
7290000339191,false,רן אבקת הלבנה,יוניליוור ישראל שיווק בעמ,,,יח`,350,גרם,false,1,19.90,5.69,true,1,
7290000342856,false,מרכך כביסה כחול בדין (4 ליטר),יוניליוור ישראל שיווק בעמ,,,יח`,4,1 ליטר,false,1,19.90,4.98,false,1,
7290000345260,false,תה קלאסיק ויסוצקי) (25,תה ויסוצקי (ישראל) בעמ,,,יח`,37.50,גרם,false,1,8,21.33,false,1,
7290000345284,false,תה קלאסיק ויסוצקי) (100,תה ויסוצקי (ישראל) בעמ,,,יח`,150,גרם,false,1,17.30,11.53,false,1,
7290000345291,false,תה ארל גריי ויסוצקי) (25,תה ויסוצקי (ישראל) בעמ,,,יח`,37.50,גרם,false,1,17.30,46.13,true,1,
7290000346120,false,תה קסם הקינמון ויסוצקי הגן הקסום) (25,תה ויסוצקי (ישראל) בעמ,,,יח`,62.50,גרם,false,1,17.90,28.64,true,1,
7290000346137,false,תה הילולי פירות ויסוצקי הגן הקסום) (25,תה ויסוצקי (ישראל) בעמ,,,יח`,62.50,גרם,false,1,17.90,28.64,true,1,
7290000346199,false,תה פירות היער ויסוצקי הגן הקסום) (25,תה ויסוצקי (ישראל) בעמ,,,יח`,67.50,גרם,false,1,17.90,26.52,true,1,
7290000346205,false,תה קמומיל ויסוצקי הגן הקסום) (25,תה ויסוצקי (ישראל) בעמ,,,יח`,37.50,גרם,false,1,17.90,47.73,true,1,
7290000347738,false,תה ירוק נענע ויסוצקי) (25,תה ויסוצקי (ישראל) בעמ,,,יח`,37.50,גרם,false,1,27.90,74.40,true,1,
7290000347752,false,תה ירוק לימונית ולואיזה ויסוצקי) (25,תה ויסוצקי (ישראל) בעמ,,,יח`,1,,false,1,27.90,27.90,true,1,
7290000364261,false,סלסולי כתף בקר 120 גר`טירת צבי,תנובה קפואים,,,יח`,120,גרם,false,1,17.30,14.42,true,1,
7290000364278,false,סלסולי סלמי איטלקי 120 גר`טירת צבי,תנובה קפואים,,,יח`,120,גרם,false,1,17.30,14.42,true,1,
7290000364872,false,נקניקיות עוף טירת צבי (400 גרם),תנובה קפואים,,,יח`,400,גרם,false,1,15.20,3.80,true,1,
7290000365107,false,כתף בקר מפולפל טירת צבי,תנובה קפואים,,,"ק""ג",1000,גרם,true,1,90,9,false,1,
7290000377452,false,גרעיני אבטיח 200 גר`גת,ליימן שליסל בעמ,,,יח`,200,גרם,false,1,11.90,5.95,false,1,
7290000408316,false,יוגורט ביו 3% דנונה (200 גרם),שטראוס גרופ בעמ/מצונן,,,יח`,200,"מ""ל",false,1,3.70,1.85,false,1,
7290000408354,false,דנונה בר פיצפוצים,שטראוס גרופ בעמ/מצונן,,,יח`,173,"מ""ל",false,1,4.50,2.60,false,1,
7290000416021,false,ממרח בטעם שוקולד השחר העולה (500 גרם),השחר העולה תעשית ממתקים בעמ,,,יח`,500,גרם,false,1,14.90,2.98,true,1,
7290000416045,false,ממרח בטעם שוקולד השחר העולה (1 קג),השחר העולה תעשית ממתקים בעמ,,,יח`,1,"ק""ג",false,1,25.90,25.90,true,1,
7290000416076,false,צימקאו השחר העולה (400 גרם),השחר העולה תעשית ממתקים בעמ,,,יח`,400,גרם,false,1,13.50,3.38,true,1,
7290000416809,false,ממרח חצי חצי 350 גר` השחר,השחר העולה תעשית ממתקים בעמ,,,יח`,350,גרם,false,1,12.90,3.69,true,1,
7290000416878,false,אבקת קקאו השחר העולה (500 גרם),השחר העולה תעשית ממתקים בעמ,,,יח`,500,גרם,false,1,30.90,6.18,true,1,
7290000419220,false,קפה שחור קפה לנדוור (100x3 גרם),ש.שסטוביץ בעמ,,,יח`,300,גרם,false,1,19.90,6.63,false,1,
7290000419893,false,קפה לנדוור לבוקר 100,ש.שסטוביץ בעמ,,,יח`,100,גרם,false,1,8.10,8.10,false,1,
7290000420325,false,פופקורן פופסטאר חמישייה טבעי,דנשר (1963) בעמ,,,יח`,500,גרם,false,1,18.50,3.70,true,1,
7290000420332,false,פופקורן פופסטאר חמישייה חמאה,דנשר (1963) בעמ,,,יח`,500,גרם,false,1,18.50,3.70,true,1,
7290000450209,false,נתחי טונה בהירה בשמן פוסידון (108 גרם),נטו מלינדה סחר בעמ,,,יח`,108,גרם,false,1,7,6.48,false,1,
7290000453408,false,בצק פיצה דק מצונן ומוכן לאפייה 415 גר`ש,שטראוס גרופ בעמ/מצונן,,,יח`,415,גרם,false,1,17.90,4.31,false,1,
7290000453415,false,בצק עלים מצונן ומוכן לאפייה 300 גר` שימר,שטראוס גרופ בעמ/מצונן,,,יח`,300,גרם,false,1,17.90,5.97,false,1,
7290000453798,false,שמרים אקטיבים שימרית 500 גר`,שטראוס גרופ בעמ,,,יח`,500,גרם,false,1,17.30,3.46,false,1,
7290000461656,false,בייגלה אחד אחד 400 גר`,יוניליוור ישראל שיווק בעמ,,,יח`,400,גרם,false,1,11.50,2.88,true,1,
7290000461724,false,גדול גדול שומשום,יוניליוור ישראל שיווק בעמ,,,יח`,400,גרם,false,1,15.20,3.80,true,1,
7290000461793,false,מקלות ארוך- 150 גרם,יוניליוור ישראל שיווק בעמ,,,יח`,150,גרם,false,1,6.40,4.27,true,1,
7290000462103,false,סחוג תימני,שטראוס גרופ בעמ/מצונן,,,יח`,150,גרם,false,1,8.90,5.93,false,1,
7290000462172,false,סחוג זחוק ירוק תימני חריף זהבי (150 גרם),שטראוס גרופ בעמ/מצונן,,,יח`,140,גרם,false,1,9.10,6.50,false,1,
7290000474090,false,חלב 1% בקרטון טרה (1 ליטר)פ,החב` המרכזית - טרה,,,יח`,1,1 ליטר,false,1,5.86,5.86,false,1,
7290000474502,false,גבינה לבנה 5% 250 גר` פיקוח,החב` המרכזית - טרה,,,יח`,250,גרם,false,1,4.98,1.99,false,1,
7290000474540,false,גבינת טוב טעם,החב` המרכזית - טרה,,,יח`,250,גרם,false,1,11.50,4.60,false,1,
7290000480107,false,שיבולת שועל קוואקר (500 גרם),שטראוס פריטו ליי בעמ,,,יח`,500,גרם,false,1,11.90,2.38,false,1,
7290000481029,false,10 פיתות בטעם ביתי דגנית עין בר,דגנית עין בר תעשיות מזון ואפיה,,,יח`,1000,גרם,false,1,9.90,0.99,false,1,
7290000481074,false,לחם טריו 750 גר`דגנית עין בר,דגנית עין בר תעשיות מזון ואפיה,,,יח`,750,גרם,false,1,15.90,2.12,false,1,
7290000481531,false,לחמניות חיטה מלאה דגנית עין בר) (10,דגנית עין בר תעשיות מזון ואפיה,,,יח`,750,גרם,false,1,12.90,1.72,false,1,
7290000481883,false,לחמניות אצבע דגנית עין בר) (10,דגנית עין בר תעשיות מזון ואפיה,,,יח`,750,גרם,false,1,12.90,1.72,false,1,
7290000484747,false,עלית הארק יקב הגליל (700 מל),יקב הגליל שיווק בעמ,,,יח`,700,"מ""ל",false,1,59.90,8.51,false,1,
7290000490717,false,מאגדת גלית 8 יח`,פלקו בעמ,,,יח`,1,,false,1,22.90,22.90,false,1,
7290000490762,false,מאגדת מצופה דיאט שמינייה,פלקו בעמ,,,יח`,400,גרם,false,1,30.90,7.73,false,1,
7290000493183,false,רוטב פטריות אסם (30 גרם),קבוצת אסם סחר שות. מוגבלת,,,יח`,30,גרם,false,1,5.40,18,false,1,
7290000497044,false,לחם אקטיב ברמן (750 גרם),י.את א. ברמן בעמ,,,יח`,750,גרם,false,1,15.90,2.12,false,1,
7290000497112,false,לחם אחיד כהה פרוס ברמן (750 גרם)פי,י.את א. ברמן בעמ,,,יח`,750,גרם,false,1,6.90,0.92,false,1,
7290000497426,false,לחם לענין פלוס ברמן,י.את א. ברמן בעמ,,,יח`,750,גרם,false,1,14.60,1.95,false,1,
7290000498478,false,חלה בגט .,י.את א. ברמן בעמ,,,יח`,500,גרם,false,1,9.90,1.98,false,1,
7290000521008,false,יין אדום יבש של סגל (750 מל),טמפו משקאות בעמ,,,יח`,750,"מ""ל",false,1,22.90,3.01,true,1,
7290000521015,false,יין לבן יבש של סגל (750 מל),טמפו משקאות בעמ,,,יח`,750,"מ""ל",false,1,22.90,3.01,true,1,
7290000521022,false,יין לבן חצי יבש של סגל (750 מל),טמפו משקאות בעמ,,,יח`,750,"מ""ל",false,1,22.90,3.01,true,1,
7290000523125,false,מלח ים יבש מלח הארץ (250 גרם),סוגת תעשיות בעמ,,,יח`,200,גרם,false,1,5.90,2.95,false,1,
7290000523224,false,מלח ים יבש מלח הארץ (500 גרם),סוגת תעשיות בעמ,,,יח`,500,גרם,false,1,7.90,1.58,false,1,
7290000523804,false,מלח עדין מלח הארץ (1 קג),סוגת תעשיות בעמ,,,יח`,1,"ק""ג",false,1,7.20,7.20,false,1,
7290000525969,false,מיץ תפוזים סחוט טבעי פרימור (1 ליטר),שטראוס גרופ בעמ/מצונן,,,יח`,1,1 ליטר,false,1,16.90,16.90,false,1,
7290000530024,false,נקניק תה זוגלובק,זוגלובק שיווק בעמ,,,"ק""ג",1000,גרם,true,1,54,5.40,true,1,
7290000530048,false,סלמי פפרוני זוגלובק,זוגלובק שיווק בעמ,,,"ק""ג",1000,גרם,true,1,60,6,false,1,
7290000530178,false,קוניאק זוגלובק,זוגלובק שיווק בעמ,,,"ק""ג",1000,גרם,true,1,89,8.90,false,1,
7290000530413,false,המבורגר זהב,זוגלובק שיווק בעמ,,,יח`,400,גרם,false,1,19.90,4.98,false,1,
7290000530598,false,נקניקיות וינר זוגלובק (500 גרם),זוגלובק שיווק בעמ,,,יח`,500,גרם,false,1,18.30,3.66,true,1,
7290000531977,false,בורקס גבינה זוגלובק (16 יח`- 800 גרם),זוגלובק שיווק בעמ,,,יח`,800,גרם,false,1,22.40,2.80,false,1,
7290000533636,false,פסטרממיה צלויה זוגלובק,זוגלובק שיווק בעמ,,,"ק""ג",1000,גרם,true,1,88,8.80,true,1,
7290000534718,false,תבור-חזה מעושן זוגלובק 2% שומן,זוגלובק שיווק בעמ,,,"ק""ג",1000,גרם,true,1,88,8.80,true,1,
7290000536743,false,קריספי סטיקס תירס,זוגלובק שיווק בעמ,,,יח`,500,גרם,false,1,21.40,4.28,true,1,
7290000537566,false,נקניקיות עוף זוגלובק (400 גרם),זוגלובק שיווק בעמ,,,יח`,400,גרם,false,1,15.20,3.80,true,1,
7290000538709,false,תה מעושן 200,זוגלובק שיווק בעמ,,,יח`,200,גרם,false,1,16.30,8.15,false,1,
7290000552989,false,בשר טחון-טיבון,נטו מלינדה סחר בעמ,,,יח`,500,גרם,false,1,29.50,5.90,false,1,
7290000554471,false,גבינה מוצרלה 22% גד (180 גרם),מחלבות גד שיווק 1992 בעמ,,,יח`,180,גרם,false,1,17.90,9.94,false,1,
7290000554532,false,גבינה צפתית מעודנת 5% גד (200 גרם),מחלבות גד שיווק 1992 בעמ,,,יח`,200,גרם,false,1,16.90,8.45,false,1,
7290000554600,false,מוצרלה מגורדת 22% גד (300 גרם),מחלבות גד שיווק 1992 בעמ,,,יח`,300,גרם,false,1,27.90,9.30,false,1,
7290000554624,false,ירח מתוק-גד,מחלבות גד שיווק 1992 בעמ,,,יח`,150,"מ""ל",false,1,5.90,3.93,true,1,
7290000554686,false,לבנה בשמן זית-גד- מדף,מחלבות גד שיווק 1992 בעמ,,,יח`,250,גרם,false,1,14.90,5.96,false,1,
7290000554839,false,גבינת מסקרפונה 40% גד (250 גרם),מחלבות גד שיווק 1992 בעמ,,,יח`,250,גרם,false,1,22.90,9.16,false,1,
7290000561097,false,תערובת פיצוחים מובחרת 150 גר`פיצוחי חממ,בוטנת בעמ,,,יח`,150,גרם,false,1,16.90,11.27,false,1,
7290000561202,false,גרעין חמניה 200 גר`חממה,בוטנת בעמ,,,יח`,200,גרם,false,1,7.10,3.55,false,1,
7290000561233,false,בוטן קלוף קלוי פיצוחי חממה (200 גרם),בוטנת בעמ,,,יח`,200,גרם,false,1,8.50,4.25,false,1,
7290000571232,false,קלאסיק בית יצחק גאודה פרוס 30% 150ג,מחלבות גד שיווק 1992 בעמ,,,יח`,150,גרם,false,1,23.90,15.93,false,1,
7290000571300,false,ג.גאודה מעושנת פרוסה 150ג,מחלבות גד שיווק 1992 בעמ,,,יח`,150,גרם,false,1,23.90,15.93,false,1,
7290000571386,false,יוגורמה בית יצחק,מחלבות גד שיווק 1992 בעמ,,,יח`,850,"מ""ל",false,1,25.90,3.05,false,1,
7290000571478,false,גבינת עיזים תום פרוסה המחלבה (200 גרם),מחלבות גד שיווק 1992 בעמ,,,יח`,200,גרם,false,1,35.90,17.95,false,1,
7290000571843,false,יוגורט עיזים יוגורמה 140 גר,מחלבות גד שיווק 1992 בעמ,,,יח`,140,"מ""ל",false,1,6,4.29,false,1,
7290000572055,false,חלבה ללתס עם סיבים ואגוזים,אחדות בעמ,,,יח`,400,גרם,false,1,16.90,4.23,false,1,
7290000572208,false,חלבה וניל אחוה (100 גרם),אחדות בעמ,,,יח`,100,גרם,false,1,3.50,3.50,false,1,
7290000572222,false,חלבה וניל אחוה (500 גרם),אחדות בעמ,,,יח`,500,גרם,false,1,11.90,2.38,false,1,
7290000572529,false,חלבה פיסטוק אחוה (400 גרם),אחדות בעמ,,,יח`,400,גרם,false,1,14.90,3.73,false,1,
7290000572628,false,חטיפי חלבה ללתס 275 גר`אחוה,אחדות בעמ,,,יח`,275,גרם,false,1,13.90,5.05,false,1,
7290000572673,false,חלבה וניל קקאו ואגוזים אחוה (25x12 גרם),אחדות בעמ,,,יח`,300,גרם,false,1,13.90,4.63,false,1,
7290000574028,false,לחם שחור מעושר פלוס 750 גר`דגנית,דגנית עין בר תעשיות מזון ואפיה,,,יח`,750,גרם,false,1,7.90,1.05,false,1,
7290000574035,false,לחם אחיד פרוס דגנית עין בר (750 גרם),דגנית עין בר תעשיות מזון ואפיה,,,יח`,750,גרם,false,1,6.90,0.92,false,1,
7290000574141,false,לחם חיטה מלאה 750 גר`דגנית,דגנית עין בר תעשיות מזון ואפיה,,,יח`,750,גרם,false,1,14.90,1.99,false,1,
7290000574172,false,לחם קל חיטה מלאה 750 גר`דגנית,דגנית עין בר תעשיות מזון ואפיה,,,יח`,750,גרם,false,1,15.90,2.12,false,1,
7290000574455,false,לחם חיטה מלא+כוסמין דגנית,דגנית עין בר תעשיות מזון ואפיה,,,יח`,750,גרם,false,1,14.50,1.93,false,1,
7290000654973,false,גזר ארוז,מפעלי יופי אגשח בעמ*שיק 45 יום,,,"ק""ג",1,,true,1,5.90,5.90,false,1,
7290000655376,false,פילה דניס קפוא בוואקום 100% דג תנובה,תנובה קפואים,,,"ק""ג",1,,true,1,89.90,89.90,false,1,
7290000688084,false,מי עדן ספורט 1/2 ליטר,יפאורה,,,יח`,500,"מ""ל",false,1,2.50,0.44,false,1,
7290000688176,false,מי עדן בייבי 330 מל בודד,יפאורה,,,יח`,330,"מ""ל",false,1,2.70,0.73,false,1,
7290000688374,false,מים מינרלים סמיילי מי עדן (330X6מל),יפאורה,,,יח`,1980,"מ""ל",false,1,13.90,0.61,false,1,
7290000688381,false,מים מינרלים פקק ספורט מי עדן (500x6 מל),יפאורה,,,יח`,3,1 ליטר,false,1,12.90,3.70,true,1,
7290000692227,false,נוזל לניקוי כלים קלאסי פלמוליב (1 ליטר),ש.שסטוביץ בעמ,,,יח`,1,1 ליטר,false,1,15.20,15.20,false,1,
7290000803180,false,שטיפת פה מרידול (400 מל),ש.שסטוביץ בעמ,,,יח`,400,"מ""ל",false,1,30.90,7.73,false,1,
7290000993461,false,עגבניות שרי צהוב פרמיום ארוז,צימן עגבניות *לא פעיל*,,,יח`,1,,false,1,9.90,9.90,false,1,
7290000993560,false,עגבניות שרי מנומר ארוז,צימן עגבניות *לא פעיל*,,,יח`,500,גרם,false,1,9.90,1.98,false,1,
7290000995410,false,נבטים סיני,א.אדמה (2007) בעמ,,,יח`,1,,false,1,7.90,7.90,false,1,
7290001041123,false,שקד מולבן פרוס 100 גר`,מיה תעשיות מזון מ.ת.מ. בעמ,,,יח`,100,גרם,false,1,12.50,12.50,false,1,
7290001045169,false,סחוט 1 ליטר פרימור,שטראוס גרופ בעמ/מצונן,,,יח`,1,1 ליטר,false,1,16.90,16.90,false,1,
7290001045633,false,משקה קל לימונענע 400 מל פרימור,שטראוס גרופ בעמ/מצונן,,,יח`,400,"מ""ל",false,1,7.90,1.90,false,1,
7290001045688,false,מיץ תפוזים סחוט 400 מל פרימור,שטראוס גרופ בעמ/מצונן,,,יח`,400,"מ""ל",false,1,7.90,1.90,false,1,
7290001121238,false,קורנדביף 4% שומן יחיעם (180 גרם).,מעדני יחיעם (1993) בעמ,,,יח`,180,גרם,false,1,25.40,14.11,false,1,
7290001124536,false,מג`יק טעם תירס,נטו מלינדה סחר בעמ,,,יח`,70,גרם,false,1,5.50,7.86,false,1,
7290001136294,false,נקה 7 שמפו 750 מל,החברה הדרומית לשיווק בעמ,,,יח`,750,"מ""ל",false,1,11.90,1.59,true,1,
7290001201510,false,ביצים ארוזות M מ. לסר) (30 פיקוח,מ לסר בעמ - חברה לשיווק ביצים,,,יח`,1,,false,1,27.87,27.87,false,1,
7290001201589,false,ביצים ארוזות L מ. לסר) (12 פיקוח,מ לסר בעמ - חברה לשיווק ביצים,,,יח`,1,,false,1,12.05,12.05,false,1,
7290001201596,false,ביצים 12 יחידות M פיקוח,מ לסר בעמ - חברה לשיווק ביצים,,,יח`,1,,false,1,11.15,11.15,false,1,
7290001201602,false,ביצים 18 יח`L פיקוח,מ לסר בעמ - חברה לשיווק ביצים,,,יח`,1,,false,1,18.07,18.07,false,1,
7290001201657,false,ביצים DHA אומגה 3 M מ. לסר) (30,מ לסר בעמ - חברה לשיווק ביצים,,,יח`,1,,false,1,35.70,35.70,false,1,
7290001201824,false,ביצים אורגני L 12 יח,מ לסר בעמ - חברה לשיווק ביצים,,,יח`,1,,false,1,19.30,19.30,false,1,
7290001201862,false,ביצי חופש 12 L,מ לסר בעמ - חברה לשיווק ביצים,,,יח`,1,,false,1,17.30,17.30,false,1,
7290001201893,false,ביצים אומגה 12 יח`M,מ לסר בעמ - חברה לשיווק ביצים,,,יח`,1,,false,1,17.30,17.30,false,1,
7290001216040,false,טחינה רגילה 500 גר`אל ארז,סוגת תעשיות בעמ,,,יח`,500,גרם,false,1,17.90,3.58,false,1,
7290001216231,false,טחינה משומשום מלא אל ארז (500 גרם),סוגת תעשיות בעמ,,,יח`,500,גרם,false,1,18.90,3.78,false,1,
7290001245699,false,אקונומיקה סמיכה 4 ליטר טאצ`,סאסאטק אגשח בעמ,,,יח`,4000,"מ""ל",false,1,12.90,0.32,false,1,
7290001245705,false,אקונומיקה מבושמת 4 ליטר טאצ`,סאסאטק אגשח בעמ,,,יח`,4,1 ליטר,false,1,10.90,2.73,false,1,
7290001245729,false,ג`ל כביסה ירוק 3 ליטר טאצ`,סאסאטק אגשח בעמ,,,יח`,3,1 ליטר,false,1,18.90,6.30,false,1,
7290001245798,false,נוזל כלים לימון 1.6 ליטר טאצ,סאסאטק אגשח בעמ,,,יח`,1600,"מ""ל",false,1,10.90,0.68,false,1,
7290001245828,false,נוזל כלים קלאסי 1.6 ליטר טאצ,סאסאטק אגשח בעמ,,,יח`,1600,"מ""ל",false,1,10.90,0.68,false,1,
7290001245897,false,נוזל רצפות יסמין 4 ליטר טאצ`,סאסאטק אגשח בעמ,,,יח`,4,1 ליטר,false,1,14.90,3.73,false,1,
7290001245965,false,מרכך כביסה 4 ליטר כחול,סאסאטק אגשח בעמ,,,יח`,4,1 ליטר,false,1,14.90,3.73,false,1,
7290001246054,false,פותח סתימות 1 ליטר טאצ,סאסאטק אגשח בעמ,,,יח`,1000,"מ""ל",false,1,13.90,1.39,false,1,
7290001246108,false,תרסיס מסיר אבנית 750 מל טאצ`,סאסאטק אגשח בעמ,,,יח`,750,"מ""ל",false,1,12.90,1.72,false,1,
7290001246122,false,תרסיס ניקוי כללי 750 מל+אקונומיקה טאצ`,סאסאטק אגשח בעמ,,,יח`,750,"מ""ל",false,1,12.90,1.72,false,1,
7290001246146,false,מסיר אבן 1 ליטר טאצ,סאסאטק אגשח בעמ,,,יח`,1000,"מ""ל",false,1,12.90,1.29,false,1,
7290001246269,false,תרסיס מטהר אוויר לבנדר 300 מל טא`צ,סאסאטק אגשח בעמ,,,יח`,300,"מ""ל",false,1,5.90,1.97,false,1,
7290001246351,false,נוזל רצפות לבנדר 4 ליטר טאצ,סאסאטק אגשח בעמ,,,יח`,4,1 ליטר,false,1,14.90,3.73,false,1,
7290001246757,false,נוזל רצפות 2 ליטר מלון בוטיק טאצ,סאסאטק אגשח בעמ,,,יח`,2,1 ליטר,false,1,18.90,9.45,false,1,
7290001247068,false,נקטר תות בננה ספרינג (1 ליטר),יפאורה,,,יח`,1,1 ליטר,false,1,7.30,7.30,false,1,
7290001247082,false,נקטר עגבניות ספרינג( 1 ליטר),יפאורה,,,יח`,1,1 ליטר,false,1,7.30,7.30,false,1,
7290001247099,false,נקטר מנגו ספרינג (1 ליטר),יפאורה,,,יח`,1,1 ליטר,false,1,7.30,7.30,false,1,
7290001247112,false,נקטר לימונענע ספרינג( 1 ליטר),יפאורה,,,יח`,1,1 ליטר,false,1,7.30,7.30,false,1,
7290001247129,false,נקטר תפוזים ספרינג (1 ליטר),יפאורה,,,יח`,1,1 ליטר,false,1,7.30,7.30,false,1,
7290001247143,false,נקטר תפוחים ספרינג (1 ליטר),יפאורה,,,יח`,1,1 ליטר,false,1,7.30,7.30,false,1,
7290001327180,false,שטראוס קרמיסימו,גלידות שטראוס בעמ,,,יח`,1.33,1 ליטר,false,1,20.90,15.71,true,1,
7290001327197,false,שטראוס קרמיסימו שוקולד וניל,גלידות שטראוס בעמ,,,יח`,1.33,1 ליטר,false,1,20.90,15.71,true,1,
7290001327791,false,שטראוס קרמיסימו,גלידות שטראוס בעמ,,,יח`,1.33,1 ליטר,false,1,20.90,15.71,true,1,
7290001482094,false,וילי פוד פרמז`נו 200 גר`,ג.וילי-פוד אינטרנשיונל **גבינו,,,יח`,200,גרם,false,1,17.90,8.95,false,1,
7290001482506,false,חומץ בלסמי ממודנה 500 גר`,ג.וילי-פוד אינטרנשיונל בעמ,,,יח`,500,"מ""ל",false,1,19.90,3.98,false,1,
7290001491010,false,תה ירוק יסמין ויסוצקי) (25,תה ויסוצקי (ישראל) בעמ,,,יח`,37.50,גרם,false,1,27.90,74.40,true,1,
7290001567937,false,סלמי איטלקי מפולפל 200 גר`יחיעם,מעדני יחיעם (1993) בעמ,,,יח`,200,גרם,false,1,13.20,6.60,false,1,
7290001588703,false,גזר אורגני שקיל ארוז,שדות תוצרת מזון אורגנית ש.ק.ד,,,"ק""ג",1,,true,1,14.90,14.90,false,1,
7290001591949,false,שיפודי פרגית 100% טיבון ויל,נטו מלינדה סחר בעמ,,,יח`,500,גרם,false,1,50.90,10.18,false,1,
7290001594025,false,קוקה קולה בקבוק זכוכית,החברה המרכזית להפצת משקאות בעמ,,,יח`,350,"מ""ל",false,1,5.90,1.60,false,1,
7290001594155,false,קוקה קולה 500 מל,החברה המרכזית להפצת משקאות בעמ,,,יח`,500,"מ""ל",false,1,6.90,1.32,false,1,
7290001594230,false,סודה קינלי (250 מל),החברה המרכזית להפצת משקאות בעמ,,,יח`,250,"מ""ל",false,1,3,1.08,false,1,
7290001594520,false,בירה טובורג בקבוק 330 מל,החברה המרכזית להפצת משקאות בעמ,,,יח`,330,"מ""ל",false,1,7.50,2.18,false,1,
7290001594568,false,בירה בפחית קרלסברג (500 מל),החברה המרכזית להפצת משקאות בעמ,,,יח`,500,"מ""ל",false,1,9.90,1.92,false,1,
7290001594858,false,מארז שישייה בירה טובורג רד (330x6 מל),החברה המרכזית להפצת משקאות בעמ,,,יח`,1.98,1 ליטר,false,1,43.90,21.26,true,1,
7290001594865,false,בירה קרלסברג (330x6 מל),החברה המרכזית להפצת משקאות בעמ,,,יח`,1.98,1 ליטר,false,1,36.90,17.73,true,1,
7290001670057,false,כפיות לבן 100 יח`הנמל,הנמל אריזות ושיווק (1984) בעמ,,,יח`,1,,false,1,11.90,11.90,true,1,
7290001670071,false,כפות לבן 100 יח`הנמל,הנמל אריזות ושיווק (1984) בעמ,,,יח`,1,,false,1,11.90,11.90,true,1,
7290001670255,false,כוסות קרטון 8B 50 יח` הנמל,הנמל אריזות ושיווק (1984) בעמ,,,יח`,1,,false,1,10.90,10.90,true,1,
7290001696736,false,פקאן סיני פיצוחי חממה (100 גרם),בוטנת בעמ,,,יח`,100,גרם,false,1,18.30,18.30,false,1,
7290001723357,false,מוצץ סיליקון בינוני +6 טוליפס) (2,אינטרסן 1996 בעמ,,,יח`,1,,false,1,25.90,25.90,false,1,
7290001780428,false,מאגדת גלידה לייט שוקו 6 יח`,נגה גלידות שותפות מוגבלת,,,יח`,312,גרם,false,1,30.50,9.78,false,1,
7290001791349,false,אקונומיקה פיסגה ריחנית סנו (4 ליטר),החברה הדרומית לשיווק בעמ,,,יח`,4,1 ליטר,false,1,12.90,3.23,true,1,
7290001855935,false,שמן חמניות מזוכך 900 מל,בני פאוזי שמשום (2009) בעמ,,,יח`,900,"מ""ל",false,1,10.90,1.21,false,1,
7290001865453,false,אל סבון נוזלי לבנדר פמילי (1 ליטר),דנשר (1963) בעמ,,,יח`,1,1 ליטר,false,1,15.90,15.90,true,1,
7290001873458,false,סטייק בורגר 320 גר` בלאק אנגוס מוכשר אר,נטו מלינדה סחר בעמ,,,יח`,320,גרם,false,1,24.90,7.78,true,1,
7290001990148,false,סוכר גולדן קלאסי סוגת (1 קג),סוגת תעשיות בעמ,,,יח`,1,"ק""ג",false,1,14.90,14.90,false,1,
7290002000143,false,קרם ידיים פנג`ל (80 מל),דנשר (1963) בעמ,,,יח`,100,"מ""ל",false,1,10.50,10.50,false,1,
7290002007890,false,כוסות 100 יח`200 PP הנמל,הנמל אריזות ושיווק (1984) בעמ,,,יח`,100,יח`,false,1,9.90,0.10,false,1,
7290002007999,false,צלחות גדול 50 יח` הנמל,הנמל אריזות ושיווק (1984) בעמ,,,יח`,1,,false,1,15.90,15.90,true,1,
7290002008507,false,נייר אפיה הנמל 50 יח`,הנמל אריזות ושיווק (1984) בעמ,,,יח`,1,,false,1,9.90,9.90,true,1,
7290002008651,false,קמח תפוא 500 גר`הנמל,הנמל אריזות ושיווק (1984) בעמ,,,יח`,500,גרם,false,1,7.10,1.42,true,1,
7290002008989,false,קישקשים 225 יח`הנמל,הנמל אריזות ושיווק (1984) בעמ,,,יח`,1,,false,1,8.90,8.90,false,1,
7290002019114,false,רוטב עגבניות מרוכז 28 580 גר` פריניר,אבאל יזמות בעמ,,,יח`,580,גרם,false,1,8.50,1.47,true,1,
7290002019763,false,עגבניות מרוסקות 800 גר` פריניר,אבאל יזמות בעמ,,,יח`,800,גרם,false,1,7.90,0.99,true,1,
7290002019787,false,רוטב עגבניות מרוכז עגבניות 22% 260 גר` פ,אבאל יזמות בעמ,,,יח`,260,גרם,false,1,3.90,1.50,true,1,
7290002019794,false,רוטב עגבניות מרוכז 22% 100 גר` פריניר,אבאל יזמות בעמ,,,יח`,100,גרם,false,1,1.90,1.90,true,1,
7290002022152,false,מרשמלו מושי כרמית (100 גרם),כרמית תעשיות ממתקים בעמ,,,יח`,1,,false,1,4,4,true,1,
7290002037163,false,לחם אחיד פרוס ודש ברמן (750 גרם),י.את א. ברמן בעמ,,,יח`,750,גרם,false,1,6.90,0.92,false,1,
7290002040019,false,קוסקוס רגיל מזון קוסקוס (350 גרם),הנמל אריזות ושיווק (1984) בעמ,,,יח`,350,גרם,false,1,6.90,1.97,false,1,
7290002040064,false,קוסקוס דק מזון קוסקוס (350 גרם),הנמל אריזות ושיווק (1984) בעמ,,,יח`,350,גרם,false,1,6.90,1.97,false,1,
7290002040071,false,קוסקוס עבה מזון קוסקוס (350 גרם),הנמל אריזות ושיווק (1984) בעמ,,,יח`,350,גרם,false,1,6.90,1.97,false,1,
7290002053095,false,איטריות ביצים מס 10 200 גר`,גורי מוצרי צריכה (1991) בעמ,,,יח`,200,גרם,false,1,8.50,4.25,false,1,
7290002065555,false,לחמניות אנג`ל (6),שלמה א. אנג`ל בעמ,,,יח`,450,גרם,false,1,10.90,2.42,false,1,
7290002065616,false,לחם שיפון גרעינים פרוס אחדות (750 גרם),שלמה א. אנג`ל בעמ,,,יח`,750,גרם,false,1,12.50,1.67,false,1,
7290002065623,false,לחם שיפון פרוס כפרי אחדות (750 גרם),שלמה א. אנג`ל בעמ,,,יח`,750,גרם,false,1,12.50,1.67,false,1,
7290002107385,false,דליקט עז 180 גרם צוריאל,החב` המרכזית - טרה,,,יח`,180,גרם,false,1,24.70,13.72,false,1,
7290002107491,false,גבינה עיזים 5% למריחה 250 גר`,החב` המרכזית - טרה,,,יח`,250,גרם,false,1,16.70,6.68,true,1,
7290002107798,false,בולגרית בקר 5% בגביע 250 גר`,החב` המרכזית - טרה,,,יח`,250,גרם,false,1,24.10,9.64,false,1,
7290002128410,false,נרות שבת שבת אורה מס`6,אבאל יזמות בעמ,,,יח`,1,,false,1,3.50,3.50,false,1,
7290002129479,false,פיצה איטלקית דקה שלושת האופים 320 גר,נטו מלינדה סחר בעמ,,,יח`,320,גרם,false,1,14.90,4.66,true,1,
7290002129486,false,פיצה איטלקית דקה 340 גר` שלושת האופים,נטו מלינדה סחר בעמ,,,יח`,340,גרם,false,1,15.90,4.68,true,1,
7290002130567,false,דבש טהור מפרחי בר יד מרדכי (350 גרם),שטראוס גרופ בעמ,,,יח`,350,גרם,false,1,17.30,4.94,false,1,
7290002132011,false,עוגיות מזרחיות עם שומשום עבאדי (400 גר),תה ויסוצקי (ישראל) בעמ,,,יח`,400,גרם,false,1,18.50,4.63,true,1,
7290002253006,false,שום כתוש דורות (200 גרם),קבוצת אסם סחר שות. מוגבלת,,,יח`,200,גרם,false,1,16.90,8.45,false,1,
7290002281405,false,סלט סלמון) (2*160 מעושן ויליגר,נטו מלינדה סחר בעמ,,,יח`,320,גרם,false,1,10.90,3.41,false,1,
7290002317005,false,טבעות זיתים מושחר מוטולה,אבאל יזמות בעמ,,,יח`,560,גרם,false,1,10.90,1.95,true,1,
7290002317081,false,זית חרוזית A2 מוטולה,אבאל יזמות בעמ,,,יח`,560,גרם,false,1,10.90,1.95,true,1,
7290002317128,false,מלפפון במלח 10-12 מוטולה,אבאל יזמות בעמ,,,יח`,560,גרם,false,1,10.90,1.95,true,1,
7290002317135,false,מלפפון במלח 13-17 מוטולה,אבאל יזמות בעמ,,,יח`,560,גרם,false,1,10.90,1.95,true,1,
7290002317166,false,מלפפון בחומץ 10-12 מוטולה,אבאל יזמות בעמ,,,יח`,560,גרם,false,1,10.90,1.95,true,1,
7290002317265,false,מלפפון במלח 7-9 מוטולה,אבאל יזמות בעמ,,,יח`,560,גרם,false,1,8.90,1.59,true,1,
7290002317289,false,חצילים A2 מוטולה,אבאל יזמות בעמ,,,יח`,560,גרם,false,1,9.90,1.77,true,1,
7290002317319,false,מלפפון בחומץ 7-9 מוטולה,אבאל יזמות בעמ,,,יח`,348,גרם,false,1,8.90,2.56,true,1,
7290002317326,false,זיתים מנזלינו 12-15 מוטולה,אבאל יזמות בעמ,,,יח`,560,גרם,false,1,9.90,1.77,true,1,
7290002317371,false,חרוזית מושחר A2 מוטולה,אבאל יזמות בעמ,,,יח`,560,גרם,false,1,10.90,1.95,true,1,
7290002317609,false,כרוב כבוש מוטולה,אבאל יזמות בעמ,,,יח`,560,גרם,false,1,9.90,1.77,true,1,
7290002317616,false,זית מרינט 17-19 מוטולה,אבאל יזמות בעמ,,,יח`,560,גרם,false,1,10.90,1.95,true,1,
7290002317678,false,חרוזית ירוק צנצנת זכוכית מוטולה,אבאל יזמות בעמ,,,יח`,560,גרם,false,1,10.90,1.95,true,1,
7290002319016,false,אבקת אפיה מיה (10x10 גרם),מיה תעשיות מזון מ.ת.מ. בעמ,,,יח`,100,גרם,false,1,3.30,3.30,true,1,
7290002319023,false,סוכר ווניל עשירייה,מיה תעשיות מזון מ.ת.מ. בעמ,,,יח`,100,גרם,false,1,2.90,2.90,true,1,
7290002319061,false,קוקוס טחון מיה (100 גרם),מיה תעשיות מזון מ.ת.מ. בעמ,,,יח`,100,גרם,false,1,4,4,false,1,
7290002319078,false,שומשום 100 גר`,מיה תעשיות מזון מ.ת.מ. בעמ,,,יח`,100,גרם,false,1,4,4,false,1,
7290002319139,false,שעועית לבנה מיה (500 גרם),מיה תעשיות מזון מ.ת.מ. בעמ,,,יח`,500,גרם,false,1,11.20,2.24,true,1,
7290002319146,false,שעועית אדומה מיה (500 גרם),מיה תעשיות מזון מ.ת.מ. בעמ,,,יח`,500,גרם,false,1,12.20,2.44,false,1,
7290002319160,false,אפונה ירוקה מיה (500 גרם),מיה תעשיות מזון מ.ת.מ. בעמ,,,יח`,500,גרם,false,1,7.40,1.48,true,1,
7290002319221,false,חיטה מיה (500 גרם),מיה תעשיות מזון מ.ת.מ. בעמ,,,יח`,500,גרם,false,1,6.90,1.38,true,1,
7290002319771,false,תמצית אפיה בטעם וניל מיה (50 מל),מיה תעשיות מזון מ.ת.מ. בעמ,,,יח`,50,"מ""ל",false,1,4,8,false,1,
7290002319825,false,אבקת סוכר 100 גר`,מיה תעשיות מזון מ.ת.מ. בעמ,,,יח`,100,גרם,false,1,2.70,2.70,true,1,
7290002327073,false,בורקס גבינה שלושת האופים,נטו מלינדה סחר בעמ,,,יח`,800,גרם,false,1,20.90,2.61,true,1,
7290002329619,false,עוגת שוקו צ`יפס עוג`לה 350 גר`,בני פאוזי שמשום (2009) בעמ,,,יח`,350,גרם,false,1,7.90,2.26,true,1,
7290002329633,false,עוגת תפוח עץ עוגל`ה 350 גר`,בני פאוזי שמשום (2009) בעמ,,,יח`,350,גרם,false,1,7.90,2.26,true,1,
7290002329640,false,עוגת לימון עוג`לה 350 גר`,בני פאוזי שמשום (2009) בעמ,,,יח`,350,גרם,false,1,7.90,2.26,true,1,
7290002329657,false,עוגת תפוז עוג`לה 350 גר`,בני פאוזי שמשום (2009) בעמ,,,יח`,350,גרם,false,1,7.90,2.26,true,1,
7290002329664,false,עוגת אנגלית עוג`לה 350 גר`,בני פאוזי שמשום (2009) בעמ,,,יח`,350,גרם,false,1,7.90,2.26,true,1,
7290002329695,false,עוגת וניל עוג`לה 350 גר`,בני פאוזי שמשום (2009) בעמ,,,יח`,350,גרם,false,1,7.90,2.26,true,1,
7290002329961,false,עוגת שוקוצ`ינו עוג`לה 350 גר`,בני פאוזי שמשום (2009) בעמ,,,יח`,350,גרם,false,1,7.90,2.26,true,1,
7290002331018,false,נביעות 500 תו-גווווו,החברה המרכזית להפצת משקאות בעמ,,,יח`,500,"מ""ל",false,1,2.90,0.52,false,1,
7290002331025,false,נביעות 500 תו-גוווו,החברה המרכזית להפצת משקאות בעמ,,,יח`,500,"מ""ל",false,1,3.40,0.62,false,1,
7290002331124,false,נביעות מים מינרל,החברה המרכזית להפצת משקאות בעמ,,,יח`,500,"מ""ל",false,1,5,0.94,false,1,
7290002331155,false,נביעות מים מינרל,החברה המרכזית להפצת משקאות בעמ,,,יח`,500,"מ""ל",false,1,5,0.94,false,1,
7290002331360,false,נביעות שישיה 0.500 טו גוווווו,החברה המרכזית להפצת משקאות בעמ,,,יח`,3,1 ליטר,false,1,17,5.07,true,1,
7290002331483,false,נביעות בייבי 320*6 מל,החברה המרכזית להפצת משקאות בעמ,,,יח`,1920,"מ""ל",false,1,14.90,0.68,false,1,
7290002331490,false,מים מינרלים נביעות (1 ליטר),החברה המרכזית להפצת משקאות בעמ,,,יח`,1,1 ליטר,false,1,3.30,3.30,true,1,
7290002345015,false,דק דק סינטה אל גאוצו,נטו מלינדה סחר בעמ,,,יח`,250,גרם,false,1,25.40,10.16,true,1,
7290002345022,false,דק דק אנטריקוט אל גאוצו,נטו מלינדה סחר בעמ,,,יח`,250,גרם,false,1,25.40,10.16,true,1,
7290002348139,false,תחתיות ארטישוק ויליגר (390 גרם),נטו מלינדה סחר בעמ,,,יח`,425,גרם,false,1,11.20,2.64,true,1,
7290002353836,false,סרדין רוברט בשמן זית,א. סיימן סחר בעמ,,,יח`,115,גרם,false,1,8.90,7.74,true,1,
7290002360285,false,תה קמומיל פומפדור (20),ש.שסטוביץ בעמ,,,יח`,30,גרם,false,1,17.30,57.67,true,1,
7290002371526,false,סלסולי פסטרמה שום וצ`ילי 120 גר`טירת צב,תנובה קפואים,,,יח`,120,גרם,false,1,17.30,14.42,true,1,
7290002371533,false,סלסולי פסטרמה בדבש טירת צבי (120 גרם),תנובה קפואים,,,יח`,120,גרם,false,1,17.30,14.42,true,1,
7290002371939,false,סרוולד צרפתי 120 גר`טירת צבי,תנובה קפואים,,,יח`,120,גרם,false,1,30.50,25.42,true,1,
7290002374312,false,שמן קנולה מזוכך 6% מילומור (1 ליטר),סוגת תעשיות בעמ,,,יח`,1,1 ליטר,false,1,11.90,11.90,false,1,
7290002374640,false,שמן קנולה פלוס אומגה 3 עץ הזית (1 ליטר),סוגת תעשיות בעמ,,,יח`,1,1 ליטר,false,1,17.90,17.90,false,1,
7290002407102,false,זית סנטה מבוקע ענק ג`השאן (800 גרם),אבאל יזמות בעמ,,,יח`,800,גרם,false,1,22.90,2.86,true,1,
7290002407348,false,שמן זית ג`השאן כתית מעולה 750 מל`,אבאל יזמות בעמ,,,יח`,750,"מ""ל",false,1,35.90,4.79,true,1,
7290002407645,false,שמן זית כתית מעולה ( 750 מל) ארץ הגליל,אבאל יזמות בעמ,,,יח`,750,"מ""ל",false,1,30.90,4.12,true,1,
7290002407676,false,זית תערובת אריזת( 800 גר`גהשאן,אבאל יזמות בעמ,,,יח`,800,גרם,false,1,22.90,2.86,true,1,
7290002512004,false,מלווח צנעני (900 גרם),צנעני מוצרי בצק בעמ,,,יח`,900,גרם,false,1,19.90,2.21,false,1,
7290002512257,false,מלווח מופחת שומן,צנעני מוצרי בצק בעמ,,,יח`,700,גרם,false,1,17.90,2.56,true,1,
7290002517276,false,פלפל אנגלי שלם 25 גר`,תבליני טעם וריח בעמ,,,יח`,25,גרם,false,1,9.90,39.60,false,1,
7290002517290,false,קינמון טחון 40 גר`,תבליני טעם וריח בעמ,,,יח`,40,גרם,false,1,6.90,17.25,false,1,
7290002517337,false,אורגנו עלים 20 גר`,תבליני טעם וריח בעמ,,,יח`,20,גרם,false,1,6.90,34.50,false,1,
7290002517566,false,תערובת תיבול לדג-80 גרם,תבליני טעם וריח בעמ,,,יח`,80,גרם,false,1,12.90,16.13,false,1,
7290002517603,false,בזיליקום 10 גר`,תבליני טעם וריח בעמ,,,יח`,10,גרם,false,1,6.90,69,false,1,
7290002517726,false,קינמון מקלות 15 גר`,תבליני טעם וריח בעמ,,,יח`,15,גרם,false,1,6.90,46,false,1,
7290002517733,false,קצח 40 גר`,תבליני טעם וריח בעמ,,,יח`,40,גרם,false,1,6.90,17.25,false,1,
7290002517801,false,צ`ילי כתוש- חריף(פלפל קיינה)30 גר`,תבליני טעם וריח בעמ,,,יח`,30,גרם,false,1,6.90,23,false,1,
7290002517825,false,פלפל לבן טחון 40 גר`,תבליני טעם וריח בעמ,,,יח`,40,גרם,false,1,9.90,24.75,false,1,
7290002517849,false,שום גבישי 50 גר`,תבליני טעם וריח בעמ,,,יח`,50,גרם,false,1,6.90,13.80,false,1,
7290002542780,false,בירה סטלה ארטואה 330 מל בקבוק שישייה,תימקו בירה בעמ,,,יח`,1.98,1 ליטר,false,1,36.90,17.73,true,1,
7290002543046,false,קלוגס פרוסטיס 750 גר`,דיפלומט היינץ,,,יח`,750,גרם,false,1,22.90,3.05,false,1,
7290002627210,false,גפילטע פיש מדגי קרפיון וכסיף בעלז 560 ג,נטו מלינדה סחר בעמ,,,יח`,560,גרם,false,1,10.90,1.95,false,1,
7290002692782,false,תרסיס שמן זית כתית מעולה ללא תוספת גז 15,סוגת תעשיות בעמ,,,יח`,150,"מ""ל",false,1,21.90,14.60,false,1,
7290002715504,false,ארוחת נודלס בטעם עוף מג`יק (70 גרם),נטו מלינדה סחר בעמ,,,יח`,70,גרם,false,1,5.50,7.86,false,1,
7290002715511,false,ארוחת נודלס בטעם בשר מג`יק (70 גרם),נטו מלינדה סחר בעמ,,,יח`,70,גרם,false,1,5.50,7.86,false,1,
7290002715528,false,ארוחת נודלס בטעם ירקות מג`יק (70 גרם),נטו מלינדה סחר בעמ,,,יח`,70,גרם,false,1,5.50,7.86,false,1,
7290002715580,false,מג`יק טעם סיני,נטו מלינדה סחר בעמ,,,יח`,70,גרם,false,1,5.50,7.86,false,1,
7290002730262,false,נוזל לניקוי כלים קלאסי פלמוליב (750 מל),ש.שסטוביץ בעמ,,,יח`,750,"מ""ל",false,1,13.90,1.85,true,1,
7290002735113,false,בורקס גבינה ינון 800 גר`,קפוא-זן תעשיות מזון בעמ - תפוג,,,יח`,800,גרם,false,1,17.90,2.24,false,1,
7290002735274,false,ג חנון אפוי 600 גר יינון,קפוא-זן תעשיות מזון בעמ - תפוג,,,יח`,600,גרם,false,1,17.90,2.98,false,1,
7290002752332,false,מנטוס גליל פירות,ליימן שליסל בעמ,,,יח`,37.50,גרם,false,1,4,10.67,true,1,
7290002753223,false,סוכריות תפוז טיק טק (16x4 גרם),פרימיום-חברה לדברי מתיקה ולמסח,,,יח`,250,גרם,false,1,12.20,4.88,false,1,
7290002757139,false,מלוואח 700 גר`שלושת האופים,נטו מלינדה סחר בעמ,,,יח`,700,גרם,false,1,16.90,2.41,true,1,
7290002757146,false,קובה למרק חמוסטה 1 קג,נטו מלינדה סחר בעמ,,,יח`,1,"ק""ג",false,1,20.90,20.90,true,1,
7290002757511,false,קציצות דג לבישול דלידג (750 גרם),נטו מלינדה סחר בעמ,,,יח`,750,גרם,false,1,30.50,4.07,true,1,
7290002775010,false,מיני בורקס פילו גבינה 650 גר`שלושת האופ,נטו מלינדה סחר בעמ,,,יח`,650,גרם,false,1,20.90,3.22,true,1,
7290002824183,false,קרם גבינה 5% סקי (500 גרם),שטראוס גרופ בעמ/מצונן,,,יח`,500,גרם,false,1,9.50,1.90,false,1,
7290002824466,false,יוגורט ביו 0% דנונה (200 גרם),שטראוס גרופ בעמ/מצונן,,,יח`,200,"מ""ל",false,1,3.70,1.85,false,1,
7290002824640,false,קרם גבינה 5% סקי (250 גרם),שטראוס גרופ בעמ/מצונן,,,יח`,250,גרם,false,1,4.97,1.99,false,1,
7290002825722,false,כרוב אדום במיונז אחלה (500 גרם),שטראוס גרופ בעמ/מצונן,,,יח`,575,גרם,false,1,15.60,2.71,true,1,
7290002868996,false,קוטג` 5% מועשר 250 גר`,החב` המרכזית - טרה,,,יח`,250,גרם,false,1,5.60,2.24,false,1,
7290002871248,false,בירה טובורג רד (500 מל),החברה המרכזית להפצת משקאות בעמ,,,יח`,500,"מ""ל",false,1,8.10,1.38,false,1,
7290002881209,false,רסק תפוע דיאט 700 גר`תומר,תומר יבוא ושיווק מוצרי מזון (1,,,יח`,700,גרם,false,1,10.90,1.56,false,1,
7290002881957,false,סרדינים בשמן עם פלפל חריף 125 גר`,תומר יבוא ושיווק מוצרי מזון (1,,,יח`,125,גרם,false,1,5.90,4.72,false,1,
7290002881964,false,סרדין 125 גר`ברוטב עגבניות,תומר יבוא ושיווק מוצרי מזון (1,,,יח`,125,גרם,false,1,5.90,4.72,false,1,
7290002923466,false,בקר קפוא טחון לקציצות וקבב נטו (1 קג),נטו מלינדה סחר בעמ,,,יח`,1,"ק""ג",false,1,39.90,39.90,false,1,
7290002929642,false,נתחי טונה בהירה בשמן ויליגר (140x4 גרם),נטו מלינדה סחר בעמ,,,יח`,460,גרם,false,1,21.90,4.76,false,1,
7290002971993,false,קמח כוסמין מלא ללא צורך בניפוי 1 קג שטיב,אבאל יזמות בעמ,,,יח`,1000,גרם,false,1,14.90,1.49,false,1,
7290002972365,false,קמח תופח ללא צורך בניפוי 1 קג שטיבל,אבאל יזמות בעמ,,,יח`,1,"ק""ג",false,1,8.90,8.90,true,1,
7290002974314,false,קמח פיצה 1 קג שטיבל,אבאל יזמות בעמ,,,יח`,1,"ק""ג",false,1,11.50,11.50,true,1,
7290003009312,false,בוטן קלוי קליית גת (200 גרם),ליימן שליסל בעמ,,,יח`,200,גרם,false,1,7.90,3.95,true,1,
7290003009329,false,בוטנים אמריקאיים קליית גת (200 גרם),ליימן שליסל בעמ,,,יח`,200,גרם,false,1,6.90,3.45,true,1,
7290003009336,false,קבוקים קליית גת (200 גרם),ליימן שליסל בעמ,,,יח`,200,גרם,false,1,6.90,3.45,true,1,
7290003009640,false,מיץ סחוט תפוזים טבעי פריגת (1 ליטר),החב` המרכזית - טרה,,,יח`,1,1 ליטר,false,1,16.90,16.90,true,1,
7290003015627,false,ריצפז פרש 2 ליטר אפרסק,החברה הדרומית לשיווק בעמ,,,יח`,2,1 ליטר,false,1,20.90,10.45,true,1,
7290003026227,false,קמיל בלו סנסטיב אל דמע,פישר תעשיות פרמצבטיות בעמ,,,יח`,1,1 ליטר,false,1,34.90,34.90,true,1,
7290003029181,false,שוקו 2% בבקבוק יטבתה (1 ליטר),שטראוס גרופ בעמ/מצונן,,,יח`,1,1 ליטר,false,1,11.90,11.90,false,1,
7290003029372,false,משקה חלב בטעם בננה 2% יטבתה (1 ליטר,שטראוס גרופ בעמ/מצונן,,,יח`,1,1 ליטר,false,1,11.90,11.90,false,1,
7290003029389,false,שוקו בננה בקבוק,שטראוס גרופ בעמ/מצונן,,,יח`,250,"מ""ל",false,1,5.50,2.20,false,1,
7290003029433,false,שוקו 2% עם פקק ספורט יטבתה (250 מל),שטראוס גרופ בעמ/מצונן,,,יח`,250,"מ""ל",false,1,5.60,2.24,false,1,
7290003029532,false,משקה מוקה 2% יטבתה (1 ליטר),שטראוס גרופ בעמ/מצונן,,,יח`,1,1 ליטר,false,1,11.90,11.90,false,1,
7290003029792,false,שוקו 2% יטבתה (225x8 מל),שטראוס גרופ בעמ/מצונן,,,יח`,1.80,1 ליטר,false,1,19.90,11.06,false,1,
7290003029815,false,חלב מועשר 3% בכד יטבתה 2 ליטר,שטראוס גרופ בעמ/מצונן,,,יח`,2000,"מ""ל",false,1,15.20,0.76,false,1,
7290003029907,false,משקה חלב אייס קפה 2% יטבתה (1 ליטר,שטראוס גרופ בעמ/מצונן,,,יח`,1,1 ליטר,false,1,11.90,11.90,false,1,
7290003054657,false,חרדל דיז`ון ריין דה דיז`ון (370 גרם),דיפלומט היינץ,,,יח`,370,גרם,false,1,13.20,3.57,false,1,
7290003102136,false,צמר גפן קוטון סופט (100 גרם),אינטרסן 1996 בעמ,,,יח`,1,,false,1,6.50,6.50,false,1,
7290003102891,false,שקיות צליה הוסט 10 יח` בקופסא,אינטרסן 1996 בעמ,,,יח`,1,,false,1,5.40,5.40,true,1,
7290003102976,false,צימרוני אוזניים טוליפס) (200,אינטרסן 1996 בעמ,,,יח`,20000,גרם,false,1,4.90,0.02,true,1,
7290003107216,false,קמח לבן בהיר 1 קג דגן מוביל,טחנות קמח דגן (2006) בעמ,,,יח`,1000,גרם,false,1,6.60,0.66,false,1,
7290003107223,false,סולת 1 קג דגן מוביל,טחנות קמח דגן (2006) בעמ,,,יח`,1,"ק""ג",false,1,6.30,6.30,false,1,
7290003107315,false,סולת בשקית טחנת קמח דגן (1 קג),טחנות קמח דגן (2006) בעמ,,,יח`,1,"ק""ג",false,1,4.40,4.40,false,1,
7290003107346,false,קמח חיטה לבן בדץ טחנת קמח דגן (1 קג),טחנות קמח דגן (2006) בעמ,,,יח`,1,"ק""ג",false,1,4.40,4.40,true,1,
7290003107360,false,קמח לבן בהיר 1 קג ללא צורך בניפוי,אבאל יזמות בעמ,,,יח`,1000,גרם,false,1,8.90,0.89,false,1,
7290003121083,false,ארוחת נודלס בטעם בשר מג`יק (85 גרם),נטו מלינדה סחר בעמ,,,יח`,85,גרם,false,1,3.30,3.88,true,1,
7290003121090,false,ארוחת נודלס בטעם ירקות מג`יק (85 גרם),נטו מלינדה סחר בעמ,,,יח`,85,גרם,false,1,3.30,3.88,true,1,
7290003121106,false,ארוחת נודלס בטעם עוף מג`יק (85 גרם),נטו מלינדה סחר בעמ,,,יח`,85,גרם,false,1,3.30,3.88,true,1,
7290003126712,false,יוגורט עיזים 3.9% משק צוריאל (150 גרם),החב` המרכזית - טרה,,,יח`,150,"מ""ל",false,1,6.70,4.47,false,1,
7290003126958,false,טופו משק צוריאל (300 גרם),החב` המרכזית - טרה,,,יח`,300,גרם,false,1,12.70,4.23,true,1,
7290003143146,false,ממרח תמרים קליית גת (450 גרם),ליימן שליסל בעמ,,,יח`,450,גרם,false,1,7.10,1.58,false,1,
7290003145751,false,אגוזי קשיו קלויים קליית גת (200 גרם),ליימן שליסל בעמ,,,יח`,200,גרם,false,1,15.90,7.95,true,1,
7290003145959,false,פקאן טבעי 150 גר,ליימן שליסל בעמ,,,יח`,150,גרם,false,1,20.90,13.93,false,1,
7290003185726,false,קבב מזרחי 500 גר`טיבונוויל,נטו מלינדה סחר בעמ,,,יח`,500,גרם,false,1,21.40,4.28,true,1,
7290003217052,false,פיתות כפריות קלות 5 יח`דגנית,דגנית עין בר תעשיות מזון ואפיה,,,יח`,500,גרם,false,1,6.30,1.26,false,1,
7290003224128,false,כיסוני תפוא 800 גר`קפוא מאמא מרי,מאמא - מרי בעמ,,,יח`,800,גרם,false,1,17.90,2.24,false,1,
7290003224135,false,כיסונים במילוי בשר 800 גר`קפוא מאמא מרי,מאמא - מרי בעמ,,,יח`,800,גרם,false,1,22.90,2.86,false,1,
7290003229123,false,פסטרמה גחלים 400 גר`טירת צבי,תנובה קפואים,,,יח`,400,גרם,false,1,34.60,8.65,true,1,
7290003229147,false,סלמי בסגנון איטלקי טירת צבי (300 גרם),תנובה קפואים,,,יח`,300,גרם,false,1,31.60,10.53,true,1,
7290003229154,false,סלמי קוניאק טירת צבי (300 גרם),תנובה קפואים,,,יח`,300,גרם,false,1,31.60,10.53,true,1,
7290003229192,false,כתף בקר מעושן 400 גר`טירת צבי,תנובה קפואים,,,יח`,400,גרם,false,1,37.70,9.43,true,1,
7290003229215,false,פסטרמה איטלקית 360 גר`טירת צבי,תנובה קפואים,,,יח`,360,גרם,false,1,34.60,9.61,true,1,
7290003321155,false,דנונה פרי בר פקאן,שטראוס גרופ בעמ/מצונן,,,יח`,175,"מ""ל",false,1,4.50,2.57,false,1,
7290003332007,false,קפה שחור עם הל נח`לה אדום (250 גרם),סובחי נחלה ובניו בעמ,,,יח`,250,גרם,false,1,15.20,6.08,false,1,
7290003332014,false,קפה שחור עם הל נח`לה אדום (500 גרם),סובחי נחלה ובניו בעמ,,,יח`,500,גרם,false,1,28.50,5.70,false,1,
7290003332045,false,קפה שחור בלי הל נח`לה אדום (250 גרם),סובחי נחלה ובניו בעמ,,,יח`,250,גרם,false,1,15.20,6.08,false,1,
7290003411689,false,ליפתן לבן 25 יח`הנמל,הנמל אריזות ושיווק (1984) בעמ,,,יח`,1,,false,1,4.90,4.90,true,1,
7290003411849,false,גרנולה תמרים 400 גר הנמל,הנמל אריזות ושיווק (1984) בעמ,,,יח`,400,גרם,false,1,11.30,2.83,false,1,
7290003411856,false,גרנולה תפוח עץ הנמל (400 גרם),הנמל אריזות ושיווק (1984) בעמ,,,יח`,400,גרם,false,1,11.30,2.83,false,1,
7290003427154,false,שמן זית כתית מעולה 750 מל זיתא,תה ויסוצקי (ישראל) בעמ,,,יח`,750,"מ""ל",false,1,29.90,3.99,true,1,
7290003438006,false,אוליביה ממרח פסטו איטלקי 180 גר`,תה ויסוצקי (ישראל) בעמ,,,יח`,190,גרם,false,1,14.90,7.84,true,1,
7290003438013,false,אוליביה ממרח זיתים ירוקים (190 גרם),תה ויסוצקי (ישראל) בעמ,,,יח`,190,גרם,false,1,14.90,7.84,true,1,
7290003438020,false,אוליביה ממרח עגבניות מיובשות (190 גרם),תה ויסוצקי (ישראל) בעמ,,,יח`,190,גרם,false,1,14.90,7.84,true,1,
7290003438709,false,אוליביה ממרח זיתים שחורים (190 גרם),תה ויסוצקי (ישראל) בעמ,,,יח`,190,גרם,false,1,14.90,7.84,true,1,
7290003438853,false,אוליביה אריסה חריפה (185 גרם),תה ויסוצקי (ישראל) בעמ,,,יח`,180,גרם,false,1,14.90,8.28,true,1,
7290003438990,false,אוליביה עיטורי עגבניות מיובשות (280 גרם),תה ויסוצקי (ישראל) בעמ,,,יח`,280,גרם,false,1,18.90,6.75,true,1,
7290003450602,false,חרדל היינץ (255 גרם),דיפלומט היינץ,,,יח`,255,גרם,false,1,13.20,5.18,false,1,
7290003457991,false,מאגדת-קורנטו קלאסיק,גלידות שטראוס בעמ,,,יח`,300,גרם,false,1,35.60,11.87,false,1,
7290003514007,false,שקדי מרק מנה (400 גרם),ש.שסטוביץ בעמ,,,יח`,400,גרם,false,1,11.20,2.80,false,1,
7290003550753,false,נתחי טונה בהירה בשמן פוסידון (108x4 גרם),נטו מלינדה סחר בעמ,,,יח`,432,גרם,false,1,22.90,5.30,true,1,
7290003578061,false,לבבות דקל שלמים וילי פוד (400 גרם),ג.וילי-פוד אינטרנשיונל בעמ,,,יח`,400,גרם,false,1,13.90,3.48,false,1,
7290003578177,false,תירס צעיר שלם וילי פוד (410 גרם),ג.וילי-פוד אינטרנשיונל בעמ,,,יח`,410,גרם,false,1,7.50,1.83,false,1,
7290003578290,false,מקלוני אורז 300 גר`וילי פוד,ג.וילי-פוד אינטרנשיונל בעמ,,,יח`,300,גרם,false,1,6.90,2.30,false,1,
7290003608560,false,RC קולה 1.5 ליטר רגיל,יפאורה,,,יח`,1.50,1 ליטר,false,1,5,3.33,false,1,
7290003643004,false,אורז בסמטי קלאסי סוגת (1 קג),סוגת תעשיות בעמ,,,יח`,1,"ק""ג",false,1,14.90,14.90,true,1,
7290003643387,false,סוכר לבן בצנצנת סוגת (1 קג),סוגת תעשיות בעמ,,,יח`,1,"ק""ג",false,1,8.90,8.90,false,1,
7290003643646,false,סוכר דמררה סוגת 1 קג,סוגת תעשיות בעמ,,,יח`,1000,גרם,false,1,12.90,1.29,false,1,
7290003643684,false,אפונה סוגת (500 גרם),סוגת תעשיות בעמ,,,יח`,500,גרם,false,1,7.90,1.58,true,1,
7290003643714,false,חומוס סוגת (500 גרם),סוגת תעשיות בעמ,,,יח`,500,גרם,false,1,8.90,1.78,true,1,
7290003643738,false,חיטה סוגת (500 גרם),סוגת תעשיות בעמ,,,יח`,500,גרם,false,1,6.50,1.30,true,1,
7290003643745,false,כוסמת סוגת (500 גרם),סוגת תעשיות בעמ,,,יח`,500,גרם,false,1,8.90,1.78,true,1,
7290003643752,false,עדשים ירוקות סוגת (500 גרם),סוגת תעשיות בעמ,,,יח`,500,גרם,false,1,8.90,1.78,true,1,
7290003643769,false,עדשים אדומות סוגת (500 גרם),סוגת תעשיות בעמ,,,יח`,500,גרם,false,1,8.90,1.78,true,1,
7290003643776,false,פופקורן סוגת (500 גרם),סוגת תעשיות בעמ,,,יח`,500,גרם,false,1,7.50,1.50,true,1,
7290003643806,false,שעועית לבנה יבשה סוגת (500 גרם),סוגת תעשיות בעמ,,,יח`,500,גרם,false,1,13.90,2.78,true,1,
7290003643813,false,שעועית אדומה סוגת (500 גרם),סוגת תעשיות בעמ,,,יח`,500,גרם,false,1,11.50,2.30,true,1,
7290003643820,false,חומוס ענק סוגת (500 גרם),סוגת תעשיות בעמ,,,יח`,500,גרם,false,1,13.90,2.78,true,1,
7290003681303,false,שעועית מעורבת 500 גר`מיה,מיה תעשיות מזון מ.ת.מ. בעמ,,,יח`,500,גרם,false,1,13.20,2.64,false,1,
7290003681365,false,קישוט לעוגה 70 גר`צבעוני,מיה תעשיות מזון מ.ת.מ. בעמ,,,יח`,200,גרם,false,1,7.10,3.55,false,1,
7290003681693,false,חומוס לבן ענק מיה (500 גרם),מיה תעשיות מזון מ.ת.מ. בעמ,,,יח`,500,גרם,false,1,12.20,2.44,false,1,
7290003681716,false,גריסי פנינה מיה (500 גרם),מיה תעשיות מזון מ.ת.מ. בעמ,,,יח`,500,גרם,false,1,7.40,1.48,false,1,
7290003726141,false,טופו משק גאיה (300 גרם),מחלבות גד שיווק 1992 בעמ,,,יח`,320,גרם,false,1,12.90,4.03,false,1,
7290003726615,false,טופו ויילר 300 גר`,שטראוס גרופ בעמ/מצונן,,,יח`,300,גרם,false,1,12.50,4.17,false,1,
7290003726776,false,שניצל טופו בטעם עוף 420 גר`משק ויילר,קפוא-זן תעשיות מזון בעמ - תפוג,,,יח`,420,גרם,false,1,27.90,6.64,false,1,
7290003781652,false,צלפים 350 גר`,ג.וילי-פוד אינטרנשיונל בעמ,,,יח`,350,גרם,false,1,9.50,2.71,false,1,
7290003781850,false,קשקבל פרוסות 200 גר,ג.וילי-פוד אינטרנשיונל **גבינו,,,יח`,200,גרם,false,1,20.90,10.45,false,1,
7290003804382,false,תיבוליות פטריות קנור (8 יח`- 72 גרם),יוניליוור ישראל שיווק בעמ,,,יח`,72,גרם,false,1,10.90,15.14,true,1,
7290003864478,false,סרדינים בשמן צמחי וילי פוד (110 גרם),ג.וילי-פוד אינטרנשיונל בעמ,,,יח`,110,גרם,false,1,6.10,5.55,true,1,
7290003864492,false,סרדין בשמן צמחי 110 גר`,ג.וילי-פוד אינטרנשיונל בעמ,,,יח`,110,גרם,false,1,6.10,5.55,true,1,
7290003882922,false,עלי גפן ממולאים באורז 400 גר`.,ג.וילי-פוד אינטרנשיונל בעמ,,,יח`,400,גרם,false,1,9.90,2.48,false,1,
7290003896141,false,אלמנדוס חטיף ספרדי,ליימן שליסל בעמ,,,יח`,200,גרם,false,1,9.90,4.95,true,1,
7290003976560,false,מטהר אויר אוטומט( 250 מל)מיסטרי טאצ,סאסאטק אגשח בעמ,,,יח`,250,"מ""ל",false,1,13.90,5.56,false,1,
7290003989096,false,חצילים פיקנטי אחלה (500 גרם),שטראוס גרופ בעמ/מצונן,,,יח`,575,גרם,false,1,16.60,2.89,true,1,
7290003989539,false,רביולי עם גבינה שטראוס (400 גרם),שטראוס גרופ בעמ/מצונן,,,יח`,400,גרם,false,1,21.70,5.43,true,1,
7290003989553,false,טורטליני פטריות 400 גר` שטראוס,שטראוס גרופ בעמ/מצונן,,,יח`,400,גרם,false,1,21.70,5.43,true,1,
7290004011796,false,קבבונים אל גוצ`ו 400 גר`,נטו מלינדה סחר בעמ,,,יח`,400,גרם,false,1,23.40,5.85,true,1,
7290004030018,false,מיץ לימון 1/2 ליטר,תנובה - פריניב,,,יח`,500,"מ""ל",false,1,12.10,2.36,false,1,
7290004030100,false,מיץ תפוזים סחוט וולנסיה 1 ליטר,תנובה - פריניב,,,יח`,1,1 ליטר,false,1,17.90,17.90,false,1,
7290004030216,false,נקטר חמוציות 25% פריניב (1 ליטר),תנובה - פריניב,,,יח`,1,1 ליטר,false,1,15.90,15.90,true,1,
7290004030445,false,סחוט 1 ליטר תפוזים פרי ניב,תנובה - פריניב,,,יח`,1,1 ליטר,false,1,14.90,14.90,false,1,
7290004048679,false,קובה למרק שלושת האופים(כ 18 יח`- 1 קג),נטו מלינדה סחר בעמ,,,יח`,1000,גרם,false,1,20.90,2.09,false,1,
7290004063016,false,מלח שולחן מעולה סלית (1 קג)פיקוח,סוגת תעשיות בעמ,,,יח`,1,"ק""ג",false,1,1.90,1.90,false,1,
7290004063115,false,מלח מטבח גס ארזינא (1 קג)פיקוח,סוגת תעשיות בעמ,,,יח`,1,"ק""ג",false,1,1.90,1.90,false,1,
7290004064174,false,מלח ההימלאיה דק בצנצנת 1 קג`,סוגת תעשיות בעמ,,,יח`,1,"ק""ג",false,1,17.90,17.90,true,1,
7290004064297,false,מלח מועשר ביוד בצנצנת 1 קג מלח הארץ,סוגת תעשיות בעמ,,,יח`,1000,גרם,false,1,9.90,0.99,false,1,
7290004064303,false,מלח אטלנטי בצנצנת 800 גר`מלח הארץ,סוגת תעשיות בעמ,,,יח`,800,גרם,false,1,19.90,2.49,false,1,
7290004064358,false,מלח ים דק 1 קג קרטון מלח הארץ,סוגת תעשיות בעמ,,,יח`,1,"ק""ג",false,1,5.90,5.90,true,1,
7290004068011,false,יוגורט כבשים 5% גד (600 גרם),מחלבות גד שיווק 1992 בעמ,,,יח`,600,גרם,false,1,18.90,3.15,false,1,
7290004068035,false,איירן 500 מל מדף,מחלבות גד שיווק 1992 בעמ,,,יח`,500,"מ""ל",false,1,8.90,1.78,false,1,
7290004068172,false,יוגורט עיזים 5% גד (600 גרם),מחלבות גד שיווק 1992 בעמ,,,יח`,600,גרם,false,1,18.90,3.15,false,1,
7290004078270,false,פלמוליב צילינדר לימון 1 ליטר חדש,ש.שסטוביץ בעמ,,,יח`,1,1 ליטר,false,1,15.20,15.20,false,1,
7290004078690,false,WC ג`ל ניקוי לאסלה אג`קס (750 מל),ש.שסטוביץ בעמ,,,יח`,750,"מ""ל",false,1,15.90,2.12,false,1,
7290004091248,false,ג`ל פטרוליום וזלין (106 גרם),יוניליוור ישראל שיווק בעמ,,,יח`,106,"מ""ל",false,1,16.50,15.57,true,1,
7290004119133,false,יוגורט 7% תנובה (1.5 ליטר),תנובה - חלב,,,יח`,1.50,1 ליטר,false,1,17.50,11.67,false,1,
7290004119225,false,יוגורט ביו 3% אננס יופלה (150 גרם),תנובה - חלב,,,יח`,150,"מ""ל",false,1,5.20,3.47,false,1,
7290004120108,false,דיאט יופלה דובדבן,תנובה - חלב,,,יח`,150,"מ""ל",false,1,5.20,3.47,false,1,
7290004120566,false,גבינה בולגרית (25024% גרם)פיראוס תנובה,תנובה - חלב,,,יח`,250,גרם,false,1,22.90,9.16,false,1,
7290004120573,false,גבינה בולגרית (25016% גרם)פיראוס תנובה,תנובה - חלב,,,יח`,250,גרם,false,1,23.90,9.56,false,1,
7290004120634,false,גבינה בולגרית (2505% גרם)פיראוס תנובה,תנובה - חלב,,,יח`,250,גרם,false,1,21.90,8.76,false,1,
7290004121488,false,יוגורט ביו דיאט 0% אפרסק יופלה (150 גרם),תנובה - חלב,,,יח`,150,"מ""ל",false,1,5.20,3.47,false,1,
7290004121839,false,גבינת פטה כבשים (25020% גרם)פיראוס בול,תנובה - חלב,,,יח`,250,גרם,false,1,27.90,11.16,false,1,
7290004121853,false,גבינה בולגרית קוביות (2005% גרם)פיראוס,תנובה - חלב,,,יח`,200,גרם,false,1,22.90,11.45,false,1,
7290004122119,false,פתיתי פרמז`ן השף הלבן (100 גרם),תנובה - חלב,,,יח`,100,גרם,false,1,13.50,13.50,false,1,
7290004122195,false,גוש חלב פרוס,תנובה - חלב,,,יח`,200,גרם,false,1,14.50,7.25,false,1,
7290004122270,false,גבינה צהובה קלאסית 28% עמק (200 גרם),תנובה - חלב,,,יח`,200,גרם,false,1,16.10,8.05,false,1,
7290004122348,false,גבינה צהובה מופחתת שומן 9% עמק (200 גרם),תנובה - חלב,,,יח`,200,גרם,false,1,16.90,8.45,false,1,
7290004122676,false,גבינה חמד לייט (2505% גרם)פיראוס תנובה,תנובה - חלב,,,יח`,250,גרם,false,1,17.90,7.16,false,1,
7290004122683,false,אצבעות עמק,תנובה - חלב,,,יח`,172,גרם,false,1,16.80,9.77,false,1,
7290004124175,false,יוגורט LGG 1.5%,תנובה - חלב,,,יח`,150,"מ""ל",false,1,2.30,1.53,false,1,
7290004124205,false,יוגורט ביו דיאט 0% תות יופלה (150 גרם),תנובה - חלב,,,יח`,150,"מ""ל",false,1,5.20,3.47,false,1,
7290004124847,false,קצפת צמחית השף הלבן 500,תנובה - חלב,,,יח`,500,"מ""ל",false,1,15.90,3.18,false,1,
7290004125400,false,אשל 4.5% מהדרין תנובה (200 מל)פיקוח,תנובה - חלב,,,יח`,200,"מ""ל",false,1,1.69,0.85,false,1,
7290004125417,false,גיל 3% מהדרין תנובה (200 מל)פיקוח,תנובה - חלב,,,יח`,200,"מ""ל",false,1,1.51,0.76,false,1,
7290004125455,false,שמנת חמוצה 15% מהדרין תנובה (200 מל),תנובה - חלב,,,יח`,200,"מ""ל",false,1,2.40,1.20,false,1,
7290004125509,false,שמנת חמוצה 15% תנובה (100 מל),תנובה - חלב,,,יח`,100,"מ""ל",false,1,1.70,1.70,false,1,
7290004125578,false,משקה סויה מועשר תנובה (1 ליטר),תנובה - חלב,,,יח`,1,1 ליטר,false,1,10.90,10.90,false,1,
7290004125585,false,משקה סויה 1 ליטר וניל על הבוקר,תנובה - חלב,,,יח`,1,1 ליטר,false,1,10.90,10.90,false,1,
7290004125721,false,שמנת עמידה לבישול 15% השף הלבן (250 מל),תנובה - חלב,,,יח`,250,"מ""ל",false,1,8.20,3.28,false,1,
7290004125738,false,השף הלבן שמנת להקצפה 250,תנובה - חלב,,,יח`,250,"מ""ל",false,1,6.70,2.68,false,1,
7290004126674,false,טל העמק לייט,תנובה - חלב,,,יח`,200,גרם,false,1,18.90,9.45,false,1,
7290004126759,false,יופלה דיאט פירות יער,תנובה - חלב,,,יח`,150,"מ""ל",false,1,5.20,3.47,false,1,
7290004127077,false,גבינת קוטג`3% תנובה (250 גרם),תנובה - חלב,,,יח`,250,גרם,false,1,5.70,2.28,false,1,
7290004127329,false,גבינת קוטג`5% תנובה (250 גרם),תנובה - חלב,,,יח`,250,גרם,false,1,5.70,2.28,false,1,
7290004127336,false,גבינת קוטג`9% תנובה (250 גרם),תנובה - חלב,,,יח`,250,גרם,false,1,5.50,2.20,false,1,
7290004127800,false,גבינה לבנה 5% תנובה (500 גרם)פיק,תנובה - חלב,,,יח`,500,גרם,false,1,9.96,1.99,false,1,
7290004127916,false,גבינה לבנה 0.5% תנובה (500 גרם),תנובה - חלב,,,יח`,500,גרם,false,1,9.50,1.90,false,1,
7290004128432,false,פתיתים מיוחדים לפיצה,תנובה - חלב,,,יח`,500,גרם,false,1,22.30,4.46,false,1,
7290004129101,false,גבינת נפוליאון 225 גר`טבעי גביע,תנובה - חלב,,,יח`,225,גרם,false,1,14.90,6.62,false,1,
7290004129156,false,גבינת נפוליאון 225 גר`שום שמיר גביע,תנובה - חלב,,,יח`,225,גרם,false,1,14.90,6.62,false,1,
7290004129767,false,יופלה לבן שמינייה 3%,תנובה - חלב,,,יח`,1200,"מ""ל",false,1,17.90,1.49,false,1,
7290004130794,false,משקה סויה במתיקות מופחתת תנובה (1 ליטר),תנובה - חלב,,,יח`,1,1 ליטר,false,1,10.90,10.90,false,1,
7290004131074,false,חלב 3% מהדרין תנובה (1 ליטר),תנובה - חלב,,,יח`,1,1 ליטר,false,1,6.23,6.23,false,1,
7290004131432,false,יופלה-קרם יוגורט 3%,תנובה - חלב,,,יח`,200,"מ""ל",false,1,3.90,1.95,false,1,
7290004131456,false,יופלה-קרם יוגורט 1.5%,תנובה - חלב,,,יח`,200,"מ""ל",false,1,3.90,1.95,false,1,
7290004131845,false,לאבנה גביע 9% 750 גר`פיראוס תנובה,תנובה - חלב,,,יח`,750,גרם,false,1,26.90,3.59,false,1,
7290004132552,false,משקה סויה 1 ליטר דיא,תנובה - חלב,,,יח`,1,1 ליטר,false,1,10.90,10.90,false,1,
7290004132712,false,אצבעות עמק,תנובה - חלב,,,יח`,174,גרם,false,1,16.90,9.71,false,1,
7290004133511,false,מאגדת שמינייה יופלה,תנובה - חלב,,,יח`,1.20,1 ליטר,false,1,20.90,17.42,false,1,
7290004135614,false,גבינה בולגרית מעודנת (2505% גרם)פיראוס,תנובה - חלב,,,יח`,250,גרם,false,1,22.90,9.16,false,1,
7290004137021,false,שמנת עמידה לבישול 10% השף הלבן (250 מל),תנובה - חלב,,,יח`,250,"מ""ל",false,1,8.20,3.28,false,1,
7290004137809,false,לאבנה אסלית 5% גביע (250 גרם)פיראוס תנו,תנובה - חלב,,,יח`,250,גרם,false,1,13.50,5.40,false,1,
7290004147051,false,קיסמי שיניים רפואיים 300 יח`,קונסיגנציה- ש. י גיספאן 1993,,,יח`,1,,false,1,14.90,14.90,false,1,
7290004150112,false,חומוס ומזרחי פיקנטי פרימיום 300 גר`,סלטי שמיר 2006 בעמ,,,יח`,300,גרם,false,1,15.90,5.30,false,1,
7290004150129,false,טחינה פיקנטי פרימיום 300 גר`,סלטי שמיר 2006 בעמ,,,יח`,300,גרם,false,1,15.90,5.30,false,1,
7290004150136,false,חציל על האש פיקנטי פרימיום 300 גר`,סלטי שמיר 2006 בעמ,,,יח`,300,גרם,false,1,15.90,5.30,false,1,
7290004150143,false,חציל במיונז פיקנטי פרימיום 300 גר`,סלטי שמיר 2006 בעמ,,,יח`,300,גרם,false,1,15.90,5.30,false,1,
7290004150150,false,חציל בטחינה פיקנטי פרימיום 300 גר`,סלטי שמיר 2006 בעמ,,,יח`,300,גרם,false,1,15.90,5.30,false,1,
7290004150167,false,תפוא במיונז פיקנטי פרימיום 300 גר`,סלטי שמיר 2006 בעמ,,,יח`,300,גרם,false,1,15.90,5.30,false,1,
7290004150198,false,סלק מגורד פיקנטי פרימיום 300 גר`,סלטי שמיר 2006 בעמ,,,יח`,300,גרם,false,1,15.90,5.30,false,1,
7290004150204,false,מטבוחה פיקנטי פרימיום 300 גר`,סלטי שמיר 2006 בעמ,,,יח`,300,גרם,false,1,15.90,5.30,false,1,
7290004150211,false,תורכי איסטנבול פיקנטי פרימיום 300 גר`,סלטי שמיר 2006 בעמ,,,יח`,300,גרם,false,1,15.90,5.30,false,1,
7290004150228,false,כרוב אדום פיקנטי פרימיום 300 גר`,סלטי שמיר 2006 בעמ,,,יח`,300,גרם,false,1,15.90,5.30,false,1,
7290004150235,false,חומוס חריף פיקנטי פרימיום 300 גר`,סלטי שמיר 2006 בעמ,,,יח`,300,גרם,false,1,15.90,5.30,false,1,
7290004150273,false,חומוס גזר פיקנטי פרימיום 300 גר`,סלטי שמיר 2006 בעמ,,,יח`,300,גרם,false,1,15.90,5.30,false,1,
7290004199203,false,קיסמי שיניים במבוק מלחיה לב הוסטס (300),אינטרסן 1996 בעמ,,,יח`,1,,false,1,4.50,4.50,true,1,
7290004219826,false,מלבין קפה הולנדי 400 גר`,ג.וילי-פוד אינטרנשיונל בעמ,,,יח`,400,גרם,false,1,20.90,5.23,false,1,
7290004228804,false,עלי בצק לסיגרים ואגרול שלושת האופים (450,נטו מלינדה סחר בעמ,,,יח`,450,גרם,false,1,14.90,3.31,true,1,
7290004229931,false,אורז בסמטי 1 קג הימליה,נטו מלינדה סחר בעמ,,,יח`,1000,גרם,false,1,11.20,1.12,false,1,
7290004255428,false,נר נשמה בפחית 24 שעות מנורה,אבאל יזמות בעמ,,,יח`,1,,false,1,2,2,false,1,
7290004492762,false,נשנושים חטיף תירס בייגל בייגל (325 גרם),יוניליוור ישראל שיווק בעמ,,,יח`,325,גרם,false,1,14.50,4.46,true,1,
7290004494377,false,יין אדום יבש שיראז יקב דלתון (750 מל),הכרם - משקאות חריפים בעמ,,,יח`,750,"מ""ל",false,1,65.90,8.75,true,1,
7290004494919,false,יין קברנה שיראז דלתון (750 מל),הכרם - משקאות חריפים בעמ,,,יח`,750,"מ""ל",false,1,50.90,6.75,true,1,
7290004584351,false,גבינת במרקם שמנת 5% סימפוניה 200 גר (200,שטראוס גרופ בעמ/מצונן,,,יח`,200,גרם,false,1,12.20,6.10,false,1,
7290004584528,false,יוגורט ביו 1.7% דנונה (200 גרם),שטראוס גרופ בעמ/מצונן,,,יח`,200,"מ""ל",false,1,3.70,1.85,false,1,
7290004658960,false,אמרלד ריזלינג פי.סי יין לבן חצי יבש750 מ,אגודת הכורמים,,,יח`,750,"מ""ל",false,1,41.90,5.55,true,1,
7290004685157,false,לחם שיפון 100% פרוס לחם הארץ (750 גרם),י.את א. ברמן בעמ,,,יח`,750,גרם,false,1,16.20,2.16,false,1,
7290004685225,false,לחם פומפרניקל פרוס לחם הארץ (750 גרם),י.את א. ברמן בעמ,,,יח`,750,גרם,false,1,16.20,2.16,false,1,
7290004685430,false,100% לחם כומסין 500 גר לחם הארץ,י.את א. ברמן בעמ,,,יח`,500,גרם,false,1,16.20,3.24,false,1,
7290004685447,false,לחמניות כוסמין 6 יח בשקית מלא 450 גר`E,י.את א. ברמן בעמ,,,יח`,450,גרם,false,1,15.90,3.53,true,1,
7290004731083,false,אל סבון נוזלי ג`ינסנג כיף (1 ליטר),החברה הדרומית לשיווק בעמ,,,יח`,1,1 ליטר,false,1,15.20,15.20,true,1,
7290004731472,false,כיף אלסבון שלישיה,החברה הדרומית לשיווק בעמ,,,יח`,1.50,1 ליטר,false,1,21.90,14.60,true,1,
7290004731519,false,סנו מקסימה למייבש 750 מל,החברה הדרומית לשיווק בעמ,,,יח`,750,"מ""ל",false,1,18.90,2.52,true,1,
7290004737719,false,אספרגוס שלם בצנצנת 330 גר`,ג.וילי-פוד אינטרנשיונל בעמ,,,יח`,330,גרם,false,1,10.90,3.30,false,1,
7290004737900,false,חלב מרוכז הולנדי וילי פוד (397 גרם),ג.וילי-פוד אינטרנשיונל בעמ,,,יח`,397,גרם,false,1,10.90,2.75,false,1,
7290004863180,false,חלה בגט,שלמה א. אנג`ל בעמ,,,יח`,500,גרם,false,1,10.40,2.08,false,1,
7290004944032,false,חומוס אמיתי( 400 גר`)אסלי,סלטי שמיר 2006 בעמ,,,יח`,400,גרם,false,1,10.90,2.73,true,1,
7290004944049,false,סלט טחינה( 400 גר`)אסלי,סלטי שמיר 2006 בעמ,,,יח`,400,גרם,false,1,10.90,2.73,true,1,
7290004944056,false,חציל במיונז אסלי( 400 גר`)אסלי,סלטי שמיר 2006 בעמ,,,יח`,400,גרם,false,1,10.90,2.73,true,1,
7290004944063,false,סלט תורכי( 400 גר`)אסלי,סלטי שמיר 2006 בעמ,,,יח`,400,גרם,false,1,10.90,2.73,true,1,
7290005008481,false,ספיד סטיק גל בסיסי ספורט פאוור,ש.שסטוביץ בעמ,,,יח`,85,גרם,false,1,18.90,22.24,false,1,
7290005068621,false,ברוקלי 800 גר`פרי גליל,ויטה -פרי גליל (החדשה) בעמ,,,יח`,800,גרם,false,1,15.90,1.99,false,1,
7290005084355,false,משחת שיניים דואל קר סנסודיין (75 מל),גורי ע.ע.ע בעמ,,,יח`,75,גרם,false,1,22.90,30.53,true,1,
7290005095290,false,מצית אלקטרוני לסיגריות,ציון תורג`מן בעמ,,,יח`,1,,false,1,3,3,false,1,
7290005095658,false,שלווה בטעמים 150 גר`,ציון תורג`מן בעמ,,,יח`,150,גרם,false,1,9.40,6.27,true,1,
7290005095702,false,שלווה בדבש 210 גר`,ציון תורג`מן בעמ,,,יח`,210,גרם,false,1,9.40,4.48,true,1,
7290005095801,false,עמבה 500 גר`תמר,ציון תורג`מן בעמ,,,יח`,500,גרם,false,1,17.60,3.52,false,1,
7290005174513,false,חצילים במיונז אחלה (500 גרם),שטראוס גרופ בעמ/מצונן,,,יח`,500,גרם,false,1,16.20,3.24,true,1,
7290005174551,false,חומוס אחלה (125 גרם),שטראוס גרופ בעמ/מצונן,,,יח`,125,גרם,false,1,5.10,4.08,false,1,
7290005174568,false,חצילים אחלה יום יום 125 גר`,שטראוס גרופ בעמ/מצונן,,,יח`,125,גרם,false,1,5.10,4.08,false,1,
7290005174575,false,טחינה אחלה (125 גרם),שטראוס גרופ בעמ/מצונן,,,יח`,125,גרם,false,1,5,4,false,1,
7290005200786,false,תפוצ`יפס 50 גר שמנת בצל,שטראוס פריטו ליי בעמ,,,יח`,50,גרם,false,1,4,8,false,1,
7290005230035,false,צלחת ענק לבן בייסיק 50 יח`,פאלאס תעשיות נטו (2014) בעמ,,,יח`,1,,false,1,19.90,19.90,false,1,
7290005230042,false,צלחת קטנה לבן 50 יח פאלאס,פאלאס תעשיות נטו (2014) בעמ,,,יח`,1,,false,1,12.90,12.90,true,1,
7290005287060,false,טונה סטארקיסט במים 120גר-`בי.,סטארקיסט דיפלומט היינץ,,,יח`,120,גרם,false,1,6.90,5.75,false,1,
7290005287206,false,טונה סטאריקיסט בשמן 160 גר`רביעייה,סטארקיסט דיפלומט היינץ,,,יח`,640,גרם,false,1,25.90,4.05,true,1,
7290005287213,false,טונה סטארקיסט בשמן 160 גר`רביעייה בדצ,סטארקיסט דיפלומט היינץ,,,יח`,640,גרם,false,1,25.90,4.05,true,1,
7290005287251,false,טונה סטארקיסט במים 160 גר`רביעייה,סטארקיסט דיפלומט היינץ,,,יח`,640,גרם,false,1,25.90,4.05,true,1,
7290005287510,false,ס.ק בשמן עם פלפל חריף 160 גרם בי,סטארקיסט דיפלומט היינץ,,,יח`,160,גרם,false,1,9.90,6.19,false,1,
7290005287527,false,ס.ק בשמן עם לימון פ.ק 160 גרם בי,סטארקיסט דיפלומט היינץ,,,יח`,160,גרם,false,1,9.90,6.19,false,1,
7290005296260,false,אסטוניש רסס נגב ירוק,יעקב יעקבי ובניו בעמ,,,יח`,750,"מ""ל",false,1,11.90,1.59,false,1,
7290005326523,false,אוליביה פסטו פטרוזיליה ונענע (180 גרם),תה ויסוצקי (ישראל) בעמ,,,יח`,180,גרם,false,1,14.90,8.28,true,1,
7290005400155,false,פתיתים כוסמין המקורי 500 גר` ללא גלוטן,גורי מוצרי צריכה (1991) בעמ,,,יח`,500,גרם,false,1,16.90,3.38,true,1,
7290005423567,false,מטליות לניקוי בגליל צהוב סנו סושי) (40,החברה הדרומית לשיווק בעמ,,,יח`,1,,false,1,20.90,20.90,true,1,
7290005424847,false,מפיות נייר סנו סושי (150),החברה הדרומית לשיווק בעמ,,,יח`,150,יח`,false,1,8.90,0.06,true,1,
7290005424915,false,סנומוד נטול גזפציולי 150 מל,החברה הדרומית לשיווק בעמ,,,יח`,150,"מ""ל",false,1,11.90,7.93,true,1,
7290005426230,false,מטלית הפלא לרצפה סנו סושי,החברה הדרומית לשיווק בעמ,,,יח`,1,,false,1,12.90,12.90,true,1,
7290005427107,false,מגבת הפלא סנו סושי (6),החברה הדרומית לשיווק בעמ,,,יח`,570,גרם,false,1,13.90,2.44,true,1,
7290005430480,false,מטלית הפלא מיקרופייבר סנו סושי,החברה הדרומית לשיווק בעמ,,,יח`,1,,false,1,7.90,7.90,true,1,
7290005430602,false,סנו אוקסיג`ן מרסס מסיר כתמים,החברה הדרומית לשיווק בעמ,,,יח`,750,"מ""ל",false,1,19.90,2.65,true,1,
7290005431883,false,מלבי חלבי 165 גר`עדן קינוחים,תנובה - חלב,,,יח`,165,"מ""ל",false,1,7.20,4.36,false,1,
7290005431913,false,עוגת גבינה פרורים 92 גר`עדן קינוחים,תנובה - חלב,,,יח`,92,גרם,false,1,7.20,7.83,false,1,
7290005431920,false,עוגת גבינה פרורים לייט 78 גר`עדן קינוחי,תנובה - חלב,,,יח`,1,,false,1,7.20,7.20,false,1,
7290005559907,false,פיצה משפחתית גבינה מעדנות (500 גרם),תנובה קפואים,,,יח`,500,גרם,false,1,27.50,5.50,false,1,
7290005559914,false,פיצה משפחתית זיתים מעדנות (550 גרם),תנובה קפואים,,,יח`,550,גרם,false,1,27.50,5,false,1,
7290005559990,false,בצק פילאס תורכי מעדנות (600 גרם),תנובה קפואים,,,יח`,600,גרם,false,1,25.40,4.23,false,1,
7290005838002,false,דניאלה מעדן בטעם וניל שטראוס (88 גרם),שטראוס גרופ בעמ/מצונן,,,יח`,150,"מ""ל",false,1,4,2.67,false,1,
7290005839078,false,יוגורט ביו 3% דנונה (150x8 גרם),שטראוס גרופ בעמ/מצונן,,,יח`,1.20,1 ליטר,false,1,17.50,14.58,false,1,
7290005839108,false,סימפוניה 200 גר +5%זיתים,שטראוס גרופ בעמ/מצונן,,,יח`,200,גרם,false,1,12.20,6.10,false,1,
7290005839313,false,מילקי טופ מגולגלת,שטראוס גרופ בעמ/מצונן,,,יח`,130,"מ""ל",false,1,4.90,3.77,false,1,
7290005896453,false,מכבי חוזר 7.9 500 מל בקבוק,טמפו משקאות בעמ,,,יח`,500,"מ""ל",false,1,8.50,1.46,false,1,
7290005966033,false,הר חרמון לבן יקב רמת הגולן (750 מל),היכל היין שקד גולן בעמ,,,יח`,750,"מ""ל",false,1,37.90,5.01,true,1,
7290005992018,false,יוגורט עיזים 3% לשתיה גד (500 מל),מחלבות גד שיווק 1992 בעמ,,,יח`,500,"מ""ל",false,1,14.90,2.98,false,1,
7290005992575,false,גבינה בולגרית למריחה 5% גד (250 גרם),מחלבות גד שיווק 1992 בעמ,,,יח`,250,גרם,false,1,17.90,7.16,false,1,
7290005992735,false,לאבנה 5% גד (250 גרם),מחלבות גד שיווק 1992 בעמ,,,יח`,250,גרם,false,1,12.90,5.16,false,1,
7290006235244,false,קמיל בלו צמחי מרפא פסטה 100 גר`,פישר תעשיות פרמצבטיות בעמ,,,יח`,100,גרם,false,1,22.90,22.90,false,1,
7290006241191,false,אגוזי מלך טבעיים קליית גת (150 גרם),ליימן שליסל בעמ,,,יח`,150,גרם,false,1,17.90,11.93,true,1,
7290006241214,false,שקדים טבעיים קליית גת (200 גרם),ליימן שליסל בעמ,,,יח`,200,גרם,false,1,17.90,8.95,true,1,
7290006241511,false,פריגת קפוא לימון נענע 280 מל,החב` המרכזית - טרה,,,יח`,280,"מ""ל",false,1,15.60,5.57,true,1,
7290006251275,false,תה ירוק סיני ויסוצקי) (25,תה ויסוצקי (ישראל) בעמ,,,יח`,37.50,גרם,false,1,27.90,74.40,true,1,
7290006251343,false,תה פסיפלורה מנגו ויסוצקי הגן הקסום) (25,תה ויסוצקי (ישראל) בעמ,,,יח`,62.50,גרם,false,1,17.90,28.64,true,1,
7290006251374,false,תה ירוק לימונית וג`ינג`ר ויסוצקי) (25,תה ויסוצקי (ישראל) בעמ,,,יח`,25,גרם,false,1,27.90,111.60,true,1,
7290006272072,false,מעדנות חטיפי פיצה 650 גר`,תנובה קפואים,,,יח`,650,גרם,false,1,35.90,5.52,false,1,
7290006306296,false,רביולי גבינה לילדים פסטה נונה (400 גרם),מחלבות גד שיווק 1992 בעמ,,,יח`,400,גרם,false,1,24.90,6.23,true,1,
7290006306319,false,רביולי בטטה פסטה נונה (400 גרם),מחלבות גד שיווק 1992 בעמ,,,יח`,400,גרם,false,1,24.90,6.23,true,1,
7290006306326,false,רביולי פטריות ופרמזן פסטה נונה (400 גרם),מחלבות גד שיווק 1992 בעמ,,,יח`,400,גרם,false,1,24.90,6.23,true,1,
7290006342447,false,גרעין אבטיח 200 גרם ששון הקולה,דין שיווק וקליה 2021 בעמ,,,יח`,200,גרם,false,1,13.90,6.95,false,1,
7290006374738,false,קונפיטורת תות יד מרדכי 340 גר`,שטראוס גרופ בעמ,,,יח`,340,גרם,false,1,12.90,3.79,false,1,
7290006492432,false,גבינה מוצרלה בייבי 18% גד (150 גרם),מחלבות גד שיווק 1992 בעמ,,,יח`,170,גרם,false,1,14.90,8.76,false,1,
7290006492616,false,בולגרית פרוסות -2505%גד,מחלבות גד שיווק 1992 בעמ,,,יח`,250,גרם,false,1,27.90,11.16,false,1,
7290006492630,false,גבינה עיזים גדעז 20% גד (180 גרם),מחלבות גד שיווק 1992 בעמ,,,יח`,180,גרם,false,1,23.90,13.28,false,1,
7290006492685,false,גבינת לאבנה עיזים 5% גד (250 גרם),מחלבות גד שיווק 1992 בעמ,,,יח`,250,גרם,false,1,18.90,7.56,false,1,
7290006492852,false,גבינה לבנה עיזים 5% גד (250 גרם),מחלבות גד שיווק 1992 בעמ,,,יח`,250,גרם,false,1,17.90,7.16,true,1,
7290006492913,false,לבנה ציזיקי 250 גר,מחלבות גד שיווק 1992 בעמ,,,יח`,250,גרם,false,1,13.90,5.56,false,1,
7290006494924,false,טוסו וופל ללתס במילוי בטעם לימון 200 גר,דנשר (1963) בעמ,,,יח`,200,גרם,false,1,12.50,6.25,false,1,
7290006511683,false,מאנצו-פולי סויה בתרמילים 454 גרם מהד,ג.וילי-פוד אינטרנשיונל **גבינו,,,יח`,454,גרם,false,1,8.90,1.96,false,1,
7290006511751,false,שלישית פטריות חתוכות,ג.וילי-פוד אינטרנשיונל בעמ,,,יח`,870,גרם,false,1,12.50,1.44,false,1,
7290006567048,false,פתיתי קוסקוס ישראלי אסם (350 גרם),קבוצת אסם סחר שות. מוגבלת,,,יח`,350,גרם,false,1,9.10,2.60,false,1,
7290006582355,false,סילאן שקדיה (900 גרם),דין שיווק וקליה 2021 בעמ,,,יח`,900,גרם,false,1,16.30,1.81,false,1,
7290006618078,false,אסטוניש מרסס צהוב למטבח,יעקב יעקבי ובניו בעמ,,,יח`,750,"מ""ל",false,1,11.90,1.59,false,1,
7290006644480,false,תפוזינה תפוזים 500מל,יפאורה,,,יח`,500,"מ""ל",false,1,5.90,1.12,true,1,
7290006644510,false,תפוזינה ענבים 0.5 ליטר,יפאורה,,,יח`,500,"מ""ל",false,1,5.90,1.12,true,1,
7290006653819,false,קוסקוס דק אסם (350 גרם),קבוצת אסם סחר שות. מוגבלת,,,יח`,350,גרם,false,1,9.10,2.60,false,1,
7290006660596,false,קמח עדשים אדומות ללא גלוטן דגש 500 גרם,נטורפוד בעמ,,,יח`,1,,false,1,17.90,17.90,false,1,
7290006664051,false,אקטימל 1.8% דנונה (100x14 מל),שטראוס גרופ בעמ/מצונן,,,יח`,1.40,1 ליטר,false,1,30.90,22.07,false,1,
7290006664532,false,יוגורט ביו 3% תות דנונה (150 גרם),שטראוס גרופ בעמ/מצונן,,,יח`,150,"מ""ל",false,1,3.90,2.60,false,1,
7290006664655,false,אקטימל דנונה (100x8 מל),שטראוס גרופ בעמ/מצונן,,,יח`,800,"מ""ל",false,1,20.90,2.61,false,1,
7290006664693,false,יוגורט ביו 3% אפרסק דנונה (150 גרם),שטראוס גרופ בעמ/מצונן,,,יח`,150,"מ""ל",false,1,3.90,2.60,false,1,
7290006664990,false,יוגורט ביו 1.7% דנונה (150x8 גרם),שטראוס גרופ בעמ/מצונן,,,יח`,1.20,1 ליטר,false,1,17.50,14.58,false,1,
7290006681003,false,שטראוס קרמיסימו תות לימון,גלידות שטראוס בעמ,,,יח`,1.33,1 ליטר,false,1,20.90,15.71,true,1,
7290006681553,false,קרמבו שמינייה וניל,גלידות שטראוס בעמ,,,יח`,200,גרם,false,1,16.90,8.45,false,1,
7290006681560,false,קרמבו שמינייה מוקה,גלידות שטראוס בעמ,,,יח`,200,גרם,false,1,16.90,8.45,false,1,
7290006681966,false,שטראוס קרמיסימו,גלידות שטראוס בעמ,,,יח`,1.33,1 ליטר,false,1,20.90,15.71,true,1,
7290006681980,false,שטראוס קרמיסימו פירות יער,גלידות שטראוס בעמ,,,יח`,1.33,1 ליטר,false,1,20.90,15.71,true,1,
7290006704061,false,עירית ארוזה,א.אדמה (2007) בעמ,,,יח`,1,,false,1,5.90,5.90,false,1,
7290006712981,false,משחת שיניים לילדים קולגייט (50 מל),ש.שסטוביץ בעמ,,,יח`,66,גרם,false,1,12.90,19.55,false,1,
7290006739292,false,פסטרממיה תבור 330,זוגלובק שיווק בעמ,,,יח`,330,גרם,false,1,30.50,9.24,true,1,
7290006739346,false,נקניקיות פרגיות זוגלובק (400 גרם),זוגלובק שיווק בעמ,,,יח`,400,גרם,false,1,19.30,4.83,false,1,
7290006739414,false,סלמי קוניאק זוגלובק (300 גרם),זוגלובק שיווק בעמ,,,יח`,350,גרם,false,1,32.60,9.31,true,1,
7290006739421,false,סלמי איטלקי מעושן זוגלובק (300 גרם),זוגלובק שיווק בעמ,,,יח`,300,גרם,false,1,30.50,10.17,true,1,
7290006739445,false,שניצל תירס זוגלובק (750 גרם),זוגלובק שיווק בעמ,,,יח`,750,גרם,false,1,27.50,3.67,true,1,
7290006741387,false,מלוואח 700 גר`בדצ,זוגלובק שיווק בעמ,,,יח`,700,גרם,false,1,18.30,2.61,false,1,
7290006742278,false,פסטרמה צלויה 330 גר`,זוגלובק שיווק בעמ,,,יח`,330,גרם,false,1,30.50,9.24,true,1,
7290006742292,false,פסטרממיה בדבש 330 גר`,זוגלובק שיווק בעמ,,,יח`,330,גרם,false,1,30.50,9.24,true,1,
7290006742315,false,חזה הודו ברביקיו 330 גר`,זוגלובק שיווק בעמ,,,יח`,330,גרם,false,1,30.50,9.24,true,1,
7290006764072,false,בירה גולדסטאר (500 מל),טמפו משקאות בעמ,,,יח`,500,"מ""ל",false,1,7.70,1.30,false,1,
7290006775023,false,עוגה אנגלית אחוה (450 גרם)אחוה,אחדות בעמ,,,יח`,450,גרם,false,1,11.90,2.64,true,1,
7290006775030,false,עוגת שוקו צ`יפס אחוה (450 גרם)אחוה,אחדות בעמ,,,יח`,450,גרם,false,1,11.90,2.64,true,1,
7290006775047,false,עוגת שוקולד אחוה (450 גרם)אחוה,אחדות בעמ,,,יח`,450,גרם,false,1,11.90,2.64,true,1,
7290006775054,false,עוגת שיש אחוה (450 גרם)אחוה,אחדות בעמ,,,יח`,450,גרם,false,1,11.90,2.64,true,1,
7290006775085,false,עוגת שמרים שוקולד אחוה (400 גרם),אחדות בעמ,,,יח`,400,גרם,false,1,11.90,2.98,false,1,
7290006775344,false,עוגת שמרים קינמון/אגוזים 400 גר`אחוה,אחדות בעמ,,,יח`,400,גרם,false,1,11.90,2.98,false,1,
7290006805850,false,תערובת להכנת פנקייקס פילסברי (500 גרם),ליימן שליסל בעמ,,,יח`,500,גרם,false,1,20.30,4.06,false,1,
7290006822192,false,פריגת אושן ספריי 1 ליטר,החברה המרכזית להפצת משקאות בעמ,,,יח`,1,1 ליטר,false,1,13.90,13.90,false,1,
7290006908377,false,שקדים פיצוחי חממה (150 גרם),בוטנת בעמ,,,יח`,150,גרם,false,1,18.30,12.20,false,1,
7290006908391,false,אגוזי קשיו קלויים פיצוחי חממה (150 גרם),בוטנת בעמ,,,יח`,150,גרם,false,1,18.30,12.20,false,1,
7290006960429,false,כרוב בולגרי כבוש 750 גר`מאמא מרי,מאמא - מרי בעמ,,,יח`,750,גרם,false,1,18.90,2.52,true,1,
7290006983152,false,קרוטונים מתובלים למרק אסם (400 גרם),קבוצת אסם סחר שות. מוגבלת,,,יח`,400,גרם,false,1,21.40,5.35,false,1,
7290006983763,false,עוגת הבית בטעם שוקולד אסם (400 גרם),קבוצת אסם סחר שות. מוגבלת,,,יח`,400,גרם,false,1,12.50,3.13,false,1,
7290006983770,false,עוגת הבית שיש אסם (400 גרם),קבוצת אסם סחר שות. מוגבלת,,,יח`,400,גרם,false,1,12.50,3.13,false,1,
7290006983787,false,עוגת הבית שוקוצ`יפס אסם (400 גרם),קבוצת אסם סחר שות. מוגבלת,,,יח`,400,גרם,false,1,12.50,3.13,false,1,
7290006983794,false,עוגת הבית תפוז אסם (400 גרם),קבוצת אסם סחר שות. מוגבלת,,,יח`,400,גרם,false,1,12.50,3.13,false,1,
7290008000826,false,ברבי משחת שיניים לילדים,גורי ע.ע.ע בעמ,,,יח`,50,גרם,false,1,11.90,23.80,false,1,
7290008023542,false,סיף פנטסטיק שמפו רצפות 4 ליטר,יוניליוור ישראל שיווק בעמ,,,יח`,4,1 ליטר,false,1,21.40,5.35,true,1,
7290008101318,false,קריספ זהוב 300 גר`,א.ל.ייצור ושיווק תבלינים בעמ,,,יח`,300,גרם,false,1,7.90,2.63,true,1,
7290008154222,false,שניצלונים 700 גר`עוף טוב,קבוצת אסם סחר שות. מוגבלת,,,יח`,700,גרם,false,1,13.90,1.99,false,1,
7290008175173,false,חמאה מפינלנד ללא תוספת מלח (200 גרם),ג.וילי-פוד אינטרנשיונל **גבינו,,,יח`,200,גרם,false,1,11.90,5.95,false,1,
7290008175814,false,פטריות חתוך 400 גר`,ג.וילי-פוד אינטרנשיונל בעמ,,,יח`,400,גרם,false,1,5.50,1.38,false,1,
7290008268455,false,קיווי ארוז בראשית,בראשית - אגודה שיתופית*שיק 45,,,יח`,1,,false,1,15,15,false,1,
7290008343466,false,בצק פילו שלושת האופים (500 גרם),נטו מלינדה סחר בעמ,,,יח`,500,גרם,false,1,20.90,4.18,true,1,
7290008343558,false,סיגרים בשר 1 קג שלושת האופים,נטו מלינדה סחר בעמ,,,יח`,1,"ק""ג",false,1,20.90,20.90,true,1,
7290008345453,false,מג`יק פירה+ירקות,נטו מלינדה סחר בעמ,,,יח`,53,גרם,false,1,5.50,10.38,false,1,
7290008347211,false,אצבעות דג מצופות דלידג (700 גרם),נטו מלינדה סחר בעמ,,,יח`,700,גרם,false,1,24.40,3.49,true,1,
7290008350150,false,בצק פילו מצונן מרודד השף שגב,נטו מלינדה סחר בעמ,,,יח`,1,,false,1,15.90,15.90,true,1,
7290008350167,false,בצק לפיצה מצונן מרודד השף שגב,נטו מלינדה סחר בעמ,,,יח`,1,,false,1,15.90,15.90,true,1,
7290008350174,false,בצק עלים מצונן מרודד השף שגב,נטו מלינדה סחר בעמ,,,יח`,1,,false,1,15.90,15.90,true,1,
7290008409049,false,מיני מיני דק שניצלונים בציפוי שומשום מאמ,תנובה קפואים,,,יח`,500,גרם,false,1,28.50,5.70,false,1,
7290008409124,false,שניצל ג`ונגל מאמא עוף (700 גרם),תנובה קפואים,,,יח`,700,גרם,false,1,38.80,5.54,false,1,
7290008409551,false,שניצל עוף ציפוי מעודן מאמא עוף,תנובה קפואים,,,יח`,700,גרם,false,1,45.80,6.54,false,1,
7290008443616,false,נקה 7 מרכך 750 מל ורוד,החברה הדרומית לשיווק בעמ,,,יח`,750,"מ""ל",false,1,11.90,1.59,true,1,
7290008464109,false,גולדסטאר לא מסונן בודד 330 מל,טמפו משקאות בעמ,,,יח`,330,"מ""ל",false,1,8.20,2.39,false,1,
7290008464222,false,בירה מכבי 7.9% 500 פחית.,טמפו משקאות בעמ,,,יח`,500,"מ""ל",false,1,7.90,1.52,false,1,
7290008464475,false,בירה מכבי פחית 500 מל,טמפו משקאות בעמ,,,יח`,500,"מ""ל",false,1,7.50,1.44,false,1,
7290008464604,false,הייניקן פחית 500 מל,טמפו משקאות בעמ,,,יח`,500,"מ""ל",false,1,12.50,2.44,false,1,
7290008464697,false,בירה 7.9% אלכוהול מכבי (330x6 מל),טמפו משקאות בעמ,,,יח`,1.98,1 ליטר,false,1,36.60,17.58,true,1,
7290008464734,false,בירה גולדסטאר סלו ברו 330 מל בקבוק שישי,טמפו משקאות בעמ,,,יח`,1.98,1 ליטר,false,1,43.80,21.21,true,1,
7290008464741,false,בירה גולדסטאר 330 מל בקבוק שישייה,טמפו משקאות בעמ,,,יח`,1.98,1 ליטר,false,1,40.70,19.65,true,1,
7290008464796,false,בירה הייניקן 330 מל בקבוק שישייה,טמפו משקאות בעמ,,,יח`,1.98,1 ליטר,false,1,35.90,17.22,true,1,
7290008470766,false,מארז שימינייה אורביט סטיקס ללס,מרס ריגלי ישראל בעמ,,,יח`,1,,false,1,16.30,16.30,false,1,
7290008493413,false,פירורי גריסיני מאיר בייגל (200 גרם),דנשר (1963) בעמ,,,יח`,200,גרם,false,1,6.40,3.20,false,1,
7290008609531,false,נייר אפייה 50 יח`פאלאס,פאלאס תעשיות נטו (2014) בעמ,,,יח`,1,,false,1,10.90,10.90,true,1,
7290008636964,false,שקדים מולבנים שבבים 100 גר`,מיה תעשיות מזון מ.ת.מ. בעמ,,,יח`,100,גרם,false,1,12.50,12.50,false,1,
7290008644112,false,מטבוחה 125אחלה יום יום,שטראוס גרופ בעמ/מצונן,,,יח`,125,גרם,false,1,5,4,false,1,
7290008644235,false,מבחר עלי בייבי 120 גרם-טעם הטבע,שטראוס גרופ בעמ/מצונן,,,יח`,120,גרם,false,1,10.10,8.42,false,1,
7290008644945,false,סלט המושבה שטראוס 450 גר`-טעם הטבע,שטראוס גרופ בעמ/מצונן,,,יח`,450,גרם,false,1,11.20,2.49,false,1,
7290008645935,false,חומוס אחלה (750 גרם),שטראוס גרופ בעמ/מצונן,,,יח`,750,גרם,false,1,9.90,1.32,false,1,
7290008670159,false,יין יסמין לבן 750 מל,היכל היין שקד גולן בעמ,,,יח`,750,"מ""ל",false,1,39.90,5.28,true,1,
7290008690713,false,נקטר חמוציות אושן ספריי פריגת (1 ליטר),החברה המרכזית להפצת משקאות בעמ,,,יח`,1,1 ליטר,false,1,13.90,13.90,false,1,
7290008693134,false,דניאלה מעדן בטעם תות שטראוס (88 גרם),שטראוס גרופ בעמ/מצונן,,,יח`,150,"מ""ל",false,1,4,2.67,false,1,
7290008713900,false,לחם שיפון עגול פרוס אחדות (750 גרם),שלמה א. אנג`ל בעמ,,,יח`,750,גרם,false,1,12.50,1.67,false,1,
7290008713917,false,לחם שיפון כהה פרוס אחדות (750 גרם),שלמה א. אנג`ל בעמ,,,יח`,750,גרם,false,1,12.50,1.67,false,1,
7290008745239,false,תפוצ`יפס 50 גר קראנץ`,שטראוס פריטו ליי בעמ,,,יח`,55,גרם,false,1,4,7.27,false,1,
7290008747547,false,תפוצ`יפס 200 גר` קראנץ`,שטראוס פריטו ליי בעמ,,,יח`,200,גרם,false,1,11.50,5.75,true,1,
7290008752244,false,תפוצ`יפס 50 גר קראנץ`גריל,שטראוס פריטו ליי בעמ,,,יח`,50,גרם,false,1,4,8,false,1,
7290008753111,false,תפוצ`יפס 50 גר קראנץ`מקסיקני,שטראוס פריטו ליי בעמ,,,יח`,50,גרם,false,1,4,8,false,1,
7290008757034,false,סודה 250 מל,יפאורה,,,יח`,250,"מ""ל",false,1,2.90,1.04,true,1,
7290008757072,false,משקה מוגז בטעם תות שוופס (330 מל),יפאורה,,,יח`,330,"מ""ל",false,1,3.80,1.06,true,1,
7290008757386,false,מפז פחית ענבים,יפאורה,,,יח`,330,"מ""ל",false,1,3.80,1.06,true,1,
7290008757980,false,נקטר רימונים ספרינג (1 ליטר),יפאורה,,,יח`,1,1 ליטר,false,1,7.30,7.30,false,1,
7290008775816,false,ערגליות שוקו אסם (300 גרם),קבוצת אסם סחר שות. מוגבלת,,,יח`,300,גרם,false,1,12.20,4.07,true,1,
7290008775823,false,ערגליות תות אסם (300 גרם),קבוצת אסם סחר שות. מוגבלת,,,יח`,300,גרם,false,1,12.20,4.07,true,1,
7290008801010,false,קברנה/מרלו פי.סי אדום יבש 750 מל,אגודת הכורמים,,,יח`,750,"מ""ל",false,1,41.90,5.55,true,1,
7290008801119,false,סלקטד סוביניון בלאן יקבי כרמל (750 מל),אגודת הכורמים,,,יח`,750,"מ""ל",false,1,30.90,4.08,true,1,
7290008801157,false,סלקטד מרלו יקבי כרמל (750 מל),אגודת הכורמים,,,יח`,750,"מ""ל",false,1,30.90,4.08,true,1,
7290008801522,false,קונקורד אדום מתוק 750 מל קינג דיוויד,אגודת הכורמים,,,יח`,750,"מ""ל",false,1,22.90,3.01,true,1,
7290008801546,false,מוסקט מתוק 750 מל קינג דיוויד,אגודת הכורמים,,,יח`,750,"מ""ל",false,1,22.90,3.01,true,1,
7290008801850,false,סלקטד אמרלד ריזלינג יקבי כרמל (750 מל),אגודת הכורמים,,,יח`,750,"מ""ל",false,1,30.90,4.08,true,1,
7290008802512,false,וינו אדום 750 מל,אגודת הכורמים,,,יח`,750,"מ""ל",false,1,20.90,2.75,true,1,
7290008802529,false,וינו לבן 750 מל,אגודת הכורמים,,,יח`,750,"מ""ל",false,1,20.90,2.75,true,1,
7290008802895,false,קברנה סוביניון פי.סי אדום יבש 750 מל,אגודת הכורמים,,,יח`,750,"מ""ל",false,1,41.90,5.55,true,1,
7290008803090,false,מרלו אזורית אדום יבש 750 מל,אגודת הכורמים,,,יח`,750,"מ""ל",false,1,54.90,7.28,true,1,
7290008804189,false,קברנה סוביניון אזורית אדום יבש 750 מל,אגודת הכורמים,,,יח`,750,"מ""ל",false,1,54.90,7.28,true,1,
7290008805049,false,סלקטד זינפנדל סמוק יקבי כרמל (750 מל),אגודת הכורמים,,,יח`,750,"מ""ל",false,1,30.90,4.08,true,1,
7290008805384,false,סלקטד מוסקטו לבן יקבי כרמל (750 מל),אגודת הכורמים,,,יח`,750,"מ""ל",false,1,30.90,4.08,true,1,
7290008805520,false,קברנה מרלו סלקטד אדום יבש 750 מל,אגודת הכורמים,,,יח`,750,"מ""ל",false,1,30.90,4.08,true,1,
7290008805964,false,קברנה שיראז אזורית אדום יבש 750 מל,אגודת הכורמים,,,יח`,750,"מ""ל",false,1,54.90,7.28,true,1,
7290008806961,false,שטראוס קרמיסימו שוקולד ציפ,גלידות שטראוס בעמ,,,יח`,1.33,1 ליטר,false,1,20.90,15.71,true,1,
7290008909761,false,בירה קרלסברג 330 מל בקבוק,החברה המרכזית להפצת משקאות בעמ,,,יח`,330,"מ""ל",false,1,7.50,2.18,false,1,
7290008909846,false,פחית קולה זירו,החברה המרכזית להפצת משקאות בעמ,,,יח`,330,"מ""ל",false,1,5.10,1.45,false,1,
7290008909853,false,קוקה קולה זירו 500 מל,החברה המרכזית להפצת משקאות בעמ,,,יח`,500,"מ""ל",false,1,6.90,1.32,false,1,
7290008909884,false,קוקה קולה זירו בקבוק זכוכית 330 מל,החברה המרכזית להפצת משקאות בעמ,,,יח`,330,"מ""ל",false,1,5.90,1.70,false,1,
7290010002023,false,כורכום תבליני מימון (100 גרם),א.ל.ייצור ושיווק תבלינים בעמ,,,יח`,100,גרם,false,1,13.20,13.20,false,1,
7290010002030,false,כמון טחון תבליני מימון (100 גרם),א.ל.ייצור ושיווק תבלינים בעמ,,,יח`,100,גרם,false,1,13.20,13.20,false,1,
7290010002122,false,פפריקה הונגרית מתוקה 100 גר`,א.ל.ייצור ושיווק תבלינים בעמ,,,יח`,100,גרם,false,1,13.20,13.20,false,1,
7290010002146,false,פפריקה מרוקאית מתוקה 100 גר`,א.ל.ייצור ושיווק תבלינים בעמ,,,יח`,100,גרם,false,1,13.20,13.20,false,1,
7290010002153,false,פפריקה מרוקאית חריפה 100 גר`,א.ל.ייצור ושיווק תבלינים בעמ,,,יח`,100,גרם,false,1,13.20,13.20,false,1,
7290010002191,false,מקלות קינמון תבליני מימון (50 גרם),א.ל.ייצור ושיווק תבלינים בעמ,,,יח`,50,גרם,false,1,14.90,29.80,false,1,
7290010002429,false,עלי דפנה תבליני מימון (20 גרם),א.ל.ייצור ושיווק תבלינים בעמ,,,יח`,20,גרם,false,1,12.20,61,false,1,
7290010002696,false,צ`יפס אורז חום מלא שמנת בצל 60 גר` אקסטר,א.ל.ייצור ושיווק תבלינים בעמ,,,יח`,60,גרם,false,1,7.50,12.50,true,1,
7290010003693,false,פפריקה מתוקה תבליני מימון (80 גרם),א.ל.ייצור ושיווק תבלינים בעמ,,,יח`,80,גרם,false,1,7.10,8.88,false,1,
7290010003754,false,כמון טחון תבליני מימון (50 גרם),א.ל.ייצור ושיווק תבלינים בעמ,,,יח`,50,גרם,false,1,7.10,14.20,false,1,
7290010023141,false,תה לימונענע ויסוצקי הגן הקסום) (25,תה ויסוצקי (ישראל) בעמ,,,יח`,50,גרם,false,1,17.90,35.80,true,1,
7290010023622,false,תה מעודן עם נגיעות נענע ויסוצקי) (100,תה ויסוצקי (ישראל) בעמ,,,יח`,100,גרם,false,1,25.40,25.40,false,1,
7290010045006,false,עוגיות חמאה פריכות לחמי (200 גרם),אבאל יזמות בעמ,,,יח`,200,גרם,false,1,19.90,9.95,true,1,
7290010045068,false,עוגיות נסיכה לחמי (250 גרם),אבאל יזמות בעמ,,,יח`,250,גרם,false,1,19.90,7.96,true,1,
7290010051021,false,בזיליקום א.אדמה,א.אדמה (2007) בעמ,,,יח`,1,,false,1,5.90,5.90,false,1,
7290010051045,false,סלט ביבי מיקס בנספק,א.אדמה (2007) בעמ,,,יח`,1,,false,1,9.90,9.90,false,1,
7290010051052,false,פטרוזליה א. אדמה,א.אדמה (2007) בעמ,,,יח`,120,גרם,false,1,3.90,3.25,false,1,
7290010051076,false,לבבות חסה קיסר,א.אדמה (2007) בעמ,,,יח`,1,,false,1,11.90,11.90,false,1,
7290010051120,false,מרווה,א.אדמה (2007) בעמ,,,יח`,1,,false,1,5.90,5.90,false,1,
7290010051144,false,תרד עלים א.אדמה,א.אדמה (2007) בעמ,,,יח`,180,גרם,false,1,9.90,5.50,false,1,
7290010051168,false,כוסברה א. אדמה,א.אדמה (2007) בעמ,,,יח`,1,,false,1,3.90,3.90,false,1,
7290010051175,false,שמיר א. אדמה,א.אדמה (2007) בעמ,,,יח`,1,,false,1,3.90,3.90,false,1,
7290010051182,false,עלי נענע א. אדמה,א.אדמה (2007) בעמ,,,יח`,1,,false,1,3.90,3.90,false,1,
7290010051199,false,שורש פטרוזיליה א. אדמה,א.אדמה (2007) בעמ,,,יח`,1,,false,1,5.90,5.90,false,1,
7290010051205,false,עלי סלרי א. אדמה,א.אדמה (2007) בעמ,,,יח`,1,,false,1,5.90,5.90,false,1,
7290010051212,false,סלרי ראש.,א.אדמה (2007) בעמ,,,יח`,300,גרם,false,1,5.90,1.97,false,1,
7290010051267,false,לוף ארוז- א.אדמה,א.אדמה (2007) בעמ,,,יח`,1,,false,1,10.90,10.90,false,1,
7290010051281,false,עלה רוקולה 110 גר,א.אדמה (2007) בעמ,,,יח`,110,גרם,false,1,9.90,9,false,1,
7290010051298,false,סלק עלים ארוז מנגולד א.אד,א.אדמה (2007) בעמ,,,יח`,1,,false,1,5.90,5.90,false,1,
7290010051328,false,חסה באק צ`וי א. אדמה,א.אדמה (2007) בעמ,,,יח`,1,,false,1,12.90,12.90,false,1,
7290010051335,false,בצל ירוק,א.אדמה (2007) בעמ,,,יח`,1,,false,1,5.90,5.90,false,1,
7290010051373,false,לבבות חסה בשקית,א.אדמה (2007) בעמ,,,יח`,1,,false,1,10.90,10.90,false,1,
7290010051434,false,חסה סלנובה,א.אדמה (2007) בעמ,,,יח`,1,,false,1,11.90,11.90,false,1,
7290010051687,false,רוזמרין ארוז,א.אדמה (2007) בעמ,,,יח`,300,גרם,false,1,5.90,1.97,false,1,
7290010051724,false,מלפפון בייבי,א.אדמה (2007) בעמ,,,יח`,1,,false,1,9.90,9.90,false,1,
7290010066025,false,טונה בשמן פילטונה 160 גרם,פילטונה תעשיות בעמ,,,יח`,160,גרם,false,1,6.10,3.81,false,1,
7290010066513,false,טונה בשמן צמחי 158 גר` רביעייה פילטונה,פילטונה תעשיות בעמ,,,יח`,632,גרם,false,1,23.90,3.78,false,1,
7290010066520,false,פילטונה בשמן קנולה 160 גר,פילטונה תעשיות בעמ,,,יח`,160,גרם,false,1,6.10,3.81,false,1,
7290010066599,false,פילטונה נתחי טונה בשמן זית רביעייה,פילטונה תעשיות בעמ,,,יח`,640,גרם,false,1,28.90,4.52,false,1,
7290010117864,false,חטיף תירס חריף אש דוריטוס (70 גרם),שטראוס פריטו ליי בעמ,,,יח`,70,גרם,false,1,4,5.71,true,1,
7290010118328,false,חטיף צ`יפס בטעם טבעי תפוצ`יפס (40x6 גרם),שטראוס פריטו ליי בעמ,,,יח`,240,גרם,false,1,13.20,5.50,false,1,
7290010237890,false,בירה היינקן (500 מל),טמפו משקאות בעמ,,,יח`,500,"מ""ל",false,1,8.90,1.54,false,1,
7290010259359,false,נודלס ביצים להקצפה וילי פוד (200 גרם),ג.וילי-פוד אינטרנשיונל בעמ,,,יח`,200,גרם,false,1,5.90,2.95,false,1,
7290010259366,false,נודלס מסולסלות וילי פוד (200 גרם),ג.וילי-פוד אינטרנשיונל בעמ,,,יח`,200,גרם,false,1,5.90,2.95,false,1,
7290010259823,false,מנת השף נודלס בטעם עוף וילי פוד (70 גרם),ג.וילי-פוד אינטרנשיונל בעמ,,,יח`,70,גרם,false,1,5.50,7.86,false,1,
7290010259830,false,מנת השף מרק+נודלס פיקנטי,ג.וילי-פוד אינטרנשיונל בעמ,,,יח`,70,גרם,false,1,5.50,7.86,false,1,
7290010259847,false,מנת השף מרק+נודלס תירס,ג.וילי-פוד אינטרנשיונל בעמ,,,יח`,70,גרם,false,1,5.50,7.86,false,1,
7290010259854,false,מנת השף מרק+נודלס פטריות,ג.וילי-פוד אינטרנשיונל בעמ,,,יח`,70,גרם,false,1,5.50,7.86,false,1,
7290010259861,false,מנת השף מרק+נודלס ירקות,ג.וילי-פוד אינטרנשיונל בעמ,,,יח`,70,גרם,false,1,5.50,7.86,false,1,
7290010278916,false,שקית 10 מודפס,שמחה זה אנחנו בעמ,,,יח`,1,,false,1,8.90,8.90,false,1,
7290010328093,false,ממרח חלבה אחוה (400 גרם),אחדות בעמ,,,יח`,400,גרם,false,1,10.90,2.73,false,1,
7290010328239,false,טחינה מתובלת משומשום טבעי אחוה (500 גרם),אחדות בעמ,,,יח`,500,גרם,false,1,12.90,2.58,true,1,
7290010328246,false,טחינה משומשום מלא אחוה (500 גרם),אחדות בעמ,,,יח`,500,גרם,false,1,11.90,2.38,true,1,
7290010328253,false,טחינה משומשום טבעי אחוה (500 גרם),אחדות בעמ,,,יח`,500,גרם,false,1,11.90,2.38,true,1,
7290010328468,false,מיני חלווה ב 3 טעמים אחוה,אחדות בעמ,,,יח`,216,גרם,false,1,11.90,5.51,true,1,
7290010328505,false,חטיפי מיני חלוה ללתס 15 יח`,אחדות בעמ,,,יח`,1,,false,1,11.90,11.90,true,1,
7290010328680,false,עוגה בטעם שוקולד עם שוקוצ`יפס מריר ולבן,אחדות בעמ,,,יח`,450,גרם,false,1,11.90,2.64,true,1,
7290010328710,false,קצפיות במגש 180 גר`אחוה,אחדות בעמ,,,יח`,180,גרם,false,1,8.50,4.72,false,1,
7290010328727,false,טחינה עם שוקולד 400 גר אחוה,אחדות בעמ,,,יח`,400,גרם,false,1,10.90,2.73,false,1,
7290010471669,false,דנונה פרי בר קורנפלקס,שטראוס גרופ בעמ/מצונן,,,יח`,175,"מ""ל",false,1,4.50,2.57,false,1,
7290010472390,false,דני שמיניה,שטראוס גרופ בעמ/מצונן,,,יח`,1,1 ליטר,false,1,16.80,16.80,false,1,
7290010535866,false,קיסמי שיניים לבנבנים 200 יח`,קונסיגנציה- ש. י גיספאן 1993,,,יח`,1,,false,1,12.90,12.90,false,1,
7290010546152,false,גרנולה תמרים 400 גר`מנדל,גורי מוצרי צריכה (1991) בעמ,,,יח`,400,גרם,false,1,20.90,5.23,false,1,
7290010546336,false,גרנולה בסילאן ללתס 400 גר`מנדל,גורי מוצרי צריכה (1991) בעמ,,,יח`,400,גרם,false,1,20.90,5.23,false,1,
7290010546343,false,חביתה טבעונית,ל.י.ב. (לחיות יותר בטבע) בעמ,,,יח`,1,,false,1,13.20,13.20,false,1,
7290010569717,false,שטראוס קרמיסימו,גלידות שטראוס בעמ,,,יח`,1.33,1 ליטר,false,1,20.90,15.71,true,1,
7290010627004,false,טחינה ירושלים 500 גר`,תה ויסוצקי (ישראל) בעמ,,,יח`,500,גרם,false,1,16.90,3.38,true,1,
7290010632787,false,צימרוני אוזניים מעץ אינטרסן) (300,אינטרסן 1996 בעמ,,,יח`,300,יח`,false,1,4.90,0.02,false,1,
7290010711031,false,מברשת אבק,מ.א.ייצור ויבוא מטליות בעמ,,,יח`,1,,false,1,15.60,15.60,false,1,
7290010711543,false,כף אשפה עם גומי,מ.א.ייצור ויבוא מטליות בעמ,,,יח`,1,,false,1,6.40,6.40,false,1,
7290010711550,false,דלי איטלקי עם פיה יוגב,מ.א.ייצור ויבוא מטליות בעמ,,,יח`,1,,false,1,12.50,12.50,false,1,
7290010711864,false,מטאטא משובח+מקל,מ.א.ייצור ויבוא מטליות בעמ,,,יח`,1,,false,1,32.90,32.90,false,1,
7290010777099,false,פיתות במרקם מיוחד פיתה אקספרס) (8,מגוון שיווק והפצת מאפים בעמ,,,יח`,800,גרם,false,1,12.30,1.54,false,1,
7290010777297,false,פיתות ביס פיתה אקספרס (10 יח`- 600 גרם),מגוון שיווק והפצת מאפים בעמ,,,יח`,0.01,1 ליטר,false,1,13.90,1390,false,1,
7290010777358,false,פיתות מכוסמין מלא פיתה אקספרס) (8,מגוון שיווק והפצת מאפים בעמ,,,יח`,1,,false,1,16.90,16.90,false,1,
7290010777488,false,ביס מקמח מלא מחמצת 99 קלוריות 10 יח`,מגוון שיווק והפצת מאפים בעמ,,,יח`,1,,false,1,16.90,16.90,false,1,
7290010777525,false,חוכמת הפיתה,מגוון שיווק והפצת מאפים בעמ,,,יח`,0,גרם,false,1,16.90,16.90,false,1,
7290010838219,false,סטיביה מרמולייט (100),דנשר (1963) בעמ,,,יח`,100,יח`,false,1,28.90,0.29,false,1,
7290010838424,false,טואלט דאק 750 מל זוג,דנשר (1963) בעמ,,,יח`,1.50,1 ליטר,false,1,19.90,13.27,false,1,
7290010931330,false,מטבוחה אחלה (500 גרם),שטראוס גרופ בעמ/מצונן,,,יח`,500,גרם,false,1,15.60,3.12,true,1,
7290010945146,false,קוטג` 3% מועשר 250 גר`,החב` המרכזית - טרה,,,יח`,250,גרם,false,1,5.60,2.24,false,1,
7290010945450,false,גבינה לבנה 3% 250 גר` פיקוח,החב` המרכזית - טרה,,,יח`,250,גרם,false,1,4.98,1.99,false,1,
7290011015862,false,סירופ דיאט 750 מל בטעם לימונענע פריגת,החברה המרכזית להפצת משקאות בעמ,,,יח`,750,"מ""ל",false,1,23.90,3.19,false,1,
7290011017866,false,פחית קולה סליק קוקה-קולה (330 מל),החברה המרכזית להפצת משקאות בעמ,,,יח`,330,"מ""ל",false,1,4.30,1.21,true,1,
7290011017873,false,פחית זירו סליק קוקה-קולה (330 מל),החברה המרכזית להפצת משקאות בעמ,,,יח`,330,"מ""ל",false,1,4.30,1.21,true,1,
7290011018184,false,תה קר בטעם אפרסק פיוז-טי (500 מל),החברה המרכזית להפצת משקאות בעמ,,,יח`,500,"מ""ל",false,1,6.40,1.22,false,1,
7290011018474,false,סיידר אלכוהולי 4.5% סומרסבי (330 מל),החברה המרכזית להפצת משקאות בעמ,,,יח`,330,"מ""ל",false,1,10.10,2.97,false,1,
7290011026530,false,קמיל בלו סנסיטיב 500 מל,פישר תעשיות פרמצבטיות בעמ,,,יח`,500,"מ""ל",false,1,23.40,4.68,false,1,
7290011051358,false,שוופס סודה לימון 250 מל,יפאורה,,,יח`,1,,false,1,3.90,3.90,true,1,
7290011051525,false,ספרינג תה קר 0.5 ליטר אפרסק,יפאורה,,,יח`,500,"מ""ל",false,1,5.90,1.12,true,1,
7290011081041,false,שטראוס קרמיסימו וניל גורמה,גלידות שטראוס בעמ,,,יח`,1.30,1 ליטר,false,1,20.90,16.08,true,1,
7290011081492,false,שטראוס קרמיסימו בטעמי 3 שוקלד,גלידות שטראוס בעמ,,,יח`,1.33,1 ליטר,false,1,20.90,15.71,true,1,
7290011081690,false,שטראוס קרמיסימו,גלידות שטראוס בעמ,,,יח`,1.33,1 ליטר,false,1,20.90,15.71,true,1,
7290011103088,false,זיקוקים 6 יח בשקית 15 סמ,שמחה זה אנחנו בעמ,,,יח`,1,,false,1,14.90,14.90,false,1,
7290011126452,false,תה קמומיל ונענע ויסוצקי הגן הקסום) (25,תה ויסוצקי (ישראל) בעמ,,,יח`,37.50,גרם,false,1,17.90,47.73,true,1,
7290011126469,false,תה קמומיל ודבש ויסוצקי הגן הקסום) (25,תה ויסוצקי (ישראל) בעמ,,,יח`,37.50,גרם,false,1,17.90,47.73,true,1,
7290011126940,false,תה ירוק מרווה ויסוצקי) (25,תה ויסוצקי (ישראל) בעמ,,,יח`,37.50,גרם,false,1,27.90,74.40,true,1,
7290011126957,false,תה ירוק ארל גריי ויסוצקי) (25,תה ויסוצקי (ישראל) בעמ,,,יח`,37.50,גרם,false,1,27.90,74.40,true,1,
7290011131395,false,מוזלי קראנצ`י 30% פירות גרין (1 קג),משה סידס ובנו בעמ,,,יח`,1,"ק""ג",false,1,28.50,28.50,true,1,
7290011131654,false,מוזלי קראנצ`י ביג מיקס גרין (1 קג),משה סידס ובנו בעמ,,,יח`,1,"ק""ג",false,1,28.50,28.50,true,1,
7290011142148,false,מארז לחמניות 450 גר`דואט,מאפיית דואט בעמ,,,יח`,1,,false,1,11.90,11.90,false,1,
7290011142193,false,מארז לחמניות מתוקות 450 גר`דואט,מאפיית דואט בעמ,,,יח`,1,,false,1,11.90,11.90,false,1,
7290011148805,false,שעועית טריה ירקט,ירקט ירקות צעירים ארוזים בעמ,,,יח`,1,,false,1,12.90,12.90,false,1,
7290011154035,false,תרכיז תפוחים סחוט 500 מל טעמי הגליל,ליימן שליסל בעמ,,,יח`,500,"מ""ל",false,1,20.90,4.18,false,1,
7290011174866,false,צ`יפס בטטה 700 גר`פרי גליל,ויטה -פרי גליל (החדשה) בעמ,,,יח`,700,גרם,false,1,17.90,2.56,false,1,
7290011194215,false,דניאלה מעדן בטעם בננה שטראוס (88 גרם),שטראוס גרופ בעמ/מצונן,,,יח`,150,"מ""ל",false,1,4,2.67,false,1,
7290011194246,false,גבינת קוטג`5% שטראוס (250 גרם),שטראוס גרופ בעמ/מצונן,,,יח`,250,גרם,false,1,6.10,2.44,false,1,
7290011223045,false,בישקוטים ליידיפינגרז בונומי (200 גרם),דנשר (1963) בעמ,,,יח`,200,גרם,false,1,8.50,4.25,false,1,
7290011254254,false,שוקו צ`יפס בטעם שוקולד מיה (300 גרם),מיה תעשיות מזון מ.ת.מ. בעמ,,,יח`,300,גרם,false,1,8.10,2.70,false,1,
7290011254605,false,תערובת לקדירה לקט חמין 600 גר`,מיה תעשיות מזון מ.ת.מ. בעמ,,,יח`,600,גרם,false,1,14.50,2.42,false,1,
7290011254728,false,ג`לטין טהור 25 גר`,מיה תעשיות מזון מ.ת.מ. בעמ,,,יח`,25,גרם,false,1,12.90,51.60,false,1,
7290011254759,false,שעועית שחורה 500 גר`מיה,מיה תעשיות מזון מ.ת.מ. בעמ,,,יח`,500,גרם,false,1,12.50,2.50,false,1,
7290011254766,false,שעועית לוביה 400 גר`,מיה תעשיות מזון מ.ת.מ. בעמ,,,יח`,400,גרם,false,1,12.50,3.13,false,1,
7290011254773,false,שעועית ארגנטינאית מיה (500 גרם),מיה תעשיות מזון מ.ת.מ. בעמ,,,יח`,500,גרם,false,1,13.20,2.64,false,1,
7290011254810,false,סוכריות ג`לי125 גר`,מיה תעשיות מזון מ.ת.מ. בעמ,,,יח`,125,גרם,false,1,7.40,5.92,false,1,
7290011438142,false,משקה בטעם קפה בקבוק 350,שטראוס גרופ בעמ/מצונן,,,יח`,350,"מ""ל",false,1,6.30,1.80,false,1,
7290011499051,false,גבינת פטה כבשים 20% גד (250 גרם),מחלבות גד שיווק 1992 בעמ,,,יח`,250,גרם,false,1,27.90,11.16,false,1,
7290011499112,false,גבינה בולגרית 16% גד (250 גרם),מחלבות גד שיווק 1992 בעמ,,,יח`,250,גרם,false,1,23.90,9.56,false,1,
7290011499129,false,בולגרית לסלט 5% 200 גר`,מחלבות גד שיווק 1992 בעמ,,,יח`,200,גרם,false,1,21.90,10.95,false,1,
7290011499303,false,פטה עיזים מעודנת 5% גד,מחלבות גד שיווק 1992 בעמ,,,יח`,250,גרם,false,1,31.90,12.76,false,1,
7290011499327,false,גבינה בולגרית מעודנת 5% גד (250 גרם),מחלבות גד שיווק 1992 בעמ,,,יח`,250,גרם,false,1,23.90,9.56,false,1,
7290011499341,false,גבינת קשקאבל 26% שומן גד (200 גרם),מחלבות גד שיווק 1992 בעמ,,,יח`,200,גרם,false,1,26.90,13.45,false,1,
7290011499365,false,גבינת חלומי 24% מחלב בקר גד (200 גרם),מחלבות גד שיווק 1992 בעמ,,,יח`,200,גרם,false,1,22.90,11.45,false,1,
7290011499419,false,גבינת במרקם שמנת 5% טבעי גד,מחלבות גד שיווק 1992 בעמ,,,יח`,200,גרם,false,1,12.90,6.45,false,1,
7290011499525,false,לאבנה דרוזית 9% גד (500 גרם),מחלבות גד שיווק 1992 בעמ,,,יח`,500,גרם,false,1,20.90,4.18,false,1,
7290011499624,false,גבינת שמנת 30% 200 גר`גד,מחלבות גד שיווק 1992 בעמ,,,יח`,200,גרם,false,1,13.90,6.95,true,1,
7290011499846,false,גבינת ריקוטה פרסקה 9% גד (300 גרם),מחלבות גד שיווק 1992 בעמ,,,יח`,300,גרם,false,1,18.90,6.30,false,1,
7290011515683,false,מאגדת אקסטרים וניל 6 יח`,נגה גלידות שותפות מוגבלת,,,יח`,432,גרם,false,1,32.90,7.62,false,1,
7290011515911,false,מאגדת לייט ריבת חלב 6 יח`,נגה גלידות שותפות מוגבלת,,,יח`,312,גרם,false,1,30.50,9.78,false,1,
7290011518561,false,אקטימל בטעם תות דנונה (100x14 מל),שטראוס גרופ בעמ/מצונן,,,יח`,1.40,1 ליטר,false,1,30.90,22.07,false,1,
7290011524555,false,שעועית לבנה מבושלת קפוא 800 גר`פרי גליל,ויטה -פרי גליל (החדשה) בעמ,,,יח`,800,גרם,false,1,10.90,1.36,false,1,
7290011570507,false,קמח נטול גלוטן-כרגיל קונדיטור,תומר יבוא ושיווק מוצרי מזון (1,,,יח`,450,גרם,false,1,16.90,3.76,false,1,
7290011593087,false,שמן זית סבא חביב כתית מעולה 750 מל,בני פאוזי שמשום (2009) בעמ,,,יח`,750,"מ""ל",false,1,30.90,4.12,false,1,
7290011598211,false,סנו אנטי קאלק 4ב1 700 מל,החברה הדרומית לשיווק בעמ,,,יח`,700,"מ""ל",false,1,15.90,2.27,true,1,
7290011598259,false,פרש אוטומטיק מאסק סנו (250 מל),החברה הדרומית לשיווק בעמ,,,יח`,250,"מ""ל",false,1,14.90,5.96,false,1,
7290011607197,false,קולון 5 קג`101 כתמים,רקיט בנקיזר (ניר איסט) בעמ,,,יח`,5,"ק""ג",false,1,41.90,8.38,false,1,
7290011618025,false,נגיסי אורז לתינוקות טעם טבעי,דנשר (1963) בעמ,,,יח`,1,,false,1,14.90,14.90,false,1,
7290011618124,false,בייבי ביס בטעם ירקות,דנשר (1963) בעמ,,,יח`,50,גרם,false,1,14.90,29.80,false,1,
7290011765095,false,מן ג`ל גילוח לעור עדין קרמה (200 מל),החברה הדרומית לשיווק בעמ,,,יח`,200,"מ""ל",false,1,11.90,5.95,false,1,
7290011765613,false,מתז עובש בניחוח לימון 1 לייטר סנו,החברה הדרומית לשיווק בעמ,,,יח`,1000,"מ""ל",false,1,18.90,1.89,true,1,
7290011800642,false,מטבוחה מרוקאית רפי כהן צבר (400 גרם),קבוצת אסם סחר שות. מוגבלת,,,יח`,400,גרם,false,1,17.30,4.33,false,1,
7290011860271,false,ביסבול כדורי פירה תפוגן (700 גרם),קבוצת אסם סחר שות. מוגבלת,,,יח`,700,גרם,false,1,12.90,1.84,false,1,
7290011877446,false,קרם נגד גירויים בייבי כיף,החברה הדרומית לשיווק בעמ,,,יח`,100,גרם,false,1,15.90,15.90,true,1,
7290011877859,false,אינסטלטור פותח סתימות סנו (200 גרם),החברה הדרומית לשיווק בעמ,,,יח`,200,"מ""ל",false,1,15.90,7.95,true,1,
7290011923303,false,טופו טבעי ליב (300 גרם),ל.י.ב. (לחיות יותר בטבע) בעמ,,,יח`,300,גרם,false,1,10.50,3.50,false,1,
7290011947309,false,זית סורי עם לימון כבוש זיתא (230 גרם),תה ויסוצקי (ישראל) בעמ,,,יח`,230,גרם,false,1,14.90,6.48,false,1,
7290011947316,false,זיתי קלמטה 215 גר,תה ויסוצקי (ישראל) בעמ,,,יח`,215,גרם,false,1,14.90,6.93,false,1,
7290011947521,false,זיתא בדץ כמ בטע 750 מל,תה ויסוצקי (ישראל) בעמ,,,יח`,750,"מ""ל",false,1,29.90,3.99,true,1,
7290011947781,false,מיקס זית ירוק וזית קלמטה ללא גלעין עם שמ,תה ויסוצקי (ישראל) בעמ,,,יח`,190,גרם,false,1,14.90,7.84,false,1,
7290011947798,false,זית קלמטה ללא גלעין עם שמן זית כתית מעול,תה ויסוצקי (ישראל) בעמ,,,יח`,190,גרם,false,1,14.90,7.84,false,1,
7290011947903,false,מיקס זיתים יווני,תה ויסוצקי (ישראל) בעמ,,,יח`,215,גרם,false,1,14.90,6.93,false,1,
7290011964344,false,שום גבישי 120 גר`,תבליני טעם וריח בעמ,,,יח`,120,גרם,false,1,9.90,8.25,true,1,
7290011964597,false,כמון טחון 400 גר`,תבליני טעם וריח בעמ,,,יח`,400,גרם,false,1,22.90,5.73,false,1,
7290011964658,false,מלח לימון 170 גר`,תבליני טעם וריח בעמ,,,יח`,170,גרם,false,1,9.90,5.82,true,1,
7290011964689,false,תיבול על האש 100 גר`,תבליני טעם וריח בעמ,,,יח`,100,גרם,false,1,9.90,9.90,true,1,
7290011996062,false,אורז לסושי טעמי אסיה (1 קג),טחנת האבן קואופ בעמ,,,יח`,1,"ק""ג",false,1,14.90,14.90,true,1,
7290011996086,false,צ`ילי חריף 700,טחנת האבן קואופ בעמ,,,יח`,700,"מ""ל",false,1,10.90,1.56,false,1,
7290011996109,false,רוטב צ`ילי מתוק טעמי אסיה (700 מל),טחנת האבן קואופ בעמ,,,יח`,700,"מ""ל",false,1,10.90,1.56,false,1,
7290011996123,false,אצות נורי גולד טעמי אסיה (10),טחנת האבן קואופ בעמ,,,יח`,25,גרם,false,1,12.90,51.60,true,1,
7290011996185,false,חומץ אורז לבן לסושי טעמי אסיה (250 מל),טחנת האבן קואופ בעמ,,,יח`,250,"מ""ל",false,1,11.90,4.76,true,1,
7290011996222,false,מי קוקוס טעמי אסיה (400 מל),טחנת האבן קואופ בעמ,,,יח`,400,"מ""ל",false,1,9.90,2.48,false,1,
7290011996581,false,רוטב חמוץ מתוק 300 מל,טחנת האבן קואופ בעמ,,,יח`,300,"מ""ל",false,1,11.90,3.97,false,1,
7290011996758,false,קמח טמפורה כשר מזרח ומערב 500 גר`,טחנת האבן קואופ בעמ,,,יח`,500,גרם,false,1,12.90,2.58,false,1,
7290011996888,false,רוטב טריאקי טעמי אסיה (300 מל),טחנת האבן קואופ בעמ,,,יח`,300,"מ""ל",false,1,12.90,4.30,false,1,
7290012001994,false,חרדל דיגון גרעינים 350 גרם,דיפלומט היינץ,,,יח`,340,גרם,false,1,14.20,4.18,false,1,
7290012022005,false,קריספיות,דילייט 2005 בעמ,,,יח`,60,גרם,false,1,12.90,21.50,false,1,
7290012022050,false,קריספיות חיטה מלאה,דילייט 2005 בעמ,,,יח`,75,גרם,false,1,13.90,18.53,false,1,
7290012022067,false,קריספיות קידס 30 גרם,דילייט 2005 בעמ,,,יח`,30,גרם,false,1,10.90,36.33,false,1,
7290012116360,false,פוליויקס גרניט פורצלן 2 ליטר,החברה הדרומית לשיווק בעמ,,,יח`,2,1 ליטר,false,1,23.90,11.95,true,1,
7290012116537,false,א.כביסה סנו מקסימה 2.5 קג`,החברה הדרומית לשיווק בעמ,,,יח`,2.50,"ק""ג",false,1,25.90,10.36,true,1,
7290012117275,false,סנוקליר שקית מילוי 750 מל,החברה הדרומית לשיווק בעמ,,,יח`,750,"מ""ל",false,1,6.90,0.92,true,1,
7290012117534,false,סנו מקסימה מרכך 1 ליטר כחול,החברה הדרומית לשיווק בעמ,,,יח`,1,1 ליטר,false,1,18.90,18.90,true,1,
7290012117558,false,סנו מקסימה מרכך 1 ליטר ורוד בהיר,החברה הדרומית לשיווק בעמ,,,יח`,1,1 ליטר,false,1,18.90,18.90,true,1,
7290012117916,false,סנו אינסטלטור נוזלי 1 ליטר,החברה הדרומית לשיווק בעמ,,,יח`,1,1 ליטר,false,1,27.90,27.90,true,1,
7290012159275,false,מיונז לינה (430 גרם),יורוסטנדרט בעמ,,,יח`,430,גרם,false,1,11.30,2.63,false,1,
7290012193163,false,אל סבון פרחי בר ורוד פמילי (1 ליטר),דנשר (1963) בעמ,,,יח`,1,1 ליטר,false,1,15.90,15.90,true,1,
7290012208591,false,סודה לשתייה ללא אלומניום gf אביב ירוק 60,י.איטליאנו אחזקות בעמ,,,יח`,600,גרם,false,1,20.90,3.48,false,1,
7290012226021,false,נקניק סלמי מעושן פראג זוגלובק (400 גרם),זוגלובק שיווק בעמ,,,יח`,400,גרם,false,1,23.40,5.85,false,1,
7290012226120,false,קבנוס זוגלובק (45x3 גרם),זוגלובק שיווק בעמ,,,יח`,135,גרם,false,1,12.50,9.26,true,1,
7290012226939,false,קבנוס 135 גר`עם צ`ילי חריף זוגלובק,זוגלובק שיווק בעמ,,,יח`,135,גרם,false,1,12.50,9.26,true,1,
7290012227172,false,חרמון כפרית 300 גר`+ברביקיו 300 גר`,זוגלובק שיווק בעמ,,,יח`,600,גרם,false,1,35.60,5.93,true,1,
7290012227325,false,סלמי מעושן דק דק 120 גר`זוגלובק,זוגלובק שיווק בעמ,,,יח`,120,גרם,false,1,14.80,12.33,true,1,
7290012227974,false,פסטרמה בדבש 120 גר`זוגלובק,זוגלובק שיווק בעמ,,,יח`,120,גרם,false,1,14.80,12.33,true,1,
7290012227981,false,פסטרמה ברביקין 120 גר`זוגלובק,זוגלובק שיווק בעמ,,,יח`,120,גרם,false,1,14.80,12.33,true,1,
7290012227998,false,חזה בקר 120 גר`זוגלובק,זוגלובק שיווק בעמ,,,יח`,120,גרם,false,1,14.80,12.33,true,1,
7290012228278,false,נקנקיות בוקוורסט הודו ובקר 310 גר,זוגלובק שיווק בעמ,,,יח`,310,גרם,false,1,21.40,6.90,false,1,
7290012228971,false,סלמי תה פפרוני 180 גר`זוגלובק,זוגלובק שיווק בעמ,,,יח`,180,גרם,false,1,16.30,9.06,false,1,
7290012275401,false,בירה מולר 500 מל,בני פאוזי שמשום (2009) בעמ,,,יח`,500,"מ""ל",false,1,3.90,0.72,true,1,
7290012309311,false,ערמונים קלופים שלמים 100גר`,דין שיווק וקליה 2021 בעמ,,,יח`,100,גרם,false,1,6.90,6.90,false,1,
7290012309878,false,חלבה עם פיסטוקים 500 גר`ששון הקולה,דין שיווק וקליה 2021 בעמ,,,יח`,500,גרם,false,1,13.90,2.78,false,1,
7290012349904,false,חטיף תמר בטעם קפה שוקולד 40 גר`,אבאל יזמות בעמ,,,יח`,40,גרם,false,1,8.90,22.25,true,1,
7290012349959,false,חטיף תמר בטעם שוקולד פררו 40 גר`,אבאל יזמות בעמ,,,יח`,40,גרם,false,1,8.90,22.25,true,1,
7290012413636,false,תה ירוק צ`אי מסאלה ויסוצקי) (25,תה ויסוצקי (ישראל) בעמ,,,יח`,37.50,גרם,false,1,27.90,74.40,true,1,
7290012413643,false,תה ירוק קמומיל ויסוצקי) (25,תה ויסוצקי (ישראל) בעמ,,,יח`,37.50,גרם,false,1,27.90,74.40,true,1,
7290012454172,false,סוכריות ללס בטעם תות 80 גר`,מיה תעשיות מזון מ.ת.מ. בעמ,,,יח`,80,גרם,false,1,10,12.50,false,1,
7290012522581,false,שניצל תירס ללא גלוטן טבעול (664 גרם),קבוצת אסם סחר שות. מוגבלת,,,יח`,750,גרם,false,1,20.30,2.71,false,1,
7290012576607,false,יין פרימייר אדום-קברנה סובניון ומלבק,טמפו משקאות בעמ,,,יח`,750,"מ""ל",false,1,27.90,3.68,false,1,
7290012645297,false,יוגורט עיזים בטעם טיבעי 150 גר` חלב האר,שטראוס גרופ בעמ/מצונן,,,יח`,150,גרם,false,1,5.90,3.93,false,1,
7290012803314,false,סוכרלוז טבליות מרמולייט) (300,דנשר (1963) בעמ,,,יח`,1,,false,1,49.90,49.90,false,1,
7290012803765,false,טוסו שוקולד מריר ללתס 100 גר`,דנשר (1963) בעמ,,,יח`,100,גרם,false,1,14.20,14.20,false,1,
7290012803772,false,טוסו שוקולד חלב ללתס 100 גר`,דנשר (1963) בעמ,,,יח`,100,גרם,false,1,14.20,14.20,false,1,
7290012803789,false,טוסו שוקולד מריר+אגוזים ללתס 100 גר`,דנשר (1963) בעמ,,,יח`,100,גרם,false,1,14.20,14.20,false,1,
7290012823398,false,ריצפז פרש מטליות חד פעמיות 10 יח`,החברה הדרומית לשיווק בעמ,,,יח`,1,,false,1,12.90,12.90,true,1,
7290012823602,false,נייר טואלט סופט 32 גלילים,החברה הדרומית לשיווק בעמ,,,יח`,1,,false,1,35.90,35.90,true,1,
7290012864025,false,אלפלפא,א.אדמה (2007) בעמ,,,יח`,1,,false,1,7.90,7.90,false,1,
7290012881992,false,נוזל שמשות 4 ליטר מקסול,סאסאטק אגשח בעמ,,,יח`,4000,"מ""ל",false,1,10.90,0.27,false,1,
7290012901355,false,ארוחת אטריות עם גבינה 206 גר`Doodles,מור-ים מרקטינג בעמ,,,יח`,206,גרם,false,1,11.90,5.78,false,1,
7290012901959,false,ארוחת אטריות עם גבינה מסולסלים 156 גר`,מור-ים מרקטינג בעמ,,,יח`,206,גרם,false,1,11.90,5.78,false,1,
7290012911293,false,דפי אורז 22 סמ טעמי אסיה (300 גרם)-ללא,טחנת האבן קואופ בעמ,,,יח`,300,גרם,false,1,12.90,4.30,true,1,
7290012911415,false,ממרח קארי ירוק טעמי אסיה (400 גרם),טחנת האבן קואופ בעמ,,,יח`,400,גרם,false,1,19.50,4.88,true,1,
7290012911439,false,ממרח קארי צהוב 400 גרם,טחנת האבן קואופ בעמ,,,יח`,400,גרם,false,1,19.50,4.88,true,1,
7290012911477,false,קרם קוקוס טעמי אסיה (400 מל),טחנת האבן קואופ בעמ,,,יח`,400,גרם,false,1,11.90,2.98,false,1,
7290012911583,false,רצועות דלעת כבושה 100 גר`,טחנת האבן קואופ בעמ,,,יח`,100,גרם,false,1,12.90,12.90,false,1,
7290012911675,false,פטריות שטאקה טעמי אסיה (85 גרם),טחנת האבן קואופ בעמ,,,יח`,85,גרם,false,1,22.90,26.94,false,1,
7290012911729,false,ג`ינג`ר לסושי ורוד 250 גר,טחנת האבן קואופ בעמ,,,יח`,250,גרם,false,1,10.90,4.36,false,1,
7290012911804,false,שמן שומשום טעמי אסיה (150 מל),טחנת האבן קואופ בעמ,,,יח`,150,"מ""ל",false,1,16.90,11.27,true,1,
7290012911965,false,ג`ינג`ר לסושי ללא צבע 250 גר,טחנת האבן קואופ בעמ,,,יח`,250,גרם,false,1,10.90,4.36,false,1,
7290012921025,false,בירה בהירה בירה מלכה (330 מל),הכרם - משקאות חריפים בעמ,,,יח`,330,"מ""ל",false,1,14.90,4.42,true,1,
7290012938405,false,דיימונד עבה 087,גורי ע.ע.ע בעמ,,,יח`,1,,false,1,18.90,18.90,false,1,
7290012938580,false,הלבנה עדינה סנסודיין (75 מל),גורי ע.ע.ע בעמ,,,יח`,75,"מ""ל",false,1,22.90,30.53,true,1,
7290012938597,false,משחת שיניים רפיד רליף סנסודיין (75 מל),גורי ע.ע.ע בעמ,,,יח`,75,גרם,false,1,24.90,33.20,true,1,
7290012938740,false,משחת שיניים בטעם מנטה סנסודיין (75 מל),גורי ע.ע.ע בעמ,,,יח`,75,גרם,false,1,22.90,30.53,true,1,
7290012962561,false,קיסמי שיניים במבוק הוסטס) (500,אינטרסן 1996 בעמ,,,יח`,1,,false,1,5.50,5.50,true,1,
7290012974212,false,קולה דיאט 1.5 המותג,המותג-לא פעיל להקלדה,,,יח`,1500,"מ""ל",false,1,3.10,0.21,false,1,
7290013027399,false,לחם אנג`ל 100 בתוספת שיפון-קל 750גר,שלמה א. אנג`ל בעמ,,,יח`,750,גרם,false,1,13.90,1.85,false,1,
7290013117212,false,בורקס פילו גבינה מעדנות,תנובה קפואים,,,יח`,600,גרם,false,1,24.40,4.07,false,1,
7290013117229,false,בורקס פילו תפוא מעדנות,תנובה קפואים,,,יח`,600,גרם,false,1,24.40,4.07,false,1,
7290013117243,false,בורקס פילו בולגרית מעדנות,תנובה קפואים,,,יח`,600,גרם,false,1,24.40,4.07,false,1,
7290013121035,false,לחם פשתן 500 גר`ללא גלוטן,גורי ע.ע.ע בעמ,,,יח`,500,גרם,false,1,20.90,4.18,false,1,
7290013121158,false,לחמניות סנדוויץ`גרין לייט (115x4 גרם),גורי ע.ע.ע בעמ,,,יח`,1,,false,1,18.90,18.90,false,1,
7290013121776,false,לחם כפרי ללס גרין לייט (700 גרם),גורי ע.ע.ע בעמ,,,יח`,700,גרם,false,1,21.90,3.13,false,1,
7290013128324,false,ענבים שחורים,לכיש מושב עובדים להתישבות*30 י,,,"ק""ג",1,,true,1,15.90,15.90,false,1,
7290013144393,false,תמצית אפיה בטעם וניל מימונס (50 מל),א.ל.ייצור ושיווק תבלינים בעמ,,,יח`,50,גרם,false,1,5.90,11.80,false,1,
7290013144751,false,סירופ מייפל מימונס (500 גרם),א.ל.ייצור ושיווק תבלינים בעמ,,,יח`,500,"מ""ל",false,1,16.90,3.38,true,1,
7290013144768,false,סירופ שוקולד מימונס (500 גרם),א.ל.ייצור ושיווק תבלינים בעמ,,,יח`,500,"מ""ל",false,1,16.90,3.38,true,1,
7290013145178,false,קוקוס לבן טחון מימונס (100 גרם),א.ל.ייצור ושיווק תבלינים בעמ,,,יח`,100,גרם,false,1,6.90,6.90,false,1,
7290013145192,false,שומשום מימונס (100 גרם),א.ל.ייצור ושיווק תבלינים בעמ,,,יח`,100,גרם,false,1,6.90,6.90,false,1,
7290013145451,false,קקאו 150 גר`שקית מימונס,א.ל.ייצור ושיווק תבלינים בעמ,,,יח`,150,גרם,false,1,10.90,7.27,false,1,
7290013145628,false,סוכריות צבעוניות לקישוט 200 גר,א.ל.ייצור ושיווק תבלינים בעמ,,,יח`,200,גרם,false,1,10.90,5.45,false,1,
7290013145840,false,סוכר וניל מימונס (10x10 גרם),א.ל.ייצור ושיווק תבלינים בעמ,,,יח`,10,יח`,false,1,3.90,0.39,false,1,
7290013145918,false,אבקת סוכר מימונס (100 גרם),א.ל.ייצור ושיווק תבלינים בעמ,,,יח`,100,גרם,false,1,4.90,4.90,false,1,
7290013145970,false,קורנפלור מימונס (200 גרם),א.ל.ייצור ושיווק תבלינים בעמ,,,יח`,200,גרם,false,1,5.90,2.95,false,1,
7290013146403,false,סירופ בטעם קרמל מלוח 500 גר`מימונס,א.ל.ייצור ושיווק תבלינים בעמ,,,יח`,500,גרם,false,1,18.90,3.78,false,1,
7290013146755,false,קצפת צמחי 24% 500 גרם מימונס,קפוא-זן תעשיות מזון בעמ - תפוג,,,יח`,500,גרם,false,1,13.90,2.78,false,1,
7290013153418,false,סחוט 1 ליטר פריגת לימונענע,החב` המרכזית - טרה,,,יח`,1,1 ליטר,false,1,16.90,16.90,true,1,
7290013153593,false,פריגת תפוזים מתקתק 100% 1 ליטר,החב` המרכזית - טרה,,,יח`,1000,"מ""ל",false,1,11.90,1.16,false,1,
7290013215017,false,דואט פטריות -יחידה,חוות השמפיניון בעמ,,,יח`,1,,false,1,18.90,18.90,false,1,
7290013215116,false,פטריות ביג שמפניון רביעיית השף,חוות השמפיניון בעמ,,,יח`,1,,false,1,13.90,13.90,false,1,
7290013268891,false,אוקסיג`ן ג`ל 3 ליטר,החברה הדרומית לשיווק בעמ,,,יח`,3,1 ליטר,false,1,32.60,10.87,true,1,
7290013269003,false,סנו מקסימה מרכך 1 ליטר כחול בייבי,החברה הדרומית לשיווק בעמ,,,יח`,1000,"מ""ל",false,1,20.90,2.09,true,1,
7290013269263,false,מקסימה ג`ל כביסה 3 ליטר,החברה הדרומית לשיווק בעמ,,,יח`,3,1 ליטר,false,1,34.60,11.53,true,1,
7290013269287,false,מקסימה ג`ל כביסה 3 ליטר,החברה הדרומית לשיווק בעמ,,,יח`,3000,1 ליטר,false,1,34.60,0.01,true,1,
7290013269300,false,סושי ניילון נצמד פלוס סנו (150 מטר),החברה הדרומית לשיווק בעמ,,,יח`,1,,false,1,21.90,21.90,true,1,
7290013269706,false,סנובון ג`ל בניחוח אוקיינוס,החברה הדרומית לשיווק בעמ,,,יח`,65,"מ""ל",false,1,6.90,10.62,true,1,
7290013269751,false,ריצפז פרש מטליות חד פעמיות 10 יח`,החברה הדרומית לשיווק בעמ,,,יח`,1,,false,1,12.90,12.90,true,1,
7290013276124,false,בירה נגב אמבר אייל 330 מל,הכרם - משקאות חריפים בעמ,,,יח`,330,"מ""ל",false,1,14.90,4.42,true,1,
7290013284051,false,פריניר טריו זיתים 560ג.,אבאל יזמות בעמ,,,יח`,560,גרם,false,1,8.90,1.59,true,1,
7290013284082,false,פריניר זית מושחר ללא גלעין 560ג,אבאל יזמות בעמ,,,יח`,560,גרם,false,1,8.90,1.59,true,1,
7290013284105,false,פריניר זיתים טבעות ירוק a2,אבאל יזמות בעמ,,,יח`,560,גרם,false,1,8.50,1.52,true,1,
7290013284112,false,פריניר זיתים חרוזית ירוק a2,אבאל יזמות בעמ,,,יח`,100,גרם,false,1,8.50,8.50,true,1,
7290013284136,false,פריניר מלפפון במלח 7-9 560ג.,אבאל יזמות בעמ,,,יח`,560,גרם,false,1,6.90,1.23,true,1,
7290013284143,false,פריניר מלפפונים במלח 10-12 560ג.,אבאל יזמות בעמ,,,יח`,560,גרם,false,1,7.90,1.41,true,1,
7290013284150,false,פריניר מלפפונים במלח 13-17 560ג,אבאל יזמות בעמ,,,יח`,560,גרם,false,1,9.90,1.77,true,1,
7290013284167,false,פריניר מלפפון במלח 18-25,אבאל יזמות בעמ,,,יח`,560,גרם,false,1,9.90,1.77,true,1,
7290013284181,false,פריניר מלפפונים בחומץ10-12 560ג.,אבאל יזמות בעמ,,,יח`,560,גרם,false,1,7.90,1.41,true,1,
7290013284204,false,פריניר מלפפון חומץ 18-25,אבאל יזמות בעמ,,,יח`,560,גרם,false,1,9.90,1.77,true,1,
7290013284310,false,רוטב פסטה 240 גר` פריניר,אבאל יזמות בעמ,,,יח`,240,גרם,false,1,5.90,2.46,true,1,
7290013284662,false,רוטב פיצה 240 גר` פריניר,אבאל יזמות בעמ,,,יח`,240,גרם,false,1,5.90,2.46,true,1,
7290013310101,false,שיפודי במבוק ג`מבו 50 יח,אינטרסן 1996 בעמ,,,יח`,1,,false,1,6.50,6.50,false,1,
7290013358356,false,פירורי לחם מוזהבים מאסטר שף (320גרם),ש.שסטוביץ בעמ,,,יח`,320,גרם,false,1,7.90,2.47,false,1,
7290013358417,false,רוטב טריאקי מאסטר שף (300 מל),ש.שסטוביץ בעמ,,,יח`,300,"מ""ל",false,1,12.90,4.30,false,1,
7290013358493,false,מאסטר שף אסייאתי,ש.שסטוביץ בעמ,,,יח`,400,"מ""ל",false,1,11.20,2.80,false,1,
7290013358530,false,רוטב צ`ילי מתוק מאסטר שף (700 מל),ש.שסטוביץ בעמ,,,יח`,700,"מ""ל",false,1,14.90,2.13,false,1,
7290013358547,false,רוטב צ`ילי חריף מאסטר שף (700 מל),ש.שסטוביץ בעמ,,,יח`,700,"מ""ל",false,1,14.90,2.13,false,1,
7290013430090,false,בירה אלכסנדר אמברה בקבוק 330 מל,אגודת הכורמים,,,יח`,330,"מ""ל",false,1,13.90,4.12,true,1,
7290013430250,false,אלכסנדר חיטה ישראלית בקבוק בודד 330 מל,אגודת הכורמים,,,יח`,330,"מ""ל",false,1,13.90,4.12,true,1,
7290013440648,false,מאגדת קרחוני שרבט פרווה אבטיח,נגה גלידות שותפות מוגבלת,,,יח`,540,גרם,false,1,25.40,4.70,false,1,
7290013472892,false,הבולגריה בקוביה 200 גר,ג.וילי-פוד אינטרנשיונל **גבינו,,,יח`,200,גרם,false,1,10.90,5.45,false,1,
7290013492005,false,תפוא ננסי מיקרוגל,א.אדמה (2007) בעמ,,,יח`,1,,false,1,8.90,8.90,false,1,
7290013521972,false,מצות כוסמין 300 גר`מלא מלא כשלפ,אבאל יזמות בעמ,,,יח`,300,גרם,false,1,25.90,8.63,false,1,
7290013531117,false,רוטב פסטה לילדים יכין (240 גר`),זנלכל בעמ,,,יח`,240,גרם,false,1,6.90,2.88,false,1,
7290013531612,false,רוטב נפוליטנה יכין (240 גרם),זנלכל בעמ,,,יח`,240,גרם,false,1,6.90,2.88,false,1,
7290013531759,false,שעועית לבנה מבושלת במים יכין (550 גרם),זנלכל בעמ,,,יח`,550,גרם,false,1,11.50,2.09,false,1,
7290013534057,false,צ`יפס בטטה 100 גרכשלפ,מיה תעשיות מזון מ.ת.מ. בעמ,,,יח`,100,גרם,false,1,11.20,11.20,true,1,
7290013585233,false,ספרייט זירו 330 מלסילק,החברה המרכזית להפצת משקאות בעמ,,,יח`,330,"מ""ל",false,1,4.30,1.21,true,1,
7290013585257,false,ספרייט זירו 500 מל,החברה המרכזית להפצת משקאות בעמ,,,יח`,500,"מ""ל",false,1,6.90,1.32,false,1,
7290013585387,false,בקבוק זירו קוקה-קולה (1 ליטר),החברה המרכזית להפצת משקאות בעמ,,,יח`,1000,"מ""ל",false,1,7.90,0.76,false,1,
7290013585394,false,בקבוק קוקה-קולה (1 ליטר),החברה המרכזית להפצת משקאות בעמ,,,יח`,1000,"מ""ל",false,1,7.90,0.76,false,1,
7290013608260,false,מיץ רימונים סחוט פרימור (1 ליטר),שטראוס גרופ בעמ/מצונן,,,יח`,1,1 ליטר,false,1,21.90,21.90,false,1,
7290013645364,false,עוגיות מזרחיות ללא גלוטן GFREE 200 גר`,גורי מוצרי צריכה (1991) בעמ,,,יח`,200,גרם,false,1,20.70,10.35,false,1,
7290013675828,false,חגיגה אסייתית להקפצה 450 גר`מאמא עוף,תנובה קפואים,,,יח`,450,גרם,false,1,20.90,4.64,false,1,
7290013675835,false,ירוק גלילי להקפצה 450 גר`מאמא עוף,תנובה קפואים,,,יח`,450,גרם,false,1,20.90,4.64,false,1,
7290013713025,false,בירה ג`מס בקבוק פילס 330 מל,אגודת הכורמים,,,יח`,330,"מ""ל",false,1,13.90,4.12,true,1,
7290013713032,false,בירה ג`מס בקבוק חיטה 330 מל,אגודת הכורמים,,,יח`,330,"מ""ל",false,1,13.90,4.12,true,1,
7290013713049,false,בירה ג`מס בקבוק 8.80% אלכוהול ( 330 מל),אגודת הכורמים,,,יח`,330,"מ""ל",false,1,13.90,4.12,true,1,
7290013787392,false,ריקו רבילוי גבינות קלאסי 330 גר`,תנובה - חלב,,,יח`,330,גרם,false,1,27.90,8.45,false,1,
7290013787408,false,ריקו רביולי בטטה 330 גר`,תנובה - חלב,,,יח`,330,גרם,false,1,27.90,8.45,false,1,
7290013787415,false,ריקו רביולי ריקוטה תרד 330 גר`,תנובה - חלב,,,יח`,330,גרם,false,1,27.90,8.45,false,1,
7290013847119,false,טונה SK בשמן קנולה 160 בי רביעיות,סטארקיסט דיפלומט היינץ,,,יח`,160,גרם,false,1,25.90,16.19,true,1,
7290013847454,false,טונה סטאריקיסט בשמן קנולה רביעייה 160 גר,סטארקיסט דיפלומט היינץ,,,יח`,640,גרם,false,1,25.90,4.05,true,1,
7290013848345,false,מטליות לניקוי לחיטוי ולניקוי 50 יח סנו,החברה הדרומית לשיווק בעמ,,,יח`,1,,false,1,20.90,20.90,true,1,
7290013903327,false,טופו טבעי 500 יח 2 יח נפרדות ליב,ל.י.ב. (לחיות יותר בטבע) בעמ,,,יח`,500,גרם,false,1,16.90,3.38,true,1,
7290013903594,false,רסק תפוחי עץ ליב 670 גר`,ל.י.ב. (לחיות יותר בטבע) בעמ,,,יח`,670,גרם,false,1,12.20,1.82,true,1,
7290013927996,false,עוגת שמרים קרנץ בטעם שוקולד 400 גר`אחוו,אחדות בעמ,,,יח`,400,גרם,false,1,11.90,2.98,false,1,
7290014002203,false,חליטת לימונית לואיזה ויסוצקי) (25,תה ויסוצקי (ישראל) בעמ,,,יח`,37.50,גרם,false,1,17.90,47.73,true,1,
7290014002944,false,תה חמדת השקד ויסוצקי הגן הקסום) (25,תה ויסוצקי (ישראל) בעמ,,,יח`,1,,false,1,17.90,17.90,true,1,
7290014027213,false,ערק ג`באלנא מצדה %40כשר לפסח,בני פאוזי שמשום (2009) בעמ,,,יח`,700,"מ""ל",false,1,52,7.39,false,1,
7290014059085,false,סנסודיין שיקום והגנה 75 מל,גורי ע.ע.ע בעמ,,,יח`,75,"מ""ל",false,1,24.90,33.20,true,1,
7290014094406,false,צימוק לבן ששון הקולה (330 גרם),דין שיווק וקליה 2021 בעמ,,,יח`,330,גרם,false,1,18.90,5.73,false,1,
7290014094505,false,אורז בסמטי אהרוני (1 קג),דין שיווק וקליה 2021 בעמ,,,יח`,1,"ק""ג",false,1,13.50,13.50,false,1,
7290014094543,false,תרסיס שמן קנולה מזוכך 186 מל שקדיה,דין שיווק וקליה 2021 בעמ,,,יח`,186,"מ""ל",false,1,13.90,7.47,true,1,
7290014094628,false,פקאן טבעי ששון הקולה (200 גרם),דין שיווק וקליה 2021 בעמ,,,יח`,200,גרם,false,1,28.90,14.45,false,1,
7290014094642,false,אגוזי קשיו טבעיים ששון הקולה (250 גרם),דין שיווק וקליה 2021 בעמ,,,יח`,200,גרם,false,1,27.90,13.95,false,1,
7290014094796,false,משמש מיובש ומסוכר 300 גר` בשקית ששון הקו,דין שיווק וקליה 2021 בעמ,,,יח`,300,גרם,false,1,21.90,7.30,true,1,
7290014094833,false,צימוק לבן שקית 300 גר`,דין שיווק וקליה 2021 בעמ,,,יח`,300,גרם,false,1,15.90,5.30,true,1,
7290014094840,false,צימוק חום 300 גר ששון הקולה,דין שיווק וקליה 2021 בעמ,,,יח`,300,גרם,false,1,10.90,3.63,false,1,
7290014095861,false,שיבולת שועל דקה שקדיה (500 גרם),דין שיווק וקליה 2021 בעמ,,,יח`,500,גרם,false,1,7.10,1.42,true,1,
7290014217003,false,פפריקה מעושנת 90 גר`,תבליני טעם וריח בעמ,,,יח`,90,גרם,false,1,9.90,11,true,1,
7290014217027,false,עוף 120T-BUL גר`,תבליני טעם וריח בעמ,,,יח`,120,גרם,false,1,12.90,10.75,true,1,
7290014217065,false,אורגנו עלים 30 גר`,תבליני טעם וריח בעמ,,,יח`,30,גרם,false,1,9.90,33,true,1,
7290014217164,false,פטרוזיליה 20 גר`,תבליני טעם וריח בעמ,,,יח`,20,גרם,false,1,9.90,49.50,true,1,
7290014217201,false,סומק 45 גר`,תבליני טעם וריח בעמ,,,יח`,45,גרם,false,1,6.90,15.33,false,1,
7290014217225,false,גריל עוף 120 גר`,תבליני טעם וריח בעמ,,,יח`,120,גרם,false,1,9.90,8.25,true,1,
7290014217348,false,צ`ילי כתוש 70 גר`,תבליני טעם וריח בעמ,,,יח`,70,גרם,false,1,9.90,14.14,true,1,
7290014217355,false,קרי אבקה 100 גר`,תבליני טעם וריח בעמ,,,יח`,100,גרם,false,1,9.90,9.90,true,1,
7290014217515,false,לציפוי מאפה מלוח מיכל 90 גר`טעם וריח,תבליני טעם וריח בעמ,,,יח`,90,גרם,false,1,11.90,13.22,true,1,
7290014217522,false,לחם שום תערובת מיכל 100 גר`טעם וריח,תבליני טעם וריח בעמ,,,יח`,100,גרם,false,1,11.90,11.90,true,1,
7290014256637,false,יין ספארקלינג מוסקטו 750 מל BUZZ,אגודת הכורמים,,,יח`,750,"מ""ל",false,1,28.90,3.81,true,1,
7290014397514,false,סנופרש הום נטול גז 350 מל בניחוח כותנה,החברה הדרומית לשיווק בעמ,,,יח`,350,"מ""ל",false,1,12.90,3.69,true,1,
7290014397767,false,ריצפז פרש הום 2 ליטר,החברה הדרומית לשיווק בעמ,,,יח`,2,1 ליטר,false,1,22.90,11.45,true,1,
7290014426061,false,משחת שיניים לילדים הלו קיטי כצט (50 מל),גורי ע.ע.ע בעמ,,,יח`,50,"מ""ל",false,1,12.90,25.80,false,1,
7290014435803,false,מטיאס הולנדי פרובנציאל עם בצל בשמן 200,סלטי שמיר 2006 בעמ,,,יח`,200,גרם,false,1,19.90,9.95,false,1,
7290014455184,false,קאשקבל משולש מעדנייה גד,מחלבות גד שיווק 1992 בעמ,,,"ק""ג",1000,גרם,true,1,126,12.60,false,1,
7290014455245,false,גרנה פדנו משולש גד -200גר`,מחלבות גד שיווק 1992 בעמ,,,יח`,200,גרם,false,1,27.90,13.95,false,1,
7290014455252,false,גבינת גרנה פדנו מגורדת 29% גד (100 גרם),מחלבות גד שיווק 1992 בעמ,,,יח`,100,גרם,false,1,14.90,14.90,false,1,
7290014455320,false,כדורי מוצרלה פרסקה גד (100 גרם),מחלבות גד שיווק 1992 בעמ,,,יח`,100,גרם,false,1,9.50,9.50,false,1,
7290014455467,false,מעדן חלב עם שיבולת שועל 2% גד (150 גרם),מחלבות גד שיווק 1992 בעמ,,,יח`,150,גרם,false,1,5.90,3.93,true,1,
7290014459373,false,צ`יפס קראנצ`י לתנור תפוגן (1.5 קג),קבוצת אסם סחר שות. מוגבלת,,,יח`,1500,גרם,false,1,25.90,1.73,false,1,
7290014459632,false,צ`פיס טוגן 1.5 קג`,קבוצת אסם סחר שות. מוגבלת,,,יח`,1.50,"ק""ג",false,1,15.90,10.60,false,1,
7290014471412,false,מוזלי בוטנים אגוזים ושקדים 1קג - שקדיה,דין שיווק וקליה 2021 בעמ,,,יח`,1,"ק""ג",false,1,21.40,21.40,true,1,
7290014471436,false,מוזלי צימוקים תפוח קינומון 1קג - שקדיה,דין שיווק וקליה 2021 בעמ,,,יח`,1,"ק""ג",false,1,21.40,21.40,true,1,
7290014471443,false,גרנולה אגוזים 1קג - שקדיה,דין שיווק וקליה 2021 בעמ,,,יח`,1,"ק""ג",false,1,21.40,21.40,true,1,
7290014472136,false,גרעין שחור קלוי ששון הקולה (150 גרם),דין שיווק וקליה 2021 בעמ,,,יח`,150,גרם,false,1,5.90,3.93,true,1,
7290014472235,false,פקאן סיני מסוכר ששון הקולה (200 גרם),דין שיווק וקליה 2021 בעמ,,,יח`,200,גרם,false,1,27.90,13.95,false,1,
7290014472990,false,ממרח 100% שקדים שקדיה (300 גרם),דין שיווק וקליה 2021 בעמ,,,יח`,300,גרם,false,1,36.70,12.23,true,1,
7290014503137,false,יין אדום יבש יובלים יקב דלתון (750 מל),הכרם - משקאות חריפים בעמ,,,יח`,750,"מ""ל",false,1,50.90,6.75,true,1,
7290014525290,false,סלים דליס קריספי תות מרבה (125 גרם),ש.שסטוביץ בעמ,,,יח`,120,גרם,false,1,14.90,12.42,true,1,
7290014525306,false,סלים דליס קריספי אוכמניות מרבה (125 גרם),ש.שסטוביץ בעמ,,,יח`,125,גרם,false,1,14.90,11.92,true,1,
7290014525313,false,סלים דליס קריספי שוקולד מרבה (125 גרם),ש.שסטוביץ בעמ,,,יח`,125,גרם,false,1,14.90,11.92,true,1,
7290014581036,false,הלהבה פחם 2 קג,פחם קוואנגו סחר בעמ,,,יח`,2000,גרם,false,1,11.90,0.60,false,1,
7290014581678,false,מנגל שחור עם רגליים,פחם קוואנגו סחר בעמ,,,יח`,1,,false,1,99.90,99.90,false,1,
7290014603813,false,שטראוס קרמסימו מסטיגם 1.33 ליטר,גלידות שטראוס בעמ,,,יח`,1.33,1 ליטר,false,1,20.90,15.71,true,1,
7290014648005,false,LA BELLEמסיר לק ללא אציטון 250מל,פארמה דיל (פ.א.ב.) שיווק והפצה,,,יח`,1,,false,1,12.20,12.20,false,1,
7290014648906,false,LA BELLEמסיר לק מהציפורניים 100 מל,פארמה דיל (פ.א.ב.) שיווק והפצה,,,יח`,100,"מ""ל",false,1,3.90,3.90,false,1,
7290014692299,false,גבינת ברי 125 גר,ג.וילי-פוד אינטרנשיונל **גבינו,,,יח`,125,גרם,false,1,14.90,11.92,false,1,
7290014692305,false,גבינת קממבר 125 גר,ג.וילי-פוד אינטרנשיונל **גבינו,,,יח`,125,גרם,false,1,14.90,11.92,false,1,
7290014692541,false,פתיתים מגורדת וילי פוד (500 גרם)GOLDEN,ג.וילי-פוד אינטרנשיונל **גבינו,,,יח`,500,גרם,false,1,20.90,4.18,false,1,
7290014692565,false,גרעיני תירס מתוק וילי פוד (320 גרם),ג.וילי-פוד אינטרנשיונל בעמ,,,יח`,320,גרם,false,1,5.50,1.72,false,1,
7290014749245,false,צונגו רצועות שניצל שומשום 600 גר` עוף טו,קבוצת אסם סחר שות. מוגבלת,,,יח`,600,גרם,false,1,33.90,5.65,true,1,
7290014749764,false,שניצל עוף ביתי עדין כזה 700 גר` עוף טוב,קבוצת אסם סחר שות. מוגבלת,,,יח`,700,גרם,false,1,46.90,6.70,true,1,
7290014758100,false,יוגורט ביו 3% תנובה (150x8 גרם),תנובה - חלב,,,יח`,1200,גרם,false,1,16.90,1.41,false,1,
7290014758117,false,יוגורט ביו 1.5% תנובה (150x8 גרם),תנובה - חלב,,,יח`,1200,גרם,false,1,16.90,1.41,false,1,
7290014758162,false,חלב עיזים מלא 3.6% שומן תנובה (1 ליטר),תנובה - חלב,,,יח`,1,1 ליטר,false,1,15.30,15.30,false,1,
7290014758681,false,גבינת קוטג`1% בגביע תנובה (250 גרם),תנובה - חלב,,,יח`,250,גרם,false,1,5.70,2.28,false,1,
7290014759084,false,גבינת נפוליאון 225 גר`16% גביע,תנובה - חלב,,,יח`,225,גרם,false,1,14.90,6.62,false,1,
7290014759534,false,פיראוס בולגרית למריחה 5% 200 גר`פיראוס,תנובה - חלב,,,יח`,200,גרם,false,1,14.30,7.15,false,1,
7290014759909,false,פטה עיזים 5% 250 גר`גביע פיראוס תנובה,תנובה - חלב,,,יח`,250,גרם,false,1,28.50,11.40,false,1,
7290014759978,false,קצ`קאבל פלח גלעד 200 גר`קולקשיין תנובה,תנובה - חלב,,,יח`,200,גרם,false,1,27.90,13.95,false,1,
7290014759985,false,פרמזן פלח גבע 23% 200 גר`קולקשיין תנובה,תנובה - חלב,,,יח`,200,גרם,false,1,23.90,11.95,false,1,
7290014759992,false,פלח רוקפור גליל 26% 140 גר`קולקשיין תנו,תנובה - חלב,,,יח`,200,גרם,false,1,18.90,9.45,false,1,
7290014760134,false,מעדן סויה בטעם וניל 125 גר`תנובה,תנובה - חלב,,,יח`,125,גרם,false,1,4.60,3.68,false,1,
7290014760141,false,משקה שקדים טרי תנובה (1 ליטר),תנובה - חלב,,,יח`,1000,"מ""ל",false,1,12.20,1.22,false,1,
7290014760912,false,גבינה צהובה 28% מהדרין גוש חלב (400 גרם),תנובה - חלב,,,יח`,400,גרם,false,1,25.90,6.48,false,1,
7290014761056,false,מעדן שוקולד חלב יולו (123 גרם),תנובה - חלב,,,יח`,123,"מ""ל",false,1,4.90,3.98,false,1,
7290014761070,false,מעדן שוקולד לבן יולו (123 גרם),תנובה - חלב,,,יח`,123,"מ""ל",false,1,4.90,3.98,false,1,
7290014761193,false,יוגורט עם פירות יער 1.5% פרילי (125 גרם),תנובה - חלב,,,יח`,125,"מ""ל",false,1,3.50,2.80,false,1,
7290014761414,false,יולו מעדן שכבות שוקולד חלבי לבן,תנובה - חלב,,,יח`,123,"מ""ל",false,1,4.90,3.98,false,1,
7290014761438,false,פיראוס בולגרית- 400 גר 24%,תנובה - חלב,,,יח`,400,גרם,false,1,28.50,7.13,false,1,
7290014761612,false,יולו מעדן שכבות שוקולד מריר לבן,תנובה - חלב,,,יח`,123,"מ""ל",false,1,4.90,3.98,false,1,
7290014762756,false,גבינת שמנת 16% עם בצל נפוליאון (225 גרם),תנובה - חלב,,,יח`,225,גרם,false,1,14.90,6.62,false,1,
7290014762800,false,מעדן סויה טעם שוקולד 125,תנובה - חלב,,,יח`,125,גרם,false,1,4.60,3.68,false,1,
7290014762831,false,גבינת נפוליאון 225 גר`חלפיניו גביע,תנובה - חלב,,,יח`,225,גרם,false,1,14.90,6.62,false,1,
7290014762848,false,פתיתי גלבוע 22% 500 גר,תנובה - חלב,,,יח`,500,גרם,false,1,34.60,6.92,false,1,
7290014762909,false,פתיתי מוצרלה 200 גרם,תנובה - חלב,,,יח`,200,גרם,false,1,15.90,7.95,false,1,
7290014763272,false,משקה סויה BIO עם תות בננה בתוספת חיידקי,תנובה - חלב,,,יח`,250,גרם,false,1,6.80,2.72,false,1,
7290014763418,false,יוגורט כד 1.5 ליטר 4%,תנובה - חלב,,,יח`,1.50,1 ליטר,false,1,16.50,11,false,1,
7290014785069,false,מירין משובח טעמי אסיה (250 מל),טחנת האבן קואופ בעמ,,,יח`,250,"מ""ל",false,1,16.90,6.76,true,1,
7290014785113,false,רוטב טריאקי טעמי אסיה (500 מל),טחנת האבן קואופ בעמ,,,יח`,500,"מ""ל",false,1,16.90,3.38,false,1,
7290014785991,false,רוטב סויה ללא גולטן 500 מל טעמי אסיה,טחנת האבן קואופ בעמ,,,יח`,500,"מ""ל",false,1,14.90,2.98,false,1,
7290014791336,false,מי עדן ספורט 1,יפאורה,,,יח`,1000,"מ""ל",false,1,3.90,0.36,false,1,
7290014855434,false,מגבונים בייביסיטר רביעייה,שקד תבל בעמ,,,יח`,1,,false,1,19.30,19.30,true,1,
7290014901254,false,מרכך קרטין 750 מל סטייל,גורי ע.ע.ע בעמ,,,יח`,750,"מ""ל",false,1,25.90,3.45,false,1,
7290014901896,false,מי פה קולמינט סנסודיין (500 מל),גורי ע.ע.ע בעמ,,,יח`,500,"מ""ל",false,1,26.90,5.38,true,1,
7290014905207,false,הפי ג`ל מנקה אסלות יעקבי (750 מל),יעקב יעקבי ובניו בעמ,,,יח`,750,"מ""ל",false,1,10.10,1.35,false,1,
7290014910379,false,מלפפונים במלח 690 גר`לינה,יורוסטנדרט בעמ,,,יח`,690,גרם,false,1,10.90,1.58,false,1,
7290014910386,false,קורנישונים במלח 690 גר`לינה,יורוסטנדרט בעמ,,,יח`,690,גרם,false,1,11.20,1.62,false,1,
7290014910461,false,ערק יודה 700 מל,יורוסטנדרט בעמ,,,יח`,700,"מ""ל",false,1,55.90,7.94,false,1,
7290014910515,false,שימורי דגים שפרוטים מעושנים בשמן צמחי 25,יורוסטנדרט בעמ,,,יח`,250,גרם,false,1,11.90,4.76,false,1,
7290014940901,false,לחם פשוט מלא לילדים פרוס אנג`ל (750 גרם),שלמה א. אנג`ל בעמ,,,יח`,500,גרם,false,1,14.50,2.90,false,1,
7290014945654,false,מדליק עץ ופחמים,מ.א.ייצור ויבוא מטליות בעמ,,,יח`,1,,false,1,6.10,6.10,false,1,
7290014949744,false,אוטן אקטיב ספריי יבש דוחה יתושים,דנשר (1963) בעמ,,,יח`,100,גרם,false,1,21.70,21.70,false,1,
7290015039246,false,טונה בשמן רביעייה 160 גר - וילי פוד,ג.וילי-פוד אינטרנשיונל בעמ,,,יח`,640,גרם,false,1,22.90,3.58,true,1,
7290015039338,false,טונה במים רביעייה 160 גר - וילי פוד,ג.וילי-פוד אינטרנשיונל בעמ,,,יח`,640,גרם,false,1,22.90,3.58,true,1,
7290015039482,false,גבינת אדם 230 גר` פלח 24% שומן,ג.וילי-פוד אינטרנשיונל **גבינו,,,יח`,230,גרם,false,1,22.90,9.96,true,1,
7290015150088,false,מחית עגבניות קלה בלה איטליה (700 גרם),תה ויסוצקי (ישראל) בעמ,,,יח`,700,גרם,false,1,15.20,2.17,true,1,
7290015150118,false,עגבניות חתוכות דק בלה איטליה 3*400,תה ויסוצקי (ישראל) בעמ,,,יח`,1.20,"ק""ג",false,1,18.90,15.75,false,1,
7290015161336,false,רוטב סויה תמרי אורגני ללא גלוטן 250 מל,י.איטליאנו אחזקות בעמ,,,יח`,250,"מ""ל",false,1,20.90,8.36,false,1,
7290015161848,false,פת פריכה כוסמת וקינואה100 גר`איטליאנו,י.איטליאנו אחזקות בעמ,,,יח`,100,גרם,false,1,13.90,13.90,false,1,
7290015161985,false,פסטה קמח חומוס וכורכום GF ללא גלוטן( 25,י.איטליאנו אחזקות בעמ,,,יח`,250,גרם,false,1,18.90,7.56,false,1,
7290015282000,false,איקרה אדומה 200גר,סלטי שמיר 2006 בעמ,,,יח`,200,גרם,false,1,13.90,6.95,false,1,
7290015282024,false,איקרה לבנה 200גר,סלטי שמיר 2006 בעמ,,,יח`,200,גרם,false,1,13.90,6.95,false,1,
7290015282581,false,חומוס אבו גוש עם חריף 200גר,סלטי שמיר 2006 בעמ,,,יח`,200,גרם,false,1,10.90,5.45,true,1,
7290015282604,false,טחינה מיוחדת 200גר,סלטי שמיר 2006 בעמ,,,יח`,200,גרם,false,1,10.90,5.45,true,1,
7290015282628,false,חציל בטעם כבד 200גר,סלטי שמיר 2006 בעמ,,,יח`,200,גרם,false,1,12.90,6.45,true,1,
7290015282635,false,חומוס מסבחה 200 גר,סלטי שמיר 2006 בעמ,,,יח`,200,גרם,false,1,10.90,5.45,true,1,
7290015282727,false,גזר מרוקאי ברוטב פיקנטי 200 גר,סלטי שמיר 2006 בעמ,,,יח`,200,גרם,false,1,12.90,6.45,true,1,
7290015282741,false,חציל תאילנדי 200 גר,סלטי שמיר 2006 בעמ,,,יח`,200,גרם,false,1,12.90,6.45,true,1,
7290015282796,false,סלט תפוח אדמה 200 גר,סלטי שמיר 2006 בעמ,,,יח`,200,גרם,false,1,12.90,6.45,true,1,
7290015320054,false,עוגיות חמאה בפח 340 גר,יעד ממתקים בעמ,,,יח`,340,גרם,false,1,10.10,2.97,false,1,
7290015320481,false,שוקולד מריר 60% יעד ממתקים,יעד ממתקים בעמ,,,יח`,1,,false,1,4.90,4.90,true,1,
7290015324007,false,פלפל שחור גרוס 80 גר`,תבליני טעם וריח בעמ,,,יח`,80,גרם,false,1,9.90,12.38,false,1,
7290015324014,false,פלפל שחור טחון 80 גר`,תבליני טעם וריח בעמ,,,יח`,80,גרם,false,1,9.90,12.38,false,1,
7290015324038,false,פפריקה מתוקה בשמן 80 גר`,תבליני טעם וריח בעמ,,,יח`,80,גרם,false,1,5.90,7.38,false,1,
7290015324045,false,פפריקה חריפה 80 גר`,תבליני טעם וריח בעמ,,,יח`,80,גרם,false,1,5.90,7.38,false,1,
7290015324052,false,פפריקה מתוקה 80 גר`,תבליני טעם וריח בעמ,,,יח`,80,גרם,false,1,5.90,7.38,false,1,
7290015324083,false,מלח לימון 80 גר`,תבליני טעם וריח בעמ,,,יח`,80,גרם,false,1,5.90,7.38,false,1,
7290015324106,false,כורכום טחון 80 גר`,תבליני טעם וריח בעמ,,,יח`,80,גרם,false,1,5.90,7.38,false,1,
7290015324113,false,בהרט 80 גר`,תבליני טעם וריח בעמ,,,יח`,80,גרם,false,1,6.90,8.63,false,1,
7290015324120,false,שום גבישי 80 גר`,תבליני טעם וריח בעמ,,,יח`,80,גרם,false,1,6.90,8.63,false,1,
7290015324151,false,חוואיג`למרק 80 גר`,תבליני טעם וריח בעמ,,,יח`,80,גרם,false,1,6.90,8.63,false,1,
7290015324175,false,תיבול לשווארמה 80 גר`,תבליני טעם וריח בעמ,,,יח`,80,גרם,false,1,5.90,7.38,false,1,
7290015324427,false,סודה לשתיה 80 גר`,תבליני טעם וריח בעמ,,,יח`,80,גרם,false,1,4.90,6.13,false,1,
7290015324533,false,רוזמרין מיכל גדול 55 גר`,תבליני טעם וריח בעמ,,,יח`,55,גרם,false,1,9.90,18,true,1,
7290015324557,false,בהרט לבישול מיכל גדול 80 גר`,תבליני טעם וריח בעמ,,,יח`,80,גרם,false,1,9.90,12.38,true,1,
7290015324564,false,כוסברה טחונה מיכל גדול 70 גר`,תבליני טעם וריח בעמ,,,יח`,55,גרם,false,1,9.90,18,true,1,
7290015324571,false,פפריקה מתוקה בשמן בסגנון מרוקאי 400 גר`,תבליני טעם וריח בעמ,,,יח`,400,גרם,false,1,19.90,4.98,false,1,
7290015324717,false,מחית שום 210 גר` טעם וריח,תבליני טעם וריח בעמ,,,יח`,210,גרם,false,1,14.90,7.10,true,1,
7290015324724,false,מחית צ`ילי חריף 230 גר` טעם וריח,תבליני טעם וריח בעמ,,,יח`,230,גרם,false,1,14.90,6.48,true,1,
7290015347464,false,קינואה מעורבת 400 גר` מיה,מיה תעשיות מזון מ.ת.מ. בעמ,,,יח`,400,גרם,false,1,21.40,5.35,true,1,
7290015347525,false,צ`יפס בטטה עם שום ורוזמרין 80 גר מיה,מיה תעשיות מזון מ.ת.מ. בעמ,,,יח`,80,גרם,false,1,11.20,14,true,1,
7290015355834,false,מתבל עגבניות חריף היינץ (855 גרם),דיפלומט היינץ,,,יח`,885,גרם,false,1,19.30,2.18,false,1,
7290015366359,false,ספירה מכשיר חשמלי להרחקת יתושים,גורי ע.ע.ע בעמ,,,יח`,1,,false,1,37.70,37.70,false,1,
7290015366663,false,אקוה פרש 100 מל עדין,גורי ע.ע.ע בעמ,,,יח`,100,גרם,false,1,7.90,7.90,true,1,
7290015366670,false,משחת שיניים בטעם מנטה אקוהפרש (100 מל),גורי ע.ע.ע בעמ,,,יח`,100,"מ""ל",false,1,7.90,7.90,true,1,
7290015395939,false,חטיף יפני 150 גר` ששון הקולה,דין שיווק וקליה 2021 בעמ,,,יח`,150,גרם,false,1,15.90,10.60,true,1,
7290015597548,false,קרמיסימו בננה שוקולד צ`יפ,גלידות שטראוס בעמ,,,יח`,133,1 ליטר,false,1,20.90,0.16,true,1,
7290015597555,false,קרמיסימו וניל פירות טרופיים סולרו,גלידות שטראוס בעמ,,,יח`,133,1 ליטר,false,1,20.90,0.16,false,1,
7290015644297,false,לחמניות פשוט מלא 6 יח 450 גר,שלמה א. אנג`ל בעמ,,,יח`,450,גרם,false,1,11.90,2.64,false,1,
7290015644426,false,לחם מחמצת חיטה מלאה ודגנים,שלמה א. אנג`ל בעמ,,,יח`,600,גרם,false,1,16.90,2.82,false,1,
7290015652070,false,קשיו קלוי 150 גר` שקית,דין שיווק וקליה 2021 בעמ,,,יח`,150,גרם,false,1,13.90,9.27,true,1,
7290015652087,false,תערובת פיצוחים 150 גר` בשקית,דין שיווק וקליה 2021 בעמ,,,יח`,150,גרם,false,1,13.90,9.27,true,1,
7290015652261,false,בוטנים קלויים 300 גר`,דין שיווק וקליה 2021 בעמ,,,יח`,300,גרם,false,1,10,3.33,false,1,
7290015652278,false,תערובת פיצוחים 250 גר`,דין שיווק וקליה 2021 בעמ,,,יח`,250,גרם,false,1,20,8,false,1,
7290015652308,false,מנצ`ס 300 גר`,דין שיווק וקליה 2021 בעמ,,,יח`,300,גרם,false,1,10,3.33,false,1,
7290015652322,false,בוטנים אמריקאים מצופים 400 גר`,דין שיווק וקליה 2021 בעמ,,,יח`,400,גרם,false,1,10,2.50,false,1,
7290015652407,false,פיסטוק קלוי ששון הקולה (250 גרם),דין שיווק וקליה 2021 בעמ,,,יח`,250,גרם,false,1,20,8,false,1,
7290015673198,false,בורגר על האש טקסס עם פטריות 400 גרם,ל.י.ב. (לחיות יותר בטבע) בעמ,,,יח`,400,גרם,false,1,25.90,6.48,false,1,
7290015781008,false,יין מרלו ויז`יון טפרברג (750 מל),יקב טפרברג 1870 בעמ (יינות ומש,,,יח`,750,"מ""ל",false,1,41.90,5.55,true,1,
7290015781015,false,יין אדום מלבק ויז`יון טפרברג (750 מל),יקב טפרברג 1870 בעמ (יינות ומש,,,יח`,750,"מ""ל",false,1,41.90,5.55,true,1,
7290015781053,false,יין לבן יבש ויזון יקב טפרברג (750 מל),יקב טפרברג 1870 בעמ (יינות ומש,,,יח`,750,"מ""ל",false,1,41.90,5.55,true,1,
7290015781091,false,יין קברנה סובניון VISION,יקב טפרברג 1870 בעמ (יינות ומש,,,יח`,750,"מ""ל",false,1,41.90,5.55,true,1,
7290015781107,false,יין סנג`ובזה 750 מל IMPRESSION,יקב טפרברג 1870 בעמ (יינות ומש,,,יח`,750,"מ""ל",false,1,51.90,6.88,true,1,
7290015781114,false,יין אדום אימפרשיין מרלו טפרברג (750 מל),יקב טפרברג 1870 בעמ (יינות ומש,,,יח`,750,"מ""ל",false,1,51.90,6.88,true,1,
7290015781121,false,יין קברנה סובניון 750 מל IMPRESSION,יקב טפרברג 1870 בעמ (יינות ומש,,,יח`,750,"מ""ל",false,1,51.90,6.88,true,1,
7290015781152,false,רוזה אימפרשון יקב טפרברג (750 מל),יקב טפרברג 1870 בעמ (יינות ומש,,,יח`,750,"מ""ל",false,1,51.90,6.88,true,1,
7290015781169,false,יין אדום חצי יבש 750 מל IMPRESSION,יקב טפרברג 1870 בעמ (יינות ומש,,,יח`,750,"מ""ל",false,1,51.90,6.88,true,1,
7290015781275,false,יין לבן מוסקטו מתוק טפרברג (750 מל),יקב טפרברג 1870 בעמ (יינות ומש,,,יח`,750,"מ""ל",false,1,41.90,5.55,true,1,
7290015781282,false,יין גוורצטרמינר 750 מל IMPRESSION,יקב טפרברג 1870 בעמ (יינות ומש,,,יח`,750,"מ""ל",false,1,51.90,6.88,true,1,
7290015781299,false,יין שיראז ויזון יקב טפרברג (750 מל),יקב טפרברג 1870 בעמ (יינות ומש,,,יח`,750,"מ""ל",false,1,41.90,5.55,true,1,
7290015855013,false,פלפלונים -טינקרבל א.אדמה,א.אדמה (2007) בעמ,,,יח`,1,,false,1,9.90,9.90,false,1,
7290015855143,false,שום קלוף 170 גרם,א.אדמה (2007) בעמ,,,יח`,170,גרם,false,1,12.90,7.59,false,1,
7290015855181,false,גינג`ר יחידה טרי,א.אדמה (2007) בעמ,,,יח`,1,,false,1,8.90,8.90,false,1,
7290015855228,false,אספרגוס ארוז,א.אדמה (2007) בעמ,,,יח`,1,,false,1,29.90,29.90,false,1,
7290015855273,false,בזיליקום מארז גדול א.אדמה,א.אדמה (2007) בעמ,,,יח`,1,,false,1,9.90,9.90,false,1,
7290015855310,false,עגבניות מיובשות,א.אדמה (2007) בעמ,,,יח`,1,,false,1,12.90,12.90,false,1,
7290015855358,false,בצל שאלוט,א.אדמה (2007) בעמ,,,יח`,1,,false,1,14.90,14.90,false,1,
7290015855938,false,עלי בייבי א.אדמה,א.אדמה (2007) בעמ,,,יח`,250,גרם,false,1,14.90,5.96,false,1,
7290015855990,false,לקט ירקות למרק טרי,א.אדמה (2007) בעמ,,,יח`,1,,false,1,14.90,14.90,false,1,
7290015858106,false,ממרח פסטו ביתי 180 גר-על לחם,שטראוס גרופ בעמ/מצונן,,,יח`,180,גרם,false,1,17.90,9.94,false,1,
7290015858243,false,צ`ימיצ`ורי 180 גר על לחם,שטראוס גרופ בעמ/מצונן,,,יח`,180,גרם,false,1,17.90,9.94,false,1,
7290015872096,false,חומוס אסלי( 700 גר`),סלטי שמיר 2006 בעמ,,,יח`,700,גרם,false,1,10.90,1.56,false,1,
7290015968102,false,קיסמי שיניים רפואיים עם חוט דנטלי 100 יח,אינטרסן 1996 בעמ,,,יח`,1,,false,1,15.90,15.90,true,1,
7290015968140,false,אטב אחיזה בעיצוב איטלקי 36 יח במארז,אינטרסן 1996 בעמ,,,יח`,1,,false,1,16.90,16.90,true,1,
7290015968782,false,פדים להסרת איפוא במארז 80*3 יח,אינטרסן 1996 בעמ,,,יח`,1,,false,1,20.90,20.90,true,1,
7290016006292,false,נקטר מנגו בננה ספרינג (1 ליטר),יפאורה,,,יח`,1,1 ליטר,false,1,7.30,7.30,false,1,
7290016006339,false,מים מינרלים מי עדן (1x4 ליטר),יפאורה,,,יח`,4,1 ליטר,false,1,10,2.20,false,1,
7290016087147,false,רוטב עגבניות מתובל לפיצה 230 גר` פריניר,אבאל יזמות בעמ,,,יח`,230,גרם,false,1,5.90,2.57,true,1,
7290016087222,false,רוטב עגבניות לשקשוקה 230 גר` פריניר,אבאל יזמות בעמ,,,יח`,230,גרם,false,1,5.90,2.57,true,1,
7290016087499,false,עגבניות חתוכות דק שליישיה 400 גר`פריניר,אבאל יזמות בעמ,,,יח`,1.20,"ק""ג",false,1,12.90,10.75,true,1,
7290016136142,false,תערובת להכנת פנקייק GFREE 400 גר כשלפ,גורי מוצרי צריכה (1991) בעמ,,,יח`,400,גרם,false,1,22.90,5.73,false,1,
7290016136722,false,פתיתים פנה ללא גולטן 340 גר(פסטה),גורי מוצרי צריכה (1991) בעמ,,,יח`,340,גרם,false,1,14.90,4.38,false,1,
7290016150711,false,נוזל קוקוס פחית 400 גר` AVEL,אבאל יזמות בעמ,,,יח`,400,גרם,false,1,6.90,1.73,true,1,
7290016188608,false,למברוסקולבן חצי יבש 750 מל יקבי כרמל,אגודת הכורמים,,,יח`,750,"מ""ל",false,1,28.50,3.76,true,1,
7290016197488,false,מטליות מיקרופייבר למשטחים ניקול) (3,קימברלי קלארק ישראל שיווק בעמ,,,יח`,1,,false,1,16.90,16.90,true,1,
7290016197495,false,מטליות מיקרופייבר לרצפה ניקול) (2,קימברלי קלארק ישראל שיווק בעמ,,,יח`,1,,false,1,26.90,26.90,true,1,
7290016197839,false,השקית החזקה XL,קימברלי קלארק ישראל שיווק בעמ,,,יח`,1,,false,1,26.90,26.90,false,1,
7290016267075,false,לחם מחמצת זתי קלמנטה/אגוזים בונז`ור,קבוצת אסם סחר שות. מוגבלת,,,יח`,480,גרם,false,1,16.90,3.52,false,1,
7290016267082,false,לחם מחמצת אגוזים אפוי קפוא 480 גר`בו,קבוצת אסם סחר שות. מוגבלת,,,יח`,480,גרם,false,1,16.90,3.52,false,1,
7290016277470,false,שיבולת שועל 350 גר`דקה,דין שיווק וקליה 2021 בעמ,,,יח`,350,גרם,false,1,4.60,1.31,true,1,
7290016277487,false,שיבולת שועל 350 גר`עבה,דין שיווק וקליה 2021 בעמ,,,יח`,350,גרם,false,1,4.60,1.31,true,1,
7290016319200,false,עוגיות סנדוויץ אוראו זוג( 300 גר`)טוסו,דנשר (1963) בעמ,,,יח`,300,גרם,false,1,17.90,5.97,false,1,
7290016319309,false,פמלי אל סבון מאסק קלאסי 1 ל`,דנשר (1963) בעמ,,,יח`,1,1 ליטר,false,1,15.90,15.90,true,1,
7290016321548,false,רצועות שעווה לגוף קמומיל מגע הדבש,דנשר (1963) בעמ,,,יח`,1,,false,1,30.50,30.50,false,1,
7290016321661,false,פרש וואנס רביעייה מגבונים לחים ללא בישום,דנשר (1963) בעמ,,,יח`,1,,false,1,16.90,16.90,true,1,
7290016321678,false,פרש וואנס רביעייה מגבונים לחים קמומיל,דנשר (1963) בעמ,,,יח`,1,,false,1,16.90,16.90,true,1,
7290016372342,false,עגבניות חתוכות לקוביות בלה איטליה 400 גר,תה ויסוצקי (ישראל) בעמ,,,יח`,1.20,"ק""ג",false,1,18.90,15.75,false,1,
7290016372373,false,רסק עגבניות בלה איטליה 140*2 גר`,תה ויסוצקי (ישראל) בעמ,,,יח`,280,גרם,false,1,9.90,3.54,false,1,
7290016372496,false,חליטת ג``ינג`ר ודבש-סודות הצמחים 25 שק,תה ויסוצקי (ישראל) בעמ,,,יח`,0,גרם,false,1,22.40,22.40,true,1,
7290016509809,false,פרסיל ג`ל 2.5 ליטר קולור,גורי שיווק בעמ,,,יח`,2.50,1 ליטר,false,1,35.90,14.36,true,1,
7290016509823,false,פרסיל ג`ל 2.5 ליטר בלו,גורי שיווק בעמ,,,יח`,2.50,1 ליטר,false,1,35.90,14.36,true,1,
7290016509847,false,פרסיל ג`ל 2.5 ליטר בלאק,גורי שיווק בעמ,,,יח`,2.50,1 ליטר,false,1,35.90,14.36,true,1,
7290016564310,false,ניילון נצמד זוגות 60 מטר מבריקל,אבאל יזמות בעמ,,,יח`,1,,false,1,9.90,9.90,true,1,
7290016564426,false,מבריקל שקיות אשפה ג`מבו XXL עם ידית 25,אבאל יזמות בעמ,,,יח`,1,,false,1,15.90,15.90,true,1,
7290016682038,false,מיץ תפוזים 400 מל פרי ניב,תנובה - פריניב,,,יח`,400,"מ""ל",false,1,10.90,2.65,true,1,
7290016682168,false,תפוז וולנסיה סחוט 400 מל,תנובה - פריניב,,,יח`,400,"מ""ל",false,1,10.90,2.65,true,1,
7290016717235,false,יין אדום מתוק קינג דויד 187 מל,אגודת הכורמים,,,יח`,187,"מ""ל",false,1,5.90,2.99,false,1,
7290016717631,false,יין לבן מבעבע מוסקטו 750 מל,אגודת הכורמים,,,יח`,750,"מ""ל",false,1,41.90,5.55,true,1,
7290016717754,false,יין היובל ישן נושן יקבי כרמל (750 מל),אגודת הכורמים,,,יח`,750,"מ""ל",false,1,20.90,2.75,true,1,
7290016717976,false,יין ספארקלינג בטעם אפרסק 750 מל BUZZ,אגודת הכורמים,,,יח`,750,"מ""ל",false,1,28.90,3.81,true,1,
7290016866643,false,משחת שיניים פרודונטקס פרש 75 מל,גורי ע.ע.ע בעמ,,,יח`,75,"מ""ל",false,1,31.90,42.53,true,1,
7290016866650,false,משחת שיניים פרודונטקס אוריג`ינל 75 מל,גורי ע.ע.ע בעמ,,,יח`,75,"מ""ל",false,1,31.90,42.53,true,1,
7290016866674,false,משחת שיניים פרודונטקס מלבינה 75 מל,גורי ע.ע.ע בעמ,,,יח`,75,"מ""ל",false,1,31.90,42.53,true,1,
7290016967074,false,לחם חיטה מלאה 750 גר אנג`ל,שלמה א. אנג`ל בעמ,,,יח`,750,גרם,false,1,15.90,2.12,false,1,
7290016967456,false,לחם מחמצת כוסמין,שלמה א. אנג`ל בעמ,,,יח`,600,גרם,false,1,16.90,2.82,false,1,
7290017023199,false,מוגז פירות 330 מל סליק תות ליים שוופס.,יפאורה,,,יח`,330,"מ""ל",false,1,3.90,1.09,false,1,
7290017023212,false,שוופס רביעיות מוגז פירות 330 מל סליק תפ,יפאורה,,,יח`,1.32,1 ליטר,false,1,13.90,9.62,true,1,
7290017023236,false,שרינק שוופס רביעיות מוגז פירות 330 מל ס,יפאורה,,,יח`,1.32,1 ליטר,false,1,13.90,9.62,true,1,
7290017031477,false,משחת שיניים רפיד רליף הלבנה רליף(75 מל),גורי ע.ע.ע בעמ,,,יח`,75,גרם,false,1,24.90,33.20,true,1,
7290017031705,false,משחת שיניים קלין פרש סנסודיין (75 מל),גורי ע.ע.ע בעמ,,,יח`,75,גרם,false,1,22.90,30.53,true,1,
7290017040363,false,מארז דונאטס אוראו רביעייה,נטו מלינדה סחר בעמ,,,יח`,292,גרם,false,1,29.90,10.24,false,1,
7290017040370,false,מארז דונאטס מילקה רביעייה,נטו מלינדה סחר בעמ,,,יח`,260,גרם,false,1,29.90,11.50,false,1,
7290017058849,false,זית קלמטה צנצנת 350 גר`תומר,תומר יבוא ושיווק מוצרי מזון (1,,,יח`,350,גרם,false,1,15.90,4.54,false,1,
7290017062686,false,מרכך מרוכז בייבי( 1 ליטר)טאצ`,סאסאטק אגשח בעמ,,,יח`,1,1 ליטר,false,1,11.90,11.90,false,1,
7290017065007,false,מוצרלה פרוסה 200 גר-מדף,מחלבות גד שיווק 1992 בעמ,,,יח`,200,גרם,false,1,18.90,9.45,false,1,
7290017065137,false,ריקוטה למריחה 5% טבעית 200 גר`מחלבות גד,מחלבות גד שיווק 1992 בעמ,,,יח`,200,גרם,false,1,10.90,5.45,false,1,
7290017065144,false,ריקוטה למריחה 5% עם בזיליקום 200 גר`גד,מחלבות גד שיווק 1992 בעמ,,,יח`,200,גרם,false,1,10.90,5.45,false,1,
7290017065236,false,גבינה בולגרית מעודנת 24% גד (250 גרם),מחלבות גד שיווק 1992 בעמ,,,יח`,250,גרם,false,1,24.90,9.96,false,1,
7290017065380,false,גרנה פדנו שבבים 100 גר`מחלבות גד,מחלבות גד שיווק 1992 בעמ,,,יח`,100,גרם,false,1,15.90,15.90,false,1,
7290017065434,false,פרוסות גאודה הולנדית 200 גר`גד,מחלבות גד שיווק 1992 בעמ,,,יח`,200,גרם,false,1,22.90,11.45,false,1,
7290017065441,false,פרוסות גאודה עיזים הולנדית 200 גר`גד,מחלבות גד שיווק 1992 בעמ,,,יח`,200,גרם,false,1,35.90,17.95,false,1,
7290017065526,false,קוואטרו פורמאדי 300 גר`גד,מחלבות גד שיווק 1992 בעמ,,,יח`,300,גרם,false,1,29.90,9.97,false,1,
7290017065663,false,פטה עיזים מעודנת 16% גד,מחלבות גד שיווק 1992 בעמ,,,יח`,250,גרם,false,1,31.90,12.76,false,1,
7290017065731,false,גבינת שמנת ניו יורק 30% עם כמהין 200 גר`,מחלבות גד שיווק 1992 בעמ,,,יח`,200,גרם,false,1,13.90,6.95,true,1,
7290017065786,false,גבינה אנגלית קשה צ`דר 210 גר`גד,מחלבות גד שיווק 1992 בעמ,,,יח`,210,גרם,false,1,24.90,11.86,false,1,
7290017065861,false,קאצ`יו אה פפה רוטב פיקורינו ופלפל שחור 2,מחלבות גד שיווק 1992 בעמ,,,יח`,200,גרם,false,1,15.90,7.95,false,1,
7290017065878,false,מק אנד צ`יז 200 גר`מחלבות גד,מחלבות גד שיווק 1992 בעמ,,,יח`,200,גרם,false,1,15.90,7.95,false,1,
7290017068213,false,חמוציות חתוכות 350 גר`בקופסא מיה,מיה תעשיות מזון מ.ת.מ. בעמ,,,יח`,350,גרם,false,1,18.90,5.40,false,1,
7290017068374,false,שמרים בוואקום 500 גר`מיה,מיה תעשיות מזון מ.ת.מ. בעמ,,,יח`,500,גרם,false,1,13.50,2.70,false,1,
7290017105383,false,מארז גרעיני תירס קידס מתוק יכין,זנלכל בעמ,,,יח`,200,גרם,false,1,15.50,7.75,false,1,
7290017105468,false,אפונה גינה עדינה יכין (200x3 גרם),זנלכל בעמ,,,יח`,550,גרם,false,1,15.90,2.89,false,1,
7290017105895,false,גרגרי חומוס מסעדות 550 גר` יכין,זנלכל בעמ,,,יח`,550,גרם,false,1,10.90,1.98,true,1,
7290017121093,false,אריסה חריפה250 גר עללחם,שטראוס גרופ בעמ/מצונן,,,יח`,250,גרם,false,1,14.90,5.96,false,1,
7290017121390,false,לימון בלאדי250 גר על לחם,שטראוס גרופ בעמ/מצונן,,,יח`,250,גרם,false,1,14.90,5.96,false,1,
7290017142159,false,נתחי טונה בהירה בשמן זית 80 גר`שלישייה,סוגת תעשיות בעמ,,,יח`,240,גרם,false,1,24.90,10.38,true,1,
7290017142388,false,שמן חמניות פלוס 1 ליטר אומגה 3 עץ הזית,סוגת תעשיות בעמ,,,יח`,1,1 ליטר,false,1,16.90,16.90,true,1,
7290017142456,false,נתחי טונה בשמן זית 160*2 גר עץ הזית,סוגת תעשיות בעמ,,,יח`,320,גרם,false,1,28.90,9.03,true,1,
7290017289168,false,יין אדום יבש 750 מל ישראלי,יקב טפרברג 1870 בעמ (יינות ומש,,,יח`,750,"מ""ל",false,1,23.90,3.15,true,1,
7290017289175,false,יין פטיט סירה 750 מל ישראלי,יקב טפרברג 1870 בעמ (יינות ומש,,,יח`,750,"מ""ל",false,1,23.90,3.15,true,1,
7290017289182,false,יין לבן חצי יבש 750 מל ישראלי,יקב טפרברג 1870 בעמ (יינות ומש,,,יח`,750,"מ""ל",false,1,23.90,3.15,true,1,
7290017289205,false,יין קברנה סוביניון 750 מל ישראלי,יקב טפרברג 1870 בעמ (יינות ומש,,,יח`,750,"מ""ל",false,1,23.90,3.15,true,1,
7290017289618,false,יין אדום פטיט סירהיקב טפרברג (750 מל),יקב טפרברג 1870 בעמ (יינות ומש,,,יח`,750,"מ""ל",false,1,51.90,6.88,true,1,
7290017291123,false,שום יבש,חברת יוסף אופנהימר 1986 בעמ,,,יח`,1,,false,1,5,5,false,1,
7290017291338,false,שום סולו ארוז,איגל טרייטדינג שיווק חקלאי בעמ,,,יח`,1,,false,1,9.90,9.90,false,1,
7290017297095,false,סטייק ציפס 2 קג,ויטה -פרי גליל (החדשה) בעמ,,,יח`,2000,גרם,false,1,22.90,1.15,false,1,
7290017304885,false,לחם שיפון וחיטה מלאה 750 גר אנג`ל,שלמה א. אנג`ל בעמ,,,יח`,750,גרם,false,1,16.90,2.25,false,1,
7290017374390,false,סט שירותים מיוחד,מ.א.ייצור ויבוא מטליות בעמ,,,יח`,1,,false,1,22.40,22.40,false,1,
7290017374925,false,מטאטא אמור+ מקל,מ.א.ייצור ויבוא מטליות בעמ,,,יח`,1,,false,1,20.90,20.90,false,1,
7290017389011,false,מנגו מיובש ללא סוכר 160 גר`קופסא,דין שיווק וקליה 2021 בעמ,,,יח`,160,גרם,false,1,19.90,12.44,false,1,
7290017389028,false,אננס מיובש ללא סוכר 160 גר`קופסא,דין שיווק וקליה 2021 בעמ,,,יח`,160,גרם,false,1,19.90,12.44,false,1,
7290017457611,false,סוד ג`ל כביסה 2.5 ליטר TOTAL ירוק,גורי שיווק בעמ,,,יח`,2.50,1 ליטר,false,1,26.90,10.76,false,1,
7290017457703,false,סוד מרכך מרוכז( 900 מל)+20%בישום -אר,גורי שיווק בעמ,,,יח`,900,"מ""ל",false,1,12.90,1.43,false,1,
7290017513409,false,תה ירוק סופר פלפל ויסוצקי (25),תה ויסוצקי (ישראל) בעמ,,,יח`,1,,false,1,27.90,27.90,true,1,
7290017513485,false,מחית עגבניות רוסטיקה בלה איטליה (680 גרם,תה ויסוצקי (ישראל) בעמ,,,יח`,680,גרם,false,1,15.50,2.28,true,1,
7290017513775,false,בייגלהמצופים שוקולד חלב 140 גר` פליפז,תה ויסוצקי (ישראל) בעמ,,,יח`,140,גרם,false,1,8.90,6.36,true,1,
7290017536521,false,מארז סופגניות ללא גלוטן רביעייה קפוא,דויטש,,,יח`,1,,false,1,19.90,19.90,false,1,
7290017617091,false,סטארקיסט מיקס טוגו טונה עם פתיתים 185 גר,סטארקיסט דיפלומט היינץ,,,יח`,185,גרם,false,1,13.90,7.51,false,1,
7290017618111,false,עוגיות מלבן שקדים עם טריפל שוקולד 180 גר,אבאל יזמות בעמ,,,יח`,180,גרם,false,1,19.90,11.06,true,1,
7290017677804,false,רוטב סויה (444 מל) קיקומן,דיפלומט היינץ,,,יח`,444,"מ""ל",false,1,32.90,7.41,true,1,
7290017677811,false,רוטב סויה קיקומן (296 מל),דיפלומט היינץ,,,יח`,296,"מ""ל",false,1,12.90,4.36,false,1,
7290017682617,false,מגב עם תפסן+ מקל( 40 סמ) CLING,מ.א.ייצור ויבוא מטליות בעמ,,,יח`,1,,false,1,16.90,16.90,false,1,
7290017812052,false,קברנה סוביניון 750 מל אקסלנס שיראז,אגודת הכורמים,,,יח`,750,"מ""ל",false,1,27.90,3.68,true,1,
7290017812069,false,ריזלינג שרדונה 750 מל אקסלנס,אגודת הכורמים,,,יח`,750,"מ""ל",false,1,27.90,3.68,true,1,
7290017812571,false,תירוש אדום 1 ליטר 100% טבעי,אגודת הכורמים,,,יח`,1,1 ליטר,false,1,21.20,21.20,true,1,
7290017812861,false,יין לבש יבש ( 750 מל) וינו,אגודת הכורמים,,,יח`,750,"מ""ל",false,1,20.90,2.75,true,1,
7290017812878,false,יין רוזה חצי יבש 750 מל אקסלנס,אגודת הכורמים,,,יח`,750,"מ""ל",false,1,27.90,3.68,true,1,
7290017816111,false,פתי בר הכוסמין המקורי 220 גר`,גורי מוצרי צריכה (1991) בעמ,,,יח`,220,גרם,false,1,11.90,5.41,false,1,
7290017871370,false,סבון ידיים מעושר בשמן אבוקדו 500 מל פמ,דנשר (1963) בעמ,,,יח`,500,"מ""ל",false,1,10.90,2.18,false,1,
7290017871424,false,טוסו חטיף תמרים ובוטנים ללתס ללא גלוטן,דנשר (1963) בעמ,,,יח`,1,,false,1,16.90,16.90,false,1,
7290017871448,false,טוסו חטיף תמרים וקשיו ללתס ללא גלוטן,דנשר (1963) בעמ,,,יח`,100,גרם,false,1,16.90,16.90,false,1,
7290017871462,false,טוסו חטיף פצפוצי אורז מצופה שוקולד מריר,דנשר (1963) בעמ,,,יח`,100,גרם,false,1,16.90,16.90,false,1,
7290017871554,false,טוסו חטיף תמרים ושברי קקאו ללתס ללא גל,דנשר (1963) בעמ,,,יח`,1,,false,1,16.90,16.90,false,1,
7290017871707,false,טוסו חטיף פצפוצי אורז וקוקוס ללתס ללא ג,דנשר (1963) בעמ,,,יח`,100,גרם,false,1,16.90,16.90,false,1,
7290017872056,false,אל סבון סדרה לבנה מארז שלישייה 500 מל פ,דנשר (1963) בעמ,,,יח`,1.50,1 ליטר,false,1,16.90,11.27,false,1,
7290017872063,false,אל סבון ארומתרפי מארז שלישייה 500 מל פמ,דנשר (1963) בעמ,,,יח`,1.50,1 ליטר,false,1,16.90,11.27,false,1,
7290017888019,false,תפוח רימון סלק וג`ינג`ר 350 מל fruit &,יפאורה,,,יח`,350,"מ""ל",false,1,7.90,2.17,true,1,
7290017888026,false,אננס תפוח גזר 350 מל fruit & veg,יפאורה,,,יח`,350,"מ""ל",false,1,7.90,2.17,true,1,
7290017888095,false,שוופס מוגז עדין פירות יער 330 מל פחיות,יפאורה,,,יח`,1320,"מ""ל",false,1,13.90,0.96,true,1,
7290017888613,false,שוופס ביטר 250 מל פחית בודד,יפאורה,,,יח`,1,,false,1,3.70,3.70,false,1,
7290017888972,false,מי עדן פקק ספורט 1 ליטר,יפאורה,,,יח`,1,1 ליטר,false,1,3.90,3.90,true,1,
7290017925967,false,בירה מלכה רביעייה 330 מל`,הכרם - משקאות חריפים בעמ,,,יח`,1320,"מ""ל",false,1,40.90,3.01,false,1,
7290017928036,false,מקלות גריסני שומשום 200 גר` מאיר בייגל,דנשר (1963) בעמ,,,יח`,200,גרם,false,1,12.90,6.45,true,1,
7290017928098,false,בייגלה שטוח מלח 330 גר` מאיר בייגל,דנשר (1963) בעמ,,,יח`,330,גרם,false,1,12.90,3.91,false,1,
7290017928463,false,שברי בייגלה בטעם דבש חרדל ובצל( 300 גר`,דנשר (1963) בעמ,,,יח`,300,גרם,false,1,13.90,4.63,true,1,
7290017928616,false,בייגלה שטוחלה שומשום 300 גר` מאיר בייגל,דנשר (1963) בעמ,,,יח`,300,גרם,false,1,12.90,4.30,false,1,
7290017928661,false,שברי בייגלה בטעם צ`דר( 300 גר`)סמאש,דנשר (1963) בעמ,,,יח`,300,גרם,false,1,13.90,4.63,true,1,
7290017928746,false,מאיר בייגל פרורי בייגלה 200 גר`,דנשר (1963) בעמ,,,יח`,200,גרם,false,1,7.90,3.95,false,1,
7290017928807,false,בייגלה אצבעות שומשום 300 גר` מאיר בייגל,דנשר (1963) בעמ,,,יח`,300,גרם,false,1,12.90,4.30,true,1,
7290017928821,false,מקלות גריסני קלאסי 200 גר` מאיר בייגל,דנשר (1963) בעמ,,,יח`,200,גרם,false,1,12.90,6.45,true,1,
7290017947105,false,לחם בסגנון אמריקה 500 גר`אנג`ל,שלמה א. אנג`ל בעמ,,,יח`,500,גרם,false,1,14.90,2.98,false,1,
7290017947464,false,פיתות כוסמין שמינייה( 400 גר`)אנג`ל,שלמה א. אנג`ל בעמ,,,יח`,1,,false,1,16.90,16.90,false,1,
7290017947495,false,לחמניות כוסמין 6 יח(450 גר`)אנג`ל,שלמה א. אנג`ל בעמ,,,יח`,450,גרם,false,1,14.90,3.31,false,1,
7290017947891,false,לחם כוסמין וחיטה מלאה 750 גר`אנגל,שלמה א. אנג`ל בעמ,,,יח`,750,גרם,false,1,16.90,2.25,false,1,
7290017947921,false,לחמניות המבורגר שישייה,שלמה א. אנג`ל בעמ,,,יח`,450,גרם,false,1,14.90,3.31,false,1,
7290017947938,false,לחמניות מיני המבורגר אמריקה 400 גר`אנג`,שלמה א. אנג`ל בעמ,,,יח`,400,גרם,false,1,14.90,3.73,false,1,
7290018011003,false,ארטיק אננס,תמרה ארטיק בעמ,,,יח`,1,,false,1,9.90,9.90,false,1,
7290018011034,false,ארטיק פטל ליים,תמרה ארטיק בעמ,,,יח`,1,,false,1,9.90,9.90,false,1,
7290018011058,false,ארטיק עוגת גבינה ופטל,תמרה ארטיק בעמ,,,יח`,1,,false,1,9.90,9.90,false,1,
7290018011201,false,ארטיק אננס פסיפלורה ומנגו,תמרה ארטיק בעמ,,,יח`,1,,false,1,9.90,9.90,false,1,
7290018011225,false,ארטיק סורבה קוקוס,תמרה ארטיק בעמ,,,יח`,1,,false,1,9.90,9.90,false,1,
7290018011256,false,ארטיק יוגורט תות ומקופלת,תמרה ארטיק בעמ,,,יח`,1,,false,1,9.90,9.90,false,1,
7290018011485,false,ארטיק תות שוקולד לבן,תמרה ארטיק בעמ,,,יח`,1,,false,1,9.90,9.90,false,1,
7290018011607,false,ארטיק בננה תמר ופקאן,תמרה ארטיק בעמ,,,יח`,1,,false,1,9.90,9.90,false,1,
7290018011850,false,ארטיק קרם קוקוס,תמרה ארטיק בעמ,,,יח`,1,,false,1,9.90,9.90,false,1,
7290018011867,false,ארטיק שוקולד קרמל מלוח,תמרה ארטיק בעמ,,,יח`,1,,false,1,9.90,9.90,false,1,
7290018043639,false,פראוד חטיף חלבון שוקולד קריספי 29 גר`,דיפלומט היינץ,,,יח`,29,גרם,false,1,9.90,34.14,false,1,
7290018043844,false,דאבל בוטנים קרמל קראנץ 60 גר`,דיפלומט היינץ,,,יח`,60,גרם,false,1,13.90,23.17,true,1,
7290018045695,false,דגני בוקר בון בון במילוי קרם בטעם קרמל מ,ר.ב מוצרי דגנים בעמ,,,יח`,480,גרם,false,1,23.90,4.98,true,1,
7290018045893,false,דגני בוקר בון בון במילוי קרם נוגט 480 גר,ר.ב מוצרי דגנים בעמ,,,יח`,480,גרם,false,1,23.90,4.98,true,1,
7290018098486,false,פיצה מרגריטה 350 גר` Milk free,גורי מוצרי צריכה (1991) בעמ,,,יח`,350,גרם,false,1,22.90,6.54,true,1,
7290018098493,false,פיצה מרגריטה בתוספת זיתים 350 גר` Milk f,גורי מוצרי צריכה (1991) בעמ,,,יח`,350,גרם,false,1,22.90,6.54,true,1,
7290018127414,false,מצות בצל ללא גלוטן 300 גר`כשלפ גלוטרי,אבאל יזמות בעמ,,,יח`,300,גרם,false,1,25.90,8.63,false,1,
7290018131855,false,אקסטרים טילון בראוניז 6*72 גרם,נגה גלידות שותפות מוגבלת,,,יח`,432,גרם,false,1,32.90,7.62,false,1,
7290018131954,false,מאגדת לה פרוטה שוקולד תות 5*70 גרם,נגה גלידות שותפות מוגבלת,,,יח`,350,גרם,false,1,28.90,8.26,false,1,
7290018165447,false,רזרב גולד מרלו ( 750 מל) יקבי ברקן,טמפו משקאות בעמ,,,יח`,750,"מ""ל",false,1,53,7.03,true,1,
7290018192658,false,צמד פטריות חמד איטלקי,קונס`-מרינה פטריות הגליל בעמ*ש,,,יח`,500,גרם,false,1,15.90,3.18,false,1,
7290018194010,false,ג`בלנא ערק בטעם ענבים 700 מל,בני פאוזי שמשום (2009) בעמ,,,יח`,700,"מ""ל",false,1,45.90,6.51,true,1,
7290018194058,false,ג`בלנא ערק בטעם פסיפלורה 700 מל,בני פאוזי שמשום (2009) בעמ,,,יח`,700,"מ""ל",false,1,45.90,6.51,true,1,
7290018198148,false,תפוגן קריספי ציפס קלאסי 1.25קג,קבוצת אסם סחר שות. מוגבלת,,,יח`,1.25,"ק""ג",false,1,28.90,23.12,false,1,
7290018198209,false,תפוגן צ`יפס בטטה קראנצי 500 גר`,קבוצת אסם סחר שות. מוגבלת,,,יח`,500,גרם,false,1,22.90,4.58,false,1,
7290018198254,false,תפוגן קריספי ציפס פוטטוס 1.25קג,קבוצת אסם סחר שות. מוגבלת,,,יח`,1.25,"ק""ג",false,1,28.90,23.12,false,1,
7290018213827,false,מגב להב גומי איכותי נינג`ה,מ.א.ייצור ויבוא מטליות בעמ,,,יח`,1,,false,1,18.90,18.90,false,1,
7290018249802,false,ממתיק sweetango צנצנת 280 גר`נטו,אבאל יזמות בעמ,,,יח`,280,גרם,false,1,27.90,9.96,true,1,
7290018285145,false,קוסקוס איטלקי 500 גר`דר שקשוקה,ציון תורג`מן בעמ,,,יח`,500,גרם,false,1,10.90,2.18,true,1,
7290018294000,false,רוזה 750 מל קינג דיוויד,אגודת הכורמים,,,יח`,750,"מ""ל",false,1,22.90,3.01,true,1,
7290018294192,false,בלנד היינן יקבי כרמל 750 מל,אגודת הכורמים,,,יח`,750,"מ""ל",false,1,41.90,5.55,true,1,
7290018294901,false,מונלייט אדום יבש 750 מל,אגודת הכורמים,,,יח`,750,"מ""ל",false,1,35.90,4.75,true,1,
7290018294918,false,מונלייט מוסקטו ורוד מבעבע 750 מל,אגודת הכורמים,,,יח`,750,"מ""ל",false,1,35.90,4.75,true,1,
7290018333624,false,גרנולפלקס חלבה ושקדים 500 גרם,כרמית תעשיות ממתקים בעמ,,,יח`,500,גרם,false,1,20.90,4.18,false,1,
7290018333631,false,גרנולפלקס קשיו פירות יבשים 500 גרם,כרמית תעשיות ממתקים בעמ,,,יח`,500,גרם,false,1,20.90,4.18,false,1,
7290018344095,false,חטיף חלבון VEG PROTEIN בטעם בוטנים מלח 5,אבאל יזמות בעמ,,,יח`,50,גרם,false,1,10.90,21.80,true,1,
7290018344125,false,חטיף חלבון VEG PROTEIN בטעם אגוזי לוז וק,אבאל יזמות בעמ,,,יח`,50,גרם,false,1,10.90,21.80,true,1,
7290018344156,false,חטיף חלווה משומשום מלא בתוספת שקדים ללא,אבאל יזמות בעמ,,,יח`,70,גרם,false,1,8.90,12.71,true,1,
7290018344170,false,חטיף חלווה משומשום מלא בטעם וניל ללא סוכ,אבאל יזמות בעמ,,,יח`,70,גרם,false,1,8.90,12.71,true,1,
7290018344187,false,חטיף חלווה משומשום מלא בתוספת פיסטוק ללא,אבאל יזמות בעמ,,,יח`,70,גרם,false,1,8.90,12.71,true,1,
7290018344729,false,עוגיות כוסמין אנרג`פקאן ללא סוכר,אבאל יזמות בעמ,,,יח`,200,גרם,false,1,25.90,12.95,true,1,
7290018359495,false,תירס מהשדה בלי תוספת סוכר( 550 גר`)יכי,זנלכל בעמ,,,יח`,550,גרם,false,1,10.90,1.98,false,1,
7290018359556,false,תירס מהשדה בלי תוספת סוכר( 400 גר)יכין,זנלכל בעמ,,,יח`,400,גרם,false,1,7.90,1.98,false,1,
7290018359570,false,שעועית צ`ילי הקטניה הטובה יכין מארז 3*20,זנלכל בעמ,,,יח`,600,גרם,false,1,14.90,2.48,true,1,
7290018359587,false,חומוס שלם הקטניה הטובה יכין מארז 3*200,זנלכל בעמ,,,יח`,600,גרם,false,1,14.90,2.48,true,1,
7290018359716,false,רוטב לפיצה טוסקנה יכין (240 גרם),זנלכל בעמ,,,יח`,240,גרם,false,1,6.90,2.88,false,1,
7290018359938,false,רוטב עגבניות לשקשוקה 400 גר`יכין,זנלכל בעמ,,,יח`,400,גרם,false,1,12.50,3.13,false,1,
7290018400647,false,סנפרוסט סמודיז בננה תמר 300 גרם SMOOTHI,תנובה קפואים,,,יח`,300,גרם,false,1,17.30,5.77,true,1,
7290018440070,false,רכז עגבניות בשפרפרת BX28,תה ויסוצקי (ישראל) בעמ,,,יח`,200,גרם,false,1,9.90,4.95,false,1,
7290018440193,false,בייגלה מצופים קרם בטעם חמאת בוטנים 140,תה ויסוצקי (ישראל) בעמ,,,יח`,140,גרם,false,1,8.90,6.36,true,1,
7290018440209,false,בייגלה בציפוי פאדג` לבן 140 גר` פליפז,תה ויסוצקי (ישראל) בעמ,,,יח`,140,גרם,false,1,8.90,6.36,true,1,
7290018440223,false,צ`אי מסאלה 25 שקיקים,תה ויסוצקי (ישראל) בעמ,,,יח`,1,,false,1,20.90,20.90,true,1,
7290018440247,false,צ`אי שקדים 25 שקיקים,תה ויסוצקי (ישראל) בעמ,,,יח`,1,,false,1,20.90,20.90,true,1,
7290018440254,false,צ`אי קרמל מלוח 25 שקיקים,תה ויסוצקי (ישראל) בעמ,,,יח`,1,,false,1,20.90,20.90,true,1,
7290018440438,false,טונה בשמן זית calvo שלישייה 3*65 גר`,תה ויסוצקי (ישראל) בעמ,,,יח`,195,גרם,false,1,26.90,13.79,true,1,
7290018440445,false,טונה בשמן זית 160 גרם,תה ויסוצקי (ישראל) בעמ,,,יח`,160,גרם,false,1,17.90,11.19,true,1,
7290018440476,false,בייגלה מצופה בקרם עוגת גבינה ותותים 140,תה ויסוצקי (ישראל) בעמ,,,יח`,140,גרם,false,1,8.90,6.36,true,1,
7290018440483,false,בייגלה מצופה בקרמל מלוח ושוקולד 140 גר`,תה ויסוצקי (ישראל) בעמ,,,יח`,140,גרם,false,1,8.90,6.36,true,1,
7290018440490,false,סלט טונה עם קוסקוס 150 ג,תה ויסוצקי (ישראל) בעמ,,,יח`,150,גרם,false,1,15.90,10.60,true,1,
7290018440513,false,סלט קליפורניה עם טונה 150 גר`,תה ויסוצקי (ישראל) בעמ,,,יח`,150,גרם,false,1,15.90,10.60,true,1,
7290018440896,false,חליטת ג`ינג`ר וכורכום אפקט הג`ינג`ר 25 י,תה ויסוצקי (ישראל) בעמ,,,יח`,37.50,גרם,false,1,17.90,47.73,true,1,
7290018441626,false,גלידת פיינטים מנטה עוגיות בן אנד גריס,מוצרי איכות אמריקאיים בעמ,,,יח`,430,גרם,false,1,20.30,4.72,true,1,
7290018468425,false,נקניק טבעוני בטעם פיקנטי 100 גר טירת צבי,תנובה - חלב,,,יח`,100,גרם,false,1,18.90,18.90,false,1,
7290018468432,false,נקניק טבעוני בטעם מעושן 100 גר טירת צבי,תנובה - חלב,,,יח`,100,גרם,false,1,18.90,18.90,false,1,
7290018471029,false,שוופס סודה לימון 500 מל שישייה,יפאורה,,,יח`,3000,"מ""ל",false,1,14.20,0.41,false,1,
7290018471180,false,פרוט אנד ווג` אננס תפוח גזר 1 ליטר,יפאורה,,,יח`,1000,"מ""ל",false,1,12.90,1.26,true,1,
7290018471197,false,פרוט אנד ווג` תפוח בננה מלון נענע 1 ליטר,יפאורה,,,יח`,1000,"מ""ל",false,1,12.90,1.26,true,1,
7290018471210,false,נקטר אגס תפוח סברס ספרינג (1 ליטר),יפאורה,,,יח`,1,1 ליטר,false,1,7.30,7.30,false,1,
7290018471395,false,פרוט אנד ווג` תפוח רימון סלק וגי`נג`ר 1,יפאורה,,,יח`,1000,"מ""ל",false,1,12.90,1.26,true,1,
7290018471401,false,פרוט אנד ווג` אננס בננה כורכום 1 ליטר,יפאורה,,,יח`,1000,"מ""ל",false,1,12.90,1.26,true,1,
7290018471463,false,תפוזינה נקטר תפוז מנגו 1 ליטר,יפאורה,,,יח`,1000,"מ""ל",false,1,7.30,0.73,false,1,
7290018471487,false,תפוזינה נקטר תפוז אננס 1 ליטר,יפאורה,,,יח`,1000,"מ""ל",false,1,7.30,0.73,false,1,
7290018471494,false,תפוזינה נקטר תפוז גזר 1 ליטר,יפאורה,,,יח`,1000,"מ""ל",false,1,7.30,0.73,false,1,
7290018471692,false,ספרינג שייק בננה אננס קוקוס פ.יער 1 ליטר,יפאורה,,,יח`,1,1 ליטר,false,1,12.90,12.90,true,1,
7290018471913,false,משקה מוגז שוופס (1.5 ליטר) תפוחים,יפאורה,,,יח`,1.50,1 ליטר,false,1,9.50,6.13,true,1,
7290018471920,false,משקה מוגז פירות שוופס (1.5 ליטר) ענבים,יפאורה,,,יח`,1.50,1 ליטר,false,1,9.50,6.13,true,1,
7290018471937,false,משקה מוגז פירות שוופס (1.5 ליטר) תות ל,יפאורה,,,יח`,1.50,1 ליטר,false,1,9.50,6.13,true,1,
7290018471944,false,משקה מוגז פירות שוופס (1.5 ליטר) לימונ,יפאורה,,,יח`,1.50,1 ליטר,false,1,9.50,6.13,true,1,
7290018515020,false,חלבון סויה מיובש בצורת כנפי עוף 300 גרם,טחנת האבן קואופ בעמ,,,יח`,300,גרם,false,1,15.90,5.30,false,1,
7290018516348,false,פאוץ`פרינוק סלט פירות ושיבולת שועל 120,גורי מוצרי צריכה (1991) בעמ,,,יח`,120,גרם,false,1,6.50,5.42,true,1,
7290018540817,false,לחם ארטיזנל מחמצת כוסמין 500 גר`אנג`ל,שלמה א. אנג`ל בעמ,,,יח`,500,גרם,false,1,18.90,3.78,false,1,
7290018540824,false,לחם ארטיזנל מחמצת כפרי 500 גר`אנג`ל,שלמה א. אנג`ל בעמ,,,יח`,500,גרם,false,1,17.90,3.58,false,1,
7290018540831,false,לחם ארטיזנל מחמצת חיטה מלאה ודגנים 500 ג,שלמה א. אנג`ל בעמ,,,יח`,500,גרם,false,1,17.90,3.58,false,1,
7290018571088,false,טופי חמוצמוץ 600 גרם כשלפ,מיה תעשיות מזון מ.ת.מ. בעמ,,,יח`,600,גרם,false,1,16.90,2.82,false,1,
7290018571101,false,אגוזי מלך בנספק ( 200 גר`) מיה,מיה תעשיות מזון מ.ת.מ. בעמ,,,יח`,200,גרם,false,1,20.90,10.45,true,1,
7290018571149,false,שקד מולבן פרוס בנספק ( 200 גר`) מיה,מיה תעשיות מזון מ.ת.מ. בעמ,,,יח`,200,גרם,false,1,20.90,10.45,true,1,
7290018571224,false,סילאן טבעי לחיץ 470 גרם,מיה תעשיות מזון מ.ת.מ. בעמ,,,יח`,470,גרם,false,1,15.90,3.38,false,1,
7290018571279,false,שקדים קלויים 200 גר`בנספק,מיה תעשיות מזון מ.ת.מ. בעמ,,,יח`,200,גרם,false,1,15.90,7.95,false,1,
7290018571699,false,קמח שקדים 250 גר`זיפר מיה,מיה תעשיות מזון מ.ת.מ. בעמ,,,יח`,250,גרם,false,1,25.90,10.36,false,1,
7290018652886,false,מאגדת שלגונים מצופים שוקו בננה 8 יח`,נגה גלידות שותפות מוגבלת,,,יח`,476,גרם,false,1,26.90,5.65,false,1,
7290018677124,false,גרנולה קראנצ`י חמוציות ודובדבנים 300 גר`,י.איטליאנו אחזקות בעמ,,,יח`,300,גרם,false,1,23.90,7.97,false,1,
7290018677131,false,גרנולה קראנצ`י אגוזים ושקדים 300 גר`איט,י.איטליאנו אחזקות בעמ,,,יח`,300,גרם,false,1,23.90,7.97,false,1,
7290018677209,false,סירופ מייפל אורגני 250 מל,י.איטליאנו אחזקות בעמ,,,יח`,250,"מ""ל",false,1,23.90,9.56,false,1,
7290018703052,false,פראוד חטיף חלבון עוגיות קראנץ גר`,דיפלומט היינץ,,,יח`,29,גרם,false,1,9.90,34.14,false,1,
7290018703311,false,דאבל קרם עוגיות קראנץ 60 גר`,דיפלומט היינץ,,,יח`,60,גרם,false,1,13.90,23.17,true,1,
7290018703496,false,דאבל בננה טופי קראנץ 60 גר`,דיפלומט היינץ,,,יח`,60,גרם,false,1,13.90,23.17,true,1,
7290018724408,false,דגני בוקר נטורלה נוגט ללא גלוטן 375 גר,י.איטליאנו אחזקות בעמ,,,יח`,375,גרם,false,1,20.90,5.57,false,1,
7290018724415,false,דגני בוקר נטורלה בראוניז ללא גלוטן 375,י.איטליאנו אחזקות בעמ,,,יח`,375,גרם,false,1,20.90,5.57,false,1,
7290018770269,false,זית קלמטה עם שמן זית 215 גר`,אבאל יזמות בעמ,,,יח`,215,גרם,false,1,13.90,6.47,true,1,
7290018770276,false,זית עריביקה עם שמן זית 215 גר`,אבאל יזמות בעמ,,,יח`,215,גרם,false,1,13.90,6.47,true,1,
7290018792841,false,אבקת קקאו טבעי 150 גר` גאנה,תה ויסוצקי (ישראל) בעמ,,,יח`,150,גרם,false,1,11.90,7.93,true,1,
7290018825617,false,תפוא אפיה לבן,תוצרת הנגב אגודה שיתופית חקלאי,,,"ק""ג",1,,true,1,3.90,3.90,false,1,
7290018835005,false,ציפס אורז חום מלא מלח פלפל ושמן זית 60 ג,א.ל.ייצור ושיווק תבלינים בעמ,,,יח`,60,גרם,false,1,7.50,12.50,true,1,
7290018878743,false,חמישיות שוקולד מריר (5*100 גר`) כרמית,כרמית תעשיות ממתקים בעמ,,,יח`,500,גרם,false,1,18.90,3.78,false,1,
7290018893036,false,ביסקוויט סנדוויץ בטעם שוקולד במילוי קרם,ש.שסטוביץ בעמ,,,יח`,176,גרם,false,1,7.50,4.26,false,1,
7290018893104,false,צ`וקטה ביסקוויט מצופה שוקולד מריר 100 גר,ש.שסטוביץ בעמ,,,יח`,100,גרם,false,1,8.90,8.90,true,1,
7290018893111,false,צ`וקטה שוקולד מריר 70% בלגי 100 גר`,ש.שסטוביץ בעמ,,,יח`,100,גרם,false,1,10.90,10.90,false,1,
7290018893128,false,צ`וקטה שוקולד חלב 34% בלגי 100 גר`,ש.שסטוביץ בעמ,,,יח`,100,גרם,false,1,10.90,10.90,false,1,
7290018893258,false,צ`וקטה עוגות אישיות בטעם קרמל 300 גר`,ש.שסטוביץ בעמ,,,יח`,300,גרם,false,1,13.90,4.63,true,1,
7290018893319,false,צ`וקטה שוקולד מריר 85% בלגי 100 גר`,ש.שסטוביץ בעמ,,,יח`,100,גרם,false,1,10.90,10.90,false,1,
7290018893425,false,צ`וקטה ממרח דואו 700 גר`,ש.שסטוביץ בעמ,,,יח`,700,גרם,false,1,20.90,2.99,false,1,
7290018893494,false,עלי וופל דקים בטעם חמאה 100 גר` צוקטה,ש.שסטוביץ בעמ,,,יח`,100,גרם,false,1,10.90,10.90,true,1,
7290018893654,false,צ`וקטה בייגלה בתוספת מלח 200 גר,ש.שסטוביץ בעמ,,,יח`,200,גרם,false,1,7.90,3.95,true,1,
7290018893708,false,צ`וקטה עוגיות סנדביץ שוקו 250 גר`,ש.שסטוביץ בעמ,,,יח`,250,גרם,false,1,8.90,3.56,true,1,
7290018893753,false,עלי וופל חמאה בטעם לימון 100 גר` צוקטה,ש.שסטוביץ בעמ,,,יח`,100,גרם,false,1,10.90,10.90,true,1,
7290018893807,false,שוקולד מריר 60% צ`וקטה (100x3 גרם),ש.שסטוביץ בעמ,,,יח`,300,גרם,false,1,13.90,4.63,false,1,
7290018893845,false,פתי בר 400 גר`צ`וקטה,ש.שסטוביץ בעמ,,,יח`,400,גרם,false,1,7.50,1.88,false,1,
7290018893937,false,סוכריות ג`לי בטעמי פירות 300 גר` לוקיטוס,ש.שסטוביץ בעמ,,,יח`,300,גרם,false,1,10.90,3.63,true,1,
7290018893951,false,עלי וופל חמאה בטעם קינמון 100 גר` צוקטה,ש.שסטוביץ בעמ,,,יח`,100,גרם,false,1,10.90,10.90,true,1,
7290018894248,false,שוקולד חלב שליישיה צ`וקטה 100 גר`,ש.שסטוביץ בעמ,,,יח`,300,גרם,false,1,13.90,4.63,false,1,
7290018921067,false,אפקטיב קר תחליב רחצה מועשר בשמן שקדים 70,פישר תעשיות פרמצבטיות בעמ,,,יח`,700,"מ""ל",false,1,17.90,2.56,true,1,
7290018925065,false,מיץ תפוזים סחוט פרימור (2 ליטר),שטראוס גרופ בעמ/מצונן,,,יח`,2,1 ליטר,false,1,27.90,13.80,false,1,
7290018925072,false,משקה קל לימונים ונענע (2 ליטר)פרימור,שטראוס גרופ בעמ/מצונן,,,יח`,2,1 ליטר,false,1,28.90,14.30,false,1,
7290018929377,false,כף אשפה מתקפל(איטליה),מ.א.ייצור ויבוא מטליות בעמ,,,יח`,1,,false,1,10.50,10.50,false,1,
7290018989081,false,חומוס הבית 410 גר`יכין,זנלכל בעמ,,,יח`,410,גרם,false,1,8.90,2.17,false,1,
7290019036395,false,ארטישוק 400 גר`קפוא,א.ג בחירה חכמה בעמ,,,יח`,400,גרם,false,1,9.90,2.48,false,1,
7290019056027,false,משקה מוגז פירות שוופס (1.5 ליטר) תפוחי,יפאורה,,,יח`,1.50,1 ליטר,false,1,9.50,6.13,true,1,
7290019056034,false,משקה מוגז פירות שוופס (1.5 ליטר) אננס,יפאורה,,,יח`,1.50,1 ליטר,false,1,9.50,6.13,true,1,
7290019056041,false,משקה מוגז פירות שוופס (1.5 ליטר) לימונ,יפאורה,,,יח`,1.50,1 ליטר,false,1,9.50,6.13,true,1,
7290019056058,false,שוופס מוגז עדין( 1.5 ליטר) תפוח ליים,יפאורה,,,יח`,1.50,1 ליטר,false,1,9.50,6.13,true,1,
7290019056065,false,שוופס מוגז עדין( 1.5 ליטר) פירות יער,יפאורה,,,יח`,1.50,1 ליטר,false,1,9.50,6.13,true,1,
7290019056096,false,שוופס מוגז עדין( 1.5 ליטר) אפרסק,יפאורה,,,יח`,1.50,1 ליטר,false,1,9.50,6.13,true,1,
7290019056119,false,מי סודה (1.5 ליטר) שוופס,יפאורה,,,יח`,1.50,1 ליטר,false,1,3.90,2.40,true,1,
7290019056164,false,מי סודה (1.5x4 ליטר)שוופס,יפאורה,,,יח`,6,1 ליטר,false,1,12.20,1.83,false,1,
7290019056201,false,רביעייה שוופס סודה 1.5 ליטר פירות יער,יפאורה,,,יח`,6,1 ליטר,false,1,12.20,1.83,false,1,
7290019056232,false,שוופס ליים 1.5 ליטר מוחיטו,יפאורה,,,יח`,1.50,1 ליטר,false,1,9.50,6.13,true,1,
7290019056270,false,שוופס מים 1.5 ליטר בטעם פירות יער,יפאורה,,,יח`,1.50,1 ליטר,false,1,9.50,6.13,true,1,
7290019056317,false,משקה שוופס (1.5 ליטר)ראשן,יפאורה,,,יח`,1500,"מ""ל",false,1,12.90,0.84,false,1,
7290019056324,false,שוופס (1.5 ליטר)מי טוניק,יפאורה,,,יח`,1.50,1 ליטר,false,1,12.90,8.40,false,1,
7290019056331,false,שוופס מי טוניק (1.5 ליטר)ללס,יפאורה,,,יח`,1.50,"מ""ל",false,1,12.90,840,false,1,
7290019056355,false,משקה תפוזינה 1.5 ליטר לימונענע,יפאורה,,,יח`,1.50,1 ליטר,false,1,9.50,6.13,true,1,
7290019056393,false,משקה קל תפוזינה 1.5 ליטר תות בננה,יפאורה,,,יח`,1.50,1 ליטר,false,1,9.50,6.13,true,1,
7290019056409,false,משקה קל תפוזינה 1.5 ליטר מנגו,יפאורה,,,יח`,1.50,1 ליטר,false,1,9.50,6.13,true,1,
7290019056416,false,משקה תפוזינה 1.5 ליטר לימונדה ורודה,יפאורה,,,יח`,1.50,1 ליטר,false,1,9.50,6.13,true,1,
7290019056430,false,משקה קל תפוזינה 1.5 ליטר תפוזים לייט,יפאורה,,,יח`,1.50,1 ליטר,false,1,9.50,6.13,true,1,
7290019056454,false,RC קולה 1.5 ליטר רגיל,יפאורה,,,יח`,1.50,1 ליטר,false,1,7.30,4.67,false,1,
7290019056485,false,ספרינג תה ירוק 1.5 ליטר בטעם לימון לואיז,יפאורה,,,יח`,1.50,1 ליטר,false,1,9.50,6.13,true,1,
7290019056508,false,פרוט ווטר 1.5 ליטר בטעם ענבים,יפאורה,,,יח`,1.50,1 ליטר,false,1,9.50,6.13,true,1,
7290019056515,false,פרוט ווטר 1.5 ליטר בטעם אננס,יפאורה,,,יח`,1.50,1 ליטר,false,1,9.50,6.13,true,1,
7290019056553,false,מים מינרלים עין גדי (2x6 ליטר),יפאורה,,,יח`,1.20,1 ליטר,false,1,13.70,9.92,false,1,
7290019056560,false,מים עין גדי בודד 2 ליטר,יפאורה,,,יח`,2,1 ליטר,false,1,3.30,1.65,false,1,
7290019056577,false,משקה קל ספרינג 1.5 ליטר מנגו,יפאורה,,,יח`,1.50,1 ליטר,false,1,9.50,6.13,true,1,
7290019056584,false,משקה קל ספרינג 1.5 ליטר תפוזים,יפאורה,,,יח`,1.50,1 ליטר,false,1,9.50,6.13,true,1,
7290019056591,false,משקה קל ספרינג 1.5 ליטר ענבים,יפאורה,,,יח`,1.50,1 ליטר,false,1,9.50,6.13,true,1,
7290019056607,false,משקה קל ספרינג 1.5 ליטר תפוחים,יפאורה,,,יח`,1.50,1 ליטר,false,1,9.50,6.13,true,1,
7290019056638,false,משקה קל ספרינג 1.5 ליטר תות בננה,יפאורה,,,יח`,1.50,1 ליטר,false,1,9.50,6.13,true,1,
7290019056645,false,משקה קל ספרינג 1.5 ליטר אגס תפוח סברס,יפאורה,,,יח`,1.50,1 ליטר,false,1,9.50,6.13,true,1,
7290019056652,false,משקה קל ספרינג 1.5 ליטר אננס בננה,יפאורה,,,יח`,1.50,1 ליטר,false,1,9.50,6.13,true,1,
7290019056669,false,משקה קל ספרינג 1.5 ליטר תפוחים דיאט,יפאורה,,,יח`,1.50,1 ליטר,false,1,9.50,6.13,true,1,
7290019056959,false,מי עדן בודד 1.5 ליטר,יפאורה,,,יח`,1.50,1 ליטר,false,1,2.80,1.67,false,1,
7290019056966,false,מי עדן בקבוק פיקדון 1.5 ליטר,יפאורה,,,יח`,1500,"מ""ל",false,1,4.20,0.26,false,1,
7290019056973,false,מים מינרלים (1.5x6 ליטר)מי עדן,יפאורה,,,יח`,9,1 ליטר,false,1,13.90,1.34,false,1,
7290019094005,false,חסה,רביבים עלי דשא בעמ,,,יח`,1,,false,1,7.50,7.50,false,1,
7290019101833,false,כוסות נייר b8 פאלאס) (50,פאלאס תעשיות נטו (2014) בעמ,,,יח`,50,יח`,false,1,8.90,0.18,false,1,
7290019105107,false,רביעיות מגבונים לתינוק ויקטורי פרימיום מ,טרופיקל-דגיל תעשיות קוסמטיקה ב,,,יח`,1,,false,1,14.90,14.90,false,1,
7290019145080,false,מרקש ערק לימון 700 מל,אבאל יזמות בעמ,,,יח`,700,"מ""ל",false,1,40.90,5.80,true,1,
7290019145288,false,מרקש ערק לימונענע 700 מל,אבאל יזמות בעמ,,,יח`,700,"מ""ל",false,1,40.90,5.80,true,1,
7290019153085,false,שוופס מוחיטו ללא סוכר 1.5 ליטר,יפאורה,,,יח`,1.50,1 ליטר,false,1,9.50,6.13,true,1,
7290019153535,false,שוופס רביעיות מוגז פירות למונייד ללס 33,יפאורה,,,יח`,1.32,1 ליטר,false,1,13.90,9.62,true,1,
7290019167020,false,עוגת גבינה עם פירורים 82 גרם עדן קינוחים,תנובה - חלב,,,יח`,82,גרם,false,1,7.20,8.78,false,1,
7290019167037,false,תותים בקצפת 82 גרם עדן קינוחים,תנובה - חלב,,,יח`,82,גרם,false,1,7.20,8.78,false,1,
7290019167044,false,קצפת עם קרם בייגלה מתוק מלוח 82 גרם עדן,תנובה - חלב,,,יח`,82,גרם,false,1,7.20,8.78,false,1,
7290019232803,false,הולגריין ביסקוויט עם קרם חלב 300 גרם,תה ויסוצקי (ישראל) בעמ,,,יח`,300,גרם,false,1,12.90,4.30,true,1,
7290019232834,false,בייגלה מצופים בקרם עוגיות ושוקולד 140 גר,תה ויסוצקי (ישראל) בעמ,,,יח`,140,גרם,false,1,8.90,6.36,true,1,
7290019233039,false,שקשוקה קלאסית 420 גר`-זיתא,תה ויסוצקי (ישראל) בעמ,,,יח`,420,גרם,false,1,13.90,3.31,true,1,
7290019297161,false,טורטיה ראפ מקמח תירס 450 גר` (12 יח),דין שיווק וקליה 2021 בעמ,,,יח`,450,גרם,false,1,10.90,2.42,true,1,
7290019297239,false,צימוק כהה 330 גר`,דין שיווק וקליה 2021 בעמ,,,יח`,330,גרם,false,1,12.90,3.91,false,1,
7290019297246,false,שזיפים מיובשים ששון הקולה (330 גרם),דין שיווק וקליה 2021 בעמ,,,יח`,330,גרם,false,1,19.90,6.03,false,1,
7290019297512,false,רוטב רימונים 340 גר שקדיה,דין שיווק וקליה 2021 בעמ,,,יח`,340,"מ""ל",false,1,11.20,3.29,false,1,
7290019297536,false,חמאת בוטנים 510 גר` עם שברי בוטנים דין ש,דין שיווק וקליה 2021 בעמ,,,יח`,510,גרם,false,1,14.20,2.78,true,1,
7290019297543,false,חמאת בוטנים 510 גר` דין שיווק,דין שיווק וקליה 2021 בעמ,,,יח`,510,גרם,false,1,14.20,2.78,true,1,
7290019297635,false,שקדים קלויים 150 גר ששון הקולה,דין שיווק וקליה 2021 בעמ,,,יח`,150,גרם,false,1,17.90,11.93,false,1,
7290019303312,false,טבע ירוק בייגלה כוסמין עם מלח 200 גר`,אבאל יזמות בעמ,,,יח`,200,גרם,false,1,15.90,7.95,true,1,
7290019303367,false,טבע ירוק בייגלה כוסמין עם שומשום 200 גר`,אבאל יזמות בעמ,,,יח`,200,גרם,false,1,15.90,7.95,true,1,
7290019308126,false,פולי סויה 400 גר` פרוסטי,נ.ת.נ.ג.ב החזקות יעוץ וניהול ב,,,יח`,400,גרם,false,1,6.90,1.73,true,1,
7290019393016,false,קמח חיטה לבן ללא צורך בניפוי 1 קג,אבאל יזמות בעמ,,,יח`,1,"ק""ג",false,1,7.90,7.90,true,1,
7290022005562,false,קריספ שום 300 גר`,א.ל.ייצור ושיווק תבלינים בעמ,,,יח`,300,גרם,false,1,8.90,2.97,true,1,
7290100230145,false,בונז`ור חלה מתוקה קלועה,קבוצת אסם סחר שות. מוגבלת,,,יח`,1,,false,1,11.90,11.90,true,1,
7290100235324,false,בריוש גבינה בונז`ור,קבוצת אסם סחר שות. מוגבלת,,,יח`,1,,false,1,25.90,25.90,false,1,
7290100240137,false,בדין תרסיס למייבש כביסה,יוניליוור ישראל שיווק בעמ,,,יח`,500,"מ""ל",false,1,20.30,4.06,true,1,
7290100240656,false,פתית שיפון תלמה (300 גרם),יוניליוור ישראל שיווק בעמ,,,יח`,300,גרם,false,1,19.30,6.43,true,1,
7290100243671,false,בדין אקסטרא כחול 960 מל,יוניליוור ישראל שיווק בעמ,,,יח`,960,"מ""ל",false,1,17.30,1.80,true,1,
7290100245231,false,נמס בכוס ועוד טעם עוף שקדי מרק,יוניליוור ישראל שיווק בעמ,,,יח`,50,גרם,false,1,7.60,15.20,true,1,
7290100247969,false,קליק שקיות כריות צ`וקולדה,יוניליוור ישראל שיווק בעמ,,,יח`,75,גרם,false,1,6.90,9.20,true,1,
7290100653586,false,ליידי ספיד סטיק 24/7 ג`ל פרש פיוזן יבוא,בית הצעצוע בעמ,,,יח`,50,"מ""ל",false,1,15.90,31.80,false,1,
7290100680650,false,מנה חמה נודלס תאילנדי,קבוצת אסם סחר שות. מוגבלת,,,יח`,76,גרם,false,1,8.50,11.18,true,1,
7290100680667,false,מנה חמה נודלס בסגנון סצ`ואן אסם (76 גרם),קבוצת אסם סחר שות. מוגבלת,,,יח`,76,גרם,false,1,8.50,11.18,true,1,
7290100680711,false,פירורית זהב אסם (350 גרם),קבוצת אסם סחר שות. מוגבלת,,,יח`,350,גרם,false,1,10.10,2.89,false,1,
7290100681138,false,אפרופו מארז שלישיה,קבוצת אסם סחר שות. מוגבלת,,,יח`,150,גרם,false,1,14.50,9.67,true,1,
7290100681244,false,רוטב שום אסם (290 מל),קבוצת אסם סחר שות. מוגבלת,,,יח`,290,"מ""ל",false,1,13.20,4.55,false,1,
7290100684764,false,במבה יום הולדת אסם (25 גרם),קבוצת אסם סחר שות. מוגבלת,,,יח`,25,גרם,false,1,3.30,13.20,false,1,
7290100685136,false,אבקת מרק בטעם עוף אסם (1 קג),קבוצת אסם סחר שות. מוגבלת,,,יח`,1,"ק""ג",false,1,15.90,15.90,true,1,
7290100685242,false,במבה תות,קבוצת אסם סחר שות. מוגבלת,,,יח`,30,גרם,false,1,3.30,11,false,1,
7290100689301,false,מרק בטעם עוף זך אסם (400 גרם),קבוצת אסם סחר שות. מוגבלת,,,יח`,400,גרם,false,1,17.30,4.33,true,1,
7290100700020,false,גריסי פנינה סוגת (500 גרם),סוגת תעשיות בעמ,,,יח`,200,גרם,false,1,7.50,3.75,true,1,
7290100700242,false,אורז מלא עגול סוגת (1 קג),סוגת תעשיות בעמ,,,יח`,1000,גרם,false,1,10.90,1.09,false,1,
7290100700273,false,קינואה 500 גר`,סוגת תעשיות בעמ,,,יח`,500,גרם,false,1,16.90,3.38,true,1,
7290100700372,false,אורז בסמטי מלא סוגת (1 קג),סוגת תעשיות בעמ,,,יח`,1,"ק""ג",false,1,14.90,14.90,false,1,
7290100700396,false,אורז יסמין סוגת (1 קג),סוגת תעשיות בעמ,,,יח`,1,"ק""ג",false,1,13.50,13.50,true,1,
7290100700587,false,בורגול סוגת (500 גרם),סוגת תעשיות בעמ,,,יח`,500,גרם,false,1,6.50,1.30,true,1,
7290100701140,false,אורז ריזוטו ארבוריו סוגת (1 קג),סוגת תעשיות בעמ,,,יח`,1,"ק""ג",false,1,13.90,13.90,false,1,
7290100701157,false,אורז להכנת סושי סוגת (1 קג),סוגת תעשיות בעמ,,,יח`,1,"ק""ג",false,1,12.90,12.90,false,1,
7290100701300,false,קינואה אדומה סוגת (500 גרם),סוגת תעשיות בעמ,,,יח`,500,גרם,false,1,16.90,3.38,true,1,
7290100701454,false,בורגול דק גרישה סוגת (500 גרם),סוגת תעשיות בעמ,,,יח`,500,גרם,false,1,6.50,1.30,true,1,
7290100703007,false,עדשים שחורות בלוגה סוגת (500 גרם),סוגת תעשיות בעמ,,,יח`,500,גרם,false,1,8.90,1.78,true,1,
7290100704516,false,חומוס מיני סוגת (500 גרם),סוגת תעשיות בעמ,,,יח`,500,גרם,false,1,6.90,1.38,true,1,
7290100704615,false,סוכר לבן דק דק צנצנת 500 גר,סוגת תעשיות בעמ,,,יח`,500,גרם,false,1,8.90,1.78,false,1,
7290100704622,false,סוכר דמררה דק דק צנצנת 500 גר,סוגת תעשיות בעמ,,,יח`,500,גרם,false,1,8.90,1.78,false,1,
7290100850909,false,חטיף תירס נאצ`ו מקסיקני דוריטוס (70 גרם),שטראוס פריטו ליי בעמ,,,יח`,70,גרם,false,1,4,5.71,true,1,
7290100850916,false,חטיף תירס חמוץ חריף דוריטוס (70 גרם),שטראוס פריטו ליי בעמ,,,יח`,70,גרם,false,1,4,5.71,true,1,
7290100850923,false,חטיף תירס גריל דוריטוס (70 גרם),שטראוס פריטו ליי בעמ,,,יח`,70,גרם,false,1,4,5.71,true,1,
7290100850930,false,חטיף תירס בטעם טבעי דוריטוס (70 גרם),שטראוס פריטו ליי בעמ,,,יח`,70,גרם,false,1,4,5.71,true,1,
7290100851968,false,קפה נמס עלית 200 גר`זוג,שטראוס גרופ בעמ,,,יח`,400,גרם,false,1,39.90,9.98,false,1,
7290100858592,false,אבקת קקאו עלית (150 גרם),שטראוס גרופ בעמ,,,יח`,150,גרם,false,1,9.90,6.60,false,1,
7290100921593,false,סוד כדוריות נתלה לאסלה לימון,גורי שיווק בעמ,,,יח`,1,,false,1,8.90,8.90,true,1,
7290100921616,false,סוד כדוריות נתלה לאסלה אורנים,גורי שיווק בעמ,,,יח`,1,,false,1,8.90,8.90,true,1,
7290100924457,false,כדוריות שלישייה בניחוח לימון,גורי שיווק בעמ,,,יח`,1,,false,1,17.90,17.90,true,1,
7290100924464,false,כדוריות שלישייה אקנומיקה,גורי שיווק בעמ,,,יח`,1,,false,1,17.90,17.90,true,1,
7290100925669,false,דפים למניעת העברת צבע קולור קאצ`ר) (10,גורי שיווק בעמ,,,יח`,1,,false,1,13.90,13.90,true,1,
7290100925676,false,דפים למניעת העברת צבע קולור קאצ`ר (20),גורי שיווק בעמ,,,יח`,1,,false,1,18.90,18.90,true,1,
7290101110811,false,מאגדת מצופה דיאט שמינייה,פלקו בעמ,,,יח`,640,גרם,false,1,28.60,4.47,false,1,
7290101112228,false,מאגדת גלידה פרי שמיניה אננס 8יח,פלקו בעמ,,,יח`,800,גרם,false,1,25.90,3.24,false,1,
7290101112921,false,מאגדת גלידל פרי פירות טרופים 8 יח,פלקו בעמ,,,יח`,640,גרם,false,1,25.90,4.05,false,1,
7290101113447,false,מאגדת גלידל מיני קסטה שוקו וניל,פלקו בעמ,,,יח`,1,,false,1,30.90,30.90,false,1,
7290101113638,false,מאגדת סנקור ארוך 8יח,פלקו בעמ,,,יח`,1,,false,1,26.90,26.90,false,1,
7290101113751,false,מאגדת שלגון יולו קרמל ושוקולד בלונדי 4 י,פלקו בעמ,,,יח`,200,גרם,false,1,18.90,9.45,false,1,
7290101113768,false,מאגדת שלגון יולו עוגיות שוקולד חלב 4 יח`,פלקו בעמ,,,יח`,200,גרם,false,1,18.90,9.45,false,1,
7290101113805,false,מאגדת יופלה שייק פרי תות 70% פרי 5 יח`,פלקו בעמ,,,יח`,350,גרם,false,1,20.90,5.97,true,1,
7290101113812,false,מאגדת יופלה שייק פרי אננס קוקוס,פלקו בעמ,,,יח`,350,גרם,false,1,20.90,5.97,false,1,
7290101113829,false,מאגדת יופלה שייק פרי מנגו 70% פרי 5 יח`,פלקו בעמ,,,יח`,350,גרם,false,1,20.90,5.97,true,1,
7290101455264,false,בקבוק שתייה דגם שקוף-700 מל-מפרץ ההרפ,שמחה זה אנחנו בעמ,,,יח`,1,,false,1,24.90,24.90,false,1,
7290101551027,false,קפסולות 14 למכונות נספרו עלית) (10,שטראוס גרופ בעמ,,,יח`,50,גרם,false,1,18.50,37,true,1,
7290101551263,false,סילאן טבעי 700 גר`יד מרדכי,שטראוס גרופ בעמ,,,יח`,700,גרם,false,1,19.90,2.84,false,1,
7290101551539,false,דנונה פרו 20 גר`אפרסק,שטראוס גרופ בעמ/מצונן,,,יח`,200,גרם,false,1,6.10,3.05,false,1,
7290101551577,false,קוואקר שיבולת שועל פחית 500 גר`זוג,שטראוס פריטו ליי בעמ,,,יח`,1,גרם,false,1,24.90,2490,true,1,
7290101551584,false,חטיף צ`יפס קידס תפוצ`יפס) (10*20,שטראוס פריטו ליי בעמ,,,יח`,200,גרם,false,1,13.90,6.95,false,1,
7290101825197,false,כפפות לטקס עם אבקה XL לבן,שמחה זה אנחנו בעמ,,,יח`,1,,false,1,22.90,22.90,false,1,
7290101864127,false,ספריי להסרת כתמים וניש קליה (750 מל),רקיט בנקיזר (ניר איסט) בעמ,,,יח`,750,"מ""ל",false,1,17.90,2.39,true,1,
7290101869788,false,מילוי מבשם אויר אוטומטי אואזיס,רקיט בנקיזר (ניר איסט) בעמ,,,יח`,250,"מ""ל",false,1,15.90,6.36,true,1,
7290101869818,false,מבשם אוויר חשמלי מכשיר חלום ליל קיץ,רקיט בנקיזר (ניר איסט) בעמ,,,יח`,1,,false,1,28.90,28.90,false,1,
7290101869962,false,מקלות ריחניים חלום ליל קיץ איירוויק,רקיט בנקיזר (ניר איסט) בעמ,,,יח`,1,,false,1,15.90,15.90,true,1,
7290101869979,false,מקלות ריחניים אואזיס איירוויק,רקיט בנקיזר (ניר איסט) בעמ,,,יח`,1,,false,1,15.90,15.90,true,1,
7290101982951,false,בקבוק שתיה מועצב היי סקול,שמחה זה אנחנו בעמ,,,יח`,1,,false,1,26.90,26.90,false,1,
7290101990956,false,חרב בועות סבון דיסני,שמחה זה אנחנו בעמ,,,יח`,1,,false,1,6.90,6.90,false,1,
7290101999584,false,נרות ג`מבו כוכבים- הלו קיטי,שמחה זה אנחנו בעמ,,,יח`,1,,false,1,6.90,6.90,false,1,
7290102030330,false,תפוצ`יפס 200 גר` קראנץ` מקסיקני,שטראוס פריטו ליי בעמ,,,יח`,200,גרם,false,1,11.50,5.75,true,1,
7290102031276,false,שמיניית אקטימל תות בננה,שטראוס גרופ בעמ/מצונן,,,יח`,800,"מ""ל",false,1,20.90,2.61,false,1,
7290102300822,false,גבינת צ`דר אנגלית כתומה 200 גרם,א. סיימן סחר בעמ,,,יח`,200,גרם,false,1,25.90,12.95,true,1,
7290102302253,false,גאודה עיזים 200 גר`,א. סיימן סחר בעמ,,,יח`,200,גרם,false,1,32.90,16.45,true,1,
7290102302819,false,גושי טונה בהירה בשמן זית 120 גר`רוברוט,נטו מלינדה סחר בעמ,,,יח`,120,גרם,false,1,15.90,13.25,false,1,
7290102390427,false,יוגורט ביו פרופ 3% תות מולר (150 גרם),החב` המרכזית - טרה,,,יח`,150,"מ""ל",false,1,5.30,3.53,false,1,
7290102390465,false,מולר מעדן אפרסק 150 מל,החב` המרכזית - טרה,,,יח`,150,"מ""ל",false,1,5.30,3.53,false,1,
7290102390489,false,יוגורט ביו פרופ 3% לימון מולר (150 גרם),החב` המרכזית - טרה,,,יח`,150,"מ""ל",false,1,5.30,3.53,false,1,
7290102391844,false,מולר יוגורט פרי פרופ יער 150 מל,החב` המרכזית - טרה,,,יח`,150,"מ""ל",false,1,5.30,3.53,false,1,
7290102392094,false,חלב עיזים מלא 4.1% משק צוריאל (1 ליטר),החב` המרכזית - טרה,,,יח`,1,1 ליטר,false,1,17.40,17.40,false,1,
7290102393039,false,מולר מיקס יוגורט קרמי,החב` המרכזית - טרה,,,יח`,170,גרם,false,1,6.20,3.65,false,1,
7290102393060,false,מולר מיקס יוגורט קרמי,החב` המרכזית - טרה,,,יח`,170,"מ""ל",false,1,6.20,3.65,false,1,
7290102393169,false,מולר סימפלי פרויט תות שדה,החב` המרכזית - טרה,,,יח`,150,גרם,false,1,5.30,3.53,true,1,
7290102393176,false,מולר סימפלי פרויט אפרסק,החב` המרכזית - טרה,,,יח`,150,גרם,false,1,5.30,3.53,true,1,
7290102393190,false,מולר סימפלי פרויט פירות היער,החב` המרכזית - טרה,,,יח`,150,גרם,false,1,5.30,3.53,true,1,
7290102393268,false,גבינה לבנה 5% 750 גר`פיקוח,החב` המרכזית - טרה,,,יח`,750,גרם,false,1,14.94,1.99,false,1,
7290102393299,false,יוגורט עיזים 500 גר`לשתיה,החב` המרכזית - טרה,,,יח`,500,גרם,false,1,13.40,2.68,false,1,
7290102393947,false,מולר סימפלי פרויט קיווי,החב` המרכזית - טרה,,,יח`,150,"מ""ל",false,1,5.30,3.53,true,1,
7290102394258,false,מה עז 180 גר`9%,החב` המרכזית - טרה,,,יח`,180,גרם,false,1,23.70,13.17,false,1,
7290102394463,false,גבינה צהובה ואקום 28%,החב` המרכזית - טרה,,,יח`,500,גרם,false,1,29.40,5.88,false,1,
7290102394821,false,גבינה צהובה 200 גר`דק דק 28% אדם נעם,החב` המרכזית - טרה,,,יח`,200,גרם,false,1,17.40,8.70,false,1,
7290102394845,false,גבינה צהובה 200 גר`דק דק 9% נעם,החב` המרכזית - טרה,,,יח`,200,גרם,false,1,17.80,8.90,false,1,
7290102395224,false,יוגורט ביו נטורל 1.7% מולר (150x8 גרם),החב` המרכזית - טרה,,,יח`,1200,גרם,false,1,18.80,1.57,false,1,
7290102395231,false,יוגורט ביו נטורל 2.8% מולר (150x8 גרם),החב` המרכזית - טרה,,,יח`,1,,false,1,18.80,18.80,false,1,
7290102395262,false,מאגדת שמינייה מולר סיפלי תות,החב` המרכזית - טרה,,,יח`,1,,false,1,31.40,31.40,false,1,
7290102395439,false,מאגדת שמינייה מולר סיפלי פרוט,החב` המרכזית - טרה,,,יח`,1,,false,1,31.40,31.40,false,1,
7290102395521,false,שמנת לבישול 15% 500 מל,החב` המרכזית - טרה,,,יח`,500,"מ""ל",false,1,17.40,3.48,false,1,
7290102396665,false,גבינה צהובה דקה דקה 15% נעם (200 גרם),החב` המרכזית - טרה,,,יח`,200,גרם,false,1,17.80,8.90,false,1,
7290102396672,false,גבינה צהובה נעם דק דק 9% פתח סגור 360 ג,החב` המרכזית - טרה,,,יח`,360,גרם,false,1,27.20,7.56,false,1,
7290102397204,false,גבינה צהובה נעם דק דק פתח סגור 200 גר,החב` המרכזית - טרה,,,יח`,200,גרם,false,1,17.80,8.90,false,1,
7290102397464,false,מולר נטורל+פקאן גרעינים וחמוציות 150,החב` המרכזית - טרה,,,יח`,150,גרם,false,1,6.20,4.13,false,1,
7290102397600,false,מולר מיקס שקדים ובוטנים בקרמל 170 גרם,החב` המרכזית - טרה,,,יח`,170,גרם,false,1,6.20,3.65,false,1,
7290102397617,false,מולר מיקס קליק 170 גרם,החב` המרכזית - טרה,,,יח`,170,גרם,false,1,6.20,3.65,false,1,
7290102397679,false,קוטג`וחצי 5% 375 גר,החב` המרכזית - טרה,,,יח`,375,גרם,false,1,8.30,2.21,false,1,
7290102397730,false,גבינה צהובה אמנטל 30% נעם (200 גרם),החב` המרכזית - טרה,,,יח`,200,גרם,false,1,17.80,8.90,false,1,
7290102397747,false,מוצרלה נעם פתיחה חוזרת 200 גר`,החב` המרכזית - טרה,,,יח`,200,גרם,false,1,19.90,9.95,false,1,
7290102397891,false,גבינה מותכת 100 גר צוריאל,החב` המרכזית - טרה,,,יח`,100,גרם,false,1,7.90,7.90,false,1,
7290102398065,false,חלב קרטון 2 ליטר 3% מהדרין וסט,החב` המרכזית - טרה,,,יח`,2,1 ליטר,false,1,12.46,6.23,false,1,
7290102398072,false,חלב הומוגני 3% 1 ליטר מהדרין וסט,החב` המרכזית - טרה,,,יח`,1,1 ליטר,false,1,6.23,6.23,false,1,
7290102398331,false,חלב מועשר דל לקטוז 1 ליטר טרה,החב` המרכזית - טרה,,,יח`,1,1 ליטר,false,1,7.50,7.50,false,1,
7290102398560,false,משקה שוקו מועשר בבקבוק 1 ליטר טרה,החב` המרכזית - טרה,,,יח`,1,1 ליטר,false,1,12.10,12.10,false,1,
7290102398577,false,שוקו מעושר בבקבוק 250 מל טרה,החב` המרכזית - טרה,,,יח`,250,"מ""ל",false,1,5.20,2.08,false,1,
7290102398669,false,משקה חלב אייס קפוצינו 1 ליטר טרה,החב` המרכזית - טרה,,,יח`,1,1 ליטר,false,1,12.10,12.10,false,1,
7290102398782,false,משקה סויה קלאסי 1 ליטר משק צוריאל,החב` המרכזית - טרה,,,יח`,1,1 ליטר,false,1,10.90,10.90,false,1,
7290102398799,false,משקה סויה במתיקות מופחת 1 ליטר משק צוריא,החב` המרכזית - טרה,,,יח`,1,1 ליטר,false,1,10.90,10.90,false,1,
7290102398836,false,משקה שקדים קלאסי 1 ליטר משק צוריאל,החב` המרכזית - טרה,,,יח`,1000,"מ""ל",false,1,12.90,1.29,false,1,
7290102399048,false,קשקבל נעם פתיחה חוזרת 200 גר`,החב` המרכזית - טרה,,,יח`,200,גרם,false,1,23,11.50,false,1,
7290102399789,false,ממרח חמאה מולר ללא מלח 250 גר`,החב` המרכזית - טרה,,,יח`,250,גרם,false,1,17.80,7.12,false,1,
7290102399802,false,יוגורט מולר אקטיב תות חלבון 20גר,החב` המרכזית - טרה,,,יח`,200,גרם,false,1,6.20,3.10,true,1,
7290102399819,false,יוגורט מולר אקטיב פירות יער חלבון 20גר,החב` המרכזית - טרה,,,יח`,200,גרם,false,1,6.20,3.10,true,1,
7290102840182,false,פודינג בטעם שוקולד 85 גר`מיה,מיה תעשיות מזון מ.ת.מ. בעמ,,,יח`,85,גרם,false,1,5,5.88,false,1,
7290102840199,false,ג`לי בטעם משמש 90 גר`מיה,מיה תעשיות מזון מ.ת.מ. בעמ,,,יח`,90,גרם,false,1,5,5.56,false,1,
7290103126797,false,קולגייט סנסיטיב פרו ריליף 75 מל,ש.שסטוביץ בעמ,,,יח`,110,גרם,false,1,19.90,18.09,true,1,
7290103129378,false,ספיד סטיק X5 ג`ל הגנה משולבת 85 גר`,ש.שסטוביץ בעמ,,,יח`,85,גרם,false,1,18.90,22.24,false,1,
7290103156473,false,כפיות לפיד) (100,פאלאס תעשיות נטו (2014) בעמ,,,יח`,1,,false,1,10.90,10.90,true,1,
7290103156480,false,מזלג חד פעמי לפיד) (100,פאלאס תעשיות נטו (2014) בעמ,,,יח`,1,,false,1,10.90,10.90,true,1,
7290103156497,false,סכין חד פעמי לפיד) (100,פאלאס תעשיות נטו (2014) בעמ,,,יח`,1,,false,1,10.90,10.90,true,1,
7290103243333,false,עוגה בטעם תפוז 450 גר,בני פאוזי שמשום (2009) בעמ,,,יח`,450,גרם,false,1,7.10,1.58,false,1,
7290103400194,false,כרוב לבן 400 ג בדצ ירקות שטראוס טעם הטבע,שטראוס גרופ בעמ/מצונן,,,יח`,400,גרם,false,1,9,2.25,false,1,
7290103400231,false,גזר גוליאן 400גר שטראוס טעם הטבע,שטראוס גרופ בעמ/מצונן,,,יח`,400,גרם,false,1,9,2.25,false,1,
7290103400255,false,סלט קולסלאו 400 ג בדצ ירקות שטראוס טעם ה,שטראוס גרופ בעמ/מצונן,,,יח`,400,גרם,false,1,9,2.25,false,1,
7290103401429,false,קפה PLATINUM ברזילאי 200 גר,שטראוס גרופ בעמ,,,יח`,200,גרם,false,1,24.90,12.45,true,1,
7290103404758,false,כרוב אדום במיונז אחלה (120 גרם),שטראוס גרופ בעמ/מצונן,,,יח`,120,גרם,false,1,5.10,4.25,false,1,
7290103408206,false,עלי חסה ערבית שטופים 250 גר טעם הטבע,שטראוס גרופ בעמ/מצונן,,,יח`,250,גרם,false,1,10.10,4.04,false,1,
7290103702540,false,נייר טואלט כדור פורח 30 יח`,שניב תעשיות נייר בעמ,,,יח`,1,,false,1,25.90,25.90,false,1,
7290103704155,false,מגבות טאצ`6,שניב תעשיות נייר בעמ,,,יח`,1,,false,1,11.90,11.90,false,1,
7290103704575,false,טואלט טאצ` 48 פרמיום,שניב תעשיות נייר בעמ,,,יח`,1,,false,1,38.90,38.90,false,1,
7290103742003,false,מגבות טאצ שישייה,שניב תעשיות נייר בעמ,,,יח`,1,,false,1,10.90,10.90,false,1,
7290104061417,false,חומוס עם טחינה אחלה (400 גרם),שטראוס גרופ בעמ/מצונן,,,יח`,400,גרם,false,1,12.10,3.03,false,1,
7290104061431,false,חומוס עם צנובר אחלה (400 גרם),שטראוס גרופ בעמ/מצונן,,,יח`,400,גרם,false,1,12.10,3.03,false,1,
7290104061448,false,חומוס וחריף אחלה (400 גרם),שטראוס גרופ בעמ/מצונן,,,יח`,400,גרם,false,1,12.10,3.03,false,1,
7290104065934,false,עלי רוקט שטראוס 150 גר`-טעם הטבע,שטראוס גרופ בעמ/מצונן,,,יח`,150,גרם,false,1,10.50,7,false,1,
7290104066566,false,טחינה משומשום מלא אחלה (500 גרם),שטראוס גרופ בעמ/מצונן,,,יח`,500,גרם,false,1,15.60,3.12,true,1,
7290104500572,false,אפרופו 50 גר` איטליאנו,קבוצת אסם סחר שות. מוגבלת,,,יח`,50,גרם,false,1,5.70,11.40,true,1,
7290104503184,false,עוגת הבית בראוניס שבת שוקולד ריבת חלב 38,קבוצת אסם סחר שות. מוגבלת,,,יח`,380,גרם,false,1,19.60,5.16,false,1,
7290104509247,false,עוגת קראנצ`שוקולד בונז`ור,קבוצת אסם סחר שות. מוגבלת,,,יח`,1,,false,1,24.90,24.90,false,1,
7290104721762,false,קפה טורקי עלית (85x3 גרם),שטראוס גרופ בעמ,,,יח`,255,גרם,false,1,19.90,7.80,false,1,
7290104721953,false,לקט מסולסלים 350 גרם שטראוס טעם הטבע,שטראוס גרופ בעמ/מצונן,,,יח`,350,גרם,false,1,13.50,3.86,false,1,
7290104722530,false,תפוצ`יפס 200 גר` שמנת בצל,שטראוס פריטו ליי בעמ,,,יח`,200,גרם,false,1,11.50,5.75,true,1,
7290104726712,false,מילקי שמיניה,שטראוס גרופ בעמ/מצונן,,,יח`,868,"מ""ל",false,1,20.90,2.41,false,1,
7290104728310,false,שמנת עמידה לקצפת 38% שומן 250 מל,שטראוס גרופ בעמ/מצונן,,,יח`,250,"מ""ל",false,1,6.47,2.59,false,1,
7290104729003,false,שמן זית כתית מעולה יד מרדכי (750 מל),שטראוס גרופ בעמ,,,יח`,750,"מ""ל",false,1,34.90,4.65,true,1,
7290104851971,false,מפת שולחן עבה במיוחד 8 יח פאלאס,פאלאס תעשיות נטו (2014) בעמ,,,יח`,1,,false,1,9.90,9.90,false,1,
7290104852794,false,תבנית אלומניום קטנה R29 פאלאס 13 יח,פאלאס תעשיות נטו (2014) בעמ,,,יח`,1,,false,1,13.20,13.20,true,1,
7290104857119,false,צלחות גדולות קלאסיק למיקרוגל לפיד (100),פאלאס תעשיות נטו (2014) בעמ,,,יח`,100,יח`,false,1,39.90,0.40,true,1,
7290104858598,false,מפיות לבנות 100 יח לפיד,פאלאס תעשיות נטו (2014) בעמ,,,יח`,1,,false,1,4.90,4.90,false,1,
7290104859809,false,תבנית אלומניום אינגליש R88 פאלאס 14 יח,פאלאס תעשיות נטו (2014) בעמ,,,יח`,1,,false,1,9.90,9.90,true,1,
7290104965661,false,דאו נושם ספריי קרליין SWEET KISS,החברה הדרומית לשיווק בעמ,,,יח`,200,"מ""ל",false,1,13.90,6.95,true,1,
7290105100054,false,מטריה אוטומטי מתקפל,טומי - קונסיגנציה,,,יח`,1,,false,1,15.90,15.90,false,1,
7290105100221,false,מטריה ג`מבו אוטומט,טומי - קונסיגנציה,,,יח`,1,,false,1,29.90,29.90,false,1,
7290105105110,false,כפפות אקרילן,טומי - קונסיגנציה,,,יח`,1,,false,1,7.90,7.90,false,1,
7290105105905,false,נעלי בית חורפי,טומי - קונסיגנציה,,,יח`,1,,false,1,19.90,19.90,false,1,
7290105107534,false,מטריה רב צלעות,טומי - קונסיגנציה,,,יח`,1,,false,1,29.90,29.90,false,1,
7290105107572,false,כובע חורפי,טומי - קונסיגנציה,,,יח`,1,,false,1,24.90,24.90,false,1,
7290105108272,false,מטריה מיני אוטו עמיד ברוח,טומי - קונסיגנציה,,,יח`,1,,false,1,29.90,29.90,false,1,
7290105109057,false,כפפות חורף,טומי - קונסיגנציה,,,יח`,1,,false,1,9.90,9.90,false,1,
7290105360335,false,קפסולות 7 עדין וקטיפתי עלית) (10,שטראוס גרופ בעמ,,,יח`,50,גרם,false,1,18.50,37,true,1,
7290105362339,false,שמנת לבישול 15% יטבתה (250 מל),שטראוס גרופ בעמ/מצונן,,,יח`,250,"מ""ל",false,1,8.60,3.44,true,1,
7290105363602,false,מקלות כיף כף קלאסי עלית (40 גרם),שטראוס גרופ בעמ,,,יח`,40,גרם,false,1,5.70,14.25,true,1,
7290105364289,false,כיף כף מקלות פצפוצים,שטראוס גרופ בעמ,,,יח`,40,גרם,false,1,5.70,14.25,true,1,
7290105366023,false,חצילים בטעם כבד אחלה (400 גרם),שטראוס גרופ בעמ/מצונן,,,יח`,400,גרם,false,1,16.20,4.05,true,1,
7290105366993,false,סימפוניה 200 גר פלפל שיפקה חריף,שטראוס גרופ בעמ/מצונן,,,יח`,200,גרם,false,1,12.20,6.10,false,1,
7290105368331,false,מילקי תות פיקוח,שטראוס גרופ בעמ/מצונן,,,יח`,130,"מ""ל",false,1,2.80,2.15,false,1,
7290105368904,false,שמנת עמידה לקצפת 32% שומן,שטראוס גרופ בעמ/מצונן,,,יח`,250,"מ""ל",false,1,7.70,3.08,false,1,
7290105369130,false,סימפוניה 200 גר בצל ירוק 5%,שטראוס גרופ בעמ/מצונן,,,יח`,200,גרם,false,1,12.20,6.10,false,1,
7290105430441,false,פלמוליב סחלב שחור 750 מל,ש.שסטוביץ בעמ,,,יח`,750,"מ""ל",false,1,20.90,2.79,true,1,
7290105430458,false,סבון נוזלי חלב שקדים פלמוליב (750 מל),ש.שסטוביץ בעמ,,,יח`,750,"מ""ל",false,1,20.90,2.79,true,1,
7290105438539,false,נייר אפיה קוקי) (40,ש.שסטוביץ בעמ,,,יח`,1,,false,1,11.20,11.20,true,1,
7290105439499,false,מיונז הולנדי מאסטר שף (483 גר`),ש.שסטוביץ בעמ,,,יח`,483,גרם,false,1,12.50,2.59,false,1,
7290105439581,false,חרדל דיז`ון צרפתי מאסטר שף (370 גרם),ש.שסטוביץ בעמ,,,יח`,370,גרם,false,1,12.90,3.49,false,1,
7290105691248,false,חטיף טורטיה תירס אסם (60 גרם),קבוצת אסם סחר שות. מוגבלת,,,יח`,60,גרם,false,1,9,15,true,1,
7290105693341,false,במבה אסם (25x10 גרם),קבוצת אסם סחר שות. מוגבלת,,,יח`,250,גרם,false,1,17.30,6.92,true,1,
7290105693457,false,עוגת הבית דמקה שוקו וניל 320 גר`בחושות,קבוצת אסם סחר שות. מוגבלת,,,יח`,320,גרם,false,1,12.50,3.91,false,1,
7290105694614,false,ספגטי מהיר הכנה אסם (500 גרם),קבוצת אסם סחר שות. מוגבלת,,,יח`,500,גרם,false,1,6.10,1.22,true,1,
7290105695024,false,פתיתים אפויים 500 גר` אורז עם אטריות אסם,קבוצת אסם סחר שות. מוגבלת,,,יח`,1,,false,1,7.70,7.70,true,1,
7290105695321,false,עוגת בראוניז פאדג`,קבוצת אסם סחר שות. מוגבלת,,,יח`,400,גרם,false,1,19.60,4.90,false,1,
7290105964564,false,חומוס אחלה (400 גרם),שטראוס גרופ בעמ/מצונן,,,יח`,400,גרם,false,1,9.10,2.28,false,1,
7290105965738,false,דנונה לשתיה תות בננה,שטראוס גרופ בעמ/מצונן,,,יח`,263,"מ""ל",false,1,5.20,1.98,false,1,
7290105968098,false,סלט קולסלאו אחלה (500 גרם),שטראוס גרופ בעמ/מצונן,,,יח`,500,גרם,false,1,16.80,3.36,true,1,
7290105968654,false,רביולי עם בטטה פרווה שטראוס (400 גרם),שטראוס גרופ בעמ/מצונן,,,יח`,400,גרם,false,1,21.70,5.43,true,1,
7290106520066,false,רבע לשבע- רגיל,שטראוס גרופ בעמ,,,יח`,160,גרם,false,1,14.20,8.88,false,1,
7290106520288,false,דנונה WOW תות 150 גר`,שטראוס גרופ בעמ/מצונן,,,יח`,150,גרם,false,1,4.60,3.07,true,1,
7290106520912,false,שמנת לבישול 9% יטבתה (250 מל),שטראוס גרופ בעמ/מצונן,,,יח`,258,"מ""ל",false,1,8.60,3.33,true,1,
7290106524439,false,חטיף פופס תפוצ`יפס (60 גרם),שטראוס פריטו ליי בעמ,,,יח`,60,גרם,false,1,4,6.67,false,1,
7290106526822,false,אנרג`י פריכיות תחתית שוקולד,שטראוס גרופ בעמ,,,יח`,70,גרם,false,1,9.40,13.43,true,1,
7290106528628,false,חטיף תירס בטעם טבעי דוריטוס (185 גרם),שטראוס פריטו ליי בעמ,,,יח`,185,גרם,false,1,7.90,4.27,false,1,
7290106528949,false,סלט ערוגות שטראוס 450 גר`-טעם הטבע,שטראוס גרופ בעמ/מצונן,,,יח`,450,גרם,false,1,11.80,2.62,false,1,
7290106572027,false,קרקר לחמית חמישה דגנים אסם (190 גרם),קבוצת אסם סחר שות. מוגבלת,,,יח`,190,גרם,false,1,10,5.26,true,1,
7290106572065,false,חטיפי טורטיה בטעם חמוץ מתוק אסם (60 גרם),קבוצת אסם סחר שות. מוגבלת,,,יח`,60,גרם,false,1,9,15,true,1,
7290106574953,false,בייגלה שטוחים עם שומשום,קבוצת אסם סחר שות. מוגבלת,,,יח`,300,גרם,false,1,10.10,3.37,true,1,
7290106574977,false,בייגלה שטוחים טבעות עם מלח אסם (300 גרם),קבוצת אסם סחר שות. מוגבלת,,,יח`,300,גרם,false,1,10.10,3.37,true,1,
7290106575257,false,עוגת הבית סופלה טעם שוקולד,קבוצת אסם סחר שות. מוגבלת,,,יח`,340,גרם,false,1,12.50,3.68,false,1,
7290106575431,false,עוגת הבית סופלה טעם שוקו וניל,קבוצת אסם סחר שות. מוגבלת,,,יח`,340,גרם,false,1,12.50,3.68,false,1,
7290106576810,false,לה קרמריה 1.4 ריבת חלב,נגה גלידות שותפות מוגבלת,,,יח`,1.40,1 ליטר,false,1,23.40,16.71,true,1,
7290106576971,false,לה קרמריה 1.4 שוקולד,נגה גלידות שותפות מוגבלת,,,יח`,1.40,1 ליטר,false,1,23.40,16.71,true,1,
7290106578692,false,במבה ביסלי מיקס 80 גר`,קבוצת אסם סחר שות. מוגבלת,,,יח`,80,גרם,false,1,4.40,5.50,true,1,
7290106578821,false,עוגת הבית שמרים שוקולד קלאסית,קבוצת אסם סחר שות. מוגבלת,,,יח`,350,גרם,false,1,19.30,5.51,false,1,
7290106652996,false,כיף כף מקלות קוקוס,שטראוס גרופ בעמ,,,יח`,42,גרם,false,1,5.70,13.57,true,1,
7290106653689,false,לקט לסלט אסייתי 350 גר`-טעם הטבע,שטראוס גרופ בעמ/מצונן,,,יח`,350,גרם,false,1,11.20,3.20,false,1,
7290106654099,false,מארז מילקי CAKE שמיניה,שטראוס גרופ בעמ/מצונן,,,יח`,272,גרם,false,1,20.30,7.46,false,1,
7290106663091,false,לאבנה 9% שטראוס (500 גרם),שטראוס גרופ בעמ/מצונן,,,יח`,500,גרם,false,1,18.30,3.66,false,1,
7290106663121,false,עוגה אישית מילקי -CAKE בודד,שטראוס גרופ בעמ/מצונן,,,יח`,1,,false,1,3,3,false,1,
7290106663558,false,רוטב טריאקי יד מרדכי (320 גר`),שטראוס גרופ בעמ,,,יח`,320,גרם,false,1,14.90,4.66,false,1,
7290106666788,false,סוכ`נוסטלגיה דבש ממולאות,שטראוס גרופ בעמ,,,יח`,80,גרם,false,1,6.90,8.63,false,1,
7290106667266,false,חטיף תירס חמוץ חריף דוריטוס (185 גרם),שטראוס פריטו ליי בעמ,,,יח`,185,גרם,false,1,7.90,4.27,false,1,
7290106668713,false,יוגורט 3% פירות יער דנונה (150 גרם),שטראוס גרופ בעמ/מצונן,,,יח`,150,גרם,false,1,3.90,2.60,false,1,
7290106720626,false,חטיף תירס בטעם גבינה צ`יטוס (80 גרם),שטראוס פריטו ליי בעמ,,,יח`,80,גרם,false,1,5,6.25,false,1,
7290106721920,false,צנצנת ספירמינט צ`יקלט,שטראוס גרופ בעמ,,,יח`,66,גרם,false,1,11.50,17.42,true,1,
7290106723689,false,עלי תרד בייבי 200 גר`שטראוס טעם הטבע,שטראוס גרופ בעמ/מצונן,,,יח`,200,גרם,false,1,11.20,5.60,false,1,
7290106729650,false,יוגורט תות 3% דנונה (150x8 גרם),שטראוס גרופ בעמ/מצונן,,,יח`,1200,גרם,false,1,25.90,2.16,false,1,
7290107280020,false,מטליות לחות לניקוי כללי סושי סנו) (50x3,החברה הדרומית לשיווק בעמ,,,יח`,1,,false,1,19.90,19.90,true,1,
7290107280341,false,ריצפז פרש מטליות חד פעמיות ניחוח מלון מפ,החברה הדרומית לשיווק בעמ,,,יח`,1,,false,1,12.90,12.90,true,1,
7290107280723,false,נוזל לניקוי כלים לימון 700 מל,החברה הדרומית לשיווק בעמ,,,יח`,700,"מ""ל",false,1,8.90,1.27,true,1,
7290107280730,false,נוזל לניקוי כלים 700מל בניחוח לבנדר,החברה הדרומית לשיווק בעמ,,,יח`,700,"מ""ל",false,1,8.90,1.27,true,1,
7290107280747,false,נוזל לניקוי כלים קלאסי 700 מל,החברה הדרומית לשיווק בעמ,,,יח`,700,"מ""ל",false,1,8.90,1.27,true,1,
7290107280761,false,נוזל לניקוי כלים בניחוח לימון 1ליטר,החברה הדרומית לשיווק בעמ,,,יח`,1,1 ליטר,false,1,12.20,12.20,false,1,
7290107340243,false,מטען אייפון imx,קונסיגנציה-איי.איקס.אם ישראל ב,,,יח`,1,,false,1,39.90,39.90,false,1,
7290107340526,false,מטען טייפסי IMX,קונסיגנציה-איי.איקס.אם ישראל ב,,,יח`,1,,false,1,39.90,39.90,false,1,
7290107341356,false,כבל אייפון IMX,קונסיגנציה-איי.איקס.אם ישראל ב,,,יח`,1,,false,1,18.90,18.90,false,1,
7290107341363,false,כבל מיקרו imx,קונסיגנציה-איי.איקס.אם ישראל ב,,,יח`,1,,false,1,18.90,18.90,false,1,
7290107341394,false,אוזניות לבן imx,קונסיגנציה-איי.איקס.אם ישראל ב,,,יח`,1,,false,1,28.90,28.90,false,1,
7290107645584,false,מרק עוף רכיבים טבעיים 400 גר`קנור,יוניליוור ישראל שיווק בעמ,,,יח`,400,גרם,false,1,29.50,7.38,true,1,
7290107645591,false,מרק טעם עוף רכיבים טבעיים 400 גר`קנור,יוניליוור ישראל שיווק בעמ,,,יח`,400,גרם,false,1,18.30,4.58,true,1,
7290107645928,false,קליק ביסקויט לבן 75 גר,יוניליוור ישראל שיווק בעמ,,,יח`,75,גרם,false,1,6.90,9.20,true,1,
7290107646154,false,מאגדת חטיפי ילדים קוקומן פצפוצים שישייה,יוניליוור ישראל שיווק בעמ,,,יח`,126,גרם,false,1,16.30,12.94,true,1,
7290107646383,false,מטליות לחות לניקוי רצפות בניחוח לימון,יוניליוור ישראל שיווק בעמ,,,יח`,1,,false,1,12.20,12.20,true,1,
7290107646826,false,מאגדת חטיפי ילדים שוגי שוקו שישייה,יוניליוור ישראל שיווק בעמ,,,יח`,156,גרם,false,1,16.30,10.45,true,1,
7290107646833,false,מאגדת חטיפי ילדים שוגי פצפוצים שישייה,יוניליוור ישראל שיווק בעמ,,,יח`,138,גרם,false,1,16.30,11.81,true,1,
7290107646925,false,ברנפלקס אקסטרה פייבר ללתס 410 גר`תלמה,יוניליוור ישראל שיווק בעמ,,,יח`,410,גרם,false,1,26.50,6.46,true,1,
7290107647076,false,קרמיסימו תותים ושוקולד לבן,גלידות שטראוס בעמ,,,יח`,1.33,1 ליטר,false,1,20.90,15.71,true,1,
7290107647366,false,שלישיית סבון אסלה ל5 פעולות בניחוח ים ד,יוניליוור ישראל שיווק בעמ,,,יח`,0,גרם,false,1,15.90,15.90,true,1,
7290107647663,false,שטראוס קרמיסימו בננה טופי,גלידות שטראוס בעמ,,,יח`,1330,"מ""ל",false,1,20.90,1.57,true,1,
7290107647731,false,קוקומן חום לבן 20% פחות סוכר 375 גר`,יוניליוור ישראל שיווק בעמ,,,יח`,375,גרם,false,1,23.50,6.27,true,1,
7290107649100,false,טבעות שומשום 300 גרם,יוניליוור ישראל שיווק בעמ,,,יח`,300,גרם,false,1,11.50,3.83,true,1,
7290107649605,false,קליק טבלאות עם קורפלקס ופצפוצים 85 גר`,יוניליוור ישראל שיווק בעמ,,,יח`,85,גרם,false,1,6.70,7.88,false,1,
7290107649643,false,קליק חטיף שוקולד בטעפ כדורי שוקולד 70 גר,יוניליוור ישראל שיווק בעמ,,,יח`,70,גרם,false,1,6.90,9.86,true,1,
7290107649773,false,שטראוס קרמיסימו טעם פיסטוק ושוקולד עם רי,גלידות שטראוס בעמ,,,יח`,1.33,1 ליטר,false,1,20.90,15.71,true,1,
7290107871297,false,פריכונים מיני עשבי תיבול אסם (25 גרם),קבוצת אסם סחר שות. מוגבלת,,,יח`,1,,false,1,4.90,4.90,false,1,
7290107871990,false,פסטה צינורות מהדרין אסם (500 גרם),קבוצת אסם סחר שות. מוגבלת,,,יח`,500,גרם,false,1,6.10,1.22,true,1,
7290107874427,false,מיני פריכונים בטעם זעתר אסם (25 גרם),קבוצת אסם סחר שות. מוגבלת,,,יח`,1,,false,1,4.90,4.90,false,1,
7290107874441,false,פריכונים מיני בצל מקורמל אסם (25 גרם),קבוצת אסם סחר שות. מוגבלת,,,יח`,1,,false,1,4.90,4.90,false,1,
7290107874502,false,ביסלי חטיף בטעם גריל אסם (55x4 גרם),קבוצת אסם סחר שות. מוגבלת,,,יח`,220,גרם,false,1,13.20,6,true,1,
7290107875271,false,ביסלי ברביקיו מארז 4יח*55גרם,קבוצת אסם סחר שות. מוגבלת,,,יח`,220,גרם,false,1,13.20,6,true,1,
7290107877619,false,במבה במילוי נוגט אסם (30x5 גרם),קבוצת אסם סחר שות. מוגבלת,,,יח`,150,גרם,false,1,16.30,10.87,true,1,
7290107879569,false,מאגדת לה פרוטה מנגו,נגה גלידות שותפות מוגבלת,,,יח`,350,גרם,false,1,28.50,8.14,false,1,
7290107932080,false,חלב 3% מועשר בבקבוק יטבתה (1 ליטר),שטראוס גרופ בעמ/מצונן,,,יח`,1000,"מ""ל",false,1,7.80,0.78,false,1,
7290107932134,false,חלב מועשר 1% בבקבוק יטבתה (1 ליטר),שטראוס גרופ בעמ/מצונן,,,יח`,1000,"מ""ל",false,1,7.80,0.78,false,1,
7290107933155,false,לקט סלנובה 200 גר ירקות שטראוס טעם הטבע,שטראוס גרופ בעמ/מצונן,,,יח`,200,גרם,false,1,13.20,6.60,false,1,
7290107936309,false,דנונה יווני לבן 7%,שטראוס גרופ בעמ/מצונן,,,יח`,130,גרם,false,1,3.50,2.69,false,1,
7290107937627,false,צנצנת קוביות ספירמינט גומי לעיסה 58גר,שטראוס גרופ בעמ,,,יח`,58,גרם,false,1,11.50,19.83,true,1,
7290107938396,false,אקטימל תות שמינייה בנים,שטראוס גרופ בעמ/מצונן,,,יח`,864,גרם,false,1,20.90,2.42,false,1,
7290107939027,false,גזר דק דק 250 גר שטראוס ירקות טעם הטבע,שטראוס גרופ בעמ/מצונן,,,יח`,250,גרם,false,1,7.90,3.16,false,1,
7290107943369,false,קוואקר שיבולת שועל ללא גולטן 511 גר`,שטראוס פריטו ליי בעמ,,,יח`,511,גרם,false,1,21.40,4.19,false,1,
7290107944472,false,סימפוניה 200 גר שום שמיר 5%,שטראוס גרופ בעמ/מצונן,,,יח`,200,גרם,false,1,12.20,6.10,false,1,
7290107945165,false,קונפיטורת משמש 340 גר,שטראוס גרופ בעמ,,,יח`,340,גרם,false,1,12.90,3.79,false,1,
7290107950190,false,מעדן שטראוס דיאט שוקולד מריר,שטראוס גרופ בעמ/מצונן,,,יח`,130,גרם,false,1,3.30,2.54,false,1,
7290107950206,false,מעדן שטראוס דיאט שוקולד 0%,שטראוס גרופ בעמ/מצונן,,,יח`,130,גרם,false,1,3.30,2.54,false,1,
7290107951715,false,צנצנת קוביות ענבים 58 גר,שטראוס גרופ בעמ,,,יח`,58,גרם,false,1,11.50,19.83,true,1,
7290107953559,false,מארז טורקי לדרך כשלפ,שטראוס גרופ בעמ,,,יח`,168,גרם,false,1,19.50,11.61,false,1,
7290107954709,false,קונפיטורת פירות יער 340 גר יד מרדכי,שטראוס גרופ בעמ,,,יח`,340,גרם,false,1,12.90,3.79,false,1,
7290107954976,false,משקה יטבתה פרו קפה 350 מל,שטראוס גרופ בעמ/מצונן,,,יח`,350,"מ""ל",false,1,6.70,1.91,false,1,
7290107957991,false,מילקי מיניייס cake,שטראוס גרופ בעמ/מצונן,,,יח`,144,גרם,false,1,13.90,9.65,false,1,
7290107974066,false,עלי טורטיה קמח מלא 320 גר`מנה מאסטר שף,ש.שסטוביץ בעמ,,,יח`,320,גרם,false,1,11.20,3.50,false,1,
7290107974073,false,עלי טורטיה קמח לבן 320 גר`מנה מאסטר שף,ש.שסטוביץ בעמ,,,יח`,320,גרם,false,1,11.20,3.50,false,1,
7290107974080,false,עלי טורטיה קמח לבן 744 גר`מנה מאסטר שף,ש.שסטוביץ בעמ,,,יח`,744,גרם,false,1,16.90,2.27,false,1,
7290107974301,false,ליידי ספיד סטיק אלוורה ג`ל 65,ש.שסטוביץ בעמ,,,יח`,65,"מ""ל",false,1,16.90,26,false,1,
7290107974806,false,מנה אורז בסמטי 1 קג,ש.שסטוביץ בעמ,,,יח`,1,"ק""ג",false,1,13.90,13.90,false,1,
7290107978323,false,מאסטר שף איטריות דקיקות 400 גר,ש.שסטוביץ בעמ,,,יח`,400,גרם,false,1,6.90,1.73,false,1,
7290107978330,false,מאסטר שף איטריות דקות 400 גר,ש.שסטוביץ בעמ,,,יח`,400,גרם,false,1,6.90,1.73,false,1,
7290107978637,false,מרידול משחת שיניים 75מל,ש.שסטוביץ בעמ,,,יח`,75,גרם,false,1,20.90,27.87,false,1,
7290108350128,false,סושי-שקיות אשפה חזקות במיוחד,החברה הדרומית לשיווק בעמ,,,יח`,1,,false,1,24.90,24.90,false,1,
7290108350203,false,כרית קרצוף עם ספוג מקציף סנו סושי) (6,החברה הדרומית לשיווק בעמ,,,יח`,1,,false,1,11.90,11.90,false,1,
7290108350258,false,נייר טואלט סנו סופט -12 גלילים= 36 גליל,החברה הדרומית לשיווק בעמ,,,יח`,1,,false,1,44.90,44.90,true,1,
7290108350586,false,ספארק 1.5 ליטר נוזל כלים,החברה הדרומית לשיווק בעמ,,,יח`,1.50,1 ליטר,false,1,15.90,10.60,true,1,
7290108350616,false,סנו מקסימה מרכך 1 ליטר blue blossom,החברה הדרומית לשיווק בעמ,,,יח`,1,1 ליטר,false,1,18.90,18.90,true,1,
7290108351156,false,סנו ג`ט לניקוי כללי ורצפות בתוספת חומץ 1,החברה הדרומית לשיווק בעמ,,,יח`,1.50,1 ליטר,false,1,13.90,9.27,true,1,
7290108351552,false,ג`ט פלוס לניקוי כללי+חומץ 750 ל סנו,החברה הדרומית לשיווק בעמ,,,יח`,750,"מ""ל",false,1,14.90,1.99,true,1,
7290108351699,false,מגבונים ג`ט+ חומץ מארז שלישייה,החברה הדרומית לשיווק בעמ,,,יח`,1,,false,1,20.90,20.90,true,1,
7290108351781,false,ג`ט פלוס לניקוי אסלות בניחוח הדרים,החברה הדרומית לשיווק בעמ,,,יח`,750,"מ""ל",false,1,10.90,1.45,true,1,
7290108351804,false,סנו מקסימה סופר מרוכז (1 ליטר)- בריזה,החברה הדרומית לשיווק בעמ,,,יח`,1,1 ליטר,false,1,18.90,18.90,true,1,
7290108352085,false,שטיפת מי פה 500 מל shocking frsdh אורב,החברה הדרומית לשיווק בעמ,,,יח`,500,"מ""ל",false,1,20.90,4.18,true,1,
7290108352146,false,סנובון נוזלי בניחוח מגנוליה ונרולי 750 מ,החברה הדרומית לשיווק בעמ,,,יח`,750,"מ""ל",false,1,11.90,1.59,true,1,
7290108352153,false,סנובון נוזלי בניחוח לוטוס וסחלב 750 מל,החברה הדרומית לשיווק בעמ,,,יח`,750,"מ""ל",false,1,11.90,1.59,true,1,
7290108352252,false,ספארק נוזל לניקוי כלים ללא צבע ובישום 1,החברה הדרומית לשיווק בעמ,,,יח`,1,1 ליטר,false,1,12.20,12.20,false,1,
7290108352344,false,סנו פרש אוטומטיק הום מלון בוטיק,החברה הדרומית לשיווק בעמ,,,יח`,250,"מ""ל",false,1,14.90,5.96,false,1,
7290108352450,false,ריצפז פרש הום בלו בוסום 2 ליטר,החברה הדרומית לשיווק בעמ,,,יח`,2,1 ליטר,false,1,22.90,11.45,true,1,
7290108352528,false,מרסס לניקוי וחיטוי חדרי אמבטיה 99.9% 75,החברה הדרומית לשיווק בעמ,,,יח`,750,"מ""ל",false,1,15.90,2.12,true,1,
7290108352641,false,מטלית הפלא לניקוי כללי במארז שליישיה סנו,החברה הדרומית לשיווק בעמ,,,יח`,1,,false,1,15.90,15.90,false,1,
7290108352801,false,סושי סנו שקיות אשפה לפחים קטנים 100 יח,החברה הדרומית לשיווק בעמ,,,יח`,1,,false,1,21.40,21.40,false,1,
7290108352900,false,סנו סושי מגבות נייר בגליל כפול,החברה הדרומית לשיווק בעמ,,,יח`,1,,false,1,25.90,25.90,true,1,
7290108353068,false,כרית קרצוף עם סיבי נירוסטה,החברה הדרומית לשיווק בעמ,,,יח`,1,,false,1,10.90,10.90,false,1,
7290108353372,false,צמד מברשת שיניים אורביטול סיבי פחם,החברה הדרומית לשיווק בעמ,,,יח`,1,,false,1,30.90,30.90,true,1,
7290108353532,false,שקית אשפה בגליל 100 יח סנו סושי,החברה הדרומית לשיווק בעמ,,,יח`,1,,false,1,30.90,30.90,true,1,
7290108353549,false,100 דפי נייר אפיה סנו סושי,החברה הדרומית לשיווק בעמ,,,יח`,1,,false,1,20.90,20.90,false,1,
7290108353709,false,כפפות ניטריל מידה S סנו סושי,החברה הדרומית לשיווק בעמ,,,יח`,1,,false,1,30.90,30.90,true,1,
7290108353839,false,כפפות ניטריל מידה M סנו סושי,החברה הדרומית לשיווק בעמ,,,יח`,1,,false,1,30.90,30.90,true,1,
7290108353846,false,כפפות ניטריל מידה L סנו סושי,החברה הדרומית לשיווק בעמ,,,יח`,1,,false,1,30.90,30.90,true,1,
7290108354164,false,כיף שלישיית אל סבון קטיפתי מעושר בשמנים,החברה הדרומית לשיווק בעמ,,,יח`,1500,"מ""ל",false,1,20.90,1.39,true,1,
7290108354416,false,תחליב רחצה יוגה בניחוח ברגמוט,החברה הדרומית לשיווק בעמ,,,יח`,600,"מ""ל",false,1,18.90,3.15,true,1,
7290108354591,false,תחליב רחצה נקה 7 ביו 750 מל ירוק,החברה הדרומית לשיווק בעמ,,,יח`,750,"מ""ל",false,1,11.90,1.59,true,1,
7290108354751,false,ג`ט פלוס לניקוי כללי+סודה 750 ל סנו,החברה הדרומית לשיווק בעמ,,,יח`,750,"מ""ל",false,1,13.90,1.85,true,1,
7290108354829,false,קרמה קרם ידיים ורד ווניל 100,החברה הדרומית לשיווק בעמ,,,יח`,100,"מ""ל",false,1,10.50,10.50,false,1,
7290108356519,false,קרליין שמפו 10 לשיער רגיל 700,החברה הדרומית לשיווק בעמ,,,יח`,700,"מ""ל",false,1,15.90,2.27,true,1,
7290108356526,false,קרליין שמפו 10 לשיער יבש 700,החברה הדרומית לשיווק בעמ,,,יח`,700,"מ""ל",false,1,15.90,2.27,true,1,
7290108356564,false,קרליין מרכך 10 לשיער רגיל 700,החברה הדרומית לשיווק בעמ,,,יח`,700,"מ""ל",false,1,15.90,2.27,true,1,
7290108356717,false,כיף לגבר קפאין שמפו ג`ל רחצה וסבון פנים,החברה הדרומית לשיווק בעמ,,,יח`,700,"מ""ל",false,1,12.90,1.84,false,1,
7290108356724,false,כיף לגבר אלוורה שמפו ג`ל רחצה וסבון פנים,החברה הדרומית לשיווק בעמ,,,יח`,700,"מ""ל",false,1,12.90,1.84,false,1,
7290108356809,false,כיף סבון ידיים בוטני ורד ומרווה 1ליטר,החברה הדרומית לשיווק בעמ,,,יח`,1,1 ליטר,false,1,15.90,15.90,true,1,
7290108356816,false,כיף סבון ידיים בוטני גרניום ופטצ`ולי 1 ל,החברה הדרומית לשיווק בעמ,,,יח`,1,1 ליטר,false,1,15.90,15.90,true,1,
7290108357226,false,סנו אוקסיג`ן להסרת כתמים 1.4 קג,החברה הדרומית לשיווק בעמ,,,יח`,1400,גרם,false,1,30.90,2.21,false,1,
7290108357264,false,סנו אוטומטיק אולטרא פרש,החברה הדרומית לשיווק בעמ,,,יח`,250,"מ""ל",false,1,14.90,5.96,false,1,
7290108357288,false,אקונומיקה ז`אוול בניחוח פריחה לבנה סנו(,החברה הדרומית לשיווק בעמ,,,יח`,4000,"מ""ל",false,1,17.90,0.45,false,1,
7290108357653,false,סנובון bubbles ג`ל בניחוח אוקיינוס שליש,החברה הדרומית לשיווק בעמ,,,יח`,1,,false,1,15.90,15.90,false,1,
7290108357660,false,סנובון bubbles ג`ל בניחוח לבנדר שלישייה,החברה הדרומית לשיווק בעמ,,,יח`,1,,false,1,15.90,15.90,false,1,
7290108357769,false,כיף מרכךלשיער רגיל תפוח זרעי צ`יה 700,החברה הדרומית לשיווק בעמ,,,יח`,700,"מ""ל",false,1,12.90,1.84,true,1,
7290108357875,false,כיף שמפו לשיער רגיל אפרסק וחמאת מורומורו,החברה הדרומית לשיווק בעמ,,,יח`,700,"מ""ל",false,1,12.90,1.84,true,1,
7290108358070,false,תחליב רחצה קרמה קלאסי 700מל,החברה הדרומית לשיווק בעמ,,,יח`,700,"מ""ל",false,1,18.90,2.70,true,1,
7290108359077,false,סנו סופט לושן 120 ממחטות אף 3 שכבות,החברה הדרומית לשיווק בעמ,,,יח`,1,,false,1,13.90,13.90,false,1,
7290108359084,false,כיסוי ניילון עם גומי 30 יח`מידה M,החברה הדרומית לשיווק בעמ,,,יח`,1,,false,1,10.90,10.90,true,1,
7290108359091,false,כיסוי ניילון עם גומי 30 יח`מידה L,החברה הדרומית לשיווק בעמ,,,יח`,1,,false,1,10.90,10.90,true,1,
7290108359176,false,סנו סופט ממחטות אף לושן צמד,החברה הדרומית לשיווק בעמ,,,יח`,1,,false,1,13.90,13.90,false,1,
7290108359886,false,בייבי כיף תחליב רחצה 1 ליטר,החברה הדרומית לשיווק בעמ,,,יח`,1,1 ליטר,false,1,22.90,22.90,true,1,
7290108501346,false,גבינת גאודה מגורדת 500 גר`28% שומן הולנ,ג.וילי-פוד אינטרנשיונל **גבינו,,,יח`,500,גרם,false,1,24.90,4.98,false,1,
7290108501353,false,אנשובי ארוך אמיתי בשמן 45 גר` וילי פוד,ג.וילי-פוד אינטרנשיונל בעמ,,,יח`,100,גרם,false,1,6.90,6.90,true,1,
7290108502305,false,גבינת גרדה פדנו משולש 150 גר` וילי פוד,ג.וילי-פוד אינטרנשיונל **גבינו,,,יח`,150,גרם,false,1,20.90,13.93,true,1,
7290108502541,false,גבינת שמנת טבעי 200 גר` EURO CHEESE,ג.וילי-פוד אינטרנשיונל **גבינו,,,יח`,200,גרם,false,1,13.90,6.95,true,1,
7290108502596,false,גבינת שמנת לייט שום 200 גר`EURO CHEESE,ג.וילי-פוד אינטרנשיונל **גבינו,,,יח`,200,גרם,false,1,13.90,6.95,false,1,
7290108502725,false,גבינת גאודה פרוסות 400 גר`וילי פוד,ג.וילי-פוד אינטרנשיונל **גבינו,,,יח`,400,גרם,false,1,20.90,5.23,false,1,
7290108502763,false,גבינת קממבר 200 גר`וילי פוד,ג.וילי-פוד אינטרנשיונל **גבינו,,,יח`,200,גרם,false,1,20.90,10.45,false,1,
7290108503067,false,פרמזנו משולש 150 גר`וילי פוד,ג.וילי-פוד אינטרנשיונל **גבינו,,,יח`,150,גרם,false,1,14.90,9.93,false,1,
7290108503142,false,לזנה איטלקית 500 גר`(וילי פוד),ג.וילי-פוד אינטרנשיונל בעמ,,,יח`,500,גרם,false,1,11.50,2.30,false,1,
7290108504286,false,איבריקו צ`אנק 150 גר` וילי פוד,ג.וילי-פוד אינטרנשיונל **גבינו,,,יח`,150,גרם,false,1,17.90,11.93,true,1,
7290108504293,false,מנצ`גו צ`אנק 150 גר` וילי פוד,ג.וילי-פוד אינטרנשיונל **גבינו,,,יח`,150,גרם,false,1,17.90,11.93,true,1,
7290108505375,false,צהובה 400 גר`GOLDEN וילי פוד,ג.וילי-פוד אינטרנשיונל **גבינו,,,יח`,400,גרם,false,1,20.90,5.23,false,1,
7290108505689,false,גבינת גרנה פדנו מגורדת 100 גר`וילי פוד,ג.וילי-פוד אינטרנשיונל **גבינו,,,יח`,100,גרם,false,1,10.90,10.90,false,1,
7290108505719,false,גבינת מוצרלה מרוגדת 25% שומן( 200 גר`)יו,ג.וילי-פוד אינטרנשיונל **גבינו,,,יח`,200,גרם,false,1,14.90,7.45,true,1,
7290108505726,false,אצבעות-גבינה חצי קשה 25% שומן ( 200 גר),ג.וילי-פוד אינטרנשיונל **גבינו,,,יח`,200,גרם,false,1,14.90,7.45,true,1,
7290108505733,false,צמות -גבינה חצי קשה 25% שומן ( 200 גר) ו,ג.וילי-פוד אינטרנשיונל **גבינו,,,יח`,200,גרם,false,1,14.90,7.45,true,1,
7290108505740,false,גבינת קשקבל חצי קשה 25% שומן ( 200 גר`),ג.וילי-פוד אינטרנשיונל **גבינו,,,יח`,200,גרם,false,1,14.90,7.45,true,1,
7290108506037,false,יוגורט בטעם טבעי( 193 גר`)5%,ג.וילי-פוד אינטרנשיונל **גבינו,,,יח`,150,גרם,false,1,4.90,3.27,true,1,
7290108506709,false,גבינת פרמג`אנו ר`גיאנו 150 גר וילי פוד,ג.וילי-פוד אינטרנשיונל **גבינו,,,יח`,150,גרם,false,1,18.90,12.60,false,1,
7290108507065,false,גבינת פרמג`אנו רג`יאנו מגורדת 100 גר,ג.וילי-פוד אינטרנשיונל **גבינו,,,יח`,100,גרם,false,1,14.90,14.90,false,1,
7290108507645,false,ביסקוויט פריך בשוקולד מריר 100 גר,ג.וילי-פוד אינטרנשיונל בעמ,,,יח`,100,גרם,false,1,7.90,7.90,true,1,
7290108507652,false,ביסקוויט פריך בשוקולד לבן 100 גר,ג.וילי-פוד אינטרנשיונל בעמ,,,יח`,100,גרם,false,1,7.90,7.90,true,1,
7290108507942,false,ירקות גינה עם טונה 160 גר וילפוד,ג.וילי-פוד אינטרנשיונל בעמ,,,יח`,160,גרם,false,1,12.90,8.06,false,1,
7290108508031,false,אננס שלם 830 גר`,ג.וילי-פוד אינטרנשיונל בעמ,,,יח`,830,גרם,false,1,11.90,1.43,false,1,
7290108508161,false,ספגטי ללא גלוטן 400 גר,ג.וילי-פוד אינטרנשיונל בעמ,,,יח`,400,גרם,false,1,10.50,2.63,false,1,
7290108508772,false,קונכיות פתיתים עם תרד 400 גרם וילי פוד,ג.וילי-פוד אינטרנשיונל בעמ,,,יח`,400,גרם,false,1,6.90,1.73,true,1,
7290108508963,false,גבינת מוצרלה מגורדת 25% שומן( 200 גר`)יו,ג.וילי-פוד אינטרנשיונל **גבינו,,,יח`,200,גרם,false,1,14.90,7.45,true,1,
7290108509106,false,גבינה בולגרית מעודנת קוביות 200 גר 13%,ג.וילי-פוד אינטרנשיונל **גבינו,,,יח`,200,גרם,false,1,12.90,6.45,true,1,
7290108509113,false,גבינה בולגרית מעודנת 250 גר 18%,ג.וילי-פוד אינטרנשיונל **גבינו,,,יח`,250,גרם,false,1,12.90,5.16,true,1,
7290108509137,false,גבינה בולגרית מעודנת 250 גר 5%,ג.וילי-פוד אינטרנשיונל **גבינו,,,יח`,250,גרם,false,1,12.90,5.16,true,1,
7290108509199,false,גבינת פטה 500 גר 17% EURO,ג.וילי-פוד אינטרנשיונל **גבינו,,,יח`,500,גרם,false,1,23.90,4.78,true,1,
7290108509250,false,אנטיפסטי ארטישוק עגבניות מיובשות וצלפים,ג.וילי-פוד אינטרנשיונל בעמ,,,יח`,380,גרם,false,1,25.90,6.82,false,1,
7290108509359,false,פופקורן בציפוי בטעם קרמל 90 גר`,ג.וילי-פוד אינטרנשיונל בעמ,,,יח`,90,גרם,false,1,6.90,7.67,true,1,
7290108509595,false,גבינת פטה עם עגבניות מיובשות וריחן 153 ג,ג.וילי-פוד אינטרנשיונל **גבינו,,,יח`,153,גרם,false,1,16.90,11.05,false,1,
7290108509700,false,אורז פרסי 1 קג`DAAWAT וילי פוד,ג.וילי-פוד אינטרנשיונל בעמ,,,יח`,1,"ק""ג",false,1,9.90,9.90,false,1,
7290108509755,false,גבינת חלומי 250 גר`23% EURO,ג.וילי-פוד אינטרנשיונל **גבינו,,,יח`,250,גרם,false,1,25.90,10.36,false,1,
7290108509816,false,גבינת בייבי מוצרלה 22% שומן 200 גרם,ג.וילי-פוד אינטרנשיונל **גבינו,,,יח`,200,גרם,false,1,14.90,7.45,true,1,
7290108509908,false,מנת השף אטריות להכנה מהירה בטעם ירקות,ג.וילי-פוד אינטרנשיונל בעמ,,,יח`,1,,false,1,4.90,4.90,true,1,
7290108509915,false,מנת השף אטריות להכנה מהירה בטעם סיני פ,ג.וילי-פוד אינטרנשיונל בעמ,,,יח`,1,,false,1,4.90,4.90,true,1,
7290108509922,false,מנת השף אטריות להכנה מהירה בטעם עוף 85,ג.וילי-פוד אינטרנשיונל בעמ,,,יח`,1,,false,1,4.90,4.90,true,1,
7290108509939,false,פרוסות פילה טונה 120 גר,ג.וילי-פוד אינטרנשיונל בעמ,,,יח`,120,גרם,false,1,13.90,11.58,true,1,
7290108509960,false,שלישיית נתחי טונה בשמן זית 80 גר,ג.וילי-פוד אינטרנשיונל בעמ,,,יח`,240,גרם,false,1,14.90,6.21,false,1,
7290108509984,false,רוטב סויה 300 מל וילי פוד,ג.וילי-פוד אינטרנשיונל בעמ,,,יח`,300,"מ""ל",false,1,9.90,3.30,false,1,
7290108509991,false,רוטב טריאקי 300 מל וילי פוד,ג.וילי-פוד אינטרנשיונל בעמ,,,יח`,300,"מ""ל",false,1,9.90,3.30,false,1,
7290109350998,false,בגט-לחם ג`בטה/פרובנס מאפית,קבוצת אסם סחר שות. מוגבלת,,,יח`,1,,false,1,6.90,6.90,false,1,
7290109352916,false,פיטנס בר פריכיות שוקולד לבן 84 גרם,קבוצת אסם סחר שות. מוגבלת,,,יח`,84,גרם,false,1,16.30,19.40,true,1,
7290109354057,false,מאגדת לה פרוטה מיקס- תפוז אננס,נגה גלידות שותפות מוגבלת,,,יח`,350,גרם,false,1,28.50,8.14,false,1,
7290109354101,false,קרקר לחמית ללא גלוטן 200 גר אסם,קבוצת אסם סחר שות. מוגבלת,,,יח`,200,גרם,false,1,11.20,5.60,true,1,
7290109358284,false,טבעול-שניצל תירס עם חלבון 664 גר`,קבוצת אסם סחר שות. מוגבלת,,,יח`,664,גרם,false,1,25.40,3.83,false,1,
7290109580043,false,שניצל תירס 1.75 קג בדצ זוגלובק,זוגלובק שיווק בעמ,,,יח`,1.80,גרם,false,1,50.90,2827.78,true,1,
7290109580050,false,וונדרס נקניקיות צ`וריסוס 226 גר`,זוגלובק-וונדרס,,,יח`,226,גרם,false,1,30.90,13.67,true,1,
7290109580067,false,וונדרס טחון מן הצומח 340 גר`,זוגלובק-וונדרס,,,יח`,340,גרם,false,1,30.90,9.09,true,1,
7290109580098,false,קבנוס בטעם סרירצ`ה 135 גר,זוגלובק שיווק בעמ,,,יח`,135,גרם,false,1,12.50,9.26,true,1,
7290109580104,false,רוסטביף פרימיום 150 גר`זוגלובק,זוגלובק שיווק בעמ,,,יח`,150,גרם,false,1,25.90,17.27,false,1,
7290109580111,false,צלעות אסאדו מעושנות פרימיום 120 גר`,זוגלובק שיווק בעמ,,,יח`,150,גרם,false,1,25.90,17.27,false,1,
7290109580135,false,קורנדביף פרימיום 180 גר`זוגלובק,זוגלובק שיווק בעמ,,,יח`,180,גרם,false,1,25.90,14.39,false,1,
7290109580159,false,פסטרמה פרימיום בנוסח טוסקנה -180 גר`זוגל,זוגלובק שיווק בעמ,,,יח`,180,גרם,false,1,25.90,14.39,false,1,
7290109580166,false,סרוולד קלאסי פרימיום 150 גר`זוגלובק,זוגלובק שיווק בעמ,,,יח`,150,גרם,false,1,25.90,17.27,false,1,
7290109580227,false,נקנקיות ריינהולד`ס קאריווסט 300 גר`זוגל,זוגלובק שיווק בעמ,,,יח`,300,גרם,false,1,21.40,7.13,false,1,
7290109580234,false,וונדרס נקניקיות מרגז 226 גר`,זוגלובק-וונדרס,,,יח`,226,גרם,false,1,30.90,13.67,true,1,
7290109580241,false,נאגטס מן הצומח 500 גר`,זוגלובק שיווק בעמ,,,יח`,500,גרם,false,1,22.90,4.58,false,1,
7290109580319,false,וונדרס בורגר 280 גרם,זוגלובק-וונדרס,,,יח`,280,גרם,false,1,30.90,11.04,true,1,
7290109580432,false,פסטרמה אקסטרה מעושנת 120 גר`,זוגלובק שיווק בעמ,,,יח`,120,גרם,false,1,14.80,12.33,true,1,
7290109920658,false,אסטוניש מרסס אנטי בקטריאלי למטבח,יעקב יעקבי ובניו בעמ,,,יח`,750,"מ""ל",false,1,11.90,1.59,false,1,
7290109921075,false,דזיטול מחטא בגדים 500 מל,יעקב יעקבי ובניו בעמ,,,יח`,500,"מ""ל",false,1,13.90,2.78,false,1,
7290110055257,false,זר לראש עם פרחים ורוד,שמחה זה אנחנו בעמ,,,יח`,1,,false,1,14.90,14.90,false,1,
7290110058982,false,בקבוק ספורט 350 מל- סופרמן,שמחה זה אנחנו בעמ,,,יח`,1,,false,1,6.90,6.90,false,1,
7290110110369,false,קרלסברג לומה 6*330 מל,החברה המרכזית להפצת משקאות בעמ,,,יח`,1980,"מ""ל",false,1,34.90,1.67,false,1,
7290110110574,false,פחית קוקה קולה סליק זירו לימון 330 מל,החברה המרכזית להפצת משקאות בעמ,,,יח`,330,"מ""ל",false,1,4.30,1.21,true,1,
7290110110659,false,פחית ספרייט ליים330 מל סליק,החברה המרכזית להפצת משקאות בעמ,,,יח`,330,"מ""ל",false,1,4.30,1.21,true,1,
7290110110666,false,ספרייט זירו בקבוק זכוכית,החברה המרכזית להפצת משקאות בעמ,,,יח`,350,"מ""ל",false,1,5.90,1.60,false,1,
7290110111557,false,פאוורייד מאונטן בלאסט בטעם פירות 500 מל,החברה המרכזית להפצת משקאות בעמ,,,יח`,500,"מ""ל",false,1,9.90,1.92,false,1,
7290110111564,false,פאוורייד סיטרוס ליים הדרים ליים 500 מל,החברה המרכזית להפצת משקאות בעמ,,,יח`,500,"מ""ל",false,1,9.90,1.92,false,1,
7290110113384,false,קוקה קולה זירו 1 ליטר רביעייה,החברה המרכזית להפצת משקאות בעמ,,,יח`,4,1 ליטר,false,1,30.90,7.43,true,1,
7290110113476,false,בירה קרלסברג% )0 אלכוהול (330x6 מל),החברה המרכזית להפצת משקאות בעמ,,,יח`,1.98,1 ליטר,false,1,28.90,13.69,false,1,
7290110114787,false,נביעות פלוס 1.5 ליטר תפוח,החברה המרכזית להפצת משקאות בעמ,,,יח`,1.50,1 ליטר,false,1,9.20,5.93,false,1,
7290110114794,false,נביעות פלוס 1.5 ליטר אפרסק,החברה המרכזית להפצת משקאות בעמ,,,יח`,1.50,1 ליטר,false,1,9.20,5.93,false,1,
7290110114800,false,נביעות פלוס 1.5 ליטר ענבים,החברה המרכזית להפצת משקאות בעמ,,,יח`,1.50,1 ליטר,false,1,9.20,5.93,false,1,
7290110114817,false,נביעות פלוס רכיבי פרי מנגו 1.5 ליטר,החברה המרכזית להפצת משקאות בעמ,,,יח`,1.50,1 ליטר,false,1,9.90,6.40,false,1,
7290110114855,false,נביעות 1.5 ליטר שישייה,החברה המרכזית להפצת משקאות בעמ,,,יח`,9,1 ליטר,false,1,13.90,1.34,true,1,
7290110114893,false,פריגת סחוט תפוז 2 ליטר,החב` המרכזית - טרה,,,יח`,2,1 ליטר,false,1,30.90,15.30,true,1,
7290110114954,false,פריגת תפוזים מתקתק 2 ליטר,החב` המרכזית - טרה,,,יח`,2,1 ליטר,false,1,25.90,12.80,true,1,
7290110114961,false,משקה קל בטעם תפוזים פריגת (1.5 ליטר),החברה המרכזית להפצת משקאות בעמ,,,יח`,1500,"מ""ל",false,1,9.90,0.64,false,1,
7290110114985,false,משקה קל בטעם אשכוליות פריגת (1.5 ליטר),החברה המרכזית להפצת משקאות בעמ,,,יח`,1500,"מ""ל",false,1,9.90,0.64,false,1,
7290110115005,false,משקה קל בטעם ענבים פריגת (1.5 ליטר),החברה המרכזית להפצת משקאות בעמ,,,יח`,1500,"מ""ל",false,1,9.90,0.64,false,1,
7290110115036,false,משקה קל בטעם מנגו פריגת (1.5 ליטר),החברה המרכזית להפצת משקאות בעמ,,,יח`,1500,"מ""ל",false,1,9.90,0.64,false,1,
7290110115043,false,משקה קל בטעם לימונענע פריגת (1.5 ליטר),החברה המרכזית להפצת משקאות בעמ,,,יח`,1500,"מ""ל",false,1,9.90,0.64,false,1,
7290110115050,false,משקה קל בטעם תות בננה פריגת (1.5 ליטר),החברה המרכזית להפצת משקאות בעמ,,,יח`,1500,"מ""ל",false,1,9.90,0.64,false,1,
7290110115180,false,מים נביעות 1.5 ליטר,החברה המרכזית להפצת משקאות בעמ,,,יח`,1.50,"מ""ל",false,1,3,180,false,1,
7290110115203,false,קוקה קולה 1.5 ליטר,החברה המרכזית להפצת משקאות בעמ,,,יח`,0,1 ליטר,false,1,9.20,9.20,false,1,
7290110115210,false,קוקה קולה דיאט 1.5 ליטר,החברה המרכזית להפצת משקאות בעמ,,,יח`,1.50,1 ליטר,false,1,9.20,5.93,false,1,
7290110115227,false,קוקה קולה זירו 1.5 ליטר,החברה המרכזית להפצת משקאות בעמ,,,יח`,1.50,1 ליטר,false,1,9.20,5.93,false,1,
7290110115234,false,קוקה קולה זירו נטול 1.5 ליטר,החברה המרכזית להפצת משקאות בעמ,,,יח`,1500,"מ""ל",false,1,9.20,0.59,false,1,
7290110115241,false,קוקה קולה זירו לימון 1.5 ליטר,החברה המרכזית להפצת משקאות בעמ,,,יח`,1500,"מ""ל",false,1,9.20,0.59,false,1,
7290110115258,false,קוקה קולה זירו מנגו 1.5 ליטר,החברה המרכזית להפצת משקאות בעמ,,,יח`,1.50,"מ""ל",false,1,9.20,593.33,false,1,
7290110115265,false,ספרייט ליים 1.5 ליטר,החברה המרכזית להפצת משקאות בעמ,,,יח`,1.50,1 ליטר,false,1,9.20,5.93,true,1,
7290110115272,false,ספרייט זירו 1.5 ליטר,החברה המרכזית להפצת משקאות בעמ,,,יח`,1.50,1 ליטר,false,1,9.20,5.93,true,1,
7290110115289,false,ספרייט לימון-נענע 1.5 ליטר,החברה המרכזית להפצת משקאות בעמ,,,יח`,1.50,1 ליטר,false,1,8.80,5.67,true,1,
7290110115296,false,פאנטה אורנג`1.5 ליטר,החברה המרכזית להפצת משקאות בעמ,,,יח`,1.50,1 ליטר,false,1,9.90,6.40,false,1,
7290110115302,false,פאנטה אורנג`זירו 1.5 ליטר,החברה המרכזית להפצת משקאות בעמ,,,יח`,1.50,1 ליטר,false,1,9.90,6.40,false,1,
7290110115357,false,קינלי סודה 1.5 ליטר,החברה המרכזית להפצת משקאות בעמ,,,יח`,1.50,1 ליטר,false,1,4.70,2.93,false,1,
7290110115364,false,קוקה קולה 1.5 ליטר מארז שישייה,החברה המרכזית להפצת משקאות בעמ,,,יח`,9,1 ליטר,false,1,52.90,5.68,false,1,
7290110115371,false,קוקה קולה דיאט 1.5 ליטר מארז שישייה,החברה המרכזית להפצת משקאות בעמ,,,יח`,9,1 ליטר,false,1,52.90,5.68,false,1,
7290110115395,false,ספרייט זירו 1.5 ליטר מארז שישייה,החברה המרכזית להפצת משקאות בעמ,,,יח`,9,1 ליטר,false,1,52.90,5.68,true,1,
7290110115401,false,קינלי סודה 1.5 ליטר מארז שישייה,החברה המרכזית להפצת משקאות בעמ,,,יח`,9,1 ליטר,false,1,17.50,1.74,true,1,
7290110115418,false,קוקה קולה זירו 1.5 ליטר מארז שישייה,החברה המרכזית להפצת משקאות בעמ,,,יח`,9,1 ליטר,false,1,52.90,5.68,false,1,
7290110115449,false,פיוז תה 1.5 ליטר בטעם מנגו אננס,החברה המרכזית להפצת משקאות בעמ,,,יח`,1.50,1 ליטר,false,1,9.70,6.27,false,1,
7290110115456,false,פיוז תה 1.5 ליטר בטעם אפרסק 19 קל`,החברה המרכזית להפצת משקאות בעמ,,,יח`,1.50,1 ליטר,false,1,9.70,6.27,false,1,
7290110115463,false,פיוז תה 1.5 ליטר בטעם אפרסק,החברה המרכזית להפצת משקאות בעמ,,,יח`,1.50,1 ליטר,false,1,9.70,6.27,false,1,
7290110115586,false,משקה קל בטעם תפוזים 40% פחות סוכר פריגת,החברה המרכזית להפצת משקאות בעמ,,,יח`,1500,"מ""ל",false,1,9.90,0.64,false,1,
7290110115593,false,משקה קל בטעם אשכוליות 40% פחות סוכר פריג,החברה המרכזית להפצת משקאות בעמ,,,יח`,1500,"מ""ל",false,1,9.90,0.64,false,1,
7290110115616,false,פיוז תה זירו 1.5 ליטר בטעם אננס,החברה המרכזית להפצת משקאות בעמ,,,יח`,1.50,1 ליטר,false,1,9.70,6.27,false,1,
7290110115623,false,פיוז תה זירו 1.5 ליטר בטעם אפרסק,החברה המרכזית להפצת משקאות בעמ,,,יח`,1.50,1 ליטר,false,1,9.70,6.27,false,1,
7290110116125,false,סירופ בטעם פטל 750 מל פריגת,החברה המרכזית להפצת משקאות בעמ,,,יח`,750,"מ""ל",false,1,25.90,3.45,false,1,
7290110116132,false,סירופ בטעם לימון 750 מל פריגת,החברה המרכזית להפצת משקאות בעמ,,,יח`,750,"מ""ל",false,1,25.90,3.45,false,1,
7290110116194,false,נביעות פלוס לימון ליים 0 קלוריות 1.5 ליט,החברה המרכזית להפצת משקאות בעמ,,,יח`,1.50,1 ליטר,false,1,9.90,6.40,false,1,
7290110116323,false,קוקה קולה זירו 1.5 ליטר מארז שישייה חג ש,החברה המרכזית להפצת משקאות בעמ,,,יח`,9,1 ליטר,false,1,52.90,5.68,false,1,
7290110116385,false,פחית זירו מרשמלו סליק קוקה-קולה (330 מל,החברה המרכזית להפצת משקאות בעמ,,,יח`,330,"מ""ל",false,1,4.30,1.21,false,1,
7290110116507,false,פריגת מיקס אננס (1 ליטר),החב` המרכזית - טרה,,,יח`,1,1 ליטר,false,1,16.90,16.90,false,1,
7290110116569,false,ספרייט למון היט זירו 1.5 ליטר,החברה המרכזית להפצת משקאות בעמ,,,יח`,1.50,1 ליטר,false,1,9.20,5.93,true,1,
7290110320591,false,בולגרית 16% במרקם מעודן 250 גר,תנובה - חלב,,,יח`,250,גרם,false,1,21.90,8.76,false,1,
7290110320850,false,פתיתי עמק 200 גר,תנובה - חלב,,,יח`,200,גרם,false,1,15.20,7.60,false,1,
7290110320935,false,פרוסות מוצרלה 150 גר`קולקשיין תנובה,תנובה - חלב,,,יח`,150,גרם,false,1,17.90,11.93,false,1,
7290110321277,false,קוטג בקטנה 5% מהדרין 100 גר`תנובה,תנובה - חלב,,,יח`,100,גרם,false,1,2.70,2.70,false,1,
7290110321284,false,קוטג בקטנה 9% מהדרין 100 גר`תנובה,תנובה - חלב,,,יח`,100,גרם,false,1,2.70,2.70,false,1,
7290110321604,false,גבינה קוביות בולגרית מעודנת 5% 200 גר`פ,תנובה - חלב,,,יח`,200,גרם,false,1,22.90,11.45,false,1,
7290110321680,false,יוגורט גו תות 200 מל,תנובה - חלב,,,יח`,200,"מ""ל",false,1,5.90,2.95,false,1,
7290110321697,false,יוגורט גו אפרסק 200 מל,תנובה - חלב,,,יח`,200,"מ""ל",false,1,5.90,2.95,false,1,
7290110321703,false,יוגורט גו פירות יער 200 מל,תנובה - חלב,,,יח`,200,"מ""ל",false,1,5.90,2.95,false,1,
7290110322014,false,טופו בטעם טבעי 300 גר`תנובה,תנובה - חלב,,,יח`,300,גרם,false,1,11.90,3.97,false,1,
7290110322021,false,טופו בטעם בזיליקום 300 גר`תנובה,תנובה - חלב,,,יח`,300,גרם,false,1,11.90,3.97,false,1,
7290110322038,false,טופו בטעם פיקנטי 300 גר`תנובה,תנובה - חלב,,,יח`,300,גרם,false,1,11.90,3.97,false,1,
7290110323073,false,משקה גו תות פטל 250 מל,תנובה - חלב,,,יח`,250,"מ""ל",false,1,6.60,2.64,false,1,
7290110323301,false,גבינת טל עמק 32% שומן(200 גר`)תנובה,תנובה - חלב,,,יח`,200,גרם,false,1,19.90,9.95,false,1,
7290110323592,false,יוגורט גו לייט אפרסק 200 מל,תנובה - חלב,,,יח`,200,גרם,false,1,5.60,2.80,false,1,
7290110323714,false,משקה קוקוס שקדים 1 ליטר תנובה,תנובה - חלב,,,יח`,1000,"מ""ל",false,1,12.50,1.25,false,1,
7290110324353,false,יוגורט גו לייט אננס 200 מל,תנובה - חלב,,,יח`,200,"מ""ל",false,1,5.90,2.95,false,1,
7290110324711,false,ממרח סויה 9% בטעם טבעי 250 גר` תנובה,תנובה - חלב,,,יח`,250,גרם,false,1,9.90,3.96,false,1,
7290110324728,false,ממרח סויה 9% עם שום שמיר ( 250 גר`) תנוב,תנובה - חלב,,,יח`,250,גרם,false,1,9.90,3.96,false,1,
7290110324841,false,מעדן שקדים עם שוקולד מריר 125 גר`,תנובה - חלב,,,יח`,125,גרם,false,1,3.90,3.12,false,1,
7290110324858,false,מעדן שקדים בטעם אגוזי 125 גר`,תנובה - חלב,,,יח`,125,גרם,false,1,3.90,3.12,false,1,
7290110324872,false,גבינה צהובה גלבוע (5% 200 גר`)תנובה,תנובה - חלב,,,יח`,200,גרם,false,1,18.90,9.45,false,1,
7290110324926,false,משקה סויה ללתס 1 ליטר תנובה,תנובה - חלב,,,יח`,1,"מ""ל",false,1,10.90,1090,false,1,
7290110325114,false,משקה גו לייט תות בננה 250 מל,תנובה - חלב,,,יח`,250,"מ""ל",false,1,6.20,2.48,false,1,
7290110325169,false,פרוסות גאודה 170 גר` קולקשיין תנובה,תנובה - חלב,,,יח`,170,גרם,false,1,19.90,11.71,false,1,
7290110325305,false,מעדן גו סויה מעודן 200 מל,תנובה - חלב,,,יח`,200,"מ""ל",false,1,5.80,2.90,false,1,
7290110325312,false,מעדן גו סויה תות 200 מל,תנובה - חלב,,,יח`,200,"מ""ל",false,1,5.90,2.95,false,1,
7290110325619,false,משקה שיבולת שועל 1 ליטר תנובה,תנובה - חלב,,,יח`,1000,"מ""ל",false,1,12.20,1.22,false,1,
7290110325701,false,צזיקי יוני 9% שומן על בסיס יוגורט( 250,תנובה - חלב,,,יח`,250,גרם,false,1,11.90,4.76,false,1,
7290110325893,false,משקה גו אייס קפה 340 מל,תנובה - חלב,,,יח`,340,גרם,false,1,8.90,2.62,false,1,
7290110326210,false,יופלה און טופ פצפוצים 157 גר`,תנובה - חלב,,,יח`,157,גרם,false,1,4.90,3.12,false,1,
7290110326227,false,יופלה און טופ קורנפלקס 157 גר`,תנובה - חלב,,,יח`,157,גרם,false,1,4.90,3.12,false,1,
7290110326234,false,יופלה און טופ כוכבים 157 גר`,תנובה - חלב,,,יח`,157,גרם,false,1,4.90,3.12,false,1,
7290110326241,false,יופלה און טופ גרנולה 157 גר`תנובה,תנובה - חלב,,,יח`,157,גרם,false,1,4.90,3.12,false,1,
7290110326333,false,פרוסות גבינה סקנדינבית 170 גר`קולקשיין,תנובה - חלב,,,יח`,170,גרם,false,1,17.90,10.53,false,1,
7290110327033,false,משקה גו סויה במתיקות מופחתת,תנובה - חלב,,,יח`,1000,"מ""ל",false,1,12.50,1.25,false,1,
7290110327545,false,יופלה און טופ בטעם תות בתופסת פצפוצים מ,תנובה - חלב,,,יח`,157,גרם,false,1,4.90,3.12,false,1,
7290110328481,false,פתיתי פרמג`יאנו רג`יאנו 100 גרם,תנובה - חלב,,,יח`,100,גרם,false,1,14.90,14.90,false,1,
7290110328504,false,טריו מיקס מוצרלה סקנדינבית וגאודה 300 גר,תנובה - חלב,,,יח`,300,גרם,false,1,24.90,8.30,false,1,
7290110328610,false,משקה אורז ושקדים בריסטה 1 ליטר אלטרנטיב,תנובה - חלב,,,יח`,1000,"מ""ל",false,1,12.20,1.22,false,1,
7290110328627,false,יוגורט גו סמיך בננה קרמל 0% שומן 200 גרם,תנובה - חלב,,,יח`,200,גרם,false,1,5.90,2.95,false,1,
7290110328641,false,טופו טבעי אלטרנטיב 2*250 תנובה,תנובה - חלב,,,יח`,500,גרם,false,1,17.90,3.58,false,1,
7290110328764,false,יוגורט גו סמיך תות 0% שומן 200 גרם,תנובה - חלב,,,יח`,200,גרם,false,1,5.90,2.95,false,1,
7290110328771,false,יוגורט גו סמיך פירות יער 0% שומן 200 גרם,תנובה - חלב,,,יח`,200,גרם,false,1,5.90,2.95,false,1,
7290110328788,false,יוגורט גו סמיך אפרסק 0% שומן 200 גרם,תנובה - חלב,,,יח`,200,גרם,false,1,5.90,2.95,false,1,
7290110329136,false,מעדן חלב גו בטעם שוקולד 12 גר`חלבון,תנובה - חלב,,,יח`,120,גרם,false,1,5.90,4.92,false,1,
7290110329143,false,מעדן חלב גו בטעם שוקולד 12 גר`חלבון,תנובה - חלב,,,יח`,120,גרם,false,1,5.90,4.92,false,1,
7290110329266,false,יוגורט מחלב עיזים מלא 140 גרם תנובה,תנובה - חלב,,,יח`,140,גרם,false,1,5.50,3.93,false,1,
7290110329303,false,פרוסות בטעם צהובה קלאסית 200 גרם alterna,תנובה - חלב,,,יח`,200,גרם,false,1,22.90,11.45,false,1,
7290110329426,false,טופו טבעי עם רוטב קרם קוקוס קארי פיקנטי,תנובה - חלב,,,יח`,310,גרם,false,1,11.90,3.84,false,1,
7290110329433,false,טופו טבעי עם רוטב סצ`ואן 310 גר`,תנובה - חלב,,,יח`,310,גרם,false,1,11.90,3.84,false,1,
7290110329686,false,משקה חלב גו בטעם עוגיות 340 מל,תנובה - חלב,,,יח`,340,גרם,false,1,8.90,2.62,false,1,
7290110329716,false,משקה קפה קר בטעם קפוצ`ינו 230 מל,תנובה - חלב,,,יח`,230,"מ""ל",false,1,7.90,3.43,false,1,
7290110329723,false,משקה קפה קר בטעם לאטה 230 מל,תנובה - חלב,,,יח`,230,"מ""ל",false,1,7.90,3.43,false,1,
7290110329730,false,משקה חלב עם שוקולד וקפה בסגנון לאטה 230,תנובה - חלב,,,יח`,230,"מ""ל",false,1,7.90,3.43,false,1,
7290110329792,false,סויה BIO אפרסק גביע 150 גרם Alternative,תנובה - חלב,,,יח`,150,גרם,false,1,4.50,3,false,1,
7290110329808,false,סויה BIO תות גביע 150 גרם Alternative,תנובה - חלב,,,יח`,150,גרם,false,1,4.50,3,false,1,
7290110329815,false,סויה BIO מתיקות מעודנת גביע 150 גרם Alte,תנובה - חלב,,,יח`,150,גרם,false,1,4.50,3,false,1,
7290110329822,false,סויה BIO פירות יער גביע 150 גרם Alternat,תנובה - חלב,,,יח`,150,גרם,false,1,4.50,3,false,1,
7290110329846,false,סויה BIO טבעי גביע 150 גרם Alternative,תנובה - חלב,,,יח`,150,גרם,false,1,4.50,3,false,1,
7290110551261,false,נשנושי תירס 500 גר`טעם הטבע שטראוס,שטראוס גרופ בעמ/מצונן,,,יח`,500,גרם,false,1,13.90,2.78,false,1,
7290110552220,false,דנונה פרו ללא סוכר בטעם תות 200 גר`,שטראוס גרופ בעמ/מצונן,,,יח`,200,"מ""ל",false,1,5.90,2.95,false,1,
7290110552237,false,דנונה פרו ללא סוכר בטעם אפרסק מנגו 200 ג,שטראוס גרופ בעמ/מצונן,,,יח`,200,"מ""ל",false,1,5.90,2.95,false,1,
7290110553623,false,צ`יטוס קראנץ צ`דר חלפיניו 80 גר`,שטראוס פריטו ליי בעמ,,,יח`,80,גרם,false,1,5,6.25,false,1,
7290110554101,false,מייפל פאוץ 125 מל יד מרדכי,שטראוס גרופ בעמ,,,יח`,125,"מ""ל",false,1,20.90,16.72,true,1,
7290110554507,false,קפה טורקי תימני 100 גר`,שטראוס גרופ בעמ,,,יח`,100,גרם,false,1,9.50,9.50,false,1,
7290110554583,false,מארז צ`יטוס פאפס גבינה (10*20),שטראוס פריטו ליי בעמ,,,יח`,200,גרם,false,1,13.90,6.95,true,1,
7290110554699,false,קפסולות קפה עולה למכונות נספרו עלית,שטראוס גרופ בעמ,,,יח`,1,,false,1,19.90,19.90,true,1,
7290110554712,false,קפסולות קפה נחת למכונות נספרו עלית,שטראוס גרופ בעמ,,,יח`,1,,false,1,19.90,19.90,true,1,
7290110554729,false,קפסולות 04 למכונות נספרו עלית) (10,שטראוס גרופ בעמ,,,יח`,50,גרם,false,1,18.50,37,true,1,
7290110555092,false,לאבנה עם שמן זית וצ`ילי 250 גר`,שטראוס גרופ בעמ/מצונן,,,יח`,250,גרם,false,1,11.90,4.76,true,1,
7290110556150,false,דבש ברכות מאגדת 20 גר`10 יח`,שטראוס גרופ בעמ,,,יח`,200,גרם,false,1,16.90,8.45,false,1,
7290110556242,false,שוקולד פרה מריר פרווה עלית (100 גרם),שטראוס גרופ בעמ,,,יח`,100,גרם,false,1,5.90,5.90,true,1,
7290110557133,false,מעדן הגולן וניל 125 גרם,שטראוס גרופ בעמ/מצונן,,,יח`,125,"מ""ל",false,1,2.90,2.32,true,1,
7290110557478,false,חומוס אחלה גלילי 600 גר`,שטראוס גרופ בעמ/מצונן,,,יח`,600,גרם,false,1,13.90,2.32,false,1,
7290110558130,false,אקטיביה עם שיבולת שועל ודבש,שטראוס גרופ בעמ/מצונן,,,יח`,150,גרם,false,1,4.70,3.13,false,1,
7290110558154,false,דנונה לייט אנד פרי עוגת תפוחים 150 גר`,שטראוס גרופ בעמ/מצונן,,,יח`,150,גרם,false,1,4.70,3.13,true,1,
7290110558284,false,דנונה ביו מולטי 200 גר`,שטראוס גרופ בעמ/מצונן,,,יח`,200,גרם,false,1,3.90,1.95,false,1,
7290110558307,false,דנונה פרו 20 גר`עם שיבולת שועל (200גר`),שטראוס גרופ בעמ/מצונן,,,יח`,200,גרם,false,1,6.70,3.35,false,1,
7290110558314,false,דנונה פרו ללא סוכר בטעם פיסטוק 200 גר`,שטראוס גרופ בעמ/מצונן,,,יח`,200,"מ""ל",false,1,5.90,2.95,false,1,
7290110558338,false,דנונה פרו 25 גר`חלבון (200 גר`),שטראוס גרופ בעמ/מצונן,,,יח`,200,גרם,false,1,6.70,3.35,false,1,
7290110558666,false,דניאלה מעדן בטעם תפוח (88 גרם),שטראוס גרופ בעמ/מצונן,,,יח`,150,"מ""ל",false,1,4,2.67,false,1,
7290110560300,false,פריכיות משולשות-פלפל שחור 30 גר`אנג`י,שטראוס גרופ בעמ,,,יח`,30,גרם,false,1,4.90,16.33,false,1,
7290110560324,false,פריכיות משולשות-אפונה ירוקה 30 גר`אנרג,שטראוס גרופ בעמ,,,יח`,30,גרם,false,1,4.90,16.33,false,1,
7290110561352,false,דנונה דל לקטוז ביו 200 גר`,שטראוס גרופ בעמ/מצונן,,,יח`,200,"מ""ל",false,1,3.70,1.85,false,1,
7290110561604,false,מעדן בטעם תות בננה גמדים מעורבב (100x8 ג,שטראוס גרופ בעמ/מצונן,,,יח`,800,"מ""ל",false,1,19.20,2.40,false,1,
7290110563431,false,משקה קפה קר בסגנון קלאסי 1.6% (230 גר`),שטראוס גרופ בעמ/מצונן,,,יח`,230,"מ""ל",false,1,7.90,3.43,true,1,
7290110563448,false,משקה קפה קר בסגנון מעודן 1.6% (230 גר`),שטראוס גרופ בעמ/מצונן,,,יח`,230,"מ""ל",false,1,7.90,3.43,true,1,
7290110563462,false,חלב נטול לקטוז 2% יטבתה בקבוק,שטראוס גרופ בעמ/מצונן,,,יח`,1,1 ליטר,false,1,7.90,7.90,false,1,
7290110564339,false,חומוס הסדרה המובחרת עשיר 30% טחינה 400 ג,שטראוס גרופ בעמ/מצונן,,,יח`,400,גרם,false,1,15.20,3.80,false,1,
7290110564360,false,חומוס הסדרה המובחרת עשיר 40% טחינה 400 ג,שטראוס גרופ בעמ/מצונן,,,יח`,400,גרם,false,1,15.20,3.80,false,1,
7290110564742,false,משקה קפה קר בסגנון חזק 1.2% (230 גר`) י,שטראוס גרופ בעמ/מצונן,,,יח`,230,"מ""ל",false,1,7.90,3.43,true,1,
7290110565527,false,דנונה פרו 20 גר`חלבון,שטראוס גרופ בעמ/מצונן,,,יח`,200,"מ""ל",false,1,5.90,2.95,false,1,
7290110565572,false,מארז טורקי לדרך עם הל 168 גר`,שטראוס גרופ בעמ,,,יח`,168,גרם,false,1,19.30,11.49,false,1,
7290110566975,false,דנונה פרו 200 גר`תות,שטראוס גרופ בעמ/מצונן,,,יח`,200,"מ""ל",false,1,5.90,2.95,false,1,
7290110570224,false,משקה קפה קר בטעם עוגיות (230 גר`) יטבתה,שטראוס גרופ בעמ/מצונן,,,יח`,230,"מ""ל",false,1,7.90,3.43,true,1,
7290110570880,false,פולי אספרו עשירים וארומטיים עוצמה (14 2,שטראוס גרופ בעמ,,,יח`,250,גרם,false,1,20.90,8.36,false,1,
7290110571382,false,מעדן חלב בטעם וניל מועשר בחלבון,שטראוס גרופ בעמ/מצונן,,,יח`,150,גרם,false,1,5.40,3.60,true,1,
7290110571405,false,מיני פינוקיות בגביע פסק זמן 180 גר`,שטראוס גרופ בעמ,,,יח`,180,גרם,false,1,11.90,6.61,true,1,
7290110571412,false,מיני פינוקיות בגביע פאדג` 180 גר`,שטראוס גרופ בעמ,,,יח`,180,גרם,false,1,11.90,6.61,true,1,
7290110572129,false,כיף כף מקלות שוקולד לבן,שטראוס גרופ בעמ,,,יח`,40,גרם,false,1,5.70,14.25,true,1,
7290110576370,false,מארז שלישיית אגוז מריר (3X100 ) עלית,שטראוס גרופ בעמ,,,יח`,300,גרם,false,1,25.90,8.63,false,1,
7290110576387,false,מארז שלישיית אגוז חלב(3X100 ) עלית,שטראוס גרופ בעמ,,,יח`,300,גרם,false,1,25.90,8.63,false,1,
7290110576776,false,שוקולד מריר 85% ספלנדיד (100 גרם),שטראוס גרופ בעמ,,,יח`,100,גרם,false,1,12.20,12.20,true,1,
7290110576868,false,גמדים רביעייה סלט פירות,שטראוס גרופ בעמ/מצונן,,,יח`,400,"מ""ל",false,1,11.70,2.93,true,1,
7290110577230,false,משקה חלב בטעם פיסטוק 1 ליטר יטבתה,שטראוס גרופ בעמ/מצונן,,,יח`,1,1 ליטר,false,1,11.90,11.90,false,1,
7290110577247,false,משקה בטעם פיסטוק בקבוק 350,שטראוס גרופ בעמ/מצונן,,,יח`,350,"מ""ל",false,1,6.30,1.80,false,1,
7290111092985,false,מגבונים בייביסיטר ללא בישום רביעייה,שקד תבל בעמ,,,יח`,1,,false,1,19.30,19.30,true,1,
7290111340178,false,ניקול מטליות לחות לשיש ניחוח מרכך כביסה,קימברלי קלארק ישראל שיווק בעמ,,,יח`,1,,false,1,13.90,13.90,true,1,
7290111340185,false,ניקול מטליות לחות לריצפה ניחוח מרכך כביס,קימברלי קלארק ישראל שיווק בעמ,,,יח`,1,,false,1,15.90,15.90,true,1,
7290111342042,false,כריות יפניות אנטיבקטריאליות ניקול,קימברלי קלארק ישראל שיווק בעמ,,,יח`,1,,false,1,14.90,14.90,true,1,
7290111342059,false,מטליות לחות אנטיבקטריאלי,קימברלי קלארק ישראל שיווק בעמ,,,יח`,1,,false,1,14.90,14.90,false,1,
7290111342073,false,מטליות מייקרופייבר למשטחים אנטיבקטריאלי,קימברלי קלארק ישראל שיווק בעמ,,,יח`,1,,false,1,16.90,16.90,true,1,
7290111343841,false,ספוגית הקסם נירוסטה 3 יח ניקול,קימברלי קלארק ישראל שיווק בעמ,,,יח`,1,,false,1,13.90,13.90,true,1,
7290111344206,false,מגבוני האגיס נטורל קייר מבושם 4*64,קימברלי קלארק ישראל שיווק בעמ,,,יח`,1,,false,1,21.90,21.90,true,1,
7290111344459,false,תחבושות נייט אקסטרא לונג,קימברלי קלארק ישראל שיווק בעמ,,,יח`,1,,false,1,22.40,22.40,true,1,
7290111344527,false,שקיות אשפה xxl שחורות ניקול,קימברלי קלארק ישראל שיווק בעמ,,,יח`,1,,false,1,26.90,26.90,true,1,
7290111344572,false,שקיות אשפה ניקול עם ידית נשיאה,קימברלי קלארק ישראל שיווק בעמ,,,יח`,1,,false,1,26.90,26.90,true,1,
7290111344831,false,מגן תחתון קוטקס אקסטרא פרוטקט נורמל ביג,קימברלי קלארק ישראל שיווק בעמ,,,יח`,1,,false,1,16.90,16.90,false,1,
7290111344855,false,מגן תחתון קוטקס אקסטרא פרוטקט לארג`52 י,קימברלי קלארק ישראל שיווק בעמ,,,יח`,1,,false,1,16.90,16.90,false,1,
7290111344930,false,מטליות לחות לרצפה בניחוח מרכך כביסה ארומ,קימברלי קלארק ישראל שיווק בעמ,,,יח`,1,,false,1,14.90,14.90,true,1,
7290111344978,false,ניקול רדיד אלומיניום חסכוני 61 מטר עבה ב,קימברלי קלארק ישראל שיווק בעמ,,,יח`,1,,false,1,48.90,48.90,true,1,
7290111345043,false,מטליות מיקרופייבר למשטחים דו צדדי,קימברלי קלארק ישראל שיווק בעמ,,,יח`,1,,false,1,16.90,16.90,true,1,
7290111345814,false,לילי נטורל קייל 30 גלילים,קימברלי קלארק ישראל שיווק בעמ,,,יח`,1,,false,1,33.90,33.90,false,1,
7290111346088,false,נייר טואלט מולט דו שכבתי 30 גלילים,קימברלי קלארק ישראל שיווק בעמ,,,יח`,1,,false,1,30.90,30.90,false,1,
7290111346347,false,קלינקס טישו אוריגינל חמישייה,קימברלי קלארק ישראל שיווק בעמ,,,יח`,1,,false,1,15.90,15.90,true,1,
7290111350719,false,נאצוס בסגנון מסעדות 322 גר`היט הופ,ליימן שליסל בעמ,,,יח`,322,גרם,false,1,17.90,5.56,true,1,
7290111350726,false,נאצוס בסגנון מקסיקני 322 גר`היט הופ,ליימן שליסל בעמ,,,יח`,322,גרם,false,1,17.90,5.56,true,1,
7290111352966,false,יוגטה גומי מקלות ממולאות 250 גר` יוגטה,ליימן שליסל בעמ,,,יח`,250,גרם,false,1,8.90,3.56,true,1,
7290111353444,false,חטיף בטטות ומלח ים( 120 גר`),ליימן שליסל בעמ,,,יח`,120,גרם,false,1,14.90,12.42,false,1,
7290111564277,false,פיטנס פריכיות 3 דגנים דקות 120 גר` אסם,קבוצת אסם סחר שות. מוגבלת,,,יח`,120,גרם,false,1,13.20,11,true,1,
7290111564291,false,פיטנס פריכיות דקות עם קינואה 120 גר` אסם,קבוצת אסם סחר שות. מוגבלת,,,יח`,120,גרם,false,1,13.20,11,true,1,
7290111566127,false,אוראו מאגדת סנדביץ,נגה גלידות שותפות מוגבלת,,,יח`,198,גרם,false,1,25.40,12.83,true,1,
7290111566240,false,שניצל דק בטעם צ`לי חריף 564 גר` טבעול,קבוצת אסם סחר שות. מוגבלת,,,יח`,564,גרם,false,1,34.60,6.13,true,1,
7290111566271,false,חטיפי תירס 657 גר` טבעול,קבוצת אסם סחר שות. מוגבלת,,,יח`,657,גרם,false,1,34.60,5.27,true,1,
7290111566318,false,שניצל דק מן הצומח 564 גר` טבעול,קבוצת אסם סחר שות. מוגבלת,,,יח`,564,גרם,false,1,34.60,6.13,true,1,
7290111566332,false,נקניקיות טינר צמחוניות 680 גר` טבעול,קבוצת אסם סחר שות. מוגבלת,,,יח`,680,גרם,false,1,34.60,5.09,true,1,
7290111566417,false,טחון מן הצומח טבעול (500גרם),קבוצת אסם סחר שות. מוגבלת,,,יח`,500,גרם,false,1,34.60,6.92,true,1,
7290111566547,false,חזה בגריל צמחוני 99 קלוריות 560 גר` טבע,קבוצת אסם סחר שות. מוגבלת,,,יח`,560,גרם,false,1,30.90,5.52,true,1,
7290111566585,false,שניצל צמחוני 99 קלוריות 650 גר` טבעול,קבוצת אסם סחר שות. מוגבלת,,,יח`,650,גרם,false,1,34.60,5.32,true,1,
7290111566752,false,שניצל תירס 99 קלוריות 693 גר` טבעול,קבוצת אסם סחר שות. מוגבלת,,,יח`,693,גרם,false,1,34.60,4.99,true,1,
7290111567759,false,עוגת הבית דבש קלאסית (400 גרם)אסם.,קבוצת אסם סחר שות. מוגבלת,,,יח`,400,גרם,false,1,12.50,3.13,false,1,
7290111568299,false,נודלס אטריות עם תרד 300 גר`אסם,קבוצת אסם סחר שות. מוגבלת,,,יח`,300,גרם,false,1,10.90,3.63,false,1,
7290111568961,false,בייגלה טבעות מלח 400 גר` אסם,קבוצת אסם סחר שות. מוגבלת,,,יח`,400,גרם,false,1,11.50,2.88,true,1,
7290111932502,false,קולגיט משחת שיינים אופטיק וייט אקספרט וי,ש.שסטוביץ בעמ,,,יח`,75,"מ""ל",false,1,30.90,41.20,false,1,
7290111938498,false,רוטב סויה בהירה מאסטר שף (700 מל),ש.שסטוביץ בעמ,,,יח`,700,"מ""ל",false,1,14.90,2.13,false,1,
7290112001900,false,פיניש ג`ל 1 ליטר אקולוגי,רקיט בנקיזר (ניר איסט) בעמ,,,יח`,1,1 ליטר,false,1,44.90,44.90,false,1,
7290112002099,false,קולון ג`ל 2.5 ליטר כחול,רקיט בנקיזר (ניר איסט) בעמ,,,יח`,2.50,1 ליטר,false,1,25.90,10.36,true,1,
7290112002105,false,קולון ג`ל 2.5 ליטר כביסה מרוכז סגול,רקיט בנקיזר (ניר איסט) בעמ,,,יח`,2.50,1 ליטר,false,1,25.90,10.36,true,1,
7290112002129,false,קולון ג`ל 2.5 ליטר בניחוח מרענן ירוק,רקיט בנקיזר (ניר איסט) בעמ,,,יח`,2.50,1 ליטר,false,1,25.90,10.36,true,1,
7290112002136,false,קולון ג`ל 4 ליטר רגיל כחול,רקיט בנקיזר (ניר איסט) בעמ,,,יח`,4,1 ליטר,false,1,35.90,8.98,false,1,
7290112003188,false,קולון קפסולות לכביסה 60 יח קאפס,רקיט בנקיזר (ניר איסט) בעמ,,,יח`,1,,false,1,55.90,55.90,true,1,
7290112003966,false,וניש מסיר כתמים א.לכביסה לבנה 470 גר`,רקיט בנקיזר (ניר איסט) בעמ,,,יח`,470,גרם,false,1,17.90,3.81,false,1,
7290112004031,false,וניש ג`ל ורוד מולטי פאואר 940מל,רקיט בנקיזר (ניר איסט) בעמ,,,יח`,940,"מ""ל",false,1,21.40,2.28,false,1,
7290112004161,false,איירוויק פרשמטיק מילוי פיור עשבי בר,רקיט בנקיזר (ניר איסט) בעמ,,,יח`,250,"מ""ל",false,1,15.90,6.36,true,1,
7290112004314,false,דטול תרסיס מנקה ומחטא רימונים 750 מל,רקיט בנקיזר (ניר איסט) בעמ,,,יח`,750,"מ""ל",false,1,15.90,2.12,true,1,
7290112004413,false,ספריי להסרת כתמים וניש קליה לבן (750 מל,רקיט בנקיזר (ניר איסט) בעמ,,,יח`,750,"מ""ל",false,1,17.90,2.39,true,1,
7290112004994,false,אירוויק פרשמטיק מילוי בניחוח יסמין וקטור,רקיט בנקיזר (ניר איסט) בעמ,,,יח`,250,"מ""ל",false,1,15.90,6.36,true,1,
7290112192295,false,עוגיות סנדויץ במילוי תות ללא גלוטן 200 ג,גורי מוצרי צריכה (1991) בעמ,,,יח`,200,גרם,false,1,20.90,10.45,false,1,
7290112192509,false,פרורי לחם 250 גר`-gfreeללא גלוטן,גורי מוצרי צריכה (1991) בעמ,,,יח`,250,גרם,false,1,17.40,6.96,false,1,
7290112192578,false,משחת שיניים פרודוננטקס הגנה מלאה,גורי ע.ע.ע בעמ,,,יח`,100,גרם,false,1,35.90,35.90,true,1,
7290112195784,false,תות שדה קפוא 300 גר` פרוסטי,נ.ת.נ.ג.ב החזקות יעוץ וניהול ב,,,יח`,300,גרם,false,1,7.90,2.63,true,1,
7290112197122,false,סבון ידיים ירוק 500 מל,גורי ע.ע.ע בעמ,,,יח`,500,"מ""ל",false,1,8.90,1.78,false,1,
7290112197139,false,סבון ידיים אדום 500 מל,גורי ע.ע.ע בעמ,,,יח`,500,"מ""ל",false,1,8.90,1.78,false,1,
7290112197177,false,דגני בוקר במילוי קרם נוגט 375 גר`ללא גל,גורי מוצרי צריכה (1991) בעמ,,,יח`,375,גרם,false,1,22.90,6.11,true,1,
7290112197184,false,דגני בוקר במילוי קרמל מלוח ללא גלוטן.,גורי מוצרי צריכה (1991) בעמ,,,יח`,375,גרם,false,1,22.90,6.11,true,1,
7290112197702,false,פיצה מרגריטה 330 גר`ללא גלוטן GFREE,גורי מוצרי צריכה (1991) בעמ,,,יח`,330,גרם,false,1,25.90,7.85,false,1,
7290112330352,false,דנונה פרו 200 גר`וניל 0% שומן,שטראוס גרופ בעמ/מצונן,,,יח`,200,"מ""ל",false,1,5.90,2.95,false,1,
7290112330390,false,דנונה פרו 200 גר`פירות יער 0% שומן,שטראוס גרופ בעמ/מצונן,,,יח`,200,"מ""ל",false,1,5.90,2.95,false,1,
7290112330420,false,דנונה פרו לבן 2.9% שומן (150 גר`),שטראוס גרופ בעמ/מצונן,,,יח`,150,גרם,false,1,5,3.33,false,1,
7290112332585,false,פריכיות משולשות-אורז בתיבול סלק ומלח ים,שטראוס גרופ בעמ,,,יח`,30,גרם,false,1,4.90,16.33,false,1,
7290112332691,false,עוגיות קרם פסק זמן אגוזים 200 גר` עלית,שטראוס גרופ בעמ,,,יח`,200,גרם,false,1,11.90,5.95,true,1,
7290112334596,false,שוקולית אבקת שוקו עלית,שטראוס גרופ בעמ,,,יח`,935,גרם,false,1,20.30,2.17,true,1,
7290112334749,false,קפה טורקי עלית (200 גרם) 10% תוספת,שטראוס גרופ בעמ,,,יח`,220,גרם,false,1,16.30,7.41,true,1,
7290112335487,false,פריכיות הטעימות קצח ודגנים 135,שטראוס גרופ בעמ,,,יח`,135,גרם,false,1,14.20,10.52,false,1,
7290112335500,false,הפריכיות הטעימות חלבון 135 גר`,שטראוס גרופ בעמ,,,יח`,135,גרם,false,1,14.20,10.52,false,1,
7290112336644,false,מאסט סוכריות לימון 80 גר ללא סוכר,שטראוס גרופ בעמ,,,יח`,80,גרם,false,1,9.70,12.13,false,1,
7290112336712,false,דנונה פרו 21% חלבון 0,שטראוס גרופ בעמ/מצונן,,,יח`,200,"מ""ל",false,1,6.10,3.05,false,1,
7290112337481,false,מאסט סוכריות קפוצ`נו 80 גר ללא סוכר,שטראוס גרופ בעמ,,,יח`,80,גרם,false,1,9.70,12.13,false,1,
7290112339171,false,מעדן מוס שוקולד 81 גר`מילקי,שטראוס גרופ בעמ/מצונן,,,יח`,81,גרם,false,1,3.40,4.20,false,1,
7290112339362,false,דנונה לייט אנד פריי בטעם קפוצ`נו 150 גר`,שטראוס גרופ בעמ/מצונן,,,יח`,150,"מ""ל",false,1,4.90,3.27,true,1,
7290112339867,false,גמדים סקוויז בודד תות (100 גר`),שטראוס גרופ בעמ/מצונן,,,יח`,100,גרם,false,1,6,6,false,1,
7290112339874,false,גמדים סקוויז בודד תות בננה (100 גר`),שטראוס גרופ בעמ/מצונן,,,יח`,100,גרם,false,1,6,6,false,1,
7290112340122,false,פריכיות טעימות 3 דגנים 135 גר`,שטראוס גרופ בעמ,,,יח`,135,גרם,false,1,14.20,10.52,false,1,
7290112340276,false,עוגיות קרם קפה עלית 200 גר` עלית,שטראוס גרופ בעמ,,,יח`,200,גרם,false,1,11.90,5.95,true,1,
7290112341556,false,אקטיביה עם צ`יה ותות 150 גר`,שטראוס גרופ בעמ/מצונן,,,יח`,150,"מ""ל",false,1,4.60,3.07,false,1,
7290112341679,false,אקטיביה יוגורט 3% דנונה (200 גרם),שטראוס גרופ בעמ/מצונן,,,יח`,200,גרם,false,1,4.20,2.10,false,1,
7290112342102,false,סימפוניה בצל מקורמל 5% שטראוס,שטראוס גרופ בעמ/מצונן,,,יח`,200,גרם,false,1,12.20,6.10,false,1,
7290112342270,false,קפה אינטנס 10% פלטינום,שטראוס גרופ בעמ,,,יח`,125,גרם,false,1,19.90,15.92,false,1,
7290112343420,false,יטבתה פרו ארוחת בוקר 350 מל,שטראוס גרופ בעמ/מצונן,,,יח`,350,"מ""ל",false,1,7.90,2.26,false,1,
7290112343499,false,צ`יטוס 55 גר` puffs,שטראוס פריטו ליי בעמ,,,יח`,60,גרם,false,1,3.90,6.50,true,1,
7290112343512,false,צ`יטוס 160 גר`puffs,שטראוס פריטו ליי בעמ,,,יח`,180,גרם,false,1,7.90,4.39,false,1,
7290112344564,false,רביולי גבינה 400 גר` kids שטראוס,שטראוס גרופ בעמ/מצונן,,,יח`,400,גרם,false,1,21.70,5.43,true,1,
7290112344724,false,מעדן מוס שוקולד בלונדי 133 גר`מילקי,שטראוס גרופ בעמ/מצונן,,,יח`,133,גרם,false,1,3.40,2.56,false,1,
7290112344786,false,קפה PLATINUMקלאסי 200 גר,שטראוס גרופ בעמ,,,יח`,200,גרם,false,1,24.90,12.45,true,1,
7290112346360,false,בפלות אחת אחת בציפוי שוקלוד חלב עלית,שטראוס גרופ בעמ,,,יח`,180,גרם,false,1,14.90,8.28,false,1,
7290112346537,false,פינוקיות בטעם טורטית 200 גר` עלית,שטראוס גרופ בעמ,,,יח`,200,גרם,false,1,11.90,5.95,true,1,
7290112346773,false,דנונה לייט אנד פריי וניל עם חלבון,שטראוס גרופ בעמ/מצונן,,,יח`,150,גרם,false,1,4.70,3.13,true,1,
7290112346797,false,אקטיביה שיבולת שועל ושזיף 150 גר`,שטראוס גרופ בעמ/מצונן,,,יח`,150,"מ""ל",false,1,4.70,3.13,false,1,
7290112347008,false,גמדים ארוחת בוקר תות סקוויז 100 גר,שטראוס גרופ בעמ/מצונן,,,יח`,100,גרם,false,1,6,6,false,1,
7290112348999,false,פריכיות טעימות תירס דקות ( 135 גר`) עלית,שטראוס גרופ בעמ,,,יח`,135,גרם,false,1,14.20,10.52,false,1,
7290112349606,false,דניאלה מעדן בטעם תות בננה שטראוס (88 גרם,שטראוס גרופ בעמ/מצונן,,,יח`,150,"מ""ל",false,1,4,2.67,false,1,
7290112350312,false,קפסולות 15 למכונות נספרו עלית) (10,שטראוס גרופ בעמ,,,יח`,50,גרם,false,1,18.50,37,true,1,
7290112351524,false,עלי חסה סלנובה 200 גר טעם הטבע,שטראוס גרופ בעמ/מצונן,,,יח`,200,גרם,false,1,12.90,6.45,false,1,
7290112354945,false,תפוצ`יפס (50 גרם)היתר מכירה,שטראוס פריטו ליי בעמ,,,יח`,50,גרם,false,1,4,8,false,1,
7290112354952,false,תפוצ`יפס פפריקה (50 גרם)היתר מכירה,שטראוס פריטו ליי בעמ,,,יח`,50,גרם,false,1,4,8,false,1,
7290112354969,false,תפוצ`יפס 200 גר` (יבול חול/היתר מכירה),שטראוס פריטו ליי בעמ,,,יח`,200,גרם,false,1,11.50,5.75,true,1,
7290112355027,false,דנונה פרו 20 גר`חלבון בטעם קרמל מלוח(,שטראוס גרופ בעמ/מצונן,,,יח`,200,"מ""ל",false,1,5.90,2.95,false,1,
7290112355263,false,רוטב שמנת עם שוקולד (260 מל ),שטראוס גרופ בעמ/מצונן,,,יח`,260,"מ""ל",false,1,10.10,3.88,true,1,
7290112355386,false,רוטב שמנת בטעם קרמל מלוח (260 מל ),שטראוס גרופ בעמ/מצונן,,,יח`,260,"מ""ל",false,1,10.10,3.88,true,1,
7290112358004,false,פסק זמן חטיף קראנץ עלית( 32 גר`),שטראוס גרופ בעמ,,,יח`,32,גרם,false,1,5,15.63,false,1,
7290112358127,false,דנונה פרו 20 גר`חלבון עם מגנזיום( 200,שטראוס גרופ בעמ/מצונן,,,יח`,200,גרם,false,1,6.70,3.35,false,1,
7290112358240,false,רוטב גריל 300 גר`יד מרדכי,שטראוס גרופ בעמ,,,יח`,300,גרם,false,1,14.90,4.97,false,1,
7290112358561,false,קפה פלטינום קלאסיק 47 גר`עלית,שטראוס גרופ בעמ,,,יח`,47,גרם,false,1,6.90,14.68,false,1,
7290112359353,false,קפה טורקי אלדין ( 200 גר`) עלית,שטראוס גרופ בעמ,,,יח`,200,גרם,false,1,20.90,10.45,true,1,
7290112483430,false,כפות שקופות לפיד 50 יח,פאלאס תעשיות נטו (2014) בעמ,,,יח`,1,,false,1,7.90,7.90,true,1,
7290112483447,false,כפיות שקופות לפיד 50 יח,פאלאס תעשיות נטו (2014) בעמ,,,יח`,1,,false,1,7.90,7.90,true,1,
7290112483454,false,מזלגות שקופות לפיד 50 יח,פאלאס תעשיות נטו (2014) בעמ,,,יח`,1,,false,1,7.90,7.90,true,1,
7290112484505,false,קערית אובלי קיסר לבן כסף 10 יח`,פאלאס תעשיות נטו (2014) בעמ,,,יח`,1,,false,1,13.90,13.90,false,1,
7290112484895,false,צלחות גדולות 1 קג,פאלאס תעשיות נטו (2014) בעמ,,,יח`,1,יח`,false,1,39.90,39.90,true,1,
7290112486141,false,כוסות שתיה קרה פאלאס 70 יח`,פאלאס תעשיות נטו (2014) בעמ,,,יח`,1,,false,1,6.90,6.90,true,1,
7290112490032,false,מרק נמס בכוס תירס קנור,יוניליוור ישראל שיווק בעמ,,,יח`,45,גרם,false,1,7.60,16.89,true,1,
7290112490117,false,קליק טבלאות שוקולד עם וופל ואגוזים 85 גר,יוניליוור ישראל שיווק בעמ,,,יח`,85,גרם,false,1,6.70,7.88,false,1,
7290112490209,false,מרק נמס בכוס עגבניות קנור) (2*28,יוניליוור ישראל שיווק בעמ,,,יח`,56,גרם,false,1,7.60,13.57,true,1,
7290112490216,false,מרק נמס בכוס טעם עוף קנור (2*24 גר`),יוניליוור ישראל שיווק בעמ,,,יח`,48,גרם,false,1,7.60,15.83,true,1,
7290112490230,false,מרק נמס בכוס אפונה קנור) (25*2,יוניליוור ישראל שיווק בעמ,,,יח`,50,גרם,false,1,7.60,15.20,true,1,
7290112490650,false,קונפיטורת תות שדה (340788 גר`),יוניליוור ישראל שיווק בעמ,,,יח`,340,גרם,false,1,14.50,4.26,true,1,
7290112490667,false,קונפיטורת משמשים (788 340 גר`),יוניליוור ישראל שיווק בעמ,,,יח`,340,גרם,false,1,14.50,4.26,true,1,
7290112490674,false,קונפיטורת דובדבנים (788 340 גר`),יוניליוור ישראל שיווק בעמ,,,יח`,340,גרם,false,1,14.50,4.26,true,1,
7290112490698,false,קונפיטורה לייט תות שדה 778,יוניליוור ישראל שיווק בעמ,,,יח`,260,גרם,false,1,14.50,5.58,true,1,
7290112490735,false,מרק עשיר עגבניות עם פסטה קנור רכיבים טבע,יוניליוור ישראל שיווק בעמ,,,יח`,105,גרם,false,1,13.90,13.24,true,1,
7290112490759,false,מרק עשיר עוף עם אטריות קנור רכיבים טבעיי,יוניליוור ישראל שיווק בעמ,,,יח`,74,גרם,false,1,13.90,18.78,true,1,
7290112490803,false,קליק שקית עוגיות קרמל,יוניליוור ישראל שיווק בעמ,,,יח`,70,גרם,false,1,6.90,9.86,true,1,
7290112490810,false,קליק שקית עוגיות טעם חמאה,יוניליוור ישראל שיווק בעמ,,,יח`,70,גרם,false,1,6.90,9.86,true,1,
7290112491268,false,קליק כדורים פרווה 75 גר,יוניליוור ישראל שיווק בעמ,,,יח`,75,גרם,false,1,6.90,9.20,true,1,
7290112491558,false,שוקולד מריר פרווה ורד הגליל (100x6 גרם),יוניליוור ישראל שיווק בעמ,,,יח`,600,גרם,false,1,23.40,3.90,true,1,
7290112491701,false,ברנפלקס חלבון 375 גר`,יוניליוור ישראל שיווק בעמ,,,יח`,375,גרם,false,1,23.40,6.24,true,1,
7290112492449,false,שמפו פינוק שיער רגיל 700 מל,יוניליוור ישראל שיווק בעמ,,,יח`,700,גרם,false,1,13.50,1.93,true,1,
7290112492463,false,שמפו פינוק2ב (7001 מל),יוניליוור ישראל שיווק בעמ,,,יח`,700,"מ""ל",false,1,13.50,1.93,true,1,
7290112492531,false,מרכך לשיער רגיל (700 מל)פינוק,יוניליוור ישראל שיווק בעמ,,,יח`,700,"מ""ל",false,1,13.50,1.93,true,1,
7290112492548,false,מרכך לשיער יבש (700 מל)פינוק,יוניליוור ישראל שיווק בעמ,,,יח`,700,"מ""ל",false,1,13.50,1.93,true,1,
7290112492593,false,תחליב רחצה רגיל 700 מל פינוק,יוניליוור ישראל שיווק בעמ,,,יח`,700,"מ""ל",false,1,14.20,2.03,true,1,
7290112492609,false,תחליב רחצה לבנדר ווניל (700 מל)פינוק,יוניליוור ישראל שיווק בעמ,,,יח`,700,"מ""ל",false,1,14.20,2.03,true,1,
7290112492630,false,שמפו 3ב1 לגבר פינוק 700 מל,יוניליוור ישראל שיווק בעמ,,,יח`,700,"מ""ל",false,1,13.50,1.93,true,1,
7290112493088,false,נמס בכוס עדשים 100% רכיבים טביעיים קנור,יוניליוור ישראל שיווק בעמ,,,יח`,54,גרם,false,1,7.90,14.63,false,1,
7290112493095,false,נמס בכוס עגבניות חריף 100% רכיבים טביעיי,יוניליוור ישראל שיווק בעמ,,,יח`,48,גרם,false,1,7.90,16.46,false,1,
7290112493163,false,חטיף קליק מיקס כריות וגלילית (65 גרם),יוניליוור ישראל שיווק בעמ,,,יח`,65,גרם,false,1,6.90,10.62,true,1,
7290112493170,false,חטיף כריות נוגט לבן (75 גרם),יוניליוור ישראל שיווק בעמ,,,יח`,75,גרם,false,1,6.90,9.20,true,1,
7290112493293,false,נמס בכוס ירקות 100% רכיבים טביעיים קנור,יוניליוור ישראל שיווק בעמ,,,יח`,44,גרם,false,1,7.90,17.95,true,1,
7290112493316,false,מרק היום אפונה 100% רכיבים טביעיים קנור,יוניליוור ישראל שיווק בעמ,,,יח`,117,גרם,false,1,13.90,11.88,true,1,
7290112493927,false,שטראוס קרמיסימו בטעם ריבת חלב,גלידות שטראוס בעמ,,,יח`,1.33,1 ליטר,false,1,20.90,15.71,true,1,
7290112493934,false,שטראוס קרמיסימו וניל צרפתי,גלידות שטראוס בעמ,,,יח`,1.33,1 ליטר,false,1,20.90,15.71,true,1,
7290112493965,false,שטראוס קרמיסימו וניל ומסטיק,גלידות שטראוס בעמ,,,יח`,1.33,1 ליטר,false,1,20.90,15.71,true,1,
7290112494153,false,תיבוליות ניחוח צלי קנור( 72 גרם),יוניליוור ישראל שיווק בעמ,,,יח`,72,גרם,false,1,10.90,15.14,true,1,
7290112494214,false,חטיף קליק ביסקוויט לבן 65 גר`,יוניליוור ישראל שיווק בעמ,,,יח`,65,גרם,false,1,6.90,10.62,true,1,
7290112494221,false,חטיף ביסקויט שוקולד חלב קליק (65 גרם),יוניליוור ישראל שיווק בעמ,,,יח`,65,גרם,false,1,6.90,10.62,true,1,
7290112494238,false,חטיף כדורים שוקולד חלב קליק (65 גרם),יוניליוור ישראל שיווק בעמ,,,יח`,65,גרם,false,1,6.90,10.62,true,1,
7290112494269,false,חטיף קליק כריות צוקולטה 65 גר`,יוניליוור ישראל שיווק בעמ,,,יח`,65,גרם,false,1,6.90,10.62,true,1,
7290112494276,false,חטיף קליק כריות 65 גר`,יוניליוור ישראל שיווק בעמ,,,יח`,65,גרם,false,1,6.90,10.62,true,1,
7290112494283,false,חטיף כדורים מעורב חום לבו 65 גר`קליק,יוניליוור ישראל שיווק בעמ,,,יח`,65,גרם,false,1,6.90,10.62,true,1,
7290112494290,false,קליק שקיות עוגי 65 גר`,יוניליוור ישראל שיווק בעמ,,,יח`,75,גרם,false,1,6.90,9.20,true,1,
7290112494313,false,חטיף קליק קורנפלקס 65 גר`,יוניליוור ישראל שיווק בעמ,,,יח`,65,גרם,false,1,6.90,10.62,true,1,
7290112494344,false,קורנפלקס של אלופים תלמה (850 גרם)רבנות,יוניליוור ישראל שיווק בעמ,,,יח`,850,גרם,false,1,19.90,2.34,true,1,
7290112494351,false,קורנפלקס של אלופים תלמה (850 גרם).בדצ,יוניליוור ישראל שיווק בעמ,,,יח`,850,גרם,false,1,19.90,2.34,true,1,
7290112494382,false,פירה בטעם ביתי 260 גר`קנור,יוניליוור ישראל שיווק בעמ,,,יח`,260,גרם,false,1,10.90,4.19,false,1,
7290112494993,false,כריות וניל 686 גר`תלמה,יוניליוור ישראל שיווק בעמ,,,יח`,686,גרם,false,1,30.90,4.50,true,1,
7290112495006,false,כריות נוגט 686 גר`תלמה,יוניליוור ישראל שיווק בעמ,,,יח`,686,גרם,false,1,26.90,3.92,true,1,
7290112495105,false,נישנושים תפוא שמנת בצל 260 גר`,יוניליוור ישראל שיווק בעמ,,,יח`,260,גרם,false,1,14.50,5.58,true,1,
7290112495150,false,נשנושי קרקר עיגולים מלוחים 300 גר`,יוניליוור ישראל שיווק בעמ,,,יח`,300,גרם,false,1,14.50,4.83,true,1,
7290112495167,false,נשנושי קרקר משולשי שומשום 300 גר,יוניליוור ישראל שיווק בעמ,,,יח`,300,גרם,false,1,14.50,4.83,true,1,
7290112495174,false,נשנושי קרקר קוקטייל שומשום 300 גר`,יוניליוור ישראל שיווק בעמ,,,יח`,300,גרם,false,1,14.50,4.83,true,1,
7290112495266,false,קליק דאבל קרם עוגיות 65 גר`,יוניליוור ישראל שיווק בעמ,,,יח`,65,גרם,false,1,6.90,10.62,true,1,
7290112495273,false,קליק דאבל קרם חלב 65 גר`,יוניליוור ישראל שיווק בעמ,,,יח`,65,גרם,false,1,6.90,10.62,true,1,
7290112495280,false,ברנפלקס ריבועי קינמון תלמה (400 גרם),יוניליוור ישראל שיווק בעמ,,,יח`,400,גרם,false,1,23.40,5.85,true,1,
7290112495433,false,דליפקאן תוספת אגוזי פקאן ושקדים תלמה (40,יוניליוור ישראל שיווק בעמ,,,יח`,400,גרם,false,1,24.40,6.10,true,1,
7290112495662,false,קרקר חיטה מלאה עם פשתן 300 גרם,יוניליוור ישראל שיווק בעמ,,,יח`,300,גרם,false,1,8.90,2.97,true,1,
7290112495808,false,רוטב לסלט חרדל ודבש הלמנס (305 מל),יוניליוור ישראל שיווק בעמ,,,יח`,305,"מ""ל",false,1,13.90,4.56,true,1,
7290112496034,false,סירופ בטעם מייפל אפיכל כשלפ 580 גרם,יוניליוור ישראל שיווק בעמ,,,יח`,580,גרם,false,1,12.90,2.22,true,1,
7290112496218,false,טריאקיהפחתה של%50 סוכר ונתרן,יוניליוור ישראל שיווק בעמ,,,יח`,340,"מ""ל",false,1,13.90,4.09,true,1,
7290112496430,false,נמס בכוס אקסטרה עגבניות,יוניליוור ישראל שיווק בעמ,,,יח`,37,גרם,false,1,5.90,15.95,false,1,
7290112496447,false,נמס בכוס אקסטרה טעם עוף,יוניליוור ישראל שיווק בעמ,,,יח`,27,גרם,false,1,5.90,21.85,false,1,
7290112496584,false,חטיף קליק כריות בלאק לבן 65 גר,יוניליוור ישראל שיווק בעמ,,,יח`,65,גרם,false,1,6.90,10.62,true,1,
7290112496591,false,חטיף קליק כריות בלאק חלב 65 גר,יוניליוור ישראל שיווק בעמ,,,יח`,65,גרם,false,1,6.90,10.62,true,1,
7290112497123,false,אבקת להכנת סחלב קנור (112 גר`),יוניליוור ישראל שיווק בעמ,,,יח`,112,גרם,false,1,14.50,12.95,true,1,
7290112498083,false,שמפו בתוספת שמן חוחבה( 700 מל)פינוק,יוניליוור ישראל שיווק בעמ,,,יח`,700,"מ""ל",false,1,13.50,1.93,true,1,
7290112498090,false,מרכך בתוספת שמן חוחבה( 700 מל)פינוק,יוניליוור ישראל שיווק בעמ,,,יח`,700,"מ""ל",false,1,13.50,1.93,true,1,
7290112498526,false,פתית ציפס בטטה סגולה שמנת בצל,יוניליוור ישראל שיווק בעמ,,,יח`,22,גרם,false,1,5.90,26.82,true,1,
7290112498847,false,שטראוס קרמיסימו בטעמי נוגט וניל שוקולד,גלידות שטראוס בעמ,,,יח`,1.33,1 ליטר,false,1,20.90,15.71,true,1,
7290112498885,false,מאגדת גודי`ז תותים ושוקולד לבן,גלידות שטראוס בעמ,,,יח`,342,גרם,false,1,32.90,9.62,false,1,
7290112499059,false,שטראוס קרמיסימו שוקולד לבן ותות,גלידות שטראוס בעמ,,,יח`,1.33,1 ליטר,false,1,20.90,15.71,true,1,
7290112499066,false,שטראוס קרמיסימו שוקולד לבן ופיסטוק,גלידות שטראוס בעמ,,,יח`,1.33,1 ליטר,false,1,20.90,15.71,true,1,
7290112499189,false,שטראוס קרמיסימו חד קרן,גלידות שטראוס בעמ,,,יח`,1.33,1 ליטר,false,1,20.90,15.71,true,1,
7290112499196,false,שטראוס קרמיסימו החלב של הקורנפלקס,גלידות שטראוס בעמ,,,יח`,1.33,1 ליטר,false,1,20.90,15.71,true,1,
7290112499455,false,תחליב רחצה מרוקאי 700 מל פינוק,יוניליוור ישראל שיווק בעמ,,,יח`,700,"מ""ל",false,1,14.20,2.03,true,1,
7290112499462,false,תחליב רחצה שמן קוקוס 700 מל פינוק,יוניליוור ישראל שיווק בעמ,,,יח`,700,"מ""ל",false,1,14.20,2.03,true,1,
7290112499479,false,פינוק שמפו בתוספת קרטין 700 מל,יוניליוור ישראל שיווק בעמ,,,יח`,700,"מ""ל",false,1,13.50,1.93,true,1,
7290112499486,false,מרכך בתוספת קרטין 700 מל פינוק,יוניליוור ישראל שיווק בעמ,,,יח`,700,"מ""ל",false,1,13.50,1.93,true,1,
7290112499493,false,רקסונה דאודורנט ספריי בניחוח במבוק אלוור,יוניליוור ישראל שיווק בעמ,,,יח`,150,"מ""ל",false,1,16.30,10.87,true,1,
7290112499509,false,דאודורנט אפרסק ולימון גראס ספריי רקסונה,יוניליוור ישראל שיווק בעמ,,,יח`,150,"מ""ל",false,1,16.50,11,true,1,
7290112499943,false,מאגדת-מיני מגנום קלאסיק שוקולד,גלידות שטראוס בעמ,,,יח`,1,,false,1,35.60,35.60,false,1,
7290112960580,false,לחם מחמצת כוסמין,קבוצת אסם סחר שות. מוגבלת,,,יח`,1,,false,1,16.90,16.90,false,1,
7290112960719,false,בגט מחמצת אפוי קפוא 240 גר`בונז`ור,קבוצת אסם סחר שות. מוגבלת,,,יח`,240,גרם,false,1,7.90,3.29,false,1,
7290112961228,false,במבה ביס 60 גר`אסם,קבוצת אסם סחר שות. מוגבלת,,,יח`,60,גרם,false,1,4.40,7.33,false,1,
7290112961372,false,חטיפי פריכיות דקות קינמון 60 גר` פיטנס,קבוצת אסם סחר שות. מוגבלת,,,יח`,60,גרם,false,1,9.90,16.50,false,1,
7290112961440,false,פיטנס בר פריכיות שוקולד מריר 84 גר,קבוצת אסם סחר שות. מוגבלת,,,יח`,84,גרם,false,1,16.30,19.40,true,1,
7290112961754,false,עוגיות שוקוצ`יפס קרם אגוזים (220 גר`)אס,קבוצת אסם סחר שות. מוגבלת,,,יח`,220,גרם,false,1,13.20,6,false,1,
7290112962737,false,טבעול-שניצל מן הצומח עם חלבון 664 גר`,קבוצת אסם סחר שות. מוגבלת,,,יח`,664,גרם,false,1,25.40,3.83,false,1,
7290112963208,false,עוגיות שוקולדצ`יפס בונז`ור,קבוצת אסם סחר שות. מוגבלת,,,"ק""ג",1,,true,1,45,45,false,1,
7290112963529,false,מאגדת אקסטרים שוקו וניל 6 יח,נגה גלידות שותפות מוגבלת,,,יח`,432,גרם,false,1,32.90,7.62,false,1,
7290112963918,false,חטיפי קרקר דק רוזמרין 140 גר` פיטנס,קבוצת אסם סחר שות. מוגבלת,,,יח`,140,גרם,false,1,12.90,9.21,true,1,
7290112964434,false,רוטב לסלט קיסר אסם (295 מל),קבוצת אסם סחר שות. מוגבלת,,,יח`,290,"מ""ל",false,1,13.20,4.55,true,1,
7290112964564,false,רוטב אלף האיים לייט לסלט אסם (295 מל),קבוצת אסם סחר שות. מוגבלת,,,יח`,295,"מ""ל",false,1,13.20,4.47,true,1,
7290112964625,false,רוטב שוםלייט לסלט 310 גר` אסם,קבוצת אסם סחר שות. מוגבלת,,,יח`,290,"מ""ל",false,1,13.20,4.55,true,1,
7290112964724,false,המבורגר טבעוני 580 גר` טבעול,קבוצת אסם סחר שות. מוגבלת,,,יח`,504,גרם,false,1,34.60,6.87,true,1,
7290112965165,false,מרק נמס בטעם פטריות אסם (24x2 גרם)בדצ,קבוצת אסם סחר שות. מוגבלת,,,יח`,48,גרם,false,1,6.90,14.38,false,1,
7290112965585,false,פסטה קסרצה 500 גר`פרפקטו אסם,קבוצת אסם סחר שות. מוגבלת,,,יח`,500,גרם,false,1,8.90,1.78,false,1,
7290112965660,false,חטיף מולטיגריין מלח פלפל ( 25 גר`) פיטנס,קבוצת אסם סחר שות. מוגבלת,,,יח`,1,,false,1,5.90,5.90,false,1,
7290112965707,false,חטיף מולטיגריין צ`לי מעודן ( 25 גר`) פיט,קבוצת אסם סחר שות. מוגבלת,,,יח`,100,גרם,false,1,5.90,5.90,false,1,
7290112965943,false,נאגטס ירקות ירוקים ( 500 גר`) טבעול,קבוצת אסם סחר שות. מוגבלת,,,יח`,500,גרם,false,1,32.90,6.58,true,1,
7290112966001,false,ארוחת ירוקים 450 גר` טבעול גורמה,קבוצת אסם סחר שות. מוגבלת,,,יח`,450,גרם,false,1,35.90,7.98,true,1,
7290112966094,false,עוגת הבית בטעם תפוז מופחת סוכראסם (400 ג,קבוצת אסם סחר שות. מוגבלת,,,יח`,400,גרם,false,1,12.50,3.13,false,1,
7290112966247,false,לחמית כוסמין 200 גר`אסם,קבוצת אסם סחר שות. מוגבלת,,,יח`,200,גרם,false,1,11.20,5.60,true,1,
7290112966568,false,במבה ביס( 80 גר`)אסם,קבוצת אסם סחר שות. מוגבלת,,,יח`,80,גרם,false,1,4.40,5.50,false,1,
7290112967114,false,חטיפי פריכיות קטניות ופלפל 60 גר` פיטנס,קבוצת אסם סחר שות. מוגבלת,,,יח`,60,גרם,false,1,9.90,16.50,false,1,
7290112967572,false,רוטב ברביקיו ( 290 מל) אסם,קבוצת אסם סחר שות. מוגבלת,,,יח`,250,גרם,false,1,13.20,5.28,true,1,
7290112967749,false,פרפקטו פסטה נוציאולה 500 גר`אסם,קבוצת אסם סחר שות. מוגבלת,,,יח`,500,גרם,false,1,8.90,1.78,false,1,
7290112968807,false,חטיפי קרקר דק סלק 140 גר` פיטנס,קבוצת אסם סחר שות. מוגבלת,,,יח`,140,גרם,false,1,12.90,9.21,true,1,
7290112968821,false,חטיפי קרקר דק בטטה 140 גר` פיטנס,קבוצת אסם סחר שות. מוגבלת,,,יח`,140,גרם,false,1,12.90,9.21,true,1,
7290112969903,false,נאגטס ירקות לבנים ( 500 גר`) טבעול,קבוצת אסם סחר שות. מוגבלת,,,יח`,500,גרם,false,1,32.90,6.58,true,1,
7290113190757,false,חלבה תלתלים בטעם וניל 300 גר`,דין שיווק וקליה 2021 בעמ,,,יח`,300,גרם,false,1,14.90,4.97,false,1,
7290113190863,false,סילאן טבעי לחיץ 385 גר`שקדיה,דין שיווק וקליה 2021 בעמ,,,יח`,385,גרם,false,1,15.90,4.13,false,1,
7290113192157,false,אגוז ברזיל קלופיים 150 גר`ששון הקולה,דין שיווק וקליה 2021 בעמ,,,יח`,150,גרם,false,1,18.90,12.60,false,1,
7290113192164,false,אגוזי קשיו קלופים 150 גר`ששון הקולה,דין שיווק וקליה 2021 בעמ,,,יח`,150,גרם,false,1,15.90,10.60,false,1,
7290113192171,false,מיקס אגוזים שקדים וחמוציות 150 גר`ששון,דין שיווק וקליה 2021 בעמ,,,יח`,150,גרם,false,1,15.90,10.60,false,1,
7290113192300,false,חרוזית מושחר 275 גר` בית השיטה,קבוצת אסם סחר שות. מוגבלת,,,יח`,275,גרם,false,1,11.50,4.18,false,1,
7290113192324,false,זיתים ירוקים שלמים בינוניים 560 גר`בית,קבוצת אסם סחר שות. מוגבלת,,,יח`,560,גרם,false,1,10.90,1.95,false,1,
7290113192331,false,זיתים ירוקים שלמים גדולים 340 גר`,קבוצת אסם סחר שות. מוגבלת,,,יח`,340,גרם,false,1,10.90,3.21,false,1,
7290113192355,false,זיתים חרוזית ירוק A2 בית השיטה,קבוצת אסם סחר שות. מוגבלת,,,יח`,560,גרם,false,1,11.50,2.05,true,1,
7290113192362,false,זיתים ירוקים טבעות (560 גרם) בית השיטה,קבוצת אסם סחר שות. מוגבלת,,,יח`,560,גרם,false,1,11.90,2.13,true,1,
7290113192379,false,זיתים ירוקים מבוקעים A2 בית השיטה,קבוצת אסם סחר שות. מוגבלת,,,יח`,560,גרם,false,1,11.50,2.05,false,1,
7290113192386,false,זיתים סורי מבוקע A2 בית השיטה,קבוצת אסם סחר שות. מוגבלת,,,יח`,560,גרם,false,1,11.90,2.13,false,1,
7290113192393,false,קוקטייל זיתים בית השיטה (336 גרם),קבוצת אסם סחר שות. מוגבלת,,,יח`,336,גרם,false,1,12.90,3.84,false,1,
7290113192485,false,מלפפון בחומץ 10-12 A2 בית השיטה ( 290 גר,קבוצת אסם סחר שות. מוגבלת,,,יח`,290,גרם,false,1,8.40,2.90,true,1,
7290113192492,false,מלפפון בחומץ 13-17 A2 בית השיטה( 290 ג,קבוצת אסם סחר שות. מוגבלת,,,יח`,320,גרם,false,1,10.90,3.41,false,1,
7290113192522,false,מלפפון בחומץ 18-25 A2 בית השיטה( 320 גר,קבוצת אסם סחר שות. מוגבלת,,,יח`,320,גרם,false,1,13.50,4.22,false,1,
7290113192539,false,מלפפון במלח 7-9 A2 בית השיטה( 320 גר`),קבוצת אסם סחר שות. מוגבלת,,,יח`,320,גרם,false,1,7.50,2.34,false,1,
7290113192546,false,מלפפון בחומץ 7-9 A2 בית השיטה( 290 גר`,קבוצת אסם סחר שות. מוגבלת,,,יח`,290,גרם,false,1,7.50,2.59,false,1,
7290113192553,false,מלפפון במלח בלאדי 13-17 בית השיטה( 320,קבוצת אסם סחר שות. מוגבלת,,,יח`,320,גרם,false,1,10.90,3.41,false,1,
7290113192560,false,פלפל חריף כבוש שיפקה בית השיטה (430 גר`),קבוצת אסם סחר שות. מוגבלת,,,יח`,430,גרם,false,1,7.90,1.84,true,1,
7290113193000,false,פלפל שיפקונית 230 גר` בית השיטה,קבוצת אסם סחר שות. מוגבלת,,,יח`,230,גרם,false,1,10.90,4.74,true,1,
7290113193321,false,שמן זית כתית מעולה 750 מל בית השיטה,קבוצת אסם סחר שות. מוגבלת,,,יח`,750,"מ""ל",false,1,30.90,4.12,false,1,
7290113193406,false,טבעות קוקטייל זיתים 280 גר`בית השיטה,קבוצת אסם סחר שות. מוגבלת,,,יח`,280,גרם,false,1,12.90,4.61,false,1,
7290113194090,false,טבעות קלמטה 280 גר`בית השיטה,קבוצת אסם סחר שות. מוגבלת,,,יח`,280,גרם,false,1,11.90,4.25,false,1,
7290113194649,false,מלפפונים במלח קוביות 320 גר בית השיטה,קבוצת אסם סחר שות. מוגבלת,,,יח`,320,גרם,false,1,11.90,3.72,true,1,
7290113195073,false,חלבה טורקית עם פיסטוקים 400 גר` שקדיה,דין שיווק וקליה 2021 בעמ,,,יח`,400,גרם,false,1,15.90,3.98,true,1,
7290113195424,false,אטריות אורז 400 גרם,דין שיווק וקליה 2021 בעמ,,,יח`,400,גרם,false,1,9.90,2.48,false,1,
7290113195479,false,קמח שקדים ( 200 גר`) שקדיה,דין שיווק וקליה 2021 בעמ,,,יח`,200,גרם,false,1,15.90,7.95,true,1,
7290113195967,false,שיבולת שועל 500 גרם פחית שקדיה,דין שיווק וקליה 2021 בעמ,,,יח`,500,גרם,false,1,10.90,2.18,true,1,
7290113196001,false,פסטה ספגטי שקדיה 500 גר` .,דין שיווק וקליה 2021 בעמ,,,יח`,500,גרם,false,1,4.90,0.98,true,1,
7290113196025,false,פסטה צינורות שקדיה 500 גר` .,דין שיווק וקליה 2021 בעמ,,,יח`,500,גרם,false,1,4.90,0.98,true,1,
7290113196414,false,אורז בסמטי 1 קג שקדיה,דין שיווק וקליה 2021 בעמ,,,יח`,1,"ק""ג",false,1,10.90,10.90,false,1,
7290113196490,false,פרכיות כוסמת צ`יה במליחות עדינה 150 גר`,דין שיווק וקליה 2021 בעמ,,,יח`,150,גרם,false,1,11.90,7.93,true,1,
7290113196506,false,פרכיות כוסמת ללא מלח 150 גר`,דין שיווק וקליה 2021 בעמ,,,יח`,150,גרם,false,1,11.90,7.93,true,1,
7290113196896,false,תרסיס שמן זית 170 מל שקדיה,דין שיווק וקליה 2021 בעמ,,,יח`,170,"מ""ל",false,1,13.90,8.18,true,1,
7290113197176,false,שקדיה חמאת בוטנים 510 גר,דין שיווק וקליה 2021 בעמ,,,יח`,510,גרם,false,1,16.90,3.31,false,1,
7290113197923,false,טונה בשמן קנולה בית השיטה רביעייה,קבוצת אסם סחר שות. מוגבלת,,,יח`,392,גרם,false,1,25.90,6.61,true,1,
7290113198593,false,סוכריות גומי נחשים בטעם בננה 200 גר`,דין שיווק וקליה 2021 בעמ,,,יח`,200,גרם,false,1,10.90,5.45,true,1,
7290113199606,false,חטיף בוטנים עם דלעת בוטנים ללס,דין שיווק וקליה 2021 בעמ,,,יח`,1,,false,1,15.90,15.90,false,1,
7290113199620,false,חטיף שקדים עם גרעיני דלעת ללס,דין שיווק וקליה 2021 בעמ,,,יח`,1,,false,1,15.90,15.90,false,1,
7290113199705,false,מוזלי פירות יבשים 500 גר`,דין שיווק וקליה 2021 בעמ,,,יח`,500,גרם,false,1,13.90,2.78,false,1,
7290113199859,false,מגש אירוח סוכריות גומי 350 גר`,דין שיווק וקליה 2021 בעמ,,,יח`,350,גרם,false,1,15.90,4.54,true,1,
7290113199866,false,מגש אירוח אגוזים קלויים וחטיפי מלוחים,דין שיווק וקליה 2021 בעמ,,,יח`,450,גרם,false,1,35.90,7.98,true,1,
7290113199903,false,סוכריות חמצוצים בטעם תות בננה 180 גר`,דין שיווק וקליה 2021 בעמ,,,יח`,180,גרם,false,1,10.90,6.06,true,1,
7290113199910,false,סוכריות חמצוצים בטעם קולה 180 גר`,דין שיווק וקליה 2021 בעמ,,,יח`,180,גרם,false,1,10.90,6.06,true,1,
7290113560109,false,משחת שיניים פרודונטקס 75 מל,גורי ע.ע.ע בעמ,,,יח`,75,"מ""ל",false,1,31.90,42.53,true,1,
7290114310215,false,טרה שמנת מתוקה עמידה בקבוק 38% 250 מל,החב` המרכזית - טרה,,,יח`,250,"מ""ל",false,1,6.47,2.59,false,1,
7290114310239,false,חלב נטול לקטוז מעושר( 1.5 ליטר)בויטמין,החב` המרכזית - טרה,,,יח`,1.50,"מ""ל",false,1,12.50,833.33,false,1,
7290114310246,false,גרנה פנדו צ`אנק( 125 גר`)צוריאל,החב` המרכזית - טרה,,,יח`,125,גרם,false,1,18.80,15.04,false,1,
7290114310536,false,יוגורט מולר אקטיב וניל חלבון 25 גר`,החב` המרכזית - טרה,,,יח`,200,גרם,false,1,6.20,3.10,true,1,
7290114310567,false,צוריאל לאבנה עיזים 5% 200 גר,החב` המרכזית - טרה,,,יח`,200,גרם,false,1,14.60,7.30,true,1,
7290114310901,false,גבינה לבנה 5% 250 גר`פיקוח,החב` המרכזית - טרה,,,יח`,250,גרם,false,1,4.98,1.99,false,1,
7290114311014,false,אייס קפוצ`ינו פקק ספורט 250 מל טרה,החב` המרכזית - טרה,,,יח`,250,"מ""ל",false,1,5.20,2.08,false,1,
7290114311038,false,שמנת מתוקה 32% בבקבוק 250 מל טרה,החב` המרכזית - טרה,,,יח`,250,"מ""ל",false,1,6.90,2.76,false,1,
7290114311069,false,יוגורט מולר אקטיב 0% לבן חלבון 25 גר,החב` המרכזית - טרה,,,יח`,200,גרם,false,1,6.20,3.10,true,1,
7290114311298,false,קציפת תות בננה מלון מולר פרופ 150 גר`,החב` המרכזית - טרה,,,יח`,150,"מ""ל",false,1,5.30,3.53,false,1,
7290114311304,false,קציפת מנגו פסיפלורה בננה מולר פרופ 150 ג,החב` המרכזית - טרה,,,יח`,150,"מ""ל",false,1,5.30,3.53,false,1,
7290114311328,false,חלב נטול לקטוז מועשר בוויטמין D טרה,החב` המרכזית - טרה,,,יח`,1,1 ליטר,false,1,7.50,7.50,false,1,
7290114311458,false,חלב קרטון 3% מועשר ויטמין די 1 ליטר,החב` המרכזית - טרה,,,יח`,1,1 ליטר,false,1,7.10,7.10,false,1,
7290114311496,false,חלב קרטון מועשר 1% שומן 1 ליטר,החב` המרכזית - טרה,,,יח`,1,1 ליטר,false,1,7.10,7.10,false,1,
7290114603508,false,רוטב להקפצה 300 גר`מאסטר שף,ש.שסטוביץ בעמ,,,יח`,300,"מ""ל",false,1,13.90,4.63,false,1,
7290114603539,false,קרוטונים למרק שום בצל 350 גר`מאסטר שף,ש.שסטוביץ בעמ,,,יח`,350,גרם,false,1,19.90,5.69,false,1,
7290114604895,false,ממרח ספייסי לחיץ 446 גר` מאסטר שף,ש.שסטוביץ בעמ,,,יח`,446,גרם,false,1,15.90,3.57,false,1,
7290114604901,false,ממרח שום לחיץ 444 גר` מאסטר שף,ש.שסטוביץ בעמ,,,יח`,444,גרם,false,1,15.90,3.58,false,1,
7290114604925,false,מאסטר שף קרם קוקוס לייט 400 מל,ש.שסטוביץ בעמ,,,יח`,400,"מ""ל",false,1,11.20,2.80,false,1,
7290114605557,false,קוקי נייר עטיפה לסנדוויץ,ש.שסטוביץ בעמ,,,יח`,1,,false,1,13.90,13.90,false,1,
7290114606561,false,אטריות אורז דקות 400 גר` מנה מאסטר שף,ש.שסטוביץ בעמ,,,יח`,400,גרם,false,1,10.90,2.73,false,1,
7290114608640,false,קרוטונים לסלט כוסמין 260 גר`מאסטר שף,ש.שסטוביץ בעמ,,,יח`,260,גרם,false,1,19.90,7.65,false,1,
7290115073676,false,מארז מסכה לפנים 50 יח`צבעוני,שמחה זה אנחנו בעמ,,,יח`,1,,false,1,9.90,9.90,false,1,
7290115190007,false,מרלבורו רד פאקט) (10 חדש,פיליפ מוריס בעמ,,,יח`,1,,false,1,335,335,false,1,
7290115190014,false,מרלבורו רד חפיסה) (20,פיליפ מוריס בעמ,,,יח`,1,,false,1,38.50,38.50,true,1,
7290115190076,false,מרלבורו גולד 100 חפיסה) (20,פיליפ מוריס בעמ,,,יח`,1,,false,1,38.50,38.50,true,1,
7290115190090,false,מרלבורו גולד חפיסה) (20,פיליפ מוריס בעמ,,,יח`,1,,false,1,38.50,38.50,true,1,
7290115190137,false,מרלבורו גולדפין טאצ`בודד,פיליפ מוריס בעמ,,,יח`,1,,false,1,33.50,33.50,true,1,
7290115190151,false,מרלבורו גולד טאצ`בודד,פיליפ מוריס בעמ,,,יח`,1,,false,1,33.50,33.50,true,1,
7290115190199,false,פרלמנט נייט ארוך חפיסה) (20,פיליפ מוריס בעמ,,,יח`,1,,false,1,43.50,43.50,true,1,
7290115190250,false,פרלמנט קצר בודד,פיליפ מוריס בעמ,,,יח`,1,,false,1,43.50,43.50,true,1,
7290115190359,false,אל.אמ בלו לייבל קצר חפיסה) (20,פיליפ מוריס בעמ,,,יח`,1,,false,1,33,33,true,1,
7290115190373,false,ל.מ.פורוורד בודד,פיליפ מוריס בעמ,,,יח`,1,,false,1,33,33,true,1,
7290115190397,false,אל.אמ קצר רד לייבל חפיסה) (20,פיליפ מוריס בעמ,,,יח`,1,,false,1,33,33,true,1,
7290115190410,false,ל.מ סילבר לייבל בודד,פיליפ מוריס בעמ,,,יח`,1,,false,1,33,33,true,1,
7290115190434,false,אל.אמ וייב סלימס חפיסה) (20,פיליפ מוריס בעמ,,,יח`,1,,false,1,33,33,true,1,
7290115190458,false,נקסט אדג`בודד,פיליפ מוריס בעמ,,,יח`,1,,false,1,29.50,29.50,true,1,
7290115190519,false,נקסט לייט חפיסה) (20,פיליפ מוריס בעמ,,,יח`,1,,false,1,32,32,true,1,
7290115190571,false,נקסט לילך,פיליפ מוריס בעמ,,,יח`,1,,false,1,32,32,true,1,
7290115190595,false,נקסט FF בודד,פיליפ מוריס בעמ,,,יח`,1,,false,1,32,32,true,1,
7290115190618,false,טבק לגלגול מרלבורו רד,פיליפ מוריס בעמ,,,יח`,1,,false,1,69,69,false,1,
7290115190670,false,טבק לגלגול אוריג`ינל,פיליפ מוריס בעמ,,,יח`,1,,false,1,72,72,false,1,
7290115190892,false,מרלבורו פיוז`ן קפסולה בודד,פיליפ מוריס בעמ,,,יח`,1,,false,1,33,33,true,1,
7290115190915,false,טבק לגלגול נקסט לבן 50 גר`בודד,פיליפ מוריס בעמ,,,יח`,1,,false,1,84,84,false,1,
7290115200003,false,פתי בר פינוקי וניל 200 גר`אסם,קבוצת אסם סחר שות. מוגבלת,,,יח`,220,גרם,false,1,11.90,5.41,true,1,
7290115200027,false,פתי בר פינוקי שוקו 200 גר`אסם,קבוצת אסם סחר שות. מוגבלת,,,יח`,220,גרם,false,1,13.20,6,true,1,
7290115200713,false,במבה קלאסי מארז אחיד 5*50 גר` אסם,קבוצת אסם סחר שות. מוגבלת,,,יח`,250,גרם,false,1,14.90,5.96,true,1,
7290115201277,false,לחם מחמצת עם בצלים 550 גר`בונז`ור,קבוצת אסם סחר שות. מוגבלת,,,יח`,1,,false,1,16.90,16.90,false,1,
7290115201451,false,לביבות בטטה וקארי 455 גר` טבעול גורמה,קבוצת אסם סחר שות. מוגבלת,,,יח`,455,גרם,false,1,35.90,7.89,true,1,
7290115201536,false,לביבות כרובית 442 גר` טבעול גורמה,קבוצת אסם סחר שות. מוגבלת,,,יח`,442,גרם,false,1,35.90,8.12,true,1,
7290115201680,false,ביסלי חטיף בטעם ברביקין אסם (70 גרם),קבוצת אסם סחר שות. מוגבלת,,,יח`,70,גרם,false,1,4,5.71,true,1,
7290115201741,false,ביסלי חטיף בטעם בצל אסם (70 גרם),קבוצת אסם סחר שות. מוגבלת,,,יח`,70,גרם,false,1,4,5.71,true,1,
7290115201765,false,לחמניה פרנה 160 גר`בונז`ור,קבוצת אסם סחר שות. מוגבלת,,,יח`,1,,false,1,5.50,5.50,false,1,
7290115201789,false,לחמניה פרנה 180 גר`בונז`ור,קבוצת אסם סחר שות. מוגבלת,,,יח`,1,,false,1,5.50,5.50,false,1,
7290115202212,false,לביבות סלק 434 גר` טבעול גורמה,קבוצת אסם סחר שות. מוגבלת,,,יח`,434,גרם,false,1,35.90,8.27,true,1,
7290115202236,false,טופו קראנצי`ם 470 גרם טבעול,קבוצת אסם סחר שות. מוגבלת,,,יח`,470,גרם,false,1,34.60,7.36,true,1,
7290115202373,false,אזני פיל בונז`ור,קבוצת אסם סחר שות. מוגבלת,,,"ק""ג",1,,true,1,26,26,false,1,
7290115202762,false,מיני ניוקי טריקולור 500 גרם פרפקטו אסם,קבוצת אסם סחר שות. מוגבלת,,,יח`,500,גרם,false,1,9.90,1.98,false,1,
7290115202786,false,מנה חמה פאוצ`נודלס אטריות בקר,קבוצת אסם סחר שות. מוגבלת,,,יח`,70,גרם,false,1,4.50,6.43,false,1,
7290115202816,false,מנה חמה פאוצ`נודלס אטריות טעם עוף,קבוצת אסם סחר שות. מוגבלת,,,יח`,70,גרם,false,1,4.50,6.43,false,1,
7290115202847,false,מנה חמה פאוצ`נודלס ספייסי,קבוצת אסם סחר שות. מוגבלת,,,יח`,70,גרם,false,1,4.50,6.43,false,1,
7290115202939,false,רייס מנה חמה נודלס עוף פטריות 50 גר`,קבוצת אסם סחר שות. מוגבלת,,,יח`,50,גרם,false,1,8.90,17.80,true,1,
7290115203134,false,חטיף פופקו פופקורן במבה אסם (80 גרם),קבוצת אסם סחר שות. מוגבלת,,,יח`,80,גרם,false,1,6.10,7.63,true,1,
7290115203172,false,במבה פרו 80 גר`,קבוצת אסם סחר שות. מוגבלת,,,יח`,80,גרם,false,1,4.30,5.38,true,1,
7290115203295,false,פסטה ריציאולי 500 גרם פרפקטו אסם,קבוצת אסם סחר שות. מוגבלת,,,יח`,500,גרם,false,1,9.90,1.98,false,1,
7290115203806,false,רוטב בסיס אסם (290 מל),קבוצת אסם סחר שות. מוגבלת,,,יח`,290,"מ""ל",false,1,19.30,6.66,true,1,
7290115203905,false,מיני פיתה כוסמין עשירייה בונז`ור,קבוצת אסם סחר שות. מוגבלת,,,יח`,1,,false,1,16.90,16.90,false,1,
7290115204056,false,קטשופ 56% פחות סוכר 690 גרם אסם,קבוצת אסם סחר שות. מוגבלת,,,יח`,690,גרם,false,1,12.20,1.77,false,1,
7290115204100,false,בגט אותנטיק כפרי 240 גר`,קבוצת אסם סחר שות. מוגבלת,,,יח`,1,,false,1,6.90,6.90,false,1,
7290115204247,false,צבר עגבניות מיובשות 190 גר`,קבוצת אסם סחר שות. מוגבלת,,,יח`,190,גרם,false,1,17.90,9.42,true,1,
7290115204292,false,בגט אותנטיק לבן 240 גר`,קבוצת אסם סחר שות. מוגבלת,,,יח`,1,,false,1,6.90,6.90,false,1,
7290115205121,false,פיטנס בר פריכיות יוגורט תות 84 גרם.,קבוצת אסם סחר שות. מוגבלת,,,יח`,84,גרם,false,1,16.30,19.40,false,1,
7290115205176,false,חטיפי קרקר כפרי 140 גר` פיטנס,קבוצת אסם סחר שות. מוגבלת,,,יח`,140,גרם,false,1,12.90,9.21,true,1,
7290115205312,false,חטיפי קרקר זיתים 140 גר` thin deli פיטנס,קבוצת אסם סחר שות. מוגבלת,,,יח`,140,גרם,false,1,12.90,9.21,true,1,
7290115205527,false,חטיף מולטיגריין עם עדשים ( 25 גר`) פיטנס,קבוצת אסם סחר שות. מוגבלת,,,יח`,25,גרם,false,1,5.90,23.60,false,1,
7290115205541,false,חטיף מולטיגריין עם חומוס ( 25 גר`) פיטנס,קבוצת אסם סחר שות. מוגבלת,,,יח`,25,גרם,false,1,5.90,23.60,false,1,
7290115205619,false,פתי בר פינוקי עוגת גבינה 220 גר`אסם,קבוצת אסם סחר שות. מוגבלת,,,יח`,220,גרם,false,1,11.90,5.41,false,1,
7290115205633,false,סנסשיונל נקניקניות 350 גר` טבעול,קבוצת אסם סחר שות. מוגבלת,,,יח`,350,גרם,false,1,29.90,8.54,true,1,
7290115205978,false,פתי בר אצבעות שוקולד 180 גר`אסם,קבוצת אסם סחר שות. מוגבלת,,,יח`,180,גרם,false,1,13.20,7.33,true,1,
7290115206852,false,ביסלי חטיף בטעם צ`יזי סטיקס 70 גר`,קבוצת אסם סחר שות. מוגבלת,,,יח`,70,גרם,false,1,4,5.71,true,1,
7290115206890,false,ביסלי חטיף בטעם המבורגר אסם (70 גרם),קבוצת אסם סחר שות. מוגבלת,,,יח`,70,גרם,false,1,4,5.71,true,1,
7290115207620,false,רוטב סויה קלאסי אסם (290 מל),קבוצת אסם סחר שות. מוגבלת,,,יח`,290,"מ""ל",false,1,19.30,6.66,true,1,
7290115207798,false,בורגר חריף טבעוני 420 גר` טבעול,קבוצת אסם סחר שות. מוגבלת,,,יח`,420,גרם,false,1,34.60,8.24,true,1,
7290115208009,false,ויטמינצ`יק ענבים 1 ליטר,קבוצת אסם סחר שות. מוגבלת,,,יח`,1000,"מ""ל",false,1,20.90,2.09,false,1,
7290115208047,false,סירופ פטל ויטמינצ`יק (1 ליטר),קבוצת אסם סחר שות. מוגבלת,,,יח`,1000,"מ""ל",false,1,20.90,2.09,false,1,
7290115208320,false,אפרופו טעם ביסלי בצלאסם (50 גרם),קבוצת אסם סחר שות. מוגבלת,,,יח`,50,גרם,false,1,5.70,11.40,true,1,
7290115208597,false,קרמוגית מיניס קרמל מלוח 200 גר` אסם,קבוצת אסם סחר שות. מוגבלת,,,יח`,200,גרם,false,1,13.20,6.60,false,1,
7290115208801,false,קרקר לחמית דבש ואגוזים אסם (190 גרם),קבוצת אסם סחר שות. מוגבלת,,,יח`,190,גרם,false,1,12.20,6.42,true,1,
7290115209198,false,במבה אורירית 80 גר` אסם,קבוצת אסם סחר שות. מוגבלת,,,יח`,80,גרם,false,1,4.40,5.50,true,1,
7290115209235,false,ביסקוויט פתי בר קפה אסם (500 גרם),קבוצת אסם סחר שות. מוגבלת,,,יח`,500,גרם,false,1,12.90,2.58,false,1,
7290115209358,false,במבה במילוי בראוניז אסם (60 גרם),קבוצת אסם סחר שות. מוגבלת,,,יח`,60,גרם,false,1,4.40,7.33,true,1,
7290115403282,false,עוגיות פיצפוצי שוקו 500 גר`,שיבולים יצור ושיווק מוצרי מאפה,,,יח`,500,גרם,false,1,15.90,3.18,false,1,
7290115403299,false,עוגיות פרפריות 450 גר`,שיבולים יצור ושיווק מוצרי מאפה,,,יח`,450,גרם,false,1,15.90,3.53,false,1,
7290115403312,false,עוגיות מלוחות קריספי עגול 450 גר`,שיבולים יצור ושיווק מוצרי מאפה,,,יח`,450,גרם,false,1,15.90,3.53,false,1,
7290115403404,false,עוגיות פרפריות שוקו 450 גר`,שיבולים יצור ושיווק מוצרי מאפה,,,יח`,450,גרם,false,1,15.90,3.53,false,1,
7290115403435,false,עוגיות מעמול תמר 500 גר`,שיבולים יצור ושיווק מוצרי מאפה,,,יח`,500,גרם,false,1,15.90,3.18,false,1,
7290115403442,false,עוגיות ממולאות טעם שוקולד 500 גר`,שיבולים יצור ושיווק מוצרי מאפה,,,יח`,500,גרם,false,1,15.90,3.18,false,1,
7290115403466,false,עוגיות נסיכה מיקס 500 גר`,שיבולים יצור ושיווק מוצרי מאפה,,,יח`,500,גרם,false,1,15.90,3.18,false,1,
7290115403480,false,עוגיות בסגנון מרוקאי מיני 500 גר`,שיבולים יצור ושיווק מוצרי מאפה,,,יח`,500,גרם,false,1,15.90,3.18,false,1,
7290115670691,false,אנרג`י גרנולה פירות יער 400 גר,שטראוס גרופ בעמ,,,יח`,400,גרם,false,1,13.90,3.48,false,1,
7290115670707,false,אנרג`י גרנולה שוקולד ואגוזים 400 גרם,שטראוס גרופ בעמ,,,יח`,400,גרם,false,1,13.90,3.48,false,1,
7290115671308,false,מסטיק מאסט פאן תות דובדבן (58 גרם),שטראוס גרופ בעמ,,,יח`,1,,false,1,11.20,11.20,true,1,
7290115671339,false,מיני פינוקיות בראוניז בייגל בוטן 180 גר`,שטראוס גרופ בעמ,,,יח`,180,גרם,false,1,11.90,6.61,true,1,
7290115671346,false,מיני פינוקיות טופי קרמל מלוח 180 גר`,שטראוס גרופ בעמ,,,יח`,180,גרם,false,1,11.90,6.61,true,1,
7290115671353,false,מיני פינוקיות שחור לבן 180 גר`,שטראוס גרופ בעמ,,,יח`,180,גרם,false,1,11.90,6.61,true,1,
7290115675702,false,קוואקר דגני בוקר קרנצי`ם ופירות 375 גרם,שטראוס פריטו ליי בעמ,,,יח`,375,גרם,false,1,20.90,5.57,true,1,
7290115675719,false,קוואקר דגני בוקר קראנצי`ם ושוקולד 375 גר,שטראוס פריטו ליי בעמ,,,יח`,375,גרם,false,1,20.90,5.57,true,1,
7290115676099,false,משקה דנונה פרו וניל,שטראוס גרופ בעמ/מצונן,,,יח`,225,גרם,false,1,6.90,3.07,false,1,
7290115677966,false,ממרח אבוקדו 200 גר`טעם הטבע,שטראוס גרופ בעמ/מצונן,,,יח`,200,גרם,false,1,14.90,7.45,false,1,
7290115678222,false,מארז דנונה יווני שמינייה 6.5%,שטראוס גרופ בעמ/מצונן,,,יח`,1000,"מ""ל",false,1,25.90,2.59,false,1,
7290115678376,false,מעדן הגולן שוקולד 125 גרם,שטראוס גרופ בעמ/מצונן,,,יח`,1,,false,1,2.90,2.90,true,1,
7290115678383,false,מעדן הגולן שוקולד מריר 125 גרם,שטראוס גרופ בעמ/מצונן,,,יח`,1,,false,1,2.90,2.90,true,1,
7290115678598,false,חסה אייסברג חיתוך גס 300 שטראוס טעם הטבע,שטראוס גרופ בעמ/מצונן,,,יח`,300,גרם,false,1,9.30,3.10,false,1,
7290116530185,false,דלישקד קרמל מלוח תלמה (400 גרם),יוניליוור ישראל שיווק בעמ,,,יח`,400,גרם,false,1,24.40,6.10,true,1,
7290116530314,false,קליק כריות דאבל בלק שוקולד לבן 65גר,יוניליוור ישראל שיווק בעמ,,,יח`,65,גרם,false,1,6.90,10.62,true,1,
7290116530321,false,קליק כריות דאבל בלק שוקולד חלב 65גר,יוניליוור ישראל שיווק בעמ,,,יח`,65,גרם,false,1,6.90,10.62,true,1,
7290116530871,false,נשנושים מיקס 240 גר`,יוניליוור ישראל שיווק בעמ,,,יח`,240,גרם,false,1,14.50,6.04,true,1,
7290116530895,false,בדין תרסיס למייבש כביסה ניחוח פינוק,יוניליוור ישראל שיווק בעמ,,,יח`,500,"מ""ל",false,1,20.30,4.06,true,1,
7290116531021,false,ורד הגליל שוקולד חלב 100 גר`,יוניליוור ישראל שיווק בעמ,,,יח`,100,גרם,false,1,5.90,5.90,true,1,
7290116531045,false,דליפקאן ללא גלוטן כשלפ,יוניליוור ישראל שיווק בעמ,,,יח`,350,גרם,false,1,20.90,5.97,false,1,
7290116531083,false,ברנפלקס תלמה שקדים ודבש 400 גר`,יוניליוור ישראל שיווק בעמ,,,יח`,400,גרם,false,1,23.40,5.85,true,1,
7290116531496,false,קינמונים דגנים פריכים מצופים קינמון 375,יוניליוור ישראל שיווק בעמ,,,יח`,375,גרם,false,1,22.40,5.97,true,1,
7290116531649,false,שמפו פינוק שיער תפוח 700 מל,יוניליוור ישראל שיווק בעמ,,,יח`,700,גרם,false,1,13.50,1.93,true,1,
7290116531656,false,מרכך פינוק לשיער בניחוח תפוח (700 מל),יוניליוור ישראל שיווק בעמ,,,יח`,700,"מ""ל",false,1,13.50,1.93,true,1,
7290116531663,false,תחליב רחצה פינוק תפוח 700 מל,יוניליוור ישראל שיווק בעמ,,,יח`,700,"מ""ל",false,1,14.20,2.03,true,1,
7290116531748,false,חטיף כדורים מעורב חום לבן 65 גר`קליק,יוניליוור ישראל שיווק בעמ,,,יח`,65,גרם,false,1,6.90,10.62,true,1,
7290116531762,false,בדין דפי מרכך למייבש ורוד,יוניליוור ישראל שיווק בעמ,,,יח`,1,,false,1,19.60,19.60,true,1,
7290116531793,false,הלמנס רוטב לסלט קיסר 295 גר`,יוניליוור ישראל שיווק בעמ,,,יח`,295,"מ""ל",false,1,13.90,4.71,true,1,
7290116531939,false,קרמיסימו גלידונית תות שדה 60 יח`,גלידות שטראוס בעמ,,,יח`,700,גרם,false,1,52,7.43,false,1,
7290116532035,false,חטיף קליק קורנפלקס 65 גר`כשל,יוניליוור ישראל שיווק בעמ,,,יח`,65,גרם,false,1,6.90,10.62,true,1,
7290116532042,false,חטיף קליק כריות 65 גר`כשלפ,יוניליוור ישראל שיווק בעמ,,,יח`,65,גרם,false,1,6.90,10.62,true,1,
7290116532264,false,מאגדת גודי`ז פרי אפרסק,גלידות שטראוס בעמ,,,יח`,300,גרם,false,1,32.90,10.97,false,1,
7290116533094,false,שמפו לשיער בניחוח ורדים לבנים (700 מל),יוניליוור ישראל שיווק בעמ,,,יח`,700,"מ""ל",false,1,13.50,1.93,true,1,
7290116930282,false,ארוחה בקטנה לאבנה עם קרקרים 150 גר`,תנובה - חלב,,,יח`,150,גרם,false,1,7.90,5.27,false,1,
7290116930435,false,יוגורט גו סמיך דובדבן 0% שומן 200 גרם,תנובה - חלב,,,יח`,200,גרם,false,1,5.90,2.95,false,1,
7290116930459,false,יופלה שייק בננה אננס וקוקוס 230 מל,תנובה - חלב,,,יח`,230,"מ""ל",false,1,7.90,3.43,false,1,
7290116930626,false,ארוחה בקטנה צזיקי עם קרקרים 150 גר`,תנובה - חלב,,,יח`,150,גרם,false,1,7.90,5.27,false,1,
7290116930657,false,משקה חלב גו בטעם בננה תמר 340 מל,תנובה - חלב,,,יח`,340,גרם,false,1,8.90,2.62,false,1,
7290116930701,false,מעדן חלב גו בטעם קרמל מלוח 120 גר`,תנובה - חלב,,,יח`,120,גרם,false,1,4.90,4.08,false,1,
7290116930725,false,סויה BIO קוקוס גביע 150 גרם Alternative,תנובה - חלב,,,יח`,150,גרם,false,1,4.50,3,false,1,
7290116930954,false,יוגורט ביו 3% פאי תפוחים (150גרם),תנובה - חלב,,,יח`,150,"מ""ל",false,1,5.20,3.47,false,1,
7290116931081,false,מעדן סויה בטעם טופי קרמל 125 גר`,תנובה - חלב,,,יח`,125,גרם,false,1,4.60,3.68,false,1,
7290116931104,false,יוגורט גו סמיך אננס 0% שומן 200 גרם,תנובה - חלב,,,יח`,200,גרם,false,1,5.90,2.95,false,1,
7290117260449,false,גבינה בולגרית מעודנת 5% למריחה טבעי 200,ג.וילי-פוד אינטרנשיונל **גבינו,,,יח`,200,גרם,false,1,10.90,5.45,false,1,
7290117260463,false,גבינה בולגרית מעודנת 5% למריחה זיתים 200,ג.וילי-פוד אינטרנשיונל **גבינו,,,יח`,200,גרם,false,1,10.90,5.45,false,1,
7290117260494,false,ניוקי תפוא 3 צבעים מצונן 500 גר ויליפוד,ג.וילי-פוד אינטרנשיונל **גבינו,,,יח`,500,גרם,false,1,10.90,2.18,false,1,
7290117260500,false,מיני ניוקי תפוא מצונן 500 גר ויליפוד,ג.וילי-פוד אינטרנשיונל **גבינו,,,יח`,500,גרם,false,1,10.90,2.18,false,1,
7290117260562,false,חמאה בגביע יורו 225 גר`,ג.וילי-פוד אינטרנשיונל **גבינו,,,יח`,250,גרם,false,1,17.90,7.16,false,1,
7290117260821,false,גבינת כבשים צ`אנק עם פטריות כמהין 150 גר,ג.וילי-פוד אינטרנשיונל **גבינו,,,יח`,150,גרם,false,1,25.90,17.27,false,1,
7290117260890,false,פופקורן בטעם קוקוס 90 גר`,ג.וילי-פוד אינטרנשיונל בעמ,,,יח`,90,גרם,false,1,6.90,7.67,true,1,
7290117261088,false,בוראטה גבינת מוצרלה רכה 18% שומן 125 גר`,ג.וילי-פוד אינטרנשיונל **גבינו,,,יח`,125,גרם,false,1,20.90,16.72,false,1,
7290117261361,false,גבינת ריקוטה 5% 400 גר`,ג.וילי-פוד אינטרנשיונל **גבינו,,,יח`,400,גרם,false,1,20.90,5.23,false,1,
7290117261378,false,גבינת קשקבל לייט 250 גר`8% שומן,ג.וילי-פוד אינטרנשיונל **גבינו,,,יח`,250,גרם,false,1,15.90,6.36,true,1,
7290117261385,false,גבינת פטה לייט 500 גר` 8% שומן,ג.וילי-פוד אינטרנשיונל **גבינו,,,יח`,500,גרם,false,1,28.90,5.78,true,1,
7290117261392,false,גבינת מסקרפונה 200 גר` 35% שומן,ג.וילי-פוד אינטרנשיונל **גבינו,,,יח`,200,גרם,false,1,15.90,7.95,true,1,
7290117261545,false,סלמון אטלנטי ברוטב טריאקי 120 גר`,ג.וילי-פוד אינטרנשיונל בעמ,,,יח`,120,גרם,false,1,12.90,10.75,true,1,
7290117261552,false,סלמון אטלנטי ברוטב עגבניות 120 גר`,ג.וילי-פוד אינטרנשיונל בעמ,,,יח`,120,גרם,false,1,12.90,10.75,true,1,
7290117261569,false,סלמון אטלנטי מעושן בשמן קנולה 120 גר`,ג.וילי-פוד אינטרנשיונל בעמ,,,יח`,120,גרם,false,1,12.90,10.75,true,1,
7290117261989,false,גבינת מנורי רכה מחלב צאן 43% שומן 170 גר,ג.וילי-פוד אינטרנשיונל **גבינו,,,יח`,170,גרם,false,1,16.90,9.94,false,1,
7290117262238,false,משקה יוגורט פרוביוטי בטעם תות שדה 200 מ,ג.וילי-פוד אינטרנשיונל **גבינו,,,יח`,200,"מ""ל",false,1,4.90,2.45,true,1,
7290117262245,false,משקה יוגורט פרוביוטי עם אפרסק ומשמש 200,ג.וילי-פוד אינטרנשיונל **גבינו,,,יח`,200,"מ""ל",false,1,4.90,2.45,true,1,
7290117380147,false,רוטב חרדל ודבש לסלט 260 גר`מאסטר שף,ש.שסטוביץ בעמ,,,יח`,260,"מ""ל",false,1,10.90,4.19,false,1,
7290117380154,false,ררוטב אסיאתי עם סויה ושומשום 260 גר`מאס,ש.שסטוביץ בעמ,,,יח`,260,"מ""ל",false,1,10.90,4.19,false,1,
7290117382318,false,סלים דליס פרו 33 חטיף חלבון מצופה שוקו,ש.שסטוביץ בעמ,,,יח`,60,גרם,false,1,11.90,19.83,true,1,
7290117382332,false,סלים דליס פרו 33 חטיף חלבון מצופה שוקו,ש.שסטוביץ בעמ,,,יח`,60,גרם,false,1,11.90,19.83,true,1,
7290117383711,false,פלמוליב תחליב רחצה חלב ודבש 750מל זוג,ש.שסטוביץ בעמ,,,יח`,1500,"מ""ל",false,1,30,2,true,1,
7290117860038,false,הוואי תחליב רחצה יוגורט בניחוח אוכמניות,הנקל סוד בעמ,,,יח`,700,"מ""ל",false,1,14.90,2.13,true,1,
7290117860083,false,הוואי קרם רחצה בניחוח אירוס זהוב ודבש 70,הנקל סוד בעמ,,,יח`,700,"מ""ל",false,1,14.90,2.13,true,1,
7290117860182,false,הוואי תחליב רחצה בניחוחמגנוליה ושמן שקדי,הנקל סוד בעמ,,,יח`,700,"מ""ל",false,1,14.90,2.13,true,1,
7290117860380,false,הוואי תחליב רחצה יוגורט בניחוח אלוורה 70,הנקל סוד בעמ,,,יח`,700,"מ""ל",false,1,14.90,2.13,true,1,
7290117860892,false,הוואיתחליב רחצה יוגורט ניחוח וניל ודבש 7,הנקל סוד בעמ,,,יח`,700,"מ""ל",false,1,14.90,2.13,true,1,
7290117900932,false,גרעיני אבטיח קלויים 130 גר,דין שיווק וקליה 2021 בעמ,,,יח`,130,גרם,false,1,10,7.69,false,1,
7290117901175,false,שקדים קלופים 250 גר`שקדיה,דין שיווק וקליה 2021 בעמ,,,יח`,250,גרם,false,1,20,8,false,1,
7290117901182,false,בוטן קליפה קלוי 350 גר`שקדיה,דין שיווק וקליה 2021 בעמ,,,יח`,350,גרם,false,1,10,2.86,false,1,
7290118420415,false,קטשופ אסם קלאסי (750 גרם)היתר מכירה,קבוצת אסם סחר שות. מוגבלת,,,יח`,750,גרם,false,1,11.90,1.59,false,1,
7290118420477,false,בייגלה שטוחים טעם ביסלי בצל אסם (300 גרם,קבוצת אסם סחר שות. מוגבלת,,,יח`,300,גרם,false,1,10.10,3.37,false,1,
7290118420514,false,פודינג בטעם נוגט 75 גר`אסם,קבוצת אסם סחר שות. מוגבלת,,,יח`,1,,false,1,5.90,5.90,false,1,
7290900010367,false,טורטיה 360 גר AVEL,אבאל יזמות בעמ,,,יח`,360,גרם,false,1,9.90,2.75,true,1,
7297488098152,false,קמח חומוס ללא גלוטן דגש 500 גרם,נטורפוד בעמ,,,יח`,500,גרם,false,1,15.80,3.16,false,1,
7297488098305,false,קמח שקדים דגש 250 גרם,נטורפוד בעמ,,,יח`,250,גרם,false,1,26.50,10.60,false,1,
7394376123337,false,משקה שיבולת שועל אורגני 1 ליטר אוטלי,ש.שסטוביץ בעמ,,,יח`,1,1 ליטר,false,1,14.90,14.90,false,1,
7394376615825,false,משקה שיבולת שועל מועשר בסידן ווטימינים 1,ש.שסטוביץ בעמ,,,יח`,1,1 ליטר,false,1,14.90,14.90,false,1,
7394376615832,false,משקה שיבולת שועל בטעם שוקולד 1 ליטר אוטל,ש.שסטוביץ בעמ,,,יח`,1,1 ליטר,false,1,16.90,16.90,false,1,
7394376620294,false,אוטלי משקה שיבולת שועל וניל 1 ליטר,ש.שסטוביץ בעמ,,,יח`,1000,"מ""ל",false,1,16.90,1.69,false,1,
7501013101362,false,ג`ומקס משקה קוקו,טמפו משקאות בעמ,,,יח`,473,"מ""ל",false,1,8.90,1.82,true,1,
7501013122039,false,נקטר מנגו קרטונית ליטר גו`מקס,טמפו משקאות בעמ,,,יח`,1000,1 ליטר,false,1,10.60,0.01,true,1,
7501013122053,false,נקטר אפרסק קרטונית ליטר גומקס,טמפו משקאות בעמ,,,יח`,1,1 ליטר,false,1,10.60,10.60,true,1,
7501013122114,false,נקטר אננס קרטונית ליטר גומקס,טמפו משקאות בעמ,,,יח`,1,1 ליטר,false,1,10.60,10.60,true,1,
7501013122190,false,משקה תפוחים קרטונית ליטר גו`מקס,טמפו משקאות בעמ,,,יח`,1,1 ליטר,false,1,10.60,10.60,false,1,
7501013122992,false,משקה קוקוס אננס קרטונית ליטר גו`מקס,טמפו משקאות בעמ,,,יח`,1,1 ליטר,false,1,10.60,10.60,true,1,
7501013138047,false,משקה רימונים קרטונית ליטר יונקו פרסקו,טמפו משקאות בעמ,,,יח`,1,1 ליטר,false,1,12.60,12.60,false,1,
7501013138184,false,משקה חמוציות קרטונית ליטר יוניקו פרסקו,טמפו משקאות בעמ,,,יח`,1,1 ליטר,false,1,12.60,12.60,false,1,
7501064191398,false,בירה קורונה 355 מל בקבוק שישייה,תימקו בירה בעמ,,,יח`,2.13,1 ליטר,false,1,35.90,16.01,true,1,
7501064191459,false,ארגז קורונה בירה אקסטרא 24 יח,תימקו בירה בעמ,,,יח`,7.92,1 ליטר,false,1,139.60,16.72,false,1,
7509546061665,false,ספיד סטיק אקסטרים אינטנס ג`ל 85 גר`,ש.שסטוביץ בעמ,,,יח`,85,גרם,false,1,18.90,22.24,false,1,
7509546061672,false,ספיד סטיק אקסטרים לגבר 50 גר`,ש.שסטוביץ בעמ,,,יח`,50,גרם,false,1,18.30,36.60,false,1,
7509546666846,false,קולגייט טוטאל משחת שיניים פחם 75 מל,ש.שסטוביץ בעמ,,,יח`,1,,false,1,20.90,20.90,false,1,
7509546678702,false,קולגייט טוטאל משחת שיניים אנטי טרטר 100,ש.שסטוביץ בעמ,,,יח`,100,"מ""ל",false,1,17.90,17.90,true,1,
7610100034084,false,מיונז טומי שפורפרת 265 גר,ליימן שליסל בעמ,,,יח`,265,גרם,false,1,14.20,5.36,false,1,
7610113011652,false,בריזר תפוח בבקבוק בקרדי (275 מל),טמפו משקאות בעמ,,,יח`,275,"מ""ל",false,1,15.30,5.45,true,1,
7610400014649,false,לינדט לינדור טבלאה קוביות במילוי קרם שוק,משה סידס ובנו בעמ,,,יח`,100,גרם,false,1,16.60,16.60,true,1,
7610400068529,false,לינדט לינדור בונבוניירה מעורב כדורי שוקו,משה סידס ובנו בעמ,,,יח`,200,גרם,false,1,34.60,17.30,true,1,
7610400074155,false,לינדט לינדור טבלאה קוביות במילוי קרם מרי,משה סידס ובנו בעמ,,,יח`,100,גרם,false,1,16.60,16.60,true,1,
7610400075770,false,לינדט לה גרנד שוקולד מריר אגוז 150 גרם,משה סידס ובנו בעמ,,,יח`,150,גרם,false,1,26.50,17.67,true,1,
7610400075787,false,לינדט לה גרנד שוקולד חלב אגוז 150 גרם,משה סידס ובנו בעמ,,,יח`,150,גרם,false,1,26.50,17.67,true,1,
7610400091060,false,אקסלנס תפוז לינדט (100 גרם),משה סידס ובנו בעמ,,,יח`,100,גרם,false,1,16.60,16.60,true,1,
7613030979647,false,טריקס נסטלה (480 גרם),קבוצת אסם סחר שות. מוגבלת,,,יח`,480,גרם,false,1,22.90,4.77,true,1,
7613032045753,false,פיטנס שוקולד נסטלה (375 גרם),קבוצת אסם סחר שות. מוגבלת,,,יח`,375,גרם,false,1,20.30,5.41,true,1,
7613033548192,false,פיטנס שוקולד מריר נסטלה (375 גרם),קבוצת אסם סחר שות. מוגבלת,,,יח`,375,גרם,false,1,20.30,5.41,true,1,
7613035548374,false,דגני בוקר גולדן מיניס נסטלה (570 גרם),קבוצת אסם סחר שות. מוגבלת,,,יח`,570,גרם,false,1,22.90,4.02,true,1,
7613035622623,false,פיטנס גרנולה שקדים ודבש נסטלה (300 גרם),קבוצת אסם סחר שות. מוגבלת,,,יח`,300,גרם,false,1,17.30,5.77,false,1,
7613035635845,false,פיטנס גרנולה שוקולד 300 גר`אסם,קבוצת אסם סחר שות. מוגבלת,,,יח`,300,גרם,false,1,17.30,5.77,false,1,
7613035758834,false,פיטנס גרנולה חמוציות 300 גר`אסם,קבוצת אסם סחר שות. מוגבלת,,,יח`,300,גרם,false,1,17.30,5.77,false,1,
7613035809109,false,רוטב עגבניות ובזיליקום פרפקטו,קבוצת אסם סחר שות. מוגבלת,,,יח`,400,גרם,false,1,11.20,2.80,true,1,
7613035809123,false,רוטב עגבניות עם פלפלים פרפקטו,קבוצת אסם סחר שות. מוגבלת,,,יח`,400,גרם,false,1,11.20,2.80,true,1,
7613035809857,false,רוטב עגבניות לפסטה פרפקטו,קבוצת אסם סחר שות. מוגבלת,,,יח`,400,גרם,false,1,11.20,2.80,true,1,
7613036314114,false,נס קפה גולד 200 גר`,קבוצת אסם סחר שות. מוגבלת,,,יח`,200,גרם,false,1,46.90,23.45,false,1,
7613036520492,false,רוטב עגבניות לפיצה 400 גר`פרפקטו,קבוצת אסם סחר שות. מוגבלת,,,יח`,400,גרם,false,1,11.20,2.80,true,1,
7613036737623,false,קראנץ` מקס 410 דגני בוקר,קבוצת אסם סחר שות. מוגבלת,,,יח`,410,גרם,false,1,22.90,5.59,true,1,
7613037012095,false,פיטנס גרנולה שוקולד קינואה ושקדים נסטלה,קבוצת אסם סחר שות. מוגבלת,,,יח`,300,גרם,false,1,17.50,5.83,false,1,
7613037204889,false,סטארבקס פולי קפה אספרסו 450גר,קבוצת אסם סחר שות. מוגבלת,,,יח`,450,גרם,false,1,50.90,11.31,false,1,
7613037686906,false,פיטנס שקדים ודבש (355 גרם) נסטלה,קבוצת אסם סחר שות. מוגבלת,,,יח`,355,גרם,false,1,20.30,5.72,true,1,
7613037687132,false,פיטנס שקדים ודבש 585 גר נסטלה,קבוצת אסם סחר שות. מוגבלת,,,יח`,585,גרם,false,1,26.90,4.60,true,1,
7613039770450,false,סנסשיונל בורגר 226 גר` טבעול,קבוצת אסם סחר שות. מוגבלת,,,יח`,226,גרם,false,1,29.90,13.23,true,1,
7613287186928,false,קפסולות קפה סומטרה (10 יח) סטארבקס (56 ג,קבוצת אסם סחר שות. מוגבלת,,,יח`,56,גרם,false,1,21.90,39.11,true,1,
7613287302373,false,קפסולות קפה איטלאן סטייל סטארבקס,קבוצת אסם סחר שות. מוגבלת,,,יח`,56,גרם,false,1,21.90,39.11,true,1,
7613287476494,false,מיונז בסגנון צרפתי 280 גר אסם,קבוצת אסם סחר שות. מוגבלת,,,יח`,280,גרם,false,1,15.90,5.68,true,1,
7613287476678,false,סינימיניס צ`ורוס 360 גרם,קבוצת אסם סחר שות. מוגבלת,,,יח`,360,גרם,false,1,22.90,6.36,true,1,
7613287821348,false,נתחי סויה SENSATIONAL,קבוצת אסם סחר שות. מוגבלת,,,יח`,350,גרם,false,1,34.60,9.89,true,1,
7622010001858,false,אוראו וניל 176 גר`,דיפלומט היינץ,,,יח`,176,גרם,false,1,10.10,5.74,true,1,
7622201050757,false,שוקולד חלב עם קרמל מילקה (100 גרם),דיפלומט היינץ,,,יח`,100,גרם,false,1,7.50,7.50,true,1,
7622201401900,false,עוגיות מילקה סנביישן אוראו 156 גר`,דיפלומט היינץ,,,יח`,156,גרם,false,1,13.90,8.91,true,1,
7622201502515,false,מילקה קוקי לופ 132 גר`,דיפלומט היינץ,,,יח`,132,גרם,false,1,13.50,10.23,true,1,
7622201802363,false,מילקה-שוק` חלבי עם צימוקים ואגוזים 100,דיפלומט היינץ,,,יח`,100,גרם,false,1,6.50,6.50,true,1,
7622201802394,false,שוקולד חלב מילקה (100 גרם),דיפלומט היינץ,,,יח`,100,גרם,false,1,6.50,6.50,true,1,
7622201813390,false,וופל במילוי קרם קקאו מילקה (150 גרם),דיפלומט היינץ,,,יח`,150,גרם,false,1,15.20,10.13,true,1,
7622201819170,false,שוקולד דארק שקדים 85 גר` מילקה,דיפלומט היינץ,,,יח`,85,גרם,false,1,8.90,10.47,true,1,
7622201819408,false,שוקולד דארק קרמל 85 גר` מילקה,דיפלומט היינץ,,,יח`,85,גרם,false,1,8.90,10.47,true,1,
7622210078131,false,שוקולד חלב דיים מילקה (100 גרם),דיפלומט היינץ,,,יח`,100,גרם,false,1,7.50,7.50,true,1,
7622210137234,false,עוגיות אוראו עם דאבל קרם וניל 170גרם,דיפלומט היינץ,,,יח`,170,גרם,false,1,11.20,6.59,true,1,
7622210163899,false,שוקולד חלב עם עדשים 100 גר` מילקה,דיפלומט היינץ,,,יח`,100,גרם,false,1,7.50,7.50,true,1,
7622210453327,false,מילקה סנסייטן 156 גר`,דיפלומט היינץ,,,יח`,156,גרם,false,1,13.50,8.65,true,1,
7622210637994,false,אוראו ביס קראנ`צי אורגינל 110 גר`,דיפלומט היינץ,,,יח`,110,גרם,false,1,8.90,8.09,true,1,
7622210664150,false,עוגיות אוראו וניל 396 גר`,דיפלומט היינץ,,,יח`,396,גרם,false,1,16.90,4.27,false,1,
7622210690883,false,שוקולד 270 גר`מילקה מונדיאל,דיפלומט היינץ,,,יח`,270,גרם,false,1,15.90,5.89,false,1,
7622210693266,false,מילקה אגוזים שלמים 270 גר,דיפלומט היינץ,,,יח`,270,גרם,false,1,16.90,6.26,true,1,
7622210826053,false,שוקולד מילקה אוראו סנדביץ 92 גר`,דיפלומט היינץ,,,יח`,92,גרם,false,1,6.50,7.07,true,1,
7622300441715,false,עוגיות מילקה השוקומיני150 גר,דיפלומט היינץ,,,יח`,150,גרם,false,1,13.50,9,true,1,
7622300489434,false,עוגיות אוראו בציפוי שוקולד חלבי 246 גרם,דיפלומט היינץ,,,יח`,246,גרם,false,1,20.30,8.25,true,1,
7622300495046,false,שוקולד עם אקסטרה קקאו מילקה (100 גרם),דיפלומט היינץ,,,יח`,100,גרם,false,1,7.50,7.50,true,1,
7622300503079,false,ביסקוויט מצופה שוקולד מילקה (200 גרם),דיפלומט היינץ,,,יח`,200,גרם,false,1,13.50,6.75,true,1,
7622300617820,false,שוקולד אוראו מילקה (100 גרם),דיפלומט היינץ,,,יח`,100,גרם,false,1,7.50,7.50,true,1,
7622300772314,false,אוראו וניל 66 גר`,דיפלומט היינץ,,,יח`,66,גרם,false,1,4.50,6.82,true,1,
7630311507016,false,קפסולות קפה סטארבקס סאני דיי 12*57גר`,קבוצת אסם סחר שות. מוגבלת,,,יח`,57,גרם,false,1,21.90,38.42,true,1,
7630477891592,false,קפסולות קפה האוס בלנד (10 יח) סטארבקס (,קבוצת אסם סחר שות. מוגבלת,,,יח`,57,גרם,false,1,21.90,38.42,true,1,
7630477891639,false,קפסולות קפה סומטרה (10 יח) סטארבקס ( 55,קבוצת אסם סחר שות. מוגבלת,,,יח`,55,גרם,false,1,21.90,39.82,true,1,
7630477891653,false,קפסולות קפה אספרסו נטול(10 יח) סטארבקס(,קבוצת אסם סחר שות. מוגבלת,,,יח`,57,גרם,false,1,21.90,38.42,true,1,
7630477891677,false,קפסולות קפה פייק פלייס (10 יח) סטארבקס(,קבוצת אסם סחר שות. מוגבלת,,,יח`,57,גרם,false,1,21.90,38.42,true,1,
7630477891691,false,קפסולות קפה קולומביה (10 יח) סטארבקס ( 5,קבוצת אסם סחר שות. מוגבלת,,,יח`,57,גרם,false,1,21.90,38.42,true,1,
7630477891738,false,קפסולות קפה אספרסו בלונד(10 יח) סטארבקס,קבוצת אסם סחר שות. מוגבלת,,,יח`,53,גרם,false,1,21.90,41.32,true,1,
7702018085514,false,סכיני גילוח גילט פיוז`ן פרוגלייד רביעייה,פארמה דיל (פ.א.ב.) שיווק והפצה,,,יח`,1,,false,1,69.90,69.90,false,1,
7702018321520,false,דאודורנט סטיק מתקדם 45 מל,דיפלומט מפיצים (1968) בעמ,,,יח`,50,גרם,false,1,22.90,45.80,false,1,
7702018321582,false,דאודורנט סטיק מתקדם ג`ילט (45 מל),דיפלומט מפיצים (1968) בעמ,,,יח`,50,גרם,false,1,17.90,35.80,false,1,
7702018404476,false,סירייס קצף גילוח הגנה 250 מל,דיפלומט מפיצים (1968) בעמ,,,יח`,250,גרם,false,1,15.90,6.36,false,1,
7702018539468,false,ג`ילט מארז ונוס תות עם ידית 3 סכינים,דיפלומט מפיצים (1968) בעמ,,,יח`,1,,false,1,44.90,44.90,true,1,
7702018980864,false,קצף גילוח סירייס רגיש 250,דיפלומט מפיצים (1968) בעמ,,,יח`,250,"מ""ל",false,1,22.70,9.08,false,1,
7702174068833,false,לקקן יוגטה גלידה12 יח`,ליימן שליסל בעמ,,,יח`,216,גרם,false,1,11.90,5.51,false,1,
7791875005353,false,ריבת חלב הוואנה 450 גר`,משה סידס ובנו בעמ,,,יח`,450,גרם,false,1,19.90,4.42,true,1,
7792860006218,false,סוכריות לקקן בייבי דול לריטייר (24 גרם),משה סידס ובנו בעמ,,,יח`,24,גרם,false,1,3,12.50,true,1,
7798304600011,false,אוכמניות-טרי 125 גר,בראשית - אגודה שיתופית*שיק 45,,,יח`,125,גרם,false,1,10,8,false,1,
7804414000877,false,מרלו דון חוליו (750 מל),הכרם - משקאות חריפים בעמ,,,יח`,750,"מ""ל",false,1,31.50,4.16,true,1,
7804414000884,false,שרדונה BIN דון חוליו (750 מל),הכרם - משקאות חריפים בעמ,,,יח`,750,"מ""ל",false,1,31.50,4.16,true,1,
7804414001614,false,שיראז חצי יבש דון חוליו (750 מל),הכרם - משקאות חריפים בעמ,,,יח`,750,"מ""ל",false,1,31.50,4.16,true,1,
7804414012344,false,יין סוביניון בלאן 750 מל דון חוליו,הכרם - משקאות חריפים בעמ,,,יח`,750,"מ""ל",false,1,31.50,4.16,true,1,
7804632390255,false,אוכמניות טרי 125 גר,בראשית - אגודה שיתופית*שיק 45,,,יח`,125,גרם,false,1,10,8,false,1,
7804651030026,false,אוכמניות-טרי 125 גר,איגל טרייטדינג שיווק חקלאי בעמ,,,יח`,125,גרם,false,1,10,8,false,1,
7861500002818,false,בירה לף בראון שישייה בקבוק) (6*330 מל,תימקו בירה בעמ,,,יח`,1.98,1 ליטר,false,1,50.90,24.80,false,1,
7891024124826,false,משחת שיניים אופטיק וייט קולגייט (75 מל),ש.שסטוביץ בעמ,,,יח`,103,גרם,false,1,20.90,20.29,false,1,
8000215204240,false,משקה אורז ושקדים ביו אורגני ויטאריז 1 לי,נטורפוד בעמ,,,יח`,1,1 ליטר,false,1,13.90,13.90,false,1,
8000215204653,false,משקה סויה ויטאסי 1 ליטר,נטורפוד בעמ,,,יח`,1,1 ליטר,false,1,12.90,12.90,false,1,
8000380003723,false,גרנד פטיסרי 100 גר`אגוז,ליימן שליסל בעמ,,,יח`,100,גרם,false,1,15.20,15.20,true,1,
8000380004911,false,קוארדטיני 250 גר` אגוז,ליימן שליסל בעמ,,,יח`,250,גרם,false,1,16.30,6.52,true,1,
8000380004966,false,קוארדטיני 250 גר` קקאו,ליימן שליסל בעמ,,,יח`,250,גרם,false,1,16.30,6.52,true,1,
8000380005598,false,טורטינה שישיה מריר 125 גר,ליימן שליסל בעמ,,,יח`,125,גרם,false,1,18.90,15.12,true,1,
8000380007257,false,וופל לואקר גרדנה 200 גר`,ליימן שליסל בעמ,,,יח`,200,גרם,false,1,16.60,8.30,true,1,
8000380007264,false,וופל קקאו לואקר (175 גרם),ליימן שליסל בעמ,,,יח`,175,גרם,false,1,11.90,6.80,true,1,
8000380106028,false,טורטינה שישיה אורגינל לואקר 125 גר,ליימן שליסל בעמ,,,יח`,125,גרם,false,1,18.90,15.12,true,1,
8000380144044,false,וופל לואקר גרדנה שוקולד 200 גר`,ליימן שליסל בעמ,,,יח`,200,גרם,false,1,16.60,8.30,true,1,
8000380152704,false,מארז חטיפי אצבעות גרדנה אגוז 125 גר,ליימן שליסל בעמ,,,יח`,125,גרם,false,1,17.90,14.32,true,1,
8000380152728,false,מארז חטיפי אצבעות גרדנה שוקולד 125 גר,ליימן שליסל בעמ,,,יח`,125,גרם,false,1,17.90,14.32,true,1,
8000380153534,false,טורטינה שישיה לבן 125 גר`,ליימן שליסל בעמ,,,יח`,125,גרם,false,1,18.90,15.12,false,1,
8000380156573,false,דולומיטים מגוון 150 גר`,ליימן שליסל בעמ,,,יח`,150,גרם,false,1,27.50,18.33,true,1,
8000380156825,false,טבלת שוקולד חלב לואקר (87 גרם),ליימן שליסל בעמ,,,יח`,1,,false,1,8.90,8.90,false,1,
8000380156849,false,טבלת שוקולד מריר לואקר (87 גרם),ליימן שליסל בעמ,,,יח`,1,,false,1,8.90,8.90,false,1,
8000380156856,false,טבלת שוקולד לבן לואקר (87 גרם),ליימן שליסל בעמ,,,יח`,1,,false,1,8.90,8.90,false,1,
8000380157570,false,לואקר אגוז 262.5 גר,ליימן שליסל בעמ,,,יח`,262.50,גרם,false,1,12.20,4.65,true,1,
8000380180745,false,קוארדטיני 250 גר` שוקו- חלב,ליימן שליסל בעמ,,,יח`,250,גרם,false,1,16.30,6.52,true,1,
8000380180837,false,לואקר גרנד פטסרי במילוי קרם קוקוס ובציפו,ליימן שליסל בעמ,,,יח`,100,גרם,false,1,15.20,15.20,true,1,
8000380181032,false,גרדנה מארז אצבעות במילוי קרם אגוזי ובציפ,ליימן שליסל בעמ,,,יח`,125,גרם,false,1,17.90,14.32,true,1,
8000380189281,false,מארז מיני מיקס לואקר בשקית,ליימן שליסל בעמ,,,יח`,210,גרם,false,1,25.90,12.33,false,1,
8000380206896,false,וופל לואקר גרדנה חמאת בוטנים 200 גר`,ליימן שליסל בעמ,,,יח`,200,גרם,false,1,16.60,8.30,true,1,
8000380207183,false,טורטינה שישיה חמאת בוטנים לואקר 126 גר`,ליימן שליסל בעמ,,,יח`,126,גרם,false,1,18.90,15,true,1,
8000500009673,false,רושר בוני 300 גר`,פרימיום-חברה לדברי מתיקה ולמסח,,,יח`,300,גרם,false,1,45.90,15.30,true,1,
8000500023624,false,חטיף הפי היפו קינדר (5 יח` - 103.5 גרם),פרימיום-חברה לדברי מתיקה ולמסח,,,יח`,90,גרם,false,1,12.50,13.89,true,1,
8000500023976,false,בונבוניירת רפאלו פררו (150 גרם),פרימיום-חברה לדברי מתיקה ולמסח,,,יח`,150,גרם,false,1,16.90,11.27,false,1,
8000500026731,false,ביצת הפתעה קינדר (20x3 גרם),פרימיום-חברה לדברי מתיקה ולמסח,,,יח`,60,גרם,false,1,15.90,26.50,true,1,
8000500028124,false,קינדר ג`וי מארז שלישייה,פרימיום-חברה לדברי מתיקה ולמסח,,,יח`,60,גרם,false,1,15.90,26.50,false,1,
8000500032237,false,רושר 375 גר`,פרימיום-חברה לדברי מתיקה ולמסח,,,יח`,375,גרם,false,1,45.90,12.24,true,1,
8000500037874,false,רושר בוני 200 גר`,פרימיום-חברה לדברי מתיקה ולמסח,,,יח`,200,גרם,false,1,25.90,12.95,true,1,
8000500071083,false,אצבעות שוקולד קינדר (16 יח`- 200 גרם),פרימיום-חברה לדברי מתיקה ולמסח,,,יח`,200,גרם,false,1,11.90,5.95,false,1,
8000500075708,false,קינדר ג`וי שלשות- כחול,פרימיום-חברה לדברי מתיקה ולמסח,,,יח`,60,גרם,false,1,15.90,26.50,false,1,
8000500094976,false,רושר קונוס 212 גר`,פרימיום-חברה לדברי מתיקה ולמסח,,,יח`,212,גרם,false,1,40.90,19.29,true,1,
8000500121436,false,קינדר בואנו וופל לבן שלישייה(39x3 גרם),פרימיום-חברה לדברי מתיקה ולמסח,,,יח`,117,גרם,false,1,10.90,9.32,true,1,
8000500126325,false,קינדר ג`וי שלשות- ורוד,פרימיום-חברה לדברי מתיקה ולמסח,,,יח`,60,גרם,false,1,15.90,26.50,false,1,
8000500217740,false,קינדר בואנו מיני 86 גר`,פרימיום-חברה לדברי מתיקה ולמסח,,,יח`,1,,false,1,10.90,10.90,false,1,
8000500227848,false,נוטלה 132 גר` B ready,פרימיום-חברה לדברי מתיקה ולמסח,,,יח`,132,גרם,false,1,12.90,9.77,true,1,
8000500256213,false,קינדר שוקולד מיני 120 גר`,פרימיום-חברה לדברי מתיקה ולמסח,,,יח`,120,גרם,false,1,9.90,8.25,false,1,
8000500267103,false,10 עוגות אישית בעטיפה אישית 39 גר` קינדר,פרימיום-חברה לדברי מתיקה ולמסח,,,יח`,390,גרם,false,1,20.90,5.36,true,1,
8000500269169,false,קינדר קארדס 5 יח`128 גר`,פרימיום-חברה לדברי מתיקה ולמסח,,,יח`,128,גרם,false,1,14.90,11.64,false,1,
8000500386941,false,נוטלה ממרח קקאו עם אגוזי לוז 900 גר`,פרימיום-חברה לדברי מתיקה ולמסח,,,יח`,900,גרם,false,1,32.90,3.66,true,1,
8000798000307,false,מברשת מגהץ,מ.א.ייצור ויבוא מטליות בעמ,,,יח`,1,יח`,false,1,6.40,6.40,false,1,
8000798000925,false,מטאטא יהלום גב כסף,מ.א.ייצור ויבוא מטליות בעמ,,,יח`,1,יח`,false,1,22.70,22.70,false,1,
8000798085052,false,מטאטא גולד עם מקל שייני,מ.א.ייצור ויבוא מטליות בעמ,,,יח`,1,,false,1,19.60,19.60,false,1,
8001003100218,false,יוגטה גומי 800 גר`ג`לי,ליימן שליסל בעמ,,,יח`,800,גרם,false,1,21.40,2.68,false,1,
8001090016003,false,טבליות למדיח קלאסי הכל באחד פיירי,דיפלומט מפיצים (1968) בעמ,,,יח`,1,,false,1,44.90,44.90,false,1,
8001090184375,false,פיירי אורגינל 900 מל,דיפלומט מפיצים (1968) בעמ,,,יח`,900,"מ""ל",false,1,12.90,1.43,false,1,
8001090184412,false,פיירי אורגינל לימון 900 מל,דיפלומט מפיצים (1968) בעמ,,,יח`,900,"מ""ל",false,1,12.90,1.43,false,1,
8001090290939,false,אורל בי משחת שיניים לובן בוהק,דיפלומט מפיצים (1968) בעמ,,,יח`,75,גרם,false,1,29.90,39.87,true,1,
8001090336521,false,חיתולי ביביי דריי מידה 5( 30 יח) פמפרס,דיפלומט מפיצים (1968) בעמ,,,יח`,1,,false,1,31.90,31.90,true,1,
8001090375230,false,פנטן מרכך הקסם 200 מל לחות מוגברת,דיפלומט מפיצים (1968) בעמ,,,יח`,200,"מ""ל",false,1,25.40,12.70,false,1,
8001090379337,false,חיתולי פמפרס פרימיום vp מידה 3 40 יח,דיפלומט מפיצים (1968) בעמ,,,יח`,1,,false,1,33.90,33.90,true,1,
8001090379399,false,חיתולי פמפרס פרימיום vp מידה 5 30 יח`,דיפלומט מפיצים (1968) בעמ,,,יח`,1,,false,1,33.90,33.90,true,1,
8001090458353,false,פיירי אנטי בקטריאלי 515 מל,דיפלומט מפיצים (1968) בעמ,,,יח`,515,"מ""ל",false,1,11.90,2.31,false,1,
8001090493637,false,הד שולדרסשמפו לגבראולטרא טוטאל קר 450 מ,דיפלומט מפיצים (1968) בעמ,,,יח`,450,"מ""ל",false,1,21.90,4.87,false,1,
8001090678614,false,שולדרס שמפו סופרים לחות 400 מל,דיפלומט מפיצים (1968) בעמ,,,יח`,400,"מ""ל",false,1,21.90,5.48,false,1,
8001090737809,false,מגן תחתון אולדייז סינגל טנגה 36 יחידות,דיפלומט מפיצים (1968) בעמ,,,יח`,1,,false,1,15.90,15.90,true,1,
8001090740717,false,מגן תחתון אולדייז נורמל אולווייז) (76,דיפלומט מפיצים (1968) בעמ,,,יח`,1,,false,1,24.90,24.90,true,1,
8001090832450,false,שמפו נוסחה קלאסית 660 מל פנטן,דיפלומט מפיצים (1968) בעמ,,,יח`,660,"מ""ל",false,1,20.90,3.17,true,1,
8001090832856,false,קונדישנר מרוקאי משקם 660 מל פנטן,דיפלומט מפיצים (1968) בעמ,,,יח`,660,"מ""ל",false,1,20.90,3.17,true,1,
8001090832894,false,קונדישנר לחות מוגברת 660 מל פנטן,דיפלומט מפיצים (1968) בעמ,,,יח`,660,"מ""ל",false,1,20.90,3.17,true,1,
8001090833136,false,אריאל ג`ל כביסה 2.255 ליטר בייבי,דיפלומט מפיצים (1968) בעמ,,,יח`,2.2550,1 ליטר,false,1,34.60,15.34,false,1,
8001090833167,false,אריאל ג`ל 2.365 ליטר ניחוח הרים,דיפלומט מפיצים (1968) בעמ,,,יח`,2.3650,1 ליטר,false,1,34.60,14.63,false,1,
8001090899194,false,תחבושות אולוויז פלטינום נורמל 24 יח,דיפלומט מפיצים (1968) בעמ,,,יח`,1,,false,1,21.40,21.40,true,1,
8001090899224,false,תחבושות אולוויז פלטינום לונג 20 יח,דיפלומט מפיצים (1968) בעמ,,,יח`,1,,false,1,21.40,21.40,true,1,
8001090899255,false,תחבושות אולוויז פלטינום לילה 16 יח,דיפלומט מפיצים (1968) בעמ,,,יח`,1,,false,1,21.40,21.40,true,1,
8001090899286,false,תחבושות אולוויז פלטינום לילה בטוח 14 יח,דיפלומט מפיצים (1968) בעמ,,,יח`,1,,false,1,21.40,21.40,true,1,
8001090985439,false,פיירי קפסולות למדיח פלטינום 30 יח,דיפלומט מפיצים (1968) בעמ,,,יח`,1,,false,1,40.90,40.90,false,1,
8001160000888,false,גוטרייד ספורט תפוז,טמפו משקאות בעמ,,,יח`,500,"מ""ל",false,1,10.90,2.12,true,1,
8001160001786,false,גטורייד ספורט כחול,טמפו משקאות בעמ,,,יח`,500,"מ""ל",false,1,10.90,2.12,true,1,
8001160001892,false,גוטרייד ספורט תפוז אדום,טמפו משקאות בעמ,,,יח`,500,"מ""ל",false,1,10.90,2.12,true,1,
8001841105093,false,חיתולי פמפרס פרימיום vp מידה 6 ( 26 יח),דיפלומט מפיצים (1968) בעמ,,,יח`,1,,false,1,33.90,33.90,true,1,
8001841216584,false,תחבושות לילה בטוח אולווייז (36),דיפלומט מפיצים (1968) בעמ,,,יח`,1,,false,1,42.90,42.90,false,1,
8001841427126,false,מגן תחתון אולווייז מגה פק פרש נורמל 64 י,דיפלומט מפיצים (1968) בעמ,,,יח`,1,,false,1,24.90,24.90,true,1,
8001841625362,false,פיירי פלטינום לימון 780 מל,דיפלומט מפיצים (1968) בעמ,,,יח`,780,"מ""ל",false,1,12.90,1.65,true,1,
8001841625461,false,נוזל כלים פלטינום אורגינל פיירי (515 מל,דיפלומט מפיצים (1968) בעמ,,,יח`,515,"מ""ל",false,1,11.90,2.31,true,1,
8001841660257,false,מסכה לשיער פנטן מיראקלס במבוק 160 מל,דיפלומט מפיצים (1968) בעמ,,,יח`,160,"מ""ל",false,1,20.90,13.06,false,1,
8001841660530,false,קרם לחות פנטן מיראקלס במבוק 270 מל,דיפלומט מפיצים (1968) בעמ,,,יח`,270,"מ""ל",false,1,20.90,7.74,false,1,
8001841665290,false,שמפו פנטן קלאסי 400 מל יבוא מקביל,איינשטיין-צור יבוא-יצוא וסחר ב,,,יח`,400,"מ""ל",false,1,14.90,3.73,true,1,
8001841669465,false,אריאל טבליות לכביסה 24 יחידות,דיפלומט מפיצים (1968) בעמ,,,יח`,1,,false,1,35.90,35.90,true,1,
8001841716312,false,שולדרס ג`ל רחצה ושמפו ספורט 360 מל,דיפלומט מפיצים (1968) בעמ,,,יח`,360,"מ""ל",false,1,16.90,4.69,true,1,
8001841941929,false,תחבושות אולווייז וליו פק לילה בטוח אקסטר,דיפלומט מפיצים (1968) בעמ,,,יח`,1,,false,1,21.40,21.40,true,1,
8002450006559,false,שרדונה קאזה דה לואיג`י (750 מל),הכרם - משקאות חריפים בעמ,,,יח`,750,"מ""ל",false,1,33.60,4.44,true,1,
8002450204009,false,ורדי אפרסק 750 מל,הכרם - משקאות חריפים בעמ,,,יח`,750,"מ""ל",false,1,27.50,3.63,true,1,
8003340091280,false,לינדט לינדור בונבוניירה 60% מריר 200 גרם,משה סידס ובנו בעמ,,,יח`,200,גרם,false,1,34.60,17.30,true,1,
8004030022010,false,ירקות גינה עם טונה ריו מרה (160 גרם),ש.שסטוביץ בעמ,,,יח`,160,גרם,false,1,19.50,12.19,true,1,
8004030026018,false,ריו מארה אינסלטיסימי מקסיקני עם טונה 160,ש.שסטוביץ בעמ,,,יח`,160,גרם,false,1,19.30,12.06,true,1,
8004030081024,false,ריו מרה טונה בשמן זית שום ופלפל 160 ג,ש.שסטוביץ בעמ,,,יח`,160,גרם,false,1,20.30,12.69,true,1,
8004030102033,false,ריו מארה טונה בשמן זית לימון ופלפל שלייש,ש.שסטוביץ בעמ,,,יח`,240,גרם,false,1,29.90,12.46,false,1,
8004030177000,false,ריו מארה טונה בשמן זית עם צ`לי שלישיות 8,ש.שסטוביץ בעמ,,,יח`,240,גרם,false,1,29.90,12.46,false,1,
8004030344938,false,ריו מארה טונה בשמן זית שלישיות 80 גרם,ש.שסטוביץ בעמ,,,יח`,240,גרם,false,1,29.90,12.46,false,1,
8004030381681,false,ריו מרה טונה בשמן זית 2*160 גר`,ש.שסטוביץ בעמ,,,יח`,320,גרם,false,1,34.90,10.91,false,1,
8004800005502,false,לאגו מיני רול-גלילי וופל במילוי קרם קק,תה ויסוצקי (ישראל) בעמ,,,יח`,125,גרם,false,1,10.90,8.72,true,1,
8004800005519,false,לאגו מיני רול-גלילי וופל במילוי קרם אג,תה ויסוצקי (ישראל) בעמ,,,יח`,125,גרם,false,1,10.90,8.72,true,1,
8005803010357,false,גריסיני קלאסי אמור די פאן (125 גרם),ליימן שליסל בעמ,,,יח`,125,גרם,false,1,9.10,7.28,true,1,
8005803010661,false,גריסיני עם שומשום אמור די פאן (125 גרם),ליימן שליסל בעמ,,,יח`,125,גרם,false,1,9.10,7.28,true,1,
8006540112823,false,לנור מרכך מרוכז בניחוח אוקיינוס 900 מל,דיפלומט מפיצים (1968) בעמ,,,יח`,900,"מ""ל",false,1,15.90,1.77,true,1,
8006540112854,false,לנור מרכך מרוכז בניחוח סחלב 900 מל,דיפלומט מפיצים (1968) בעמ,,,יח`,900,"מ""ל",false,1,15.90,1.77,true,1,
8006540163986,false,אריאל קפסולות לכביסה 35 יח`,דיפלומט מפיצים (1968) בעמ,,,יח`,1,,false,1,40.90,40.90,false,1,
8006540222089,false,מגבונים היגיינים לתינוקות TO GO,דיפלומט מפיצים (1968) בעמ,,,יח`,1,,false,1,7.90,7.90,true,1,
8006540352960,false,טמפונים טמפקס פרל רגולר (20),דיפלומט מפיצים (1968) בעמ,,,יח`,1,,false,1,34,34,false,1,
8006540353004,false,טמפונים פרל סופר טמפקס (18),דיפלומט מפיצים (1968) בעמ,,,יח`,1,,false,1,34,34,false,1,
8006540383018,false,פיירי טבליות פלטינום דיפ קלין 23 יח`,דיפלומט מפיצים (1968) בעמ,,,יח`,1,,false,1,40.90,40.90,true,1,
8006540425930,false,אריאל טבליות לכביסה 24 יחידות,דיפלומט מפיצים (1968) בעמ,,,יח`,1,,false,1,35.90,35.90,true,1,
8006540491539,false,פיירי פלטינום אורגינל 780 מל,דיפלומט מפיצים (1968) בעמ,,,יח`,780,"מ""ל",false,1,12.90,1.65,true,1,
8007178120310,false,חומץ בלסמי גקובזי 500 מל,דיפלומט היינץ,,,יח`,500,"מ""ל",false,1,25.50,5.10,false,1,
8007178223578,false,חומץ בלסמי ג`קובזי 250 מל,דיפלומט היינץ,,,יח`,250,"מ""ל",false,1,16.50,6.60,false,1,
8008245004861,false,ממרח אגוזי לוז עם חלב 300 גר`מובנפיק,א. סיימן סחר בעמ,,,יח`,300,גרם,false,1,15.90,5.30,true,1,
8008660210045,false,מעדן פירות יער מנז אנד גאסר (300 גרם),תה ויסוצקי (ישראל) בעמ,,,יח`,300,גרם,false,1,18.30,6.10,true,1,
8008698008157,false,עוגיות דבל ללא גלוטן 100 גר,ל.י.ב. (לחיות יותר בטבע) בעמ,,,יח`,100,גרם,false,1,11.20,11.20,false,1,
8032793342458,false,עגבניות מרוסקות דק ומסוננות בקבוק 700 גר,גורי מוצרי צריכה (1991) בעמ,,,יח`,700,גרם,false,1,13.90,1.99,true,1,
8032793344520,false,תרכיז עגבניות פומי מרוכז מאוד 200 גרם,גורי מוצרי צריכה (1991) בעמ,,,יח`,200,גרם,false,1,7.90,3.95,true,1,
8033275522368,false,יין אדום 750 מל קיאנטי,היכל היין שקד גולן בעמ,,,יח`,750,"מ""ל",false,1,55.90,7.41,false,1,
8076800195057,false,ברילה 500 גר` ספגטי מס` 5 צ.א,ש.שסטוביץ בעמ,,,יח`,500,גרם,false,1,7.50,1.50,false,1,
8076800195132,false,ברילה 500 גר` בבטה מס` 13 צ.א,ש.שסטוביץ בעמ,,,יח`,500,גרם,false,1,7.50,1.50,false,1,
8076800315097,false,ברילה 500 גר` בוקטיני מס` 9 צ.א,ש.שסטוביץ בעמ,,,יח`,500,גרם,false,1,7.50,1.50,false,1,
8076802085837,false,ברילה 500 גר` טורטליוני מס` 83 צ.ק,ש.שסטוביץ בעמ,,,יח`,500,גרם,false,1,7.50,1.50,false,1,
8076802085981,false,ברילה 500 גר` פוזילי צ.ק,ש.שסטוביץ בעמ,,,יח`,500,גרם,false,1,7.50,1.50,false,1,
8076808060654,false,ברילה 500 גר` פרפלה מס` 65 צ.ק,ש.שסטוביץ בעמ,,,יח`,500,גרם,false,1,7.50,1.50,false,1,
8076808150072,false,ברילה 500 גר` ספגטוני מס` 7 צ.א,ש.שסטוביץ בעמ,,,יח`,500,גרם,false,1,7.50,1.50,false,1,
8076809512268,false,ברילה 500 גר` גירנדולה צ.ק,ש.שסטוביץ בעמ,,,יח`,500,גרם,false,1,7.50,1.50,false,1,
8076809513388,false,רוטב פסטה ארביאטה ברילה (400 גרם),ש.שסטוביץ בעמ,,,יח`,400,גרם,false,1,15.90,3.98,true,1,
8076809513395,false,רוטב לפסטה פומודורו ברילה (400 גרם),ש.שסטוביץ בעמ,,,יח`,400,גרם,false,1,15.90,3.98,true,1,
8076809513654,false,בסיס רוטב בולונז ברילה (400 גרם),ש.שסטוביץ בעמ,,,יח`,400,גרם,false,1,15.90,3.98,true,1,
8076809513692,false,רוטב לפסטה נפולטנה ברילה (400 גרם),ש.שסטוביץ בעמ,,,יח`,400,גרם,false,1,15.90,3.98,true,1,
8076809513739,false,רוטב לפסטה בזיליקום ברילה (400 גרם),ש.שסטוביץ בעמ,,,יח`,400,גרם,false,1,15.90,3.98,true,1,
8076809514774,false,פרפנדלה ברילה (250 גרם),ש.שסטוביץ בעמ,,,יח`,250,גרם,false,1,18.90,7.56,false,1,
8076809523561,false,רוטב לפסטה טוסקנה ברילה (400 גרם),ש.שסטוביץ בעמ,,,יח`,400,גרם,false,1,15.90,3.98,true,1,
8076809523714,false,טליאטלה ברילה (500 גרם),ש.שסטוביץ בעמ,,,יח`,500,גרם,false,1,26.90,5.38,false,1,
8076809523738,false,לזניה ברילה (500 גרם),ש.שסטוביץ בעמ,,,יח`,500,גרם,false,1,24.90,4.98,false,1,
8076809529433,false,פסטה פנה ריגטה חיטה מלאה ברילה (500 גרם),ש.שסטוביץ בעמ,,,יח`,500,גרם,false,1,15.90,3.18,false,1,
8076809545440,false,ספגטי מספר 5 ללא גלוטן ברילה (400 גרם),ש.שסטוביץ בעמ,,,יח`,400,גרם,false,1,15.90,3.98,false,1,
8076809545457,false,פסטה פנה ריגטה ללא גלוטן ברילה (400 גרם),ש.שסטוביץ בעמ,,,יח`,400,גרם,false,1,15.90,3.98,false,1,
8076809547956,false,ברילה 500 גר` קיפרי צ.ק,ש.שסטוביץ בעמ,,,יח`,500,גרם,false,1,7.50,1.50,false,1,
8121300208780,false,טרוביה תחליף סוכר לכל מטרה 360 גר`,גורי ע.ע.ע בעמ,,,יח`,360,גרם,false,1,35.90,9.97,true,1,
8121300209466,false,טרוביה תחליף סוכר חום 320 גר`,גורי ע.ע.ע בעמ,,,יח`,320,גרם,false,1,35.90,11.22,true,1,
8410076600622,false,נייטשר וואלי 210 גר`שבבי שוקולד מריר,ליימן שליסל בעמ,,,יח`,210,גרם,false,1,14.90,7.10,false,1,
8410076610379,false,נייטשר וואלי פרוטאין בוטנים ושבבי שוקולד,ליימן שליסל בעמ,,,יח`,210,גרם,false,1,26.50,12.62,true,1,
8410076610386,false,נייטשר וואלי פרוטאין בוטנים עם ציפוי בטע,ליימן שליסל בעמ,,,יח`,210,גרם,false,1,26.50,12.62,true,1,
8410076610492,false,נייטשר וואלי צ`ואי חטיף חמאת בוטנים,ליימן שליסל בעמ,,,יח`,150,גרם,false,1,14.90,9.93,false,1,
8410076610508,false,נייטשר וואלי צ`ואי סוליט מריר,ליימן שליסל בעמ,,,יח`,150,גרם,false,1,14.90,9.93,false,1,
8410076621009,false,חטיף פייברONE טעם קרמל מלוח,ליימן שליסל בעמ,,,יח`,1,,false,1,15.90,15.90,true,1,
8410076621047,false,חטיף פייברONE בטעם שוקולד,ליימן שליסל בעמ,,,יח`,1,,false,1,15.90,15.90,true,1,
8410644611210,false,קאווה חצי יבשה וידה של סגל (750 מל),טמפו משקאות בעמ,,,יח`,750,"מ""ל",false,1,33.60,4.44,false,1,
8410655001147,false,סאן מיגל בירה 4.5% פחית 500מל,אבאל יזמות בעמ,,,יח`,500,"מ""ל",false,1,9.90,1.92,true,1,
8423207206488,false,מרבה סלים דליס שוקולד חלב,ש.שסטוביץ בעמ,,,יח`,120,גרם,false,1,14.90,12.42,true,1,
8423207206495,false,מרבה סלים דליס שוקולד מריר,ש.שסטוביץ בעמ,,,יח`,120,גרם,false,1,14.90,12.42,true,1,
8423207207362,false,מרבה סלים דליס,ש.שסטוביץ בעמ,,,יח`,120,גרם,false,1,14.90,12.42,true,1,
8423207208680,false,סלים דליס לילדים עם שוקולד חלבי,ש.שסטוביץ בעמ,,,יח`,78,גרם,false,1,14.90,19.10,true,1,
8423207208697,false,סלים דליס לילדים עם שוקולד לבן,ש.שסטוביץ בעמ,,,יח`,78,גרם,false,1,14.90,19.10,true,1,
8423207208703,false,סלים דליס מהדורה מיוחדת עם שוקולד מריר,ש.שסטוביץ בעמ,,,יח`,78,גרם,false,1,14.90,19.10,true,1,
8423207208871,false,פריכיות תירס טבעי- סלים דליס,גורי מוצרי צריכה (1991) בעמ,,,יח`,130,גרם,false,1,10.90,8.38,true,1,
8423207208888,false,פריכיות תירס בטעם עגבניות עשבי תיבול כש,גורי מוצרי צריכה (1991) בעמ,,,יח`,123,גרם,false,1,10.90,8.86,true,1,
8423207208895,false,פריכיות תירס זיתים ועירית כשלפ סלים דלי,גורי מוצרי צריכה (1991) בעמ,,,יח`,123,גרם,false,1,10.90,8.86,true,1,
8423207209885,false,סלים דליס מהדורה מיוחדת עם שוקולד חלב,ש.שסטוביץ בעמ,,,יח`,120,גרם,false,1,14.90,12.42,true,1,
8423207210928,false,סלים דליס טופינג אגוזי לוז,ש.שסטוביץ בעמ,,,יח`,90,גרם,false,1,14.90,16.56,true,1,
8423207210942,false,סלים דליס טופינג פירות יער,ש.שסטוביץ בעמ,,,יח`,90,גרם,false,1,14.90,16.56,true,1,
8424842050016,false,צ`יפס בטעם כמהין 125 גר`,א. סיימן סחר בעמ,,,יח`,125,גרם,false,1,13.90,11.12,true,1,
8424842050030,false,צ`יפס עם מלח הימלאי 125 גר`,א. סיימן סחר בעמ,,,יח`,125,גרם,false,1,13.90,11.12,true,1,
8424842050085,false,צ`יפס בטעם חרדל ודבש 125 גר`,א. סיימן סחר בעמ,,,יח`,125,גרם,false,1,13.90,11.12,true,1,
8424842201340,false,צ`יפס מסורתי פרימיום 130 גר`,א. סיימן סחר בעמ,,,יח`,130,גרם,false,1,13.90,10.69,true,1,
8445290427120,false,פיטנס שוקולד מריר ובננה 330 גר`,קבוצת אסם סחר שות. מוגבלת,,,יח`,330,גרם,false,1,20.30,6.15,true,1,
8593868006014,false,בירה בלו מון 500 מל,הכרם - משקאות חריפים בעמ,,,יח`,500,"מ""ל",false,1,10.90,2.12,false,1,
8595134503302,false,פילטרים לגלגול 6 ממ- ארוך,צפניה ברזילי בעמ,,,יח`,1,,false,1,4,4,false,1,
8595134503487,false,פילטרים לגלגול 5.3 ארוך,צפניה ברזילי בעמ,,,יח`,1,,false,1,4,4,false,1,
8681863065287,false,מלח הימלאיה 350 גר`,ג.וילי-פוד אינטרנשיונל בעמ,,,יח`,350,גרם,false,1,25.90,7.40,false,1,
8686868600068,false,אביזרי שיער סרטים וקשתות,אל האופק שיווק וסחר,,,יח`,1,,false,1,8.90,8.90,false,1,
8686868600075,false,אביזרי שיער סיכות פפיון גדולות,אל האופק שיווק וסחר,,,יח`,1,,false,1,9.90,9.90,false,1,
8686868600105,false,אביזרי שיער,אל האופק שיווק וסחר,,,יח`,1,,false,1,12.90,12.90,false,1,
8686868600150,false,אביזרי שיער,אל האופק שיווק וסחר,,,יח`,1,,false,1,17.90,17.90,false,1,
8686868600174,false,אביזרי שיער,אל האופק שיווק וסחר,,,יח`,1,,false,1,19.90,19.90,false,1,
8690504081913,false,טינס מצופה שוקולד חלב 150 גר`,תה ויסוצקי (ישראל) בעמ,,,יח`,150,גרם,false,1,10.90,7.27,true,1,
8690504081920,false,טינס מצופה שוקולד מריר 150 גר`,תה ויסוצקי (ישראל) בעמ,,,יח`,150,גרם,false,1,10.90,7.27,true,1,
8690504081937,false,טינס שוקולד חלב וקפוצינו 150 גר`,תה ויסוצקי (ישראל) בעמ,,,יח`,150,גרם,false,1,10.90,7.27,true,1,
8690504153740,false,שוקולד מריר עם גאנש מריר 86 גר,תה ויסוצקי (ישראל) בעמ,,,יח`,1,,false,1,14.90,14.90,false,1,
8690526019154,false,וופל קקאו במילוי קרם קקאו 142 גר`,גורי ע.ע.ע בעמ,,,יח`,142,גרם,false,1,8.90,6.27,true,1,
8690531032377,false,פלפלים צהובים חריפים 350 גר`,דין שיווק וקליה 2021 בעמ,,,יח`,350,גרם,false,1,9.10,2.60,false,1,
8690570538809,false,פיניש טבליות למדיח קלאסיק 60 יח`,פארמה דיל (פ.א.ב.) שיווק והפצה,,,יח`,1,,false,1,30.90,30.90,false,1,
8690637073434,false,תה ארל גריי ברגמוט ליפטון) (100,יוניליוור ישראל שיווק בעמ,,,יח`,200,גרם,false,1,21.90,10.95,false,1,
8690637505614,false,בדין אקסטרא בניחוח פינוק קוקוס 960 מל,יוניליוור ישראל שיווק בעמ,,,יח`,960,"מ""ל",false,1,17.30,1.80,true,1,
8690637555084,false,בדין אקסטרא פריחת התפוז 960 מל,יוניליוור ישראל שיווק בעמ,,,יח`,960,"מ""ל",false,1,17.30,1.80,true,1,
8690637835643,false,ליפטון תה ירוק לואיזה ולימונית,יוניליוור ישראל שיווק בעמ,,,יח`,30,גרם,false,1,18.50,61.67,true,1,
8690637842399,false,מאגדת מגנום מיני דאבל פרי יער שוקולד,גלידות שטראוס בעמ,,,יח`,323,גרם,false,1,35.50,10.99,false,1,
8690637858734,false,סיף ג`ל אקונומיקה לימון 750 מל,יוניליוור ישראל שיווק בעמ,,,יח`,750,"מ""ל",false,1,13.20,1.76,true,1,
8690637858741,false,סיף ג`ל אקונומיקה רוח ים 750 מל,יוניליוור ישראל שיווק בעמ,,,יח`,750,"מ""ל",false,1,13.20,1.76,true,1,
8690637866654,false,תה ירוק קלאסי בדצ 50 מעטפות ללא קפאין,יוניליוור ישראל שיווק בעמ,,,יח`,0,גרם,false,1,26.90,26.90,true,1,
8690637866685,false,סיף קרם ניקוי לימון 500 מל,יוניליוור ישראל שיווק בעמ,,,יח`,500,"מ""ל",false,1,12.90,2.58,false,1,
8690637866753,false,בדין אקסטרא לבנדר 960 מל,יוניליוור ישראל שיווק בעמ,,,יח`,960,"מ""ל",false,1,17.30,1.80,true,1,
8690637871047,false,דאב שמפו עם שמן קוקוס 600 מל,יוניליוור ישראל שיווק בעמ,,,יח`,600,"מ""ל",false,1,15.90,2.65,true,1,
8690637871061,false,דאב שמפו עם שמן אבוקדו ותמצית קלנדולה,יוניליוור ישראל שיווק בעמ,,,יח`,600,"מ""ל",false,1,15.90,2.65,true,1,
8690637946301,false,בדין אקסטרא בייבי 960 מל,יוניליוור ישראל שיווק בעמ,,,יח`,960,"מ""ל",false,1,17.30,1.80,true,1,
8690637976995,false,בדין אקסטרא ורוד במיחוח סחלבים פראי( 96,יוניליוור ישראל שיווק בעמ,,,יח`,960,"מ""ל",false,1,17.30,1.80,true,1,
8690637994036,false,בדין אקסטרא יסמין אריזה גדולה 1.44 ליטר,יוניליוור ישראל שיווק בעמ,,,יח`,1440,1 ליטר,false,1,19.90,0.01,true,1,
8690766156367,false,טבלת שוקולד חלב מעולה 90 גר` גודייבה,תה ויסוצקי (ישראל) בעמ,,,יח`,90,גרם,false,1,15.90,17.67,true,1,
8690766156374,false,שוקולד מריר מעולה 72% גודייבה ( 90 גר`),תה ויסוצקי (ישראל) בעמ,,,יח`,90,גרם,false,1,15.90,17.67,true,1,
8690766156381,false,שוקולד מריר מעולה 90% גודייבה(90 גר` ),תה ויסוצקי (ישראל) בעמ,,,יח`,90,גרם,false,1,15.90,17.67,true,1,
8690766156404,false,שוקולד מריר בטעם תפוז אדום 90 גר`,תה ויסוצקי (ישראל) בעמ,,,יח`,90,גרם,false,1,15.90,17.67,true,1,
8690770322598,false,שמרים יבשים לאפיה הנמל (125 גרם),הנמל אריזות ושיווק (1984) בעמ,,,יח`,125,גרם,false,1,5.90,4.72,true,1,
8690777204071,false,פלפל חריף כבוש סרה (640 גרם),ג.וילי-פוד אינטרנשיונל בעמ,,,יח`,640,גרם,false,1,14.20,2.22,true,1,
8690777221405,false,פלפל אדום קלוי על האש 650 גר` ויליפוד,ג.וילי-פוד אינטרנשיונל בעמ,,,יח`,650,גרם,false,1,14.20,2.18,true,1,
8690784614665,false,דאק סבון ניקוי אסלה בניחוח ים,דנשר (1963) בעמ,,,יח`,1,,false,1,11.20,11.20,true,1,
8690784614771,false,דאק סבון ניקוי אסלה בניחוח רענן,דנשר (1963) בעמ,,,יח`,1,,false,1,11.20,11.20,true,1,
8690784616775,false,דאק סבון מוצק בלו 4ב1,דנשר (1963) בעמ,,,יח`,1,,false,1,11.90,11.90,false,1,
8691058141238,false,ערמונים שלמים קלויים וקלופים 100 גר` Ave,אבאל יזמות בעמ,,,יח`,100,גרם,false,1,5.50,5.50,true,1,
8691707036014,false,אוזמו שוקולד בצורת ביצה,מוחמד נעמה (1994) בעמ,,,יח`,1,,false,1,3.90,3.90,true,1,
8691707066035,false,אוזמו בורגר ביסקוויט סנדוויץ ממולא,מוחמד נעמה (1994) בעמ,,,יח`,1,,false,1,2.90,2.90,true,1,
8691707087962,false,אוזמו סוכריה שוקולד על מקל,מוחמד נעמה (1994) בעמ,,,יח`,1,,false,1,2.90,2.90,true,1,
8691707590042,false,אוזמו וופל בצורת טילון ממולא שוקולד (4יח,מוחמד נעמה (1994) בעמ,,,יח`,1,,false,1,6.90,6.90,true,1,
8693495034364,false,פלמוליב סבון מוצק אורכידאה שחורה רביעייה,פארמה דיל (פ.א.ב.) שיווק והפצה,,,יח`,1,,false,1,10.90,10.90,false,1,
8693495053792,false,פלמוליב סבון מוצק זיתים רביעייה-יבוא מקב,פארמה דיל (פ.א.ב.) שיווק והפצה,,,יח`,1,,false,1,10.90,10.90,false,1,
8697530911276,false,קנט קצר,גלוברנדס בעמ - שיווק סיגריות,,,יח`,1,,false,1,40,40,true,1,
8697826469092,false,טורטיה קטנה 540 גר`12יח,דין שיווק וקליה 2021 בעמ,,,יח`,540,גרם,false,1,10.90,2.02,true,1,
8699141054595,false,אוזמו האפי ביסקוויט במילוי,מוחמד נעמה (1994) בעמ,,,יח`,1,,false,1,1.90,1.90,true,1,
8710502064814,false,עוגיות שוקולד צ`יפס רך מרבה (175 גרם),ש.שסטוביץ בעמ,,,יח`,175,גרם,false,1,10.90,6.23,true,1,
8710502100864,false,מרבה פטיסרי עוגיות דאבל שוקולד 200 גר`,ש.שסטוביץ בעמ,,,יח`,200,גרם,false,1,9.90,4.95,false,1,
8710502139017,false,עוגיות טריפל שוקולד צ`יפס מרבה (180 גרם),ש.שסטוביץ בעמ,,,יח`,225,גרם,false,1,10.90,4.84,true,1,
8710502231018,false,עוגיות שוקולד צ`יפס מיני (175 גרם),ש.שסטוביץ בעמ,,,יח`,175,גרם,false,1,10.90,6.23,true,1,
8710502279010,false,עוגיות שוקולד צ`יפס מצופות שוקולד ( 175,ש.שסטוביץ בעמ,,,יח`,175,גרם,false,1,10.90,6.23,true,1,
8710502285509,false,עוגיות שוקולד צ`יפס ולימון במרקם רך (175,ש.שסטוביץ בעמ,,,יח`,175,גרם,false,1,10.90,6.23,true,1,
8710502405204,false,מרבה עוגיותממולאות קרם שוקולד,ש.שסטוביץ בעמ,,,יח`,175,גרם,false,1,10.90,6.23,true,1,
8710502470028,false,עוגיות נוגטלי מרבה (160 גרם),ש.שסטוביץ בעמ,,,יח`,160,גרם,false,1,10.90,6.81,true,1,
8710800027573,false,מיני מנטוס שקית,ליימן שליסל בעמ,,,יח`,178,גרם,false,1,14.90,8.37,true,1,
8710847973970,false,תחליב רחצה אלוורה( 750 מל)דאב,יוניליוור ישראל שיווק בעמ,,,יח`,750,"מ""ל",false,1,18.90,2.52,true,1,
8711000362570,false,קפסולות קפה אספרסו פורזה) (9 52 גר`לור,דיפלומט היינץ,,,יח`,0,גרם,false,1,20.90,20.90,true,1,
8711000362631,false,קפסולות קפה אספרסו אוניקס) (1252 גר`לור,דיפלומט היינץ,,,יח`,0,גרם,false,1,20.90,20.90,true,1,
8711000362679,false,קפסולות קפה אספרסו קולומביה (8)52 גר`לו,דיפלומט היינץ,,,יח`,0,גרם,false,1,20.90,20.90,true,1,
8711000362747,false,קפסולות קפה אספרסו ריסטרטו) (11 52 גר`ל,דיפלומט היינץ,,,יח`,1,,false,1,20.90,20.90,true,1,
8711000371176,false,קפסולות קפה אספרסו קלאסיקו ג`ייקבוס עוצמ,דיפלומט היינץ,,,יח`,1,,false,1,16.90,16.90,true,1,
8711000371183,false,קפסולות קפה אספרסו קלאסיקו אינטנסו עוצמה,דיפלומט היינץ,,,יח`,1,,false,1,16.90,16.90,true,1,
8711000371206,false,קפסולות קפה אספרסו ריסטרטו ג`ייקבוס (עוצ,דיפלומט היינץ,,,יח`,1,,false,1,16.90,16.90,true,1,
8711000371244,false,קפסולות קפה אספרסו לונגו גייקבוס,דיפלומט היינץ,,,יח`,1,,false,1,16.90,16.90,true,1,
8711000397466,false,קפסולות קפה אספרסו נטול קפואין ריסטרטו(,דיפלומט היינץ,,,יח`,1,,false,1,20.90,20.90,true,1,
8711000471296,false,קפסולות קפה אספרסו ריסטרטו) (13 52 גר`ל,דיפלומט היינץ,,,יח`,1,,false,1,20.90,20.90,true,1,
8712000051099,false,בירה היינקן 0.0% 330 מל שישייה,טמפו משקאות בעמ,,,יח`,1.98,1 ליטר,false,1,32.40,15.45,true,1,
8712561594240,false,תחליב רחצה להזנה עמוקה דאב (500 מל),יוניליוור ישראל שיווק בעמ,,,יח`,500,"מ""ל",false,1,14.90,2.98,true,1,
8712561594608,false,תחליב רחצה להזנה עמוקה דאב (750 מל),יוניליוור ישראל שיווק בעמ,,,יח`,750,"מ""ל",false,1,18.90,2.52,true,1,
8712561631570,false,תחליב רחצה חלב קוקוס דאב (750 מל),יוניליוור ישראל שיווק בעמ,,,יח`,750,"מ""ל",false,1,18.90,2.52,true,1,
8714599104316,false,קפה שחור 200 גר`קלוי וטחון טורקי ג`ייקו,דיפלומט היינץ,,,יח`,200,גרם,false,1,15.90,7.95,false,1,
8714599412220,false,ג`ייקובס וולווט קפה נמס מיובש 95 גר,דיפלומט היינץ,,,יח`,95,גרם,false,1,15.90,16.74,false,1,
8714599513781,false,ג`יקובס גולד 200 גר`מיובש בהקפאה,דיפלומט היינץ,,,יח`,200,גרם,false,1,24.90,12.45,false,1,
8714599513835,false,ג`יקובס נטול קופאין 200 גר`מיובש בהקפאה,דיפלומט היינץ,,,יח`,200,גרם,false,1,33.90,16.95,false,1,
8714599513866,false,קפה נמס קרוננג ג`יקובס 200 גר`,דיפלומט היינץ,,,יח`,200,גרם,false,1,24.90,12.45,false,1,
8714789394534,false,משחת שיניים קולגייט הגנה מפני עששת- יבו,איינשטיין-צור יבוא-יצוא וסחר ב,,,יח`,100,גרם,false,1,9.90,9.90,false,1,
8714789582764,false,אג`קס ספריי לניקוי חלונות 750 מל,ש.שסטוביץ בעמ,,,יח`,750,"מ""ל",false,1,10.90,1.45,false,1,
8714789699110,false,פלמוליב סבון מוצק חלב שקדים רביעייה-יבוא,פארמה דיל (פ.א.ב.) שיווק והפצה,,,יח`,1,,false,1,10.90,10.90,false,1,
8714789930848,false,קולגייט משחת אופטיק וייט הלבנה מיידית 75,איינשטיין-צור יבוא-יצוא וסחר ב,,,יח`,75,גרם,false,1,14.90,19.87,false,1,
8715700110141,false,מיונז צנצנת 460 גר`היינץ,דיפלומט היינץ,,,יח`,460,גרם,false,1,12.90,2.80,true,1,
8715700110158,false,מיונז לייט צנצנת 490 גר`היינץ,דיפלומט היינץ,,,יח`,490,גרם,false,1,12.90,2.63,true,1,
8715700117805,false,מתבל עגבניות ללתס ומלח 400 מל היינץ,דיפלומט היינץ,,,יח`,400,גרם,false,1,12.90,3.23,true,1,
8715700120874,false,קטשופ שום 460 גר` היינץ,דיפלומט היינץ,,,יח`,460,גרם,false,1,12.90,2.80,true,1,
8715700419695,false,רוטב ברביקין מתוק 500 גר`היינץ,דיפלומט היינץ,,,יח`,500,גרם,false,1,18.30,3.66,false,1,
8715700419732,false,מתבל עגבניות היינץ (700 גרם),דיפלומט היינץ,,,יח`,700,גרם,false,1,13.20,1.89,true,1,
8715700421322,false,רוטב ברביקין צ`ילי 490 גר`היינץ,דיפלומט היינץ,,,יח`,490,גרם,false,1,18.30,3.73,false,1,
8715700422473,false,ממרח לחיץ היינץ 395 גר ללא חומר משמר,דיפלומט היינץ,,,יח`,395,גרם,false,1,17.30,4.38,false,1,
8715700423906,false,היינץ מתבל עגבניות 555 גר,דיפלומט היינץ,,,יח`,555,גרם,false,1,13.20,2.38,true,1,
8717644390566,false,דאב סבון מוצק רביעייה- מלפפונים ותה ירו,יוניליוור ישראל שיווק בעמ,,,יח`,400,גרם,false,1,13.20,3.30,true,1,
8717677336654,false,שוקולד חלב טוניס עם שברי קרמל 180 גר`,ליימן שליסל בעמ,,,יח`,180,גרם,false,1,20.90,11.61,false,1,
8718951079205,false,קולגייט סנסיטיב פרו רליף רפיר אנד פריוונ,ש.שסטוביץ בעמ,,,יח`,75,"מ""ל",false,1,21.40,28.53,true,1,
8718951159808,false,קולגייט מברשת 360 שלישייה,ש.שסטוביץ בעמ,,,יח`,1,,false,1,24.90,24.90,false,1,
8718951175280,false,קולגייט משחת שיניים,ש.שסטוביץ בעמ,,,יח`,75,"מ""ל",false,1,21.90,29.20,true,1,
8718951236783,false,קולגייט משחת שיניים טוטל פרש סטריפ 100 מ,איינשטיין-צור יבוא-יצוא וסחר ב,,,יח`,100,"מ""ל",false,1,13.90,13.90,false,1,
8718951236790,false,קולגייט טוטאל משחת שיניים קלין מינט לפה,ש.שסטוביץ בעמ,,,יח`,100,"מ""ל",false,1,17.90,17.90,true,1,
8718951236806,false,קולגייט טוטאל משחת שיניים המסייעת בהסרת,ש.שסטוביץ בעמ,,,יח`,100,"מ""ל",false,1,17.90,17.90,true,1,
8718951236813,false,קולגייט טוטאל משחת שיניים ניקוי מתקדם לפ,ש.שסטוביץ בעמ,,,יח`,100,"מ""ל",false,1,17.90,17.90,true,1,
8718951312722,false,קולגייט מקס פרש ווייט קריסטל,איינשטיין-צור יבוא-יצוא וסחר ב,,,יח`,100,"מ""ל",false,1,14.90,14.90,false,1,
8718951320093,false,קולגייט מברשות 360 אדוונס וויט 2יח,ש.שסטוביץ בעמ,,,יח`,1,,false,1,25.90,25.90,false,1,
8718951382787,false,קולגיט אופטיק וויט חימר ומינרלים 75 מל,ש.שסטוביץ בעמ,,,יח`,75,"מ""ל",false,1,30.90,41.20,true,1,
8718951446588,false,פלמוליב מומנטס סחלב ופטל 500 מל,ש.שסטוביץ בעמ,,,יח`,500,"מ""ל",false,1,16.90,3.38,false,1,
8719200998001,false,בלו בנד בלי מלח 250 גר`,דיפלומט היינץ,,,יח`,200,גרם,false,1,4.60,2.30,false,1,
8719200998018,false,מרגרינה מחמאה בטעם חמאה 200 גר`בלובנד,דיפלומט היינץ,,,יח`,200,גרם,false,1,4.90,2.45,false,1,
8719200998094,false,מזולה אפייה ללא מלח 200 גר,דיפלומט היינץ,,,יח`,200,גרם,false,1,7.10,3.55,false,1,
8720181046605,false,דאודורנט ספריי אורגינל (150 מל)דאב,יוניליוור ישראל שיווק בעמ,,,יח`,150,"מ""ל",false,1,16.50,11,false,1,
8720181114458,false,אקס דאו ספריי לאישה 150 מל(יבוא מקביל,איינשטיין-צור יבוא-יצוא וסחר ב,,,יח`,150,"מ""ל",false,1,10.90,7.27,true,1,
8720181114465,false,אקס דאו ספריי לגבר 150 מל(יבוא מקביל),איינשטיין-צור יבוא-יצוא וסחר ב,,,יח`,150,"מ""ל",false,1,10.90,7.27,true,1,
8720181114472,false,אקס דאו ספריי לגבר אפולו 150 מל(יבוא,איינשטיין-צור יבוא-יצוא וסחר ב,,,יח`,150,"מ""ל",false,1,10.90,7.27,true,1,
8720181114489,false,אקס דאו ספרי י black 150 מל לגבר(יבו,איינשטיין-צור יבוא-יצוא וסחר ב,,,יח`,150,"מ""ל",false,1,10.90,7.27,true,1,
8720181114496,false,אקס דאו ספריי לגבר DARK TEMPTATION 150 מ,איינשטיין-צור יבוא-יצוא וסחר ב,,,יח`,150,"מ""ל",false,1,10.90,7.27,true,1,
8720181114519,false,אקס גולד דאו ספריי לגבר 150 מל(יבוא מ,איינשטיין-צור יבוא-יצוא וסחר ב,,,יח`,150,"מ""ל",false,1,10.90,7.27,true,1,
8723400793922,false,מנטוס רביעייה דובדבן,ליימן שליסל בעמ,,,יח`,150,גרם,false,1,14.90,9.93,true,1,
8801055707966,false,קפה טייסטרס צ`ויס בריסטה נסקפה (180 גרם),קבוצת אסם סחר שות. מוגבלת,,,יח`,180,גרם,false,1,32.90,18.28,false,1,
8801055709458,false,נס קפה קפוצ`ינו קרמל 170 גר`,קבוצת אסם סחר שות. מוגבלת,,,יח`,170,גרם,false,1,19.90,11.71,false,1,
8801055709465,false,נס קפה קפוצ`ינו וניל 185 גר`,קבוצת אסם סחר שות. מוגבלת,,,יח`,185,גרם,false,1,19.90,10.76,false,1,
8801055709472,false,נס קפה קפוצ`ינו קלאסיק 125 גר`,קבוצת אסם סחר שות. מוגבלת,,,יח`,125,גרם,false,1,19.90,15.92,false,1,
8801055709526,false,נס קפה קפוצ`ינו שוקולד לבן 180 גר`,קבוצת אסם סחר שות. מוגבלת,,,יח`,180,גרם,false,1,19.90,11.06,false,1,
8832774554005,false,תנור קוורץ BT-55400,קונסיגנציה-ד.ש.ש. אלקטרוניקה ב,,,יח`,1,,false,1,39,39,false,1,
8850025000026,false,משקה מי קוקוס 1 ליטר,טחנת האבן קואופ בעמ,,,יח`,1000,"מ""ל",false,1,22.90,2.29,true,1,
8850389103111,false,סאפה 300 מל אלוורה ענבים,טמפו משקאות בעמ,,,יח`,300,"מ""ל",false,1,8.90,2.87,true,1,
8850389103128,false,סאפה 300 מל אלוורה תפוח,טמפו משקאות בעמ,,,יח`,300,"מ""ל",false,1,8.90,2.87,true,1,
8850389105825,false,משקה אלוורה ענבים סאפה (1 ליטר),טמפו משקאות בעמ,,,יח`,1,1 ליטר,false,1,14.90,14.90,false,1,
8850389105832,false,משקה אלוורה תפוחים סאפה (1 ליטר),טמפו משקאות בעמ,,,יח`,1,1 ליטר,false,1,14.90,14.90,false,1,
8850389115336,false,משקה אלוורה מלון סאפה (1 ליטר),טמפו משקאות בעמ,,,יח`,1,1 ליטר,false,1,14.90,14.90,false,1,
8850632604259,false,יוגטה חמצוצים מקלות 50 גר`,ליימן שליסל בעמ,,,יח`,50,גרם,false,1,4,8,false,1,
8850632604372,false,חמצוצים שטיח בטעם תות שדה יוגטה (50 גרם),ליימן שליסל בעמ,,,יח`,50,גרם,false,1,4,8,false,1,
8850632604402,false,יוגטה חמצוצים שטיח 50 גר`,ליימן שליסל בעמ,,,יח`,50,גרם,false,1,4,8,false,1,
8851613101378,false,חלב קוקוס 250 מל Aroy D,גורי מוצרי צריכה (1991) בעמ,,,יח`,250,"מ""ל",false,1,10.90,4.36,false,1,
8851613101385,false,משקה קוקוס גורי צריכה (500 מל),גורי מוצרי צריכה (1991) בעמ,,,יח`,500,"מ""ל",false,1,13.90,2.78,false,1,
8851613101392,false,נוזל אגוז קוקוס 1 ליטר,גורי מוצרי צריכה (1991) בעמ,,,יח`,1,1 ליטר,false,1,25.90,25.90,false,1,
8852633119039,false,רוטב דגים 300 מל- כשר,טחנת האבן קואופ בעמ,,,יח`,300,"מ""ל",false,1,11.90,3.97,false,1,
8888021200256,false,סוללות אנרג ייזר-שמיניה,דנשר (1963) בעמ,,,יח`,1,,false,1,26.90,26.90,false,1,
8888021200720,false,סוללות אנרג ייזר-שמיניה,דנשר (1963) בעמ,,,יח`,1,,false,1,26.90,26.90,false,1,
8901314118240,false,מברשת שיניים קולגייט 360,פארמה דיל (פ.א.ב.) שיווק והפצה,,,יח`,1,,false,1,10.90,10.90,false,1,
8901537024014,false,אורז בסמטי דאווט וילי פוד (1 קג),ג.וילי-פוד אינטרנשיונל בעמ,,,יח`,1,"ק""ג",false,1,11.90,11.90,false,1,
8959286455405,false,תנור קוורץ BT-55405,קונסיגנציה-ד.ש.ש. אלקטרוניקה ב,,,יח`,1,,false,1,69,69,false,1,
9000101372878,false,דיסקס לכביסה לבנה וצבעונית 22 יח פרסיל,גורי שיווק בעמ,,,יח`,1,,false,1,34.90,34.90,false,1,
9002975393836,false,הריבו האפי קולה 70 גר`,משה סידס ובנו בעמ,,,יח`,70,גרם,false,1,7.90,11.29,true,1,
9002975393843,false,הריבו גולדברס 70 גר`,משה סידס ובנו בעמ,,,יח`,70,גרם,false,1,7.90,11.29,true,1,
9002975393850,false,הריבו וורמס 70 גר`,משה סידס ובנו בעמ,,,יח`,70,גרם,false,1,7.90,11.29,true,1,
9044400851672,false,סוכריות פז פו הדוב +3 מילויים,ר.ב מוצרי דגנים בעמ,,,יח`,25.50,גרם,false,1,13.20,51.76,false,1,
9120025834723,false,חטיף אוראו מצונן 120 גר`,ג.וילי-פוד אינטרנשיונל **גבינו,,,יח`,120,גרם,false,1,15.90,13.25,true,1,
9310072028743,false,חטיף שוקולד אורגינל טים טם (200 גרם),משה סידס ובנו בעמ,,,יח`,200,גרם,false,1,22.40,11.20,true,1,
9310072028750,false,חטיף שוקולד דאבל קרם טים טם (200 גרם),משה סידס ובנו בעמ,,,יח`,200,גרם,false,1,22.40,11.20,true,1,
9310088007015,false,תחבושת דיפנד אוברנייט OVERNIGHT,קימברלי קלארק ישראל שיווק בעמ,,,יח`,1,,false,1,20.90,20.90,true,1,
9322969000015,false,פריכיות תירס 150 גר`,דנשר (1963) בעמ,,,יח`,150,גרם,false,1,15.50,10.33,false,1,
9322969000039,false,פריכיות תירס עם ארבע דגנים מלאים 150 גר`,דנשר (1963) בעמ,,,יח`,150,גרם,false,1,15.50,10.33,false,1,
9421018071508,false,יין לבן 750 מל מד האוס,היכל היין שקד גולן בעמ,,,יח`,750,"מ""ל",false,1,60.90,8.08,false,1,
9720188050109,false,גבינת טופו בטעמים צוריאל,החב` המרכזית - טרה,,,יח`,227,גרם,false,1,21.90,9.65,false,1,
9720188060108,false,שמנת טופו צוריאל,החב` המרכזית - טרה,,,יח`,340,גרם,false,1,21.90,6.44,false,1,
