code,internal_code,name,manufacturer_name,manufacture_country,manufacturer_item_description,unit_qty,quantity,unit_of_measure,weighted,qty_in_package,price,unit_of_measure_price,allow_discount,status,item_id
96,true,משלוח אינטרנטי.,,,משלוח אינטרנטי.,יחידה,0.00,יחידה,false,,29.00,0.0000,true,1,34417
163,true,פטריות שמפיניון תפזו,,,פטריות שמפיניון תפזו,קילוגרמים,1.00,"ק""ג",true,,39.90,39.9000,true,1,50762
164,true,פטריות חורש תפזורת,,,פטריות חורש תפזורת,קילוגרמים,1.00,"ק""ג",true,,39.90,39.9000,true,1,50763
374,true,פטריות שמפניון,,,פטריות שמפניון,יח',1.00,יח',false,,8.90,8.9000,true,1,50765
1009,true,בגט שלם,,,בגט שלם,יח',1.00,יח',false,,4.90,4.9000,true,1,2426
1043,true,כרוב לבן כשר,,,כרוב לבן כשר,קילוגרמים,1.00,"ק""ג",true,,14.90,14.9000,true,1,47730
1058,true,חלה רגילה/חלה ציפורי,,,חלה רגילה/חלה ציפורי,גרמים,500.00,100 גרם,false,,5.17,1.0340,true,1,4440
1073,true,סופגניה גדולה בודדת,,,סופגניה גדולה בודדת,יחידה,0.00,יחידה,false,,3.90,0.0000,true,1,2435
1074,true,כרוב אדום כשר,,,כרוב אדום כשר,קילוגרמים,1.00,"ק""ג",true,,14.90,14.9000,true,1,47731
1079,true,מיני סופגניה בודדת,,,מיני סופגניה בודדת,יחידה,0.00,יחידה,false,,3.30,0.0000,true,1,2438
1091,true,צנונית בייבי,,,צנונית בייבי,גרמים,400.00,100 גרם,false,,5.90,1.4750,true,1,35543
1095,true,בייבי בטטה,,,בייבי בטטה,יח',1.00,יח',false,,6.90,6.9000,true,1,50768
1488,true,אשכולית אדומה,,,אשכולית אדומה,קילוגרמים,1.00,"ק""ג",true,,6.90,6.9000,true,1,50781
1494,true,תפו`א לבן תפזורת,,,תפו`א לבן תפזורת,קילוגרמים,1.00,"ק""ג",true,,4.90,4.9000,true,1,50786
1495,true,תפו`א  אדום תפזורת,,,תפו`א  אדום תפזורת,קילוגרמים,1.00,"ק""ג",true,,4.90,4.9000,true,1,50787
1499,true,עגבניות תמר,,,עגבניות תמר,קילוגרמים,1.00,"ק""ג",true,,6.90,6.9000,true,1,50789
1500,true,פלפל כתום,,,פלפל כתום,קילוגרמים,1.00,"ק""ג",true,,8.90,8.9000,true,1,50790
1501,true,עגבניות,,,עגבניות,קילוגרמים,1.00,"ק""ג",true,,6.90,6.9000,true,1,50791
1502,true,מלפפונים,,,מלפפונים,קילוגרמים,1.00,"ק""ג",true,,5.90,5.9000,true,1,50792
1503,true,גזר ארוז,,,גזר ארוז,קילוגרמים,1.00,"ק""ג",true,,3.90,3.9000,true,1,50793
1504,true,סלק,,,סלק,קילוגרמים,1.00,"ק""ג",true,,3.90,3.9000,true,1,50794
1505,true,כרוב לבן,,,כרוב לבן,קילוגרמים,1.00,"ק""ג",true,,3.90,3.9000,true,1,50795
1506,true,כרוב אדום,,,כרוב אדום,קילוגרמים,1.00,"ק""ג",true,,5.90,5.9000,true,1,50796
1507,true,כרובית,,,כרובית,קילוגרמים,1.00,"ק""ג",true,,8.90,8.9000,true,1,50797
1510,true,קישואים,,,קישואים,קילוגרמים,1.00,"ק""ג",true,,7.90,7.9000,true,1,50798
1511,true,חצילים,,,חצילים,קילוגרמים,1.00,"ק""ג",true,,6.90,6.9000,true,1,50799
1513,true,פלפל ירוק,,,פלפל ירוק,קילוגרמים,1.00,"ק""ג",true,,8.90,8.9000,true,1,50800
1515,true,פלפל חריף,,,פלפל חריף,קילוגרמים,1.00,"ק""ג",true,,8.90,8.9000,true,1,50802
1516,true,פלפל אדום,,,פלפל אדום,קילוגרמים,1.00,"ק""ג",true,,9.90,9.9000,true,1,50803
1518,true,מלון,,,מלון,קילוגרמים,1.00,"ק""ג",true,,6.90,6.9000,true,1,50805
1519,true,בצל יבש,,,בצל יבש,קילוגרמים,1.00,"ק""ג",true,,4.90,4.9000,true,1,50806
1521,true,קולורבי,,,קולורבי,קילוגרמים,1.00,"ק""ג",true,,7.90,7.9000,true,1,50807
1522,true,חסה ערבית,,,חסה ערבית,יח',1.00,יח',false,,4.90,4.9000,true,1,50808
1527,true,פטרוזיליה גומי,,,פטרוזיליה גומי,יח',1.00,יח',false,,3.50,3.5000,true,1,35544
1528,true,כוסברה גומי,,,כוסברה גומי,יח',1.00,יח',false,,3.50,3.5000,true,1,35545
1529,true,שמיר גומי,,,שמיר גומי,יח',1.00,יח',false,,3.50,3.5000,true,1,35546
1530,true,נענע גומי,,,נענע גומי,יח',1.00,יח',false,,3.50,3.5000,true,1,35547
1535,true,תפו`א אדום ארוז,,,תפו`א אדום ארוז,קילוגרמים,1.00,"ק""ג",true,,4.90,4.9000,true,1,50814
1542,true,ערמונים,,,ערמונים,קילוגרמים,1.00,"ק""ג",true,,16.90,16.9000,true,1,50819
1545,true,שום ארוז ייבוא יח',,,שום ארוז ייבוא יח',יח',1.00,יח',false,,4.90,4.9000,true,1,50822
1547,true,שומר,,,שומר,קילוגרמים,1.00,"ק""ג",true,,5.90,5.9000,true,1,50824
1550,true,תפו`א לבן ארוז,,,תפו`א לבן ארוז,קילוגרמים,1.00,"ק""ג",true,,3.90,3.9000,true,1,50825
1551,true,לימון,,,לימון,קילוגרמים,1.00,"ק""ג",true,,6.90,6.9000,true,1,50826
1552,true,תפוז,,,תפוז,קילוגרמים,1.00,"ק""ג",true,,5.90,5.9000,true,1,50827
1553,true,ענב לבן,,,ענב לבן,קילוגרמים,1.00,"ק""ג",true,,29.90,29.9000,true,1,50828
1555,true,תפוז ארוז,,,תפוז ארוז,קילוגרמים,1.00,"ק""ג",true,,4.90,4.9000,true,1,50830
1556,true,בננה מובחרת,,,בננה מובחרת,קילוגרמים,1.00,"ק""ג",true,,6.90,6.9000,true,1,50831
1557,true,צנון,,,צנון,קילוגרמים,1.00,"ק""ג",true,,6.90,6.9000,true,1,50832
1558,true,אשכולית צהובה,,,אשכולית צהובה,קילוגרמים,1.00,"ק""ג",true,,6.90,6.9000,true,1,50833
1560,true,דלעת ארוזה,,,דלעת ארוזה,קילוגרמים,1.00,"ק""ג",true,,9.90,9.9000,true,1,50835
1561,true,תפוח עץ זהוב,,,תפוח עץ זהוב,קילוגרמים,1.00,"ק""ג",true,,9.90,9.9000,true,1,50836
1563,true,תפוח עץ חרמון,,,תפוח עץ חרמון,קילוגרמים,1.00,"ק""ג",true,,9.90,9.9000,true,1,50838
1564,true,תפוח עץ סמיט,,,תפוח עץ סמיט,קילוגרמים,1.00,"ק""ג",true,,9.90,9.9000,true,1,50839
1568,true,רימון,,,רימון,קילוגרמים,1.00,"ק""ג",true,,8.90,8.9000,true,1,50842
1570,true,קלמנטינה,,,קלמנטינה,קילוגרמים,1.00,"ק""ג",true,,5.90,5.9000,true,1,50843
1571,true,פלפל שושקה,,,פלפל שושקה,קילוגרמים,1.00,"ק""ג",true,,13.90,13.9000,true,1,50844
1572,true,אבוקדו מובחר,,,אבוקדו מובחר,קילוגרמים,1.00,"ק""ג",true,,9.90,9.9000,true,1,50845
1573,true,מנגו,,,מנגו,קילוגרמים,1.00,"ק""ג",true,,12.90,12.9000,true,1,50846
1574,true,בטטה מתוקה,,,בטטה מתוקה,קילוגרמים,1.00,"ק""ג",true,,8.90,8.9000,true,1,50847
1576,true,אגס,,,אגס,קילוגרמים,1.00,"ק""ג",true,,11.90,11.9000,true,1,50848
1581,true,פלפל צהוב,,,פלפל צהוב,קילוגרמים,1.00,"ק""ג",true,,8.90,8.9000,true,1,50850
1588,true,תירס ארוז,,,תירס ארוז,קילוגרמים,1.00,"ק""ג",true,,9.90,9.9000,true,1,50854
1590,true,פומלה,,,פומלה,קילוגרמים,1.00,"ק""ג",true,,7.90,7.9000,true,1,50855
1591,true,ענב אדום,,,ענב אדום,קילוגרמים,1.00,"ק""ג",true,,21.90,21.9000,true,1,50856
1595,true,חציל בלדי,,,חציל בלדי,קילוגרמים,1.00,"ק""ג",true,,9.90,9.9000,true,1,50859
1601,true,סלרי חתוך ליח,,,סלרי חתוך ליח,יח',1.00,יח',false,,6.90,6.9000,true,1,47732
1604,true,אפרסמון,,,אפרסמון,קילוגרמים,1.00,"ק""ג",true,,9.90,9.9000,true,1,50862
1607,true,תפו`א קטן אפיה ארוז,,,תפו`א קטן אפיה ארוז,קילוגרמים,1.00,"ק""ג",true,,3.90,3.9000,true,1,50865
1610,true,שרי אשכולות לקג,,,שרי אשכולות לקג,קילוגרמים,1.00,"ק""ג",true,,18.90,18.9000,true,1,50867
1613,true,דלורית,,,דלורית,קילוגרמים,1.00,"ק""ג",true,,5.90,5.9000,true,1,50869
1615,true,בצל אדום,,,בצל אדום,קילוגרמים,1.00,"ק""ג",true,,6.90,6.9000,true,1,50871
1616,true,כוסברה כשר,,,כוסברה כשר,יח',1.00,יח',false,,5.90,5.9000,true,1,47733
1617,true,אננס,,,אננס,יח',1.00,יח',false,,36.90,36.9000,true,1,50872
1618,true,אפרסמון קרמבו,,,אפרסמון קרמבו,קילוגרמים,1.00,"ק""ג",true,,15.90,15.9000,true,1,50873
1619,true,פומלית,,,פומלית,קילוגרמים,1.00,"ק""ג",true,,5.90,5.9000,true,1,50874
1620,true,קיווי,,,קיווי,קילוגרמים,1.00,"ק""ג",true,,15.90,15.9000,true,1,50875
1632,true,קישוא זוקיני ירוק,,,קישוא זוקיני ירוק,קילוגרמים,1.00,"ק""ג",true,,11.90,11.9000,true,1,50877
1636,true,פיטאיה,,,פיטאיה,גרמים,700.00,100 גרם,false,,17.90,2.5571,true,1,50880
1645,true,תפוח עץ גלה,,,תפוח עץ גלה,קילוגרמים,1.00,"ק""ג",true,,9.90,9.9000,true,1,50883
1670,true,"בטטה קסביה (תפו""א יר",,,"בטטה קסביה (תפו""א יר",קילוגרמים,1.00,"ק""ג",true,,15.90,15.9000,true,1,50891
1683,true,תפוח עץ פינק קריפס,,,תפוח עץ פינק קריפס,קילוגרמים,1.00,"ק""ג",true,,11.90,11.9000,true,1,50895
1708,true,גזר תפזורת,,,גזר תפזורת,קילוגרמים,1.00,"ק""ג",true,,4.90,4.9000,true,1,50906
1841,true,תפוח פינק קריפס  מאר,,,תפוח פינק קריפס  מאר,גרמים,600.00,100 גרם,false,,16.90,2.8167,true,1,50925
2029,true,איסוף עצמי-הזמנות אי,,,איסוף עצמי-הזמנות אי,יחידה,0.00,יחידה,false,,15.00,0.0000,true,1,30898
3500,true,עוף טרי שלם,,,עוף טרי שלם,קילוגרמים,1.00,"ק""ג",true,,18.90,18.9000,true,1,26501
3501,true,כרעיים עוף טרי,,,כרעיים עוף טרי,קילוגרמים,1.00,"ק""ג",true,,26.90,26.9000,true,1,26502
3502,true,חזה עוף טרי,,,חזה עוף טרי,קילוגרמים,1.00,"ק""ג",true,,31.90,31.9000,true,1,26503
3506,true,גרון הודו זכר טרי,,,גרון הודו זכר טרי,קילוגרמים,1.00,"ק""ג",true,,29.90,29.9000,true,1,26505
3507,true,שניצל עוף פרוס טרי,,,שניצל עוף פרוס טרי,קילוגרמים,1.00,"ק""ג",true,,34.90,34.9000,true,1,26506
3511,true,חזה הודו טרי,,,חזה הודו טרי,קילוגרמים,1.00,"ק""ג",true,,33.90,33.9000,true,1,26508
3517,true,שוקיים פטם טרי,,,שוקיים פטם טרי,קילוגרמים,1.00,"ק""ג",true,,28.90,28.9000,true,1,26513
3520,true,ירכיים עוף טרי,,,ירכיים עוף טרי,קילוגרמים,1.00,"ק""ג",true,,26.90,26.9000,true,1,26514
3534,true,סטייק פרגית טרי,,,סטייק פרגית טרי,קילוגרמים,1.00,"ק""ג",true,,49.90,49.9000,true,1,26521
4650,true,5 יח' לחמניות שמיניה,,,5 יח' לחמניות שמיניה,יח',1.00,יח',false,,15.90,15.9000,true,1,52811
6013,true,"תרומה פתחון לב 10 ש""",,,"תרומה פתחון לב 10 ש""",יחידה,0.00,יחידה,false,,10.00,0.0000,true,1,206227
5678585,true,ענב סקרלוטה,,,ענב סקרלוטה,קילוגרמים,1.00,"ק""ג",true,,21.90,21.9000,true,1,50971
32147230,false,מיץ לימון סיצילייה 2,,,מיץ לימון סיצילייה 2,מיליליטרים,200.00,"100 מ""ל",false,,6.90,3.4500,true,1,5443
40052403,false,קיט קט אצבעות 40 גרם,,,קיט קט אצבעות 40 גרם,גרמים,40.00,100 גרם,false,,3.90,9.7500,true,1,41935
72940754,false,"מילקי וניל 170 מ""ל",,,"מילקי וניל 170 מ""ל",מיליליטרים,170.00,"100 מ""ל",false,,2.90,1.7059,true,1,23207
72940761,false,מילקי שוקולד מהדרין,,,מילקי שוקולד מהדרין,מיליליטרים,170.00,"100 מ""ל",false,,2.90,1.7059,true,1,23208
72940952,false,מילקי אקסטראה קצפת מ,,,מילקי אקסטראה קצפת מ,מיליליטרים,110.00,"100 מ""ל",false,,3.80,3.4545,true,1,23209
72941041,false,מיני מילקי שוקולד 70,,,מיני מילקי שוקולד 70,מיליליטרים,70.00,"100 מ""ל",false,,2.50,3.5714,true,1,23212
72961209,false,"שמנת חמוצהבד""צ תנובה",,,"שמנת חמוצהבד""צ תנובה",מיליליטרים,200.00,"100 מ""ל",false,,2.40,1.2000,true,1,25687
72961506,false,פרילי תות 1.5% 125מל,,,פרילי תות 1.5% 125מל,מיליליטרים,125.00,"100 מ""ל",false,,3.50,2.8000,true,1,25690
72961544,false,באדי תות 125מל,,,באדי תות 125מל,מיליליטרים,125.00,"100 מ""ל",false,,2.90,2.3200,true,1,25693
80136194,false,הפי היפו 5*20ג,,,הפי היפו 5*20ג,גרמים,102.00,100 גרם,false,,12.90,12.6471,true,1,41455
80177173,false,ממרח נוטלה קקאו עם א,,,ממרח נוטלה קקאו עם א,גרמים,350.00,100 גרם,false,,14.90,4.2571,true,1,41458
80177616,false,אצבעות שוקולד קינדר,,,אצבעות שוקולד קינדר,גרמים,100.00,100 גרם,false,,7.90,7.9000,true,1,41461
80761761,false,קינדר בואנו לבן 39ג,,,קינדר בואנו לבן 39ג,גרמים,43.00,100 גרם,false,,3.90,9.0698,true,1,41463
80773443,false,מסטיק מנטוס בקבוק בט,,,מסטיק מנטוס בקבוק בט,גרמים,60.00,100 גרם,false,,10.90,18.1667,true,1,12550
80790990,false,מסטיק מנטוס בקבוק בט,,,מסטיק מנטוס בקבוק בט,גרמים,60.00,100 גרם,false,,10.90,18.1667,true,1,12554
80804697,false,מסטיק מנטוס וויט מנט,,,מסטיק מנטוס וויט מנט,גרמים,105.00,100 גרם,false,,16.30,15.5238,true,1,12560
80862130,false,מסטיק מנטוס פיור פרש,,,מסטיק מנטוס פיור פרש,גרמים,28.00,100 גרם,false,,4.50,16.0714,true,1,103424
80874652,false,קינדר קארדס חטיף בוד,,,קינדר קארדס חטיף בוד,גרמים,25.60,100 גרם,false,,3.90,15.2344,true,1,36260
80896081,false,מסטיק מנטוס בקבוק בט,,,מסטיק מנטוס בקבוק בט,גרמים,60.00,100 גרם,false,,10.90,18.1667,true,1,12573
80954521,false,מסטיק מנטוס פיור פרש,,,מסטיק מנטוס פיור פרש,גרמים,28.00,100 גרם,false,,4.50,16.0714,true,1,103425
80977070,false,מסטיק מנטוס פיור פרש,,,מסטיק מנטוס פיור פרש,גרמים,28.00,100 גרם,false,,4.50,16.0714,true,1,103426
80995128,false,מסטיק מנטוס ויטמין ל,,,מסטיק מנטוס ויטמין ל,גרמים,60.00,100 גרם,false,,10.90,18.1667,true,1,272276
87108538,false,מנטוס תות בגליל 37.5,,,מנטוס תות בגליל 37.5,גרמים,37.50,100 גרם,false,,2.90,7.7333,true,1,12588
87311396,false,מנטוס סוכריות גליל,,,מנטוס סוכריות גליל,גרמים,37.00,100 גרם,false,,2.90,7.8378,true,1,12594
88888000,true,Temp SuperDept,,,Temp SuperDept,,0.00,,false,,0.00,0.0000,true,1,52095
88888010,true,קפה ושוקו,,,קפה ושוקו,,0.00,,false,,0.00,0.0000,true,1,52185
88888066,true,מעדניית נקניקים,,,מעדניית נקניקים,,0.00,,false,,0.00,0.0000,true,1,52186
88888092,true,"תרומות -ללא מע""מ",,,"תרומות -ללא מע""מ",,0.00,,false,,0.00,0.0000,true,1,213695
88888099,true,פריטים לא קיימים,,,פריטים לא קיימים,,0.00,,false,,0.00,0.0000,true,1,52187
88888100,true,מנה ביגוד -יבוא לבית,,,מנה ביגוד -יבוא לבית,,0.00,,false,,0.00,0.0000,true,1,52170
88888101,true,קפה ושוקו,,,קפה ושוקו,,0.00,,false,,0.00,0.0000,true,1,52105
88888110,true,לקת שירות -יבוא לבית,,,לקת שירות -יבוא לבית,,0.00,,false,,0.00,0.0000,true,1,52171
88888111,true,יסוד,,,יסוד,,0.00,,false,,0.00,0.0000,true,1,52096
88888120,true,תרכיזים/סירופים,,,תרכיזים/סירופים,,0.00,,false,,0.00,0.0000,true,1,52106
88888130,true,בעלי חיים,,,בעלי חיים,,0.00,,false,,0.00,0.0000,true,1,52107
88888140,true,תה,,,תה,,0.00,,false,,0.00,0.0000,true,1,52108
88888150,true,תינוקות וילדים,,,תינוקות וילדים,,0.00,,false,,0.00,0.0000,true,1,52109
88888160,true,פי אינטרנט-יבוא לבית,,,פי אינטרנט-יבוא לבית,,0.00,,false,,0.00,0.0000,true,1,52176
88888163,true,בית מאפה,,,בית מאפה,,0.00,,false,,0.00,0.0000,true,1,52112
88888170,true,תבלינים ארוזים,,,תבלינים ארוזים,,0.00,,false,,0.00,0.0000,true,1,52111
88888180,true,ציוד משרדי-יבוא לבית,,,ציוד משרדי-יבוא לבית,,0.00,,false,,0.00,0.0000,true,1,52178
88888190,true,חומרי ניקוי,,,חומרי ניקוי,,0.00,,false,,0.00,0.0000,true,1,52113
88888192,true,עזרי מזון ובישול,,,עזרי מזון ובישול,,0.00,,false,,0.00,0.0000,true,1,52110
88888200,true,זמנה שילוט-יבוא לבית,,,זמנה שילוט-יבוא לבית,,0.00,,false,,0.00,0.0000,true,1,52180
88888201,true,חד פעמי,,,חד פעמי,,0.00,,false,,0.00,0.0000,true,1,52114
88888210,true,מעדניית סלטים,,,מעדניית סלטים,,0.00,,false,,0.00,0.0000,true,1,52115
88888211,true,לחם ותחליפיו,,,לחם ותחליפיו,,0.00,,false,,0.00,0.0000,true,1,52097
88888220,true,היגיינה וטיפוח הגוף,,,היגיינה וטיפוח הגוף,,0.00,,false,,0.00,0.0000,true,1,52116
88888230,true,ביצים,,,ביצים,,0.00,,false,,0.00,0.0000,true,1,52117
88888240,true,בירות,,,בירות,,0.00,,false,,0.00,0.0000,true,1,52118
88888250,true,מעדנייה חלבית,,,מעדנייה חלבית,,0.00,,false,,0.00,0.0000,true,1,52119
88888254,true,מעדניית דגים,,,מעדניית דגים,,0.00,,false,,0.00,0.0000,true,1,52143
88888260,true,פיצוחים ארוזים,,,פיצוחים ארוזים,,0.00,,false,,0.00,0.0000,true,1,52120
88888270,true,קטניות ואורז,,,קטניות ואורז,,0.00,,false,,0.00,0.0000,true,1,52121
88888280,true,חטיפים,,,חטיפים,,0.00,,false,,0.00,0.0000,true,1,52122
88888290,true,קים ונקניקיות ארוזים,,,קים ונקניקיות ארוזים,,0.00,,false,,0.00,0.0000,true,1,52123
88888300,true,גלידות,,,גלידות,,0.00,,false,,0.00,0.0000,true,1,52124
88888311,true,דגנים,,,דגנים,,0.00,,false,,0.00,0.0000,true,1,52098
88888314,true,"פירות ירקות ללא מע""מ",,,"פירות ירקות ללא מע""מ",,0.00,,false,,0.00,0.0000,true,1,52125
88888320,true,פירות יבשים ארוז,,,פירות יבשים ארוז,,0.00,,false,,0.00,0.0000,true,1,52126
88888330,true,סלטים ארוזים,,,סלטים ארוזים,,0.00,,false,,0.00,0.0000,true,1,52127
88888340,true,יצוחיה/תבלינים במשקל,,,יצוחיה/תבלינים במשקל,,0.00,,false,,0.00,0.0000,true,1,52128
88888350,true,קוסמטיקה,,,קוסמטיקה,,0.00,,false,,0.00,0.0000,true,1,52129
88888360,true,קופונים/מתנות,,,קופונים/מתנות,,0.00,,false,,0.00,0.0000,true,1,52130
88888365,true,INTERNET,,,INTERNET,,0.00,,false,,0.00,0.0000,true,1,1
88888370,true,"פירות יבשים ללא מע""מ",,,"פירות יבשים ללא מע""מ",,0.00,,false,,0.00,0.0000,true,1,52131
88888380,true,עיתונים,,,עיתונים,,0.00,,false,,0.00,0.0000,true,1,52132
88888390,true,ציוד משרדי,,,ציוד משרדי,,0.00,,false,,0.00,0.0000,true,1,52133
88888395,true,מוצרי חלב ותחליפיו,,,מוצרי חלב ותחליפיו,,0.00,,false,,0.00,0.0000,true,1,52137
88888400,true,שתיה קלה,,,שתיה קלה,,0.00,,false,,0.00,0.0000,true,1,52134
88888408,true,מחלקה טרייה,,,מחלקה טרייה,,0.00,,false,,0.00,0.0000,true,1,52099
88888420,true,קפואים,,,קפואים,,0.00,,false,,0.00,0.0000,true,1,52136
88888460,true,בריאות,,,בריאות,,0.00,,false,,0.00,0.0000,true,1,52138
88888468,true,מיץ סחוט טרי,,,מיץ סחוט טרי,,0.00,,false,,0.00,0.0000,true,1,52135
88888470,true,עוגות ועוגיות,,,עוגות ועוגיות,,0.00,,false,,0.00,0.0000,true,1,52139
88888480,true,רטבים ואסייתי,,,רטבים ואסייתי,,0.00,,false,,0.00,0.0000,true,1,52140
88888490,true,מוצרי אימפלס,,,מוצרי אימפלס,,0.00,,false,,0.00,0.0000,true,1,52141
88888500,true,שוקולד ומתוקים,,,שוקולד ומתוקים,,0.00,,false,,0.00,0.0000,true,1,52142
88888510,true,שימורים,,,שימורים,,0.00,,false,,0.00,0.0000,true,1,52100
88888520,true,אפייה,,,אפייה,,0.00,,false,,0.00,0.0000,true,1,52144
88888530,true,תרופות ותוספי תזונה,,,תרופות ותוספי תזונה,,0.00,,false,,0.00,0.0000,true,1,52145
88888540,true,אוכל מוכן,,,אוכל מוכן,,0.00,,false,,0.00,0.0000,true,1,52146
88888550,true,מוצרי נייר,,,מוצרי נייר,,0.00,,false,,0.00,0.0000,true,1,52147
88888560,true,עוגות מצוננות,,,עוגות מצוננות,,0.00,,false,,0.00,0.0000,true,1,52148
88888570,true,יינות,,,יינות,,0.00,,false,,0.00,0.0000,true,1,52162
88888573,true,משקאות חריפים,,,משקאות חריפים,,0.00,,false,,0.00,0.0000,true,1,52149
88888590,true,סיגריות,,,סיגריות,,0.00,,false,,0.00,0.0000,true,1,52150
88888601,true,"פירות וירקות עם מע""מ",,,"פירות וירקות עם מע""מ",,0.00,,false,,0.00,0.0000,true,1,52151
88888610,true,לוגיסטי,,,לוגיסטי,,0.00,,false,,0.00,0.0000,true,1,52152
88888611,true,מרקים/תבשילים/תוספים,,,מרקים/תבשילים/תוספים,,0.00,,false,,0.00,0.0000,true,1,52101
88888620,true,"פיקדון ללא מע""מ",,,"פיקדון ללא מע""מ",,0.00,,false,,0.00,0.0000,true,1,52153
88888630,true,מעדניית חמוצים,,,מעדניית חמוצים,,0.00,,false,,0.00,0.0000,true,1,52154
88888640,true,ב.ע.ד קפואים,,,ב.ע.ד קפואים,,0.00,,false,,0.00,0.0000,true,1,52155
88888650,true,דגים מעושנים ארוזים,,,דגים מעושנים ארוזים,,0.00,,false,,0.00,0.0000,true,1,52156
88888670,true,בסטות,,,בסטות,,0.00,,false,,0.00,0.0000,true,1,52158
88888690,true,כביסה,,,כביסה,,0.00,,false,,0.00,0.0000,true,1,52159
88888700,true,טיפוח השיער,,,טיפוח השיער,,0.00,,false,,0.00,0.0000,true,1,52160
88888708,true,היגיינת הפה,,,היגיינת הפה,,0.00,,false,,0.00,0.0000,true,1,52161
88888711,true,דגים טריים,,,דגים טריים,,0.00,,false,,0.00,0.0000,true,1,52102
88888811,true,/פתיתים/אטריות/נודלס,,,/פתיתים/אטריות/נודלס,,0.00,,false,,0.00,0.0000,true,1,52103
88888911,true,וקולד/דבש/ריבות/חלבה,,,וקולד/דבש/ריבות/חלבה,,0.00,,false,,0.00,0.0000,true,1,52104
88888930,true,אריזות,,,אריזות,,0.00,,false,,0.00,0.0000,true,1,52166
88888931,true,ציוד משרדי- אריזה,,,ציוד משרדי- אריזה,,0.00,,false,,0.00,0.0000,true,1,52168
88888950,true,טופמרקט,,,טופמרקט,,0.00,,false,,0.00,0.0000,true,1,52163
88888999,true,קודים כללים,,,קודים כללים,,0.00,,false,,0.01,0.0000,true,1,52164
11210000094,false,טבסקו,,,טבסקו,מיליליטרים,60.00,"100 מ""ל",false,,10.90,18.1667,true,1,37922
16000185517,false,פייבר1- דגני בוקר עת,,,פייבר1- דגני בוקר עת,גרמים,555.00,100 גרם,false,,24.90,4.4865,true,1,170308
16000423534,false,חטיף קראנצי שיבולת ש,,,חטיף קראנצי שיבולת ש,גרמים,210.00,100 גרם,false,,19.50,9.2857,true,1,12600
16000548404,false,חטיף קראנצי גרנולה ש,,,חטיף קראנצי גרנולה ש,גרמים,210.00,100 גרם,false,,19.50,9.2857,true,1,12604
16000548503,false,חטיף קראנצי גרנולה מ,,,חטיף קראנצי גרנולה מ,גרמים,210.00,100 גרם,false,,19.50,9.2857,true,1,12606
16229924263,false,"קרם קוקוס 250 מ""ל.",,,"קרם קוקוס 250 מ""ל.",מיליליטרים,250.00,"100 מ""ל",false,,9.90,3.9600,true,1,3347
18000703494,false,תערובת לעוגת וניל פר,,,תערובת לעוגת וניל פר,גרמים,517.00,100 גרם,false,,16.90,3.2689,true,1,12612
31200001597,false,חמוציות ממותקות ומיו,,,חמוציות ממותקות ומיו,גרמים,170.00,100 גרם,false,,9.90,5.8235,true,1,12618
34000196173,false,הרשיז קוקיס אנד קרים,,,הרשיז קוקיס אנד קרים,גרמים,113.00,100 גרם,false,,7.90,6.9912,true,1,12625
38000232176,false,פרינגלס ביג שמנת בצל,,,פרינגלס ביג שמנת בצל,גרמים,158.00,100 גרם,false,,8.90,5.6329,true,1,26731
38000232183,false,פרינגלס ביג אורגינל,,,פרינגלס ביג אורגינל,גרמים,158.00,100 גרם,false,,8.90,5.6329,true,1,26732
38527591060,false,דגני בוקר מרובעים קו,,,דגני בוקר מרובעים קו,גרמים,412.00,100 גרם,false,,19.90,4.8301,true,1,24151
50000170180,false,פריסקיז פריים פילה ע,,,פריסקיז פריים פילה ע,גרמים,156.00,100 גרם,false,,6.90,4.4231,true,1,18361
50000225224,false,פריסקיז פריים פילה ה,,,פריסקיז פריים פילה ה,גרמים,156.00,100 גרם,false,,6.90,4.4231,true,1,18362
50000238910,false,פריסקיז פארטי מיקס א,,,פריסקיז פארטי מיקס א,גרמים,60.00,100 גרם,false,,11.90,19.8333,true,1,252847
50000578238,false,פריסקיז פארטי מיקס ק,,,פריסקיז פארטי מיקס ק,גרמים,60.00,100 גרם,false,,11.90,19.8333,true,1,252850
54881006972,false,תה שחור לימון וליים,,,תה שחור לימון וליים,יחידה,0.00,יחידה,false,,8.90,0.0000,true,1,100070
54881008181,false,תה אינגליש 100 שקיות,,,תה אינגליש 100 שקיות,גרמים,180.00,100 גרם,false,,14.90,8.2778,true,1,100034
54881008945,false,תה ירוק 20 שקיות - ת,,,תה ירוק 20 שקיות - ת,גרמים,180.00,100 גרם,false,,9.90,5.5000,true,1,100073
64144090020,false,תרסיס שמן זית פאם 14,,,תרסיס שמן זית פאם 14,גרמים,148.00,100 גרם,false,,17.90,12.0946,true,1,12642
64144090051,false,תרסיס שמן קנולה פאם,,,תרסיס שמן קנולה פאם,מיליליטרים,148.00,"100 מ""ל",false,,17.90,12.0946,true,1,12643
350007641646,false,קולגייט משחת שיניים,,,קולגייט משחת שיניים,מיליליטרים,130.00,"100 מ""ל",false,,12.90,9.9231,true,1,104269
611745285685,true,אבוקדו בשל יח,,,אבוקדו בשל יח,גרמים,470.00,100 גרם,false,,8.90,1.8936,true,1,50972
645173911038,false,מלפפונים קורנישון מי,,,מלפפונים קורנישון מי,גרמים,720.00,100 גרם,false,,10.90,1.5139,true,1,24905
693493065634,false,ניוקי 3 צבעים 500 גר,,,ניוקי 3 צבעים 500 גר,גרמים,500.00,100 גרם,false,,9.90,1.9800,true,1,71688
728229124764,false,טרה צ'יפס חטיף בטטה,,,טרה צ'יפס חטיף בטטה,גרמים,110.00,100 גרם,false,,15.50,14.0909,true,1,5481
811250030699,false,פלפל שחור טחון 50 גר,,,פלפל שחור טחון 50 גר,גרמים,50.00,100 גרם,false,,5.90,11.8000,true,1,34733
835811001522,false,כפיות 100 יח` לקפה ו,,,כפיות 100 יח` לקפה ו,יחידה,0.00,יחידה,false,,9.90,0.0000,true,1,7437
835811003588,false,צלחות קלאסי לבן גדול,,,צלחות קלאסי לבן גדול,יחידה,0.00,יחידה,false,,34.90,0.0000,true,1,200888
835811004059,false,צלחות מרובעות גדול מ,,,צלחות מרובעות גדול מ,יח',10.00,יח',false,,16.90,1.6900,true,1,161001
835811004431,false,מארז  ממחטות נייר טי,,,מארז  ממחטות נייר טי,יח',5.00,יח',false,,9.90,1.9800,true,1,176848
835811004707,false,הנמל פירורי לחם מוזה,,,הנמל פירורי לחם מוזה,גרמים,440.00,100 גרם,false,,7.90,1.7955,true,1,7520
835811005803,false,הנמל שקיות אשפה עם י,,,הנמל שקיות אשפה עם י,יחידה,0.00,יחידה,false,,12.90,0.0000,true,1,7566
835811005810,false,תבנית אלומיניום מרוב,,,תבנית אלומיניום מרוב,יחידה,0.00,יחידה,false,,11.90,0.0000,true,1,7567
835811005933,false,תבנית ענקית 5 יח. R-,,,תבנית ענקית 5 יח. R-,יחידה,0.00,יחידה,false,,11.90,0.0000,true,1,7569
835811005940,false,תבנית גדולה עם מכסה,,,תבנית גדולה עם מכסה,יחידה,0.00,יחידה,false,,11.90,0.0000,true,1,7570
835811005957,false,תבנית מלבנית עם מכסה,,,תבנית מלבנית עם מכסה,יחידה,0.00,יחידה,false,,11.90,0.0000,true,1,7571
835811006435,false,תבנית מלבנית עמוקה ע,,,תבנית מלבנית עמוקה ע,יחידה,0.00,יחידה,false,,11.90,0.0000,true,1,7602
835811006497,false,אבקת סוכר 500 גר,,,אבקת סוכר 500 גר,גרמים,500.00,100 גרם,false,,8.90,1.7800,true,1,7605
835811006534,false,כוסות קרטון 50 יח 16,,,כוסות קרטון 50 יח 16,יחידה,0.00,יחידה,false,,23.90,0.0000,true,1,7608
835811007180,false,פופ קורן הנמל 500 גר,,,פופ קורן הנמל 500 גר,גרמים,500.00,100 גרם,false,,5.90,1.1800,true,1,7637
835811007241,false,לקט שעועית 500 גרם (,,,לקט שעועית 500 גרם (,גרמים,500.00,100 גרם,false,,7.90,1.5800,true,1,7642
835811007258,false,שעועית הנמל 500 גרם,,,שעועית הנמל 500 גרם,גרמים,500.00,100 גרם,false,,7.90,1.5800,true,1,7643
835811008347,false,גפרור ענק,,,גפרור ענק,יחידה,0.00,יחידה,false,,5.90,0.0000,true,1,7659
835811008934,false,מזלגות 50 יח עבה במי,,,מזלגות 50 יח עבה במי,יחידה,0.00,יחידה,false,,16.90,0.0000,true,1,7674
835811008996,false,כוסות קרטון 10 אוז,,,כוסות קרטון 10 אוז,יחידה,0.00,יחידה,false,,15.90,0.0000,true,1,7679
877300000081,false,פלפל שחור טחון צנצנת,,,פלפל שחור טחון צנצנת,גרמים,100.00,100 גרם,false,,14.90,14.9000,true,1,34743
877300001057,false,נפטון פלפל לבן טחון,,,נפטון פלפל לבן טחון,גרמים,100.00,100 גרם,false,,14.90,14.9000,true,1,34753
877300001286,false,כמון טחון 150גר,,,כמון טחון 150גר,גרמים,150.00,100 גרם,false,,10.90,7.2667,true,1,34764
877300001866,false,נפטון תערובת תיבול פ,,,נפטון תערובת תיבול פ,גרמים,150.00,100 גרם,false,,10.90,7.2667,true,1,34779
877300002313,false,תבלין ראס אל חנות 15,,,תבלין ראס אל חנות 15,גרמים,150.00,100 גרם,false,,10.90,7.2667,true,1,34793
877300004553,false,פפריקה מתוקה 80 גרם,,,פפריקה מתוקה 80 גרם,גרמים,80.00,100 גרם,false,,5.90,7.3750,true,1,34824
877300007936,false,פפריקה מתוקה גס בשמן,,,פפריקה מתוקה גס בשמן,גרמים,400.00,100 גרם,false,,17.90,4.4750,true,1,34835
884912365200,false,דגני בוקר עם פירורי,,,דגני בוקר עם פירורי,גרמים,311.00,100 גרם,false,,22.90,7.3633,true,1,253482
3014260289287,false,סכיני גילוח לאישה בל,,,סכיני גילוח לאישה בל,יחידה,0.00,יחידה,false,,13.90,0.0000,true,1,26791
3046920029674,false,לינדט אקסלנס עם שבבי,,,לינדט אקסלנס עם שבבי,גרמים,100.00,100 גרם,false,,14.90,14.9000,true,1,13713
3068320055008,false,מים מינרלים טבעיים מ,,,מים מינרלים טבעיים מ,מיליליטרים,500.00,"100 מ""ל",false,,6.90,1.3800,true,1,29647
3073781162790,false,בייבי בל 24% אדום 12,,,בייבי בל 24% אדום 12,גרמים,120.00,100 גרם,false,,22.90,19.0833,true,1,224566
3161911393210,false,חמאת נורמנדי מלוחה 2,,,חמאת נורמנדי מלוחה 2,גרמים,200.00,100 גרם,false,,21.90,10.9500,true,1,216171
3245412211393,false,שוקולד חלב מעולה קרפ,,FR,שוקולד חלב מעולה קרפ,גרמים,300.00,100 גרם,false,,7.90,2.6333,true,1,229633
3245412211409,false,שוקולד חלב מעולה עם,,FR,שוקולד חלב מעולה עם,גרמים,300.00,100 גרם,false,,15.90,5.3000,true,1,229486
3270190151654,false,שוקולד מריר מעולה עם,,FR,שוקולד מריר מעולה עם,גרמים,100.00,100 גרם,false,,5.90,5.9000,true,1,229488
3270190174936,false,שוקולד חלב עם תכולת,,FR,שוקולד חלב עם תכולת,גרמים,100.00,100 גרם,false,,5.90,5.9000,true,1,229512
3387390525960,false,דגני קראנץ' נסטלה 50,,,דגני קראנץ' נסטלה 50,גרמים,500.00,100 גרם,false,,22.90,4.5800,true,1,18386
3560070230778,false,קרפור-תה אנגלי שחור,,,קרפור-תה אנגלי שחור,גרמים,50.00,100 גרם,false,,6.90,13.8000,true,1,273131
3560070232963,false,קרפור-חליטת פירות יע,,,קרפור-חליטת פירות יע,גרמים,40.00,100 גרם,false,,6.90,17.2500,true,1,273105
3560070582884,false,קרפור סטייליס עם שוק,,,קרפור סטייליס עם שוק,גרמים,300.00,100 גרם,false,,8.90,2.9667,true,1,261340
3560070720859,false,שוקולד מריר מעולה 72,,FR,שוקולד מריר מעולה 72,גרמים,80.00,100 גרם,false,,4.90,6.1250,true,1,229489
3560070800322,false,קרפור סנופלקס 375 גר,,,קרפור סנופלקס 375 גר,גרמים,375.00,100 גרם,false,,6.90,1.8400,true,1,261378
3560070888139,false,קרפור-תה שחור בטעם פ,,,קרפור-תה שחור בטעם פ,גרמים,42.50,100 גרם,false,,6.90,16.2353,true,1,273133
3560070928194,false,קרפור-חליטת לואיזה 2,,,קרפור-חליטת לואיזה 2,גרמים,32.50,100 גרם,false,,6.90,21.2308,true,1,273081
3560070928347,false,קרפור-חליטת רויבוש ו,,,קרפור-חליטת רויבוש ו,גרמים,40.00,100 גרם,false,,6.90,17.2500,true,1,273106
3560071013127,false,קרפור סטייליס עם שוק,,,קרפור סטייליס עם שוק,גרמים,300.00,100 גרם,false,,8.90,2.9667,true,1,261363
3560071013196,false,קרפור סטייליס בטעם ט,,,קרפור סטייליס בטעם ט,גרמים,500.00,100 גרם,false,,9.90,1.9800,true,1,261364
3560071015725,false,קרפור פיברה עם 5 פיר,,,קרפור פיברה עם 5 פיר,גרמים,500.00,100 גרם,false,,11.90,2.3800,true,1,261392
3560071016074,false,קרפור קורונפלקס 500,,,קרפור קורונפלקס 500,גרמים,500.00,100 גרם,false,,6.90,1.3800,true,1,261393
3560071341947,false,שמן זית כתית מעולה ב,,FR,שמן זית כתית מעולה ב,מיליליטרים,750.00,"100 מ""ל",false,,11.50,1.5333,true,1,260606
3560071432003,false,קפסולות קפה קרפור עו,,FR,קפסולות קפה קרפור עו,גרמים,52.00,100 גרם,false,,6.90,13.2692,true,1,262054
3560071432065,false,קפסולות קפה קרפור עו,,FR,קפסולות קפה קרפור עו,גרמים,52.00,100 גרם,false,,6.90,13.2692,true,1,262056
3560071432096,false,קפסולות קפה קרפור עו,,FR,קפסולות קפה קרפור עו,גרמים,52.00,100 גרם,false,,6.90,13.2692,true,1,262057
3560071432188,false,קפסולות קפה קרמל קרפ,,FR,קפסולות קפה קרמל קרפ,גרמים,52.00,100 גרם,false,,6.90,13.2692,true,1,262059
3574661504162,false,מוס לשטיפה אינטימית,,,מוס לשטיפה אינטימית,מיליליטרים,150.00,"100 מ""ל",false,,17.90,11.9333,true,1,21295
3600523651870,false,שמפו ארגנין אלביב 55,,,שמפו ארגנין אלביב 55,מיליליטרים,550.00,"100 מ""ל",false,,14.90,2.7091,true,1,12286
3600523651900,false,מרכך ארגנין אלביב 55,,,מרכך ארגנין אלביב 55,מיליליטרים,550.00,"100 מ""ל",false,,14.90,2.7091,true,1,12288
3600540928863,false,דאודורנט רול מיניראל,,,דאודורנט רול מיניראל,מיליליטרים,50.00,"100 מ""ל",false,,14.90,29.8000,true,1,12347
3600542326339,false,גרנייה מיסלר ורדים 4,,,גרנייה מיסלר ורדים 4,מיליליטרים,400.00,"100 מ""ל",false,,29.90,7.4750,true,1,226726
4000417101211,false,גלילי וופל עם קרם אג,,,גלילי וופל עם קרם אג,גרמים,150.00,100 גרם,false,,17.90,11.9333,true,1,195485
4000417222008,false,ריטר שוקולד ספורט חל,,,ריטר שוקולד ספורט חל,גרמים,100.00,100 גרם,false,,8.90,8.9000,true,1,12672
4000417224002,false,שוקולד ריטר ספורט מר,,,שוקולד ריטר ספורט מר,גרמים,100.00,100 גרם,false,,9.90,9.9000,true,1,12673
4001432773230,false,יין בלו נאן בלו וויי,,,יין בלו נאן בלו וויי,מיליליטרים,750.00,"100 מ""ל",false,,50.90,6.7867,true,1,41608
4006387085407,false,שלישיית פילטר מקסטרה,,,שלישיית פילטר מקסטרה,יח',3.00,יח',false,,100.00,33.3333,true,1,17519
4009900402965,false,אורביט וויט פירות בק,,,אורביט וויט פירות בק,גרמים,64.00,100 גרם,false,,10.50,16.4063,true,1,20670
4009900403023,false,אורביט וויט מנטה בקב,,,אורביט וויט מנטה בקב,גרמים,64.00,100 גרם,false,,10.50,16.4063,true,1,20671
4009900455299,false,סקיטלס פירות 174 גר,,,סקיטלס פירות 174 גר,גרמים,174.00,100 גרם,false,,7.90,4.5402,true,1,20685
4009900531122,false,אורביט פרופשייונל ספ,,,אורביט פרופשייונל ספ,גרמים,64.00,100 גרם,false,,10.50,16.4063,true,1,20730
4009900539340,false,סוכריות סקיטלס ענקיו,,,סוכריות סקיטלס ענקיו,גרמים,141.00,100 גרם,false,,7.90,5.6028,true,1,198023
4011800567613,false,חטיף דגנים סנדוויץ ש,,,חטיף דגנים סנדוויץ ש,גרמים,120.00,100 גרם,false,,11.90,9.9167,true,1,13739
4011800628512,false,חטיף דגנים עם שוקולד,,,חטיף דגנים עם שוקולד,גרמים,150.00,100 גרם,false,,11.90,7.9333,true,1,13744
4011800633516,false,חטיף דגנים שוקולד מר,,,חטיף דגנים שוקולד מר,גרמים,138.00,100 גרם,false,,11.90,8.6232,true,1,13748
4014400929010,false,וופל מיני קנופרס 200,,,וופל מיני קנופרס 200,גרמים,200.00,100 גרם,false,,19.90,9.9500,true,1,206613
4015400564034,false,מגן תחתון לונג פלוס,,,מגן תחתון לונג פלוס,יחידה,0.00,יחידה,false,,18.90,0.0000,true,1,26871
4015400564454,false,מגן תחתון לארג מגה פ,,,מגן תחתון לארג מגה פ,יחידה,0.00,יחידה,false,,18.90,0.0000,true,1,26875
4015400598329,false,קוואטרו נורמל פלוס א,,,קוואטרו נורמל פלוס א,יחידה,0.00,יחידה,false,,36.90,0.0000,true,1,26883
4015400598381,false,קוואטרו לונג פלוס או,,,קוואטרו לונג פלוס או,יחידה,0.00,יחידה,false,,36.90,0.0000,true,1,26884
4015400690498,false,טמפון פרל סופר פלוס,,,טמפון פרל סופר פלוס,יחידה,0.00,יחידה,false,,19.90,0.0000,true,1,26913
4015400746812,false,מגן תחתון מגה פק נור,,,מגן תחתון מגה פק נור,יחידה,0.00,יחידה,false,,18.90,0.0000,true,1,26937
4015400759263,false,תחבושות כפול נורמל א,,,תחבושות כפול נורמל א,יח',28.00,יח',false,,16.90,0.6036,true,1,18062
4015600762742,false,שמפו קלאסי הד&שולדרס,,,שמפו קלאסי הד&שולדרס,מיליליטרים,500.00,"100 מ""ל",false,,18.90,3.7800,true,1,26976
4015600762780,false,שמפו 2-ב1הד&שולדרס 5,,,שמפו 2-ב1הד&שולדרס 5,מיליליטרים,500.00,"100 מ""ל",false,,18.90,3.7800,true,1,26977
4015600762902,false,שמפו מנטול הד&שולדרס,,,שמפו מנטול הד&שולדרס,מיליליטרים,500.00,"100 מ""ל",false,,18.90,3.7800,true,1,26980
4015600763022,false,שמפו מגע המשי הד&שול,,,שמפו מגע המשי הד&שול,מיליליטרים,500.00,"100 מ""ל",false,,18.90,3.7800,true,1,26983
4022025001905,false,בלו וויין מבעבע זהב,,,בלו וויין מבעבע זהב,מיליליטרים,750.00,"100 מ""ל",false,,55.90,7.4533,true,1,41612
4022025002100,false,בלו וויין מבעבע רוזה,,,בלו וויין מבעבע רוזה,מיליליטרים,750.00,"100 מ""ל",false,,55.90,7.4533,true,1,41618
4022025261002,false,יין בלו נאן בלו וויי,,,יין בלו נאן בלו וויי,מיליליטרים,750.00,"100 מ""ל",false,,50.90,6.7867,true,1,41619
4053700288205,false,ויט קרם להסרת שיער 9,,,ויט קרם להסרת שיער 9,מיליליטרים,100.00,"100 מ""ל",false,,30.90,30.9000,true,1,20807
4066600999614,false,בירה פאולנר בקבוק 50,,,בירה פאולנר בקבוק 50,מיליליטרים,500.00,"100 מ""ל",false,,10.90,2.1800,true,1,9273
4084500065536,false,קרם לחות מוגברת פנטן,,,קרם לחות מוגברת פנטן,מיליליטרים,300.00,"100 מ""ל",false,,19.90,6.6333,true,1,27078
4084500065598,false,קרם לחות לתלתלים פנט,,,קרם לחות לתלתלים פנט,מיליליטרים,300.00,"100 מ""ל",false,,19.90,6.6333,true,1,27079
4084500149526,false,טייד גל 2.48 ליטר,,,טייד גל 2.48 ליטר,ליטרים,2.48,ליטר,false,,29.90,12.0565,true,1,27086
4640018993343,false,פיניש קוואנטום למדיח,,,פיניש קוואנטום למדיח,יחידה,0.00,יחידה,false,,40.90,0.0000,true,1,62830
4640018993350,false,פיניש קוואנטום לימון,,,פיניש קוואנטום לימון,יחידה,0.00,יחידה,false,,40.90,0.0000,true,1,62831
4640018993398,false,פיניש קוואנטום למדיח,,,פיניש קוואנטום למדיח,יחידה,0.00,יחידה,false,,59.90,0.0000,true,1,62833
4710964104916,false,שמן שומשום טהור לא מ,,,שמן שומשום טהור לא מ,מיליליטרים,370.00,"100 מ""ל",false,,22.90,6.1892,true,1,47576
4710964170799,false,שומשום שחור קלוי מזר,,,שומשום שחור קלוי מזר,גרמים,91.00,100 גרם,false,,16.90,18.5714,true,1,47577
4800888150080,false,דאו' רולאון מלפפונים,,,דאו' רולאון מלפפונים,מיליליטרים,50.00,"100 מ""ל",false,,14.90,29.8000,true,1,10071
4860019001346,false,בורז'ומי מים מינרליי,,,בורז'ומי מים מינרליי,מיליליטרים,500.00,"100 מ""ל",false,,7.90,1.5800,true,1,11194
4860019001414,false,בורז'ומי מים מינרלים,,,בורז'ומי מים מינרלים,מיליליטרים,750.00,"100 מ""ל",false,,7.90,1.0533,true,1,11196
5000159409179,false,סניקרס מיני 403 גרם,,,סניקרס מיני 403 גרם,גרמים,403.00,100 גרם,false,,19.90,4.9380,true,1,20747
5000159538626,false,חטיף טוויקס מארז 5*2,,,חטיף טוויקס מארז 5*2,גרמים,250.00,100 גרם,false,,10.90,4.3600,true,1,125444
5000189974579,false,קיט קט מיני 200 גרם,,,קיט קט מיני 200 גרם,גרמים,200.00,100 גרם,false,,10.00,5.0000,true,1,41973
5000204114898,false,גלייד ארוסול בניחוח,,,גלייד ארוסול בניחוח,מיליליטרים,300.00,"100 מ""ל",false,,7.90,2.6333,true,1,5636
5000204661392,false,קיווי משחת נעליים בק,,,קיווי משחת נעליים בק,מיליליטרים,100.00,"100 מ""ל",false,,10.50,10.5000,true,1,5659
5010182998861,false,דאק ג'ל נוזל לניקוי,,,דאק ג'ל נוזל לניקוי,מיליליטרים,750.00,"100 מ""ל",false,,9.90,1.3200,true,1,5677
5011417554760,false,אירוויק נטול גז ורדי,,,אירוויק נטול גז ורדי,מיליליטרים,345.00,"100 מ""ל",false,,14.90,4.3188,true,1,20835
5014271300429,false,סאן דלפור מעדן  משמש,,,סאן דלפור מעדן  משמש,גרמים,284.00,100 גרם,false,,20.90,7.3592,true,1,16766
5014271330426,false,סאן דלפור מעדן אוכמנ,,,סאן דלפור מעדן אוכמנ,גרמים,284.00,100 גרם,false,,20.90,7.3592,true,1,16768
5014271400426,false,סאן דלפור מעדן תות ש,,,סאן דלפור מעדן תות ש,גרמים,284.00,100 גרם,false,,20.90,7.3592,true,1,16774
5029053523446,false,תחבושות אולטרה נייט+,,,תחבושות אולטרה נייט+,יחידה,0.00,יחידה,false,,17.90,0.0000,true,1,8807
5029053534596,false,טמפון נורמל ללא מולי,,,טמפון נורמל ללא מולי,יחידה,0.00,יחידה,false,,22.90,0.0000,true,1,8817
5029053535227,false,טמפון עם מוליך נורמל,,,טמפון עם מוליך נורמל,יחידה,0.00,יחידה,false,,19.90,0.0000,true,1,8820
5035766060253,false,מרפיס אייריש סטאוט פ,,,מרפיס אייריש סטאוט פ,מיליליטרים,500.00,"100 מ""ל",false,,11.90,2.3800,true,1,9286
5060751218173,false,מונסטר פייפלין פאנץ',,,מונסטר פייפלין פאנץ',מיליליטרים,500.00,"100 מ""ל",false,,6.90,1.3800,true,1,215374
5099864006377,false,"סימילאק מהדרין בד""צ",,,"סימילאק מהדרין בד""צ",גרמים,900.00,100 גרם,false,,75.90,8.4333,true,1,29445
5201004020338,false,קפריס רולס קלאסיק 40,,,קפריס רולס קלאסיק 40,גרמים,400.00,100 גרם,false,,19.90,4.9750,true,1,13768
5201340003385,false,טונה מעושנת בשמן צמח,,,טונה מעושנת בשמן צמח,גרמים,160.00,100 גרם,false,,15.90,9.9375,true,1,164152
5201340026704,false,טונה מעושנת פיקנטי 1,,,טונה מעושנת פיקנטי 1,גרמים,160.00,100 גרם,false,,15.90,9.9375,true,1,164164
5391523057929,false,סימילאק גולדשלב 1  7,,,סימילאק גולדשלב 1  7,גרמים,700.00,100 גרם,false,,70.90,10.1286,true,1,29454
5391523058087,false,סימילאק אדוואנס פלוס,,,סימילאק אדוואנס פלוס,גרמים,700.00,100 גרם,false,,64.90,9.2714,true,1,29459
5410126716016,false,ביסקוויט בטעם קרמל ל,,,ביסקוויט בטעם קרמל ל,גרמים,250.00,100 גרם,false,,11.90,4.7600,true,1,5274
5411188096108,false,אלפרו סויה לבישול 25,,,אלפרו סויה לבישול 25,מיליליטרים,250.00,"100 מ""ל",false,,9.90,3.9600,true,1,21365
5411188110835,false,אלפרו משקה שקדים 1 ל,,,אלפרו משקה שקדים 1 ל,ליטרים,1.00,ליטר,false,,13.90,13.9000,true,1,21368
5411188121923,false,אלפרו סויה סידן  שלש,,,אלפרו סויה סידן  שלש,מיליליטרים,750.00,"100 מ""ל",false,,14.90,1.9867,true,1,21383
5413149922938,false,אריאל אבקת כביסה שוש,,,אריאל אבקת כביסה שוש,קילוגרמים,5.00,"ק""ג",false,,45.90,9.1800,true,1,27255
5701932026964,false,הוט פופ .פופקורן עם,,,הוט פופ .פופקורן עם,גרמים,600.00,100 גרם,false,,14.90,2.4833,true,1,12731
5701932026971,false,הוט פופ פופקורן בטעם,,,הוט פופ פופקורן בטעם,גרמים,600.00,100 גרם,false,,14.90,2.4833,true,1,12732
5711953106583,false,ארלה גבינת שמנת טבעי,,,ארלה גבינת שמנת טבעי,גרמים,200.00,100 גרם,false,,15.90,7.9500,true,1,23226
5740900403215,false,ממרח לורפק עם מלח 25,,,ממרח לורפק עם מלח 25,גרמים,250.00,100 גרם,false,,16.90,6.7600,true,1,23229
5740900403239,false,ממרח לורפק ללא מלח 2,,,ממרח לורפק ללא מלח 2,גרמים,250.00,100 גרם,false,,16.90,6.7600,true,1,23231
5740900403253,false,ממרח לורפק עם מלח 50,,,ממרח לורפק עם מלח 50,גרמים,500.00,100 גרם,false,,28.90,5.7800,true,1,23233
5740900403284,false,חמאת לורפק ללא מלח 2,,,חמאת לורפק ללא מלח 2,גרמים,200.00,100 גרם,false,,10.90,5.4500,true,1,78124
5900020012814,false,דגני בוקר נסקוויק נס,,,דגני בוקר נסקוויק נס,גרמים,500.00,100 גרם,false,,24.90,4.9800,true,1,18389
5900020018908,false,פיטנס חטיף דגנים קרם,,,פיטנס חטיף דגנים קרם,גרמים,141.00,100 גרם,false,,14.90,10.5674,true,1,18391
5900020020710,false,חטיף דגנים קראנץ בר,,,חטיף דגנים קראנץ בר,גרמים,150.00,100 גרם,false,,16.90,11.2667,true,1,18393
5900020024770,false,פיטנס בר דליס שוקולד,,,פיטנס בר דליס שוקולד,גרמים,135.00,100 גרם,false,,14.90,11.0370,true,1,18397
5900020025647,false,פיטנס בר דליס שוקולד,,,פיטנס בר דליס שוקולד,גרמים,135.00,100 גרם,false,,14.90,11.0370,true,1,18400
5900020026552,false,האני נאט ציריוס נסטל,,,האני נאט ציריוס נסטל,גרמים,625.00,100 גרם,false,,24.90,3.9840,true,1,18405
5900020029669,false,פיטנס חטיף דגנים פיר,,,פיטנס חטיף דגנים פיר,גרמים,141.00,100 גרם,false,,14.90,10.5674,true,1,18407
5900020031877,false,חטיף דגנים צ'יריוס ה,,,חטיף דגנים צ'יריוס ה,גרמים,132.00,100 גרם,false,,16.90,12.8030,true,1,18409
5900020032454,false,חטיף דגנים  עוגיות פ,,,חטיף דגנים  עוגיות פ,גרמים,188.00,100 גרם,false,,16.90,8.9894,true,1,126642
5900020032539,false,חטיף דגנים  שוקולד פ,,,חטיף דגנים  שוקולד פ,גרמים,188.00,100 גרם,false,,16.90,8.9894,true,1,126653
5900020036407,false,דגני בוקר שוקולד וקר,,,דגני בוקר שוקולד וקר,גרמים,480.00,100 גרם,false,,24.90,5.1875,true,1,61356
5901414200411,false,היט מיניס קרם קקאו 1,,,היט מיניס קרם קקאו 1,גרמים,130.00,100 גרם,false,,6.30,4.8462,true,1,41986
5902768862553,true,עוגיות בוגטי שוקולד,,,עוגיות בוגטי שוקולד,גרמים,155.00,100 גרם,false,,5.90,3.8065,true,1,49901
5902768865677,true,עוגיות שוקולד צ'יפס,,,עוגיות שוקולד צ'יפס,גרמים,150.00,100 גרם,false,,5.90,3.9333,true,1,49904
5904941751302,false,בלו משקה אנרגיה 250,,,בלו משקה אנרגיה 250,מיליליטרים,250.00,"100 מ""ל",false,,4.50,1.8000,true,1,1814
5904941751715,false,בלו משקה אנרגיה קרנב,,,בלו משקה אנרגיה קרנב,מיליליטרים,250.00,"100 מ""ל",false,,4.50,1.8000,true,1,1816
5906485301012,false,אקס אל משקה אנרגיה 2,,,אקס אל משקה אנרגיה 2,מיליליטרים,250.00,"100 מ""ל",false,,4.50,1.8000,true,1,9289
6111094000228,false,"קוסקוס דק דארי 1 ק""ג",,,"קוסקוס דק דארי 1 ק""ג",קילוגרמים,1.00,"ק""ג",false,,17.90,17.9000,true,1,24927
6910191800287,false,אצות נורי לסושי מזרח,,,אצות נורי לסושי מזרח,גרמים,25.00,100 גרם,false,,11.90,47.6000,true,1,47578
6951097101030,false,מאג לונדון,,,מאג לונדון,יחידה,0.00,יחידה,false,,5.90,0.0000,true,1,28013
6951097101139,false,מאג קליר ניו בלינק 3,,,מאג קליר ניו בלינק 3,יחידה,0.00,יחידה,false,,5.90,0.0000,true,1,28016
7046110071519,false,מש.שיניים לילדים לשי,,,מש.שיניים לילדים לשי,מיליליטרים,50.00,"100 מ""ל",false,,11.90,23.8000,true,1,5725
7046110075036,false,מארז מב.שיניים אולטי,,,מארז מב.שיניים אולטי,יחידה,0.00,יחידה,false,,10.00,0.0000,true,1,5726
7290000000626,false,ברוקולי ארוז במגשית,,,ברוקולי ארוז במגשית,יח',1.00,יח',false,,9.90,9.9000,true,1,178271
7290000000978,true,חסה כשר,,,חסה כשר,יח',1.00,יח',false,,6.90,6.9000,true,1,47740
7290000000985,true,פטרוזיליה כשר,,,פטרוזיליה כשר,יח',1.00,יח',false,,5.90,5.9000,true,1,47741
7290000001524,true,בצל ירוק כשר,,,בצל ירוק כשר,יח',1.00,יח',false,,6.90,6.9000,true,1,47742
7290000001579,true,סלרי אמריקאי כשר,,,סלרי אמריקאי כשר,יח',1.00,יח',false,,6.90,6.9000,true,1,47743
7290000001586,true,שמיר כשר,,,שמיר כשר,יח',1.00,יח',false,,5.90,5.9000,true,1,47744
7290000001704,false,קישוא זוקיני ארוז,,,קישוא זוקיני ארוז,יח',1.00,יח',false,,13.90,13.9000,true,1,158064
7290000002889,false,גבינות שמנת שום שמיר,,,גבינות שמנת שום שמיר,קילוגרמים,1.00,"ק""ג",true,,47.00,47.0000,true,1,14554
7290000004815,false,מוצרלה גד 22% במשקל,,,מוצרלה גד 22% במשקל,קילוגרמים,1.00,"ק""ג",true,,80.00,80.0000,true,1,14570
7290000006120,false,טאפאס ממולא גב.שמנת,,,טאפאס ממולא גב.שמנת,קילוגרמים,1.00,"ק""ג",true,,148.00,148.0000,true,1,6151
7290000009354,false,צלעות בקר טרי,,,צלעות בקר טרי,קילוגרמים,1.00,"ק""ג",true,,59.90,59.9000,true,1,249716
7290000009358,false,כתף בקר טרי,,,כתף בקר טרי,קילוגרמים,1.00,"ק""ג",true,,64.90,64.9000,true,1,249809
7290000009362,false,צלי כתף טרי,,,צלי כתף טרי,קילוגרמים,1.00,"ק""ג",true,,89.90,89.9000,true,1,249919
7290000009366,false,פילה מדומה טרי,,,פילה מדומה טרי,קילוגרמים,1.00,"ק""ג",true,,74.90,74.9000,true,1,249824
7290000009374,false,אנטריקוט טרי,,,אנטריקוט טרי,קילוגרמים,1.00,"ק""ג",true,,129.90,129.9000,true,1,250331
7290000009464,false,אנטריקוט ע.ע טרי,,,אנטריקוט ע.ע טרי,קילוגרמים,1.00,"ק""ג",true,,94.90,94.9000,true,1,259857
7290000009481,false,כתף ע.ע  כשר,,,כתף ע.ע  כשר,קילוגרמים,1.00,"ק""ג",true,,49.90,49.9000,true,1,260437
7290000011229,false,בולגרית חלקה המושבה,,,בולגרית חלקה המושבה,קילוגרמים,1.00,"ק""ג",true,,45.00,45.0000,true,1,14784
7290000011236,false,בולגרית מעודנת המושב,,,בולגרית מעודנת המושב,קילוגרמים,1.00,"ק""ג",true,,45.00,45.0000,true,1,14785
7290000011250,false,שמנת שום שמיר המושב,,,שמנת שום שמיר המושב,קילוגרמים,1.00,"ק""ג",true,,40.00,40.0000,true,1,14787
7290000011274,false,שמנת זיתים המושבה 30,,,שמנת זיתים המושבה 30,קילוגרמים,1.00,"ק""ג",true,,40.00,40.0000,true,1,14789
7290000011397,false,ברי בקר/קממבר המושבה,,,ברי בקר/קממבר המושבה,קילוגרמים,1.00,"ק""ג",true,,100.00,100.0000,true,1,14790
7290000011427,false,אצבעות שוקולד וניל ה,,,אצבעות שוקולד וניל ה,קילוגרמים,1.00,"ק""ג",true,,54.00,54.0000,true,1,14791
7290000011593,false,שזיף,,,שזיף,קילוגרמים,1.00,"ק""ג",true,,19.90,19.9000,true,1,50958
7290000013174,false,פסט. של פעם 2% זוגלו,,,פסט. של פעם 2% זוגלו,קילוגרמים,1.00,"ק""ג",true,,82.00,82.0000,true,1,38876
7290000014510,false,חסה עגולה,,,חסה עגולה,יח',1.00,יח',false,,6.90,6.9000,true,1,50959
7290000021003,false,עוף טרי שלם,,,עוף טרי שלם,קילוגרמים,1.00,"ק""ג",true,,18.90,18.9000,true,1,26527
7290000023816,false,קלאסיק אמרלד ריזלינג,,,קלאסיק אמרלד ריזלינג,מיליליטרים,750.00,"100 מ""ל",false,,32.90,4.3867,true,1,9311
7290000024240,false,"שרדונה רזרבד 750 מ""ל",,,"שרדונה רזרבד 750 מ""ל",מיליליטרים,750.00,"100 מ""ל",false,,42.90,5.7200,true,1,9323
7290000024523,false,תירוש של סגל 1 ליטר,,,תירוש של סגל 1 ליטר,ליטרים,1.00,ליטר,false,,13.90,13.9000,true,1,9328
7290000025786,false,דניס נקי טרי,,,דניס נקי טרי,קילוגרמים,1.00,"ק""ג",true,,69.90,69.9000,true,1,47930
7290000026650,false,צפתית פיראוס 5% במשק,,,צפתית פיראוס 5% במשק,קילוגרמים,1.00,"ק""ג",true,,58.00,58.0000,true,1,25618
7290000026806,false,קרפיון נקי טרי,,,קרפיון נקי טרי,קילוגרמים,1.00,"ק""ג",true,,34.90,34.9000,true,1,47932
7290000026851,false,בורי נקי טרי,,,בורי נקי טרי,קילוגרמים,1.00,"ק""ג",true,,49.90,49.9000,true,1,47934
7290000027742,false,לברק נקי טרי,,,לברק נקי טרי,קילוגרמים,1.00,"ק""ג",true,,69.90,69.9000,true,1,47945
7290000027995,false,פילה סלמון טרי,,,פילה סלמון טרי,קילוגרמים,1.00,"ק""ג",true,,99.90,99.9000,true,1,47953
7290000032665,false,רוטב עגבניות 28% ברי,,,רוטב עגבניות 28% ברי,גרמים,580.00,100 גרם,false,,7.52,1.2966,true,1,8614
7290000035324,false,בולגרית חלב נוכרי פי,,,בולגרית חלב נוכרי פי,קילוגרמים,1.00,"ק""ג",true,,41.00,41.0000,true,1,25619
7290000040042,false,יופלה תות שובב 3% 15,,,יופלה תות שובב 3% 15,מיליליטרים,150.00,"100 מ""ל",false,,4.90,3.2667,true,1,25705
7290000040080,false,יופלה אפרסק מאוהב 3%,,,יופלה אפרסק מאוהב 3%,מיליליטרים,150.00,"100 מ""ל",false,,4.90,3.2667,true,1,25707
7290000040462,false,טוסטי טעם אדם 22% 20,,,טוסטי טעם אדם 22% 20,גרמים,200.00,100 גרם,false,,16.90,8.4500,true,1,25711
7290000040974,false,חלב תנובה קרטון דל ל,,,חלב תנובה קרטון דל ל,ליטרים,1.00,ליטר,false,,7.10,7.1000,true,1,25712
7290000041407,false,"גיל 3% בד""צ 125 מ""ל",,,"גיל 3% בד""צ 125 מ""ל",מיליליטרים,125.00,"100 מ""ל",false,,0.90,0.7200,true,1,25713
7290000041445,false,"קוטג' 5% תנובה בד""צ",,,"קוטג' 5% תנובה בד""צ",גרמים,250.00,100 גרם,false,,5.50,2.2000,true,1,25714
7290000041452,false,"קוטג' תנובה בד""צ 9%",,,"קוטג' תנובה בד""צ 9%",גרמים,250.00,100 גרם,false,,5.50,2.2000,true,1,25715
7290000041858,false,יטבתה שמנת חמוצה 15%,,,יטבתה שמנת חמוצה 15%,מיליליטרים,200.00,"100 מ""ל",false,,2.50,1.2500,true,1,23235
7290000042015,false,חלב תנובה טרי שקית,,,חלב תנובה טרי שקית,יחידה,0.00,יחידה,false,,5.43,0.0000,true,1,25717
7290000042435,false,חלב תנובה בקרטון 1%,,,חלב תנובה בקרטון 1%,ליטרים,1.00,ליטר,false,,5.86,5.8600,true,1,25723
7290000042640,false,חלב תנובה עמיד 3% מה,,,חלב תנובה עמיד 3% מה,מיליליטרים,250.00,"100 מ""ל",false,,2.90,1.1600,true,1,25728
7290000043111,false,חמאה תנובה רבנות 200,,,חמאה תנובה רבנות 200,גרמים,200.00,100 גרם,false,,7.88,3.9400,true,1,25731
7290000043814,false,שף לבן שמנת לקצפת עמ,,,שף לבן שמנת לקצפת עמ,מיליליטרים,250.00,"100 מ""ל",false,,6.47,2.5880,true,1,25733
7290000043890,false,ריויון 1.5% 1ל,,,ריויון 1.5% 1ל,ליטרים,1.00,ליטר,false,,10.90,10.9000,true,1,25734
7290000045573,false,נעמה גבינת מותכת 25%,,,נעמה גבינת מותכת 25%,גרמים,200.00,100 גרם,false,,14.90,7.4500,true,1,25743
7290000045580,false,נעמה גבינת מותכת 25%,,,נעמה גבינת מותכת 25%,גרמים,240.00,100 גרם,false,,17.90,7.4583,true,1,25744
7290000045917,false,תנובה גבינת פרומעז 2,,,תנובה גבינת פרומעז 2,גרמים,200.00,100 גרם,false,,24.90,12.4500,true,1,25746
7290000046020,false,גלבוע 22% במשקל,,,גלבוע 22% במשקל,קילוגרמים,1.00,"ק""ג",true,,42.58,42.5800,true,1,25625
7290000046327,false,גלבוע גבינה פרוסה 22,,,גלבוע גבינה פרוסה 22,גרמים,200.00,100 גרם,false,,12.60,6.3000,true,1,25747
7290000046563,false,גבע פרמזן תנובה במשק,,,גבע פרמזן תנובה במשק,קילוגרמים,1.00,"ק""ג",true,,109.00,109.0000,true,1,25632
7290000047485,false,בולגרית פיראוס 24% ב,,,בולגרית פיראוס 24% ב,קילוגרמים,1.00,"ק""ג",true,,55.90,55.9000,true,1,25637
7290000047546,false,שף לבן כנען 5% 500ג,,,שף לבן כנען 5% 500ג,גרמים,500.00,100 גרם,false,,23.90,4.7800,true,1,25748
7290000047942,false,תנובה גבינה לבנה 9%,,,תנובה גבינה לבנה 9%,גרמים,250.00,100 גרם,false,,4.75,1.9000,true,1,25750
7290000048185,false,גבינה לבנה רכה 5% תנ,,,גבינה לבנה רכה 5% תנ,גרמים,250.00,100 גרם,false,,4.98,1.9920,true,1,25751
7290000048192,false,גבינה לבנה רכה 9% בד,,,גבינה לבנה רכה 9% בד,גרמים,250.00,100 גרם,false,,4.70,1.8800,true,1,25752
7290000048413,false,פיראוס חמד 16% 250ג,,,פיראוס חמד 16% 250ג,גרמים,250.00,100 גרם,false,,17.90,7.1600,true,1,25754
7290000048437,false,פיראוס צפתית 5% 200,,,פיראוס צפתית 5% 200,גרמים,200.00,100 גרם,false,,13.90,6.9500,true,1,25755
7290000048444,false,פיראוס חמד 16% 1 קג,,,פיראוס חמד 16% 1 קג,קילוגרמים,1.00,"ק""ג",false,,51.90,51.9000,true,1,25756
7290000052311,false,עמק מהדרין 15% 200 ג,,,עמק מהדרין 15% 200 ג,גרמים,200.00,100 גרם,false,,15.80,7.9000,true,1,25777
7290000053219,false,טל העמק 32% במשקל,,,טל העמק 32% במשקל,קילוגרמים,1.00,"ק""ג",true,,58.00,58.0000,true,1,25640
7290000055329,false,יופלה משקה יוגורט תו,,,יופלה משקה יוגורט תו,מיליליטרים,250.00,"100 מ""ל",false,,5.50,2.2000,true,1,25793
7290000055343,false,יופלה משקה יוגורט טר,,,יופלה משקה יוגורט טר,מיליליטרים,250.00,"100 מ""ל",false,,5.50,2.2000,true,1,25795
7290000055350,false,עמק קלאסית 28% במשקל,,,עמק קלאסית 28% במשקל,קילוגרמים,1.00,"ק""ג",true,,44.79,44.7900,true,1,25642
7290000055893,false,חמאה מהדרין תנובה 20,,,חמאה מהדרין תנובה 20,גרמים,200.00,100 גרם,false,,7.88,3.9400,true,1,25801
7290000056272,false,תנובה גבינה לבנה עם,,,תנובה גבינה לבנה עם,גרמים,250.00,100 גרם,false,,5.90,2.3600,true,1,25804
7290000056845,false,חלב תנובה בקרטון 3%,,,חלב תנובה בקרטון 3%,ליטרים,1.50,ליטר,false,,9.34,6.2267,true,1,25809
7290000056890,false,יופלה דיאט טעמים שונ,,,יופלה דיאט טעמים שונ,קילוגרמים,1.20,"ק""ג",false,,29.90,24.9167,true,1,25811
7290000056951,false,שף לבן שמנת לבישול +,,,שף לבן שמנת לבישול +,מיליליטרים,500.00,"100 מ""ל",false,,15.90,3.1800,true,1,25814
7290000057088,false,עמק דק דק 28% 200גר,,,עמק דק דק 28% 200גר,גרמים,200.00,100 גרם,false,,15.90,7.9500,true,1,25817
7290000057118,false,עמק  סמי  28% 400 גר,,,עמק  סמי  28% 400 גר,גרמים,400.00,100 גרם,false,,20.90,5.2250,true,1,25818
7290000057149,false,תנובה יוגורט טבעי 3%,,,תנובה יוגורט טבעי 3%,גרמים,200.00,100 גרם,false,,3.50,1.7500,true,1,25820
7290000058030,false,יופלה שטוזים משקה יו,,,יופלה שטוזים משקה יו,מיליליטרים,800.00,"100 מ""ל",false,,20.90,2.6125,true,1,25825
7290000058047,false,שף לבן שמנת מתוקה מה,,,שף לבן שמנת מתוקה מה,מיליליטרים,500.00,"100 מ""ל",false,,12.94,2.5880,true,1,25826
7290000060088,false,בייגלה אסם מקלות מלו,,,בייגלה אסם מקלות מלו,גרמים,400.00,100 גרם,false,,9.90,2.4750,true,1,18419
7290000060200,false,פתיתים אפויים קוסקוס,,,פתיתים אפויים קוסקוס,גרמים,500.00,100 גרם,false,,6.90,1.3800,true,1,18423
7290000060217,false,פסטה מקרוני אסם 500,,,פסטה מקרוני אסם 500,גרמים,500.00,100 גרם,false,,5.90,1.1800,true,1,18424
7290000060248,false,פסטה תלתלים אסם 500,,,פסטה תלתלים אסם 500,גרמים,500.00,100 גרם,false,,5.90,1.1800,true,1,18425
7290000060316,false,פסטה ספגטי פרפקטו 50,,,פסטה ספגטי פרפקטו 50,גרמים,500.00,100 גרם,false,,6.90,1.3800,true,1,18427
7290000060330,false,פסטה ספירלי פרפקטו 5,,,פסטה ספירלי פרפקטו 5,גרמים,500.00,100 גרם,false,,6.90,1.3800,true,1,18429
7290000060408,false,פתיתים אפויים טבעות,,,פתיתים אפויים טבעות,גרמים,500.00,100 גרם,false,,6.90,1.3800,true,1,18431
7290000060781,false,פסטה מסולסלים אסם 50,,,פסטה מסולסלים אסם 50,גרמים,500.00,100 גרם,false,,5.90,1.1800,true,1,18439
7290000060828,false,פסטה קרניים בינוניות,,,פסטה קרניים בינוניות,גרמים,500.00,100 גרם,false,,5.90,1.1800,true,1,18440
7290000060842,false,פסטה צדפים גדולים אס,,,פסטה צדפים גדולים אס,גרמים,500.00,100 גרם,false,,5.90,1.1800,true,1,18441
7290000060880,false,ספגטי אסם 500 גרם,,,ספגטי אסם 500 גרם,גרמים,500.00,100 גרם,false,,5.90,1.1800,true,1,18444
7290000060903,false,פתיתים אפויים אורז א,,,פתיתים אפויים אורז א,גרמים,500.00,100 גרם,false,,6.90,1.3800,true,1,18445
7290000060958,false,אטריות בינוניות אסם,,,אטריות בינוניות אסם,גרמים,400.00,100 גרם,false,,6.90,1.7250,true,1,18447
7290000060965,false,אטריות רחבות אסם 400,,,אטריות רחבות אסם 400,גרמים,400.00,100 גרם,false,,6.90,1.7250,true,1,18448
7290000061025,false,בולגרית המושבה 5% במ,,,בולגרית המושבה 5% במ,קילוגרמים,1.00,"ק""ג",true,,48.00,48.0000,true,1,14798
7290000061056,false,צפתית פרח המושבה 5%,,,צפתית פרח המושבה 5%,קילוגרמים,1.00,"ק""ג",true,,44.90,44.9000,true,1,14799
7290000061061,false,אסם קרקר בצל 250גרם,,,אסם קרקר בצל 250גרם,גרמים,250.00,100 גרם,false,,9.90,3.9600,true,1,18450
7290000061063,false,קש המושבה 9% במשקל,,,קש המושבה 9% במשקל,קילוגרמים,1.00,"ק""ג",true,,50.00,50.0000,true,1,14800
7290000061245,false,אסם עוגיות שוקוצ'יפס,,,אסם עוגיות שוקוצ'יפס,גרמים,220.00,100 גרם,false,,9.90,4.5000,true,1,18454
7290000061261,false,טבורוג טעמים המושבה,,,טבורוג טעמים המושבה,קילוגרמים,1.00,"ק""ג",true,,34.00,34.0000,true,1,14802
7290000061278,false,גבינת שמנת טבעית המו,,,גבינת שמנת טבעית המו,קילוגרמים,1.00,"ק""ג",true,,40.00,40.0000,true,1,14803
7290000061285,false,טבורג המושבה 10% במש,,,טבורג המושבה 10% במש,קילוגרמים,1.00,"ק""ג",true,,34.00,34.0000,true,1,14804
7290000061315,false,לאבנה טבעי המושבה 5%,,,לאבנה טבעי המושבה 5%,קילוגרמים,1.00,"ק""ג",true,,37.00,37.0000,true,1,14805
7290000061421,false,גבינת חלומי המושבה 2,,,גבינת חלומי המושבה 2,קילוגרמים,1.00,"ק""ג",true,,75.00,75.0000,true,1,14810
7290000061445,false,כדורי לבנה בשמן המוש,,,כדורי לבנה בשמן המוש,קילוגרמים,1.00,"ק""ג",true,,100.00,100.0000,true,1,14811
7290000062952,false,מיני קרוטונים למרק ו,,,מיני קרוטונים למרק ו,גרמים,250.00,100 גרם,false,,13.90,5.5600,true,1,18463
7290000063102,false,קמח תופח קטן אסם 350,,,קמח תופח קטן אסם 350,גרמים,350.00,100 גרם,false,,4.90,1.4000,true,1,18466
7290000063133,false,שקדי מרק רכיבים טבעי,,,שקדי מרק רכיבים טבעי,גרמים,100.00,100 גרם,false,,5.90,5.9000,true,1,18467
7290000063140,false,שקדי מרק רכיבים טבעי,,,שקדי מרק רכיבים טבעי,גרמים,400.00,100 גרם,false,,10.90,2.7250,true,1,18468
7290000063157,false,קמח עוגה תופח מאליו,,,קמח עוגה תופח מאליו,קילוגרמים,1.00,"ק""ג",false,,7.90,7.9000,true,1,18469
7290000064758,false,קוסקוס אמיתי אסם 350,,,קוסקוס אמיתי אסם 350,גרמים,350.00,100 גרם,false,,7.90,2.2571,true,1,18479
7290000064871,false,"מנה חמה פירה תפו""א ו",,,"מנה חמה פירה תפו""א ו",גרמים,56.00,100 גרם,false,,5.90,10.5357,true,1,18480
7290000065557,false,מנה חמה קוסקוס וירקו,,,מנה חמה קוסקוס וירקו,גרמים,84.00,100 גרם,false,,5.90,7.0238,true,1,18485
7290000065977,false,חטיפי פריכונים תירס,,,חטיפי פריכונים תירס,גרמים,80.00,100 גרם,false,,7.90,9.8750,true,1,18491
7290000066141,false,ביסלי גריל 70 גר'.,,,ביסלי גריל 70 גר'.,גרמים,70.00,100 גרם,false,,3.90,5.5714,true,1,18493
7290000066196,false,ביסלי גריל 200גרם,,,ביסלי גריל 200גרם,גרמים,200.00,100 גרם,false,,6.90,3.4500,true,1,18498
7290000066264,false,דובונים 40גרם,,,דובונים 40גרם,גרמים,40.00,100 גרם,false,,4.50,11.2500,true,1,18502
7290000066295,false,במבה מתוקה מחומרים ט,,,במבה מתוקה מחומרים ט,גרמים,30.00,100 גרם,false,,2.90,9.6667,true,1,18503
7290000066318,false,במבה קלאסי 80 גרם,,,במבה קלאסי 80 גרם,גרמים,80.00,100 גרם,false,,4.50,5.6250,true,1,18505
7290000066332,false,אפרופו 50 גרם,,,אפרופו 50 גרם,גרמים,50.00,100 גרם,false,,5.00,10.0000,true,1,18506
7290000066349,false,אפרופו 100גרם,,,אפרופו 100גרם,גרמים,100.00,100 גרם,false,,8.90,8.9000,true,1,18507
7290000066431,false,פופקו חמאה ודבש 80גר,,,פופקו חמאה ודבש 80גר,גרמים,80.00,100 גרם,false,,4.90,6.1250,true,1,18508
7290000067407,false,פירורית מתובל שקית 2,,,פירורית מתובל שקית 2,גרמים,200.00,100 גרם,false,,6.50,3.2500,true,1,18515
7290000067544,false,אסם פירורית פירורי ל,,,אסם פירורית פירורי ל,גרמים,200.00,100 גרם,false,,6.50,3.2500,true,1,18517
7290000068138,false,אסם פודינג אינסטנט ו,,,אסם פודינג אינסטנט ו,גרמים,80.00,100 גרם,false,,5.50,6.8750,true,1,18527
7290000068343,false,פריכונים מאורז מלא א,,,פריכונים מאורז מלא א,גרמים,140.00,100 גרם,false,,6.90,4.9286,true,1,18537
7290000068701,false,שקדי מרק במיכל אסם 4,,,שקדי מרק במיכל אסם 4,גרמים,400.00,100 גרם,false,,15.90,3.9750,true,1,18538
7290000068770,false,במבה יום הולדת 80גרם,,,במבה יום הולדת 80גרם,גרמים,80.00,100 גרם,false,,4.50,5.6250,true,1,18539
7290000068787,false,במבה יום הולדת 25גרם,,,במבה יום הולדת 25גרם,גרמים,25.00,100 גרם,false,,2.50,10.0000,true,1,18540
7290000069258,false,פנה ריגאטה פרפקטו 50,,,פנה ריגאטה פרפקטו 50,גרמים,500.00,100 גרם,false,,6.90,1.3800,true,1,18544
7290000069715,false,אסם חטיפי קרקר מלוח,,,אסם חטיפי קרקר מלוח,גרמים,300.00,100 גרם,false,,10.90,3.6333,true,1,18550
7290000070308,false,מרק עוף אמיתי אסם 40,,,מרק עוף אמיתי אסם 40,גרמים,400.00,100 גרם,false,,16.90,4.2250,true,1,18555
7290000070353,false,אבקת מרק בצל רכיבים,,,אבקת מרק בצל רכיבים,גרמים,400.00,100 גרם,false,,19.90,4.9750,true,1,18557
7290000070919,false,בייגלה אסם רשתות מלח,,,בייגלה אסם רשתות מלח,גרמים,400.00,100 גרם,false,,11.90,2.9750,true,1,18565
7290000072067,false,במבה במילוי קרם חלבה,,,במבה במילוי קרם חלבה,גרמים,60.00,100 גרם,false,,4.50,7.5000,true,1,18567
7290000072241,false,אסם רוטב פיצה 290מל,,,אסם רוטב פיצה 290מל,מיליליטרים,290.00,"100 מ""ל",false,,9.90,3.4138,true,1,18571
7290000072623,false,אסם קטשופ בקבוק לחיץ,,,אסם קטשופ בקבוק לחיץ,גרמים,750.00,100 גרם,false,,10.90,1.4533,true,1,18573
7290000072630,false,אסם קטשופ חריף 750 ג,,,אסם קטשופ חריף 750 ג,גרמים,750.00,100 גרם,false,,11.90,1.5867,true,1,18574
7290000072753,false,נס קפה טייסטרס צ'ויס,,,נס קפה טייסטרס צ'ויס,גרמים,200.00,100 גרם,false,,29.90,14.9500,true,1,18576
7290000072760,false,טייסטרס צ'וייס 100גר,,,טייסטרס צ'וייס 100גר,גרמים,100.00,100 גרם,false,,27.90,27.9000,true,1,18577
7290000072777,false,טייסטרס צוייס נטול ק,,,טייסטרס צוייס נטול ק,גרמים,200.00,100 גרם,false,,36.90,18.4500,true,1,18578
7290000072968,false,סיני מיניס דגני נסטל,,,סיני מיניס דגני נסטל,יחידה,500.00,יחידה,false,,24.90,0.0498,true,1,18584
7290000073750,false,מנה חמה נודלס בטעם ע,,,מנה חמה נודלס בטעם ע,גרמים,70.00,100 גרם,false,,5.90,8.4286,true,1,18588
7290000073767,false,מנה חמה נודלס בטעם ב,,,מנה חמה נודלס בטעם ב,גרמים,70.00,100 גרם,false,,5.90,8.4286,true,1,18589
7290000074153,false,אסם פתי בר שוקו 500ג,,,אסם פתי בר שוקו 500ג,גרמים,500.00,100 גרם,false,,13.90,2.7800,true,1,18594
7290000074184,false,אסם פתי בר 500גרם,,,אסם פתי בר 500גרם,גרמים,500.00,100 גרם,false,,10.90,2.1800,true,1,18596
7290000074245,false,אסם קרם קרקר 250גרם,,,אסם קרם קרקר 250גרם,גרמים,250.00,100 גרם,false,,8.90,3.5600,true,1,18597
7290000074276,false,טבעון קרקר פיקנטי 25,,,טבעון קרקר פיקנטי 25,גרמים,250.00,100 גרם,false,,9.90,3.9600,true,1,18599
7290000074481,false,לחמית אגוזים 160גרם,,,לחמית אגוזים 160גרם,גרמים,160.00,100 גרם,false,,9.90,6.1875,true,1,18604
7290000074696,false,אסם קרם קרקר 1קג,,,אסם קרם קרקר 1קג,קילוגרמים,1.00,"ק""ג",false,,22.90,22.9000,true,1,18606
7290000074764,false,קרקר זהב אסם 900 גרם,,,קרקר זהב אסם 900 גרם,גרמים,900.00,100 גרם,false,,22.90,2.5444,true,1,18610
7290000075693,false,עוגת שמרים בריוש שוק,,,עוגת שמרים בריוש שוק,גרמים,360.00,100 גרם,false,,15.90,4.4167,true,1,18615
7290000076126,false,אסם בייגלה שמיניות ק,,,אסם בייגלה שמיניות ק,גרמים,80.00,100 גרם,false,,3.50,4.3750,true,1,18616
7290000076133,false,בייגלה אסם שמיניות ק,,,בייגלה אסם שמיניות ק,גרמים,400.00,100 גרם,false,,9.90,2.4750,true,1,18617
7290000076645,false,טוסטעים חיטה מלאה אס,,,טוסטעים חיטה מלאה אס,גרמים,100.00,100 גרם,false,,9.90,9.9000,true,1,18619
7290000077017,false,אסם קרמוגית במילוי ש,,,אסם קרמוגית במילוי ש,גרמים,200.00,100 גרם,false,,10.90,5.4500,true,1,18621
7290000077253,false,לחמית כפרית 190גרם,,,לחמית כפרית 190גרם,גרמים,190.00,100 גרם,false,,9.90,5.2105,true,1,18622
7290000078212,false,קרוטונים מתובלים אסם,,,קרוטונים מתובלים אסם,גרמים,250.00,100 גרם,false,,13.90,5.5600,true,1,18625
7290000078762,false,חטיפי פריכונים אורז,,,חטיפי פריכונים אורז,גרמים,80.00,100 גרם,false,,7.90,9.8750,true,1,18627
7290000079344,false,גבינת מוצרלה נעם 22%,,,גבינת מוצרלה נעם 22%,קילוגרמים,1.00,"ק""ג",true,,80.00,80.0000,true,1,6288
7290000080758,false,טוסטעים פת קלוי אסם,,,טוסטעים פת קלוי אסם,גרמים,100.00,100 גרם,false,,9.90,9.9000,true,1,18630
7290000080765,false,טוסטעים פת קלויה עם,,,טוסטעים פת קלויה עם,גרמים,100.00,100 גרם,false,,9.90,9.9000,true,1,18631
7290000081663,false,בייגלה אסם טבעות שומ,,,בייגלה אסם טבעות שומ,גרמים,300.00,100 גרם,false,,9.90,3.3000,true,1,18633
7290000085180,false,גטניו - פתיבר וניל 4,,,גטניו - פתיבר וניל 4,גרמים,470.00,100 גרם,false,,9.90,2.1064,true,1,41229
7290000089045,false,הולנדי במשקל,,,הולנדי במשקל,קילוגרמים,1.00,"ק""ג",true,,41.90,41.9000,true,1,18246
7290000089199,false,חריפה במשקל,,,חריפה במשקל,קילוגרמים,1.00,"ק""ג",true,,41.90,41.9000,true,1,18248
7290000089274,false,נקניק מעושן מעדנייה,,,נקניק מעושן מעדנייה,קילוגרמים,1.00,"ק""ג",true,,41.90,41.9000,true,1,18250
7290000095408,false,נעם 28%  חריץ מעדניה,,,נעם 28%  חריץ מעדניה,קילוגרמים,1.00,"ק""ג",true,,44.79,44.7900,true,1,6293
7290000095415,false,נעם 9% חריץ מעדניה-,,,נעם 9% חריץ מעדניה-,קילוגרמים,1.00,"ק""ג",true,,71.00,71.0000,true,1,6294
7290000095422,false,גבינת נועם  22% חריץ,,,גבינת נועם  22% חריץ,קילוגרמים,1.00,"ק""ג",true,,42.58,42.5800,true,1,6295
7290000101132,false,לקט קטניות לחמין 800,,,לקט קטניות לחמין 800,גרמים,800.00,100 גרם,false,,17.90,2.2375,true,1,25459
7290000103433,false,לקט ירקות לתנור 800,,,לקט ירקות לתנור 800,גרמים,800.00,100 גרם,false,,21.90,2.7375,true,1,25473
7290000104201,false,אפונה עדינה סנפרוסט,,,אפונה עדינה סנפרוסט,גרמים,600.00,100 גרם,false,,16.90,2.8167,true,1,25506
7290000104676,false,אפונת גינה סנפרוסט 8,,,אפונת גינה סנפרוסט 8,גרמים,800.00,100 גרם,false,,14.90,1.8625,true,1,25510
7290000104690,false,תירס גרעינים 800גר,,,תירס גרעינים 800גר,גרמים,800.00,100 גרם,false,,16.90,2.1125,true,1,25512
7290000104713,false,פול ירוק 800גר,,,פול ירוק 800גר,גרמים,800.00,100 גרם,false,,20.90,2.6125,true,1,25514
7290000104768,false,תרד עלים 800 גרם,,,תרד עלים 800 גרם,גרמים,800.00,100 גרם,false,,19.90,2.4875,true,1,25519
7290000104799,false,שעועית לבנה מבושלת 8,,,שעועית לבנה מבושלת 8,גרמים,800.00,100 גרם,false,,14.90,1.8625,true,1,25521
7290000104805,false,גרגירי חומוס קפוא 80,,,גרגירי חומוס קפוא 80,גרמים,800.00,100 גרם,false,,14.90,1.8625,true,1,25522
7290000104829,false,"קלחוני תירס 1 ק""ג",,,"קלחוני תירס 1 ק""ג",קילוגרמים,1.00,"ק""ג",false,,19.90,19.9000,true,1,25523
7290000104881,false,אפונה וגזר 800 גרם ס,,,אפונה וגזר 800 גרם ס,גרמים,800.00,100 גרם,false,,14.90,1.8625,true,1,25527
7290000104911,false,לקט נורמנדי 800גר,,,לקט נורמנדי 800גר,גרמים,800.00,100 גרם,false,,17.90,2.2375,true,1,25529
7290000105572,false,צלי כתף קפוא ארוז מח,,,צלי כתף קפוא ארוז מח,קילוגרמים,1.00,"ק""ג",true,,49.90,49.9000,true,1,46855
7290000107165,false,פולי סויה אדממה קפוא,,,פולי סויה אדממה קפוא,גרמים,400.00,100 גרם,false,,13.90,3.4750,true,1,25536
7290000107189,false,תחתיות ארטישוק 400גר,,,תחתיות ארטישוק 400גר,גרמים,400.00,100 גרם,false,,19.90,4.9750,true,1,25537
7290000107295,false,תפרחות ברוקולי 800ג,,,תפרחות ברוקולי 800ג,גרמים,800.00,100 גרם,false,,24.90,3.1125,true,1,25538
7290000110844,false,חטיף כיפלי גריל 70 ג,,,חטיף כיפלי גריל 70 ג,גרמים,70.00,100 גרם,false,,5.90,8.4286,true,1,10090
7290000111063,false,מיונז אמיתי 250 ג צנ,,,מיונז אמיתי 250 ג צנ,גרמים,250.00,100 גרם,false,,6.90,2.7600,true,1,10092
7290000111186,false,מיונז אמיתי תלמה 500,,,מיונז אמיתי תלמה 500,גרמים,500.00,100 גרם,false,,9.90,1.9800,true,1,10095
7290000111353,false,מיונז 1 קג,,,מיונז 1 קג,קילוגרמים,1.00,"ק""ג",false,,16.90,16.9000,true,1,10097
7290000111360,false,חרדל אמיתי 250 גרם מ,,,חרדל אמיתי 250 גרם מ,גרמים,250.00,100 גרם,false,,5.90,2.3600,true,1,10098
7290000111384,false,חרדל אמיתי תלמה 550,,,חרדל אמיתי תלמה 550,גרמים,550.00,100 גרם,false,,8.40,1.5273,true,1,10099
7290000112220,false,בארכה טחינה 100% שומ,,,בארכה טחינה 100% שומ,גרמים,500.00,100 גרם,false,,13.90,2.7800,true,1,18634
7290000116204,false,מרק דגש עוף קנור 1 ק,,,מרק דגש עוף קנור 1 ק,קילוגרמים,1.00,"ק""ג",false,,13.90,13.9000,true,1,10116
7290000116884,false,רוטב ברביקיו קנור 20,,,רוטב ברביקיו קנור 20,מיליליטרים,200.00,"100 מ""ל",false,,10.50,5.2500,true,1,10117
7290000116945,false,רוטב סויה קנור 300מל,,,רוטב סויה קנור 300מל,מיליליטרים,300.00,"100 מ""ל",false,,10.50,3.5000,true,1,10119
7290000120836,false,מיונז הלמנס 394 גרם,,,מיונז הלמנס 394 גרם,גרמים,394.00,100 גרם,false,,10.90,2.7665,true,1,10136
7290000120874,false,מיונז הלמנס לייט 424,,,מיונז הלמנס לייט 424,גרמים,424.00,100 גרם,false,,10.90,2.5708,true,1,10137
7290000121093,false,מון בלאן שויצרית 7%,,,מון בלאן שויצרית 7%,גרמים,120.00,100 גרם,false,,11.90,9.9167,true,1,16786
7290000121109,false,מון בלאן זיתים 7% 12,,,מון בלאן זיתים 7% 12,גרמים,120.00,100 גרם,false,,11.90,9.9167,true,1,16787
7290000133117,false,בולגרית מעודנת השומר,,,בולגרית מעודנת השומר,קילוגרמים,1.00,"ק""ג",true,,39.90,39.9000,true,1,14753
7290000134314,false,תערובת תיבול לפיצה ט,,,תערובת תיבול לפיצה ט,גרמים,120.00,100 גרם,false,,9.00,7.5000,true,1,42381
7290000134376,false,טעם וריח פפריקה בשמן,,,טעם וריח פפריקה בשמן,גרמים,90.00,100 גרם,false,,9.00,10.0000,true,1,42384
7290000134550,false,טעם וריח עלי דפנה שק,,,טעם וריח עלי דפנה שק,גרמים,20.00,100 גרם,false,,4.10,20.5000,true,1,42388
7290000134826,false,תבלין זעתר טעם וריח,,,תבלין זעתר טעם וריח,גרמים,100.00,100 גרם,false,,9.00,9.0000,true,1,42394
7290000134833,false,טעם וריח ת.כמון במיכ,,,טעם וריח ת.כמון במיכ,גרמים,100.00,100 גרם,false,,9.00,9.0000,true,1,42395
7290000134840,false,טעם וריח ת.כורכום במ,,,טעם וריח ת.כורכום במ,גרמים,100.00,100 גרם,false,,9.00,9.0000,true,1,42396
7290000134857,false,טעם וריח ת.פפריקה מת,,,טעם וריח ת.פפריקה מת,גרמים,100.00,100 גרם,false,,9.00,9.0000,true,1,42397
7290000134871,false,טעם וריח ת. פלפל שחו,,,טעם וריח ת. פלפל שחו,גרמים,100.00,100 גרם,false,,13.90,13.9000,true,1,42399
7290000136523,false,ג`אמפ ענבים 1.5 ליטר,,,ג`אמפ ענבים 1.5 ליטר,ליטרים,1.50,ליטר,false,,7.90,5.2667,true,1,167230
7290000136561,false,ג`אמפ תות בננה 1.5 ל,,,ג`אמפ תות בננה 1.5 ל,ליטרים,1.50,ליטר,false,,7.90,5.2667,true,1,167231
7290000136585,false,ג`אמפ תפוז 1.5 ליטר,,,ג`אמפ תפוז 1.5 ליטר,ליטרים,1.50,ליטר,false,,7.90,5.2667,true,1,167217
7290000136769,false,פפסי קולה 6*1.5 ליטר,,,פפסי קולה 6*1.5 ליטר,ליטרים,9.00,ליטר,false,,38.90,4.3222,true,1,167441
7290000136790,false,טמפו סודה 6*1.5 ליטר,,,טמפו סודה 6*1.5 ליטר,ליטרים,9.00,ליטר,false,,17.70,1.9667,true,1,167266
7290000136844,false,אקווה נובה 6*2 ליטר,,,אקווה נובה 6*2 ליטר,ליטרים,12.00,ליטר,false,,11.90,0.9917,true,1,167148
7290000136868,false,מים סאן בנדטו 6* 1.5,,,מים סאן בנדטו 6* 1.5,ליטרים,9.00,ליטר,false,,17.70,1.9667,true,1,167160
7290000136875,false,סאן בנדטו מים מינרלי,,,סאן בנדטו מים מינרלי,ליטרים,9.00,ליטר,false,,17.90,1.9889,true,1,167253
7290000143217,false,שמפו לשיער יבש הוואי,,,שמפו לשיער יבש הוואי,מיליליטרים,700.00,"100 מ""ל",false,,9.90,1.4143,true,1,8069
7290000144467,false,שמן חמניות בריאות מה,,,שמן חמניות בריאות מה,ליטרים,1.00,ליטר,false,,15.90,15.9000,true,1,29344
7290000144474,false,שמן קנולה בריאות עץ,,,שמן קנולה בריאות עץ,ליטרים,1.00,ליטר,false,,15.90,15.9000,true,1,29345
7290000146928,false,משחת שיניים טעם ענבי,,,משחת שיניים טעם ענבי,מיליליטרים,50.00,"100 מ""ל",false,,6.90,13.8000,true,1,8085
7290000148380,false,פיסטוק קלוי 200 גרם,,,פיסטוק קלוי 200 גרם,גרמים,200.00,100 גרם,false,,21.50,10.7500,true,1,12735
7290000149851,false,סינטבון כפול 460גר,,,סינטבון כפול 460גר,גרמים,460.00,100 גרם,false,,10.90,2.3696,true,1,29682
7290000150642,false,כתף בקר מעושן עוף טו,,,כתף בקר מעושן עוף טו,קילוגרמים,1.00,"ק""ג",true,,97.00,97.0000,true,1,19598
7290000152608,false,תה עוף טוב,,,תה עוף טוב,קילוגרמים,1.00,"ק""ג",true,,47.00,47.0000,true,1,19608
7290000152943,false,עוף טוב סלמי פסטרמה,,,עוף טוב סלמי פסטרמה,גרמים,700.00,100 גרם,false,,21.90,3.1286,true,1,19668
7290000153698,false,כתף מפולפל ע.טוב,,,כתף מפולפל ע.טוב,קילוגרמים,1.00,"ק""ג",true,,97.00,97.0000,true,1,19609
7290000158105,false,עוף טוב שניצל עוף מי,,,עוף טוב שניצל עוף מי,גרמים,700.00,100 גרם,false,,24.90,3.5571,true,1,19687
7290000161358,false,מיונז אמיתי משמן קנו,,,מיונז אמיתי משמן קנו,גרמים,500.00,100 גרם,false,,13.90,2.7800,true,1,10181
7290000168173,false,ברנפלקס קרנצים תלמה,,,ברנפלקס קרנצים תלמה,גרמים,375.00,100 גרם,false,,20.90,5.5733,true,1,10251
7290000169798,false,עוגי מופחת סוכר 20%,,,עוגי מופחת סוכר 20%,גרמים,500.00,100 גרם,false,,19.90,3.9800,true,1,10275
7290000174723,false,שוקולית 500 גרם,,,שוקולית 500 גרם,גרמים,500.00,100 גרם,false,,11.90,2.3800,true,1,22174
7290000175760,false,מנציגו  כבשים ויליפו,,,מנציגו  כבשים ויליפו,קילוגרמים,1.00,"ק""ג",true,,96.00,96.0000,true,1,2765
7290000176413,false,עלית נמס 50 גר',,,עלית נמס 50 גר',גרמים,50.00,100 גרם,false,,8.90,17.8000,true,1,22182
7290000176420,false,קפה נמס עלית פחית 20,,,קפה נמס עלית פחית 20,גרמים,200.00,100 גרם,false,,19.90,9.9500,true,1,22183
7290000176468,false,האג קפה נטול קפאין 5,,,האג קפה נטול קפאין 5,גרמים,50.00,100 גרם,false,,10.90,21.8000,true,1,22184
7290000178707,false,תפוציפס טבעי 50 גרם,,,תפוציפס טבעי 50 גרם,גרמים,50.00,100 גרם,false,,3.90,7.8000,true,1,24154
7290000178721,false,תפוציפס טבעי 200 גרם,,,תפוציפס טבעי 200 גרם,גרמים,200.00,100 גרם,false,,9.90,4.9500,true,1,24156
7290000185224,false,סילאן בקבוק לחיץ תמר,,,סילאן בקבוק לחיץ תמר,גרמים,650.00,100 גרם,false,,13.90,2.1385,true,1,46640
7290000187921,false,"נייר טואלט ""לילי"" לב",,,"נייר טואלט ""לילי"" לב",מטרים,588.00,מטר,false,,39.90,0.0679,true,1,8850
7290000187938,false,"נייר טואלט ""לילי"" פס",,,"נייר טואלט ""לילי"" פס",מטרים,588.00,מטר,false,,39.90,0.0679,true,1,8851
7290000188355,false,מגבות מטבח ניקול לבנ,,,מגבות מטבח ניקול לבנ,מטרים,64.80,מטר,false,,12.90,0.1991,true,1,8858
7290000188591,false,מגן תחתון סילק יאנג,,,מגן תחתון סילק יאנג,יחידה,0.00,יחידה,false,,16.90,0.0000,true,1,8865
7290000189505,false,ניקול תבנית אפייה מק,,,ניקול תבנית אפייה מק,יחידה,0.00,יחידה,false,,9.90,0.0000,true,1,8883
7290000189871,false,אשפתון 55 שקיות,,,אשפתון 55 שקיות,יחידה,0.00,יחידה,false,,17.90,0.0000,true,1,8895
7290000191225,false,האגיס רך נולד מידה 2,,,האגיס רך נולד מידה 2,יחידה,0.00,יחידה,false,,29.90,0.0000,true,1,8913
7290000191539,false,לילי צבעוני חמישיה-9,,,לילי צבעוני חמישיה-9,יחידה,0.00,יחידה,false,,12.90,0.0000,true,1,8916
7290000192581,false,מגבת כפולה ניקול 6=1,,,מגבת כפולה ניקול 6=1,מטרים,129.70,מטר,false,,19.90,0.1534,true,1,8926
7290000193014,false,מגן תחתון אינטרלוד ל,,,מגן תחתון אינטרלוד ל,יחידה,0.00,יחידה,false,,9.90,0.0000,true,1,8927
7290000193656,false,תחבושות נטורל אולטרה,,,תחבושות נטורל אולטרה,יחידה,0.00,יחידה,false,,15.90,0.0000,true,1,8939
7290000195216,false,ניקול נייר אפייה בשק,,,ניקול נייר אפייה בשק,יחידה,0.00,יחידה,false,,9.90,0.0000,true,1,8958
7290000195537,false,מגבוני האגיס דיילי ק,,,מגבוני האגיס דיילי ק,יחידה,0.00,יחידה,false,,18.90,0.0000,true,1,8964
7290000195773,false,מגבוני האגיס סנסטיב,,,מגבוני האגיס סנסטיב,יחידה,0.00,יחידה,false,,18.90,0.0000,true,1,8968
7290000196763,false,ניקול השקית החזקה,,,ניקול השקית החזקה,יחידה,0.00,יחידה,false,,21.90,0.0000,true,1,8974
7290000197326,false,ניקול רדיד אלומיניום,,,ניקול רדיד אלומיניום,מטרים,15.00,מטר,false,,10.90,0.7267,true,1,8988
7290000197425,false,האגיס פרידום דריי של,,,האגיס פרידום דריי של,יחידה,0.00,יחידה,false,,42.90,0.0000,true,1,8992
7290000197432,false,ניקול שקיות אוכל זוג,,,ניקול שקיות אוכל זוג,יחידה,0.00,יחידה,false,,12.90,0.0000,true,1,8993
7290000197463,false,האגיס פרידום דריי של,,,האגיס פרידום דריי של,יחידה,0.00,יחידה,false,,42.90,0.0000,true,1,8995
7290000197548,false,האגיס פרידום דריי של,,,האגיס פרידום דריי של,יחידה,0.00,יחידה,false,,42.90,0.0000,true,1,8999
7290000197678,false,האגיס פרידום דריי  ש,,,האגיס פרידום דריי  ש,יחידה,0.00,יחידה,false,,42.90,0.0000,true,1,9001
7290000197876,false,ניקול תבנית אלומיניו,,,ניקול תבנית אלומיניו,יחידה,0.00,יחידה,false,,8.90,0.0000,true,1,9005
7290000197951,false,ניקול תבנית אלומיניו,,,ניקול תבנית אלומיניו,יחידה,0.00,יחידה,false,,8.90,0.0000,true,1,9007
7290000198031,false,פסטרמה פרגיות ללחמני,,,פסטרמה פרגיות ללחמני,קילוגרמים,1.00,"ק""ג",true,,80.00,80.0000,true,1,97476
7290000198048,false,פסטרמה הודו בתיבול ש,,,פסטרמה הודו בתיבול ש,קילוגרמים,1.00,"ק""ג",true,,80.00,80.0000,true,1,97466
7290000199313,false,תחבושות קוטקס יאנג 2,,,תחבושות קוטקס יאנג 2,יחידה,0.00,יחידה,false,,17.90,0.0000,true,1,9011
7290000201870,false,טיטולים פרימיום שלב,,,טיטולים פרימיום שלב,יחידה,0.00,יחידה,false,,30.90,0.0000,true,1,9023
7290000204215,false,ניקול כריות יפניות 6,,,ניקול כריות יפניות 6,יחידה,0.00,יחידה,false,,10.90,0.0000,true,1,9042
7290000205762,false,האגיס אקסטרה קייר מי,,,האגיס אקסטרה קייר מי,יחידה,0.00,יחידה,false,,48.90,0.0000,true,1,9048
7290000205915,false,האגיס אקסטרה קייר מי,,,האגיס אקסטרה קייר מי,יחידה,0.00,יחידה,false,,48.90,0.0000,true,1,9049
7290000207063,false,רוטב עגבניות פריכוז,,,רוטב עגבניות פריכוז,גרמים,240.00,100 גרם,false,,3.90,1.6250,true,1,8616
7290000207162,false,רוטב עגבניות 100 גרם,,,רוטב עגבניות 100 גרם,גרמים,100.00,100 גרם,false,,2.20,2.2000,true,1,8619
7290000208022,false,עגבניות מרוסקות יכין,,,עגבניות מרוסקות יכין,גרמים,800.00,100 גרם,false,,9.90,1.2375,true,1,8623
7290000208077,false,אפונת גינה גדולה L י,,,אפונת גינה גדולה L י,גרמים,335.00,100 גרם,false,,8.90,2.6567,true,1,8625
7290000208114,false,אפונת גינה וגזר יכין,,,אפונת גינה וגזר יכין,גרמים,330.00,100 גרם,false,,8.90,2.6970,true,1,8628
7290000208145,false,גרעיני תירס לייט יכי,,,גרעיני תירס לייט יכי,גרמים,335.00,100 גרם,false,,9.90,2.9552,true,1,8631
7290000208213,false,שעועית לבנה ברוטב עג,,,שעועית לבנה ברוטב עג,גרמים,355.00,100 גרם,false,,8.90,2.5070,true,1,8633
7290000208312,false,גרעיני תירס מתוק יכי,,,גרעיני תירס מתוק יכי,גרמים,400.00,100 גרם,false,,6.90,1.7250,true,1,8638
7290000208329,false,גרעיני תירס מתוק יכי,,,גרעיני תירס מתוק יכי,גרמים,335.00,100 גרם,false,,8.90,2.6567,true,1,8639
7290000208336,false,רוטב עגבניות יכין 24,,,רוטב עגבניות יכין 24,גרמים,240.00,100 גרם,false,,4.50,1.8750,true,1,8640
7290000208343,false,עגבניות מרוסקות שום,,,עגבניות מרוסקות שום,גרמים,800.00,100 גרם,false,,9.90,1.2375,true,1,8641
7290000208367,false,עגבניות מרוסקות בזיל,,,עגבניות מרוסקות בזיל,גרמים,800.00,100 גרם,false,,9.90,1.2375,true,1,8643
7290000208404,false,פול מצרי יכין 550 גר,,,פול מצרי יכין 550 גר,גרמים,350.00,100 גרם,false,,8.90,2.5429,true,1,8644
7290000208428,false,חומוס שלם יכין 550 ג,,,חומוס שלם יכין 550 ג,גרמים,290.00,100 גרם,false,,8.90,3.0690,true,1,8645
7290000208800,false,תירס קיד מתוק יכין 4,,,תירס קיד מתוק יכין 4,גרמים,400.00,100 גרם,false,,6.90,1.7250,true,1,8652
7290000208893,false,תירס לייט יכין 400 ג,,,תירס לייט יכין 400 ג,גרמים,400.00,100 גרם,false,,6.90,1.7250,true,1,8654
7290000208930,false,עגבניות מרוסקות עם ש,,,עגבניות מרוסקות עם ש,גרמים,260.00,100 גרם,false,,5.50,2.1154,true,1,8655
7290000208947,false,עגבניות מרוסקות יכין,,,עגבניות מרוסקות יכין,יחידה,260.00,יחידה,false,,5.50,0.0212,true,1,8656
7290000208978,false,רוטב עגבניות פריכוז,,,רוטב עגבניות פריכוז,גרמים,100.00,100 גרם,false,,2.90,2.9000,true,1,8657
7290000209012,false,חומץ הדרים 5% יכין 1,,,חומץ הדרים 5% יכין 1,ליטרים,1.00,ליטר,false,,5.90,5.9000,true,1,8659
7290000209043,false,מיץ לימון משומר יכין,,,מיץ לימון משומר יכין,ליטרים,1.00,ליטר,false,,4.90,4.9000,true,1,8660
7290000209371,false,תירס שלישיה יכין 3*1,,,תירס שלישיה יכין 3*1,גרמים,495.00,100 גרם,false,,14.90,3.0101,true,1,8669
7290000209388,false,תירס לייט שלישיה יכי,,,תירס לייט שלישיה יכי,גרמים,420.00,100 גרם,false,,14.90,3.5476,true,1,8670
7290000209517,false,סירופ דייאט לימון יכ,,,סירופ דייאט לימון יכ,ליטרים,1.00,ליטר,false,,16.90,16.9000,true,1,8672
7290000209524,false,סירופ דייאט פטל יכין,,,סירופ דייאט פטל יכין,ליטרים,1.00,ליטר,false,,16.90,16.9000,true,1,8673
7290000209722,false,רוטב עגבניות מרוכז מ,,,רוטב עגבניות מרוכז מ,גרמים,580.00,100 גרם,false,,9.90,1.7069,true,1,8681
7290000209944,false,רוטב לעגבניות לשקשוק,,,רוטב לעגבניות לשקשוק,גרמים,260.00,100 גרם,false,,5.50,2.1154,true,1,8684
7290000209951,false,רוטב עגבניות לפיצה י,,,רוטב עגבניות לפיצה י,מיליליטרים,260.00,"100 מ""ל",false,,5.50,2.1154,true,1,8685
7290000211169,false,אורז תאילנדי 1 ק'ג,,,אורז תאילנדי 1 ק'ג,קילוגרמים,1.00,"ק""ג",false,,6.90,6.9000,true,1,17303
7290000211442,false,סוגת אורז פרסי קלאסי,,,סוגת אורז פרסי קלאסי,קילוגרמים,1.00,"ק""ג",false,,10.90,10.9000,true,1,17307
7290000211503,false,"סוכר סוגת לבן 1 ק""ג",,,"סוכר סוגת לבן 1 ק""ג",קילוגרמים,1.00,"ק""ג",false,,4.50,4.5000,true,1,17308
7290000211985,false,סוגת אורז עגול 1קג,,,סוגת אורז עגול 1קג,קילוגרמים,1.00,"ק""ג",false,,9.90,9.9000,true,1,17311
7290000238029,false,"בצק עלים 1ק""ג",,,"בצק עלים 1ק""ג",קילוגרמים,1.00,"ק""ג",false,,17.90,17.9000,true,1,35615
7290000238036,false,מעדנות מלווח 700גר,,,מעדנות מלווח 700גר,גרמים,700.00,100 גרם,false,,15.90,2.2714,true,1,35616
7290000238173,false,בורקס גבינה מעדנות 8,,,בורקס גבינה מעדנות 8,גרמים,800.00,100 גרם,false,,19.90,2.4875,true,1,35617
7290000238180,false,"בורקס תפו""א 800גר",,,"בורקס תפו""א 800גר",גרמים,800.00,100 גרם,false,,14.90,1.8625,true,1,35618
7290000245782,false,מרכך כביסה סוד ורוד,,,מרכך כביסה סוד ורוד,ליטרים,4.00,ליטר,false,,16.90,4.2250,true,1,34897
7290000253220,false,שוקולד צ'יפס אופנהיי,,,שוקולד צ'יפס אופנהיי,גרמים,260.00,100 גרם,false,,10.90,4.1923,true,1,24588
7290000256197,false,גאודה עיזים הולנדית,,,גאודה עיזים הולנדית,קילוגרמים,1.00,"ק""ג",true,,99.00,99.0000,true,1,62231
7290000262031,false,נייר טואלט מולט לב 3,,,נייר טואלט מולט לב 3,מטרים,563.00,מטר,false,,30.90,0.0549,true,1,9050
7290000262413,false,האגיס אקסטרה קייר מי,,,האגיס אקסטרה קייר מי,יחידה,0.00,יחידה,false,,48.90,0.0000,true,1,9056
7290000272467,false,סירופ דיאט פטל עסיס,,,סירופ דיאט פטל עסיס,ליטרים,1.00,ליטר,false,,16.90,16.9000,true,1,18640
7290000272696,false,מיץ לימון משומר עסיס,,,מיץ לימון משומר עסיס,ליטרים,1.00,ליטר,false,,9.50,9.5000,true,1,18641
7290000272726,false,חומץ טבעי 5% עסיס 1,,,חומץ טבעי 5% עסיס 1,ליטרים,1.00,ליטר,false,,5.90,5.9000,true,1,18642
7290000286228,false,סנו סושי שישיות כריו,,,סנו סושי שישיות כריו,יחידה,0.00,יחידה,false,,11.90,0.0000,true,1,29687
7290000286761,false,סנו סושי פלסטיק נצמד,,,סנו סושי פלסטיק נצמד,מטרים,60.00,מטר,false,,11.90,0.1983,true,1,29700
7290000287430,false,סנובון שלישיה צבעוני,,,סנובון שלישיה צבעוני,גרמים,165.00,100 גרם,false,,11.90,7.2121,true,1,29713
7290000287621,false,סנו אנטי קאלק W.C מנ,,,סנו אנטי קאלק W.C מנ,מיליליטרים,750.00,"100 מ""ל",false,,11.90,1.5867,true,1,29718
7290000288024,false,סנו ז'אוול בריח לימו,,,סנו ז'אוול בריח לימו,ליטרים,4.00,ליטר,false,,16.90,4.2250,true,1,29723
7290000288048,false,סנו ג'אוול מרסס אילנ,,,סנו ג'אוול מרסס אילנ,ליטרים,1.00,ליטר,false,,17.90,17.9000,true,1,29725
7290000288079,false,סנו זאוול בריח לימון,,,סנו זאוול בריח לימון,ליטרים,2.00,ליטר,false,,11.90,5.9500,true,1,29726
7290000288642,false,מרכך כביסה סנו מקסימ,,,מרכך כביסה סנו מקסימ,ליטרים,4.00,ליטר,false,,22.90,5.7250,true,1,29738
7290000288840,false,מים מזוקקים 2 ליטר,,,מים מזוקקים 2 ליטר,ליטרים,2.00,ליטר,false,,12.90,6.4500,true,1,29742
7290000289069,false,סנו ג'אוול מרסס לימו,,,סנו ג'אוול מרסס לימו,ליטרים,1.00,ליטר,false,,17.90,17.9000,true,1,29745
7290000289236,false,סנו K300פיתיון ג'ל ק,,,סנו K300פיתיון ג'ל ק,יחידה,0.00,יחידה,false,,50.90,0.0000,true,1,52459
7290000289472,false,סנו סושי שקיות HD 76,,,סנו סושי שקיות HD 76,יחידה,0.00,יחידה,false,,20.90,0.0000,true,1,29748
7290000289748,false,סנו פורטה פלוס לתנור,,,סנו פורטה פלוס לתנור,מיליליטרים,750.00,"100 מ""ל",false,,14.90,1.9867,true,1,29754
7290000292311,false,סנו פוליווקס סחלבים,,,סנו פוליווקס סחלבים,ליטרים,2.00,ליטר,false,,20.90,10.4500,true,1,29764
7290000293073,false,מרכך כביסה סנו מקסימ,,,מרכך כביסה סנו מקסימ,ליטרים,4.00,ליטר,false,,22.90,5.7250,true,1,29775
7290000293561,false,סנו מסיר עובש 750מל,,,סנו מסיר עובש 750מל,מיליליטרים,750.00,"100 מ""ל",false,,14.90,1.9867,true,1,29779
7290000293837,false,דאודורנט ג'ל קרמה מן,,,דאודורנט ג'ל קרמה מן,מיליליטרים,70.00,"100 מ""ל",false,,13.90,19.8571,true,1,29781
7290000294780,false,סנו ז'אוול סמיכה 4 ל,,,סנו ז'אוול סמיכה 4 ל,ליטרים,4.00,ליטר,false,,16.90,4.2250,true,1,29789
7290000295299,false,כריות יפניות סנו סוש,,,כריות יפניות סנו סוש,יחידה,0.00,יחידה,false,,11.90,0.0000,true,1,29791
7290000295404,false,שקיות אשפה נשלפות סנ,,,שקיות אשפה נשלפות סנ,יחידה,0.00,יחידה,false,,22.90,0.0000,true,1,29796
7290000295503,false,סנו סושי צמד שקיות א,,,סנו סושי צמד שקיות א,יחידה,0.00,יחידה,false,,14.90,0.0000,true,1,29797
7290000295541,false,סנו רב מגבת גמבו,,,סנו רב מגבת גמבו,יחידה,0.00,יחידה,false,,16.90,0.0000,true,1,29798
7290000295558,false,צמד רדיד אלומיניום ק,,,צמד רדיד אלומיניום ק,מטרים,15.00,מטר,false,,11.90,0.7933,true,1,29799
7290000300900,false,שניצל תירס טבעול רכי,,,שניצל תירס טבעול רכי,גרמים,750.00,100 גרם,false,,24.90,3.3200,true,1,19706
7290000313184,false,חברים ביסקויט גן חיו,,,חברים ביסקויט גן חיו,גרמים,250.00,100 גרם,false,,8.50,3.4000,true,1,18644
7290000313290,false,נודלס אטריות מסולסלו,,,נודלס אטריות מסולסלו,יחידה,200.00,יחידה,false,,8.90,0.0445,true,1,18646
7290000321750,false,"פילה אמנון 5-7 בד""צ",,,"פילה אמנון 5-7 בד""צ",קילוגרמים,1.00,"ק""ג",true,,29.90,29.9000,true,1,53642
7290000334684,false,טבעות בצל 700 גרם,,,טבעות בצל 700 גרם,גרמים,700.00,100 גרם,false,,17.90,2.5571,true,1,19720
7290000334745,false,"אמריקאן ציפס 1.5 ק""ג",,,"אמריקאן ציפס 1.5 ק""ג",קילוגרמים,1.50,"ק""ג",false,,24.90,16.6000,true,1,19721
7290000342832,false,בדין מרכך כביסה צהוב,,,בדין מרכך כביסה צהוב,ליטרים,4.00,ליטר,false,,19.90,4.9750,true,1,10303
7290000345284,false,תה ויסוצקי 1.5 קלאסי,,,תה ויסוצקי 1.5 קלאסי,גרמים,150.00,100 גרם,false,,15.90,10.6000,true,1,24598
7290000345307,false,תה ארל גריי 1.5/50,,,תה ארל גריי 1.5/50,גרמים,75.00,100 גרם,false,,28.90,38.5333,true,1,24600
7290000347738,false,תה ירוק נענע 25 שקיק,,,תה ירוק נענע 25 שקיק,גרמים,37.50,100 גרם,false,,23.90,63.7333,true,1,24619
7290000347752,false,תה ירוק לימונית ולוא,,,תה ירוק לימונית ולוא,גרמים,37.50,100 גרם,false,,23.90,63.7333,true,1,24620
7290000364261,false,סלסולי כתף בקר 120 ג,,,סלסולי כתף בקר 120 ג,גרמים,120.00,100 גרם,false,,12.80,10.6667,true,1,25329
7290000364278,false,סלסולי סלמי איטלקי מ,,,סלסולי סלמי איטלקי מ,גרמים,120.00,100 גרם,false,,12.80,10.6667,true,1,25330
7290000364285,false,טירת צבי סלסולי פסטר,,,טירת צבי סלסולי פסטר,גרמים,120.00,100 גרם,false,,12.80,10.6667,true,1,25331
7290000364858,false,נקניקיות עוף טרי 1 ק,,,נקניקיות עוף טרי 1 ק,קילוגרמים,1.00,"ק""ג",false,,22.90,22.9000,true,1,25337
7290000364872,false,נקניקיות עוף 400 גרם,,,נקניקיות עוף 400 גרם,גרמים,400.00,100 גרם,false,,11.90,2.9750,true,1,25338
7290000364957,false,נקנקיות מיני - מיני,,,נקנקיות מיני - מיני,גרמים,700.00,100 גרם,false,,20.90,2.9857,true,1,25339
7290000365107,false,כתף בקר מפולפל ט.צבי,,,כתף בקר מפולפל ט.צבי,קילוגרמים,1.00,"ק""ג",true,,90.00,90.0000,true,1,25300
7290000365756,false,פסט. עלגחלים ד.ש.ט.צ,,,פסט. עלגחלים ד.ש.ט.צ,קילוגרמים,1.00,"ק""ג",true,,79.00,79.0000,true,1,25306
7290000365909,false,פסט.טבעית ט.צבי מעדנ,,,פסט.טבעית ט.צבי מעדנ,קילוגרמים,1.00,"ק""ג",true,,79.00,79.0000,true,1,25308
7290000367590,false,צמד כפרי נק.סלמי+פסט,,,צמד כפרי נק.סלמי+פסט,גרמים,800.00,100 גרם,false,,25.40,3.1750,true,1,25341
7290000408316,false,דנונה טבעי 3% 200מל,,,דנונה טבעי 3% 200מל,מיליליטרים,200.00,"100 מ""ל",false,,3.70,1.8500,true,1,23243
7290000408354,false,דנונה קראנצ' פצפוצים,,,דנונה קראנצ' פצפוצים,מיליליטרים,175.00,"100 מ""ל",false,,4.60,2.6286,true,1,23244
7290000412481,false,מנקה אסלות 1 ליטר 00,,,מנקה אסלות 1 ליטר 00,ליטרים,1.00,ליטר,false,,7.90,7.9000,true,1,29808
7290000416021,false,ממרח שוקולד השחר 500,,,ממרח שוקולד השחר 500,גרמים,500.00,100 גרם,false,,13.90,2.7800,true,1,28862
7290000416045,false,ממרח שוקולד השחר 1 ק,,,ממרח שוקולד השחר 1 ק,קילוגרמים,1.00,"ק""ג",false,,24.90,24.9000,true,1,28864
7290000416618,false,ממרח שוקולד פרווה הש,,,ממרח שוקולד פרווה הש,גרמים,400.00,100 גרם,false,,11.90,2.9750,true,1,28872
7290000416632,false,ממרח שוקולד פרווה הש,,,ממרח שוקולד פרווה הש,קילוגרמים,1.00,"ק""ג",false,,23.90,23.9000,true,1,28873
7290000420325,false,פופסטאר פופקורן טבעי,,,פופסטאר פופקורן טבעי,גרמים,500.00,100 גרם,false,,12.90,2.5800,true,1,5730
7290000420332,false,פופסטאר פופקורן חמאה,,,פופסטאר פופקורן חמאה,גרמים,500.00,100 גרם,false,,12.90,2.5800,true,1,5731
7290000448033,false,נפוליאון גבינת שמנת,,,נפוליאון גבינת שמנת,קילוגרמים,1.00,"ק""ג",true,,39.00,39.0000,true,1,170012
7290000453019,false,שמרית שמרים טריים לא,,,שמרית שמרים טריים לא,גרמים,50.00,100 גרם,false,,4.50,9.0000,true,1,23245
7290000453200,false,בלילה מצוננת פנקייק,,,בלילה מצוננת פנקייק,גרמים,750.00,100 גרם,false,,19.90,2.6533,true,1,141884
7290000453415,false,שמרית בצק עלים מצונן,,,שמרית בצק עלים מצונן,גרמים,300.00,100 גרם,false,,15.90,5.3000,true,1,23248
7290000453422,false,שמרית בצק פילו מוכן,,,שמרית בצק פילו מוכן,גרמים,300.00,100 גרם,false,,15.90,5.3000,true,1,23249
7290000453798,false,שמרים יבשים אקטיביים,,,שמרים יבשים אקטיביים,גרמים,500.00,100 גרם,false,,12.90,2.5800,true,1,22200
7290000453866,false,נטורינה קוקוס שטראוס,,,נטורינה קוקוס שטראוס,גרמים,200.00,100 גרם,false,,7.70,3.8500,true,1,23250
7290000453897,false,מרגרינה בטעם חמאה 20,,,מרגרינה בטעם חמאה 20,גרמים,200.00,100 גרם,false,,4.90,2.4500,true,1,23253
7290000461656,false,מקלות מלוחים 400 גרם,,,מקלות מלוחים 400 גרם,גרמים,400.00,100 גרם,false,,9.90,2.4750,true,1,10308
7290000461793,false,ביגלה ארוך ארוך דל ש,,,ביגלה ארוך ארוך דל ש,גרמים,150.00,100 גרם,false,,5.90,3.9333,true,1,10312
7290000462141,false,סחוג אדום חריף מאוד,,,סחוג אדום חריף מאוד,גרמים,150.00,100 גרם,false,,7.90,5.2667,true,1,23255
7290000467320,false,צבר חומוס אבו מרוואן,,,צבר חומוס אבו מרוואן,גרמים,400.00,100 גרם,false,,13.90,3.4750,true,1,19733
7290000472821,false,גבינה צהובה  28% הר,,,גבינה צהובה  28% הר,קילוגרמים,1.00,"ק""ג",true,,31.00,31.0000,true,1,229765
7290000474090,false,טרה חלב בקרטון 1% 1ל,,,טרה חלב בקרטון 1% 1ל,ליטרים,1.00,ליטר,false,,5.86,5.8600,true,1,6345
7290000474373,false,טרה שמנת חמוצה 15% 2,,,טרה שמנת חמוצה 15% 2,מיליליטרים,200.00,"100 מ""ל",false,,2.40,1.2000,true,1,6351
7290000474502,false,טרה גבינה לבנה 5% 25,,,טרה גבינה לבנה 5% 25,גרמים,250.00,100 גרם,false,,4.98,1.9920,true,1,6354
7290000474540,false,טוב טעם גבינה 3% 250,,,טוב טעם גבינה 3% 250,גרמים,250.00,100 גרם,false,,10.90,4.3600,true,1,6355
7290000480107,false,"קוואקר מהיר אטוס לל""",,,"קוואקר מהיר אטוס לל""",גרמים,500.00,100 גרם,false,,12.90,2.5800,true,1,24157
7290000480442,false,שיבולת שועל בשקית קו,,,שיבולת שועל בשקית קו,גרמים,500.00,100 גרם,false,,11.90,2.3800,true,1,24158
7290000481531,false,לחמניות 10 יחידות חי,,,לחמניות 10 יחידות חי,גרמים,750.00,100 גרם,false,,13.90,1.8533,true,1,4462
7290000481883,false,10 לחמניות דגנית,,,10 לחמניות דגנית,גרמים,750.00,100 גרם,false,,13.90,1.8533,true,1,4466
7290000484747,false,"עלית הארק 40% 700 מ""",,,"עלית הארק 40% 700 מ""",מיליליטרים,700.00,"100 מ""ל",false,,59.90,8.5571,true,1,28897
7290000493183,false,אסם אבקת רוטב פטריות,,,אסם אבקת רוטב פטריות,גרמים,30.00,100 גרם,false,,3.90,13.0000,true,1,18684
7290000511904,false,*מבצע* בייבי אדם הול,,,*מבצע* בייבי אדם הול,קילוגרמים,1.00,"ק""ג",true,,65.00,65.0000,true,1,2803
7290000518190,false,מתוק וקל סטיביה 100,,,מתוק וקל סטיביה 100,גרמים,80.00,100 גרם,false,,24.90,31.1250,true,1,15790
7290000523804,false,מלח עדין בצנצנת הארץ,,,מלח עדין בצנצנת הארץ,קילוגרמים,1.00,"ק""ג",false,,7.50,7.5000,true,1,24624
7290000525969,false,פרימור מיץ תפוזים 1ל,,,פרימור מיץ תפוזים 1ל,ליטרים,1.00,ליטר,false,,15.90,15.9000,true,1,23261
7290000530024,false,תה מעושן זוגלובק,,,תה מעושן זוגלובק,קילוגרמים,1.00,"ק""ג",true,,47.00,47.0000,true,1,38891
7290000530031,false,סלמי פיין צר זוגלובק,,,סלמי פיין צר זוגלובק,קילוגרמים,1.00,"ק""ג",true,,60.00,60.0000,true,1,38892
7290000530062,false,סלמי מעו. איטלקי זוג,,,סלמי מעו. איטלקי זוג,קילוגרמים,1.00,"ק""ג",true,,82.00,82.0000,true,1,38894
7290000530116,false,סלמי מעושן בשן זוגלו,,,סלמי מעושן בשן זוגלו,גרמים,470.00,100 גרם,false,,22.90,4.8723,true,1,38931
7290000530178,false,סלמי קוניאק זוגלובק.,,,סלמי קוניאק זוגלובק.,קילוגרמים,1.00,"ק""ג",true,,90.00,90.0000,true,1,38897
7290000530260,false,נקניק מורטדלה זוגלוב,,,נקניק מורטדלה זוגלוב,קילוגרמים,1.00,"ק""ג",true,,38.00,38.0000,true,1,38899
7290000530291,false,זוגלובק נקניק מבשר ה,,,זוגלובק נקניק מבשר ה,גרמים,800.00,100 גרם,false,,18.90,2.3625,true,1,38933
7290000530413,false,המבורגר זהב 400גר,,,המבורגר זהב 400גר,גרמים,400.00,100 גרם,false,,19.90,4.9750,true,1,38934
7290000530444,false,כתף בקר מעושן זוגלוב,,,כתף בקר מעושן זוגלוב,קילוגרמים,1.00,"ק""ג",true,,110.00,110.0000,true,1,38902
7290000530468,false,נקניקיות וינר טרי 1ק,,,נקניקיות וינר טרי 1ק,קילוגרמים,1.00,"ק""ג",false,,24.90,24.9000,true,1,38935
7290000532400,false,ברביקיו חזה הודו זוג,,,ברביקיו חזה הודו זוג,קילוגרמים,1.00,"ק""ג",true,,80.00,80.0000,true,1,38905
7290000532585,false,רוסטביף 4% זוגלובק,,,רוסטביף 4% זוגלובק,קילוגרמים,1.00,"ק""ג",true,,120.00,120.0000,true,1,38906
7290000533353,false,זוגלובק בצק עלים 1קג,,,זוגלובק בצק עלים 1קג,קילוגרמים,1.00,"ק""ג",false,,13.90,13.9000,true,1,38945
7290000534718,false,תבור חזה מעושן ד.ש.,,,תבור חזה מעושן ד.ש.,קילוגרמים,1.00,"ק""ג",true,,80.00,80.0000,true,1,38912
7290000534824,false,חרמון 3% זוגלובק במש,,,חרמון 3% זוגלובק במש,קילוגרמים,1.00,"ק""ג",true,,53.00,53.0000,true,1,38914
7290000537566,false,נקניקיות עוף טרי 400,,,נקניקיות עוף טרי 400,גרמים,400.00,100 גרם,false,,11.50,2.8750,true,1,38957
7290000537603,false,"נקנקיות עוף 1 ק""ג -ז",,,"נקנקיות עוף 1 ק""ג -ז",קילוגרמים,1.00,"ק""ג",false,,24.90,24.9000,true,1,38958
7290000552569,false,סטייק בורגר 400 ג'-ט,,,סטייק בורגר 400 ג'-ט,גרמים,400.00,100 גרם,false,,17.90,4.4750,true,1,16797
7290000552989,false,בשר עגל טחון קפוא 50,,,בשר עגל טחון קפוא 50,גרמים,500.00,100 גרם,false,,21.90,4.3800,true,1,16801
7290000554402,false,גד מלבי 160מל.,,,גד מלבי 160מל.,מיליליטרים,160.00,"100 מ""ל",false,,5.90,3.6875,true,1,14624
7290000554471,false,גד מוצרלה נקניק טבעי,,,גד מוצרלה נקניק טבעי,גרמים,180.00,100 גרם,false,,15.90,8.8333,true,1,14626
7290000554532,false,גד צפתית מעודנת במלח,,,גד צפתית מעודנת במלח,גרמים,200.00,100 גרם,false,,14.90,7.4500,true,1,14627
7290000554624,false,גד ירח מתוק 150מל,,,גד ירח מתוק 150מל,גרמים,150.00,100 גרם,false,,5.90,3.9333,true,1,14629
7290000554822,false,גד ריקוטה טבעי 5% 25,,,גד ריקוטה טבעי 5% 25,גרמים,250.00,100 גרם,false,,14.50,5.8000,true,1,14632
7290000554839,false,גד מסקרפונה 40% 250ג,,,גד מסקרפונה 40% 250ג,גרמים,250.00,100 גרם,false,,20.50,8.2000,true,1,14633
7290000561141,false,מיקס אגוזים טבעי  15,,,מיקס אגוזים טבעי  15,גרמים,150.00,100 גרם,false,,14.90,9.9333,true,1,1422
7290000561233,false,בוטן קלוי 200ג פיצוח,,,בוטן קלוי 200ג פיצוח,גרמים,200.00,100 גרם,false,,7.90,3.9500,true,1,1429
7290000561271,false,צימוק בהיר 200 גרם -,,,צימוק בהיר 200 גרם -,גרמים,200.00,100 גרם,false,,10.00,5.0000,true,1,1431
7290000561981,false,אגוז מלך 200ג,,,אגוז מלך 200ג,גרמים,200.00,100 גרם,false,,19.90,9.9500,true,1,1460
7290000572628,false,חטיפי חלוה ללא תוספת,,,חטיפי חלוה ללא תוספת,גרמים,275.00,100 גרם,false,,12.90,4.6909,true,1,684
7290000574035,false,לחם אחיד פרוס דגנית,,,לחם אחיד פרוס דגנית,גרמים,750.00,100 גרם,false,,7.11,0.9480,true,1,4472
7290000574141,false,לחם חיטה מלאה דגנית,,,לחם חיטה מלאה דגנית,גרמים,750.00,100 גרם,false,,14.90,1.9867,true,1,4478
7290000574172,false,לחם קל חיטה מלאה דגנ,,,לחם קל חיטה מלאה דגנ,גרמים,750.00,100 גרם,false,,13.90,1.8533,true,1,4480
7290000652542,false,פילה אמנון 5-7 100%,,,פילה אמנון 5-7 100%,קילוגרמים,1.00,"ק""ג",true,,34.90,34.9000,true,1,78977
7290000654546,false,פילה אמנון 7-9 100%,,,פילה אמנון 7-9 100%,קילוגרמים,1.00,"ק""ג",true,,34.90,34.9000,true,1,78978
7290000655376,false,פילה דניס קפוא,,,פילה דניס קפוא,קילוגרמים,1.00,"ק""ג",true,,89.90,89.9000,true,1,26491
7290000659312,false,דגי תנובה פילה סלמון,,,דגי תנובה פילה סלמון,קילוגרמים,1.00,"ק""ג",true,,69.90,69.9000,true,1,26495
7290000662817,false,סלמון מעושן פרוס 100,,,סלמון מעושן פרוס 100,גרמים,100.00,100 גרם,false,,18.90,18.9000,true,1,108552
7290000663036,false,פילה אמנון ללא עור 1,,,פילה אמנון ללא עור 1,קילוגרמים,1.00,"ק""ג",true,,44.90,44.9000,true,1,127730
7290000663135,false,קוביות סלמון 300 גרם,,,קוביות סלמון 300 גרם,גרמים,300.00,100 גרם,false,,29.90,9.9667,true,1,145013
7290000680123,false,כנפיים עוף טרי ארוז,,,כנפיים עוף טרי ארוז,קילוגרמים,1.00,"ק""ג",true,,10.90,10.9000,true,1,49950
7290000680130,false,שוקיים עוף טרי ארוז,,,שוקיים עוף טרי ארוז,קילוגרמים,1.00,"ק""ג",true,,28.90,28.9000,true,1,49951
7290000680147,false,כרעיים עוף טרי ארוז,,,כרעיים עוף טרי ארוז,קילוגרמים,1.00,"ק""ג",true,,26.90,26.9000,true,1,49952
7290000680161,false,חזה עוף שלם טרי ארוז,,,חזה עוף שלם טרי ארוז,קילוגרמים,1.00,"ק""ג",true,,31.90,31.9000,true,1,49954
7290000680451,false,כבד עוף טרי ארוז.,,,כבד עוף טרי ארוז.,קילוגרמים,1.00,"ק""ג",true,,19.90,19.9000,true,1,49959
7290000680529,false,שניצל עוף טרי ארוז,,,שניצל עוף טרי ארוז,קילוגרמים,1.00,"ק""ג",true,,36.90,36.9000,true,1,49964
7290000680536,false,סטייק פרגית טרי כרע,,,סטייק פרגית טרי כרע,קילוגרמים,1.00,"ק""ג",true,,49.90,49.9000,true,1,49965
7290000681298,false,חזה עוף טרי מחפוד אר,,,חזה עוף טרי מחפוד אר,קילוגרמים,1.00,"ק""ג",true,,32.90,32.9000,true,1,49967
7290000681304,false,כרעיים עוף טרי מחפוד,,,כרעיים עוף טרי מחפוד,קילוגרמים,1.00,"ק""ג",true,,32.90,32.9000,true,1,49968
7290000681328,false,מחפוד שוקיים עוף טרי,,,מחפוד שוקיים עוף טרי,קילוגרמים,1.00,"ק""ג",true,,36.90,36.9000,true,1,49970
7290000681380,false,שניצל עוף טרי מחפוד,,,שניצל עוף טרי מחפוד,קילוגרמים,1.00,"ק""ג",true,,34.90,34.9000,true,1,49976
7290000688374,false,"מי עדן בייבי 330 מ""ל",,,"מי עדן בייבי 330 מ""ל",ליטרים,1.98,ליטר,false,,14.90,7.5253,true,1,11465
7290000688381,false,מי עדן פקק ספורט 6*5,,,מי עדן פקק ספורט 6*5,ליטרים,3.00,ליטר,false,,13.90,4.6333,true,1,11466
7290000688466,false,מי עדן ג'ים 750מל,,,מי עדן ג'ים 750מל,מיליליטרים,750.00,"100 מ""ל",false,,2.90,0.3867,true,1,11468
7290000692210,false,אג'קס ניקוי כללי ורצ,,,אג'קס ניקוי כללי ורצ,ליטרים,2.00,ליטר,false,,22.90,11.4500,true,1,21417
7290000803067,false,משחת שיניים לילדים א,,,משחת שיניים לילדים א,מיליליטרים,75.00,"100 מ""ל",false,,15.90,21.2000,true,1,21425
7290000835954,false,פילה אמנון 5-7 בוואק,,,פילה אמנון 5-7 בוואק,קילוגרמים,1.00,"ק""ג",true,,26.90,26.9000,true,1,64338
7290000900313,false,פסט. ספרדית ט.צבי מע,,,פסט. ספרדית ט.צבי מע,קילוגרמים,1.00,"ק""ג",true,,79.00,79.0000,true,1,25314
7290000900436,false,פסט.איטלקית ט.צבי מע,,,פסט.איטלקית ט.צבי מע,קילוגרמים,1.00,"ק""ג",true,,79.00,79.0000,true,1,25317
7290000910291,false,פלפל צ`ילי,,,פלפל צ`ילי,גרמים,100.00,100 גרם,false,,7.90,7.9000,true,1,46599
7290001041147,false,חומוס 1 ק'ג,,,חומוס 1 ק'ג,קילוגרמים,1.00,"ק""ג",false,,11.90,11.9000,true,1,14851
7290001041178,false,"אפונה 1 ק""ג",,,"אפונה 1 ק""ג",קילוגרמים,1.00,"ק""ג",false,,7.90,7.9000,true,1,14854
7290001041208,false,עדשים ירוקות 1 ק'ג,,,עדשים ירוקות 1 ק'ג,קילוגרמים,1.00,"ק""ג",false,,12.90,12.9000,true,1,14857
7290001041260,false,שומשום מיה 400 גרם,,,שומשום מיה 400 גרם,גרמים,400.00,100 גרם,false,,11.90,2.9750,true,1,14860
7290001123775,false,שווארמה פרגיות 500 ג,,,שווארמה פרגיות 500 ג,גרמים,500.00,100 גרם,false,,19.90,3.9800,true,1,16806
7290001136287,false,שמפו רגיל ירוק נקה 7,,,שמפו רגיל ירוק נקה 7,מיליליטרים,750.00,"100 מ""ל",false,,11.90,1.5867,true,1,29810
7290001136294,false,שמפו יבש אדום נקה 7,,,שמפו יבש אדום נקה 7,מיליליטרים,750.00,"100 מ""ל",false,,11.90,1.5867,true,1,29811
7290001136362,false,תחליב רחצה אלוורה ות,,,תחליב רחצה אלוורה ות,יחידה,0.00,יחידה,false,,13.90,0.0000,true,1,29813
7290001136683,false,מרכך רגיל ירוק נקה 7,,,מרכך רגיל ירוק נקה 7,מיליליטרים,750.00,"100 מ""ל",false,,11.90,1.5867,true,1,29815
7290001136973,false,תחליב רחצה קמומיל נק,,,תחליב רחצה קמומיל נק,יחידה,0.00,יחידה,false,,13.90,0.0000,true,1,29817
7290001201510,false,30 ביצים M  מ.לסר,,,30 ביצים M  מ.לסר,יחידה,0.00,יחידה,false,,27.87,0.0000,true,1,13625
7290001201589,false,12 ביצים L  מ.לסר,,,12 ביצים L  מ.לסר,יחידה,0.00,יחידה,false,,12.05,0.0000,true,1,13628
7290001201596,false,12 ביצים M  מ.לסר,,,12 ביצים M  מ.לסר,יחידה,0.00,יחידה,false,,11.15,0.0000,true,1,13629
7290001201824,false,12 ביצים L  אורגני מ,,,12 ביצים L  אורגני מ,יחידה,0.00,יחידה,false,,21.90,0.0000,true,1,13637
7290001201862,false,12 ביצים חופש L מ. ל,,,12 ביצים חופש L מ. ל,יחידה,0.00,יחידה,false,,17.90,0.0000,true,1,13640
7290001216040,false,טחינה אל ארז 100% שו,,,טחינה אל ארז 100% שו,גרמים,500.00,100 גרם,false,,15.90,3.1800,true,1,34857
7290001245705,false,אקונומיקה מבושמת 4 ל,,,אקונומיקה מבושמת 4 ל,ליטרים,4.00,ליטר,false,,10.90,2.7250,true,1,37991
7290001245729,false,ג'ל כביסה ירוק 3 ליט,,,ג'ל כביסה ירוק 3 ליט,ליטרים,1.00,ליטר,false,,17.90,17.9000,true,1,37993
7290001245736,false,ג'ל כביסה כחול 3 ליט,,,ג'ל כביסה כחול 3 ליט,ליטרים,1.00,ליטר,false,,17.90,17.9000,true,1,37994
7290001245842,false,נוזל רצפות מאסק 4 לי,,,נוזל רצפות מאסק 4 לי,ליטרים,4.00,ליטר,false,,13.90,3.4750,true,1,38000
7290001245958,false,מרכך כביסה טאצ' ורוד,,,מרכך כביסה טאצ' ורוד,ליטרים,4.00,ליטר,false,,13.90,3.4750,true,1,38010
7290001245972,false,מרכך כביסה טאצ' לבן,,,מרכך כביסה טאצ' לבן,ליטרים,4.00,ליטר,false,,13.90,3.4750,true,1,38012
7290001246078,false,מרכך פרימיום סנשואל,,,מרכך פרימיום סנשואל,ליטרים,1.00,ליטר,false,,12.90,12.9000,true,1,38016
7290001246122,false,תרסיס לניקוי כללי 75,,,תרסיס לניקוי כללי 75,מיליליטרים,750.00,"100 מ""ל",false,,12.90,1.7200,true,1,38021
7290001246290,false,תרסיס רסס נגב טאצ' 7,,,תרסיס רסס נגב טאצ' 7,מיליליטרים,750.00,"100 מ""ל",false,,12.90,1.7200,true,1,38024
7290001246337,false,ג'ל אסלות אורנים טאצ,,,ג'ל אסלות אורנים טאצ,מיליליטרים,750.00,"100 מ""ל",false,,9.90,1.3200,true,1,38027
7290001247068,false,ספרינג תות בננה קרטו,,,ספרינג תות בננה קרטו,ליטרים,1.00,ליטר,false,,6.90,6.9000,true,1,11483
7290001247105,false,ספרינג נקטר אפרסק 1ל,,,ספרינג נקטר אפרסק 1ל,ליטרים,1.00,ליטר,false,,6.90,6.9000,true,1,11486
7290001247129,false,ספרינג תפוז קרטונית,,,ספרינג תפוז קרטונית,ליטרים,1.00,ליטר,false,,6.90,6.9000,true,1,11488
7290001247143,false,ספרינג תפוח קרטונית,,,ספרינג תפוח קרטונית,ליטרים,1.00,ליטר,false,,6.90,6.9000,true,1,11490
7290001305188,false,פלמוליב לכלים פריחת,,,פלמוליב לכלים פריחת,מיליליטרים,750.00,"100 מ""ל",false,,11.90,1.5867,true,1,21430
7290001407547,false,בארכה טחינה שומשום מ,,,בארכה טחינה שומשום מ,גרמים,500.00,100 גרם,false,,14.90,2.9800,true,1,18695
7290001407769,false,בארכה טחינה עם שומשו,,,בארכה טחינה עם שומשו,גרמים,500.00,100 גרם,false,,14.90,2.9800,true,1,18698
7290001407844,false,חלבה קלאסית וניל באר,,,חלבה קלאסית וניל באר,גרמים,350.00,100 גרם,false,,14.30,4.0857,true,1,18702
7290001419618,false,וופל עלמה בלגי שוקו,,,וופל עלמה בלגי שוקו,גרמים,200.00,100 גרם,false,,2.90,1.4500,true,1,41252
7290001419779,false,וופל עלמה קלאסי 200,,,וופל עלמה קלאסי 200,גרמים,200.00,100 גרם,false,,2.90,1.4500,true,1,41253
7290001459935,false,אפונה בלדי 800 גרם,,,אפונה בלדי 800 גרם,גרמים,800.00,100 גרם,false,,11.90,1.4875,true,1,258640
7290001485019,false,טרה גבינת שמנת טבעי,,,טרה גבינת שמנת טבעי,גרמים,200.00,100 גרם,false,,10.90,5.4500,true,1,6366
7290001491096,false,תה ירוק בתוספת לימונ,,,תה ירוק בתוספת לימונ,גרמים,75.00,100 גרם,false,,45.90,61.2000,true,1,24628
7290001552025,false,קוסקוס 800גר,,,קוסקוס 800גר,גרמים,800.00,100 גרם,false,,14.90,1.8625,true,1,51558
7290001591710,false,המבורגר אנגוס טיבון,,,המבורגר אנגוס טיבון,גרמים,600.00,100 גרם,false,,22.90,3.8167,true,1,203724
7290001594377,false,פריגת משקה תפוזים 50,,,פריגת משקה תפוזים 50,מיליליטרים,500.00,"100 מ""ל",false,,6.50,1.3000,true,1,6846
7290001594810,false,מאלטי טובורג בקבוק 6,,,מאלטי טובורג בקבוק 6,ליטרים,1.98,ליטר,false,,31.30,15.8081,true,1,6857
7290001594858,false,טובורג רד בקבוק פקדו,,,טובורג רד בקבוק פקדו,ליטרים,1.98,ליטר,false,,43.90,22.1717,true,1,6859
7290001670057,false,.סכום ח.פ.כפיות 100י,,,.סכום ח.פ.כפיות 100י,יחידה,0.00,יחידה,false,,12.90,0.0000,true,1,7723
7290001670255,false,כוסות שתיה חמה 50 יח,,,כוסות שתיה חמה 50 יח,יח',50.00,יח',false,,8.90,0.1780,true,1,7733
7290001696736,false,פקאן סיני 100 גרם,,,פקאן סיני 100 גרם,גרמים,100.00,100 גרם,false,,17.90,17.9000,true,1,1468
7290001696989,false,בוטנת גרעינים שחורים,,,בוטנת גרעינים שחורים,גרמים,200.00,100 גרם,false,,7.50,3.7500,true,1,1470
7290001791349,false,אקונומיקה ריחנית פסג,,,אקונומיקה ריחנית פסג,ליטרים,4.00,ליטר,false,,11.90,2.9750,true,1,29839
7290001813478,false,חיוכים חגיגה וניל 90,,,חיוכים חגיגה וניל 90,גרמים,900.00,100 גרם,false,,19.90,2.2111,true,1,22218
7290001817728,false,ציטוס כאפה 55 גרם,,,ציטוס כאפה 55 גרם,גרמים,55.00,100 גרם,false,,3.50,6.3636,true,1,24161
7290001873489,false,קרפצ'יו בלאק אנגוס 1,,,קרפצ'יו בלאק אנגוס 1,גרמים,120.00,100 גרם,false,,14.90,12.4167,true,1,54875
7290001990261,false,"סוגת חומוס 1 ק""ג",,,"סוגת חומוס 1 ק""ג",קילוגרמים,1.00,"ק""ג",false,,14.90,14.9000,true,1,17317
7290001990278,false,סוגת שעועית לבנה 1 ק,,,סוגת שעועית לבנה 1 ק,קילוגרמים,1.00,"ק""ג",false,,18.90,18.9000,true,1,17318
7290001990391,false,"אפונה 1 ק""ג",,,"אפונה 1 ק""ג",קילוגרמים,1.00,"ק""ג",false,,11.90,11.9000,true,1,17320
7290001990414,false,סוגת עדשים אדומים 1,,,סוגת עדשים אדומים 1,קילוגרמים,1.00,"ק""ג",false,,14.90,14.9000,true,1,17322
7290001990421,false,"סוגת פופקורן 1 ק""ג",,,"סוגת פופקורן 1 ק""ג",קילוגרמים,1.00,"ק""ג",false,,9.90,9.9000,true,1,17323
7290002007357,false,שקיות לצליה דליקטס מ,,,שקיות לצליה דליקטס מ,יחידה,0.00,יחידה,false,,4.50,0.0000,true,1,7756
7290002007487,false,צמר פלדה 100 גר',,,צמר פלדה 100 גר',גרמים,100.00,100 גרם,false,,3.90,3.9000,true,1,7762
7290002007500,false,קיסמים חבית הנמל 500,,,קיסמים חבית הנמל 500,יח',500.00,יח',false,,3.50,0.0070,true,1,7763
7290002007890,false,כוס שתיה קרה 100 יח,,,כוס שתיה קרה 100 יח,יחידה,0.00,יחידה,false,,12.90,0.0000,true,1,7772
7290002007999,false,צלחות גדול 50יח הנמל,,,צלחות גדול 50יח הנמל,יחידה,0.00,יחידה,false,,15.90,0.0000,true,1,7776
7290002008187,false,קש לשתיה מתקפל 40יח,,,קש לשתיה מתקפל 40יח,יחידה,0.00,יחידה,false,,1.90,0.0000,true,1,7788
7290002008507,false,נייר אפיה 50יח,,,נייר אפיה 50יח,יחידה,0.00,יחידה,false,,8.90,0.0000,true,1,7799
7290002008743,false,סוכר וניל 10*10 גרם,,,סוכר וניל 10*10 גרם,גרמים,100.00,100 גרם,false,,2.90,2.9000,true,1,7804
7290002008750,false,אבקת אפיה 10*10 גרם,,,אבקת אפיה 10*10 גרם,גרמים,100.00,100 גרם,false,,2.90,2.9000,true,1,7805
7290002053088,false,אטריות ביצים מס' 8 א,,,אטריות ביצים מס' 8 א,גרמים,210.00,100 גרם,false,,7.90,3.7619,true,1,3435
7290002057017,false,זיתים נובו ענק קבוצת,,,זיתים נובו ענק קבוצת,גרמים,560.00,100 גרם,false,,8.90,1.5893,true,1,44728
7290002057048,false,זית סורי מבוקע יבנה,,,זית סורי מבוקע יבנה,גרמים,540.00,100 גרם,false,,10.90,2.0185,true,1,44730
7290002057093,false,זית מנזלינו גדול מנז,,,זית מנזלינו גדול מנז,גרמים,540.00,100 גרם,false,,7.90,1.4630,true,1,44734
7290002057123,false,זיתים חרוזית ירוק קב,,,זיתים חרוזית ירוק קב,גרמים,275.00,100 גרם,false,,9.90,3.6000,true,1,44737
7290002057147,false,זית מושחר גדול קבוצת,,,זית מושחר גדול קבוצת,גרמים,540.00,100 גרם,false,,8.90,1.6481,true,1,44739
7290002057185,false,טבעות זיתים ירוקים ק,,,טבעות זיתים ירוקים ק,גרמים,540.00,100 גרם,false,,9.50,1.7593,true,1,44743
7290002057352,false,מלפפונים  במלח 7-9 ק,,,מלפפונים  במלח 7-9 ק,גרמים,560.00,100 גרם,false,,6.90,1.2321,true,1,44751
7290002057369,false,מלפפון במלח 10-12 קב,,,מלפפון במלח 10-12 קב,גרמים,560.00,100 גרם,false,,7.90,1.4107,true,1,44752
7290002057376,false,מלפפון במלח 13-17 קב,,,מלפפון במלח 13-17 קב,גרמים,560.00,100 גרם,false,,9.90,1.7679,true,1,44753
7290002065555,false,6 לחמניות רכות אנגל,,,6 לחמניות רכות אנגל,גרמים,450.00,100 גרם,false,,11.50,2.5556,true,1,35432
7290002077725,false,סלמון מעושן 100 ג,,,סלמון מעושן 100 ג,גרמים,100.00,100 גרם,false,,19.90,19.9000,true,1,16825
7290002105510,false,קבב מזרחי 500-מחפוד,,,קבב מזרחי 500-מחפוד,גרמים,500.00,100 גרם,false,,20.90,4.1800,true,1,47078
7290002105527,false,גולש בקר 800 גרם מחפ,,,גולש בקר 800 גרם מחפ,גרמים,800.00,100 גרם,false,,49.90,6.2375,true,1,47079
7290002105565,false,טחון הודו 500 גרם מח,,,טחון הודו 500 גרם מח,גרמים,500.00,100 גרם,false,,13.90,2.7800,true,1,47083
7290002105671,false,טחון עוף 500 גר מחפו,,,טחון עוף 500 גר מחפו,גרמים,500.00,100 גרם,false,,13.90,2.7800,true,1,47084
7290002105756,false,"טחון בקר 1 ק""ג מחפוד",,,"טחון בקר 1 ק""ג מחפוד",קילוגרמים,1.00,"ק""ג",false,,39.90,39.9000,true,1,47088
7290002107071,false,צוריאל פטה עיזים מעו,,,צוריאל פטה עיזים מעו,גרמים,200.00,100 גרם,false,,23.90,11.9500,true,1,6374
7290002107798,false,צוריאל בולגרית מעודנ,,,צוריאל בולגרית מעודנ,גרמים,250.00,100 גרם,false,,20.90,8.3600,true,1,6377
7290002109488,false,קבב אמיתי 100% 440 ג,,,קבב אמיתי 100% 440 ג,גרמים,440.00,100 גרם,false,,17.90,4.0682,true,1,16830
7290002129455,false,פיצה איטלקית   450 ג,,,פיצה איטלקית   450 ג,גרמים,450.00,100 גרם,false,,19.90,4.4222,true,1,16832
7290002130581,false,דבש טהור מפרחי בר בצ,,,דבש טהור מפרחי בר בצ,קילוגרמים,1.00,"ק""ג",false,,43.90,43.9000,true,1,22230
7290002157953,false,טונה בשמן קנולה וילי,,,טונה בשמן קנולה וילי,גרמים,560.00,100 גרם,false,,18.90,3.3750,true,1,16836
7290002190516,false,ממרח ריבת חלב קומידה,,,ממרח ריבת חלב קומידה,גרמים,500.00,100 גרם,false,,13.90,2.7800,true,1,24935
7290002195054,false,המבורגר בלדי 400ג,,,המבורגר בלדי 400ג,גרמים,400.00,100 גרם,false,,12.90,3.2250,true,1,35301
7290002195078,false,בלדי קבב כבש  400 גר,,,בלדי קבב כבש  400 גר,גרמים,400.00,100 גרם,false,,12.90,3.2250,true,1,35302
7290002195085,false,קבב מזרחי 400 גר בלד,,,קבב מזרחי 400 גר בלד,גרמים,400.00,100 גרם,false,,12.90,3.2250,true,1,35303
7290002195092,false,קבב רומני 400 גר',,,קבב רומני 400 גר',גרמים,400.00,100 גרם,false,,12.90,3.2250,true,1,35304
7290002253006,false,דורות שום כתוש טרי 2,,,דורות שום כתוש טרי 2,גרמים,200.00,100 גרם,false,,15.90,7.9500,true,1,19737
7290002253105,false,דורות מגשית קוביות ש,,,דורות מגשית קוביות ש,גרמים,80.00,100 גרם,false,,9.90,12.3750,true,1,19740
7290002253150,false,בזיליקום טרי קצוץ 70,,,בזיליקום טרי קצוץ 70,גרמים,70.00,100 גרם,false,,9.90,14.1429,true,1,19741
7290002253167,false,פטרוזליה טרייה קצוצה,,,פטרוזליה טרייה קצוצה,גרמים,70.00,100 גרם,false,,10.50,15.0000,true,1,19742
7290002255048,false,קובה למרק במילוי בשר,,,קובה למרק במילוי בשר,גרמים,800.00,100 גרם,false,,22.90,2.8625,true,1,51562
7290002255055,false,פלאפל חטיפי אלקיים 7,,,פלאפל חטיפי אלקיים 7,גרמים,700.00,100 גרם,false,,13.90,1.9857,true,1,51563
7290002255130,false,"סיגרים במילוי תפו""א",,,"סיגרים במילוי תפו""א",גרמים,800.00,100 גרם,false,,22.90,2.8625,true,1,51566
7290002255215,false,עלים לסיגר 500ג,,,עלים לסיגר 500ג,גרמים,500.00,100 גרם,false,,9.90,1.9800,true,1,51569
7290002259664,false,רדיד אלומניום 30*60.,,,רדיד אלומניום 30*60.,מטרים,60.90,מטר,false,,54.90,0.9015,true,1,3808
7290002291046,false,בלדי המבורגר מסעדות,,,בלדי המבורגר מסעדות,גרמים,480.00,100 גרם,false,,22.90,4.7708,true,1,35307
7290002317128,false,מלפפון במלח 10-12 מו,,,מלפפון במלח 10-12 מו,גרמים,560.00,100 גרם,false,,10.90,1.9464,true,1,24410
7290002317289,false,חצילים מוטולה 560 גר,,,חצילים מוטולה 560 גר,גרמים,560.00,100 גרם,false,,9.90,1.7679,true,1,24421
7290002317579,false,טבעות זיתים ירוקים מ,,,טבעות זיתים ירוקים מ,גרמים,560.00,100 גרם,false,,10.90,1.9464,true,1,24438
7290002319016,false,אבקת אפיה 10 יח' מיה,,,אבקת אפיה 10 יח' מיה,גרמים,100.00,100 גרם,false,,1.90,1.9000,true,1,14888
7290002319061,false,.קוקוס טחון 100 גר.,,,.קוקוס טחון 100 גר.,גרמים,100.00,100 גרם,false,,3.90,3.9000,true,1,14893
7290002319078,false,שומשום 100ג,,,שומשום 100ג,גרמים,100.00,100 גרם,false,,3.90,3.9000,true,1,14894
7290002319115,false,חומוס גדול מיה 500 ג,,,חומוס גדול מיה 500 ג,גרמים,500.00,100 גרם,false,,8.90,1.7800,true,1,14897
7290002319122,false,גריסים מיה 500 גרם,,,גריסים מיה 500 גרם,גרמים,500.00,100 גרם,false,,4.90,0.9800,true,1,14898
7290002319139,false,שעועית מיה 500 גרם,,,שעועית מיה 500 גרם,גרמים,500.00,100 גרם,false,,7.90,1.5800,true,1,14899
7290002319146,false,שעועית אדומה מיה 500,,,שעועית אדומה מיה 500,גרמים,500.00,100 גרם,false,,8.90,1.7800,true,1,14900
7290002319160,false,אפונה יבשה מיה 500 ג,,,אפונה יבשה מיה 500 ג,גרמים,500.00,100 גרם,false,,4.90,0.9800,true,1,14901
7290002319191,false,עדשים ירוקים מיה 500,,,עדשים ירוקים מיה 500,גרמים,500.00,100 גרם,false,,6.90,1.3800,true,1,14904
7290002319221,false,חיטה מיה 500 גרם,,,חיטה מיה 500 גרם,גרמים,500.00,100 גרם,false,,5.50,1.1000,true,1,14907
7290002319771,false,תמצית אפיה וניל,,,תמצית אפיה וניל,מיליליטרים,50.00,"100 מ""ל",false,,2.90,5.8000,true,1,14936
7290002331360,false,נביעות TO GO שישייה,,,נביעות TO GO שישייה,ליטרים,3.00,ליטר,false,,14.90,4.9667,true,1,6883
7290002331490,false,נביעות 1 ליטר,,,נביעות 1 ליטר,ליטרים,1.00,ליטר,false,,2.90,2.9000,true,1,6887
7290002344032,false,סחבות מיקרופייבר  מא,,,סחבות מיקרופייבר  מא,יחידה,0.00,יחידה,false,,12.90,0.0000,true,1,234805
7290002348238,false,לפתן אננס חתוך ויליג,,,לפתן אננס חתוך ויליג,גרמים,830.00,100 גרם,false,,6.90,0.8313,true,1,58126
7290002360285,false,פומפדור חליטת קמומיל,,,פומפדור חליטת קמומיל,גרמים,30.00,100 גרם,false,,15.90,53.0000,true,1,21436
7290002371533,false,טירת צבי סלסולי פסטר,,,טירת צבי סלסולי פסטר,גרמים,120.00,100 גרם,false,,12.80,10.6667,true,1,25345
7290002371540,false,טירת צבי קורנדביף דק,,,טירת צבי קורנדביף דק,גרמים,120.00,100 גרם,false,,12.80,10.6667,true,1,25346
7290002374268,false,שמן חמניות מילומור 1,,,שמן חמניות מילומור 1,ליטרים,1.00,ליטר,false,,9.90,9.9000,true,1,29355
7290002374312,false,שמן קנולה מילומור 1,,,שמן קנולה מילומור 1,ליטרים,1.00,ליטר,false,,11.90,11.9000,true,1,29356
7290002512264,false,ג'חנון מופחת שומן 70,,,ג'חנון מופחת שומן 70,גרמים,700.00,100 גרם,false,,17.90,2.5571,true,1,51584
7290002542780,false,סטלה ארטואה בקבוק 6*,,,סטלה ארטואה בקבוק 6*,ליטרים,1.98,ליטר,false,,35.90,18.1313,true,1,129246
7290002543237,false,קורנפלקס קלוגס 750 ג,,,קורנפלקס קלוגס 750 ג,גרמים,750.00,100 גרם,false,,14.90,1.9867,true,1,5289
7290002628088,false,טחון הודו קפוא 500 ג,,,טחון הודו קפוא 500 ג,גרמים,500.00,100 גרם,false,,10.90,2.1800,true,1,176583
7290002628293,false,טחון עוף קפוא 500 גר,,,טחון עוף קפוא 500 גר,גרמים,500.00,100 גרם,false,,10.90,2.1800,true,1,35309
7290002651116,false,"גחנון חמסי 1 ק""ג",,,"גחנון חמסי 1 ק""ג",קילוגרמים,1.00,"ק""ג",false,,15.90,15.9000,true,1,16910
7290002651123,false,"מלווח חמסי 1 ק""ג",,,"מלווח חמסי 1 ק""ג",קילוגרמים,1.00,"ק""ג",false,,15.90,15.9000,true,1,16911
7290002692393,false,שמן קנולה מועשר עץ ה,,,שמן קנולה מועשר עץ ה,ליטרים,1.00,ליטר,false,,15.90,15.9000,true,1,29360
7290002692478,false,שמן זית כתית מעולה מ,,,שמן זית כתית מעולה מ,מיליליטרים,750.00,"100 מ""ל",false,,33.90,4.5200,true,1,29362
7290002692768,false,תרסיס שמן קנולה עץ ה,,,תרסיס שמן קנולה עץ ה,מיליליטרים,200.00,"100 מ""ל",false,,15.90,7.9500,true,1,29365
7290002692782,false,תרסיס שמן זית עץ הזי,,,תרסיס שמן זית עץ הזי,מיליליטרים,200.00,"100 מ""ל",false,,15.90,7.9500,true,1,29367
7290002703310,false,צנצנת דבש עין חרוד 5,,,צנצנת דבש עין חרוד 5,גרמים,500.00,100 גרם,false,,21.90,4.3800,true,1,47437
7290002703426,false,דבש לחיץ מכוורת 250,,,דבש לחיץ מכוורת 250,גרמים,250.00,100 גרם,false,,12.90,5.1600,true,1,47440
7290002703662,false,סילאן 100% טבעי צנצנ,,,סילאן 100% טבעי צנצנ,גרמים,900.00,100 גרם,false,,19.90,2.2111,true,1,47443
7290002730521,false,צמרונים בקופסא בלונס,,,צמרונים בקופסא בלונס,יחידה,0.00,יחידה,false,,5.90,0.0000,true,1,21443
7290002735113,false,בורקס גבינה ינון 800,,,בורקס גבינה ינון 800,גרמים,800.00,100 גרם,false,,15.90,1.9875,true,1,20427
7290002735120,false,"בורקס תפו""א ינון 800",,,"בורקס תפו""א ינון 800",גרמים,800.00,100 גרם,false,,13.90,1.7375,true,1,20428
7290002735274,false,ינון גחנון אפוי 600,,,ינון גחנון אפוי 600,גרמים,600.00,100 גרם,false,,14.90,2.4833,true,1,20431
7290002752332,false,מנטוס .סוכריות פירות,,,מנטוס .סוכריות פירות,גרמים,37.50,100 גרם,false,,2.90,7.7333,true,1,12747
7290002753223,false,טיק טק תפוז 4/1,,,טיק טק תפוז 4/1,גרמים,64.00,100 גרם,false,,9.90,15.4688,true,1,41480
7290002757139,false,שלושת האופים מלוואח,,,שלושת האופים מלוואח,גרמים,700.00,100 גרם,false,,12.90,1.8429,true,1,16930
7290002757511,false,דלידג קציצות דג לביש,,,דלידג קציצות דג לביש,גרמים,750.00,100 גרם,false,,30.90,4.1200,true,1,16933
7290002757535,false,בורקס פילו אצבעות גב,,,בורקס פילו אצבעות גב,גרמים,700.00,100 גרם,false,,19.90,2.8429,true,1,16935
7290002757665,false,קבב מזרחי 400 גרם,,,קבב מזרחי 400 גרם,גרמים,400.00,100 גרם,false,,9.90,2.4750,true,1,16937
7290002814160,false,מסיר שומנים קר סנט מ,,,מסיר שומנים קר סנט מ,יחידה,0.00,יחידה,false,,18.90,0.0000,true,1,20111
7290002824183,false,גבינה לבנה 5% סקי 50,,,גבינה לבנה 5% סקי 50,גרמים,500.00,100 גרם,false,,9.50,1.9000,true,1,23269
7290002824466,false,דנונה יוגורט ביו 0%,,,דנונה יוגורט ביו 0%,מיליליטרים,200.00,"100 מ""ל",false,,3.70,1.8500,true,1,23270
7290002824640,false,גבינה 5% סקי 250 גרם,,,גבינה 5% סקי 250 גרם,גרמים,250.00,100 גרם,false,,4.98,1.9920,true,1,23271
7290002825722,false,אחלה כרוב אדום 500ג,,,אחלה כרוב אדום 500ג,גרמים,500.00,100 גרם,false,,12.90,2.5800,true,1,23273
7290002868996,false,טרה קוטג מועשר 5% 25,,,טרה קוטג מועשר 5% 25,גרמים,250.00,100 גרם,false,,5.40,2.1600,true,1,6382
7290002881278,false,אפרסק חצאים תומר 820,,,אפרסק חצאים תומר 820,גרמים,820.00,100 גרם,false,,9.90,1.2073,true,1,24955
7290002881407,false,נודלס דק תומר 400 גר,,,נודלס דק תומר 400 גר,גרמים,400.00,100 גרם,false,,7.90,1.9750,true,1,24960
7290002881414,false,נודלס עבה תומר 400 ג,,,נודלס עבה תומר 400 ג,גרמים,400.00,100 גרם,false,,7.90,1.9750,true,1,24961
7290002881506,false,חמאת בוטנים 510 גרם,,,חמאת בוטנים 510 גרם,גרמים,510.00,100 גרם,false,,12.40,2.4314,true,1,24965
7290002881742,false,לבבות דקל פרוסות תומ,,,לבבות דקל פרוסות תומ,גרמים,400.00,100 גרם,false,,7.90,1.9750,true,1,24975
7290002881940,false,סרדין מרוקאי בשמן תו,,,סרדין מרוקאי בשמן תו,גרמים,125.00,100 גרם,false,,4.90,3.9200,true,1,24983
7290002904694,false,דאודורנט ספריי קלאסי,,,דאודורנט ספריי קלאסי,מיליליטרים,180.00,"100 מ""ל",false,,15.90,8.8333,true,1,29856
7290002909880,false,פולי סויה אדממה בלדי,,,פולי סויה אדממה בלדי,גרמים,400.00,100 גרם,false,,11.90,2.9750,true,1,35313
7290002909989,false,שעועית ירוקה חתוכה ב,,,שעועית ירוקה חתוכה ב,גרמים,800.00,100 גרם,false,,11.90,1.4875,true,1,258723
7290002909996,false,שעועית צהובה שלמה בל,,,שעועית צהובה שלמה בל,גרמים,800.00,100 גרם,false,,11.90,1.4875,true,1,258737
7290002921349,false,סופר גלו 3 זוגי,,,סופר גלו 3 זוגי,יחידה,0.00,יחידה,false,,13.90,0.0000,true,1,11298
7290002929642,false,טונה בשמן ויליגר רבי,,,טונה בשמן ויליגר רבי,גרמים,560.00,100 גרם,false,,19.90,3.5536,true,1,16982
7290002971993,false,קמח כוסמין מלא ללא צ,,,קמח כוסמין מלא ללא צ,קילוגרמים,1.00,"ק""ג",false,,13.90,13.9000,true,1,9226
7290002973829,false,קמח כוסמין לבן ללא צ,,,קמח כוסמין לבן ללא צ,קילוגרמים,1.00,"ק""ג",false,,14.90,14.9000,true,1,88190
7290002986652,false,גטניו - פתיבר שוקו 4,,,גטניו - פתיבר שוקו 4,גרמים,470.00,100 גרם,false,,9.90,2.1064,true,1,41276
7290002987963,false,אחלה חומוס 1קג,,,אחלה חומוס 1קג,קילוגרמים,1.00,"ק""ג",false,,13.90,13.9000,true,1,23274
7290003011087,false,אלסקה אורז בסמטי אלפ,,,אלסקה אורז בסמטי אלפ,קילוגרמים,1.00,"ק""ג",false,,9.90,9.9000,true,1,4618
7290003015627,false,ריצפז פרש אפרסק 2 לי,,,ריצפז פרש אפרסק 2 לי,ליטרים,2.00,ליטר,false,,18.90,9.4500,true,1,29865
7290003029181,false,יטבתה שוקו בקבוק 1ל,,,יטבתה שוקו בקבוק 1ל,ליטרים,1.00,ליטר,false,,11.90,11.9000,true,1,23278
7290003029372,false,יטבתה משקה חלב בננה,,,יטבתה משקה חלב בננה,ליטרים,1.00,ליטר,false,,11.90,11.9000,true,1,23281
7290003029389,false,יטבתה משקה חלב בננה+,,,יטבתה משקה חלב בננה+,מיליליטרים,250.00,"100 מ""ל",false,,5.50,2.2000,true,1,23282
7290003029433,false,יטבתה שוקו +פקק 250,,,יטבתה שוקו +פקק 250,מיליליטרים,250.00,"100 מ""ל",false,,5.50,2.2000,true,1,23283
7290003029792,false,יטבתה מהדרין שוקו שק,,,יטבתה מהדרין שוקו שק,ליטרים,1.80,ליטר,false,,18.90,10.5000,true,1,23287
7290003029815,false,חלב מועשר בכד2 ליטר,,,חלב מועשר בכד2 ליטר,ליטרים,2.00,ליטר,false,,14.90,7.4500,true,1,23288
7290003029907,false,יטבתה אייס קפה 1ל,,,יטבתה אייס קפה 1ל,ליטרים,1.00,ליטר,false,,11.90,11.9000,true,1,23290
7290003047642,false,תה ליפטון יילו לייבל,,,תה ליפטון יילו לייבל,גרמים,150.00,100 גרם,false,,11.90,7.9333,true,1,10324
7290003072859,false,רוסטביף טירת צבי 120,,,רוסטביף טירת צבי 120,גרמים,120.00,100 גרם,false,,22.90,19.0833,true,1,54480
7290003102136,false,צמר גפן כוטון סופט 1,,,צמר גפן כוטון סופט 1,גרמים,100.00,100 גרם,false,,4.90,4.9000,true,1,868
7290003107223,false,"סולת חיטה דגן 1 ק""ג",,,"סולת חיטה דגן 1 ק""ג",קילוגרמים,1.00,"ק""ג",false,,6.50,6.5000,true,1,9235
7290003107315,false,"סולת  דגן 1 ק""ג",,,"סולת  דגן 1 ק""ג",קילוגרמים,1.00,"ק""ג",false,,4.50,4.5000,true,1,9238
7290003107346,false,קמח חיטה לבן דגן 1 ק,,,קמח חיטה לבן דגן 1 ק,קילוגרמים,1.00,"ק""ג",false,,4.50,4.5000,true,1,9240
7290003126712,false,צוריאל יוגורט עיזים,,,צוריאל יוגורט עיזים,מיליליטרים,150.00,"100 מ""ל",false,,5.90,3.9333,true,1,6388
7290003126958,false,צוריאל גבינה גוש טופ,,,צוריאל גבינה גוש טופ,גרמים,300.00,100 גרם,false,,11.90,3.9667,true,1,6389
7290003143139,false,קליית גת סילאן 900ג,,,קליית גת סילאן 900ג,גרמים,900.00,100 גרם,false,,13.90,1.5444,true,1,12768
7290003143146,false,ממרח תמרים 450 גרם,,,ממרח תמרים 450 גרם,גרמים,450.00,100 גרם,false,,6.50,1.4444,true,1,12769
7290003143276,false,יוגטה מרשמלו מגולגל,,,יוגטה מרשמלו מגולגל,גרמים,180.00,100 גרם,false,,6.90,3.8333,true,1,41997
7290003144419,false,סילאן טבעי קלית גת 7,,,סילאן טבעי קלית גת 7,גרמים,710.00,100 גרם,false,,20.90,2.9437,true,1,12780
7290003185726,false,קבב מזרחי 500 גרם,,,קבב מזרחי 500 גרם,גרמים,500.00,100 גרם,false,,17.90,3.5800,true,1,16998
7290003220410,false,מעדני המלך קרקר שומש,,,מעדני המלך קרקר שומש,גרמים,110.00,100 גרם,false,,2.90,2.6364,true,1,41284
7290003220502,false,"מי קוקוס 400 מ""ל",,,"מי קוקוס 400 מ""ל",מיליליטרים,400.00,"100 מ""ל",false,,5.90,1.4750,true,1,41290
7290003229116,false,א.מ פסטרמה בדבש 400,,,א.מ פסטרמה בדבש 400,גרמים,400.00,100 גרם,false,,26.90,6.7250,true,1,25379
7290003229123,false,א.מ. פסטרמה על גחלים,,,א.מ. פסטרמה על גחלים,גרמים,400.00,100 גרם,false,,26.90,6.7250,true,1,25380
7290003229215,false,פסטרמה איטלקית 360 ג,,,פסטרמה איטלקית 360 ג,גרמים,360.00,100 גרם,false,,27.90,7.7500,true,1,25386
7290003287215,false,גולש בקר קפוא ארוז 8,,,גולש בקר קפוא ארוז 8,גרמים,800.00,100 גרם,false,,35.90,4.4875,true,1,35315
7290003287260,false,צוריסוס קצביה ארוז 6,,,צוריסוס קצביה ארוז 6,גרמים,600.00,100 גרם,false,,28.90,4.8167,true,1,35317
7290003287291,false,קבב טלה וצנובר קצביה,,,קבב טלה וצנובר קצביה,גרמים,600.00,100 גרם,false,,28.90,4.8167,true,1,176584
7290003321155,false,דנונה קראנצ' ששבי פק,,,דנונה קראנצ' ששבי פק,מיליליטרים,183.00,"100 מ""ל",false,,4.60,2.5137,true,1,23291
7290003401369,false,קרם לחות ועיצוב לשיע,,,קרם לחות ועיצוב לשיע,מיליליטרים,400.00,"100 מ""ל",false,,19.90,4.9750,true,1,29871
7290003411054,false,שקיות רוסטי ענק 5 יח,,,שקיות רוסטי ענק 5 יח,יחידה,0.00,יחידה,false,,3.90,0.0000,true,1,7832
7290003411689,false,לפתניות 25 יח,,,לפתניות 25 יח,יחידה,0.00,יחידה,false,,4.90,0.0000,true,1,7851
7290003411696,false,מרקיות חד פעמי 25 יח,,,מרקיות חד פעמי 25 יח,יחידה,0.00,יחידה,false,,9.90,0.0000,true,1,7852
7290003427154,false,שמן זית כתית מעולה ז,,,שמן זית כתית מעולה ז,מיליליטרים,750.00,"100 מ""ל",false,,33.90,4.5200,true,1,24632
7290003438006,false,אוליביה ממרח פסטו אי,,,אוליביה ממרח פסטו אי,גרמים,180.00,100 גרם,false,,13.90,7.7222,true,1,52035
7290003438013,false,אוליביה ממרח זיתים א,,,אוליביה ממרח זיתים א,גרמים,190.00,100 גרם,false,,13.90,7.3158,true,1,52036
7290003438709,false,אוליביה ממרח זיתים ש,,,אוליביה ממרח זיתים ש,גרמים,190.00,100 גרם,false,,13.90,7.3158,true,1,52039
7290003461677,false,"חומוס אסלי 1 ק""ג",,,"חומוס אסלי 1 ק""ג",קילוגרמים,1.00,"ק""ג",false,,11.90,11.9000,true,1,17694
7290003514007,false,שקדי מרק מנה 400 גרם,,,שקדי מרק מנה 400 גרם,גרמים,400.00,100 גרם,false,,7.90,1.9750,true,1,21457
7290003521166,false,סרקל קרם רוזמרין 325,,,סרקל קרם רוזמרין 325,מיליליטרים,325.00,"100 מ""ל",false,,24.90,7.6615,true,1,29087
7290003521395,false,קמיל בלו אל סבון ורו,,,קמיל בלו אל סבון ורו,ליטרים,2.00,ליטר,false,,34.90,17.4500,true,1,29093
7290003550753,false,טונה בהירה בשמן פוסי,,,טונה בהירה בשמן פוסי,גרמים,308.00,100 גרם,false,,19.90,6.4610,true,1,17025
7290003570164,false,מינוט שוארמה פרגית 3,,,מינוט שוארמה פרגית 3,גרמים,300.00,100 גרם,false,,27.90,9.3000,true,1,35328
7290003570928,false,קבב  בלדי קצביה ארוז,,,קבב  בלדי קצביה ארוז,גרמים,500.00,100 גרם,false,,28.90,5.7800,true,1,35332
7290003578108,false,אננס חתוך ויליפוד 85,,,אננס חתוך ויליפוד 85,גרמים,490.00,100 גרם,false,,8.90,1.8163,true,1,2867
7290003578498,false,חמאה מפינלנד ללא תוס,,,חמאה מפינלנד ללא תוס,גרמים,500.00,100 גרם,false,,25.00,5.0000,true,1,2875
7290003578672,false,שמן חמניות 1 ליטר,,,שמן חמניות 1 ליטר,ליטרים,1.00,ליטר,false,,12.90,12.9000,true,1,2876
7290003643004,false,"סוגת אורז בסמטי 1 ק""",,,"סוגת אורז בסמטי 1 ק""",קילוגרמים,1.00,"ק""ג",false,,13.90,13.9000,true,1,17324
7290003643165,false,קונפלור 500 גרם,,,קונפלור 500 גרם,גרמים,500.00,100 גרם,false,,4.90,0.9800,true,1,17329
7290003643172,false,סוגת אבקת סוכר 100 ג,,,סוגת אבקת סוכר 100 ג,גרמים,100.00,100 גרם,false,,1.90,1.9000,true,1,17330
7290003643646,false,סוכר דמררה בצנצנת חו,,,סוכר דמררה בצנצנת חו,קילוגרמים,1.00,"ק""ג",false,,12.90,12.9000,true,1,17336
7290003643684,false,אפונה יבשה 500 גרם,,,אפונה יבשה 500 גרם,גרמים,500.00,100 גרם,false,,5.90,1.1800,true,1,17337
7290003643714,false,חומוס 500 גרם,,,חומוס 500 גרם,גרמים,500.00,100 גרם,false,,7.90,1.5800,true,1,17339
7290003643738,false,סוגת חיטה 500 גר,,,סוגת חיטה 500 גר,גרמים,500.00,100 גרם,false,,4.90,0.9800,true,1,17340
7290003643752,false,עדשים ירוקות 500 גרם,,,עדשים ירוקות 500 גרם,גרמים,500.00,100 גרם,false,,7.90,1.5800,true,1,17342
7290003643769,false,עדשים אדומות 500 גרם,,,עדשים אדומות 500 גרם,גרמים,500.00,100 גרם,false,,7.90,1.5800,true,1,17343
7290003643806,false,שעועית לבנה 500 גרם,,,שעועית לבנה 500 גרם,גרמים,500.00,100 גרם,false,,10.90,2.1800,true,1,17346
7290003643813,false,שעועית אדומה 500 גרם,,,שעועית אדומה 500 גרם,גרמים,500.00,100 גרם,false,,10.90,2.1800,true,1,17347
7290003681303,false,שעועית מעורבת 500 גר,,,שעועית מעורבת 500 גר,גרמים,500.00,100 גרם,false,,7.90,1.5800,true,1,14964
7290003681716,false,גריסי פנינה 500 גרם,,,גריסי פנינה 500 גרם,גרמים,500.00,100 גרם,false,,4.90,0.9800,true,1,14982
7290003706167,false,בצל ירוק ארוז,,,בצל ירוק ארוז,יח',1.00,יח',false,,5.90,5.9000,true,1,35558
7290003706440,false,בייבי מיקס נספק,,,בייבי מיקס נספק,יח',1.00,יח',false,,9.90,9.9000,true,1,35559
7290003718627,false,פול ירוק בלדי 400 גר,,,פול ירוק בלדי 400 גר,גרמים,400.00,100 גרם,false,,11.90,2.9750,true,1,258689
7290003804368,false,תיבולית בזיליקום קנו,,,תיבולית בזיליקום קנו,גרמים,72.00,100 גרם,false,,7.90,10.9722,true,1,10342
7290003805587,false,פתית חיטה מלאה בד'ץ,,,פתית חיטה מלאה בד'ץ,גרמים,250.00,100 גרם,false,,16.90,6.7600,true,1,10362
7290003864485,false,סרדינים ברוטב עגבניו,,,סרדינים ברוטב עגבניו,גרמים,120.00,100 גרם,false,,5.30,4.4167,true,1,2883
7290003864492,false,סרדין בשמן צמחי חריף,,,סרדין בשמן צמחי חריף,גרמים,120.00,100 גרם,false,,5.30,4.4167,true,1,2884
7290003882922,false,עלי גפן ממולאים באור,,,עלי גפן ממולאים באור,גרמים,360.00,100 גרם,false,,8.90,2.4722,true,1,2887
7290003976607,false,ג'ל אקונומיקה סמיכה,,,ג'ל אקונומיקה סמיכה,ליטרים,4.00,ליטר,false,,11.90,2.9750,true,1,79658
7290003976614,false,ג'ל אקונומיקה סמיכה,,,ג'ל אקונומיקה סמיכה,ליטרים,4.00,ליטר,false,,11.90,2.9750,true,1,79659
7290003989096,false,אחלה חציל פיקנטי 500,,,אחלה חציל פיקנטי 500,גרמים,500.00,100 גרם,false,,14.90,2.9800,true,1,23297
7290003989539,false,EAT GOOD רביולי גבינ,,,EAT GOOD רביולי גבינ,גרמים,400.00,100 גרם,false,,19.90,4.9750,true,1,23298
7290004011284,false,ריצ בסיס להכנת קצפת,,,ריצ בסיס להכנת קצפת,מיליליטרים,212.00,"100 מ""ל",false,,6.90,3.2547,true,1,17029
7290004026776,false,לחם מחמצת אגוזים וצי,,,לחם מחמצת אגוזים וצי,גרמים,530.00,100 גרם,false,,17.90,3.3774,true,1,52794
7290004063016,false,"מלח שולחן סלית 1 ק""ג",,,"מלח שולחן סלית 1 ק""ג",קילוגרמים,1.00,"ק""ג",false,,1.70,1.7000,true,1,15462
7290004063115,false,מלח מטבח גס לבישול כ,,,מלח מטבח גס לבישול כ,קילוגרמים,1.00,"ק""ג",false,,1.70,1.7000,true,1,15463
7290004064358,false,מלח דק זורם בקלות בק,,,מלח דק זורם בקלות בק,קילוגרמים,1.00,"ק""ג",false,,4.90,4.9000,true,1,15469
7290004064389,false,מלח הימלאיה דק מלחיי,,,מלח הימלאיה דק מלחיי,גרמים,250.00,100 גרם,false,,9.90,3.9600,true,1,104605
7290004078690,false,אגקס כלורון נוזל לני,,,אגקס כלורון נוזל לני,מיליליטרים,750.00,"100 מ""ל",false,,14.90,1.9867,true,1,21480
7290004102326,false,תרד לא שטוף,,,תרד לא שטוף,גרמים,180.00,100 גרם,false,,11.90,6.6111,true,1,35560
7290004119928,false,קרלו וניל 3% 125מל,,,קרלו וניל 3% 125מל,מיליליטרים,125.00,"100 מ""ל",false,,2.90,2.3200,true,1,25868
7290004119973,false,קרלו שוקולדה 3% 125מ,,,קרלו שוקולדה 3% 125מ,מיליליטרים,125.00,"100 מ""ל",false,,2.90,2.3200,true,1,25869
7290004120061,false,קרלו שוניל 3% 125מל,,,קרלו שוניל 3% 125מל,מיליליטרים,125.00,"100 מ""ל",false,,2.90,2.3200,true,1,25870
7290004120566,false,פיראוס בולגרית 24% 2,,,פיראוס בולגרית 24% 2,גרמים,250.00,100 גרם,false,,20.90,8.3600,true,1,25878
7290004120634,false,פיראוס בולגרית 5% 25,,,פיראוס בולגרית 5% 25,גרמים,250.00,100 גרם,false,,20.90,8.3600,true,1,25880
7290004121853,false,פיראוס בולגרית בקובי,,,פיראוס בולגרית בקובי,גרמים,200.00,100 גרם,false,,20.90,10.4500,true,1,25887
7290004122195,false,גוש חלב פרוס 28% 200,,,גוש חלב פרוס 28% 200,גרמים,200.00,100 גרם,false,,13.50,6.7500,true,1,25890
7290004122270,false,עמק פרוס סגירה חוזרת,,,עמק פרוס סגירה חוזרת,גרמים,200.00,100 גרם,false,,15.80,7.9000,true,1,25891
7290004122348,false,עמק לייט 9% 200ג,,,עמק לייט 9% 200ג,גרמים,200.00,100 גרם,false,,16.80,8.4000,true,1,25892
7290004122676,false,פיראוס חמד לייט 5% 2,,,פיראוס חמד לייט 5% 2,גרמים,250.00,100 גרם,false,,17.90,7.1600,true,1,25894
7290004122683,false,עמק אצבעות 172ג,,,עמק אצבעות 172ג,גרמים,172.00,100 גרם,false,,15.90,9.2442,true,1,25895
7290004124847,false,שף לבן קצפת צמחית 24,,,שף לבן קצפת צמחית 24,מיליליטרים,500.00,"100 מ""ל",false,,13.90,2.7800,true,1,25905
7290004125400,false,"אשל 4.5% בד""צ מהדרין",,,"אשל 4.5% בד""צ מהדרין",מיליליטרים,200.00,"100 מ""ל",false,,1.69,0.8450,true,1,25908
7290004125417,false,"גיל 3% בד""צ מהדרין",,,"גיל 3% בד""צ מהדרין",מיליליטרים,200.00,"100 מ""ל",false,,1.51,0.7550,true,1,25909
7290004125455,false,תנובה שמנת אורגינל מ,,,תנובה שמנת אורגינל מ,מיליליטרים,200.00,"100 מ""ל",false,,2.40,1.2000,true,1,25910
7290004125462,false,תנובה שמנת חמוצה 15%,,,תנובה שמנת חמוצה 15%,מיליליטרים,500.00,"100 מ""ל",false,,6.00,1.2000,true,1,25911
7290004125509,false,תנובה שמנת חצי מנה 1,,,תנובה שמנת חצי מנה 1,מיליליטרים,100.00,"100 מ""ל",false,,1.70,1.7000,true,1,25912
7290004125578,false,משקה סויה תנובה מועש,,,משקה סויה תנובה מועש,ליטרים,1.00,ליטר,false,,9.90,9.9000,true,1,25913
7290004125585,false,סויה תנובה משקה סויה,,,סויה תנובה משקה סויה,ליטרים,1.00,ליטר,false,,9.90,9.9000,true,1,25914
7290004125721,false,שף לבן שמנת לבישול 1,,,שף לבן שמנת לבישול 1,מיליליטרים,250.00,"100 מ""ל",false,,8.50,3.4000,true,1,25916
7290004125738,false,שף לבן שמנת להקצפה 3,,,שף לבן שמנת להקצפה 3,מיליליטרים,250.00,"100 מ""ל",false,,6.50,2.6000,true,1,25917
7290004125776,false,עמק גבינה קשה פרוסה,,,עמק גבינה קשה פרוסה,גרמים,400.00,100 גרם,false,,27.80,6.9500,true,1,25918
7290004126674,false,עמק טל לייט 9% 200ג,,,עמק טל לייט 9% 200ג,גרמים,200.00,100 גרם,false,,18.30,9.1500,true,1,25921
7290004127077,false,קוטג תנובה 3% 250 ג,,,קוטג תנובה 3% 250 ג,גרמים,250.00,100 גרם,false,,5.50,2.2000,true,1,25924
7290004127329,false,קוטג' 5% תנובה מהדרי,,,קוטג' 5% תנובה מהדרי,גרמים,250.00,100 גרם,false,,5.50,2.2000,true,1,25925
7290004127336,false,קוטג' תנובה מהדרין 9,,,קוטג' תנובה מהדרין 9,גרמים,250.00,100 גרם,false,,5.50,2.2000,true,1,25926
7290004127800,false,תנובה גבינה לבנה 5%,,,תנובה גבינה לבנה 5%,גרמים,500.00,100 גרם,false,,9.96,1.9920,true,1,25928
7290004127817,false,תנובה גבינה לבנה 9%,,,תנובה גבינה לבנה 9%,גרמים,500.00,100 גרם,false,,9.20,1.8400,true,1,25929
7290004127862,false,תנובה גבינה למריחה מ,,,תנובה גבינה למריחה מ,גרמים,750.00,100 גרם,false,,14.90,1.9867,true,1,25930
7290004128333,false,פיראוס לאבנה גביע %9,,,פיראוס לאבנה גביע %9,גרמים,500.00,100 גרם,false,,19.90,3.9800,true,1,25933
7290004128432,false,שף לבן פתיתי גבינה מ,,,שף לבן פתיתי גבינה מ,גרמים,500.00,100 גרם,false,,21.90,4.3800,true,1,25936
7290004129101,false,נפוליאון בטעם טבעי 2,,,נפוליאון בטעם טבעי 2,גרמים,225.00,100 גרם,false,,13.90,6.1778,true,1,25937
7290004129156,false,נפוליאון שום שמיר 25,,,נפוליאון שום שמיר 25,גרמים,225.00,100 גרם,false,,13.90,6.1778,true,1,25939
7290004130916,false,יופלה בטעם פירות יער,,,יופלה בטעם פירות יער,גרמים,150.00,100 גרם,false,,4.90,3.2667,true,1,25947
7290004131074,false,חלב תנובה הומוגני מה,,,חלב תנובה הומוגני מה,ליטרים,1.00,ליטר,false,,6.23,6.2300,true,1,25949
7290004131456,false,יופלה לבן 1.5% 200מל,,,יופלה לבן 1.5% 200מל,מיליליטרים,200.00,"100 מ""ל",false,,3.90,1.9500,true,1,25954
7290004131814,false,פיראוס צפתית מעודנת,,,פיראוס צפתית מעודנת,גרמים,200.00,100 גרם,false,,13.90,6.9500,true,1,25957
7290004132552,false,סויה תנובה לייט בטעם,,,סויה תנובה לייט בטעם,ליטרים,1.00,ליטר,false,,9.90,9.9000,true,1,25964
7290004132712,false,עמק אצבעות מוצרלה 20,,,עמק אצבעות מוצרלה 20,גרמים,174.00,100 גרם,false,,15.90,9.1379,true,1,25966
7290004135225,false,מעדן תנובה דיאט שוקו,,,מעדן תנובה דיאט שוקו,מיליליטרים,150.00,"100 מ""ל",false,,3.90,2.6000,true,1,25981
7290004136598,false,מארז הפסקת אוכל חלב,,,מארז הפסקת אוכל חלב,גרמים,150.00,100 גרם,false,,9.50,6.3333,true,1,25990
7290004136857,false,ג'לי תנובה פטל 125מל,,,ג'לי תנובה פטל 125מל,מיליליטרים,125.00,"100 מ""ל",false,,2.50,2.0000,true,1,25991
7290004136864,false,ג'לי תנובה אננס עם ח,,,ג'לי תנובה אננס עם ח,מיליליטרים,125.00,"100 מ""ל",false,,2.90,2.3200,true,1,25992
7290004136871,false,ג'לי תנובה אפרסק עם,,,ג'לי תנובה אפרסק עם,מיליליטרים,125.00,"100 מ""ל",false,,2.90,2.3200,true,1,25993
7290004137021,false,שף לבן שמנת לבישול 1,,,שף לבן שמנת לבישול 1,מיליליטרים,250.00,"100 מ""ל",false,,7.90,3.1600,true,1,25995
7290004137311,false,עמק לייט משפחתית 9%,,,עמק לייט משפחתית 9%,גרמים,400.00,100 גרם,false,,29.90,7.4750,true,1,25996
7290004199074,false,סאני פלסטר אינטרסן 5,,,סאני פלסטר אינטרסן 5,100 יח',50.00,100 יח',false,,6.90,13.8000,true,1,884
7290004230944,false,מקלות בורקס פילו גבי,,,מקלות בורקס פילו גבי,גרמים,600.00,100 גרם,false,,19.90,3.3167,true,1,17070
7290004537241,false,אפונת גינה קפואה 800,,,אפונת גינה קפואה 800,גרמים,800.00,100 גרם,false,,11.90,1.4875,true,1,51588
7290004537258,false,אפונה וגזר 800 גר שד,,,אפונה וגזר 800 גר שד,גרמים,800.00,100 גרם,false,,11.90,1.4875,true,1,51589
7290004584306,false,גמדים תות בננה 4*100,,,גמדים תות בננה 4*100,מיליליטרים,400.00,"100 מ""ל",false,,11.10,2.7750,true,1,23300
7290004584351,false,סימפוניה חמישית 200ג,,,סימפוניה חמישית 200ג,גרמים,200.00,100 גרם,false,,11.50,5.7500,true,1,23301
7290004584528,false,דנונה יוגורט טבעי 1.,,,דנונה יוגורט טבעי 1.,מיליליטרים,200.00,"100 מ""ל",false,,3.70,1.8500,true,1,23302
7290004731083,false,אלסבון ג'נסנג כיף 1,,,אלסבון ג'נסנג כיף 1,ליטרים,1.00,ליטר,false,,12.90,12.9000,true,1,29882
7290004731410,false,כרית קרצוף סנו סושי,,,כרית קרצוף סנו סושי,יחידה,0.00,יחידה,false,,9.90,0.0000,true,1,29888
7290004731519,false,סנו מקסימה למייבש סנ,,,סנו מקסימה למייבש סנ,מיליליטרים,750.00,"100 מ""ל",false,,17.90,2.3867,true,1,29890
7290004944032,false,חומוס אסלי 400 גר,,,חומוס אסלי 400 גר,גרמים,400.00,100 גרם,false,,10.90,2.7250,true,1,17704
7290004944049,false,טחינה אסלי 400 גרם,,,טחינה אסלי 400 גרם,גרמים,400.00,100 גרם,false,,10.90,2.7250,true,1,17705
7290004944056,false,חציל במיונז 400גר,,,חציל במיונז 400גר,גרמים,400.00,100 גרם,false,,10.90,2.7250,true,1,17706
7290005040993,false,ערמונים קלויים קלופי,,,ערמונים קלויים קלופי,יח',1.00,יח',false,,4.90,4.9000,true,1,50976
7290005041198,false,"קבב ביתי 1ק""ג",,,"קבב ביתי 1ק""ג",קילוגרמים,1.00,"ק""ג",false,,45.90,45.9000,true,1,17092
7290005113222,false,זיתים מיקס יבנה 540,,,זיתים מיקס יבנה 540,גרמים,340.00,100 גרם,false,,9.90,2.9118,true,1,44773
7290005174513,false,חציל במיונז אחלה 500,,,חציל במיונז אחלה 500,גרמים,500.00,100 גרם,false,,14.90,2.9800,true,1,23304
7290005174551,false,אחלה חומוס 125ג,,,אחלה חומוס 125ג,גרמים,125.00,100 גרם,false,,4.90,3.9200,true,1,23305
7290005174568,false,אחלה חציל במיונז 125,,,אחלה חציל במיונז 125,גרמים,125.00,100 גרם,false,,4.90,3.9200,true,1,23306
7290005197758,false,חיוכים של שוקו,,,חיוכים של שוקו,גרמים,150.00,100 גרם,false,,4.90,3.2667,true,1,22243
7290005200786,false,תפוציפס שמנת ובצל 50,,,תפוציפס שמנת ובצל 50,גרמים,50.00,100 גרם,false,,3.90,7.8000,true,1,24164
7290005201882,false,טורקי עלית 200 גר',,,טורקי עלית 200 גר',גרמים,200.00,100 גרם,false,,15.90,7.9500,true,1,22254
7290005287206,false,טונה בשמן סטארקיסט ר,,,טונה בשמן סטארקיסט ר,גרמים,640.00,100 גרם,false,,24.90,3.8906,true,1,26659
7290005287213,false,טונה בשמן סטארקיסט ב,,,טונה בשמן סטארקיסט ב,גרמים,640.00,100 גרם,false,,24.90,3.8906,true,1,26660
7290005287251,false,טונה במים סטארקיסט ר,,,טונה במים סטארקיסט ר,גרמים,640.00,100 גרם,false,,24.90,3.8906,true,1,26662
7290005403972,false,תחתיות ארטישוק 400 ג,,,תחתיות ארטישוק 400 ג,גרמים,400.00,100 גרם,false,,15.90,3.9750,true,1,51601
7290005403989,false,במיה קפואה 600 גרם ש,,,במיה קפואה 600 גרם ש,גרמים,600.00,100 גרם,false,,10.90,1.8167,true,1,51602
7290005418716,false,לחות לבניית תלתלים נ,,,לחות לבניית תלתלים נ,מיליליטרים,400.00,"100 מ""ל",false,,22.90,5.7250,true,1,29900
7290005423253,false,סנו מקסימה למייבש או,,,סנו מקסימה למייבש או,מיליליטרים,750.00,"100 מ""ל",false,,17.90,2.3867,true,1,29907
7290005423567,false,סנו סושי מטלית לכל 3,,,סנו סושי מטלית לכל 3,יחידה,0.00,יחידה,false,,20.00,0.0000,true,1,29918
7290005423635,false,נוזל לניקוי רצפות דו,,,נוזל לניקוי רצפות דו,ליטרים,2.00,ליטר,false,,21.90,10.9500,true,1,29919
7290005423734,false,מרכך כביסה סנו מקסימ,,,מרכך כביסה סנו מקסימ,ליטרים,4.00,ליטר,false,,22.90,5.7250,true,1,29920
7290005424403,false,אל סבון אצות ים כיף,,,אל סבון אצות ים כיף,ליטרים,1.00,ליטר,false,,12.90,12.9000,true,1,29929
7290005424700,false,פורטה פלוס - קצף ברי,,,פורטה פלוס - קצף ברי,מיליליטרים,1.00,"100 מ""ל",false,,17.90,1790.0000,true,1,29935
7290005424762,false,ריצפז פלוס ווקס דוחה,,,ריצפז פלוס ווקס דוחה,ליטרים,2.00,ליטר,false,,28.90,14.4500,true,1,29937
7290005424847,false,סנו סופט מפיות 30*30,,,סנו סופט מפיות 30*30,יחידה,0.00,יחידה,false,,7.90,0.0000,true,1,29941
7290005424915,false,סנומוד לבנדר פצ'ולי,,,סנומוד לבנדר פצ'ולי,מיליליטרים,150.00,"100 מ""ל",false,,11.90,7.9333,true,1,29942
7290005425110,false,מתז מחטא ומשמיד 99.9,,,מתז מחטא ומשמיד 99.9,מיליליטרים,750.00,"100 מ""ל",false,,12.90,1.7200,true,1,29948
7290005425202,false,אבקת כביסה סנו מקסימ,,,אבקת כביסה סנו מקסימ,קילוגרמים,2.50,"ק""ג",false,,26.90,10.7600,true,1,29950
7290005425646,false,סנוקליר נוזל רב תכלי,,,סנוקליר נוזל רב תכלי,יחידה,0.00,יחידה,false,,11.90,0.0000,true,1,29957
7290005425714,false,סנו שמפו שטיחים פלוס,,,סנו שמפו שטיחים פלוס,מיליליטרים,600.00,"100 מ""ל",false,,26.90,4.4833,true,1,29958
7290005426568,false,קרם לחות לשיער רגיל,,,קרם לחות לשיער רגיל,מיליליטרים,400.00,"100 מ""ל",false,,19.90,4.9750,true,1,29974
7290005426964,false,סנובון כחול שלישיה ב,,,סנובון כחול שלישיה ב,גרמים,165.00,100 גרם,false,,16.90,10.2424,true,1,29983
7290005427107,false,סנו סושי מגבות הפלא,,,סנו סושי מגבות הפלא,מטרים,63.50,מטר,false,,11.90,0.1874,true,1,29985
7290005427985,false,תחליב רחצה לפנים בתו,,,תחליב רחצה לפנים בתו,מיליליטרים,180.00,"100 מ""ל",false,,13.90,7.7222,true,1,30015
7290005428852,false,סנו סופט מגבוני טישו,,,סנו סופט מגבוני טישו,יחידה,0.00,יחידה,false,,14.90,0.0000,true,1,30017
7290005430602,false,סנו אוקסיג'ן מסיר כת,,,סנו אוקסיג'ן מסיר כת,מיליליטרים,750.00,"100 מ""ל",false,,17.90,2.3867,true,1,30029
7290005431883,false,עדן מלבי חלבי 165 גר,,,עדן מלבי חלבי 165 גר,גרמים,165.00,100 גרם,false,,6.90,4.1818,true,1,26014
7290005500688,false,מסיכה לשיער פנינה רו,,,מסיכה לשיער פנינה רו,קילוגרמים,1.00,"ק""ג",false,,29.90,29.9000,true,1,18127
7290005559587,false,מאפה נקניקיות 800גר,,,מאפה נקניקיות 800גר,גרמים,800.00,100 גרם,false,,29.90,3.7375,true,1,35622
7290005559709,false,בורקס פיצה 700 גרם,,,בורקס פיצה 700 גרם,גרמים,700.00,100 גרם,false,,24.90,3.5571,true,1,35624
7290005559907,false,פיצה משפחתית גבינה 5,,,פיצה משפחתית גבינה 5,גרמים,500.00,100 גרם,false,,19.90,3.9800,true,1,35627
7290005559914,false,פיצה משפחתית זיתים 5,,,פיצה משפחתית זיתים 5,גרמים,550.00,100 גרם,false,,19.90,3.6182,true,1,35628
7290005559990,false,בצק פילאס תורכי מעדנ,,,בצק פילאס תורכי מעדנ,גרמים,600.00,100 גרם,false,,19.90,3.3167,true,1,35632
7290005576010,false,חסה מהדרין,,,חסה מהדרין,יח',1.00,יח',false,,7.90,7.9000,true,1,44810
7290005576027,false,פטרוזיליה גלאט עלים,,,פטרוזיליה גלאט עלים,יח',1.00,יח',false,,6.90,6.9000,true,1,44811
7290005576034,false,כוסברה מהדרין,,,כוסברה מהדרין,יח',1.00,יח',false,,6.90,6.9000,true,1,44812
7290005576041,false,שמיר מהדרין,,,שמיר מהדרין,יח',1.00,יח',false,,6.90,6.9000,true,1,44813
7290005576058,false,נענע מהדרין,,,נענע מהדרין,יח',1.00,יח',false,,6.90,6.9000,true,1,44814
7290005576065,false,סלרי מהדרין,,,סלרי מהדרין,יח',1.00,יח',false,,7.90,7.9000,true,1,44815
7290005576089,false,בצל ירוק מהדרין,,,בצל ירוק מהדרין,יח',1.00,יח',false,,7.90,7.9000,true,1,44817
7290005576096,false,כרוב לבן גלאט,,,כרוב לבן גלאט,קילוגרמים,1.00,"ק""ג",true,,15.90,15.9000,true,1,44802
7290005576225,false,קולסלאו 400 גרם בדץ,,,קולסלאו 400 גרם בדץ,גרמים,400.00,100 גרם,false,,12.90,3.2250,true,1,20489
7290005576614,false,סלק בוואקום גלאט עלי,,,סלק בוואקום גלאט עלי,יח',1.00,יח',false,,7.90,7.9000,true,1,44836
7290005591761,false,דבש טהור מפרחי בר בל,,,דבש טהור מפרחי בר בל,גרמים,400.00,100 גרם,false,,20.90,5.2250,true,1,22255
7290005610127,false,תפו`א גורמה  לבן דוד,,,תפו`א גורמה  לבן דוד,קילוגרמים,1.00,"ק""ג",true,,7.90,7.9000,true,1,50968
7290005610196,false,תפו`א בייבי גורמה,,,תפו`א בייבי גורמה,קילוגרמים,1.00,"ק""ג",true,,6.90,6.9000,true,1,50969
7290005838002,false,דניאלה מעדן גבינה 15,,,דניאלה מעדן גבינה 15,מיליליטרים,150.00,"100 מ""ל",false,,4.10,2.7333,true,1,23309
7290005838613,false,גבינה וניל 3% סקי 12,,,גבינה וניל 3% סקי 12,גרמים,125.00,100 גרם,false,,3.90,3.1200,true,1,23310
7290005838972,false,גבינת יום יום 5% סקי,,,גבינת יום יום 5% סקי,גרמים,125.00,100 גרם,false,,3.50,2.8000,true,1,23311
7290005839078,false,דנונה ביו מארז חסכון,,,דנונה ביו מארז חסכון,קילוגרמים,1.20,"ק""ג",false,,16.90,14.0833,true,1,23312
7290005839108,false,סימפוניה עם זיתים 5%,,,סימפוניה עם זיתים 5%,גרמים,200.00,100 גרם,false,,11.50,5.7500,true,1,23313
7290005839313,false,מילקי טופ מגולגלת 14,,,מילקי טופ מגולגלת 14,מיליליטרים,142.00,"100 מ""ל",false,,4.90,3.4507,true,1,23314
7290005901362,false,קבב רומני מעדני המנג,,,קבב רומני מעדני המנג,גרמים,400.00,100 גרם,false,,12.90,3.2250,true,1,51605
7290005901379,false,המבורגר מעדני המנגל,,,המבורגר מעדני המנגל,גרמים,400.00,100 גרם,false,,12.90,3.2250,true,1,51606
7290005992018,false,גד יוגורט עיזים 3% 5,,,גד יוגורט עיזים 3% 5,מיליליטרים,500.00,"100 מ""ל",false,,12.90,2.5800,true,1,14644
7290006065179,false,סטייק טונה קפוא בואק,,,סטייק טונה קפוא בואק,קילוגרמים,1.00,"ק""ג",true,,39.90,39.9000,true,1,105358
7290006065308,false,פילה אמנון  5-7 קפוא,,,פילה אמנון  5-7 קפוא,קילוגרמים,1.00,"ק""ג",true,,29.90,29.9000,true,1,139728
7290006065391,false,פילה  דג נסיכת הנילו,,,פילה  דג נסיכת הנילו,קילוגרמים,1.00,"ק""ג",true,,43.90,43.9000,true,1,139739
7290006065407,false,נתחי פילה  נסיכת הני,,,נתחי פילה  נסיכת הני,קילוגרמים,1.00,"ק""ג",true,,46.90,46.9000,true,1,139740
7290006065599,false,פילה בקלה מרלוזה ארג,,,פילה בקלה מרלוזה ארג,קילוגרמים,1.00,"ק""ג",true,,37.90,37.9000,true,1,139751
7290006241191,false,אגוזי מלך 150 גרם קל,,,אגוזי מלך 150 גרם קל,גרמים,150.00,100 גרם,false,,17.50,11.6667,true,1,12804
7290006251275,false,תה ירוק סיני,,,תה ירוק סיני,גרמים,37.50,100 גרם,false,,23.90,63.7333,true,1,24658
7290006265890,false,נבטי חמניה יח,,,נבטי חמניה יח,יח',1.00,יח',false,,8.90,8.9000,true,1,35561
7290006271174,false,גחנון לאפיה בתנור מע,,,גחנון לאפיה בתנור מע,גרמים,700.00,100 גרם,false,,16.90,2.4143,true,1,35633
7290006271648,false,מיני בורקס תפו`א 800,,,מיני בורקס תפו`א 800,גרמים,800.00,100 גרם,false,,19.90,2.4875,true,1,35638
7290006272072,false,חטיפי פיצה מעדנות 65,,,חטיפי פיצה מעדנות 65,גרמים,650.00,100 גרם,false,,29.90,4.6000,true,1,35642
7290006306319,false,פסטה נונה פסטה נונה,,,פסטה נונה פסטה נונה,גרמים,400.00,100 גרם,false,,21.90,5.4750,true,1,14658
7290006374738,false,קונפיטורת תות יד מור,,,קונפיטורת תות יד מור,גרמים,340.00,100 גרם,false,,11.90,3.5000,true,1,22262
7290006449955,false,מלפפון בייבי,,,מלפפון בייבי,יח',1.00,יח',false,,8.90,8.9000,true,1,138003
7290006492432,false,גד בייבי מוצרלה 150ג,,,גד בייבי מוצרלה 150ג,גרמים,170.00,100 גרם,false,,13.90,8.1765,true,1,14665
7290006492616,false,גד בולגרית פרוסות 5%,,,גד בולגרית פרוסות 5%,גרמים,250.00,100 גרם,false,,26.90,10.7600,true,1,14666
7290006492630,false,גד גבינת גליל גד עזי,,,גד גבינת גליל גד עזי,גרמים,180.00,100 גרם,false,,22.40,12.4444,true,1,14667
7290006492852,false,גד גבינת עיזים למריח,,,גד גבינת עיזים למריח,גרמים,250.00,100 גרם,false,,16.50,6.6000,true,1,14670
7290006511157,false,פטריות שלמות שמפיניו,,,פטריות שלמות שמפיניו,גרמים,230.00,100 גרם,false,,6.90,3.0000,true,1,2906
7290006511751,false,פטריות חתוכות ויליפו,,,פטריות חתוכות ויליפו,גרמים,870.00,100 גרם,false,,11.90,1.3678,true,1,2909
7290006532008,false,צ'יפס טעים טעים 1.8,,,צ'יפס טעים טעים 1.8,קילוגרמים,1.80,"ק""ג",false,,22.90,12.7222,true,1,51616
7290006653765,false,פטוציני פרפקטו 500 ג,,,פטוציני פרפקטו 500 ג,גרמים,500.00,100 גרם,false,,6.90,1.3800,true,1,18715
7290006653819,false,קוסקוס דק בשקית אסם,,,קוסקוס דק בשקית אסם,גרמים,350.00,100 גרם,false,,7.90,2.2571,true,1,18716
7290006664037,false,גמדים ארוחת בוקר 4*1,,,גמדים ארוחת בוקר 4*1,מיליליטרים,400.00,"100 מ""ל",false,,11.10,2.7750,true,1,23317
7290006664051,false,אקטימל טבעי 14*100מל,,,אקטימל טבעי 14*100מל,ליטרים,1.40,ליטר,false,,29.90,21.3571,true,1,23318
7290006664402,false,שטראוס גבינה 5% 750ג,,,שטראוס גבינה 5% 750ג,גרמים,750.00,100 גרם,false,,13.60,1.8133,true,1,23322
7290006664532,false,דנונה תות 3% 150מל,,,דנונה תות 3% 150מל,גרמים,150.00,100 גרם,false,,3.90,2.6000,true,1,23323
7290006664655,false,אקטימל טבעי 8*100מל,,,אקטימל טבעי 8*100מל,מיליליטרים,800.00,"100 מ""ל",false,,19.90,2.4875,true,1,23325
7290006664693,false,דנונה אפרסק 3% 150מל,,,דנונה אפרסק 3% 150מל,גרמים,150.00,100 גרם,false,,3.90,2.6000,true,1,23326
7290006664990,false,דנונה ביו מארז חיסכו,,,דנונה ביו מארז חיסכו,קילוגרמים,1.20,"ק""ג",false,,16.90,14.0833,true,1,23328
7290006704016,false,בזיליקום ארוז יחידה,,,בזיליקום ארוז יחידה,יח',1.00,יח',false,,5.90,5.9000,true,1,35562
7290006704047,false,רוזמרין,,,רוזמרין,יח',1.00,יח',false,,5.90,5.9000,true,1,41541
7290006704078,false,אורגנו,,,אורגנו,יח',1.00,יח',false,,5.90,5.9000,true,1,41542
7290006704108,false,קורנית /טימין  יח',,,קורנית /טימין  יח',יח',1.00,יח',false,,5.90,5.9000,true,1,41544
7290006704511,false,תפוא ננסי מיקרוגל,,,תפוא ננסי מיקרוגל,גרמים,750.00,100 גרם,false,,6.90,0.9200,true,1,35565
7290006712981,false,מ.שיניים סמיילס לגיל,,,מ.שיניים סמיילס לגיל,מיליליטרים,50.00,"100 מ""ל",false,,11.90,23.8000,true,1,21492
7290006739131,false,זוגלובק בצק פילו 500,,,זוגלובק בצק פילו 500,גרמים,500.00,100 גרם,false,,12.90,2.5800,true,1,38982
7290006739292,false,פסטרמה תבור 330גר,,,פסטרמה תבור 330גר,גרמים,330.00,100 גרם,false,,27.90,8.4545,true,1,38985
7290006739407,false,שניצל תירס לייט 630,,,שניצל תירס לייט 630,גרמים,600.00,100 גרם,false,,21.90,3.6500,true,1,38989
7290006739445,false,שניצל תירס קלאסי 750,,,שניצל תירס קלאסי 750,גרמים,750.00,100 גרם,false,,21.90,2.9200,true,1,38992
7290006741363,false,"זוגלובק בורקס תפו""א",,,"זוגלובק בורקס תפו""א",גרמים,800.00,100 גרם,false,,13.90,1.7375,true,1,39005
7290006742315,false,חזה הודו ברביקיו 1%,,,חזה הודו ברביקיו 1%,גרמים,330.00,100 גרם,false,,27.90,8.4545,true,1,39017
7290006775030,false,עוגת שוקו-ציפס מבית,,,עוגת שוקו-ציפס מבית,גרמים,450.00,100 גרם,false,,10.90,2.4222,true,1,691
7290006775047,false,עוגת שוקולד מבית טוב,,,עוגת שוקולד מבית טוב,גרמים,450.00,100 גרם,false,,10.90,2.4222,true,1,692
7290006775054,false,עוגת שיש מבית טוב 45,,,עוגת שיש מבית טוב 45,גרמים,450.00,100 גרם,false,,10.90,2.4222,true,1,693
7290006775344,false,עוגת שמרים במילוי קר,,,עוגת שמרים במילוי קר,גרמים,400.00,100 גרם,false,,10.90,2.7250,true,1,700
7290006775764,false,עוגת שוקוצ'יפס ללא ת,,,עוגת שוקוצ'יפס ללא ת,גרמים,400.00,100 גרם,false,,11.90,2.9750,true,1,705
7290006789631,false,קרם לחות לשיער רגיל,,,קרם לחות לשיער רגיל,מיליליטרים,400.00,"100 מ""ל",false,,14.90,3.7250,true,1,30077
7290006908377,false,שקד טבעי 150 גר` פיצ,,,שקד טבעי 150 גר` פיצ,גרמים,150.00,100 גרם,false,,13.90,9.2667,true,1,1477
7290006908391,false,קשיו קלוי 150 גר` פי,,,קשיו קלוי 150 גר` פי,גרמים,150.00,100 גרם,false,,17.90,11.9333,true,1,1479
7290006908414,false,חמנייה 400 גרם,,,חמנייה 400 גרם,גרמים,400.00,100 גרם,false,,10.90,2.7250,true,1,1480
7290006920911,false,הולנדי פרוס כפיר 350,,,הולנדי פרוס כפיר 350,גרמים,350.00,100 גרם,false,,15.90,4.5429,true,1,18282
7290006983763,false,עוגת הבית שוקולד 400,,,עוגת הבית שוקולד 400,גרמים,400.00,100 גרם,false,,11.90,2.9750,true,1,18724
7290006983770,false,עוגת הבית שיש 400גר,,,עוגת הבית שיש 400גר,גרמים,400.00,100 גרם,false,,11.90,2.9750,true,1,18725
7290006992390,false,מטרנה דייסת וניל פרו,,,מטרנה דייסת וניל פרו,גרמים,200.00,100 גרם,false,,13.50,6.7500,true,1,18733
7290008154222,false,שניצלונים עוף טוב 70,,,שניצלונים עוף טוב 70,גרמים,700.00,100 גרם,false,,19.90,2.8429,true,1,19773
7290008175173,false,חמאה מפינלנד 200גר',,,חמאה מפינלנד 200גר',גרמים,200.00,100 גרם,false,,9.90,4.9500,true,1,2910
7290008268301,false,אוכמניות,,,אוכמניות,גרמים,120.00,100 גרם,false,,10.90,9.0833,true,1,47870
7290008340618,false,סלמון 100 מעושן מצונ,,,סלמון 100 מעושן מצונ,גרמים,100.00,100 גרם,false,,19.90,19.9000,true,1,17112
7290008343466,false,בצק פילו 500 גרם,,,בצק פילו 500 גרם,גרמים,500.00,100 גרם,false,,19.90,3.9800,true,1,17115
7290008344272,false,המבורגר 100% 400 ג'-,,,המבורגר 100% 400 ג'-,גרמים,400.00,100 גרם,false,,17.90,4.4750,true,1,17131
7290008345583,false,300 איקרה ביתית ורוד,,,300 איקרה ביתית ורוד,גרמים,300.00,100 גרם,false,,19.90,6.6333,true,1,17136
7290008347211,false,דלידג אצבעות דג 700,,,דלידג אצבעות דג 700,גרמים,700.00,100 גרם,false,,19.90,2.8429,true,1,17137
7290008409049,false,מאמא עוף מיני דק שני,,,מאמא עוף מיני דק שני,גרמים,500.00,100 גרם,false,,24.90,4.9800,true,1,25551
7290008409100,false,אצבעות שניצל ציפוי ש,,,אצבעות שניצל ציפוי ש,גרמים,700.00,100 גרם,false,,30.90,4.4143,true,1,25552
7290008409124,false,מאמא עוף קפוא שניצל,,,מאמא עוף קפוא שניצל,גרמים,700.00,100 גרם,false,,30.90,4.4143,true,1,25553
7290008409216,false,מאמא עוף קפוא שניצל,,,מאמא עוף קפוא שניצל,גרמים,700.00,100 גרם,false,,35.90,5.1286,true,1,25554
7290008409407,false,מאמא עוף שניצל דק צי,,,מאמא עוף שניצל דק צי,גרמים,700.00,100 גרם,false,,35.90,5.1286,true,1,25564
7290008415071,false,צבר חומוס עם טחינה 1,,,צבר חומוס עם טחינה 1,גרמים,150.00,100 גרם,false,,4.90,3.2667,true,1,19776
7290008415514,false,צבר סלט חומוס עם חרי,,,צבר סלט חומוס עם חרי,גרמים,150.00,100 גרם,false,,4.90,3.2667,true,1,19777
7290008443616,false,מרכך לשיער יבש אדום,,,מרכך לשיער יבש אדום,מיליליטרים,750.00,"100 מ""ל",false,,11.90,1.5867,true,1,30091
7290008461238,false,סרדינים רוברט בשמן ח,,,סרדינים רוברט בשמן ח,גרמים,115.00,100 גרם,false,,6.90,6.0000,true,1,17142
7290008462259,false,חרדל דיזון חריף גרגי,,,חרדל דיזון חריף גרגי,גרמים,380.00,100 גרם,false,,16.90,4.4474,true,1,17145
7290008464741,false,"גולדסטאר ח""פ בקבוק 6",,,"גולדסטאר ח""פ בקבוק 6",ליטרים,1.98,ליטר,false,,37.90,19.1414,true,1,9465
7290008464796,false,"הייניקן בקבוק ח""פ 6*",,,"הייניקן בקבוק ח""פ 6*",ליטרים,1.98,ליטר,false,,38.90,19.6465,true,1,9468
7290008470759,false,אורביט סטיקס ספירמינ,,,אורביט סטיקס ספירמינ,יחידה,0.00,יחידה,false,,14.00,0.0000,true,1,20771
7290008636988,false,מיה גרעיני חמניות קל,,,מיה גרעיני חמניות קל,גרמים,100.00,100 גרם,false,,3.50,3.5000,true,1,15028
7290008693134,false,דניאלה תות מעדן גבינ,,,דניאלה תות מעדן גבינ,מיליליטרים,150.00,"100 מ""ל",false,,4.10,2.7333,true,1,23335
7290008713900,false,לחם שיפון עגול אנגל,,,לחם שיפון עגול אנגל,גרמים,750.00,100 גרם,false,,13.90,1.8533,true,1,35475
7290008745239,false,תפוציפס קראנץ טבעי 5,,,תפוציפס קראנץ טבעי 5,גרמים,50.00,100 גרם,false,,3.90,7.8000,true,1,24166
7290008747547,false,תפוציפס קראנץ טבעי 2,,,תפוציפס קראנץ טבעי 2,גרמים,200.00,100 גרם,false,,9.90,4.9500,true,1,24168
7290008752244,false,תפוציפס קראנץ גריל 5,,,תפוציפס קראנץ גריל 5,גרמים,50.00,100 גרם,false,,3.90,7.8000,true,1,24170
7290008753111,false,תפוציפס מקסיקני 50גר,,,תפוציפס מקסיקני 50גר,גרמים,50.00,100 גרם,false,,3.90,7.8000,true,1,24171
7290008757034,false,"סודה שוופס 250 מ""ל ב",,,"סודה שוופס 250 מ""ל ב",מיליליטרים,250.00,"100 מ""ל",false,,3.90,1.5600,true,1,11559
7290008757072,false,שוופס פחית תות 330 מ,,,שוופס פחית תות 330 מ,מיליליטרים,330.00,"100 מ""ל",false,,4.50,1.3636,true,1,11561
7290008775823,false,ערגליות תות שדה 300,,,ערגליות תות שדה 300,גרמים,300.00,100 גרם,false,,9.90,3.3000,true,1,18737
7290008802291,false,"יין  P.C  מרלו 750מ""",,,"יין  P.C  מרלו 750מ""",מיליליטרים,750.00,"100 מ""ל",false,,39.90,5.3200,true,1,525
7290008802529,false,יין וינו לבן יבש,,,יין וינו לבן יבש,מיליליטרים,750.00,"100 מ""ל",false,,21.90,2.9200,true,1,527
7290008975551,false,מטרנה מהדרין  שלב 3,,,מטרנה מהדרין  שלב 3,גרמים,700.00,100 גרם,false,,49.90,7.1286,true,1,18741
7290009018004,false,פיקדון בקבוק/פחית בו,,,פיקדון בקבוק/פחית בו,יחידה,0.00,יחידה,false,,0.30,0.0000,true,1,66
7290009018011,false,פיקדון בקבוק/פחיות ש,,,פיקדון בקבוק/פחיות ש,יחידה,0.00,יחידה,false,,1.80,0.0000,true,1,64
7290009018264,false,פיקדון בקבוק/פחית רב,,,פיקדון בקבוק/פחית רב,יחידה,0.00,יחידה,false,,1.20,0.0000,true,1,105
7290010002030,false,מימון כמון במיכל 100,,,מימון כמון במיכל 100,גרמים,100.00,100 גרם,false,,11.90,11.9000,true,1,246
7290010002047,false,מימון מלח לימון במיכ,,,מימון מלח לימון במיכ,גרמים,200.00,100 גרם,false,,9.50,4.7500,true,1,247
7290010002078,false,מימון פלפל שחור טחון,,,מימון פלפל שחור טחון,גרמים,100.00,100 גרם,false,,14.50,14.5000,true,1,250
7290010002191,false,מימון מקלות קינמון ב,,,מימון מקלות קינמון ב,גרמים,70.00,100 גרם,false,,9.50,13.5714,true,1,259
7290010002214,false,מימון צילי גרוס 80 ג,,,מימון צילי גרוס 80 ג,גרמים,80.00,100 גרם,false,,11.90,14.8750,true,1,261
7290010002344,false,מימון תיבול לדג 100,,,מימון תיבול לדג 100,גרמים,100.00,100 גרם,false,,11.90,11.9000,true,1,269
7290010002658,false,מימון פלפל יבש מתוק,,,מימון פלפל יבש מתוק,גרמים,150.00,100 גרם,false,,15.90,10.6000,true,1,283
7290010003693,false,מימון פפריקה מתוקה ש,,,מימון פפריקה מתוקה ש,גרמים,80.00,100 גרם,false,,5.90,7.3750,true,1,291
7290010003709,false,מימון פלפל שחור טחון,,,מימון פלפל שחור טחון,גרמים,50.00,100 גרם,false,,7.90,15.8000,true,1,292
7290010003754,false,מימון כמון טחון שקית,,,מימון כמון טחון שקית,גרמים,50.00,100 גרם,false,,5.90,11.8000,true,1,293
7290010003839,false,מימון קינמון טחון שק,,,מימון קינמון טחון שק,גרמים,80.00,100 גרם,false,,5.90,7.3750,true,1,301
7290010004348,false,מימון פ פריקה מתוקה,,,מימון פ פריקה מתוקה,גרמים,250.00,100 גרם,false,,21.90,8.7600,true,1,326
7290010045051,false,עוגיות מלבן שקדים לח,,,עוגיות מלבן שקדים לח,גרמים,200.00,100 גרם,false,,18.90,9.4500,true,1,24684
7290010045068,false,עוגיות הנסיכה לחמי 2,,,עוגיות הנסיכה לחמי 2,גרמים,250.00,100 גרם,false,,18.90,7.5600,true,1,24685
7290010065332,false,"פרינוק גוניור תפ""ע ב",,,"פרינוק גוניור תפ""ע ב",גרמים,190.00,100 גרם,false,,6.90,3.6316,true,1,3526
7290010065349,false,מחית פרינוק גוניור ס,,,מחית פרינוק גוניור ס,גרמים,190.00,100 גרם,false,,6.90,3.6316,true,1,3527
7290010065745,false,פרינוק ג'וניור לפתן,,,פרינוק ג'וניור לפתן,גרמים,190.00,100 גרם,false,,6.90,3.6316,true,1,3535
7290010066513,false,נתחי טונה בשמן צמחי,,,נתחי טונה בשמן צמחי,גרמים,632.00,100 גרם,false,,22.90,3.6234,true,1,26591
7290010066575,false,נתחי טונה במים פילטו,,,נתחי טונה במים פילטו,גרמים,632.00,100 גרם,false,,22.90,3.6234,true,1,26593
7290010066582,false,נתחי טונה בשמן קנולה,,,נתחי טונה בשמן קנולה,גרמים,632.00,100 גרם,false,,22.90,3.6234,true,1,26594
7290010116980,false,שוקולית 850 גרם,,,שוקולית 850 גרם,גרמים,850.00,100 גרם,false,,15.90,1.8706,true,1,22295
7290010117864,false,דוריטוס חריף אש 70 ג,,,דוריטוס חריף אש 70 ג,גרמים,70.00,100 גרם,false,,3.60,5.1429,true,1,24178
7290010118328,false,תפוצ'יפס טבעי 6*40 ג,,,תפוצ'יפס טבעי 6*40 ג,גרמים,240.00,100 גרם,false,,12.90,5.3750,true,1,24182
7290010124107,false,סטייק בורגר 400 גרם,,,סטייק בורגר 400 גרם,גרמים,400.00,100 גרם,false,,15.90,3.9750,true,1,35353
7290010124190,false,שניצל בקר מלינסה אל,,,שניצל בקר מלינסה אל,גרמים,250.00,100 גרם,false,,12.90,5.1600,true,1,35354
7290010124213,false,סינטה בקר דק דק אל מ,,,סינטה בקר דק דק אל מ,גרמים,250.00,100 גרם,false,,14.90,5.9600,true,1,35356
7290010124503,false,שומן כבש 200 גר',,,שומן כבש 200 גר',גרמים,200.00,100 גרם,false,,11.90,5.9500,true,1,35357
7290010129010,false,עוגיות ריבה 600גר,,,עוגיות ריבה 600גר,גרמים,600.00,100 גרם,false,,19.90,3.3167,true,1,20159
7290010129553,false,עוגיות רולדה תמרים 6,,,עוגיות רולדה תמרים 6,גרמים,600.00,100 גרם,false,,19.90,3.3167,true,1,20184
7290010129652,false,עוגיות לקפה דולצ'ה ו,,,עוגיות לקפה דולצ'ה ו,גרמים,350.00,100 גרם,false,,17.90,5.1143,true,1,20191
7290010129676,false,עוגיות מרוקאיות ארוך,,,עוגיות מרוקאיות ארוך,גרמים,350.00,100 גרם,false,,17.90,5.1143,true,1,20193
7290010153770,false,ציפוי לשניצל פיקנטי,,,ציפוי לשניצל פיקנטי,גרמים,500.00,100 גרם,false,,8.90,1.7800,true,1,15049
7290010153794,false,ציפוי לשניצל עם עשבי,,,ציפוי לשניצל עם עשבי,גרמים,500.00,100 גרם,false,,8.90,1.7800,true,1,15051
7290010153800,false,ציפוי לשניצל עם תיבו,,,ציפוי לשניצל עם תיבו,גרמים,500.00,100 גרם,false,,8.90,1.7800,true,1,15052
7290010154005,false,סחוג תימני ירוק 250,,,סחוג תימני ירוק 250,גרמים,250.00,100 גרם,false,,13.90,5.5600,true,1,17146
7290010154418,false,יוחאי ביטון סחוג אדו,,,יוחאי ביטון סחוג אדו,גרמים,130.00,100 גרם,false,,8.90,6.8462,true,1,17156
7290010154685,false,סלט שום כתוש 250 גר',,,סלט שום כתוש 250 גר',גרמים,250.00,100 גרם,false,,13.90,5.5600,true,1,17162
7290010173068,false,הרי גליל קברנה סובינ,,,הרי גליל קברנה סובינ,מיליליטרים,750.00,"100 מ""ל",false,,37.90,5.0533,true,1,41646
7290010192007,false,פטרוזיליה,,,פטרוזיליה,יח',1.00,יח',false,,3.50,3.5000,true,1,35570
7290010192014,false,שמיר,,,שמיר,יח',1.00,יח',false,,3.50,3.5000,true,1,35571
7290010192021,false,כוסברה,,,כוסברה,יח',1.00,יח',false,,3.50,3.5000,true,1,35572
7290010192038,false,שורש פטרוזיליה ארוז,,,שורש פטרוזיליה ארוז,יח',1.00,יח',false,,5.90,5.9000,true,1,35573
7290010192045,false,נענע יחידה,,,נענע יחידה,יח',1.00,יח',false,,3.50,3.5000,true,1,35574
7290010192052,false,סלרי עלים (אמריקאי),,,סלרי עלים (אמריקאי),יח',1.00,יח',false,,5.90,5.9000,true,1,35575
7290010192069,false,סלרי ראש ארוז,,,סלרי ראש ארוז,יח',1.00,יח',false,,5.90,5.9000,true,1,35576
7290010192137,false,לוף ארוז ליח,,,לוף ארוז ליח,יח',1.00,יח',false,,8.90,8.9000,true,1,35578
7290010237784,false,מכבי שנדי לימון ליים,,,מכבי שנדי לימון ליים,ליטרים,1.98,ליטר,false,,30.90,15.6061,true,1,9487
7290010429554,false,שמן זית כתית מעולה 2,,,שמן זית כתית מעולה 2,מיליליטרים,750.00,"100 מ""ל",false,,33.90,4.5200,true,1,22300
7290010471669,false,דנונה קראנצ' יוגורט,,,דנונה קראנצ' יוגורט,מיליליטרים,175.00,"100 מ""ל",false,,4.60,2.6286,true,1,23336
7290010472390,false,מארז  דני  שוקולד 8*,,,מארז  דני  שוקולד 8*,מיליליטרים,1000.00,"100 מ""ל",false,,16.90,1.6900,true,1,23340
7290010711253,false,מיקרופייבר ניקוי כלל,,,מיקרופייבר ניקוי כלל,יחידה,0.00,יחידה,false,,9.90,0.0000,true,1,13493
7290010711543,false,כף אשפה + גומי SHINY,,,כף אשפה + גומי SHINY,יחידה,0.00,יחידה,false,,5.90,0.0000,true,1,13501
7290010711550,false,דלי שטיפה עם פיה ( 1,,,דלי שטיפה עם פיה ( 1,יחידה,0.00,יחידה,false,,11.90,0.0000,true,1,13502
7290010711918,false,מ.א מטליות מיקרופייב,,,מ.א מטליות מיקרופייב,יחידה,0.00,יחידה,false,,6.90,0.0000,true,1,13509
7290010718627,false,אל סבון נוזלי ירוק פ,,,אל סבון נוזלי ירוק פ,יחידה,0.00,יחידה,false,,8.90,0.0000,true,1,18148
7290010777099,false,8 פיתות במרקם מיוחד,,,8 פיתות במרקם מיוחד,גרמים,800.00,100 גרם,false,,11.30,1.4125,true,1,21164
7290010777297,false,10 פיתות ביס,,,10 פיתות ביס,קילוגרמים,1.00,"ק""ג",false,,12.90,12.9000,true,1,21170
7290010777358,false,8 פיתות כוסמין מלא 1,,,8 פיתות כוסמין מלא 1,גרמים,400.00,100 גרם,false,,15.90,3.9750,true,1,21173
7290010777525,false,פיתות קוסמין-פיתה אק,,,פיתות קוסמין-פיתה אק,גרמים,50.00,100 גרם,false,,15.90,31.8000,true,1,220317
7290010838424,false,זוג ג'ל נוזל בניחוח,,,זוג ג'ל נוזל בניחוח,ליטרים,1.50,ליטר,false,,15.90,10.6000,true,1,5847
7290010922949,false,תות שדה קפוא שייק אי,,,תות שדה קפוא שייק אי,גרמים,250.00,100 גרם,false,,10.00,4.0000,true,1,235888
7290010931330,false,אחלה מטבוחה 500ג,,,אחלה מטבוחה 500ג,גרמים,500.00,100 גרם,false,,13.90,2.7800,true,1,23342
7290010945146,false,טרה קוטג מועשר 3% 25,,,טרה קוטג מועשר 3% 25,גרמים,250.00,100 גרם,false,,5.40,2.1600,true,1,6413
7290011017866,false,קוקה קולה פחית סליק,,,קוקה קולה פחית סליק,מיליליטרים,330.00,"100 מ""ל",false,,5.50,1.6667,true,1,7031
7290011017873,false,ZERO קולה פחית סליק,,,ZERO קולה פחית סליק,מיליליטרים,330.00,"100 מ""ל",false,,5.50,1.6667,true,1,7032
7290011018832,false,קוקה קולה פרידג' פאק,,,קוקה קולה פרידג' פאק,ליטרים,1.98,ליטר,false,,22.50,11.3636,true,1,7060
7290011018917,false,קוקה קולה זירו פרידג,,,קוקה קולה זירו פרידג,ליטרים,1.98,ליטר,false,,22.50,11.3636,true,1,7063
7290011026066,false,סרקל שמפו + מרכך ליל,,,סרקל שמפו + מרכך ליל,יחידה,0.00,יחידה,false,,29.90,0.0000,true,1,29131
7290011148911,false,פלפלים מתוקים טינקרב,,,פלפלים מתוקים טינקרב,גרמים,300.00,100 גרם,false,,9.90,3.3000,true,1,35580
7290011194215,false,"דניאלה בננה 150 מ""ל",,,"דניאלה בננה 150 מ""ל",מיליליטרים,150.00,"100 מ""ל",false,,4.10,2.7333,true,1,23343
7290011194246,false,קוטג שטראוס 5% עם סי,,,קוטג שטראוס 5% עם סי,גרמים,250.00,100 גרם,false,,5.90,2.3600,true,1,23344
7290011236649,false,שוקולד צ'יפס בלגי שק,,,שוקולד צ'יפס בלגי שק,גרמים,300.00,100 גרם,false,,9.90,3.3000,true,1,4656
7290011240332,false,תירוש ענבים טבעי אדו,,,תירוש ענבים טבעי אדו,ליטרים,1.00,ליטר,false,,13.90,13.9000,true,1,11976
7290011249748,false,גילרו רולים שוקו 100,,,גילרו רולים שוקו 100,גרמים,100.00,100 גרם,false,,3.90,3.9000,true,1,41323
7290011254254,false,שוקולד ציפס 300גר,,,שוקולד ציפס 300גר,גרמים,300.00,100 גרם,false,,8.90,2.9667,true,1,15087
7290011254766,false,שעועית לוביה 400 גרם,,,שעועית לוביה 400 גרם,גרמים,400.00,100 גרם,false,,8.90,2.2250,true,1,15108
7290011378769,false,בארכה בקטנה מאגדת ונ,,,בארכה בקטנה מאגדת ונ,גרמים,120.00,100 גרם,false,,11.90,9.9167,true,1,18749
7290011378776,false,בארכה בקטנה מאגדת פי,,,בארכה בקטנה מאגדת פי,גרמים,120.00,100 גרם,false,,11.90,9.9167,true,1,18750
7290011379018,false,פטריות צמד חמד,,,פטריות צמד חמד,גרמים,500.00,100 גרם,false,,15.90,3.1800,true,1,41552
7290011447281,false,מטרנה חלבי שלב 2  70,,,מטרנה חלבי שלב 2  70,גרמים,700.00,100 גרם,false,,48.90,6.9857,true,1,18759
7290011499105,false,גד בולגרית 5% 250ג,,,גד בולגרית 5% 250ג,גרמים,250.00,100 גרם,false,,21.90,8.7600,true,1,14673
7290011499419,false,גבינה במרקם  שמנת 5%,,,גבינה במרקם  שמנת 5%,גרמים,200.00,100 גרם,false,,10.90,5.4500,true,1,14685
7290011518561,false,אקטימל תות משפחתי 14,,,אקטימל תות משפחתי 14,ליטרים,1.40,ליטר,false,,29.90,21.3571,true,1,23355
7290011587598,false,פילה אנשובי תומר 45,,,פילה אנשובי תומר 45,גרמים,45.00,100 גרם,false,,6.90,15.3333,true,1,25036
7290011593087,false,סבא חביב שמן זית כתי,,,סבא חביב שמן זית כתי,מיליליטרים,750.00,"100 מ""ל",false,,30.90,4.1200,true,1,176285
7290011598372,false,סנו סושי מטלית מיקרו,,,סנו סושי מטלית מיקרו,יחידה,0.00,יחידה,false,,12.90,0.0000,true,1,30155
7290011598402,false,מרכך כביסה סנו מקסימ,,,מרכך כביסה סנו מקסימ,ליטרים,4.00,ליטר,false,,22.90,5.7250,true,1,30156
7290011723200,false,טחינה הר ברכה טחינה,,,טחינה הר ברכה טחינה,גרמים,500.00,100 גרם,false,,19.90,3.9800,true,1,41333
7290011765316,false,מברשת שיניים ילדים+ש,,,מברשת שיניים ילדים+ש,יחידה,0.00,יחידה,false,,7.90,0.0000,true,1,30167
7290011765613,false,סנו מתז מסיר עובש בנ,,,סנו מתז מסיר עובש בנ,ליטרים,13.00,ליטר,false,,17.90,1.3769,true,1,30179
7290011800840,false,צבר רפי כהן טחינה בל,,,צבר רפי כהן טחינה בל,גרמים,400.00,100 גרם,false,,15.40,3.8500,true,1,19795
7290011876494,false,מאמא עוף קפוא שניצל,,,מאמא עוף קפוא שניצל,גרמים,750.00,100 גרם,false,,30.90,4.1200,true,1,25583
7290011877859,false,סנו אינסטלטור פותח ס,,,סנו אינסטלטור פותח ס,מיליליטרים,200.00,"100 מ""ל",false,,15.90,7.9500,true,1,30190
7290011877866,false,אבקת כביסה סנו מקסימ,,,אבקת כביסה סנו מקסימ,קילוגרמים,6.00,"ק""ג",false,,49.90,8.3167,true,1,30191
7290011947781,false,מיקס זית ירוק קלמטה,,,מיקס זית ירוק קלמטה,גרמים,190.00,100 גרם,false,,13.90,7.3158,true,1,99951
7290011947798,false,זית קלמטה ללא גלעין,,,זית קלמטה ללא גלעין,גרמים,190.00,100 גרם,false,,13.90,7.3158,true,1,99952
7290011947903,false,זיתים מיקס ייווני זי,,,זיתים מיקס ייווני זי,גרמים,215.00,100 גרם,false,,13.90,6.4651,true,1,151709
7290011963231,false,לבבות חסה,,,לבבות חסה,יח',1.00,יח',false,,10.90,10.9000,true,1,47758
7290011964658,false,תבלין מלח לימון טעם,,,תבלין מלח לימון טעם,גרמים,170.00,100 גרם,false,,10.00,5.8824,true,1,42449
7290012001994,false,חרדל דיגון גרעינים 3,,,חרדל דיגון גרעינים 3,גרמים,350.00,100 גרם,false,,11.90,3.4000,true,1,5332
7290012019265,false,"מחית תפו""ע ללא סוכר",,,"מחית תפו""ע ללא סוכר",גרמים,452.00,100 גרם,false,,10.90,2.4115,true,1,25066
7290012022203,false,קליליות חיטה מלאה די,,,קליליות חיטה מלאה די,גרמים,100.00,100 גרם,false,,13.90,13.9000,true,1,31562
7290012022227,false,קליליות בטעם טבעי די,,,קליליות בטעם טבעי די,גרמים,60.00,100 גרם,false,,11.70,19.5000,true,1,31563
7290012086113,false,עגבניות שרי,,,עגבניות שרי,גרמים,500.00,100 גרם,false,,9.90,1.9800,true,1,51000
7290012116063,false,אל סבון כיף פיות בתמ,,,אל סבון כיף פיות בתמ,מיליליטרים,750.00,"100 מ""ל",false,,11.90,1.5867,true,1,30199
7290012116537,false,אבקת כביסה סנו מקסימ,,,אבקת כביסה סנו מקסימ,קילוגרמים,2.50,"ק""ג",false,,26.90,10.7600,true,1,30205
7290012116612,false,מארז מברשות שיניים א,,,מארז מברשות שיניים א,יחידה,0.00,יחידה,false,,11.90,0.0000,true,1,30208
7290012117275,false,סנוקליר שקית מילוי 7,,,סנוקליר שקית מילוי 7,מיליליטרים,750.00,"100 מ""ל",false,,6.90,0.9200,true,1,30223
7290012117350,false,ריצפז פרש לילך לבנדר,,,ריצפז פרש לילך לבנדר,ליטרים,2.00,ליטר,false,,18.90,9.4500,true,1,30224
7290012117428,false,שמפו וג'ל רחצה לגבר,,,שמפו וג'ל רחצה לגבר,מיליליטרים,700.00,"100 מ""ל",false,,18.90,2.7000,true,1,30230
7290012117541,false,סנו מקסימה מרכך קומפ,,,סנו מקסימה מרכך קומפ,יחידה,0.00,יחידה,false,,18.90,0.0000,true,1,30234
7290012117558,false,סנו מקסימה מרכך קומפ,,,סנו מקסימה מרכך קומפ,יחידה,0.00,יחידה,false,,18.90,0.0000,true,1,30235
7290012117732,false,מרכך כביסה סנו מקסימ,,,מרכך כביסה סנו מקסימ,ליטרים,4.00,ליטר,false,,22.90,5.7250,true,1,30243
7290012117916,false,סנו אינסטלאטור פותח,,,סנו אינסטלאטור פותח,יחידה,0.00,יחידה,false,,29.90,0.0000,true,1,30250
7290012226120,false,*מבצע* זוגלובק קבנוס,,,*מבצע* זוגלובק קבנוס,גרמים,135.00,100 גרם,false,,9.90,7.3333,true,1,39028
7290012227974,false,זוגלובק פסטרמה בדבש,,,זוגלובק פסטרמה בדבש,גרמים,120.00,100 גרם,false,,11.90,9.9167,true,1,39073
7290012228261,false,נקנקיות הודו קנקרס ר,,,נקנקיות הודו קנקרס ר,גרמים,300.00,100 גרם,false,,19.90,6.6333,true,1,39085
7290012313240,false,מיקס זית ירוק וקלמטה,,,מיקס זית ירוק וקלמטה,גרמים,560.00,100 גרם,false,,10.90,1.9464,true,1,96087
7290012372100,false,קמח חיטה 80% רובינפל,,,קמח חיטה 80% רובינפל,קילוגרמים,1.00,"ק""ג",false,,10.90,10.9000,true,1,36832
7290012561405,false,בצל חצי מטוגן דורות,,,בצל חצי מטוגן דורות,גרמים,180.00,100 גרם,false,,10.50,5.8333,true,1,19809
7290012645174,false,גבינת עיזים 5% חלב ה,,,גבינת עיזים 5% חלב ה,גרמים,200.00,100 גרם,false,,13.90,6.9500,true,1,222174
7290012803451,false,טוסו שוקלד מריר 62%,,,טוסו שוקלד מריר 62%,גרמים,100.00,100 גרם,false,,8.90,8.9000,true,1,5922
7290012803772,false,טוסו שוקלד חלב 100ג,,,טוסו שוקלד חלב 100ג,גרמים,100.00,100 גרם,false,,8.90,8.9000,true,1,5933
7290012823251,false,אל סבון יסמין לבנדר,,,אל סבון יסמין לבנדר,ליטרים,1.00,ליטר,false,,12.90,12.9000,true,1,30276
7290012823381,false,סנו מקסימה סנסטיב מר,,,סנו מקסימה סנסטיב מר,יחידה,0.00,יחידה,false,,18.90,0.0000,true,1,30278
7290012823947,false,סנו מקסימה מרכך פרפי,,,סנו מקסימה מרכך פרפי,מיליליטרים,750.00,"100 מ""ל",false,,18.90,2.5200,true,1,30302
7290012884986,false,תפוגן ציפס לתנור עד,,,תפוגן ציפס לתנור עד,קילוגרמים,1.50,"ק""ג",false,,24.90,16.6000,true,1,19815
7290012938597,false,משחת שיניים רפיד רלי,,,משחת שיניים רפיד רלי,מיליליטרים,75.00,"100 מ""ל",false,,24.90,33.2000,true,1,3879
7290013027399,false,לחם 100 בתוספת שיפון,,,לחם 100 בתוספת שיפון,גרמים,750.00,100 גרם,false,,13.90,1.8533,true,1,35494
7290013083678,false,מטרנה אקסטרה קר שלב,,,מטרנה אקסטרה קר שלב,גרמים,700.00,100 גרם,false,,58.90,8.4143,true,1,18768
7290013083685,false,מטרנה אקסטרה קר שלב,,,מטרנה אקסטרה קר שלב,גרמים,700.00,100 גרם,false,,58.90,8.4143,true,1,18769
7290013117212,false,בורקס פילו גבינה מעד,,,בורקס פילו גבינה מעד,גרמים,600.00,100 גרם,false,,18.90,3.1500,true,1,35649
7290013117243,false,בורקס פילו בולגרית מ,,,בורקס פילו בולגרית מ,גרמים,600.00,100 גרם,false,,18.90,3.1500,true,1,35652
7290013144188,false,תערובת בראוניס 600 ג,,,תערובת בראוניס 600 ג,גרמים,600.00,100 גרם,false,,15.90,2.6500,true,1,15355
7290013144195,false,תערובת כדורי שוקולד,,,תערובת כדורי שוקולד,גרמים,500.00,100 גרם,false,,15.90,3.1800,true,1,15356
7290013144232,false,פודינג וניל מימונס 8,,,פודינג וניל מימונס 8,גרמים,80.00,100 גרם,false,,3.90,4.8750,true,1,15360
7290013144393,false,תמצית בטעם וניל 50גר,,,תמצית בטעם וניל 50גר,גרמים,50.00,100 גרם,false,,4.50,9.0000,true,1,15369
7290013144614,false,סירופ מייפל אמיתי 10,,,סירופ מייפל אמיתי 10,מיליליטרים,236.00,"100 מ""ל",false,,30.90,13.0932,true,1,15378
7290013144768,false,מימונס סירופ בטעם שו,,,מימונס סירופ בטעם שו,מיליליטרים,500.00,"100 מ""ל",false,,13.90,2.7800,true,1,15380
7290013145109,false,מימונס שקד מולבן טחו,,,מימונס שקד מולבן טחו,גרמים,100.00,100 גרם,false,,12.90,12.9000,true,1,15393
7290013145192,false,שומשום 100גר,,,שומשום 100גר,גרמים,100.00,100 גרם,false,,4.90,4.9000,true,1,15400
7290013145215,false,שומשום 400גר,,,שומשום 400גר,גרמים,400.00,100 גרם,false,,14.90,3.7250,true,1,15401
7290013145451,false,מימונס קקאו 150 גר,,,מימונס קקאו 150 גר,גרמים,150.00,100 גרם,false,,8.90,5.9333,true,1,15410
7290013145567,false,מיני מיני עדשים 90גר,,,מיני מיני עדשים 90גר,גרמים,90.00,100 גרם,false,,10.50,11.6667,true,1,15414
7290013145628,false,סוכריות צבעוניות לקי,,,סוכריות צבעוניות לקי,גרמים,200.00,100 גרם,false,,8.90,4.4500,true,1,15417
7290013145840,false,מימונס סוכר וניל 10*,,,מימונס סוכר וניל 10*,גרמים,100.00,100 גרם,false,,2.50,2.5000,true,1,15431
7290013145857,false,אבקת אפיה 10* 10 גרם,,,אבקת אפיה 10* 10 גרם,גרמים,100.00,100 גרם,false,,2.50,2.5000,true,1,15432
7290013146069,false,מלית שוקולד 400גר,,,מלית שוקולד 400גר,גרמים,400.00,100 גרם,false,,12.90,3.2250,true,1,15447
7290013146304,false,מימונס קורנפלור 500,,,מימונס קורנפלור 500,גרמים,500.00,100 גרם,false,,6.90,1.3800,true,1,15453
7290013203182,false,שרי מנומר -ליקופן,,,שרי מנומר -ליקופן,גרמים,200.00,100 גרם,false,,9.90,4.9500,true,1,51001
7290013268020,false,סנו מקסימה אולטרא פר,,,סנו מקסימה אולטרא פר,יחידה,0.00,יחידה,false,,18.90,0.0000,true,1,30304
7290013268037,false,סנו מקסימה פצ'ולי מר,,,סנו מקסימה פצ'ולי מר,יחידה,0.00,יחידה,false,,18.90,0.0000,true,1,30305
7290013268891,false,סנו אוקסיג'ן 3 ליטר,,,סנו אוקסיג'ן 3 ליטר,ליטרים,3.00,ליטר,false,,30.90,10.3000,true,1,30340
7290013268983,false,מקסימה מרכך כביסה בב,,,מקסימה מרכך כביסה בב,יחידה,0.00,יחידה,false,,18.90,0.0000,true,1,129639
7290013268990,false,סנו מקסימה מרכך מרוכ,,,סנו מקסימה מרכך מרוכ,יחידה,0.00,יחידה,false,,18.90,0.0000,true,1,30344
7290013269003,false,סנו מקסימה קר בייבי,,,סנו מקסימה קר בייבי,ליטרים,1.00,ליטר,false,,19.90,19.9000,true,1,30345
7290013269287,false,מקסימה מאסק גל כביסה,,,מקסימה מאסק גל כביסה,ליטרים,3.00,ליטר,false,,33.90,11.3000,true,1,30352
7290013269621,false,ריצפז פרש הום בניחוח,,,ריצפז פרש הום בניחוח,ליטרים,2.00,ליטר,false,,21.90,10.9500,true,1,30359
7290013269638,false,סנו סושי ספוג הפלא א,,,סנו סושי ספוג הפלא א,יחידה,0.00,יחידה,false,,9.70,0.0000,true,1,30360
7290013269645,false,ריצפז פרש מטליות לחו,,,ריצפז פרש מטליות לחו,יחידה,0.00,יחידה,false,,11.90,0.0000,true,1,30361
7290013269751,false,ריצפז מטליות לחות לנ,,,ריצפז מטליות לחות לנ,יחידה,0.00,יחידה,false,,11.90,0.0000,true,1,30366
7290013284310,false,רוטב לפסטה לילדים פר,,,רוטב לפסטה לילדים פר,גרמים,240.00,100 גרם,false,,4.90,2.0417,true,1,41346
7290013358356,false,מאסטר שף פירורי לחם,,,מאסטר שף פירורי לחם,גרמים,350.00,100 גרם,false,,6.90,1.9714,true,1,21504
7290013358363,false,מאסטר שף  פירורי לחם,,,מאסטר שף  פירורי לחם,גרמים,300.00,100 גרם,false,,9.90,3.3000,true,1,21505
7290013358486,false,מאסטר שף פירורים  מו,,,מאסטר שף פירורים  מו,גרמים,300.00,100 גרם,false,,6.90,2.3000,true,1,21514
7290013358578,false,אטריות אורז רחבות 5,,,אטריות אורז רחבות 5,גרמים,400.00,100 גרם,false,,8.90,2.2250,true,1,21521
7290013366634,false,חסה סלנובה,,,חסה סלנובה,יח',1.00,יח',false,,11.90,11.9000,true,1,47764
7290013381699,false,טופ מותגים קקאו 500,,,טופ מותגים קקאו 500,גרמים,500.00,100 גרם,false,,21.00,4.2000,true,1,15963
7290013389381,false,"קמח תירס תומר 1 ק""ג",,,"קמח תירס תומר 1 ק""ג",קילוגרמים,1.00,"ק""ג",false,,10.80,10.8000,true,1,25115
7290013412966,false,תולי מגבונים לחים 4*,,,תולי מגבונים לחים 4*,יחידה,0.00,יחידה,false,,9.90,0.0000,true,1,29534
7290013424914,false,אפרסק פלחים קפוא 500,,,אפרסק פלחים קפוא 500,גרמים,500.00,100 גרם,false,,9.90,1.9800,true,1,115902
7290013525819,false,שמיר שום כתוש 150ג,,,שמיר שום כתוש 150ג,גרמים,150.00,100 גרם,false,,8.90,5.9333,true,1,17745
7290013531346,false,סירופ דיאט לימונענע,,,סירופ דיאט לימונענע,ליטרים,1.00,ליטר,false,,16.90,16.9000,true,1,8729
7290013531582,false,זיתים חרוזית מגולעני,,,זיתים חרוזית מגולעני,גרמים,600.00,100 גרם,false,,11.90,1.9833,true,1,8737
7290013531759,false,שעועית אפויה במים יכ,,,שעועית אפויה במים יכ,גרמים,550.00,100 גרם,false,,9.90,1.8000,true,1,8746
7290013585233,false,פחית סליק 330 מל ZER,,,פחית סליק 330 מל ZER,מיליליטרים,330.00,"100 מ""ל",false,,5.50,1.6667,true,1,7083
7290013585387,false,קולה זירו 1 ליטר,,,קולה זירו 1 ליטר,ליטרים,1.00,ליטר,false,,6.90,6.9000,true,1,7095
7290013585394,false,קוקה קולה 1 ליטר,,,קוקה קולה 1 ליטר,ליטרים,1.00,ליטר,false,,7.50,7.5000,true,1,7096
7290013675545,false,שניצל כלי תחבורה 700,,,שניצל כלי תחבורה 700,גרמים,700.00,100 גרם,false,,30.90,4.4143,true,1,25603
7290013724946,false,שקדים בציפוי שוקלד מ,,,שקדים בציפוי שוקלד מ,גרמים,140.00,100 גרם,false,,10.90,7.7857,true,1,4677
7290013848383,false,ג'ל רחצה אנטי בלוק ק,,,ג'ל רחצה אנטי בלוק ק,מיליליטרים,700.00,"100 מ""ל",false,,18.90,2.7000,true,1,30382
7290013848758,false,סנו מקסימה ג'ל כביסה,,,סנו מקסימה ג'ל כביסה,ליטרים,3.00,ליטר,false,,36.90,12.3000,true,1,30401
7290013906212,false,טירת צבי נקניקיות וי,,,טירת צבי נקניקיות וי,קילוגרמים,1.00,"ק""ג",false,,22.90,22.9000,true,1,25391
7290013906496,false,טירת צבי פסטרמה עגל,,,טירת צבי פסטרמה עגל,גרמים,120.00,100 גרם,false,,13.90,11.5833,true,1,25405
7290013906687,false,טירת צבי צמד כפרית ב,,,טירת צבי צמד כפרית ב,גרמים,600.00,100 גרם,false,,24.90,4.1500,true,1,25408
7290013906694,false,"נקניקיות עוף 1.5 ק""ג",,,"נקניקיות עוף 1.5 ק""ג",קילוגרמים,1.50,"100 ק""ג",false,,34.90,2326.6667,true,1,195115
7290013927323,false,עוגת בראוניס אחוה 40,,,עוגת בראוניס אחוה 40,גרמים,400.00,100 גרם,false,,11.90,2.9750,true,1,763
7290014002203,false,תה חליטת לימונית ולו,,,תה חליטת לימונית ולו,גרמים,37.50,100 גרם,false,,17.90,47.7333,true,1,24749
7290014046016,false,יחיעם פסטרמה הודו 10,,,יחיעם פסטרמה הודו 10,גרמים,250.00,100 גרם,false,,24.90,9.9600,true,1,15586
7290014046030,false,יחיעם מוס כבד עוף 14,,,יחיעם מוס כבד עוף 14,גרמים,140.00,100 גרם,false,,15.90,11.3571,true,1,15588
7290014046474,false,יחיעם נקניקיות עוף 1,,,יחיעם נקניקיות עוף 1,קילוגרמים,1.50,"ק""ג",false,,27.90,18.6000,true,1,15592
7290014079014,false,לבבות קיסר,,,לבבות קיסר,גרמים,300.00,100 גרם,false,,9.90,3.3000,true,1,35583
7290014079076,false,נבטי אלפלפא,,,נבטי אלפלפא,יח',1.00,יח',false,,6.90,6.9000,true,1,41554
7290014094505,false,אהרוני אורז בסמטי 1,,,אהרוני אורז בסמטי 1,קילוגרמים,1.00,"ק""ג",false,,9.90,9.9000,true,1,4716
7290014094642,false,קשיו טבעי 250 גר' שש,,,קשיו טבעי 250 גר' שש,גרמים,250.00,100 גרם,false,,24.90,9.9600,true,1,4727
7290014095946,false,פקאן בציפוי שוקולד מ,,,פקאן בציפוי שוקולד מ,גרמים,140.00,100 גרם,false,,10.90,7.7857,true,1,4743
7290014095960,false,שיבולת שועל עבה קווא,,,שיבולת שועל עבה קווא,גרמים,500.00,100 גרם,false,,4.90,0.9800,true,1,4745
7290014204010,false,פנינה מרכך צבוע 750,,,פנינה מרכך צבוע 750,מיליליטרים,750.00,"100 מ""ל",false,,9.90,1.3200,true,1,18177
7290014218932,false,חטיפי פיצה בתוספת זי,,,חטיפי פיצה בתוספת זי,גרמים,710.00,100 גרם,false,,27.90,3.9296,true,1,35708
7290014325050,false,מיה קורנפלור 500גרם,,,מיה קורנפלור 500גרם,גרמים,500.00,100 גרם,false,,3.90,0.7800,true,1,15201
7290014397873,false,מרכך כביסה סנו מקסימ,,,מרכך כביסה סנו מקסימ,ליטרים,4.00,ליטר,false,,22.90,5.7250,true,1,30464
7290014455252,false,גד גרנה פדנו מגורד כ,,,גד גרנה פדנו מגורד כ,גרמים,100.00,100 גרם,false,,10.90,10.9000,true,1,14703
7290014459137,false,תפוגן סטייק ציפס 1.5,,,תפוגן סטייק ציפס 1.5,קילוגרמים,1.50,"ק""ג",false,,23.90,15.9333,true,1,19825
7290014471412,false,מוזלי בוטנים אגוזים,,,מוזלי בוטנים אגוזים,קילוגרמים,1.00,"ק""ג",false,,18.90,18.9000,true,1,4746
7290014534650,false,פסטה פנה 113 לה פסטה,,,פסטה פנה 113 לה פסטה,גרמים,400.00,100 גרם,false,,3.70,0.9250,true,1,25136
7290014534667,false,פסטה קונכיה 123 לה פ,,,פסטה קונכיה 123 לה פ,גרמים,400.00,100 גרם,false,,3.70,0.9250,true,1,25137
7290014534704,false,אטריות מרק לה פסטה 4,,,אטריות מרק לה פסטה 4,גרמים,400.00,100 גרם,false,,3.70,0.9250,true,1,25141
7290014636675,false,מגבת גוף מנהטן 70*13,,,מגבת גוף מנהטן 70*13,יחידה,0.00,יחידה,false,,34.90,0.0000,true,1,28150
7290014673434,false,פלפל שחור גרוס דק בש,,,פלפל שחור גרוס דק בש,גרמים,80.00,100 גרם,false,,8.90,11.1250,true,1,368
7290014731264,false,כוסות לשתיה קרה חד פ,,,כוסות לשתיה קרה חד פ,יח',100.00,יח',false,,6.90,0.0690,true,1,28152
7290014748613,false,דג טוב מקלוני דגים ב,,,דג טוב מקלוני דגים ב,גרמים,600.00,100 גרם,false,,28.90,4.8167,true,1,19886
7290014758100,false,יוגורט תנובה 3% 8*15,,,יוגורט תנובה 3% 8*15,קילוגרמים,1.20,"ק""ג",false,,16.90,14.0833,true,1,26032
7290014759084,false,נפוליאון 16% 225גר,,,נפוליאון 16% 225גר,גרמים,225.00,100 גרם,false,,13.90,6.1778,true,1,26040
7290014759701,false,יופלה יוגורט מעודן ט,,,יופלה יוגורט מעודן ט,קילוגרמים,1.20,"ק""ג",false,,19.90,16.5833,true,1,26046
7290014759985,false,גבינה קשה מחלב בקר 2,,,גבינה קשה מחלב בקר 2,גרמים,200.00,100 גרם,false,,23.90,11.9500,true,1,26050
7290014760134,false,גביע מעדן סויה בטעם,,,גביע מעדן סויה בטעם,גרמים,125.00,100 גרם,false,,3.90,3.1200,true,1,26052
7290014760448,false,גלבוע 22% 400 גרם,,,גלבוע 22% 400 גרם,גרמים,400.00,100 גרם,false,,23.90,5.9750,true,1,26056
7290014760912,false,גוש חלב 28% מהדרין 4,,,גוש חלב 28% מהדרין 4,גרמים,400.00,100 גרם,false,,25.10,6.2750,true,1,26060
7290014761056,false,יולו שוקולד חלב מעול,,,יולו שוקולד חלב מעול,גרמים,122.00,100 גרם,false,,4.90,4.0164,true,1,26062
7290014761414,false,יולו מעדן שכבות שוקו,,,יולו מעדן שכבות שוקו,גרמים,122.00,100 גרם,false,,4.90,4.0164,true,1,26073
7290014761612,false,יולו שכבות שוקולד מר,,,יולו שכבות שוקולד מר,גרמים,122.00,100 גרם,false,,4.90,4.0164,true,1,26077
7290014762756,false,נפוליאון 16% עם בצל,,,נפוליאון 16% עם בצל,גרמים,225.00,100 גרם,false,,13.90,6.1778,true,1,26092
7290014762800,false,גביע מעדן סויה בטעם,,,גביע מעדן סויה בטעם,גרמים,125.00,100 גרם,false,,3.90,3.1200,true,1,26097
7290014762831,false,גבינת שמנת נפוליאון,,,גבינת שמנת נפוליאון,גרמים,225.00,100 גרם,false,,13.90,6.1778,true,1,26098
7290014762909,false,פתיתי מוצרלה 200 גר`,,,פתיתי מוצרלה 200 גר`,גרמים,200.00,100 גרם,false,,15.90,7.9500,true,1,26102
7290014762947,false,לאבנה גלילית פיראוס,,,לאבנה גלילית פיראוס,גרמים,750.00,100 גרם,false,,23.90,3.1867,true,1,26104
7290014763098,false,קרם גבינת שמנת 5% טו,,,קרם גבינת שמנת 5% טו,גרמים,200.00,100 גרם,false,,11.50,5.7500,true,1,26107
7290014763272,false,משקה סויה ביו עם תות,,,משקה סויה ביו עם תות,מיליליטרים,250.00,"100 מ""ל",false,,4.90,1.9600,true,1,26109
7290014789913,false,עוגיות אוראו  מארז 3,,,עוגיות אוראו  מארז 3,גרמים,528.00,100 גרם,false,,22.90,4.3371,true,1,5114
7290014855434,false,בייביסיטר פרפורמנס מ,,,בייביסיטר פרפורמנס מ,יחידה,0.00,יחידה,false,,15.90,0.0000,true,1,29548
7290014855458,false,מגבוני בייבי פרפורמנ,,,מגבוני בייבי פרפורמנ,יחידה,0.00,יחידה,false,,15.90,0.0000,true,1,29549
7290014901308,false,משחת שיניים הגנה מלא,,,משחת שיניים הגנה מלא,מיליליטרים,75.00,"100 מ""ל",false,,24.90,33.2000,true,1,3927
7290014905733,false,הפי מרסס לניקוי חלונ,,,הפי מרסס לניקוי חלונ,מיליליטרים,750.00,"100 מ""ל",false,,7.50,1.0000,true,1,11386
7290014940901,false,לחם פשוט מלא אנגל 75,,,לחם פשוט מלא אנגל 75,גרמים,750.00,100 גרם,false,,14.90,1.9867,true,1,35504
7290015009447,false,זיתים שחורים מזן קלמ,,,זיתים שחורים מזן קלמ,גרמים,440.00,100 גרם,false,,19.90,4.5227,true,1,218869
7290015129121,false,סקיני פסטה קונג'אק ב,,,סקיני פסטה קונג'אק ב,גרמים,270.00,100 גרם,false,,11.90,4.4074,true,1,194563
7290015129145,false,סקיני פסטה קונג'אק ב,,,סקיני פסטה קונג'אק ב,גרמים,270.00,100 גרם,false,,11.90,4.4074,true,1,194550
7290015129251,false,סקיני - פסטה פטוצ'ינ,,,סקיני - פסטה פטוצ'ינ,גרמים,270.00,100 גרם,false,,11.90,4.4074,true,1,91457
7290015129749,false,סקיני - פסטה שיבולת,,,סקיני - פסטה שיבולת,גרמים,270.00,100 גרם,false,,11.90,4.4074,true,1,91458
7290015150088,false,מחית עגבניות בלה איט,,,מחית עגבניות בלה איט,גרמים,700.00,100 גרם,false,,11.90,1.7000,true,1,24785
7290015150118,false,עגבניות חתוכות דק בל,,,עגבניות חתוכות דק בל,גרמים,400.00,100 גרם,false,,16.90,4.2250,true,1,24788
7290015155830,false,פאוץ' פרינוק מחית תפ,,,פאוץ' פרינוק מחית תפ,גרמים,120.00,100 גרם,false,,5.90,4.9167,true,1,3658
7290015193665,false,קמח מצה חמץ מעדני מל,,,קמח מצה חמץ מעדני מל,גרמים,500.00,100 גרם,false,,5.90,1.1800,true,1,41406
7290015282598,false,חומוס מסעדות,,,חומוס מסעדות,גרמים,200.00,100 גרם,false,,10.90,5.4500,true,1,17783
7290015282635,false,חומוס מסבחה,,,חומוס מסבחה,גרמים,200.00,100 גרם,false,,10.90,5.4500,true,1,17787
7290015282642,false,חומוס אבו גוש,,,חומוס אבו גוש,גרמים,200.00,100 גרם,false,,10.90,5.4500,true,1,17788
7290015282741,false,חציל תילאנדי סלטי שמ,,,חציל תילאנדי סלטי שמ,גרמים,200.00,100 גרם,false,,12.90,6.4500,true,1,17796
7290015324069,false,טעם וריח גריל עוף שק,,,טעם וריח גריל עוף שק,גרמים,80.00,100 גרם,false,,6.50,8.1250,true,1,42484
7290015324083,false,טעם וריח מלח לימון ש,,,טעם וריח מלח לימון ש,גרמים,80.00,100 גרם,false,,6.50,8.1250,true,1,42486
7290015324106,false,טעם וריח כורכום שקית,,,טעם וריח כורכום שקית,גרמים,80.00,100 גרם,false,,6.80,8.5000,true,1,42488
7290015324113,false,טעם וריח בהרט שקית 8,,,טעם וריח בהרט שקית 8,גרמים,80.00,100 גרם,false,,6.00,7.5000,true,1,42489
7290015328531,false,להבונים 50 יח' 3 שעו,,,להבונים 50 יח' 3 שעו,יחידה,0.00,יחידה,false,,9.90,0.0000,true,1,13240
7290015328814,false,צימרוני אוזניים לירו,,,צימרוני אוזניים לירו,יחידה,0.00,יחידה,false,,3.90,0.0000,true,1,13262
7290015366663,false,מש.שיניים מנטה עדין,,,מש.שיניים מנטה עדין,גרמים,100.00,100 גרם,false,,7.90,7.9000,true,1,3963
7290015366670,false,מש.שיניים מנטה אקווה,,,מש.שיניים מנטה אקווה,גרמים,100.00,100 גרם,false,,7.90,7.9000,true,1,3964
7290015437431,false,רכז רימונים תומר  42,,,רכז רימונים תומר  42,גרמים,420.00,100 גרם,false,,19.90,4.7381,true,1,81535
7290015603560,false,שימורי קרם קוקוס 20-,,,שימורי קרם קוקוס 20-,מיליליטרים,400.00,"100 מ""ל",false,,9.90,2.4750,true,1,47599
7290015652308,false,מנצ'ס ששון הקולה 300,,,מנצ'ס ששון הקולה 300,גרמים,300.00,100 גרם,false,,10.00,3.3333,true,1,4817
7290015733229,false,מטרנה אקסטרה קר מהדר,,,מטרנה אקסטרה קר מהדר,גרמים,700.00,100 גרם,false,,59.90,8.5571,true,1,18795
7290015733243,false,מטרנה אקסטרה קר מהדר,,,מטרנה אקסטרה קר מהדר,גרמים,700.00,100 גרם,false,,59.90,8.5571,true,1,18796
7290015733427,false,מטרנה דייסת גם וגם ו,,,מטרנה דייסת גם וגם ו,גרמים,300.00,100 גרם,false,,17.90,5.9667,true,1,52724
7290015733977,false,מטרנה קומפורט 700 גר,,,מטרנה קומפורט 700 גר,גרמים,700.00,100 גרם,false,,59.90,8.5571,true,1,109239
7290015766005,false,שרי וויטני יחידה,,,שרי וויטני יחידה,גרמים,500.00,100 גרם,false,,9.90,1.9800,true,1,51003
7290015766029,false,שרי כתום יח',,,שרי כתום יח',גרמים,460.00,100 גרם,false,,9.90,2.1522,true,1,51004
7290015855082,false,ברוקולי מיני,,,ברוקולי מיני,יח',1.00,יח',false,,9.90,9.9000,true,1,35584
7290015855143,false,שום קלוף,,,שום קלוף,גרמים,170.00,100 גרם,false,,11.90,7.0000,true,1,49373
7290015855181,false,ג'ינג'ר ארוז,,,ג'ינג'ר ארוז,יח',1.00,יח',false,,8.90,8.9000,true,1,49374
7290015855938,false,עלי בייבי 250 גר' אד,,,עלי בייבי 250 גר' אד,גרמים,300.00,100 גרם,false,,11.90,3.9667,true,1,112355
7290015858427,false,מארז שלישיית ממרחים,,,מארז שלישיית ממרחים,גרמים,240.00,100 גרם,false,,24.00,10.0000,true,1,232017
7290015968782,false,פדים להסרת איפור במא,,,פדים להסרת איפור במא,יחידה,0.00,יחידה,false,,16.90,0.0000,true,1,1046
7290016006292,false,ספרינג מנגו בננה מלו,,,ספרינג מנגו בננה מלו,יחידה,0.00,יחידה,false,,6.90,0.0000,true,1,11708
7290016006339,false,מי עדן רביעייה 1 ליט,,,מי עדן רביעייה 1 ליט,ליטרים,4.00,ליטר,false,,10.90,2.7250,true,1,11710
7290016006346,false,שוופס סודה שישייה 0.,,,שוופס סודה שישייה 0.,ליטרים,3.00,ליטר,false,,13.90,4.6333,true,1,11711
7290016096491,false,נתחי טונה בשמן צמחי,,,נתחי טונה בשמן צמחי,גרמים,240.00,100 גרם,false,,11.90,4.9583,true,1,26605
7290016096675,false,טונה בשמן זית פילטונ,,,טונה בשמן זית פילטונ,גרמים,240.00,100 גרם,false,,17.90,7.4583,true,1,26610
7290016114300,false,לילי גליל כפול 16 גל,,,לילי גליל כפול 16 גל,מטרים,588.00,מטר,false,,34.90,0.0594,true,1,9079
7290016150117,false,מעדן סלק בוואקום 500,,,מעדן סלק בוואקום 500,גרמים,500.00,100 גרם,false,,5.90,1.1800,true,1,47290
7290016197488,false,מטלית קסם לשיש מארז,,,מטלית קסם לשיש מארז,יחידה,0.00,יחידה,false,,11.90,0.0000,true,1,9092
7290016197495,false,מטלית קסם לרצפה מארז,,,מטלית קסם לרצפה מארז,יחידה,0.00,יחידה,false,,16.90,0.0000,true,1,9093
7290016197839,false,ניקול השקית החזקה XL,,,ניקול השקית החזקה XL,יחידה,0.00,יחידה,false,,23.90,0.0000,true,1,9099
7290016217759,false,חצילים בסגנון מרוקאי,,,חצילים בסגנון מרוקאי,גרמים,200.00,100 גרם,false,,12.90,6.4500,true,1,17815
7290016233384,false,גפילטא פיש 7 קציצות,,,גפילטא פיש 7 קציצות,גרמים,555.00,100 גרם,false,,14.90,2.6847,true,1,25187
7290016246018,false,בארכה מיקס פינוקיות,,,בארכה מיקס פינוקיות,גרמים,200.00,100 גרם,false,,11.90,5.9500,true,1,18799
7290016246025,false,בארכה פנוקיות חלבה ל,,,בארכה פנוקיות חלבה ל,גרמים,200.00,100 גרם,false,,11.90,5.9500,true,1,18800
7290016270907,false,ברוקולי,,,ברוקולי,יח',1.00,יח',false,,9.90,9.9000,true,1,51006
7290016319309,false,אל סבון מאסק+משאבה פ,,,אל סבון מאסק+משאבה פ,ליטרים,1.00,ליטר,false,,10.90,10.9000,true,1,6018
7290016321661,false,מגבוני פרש וואנס רבי,,,מגבוני פרש וואנס רבי,יחידה,0.00,יחידה,false,,15.90,0.0000,true,1,6048
7290016321678,false,פרשוואנס רביעייה נטו,,,פרשוואנס רביעייה נטו,יחידה,0.00,יחידה,false,,15.90,0.0000,true,1,6049
7290016321883,false,פרשוואנס נייר טואלט,,,פרשוואנס נייר טואלט,יחידה,0.00,יחידה,false,,13.50,0.0000,true,1,6051
7290016334500,false,לבבות חסה זוגות בשקי,,,לבבות חסה זוגות בשקי,יח',1.00,יח',false,,9.90,9.9000,true,1,47794
7290016370270,false,זית קלמטה ללא גלעין,,,זית קלמטה ללא גלעין,גרמים,560.00,100 גרם,false,,11.90,2.1250,true,1,96088
7290016372373,false,רסק עגבניות איטליה ב,,,רסק עגבניות איטליה ב,גרמים,280.00,100 גרם,false,,6.90,2.4643,true,1,24816
7290016437645,false,האגיס פרידום דריי 32,,,האגיס פרידום דריי 32,יחידה,0.00,יחידה,false,,43.90,0.0000,true,1,9112
7290016437652,false,האגיס פרידום דריי 26,,,האגיס פרידום דריי 26,יחידה,0.00,יחידה,false,,43.90,0.0000,true,1,9113
7290016509809,false,פרסיל ג'ל 2.5 ליטר ק,,,פרסיל ג'ל 2.5 ליטר ק,ליטרים,2.50,ליטר,false,,34.90,13.9600,true,1,34923
7290016510768,false,תחליב רחצה יוגורט או,,,תחליב רחצה יוגורט או,מיליליטרים,700.00,"100 מ""ל",false,,9.90,1.4143,true,1,8124
7290016510904,false,מרכך הוואי פריחת הדו,,,מרכך הוואי פריחת הדו,מיליליטרים,700.00,"100 מ""ל",false,,9.90,1.4143,true,1,8130
7290016564006,false,מבריקל הפלא,,,מבריקל הפלא,יחידה,0.00,יחידה,false,,9.90,0.0000,true,1,47814
7290016621341,false,אל סבון ניקיון ולחות,,,אל סבון ניקיון ולחות,ליטרים,1.00,ליטר,false,,15.90,15.9000,true,1,29290
7290016682328,false,פרי ניב מיץ תפוזים ט,,,פרי ניב מיץ תפוזים ט,ליטרים,2.00,ליטר,false,,20.60,10.3000,true,1,166373
7290016866650,false,מש.שיניים אוריגינל פ,,,מש.שיניים אוריגינל פ,מיליליטרים,75.00,"100 מ""ל",false,,31.90,42.5333,true,1,4031
7290016867152,false,פיתות קלות כוסמין 29,,,פיתות קלות כוסמין 29,גרמים,292.00,100 גרם,false,,13.90,4.7603,true,1,156219
7290016967074,false,חיטה מלאה אנגל 750 ג,,,חיטה מלאה אנגל 750 ג,גרמים,750.00,100 גרם,false,,16.90,2.2533,true,1,35510
7290016998184,false,עלי חסה ערבית שטופה,,,עלי חסה ערבית שטופה,גרמים,250.00,100 גרם,false,,10.90,4.3600,true,1,119215
7290016998269,false,לקט קולסלאו 400 גר,,,לקט קולסלאו 400 גר,גרמים,400.00,100 גרם,false,,7.90,1.9750,true,1,119222
7290016998276,false,גזר חתוך דק 250 גר,,,גזר חתוך דק 250 גר,גרמים,250.00,100 גרם,false,,6.90,2.7600,true,1,119223
7290016998320,false,לבבות קיסר  מארז,,,לבבות קיסר  מארז,יח',1.00,יח',false,,11.90,11.9000,true,1,119228
7290017023229,false,רביעיית משקה שוופס ב,,,רביעיית משקה שוופס ב,ליטרים,1.32,ליטר,false,,13.90,10.5303,true,1,11731
7290017023236,false,רביעיית משקה שוופס ב,,,רביעיית משקה שוופס ב,ליטרים,1.32,ליטר,false,,13.90,10.5303,true,1,11732
7290017023663,false,רביעיית משקה שוופס ל,,,רביעיית משקה שוופס ל,ליטרים,1.32,ליטר,false,,13.90,10.5303,true,1,11747
7290017023854,false,"שוופס סודה 250 מ""ל ר",,,"שוופס סודה 250 מ""ל ר",ליטרים,1.00,ליטר,false,,9.90,9.9000,true,1,11756
7290017062686,false,מרכך כביסה מרוכז טאצ,,,מרכך כביסה מרוכז טאצ,ליטרים,1.00,ליטר,false,,12.90,12.9000,true,1,95775
7290017065236,false,בולגרית מעודנת 24% 2,,,בולגרית מעודנת 24% 2,גרמים,250.00,100 גרם,false,,21.90,8.7600,true,1,14731
7290017065649,false,קרם פטיסייר גד 250 ג,,,קרם פטיסייר גד 250 ג,גרמים,250.00,100 גרם,false,,17.90,7.1600,true,1,62964
7290017065663,false,גבינת פטה עיזים מעוד,,,גבינת פטה עיזים מעוד,גרמים,250.00,100 גרם,false,,30.90,12.3600,true,1,93651
7290017068367,false,מיה שמרים בוואקום 12,,,מיה שמרים בוואקום 12,גרמים,125.00,100 גרם,false,,4.90,3.9200,true,1,15283
7290017068374,false,מיה שמרים בוואקום 50,,,מיה שמרים בוואקום 50,גרמים,500.00,100 גרם,false,,10.90,2.1800,true,1,15284
7290017088129,false,ביייביסיטר נוחות מיד,,,ביייביסיטר נוחות מיד,יח',40.00,יח',false,,34.90,0.8725,true,1,29567
7290017088914,false,מגבונים מבושם בייביס,,,מגבונים מבושם בייביס,יחידה,0.00,יחידה,false,,16.90,0.0000,true,1,84709
7290017094861,false,חומוס עם רוטב מסבחה,,,חומוס עם רוטב מסבחה,גרמים,400.00,100 גרם,false,,10.90,2.7250,true,1,17831
7290017105048,false,טבעות ירוקים זיתים י,,,טבעות ירוקים זיתים י,גרמים,200.00,100 גרם,false,,11.90,5.9500,true,1,65868
7290017105468,false,אפונה יכין 3*120 גרם,,,אפונה יכין 3*120 גרם,גרמים,360.00,100 גרם,false,,13.90,3.8611,true,1,8760
7290017105550,false,מאגדת רסק עגבניות יכ,,,מאגדת רסק עגבניות יכ,גרמים,400.00,100 גרם,false,,11.90,2.9750,true,1,8761
7290017121093,false,ממרח אריסה חריפה עלל,,,ממרח אריסה חריפה עלל,גרמים,250.00,100 גרם,false,,14.90,5.9600,true,1,23398
7290017142005,false,שמן קוקוס אורגני כתי,,,שמן קוקוס אורגני כתי,מיליליטרים,320.00,"100 מ""ל",false,,30.90,9.6562,true,1,29369
7290017142128,false,שמן זית כתית מעולה ק,,,שמן זית כתית מעולה ק,מיליליטרים,750.00,"100 מ""ל",false,,33.90,4.5200,true,1,29377
7290017142388,false,שמן חמניות פלוס אומג,,,שמן חמניות פלוס אומג,ליטרים,1.00,ליטר,false,,15.90,15.9000,true,1,29394
7290017217338,false,נרות חימום ריחניים ב,,,נרות חימום ריחניים ב,יחידה,0.00,יחידה,false,,12.90,0.0000,true,1,239425
7290017275338,false,טחינה גולמית טורקיז,,,טחינה גולמית טורקיז,גרמים,500.00,100 גרם,false,,13.90,2.7800,true,1,163628
7290017275420,false,מיני קצפיות בטעם תות,,,מיני קצפיות בטעם תות,גרמים,140.00,100 גרם,false,,8.90,6.3571,true,1,200916
7290017304885,false,לחם שיפון וחיטה מלאה,,,לחם שיפון וחיטה מלאה,גרמים,750.00,100 גרם,false,,16.90,2.2533,true,1,35516
7290017457574,false,סוד סבון 4 כדוריות ל,,,סוד סבון 4 כדוריות ל,גרמים,150.00,100 גרם,false,,16.90,11.2667,true,1,34935
7290017457581,false,מרכך כביסה מרוכז סוד,,,מרכך כביסה מרוכז סוד,מיליליטרים,900.00,"100 מ""ל",false,,9.90,1.1000,true,1,34936
7290017457703,false,מרכך כביסה מרוכז סוד,,,מרכך כביסה מרוכז סוד,מיליליטרים,900.00,"100 מ""ל",false,,9.90,1.1000,true,1,34943
7290017457727,false,מרכך כביסה מרוכז סוד,,,מרכך כביסה מרוכז סוד,מיליליטרים,900.00,"100 מ""ל",false,,9.90,1.1000,true,1,34945
7290017457925,false,מרכך כביסה מרוכז סוד,,,מרכך כביסה מרוכז סוד,מיליליטרים,900.00,"100 מ""ל",false,,9.90,1.1000,true,1,89482
7290017457932,false,מרכך כביסה מרוכז סוד,,,מרכך כביסה מרוכז סוד,מיליליטרים,900.00,"100 מ""ל",false,,9.90,1.1000,true,1,89483
7290017477169,false,קשיו קלוי ששון הקולה,,,קשיו קלוי ששון הקולה,גרמים,250.00,100 גרם,false,,20.00,8.0000,true,1,4898
7290017477558,false,שמן זית כתית מעולה ל,,,שמן זית כתית מעולה ל,מיליליטרים,750.00,"100 מ""ל",false,,30.90,4.1200,true,1,61926
7290017599267,false,סוכרזית סוכרלוז ממתי,,,סוכרזית סוכרלוז ממתי,גרמים,120.00,100 גרם,false,,24.90,20.7500,true,1,257180
7290017637594,false,שמפו שיער רגיל  MB S,,,שמפו שיער רגיל  MB S,מיליליטרים,500.00,"100 מ""ל",false,,24.90,4.9800,true,1,221168
7290017637600,false,מרכך לשיער רגיל  MB,,,מרכך לשיער רגיל  MB,מיליליטרים,500.00,"100 מ""ל",false,,24.90,4.9800,true,1,221169
7290017637655,false,שמפו KERATIN ללא מלח,,,שמפו KERATIN ללא מלח,מיליליטרים,500.00,"100 מ""ל",false,,29.90,5.9800,true,1,221170
7290017677804,false,קיקומן רוטב סויה ללא,,,קיקומן רוטב סויה ללא,מיליליטרים,444.00,"100 מ""ל",false,,19.90,4.4820,true,1,5347
7290017715407,false,זית שחור עם פלפל חרי,,,זית שחור עם פלפל חרי,גרמים,400.00,100 גרם,false,,14.90,3.7250,true,1,25222
7290017715537,false,שימורי שעועית אפויה,,,שימורי שעועית אפויה,גרמים,580.00,100 גרם,false,,4.90,0.8448,true,1,25228
7290017724034,false,עוגיות סנדוויץ ריבה,,,עוגיות סנדוויץ ריבה,גרמים,250.00,100 גרם,false,,23.90,9.5600,true,1,191274
7290017724102,false,עוגיות סיגרים תמרים/,,,עוגיות סיגרים תמרים/,גרמים,250.00,100 גרם,false,,23.90,9.5600,true,1,191320
7290017724119,false,עוגיות אוזניים אקלר,,,עוגיות אוזניים אקלר,גרמים,200.00,100 גרם,false,,23.90,11.9500,true,1,191378
7290017724201,false,"עוגיות ואן גוך לל""תס",,,"עוגיות ואן גוך לל""תס",גרמים,200.00,100 גרם,false,,23.90,11.9500,true,1,191405
7290017812380,false,תירוש מיץ ענבים אדום,,,תירוש מיץ ענבים אדום,מיליליטרים,750.00,"100 מ""ל",false,,12.90,1.7200,true,1,649
7290017812571,false,תירוש מיץ ענבים אדום,,,תירוש מיץ ענבים אדום,ליטרים,1.00,ליטר,false,,19.90,19.9000,true,1,52364
7290017812588,false,תירוש מיץ ענבים לבן,,,תירוש מיץ ענבים לבן,ליטרים,1.00,ליטר,false,,19.90,19.9000,true,1,52534
7290017812618,false,מיץ ענבים רוזה תירוש,,,מיץ ענבים רוזה תירוש,ליטרים,1.00,ליטר,false,,19.90,19.9000,true,1,63446
7290017812878,false,יין רוזה אקסלנס יקבי,,,יין רוזה אקסלנס יקבי,מיליליטרים,750.00,"100 מ""ל",false,,25.90,3.4533,true,1,141045
7290017872957,false,מכשיר גילוח  אדג'+ 3,,,מכשיר גילוח  אדג'+ 3,יחידה,0.00,יחידה,false,,54.90,0.0000,true,1,223127
7290017873039,false,גלילונית שקיות אוכל,,,גלילונית שקיות אוכל,יחידה,0.00,יחידה,false,,10.90,0.0000,true,1,171864
7290017888095,false,רביעיית מ.עדין שוופס,,,רביעיית מ.עדין שוופס,ליטרים,1.32,ליטר,false,,9.90,7.5000,true,1,11773
7290017888101,false,רביעיית מ.עדין שוופס,,,רביעיית מ.עדין שוופס,ליטרים,1.32,ליטר,false,,9.90,7.5000,true,1,11774
7290017888729,false,שוופס סודה 1 ליטר,,,שוופס סודה 1 ליטר,ליטרים,1.00,ליטר,false,,4.50,4.5000,true,1,64445
7290017928463,false,שברי בייגלה דבש חרדל,,,שברי בייגלה דבש חרדל,גרמים,300.00,100 גרם,false,,12.90,4.3000,true,1,102876
7290017928821,false,מקלות גריסיני קלאסי,,,מקלות גריסיני קלאסי,גרמים,200.00,100 גרם,false,,11.90,5.9500,true,1,5365
7290017941219,false,כפות 40 יח' עבה במיו,,,כפות 40 יח' עבה במיו,יחידה,0.00,יחידה,false,,7.90,0.0000,true,1,107432
7290017941226,false,מזלגות 40 יח' עבה במ,,,מזלגות 40 יח' עבה במ,יחידה,0.00,יחידה,false,,7.90,0.0000,true,1,107447
7290017941257,false,כפות 40 יח' עבה במיו,,,כפות 40 יח' עבה במיו,יחידה,0.00,יחידה,false,,7.90,0.0000,true,1,107435
7290017941264,false,מזלגות 40 יח' עבה במ,,,מזלגות 40 יח' עבה במ,יחידה,0.00,יחידה,false,,7.90,0.0000,true,1,107436
7290017941288,false,נר נשמה 24 שעות,,,נר נשמה 24 שעות,יחידה,0.00,יחידה,false,,1.90,0.0000,true,1,136965
7290017941370,false,להבונים 50 יח' 3 שעו,,,להבונים 50 יח' 3 שעו,יחידה,0.00,יחידה,false,,9.90,0.0000,true,1,136979
7290017941455,false,כוסות 9oz לשתיה חמה,,,כוסות 9oz לשתיה חמה,יחידה,0.00,יחידה,false,,14.90,0.0000,true,1,118845
7290017941462,false,כוסות שתיה חמה 8B  י,,,כוסות שתיה חמה 8B  י,יחידה,0.00,יחידה,false,,9.90,0.0000,true,1,112733
7290017941523,false,שקיות זיפר L לאחסון-,,,שקיות זיפר L לאחסון-,יחידה,0.00,יחידה,false,,7.90,0.0000,true,1,125400
7290017941530,false,כוסות TO-GO לשתייה ח,,,כוסות TO-GO לשתייה ח,יחידה,0.00,יחידה,false,,12.90,0.0000,true,1,118719
7290017941547,false,"צלחת 1 ק""ג קרם WIZ",,,"צלחת 1 ק""ג קרם WIZ",קילוגרמים,1.00,"ק""ג",false,,37.90,37.9000,true,1,101415
7290017941608,false,קערות אובליות לבן 50,,,קערות אובליות לבן 50,יחידה,0.00,יחידה,false,,10.90,0.0000,true,1,106985
7290017941646,false,מטליות מיקרופייבר למ,,,מטליות מיקרופייבר למ,יחידה,0.00,יחידה,false,,8.90,0.0000,true,1,109135
7290017941790,false,ניילון נצמד 30*30 עם,,,ניילון נצמד 30*30 עם,מטרים,30.00,מטר,false,,8.90,0.2967,true,1,136980
7290017941820,false,כוסות שתיה קרה  כחול,,,כוסות שתיה קרה  כחול,יחידה,0.00,יחידה,false,,13.90,0.0000,true,1,101416
7290017941837,false,כוסות יהלום 40 יח' W,,,כוסות יהלום 40 יח' W,יחידה,0.00,יחידה,false,,9.90,0.0000,true,1,102208
7290017941981,false,כוסות 12OZ לשתייה חמ,,,כוסות 12OZ לשתייה חמ,יחידה,0.00,יחידה,false,,16.90,0.0000,true,1,205687
7290017947105,false,לחם בסגנון אמריקה אנ,,,לחם בסגנון אמריקה אנ,גרמים,500.00,100 גרם,false,,14.90,2.9800,true,1,35517
7290017947464,false,שמיניית פיתות כוסמין,,,שמיניית פיתות כוסמין,גרמים,400.00,100 גרם,false,,15.90,3.9750,true,1,82672
7290017947495,false,6 לחמניות כוסמין אנג,,,6 לחמניות כוסמין אנג,גרמים,450.00,100 גרם,false,,15.90,3.5333,true,1,93804
7290017947891,false,לחם כוסמין וחיטה מלא,,,לחם כוסמין וחיטה מלא,גרמים,750.00,100 גרם,false,,16.90,2.2533,true,1,35518
7290017947921,true,מארז לחמניות המבורגר,,,מארז לחמניות המבורגר,גרמים,450.00,100 גרם,false,,14.90,3.3111,true,1,65685
7290017947938,false,8 לחמניות המבורגר בס,,,8 לחמניות המבורגר בס,גרמים,4000.00,100 גרם,false,,14.90,0.3725,true,1,94215
7290018071229,false,כפפות ניטרו-V כחולות,,,כפפות ניטרו-V כחולות,יחידה,0.00,יחידה,false,,19.90,0.0000,true,1,212532
7290018213353,false,מטליות לרצפה בניחוח,,,מטליות לרצפה בניחוח,יח',10.00,יח',false,,8.90,0.8900,true,1,247179
7290018236659,false,רצועות צ'ונגו פופקור,,,רצועות צ'ונגו פופקור,גרמים,600.00,100 גרם,false,,30.90,5.1500,true,1,97866
7290018237397,false,פסטרמה מקורמלת נתח ש,,,פסטרמה מקורמלת נתח ש,גרמים,300.00,100 גרם,false,,27.90,9.3000,true,1,136183
7290018237922,false,שניצלונים ציפוי ציפס,,,שניצלונים ציפוי ציפס,גרמים,700.00,100 גרם,false,,19.90,2.8429,true,1,236110
7290018237939,false,שניצלונים ציפוי שומש,,,שניצלונים ציפוי שומש,גרמים,700.00,100 גרם,false,,19.90,2.8429,true,1,236121
7290018359495,false,תירס מהשדה בלי תוספת,,,תירס מהשדה בלי תוספת,גרמים,550.00,100 גרם,false,,8.90,1.6182,true,1,86313
7290018359686,false,חומוס ענק יכין 550 ג,,,חומוס ענק יכין 550 ג,גרמים,550.00,100 גרם,false,,9.90,1.8000,true,1,149167
7290018359716,false,רוטב פיצה טוסקנה יכי,,,רוטב פיצה טוסקנה יכי,גרמים,240.00,100 גרם,false,,5.50,2.2917,true,1,113120
7290018359853,false,עדשים שחורות יכין 40,,,עדשים שחורות יכין 40,גרמים,400.00,100 גרם,false,,7.90,1.9750,true,1,149156
7290018359877,false,רסק עגבניות טבעי יכי,,,רסק עגבניות טבעי יכי,גרמים,600.00,100 גרם,false,,15.90,2.6500,true,1,186782
7290018471906,false,שוופס מוגז לימונדה ו,,,שוופס מוגז לימונדה ו,ליטרים,1.50,ליטר,false,,9.50,6.3333,true,1,167489
7290018471920,false,שוופס ענבים מוגז 1.5,,,שוופס ענבים מוגז 1.5,ליטרים,1.50,ליטר,false,,9.50,6.3333,true,1,167501
7290018471937,false,שוופס מוגז פירות תות,,,שוופס מוגז פירות תות,ליטרים,1.50,ליטר,false,,9.50,6.3333,true,1,167502
7290018500361,false,לחם אחיד פרוס מאפיית,,,לחם אחיד פרוס מאפיית,גרמים,900.00,100 גרם,false,,8.32,0.9244,true,1,235431
7290018540329,false,פיתה פיתה אנגל 880 ג,,,פיתה פיתה אנגל 880 ג,יח',10.00,יח',false,,12.90,1.2900,true,1,104627
7290018571507,false,סוכריות ויטמין C ליל,,,סוכריות ויטמין C ליל,גרמים,175.00,100 גרם,false,,39.90,22.8000,true,1,264252
7290018626078,false,"צלחות קטנות ""7 שקוף",,,"צלחות קטנות ""7 שקוף",יחידה,0.00,יחידה,false,,10.90,0.0000,true,1,106958
7290018626108,false,קערות אובליות שקוף 5,,,קערות אובליות שקוף 5,יחידה,0.00,יחידה,false,,10.90,0.0000,true,1,106971
7290018626269,false,תבנית מהודרת אינגליש,,,תבנית מהודרת אינגליש,יחידה,0.00,יחידה,false,,11.90,0.0000,true,1,111378
7290018626283,false,פיצה מרגריטה 350 גרם,,,פיצה מרגריטה 350 גרם,גרמים,350.00,100 גרם,false,,11.90,3.4000,true,1,140789
7290018626290,false,פיצה מרגריטה עגבניות,,,פיצה מרגריטה עגבניות,גרמים,420.00,100 גרם,false,,11.90,2.8333,true,1,144285
7290018626528,false,ניילון נצמד 30*150 ע,,,ניילון נצמד 30*150 ע,מטרים,150.00,מטר,false,,18.90,0.1260,true,1,123472
7290018626542,false,שקיות אשפה לפחים גדו,,,שקיות אשפה לפחים גדו,יחידה,0.00,יחידה,false,,12.90,0.0000,true,1,126881
7290018626597,false,צימרונים לאוזנים איכ,,,צימרונים לאוזנים איכ,יחידה,0.00,יחידה,false,,4.90,0.0000,true,1,141345
7290018626627,false,מארז תבניות מאפינס 7,,,מארז תבניות מאפינס 7,יחידה,0.00,יחידה,false,,14.90,0.0000,true,1,181876
7290018626726,false,מארז צלחות  12+12 נק,,,מארז צלחות  12+12 נק,יחידה,0.00,יחידה,false,,49.90,0.0000,true,1,158258
7290018626757,false,קערות אובליות נקודות,,,קערות אובליות נקודות,יחידה,0.00,יחידה,false,,11.90,0.0000,true,1,158580
7290018626764,false,קערות אובליות נקודות,,,קערות אובליות נקודות,יחידה,0.00,יחידה,false,,11.90,0.0000,true,1,158581
7290018626887,false,כוסות P.P יהלום שוחר,,,כוסות P.P יהלום שוחר,יחידה,0.00,יחידה,false,,9.90,0.0000,true,1,141410
7290018886175,false,כפיות עבות 50 יח'  ש,,,כפיות עבות 50 יח'  ש,יחידה,0.00,יחידה,false,,9.90,0.0000,true,1,141378
7290018886182,false,כפיות עבות 50 יח'  ק,,,כפיות עבות 50 יח'  ק,יחידה,0.00,יחידה,false,,9.90,0.0000,true,1,141379
7290018886229,false,מזלגות עבות 50 יח',,,מזלגות עבות 50 יח',יחידה,0.00,יחידה,false,,9.90,0.0000,true,1,141383
7290018886625,false,כוסות דמוי שיש 40 יח,,,כוסות דמוי שיש 40 יח,יחידה,0.00,יחידה,false,,8.90,0.0000,true,1,141398
7290018886632,false,כוסות דמוי שיש 40 יח,,,כוסות דמוי שיש 40 יח,יחידה,0.00,יחידה,false,,8.90,0.0000,true,1,141399
7290018886830,false,קערת סלט בועות ורוד,,,קערת סלט בועות ורוד,יחידה,0.00,יחידה,false,,7.90,0.0000,true,1,162606
7290018886977,false,נייר אפיה 50 יחידות,,,נייר אפיה 50 יחידות,יחידה,0.00,יחידה,false,,8.50,0.0000,true,1,159468
7290018886991,false,שמן קנולה אלומות 1 ל,,,שמן קנולה אלומות 1 ל,ליטרים,1.00,ליטר,false,,10.90,10.9000,true,1,153190
7290018893098,false,צ'וקטה עוגיות מצופות,,,צ'וקטה עוגיות מצופות,גרמים,100.00,100 גרם,false,,7.90,7.9000,true,1,217416
7290018893715,false,בייגלה שטוח מצופה שו,,,בייגלה שטוח מצופה שו,גרמים,80.00,100 גרם,false,,6.90,8.6250,true,1,189698
7290018893906,false,צ'וקטה עוגיות סנדביץ,,,צ'וקטה עוגיות סנדביץ,גרמים,250.00,100 גרם,false,,7.90,3.1600,true,1,217405
7290018894019,false,עוגות אישיות מיקס מק,,,עוגות אישיות מיקס מק,גרמים,350.00,100 גרם,false,,14.90,4.2571,true,1,220680
7290018894217,false,עוגות אישיות מיקס מק,,,עוגות אישיות מיקס מק,גרמים,350.00,100 גרם,false,,14.90,4.2571,true,1,220702
7290018894408,false,בלקוני קוביות וופל א,,,בלקוני קוביות וופל א,גרמים,250.00,100 גרם,false,,12.50,5.0000,true,1,229365
7290018921203,false,קמיל בלו קרם החתלה ק,,,קמיל בלו קרם החתלה ק,גרמים,120.00,100 גרם,false,,18.90,15.7500,true,1,245090
7290018925065,false,פרימור מיץ תפוזים סח,,,פרימור מיץ תפוזים סח,ליטרים,2.00,ליטר,false,,27.90,13.9500,true,1,173400
7290018925096,false,פרימור משקה קל תפוזי,,,פרימור משקה קל תפוזי,ליטרים,1.50,ליטר,false,,8.90,5.9333,true,1,166970
7290018925102,false,פרימור משקה קל ענבים,,,פרימור משקה קל ענבים,ליטרים,1.50,ליטר,false,,8.90,5.9333,true,1,166994
7290018925133,false,פרימור משקה קל מנגו,,,פרימור משקה קל מנגו,ליטרים,1.50,ליטר,false,,8.90,5.9333,true,1,167017
7290018925164,false,פרימור משקה קל תות ב,,,פרימור משקה קל תות ב,ליטרים,1.50,ליטר,false,,8.90,5.9333,true,1,166983
7290018989005,false,פולפה טבעית יכין  3*,,,פולפה טבעית יכין  3*,קילוגרמים,1.20,"ק""ג",false,,16.90,14.0833,true,1,186760
7290019031000,false,WIZ מארז חמישיית ניי,,,WIZ מארז חמישיית ניי,יחידה,0.00,יחידה,false,,10.90,0.0000,true,1,181930
7290019031062,false,תבנית R-2 מלבנית 7 י,,,תבנית R-2 מלבנית 7 י,יחידה,0.00,יחידה,false,,9.90,0.0000,true,1,200661
7290019031079,false,תבנית R-29 מרובעת קט,,,תבנית R-29 מרובעת קט,יחידה,0.00,יחידה,false,,9.90,0.0000,true,1,200662
7290019031086,false,תבנית R-31 גדולה 7 י,,,תבנית R-31 גדולה 7 י,יחידה,0.00,יחידה,false,,9.90,0.0000,true,1,200663
7290019031093,false,תבנית R-64 בינונית 7,,,תבנית R-64 בינונית 7,יחידה,0.00,יחידה,false,,9.90,0.0000,true,1,200664
7290019031109,false,תבנית R-88 אינגליש 1,,,תבנית R-88 אינגליש 1,יחידה,0.00,יחידה,false,,9.90,0.0000,true,1,200665
7290019031116,false,תבנית R-99 ענקית 3 י,,,תבנית R-99 ענקית 3 י,יחידה,0.00,יחידה,false,,9.90,0.0000,true,1,200666
7290019031192,false,כפפות לטקס 100 יח' L,,,כפפות לטקס 100 יח' L,יחידה,0.00,יחידה,false,,30.90,0.0000,true,1,193372
7290019031222,false,כוסות 12OZ לשתייה חמ,,,כוסות 12OZ לשתייה חמ,יחידה,0.00,יחידה,false,,11.90,0.0000,true,1,205676
7290019031239,false,כוסות 16OZ לשתייה חמ,,,כוסות 16OZ לשתייה חמ,יחידה,0.00,יחידה,false,,14.90,0.0000,true,1,205665
7290019031307,false,לפתניות לבנות 25 יח',,,לפתניות לבנות 25 יח',יחידה,0.00,יחידה,false,,5.90,0.0000,true,1,196515
7290019031314,false,קערות אובליות לבנות,,,קערות אובליות לבנות,יחידה,0.00,יחידה,false,,6.90,0.0000,true,1,196516
7290019031321,false,"מרקיות 7"" לבנות 25 י",,,"מרקיות 7"" לבנות 25 י",יחידה,0.00,יחידה,false,,9.90,0.0000,true,1,196517
7290019031338,false,"צלחות קטנות 7"" לבנות",,,"צלחות קטנות 7"" לבנות",יחידה,0.00,יחידה,false,,8.90,0.0000,true,1,196528
7290019031345,false,צלחות גדולות 9 לבן 2,,,צלחות גדולות 9 לבן 2,יחידה,0.00,יחידה,false,,12.90,0.0000,true,1,184782
7290019031369,false,"צלחות גדולות 9"" קרם",,,"צלחות גדולות 9"" קרם",יחידה,0.00,יחידה,false,,14.90,0.0000,true,1,196540
7290019031383,false,סבון ידיים מאסק 1 לי,,,סבון ידיים מאסק 1 לי,ליטרים,1.00,100 ליטר,false,,9.90,990.0000,true,1,196482
7290019031406,false,רביעיית מגבונים לחים,,,רביעיית מגבונים לחים,יחידה,0.00,יחידה,false,,9.90,0.0000,true,1,205572
7290019031598,false,מארז 5 מכלים + מכסים,,,מארז 5 מכלים + מכסים,ליטרים,0.50,ליטר,false,,9.90,19.8000,true,1,201243
7290019056027,false,שוופס מוגז פירות תפו,,,שוופס מוגז פירות תפו,ליטרים,1.50,ליטר,false,,8.50,5.6667,true,1,167515
7290019056058,false,שוופס מוגז עדין תפוח,,,שוופס מוגז עדין תפוח,ליטרים,1.50,ליטר,false,,8.50,5.6667,true,1,167254
7290019056065,false,שוופס מוגז עדין פירו,,,שוופס מוגז עדין פירו,ליטרים,1.50,ליטר,false,,8.50,5.6667,true,1,167267
7290019056072,false,שוופס מוגז עדין אננס,,,שוופס מוגז עדין אננס,ליטרים,1.50,ליטר,false,,8.50,5.6667,true,1,167268
7290019056089,false,שוופס מוגז עדין טעם,,,שוופס מוגז עדין טעם,ליטרים,1.50,ליטר,false,,8.50,5.6667,true,1,167281
7290019056096,false,שוופס מוגז עדין אפרס,,,שוופס מוגז עדין אפרס,ליטרים,1.50,ליטר,false,,8.50,5.6667,true,1,167282
7290019056164,false,שוופס סודה 4*1.5ליטר,,,שוופס סודה 4*1.5ליטר,ליטרים,6.00,ליטר,false,,12.10,2.0167,true,1,167149
7290019056171,false,שוופס סודה לימון 4*1,,,שוופס סודה לימון 4*1,ליטרים,6.00,ליטר,false,,12.10,2.0167,true,1,167172
7290019056188,false,שוופס סודה נענע ליים,,,שוופס סודה נענע ליים,ליטרים,6.00,ליטר,false,,12.10,2.0167,true,1,167183
7290019056201,false,שוופס פירות יער סודה,,,שוופס פירות יער סודה,ליטרים,6.00,ליטר,false,,12.10,2.0167,true,1,167218
7290019056256,false,שוופס וואטר בטעם תפו,,,שוופס וואטר בטעם תפו,ליטרים,1.50,ליטר,false,,8.50,5.6667,true,1,167093
7290019056331,false,שוופס טוניק ללא סוכר,,,שוופס טוניק ללא סוכר,ליטרים,1.50,ליטר,false,,11.90,7.9333,true,1,167585
7290019056362,false,תפוזינה ענבים 1.5 לי,,,תפוזינה ענבים 1.5 לי,ליטרים,1.50,ליטר,false,,8.50,5.6667,true,1,166790
7290019056379,false,תפוזינה תפוזים 1.5 ל,,,תפוזינה תפוזים 1.5 ל,ליטרים,1.50,ליטר,false,,8.50,5.6667,true,1,166835
7290019056393,false,תפוזינה תות בננה 1.5,,,תפוזינה תות בננה 1.5,ליטרים,1.50,ליטר,false,,8.50,5.6667,true,1,166852
7290019056447,false,תפוזינה אשכוליות 1.5,,,תפוזינה אשכוליות 1.5,ליטרים,1.50,ליטר,false,,7.90,5.2667,true,1,166939
7290019056461,false,אר.סי קולה 6*1.5 ליט,,,אר.סי קולה 6*1.5 ליט,ליטרים,9.00,ליטר,false,,40.90,4.5444,true,1,167660
7290019056508,false,פרוט ווטר ענבים 1.5,,,פרוט ווטר ענבים 1.5,ליטרים,1.50,ליטר,false,,8.90,5.9333,true,1,167006
7290019056515,false,פרוט ווטר אננס 1.5 ל,,,פרוט ווטר אננס 1.5 ל,ליטרים,1.50,ליטר,false,,8.90,5.9333,true,1,167028
7290019056522,false,פרוט ווטר תות 1.5 לי,,,פרוט ווטר תות 1.5 לי,ליטרים,1.50,ליטר,false,,8.90,5.9333,true,1,167049
7290019056539,false,פרוט ווטר אפרסק 1.5,,,פרוט ווטר אפרסק 1.5,ליטרים,1.50,ליטר,false,,8.90,5.9333,true,1,167060
7290019056546,false,פרוט ווטר אבטיח 1.5,,,פרוט ווטר אבטיח 1.5,ליטרים,1.50,ליטר,false,,8.90,5.9333,true,1,167061
7290019056553,false,עין גדי מים מינרלים,,,עין גדי מים מינרלים,ליטרים,12.00,ליטר,false,,13.30,1.1083,true,1,167715
7290019056577,false,ספרינג מנגו 1.5 ליטר,,,ספרינג מנגו 1.5 ליטר,ליטרים,1.50,ליטר,false,,8.50,5.6667,true,1,166551
7290019056584,false,ספרינג תפוזים 1.5 לי,,,ספרינג תפוזים 1.5 לי,ליטרים,1.50,ליטר,false,,8.50,5.6667,true,1,166575
7290019056591,false,ספרינג ענבים 1.5 ליט,,,ספרינג ענבים 1.5 ליט,ליטרים,1.50,ליטר,false,,8.50,5.6667,true,1,166586
7290019056607,false,ספרינג תפוחים 1.5 לי,,,ספרינג תפוחים 1.5 לי,ליטרים,1.50,ליטר,false,,8.50,5.6667,true,1,166597
7290019056614,false,ספרינג אפרסק 1.5 ליט,,,ספרינג אפרסק 1.5 ליט,ליטרים,1.50,ליטר,false,,8.50,5.6667,true,1,166598
7290019056621,false,ספרינג פירות טרופיים,,,ספרינג פירות טרופיים,ליטרים,1.50,ליטר,false,,8.50,5.6667,true,1,166609
7290019056638,false,ספרינג תות בננה 1.5,,,ספרינג תות בננה 1.5,ליטרים,1.50,ליטר,false,,8.50,5.6667,true,1,166610
7290019056652,false,ספרינג אננס בננה 1.5,,,ספרינג אננס בננה 1.5,ליטרים,1.50,ליטר,false,,8.50,5.6667,true,1,166666
7290019056720,false,קריסטל מיץ ענבים 2 ל,,,קריסטל מיץ ענבים 2 ל,ליטרים,2.00,ליטר,false,,7.90,3.9500,true,1,167586
7290019056744,false,קריסטל מיץ תפוזים 2,,,קריסטל מיץ תפוזים 2,ליטרים,2.00,ליטר,false,,7.90,3.9500,true,1,167598
7290019056768,false,קריסטל מיץ מנגו 2 לי,,,קריסטל מיץ מנגו 2 לי,ליטרים,2.00,ליטר,false,,7.90,3.9500,true,1,167610
7290019056799,false,קריסטל אקזוטי 2 ליטר,,,קריסטל אקזוטי 2 ליטר,ליטרים,2.00,ליטר,false,,7.90,3.9500,true,1,167623
7290019056805,false,משקה מוגז קריסטל תפו,,,משקה מוגז קריסטל תפו,ליטרים,2.00,ליטר,false,,7.90,3.9500,true,1,167624
7290019056812,false,קריסטל מנטה 2 ליטר,,,קריסטל מנטה 2 ליטר,ליטרים,2.00,ליטר,false,,7.90,3.9500,true,1,167635
7290019056836,false,תות קריסטל 2 ליטר,,,תות קריסטל 2 ליטר,ליטרים,2.00,ליטר,false,,7.90,3.9500,true,1,167647
7290019056973,false,מי עדן 6*1.5 ליטר,,,מי עדן 6*1.5 ליטר,ליטרים,9.00,ליטר,false,,12.90,1.4333,true,1,167671
7290019153214,false,שוופס פחית מנטה 330,,,שוופס פחית מנטה 330,מיליליטרים,330.00,"100 מ""ל",false,,4.50,1.3636,true,1,230826
7290019153269,false,שוופס סודה אננס 4*1.,,,שוופס סודה אננס 4*1.,ליטרים,6.00,ליטר,false,,12.10,2.0167,true,1,218774
7290019153351,false,תפוזינה פינק אוזו 1.,,,תפוזינה פינק אוזו 1.,ליטרים,1.50,ליטר,false,,8.50,5.6667,true,1,226272
7290019245001,false,שמן קנולה אלומות 1 ל,,,שמן קנולה אלומות 1 ל,ליטרים,1.00,ליטר,false,,10.90,10.9000,true,1,214735
7290100240632,false,פתית 6 דגנים תלמה 25,,,פתית 6 דגנים תלמה 25,גרמים,250.00,100 גרם,false,,16.90,6.7600,true,1,10442
7290100412343,false,מגבונים לניקוי וחיטו,,,מגבונים לניקוי וחיטו,יחידה,0.00,יחידה,false,,8.90,0.0000,true,1,29587
7290100412442,false,קוויק מגבונים לניקוי,,,קוויק מגבונים לניקוי,יחידה,0.00,יחידה,false,,8.90,0.0000,true,1,29591
7290100412718,false,דר' עור ג'ל ניקוי פנ,,,דר' עור ג'ל ניקוי פנ,מיליליטרים,150.00,"100 מ""ל",false,,24.90,16.6000,true,1,29596
7290100680711,false,אסם פירורית זהב 350,,,אסם פירורית זהב 350,גרמים,350.00,100 גרם,false,,8.90,2.5429,true,1,18814
7290100680728,false,פירורית רגילה שקית 3,,,פירורית רגילה שקית 3,גרמים,350.00,100 גרם,false,,7.90,2.2571,true,1,18815
7290100681138,false,אפרופו מאח 3*50 גר',,,אפרופו מאח 3*50 גר',גרמים,150.00,100 גרם,false,,12.90,8.6000,true,1,18819
7290100685136,false,מרק בטעם עוף אסם 1 ק,,,מרק בטעם עוף אסם 1 ק,קילוגרמים,1.00,"ק""ג",false,,14.90,14.9000,true,1,18836
7290100685242,false,במבה מתוקה מחומרים ט,,,במבה מתוקה מחומרים ט,גרמים,30.00,100 גרם,false,,2.90,9.6667,true,1,18837
7290100685341,false,מרק זך טעם עוף רכיבי,,,מרק זך טעם עוף רכיבי,גרמים,400.00,100 גרם,false,,13.90,3.4750,true,1,18839
7290100687109,false,במבה במילוי קרם נוגט,,,במבה במילוי קרם נוגט,גרמים,60.00,100 גרם,false,,4.50,7.5000,true,1,18850
7290100700006,false,"סוגת חיטה 1 ק""ג",,,"סוגת חיטה 1 ק""ג",קילוגרמים,1.00,"ק""ג",false,,8.90,8.9000,true,1,17351
7290100700020,false,סוגת גריסי פנינה 500,,,סוגת גריסי פנינה 500,גרמים,500.00,100 גרם,false,,4.90,0.9800,true,1,17352
7290100700273,false,קינואה סוגת 500 גרם,,,קינואה סוגת 500 גרם,גרמים,500.00,100 גרם,false,,12.80,2.5600,true,1,17356
7290100700310,false,כוסמת 1 ק'ג,,,כוסמת 1 ק'ג,קילוגרמים,1.00,"ק""ג",false,,14.90,14.9000,true,1,17358
7290100700396,false,סוגת אורז יסמין קלאס,,,סוגת אורז יסמין קלאס,קילוגרמים,1.00,"ק""ג",false,,11.90,11.9000,true,1,17364
7290100700587,false,סוגת בורגול 500 גר,,,סוגת בורגול 500 גר,גרמים,500.00,100 גרם,false,,5.90,1.1800,true,1,17370
7290100701331,false,קמח רב תכליתי סוגת,,,קמח רב תכליתי סוגת,קילוגרמים,1.00,"ק""ג",false,,6.90,6.9000,true,1,17376
7290100701454,false,גרישה 500 גרם,,,גרישה 500 גרם,גרמים,500.00,100 גרם,false,,5.90,1.1800,true,1,17382
7290100702260,false,קוסקוס דק סוגת 350 ג,,,קוסקוס דק סוגת 350 ג,גרמים,350.00,100 גרם,false,,4.90,1.4000,true,1,17393
7290100702284,false,קוסקוס מלא סוגת 350,,,קוסקוס מלא סוגת 350,גרמים,350.00,100 גרם,false,,4.90,1.4000,true,1,17395
7290100702611,false,פתיתים אפויים אורז ס,,,פתיתים אפויים אורז ס,גרמים,500.00,100 גרם,false,,4.90,0.9800,true,1,17407
7290100702628,false,פתיתים אפויים קוסקוס,,,פתיתים אפויים קוסקוס,גרמים,500.00,100 גרם,false,,4.90,0.9800,true,1,17408
7290100702635,false,פתיתים אפויים כוכבים,,,פתיתים אפויים כוכבים,גרמים,500.00,100 גרם,false,,4.90,0.9800,true,1,17409
7290100702741,false,סוכר חום בהיר בצנצנת,,,סוכר חום בהיר בצנצנת,קילוגרמים,1.00,"ק""ג",false,,12.90,12.9000,true,1,17418
7290100702987,false,פתיתי שיבולת שועל סו,,,פתיתי שיבולת שועל סו,גרמים,500.00,100 גרם,false,,5.90,1.1800,true,1,17435
7290100703625,false,קמח לבן ללא ניפוי סו,,,קמח לבן ללא ניפוי סו,קילוגרמים,1.00,"ק""ג",false,,7.90,7.9000,true,1,17464
7290100704639,false,קמח שמרים פיתה סוגת,,,קמח שמרים פיתה סוגת,קילוגרמים,1.00,"ק""ג",false,,7.90,7.9000,true,1,113160
7290100850909,false,דוריטוס נאצו מקסיקני,,,דוריטוס נאצו מקסיקני,גרמים,70.00,100 גרם,false,,3.60,5.1429,true,1,24185
7290100850916,false,דוריטוס חמוץ חריף 70,,,דוריטוס חמוץ חריף 70,גרמים,70.00,100 גרם,false,,3.60,5.1429,true,1,24186
7290100850923,false,דוריטוס גריל 70 גרם,,,דוריטוס גריל 70 גרם,גרמים,70.00,100 גרם,false,,3.60,5.1429,true,1,24187
7290100858592,false,עלית קקאו 150ג,,,עלית קקאו 150ג,גרמים,150.00,100 גרם,false,,9.90,6.6000,true,1,22371
7290100858608,false,עלית קקאו 500ג,,,עלית קקאו 500ג,גרמים,500.00,100 גרם,false,,23.90,4.7800,true,1,22372
7290100924631,false,מרכך כביסה סוד מרוכז,,,מרכך כביסה סוד מרוכז,מיליליטרים,900.00,"100 מ""ל",false,,9.90,1.1000,true,1,34986
7290100925676,false,קולור קאצ'ר 20 דפים,,,קולור קאצ'ר 20 דפים,יחידה,0.00,יחידה,false,,22.90,0.0000,true,1,35025
7290101551027,false,קפסולות אספרסו 14 למ,,,קפסולות אספרסו 14 למ,גרמים,50.00,100 גרם,false,,16.90,33.8000,true,1,22379
7290101551539,false,דנונה פרו 20 אפרסק 2,,,דנונה פרו 20 אפרסק 2,גרמים,200.00,100 גרם,false,,5.90,2.9500,true,1,23403
7290101551584,false,מארז תפוצ'יפס קידס 1,,,מארז תפוצ'יפס קידס 1,גרמים,200.00,100 גרם,false,,12.90,6.4500,true,1,24193
7290101551638,false,מארז צ'יטוס כאפה 10*,,,מארז צ'יטוס כאפה 10*,גרמים,200.00,100 גרם,false,,12.90,6.4500,true,1,24197
7290101863410,false,סיליט באנג ספריי אקו,,,סיליט באנג ספריי אקו,מיליליטרים,750.00,"100 מ""ל",false,,14.90,1.9867,true,1,20908
7290101865261,false,פיניש הברקה 800 מל,,,פיניש הברקה 800 מל,מיליליטרים,800.00,"100 מ""ל",false,,19.90,2.4875,true,1,20919
7290101866633,false,וניש קליה ג'ל 3 ליטר,,,וניש קליה ג'ל 3 ליטר,ליטרים,3.00,ליטר,false,,29.90,9.9667,true,1,20925
7290101866787,false,וניש נוזל מסיר כתמים,,,וניש נוזל מסיר כתמים,ליטרים,3.00,ליטר,false,,29.90,9.9667,true,1,20928
7290101868460,false,אבקת כביסה קולון 101,,,אבקת כביסה קולון 101,קילוגרמים,8.00,"ק""ג",false,,54.90,6.8625,true,1,20947
7290101869726,false,ג'ל 1 ליטר AIO פיניש,,,ג'ל 1 ליטר AIO פיניש,ליטרים,1.00,ליטר,false,,42.90,42.9000,true,1,20962
7290101869733,false,ג'ל 1 ליטר לימון AIO,,,ג'ל 1 ליטר לימון AIO,ליטרים,1.00,ליטר,false,,42.90,42.9000,true,1,20963
7290101869795,false,איירוויק מילוי מבשם,,,איירוויק מילוי מבשם,מיליליטרים,250.00,"100 מ""ל",false,,15.90,6.3600,true,1,20969
7290101869825,false,איירוויק מילוי מבשם,,,איירוויק מילוי מבשם,מיליליטרים,19.00,"100 מ""ל",false,,16.90,88.9474,true,1,20972
7290101999720,false,נרות מטה לבבות פו,,,נרות מטה לבבות פו,יחידה,0.00,יחידה,false,,7.50,0.0000,true,1,32828
7290102031276,false,אקטימל תות בננה 8*10,,,אקטימל תות בננה 8*10,מיליליטרים,800.00,"100 מ""ל",false,,19.90,2.4875,true,1,23424
7290102060979,false,משחת שיניים משפחתי א,,,משחת שיניים משפחתי א,מיליליטרים,100.00,"100 מ""ל",false,,18.90,18.9000,true,1,21588
7290102062195,false,אלמקס משחת שיניים אל,,,אלמקס משחת שיניים אל,מיליליטרים,75.00,"100 מ""ל",false,,15.90,21.2000,true,1,21591
7290102300822,false,סיימן גבינת צדר אנגל,,,סיימן גבינת צדר אנגל,גרמים,200.00,100 גרם,false,,23.90,11.9500,true,1,17183
7290102390427,false,מולר פרופ תות 3% 150,,,מולר פרופ תות 3% 150,גרמים,150.00,100 גרם,false,,4.90,3.2667,true,1,6444
7290102390465,false,מולר פרופ אפרסק פסיפ,,,מולר פרופ אפרסק פסיפ,גרמים,150.00,100 גרם,false,,4.90,3.2667,true,1,6445
7290102390489,false,מולר פרופ לימון 3% 1,,,מולר פרופ לימון 3% 1,גרמים,150.00,100 גרם,false,,4.90,3.2667,true,1,6447
7290102391844,false,מולר פרופ לבן+קציפת,,,מולר פרופ לבן+קציפת,גרמים,150.00,100 גרם,false,,4.90,3.2667,true,1,6454
7290102392254,false,טרה חלב 1% 2ל,,,טרה חלב 1% 2ל,ליטרים,2.00,ליטר,false,,11.72,5.8600,true,1,6460
7290102393039,false,מולר מיקס בתוספת פצפ,,,מולר מיקס בתוספת פצפ,מיליליטרים,170.00,"100 מ""ל",false,,5.90,3.4706,true,1,6473
7290102393169,false,מולר סימפלי פרוט תות,,,מולר סימפלי פרוט תות,גרמים,150.00,100 גרם,false,,4.90,3.2667,true,1,6480
7290102393176,false,מולר סימפלי פרוט אפר,,,מולר סימפלי פרוט אפר,גרמים,150.00,100 גרם,false,,4.90,3.2667,true,1,6481
7290102393190,false,מולר סימפלי פרוט פיר,,,מולר סימפלי פרוט פיר,גרמים,150.00,100 גרם,false,,4.90,3.2667,true,1,6482
7290102393268,false,טרה גבינה לבנה אריזת,,,טרה גבינה לבנה אריזת,גרמים,750.00,100 גרם,false,,14.90,1.9867,true,1,6483
7290102393299,false,צוריאל יוגורט עיזים,,,צוריאל יוגורט עיזים,מיליליטרים,500.00,"100 מ""ל",false,,11.90,2.3800,true,1,6484
7290102393947,false,מולר סימפלי פרוט קיו,,,מולר סימפלי פרוט קיו,מיליליטרים,150.00,"100 מ""ל",false,,4.90,3.2667,true,1,6490
7290102394463,false,נעם גבינה צהובה וואק,,,נעם גבינה צהובה וואק,גרמים,500.00,100 גרם,false,,25.90,5.1800,true,1,6501
7290102395521,false,טרה שמנת לבישול 15%+,,,טרה שמנת לבישול 15%+,מיליליטרים,500.00,"100 מ""ל",false,,16.50,3.3000,true,1,6525
7290102396436,false,מוו מעדן שוקולד 1.5%,,,מוו מעדן שוקולד 1.5%,גרמים,125.00,100 גרם,false,,2.90,2.3200,true,1,6546
7290102396443,false,מוו מעדן וניל 1.5% 1,,,מוו מעדן וניל 1.5% 1,גרמים,125.00,100 גרם,false,,2.90,2.3200,true,1,6547
7290102396580,false,מוו מעדן שוקולד ומוס,,,מוו מעדן שוקולד ומוס,גרמים,118.00,100 גרם,false,,2.90,2.4576,true,1,6551
7290102396597,false,מוו מעדן וניל ומוס ש,,,מוו מעדן וניל ומוס ש,גרמים,118.00,100 גרם,false,,2.90,2.4576,true,1,6552
7290102396672,false,נעם צהובה דק דק 9% 3,,,נעם צהובה דק דק 9% 3,גרמים,360.00,100 גרם,false,,25.90,7.1944,true,1,6556
7290102396740,false,מולר סימפלי פרוט 0%,,,מולר סימפלי פרוט 0%,קילוגרמים,1.20,"ק""ג",false,,30.90,25.7500,true,1,6561
7290102397464,false,מולר יוגורט נטורל +,,,מולר יוגורט נטורל +,גרמים,150.00,100 גרם,false,,5.90,3.9333,true,1,6597
7290102397600,false,מולר מיקס שקדים ובוט,,,מולר מיקס שקדים ובוט,גרמים,168.00,100 גרם,false,,5.90,3.5119,true,1,6607
7290102397617,false,מולר מיקס קליק 168 ג,,,מולר מיקס קליק 168 ג,גרמים,168.00,100 גרם,false,,5.90,3.5119,true,1,6608
7290102397679,false,קוטג' וחצי 5% 375 גר,,,קוטג' וחצי 5% 375 גר,גרמים,375.00,100 גרם,false,,6.90,1.8400,true,1,6611
7290102397747,false,מוצרלה נעם  רכיבים ט,,,מוצרלה נעם  רכיבים ט,גרמים,200.00,100 גרם,false,,18.90,9.4500,true,1,6617
7290102398065,false,טרה חלב קרטון 3% מהד,,,טרה חלב קרטון 3% מהד,יחידה,0.00,יחידה,false,,12.46,0.0000,true,1,6633
7290102398331,false,חלב מועשר  1 ליטר דל,,,חלב מועשר  1 ליטר דל,ליטרים,1.00,ליטר,false,,7.50,7.5000,true,1,6652
7290102398553,false,שוקו טרה בבקבוק 1.5,,,שוקו טרה בבקבוק 1.5,ליטרים,1.50,ליטר,false,,15.90,10.6000,true,1,6666
7290102398560,false,שוקו טרה מועשר בבקבו,,,שוקו טרה מועשר בבקבו,ליטרים,1.00,ליטר,false,,11.90,11.9000,true,1,6667
7290102398577,false,שוקו טרה מועשר בבקבו,,,שוקו טרה מועשר בבקבו,מיליליטרים,250.00,"100 מ""ל",false,,5.50,2.2000,true,1,6668
7290102398614,false,משקה חלב בטעם בננה 1,,,משקה חלב בטעם בננה 1,ליטרים,1.00,ליטר,false,,11.90,11.9000,true,1,6669
7290102398638,false,משקה חלב בטעם מוקה 1,,,משקה חלב בטעם מוקה 1,ליטרים,1.00,ליטר,false,,11.90,11.9000,true,1,6670
7290102398669,false,אייס קפוצ'ינו מווו ט,,,אייס קפוצ'ינו מווו ט,ליטרים,1.00,ליטר,false,,11.90,11.9000,true,1,70998
7290102398799,false,משקה סויה במתיקות מו,,,משקה סויה במתיקות מו,ליטרים,1.00,ליטר,false,,9.90,9.9000,true,1,6677
7290102399796,false,יוגורט חלבון לבן 250,,,יוגורט חלבון לבן 250,גרמים,200.00,100 גרם,false,,5.90,2.9500,true,1,67032
7290102399857,false,יוגורט מולר אקטיב לי,,,יוגורט מולר אקטיב לי,גרמים,150.00,100 גרם,false,,5.90,3.9333,true,1,76058
7290103120658,false,דאודורנט ג'ל שחור ספ,,,דאודורנט ג'ל שחור ספ,מיליליטרים,85.00,"100 מ""ל",false,,18.90,22.2353,true,1,21598
7290103124588,false,תחליב רחצה ארומה סגו,,,תחליב רחצה ארומה סגו,מיליליטרים,750.00,"100 מ""ל",false,,19.90,2.6533,true,1,21604
7290103128739,false,בלונס צימרוני אוזניי,,,בלונס צימרוני אוזניי,יחידה,0.00,יחידה,false,,5.90,0.0000,true,1,21615
7290103401429,false,קפה אוריגינס קצב ברז,,,קפה אוריגינס קצב ברז,גרמים,200.00,100 גרם,false,,24.90,12.4500,true,1,22399
7290103700195,false,טאצ רדיד אלומיניום ק,,,טאצ רדיד אלומיניום ק,מטרים,15.00,מטר,false,,11.90,0.7933,true,1,24463
7290103701017,false,טאצ' נייר אפייה נשלף,,,טאצ' נייר אפייה נשלף,יחידה,0.00,יחידה,false,,9.90,0.0000,true,1,24472
7290103701130,false,טאצ מטליות מקרופייבר,,,טאצ מטליות מקרופייבר,יחידה,0.00,יחידה,false,,13.90,0.0000,true,1,24476
7290103701147,false,טאצ רדידי אלומיניום,,,טאצ רדידי אלומיניום,מטרים,60.90,מטר,false,,35.90,0.5895,true,1,24477
7290103702229,false,טאצ מפות עבות במיוחד,,,טאצ מפות עבות במיוחד,יחידה,0.00,יחידה,false,,8.90,0.0000,true,1,24484
7290103702236,false,טאצ מפות עבות במיוחד,,,טאצ מפות עבות במיוחד,יחידה,0.00,יחידה,false,,8.90,0.0000,true,1,24485
7290103702298,false,טאצ אשפתון בגליל 50,,,טאצ אשפתון בגליל 50,יחידה,0.00,יחידה,false,,15.90,0.0000,true,1,24489
7290103702328,false,טאצ אשפתון בגליל 25,,,טאצ אשפתון בגליל 25,יחידה,0.00,יחידה,false,,15.90,0.0000,true,1,24492
7290103702540,false,נייר טואלט  30 יח' מ,,,נייר טואלט  30 יח' מ,יחידה,0.00,יחידה,false,,23.90,0.0000,true,1,60859
7290103702779,false,מפיות אירוח  טאצ` 15,,,מפיות אירוח  טאצ` 15,יחידה,0.00,יחידה,false,,8.90,0.0000,true,1,24500
7290103703219,false,טאצ' מטליות לחות לני,,,טאצ' מטליות לחות לני,יחידה,0.00,יחידה,false,,20.90,0.0000,true,1,38150
7290103703233,false,טאצ' מטליות לחות לני,,,טאצ' מטליות לחות לני,יחידה,0.00,יחידה,false,,20.90,0.0000,true,1,38151
7290103703370,false,טאצ' מגבוני נייר טוא,,,טאצ' מגבוני נייר טוא,יח',3.00,יח',false,,14.90,4.9667,true,1,24507
7290103703578,false,לובלי נייר טואלט תלת,,,לובלי נייר טואלט תלת,יחידה,0.00,יחידה,false,,42.90,0.0000,true,1,24510
7290103703738,false,טאצ' מפות עבות במיוח,,,טאצ' מפות עבות במיוח,מטרים,45.00,מטר,false,,30.90,0.6867,true,1,24512
7290103703745,false,טאצ' מפות עבות 45 מט,,,טאצ' מפות עבות 45 מט,מטרים,45.00,מטר,false,,18.90,0.4200,true,1,24513
7290103704155,false,מגבות נייר 6 גלילים,,,מגבות נייר 6 גלילים,מטרים,63.00,מטר,false,,10.90,0.1730,true,1,132353
7290103704186,false,מגבות טאצ' גליל כפול,,,מגבות טאצ' גליל כפול,יחידה,0.00,יחידה,false,,19.90,0.0000,true,1,183835
7290103704575,false,נייר טואלט טאצ' 48 י,,,נייר טואלט טאצ' 48 י,יחידה,0.00,יחידה,false,,39.90,0.0000,true,1,113646
7290103704766,false,נייר טואלט  24 גליל,,,נייר טואלט  24 גליל,יחידה,0.00,יחידה,false,,42.90,0.0000,true,1,225452
7290104061417,false,אחלה חומוס טחינה 400,,,אחלה חומוס טחינה 400,גרמים,400.00,100 גרם,false,,9.90,2.4750,true,1,23437
7290104061431,false,אחלה חומוס צנובר 400,,,אחלה חומוס צנובר 400,גרמים,400.00,100 גרם,false,,10.90,2.7250,true,1,23439
7290104062599,false,גמדים תות בננה 8*100,,,גמדים תות בננה 8*100,מיליליטרים,800.00,"100 מ""ל",false,,18.90,2.3625,true,1,23441
7290104064012,false,פסק זמן 2GOOD לבן 36,,,פסק זמן 2GOOD לבן 36,גרמים,36.00,100 גרם,false,,4.90,13.6111,true,1,22425
7290104065187,false,קפה נמס עלית בטעם מו,,,קפה נמס עלית בטעם מו,גרמים,200.00,100 גרם,false,,19.90,9.9500,true,1,22427
7290104500572,false,אפרופו איטלקי 36*50ג,,,אפרופו איטלקי 36*50ג,גרמים,50.00,100 גרם,false,,5.00,10.0000,true,1,18860
7290104508943,false,במבה קלאסי 18*200 גר,,,במבה קלאסי 18*200 גר,גרמים,200.00,100 גרם,false,,8.90,4.4500,true,1,18875
7290104570162,false,תמר כבוש 500 גרם,,,תמר כבוש 500 גרם,גרמים,500.00,100 גרם,false,,9.90,1.9800,true,1,42956
7290104720499,false,מארז דני וניל  8*125,,,מארז דני וניל  8*125,מיליליטרים,125.00,"100 מ""ל",false,,16.90,13.5200,true,1,23449
7290104721762,false,טורקי עלית 3*85 גר'.,,,טורקי עלית 3*85 גר'.,גרמים,255.00,100 גרם,false,,18.90,7.4118,true,1,22438
7290104726712,false,מילקי שמינייה מארז 8,,,מילקי שמינייה מארז 8,קילוגרמים,1.06,"ק""ג",false,,19.90,18.7736,true,1,23460
7290104960239,false,תחליב רחצה קמומיל נק,,,תחליב רחצה קמומיל נק,מיליליטרים,750.00,"100 מ""ל",false,,11.90,1.5867,true,1,30474
7290104960246,false,תחליב רחצה ורד ויסמי,,,תחליב רחצה ורד ויסמי,מיליליטרים,750.00,"100 מ""ל",false,,11.90,1.5867,true,1,30475
7290104960338,false,תחליב רחצה אלוורה ות,,,תחליב רחצה אלוורה ות,מיליליטרים,750.00,"100 מ""ל",false,,11.90,1.5867,true,1,30477
7290104961250,false,תחליב רחצה וניל מאסק,,,תחליב רחצה וניל מאסק,מיליליטרים,750.00,"100 מ""ל",false,,11.90,1.5867,true,1,30488
7290104963650,false,סופטקר שמפו אלדמע 1,,,סופטקר שמפו אלדמע 1,ליטרים,1.00,ליטר,false,,17.90,17.9000,true,1,30544
7290104965647,false,דאו' רול און נושם לב,,,דאו' רול און נושם לב,מיליליטרים,50.00,"100 מ""ל",false,,12.90,25.8000,true,1,129607
7290105360250,false,עלית קפסולות מקיאטו,,,עלית קפסולות מקיאטו,גרמים,50.00,100 גרם,false,,16.90,33.8000,true,1,22455
7290105360328,false,עלית קפסולות אספרסו,,,עלית קפסולות אספרסו,גרמים,50.00,100 גרם,false,,16.90,33.8000,true,1,22456
7290105360878,false,תפוציפס מארז 4*50ג,,,תפוציפס מארז 4*50ג,גרמים,200.00,100 גרם,false,,10.90,5.4500,true,1,24238
7290105363602,false,כיף כף מקלות קלאסי 4,,,כיף כף מקלות קלאסי 4,גרמים,40.00,100 גרם,false,,4.90,12.2500,true,1,22466
7290105364302,false,כיף כף מקלות אגוזים,,,כיף כף מקלות אגוזים,גרמים,42.00,100 גרם,false,,4.90,11.6667,true,1,22468
7290105366023,false,אחלה חציל בטעם כבד 4,,,אחלה חציל בטעם כבד 4,גרמים,400.00,100 גרם,false,,14.90,3.7250,true,1,23473
7290105366993,false,סימפוניה פלפל שיפקה,,,סימפוניה פלפל שיפקה,גרמים,200.00,100 גרם,false,,11.50,5.7500,true,1,23480
7290105368331,false,"מילקי תות 170 מ""ל",,,"מילקי תות 170 מ""ל",מיליליטרים,170.00,"100 מ""ל",false,,2.90,1.7059,true,1,23491
7290105368904,false,יטבתה שמנת עמידה לקצ,,,יטבתה שמנת עמידה לקצ,מיליליטרים,250.00,"100 מ""ל",false,,7.50,3.0000,true,1,23500
7290105369130,false,סימפוניה שטראוס בצל,,,סימפוניה שטראוס בצל,גרמים,200.00,100 גרם,false,,11.50,5.7500,true,1,23504
7290105431868,false,פלמוליב סבון נוזלי ס,,,פלמוליב סבון נוזלי ס,מיליליטרים,500.00,"100 מ""ל",false,,15.90,3.1800,true,1,21636
7290105439499,false,מיונז הולנדי מאסטר ש,,,מיונז הולנדי מאסטר ש,גרמים,480.00,100 גרם,false,,11.90,2.4792,true,1,21662
7290105691224,false,חטיפי פריכונים טורטי,,,חטיפי פריכונים טורטי,גרמים,60.00,100 גרם,false,,7.50,12.5000,true,1,18886
7290105691897,false,קוסקוס עם חיטה מלאה,,,קוסקוס עם חיטה מלאה,גרמים,350.00,100 גרם,false,,8.90,2.5429,true,1,18892
7290105691934,false,"קמח שמרים אסם 1 ק""ג",,,"קמח שמרים אסם 1 ק""ג",קילוגרמים,1.00,"ק""ג",false,,8.90,8.9000,true,1,18893
7290105693341,false,במבה מאח.15 10*25גרם,,,במבה מאח.15 10*25גרם,גרמים,250.00,100 גרם,false,,14.90,5.9600,true,1,18901
7290105693457,false,עוגת הבית דמקה שוקו,,,עוגת הבית דמקה שוקו,גרמים,320.00,100 גרם,false,,11.90,3.7188,true,1,18902
7290105695321,false,הבית עוגות בראוניס פ,,,הבית עוגות בראוניס פ,גרמים,380.00,100 גרם,false,,15.90,4.1842,true,1,18913
7290105962331,false,סחוג חריף מאוד זהבי,,,סחוג חריף מאוד זהבי,גרמים,220.00,100 גרם,false,,10.90,4.9545,true,1,23506
7290105964564,false,אחלה חומוס אחלה 400ג,,,אחלה חומוס אחלה 400ג,גרמים,400.00,100 גרם,false,,7.90,1.9750,true,1,23511
7290105968654,false,שטראוס רביולי בטטה 4,,,שטראוס רביולי בטטה 4,גרמים,400.00,100 גרם,false,,19.90,4.9750,true,1,23524
7290105968777,false,פריכיות תחתית שוקלד,,,פריכיות תחתית שוקלד,גרמים,70.00,100 גרם,false,,7.90,11.2857,true,1,22505
7290106520066,false,רבע לשבע 160 גרם,,,רבע לשבע 160 גרם,גרמים,160.00,100 גרם,false,,10.90,6.8125,true,1,22507
7290106520288,false,דנונה פרו תות 150 גר,,,דנונה פרו תות 150 גר,גרמים,150.00,100 גרם,false,,4.90,3.2667,true,1,23526
7290106521926,false,קפה טורקי עלית 150 ג,,,קפה טורקי עלית 150 ג,גרמים,150.00,100 גרם,false,,12.90,8.6000,true,1,22515
7290106524439,false,תפוציפס פופס 60 גרם,,,תפוציפס פופס 60 גרם,גרמים,60.00,100 גרם,false,,3.90,6.5000,true,1,24248
7290106571921,false,פיטנס עוגיות חמוציות,,,פיטנס עוגיות חמוציות,גרמים,180.00,100 גרם,false,,11.90,6.6111,true,1,18931
7290106572959,false,אפרופו קלאסי מאח.8 5,,,אפרופו קלאסי מאח.8 5,גרמים,75.00,100 גרם,false,,12.90,17.2000,true,1,18938
7290106572997,false,קמח שמרים לפיצה אסם,,,קמח שמרים לפיצה אסם,קילוגרמים,1.00,"ק""ג",false,,8.90,8.9000,true,1,18939
7290106573277,false,אסם קריספי טאפאס זית,,,אסם קריספי טאפאס זית,גרמים,150.00,100 גרם,false,,11.50,7.6667,true,1,18943
7290106573628,false,צבר חומוס עם טחינה 4,,,צבר חומוס עם טחינה 4,גרמים,400.00,100 גרם,false,,11.90,2.9750,true,1,19929
7290106574953,false,אסם בייגלה שטוחים שו,,,אסם בייגלה שטוחים שו,גרמים,300.00,100 גרם,false,,10.90,3.6333,true,1,18954
7290106574977,false,אסם בייגלה שטוחים עם,,,אסם בייגלה שטוחים עם,גרמים,300.00,100 גרם,false,,10.90,3.6333,true,1,18955
7290106575431,false,עוגת הבית סופלה בטעם,,,עוגת הבית סופלה בטעם,גרמים,340.00,100 גרם,false,,11.90,3.5000,true,1,18962
7290106576513,false,צבר חומוס 400 גרם,,,צבר חומוס 400 גרם,גרמים,400.00,100 גרם,false,,8.90,2.2250,true,1,19934
7290106576537,false,צבר חומוס מסעדה 700,,,צבר חומוס מסעדה 700,גרמים,700.00,100 גרם,false,,10.90,1.5571,true,1,19935
7290106577282,false,צבר מרובע טחינה 400ג,,,צבר מרובע טחינה 400ג,גרמים,400.00,100 גרם,false,,12.90,3.2250,true,1,19936
7290106577527,false,צבר מרובע קולסלו 400,,,צבר מרובע קולסלו 400,גרמים,400.00,100 גרם,false,,12.90,3.2250,true,1,19941
7290106577541,false,צבר מרובע כרוב אדום,,,צבר מרובע כרוב אדום,גרמים,400.00,100 גרם,false,,12.50,3.1250,true,1,19942
7290106577572,false,צבר מרובע מטבוחה  40,,,צבר מרובע מטבוחה  40,גרמים,400.00,100 גרם,false,,12.90,3.2250,true,1,19943
7290106578692,false,במבה ביסלי מיקס 36*8,,,במבה ביסלי מיקס 36*8,גרמים,80.00,100 גרם,false,,4.50,5.6250,true,1,18977
7290106578821,false,עוגת הבית שמרים קלאס,,,עוגת הבית שמרים קלאס,גרמים,350.00,100 גרם,false,,16.90,4.8286,true,1,18978
7290106654099,false,עוגות אישיות מילקי ק,,,עוגות אישיות מילקי ק,גרמים,272.00,100 גרם,false,,19.90,7.3162,true,1,23548
7290106663558,false,יד מרדכי רוטב טריאקי,,,יד מרדכי רוטב טריאקי,מיליליטרים,280.00,"100 מ""ל",false,,13.90,4.9643,true,1,22604
7290106664067,false,שטראוס לאבנה שמן זית,,,שטראוס לאבנה שמן זית,גרמים,400.00,100 גרם,false,,14.90,3.7250,true,1,23578
7290106664562,false,יטבתה רוטב שמנת עם פ,,,יטבתה רוטב שמנת עם פ,גרמים,250.00,100 גרם,false,,9.90,3.9600,true,1,23581
7290106668577,false,מיץ לימון טבעי יד מר,,,מיץ לימון טבעי יד מר,מיליליטרים,250.00,"100 מ""ל",false,,7.80,3.1200,true,1,22623
7290106668713,false,דנונה פירות יער3% 15,,,דנונה פירות יער3% 15,מיליליטרים,150.00,"100 מ""ל",false,,3.90,2.6000,true,1,23584
7290106720626,false,ציטוס  גבינה 80 גרם,,,ציטוס  גבינה 80 גרם,גרמים,80.00,100 גרם,false,,4.90,6.1250,true,1,24311
7290106721920,false,מאסט צנצנת ספירמינט,,,מאסט צנצנת ספירמינט,גרמים,66.00,100 גרם,false,,9.90,15.0000,true,1,22651
7290106729650,false,דנונה יוגורט תות 8יח,,,דנונה יוגורט תות 8יח,קילוגרמים,1.20,"ק""ג",false,,24.90,20.7500,true,1,23616
7290107280013,false,ליטופים  מגבונים ללא,,,ליטופים  מגבונים ללא,יחידה,0.00,יחידה,false,,18.90,0.0000,true,1,30570
7290107280020,false,סנו סושי מגבונים לני,,,סנו סושי מגבונים לני,יחידה,0.00,יחידה,false,,19.90,0.0000,true,1,30571
7290107280068,false,2 תבניות אלומיניום X,,,2 תבניות אלומיניום X,יחידה,0.00,יחידה,false,,9.90,0.0000,true,1,30574
7290107280082,false,7 תבניות אינגליש קיי,,,7 תבניות אינגליש קיי,יחידה,0.00,יחידה,false,,9.90,0.0000,true,1,30576
7290107280099,false,סנו סופט מגבוני טואל,,,סנו סופט מגבוני טואל,יחידה,0.00,יחידה,false,,15.90,0.0000,true,1,30577
7290107280341,false,ריצפז מטליות לחות לנ,,,ריצפז מטליות לחות לנ,יחידה,0.00,יחידה,false,,11.90,0.0000,true,1,30584
7290107280396,false,סנו ג'ט מתז למטבח 75,,,סנו ג'ט מתז למטבח 75,מיליליטרים,750.00,"100 מ""ל",false,,12.90,1.7200,true,1,30586
7290107280563,false,סנו ג'ל אוקסיג'ן ביי,,,סנו ג'ל אוקסיג'ן ביי,ליטרים,3.00,ליטר,false,,30.90,10.3000,true,1,30595
7290107280600,false,סנו ספארק טבליות למד,,,סנו ספארק טבליות למד,יחידה,0.00,יחידה,false,,60.90,0.0000,true,1,30599
7290107280709,false,סנו ספארק נוזל הברקה,,,סנו ספארק נוזל הברקה,מיליליטרים,700.00,"100 מ""ל",false,,14.90,2.1286,true,1,30605
7290107280730,false,סנו ספארק נוזל לניקו,,,סנו ספארק נוזל לניקו,מיליליטרים,700.00,"100 מ""ל",false,,9.90,1.4143,true,1,30609
7290107280761,false,ספארק נוזל לכלים לימ,,,ספארק נוזל לכלים לימ,יחידה,0.00,יחידה,false,,11.90,0.0000,true,1,30612
7290107646147,false,חטיף שוגי קורנפלקס ת,,,חטיף שוגי קורנפלקס ת,גרמים,156.00,100 גרם,false,,12.90,8.2692,true,1,10618
7290107646154,false,חטיף קוקומן פצפוצים,,,חטיף קוקומן פצפוצים,גרמים,126.00,100 גרם,false,,12.90,10.2381,true,1,10619
7290107646826,false,חטיף שוגי שוקו שוקו,,,חטיף שוגי שוקו שוקו,גרמים,156.00,100 גרם,false,,12.90,8.2692,true,1,10642
7290107647731,false,קוקומן חום לבן 20% ת,,,קוקומן חום לבן 20% ת,גרמים,375.00,100 גרם,false,,19.90,5.3067,true,1,10672
7290107649605,false,טבלה קליק קורנפלקס ח,,,טבלה קליק קורנפלקס ח,גרמים,85.00,100 גרם,false,,4.90,5.7647,true,1,10735
7290107871990,false,פסטה צינורות אסם 500,,,פסטה צינורות אסם 500,גרמים,500.00,100 גרם,false,,5.90,1.1800,true,1,19004
7290107874502,false,ביסלי גריל 4*55 גרם,,,ביסלי גריל 4*55 גרם,גרמים,220.00,100 גרם,false,,12.90,5.8636,true,1,19026
7290107875271,false,ביסלי ברבקיו מארז 4*,,,ביסלי ברבקיו מארז 4*,גרמים,220.00,100 גרם,false,,12.90,5.8636,true,1,19037
7290107877619,false,במבה במילוי קרם נוגט,,,במבה במילוי קרם נוגט,גרמים,150.00,100 גרם,false,,13.90,9.2667,true,1,19072
7290107930321,false,יד מרדכי קונפיטורה ד,,,יד מרדכי קונפיטורה ד,גרמים,340.00,100 גרם,false,,11.90,3.5000,true,1,22707
7290107932080,false,יטבתה חלב בבקבוק 3%,,,יטבתה חלב בבקבוק 3%,ליטרים,1.00,ליטר,false,,7.70,7.7000,true,1,23629
7290107932134,false,יטבתה חלב בבקבוק 1%,,,יטבתה חלב בבקבוק 1%,ליטרים,1.00,ליטר,false,,7.70,7.7000,true,1,23631
7290107936309,false,דנונה יווני לבן 130,,,דנונה יווני לבן 130,גרמים,130.00,100 גרם,false,,3.30,2.5385,true,1,23652
7290107937542,false,משקה אקטיביה תות 1.2,,,משקה אקטיביה תות 1.2,מיליליטרים,265.00,"100 מ""ל",false,,4.90,1.8491,true,1,23657
7290107937634,false,צנצנת קוביות פפירמינ,,,צנצנת קוביות פפירמינ,גרמים,58.00,100 גרם,false,,9.90,17.0690,true,1,22764
7290107937856,false,עלית קפסולות בטעם נס,,,עלית קפסולות בטעם נס,גרמים,50.00,100 גרם,false,,16.90,33.8000,true,1,22768
7290107938396,false,דנונה Actimel בנים ב,,,דנונה Actimel בנים ב,גרמים,864.00,100 גרם,false,,20.90,2.4190,true,1,23663
7290107940030,false,חומוס אחלה 650 גר,,,חומוס אחלה 650 גר,גרמים,650.00,100 גרם,false,,8.90,1.3692,true,1,23680
7290107943192,false,יטבתה שמנת 27%  200מ,,,יטבתה שמנת 27%  200מ,מיליליטרים,200.00,"100 מ""ל",false,,3.90,1.9500,true,1,23724
7290107944472,false,סימפוניה 5% שום שמיר,,,סימפוניה 5% שום שמיר,גרמים,200.00,100 גרם,false,,11.50,5.7500,true,1,23731
7290107945165,false,יד מרדכי קונפיטורת מ,,,יד מרדכי קונפיטורת מ,גרמים,340.00,100 גרם,false,,11.90,3.5000,true,1,22836
7290107950190,false,מעדן דיאט שוקולד מרי,,,מעדן דיאט שוקולד מרי,גרמים,130.00,100 גרם,false,,3.50,2.6923,true,1,23791
7290107950206,false,מעדן דיאט שוקולד % 0,,,מעדן דיאט שוקולד % 0,גרמים,130.00,100 גרם,false,,3.50,2.6923,true,1,23792
7290107951104,false,בפלות 200 גרם שוקולד,,,בפלות 200 גרם שוקולד,גרמים,200.00,100 גרם,false,,3.90,1.9500,true,1,22872
7290107951715,false,מאסט צנצנת קוביות ענ,,,מאסט צנצנת קוביות ענ,גרמים,58.00,100 גרם,false,,9.90,17.0690,true,1,22888
7290107953559,false,קפה טורקי לדרך 168 ג,,,קפה טורקי לדרך 168 ג,גרמים,168.00,100 גרם,false,,17.90,10.6548,true,1,22899
7290107954709,false,יד מרדכי קונפיטורת פ,,,יד מרדכי קונפיטורת פ,גרמים,340.00,100 גרם,false,,11.90,3.5000,true,1,22920
7290107954976,false,משקה פרו בטעם קפה יט,,,משקה פרו בטעם קפה יט,מיליליטרים,350.00,"100 מ""ל",false,,6.90,1.9714,true,1,23858
7290107956901,false,עלית קפסולות אספרסו,,,עלית קפסולות אספרסו,גרמים,150.00,100 גרם,false,,16.90,11.2667,true,1,22962
7290107957991,false,"מילקי מייניס 9*16 מ""",,,"מילקי מייניס 9*16 מ""",גרמים,144.00,100 גרם,false,,13.90,9.6528,true,1,23891
7290107973861,false,עגבניות קצוצות דק מא,,,עגבניות קצוצות דק מא,קילוגרמים,1.20,"ק""ג",false,,15.90,13.2500,true,1,21714
7290107974066,false,עלי טורטיה קמח מלא מ,,,עלי טורטיה קמח מלא מ,גרמים,320.00,100 גרם,false,,9.90,3.0938,true,1,21719
7290107974073,false,עלי טורטיה קמח לבן מ,,,עלי טורטיה קמח לבן מ,גרמים,320.00,100 גרם,false,,9.90,3.0938,true,1,21720
7290107974080,false,עלי טורטיה קמח לבן מ,,,עלי טורטיה קמח לבן מ,גרמים,820.00,100 גרם,false,,16.90,2.0610,true,1,21721
7290107974301,false,דיאודורנט ג'ל אלוורה,,,דיאודורנט ג'ל אלוורה,גרמים,65.00,100 גרם,false,,17.90,27.5385,true,1,21722
7290107977456,false,פלמוליב לגבר 2 ב-1 ג,,,פלמוליב לגבר 2 ב-1 ג,מיליליטרים,750.00,"100 מ""ל",false,,19.90,2.6533,true,1,146393
7290107978330,false,איטריות דקות מאסטר ש,,,איטריות דקות מאסטר ש,גרמים,400.00,100 גרם,false,,5.90,1.4750,true,1,21769
7290107978347,false,איטריות בינוניות מאס,,,איטריות בינוניות מאס,גרמים,400.00,100 גרם,false,,5.90,1.4750,true,1,21770
7290107978453,false,קראנצו'ס גריל 55 גרם,,,קראנצו'ס גריל 55 גרם,גרמים,55.00,100 גרם,false,,3.90,7.0909,true,1,21773
7290108070316,false,שקית 50 פסטל,,,שקית 50 פסטל,יחידה,0.00,יחידה,false,,11.90,0.0000,true,1,33107
7290108201871,false,קולון ג'ל קאפס 42,,,קולון ג'ל קאפס 42,יחידה,0.00,יחידה,false,,37.90,0.0000,true,1,21016
7290108350128,false,סנו סושי שקיות חזקות,,,סנו סושי שקיות חזקות,יחידה,0.00,יחידה,false,,24.90,0.0000,true,1,30619
7290108350210,false,סושי שקיות אקסטרא חז,,,סושי שקיות אקסטרא חז,יחידה,0.00,יחידה,false,,24.90,0.0000,true,1,30627
7290108350531,false,סנו ספארק משאבה בניח,,,סנו ספארק משאבה בניח,ליטרים,1.00,ליטר,false,,11.90,11.9000,true,1,30635
7290108350548,false,סנו ספארק משאבה בניח,,,סנו ספארק משאבה בניח,ליטרים,1.00,ליטר,false,,11.90,11.9000,true,1,30636
7290108350555,false,סנו ספארק משאבה בניח,,,סנו ספארק משאבה בניח,ליטרים,1.00,ליטר,false,,11.90,11.9000,true,1,30637
7290108350586,false,ספארק נוזל כלים בניח,,,ספארק נוזל כלים בניח,ליטרים,1.50,ליטר,false,,14.90,9.9333,true,1,30639
7290108350616,false,מרכך כביסה מקסימה סו,,,מרכך כביסה מקסימה סו,יחידה,0.00,יחידה,false,,18.90,0.0000,true,1,30642
7290108350623,false,מרכך כביסה מקסימה סו,,,מרכך כביסה מקסימה סו,יחידה,0.00,יחידה,false,,18.90,0.0000,true,1,30643
7290108350715,false,פורטה פרי 750 מ`ל,,,פורטה פרי 750 מ`ל,מיליליטרים,750.00,"100 מ""ל",false,,14.90,1.9867,true,1,30650
7290108351156,false,סנו ג`ט פלוס לניקוי,,,סנו ג`ט פלוס לניקוי,יחידה,0.00,יחידה,false,,12.90,0.0000,true,1,30675
7290108351507,false,מרכך כביסה סנו מקסימ,,,מרכך כביסה סנו מקסימ,ליטרים,4.00,ליטר,false,,22.90,5.7250,true,1,30677
7290108351514,false,מרכך כביסה סנו מקסימ,,,מרכך כביסה סנו מקסימ,ליטרים,4.00,ליטר,false,,22.90,5.7250,true,1,30678
7290108351552,false,סנו ג'ט מתז חומץ 750,,,סנו ג'ט מתז חומץ 750,מיליליטרים,750.00,"100 מ""ל",false,,12.90,1.7200,true,1,30682
7290108351613,false,ריצפז פרש הום מלון ח,,,ריצפז פרש הום מלון ח,ליטרים,2.00,ליטר,false,,21.90,10.9500,true,1,30687
7290108351675,false,ג'ל כביסה סנו מקסימה,,,ג'ל כביסה סנו מקסימה,ליטרים,5.00,ליטר,false,,47.90,9.5800,true,1,30693
7290108351699,false,מגבונים ג'ט+חומץ מאר,,,מגבונים ג'ט+חומץ מאר,יחידה,0.00,יחידה,false,,18.90,0.0000,true,1,30695
7290108351705,false,פניני בישום לכביסה כ,,,פניני בישום לכביסה כ,גרמים,275.00,100 גרם,false,,19.90,7.2364,true,1,30696
7290108351712,false,פניני בישום LOVELY ו,,,פניני בישום LOVELY ו,גרמים,275.00,100 גרם,false,,19.90,7.2364,true,1,30697
7290108351804,false,סנו מקסימה מרכך כביס,,,סנו מקסימה מרכך כביס,יחידה,0.00,יחידה,false,,18.90,0.0000,true,1,30701
7290108351811,false,סנו מקסימה מרכך כביס,,,סנו מקסימה מרכך כביס,יחידה,0.00,יחידה,false,,18.90,0.0000,true,1,30702
7290108351996,false,מתז בייבי 99.9% לחיט,,,מתז בייבי 99.9% לחיט,מיליליטרים,750.00,"100 מ""ל",false,,12.90,1.7200,true,1,30716
7290108352009,false,קפסולות למדיח ספארק,,,קפסולות למדיח ספארק,יח',50.00,יח',false,,40.90,0.8180,true,1,60889
7290108352054,false,אורביטול מברשת לניקו,,,אורביטול מברשת לניקו,יחידה,0.00,יחידה,false,,19.90,0.0000,true,1,199181
7290108352207,false,קפס' כביסה בניחוח פל,,,קפס' כביסה בניחוח פל,גרמים,840.00,100 גרם,false,,35.90,4.2738,true,1,63474
7290108352399,false,ריצפז פרש הום פלורל,,,ריצפז פרש הום פלורל,ליטרים,2.00,ליטר,false,,21.90,10.9500,true,1,183212
7290108352474,false,מטהר אוויר סנומוד לי,,,מטהר אוויר סנומוד לי,מיליליטרים,150.00,"100 מ""ל",false,,11.90,7.9333,true,1,106397
7290108352566,false,מרכך JOY בבישום עוצמ,,,מרכך JOY בבישום עוצמ,ליטרים,4.00,ליטר,false,,22.90,5.7250,true,1,162814
7290108352573,false,מרכך כביסה  CALM בבי,,,מרכך כביסה  CALM בבי,ליטרים,4.00,ליטר,false,,22.90,5.7250,true,1,205912
7290108352641,false,סנו סושי מטלית הפלא,,,סנו סושי מטלית הפלא,יחידה,0.00,יחידה,false,,14.90,0.0000,true,1,30724
7290108352672,false,סנו סושי זוג מטלית ה,,,סנו סושי זוג מטלית ה,יחידה,0.00,יחידה,false,,19.90,0.0000,true,1,30727
7290108352689,false,כריות קרצוף ללכלוך ק,,,כריות קרצוף ללכלוך ק,יחידה,0.00,יחידה,false,,9.90,0.0000,true,1,30728
7290108352702,false,שלישיית מגבוני טואלט,,,שלישיית מגבוני טואלט,יחידה,0.00,יחידה,false,,15.90,0.0000,true,1,30730
7290108352801,false,סנו סושי 100 שקיות א,,,סנו סושי 100 שקיות א,יח',100.00,יח',false,,19.90,0.1990,true,1,30734
7290108352887,false,סנו סושי זוג מפות שו,,,סנו סושי זוג מפות שו,יחידה,0.00,יחידה,false,,8.90,0.0000,true,1,30741
7290108352900,false,סנו סושי מגבות נייר,,,סנו סושי מגבות נייר,יחידה,0.00,יחידה,false,,21.90,0.0000,true,1,30743
7290108353099,false,סנו סופט 500 ממחטות,,,סנו סופט 500 ממחטות,יחידה,0.00,יחידה,false,,12.90,0.0000,true,1,30762
7290108353419,false,צמד מברשות שיניים או,,,צמד מברשות שיניים או,יחידה,0.00,יחידה,false,,19.90,0.0000,true,1,30767
7290108353501,false,שקיות אשפה עם ידיות,,,שקיות אשפה עם ידיות,יחידה,0.00,יחידה,false,,19.90,0.0000,true,1,30772
7290108353532,false,שקיות אשפה בגליל סנו,,,שקיות אשפה בגליל סנו,יחידה,0.00,יחידה,false,,30.90,0.0000,true,1,30775
7290108353686,false,סנו סושי מטלית לריצפ,,,סנו סושי מטלית לריצפ,יחידה,0.00,יחידה,false,,12.90,0.0000,true,1,85832
7290108353747,false,קרמה תחליב רחצה ספא,,,קרמה תחליב רחצה ספא,מיליליטרים,600.00,"100 מ""ל",false,,18.90,3.1500,true,1,248306
7290108353761,false,קרמה תחליב רחצה ספא,,,קרמה תחליב רחצה ספא,מיליליטרים,600.00,"100 מ""ל",false,,18.90,3.1500,true,1,248307
7290108353808,false,תחליב רחצה מדגסקר אמ,,,תחליב רחצה מדגסקר אמ,מיליליטרים,750.00,"100 מ""ל",false,,11.90,1.5867,true,1,86805
7290108354270,false,מרכך בבישום עוצמתי מ,,,מרכך בבישום עוצמתי מ,ליטרים,1.00,ליטר,false,,18.90,18.9000,true,1,162802
7290108354416,false,קרמה תחליב רחצה ספא,,,קרמה תחליב רחצה ספא,מיליליטרים,600.00,"100 מ""ל",false,,18.90,3.1500,true,1,248309
7290108354591,false,תחליב רחצה ביו  נקה,,,תחליב רחצה ביו  נקה,מיליליטרים,750.00,"100 מ""ל",false,,11.90,1.5867,true,1,230257
7290108355031,false,אל סבון מיניונים נקה,,,אל סבון מיניונים נקה,מיליליטרים,750.00,"100 מ""ל",false,,11.90,1.5867,true,1,30787
7290108355307,false,שמפו סירוק קל נקה 7,,,שמפו סירוק קל נקה 7,מיליליטרים,750.00,"100 מ""ל",false,,12.90,1.7200,true,1,30808
7290108356137,false,תחליב רחצה לבנדר כיף,,,תחליב רחצה לבנדר כיף,מיליליטרים,700.00,"100 מ""ל",false,,11.90,1.7000,true,1,30836
7290108356151,false,תחליב רחצה מאסק יסמי,,,תחליב רחצה מאסק יסמי,מיליליטרים,700.00,"100 מ""ל",false,,11.90,1.7000,true,1,30837
7290108356168,false,תחליב רחצה אוקיינוס,,,תחליב רחצה אוקיינוס,מיליליטרים,700.00,"100 מ""ל",false,,11.90,1.7000,true,1,30838
7290108356519,false,שמפו לשיער בתוספת שמ,,,שמפו לשיער בתוספת שמ,מיליליטרים,700.00,"100 מ""ל",false,,13.90,1.9857,true,1,183425
7290108356564,false,מרכך לשיער רגיל קרלי,,,מרכך לשיער רגיל קרלי,מיליליטרים,700.00,"100 מ""ל",false,,13.90,1.9857,true,1,183460
7290108357004,false,כיף שמפו לשיער ורד ו,,,כיף שמפו לשיער ורד ו,מיליליטרים,700.00,"100 מ""ל",false,,11.90,1.7000,true,1,30839
7290108357011,false,כיף מרכך לשיער ורד ו,,,כיף מרכך לשיער ורד ו,מיליליטרים,700.00,"100 מ""ל",false,,11.90,1.7000,true,1,30840
7290108357042,false,דיאודורנט רול און בנ,,,דיאודורנט רול און בנ,מיליליטרים,75.00,"100 מ""ל",false,,12.90,17.2000,true,1,206397
7290108357202,false,סנו קליר אקדח בניחוח,,,סנו קליר אקדח בניחוח,ליטרים,1.00,ליטר,false,,11.90,11.9000,true,1,106707
7290108357295,false,מרסס אוקסיג'ן מסיר כ,,,מרסס אוקסיג'ן מסיר כ,מיליליטרים,750.00,"100 מ""ל",false,,17.90,2.3867,true,1,230924
7290108357417,false,קרם גוף קרמה ורד וונ,,,קרם גוף קרמה ורד וונ,מיליליטרים,500.00,"100 מ""ל",false,,24.90,4.9800,true,1,84636
7290108357707,false,שמפו לשיער רגיל תפוח,,,שמפו לשיער רגיל תפוח,מיליליטרים,700.00,"100 מ""ל",false,,11.90,1.7000,true,1,30843
7290108357714,false,שמפו לשיער יבש רימונ,,,שמפו לשיער יבש רימונ,מיליליטרים,700.00,"100 מ""ל",false,,11.90,1.7000,true,1,30844
7290108357776,false,מרכך לשיער יבש רימונ,,,מרכך לשיער יבש רימונ,מיליליטרים,700.00,"100 מ""ל",false,,11.90,1.7000,true,1,30849
7290108358087,false,קרמה תחליב רחצה מאסק,,,קרמה תחליב רחצה מאסק,מיליליטרים,700.00,"100 מ""ל",false,,16.90,2.4143,true,1,86775
7290108358100,false,מקלות ריחניים לבית ב,,,מקלות ריחניים לבית ב,מיליליטרים,100.00,"100 מ""ל",false,,19.90,19.9000,true,1,195244
7290108359060,false,כריות ניקוי לשבת 4 י,,,כריות ניקוי לשבת 4 י,יחידה,0.00,יחידה,false,,11.90,0.0000,true,1,164310
7290108359862,false,אלסבון HYDROMOIST  ב,,,אלסבון HYDROMOIST  ב,ליטרים,1.00,ליטר,false,,18.90,18.9000,true,1,30856
7290108359985,false,אקונומיקה מרסס עם ממ,,,אקונומיקה מרסס עם ממ,ליטרים,1.00,ליטר,false,,17.90,17.9000,true,1,196596
7290108500271,false,פטריות חתוך ויליפוד,,,פטריות חתוך ויליפוד,גרמים,870.00,100 גרם,false,,11.90,1.3678,true,1,3039
7290108500677,false,כבד דג שיבוט בשמן וי,,,כבד דג שיבוט בשמן וי,גרמים,115.00,100 גרם,false,,8.90,7.7391,true,1,3046
7290108502305,false,גבינת גרנה פדנו משול,,,גבינת גרנה פדנו משול,גרמים,150.00,100 גרם,false,,16.90,11.2667,true,1,3133
7290108502381,false,תחתיות לפיצה קוטר 26,,,תחתיות לפיצה קוטר 26,יחידה,0.00,יחידה,false,,12.90,0.0000,true,1,3136
7290108503043,false,מארז רביעייה תפוחוני,,,מארז רביעייה תפוחוני,גרמים,88.00,100 גרם,false,,12.90,14.6591,true,1,3181
7290108503708,false,פיצה עם פטריות 380 ג,,,פיצה עם פטריות 380 ג,גרמים,390.00,100 גרם,false,,11.90,3.0513,true,1,3220
7290108505719,false,גבינת מוצרלה מגורדת,,,גבינת מוצרלה מגורדת,גרמים,200.00,100 גרם,false,,12.90,6.4500,true,1,65441
7290108505740,false,גבינת קשקבל חצי קשה,,,גבינת קשקבל חצי קשה,גרמים,200.00,100 גרם,false,,12.90,6.4500,true,1,65444
7290108506495,false,כנאפה קפוא 192.5 גרם,,,כנאפה קפוא 192.5 גרם,גרמים,192.50,100 גרם,false,,12.90,6.7013,true,1,60467
7290108507645,false,ביסקויט פריך בשוקולד,,,ביסקויט פריך בשוקולד,גרמים,100.00,100 גרם,false,,6.90,6.9000,true,1,191905
7290108507652,false,ביסקויט פריך בשוקולד,,,ביסקויט פריך בשוקולד,גרמים,100.00,100 גרם,false,,6.90,6.9000,true,1,191906
7290108509229,false,חטיף אורז אפוי לתינו,,,חטיף אורז אפוי לתינו,גרמים,50.00,100 גרם,false,,11.90,23.8000,true,1,180431
7290108509359,false,פופקורן בציפוי בטעם,,,פופקורן בציפוי בטעם,גרמים,90.00,100 גרם,false,,7.90,8.7778,true,1,185140
7290108509939,false,פרוסות פילה טונה 120,,,פרוסות פילה טונה 120,גרמים,120.00,100 גרם,false,,12.90,10.7500,true,1,180504
7290109351025,false,מלך החומוס חומוס טחי,,,מלך החומוס חומוס טחי,גרמים,400.00,100 גרם,false,,13.90,3.4750,true,1,19961
7290109352916,false,בר פריכיות שוקולד לב,,,בר פריכיות שוקולד לב,גרמים,84.00,100 גרם,false,,12.90,15.3571,true,1,19970
7290109354972,false,אסם פתי בר ללא גלוטן,,,אסם פתי בר ללא גלוטן,גרמים,200.00,100 גרם,false,,9.90,4.9500,true,1,19156
7290109354996,false,אסם פתי בר ללא גלוטן,,,אסם פתי בר ללא גלוטן,גרמים,200.00,100 גרם,false,,9.90,4.9500,true,1,19157
7290109358284,false,טבעול שניצל  תירס  ע,,,טבעול שניצל  תירס  ע,גרמים,664.00,100 גרם,false,,30.90,4.6536,true,1,19995
7290109580043,false,זוגלובק שניצל תירס 1,,,זוגלובק שניצל תירס 1,קילוגרמים,1.75,"ק""ג",false,,49.90,28.5143,true,1,87980
7290109580241,false,נאגטס מן הצומח זוגלו,,,נאגטס מן הצומח זוגלו,גרמים,500.00,100 גרם,false,,19.90,3.9800,true,1,230190
7290109921334,false,יעקבי דפי כביסה אידא,,,יעקבי דפי כביסה אידא,יחידה,0.00,יחידה,false,,15.90,0.0000,true,1,11421
7290109923147,false,אסטוניש מרסס פלא של,,,אסטוניש מרסס פלא של,מיליליטרים,750.00,"100 מ""ל",false,,11.90,1.5867,true,1,236861
7290110058814,false,שלישיית ביצי שוקולד,,,שלישיית ביצי שוקולד,גרמים,60.00,100 גרם,false,,12.90,21.5000,true,1,33420
7290110113377,false,מארז רביעיות קוקה קו,,,מארז רביעיות קוקה קו,ליטרים,4.00,ליטר,false,,29.90,7.4750,true,1,104866
7290110113384,false,מארז רביעיות קוקה קו,,,מארז רביעיות קוקה קו,ליטרים,4.00,ליטר,false,,28.90,7.2250,true,1,104867
7290110113476,false,קרלסברג 0.0 בקבוק 6*,,,קרלסברג 0.0 בקבוק 6*,ליטרים,1.98,ליטר,false,,30.90,15.6061,true,1,53061
7290110114787,false,נביעות + תפוח 1.5 לי,,,נביעות + תפוח 1.5 לי,ליטרים,1.50,ליטר,false,,8.90,5.9333,true,1,166418
7290110114794,false,נביעות + אפרסק 1.5 ל,,,נביעות + אפרסק 1.5 ל,ליטרים,1.50,ליטר,false,,8.90,5.9333,true,1,166419
7290110114800,false,נביעות + ענבים 1.5 ל,,,נביעות + ענבים 1.5 ל,ליטרים,1.50,ליטר,false,,8.90,5.9333,true,1,166431
7290110114855,false,מי נביעות שישייה 1.5,,,מי נביעות שישייה 1.5,ליטרים,9.00,ליטר,false,,13.90,1.5444,true,1,166473
7290110114893,false,פריגת סחוט תפוזים 2,,,פריגת סחוט תפוזים 2,ליטרים,2.00,ליטר,false,,29.20,14.6000,true,1,166325
7290110114954,false,מיץ תפוזים מתקתק 100,,,מיץ תפוזים מתקתק 100,ליטרים,2.00,ליטר,false,,22.20,11.1000,true,1,166340
7290110114961,false,פריגת תפוזים 1.5 ליט,,,פריגת תפוזים 1.5 ליט,ליטרים,1.50,ליטר,false,,8.90,5.9333,true,1,166484
7290110114985,false,פריגת אשכולית 1.5 לי,,,פריגת אשכולית 1.5 לי,ליטרים,1.50,ליטר,false,,8.90,5.9333,true,1,166486
7290110114992,false,פריגת דיאט אשכולית 1,,,פריגת דיאט אשכולית 1,ליטרים,1.50,ליטר,false,,8.50,5.6667,true,1,166507
7290110115005,false,פריגת ענבים 1.5 ליטר,,,פריגת ענבים 1.5 ליטר,ליטרים,1.50,ליטר,false,,8.90,5.9333,true,1,166528
7290110115036,false,פריגת מנגו 1.5 ליטר,,,פריגת מנגו 1.5 ליטר,ליטרים,1.50,ליטר,false,,8.90,5.9333,true,1,166562
7290110115043,false,פריגת לימונענע 1.5 ל,,,פריגת לימונענע 1.5 ל,ליטרים,1.50,ליטר,false,,8.90,5.9333,true,1,166563
7290110115050,false,פריגת מיקס תות בננה,,,פריגת מיקס תות בננה,ליטרים,1.50,ליטר,false,,8.90,5.9333,true,1,166574
7290110115081,false,פריגת צלול ענבים 1.5,,,פריגת צלול ענבים 1.5,ליטרים,1.50,ליטר,false,,8.50,5.6667,true,1,166647
7290110115111,false,פריגת צלול אננס 1.5,,,פריגת צלול אננס 1.5,ליטרים,1.50,ליטר,false,,8.50,5.6667,true,1,166662
7290110115203,false,קוקה קולה 1.5 ליטר,,,קוקה קולה 1.5 ליטר,ליטרים,1.50,ליטר,false,,8.90,5.9333,true,1,166679
7290110115227,false,קוקה קולה זירו בקבוק,,,קוקה קולה זירו בקבוק,ליטרים,1.50,ליטר,false,,8.90,5.9333,true,1,166681
7290110115234,false,קולה ZERO נטול 1.5 ל,,,קולה ZERO נטול 1.5 ל,ליטרים,1.50,ליטר,false,,8.90,5.9333,true,1,166682
7290110115265,false,ספרייט 1.5 ליטר LIME,,,ספרייט 1.5 ליטר LIME,ליטרים,1.50,ליטר,false,,8.90,5.9333,true,1,166751
7290110115272,false,ספרייט זירו 1.5 ליטר,,,ספרייט זירו 1.5 ליטר,ליטרים,1.50,ליטר,false,,8.50,5.6667,true,1,166752
7290110115296,false,פאנטה אורנג' 1.5 ליט,,,פאנטה אורנג' 1.5 ליט,ליטרים,1.50,ליטר,false,,8.90,5.9333,true,1,166776
7290110115340,false,פאנטה ענבים 1.5 ליטר,,,פאנטה ענבים 1.5 ליטר,ליטרים,1.50,ליטר,false,,8.90,5.9333,true,1,166813
7290110115357,false,קינלי סודה 1.5 ליטר,,,קינלי סודה 1.5 ליטר,ליטרים,1.50,ליטר,false,,3.50,2.3333,true,1,166824
7290110115364,false,קוקה קולה 6*1.5 ליטר,,,קוקה קולה 6*1.5 ליטר,ליטרים,9.00,ליטר,false,,49.90,5.5444,true,1,166695
7290110115401,false,קינלי סודה 6*1.5 ליט,,,קינלי סודה 6*1.5 ליט,ליטרים,9.00,ליטר,false,,14.90,1.6556,true,1,175294
7290110115418,false,קוקה קולה זירו שישיי,,,קוקה קולה זירו שישיי,ליטרים,9.00,ליטר,false,,46.90,5.2111,true,1,166697
7290110115463,false,פיוז טי אפרסק 1.5 לי,,,פיוז טי אפרסק 1.5 לי,ליטרים,1.50,ליטר,false,,9.50,6.3333,true,1,166850
7290110115616,false,פיוז טי ZERO גרין אנ,,,פיוז טי ZERO גרין אנ,ליטרים,1.50,ליטר,false,,8.90,5.9333,true,1,188778
7290110115623,false,פיוז טי ZERO בטעם אפ,,,פיוז טי ZERO בטעם אפ,ליטרים,1.50,ליטר,false,,8.90,5.9333,true,1,187852
7290110115869,false,קוקה קולה זירו בקבוק,,,קוקה קולה זירו בקבוק,ליטרים,1.50,ליטר,false,,8.90,5.9333,true,1,268299
7290110116125,false,סירופ פריגת טעם פטל,,,סירופ פריגת טעם פטל,מיליליטרים,750.00,"100 מ""ל",false,,18.90,2.5200,true,1,230858
7290110116149,false,סירופ פריגת טעם ענבי,,,סירופ פריגת טעם ענבי,מיליליטרים,750.00,"100 מ""ל",false,,18.90,2.5200,true,1,230860
7290110116194,false,נביעות+ לימון ליים 0,,,נביעות+ לימון ליים 0,ליטרים,1.50,ליטר,false,,9.90,6.6000,true,1,244109
7290110116217,false,נביעות+ אשכולית 0 קל,,,נביעות+ אשכולית 0 קל,ליטרים,1.50,ליטר,false,,8.90,5.9333,true,1,244110
7290110116385,false,סליק זירו  מרשמלו 33,,,סליק זירו  מרשמלו 33,מיליליטרים,330.00,"100 מ""ל",false,,5.50,1.6667,true,1,245581
7290110116392,false,סירופ בטעם תפוזים 75,,,סירופ בטעם תפוזים 75,מיליליטרים,750.00,"100 מ""ל",false,,18.90,2.5200,true,1,244135
7290110320683,false,משקה יופלה שמיניה בט,,,משקה יופלה שמיניה בט,מיליליטרים,856.00,"100 מ""ל",false,,16.90,1.9743,true,1,26185
7290110320850,false,עמק פתיתים  200 גרם,,,עמק פתיתים  200 גרם,גרמים,200.00,100 גרם,false,,14.90,7.4500,true,1,26195
7290110320867,false,עמק פתיתים למאפים 28,,,עמק פתיתים למאפים 28,גרמים,500.00,100 גרם,false,,29.90,5.9800,true,1,26196
7290110321277,false,קוטג' תנובה בקטנה  5,,,קוטג' תנובה בקטנה  5,גרמים,100.00,100 גרם,false,,2.50,2.5000,true,1,26227
7290110321284,false,קוטג' תנובה בקטנה  9,,,קוטג' תנובה בקטנה  9,גרמים,100.00,100 גרם,false,,2.50,2.5000,true,1,26228
7290110321604,false,פיראוס קוביות בולגרי,,,פיראוס קוביות בולגרי,גרמים,200.00,100 גרם,false,,19.90,9.9500,true,1,26244
7290110321680,false,יופלה גו בטעם תות 20,,,יופלה גו בטעם תות 20,גרמים,200.00,100 גרם,false,,5.90,2.9500,true,1,26250
7290110322038,false,טופו  פיקנטי 300 גרם,,,טופו  פיקנטי 300 גרם,גרמים,300.00,100 גרם,false,,11.90,3.9667,true,1,26273
7290110322946,false,יופלה טיוב יוגורט במ,,,יופלה טיוב יוגורט במ,מיליליטרים,348.00,"100 מ""ל",false,,11.90,3.4195,true,1,26295
7290110323585,false,יופלה GO לייט עם דוב,,,יופלה GO לייט עם דוב,גרמים,200.00,100 גרם,false,,5.90,2.9500,true,1,26336
7290110323592,false,יופלה GO לייט עם אפר,,,יופלה GO לייט עם אפר,גרמים,200.00,100 גרם,false,,5.90,2.9500,true,1,26337
7290110324070,false,גבינת חלומי מחלב בקר,,,גבינת חלומי מחלב בקר,גרמים,200.00,100 גרם,false,,18.90,9.4500,true,1,26372
7290110324551,false,יופלה טיוב יוגורט במ,,,יופלה טיוב יוגורט במ,מיליליטרים,348.00,"100 מ""ל",false,,11.90,3.4195,true,1,26407
7290110324858,false,מעדן שקדים בטעם אגוז,,,מעדן שקדים בטעם אגוז,גרמים,125.00,100 גרם,false,,4.50,3.6000,true,1,26427
7290110324872,false,גלבוע גבינה פרוסה 5%,,,גלבוע גבינה פרוסה 5%,גרמים,200.00,100 גרם,false,,17.90,8.9500,true,1,26428
7290110324926,false,משקה סויה ללא תוספת,,,משקה סויה ללא תוספת,יחידה,0.00,יחידה,false,,9.90,0.0000,true,1,26431
7290110325084,false,מאגדת שמינייה מיני ק,,,מאגדת שמינייה מיני ק,מיליליטרים,800.00,"100 מ""ל",false,,13.90,1.7375,true,1,26440
7290110325114,false,יופלה משקה יוגורט גו,,,יופלה משקה יוגורט גו,מיליליטרים,250.00,"100 מ""ל",false,,6.50,2.6000,true,1,26443
7290110325305,false,יופלה סויה גו 20 גרם,,,יופלה סויה גו 20 גרם,גרמים,200.00,100 גרם,false,,5.90,2.9500,true,1,26447
7290110325619,false,תנובה משקה שיבולת שו,,,תנובה משקה שיבולת שו,יחידה,0.00,יחידה,false,,12.90,0.0000,true,1,26457
7290110325893,false,משקה תנובה GO אייס ק,,,משקה תנובה GO אייס ק,גרמים,340.00,100 גרם,false,,7.90,2.3235,true,1,26476
7290110326210,false,יופלה און טופ פצפוצי,,,יופלה און טופ פצפוצי,גרמים,157.00,100 גרם,false,,4.90,3.1210,true,1,58304
7290110326333,false,פרוסות גבינה סקנדינב,,,פרוסות גבינה סקנדינב,גרמים,170.00,100 גרם,false,,17.50,10.2941,true,1,122678
7290110327514,false,משקה שיבולת שועל בטע,,,משקה שיבולת שועל בטע,יחידה,0.00,יחידה,false,,12.90,0.0000,true,1,138014
7290110327545,false,יופלה און טופ בטעם ת,,,יופלה און טופ בטעם ת,גרמים,157.00,100 גרם,false,,4.90,3.1210,true,1,94307
7290110328627,false,יוגורט גו סמיך 0% בנ,,,יוגורט גו סמיך 0% בנ,גרמים,200.00,100 גרם,false,,5.90,2.9500,true,1,129208
7290110328764,false,יוגורט גו סמיך 0% תו,,,יוגורט גו סמיך 0% תו,גרמים,200.00,100 גרם,false,,5.90,2.9500,true,1,129221
7290110329136,false,מעדן חלב גו בטעם שוק,,,מעדן חלב גו בטעם שוק,גרמים,120.00,100 גרם,false,,4.60,3.8333,true,1,170097
7290110329143,false,מעדן חלב גו בטעם וני,,,מעדן חלב גו בטעם וני,גרמים,120.00,100 גרם,false,,4.60,3.8333,true,1,170086
7290110329808,false,סויה BIO תות גביע 15,,,סויה BIO תות גביע 15,גרמים,150.00,100 גרם,false,,4.50,3.0000,true,1,188632
7290110329822,false,סויה BIO פירות יער ג,,,סויה BIO פירות יער ג,גרמים,150.00,100 גרם,false,,4.50,3.0000,true,1,188634
7290110550219,false,מטבעות שוקולד לבן לא,,,מטבעות שוקולד לבן לא,גרמים,400.00,100 גרם,false,,29.90,7.4750,true,1,214416
7290110550226,false,מטבעות שוקולד מריר ל,,,מטבעות שוקולד מריר ל,גרמים,400.00,100 גרם,false,,29.90,7.4750,true,1,214417
7290110551254,false,נשנושי תירס 600 גרם,,,נשנושי תירס 600 גרם,גרמים,600.00,100 גרם,false,,14.90,2.4833,true,1,258997
7290110552220,false,דנונה PRO 20 גרם חלב,,,דנונה PRO 20 גרם חלב,גרמים,200.00,100 גרם,false,,5.90,2.9500,true,1,183299
7290110552237,false,דנונה PRO 20 גרם חלב,,,דנונה PRO 20 גרם חלב,גרמים,200.00,100 גרם,false,,5.90,2.9500,true,1,183288
7290110553425,false,קפה נמס עלית פחית מו,,,קפה נמס עלית פחית מו,גרמים,240.00,100 גרם,false,,19.90,8.2917,true,1,187178
7290110554583,false,מארז צ'יטוס PUFFS בט,,,מארז צ'יטוס PUFFS בט,גרמים,200.00,100 גרם,false,,12.90,6.4500,true,1,177538
7290110554729,false,עלית קפסולות אספרסו,,,עלית קפסולות אספרסו,גרמים,50.00,100 גרם,false,,16.90,33.8000,true,1,220779
7290110555078,false,לאבנה עם עשבי תיבול,,,לאבנה עם עשבי תיבול,גרמים,250.00,100 גרם,false,,10.90,4.3600,true,1,220954
7290110556242,false,שוקולד מריר מעולה 10,,,שוקולד מריר מעולה 10,גרמים,100.00,100 גרם,false,,4.90,4.9000,true,1,258804
7290110557102,false,מעדן פרו חלב עם שוקו,,,מעדן פרו חלב עם שוקו,גרמים,150.00,100 גרם,false,,5.50,3.6667,true,1,157268
7290110557133,false,מעדן הגולן מעדן חלב,,,מעדן הגולן מעדן חלב,גרמים,125.00,100 גרם,false,,2.90,2.3200,true,1,165358
7290110557317,false,היוגורט הראשון שלי ש,,,היוגורט הראשון שלי ש,גרמים,100.00,100 גרם,false,,2.30,2.3000,true,1,223161
7290110557478,false,חומוס גלילי אחלה  60,,,חומוס גלילי אחלה  60,גרמים,600.00,100 גרם,false,,12.90,2.1500,true,1,206536
7290110558154,false,דנונה לייט אנד פרי ת,,,דנונה לייט אנד פרי ת,גרמים,150.00,100 גרם,false,,4.90,3.2667,true,1,236396
7290110558314,false,דנונה פרו ללא סוכר 2,,,דנונה פרו ללא סוכר 2,גרמים,200.00,100 גרם,false,,5.90,2.9500,true,1,236397
7290110558666,false,דניאלה בטעם תפוח 88,,,דניאלה בטעם תפוח 88,גרמים,88.00,100 גרם,false,,4.10,4.6591,true,1,260367
7290110560324,false,פריכיות משולשות אפונ,,,פריכיות משולשות אפונ,גרמים,30.00,100 גרם,false,,4.90,16.3333,true,1,22994
7290110561604,false,שמיניית גמדים תות בנ,,,שמיניית גמדים תות בנ,גרמים,800.00,100 גרם,false,,18.90,2.3625,true,1,23939
7290110563448,false,יטבתה משקה קפה קר בס,,,יטבתה משקה קפה קר בס,מיליליטרים,230.00,"100 מ""ל",false,,7.90,3.4348,true,1,23944
7290110563462,false,יטבתה חלב בבקבוק נטו,,,יטבתה חלב בבקבוק נטו,ליטרים,1.00,ליטר,false,,8.90,8.9000,true,1,23946
7290110564360,false,חומוס אחלה עשיר ב 40,,,חומוס אחלה עשיר ב 40,גרמים,400.00,100 גרם,false,,12.90,3.2250,true,1,23954
7290110564742,false,יטבתה משקה קפה קר בס,,,יטבתה משקה קפה קר בס,מיליליטרים,230.00,"100 מ""ל",false,,7.90,3.4348,true,1,23964
7290110565435,false,לימבו בטעם פטל 0% שו,,,לימבו בטעם פטל 0% שו,גרמים,125.00,100 גרם,false,,2.50,2.0000,true,1,23969
7290110565527,false,דנונה PRO 20 גרם חלב,,,דנונה PRO 20 גרם חלב,גרמים,200.00,100 גרם,false,,5.90,2.9500,true,1,23971
7290110566623,false,עלית קפסולות קולומבי,,,עלית קפסולות קולומבי,גרמים,50.00,100 גרם,false,,16.90,33.8000,true,1,23041
7290110568276,false,משקה פרו  וניל יטבתה,,,משקה פרו  וניל יטבתה,מיליליטרים,350.00,"100 מ""ל",false,,6.90,1.9714,true,1,23994
7290110570224,false,משקה קפה קר בטעם עוג,,,משקה קפה קר בטעם עוג,מיליליטרים,230.00,"100 מ""ל",false,,7.90,3.4348,true,1,230337
7290110571481,false,קפה נמס עלית 200 גרם,,,קפה נמס עלית 200 גרם,גרמים,200.00,100 גרם,false,,19.90,9.9500,true,1,230680
7290110572129,false,כיף כף מקלות שוקולד,,,כיף כף מקלות שוקולד,גרמים,40.00,100 גרם,false,,4.90,12.2500,true,1,273004
7290110572969,false,כיף כף פצפצים קרם לב,,,כיף כף פצפצים קרם לב,גרמים,40.00,100 גרם,false,,4.90,12.2500,true,1,236471
7290110576318,false,מארז שלישיית אגוז  ל,,,מארז שלישיית אגוז  ל,גרמים,300.00,100 גרם,false,,21.90,7.3000,true,1,261089
7290110576370,false,מארז שלישיית אגוז  מ,,,מארז שלישיית אגוז  מ,גרמים,300.00,100 גרם,false,,21.90,7.3000,true,1,261090
7290110577230,false,משקה חלב פיסטוק יטבת,,,משקה חלב פיסטוק יטבת,יחידה,0.00,יחידה,false,,11.90,0.0000,true,1,260318
7290111093005,false,מגבונים להסרת איפור,,,מגבונים להסרת איפור,יחידה,0.00,יחידה,false,,7.90,0.0000,true,1,29624
7290111093982,false,תחליב רחצה פסיפלורה,,,תחליב רחצה פסיפלורה,מיליליטרים,700.00,"100 מ""ל",false,,15.90,2.2714,true,1,261796
7290111094613,false,מגבונים לניקוי משקפי,,,מגבונים לניקוי משקפי,יחידה,0.00,יחידה,false,,7.90,0.0000,true,1,29626
7290111094651,false,קוויק שקיות אשפה L ח,,,קוויק שקיות אשפה L ח,יחידה,0.00,יחידה,false,,12.90,0.0000,true,1,164352
7290111096921,false,מטליות לחות לניקוי ב,,,מטליות לחות לניקוי ב,יחידה,0.00,יחידה,false,,8.90,0.0000,true,1,165627
7290111097546,false,קוויק מטליות לחות לנ,,,קוויק מטליות לחות לנ,יחידה,0.00,יחידה,false,,8.90,0.0000,true,1,197758
7290111098536,false,מגבונים לחים לתינוק,,,מגבונים לחים לתינוק,יחידה,0.00,יחידה,false,,14.90,0.0000,true,1,208947
7290111342042,false,כריות יפניות אנטיבקט,,,כריות יפניות אנטיבקט,יחידה,0.00,יחידה,false,,10.90,0.0000,true,1,9155
7290111342059,false,מטליות לחות אנטיבקטר,,,מטליות לחות אנטיבקטר,יחידה,0.00,יחידה,false,,10.90,0.0000,true,1,9156
7290111343797,false,ניקול מטליות לחות לנ,,,ניקול מטליות לחות לנ,יח',50.00,יח',false,,9.90,0.1980,true,1,78229
7290111344206,false,מגבוני האגיס נטורל ק,,,מגבוני האגיס נטורל ק,יחידה,0.00,יחידה,false,,18.90,0.0000,true,1,164026
7290111344459,false,תחבושות נייט אקסטרא,,,תחבושות נייט אקסטרא,יח',18.00,יח',false,,17.90,0.9944,true,1,158741
7290111344503,false,האגיס אקסטרה קר מידה,,,האגיס אקסטרה קר מידה,יחידה,0.00,יחידה,false,,48.90,0.0000,true,1,117950
7290111344527,false,שקיות אשפה ניקול XXL,,,שקיות אשפה ניקול XXL,יחידה,0.00,יחידה,false,,23.90,0.0000,true,1,119170
7290111344855,false,מגיני תחתון סופר פרו,,,מגיני תחתון סופר פרו,יחידה,0.00,יחידה,false,,16.90,0.0000,true,1,177974
7290111345753,false,תחבושות כותנה  נורמל,,,תחבושות כותנה  נורמל,יחידה,0.00,יחידה,false,,17.90,0.0000,true,1,197390
7290111345777,false,תחבושות כותנה נייט +,,,תחבושות כותנה נייט +,יחידה,0.00,יחידה,false,,17.90,0.0000,true,1,197392
7290111345814,false,נייר טואלט נטורל קר,,,נייר טואלט נטורל קר,יח',30.00,יח',false,,32.90,1.0967,true,1,178017
7290111346293,false,מגבות מטבח ניקול לבנ,,,מגבות מטבח ניקול לבנ,מטרים,64.80,מטר,false,,11.80,0.1821,true,1,221824
7290111352973,false,יוגטה קוביות חמוציות,,,יוגטה קוביות חמוציות,גרמים,220.00,100 גרם,false,,6.90,3.1364,true,1,78085
7290111353079,false,סוכריות גומי דובונים,,,סוכריות גומי דובונים,גרמים,180.00,100 גרם,false,,9.90,5.5000,true,1,97745
7290111353550,false,חמאת בוטנים טבעית קל,,,חמאת בוטנים טבעית קל,גרמים,300.00,100 גרם,false,,14.90,4.9667,true,1,236266
7290111563492,false,צבר מרובע  מטבוחה חר,,,צבר מרובע  מטבוחה חר,גרמים,400.00,100 גרם,false,,12.90,3.2250,true,1,20010
7290111564291,false,פריכיות קינואה דקות,,,פריכיות קינואה דקות,גרמים,120.00,100 גרם,false,,10.90,9.0833,true,1,19227
7290111566240,false,שניצל דק צמחוני  בטע,,,שניצל דק צמחוני  בטע,גרמים,564.00,100 גרם,false,,30.90,5.4787,true,1,20022
7290111566271,false,חטיפי תירס טבעול  65,,,חטיפי תירס טבעול  65,גרמים,657.00,100 גרם,false,,30.90,4.7032,true,1,20023
7290111566318,false,שניצל דק צמחוני   בט,,,שניצל דק צמחוני   בט,גרמים,564.00,100 גרם,false,,30.90,5.4787,true,1,20025
7290111566332,false,נקניקיה וינר  680 גר,,,נקניקיה וינר  680 גר,גרמים,680.00,100 גרם,false,,30.90,4.5441,true,1,20026
7290111566714,false,המבורגר  מן הצומח  6,,,המבורגר  מן הצומח  6,גרמים,600.00,100 גרם,false,,30.90,5.1500,true,1,20034
7290111568206,false,ביסלי פארטי מיקס ברב,,,ביסלי פארטי מיקס ברב,גרמים,150.00,100 גרם,false,,6.90,4.6000,true,1,19273
7290111568466,false,אסם רוטב אסיאתי למוק,,,אסם רוטב אסיאתי למוק,מיליליטרים,290.00,"100 מ""ל",false,,12.90,4.4483,true,1,19282
7290111930805,false,קראנצו'ס ברביקיו 55,,,קראנצו'ס ברביקיו 55,גרמים,55.00,100 גרם,false,,3.90,7.0909,true,1,21791
7290111930850,false,קראנצו'ס פיצה 55 גרם,,,קראנצו'ס פיצה 55 גרם,גרמים,55.00,100 גרם,false,,3.90,7.0909,true,1,21796
7290111930911,false,פוף לבבות קלאסי 40 ג,,,פוף לבבות קלאסי 40 ג,גרמים,40.00,100 גרם,false,,3.90,9.7500,true,1,21802
7290111930928,false,"פוף לבבות גריל 40 ג""",,,"פוף לבבות גריל 40 ג""",גרמים,40.00,100 גרם,false,,3.90,9.7500,true,1,21803
7290111932380,false,מרידול משחות שיניים,,,מרידול משחות שיניים,גרמים,150.00,100 גרם,false,,29.90,19.9333,true,1,21819
7290111933462,false,רוטב צ'ילי מתוק 300,,,רוטב צ'ילי מתוק 300,מיליליטרים,300.00,"100 מ""ל",false,,9.90,3.3000,true,1,21829
7290111935800,false,דאו' דרמה סטיק ויטמי,,,דאו' דרמה סטיק ויטמי,גרמים,45.00,100 גרם,false,,17.90,39.7778,true,1,21840
7290111936296,false,פלמוליב ארומה סנסייש,,,פלמוליב ארומה סנסייש,מיליליטרים,750.00,"100 מ""ל",false,,19.90,2.6533,true,1,21854
7290112000408,false,תרסיס ניקוי וחיטוי ר,,,תרסיס ניקוי וחיטוי ר,מיליליטרים,750.00,"100 מ""ל",false,,11.90,1.5867,true,1,21044
7290112002136,false,קולון ג'ל 4 ליטר רגי,,,קולון ג'ל 4 ליטר רגי,ליטרים,4.00,ליטר,false,,34.90,8.7250,true,1,21082
7290112002150,false,קולון ג'ל 4 ליטר בני,,,קולון ג'ל 4 ליטר בני,ליטרים,4.00,ליטר,false,,34.90,8.7250,true,1,21084
7290112004413,false,מסיר כתמים ספריי כבי,,,מסיר כתמים ספריי כבי,מיליליטרים,750.00,"100 מ""ל",false,,16.90,2.2533,true,1,203577
7290112330352,false,דנונה פרו 20 גר וניל,,,דנונה פרו 20 גר וניל,גרמים,200.00,100 גרם,false,,5.90,2.9500,true,1,24003
7290112330390,false,דנונה פרו 20 גר פירו,,,דנונה פרו 20 גר פירו,גרמים,200.00,100 גרם,false,,5.90,2.9500,true,1,24005
7290112332691,false,פינוקיות עוגיית קרם,,,פינוקיות עוגיית קרם,גרמים,200.00,100 גרם,false,,10.90,5.4500,true,1,23096
7290112332899,false,מאסט בזוקה פופים קלא,,,מאסט בזוקה פופים קלא,גרמים,58.00,100 גרם,false,,9.90,17.0690,true,1,23100
7290112335500,false,פריכיות הטעימות עשיר,,,פריכיות הטעימות עשיר,גרמים,135.00,100 גרם,false,,10.90,8.0741,true,1,23112
7290112336712,false,דנונה פרו 21 0% שומן,,,דנונה פרו 21 0% שומן,גרמים,200.00,100 גרם,false,,5.90,2.9500,true,1,24035
7290112338877,false,גבינת סקי תות 3% 125,,,גבינת סקי תות 3% 125,גרמים,125.00,100 גרם,false,,3.90,3.1200,true,1,24037
7290112339362,false,דנונה לייט אנד פריי,,,דנונה לייט אנד פריי,גרמים,150.00,100 גרם,false,,4.90,3.2667,true,1,24051
7290112339867,false,גמדים סקוויז בודד תו,,,גמדים סקוויז בודד תו,גרמים,100.00,100 גרם,false,,5.90,5.9000,true,1,24064
7290112339874,false,גמדים סקוויז בודד תו,,,גמדים סקוויז בודד תו,גרמים,100.00,100 גרם,false,,5.90,5.9000,true,1,24065
7290112340122,false,פריכיות הטעימות 3 דג,,,פריכיות הטעימות 3 דג,גרמים,135.00,100 גרם,false,,10.90,8.0741,true,1,23138
7290112340245,false,צנצנת מאסט בטעם דובד,,,צנצנת מאסט בטעם דובד,גרמים,66.00,100 גרם,false,,9.90,15.0000,true,1,23139
7290112342102,false,סימפוניה 5% בצל מקור,,,סימפוניה 5% בצל מקור,גרמים,200.00,100 גרם,false,,11.50,5.7500,true,1,24087
7290112342270,false,קפה פלטינום אינטנס 1,,,קפה פלטינום אינטנס 1,גרמים,125.00,100 גרם,false,,18.90,15.1200,true,1,23160
7290112343499,false,ציטוס Puffs בטעם גבי,,,ציטוס Puffs בטעם גבי,גרמים,55.00,100 גרם,false,,3.50,6.3636,true,1,158880
7290112344564,false,EAT GOOD רביולי גבינ,,,EAT GOOD רביולי גבינ,גרמים,400.00,100 גרם,false,,19.90,4.9750,true,1,24099
7290112344724,false,מילקי בטעם שוקולד בל,,,מילקי בטעם שוקולד בל,מיליליטרים,170.00,"100 מ""ל",false,,3.50,2.0588,true,1,24104
7290112344755,false,מילקי עם 26% פחות סו,,,מילקי עם 26% פחות סו,מיליליטרים,135.00,"100 מ""ל",false,,2.90,2.1481,true,1,94920
7290112346360,false,בפלות אחת אחת בציפוי,,,בפלות אחת אחת בציפוי,גרמים,180.00,100 גרם,false,,13.90,7.7222,true,1,23182
7290112346629,false,דנונה קראנצ' עם קורנ,,,דנונה קראנצ' עם קורנ,מיליליטרים,172.00,"100 מ""ל",false,,4.60,2.6744,true,1,68654
7290112347008,false,גמדים ארוחת בוקר תות,,,גמדים ארוחת בוקר תות,גרמים,100.00,100 גרם,false,,5.90,5.9000,true,1,24129
7290112348999,false,פריכיות טעימות תירס,,,פריכיות טעימות תירס,גרמים,135.00,100 גרם,false,,10.90,8.0741,true,1,98758
7290112349316,false,בזוקה ביג פופים בטעם,,,בזוקה ביג פופים בטעם,גרמים,86.00,100 גרם,false,,12.90,15.0000,true,1,59582
7290112349606,false,דניאלה תות בננה 150,,,דניאלה תות בננה 150,מיליליטרים,150.00,"100 מ""ל",false,,4.10,2.7333,true,1,183310
7290112350312,false,עלית קפסולות  15 למכ,,,עלית קפסולות  15 למכ,גרמים,50.00,100 גרם,false,,16.90,33.8000,true,1,84448
7290112353887,false,קפה קר יטבתה בטעם אג,,,קפה קר יטבתה בטעם אג,מיליליטרים,230.00,"100 מ""ל",false,,7.90,3.4348,true,1,76999
7290112354211,false,פיצה מרגריטה שטראוס,,,פיצה מרגריטה שטראוס,גרמים,400.00,100 גרם,false,,26.90,6.7250,true,1,163908
7290112354945,false,תפוצ'יפס wavy 50 גר,,,תפוצ'יפס wavy 50 גר,גרמים,50.00,100 גרם,false,,3.90,7.8000,true,1,273441
7290112355027,false,דנונה פרו 20 גר' בטע,,,דנונה פרו 20 גר' בטע,גרמים,200.00,100 גרם,false,,5.90,2.9500,true,1,94943
7290112355102,false,סקוויז גמדים לדרך סל,,,סקוויז גמדים לדרך סל,גרמים,100.00,100 גרם,false,,5.90,5.9000,true,1,99721
7290112355775,false,סימפוניה עירית 200 ג,,,סימפוניה עירית 200 ג,גרמים,200.00,100 גרם,false,,11.50,5.7500,true,1,236408
7290112356536,false,עלית קקאו 150 גרם +,,,עלית קקאו 150 גרם +,גרמים,150.00,100 גרם,false,,9.90,6.6000,true,1,76836
7290112357045,false,עגבניות איטלקיות מרו,,,עגבניות איטלקיות מרו,גרמים,390.00,100 גרם,false,,6.60,1.6923,true,1,63209
7290112358431,false,דאבל ביסקוויט עם שוק,,,דאבל ביסקוויט עם שוק,גרמים,200.00,100 גרם,false,,12.90,6.4500,true,1,117854
7290112490117,false,טבלה קליק וופל ואגוז,,,טבלה קליק וופל ואגוז,גרמים,85.00,100 גרם,false,,4.90,5.7647,true,1,10746
7290112490650,false,קונפיטורה 778 תות שד,,,קונפיטורה 778 תות שד,גרמים,340.00,100 גרם,false,,12.40,3.6471,true,1,10760
7290112492449,false,פינוק שמפו לשיער רגי,,,פינוק שמפו לשיער רגי,מיליליטרים,700.00,"100 מ""ל",false,,11.90,1.7000,true,1,56031
7290112492593,false,פינוק תחליב רחצה קלא,,,פינוק תחליב רחצה קלא,מיליליטרים,700.00,"100 מ""ל",false,,9.90,1.4143,true,1,56039
7290112492609,false,פינוק תחליב רחצה לבנ,,,פינוק תחליב רחצה לבנ,מיליליטרים,700.00,"100 מ""ל",false,,9.90,1.4143,true,1,56040
7290112492722,false,פינוק 2 ב 1 ילדים 70,,,פינוק 2 ב 1 ילדים 70,מיליליטרים,700.00,"100 מ""ל",false,,11.80,1.6857,true,1,70736
7290112492746,false,פינוק מרכך ילדים 700,,,פינוק מרכך ילדים 700,מיליליטרים,700.00,"100 מ""ל",false,,11.80,1.6857,true,1,70745
7290112492999,false,מרק טעם עוף קנור 400,,,מרק טעם עוף קנור 400,גרמים,400.00,100 גרם,false,,11.90,2.9750,true,1,10825
7290112494221,false,קליק ביסקוויט 65 גרם,,,קליק ביסקוויט 65 גרם,גרמים,65.00,100 גרם,false,,5.90,9.0769,true,1,10847
7290112494276,false,קליק כריות 65 גרם,,,קליק כריות 65 גרם,גרמים,65.00,100 גרם,false,,5.90,9.0769,true,1,10850
7290112494283,false,קליק מעורב חום לבן 6,,,קליק מעורב חום לבן 6,גרמים,65.00,100 גרם,false,,5.90,9.0769,true,1,10851
7290112494313,false,קליק קורנפלקס 65 גרם,,,קליק קורנפלקס 65 גרם,גרמים,65.00,100 גרם,false,,5.90,9.0769,true,1,10853
7290112494344,false,קורנפלקס של אלופים ת,,,קורנפלקס של אלופים ת,גרמים,850.00,100 גרם,false,,16.90,1.9882,true,1,54998
7290112494351,false,קורנפלקס של אלופים ת,,,קורנפלקס של אלופים ת,גרמים,850.00,100 גרם,false,,16.90,1.9882,true,1,54999
7290112494801,false,ג'ל לכביסה לבנה וצבע,,,ג'ל לכביסה לבנה וצבע,ליטרים,2.50,ליטר,false,,30.90,12.3600,true,1,10864
7290112495006,false,"כריות נוגט תלמה בד""ץ",,,"כריות נוגט תלמה בד""ץ",גרמים,686.00,100 גרם,false,,24.90,3.6297,true,1,10868
7290112495044,false,קוקומן פצפוצים תלמה,,,קוקומן פצפוצים תלמה,גרמים,375.00,100 גרם,false,,19.90,5.3067,true,1,10872
7290112495105,false,נשנושים שמנת בצל 260,,,נשנושים שמנת בצל 260,גרמים,260.00,100 גרם,false,,11.90,4.5769,true,1,10873
7290112495143,false,נשנושים קוקטייל מלוח,,,נשנושים קוקטייל מלוח,גרמים,300.00,100 גרם,false,,12.90,4.3000,true,1,10876
7290112495228,false,קורנפלקס דבש תלמה תל,,,קורנפלקס דבש תלמה תל,גרמים,448.00,100 גרם,false,,17.90,3.9955,true,1,10880
7290112495662,false,קרקר חיטה מלאה עם פש,,,קרקר חיטה מלאה עם פש,גרמים,300.00,100 גרם,false,,9.90,3.3000,true,1,66594
7290112495754,false,רוטב אלף האיים הלמנס,,,רוטב אלף האיים הלמנס,גרמים,305.00,100 גרם,false,,10.50,3.4426,true,1,52495
7290112495785,false,רוטב שום הלמנס 300 ג,,,רוטב שום הלמנס 300 ג,גרמים,300.00,100 גרם,false,,10.50,3.5000,true,1,52497
7290112495815,false,הלמנס רוטב לסלט חרדל,,,הלמנס רוטב לסלט חרדל,מיליליטרים,305.00,"100 מ""ל",false,,9.90,3.2459,true,1,53875
7290112497000,false,סיף פנטסטיק ניקוי כל,,,סיף פנטסטיק ניקוי כל,יחידה,0.00,יחידה,false,,12.90,0.0000,true,1,59552
7290112497864,false,מרק בטעם עוף רכיבים,,,מרק בטעם עוף רכיבים,גרמים,400.00,100 גרם,false,,19.90,4.9750,true,1,157359
7290112498281,false,אל סבון לידיים בתוספ,,,אל סבון לידיים בתוספ,מיליליטרים,950.00,"100 מ""ל",false,,11.90,1.2526,true,1,133007
7290112961266,false,בייגלה כפיות בסגנון,,,בייגלה כפיות בסגנון,גרמים,300.00,100 גרם,false,,10.90,3.6333,true,1,19304
7290112961440,false,פיטנס בר פריכיות שוק,,,פיטנס בר פריכיות שוק,גרמים,84.00,100 גרם,false,,12.90,15.3571,true,1,61370
7290112961754,false,אסם עוגיות שוקוצ'יפס,,,אסם עוגיות שוקוצ'יפס,גרמים,220.00,100 גרם,false,,9.90,4.5000,true,1,19319
7290112962737,false,טבעול שניצל מן הצומח,,,טבעול שניצל מן הצומח,גרמים,664.00,100 גרם,false,,30.90,4.6536,true,1,20063
7290112963918,false,פיטנס חטיפי קרקר דק,,,פיטנס חטיפי קרקר דק,גרמים,140.00,100 גרם,false,,11.90,8.5000,true,1,19336
7290112964410,false,אסם רוטב אלף האיים ל,,,אסם רוטב אלף האיים ל,מיליליטרים,290.00,"100 מ""ל",false,,9.90,3.4138,true,1,19349
7290112964472,false,אסם רוטב שום לסלט 29,,,אסם רוטב שום לסלט 29,מיליליטרים,295.00,"100 מ""ל",false,,9.90,3.3559,true,1,19352
7290112964625,false,אסם רוטב שום לייט לס,,,אסם רוטב שום לייט לס,מיליליטרים,295.00,"100 מ""ל",false,,9.90,3.3559,true,1,19358
7290112965264,false,זוג מרק נמס אפונה בד,,,זוג מרק נמס אפונה בד,גרמים,30.00,100 גרם,false,,5.90,19.6667,true,1,19370
7290112965660,false,פיטנס חטיף מולטיגריי,,,פיטנס חטיף מולטיגריי,גרמים,25.00,100 גרם,false,,4.90,19.6000,true,1,94822
7290112965684,false,פיטנס חטיף מולטיגריי,,,פיטנס חטיף מולטיגריי,גרמים,25.00,100 גרם,false,,4.90,19.6000,true,1,94823
7290112965707,false,פיטנס חטיף מולטיגריי,,,פיטנס חטיף מולטיגריי,גרמים,25.00,100 גרם,false,,4.90,19.6000,true,1,94824
7290112966445,false,במבה מתוקה אריזה גדו,,,במבה מתוקה אריזה גדו,גרמים,100.00,100 גרם,false,,7.90,7.9000,true,1,19395
7290112967220,false,ביסלי ברביקיו מארז 1,,,ביסלי ברביקיו מארז 1,גרמים,200.00,100 גרם,false,,13.90,6.9500,true,1,66659
7290112967244,false,ביסלי גריל מארז 10*,,,ביסלי גריל מארז 10*,גרמים,200.00,100 גרם,false,,13.90,6.9500,true,1,19405
7290112968821,false,פיטנס קרקר דק בטטה 1,,,פיטנס קרקר דק בטטה 1,גרמים,140.00,100 גרם,false,,11.90,8.5000,true,1,100220
7290113101364,false,סכין ירקות דגם יסמין,,,סכין ירקות דגם יסמין,יחידה,0.00,יחידה,false,,49.90,0.0000,true,1,50136
7290113190375,false,סילאן סירופ תמרים טב,,,סילאן סירופ תמרים טב,גרמים,900.00,100 גרם,false,,17.90,1.9889,true,1,149790
7290113192331,false,זיתים ירוק גדול בית,,,זיתים ירוק גדול בית,גרמים,340.00,100 גרם,false,,8.90,2.6176,true,1,19431
7290113192355,false,זיתים חרוזית ירוק בי,,,זיתים חרוזית ירוק בי,גרמים,275.00,100 גרם,false,,9.90,3.6000,true,1,19433
7290113192362,false,טבעות זיתים ירוקים ב,,,טבעות זיתים ירוקים ב,גרמים,280.00,100 גרם,false,,10.90,3.8929,true,1,19434
7290113192393,false,קוקטייל זיתים בית הש,,,קוקטייל זיתים בית הש,גרמים,336.00,100 גרם,false,,10.90,3.2440,true,1,19437
7290113192478,false,מלפפון במלח 10-12 בי,,,מלפפון במלח 10-12 בי,גרמים,320.00,100 גרם,false,,7.90,2.4688,true,1,19445
7290113192485,false,מלפפון בחומץ 12-10 ב,,,מלפפון בחומץ 12-10 ב,גרמים,290.00,100 גרם,false,,7.90,2.7241,true,1,19446
7290113192492,false,מלפפון בחומץ 13-17 ב,,,מלפפון בחומץ 13-17 ב,גרמים,290.00,100 גרם,false,,9.90,3.4138,true,1,19447
7290113192508,false,מלפפון במלח 13-17 בי,,,מלפפון במלח 13-17 בי,גרמים,320.00,100 גרם,false,,9.90,3.0938,true,1,19448
7290113192522,false,מלפפון בחומץ 18-25 ב,,,מלפפון בחומץ 18-25 ב,גרמים,290.00,100 גרם,false,,10.90,3.7586,true,1,19450
7290113192539,false,מלפפון במלח 7-9 בית,,,מלפפון במלח 7-9 בית,גרמים,560.00,100 גרם,false,,6.90,1.2321,true,1,19451
7290113192546,false,מלפפון בחומץ 7-9 בית,,,מלפפון בחומץ 7-9 בית,גרמים,560.00,100 גרם,false,,6.90,1.2321,true,1,19452
7290113192553,false,מלפפון במלח בלדי 13-,,,מלפפון במלח בלדי 13-,גרמים,320.00,100 גרם,false,,10.90,3.4063,true,1,19453
7290113192560,false,פלפל שיפקה בית השיטה,,,פלפל שיפקה בית השיטה,גרמים,230.00,100 גרם,false,,6.90,3.0000,true,1,19454
7290113192577,false,כרוב כבוש בית השיטה,,,כרוב כבוש בית השיטה,יחידה,430.00,יחידה,false,,7.90,0.0184,true,1,19455
7290113192997,false,זית מרוקאי בית השיטה,,,זית מרוקאי בית השיטה,גרמים,340.00,100 גרם,false,,12.90,3.7941,true,1,90063
7290113193000,false,פלפל שיפקונית בית הש,,,פלפל שיפקונית בית הש,גרמים,230.00,100 גרם,false,,11.90,5.1739,true,1,90064
7290113193017,false,בית השיטה קוקטייל זי,,,בית השיטה קוקטייל זי,גרמים,275.00,100 גרם,false,,12.90,4.6909,true,1,90042
7290113196414,false,אורז בסמטי שקדיה 1 ק,,,אורז בסמטי שקדיה 1 ק,קילוגרמים,1.00,"ק""ג",false,,9.90,9.9000,true,1,149659
7290113198616,false,ברנפלקס דגנים מחיטה,,,ברנפלקס דגנים מחיטה,גרמים,500.00,100 גרם,false,,14.90,2.9800,true,1,231152
7290113199705,false,מוזלי פירות יבשים 50,,,מוזלי פירות יבשים 50,גרמים,500.00,100 גרם,false,,12.90,2.5800,true,1,238095
7290113287204,false,כפפות TPE  שחורות 10,,,כפפות TPE  שחורות 10,יחידה,0.00,יחידה,false,,14.90,0.0000,true,1,125840
7290113289109,false,קערות אלגנט קרם 25 י,,,קערות אלגנט קרם 25 י,יחידה,0.00,יחידה,false,,5.90,0.0000,true,1,155155
7290113289123,false,קערות אלגנט כסף 25 י,,,קערות אלגנט כסף 25 י,יחידה,0.00,יחידה,false,,5.90,0.0000,true,1,155157
7290113289130,false,לפתניות אלגנט קרם 25,,,לפתניות אלגנט קרם 25,יחידה,0.00,יחידה,false,,5.90,0.0000,true,1,155168
7290113289543,false,כוסות שקופות 150 יחי,,,כוסות שקופות 150 יחי,יחידה,0.00,יחידה,false,,14.90,0.0000,true,1,198250
7290113289550,false,צלחות מתכלות גדולות,,,צלחות מתכלות גדולות,יחידה,0.00,יחידה,false,,29.90,0.0000,true,1,173806
7290113289567,false,צלחות מתכלות קטנות ק,,,צלחות מתכלות קטנות ק,יחידה,0.00,יחידה,false,,19.90,0.0000,true,1,173807
7290114310215,false,שמנת מתוקה 38% בקבוק,,,שמנת מתוקה 38% בקבוק,מיליליטרים,250.00,"100 מ""ל",false,,6.47,2.5880,true,1,63709
7290114310222,false,חלב מועשר בסידן 1.5,,,חלב מועשר בסידן 1.5,ליטרים,1.50,ליטר,false,,10.90,7.2667,true,1,71756
7290114310239,false,חלב נטול לקטוז  1.5,,,חלב נטול לקטוז  1.5,ליטרים,1.50,ליטר,false,,10.90,7.2667,true,1,71737
7290114310338,false,צפתית מעודנת 5% משק,,,צפתית מעודנת 5% משק,גרמים,225.00,100 גרם,false,,16.90,7.5111,true,1,96697
7290114310536,false,מולר אקטיב לייט יוגו,,,מולר אקטיב לייט יוגו,גרמים,25.00,100 גרם,false,,5.90,23.6000,true,1,116311
7290114310611,false,משקה חלב בננה בבקבוק,,,משקה חלב בננה בבקבוק,מיליליטרים,250.00,"100 מ""ל",false,,5.50,2.2000,true,1,130710
7290114310628,false,משקה חלב וניל עוגיות,,,משקה חלב וניל עוגיות,ליטרים,1.00,ליטר,false,,11.90,11.9000,true,1,120788
7290114310895,false,מאגדת שמינייה סימפלי,,,מאגדת שמינייה סימפלי,קילוגרמים,1.20,"ק""ג",false,,30.90,25.7500,true,1,157092
7290114310901,false,גבינה לבנה טרה 5% וו,,,גבינה לבנה טרה 5% וו,גרמים,250.00,100 גרם,false,,4.98,1.9920,true,1,142288
7290114310918,false,קוטג טרה 5% ווסטהיים,,,קוטג טרה 5% ווסטהיים,גרמים,250.00,100 גרם,false,,5.40,2.1600,true,1,142276
7290114311014,false,משקה חלב אייס קפוצ'י,,,משקה חלב אייס קפוצ'י,מיליליטרים,250.00,"100 מ""ל",false,,5.50,2.2000,true,1,217252
7290114311021,false,משקה חלב וניל עוגיות,,,משקה חלב וניל עוגיות,מיליליטרים,250.00,"100 מ""ל",false,,5.50,2.2000,true,1,217264
7290114311069,false,יוגורט בטעם טבעי 25,,,יוגורט בטעם טבעי 25,גרמים,200.00,100 גרם,false,,5.90,2.9500,true,1,201210
7290114311298,false,מולר פרופ תות בננה מ,,,מולר פרופ תות בננה מ,גרמים,150.00,100 גרם,false,,4.90,3.2667,true,1,237968
7290114311304,false,מולר פרופ מנגו פסיפל,,,מולר פרופ מנגו פסיפל,גרמים,150.00,100 גרם,false,,4.90,3.2667,true,1,237969
7290114311328,false,חלב נטול לקטוז טרה 1,,,חלב נטול לקטוז טרה 1,ליטרים,1.00,ליטר,false,,7.10,7.1000,true,1,246751
7290114311458,false,קרטון חלב מועשר ויטמ,,,קרטון חלב מועשר ויטמ,ליטרים,1.00,ליטר,false,,8.90,8.9000,true,1,262003
7290114600927,false,עלי טורטיה חיטה מלאה,,,עלי טורטיה חיטה מלאה,גרמים,320.00,100 גרם,false,,9.90,3.0938,true,1,150441
7290114600941,false,מאסטר שף מאסטר שף  מ,,,מאסטר שף מאסטר שף  מ,גרמים,435.00,100 גרם,false,,13.90,3.1954,true,1,74518
7290114603515,false,מאסטר שף רוטב קארי א,,,מאסטר שף רוטב קארי א,גרמים,340.00,100 גרם,false,,13.90,4.0882,true,1,105952
7290114606530,false,מאסטר שף רוטב בטעם מ,,,מאסטר שף רוטב בטעם מ,גרמים,515.00,100 גרם,false,,13.90,2.6990,true,1,117356
7290114606547,false,מאסטר שף מיונז עם כמ,,,מאסטר שף מיונז עם כמ,גרמים,242.00,100 גרם,false,,13.90,5.7438,true,1,117357
7290115190090,false,סיגריות מרלבורו  חפי,,,סיגריות מרלבורו  חפי,יחידה,0.00,יחידה,false,,35.00,0.0000,false,1,87874
7290115200003,false,פתי בר פינוקי וניל 2,,,פתי בר פינוקי וניל 2,גרמים,220.00,100 גרם,false,,10.90,4.9545,true,1,94701
7290115200027,false,פתי בר פינוקי שוקו 2,,,פתי בר פינוקי שוקו 2,גרמים,220.00,100 גרם,false,,10.90,4.9545,true,1,94702
7290115200713,false,מארז במבה קלאסי אסם,,,מארז במבה קלאסי אסם,גרמים,250.00,100 גרם,false,,11.90,4.7600,true,1,96134
7290115201031,false,אסם פתיבר דובי שוקול,,,אסם פתיבר דובי שוקול,גרמים,175.00,100 גרם,false,,10.50,6.0000,true,1,116456
7290115201680,false,ביסלי ברביקיו 70 גרם,,,ביסלי ברביקיו 70 גרם,גרמים,70.00,100 גרם,false,,3.90,5.5714,true,1,99710
7290115202434,false,חומוס עם זעתר צבר 37,,,חומוס עם זעתר צבר 37,גרמים,375.00,100 גרם,false,,11.90,3.1733,true,1,107807
7290115202786,false,מנה חמה פאוצ' נדלסאט,,,מנה חמה פאוצ' נדלסאט,גרמים,70.00,100 גרם,false,,4.90,7.0000,true,1,116392
7290115202816,false,מנה חמה פאוצ' נדלסאט,,,מנה חמה פאוצ' נדלסאט,גרמים,70.00,100 גרם,false,,4.90,7.0000,true,1,116393
7290115202847,false,מנה חמה פאוצ' נדלסאט,,,מנה חמה פאוצ' נדלסאט,גרמים,70.00,100 גרם,false,,4.90,7.0000,true,1,116394
7290115203134,false,פופקו פופקורן במבה 4,,,פופקו פופקורן במבה 4,גרמים,80.00,100 גרם,false,,4.90,6.1250,true,1,129124
7290115203172,false,במבה אסם 80 גרם PRO,,,במבה אסם 80 גרם PRO,גרמים,80.00,100 גרם,false,,4.50,5.6250,true,1,236482
7290115204056,false,אסם קטשופ מופחת סוכר,,,אסם קטשופ מופחת סוכר,גרמים,690.00,100 גרם,false,,10.50,1.5217,true,1,122773
7290115205176,false,פיטנס קרקר THIN כפרי,,,פיטנס קרקר THIN כפרי,גרמים,140.00,100 גרם,false,,11.90,8.5000,true,1,167898
7290115205527,false,פיטנס חטיף מולטגריין,,,פיטנס חטיף מולטגריין,גרמים,25.00,100 גרם,false,,4.90,19.6000,true,1,230255
7290115205541,false,פיטנס חטיף מולטיגריי,,,פיטנס חטיף מולטיגריי,גרמים,25.00,100 גרם,false,,4.90,19.6000,true,1,230256
7290115205978,false,פתי בר אצבעות שוקולד,,,פתי בר אצבעות שוקולד,גרמים,180.00,100 גרם,false,,10.90,6.0556,true,1,203073
7290115207620,false,אסם רוטב בסגנון סויה,,,אסם רוטב בסגנון סויה,מיליליטרים,320.00,"100 מ""ל",false,,12.90,4.0313,true,1,228525
7290115207682,false,אסם רוטב בסגנון סויה,,,אסם רוטב בסגנון סויה,מיליליטרים,330.00,"100 מ""ל",false,,9.90,3.0000,true,1,228491
7290115207989,false,ויטמינצ'יק לימון 1 ל,,,ויטמינצ'יק לימון 1 ל,ליטרים,1.00,ליטר,false,,22.50,22.5000,true,1,192589
7290115208009,false,ויטמינצ'יק ענבים 1 ל,,,ויטמינצ'יק ענבים 1 ל,ליטרים,1.00,ליטר,false,,22.50,22.5000,true,1,192590
7290115208047,false,ויטמינצ'יק פטל 1 ליט,,,ויטמינצ'יק פטל 1 ליט,ליטרים,1.00,ליטר,false,,22.50,22.5000,true,1,192577
7290115208061,false,ויטמינצ'יק תפוח 1 לי,,,ויטמינצ'יק תפוח 1 לי,ליטרים,1.00,ליטר,false,,22.50,22.5000,true,1,192591
7290115208320,false,אפרופו בטעם ביסלי בצ,,,אפרופו בטעם ביסלי בצ,גרמים,50.00,100 גרם,false,,5.00,10.0000,true,1,265083
7290115209198,false,במבה אורירית 80 גרם,,,במבה אורירית 80 גרם,גרמים,80.00,100 גרם,false,,4.50,5.6250,true,1,230269
7290115209358,false,במבה במילוי בראוניז,,,במבה במילוי בראוניז,גרמים,60.00,100 גרם,false,,4.50,7.5000,true,1,264863
7290115209372,false,במבה במילוי בראוניז,,,במבה במילוי בראוניז,גרמים,150.00,100 גרם,false,,10.00,6.6667,true,1,264875
7290115403299,false,עוגיות פרפריות אדל 4,,,עוגיות פרפריות אדל 4,גרמים,450.00,100 גרם,false,,15.90,3.5333,true,1,218944
7290115403312,false,עוגיות מלוחות קריספי,,,עוגיות מלוחות קריספי,גרמים,450.00,100 גרם,false,,15.90,3.5333,true,1,218946
7290115403329,false,עוגיות רשת קינמון מס,,,עוגיות רשת קינמון מס,גרמים,450.00,100 גרם,false,,15.90,3.5333,true,1,218947
7290115403404,false,עוגיות פרפריות שוקו,,,עוגיות פרפריות שוקו,גרמים,450.00,100 גרם,false,,15.90,3.5333,true,1,218954
7290115670684,false,אנרג'י גרנולה שיבולת,,,אנרג'י גרנולה שיבולת,גרמים,400.00,100 גרם,false,,13.90,3.4750,true,1,120986
7290115671346,false,מיני פינוקיות במילוי,,,מיני פינוקיות במילוי,גרמים,180.00,100 גרם,false,,10.90,6.0556,true,1,140629
7290115675986,false,דנונה קראנצ' אגוזים,,,דנונה קראנצ' אגוזים,גרמים,173.00,100 גרם,false,,4.60,2.6590,true,1,100013
7290115676051,false,משקה אקטיביה עם שיבו,,,משקה אקטיביה עם שיבו,גרמים,265.00,100 גרם,false,,4.90,1.8491,true,1,160383
7290115677362,false,נודלס טריאקי שטראוס,,,נודלס טריאקי שטראוס,גרמים,350.00,100 גרם,false,,27.90,7.9714,true,1,163848
7290115678376,false,מעדן הגולן מעדן חלב,,,מעדן הגולן מעדן חלב,גרמים,125.00,100 גרם,false,,2.90,2.3200,true,1,141862
7290115678383,false,מעדן הגולן מעדן חלב,,,מעדן הגולן מעדן חלב,גרמים,125.00,100 גרם,false,,2.90,2.3200,true,1,141873
7290115678635,false,נשנושי גבינה 16% עם,,,נשנושי גבינה 16% עם,גרמים,67.00,100 גרם,false,,10.90,16.2687,true,1,230967
7290115678642,false,נשנושי גבינה עם חטיף,,,נשנושי גבינה עם חטיף,גרמים,67.00,100 גרם,false,,10.90,16.2687,true,1,230968
7290115679915,false,פיצה מבצק עם דלעת שט,,,פיצה מבצק עם דלעת שט,גרמים,320.00,100 גרם,false,,19.90,6.2187,true,1,163943
7290116243986,false,אצבעות שוקולד ממולא,,,אצבעות שוקולד ממולא,גרמים,50.00,100 גרם,false,,4.90,9.8000,true,1,228701
7290116243993,false,אצבעות שוקולד ממולא,,,אצבעות שוקולד ממולא,גרמים,50.00,100 גרם,false,,4.90,9.8000,true,1,228702
7290116530482,false,מארז קורנפלקס של אלו,,,מארז קורנפלקס של אלו,גרמים,150.00,100 גרם,false,,11.90,7.9333,true,1,160250
7290116530871,false,חטיף נשנושים מיקס+בי,,,חטיף נשנושים מיקס+בי,גרמים,240.00,100 גרם,false,,11.90,4.9583,true,1,243840
7290116530895,false,תרסיס ריחני למייבש כ,,,תרסיס ריחני למייבש כ,מיליליטרים,500.00,"100 מ""ל",false,,16.90,3.3800,true,1,142423
7290116531090,false,דג דג חטיף אפוי במלי,,,דג דג חטיף אפוי במלי,גרמים,250.00,100 גרם,false,,10.00,4.0000,true,1,193225
7290116531564,false,מאגדת פריכיות תירס ד,,,מאגדת פריכיות תירס ד,גרמים,150.00,100 גרם,false,,14.90,9.9333,true,1,188249
7290116532011,false,חטיף נוגט קליק  35 ג,,,חטיף נוגט קליק  35 ג,גרמים,35.00,100 גרם,false,,3.90,11.1429,true,1,199147
7290116532387,false,אל סבון לידיים בתוספ,,,אל סבון לידיים בתוספ,מיליליטרים,950.00,"100 מ""ל",false,,11.90,1.2526,true,1,203737
7290116532882,false,נשנושים איירביס חטיף,,,נשנושים איירביס חטיף,גרמים,155.00,100 גרם,false,,11.90,7.6774,true,1,271096
7290116532899,false,נשנושים איירביס חטיף,,,נשנושים איירביס חטיף,גרמים,155.00,100 גרם,false,,11.90,7.6774,true,1,271097
7290116532905,false,נשנושים איירביס חטיף,,,נשנושים איירביס חטיף,גרמים,155.00,100 גרם,false,,11.90,7.6774,true,1,271098
7290116533032,false,מארז זוג תחליב רחצה,,,מארז זוג תחליב רחצה,ליטרים,1.40,ליטר,false,,19.80,14.1429,true,1,233144
7290116533063,false,שוגי דגני בוקר בטעם,,,שוגי דגני בוקר בטעם,גרמים,400.00,100 גרם,false,,19.90,4.9750,true,1,230616
7290116930282,false,לאבנה 9% שומן עם קרק,,,לאבנה 9% שומן עם קרק,גרמים,150.00,100 גרם,false,,7.90,5.2667,true,1,237266
7290116930480,false,יופלה SHAKE בננה  קי,,,יופלה SHAKE בננה  קי,מיליליטרים,230.00,"100 מ""ל",false,,7.90,3.4348,true,1,237313
7290116930626,false,ציזיקי עם קרקרים תנו,,,ציזיקי עם קרקרים תנו,גרמים,150.00,100 גרם,false,,7.90,5.2667,true,1,237267
7290117260449,false,גבינה בולגרית מעודנת,,,גבינה בולגרית מעודנת,גרמים,200.00,100 גרם,false,,11.90,5.9500,true,1,238735
7290117260456,false,גבינה בולגרית מעודנת,,,גבינה בולגרית מעודנת,גרמים,200.00,100 גרם,false,,11.90,5.9500,true,1,238746
7290117260470,false,גבינה בולגרית מעודנת,,,גבינה בולגרית מעודנת,גרמים,200.00,100 גרם,false,,11.90,5.9500,true,1,238747
7290117260920,false,קרקרים ללא גלוטן ויל,,,קרקרים ללא גלוטן ויל,גרמים,125.00,100 גרם,false,,9.90,7.9200,true,1,203542
7290117261088,false,בוראטה גבינת מוצרלה,,,בוראטה גבינת מוצרלה,גרמים,125.00,100 גרם,false,,19.90,15.9200,true,1,266372
7290117261521,false,סלמון אטלנטי בשמן קנ,,,סלמון אטלנטי בשמן קנ,גרמים,120.00,100 גרם,false,,10.90,9.0833,true,1,261925
7290117261774,false,כדורי גבינת בייבי מו,,,כדורי גבינת בייבי מו,גרמים,150.00,100 גרם,false,,14.90,9.9333,true,1,266407
7290117383711,false,פלמוליב חלב ודבש 750,,,פלמוליב חלב ודבש 750,ליטרים,1500.00,100 ליטר,false,,30.00,2.0000,true,1,269689
7290117860045,false,שמפו מטפח לשיער רגיל,,,שמפו מטפח לשיער רגיל,מיליליטרים,700.00,"100 מ""ל",false,,14.90,2.1286,true,1,268458
7290117860144,false,שמפו נגד קשקשים הווא,,,שמפו נגד קשקשים הווא,מיליליטרים,700.00,"100 מ""ל",false,,14.90,2.1286,true,1,268460
7290117860199,false,שמפו לשיער יבש הוואי,,,שמפו לשיער יבש הוואי,מיליליטרים,700.00,"100 מ""ל",false,,14.90,2.1286,true,1,268461
7290117860243,false,מרכך לשיער יבש הוואי,,,מרכך לשיער יבש הוואי,מיליליטרים,700.00,"100 מ""ל",false,,14.90,2.1286,true,1,268462
7290117860298,false,שמפו קרטין מחזק הווא,,,שמפו קרטין מחזק הווא,מיליליטרים,700.00,"100 מ""ל",false,,14.90,2.1286,true,1,270886
7290117901038,false,אגוז מלך קלוף 190 גר,,,אגוז מלך קלוף 190 גר,גרמים,190.00,100 גרם,false,,15.90,8.3684,true,1,231545
7290118420071,false,במבה ביסלי ברביקיו מ,,,במבה ביסלי ברביקיו מ,גרמים,80.00,100 גרם,false,,4.50,5.6250,true,1,264887
7290118420378,false,פתי בר פינוקים תותים,,,פתי בר פינוקים תותים,גרמים,220.00,100 גרם,false,,10.90,4.9545,true,1,265058
7291008084915,false,תמר מג'הול  500גר,,,תמר מג'הול  500גר,גרמים,500.00,100 גרם,false,,10.00,2.0000,true,1,205201
7296021131394,false,סכין  מולטי משוננת מ,,,סכין  מולטי משוננת מ,יחידה,0.00,יחידה,false,,19.90,0.0000,true,1,28489
7501013122992,false,ג'ומקס משקה קוקוס אנ,,,ג'ומקס משקה קוקוס אנ,ליטרים,1.00,ליטר,false,,10.50,10.5000,true,1,39438
7501064191398,false,קורונה מארז שישיה 6*,,,קורונה מארז שישיה 6*,ליטרים,2.13,ליטר,false,,38.90,18.2629,true,1,29649
7509546063515,false,ליידי ספיד סטיק פרו,,,ליידי ספיד סטיק פרו,מיליליטרים,150.00,"100 מ""ל",false,,19.90,13.2667,true,1,262798
7613030979647,false,דגני בוקר טריקס 480,,,דגני בוקר טריקס 480,גרמים,480.00,100 גרם,false,,24.90,5.1875,true,1,19458
7613033548192,false,דגני בוקר פיטנס שוקו,,,דגני בוקר פיטנס שוקו,גרמים,375.00,100 גרם,false,,19.90,5.3067,true,1,19481
7613035635845,false,פיטנס גרנולה שוקולד,,,פיטנס גרנולה שוקולד,גרמים,300.00,100 גרם,false,,14.90,4.9667,true,1,19510
7613035809109,false,פרפקטו רוטב עגבניות,,,פרפקטו רוטב עגבניות,גרמים,400.00,100 גרם,false,,9.90,2.4750,true,1,19514
7613035809857,false,פרפקטו רוטב עגבניות,,,פרפקטו רוטב עגבניות,גרמים,400.00,100 גרם,false,,9.90,2.4750,true,1,19516
7613036520492,false,פרפקטו רוטב עגבניות,,,פרפקטו רוטב עגבניות,גרמים,400.00,100 גרם,false,,9.90,2.4750,true,1,19538
7613036710879,false,קיט קט צ'אנקי מיני 1,,,קיט קט צ'אנקי מיני 1,גרמים,194.00,100 גרם,false,,10.00,5.1546,true,1,42095
7613037204797,false,סטארבקס פולי קפה בלו,,,סטארבקס פולי קפה בלו,גרמים,450.00,100 גרם,false,,49.90,11.0889,true,1,124263
7613037204889,false,סטארבקס פולי קפה אספ,,,סטארבקס פולי קפה אספ,גרמים,450.00,100 גרם,false,,49.90,11.0889,true,1,124244
7613037686906,false,פיטנס שקדים ודבש נסט,,,פיטנס שקדים ודבש נסט,גרמים,355.00,100 גרם,false,,19.90,5.6056,true,1,19560
7613037811629,false,קורנפלקס גו פרי 500,,,קורנפלקס גו פרי 500,גרמים,500.00,100 גרם,false,,10.90,2.1800,true,1,52416
7613038268262,false,האני נאט ציריוס מופח,,,האני נאט ציריוס מופח,גרמים,410.00,100 גרם,false,,19.90,4.8537,true,1,19562
7613038451954,false,קראנץ שוקולד מופחת ס,,,קראנץ שוקולד מופחת ס,גרמים,410.00,100 גרם,false,,19.90,4.8537,true,1,19563
7613287008497,false,סטארבקס פולי קפה פיי,,,סטארבקס פולי קפה פיי,גרמים,450.00,100 גרם,false,,49.90,11.0889,true,1,124264
7613287121783,false,סמרטיס מיני 187 גרם,,,סמרטיס מיני 187 גרם,גרמים,187.00,100 גרם,false,,10.00,5.3476,true,1,234200
7613287182326,false,פאוץ בננה תפוח ויטמי,,,פאוץ בננה תפוח ויטמי,גרמים,110.00,100 גרם,false,,4.90,4.4545,true,1,147043
7622010001858,false,עוגיות אוראו  סנדביץ,,,עוגיות אוראו  סנדביץ,גרמים,176.00,100 גרם,false,,8.90,5.0568,true,1,5130
7622201139278,false,פילדלפיה גבינת שמנת,,,פילדלפיה גבינת שמנת,גרמים,150.00,100 גרם,false,,11.90,7.9333,true,1,17219
7622201502515,false,קוקי לופ מילקה 132 ג,,,קוקי לופ מילקה 132 ג,גרמים,110.00,100 גרם,false,,12.90,11.7273,true,1,168124
7622201521493,false,גבינת שמנת עם שום וע,,,גבינת שמנת עם שום וע,גרמים,150.00,100 גרם,false,,11.90,7.9333,true,1,239174
7622201801809,false,מילקה שוקוד חלב עם א,,,מילקה שוקוד חלב עם א,גרמים,100.00,100 גרם,false,,6.90,6.9000,true,1,141652
7622201813390,false,מילקה וואפל במילוי ק,,,מילקה וואפל במילוי ק,גרמים,150.00,100 גרם,false,,10.90,7.2667,true,1,131454
7622210453327,false,מילקה סנסיישן 156 גר,,,מילקה סנסיישן 156 גר,גרמים,156.00,100 גרם,false,,10.90,6.9872,true,1,5138
7622300270506,false,מילקה גריינס עוגיות,,,מילקה גריינס עוגיות,גרמים,168.00,100 גרם,false,,10.90,6.4881,true,1,5158
7622300489427,false,אוראו פאג שוקולד לבן,,,אוראו פאג שוקולד לבן,גרמים,246.00,100 גרם,false,,15.90,6.4634,true,1,5163
7622300489434,false,אוראו פאג שוקולד חלב,,,אוראו פאג שוקולד חלב,גרמים,246.00,100 גרם,false,,15.90,6.4634,true,1,5164
7622300503079,false,מילקה מוו - ביסקוויט,,,מילקה מוו - ביסקוויט,גרמים,200.00,100 גרם,false,,10.90,5.4500,true,1,5167
7622300617820,false,מילקה שוקולד אוראו 1,,,מילקה שוקולד אוראו 1,גרמים,100.00,100 גרם,false,,6.90,6.9000,true,1,5168
7630477891615,false,סטארבקס קפסולות סומט,,,סטארבקס קפסולות סומט,גרמים,55.00,100 גרם,false,,21.90,39.8182,true,1,85597
7630477891738,false,סטארבקס קפסולות אספר,,,סטארבקס קפסולות אספר,גרמים,53.00,100 גרם,false,,21.90,41.3208,true,1,85587
7702024074625,false,פיטנס חטיפי קרקר חיט,,,פיטנס חטיפי קרקר חיט,גרמים,234.00,100 גרם,false,,11.90,5.0855,true,1,19567
7792860006218,false,בייבי דול לקקן 20גר,,,בייבי דול לקקן 20גר,גרמים,24.00,100 גרם,false,,2.50,10.4167,true,1,13850
7800601801012,false,פלסטרים 100 יח' - לי,,,פלסטרים 100 יח' - לי,יחידה,0.00,יחידה,false,,7.90,0.0000,true,1,84688
7800601801029,false,פלסטרים 100 יח' - לי,,,פלסטרים 100 יח' - לי,יחידה,0.00,יחידה,false,,7.90,0.0000,true,1,84689
7800601801098,false,נר הבדלה דקורטיבי פמ,,,נר הבדלה דקורטיבי פמ,יחידה,0.00,יחידה,false,,16.90,0.0000,true,1,13339
7891024030974,false,משחת טריפל אקשן קולג,,,משחת טריפל אקשן קולג,מיליליטרים,75.00,"100 מ""ל",false,,5.90,7.8667,true,1,21882
8000380003723,false,גרנד פטיסרי ופל אגוז,,,גרנד פטיסרי ופל אגוז,גרמים,100.00,100 גרם,false,,11.90,11.9000,true,1,12845
8000380004676,false,לואקר וופל קרם וניל,,,לואקר וופל קרם וניל,גרמים,200.00,100 גרם,false,,12.90,6.4500,true,1,12851
8000380004911,false,וופל קואדרטיני אגוז,,,וופל קואדרטיני אגוז,גרמים,250.00,100 גרם,false,,13.90,5.5600,true,1,12853
8000380004966,false,וופל קואדרטיני קקאו,,,וופל קואדרטיני קקאו,גרמים,250.00,100 גרם,false,,13.90,5.5600,true,1,12856
8000380007257,false,.וופל מצופה שוקולד ג,,,.וופל מצופה שוקולד ג,גרמים,200.00,100 גרם,false,,13.90,6.9500,true,1,12864
8000380142484,false,וופל קואדרטיני שוקול,,,וופל קואדרטיני שוקול,גרמים,250.00,100 גרם,false,,13.90,5.5600,true,1,12869
8000380180745,false,וופל קואדרטיני לואקר,,,וופל קואדרטיני לואקר,גרמים,250.00,100 גרם,false,,13.90,5.5600,true,1,12895
8000380187300,false,עוגיות לואקר פתיתי ש,,,עוגיות לואקר פתיתי ש,גרמים,120.00,100 גרם,false,,13.90,11.5833,true,1,88883
8000380192243,false,וופל לואקר מקסי אגוז,,,וופל לואקר מקסי אגוז,גרמים,200.00,100 גרם,false,,12.90,6.4500,true,1,12904
8000500023624,false,הפי היפו 5*20ג,,,הפי היפו 5*20ג,גרמים,102.00,100 גרם,false,,12.90,12.6471,true,1,41486
8000500023976,false,בונבוניירת רפאלו 150,,,בונבוניירת רפאלו 150,גרמים,150.00,100 גרם,false,,14.90,9.9333,true,1,41487
8000500121436,false,קינדר בואנו לבן 3*43,,,קינדר בואנו לבן 3*43,גרמים,117.00,100 גרם,false,,9.90,8.4615,true,1,41498
8000500126325,false,קינדר גוי 1/3 ורוד 3,,,קינדר גוי 1/3 ורוד 3,גרמים,60.00,100 גרם,false,,14.90,24.8333,true,1,41499
8000500227848,false,'וופל מלוח במילוי ממ,,,'וופל מלוח במילוי ממ,גרמים,132.00,100 גרם,false,,11.90,9.0152,true,1,41513
8000500267103,false,פררו-קינדר דליס עשיר,,,פררו-קינדר דליס עשיר,יחידה,0.00,יחידה,false,,19.90,0.0000,true,1,41527
8000798000307,false,מברשת מגהץ איכותית (,,,מברשת מגהץ איכותית (,יחידה,0.00,יחידה,false,,5.90,0.0000,true,1,13601
8000798000925,false,מטאטא יהלום,,,מטאטא יהלום,יחידה,0.00,יחידה,false,,12.90,0.0000,true,1,13606
8001090222725,false,שמפו שמן מורינגה הרב,,,שמפו שמן מורינגה הרב,מיליליטרים,400.00,"100 מ""ל",false,,14.90,3.7250,true,1,27416
8001090336521,false,פמפרס בייבי דריי מיד,,,פמפרס בייבי דריי מיד,יחידה,0.00,יחידה,false,,31.90,0.0000,true,1,27425
8001090336606,false,פמפרס בייבי דריי מיד,,,פמפרס בייבי דריי מיד,יחידה,0.00,יחידה,false,,31.90,0.0000,true,1,27426
8001090364203,false,אורל בי משחה G&E - ל,,,אורל בי משחה G&E - ל,מיליליטרים,75.00,"100 מ""ל",false,,15.90,21.2000,true,1,140153
8001090379368,false,חיתולי פמפרס פרימיום,,,חיתולי פמפרס פרימיום,יחידה,0.00,יחידה,false,,31.90,0.0000,true,1,27436
8001090379399,false,חיתולי פמפרס פרימיום,,,חיתולי פמפרס פרימיום,יחידה,0.00,יחידה,false,,31.90,0.0000,true,1,27437
8001090458322,false,פיירי ורדים ומשי 101,,,פיירי ורדים ומשי 101,ליטרים,1.01,ליטר,false,,13.90,13.7624,true,1,27438
8001090745903,false,אבקת כביסה טייד אלפי,,,אבקת כביסה טייד אלפי,קילוגרמים,4.00,"ק""ג",false,,29.90,7.4750,true,1,66148
8001090748607,false,לנור מרכך מרוכז מיסת,,,לנור מרכך מרוכז מיסת,ליטרים,1.00,ליטר,false,,22.90,22.9000,true,1,27469
8001090832573,false,שמפו לחות מוגברת פנט,,,שמפו לחות מוגברת פנט,מיליליטרים,660.00,"100 מ""ל",false,,21.90,3.3182,true,1,62817
8001090832818,false,מרכך נוסחה קלאסית פנ,,,מרכך נוסחה קלאסית פנ,מיליליטרים,660.00,"100 מ""ל",false,,21.90,3.3182,true,1,62818
8001090832894,false,מרכך לחות מוגברת פנט,,,מרכך לחות מוגברת פנט,מיליליטרים,660.00,"100 מ""ל",false,,21.90,3.3182,true,1,62820
8001090899224,false,תחבושות פלטינום לונג,,,תחבושות פלטינום לונג,יחידה,0.00,יחידה,false,,18.50,0.0000,true,1,27501
8001620017456,false,סאן בנדטו פקק ספורט,,,סאן בנדטו פקק ספורט,ליטרים,3.00,ליטר,false,,13.90,4.6333,true,1,9564
8001841006710,false,לנור כדוריות הבושם ב,,,לנור כדוריות הבושם ב,גרמים,210.00,100 גרם,false,,27.90,13.2857,true,1,86401
8001841053806,false,תחבושות עבה לילה אול,,,תחבושות עבה לילה אול,יחידה,0.00,יחידה,false,,12.90,0.0000,true,1,27519
8001841096889,false,פיירי קלאסיק לימון 9,,,פיירי קלאסיק לימון 9,מיליליטרים,900.00,"100 מ""ל",false,,6.90,0.7667,true,1,27520
8001841625188,false,פיירי נוזל כלים פלטי,,,פיירי נוזל כלים פלטי,מיליליטרים,515.00,"100 מ""ל",false,,9.90,1.9223,true,1,65895
8001841625362,false,פיירי נוזל כלים פלטי,,,פיירי נוזל כלים פלטי,מיליליטרים,780.00,"100 מ""ל",false,,12.90,1.6538,true,1,221305
8001841663692,false,פיירי נוזל כלים  לימ,,,פיירי נוזל כלים  לימ,מיליליטרים,900.00,"100 מ""ל",false,,11.90,1.3222,true,1,234782
8001841941929,false,אולוויז וליו פק לילה,,,אולוויז וליו פק לילה,יחידה,0.00,יחידה,false,,18.90,0.0000,true,1,200765
8002267014662,false,צ'וקטה ביצת הפתעה בר,,,צ'וקטה ביצת הפתעה בר,יח',60.00,יח',false,,11.90,0.1983,true,1,42127
8002270436581,false,סאן פלגרינו מים מוגז,,,סאן פלגרינו מים מוגז,ליטרים,3.00,ליטר,false,,29.90,9.9667,true,1,9568
8004800000064,false,גלילי ופל במילוי קרם,,,גלילי ופל במילוי קרם,גרמים,100.00,100 גרם,false,,10.90,10.9000,true,1,262338
8005110170300,false,עגבניות MUTTI מרוסקו,,,עגבניות MUTTI מרוסקו,קילוגרמים,1.20,"ק""ג",false,,16.90,14.0833,true,1,51762
8005200316588,false,נסטי דיאט אפרסק 1.5,,,נסטי דיאט אפרסק 1.5,ליטרים,1.50,ליטר,false,,8.50,5.6667,true,1,167478
8006540091937,false,לנור כדוריות הבושם ב,,,לנור כדוריות הבושם ב,גרמים,210.00,100 גרם,false,,27.90,13.2857,true,1,162075
8006540491539,false,פיירי נוזל כלים פלטי,,,פיירי נוזל כלים פלטי,מיליליטרים,780.00,"100 מ""ל",false,,12.90,1.6538,true,1,221260
8008857310343,false,"פסטה רג'ייה 1 ק""ג",,,"פסטה רג'ייה 1 ק""ג",קילוגרמים,1.00,"ק""ג",false,,10.00,10.0000,true,1,227162
8008912010270,false,פסטה קסרצ'ה מספר 27,,,פסטה קסרצ'ה מספר 27,גרמים,500.00,100 גרם,false,,7.90,1.5800,true,1,230074
8008912010317,false,פסטה פוזלי מספר 31 -,,,פסטה פוזלי מספר 31 -,גרמים,500.00,100 גרם,false,,7.90,1.5800,true,1,230076
8076800105056,false,פסטה ספגטי בקופסה בר,,,פסטה ספגטי בקופסה בר,קילוגרמים,1.00,"ק""ג",false,,12.90,12.9000,true,1,243804
8076800195033,false,ספגטי מס' 3 ברילה 50,,,ספגטי מס' 3 ברילה 50,גרמים,500.00,100 גרם,false,,6.90,1.3800,true,1,21910
8076800195057,false,ספגטיני מס' 5 ברילה,,,ספגטיני מס' 5 ברילה,גרמים,500.00,100 גרם,false,,6.90,1.3800,true,1,21911
8076800315097,false,ספגטי בוקטיני מס' 9,,,ספגטי בוקטיני מס' 9,גרמים,500.00,100 גרם,false,,6.90,1.3800,true,1,21913
8076802085738,false,פנה רגטה מס' 73 בריל,,,פנה רגטה מס' 73 בריל,גרמים,500.00,100 גרם,false,,6.90,1.3800,true,1,21916
8076802085981,false,פסטה פוזילי 98 ברילה,,,פסטה פוזילי 98 ברילה,גרמים,500.00,100 גרם,false,,6.90,1.3800,true,1,21919
8076808060654,false,פסטה פרפלה 65 ברילה,,,פסטה פרפלה 65 ברילה,גרמים,500.00,100 גרם,false,,6.90,1.3800,true,1,21921
8076808070882,false,קנלוני ברילה 250 גרם,,,קנלוני ברילה 250 גרם,גרמים,250.00,100 גרם,false,,14.90,5.9600,true,1,21922
8076809513388,false,ברילה רוטב ארביאטה 4,,,ברילה רוטב ארביאטה 4,גרמים,400.00,100 גרם,false,,14.90,3.7250,true,1,21926
8076809513395,false,ברילה רוטב פורמודרו,,,ברילה רוטב פורמודרו,גרמים,400.00,100 גרם,false,,14.90,3.7250,true,1,21927
8076809513739,false,ברילה רוטב בזיליקום,,,ברילה רוטב בזיליקום,גרמים,400.00,100 גרם,false,,14.90,3.7250,true,1,21932
8410076610508,false,חטיף צ'ואי שוקולד מר,,,חטיף צ'ואי שוקולד מר,גרמים,150.00,100 גרם,false,,16.90,11.2667,true,1,12934
8410076621009,false,חטיף פייבר 1 בטעם קר,,,חטיף פייבר 1 בטעם קר,גרמים,120.00,100 גרם,false,,14.90,12.4167,true,1,94870
8410076621047,false,חטיף פייבר 1 בטעם שו,,,חטיף פייבר 1 בטעם שו,גרמים,120.00,100 גרם,false,,14.90,12.4167,true,1,94871
8410104045111,false,"פיניש מלח למדיח 2 ק""",,,"פיניש מלח למדיח 2 ק""",קילוגרמים,2.00,"ק""ג",false,,14.90,7.4500,true,1,21110
8420822130624,false,ספריי סופר מסיר כתמי,,,ספריי סופר מסיר כתמי,מיליליטרים,750.00,"100 מ""ל",false,,18.90,2.5200,true,1,183602
8424842050016,false,חטיף צ'יפס בטעם כמהי,,,חטיף צ'יפס בטעם כמהי,גרמים,130.00,100 גרם,false,,12.90,9.9231,true,1,192320
8435495807605,false,תינוקלין מרכך כביסה,,,תינוקלין מרכך כביסה,ליטרים,1.00,ליטר,false,,17.90,17.9000,true,1,42138
8435495807636,false,תינוקלין ג'ל כביסה 2,,,תינוקלין ג'ל כביסה 2,ליטרים,2.00,ליטר,false,,35.90,17.9500,true,1,42139
8683130025574,false,בדין אקסטרא לבנדר-96,,,בדין אקסטרא לבנדר-96,מיליליטרים,960.00,"100 מ""ל",false,,15.90,1.6563,true,1,220578
8683323063024,false,יוגטה חיספוסים שטיחי,,,יוגטה חיספוסים שטיחי,גרמים,220.00,100 גרם,false,,6.90,3.1364,true,1,42146
8686868600204,false,המותג אביזרי שיער,,,המותג אביזרי שיער,יחידה,0.00,יחידה,false,,9.90,0.0000,true,1,31069
8690637505607,false,מרכך כביסה אקסטרה כח,,,מרכך כביסה אקסטרה כח,מיליליטרים,960.00,"100 מ""ל",false,,15.90,1.6563,true,1,142329
8690637858734,false,סיף ג'ל אקונומיקה לי,,,סיף ג'ל אקונומיקה לי,מיליליטרים,750.00,"100 מ""ל",false,,12.90,1.7200,true,1,10959
8690637858758,false,סיף ג'ל אקונומיקה או,,,סיף ג'ל אקונומיקה או,מיליליטרים,750.00,"100 מ""ל",false,,12.90,1.7200,true,1,10961
8690637946318,false,בדין אקסטרא בייבי  צ,,,בדין אקסטרא בייבי  צ,מיליליטרים,960.00,"100 מ""ל",false,,15.90,1.6563,true,1,53877
8690637971310,false,בדין אקסטרא פריחת הת,,,בדין אקסטרא פריחת הת,מיליליטרים,960.00,"100 מ""ל",false,,15.90,1.6563,true,1,93225
8690637994036,false,בדין אקסטרא מרכך כבי,,,בדין אקסטרא מרכך כבי,ליטרים,1.44,ליטר,false,,19.90,13.8194,true,1,104300
8690766156374,false,גודייבה שוקולד מריר,,,גודייבה שוקולד מריר,גרמים,90.00,100 גרם,false,,14.90,16.5556,true,1,68456
8690777206051,false,חציל קלוי על האש סרה,,,חציל קלוי על האש סרה,גרמים,650.00,100 גרם,false,,10.90,1.6769,true,1,3299
8690777221405,false,פלפל אדום קלוי על הא,,,פלפל אדום קלוי על הא,גרמים,650.00,100 גרם,false,,10.90,1.6769,true,1,3301
8690946270074,false,פסטה ספגטי 500 גרם B,,,פסטה ספגטי 500 גרם B,גרמים,500.00,100 גרם,false,,3.90,0.7800,true,1,268497
8690946270241,false,פסטה קונכיות גדולות,,,פסטה קונכיות גדולות,גרמים,500.00,100 גרם,false,,3.90,0.7800,true,1,268499
8690946272207,false,פסטה פנה 500 גרם BAH,,,פסטה פנה 500 גרם BAH,גרמים,500.00,100 גרם,false,,3.90,0.7800,true,1,268500
8690946272320,false,פסטה מקרוני 500 גרם,,,פסטה מקרוני 500 גרם,גרמים,500.00,100 גרם,false,,3.90,0.7800,true,1,268501
8691058141238,false,AVEL ערמונים שלמים ק,,,AVEL ערמונים שלמים ק,גרמים,100.00,100 גרם,false,,4.90,4.9000,true,1,48966
8693495052177,false,פלמוליב נטורלס תחליב,,,פלמוליב נטורלס תחליב,מיליליטרים,750.00,"100 מ""ל",false,,19.90,2.6533,true,1,21990
8697826469092,false,טורטיה  540 גרם tort,,,טורטיה  540 גרם tort,גרמים,540.00,100 גרם,false,,8.90,1.6481,true,1,4959
8710447284117,false,אקס ג'ל רחצה בלאק 40,,,אקס ג'ל רחצה בלאק 40,מיליליטרים,400.00,"100 מ""ל",false,,11.90,2.9750,true,1,10989
8710502060021,false,מרבה פטיסרי - עוגיות,,,מרבה פטיסרי - עוגיות,גרמים,210.00,100 גרם,false,,10.90,5.1905,true,1,245958
8710502100864,false,מרבה פטיסרי דאבל שוק,,,מרבה פטיסרי דאבל שוק,גרמים,200.00,100 גרם,false,,10.90,5.4500,true,1,245959
8710502260032,false,מרבה עוגיות שוקולד צ,,,מרבה עוגיות שוקולד צ,גרמים,150.00,100 גרם,false,,5.90,3.9333,true,1,22002
8710502279010,false,מרבה עוגיות שוקולד צ,,,מרבה עוגיות שוקולד צ,גרמים,175.00,100 גרם,false,,7.90,4.5143,true,1,105715
8710502470028,false,מרבה עוגיות נוגטלי 1,,,מרבה עוגיות נוגטלי 1,גרמים,160.00,100 גרם,false,,7.90,4.9375,true,1,22006
8710908326691,false,תחליב רחצה אדמונית ד,,,תחליב רחצה אדמונית ד,מיליליטרים,750.00,"100 מ""ל",false,,16.90,2.2533,true,1,11022
8711000371183,false,ג'ייקובס קפסולות קפה,,,ג'ייקובס קפסולות קפה,גרמים,52.00,100 גרם,false,,15.90,30.5769,true,1,5189
8714599410530,false,גייקובס קפה נמס 200ג,,,גייקובס קפה נמס 200ג,גרמים,200.00,100 גרם,false,,19.90,9.9500,true,1,5196
8714599512159,false,קפה ג'ייקובס 190 גרם,,,קפה ג'ייקובס 190 גרם,גרמים,190.00,100 גרם,false,,23.90,12.5789,true,1,51804
8714789177229,false,מב.שיניים אקסטרא קלי,,,מב.שיניים אקסטרא קלי,יחידה,0.00,יחידה,false,,9.90,0.0000,true,1,22012
8714789303925,false,זוג מברשת שיניים 360,,,זוג מברשת שיניים 360,יחידה,0.00,יחידה,false,,24.90,0.0000,true,1,22020
8714789402918,false,חגיגת הפרחים אדום אג,,,חגיגת הפרחים אדום אג,ליטרים,1.50,ליטר,false,,19.90,13.2667,true,1,22021
8714789582764,false,אגקס חלונות 750מל,,,אגקס חלונות 750מל,מיליליטרים,750.00,"100 מ""ל",false,,14.90,1.9867,true,1,22031
8714789930848,false,משחת שיניים אופטיק ו,,,משחת שיניים אופטיק ו,מיליליטרים,75.00,"100 מ""ל",false,,19.90,26.5333,true,1,22049
8715700110141,false,מיונז היינץ אמיתי צנ,,,מיונז היינץ אמיתי צנ,גרמים,460.00,100 גרם,false,,9.90,2.1522,true,1,5408
8715700419732,false,היינץ קטשופ 700 גרם,,,היינץ קטשופ 700 גרם,גרמים,700.00,100 גרם,false,,9.90,1.4143,true,1,5416
8717644390566,false,סבון מוצק תמצית מלפפ,,,סבון מוצק תמצית מלפפ,גרמים,400.00,100 גרם,false,,12.90,3.2250,true,1,11116
8718114734484,false,מיונז מיילי 320 גרם,,,מיונז מיילי 320 גרם,גרמים,320.00,100 גרם,false,,13.90,4.3438,true,1,17252
8718951044913,false,משחת שיניים הלבנה מר,,,משחת שיניים הלבנה מר,מיליליטרים,75.00,"100 מ""ל",false,,21.90,29.2000,true,1,22059
8718951175600,false,קולגייט משחת שיניים,,,קולגייט משחת שיניים,מיליליטרים,75.00,"100 מ""ל",false,,12.90,17.2000,true,1,90992
8718951187122,false,מברשות שיניים אלמקס,,,מברשות שיניים אלמקס,יחידה,0.00,יחידה,false,,22.90,0.0000,true,1,22086
8718951236806,false,מש.שיניים להלבנה קול,,,מש.שיניים להלבנה קול,מיליליטרים,100.00,"100 מ""ל",false,,16.90,16.9000,true,1,22094
8718951264618,false,קולגייט אופטיק וייט,,,קולגייט אופטיק וייט,מיליליטרים,75.00,"100 מ""ל",false,,29.90,39.8667,true,1,59362
8718951315303,false,משחת שיניים קולגייט,,,משחת שיניים קולגייט,מיליליטרים,200.00,"100 מ""ל",false,,19.90,9.9500,true,1,73511
8718951382640,false,סבון רחצה חימר דיטוק,,,סבון רחצה חימר דיטוק,מיליליטרים,750.00,"100 מ""ל",false,,19.90,2.6533,true,1,86536
8718951382718,false,ג'ל רחצה חימר התחדשו,,,ג'ל רחצה חימר התחדשו,מיליליטרים,750.00,"100 מ""ל",false,,19.90,2.6533,true,1,86546
8718951385290,false,אג'קס ניקוי כללי עוצ,,,אג'קס ניקוי כללי עוצ,ליטרים,2.00,ליטר,false,,22.90,11.4500,true,1,108331
8718951431614,false,ג'ל רחצה פלמוליב So,,,ג'ל רחצה פלמוליב So,מיליליטרים,750.00,"100 מ""ל",false,,19.90,2.6533,true,1,158718
8718951470538,false,משחת שיניים קולגייט,,,משחת שיניים קולגייט,מיליליטרים,250.00,"100 מ""ל",false,,29.90,11.9600,true,1,203671
8718951477384,false,משחת שיניים טוטל Pur,,,משחת שיניים טוטל Pur,מיליליטרים,75.00,"100 מ""ל",false,,19.90,26.5333,true,1,193979
8719200998001,false,בלו בנד ללא מלח 200,,,בלו בנד ללא מלח 200,גרמים,200.00,100 גרם,false,,4.90,2.4500,true,1,11123
8719200998018,false,מחמאה מרגרינה בטעם ח,,,מחמאה מרגרינה בטעם ח,גרמים,200.00,100 גרם,false,,4.90,2.4500,true,1,11124
8720182256850,false,סבון מוצק לבן דאב 4*,,,סבון מוצק לבן דאב 4*,גרמים,400.00,100 גרם,false,,12.90,3.2250,true,1,234771
8801055707966,false,נס קפה טייסטרס צ'ויס,,,נס קפה טייסטרס צ'ויס,גרמים,180.00,100 גרם,false,,29.90,16.6111,true,1,19583
8801055708772,false,נס קפה טייסטרס צ'ויס,,,נס קפה טייסטרס צ'ויס,גרמים,250.00,100 גרם,false,,29.90,11.9600,true,1,19585
8850389105825,false,סאפה משקה אלוורה ענב,,,סאפה משקה אלוורה ענב,ליטרים,1.00,ליטר,false,,13.50,13.5000,true,1,39458
8850389105832,false,סאפה משקה אלוורה תפו,,,סאפה משקה אלוורה תפו,ליטרים,1.00,ליטר,false,,13.50,13.5000,true,1,39459
8850389105849,false,סאפה משקה אלוורה אפר,,,סאפה משקה אלוורה אפר,ליטרים,1.00,ליטר,false,,13.50,13.5000,true,1,39460
8888021200256,false,AAאנרג'ייזר סוללות מ,,,AAאנרג'ייזר סוללות מ,יחידה,0.00,יחידה,false,,24.90,0.0000,true,1,6140
8901537024014,false,וילי פוד אורז בסמטי,,,וילי פוד אורז בסמטי,גרמים,1000.00,100 גרם,false,,12.90,1.2900,true,1,3315
8934878081811,false,דפים על בסיס קמח טפי,,,דפים על בסיס קמח טפי,גרמים,400.00,100 גרם,false,,11.90,2.9750,true,1,47636
9000101515596,false,פרסיל פאוור קאפס קפס,,,פרסיל פאוור קאפס קפס,יחידה,0.00,יחידה,false,,58.90,0.0000,true,1,152600
9002859105753,false,ארנבי שוקולד חלב ברש,,,ארנבי שוקולד חלב ברש,גרמים,100.00,100 גרם,false,,9.90,9.9000,true,1,240705
9002975393843,false,סוכריות גומי בטעמי פ,,,סוכריות גומי בטעמי פ,גרמים,70.00,100 גרם,false,,6.90,9.8571,true,1,119994
9002975393850,false,סוכריות גומי בטעמי פ,,,סוכריות גומי בטעמי פ,גרמים,70.00,100 גרם,false,,6.90,9.8571,true,1,119995
9310072028743,false,טים טם אוריגינל 200,,,טים טם אוריגינל 200,גרמים,200.00,100 גרם,false,,19.90,9.9500,true,1,13881
9310072028750,false,טים טם קרם דאבל 200,,,טים טם קרם דאבל 200,גרמים,200.00,100 גרם,false,,19.90,9.9500,true,1,13882
9771565039125,false,לאשה יום ב`,,,לאשה יום ב`,יחידה,0.00,יחידה,false,,19.90,0.0000,true,1,10002
