code,internal_code,name,manufacturer_name,manufacture_country,manufacturer_item_description,unit_qty,quantity,unit_of_measure,weighted,qty_in_package,price,unit_of_measure_price,allow_discount,status,item_id
2,true,"עמלת החזרת צ ק 14ש""ח",שונות /שרות,,,"י""ח",1,,false,1,14,14,false,1,
8,true,משלוח פנסיונר,שונות /שרות,,,"י""ח",1,,false,1,25.90,25.90,false,1,
33,true,"עמלת החזרת צ ק 98 ש""ח",שונות /שרות,,,"י""ח",1,,false,1,98,98,false,1,
39,true,ב 39 תו קניה,שונות /שרות,,,"י""ח",1,,false,1,10,10,false,1,
51,true,ורד הצלע}בשר לא מוכשר{,ב ספק בשר קפוא,,,"ק""ג",1,,true,1,69.90,69.90,false,1,
56,true,פילה מדומה בשר לא מוכשר,ב ספק בשר קפוא,,,"ק""ג",1,,true,1,40.39,40.39,false,1,
151,true,עוף טחון טרי {קצביה]**,ח.י. מעדני גורמה בעמ,,,"ק""ג",1,,true,1,49.90,49.90,true,1,
413,true,מבוטל שפע,לפ מאפיית שפע נעמן,,,"י""ח",80,ל גרם,false,1,2.90,3.63,false,1,
504,true,אנונה,ביכורי השדה צפון 1994 ג.ד. בעמ,,,"ק""ג",1,,true,1,24.90,24.90,false,1,
505,true,אבוקדו,ביכורי השדה צפון 1994 ג.ד. בעמ,,,"ק""ג",1,"ק""ג",true,1,10.90,10.90,false,1,
506,true,אבטיח,ביכורי השדה צפון 1994 ג.ד. בעמ,,,"ק""ג",1,"ק""ג",true,1,5.90,5.90,false,1,
507,true,אפרסק מובחר,ביכורי השדה צפון 1994 ג.ד. בעמ,,,"ק""ג",1,"ק""ג",true,1,6.90,6.90,false,1,
509,true,קסביה,ביכורי השדה צפון 1994 ג.ד. בעמ,,,"ק""ג",1,"ק""ג",true,1,15.90,15.90,false,1,
510,true,אגסים,ביכורי השדה צפון 1994 ג.ד. בעמ,,,"ק""ג",1,"ק""ג",true,1,12.90,12.90,false,1,
512,true,אגס חום,ביכורי השדה צפון 1994 ג.ד. בעמ,,,"ק""ג",1,,true,1,15.90,15.90,false,1,
515,true,אפרסמון,ביכורי השדה צפון 1994 ג.ד. בעמ,,,"ק""ג",1,"ק""ג",true,1,11.90,11.90,false,1,
516,true,קרמבולה,ביכורי השדה צפון 1994 ג.ד. בעמ,,,"ק""ג",1,,true,1,39.90,39.90,false,1,
522,true,אננס.,ביכורי השדה צפון 1994 ג.ד. בעמ,,,"י""ח",1,,false,1,29.90,29.90,false,1,
523,true,אשכולית אדומה,ביכורי השדה צפון 1994 ג.ד. בעמ,,,"ק""ג",1,"ק""ג",true,1,6.90,6.90,false,1,
525,true,אשכולית,ביכורי השדה צפון 1994 ג.ד. בעמ,,,"ק""ג",1,"ק""ג",true,1,4.90,4.90,false,1,
527,true,אגס אדום,ביכורי השדה צפון 1994 ג.ד. בעמ,,,"ק""ג",1,,true,1,14.90,14.90,false,1,
530,true,בננה.,ביכורי השדה צפון 1994 ג.ד. בעמ,,,"ק""ג",1,"ק""ג",true,1,6.90,6.90,false,1,
533,true,גויאבה,ביכורי השדה צפון 1994 ג.ד. בעמ,,,"ק""ג",1,"ק""ג",true,1,18.90,18.90,false,1,
535,true,לימון,ביכורי השדה צפון 1994 ג.ד. בעמ,,,"ק""ג",1,"ק""ג",true,1,6.90,6.90,false,1,
536,true,פמלה,ביכורי השדה צפון 1994 ג.ד. בעמ,,,"ק""ג",1,"ק""ג",true,1,8.90,8.90,false,1,
540,true,מלון,ביכורי השדה צפון 1994 ג.ד. בעמ,,,"ק""ג",1,"ק""ג",true,1,6.90,6.90,false,1,
543,true,מנגו,ביכורי השדה צפון 1994 ג.ד. בעמ,,,"ק""ג",1,"ק""ג",true,1,5.90,5.90,false,1,
545,true,נקטרינה,ביכורי השדה צפון 1994 ג.ד. בעמ,,,"ק""ג",1,"ק""ג",true,1,6.90,6.90,false,1,
553,true,ענב אדום,ביכורי השדה צפון 1994 ג.ד. בעמ,,,"ק""ג",1,"ק""ג",true,1,16.90,16.90,false,1,
554,true,ענבים לבן .,ביכורי השדה צפון 1994 ג.ד. בעמ,,,"ק""ג",1,"ק""ג",true,1,22.90,22.90,false,1,
557,true,פמלית,ביכורי השדה צפון 1994 ג.ד. בעמ,,,"ק""ג",1,"ק""ג",true,1,8.90,8.90,false,1,
560,true,קלמנטינה,ביכורי השדה צפון 1994 ג.ד. בעמ,,,"ק""ג",1,"ק""ג",true,1,5.90,5.90,false,1,
563,true,קיווי.,ביכורי השדה צפון 1994 ג.ד. בעמ,,,"ק""ג",1,"ק""ג",true,1,19.90,19.90,true,1,
564,true,רימונים,ביכורי השדה צפון 1994 ג.ד. בעמ,,,"ק""ג",1,"ק""ג",true,1,7.90,7.90,false,1,
566,true,שזיף אדום.,ביכורי השדה צפון 1994 ג.ד. בעמ,,,"ק""ג",1,"ק""ג",true,1,15.90,15.90,false,1,
567,true,גזר בתפזורת,ביכורי השדה צפון 1994 ג.ד. בעמ,,,"ק""ג",1,,true,1,4.90,4.90,false,1,
575,true,תפוז תבורי.,ביכורי השדה צפון 1994 ג.ד. בעמ,,,"ק""ג",1,"ק""ג",true,1,5.90,5.90,false,1,
580,true,תפוח אנה,ביכורי השדה צפון 1994 ג.ד. בעמ,,,"ק""ג",1,"ק""ג",true,1,10.90,10.90,false,1,
583,true,תפוח סמיט ירוק,ביכורי השדה צפון 1994 ג.ד. בעמ,,,"ק""ג",1,"ק""ג",true,1,10.90,10.90,true,1,
585,true,תפוח חרמון,ביכורי השדה צפון 1994 ג.ד. בעמ,,,"ק""ג",1,"ק""ג",true,1,10.90,10.90,false,1,
586,true,תפוז ברשת,ביכורי השדה צפון 1994 ג.ד. בעמ,,,"ק""ג",1,,true,1,5.90,5.90,false,1,
588,true,תפוח גלה,ביכורי השדה צפון 1994 ג.ד. בעמ,,,"ק""ג",1,"ק""ג",true,1,13.90,13.90,false,1,
590,true,תפוח זהוב.,ביכורי השדה צפון 1994 ג.ד. בעמ,,,"ק""ג",1,"ק""ג",true,1,10.90,10.90,true,1,
594,true,סברס,ביכורי השדה צפון 1994 ג.ד. בעמ,,,"ק""ג",1,"ק""ג",true,1,29.90,29.90,false,1,
600,true,לימון בלדי-קטן,ביכורי השדה צפון 1994 ג.ד. בעמ,,,"ק""ג",1,,true,1,13.90,13.90,false,1,
601,true,ארטישוק,ביכורי השדה צפון 1994 ג.ד. בעמ,,,"ק""ג",1,"ק""ג",true,1,9.90,9.90,false,1,
602,true,קישוא עגול,ביכורי השדה צפון 1994 ג.ד. בעמ,,,"ק""ג",1,,true,1,14.90,14.90,false,1,
605,true,בצל יבש,ביכורי השדה צפון 1994 ג.ד. בעמ,,,"ק""ג",1,"ק""ג",true,1,3.90,3.90,false,1,
606,true,בצל אדום,ביכורי השדה צפון 1994 ג.ד. בעמ,,,"ק""ג",1,"ק""ג",true,1,6.90,6.90,false,1,
607,true,בצל לבן,ביכורי השדה צפון 1994 ג.ד. בעמ,,,"ק""ג",1,,true,1,3.90,3.90,false,1,
608,true,בצל ירוק,ביכורי השדה צפון 1994 ג.ד. בעמ,,,"י""ח",1,,false,1,5.90,5.90,false,1,
609,true,חצי בגט שחור קל,לפ מאפיית שפע נעמן,,,"י""ח",1,,false,1,3.90,3.90,false,1,
610,true,ברוקולי יחידה,ביכורי השדה צפון 1994 ג.ד. בעמ,,,"י""ח",1,,false,1,12.90,12.90,false,1,
612,true,בטטה,ביכורי השדה צפון 1994 ג.ד. בעמ,,,"ק""ג",1,"ק""ג",true,1,9.90,9.90,false,1,
620,true,דלעת,ביכורי השדה צפון 1994 ג.ד. בעמ,,,"ק""ג",1,"ק""ג",true,1,12.90,12.90,false,1,
622,true,דלורית,ביכורי השדה צפון 1994 ג.ד. בעמ,,,"ק""ג",1,"ק""ג",true,1,5.90,5.90,false,1,
625,true,חציל,ביכורי השדה צפון 1994 ג.ד. בעמ,,,"ק""ג",1,"ק""ג",true,1,6.90,6.90,false,1,
629,true,ירק בתפזורת,ביכורי השדה צפון 1994 ג.ד. בעמ,,,"י""ח",1,,false,1,3.90,3.90,true,1,
630,true,כרוב לבן,ביכורי השדה צפון 1994 ג.ד. בעמ,,,"ק""ג",1,"ק""ג",true,1,3.90,3.90,false,1,
633,true,כרוב אדום,ביכורי השדה צפון 1994 ג.ד. בעמ,,,"ק""ג",1,"ק""ג",true,1,4.90,4.90,false,1,
635,true,כרובית,ביכורי השדה צפון 1994 ג.ד. בעמ,,,"י""ח",1,"ק""ג",false,1,10.90,10.90,false,1,
641,true,במיה,ביכורי השדה צפון 1994 ג.ד. בעמ,,,"י""ח",1,,true,1,19.90,19.90,false,1,
644,true,חסה אמריקאית,ביכורי השדה צפון 1994 ג.ד. בעמ,,,"י""ח",1,,false,1,6.90,6.90,false,1,
645,true,מלפפון.,ביכורי השדה צפון 1994 ג.ד. בעמ,,,"ק""ג",1,"ק""ג",true,1,5.90,5.90,true,1,
653,true,נבטים,ביכורי השדה צפון 1994 ג.ד. בעמ,,,"י""ח",1,,false,1,6.90,6.90,false,1,
659,true,סלק אדום,ביכורי השדה צפון 1994 ג.ד. בעמ,,,"ק""ג",1,"ק""ג",true,1,3.90,3.90,false,1,
660,true,עגבניה.,ביכורי השדה צפון 1994 ג.ד. בעמ,,,"ק""ג",1,"ק""ג",true,1,5.90,5.90,true,1,
661,true,עגבניה שרי תפזורת,ביכורי השדה צפון 1994 ג.ד. בעמ,,,"ק""ג",1,,true,1,18.90,18.90,false,1,
663,true,פלפל חריף ירוק,ביכורי השדה צפון 1994 ג.ד. בעמ,,,"ק""ג",1,"ק""ג",true,1,9.90,9.90,true,1,
664,true,פלפל חריף אדום,ביכורי השדה צפון 1994 ג.ד. בעמ,,,"ק""ג",1,,true,1,9.90,9.90,false,1,
665,true,פלפל כהה,ביכורי השדה צפון 1994 ג.ד. בעמ,,,"ק""ג",1,"ק""ג",true,1,8.90,8.90,true,1,
666,true,פלפל צהוב,ביכורי השדה צפון 1994 ג.ד. בעמ,,,"ק""ג",1,"ק""ג",true,1,8.90,8.90,true,1,
667,true,גמבה אדומה,ביכורי השדה צפון 1994 ג.ד. בעמ,,,"ק""ג",1,"ק""ג",true,1,9.90,9.90,true,1,
669,true,פלפל בהיר,ביכורי השדה צפון 1994 ג.ד. בעמ,,,"ק""ג",0,"ק""ג",true,1,8.90,8.90,false,1,
677,true,צנון שחור,ביכורי השדה צפון 1994 ג.ד. בעמ,,,"ק""ג",1,,true,1,7.90,7.90,false,1,
680,true,צנון,ביכורי השדה צפון 1994 ג.ד. בעמ,,,"ק""ג",1,"ק""ג",true,1,7.90,7.90,false,1,
683,true,צנונית עלים,ביכורי השדה צפון 1994 ג.ד. בעמ,,,"י""ח",1,,false,1,6.90,6.90,false,1,
685,true,קישואים.,ביכורי השדה צפון 1994 ג.ד. בעמ,,,"ק""ג",1,"ק""ג",true,1,8.90,8.90,false,1,
687,true,קולורבי,ביכורי השדה צפון 1994 ג.ד. בעמ,,,"ק""ג",1,"ק""ג",true,1,9.90,9.90,false,1,
689,true,שום ארוז.,ביכורי השדה צפון 1994 ג.ד. בעמ,,,"י""ח",1,,false,1,7.90,7.90,true,1,
690,true,שומר,ביכורי השדה צפון 1994 ג.ד. בעמ,,,"ק""ג",1,"ק""ג",true,1,8.90,8.90,true,1,
698,true,תירס קלחים טרי ארוז.,ביכורי השדה צפון 1994 ג.ד. בעמ,,,"ק""ג",1,"ק""ג",true,1,8.90,8.90,false,1,
699,true,תפוח אדמה אדום.,ביכורי השדה צפון 1994 ג.ד. בעמ,,,"ק""ג",1,"ק""ג",true,1,4.90,4.90,false,1,
700,true,תפוח אדמה לבן ארוז,ביכורי השדה צפון 1994 ג.ד. בעמ,,,"ק""ג",1,"ק""ג",true,1,3.90,3.90,false,1,
702,true,"תפו""א לאפיה",ביכורי השדה צפון 1994 ג.ד. בעמ,,,"ק""ג",1,,true,1,3.90,3.90,false,1,
708,true,לפת,ביכורי השדה צפון 1994 ג.ד. בעמ,,,"ק""ג",1,,true,1,8.90,8.90,false,1,
716,true,פלפל כתום,ביכורי השדה צפון 1994 ג.ד. בעמ,,,"ק""ג",1,"ק""ג",true,1,8.90,8.90,false,1,
723,true,תפוח פינק ישראלי.,ביכורי השדה צפון 1994 ג.ד. בעמ,,,"ק""ג",1,,true,1,19.90,19.90,true,1,
734,true,קובו,ביכורי השדה צפון 1994 ג.ד. בעמ,,,"ק""ג",1,,true,1,29.90,29.90,false,1,
770,true,פלפל שושקה,ביכורי השדה צפון 1994 ג.ד. בעמ,,,"ק""ג",1,,true,1,15.90,15.90,false,1,
821,true,תפוח פינק,ביכורי השדה צפון 1994 ג.ד. בעמ,,,"ק""ג",1,"ק""ג",true,1,19.90,19.90,true,1,
888,true,"הד שולדרס 500מ""ל",שונות /שרות,,,"י""ח",1,,false,1,19.90,19.90,false,1,
891,true,אפרסמון קרמבו.,ביכורי השדה צפון 1994 ג.ד. בעמ,,,"ק""ג",1,"ק""ג",true,1,11.90,11.90,false,1,
978,true,חסה,ביכורי השדה צפון 1994 ג.ד. בעמ,,,"י""ח",1,,false,1,6.90,6.90,false,1,
1419,true,גרב שלישייה,ליאור יבוא ושיווק מוצרי הלבשה,,,"י""ח",1,,false,1,15,15,true,1,
1543,true,גרב ספורט דק לי קופר,ליאור יבוא ושיווק מוצרי הלבשה,,,"י""ח",1,,false,1,19.90,19.90,false,1,
1616,true,כוסברה,ביכורי השדה צפון 1994 ג.ד. בעמ,,,"י""ח",1,,false,1,6.90,6.90,true,1,
1622,true,חגורה לגינס אלדו,ליאור יבוא ושיווק מוצרי הלבשה,,,"י""ח",1,,false,1,21.90,21.90,false,1,
1663,true,תחתון לייקרה תחרה *5,ליאור יבוא ושיווק מוצרי הלבשה,,,"י""ח",1,,false,1,39.90,39.90,false,1,
1683,true,תחתון מקסי לנשים,ליאור יבוא ושיווק מוצרי הלבשה,,,"י""ח",1,,false,1,19.90,19.90,false,1,
1864,true,תחתון קלאסי לנשים,ליאור יבוא ושיווק מוצרי הלבשה,,,"י""ח",1,,false,1,15.90,15.90,false,1,
1871,true,גרביון פלא נשים,ליאור יבוא ושיווק מוצרי הלבשה,,,"י""ח",1,,false,1,24.90,24.90,false,1,
2009,true,מעריב חול/שבת בשקל,שונות /שרות,,,"י""ח",1,,false,1,6.90,6.90,false,1,
2937,true,תרומה וראייטי,שונות /שרות,,,"י""ח",1,,false,1,10,10,false,1,
3416,true,קוקטייל עוף טרי מקוצב,ח.י. מעדני גורמה בעמ,,,"ק""ג",1,,true,1,49.90,49.90,true,1,
3990,true,לחמניה,לפ קבוצת אלירן בעמ,,,"י""ח",1,,false,1,2.20,2.20,false,1,
4443,true,סופגניה רגילה עם ריבה.,שונות /שרות,,,"י""ח",1,,false,1,4.90,4.90,true,1,
4444,true,סופגניה פרימיום מצופות.,ג נרל מילס ישראל בעמ,,,"י""ח",1,,false,1,5.90,5.90,true,1,
4774,true,החזרת תיק הצהרה וקרן,שונות /שרות,,,"י""ח",1,,false,1,0.01,0.01,false,1,
4775,true,הכנסת תיקים לברינקס,שונות /שרות,,,"י""ח",1,,false,1,0.01,0.01,false,1,
5042,true,אנטריקוט כשר טרי **,ח.י. מעדני גורמה בעמ,,,"ק""ג",1,,true,1,169.90,169.90,true,1,
5066,true,אבטיח אישי,ביכורי השדה צפון 1994 ג.ד. בעמ,,,"ק""ג",1,,true,1,5.90,5.90,false,1,
5410,true,כתף כבש מיושן**,ח.י. מעדני גורמה בעמ,,,"ק""ג",1,,true,1,108.80,108.80,false,1,
5858,true,נוגט חלבי חלב נוכרי,השחר העולה תעשית ממתקים,,,"ק""ג",1,"ק""ג",true,1,59,59,false,1,
6226,true,בירה תפזורת 6ב25,שונות /שרות,,,"י""ח",1,,false,1,26.80,26.80,false,1,
6590,true,סופגניה מיני.,ג נרל מילס ישראל בעמ,,,"י""ח",55,ל גרם,false,1,3.90,7.09,true,1,
6660,true,סלסלה לחג,שונות /שרות,,,"י""ח",1,,false,1,180,180,false,1,
6993,true,5 XL ב -9.99לא כולל פקדון,טמפו משקאות בעמ,,,"י""ח",1,,false,1,11.30,11.30,false,1,
7700,true,תפוח אדמה לבן ארוז שמיטה,ביכורי השדה צפון 1994 ג.ד. בעמ,,,"ק""ג",1,"ק""ג",true,1,3.90,3.90,false,1,
8027,true,תרומה ילדים בסיכוי,שונות /שרות,,,"י""ח",1,,false,1,10,10,false,1,
8881,true,שקית שרות קופה גופיה גליל,שונות /שרות,,,"י""ח",1,,false,1,0.10,0.10,false,1,
8883,true,שקית שרות קופה גופיה ירוק עבה במיוחד,רזפול בעמ,,,"י""ח",1,,false,1,0.30,0.30,true,1,
9342,true,קופון הנחה אדממה 400ג ב2ש,בלדי בעמ,,,"י""ח",1,,false,1,0.01,0.01,false,1,
9343,true,קופון הנחה פיצה שלושת האופים ב5ש,נטו מלינדה סחר בעמ,,,"י""ח",1,,false,1,0.01,0.01,false,1,
11545,true,קשיו לא קלוי,ח.כהן סוכנות מזון ומשקאות בע,,,"ק""ג",1,,true,1,79.90,79.90,false,1,
12120,true,זעתר ושומשום,ח.כהן סוכנות מזון ומשקאות בע,,,"ק""ג",1,,true,1,49,49,false,1,
12121,true,מוסקט שלם,ח.כהן סוכנות מזון ומשקאות בע,,,"ק""ג",1,,true,1,149,149,false,1,
12125,true,סודה לשתיה,ח.כהן סוכנות מזון ומשקאות בע,,,"ק""ג",1,,true,1,11.50,11.50,false,1,
12126,true,שום גבישי,ח.כהן סוכנות מזון ומשקאות בע,,,"ק""ג",1,,true,1,49,49,false,1,
12129,true,פלפל שחור גס,ח.כהן סוכנות מזון ומשקאות בע,,,"ק""ג",1,,true,1,93,93,false,1,
12130,true,צילי,ח.כהן סוכנות מזון ומשקאות בע,,,"ק""ג",1,,true,1,45,45,false,1,
12133,true,אבקת שום,ח.כהן סוכנות מזון ומשקאות בע,,,"ק""ג",1,,true,1,49,49,false,1,
12134,true,גריל עוף,ח.כהן סוכנות מזון ומשקאות בע,,,"ק""ג",1,,true,1,59,59,false,1,
12135,true,ראס אל חנות,ח.כהן סוכנות מזון ומשקאות בע,,,"ק""ג",1,,true,1,69,69,false,1,
12136,true,קינמון טחון,ח.כהן סוכנות מזון ומשקאות בע,,,"ק""ג",1,,true,1,59,59,false,1,
12138,true,הל טחון,ח.כהן סוכנות מזון ומשקאות בע,,,"ק""ג",1,,true,1,169,169,false,1,
12144,true,בהרט,ח.כהן סוכנות מזון ומשקאות בע,,,"ק""ג",1,,true,1,59,59,false,1,
12145,true,מדרס קרי,ח.כהן סוכנות מזון ומשקאות בע,,,"ק""ג",1,,true,1,49,49,false,1,
12147,true,תבלין על האש,ח.כהן סוכנות מזון ומשקאות בע,,,"ק""ג",1,,true,1,69,69,false,1,
12150,true,תבלין רוסטביף,ח.כהן סוכנות מזון ומשקאות בע,,,"ק""ג",1,,true,1,59,59,false,1,
12153,true,תבלין לשווארמה,ח.כהן סוכנות מזון ומשקאות בע,,,"ק""ג",1,,true,1,69,69,false,1,
12158,true,"מוסקט טחון1 ק""ג",ח.כהן סוכנות מזון ומשקאות בע,,,"ק""ג",1,,true,1,149,149,false,1,
12164,true,פלפל לבן טחון,ח.כהן סוכנות מזון ומשקאות בע,,,"ק""ג",1,,true,1,111,111,false,1,
12165,true,פלפל שחור טחון,ח.כהן סוכנות מזון ומשקאות בע,,,"ק""ג",1,,true,1,89.90,89.90,false,1,
12166,true,פפריקה מתוקה,ח.כהן סוכנות מזון ומשקאות בע,,,"ק""ג",1,,true,1,35,35,false,1,
12167,true,פפריקה חריפה,ח.כהן סוכנות מזון ומשקאות בע,,,"ק""ג",1,,true,1,35,35,false,1,
12168,true,פפריקה מרוקאית מתוקה,ח.כהן סוכנות מזון ומשקאות בע,,,"ק""ג",1,,true,1,35,35,false,1,
12171,true,תבלין לחמין,ח.כהן סוכנות מזון ומשקאות בע,,,"ק""ג",1,,true,1,49,49,false,1,
12177,true,מקלות קינמון,ח.כהן סוכנות מזון ומשקאות בע,,,"ק""ג",1,,true,1,51,51,false,1,
12183,true,כוסברה שלמה,ח.כהן סוכנות מזון ומשקאות בע,,,"ק""ג",1,,true,1,39,39,false,1,
12185,true,שטה שלם,ח.כהן סוכנות מזון ומשקאות בע,,,"ק""ג",1,,true,1,49,49,false,1,
12187,true,בזיליקום 500גר,ח.כהן סוכנות מזון ומשקאות בע,,,"ק""ג",1,,true,1,59,59,false,1,
12188,true,טימין,ח.כהן סוכנות מזון ומשקאות בע,,,"ק""ג",1,,true,1,79,79,false,1,
12190,true,עלי דפנה,ח.כהן סוכנות מזון ומשקאות בע,,,"ק""ג",1,,true,1,59,59,false,1,
12191,true,פטרוזיליה 500ג,ח.כהן סוכנות מזון ומשקאות בע,,,"ק""ג",1,,true,1,59,59,false,1,
12192,true,רוזמרין 500ג,ח.כהן סוכנות מזון ומשקאות בע,,,"ק""ג",1,,true,1,59,59,false,1,
12193,true,שמיר,ח.כהן סוכנות מזון ומשקאות בע,,,"ק""ג",1,,true,1,89,89,false,1,
12194,true,כוסברה ירוקה.,ח.כהן סוכנות מזון ומשקאות בע,,,"ק""ג",1,,true,1,99,99,false,1,
12198,true,פלפל שלם יבש,ח.כהן סוכנות מזון ומשקאות בע,,,"ק""ג",1,,true,1,35,35,false,1,
12200,true,"בצל מטוגן 1ק""ג",ח.כהן סוכנות מזון ומשקאות בע,,,"ק""ג",1,,true,1,80,80,false,1,
12205,true,גריל דג,ח.כהן סוכנות מזון ומשקאות בע,,,"ק""ג",1,,true,1,59,59,false,1,
12208,true,בוטנים,ח.כהן סוכנות מזון ומשקאות בע,,,"ק""ג",1,,true,1,39.90,39.90,false,1,
12210,true,מנציס,ח.כהן סוכנות מזון ומשקאות בע,,,"ק""ג",1,,true,1,59.90,59.90,false,1,
12217,true,אפונה,ח.כהן סוכנות מזון ומשקאות בע,,,"ק""ג",1,,true,1,39.90,39.90,false,1,
12219,true,תבלין פרגיות,ח.כהן סוכנות מזון ומשקאות בע,,,"ק""ג",1,,true,1,70,70,false,1,
12221,true,חומוס מטוגן,ח.כהן סוכנות מזון ומשקאות בע,,,"ק""ג",1,,true,1,39.90,39.90,false,1,
12224,true,שקד חסן קלוי,ח.כהן סוכנות מזון ומשקאות בע,,,"ק""ג",1,,true,1,110,110,false,1,
12225,true,גומי טעמים שקיל,ח.כהן סוכנות מזון ומשקאות בע,,,"ק""ג",1,,true,1,37,37,false,1,
12234,true,בוטן קראנץ שקיל,ח.כהן סוכנות מזון ומשקאות בע,,,"ק""ג",1,,true,1,50,50,false,1,
12240,true,פקאן מקולף שקיל,ח.כהן סוכנות מזון ומשקאות בע,,,"ק""ג",1,,true,1,99,99,false,1,
12241,true,אגוזי המלך מקולף,ח.כהן סוכנות מזון ומשקאות בע,,,"ק""ג",1000,ל גרם,true,1,55,5.50,false,1,
12244,true,בננה צ יפס שקילה,ח.כהן סוכנות מזון ומשקאות בע,,,"ק""ג",1,,true,1,23.90,23.90,false,1,
12245,true,משמש שקילה{פירות יבשים},ח.כהן סוכנות מזון ומשקאות בע,,,"ק""ג",1000,ל גרם,true,1,45,4.50,false,1,
12246,true,צימוקים גמבו שקיל,ח.כהן סוכנות מזון ומשקאות בע,,,"ק""ג",1000,ל גרם,true,1,35,3.50,false,1,
12248,true,שזיפים שקילה,ח.כהן סוכנות מזון ומשקאות בע,,,"ק""ג",1000,ל גרם,true,1,29,2.90,false,1,
12251,true,גרעיני חמניות,ח.כהן סוכנות מזון ומשקאות בע,,,"ק""ג",1,,true,1,28,28,false,1,
12252,true,גרעיני דלעת מקולף,ח.כהן סוכנות מזון ומשקאות בע,,,"ק""ג",1,,true,1,49.90,49.90,false,1,
12253,true,שומשום שקילה,ח.כהן סוכנות מזון ומשקאות בע,,,"ק""ג",1,,true,1,23,23,false,1,
12256,true,קוקוס במשקל,ח.כהן סוכנות מזון ומשקאות בע,,,"ק""ג",1,,true,1,24.90,24.90,false,1,
12260,true,שקדים אמריקאים,ח.כהן סוכנות מזון ומשקאות בע,,,"ק""ג",10,"י""ח",true,1,69,6.90,false,1,
12269,true,גרעיני חמניות קלופים,ח.כהן סוכנות מזון ומשקאות בע,,,"ק""ג",1,,true,1,29,29,false,1,
12280,true,חמוציות שלמות,ח.כהן סוכנות מזון ומשקאות בע,,,"ק""ג",1000,ל גרם,true,1,60.20,6.02,false,1,
12283,true,בוטנים מסוכרים,ח.כהן סוכנות מזון ומשקאות בע,,,"ק""ג",1,,true,1,37.90,37.90,false,1,
12293,true,פלפל אדום יבש,ח.כהן סוכנות מזון ומשקאות בע,,,"ק""ג",1,,true,1,35,35,false,1,
12295,true,אורז חריף,ח.כהן סוכנות מזון ומשקאות בע,,,"ק""ג",1,,true,1,69,69,false,1,
12296,true,מיאסי קראנץ,ח.כהן סוכנות מזון ומשקאות בע,,,"ק""ג",1,,true,1,69,69,false,1,
12297,true,פול מטוגן,ח.כהן סוכנות מזון ומשקאות בע,,,"ק""ג",1,,true,1,45,45,false,1,
12298,true,גרעינים לבנים זורבה,ח.כהן סוכנות מזון ומשקאות בע,,,"ק""ג",1,,true,1,47,47,false,1,
12299,true,רביולי קראנץ,ח.כהן סוכנות מזון ומשקאות בע,,,"ק""ג",1,,true,1,69,69,false,1,
12301,true,כמון,ח.כהן סוכנות מזון ומשקאות בע,,,"ק""ג",1,,true,1,59,59,false,1,
12302,true,כורכום טחון,ח.כהן סוכנות מזון ומשקאות בע,,,"ק""ג",1,,true,1,49,49,false,1,
12304,true,גריסים,ח.כהן סוכנות מזון ומשקאות בע,,,"ק""ג",1,,true,1,6.90,6.90,false,1,
12310,true,חומוס רגיל,ח.כהן סוכנות מזון ומשקאות בע,,,"ק""ג",1,,true,1,13.90,13.90,false,1,
12311,true,חומוס ספרדי במשקל,ח.כהן סוכנות מזון ומשקאות בע,,,"ק""ג",1,,true,1,19.90,19.90,false,1,
12312,true,חיטה,ח.כהן סוכנות מזון ומשקאות בע,,,"ק""ג",1,,true,1,6.90,6.90,false,1,
12313,true,אגוזים מקדמיה,ח.כהן סוכנות מזון ומשקאות בע,,,"ק""ג",1,,true,1,175.90,175.90,false,1,
12314,true,קבוקים,ח.כהן סוכנות מזון ומשקאות בע,,,"ק""ג",1,,true,1,29.90,29.90,false,1,
12317,true,פול גדול,ח.כהן סוכנות מזון ומשקאות בע,,,"ק""ג",1,,true,1,17,17,false,1,
12319,true,שעועית אדומה,ח.כהן סוכנות מזון ומשקאות בע,,,"ק""ג",1,,true,1,17.90,17.90,false,1,
12321,true,שעועית ארגנטינאית,ח.כהן סוכנות מזון ומשקאות בע,,,"ק""ג",1,,true,1,9.90,9.90,false,1,
12325,true,תמרים מגהול}שקילה{,ח.כהן סוכנות מזון ומשקאות בע,,,"ק""ג",1,,true,1,39,39,false,1,
12327,true,תמרים דקל נור}שקילה{,ח.כהן סוכנות מזון ומשקאות בע,,,"ק""ג",1,,true,1,21.90,21.90,false,1,
12361,true,אלמנדוס,ח.כהן סוכנות מזון ומשקאות בע,,,"ק""ג",1,,true,1,40,40,false,1,
12362,true,פלפל מתוק גרוס,ח.כהן סוכנות מזון ומשקאות בע,,,"ק""ג",1,,true,1,49,49,false,1,
12364,true,מסלת בשר,ח.כהן סוכנות מזון ומשקאות בע,,,"ק""ג",1,,true,1,65,65,false,1,
12366,true,ציפוי לשניצל שומשום,ח.כהן סוכנות מזון ומשקאות בע,,,"ק""ג",1,,true,1,19.90,19.90,false,1,
12371,true,סומק,ח.כהן סוכנות מזון ומשקאות בע,,,"ק""ג",1,,true,1,49,49,false,1,
12385,true,פיסטוק מקולף,ח.כהן סוכנות מזון ומשקאות בע,,,"ק""ג",1,,true,1,145,145,false,1,
12395,true,"תיבול לאורז מדראס עם קשיו 1 ק""ג",ח.כהן סוכנות מזון ומשקאות בע,,,"ק""ג",1,,true,1,79,79,false,1,
12403,true,פופ קורן,ח.כהן סוכנות מזון ומשקאות בע,,,"ק""ג",1,,true,1,8.90,8.90,false,1,
12404,true,קוואקר,ח.כהן סוכנות מזון ומשקאות בע,,,"ק""ג",1,,true,1,7.50,7.50,false,1,
12405,true,קוסקוס,ח.כהן סוכנות מזון ומשקאות בע,,,"ק""ג",1,,true,1,12.90,12.90,false,1,
12430,true,קשיו טבעי,ח.כהן סוכנות מזון ומשקאות בע,,,"ק""ג",1,,true,1,89.90,89.90,false,1,
12495,true,תיבול שום שמיר,ח.כהן סוכנות מזון ומשקאות בע,,,"ק""ג",1,,true,1,39,39,false,1,
12502,true,שוקולדים שקיל,ח.כהן סוכנות מזון ומשקאות בע,,,"ק""ג",1,,true,1,69,69,false,1,
12545,true,בוטן מטוגן,ח.כהן סוכנות מזון ומשקאות בע,,,"ק""ג",1,,true,1,45,45,false,1,
12550,true,צנובר ענק,ח.כהן סוכנות מזון ומשקאות בע,,,"ק""ג",1,,true,1,199,199,false,1,
12553,true,חמוציות ללא סוכר,ח.כהן סוכנות מזון ומשקאות בע,,,"ק""ג",1,,true,1,59,59,false,1,
12847,true,בוטנים לא קלויים,ח.כהן סוכנות מזון ומשקאות בע,,,"ק""ג",1,,true,1,25.90,25.90,false,1,
12859,true,בורגול]שקילה[,ח.כהן סוכנות מזון ומשקאות בע,,,"ק""ג",1,,true,1,9.90,9.90,false,1,
12860,true,עדשים אדום שלם,ח.כהן סוכנות מזון ומשקאות בע,,,"ק""ג",1,,true,1,9.90,9.90,false,1,
12863,true,אפונה ירוקה,ח.כהן סוכנות מזון ומשקאות בע,,,"ק""ג",1,,true,1,7.90,7.90,false,1,
12895,true,בונדוק לא קלוי,ח.כהן סוכנות מזון ומשקאות בע,,,"ק""ג",1,,true,1,83,83,false,1,
12897,true,פיסטוק חלבי לא קלוי,ח.כהן סוכנות מזון ומשקאות בע,,,"ק""ג",1,,true,1,79,79,false,1,
12898,true,חלבה פקאן,ח.כהן סוכנות מזון ומשקאות בע,,,"ק""ג",1000,ל גרם,true,1,99,9.90,false,1,
21758,true,תירס מטוגן,ח.כהן סוכנות מזון ומשקאות בע,,,"ק""ג",1,"ק""ג",true,1,49,49,false,1,
23809,true,יין קלאסיק ברקן ק. סובניון,טמפו משקאות בעמ,,,"י""ח",750,"ל מ""ל",false,1,32.90,4.35,true,1,
23823,true,יין קלאסיק סוביניון בלאן,טמפו משקאות בעמ,,,"י""ח",750,"ל מ""ל",false,1,32.90,4.35,true,1,
23977,true,יין קלאסיק מרלו ברקן.,טמפו משקאות בעמ,,,"י""ח",750,"ל מ""ל",false,1,32.90,4.35,true,1,
24530,true,"יין אדום מתוק לקידוש של סגל 750מ""ל",טמפו משקאות בעמ,,,"י""ח",750,"ל מ""ל",false,1,14.90,1.95,false,1,
32354,true,דלעת מקולף,שונות /שרות,,,"ק""ג",1,,true,1,49.90,49.90,false,1,
40442,true,עצמות בקר למרק טרי**,ח.י. מעדני גורמה בעמ,,,"ק""ג",1,,true,1,19.90,19.90,false,1,
40974,true,חלב טרי דל לקטוז 1 ליטר,תנובה בעמ ***,,,"י""ח",1,ליטר,false,1,7.10,7.10,false,1,
41012,true,שניצל עגל טרי/מצונן**,ח.י. מעדני גורמה בעמ,,,"ק""ג",1,,true,1,79.90,79.90,false,1,
41211,true,שיפודי פרגיות**.,ח.י. מעדני גורמה בעמ,,,"ק""ג",1,,true,1,79.90,79.90,true,1,
41212,true,סטייק פרגיות עוף טרי**,ח.י. מעדני גורמה בעמ,,,"ק""ג",1,,true,1,79.90,79.90,true,1,
41218,true,גרון עוף טרי **,ח.י. מעדני גורמה בעמ,,,"ק""ג",1,,true,1,14.90,14.90,true,1,
41230,true,הודו טחון טרי**,ח.י. מעדני גורמה בעמ,,,"ק""ג",1,,true,1,34.90,34.90,false,1,
41260,true,כתף בקר טרי /מצונן חלק.,ח.י. מעדני גורמה בעמ,,,"ק""ג",1,,true,1,79.90,79.90,true,1,
41265,true,עצמות מח/ברך טרי**,ח.י. מעדני גורמה בעמ,,,"ק""ג",1,,true,1,34.90,34.90,false,1,
41268,true,אסאדו עם עצם טרי**,ח.י. מעדני גורמה בעמ,,,"ק""ג",1,,true,1,79.90,79.90,true,1,
41269,true,גולש עגל טרי/מצונן**,ח.י. מעדני גורמה בעמ,,,"ק""ג",1,,true,1,79.90,79.90,true,1,
41270,true,כנפית עוף **,ח.י. מעדני גורמה בעמ,,,"ק""ג",1,,true,1,21.90,21.90,true,1,
41271,true,אנטריקוט טרי/מצונן**,ח.י. מעדני גורמה בעמ,,,"ק""ג",1,,true,1,199,199,true,1,
41326,true,צלי חזה בקר טרי **,ח.י. מעדני גורמה בעמ,,,"ק""ג",1,,true,1,69.90,69.90,true,1,
41360,true,חזה בקר טרי**,ח.י. מעדני גורמה בעמ,,,"ק""ג",1,,true,1,59.90,59.90,true,1,
41362,true,צלעות בקר טרי/מצונן **,ח.י. מעדני גורמה בעמ,,,"ק""ג",1,,true,1,69.90,69.90,true,1,
41374,true,שפיץ **,ח.י. מעדני גורמה בעמ,,,"ק""ג",1,,true,1,138.80,138.80,true,1,
41414,true,אונטריף טרי/מצונן**,ח.י. מעדני גורמה בעמ,,,"ק""ג",1,,true,1,89.90,89.90,true,1,
41425,true,"כתף בקר טרי בד""ץ**.",ח.י. מעדני גורמה בעמ,,,"ק""ג",1,,true,1,79.90,79.90,true,1,
41426,true,"צלעות בקר טרי בד""ץ **.",ח.י. מעדני גורמה בעמ,,,"ק""ג",1,,true,1,69.90,69.90,true,1,
41447,true,פרגית עוף לתנור עם עצם טרי**,ח.י. מעדני גורמה בעמ,,,"ק""ג",1,,true,1,59.90,59.90,true,1,
41659,true,אסאדו בלי עצם טרי**,ח.י. מעדני גורמה בעמ,,,"ק""ג",1,,true,1,79.90,79.90,true,1,
41680,true,דנוור סטייק טרי **.,ח.י. מעדני גורמה בעמ,,,"ק""ג",1,,true,1,118,118,false,1,
41996,true,מעורב ישראלי,ח.י. מעדני גורמה בעמ,,,"ק""ג",1,,true,1,69.90,69.90,true,1,
42209,true,טחון כתף/צלעות טרי **,ח.י. מעדני גורמה בעמ,,,"ק""ג",1,,true,1,59.90,59.90,true,1,
42261,true,סטייק עם עצם טרי**,ח.י. מעדני גורמה בעמ,,,"ק""ג",1,,true,1,119.90,119.90,true,1,
42265,true,צלי כתף טרי/מצונן**,ח.י. מעדני גורמה בעמ,,,"ק""ג",1,,true,1,99.90,99.90,false,1,
42267,true,אוסובוקו טרי**,ח.י. מעדני גורמה בעמ,,,"ק""ג",1,,true,1,69.90,69.90,true,1,
42268,true,שריר טרי/מצונן**,ח.י. מעדני גורמה בעמ,,,"ק""ג",1,"ק""ג",true,1,69.90,69.90,true,1,
42269,true,צוואר טרי/מצונן חלק**,ח.י. מעדני גורמה בעמ,,,"ק""ג",1,"ק""ג",true,1,64.90,64.90,true,1,
42323,true,אצבעות נגיסי עוף טרי**.,ח.י. מעדני גורמה בעמ,,,"ק""ג",1,,true,1,49.90,49.90,true,1,
42866,true,אוסובוקו הודו טרי **,ח.י. מעדני גורמה בעמ,,,"ק""ג",1,,true,1,39.90,39.90,true,1,
46501,true,טל העמק שקיל,תנובה בעמ ***,,,"ק""ג",1000,ל גרם,true,1,60,6,false,1,
46549,true,מוצרלה חריץ 20% מהדרין שקיל,תנובה בעמ ***,,,"ק""ג",1,"ק""ג",true,1,79,79,false,1,
46662,true,.גבינה סקנדינבית,תנובה בעמ ***,,,"ק""ג",10,"ק""ג",true,1,76,7.60,false,1,
47034,true,רוקפור(גליל) חריץ שקיל תנובה,תנובה בעמ ***,,,"ק""ג",1000,ל גרם,true,1,122,12.20,false,1,
47485,true,בולגרית פיראוס %24 שקיל,תנובה בעמ ***,,,"ק""ג",1,"ק""ג",true,1,57,57,false,1,
51376,true,יופלה דיאט אננס ספורטיבי 150גר`,תנובה בעמ ***,,,"י""ח",150,ל גרם,false,1,5,3.33,false,1,
51710,true,פיראוס לאבנה עם שמן זית וזעתר 263גר`,תנובה בעמ ***,,,"י""ח",263,ל גרם,false,1,13.90,5.29,false,1,
52311,true,עמק 15% פרוס בקופסא 200גר`,תנובה בעמ ***,,,"י""ח",200,ל גרם,false,1,16.20,8.10,true,1,
53219,true,טל עמק 35% שקיל,תנובה בעמ ***,,,"ק""ג",0,ל גרם,true,1,58,58,false,1,
55336,true,"יופלה משקה יוגורט טעם בננה-אפרסק 250מ""",תנובה בעמ ***,,,"י""ח",250,ל גרם,false,1,5.60,2.24,false,1,
55343,true,"יופלה משקה יוגורט טעם טרופי 250מ""ל",תנובה בעמ ***,,,"י""ח",250,ל גרם,false,1,5.60,2.24,false,1,
55350,true,"עמק 28% חריץ בד""ץ*",תנובה בעמ ***,,,"ק""ג",1000,ל גרם,true,1,44.79,4.48,false,1,
55893,true,חמאה 200גרם רגיל*תנובה,תנובה בעמ ***,,,"י""ח",200,ל גרם,false,1,7.80,3.90,false,1,
56760,true,"עמק פרוס בקופסא 400גר בד""ץ",תנובה בעמ ***,,,"י""ח",400,ל גרם,false,1,29.20,7.30,false,1,
56845,true,חלב תנובה טרי הומוגני 3% 1.5 ליטר*,תנובה בעמ ***,,,"י""ח",1.50,ליטר,false,1,9.34,6.23,false,1,
56883,true,מאגדת יופלה שמיניה פירות 3%,תנובה בעמ ***,,,"י""ח",1.20,ליטר,false,1,29.90,24.92,false,1,
56890,true,מאגדת יופלה שמיניה דיאט 0%,תנובה בעמ ***,,,"י""ח",1.20,ליטר,false,1,30.50,25.42,false,1,
57088,true,עמק דק 200גר`,תנובה בעמ ***,,,"י""ח",200,ל גרם,false,1,16.30,8.15,true,1,
57118,true,עמק סמי מעדניה 400גרם,תנובה בעמ ***,,,"י""ח",400,ל גרם,false,1,21.90,5.48,false,1,
57132,true,יוגורט תנובה 1.5% 200גרם,תנובה בעמ ***,,,"י""ח",200,ל גרם,false,1,3.20,1.60,false,1,
57149,true,יוגורט תנובה 3% 200גרם,תנובה בעמ ***,,,"י""ח",200,ל גרם,false,1,3.20,1.60,false,1,
57453,true,"(עמק 28% חריץ בד""ץ*",תנובה בעמ ***,,,"ק""ג",1000,ל גרם,true,1,44.79,4.48,false,1,
58030,true,"יופלה שטוזים מקה יוגורט תות 800 מ""ל",תנובה בעמ ***,,,"י""ח",800,"ל מ""ל",false,1,20.90,2.61,false,1,
58047,true,"שמנת מתוקה (38%תנובה)עם פקק 500 מ""ל*",תנובה בעמ ***,,,"י""ח",500,"ל מ""ל",false,1,12.94,2.59,false,1,
58268,true,בונדוק,ח.כהן סוכנות מזון ומשקאות בע,,,"ק""ג",1,,true,1,105,105,false,1,
58271,true,פיסטוק חלבי,ח.כהן סוכנות מזון ומשקאות בע,,,"ק""ג",1,,true,1,119,119,false,1,
58272,true,קשיו קלוי,ח.כהן סוכנות מזון ומשקאות בע,,,"ק""ג",1,,true,1,110,110,false,1,
58273,true,גרעיני אבטיח,ח.כהן סוכנות מזון ומשקאות בע,,,"ק""ג",1,,true,1,65,65,false,1,
58275,true,פקאן סיני מתוק,ח.כהן סוכנות מזון ומשקאות בע,,,"ק""ג",1,,true,1,99,99,false,1,
58398,true,בוטנים אמריקאים,ח.כהן סוכנות מזון ומשקאות בע,,,"ק""ג",1,,true,1,29.90,29.90,false,1,
58979,true,ג לי בטעם תות 125גר,תנובה בעמ ***,,,"י""ח",125,"ל מ""ל",false,1,1.50,1.20,false,1,
61214,true,פתיתים קוסקום עם בצל 500גר`,קבוצת אוסם סחר-שות.מוגבלת,,,"י""ח",500,ל גרם,false,1,7.90,1.58,true,1,
65248,true,כרעיים עוף מוזל טרי,ח.י. מעדני גורמה בעמ,,,"ק""ג",1,,true,1,29.90,29.90,true,1,
65249,true,שניצל עוף מוזל טרי,ח.י. מעדני גורמה בעמ,,,"ק""ג",1,,true,1,46.80,46.80,true,1,
65250,true,כנפיים עוף מוזל טרי,ח.י. מעדני גורמה בעמ,,,"ק""ג",1,,true,1,16.90,16.90,true,1,
70919,true,בייגלה רשתות מלח 400גר,קבוצת אוסם סחר-שות.מוגבלת,,,"י""ח",400,ל גרם,false,1,8,2,false,1,
72067,true,במבה חלבה 60גר`,קבוצת אוסם סחר-שות.מוגבלת,,,"י""ח",60,ל גרם,false,1,4.30,7.17,true,1,
73699,true,חומוס 150גר צבר,קבוצת אוסם סחר-שות.מוגבלת,,,"י""ח",150,ל גרם,false,1,5.20,3.47,false,1,
75693,true,עוגת שמרים בריוש שוקולד,קבוצת אוסם סחר-שות.מוגבלת,,,"י""ח",360,ל גרם,false,1,17.90,4.97,false,1,
76645,true,טוסטעים חיטה מלאה 100גר`,קבוצת אוסם סחר-שות.מוגבלת,,,"י""ח",100,ל גרם,false,1,10.70,10.70,false,1,
77253,true,לחמית כפרית עם דגנים מלאים 190 ג`,קבוצת אוסם סחר-שות.מוגבלת,,,"י""ח",190,ל גרם,false,1,8.90,4.68,true,1,
77925,true,טוסטעים צנימים עגולים חיטה מלאה 125גר`,קבוצת אוסם סחר-שות.מוגבלת,,,"י""ח",125,ל גרם,false,1,10.70,8.56,false,1,
84570,true,תיבול פלדפיה,ח.כהן סוכנות מזון ומשקאות בע,,,"ק""ג",1,,true,1,59,59,false,1,
84571,true,תיבול טוסקנה,ח.כהן סוכנות מזון ומשקאות בע,,,"ק""ג",1,,true,1,79,79,false,1,
84573,true,זנגביל מסוכר,ח.כהן סוכנות מזון ומשקאות בע,,,"ק""ג",1,,true,1,49,49,false,1,
85495,true,תבלין לפיצה,ח.כהן סוכנות מזון ומשקאות בע,,,"ק""ג",1,,true,1,59,59,false,1,
103488,true,ארטישוק ירושלמי}סנפרוסט{400גר,תנובה בשר,,,"י""ח",400,ל גרם,false,1,20.90,5.23,true,1,
103730,true,לקט להקפצה עם פסטה פוזילי 800גר`,תנובה בשר,,,"י""ח",800,ל גרם,false,1,22.90,2.86,true,1,
103815,true,לקט להקפצה בסגנון תאילנ}סנפרוסט {800,תנובה בשר,,,"י""ח",800,ל גרם,false,1,22.90,2.86,true,1,
104188,true,שעועית אדומה מבושלת 800גר`,תנובה בשר,,,"י""ח",800,ל גרם,false,1,18.90,2.36,true,1,
120874,true,מיונז הלמנס לייט 424גרם,יוניליוור ישראל שיווק בעמ,,,"י""ח",424,ל גרם,false,1,12.90,3.04,false,1,
123033,true,קאמל בוקס בודד,גלוברנדס בעמ,,,"י""ח",1,,false,1,31,31,false,1,
124268,true,תירס,מ. שלומי שיווק בשר וסחר בעמ,,,"ק""ג",1,"ק""ג",true,1,10.90,10.90,false,1,
135465,true,"סודה טמפו 500 מ""ל 12 בק",טמפו משקאות בעמ,,,"י""ח",6,ליטר,false,1,29.90,4.38,true,1,
135595,true,פפסי מקס טעם דובדבן 1.5 ליטר,טמפו משקאות בעמ,,,"י""ח",1.50,ליטר,false,1,7.20,4.60,true,1,
136141,true,פפסי 1.5 ליטר.,טמפו משקאות בעמ,,,"י""ח",150,"ל מ""ל",false,1,7,4.47,true,1,
136158,true,פפסי מקס 1.5 ליטר,טמפו משקאות בעמ,,,"י""ח",1.50,ליטר,false,1,7.50,4.80,true,1,
136165,true,מירנדה 1.5 ליטר,טמפו משקאות בעמ,,,"י""ח",1.50,ליטר,false,1,7,4.47,true,1,
136172,true,סבן אפ 1.5 ליטר.,טמפו משקאות בעמ,,,"י""ח",1.50,ליטר,false,1,7,4.47,true,1,
136189,true,7-UP דיאט 1.5 ליטר,טמפו משקאות בעמ,,,"י""ח",1.50,ליטר,false,1,7.20,4.60,true,1,
136240,true,סודה טמפו 1.5 ל,טמפו משקאות בעמ,,,"י""ח",1.50,ליטר,false,1,4.20,2.60,true,1,
136264,true,טוניק 1.5 ליטר,טמפו משקאות בעמ,,,"י""ח",1.50,ליטר,false,1,9.90,6.40,true,1,
136295,true,"סיידר תרכיז 330מ""ל בטעם פטל Juicer",טמפו משקאות בעמ,,,"י""ח",330,"ל מ""ל",false,1,13.60,4.12,true,1,
136301,true,"סיידר תרכיז 330מ""ל בטעם ענבים Juicer",טמפו משקאות בעמ,,,"י""ח",330,"ל מ""ל",false,1,13.60,4.12,true,1,
136431,true,ג אמפ אפרסק צלול 1.5 ליטר,טמפו משקאות בעמ,,,"י""ח",1.50,ליטר,false,1,7.50,4.80,true,1,
136455,true,ג אמפ אשכוליות 1.5 ליטר,טמפו משקאות בעמ,,,"י""ח",1.50,ליטר,false,1,5.80,3.67,true,1,
136486,true,ג אמפ דיאט אשכוליות 1.5 ליטר,טמפו משקאות בעמ,,,"י""ח",1.50,ליטר,false,1,7.50,4.80,true,1,
136516,true,ג אמפ מנגו פסיפלורה 1.5 ליטר,טמפו משקאות בעמ,,,"י""ח",1.50,ליטר,false,1,6.30,4,true,1,
136523,true,ג אמפ ענבים 1.5 ליטר,טמפו משקאות בעמ,,,"י""ח",1.50,ליטר,false,1,5.80,3.67,true,1,
136561,true,ג אמפ תות בננה 1.5 ליטר,טמפו משקאות בעמ,,,"י""ח",1.50,ליטר,false,1,6.30,4,true,1,
136691,true,סבן אפ 1.5 שישיה,טמפו משקאות בעמ,,,"י""ח",9,ליטר,false,1,39.90,4.23,false,1,
136769,true,פפסי 1.5 ליטר שישיה,טמפו משקאות בעמ,,,"י""ח",9,ליטר,false,1,39.90,4.23,false,1,
136776,true,פפסי מקס 1.5 ליטר שישיה,טמפו משקאות בעמ,,,"י""ח",9,ליטר,false,1,38.90,4.12,false,1,
136783,true,מירנדה 1.5 שישיה,טמפו משקאות בעמ,,,"י""ח",9,ליטר,false,1,39.90,4.23,false,1,
136790,true,סודה 1.5 ליטר שישיה טמפו,טמפו משקאות בעמ,,,"י""ח",9,ליטר,false,1,17.90,1.79,false,1,
136813,true,סודה אננס 1.5ליטר רביעייה.,טמפו משקאות בעמ,,,"י""ח",6,ליטר,false,1,12.30,1.85,true,1,
136820,true,סודה פירות יער 1.5ליטר רביעייה.,טמפו משקאות בעמ,,,"י""ח",6,ליטר,false,1,12.30,1.85,true,1,
136837,true,סודה נגיעות אפרסק 1.5ליטר רביעייה.,טמפו משקאות בעמ,,,"י""ח",6,ליטר,false,1,12.30,1.85,true,1,
136868,true,סאן בנדטו שישיה 1.5 ל,טמפו משקאות בעמ,,,"י""ח",9,ליטר,false,1,18.90,1.90,false,1,
136875,true,סאן בנדטו מוגז שישיה 1.5 ליטר,טמפו משקאות בעמ,,,"י""ח",9,ליטר,false,1,19.90,2.01,false,1,
151151,true,עוף טחון עוף קצביה]**מוזל,ח.י. מעדני גורמה בעמ,,,"ק""ג",1,,true,1,39.90,39.90,true,1,
158105,true,שניצל דינוזאור עוף טוב,קבוצת אוסם סחר-שות.מוגבלת,,,"י""ח",700,ל גרם,false,1,29.90,4.27,true,1,
166605,true,סיף כללי יסמין 4 ליטר,יוניליוור ישראל שיווק בעמ,,,"י""ח",4,ליטר,false,1,19.90,4.98,false,1,
168173,true,ברנפלקס קראנצ`ים 375גרם,יוניליוור ישראל שיווק בעמ,,,"י""ח",500,ל גרם,false,1,17.50,3.50,false,1,
169538,true,נמס בכוס מרק עגבניות עם קרוטונים 62 ג`ב,יוניליוור ישראל שיווק בעמ,,,"י""ח",34,ל גרם,false,1,6.90,20.29,true,1,
169798,true,"עוגי מופחת סוכר 500 ג בד""ץ",יוניליוור ישראל שיווק בעמ,,,"י""ח",500,ל גרם,false,1,19.90,3.98,true,1,
185330,true,סילאן טבעי 900ג,תה ויסוצקי (ישראל)בעמ,,,"י""ח",900,ל גרם,false,1,23.90,2.66,true,1,
185590,true,סילאן 635ג טבעי בקבוק,תה ויסוצקי (ישראל)בעמ,,,"י""ח",635,ל גרם,false,1,19.90,3.13,false,1,
186535,true,נייר טואלט לילי טריו 32 לבן,קימברלי קלארק ישראל שיווק בעמ,,,"י""ח",1788,ל גרם,false,1,41.90,2.34,false,1,
187853,true,נייר טואלט לילי לבן 1/40,קימברלי קלארק ישראל שיווק בעמ,,,"י""ח",40,"י""ח",false,1,43.90,1.10,true,1,
188355,true,מגבות ניקול לבנה 1/6,קימברלי קלארק ישראל שיווק בעמ,,,"י""ח",66.20,מטר,false,1,12.90,0.19,true,1,
188386,true,מגבות ניקול לבנה 1/12,קימברלי קלארק ישראל שיווק בעמ,,,"י""ח",132.40,מארז,false,1,21.90,0.17,false,1,
188553,true,מגני תחתון קוטקס SILK נורמל,קימברלי קלארק ישראל שיווק בעמ,,,"י""ח",1,"י""ח",false,1,16.90,16.90,true,1,
188560,true,מגני תחתון קוטקס SILK לארג`,קימברלי קלארק ישראל שיווק בעמ,,,"י""ח",1,"י""ח",false,1,22.90,22.90,true,1,
188591,true,מגני תחתון קוטקס SILK יאנג,קימברלי קלארק ישראל שיווק בעמ,,,"י""ח",1,"י""ח",false,1,16.90,16.90,true,1,
189079,true,תבניות אינגליש קייק חזקות ועבות,קימברלי קלארק ישראל שיווק בעמ,,,"י""ח",1,,false,1,11.90,11.90,false,1,
189116,true,תבניות עגולות חזקות ועבות,קימברלי קלארק ישראל שיווק בעמ,,,"י""ח",1,,false,1,11.90,11.90,false,1,
189260,true,תבניות מלבניות חזקות ועבות,קימברלי קלארק ישראל שיווק בעמ,,,"י""ח",1,,false,1,11.90,11.90,false,1,
189277,true,.תבניות מלבניות גדולות ועמוקות,קימברלי קלארק ישראל שיווק בעמ,,,"י""ח",1,,false,1,11.90,11.90,false,1,
189482,true,תבנית אפייה מקרטון מרובעת,קימברלי קלארק ישראל שיווק בעמ,,,"י""ח",1,"י""ח",false,1,11.90,11.90,false,1,
189505,true,תבנית אפייה מקרטון אינגליש,קימברלי קלארק ישראל שיווק בעמ,,,"י""ח",1,"י""ח",false,1,11.90,11.90,false,1,
189598,true,מטליות לחות חד פעמיות ניקול,קימברלי קלארק ישראל שיווק בעמ,,,"י""ח",100,ל גרם,false,1,9.80,9.80,false,1,
189680,true,זוג מטליות לחות לרצפה,קימברלי קלארק ישראל שיווק בעמ,,,"י""ח",200,ל גרם,false,1,21.90,10.95,false,1,
189871,true,#ניקול אשפתון פחים גדולים 55יח,קימברלי קלארק ישראל שיווק בעמ,,,"י""ח",55,"י""ח",false,1,23.90,0.43,true,1,
190198,true,מטליות לחות לניקוי נירוסטה,קימברלי קלארק ישראל שיווק בעמ,,,"י""ח",1,,false,1,9.80,9.80,false,1,
191225,true,האגיס ליטל בייביס שלב 2 חדש,קימברלי קלארק ישראל שיווק בעמ,,,"י""ח",1,"י""ח",false,1,31.90,31.90,false,1,
192581,true,מגבות ניקול גליל כפול 6=12,קימברלי קלארק ישראל שיווק בעמ,,,"י""ח",6,"י""ח",false,1,21.90,3.65,false,1,
194288,true,משטח החתלה,קימברלי קלארק ישראל שיווק בעמ,,,"י""ח",1,,false,1,22.90,22.90,false,1,
194837,true,שקיות למזון גדולות במיוחד,קימברלי קלארק ישראל שיווק בעמ,,,"י""ח",200,"י""ח",false,1,9.90,0.05,true,1,
195216,true,נייר אפיה לתנור בשקית 50יח,קימברלי קלארק ישראל שיווק בעמ,,,"י""ח",1,"י""ח",false,1,10.90,10.90,false,1,
196763,true,שקיות אשפה ניקול גדול,קימברלי קלארק ישראל שיווק בעמ,,,"י""ח",1,"י""ח",false,1,24.90,24.90,true,1,
197425,true,האגיס פרידום דריי שלב 3,קימברלי קלארק ישראל שיווק בעמ,,,"י""ח",54,"י""ח",false,1,45.90,0.85,true,1,
197456,true,האגיס פרידום דריי שלב 4,קימברלי קלארק ישראל שיווק בעמ,,,"י""ח",44,"י""ח",false,1,45.90,1.04,true,1,
197463,true,האגיס פרידום דריי שלב 4+,קימברלי קלארק ישראל שיווק בעמ,,,"י""ח",42,"י""ח",false,1,45.90,1.09,true,1,
197548,true,האגיס פרידום דריי שלב 5,קימברלי קלארק ישראל שיווק בעמ,,,"י""ח",38,"י""ח",false,1,45.90,1.21,true,1,
197678,true,האגיס פרידום דריי שלב 6,קימברלי קלארק ישראל שיווק בעמ,,,"י""ח",34,"י""ח",false,1,45.90,1.35,true,1,
201818,true,טיטולים פרמיום שלב 2,קימברלי קלארק ישראל שיווק בעמ,,,"י""ח",1,"י""ח",false,1,29.90,29.90,true,1,
201832,true,טיטולים פרמיום שלב 3,קימברלי קלארק ישראל שיווק בעמ,,,"י""ח",1,"י""ח",false,1,29.90,29.90,true,1,
201849,true,טיטולים פרמיום שלב 4,קימברלי קלארק ישראל שיווק בעמ,,,"י""ח",1,"י""ח",false,1,29.90,29.90,true,1,
201856,true,טיטולים פרמיום שלב 4+,קימברלי קלארק ישראל שיווק בעמ,,,"י""ח",1,"י""ח",false,1,29.90,29.90,true,1,
201863,true,טיטולים פרמיום שלב 5,קימברלי קלארק ישראל שיווק בעמ,,,"י""ח",1,"י""ח",false,1,29.90,29.90,true,1,
201870,true,טיטולים פרמיום שלב 6,קימברלי קלארק ישראל שיווק בעמ,,,"י""ח",1,"י""ח",false,1,29.90,29.90,true,1,
204512,true,מטליות לחות לרצפה בריח לימון,קימברלי קלארק ישראל שיווק בעמ,,,"י""ח",1,"י""ח",false,1,11,11,false,1,
205762,true,האגיס אקסטרא קר מידה 3,קימברלי קלארק ישראל שיווק בעמ,,,"י""ח",1,"י""ח",false,1,57.90,57.90,true,1,
205915,true,האגיס אקסטרא קר מידה 4,קימברלי קלארק ישראל שיווק בעמ,,,"י""ח",1,"י""ח",false,1,57.90,57.90,true,1,
209012,true,חומץ 1ליטר]יכין[,זנלכל בעמ,,,"י""ח",600,"ל מ""ל",false,1,6.90,1.15,true,1,
209371,true,שלשות תירס 6OZ,זנלכל בעמ,,,"י""ח",600,ל גרם,false,1,14.90,2.48,false,1,
209388,true,תירס לייט 150 ג שלישיה,זנלכל בעמ,,,"י""ח",1,,false,1,14.90,14.90,false,1,
210469,true,עגב. שלמות A2.5 יכין,זנלכל בעמ,,,"י""ח",800,"ל מ""ל",false,1,9.90,1.24,false,1,
210896,true,רוטב בולונז לפסטה 240 גר`פלסטיק,זנלכל בעמ,,,"י""ח",240,ל גרם,false,1,5.50,2.29,false,1,
211138,true,עיזים הולנד,א. סיימן סחר בעמ,,,"ק""ג",5,"ק""ג",true,1,99.90,19.98,false,1,
253244,true,מרציפן נקי 86גר,תה ויסוצקי (ישראל)בעמ,,,"י""ח",86,ל גרם,false,1,7.90,9.19,false,1,
253374,true,מיני שוקולד ציפס 250גר אופנהיימר,תה ויסוצקי (ישראל)בעמ,,,"י""ח",250,ל גרם,false,1,14.90,5.96,false,1,
253800,true,סוכריות לקישוט צבעים טבעיים 90גר,תה ויסוצקי (ישראל)בעמ,,,"י""ח",90,ל גרם,false,1,7.90,8.78,false,1,
262413,true,האגיס אקסטרא קר מידה 5,קימברלי קלארק ישראל שיווק בעמ,,,"י""ח",1,"י""ח",false,1,57.90,57.90,true,1,
263359,true,האגיס פומלה NB1.,קימברלי קלארק ישראל שיווק בעמ,,,"י""ח",1,"י""ח",false,1,31.90,31.90,false,1,
290101,true,קבב עראיס שקיל,ג`וליה מעדני בשר בעמ,,,"ק""ג",1,"ק""ג",true,1,64.90,64.90,true,1,
290102,true,המבורגר ביתי שקיל,ג`וליה מעדני בשר בעמ,,,"ק""ג",1,"ק""ג",true,1,64.90,64.90,true,1,
290104,true,נקניקיות מרגז שקיל,ג`וליה מעדני בשר בעמ,,,"ק""ג",1,"ק""ג",true,1,64.90,64.90,true,1,
290109,true,מעורב ירושלמי שקיל,ג`וליה מעדני בשר בעמ,,,"ק""ג",1,"ק""ג",true,1,64.90,64.90,false,1,
290122,true,קבב טלה שקיל,ג`וליה מעדני בשר בעמ,,,"ק""ג",1,"ק""ג",true,1,64.90,64.90,true,1,
290189,true,המבורגר אנטריקוט שקיל,ג`וליה מעדני בשר בעמ,,,"ק""ג",1,"ק""ג",true,1,64.90,64.90,true,1,
290230,true,קבב אנגוס שקיל,ג`וליה מעדני בשר בעמ,,,"ק""ג",1,"ק""ג",true,1,64.90,64.90,true,1,
290241,true,קבב אש שקיל,ג`וליה מעדני בשר בעמ,,,"ק""ג",1,"ק""ג",true,1,64.90,64.90,true,1,
290246,true,קבב שקיל,ג`וליה מעדני בשר בעמ,,,"ק""ג",1,"ק""ג",true,1,64.90,64.90,true,1,
290258,true,נקניקיות אנגוס שקיל,ג`וליה מעדני בשר בעמ,,,"ק""ג",1,"ק""ג",true,1,64.90,64.90,true,1,
290300,true,מדליוני טחול שקיל,ג`וליה מעדני בשר בעמ,,,"ק""ג",1,"ק""ג",true,1,89.90,89.90,false,1,
290318,true,נקניקיות בטעם כבד שקיל,ג`וליה מעדני בשר בעמ,,,"ק""ג",1,"ק""ג",true,1,64.90,64.90,true,1,
290340,true,כרעיים מתובל לתנור שקיל,ג`וליה מעדני בשר בעמ,,,"ק""ג",1,,true,1,35.90,35.90,false,1,
311272,true,וופל חלבה 180 גר`מן,ח.כהן סוכנות מזון ומשקאות בע,,,"י""ח",180,ל גרם,false,1,4.40,2.44,false,1,
311869,true,וופל שוקולד ללא סוכר 180ג מן,ח.כהן סוכנות מזון ומשקאות בע,,,"י""ח",180,ל גרם,false,1,7.90,4.39,false,1,
311876,true,"וופלים וניל לל""ס 180גר מן",ח.כהן סוכנות מזון ומשקאות בע,,,"י""ח",200,ל גרם,false,1,7.90,3.95,false,1,
315140,true,"קורנפלקס מלאה 500גר בד""ץ",יוניליוור ישראל שיווק בעמ,,,"י""ח",575,ל גרם,false,1,17.90,3.11,false,1,
317970,true,פסטרמה כפרית שקילה טירת צבי,תנובה בשר,,,"ק""ג",1000,ל גרם,true,1,54.90,5.49,false,1,
318103,true,פסטרמה ברביקיו}יחיעם{,מעדני יחיעם 1993 בעמ,,,"ק""ג",1,,true,1,67.60,67.60,true,1,
318165,true,פסטרמה אמיתי צליה{יחיעם},מעדני יחיעם 1993 בעמ,,,"ק""ג",1,,true,1,78.70,78.70,true,1,
318189,true,פסטרמה ברביקיו על האש 300גר.,מעדני יחיעם 1993 בעמ,,,"י""ח",300,ל גרם,false,1,29.90,9.97,false,1,
319049,true,פסטרמה גלילית יחיעם.,מעדני יחיעם 1993 בעמ,,,"ק""ג",1000,ל גרם,true,1,44.90,4.49,true,1,
319247,true,נקניק פריזר 600גר,מעדני יחיעם 1993 בעמ,,,"י""ח",600,ל גרם,false,1,15.90,2.65,false,1,
319292,true,"נקניקיות וינר פלוס1 ק""ג",מעדני יחיעם 1993 בעמ,,,"י""ח",1,"ק""ג",false,1,19.90,19.90,false,1,
319339,true,סלמי פרח}יחיעם{,מעדני יחיעם 1993 בעמ,,,"ק""ג",1,,true,1,89,89,false,1,
319391,true,"נקניקיות צ`ופר 1 ק""ג",מעדני יחיעם 1993 בעמ,,,"י""ח",1,"ק""ג",false,1,20.90,20.90,false,1,
319728,true,איטלקי מפולפל{יחיעם},מעדני יחיעם 1993 בעמ,,,"ק""ג",1000,ל גרם,true,1,67.60,6.76,true,1,
319759,true,סלמי תה שקיל,מעדני יחיעם 1993 בעמ,,,"ק""ג",800,ל גרם,true,1,44,5.50,true,1,
319803,true,קבנוס קלאסי 125ג,מעדני יחיעם 1993 בעמ,,,"י""ח",125,ל גרם,false,1,13.90,11.12,true,1,
319834,true,קבנוס פפרוני קלאסי 125ג,מעדני יחיעם 1993 בעמ,,,"י""ח",125,ל גרם,false,1,13.90,11.12,true,1,
319971,true,צלעות בקר על האש,מעדני יחיעם 1993 בעמ,,,"ק""ג",1,"ק""ג",true,1,120,120,false,1,
364261,true,סלסולי כתף בקר 120גר`,תנובה בשר,,,"י""ח",120,ל גרם,false,1,13.90,11.58,false,1,
364292,true,סלסולי פסטרמה גחלים 120גר`,תנובה בשר,,,"י""ח",120,ל גרם,false,1,13.90,11.58,false,1,
365046,true,כתף בקר מעושן משקל{טירת צבי},תנובה בשר,,,"ק""ג",1,,true,1,89,89,false,1,
369037,true,סלט קוביות בולגרית 200גר,גבינות עמיר ניצן בעמ,,,"י""ח",200,ל גרם,false,1,16.90,8.45,false,1,
369341,true,לבנה אבו גוש גדול שקיל,גבינות עמיר ניצן בעמ,,,"ק""ג",1,"ק""ג",true,1,49.90,49.90,false,1,
369617,true,כדורי רחוב 150גר,גבינות עמיר ניצן בעמ,,,"י""ח",150,ל גרם,false,1,17.90,11.93,false,1,
369709,true,ממרח חמאה 100גרם,גבינות עמיר ניצן בעמ,,,"י""ח",100,ל גרם,false,1,13.90,13.90,false,1,
379240,true,חלה רגילה מרובעת 500 גרם*,שלמה א.אנג ל בעמ,,,"י""ח",500,ל גרם,false,1,5.10,1.02,false,1,
400100,true,"סה""כ עבר לכספר",שונות /שרות,,,"י""ח",250,"ל מ""ל",false,1,0.10,0.04,false,1,
416809,true,ממרח שחר חצי חצי מובחר למריחה 350 חלבי,השחר העולה תעשית ממתקים,,,"י""ח",350,ל גרם,false,1,10.90,3.11,false,1,
416861,true,ממרח השחר קלאסי 750גר חלבי,השחר העולה תעשית ממתקים,,,"י""ח",750,ל גרם,false,1,19.90,2.65,false,1,
416922,true,ממרח חלב שחר 350 חלבי,השחר העולה תעשית ממתקים,,,"י""ח",350,ל גרם,false,1,10.90,3.11,false,1,
419374,true,מארז לנדוור טחון טורקי 3*100גרם,ש.שסטוביץ בעמ,,,"י""ח",200,ל גרם,false,1,18.90,9.45,false,1,
446745,true,חמאה שקדים 350ג,בטר אנד דיפרנט בעמ,,,"י""ח",350,ל גרם,false,1,39.40,11.26,false,1,
453200,true,בלילה מצוננת פנקייק שמרית 750גר,שטראוס גרופ ***בעמ,,,"י""ח",750,ל גרם,false,1,21.90,2.92,true,1,
453385,true,שמרים יבשים פאקא אינסטנט שקית 500גר,שטראוס גרופ בעמ,,,"י""ח",500,ל גרם,false,1,12.90,2.58,true,1,
453408,true,בצק פיצה דק ומוכן לאפיה שמרית 415גר,שטראוס גרופ ***בעמ,,,"י""ח",415,ל גרם,false,1,16.90,4.07,true,1,
453415,true,בצק עלים מצונן ומוכן לאפיה שמרית 300גר,שטראוס גרופ ***בעמ,,,"י""ח",300,ל גרם,false,1,14.90,4.97,true,1,
453781,true,שמרים יבשים 125ג שמרית.,שטראוס גרופ בעמ,,,"י""ח",125,ל גרם,false,1,5.90,4.72,true,1,
453798,true,שמרים אקטיבים 500גר עלית,שטראוס גרופ בעמ,,,"י""ח",500,ל גרם,false,1,15,3,true,1,
453866,true,נטורינה קוקוס 200גר,שטראוס גרופ ***בעמ,,,"י""ח",200,ל גרם,false,1,7.90,3.95,true,1,
462141,true,סחוג אדום חריף זהבי 150גר`,שטראוס גרופ ***בעמ,,,"י""ח",150,ל גרם,false,1,7.90,5.27,true,1,
462981,true,זחוק חריף אש 150גרם אחלה,שטראוס גרופ ***בעמ,,,"י""ח",150,ל גרם,false,1,7.90,5.27,true,1,
467320,true,חומוס אבו מרוואן 400גר,קבוצת אוסם סחר-שות.מוגבלת,,,"י""ח",400,ל גרם,false,1,14.80,3.70,true,1,
481074,true,לחם דגנים טריו מלא }דגנית {750,דגנית עין בר ~~~,,,"י""ח",750,ל גרם,false,1,15.90,2.12,false,1,
481531,true,מארז 10 לחמניות מחיטה מלאה,דגנית עין בר ~~~,,,"י""ח",1,,false,1,12.90,12.90,false,1,
481883,true,מארז 10 לחמניות אצבע.,דגנית עין בר ~~~,,,"י""ח",1,,false,1,11.90,11.90,false,1,
518220,true,סוכרה דיאט 100 יח.,מתוק וקל בעמ,,,"י""ח",100,"י""ח",false,1,26.90,0.27,false,1,
518336,true,צמר גפן מתוק,מתוק וקל בעמ,,,"י""ח",25,ל גרם,false,1,4.90,19.60,true,1,
521008,true,יין סגל אדום יבש,טמפו משקאות בעמ,,,"י""ח",750,"ל מ""ל",false,1,21.90,2.88,true,1,
521015,true,יין סגל לבן,טמפו משקאות בעמ,,,"י""ח",750,"ל מ""ל",false,1,21.90,2.88,true,1,
523804,true,"מלח עדין 1 ק""ג צנצנת הארץ",סוגת תעשיות בעמ,,,"י""ח",1,"ק""ג",false,1,6.90,6.90,false,1,
523811,true,"מלח גס 1 ק""ג צנצנת הארץ",סוגת תעשיות בעמ,,,"י""ח",1,"ק""ג",false,1,6.90,6.90,false,1,
524191,true,עוגיות מובחרות כעכים ריפעת,שיבולים ייצור ושיווק מאפה בעמ,,,"י""ח",400,ל גרם,false,1,16.90,4.23,false,1,
530024,true,תה מעושן רחב זוגלובק,זוגלובק שיווק בעמ,,,"ק""ג",1000,ל גרם,true,1,44.90,4.49,false,1,
530031,true,פיין סלמי זוגלובק,זוגלובק שיווק בעמ,,,"י""ח",1000,ל גרם,true,1,55.20,5.52,false,1,
530062,true,מעושן איטלקי]זוגלובק[,זוגלובק שיווק בעמ,,,"ק""ג",1,"י""ח",true,1,75.60,75.60,false,1,
536743,true,קריספי סטיקס תירס 500 גרם,זוגלובק שיווק בעמ,,,"י""ח",1.50,"ק""ג",false,1,10,6.67,true,1,
540931,true,עוגיות 400ג טעמים שונים,ציון תורגמן בעמ,,,"י""ח",400,ל גרם,false,1,12.90,3.23,false,1,
554532,true,צפתית גד מעודנת 5% במלח ים טבעי 200 ג,מחלבות גד,,,"י""ח",200,"ל מ""ל",false,1,13.90,6.95,false,1,
554655,true,מוצרלה נקניק מעושן,מחלבות גד,,,"ק""ג",150,ל גרם,true,1,76.90,51.27,false,1,
554815,true,גבינה מוצרלה משק}גד{,מחלבות גד,,,"ק""ג",1,,true,1,79.90,79.90,false,1,
555502,true,אריזת פקדון(חוק פקדון),שונות /שרות,,,"י""ח",1,,false,1,0.60,0.60,false,1,
555503,true,פיקדון X 6,שונות /שרות,,,"י""ח",1,,false,1,3.60,3.60,false,1,
555504,true,פיקדון X 4,שונות /שרות,,,"י""ח",1,,false,1,1.20,1.20,false,1,
555509,true,פיקדון 12X,שונות /שרות,,,"י""ח",1,,false,1,3.60,3.60,false,1,
555513,true,פיקדון *5בקבוקים,טמפו משקאות בעמ,,,"י""ח",1,,false,1,1.50,1.50,false,1,
570576,true,חצי באגט,לפ מאפיית גילת בעמ,,,"י""ח",0,"י""ח",false,1,2.90,2.90,false,1,
574066,true,לחם מקמחים מלאים ושיפון בלבד 750גר,דגנית עין בר ~~~,,,"י""ח",750,ל גרם,false,1,13.90,1.85,false,1,
574172,true,לחם קל מחיטה מלאה 750גר`,דגנית עין בר ~~~,,,"י""ח",750,ל גרם,false,1,14.90,1.99,false,1,
574455,true,לחם חיטה מלא פלוס כוסמין 750גר,דגנית עין בר ~~~,,,"י""ח",750,ל גרם,false,1,14.90,1.99,false,1,
630519,true,עוף טרי שלם מוכשר(קצביה)**.,ח.י. מעדני גורמה בעמ,,,"ק""ג",1,"ק""ג",true,1,19.90,19.90,false,1,
631059,true,כבד עוף טרי(קצביה) **.,ח.י. מעדני גורמה בעמ,,,"ק""ג",1,"ק""ג",true,1,29.90,29.90,true,1,
632278,true,שניצל עוף פרימיום נקי ודק דק[קצביה].,ח.י. מעדני גורמה בעמ,,,"ק""ג",1,"ק""ג",true,1,49.90,49.90,true,1,
632308,true,חזה עוף חצוי נקי טרי(קצביה )**.,ח.י. מעדני גורמה בעמ,,,"ק""ג",1,,true,1,42.80,42.80,true,1,
641751,true,חזה הודו טרי נז קצביה**,ח.י. מעדני גורמה בעמ,,,"ק""ג",1,,true,1,34.90,34.90,false,1,
642840,true,שוקיים הודו טרי**,ח.י. מעדני גורמה בעמ,,,"ק""ג",1,,true,1,29.90,29.90,false,1,
643243,true,שווארמה הודו נקבה}קצביה{**,ח.י. מעדני גורמה בעמ,,,"ק""ג",1,,true,1,74.90,74.90,false,1,
643946,true,כנף הודו טרי}קצביה{**,ח.י. מעדני גורמה בעמ,,,"ק""ג",1,,true,1,14.90,14.90,false,1,
644356,true,גרון הודו טרי(קצביה)**,ח.י. מעדני גורמה בעמ,,,"ק""ג",1,,true,1,32.90,32.90,false,1,
644783,true,דג סלמון קפוא מנות תנובה,תנובה בשר,,,"ק""ג",1,"ק""ג",true,1,89.90,89.90,false,1,
646299,true,פילה נסיכת נילוס 100% דג,תנובה בשר,,,"ק""ג",1,,true,1,54.90,54.90,false,1,
655376,true,פילה דניס קפוא,תנובה בשר,,,"ק""ג",1,,true,1,89.90,89.90,false,1,
657657,true,מאפים טריים במשקל אפיה מקומית.,ג נרל מילס ישראל בעמ,,,"ק""ג",1,,true,1,44.90,44.90,true,1,
658926,true,פילה מרלוזה קפוא 100% דג,תנובה בשר,,,"ק""ג",1,,true,1,29.90,29.90,false,1,
662213,true,נתח פילה סלמון מנה בודדת,תנובה בשר,,,"ק""ג",1,"ק""ג",true,1,89.90,89.90,false,1,
663036,true,פילה אמנון ללא עור קפוא,תנובה בשר,,,"ק""ג",1,,true,1,30,30,false,1,
663135,true,קוביות סלמון קפוא 300ג,תנובה בשר,,,"י""ח",300,ל גרם,false,1,26,8.67,false,1,
666601,true,פיקדון 0.30.,שונות /שרות,,,"י""ח",1,"י""ח",false,1,0.30,0.30,false,1,
672844,true,חלה רגילה (אפיה מקומית),ג נרל מילס ישראל בעמ,,,"י""ח",1,,false,1,10.90,10.90,true,1,
688381,true,מי עדן שישיה 0.5 ליטר,יפאורה שותפות מוגבלת לשיווק,,,"י""ח",3,ליטר,false,1,13.90,4.03,true,1,
688428,true,מי מינרלים בודד חצי ליטר,יפאורה שותפות מוגבלת לשיווק,,,"י""ח",500,"ל מ""ל",false,1,3,0.54,false,1,
688503,true,"מי עדן שישייה ג ים 750 מ""ל",יפאורה שותפות מוגבלת לשיווק,,,"י""ח",4.50,ליטר,false,1,16.50,3.27,true,1,
903119,true,משמש ענק תפזורת,ח.כהן סוכנות מזון ומשקאות בע,,,"ק""ג",1,,true,1,59,59,false,1,
905029,true,שקד מולבן טחון תפזורת,ח.כהן סוכנות מזון ומשקאות בע,,,"ק""ג",100,ל גרם,true,1,99,99,false,1,
912152,true,חוויג למרק,ח.כהן סוכנות מזון ומשקאות בע,,,"ק""ג",1,,true,1,59,59,false,1,
912250,true,צימוק כהה,ח.כהן סוכנות מזון ומשקאות בע,,,"ק""ג",1,,true,1,25,25,false,1,
912259,true,שקדים פרוס,ח.כהן סוכנות מזון ומשקאות בע,,,"ק""ג",1,,true,1,99,99,false,1,
912260,true,שקד מולבן,ח.כהן סוכנות מזון ומשקאות בע,,,"ק""ג",1,,true,1,99.90,99.90,false,1,
912280,true,חמוציות שלמות,ח.כהן סוכנות מזון ומשקאות בע,,,"ק""ג",1,,true,1,35,35,false,1,
961804,true,דלעת ארוזה שקיל,ביכורי השדה צפון 1994 ג.ד. בעמ,,,"ק""ג",1,,true,1,12.90,12.90,false,1,
977065,true,חומוס קלוי שקיל,****דין שיווק וקליה 2021 בעמ,,,"ק""ג",1,,true,1,40,40,false,1,
978024,true,בננה ציפס שקיל,****דין שיווק וקליה 2021 בעמ,,,"ק""ג",1,,true,1,35,35,false,1,
990261,true,"חומוס 1 ק""ג סוגת.",סוגת תעשיות בעמ,,,"י""ח",1,"ק""ג",false,1,14.90,14.90,true,1,
995410,true,נבטים,ביכורי השדה צפון 1994 ג.ד. בעמ,,,"י""ח",1,,false,1,6.90,6.90,false,1,
1022016,true,גבינת ריקוטה 5% שקיל,ג.וילי פוד אינטרנשיונל בעמ,,,"ק""ג",400,ל גרם,true,1,30.90,7.73,false,1,
1041130,true,ממרח תמרים מיה,מיה תעשיות מזון מ.ת.מ בעמ,,,"י""ח",450,ל גרם,false,1,5.90,1.31,false,1,
1121092,true,פסטרמה עוף בגריל{יחיעם},מעדני יחיעם 1993 בעמ,,,"ק""ג",1,,true,1,78.70,78.70,true,1,
1121146,true,פסטרמה הודו מעושנת{יחיעם},מעדני יחיעם 1993 בעמ,,,"ק""ג",1,,true,1,78.70,78.70,true,1,
1121795,true,נקניקיות עוף חריפות 400גרם,מעדני יחיעם 1993 בעמ,,,"י""ח",400,ל גרם,false,1,11.90,2.98,false,1,
1121849,true,פסטרמה הודו 100% חומרים טבעיים 250גרם,מעדני יחיעם 1993 בעמ,,,"י""ח",250,ל גרם,false,1,24.90,9.96,false,1,
1121931,true,קבנוס מקסיקני דק דק 125גר,מעדני יחיעם 1993 בעמ,,,"י""ח",125,ל גרם,false,1,13.90,11.12,true,1,
1123041,true,בשר 5 חלק,נטו מלינדה סחר בעמ,,,"ק""ג",1,,true,1,59.90,59.90,false,1,
1201510,true,ביצים M 30 יח,מ.לסר בעמ,,,"י""ח",30,"י""ח",false,1,27.80,0.93,false,1,
1201602,true,ביצים L 18יח,מ.לסר בעמ,,,"י""ח",18,"י""ח",false,1,18,1,false,1,
1201619,true,ביצים M 18יח,מ.לסר בעמ,,,"י""ח",18,"י""ח",false,1,16.70,0.93,false,1,
1216040,true,"טחינה""אל ארז""רגילה 500גר",סוגת תעשיות בעמ,,,"י""ח",500,ל גרם,false,1,13.90,2.78,false,1,
1216057,true,"טחינה אל ארז 1ק""ג",סוגת תעשיות בעמ,,,"י""ח",1,"ק""ג",false,1,28.90,28.90,false,1,
1230331,true,כאמל בוקס בודד.,גלוברנדס בעמ,,,"י""ח",1,,false,1,31,31,false,1,
1230739,true,קאמל כחול בודד,גלוברנדס בעמ,,,"י""ח",1,,false,1,31,31,false,1,
1231932,true,וינסטון כחול בודד.,גלוברנדס בעמ,,,"י""ח",1,,false,1,32.50,32.50,false,1,
1235938,true,וינסטון כחול ארוך,גלוברנדס בעמ,,,"י""ח",1,,false,1,32.50,32.50,false,1,
1245798,true,נ.כלים לימון 1.6 ל`טאצ,סאסאטק אגשח בעמ,,,"י""ח",1.60,ליטר,false,1,11.90,7.44,true,1,
1245835,true,נוזל רצפות אורנים 4ליטר טאצ`,סאסאטק אגשח בעמ,,,"י""ח",4,ליטר,false,1,14.90,3.73,true,1,
1245842,true,נוזל רצפות מאסק 4ליטר טאצ`,סאסאטק אגשח בעמ,,,"י""ח",4,ליטר,false,1,14.90,3.73,true,1,
1246184,true,מבשם נטול גז 350 מ``ל טאצ,סאסאטק אגשח בעמ,,,"י""ח",350,"ל מ""ל",false,1,9.90,2.83,false,1,
1246221,true,"מטהר אוויר לימון 300מ""ל טאצ`",סאסאטק אגשח בעמ,,,"י""ח",300,"ל מ""ל",false,1,4.90,1.63,false,1,
1246276,true,"מטהר אוויר אורנים 300מ""ל טאצ`",סאסאטק אגשח בעמ,,,"י""ח",300,"ל מ""ל",false,1,5.70,1.90,false,1,
1246337,true,"גל אסלות אורנים 750מ""ל טאצ`",סאסאטק אגשח בעמ,,,"י""ח",750,"ל מ""ל",false,1,9.90,1.32,false,1,
1246351,true,נוזל רצפות לבנדר 4ליטר טאצ`.,סאסאטק אגשח בעמ,,,"י""ח",4,ליטר,false,1,14.90,3.73,true,1,
1246474,true,"תרסיס לניקוי שטיחים 600מ""ל טאצ`",סאסאטק אגשח בעמ,,,"י""ח",600,"ל מ""ל",false,1,15.90,2.65,false,1,
1246528,true,מרכך כביסה מרוכז פרםיום מיסטרי 1 ל`טא,סאסאטק אגשח בעמ,,,"י""ח",1,ליטר,false,1,13.90,13.90,true,1,
1246757,true,נוזל רצפות מלון בוטיק 2ליטר טאצ`,סאסאטק אגשח בעמ,,,"י""ח",2,ליטר,false,1,18.90,9.45,true,1,
1246764,true,נוזל רצפות ספא מפנק 2ליטר טאצ`,סאסאטק אגשח בעמ,,,"י""ח",2,ליטר,false,1,18.90,9.45,true,1,
1322727,true,צלי כתף מס 5 קפוא הרב בעדני,בלדי בעמ,,,"ק""ג",1,"ק""ג",true,1,65,65,true,1,
1343845,true,"גרנולה פירות 1ק""ג",דין שיווק וקליה 2021 בעמ,,,"י""ח",1,"ק""ג",false,1,19.90,19.90,true,1,
1407592,true,"טחינה גולמית בארכה פי 6 סידן 1 ק""ג",קבוצת אוסם סחר-שות.מוגבלת,,,"י""ח",1,"ק""ג",false,1,24.90,24.90,false,1,
1415407,true,לחמנית קשר פילסברי,ג נרל מילס ישראל בעמ,,,"י""ח",500,ל גרם,false,1,2.50,0.50,true,1,
1419618,true,וופל בלגי שוקו 200גר`,ח.כהן סוכנות מזון ומשקאות בע,,,"י""ח",200,ל גרם,false,1,2.80,1.40,true,1,
1436790,true,מרגז מיני נקניקיות 500ג,בלדי בעמ,,,"י""ח",500,ל גרם,false,1,30.90,6.18,false,1,
1444160,true,"שמן זית כתית מעולה מ עץ הזית 750 מ""ל.",סוגת תעשיות בעמ,,,"י""ח",750,"ל מ""ל",false,1,33.90,4.52,true,1,
1455456,true,פילה נסיכת הנילוס פרוס,בלדי בעמ,,,"ק""ג",1,"ק""ג",true,1,52,52,false,1,
1476208,true,ברי פיקאן משולש משקל גד,מחלבות גד,,,"ק""ג",1,,true,1,129,129,false,1,
1482049,true,בולגריה בקוביות עם שמן ותבלינים שקיל,ג.וילי פוד אינטרנשיונל בעמ,,,"ק""ג",1,,true,1,65,65,false,1,
1482094,true,פרמזנו 200 ג ויליפוד,ג.וילי פוד אינטרנשיונל בעמ,,,"י""ח",200,ל גרם,false,1,18.90,9.45,false,1,
1532195,true,מקרל בוואקום שקילה,בידאני נתן,,,"ק""ג",1,"ק""ג",true,1,99,99,false,1,
1532249,true,מקרוסקה מעושן שקילה,בידאני נתן,,,"ק""ג",1,"ק""ג",true,1,119.90,119.90,false,1,
1552049,true,סולטנה קוסקוס מרוקאי}מטעמי פאר{,מטעמי פאר (א.מ.נ) בעמ,,,"י""ח",800,ל גרם,false,1,15.90,1.99,false,1,
1567043,true,פסטרמה מעודנת על האש,מעדני יחיעם 1993 בעמ,,,"ק""ג",1,,true,1,44.90,44.90,true,1,
1567142,true,סלמי תה מפולפל שקיל {יחיעם},מעדני יחיעם 1993 בעמ,,,"ק""ג",800,ל גרם,true,1,44.90,5.61,true,1,
1567760,true,פסטרמה של פעם 300ג,מעדני יחיעם 1993 בעמ,,,"י""ח",300,ל גרם,false,1,24.90,8.30,false,1,
1567807,true,כתף בקר מעושן 250ג,מעדני יחיעם 1993 בעמ,,,"י""ח",250,ל גרם,false,1,32.90,13.16,false,1,
1567814,true,סלמי מעושן בסגנון איטלקי 300ג,מעדני יחיעם 1993 בעמ,,,"י""ח",300,ל גרם,false,1,19.90,6.63,false,1,
1567906,true,פסטרמה מעודנת 200ג,מעדני יחיעם 1993 בעמ,,,"י""ח",200,ל גרם,false,1,12.90,6.45,false,1,
1567937,true,איטלקי מפולפל 200ג,מעדני יחיעם 1993 בעמ,,,"י""ח",200,ל גרם,false,1,12.90,6.45,false,1,
1591505,true,סטייק דג טונה קפוא עם עור מחנה יהודה.,נטו מלינדה סחר בעמ,,,"ק""ג",1,"ק""ג",true,1,39.90,39.90,true,1,
1591550,true,פילה אמנון ללא עור מחנה יהודה.,נטו מלינדה סחר בעמ,,,"ק""ג",1,"ק""ג",true,1,37.90,37.90,true,1,
1591567,true,פילה אמנון 100% מחנה יהודה.,נטו מלינדה סחר בעמ,,,"ק""ג",1,"ק""ג",true,1,36.90,36.90,true,1,
1591574,true,פילה אמנון 80% מחנה יהודה.,נטו מלינדה סחר בעמ,,,"ק""ג",1,"ק""ג",true,1,26.90,26.90,true,1,
1591604,true,המבורגר אנגוס מחנה יהודה 600גר,נטו מלינדה סחר בעמ,,,"י""ח",600,ל גרם,false,1,29.90,4.98,true,1,
1591611,true,קבבוני אנגוס עגול מחנה יהודה 500גר,נטו מלינדה סחר בעמ,,,"י""ח",500,ל גרם,false,1,29.90,5.98,true,1,
1591628,true,קבב על מקל מחנה יהודה 500גר,נטו מלינדה סחר בעמ,,,"י""ח",500,ל גרם,false,1,29.90,5.98,true,1,
1591635,true,נקניקיות מרגז סגנון מרוקאי מחנה יהודה,נטו מלינדה סחר בעמ,,,"י""ח",500,ל גרם,false,1,29.90,5.98,true,1,
1591642,true,קבבוני טלה מחנה יהודה 500גר.,נטו מלינדה סחר בעמ,,,"י""ח",500,ל גרם,false,1,29.90,5.98,true,1,
1648919,true,קפה כתר 70גר3*.,רוני רג ואן,,,"י""ח",210,ל גרם,false,1,12.90,6.14,false,1,
1713150,true,אקונומיקה קצף ניקוי 1ליטר מרסס,קומפלקס כימיקלסבעמ ~~~,,,"י""ח",1,,false,1,9.90,9.90,false,1,
1879627,true,פילה עוף טרי**,ח.י. מעדני גורמה בעמ,,,"ק""ג",1,,true,1,49.90,49.90,true,1,
1946121,true,פפריקה 400גר`,דין שיווק וקליה 2021 בעמ,,,"י""ח",400,ל גרם,false,1,19.90,4.98,false,1,
1979099,true,מאפים מלוחים/מתוקים שקיל,****דין שיווק וקליה 2021 בעמ,,,"ק""ג",1,,true,1,39,39,false,1,
2013006,true,פסטרמה מקסיקנית,זוגלובק שיווק בעמ,,,"ק""ג",1,,true,1,76.90,76.90,false,1,
2013174,true,פסטרמה של פעם שקיל,זוגלובק שיווק בעמ,,,"ק""ג",1,,true,1,76.90,76.90,false,1,
2043218,true,צ`יפס אורז חום מלא מלוח 60גר,א.ל.יצור ושיווקתבלינים בעמ,,,"י""ח",60,ל גרם,false,1,6.90,11.50,true,1,
2043782,true,צ`יפס אורז חום מלא טקסס ברביקיו 60גר,א.ל.יצור ושיווקתבלינים בעמ,,,"י""ח",60,ל גרם,false,1,6.90,11.50,true,1,
2043881,true,באר אקסטרה תפוז בציפוי שוקולד מריר 90גר,א.ל.יצור ושיווקתבלינים בעמ,,,"י""ח",90,ל גרם,false,1,13.90,15.44,true,1,
2057437,true,שיפקונית A-2,קבוצת יבנה מוצרי מזון בעמ,,,"י""ח",560,ל גרם,false,1,9.90,1.77,false,1,
2065616,true,לחם שיפון גרעינים 750גר`,שלמה א.אנג ל בעמ,,,"י""ח",750,ל גרם,false,1,12.90,1.72,false,1,
2065623,true,לחם שיפון כפרי 750גר`,שלמה א.אנג ל בעמ,,,"י""ח",750,ל גרם,false,1,12.90,1.72,false,1,
2105015,true,רבע כבש מחפוד קפוא,עוף ירושלים שיווק בעמ,,,"ק""ג",1,"ק""ג",true,1,99.90,99.90,false,1,
2105145,true,בשר מס `2מחפוד,עוף ירושלים שיווק בעמ,,,"ק""ג",1,"ק""ג",true,1,45,45,false,1,
2105183,true,צלי כתף 5 בקר קפוא מחפוד,עוף ירושלים שיווק בעמ,,,"ק""ג",0,ל גרם,true,1,99,99,false,1,
2105190,true,פילה מדומה 6 בקר קפאו מחפוד,עוף ירושלים שיווק בעמ,,,"ק""ג",1,"ק""ג",true,1,59.90,59.90,false,1,
2105220,true,שריר הזרוע 8 בקר קפוא מחפוד,עוף ירושלים שיווק בעמ,,,"ק""ג",1,,true,1,54.90,54.90,false,1,
2105503,true,המבורגר מחפוד 500גר`,עוף ירושלים שיווק בעמ,,,"י""ח",500,ל גרם,false,1,17.50,3.50,false,1,
2105510,true,קבב מזרחי 500גר` מחפוד,עוף ירושלים שיווק בעמ,,,"י""ח",500,ל גרם,false,1,18.90,3.78,false,1,
2105527,true,גולש בקר800 גר`מחפוד,עוף ירושלים שיווק בעמ,,,"י""ח",800,ל גרם,false,1,44.90,5.61,false,1,
2105541,true,סטייק אנטריקוט 800גר`,עוף ירושלים שיווק בעמ,,,"י""ח",800,ל גרם,false,1,44.90,5.61,false,1,
2105565,true,טחון הודו 500גר`מחפוד,עוף ירושלים שיווק בעמ,,,"י""ח",500,ל גרם,false,1,12.90,2.58,false,1,
2105572,true,צלי כתף מעובד מחפוד,עוף ירושלים שיווק בעמ,,,"ק""ג",1,"ק""ג",true,1,44.90,44.90,false,1,
2105671,true,טחון עוף 500 גר`מחפוד,עוף ירושלים שיווק בעמ,,,"י""ח",500,ל גרם,false,1,12.90,2.58,false,1,
2105749,true,"טחון בקר%100ק""ג קפוא מחפוד",עוף ירושלים שיווק בעמ,,,"י""ח",1,"ק""ג",false,1,39.90,39.90,false,1,
2105756,true,"טחון בקר 1ק""ר קפוא מחפוד",עוף ירושלים שיווק בעמ,,,"י""ח",1,"ק""ג",false,1,34.90,34.90,false,1,
2105770,true,"קבב כבש קציצות ביתי קפוא מחפוד 1ק""ג",עוף ירושלים שיווק בעמ,,,"י""ח",1,"ק""ג",false,1,41.90,41.90,false,1,
2107316,true,טבורוג גבינה,*החברה המרכזית להפצת משקאותבעמ,,,"ק""ג",1,,true,1,43.90,43.90,false,1,
2107385,true,מה עז 180 גרם צוריאל,*החברה המרכזית להפצת משקאותבעמ,,,"י""ח",180,ל גרם,false,1,23.30,12.94,true,1,
2109372,true,בורקס פילו אצבעות בולגרית 700גר`,נטו מלינדה סחר בעמ,,,"י""ח",600,ל גרם,false,1,13.30,2.22,true,1,
2129479,true,פיצה איטלקית דקה שלושת האופים 320גר,נטו מלינדה סחר בעמ,,,"י""ח",320,ל גרם,false,1,16.90,5.28,true,1,
2129486,true,פיצה איטלקית דקה שלושת האופים 340גר,נטו מלינדה סחר בעמ,,,"י""ח",340,ל גרם,false,1,16.90,4.97,true,1,
2157953,true,טונה קנולה 140ג 1/4,נטו מלינדה סחר בעמ,,,"י""ח",560,ל גרם,false,1,19.90,3.55,true,1,
2157960,true,טונה במים 140ג 1/4,נטו מלינדה סחר בעמ,,,"י""ח",560,ל גרם,false,1,19.90,3.55,true,1,
2195054,true,המבורגר בלדי 400גרם ארוז,בלדי בעמ,,,"י""ח",400,ל גרם,false,1,13.90,3.48,false,1,
2195078,true,קבב כבש 400גרם ארוז,בלדי בעמ,,,"י""ח",400,ל גרם,false,1,13.90,3.48,false,1,
2195085,true,קבב מזרחי 400גרם ארוז,בלדי בעמ,,,"י""ח",400,ל גרם,false,1,13.90,3.48,false,1,
2195092,true,קבב רומני 400גרם ארוז,בלדי בעמ,,,"י""ח",400,ל גרם,false,1,13.90,3.48,false,1,
2198031,true,פסטרמה פרגיות ללחמניה.,זוגלובק שיווק בעמ,,,"י""ח",1,,true,1,76.90,76.90,false,1,
2198048,true,פסטרמה הודו בתיבול שווארמה,זוגלובק שיווק בעמ,,,"י""ח",1,,true,1,76.90,76.90,false,1,
2263562,true,"רוטב לימון משומר 200מ""ל",א.ל.יצור ושיווקתבלינים בעמ,,,"י""ח",200,"ל מ""ל",false,1,6.70,3.35,false,1,
2263661,true,"מיץ לימון 100% טבעי 250מ""ל מימון",א.ל.יצור ושיווקתבלינים בעמ,,,"י""ח",250,"ל מ""ל",false,1,7.90,3.16,false,1,
2269953,true,מסיר איפור בלוז 2 פאזות/כחול,@@@ החב הדרומית לשיווק בעמ,,,"י""ח",1,,false,1,29.90,29.90,false,1,
2278528,true,זוג כריות ניקוי כלים,ח.כהן סוכנות מזון ומשקאות בע,,,"י""ח",2,"י""ח",false,1,7.90,3.95,false,1,
2281382,true,נתחי פילה סלמון נורבגי מנות,נטו מלינדה סחר בעמ,,,"ק""ג",1,"ק""ג",true,1,99,99,false,1,
2281405,true,סלט סלמון מעושן 160*2יח,נטו מלינדה סחר בעמ,,,"י""ח",320,ל גרם,false,1,9.90,3.09,false,1,
2281429,true,סטייק דג טונה קפוא ללא עור,נטו מלינדה סחר בעמ,,,"ק""ג",1,"ק""ג",true,1,54.90,54.90,false,1,
2281436,true,סטייק דג טונה בהירה קפוא ללא עור,נטו מלינדה סחר בעמ,,,"ק""ג",1,,true,1,44.90,44.90,false,1,
2281443,true,סטייק דג טונה קפוא עם עור,נטו מלינדה סחר בעמ,,,"ק""ג",1,"ק""ג",true,1,39.90,39.90,true,1,
2281467,true,מארז 3 פיצות טוב טעם,נטו מלינדה סחר בעמ,,,"י""ח",3,"י""ח",false,1,37.90,12.63,false,1,
2281498,true,מגורדת 500ג ריץ,נטו מלינדה סחר בעמ,,,"י""ח",500,ל גרם,false,1,17.90,3.58,false,1,
2291046,true,המבורגר מסעדות 480 ג`,בלדי בעמ,,,"י""ח",480,ל גרם,false,1,25.90,5.40,false,1,
2292142,true,קבב אנגוס 700ג עטרה,נטו מלינדה סחר בעמ,,,"י""ח",700,ל גרם,false,1,29.90,4.27,false,1,
2292159,true,בורגר אנגוס 700ג עטרה,נטו מלינדה סחר בעמ,,,"י""ח",700,ל גרם,false,1,29.90,4.27,false,1,
2292166,true,קבבוני טלה 700ג עטרה,נטו מלינדה סחר בעמ,,,"י""ח",700,ל גרם,false,1,29.90,4.27,false,1,
2300884,true,צ`דר אנגלי כתום נטו.,א. סיימן סחר בעמ,,,"ק""ג",1,,true,1,129,129,true,1,
2327066,true,קונכיות בצק קפוא,נטו מלינדה סחר בעמ,,,"י""ח",500,ל גרם,false,1,21.90,4.38,true,1,
2331360,true,נביעות שישיות 500 מייל פקק ספורט,החברה המרכזית להפצת משקאות בעמ,,,"י""ח",3,ליטר,false,1,14.90,4.37,true,1,
2331483,true,"נביעות שישיות בייבי 320מ""ל",החברה המרכזית להפצת משקאות בעמ,,,"י""ח",3,ליטר,false,1,13.80,4,true,1,
2331490,true,נביעות 1ליטר,החברה המרכזית להפצת משקאות בעמ,,,"י""ח",1,ליטר,false,1,3.50,3.50,true,1,
2332107,true,דג קרפיון פרוס טרי,דגת הארץ אגודה שיתופית,,,"ק""ג",1,,true,1,39.90,39.90,false,1,
2332329,true,פילה סלמון טרי.,דגת הארץ אגודה שיתופית,,,"ק""ג",1,,true,1,139.90,139.90,false,1,
2332343,true,דג אמנון טרי,דגת הארץ אגודה שיתופית,,,"ק""ג",1,,true,1,44.90,44.90,false,1,
2332398,true,דניס שלם ארוז טרי,דגת הארץ אגודה שיתופית,,,"ק""ג",1,,true,1,89,89,false,1,
2343094,true,צפתית 5%,בידאני נתן***,,,"ק""ג",1000,ל גרם,true,1,46.90,4.69,false,1,
2343100,true,כדורי מוצרלה משקל,בידאני נתן***,,,"ק""ג",1,,true,1,77.90,77.90,false,1,
2343773,true,אצבעות שוקולד משקל,בידאני נתן***,,,"ק""ג",1,,true,1,67.90,67.90,false,1,
2345022,true,אנטריקוט דקדק 250גר,נטו מלינדה סחר בעמ,,,"י""ח",250,ל גרם,false,1,19.90,7.96,true,1,
2345077,true,שניצל בקר דק דק 250ג אל גאוצו,נטו מלינדה סחר בעמ,,,"י""ח",250,ל גרם,false,1,14.90,5.96,true,1,
2345282,true,נתחי פילה סלמון נורבגי מנות,נטו מלינדה סחר בעמ,,,"ק""ג",1,"ק""ג",true,1,99,99,false,1,
2345435,true,פילה מרלוזה,נטו מלינדה סחר בעמ,,,"ק""ג",1,"ק""ג",true,1,31.90,31.90,false,1,
2370123,true,גבינת עיזים רכה 29% שקיל,ג.וילי פוד אינטרנשיונל בעמ,,,"ק""ג",1,"י""ח",true,1,99,99,false,1,
2370239,true,גבינה חצי קשה פיקנטית 31%,ג.וילי פוד אינטרנשיונל בעמ,,,"ק""ג",1,"ק""ג",true,1,99,99,false,1,
2370420,true,גבינת גאודה מהולנד 30% שומן ויליפוד,ג.וילי פוד אינטרנשיונל בעמ,,,"ק""ג",1,,true,1,69,69,false,1,
2370475,true,גבינה כחולה עם עובש שקיל,ג.וילי פוד אינטרנשיונל בעמ,,,"ק""ג",1,"ק""ג",true,1,99.90,99.90,true,1,
2370673,true,שערות גבינה שקיל,ג.וילי פוד אינטרנשיונל בעמ,,,"ק""ג",1,"ק""ג",true,1,99,99,true,1,
2370680,true,אצבעות מוצרלי במשקל ויליפוד,ג.וילי פוד אינטרנשיונל בעמ,,,"ק""ג",1,,true,1,79.90,79.90,true,1,
2370734,true,צמות גבינה במי מלח 25% שומן שקיל,ג.וילי פוד אינטרנשיונל בעמ,,,"ק""ג",1,"ק""ג",true,1,99,99,true,1,
2370741,true,גבינה מלוחה מחלב עיזים 19% שומןשקיל,ג.וילי פוד אינטרנשיונל בעמ,,,"ק""ג",1,"ק""ג",true,1,99,99,true,1,
2370772,true,גבינת בייבי מוצרלה שקיל,ג.וילי פוד אינטרנשיונל בעמ,,,"ק""ג",1,"ק""ג",true,1,99,99,false,1,
2370925,true,גבינת גאודה עם עשבי תיבול ושום שקיל,ג.וילי פוד אינטרנשיונל בעמ,,,"ק""ג",1,"ק""ג",true,1,110,110,true,1,
2370956,true,גבינת קשקבל גלגל שקיל,ג.וילי פוד אינטרנשיונל בעמ,,,"ק""ג",1,"ק""ג",true,1,109,109,false,1,
2370970,true,גבינת איבריקו גלגל שקיל,ג.וילי פוד אינטרנשיונל בעמ,,,"ק""ג",1,"ק""ג",true,1,113,113,false,1,
2370994,true,גבינת גאודה עם פטריות כמהין גלגל שקיל,ג.וילי פוד אינטרנשיונל בעמ,,,"ק""ג",1,"ק""ג",true,1,159,159,true,1,
2371403,true,מארז זוגות 600 גר`,תנובה בשר,,,"י""ח",600,ל גרם,false,1,28.90,4.82,false,1,
2371571,true,פסטרמה פרגיות טירת צבי,תנובה בשר,,,"ק""ג",1,,true,1,79,79,false,1,
2374640,true,שמן קנולה פלוס אומגה 3 עץ הזית 1ליטר,סוגת תעשיות בעמ,,,"י""ח",1,ליטר,false,1,15.90,15.90,false,1,
2385448,true,בולגרית מעודנת גד 5% דלי,מחלבות גד,,,"ק""ג",1,,true,1,56.90,56.90,false,1,
2385486,true,גבינת שמנת טבעית 30% שקיל גד,מחלבות גד,,,"ק""ג",1,,true,1,44.90,44.90,false,1,
2385493,true,גבינת שמנת זיתים 30% שקיל,מחלבות גד,,,"ק""ג",1,,true,1,44.90,44.90,false,1,
2385509,true,גבינת שמנת שמיר 30% שקיל גד,מחלבות גד,,,"ק""ג",1,,true,1,44.90,44.90,false,1,
2395408,true,"גבנצ נעם 28% ק""ג *.",*החברה המרכזית להפצת משקאותבעמ,,,"ק""ג",1,,true,1,44.79,44.79,false,1,
2395415,true,חריץ גבינה נעם 9% שקיל,*החברה המרכזית להפצת משקאותבעמ,,,"ק""ג",1,,true,1,70.90,70.90,false,1,
2395422,true,גבינה צהובה נעם 22% שקיל*,*החברה המרכזית להפצת משקאותבעמ,,,"ק""ג",1,,true,1,42.58,42.58,false,1,
2479925,true,דבש טהור פרחי בר 350 גר`בקבוק לחיץ,טעמן שווק מזון בעמ,,,"י""ח",350,"ל מ""ל",false,1,21.90,6.26,false,1,
2487364,true,בורקס פילו גבינה זיתים 700 גרם,נטו מלינדה סחר בעמ,,,"י""ח",700,ל גרם,false,1,13.30,1.90,true,1,
2502036,true,בונז`ור לחמניה קשר 100גר,**קבוצת אוסם סחר-שות.מוגבלת,,,"י""ח",100,ל גרם,false,1,2.50,2.50,true,1,
2502067,true,בונז`ור חלה קלועה 560גר,**קבוצת אוסם סחר-שות.מוגבלת,,,"י""ח",560,ל גרם,false,1,10.90,1.95,true,1,
2502173,true,בונג`ור שליש באגט 110גר,**קבוצת אוסם סחר-שות.מוגבלת,,,"י""ח",500,ל גרם,false,1,2.90,0.58,false,1,
2507284,true,שניצל דג מצופה 700 במבינו,נטו מלינדה סחר בעמ,,,"י""ח",700,ל גרם,false,1,24.90,3.56,false,1,
2507451,true,קציצות דג סלמון לבישול 750גרם,נטו מלינדה סחר בעמ,,,"י""ח",7500,ל גרם,false,1,28.90,0.39,true,1,
2507604,true,פיצה השף איטלקית 320ג,נטו מלינדה סחר בעמ,,,"י""ח",320,ל גרם,false,1,17.90,5.59,true,1,
2509002,true,לחם שחור/לבן*,שלמה א.אנג ל בעמ,,,"י""ח",700,ל גרם,false,1,4.90,0.70,false,1,
2511236,true,בולגרית מעודנת 5% המושבה,מחלבות המושבה בעמ,,,"ק""ג",1,,true,1,39.90,39.90,false,1,
2511281,true,ברינזה צאן/כבשים המושבה,מחלבות המושבה בעמ,,,"ק""ג",1,"ק""ג",true,1,79.90,79.90,false,1,
2511427,true,אצבעות שוקולד וניל מעדניה,מחלבות המושבה בעמ,,,"ק""ג",1000,ל גרם,true,1,59.90,5.99,false,1,
2511496,true,בולגרית קוביות 5% שקיל,מחלבות המושבה בעמ,,,"ק""ג",1000,ל גרם,true,1,49.90,4.99,false,1,
2522188,true,עוף מס `2 רובין}קפוא{,עוף ירושלים שיווק בעמ,,,"ק""ג",1,"ק""ג",true,1,27.90,27.90,false,1,
2522201,true,כרעיים עוף רובין}קפוא{,עוף ירושלים שיווק בעמ,,,"ק""ג",1,"ק""ג",true,1,35.90,35.90,false,1,
2522232,true,חזה עוף רובין}קפוא{,עוף ירושלים שיווק בעמ,,,"ק""ג",1,"ק""ג",true,1,41.90,41.90,false,1,
2522270,true,ירכיים עוף רובין}קפוא{,עוף ירושלים שיווק בעמ,,,"ק""ג",1,"ק""ג",true,1,34.90,34.90,false,1,
2538158,true,גלידה חמה 15 יח,גלידות קולורדו בעמ,,,"י""ח",1,,false,1,19.90,19.90,false,1,
2538875,true,קרמבו ארטיק 20יח טעם וניל,גלידות קולורדו בעמ,,,"י""ח",8,"י""ח",false,1,21.90,2.74,false,1,
2542780,true,"בירה סטלה ארטואה 330מ""ל 1/6 בקבוק",תימקו בירה בעמ,,,"י""ח",330,"ל מ""ל",false,1,31.80,9.09,true,1,
2546023,true,פילה מדומה בקר מס 6,ב ספק בשר קפוא,,,"ק""ג",1,,true,1,23.90,23.90,false,1,
2579731,true,"נר נשמה שבועי בזכוכית""שווה""",ח.כהן סוכנות מזון ומשקאות בע,,,"י""ח",1,,false,1,9.90,9.90,false,1,
2603474,true,פיצה שף שגב רוטב פטריות טעם ממהין200ג,נטו מלינדה סחר בעמ,,,"י""ח",200,ל גרם,false,1,16.90,8.45,true,1,
2603498,true,פיצה שף שגב אנטיפסטי 200ג,נטו מלינדה סחר בעמ,,,"י""ח",200,ל גרם,false,1,16.90,8.45,true,1,
2603634,true,"משולש זיתים דק תפזורת בעל""ז",נטו מלינדה סחר בעמ,,,"י""ח",1,"י""ח",false,1,2.90,2.90,true,1,
2603689,true,"מקלות פילו XL תפו""א 450גר",נטו מלינדה סחר בעמ,,,"י""ח",450,ל גרם,false,1,21.90,4.87,true,1,
2628170,true,צלי כתף מס 5 חלק ג.חול פרגוואי.,בלדי בעמ,,,"ק""ג",1,"ק""ג",true,1,79.90,79.90,true,1,
2657408,true,טונה פוסידון 960גרם,נטו מלינדה סחר בעמ,,,"י""ח",160,ל גרם,false,1,31.90,19.94,false,1,
2692768,true,תרסיס שמן קנולה מזוכך ללא תוספת גז 200,סוגת תעשיות בעמ,,,"י""ח",200,"ל מ""ל",false,1,15.90,7.95,false,1,
2692782,true,תרסיס טעם זית כתית מעולה ללא תוספת גז1,סוגת תעשיות בעמ,,,"י""ח",200,"ל מ""ל",false,1,15.90,7.95,false,1,
2706731,true,רצועות פילה נסיכה קפוא 100% דג,נטו מלינדה סחר בעמ,,,"ק""ג",1,"ק""ג",true,1,79.90,79.90,false,1,
2730903,true,סבון מוצק ורדים פלמוליב 4יח,ש.שסטוביץ בעמ,,,"י""ח",360,ל גרם,false,1,16.90,4.69,true,1,
2739685,true,נקניקיות מרגז 400גרם מוכן עטרה,נטו מלינדה סחר בעמ,,,"י""ח",400,ל גרם,false,1,22.90,5.73,false,1,
2750963,true,בגט רוסטיק פילסברי,ג נרל מילס ישראל בעמ,,,"י""ח",1,,false,1,7.90,7.90,true,1,
2757139,true,מלוואח 700 גר`שלושת האופים,נטו מלינדה סחר בעמ,,,"י""ח",700,ל גרם,false,1,17.90,2.56,true,1,
2757146,true,"קובה למרק חמוסטה 1 ק""ג",נטו מלינדה סחר בעמ,,,"י""ח",1,"ק""ג",false,1,19.90,19.90,false,1,
2757511,true,קציצת דג לבישול 750גר`,נטו מלינדה סחר בעמ,,,"י""ח",750,"ל מ""ל",false,1,28.90,3.85,true,1,
2757528,true,"בורקס פילו תפו""א -500ג`",נטו מלינדה סחר בעמ,,,"י""ח",500,ל גרם,false,1,13.30,2.66,true,1,
2757535,true,בורקס פילו-אצבעות גבינה 500גר`,נטו מלינדה סחר בעמ,,,"י""ח",500,ל גרם,false,1,13.30,2.66,true,1,
2757665,true,קבב מזרחי 400גר`,נטו מלינדה סחר בעמ,,,"י""ח",400,ל גרם,false,1,12.90,3.23,false,1,
2757672,true,המבורגר 400גר`,נטו מלינדה סחר בעמ,,,"י""ח",400,ל גרם,false,1,12.90,3.23,false,1,
2757733,true,ג`חנון 650 ג`,נטו מלינדה סחר בעמ,,,"י""ח",650,ל גרם,false,1,12.90,1.98,false,1,
2775010,true,מיני בורקס פילו גבינה 650גר`,נטו מלינדה סחר בעמ,,,"י""ח",650,ל גרם,false,1,21.90,3.37,true,1,
2775317,true,פילה זהבנון,נטו מלינדה סחר בעמ,,,"ק""ג",1,,true,1,22.90,22.90,false,1,
2787495,true,פילה סלמון קפוא,נטו מלינדה סחר בעמ,,,"ק""ג",1,,true,1,79.90,79.90,true,1,
2787884,true,"מקלות בורקס פילו תפו""א 650גר`",נטו מלינדה סחר בעמ,,,"י""ח",650,ל גרם,false,1,13.30,2.05,true,1,
2787891,true,מקלות בורקס פילו תרד 650גר`,נטו מלינדה סחר בעמ,,,"י""ח",650,ל גרם,false,1,13.30,2.05,true,1,
2814870,true,"מסיר שומנים קר מבושם 750מ""ל",קומפלקס כימיקלסבעמ ~~~,,,"י""ח",0.75,ליטר,false,1,10,13.33,false,1,
2827306,true,נקניקיות עוף 400 גר`מחפוד,עוף ירושלים שיווק בעמ,,,"י""ח",400,ל גרם,false,1,8.90,2.23,true,1,
2830184,true,פילה לברק 5-7,נטו מלינדה סחר בעמ,,,"ק""ג",200,ל גרם,true,1,52.90,26.45,false,1,
2830245,true,פילה לברק 5-7 קפוא,נטו מלינדה סחר בעמ,,,"ק""ג",200,ל גרם,true,1,52.90,26.45,false,1,
2830948,true,גבינת מון בלאן עיזים 120גר`,נטו מלינדה סחר בעמ,,,"י""ח",120,ל גרם,false,1,8.90,7.42,false,1,
2862109,true,פרורי לחם מוזהבים 400גר,רוז חקלאות בעמ,,,"י""ח",400,ל גרם,false,1,6.90,1.73,false,1,
2862222,true,"פרורי לחם רגילים 1ק""ג",רוז חקלאות בעמ,,,"י""ח",1,"ק""ג",false,1,9.90,9.90,true,1,
2862338,true,סחוג 150 ג אדום,בידאני נתן,,,"י""ח",1,,false,1,10.90,10.90,false,1,
2862444,true,"פרורי לחם מוזהבים 1ק""ג הררית",רוז חקלאות בעמ,,,"י""ח",1,"ק""ג",false,1,12.90,12.90,true,1,
2862468,true,פסטו 200גר,בידאני נתן,,,"י""ח",200,ל גרם,false,1,17.90,8.95,false,1,
2862802,true,אריסה בתוספת לימון,בידאני נתן,,,"י""ח",1,,false,1,13.90,13.90,false,1,
2862840,true,מתובלים 400ג בטעם שום,רוז חקלאות בעמ,,,"י""ח",400,ל גרם,false,1,8.90,2.23,false,1,
2862857,true,מתובלים 400ג בטעם גריל,רוז חקלאות בעמ,,,"י""ח",400,ל גרם,false,1,8.90,2.23,false,1,
2862864,true,מתובלים טעם קלאסי 400ג,רוז חקלאות בעמ,,,"י""ח",400,ל גרם,false,1,6.90,1.73,false,1,
2871248,true,טובורג רד 500 חוזר,החברה המרכזית להפצת משקאות בעמ,,,"י""ח",500,"ל מ""ל",false,1,8.20,1.40,true,1,
2871361,true,קרלסברג בירה 500 חוזר,החברה המרכזית להפצת משקאות בעמ,,,"י""ח",500,"ל מ""ל",false,1,8.20,1.40,false,1,
2909248,true,שריר בשר מס `8 קפוא הרב בעדני,בלדי בעמ,,,"ק""ג",1,,true,1,39.90,39.90,true,1,
2909569,true,פילה ברבוניה 400 גרם,בלדי בעמ,,,"י""ח",400,ל גרם,false,1,19.90,4.98,false,1,
2909576,true,בשר בקר טחון לקציצות ולקבב 500גר.,בלדי בעמ,,,"י""ח",500,ל גרם,false,1,18.90,3.78,false,1,
2909804,true,פילה בקלה(מרלוזה)ארוז ללא עור.,בלדי בעמ,,,"ק""ג",1,"ק""ג",true,1,25,25,false,1,
2909880,true,פולי סויה אדממה 400גר,בלדי בעמ,,,"י""ח",400,ל גרם,false,1,7,1.75,true,1,
2919179,true,פילה אמנון בלדי,בלדי בעמ,,,"ק""ג",1,"ק""ג",true,1,26,26,false,1,
2919599,true,פילה מדומה מס `6 קפוא הרב בעדני,בלדי בעמ,,,"ק""ג",1,,true,1,40,40,false,1,
2919612,true,אסאדו מס 9 בעדני,בלדי בעמ,,,"ק""ג",1,,true,1,44.90,44.90,false,1,
2919926,true,כתף מס `4 קפוא חלק.,בלדי בעמ,,,"ק""ג",1,,true,1,39.90,39.90,true,1,
2922865,true,קבב מובחר טאק טורו בית יוסף,נטו מלינדה סחר בעמ,,,"י""ח",1,,false,1,17.90,17.90,true,1,
2922872,true,המבורגר מובחר טאק טורו בית יוסף 500ג,נטו מלינדה סחר בעמ,,,"י""ח",500,ל גרם,false,1,17.90,3.58,true,1,
2929642,true,טונה מארז 4 יח }ויליגיר{ 140גר,נטו מלינדה סחר בעמ,,,"י""ח",560,ל גרם,false,1,19.90,3.55,true,1,
2929734,true,"~גפילטע פיש 570 גר` קציצות קרפיון בד""ץ",נטו מלינדה סחר בעמ,,,"י""ח",570,ל גרם,false,1,12.90,2.26,false,1,
2954460,true,"אורז אוסטרלי עגול 1ק""ג",בני ג ורג שוקחה (חיפה) בעמ,,,"י""ח",1,"ק""ג",false,1,10.90,10.90,false,1,
2971191,true,"קמח חיטה לבן שטיבל 1ק""ג",טחנות קמח שטיבל בש בעמ,,,"י""ח",1,"ק""ג",false,1,3.90,3.90,true,1,
2971955,true,"קמח לבן 650 ללא צורך בניפוי 1ק""ג שטיבל",ח.כהן סוכנות מזון ומשקאות בע,,,"י""ח",1,"ק""ג",false,1,8.90,8.90,false,1,
2971962,true,"קמח מלא 100% 1ק""ג ללא צורך בניפוי",ח.כהן סוכנות מזון ומשקאות בע,,,"י""ח",1,"ק""ג",false,1,8.90,8.90,false,1,
2971993,true,קמח כוסמין מלא ללא צורך בניפוי,ח.כהן סוכנות מזון ומשקאות בע,,,"י""ח",1,"ק""ג",false,1,14.90,14.90,false,1,
2972006,true,"קמח בהיר 405 ללא צורך בניפוי 1ק""ג שטיב",ח.כהן סוכנות מזון ומשקאות בע,,,"י""ח",1,"ק""ג",false,1,8.90,8.90,false,1,
2972365,true,"קמח תופח ללא צורך בניפוי 1ק""ג",ח.כהן סוכנות מזון ומשקאות בע,,,"י""ח",1,"ק""ג",false,1,8.90,8.90,false,1,
2973669,true,"קמח לחם שטיבל 2 ללא צורך בניפוי 1ק""ג",טחנות קמח שטיבל בש בעמ,,,"י""ח",1,"ק""ג",false,1,7.90,7.90,false,1,
2973829,true,"קמח כוסמין לבן ללא צורך בניפוי 1ק""ג.",ח.כהן סוכנות מזון ומשקאות בע,,,"י""ח",1,"ק""ג",false,1,15.90,15.90,false,1,
2974314,true,קמח פיצה שטיבל ללא צ.בניפוי,ח.כהן סוכנות מזון ומשקאות בע,,,"י""ח",1,"ק""ג",false,1,10.90,10.90,false,1,
3006021,true,קוביות מעדן פטה בטעמים שקיל,גבינות עמיר ניצן בעמ,,,"ק""ג",100,ל גרם,true,1,69.90,69.90,false,1,
3031702,true,"נקנקיות הודו 1 ק""ג מהדרין",תנובה בשר,,,"י""ח",1,"ק""ג",false,1,24.90,24.90,false,1,
3031733,true,פסטרמה על גחלים 400 גרם,תנובה בשר,,,"י""ח",400,ל גרם,false,1,27.90,6.98,false,1,
3031788,true,מארז פסטרמה+סלמי מחפוד,תנובה בשר,,,"י""ח",800,ל גרם,false,1,24.90,3.11,false,1,
3069156,true,פילה דג סלמון קפוא V,נטו מלינדה סחר בעמ,,,"ק""ג",1,"ק""ג",true,1,79.90,79.90,true,1,
3069590,true,"סול פילה ארוז 1ק""ג.",נטו מלינדה סחר בעמ,,,"י""ח",1,"ק""ג",false,1,36.90,36.90,false,1,
3069682,true,בצק פילאס 500ג,נטו מלינדה סחר בעמ,,,"י""ח",500,ל גרם,false,1,15,3,true,1,
3069705,true,"פיצה אישית גבינה דקה תפזורת בעל""ז",נטו מלינדה סחר בעמ,,,"י""ח",1,"י""ח",false,1,2.90,2.90,true,1,
3072521,true,פסטרמה כתף בקר מעושנת 300ג,תנובה בשר,,,"י""ח",300,ל גרם,false,1,24.90,8.30,false,1,
3072606,true,נקניקיות עוף מיני 350ג,תנובה בשר,,,"י""ח",350,ל גרם,false,1,14.90,4.26,false,1,
3102136,true,צמר גפן רפואי,אינטרסן (1996) בעמ,,,"י""ח",1,,false,1,4.50,4.50,false,1,
3102419,true,כפפות ניילון 100 יח,אינטרסן (1996) בעמ,,,"י""ח",1,,false,1,5.90,5.90,true,1,
3105807,true,בלוז שקיל שטראוס .,שטראוס גרופ ***בעמ,,,"ק""ג",1,"ק""ג",true,1,69.90,69.90,true,1,
3107353,true,משפר אפיה ביתי שמרים יבשים שטיבל 33ג,ח.כהן סוכנות מזון ומשקאות בע,,,"י""ח",33,ל גרם,false,1,5.90,17.88,false,1,
3141159,true,יוגטה מרשמלו 180ג,ליימן שליסל,,,"י""ח",180,ל גרם,false,1,5.90,3.28,true,1,
3143139,true,סילאן קליית גת 900גרם,ליימן שליסל,,,"י""ח",900,ל גרם,false,1,14.90,1.66,true,1,
3143146,true,"ממרח תמרים קליית גת 450גרם כשל""פ",ליימן שליסל,,,"י""ח",450,ל גרם,false,1,6.90,1.53,false,1,
3143276,true,יוגטה מרשמלו מגולגל 180ג,ליימן שליסל,,,"י""ח",180,ל גרם,false,1,6.90,3.83,true,1,
3144419,true,סילאן קליית גת 710גר טבעי,ליימן שליסל,,,"י""ח",710,ל גרם,false,1,21.90,3.08,true,1,
3144679,true,הוטפופ 5(בדלי) שקיות עם מלח,ליימן שליסל,,,"י""ח",500,ל גרם,false,1,16.90,3.38,true,1,
3189045,true,הולנדי כפיר-א. חלב נוכרי,גבינות הכפר בעמ,,,"ק""ג",1,,true,1,37.90,37.90,false,1,
3189199,true,צהובה חריפה במשקל-א.חלב נוכרי,גבינות הכפר בעמ,,,"ק""ג",1,,true,1,33.90,33.90,false,1,
3189274,true,צהובה מעושן חלב נוכרי במשקל,גבינות הכפר בעמ,,,"ק""ג",1,"י""ח",true,1,39.90,39.90,false,1,
3189373,true,צהובה זיתים במשקל חלב נוכרי,גבינות הכפר בעמ,,,"ק""ג",1,,true,1,46.90,46.90,false,1,
3189380,true,צהובה שום שמיר במשקל חלב נוכרי,גבינות הכפר בעמ,,,"ק""ג",1,,true,1,35.90,35.90,false,1,
3196100,true,באגט,****דין שיווק וקליה 2021 בעמ,,,"י""ח",1,,false,1,4.70,4.70,false,1,
3196124,true,חצי באגט,****דין שיווק וקליה 2021 בעמ,,,"י""ח",1,,false,1,3.30,3.30,false,1,
3196308,true,מבצע מאפית,****דין שיווק וקליה 2021 בעמ,,,"י""ח",1,"י""ח",false,1,10,10,false,1,
3198418,true,פסטרמה מהמעשנה(יחיעם{,מעדני יחיעם 1993 בעמ,,,"ק""ג",1,,true,1,77.90,77.90,true,1,
3208531,true,"קינג רוברט 700מ""ל 40%",מ.אקרמן בעמ,,,"י""ח",700,"ל מ""ל",false,1,79.90,11.37,true,1,
3208586,true,מרטיני ביאנקו,מ.אקרמן בעמ,,,"י""ח",750,"ל מ""ל",false,1,59.90,7.95,true,1,
3229123,true,פסטרמה על גחלים,תנובה בשר,,,"י""ח",400,ל גרם,false,1,25.90,6.48,true,1,
3229154,true,סלמי קוניאק מובחר,תנובה בשר,,,"י""ח",300,ל גרם,false,1,24.90,8.30,false,1,
3268245,true,חלה מתוקה מיוחדת של עינת ארוזה 500גר,דגנית עין בר ~~~,,,"י""ח",500,ל גרם,false,1,9.90,1.98,false,1,
3268429,true,לחם ירוק 750גר,דגנית עין בר ~~~,,,"י""ח",750,ל גרם,false,1,14.90,1.99,false,1,
3287215,true,גולש בקר קפוא ארוז 800 גר,בלדי בעמ,,,"י""ח",800,ל גרם,false,1,36.90,4.61,false,1,
3287253,true,מרגז ארוז 500גרם,בלדי בעמ,,,"י""ח",500,ל גרם,false,1,31.90,6.38,false,1,
3287260,true,צ`וריסוס ארוז 600גרם,בלדי בעמ,,,"י""ח",600,ל גרם,false,1,31.90,5.32,false,1,
3287284,true,קבב ביתי ארוז 600גרם,בלדי בעמ,,,"י""ח",600,ל גרם,false,1,31.90,5.32,false,1,
3287291,true,קבב טלה וצנובר ארוז 600גרם,בלדי בעמ,,,"י""ח",600,"ל מ""ל",false,1,31.90,5.32,false,1,
3287307,true,קבב רומני ארוז 600גרם,בלדי בעמ,,,"י""ח",600,ל גרם,false,1,31.90,5.32,false,1,
3287956,true,פילה לברק יפני 5-7 וואקום בלדי.,בלדי בעמ,,,"ק""ג",1,"ק""ג",true,1,49.90,49.90,false,1,
3332007,true,קפה נחלה עם הל 250ג,סובחה נחלה ובניו בעמ,,,"י""ח",250,ל גרם,false,1,13.90,5.56,false,1,
3364008,true,צעצועים קבוצה 8,צעצועי דורון ~~~,,,"י""ח",1,,false,1,50,50,false,1,
3400500,true,חטיף קרמל עם בוטנים נטרייג`ס 47גר,ליימן שליסל,,,"י""ח",47,ל גרם,false,1,4.90,10.43,false,1,
3402809,true,חטיף שוקולד לבן ריזס 39גר.,ליימן שליסל,,,"י""ח",39,ל גרם,false,1,3.90,10,false,1,
3414406,true,שוקולד צ יפס 283גר ריזס..,ליימן שליסל,,,"י""ח",283,ל גרם,false,1,14.90,5.27,true,1,
3423909,true,חטיף שוקולד לבן קוקיז אנד קרים 43,ליימן שליסל,,,"י""ח",43,ל גרם,false,1,4.90,11.40,false,1,
3438853,true,אוליביה אריסה חריסה 180גר,תה ויסוצקי (ישראל)בעמ,,,"י""ח",180,ל גרם,false,1,13.90,7.72,true,1,
3444009,true,חטיף שוקולד לבן ריזס 42גר,ליימן שליסל,,,"י""ח",43,ל גרם,false,1,3.90,9.07,false,1,
3526871,true,פטריות חתוך מארז שלשות,נטו מלינדה סחר בעמ,,,"י""ח",290,ל גרם,false,1,11.90,4.10,false,1,
3550937,true,רגל פרוסה במגש.,נטו מלינדה סחר בעמ,,,"ק""ג",1,,true,1,39.90,39.90,false,1,
3570164,true,מינוט שווארמה פרגית 300גר,בלדי בעמ,,,"י""ח",300,ל גרם,false,1,29.90,9.97,false,1,
3570928,true,קבב בלדי ארוז 500גר קצביה,בלדי בעמ,,,"י""ח",500,ל גרם,false,1,31.90,6.38,false,1,
3571550,true,סטייק טונה בוואקום,בלדי בעמ,,,"ק""ג",1,"ק""ג",true,1,40,40,false,1,
3578085,true,גבינת מוצרלה %21שומן למעדניות,ג.וילי פוד אינטרנשיונל בעמ,,,"ק""ג",1,,true,1,69,69,false,1,
3578412,true,לפתן אפרסק וויליפוד,ג.וילי פוד אינטרנשיונל בעמ,,,"י""ח",825,ל גרם,false,1,9.90,1.20,false,1,
3598021,true,כבד אווז קפוא.,בלדי בעמ,,,"ק""ג",1,"ק""ג",true,1,499.90,499.90,false,1,
3598472,true,פילה סלומון מנות בלדי.,בלדי בעמ,,,"ק""ג",1,"ק""ג",true,1,89.90,89.90,false,1,
3633964,true,בשר ראש קפוא חלק[,נטו מלינדה סחר בעמ,,,"ק""ג",1,,true,1,69.90,69.90,false,1,
3643325,true,קוסקוס מזרחי 350 גר`סוגת,סוגת תעשיות בעמ,,,"י""ח",350,ל גרם,false,1,4.90,1.40,false,1,
3703173,true,בונז`ור כריך ג`בטה 150גר,**קבוצת אוסם סחר-שות.מוגבלת,,,"י""ח",150,ל גרם,false,1,5.90,3.93,false,1,
3726592,true,טופו ויילר 300גר טעם פסטו,שטראוס גרופ ***בעמ,,,"י""ח",300,ל גרם,false,1,11.90,3.97,true,1,
3726615,true,טופו ויילר 300גר,שטראוס גרופ ***בעמ,,,"י""ח",300,ל גרם,false,1,11.90,3.97,true,1,
3889006,true,שוקולדים ופרלינים שקיל,ח.כהן סוכנות מזון ומשקאות בע,,,"ק""ג",1,,true,1,69.90,69.90,false,1,
3976287,true,"תרסיס די תוש 630מ""ל טאצ`.",סאסאטק אגשח בעמ,,,"י""ח",630,"ל מ""ל",false,1,13.90,2.21,false,1,
3976560,true,"מטהר אוויר מיסטרי 250מ""ל טאץ",סאסאטק אגשח בעמ,,,"י""ח",250,"ל מ""ל",false,1,10.90,4.36,false,1,
3976577,true,"מטהר אוויר פרדיסו 250מ""ל טאץ",סאסאטק אגשח בעמ,,,"י""ח",250,"ל מ""ל",false,1,12.90,5.16,false,1,
3976591,true,"מטהר אוויר לוטוס 250מ""ל טאץ",סאסאטק אגשח בעמ,,,"י""ח",250,"ל מ""ל",false,1,12.90,5.16,false,1,
3976607,true,אקונומיקה סמיכה 4 ל` טאצ`לבנדר.,סאסאטק אגשח בעמ,,,"י""ח",4,ליטר,false,1,12.90,3.23,true,1,
3976614,true,אקונומיקה סמיכה 4 ל` טאצ`פרחים,סאסאטק אגשח בעמ,,,"י""ח",4,ליטר,false,1,12.90,3.23,true,1,
3996445,true,עלי פאקצ`וי כפר טרי,יעל ירק עלים לשיווק בעמ,,,"י""ח",1,,false,1,13.90,13.90,false,1,
3996568,true,חסה לאליק כפר טרי,יעל ירק עלים לשיווק בעמ,,,"י""ח",1,,false,1,13.90,13.90,false,1,
4011284,true,"בסיס להכנת קצפת 212מ""ל",נטו מלינדה סחר בעמ,,,"י""ח",212,"ל מ""ל",false,1,9.90,4.67,true,1,
4011291,true,"בסיס להכנת קצפת 425מ""ל",נטו מלינדה סחר בעמ,,,"י""ח",425,"ל מ""ל",false,1,12.90,3.04,false,1,
4011338,true,"קצפת 250מ""ל",נטו מלינדה סחר בעמ,,,"י""ח",250,"ל מ""ל",false,1,9.90,3.96,false,1,
4011345,true,"קצפת ריצ`פרווה במיכל 250 מ""ל",נטו מלינדה סחר בעמ,,,"י""ח",250,"ל מ""ל",false,1,9.90,3.96,false,1,
4030100,true,מיץ תפוזים סחוט 1ל פריניב,תנובה בעמ ***,,,"י""ח",1,ליטר,false,1,17.30,17.30,false,1,
4030445,true,מיץ תפוזים 1 ליטר,תנובה בעמ ***,,,"י""ח",1,ליטר,false,1,12.20,12.20,false,1,
4030544,true,מיץ לימונענע 1 ליטר,תנובה בעמ ***,,,"י""ח",1,ליטר,false,1,15.60,15.60,true,1,
4030728,true,"מיץ לימון 100% 250 מ""ל מחנה יהודה",פריניב סחר והפצה בעמ,,,"י""ח",250,"ל מ""ל",false,1,7.90,3.16,true,1,
4063016,true,"מלח שולחן 1 ק""ג*",סוגת תעשיות בעמ,,,"י""ח",1,"ק""ג",false,1,1.70,1.70,false,1,
4064099,true,מטחנה מלח מהרי ההימלאיה,סוגת תעשיות בעמ,,,"י""ח",400,ל גרם,false,1,12.90,3.23,false,1,
4064105,true,מטחנה מלח עשבי תיבול,סוגת תעשיות בעמ,,,"י""ח",400,ל גרם,false,1,12.90,3.23,false,1,
4064174,true,"מלח דק 1 ק""ג צנצנת ההימלאיה",סוגת תעשיות בעמ,,,"י""ח",1,"ק""ג",false,1,16,16,false,1,
4064181,true,"מלח גס 1 ק""ג צנצנת ההימלאיה",סוגת תעשיות בעמ,,,"י""ח",1,"ק""ג",false,1,16,16,false,1,
4064310,true,מלח פלוס בצל מלחייה 175ג,סוגת תעשיות בעמ,,,"י""ח",175,ל גרם,false,1,9.90,5.66,false,1,
4064334,true,מלח פלוס שום מלחייה 175ג,סוגת תעשיות בעמ,,,"י""ח",175,ל גרם,false,1,9.90,5.66,false,1,
4064358,true,"מלח דק זורם בקלות 1ק""ג קרטון",סוגת תעשיות בעמ,,,"י""ח",1,"ק""ג",false,1,4.90,4.90,false,1,
4064389,true,מלח הימלאיה דק מלחייה 250 גרם,סוגת תעשיות בעמ,,,"י""ח",2.50,"י""ח",false,1,9.90,3.96,false,1,
4068028,true,"יוגורט ציזיקי 500מ""ל",מחלבות גד,,,"י""ח",500,"ל מ""ל",false,1,9.10,1.82,false,1,
4068172,true,יוגורט עזים דלי 600ג 5%,מחלבות גד,,,"י""ח",600,ל גרם,false,1,17.20,2.87,false,1,
4075231,true,סטייק דק דק פרמיום מיט קפוא מחפוד 300ג,עוף ירושלים שיווק בעמ,,,"י""ח",300,ל גרם,false,1,29.90,9.97,false,1,
4122607,true,עמק לייט חריץ 9% שקיל,תנובה בעמ ***,,,"ק""ג",1000,ל גרם,true,1,75,7.50,false,1,
4129903,true,.גבינת שמנת שקילה 30% תנובה.,תנובה בעמ ***,,,"ק""ג",1,"י""ח",true,1,39,39,false,1,
4135324,true,בולגרית מעודנת,תנובה בעמ ***,,,"ק""ג",1,"ק""ג",true,1,43,43,false,1,
4136277,true,"עמק 28% פרוס בד""ץ*",תנובה בעמ ***,,,"ק""ג",1,"י""ח",true,1,63,63,false,1,
4136833,true,פיראוס בולגרית 16% שקיל.,תנובה בעמ ***,,,"ק""ג",1,,true,1,58,58,false,1,
4194178,true,עוף מחפוד}קפוא{,עוף ירושלים שיווק בעמ,,,"ק""ג",1,"ק""ג",true,1,23.90,23.90,false,1,
4194185,true,עוף מחפוד}קפוא{,עוף ירושלים שיווק בעמ,,,"ק""ג",1,"ק""ג",true,1,24.90,24.90,false,1,
4194208,true,כרעיים עוף מחפוד קפוא~,עוף ירושלים שיווק בעמ,,,"ק""ג",1,"ק""ג",true,1,31.90,31.90,false,1,
4194239,true,חזה עוף ארוז מחפוד קפוא~,עוף ירושלים שיווק בעמ,,,"ק""ג",1,"ק""ג",true,1,29.90,29.90,false,1,
4194253,true,כנפיים עוף ארוז מחפוד קפוא ~,עוף ירושלים שיווק בעמ,,,"ק""ג",1,"ק""ג",true,1,13.90,13.90,true,1,
4194260,true,שוקיים עוף ארוז מחפוד קפוא,עוף ירושלים שיווק בעמ,,,"ק""ג",1,"ק""ג",true,1,33.90,33.90,false,1,
4194307,true,כבד עוף ארוז מחפוד קפוא,עוף ירושלים שיווק בעמ,,,"ק""ג",1,"ק""ג",true,1,26.90,26.90,false,1,
4194314,true,לבבות עוף קפוא מחפוד ארוז,עוף ירושלים שיווק בעמ,,,"ק""ג",1,,true,1,34.90,34.90,false,1,
4194345,true,שניצל עוף פרוס ארוז מחפוד קפוא~,עוף ירושלים שיווק בעמ,,,"ק""ג",1,"ק""ג",true,1,32.90,32.90,false,1,
4194529,true,עוף טרי ארוז מחפוד**,ח.י. מעדני גורמה בעמ,,,"ק""ג",1,"ק""ג",true,1,22.90,22.90,true,1,
4194536,true,חזה עוף טרי שלם ארוז מחפוד**,ח.י. מעדני גורמה בעמ,,,"ק""ג",1,,true,1,34.90,34.90,true,1,
4194543,true,כרעיים עוף טרי ארוז מחפוד**,ח.י. מעדני גורמה בעמ,,,"ק""ג",1,,true,1,34.90,34.90,true,1,
4194550,true,כנפיים עוף טרי ארוז מחפוד**,ח.י. מעדני גורמה בעמ,,,"ק""ג",1,,true,1,17.90,17.90,true,1,
4194567,true,ירכיים טרי ארוז מחפוד**,ח.י. מעדני גורמה בעמ,,,"ק""ג",1,,true,1,34.90,34.90,true,1,
4194574,true,שוקיים עוף טרי ארוז מחפוד**.,ח.י. מעדני גורמה בעמ,,,"ק""ג",1,,true,1,38.90,38.90,true,1,
4194581,true,פרגיות עוף טרי ארוז מחפוד**,ח.י. מעדני גורמה בעמ,,,"ק""ג",1,,true,1,69.90,69.90,false,1,
4194598,true,כבד עוף טרי מחפוד **,ח.י. מעדני גורמה בעמ,,,"ק""ג",1,,true,1,35.90,35.90,false,1,
4194635,true,שניצל עוף פרוס מחפוד טרי**,ח.י. מעדני גורמה בעמ,,,"ק""ג",1,,true,1,43.90,43.90,true,1,
4194642,true,גרון עוף טרי ארוז מחפוד**.,ח.י. מעדני גורמה בעמ,,,"ק""ג",1,,true,1,10.90,10.90,false,1,
4194819,true,פילה עוף טרי ארוז מחפוד,ח.י. מעדני גורמה בעמ,,,"ק""ג",1,,true,1,44.90,44.90,false,1,
4220044,true,קציצות ביתיות 400ג עטרה,נטו מלינדה סחר בעמ,,,"י""ח",400,ל גרם,false,1,20,5,false,1,
4220761,true,קבב כבש 500גרם,נטו מלינדה סחר בעמ,,,"י""ח",500,ל גרם,false,1,23,4.60,false,1,
4225872,true,"קרם קוקוס 400מ""ל ויליגר",נטו מלינדה סחר בעמ,,,"י""ח",400,"ל מ""ל",false,1,6.90,1.73,false,1,
4228804,true,עלי בצק למילוי סיגרים 450 ג`,נטו מלינדה סחר בעמ,,,"י""ח",450,ל גרם,false,1,13.90,3.09,false,1,
4230104,true,קציצות בקר ברוטב עגבניות שגב 800גר,נטו מלינדה סחר בעמ,,,"י""ח",800,ל גרם,false,1,29.90,3.74,true,1,
4230326,true,מקלות פילו עץ וקינמון שגב 600 גרם.,נטו מלינדה סחר בעמ,,,"י""ח",600,ל גרם,false,1,19.90,3.32,true,1,
4230333,true,"מקלות בורקס פילו תפו""א",נטו מלינדה סחר בעמ,,,"י""ח",700,ל גרם,false,1,21.90,3.13,true,1,
4230364,true,מקלות בורקס פילו גבינה צרפתית,נטו מלינדה סחר בעמ,,,"י""ח",700,ל גרם,false,1,21.90,3.13,true,1,
4230944,true,מקלות בורקס פילו גבינה 600 גרם,נטו מלינדה סחר בעמ,,,"י""ח",600,ל גרם,false,1,13.30,2.22,true,1,
4257101,true,אנטריקוט דק דק 250ג עטרה,נטו מלינדה סחר בעמ,,,"י""ח",250,ל גרם,false,1,29.90,11.96,false,1,
4257118,true,מילנסה דק דק 250ג עטרה,נטו מלינדה סחר בעמ,,,"י""ח",250,ל גרם,false,1,24.90,9.96,false,1,
4257125,true,סינטה דק דק 250ג עטרה,נטו מלינדה סחר בעמ,,,"י""ח",250,ל גרם,false,1,19.90,7.96,true,1,
4263041,true,גולש עגל-עטרה,נטו מלינדה סחר בעמ,,,"ק""ג",1,"ק""ג",true,1,39.90,39.90,true,1,
4263393,true,קישקע ירושלמי עטרה,נטו מלינדה סחר בעמ,,,"י""ח",1,,false,1,13.90,13.90,false,1,
4263485,true,צלעות לא. מ]עטרה[,נטו מלינדה סחר בעמ,,,"ק""ג",1,"ק""ג",true,1,44.90,44.90,true,1,
4263782,true,עצמות מוח עטרה,נטו מלינדה סחר בעמ,,,"ק""ג",1,,true,1,32.90,32.90,true,1,
4263799,true,צלי כתף מספר 5 חלק עטרה במשקל,נטו מלינדה סחר בעמ,,,"ק""ג",1,"ק""ג",true,1,74.90,74.90,false,1,
4263867,true,בשר מס }6עטרה,נטו מלינדה סחר בעמ,,,"ק""ג",1,"ק""ג",true,1,49.90,49.90,false,1,
4267209,true,עוגיות לקפה 200 גרם ברמן,ח.כהן סוכנות מזון ומשקאות בע,,,"י""ח",200,ל גרם,false,1,5.90,2.95,false,1,
4267216,true,עוגיות ממולאות ריבה 200 ג`ברמן,ח.כהן סוכנות מזון ומשקאות בע,,,"י""ח",200,ל גרם,false,1,5.90,2.95,false,1,
4267261,true,עוגיות טופז 600גר`,ח.כהן סוכנות מזון ומשקאות בע,,,"י""ח",600,ל גרם,false,1,14.90,2.48,false,1,
4267667,true,עוגיות שוקו ציפס 600 ג`,ח.כהן סוכנות מזון ומשקאות בע,,,"י""ח",600,ל גרם,false,1,14.90,2.48,false,1,
4267759,true,עוגיות מיני-עיגוליות 180 ג`ברמן,ח.כהן סוכנות מזון ומשקאות בע,,,"י""ח",180,ל גרם,false,1,5.90,3.28,false,1,
4456627,true,צוואר מס 10 אשפר,בלדי בעמ,,,"י""ח",700,ל גרם,true,1,34.90,4.99,true,1,
4480363,true,קשקבלו גליל מחלבות גד שקיל,מחלבות גד,,,"ק""ג",1,,true,1,124,124,false,1,
4502997,true,"וודקה פינלנדיה 500מ""ל",מ.אקרמן בעמ,,,"י""ח",500,"ל מ""ל",false,1,59.90,11.92,true,1,
4652401,true,ג חנון ללא מרגרינה 650גר שגב,נטו מלינדה סחר בעמ,,,"י""ח",650,ל גרם,false,1,14.90,2.29,true,1,
4725600,true,גבינה סקנדינבית שקיל.,תנובה בעמ ***,,,"ק""ג",10,"ק""ג",true,1,75,7.50,false,1,
4768294,true,פילה אמנון ללא עור בלדי,בלדי בעמ,,,"ק""ג",1,"ק""ג",true,1,39.90,39.90,false,1,
4798130,true,שבבי סבון טבעיים למכונת כביסה,נאמן לאורך זמן בעמ,,,"י""ח",750,ל גרם,false,1,24.90,3.32,false,1,
4861025,true,בולגרית מסורתית שקיל 5% המושבה,מחלבות המושבה בעמ,,,"ק""ג",10,"ק""ג",true,1,49.90,4.99,false,1,
4861056,true,צפתית טבעי המושבה שקילה 5%.,מחלבות המושבה בעמ,,,"ק""ג",1000,ל גרם,true,1,49,4.90,false,1,
4861278,true,גבינת שמנת טבעי/שום שמיר 30% המושבה,מחלבות המושבה בעמ,,,"ק""ג",1,,true,1,39.90,39.90,false,1,
4861285,true,טבורוג המושבה שקילה 5%,מחלבות המושבה בעמ,,,"ק""ג",1,"ק""ג",true,1,29.90,29.90,false,1,
4982393,true,ברס בלו-א.חלב נוכרי,א. סיימן סחר בעמ,,,"ק""ג",1,"ק""ג",true,1,180,180,true,1,
5079290,true,חריץ גבינה נעם 15% שקיל,*החברה המרכזית להפצת משקאותבעמ,,,"ק""ג",1,,true,1,66.90,66.90,false,1,
5079344,true,מוצרלה נעם שקיל,*החברה המרכזית להפצת משקאותבעמ,,,"ק""ג",1,,true,1,79.90,79.90,false,1,
5079412,true,אמנטל נעם חריץ מעדניה.,*החברה המרכזית להפצת משקאותבעמ,,,"ק""ג",200,ל גרם,true,1,59.90,29.95,false,1,
5100103,true,בגט לבן}פילסברי{,ג נרל מילס ישראל בעמ,,,"י""ח",1,,false,1,4.40,4.40,false,1,
5113222,true,מיקס זיתים 2 A יבנה,קבוצת יבנה מוצרי מזון בעמ,,,"י""ח",1,,false,1,9.80,9.80,true,1,
5201765,true,בונז`ור לחמניות פרנה 160גר,**קבוצת אוסם סחר-שות.מוגבלת,,,"י""ח",160,ל גרם,false,1,4.90,3.06,false,1,
5203905,true,מיני פיתה כוסמין עשיריה בונז`ור.,**קבוצת אוסם סחר-שות.מוגבלת,,,"י""ח",550,ל גרם,false,1,12.90,2.35,false,1,
5287930,true,"מארז טונה סטארקיסט 160 גר`בד""צ",דיפלומט מפיצים (1968) בעמ**,,,"י""ח",1,,false,1,26.90,26.90,true,1,
5326523,true,אוליביה פסטו פטרוזיליה ונענע 180גר,תה ויסוצקי (ישראל)בעמ,,,"י""ח",180,ל גרם,false,1,13.90,7.72,true,1,
5326677,true,רוטב ברביקיו 350ג,תה ויסוצקי (ישראל)בעמ,,,"י""ח",350,"ל מ""ל",false,1,13.90,3.97,true,1,
5358739,true,בשר ראש קפוא חלק,נטו מלינדה סחר בעמ,,,"ק""ג",1,,true,1,79.90,79.90,false,1,
5358883,true,שריר בשר מס `8 חלק.,נטו מלינדה סחר בעמ,,,"ק""ג",1,,true,1,32.90,32.90,false,1,
5384868,true,בסגנון דנאבלו למעדניה וילי פוד,ג.וילי פוד אינטרנשיונל בעמ,,,"ק""ג",1000,ל גרם,true,1,69.90,6.99,true,1,
5384899,true,בסגנון פטה ים תיכונית 19%שומן שקיל,ג.וילי פוד אינטרנשיונל בעמ,,,"ק""ג",1,,true,1,22.90,22.90,true,1,
5387043,true,צלעות מס 2 חלק רבנות,בלדי בעמ,,,"ק""ג",1,"ק""ג",true,1,34.90,34.90,true,1,
5423055,true,"סנו פורטה פלוס 750מ""ל לניחוח לימון",החב הדרומית לשיווק,,,"י""ח",750,"ל מ""ל",false,1,16.90,2.25,false,1,
5424755,true,מטליות לחות לריצפה ריצפז פלוס 10 יחידו,החב הדרומית לשיווק,,,"י""ח",10,"י""ח",false,1,13.90,1.39,false,1,
5425110,true,תרסיס חיטוי משטחים 99.9% סנו,החב הדרומית לשיווק,,,"י""ח",750,"ל מ""ל",false,1,14.90,1.99,false,1,
5555501,true,בקבוק ריק,שונות /שרות,,,"י""ח",1,"י""ח",false,1,1.20,1.20,false,1,
5559907,true,פיצה משפחתית גבינה 500 ג מעדנות,תנובה בשר,,,"י""ח",500,ל גרם,false,1,19.90,3.98,true,1,
5559990,true,בצק פילאס טורקי,תנובה בשר,,,"י""ח",600,ל גרם,false,1,15.90,2.65,false,1,
5678585,true,ענב סקרלוטה אדום מארז,ביכורי השדה צפון 1994 ג.ד. בעמ,,,"ק""ג",1,,true,1,16.90,16.90,false,1,
5678806,true,ענב אדום ארוז.,ביכורי השדה צפון 1994 ג.ד. בעמ,,,"ק""ג",1,,true,1,22.90,22.90,false,1,
5719080,true,פרנה עגולה אפוי קפוא פילסברי,ג נרל מילס ישראל בעמ,,,"י""ח",1,,false,1,4.90,4.90,false,1,
5735080,true,סביבון מפתח צבעוני שיר חנוכה,צעצועי דורון ~~~,,,"י""ח",1,,false,1,12.90,12.90,false,1,
5738500,true,סביבון מאיקר בלוח,צעצועי דורון ~~~,,,"י""ח",1,,false,1,4.90,4.90,false,1,
5778711,true,מעטפות מכתב,צבע ומכחול (2014) בעמ,,,"י""ח",1,,false,1,5.90,5.90,false,1,
5854040,true,אסקימו משמש,גלידות שטראוס בעמ,,,"י""ח",1,,false,1,2.90,2.90,true,1,
5892889,true,גבינת שמנת 30% גד,מחלבות גד,,,"ק""ג",1,,true,1,34.90,34.90,false,1,
5896453,true,"מכבי 7.9% 500מ""ל בקבוק חוזר",טמפו משקאות בעמ,,,"י""ח",500,"ל מ""ל",false,1,7.30,1.22,false,1,
5896620,true,סן בנדטו ירוק 1.5 ליטר מוגז בודד,טמפו משקאות בעמ,,,"י""ח",1.50,ליטר,false,1,3.80,2.33,false,1,
5938610,true,טפנד זיתים ירוקים 220גר`,נטו מלינדה סחר בעמ,,,"י""ח",220,ל גרם,false,1,18.90,8.59,false,1,
5938627,true,ממרח עגבניות מיובשות 220גר`,נטו מלינדה סחר בעמ,,,"י""ח",220,ל גרם,false,1,18.90,8.59,false,1,
5992858,true,פטה עיזים גד שקיל,מחלבות גד,,,"ק""ג",300,ל גרם,true,1,110,36.67,false,1,
5992872,true,צפתית 5% במים}גד {.,מחלבות גד,,,"ק""ג",1,,true,1,57.90,57.90,false,1,
5992909,true,גבינת שמנת %30ירקות.,מחלבות גד,,,"ק""ג",1,,true,1,43.90,43.90,false,1,
5996009,true,סלמי גליל מעושן 40ג.,מעדני יחיעם 1993 בעמ,,,"י""ח",40,ל גרם,false,1,19.90,49.75,false,1,
5996078,true,סרוולט הונגרי 125ג,מעדני יחיעם 1993 בעמ,,,"י""ח",125,ל גרם,false,1,25.90,20.72,false,1,
5996238,true,פסטרמה בדבש דק דק 120ג,מעדני יחיעם 1993 בעמ,,,"י""ח",120,ל גרם,false,1,9.90,8.25,false,1,
5996740,true,סלמי פפרוני 300ג,מעדני יחיעם 1993 בעמ,,,"י""ח",300,ל גרם,false,1,19.90,6.63,false,1,
6210661,true,בונג`ור באגט קפוא 330גר,**קבוצת אוסם סחר-שות.מוגבלת,,,"י""ח",330,ל גרם,false,1,4.70,1.42,false,1,
6271174,true,ג חנון בצק}מעדנות 700 ג,תנובה בשר,,,"י""ח",700,ל גרם,false,1,18.90,2.70,false,1,
6342645,true,טורטיה גדולה 840 ג 12 יח`,דין שיווק וקליה 2021 בעמ,,,"י""ח",840,ל גרם,false,1,14.90,1.77,false,1,
6439444,true,"אורז בסגנון בסמטי ""גולד מוזהב ""1ק""ג",בני ג ורג שוקחה (חיפה) בעמ,,,"י""ח",1,"ק""ג",false,1,9.90,9.90,false,1,
6439451,true,"אורז בסגנון בסמטי""גולד מוזהב ""5ק""ג",בני ג ורג שוקחה (חיפה) בעמ,,,"י""ח",5,"ק""ג",false,1,39.90,7.98,false,1,
6439482,true,"שעועית לבנה 1ק""ג",בני ג ורג שוקחה (חיפה) בעמ,,,"י""ח",1,"ק""ג",false,1,11.90,11.90,false,1,
6439499,true,"תירס פופקורן 1ק""ג",בני ג ורג שוקחה (חיפה) בעמ,,,"י""ח",1,"ק""ג",false,1,10.90,10.90,false,1,
6439703,true,"אפונה ירוקה חצאים 1ק""ג",בני ג ורג שוקחה (חיפה) בעמ,,,"י""ח",1,"ק""ג",false,1,8.90,8.90,false,1,
6439710,true,"שעועית אדומה 1ק""ג",בני ג ורג שוקחה (חיפה) בעמ,,,"י""ח",1,"ק""ג",false,1,14.90,14.90,false,1,
6448026,true,נפוליאון גבינת שמנת שקילה 25% תנובה.,תנובה בעמ ***,,,"ק""ג",1,"י""ח",true,1,39,39,false,1,
6459961,true,אובלט קימל תמר 282 גרם,ציון תורגמן בעמ,,,"י""ח",282,ל גרם,false,1,9.90,3.51,false,1,
6459978,true,אובלט שומשום 282 גרם,ציון תורגמן בעמ,,,"י""ח",282,ל גרם,false,1,9.90,3.51,false,1,
6511010,true,פרמזנו(שקיל),ג.וילי פוד אינטרנשיונל בעמ,,,"ק""ג",200,ל גרם,true,1,86.90,43.45,false,1,
6582355,true,סילאן 900 גר`דין שווק,דין שיווק וקליה 2021 בעמ,,,"י""ח",900,ל גרם,false,1,9.90,1.10,false,1,
6582539,true,חמוציות 250ג,דין שיווק וקליה 2021 בעמ,,,"י""ח",250,ל גרם,false,1,10.90,4.36,false,1,
6632111,true,ביצי דג קפוא ארוז,דגי מהדרין בעמ,,,"י""ח",250,ל גרם,false,1,26.90,10.76,true,1,
6640024,true,מגש קרטון קטן,צבע ומכחול (2014) בעמ,,,"י""ח",1,,false,1,4.90,4.90,false,1,
6681577,true,אסקימו לימון+דובדבן 8+2 שטראוס,גלידות שטראוס בעמ,,,"י""ח",10,"י""ח",false,1,15.90,1.59,false,1,
6739247,true,פסטרמה איטלקית(שקיל) זוגלובק,זוגלובק שיווק בעמ,,,"ק""ג",1,,true,1,76.90,76.90,false,1,
6739407,true,שניצל תירס לייט 600גר`,זוגלובק שיווק בעמ,,,"י""ח",600,ל גרם,false,1,25.90,4.32,true,1,
6739421,true,מעושן איטלקי 300גר`,זוגלובק שיווק בעמ,,,"י""ח",300,ל גרם,false,1,26.90,8.97,false,1,
6739445,true,שניצל תירס קלאסי 750גר`,זוגלובק שיווק בעמ,,,"י""ח",750,ל גרם,false,1,20,2.67,true,1,
6739544,true,כתף בקר 300גר`,זוגלובק שיווק בעמ,,,"י""ח",300,ל גרם,false,1,31.90,10.63,true,1,
6742278,true,פסטרממיה צלויה על לבנים 330גר`,זוגלובק שיווק בעמ,,,"י""ח",330,ל גרם,false,1,26.90,8.15,false,1,
6742292,true,פסטרממיה בדבש 330גר`,זוגלובק שיווק בעמ,,,"י""ח",330,ל גרם,false,1,26.90,8.15,false,1,
6742315,true,חזה הודו ברביקיו 330גר`,זוגלובק שיווק בעמ,,,"י""ח",330,ל גרם,false,1,26.90,8.15,false,1,
6764058,true,"בירה נשר לבנה 500 מ""ל}חוזר{",טמפו משקאות בעמ,,,"י""ח",500,"ל מ""ל",false,1,5,0.76,false,1,
6764065,true,נשר מאלט }500 חוזר{,טמפו משקאות בעמ,,,"י""ח",500,"ל מ""ל",false,1,5,0.76,true,1,
6764072,true,"גולדסטאר 500 מ""ל}חוזר{",טמפו משקאות בעמ,,,"י""ח",500,"ל מ""ל",false,1,7.70,1.30,false,1,
6764485,true,נשר מאלט 330 שישיה,טמפו משקאות בעמ,,,"י""ח",1.98,ליטר,false,1,29.90,14.19,false,1,
6764737,true,נשר מאלט 500 דיאט}חוזר{,טמפו משקאות בעמ,,,"י""ח",500,"ל מ""ל",false,1,5,0.76,true,1,
6775795,true,עוגת תפוח ממולאת 450גרם אחוה,אחדות בעמ,,,"י""ח",450,ל גרם,false,1,11.90,2.64,false,1,
6775894,true,עוגת שיש ללא סוכר,אחדות בעמ,,,"י""ח",450,ל גרם,false,1,11.90,2.64,false,1,
6775900,true,עוגיות מרוקאיות 500גרם אחוה,אחדות בעמ,,,"י""ח",450,ל גרם,false,1,7.90,1.76,false,1,
6784360,true,מס 1 לניקוי חלונות 1 ליטר,קומפלקס כימיקלסבעמ ~~~,,,"י""ח",1,ליטר,false,1,5.90,5.90,false,1,
6805362,true,חצי בגט מאפית אפיה מקומית.,ג נרל מילס ישראל בעמ,,,"י""ח",1,,false,1,3.30,3.30,true,1,
6805379,true,שליש בגט,ג נרל מילס ישראל בעמ,,,"י""ח",1,,false,1,2.90,2.90,false,1,
6822192,true,אושן ספריי דיאט חמוציות 1ליטר,החברה המרכזית להפצת משקאות בעמ,,,"י""ח",1000,"ל מ""ל",false,1,11,1.07,false,1,
6855183,true,חטיפי אנרגיה ברבריא תמרים ואגוזים 4*27,ש.שסטוביץ בעמ,,,"י""ח",108,ל גרם,false,1,18.90,17.50,false,1,
6920980,true,"מוצרלה בייבי 2 ק""ג חלב נוכרי",גבינות הכפר בעמ,,,"ק""ג",1,,true,1,54.90,54.90,false,1,
6941466,true,שמן קנולה 1 ליטר שווה,ח.כהן סוכנויות מזון ומשקאות***,,,"י""ח",1,ליטר,false,1,9.90,9.90,false,1,
8000796,true,סופרמן משחת שיניים לילדים,גורי ע.ע.ע. בעמ,,,"י""ח",1,,false,1,10.90,10.90,false,1,
8101318,true,קריספי פירורי לחם זהוב 300גר,א.ל.יצור ושיווקתבלינים בעמ,,,"י""ח",300,ל גרם,false,1,6.90,2.30,true,1,
8101356,true,קריספי פאנקו זהוב 300גר,א.ל.יצור ושיווקתבלינים בעמ,,,"י""ח",300,ל גרם,false,1,9.90,3.30,true,1,
8102469,true,קריספי פירורי לחם זהוב 800גר,א.ל.יצור ושיווקתבלינים בעמ,,,"י""ח",800,ל גרם,false,1,11.90,1.49,false,1,
8175760,true,גבינת מנצ`יגו(חלב כבשים)למעדניה,ג.וילי פוד אינטרנשיונל בעמ,,,"ק""ג",1,"ק""ג",true,1,99,99,true,1,
8175906,true,גבינה עיזים שקיל,ג.וילי פוד אינטרנשיונל בעמ,,,"ק""ג",1,"ק""ג",true,1,100,100,false,1,
8203937,true,מקל בודד למגב/מטאטא,לפ אינטרהום 2000 בעמ,,,"י""ח",1,,false,1,9.90,9.90,false,1,
8394093,true,חטיפים מתוקים,ח.כהן סוכנות מזון ומשקאות בע,,,"ק""ג",1,,true,1,29,29,false,1,
8403917,true,גאודה פסטו ירוק שקיל,א. סיימן סחר בעמ,,,"ק""ג",1,,true,1,144,144,true,1,
8409049,true,מיני מיני שניצלונים בציפוי שומשום,תנובה בשר,,,"י""ח",1,,false,1,22.90,22.90,false,1,
8409216,true,.שניצל דק דק פריך 700גר`,תנובה בשר,,,"י""ח",700,ל גרם,false,1,36.90,5.27,false,1,
8409407,true,שניצל דק בציפוי צ`יפס 700גר`,תנובה בשר,,,"י""ח",700,ל גרם,false,1,36.90,5.27,false,1,
8461047,true,גבינה ברי לרוסטיק,א. סיימן סחר בעמ,,,"ק""ג",1,,true,1,150,150,true,1,
8464024,true,"גולדסטאר פחית 500 מ""ל לט מסונן",טמפו משקאות בעמ,,,"י""ח",500,"ל מ""ל",false,1,9,1.74,false,1,
8464130,true,גולדסטאר UF שישייה לא מסונן,טמפו משקאות בעמ,,,"י""ח",1.98,ליטר,false,1,36.70,17.63,true,1,
8464222,true,"מכבי 7.9% 500מ""ל פחית",טמפו משקאות בעמ,,,"י""ח",0.50,ליטר,false,1,8,15.40,false,1,
8464673,true,"גולדסטאר פחית 500 מ""ל Slowbrew 10%",טמפו משקאות בעמ,,,"י""ח",500,"ל מ""ל",false,1,8.50,1.64,false,1,
8464697,true,"מכבי שישייה 7.9% 330מ""ל בקבוק",טמפו משקאות בעמ,,,"י""ח",1.98,ליטר,false,1,35.90,17.22,true,1,
8464703,true,"מכבי שישייה 330מ""ל בקבוק",טמפו משקאות בעמ,,,"י""ח",1.98,ליטר,false,1,31.70,15.10,true,1,
8464741,true,גולדסטאר 330 מייל שישייה.,טמפו משקאות בעמ,,,"י""ח",1980,"ל מ""ל",false,1,33.90,1.62,true,1,
8466806,true,מארז שניק וניל 500ג מחנה יהודה,הלל בן הלל שיווק ומסחר בעמ,,,"י""ח",500,ל גרם,false,1,17.90,3.58,true,1,
8470759,true,אורביט סטיקס ספירמינט שמינייה,מרס ריגלי ישראל בעמ,,,"י""ח",8,"י""ח",false,1,15,1.88,false,1,
8493710,true,פירורי גריסיני זהב 200ג,דנשר (1963) בעמ,,,"י""ח",200,ל גרם,false,1,6.90,3.45,false,1,
8496742,true,אצבעות אמנון בציפוי פירורי לחם ושומשום,***אדום גרופ למזון שיווק***,,,"י""ח",1,,false,1,19.90,19.90,true,1,
8739955,true,רחנים,מוסקו בעמ,,,"י""ח",1,,false,1,11.90,11.90,false,1,
8747547,true,"תפוצ יפס קראנץ טבעי 200ג כשל""פ",שטראוס פריטו ליי בעמ,,,"י""ח",200,ל גרם,false,1,10.90,5.45,true,1,
8792264,true,מפיות טאצ `100יח`צבעוני,שניב תעשיות נייר בעמ,,,"י""ח",100,"י""ח",false,1,3.30,0.03,true,1,
8801522,true,K.D קונקורד,אגודת הכורמים,,,"י""ח",750,"ל מ""ל",false,1,21.90,2.88,true,1,
8802291,true,"PC מרלו פ.קולקשיין 750מ""ל",אגודת הכורמים,,,"י""ח",750,"ל מ""ל",false,1,39.90,5.28,true,1,
8802512,true,VINO אדום כרמל 750,אגודת הכורמים,,,"י""ח",750,"ל מ""ל",false,1,18.20,2.39,true,1,
8802529,true,VINO לבן כרמל 0.75 ל,אגודת הכורמים,,,"י""ח",750,"ל מ""ל",false,1,21,2.76,true,1,
8803090,true,הסדרה האזורית מרלו 750מייל,אגודת הכורמים,,,"י""ח",750,"ל מ""ל",false,1,59.90,7.95,true,1,
8804332,true,"PC שיראז 750מ""ל",אגודת הכורמים,,,"י""ח",750,"ל מ""ל",false,1,39.90,5.28,true,1,
8805384,true,".יין מוסקטו סלקטד 750מ""ל",אגודת הכורמים,,,"י""ח",750,"ל מ""ל",false,1,29.90,3.95,true,1,
8805520,true,סלקטד קברנה מרלו 0.75 ל,אגודת הכורמים,,,"י""ח",750,"ל מ""ל",false,1,29.90,3.95,true,1,
8835992,true,פילה נסיכת הנילוס פרוס,בלדי בעמ,,,"ק""ג",1,"ק""ג",true,1,55,55,false,1,
8836401,true,יין ישן נושן 1 ליטר,יקבי טפרברג 1870 בעמ,,,"י""ח",1,ליטר,false,1,20.20,20.20,false,1,
8836425,true,יין אפרת קל,יקבי טפרברג 1870 בעמ,,,"י""ח",1,ליטר,false,1,19.90,19.90,false,1,
8836494,true,מיץ ענבים תירוש 1 ליטר יבול נוכרי,יקבי טפרברג 1870 בעמ,,,"י""ח",1,ליטר,false,1,13.20,13.20,true,1,
8899321,true,חלה רגילה קלועה (אפיה מקומית).,ג נרל מילס ישראל בעמ,,,"י""ח",570,ל גרם,false,1,10.90,1.91,true,1,
8899345,true,שמינייה כפרית קלועה פילסבר..,ג נרל מילס ישראל בעמ,,,"י""ח",1,,false,1,3.90,3.90,true,1,
8899376,true,לחמניה פילסברי קשר.אפיה מקומית,ג נרל מילס ישראל בעמ,,,"י""ח",1,,false,1,2.50,2.50,true,1,
8899406,true,לחמניית המבורגר,ג נרל מילס ישראל בעמ,,,"י""ח",1,,false,1,3.90,3.90,true,1,
8899505,true,בגט ארוך לבן (אפיה מקומית),ג נרל מילס ישראל בעמ,,,"י""ח",250,ל גרם,false,1,4.90,1.96,true,1,
8989091,true,פריכיות אורז שלישיה B D,בטר אנד דיפרנט בעמ,,,"י""ח",310,ל גרם,false,1,12.90,4.16,false,1,
8989848,true,חמאת בוטנים קרנצ`י,בטר אנד דיפרנט בעמ,,,"י""ח",1,,false,1,13.90,13.90,false,1,
14205017,true,"צלחת קטנות""שווה""50יח",ח.כהן סוכנות מזון ומשקאות בע,,,"י""ח",30,"י""ח",false,1,10.90,0.36,false,1,
15037273,true,פטרוזיליה חסלט,יעל ירק עלים לשיווק בעמ,,,"י""ח",1,"י""ח",false,1,6.90,6.90,false,1,
15037280,true,כוסברה חסלט,יעל ירק עלים לשיווק בעמ,,,"י""ח",1,,false,1,6.90,6.90,false,1,
15037297,true,שמיר חסלט,יעל ירק עלים לשיווק בעמ,,,"י""ח",1,"י""ח",false,1,6.90,6.90,false,1,
15037440,true,כרוב לבן שלם חסלט,יעל ירק עלים לשיווק בעמ,,,"ק""ג",1,,true,1,12.90,12.90,false,1,
40084107,true,קינדר ביצת הפתעה בודד,פרימיום - חברה לדברי מתיקה ולמ,,,"י""ח",1,,false,1,5.90,5.90,false,1,
40099705,true,אורביט כחול,מרס ריגלי ישראל בעמ,,,"י""ח",30,ל גרם,false,1,2.90,9.67,false,1,
40111216,true,באונטי חטיף שוקולד 57גר,מרס ריגלי ישראל בעמ,,,"י""ח",57,ל גרם,false,1,4.50,7.89,true,1,
42299363,true,רול און לגבר,אלפא ב.ד.ף בעמ,,,"י""ח",50,"ל מ""ל",false,1,13.90,27.80,true,1,
50398904,true,"תחליב חמצן 6% 60מ""ל",הנקל סוד בעמ,,,"י""ח",1,,false,1,5.10,5.10,false,1,
50398911,true,"תחליב חמצן 9% 60מ""ל",הנקל סוד בעמ,,,"י""ח",1,,false,1,5.10,5.10,false,1,
54051140,true,אלפרו מעדן סויה וניל 500 ג`,שטראוס גרופ בעמ,,,"י""ח",500,ל גרם,false,1,18.90,3.78,true,1,
59068907,true,פאל מאל כחול דמי סמילס,גלוברנדס בעמ,,,"י""ח",1,,false,1,25,25,false,1,
59068914,true,פאל מאל סילבר דמי סמילס,גלוברנדס בעמ,,,"י""ח",1,,false,1,25,25,false,1,
59085645,true,"דאב דאו רול און אסאי 50מ""ל",יוניליוור ישראל שיווק בעמ,,,"י""ח",1,,false,1,19.90,19.90,true,1,
72940754,true,"מילקי וניל רובין כשל""פ 135גר",שטראוס גרופ ***בעמ,,,"י""ח",130,"ל מ""ל",false,1,2.90,2.23,true,1,
72940761,true,"מילקי שוקו}שטראוס{רובין כשל""פ",שטראוס גרופ ***בעמ,,,"י""ח",130,"ל מ""ל",false,1,2.90,2.23,true,1,
72940952,true,מילקי פי2 קצפת 111גר,שטראוס גרופ ***בעמ,,,"י""ח",111,ל גרם,false,1,3.60,3.24,true,1,
72941041,true,מיני מילקי שוקו,שטראוס גרופ ***בעמ,,,"י""ח",130,"ל מ""ל",false,1,2,1.54,true,1,
72945308,true,שמרים קוביות 50,שטראוס גרופ ***בעמ,,,"י""ח",50,ל גרם,false,1,3.60,7.20,true,1,
72961209,true,שמנית*,תנובה בעמ ***,,,"י""ח",200,"ל מ""ל",false,1,2.40,1.20,false,1,
72961223,true,גילה*,תנובה בעמ ***,,,"י""ח",200,"ל מ""ל",false,1,1.51,0.76,false,1,
72961506,true,"פרילי תות 125 מ""ל",תנובה בעמ ***,,,"י""ח",125,"ל מ""ל",false,1,3.50,2.80,false,1,
72961520,true,"פרילי אננס 125 מ""ל",תנובה בעמ ***,,,"י""ח",125,"ל מ""ל",false,1,3.50,2.80,false,1,
72961544,true,באדי תות,תנובה בעמ ***,,,"י""ח",125,"ל מ""ל",false,1,2,1.60,false,1,
72964132,true,טבעגורט,תנובה בעמ ***,,,"י""ח",200,"ל מ""ל",false,1,4.70,2.35,false,1,
72964422,true,שלי יוגורט 4.5% שומן,תנובה בעמ ***,,,"י""ח",200,"ל מ""ל",false,1,2.90,1.45,false,1,
72983997,true,גולף ארוך חדש,דובק בעמ,,,"י""ח",1,,false,1,30.50,30.50,false,1,
72986370,true,גלידה פיינטים וניל,מוצרי איכות אמריקאיים בעמ,,,"י""ח",500,"ל מ""ל",false,1,19.90,3.98,true,1,
72986424,true,גלידה פיינטים קרם עוגיות,מוצרי איכות אמריקאיים בעמ,,,"י""ח",750,"ל מ""ל",false,1,19.90,2.65,true,1,
72986448,true,גלידה פיינטים טופי קראנץ,מוצרי איכות אמריקאיים בעמ,,,"י""ח",750,"ל מ""ל",false,1,19.90,2.65,true,1,
72986455,true,גלידה פיינטים ניו-יורק סופר,מוצרי איכות אמריקאיים בעמ,,,"י""ח",500,"ל מ""ל",false,1,19.90,3.98,true,1,
72986479,true,גלידה פיינטים צאנקי מנקי,מוצרי איכות אמריקאיים בעמ,,,"י""ח",500,"ל מ""ל",false,1,19.90,3.98,true,1,
72989425,true,גלידה פיינטים שוקולד בראוניס,מוצרי איכות אמריקאיים בעמ,,,"י""ח",750,"ל מ""ל",false,1,19.90,2.65,true,1,
72991374,true,טיים בודד,דובק בעמ,,,"י""ח",1,,false,1,29.20,29.20,false,1,
72991381,true,טיים ארוך בודד,דובק בעמ,,,"י""ח",1,,false,1,29.20,29.20,false,1,
72991459,true,גולף לייט,דובק בעמ,,,"י""ח",1,,false,1,30.50,30.50,false,1,
72991466,true,גולף ארוך,דובק בעמ,,,"י""ח",1,,false,1,30.50,30.50,false,1,
72991497,true,נובלס רגיל בודד,דובק בעמ,,,"י""ח",1,,false,1,29.20,29.20,false,1,
72991886,true,גלידה פיינטים דולציה דה לצ ה,מוצרי איכות אמריקאיים בעמ,,,"י""ח",500,"ל מ""ל",false,1,19.90,3.98,true,1,
72993637,true,דני שוקולד בודד,שטראוס גרופ ***בעמ,,,"י""ח",125,"ל מ""ל",false,1,2.60,2.08,true,1,
72994061,true,פסק זמן GOOD 2,שטראוס גרופ בעמ,,,"י""ח",40,ל גרם,false,1,4.90,12.25,true,1,
76136184,true,פאל מל סלים בודד,גלוברנדס בעמ,,,"י""ח",1,,false,1,29.50,29.50,false,1,
80001027,true,טורטינה חלב,ליימן שליסל,,,"י""ח",200,ל גרם,false,1,3.90,1.95,true,1,
80001911,true,גרדנה שוקולד לבן 38 גרם,ליימן שליסל,,,"י""ח",38,ל גרם,false,1,4,10.53,true,1,
80042556,true,עגבניות חתוכות 400ג MUTTI.,רסטרטו יבוא ושיווק בעמ,,,"י""ח",400,ל גרם,false,1,5.90,1.48,true,1,
80042563,true,מחית עגבניות 700ג צהוב MUTTI,רסטרטו יבוא ושיווק בעמ,,,"י""ח",700,ל גרם,false,1,13.90,1.99,false,1,
80050124,true,חטיף טיק טק,פרימיום - חברה לדברי מתיקה ולמ,,,"י""ח",16,ל גרם,false,1,3.50,21.88,true,1,
80050278,true,חטיף רושר,פרימיום - חברה לדברי מתיקה ולמ,,,"י""ח",1,,false,1,5.50,5.50,true,1,
80052760,true,קינדר בואנו,פרימיום - חברה לדברי מתיקה ולמ,,,"י""ח",1,,false,1,3.90,3.90,false,1,
80052883,true,טיק טק מנטה חזק,פרימיום - חברה לדברי מתיקה ולמ,,,"י""ח",16,ל גרם,false,1,3.50,21.88,true,1,
80136194,true,קינדר הפי היפו 1/5 אגוזי לוז,פרימיום - חברה לדברי מתיקה ולמ,,,"י""ח",5,"י""ח",false,1,12.90,2.58,false,1,
80176800,true,נוטלה 750 גרם,פרימיום - חברה לדברי מתיקה ולמ,,,"י""ח",750,ל גרם,false,1,26.90,3.59,false,1,
80177173,true,נוטלה 350 גרם.,פרימיום - חברה לדברי מתיקה ולמ,,,"י""ח",3.50,"י""ח",false,1,14.90,4.26,false,1,
80177609,true,קינדר 50 גרם,פרימיום - חברה לדברי מתיקה ולמ,,,"י""ח",50,ל גרם,false,1,4.20,8.40,false,1,
80177616,true,קינדר אצבעות 100 גר,פרימיום - חברה לדברי מתיקה ולמ,,,"י""ח",1,,false,1,8.90,8.90,false,1,
80761761,true,קינדר בואנו לבן בודד,פרימיום - חברה לדברי מתיקה ולמ,,,"י""ח",1,,false,1,3.90,3.90,false,1,
80768838,true,מסטיק מנטוס וויט מנטה,ליימן שליסל,,,"י""ח",900,ל גרם,false,1,16.90,1.88,true,1,
80769545,true,מנטוס טעם לימון בקבוק 60ג,ליימן שליסל,,,"י""ח",60,ל גרם,false,1,9.90,16.50,true,1,
80773429,true,מנטוס טעם תות בקבוק 60ג,ליימן שליסל,,,"י""ח",60,ל גרם,false,1,9.90,16.50,true,1,
80773443,true,מנטוס טעם פירות מנטה בקבוק 60ג,ליימן שליסל,,,"י""ח",60,ל גרם,false,1,9.90,16.50,true,1,
80776307,true,מנטוס טעם פירות מנטה בקבוק 90ג,ליימן שליסל,,,"י""ח",90,ל גרם,false,1,15.90,17.67,false,1,
80790990,true,מנטוס טעם מנטה עדין בקבוק 60ג,ליימן שליסל,,,"י""ח",60,ל גרם,false,1,9.90,16.50,true,1,
80794233,true,מנטוס טעם מנטה בקבוק 90ג,ליימן שליסל,,,"י""ח",90,ל גרם,false,1,15.90,17.67,false,1,
80831402,true,סוכריות מנטה עדינה ללא סוכר,ליימן שליסל,,,"י""ח",100,ל גרם,false,1,6.90,6.90,true,1,
80832560,true,סוכריות מנטוס מרעננות ללא סוכר פירות י,ליימן שליסל,,,"י""ח",93,ל גרם,false,1,6.90,7.42,true,1,
80843184,true,מנטוס טעם ענבים בקבוק 60ג,ליימן שליסל,,,"י""ח",60,ל גרם,false,1,9.90,16.50,true,1,
80854753,true,סוכריות מנטה ללא סוכר,ליימן שליסל,,,"י""ח",100,ל גרם,false,1,6.90,6.90,true,1,
80862130,true,מנטוס מסטיק קופסא 28ג אבטיח,ליימן שליסל,,,"י""ח",28,ל גרם,false,1,1.80,6.43,true,1,
80862260,true,מסטיק מנטוס XL טעם מנטה מתוקה 150ג,ליימן שליסל,,,"י""ח",150,ל גרם,false,1,16.90,11.27,false,1,
80864295,true,מנטוס בוקס וואיט מנטה עדינה 30 יח`,ליימן שליסל,,,"י""ח",60,ל גרם,false,1,9.90,16.50,true,1,
80896081,true,מנטוס טעם אבטיח בקבוק 60ג,ליימן שליסל,,,"י""ח",60,ל גרם,false,1,9.90,16.50,true,1,
80913467,true,מנטוס טעם מנטה בקבוק 60ג,ליימן שליסל,,,"י""ח",60,ל גרם,false,1,9.90,16.50,true,1,
80926481,true,מנטוס פיור פרש בקבוק ביג טעם אבטיח,ליימן שליסל,,,"י""ח",90,ל גרם,false,1,15.90,17.67,false,1,
80936459,true,ביצי שוקולד שלישייה ריגלי אקדמי,שמחה זה אנחנו,,,"י""ח",1,,false,1,14.90,14.90,false,1,
80945468,true,מנטוס בוקס וואיט מנטה מתוקה 30 יח`,ליימן שליסל,,,"י""ח",60,ל גרם,false,1,9.90,16.50,true,1,
80954521,true,מנטוס מסטיק קופסא 28ג תות,ליימן שליסל,,,"י""ח",28,ל גרם,false,1,1.80,6.43,true,1,
80957706,true,מסטיק מנטוס XL טעם מנטה 150ג,ליימן שליסל,,,"י""ח",150,ל גרם,false,1,16.90,11.27,false,1,
80974215,true,מנטוס פיור פרש בקבוק ביג טעם תות,ליימן שליסל,,,"י""ח",90,ל גרם,false,1,15.90,17.67,false,1,
80977070,true,מנטוס מסטיק קופסא 28ג טרופי,ליימן שליסל,,,"י""ח",28,ל גרם,false,1,1.80,6.43,true,1,
80979128,true,מנטוס טעם דובדבן בקבוק 60ג,ליימן שליסל,,,"י""ח",60,ל גרם,false,1,9.90,16.50,true,1,
80995128,true,מנטוס טעם הדרים בתוספת ויטמין D,ליימן שליסל,,,"י""ח",60,ל גרם,false,1,9.90,16.50,true,1,
87108538,true,מנטוס גלילים תות,ליימן שליסל,,,"י""ח",37,ל גרם,false,1,2.90,7.84,true,1,
87108651,true,מנטוס מנטה 1\4,ליימן שליסל,,,"י""ח",1,,false,1,11.90,11.90,false,1,
87108712,true,מנטוס פירות 1\4,ליימן שליסל,,,"י""ח",150,ל גרם,false,1,11.90,7.93,false,1,
90162800,true,"רד בול פחית 250 מ""ל",דיפלומט מפיצים (1968) בעמ**,,,"י""ח",250,"ל מ""ל",false,1,6.20,2.36,true,1,
96033531,true,דאב דאו רול און רימונים,יוניליוור ישראל שיווק בעמ,,,"י""ח",1,,false,1,19.90,19.90,true,1,
96137130,true,דאו דאב רול און גו פרש בניחוח אגס,יוניליוור ישראל שיווק בעמ,,,"י""ח",175,"ל מ""ל",false,1,19.90,11.37,true,1,
7290005856,true,כיסוי אוניברסלי 7 אינץ תמונות,לפ טל-פון שלומי,,,"י""ח",1,,false,1,60,60,false,1,
8112100298,true,"שמן שומשום טהור 185מ""ל",מזרח ומערב יבוא ושיווק,,,"י""ח",185,"ל מ""ל",false,1,14.90,8.05,false,1,
8421420568,true,בובת TY עיינים גדולות S חתולה,שמחה זה אנחנו,,,"י""ח",1,,false,1,29.90,29.90,false,1,
8888888888,true,2311,לפ הוצ בולט תעשיו,,,"י""ח",1,,false,1,17.11,17.11,false,1,
11210000094,true,"טבסקו חריף 60 מ""ל",ציון תורגמן בעמ,,,"י""ח",60,"ל מ""ל",false,1,9.90,16.50,true,1,
11210007253,true,טבסקו רוטב שום,ציון תורגמן בעמ,,,"י""ח",60,"ל מ""ל",false,1,9.90,16.50,true,1,
11210698055,true,"טבסקו סרירצ`ה 556מ""ל",ציון תורגמן בעמ,,,"י""ח",556,"ל מ""ל",false,1,24.90,4.48,false,1,
12300119139,true,וינסטון כחול 10 יח,גלוברנדס בעמ,,,"י""ח",1,,false,1,320.90,320.90,false,1,
16000281684,true,נייטשר קראנצ`י פקאן 1/5,ליימן שליסל,,,"י""ח",210,ל גרם,false,1,19.90,9.48,true,1,
16000423534,true,נייטשר קראנצ`י ש.שועל ושוקולד מריר 1/5,ליימן שליסל,,,"י""ח",210,ל גרם,false,1,19.90,9.48,true,1,
16000548404,true,נייטשר קראנצ`י שיבולת שועל ודבש 1/5,ליימן שליסל,,,"י""ח",210,ל גרם,false,1,19.90,9.48,true,1,
16000548503,true,חטיף ניצ`ר ואלי מייפל בסוכר חום,ליימן שליסל,,,"י""ח",210,ל גרם,false,1,19.90,9.48,true,1,
16000548909,true,נייטשר קראנצ`י בריאות מעורב 1/5,ליימן שליסל,,,"י""ח",210,ל גרם,false,1,19.90,9.48,true,1,
18000701223,true,תערובת לעוגת שוק(פילסברי),ליימן שליסל,,,"י""ח",517,ל גרם,false,1,17.90,3.46,false,1,
19548003107,true,בלוק צימקאו לבן 300גר,תה ויסוצקי (ישראל)בעמ,,,"י""ח",300,ל גרם,false,1,7.90,2.63,false,1,
22200956932,true,##ספיד סטיק ג ל-כחול,ש.שסטוביץ בעמ,,,"י""ח",51,ל גרם,false,1,19.90,39.02,true,1,
25675120068,true,ממתק מקלות בטעם קולה,גורי ע.ע.ע. בעמ,,,"י""ח",100,ל גרם,false,1,6.90,6.90,false,1,
25675121027,true,חמצוצים 115גר`,גורי ע.ע.ע. בעמ,,,"י""ח",115,ל גרם,false,1,10.20,8.87,false,1,
25675121034,true,חמצוצים 115גר`,גורי ע.ע.ע. בעמ,,,"י""ח",115,ל גרם,false,1,8.90,7.74,false,1,
25675121058,true,חמצוצים 115גר`,גורי ע.ע.ע. בעמ,,,"י""ח",115,ל גרם,false,1,10.20,8.87,false,1,
25675301108,true,מקלות חמוצות 50 גרם,גורי ע.ע.ע. בעמ,,,"י""ח",50,ל גרם,false,1,3.90,7.80,false,1,
30000315989,true,קוואקר פרוטאין חמוציות ושקדים 372ג.,שטראוס פריטו ליי בעמ,,,"י""ח",372,ל גרם,false,1,21.90,5.89,true,1,
31290140107,true,שוקולד GODIVA סטיקס 72%,תה ויסוצקי (ישראל)בעמ,,,"י""ח",90,ל גרם,false,1,14.90,16.56,true,1,
31290140176,true,שוקולד GODIVA סטיקס מריר עם שקדים,תה ויסוצקי (ישראל)בעמ,,,"י""ח",90,ל גרם,false,1,14.90,16.56,true,1,
34000148301,true,נטיפי שוקולד מריר לאפייה 340גר הרשי,ליימן שליסל,,,"י""ח",340,ל גרם,false,1,18.90,5.56,true,1,
34000196173,true,הרשי קוקיס קרים XL,ליימן שליסל,,,"י""ח",47,ל גרם,false,1,8.90,18.94,false,1,
34000442652,true,ריזס קבלה XL,ליימן שליסל,,,"י""ח",47,ל גרם,false,1,8.90,18.94,false,1,
34000470563,true,ריזס מיניס ארזה משפחתית 215ג,ליימן שליסל,,,"י""ח",215,ל גרם,false,1,19.90,9.26,false,1,
34000544028,true,ממתק בטעם תות 198ג,ליימן שליסל,,,"י""ח",198,ל גרם,false,1,7.90,3.99,false,1,
34000544431,true,ליקרויץ 198 גרם -דובדבן,ליימן שליסל,,,"י""ח",1,,false,1,7.90,7.90,false,1,
34000996643,true,הרשי דרופס ארזה משפחתית 215ג,ליימן שליסל,,,"י""ח",215,ל גרם,false,1,19.90,9.26,false,1,
36000516876,true,טישו קלינקס 3 שכבות 75יח,קימברלי קלארק ישראל שיווק בעמ,,,"י""ח",75,"י""ח",false,1,13.90,0.19,false,1,
36000516890,true,טישו קלינקס 120 3 שכבות,קימברלי קלארק ישראל שיווק בעמ,,,"י""ח",120,"י""ח",false,1,15.90,0.13,true,1,
37600207256,true,חמאת בוטנים סקיפי עם שברי בוטנים 462 ג,דיפלומט מפיצים (1968) בעמ**,,,"י""ח",462,ל גרם,false,1,19.90,4.31,false,1,
37600207287,true,חמאת בוטנים סקיפי,דיפלומט מפיצים (1968) בעמ**,,,"י""ח",462,ל גרם,false,1,19.90,4.31,false,1,
38000138638,true,פרינגלס פיצה 161 גר`פלקס,דיפלומט מפיצים (1968) בעמ**,,,"י""ח",161,ל גרם,false,1,9.90,6.15,true,1,
38000138720,true,פרינגלס ראנץ 158ג,דיפלומט מפיצים (1968) בעמ**,,,"י""ח",161,ל גרם,false,1,9.90,6.15,true,1,
38000183928,true,פרינגלס חרדל דבש 158ג`,דיפלומט מפיצים (1968) בעמ**,,,"י""ח",158,ל גרם,false,1,9.90,6.27,true,1,
38000202278,true,פרינגלס גלי בטעם אוריגינל 130 גר`,דיפלומט מפיצים (1968) בעמ**,,,"י""ח",130,ל גרם,false,1,9.90,7.62,true,1,
38000232176,true,פרינגלס שמנת בצל 161 גר`פלקס,דיפלומט מפיצים (1968) בעמ**,,,"י""ח",161,ל גרם,false,1,9.90,6.15,true,1,
38000232183,true,פרינגלס אוריגינל 149 גר`.,דיפלומט מפיצים (1968) בעמ**,,,"י""ח",149,ל גרם,false,1,9.90,6.64,true,1,
38527591060,true,דגנים מרובעים,שטראוס פריטו ליי בעמ,,,"י""ח",453,ל גרם,false,1,19.90,4.39,true,1,
38900779238,true,"מיץ אננס DOLE במארז רביעייה 250מ""ל",בני ג ורג שוקחה (חיפה) בעמ,,,"י""ח",800,"ל מ""ל",false,1,15.90,1.84,true,1,
40000514510,true,סוכריות M M פינאטס 48 ג,מרס ריגלי ישראל בעמ,,,"י""ח",1,,false,1,4.90,4.90,true,1,
41255015296,true,מחית אוכמניות לעוגה,מור ים מרקטינג בעמ,,,"י""ח",595,ל גרם,false,1,24.90,4.18,false,1,
41390010309,true,"רוטב טריאקי 444מ""ל",דיפלומט מפיצים (1968) בעמ**,,,"י""ח",144,"ל מ""ל",false,1,19.90,13.82,false,1,
42400108153,true,דגני בוקר תותיס פרוטיס 354גר,ר.ב. מוצרי דגנים בעמ,,,"י""ח",354,ל גרם,false,1,19.90,5.62,false,1,
46214372250,true,.עוגיות שטרודל 225 גרם תפוח מרבה,ש.שסטוביץ בעמ,,,"י""ח",225,ל גרם,false,1,8.90,3.96,false,1,
46214382259,true,עוגיות בראוניס 225 גרם,ש.שסטוביץ בעמ,,,"י""ח",225,ל גרם,false,1,8.90,3.96,false,1,
50000170180,true,פריסקיז עוף ברוטב 156גר`,קבוצת אוסם סחר-שות.מוגבלת,,,"י""ח",156,ל גרם,false,1,7.40,4.74,false,1,
50000225224,true,פריסקיז פריים פילה הודו ברוטב 156גר`,קבוצת אוסם סחר-שות.מוגבלת,,,"י""ח",156,ל גרם,false,1,7.40,4.74,false,1,
50000237951,true,פריסקיז פארטי מיקס גריל 60גר,קבוצת אוסם סחר-שות.מוגבלת,,,"י""ח",60,ל גרם,false,1,11.90,19.83,false,1,
50000578238,true,פריסקיז פארטי מיקס קרייזי צ`יז 60גר,קבוצת אוסם סחר-שות.מוגבלת,,,"י""ח",60,ל גרם,false,1,11.90,19.83,false,1,
55369902564,true,"מחית תפ""ע לא ממותק 452גר אפלסנקס",מור ים מרקטינג בעמ,,,"י""ח",452,ל גרם,false,1,15.90,3.52,false,1,
64144090051,true,תרסיס שמן פאם קנולה 148 ג,ליימן שליסל,,,"י""ח",148,"ל מ""ל",false,1,19.90,13.45,true,1,
71570009762,true,גלי בלי 70גר טעם מיקס טרופי,מור ים מרקטינג בעמ,,,"י""ח",70,ל גרם,false,1,11.90,17,false,1,
76840100156,true,גלידה פיינטים צרי גרסיה,מוצרי איכות אמריקאיים בעמ,,,"י""ח",750,"ל מ""ל",false,1,19.90,2.65,true,1,
76840100583,true,גלידה פיינטים בצק עוגיות 473 מל,מוצרי איכות אמריקאיים בעמ,,,"י""ח",750,"ל מ""ל",false,1,19.90,2.65,true,1,
76840400218,true,"גלידת בן אנד גריס 473מ""לעוגת גבינה עם",מוצרי איכות אמריקאיים בעמ,,,"י""ח",473,"ל מ""ל",false,1,23.90,5.05,true,1,
77245110610,true,סוכריות מאסט מנטה ללא סוכ,שטראוס גרופ בעמ,,,"י""ח",80,ל גרם,false,1,8.80,11,true,1,
77975036976,true,סלסה מטבל עגבניות חריפות מעודנת,ליימן שליסל,,,"י""ח",354,ל גרם,false,1,16.90,4.77,false,1,
77975091975,true,סניידרס סנדוויץ בייגלה בטעם פיצה,ליימן שליסל,,,"י""ח",340,ל גרם,false,1,15.90,4.68,true,1,
77975094624,true,סניידרס שברי בייגל חמאת בונים 283גר,ליימן שליסל,,,"י""ח",340,ל גרם,false,1,15.90,4.68,true,1,
77975094631,true,סנדוויץ בייגל במילוי קרם צ דר 226ג.,ליימן שליסל,,,"י""ח",226,ל גרם,false,1,15.90,7.04,true,1,
77975094761,true,סניידרס שברי בייגל גבינת צ`דר 340גר,ליימן שליסל,,,"י""ח",340,ל גרם,false,1,15.90,4.68,true,1,
77975094778,true,"סניידרס שברי בייגל בצל,חרדל ודבש 340ג",ליימן שליסל,,,"י""ח",340,ל גרם,false,1,15.90,4.68,true,1,
77975095133,true,סניידרס שברי בייגל 318ג,ליימן שליסל,,,"י""ח",318,ל גרם,false,1,15.90,5,true,1,
77975095157,true,סניידרס שברי בגיילה טעם חלפיניו 318גר,ליימן שליסל,,,"י""ח",318,ל גרם,false,1,15.90,5,true,1,
80432402931,true,"וויסקי שיבאס רגאל 700מ""ל",טמפו משקאות בעמ,,,"י""ח",700,"ל מ""ל",false,1,119.90,17.09,true,1,
80518532743,true,שקית בלונים,שמחה זה אנחנו,,,"י""ח",1,,false,1,12,12,false,1,
85696608044,true,טופו ללא גלוטן 349גר,מזרח ומערב יבוא ושיווק,,,"י""ח",349,ל גרם,false,1,12.90,3.70,true,1,
183837123408,true,"אורז בסגנון בסמטי אוצרות הודו 5ק""ג",בני ג ורג שוקחה (חיפה) בעמ,,,"י""ח",5,ליטר,false,1,32.90,6.58,false,1,
195480030088,true,בלוק צימקאו מריר 300גר,תה ויסוצקי (ישראל)בעמ,,,"י""ח",300,ל גרם,false,1,7.90,2.63,false,1,
613008753290,true,"אריזונה אפרסק 450מ""ל",טמפו משקאות בעמ,,,"י""ח",450,"ל מ""ל",false,1,7.40,1.58,true,1,
613008753320,true,"אריזונה ג`נסנג ודבש 450מ""ל",טמפו משקאות בעמ,,,"י""ח",450,"ל מ""ל",false,1,7.40,1.58,true,1,
613008753351,true,"אריזונה רימונים 450מ""ל",טמפו משקאות בעמ,,,"י""ח",450,"ל מ""ל",false,1,7.40,1.58,true,1,
613008753382,true,"אריזונה אוכמניות 450מ""ל",טמפו משקאות בעמ,,,"י""ח",450,"ל מ""ל",false,1,7.40,1.58,true,1,
633824111838,true,"וודקה ואן גוך אננס 750 מ""ל",טמפו משקאות בעמ,,,"י""ח",750,"ל מ""ל",false,1,129.90,17.28,true,1,
651080647519,true,פלאקרס פלוסר קיסם+חוט,דנשר (1963) בעמ,,,"י""ח",1,,false,1,10.90,10.90,false,1,
693493034456,true,סרדין בשמן זית,ויצמן פרימיום בעמ,,,"י""ח",125,ל גרם,false,1,5.90,4.72,false,1,
693493034470,true,פילה מקרל בשמן חמניות,ויצמן פרימיום בעמ,,,"י""ח",125,ל גרם,false,1,4.90,3.92,false,1,
693493034487,true,פילה סרדין בשמן זית,ויצמן פרימיום בעמ,,,"י""ח",125,ל גרם,false,1,6.50,5.20,false,1,
693493102575,true,עגבניות שרי קלמרים,ביכורי השדה צפון 1994 ג.ד. בעמ,,,"י""ח",450,ל גרם,false,1,9.90,2.20,false,1,
710069006867,true,סנדוויץ עוגיות וניל הדר 150גר,ח.כהן סוכנות מזון ומשקאות בע,,,"י""ח",150,ל גרם,false,1,3.90,2.60,false,1,
710069055452,true,סנדוויץ עוגיות שוקו 150גר הדר,ח.כהן סוכנות מזון ומשקאות בע,,,"י""ח",150,ל גרם,false,1,2.90,1.93,false,1,
728229123811,true,תה רה צי פס מתובל,מ.סידס ובנו בעמ,,,"י""ח",50,ל גרם,false,1,15.90,31.80,true,1,
728229124771,true,צי פס בטטה טעם ברביקיו TERRA,מ.סידס ובנו בעמ,,,"י""ח",110,ל גרם,false,1,15.90,14.45,true,1,
729002864025,true,נבטי אלפלפא,ביכורי השדה צפון 1994 ג.ד. בעמ,,,"י""ח",1,,false,1,6.90,6.90,false,1,
729016400205,true,צלחות 100יח גדול צבעוני שווה,ח.כהן סוכנות מזון ומשקאות בע,,,"י""ח",100,"י""ח",false,1,34.90,0.35,false,1,
768404001640,true,גלידה פיינטים קפה,מוצרי איכות אמריקאיים בעמ,,,"י""ח",500,"ל מ""ל",false,1,19.90,3.98,true,1,
769904000607,true,.שקדי מרק ברפוד 200גר`,בטר אנד דיפרנט בעמ,,,"י""ח",200,ל גרם,false,1,12.90,6.45,false,1,
769904000997,true,"שקדי מרק דג""ש ללא גלוטן 200ג",נטורפוד בעמ,,,"י""ח",200,ל גרם,false,1,13.90,6.95,false,1,
769904001024,true,אטריות רחבות 200ג,בטר אנד דיפרנט בעמ,,,"י""ח",200,ל גרם,false,1,12.90,6.45,false,1,
786150000281,true,"לף בראון בקבוק 330מ""ל 1/6",תימקו בירה בעמ,,,"י""ח",330,"ל מ""ל",false,1,49.90,14.58,true,1,
807251101223,true,פלסטלינה,צבע ומכחול (2014) בעמ,,,"י""ח",1,,false,1,9.90,9.90,false,1,
807259441888,true,דבק סטיק 3יח,צבע ומכחול (2014) בעמ,,,"י""ח",1,,false,1,7.90,7.90,false,1,
835811001232,true,נייר אפיה לתבנית עגול 10יח,הנמל אריזות ושווק בעמ,,,"י""ח",10,"י""ח",false,1,10.90,1.09,false,1,
835811002215,true,גביעי מאפינס צבעוני 200יח מס4,הנמל אריזות ושווק בעמ,,,"י""ח",1,,false,1,9.50,9.50,false,1,
835811002239,true,גביעי מאפינס צבעוני 200יח מס3,הנמל אריזות ושווק בעמ,,,"י""ח",1,,false,1,7.90,7.90,false,1,
835811002253,true,גביעי מאפינס צבעוני 200יח מס1.5,הנמל אריזות ושווק בעמ,,,"י""ח",1,,false,1,5.90,5.90,false,1,
835811004189,true,פרורי לחם מוזהבים 800 גרם הנמל,הנמל אריזות ושווק בעמ,,,"י""ח",800,ל גרם,false,1,9,1.13,false,1,
835811004424,true,חלב מרוכז 340ג,הנמל אריזות ושווק בעמ,,,"י""ח",340,ל גרם,false,1,13.90,4.09,false,1,
835811005339,true,זוג שקיות אוכל זוגות הנמל,הנמל אריזות ושווק בעמ,,,"י""ח",2,"י""ח",false,1,7.90,3.95,false,1,
835811006695,true,קוקטים לאפייה 20יח 5OZ הנמל,הנמל אריזות ושווק בעמ,,,"י""ח",1,,false,1,7.20,7.20,false,1,
835811007166,true,כוסות קפה לדרך+מכסה 16 יחידות הנמל,הנמל אריזות ושווק בעמ,,,"י""ח",16,"י""ח",false,1,13.90,0.87,false,1,
839762000641,true,איילנד מנגו 1 ליטר,טמפו משקאות בעמ,,,"י""ח",1,ליטר,false,1,13.20,13.20,true,1,
839762000658,true,איילנד גויאבה 1 ליטר,טמפו משקאות בעמ,,,"י""ח",1,ליטר,false,1,13.20,13.20,true,1,
839762002379,true,"איילנד מנגו 350מ""ל",טמפו משקאות בעמ,,,"י""ח",350,"ל מ""ל",false,1,5.40,1.46,false,1,
839762002386,true,"איילנד גויאבה 350מ""ל",טמפו משקאות בעמ,,,"י""ח",350,"ל מ""ל",false,1,5.40,1.46,false,1,
856591000055,true,עבאדי עוגיות מזרחיות קריספי -400,תה ויסוצקי (ישראל)בעמ,,,"י""ח",400,ל גרם,false,1,17.90,4.48,false,1,
856591000109,true,עבאדי עוגיות מזרחיות פריך במיוחד 400גר,תה ויסוצקי (ישראל)בעמ,,,"י""ח",400,ל גרם,false,1,17.90,4.48,false,1,
856591000918,true,מארז עבאדי חטיף טבעי 80גר,תה ויסוצקי (ישראל)בעמ,,,"י""ח",320,ל גרם,false,1,14.90,4.66,false,1,
856591000949,true,עבאדי קטנטנים מאפה חיטה מלוח 350גר,תה ויסוצקי (ישראל)בעמ,,,"י""ח",350,ל גרם,false,1,16.90,4.83,true,1,
856591000970,true,מקלונים טעם חריף 400ג,תה ויסוצקי (ישראל)בעמ,,,"י""ח",400,ל גרם,false,1,17.90,4.48,true,1,
884912342737,true,דגני בוקר CRISP WAFFLE י326 גרם.,ר.ב. מוצרי דגנים בעמ,,,"י""ח",326,ל גרם,false,1,20.90,6.41,false,1,
884912365200,true,דגני בוקר אוראו 311גר.,ר.ב. מוצרי דגנים בעמ,,,"י""ח",311,ל גרם,false,1,23.90,7.68,true,1,
2348139024008,false,תחתיות ארטישוק 400 גרם,נטו מלינדה סחר בעמ,,,"י""ח",425,ל גרם,false,1,11.90,2.80,false,1,
3014260228842,false,"גילט קצף גילוח רגיל 200 מ""ל",דיפלומט מפיצים 1968 בעמ,,,"י""ח",200,"ל מ""ל",false,1,16.30,8.15,true,1,
3014260240226,false,"גילט קצף גילוח רגיש 200 מ""ל",דיפלומט מפיצים 1968 בעמ,,,"י""ח",200,"ל מ""ל",false,1,16.30,8.15,true,1,
3014260287030,false,ג ילט 2 חמישיה,דיפלומט מפיצים 1968 בעמ,,,"י""ח",1,,false,1,6.90,6.90,true,1,
3014260289287,false,גילט בלו 2 חמישיה לאשה,דיפלומט מפיצים 1968 בעמ,,,"י""ח",1,,false,1,14.90,14.90,true,1,
3045201108008,false,אידיאל לכתמים-כדור מסאג,יעקב יעקבי ובניו בעמ,,,"י""ח",1,ליטר,false,1,19.90,19.90,false,1,
3069900201327,false,זיתים שחורים בשקית וואקום,ויצמן פרימיום בעמ,,,"י""ח",400,ל גרם,false,1,10.90,2.73,false,1,
3073781161663,false,גבינה לוואש קירי 8יח`,בני ג ורג שוקחה (חיפה) בעמ,,,"י""ח",128,ל גרם,false,1,11.90,9.30,false,1,
3073781161687,false,גבינה לוואש קירי 16 יח`,בני ג ורג שוקחה (חיפה) בעמ,,,"י""ח",256,ל גרם,false,1,22.90,8.95,true,1,
3073781161700,false,גבינה לוואש קירי 32 יח`,בני ג ורג שוקחה (חיפה) בעמ,,,"י""ח",480,ל גרם,false,1,37.90,7.90,false,1,
3073781162790,false,בייבי בל 6 יח 120גר` נטו,א. סיימן סחר בעמ,,,"י""ח",120,ל גרם,false,1,21.90,18.25,true,1,
3141360054405,false,פיניש ציטרופרש לימון,רקיט בנקיזר (ניר איסט) בעמ,,,"י""ח",27,ל גרם,false,1,14.90,55.19,true,1,
3228022910023,false,חמאה פרזידנט 200גרם,נטו מלינדה סחר בעמ,,,"י""ח",2,"י""ח",false,1,14.90,7.45,false,1,
3254550033279,false,קממבר פאיסיני 250גר,א. סיימן סחר בעמ,,,"י""ח",250,ל גרם,false,1,30.90,12.36,true,1,
3282554138911,false,כפיות לבן 100יח שווה,ח.כהן סוכנות מזון ומשקאות בע,,,"י""ח",100,"י""ח",false,1,6.90,0.07,false,1,
3282554174537,false,סכינים לבן 100יח שווה,ח.כהן סוכנות מזון ומשקאות בע,,,"י""ח",100,"י""ח",false,1,9.90,0.10,false,1,
3282554174841,false,מזלגות לבן 100יח שווה,ח.כהן סוכנות מזון ומשקאות בע,,,"י""ח",100,"י""ח",false,1,9.90,0.10,false,1,
3282554174957,false,כפות לבן 100יח שווה,ח.כהן סוכנות מזון ומשקאות בע,,,"י""ח",100,"י""ח",false,1,9.90,0.10,false,1,
3387390320244,false,פיטנס דגנים עם פירות 375גרם,קבוצת אוסם סחר-שות.מוגבלת,,,"י""ח",375,ל גרם,false,1,22.90,6.11,true,1,
3387390525960,false,קראנץ 500גר`,קבוצת אוסם סחר-שות.מוגבלת,,,"י""ח",500,ל גרם,false,1,19.90,3.98,true,1,
3387390730852,false,פיטנס 375 גרם,קבוצת אוסם סחר-שות.מוגבלת,,,"י""ח",375,ל גרם,false,1,22.90,6.11,true,1,
3523230026826,false,פירמידה עיזים טבעי 140ג,א. סיימן סחר בעמ,,,"י""ח",125,ל גרם,false,1,23.90,19.12,true,1,
3563490014898,false,חרדל דיג ון 255 גרם,דיפלומט מפיצים (1968) בעמ**,,,"י""ח",255,ל גרם,false,1,12.90,5.06,false,1,
3574660089547,false,טמפוני OB 32 נורמל,ש.שסטוביץ בעמ,,,"י""ח",1,,false,1,24.90,24.90,false,1,
3574660115154,false,טמפוני OB 32+8,ש.שסטוביץ בעמ,,,"י""ח",1,,false,1,24.90,24.90,false,1,
3574660464337,false,קרפרי מגן תחתון מבושם 76יח`,ש.שסטוביץ בעמ,,,"י""ח",76,"י""ח",false,1,19.90,0.26,false,1,
3574660464368,false,קרפרי מגן תחתון אלוורה 76יח`,ש.שסטוביץ בעמ,,,"י""ח",1,,false,1,22.90,22.90,false,1,
3574661485201,false,טמפוני OB 32,ש.שסטוביץ בעמ,,,"י""ח",1,,false,1,24.90,24.90,false,1,
3574661487618,false,קרפרי מקסי לארג מבושם 48יח,ש.שסטוביץ בעמ,,,"י""ח",1,,false,1,15.90,15.90,true,1,
3574661487625,false,קרפרי מקסי לארג 48יח,ש.שסטוביץ בעמ,,,"י""ח",1,,false,1,15.90,15.90,true,1,
3574661487632,false,קרפרי מגן תחתון לארג`מקסי 64יח`,ש.שסטוביץ בעמ,,,"י""ח",1,,false,1,22.90,22.90,false,1,
3574661491806,false,"ליסטרין אדוונסד וואט 500 מ""ל",שקד תבל בעמ,,,"י""ח",500,"ל מ""ל",false,1,18.90,3.78,true,1,
3574661552576,false,קרפרי מגן תחתון רגיל טנגה לבן 56יח`,ש.שסטוביץ בעמ,,,"י""ח",1,,false,1,15.90,15.90,true,1,
3574661552804,false,קרפרי מגן תחתון אלוורה 56יח`,ש.שסטוביץ בעמ,,,"י""ח",1,,false,1,15.90,15.90,true,1,
3574661554884,false,קרפרי רגיל טנגה ריחניה 56יח`,ש.שסטוביץ בעמ,,,"י""ח",1,,false,1,15.90,15.90,true,1,
3574661643359,false,"ליסטרין נטורל`ס 500 מ""ל",שקד תבל בעמ,,,"י""ח",500,"ל מ""ל",false,1,18.90,3.78,true,1,
3574669907729,false,"ג ונסון בייבי שמפו גולד 750מ""ל",ש.שסטוביץ בעמ,,,"י""ח",750,"ל מ""ל",false,1,24.90,3.32,true,1,
3574669908665,false,ג ונסון בייבי אל סבון לפני שינה 750מל,ש.שסטוביץ בעמ,,,"י""ח",750,"ל מ""ל",false,1,8.30,1.11,true,1,
3600522550167,false,קרם לילה אייג ספשיאליסט +45,לוריאל ישראל קוסמטיקס בעמ,,,"י""ח",50,"ל מ""ל",false,1,59.90,119.80,false,1,
3600522550204,false,קרם יום אייג ספשיאליסט +55,לוריאל ישראל קוסמטיקס בעמ,,,"י""ח",50,"ל מ""ל",false,1,49.90,99.80,false,1,
3600522632436,false,קרם לילה אייג ספשיאליסט +55,לוריאל ישראל קוסמטיקס בעמ,,,"י""ח",50,"ל מ""ל",false,1,59.90,119.80,false,1,
3600523642489,false,אלביב מסכה 6 שמנים מופלאים,לוריאל ישראל קוסמטיקס בעמ,,,"י""ח",1,,false,1,34.90,34.90,false,1,
3600523651900,false,"אלביב מרכך ארגנון 550מ""ל",לוריאל ישראל קוסמטיקס בעמ,,,"י""ח",550,"ל מ""ל",false,1,14.90,2.71,true,1,
3600523652228,false,"אלביב מרכך קטוטל ריפר 550מ""ל",לוריאל ישראל קוסמטיקס בעמ,,,"י""ח",550,"ל מ""ל",false,1,14.90,2.71,true,1,
3600523652242,false,"אלביב שמפו קולור 550מ""ל",לוריאל ישראל קוסמטיקס בעמ,,,"י""ח",550,"ל מ""ל",false,1,14.90,2.71,true,1,
3600523652280,false,"אלביב שמפו 6 שמנים 550מ""ל",לוריאל ישראל קוסמטיקס בעמ,,,"י""ח",550,"ל מ""ל",false,1,14.90,2.71,true,1,
3600523652297,false,"אלביב מרכך 6 שמנים 550מ""ל",לוריאל ישראל קוסמטיקס בעמ,,,"י""ח",550,"ל מ""ל",false,1,14.90,2.71,true,1,
3600523755806,false,"אלביב שמפו קוקוס 550מ""ל",לוריאל ישראל קוסמטיקס בעמ,,,"י""ח",550,"ל מ""ל",false,1,14.90,2.71,true,1,
3600523782567,false,אלביב שמפו דרים לונג 500,לוריאל ישראל קוסמטיקס בעמ,,,"י""ח",500,"ל מ""ל",false,1,14.90,2.98,true,1,
3600523782574,false,אלביב מסכה דרים לונג 300ML,לוריאל ישראל קוסמטיקס בעמ,,,"י""ח",360,"ל מ""ל",false,1,34.90,9.69,false,1,
3600523782581,false,אלביב מרכך דרים לונג 500,לוריאל ישראל קוסמטיקס בעמ,,,"י""ח",500,"ל מ""ל",false,1,14.90,2.98,true,1,
3600524055400,false,"אלביב שמפו היאלורונית 500מ""ל",לוריאל ישראל קוסמטיקס בעמ,,,"י""ח",500,"ל מ""ל",false,1,18.90,3.78,true,1,
3600541029323,false,מסיר איפור עמיד במים,לוריאל ישראל קוסמטיקס בעמ,,,"י""ח",1,,false,1,27.90,27.90,true,1,
3600541402270,false,"גרנייה אינביזי דאו ספריי 50מ""ל",לוריאל ישראל קוסמטיקס בעמ,,,"י""ח",50,"ל מ""ל",false,1,14.90,29.80,true,1,
3600541740006,false,"גרנייה מינרל דאו ספריי אקשן 150מ""ל",לוריאל ישראל קוסמטיקס בעמ,,,"י""ח",150,"ל מ""ל",false,1,14.90,9.93,true,1,
3600541937475,false,גרנייה פיור ניקוי 3ב1,לוריאל ישראל קוסמטיקס בעמ,,,"י""ח",1,,false,1,29.90,29.90,false,1,
3600541956223,false,גרנייה פיור אקטיב מברשת,לוריאל ישראל קוסמטיקס בעמ,,,"י""ח",1,,false,1,29.90,29.90,false,1,
3600542365710,false,גרנייה פיור ג ל ניקוי,לוריאל ישראל קוסמטיקס בעמ,,,"י""ח",150,"ל מ""ל",false,1,29.90,19.93,false,1,
3600542365796,false,ג`ל ניקוי גרניה ענבים,לוריאל ישראל קוסמטיקס בעמ,,,"י""ח",200,"ל מ""ל",false,1,24.90,12.45,true,1,
3600542375801,false,"גרנייה פיוראקטיב 3ב1 פחם 150מ""ל",לוריאל ישראל קוסמטיקס בעמ,,,"י""ח",150,"ל מ""ל",false,1,29.90,19.93,false,1,
3600542385091,false,דאו גרניה אקשן קונטרול 72שעות,לוריאל ישראל קוסמטיקס בעמ,,,"י""ח",1,,false,1,14.90,14.90,true,1,
3600542385251,false,דאו רול פרוטקשן 6 ורוד.,לוריאל ישראל קוסמטיקס בעמ,,,"י""ח",1,,false,1,14.90,14.90,true,1,
3600542431828,false,צבע לשיער גרניה קולור נטורלס 1,לוריאל ישראל קוסמטיקס בעמ,,,"י""ח",1,,false,1,18.90,18.90,false,1,
3600542431842,false,צבע לשיער גרניה קולור 4,לוריאל ישראל קוסמטיקס בעמ,,,"י""ח",1,,false,1,18.90,18.90,false,1,
3600542431866,false,צבע לשיער גרניה קולור,לוריאל ישראל קוסמטיקס בעמ,,,"י""ח",1,,false,1,18.90,18.90,false,1,
3600542431903,false,גצבע לשיער רניה קולור 10,לוריאל ישראל קוסמטיקס בעמ,,,"י""ח",1,,false,1,18.90,18.90,false,1,
3600542431934,false,צבע לשיער גרניה קולור 6.25,לוריאל ישראל קוסמטיקס בעמ,,,"י""ח",1,,false,1,18.90,18.90,false,1,
3600542431941,false,גרניה קולור 5.3,לוריאל ישראל קוסמטיקס בעמ,,,"י""ח",1,,false,1,18.90,18.90,false,1,
3607343817547,false,"אדידס ספריי לגבר קליימקול 150מ""ל",דנשר (1963) בעמ,,,"י""ח",150,"ל מ""ל",false,1,12.90,8.60,true,1,
3607347320449,false,"אדידס גל רחצה 400מ""ל ספורט אנרגי",דנשר (1963) בעמ,,,"י""ח",400,"ל מ""ל",false,1,10.90,2.73,false,1,
3614224050986,false,"אדידס ספריי לגבר אדיפיור 72ש. 150מ""ל",דנשר (1963) בעמ,,,"י""ח",150,"ל מ""ל",false,1,12.90,8.60,true,1,
3661163970448,false,"ספריי גברים דרי מקס A3 פרש 200מ""ל",דנשר (1963) בעמ,,,"י""ח",200,"ל מ""ל",false,1,15.10,7.55,false,1,
3661163991146,false,"ספריי נשים A3 דריי מקס פרש 200מ""ל",דנשר (1963) בעמ,,,"י""ח",200,"ל מ""ל",false,1,14.90,7.45,false,1,
3661163991344,false,ספריי נשים A3 דריי מקס פרו קליר 200,דנשר (1963) בעמ,,,"י""ח",1,,false,1,14.90,14.90,false,1,
3800020403631,false,קיט קאט חמאת בוטנים,קבוצת אוסם סחר-שות.מוגבלת,,,"י""ח",35,ל גרם,false,1,3.90,11.14,true,1,
3800020423578,false,קיט קאט צ`אנקי 40 גרם,קבוצת אוסם סחר-שות.מוגבלת,,,"י""ח",48,ל גרם,false,1,3.90,8.13,true,1,
3800020472569,false,קיט קאט צ`אנקי קרמל 43גר,קבוצת אוסם סחר-שות.מוגבלת,,,"י""ח",43,ל גרם,false,1,3.90,9.07,true,1,
3800020472712,false,קיט קאט צ`אנקי פופקורן 42 גרם,קבוצת אוסם סחר-שות.מוגבלת,,,"י""ח",42,ל גרם,false,1,3.90,9.29,true,1,
3800163830011,false,זיתים שחורים שלמים בשמן 600 גרם נאמן,נאמן לאורך זמן בעמ,,,"י""ח",600,ל גרם,false,1,21.90,3.65,false,1,
3838824127149,false,צבעי שיער שחור כחול סמי קיט,הנקל סוד בעמ,,,"י""ח",1,,false,1,19.90,19.90,true,1,
3838824127224,false,צבעי שיער חום בינוני סמי קיט,הנקל סוד בעמ,,,"י""ח",1,,false,1,19.90,19.90,true,1,
3838824127248,false,צבעי שיער חום בהיר סמי קיט,הנקל סוד בעמ,,,"י""ח",1,,false,1,19.90,19.90,true,1,
3838824127262,false,צבעי שיער בלונד כהה סמי קיט,הנקל סוד בעמ,,,"י""ח",1,,false,1,19.90,19.90,true,1,
3838824127286,false,צבעי שיער בלונד בינוני סמי קיט,הנקל סוד בעמ,,,"י""ח",1,,false,1,19.90,19.90,true,1,
3838824193915,false,צבעי שיער שחור סמי קיט,הנקל סוד בעמ,,,"י""ח",1,,false,1,19.90,19.90,true,1,
3838824332130,false,צבעי שיער סמי קיט,הנקל סוד בעמ,,,"י""ח",1,,false,1,19.90,19.90,true,1,
3838824332178,false,צבעי שיער סמי קיט,הנקל סוד בעמ,,,"י""ח",1,,false,1,19.90,19.90,true,1,
3838824380827,false,צבעי שיער בלונד כהה סמי קיט פאלטה,הנקל סוד בעמ,,,"י""ח",1,,false,1,19.90,19.90,true,1,
3838824380902,false,צבעי שיער בלונד סופר בהיר סמי קיט פאלטה,הנקל סוד בעמ,,,"י""ח",1,,false,1,19.90,19.90,true,1,
3838824380988,false,צבעי שיער בלונד כסוף אפרפר סמי קיט פאל,הנקל סוד בעמ,,,"י""ח",1,,false,1,19.90,19.90,true,1,
4000417022004,false,ריטר שוקולד צימוק אגוז,ליימן שליסל,,,"י""ח",100,ל גרם,false,1,8.90,8.90,true,1,
4000417023001,false,ריטר ספורט שקדים חלב,ליימן שליסל,,,"י""ח",100,ל גרם,false,1,10.90,10.90,true,1,
4000417025005,false,ריטר ספורט מרציפן,ליימן שליסל,,,"י""ח",100,ל גרם,false,1,8.90,8.90,true,1,
4000417026002,false,ריטר שוקולד פרלין 100 גרם,ליימן שליסל,,,"י""ח",100,ל גרם,false,1,8.90,8.90,true,1,
4000417101211,false,אמיצ`לי אגוז 150גר,ליימן שליסל,,,"י""ח",150,ל גרם,false,1,17.90,11.93,true,1,
4000417101310,false,אמיצ`לי עם קרם קקאו בציפוי שוקולד 150ג,ליימן שליסל,,,"י""ח",150,ל גרם,false,1,17.90,11.93,true,1,
4000417222008,false,ריטר שוקולד חלב עם שברי אגוזים 100גר`,ליימן שליסל,,,"י""ח",100,ל גרם,false,1,8.90,8.90,true,1,
4000417224002,false,ריטר ספורט שוקולד מריר עם אגוזים שלמים,ליימן שליסל,,,"י""ח",100,ל גרם,false,1,10.90,10.90,true,1,
4000417450302,false,מיני ריטר פאוצ 183ג ספורט,ליימן שליסל,,,"י""ח",183,ל גרם,false,1,19.90,10.87,false,1,
4000417626417,false,ריטר ספורט חמטציות ואגוזים 100 גרם,ליימן שליסל,,,"י""ח",100,ל גרם,false,1,8.90,8.90,true,1,
4000869032569,false,הפי פרש יעקובי,יעקב יעקבי ובניו בעמ,,,"י""ח",1,,false,1,10.20,10.20,false,1,
4002575016253,false,מרצפן 100גר.,ליימן שליסל,,,"י""ח",100,ל גרם,false,1,9.90,9.90,false,1,
4004666111663,false,"מלרוד שפורפרת להלבנת בין חרסינות 90מ""",יעקב יעקבי ובניו בעמ,,,"י""ח",90,"ל מ""ל",false,1,27.90,31,false,1,
4004715020755,false,קישוטי עוגה פרינס אנד פרינסס,ליימן שליסל,,,"י""ח",1,,false,1,13.90,13.90,false,1,
4005808293469,false,דאו ספריי לגבר יבש,אלפא ב.ד.ף בעמ,,,"י""ח",150,"ל מ""ל",false,1,15.90,10.60,true,1,
4005808366392,false,שפתון לבלו כחול,אלפא ב.ד.ף בעמ,,,"י""ח",1,,false,1,11.90,11.90,true,1,
4005808368280,false,שפתון לבלו דובדבן,אלפא ב.ד.ף בעמ,,,"י""ח",1,"י""ח",false,1,11.90,11.90,true,1,
4005808515554,false,"קרם ניוואה סופט רב שימושי 300מ""ל",אלפא ב.ד.ף בעמ,,,"י""ח",300,ל גרם,false,1,35.90,11.97,true,1,
4005808837359,false,דאו סרול און לאישה פרל ביוטי,אלפא ב.ד.ף בעמ,,,"י""ח",150,"ל מ""ל",false,1,13.90,9.27,true,1,
4005808890576,false,"קרם ניוואה סופט 75מ""ל",אלפא ב.ד.ף בעמ,,,"י""ח",100,"ל מ""ל",false,1,15.90,15.90,false,1,
4005900036445,false,דאו ניוואה פיור רול און,אלפא ב.ד.ף בעמ,,,"י""ח",150,"ל מ""ל",false,1,13.90,9.27,true,1,
4005900036476,false,דאו רול און בלק אנד וויט אישה,אלפא ב.ד.ף בעמ,,,"י""ח",50,"ל מ""ל",false,1,13.90,27.80,true,1,
4005900036506,false,דאו רול און בלק אנד וויט גבר,אלפא ב.ד.ף בעמ,,,"י""ח",50,"ל מ""ל",false,1,13.90,27.80,true,1,
4005900092427,false,קרם לילה אנטי אייג`.,אלפא ב.ד.ף בעמ,,,"י""ח",250,ל גרם,false,1,49.90,19.96,false,1,
4005900485243,false,רול און דרי פרש גבר ניוואה,אלפא ב.ד.ף בעמ,,,"י""ח",50,"ל מ""ל",false,1,13.90,27.80,true,1,
4005900494924,false,ספריי דריי פרש אישה ניוואה,אלפא ב.ד.ף בעמ,,,"י""ח",50,"ל מ""ל",false,1,15.90,31.80,true,1,
4005900555915,false,"תחליב רחצה RELAXING MOMENTS 750מ""ל קוקוס",אלפא ב.ד.ף בעמ,,,"י""ח",750,"ל מ""ל",false,1,15.90,2.12,true,1,
4005900828088,false,דאו רול און לגבר פרש,אלפא ב.ד.ף בעמ,,,"י""ח",50,"ל מ""ל",false,1,13.90,27.80,true,1,
4005900845702,false,"דאו רול און קול קיק פרש 50מ""ל",אלפא ב.ד.ף בעמ,,,"י""ח",50,"ל מ""ל",false,1,13.90,27.80,true,1,
4008287051032,false,קרומבאכר פילס פחית בודד 0.5ל,אגודת הכורמים,,,"י""ח",50,"ל מ""ל",false,1,9.90,19.20,true,1,
4008287058161,false,קרומבאכר פילס 4.8% 0.33ל בקבוק 1/6,אגודת הכורמים,,,"י""ח",1.98,ליטר,false,1,37.90,18.23,true,1,
4008287905786,false,קרומבאכר חיטה פחית בודד 0.5ל,אגודת הכורמים,,,"י""ח",50,"ל מ""ל",false,1,9.90,19.20,true,1,
4009309022399,false,כרוב כבוש 670ג,נטורפוד בעמ,,,"י""ח",670,ל גרם,false,1,14.90,2.22,false,1,
4009900013581,false,מארז חמישיית אורביט סטיקס ספירמינט,מרס ריגלי ישראל בעמ,,,"י""ח",5,"י""ח",false,1,9.90,1.98,false,1,
4009900402965,false,אורביט בקבוקון WHITE טעם פירות,מרס ריגלי ישראל בעמ,,,"י""ח",90,ל גרם,false,1,10.50,11.67,true,1,
4009900403023,false,אורביט בקבוקון WHITE טעם מנטה,מרס ריגלי ישראל בעמ,,,"י""ח",90,ל גרם,false,1,10.50,11.67,true,1,
4009900426039,false,איירוויבז בקבוקון טעם מנטה אקליפטוס,מרס ריגלי ישראל בעמ,,,"י""ח",90,ל גרם,false,1,10.50,11.67,true,1,
4009900500166,false,סקיטלס פירות בקבוק,מרס ריגלי ישראל בעמ,,,"י""ח",1,,false,1,8.90,8.90,false,1,
4009900535519,false,אורביט רפרשרס פפרמינט HP,מרס ריגלי ישראל בעמ,,,"י""ח",15,ל גרם,false,1,3.90,26,false,1,
4009900535540,false,אורביט רפרשרס ספירמינט HP,מרס ריגלי ישראל בעמ,,,"י""ח",15,ל גרם,false,1,3.90,26,false,1,
4009900535823,false,אורביט רפרשרס בבלמינט HP,מרס ריגלי ישראל בעמ,,,"י""ח",15,ל גרם,false,1,3.90,26,false,1,
4009900536288,false,אורביט רפרשרס ספירמינט בקבוקון,מרס ריגלי ישראל בעמ,,,"י""ח",67,ל גרם,false,1,11.90,17.76,false,1,
4009900539401,false,פייב באונס בטעם מנטה HP,מרס ריגלי ישראל בעמ,,,"י""ח",15,ל גרם,false,1,3.90,26,false,1,
4009900539432,false,פייב באונס בטעם אבטיח HP,מרס ריגלי ישראל בעמ,,,"י""ח",15,ל גרם,false,1,3.90,26,false,1,
4009900539685,false,פייב באונס בטעם מנטה בקבוקון,מרס ריגלי ישראל בעמ,,,"י""ח",67,ל גרם,false,1,11.90,17.76,true,1,
4009900540551,false,אורביט רפרשרס טרופיקל בקבוקון,מרס ריגלי ישראל בעמ,,,"י""ח",67,ל גרם,false,1,11.90,17.76,false,1,
4011800290030,false,קורני חלבון שוקו 50ג,מ.סידס ובנו בעמ,,,"י""ח",50,ל גרם,false,1,8.90,17.80,false,1,
4011800290054,false,קורני חלבון שוקו 50ג,מ.סידס ובנו בעמ,,,"י""ח",50,ל גרם,false,1,7.90,15.80,false,1,
4011800567613,false,קורני מילק דארק 120 גרם,מ.סידס ובנו בעמ,,,"י""ח",1,,false,1,14.80,14.80,true,1,
4011800568610,false,קורני מילק קלאסיק 120 ג`,מ.סידס ובנו בעמ,,,"י""ח",1,,false,1,14.80,14.80,true,1,
4011800628512,false,קורני בייס שוקו 150 ג,מ.סידס ובנו בעמ,,,"י""ח",150,ל גרם,false,1,11.90,7.93,true,1,
4011800629519,false,קורני בייס נאטס 150 ג,מ.סידס ובנו בעמ,,,"י""ח",150,ל גרם,false,1,14.80,9.87,true,1,
4011800630515,false,קורני בייס שוק בננה 150 ג,מ.סידס ובנו בעמ,,,"י""ח",150,ל גרם,false,1,11.90,7.93,true,1,
4011800632519,false,קורני בייס קוקונט 150ג`,מ.סידס ובנו בעמ,,,"י""ח",150,ל גרם,false,1,11.90,7.93,true,1,
4011800633516,false,קורני בייס דרק שוק 138 ג`,מ.סידס ובנו בעמ,,,"י""ח",6,"י""ח",false,1,11.90,1.98,true,1,
4011800637514,false,קורני פרי ואיט שוקו 120ג,מ.סידס ובנו בעמ,,,"י""ח",150,ל גרם,false,1,14.80,9.87,true,1,
4013197767027,false,קוונדיש סוכריות בפחית דובדבן,שוקוטרייד בעמ,,,"י""ח",300,ל גרם,false,1,10.90,3.63,false,1,
4013197767034,false,קוונדיש סוכריות בפחית לימון,שוקוטרייד בעמ,,,"י""ח",300,ל גרם,false,1,10.90,3.63,false,1,
4013197767119,false,קוונדיש סוכריות בפחית מנטה קליר,שוקוטרייד בעמ,,,"י""ח",300,ל גרם,false,1,10.90,3.63,false,1,
4014400900217,false,מרסי 400 ג,ליימן שליסל,,,"י""ח",400,ל גרם,false,1,49.90,12.48,true,1,
4014400904277,false,אייספרש 425 ג,ליימן שליסל,,,"י""ח",425,ל גרם,false,1,14.90,3.51,true,1,
4014400904376,false,שוקולדן 325 גרם.,ליימן שליסל,,,"י""ח",325,ל גרם,false,1,14.90,4.58,true,1,
4014400904390,false,וולמילש 325 גרם,ליימן שליסל,,,"י""ח",325,ל גרם,false,1,14.90,4.58,true,1,
4014400913910,false,וורטר במילוי קרם 125ג,ליימן שליסל,,,"י""ח",135,ל גרם,false,1,8.90,6.59,true,1,
4014400914924,false,וורטל ללא סוכר קפה 80גר`,ליימן שליסל,,,"י""ח",1,,false,1,8.90,8.90,true,1,
4014400923711,false,טופיפי 125 גרם,ליימן שליסל,,,"י""ח",125,ל גרם,false,1,11.90,9.52,true,1,
4015000031394,false,ספטיל להסרת כתמים,גורי שיווק בעמ,,,"י""ח",200,ל גרם,false,1,14.90,7.45,false,1,
4015000997430,false,"דאודורנט ספריי FA 200מ""ל",הנקל סוד בעמ,,,"י""ח",200,"ל מ""ל",false,1,10.90,5.45,true,1,
4015100190762,false,"מכסה גליס 300מ""ל שתמצית שמן",הנקל סוד בעמ,,,"י""ח",300,"ל מ""ל",false,1,28.90,9.63,true,1,
4015100190793,false,"מכסה גליס 300מ""ל שיקום",הנקל סוד בעמ,,,"י""ח",300,"ל מ""ל",false,1,28.90,9.63,true,1,
4015100204087,false,"סאיוס ספריי סלון פלאקס 400מ""ל",הנקל סוד בעמ,,,"י""ח",400,"ל מ""ל",false,1,29.90,7.48,true,1,
4015400564034,false,אולדייז מגה פק לונג פלוס 58 יח`***,דיפלומט מפיצים 1968 בעמ,,,"י""ח",58,"י""ח",false,1,19.90,0.34,true,1,
4015400564454,false,אולדייז מגה פק לארג `68יח`***,דיפלומט מפיצים 1968 בעמ,,,"י""ח",1,,false,1,19.90,19.90,true,1,
4015400681670,false,אולוויז לילה בטוח 18יח,דיפלומט מפיצים 1968 בעמ,,,"י""ח",1,,false,1,19.90,19.90,true,1,
4015400731719,false,אולוויז וליו פק לילה 20יח`,דיפלומט מפיצים 1968 בעמ,,,"י""ח",1,,false,1,19.90,19.90,true,1,
4015400746812,false,אולדייז מגה פק נורמל 80יח`***,דיפלומט מפיצים 1968 בעמ,,,"י""ח",80,"י""ח",false,1,19.90,0.25,true,1,
4015400755241,false,אולוויז וליו פק נורמל פלוס 28יח`.,דיפלומט מפיצים 1968 בעמ,,,"י""ח",1,,false,1,19.90,19.90,true,1,
4015400755487,false,אולוויז וליו פק לונג פלוס 24יח`,דיפלומט מפיצים 1968 בעמ,,,"י""ח",1,,false,1,19.90,19.90,true,1,
4015400824725,false,טמפקס פלאש סופר 30 יח,דיפלומט מפיצים 1968 בעמ,,,"י""ח",1,,false,1,34.90,34.90,false,1,
4015600762742,false,"הד שולדרס שמפו קלאסי 500מ""ל",דיפלומט מפיצים 1968 בעמ,,,"י""ח",500,"ל מ""ל",false,1,19.90,3.98,false,1,
4015600762780,false,"הד שולדרס 2ב1 קלאסי 500מ""ל",דיפלומט מפיצים 1968 בעמ,,,"י""ח",500,"ל מ""ל",false,1,19.90,3.98,false,1,
4015600762902,false,"הד שולדרס שמפו מנטול 500מ""ל.",דיפלומט מפיצים 1968 בעמ,,,"י""ח",500,"ל מ""ל",false,1,19.90,3.98,false,1,
4015600762940,false,"הד שולדרס שמפו תפוח 500מ""ל",דיפלומט מפיצים 1968 בעמ,,,"י""ח",500,"ל מ""ל",false,1,19.90,3.98,false,1,
4015600763022,false,"הד שולדרס שמפו מגע משי 500מ""ל",דיפלומט מפיצים 1968 בעמ,,,"י""ח",500,"ל מ""ל",false,1,19.90,3.98,false,1,
4015600766900,false,"הד שולדרס שמפו 2ב1 מנטול 500מ""ל",דיפלומט מפיצים 1968 בעמ,,,"י""ח",500,"ל מ""ל",false,1,21.90,4.38,false,1,
4017100198151,false,היט באלזן וניל 220 גר,ליימן שליסל,,,"י""ח",220,ל גרם,false,1,7.90,3.59,true,1,
4017100291005,false,שוקולייבניז מריר 125 גרם,ליימן שליסל,,,"י""ח",125,ל גרם,false,1,13.90,11.12,true,1,
4017100364112,false,היט באלזן קקאו 220 גר,ליימן שליסל,,,"י""ח",220,ל גרם,false,1,7.90,3.59,true,1,
4018722100133,false,איטריות כוסמין וביצים אורגניות למרק 250ג,נטורפוד בעמ,,,"י""ח",250,ל גרם,false,1,14.90,5.96,false,1,
4018722100157,false,פוזילי כוסמין מלא 250גר,נטורפוד בעמ,,,"י""ח",250,ל גרם,false,1,11.90,4.76,false,1,
4018722102632,false,ספגטי כוסמין מלא אורגני500גר,נטורפוד בעמ,,,"י""ח",500,ל גרם,false,1,16.90,3.38,false,1,
4018722303459,false,מקרוני כוסמין אורגני250גר,נטורפוד בעמ,,,"י""ח",250,ל גרם,false,1,11.90,4.76,false,1,
4022025261002,false,יין בלו ווין גוורצטרמינר,היכל היין שקד גולן בעמ,,,"י""ח",750,"ל מ""ל",false,1,49.90,6.61,true,1,
4023800012109,false,מרציפן מצופה 100ג,שוקוטרייד בעמ,,,"י""ח",100,ל גרם,false,1,6.90,6.90,false,1,
4023800592120,false,מרציפן מצופה 125ג אננס,שוקוטרייד בעמ,,,"י""ח",125,ל גרם,false,1,10.90,8.72,false,1,
4023800792124,false,מרציפן מצופה 125ג אגוזי מלך,שוקוטרייד בעמ,,,"י""ח",125,ל גרם,false,1,10.90,8.72,false,1,
4025700001962,false,שוקולד מילקה לבן 100ג,דיפלומט מפיצים (1968) בעמ**,,,"י""ח",100,ל גרם,false,1,6.50,6.50,true,1,
4032900111292,false,וינסטון סלימס,גלוברנדס בעמ,,,"י""ח",1,,false,1,28,28,false,1,
4032900124254,false,וינסטון קומפקט ברי,גלוברנדס בעמ,,,"י""ח",1,,false,1,28,28,false,1,
4033100013348,false,אל די לייט ארוך,גלוברנדס בעמ,,,"י""ח",1,,false,1,27.50,27.50,false,1,
4033100014529,false,אל די סלימס בודד,גלוברנדס בעמ,,,"י""ח",1,,false,1,25,25,false,1,
4033100024146,false,וינסטון קוד,גלוברנדס בעמ,,,"י""ח",1,,false,1,31,31,false,1,
4033100024252,false,וינסטון אקווה,גלוברנדס בעמ,,,"י""ח",1,,false,1,31,31,false,1,
4037719068317,false,קוונדיש סוכריות בפחית פירות יער,שוקוטרייד בעמ,,,"י""ח",200,ל גרם,false,1,10.90,5.45,false,1,
4037719680212,false,קוונדיש סוכריות בפחית תות שדה,שוקוטרייד בעמ,,,"י""ח",200,ל גרם,false,1,10.90,5.45,false,1,
4045787068221,false,צבע לשיער פרוטאין קולור שחור 1,הנקל סוד בעמ,,,"י""ח",1,,false,1,16.90,16.90,true,1,
4045787068252,false,פרוטאין קולור אקס. בלונד אפר 1000-1,הנקל סוד בעמ,,,"י""ח",1,,false,1,16.90,16.90,true,1,
4045787068320,false,פרוטאין קולור חום 5,הנקל סוד בעמ,,,"י""ח",1,,false,1,16.90,16.90,true,1,
4045787068467,false,פרוטאין קולור בלונד בנוני 7,הנקל סוד בעמ,,,"י""ח",1,,false,1,16.90,16.90,true,1,
4045787068498,false,פרוטאין קולור דבש 7-3,הנקל סוד בעמ,,,"י""ח",1,,false,1,16.90,16.90,true,1,
4045787068542,false,פרוטאין קולור בלונד בהיר 8,הנקל סוד בעמ,,,"י""ח",1,,false,1,16.90,16.90,true,1,
4053700292455,false,ויט רצועות שעווה תמצית צמחים,רקיט בנקיזר (ניר איסט) בעמ,,,"י""ח",1,"י""ח",false,1,19.90,19.90,false,1,
4066600601920,false,"פאולנר חיטה פחית 500 מ""ל",טמפו משקאות בעמ,,,"י""ח",500,"ל מ""ל",false,1,11,2.14,true,1,
4066600999614,false,"פאולנר בקבוק 500 מ""ל",טמפו משקאות בעמ,,,"י""ח",500,"ל מ""ל",false,1,12,2.34,true,1,
4084500065536,false,"פנטן קרם לחות לשיער 300מ""ל",דיפלומט מפיצים 1968 בעמ,,,"י""ח",300,"ל מ""ל",false,1,17.90,5.97,false,1,
4084500065598,false,"פנטן קרם לחות לשיער 300מ""ל",דיפלומט מפיצים 1968 בעמ,,,"י""ח",300,"ל מ""ל",false,1,17.90,5.97,false,1,
4084500088917,false,"~פיירי לימון 650מ""ל",דיפלומט מפיצים 1968 בעמ,,,"י""ח",650,"ל מ""ל",false,1,9.90,1.52,false,1,
4084500149526,false,טייד ג`ל 2.48 ליטר,דיפלומט מפיצים 1968 בעמ,,,"י""ח",2.48,ליטר,false,1,26.90,10.85,false,1,
4084500853836,false,"פיירי ורדים ומשי 515מ""ל",דיפלומט מפיצים 1968 בעמ,,,"י""ח",1.24,ליטר,false,1,9.90,7.98,false,1,
4100470106700,false,חומץ תפוחים אורגני-נטורפוד.,נטורפוד בעמ,,,"י""ח",750,"ל מ""ל",false,1,23.90,3.19,false,1,
4105120623941,false,"בירה ויינשטפן בקבוק 500מ""ל",החברה המרכזית להפצת משקאות בעמ,,,"י""ח",500,"ל מ""ל",false,1,11.90,2.32,true,1,
4603400000043,false,וודקה רוסקי סטנדרט 700.,יורוסטנדרט בעמ,,,"י""ח",700,"ל מ""ל",false,1,69.90,9.94,false,1,
4603928000976,false,"וודקה בלוגה 700מ""ל",טמפו משקאות בעמ,,,"י""ח",700,"ל מ""ל",false,1,129.90,18.51,true,1,
4640018993398,false,פיניש קוואנטום 60 קפסולות בשקית,רקיט בנקיזר (ניר איסט) בעמ,,,"י""ח",45,"י""ח",false,1,59.90,1.33,true,1,
4710068001692,false,מאסטר קפה לאטה 240מל פחית,טמפו משקאות בעמ,,,"י""ח",240,"ל מ""ל",false,1,6.60,2.63,true,1,
4710068001715,false,"מאסטר קפה טרמיסו 240מ""ל",טמפו משקאות בעמ,,,"י""ח",240,"ל מ""ל",false,1,6.60,2.63,true,1,
4715896311357,false,זוג דבק מהיר,צבע ומכחול (2014) בעמ,,,"י""ח",1,,false,1,5.90,5.90,false,1,
4751007730938,false,שפרוטים מעושנים בשמן צמחי 240גר`,דברים טובים סגל בעמ,,,"י""ח",240,ל גרם,false,1,12.90,5.38,true,1,
4791021001096,false,תה שחור 100 שקיקים,דברים טובים סגל בעמ,,,"י""ח",100,ל גרם,false,1,24.90,24.90,true,1,
4791021003588,false,תה צהוב 1.5 גרם,דברים טובים סגל בעמ,,,"י""ח",150,ל גרם,false,1,12.90,8.60,true,1,
4791021004486,false,תה ירוק לימון 2ג 25שקיות 1/6,דברים טובים סגל בעמ,,,"י""ח",25,"י""ח",false,1,12.90,0.52,true,1,
4791021004554,false,תה ירוק מנטה 2ג 25שקיות 1/6,דברים טובים סגל בעמ,,,"י""ח",25,"י""ח",false,1,12.90,0.52,true,1,
4791021944720,false,תה ארלגרי 2 גרם 100,דברים טובים סגל בעמ,,,"י""ח",200,ל גרם,false,1,21.90,10.95,true,1,
4796019790013,false,"שמן קוקוס אורגני 300מ""ל גרין קוקו",נטורפוד בעמ,,,"י""ח",300,ל גרם,false,1,21.90,7.30,false,1,
4796019790037,false,שמן קוקוס אורגני 1ל גרין קוקו,נטורפוד בעמ,,,"י""ח",1,ליטר,false,1,59.90,59.90,false,1,
4800888209368,false,רקסונה סטיק גברים אקסטרה קול 50גר,יוניליוור ישראל שיווק בעמ,,,"י""ח",1,"י""ח",false,1,14.90,14.90,true,1,
4800888210197,false,דאו סטיק דאב 50ג קוקוס,יוניליוור ישראל שיווק בעמ,,,"י""ח",50,ל גרם,false,1,15.90,31.80,true,1,
4800888219510,false,דאב דאו סטיק מלפפונים 50גר,יוניליוור ישראל שיווק בעמ,,,"י""ח",50,ל גרם,false,1,14.90,29.80,true,1,
4800888219534,false,דאו סטיק דאב 50ג.,יוניליוור ישראל שיווק בעמ,,,"י""ח",76,ל גרם,false,1,14.90,19.61,true,1,
4820034925546,false,"בירה לאנג צאזז לייט 500מ""ל בקבוק",בני פאוזי שמשום (2009) בעמ,,,"י""ח",500,"ל מ""ל",false,1,3.90,0.72,true,1,
4820198873325,false,חליטות פירות וצמחים טעם פטל 2גר*25שק,דילר בי.אמ.די.אינטרנשיונל בעמ,,,"י""ח",45,ל גרם,false,1,9.90,22,false,1,
4823077602863,false,סוכריות 200גר בשקית Crazy bee,דילר בי.אמ.די.אינטרנשיונל בעמ,,,"י""ח",200,ל גרם,false,1,6.90,3.45,true,1,
4823077608513,false,רושן סוכריות טופי חלב 205גר,דילר בי.אמ.די.אינטרנשיונל בעמ,,,"י""ח",205,ל גרם,false,1,6.90,3.37,true,1,
4823077612732,false,רושן סוכריות בטעם פירות 200גר Bim Bom,דילר בי.אמ.די.אינטרנשיונל בעמ,,,"י""ח",200,ל גרם,false,1,4.90,2.45,true,1,
4823077613203,false,שוקולד רושן מריר עם אגוז שלם 90גר,דילר בי.אמ.די.אינטרנשיונל בעמ,,,"י""ח",90,ל גרם,false,1,7.90,8.78,true,1,
4823077613630,false,חטיף שוקולד רושן ממולא קרם ברולה 43גר,דילר בי.אמ.די.אינטרנשיונל בעמ,,,"י""ח",40,ל גרם,false,1,3.90,9.75,true,1,
4823077614699,false,ביסקוויט לקפה רושן בטעם חמאה וניל 185ג,דילר בי.אמ.די.אינטרנשיונל בעמ,,,"י""ח",185,ל גרם,false,1,3.90,2.11,true,1,
4823077614804,false,שוקולד רושן חלב נוגט טעם אוכמניות כחול,דילר בי.אמ.די.אינטרנשיונל בעמ,,,"י""ח",90,ל גרם,false,1,4.90,5.44,true,1,
4823077617041,false,חטיף שוקולד רושן ממולא קרם קרמל 43גר,דילר בי.אמ.די.אינטרנשיונל בעמ,,,"י""ח",43,ל גרם,false,1,3.90,9.07,true,1,
4823077618161,false,"וופל רול""קונאפטו"" חלב 140גר",דילר בי.אמ.די.אינטרנשיונל בעמ,,,"י""ח",140,ל גרם,false,1,6.90,4.93,true,1,
4823077621635,false,וופל רושן בטעם חלב 72גר,דילר בי.אמ.די.אינטרנשיונל בעמ,,,"י""ח",72,ל גרם,false,1,3.90,5.42,true,1,
4823077621642,false,וופל רושן בטעם שוקולד 72גר,דילר בי.אמ.די.אינטרנשיונל בעמ,,,"י""ח",72,ל גרם,false,1,3.90,5.42,true,1,
4823077621659,false,וופל רושן בטעם אגוז 72גר,דילר בי.אמ.די.אינטרנשיונל בעמ,,,"י""ח",72,ל גרם,false,1,3.90,5.42,true,1,
4823077623714,false,רושן סוכריות טופי ממולאות בטעם חלב 150גר,דילר בי.אמ.די.אינטרנשיונל בעמ,,,"י""ח",150,ל גרם,false,1,6.90,4.60,true,1,
4823077624247,false,"רושן סוכריות ג`לי""בוני פרוט""טעם הדרים",דילר בי.אמ.די.אינטרנשיונל בעמ,,,"י""ח",200,ל גרם,false,1,6.90,3.45,true,1,
4823077624391,false,רושן סוכריות טופי מינקי בינקי 185גר,דילר בי.אמ.די.אינטרנשיונל בעמ,,,"י""ח",1,"ק""ג",false,1,6.90,6.90,true,1,
4823077625145,false,בונבוניירה רושן דובדבן Cherry ליקר שרי,דילר בי.אמ.די.אינטרנשיונל בעמ,,,"י""ח",150,ל גרם,false,1,12.90,8.60,true,1,
4823077625589,false,וופל רושן בטעם חלב 216גר,דילר בי.אמ.די.אינטרנשיונל בעמ,,,"י""ח",216,ל גרם,false,1,6.90,3.19,true,1,
4823077625602,false,וופל רושן בטעם שוקולד 216גר,דילר בי.אמ.די.אינטרנשיונל בעמ,,,"י""ח",216,ל גרם,false,1,6.90,3.19,true,1,
4823077625626,false,וופל רושן בטעם אגוז 216גר,דילר בי.אמ.די.אינטרנשיונל בעמ,,,"י""ח",216,ל גרם,false,1,6.90,3.19,true,1,
4823077626203,false,שוקולד רושן אורירי מריר 80גר,דילר בי.אמ.די.אינטרנשיונל בעמ,,,"י""ח",80,ל גרם,false,1,6.90,8.63,true,1,
4823077626227,false,שוקולד רושן אורירי חלב 80גר,דילר בי.אמ.די.אינטרנשיונל בעמ,,,"י""ח",80,ל גרם,false,1,6.90,8.63,true,1,
4823077626241,false,שוקולד רושן אורירי לבן קרמל 80גר,דילר בי.אמ.די.אינטרנשיונל בעמ,,,"י""ח",80,ל גרם,false,1,6.90,8.63,true,1,
4823077629136,false,שוקולד רושן חלב 90גר LACMI,דילר בי.אמ.די.אינטרנשיונל בעמ,,,"י""ח",85,ל גרם,false,1,6.90,8.12,true,1,
4823077630422,false,סנדוויץ קרקר חלב וניל רושן 235גר,דילר בי.אמ.די.אינטרנשיונל בעמ,,,"י""ח",235,ל גרם,false,1,9.90,4.21,true,1,
4823077630439,false,סנדוויץ קרקר שוקולד רושן 235גר,דילר בי.אמ.די.אינטרנשיונל בעמ,,,"י""ח",235,ל גרם,false,1,9.90,4.21,true,1,
4823077630637,false,סוכריות מקל רושן קולה 920גר,דילר בי.אמ.די.אינטרנשיונל בעמ,,,"י""ח",920,ל גרם,false,1,22.90,2.49,true,1,
4823077630996,false,סנדוויץ קרקר קקאו-אגוז רושן 235גר,דילר בי.אמ.די.אינטרנשיונל בעמ,,,"י""ח",235,ל גרם,false,1,9.90,4.21,true,1,
4823077631467,false,קרקר עם מלח ים רושן 168גר HI DAY,דילר בי.אמ.די.אינטרנשיונל בעמ,,,"י""ח",168,ל גרם,false,1,4.90,2.92,true,1,
4823077631474,false,קרקר קלאסי רושן 168גר HI DAY,דילר בי.אמ.די.אינטרנשיונל בעמ,,,"י""ח",168,ל גרם,false,1,4.90,2.92,true,1,
4823077631856,false,"וופל רול""קונאפטו"" קוקוס 140גר",דילר בי.אמ.די.אינטרנשיונל בעמ,,,"י""ח",140,ל גרם,false,1,6.90,4.93,true,1,
4823077631863,false,"וופל רול""קונאפטו"" וניל 140גר",דילר בי.אמ.די.אינטרנשיונל בעמ,,,"י""ח",140,ל גרם,false,1,6.90,4.93,true,1,
4823077632112,false,וופל רושן בטעם קקאו חלב 216גר,דילר בי.אמ.די.אינטרנשיונל בעמ,,,"י""ח",216,ל גרם,false,1,6.90,3.19,true,1,
4823077632259,false,חטיף שוקולד רושן עם בוטנים 43גר,דילר בי.אמ.די.אינטרנשיונל בעמ,,,"י""ח",40,ל גרם,false,1,3.90,9.75,true,1,
4823077633034,false,"וופל רול""קונאפטו"" קקאו 140גר",דילר בי.אמ.די.אינטרנשיונל בעמ,,,"י""ח",140,ל גרם,false,1,6.90,4.93,true,1,
4823077633058,false,"וופל רול""קונאפטו"" אגוז 140גר",דילר בי.אמ.די.אינטרנשיונל בעמ,,,"י""ח",140,ל גרם,false,1,6.90,4.93,true,1,
4823077633317,false,עוגיות Lovita שוקולד עם חתיכות ש. 150ג,דילר בי.אמ.די.אינטרנשיונל בעמ,,,"י""ח",150,ל גרם,false,1,6.90,4.60,true,1,
4823077633324,false,עוגיות שוקוצ`יפס Lovita חתיכות שוקולד,דילר בי.אמ.די.אינטרנשיונל בעמ,,,"י""ח",150,ל גרם,false,1,6.90,4.60,true,1,
4823077633331,false,עוגיות רושן Lovita טעם תפוז 150גר,דילר בי.אמ.די.אינטרנשיונל בעמ,,,"י""ח",150,ל גרם,false,1,6.90,4.60,true,1,
4823077633348,false,עוגיות רושן Lovita עם חתיכות בוטנים,דילר בי.אמ.די.אינטרנשיונל בעמ,,,"י""ח",150,ל גרם,false,1,6.90,4.60,true,1,
4823077633508,false,רושן חטיף וופל במילוי קרם קקאו מצופה 3,דילר בי.אמ.די.אינטרנשיונל בעמ,,,"י""ח",34,ל גרם,false,1,3.90,11.47,true,1,
4823077633515,false,רושן חטיף וופל במילוי קרם חלבי מצופה,דילר בי.אמ.די.אינטרנשיונל בעמ,,,"י""ח",34,ל גרם,false,1,3.90,11.47,true,1,
4823077634192,false,עוגיות רושן במילוי דובדבן וניל 168גר,דילר בי.אמ.די.אינטרנשיונל בעמ,,,"י""ח",168,ל גרם,false,1,6.90,4.11,true,1,
4823077634222,false,עוגיות רושן תפוז 135גר LOVITA,דילר בי.אמ.די.אינטרנשיונל בעמ,,,"י""ח",168,ל גרם,false,1,6.90,4.11,true,1,
4823077634246,false,עוגיות רושן פטל 135גר LOVITA,דילר בי.אמ.די.אינטרנשיונל בעמ,,,"י""ח",168,ל גרם,false,1,6.90,4.11,true,1,
4823077634277,false,עוגיות רושן תות שדה 135גר LOVITA,דילר בי.אמ.די.אינטרנשיונל בעמ,,,"י""ח",168,ל גרם,false,1,6.90,4.11,true,1,
4823077634376,false,שוקולד רושן חלב אוורירי קרם אגוזים,דילר בי.אמ.די.אינטרנשיונל בעמ,,,"י""ח",85,ל גרם,false,1,6.90,8.12,true,1,
4823077634413,false,עוגות אישיות TOO COOL תות שדה 270גר,דילר בי.אמ.די.אינטרנשיונל בעמ,,,"י""ח",270,ל גרם,false,1,13.90,5.15,true,1,
4823077634420,false,עוגות אישיות TOO COOL חלב 270גר,דילר בי.אמ.די.אינטרנשיונל בעמ,,,"י""ח",270,ל גרם,false,1,13.90,5.15,true,1,
4823077634741,false,עוגיות רושן במילוי תות שדה 168גר,דילר בי.אמ.די.אינטרנשיונל בעמ,,,"י""ח",168,ל גרם,false,1,6.90,4.11,true,1,
4823077635489,false,חטיף וופל קרם קקאו350ג Johny Krocker,דילר בי.אמ.די.אינטרנשיונל בעמ,,,"י""ח",350,ל גרם,false,1,16.90,4.83,true,1,
4823077635533,false,חטיף וופל קרם חלב350ג Johny Krocker,דילר בי.אמ.די.אינטרנשיונל בעמ,,,"י""ח",350,ל גרם,false,1,16.90,4.83,true,1,
4823077635793,false,וופלים דקיקים רושן THINS בטעם חלב וניל,דילר בי.אמ.די.אינטרנשיונל בעמ,,,"י""ח",55,ל גרם,false,1,4.90,8.91,true,1,
4823077636004,false,עוגיות רושן קקאו דובדבן 135גר LOVITA,דילר בי.אמ.די.אינטרנשיונל בעמ,,,"י""ח",168,ל גרם,false,1,6.90,4.11,true,1,
4823077636073,false,עוגיות תות שדה 420גר LOVITA,דילר בי.אמ.די.אינטרנשיונל בעמ,,,"י""ח",420,ל גרם,false,1,16.90,4.02,true,1,
4823077636110,false,עוגיות תפוז 420גר LOVITA,דילר בי.אמ.די.אינטרנשיונל בעמ,,,"י""ח",420,ל גרם,false,1,16.90,4.02,true,1,
4823077636172,false,וופל רושן בטעם לימון 216גר,דילר בי.אמ.די.אינטרנשיונל בעמ,,,"י""ח",216,ל גרם,false,1,6.90,3.19,true,1,
4823077636332,false,עוגיות רושן במילוי קרם ש. 127גר LOVITA,דילר בי.אמ.די.אינטרנשיונל בעמ,,,"י""ח",127,ל גרם,false,1,6.90,5.43,true,1,
4823077636400,false,עוגיות רושן במילוי קרם חלב 127גר LOVIT,דילר בי.אמ.די.אינטרנשיונל בעמ,,,"י""ח",127,ל גרם,false,1,6.90,5.43,true,1,
4823077636417,false,עוגיות רושן במילוי קרם אגוז 127גר LOVI,דילר בי.אמ.די.אינטרנשיונל בעמ,,,"י""ח",127,ל גרם,false,1,6.90,5.43,true,1,
4823077636554,false,סוכריות ממולאות קרם טעם חלב 378גר,דילר בי.אמ.די.אינטרנשיונל בעמ,,,"י""ח",378,ל גרם,false,1,11.90,3.15,true,1,
4823077636561,false,סוכריות ממולאות בטעם חלב קפה 378גר,דילר בי.אמ.די.אינטרנשיונל בעמ,,,"י""ח",378,ל גרם,false,1,11.90,3.15,true,1,
4823077636578,false,סוכריות טופי כוס חלב 325גר,דילר בי.אמ.די.אינטרנשיונל בעמ,,,"י""ח",325,ל גרם,false,1,11.90,3.66,true,1,
4823077636585,false,"סוכריות טופי ""מילקי בינקי"" 325גר",דילר בי.אמ.די.אינטרנשיונל בעמ,,,"י""ח",325,ל גרם,false,1,11.90,3.66,true,1,
4823077636592,false,סוכריות ג`לי 378גר בשקית Crazy bee,דילר בי.אמ.די.אינטרנשיונל בעמ,,,"י""ח",378,ל גרם,false,1,11.90,3.15,true,1,
4823077636608,false,סוכריות טופי במילוי שוקולד 325גר,דילר בי.אמ.די.אינטרנשיונל בעמ,,,"י""ח",325,ל גרם,false,1,11.90,3.66,true,1,
4895149084921,false,שלישיית נורות לד 12W=75W הברגה E27 אור,פוגיקום בעמ,,,"י""ח",1,,false,1,24.90,24.90,true,1,
4903001904208,false,רוטב סויה יאמאסה פרימיום 1 ליטר,ליימן שליסל,,,"י""ח",1,ליטר,false,1,31.90,31.90,false,1,
4903001925784,false,"רוטב סויה יאמאסה דל מלח 500מ""ל פרימיום",ליימן שליסל,,,"י""ח",500,"ל מ""ל",false,1,17.90,3.58,false,1,
5000157143365,false,"מתבל טעם מיונז וקטשופ 425מ""ל",דיפלומט מפיצים (1968) בעמ**,,,"י""ח",425,ל גרם,false,1,14.90,3.51,false,1,
5000159407236,false,מרס חטיף שוק 51גר,מרס ריגלי ישראל בעמ,,,"י""ח",51,ל גרם,false,1,4.50,8.82,true,1,
5000159459228,false,טוויקס חטיף 50גר,מרס ריגלי ישראל בעמ,,,"י""ח",50,ל גרם,false,1,4.50,9,true,1,
5000159461122,false,סניקרס חטיף 50גר,מרס ריגלי ישראל בעמ,,,"י""ח",51,ל גרם,false,1,4.50,8.82,true,1,
5000204153729,false,"גלייד ספריי אוטומטי 269מ""ל מילוי",דנשר (1963) בעמ,,,"י""ח",269,"ל מ""ל",false,1,14.90,5.54,false,1,
5000204153842,false,"גלייד ספריי אוטומטי 269מ""ל מילוי",דנשר (1963) בעמ,,,"י""ח",269,"ל מ""ל",false,1,14.90,5.54,false,1,
5000204153903,false,"גלייד ספריי אוטומטי 269מ""ל מילוי",דנשר (1963) בעמ,,,"י""ח",269,"ל מ""ל",false,1,14.90,5.54,false,1,
5000204155723,false,גלייד מארז אוטומטי מעוצב אקזוטי,דנשר (1963) בעמ,,,"י""ח",269,"ל מ""ל",false,1,39.90,14.83,false,1,
5000204156218,false,גלייד מארז אוטומטי מעוצב לבנדר וניל,דנשר (1963) בעמ,,,"י""ח",269,"ל מ""ל",false,1,39.90,14.83,false,1,
5000204254617,false,דאק סבון מוצק לאסלה ירח פורח 38.6ג,דנשר (1963) בעמ,,,"י""ח",30,"ל מ""ל",false,1,8.90,29.67,true,1,
5000204657883,false,"קיווי משחת נעליים בקופסא חום 50מ""ל",דנשר (1963) בעמ,,,"י""ח",50,ל גרם,false,1,5.80,11.60,false,1,
5000204657913,false,קיווי משחת נעליים בקופסא 50גר שחור,דנשר (1963) בעמ,,,"י""ח",50,ל גרם,false,1,5.80,11.60,false,1,
5000204661392,false,קיווי משחת נעליים בקופסא 100גר,דנשר (1963) בעמ,,,"י""ח",88,"ל מ""ל",false,1,9.90,11.25,false,1,
5000267024233,false,"וויסקי ג`וני ווקר (בלאק) 700מ""ל 40%",החברה המרכזית להפצת משקאות בעמ,,,"י""ח",700,"ל מ""ל",false,1,119.90,17.09,false,1,
5000267179797,false,"וויסקי ג`וני ווקר (בלאק) 700מ""ל",החברה המרכזית להפצת משקאות בעמ,,,"י""ח",700,"ל מ""ל",false,1,119.90,17.09,false,1,
5000277001019,false,"וויסקי דיוארס 700 מ""ל וואיט לייבל",מ.אקרמן בעמ,,,"י""ח",700,"ל מ""ל",false,1,119.90,17.09,true,1,
5000396037944,false,מקוויטיס ביסקוויט קלאסי 250גר,תה ויסוצקי (ישראל)בעמ,,,"י""ח",250,ל גרם,false,1,10.90,4.36,true,1,
5010067322453,false,טרוביה תחליף אבקת סוכר 280ג,גורי ע.ע.ע. בעמ,,,"י""ח",280,"ל מ""ל",false,1,29.90,10.68,true,1,
5010182996799,false,ג ל אסלה דאק,דנשר (1963) בעמ,,,"י""ח",1,,false,1,9.90,9.90,false,1,
5010182997253,false,RAID ארוסול מקס,דנשר (1963) בעמ,,,"י""ח",400,"ל מ""ל",false,1,14.90,3.73,false,1,
5010182997338,false,ג ל דאק,דנשר (1963) בעמ,,,"י""ח",55,ל גרם,false,1,9.90,18,false,1,
5010182997680,false,ארוסול-קוטל זוחלים,דנשר (1963) בעמ,,,"י""ח",400,"ל מ""ל",false,1,14.90,3.73,false,1,
5010189105507,false,אקסטרה 2 רגיש,ש.שסטוביץ בעמ,,,"י""ח",1,,false,1,14.90,14.90,true,1,
5010327000046,false,"וויסקי גרנטס וויסקי 700 מ""ל",הכרם משקאות חריפים בעמ,,,"י""ח",750,"ל מ""ל",false,1,65.20,8.65,true,1,
5010677551397,false,"בקרדי בריזר למון ליים 275מ""ל",טמפו משקאות בעמ,,,"י""ח",275,"ל מ""ל",false,1,14.20,5.05,true,1,
5010677552387,false,בקרדי בריזר-אננס.,טמפו משקאות בעמ,,,"י""ח",275,"ל מ""ל",false,1,14.20,5.05,true,1,
5010677554398,false,"בקרדי בריזר אבטיח 275מ""ל",טמפו משקאות בעמ,,,"י""ח",275,"ל מ""ל",false,1,14.20,5.05,true,1,
5010677850100,false,"וודקה צרפתית גריי גוס 700מ""ל",מ.אקרמן בעמ,,,"י""ח",750,"ל מ""ל",false,1,109.90,14.61,false,1,
5014271310428,false,מעדן דובדבן דלפור,א. סיימן סחר בעמ,,,"י""ח",284,ל גרם,false,1,22.90,8.06,true,1,
5014271350424,false,מעדן דלפור פירות יער,א. סיימן סחר בעמ,,,"י""ח",284,ל גרם,false,1,22.90,8.06,true,1,
5014271370422,false,מעדן אפרסק ללא סוכר,א. סיימן סחר בעמ,,,"י""ח",284,ל גרם,false,1,22.90,8.06,true,1,
5014271400426,false,מעדן תות שדה דלפור,א. סיימן סחר בעמ,,,"י""ח",284,ל גרם,false,1,22.90,8.06,true,1,
5029053002408,false,קלינקס נייר טואלט פרימיום לבן 1/9,קימברלי קלארק ישראל שיווק בעמ,,,"י""ח",1184,ל גרם,false,1,31.90,2.69,false,1,
5029053002439,false,קליניקס נייר טואלט פרימיום צהוב 1/9.,קימברלי קלארק ישראל שיווק בעמ,,,"י""ח",1184,ל גרם,false,1,31.90,2.69,false,1,
5029053019598,false,קלינקס ממחטות דיסני מעורב 15P,קימברלי קלארק ישראל שיווק בעמ,,,"י""ח",1184,ל גרם,false,1,14.90,1.26,false,1,
5029053032658,false,טישו קלינקס 1/8,קימברלי קלארק ישראל שיווק בעמ,,,"י""ח",8,"י""ח",false,1,9.90,1.24,false,1,
5029053039725,false,טישו קלינקס נטורל פרש 72 דף,קימברלי קלארק ישראל שיווק בעמ,,,"י""ח",72,"י""ח",false,1,10.90,0.15,true,1,
5029053510811,false,קוטקס נורמל 28 יחידות,קימברלי קלארק ישראל שיווק בעמ,,,"י""ח",28,"י""ח",false,1,16.90,0.60,true,1,
5029053510828,false,קוטקס סופר 24 יחידות,קימברלי קלארק ישראל שיווק בעמ,,,"י""ח",24,"י""ח",false,1,16.90,0.70,true,1,
5029053523446,false,קוטקס לילה 20 יחידות,קימברלי קלארק ישראל שיווק בעמ,,,"י""ח",20,"י""ח",false,1,16.90,0.85,true,1,
5029053527581,false,דריי נייטס 4-7 בנות,קימברלי קלארק ישראל שיווק בעמ,,,"י""ח",1,"י""ח",false,1,29.90,29.90,false,1,
5029053534596,false,טמפוני נורמל,קימברלי קלארק ישראל שיווק בעמ,,,"י""ח",1,"י""ח",false,1,27.90,27.90,false,1,
5029053535227,false,קוטקס טמפון+מוליך נורמל,קימברלי קלארק ישראל שיווק בעמ,,,"י""ח",1,"י""ח",false,1,27.90,27.90,false,1,
5029053535234,false,קוטקס טמפון+מוליך סופר,קימברלי קלארק ישראל שיווק בעמ,,,"י""ח",1,"י""ח",false,1,27.90,27.90,false,1,
5029054220085,false,מגבוני רך נולד 1/4,קימברלי קלארק ישראל שיווק בעמ,,,"י""ח",4,"י""ח",false,1,29.90,7.48,false,1,
5053827193368,false,קלוגס ברנפלקס 500ג,דיפלומט מפיצים (1968) בעמ**,,,"י""ח",500,ל גרם,false,1,22.90,4.58,false,1,
5060517886486,false,"משקה אנרגיה מונסטר פח 500מ""ל",החברה המרכזית להפצת משקאות בעמ,,,"י""ח",500,"ל מ""ל",false,1,7,1.34,false,1,
5060751218173,false,"משקה אנרגיה מונסטר פח 500מ""ל",החברה המרכזית להפצת משקאות בעמ,,,"י""ח",500,"ל מ""ל",false,1,7.50,1.44,false,1,
5099864006377,false,~סימילאק למהדרין שלב 1 900 ג`,שקד תבל בעמ ***,,,"י""ח",900,ל גרם,false,1,79.90,8.88,true,1,
5200133120476,false,גלילות וופל ממולאים בטעם אגוזים וקקאו 4,דיפלומט מפיצים (1968) בעמ**,,,"י""ח",400,ל גרם,false,1,17.30,4.33,false,1,
5201004020338,false,קפריס רולס קלאסיק 400 גרם,מ.סידס ובנו בעמ,,,"י""ח",400,ל גרם,false,1,20.90,5.23,false,1,
5201184055663,false,שקיות יום הולדת,שמחה זה אנחנו,,,"י""ח",1,,false,1,7.90,7.90,false,1,
5201347160326,false,"קלגון ג ל 750 מ""ל",רקיט בנקיזר (ניר איסט) בעמ,,,"י""ח",750,"ל מ""ל",false,1,29.90,3.99,false,1,
5201347400545,false,ויט ארומטיק רצועות שעווה לפנים,רקיט בנקיזר (ניר איסט) בעמ,,,"י""ח",1,"י""ח",false,1,19.90,19.90,false,1,
5202175001515,false,חטיף נאצוס בטעם טבעי 225גרם,מזרח ומערב יבוא ושיווק,,,"י""ח",225,ל גרם,false,1,10.90,4.84,false,1,
5202175001546,false,חטיף נאצוס בטעם ברביקיו 225גרם,מזרח ומערב יבוא ושיווק,,,"י""ח",225,ל גרם,false,1,10.90,4.84,false,1,
5206759020503,false,סוכריות גלי אקזוטי 500ג,יעד ממתקים בעמ,,,"י""ח",500,ל גרם,false,1,10,2,false,1,
5206759020701,false,סוכריות גלי אקזוטי 700ג,יעד ממתקים בעמ,,,"י""ח",700,ל גרם,false,1,14.90,2.13,false,1,
5391523057929,false,"סימילאק גולד שלב 1 700מ""ל",שקד תבל בעמ ***,,,"י""ח",700,ל גרם,false,1,69.90,9.99,false,1,
5391523057943,false,"סימילאק גולד שלב 3 700מ""ל",שקד תבל בעמ ***,,,"י""ח",700,ל גרם,false,1,69.90,9.99,false,1,
5391523058063,false,סימילק אדוונס פלוס שלב1 700ג,שקד תבל בעמ ***,,,"י""ח",700,ל גרם,false,1,69.90,9.99,true,1,
5391523058070,false,סימילק אדוונס פלוס שלב3 700ג,שקד תבל בעמ ***,,,"י""ח",700,ל גרם,false,1,69.90,9.99,true,1,
5391523058087,false,סימילק אדוונס פלוס שלב2 700ג,שקד תבל בעמ ***,,,"י""ח",700,ל גרם,false,1,69.90,9.99,true,1,
5407005170021,false,פטריות,ביכורי השדה צפון 1994 ג.ד. בעמ,,,"י""ח",1,,false,1,10.90,10.90,false,1,
5410076379378,false,"טייד קולור 5ק""ג",דיפלומט מפיצים 1968 בעמ,,,"י""ח",5,"ק""ג",false,1,36.90,7.38,true,1,
5410091648176,false,דאודורנט רול און FA,הנקל סוד בעמ,,,"י""ח",50,"ל מ""ל",false,1,10.90,21.80,true,1,
5410091677992,false,"סאיוס ספריי מקס הולד 400מ""ל.",הנקל סוד בעמ,,,"י""ח",400,"ל מ""ל",false,1,29.90,7.48,true,1,
5410091678005,false,"סאיוס ספריי ווליום ליפט 400מ""ל",הנקל סוד בעמ,,,"י""ח",400,"ל מ""ל",false,1,29.90,7.48,true,1,
5410103161617,false,לוריאל טריפל קרם לחות יום יבש ורגי 50מ,לוריאל ישראל קוסמטיקס בעמ,,,"י""ח",15,"ל מ""ל",false,1,44.90,299.33,false,1,
5410126106022,false,לוטוס ביסקויט מארז חג 2*250ג.,דיפלומט מפיצים (1968) בעמ**,,,"י""ח",500,ל גרם,false,1,17.90,3.58,true,1,
5410126116953,false,ממרח לוטוס קרמל 400ג,דיפלומט מפיצים (1968) בעמ**,,,"י""ח",312,ל גרם,false,1,15,4.81,false,1,
5410126716016,false,לוטוס ביסקויט בטעם קרמל 250 גרם,דיפלומט מפיצים (1968) בעמ**,,,"י""ח",250,ל גרם,false,1,10,4,false,1,
5410228217732,false,"בירה סטלה ארטואה 440מ""ל פחית.",תימקו בירה בעמ,,,"י""ח",440,"ל מ""ל",false,1,13.90,3.09,true,1,
5410291021991,false,ממרח צ`וקטה אגוזי לוז עם קקאו 700גרם,ש.שסטוביץ בעמ,,,"י""ח",385,ל גרם,false,1,18.90,4.91,false,1,
5410291022011,false,ממרח צ`וקטה אגוזי לוז עם קקאו 350גרם,ש.שסטוביץ בעמ,,,"י""ח",385,ל גרם,false,1,11.90,3.09,true,1,
5410291022738,false,ממרח צ`וקטה חום לבן 350ג,ש.שסטוביץ בעמ,,,"י""ח",350,ל גרם,false,1,11.90,3.40,true,1,
5410291022752,false,ממרח צ`וקטה פרווה 350ג,ש.שסטוביץ בעמ,,,"י""ח",350,ל גרם,false,1,11.90,3.40,true,1,
5410316983693,false,וודקה סמירנוף אייס בודד 275 מ``ל.,החברה המרכזית להפצת משקאות בעמ,,,"י""ח",275,"ל מ""ל",false,1,14,4.98,false,1,
5411188094159,false,אלפרו מעדן סויה שוקו בולג,שטראוס גרופ בעמ,,,"י""ח",500,ל גרם,false,1,18.90,3.78,true,1,
5411188110835,false,אלפרו חלב סויה שקדים,שטראוס גרופ בעמ,,,"י""ח",1,ליטר,false,1,13.90,13.90,true,1,
5411188112709,false,אלפרו שקדים ללא סוכר 1ל,שטראוס גרופ בעמ,,,"י""ח",1,ליטר,false,1,13.90,13.90,true,1,
5411188115366,false,אלפרו משקה שיבולת שועל 1ל,שטראוס גרופ בעמ,,,"י""ח",1,ליטר,false,1,13.90,13.90,true,1,
5411188120742,false,אלפרו משקה שקדים טעם וניל 1ל,שטראוס גרופ בעמ,,,"י""ח",1,ליטר,false,1,13.90,13.90,true,1,
5411188120957,false,"אלפרו קוקוס לבישול 250מ""ל",שטראוס גרופ ***בעמ,,,"י""ח",250,"ל מ""ל",false,1,9.90,3.96,true,1,
5411188121923,false,אלפרו סויה סידן 1/3,שטראוס גרופ בעמ,,,"י""ח",750,"ל מ""ל",false,1,15.90,2.12,true,1,
5411188124689,false,"אלפרו משקה שיבולת שועל לל""ס 1ל",שטראוס גרופ בעמ,,,"י""ח",1,ליטר,false,1,13.90,13.90,true,1,
5411188126195,false,אלפרו משקה שקדים אורגנו 1ל,שטראוס גרופ בעמ,,,"י""ח",1,ליטר,false,1,13.90,13.90,true,1,
5411188127697,false,אלפרו בריסטה שיבולת שועל 1ליטר,שטראוס גרופ בעמ,,,"י""ח",1,ליטר,false,1,13.90,13.90,true,1,
5411188129899,false,אלפרו בריסטה שקדים 1ליטר,שטראוס גרופ בעמ,,,"י""ח",1,ליטר,false,1,13.90,13.90,true,1,
5411188134985,false,אלפרו 3.5%שומן MLKשיבולת שועל 1ליטר,שטראוס גרופ ***בעמ,,,"י""ח",1,ליטר,false,1,13.90,13.90,true,1,
5411188135005,false,אלפרו 1.8%שומן MLKשיבולת שועל 1ליטר,שטראוס גרופ ***בעמ,,,"י""ח",1,ליטר,false,1,13.90,13.90,true,1,
5411188300328,false,חלב סויה שוקו 1ל אלפרו,שטראוס גרופ בעמ,,,"י""ח",1,ליטר,false,1,15.90,15.90,true,1,
5411188543398,false,אלפרו סויה ללא סוכר 1ל אלפרו,שטראוס גרופ בעמ,,,"י""ח",1,ליטר,false,1,13.90,13.90,true,1,
5413149655522,false,"אריאל שושן צחור 1.25ק""ג",דיפלומט מפיצים 1968 בעמ,,,"י""ח",2.50,"ק""ג",false,1,14.90,5.96,false,1,
5413149922938,false,"אריאל 5 ק""ג שושן צחור",דיפלומט מפיצים 1968 בעמ,,,"י""ח",5,"ק""ג",false,1,44.90,8.98,true,1,
5413149930025,false,"טייד 5ק""ג רגיל",דיפלומט מפיצים 1968 בעמ,,,"י""ח",5,"ק""ג",false,1,36.90,7.38,true,1,
5414359811210,false,צ`יפס מלחים 150גר חום,נאמן לאורך זמן בעמ,,,"י""ח",150,ל גרם,false,1,11.90,7.93,false,1,
5414359898143,false,צ`יפס שמנת בצל 150גר ירוק,נאמן לאורך זמן בעמ,,,"י""ח",150,ל גרם,false,1,11.90,7.93,false,1,
5414359898686,false,צ`יפס חמוץ מלוח 150גר כחול,נאמן לאורך זמן בעמ,,,"י""ח",150,ל גרם,false,1,11.90,7.93,false,1,
5701932026964,false,הוטפופ מלוח 600 גרם,ליימן שליסל,,,"י""ח",600,ל גרם,false,1,16.90,2.82,true,1,
5701932026971,false,הוטפופ חמאה 600 גרם,ליימן שליסל,,,"י""ח",600,ל גרם,false,1,16.90,2.82,true,1,
5701932026995,false,הוטפופ לייט טבעי 500גר.,ליימן שליסל,,,"י""ח",510,ל גרם,false,1,16.90,3.31,true,1,
5705550300963,false,ביצי דג 200ג שיבוט,בני ג ורג שוקחה (חיפה) בעמ,,,"י""ח",200,ל גרם,false,1,10.90,5.45,false,1,
5710840210013,false,בא לי שג לבן סופר עדין 40גר,דובק בעמ,,,"י""ח",1,,false,1,94,94,false,1,
5711953106583,false,גבינת ארלה שמנת 24% שומן 200גר,שטראוס גרופ ***בעמ,,,"י""ח",200,ל גרם,false,1,14.90,7.45,true,1,
5711953106590,false,גבינת שמנת 24% שומן עם שום 200ג.,שטראוס גרופ ***בעמ,,,"י""ח",200,ל גרם,false,1,14.90,7.45,true,1,
5711953106606,false,גבינת שמנת 24% שומן עם עשבי תיבול 200,שטראוס גרופ ***בעמ,,,"י""ח",200,ל גרם,false,1,14.90,7.45,true,1,
5711953148347,false,גבינת שמנת טבעי ארלה 300ג,שטראוס גרופ ***בעמ,,,"י""ח",300,ל גרם,false,1,24.90,8.30,true,1,
5740900403215,false,ממרח לורפק עם מלח 250גר,שטראוס גרופ ***בעמ,,,"י""ח",250,ל גרם,false,1,16.90,6.76,true,1,
5740900403222,false,ממרח לורפק עם מלח מופחת שומן 250גר,שטראוס גרופ ***בעמ,,,"י""ח",250,ל גרם,false,1,16.90,6.76,true,1,
5740900403239,false,.ממרח לורפק ללא מלח 250גר,שטראוס גרופ ***בעמ,,,"י""ח",250,ל גרם,false,1,16.90,6.76,true,1,
5740900403246,false,ממרח לורפק ללא מלח 500גר,שטראוס גרופ ***בעמ,,,"י""ח",500,ל גרם,false,1,27.90,5.58,true,1,
5740900403253,false,ממרח לורפק עם מלח 500גר,שטראוס גרופ ***בעמ,,,"י""ח",500,ל גרם,false,1,27.90,5.58,true,1,
5740900403260,false,ממרח לורפק ללא מלח מופחת שומן 250גר,שטראוס גרופ ***בעמ,,,"י""ח",250,ל גרם,false,1,16.90,6.76,true,1,
5740900403284,false,לורפק חמאה 200גר ללא מלח,שטראוס גרופ ***בעמ,,,"י""ח",200,ל גרם,false,1,11.50,5.75,true,1,
5740900403864,false,לורפק חמאה עם מלח 200גר,שטראוס גרופ ***בעמ,,,"י""ח",200,ל גרם,false,1,11.50,5.75,true,1,
5900017062419,false,"תחליב רחצה ורדים ושמן שקדים 750מ""ל",אלפא ב.ד.ף בעמ,,,"י""ח",750,"ל מ""ל",false,1,15.90,2.12,true,1,
5900020012814,false,נסקוויק 500גר`,קבוצת אוסם סחר-שות.מוגבלת,,,"י""ח",500,ל גרם,false,1,19.90,3.98,true,1,
5900020015174,false,פיטנס חטיף דגנים שוקולד 141ג,קבוצת אוסם סחר-שות.מוגבלת,,,"י""ח",141,ל גרם,false,1,15.90,11.28,true,1,
5900020018908,false,פיטנס חטיף דגנים קרם עוגיות 141ג,קבוצת אוסם סחר-שות.מוגבלת,,,"י""ח",141,ל גרם,false,1,15.90,11.28,true,1,
5900020020710,false,מארז קראנץ`בר שוקו וניל 6*25גר,קבוצת אוסם סחר-שות.מוגבלת,,,"י""ח",150,ל גרם,false,1,15.70,10.47,true,1,
5900020020741,false,נסקוויק בר דגנים שוקו שוקו 6*25גר,קבוצת אוסם סחר-שות.מוגבלת,,,"י""ח",150,ל גרם,false,1,15.70,10.47,true,1,
5900020024770,false,פיטנס בר דליס שוקולד אגוז 135ג,קבוצת אוסם סחר-שות.מוגבלת,,,"י""ח",135,ל גרם,false,1,15.90,11.78,true,1,
5900020025807,false,סיני מיניס מהדורת קיץ,קבוצת אוסם סחר-שות.מוגבלת,,,"י""ח",350,ל גרם,false,1,15.60,4.46,false,1,
5900020026552,false,האני נאט צ`יריוס עידן הקרח 625גר,קבוצת אוסם סחר-שות.מוגבלת,,,"י""ח",615,ל גרם,false,1,19.90,3.24,true,1,
5900020034021,false,פיטנס חטיף דגנים שוק.בננה,קבוצת אוסם סחר-שות.מוגבלת,,,"י""ח",141,ל גרם,false,1,15.90,11.28,true,1,
5900020034991,false,דגני בוקר קראנץ צדפים טעם שוקולד 450גר,קבוצת אוסם סחר-שות.מוגבלת,,,"י""ח",450,ל גרם,false,1,19.90,4.42,true,1,
5900020036407,false,סיני מיניס קרייזי קראש 410גר.,קבוצת אוסם סחר-שות.מוגבלת,,,"י""ח",410,ל גרם,false,1,19.90,4.85,true,1,
5900020037916,false,צ יריוס משיבולת שועל 375גר,קבוצת אוסם סחר-שות.מוגבלת,,,"י""ח",375,ל גרם,false,1,15.90,4.24,false,1,
5900020039590,false,פיטנס חטיף דגנים קלאסי 6.8*23.5גר פרווה,קבוצת אוסם סחר-שות.מוגבלת,,,"י""ח",141,ל גרם,false,1,15.70,11.13,true,1,
5900020039620,false,פיטנס חטיף דגנים שקדים 6.8*23.5גר פרוו,קבוצת אוסם סחר-שות.מוגבלת,,,"י""ח",141,ל גרם,false,1,15.70,11.13,true,1,
5900352001814,false,גלרטקה תפוז 190גר.,יעד ממתקים בעמ,,,"י""ח",160,ל גרם,false,1,9.90,6.19,true,1,
5900352002361,false,יזיקי קלאסיק 140גר,יעד ממתקים בעמ,,,"י""ח",140,ל גרם,false,1,5.90,4.21,false,1,
5900352002866,false,חטיף טייגר 49גרם ALIBI בודד,יעד ממתקים בעמ,,,"י""ח",1,"י""ח",false,1,3.90,3.90,true,1,
5900352004044,false,יזיקי קוקוס 140גר,יעד ממתקים בעמ,,,"י""ח",140,ל גרם,false,1,5.90,4.21,false,1,
5900352004457,false,יזיקי קפה 140גר,יעד ממתקים בעמ,,,"י""ח",140,ל גרם,false,1,5.90,4.21,false,1,
5900352011356,false,יזיקי מריר שרי 140גר,יעד ממתקים בעמ,,,"י""ח",140,ל גרם,false,1,5.90,4.21,false,1,
5900352012605,false,חטיף 49גרם ALIBI MAX בודד,יעד ממתקים בעמ,,,"י""ח",1,"י""ח",false,1,3.90,3.90,true,1,
5900627027020,false,ויט ספא,רקיט בנקיזר (ניר איסט) בעמ,,,"י""ח",150,"ל מ""ל",false,1,29.90,19.93,false,1,
5900627063233,false,פיניש 50 טבליות AIO MAX,רקיט בנקיזר (ניר איסט) בעמ,,,"י""ח",50,"י""ח",false,1,39.90,0.80,true,1,
5900627066715,false,פיניש 100 טבליות AIO,רקיט בנקיזר (ניר איסט) בעמ,,,"י""ח",100,"י""ח",false,1,59.90,0.60,true,1,
5900907000101,false,תערובת מלפפון ועגבניה 2.5,דברים טובים סגל בעמ,,,"י""ח",2.55,"ק""ג",false,1,29.90,11.73,false,1,
5900907000583,false,מלפפון בחומץ 900 גרם,דברים טובים סגל בעמ,,,"י""ח",900,ל גרם,false,1,15.20,1.69,false,1,
5900907000835,false,"מלפפון בחומץ 2.5 ק""ג",דברים טובים סגל בעמ,,,"י""ח",255,ל גרם,false,1,33.90,13.29,false,1,
5900907000965,false,פטיסון בחומץ 900 גרם,דברים טובים סגל בעמ,,,"י""ח",560,ל גרם,false,1,20.90,3.73,false,1,
5900907001429,false,אסורטי 920 גרם,דברים טובים סגל בעמ,,,"י""ח",900,ל גרם,false,1,15.20,1.69,false,1,
5900907001450,false,מלפפונים במלח 900 גרם,דברים טובים סגל בעמ,,,"י""ח",900,ל גרם,false,1,15.20,1.69,false,1,
5900907001474,false,עגבניות בחומץ 900 ג,דברים טובים סגל בעמ,,,"י""ח",900,ל גרם,false,1,15.20,1.69,false,1,
5900907001719,false,תערובת מלפפון ועגבניה,דברים טובים סגל בעמ,,,"י""ח",900,ל גרם,false,1,15.20,1.69,false,1,
5900907003393,false,עגבניות שרי 930ג,דברים טובים סגל בעמ,,,"י""ח",9.30,"ק""ג",false,1,17.90,1.92,false,1,
5900951283963,false,סניקרס קרימי חמאת בוטנים 36.5גר,מרס ריגלי ישראל בעמ,,,"י""ח",36,ל גרם,false,1,4.50,12.50,true,1,
5901414200411,false,היט מינ שוק 130ג,ליימן שליסל,,,"י""ח",130,ל גרם,false,1,6.90,5.31,true,1,
5901483010508,false,תה דובדבן,דברים טובים סגל בעמ,,,"י""ח",375,ל גרם,false,1,8.90,2.37,false,1,
5901483010706,false,תה וורדים,דברים טובים סגל בעמ,,,"י""ח",50,ל גרם,false,1,8.90,17.80,false,1,
5901483060206,false,תה מנטה 2ג*25שק,דברים טובים סגל בעמ,,,"י""ח",500,ל גרם,false,1,8.90,1.78,false,1,
5901483060404,false,תה בבונג,דברים טובים סגל בעמ,,,"י""ח",50,ל גרם,false,1,8.90,17.80,false,1,
5901888020560,false,חטיף דגנים עם קינואה טעם עשבי תיבול 70,דנשר (1963) בעמ,,,"י""ח",70,ל גרם,false,1,12.90,18.43,false,1,
5902198160403,false,משקה אנרגיה XL TEN,טמפו משקאות בעמ,,,"י""ח",250,"ל מ""ל",false,1,3.60,1.32,true,1,
5904941750312,false,משקה אנרגיה בלו מוחיטו,בני פאוזי שמשום (2009) בעמ,,,"י""ח",250,"ל מ""ל",false,1,4.50,1.68,true,1,
5904941751302,false,משקה אנרגיה בלו רגולר כחול,בני פאוזי שמשום (2009) בעמ,,,"י""ח",250,"ל מ""ל",false,1,3.90,1.44,true,1,
5904941751524,false,משקה אנרגיה בלו אבטיח,בני פאוזי שמשום (2009) בעמ,,,"י""ח",250,"ל מ""ל",false,1,4.50,1.68,true,1,
5904941751920,false,משקה אנרגיה בלו day,בני פאוזי שמשום (2009) בעמ,,,"י""ח",250,"ל מ""ל",false,1,4.50,1.68,true,1,
5906485301012,false,משקה אנרגיה XL,טמפו משקאות בעמ,,,"י""ח",250,"ל מ""ל",false,1,3.60,1.32,true,1,
5997321770307,false,ויט רצועות שעווה לעור רגיש,רקיט בנקיזר (ניר איסט) בעמ,,,"י""ח",1,"י""ח",false,1,19.90,19.90,false,1,
5998710131877,false,ממתק שוקולד CHERRY QUEEN,דילר בי.אמ.די.אינטרנשיונל בעמ,,,"י""ח",36,ל גרם,false,1,3.90,10.83,true,1,
6001067017523,false,קולגייט סמיילס ילדים,ש.שסטוביץ בעמ,,,"י""ח",1,,false,1,10.90,10.90,true,1,
6001067017530,false,קולגייט סמיילס ג וניור,ש.שסטוביץ בעמ,,,"י""ח",1,,false,1,10.90,10.90,true,1,
6001067027324,false,קולגייט מברשת חשמלי קולגייט,ש.שסטוביץ בעמ,,,"י""ח",1,,false,1,39.90,39.90,false,1,
6008165003984,false,פל מאל כחול בודד,גלוברנדס בעמ,,,"י""ח",1,,false,1,29.50,29.50,false,1,
6008165271192,false,פאל מאל אדום ארוך,גלוברנדס בעמ,,,"י""ח",1,,false,1,29.50,29.50,false,1,
6008165274629,false,פאל מאל כחול ארוך סטרים,גלוברנדס בעמ,,,"י""ח",0,"י""ח",false,1,29.50,29.50,false,1,
6111049000150,false,סרדינים בשמן סויה עם לימון,ויצמן פרימיום בעמ,,,"י""ח",1,,false,1,4.90,4.90,false,1,
6111119000011,false,"קוסקוס אורגינל פרידה 1ק""ג",ויצמן פרימיום בעמ,,,"י""ח",1,,false,1,12.90,12.90,false,1,
6111200000142,false,סרדין מאריה חריף 125גר,בני פאוזי שמשום (2009) בעמ,,,"י""ח",125,ל גרם,false,1,3.90,3.12,true,1,
6281001510390,false,קולגייט סמיילס,ש.שסטוביץ בעמ,,,"י""ח",1,,false,1,10.90,10.90,true,1,
6901022100416,false,שום כתוש.,ביכורי השדה צפון 1994 ג.ד. בעמ,,,"י""ח",1,,false,1,9.90,9.90,false,1,
6901022100584,false,פלפל אדום קלוי.,ביכורי השדה צפון 1994 ג.ד. בעמ,,,"י""ח",1,,false,1,13.90,13.90,false,1,
6901022100591,false,מיקס פלפלים קלויים.,ביכורי השדה צפון 1994 ג.ד. בעמ,,,"י""ח",1,,false,1,13.90,13.90,false,1,
6910191800287,false,אצות נור בלו 10דף,מזרח ומערב יבוא ושיווק,,,"י""ח",10,"י""ח",false,1,13.90,1.39,true,1,
6920354822223,false,קולגייט נטורל משחת שיניים ג`ינג`ר קוקוס,ש.שסטוביץ בעמ,,,"י""ח",68,"ל מ""ל",false,1,29.90,43.97,false,1,
6920354824395,false,קולגייט נטורל משחת שיניים תמציות פחם,ש.שסטוביץ בעמ,,,"י""ח",68,"ל מ""ל",false,1,29.90,43.97,false,1,
6921052701001,false,אצות וואקמה 40גרם,מזרח ומערב יבוא ושיווק,,,"י""ח",40,ל גרם,false,1,8.90,22.25,false,1,
6921850620368,false,לד 10W אור יום אריזת 3יח,עולם הבית שיווק והפצה בעמ,,,"י""ח",3,"י""ח",false,1,24.90,8.30,false,1,
6921850620504,false,לד 15W אור יום אריזת 3יח,עולם הבית שיווק והפצה בעמ,,,"י""ח",3,"י""ח",false,1,24.90,8.30,false,1,
6924485403252,false,טוש 12יח,צבע ומכחול (2014) בעמ,,,"י""ח",1,,false,1,9.90,9.90,false,1,
6924485408103,false,לורד גמבו,צבע ומכחול (2014) בעמ,,,"י""ח",1,,false,1,14.90,14.90,false,1,
6930126758636,false,מכשירי כתיבה,צבע ומכחול (2014) בעמ,,,"י""ח",1,,false,1,7.50,7.50,false,1,
6930691021029,false,מרקר זוהר,צבע ומכחול (2014) בעמ,,,"י""ח",1,,false,1,9.90,9.90,false,1,
6934582521216,false,מספריים,צבע ומכחול (2014) בעמ,,,"י""ח",1,,false,1,5.90,5.90,false,1,
6934931265266,false,סוללות 10יח גדול,עולם הבית שיווק והפצה בעמ,,,"י""ח",1,,false,1,9.90,9.90,false,1,
6934931265334,false,סוללות קטן,עולם הבית שיווק והפצה בעמ,,,"י""ח",1,,false,1,9.90,9.90,false,1,
6936613888667,false,שום ארוז.,ביכורי השדה צפון 1994 ג.ד. בעמ,,,"י""ח",1,,false,1,7.90,7.90,true,1,
6936745600783,false,"חומץ אורז-מיצוקאן 500מ""ל",מזרח ומערב יבוא ושיווק,,,"י""ח",500,"ל מ""ל",false,1,15.90,3.18,false,1,
6938247142839,false,עפרון+מחק איכותי,צבע ומכחול (2014) בעמ,,,"י""ח",1,,false,1,3.90,3.90,false,1,
6974640730167,false,פטריות שיטאקה 100גר.,מזרח ומערב יבוא ושיווק,,,"י""ח",100,ל גרם,false,1,12.90,12.90,false,1,
6987616512070,false,רשת צלי גדולה עבה,אושר א.א. יבוא ושיווק כלי בית,,,"י""ח",1,,false,1,24.90,24.90,false,1,
7038516140357,false,ג ורדון מברשת שיניים טוטל קלין רביעייה,דנשר (1963) בעמ,,,"י""ח",1,,false,1,10.90,10.90,false,1,
7162203009006,false,שמיכת חורף פנסי יחיד,דהן פרוספר בעמ,,,"י""ח",1,,false,1,79.90,79.90,false,1,
7162203009013,false,שמיכת חורף פנסי זוגי,דהן פרוספר בעמ,,,"י""ח",1,,false,1,89.90,89.90,false,1,
7162203011009,false,שמיכת חורף דו צדדית טיטניום יחיד,דהן פרוספר בעמ,,,"י""ח",1,,false,1,79.90,79.90,false,1,
7162203027000,false,פוך חורף באבא יחיד,דהן פרוספר בעמ,,,"י""ח",1,,false,1,99.90,99.90,false,1,
7162203038020,false,סט מצעים נטורל זוגי,דהן פרוספר בעמ,,,"י""ח",1,,false,1,109.90,109.90,true,1,
7162204036001,false,שמיכת כבש ממולאת טיטניום יחיד,דהן פרוספר בעמ,,,"י""ח",1,,false,1,99.90,99.90,true,1,
7162204037008,false,שמיכת כבש ממולאת קרול יחיד,דהן פרוספר בעמ,,,"י""ח",1,,false,1,99.90,99.90,true,1,
7162204074010,false,סט מצעים אורלנדו מיטה וחצי,דהן פרוספר בעמ,,,"י""ח",1,,false,1,84.90,84.90,false,1,
7262626088180,false,טייץ טרמי שחור,ביג מול בעמ,,,"י""ח",183,ל גרם,false,1,29.90,16.34,false,1,
7271730901261,false,פסטה עם גבינה 156ג,מור ים מרקטינג בעמ,,,"י""ח",156,ל גרם,false,1,11.90,7.63,false,1,
7290000000374,false,פטריות טרי במגש שמיטה,ביכורי השדה צפון 1994 ג.ד. בעמ,,,"י""ח",1,,false,1,10.90,10.90,true,1,
7290000000848,false,תירס ארוז,ביכורי השדה צפון 1994 ג.ד. בעמ,,,"ק""ג",1,,true,1,19.90,19.90,false,1,
7290000000978,false,גלאט קטיף,ביכורי השדה צפון 1994 ג.ד. בעמ,,,"י""ח",1,,false,1,6.90,6.90,true,1,
7290000000985,false,גלאט קטיף פטרוזיליה.,ביכורי השדה צפון 1994 ג.ד. בעמ,,,"י""ח",1,,false,1,5.90,5.90,true,1,
7290000001074,false,כרוב אדום מהדרין-ברכת קטיף,ביכורי השדה צפון 1994 ג.ד. בעמ,,,"ק""ג",1,,true,1,15.90,15.90,false,1,
7290000001401,false,מנגולד גלאט שמיטה,ביכורי השדה צפון 1994 ג.ד. בעמ,,,"י""ח",1,,false,1,6.90,6.90,false,1,
7290000001579,false,סלרי עלים גלאט,ביכורי השדה צפון 1994 ג.ד. בעמ,,,"י""ח",1,,false,1,5.90,5.90,true,1,
7290000001593,false,גלאט קטיף נענע,ביכורי השדה צפון 1994 ג.ד. בעמ,,,"י""ח",1,,false,1,6.90,6.90,true,1,
7290000001616,false,כוסברה מהדרין,ביכורי השדה צפון 1994 ג.ד. בעמ,,,"י""ח",1,,false,1,5.90,5.90,true,1,
7290000012124,false,מלח לימון,ח.כהן סוכנות מזון ומשקאות בע,,,"ק""ג",1,,true,1,29,29,false,1,
7290000012148,false,תבלין לדגים,ח.כהן סוכנות מזון ומשקאות בע,,,"ק""ג",1,,true,1,59,59,false,1,
7290000012186,false,אורגנו,ח.כהן סוכנות מזון ומשקאות בע,,,"ק""ג",1,,true,1,59,59,false,1,
7290000012216,false,גרעינים שחורים,ח.כהן סוכנות מזון ומשקאות בע,,,"ק""ג",1,,true,1,27,27,false,1,
7290000012223,false,פקאן מלוח,ח.כהן סוכנות מזון ומשקאות בע,,,"ק""ג",1,,true,1,135,135,false,1,
7290000012308,false,ריזוטו,ח.כהן סוכנות מזון ומשקאות בע,,,"ק""ג",1,,true,1,69,69,false,1,
7290000023007,false,סטוק }84 ברנדי{ כש,טמפו משקאות בעמ,,,"י""ח",750,ל גרם,false,1,70.20,9.32,true,1,
7290000023083,false,"ארק אשקלון 40% 700מ""ל",טמפו משקאות בעמ,,,"י""ח",700,"ל מ""ל",false,1,55.90,7.94,true,1,
7290000023830,false,קלאסיק קברנה בלאש.,טמפו משקאות בעמ,,,"י""ח",750,"ל מ""ל",false,1,32.90,4.35,true,1,
7290000024523,false,תירוש של סגל 1ל.,טמפו משקאות בעמ,,,"י""ח",7.50,"י""ח",false,1,15.90,2.08,true,1,
7290000024912,false,"וודקה קגלוויץ לימון 700 כשל""פ",טמפו משקאות בעמ,,,"י""ח",700,"ל מ""ל",false,1,49.90,7.09,true,1,
7290000034256,false,ביסקוויט הדר תירוש חצי מצופה 175ג,ח.כהן סוכנות מזון ומשקאות בע,,,"י""ח",175,ל גרם,false,1,5.90,3.37,true,1,
7290000040042,false,יופלה תות 3%,תנובה בעמ ***,,,"י""ח",150,"ל מ""ל",false,1,3.30,2.20,false,1,
7290000040080,false,יופלה אפרסק,תנובה בעמ ***,,,"י""ח",150,"ל מ""ל",false,1,3.30,2.20,false,1,
7290000040462,false,טוסטי עמק אמריקאי אדם 200גר,תנובה בעמ ***,,,"י""ח",200,ל גרם,false,1,17.90,8.95,false,1,
7290000041407,false,גילה 125,תנובה בעמ ***,,,"י""ח",125,"ל מ""ל",false,1,0.90,0.72,false,1,
7290000041445,false,~קוט ג }5% בדץ תנובה{,תנובה בעמ ***,,,"י""ח",275,ל גרם,false,1,5.50,2,false,1,
7290000041452,false,קוט ג 9% בדץ 250 תנובה,תנובה בעמ ***,,,"י""ח",250,ל גרם,false,1,5.50,2.20,false,1,
7290000041858,false,שמנת יוטבתה 200,שטראוס גרופ ***בעמ,,,"י""ח",200,"ל מ""ל",false,1,2.40,1.20,true,1,
7290000042015,false,חלב שקית מהדרין 3% תנובה*,תנובה בעמ ***,,,"י""ח",1,ליטר,false,1,5.43,5.43,false,1,
7290000042435,false,חלב קרטון דל שומן 1 ל תנובה 1%,תנובה בעמ ***,,,"י""ח",1,ליטר,false,1,5.86,5.86,false,1,
7290000042855,false,שוקו יטבתה 250,שטראוס גרופ ***בעמ,,,"י""ח",225,"ל מ""ל",false,1,2.50,1.11,true,1,
7290000043111,false,חמאה 200גרם תנובה רגיל*,תנובה בעמ ***,,,"י""ח",200,ל גרם,false,1,7.80,3.90,false,1,
7290000043814,false,"שמנת עמידה 38% להקצפה 250 מ""ל*(תנובה",תנובה בעמ ***,,,"י""ח",250,"ל מ""ל",false,1,5,2,false,1,
7290000043890,false,ריויון 1 ליטר קרטון 1.5% שומן,תנובה בעמ ***,,,"י""ח",1.0350,ליטר,false,1,11.50,11.11,false,1,
7290000043944,false,יוגורט בכד 1.5 ליטר 4.5%,תנובה בעמ ***,,,"י""ח",1.50,ליטר,false,1,16.50,11,false,1,
7290000044712,false,".פרילי תות 500 מ""ל.",תנובה בעמ ***,,,"י""ח",500,"ל מ""ל",false,1,10.90,2.18,false,1,
7290000044880,false,באדי תות אננס,תנובה בעמ ***,,,"י""ח",500,"ל מ""ל",false,1,8.90,1.78,false,1,
7290000045580,false,נעמה 240גר,תנובה בעמ ***,,,"י""ח",240,ל גרם,false,1,18.10,7.54,false,1,
7290000045917,false,גבינת עיזים(פרומעז) גליל 200גר,תנובה בעמ ***,,,"י""ח",1,,false,1,26.30,26.30,false,1,
7290000046020,false,"גלבוע 22% שקילה}גבנ""צ{*.",תנובה בעמ ***,,,"ק""ג",1000,ל גרם,true,1,42.58,4.26,false,1,
7290000046327,false,גלבוע פרוס]תנובה[ 200ג,תנובה בעמ ***,,,"י""ח",200,ל גרם,false,1,12.90,6.45,false,1,
7290000046563,false,פרמזן חריץ תנובה שקיל,תנובה בעמ ***,,,"ק""ג",1000,ל גרם,true,1,113,11.30,false,1,
7290000046624,false,מוצרלה משקל,תנובה בעמ ***,,,"ק""ג",1,"ק""ג",true,1,54.90,54.90,false,1,
7290000047546,false,כנען 500 ג,תנובה בעמ ***,,,"י""ח",500,ל גרם,false,1,23.90,4.78,false,1,
7290000047621,false,גבינה לבנה 5% תנובה 250 גרם*,תנובה בעמ ***,,,"י""ח",250,ל גרם,false,1,4.70,1.88,false,1,
7290000047942,false,גבינה לבנה 9% רכה 250 גרם,תנובה בעמ ***,,,"י""ח",250,ל גרם,false,1,4.70,1.88,false,1,
7290000048185,false,גבינה%5 תנובה 250גרם*,תנובה בעמ ***,,,"י""ח",250,ל גרם,false,1,4.98,1.99,false,1,
7290000048192,false,גבינה 9% 250 גרם,תנובה בעמ ***,,,"י""ח",250,ל גרם,false,1,4.70,1.88,false,1,
7290000048437,false,צפתית פיראוס 200 ג%`5,תנובה בעמ ***,,,"י""ח",200,ל גרם,false,1,14.90,7.45,false,1,
7290000056951,false,"שמנת לבישול 500 תנובה מ""ל",תנובה בעמ ***,,,"י""ח",500,"ל מ""ל",false,1,15.90,3.18,false,1,
7290000060071,false,חטיפי פריכונים מאורז מלא.,קבוצת אוסם סחר-שות.מוגבלת,,,"י""ח",1,,false,1,5.90,5.90,false,1,
7290000060088,false,בייגלה מקלות מלוחים 400גרם,קבוצת אוסם סחר-שות.מוגבלת,,,"י""ח",400,ל גרם,false,1,8.60,2.15,false,1,
7290000060200,false,פתיתים אפויים 500 גרם אסם,קבוצת אוסם סחר-שות.מוגבלת,,,"י""ח",500,ל גרם,false,1,6.90,1.38,true,1,
7290000060217,false,מקרוני פרומנטי,קבוצת אוסם סחר-שות.מוגבלת,,,"י""ח",500,ל גרם,false,1,5.90,1.18,true,1,
7290000060408,false,טבעות פתיתים 500 גרם,קבוצת אוסם סחר-שות.מוגבלת,,,"י""ח",500,ל גרם,false,1,6.90,1.38,true,1,
7290000060415,false,לזניה לה 500 ג` פרפקטו אוסם,קבוצת אוסם סחר-שות.מוגבלת,,,"י""ח",500,ל גרם,false,1,13.40,2.68,false,1,
7290000060576,false,פתיתים אפויים כוכבים 500,קבוצת אוסם סחר-שות.מוגבלת,,,"י""ח",500,"ל מ""ל",false,1,6.90,1.38,true,1,
7290000060781,false,פרומנטי פתיתים מסולסלים אוסם,קבוצת אוסם סחר-שות.מוגבלת,,,"י""ח",500,ל גרם,false,1,5.90,1.18,true,1,
7290000060828,false,פרומנטי קרניים אוסם,קבוצת אוסם סחר-שות.מוגבלת,,,"י""ח",500,ל גרם,false,1,5.90,1.18,true,1,
7290000060880,false,~פרומנטי ספגטי אוסם,קבוצת אוסם סחר-שות.מוגבלת,,,"י""ח",500,ל גרם,false,1,5.90,1.18,true,1,
7290000060903,false,פתיתים אפויים אורז אוסם,קבוצת אוסם סחר-שות.מוגבלת,,,"י""ח",500,ל גרם,false,1,6.90,1.38,true,1,
7290000060958,false,איטריות בינוניות אוסם,קבוצת אוסם סחר-שות.מוגבלת,,,"י""ח",400,ל גרם,false,1,7.90,1.98,true,1,
7290000060965,false,איטריות רחבות אוסם,קבוצת אוסם סחר-שות.מוגבלת,,,"י""ח",400,ל גרם,false,1,7.90,1.98,true,1,
7290000061061,false,קרם קרקר טעם בצל,קבוצת אוסם סחר-שות.מוגבלת,,,"י""ח",250,ל גרם,false,1,10.90,4.36,true,1,
7290000061108,false,רוטב טריאקי,קבוצת אוסם סחר-שות.מוגבלת,,,"י""ח",290,"ל מ""ל",false,1,11.90,4.10,true,1,
7290000061764,false,קפה רד מאג 200גר`,קבוצת אוסם סחר-שות.מוגבלת,,,"י""ח",200,ל גרם,false,1,21.40,10.70,false,1,
7290000062129,false,"פודינג אינסטנט וניל 1 ק""ג",קבוצת אוסם סחר-שות.מוגבלת,,,"י""ח",1,"ק""ג",false,1,23.90,23.90,false,1,
7290000063133,false,שקדי מרק 100 ג אוסם,קבוצת אוסם סחר-שות.מוגבלת,,,"י""ח",100,ל גרם,false,1,3.90,3.90,false,1,
7290000063140,false,שקדי מרק 400 ג{אסם},קבוצת אוסם סחר-שות.מוגבלת,,,"י""ח",400,ל גרם,false,1,10.90,2.73,true,1,
7290000063157,false,"קמח עוגה תופח 1 ק""ג",קבוצת אוסם סחר-שות.מוגבלת,,,"י""ח",1,"ק""ג",false,1,9.90,9.90,true,1,
7290000064758,false,קוסקוס 350 גרם אוסם,קבוצת אוסם סחר-שות.מוגבלת,,,"י""ח",350,ל גרם,false,1,7.90,2.26,false,1,
7290000064871,false,מנה חמה פירה עם בצל,קבוצת אוסם סחר-שות.מוגבלת,,,"י""ח",87,ל גרם,false,1,5.20,5.98,true,1,
7290000065335,false,"מנה חמה-פירה תפו""א",קבוצת אוסם סחר-שות.מוגבלת,,,"י""ח",55,ל גרם,false,1,5.20,9.45,true,1,
7290000065540,false,מנה חמה איטריות,קבוצת אוסם סחר-שות.מוגבלת,,,"י""ח",55,ל גרם,false,1,5,9.09,true,1,
7290000065557,false,מנה חמה-קוסקוס,קבוצת אוסם סחר-שות.מוגבלת,,,"י""ח",50,ל גרם,false,1,5.20,10.40,true,1,
7290000066134,false,ביסלי פלאפל}קטן{,קבוצת אוסם סחר-שות.מוגבלת,,,"י""ח",70,ל גרם,false,1,3.90,5.57,true,1,
7290000066141,false,ביסלי גריל}קטן{,קבוצת אוסם סחר-שות.מוגבלת,,,"י""ח",70,ל גרם,false,1,3.90,5.57,true,1,
7290000066189,false,ביסלי פלאפל}גדול{,קבוצת אוסם סחר-שות.מוגבלת,,,"י""ח",200,ל גרם,false,1,8.90,4.45,true,1,
7290000066196,false,ביסלי גדול גריל,קבוצת אוסם סחר-שות.מוגבלת,,,"י""ח",200,ל גרם,false,1,8.90,4.45,true,1,
7290000066226,false,ביסלי פיצה}גדול{,קבוצת אוסם סחר-שות.מוגבלת,,,"י""ח",200,ל גרם,false,1,7.40,3.70,true,1,
7290000066295,false,במבה תות 25 גרם,קבוצת אוסם סחר-שות.מוגבלת,,,"י""ח",30,ל גרם,false,1,3.10,10.33,false,1,
7290000066318,false,במבה אסם{,קבוצת אוסם סחר-שות.מוגבלת,,,"י""ח",80,ל גרם,false,1,4.30,5.38,true,1,
7290000066332,false,אפרופו 50 גרם,קבוצת אוסם סחר-שות.מוגבלת,,,"י""ח",50,ל גרם,false,1,5,10,true,1,
7290000066349,false,אפרופו חטיף גדול,קבוצת אוסם סחר-שות.מוגבלת,,,"י""ח",100,ל גרם,false,1,8.90,8.90,true,1,
7290000066431,false,פופקו חמאה ודבש,קבוצת אוסם סחר-שות.מוגבלת,,,"י""ח",80,ל גרם,false,1,3.30,4.13,true,1,
7290000067407,false,פירורית מתובלת,קבוצת אוסם סחר-שות.מוגבלת,,,"י""ח",200,ל גרם,false,1,6.40,3.20,false,1,
7290000067544,false,פירורית זהב 200 ג,קבוצת אוסם סחר-שות.מוגבלת,,,"י""ח",200,ל גרם,false,1,6.90,3.45,true,1,
7290000067599,false,מנה חמה ספגטי בולונז,קבוצת אוסם סחר-שות.מוגבלת,,,"י""ח",55,ל גרם,false,1,5.20,9.45,true,1,
7290000068084,false,פתי בר 1.750 אסם,קבוצת אוסם סחר-שות.מוגבלת,,,"י""ח",1.75,"ק""ג",false,1,26.80,15.31,false,1,
7290000068138,false,פודינג וניל 80 ג אסם,קבוצת אוסם סחר-שות.מוגבלת,,,"י""ח",80,ל גרם,false,1,3.90,4.88,true,1,
7290000068190,false,ג לי בטעם תות אסם,קבוצת אוסם סחר-שות.מוגבלת,,,"י""ח",85,ל גרם,false,1,5.40,6.35,false,1,
7290000068206,false,ג לי בטעם מישמש,קבוצת אוסם סחר-שות.מוגבלת,,,"י""ח",85,ל גרם,false,1,5.90,6.94,false,1,
7290000068237,false,ג לי בטעם פטל,קבוצת אוסם סחר-שות.מוגבלת,,,"י""ח",85,ל גרם,false,1,5.40,6.35,false,1,
7290000068701,false,שקדי מרק אוסם במיכל,קבוצת אוסם סחר-שות.מוגבלת,,,"י""ח",400,ל גרם,false,1,14.40,3.60,false,1,
7290000068770,false,במבה יום הולדת 80 גרם,קבוצת אוסם סחר-שות.מוגבלת,,,"י""ח",80,ל גרם,false,1,4.30,5.38,true,1,
7290000069258,false,פרפקטו פנה ריגאט,קבוצת אוסם סחר-שות.מוגבלת,,,"י""ח",500,ל גרם,false,1,6.50,1.30,false,1,
7290000069364,false,~פריכונים מאורז מלא 140 ג`,קבוצת אוסם סחר-שות.מוגבלת,,,"י""ח",140,ל גרם,false,1,7.70,5.50,false,1,
7290000070308,false,מרק עוף 400 ג אמיתי אסם,קבוצת אוסם סחר-שות.מוגבלת,,,"י""ח",400,ל גרם,false,1,17.90,4.48,false,1,
7290000070322,false,מרק פטריות 400 גרם,קבוצת אוסם סחר-שות.מוגבלת,,,"י""ח",400,ל גרם,false,1,17.90,4.48,false,1,
7290000070353,false,מרק בצל 400 גרם,קבוצת אוסם סחר-שות.מוגבלת,,,"י""ח",400,ל גרם,false,1,17.90,4.48,false,1,
7290000072241,false,רוטב פיצה בקבוק,קבוצת אוסם סחר-שות.מוגבלת,,,"י""ח",290,"ל מ""ל",false,1,11.90,4.10,true,1,
7290000072623,false,קטשופ אסם 750 גרם,קבוצת אוסם סחר-שות.מוגבלת,,,"י""ח",750,ל גרם,false,1,10.90,1.45,true,1,
7290000072753,false,~קפה נמס טסטר צוייס 200 ג`,קבוצת אוסם סחר-שות.מוגבלת,,,"י""ח",200,ל גרם,false,1,29.90,14.95,true,1,
7290000072777,false,קפה נמס טסטר צוייס ללא קפאין,קבוצת אוסם סחר-שות.מוגבלת,,,"י""ח",200,ל גרם,false,1,35.90,17.95,false,1,
7290000072968,false,סיני מיניס 500גרם,קבוצת אוסם סחר-שות.מוגבלת,,,"י""ח",375,ל גרם,false,1,19.90,5.31,true,1,
7290000073125,false,מנה חמה איטריות,קבוצת אוסם סחר-שות.מוגבלת,,,"י""ח",55,ל גרם,false,1,5,9.09,true,1,
7290000073415,false,מנה חמה פסטה ברוטב פיצה,קבוצת אוסם סחר-שות.מוגבלת,,,"י""ח",61,ל גרם,false,1,5.20,8.52,true,1,
7290000073750,false,מנה חמה נודלס בטעם עוף,קבוצת אוסם סחר-שות.מוגבלת,,,"י""ח",76,ל גרם,false,1,5.20,6.84,true,1,
7290000073767,false,מנה חמה נודלס בקר,קבוצת אוסם סחר-שות.מוגבלת,,,"י""ח",76,ל גרם,false,1,5.20,6.84,true,1,
7290000073774,false,מנה חמה אטריות ורוטב צ יל,קבוצת אוסם סחר-שות.מוגבלת,,,"י""ח",76,ל גרם,false,1,5.20,6.84,true,1,
7290000074153,false,פתיבר שוקו 500 אוסם,קבוצת אוסם סחר-שות.מוגבלת,,,"י""ח",500,ל גרם,false,1,9.90,1.98,true,1,
7290000074184,false,פתי בר אוסם 500 ג`,קבוצת אוסם סחר-שות.מוגבלת,,,"י""ח",500,ל גרם,false,1,11.90,2.38,true,1,
7290000074245,false,קרקר 250 ג מלוח,קבוצת אוסם סחר-שות.מוגבלת,,,"י""ח",250,ל גרם,false,1,9.90,3.96,true,1,
7290000074252,false,קרקר שומשום 250,קבוצת אוסם סחר-שות.מוגבלת,,,"י""ח",250,ל גרם,false,1,9.60,3.84,true,1,
7290000074276,false,קרקר טבעון250 גר פיקנ,קבוצת אוסם סחר-שות.מוגבלת,,,"י""ח",250,ל גרם,false,1,10.90,4.36,true,1,
7290000074696,false,".קרם קרקר 1 ק""ג",קבוצת אוסם סחר-שות.מוגבלת,,,"י""ח",1,"ק""ג",false,1,27.90,27.90,true,1,
7290000074764,false,קרקר זהב 900 גרם,קבוצת אוסם סחר-שות.מוגבלת,,,"י""ח",900,ל גרם,false,1,27.90,3.10,true,1,
7290000075204,false,לחמית 250 גרם,קבוצת אוסם סחר-שות.מוגבלת,,,"י""ח",250,ל גרם,false,1,8.90,3.56,true,1,
7290000076133,false,בייגלה שמיניה]אסם[400גרם,קבוצת אוסם סחר-שות.מוגבלת,,,"י""ח",400,ל גרם,false,1,8.60,2.15,false,1,
7290000079233,false,קרם קרקר דל נתרן,קבוצת אוסם סחר-שות.מוגבלת,,,"י""ח",250,ל גרם,false,1,10.90,4.36,true,1,
7290000080277,false,גביעי גלידה ממות,קבוצת אוסם סחר-שות.מוגבלת,,,"י""ח",1,,false,1,15.10,15.10,false,1,
7290000080758,false,טוסטעים פת קלויה,קבוצת אוסם סחר-שות.מוגבלת,,,"י""ח",100,ל גרם,false,1,10.70,10.70,false,1,
7290000080765,false,טוסטעים פת שומשו,קבוצת אוסם סחר-שות.מוגבלת,,,"י""ח",100,ל גרם,false,1,10.70,10.70,false,1,
7290000081663,false,בייגלה טבעות עם שומשום 300גר,קבוצת אוסם סחר-שות.מוגבלת,,,"י""ח",300,ל גרם,false,1,8.60,2.87,false,1,
7290000084572,false,חוויג קפה,ח.כהן סוכנות מזון ומשקאות בע,,,"ק""ג",1,,true,1,69,69,false,1,
7290000101958,false,מנגו מוקפא 300ג,תנובה בשר,,,"י""ח",300,ל גרם,false,1,12.90,4.30,true,1,
7290000104201,false,אפונה עדינה(סנפרוסט )600ג`,תנובה בשר,,,"י""ח",600,ל גרם,false,1,16.90,2.82,true,1,
7290000104218,false,במיה 600 ג}סנפרוסט{,תנובה בשר,,,"י""ח",800,ל גרם,false,1,15.90,1.99,true,1,
7290000104287,false,לקט לפשטידה }800 סנפרוסט{,תנובה בשר,,,"י""ח",800,ל גרם,false,1,21.90,2.74,true,1,
7290000104676,false,#אפונה גינה סנפרוסט 800ג`.,תנובה בשר,,,"י""ח",800,ל גרם,false,1,14.90,1.86,true,1,
7290000104683,false,שעועית שלמה 800 גרם סנפרוסט,תנובה בשר,,,"י""ח",800,ל גרם,false,1,19.90,2.49,true,1,
7290000104690,false,תירס סנפרוסט 800 ג`,תנובה בשר,,,"י""ח",800,ל גרם,false,1,17.90,2.24,true,1,
7290000104706,false,גזר גמדי 800 גרם,תנובה בשר,,,"י""ח",800,ל גרם,false,1,16.90,2.11,true,1,
7290000104713,false,פול ירוק 800 גרם סנפרוסט,תנובה בשר,,,"י""ח",800,ל גרם,false,1,22.90,2.86,true,1,
7290000104720,false,~שעועית חתוכה ירוקה 800 ג`,תנובה בשר,,,"י""ח",800,ל גרם,false,1,17.90,2.24,true,1,
7290000104737,false,שעועית צהובה חתוכה 800 ג`,תנובה בשר,,,"י""ח",800,ל גרם,false,1,17.90,2.24,true,1,
7290000104744,false,כרובית 800 גרם}סנפרוסט{,תנובה בשר,,,"י""ח",800,ל גרם,false,1,23.90,2.99,true,1,
7290000104799,false,שעועית לבנה}סנפרוסט 800 גרם,תנובה בשר,,,"י""ח",1,"ק""ג",false,1,18.90,18.90,true,1,
7290000104805,false,גרגירי חומוס(סנפרוסט{800גר,תנובה בשר,,,"י""ח",800,ל גרם,false,1,18.90,2.36,true,1,
7290000104836,false,שעועית עדינה שלמה 600 ג סנפרוסט,תנובה בשר,,,"י""ח",600,ל גרם,false,1,23.90,3.98,true,1,
7290000104874,false,לקט לקוסקוס}סנפרוסט{,תנובה בשר,,,"י""ח",800,ל גרם,false,1,21.90,2.74,true,1,
7290000104911,false,לקט נורמנדי 800 גסנפרוסט,תנובה בשר,,,"י""ח",800,ל גרם,false,1,21.90,2.74,true,1,
7290000106175,false,"לקט כפרי 2 ק""ג}סנפרוסט{",תנובה בשר,,,"י""ח",2,"ק""ג",false,1,38.90,19.45,true,1,
7290000107189,false,ארטישוק תחתיות}סנפרוסט{400גר,תנובה בשר,,,"י""ח",400,ל גרם,false,1,20.90,5.23,true,1,
7290000107295,false,ברוקולי (800 סנפרוסט),תנובה בשר,,,"י""ח",800,ל גרם,false,1,24.90,3.11,true,1,
7290000110844,false,"כיפלי גריל בד""ץ 70 גרם",יוניליוור ישראל שיווק בעמ,,,"י""ח",70,ל גרם,false,1,4.50,6.43,false,1,
7290000110851,false,כיפלי חטיף בצל,יוניליוור ישראל שיווק בעמ,,,"י""ח",70,ל גרם,false,1,4.50,6.43,false,1,
7290000111063,false,מיונז תלמה 250גרם,יוניליוור ישראל שיווק בעמ,,,"י""ח",250,ל גרם,false,1,6.50,2.60,false,1,
7290000111117,false,בדין לבן 4 ליטר,יוניליוור ישראל שיווק בעמ,,,"י""ח",4,ליטר,false,1,19.90,4.98,false,1,
7290000111186,false,מיונז 500 תלמה,יוניליוור ישראל שיווק בעמ,,,"י""ח",500,ל גרם,false,1,8.90,1.78,false,1,
7290000111353,false,"מיונז 1 ק""ג תלמה",יוניליוור ישראל שיווק בעמ,,,"י""ח",1,"ק""ג",false,1,17.30,17.30,true,1,
7290000111360,false,חרדל 250 גרם תלמה,יוניליוור ישראל שיווק בעמ,,,"י""ח",250,ל גרם,false,1,5.90,2.36,false,1,
7290000111384,false,חרדל 550 צנצנת תלמה,יוניליוור ישראל שיווק בעמ,,,"י""ח",550,ל גרם,false,1,7.50,1.36,false,1,
7290000112220,false,טחינה גולמית בארכה 500גרם,קבוצת אוסם סחר-שות.מוגבלת,,,"י""ח",500,ל גרם,false,1,13.90,2.78,false,1,
7290000112503,false,קנור ירקות עשיר61גרם,יוניליוור ישראל שיווק בעמ,,,"י""ח",61,ל גרם,false,1,9.90,16.23,true,1,
7290000112619,false,מרק עוף אמיתי{קנור}400גר.,יוניליוור ישראל שיווק בעמ,,,"י""ח",400,ל גרם,false,1,17.90,4.48,true,1,
7290000114187,false,פנטסטיק 4 ליטר אורנים,יוניליוור ישראל שיווק בעמ,,,"י""ח",4,ליטר,false,1,19.90,4.98,false,1,
7290000116204,false,"מרק דגש 1 ק""ג",יוניליוור ישראל שיווק בעמ,,,"י""ח",1,מטר,false,1,13,13,true,1,
7290000116884,false,רוטב ברביקיו-קנור 340גרם,יוניליוור ישראל שיווק בעמ,,,"י""ח",340,ל גרם,false,1,9,2.65,true,1,
7290000116921,false,רוטב צ ילי מתוק 340גרם קנור,יוניליוור ישראל שיווק בעמ,,,"י""ח",340,"ל מ""ל",false,1,9,2.65,true,1,
7290000116945,false,רוטב סויה-קנור 340גרם,יוניליוור ישראל שיווק בעמ,,,"י""ח",340,ל גרם,false,1,9,2.65,true,1,
7290000117171,false,טעם עוף דלקל 48גרם,יוניליוור ישראל שיווק בעמ,,,"י""ח",48,ל גרם,false,1,6.50,13.54,false,1,
7290000118277,false,קניידלך 65גרם*2יח,יוניליוור ישראל שיווק בעמ,,,"י""ח",130,ל גרם,false,1,8.90,6.85,false,1,
7290000120836,false,מיונז הלמנס 394גרם,יוניליוור ישראל שיווק בעמ,,,"י""ח",394,ל גרם,false,1,12.90,3.27,false,1,
7290000121017,false,גבינה שומרון 120 גרם,נטו מלינדה סחר בעמ,,,"י""ח",120,ל גרם,false,1,8.90,7.42,false,1,
7290000121031,false,גבינה החתול 120 גרם,נטו מלינדה סחר בעמ,,,"י""ח",120,ל גרם,false,1,8.90,7.42,false,1,
7290000121079,false,גבינה מון בלאן,נטו מלינדה סחר בעמ,,,"י""ח",120,ל גרם,false,1,8.90,7.42,false,1,
7290000121109,false,גבינה מון בלאן,נטו מלינדה סחר בעמ,,,"י""ח",120,ל גרם,false,1,8.90,7.42,false,1,
7290000121154,false,ג מבון בלאן סלמו,נטו מלינדה סחר בעמ,,,"י""ח",120,ל גרם,false,1,8.90,7.42,false,1,
7290000121239,false,מיוקל 5% תלמה} {500,יוניליוור ישראל שיווק בעמ,,,"י""ח",500,ל גרם,false,1,11.90,2.38,false,1,
7290000122830,false,רוטב סצ ואן בקבוק 370גרם,יוניליוור ישראל שיווק בעמ,,,"י""ח",370,ל גרם,false,1,10.90,2.95,true,1,
7290000123363,false,צמקאו י-ם 500 גרם,יוניליוור ישראל שיווק בעמ,,,"י""ח",500,ל גרם,false,1,10.90,2.18,false,1,
7290000124841,false,מארז שוקולד חלב 100*3,יוניליוור ישראל שיווק בעמ,,,"י""ח",300,ל גרם,false,1,13.90,4.63,true,1,
7290000125251,false,בדין לכביסה עדינה 2 ליטר,יוניליוור ישראל שיווק בעמ,,,"י""ח",2,ליטר,false,1,22.90,11.45,false,1,
7290000129457,false,"רוטב פטריות 28 גרם בד""ץ",יוניליוור ישראל שיווק בעמ,,,"י""ח",28,ל גרם,false,1,3.30,11.79,false,1,
7290000129785,false,בדין 4 ליטר ירוק,יוניליוור ישראל שיווק בעמ,,,"י""ח",4,ליטר,false,1,19.90,4.98,false,1,
7290000133645,false,אורביטול שלישיה סודה,החב הדרומית לשיווק,,,"י""ח",435,ל גרם,false,1,16.50,3.79,false,1,
7290000133904,false,דאופרש מטהר אוויר,החב הדרומית לשיווק,,,"י""ח",300,"ל מ""ל",false,1,9.90,3.30,false,1,
7290000135045,false,"משקה אנרגיה XL TEN תפוח 250מ""ל",טמפו משקאות בעמ,,,"י""ח",250,"ל מ""ל",false,1,4,1.48,true,1,
7290000135052,false,"משקה אנרגיה XL TEN מנגו 250מ""ל",טמפו משקאות בעמ,,,"י""ח",250,"ל מ""ל",false,1,3.60,1.32,true,1,
7290000135113,false,"משקה אנרגיה XL נענע ליים 250מ""ל 2019",טמפו משקאות בעמ,,,"י""ח",250,"ל מ""ל",false,1,3.60,1.32,true,1,
7290000136585,false,ג אמפ אשכוליות 1.5 ליטר,טמפו משקאות בעמ,,,"י""ח",1.50,ליטר,false,1,5.80,3.67,true,1,
7290000136646,false,נשר מאלט 1.5 ליטר,טמפו משקאות בעמ,,,"י""ח",1.50,ליטר,false,1,9.10,5.87,true,1,
7290000136653,false,נשר מאלט דיאט 1.5 ליטר,טמפו משקאות בעמ,,,"י""ח",1.50,ליטר,false,1,8.90,5.73,true,1,
7290000136844,false,אקווה נובה 2 ליטר שישייה.,טמפו משקאות בעמ,,,"י""ח",12,ליטר,false,1,11.90,0.84,false,1,
7290000144467,false,שמן בריאות חמניות 1 ליטר]ע .הזיית,סוגת תעשיות בעמ,,,"י""ח",1,ליטר,false,1,16.90,16.90,false,1,
7290000144474,false,שמן בריאות קנולה 1 ליטר ]ע.זיית[,סוגת תעשיות בעמ,,,"י""ח",1,ליטר,false,1,15.90,15.90,false,1,
7290000146645,false,סבון מוצק הוואי רבעייה שחור 100,הנקל סוד בעמ,,,"י""ח",400,ל גרם,false,1,11.90,2.98,true,1,
7290000146652,false,סבון מוצק הוואי רביעיה ורוד,הנקל סוד בעמ,,,"י""ח",400,ל גרם,false,1,11.90,2.98,true,1,
7290000146669,false,סבון מוצק הוואי רבעייה שמיים כחולים,הנקל סוד בעמ,,,"י""ח",400,ל גרם,false,1,11.90,2.98,true,1,
7290000146676,false,סבון מוצק הוואי רבעייה חום לגבר,הנקל סוד בעמ,,,"י""ח",400,ל גרם,false,1,11.90,2.98,true,1,
7290000146683,false,סבון מוצק הוואי רבעייה אפקט הדאו,הנקל סוד בעמ,,,"י""ח",400,ל גרם,false,1,11.90,2.98,true,1,
7290000146928,false,טום וג רי מ.שיניים ענבים,הנקל סוד בעמ,,,"י""ח",75,ל גרם,false,1,7.90,10.53,true,1,
7290000146997,false,טום וג רי משחת שיניים מסטיק,הנקל סוד בעמ,,,"י""ח",50,ל גרם,false,1,7.90,15.80,true,1,
7290000148380,false,פיסטוק קלוי 200 ג,ליימן שליסל,,,"י""ח",200,ל גרם,false,1,21.90,10.95,true,1,
7290000148618,false,קשיו מטוגן 200 ג,ליימן שליסל,,,"י""ח",200,ל גרם,false,1,19.90,9.95,true,1,
7290000148748,false,גרעיני חמניות 200 גרם,ליימן שליסל,,,"י""ח",200,ל גרם,false,1,6.40,3.20,true,1,
7290000148939,false,שקד קלוי 200 גרם,ליימן שליסל,,,"י""ח",200,ל גרם,false,1,17.90,8.95,true,1,
7290000149615,false,סבון רביעיה לבן נקה 7,החב הדרומית לשיווק,,,"י""ח",400,ל גרם,false,1,10.90,2.73,false,1,
7290000149844,false,סינטבון חתול,החב הדרומית לשיווק,,,"י""ח",230,ל גרם,false,1,6.90,3,false,1,
7290000149851,false,סינטבון כפול,החב הדרומית לשיווק,,,"י""ח",460,ל גרם,false,1,9.50,2.07,false,1,
7290000149905,false,טקסטיל שמפו 1 ליטר,החב הדרומית לשיווק,,,"י""ח",1,ליטר,false,1,12.90,12.90,false,1,
7290000161358,false,מיונז אמיתי שמן קנולה 500גרם,יוניליוור ישראל שיווק בעמ,,,"י""ח",500,ל גרם,false,1,12.90,2.58,false,1,
7290000174723,false,שוקולית 500 גר.,שטראוס גרופ בעמ,,,"י""ח",500,ל גרם,false,1,11.80,2.36,true,1,
7290000176062,false,#קפה טורקי 100 גרם עלית.,שטראוס גרופ בעמ,,,"י""ח",100,ל גרם,false,1,9.20,9.20,true,1,
7290000176079,false,קפה טורקי 100 הל,שטראוס גרופ בעמ,,,"י""ח",100,ל גרם,false,1,9.90,9.90,true,1,
7290000176116,false,קפה טורקי 1 ק ואקום עלית,שטראוס גרופ בעמ,,,"י""ח",1,"ק""ג",false,1,76.90,76.90,true,1,
7290000176413,false,קפה נמס 50 ג,שטראוס גרופ בעמ,,,"י""ח",50,ל גרם,false,1,9.60,19.20,true,1,
7290000176420,false,111,שטראוס גרופ בעמ,,,"י""ח",200,"ל מ""ל",false,1,19.90,9.95,true,1,
7290000176468,false,האג נטול 50,שטראוס גרופ בעמ,,,"י""ח",50,ל גרם,false,1,10.90,21.80,true,1,
7290000176475,false,קפה נמס האג,שטראוס גרופ בעמ,,,"י""ח",200,ל גרם,false,1,38.90,19.45,true,1,
7290000178707,false,תפוצ יפס 50 גרם,שטראוס פריטו ליי בעמ,,,"י""ח",50,ל גרם,false,1,3.70,7.40,true,1,
7290000178721,false,תפוצי פס 200 ג,שטראוס פריטו ליי בעמ,,,"י""ח",200,ל גרם,false,1,10.90,5.45,true,1,
7290000189536,false,אשפתון 40 יח M,קימברלי קלארק ישראל שיווק בעמ,,,"י""ח",40,"י""ח",false,1,21.90,0.55,false,1,
7290000189550,false,זוג שקיות אשפה גדול ניקול,קימברלי קלארק ישראל שיווק בעמ,,,"י""ח",1,"י""ח",false,1,23.90,23.90,true,1,
7290000190150,false,מפיות מודפסות 20 יח,קימברלי קלארק ישראל שיווק בעמ,,,"י""ח",20,"י""ח",false,1,8.90,0.45,false,1,
7290000191539,false,לילי צבעוני חמישיה,קימברלי קלארק ישראל שיווק בעמ,,,"י""ח",593,ל גרם,false,1,17.90,3.02,false,1,
7290000191652,false,קלינקס ניילון שלישיות,קימברלי קלארק ישראל שיווק בעמ,,,"י""ח",1,,false,1,9.90,9.90,false,1,
7290000193014,false,פדיות אינטרלוד 5,קימברלי קלארק ישראל שיווק בעמ,,,"י""ח",1,"י""ח",false,1,9.90,9.90,false,1,
7290000193083,false,נובה לי,קימברלי קלארק ישראל שיווק בעמ,,,"י""ח",1,"י""ח",false,1,9.90,9.90,false,1,
7290000193472,false,פדיות לילי אינט אורירי,קימברלי קלארק ישראל שיווק בעמ,,,"י""ח",1,"י""ח",false,1,16.90,16.90,false,1,
7290000193540,false,לילי אינטימייט לונג,קימברלי קלארק ישראל שיווק בעמ,,,"י""ח",1,"י""ח",false,1,16.90,16.90,false,1,
7290000193649,false,תח לילי אינטימט,קימברלי קלארק ישראל שיווק בעמ,,,"י""ח",1,"י""ח",false,1,16.90,16.90,false,1,
7290000193656,false,תחתוניות לילי,קימברלי קלארק ישראל שיווק בעמ,,,"י""ח",100,ל גרם,false,1,16.90,16.90,false,1,
7290000195537,false,מגבוני האגיס קמומיל 4 יח,קימברלי קלארק ישראל שיווק בעמ,,,"י""ח",4,"י""ח",false,1,19.90,4.98,true,1,
7290000197029,false,12 שקיות ריצ רצ לאחסון,קימברלי קלארק ישראל שיווק בעמ,,,"י""ח",12,"י""ח",false,1,15.90,1.33,false,1,
7290000197081,false,ניילון נצמד ניילונית 150מ חסכוני ניק,קימברלי קלארק ישראל שיווק בעמ,,,"י""ח",150,מטר,false,1,32.90,0.22,false,1,
7290000197340,false,רדיד אלומיניום זוג ניקול,קימברלי קלארק ישראל שיווק בעמ,,,"י""ח",1,"י""ח",false,1,21.90,21.90,false,1,
7290000197432,false,סנדויצ ון זוג חוגלה,קימברלי קלארק ישראל שיווק בעמ,,,"י""ח",2,"י""ח",false,1,12.90,6.45,false,1,
7290000197470,false,מקפיאון שקיות 100*3,קימברלי קלארק ישראל שיווק בעמ,,,"י""ח",200,"י""ח",false,1,17.90,0.09,false,1,
7290000197753,false,ניילון נצמד נילונית 30 מ`זוג,קימברלי קלארק ישראל שיווק בעמ,,,"י""ח",1,"י""ח",false,1,9.90,9.90,false,1,
7290000197876,false,מגשית 26,קימברלי קלארק ישראל שיווק בעמ,,,"י""ח",26,"י""ח",false,1,10.90,0.42,false,1,
7290000197883,false,מגשית 100,קימברלי קלארק ישראל שיווק בעמ,,,"י""ח",1,"י""ח",false,1,11.90,11.90,false,1,
7290000197951,false,מגשית 200 אר חסכון,קימברלי קלארק ישראל שיווק בעמ,,,"י""ח",1,,false,1,11.90,11.90,false,1,
7290000197982,false,גלילית 7.5*45 רדיד זוגות,קימברלי קלארק ישראל שיווק בעמ,,,"י""ח",2,"י""ח",false,1,24.90,12.45,false,1,
7290000197999,false,רדיד אלומיניום זוג,קימברלי קלארק ישראל שיווק בעמ,,,"י""ח",1,"י""ח",false,1,17.90,17.90,false,1,
7290000199313,false,תחבושות קוטקס יאנג,קימברלי קלארק ישראל שיווק בעמ,,,"י""ח",1,"י""ח",false,1,16.90,16.90,true,1,
7290000204086,false,סקוטש 2+1 רגיל,קימברלי קלארק ישראל שיווק בעמ,,,"י""ח",3,"י""ח",false,1,9.90,3.30,false,1,
7290000204147,false,ניקול כרית יפנית רביעייה,קימברלי קלארק ישראל שיווק בעמ,,,"י""ח",4,"י""ח",false,1,9.90,2.48,false,1,
7290000204215,false,כרית יפנית שישייה ניקול,קימברלי קלארק ישראל שיווק בעמ,,,"י""ח",600,ל גרם,false,1,9.90,1.65,false,1,
7290000204239,false,מטליות ריצפה ניקול רביעיה,קימברלי קלארק ישראל שיווק בעמ,,,"י""ח",4,"י""ח",false,1,10.90,2.73,false,1,
7290000204253,false,מטליות רב שימושי תשעייה,קימברלי קלארק ישראל שיווק בעמ,,,"י""ח",9,"י""ח",false,1,9.90,1.10,false,1,
7290000204611,false,ניקול ספוגית הקסם שישיה,קימברלי קלארק ישראל שיווק בעמ,,,"י""ח",6,"י""ח",false,1,9.90,1.65,false,1,
7290000207063,false,רוטב פריכוז }240 יכין{.,זנלכל בעמ,,,"י""ח",240,ל גרם,false,1,4.90,2.04,false,1,
7290000207162,false,רוטב עגבניות 100 גר]יכין[.,זנלכל בעמ,,,"י""ח",100,ל גרם,false,1,2.50,2.50,true,1,
7290000207438,false,קוביות עגבניות פריכוז,זנלכל בעמ,,,"י""ח",800,ל גרם,false,1,9.90,1.24,false,1,
7290000208022,false,"עגבניות מרוסקות 800 בד""צ",זנלכל בעמ,,,"י""ח",800,ל גרם,false,1,9.90,1.24,false,1,
7290000208077,false,אפונת גינה{גדול}יכין,זנלכל בעמ,,,"י""ח",550,ל גרם,false,1,6.70,1.22,true,1,
7290000208114,false,אפונת גינה וגזר יכין,זנלכל בעמ,,,"י""ח",550,ל גרם,false,1,6.70,1.22,true,1,
7290000208138,false,סירופ דיאט ענבים 1 ליטר,זנלכל בעמ,,,"י""ח",1,ליטר,false,1,18.90,18.90,false,1,
7290000208145,false,תירס לייט}יכין{A2,זנלכל בעמ,,,"י""ח",550,ל גרם,false,1,9.90,1.80,false,1,
7290000208176,false,תפוחי אדמה קלופים יכין,זנלכל בעמ,,,"י""ח",550,ל גרם,false,1,9.90,1.80,false,1,
7290000208213,false,שעועית אפויה A2,זנלכל בעמ,,,"י""ח",580,ל גרם,false,1,6.70,1.16,true,1,
7290000208220,false,צ ילי חריף A2,זנלכל בעמ,,,"י""ח",550,ל גרם,false,1,9.90,1.80,false,1,
7290000208312,false,תירס ואקום יכין,זנלכל בעמ,,,"י""ח",325,ל גרם,false,1,6.90,2.12,true,1,
7290000208329,false,תירס A2 יכין,זנלכל בעמ,,,"י""ח",550,ל גרם,false,1,6.70,1.22,true,1,
7290000208336,false,רוטב עגבניות 240 גרם יכין,זנלכל בעמ,,,"י""ח",240,ל גרם,false,1,4.50,1.88,true,1,
7290000208343,false,עגב.מרוסקות עם שום 900גר.,זנלכל בעמ,,,"י""ח",900,ל גרם,false,1,9.90,1.10,false,1,
7290000208350,false,עגבניות מרוסקות עם בצל 800,זנלכל בעמ,,,"י""ח",900,ל גרם,false,1,9.90,1.10,false,1,
7290000208367,false,עגבניות מרוסקות בזיליקום 800,זנלכל בעמ,,,"י""ח",800,ל גרם,false,1,9.90,1.24,false,1,
7290000208404,false,פול מצרי,זנלכל בעמ,,,"י""ח",600,ל גרם,false,1,8.90,1.48,false,1,
7290000208428,false,~חומוס גרעינים A2 יכין,זנלכל בעמ,,,"י""ח",550,ל גרם,false,1,6.70,1.22,true,1,
7290000208459,false,ירקות מעורבים תפזורת,זנלכל בעמ,,,"י""ח",600,ל גרם,false,1,9.90,1.65,false,1,
7290000208480,false,תירס חמאה,זנלכל בעמ,,,"י""ח",500,ל גרם,false,1,9.90,1.98,false,1,
7290000208534,false,תירס קיד יכין,זנלכל בעמ,,,"י""ח",550,ל גרם,false,1,9.90,1.80,false,1,
7290000208855,false,רוטב פסטה 240 גרם יכין,זנלכל בעמ,,,"י""ח",240,ל גרם,false,1,5.50,2.29,false,1,
7290000208930,false,עגבניות בתוספת שום 240 גרם יכין,זנלכל בעמ,,,"י""ח",240,ל גרם,false,1,5.50,2.29,false,1,
7290000208947,false,עגבניות מרוסקות 240 DRO HFHI,זנלכל בעמ,,,"י""ח",240,ל גרם,false,1,5.50,2.29,false,1,
7290000208978,false,רוטב עג פריכוז יכין 100 ג`.,זנלכל בעמ,,,"י""ח",100,ל גרם,false,1,2.90,2.90,false,1,
7290000209043,false,רוטב לימון משומר]יכין[,זנלכל בעמ,,,"י""ח",1,ליטר,false,1,6.90,6.90,true,1,
7290000209173,false,חומץ סינטטי 1 ל,זנלכל בעמ,,,"י""ח",1,ליטר,false,1,5.50,5.50,false,1,
7290000209524,false,סירופ דיאט פטל 1 ליטר,זנלכל בעמ,,,"י""ח",1,ליטר,false,1,18.90,18.90,false,1,
7290000209531,false,סירופ דיאט אשכוליות 1 ל,זנלכל בעמ,,,"י""ח",1,ליטר,false,1,18.90,18.90,false,1,
7290000209579,false,סירופ דיאט אננס 1 ליטר,זנלכל בעמ,,,"י""ח",1,ליטר,false,1,18.90,18.90,false,1,
7290000209708,false,עגבניות בתוספת בזיליקום 240ג,זנלכל בעמ,,,"י""ח",240,ל גרם,false,1,5.50,2.29,false,1,
7290000209722,false,רוטב עגבניות פריכוז יכין A2,זנלכל בעמ,,,"י""ח",580,ל גרם,false,1,10.90,1.88,true,1,
7290000209944,false,בסיס עגבניות לשקשוקה 240 גרם יכין,זנלכל בעמ,,,"י""ח",240,ל גרם,false,1,5.50,2.29,false,1,
7290000209951,false,רוטב פיצה 240גר,זנלכל בעמ,,,"י""ח",240,"ל מ""ל",false,1,5.50,2.29,false,1,
7290000209968,false,רוטב לזניה 240גר,זנלכל בעמ,,,"י""ח",240,ל גרם,false,1,5.50,2.29,false,1,
7290000211169,false,"אורז בסגנון תאילנדי סוגת 1 ק""ג",סוגת תעשיות בעמ,,,"י""ח",1,"ק""ג",false,1,6.90,6.90,false,1,
7290000211312,false,אורז מלא בסגנון פרסי,סוגת תעשיות בעמ,,,"י""ח",1,"ק""ג",false,1,7.90,7.90,false,1,
7290000211442,false,"~אורז בסגנון פרסי 1 ק""ג]סוגת[",סוגת תעשיות בעמ,,,"י""ח",1,"ק""ג",false,1,9.40,9.40,true,1,
7290000211503,false,סוכר לבן}סוגת{.,סוגת תעשיות בעמ,,,"י""ח",1,"ק""ג",false,1,4.30,4.30,false,1,
7290000211626,false,"חיש אורז 1 ק""ג",סוגת תעשיות בעמ,,,"י""ח",1,"ק""ג",false,1,7.90,7.90,false,1,
7290000211985,false,אורז בסגנון פרסי עגול]סוגת[,סוגת תעשיות בעמ,,,"י""ח",1,"ק""ג",false,1,9.90,9.90,false,1,
7290000226514,false,עוגה בטעם ריבת חלב קפולסקי 450גר,קפולסקי אדל בעמ,,,"י""ח",450,ל גרם,false,1,44.90,9.98,false,1,
7290000226545,false,"טורט יער שחור קפולסקי 1ק""ג",קפולסקי אדל בעמ,,,"י""ח",1,"ק""ג",false,1,69.90,69.90,false,1,
7290000226552,false,"עוגת טורט ריבת חלב עם קוקוס 1ק""ג",קפולסקי אדל בעמ,,,"י""ח",1,"ק""ג",false,1,69.90,69.90,false,1,
7290000226569,false,"טורט קצפת ט.שוקולד 1ק""ג",קפולסקי אדל בעמ,,,"י""ח",1,"ק""ג",false,1,69.90,69.90,false,1,
7290000226576,false,"טורט קצפת מצופה שוקולד קפולסקי 1ק""ג",קפולסקי אדל בעמ,,,"י""ח",1,"ק""ג",false,1,69.90,69.90,false,1,
7290000226613,false,דובוש מצופה שוק קפולסקי 450גר,קפולסקי אדל בעמ,,,"י""ח",450,ל גרם,false,1,39.90,8.87,false,1,
7290000238029,false,בצק עלים צרפתי מעדנות 1 קג מרודד,תנובה בשר,,,"י""ח",1,"ק""ג",false,1,16.90,16.90,false,1,
7290000238036,false,מלאווח 700 גרם}מעדנות{,תנובה בשר,,,"י""ח",700,ל גרם,false,1,12.40,1.77,true,1,
7290000238173,false,בורקס גבינה מעדנות 800 ג`,תנובה בשר,,,"י""ח",800,ל גרם,false,1,21.90,2.74,true,1,
7290000238180,false,"בורקס מעדנות תפו""א",תנובה בשר,,,"י""ח",800,ל גרם,false,1,17.90,2.24,true,1,
7290000240541,false,ריבועי בצק עלים,תנובה בשר,,,"י""ח",800,ל גרם,false,1,22.90,2.86,false,1,
7290000244082,false,"הוואי אל סבון נוזלי 500 מ""ל*3",הנקל סוד בעמ,,,"י""ח",1.50,ליטר,false,1,17.90,11.93,true,1,
7290000244143,false,הוואי קרם לאחר הגילוח,הנקל סוד בעמ,,,"י""ח",120,ל גרם,false,1,17.90,14.92,true,1,
7290000244761,false,"ולוטה קרם ידיים 100מ""ל",הנקל סוד בעמ,,,"י""ח",100,"ל מ""ל",false,1,9.90,9.90,true,1,
7290000245072,false,מרכך כביסה לתינוק 4 ליטר,גורי שיווק בעמ,,,"י""ח",4,ליטר,false,1,16.90,4.23,false,1,
7290000245089,false,מרכך כביסה סוד 4 ליטר,גורי שיווק בעמ,,,"י""ח",4,ליטר,false,1,16.90,4.23,false,1,
7290000245157,false,מרכך כביסה סוד 4 ל,גורי שיווק בעמ,,,"י""ח",4,ליטר,false,1,16.90,4.23,false,1,
7290000245294,false,"פרסיל אבקת כביסה סופרא 2.5ק""ג",גורי שיווק בעמ,,,"י""ח",2.50,"ק""ג",false,1,24.90,9.96,false,1,
7290000245386,false,"משחת אמה לימון 1ק""ג",עיסא ערטול בעמ-סוכן הנקל סוד,,,"י""ח",1,"ק""ג",false,1,11.90,11.90,false,1,
7290000245515,false,שקית סוד לבנדר קומפקט ביו 1.25,גורי שיווק בעמ,,,"י""ח",1.25,"ק""ג",false,1,9.90,7.92,false,1,
7290000245782,false,מרכך כביסה סוד ורוד 4 ליטר,גורי שיווק בעמ,,,"י""ח",4,ליטר,false,1,16.90,4.23,false,1,
7290000245799,false,מרכך כביסה כחול 4 ליטר,גורי שיווק בעמ,,,"י""ח",4,ליטר,false,1,16.90,4.23,false,1,
7290000253503,false,מרציפן מצופה,תה ויסוצקי (ישראל)בעמ,,,"י""ח",120,ל גרם,false,1,3.90,3.25,false,1,
7290000253572,false,סוכריות לקישוט חום 80גר,תה ויסוצקי (ישראל)בעמ,,,"י""ח",80,ל גרם,false,1,4.90,6.13,false,1,
7290000262161,false,נייר טואלט מולט לב 40,קימברלי קלארק ישראל שיווק בעמ,,,"י""ח",716,מטר,false,1,36.90,0.05,false,1,
7290000262239,false,נייר טואלט מולט 48 יח,קימברלי קלארק ישראל שיווק בעמ,,,"י""ח",2770,ל גרם,false,1,41.90,1.51,false,1,
7290000267043,false,שקד מולבן פרוס 100גר שקדיה,דין שיווק וקליה 2021 בעמ,,,"י""ח",100,ל גרם,false,1,9.90,9.90,true,1,
7290000267050,false,שקד טבעי טחון 100 גרם,דין שיווק וקליה 2021 בעמ,,,"י""ח",100,ל גרם,false,1,9.90,9.90,true,1,
7290000272443,false,סירופ תפוזים 1 ליטר,קבוצת אוסם סחר-שות.מוגבלת,,,"י""ח",1,ליטר,false,1,17,17,false,1,
7290000272467,false,סירופ פטל 1 ליטר,קבוצת אוסם סחר-שות.מוגבלת,,,"י""ח",1,ליטר,false,1,17,17,false,1,
7290000272696,false,מיץ לימון משומר אסם,קבוצת אוסם סחר-שות.מוגבלת,,,"י""ח",1,ליטר,false,1,9.90,9.90,false,1,
7290000272726,false,חומץ טבעי1ליטר אוסם,קבוצת אוסם סחר-שות.מוגבלת,,,"י""ח",1,ליטר,false,1,6.50,6.50,false,1,
7290000286228,false,סנו סושי ספוגיות לניקוי `כלים 6 יח,החב הדרומית לשיווק,,,"י""ח",6,"י""ח",false,1,10.90,1.82,false,1,
7290000286297,false,סנו מסיר אבן מקומקום,החב הדרומית לשיווק,,,"י""ח",700,"ל מ""ל",false,1,8.90,1.27,false,1,
7290000286549,false,מטליות רב שימוש סנו סושי 9 יחידות,החב הדרומית לשיווק,,,"י""ח",9,"י""ח",false,1,10.90,1.21,false,1,
7290000286594,false,סנו איקס מיכל,החב הדרומית לשיווק,,,"י""ח",600,ל גרם,false,1,9.90,1.65,false,1,
7290000286761,false,פלסטיק נצמד זוג 30 מטר סנו,החב הדרומית לשיווק,,,"י""ח",1,,false,1,9.90,9.90,false,1,
7290000286921,false,סנוקל רסס כבס,החב הדרומית לשיווק,,,"י""ח",600,"ל מ""ל",false,1,10.90,1.82,false,1,
7290000286945,false,רהיט נוזלי+אקדח,החב הדרומית לשיווק,,,"י""ח",500,"ל מ""ל",false,1,25.90,5.18,false,1,
7290000287102,false,סנו שמפו לשטיחים 540 גרם,החב הדרומית לשיווק,,,"י""ח",600,"ל מ""ל",false,1,19.70,3.28,false,1,
7290000287195,false,סנו רהיט ארוסול,החב הדרומית לשיווק,,,"י""ח",305,"ל מ""ל",false,1,10,3.28,false,1,
7290000287409,false,סנו בון שלישיה תות,החב הדרומית לשיווק,,,"י""ח",165,ל גרם,false,1,11.90,7.21,false,1,
7290000287430,false,סנו בון שלישיה לימון,החב הדרומית לשיווק,,,"י""ח",165,ל גרם,false,1,11.90,7.21,false,1,
7290000287485,false,סנובון לובר 55 גרם `3X יח,החב הדרומית לשיווק,,,"י""ח",165,ל גרם,false,1,11.90,7.21,false,1,
7290000287492,false,"סנובון נוזלי לימון 750 מ""ל",החב הדרומית לשיווק,,,"י""ח",750,"ל מ""ל",false,1,8.90,1.19,false,1,
7290000287621,false,סנו חיטוי WC סנו,החב הדרומית לשיווק,,,"י""ח",750,"ל מ""ל",false,1,9.90,1.32,true,1,
7290000288024,false,"סנו אקונומיקה ז""אוול 4 ליטר",החב הדרומית לשיווק,,,"י""ח",4,ליטר,false,1,16.90,4.23,false,1,
7290000288048,false,סנו JAVEL מרסס לבנדר,החב הדרומית לשיווק,,,"י""ח",1,ליטר,false,1,13,13,false,1,
7290000288253,false,.K-400 סנו,החב הדרומית לשיווק,,,"י""ח",630,"ל מ""ל",false,1,21.90,3.48,false,1,
7290000288352,false,K-300 סנו.,החב הדרומית לשיווק,,,"י""ח",630,"ל מ""ל",false,1,21.90,3.48,false,1,
7290000288383,false,K-500 סנו תרסיס נגד נמלים,החב הדרומית לשיווק,,,"י""ח",4.05,ליטר,false,1,24.90,6.15,false,1,
7290000288390,false,K-600 סנו,החב הדרומית לשיווק,,,"י""ח",475,"ל מ""ל",false,1,14.90,3.14,false,1,
7290000288642,false,מרכך סנסטיב 4 ליטר,החב הדרומית לשיווק,,,"י""ח",4,ליטר,false,1,21.90,5.48,false,1,
7290000289069,false,סנו ג`אבל מרסס,החב הדרומית לשיווק,,,"י""ח",1,ליטר,false,1,13,13,false,1,
7290000289496,false,סופר קרם JAVEL,החב הדרומית לשיווק,,,"י""ח",750,"ל מ""ל",false,1,10.80,1.44,false,1,
7290000289595,false,אורביטול ילדים,החב הדרומית לשיווק,,,"י""ח",145,ל גרם,false,1,6.90,4.76,false,1,
7290000289748,false,"סנו פורטה פלוס 750מ""ל.",החב הדרומית לשיווק,,,"י""ח",750,"ל מ""ל",false,1,12,1.60,false,1,
7290000289885,false,סנופרש יבש ענק,החב הדרומית לשיווק,,,"י""ח",375,"ל מ""ל",false,1,9.80,2.61,false,1,
7290000289892,false,סנופרש יבש ענק,החב הדרומית לשיווק,,,"י""ח",375,"ל מ""ל",false,1,9.90,2.64,false,1,
7290000291857,false,פוליויקס סנרייז 2 ליטר,החב הדרומית לשיווק,,,"י""ח",2,ליטר,false,1,19.90,9.95,true,1,
7290000291932,false,"סנובון נוזלי לבנדר 750 מ""ל",החב הדרומית לשיווק,,,"י""ח",750,"ל מ""ל",false,1,8.90,1.19,false,1,
7290000292311,false,פוליויקס סחלבים 2 ליטר,החב הדרומית לשיווק,,,"י""ח",200,"ל מ""ל",false,1,19.90,9.95,true,1,
7290000292533,false,סנו ג ל לניקוי כחול,החב הדרומית לשיווק,,,"י""ח",1,ליטר,false,1,16.90,16.90,false,1,
7290000292564,false,K-2000 תרסיס הגנה מחרקים ללא ריח 750 מ,החב הדרומית לשיווק,,,"י""ח",750,"ל מ""ל",false,1,29.90,3.99,false,1,
7290000292687,false,סנובון כחול שלישיה.,החב הדרומית לשיווק,,,"י""ח",165,ל גרם,false,1,12,7.27,true,1,
7290000292915,false,"סנו רסס ונגב מרסס 750 מ""ל",החב הדרומית לשיווק,,,"י""ח",600,"ל מ""ל",false,1,10.90,1.82,false,1,
7290000293073,false,מקסימה מרכך לבן ביו מקסי 4 ל,החב הדרומית לשיווק,,,"י""ח",4,ליטר,false,1,21.90,5.48,false,1,
7290000293943,false,אנטי קאלק מרסס,החב הדרומית לשיווק,,,"י""ח",1,ליטר,false,1,15,15,false,1,
7290000294773,false,סנו JAVEL לבנדר 4 ליטר,החב הדרומית לשיווק,,,"י""ח",4,ליטר,false,1,16.90,4.23,false,1,
7290000294780,false,סנו JAVEL פרובנס]סמיכה [4ליטר,החב הדרומית לשיווק,,,"י""ח",4,ליטר,false,1,16.90,4.23,false,1,
7290000295121,false,"מטליות לניקוי רצפות סנו 3 יחידות, מארז",החב הדרומית לשיווק,,,"י""ח",1,,false,1,10.90,10.90,false,1,
7290000295299,false,כריות הפלא סנו סושי 4 יחידות,החב הדרומית לשיווק,,,"י""ח",1,,false,1,10.90,10.90,false,1,
7290000295367,false,"א.כביסה מקסימה 2.5 אפקט זאוול ק""ג",החב הדרומית לשיווק,,,"י""ח",2.50,"ק""ג",false,1,22.90,9.16,false,1,
7290000295404,false,שקיות אשפה סושי 60 יח,החב הדרומית לשיווק,,,"י""ח",1,"י""ח",false,1,22.90,22.90,false,1,
7290000295565,false,רדיד אלומיניום סנו זוג ארוך,החב הדרומית לשיווק,,,"י""ח",1,,false,1,18.90,18.90,false,1,
7290000295572,false,נוזל ניקוי אסלות זוג,החב הדרומית לשיווק,,,"י""ח",1.50,ליטר,false,1,16.90,11.27,false,1,
7290000295794,false,ספוגיות מתכת אל חלד לניקוי סנו 3 יחידו,החב הדרומית לשיווק,,,"י""ח",1,,false,1,10.90,10.90,false,1,
7290000300900,false,שניצל תירס 750 גרם,קבוצת אוסם סחר-שות.מוגבלת,,,"י""ח",750,ל גרם,false,1,24.90,3.32,true,1,
7290000302041,false,טיים ארוך 10 יח,דובק בעמ,,,"י""ח",10,"י""ח",false,1,285.90,28.59,false,1,
7290000303581,false,פול מצרי A2,ויטה- פרי גליל (החדשה) בעמ,,,"י""ח",560,ל גרם,false,1,7.90,1.41,true,1,
7290000303598,false,שעועית לבנה אפוי,ויטה- פרי גליל (החדשה) בעמ,,,"י""ח",550,ל גרם,false,1,7.90,1.44,true,1,
7290000303604,false,חומוס גרגירים]פריגליל[,ויטה- פרי גליל (החדשה) בעמ,,,"י""ח",600,ל גרם,false,1,7.90,1.32,true,1,
7290000307015,false,אפונה גינה A2,ויטה- פרי גליל (החדשה) בעמ,,,"י""ח",600,ל גרם,false,1,7.90,1.32,true,1,
7290000307046,false,אפונה וגזר A2,ויטה- פרי גליל (החדשה) בעמ,,,"י""ח",550,ל גרם,false,1,7.90,1.44,true,1,
7290000307220,false,תירס ואקום}פריגליל{,ויטה- פרי גליל (החדשה) בעמ,,,"י""ח",450,ל גרם,false,1,5.90,1.31,false,1,
7290000307237,false,תירס A2 פרי גליל,ויטה- פרי גליל (החדשה) בעמ,,,"י""ח",540,ל גרם,false,1,7.90,1.46,true,1,
7290000307985,false,תירס מתוק ללא מלח,ויטה- פרי גליל (החדשה) בעמ,,,"י""ח",410,ל גרם,false,1,5.90,1.44,false,1,
7290000311135,false,עוגיות מן סטיקם שוקולד 300גר,ח.כהן סוכנות מזון ומשקאות בע,,,"י""ח",300,ל גרם,false,1,6.90,2.30,false,1,
7290000311180,false,וופלים עשריות 20 מן,ח.כהן סוכנות מזון ומשקאות בע,,,"י""ח",250,ל גרם,false,1,6.90,2.76,false,1,
7290000311203,false,וופל שוקו 200 גר מן,ח.כהן סוכנות מזון ומשקאות בע,,,"י""ח",200,ל גרם,false,1,4.40,2.20,false,1,
7290000311227,false,וופל קפה 220גר מן,ח.כהן סוכנות מזון ומשקאות בע,,,"י""ח",200,ל גרם,false,1,4.40,2.20,false,1,
7290000311319,false,וופל מצופה 1 קג מן.,ח.כהן סוכנות מזון ומשקאות בע,,,"י""ח",1,"ק""ג",false,1,24.90,24.90,false,1,
7290000311357,false,וופל אגוזים עשירייה מן,ח.כהן סוכנות מזון ומשקאות בע,,,"י""ח",280,ל גרם,false,1,9.90,3.54,false,1,
7290000311425,false,וופל מצופה כחול 10יח מן,ח.כהן סוכנות מזון ומשקאות בע,,,"י""ח",200,ל גרם,false,1,5.50,2.75,false,1,
7290000311500,false,וופלים שוקו 500גר מן,ח.כהן סוכנות מזון ומשקאות בע,,,"י""ח",500,ל גרם,false,1,8.90,1.78,false,1,
7290000311517,false,לימון 500 ופל מן,ח.כהן סוכנות מזון ומשקאות בע,,,"י""ח",500,ל גרם,false,1,8.90,1.78,false,1,
7290000311708,false,עוג יות חיטה מלאה 300ג מן,ח.כהן סוכנות מזון ומשקאות בע,,,"י""ח",300,ל גרם,false,1,6.90,2.30,false,1,
7290000311715,false,עוגיות כוכבים שוקולד 300ג מן,ח.כהן סוכנות מזון ומשקאות בע,,,"י""ח",300,ל גרם,false,1,6.90,2.30,false,1,
7290000311722,false,עוגיות כוכבים 300ג מן,ח.כהן סוכנות מזון ומשקאות בע,,,"י""ח",300,ל גרם,false,1,6.90,2.30,false,1,
7290000313160,false,חברים זברה 3דובים שוקו,קבוצת אוסם סחר-שות.מוגבלת,,,"י""ח",250,ל גרם,false,1,8.60,3.44,false,1,
7290000313290,false,נודלס-אטריות מסולסלות,קבוצת אוסם סחר-שות.מוגבלת,,,"י""ח",200,ל גרם,false,1,9.90,4.95,false,1,
7290000318127,false,מיני ביס נקנקיות 380 גרם,מעדני יחיעם 1993 בעמ,,,"י""ח",380,ל גרם,false,1,11.90,3.13,false,1,
7290000318288,false,חזה הודו בדבש{יחיעם},מעדני יחיעם 1993 בעמ,,,"ק""ג",1,,true,1,78.70,78.70,true,1,
7290000318349,false,פסטרמה בסגנון איטלקי,מעדני יחיעם 1993 בעמ,,,"ק""ג",1,,true,1,77.90,77.90,true,1,
7290000318493,false,כתף בקר מפולפל{מפולפל},מעדני יחיעם 1993 בעמ,,,"ק""ג",1,"י""ח",true,1,99,99,false,1,
7290000318677,false,סלמי סרוולט,מעדני יחיעם 1993 בעמ,,,"י""ח",150,ל גרם,false,1,22.90,15.27,false,1,
7290000318738,false,נקניק עוף 450ג,מעדני יחיעם 1993 בעמ,,,"י""ח",450,ל גרם,false,1,11.90,2.64,false,1,
7290000318806,false,סלמי סרוולד{יחיעם},מעדני יחיעם 1993 בעמ,,,"ק""ג",1,,true,1,139,139,false,1,
7290000318882,false,"מעושן איטלקי ק""ג{יחיעם}",מעדני יחיעם 1993 בעמ,,,"ק""ג",1000,ל גרם,true,1,67.60,6.76,true,1,
7290000318943,false,פסטרמה של פעם,מעדני יחיעם 1993 בעמ,,,"י""ח",200,ל גרם,false,1,21.90,10.95,false,1,
7290000319124,false,סלמי סרוולט 250 גרם,מעדני יחיעם 1993 בעמ,,,"י""ח",250,ל גרם,false,1,33.90,13.56,false,1,
7290000319131,false,נקניקיות עוף 400 גרם,מעדני יחיעם 1993 בעמ,,,"י""ח",400,ל גרם,false,1,11.90,2.98,true,1,
7290000319704,false,כתף בקר מעושן{יחיעם},מעדני יחיעם 1993 בעמ,,,"ק""ג",1,,true,1,109,109,false,1,
7290000334684,false,טבעות בצל 700גר,קבוצת אוסם סחר-שות.מוגבלת,,,"י""ח",700,ל גרם,false,1,17.90,2.56,false,1,
7290000334745,false,"אמריקן ציפס 1.5 ק""ג(תפוגן)",קבוצת אוסם סחר-שות.מוגבלת,,,"י""ח",1.50,"ק""ג",false,1,24.90,16.60,false,1,
7290000336282,false,"סיידר מוגז 330מ""ל",טמפו משקאות בעמ,,,"י""ח",330,"ל מ""ל",false,1,6.90,2,false,1,
7290000339191,false,רן הלבנה 35גר קל,יוניליוור ישראל שיווק בעמ,,,"י""ח",350,ל גרם,false,1,17.90,5.11,false,1,
7290000339566,false,בדין ורוד 4 ליטר,יוניליוור ישראל שיווק בעמ,,,"י""ח",4,ליטר,false,1,19.90,4.98,false,1,
7290000339849,false,"משחה לכלים 3.5 ק""ג סמדר",יוניליוור ישראל שיווק בעמ,,,"י""ח",3.50,"ק""ג",false,1,26.90,7.69,false,1,
7290000339887,false,"משחת קלין 3.5 ק""ג",יוניליוור ישראל שיווק בעמ,,,"י""ח",3.50,"ק""ג",false,1,26.90,7.69,false,1,
7290000341071,false,בייבי בדין 2 ליטר,יוניליוור ישראל שיווק בעמ,,,"י""ח",2,ליטר,false,1,14.90,7.45,false,1,
7290000342832,false,בדין צהוב 4 ל,יוניליוור ישראל שיווק בעמ,,,"י""ח",4,ליטר,false,1,19.90,4.98,false,1,
7290000342856,false,בדין כחול 4 ליטר,יוניליוור ישראל שיווק בעמ,,,"י""ח",4,ליטר,false,1,19.90,4.98,false,1,
7290000345055,false,100 ארל גריי תפזורת,תה ויסוצקי (ישראל)בעמ,,,"י""ח",100,ל גרם,false,1,13.90,13.90,false,1,
7290000345116,false,תה ירוק 125 תפזורת,תה ויסוצקי (ישראל)בעמ,,,"י""ח",125,ל גרם,false,1,14.90,11.92,false,1,
7290000345208,false,תה בריבוע 25/1,תה ויסוצקי (ישראל)בעמ,,,"י""ח",25,ל גרם,false,1,6.90,27.60,false,1,
7290000345215,false,תה ויסוצקי כחול} {100,תה ויסוצקי (ישראל)בעמ,,,"י""ח",100,"י""ח",false,1,14.90,0.15,false,1,
7290000345260,false,תה בריבוע 1.5/25,תה ויסוצקי (ישראל)בעמ,,,"י""ח",37.50,ל גרם,false,1,6.90,18.40,false,1,
7290000345284,false,תה קלאסיק 100 יח 1.5ג ק.ירוקה,תה ויסוצקי (ישראל)בעמ,,,"י""ח",150,ל גרם,false,1,14.90,9.93,false,1,
7290000345291,false,תה ארל גריי 1.5/25,תה ויסוצקי (ישראל)בעמ,,,"י""ח",37.50,ל גרם,false,1,15.90,42.40,true,1,
7290000345307,false,תה ארל גריי 50 שקיות,תה ויסוצקי (ישראל)בעמ,,,"י""ח",75,ל גרם,false,1,28.90,38.53,true,1,
7290000345536,false,תה נענע 25 שקיות,תה ויסוצקי (ישראל)בעמ,,,"י""ח",37.50,ל גרם,false,1,16.90,45.07,false,1,
7290000346021,false,תה קמומיל 50 הגן הקסום,תה ויסוצקי (ישראל)בעמ,,,"י""ח",75,ל גרם,false,1,33.70,44.93,false,1,
7290000346120,false,חליטת קינמון גן קסום,תה ויסוצקי (ישראל)בעמ,,,"י""ח",62.50,ל גרם,false,1,14.50,23.20,true,1,
7290000346137,false,חליטת הילולי פירות,תה ויסוצקי (ישראל)בעמ,,,"י""ח",62.50,ל גרם,false,1,17.90,28.64,true,1,
7290000346168,false,חליטת שומר גן קסום,תה ויסוצקי (ישראל)בעמ,,,"י""ח",37.50,ל גרם,false,1,17.90,47.73,true,1,
7290000346199,false,חליטת פירות יער גן קסום 25 שק`,תה ויסוצקי (ישראל)בעמ,,,"י""ח",67.50,ל גרם,false,1,17.90,26.52,true,1,
7290000346205,false,חליטת קמומיל גן קסום 25יח,תה ויסוצקי (ישראל)בעמ,,,"י""ח",37.50,ל גרם,false,1,17.90,47.73,true,1,
7290000346229,false,חליטת תה ורד הבר,תה ויסוצקי (ישראל)בעמ,,,"י""ח",75,ל גרם,false,1,17.90,23.87,true,1,
7290000346960,false,תה נענע 50 יח,תה ויסוצקי (ישראל)בעמ,,,"י""ח",75,ל גרם,false,1,29.90,39.87,false,1,
7290000347738,false,תה ירוק בטעם נענע 25יח,תה ויסוצקי (ישראל)בעמ,,,"י""ח",25,"י""ח",false,1,20,0.80,true,1,
7290000347752,false,תה ירוק 25 עם לימונית לואיזה,תה ויסוצקי (ישראל)בעמ,,,"י""ח",37.50,ל גרם,false,1,20,53.33,true,1,
7290000363462,false,סלמי איטלקי מעושן ט.צבי,תנובה בשר,,,"ק""ג",1,,true,1,79,79,false,1,
7290000363486,false,סלמי תה טירת צבי,תנובה בשר,,,"ק""ג",1000,ל גרם,true,1,50,5,false,1,
7290000364858,false,"נקניקיות עוף 1 ק""ג טירת צבי",תנובה בשר,,,"י""ח",1,"ק""ג",false,1,22.90,22.90,false,1,
7290000364872,false,נקניקיות עוף 400 גרם טירת צבי,תנובה בשר,,,"י""ח",400,ל גרם,false,1,10.90,2.73,true,1,
7290000364957,false,נקניקיות מיני מיני עוף,תנובה בשר,,,"י""ח",700,ל גרם,false,1,24.90,3.56,false,1,
7290000365107,false,כתף בקר מפולפל{טירת צבי},תנובה בשר,,,"ק""ג",1,,true,1,89,89,false,1,
7290000365398,false,חזה הודו בדבש,תנובה בשר,,,"ק""ג",1,,true,1,79,79,false,1,
7290000365954,false,פסטרמה גחלים טירת צבי,תנובה בשר,,,"ק""ג",1,,true,1,79,79,false,1,
7290000367590,false,צמד כפרי טירת צבי,תנובה בשר,,,"י""ח",8,"י""ח",false,1,24.90,3.11,false,1,
7290000377209,false,בוטן מטוגן 200 גר,ליימן שליסל,,,"י""ח",200,ל גרם,false,1,6.90,3.45,false,1,
7290000377445,false,מאנצס 200 גר שקית,ליימן שליסל,,,"י""ח",200,ל גרם,false,1,8.90,4.45,true,1,
7290000377452,false,גרעיני אבטיח 200 גרם,ליימן שליסל,,,"י""ח",200,ל גרם,false,1,11.90,5.95,false,1,
7290000379000,false,חלה רגילה/קלועה חדשה 650 גרם *.,שלמה א.אנג ל בעמ,,,"י""ח",650,ל גרם,false,1,6.60,1.02,false,1,
7290000379579,false,לחמניה המבורגר ג מבו,שלמה א.אנג ל בעמ,,,"י""ח",1,,false,1,3.30,3.30,false,1,
7290000408316,false,דנונה יוגורט טבעי,שטראוס גרופ ***בעמ,,,"י""ח",200,"ל מ""ל",false,1,3.50,1.75,true,1,
7290000408354,false,דנונה קראנצי פצפוצים,שטראוס גרופ ***בעמ,,,"י""ח",175,"ל מ""ל",false,1,4.40,2.51,true,1,
7290000412481,false,מנקה אסלות 1 ליטר 00,החב הדרומית לשיווק,,,"י""ח",1,ליטר,false,1,6.70,6.70,false,1,
7290000416021,false,#ממרח שחר 500 חלבי,השחר העולה תעשית ממתקים,,,"י""ח",500,ל גרם,false,1,13.90,2.78,false,1,
7290000416045,false,"ממרח שחר 1 ק""ג חלבי",השחר העולה תעשית ממתקים,,,"י""ח",1,"ק""ג",false,1,23.90,23.90,false,1,
7290000416106,false,חלבה א.ח.נוכרי,השחר העולה תעשית ממתקים,,,"י""ח",1.50,"ק""ג",false,1,55.90,37.27,false,1,
7290000416618,false,"ממרח שחר בד""צ} {400",השחר העולה תעשית ממתקים,,,"י""ח",400,ל גרם,false,1,11.90,2.98,false,1,
7290000416632,false,"ממרח שחר פרווה 1 ק""ג",השחר העולה תעשית ממתקים,,,"י""ח",1,מטר,false,1,22.80,22.80,false,1,
7290000419909,false,קפה לנדוור טעם אספרסו 100ג,ש.שסטוביץ בעמ,,,"י""ח",100,ל גרם,false,1,6.90,6.90,false,1,
7290000420325,false,פופ סטאר פופקורן טבעי 500גרם,דנשר (1963) בעמ,,,"י""ח",500,ל גרם,false,1,13.80,2.76,true,1,
7290000420332,false,פופ סטאר פופקורן בטעם חמאה 500גר,דנשר (1963) בעמ,,,"י""ח",500,ל גרם,false,1,13.80,2.76,true,1,
7290000432656,false,נרות 8 180 גר.,פאלאס תעשיות נטו (2014) בעמ,,,"י""ח",180,ל גרם,false,1,3.90,2.17,false,1,
7290000432663,false,נרות 10 180 גר.,פאלאס תעשיות נטו (2014) בעמ,,,"י""ח",180,ל גרם,false,1,3.90,2.17,false,1,
7290000446110,false,פריכיות עם מלח,בטר אנד דיפרנט בעמ,,,"י""ח",1,,false,1,4.50,4.50,false,1,
7290000446257,false,דייסת אורז 200 גרם BD,בטר אנד דיפרנט בעמ,,,"י""ח",200,ל גרם,false,1,12.90,6.45,false,1,
7290000446318,false,דייסת סולת ב.ד.,בטר אנד דיפרנט בעמ,,,"י""ח",200,ל גרם,false,1,12.90,6.45,false,1,
7290000446325,false,תרכיז תפוחים 1.2 ליטר,בטר אנד דיפרנט בעמ,,,"י""ח",1.20,ליטר,false,1,47.90,39.92,false,1,
7290000446394,false,דייסת שיבולת שועל ב.ד.,בטר אנד דיפרנט בעמ,,,"י""ח",200,ל גרם,false,1,12.90,6.45,false,1,
7290000446523,false,חמאת בוטנים B D,בטר אנד דיפרנט בעמ,,,"י""ח",350,ל גרם,false,1,13.90,3.97,false,1,
7290000446547,false,חמאה בוטנים350 גרם BD,בטר אנד דיפרנט בעמ,,,"י""ח",350,ל גרם,false,1,13.90,3.97,false,1,
7290000446554,false,"חמאת בוטנים טבעי 1ק""ג BD",בטר אנד דיפרנט בעמ,,,"י""ח",510,ל גרם,false,1,29.90,5.86,false,1,
7290000446776,false,פיצפוצי אורז מלא ללא סוכר ומלח,בטר אנד דיפרנט בעמ,,,"י""ח",500,ל גרם,false,1,19.90,3.98,false,1,
7290000446943,false,פרכיות אורז מלא כוסמת,בטר אנד דיפרנט בעמ,,,"י""ח",1,,false,1,3.90,3.90,false,1,
7290000449128,false,סיף כללי חדש 4 ליטר,יוניליוור ישראל שיווק בעמ,,,"י""ח",4,ליטר,false,1,19.90,4.98,false,1,
7290000450209,false,פוסידון 110 גר בשמן,נטו מלינדה סחר בעמ,,,"י""ח",110,ל גרם,false,1,5.50,5,false,1,
7290000453019,false,שמרית שקית,שטראוס גרופ ***בעמ,,,"י""ח",50,ל גרם,false,1,4.50,9,true,1,
7290000453125,false,משפר אפיה,שטראוס גרופ ***בעמ,,,"י""ח",100,ל גרם,false,1,7.90,7.90,true,1,
7290000461625,false,בייגלה ]400בייגל שמיניות מלוחות,יוניליוור ישראל שיווק בעמ,,,"י""ח",400,ל גרם,false,1,7.50,1.88,true,1,
7290000461656,false,בייגלה אחד אחד 400,יוניליוור ישראל שיווק בעמ,,,"י""ח",400,ל גרם,false,1,7.50,1.88,true,1,
7290000461700,false,בייגלה גדול גדול,יוניליוור ישראל שיווק בעמ,,,"י""ח",400,ל גרם,false,1,11.90,2.98,false,1,
7290000461724,false,גדול גדול שומשום,יוניליוור ישראל שיווק בעמ,,,"י""ח",400,ל גרם,false,1,11.90,2.98,false,1,
7290000462172,false,סחוג זהבי ירוק 150ג,שטראוס גרופ ***בעמ,,,"י""ח",150,ל גרם,false,1,7.90,5.27,true,1,
7290000469638,false,ספריי מריטו לגיהוץ מושלם,ש.שסטוביץ בעמ,,,"י""ח",500,"ל מ""ל",false,1,19.90,3.98,false,1,
7290000474090,false,חלב 1 ליטר קרטון *1% *,*החברה המרכזית להפצת משקאותבעמ,,,"י""ח",1,ליטר,false,1,5.86,5.86,false,1,
7290000474373,false,"שמנת חמוצה 200 מ""ל*",*החברה המרכזית להפצת משקאותבעמ,,,"י""ח",200,"ל מ""ל",false,1,2.40,1.20,false,1,
7290000474502,false,גבינה לבנה ב250 גרם 5%*,*החברה המרכזית להפצת משקאותבעמ,,,"י""ח",250,ל גרם,false,1,4.98,1.99,true,1,
7290000474540,false,טוב טעם גבינה 5% טרה,*החברה המרכזית להפצת משקאותבעמ,,,"י""ח",250,ל גרם,false,1,11.50,4.60,true,1,
7290000474830,false,גבינה צהובה 28% מגורדת 500 גרם,*החברה המרכזית להפצת משקאותבעמ,,,"י""ח",500,ל גרם,false,1,32.90,6.58,true,1,
7290000480442,false,קוואקר שקית (עלית),שטראוס פריטו ליי בעמ,,,"י""ח",500,ל גרם,false,1,11.90,2.38,true,1,
7290000482019,false,קוקי 10 יחידות,ש.שסטוביץ בעמ,,,"י""ח",1,,false,1,9.90,9.90,true,1,
7290000484747,false,"ערק עלית 700 מ""ל",יקב הגליל שיווק בעמ,,,"י""ח",700,"ל מ""ל",false,1,55.90,7.94,false,1,
7290000493176,false,אבקת רוטב צלי לבשר,קבוצת אוסם סחר-שות.מוגבלת,,,"י""ח",22,ל גרם,false,1,2.90,13.18,false,1,
7290000493183,false,אבקת רוטב פטריות לבשר,קבוצת אוסם סחר-שות.מוגבלת,,,"י""ח",30,ל גרם,false,1,3.90,13,false,1,
7290000504025,false,פטריה סוכרזית,שטראוס גרופ בעמ,,,"י""ח",246,ל גרם,false,1,8.20,3.33,true,1,
7290000504261,false,כמו סוכר ממתיק,שטראוס גרופ בעמ,,,"י""ח",65,ל גרם,false,1,25.20,38.77,true,1,
7290000504278,false,סוכרזית פטנט,שטראוס גרופ בעמ,,,"י""ח",574,ל גרם,false,1,14.40,2.51,true,1,
7290000515014,false,"קמח 1 ק""ג}באר שבע{",טחנות קמח שטיבל בש בעמ,,,"י""ח",1,"ק""ג",false,1,5.60,5.60,false,1,
7290000515106,false,"סולת 1 ק""ג(טחנת ב""ש)",טחנות קמח שטיבל בש בעמ,,,"י""ח",1,"ק""ג",false,1,5.20,5.20,false,1,
7290000518114,false,מתוק וקל אבקה 200גרם,מתוק וקל בעמ,,,"י""ח",200,ל גרם,false,1,9,4.50,false,1,
7290000518121,false,מתוק וקל 50 יח,מתוק וקל בעמ,,,"י""ח",50,ל גרם,false,1,5.50,11,false,1,
7290000518152,false,מתוק וקל זהב 25+25 שקיות,מתוק וקל בעמ,,,"י""ח",50,"י""ח",false,1,6,0.12,false,1,
7290000518176,false,מתוק וקל ענק 250 שק,מתוק וקל בעמ,,,"י""ח",2.50,"י""ח",false,1,16.90,6.76,false,1,
7290000523125,false,מלח ים יבש הארץ 250 ג,סוגת תעשיות בעמ,,,"י""ח",250,ל גרם,false,1,5.40,2.16,false,1,
7290000523224,false,מלח ים יבש הארץ 500 ג,סוגת תעשיות בעמ,,,"י""ח",500,ל גרם,false,1,6.30,1.26,false,1,
7290000523521,false,מלח ים בק 200 גר,סוגת תעשיות בעמ,,,"י""ח",200,ל גרם,false,1,5.90,2.95,false,1,
7290000525969,false,פרימור תפוזים 1 ליטר,שטראוס גרופ ***בעמ,,,"י""ח",1,ליטר,false,1,15.90,15.90,true,1,
7290000530048,false,סלמי פפרוני זוגלובק,זוגלובק שיווק בעמ,,,"י""ח",1000,ל גרם,true,1,55.20,5.52,false,1,
7290000530086,false,נקניק מעושן 7000,זוגלובק שיווק בעמ,,,"י""ח",800,ל גרם,false,1,29.90,3.74,true,1,
7290000530093,false,פסטרמה חרמון זוגלובק,זוגלובק שיווק בעמ,,,"ק""ג",1,,true,1,55.20,55.20,false,1,
7290000530109,false,זוג קבנוס בואקום,זוגלובק שיווק בעמ,,,"י""ח",400,ל גרם,false,1,24.90,6.23,true,1,
7290000530116,false,נקניק בשן זוגלובק,זוגלובק שיווק בעמ,,,"י""ח",700,ל גרם,false,1,26.90,3.84,true,1,
7290000530178,false,קוניאק זוגלובק שקילה,זוגלובק שיווק בעמ,,,"י""ח",1000,ל גרם,true,1,75.60,7.56,false,1,
7290000530192,false,סרבלד זוגלובק,זוגלובק שיווק בעמ,,,"ק""ג",100,ל גרם,true,1,129.90,129.90,true,1,
7290000530260,false,מרטדלה רחב זוגלובק,זוגלובק שיווק בעמ,,,"ק""ג",1000,ל גרם,true,1,37.20,3.72,true,1,
7290000530369,false,גולן-חזה מעושן}שקילה{,זוגלובק שיווק בעמ,,,"ק""ג",1,,true,1,76.90,76.90,false,1,
7290000530413,false,המבורגר זהב 400,זוגלובק שיווק בעמ,,,"י""ח",400,ל גרם,false,1,21.90,5.48,true,1,
7290000530444,false,כתף בקר מעושן,זוגלובק שיווק בעמ,,,"ק""ג",1,,true,1,110.90,110.90,false,1,
7290000530468,false,"וינר טרי 1 ק""ג זוגלובק",זוגלובק שיווק בעמ,,,"י""ח",1,"ק""ג",false,1,27.90,27.90,true,1,
7290000530598,false,נקניקיות וינר טרי זוגלובק,זוגלובק שיווק בעמ,,,"י""ח",500,ל גרם,false,1,15.80,3.16,true,1,
7290000530703,false,מארז פסטרמ/חרמון+תה מעושן 800 ג` זוגלובק,זוגלובק שיווק בעמ,,,"י""ח",800,ל גרם,false,1,26.90,3.36,true,1,
7290000531410,false,.פסטרממיה בדבש זוגלובק,זוגלובק שיווק בעמ,,,"ק""ג",1,,true,1,76.90,76.90,false,1,
7290000531601,false,סטייק בורגר 400 גרם,זוגלובק שיווק בעמ,,,"י""ח",400,ל גרם,false,1,21.90,5.48,true,1,
7290000531977,false,בורקס גבינה 800 גרם,זוגלובק שיווק בעמ,,,"י""ח",800,ל גרם,false,1,18.90,2.36,true,1,
7290000532400,false,פסטרמה חזה הודו ברביקיו זוגלובק,זוגלובק שיווק בעמ,,,"ק""ג",1,,true,1,76.90,76.90,false,1,
7290000532585,false,רוסטביף חצוי,זוגלובק שיווק בעמ,,,"ק""ג",1,"י""ח",true,1,146.90,146.90,false,1,
7290000532721,false,טורו כתף שקילה זוגלובק,זוגלובק שיווק בעמ,,,"ק""ג",1,,true,1,110.90,110.90,false,1,
7290000533353,false,בצק עלים זוגלובק 1 קג,זוגלובק שיווק בעמ,,,"י""ח",1,"ק""ג",false,1,16.90,16.90,true,1,
7290000534718,false,פסטרמה הודו תבור 1% שומן זוגלובק,זוגלובק שיווק בעמ,,,"ק""ג",1,,true,1,76.90,76.90,false,1,
7290000534800,false,פסטרמה הודו רומנית,זוגלובק שיווק בעמ,,,"י""ח",1,,true,1,76.90,76.90,false,1,
7290000534824,false,פסטרמה חרמון-חזה הודו זוגלובק,זוגלובק שיווק בעמ,,,"ק""ג",1,,true,1,55.20,55.20,false,1,
7290000536316,false,שניצל מן הצומח]זוגלובק[,זוגלובק שיווק בעמ,,,"י""ח",1,"ק""ג",false,1,20,20,true,1,
7290000536774,false,"נקניקיות מן צומח 1ק""ג",זוגלובק שיווק בעמ,,,"י""ח",1,"ק""ג",false,1,20,20,true,1,
7290000537566,false,נקניקיות עוף טרי 400 ג זוגלובק,זוגלובק שיווק בעמ,,,"י""ח",400,ל גרם,false,1,10.90,2.73,true,1,
7290000537603,false,"נקניקיות עוף 1 ק""ג זוגלובק.",זוגלובק שיווק בעמ,,,"י""ח",1,"ק""ג",false,1,25.90,25.90,true,1,
7290000537610,false,סלמי עממי}זוגלובק{שקיל,זוגלובק שיווק בעמ,,,"ק""ג",1,,true,1,55.20,55.20,false,1,
7290000538709,false,תה מעושן,זוגלובק שיווק בעמ,,,"י""ח",200,ל גרם,false,1,14.90,7.45,false,1,
7290000551173,false,מח בקר לא מוכשר,נטו מלינדה סחר בעמ,,,"ק""ג",1,,true,1,119.90,119.90,false,1,
7290000552118,false,נקניקיות מרגז 400 גרם,נטו מלינדה סחר בעמ,,,"י""ח",400,ל גרם,false,1,20.50,5.13,false,1,
7290000552194,false,קישקע 500 גרם,נטו מלינדה סחר בעמ,,,"י""ח",500,ל גרם,false,1,13.90,2.78,false,1,
7290000552569,false,סטייק בורגר 400 גרם,נטו מלינדה סחר בעמ,,,"י""ח",400,ל גרם,false,1,17.90,4.48,true,1,
7290000554143,false,גבינה לבנה 5% טבעי,מחלבות גד,,,"ק""ג",1,,true,1,25.90,25.90,false,1,
7290000554402,false,מלבי גד 160 גרם,מחלבות גד,,,"י""ח",160,"ל מ""ל",false,1,5.50,3.44,false,1,
7290000554457,false,צפתית מיני% }5 גד 350 ג.,מחלבות גד,,,"י""ח",350,ל גרם,false,1,19.90,5.69,false,1,
7290000554600,false,מוצרלה מגורדת 300 גרם גד,מחלבות גד,,,"י""ח",300,ל גרם,false,1,21.90,7.30,false,1,
7290000554686,false,לאבנה בתוספת שמןזית וזעתר גד{5%,מחלבות גד,,,"י""ח",250,ל גרם,false,1,13.80,5.52,false,1,
7290000554792,false,בולגרית פח% }5 גד{,מחלבות גד,,,"ק""ג",1000,ל גרם,true,1,54.90,5.49,false,1,
7290000554822,false,ריקוטה 5% בסגנון איטלקי 250 גד{,מחלבות גד,,,"י""ח",250,ל גרם,false,1,13.90,5.56,false,1,
7290000554839,false,מסקרפונה 250 גרם,מחלבות גד,,,"י""ח",250,ל גרם,false,1,19.90,7.96,false,1,
7290000554969,false,שמנת טבעי 30% שקיל}גד{,מחלבות גד,,,"ק""ג",1,,true,1,43.90,43.90,false,1,
7290000560533,false,אדג ג ל רגיל 200,דנשר (1963) בעמ,,,"י""ח",200,ל גרם,false,1,15.90,7.95,false,1,
7290000560540,false,אדג ג ל רגיש 200,דנשר (1963) בעמ,,,"י""ח",200,ל גרם,false,1,15.90,7.95,false,1,
7290000572055,false,חלבה ללא סוכר,אחדות בעמ,,,"י""ח",400,ל גרם,false,1,14.90,3.73,false,1,
7290000572086,false,טחינה אורגנית 500גר אחוה,אחדות בעמ,,,"י""ח",500,ל גרם,false,1,10.90,2.18,false,1,
7290000572208,false,חלווה 100 גרם,אחדות בעמ,,,"י""ח",100,ל גרם,false,1,2.70,2.70,false,1,
7290000572215,false,חלבה מצופה 80 גרם,אחדות בעמ,,,"י""ח",80,ל גרם,false,1,2.90,3.63,false,1,
7290000572222,false,חלבה וניל 500 גרם אחווה,אחדות בעמ,,,"י""ח",500,ל גרם,false,1,10.90,2.18,false,1,
7290000572536,false,חלוה מגש 400גר ו,אחדות בעמ,,,"י""ח",400,ל גרם,false,1,12.90,3.23,false,1,
7290000572628,false,חטיפי חלוה ליט אחווה,אחדות בעמ,,,"י""ח",276,ל גרם,false,1,10.90,3.95,false,1,
7290000572673,false,חלבה שי עשיריות]אחוה[,אחדות בעמ,,,"י""ח",300,ל גרם,false,1,12.90,4.30,false,1,
7290000572819,false,"טחינה אחווה 100 טבעי 1 ק""ג",אחדות בעמ,,,"י""ח",1,"ק""ג",false,1,17.50,17.50,true,1,
7290000574035,false,לחם אחיד פרוס}דגנית{*750,דגנית עין בר ~~~,,,"י""ח",750,ל גרם,false,1,6.30,0.84,false,1,
7290000574141,false,לחם חיטה מלא 750,דגנית עין בר ~~~,,,"י""ח",750,ל גרם,false,1,13.90,1.85,false,1,
7290000599090,false,מקל מטאטא טיטניום,*** מ.א.ייצור ויבוא מטליות,,,"י""ח",1,,false,1,6,6,false,1,
7290000631424,false,פרגיות עוף טרי[קצביה]**,ח.י. מעדני גורמה בעמ,,,"ק""ג",1,"ק""ג",true,1,79.90,79.90,true,1,
7290000632209,false,חזה פטם}עטרה{קפוא.,נטו מלינדה סחר בעמ,,,"ק""ג",1,"ק""ג",true,1,29.90,29.90,false,1,
7290000632391,false,כרעיים עטרה קפוא,נטו מלינדה סחר בעמ,,,"ק""ג",1,"ק""ג",true,1,27.90,27.90,false,1,
7290000632452,false,כרעיים עוף טרי(קצביה )**.,ח.י. מעדני גורמה בעמ,,,"ק""ג",1,"ק""ג",true,1,36.90,36.90,true,1,
7290000632759,false,שוקיים עוף טרי (קצביה)**,ח.י. מעדני גורמה בעמ,,,"ק""ג",1,"ק""ג",true,1,39.90,39.90,true,1,
7290000633855,false,כנפיים עוף טרי מקוצבות[קצביה],ח.י. מעדני גורמה בעמ,,,"ק""ג",1,"י""ח",true,1,16.90,16.90,true,1,
7290000640150,false,הודו שלם נקבה}קצביה{**,ח.י. מעדני גורמה בעמ,,,"ק""ג",1,"ק""ג",true,1,29.90,29.90,false,1,
7290000643250,false,עוף טרי מפורק(קצביה)**,ח.י. מעדני גורמה בעמ,,,"י""ח",1,,true,1,21.90,21.90,false,1,
7290000659312,false,פילה סלומון קפוא פרימיום תנובה,תנובה בשר,,,"ק""ג",1,"ק""ג",true,1,69.90,69.90,false,1,
7290000692135,false,ספיד סטיק גבר ירוק,ש.שסטוביץ בעמ,,,"י""ח",60,ל גרם,false,1,16.90,28.17,true,1,
7290000692203,false,אג`קס ניקוי כללי לימון 2 ל,ש.שסטוביץ בעמ,,,"י""ח",2,ליטר,false,1,22.90,11.45,false,1,
7290000692210,false,אג קס ניקוי כללי 2 ל לוונדר,ש.שסטוביץ בעמ,,,"י""ח",2,ליטר,false,1,22.90,11.45,false,1,
7290000803067,false,"אלמקס לילדים 75מ""ל",ש.שסטוביץ בעמ,,,"י""ח",75,ל גרם,false,1,15.90,21.20,true,1,
7290000805368,false,בונזו גורים+ספרון מתנה,דיפלומט מפיצים (1968) בעמ**,,,"י""ח",3,"ק""ג",false,1,64.90,21.63,false,1,
7290000805795,false,"חול חתולים 10 ק""ג",דיפלומט מפיצים (1968) בעמ**,,,"י""ח",10,"ק""ג",false,1,29.90,2.99,false,1,
7290000805900,false,"לה קט 2.85 עוף ק""ג",דיפלומט מפיצים (1968) בעמ**,,,"י""ח",2.85,"ק""ג",false,1,64.90,22.77,false,1,
7290000805917,false,"לה קט כבד 2.85 ק""ג",דיפלומט מפיצים (1968) בעמ**,,,"י""ח",2.85,"ק""ג",false,1,64.90,22.77,false,1,
7290000805924,false,"לה קט דגים 2.85 ק""ג",דיפלומט מפיצים (1968) בעמ**,,,"י""ח",2.85,"ק""ג",false,1,64.90,22.77,false,1,
7290001041017,false,חוואיג תימני,מיה תעשיות מזון מ.ת.מ בעמ,,,"י""ח",100,ל גרם,false,1,6.30,6.30,false,1,
7290001041260,false,שומשום 400גר ].מיה[,מיה תעשיות מזון מ.ת.מ בעמ,,,"י""ח",400,ל גרם,false,1,9.90,2.48,false,1,
7290001041284,false,סוכריה על מקל 20 יח,מיה תעשיות מזון מ.ת.מ בעמ,,,"י""ח",200,ל גרם,false,1,6,3,true,1,
7290001041888,false,פפריקה מתוקה 300גר. בצנצנ,מיה תעשיות מזון מ.ת.מ בעמ,,,"י""ח",300,ל גרם,false,1,14.90,4.97,false,1,
7290001041987,false,"סוכר חום 1 ק""ג",מיה תעשיות מזון מ.ת.מ בעמ,,,"י""ח",1,"ק""ג",false,1,14.90,14.90,false,1,
7290001045688,false,מיץ תפוזים סחוט 400 מייל,שטראוס גרופ ***בעמ,,,"י""ח",400,"ל מ""ל",false,1,7.90,1.90,true,1,
7290001050064,false,"אבקת סוכר פרימיום 1ק""ג",נאמן לאורך זמן בעמ,,,"י""ח",1,"ק""ג",false,1,11.90,11.90,false,1,
7290001121054,false,צמד חמד יחיעם 700 גרם,מעדני יחיעם 1993 בעמ,,,"י""ח",850,ל גרם,false,1,24.90,2.93,false,1,
7290001123775,false,שווארמה אמיתית טיבון ויל,נטו מלינדה סחר בעמ,,,"י""ח",500,ל גרם,false,1,19.90,3.98,true,1,
7290001123782,false,שווארמה הודו טיבון ויל,נטו מלינדה סחר בעמ,,,"י""ח",500,ל גרם,false,1,19.90,3.98,true,1,
7290001124536,false,מג יק טעם תירס בכוס,נטו מלינדה סחר בעמ,,,"י""ח",70,ל גרם,false,1,4.90,7,false,1,
7290001124611,false,שומן כבש 200 ג,נטו מלינדה סחר בעמ,,,"י""ח",200,ל גרם,false,1,22.20,11.10,false,1,
7290001136287,false,שמפו נקה 7 לשיער רגיל,החב הדרומית לשיווק,,,"י""ח",750,"ל מ""ל",false,1,10,1.33,false,1,
7290001136300,false,שמפו נקה 7 ומרכך לסירוק קך,החב הדרומית לשיווק,,,"י""ח",750,"ל מ""ל",false,1,10,1.33,false,1,
7290001136683,false,מרכך נקה -7 לשיער רגיל ירוק,החב הדרומית לשיווק,,,"י""ח",750,"ל מ""ל",false,1,10,1.33,false,1,
7290001209103,false,טחון עוף עטרה 500ג,נטו מלינדה סחר בעמ,,,"י""ח",1,,false,1,12.90,12.90,false,1,
7290001209189,false,נקניקיות חריפות עטרה,נטו מלינדה סחר בעמ,,,"י""ח",500,ל גרם,false,1,8.90,1.78,true,1,
7290001209516,false,סטייק עין 800 ג}עטרה{,נטו מלינדה סחר בעמ,,,"י""ח",800,ל גרם,false,1,49.90,6.24,false,1,
7290001245699,false,אקונומיקה סמיכה 4 ל`טאצ`,סאסאטק אגשח בעמ,,,"י""ח",4,ליטר,false,1,12.90,3.23,true,1,
7290001245705,false,אקונומיקה מבושמת 4ל טאצ`,סאסאטק אגשח בעמ,,,"י""ח",4,ליטר,false,1,10.90,2.73,false,1,
7290001245712,false,אקונומיקה 4ל` טאצ`,סאסאטק אגשח בעמ,,,"י""ח",4,ליטר,false,1,9.90,2.48,false,1,
7290001245729,false,ג`ל כביסה ירוק 3 ל`טאצ`,סאסאטק אגשח בעמ,,,"י""ח",1,ליטר,false,1,16.90,16.90,true,1,
7290001245736,false,ג`ל כביסה כחול 3 ל`טאצ`,סאסאטק אגשח בעמ,,,"י""ח",1,ליטר,false,1,19.90,19.90,true,1,
7290001245828,false,נ.כלים קלאסי 1.6 ל`טאצ,סאסאטק אגשח בעמ,,,"י""ח",1.60,ליטר,false,1,11.90,7.44,true,1,
7290001245897,false,נוזל רצפות יסמין 4ליטר טאצ`,סאסאטק אגשח בעמ,,,"י""ח",4,ליטר,false,1,14.90,3.73,true,1,
7290001245958,false,מרכך כביסה ורוד 4ל טאצ`,סאסאטק אגשח בעמ,,,"י""ח",4,ליטר,false,1,15.90,3.98,true,1,
7290001245965,false,מרכך כביסה כחול 4ל טאצ`,סאסאטק אגשח בעמ,,,"י""ח",4,ליטר,false,1,15.90,3.98,true,1,
7290001245972,false,מרכך כביסה לבן 4ל טאצ`,סאסאטק אגשח בעמ,,,"י""ח",4,ליטר,false,1,15.90,3.98,true,1,
7290001245989,false,מרכך כביסה סגול 4ל טאצ`,סאסאטק אגשח בעמ,,,"י""ח",4,ליטר,false,1,15.90,3.98,true,1,
7290001245996,false,מרכך כביסה צהוב 4ל טאצ`,סאסאטק אגשח בעמ,,,"י""ח",4,ליטר,false,1,15.90,3.98,true,1,
7290001246122,false,תרסיס ניקוי כללי 750 מ``ל טאצ,סאסאטק אגשח בעמ,,,"י""ח",75,"ל מ""ל",false,1,10.40,13.87,false,1,
7290001246139,false,חיטוי פירות וירקות 1ל טאצ`,סאסאטק אגשח בעמ,,,"י""ח",1,ליטר,false,1,14.90,14.90,false,1,
7290001246238,false,"מטהר אוויר פריחה 300מ""ל טאצ`",סאסאטק אגשח בעמ,,,"י""ח",300,"ל מ""ל",false,1,5.70,1.90,false,1,
7290001246269,false,"מטהר אוויר לבנדר 300מ""ל טאצ`",סאסאטק אגשח בעמ,,,"י""ח",300,"ל מ""ל",false,1,5.70,1.90,false,1,
7290001246290,false,"תרסיס רסס נגב 750מ""ל טאצ",סאסאטק אגשח בעמ,,,"י""ח",750,"ל מ""ל",false,1,12.90,1.72,false,1,
7290001247068,false,ספרינג נקטר תות-בננה,יפאורה שותפות מוגבלת לשיווק,,,"י""ח",1,ליטר,false,1,6.90,6.90,true,1,
7290001247082,false,ספרינג עגבניות,יפאורה שותפות מוגבלת לשיווק,,,"י""ח",1,ליטר,false,1,6.90,6.90,true,1,
7290001247099,false,ספרינג נקטר מנגו,יפאורה שותפות מוגבלת לשיווק,,,"י""ח",1,ליטר,false,1,6.90,6.90,true,1,
7290001247105,false,ספרינג נקטר אפרסק,יפאורה שותפות מוגבלת לשיווק,,,"י""ח",1,ליטר,false,1,6.90,6.90,true,1,
7290001247112,false,ספרינג נקטר לימונים,יפאורה שותפות מוגבלת לשיווק,,,"י""ח",1,ליטר,false,1,6.90,6.90,true,1,
7290001247143,false,ספרינג קרטונית תפוחים,יפאורה שותפות מוגבלת לשיווק,,,"י""ח",1,ליטר,false,1,6.90,6.90,true,1,
7290001305188,false,"פלמוליב נוזל לניקוי כלים 750 מ""ל ספרינ",ש.שסטוביץ בעמ,,,"י""ח",750,"ל מ""ל",false,1,11.90,1.59,true,1,
7290001327180,false,קרמיסימו שטראוס,גלידות שטראוס בעמ,,,"י""ח",1.33,ליטר,false,1,16.50,12.41,false,1,
7290001468135,false,רצועות שעווה 50יחי,נאמן לאורך זמן בעמ,,,"י""ח",1,,false,1,13.90,13.90,false,1,
7290001468159,false,ריבת חלב 330 גרם נאמן,נאמן לאורך זמן בעמ,,,"י""ח",330,ל גרם,false,1,13.90,4.21,false,1,
7290001468272,false,פלסטרים מעורב,נאמן לאורך זמן בעמ,,,"י""ח",1,,false,1,8.90,8.90,false,1,
7290001482384,false,אננס חתוך 227 גרם,ג.וילי פוד אינטרנשיונל בעמ,,,"י""ח",227,ל גרם,false,1,4,1.76,false,1,
7290001485019,false,גבינת שמנת 5% טרה,*החברה המרכזית להפצת משקאותבעמ,,,"י""ח",200,ל גרם,false,1,11.90,5.95,false,1,
7290001491096,false,תה ירוק -50לימונית,תה ויסוצקי (ישראל)בעמ,,,"י""ח",75,ל גרם,false,1,45.90,61.20,true,1,
7290001497579,false,אקונומיקה ריחנית}שיאון{,לפ שיאון ~~~,,,"ק""ג",4,ליטר,false,1,10,2.50,false,1,
7290001552025,false,קוסקוס של מאמא,מטעמי פאר (א.מ.נ) בעמ,,,"י""ח",800,ל גרם,false,1,15.90,1.99,false,1,
7290001567555,false,פסטרמה מעודנת עם דבש 300ג,מעדני יחיעם 1993 בעמ,,,"י""ח",300,ל גרם,false,1,19.90,6.63,false,1,
7290001594155,false,בקבוק קוקה קולה חצי ליטר.,החברה המרכזית להפצת משקאות בעמ,,,"י""ח",500,"ל מ""ל",false,1,6.20,1.18,true,1,
7290001594179,false,פאנטה אורנג 0.5ליטר,החברה המרכזית להפצת משקאות בעמ,,,"י""ח",500,"ל מ""ל",false,1,6.20,1.18,true,1,
7290001594230,false,"סודה קינלי 250 מ""ל",החברה המרכזית להפצת משקאות בעמ,,,"י""ח",250,"ל מ""ל",false,1,3.20,1.16,true,1,
7290001594377,false,פריגת תפוזים 500,החברה המרכזית להפצת משקאות בעמ,,,"י""ח",500,"ל מ""ל",false,1,5.20,0.98,true,1,
7290001594384,false,פריגת אשכוליות 500,החברה המרכזית להפצת משקאות בעמ,,,"י""ח",500,"ל מ""ל",false,1,5.20,0.98,true,1,
7290001594391,false,פריגת ענבים 500,החברה המרכזית להפצת משקאות בעמ,,,"י""ח",500,"ל מ""ל",false,1,5.20,0.98,true,1,
7290001594568,false,קרלסברג 500 פחית,החברה המרכזית להפצת משקאות בעמ,,,"י""ח",500,"ל מ""ל",false,1,9.90,1.92,false,1,
7290001594575,false,פחית טובורג 500,החברה המרכזית להפצת משקאות בעמ,,,"י""ח",500,"ל מ""ל",false,1,9.30,1.80,true,1,
7290001594810,false,"בירה מאלט שחורה שישיה 330מ""ל.",החברה המרכזית להפצת משקאות בעמ,,,"י""ח",1.98,ליטר,false,1,26.90,12.68,true,1,
7290001594858,false,בירה טובורג רד שישיה,החברה המרכזית להפצת משקאות בעמ,,,"י""ח",1.98,ליטר,false,1,41.70,20.15,true,1,
7290001713167,false,קצף ניקוי 1 ליטר מרסס.,קומפלקס כימיקלסבעמ ~~~,,,"י""ח",1,ליטר,false,1,8.30,8.30,false,1,
7290001791349,false,אקונומיקה ריחנית פיסגה 4 ליטר,החב הדרומית לשיווק,,,"י""ח",4,ליטר,false,1,10.90,2.73,false,1,
7290001865439,false,אל סבון 1 ליטר,דנשר (1963) בעמ,,,"י""ח",1,ליטר,false,1,9.90,9.90,false,1,
7290001922231,false,כדורי פלאפל 700גר שף הטבע,קפוא זן תעשיות מזון בעמ,,,"י""ח",700,ל גרם,false,1,15.90,2.27,false,1,
7290001990094,false,סוכר חום צנצנת סוגת,סוגת תעשיות בעמ,,,"י""ח",1,"ק""ג",false,1,14.90,14.90,false,1,
7290001990148,false,סוכר גולרן קלסי צנצנת,סוגת תעשיות בעמ,,,"י""ח",1,"ק""ג",false,1,14.90,14.90,false,1,
7290001990278,false,"שעועית לבנה 1 ק""ג סוגת",סוגת תעשיות בעמ,,,"י""ח",1,"ק""ג",false,1,18.90,18.90,true,1,
7290001990407,false,"עדשים ירוקים 1 ק""ג סוגת",סוגת תעשיות בעמ,,,"י""ח",1,"ק""ג",false,1,13.90,13.90,true,1,
7290001990414,false,"עדשים אדומים 1 ק""ג סוגת",סוגת תעשיות בעמ,,,"י""ח",1,"ק""ג",false,1,14.90,14.90,true,1,
7290001990421,false,"פופקורן 1 ק""ג סוגת",סוגת תעשיות בעמ,,,"י""ח",1,"ק""ג",false,1,9.90,9.90,true,1,
7290002000136,false,שעווה למיקרוגל,דנשר (1963) בעמ,,,"י""ח",500,ל גרם,false,1,19.90,3.98,false,1,
7290002000143,false,ק.ידיים פ נגל קלאסיק,דנשר (1963) בעמ,,,"י""ח",100,"ל מ""ל",false,1,7.90,7.90,false,1,
7290002007357,false,שקיות לצליה 10יח,הנמל אריזות ושווק בעמ,,,"י""ח",10,"י""ח",false,1,3.90,0.39,false,1,
7290002007371,false,פירורי לחם 500גר הנמל,הנמל אריזות ושווק בעמ,,,"י""ח",500,ל גרם,false,1,6.90,1.38,false,1,
7290002014201,false,חומוס 200 גרם,סלטי שמיר2006בעמ,,,"י""ח",200,ל גרם,false,1,7.90,3.95,true,1,
7290002014225,false,סלט חצילים 200 ג-מיקי,סלטי שמיר2006בעמ,,,"י""ח",200,ל גרם,false,1,7.90,3.95,true,1,
7290002014232,false,סלט טורקי 200 גרם-מיקי,סלטי שמיר2006בעמ,,,"י""ח",200,ל גרם,false,1,7.90,3.95,true,1,
7290002014751,false,כרוב שוודי 200 גרם,סלטי שמיר2006בעמ,,,"י""ח",200,ל גרם,false,1,7.90,3.95,true,1,
7290002019114,false,רוטב עגב 28% פריניר,ח.כהן סוכנות מזון ומשקאות בע,,,"י""ח",580,ל גרם,false,1,6.90,1.19,false,1,
7290002019183,false,עגבניות מקולפות 800,ח.כהן סוכנות מזון ומשקאות בע,,,"י""ח",850,ל גרם,false,1,6.80,0.80,false,1,
7290002019763,false,עגבניות מרוסקות800 גר,ח.כהן סוכנות מזון ומשקאות בע,,,"י""ח",800,ל גרם,false,1,6.90,0.86,false,1,
7290002019787,false,רוטב עגבניות 260 פריניר,ח.כהן סוכנות מזון ומשקאות בע,,,"י""ח",260,ל גרם,false,1,3.90,1.50,false,1,
7290002019794,false,רוטב פריניר 100גר`,ח.כהן סוכנות מזון ומשקאות בע,,,"י""ח",100,ל גרם,false,1,1.90,1.90,false,1,
7290002026358,false,צ`יפס בטטה קרינקל 500ג,מוצרי איכות אמריקאיים בעמ,,,"י""ח",500,ל גרם,false,1,18.90,3.78,true,1,
7290002026365,false,טבעות בצל,מוצרי איכות אמריקאיים בעמ,,,"י""ח",1,"י""ח",false,1,11.90,11.90,false,1,
7290002040019,false,~קוסקוס רגיל}הנמל{,הנמל אריזות ושווק בעמ,,,"י""ח",350,ל גרם,false,1,5.90,1.69,false,1,
7290002040064,false,קוסקוס דק]הנמל[,הנמל אריזות ושווק בעמ,,,"י""ח",350,ל גרם,false,1,5.90,1.69,false,1,
7290002040071,false,קוסקוס עבה]הנמל[,הנמל אריזות ושווק בעמ,,,"י""ח",350,ל גרם,false,1,5.90,1.69,false,1,
7290002040088,false,קוסקוס מלא]הנמל[,הנמל אריזות ושווק בעמ,,,"י""ח",350,ל גרם,false,1,6.90,1.97,false,1,
7290002057017,false,נובו ענק A2,קבוצת יבנה מוצרי מזון בעמ,,,"י""ח",560,ל גרם,false,1,8.90,1.59,false,1,
7290002057031,false,מבוקעים גדול A2,קבוצת יבנה מוצרי מזון בעמ,,,"י""ח",560,ל גרם,false,1,8.90,1.59,false,1,
7290002057048,false,סורי מבוקעים A2,קבוצת יבנה מוצרי מזון בעמ,,,"י""ח",560,ל גרם,false,1,10.50,1.88,false,1,
7290002057086,false,מנזולינו גדול 43,קבוצת יבנה מוצרי מזון בעמ,,,"י""ח",1.25,"ק""ג",false,1,19.90,15.92,false,1,
7290002057093,false,מנזולינו גדול A2,קבוצת יבנה מוצרי מזון בעמ,,,"י""ח",600,ל גרם,false,1,7.90,1.32,false,1,
7290002057109,false,מנזולינו גדול מאוד,קבוצת יבנה מוצרי מזון בעמ,,,"י""ח",560,ל גרם,false,1,8.90,1.59,false,1,
7290002057123,false,חרוזית }A-2 יבנה{,קבוצת יבנה מוצרי מזון בעמ,,,"י""ח",560,ל גרם,false,1,9.90,1.77,true,1,
7290002057130,false,"חרוזית }""43יבנה{",קבוצת יבנה מוצרי מזון בעמ,,,"י""ח",1.25,"ק""ג",false,1,19.90,15.92,false,1,
7290002057161,false,מרינד גדול מאד,קבוצת יבנה מוצרי מזון בעמ,,,"י""ח",560,ל גרם,false,1,8.90,1.59,false,1,
7290002057178,false,זיתים טבעיים,קבוצת יבנה מוצרי מזון בעמ,,,"י""ח",560,ל גרם,false,1,8.70,1.55,false,1,
7290002057185,false,טבעות ירוק-יבנה,קבוצת יבנה מוצרי מזון בעמ,,,"י""ח",560,ל גרם,false,1,9.20,1.64,false,1,
7290002057314,false,מלפפון מלח 15-20 קב.יבנה 725 ג`,קבוצת יבנה מוצרי מזון בעמ,,,"י""ח",1.30,"ק""ג",false,1,13.90,10.69,false,1,
7290002057345,false,"מלפפון במלח 3 ק""ג (30-36 יבנה)",קבוצת יבנה מוצרי מזון בעמ,,,"י""ח",1.30,"ק""ג",false,1,19.90,15.31,false,1,
7290002057352,false,מלפפון מלח }A-2 7-9 יבנה540 גרם,קבוצת יבנה מוצרי מזון בעמ,,,"י""ח",600,ל גרם,false,1,6.90,1.15,false,1,
7290002057369,false,מלפ מלח 10\12 2 יבנה,קבוצת יבנה מוצרי מזון בעמ,,,"י""ח",600,ל גרם,false,1,7.90,1.32,false,1,
7290002057376,false,מלפ מלח 13-17 יבנה,קבוצת יבנה מוצרי מזון בעמ,,,"י""ח",600,ל גרם,false,1,9.90,1.65,false,1,
7290002057383,false,מלפפון במלח 18\25 יבנה,קבוצת יבנה מוצרי מזון בעמ,,,"י""ח",600,ל גרם,false,1,12.90,2.15,true,1,
7290002057413,false,"מלפ בחומץ 1.3 ק""ג 15\20",קבוצת יבנה מוצרי מזון בעמ,,,"י""ח",1.30,"ק""ג",false,1,13.90,10.69,false,1,
7290002057451,false,מלפפון בחומץ }7-9 יבנה{,קבוצת יבנה מוצרי מזון בעמ,,,"י""ח",600,ל גרם,false,1,6.90,1.15,false,1,
7290002057468,false,מלפפון בחומץ 10\12 יבנה,קבוצת יבנה מוצרי מזון בעמ,,,"י""ח",600,ל גרם,false,1,7.90,1.32,false,1,
7290002057475,false,מלפ בחומץ 13\17 יבנה,קבוצת יבנה מוצרי מזון בעמ,,,"י""ח",600,ל גרם,false,1,10.90,1.82,false,1,
7290002057482,false,מלפ חומץ 18\25,קבוצת יבנה מוצרי מזון בעמ,,,"י""ח",560,ל גרם,false,1,12.90,2.30,true,1,
7290002057604,false,שיפקה A-2,קבוצת יבנה מוצרי מזון בעמ,,,"י""ח",560,ל גרם,false,1,5.50,0.98,false,1,
7290002057628,false,טבעות שחור-יבנה,קבוצת יבנה מוצרי מזון בעמ,,,"י""ח",540,ל גרם,false,1,9.50,1.76,false,1,
7290002057703,false,חצילים אקסטרא A2,קבוצת יבנה מוצרי מזון בעמ,,,"י""ח",560,ל גרם,false,1,6.90,1.23,false,1,
7290002057734,false,זיתים מושחרים חרוזית,קבוצת יבנה מוצרי מזון בעמ,,,"י""ח",540,ל גרם,false,1,7.90,1.46,false,1,
7290002065555,false,לחמניות בשקית 6 יח,שלמה א.אנג ל בעמ,,,"י""ח",1,,false,1,11.90,11.90,true,1,
7290002075035,false,אובלטים קימל 500 גרם,שוקוטרייד בעמ,,,"י""ח",500,ל גרם,false,1,15.90,3.18,false,1,
7290002107491,false,גבינת עיזים 5% 250 ג`,*החברה המרכזית להפצת משקאותבעמ,,,"י""ח",250,ל גרם,false,1,14.90,5.96,true,1,
7290002111085,false,רוטב 100גר. מבורך}פלסטיק[,זנלכל בעמ,,,"י""ח",400,ל גרם,false,1,1.80,0.45,false,1,
7290002111337,false,"רוטב 240 גרם בד""צ פרי מבורך",זנלכל בעמ,,,"י""ח",240,ל גרם,false,1,3.30,1.38,false,1,
7290002111474,false,אפונה ירוקה פרי מבורך,זנלכל בעמ,,,"י""ח",550,ל גרם,false,1,6.70,1.22,true,1,
7290002111511,false,"אפונת גינה,גזר פרי מבורך",זנלכל בעמ,,,"י""ח",550,ל גרם,false,1,6.70,1.22,true,1,
7290002111634,false,"חומוס בד""צ פרי מבורך",זנלכל בעמ,,,"י""ח",600,ל גרם,false,1,6.70,1.12,true,1,
7290002111665,false,רוטב מבורך 600 גר,זנלכל בעמ,,,"י""ח",600,ל גרם,false,1,9.90,1.65,false,1,
7290002111672,false,רוטב עגבניות 22% מבורך,זנלכל בעמ,,,"י""ח",570,ל גרם,false,1,7.90,1.39,false,1,
7290002111764,false,שעועית אפויה}מבורך{,זנלכל בעמ,,,"י""ח",600,ל גרם,false,1,4,0.67,true,1,
7290002111825,false,תירס מבורך A2,זנלכל בעמ,,,"י""ח",550,ל גרם,false,1,6.70,1.22,true,1,
7290002130567,false,~דבש יד מרדכי 350 גרם,שטראוס גרופ בעמ,,,"י""ח",3.50,"י""ח",false,1,18.90,5.40,true,1,
7290002130581,false,"דבש טהור 1 ק""ג יד מרדכי",שטראוס גרופ בעמ,,,"י""ח",1,קוב,false,1,39.90,39.90,true,1,
7290002132011,false,עבאדי עוגיות מלוחות 400גר,תה ויסוצקי (ישראל)בעמ,,,"י""ח",400,ל גרם,false,1,17.90,4.48,false,1,
7290002150305,false,סיגרים ממולא בשר 1 קג,חמים וטעים בעמ,,,"י""ח",1,"ק""ג",false,1,29.90,29.90,false,1,
7290002150404,false,"סיגר תפו""א חמים וטעים 1 קג",חמים וטעים בעמ,,,"י""ח",1,"ק""ג",false,1,25.90,25.90,false,1,
7290002150671,false,"קרפלך במילוי בשר 1ק""ג",חמים וטעים בעמ,,,"י""ח",1,"ק""ג",false,1,29.90,29.90,false,1,
7290002239307,false,שעועית.צ].פרי גליל[,ויטה- פרי גליל (החדשה) בעמ,,,"י""ח",800,ל גרם,false,1,12.90,1.61,false,1,
7290002239338,false,שעועית.יר] קפואה 800 גרם פריגליל[,ויטה- פרי גליל (החדשה) בעמ,,,"י""ח",800,ל גרם,false,1,12.90,1.61,false,1,
7290002253006,false,שום כתוש טרי 200,קבוצת אוסם סחר-שות.מוגבלת,,,"י""ח",200,ל גרם,false,1,15.90,7.95,false,1,
7290002253105,false,מגשית קוביות שום,קבוצת אוסם סחר-שות.מוגבלת,,,"י""ח",80,ל גרם,false,1,13.90,17.38,false,1,
7290002253150,false,דורות בזיליקום טרי קצוץ,קבוצת אוסם סחר-שות.מוגבלת,,,"י""ח",70,ל גרם,false,1,10.90,15.57,false,1,
7290002253167,false,דורות פטרוזיליה טריה קצוצה,קבוצת אוסם סחר-שות.מוגבלת,,,"י""ח",70,ל גרם,false,1,10.90,15.57,false,1,
7290002253198,false,דורות ג ינג ר טרי במגש,קבוצת אוסם סחר-שות.מוגבלת,,,"י""ח",90,ל גרם,false,1,9.50,10.56,false,1,
7290002255215,false,"עלים לסיגרים מרובע בד""צ",חטיפי אלקיים בעמ ~~~,,,"י""ח",500,ל גרם,false,1,11.90,2.38,false,1,
7290002316251,false,ברכונים 4 יח קריסטל,אחים וייס ישי ייצור בעמ,,,"י""ח",1,,false,1,13.90,13.90,false,1,
7290002319016,false,אבקת אפיה עשיריות מיה,מיה תעשיות מזון מ.ת.מ בעמ,,,"י""ח",100,ל גרם,false,1,1.90,1.90,false,1,
7290002319023,false,סוכר וניל עשיריות מיה,מיה תעשיות מזון מ.ת.מ בעמ,,,"י""ח",100,ל גרם,false,1,1.90,1.90,false,1,
7290002319047,false,אגוזי המלך 100 גרם,מיה תעשיות מזון מ.ת.מ בעמ,,,"י""ח",100,ל גרם,false,1,9.90,9.90,false,1,
7290002319061,false,קוקוס טחון 100 גרם מיה,מיה תעשיות מזון מ.ת.מ בעמ,,,"י""ח",100,ל גרם,false,1,3.70,3.70,false,1,
7290002319078,false,שומשום 100 גרם מיה,מיה תעשיות מזון מ.ת.מ בעמ,,,"י""ח",100,ל גרם,false,1,2.90,2.90,false,1,
7290002319092,false,קמח תפוחי אדמה 500,מיה תעשיות מזון מ.ת.מ בעמ,,,"י""ח",500,ל גרם,false,1,4.90,0.98,false,1,
7290002319115,false,חומוס גדול 500 מיה,מיה תעשיות מזון מ.ת.מ בעמ,,,"י""ח",500,ל גרם,false,1,6.90,1.38,true,1,
7290002319122,false,גריסים 500 גרם מיה,מיה תעשיות מזון מ.ת.מ בעמ,,,"י""ח",500,ל גרם,false,1,3.30,0.66,true,1,
7290002319139,false,שעועית לבנה 500 מיה,מיה תעשיות מזון מ.ת.מ בעמ,,,"י""ח",500,ל גרם,false,1,6.90,1.38,true,1,
7290002319146,false,שעועית אדומה 500 מיה,מיה תעשיות מזון מ.ת.מ בעמ,,,"י""ח",500,ל גרם,false,1,7.50,1.50,false,1,
7290002319160,false,אפונה ירוקה יבשה} {500,מיה תעשיות מזון מ.ת.מ בעמ,,,"י""ח",500,ל גרם,false,1,3.30,0.66,true,1,
7290002319177,false,פופקורן 500,מיה תעשיות מזון מ.ת.מ בעמ,,,"י""ח",500,ל גרם,false,1,4.90,0.98,true,1,
7290002319184,false,עדשים אדומות 500 מיה,מיה תעשיות מזון מ.ת.מ בעמ,,,"י""ח",500,ל גרם,false,1,6.90,1.38,true,1,
7290002319191,false,עדשים ירוקים 500 מיה,מיה תעשיות מזון מ.ת.מ בעמ,,,"י""ח",500,ל גרם,false,1,6.90,1.38,true,1,
7290002319207,false,כוסמת 500,מיה תעשיות מזון מ.ת.מ בעמ,,,"י""ח",500,ל גרם,false,1,8.90,1.78,true,1,
7290002319221,false,חיטה 500 ג מיה,מיה תעשיות מזון מ.ת.מ בעמ,,,"י""ח",500,ל גרם,false,1,3.50,0.70,true,1,
7290002319375,false,קורנפלור 200 גר,מיה תעשיות מזון מ.ת.מ בעמ,,,"י""ח",200,ל גרם,false,1,2.90,1.45,false,1,
7290002319443,false,כמון 80 גרם,מיה תעשיות מזון מ.ת.מ בעמ,,,"י""ח",80,ל גרם,false,1,6.30,7.88,false,1,
7290002319450,false,כרכום בצנצנת 80גר`,מיה תעשיות מזון מ.ת.מ בעמ,,,"י""ח",800,ל גרם,false,1,6.30,0.79,false,1,
7290002319474,false,אבקת שום 80גר,מיה תעשיות מזון מ.ת.מ בעמ,,,"י""ח",80,ל גרם,false,1,7.90,9.88,false,1,
7290002319580,false,מלח לימון מיה 150גר`,מיה תעשיות מזון מ.ת.מ בעמ,,,"י""ח",150,ל גרם,false,1,6.30,4.20,false,1,
7290002319689,false,סודה לשתיה 150 ג,מיה תעשיות מזון מ.ת.מ בעמ,,,"י""ח",150,ל גרם,false,1,6.30,4.20,false,1,
7290002319696,false,פלפל לבן 70גרם,מיה תעשיות מזון מ.ת.מ בעמ,,,"י""ח",70,ל גרם,false,1,7.90,11.29,false,1,
7290002319740,false,אגוזים טחונים 100 ג`,מיה תעשיות מזון מ.ת.מ בעמ,,,"י""ח",100,ל גרם,false,1,9.40,9.40,false,1,
7290002319771,false,תמצית אפיה וניל מיה,מיה תעשיות מזון מ.ת.מ בעמ,,,"י""ח",50,"ל מ""ל",false,1,2.90,5.80,false,1,
7290002319788,false,תמצית אפיה רום,מיה תעשיות מזון מ.ת.מ בעמ,,,"י""ח",60,"ל מ""ל",false,1,2.90,4.83,false,1,
7290002319825,false,אבקת סוכר 100 גר מיה,מיה תעשיות מזון מ.ת.מ בעמ,,,"י""ח",100,ל גרם,false,1,1.90,1.90,false,1,
7290002323518,false,אשכוליות דייט,שונות /שרות,,,"י""ח",2,ליטר,false,1,4.99,2.50,false,1,
7290002327028,false,ג חנון 650 ג,נטו מלינדה סחר בעמ,,,"י""ח",650,ל גרם,false,1,17.90,2.75,true,1,
7290002327042,false,"בורקס תפו""א אופרה.",נטו מלינדה סחר בעמ,,,"י""ח",800,ל גרם,false,1,17.90,2.24,true,1,
7290002327059,false,בצק עלים אופרה,נטו מלינדה סחר בעמ,,,"י""ח",1,"ק""ג",false,1,17.90,17.90,true,1,
7290002327103,false,ג חנון בטעם מיוחד,נטו מלינדה סחר בעמ,,,"י""ח",1,"ק""ג",false,1,21.90,21.90,true,1,
7290002327912,false,מיני בורקס 700 ג,נטו מלינדה סחר בעמ,,,"י""ח",700,ל גרם,false,1,21.90,3.13,true,1,
7290002327929,false,"מיני בורקס תפו""א 700 ג",נטו מלינדה סחר בעמ,,,"י""ח",800,ל גרם,false,1,22.90,2.86,true,1,
7290002331018,false,נביעות 500 בודד,החברה המרכזית להפצת משקאות בעמ,,,"י""ח",500,"ל מ""ל",false,1,4,0.74,true,1,
7290002331025,false,נביעות 500 ספורט,החברה המרכזית להפצת משקאות בעמ,,,"י""ח",500,"ל מ""ל",false,1,3.30,0.60,false,1,
7290002331421,false,"שישיית נביעות 775 מ""ל",החברה המרכזית להפצת משקאות בעמ,,,"י""ח",4.53,ליטר,false,1,16.90,3.33,false,1,
7290002348238,false,לפתן אננס חתוך 850 ג וויליגר,נטו מלינדה סחר בעמ,,,"י""ח",850,ל גרם,false,1,8.90,1.05,false,1,
7290002348306,false,קוקטיל פירות,נטו מלינדה סחר בעמ,,,"י""ח",850,ל גרם,false,1,11.90,1.40,true,1,
7290002353836,false,סרדינים רוברט בשמן זית,א. סיימן סחר בעמ,,,"י""ח",120,ל גרם,false,1,8.90,7.42,true,1,
7290002360124,false,פומפדור ורד הבר,ש.שסטוביץ בעמ,,,"י""ח",30,ל גרם,false,1,13.90,46.33,true,1,
7290002360230,false,חרדל דיג ון 200 גרם.,ש.שסטוביץ בעמ,,,"י""ח",200,ל גרם,false,1,9.90,4.95,false,1,
7290002371854,false,"נקניקיות חריפות 1ק""ג",תנובה בשר,,,"י""ח",1,"ק""ג",false,1,31.90,31.90,false,1,
7290002374312,false,שמן קנולה מילו 1 ליטר,סוגת תעשיות בעמ,,,"י""ח",1,ליטר,false,1,10.90,10.90,false,1,
7290002512004,false,מלווח צנעני 900גר,א.ג בחירה חכמה בעמ,,,"י""ח",900,ל גרם,false,1,19.90,2.21,false,1,
7290002512011,false,ג חנון בצק 900ג צנעני,א.ג בחירה חכמה בעמ,,,"י""ח",900,ל גרם,false,1,19.90,2.21,false,1,
7290002515333,false,"אל סבון עדין לתינוק 500 מ""ל",פישר תעשיות פרמבצטיות בעמ,,,"י""ח",400,"ל מ""ל",false,1,16.90,4.23,false,1,
7290002515371,false,קמיל בלו 1 ליטר,פישר תעשיות פרמבצטיות בעמ,,,"י""ח",1,ליטר,false,1,26.90,26.90,true,1,
7290002538882,false,קרמבו ארטיק 20יח טעם מוקה,גלידות קולורדו בעמ,,,"י""ח",1,,false,1,21.90,21.90,false,1,
7290002543237,false,קורנפלקס 750 גרם קלוגס,דיפלומט מפיצים (1968) בעמ**,,,"י""ח",750,ל גרם,false,1,16.90,2.25,true,1,
7290002628088,false,טחון הודו 500גרם קפוא ארוז,בלדי בעמ,,,"י""ח",500,ל גרם,false,1,10.90,2.18,false,1,
7290002628293,false,טחון עוף קפוא 500גרם ארוז,בלדי בעמ,,,"י""ח",500,ל גרם,false,1,10.90,2.18,false,1,
7290002628989,false,נקניקיות מרגז ארוז,בלדי בעמ,,,"י""ח",500,ל גרם,false,1,21.90,4.38,false,1,
7290002654612,false,סחלב חלב ישראל,נאמן לאורך זמן בעמ,,,"י""ח",400,ל גרם,false,1,19.90,4.98,false,1,
7290002654674,false,אבקה להכנת עוגת שוקולד,נאמן לאורך זמן בעמ,,,"י""ח",560,ל גרם,false,1,14.90,2.66,true,1,
7290002654681,false,אבקה להכנת כדורי שוקולד,נאמן לאורך זמן בעמ,,,"י""ח",500,ל גרם,false,1,14.90,2.98,true,1,
7290002692393,false,שמן קנולה 1 ליטר מועשר עץ הזית.,סוגת תעשיות בעמ,,,"י""ח",1,ליטר,false,1,15.90,15.90,false,1,
7290002692478,false,"שמן זית כתית עץ הזית 750 מ""ל",סוגת תעשיות בעמ,,,"י""ח",750,"ל מ""ל",false,1,29.90,3.99,true,1,
7290002715504,false,מרק עוף בכוס,נטו מלינדה סחר בעמ,,,"י""ח",70,ל גרם,false,1,4.50,6.43,false,1,
7290002715528,false,מרק ירקות בכוס,נטו מלינדה סחר בעמ,,,"י""ח",70,ל גרם,false,1,4.50,6.43,false,1,
7290002715580,false,מרק סיני בכוס,נטו מלינדה סחר בעמ,,,"י""ח",70,ל גרם,false,1,4.50,6.43,false,1,
7290002720393,false,במבה לולו עשריות 10*20גר,יד אורן שיווק מוצרי מזון בעמ,,,"י""ח",200,ל גרם,false,1,8.90,4.45,true,1,
7290002730262,false,"פלמוליב נוזל כלים 750מ""ל",ש.שסטוביץ בעמ,,,"י""ח",750,"ל מ""ל",false,1,11.90,1.59,true,1,
7290002730538,false,בלונס מסיר איפור 60 יח,ש.שסטוביץ בעמ,,,"י""ח",1,"י""ח",false,1,8.90,8.90,false,1,
7290002730675,false,"##קולגייט אדומה 100 מ""ל",ש.שסטוביץ בעמ,,,"י""ח",100,"ל מ""ל",false,1,10.90,10.90,false,1,
7290002730811,false,קולגייט ג ל משפחתי,ש.שסטוביץ בעמ,,,"י""ח",138,ל גרם,false,1,12.90,9.35,true,1,
7290002735014,false,מלווח ארוז 800ג -יינון,קפוא זן תעשיות מזון בעמ,,,"י""ח",800,ל גרם,false,1,13.90,1.74,false,1,
7290002735021,false,ג חנון ינון 750ג,קפוא זן תעשיות מזון בעמ,,,"י""ח",750,ל גרם,false,1,14.90,1.99,false,1,
7290002735113,false,בורקס גבינה}ינון{,קפוא זן תעשיות מזון בעמ,,,"י""ח",800,ל גרם,false,1,15.90,1.99,false,1,
7290002735120,false,"בורקס תפו""א ינון",קפוא זן תעשיות מזון בעמ,,,"י""ח",800,ל גרם,false,1,13.90,1.74,false,1,
7290002735274,false,ג חנון אפוי,קפוא זן תעשיות מזון בעמ,,,"י""ח",600,ל גרם,false,1,15.90,2.65,false,1,
7290002752332,false,מנטוס גלילים פירות,ליימן שליסל,,,"י""ח",37.50,ל גרם,false,1,2.90,7.73,true,1,
7290002752349,false,מנטוס גלילים מנטה,ליימן שליסל,,,"י""ח",37.50,ל גרם,false,1,2.90,7.73,true,1,
7290002752493,false,טיק טק רביעיות מנטה,פרימיום - חברה לדברי מתיקה ולמ,,,"י""ח",250,ל גרם,false,1,11.40,4.56,true,1,
7290002753995,false,קישוטי שוקולד150ג,ליימן שליסל,,,"י""ח",150,ל גרם,false,1,18.40,12.27,false,1,
7290002768043,false,תאדנט מי פה ענק,החב הדרומית לשיווק,,,"י""ח",150,"ל מ""ל",false,1,14.70,9.80,false,1,
7290002768159,false,בת אורן-סבון אמב,החב הדרומית לשיווק,,,"י""ח",500,"ל מ""ל",false,1,17.90,3.58,false,1,
7290002782735,false,דאודורנט לגבר פנינה,פנינה רוזנבלום בעמ,,,"י""ח",180,"ל מ""ל",false,1,16.90,9.39,true,1,
7290002782742,false,דאודורנט פנינה חדש 2,פנינה רוזנבלום בעמ,,,"י""ח",150,"ל מ""ל",false,1,16.90,11.27,true,1,
7290002782759,false,קרם גוף פ. רוזנבלום מס 2,פנינה רוזנבלום בעמ,,,"י""ח",500,"ל מ""ל",false,1,23.90,4.78,true,1,
7290002814016,false,"מסיר שמנים קר}סנט מוריץ750 מ""ל",קומפלקס כימיקלסבעמ ~~~,,,"י""ח",750,"ל מ""ל",false,1,9.50,1.27,false,1,
7290002814054,false,אנטרטיק 1 ליטר מרסס,קומפלקס כימיקלסבעמ ~~~,,,"י""ח",1,ליטר,false,1,8.30,8.30,false,1,
7290002814528,false,מס 1 לניקוי אסלות 1 ליטר,קומפלקס כימיקלסבעמ ~~~,,,"י""ח",1,ליטר,false,1,4.90,4.90,false,1,
7290002824183,false,גבינה סקי 5% 500 גרם*,שטראוס גרופ ***בעמ,,,"י""ח",500,ל גרם,false,1,9.20,1.84,true,1,
7290002824466,false,דנונה ביו %0 שומן,שטראוס גרופ ***בעמ,,,"י""ח",200,"ל מ""ל",false,1,3.50,1.75,true,1,
7290002824640,false,גבינה סקי 5% 250 גרם*,שטראוס גרופ ***בעמ,,,"י""ח",250,ל גרם,false,1,4.97,1.99,true,1,
7290002825722,false,סלט כרוב אדום שטראוס 500גרם,שטראוס גרופ ***בעמ,,,"י""ח",500,ל גרם,false,1,14.90,2.98,true,1,
7290002862000,false,אריסה תוניסאית הררית 250גר,בידאני נתן,,,"י""ח",250,ל גרם,false,1,14.90,5.96,false,1,
7290002862017,false,שום כתוש 250 הררית,בידאני נתן,,,"י""ח",250,ל גרם,false,1,13.90,5.56,false,1,
7290002862031,false,אריסה מתוקה הררית,בידאני נתן,,,"י""ח",280,ל גרם,false,1,13.90,4.96,false,1,
7290002862048,false,פפריקה 420ג צנצנת,הררית הגליל תעשיות מזון בעמ,,,"י""ח",420,ל גרם,false,1,17.90,4.26,false,1,
7290002862055,false,לימון כבוש,בידאני נתן,,,"י""ח",250,ל גרם,false,1,13.90,5.56,false,1,
7290002862093,false,חזרת 250גר,בידאני נתן,,,"י""ח",250,ל גרם,false,1,13.90,5.56,false,1,
7290002862123,false,סחוג 150 ג ירוק,בידאני נתן,,,"י""ח",250,ל גרם,false,1,10.90,4.36,false,1,
7290002862253,false,פרורי לחם מוזהבים 200גר הררית,רוז חקלאות בעמ,,,"י""ח",200,ל גרם,false,1,3.90,1.95,false,1,
7290002862277,false,ממרח לימון כבוש,בידאני נתן,,,"י""ח",1,,false,1,13.90,13.90,false,1,
7290002868996,false,קוטג 5% מועשר 250 גרם,*החברה המרכזית להפצת משקאותבעמ,,,"י""ח",250,ל גרם,false,1,5.70,2.28,true,1,
7290002900566,false,פסטרמה ברביקיו דלת שומן,תנובה בשר,,,"י""ח",360,ל גרם,false,1,25.90,7.19,false,1,
7290002905462,false,מקל אלומיניום למטאטא,לפ סולומון סולור,,,"י""ח",1,,false,1,4.30,4.30,false,1,
7290002939498,false,שריר לא מעובד עטרה מספר 8,נטו מלינדה סחר בעמ,,,"ק""ג",1,"ק""ג",true,1,52.90,52.90,true,1,
7290002939528,false,גידים עטרה}קפוא{,נטו מלינדה סחר בעמ,,,"י""ח",1,,true,1,59.90,59.90,false,1,
7290002939542,false,לשון עטרה חלק,נטו מלינדה סחר בעמ,,,"ק""ג",1,,true,1,39.90,39.90,false,1,
7290002954026,false,שמן תירס 3 ל]שוקחה[,בני ג ורג שוקחה (חיפה) בעמ,,,"י""ח",3,ליטר,false,1,44.90,14.97,false,1,
7290002954040,false,שמן תירס 1 ל,בני ג ורג שוקחה (חיפה) בעמ,,,"י""ח",1,ליטר,false,1,14.90,14.90,true,1,
7290002954187,false,"אורז יסמין 5ק""ג מדליה",בני ג ורג שוקחה (חיפה) בעמ,,,"י""ח",5,"ק""ג",false,1,42.90,8.58,false,1,
7290002954200,false,"אורז יסמין מדליה 1ק""ג לבן",בני ג ורג שוקחה (חיפה) בעמ,,,"י""ח",1,"ק""ג",false,1,9.90,9.90,false,1,
7290002987963,false,"חומוס אחלה 1 ק""ג שטראוס",שטראוס גרופ ***בעמ,,,"י""ח",1,"ק""ג",false,1,13.90,13.90,true,1,
7290003009183,false,"סירופ דיאט תפוחים 750 מ""ל",החברה המרכזית להפצת משקאות בעמ,,,"י""ח",750,"ל מ""ל",false,1,23.60,3.15,false,1,
7290003009312,false,בוטן קלוי 200 גרם שקית קליית גת,ליימן שליסל,,,"י""ח",200,ל גרם,false,1,6.60,3.30,true,1,
7290003009329,false,בוטן אמריקאי 200 גרם,ליימן שליסל,,,"י""ח",200,ל גרם,false,1,5.90,2.95,true,1,
7290003009640,false,פריגת סחוט 100%,*החברה המרכזית להפצת משקאותבעמ,,,"י""ח",1,ליטר,false,1,16.20,16.20,true,1,
7290003013036,false,צינוריות+פתילות,צבע ומכחול (2014) בעמ,,,"י""ח",1,,false,1,6.90,6.90,false,1,
7290003015627,false,ריצפז פרש אפרסק 2 ליטר,החב הדרומית לשיווק,,,"י""ח",2,ליטר,false,1,15,7.50,false,1,
7290003015634,false,ריצפז פרש פסיפלורה 2 ליטר,החב הדרומית לשיווק,,,"י""ח",2,ליטר,false,1,15,7.50,false,1,
7290003020188,false,נייר אלומיניום 50 מקרון,פאלאס תעשיות נטו (2014) בעמ,,,"י""ח",1,,false,1,22.90,22.90,false,1,
7290003026029,false,קמיל שמפו סנסיטיב 500,פישר תעשיות פרמבצטיות בעמ,,,"י""ח",500,"ל מ""ל",false,1,15.90,3.18,false,1,
7290003026227,false,שמפו ללא דמעות פישר,פישר תעשיות פרמבצטיות בעמ,,,"י""ח",1,ליטר,false,1,26.40,26.40,true,1,
7290003029181,false,שוקו 1 ליטר בקבוק יטבתה,שטראוס גרופ ***בעמ,,,"י""ח",1,ליטר,false,1,11.90,11.90,true,1,
7290003029372,false,משקה חלב בננה 1ליטר בקבוק יטבתה,שטראוס גרופ ***בעמ,,,"י""ח",1,ליטר,false,1,11.90,11.90,true,1,
7290003029389,false,שוקו בטעם בננה יטבתה פקק 250מל.,שטראוס גרופ ***בעמ,,,"י""ח",250,"ל מ""ל",false,1,5.50,2.20,true,1,
7290003029433,false,"שוקו יטבתה בקבוק 250מ""ל מהדרין",שטראוס גרופ ***בעמ,,,"י""ח",250,"ל מ""ל",false,1,5.50,2.20,true,1,
7290003029532,false,מוקה 1 ליטר יטבתה,שטראוס גרופ ***בעמ,,,"י""ח",1,ליטר,false,1,11.90,11.90,true,1,
7290003029617,false,שמנת מנה אישית,שטראוס גרופ ***בעמ,,,"י""ח",125,"ל מ""ל",false,1,1.90,1.52,true,1,
7290003029792,false,מארז שוקו 8 יח (יוטבתה),שטראוס גרופ ***בעמ,,,"י""ח",1.80,ליטר,false,1,15,8.33,true,1,
7290003029815,false,חלב יטבתה מעושר 2 ליטר,שטראוס גרופ ***בעמ,,,"י""ח",2,ליטר,false,1,15,7.50,true,1,
7290003029907,false,אייס קפה יטבתה 1 ליטר בקבוק,שטראוס גרופ ***בעמ,,,"י""ח",1,ליטר,false,1,11.90,11.90,true,1,
7290003054657,false,חרדל דיג ון אקסטרא פורטה דיפלומט,דיפלומט מפיצים (1968) בעמ**,,,"י""ח",370,ל גרם,false,1,11.50,3.11,false,1,
7290003102280,false,צימרונים לתינוק,אינטרסן (1996) בעמ,,,"י""ח",1,"י""ח",false,1,3.90,3.90,false,1,
7290003102587,false,מברשת לבקבוק,אינטרסן (1996) בעמ,,,"י""ח",1,,false,1,5.90,5.90,false,1,
7290003102686,false,מספריים בטיחותיות לתינוק.,אינטרסן (1996) בעמ,,,"י""ח",1,,false,1,11.90,11.90,false,1,
7290003102693,false,פיטמת סיליקון,אינטרסן (1996) בעמ,,,"י""ח",1,,false,1,3.50,3.50,false,1,
7290003119509,false,בקבוק ריק 1.20,שונות /שרות,,,"י""ח",1,"י""ח",false,1,2.40,2.40,false,1,
7290003121083,false,מג יק בשר בשקית,נטו מלינדה סחר בעמ,,,"י""ח",85,ל גרם,false,1,2.50,2.94,false,1,
7290003121090,false,מג יק ירקות בשקית,נטו מלינדה סחר בעמ,,,"י""ח",85,ל גרם,false,1,2.50,2.94,false,1,
7290003121106,false,מג יק עוף בשקית,נטו מלינדה סחר בעמ,,,"י""ח",85,ל גרם,false,1,2.50,2.94,false,1,
7290003126712,false,"יוגורט עזים 3% ביו 150מ""ל",*החברה המרכזית להפצת משקאותבעמ,,,"י""ח",140,"ל מ""ל",false,1,6.30,4.50,true,1,
7290003127597,false,שקית שרות קופה גופיה,שונות /שרות,,,"י""ח",1,,false,1,0.10,0.10,false,1,
7290003145751,false,קשיו קלוי 200גר`,ליימן שליסל,,,"י""ח",200,ל גרם,false,1,19.40,9.70,true,1,
7290003145959,false,פקאן טבעי 150גר,ליימן שליסל,,,"י""ח",150,ל גרם,false,1,20.40,13.60,false,1,
7290003185726,false,קבב מזרחי ]500טיווןויל[,נטו מלינדה סחר בעמ,,,"י""ח",500,ל גרם,false,1,17.90,3.58,true,1,
7290003189076,false,פיצרלה 500 גרם,גבינות הכפר בעמ,,,"י""ח",500,ל גרם,false,1,20.90,4.18,false,1,
7290003189151,false,"צהובה אוסטרלי 1 ק""ג",גבינות הכפר בעמ,,,"י""ח",1,"ק""ג",false,1,37.90,37.90,false,1,
7290003199273,false,צמר פלדה 200 גרם ינה,ח.כהן סוכנות מזון ומשקאות בע,,,"י""ח",200,ל גרם,false,1,6.90,3.45,false,1,
7290003229109,false,פסטרמה הודו בפפריקה,תנובה בשר,,,"י""ח",400,ל גרם,false,1,25.90,6.48,false,1,
7290003229208,false,פסטרמה ספרדית 360 גרם,תנובה בשר,,,"י""ח",360,ל גרם,false,1,24.90,6.92,false,1,
7290003258291,false,דאודורנט ספריי פנינה מס 3,פנינה רוזנבלום בעמ,,,"י""ח",100,"ל מ""ל",false,1,16.90,16.90,true,1,
7290003258406,false,ווקס ברילנטין,פנינה רוזנבלום בעמ,,,"י""ח",100,"ל מ""ל",false,1,18.90,18.90,false,1,
7290003321155,false,דנונה בר קראנצי שבבי פקאן,שטראוס גרופ ***בעמ,,,"י""ח",175,"ל מ""ל",false,1,4.40,2.51,true,1,
7290003364107,false,צעצועים שונים 7,צעצועי דורון ~~~,,,"י""ח",1,,false,1,40,40,false,1,
7290003385881,false,במיה ברוטב עגבני,ויטה- פרי גליל (החדשה) בעמ,,,"י""ח",600,ל גרם,false,1,10.90,1.82,false,1,
7290003387205,false,ספיד סטיק גבר ירוק כהה,ש.שסטוביץ בעמ,,,"י""ח",63.70,ל גרם,false,1,16.90,26.53,true,1,
7290003401369,false,לחות קרם לעיצוב שיער}קלאסיק{,החב הדרומית לשיווק,,,"י""ח",400,"ל מ""ל",false,1,19.90,4.98,false,1,
7290003401376,false,לחות לשיער נטורל}קלאסיק{,החב הדרומית לשיווק,,,"י""ח",400,"ל מ""ל",false,1,19.90,4.98,false,1,
7290003401420,false,לחות לשער נטורל}קלאסיק{,החב הדרומית לשיווק,,,"י""ח",400,"ל מ""ל",false,1,19.90,4.98,false,1,
7290003411054,false,שקיות לצליה גדול 5יח,הנמל אריזות ושווק בעמ,,,"י""ח",5,"י""ח",false,1,5.10,1.02,false,1,
7290003411757,false,"צלחות 1 ק""ג הנמל",הנמל אריזות ושווק בעמ,,,"י""ח",1,"ק""ג",false,1,34.90,34.90,false,1,
7290003427154,false,שמן זית זיתא כתית.מעולה 750,תה ויסוצקי (ישראל)בעמ,,,"י""ח",750,"ל מ""ל",false,1,28.40,3.79,true,1,
7290003438006,false,ממרח פסטו צנובר,תה ויסוצקי (ישראל)בעמ,,,"י""ח",190,ל גרם,false,1,13.90,7.32,true,1,
7290003438013,false,ממרח זיתים,תה ויסוצקי (ישראל)בעמ,,,"י""ח",190,ל גרם,false,1,13.90,7.32,true,1,
7290003438020,false,ממרח עגבניות מיובשות,תה ויסוצקי (ישראל)בעמ,,,"י""ח",190,ל גרם,false,1,13.90,7.32,true,1,
7290003438990,false,עטורי עגבניות מיובשות,תה ויסוצקי (ישראל)בעמ,,,"י""ח",220,ל גרם,false,1,18.90,8.59,true,1,
7290003450602,false,ממרח חרדל צהוב היינץ,דיפלומט מפיצים (1968) בעמ**,,,"י""ח",255,ל גרם,false,1,7.90,3.10,false,1,
7290003457991,false,קורנטו קלאסיק שטראוס,גלידות שטראוס בעמ,,,"י""ח",1,,false,1,24.90,24.90,false,1,
7290003525898,false,סלט טונה מארז שלישיה 3 *160 ג,נטו מלינדה סחר בעמ,,,"י""ח",180,ל גרם,false,1,14.90,8.28,false,1,
7290003525904,false,סלט טונה פיקנטי שלישיה,נטו מלינדה סחר בעמ,,,"י""ח",480,ל גרם,false,1,14.90,3.10,false,1,
7290003550753,false,טונה פוסידון רביעיות,נטו מלינדה סחר בעמ,,,"י""ח",340,ל גרם,false,1,19.90,5.85,false,1,
7290003578061,false,לבבות דקל שלם}וויליפוד 400ג,ג.וילי פוד אינטרנשיונל בעמ,,,"י""ח",400,ל גרם,false,1,11.90,2.98,false,1,
7290003578108,false,אננס חתוך 850 גרם ויליפוד,ג.וילי פוד אינטרנשיונל בעמ,,,"י""ח",820,ל גרם,false,1,9.50,1.16,false,1,
7290003578313,false,דובדבנים וויליפוד ללא חרצנים,ג.וילי פוד אינטרנשיונל בעמ,,,"י""ח",720,ל גרם,false,1,8.90,1.24,false,1,
7290003643004,false,"אורז בסמטי קלאסי סוגת1 ק""ג",סוגת תעשיות בעמ,,,"י""ח",1,"ק""ג",false,1,12.20,12.20,false,1,
7290003643387,false,"סוכר אריזת פלסטיק 1 ק""ג סוגת",סוגת תעשיות בעמ,,,"י""ח",1,"ק""ג",false,1,7.90,7.90,false,1,
7290003643646,false,סוכר חום דמררה סוגת,סוגת תעשיות בעמ,,,"י""ח",1,"ק""ג",false,1,9.50,9.50,false,1,
7290003643684,false,אפונה יבשה 500 גרם,סוגת תעשיות בעמ,,,"י""ח",500,ל גרם,false,1,5.90,1.18,true,1,
7290003643714,false,חומוס 500 גרם סוגת,סוגת תעשיות בעמ,,,"י""ח",500,ל גרם,false,1,7.90,1.58,true,1,
7290003643738,false,חיטה 500 גרם סוגת,סוגת תעשיות בעמ,,,"י""ח",500,ל גרם,false,1,4,0.80,true,1,
7290003643745,false,כוסמת 500 גרם סוגת,סוגת תעשיות בעמ,,,"י""ח",500,ל גרם,false,1,8.90,1.78,true,1,
7290003643752,false,~עדשים ירוקים 500 ג סוגת,סוגת תעשיות בעמ,,,"י""ח",500,ל גרם,false,1,7.40,1.48,true,1,
7290003643769,false,עדשים אדומים 500 סוגת,סוגת תעשיות בעמ,,,"י""ח",500,ל גרם,false,1,7.40,1.48,true,1,
7290003643776,false,פופקורן 500 גרם,סוגת תעשיות בעמ,,,"י""ח",500,ל גרם,false,1,4,0.80,true,1,
7290003643806,false,שעועית לבנה 500 גרם סוגת,סוגת תעשיות בעמ,,,"י""ח",500,ל גרם,false,1,10,2,true,1,
7290003643813,false,שעועית אדומה 500 גרם,סוגת תעשיות בעמ,,,"י""ח",500,ל גרם,false,1,10,2,true,1,
7290003643820,false,חומוס ענק 500 סוגת,סוגת תעשיות בעמ,,,"י""ח",500,ל גרם,false,1,10,2,true,1,
7290003681303,false,שעועית מעורבת 500 מיה,מיה תעשיות מזון מ.ת.מ בעמ,,,"י""ח",500,ל גרם,false,1,7.90,1.58,false,1,
7290003681334,false,"קוקוס 400 גרם מיה בד""צ",מיה תעשיות מזון מ.ת.מ בעמ,,,"י""ח",400,ל גרם,false,1,8.90,2.23,false,1,
7290003681365,false,סוכריות לקישוט צבעוני מיה,מיה תעשיות מזון מ.ת.מ בעמ,,,"י""ח",200,ל גרם,false,1,3.90,1.95,false,1,
7290003681693,false,חומוס לבן ענק 500מיה,מיה תעשיות מזון מ.ת.מ בעמ,,,"י""ח",500,ל גרם,false,1,8.90,1.78,false,1,
7290003681716,false,גריסי פנינה 500 ג מיה,מיה תעשיות מזון מ.ת.מ בעמ,,,"י""ח",500,ל גרם,false,1,4.90,0.98,false,1,
7290003681723,false,תבלין לפיצה 100ג,מיה תעשיות מזון מ.ת.מ בעמ,,,"י""ח",100,ל גרם,false,1,6.30,6.30,false,1,
7290003681730,false,גריל דג,מיה תעשיות מזון מ.ת.מ בעמ,,,"י""ח",80,ל גרם,false,1,6.30,7.88,false,1,
7290003744862,false,אובלטים זעתר 300 גרם,שוקוטרייד בעמ,,,"י""ח",300,ל גרם,false,1,11.90,3.97,false,1,
7290003781065,false,מלפפונים במלח עם,ג.וילי פוד אינטרנשיונל בעמ,,,"י""ח",690,ל גרם,false,1,9.90,1.43,false,1,
7290003781652,false,צלפים 370גר,ג.וילי פוד אינטרנשיונל בעמ,,,"י""ח",370,ל גרם,false,1,8.90,2.41,false,1,
7290003804252,false,תיבולית נוסח הודי 72גרם,יוניליוור ישראל שיווק בעמ,,,"י""ח",72,ל גרם,false,1,7.90,10.97,true,1,
7290003804320,false,תיבולית שום ופטרוזיליה 72גר,יוניליוור ישראל שיווק בעמ,,,"י""ח",72,ל גרם,false,1,7.90,10.97,true,1,
7290003804368,false,תיבולית בזיליקום 72גרם,יוניליוור ישראל שיווק בעמ,,,"י""ח",72,ל גרם,false,1,7.90,10.97,true,1,
7290003804382,false,תיבולית קוביות פטריות 72גרם,יוניליוור ישראל שיווק בעמ,,,"י""ח",72,ל גרם,false,1,7.90,10.97,true,1,
7290003805501,false,פתית שבדי חסכוני 300 ג`,יוניליוור ישראל שיווק בעמ,,,"י""ח",300,ל גרם,false,1,14.90,4.97,false,1,
7290003805587,false,"פתית ח.מ בד""צ",יוניליוור ישראל שיווק בעמ,,,"י""ח",250,ל גרם,false,1,14.90,5.96,false,1,
7290003807178,false,"רוטב סויה 300 מ""ל סיג.סינ",יוניליוור ישראל שיווק בעמ,,,"י""ח",300,"ל מ""ל",false,1,10.90,3.63,true,1,
7290003807482,false,"רוטב טריאקי 370 מ""ל",יוניליוור ישראל שיווק בעמ,,,"י""ח",370,"ל מ""ל",false,1,9,2.43,true,1,
7290003864478,false,~סרדין בשמן צמחי ויליפוד,ג.וילי פוד אינטרנשיונל בעמ,,,"י""ח",110,ל גרם,false,1,4.90,4.45,true,1,
7290003864485,false,סרדין ברוטב עגבנ,ג.וילי פוד אינטרנשיונל בעמ,,,"י""ח",110,ל גרם,false,1,4.90,4.45,true,1,
7290003864492,false,סרדין בשמן צמחי וילפוד,ג.וילי פוד אינטרנשיונל בעמ,,,"י""ח",110,ל גרם,false,1,4.90,4.45,true,1,
7290003882694,false,"נתחי טונה בשמן 1 ק""ג ויליפוד",ג.וילי פוד אינטרנשיונל בעמ,,,"י""ח",1,"ק""ג",false,1,33.90,33.90,false,1,
7290003882922,false,עלי גפן ממולאים וויליפוד 400,ג.וילי פוד אינטרנשיונל בעמ,,,"י""ח",400,ל גרם,false,1,7.90,1.98,false,1,
7290003896141,false,אלמנדוס חטיף ספרדי פיקנטי,ליימן שליסל,,,"י""ח",200,ל גרם,false,1,9.40,4.70,true,1,
7290003903771,false,קפוצינו פחית 200,שטראוס גרופ בעמ,,,"י""ח",200,ל גרם,false,1,24.20,12.10,true,1,
7290003989096,false,סלט חציל פיקנטי-אחלה,שטראוס גרופ ***בעמ,,,"י""ח",500,ל גרם,false,1,14.90,2.98,true,1,
7290003989539,false,רביולי גבינה שטראוס,שטראוס גרופ ***בעמ,,,"י""ח",400,ל גרם,false,1,15,3.75,true,1,
7290003989553,false,טורטלוני פטריות שטראוס,שטראוס גרופ ***בעמ,,,"י""ח",400,ל גרם,false,1,15,3.75,true,1,
7290003996018,false,חסה ערבית חסלט,יעל ירק עלים לשיווק בעמ,,,"י""ח",1,"י""ח",false,1,7.80,7.80,false,1,
7290003996049,false,פטרוזיליה חסלט,יעל ירק עלים לשיווק בעמ,,,"י""ח",1,"י""ח",false,1,6.80,6.80,false,1,
7290003996056,false,כוסברה חסלט,יעל ירק עלים לשיווק בעמ,,,"י""ח",1,,false,1,6.80,6.80,false,1,
7290003996094,false,סלרי חסלט,יעל ירק עלים לשיווק בעמ,,,"י""ח",1,"י""ח",false,1,7.80,7.80,false,1,
7290003996506,false,כרוב לבן 400ג חסלט,יעל ירק עלים לשיווק בעמ,,,"י""ח",400,ל גרם,false,1,10,2.50,false,1,
7290003996513,false,כרוב אדום 400 גרם חסלט,יעל ירק עלים לשיווק בעמ,,,"י""ח",400,ל גרם,false,1,10,2.50,false,1,
7290004048679,false,קובה למרק,נטו מלינדה סחר בעמ,,,"י""ח",1,"ק""ג",false,1,18.90,18.90,false,1,
7290004061449,false,שניצל אמריקאי 700 גרם,קפוא זן תעשיות מזון בעמ,,,"י""ח",700,ל גרם,false,1,15.90,2.27,true,1,
7290004061487,false,טבעות עוף 700,קפוא זן תעשיות מזון בעמ,,,"י""ח",700,ל גרם,false,1,16.90,2.41,true,1,
7290004061494,false,נגיסי עוף 700,קפוא זן תעשיות מזון בעמ,,,"י""ח",700,ל גרם,false,1,16.90,2.41,true,1,
7290004063115,false,"מלח גביש 1 ק""ג}עבה{",סוגת תעשיות בעמ,,,"י""ח",1,"ק""ג",false,1,1.70,1.70,false,1,
7290004078270,false,פלמוליב לכלים צילנדר ליטר לימון,ש.שסטוביץ בעמ,,,"י""ח",1,ליטר,false,1,12.90,12.90,false,1,
7290004078690,false,WC אגקס ג ל נוזל לשרותים,ש.שסטוביץ בעמ,,,"י""ח",750,"ל מ""ל",false,1,14.90,1.99,true,1,
7290004091248,false,וזלין טהור 100 גרם,יוניליוור ישראל שיווק בעמ,,,"י""ח",106,"ל מ""ל",false,1,12.90,12.17,false,1,
7290004091255,false,וזלין פטרולאום ג ל 225,יוניליוור ישראל שיווק בעמ,,,"י""ח",225,"ל מ""ל",false,1,16.90,7.51,false,1,
7290004119010,false,גבינת שדה מותכת 25% 500 ג`,תנובה בעמ ***,,,"י""ח",1,,false,1,11.90,11.90,false,1,
7290004119133,false,יוגורט כד1.5 ליטר 7%,תנובה בעמ ***,,,"י""ח",1.50,ליטר,false,1,17.50,11.67,false,1,
7290004119225,false,יופלה אננס,תנובה בעמ ***,,,"י""ח",150,"ל מ""ל",false,1,5,3.33,false,1,
7290004120061,false,קרלו שוקו וניל,תנובה בעמ ***,,,"י""ח",125,"ל מ""ל",false,1,2,1.60,false,1,
7290004120108,false,דיאט יופלה טוויגי דובדבן,תנובה בעמ ***,,,"י""ח",150,"ל מ""ל",false,1,3.30,2.20,false,1,
7290004120566,false,בולגרית פיראוס 24% 250 ג`,תנובה בעמ ***,,,"י""ח",250,ל גרם,false,1,22.90,9.16,true,1,
7290004120573,false,פריאוס בולגרית 16% 250גר,תנובה בעמ ***,,,"י""ח",250,ל גרם,false,1,23.20,9.28,false,1,
7290004120634,false,~בולגרית פיראוס 5% 250גר,תנובה בעמ ***,,,"י""ח",250,ל גרם,false,1,21.90,8.76,true,1,
7290004121488,false,דיאט יופלה אפרסק,תנובה בעמ ***,,,"י""ח",150,"ל מ""ל",false,1,3.30,2.20,false,1,
7290004121525,false,מאגדת יופלה שמיניה פירות 3%,תנובה בעמ ***,,,"י""ח",1.20,ליטר,false,1,29.90,24.92,false,1,
7290004121754,false,יופלה קרם יוגורט,תנובה בעמ ***,,,"י""ח",150,"ל מ""ל",false,1,5,3.33,false,1,
7290004121853,false,פיראוס בולגרית קוביות 5% 200גר,תנובה בעמ ***,,,"י""ח",200,ל גרם,false,1,21.90,10.95,false,1,
7290004122195,false,גוש חלב פרוס}מהדרין {200ג`,תנובה בעמ ***,,,"י""ח",200,ל גרם,false,1,13.90,6.95,false,1,
7290004122270,false,עמק פרוס בקופסא 200גר,תנובה בעמ ***,,,"י""ח",200,ל גרם,false,1,16.10,8.05,true,1,
7290004122348,false,~עמק לייט 9% בקופסא 200 ג`,תנובה בעמ ***,,,"י""ח",200,ל גרם,false,1,16.90,8.45,true,1,
7290004122676,false,חמד פיראוס 5% 250גר,תנובה בעמ ***,,,"י""ח",250,ל גרם,false,1,17.90,7.16,true,1,
7290004122683,false,אצבעות עמק 172גר,תנובה בעמ ***,,,"י""ח",172,ל גרם,false,1,16.40,9.53,true,1,
7290004124205,false,דיאט יופלה תות טוויגי תות 0%,תנובה בעמ ***,,,"י""ח",150,"ל מ""ל",false,1,3.30,2.20,false,1,
7290004124847,false,קצפת צמחית השף הלבן 500 מייל,תנובה בעמ ***,,,"י""ח",500,"ל מ""ל",false,1,14.90,2.98,true,1,
7290004125370,false,שמנת 9% 200 ג,תנובה בעמ ***,,,"י""ח",200,"ל מ""ל",false,1,3.70,1.85,false,1,
7290004125400,false,אשל *4.5%,תנובה בעמ ***,,,"י""ח",200,"ל מ""ל",false,1,1.69,0.85,false,1,
7290004125417,false,גיל *3% 200 ג`,תנובה בעמ ***,,,"י""ח",200,ל גרם,false,1,1.51,0.76,false,1,
7290004125455,false,"שמנת תנובה 15% מהדרין 200 מ""ל*",תנובה בעמ ***,,,"י""ח",200,"ל מ""ל",false,1,2.40,1.20,false,1,
7290004125462,false,שמנת חמוצה 15% 500 ג*,תנובה בעמ ***,,,"י""ח",500,"ל מ""ל",false,1,6,1.20,false,1,
7290004125509,false,"שמנת תנובה 15% חצי מנה 100 מ""ל",תנובה בעמ ***,,,"י""ח",100,"ל מ""ל",false,1,1.60,1.60,false,1,
7290004125578,false,משקה סויה מועשר בסידן 1 ל`תנובה,תנובה בעמ ***,,,"י""ח",1,ליטר,false,1,10.90,10.90,true,1,
7290004125585,false,משקה סויה על הבוקר תנובה,תנובה בעמ ***,,,"י""ח",1,ליטר,false,1,10.90,10.90,true,1,
7290004125721,false,שמנת לבישול השף תנובה 250 מייל,תנובה בעמ ***,,,"י""ח",250,"ל מ""ל",false,1,8.20,3.28,false,1,
7290004125738,false,"שמנת לקצפת השף 250 מ""ל 32%( תנובה)",תנובה בעמ ***,,,"י""ח",250,"ל מ""ל",false,1,5.90,2.36,false,1,
7290004125776,false,עמק קלאסית פרוס בקופסא 400 גרם,תנובה בעמ ***,,,"י""ח",400,ל גרם,false,1,27.90,6.98,true,1,
7290004126759,false,דאיט יופלה פירות יער טו יוג פרי 150גר.,תנובה בעמ ***,,,"י""ח",150,"ל מ""ל",false,1,3.30,2.20,false,1,
7290004127077,false,קוטג תנובה 3% 250,תנובה בעמ ***,,,"י""ח",250,ל גרם,false,1,5.50,2.20,false,1,
7290004127329,false,קוטג% `5מהדרין תנובה 250,תנובה בעמ ***,,,"י""ח",275,ל גרם,false,1,5.60,2.04,false,1,
7290004127800,false,גבינה 5% 500 גרם*תנובה,תנובה בעמ ***,,,"י""ח",500,ל גרם,false,1,9.96,1.99,false,1,
7290004127817,false,גבינה 9% 500 גרם תנובה,תנובה בעמ ***,,,"י""ח",500,ל גרם,false,1,9.50,1.90,false,1,
7290004127862,false,"גבינה לבנה תנובה 5% 750 ג""ר*",תנובה בעמ ***,,,"י""ח",750,ל גרם,false,1,14.94,1.99,true,1,
7290004128340,false,גבינת קרם בטעם טבעי שמנת 200 ג`,תנובה בעמ ***,,,"י""ח",200,ל גרם,false,1,11.50,5.75,false,1,
7290004129101,false,נפוליאון בטעם טבעי,תנובה בעמ ***,,,"י""ח",225,ל גרם,false,1,14.20,6.31,false,1,
7290004129156,false,נפוליאון 30% שומ,תנובה בעמ ***,,,"י""ח",225,ל גרם,false,1,14.20,6.31,false,1,
7290004130794,false,משקה סויה מעושר טבעי 1 ל תנובה,תנובה בעמ ***,,,"י""ח",1,ליטר,false,1,10.90,10.90,true,1,
7290004130916,false,יופלה פירות יער בשמנת,תנובה בעמ ***,,,"י""ח",150,"ל מ""ל",false,1,3.30,2.20,false,1,
7290004131074,false,חלב 3% מהדרין תנובה קרטון+פקק * 1 ל`,תנובה בעמ ***,,,"י""ח",1,ליטר,false,1,6.23,6.23,false,1,
7290004131814,false,צפתית מעודנת פיראוס 200 ג 5%,תנובה בעמ ***,,,"י""ח",200,ל גרם,false,1,14.90,7.45,false,1,
7290004132552,false,דיאט סויה טבעי 1 ליטר,תנובה בעמ ***,,,"י""ח",1,ליטר,false,1,10.90,10.90,true,1,
7290004132903,false,"גבינה 250 ג`בד""צ 3%",תנובה בעמ ***,,,"י""ח",250,ל גרם,false,1,4.70,1.88,false,1,
7290004133511,false,יופלה לבן מאגדת שמיניה,תנובה בעמ ***,,,"י""ח",1.20,ליטר,false,1,20.90,17.42,false,1,
7290004134945,false,יופלה טעם מוקה 3% 150ג,תנובה בעמ ***,,,"י""ח",150,"ל מ""ל",false,1,5,3.33,false,1,
7290004135614,false,בולגרית מעודנת פיראוס 5% 250גר,תנובה בעמ ***,,,"י""ח",250,ל גרם,false,1,21.90,8.76,false,1,
7290004136857,false,מעדן ג לי בטעם פטל,תנובה בעמ ***,,,"י""ח",125,"ל מ""ל",false,1,2.30,1.84,false,1,
7290004136871,false,מעדן ג לי בטעם אפרסק,תנובה בעמ ***,,,"י""ח",125,"ל מ""ל",false,1,2.60,2.08,false,1,
7290004137021,false,שמנת לבישול תנובה 250 מייל,תנובה בעמ ***,,,"י""ח",250,"ל מ""ל",false,1,8.20,3.28,false,1,
7290004137311,false,עמק לייט %9משפחתית 400גר,תנובה בעמ ***,,,"י""ח",400,ל גרם,false,1,30.90,7.73,true,1,
7290004137809,false,לאבנה 5% 250גר,תנובה בעמ ***,,,"י""ח",250,ל גרם,false,1,12.80,5.12,false,1,
7290004146986,false,שמפו נקה -7 לשיער צבוע,החב הדרומית לשיווק,,,"י""ח",750,"ל מ""ל",false,1,11.90,1.59,false,1,
7290004146993,false,מרכך נקה -7 לשיער צבוע,החב הדרומית לשיווק,,,"י""ח",750,"ל מ""ל",false,1,11.90,1.59,false,1,
7290004165000,false,רסק תפוח עץ יכין,ב ספירת מלאי,,,"י""ח",560,ל גרם,false,1,5.34,0.95,false,1,
7290004165017,false,"רסק תפו""ע ללא סוכר",ב ספירת מלאי,,,"י""ח",560,ל גרם,false,1,4.99,0.89,false,1,
7290004199203,false,קיסמי שיניים 300,אינטרסן (1996) בעמ,,,"י""ח",1,,false,1,3.90,3.90,true,1,
7290004199241,false,להבונים חסידיים 50יח,אינטרסן (1996) בעמ,,,"י""ח",50,"י""ח",false,1,12.90,0.26,true,1,
7290004199579,false,פלסטר 100 יחידות,אינטרסן (1996) בעמ,,,"י""ח",100,"י""ח",false,1,9.90,0.10,true,1,
7290004199777,false,צימרוני אוזניים פל.בכוס,אינטרסן (1996) בעמ,,,"י""ח",1,,false,1,7.90,7.90,true,1,
7290004199821,false,אט כביסה סופר 24יחי,אינטרסן (1996) בעמ,,,"י""ח",1,,false,1,4.90,4.90,true,1,
7290004200282,false,פרסים רמה 7,שמחה זה אנחנו,,,"י""ח",1,,false,1,16.50,16.50,false,1,
7290004200992,false,נרות יום הולדת,שמחה זה אנחנו,,,"י""ח",1,,false,1,3,3,false,1,
7290004263034,false,המבורגר בית יוסף,נטו מלינדה סחר בעמ,,,"י""ח",500,ל גרם,false,1,18.90,3.78,false,1,
7290004263652,false,נקניקיות עוף(עטרה) 400ג,נטו מלינדה סחר בעמ,,,"י""ח",400,ל גרם,false,1,8.90,2.23,true,1,
7290004263676,false,טחון הודו}עטרה{500ג,נטו מלינדה סחר בעמ,,,"י""ח",500,ל גרם,false,1,12.90,2.58,false,1,
7290004267087,false,עוגיות מצופות 200 גרם ברמן,ח.כהן סוכנות מזון ומשקאות בע,,,"י""ח",200,ל גרם,false,1,5.90,2.95,false,1,
7290004324858,false,קבב כבש 400 גרם,נטו מלינדה סחר בעמ,,,"י""ח",500,ל גרם,false,1,17.90,3.58,true,1,
7290004492274,false,גל גל 400 גרם טבעות,יוניליוור ישראל שיווק בעמ,,,"י""ח",400,ל גרם,false,1,7.50,1.88,true,1,
7290004492762,false,נשנשים תירס 325 גרם,יוניליוור ישראל שיווק בעמ,,,"י""ח",325,ל גרם,false,1,11.90,3.66,false,1,
7290004494131,false,דלתון קברנה סובניון D.,הכרם משקאות חריפים בעמ,,,"י""ח",750,"ל מ""ל",false,1,49.90,6.61,false,1,
7290004494377,false,שיארז דלתון 2006 D,לפ החברה הסקוטית למסחר ושיווק,,,"י""ח",750,"ל מ""ל",false,1,55.10,7.31,false,1,
7290004554293,false,אסקימו טעם ענבים,גלידות שטראוס בעמ,,,"י""ח",1,,false,1,2.90,2.90,true,1,
7290004554330,false,אסקימו דובדבן,גלידות שטראוס בעמ,,,"י""ח",1,,false,1,1.90,1.90,true,1,
7290004554354,false,פנטזיה ש-ו חדש שטראוס,גלידות שטראוס בעמ,,,"י""ח",900,"ל מ""ל",false,1,16,1.78,false,1,
7290004554903,false,פנטזיה שוקו וניל שטראוס,גלידות שטראוס בעמ,,,"י""ח",900,"ל מ""ל",false,1,17.90,1.99,false,1,
7290004575069,false,מיניס וניל שקדים קפה,ריאו נתניה ביחר לגלידה,,,"י""ח",700,ל גרם,false,1,31.40,4.49,false,1,
7290004575335,false,מיני מג יק 8 יח,ריאו נתניה ביחר לגלידה,,,"י""ח",1,,false,1,29.90,29.90,false,1,
7290004575397,false,גלידה 1.8 ל חלבי,ריאו נתניה ביחר לגלידה,,,"י""ח",1.80,ליטר,false,1,14.90,8.28,false,1,
7290004575403,false,גלידה 1.8 ל פרווה,ריאו נתניה ביחר לגלידה,,,"י""ח",1.80,ליטר,false,1,14.90,8.28,false,1,
7290004584351,false,סימפוניה החמישית 200 ג,שטראוס גרופ ***בעמ,,,"י""ח",200,ל גרם,false,1,10.90,5.45,true,1,
7290004584528,false,דנונה ביו 1.7% שומן,שטראוס גרופ ***בעמ,,,"י""ח",200,"ל מ""ל",false,1,3.50,1.75,true,1,
7290004585907,false,דני וניל,שטראוס גרופ ***בעמ,,,"י""ח",130,"ל מ""ל",false,1,2.60,2,true,1,
7290004639006,false,סולטנה קוסקוס תוניסאי}מטעמי פאר{,מטעמי פאר (א.מ.נ) בעמ,,,"י""ח",800,ל גרם,false,1,15.90,1.99,false,1,
7290004658847,false,"יין תירוש 187מ""ל",אגודת הכורמים,,,"י""ח",187,"ל מ""ל",false,1,6.50,3.32,false,1,
7290004731076,false,אל סבון כיף 1 ליטר,החב הדרומית לשיווק,,,"י""ח",1,ליטר,false,1,13.90,13.90,false,1,
7290004731083,false,אל סבון כיף 1 ליטר,החב הדרומית לשיווק,,,"י""ח",1,ליטר,false,1,13.90,13.90,false,1,
7290004731090,false,אל סבון כיף 1 ליטר,החב הדרומית לשיווק,,,"י""ח",1,ליטר,false,1,13.90,13.90,false,1,
7290004731410,false,סנו סושי כרית קרצוף ירוק 3 יחידות,החב הדרומית לשיווק,,,"י""ח",1,,false,1,10.90,10.90,false,1,
7290004731472,false,כיף אלסבון שלישייה,החב הדרומית לשיווק,,,"י""ח",1.50,ליטר,false,1,18.90,12.60,false,1,
7290004731519,false,תרסיס מקסימה סנסטיב ורוד למייבש כביסה,החב הדרומית לשיווק,,,"י""ח",750,"ל מ""ל",false,1,17.90,2.39,true,1,
7290004731670,false,דאופרש מטהר אוויר,החב הדרומית לשיווק,,,"י""ח",300,"ל מ""ל",false,1,9.90,3.30,false,1,
7290004737719,false,אספרגוס שלם מקולף בצנצת 330ג,ג.וילי פוד אינטרנשיונל בעמ,,,"י""ח",330,ל גרם,false,1,9.90,3,false,1,
7290004737900,false,חלב מרוכז ממותק ויליפוד,ג.וילי פוד אינטרנשיונל בעמ,,,"י""ח",397,ל גרם,false,1,9.90,2.49,false,1,
7290004861315,false,לבנה טבעי/ירקות שקיל 5%,מחלבות המושבה בעמ,,,"ק""ג",1,,true,1,39.90,39.90,false,1,
7290004861421,false,חלומי שקיל המושבה,מחלבות המושבה בעמ,,,"ק""ג",1,"ק""ג",true,1,79.90,79.90,false,1,
7290004944032,false,חומוס אסלי 400 ג,סלטי שמיר2006בעמ,,,"י""ח",400,ל גרם,false,1,9.90,2.48,true,1,
7290004944049,false,טחינה 400 ג אסלי,סלטי שמיר2006בעמ,,,"י""ח",400,ל גרם,false,1,9.90,2.48,true,1,
7290004944056,false,חציל במיונז אסלי 400ג,סלטי שמיר2006בעמ,,,"י""ח",400,ל גרם,false,1,9.90,2.48,true,1,
7290004944063,false,סלט טורקי 400 ג,סלטי שמיר2006בעמ,,,"י""ח",400,ל גרם,false,1,10.90,2.73,true,1,
7290004944070,false,כרוב אדום 400 ג אסלי,סלטי שמיר2006בעמ,,,"י""ח",400,ל גרם,false,1,10.90,2.73,true,1,
7290004982355,false,צ`דר טריפל נטו,א. סיימן סחר בעמ,,,"ק""ג",1,,true,1,129,129,true,1,
7290005008184,false,פלמוליב סבון נוזלי,ש.שסטוביץ בעמ,,,"י""ח",500,"ל מ""ל",false,1,15.90,3.18,true,1,
7290005068058,false,תירס קל פרי גליל A2,ויטה- פרי גליל (החדשה) בעמ,,,"י""ח",550,ל גרם,false,1,7.90,1.44,false,1,
7290005084355,false,סנסודין דואל קר,גורי ע.ע.ע. בעמ,,,"י""ח",75,ל גרם,false,1,12.50,16.67,true,1,
7290005174513,false,סלט חציל במיונז אחלה 500גרם,שטראוס גרופ ***בעמ,,,"י""ח",500,ל גרם,false,1,14.90,2.98,true,1,
7290005174551,false,חומוס יום יום אחלה,שטראוס גרופ ***בעמ,,,"י""ח",125,ל גרם,false,1,4.70,3.76,true,1,
7290005174568,false,חצילים יום יום,שטראוס גרופ ***בעמ,,,"י""ח",125,ל גרם,false,1,4.70,3.76,true,1,
7290005174575,false,טחינה יום יום,שטראוס גרופ ***בעמ,,,"י""ח",125,ל גרם,false,1,4.70,3.76,true,1,
7290005175589,false,"קמח תירס 1 ק""ג",ג.וילי פוד אינטרנשיונל בעמ,,,"י""ח",1,"ק""ג",false,1,9.90,9.90,false,1,
7290005197758,false,חיוכים שוקו 150במגש,שטראוס גרופ בעמ,,,"י""ח",150,ל גרם,false,1,4.90,3.27,true,1,
7290005199288,false,מסטיק מאסט פטל לימון,שטראוס גרופ בעמ,,,"י""ח",28,ל גרם,false,1,4.30,15.36,true,1,
7290005199578,false,פלאטינום נטול 200,שטראוס גרופ בעמ,,,"י""ח",200,ל גרם,false,1,31.90,15.95,true,1,
7290005200786,false,תפוצ יפס שמנת ובצל,שטראוס פריטו ליי בעמ,,,"י""ח",50,ל גרם,false,1,3.70,7.40,true,1,
7290005201455,false,נס קפה ארומה 200 גרם,שטראוס גרופ בעמ,,,"י""ח",200,ל גרם,false,1,21.90,10.95,true,1,
7290005270000,false,עלים לסיגר 500 גרם חמים וטעים,חמים וטעים בעמ,,,"י""ח",500,ל גרם,false,1,14.90,2.98,false,1,
7290005287206,false,טונה סטארקיסט בשמן 160גרם רבעייה,דיפלומט מפיצים (1968) בעמ**,,,"י""ח",640,ל גרם,false,1,26.90,4.20,true,1,
7290005287213,false,"טונה סטארקיסט בשמן 160ג רבעיות בד""ץ",דיפלומט מפיצים (1968) בעמ**,,,"י""ח",640,ל גרם,false,1,26.90,4.20,true,1,
7290005287657,false,ממרח טונה סטארקיסט 160ג,דיפלומט מפיצים (1968) בעמ**,,,"י""ח",160,ל גרם,false,1,6.50,4.06,true,1,
7290005296260,false,אסטוניש רסס ונגב,יעקב יעקבי ובניו בעמ,,,"י""ח",750,"ל מ""ל",false,1,11.90,1.59,true,1,
7290005317200,false,קרקר טופז רגיל 110גר הדר,ח.כהן סוכנות מזון ומשקאות בע,,,"י""ח",110,ל גרם,false,1,2.20,2,true,1,
7290005423482,false,קרם כיריים קרמיי,החב הדרומית לשיווק,,,"י""ח",300,"ל מ""ל",false,1,14.90,4.97,false,1,
7290005423567,false,מטליות בגליל סושי,החב הדרומית לשיווק,,,"י""ח",1,,false,1,18.90,18.90,false,1,
7290005423635,false,ריצפז דוחה חרקים 2 ליטר,החב הדרומית לשיווק,,,"י""ח",2,ליטר,false,1,19.90,9.95,false,1,
7290005423734,false,מקסימה מרכך 4 ל אולטרא,החב הדרומית לשיווק,,,"י""ח",4,ליטר,false,1,21.90,5.48,false,1,
7290005423871,false,אורביטול שלישיה סודה,החב הדרומית לשיווק,,,"י""ח",435,ל גרם,false,1,16.50,3.79,false,1,
7290005423918,false,מרכך כביסה מקסימה ירוק 4 ליטר,החב הדרומית לשיווק,,,"י""ח",4,ליטר,false,1,21.90,5.48,false,1,
7290005424403,false,אל סבון כיף 1 ליטר,החב הדרומית לשיווק,,,"י""ח",1,ליטר,false,1,10,10,false,1,
7290005424847,false,סנו סופט 150 מפיות לבן.,החב הדרומית לשיווק,,,"י""ח",150,"י""ח",false,1,7.90,0.05,false,1,
7290005424991,false,פרש אוטומטיק בניחוח בייבי פאודר,החב הדרומית לשיווק,,,"י""ח",165,ל גרם,false,1,12.90,7.82,false,1,
7290005425073,false,דואופרש אפרסק,החב הדרומית לשיווק,,,"י""ח",300,"ל מ""ל",false,1,9.90,3.30,false,1,
7290005425196,false,אבקת כביסה מקסימה סנסטיב 2.5,החב הדרומית לשיווק,,,"י""ח",2.50,"ק""ג",false,1,22.90,9.16,false,1,
7290005425202,false,"א.כביסה מקסימה 2.5 ק""ג",החב הדרומית לשיווק,,,"י""ח",2.50,"ק""ג",false,1,25.90,10.36,false,1,
7290005425646,false,סנו קליר אקדח 1ליטר,החב הדרומית לשיווק,,,"י""ח",1,ליטר,false,1,9.90,9.90,false,1,
7290005426568,false,לחות לשיער קרמה-רגיל,החב הדרומית לשיווק,,,"י""ח",400,"ל מ""ל",false,1,16.90,4.23,false,1,
7290005426940,false,K300 פלוס 8 חודשים,החב הדרומית לשיווק,,,"י""ח",400,"ל מ""ל",false,1,21.90,5.48,false,1,
7290005426964,false,סנובון שלישייה כחול אפרסק,החב הדרומית לשיווק,,,"י""ח",165,ל גרם,false,1,14.90,9.03,true,1,
7290005426971,false,סנובון שלישייה כחול תפוח,החב הדרומית לשיווק,,,"י""ח",165,ל גרם,false,1,14.90,9.03,true,1,
7290005427107,false,מגבות הפלא}סנו{שישייה,החב הדרומית לשיווק,,,"י""ח",570,ל גרם,false,1,10.90,1.91,false,1,
7290005427633,false,"כיף ג ל לשיער חזק 1 ק""ג",החב הדרומית לשיווק,,,"י""ח",1,"ק""ג",false,1,19.90,19.90,false,1,
7290005427848,false,מטליות בגליל סושי,החב הדרומית לשיווק,,,"י""ח",1,,false,1,18.90,18.90,false,1,
7290005428845,false,מפיות ארוח סופט 100,החב הדרומית לשיווק,,,"י""ח",100,"י""ח",false,1,7.90,0.08,false,1,
7290005428852,false,ממחטות צבעוני סופט חמישייה,החב הדרומית לשיווק,,,"י""ח",650,ל גרם,false,1,13.90,2.14,false,1,
7290005429279,false,"סנו מקסימה אפקט זאוול 6 ק""ג.",החב הדרומית לשיווק,,,"י""ח",6,"ק""ג",false,1,45.90,7.65,true,1,
7290005429286,false,סנו מקסימה קומפקט ביו 6,החב הדרומית לשיווק,,,"י""ח",6,"ק""ג",false,1,45.90,7.65,true,1,
7290005430602,false,סנו אוקסיגאן מסיר בתרסיס מרסס,החב הדרומית לשיווק,,,"י""ח",750,"ל מ""ל",false,1,17.70,2.36,false,1,
7290005437861,false,קוקטייל פירות טרופי 825 גרם,טעמן שווק מזון בעמ,,,"י""ח",900,ל גרם,false,1,11.90,1.32,false,1,
7290005500558,false,"ג ל חדש 1 ק""ג",פנינה רוזנבלום בעמ,,,"י""ח",1,ליטר,false,1,19.80,19.80,false,1,
7290005500688,false,"מסיכה לשיער 1 ק""ג",פנינה רוזנבלום בעמ,,,"י""ח",1,"ק""ג",false,1,29.90,29.90,false,1,
7290005500893,false,"ג ל קוצים 1 ק""ג",פנינה רוזנבלום בעמ,,,"י""ח",1,"ק""ג",false,1,19.80,19.80,false,1,
7290005509445,false,מיני קוקיס בטעם חמאה 600 ג`,כרמית תעשיות ממתקים בעמ,,,"י""ח",600,"ס""מ",false,1,16.90,2.82,false,1,
7290005559587,false,נקניקיות בבצק]מעדנות[,תנובה בשר,,,"י""ח",800,ל גרם,false,1,28.90,3.61,false,1,
7290005559709,false,בורקס פיצה}מעדנות{,תנובה בשר,,,"י""ח",700,ל גרם,false,1,25.90,3.70,false,1,
7290005559914,false,"פיצה משפחתית זיתים 550ג""ר מעדנות",תנובה בשר,,,"י""ח",550,ל גרם,false,1,19.90,3.62,true,1,
7290005591761,false,דבש טהור מפרחי בר לחיץ 400גר יד מרדכי,שטראוס גרופ בעמ,,,"י""ח",400,ל גרם,false,1,19.90,4.98,true,1,
7290005651069,false,"לה קט מיקס 2.85 ק""ג",דיפלומט מפיצים (1968) בעמ**,,,"י""ח",2.85,"ק""ג",false,1,64.90,22.77,false,1,
7290005651427,false,בונזו מעדן 415גר.,דיפלומט מפיצים (1968) בעמ**,,,"י""ח",1.24,"ק""ג",false,1,17.90,14.44,false,1,
7290005680052,false,טמפוני סופר 32 OB,ש.שסטוביץ בעמ,,,"י""ח",1,,false,1,24.90,24.90,false,1,
7290005733666,false,מוצרי פופ,צעצועי דורון ~~~,,,"י""ח",1,,false,1,20,20,false,1,
7290005733703,false,הרכבה,צעצועי דורון ~~~,,,"י""ח",1,,false,1,20,20,false,1,
7290005733994,false,סט כלים,צעצועי דורון ~~~,,,"י""ח",1,,false,1,30,30,false,1,
7290005734267,false,כלי תחבורה,צעצועי דורון ~~~,,,"י""ח",1,,false,1,40,40,false,1,
7290005734274,false,כלי תחבורה,צעצועי דורון ~~~,,,"י""ח",1,,false,1,30,30,false,1,
7290005735523,false,כלי רכב,צעצועי דורון ~~~,,,"י""ח",1,,false,1,20,20,false,1,
7290005736063,false,משחקים בקופסא,צעצועי דורון ~~~,,,"י""ח",1,,false,1,20,20,false,1,
7290005838002,false,דניאלה בטעם יוגורט וניל,שטראוס גרופ ***בעמ,,,"י""ח",150,"ל מ""ל",false,1,3.90,2.60,true,1,
7290005838613,false,סקי וניל 3%,שטראוס גרופ ***בעמ,,,"י""ח",125,ל גרם,false,1,2.50,2,true,1,
7290005839078,false,מארז שמיניה ביו 3% 150גר,שטראוס גרופ ***בעמ,,,"י""ח",1.20,ליטר,false,1,15.90,13.25,true,1,
7290005839108,false,סימפוניה עם זיתים 5%,שטראוס גרופ ***בעמ,,,"י""ח",200,ל גרם,false,1,10.90,5.45,true,1,
7290005839313,false,מילקי טופ שטראוס,שטראוס גרופ ***בעמ,,,"י""ח",130,"ל מ""ל",false,1,4.60,3.54,true,1,
7290005854606,false,אסקימו אננס,גלידות שטראוס בעמ,,,"י""ח",1,,false,1,2.90,2.90,true,1,
7290005854613,false,תותי פרוטי,גלידות שטראוס בעמ,,,"י""ח",1,,false,1,2.90,2.90,true,1,
7290005896460,false,"בירה איגל פחית חזקה 7.8% 500מ""ל",טמפו משקאות בעמ,,,"י""ח",330,"ל מ""ל",false,1,6.70,1.94,false,1,
7290005992247,false,חלומי מוסדי,מחלבות גד,,,"ק""ג",1,,true,1,93.80,93.80,false,1,
7290005992575,false,בולגרית למריחה 5% גד 250 ג,מחלבות גד,,,"י""ח",250,ל גרם,false,1,13.90,5.56,false,1,
7290005992667,false,בולגרית פח% {5 גד}שקיל,מחלבות גד,,,"ק""ג",300,ל גרם,true,1,55.90,18.63,false,1,
7290005992735,false,לבנה 250 ג גד,מחלבות גד,,,"י""ח",250,ל גרם,false,1,11.90,4.76,false,1,
7290006185204,false,"קרם לחות לשיער יבש 500מ""ל",פנינה רוזנבלום בעמ,,,"י""ח",500,"ל מ""ל",false,1,16.90,3.38,false,1,
7290006185518,false,סבון נוזלי כחול פנינה 1 ליטר,פנינה רוזנבלום בעמ,,,"י""ח",1,ליטר,false,1,10.90,10.90,true,1,
7290006229588,false,"בירה איגל פחית זהב 500מ""ל",טמפו משקאות בעמ,,,"י""ח",330,"ל מ""ל",false,1,6.20,1.79,false,1,
7290006241153,false,פקאן סיני 150 גרם,ליימן שליסל,,,"י""ח",150,ל גרם,false,1,20.90,13.93,false,1,
7290006241191,false,אגוז מלך שקית 150 גרם,ליימן שליסל,,,"י""ח",150,ל גרם,false,1,17.90,11.93,true,1,
7290006241214,false,שקד טבעי שקית,ליימן שליסל,,,"י""ח",200,ל גרם,false,1,17.90,8.95,false,1,
7290006251107,false,מסאלה צ אי,תה ויסוצקי (ישראל)בעמ,,,"י""ח",50,ל גרם,false,1,17.90,35.80,false,1,
7290006251268,false,תה ירוק תפוח וקינמון,תה ויסוצקי (ישראל)בעמ,,,"י""ח",37.50,ל גרם,false,1,24.90,66.40,true,1,
7290006251275,false,תה ירוק סיני 25 יח,תה ויסוצקי (ישראל)בעמ,,,"י""ח",37.50,ל גרם,false,1,20,53.33,true,1,
7290006251343,false,חליטת מנגו-פסיפלורה גן קסום,תה ויסוצקי (ישראל)בעמ,,,"י""ח",62.50,ל גרם,false,1,17.90,28.64,true,1,
7290006251374,false,תה ירוק לימונית וג נג ר,תה ויסוצקי (ישראל)בעמ,,,"י""ח",25,ל גרם,false,1,19.90,79.60,true,1,
7290006251589,false,תה ירוק נענע 50 יח,תה ויסוצקי (ישראל)בעמ,,,"י""ח",75,ל גרם,false,1,45.90,61.20,true,1,
7290006265500,false,פטריות שמפיניון,ביכורי השדה צפון 1994 ג.ד. בעמ,,,"י""ח",1,,false,1,10.90,10.90,true,1,
7290006271181,false,ג חנון מעדנות אפוי למיקרוגל 750 ג,תנובה בשר,,,"י""ח",750,ל גרם,false,1,17.90,2.39,false,1,
7290006271648,false,"מיני בורקס תפו""א",תנובה בשר,,,"י""ח",650,ל גרם,false,1,21.90,3.37,false,1,
7290006271655,false,מיני בורקס גבינה,תנובה בשר,,,"י""ח",800,ל גרם,false,1,24.90,3.11,false,1,
7290006272072,false,חטיפי פיצה מעדנות.,תנובה בשר,,,"י""ח",650,ל גרם,false,1,22.90,3.52,false,1,
7290006272430,false,בצק עלים חמאה,תנובה בשר,,,"י""ח",600,ל גרם,false,1,27.90,4.65,false,1,
7290006286031,false,חסה,ביכורי השדה צפון 1994 ג.ד. בעמ,,,"י""ח",1,,false,1,4.90,4.90,false,1,
7290006306302,false,רביולי גבינה פסטה נונה,מחלבות גד,,,"י""ח",400,ל גרם,false,1,19.90,4.98,false,1,
7290006306319,false,רביולי בטטה פסטה נונה,מחלבות גד,,,"י""ח",400,ל גרם,false,1,19.90,4.98,false,1,
7290006342553,false,קבוקים 200גר.,דין שיווק וקליה 2021 בעמ,,,"י""ח",200,ל גרם,false,1,5.90,2.95,false,1,
7290006374738,false,קונפיטורה תות יד מרדכי בטעם תות,שטראוס גרופ בעמ,,,"י""ח",340,ל גרם,false,1,13.60,4,true,1,
7290006376299,false,שוקו כייף פרמיום שקית 500 ג,נאמן לאורך זמן בעמ,,,"י""ח",500,ל גרם,false,1,7.90,1.58,false,1,
7290006376862,false,שלישית קפה פרימיום,נאמן לאורך זמן בעמ,,,"י""ח",300,ל גרם,false,1,13.90,4.63,false,1,
7290006429506,false,חצאי אפרסק טעמן 820 גרם,טעמן שווק מזון בעמ,,,"י""ח",820,ל גרם,false,1,9.90,1.21,false,1,
7290006492432,false,מוצרלה בייבי 150 ג,מחלבות גד,,,"י""ח",1,,false,1,13.90,13.90,false,1,
7290006492616,false,בולגרית פרוסות 5% גד 250 ג`,מחלבות גד,,,"י""ח",250,ל גרם,false,1,25.20,10.08,false,1,
7290006492685,false,לבנה 250 גרם גד,מחלבות גד,,,"י""ח",250,ל גרם,false,1,16.90,6.76,false,1,
7290006492852,false,גבינה לבנה 5% עזים,מחלבות גד,,,"י""ח",1,,false,1,15.90,15.90,false,1,
7290006494917,false,מרמולייט וופל שוקו,דנשר (1963) בעמ,,,"י""ח",180,ל גרם,false,1,7.80,4.33,false,1,
7290006494924,false,מרמולייט וופל לימון 180,דנשר (1963) בעמ,,,"י""ח",180,ל גרם,false,1,7.80,4.33,false,1,
7290006511157,false,"פטריות שלם 400 ג בד""ץ",ג.וילי פוד אינטרנשיונל בעמ,,,"י""ח",400,ל גרם,false,1,7.90,1.98,true,1,
7290006511751,false,פטריות חתוך 290 גרם *שלישיה,ג.וילי פוד אינטרנשיונל בעמ,,,"י""ח",870,ל גרם,false,1,11.90,1.37,true,1,
7290006546388,false,תחתיות ארטישוק קפוא 400 גרם,ויטה- פרי גליל (החדשה) בעמ,,,"י""ח",400,ל גרם,false,1,9.90,2.48,false,1,
7290006546524,false,צ יפס מובחר 800,נטו מלינדה סחר בעמ,,,"י""ח",800,ל גרם,false,1,14.90,1.86,false,1,
7290006550972,false,"טחון בקר עטרה 1 ק""ג",נטו מלינדה סחר בעמ,,,"י""ח",1,"ק""ג",false,1,24.90,24.90,true,1,
7290006618085,false,אסטוניש מרסס לאמבט 750,יעקב יעקבי ובניו בעמ,,,"י""ח",750,"ל מ""ל",false,1,11.90,1.59,true,1,
7290006618146,false,הפי נוזל להדלקת פחמים,יעקב יעקבי ובניו בעמ,,,"י""ח",1,,false,1,10.90,10.90,false,1,
7290006618610,false,ספוגית לכלים,יעקב יעקבי ובניו בעמ,,,"י""ח",1,,false,1,7.90,7.90,false,1,
7290006640598,false,מכשירי כתיבה מגוון,צבע ומכחול (2014) בעמ,,,"י""ח",1,,false,1,5.50,5.50,false,1,
7290006640635,false,מכשירי כתיבה 704,צבע ומכחול (2014) בעמ,,,"י""ח",1,,false,1,4.90,4.90,false,1,
7290006640758,false,סלסלה עגולה בינונית,צבע ומכחול (2014) בעמ,,,"י""ח",1,,false,1,19.90,19.90,false,1,
7290006640789,false,צעצועים,צבע ומכחול (2014) בעמ,,,"י""ח",1,,false,1,9.90,9.90,false,1,
7290006644480,false,תפוזינה תפוז 0.5 ליטר,יפאורה שותפות מוגבלת לשיווק,,,"י""ח",500,"ל מ""ל",false,1,5.90,1.12,true,1,
7290006644510,false,תפוזינה ענבים 0.5 ליטר,יפאורה שותפות מוגבלת לשיווק,,,"י""ח",500,"ל מ""ל",false,1,5.90,1.12,true,1,
7290006652027,false,במבה מארז מולטיפק *20יח,קבוצת אוסם סחר-שות.מוגבלת,,,"י""ח",300,ל גרם,false,1,23.90,7.97,true,1,
7290006653819,false,קוסקוס דק 350 ג אוסם,קבוצת אוסם סחר-שות.מוגבלת,,,"י""ח",350,ל גרם,false,1,6.90,1.97,false,1,
7290006664051,false,אקטימל מארז משפ 14 יח טבעי,שטראוס גרופ ***בעמ,,,"י""ח",1.40,ליטר,false,1,29.90,21.36,true,1,
7290006664402,false,גבינת סקי 5% 750 ג*,שטראוס גרופ ***בעמ,,,"י""ח",750,ל גרם,false,1,13.60,1.81,true,1,
7290006664532,false,דנונה תות 3%,שטראוס גרופ ***בעמ,,,"י""ח",150,"ל מ""ל",false,1,3.50,2.33,true,1,
7290006664655,false,אקטימל שמיניה טבעי,שטראוס גרופ ***בעמ,,,"י""ח",800,"ל מ""ל",false,1,19.90,2.49,true,1,
7290006664693,false,דנונה אפרסק 3%,שטראוס גרופ ***בעמ,,,"י""ח",150,"ל מ""ל",false,1,3.50,2.33,true,1,
7290006664990,false,~מארז שמינייה ביו 1.5% 150גר,שטראוס גרופ ***בעמ,,,"י""ח",1.20,ליטר,false,1,15.90,13.25,true,1,
7290006681553,false,קרמבו וניל ]8 שטראוס[,גלידות שטראוס בעמ,,,"י""ח",8,"י""ח",false,1,15.90,1.99,true,1,
7290006681560,false,קרמבו מוקה ]8 שטראוס[,גלידות שטראוס בעמ,,,"י""ח",8,"י""ח",false,1,15.90,1.99,true,1,
7290006712684,false,ספיד סטיק-כחול,ש.שסטוביץ בעמ,,,"י""ח",51,ל גרם,false,1,19.90,39.02,true,1,
7290006712981,false,"משחת שיניים ילדים ספיידרמן 50מ""ל",ש.שסטוביץ בעמ,,,"י""ח",50,ל גרם,false,1,10,20,false,1,
7290006739346,false,נקניקיות פרגיות זוגלובק,זוגלובק שיווק בעמ,,,"י""ח",400,ל גרם,false,1,18.90,4.73,true,1,
7290006739414,false,סלמי קוניאק 300גר`,זוגלובק שיווק בעמ,,,"י""ח",3.50,"י""ח",false,1,26.90,7.69,false,1,
7290006741363,false,"בורקס תפו""א בד""צ 800 ג`",זוגלובק שיווק בעמ,,,"י""ח",800,ל גרם,false,1,18.90,2.36,true,1,
7290006741387,false,מלאווח תימני 700 גרם זוגלובק,זוגלובק שיווק בעמ,,,"י""ח",700,ל גרם,false,1,16.90,2.41,true,1,
7290006764096,false,איגל בקבוק חוזר 500 מייל,טמפו משקאות בעמ,,,"י""ח",500,"ל מ""ל",false,1,5.10,0.78,true,1,
7290006770684,false,עוגת מוס גבינה פרורים 850 גרם,קפולסקי אדל בעמ,,,"י""ח",850,ל גרם,false,1,69.90,8.22,false,1,
7290006775016,false,עוגת תפוז ]450אחוה[,אחדות בעמ,,,"י""ח",450,ל גרם,false,1,7.50,1.67,false,1,
7290006775023,false,עוגת אנגלית-אחווה,אחדות בעמ,,,"י""ח",450,ל גרם,false,1,9.90,2.20,false,1,
7290006775030,false,עוגת אחוה שוקולד,אחדות בעמ,,,"י""ח",450,ל גרם,false,1,7.50,1.67,false,1,
7290006775047,false,עוגת שוקולד]אחוה[,אחדות בעמ,,,"י""ח",450,ל גרם,false,1,7.50,1.67,false,1,
7290006775054,false,עוגת שיש]אחווה[.,אחדות בעמ,,,"י""ח",450,ל גרם,false,1,7.50,1.67,false,1,
7290006775085,false,עוגת שמרים (400 אחוה).,אחדות בעמ,,,"י""ח",400,ל גרם,false,1,9.90,2.48,false,1,
7290006775191,false,מאפין ממולא שוקולד 50 ג,אחדות בעמ,,,"י""ח",400,ל גרם,false,1,1.50,0.38,true,1,
7290006775306,false,מאפין במילוי תות,אחדות בעמ,,,"י""ח",50,ל גרם,false,1,1.50,3,true,1,
7290006775337,false,עוגת שמרים 400 גרם,אחדות בעמ,,,"י""ח",400,ל גרם,false,1,9.90,2.48,false,1,
7290006775344,false,עוגת שמרים במילוי קרם קינמון 400 גרם,אחדות בעמ,,,"י""ח",400,ל גרם,false,1,9.90,2.48,false,1,
7290006775764,false,עוגה שוקוציפס ללא סוכר,אחדות בעמ,,,"י""ח",400,ל גרם,false,1,11.90,2.98,false,1,
7290006788399,false,רולאון נושם לבן פ.דיל 1 קרליין,החב הדרומית לשיווק,,,"י""ח",75,ל גרם,false,1,11.90,15.87,false,1,
7290006788412,false,רולאון נושם תכלת פ. דיל.,החב הדרומית לשיווק,,,"י""ח",50,ל גרם,false,1,11.90,23.80,false,1,
7290006788429,false,רולאון נושם כתום פ. דיל,החב הדרומית לשיווק,,,"י""ח",75,ל גרם,false,1,11.90,15.87,false,1,
7290006788467,false,דאו ספריי נושם קרליין מס 2,החב הדרומית לשיווק,,,"י""ח",200,"ל מ""ל",false,1,11.90,5.95,false,1,
7290006788481,false,דאו ספריי נושם קרליין מס 4,החב הדרומית לשיווק,,,"י""ח",200,"ל מ""ל",false,1,11.90,5.95,false,1,
7290006788498,false,דאו ספריי נושם קרליין מס 5,החב הדרומית לשיווק,,,"י""ח",200,"ל מ""ל",false,1,11.90,5.95,false,1,
7290006788504,false,דאו ספריי נושם קרליין מס 6,החב הדרומית לשיווק,,,"י""ח",200,"ל מ""ל",false,1,11.90,5.95,false,1,
7290006788559,false,טיטניום ICE דאו תרסיס,החב הדרומית לשיווק,,,"י""ח",1,"י""ח",false,1,14.90,14.90,false,1,
7290006805850,false,תערובת לפנקייק(פילסברי),ליימן שליסל,,,"י""ח",500,ל גרם,false,1,17.90,3.58,false,1,
7290006983152,false,קרוטונים מתובלים אוסם,קבוצת אוסם סחר-שות.מוגבלת,,,"י""ח",400,ל גרם,false,1,19.90,4.98,false,1,
7290006983176,false,לחמית שיפון 230 ג`,קבוצת אוסם סחר-שות.מוגבלת,,,"י""ח",230,ל גרם,false,1,8.90,3.87,true,1,
7290006983206,false,פלאפל בקלי קלות,קבוצת אוסם סחר-שות.מוגבלת,,,"י""ח",90,ל גרם,false,1,9.90,11,false,1,
7290006983527,false,עוגת הבית תפוח עץ עם פרור,קבוצת אוסם סחר-שות.מוגבלת,,,"י""ח",400,ל גרם,false,1,18.90,4.73,false,1,
7290006983763,false,עוגת הבית שוקולד,קבוצת אוסם סחר-שות.מוגבלת,,,"י""ח",400,ל גרם,false,1,11.90,2.98,false,1,
7290006983770,false,עוגת הבית שיש,קבוצת אוסם סחר-שות.מוגבלת,,,"י""ח",400,ל גרם,false,1,11.90,2.98,false,1,
7290006983787,false,עוגת בית שוקו צ יפס,קבוצת אוסם סחר-שות.מוגבלת,,,"י""ח",400,ל גרם,false,1,11.90,2.98,false,1,
7290006983794,false,עוגת בית תפוז.,קבוצת אוסם סחר-שות.מוגבלת,,,"י""ח",400,ל גרם,false,1,11.90,2.98,false,1,
7290006992185,false,דייסלה אורז מטרנה,קבוצת אוסם סחר-שות.מוגבלת,,,"י""ח",200,ל גרם,false,1,12.90,6.45,false,1,
7290006992192,false,דייסה סולת מטרנה,קבוצת אוסם סחר-שות.מוגבלת,,,"י""ח",200,ל גרם,false,1,12.90,6.45,false,1,
7290006992208,false,דייסלה דגנים מעורבים מטרנה,קבוצת אוסם סחר-שות.מוגבלת,,,"י""ח",200,ל גרם,false,1,12.90,6.45,false,1,
7290006992390,false,דייסת וניל מטרנה 200 גרם,קבוצת אוסם סחר-שות.מוגבלת,,,"י""ח",200,ל גרם,false,1,12.90,6.45,false,1,
7290008116541,false,ליסטרין קול מינט 500,שקד תבל בעמ,,,"י""ח",500,"ל מ""ל",false,1,17.90,3.58,true,1,
7290008116565,false,ליסטרין פרש ברט 500,שקד תבל בעמ,,,"י""ח",500,"ל מ""ל",false,1,17.90,3.58,true,1,
7290008116862,false,"בלנאום הרמל 500 מ""ל",שקד תבל בעמ,,,"י""ח",200,"ל מ""ל",false,1,69.90,34.95,false,1,
7290008154222,false,שניצלונים]עוף טוב[,קבוצת אוסם סחר-שות.מוגבלת,,,"י""ח",700,ל גרם,false,1,14.90,2.13,false,1,
7290008175173,false,חמאה וואליו 200גר ללא תוספת מלח.,ג.וילי פוד אינטרנשיונל בעמ,,,"י""ח",200,ל גרם,false,1,10.90,5.45,false,1,
7290008175210,false,פרמזנו מגורדת 90 ג ויליפוד,ג.וילי פוד אינטרנשיונל בעמ,,,"י""ח",90,ל גרם,false,1,14.90,16.56,false,1,
7290008175814,false,"פטריות חתוך 400 גרם 8""",ג.וילי פוד אינטרנשיונל בעמ,,,"י""ח",400,ל גרם,false,1,5.40,1.35,false,1,
7290008190909,false,מיני קוקיס-שוקו צ יפס 600גר,כרמית תעשיות ממתקים בעמ,,,"י""ח",600,ל גרם,false,1,16.90,2.82,false,1,
7290008330107,false,בדין 4 ליטר בריח אביב.,יוניליוור ישראל שיווק בעמ,,,"י""ח",4,ליטר,false,1,19.90,4.98,false,1,
7290008343466,false,בצק פילו 500 גרם,נטו מלינדה סחר בעמ,,,"י""ח",500,ל גרם,false,1,13.30,2.66,true,1,
7290008343503,false,ג חנון אפוי 650 ג,נטו מלינדה סחר בעמ,,,"י""ח",650,ל גרם,false,1,21.90,3.37,true,1,
7290008343510,false,מיני ג חנון אפוי 650 ג,נטו מלינדה סחר בעמ,,,"י""ח",650,ל גרם,false,1,21.90,3.37,false,1,
7290008343558,false,"סיגרים בשר 1 ק""ג",נטו מלינדה סחר בעמ,,,"י""ח",1,"ק""ג",false,1,18.90,18.90,false,1,
7290008343565,false,"סיגרים תפו""א 1 ק""ג",נטו מלינדה סחר בעמ,,,"י""ח",1,"ק""ג",false,1,19.90,19.90,false,1,
7290008343572,false,אגרול סיני,נטו מלינדה סחר בעמ,,,"י""ח",1,"ק""ג",false,1,18.90,18.90,false,1,
7290008343602,false,קובה בשר מטוגן 1 קג,נטו מלינדה סחר בעמ,,,"י""ח",1,"ק""ג",false,1,18.90,18.90,false,1,
7290008343619,false,"פסטלים תפו""א 1 ק""ג",נטו מלינדה סחר בעמ,,,"י""ח",1,"ק""ג",false,1,19.90,19.90,false,1,
7290008343626,false,"פלאפל 1 ק""ג",נטו מלינדה סחר בעמ,,,"י""ח",1,"ק""ג",false,1,19.90,19.90,false,1,
7290008344272,false,המבורגר טיבון וויל,נטו מלינדה סחר בעמ,,,"י""ח",400,ל גרם,false,1,17.90,4.48,true,1,
7290008409100,false,אצבעות שניצל שומשום,תנובה בשר,,,"י""ח",600,ל גרם,false,1,34.90,5.82,false,1,
7290008409124,false,שניצל ג ונגל 700 גרם,תנובה בשר,,,"י""ח",700,ל גרם,false,1,34.90,4.99,false,1,
7290008409551,false,מאמא עוף בציפוי מעודן,תנובה בשר,,,"י""ח",700,ל גרם,false,1,39.90,5.70,false,1,
7290008415071,false,חומוס עם טחינה 150.,קבוצת אוסם סחר-שות.מוגבלת,,,"י""ח",150,ל גרם,false,1,5.20,3.47,false,1,
7290008415514,false,חומוס עם חריף,קבוצת אוסם סחר-שות.מוגבלת,,,"י""ח",150,ל גרם,false,1,5.20,3.47,false,1,
7290008461221,false,סרדינים בשמן צמחי(סיימן),א. סיימן סחר בעמ,,,"י""ח",115,ל גרם,false,1,7.90,6.87,true,1,
7290008462204,false,חרדל דיג ון,א. סיימן סחר בעמ,,,"י""ח",380,ל גרם,false,1,15.90,4.18,true,1,
7290008462259,false,חרדל גרגירים 380 גרם,א. סיימן סחר בעמ,,,"י""ח",380,ל גרם,false,1,18.90,4.97,true,1,
7290008464345,false,גולדסטאר בקבוק 330,טמפו משקאות בעמ,,,"י""ח",330,"ל מ""ל",false,1,7.20,2.09,false,1,
7290008464468,false,"גולדסטאר פחית 500 מ""ל.",טמפו משקאות בעמ,,,"י""ח",500,"ל מ""ל",false,1,8.10,1.56,false,1,
7290008464604,false,היינקן בירה 500 פחית,טמפו משקאות בעמ,,,"י""ח",500,"ל מ""ל",false,1,9.90,1.92,false,1,
7290008464734,false,גולדסטאר SLOW BREW בקבוק 330 שישייה.,טמפו משקאות בעמ,,,"י""ח",1.98,ליטר,false,1,41.90,20.25,true,1,
7290008466660,false,מארז רוגעלך 500ג מחנה יהודה,הלל בן הלל שיווק ומסחר בעמ,,,"י""ח",500,ל גרם,false,1,17.90,3.58,true,1,
7290008466813,false,מארז עוגיות קינמון 500ג מחנה יהודה,הלל בן הלל שיווק ומסחר בעמ,,,"י""ח",500,ל גרם,false,1,17.90,3.58,true,1,
7290008470766,false,אורביט סטיקס פפרמינט שמינייה,מרס ריגלי ישראל בעמ,,,"י""ח",8,"י""ח",false,1,15,1.88,false,1,
7290008482530,false,אבקה להכנת פנקייק 400 ג,נאמן לאורך זמן בעמ,,,"י""ח",400,ל גרם,false,1,12.90,3.23,false,1,
7290008493413,false,פירורי גריסיני,דנשר (1963) בעמ,,,"י""ח",200,ל גרם,false,1,6.90,3.45,false,1,
7290008636018,false,כפתורי שוקולד,מיה תעשיות מזון מ.ת.מ בעמ,,,,100,ל גרם,false,1,8,8,true,1,
7290008636209,false,כרכום 300 גרם,מיה תעשיות מזון מ.ת.מ בעמ,,,"י""ח",300,ל גרם,false,1,15.90,5.30,false,1,
7290008636339,false,שביבי תפוח אדמה 500 גרם,מיה תעשיות מזון מ.ת.מ בעמ,,,"י""ח",500,ל גרם,false,1,8.90,1.78,false,1,
7290008636650,false,קמח מצה 500גר.,מיה תעשיות מזון מ.ת.מ בעמ,,,"י""ח",500,ל גרם,false,1,5.90,1.18,false,1,
7290008636919,false,קקאו מיה 200 גרם,מיה תעשיות מזון מ.ת.מ בעמ,,,"י""ח",250,ל גרם,false,1,8.90,3.56,false,1,
7290008636926,false,קקאו הולנדי 500 ג מיה,מיה תעשיות מזון מ.ת.מ בעמ,,,"י""ח",500,ל גרם,false,1,11,2.20,false,1,
7290008636933,false,אגוזי מלך גרוסים 100 ג,מיה תעשיות מזון מ.ת.מ בעמ,,,"י""ח",100,ל גרם,false,1,10.90,10.90,false,1,
7290008644112,false,מטבוחה יום יום,שטראוס גרופ ***בעמ,,,"י""ח",125,ל גרם,false,1,4.70,3.76,true,1,
7290008693134,false,דניאלה תות,שטראוס גרופ ***בעמ,,,"י""ח",150,"ל מ""ל",false,1,3.90,2.60,true,1,
7290008713900,false,לחם רוסי שיפון עגול 750גר`,שלמה א.אנג ל בעמ,,,"י""ח",750,ל גרם,false,1,12.90,1.72,false,1,
7290008713917,false,לחם בסגנון רוסי שיפון כהה 750גר`,שלמה א.אנג ל בעמ,,,"י""ח",750,ל גרם,false,1,12.90,1.72,false,1,
7290008745239,false,תפוצ יפס אקסטרא 55 גרם,שטראוס פריטו ליי בעמ,,,"י""ח",55,ל גרם,false,1,3.70,6.73,true,1,
7290008750264,false,MUST דובדבן,שטראוס גרופ בעמ,,,"י""ח",28,ל גרם,false,1,3.40,12.14,true,1,
7290008751902,false,"קפה שחור קלוי 1 ק""ג ואקום עלית",שטראוס גרופ בעמ,,,"י""ח",1,"ק""ג",false,1,49.90,49.90,true,1,
7290008753111,false,תפוצ יפס מקסיקני 50 גרם,שטראוס פריטו ליי בעמ,,,"י""ח",50,ל גרם,false,1,3.70,7.40,true,1,
7290008754415,false,"מאסט ספירמינט ללא סוכר 28גר כשל""פ",שטראוס גרופ בעמ,,,"י""ח",28,ל גרם,false,1,3.40,12.14,true,1,
7290008754422,false,מאסט טעמים שונים,שטראוס גרופ בעמ,,,"י""ח",28,ל גרם,false,1,3.40,12.14,true,1,
7290008757034,false,"שוופס סודה 250 מ""ל",יפאורה שותפות מוגבלת לשיווק,,,"י""ח",250,"ל מ""ל",false,1,3.50,1.28,true,1,
7290008757980,false,ספרינג רימונים קרטונית,יפאורה שותפות מוגבלת לשיווק,,,"י""ח",1,ליטר,false,1,6.90,6.90,true,1,
7290008775816,false,ערגליות שוקו 300 גרם,קבוצת אוסם סחר-שות.מוגבלת,,,"י""ח",300,ל גרם,false,1,8,2.67,true,1,
7290008775823,false,ערגליות תות שדה 300 גרם,קבוצת אוסם סחר-שות.מוגבלת,,,"י""ח",300,ל גרם,false,1,10.90,3.63,true,1,
7290008801010,false,PC קברנה/מרלו 0.75 ל,אגודת הכורמים,,,"י""ח",750,"ל מ""ל",false,1,39.90,5.28,true,1,
7290008801119,false,"סלקטד סובניון בלאן 750מ""ל",אגודת הכורמים,,,"י""ח",750,"ל מ""ל",false,1,29.90,3.95,true,1,
7290008801157,false,סלקטד מרלו 0.75 ל,אגודת הכורמים,,,"י""ח",750,"ל מ""ל",false,1,29.90,3.95,true,1,
7290008801539,false,יין כרמל 100 קרמל דוד,שונות /שרות,,,"י""ח",1,,false,1,20.25,20.25,false,1,
7290008806961,false,קרמיסמו פרה שטראוס,גלידות שטראוס בעמ,,,"י""ח",1.33,ליטר,false,1,16.20,12.18,false,1,
7290008806985,false,נשנושים שטראוס.,גלידות שטראוס בעמ,,,"י""ח",630,ל גרם,false,1,46.90,7.44,false,1,
7290008849739,false,רוטב סויה קלאסיק,תה ויסוצקי (ישראל)בעמ,,,"י""ח",290,"ל מ""ל",false,1,15.90,5.48,true,1,
7290008849753,false,רוטב טריאקי עשיר,תה ויסוצקי (ישראל)בעמ,,,"י""ח",300,"ל מ""ל",false,1,13.90,4.63,true,1,
7290008849777,false,רוטב צ ילי מתוק,תה ויסוצקי (ישראל)בעמ,,,"י""ח",350,ל גרם,false,1,13.90,3.97,true,1,
7290008909778,false,"קרלסברג שישייה 330מ""ל",החברה המרכזית להפצת משקאות בעמ,,,"י""ח",1.98,ליטר,false,1,42.70,20.66,true,1,
7290008909853,false,קוקה קולה ZIRO 0.5 ל,החברה המרכזית להפצת משקאות בעמ,,,"י""ח",500,"ל מ""ל",false,1,7.20,1.38,true,1,
7290008945202,false,גלילונית לאשפה 50 יחידות 75/90,דנשר (1963) בעמ,,,"י""ח",1,,false,1,12.90,12.90,false,1,
7290008975551,false,מטרנה מהדרין חיסכון}{3,קבוצת אוסם סחר-שות.מוגבלת,,,"י""ח",700,ל גרם,false,1,49.90,7.13,false,1,
7290008975780,false,"בונזו גזע קטן 3 ק""ג",דיפלומט מפיצים (1968) בעמ**,,,"י""ח",3,"ק""ג",false,1,44.90,14.97,false,1,
7290008989053,false,דייסת דגנים מעורבים,בטר אנד דיפרנט בעמ,,,"י""ח",400,ל גרם,false,1,20.90,5.23,false,1,
7290008989428,false,גרנולה עם שקדים 400 ג,בטר אנד דיפרנט בעמ,,,"י""ח",400,ל גרם,false,1,11.90,2.98,false,1,
7290008989473,false,ממרח חרובים בטעם שוקולד 350גר.,בטר אנד דיפרנט בעמ,,,"י""ח",350,ל גרם,false,1,13.90,3.97,false,1,
7290008989671,false,ציפוי עדיף פריך,בטר אנד דיפרנט בעמ,,,"י""ח",200,ל גרם,false,1,10.90,5.45,false,1,
7290010002023,false,כורכום הודי טחון 100 גרם צנצנת,א.ל.יצור ושיווקתבלינים בעמ,,,"י""ח",100,ל גרם,false,1,11.50,11.50,true,1,
7290010002030,false,כמון 100 גרם צנצנת,א.ל.יצור ושיווקתבלינים בעמ,,,"י""ח",100,ל גרם,false,1,11.50,11.50,true,1,
7290010002047,false,מלח לימון 200 גרם,א.ל.יצור ושיווקתבלינים בעמ,,,"י""ח",200,ל גרם,false,1,9.50,4.75,false,1,
7290010002061,false,פלפל לבן טחון 100 גרם,א.ל.יצור ושיווקתבלינים בעמ,,,"י""ח",100,ל גרם,false,1,16.90,16.90,true,1,
7290010002078,false,פלפל שחור טחון 100 גרם בצנצנת מימון.,א.ל.יצור ושיווקתבלינים בעמ,,,"י""ח",100,ל גרם,false,1,15.50,15.50,true,1,
7290010002092,false,פלפל שחור גס דק90גר צנצנת מימון.,א.ל.יצור ושיווקתבלינים בעמ,,,"י""ח",90,ל גרם,false,1,15.50,17.22,true,1,
7290010002108,false,פלפל שחור גרוס גס 90גר,א.ל.יצור ושיווקתבלינים בעמ,,,"י""ח",90,ל גרם,false,1,14.50,16.11,true,1,
7290010002122,false,פפריקה הונגרית מתוקה 100,א.ל.יצור ושיווקתבלינים בעמ,,,"י""ח",100,ל גרם,false,1,11.50,11.50,true,1,
7290010002146,false,פפריקה מרוקאית מתוקה 100,א.ל.יצור ושיווקתבלינים בעמ,,,"י""ח",100,ל גרם,false,1,11.50,11.50,true,1,
7290010002153,false,פפריקה מרוקאית חריפה 100,א.ל.יצור ושיווקתבלינים בעמ,,,"י""ח",100,ל גרם,false,1,11.50,11.50,true,1,
7290010002191,false,מקלות קינמון 50 גרם,א.ל.יצור ושיווקתבלינים בעמ,,,"י""ח",500,ל גרם,false,1,11.50,2.30,true,1,
7290010002207,false,קינמון טחון 100גר.,א.ל.יצור ושיווקתבלינים בעמ,,,"י""ח",100,ל גרם,false,1,9.50,9.50,true,1,
7290010002214,false,צ ילי מקסיקני גרוס 80גר,א.ל.יצור ושיווקתבלינים בעמ,,,"י""ח",80,ל גרם,false,1,11.50,14.38,true,1,
7290010002283,false,תבלין על האש 100,א.ל.יצור ושיווקתבלינים בעמ,,,"י""ח",100,ל גרם,false,1,11.50,11.50,true,1,
7290010002290,false,תערובת לשוואמה טורקית 110,א.ל.יצור ושיווקתבלינים בעמ,,,"י""ח",100,ל גרם,false,1,11.50,11.50,true,1,
7290010002306,false,תערובת לקציצות 100גר,א.ל.יצור ושיווקתבלינים בעמ,,,"י""ח",100,ל גרם,false,1,11.50,11.50,true,1,
7290010002313,false,ראס אל חנות 100גר,א.ל.יצור ושיווקתבלינים בעמ,,,"י""ח",100,ל גרם,false,1,11.50,11.50,true,1,
7290010002320,false,תבלין גריל עוף 100גר,א.ל.יצור ושיווקתבלינים בעמ,,,"י""ח",100,ל גרם,false,1,11.50,11.50,true,1,
7290010002344,false,תבלין לדג 100גר.,א.ל.יצור ושיווקתבלינים בעמ,,,"י""ח",100,ל גרם,false,1,11.50,11.50,true,1,
7290010002351,false,זעטר ושומשום בלדי 100,א.ל.יצור ושיווקתבלינים בעמ,,,"י""ח",110,ל גרם,false,1,11.50,10.45,true,1,
7290010002375,false,מדרס קארי 100גר.,א.ל.יצור ושיווקתבלינים בעמ,,,"י""ח",100,ל גרם,false,1,11.50,11.50,true,1,
7290010002382,false,אורגנו 40גר.,א.ל.יצור ושיווקתבלינים בעמ,,,"י""ח",40,ל גרם,false,1,9.50,23.75,true,1,
7290010002399,false,בזיליקום 40 גרם,א.ל.יצור ושיווקתבלינים בעמ,,,"י""ח",40,ל גרם,false,1,9.50,23.75,true,1,
7290010002429,false,עלי דפנה 20 גרם,א.ל.יצור ושיווקתבלינים בעמ,,,"י""ח",20,ל גרם,false,1,9.50,47.50,true,1,
7290010002436,false,פטרוזיליה 25גר.,א.ל.יצור ושיווקתבלינים בעמ,,,"י""ח",25,ל גרם,false,1,9.50,38,true,1,
7290010002481,false,שום טחון 100 גרם,א.ל.יצור ושיווקתבלינים בעמ,,,"י""ח",100,ל גרם,false,1,14.50,14.50,true,1,
7290010002498,false,שום גבישי 120 גרם,א.ל.יצור ושיווקתבלינים בעמ,,,"י""ח",120,ל גרם,false,1,14.50,12.08,true,1,
7290010002597,false,כוסברה ירוקה 30גר,א.ל.יצור ושיווקתבלינים בעמ,,,"י""ח",30,ל גרם,false,1,9.50,31.67,true,1,
7290010002696,false,אקסטרה צ`יפס אורז חום מלא שמנת בצל 60ג,א.ל.יצור ושיווקתבלינים בעמ,,,"י""ח",60,ל גרם,false,1,7.90,13.17,true,1,
7290010002726,false,תבלין לפרגיות 100גר,א.ל.יצור ושיווקתבלינים בעמ,,,"י""ח",100,ל גרם,false,1,11.50,11.50,true,1,
7290010003051,false,פפריקה הונגרית מתוקה 400,א.ל.יצור ושיווקתבלינים בעמ,,,"י""ח",400,ל גרם,false,1,23.90,5.98,true,1,
7290010003440,false,שבבי בצל מטוגן 200ג,א.ל.יצור ושיווקתבלינים בעמ,,,"י""ח",200,ל גרם,false,1,11.50,5.75,false,1,
7290010003686,false,עלי דפנה שקית 20ג,א.ל.יצור ושיווקתבלינים בעמ,,,"י""ח",20,ל גרם,false,1,5.90,29.50,true,1,
7290010003693,false,פפריקה מתוקה 80ג שקית,א.ל.יצור ושיווקתבלינים בעמ,,,"י""ח",80,ל גרם,false,1,5.90,7.38,true,1,
7290010003709,false,פלפל שחור טחון 50ג שקית,א.ל.יצור ושיווקתבלינים בעמ,,,"י""ח",50,ל גרם,false,1,7.90,15.80,true,1,
7290010003754,false,כמון טחו 50ג שקית,א.ל.יצור ושיווקתבלינים בעמ,,,"י""ח",50,ל גרם,false,1,5.90,11.80,true,1,
7290010003761,false,כורכום טחון שקית 80ג,א.ל.יצור ושיווקתבלינים בעמ,,,"י""ח",80,ל גרם,false,1,5.90,7.38,true,1,
7290010003778,false,תיבול לגריל שקית 80ג,א.ל.יצור ושיווקתבלינים בעמ,,,"י""ח",80,ל גרם,false,1,5.90,7.38,true,1,
7290010003792,false,מלח לימון שקית 100ג,א.ל.יצור ושיווקתבלינים בעמ,,,"י""ח",100,ל גרם,false,1,5.90,5.90,true,1,
7290010003808,false,זעתר ושומשום שקית 80ג,א.ל.יצור ושיווקתבלינים בעמ,,,"י""ח",80,ל גרם,false,1,5.90,7.38,true,1,
7290010003822,false,פפריקה חריפה שקית 80ג,א.ל.יצור ושיווקתבלינים בעמ,,,"י""ח",80,ל גרם,false,1,5.90,7.38,true,1,
7290010003839,false,קינמון טחון שקית 80ג,א.ל.יצור ושיווקתבלינים בעמ,,,"י""ח",80,ל גרם,false,1,5.90,7.38,true,1,
7290010003846,false,אורגנו שקית 20ג,א.ל.יצור ושיווקתבלינים בעמ,,,"י""ח",20,ל גרם,false,1,5.90,29.50,true,1,
7290010003990,false,פטרוזיליה שקית 20ג,א.ל.יצור ושיווקתבלינים בעמ,,,"י""ח",20,ל גרם,false,1,5.90,29.50,true,1,
7290010004348,false,פפריקה מתוקה 250ג.,א.ל.יצור ושיווקתבלינים בעמ,,,"י""ח",250,ל גרם,false,1,19.90,7.96,false,1,
7290010023141,false,חליטת לימונענע גן קסום,תה ויסוצקי (ישראל)בעמ,,,"י""ח",50,ל גרם,false,1,17.90,35.80,true,1,
7290010065271,false,פרינוק מחית 130 גרם,גורי מוצרי צריכה בעמ,,,"י""ח",130,ל גרם,false,1,5.50,4.23,false,1,
7290010065295,false,פרינוק מחית 130 גרם,גורי מוצרי צריכה בעמ,,,"י""ח",130,ל גרם,false,1,5.50,4.23,false,1,
7290010065301,false,פרינוק מחית 130 גרם,גורי מוצרי צריכה בעמ,,,"י""ח",130,ל גרם,false,1,5.50,4.23,false,1,
7290010065318,false,פרינוק 190 גרם,גורי מוצרי צריכה בעמ,,,"י""ח",190,ל גרם,false,1,5.90,3.11,true,1,
7290010065332,false,פרינוק 190 גרם תפוח עץ/בננה,גורי מוצרי צריכה בעמ,,,"י""ח",760,ל גרם,false,1,5.90,0.78,true,1,
7290010065349,false,פרינוק 190 גרם סלט פירות,גורי מוצרי צריכה בעמ,,,"י""ח",190,ל גרם,false,1,5.90,3.11,true,1,
7290010065745,false,ג וניור לפתן פירות,גורי מוצרי צריכה בעמ,,,"י""ח",190,ל גרם,false,1,5.90,3.11,true,1,
7290010066001,false,נתחי טונה פילטונה 960גרם בשמן,תעשיות פילטונה בעמ,,,"י""ח",960,ל גרם,false,1,34.90,3.64,false,1,
7290010066025,false,טונה פילטונה בודד בשמן 160 ג`.,תעשיות פילטונה בעמ,,,"י""ח",160,ל גרם,false,1,6.90,4.31,true,1,
7290010066513,false,טונה 4 יח`בשמן צמחי פילטונה 160 ג`,תעשיות פילטונה בעמ,,,"י""ח",640,ל גרם,false,1,22.90,3.58,false,1,
7290010066520,false,טונה בודד בשמן קנולה,תעשיות פילטונה בעמ,,,"י""ח",160,ל גרם,false,1,6.50,4.06,false,1,
7290010066575,false,טונה 4 יחי מים פילטונה 160 ג`,תעשיות פילטונה בעמ,,,"י""ח",640,ל גרם,false,1,22.90,3.58,false,1,
7290010066582,false,טונה 4 יחי קנולה פילטונה 160 ג`,תעשיות פילטונה בעמ,,,"י""ח",640,ל גרם,false,1,22.90,3.58,false,1,
7290010066599,false,טונה 4 יח`בשמן זית פילטונה 160 ג`,תעשיות פילטונה בעמ,,,"י""ח",640,ל גרם,false,1,27.90,4.36,false,1,
7290010117864,false,דוריטוס חריף אש 70 גרם,שטראוס פריטו ליי בעמ,,,"י""ח",70,ל גרם,false,1,3.90,5.57,true,1,
7290010118328,false,מארז תפוציפס {40X6(+אקס טבעי 3,שטראוס פריטו ליי בעמ,,,"י""ח",240,ל גרם,false,1,13.90,5.79,true,1,
7290010124107,false,סטייק בורגר 400גרם ארוז,בלדי בעמ,,,"י""ח",400,ל גרם,false,1,18.90,4.73,false,1,
7290010124213,false,סינטה בקר דק דק אל מטאדור 250גר,בלדי בעמ,,,"י""ח",250,ל גרם,false,1,21.90,8.76,false,1,
7290010124503,false,שומן כבש 200גרם ארוז,בלדי בעמ,,,"י""ח",200,ל גרם,false,1,11.90,5.95,false,1,
7290010129003,false,עוגיות אוזניות 600 ג,שיבולים ייצור ושיווק מאפה בעמ,,,"י""ח",600,ל גרם,false,1,19.90,3.32,false,1,
7290010129010,false,.עוגיות כתר ריבה 600 גרם,שיבולים ייצור ושיווק מאפה בעמ,,,"י""ח",600,ל גרם,false,1,19.90,3.32,false,1,
7290010129027,false,עוגיות מרוקאיות 600 ג,שיבולים ייצור ושיווק מאפה בעמ,,,"י""ח",600,ל גרם,false,1,19.90,3.32,false,1,
7290010129041,false,עוגיות מלוחות 600 גרם,שיבולים ייצור ושיווק מאפה בעמ,,,"י""ח",600,ל גרם,false,1,19.90,3.32,false,1,
7290010129287,false,עוגיות ש.שועל-גרנולה 600 ג,שיבולים ייצור ושיווק מאפה בעמ,,,"י""ח",600,ל גרם,false,1,19.90,3.32,false,1,
7290010129300,false,עוגיות רייף 350ג מאפים של אדל,שיבולים ייצור ושיווק מאפה בעמ,,,"י""ח",350,ל גרם,false,1,16.90,4.83,false,1,
7290010129348,false,עוגיות ממולאות בטעם שוקולד 600 ג,שיבולים ייצור ושיווק מאפה בעמ,,,"י""ח",600,ל גרם,false,1,19.90,3.32,false,1,
7290010129553,false,עוגיות רולדה תמרים 600 ג,שיבולים ייצור ושיווק מאפה בעמ,,,"י""ח",600,ל גרם,false,1,19.90,3.32,false,1,
7290010129652,false,עוגיות לקפה 350ג מאפים של אדל,שיבולים ייצור ושיווק מאפה בעמ,,,"י""ח",350,ל גרם,false,1,16.90,4.83,false,1,
7290010129676,false,עוגיות מרוקאיות ארוך 350ג,שיבולים ייצור ושיווק מאפה בעמ,,,"י""ח",350,ל גרם,false,1,16.90,4.83,false,1,
7290010129720,false,עוגיות רוגלך קינמון 400ג.,שיבולים ייצור ושיווק מאפה בעמ,,,"י""ח",400,ל גרם,false,1,13.90,3.48,true,1,
7290010129942,false,עוגת קראנץ טעם שוקולד 500ג.,שיבולים ייצור ושיווק מאפה בעמ,,,"י""ח",500,ל גרם,false,1,14.90,2.98,false,1,
7290010129959,false,עוגיות רוגלך טעם שוקולד 400ג.,שיבולים ייצור ושיווק מאפה בעמ,,,"י""ח",400,ל גרם,false,1,13.90,3.48,true,1,
7290010153503,false,שעועית אקסטרא מיה,מיה תעשיות מזון מ.ת.מ בעמ,,,"י""ח",400,ל גרם,false,1,7.90,1.98,false,1,
7290010153510,false,בורגול 500 גרם,מיה תעשיות מזון מ.ת.מ בעמ,,,"י""ח",500,ל גרם,false,1,3.30,0.66,false,1,
7290010153527,false,ג רש 500 גרם,מיה תעשיות מזון מ.ת.מ בעמ,,,"י""ח",500,ל גרם,false,1,3.30,0.66,false,1,
7290010153534,false,קמח תירס 400 גרם,מיה תעשיות מזון מ.ת.מ בעמ,,,"י""ח",400,ל גרם,false,1,6,1.50,false,1,
7290010153541,false,שיבולת שועל 500 ג,מיה תעשיות מזון מ.ת.מ בעמ,,,"י""ח",500,ל גרם,false,1,5.90,1.18,false,1,
7290010153688,false,חומץ טבעי 1 ליטר(מיה),מיה תעשיות מזון מ.ת.מ בעמ,,,"י""ח",1,ליטר,false,1,5.90,5.90,false,1,
7290010153787,false,ציפוי לשניצל עם שום 500 ג`,מיה תעשיות מזון מ.ת.מ בעמ,,,"י""ח",500,ל גרם,false,1,7.90,1.58,false,1,
7290010153794,false,ציפוי לשניצל עשבי תיבול 500 ג`,מיה תעשיות מזון מ.ת.מ בעמ,,,"י""ח",500,ל גרם,false,1,7.90,1.58,false,1,
7290010153800,false,ציפוי לשניצל תיבול עדין 500 ג`,מיה תעשיות מזון מ.ת.מ בעמ,,,"י""ח",500,ל גרם,false,1,7.90,1.58,false,1,
7290010153848,false,פפריקה מרוקאית בשמן 80גר`,מיה תעשיות מזון מ.ת.מ בעמ,,,"י""ח",8000,ל גרם,false,1,6.30,0.08,false,1,
7290010153855,false,פפריקה מרוקאית בשמן 300גר,מיה תעשיות מזון מ.ת.מ בעמ,,,"י""ח",300,ל גרם,false,1,15.90,5.30,false,1,
7290010153879,false,ריבת חלב טעם שמנת מיה,מיה תעשיות מזון מ.ת.מ בעמ,,,"י""ח",300,ל גרם,false,1,8.30,2.77,true,1,
7290010153978,false,קונפיטורה שזיפים לפסח,מיה תעשיות מזון מ.ת.מ בעמ,,,"י""ח",450,ל גרם,false,1,8.90,1.98,false,1,
7290010154005,false,סחוג תימני 250 גרם,נטו מלינדה סחר בעמ,,,"י""ח",250,ל גרם,false,1,13.90,5.56,false,1,
7290010154012,false,לימון כבוש יוחאי ביטון 250 גרם,נטו מלינדה סחר בעמ,,,"י""ח",250,ל גרם,false,1,13.90,5.56,false,1,
7290010154029,false,אריסה מתוקה ביטון 250ג,נטו מלינדה סחר בעמ,,,"י""ח",250,ל גרם,false,1,13.90,5.56,false,1,
7290010154036,false,עמבה ביטו 250 ג,נטו מלינדה סחר בעמ,,,"י""ח",250,ל גרם,false,1,13.90,5.56,false,1,
7290010154265,false,פלפל צ ומה 250 גרם,נטו מלינדה סחר בעמ,,,"י""ח",250,ל גרם,false,1,13.90,5.56,false,1,
7290010154418,false,סחוג אדום 130ג,נטו מלינדה סחר בעמ,,,"י""ח",220,ל גרם,false,1,9.90,4.50,false,1,
7290010154425,false,סחוג ירוק 130ג,נטו מלינדה סחר בעמ,,,"י""ח",130,ל גרם,false,1,9.90,7.62,false,1,
7290010154678,false,אריסה ביתית 250 גר,נטו מלינדה סחר בעמ,,,"י""ח",250,ל גרם,false,1,13.90,5.56,false,1,
7290010154685,false,שום כתוש 250ג,נטו מלינדה סחר בעמ,,,"י""ח",250,ל גרם,false,1,13.90,5.56,false,1,
7290010154692,false,סחוג אדום 250 גרם.,נטו מלינדה סחר בעמ,,,"י""ח",250,ל גרם,false,1,13.90,5.56,false,1,
7290010163069,false,צנובר גדול 100 גרם,דין שיווק וקליה 2021 בעמ,,,"י""ח",100,ל גרם,false,1,19.90,19.90,false,1,
7290010175857,false,פרוסות לבבות דקל 400 גרם טעמן,טעמן שווק מזון בעמ,,,"י""ח",400,ל גרם,false,1,9.90,2.48,true,1,
7290010192120,false,צנונית ארוזה,ביכורי השדה צפון 1994 ג.ד. בעמ,,,"י""ח",1,,false,1,6.90,6.90,false,1,
7290010195268,false,פופ קורן טבעי למיקרוגל,דנשר (1963) בעמ,,,"י""ח",500,ל גרם,false,1,13.80,2.76,true,1,
7290010195275,false,פופ קורן טבעי למיקרוגל,דנשר (1963) בעמ,,,"י""ח",500,ל גרם,false,1,13.80,2.76,true,1,
7290010196678,false,קוקי ענק שקיות צליה מארז 10יח,ש.שסטוביץ בעמ,,,"י""ח",1,,false,1,17.90,17.90,true,1,
7290010237548,false,"פפסי מקס 500 מ""ל",טמפו משקאות בעמ,,,"י""ח",500,"ל מ""ל",false,1,3.30,0.60,true,1,
7290010237555,false,"פפסי טוויסט 500 מ""ל",טמפו משקאות בעמ,,,"י""ח",500,"ל מ""ל",false,1,4,0.80,false,1,
7290010237562,false,"מירנדה 500 מ""ל",טמפו משקאות בעמ,,,"י""ח",500,"ל מ""ל",false,1,4.50,0.84,true,1,
7290010237579,false,"סבן אפ 500 מ""ל",טמפו משקאות בעמ,,,"י""ח",500,"ל מ""ל",false,1,3.30,0.60,true,1,
7290010237586,false,"סבן אפ דיאט 500 מ""ל",טמפו משקאות בעמ,,,"י""ח",500,"ל מ""ל",false,1,3.30,0.60,true,1,
7290010237593,false,נשר מאלט {330 פקדון},טמפו משקאות בעמ,,,"י""ח",330,"ל מ""ל",false,1,5,1.42,false,1,
7290010237890,false,"הייניקן 500 מ""ל(חוזר{",טמפו משקאות בעמ,,,"י""ח",500,"ל מ""ל",false,1,8.90,1.54,false,1,
7290010256310,false,שקיות להכנת קוביות קרח 12יח`,דין שיווק וקליה 2021 בעמ****,,,"י""ח",12,"י""ח",false,1,3.50,0.29,false,1,
7290010259311,false,מי קוקוס 400 גרם]וויליפו,ג.וילי פוד אינטרנשיונל בעמ,,,"י""ח",400,ל גרם,false,1,7.90,1.98,false,1,
7290010259359,false,נודלס אטריות ביצים 200 ג,ג.וילי פוד אינטרנשיונל בעמ,,,"י""ח",200,ל גרם,false,1,4.90,2.45,false,1,
7290010259366,false,נודלס אטריות מסולסל 200 ג,ג.וילי פוד אינטרנשיונל בעמ,,,"י""ח",200,ל גרם,false,1,4.90,2.45,false,1,
7290010259830,false,מנת השף נודלס בטעם סיני-פיקנטי,ג.וילי פוד אינטרנשיונל בעמ,,,"י""ח",70,ל גרם,false,1,5,7.14,true,1,
7290010259847,false,מנת השף נודלס בטעם תירס,ג.וילי פוד אינטרנשיונל בעמ,,,"י""ח",70,ל גרם,false,1,5,7.14,true,1,
7290010259854,false,מנת השף נודלס בטעם פטריות,ג.וילי פוד אינטרנשיונל בעמ,,,"י""ח",70,ל גרם,false,1,5,7.14,true,1,
7290010259991,false,צנימים 250 גרם,ג.וילי פוד אינטרנשיונל בעמ,,,"י""ח",250,ל גרם,false,1,6.90,2.76,true,1,
7290010300501,false,"סוכר חום בשקית 1 ק""ג",נאמן לאורך זמן בעמ,,,"י""ח",1,"ק""ג",false,1,10.50,10.50,false,1,
7290010300518,false,קוואקר בשקית 500 גרם,נאמן לאורך זמן בעמ,,,"י""ח",500,ל גרם,false,1,10.90,2.18,false,1,
7290010300747,false,קיסמי דנטליים 200יח,נאמן לאורך זמן בעמ,,,"י""ח",1,,false,1,10.90,10.90,false,1,
7290010300860,false,אציטון 100 גר,נאמן לאורך זמן בעמ,,,"י""ח",100,"ל מ""ל",false,1,3.90,3.90,false,1,
7290010300884,false,גביעים לעוגה מס2,נאמן לאורך זמן בעמ,,,"י""ח",1,"י""ח",false,1,5.90,5.90,false,1,
7290010328093,false,ממרח חלווה 400 גרם,אחדות בעמ,,,"י""ח",400,ל גרם,false,1,8.90,2.23,false,1,
7290010328178,false,חלווה מסולסלת 250 גרם,אחדות בעמ,,,"י""ח",250,ל גרם,false,1,9.90,3.96,false,1,
7290010328239,false,טחינה מתובלת 500 גרם,אחדות בעמ,,,"י""ח",500,ל גרם,false,1,10,2,false,1,
7290010328246,false,טחינה אחווה שומשום מלא 500 ג`,אחדות בעמ,,,"י""ח",500,ל גרם,false,1,9.90,1.98,false,1,
7290010328253,false,טחינה גולמית אחווה 500גר,אחדות בעמ,,,"י""ח",500,ל גרם,false,1,9.90,1.98,false,1,
7290010328468,false,חטיף מיני חלבה 18יח,אחדות בעמ,,,"י""ח",18,"י""ח",false,1,7.50,0.42,false,1,
7290010328505,false,חטיף מיני חלבה ללא סוכר 12יח,אחדות בעמ,,,"י""ח",12,"י""ח",false,1,7.50,0.63,false,1,
7290010328680,false,עוגת אחוה שוקולד עם שוקוציפס 450ג,אחדות בעמ,,,"י""ח",450,ל גרם,false,1,7.50,1.67,false,1,
7290010328710,false,"קצפיות במגש 180גר אחווה כשל""פ",אחדות בעמ,,,"י""ח",180,ל גרם,false,1,7.50,4.17,false,1,
7290010328727,false,ממרח טחינה עם שוקולד 400ג,אחדות בעמ,,,"י""ח",400,ל גרם,false,1,8.90,2.23,false,1,
7290010328734,false,ממרח טחינה עם סילאן 400ג,אחדות בעמ,,,"י""ח",400,ל גרם,false,1,8.90,2.23,false,1,
7290010328819,false,ממרח טחינה עם שוקולד ללא סוכר 400ג,אחדות בעמ,,,"י""ח",400,ל גרם,false,1,9.90,2.48,false,1,
7290010328901,false,מאפין אחווה 45 גרם,אחדות בעמ,,,"י""ח",40,ל גרם,false,1,1.50,3.75,true,1,
7290010329854,false,מיני קוקיס חמאה ללא סוכר,כרמית תעשיות ממתקים בעמ,,,"י""ח",700,ל גרם,false,1,19.90,2.84,false,1,
7290010429554,false,"שמן זית יד מרדכי כתית 750 מ""ל",שטראוס גרופ בעמ,,,"י""ח",750,"ל מ""ל",false,1,33.20,4.43,true,1,
7290010429684,false,"מארז 2 דבשים 350 ג כשל""פ.",שטראוס גרופ בעמ,,,"י""ח",700,ל גרם,false,1,29.90,4.27,true,1,
7290010471669,false,דנונה קראנצי יוגורט תות עם קורנפלקס,שטראוס גרופ ***בעמ,,,"י""ח",175,"ל מ""ל",false,1,4.40,2.51,true,1,
7290010472307,false,גמדים לשתייה תות בננה 8,שטראוס גרופ ***בעמ,,,"י""ח",800,"ל מ""ל",false,1,19.90,2.49,true,1,
7290010472390,false,"מארז שמינייה דני שוקולד רובין כשל""פ",שטראוס גרופ ***בעמ,,,"י""ח",1,ליטר,false,1,16.90,16.90,true,1,
7290010502202,false,"קפה טורקי וואקום 1 ק""ג",נאמן לאורך זמן בעמ,,,"י""ח",1,"ק""ג",false,1,44.90,44.90,false,1,
7290010513703,false,4079400330129צ`ופסטיקס צפצפה 20 יח,מזרח ומערב יבוא ושיווק,,,"י""ח",20,"י""ח",false,1,6.90,0.35,false,1,
7290010513727,false,פנקו פרורי לחם וומטרי 200גרם,מזרח ומערב יבוא ושיווק,,,"י""ח",200,ל גרם,false,1,7.90,3.95,false,1,
7290010548514,false,דורות תיבול לבישול איטלקי,קבוצת אוסם סחר-שות.מוגבלת,,,"י""ח",70,ל גרם,false,1,9.90,14.14,false,1,
7290010558001,false,ממרח לימון,עוזי טעמים של בית,,,"י""ח",1,,false,1,16.90,16.90,false,1,
7290010558087,false,אריסה 200 גרם,עוזי טעמים של בית,,,"י""ח",1,,false,1,14.90,14.90,false,1,
7290010558094,false,"אריסה 1 ק""ג",עוזי טעמים של בית,,,"י""ח",1,,false,1,34.90,34.90,false,1,
7290010558889,false,שום כתוש 200 גרם,עוזי טעמים של בית,,,"י""ח",200,ל גרם,false,1,13.90,6.95,false,1,
7290010558902,false,אריסה חריפה מאוד עוזי 200 גרם,עוזי טעמים של בית,,,"י""ח",1,,false,1,14.90,14.90,false,1,
7290010569052,false,אריזת חסכון 3 טעמים שטראוס,גלידות שטראוס בעמ,,,"י""ח",2,ליטר,false,1,22.90,11.45,false,1,
7290010609871,false,מארז טרופיקס 18 יח,דודו הדיל בעמ,,,"י""ח",40,"י""ח",false,1,17.90,0.45,false,1,
7290010613045,false,רצפות מרוכז בניחוח מ.כביסה ורוד 2ל טאצ,סאסאטק אגשח בעמ,,,"י""ח",2,ליטר,false,1,17.90,8.95,true,1,
7290010613052,false,רצפות מרוכז בניחוח מ.כביסה סגול 2ל טאצ,סאסאטק אגשח בעמ,,,"י""ח",2,ליטר,false,1,17.90,8.95,true,1,
7290010613953,false,מטליות לחות לניקוי כללי דלי טאצ 250יח,סאסאטק אגשח בעמ,,,"י""ח",2.50,"י""ח",false,1,17.90,7.16,true,1,
7290010627004,false,טחינה ירושלים 500 גר,תה ויסוצקי (ישראל)בעמ,,,"י""ח",500,ל גרם,false,1,16.90,3.38,true,1,
7290010627844,false,טחינה ירושלים 500 מלא,תה ויסוצקי (ישראל)בעמ,,,"י""ח",500,ל גרם,false,1,16.90,3.38,true,1,
7290010632534,false,כוס ומכסה 6יח,אינטרסן (1996) בעמ,,,"י""ח",1,,false,1,27.90,27.90,false,1,
7290010632633,false,מוצץ גומי בליסטר 3יחי,אינטרסן (1996) בעמ,,,"י""ח",1,,false,1,14.90,14.90,false,1,
7290010632787,false,צמרוני אוזניים מעץ 300,אינטרסן (1996) בעמ,,,"י""ח",300,"י""ח",false,1,3.50,0.01,false,1,
7290010650033,false,בצל שאלוט 350גר,ביכורי השדה צפון 1994 ג.ד. בעמ,,,"י""ח",350,ל גרם,false,1,10.90,3.11,false,1,
7290010650828,false,פטריות שי-מג`י חום/לבן,ביכורי השדה צפון 1994 ג.ד. בעמ,,,"י""ח",150,ל גרם,false,1,11.90,7.93,true,1,
7290010650996,false,פטריות שימג`י טרי,ביכורי השדה צפון 1994 ג.ד. בעמ,,,"י""ח",1,"י""ח",false,1,13.90,13.90,true,1,
7290010656592,false,תירוש אדום 100% טהור,יקבי טפרברג 1870 בעמ,,,"י""ח",1,ליטר,false,1,19.90,19.90,true,1,
7290010656615,false,תירוש לבן 100% טהור,יקבי טפרברג 1870 בעמ,,,"י""ח",1,ליטר,false,1,19.90,19.90,true,1,
7290010718634,false,סבון נוזלי לבן פנינה 1 ליטר,פנינה רוזנבלום בעמ,,,"י""ח",1,ליטר,false,1,10.90,10.90,true,1,
7290010719013,false,"שמן זית אחיה מעולה 750מ""ל",ח.כהן סוכנות מזון ומשקאות בע,,,"י""ח",750,"ל מ""ל",false,1,38.90,5.19,false,1,
7290010719044,false,שמן זית פח 5ליטר,ח.כהן סוכנות מזון ומשקאות בע,,,"י""ח",5,מארז,false,1,224.90,44.98,false,1,
7290010719051,false,"שמן זית אחיה 250מ""ל",ח.כהן סוכנות מזון ומשקאות בע,,,"י""ח",250,"ל מ""ל",false,1,19.90,7.96,false,1,
7290010748884,false,אפקטיב קרם גוף עור יבש,פישר תעשיות פרמבצטיות בעמ,,,"י""ח",700,"ל מ""ל",false,1,23.90,3.41,true,1,
7290010766956,false,ממרח פלפלים קלויים,תה ויסוצקי (ישראל)בעמ,,,"י""ח",1,,false,1,13.90,13.90,true,1,
7290010777150,false,פיתות בריבוע חיטה 8יח,גיא מאפים שיווק טוב בעמ,,,"י""ח",1,,false,1,14.90,14.90,false,1,
7290010777242,false,פיתות 10יח מארז תימניות.,גיא מאפים שיווק טוב בעמ,,,"י""ח",1,,false,1,15.90,15.90,false,1,
7290010777297,false,פיתות 10יח מארז(עבודת יד),גיא מאפים שיווק טוב בעמ,,,"י""ח",1,,false,1,12.90,12.90,false,1,
7290010777358,false,מארז פיתה כוסמין ללא סוכר (8 יח),גיא מאפים שיווק טוב בעמ,,,"י""ח",1,,false,1,15.90,15.90,false,1,
7290010777488,false,מארז פיתה קמח מלא (8 יח).,גיא מאפים שיווק טוב בעמ,,,"י""ח",1,,false,1,15.90,15.90,false,1,
7290010777525,false,מארז פיתות כוסמין מלא,גיא מאפים שיווק טוב בעמ,,,"י""ח",1,,false,1,16.90,16.90,false,1,
7290010814244,false,שוקולד שלישיות מריר 3*85גר,כרמית תעשיות ממתקים בעמ,,,"י""ח",255,ל גרם,false,1,11.90,4.67,true,1,
7290010814251,false,שוקולד שלישיות חלב 85*3 גרם,כרמית תעשיות ממתקים בעמ,,,"י""ח",300,ל גרם,false,1,11.90,3.97,true,1,
7290010814695,false,שוקולד פרמיום מריר ללס 85ג,כרמית תעשיות ממתקים בעמ,,,"י""ח",85,ל גרם,false,1,6.90,8.12,true,1,
7290010814701,false,שוקולד פרמיום חלב ללס 85ג,כרמית תעשיות ממתקים בעמ,,,"י""ח",85,ל גרם,false,1,6.90,8.12,true,1,
7290010838219,false,מרמולייט סטיביה 100שקיות,דנשר (1963) בעמ,,,"י""ח",100,"י""ח",false,1,25.90,0.26,false,1,
7290010838424,false,טואלט דאק זוג אקטיב ירוק,דנשר (1963) בעמ,,,"י""ח",1.50,ליטר,false,1,16.90,11.27,false,1,
7290010838431,false,טואלט דאק 750 זוג,דנשר (1963) בעמ,,,"י""ח",1.50,ליטר,false,1,16.90,11.27,false,1,
7290010839865,false,רכז רימונים 320 גר,ג.וילי פוד אינטרנשיונל בעמ,,,"י""ח",320,ל גרם,false,1,10.90,3.41,false,1,
7290010849529,false,"למברוסקו די לואיג`י ביאנקו 750מ""ל",הכרם משקאות חריפים בעמ,,,"י""ח",750,"ל מ""ל",false,1,24.90,3.28,false,1,
7290010883042,false,"סנובון נוזלי רענן 750 מ""ל",החב הדרומית לשיווק,,,"י""ח",750,"ל מ""ל",false,1,8.90,1.19,false,1,
7290010883370,false,כפפות אלוורה M,החב הדרומית לשיווק,,,"י""ח",1,,false,1,10.90,10.90,false,1,
7290010886210,false,סט 4זיקוקים 15 צבעני,שמחה זה אנחנו,,,"י""ח",1,,false,1,15.50,15.50,false,1,
7290010922871,false,"טחון בקר 1ק""ג אשפר",בלדי בעמ,,,"י""ח",1,"ק""ג",false,1,25,25,true,1,
7290010922895,false,המבורגר בקר בלדי 400ג אשפר,בלדי בעמ,,,"י""ח",400,ל גרם,false,1,14.90,3.73,false,1,
7290010922901,false,קבב מזרחי בלדי 400ג אשפר,בלדי בעמ,,,"י""ח",400,ל גרם,false,1,14.90,3.73,false,1,
7290010922918,false,מינוט סטייק 250גר ארוז אשפר,בלדי בעמ,,,"י""ח",250,ל גרם,false,1,25,10,false,1,
7290010931330,false,סלט מטבוחה 500 גרם אחלה,שטראוס גרופ ***בעמ,,,"י""ח",500,ל גרם,false,1,13.90,2.78,true,1,
7290010945146,false,קוטג 3% מועשר טרה,*החברה המרכזית להפצת משקאותבעמ,,,"י""ח",250,ל גרם,false,1,5.90,2.36,true,1,
7290010945306,false,חלב טרה קרטון 2 ליטר מהדרין*%*3,*החברה המרכזית להפצת משקאותבעמ,,,"י""ח",2,ליטר,false,1,12.46,6.23,true,1,
7290010945450,false,גבינה לבנה 3% 250 ג*,*החברה המרכזית להפצת משקאותבעמ,,,"י""ח",250,ל גרם,false,1,4.98,1.99,true,1,
7290010945481,false,גבינה לבנה 5% מהדרין 500 *,*החברה המרכזית להפצת משקאותבעמ,,,"י""ח",500,ל גרם,false,1,9.96,1.99,true,1,
7290011017866,false,פחית קוקה קולה סליק,החברה המרכזית להפצת משקאות בעמ,,,"י""ח",330,"ל מ""ל",false,1,4.50,1.27,true,1,
7290011017873,false,פחית קוקה קולה זירו סליק,החברה המרכזית להפצת משקאות בעמ,,,"י""ח",330,"ל מ""ל",false,1,4.50,1.27,true,1,
7290011017880,false,פחית קוקה קולה דיאט סליק,החברה המרכזית להפצת משקאות בעמ,,,"י""ח",330,"ל מ""ל",false,1,4.50,1.27,true,1,
7290011018184,false,תה אפרסק 0.5 ליטר FUZE-T,החברה המרכזית להפצת משקאות בעמ,,,"י""ח",500,"ל מ""ל",false,1,6.20,1.18,true,1,
7290011026516,false,"ד""ר פישר קרם אף קמיל בלו",פישר תעשיות פרמבצטיות בעמ,,,"י""ח",30,ל גרם,false,1,23.90,79.67,false,1,
7290011026530,false,"ד""ר פישר קמיל בלו 500 מ""ל",פישר תעשיות פרמבצטיות בעמ,,,"י""ח",500,"ל מ""ל",false,1,16.90,3.38,false,1,
7290011051525,false,ספרינג -Tאפרסק 0.5 ל,יפאורה שותפות מוגבלת לשיווק,,,"י""ח",500,"ל מ""ל",false,1,5.90,1.12,true,1,
7290011064020,false,בולגרית בעיר 200גר,גבינות עמיר ניצן בעמ,,,"י""ח",200,ל גרם,false,1,13.90,6.95,false,1,
7290011064075,false,לבנה אבו גוש 200גר,גבינות עמיר ניצן בעמ,,,"י""ח",200,ל גרם,false,1,13.90,6.95,false,1,
7290011064099,false,טאפס שכונתי 125גרם,גבינות עמיר ניצן בעמ,,,"י""ח",125,ל גרם,false,1,17.90,14.32,false,1,
7290011081492,false,קרמיסימו שלושה שוקולדים שטראוס,גלידות שטראוס בעמ,,,"י""ח",1.33,ליטר,false,1,16.20,12.18,false,1,
7290011091057,false,פפריקה מתוקה 500גר,תבליני הדור השלישי,,,"י""ח",1,,false,1,32.90,32.90,false,1,
7290011091460,false,כורכום טחון 150גר,תבליני הדור השלישי,,,"י""ח",150,ל גרם,false,1,14.90,9.93,false,1,
7290011091521,false,תבלין כמון]פרג[,תבליני הדור השלישי,,,"י""ח",1,,false,1,14.90,14.90,false,1,
7290011091590,false,פפריקה חריפה,תבליני הדור השלישי,,,"י""ח",1,,false,1,14.90,14.90,false,1,
7290011091606,false,פפריקה מתוקה 150גר.,תבליני הדור השלישי,,,"י""ח",150,ל גרם,false,1,14.90,9.93,false,1,
7290011091958,false,תבלינים שונים,תבליני הדור השלישי,,,"י""ח",1,,false,1,14.90,14.90,false,1,
7290011113926,false,דאו טיטניום בלאק,החב הדרומית לשיווק,,,"י""ח",200,"ל מ""ל",false,1,14.90,7.45,false,1,
7290011115203,false,סבון רביעיה לילך,החב הדרומית לשיווק,,,"י""ח",400,ל גרם,false,1,10.90,2.73,false,1,
7290011115241,false,נקה 7 כחול X 4,החב הדרומית לשיווק,,,"י""ח",400,ל גרם,false,1,10.90,2.73,false,1,
7290011115258,false,סבון רביעיה לילך,החב הדרומית לשיווק,,,"י""ח",400,ל גרם,false,1,10.90,2.73,false,1,
7290011115401,false,נקה -AROMA7סבון מוצק*4,החב הדרומית לשיווק,,,"י""ח",400,ל גרם,false,1,10.90,2.73,false,1,
7290011126452,false,חליטת קמומיל ונענע גן קסום,תה ויסוצקי (ישראל)בעמ,,,"י""ח",37.50,ל גרם,false,1,17.90,47.73,true,1,
7290011126469,false,חליטת קמומיל ודבש גן קסום,תה ויסוצקי (ישראל)בעמ,,,"י""ח",37.50,ל גרם,false,1,17.90,47.73,true,1,
7290011131371,false,"מיזלי 1 ק""ג שקדים",מ.סידס ובנו בעמ,,,"י""ח",1,"ק""ג",false,1,27.90,27.90,true,1,
7290011131395,false,"מיזלי 1 ק""ג פירות",מ.סידס ובנו בעמ,,,"י""ח",1,"ק""ג",false,1,27.90,27.90,true,1,
7290011148812,false,צנונית,רגבים עלים ירוקים בעמ,,,"י""ח",1,,false,1,6.90,6.90,false,1,
7290011154301,false,ממרח תמרים הרב לנדאו 450גר`,ח.כהן סוכנות מזון ומשקאות בע,,,"י""ח",450,ל גרם,false,1,6.90,1.53,false,1,
7290011194215,false,דניאלה בננה,שטראוס גרופ ***בעמ,,,"י""ח",150,"ל מ""ל",false,1,3.90,2.60,true,1,
7290011194246,false,קוטג 5% עם סידן שטראוס,שטראוס גרופ ***בעמ,,,"י""ח",250,ל גרם,false,1,5.90,2.36,true,1,
7290011223038,false,עלים לקרמשניט 300 גרם,דנשר (1963) בעמ,,,"י""ח",400,ל גרם,false,1,14.90,3.73,false,1,
7290011239404,false,חטיפים מתוקים טעמים שונים 330גר,סוכניות עמוס ממתקים בעמ,,,"י""ח",330,ל גרם,false,1,19.90,6.03,false,1,
7290011249212,false,ופל בטעם לימון 200ג,ח.כהן סוכנות מזון ומשקאות בע,,,"י""ח",200,ל גרם,false,1,3.90,1.95,true,1,
7290011249748,false,רולים שוקולד 100גרם גילרו,ח.כהן סוכנות מזון ומשקאות בע,,,"י""ח",100,ל גרם,false,1,3.90,3.90,false,1,
7290011249755,false,רולים אגוזים 100גרם גילרו,ח.כהן סוכנות מזון ומשקאות בע,,,"י""ח",100,ל גרם,false,1,3.90,3.90,false,1,
7290011254018,false,שעועית מש 500 גרם,מיה תעשיות מזון מ.ת.מ בעמ,,,"י""ח",500,ל גרם,false,1,6.90,1.38,false,1,
7290011254032,false,קינואה 500 גרם,מיה תעשיות מזון מ.ת.מ בעמ,,,"י""ח",500,ל גרם,false,1,9.90,1.98,false,1,
7290011254070,false,פלפל שחור בשקית,מיה תעשיות מזון מ.ת.מ בעמ,,,"י""ח",80,ל גרם,false,1,5.90,7.38,false,1,
7290011254087,false,קינמון טחון 80גרם,מיה תעשיות מזון מ.ת.מ בעמ,,,"י""ח",80,ל גרם,false,1,3.60,4.50,false,1,
7290011254094,false,כמון 80גר,מיה תעשיות מזון מ.ת.מ בעמ,,,"י""ח",80,ל גרם,false,1,3.60,4.50,false,1,
7290011254100,false,כורכום 80גרם בשקית,מיה תעשיות מזון מ.ת.מ בעמ,,,"י""ח",80,ל גרם,false,1,3.60,4.50,false,1,
7290011254117,false,פפריקה מתוקה 80גרם,מיה תעשיות מזון מ.ת.מ בעמ,,,"י""ח",80,ל גרם,false,1,3.60,4.50,false,1,
7290011254124,false,פפריקה חריפה 80גרם,מיה תעשיות מזון מ.ת.מ בעמ,,,"י""ח",80,ל גרם,false,1,3.60,4.50,false,1,
7290011254131,false,אורגנו 20גרם,מיה תעשיות מזון מ.ת.מ בעמ,,,"י""ח",20,ל גרם,false,1,3.60,18,false,1,
7290011254155,false,מלח לימון 80גר.,מיה תעשיות מזון מ.ת.מ בעמ,,,"י""ח",100,ל גרם,false,1,3.60,3.60,false,1,
7290011254179,false,גריל עוף שקית חדש,מיה תעשיות מזון מ.ת.מ בעמ,,,"י""ח",80,ל גרם,false,1,3.60,4.50,false,1,
7290011254209,false,גבישי שום 80גרם,מיה תעשיות מזון מ.ת.מ בעמ,,,"י""ח",80,ל גרם,false,1,6.90,8.63,false,1,
7290011254254,false,"שוקולד צ יפס 300 ג בד""צ מיה",מיה תעשיות מזון מ.ת.מ בעמ,,,"י""ח",300,ל גרם,false,1,8.90,2.97,false,1,
7290011254469,false,סוכריות ללא סוכר לימון,מיה תעשיות מזון מ.ת.מ בעמ,,,"י""ח",1,,false,1,4.50,4.50,true,1,
7290011254476,false,סוכריות ללא סוכר תפוח,מיה תעשיות מזון מ.ת.מ בעמ,,,"י""ח",1,,false,1,6.50,6.50,true,1,
7290011254483,false,סוכריות ללא סוכר אפרסק,מיה תעשיות מזון מ.ת.מ בעמ,,,"י""ח",1,,false,1,4.50,4.50,true,1,
7290011254490,false,סוכריות ללא סוכר פירות,מיה תעשיות מזון מ.ת.מ בעמ,,,"י""ח",1,,false,1,6.50,6.50,true,1,
7290011254728,false,"ג לטין טהור 25גר בד""ץ",מיה תעשיות מזון מ.ת.מ בעמ,,,"י""ח",25,ל גרם,false,1,9.90,39.60,false,1,
7290011254759,false,שעועית שחורה 500גר`,מיה תעשיות מזון מ.ת.מ בעמ,,,"י""ח",500,ל גרם,false,1,7.60,1.52,false,1,
7290011254766,false,"שעועית לוביה 400 גר`בד""ץ",מיה תעשיות מזון מ.ת.מ בעמ,,,"י""ח",400,ל גרם,false,1,6.90,1.73,false,1,
7290011254964,false,סוכריות ג לי טבעי עשירייה,מיה תעשיות מזון מ.ת.מ בעמ,,,"י""ח",1,,false,1,8,8,true,1,
7290011276485,false,חסה עגולה,ביכורי השדה צפון 1994 ג.ד. בעמ,,,"י""ח",1,,false,1,6.90,6.90,false,1,
7290011332983,false,קמיל בלו מגבונאף שלישיה,פישר תעשיות פרמבצטיות בעמ,,,"י""ח",3,"י""ח",false,1,24.90,8.30,true,1,
7290011378233,false,מאגדת חטיפי חלבה וניל ללא סוכר,קבוצת אוסם סחר-שות.מוגבלת,,,"י""ח",6,"י""ח",false,1,11.90,1.98,false,1,
7290011378769,false,מאגדת 6יח חטיף חלבה-וניל,קבוצת אוסם סחר-שות.מוגבלת,,,"י""ח",6,"י""ח",false,1,11.90,1.98,false,1,
7290011378776,false,מאגדת 6יח חטיף חלבה-פיסטוק,קבוצת אוסם סחר-שות.מוגבלת,,,"י""ח",6,"י""ח",false,1,11.90,1.98,false,1,
7290011379018,false,פטריות צמד,ביכורי השדה צפון 1994 ג.ד. בעמ,,,"י""ח",1,,false,1,18.90,18.90,false,1,
7290011438142,false,"משקה חלב טעם קפה 350 מ""ל",שטראוס גרופ ***בעמ,,,"י""ח",350,"ל מ""ל",false,1,6.50,1.86,true,1,
7290011447267,false,מטרנה פרמיום א.חיסכון שלב 1,קבוצת אוסם סחר-שות.מוגבלת,,,"י""ח",700,ל גרם,false,1,49.90,7.13,false,1,
7290011447281,false,מטרנה פרימיום א.חסכון שלב 2,קבוצת אוסם סחר-שות.מוגבלת,,,"י""ח",700,ל גרם,false,1,49.90,7.13,false,1,
7290011447304,false,מטרנה פרימיום א.חסכוןשלב 3,קבוצת אוסם סחר-שות.מוגבלת,,,"י""ח",700,ל גרם,false,1,49.90,7.13,false,1,
7290011447359,false,מטרנה מהדרין חסכונית 1,קבוצת אוסם סחר-שות.מוגבלת,,,"י""ח",700,ל גרם,false,1,49.90,7.13,false,1,
7290011447373,false,מטרנה מהדרין חיסכון} {2,קבוצת אוסם סחר-שות.מוגבלת,,,"י""ח",700,ל גרם,false,1,49.90,7.13,false,1,
7290011447748,false,סופר CAT דגי אוקיאנוס,דיפלומט מפיצים (1968) בעמ**,,,"י""ח",3,"ק""ג",false,1,44.90,14.97,false,1,
7290011461058,false,גומא ריחני במבוק,מוסקו בעמ,,,"י""ח",1,,false,1,19.90,19.90,false,1,
7290011474386,false,קוואקר אורגני דק 500ג,גורי מוצרי צריכה בעמ,,,"י""ח",500,"ל מ""ל",false,1,12.90,2.58,false,1,
7290011480516,false,שמיר כשר יבולי הכפר,ביכורי השדה צפון 1994 ג.ד. בעמ,,,"י""ח",1,,false,1,5.90,5.90,true,1,
7290011480523,false,נענה כשר יבולי הכפר,ביכורי השדה צפון 1994 ג.ד. בעמ,,,"י""ח",1,,false,1,5.90,5.90,true,1,
7290011480547,false,בצל ירוק כשר יבולי הכפר,ביכורי השדה צפון 1994 ג.ד. בעמ,,,"י""ח",1,,false,1,5.90,5.90,true,1,
7290011488062,false,בצלצלי שאלוט 350גר,ביכורי השדה צפון 1994 ג.ד. בעמ,,,"י""ח",350,ל גרם,false,1,13.90,3.97,false,1,
7290011489595,false,קרקר טופז שומשום 110גר הדר,ח.כהן סוכנות מזון ומשקאות בע,,,"י""ח",110,ל גרם,false,1,2.20,2,true,1,
7290011489700,false,פרורי ביסקוויט בטעם שוקו 300ג,ח.כהן סוכנות מזון ומשקאות בע,,,"י""ח",300,ל גרם,false,1,5.90,1.97,false,1,
7290011499051,false,פטה כבשים 250 גרם,מחלבות גד,,,"י""ח",250,ל גרם,false,1,24.90,9.96,false,1,
7290011499112,false,בולגרית 16% 250 גרם,מחלבות גד,,,"י""ח",250,"ס""מ",false,1,21.90,8.76,false,1,
7290011499129,false,בולגרית קוביות מעודנת 5% 200 ג,מחלבות גד,,,"י""ח",200,ל גרם,false,1,19.90,9.95,false,1,
7290011499303,false,בולגרית מעודנת עיזים 5% 250 ג,מחלבות גד,,,"י""ח",250,ל גרם,false,1,29.90,11.96,false,1,
7290011499327,false,בולגרית מעודנת חלב בקר 5%,מחלבות גד,,,"י""ח",250,ל גרם,false,1,21.90,8.76,false,1,
7290011499365,false,חלומי גד 200גר.,מחלבות גד,,,"י""ח",200,ל גרם,false,1,19.90,9.95,false,1,
7290011499853,false,גבינת שמנת 30% זיתים 200ג,מחלבות גד,,,"י""ח",200,ל גרם,false,1,12.90,6.45,false,1,
7290011505714,false,נובי נשכן רך במיוחד עם ק. NATURAL TOUCH,אינטרסן (1996) בעמ,,,"י""ח",1,,false,1,24.90,24.90,false,1,
7290011505776,false,שיפודי במבוק עבים במיוחד 75יח`,אינטרסן (1996) בעמ,,,"י""ח",1,,false,1,4,4,false,1,
7290011505806,false,קיסמי שיניים דנטאליים 200 יח`,אינטרסן (1996) בעמ,,,"י""ח",200,"י""ח",false,1,7.90,0.04,false,1,
7290011518561,false,אקטימל מארז משפ 14יח תות,שטראוס גרופ ***בעמ,,,"י""ח",1.40,ליטר,false,1,29.90,21.36,true,1,
7290011525712,false,קמיל בלו סנסטיב אל סבון,פישר תעשיות פרמבצטיות בעמ,,,"י""ח",1,ליטר,false,1,22.90,22.90,true,1,
7290011525729,false,קמיל בלו סנסטיב שמפו 1 ל,פישר תעשיות פרמבצטיות בעמ,,,"י""ח",1,ליטר,false,1,32.90,32.90,true,1,
7290011530525,false,שייק איט יום שלישי 150גר*3,בלדי בעמ,,,"י""ח",150,ל גרם,false,1,29.90,19.93,false,1,
7290011575250,false,הפי מבריק נעליים,יעקב יעקבי ובניו בעמ,,,"י""ח",1,,false,1,11,11,false,1,
7290011575809,false,הפי נוצץ ספריי הגרטי,יעקב יעקבי ובניו בעמ,,,"י""ח",1,"י""ח",false,1,29.90,29.90,false,1,
7290011593087,false,"שמן זית סבא חביב 750מ""ל",בני פאוזי שמשום (2009) בעמ,,,"י""ח",750,"ל מ""ל",false,1,29.90,3.99,true,1,
7290011598211,false,אנטי קאלק כללי 4ב1,החב הדרומית לשיווק,,,"י""ח",700,"ל מ""ל",false,1,13,1.86,false,1,
7290011598259,false,פרש אוטומטיק מאסק,החב הדרומית לשיווק,,,"י""ח",250,ל גרם,false,1,12.90,5.16,false,1,
7290011599836,false,משפר אפיה 100גר,סופר קמח רובינפלד בעמ,,,"י""ח",100,ל גרם,false,1,10.90,10.90,false,1,
7290011607180,false,"קולון 1.250 ק""ג",רקיט בנקיזר (ניר איסט) בעמ,,,"י""ח",1.25,"ק""ג",false,1,10.90,8.72,false,1,
7290011607197,false,"קולון 101- 5 ק""ג",רקיט בנקיזר (ניר איסט) בעמ,,,"י""ח",5,"ק""ג",false,1,29.90,5.98,false,1,
7290011618025,false,נגיסי אורז לתינוק,דנשר (1963) בעמ,,,"י""ח",50,ל גרם,false,1,13.90,27.80,false,1,
7290011618124,false,בייבי ביס בטעם ירקות,דנשר (1963) בעמ,,,"י""ח",50,ל גרם,false,1,13.90,27.80,false,1,
7290011668419,false,שמפו אובלי יומי פנינה,פנינה רוזנבלום בעמ,,,"י""ח",750,"ל מ""ל",false,1,12.90,1.72,true,1,
7290011668426,false,מרכך אובלי ליומי פנינה,פנינה רוזנבלום בעמ,,,"י""ח",750,"ל מ""ל",false,1,12.90,1.72,true,1,
7290011668440,false,מרכך שיאה לשיער צבוע פנינה,פנינה רוזנבלום בעמ,,,"י""ח",750,"ל מ""ל",false,1,12.90,1.72,true,1,
7290011668457,false,שמפו שמן זית לשיער גליל פנינה,פנינה רוזנבלום בעמ,,,"י""ח",750,"ל מ""ל",false,1,12.90,1.72,true,1,
7290011668464,false,מרכך שמן זית למתולתל פנינה,פנינה רוזנבלום בעמ,,,"י""ח",750,"ל מ""ל",false,1,12.90,1.72,true,1,
7290011668471,false,שמפו רימונים לשיער דק,פנינה רוזנבלום בעמ,,,"י""ח",750,"ל מ""ל",false,1,12.90,1.72,true,1,
7290011695286,false,קיסם הפלא אריזה ורודה 250,נאמן לאורך זמן בעמ,,,"י""ח",1,,false,1,10.90,10.90,false,1,
7290011695651,false,צנימים עגולים 300גר`,נאמן לאורך זמן בעמ,,,"י""ח",300,ל גרם,false,1,11.90,3.97,false,1,
7290011695958,false,"חומץ תפוחים בד""ץ",נאמן לאורך זמן בעמ,,,"י""ח",1,,false,1,10.90,10.90,false,1,
7290011695972,false,טוסטים פריכים 100גר`,נאמן לאורך זמן בעמ,,,"י""ח",100,ל גרם,false,1,8.90,8.90,true,1,
7290011765392,false,"שמפו בוב ספוג 750מ""ל",החב הדרומית לשיווק,,,"י""ח",750,"ל מ""ל",false,1,10.90,1.45,false,1,
7290011765422,false,בוב ספוג אל סבון,החב הדרומית לשיווק,,,"י""ח",750,"ל מ""ל",false,1,10.90,1.45,false,1,
7290011765446,false,בוב ספוג משחת שיניים,החב הדרומית לשיווק,,,"י""ח",70,ל גרם,false,1,7.50,10.71,false,1,
7290011765453,false,מברשת שיניים בוב ספוג,החב הדרומית לשיווק,,,"י""ח",1,,false,1,9.90,9.90,false,1,
7290011800840,false,טחינה לבנה 400גר`,קבוצת אוסם סחר-שות.מוגבלת,,,"י""ח",400,ל גרם,false,1,15.90,3.98,true,1,
7290011870249,false,סוללות *AAA12 פוגיקום,פוגיקום בעמ,,,"י""ח",1,,false,1,19.90,19.90,true,1,
7290011870270,false,סוללות *AA12 פוגיקום,פוגיקום בעמ,,,"י""ח",1,,false,1,19.90,19.90,true,1,
7290011877095,false,זוג רדיד אלומניום ארוך,החב הדרומית לשיווק,,,"י""ח",1,,false,1,19.90,19.90,false,1,
7290011877101,false,סנו מוד בריח מסק,החב הדרומית לשיווק,,,"י""ח",150,"ל מ""ל",false,1,9.90,6.60,false,1,
7290011877156,false,סנפרש ענק מאסק,החב הדרומית לשיווק,,,"י""ח",375,"ל מ""ל",false,1,9.80,2.61,false,1,
7290011877446,false,"בייבי כיף קרם נגד גירוד 100 מ""ל",החב הדרומית לשיווק,,,"י""ח",100,ל גרם,false,1,10.90,10.90,false,1,
7290011877859,false,סנו אינסטלטור בקבוקון,החב הדרומית לשיווק,,,"י""ח",200,"ל מ""ל",false,1,13.90,6.95,false,1,
7290011877866,false,"סנו מקסימה מאסק 6 ק""ג",החב הדרומית לשיווק,,,"י""ח",6,"ק""ג",false,1,44.90,7.48,true,1,
7290011931162,false,סוכרלייט נוזלי,שטראוס גרופ בעמ,,,"י""ח",220,"ל מ""ל",false,1,24.60,11.18,true,1,
7290011947309,false,זית סורי מבוקע עם לימון כבוש 220גר,תה ויסוצקי (ישראל)בעמ,,,"י""ח",560,ל גרם,false,1,13.90,2.48,false,1,
7290011947316,false,זית קלמטה,תה ויסוצקי (ישראל)בעמ,,,"י""ח",200,ל גרם,false,1,13.90,6.95,false,1,
7290011947521,false,שמן זית זיתא כתית מעולה טעם מודגש 750,תה ויסוצקי (ישראל)בעמ,,,"י""ח",750,"ל מ""ל",false,1,28.40,3.79,true,1,
7290011947781,false,מיקס זית ירוק וקלמטה עם שמן זית זיתא,תה ויסוצקי (ישראל)בעמ,,,"י""ח",190,ל גרם,false,1,13.90,7.32,false,1,
7290011947866,false,מיקס זיתים בפח 440ג,תה ויסוצקי (ישראל)בעמ,,,"י""ח",440,ל גרם,false,1,17.90,4.07,true,1,
7290011947903,false,"זית מיקס 215גר זיתא כשל""פ",תה ויסוצקי (ישראל)בעמ,,,"י""ח",215,ל גרם,false,1,13.90,6.47,false,1,
7290011977627,false,סרדינים בשמן 125 גרם,טעמן שווק מזון בעמ,,,"י""ח",125,ל גרם,false,1,4.90,3.92,true,1,
7290011977634,false,סרדינים פלפל חריף 125 גרם,טעמן שווק מזון בעמ,,,"י""ח",125,ל גרם,false,1,4.90,3.92,true,1,
7290011977641,false,סרדינים בלימון 125 גרם,טעמן שווק מזון בעמ,,,"י""ח",125,ל גרם,false,1,4.90,3.92,true,1,
7290011977665,false,סרדינים ברוטב עגבניות,טעמן שווק מזון בעמ,,,"י""ח",125,ל גרם,false,1,4.90,3.92,true,1,
7290012001994,false,חרדל דיג`ון גרעינים 370 גר`דיפלומט,דיפלומט מפיצים (1968) בעמ**,,,"י""ח",370,ל גרם,false,1,11.90,3.22,false,1,
7290012022203,false,קליליות חיטה מלאה,דילייט 2005 בעמ,,,"י""ח",140,ל גרם,false,1,13.50,9.64,false,1,
7290012022227,false,קליליות חיטה טעם טבעי,דילייט 2005 בעמ,,,"י""ח",140,ל גרם,false,1,11.90,8.50,false,1,
7290012022272,false,קליליות קידס 30גר,דילייט 2005 בעמ,,,"י""ח",30,ל גרם,false,1,10.90,36.33,false,1,
7290012025822,false,סלק 400 ג אסלי,סלטי שמיר2006בעמ,,,"י""ח",400,ל גרם,false,1,9.90,2.48,true,1,
7290012025839,false,מטבוחה 400 ג אסלי,סלטי שמיר2006בעמ,,,"י""ח",400,ל גרם,false,1,10.90,2.73,true,1,
7290012071003,false,קמיל בלו משחה לתינוק200ג,פישר תעשיות פרמבצטיות בעמ,,,"י""ח",200,ל גרם,false,1,20,10,false,1,
7290012116537,false,"#א.כביסה מקסימה מאסק 2.5 ק""ג",החב הדרומית לשיווק,,,"י""ח",2.50,"ק""ג",false,1,25.90,10.36,false,1,
7290012116681,false,ק. מן דאו`ג`ל קלאם 75,החב הדרומית לשיווק,,,"י""ח",7500,"ל מ""ל",false,1,13.90,0.19,false,1,
7290012117039,false,סנו 00 לאמבטיה 1 ל`.,החב הדרומית לשיווק,,,"י""ח",1,ליטר,false,1,7.50,7.50,false,1,
7290012117091,false,"סנו מקסימה סנסיטיב 6 ק""ג",החב הדרומית לשיווק,,,"י""ח",6,קוב,false,1,44.90,7.48,true,1,
7290012117275,false,"סנוקליר מילוי 750מ""ל",החב הדרומית לשיווק,,,"י""ח",750,"ל מ""ל",false,1,5.80,0.77,false,1,
7290012117350,false,ריצפז פרש לילך 2 ליטר,החב הדרומית לשיווק,,,"י""ח",2,מארז,false,1,15,7.50,false,1,
7290012117411,false,"גיל רחצה קרמה מן במבוק 700 מ""ל",החב הדרומית לשיווק,,,"י""ח",700,"ל מ""ל",false,1,14.90,2.13,false,1,
7290012117428,false,שמפו וגיל רחצה קרמה מן 2 ב -1 700מיי,החב הדרומית לשיווק,,,"י""ח",700,"ל מ""ל",false,1,14.90,2.13,false,1,
7290012117435,false,"גיל רחצה אלוורה 700 מ""ל",החב הדרומית לשיווק,,,"י""ח",700,"ל מ""ל",false,1,14.90,2.13,false,1,
7290012117534,false,.מרכך מקסימה סופר מרוכז COOL 1 ליטר,החב הדרומית לשיווק,,,"י""ח",1,ליטר,false,1,17.50,17.50,false,1,
7290012117541,false,מרכך מקסימה סופר מרוכז ZEN 1ליטר,החב הדרומית לשיווק,,,"י""ח",1,ליטר,false,1,17.50,17.50,false,1,
7290012117558,false,מרכך מקסימה סופר מרוכז מאסק 1 ליטר,החב הדרומית לשיווק,,,"י""ח",1,ליטר,false,1,17.50,17.50,false,1,
7290012117589,false,סנו סושי כפפות לטקס 100 יח`L,החב הדרומית לשיווק,,,"י""ח",1,,false,1,29.90,29.90,false,1,
7290012117732,false,מקסימה מרכך 4 ליטר שחור,החב הדרומית לשיווק,,,"י""ח",4,ליטר,false,1,21.90,5.48,false,1,
7290012117916,false,סנו אינסטלטור נוזלי 1 ליטר,החב הדרומית לשיווק,,,"י""ח",1,ליטר,false,1,26.90,26.90,false,1,
7290012226021,false,סלמי מעושן פראג 400 ג`,זוגלובק שיווק בעמ,,,"י""ח",400,ל גרם,false,1,19.90,4.98,true,1,
7290012226120,false,קבנוס 135 ג`,זוגלובק שיווק בעמ,,,"י""ח",135,ל גרם,false,1,11,8.15,true,1,
7290012226922,false,קבנוס טעם שום 135גרם,זוגלובק שיווק בעמ,,,"י""ח",135,ל גרם,false,1,11,8.15,true,1,
7290012226939,false,קבנוס טעם צ`ילי 135גרם,זוגלובק שיווק בעמ,,,"י""ח",135,ל גרם,false,1,11,8.15,true,1,
7290012226991,false,"נקניקיות ג`מבו 1.5 ק""ג",זוגלובק שיווק בעמ,,,"י""ח",1.50,"י""ח",false,1,29.90,19.93,true,1,
7290012227172,false,מארז פסטרמה כפרית חרמון 300גר+300גר,זוגלובק שיווק בעמ,,,"י""ח",600,ל גרם,false,1,31.90,5.32,true,1,
7290012227325,false,סלמי מעושן איטלקי דק דק דק 120גר`,זוגלובק שיווק בעמ,,,"י""ח",120,ל גרם,false,1,13.90,11.58,true,1,
7290012227592,false,זוג חברון כפרית ותה 2*350גר מחפוד,זוגלובק שיווק בעמ,,,"י""ח",700,ל גרם,false,1,25,3.57,true,1,
7290012227608,false,זוג חרמון כפרית וכפרית ברביקיו 2*300 מחפ,זוגלובק שיווק בעמ,,,"י""ח",600,ל גרם,false,1,25,4.17,true,1,
7290012227615,false,נקניקיות עוף 800גר זוגלובק,זוגלובק שיווק בעמ,,,"י""ח",800,ל גרם,false,1,24.90,3.11,true,1,
7290012227912,false,קבנוס מעודן 135גר,זוגלובק שיווק בעמ,,,"י""ח",135,ל גרם,false,1,10.90,8.07,true,1,
7290012227974,false,פסטרמה בדבש 120גר`,זוגלובק שיווק בעמ,,,"י""ח",120,ל גרם,false,1,13.90,11.58,true,1,
7290012227981,false,פסטרמה ברביקיו 120גר`,זוגלובק שיווק בעמ,,,"י""ח",120,ל גרם,false,1,13.90,11.58,true,1,
7290012227998,false,חזה בקר 120גר`,זוגלובק שיווק בעמ,,,"י""ח",120,ל גרם,false,1,13.90,11.58,true,1,
7290012228247,false,המבורגר טקסס 1.4 קג מגשית,זוגלובק שיווק בעמ,,,"י""ח",1.40,"ק""ג",false,1,49.90,35.64,true,1,
7290012228261,false,נקניקיות הודו פרמיום 310גר,זוגלובק שיווק בעמ,,,"י""ח",310,ל גרם,false,1,19.90,6.42,false,1,
7290012245312,false,"גולד ציפס אמריקאי 1.5ק""ג",קפוא זן תעשיות מזון בעמ,,,"י""ח",1.50,"ק""ג",false,1,21.90,14.60,true,1,
7290012245329,false,"גולד ציפס קלאסי 1.5ק""ג",קפוא זן תעשיות מזון בעמ,,,"י""ח",1.50,"ק""ג",false,1,21.90,14.60,true,1,
7290012245336,false,"גולד סטייק ציפס 1.5ק""ג",קפוא זן תעשיות מזון בעמ,,,"י""ח",1.50,"ק""ג",false,1,21.90,14.60,true,1,
7290012275401,false,"בירה מולר 500מ""ל",בני פאוזי שמשום (2009) בעמ,,,"י""ח",210,"ל מ""ל",false,1,4.50,2,true,1,
7290012295973,false,עלי רוקולה פרמיום 100ג שמיטה,ביכורי השדה צפון 1994 ג.ד. בעמ,,,"י""ח",1,,false,1,9.90,9.90,false,1,
7290012309311,false,ערמונים 100גר ששון הקולה,דין שיווק וקליה 2021 בעמ,,,"י""ח",1,,false,1,5.90,5.90,false,1,
7290012309939,false,חלבה מסולסלת 500 גר`ששון הקולה,דין שיווק וקליה 2021 בעמ,,,"י""ח",1,,false,1,16.90,16.90,false,1,
7290012313547,false,זיתים שחורים קלמנטה,קבוצת יבנה מוצרי מזון בעמ,,,"י""ח",560,ל גרם,false,1,9.90,1.77,false,1,
7290012316033,false,לחמנית המבורגר,**קבוצת אוסם סחר-שות.מוגבלת,,,"י""ח",540,ל גרם,false,1,2.90,0.54,false,1,
7290012367700,false,"קרם גוף ד""ר פישר אפקטיב קר 700מ""ל",פישר תעשיות פרמבצטיות בעמ,,,"י""ח",700,"ל מ""ל",false,1,29.90,4.27,true,1,
7290012367717,false,"קרם ידיים ד""ר פישר אפקטיב קר 150מ""ל",פישר תעשיות פרמבצטיות בעמ,,,"י""ח",12,ליטר,false,1,16.90,1.41,true,1,
7290012413643,false,תה ירוק קמומיל,תה ויסוצקי (ישראל)בעמ,,,"י""ח",37.50,ל גרם,false,1,24.90,66.40,true,1,
7290012454196,false,סוכריות ללא סוכר טעם קפוצ`ינו 80גר`,מיה תעשיות מזון מ.ת.מ בעמ,,,"י""ח",1,,false,1,6.50,6.50,true,1,
7290012454202,false,סוכריות ללא סוכר טעם ריבת חלב,מיה תעשיות מזון מ.ת.מ בעמ,,,"י""ח",1,,false,1,6.50,6.50,true,1,
7290012454578,false,סוכריות לקישוט לבן,מיה תעשיות מזון מ.ת.מ בעמ,,,"י""ח",200,ל גרם,false,1,5.40,2.70,false,1,
7290012483011,false,"פולי סויה קפואים 1 ק""ג",ג.וילי פוד אינטרנשיונל בעמ,,,"ק""ג",1,"ק""ג",false,1,14.90,14.90,false,1,
7290012483608,false,"אורז בסגנון בסמטי מובחר 5ק""ג DAWAT",ג.וילי פוד אינטרנשיונל בעמ,,,"י""ח",5,"ק""ג",false,1,49.90,9.98,false,1,
7290012522581,false,שניצל תירס ללא גלוטן טבעול 664גרם,קבוצת אוסם סחר-שות.מוגבלת,,,"י""ח",664,ל גרם,false,1,37.90,5.71,true,1,
7290012576607,false,יין פרימייר אדום קברנה סוביניון/מלבק,טמפו משקאות בעמ,,,"י""ח",750,"ל מ""ל",false,1,26.90,3.55,true,1,
7290012588242,false,"מים מינרלים 500מ""ל 1/6 כדורגל",טמפו משקאות בעמ,,,"י""ח",1.98,ליטר,false,1,12.90,5.61,true,1,
7290012645020,false,"יוגורט עיזים טבעי 500מ""ל",שטראוס גרופ ***בעמ,,,"י""ח",500,"ל מ""ל",false,1,10,2,true,1,
7290012645068,false,ישראלה גבינה מותכת מחלב עיזים 16%שומן,שטראוס גרופ ***בעמ,,,"י""ח",180,ל גרם,false,1,23.90,13.28,true,1,
7290012645112,false,"יוגורט עיזים 750מ""ל בדלי",שטראוס גרופ ***בעמ,,,"י""ח",750,"ל מ""ל",false,1,18.90,2.52,true,1,
7290012697241,false,"סוכרזית מהטבע סטיוויה נוזלי 220מ""ל",שטראוס גרופ בעמ,,,"י""ח",220,"ל מ""ל",false,1,27.90,12.68,true,1,
7290012803222,false,וופל בלגי טעם לימון 200גרם,דנשר (1963) בעמ,,,"י""ח",200,ל גרם,false,1,10.50,5.25,false,1,
7290012803451,false,טבלאות שוקולד טוסו מריר מעולה 62% 100,דנשר (1963) בעמ,,,"י""ח",100,ל גרם,false,1,8.90,8.90,false,1,
7290012803765,false,טבלאות שוקולד טוסו מר`שוקולד מריר 100ג,דנשר (1963) בעמ,,,"י""ח",100,ל גרם,false,1,8.90,8.90,false,1,
7290012803796,false,טבלאות שוקולד טוסו מר`שוקולד אגוז 100,דנשר (1963) בעמ,,,"י""ח",100,ל גרם,false,1,8.90,8.90,false,1,
7290012823251,false,אל סבון כיף 1 ליטר יסמין,החב הדרומית לשיווק,,,"י""ח",1,ליטר,false,1,13.90,13.90,false,1,
7290012823374,false,מגבונים אנטי קאלק,החב הדרומית לשיווק,,,"י""ח",1,,false,1,9.90,9.90,false,1,
7290012823381,false,מרכך כביסה מקסימה 1 ליטר מרוכז,החב הדרומית לשיווק,,,"י""ח",1,ליטר,false,1,17.50,17.50,false,1,
7290012823398,false,מטליות לחות לריצפה ריצפז 10 יחידות,החב הדרומית לשיווק,,,"י""ח",1,,false,1,12.90,12.90,false,1,
7290012823541,false,מטליות לחות לריצפה ריצפז 10 יחידות,החב הדרומית לשיווק,,,"י""ח",1,,false,1,12.90,12.90,false,1,
7290012823558,false,מטליות לחות לרצפה ס.סושי 10 יחידות,החב הדרומית לשיווק,,,"י""ח",1,,false,1,12.90,12.90,false,1,
7290012823589,false,ריצפז פרש לימון 2 ליטר,החב הדרומית לשיווק,,,"י""ח",2,ליטר,false,1,19.90,9.95,false,1,
7290012823602,false,נייר טואלט סופט לבן 32 גלילים,החב הדרומית לשיווק,,,"י""ח",32,"י""ח",false,1,29.90,0.93,false,1,
7290012823916,false,גל כביסה מקסימה 5ל נואר,החב הדרומית לשיווק,,,"י""ח",5,ליטר,false,1,44.90,8.98,false,1,
7290012850011,false,מחית תפוח עץ 190ג,שקד תבל בעמ,,,"י""ח",190,"ל מ""ל",false,1,5.90,3.11,true,1,
7290012850073,false,מחית סלט פירות 190ג,שקד תבל בעמ,,,"י""ח",190,"ל מ""ל",false,1,5.90,3.11,true,1,
7290012864001,false,נבטי חמניה.,ביכורי השדה צפון 1994 ג.ד. בעמ,,,"י""ח",1,,false,1,9.90,9.90,false,1,
7290012884986,false,"צ יפס לתנור עד 4% שומן 1.5 ק""ג",קבוצת אוסם סחר-שות.מוגבלת,,,"י""ח",1.50,"ק""ג",false,1,24.90,16.60,false,1,
7290012901355,false,ארוחת איטריות עם גבינה 206גר,מור ים מרקטינג בעמ,,,"י""ח",206,ל גרם,false,1,11.90,5.78,false,1,
7290012901959,false,ארוחת אטריות עם גבינה מסולסלים 156ג,מור ים מרקטינג בעמ,,,"י""ח",156,ל גרם,false,1,11.90,7.63,false,1,
7290012921025,false,בירה מלכה בהירה,הכרם משקאות חריפים בעמ,,,"י""ח",660,"ל מ""ל",false,1,12.90,1.91,true,1,
7290012921032,false,בירה מלכה אדמונית,הכרם משקאות חריפים בעמ,,,"י""ח",660,"ל מ""ל",false,1,13.20,1.95,true,1,
7290012936906,false,ציפורן שלם 25גר..,א.ל.יצור ושיווקתבלינים בעמ,,,"י""ח",25,ל גרם,false,1,19.90,79.60,true,1,
7290012936944,false,אגוז מוסקט טחון 40גר. צנצנת,א.ל.יצור ושיווקתבלינים בעמ,,,"י""ח",50,ל גרם,false,1,14.50,29,true,1,
7290012938405,false,דיימונד עבה במיוחד,גורי ע.ע.ע. בעמ,,,"י""ח",100,ל גרם,false,1,14.40,14.40,false,1,
7290012938580,false,"סנסודיין הלבנה עדינה 75מ""ל",גורי ע.ע.ע. בעמ,,,"י""ח",75,ל גרם,false,1,12.50,16.67,true,1,
7290012938597,false,"סנסודיין רפיד רליף 75 מ""ל",גורי ע.ע.ע. בעמ,,,"י""ח",75,ל גרם,false,1,25.90,34.53,true,1,
7290012938740,false,"סנסודין מנטה 75מ""ל",גורי ע.ע.ע. בעמ,,,"י""ח",1,,false,1,21.90,21.90,true,1,
7290012938924,false,"אקוה פרש מי פה 500מ""ל",גורי ע.ע.ע. בעמ,,,"י""ח",500,ל גרם,false,1,17.90,3.58,true,1,
7290012962165,false,כפפות משק בית איזי טאץ גודל S/M/L/XL.,אינטרסן (1996) בעמ,,,"י""ח",1,,false,1,3.70,3.70,true,1,
7290012962561,false,קיסמי שיניים 500יח,אינטרסן (1996) בעמ,,,"י""ח",200,"י""ח",false,1,4.90,0.02,true,1,
7290012962578,false,צימרוני אוזניים עץ בקופסת פלסטיק 300יח,אינטרסן (1996) בעמ,,,"י""ח",300,"י""ח",false,1,6.90,0.02,true,1,
7290012975875,false,כוסות יהלום בנדע שווה 75יח,ח.כהן סוכנות מזון ומשקאות בע,,,"י""ח",1,,false,1,10.90,10.90,true,1,
7290012996610,false,טבליות הפלא לאסלה,יעקב יעקבי ובניו בעמ,,,"י""ח",1,,false,1,13.90,13.90,false,1,
7290012996672,false,סבוני אסלה כחול זוגי,יעקב יעקבי ובניו בעמ,,,"י""ח",88,"ל מ""ל",false,1,9.90,11.25,false,1,
7290013027368,false,זוג לחמניות באריזה,שלמה א.אנג ל בעמ,,,"י""ח",750,ל גרם,false,1,3.20,0.43,false,1,
7290013027399,false,#לחם אנג ל 100 קל,שלמה א.אנג ל בעמ,,,"י""ח",750,ל גרם,false,1,12.50,1.67,false,1,
7290013038432,false,אקווה נובה 2 ליטר בודד,טמפו משקאות בעמ,,,"י""ח",2,ליטר,false,1,3.60,1.65,false,1,
7290013083661,false,מטרנה אקסטרה קר שלב 1 חסכון 700גר`,קבוצת אוסם סחר-שות.מוגבלת,,,"י""ח",700,ל גרם,false,1,59.90,8.56,false,1,
7290013083685,false,מטרנה אקסטרה קר שלב 3חסכון 700גר`,קבוצת אוסם סחר-שות.מוגבלת,,,"י""ח",700,ל גרם,false,1,59.90,8.56,false,1,
7290013117212,false,בורקס פילו במילוי גבינה 600 גר`מעדנות,תנובה בשר,,,"י""ח",600,ל גרם,false,1,19.90,3.32,false,1,
7290013117229,false,"בורקס פילו במילוי תפו""א 600גר`",תנובה בשר,,,"י""ח",600,ל גרם,false,1,19.90,3.32,false,1,
7290013117243,false,בורקס פילו בולגרית 600גר`,תנובה בשר,,,"י""ח",600,ל גרם,false,1,19.90,3.32,false,1,
7290013117410,false,בצק עלים פריך מתוק}מעדנות{900גר,תנובה בשר,,,"י""ח",900,ל גרם,false,1,22.90,2.54,false,1,
7290013117427,false,בצק עלים פריך מלוח}מעדנות{900גר,תנובה בשר,,,"י""ח",900,ל גרם,false,1,22.90,2.54,false,1,
7290013117526,false,בצק שמרים למאפים מתוקים 900גרם,תנובה בשר,,,"י""ח",900,ל גרם,false,1,22.90,2.54,false,1,
7290013121103,false,שליש באגט 4 400 גר`Green lite,גורי ע.ע.ע. בעמ,,,"י""ח",400,ל גרם,false,1,17.90,4.48,false,1,
7290013121127,false,לחמניות מיני 420גר Green lite,גורי ע.ע.ע. בעמ,,,"י""ח",420,ל גרם,false,1,17.90,4.26,false,1,
7290013121691,false,שלישיית לאפות Green lite,גורי ע.ע.ע. בעמ,,,"י""ח",3,"י""ח",false,1,15.90,5.30,false,1,
7290013121776,false,לחם כפרי ללא סוכר 700גר Green lite,גורי ע.ע.ע. בעמ,,,"י""ח",700,ל גרם,false,1,18.90,2.70,false,1,
7290013144157,false,סחלב 130ג,א.ל.יצור ושיווקתבלינים בעמ,,,"י""ח",130,ל גרם,false,1,10.90,8.38,true,1,
7290013144171,false,תערובת עוגת שוקולד 560גר`,א.ל.יצור ושיווקתבלינים בעמ,,,"י""ח",560,ל גרם,false,1,16.90,3.02,true,1,
7290013144188,false,תערובת בראוניס 600גר`,א.ל.יצור ושיווקתבלינים בעמ,,,"י""ח",600,ל גרם,false,1,16.90,2.82,true,1,
7290013144218,false,תערובת עוגת וניל 560גר`,א.ל.יצור ושיווקתבלינים בעמ,,,"י""ח",560,ל גרם,false,1,16.90,3.02,true,1,
7290013144232,false,פודינג וניל,א.ל.יצור ושיווקתבלינים בעמ,,,"י""ח",8500,ל גרם,false,1,4.90,0.06,true,1,
7290013144249,false,פודינג שוקולד מימונס,א.ל.יצור ושיווקתבלינים בעמ,,,"י""ח",1,,false,1,4.90,4.90,true,1,
7290013144263,false,מלבי 100גר`,א.ל.יצור ושיווקתבלינים בעמ,,,"י""ח",100,ל גרם,false,1,9.90,9.90,false,1,
7290013144317,false,ג`וני גלילית וופל למילוי,א.ל.יצור ושיווקתבלינים בעמ,,,"י""ח",1,,false,1,21.90,21.90,false,1,
7290013144393,false,תמצית וניל,א.ל.יצור ושיווקתבלינים בעמ,,,"י""ח",1,,false,1,4.90,4.90,false,1,
7290013144416,false,תמצית שקדים,א.ל.יצור ושיווקתבלינים בעמ,,,"י""ח",1,,false,1,4.90,4.90,false,1,
7290013144515,false,צבע מאכל צהוב,א.ל.יצור ושיווקתבלינים בעמ,,,"י""ח",1,,false,1,4.30,4.30,false,1,
7290013144522,false,"צבע מאכל ירוק 50מ""ל.",א.ל.יצור ושיווקתבלינים בעמ,,,"י""ח",50,"ל מ""ל",false,1,4.30,8.60,false,1,
7290013144539,false,צבע מאכל אדום,א.ל.יצור ושיווקתבלינים בעמ,,,"י""ח",1,,false,1,4.30,4.30,false,1,
7290013144560,false,"צבע מאכל כחול 50מ""ל",א.ל.יצור ושיווקתבלינים בעמ,,,"י""ח",1,,false,1,4.30,4.30,false,1,
7290013144614,false,"סירופ מייפל אמיתי 100% 236מ""ל מימונס",א.ל.יצור ושיווקתבלינים בעמ,,,"י""ח",236,"ל מ""ל",false,1,29.90,12.67,false,1,
7290013144751,false,"סירופ בטעם מייפל 500מ""ל מימונס",א.ל.יצור ושיווקתבלינים בעמ,,,"י""ח",500,"ל מ""ל",false,1,13.90,2.78,true,1,
7290013144768,false,"סירופ בטעם שוקולד 500מ""ל מימונס",א.ל.יצור ושיווקתבלינים בעמ,,,"י""ח",500,"ל מ""ל",false,1,13.90,2.78,true,1,
7290013144805,false,אייס קפה לייט 250גר מימונס.,א.ל.יצור ושיווקתבלינים בעמ,,,"י""ח",250,ל גרם,false,1,20.90,8.36,true,1,
7290013144812,false,אייס קפה בטעם וניל 320גר מימונס.,א.ל.יצור ושיווקתבלינים בעמ,,,"י""ח",320,ל גרם,false,1,17.90,5.59,true,1,
7290013144980,false,תרסיס שמן קנולה 170גר מימונס,א.ל.יצור ושיווקתבלינים בעמ,,,"י""ח",170,"ל מ""ל",false,1,15.90,9.35,false,1,
7290013145024,false,אגוז מלך טחון 100 גר`מימונס,א.ל.יצור ושיווקתבלינים בעמ,,,"י""ח",100,ל גרם,false,1,12.90,12.90,false,1,
7290013145031,false,אגוזי לוז מסוכרים 100גר`.,א.ל.יצור ושיווקתבלינים בעמ,,,"י""ח",100,ל גרם,false,1,12.90,12.90,false,1,
7290013145048,false,צנוברים 100 גר`מימונס,א.ל.יצור ושיווקתבלינים בעמ,,,"י""ח",100,ל גרם,false,1,26.90,26.90,false,1,
7290013145055,false,פרג שלם 100גר`,א.ל.יצור ושיווקתבלינים בעמ,,,"י""ח",100,ל גרם,false,1,6.90,6.90,false,1,
7290013145062,false,"סירופ מייפל אמיתי 100% 187מ""ל מימונס",א.ל.יצור ושיווקתבלינים בעמ,,,"י""ח",187,"ל מ""ל",false,1,19.90,10.64,false,1,
7290013145109,false,שקד מולבן טחון 100 גר`מימונס,א.ל.יצור ושיווקתבלינים בעמ,,,"י""ח",100,ל גרם,false,1,12.90,12.90,true,1,
7290013145116,false,שקד מולבן מקלות 100גר`,א.ל.יצור ושיווקתבלינים בעמ,,,"י""ח",100,ל גרם,false,1,12.90,12.90,true,1,
7290013145178,false,קוקוס טחון לבן 100 גר`מימונס,א.ל.יצור ושיווקתבלינים בעמ,,,"י""ח",100,ל גרם,false,1,4.60,4.60,false,1,
7290013145215,false,שומשום 400גר` מימונס,א.ל.יצור ושיווקתבלינים בעמ,,,"י""ח",400,ל גרם,false,1,14.90,3.73,false,1,
7290013145246,false,גרעין חמניה מקולף 100ג,א.ל.יצור ושיווקתבלינים בעמ,,,"י""ח",50,ל גרם,false,1,5.50,11,false,1,
7290013145277,false,עלים לקרמשניט 300ג,א.ל.יצור ושיווקתבלינים בעמ,,,"י""ח",300,ל גרם,false,1,16.90,5.63,false,1,
7290013145390,false,שוקולד צ`יפס 250 גר`מימונס,א.ל.יצור ושיווקתבלינים בעמ,,,"י""ח",250,ל גרם,false,1,9.30,3.72,false,1,
7290013145406,false,שוקולד צ`יפס לבן 250 גר`מימונס,א.ל.יצור ושיווקתבלינים בעמ,,,"י""ח",250,"ל מ""ל",false,1,9.90,3.96,false,1,
7290013145437,false,שוקולד ציפס אמיתי 48% 250ג מימונס,א.ל.יצור ושיווקתבלינים בעמ,,,"י""ח",250,ל גרם,false,1,13.90,5.56,false,1,
7290013145444,false,שוקולד צ`יפס 66% מימונס 250 ג,א.ל.יצור ושיווקתבלינים בעמ,,,"י""ח",250,"ל מ""ל",false,1,15.90,6.36,false,1,
7290013145451,false,קקאו 150גר מימונס,א.ל.יצור ושיווקתבלינים בעמ,,,"י""ח",150,ל גרם,false,1,8.90,5.93,false,1,
7290013145529,false,סוכריות צבעונית לקישוט 90גר`,א.ל.יצור ושיווקתבלינים בעמ,,,"י""ח",1,,false,1,5.90,5.90,false,1,
7290013145536,false,סוכריות בטעם שוקולד לקישוט 90גר`.,א.ל.יצור ושיווקתבלינים בעמ,,,"י""ח",1,,false,1,5.90,5.90,false,1,
7290013145567,false,מיני מיני עדשים 90גר`.,א.ל.יצור ושיווקתבלינים בעמ,,,"י""ח",1,,false,1,10.90,10.90,false,1,
7290013145628,false,סוכריות צבעוניות 200גר,א.ל.יצור ושיווקתבלינים בעמ,,,"י""ח",400,ל גרם,false,1,8.90,2.23,false,1,
7290013145710,false,דובדבנים מסוכרים 100גר`,א.ל.יצור ושיווקתבלינים בעמ,,,"י""ח",100,ל גרם,false,1,9.60,9.60,false,1,
7290013145840,false,סוכר וניל מימונס 10יח בצלופן,א.ל.יצור ושיווקתבלינים בעמ,,,"י""ח",10,"י""ח",false,1,2.60,0.26,false,1,
7290013145857,false,אבקת אפיה מימונס 10יח בצלופן,א.ל.יצור ושיווקתבלינים בעמ,,,"י""ח",10,"י""ח",false,1,2.90,0.29,false,1,
7290013145918,false,אבקת סוכר 100 גר`מימונס,א.ל.יצור ושיווקתבלינים בעמ,,,"י""ח",100,ל גרם,false,1,2,2,false,1,
7290013145956,false,שמרים יבשים בואקום 500גרם מימונס,א.ל.יצור ושיווקתבלינים בעמ,,,"י""ח",500,ל גרם,false,1,13.90,2.78,false,1,
7290013145963,false,שמרים יבשים בואקום 125גרם מימונס,א.ל.יצור ושיווקתבלינים בעמ,,,"י""ח",125,ל גרם,false,1,5.90,4.72,false,1,
7290013145970,false,קורנפלור מימונס 200גר`,א.ל.יצור ושיווקתבלינים בעמ,,,"י""ח",100,ל גרם,false,1,3.90,3.90,false,1,
7290013146014,false,מלית אוכמניות 70% פרי 400גר`,א.ל.יצור ושיווקתבלינים בעמ,,,"י""ח",400,ל גרם,false,1,15.90,3.98,false,1,
7290013146021,false,מלית תפוח עץ 70% פרי 400גר`,א.ל.יצור ושיווקתבלינים בעמ,,,"י""ח",400,ל גרם,false,1,15.90,3.98,false,1,
7290013146045,false,מלית תות שדה 400גר`,א.ל.יצור ושיווקתבלינים בעמ,,,"י""ח",400,ל גרם,false,1,15.90,3.98,true,1,
7290013146069,false,מלית שוקולד 400גר`,א.ל.יצור ושיווקתבלינים בעמ,,,"י""ח",400,ל גרם,false,1,12.90,3.23,true,1,
7290013146199,false,קרם נוגט למילוי ואפיה 350ג,א.ל.יצור ושיווקתבלינים בעמ,,,"י""ח",350,ל גרם,false,1,15.90,4.54,true,1,
7290013146403,false,סירופ בטעם קרמל מלוח 500 גרם,א.ל.יצור ושיווקתבלינים בעמ,,,"י""ח",50,ל גרם,false,1,16.90,33.80,false,1,
7290013146441,false,נשיקות לקישוט צבע ורוד,א.ל.יצור ושיווקתבלינים בעמ,,,"י""ח",1,,false,1,14.90,14.90,true,1,
7290013146663,false,אטריות צבעוניות לקישוט 55גר.,א.ל.יצור ושיווקתבלינים בעמ,,,"י""ח",55,ל גרם,false,1,11.90,21.64,true,1,
7290013146670,false,סוכריות לב סגול ורוד לבן לקישוט 60גר,א.ל.יצור ושיווקתבלינים בעמ,,,"י""ח",60,ל גרם,false,1,11.90,19.83,true,1,
7290013146762,false,"קצפת לזילוף 24% שומן 200מ""ל מימונס",קפוא זן תעשיות מזון בעמ,,,"י""ח",200,"ל מ""ל",false,1,6.90,3.45,true,1,
7290013146816,false,אבקת סוכר שקית 500ג.,א.ל.יצור ושיווקתבלינים בעמ,,,"י""ח",200,ל גרם,false,1,7.20,3.60,false,1,
7290013146854,false,קוקוס לבן 400ג מימונס,א.ל.יצור ושיווקתבלינים בעמ,,,"י""ח",1,,false,1,14.90,14.90,false,1,
7290013153418,false,מיץ סחוט טרי 1ל לימונענע פרי גת,*החברה המרכזית להפצת משקאותבעמ,,,"י""ח",1,ליטר,false,1,16.20,16.20,true,1,
7290013153593,false,תפוזים מתקתק 100% 1ל,*החברה המרכזית להפצת משקאותבעמ,,,"י""ח",1,ליטר,false,1,11.90,11.90,false,1,
7290013156006,false,אצבעות מתוקות 350ג גאקובס,הלל בן הלל שיווק ומסחר בעמ,,,"י""ח",300,ל גרם,false,1,16.90,5.63,false,1,
7290013156228,false,עוגיות מרנג 100 גרם.,הלל בן הלל שיווק ומסחר בעמ,,,"י""ח",1,,false,1,19.90,19.90,false,1,
7290013156419,false,עוגיות מרנג,הלל בן הלל שיווק ומסחר בעמ,,,"י""ח",100,ל גרם,false,1,19.90,19.90,false,1,
7290013156822,false,עוגיות רייף 350ג גאקובס,הלל בן הלל שיווק ומסחר בעמ,,,"י""ח",350,ל גרם,false,1,16.90,4.83,false,1,
7290013156846,false,מלוח קצח 350ג גאקובס,הלל בן הלל שיווק ומסחר בעמ,,,"י""ח",350,ל גרם,false,1,16.90,4.83,false,1,
7290013156921,false,אצבעות מתוקות 350ג גאקובס,הלל בן הלל שיווק ומסחר בעמ,,,"י""ח",350,ל גרם,false,1,16.90,4.83,false,1,
7290013177360,false,פומלה,ביכורי השדה צפון 1994 ג.ד. בעמ,,,"ק""ג",1,,true,1,8.90,8.90,false,1,
7290013195395,false,גפילטע פיש ביתי 7יח שדות,אחים אגא (א.מ.) שיווק,,,"י""ח",7,"י""ח",false,1,10.50,1.50,false,1,
7290013195401,false,סופר פיש ירושלמי 7יח שדות,אחים אגא (א.מ.) שיווק,,,"י""ח",7,"י""ח",false,1,10.50,1.50,false,1,
7290013215017,false,פטריות צמד,ביכורי השדה צפון 1994 ג.ד. בעמ,,,"י""ח",1,,false,1,18.90,18.90,false,1,
7290013220042,false,מיקס טרופי קפוא 500גר,א.מ.שרון שיווק (2014) בעמ,,,"י""ח",500,ל גרם,false,1,24.90,4.98,true,1,
7290013220103,false,דובדבן קפוא 500גר,א.מ.שרון שיווק (2014) בעמ,,,"י""ח",500,ל גרם,false,1,24.90,4.98,true,1,
7290013220127,false,דומדמניות שחורות קפוא 500גר,א.מ.שרון שיווק (2014) בעמ,,,"י""ח",500,ל גרם,false,1,24.90,4.98,true,1,
7290013220134,false,מיקס פירות שדה קפוא 500גר,א.מ.שרון שיווק (2014) בעמ,,,"י""ח",500,ל גרם,false,1,24.90,4.98,true,1,
7290013220318,false,חמוציות גן קפוא 500גר,א.מ.שרון שיווק (2014) בעמ,,,"י""ח",500,ל גרם,false,1,24.90,4.98,true,1,
7290013220899,false,תות שדה קפוא 500גר,א.מ.שרון שיווק (2014) בעמ,,,"י""ח",500,ל גרם,false,1,24.90,4.98,true,1,
7290013220929,false,אוכמנית קפוא 400גר,א.מ.שרון שיווק (2014) בעמ,,,"י""ח",400,ל גרם,false,1,24.90,6.23,true,1,
7290013221001,false,אננס קפוא,א.מ.שרון שיווק (2014) בעמ,,,"י""ח",500,ל גרם,false,1,24.90,4.98,true,1,
7290013221018,false,מנגו קפוא,א.מ.שרון שיווק (2014) בעמ,,,"י""ח",500,ל גרם,false,1,24.90,4.98,true,1,
7290013221063,false,ליצ`י קפוא 400גר,א.מ.שרון שיווק (2014) בעמ,,,"י""ח",400,ל גרם,false,1,24.90,6.23,true,1,
7290013268020,false,מרכך כביסה מקסימה 1 ליטר א.פרש,החב הדרומית לשיווק,,,"י""ח",1,ליטר,false,1,17.50,17.50,false,1,
7290013268037,false,מרכך כביסה מקסימה 1 ליטר מרוכז,החב הדרומית לשיווק,,,"י""ח",1,ליטר,false,1,17.50,17.50,false,1,
7290013268242,false,ריצפז פרש הום 2ל לרצפה מלון מפנק,החב הדרומית לשיווק,,,"י""ח",1.45,ליטר,false,1,19.80,13.66,false,1,
7290013268440,false,מברשת שיניים בוב ספוג,החב הדרומית לשיווק,,,"י""ח",1,,false,1,16.90,16.90,false,1,
7290013268884,false,ריצפז פרש מאסק 2 ליטר,החב הדרומית לשיווק,,,"י""ח",2,ליטר,false,1,15,7.50,false,1,
7290013268891,false,"סנו אוקסיגן ג""ל 3ליטר",החב הדרומית לשיווק,,,"י""ח",3,ליטר,false,1,28.90,9.63,false,1,
7290013268907,false,סנו ג ל כביסה 3ליטר ביו,החב הדרומית לשיווק,,,"י""ח",3,ליטר,false,1,28.90,9.63,false,1,
7290013268983,false,מרכך מקסימה סופר מרוכז MOMENTS 1 ליטר,החב הדרומית לשיווק,,,"י""ח",1,ליטר,false,1,17.50,17.50,false,1,
7290013268990,false,מרכך כביסה ביו מקסימה 1 ליטר מרוכז,החב הדרומית לשיווק,,,"י""ח",1,ליטר,false,1,17.50,17.50,false,1,
7290013269003,false,מרכך כביסה בייבי מקסימה 1 ליטר מרוכז,החב הדרומית לשיווק,,,"י""ח",1,ליטר,false,1,17.90,17.90,false,1,
7290013269263,false,סנו ג ל כביסה 3ליטר קריסטל,החב הדרומית לשיווק,,,"י""ח",3,ליטר,false,1,28.90,9.63,false,1,
7290013269287,false,סנו ג ל כביסה 3ליטר ביו,החב הדרומית לשיווק,,,"י""ח",3,ליטר,false,1,28.90,9.63,false,1,
7290013269348,false,סנו K3 תחנות פיתיון,החב הדרומית לשיווק,,,"י""ח",10,"ל מ""ל",false,1,39.90,399,false,1,
7290013269621,false,ריצפז פרש הום 2ל לרצפה מלון בוטיק,החב הדרומית לשיווק,,,"י""ח",1.45,ליטר,false,1,19.80,13.66,false,1,
7290013269638,false,ספוג הפלא אקסטרה 6 יחידות,החב הדרומית לשיווק,,,"י""ח",1,,false,1,10.90,10.90,false,1,
7290013269645,false,מטליות לחות לרצפה מאסק 10 יחידות,החב הדרומית לשיווק,,,"י""ח",1,,false,1,12.90,12.90,false,1,
7290013269669,false,ריצפז פנטזיה 3 ליטר,החב הדרומית לשיווק,,,"י""ח",3,ליטר,false,1,11.70,3.90,false,1,
7290013269690,false,סנובון ג ל אסלה לימון,החב הדרומית לשיווק,,,"י""ח",65,"ל מ""ל",false,1,5.90,9.08,false,1,
7290013269911,false,K-333 הגנה מחרקים,החב הדרומית לשיווק,,,"י""ח",750,"ל מ""ל",false,1,29.90,3.99,false,1,
7290013276117,false,"בירה נגב אואזיס 330מ""ל",הכרם משקאות חריפים בעמ,,,"י""ח",330,"ל מ""ל",false,1,13.20,3.91,true,1,
7290013284310,false,רוטב פסטה 240גר פריניר,ח.כהן סוכנות מזון ומשקאות בע,,,"י""ח",70,ל גרם,false,1,5.90,8.43,false,1,
7290013284662,false,רוטב פיצה 240גר פריניר,ח.כהן סוכנות מזון ומשקאות בע,,,"י""ח",70,ל גרם,false,1,5.90,8.43,false,1,
7290013310101,false,שיפודי במבוק ג`מבו 50יח,אינטרסן (1996) בעמ,,,"י""ח",1,,false,1,5.30,5.30,false,1,
7290013310163,false,מדליק פחמים מוצק 40יח,אינטרסן (1996) בעמ,,,"י""ח",40,"י""ח",false,1,6.50,0.16,false,1,
7290013310378,false,כפפות ניטריל 80יח S EASY TOUCH,אינטרסן (1996) בעמ,,,"י""ח",80,"י""ח",false,1,24.90,0.31,true,1,
7290013310385,false,כפפות ניטריל 80יח M EASY TOUCH,אינטרסן (1996) בעמ,,,"י""ח",80,"י""ח",false,1,24.90,0.31,true,1,
7290013310392,false,כפפות ניטריל 80יח L EASY TOUCH,אינטרסן (1996) בעמ,,,"י""ח",80,"י""ח",false,1,24.90,0.31,true,1,
7290013358356,false,פירורי לחם מוזהבים 320גרם מאסטרשף,ש.שסטוביץ בעמ,,,"י""ח",320,ל גרם,false,1,6.90,2.16,false,1,
7290013358493,false,"קרם קוקוס פחית 400מ""ל",ש.שסטוביץ בעמ,,,"י""ח",400,"ל מ""ל",false,1,9.90,2.48,false,1,
7290013358530,false,"רוטב צ`ילי מתוק 700מ""ל מאסטר שף",ש.שסטוביץ בעמ,,,"י""ח",700,"ל מ""ל",false,1,12.90,1.84,false,1,
7290013358547,false,"רוטב צ`ילי חריף 700מ""ל",ש.שסטוביץ בעמ,,,"י""ח",700,"ל מ""ל",false,1,11.90,1.70,false,1,
7290013358578,false,איטריות אורז רחבות 5ממ 400גר,ש.שסטוביץ בעמ,,,"י""ח",400,ל גרם,false,1,8.90,2.23,false,1,
7290013361981,false,"צ`פס 2ק""ג פרי גליל",ויטה- פרי גליל (החדשה) בעמ,,,"י""ח",2,"ק""ג",false,1,21.90,10.95,false,1,
7290013381088,false,עמבה הודית אורגינלית 500,נאמן לאורך זמן בעמ,,,"י""ח",500,ל גרם,false,1,8.90,1.78,false,1,
7290013412966,false,מגבונים טולי מארז 4 יחידות,שקד תבל בעמ,,,"י""ח",4,"י""ח",false,1,12.90,3.23,true,1,
7290013430250,false,"בירה אלכסנדר חיטה ישראלית 330מ""ל",אגודת הכורמים,,,"י""ח",330,"ל מ""ל",false,1,12.90,3.82,true,1,
7290013472199,false,ערמונים 100גרם ויליפוד,ג.וילי פוד אינטרנשיונל בעמ,,,"י""ח",100,ל גרם,false,1,5.90,5.90,true,1,
7290013472892,false,בולגריה בקוביות 200גר`,ג.וילי פוד אינטרנשיונל בעמ,,,"י""ח",200,ל גרם,false,1,9.90,4.95,false,1,
7290013492005,false,"תפו""א ננסי למיקרו שמיטה",ביכורי השדה צפון 1994 ג.ד. בעמ,,,"י""ח",1,,false,1,8.90,8.90,true,1,
7290013531117,false,"רוטב פסטה קיד 240ג בד""ץ",זנלכל בעמ,,,"י""ח",240,ל גרם,false,1,5.50,2.29,false,1,
7290013531582,false,שלישייה זיתים חרוזית יכין 3*200גר,זנלכל בעמ,,,"י""ח",600,ל גרם,false,1,14.90,2.48,false,1,
7290013531612,false,רוטב נפוליטנה 240 גר`פלסטיק.,זנלכל בעמ,,,"י""ח",240,ל גרם,false,1,5.50,2.29,false,1,
7290013531629,false,רוטב פומודורו 240 גר`פלסטיק,זנלכל בעמ,,,"י""ח",240,ל גרם,false,1,5.50,2.29,false,1,
7290013580009,false,המבורגר זהב 400גרם ארוז,בלדי בעמ,,,"י""ח",400,ל גרם,false,1,18.90,4.73,false,1,
7290013585233,false,"פחית ספרייט ZERO סליק 330מ""ל",החברה המרכזית להפצת משקאות בעמ,,,"י""ח",330,"ל מ""ל",false,1,4.50,1.27,true,1,
7290013585387,false,קוקה קולה 1ליטר ZERO,החברה המרכזית להפצת משקאות בעמ,,,"י""ח",1,ליטר,false,1,5.80,5.80,false,1,
7290013585394,false,קוקה קולה 1ליטר,החברה המרכזית להפצת משקאות בעמ,,,"י""ח",1,ליטר,false,1,5.80,5.80,false,1,
7290013608260,false,פרימור מיץ רימון 100% 1ליטר,שטראוס גרופ ***בעמ,,,"י""ח",1,ליטר,false,1,22.90,22.90,true,1,
7290013608864,false,פרימור פירות הדר בתוספת ויטמין C 1 ליטר,שטראוס גרופ ***בעמ,,,"י""ח",1,ליטר,false,1,15.90,15.90,true,1,
7290013625229,false,פילה מקרל טעים פלפל חריף בשמן צמחי,טעמן שווק מזון בעמ,,,"י""ח",1,,false,1,7.90,7.90,true,1,
7290013625403,false,חצאי אפרסק בסירופ 820 גרם,טעמן שווק מזון בעמ,,,"י""ח",820,ל גרם,false,1,11.90,1.45,false,1,
7290013625410,false,פלחי אפרסק בסירופ 820 גרם,טעמן שווק מזון בעמ,,,"י""ח",800,ל גרם,false,1,11.90,1.49,false,1,
7290013652645,false,"אוליביול 100 גר משחה לתינוק ד""ר פישר",פישר תעשיות פרמבצטיות בעמ,,,"י""ח",100,ל גרם,false,1,32,32,false,1,
7290013677259,false,זעתר 50 גר`שקית,מיה תעשיות מזון מ.ת.מ בעמ,,,"י""ח",50,ל גרם,false,1,3.60,7.20,false,1,
7290013677266,false,תבלין לפיצה 80 גר`שקית,מיה תעשיות מזון מ.ת.מ בעמ,,,"י""ח",80,ל גרם,false,1,3.60,4.50,false,1,
7290013677280,false,ציפורן שלם 40 גר`שקית,מיה תעשיות מזון מ.ת.מ בעמ,,,"י""ח",40,ל גרם,false,1,7.90,19.75,false,1,
7290013677297,false,אבקת בצל 80 גר`שקית,מיה תעשיות מזון מ.ת.מ בעמ,,,"י""ח",80,ל גרם,false,1,3.60,4.50,false,1,
7290013677310,false,גריל בשר 80 גר`שקית,מיה תעשיות מזון מ.ת.מ בעמ,,,"י""ח",80,ל גרם,false,1,3.60,4.50,false,1,
7290013677327,false,אבקת קארי 80 גר`שקית,מיה תעשיות מזון מ.ת.מ בעמ,,,"י""ח",80,ל גרם,false,1,3.60,4.50,false,1,
7290013677334,false,תבלין על האש 50 גר`שקית,מיה תעשיות מזון מ.ת.מ בעמ,,,"י""ח",50,ל גרם,false,1,3.60,7.20,false,1,
7290013677648,false,שמן זית למאור1 ליטר מיה,מיה תעשיות מזון מ.ת.מ בעמ,,,"י""ח",100,"ל מ""ל",false,1,18.90,18.90,false,1,
7290013677662,false,מלח לימון 500גרם,מיה תעשיות מזון מ.ת.מ בעמ,,,"י""ח",500,"ל מ""ל",false,1,26.70,5.34,false,1,
7290013677679,false,סודה לשתיה 80גרם שקית,מיה תעשיות מזון מ.ת.מ בעמ,,,"י""ח",80,ל גרם,false,1,3.60,4.50,false,1,
7290013677686,false,פפריקה מרוקאית בשקית 80 ג`,מיה תעשיות מזון מ.ת.מ בעמ,,,"י""ח",1,,false,1,3.60,3.60,false,1,
7290013677747,false,שוקו בשקית,מיה תעשיות מזון מ.ת.מ בעמ,,,"י""ח",1,,false,1,6.90,6.90,false,1,
7290013702036,false,"שוופס 500מ""ל טעם אפרסק",יפאורה שותפות מוגבלת לשיווק,,,"י""ח",500,"ל מ""ל",false,1,6.50,1.24,true,1,
7290013702050,false,שוופס ווטר ענבים 0.5ל,יפאורה שותפות מוגבלת לשיווק,,,"י""ח",500,"ל מ""ל",false,1,6.50,1.24,true,1,
7290013702298,false,טאצ`אשפתון עבה 50יח בגליל 90*77.,שניב תעשיות נייר בעמ,,,"י""ח",50,"י""ח",false,1,16.90,0.34,true,1,
7290013702388,false,"שוופס 500מ""ל טעם תפוח",יפאורה שותפות מוגבלת לשיווק,,,"י""ח",500,"ל מ""ל",false,1,6.50,1.24,true,1,
7290013713049,false,"ג מס בקבוק 330מ""ל 5% אלכוהול",אגודת הכורמים,,,"י""ח",330,"ל מ""ל",false,1,12.90,3.82,true,1,
7290013724939,false,שוקולד מריר עם חמוציות 140 גרם,דין שיווק וקליה 2021 בעמ,,,"י""ח",140,ל גרם,false,1,12.90,9.21,false,1,
7290013724946,false,שקדים בשוקולד מריר בקופסא 140 גרם,דין שיווק וקליה 2021 בעמ,,,"י""ח",140,ל גרם,false,1,11,7.86,false,1,
7290013724960,false,שקדים בשוקולד חלב בקופסא 140 גרם,דין שיווק וקליה 2021 בעמ,,,"י""ח",140,ל גרם,false,1,11,7.86,false,1,
7290013724984,false,בוטנים בשוקולד מריר בקופסא 160 גרם,דין שיווק וקליה 2021 בעמ,,,"י""ח",160,ל גרם,false,1,12.90,8.06,false,1,
7290013724991,false,אגוזי לוז בשוקולד חלב בקופסא 140 גרם,דין שיווק וקליה 2021 בעמ,,,"י""ח",140,ל גרם,false,1,12.90,9.21,false,1,
7290013793126,false,ערכת חנוכה אור והדר מוצק,י.מ עטרת מלכות בעמ,,,"י""ח",1,,false,1,49.90,49.90,false,1,
7290013847119,false,טונה סטארקיסט רביעייה בשמן קנולה4*160,דיפלומט מפיצים (1968) בעמ**,,,"י""ח",560,ל גרם,false,1,26.90,4.80,true,1,
7290013847454,false,סטארקיסט רביעייה בשמן קנולה 160ג,דיפלומט מפיצים (1968) בעמ**,,,"י""ח",1,,false,1,26.90,26.90,true,1,
7290013847867,false,טונה סטארקיסט בשמן סויה 140גר(זוג),דיפלומט מפיצים (1968) בעמ**,,,"י""ח",280,ל גרם,false,1,11.90,4.25,true,1,
7290013848758,false,ג`ל כביסה מקסימה בייבי 3ליטר,החב הדרומית לשיווק,,,"י""ח",3,ליטר,false,1,32.80,10.93,false,1,
7290013848949,false,קרמה סטיק אורכידאה,החב הדרומית לשיווק,,,"י""ח",80,"ל מ""ל",false,1,14.90,18.63,false,1,
7290013861429,false,מתוקים של ששון שומשום 250ג,דין שיווק וקליה 2021 בעמ,,,"י""ח",250,ל גרם,false,1,9.90,3.96,false,1,
7290013861443,false,מתוקים של ששון בוטנים 250ג,דין שיווק וקליה 2021 בעמ,,,"י""ח",250,ל גרם,false,1,12.90,5.16,false,1,
7290013883148,false,הפי סופג ריחות במקרר,יעקב יעקבי ובניו בעמ,,,"י""ח",300,"ל מ""ל",false,1,14,4.67,false,1,
7290013906052,false,נקניקיות פרגיות 300גרם,תנובה בשר,,,"י""ח",300,ל גרם,false,1,10.90,3.63,false,1,
7290013906694,false,"נקנקיות עוף טירת צבי 1.5ק""ג",תנובה בשר,,,"י""ח",1.50,"ק""ג",false,1,29.90,19.93,false,1,
7290013906700,false,"נקנקיות עוף טירת צבי 1.5ק""ג",תנובה בשר,,,"י""ח",1.50,"ק""ג",false,1,29.90,19.93,false,1,
7290013906922,false,"נקניקיות הודו חריפות 1ק""ג מחפוד.",תנובה בשר,,,"י""ח",1,"ק""ג",false,1,24.90,24.90,false,1,
7290013906984,false,סלמי תה מחפוד 300גר`,תנובה בשר,,,"י""ח",300,ל גרם,false,1,19.90,6.63,false,1,
7290013927002,false,דקליות שוקו 400 גרם אחווה,אחדות בעמ,,,"י""ח",400,ל גרם,false,1,7.90,1.98,false,1,
7290013927033,false,מעמול 600 גרם מגש אחווה,אחדות בעמ,,,"י""ח",600,ל גרם,false,1,9.50,1.58,false,1,
7290013927040,false,עוגיות ממולא שוקולד 600 גרם אחוה,אחדות בעמ,,,"י""ח",600,ל גרם,false,1,9.50,1.58,false,1,
7290013927057,false,עוגיות שוקולד צ`יפס 400 גרם אחוה,אחדות בעמ,,,"י""ח",400,ל גרם,false,1,7.90,1.98,false,1,
7290013927064,false,עוגיות שיבולת שועל אחווה 400גרם,אחדות בעמ,,,"י""ח",400,ל גרם,false,1,10.90,2.73,false,1,
7290013927101,false,עוגת תפוחים ללא סוכר 450גרם,אחדות בעמ,,,"י""ח",450,ל גרם,false,1,11.90,2.64,false,1,
7290013927156,false,עוגת פירות יער ללא סוכר 450גרם,אחדות בעמ,,,"י""ח",450,ל גרם,false,1,11.90,2.64,false,1,
7290013927200,false,עוגיות שוקולד צ`יפס עשירה 400גרם אחוה,אחדות בעמ,,,"י""ח",450,ל גרם,false,1,10.90,2.42,false,1,
7290013927323,false,עוגת בראוניס 400גרם אחוה,אחדות בעמ,,,"י""ח",450,ל גרם,false,1,10.90,2.42,false,1,
7290013927514,false,רוגעלך קינמון מגש 400ג,אחדות בעמ,,,"י""ח",400,ל גרם,false,1,13.90,3.48,false,1,
7290013927637,false,חלוה ללא ת.סוכר 400ג מגש,אחדות בעמ,,,"י""ח",400,ל גרם,false,1,12.90,3.23,false,1,
7290013927804,false,"טחינה אחווה משומשום מלא 1 ק""ג",אחדות בעמ,,,"י""ח",1,"ק""ג",false,1,17.50,17.50,false,1,
7290013927989,false,מאפין ממולא קרמל 50 ג,אחדות בעמ,,,"י""ח",400,ל גרם,false,1,1.50,0.38,true,1,
7290013927996,false,עוגת שמרים קראנץ טעם שוקולד (400 אחוה),אחדות בעמ,,,"י""ח",400,ל גרם,false,1,9.90,2.48,false,1,
7290013971555,false,סוללות 12יח מעורב פוגיקום,פוגיקום בעמ,,,"י""ח",1,,false,1,19.90,19.90,true,1,
7290014002135,false,תה ירוק מיקס,תה ויסוצקי (ישראל)בעמ,,,"י""ח",37.50,ל גרם,false,1,24.90,66.40,true,1,
7290014002197,false,חליטת קמומיל ולימונית גן קסום,תה ויסוצקי (ישראל)בעמ,,,"י""ח",37.50,ל גרם,false,1,14.50,38.67,true,1,
7290014002203,false,חליטת לימונית ולואיזה גן קסום 25 יח,תה ויסוצקי (ישראל)בעמ,,,"י""ח",37.50,ל גרם,false,1,17.90,47.73,true,1,
7290014002944,false,גן הקסום חליטת חמדת שקד 25שק,תה ויסוצקי (ישראל)בעמ,,,"י""ח",1,,false,1,17.90,17.90,true,1,
7290014046016,false,פסטרמה של פעם 100% חומרים טבעיים 250גר,מעדני יחיעם 1993 בעמ,,,"י""ח",250,ל גרם,false,1,26.90,10.76,false,1,
7290014046030,false,מוס כבד עוף 140ג,מעדני יחיעם 1993 בעמ,,,"י""ח",140,ל גרם,false,1,14.90,10.64,false,1,
7290014046047,false,צמד פסטרמות 600ג,מעדני יחיעם 1993 בעמ,,,"י""ח",600,ל גרם,false,1,24.90,4.15,false,1,
7290014046436,false,נשנושי קבנוס 125ג,מעדני יחיעם 1993 בעמ,,,"י""ח",125,ל גרם,false,1,13.90,11.12,true,1,
7290014046474,false,"נקניקיות עוף 1.5ק""ג יחיעם",מעדני יחיעם 1993 בעמ,,,"י""ח",1.50,"ק""ג",false,1,26.90,17.93,true,1,
7290014046580,false,פסטרמה מעודנת על גחלים 300 גרם,מעדני יחיעם 1993 בעמ,,,"י""ח",300,ל גרם,false,1,19.90,6.63,false,1,
7290014046757,false,סלמי תה 300ג סד. שרולה,מעדני יחיעם 1993 בעמ,,,"י""ח",300,ל גרם,false,1,19.90,6.63,false,1,
7290014046764,false,סלמי פפרוני 200גר,מעדני יחיעם 1993 בעמ,,,"י""ח",200,ל גרם,false,1,12.90,6.45,false,1,
7290014059085,false,"סנסודיין לשיקום והגנה 75מ""ל",גורי ע.ע.ע. בעמ,,,"י""ח",75,"ל מ""ל",false,1,14.70,19.60,true,1,
7290014059436,false,"סנסודיין לשיקום והגנה מלבינה 75מ""ל",גורי ע.ע.ע. בעמ,,,"י""ח",75,"ל מ""ל",false,1,25.90,34.53,true,1,
7290014066366,false,קפסולות קפה לנדוור ריסטרטו 10יח,ש.שסטוביץ בעמ,,,"י""ח",10,"י""ח",false,1,16.90,1.69,true,1,
7290014066373,false,קפסולות קפה לנדוור קלאסיק 10יח,ש.שסטוביץ בעמ,,,"י""ח",10,"י""ח",false,1,16.90,1.69,true,1,
7290014066533,false,קפסולות קפה לנדוור קלייה כפולה 10יח,ש.שסטוביץ בעמ,,,"י""ח",10,"י""ח",false,1,16.90,1.69,true,1,
7290014068902,false,בגט פרווה,מאפיית הראשונים מ.ל. בעמ,,,"י""ח",1,"י""ח",false,1,5,5,false,1,
7290014068919,false,חצי בגט,מאפיית הראשונים מ.ל. בעמ,,,"י""ח",1,"י""ח",false,1,3,3,false,1,
7290014069190,false,לחמניה 75 ג`,מאפיית הראשונים מ.ל. בעמ,,,"י""ח",1,"י""ח",false,1,1.80,1.80,false,1,
7290014069251,false,לחמניה קלועה 60 ג`,מאפיית הראשונים מ.ל. בעמ,,,"י""ח",1,"י""ח",false,1,2.50,2.50,true,1,
7290014069275,false,פיתה,מאפיית הראשונים מ.ל. בעמ,,,"י""ח",1,"י""ח",false,1,1.40,1.40,true,1,
7290014069657,false,בגט רוסטיק,מאפיית הראשונים מ.ל. בעמ,,,"י""ח",1,"י""ח",false,1,8.50,8.50,true,1,
7290014071087,false,חלת צמה פילסברי,מאפיית הראשונים מ.ל. בעמ,,,"י""ח",1,"י""ח",false,1,13,13,false,1,
7290014083165,false,ניוקי 500 גר`וויליפוד,ג.וילי פוד אינטרנשיונל בעמ,,,"י""ח",500,ל גרם,false,1,8.10,1.62,false,1,
7290014083479,false,גבינת גאודה פרוסה 28% שומן 150גר,ג.וילי פוד אינטרנשיונל בעמ,,,"י""ח",150,ל גרם,false,1,9.90,6.60,false,1,
7290014083813,false,שפרוטים מעושנים בשמן 190גר`,ג.וילי פוד אינטרנשיונל בעמ,,,"י""ח",160,ל גרם,false,1,7.90,4.94,false,1,
7290014094352,false,אגוזי מלך 200גר בקופסא,דין שיווק וקליה 2021 בעמ,,,"י""ח",250,ל גרם,false,1,14.90,5.96,false,1,
7290014094628,false,פקאן טבעי 200גר בקופסא,דין שיווק וקליה 2021 בעמ,,,"י""ח",200,ל גרם,false,1,26.90,13.45,false,1,
7290014094833,false,צימוק לבן שקית 300ג.,דין שיווק וקליה 2021 בעמ,,,"י""ח",300,ל גרם,false,1,12.90,4.30,false,1,
7290014094840,false,צימוק חום שקית 300ג,דין שיווק וקליה 2021 בעמ,,,"י""ח",300,ל גרם,false,1,12.90,4.30,false,1,
7290014094895,false,אגוזי מלך קלופים 150ג (דין שיווק),דין שיווק וקליה 2021 בעמ,,,"י""ח",150,ל גרם,false,1,12.90,8.60,false,1,
7290014095861,false,שיבולת שועל דקה להכנה מהירה 500 ג`,דין שיווק וקליה 2021 בעמ,,,"י""ח",500,ל גרם,false,1,5.90,1.18,false,1,
7290014095946,false,משוקלדים פקאן מריר 140גר קופסא,דין שיווק וקליה 2021 בעמ,,,"י""ח",140,ל גרם,false,1,11,7.86,false,1,
7290014095960,false,שיבולת שועל עבה להכנה מהירה 500 ג`,דין שיווק וקליה 2021 בעמ,,,"י""ח",500,ל גרם,false,1,5.90,1.18,false,1,
7290014204003,false,"שמפו פנינה לשיער צבוע 750מ""ל",פנינה רוזנבלום בעמ,,,"י""ח",750,"ל מ""ל",false,1,12.90,1.72,true,1,
7290014204010,false,"מרכך פנינה לשיער צבוע 750מ""ל",פנינה רוזנבלום בעמ,,,"י""ח",750,"ל מ""ל",false,1,12.90,1.72,true,1,
7290014204027,false,"שמפו יומי 750מ""ל",פנינה רוזנבלום בעמ,,,"י""ח",750,"ל מ""ל",false,1,12.90,1.72,true,1,
7290014204034,false,"מרכך יומי 750מ""ל",פנינה רוזנבלום בעמ,,,"י""ח",750,"ל מ""ל",false,1,12.90,1.72,true,1,
7290014204478,false,קרם גוף פנינה 4,פנינה רוזנבלום בעמ,,,"י""ח",400,"ל מ""ל",false,1,22.90,5.73,true,1,
7290014204560,false,"סבון 500מ""ל שלישייה פנינה",פנינה רוזנבלום בעמ,,,"י""ח",0.50,ליטר,false,1,14.90,29.80,true,1,
7290014204614,false,גרנולה שוקולד מריר+שוקולד לבן 400גר,פנינה רוזנבלום בעמ,,,"י""ח",400,ל גרם,false,1,25.90,6.48,true,1,
7290014204638,false,"מרכך לאחר החלקה 750מ""ל קרטין",פנינה רוזנבלום בעמ,,,"י""ח",750,"ל מ""ל",false,1,24.90,3.32,false,1,
7290014204645,false,"שמפו לאחר החלקה 750מ""ל",פנינה רוזנבלום בעמ,,,"י""ח",750,"ל מ""ל",false,1,24.90,3.32,false,1,
7290014204676,false,מסכה לאחר החלקה.,פנינה רוזנבלום בעמ,,,"י""ח",200,"ל מ""ל",false,1,33.90,16.95,false,1,
7290014204683,false,סבון 1ל משאבה סגול פנינה,פנינה רוזנבלום בעמ,,,"י""ח",1,ליטר,false,1,13.90,13.90,false,1,
7290014204690,false,סבון 1ל משאבה ורוד,פנינה רוזנבלום בעמ,,,"י""ח",1,ליטר,false,1,13.90,13.90,false,1,
7290014205000,false,"צלחות גדולות *50 ""שווה""",ח.כהן סוכנות מזון ומשקאות בע,,,"י""ח",50,"י""ח",false,1,14.90,0.30,false,1,
7290014205024,false,קערה אובלית 25 יח`לבן,ח.כהן סוכנות מזון ומשקאות בע,,,"י""ח",30,"י""ח",false,1,5.90,0.20,true,1,
7290014205031,false,"לפתניה""שווה""לבן 25",ח.כהן סוכנות מזון ומשקאות בע,,,"י""ח",25,"י""ח",false,1,4.90,0.20,true,1,
7290014205048,false,"מרקיה""שווה""לבן 25",ח.כהן סוכנות מזון ומשקאות בע,,,"י""ח",2500,ל גרם,false,1,7.90,0.32,false,1,
7290014205055,false,"צלחת עמוקה""שווה""30יח לבן",ח.כהן סוכנות מזון ומשקאות בע,,,"י""ח",30,"י""ח",false,1,14.90,0.50,false,1,
7290014205062,false,"כוסות ח""פ פלסטיק 100""שווה"".",ח.כהן סוכנות מזון ומשקאות בע,,,"י""ח",100,"י""ח",false,1,8.90,0.09,true,1,
7290014205086,false,כוסות יין 50יח שווה,ח.כהן סוכנות מזון ומשקאות בע,,,,1,,false,1,3.90,3.90,false,1,
7290014205116,false,כוסות שקוף שמש 140יח שווה,ח.כהן סוכנות מזון ומשקאות בע,,,"י""ח",140,"י""ח",false,1,16.90,0.12,false,1,
7290014205130,false,"צלחת גדולה ""שווה"" צבעוני 25",ח.כהן סוכנות מזון ומשקאות בע,,,"י""ח",2500,ל גרם,false,1,11.90,0.48,false,1,
7290014205147,false,"צלחת קטן""שווה""צבעוני 25",ח.כהן סוכנות מזון ומשקאות בע,,,"י""ח",25,"י""ח",false,1,6.90,0.28,false,1,
7290014205161,false,"לפתניה ""שווה"" צבעוני 25",ח.כהן סוכנות מזון ומשקאות בע,,,"י""ח",2500,ל גרם,false,1,4.90,0.20,false,1,
7290014205178,false,"מרקיה ""שווה"" צבעוני 25",ח.כהן סוכנות מזון ומשקאות בע,,,"י""ח",2500,ל גרם,false,1,8.90,0.36,false,1,
7290014205185,false,"צלחת ענק""שווה""צבעוני 25",ח.כהן סוכנות מזון ומשקאות בע,,,"י""ח",25,"י""ח",false,1,18.90,0.76,false,1,
7290014205208,false,"סכינים שקוף""שווה""50",ח.כהן סוכנות מזון ומשקאות בע,,,"י""ח",50,"י""ח",false,1,9.90,0.20,false,1,
7290014205673,false,שמן סויה מזוכך 1 ליטר,ח.כהן סוכנויות מזון ומשקאות***,,,"י""ח",1,ליטר,false,1,9.90,9.90,false,1,
7290014205697,false,"אננס חתוך 565 ג ""שווה""A2",ח.כהן סוכנות מזון ומשקאות בע,,,"י""ח",600,ל גרם,false,1,7.90,1.32,true,1,
7290014205758,false,מפת שולחן 1/6 עבה שווה,ח.כהן סוכנות מזון ומשקאות בע,,,"י""ח",6,"י""ח",false,1,11.90,1.98,false,1,
7290014205765,false,מפות שולחן 8* עבה במיוחד 1.35/2.4 מ`שו,ח.כהן סוכנות מזון ומשקאות בע,,,"י""ח",25,"י""ח",false,1,11.90,0.48,false,1,
7290014205772,false,"מפות שולחן 8* עבה שקוף""שווה""",ח.כהן סוכנות מזון ומשקאות בע,,,"י""ח",1,,false,1,7.90,7.90,false,1,
7290014205796,false,שקיות אוכל זוג 150יח שווה,ח.כהן סוכנות מזון ומשקאות בע,,,"י""ח",750,"ל מ""ל",false,1,11.90,1.59,false,1,
7290014205802,false,שקיות הקפאה שווה 200יח זוג,ח.כהן סוכנות מזון ומשקאות בע,,,"י""ח",200,"י""ח",false,1,7.90,0.04,false,1,
7290014205826,false,שקיות אשפה ירוק 52/65 שרוך שווה 50יח,ח.כהן סוכנות מזון ומשקאות בע,,,"י""ח",50,"י""ח",false,1,17.90,0.36,false,1,
7290014205840,false,"שקיות אשפה 52/65 עם שרון""שווה""",ח.כהן סוכנות מזון ומשקאות בע,,,"י""ח",20,"י""ח",false,1,6.90,0.35,false,1,
7290014205857,false,"שקיות אפור ""75/90 שווה""20 יח`ממוחזר.",ח.כהן סוכנות מזון ומשקאות בע,,,"י""ח",20,"י""ח",false,1,10.90,0.55,true,1,
7290014205864,false,"שקיות כתום 75/90 ""שווה"" 50יח",ח.כהן סוכנות מזון ומשקאות בע,,,"י""ח",50,"י""ח",false,1,11.90,0.24,false,1,
7290014206021,false,מאפינס נייר קטנים 20יח שווה,ח.כהן סוכנות מזון ומשקאות בע,,,"י""ח",12,"י""ח",false,1,7.90,0.66,false,1,
7290014206052,false,מאפינס נייר אלומיניום גדולים 12יח,ח.כהן סוכנות מזון ומשקאות בע,,,"י""ח",12,"י""ח",false,1,7.90,0.66,false,1,
7290014206205,false,תבניות פלא נייר בינונית 3 שווה,ח.כהן סוכנות מזון ומשקאות בע,,,"י""ח",3,"י""ח",false,1,11.90,3.97,false,1,
7290014206250,false,מפיות נייר 1/80 מעוטרות שווה,ח.כהן סוכנות מזון ומשקאות בע,,,"י""ח",80,"י""ח",false,1,6.90,0.09,true,1,
7290014206274,false,גפרור אקסטרה לארג שווה,ח.כהן סוכנות מזון ומשקאות בע,,,"י""ח",1,,false,1,6.90,6.90,true,1,
7290014206496,false,גליל מפה מוטבעת 15 מטר שווה,ח.כהן סוכנות מזון ומשקאות בע,,,,1,,false,1,44.90,44.90,false,1,
7290014206519,false,שקיות הקפאה בשקית 200יח שווה,ח.כהן סוכנות מזון ומשקאות בע,,,"י""ח",2,"י""ח",false,1,7.90,3.95,false,1,
7290014206526,false,שקיות מזון מרשרש 150יח *3,ח.כהן סוכנות מזון ומשקאות בע,,,"י""ח",1,,false,1,13.90,13.90,true,1,
7290014206533,false,מפת פלנל עם גומי הקפי שווה,ח.כהן סוכנות מזון ומשקאות בע,,,"י""ח",5,"י""ח",false,1,19.90,3.98,false,1,
7290014206793,false,"כפפות ניילון ח""פ 100יח שווה",ח.כהן סוכנות מזון ומשקאות בע,,,"י""ח",10,"י""ח",false,1,4.90,0.49,false,1,
7290014206861,false,סרדינים בשמן זית 125גר שווה,ח.כהן סוכנות מזון ומשקאות בע,,,"י""ח",125,ל גרם,false,1,5.90,4.72,false,1,
7290014206892,false,אנשובי צנצנת שמן חמניות 100ג שווה,ח.כהן סוכנות מזון ומשקאות בע,,,"י""ח",100,ל גרם,false,1,12.90,12.90,false,1,
7290014206908,false,אננס שלם A2 שווה,ח.כהן סוכנות מזון ומשקאות בע,,,"י""ח",227,ל גרם,false,1,7.90,3.48,false,1,
7290014206915,false,"לפתניה קשוף ""שווה"" 20יח",ח.כהן סוכנות מזון ומשקאות בע,,,"י""ח",2000,ל גרם,false,1,5.90,0.30,false,1,
7290014206922,false,"קערית אובלית קשוף ""שווה"" 20יח",ח.כהן סוכנות מזון ומשקאות בע,,,"י""ח",2000,ל גרם,false,1,6.90,0.35,false,1,
7290014206939,false,"מרקיה קשופה ""שווה"" 20יח",ח.כהן סוכנות מזון ומשקאות בע,,,"י""ח",2000,ל גרם,false,1,9.90,0.50,false,1,
7290014206946,false,"צלחת קטנה קשופה ""שווה"" 20יח",ח.כהן סוכנות מזון ומשקאות בע,,,"י""ח",2000,ל גרם,false,1,8.90,0.45,false,1,
7290014206953,false,"צלחת גדולה קשופה ""שווה"" 20יח",ח.כהן סוכנות מזון ומשקאות בע,,,"י""ח",2000,ל גרם,false,1,16.90,0.85,true,1,
7290014206960,false,"צלחת ענקית קשופה ""שווה"" 20יח",ח.כהן סוכנות מזון ומשקאות בע,,,"י""ח",2000,ל גרם,false,1,24.90,1.25,true,1,
7290014206984,false,"קערת סלט ענקית קשופה ""שווה"" 10יח",ח.כהן סוכנות מזון ומשקאות בע,,,"י""ח",10,"י""ח",false,1,13.90,1.39,true,1,
7290014218321,false,בורקס יפו מעדנות גבינה 600ג,תנובה בשר,,,"י""ח",600,ל גרם,false,1,17.90,2.98,false,1,
7290014218338,false,"בורקס יפו מעדנות תפו""א 600ג",תנובה בשר,,,"י""ח",600,ל גרם,false,1,15.90,2.65,false,1,
7290014218505,false,שלישיית פיצות בחבק *360ג תנובה,תנובה בשר,,,"י""ח",1.08,"ק""ג",false,1,29.40,27.22,true,1,
7290014218932,false,חטיפי פיצה עם זיתים מעדנות,תנובה בשר,,,"י""ח",710,ל גרם,false,1,22.90,3.23,false,1,
7290014256620,false,יין אדום יאנג סלקטד BUZZ,אגודת הכורמים,,,"י""ח",750,"ל מ""ל",false,1,23.70,3.12,true,1,
7290014256637,false,סלקטד לבן יאנג BUZZ מוסקטו,אגודת הכורמים,,,"י""ח",750,"ל מ""ל",false,1,23.70,3.12,true,1,
7290014258716,false,"מטרנה צמחית שלב3 בד""צ",קבוצת אוסם סחר-שות.מוגבלת,,,"י""ח",700,ל גרם,false,1,61.90,8.84,true,1,
7290014258723,false,"מטרנה צמחית שלב1 בד""צ",קבוצת אוסם סחר-שות.מוגבלת,,,"י""ח",700,ל גרם,false,1,61.90,8.84,true,1,
7290014258730,false,"מטרנה צמחית שלב2 בד""צ",קבוצת אוסם סחר-שות.מוגבלת,,,"י""ח",700,ל גרם,false,1,61.90,8.84,true,1,
7290014288058,false,"להבונים 50 שקית ""שווה""",ח.כהן סוכנות מזון ומשקאות בע,,,"י""ח",1,,false,1,10.90,10.90,true,1,
7290014288072,false,כריות יפניות רביעייה שווה,ח.כהן סוכנות מזון ומשקאות בע,,,"י""ח",1,"י""ח",false,1,6.90,6.90,false,1,
7290014288089,false,סרטי קירצוף זוגות שווה איכותי,ח.כהן סוכנות מזון ומשקאות בע,,,"י""ח",10,"י""ח",false,1,5.90,0.59,false,1,
7290014288096,false,מטליות מיקרופייבר 5* ניקוי כלל שווה,ח.כהן סוכנות מזון ומשקאות בע,,,"י""ח",3,"י""ח",false,1,9.90,3.30,false,1,
7290014288119,false,ממרקות מתכת 4יח שווה,ח.כהן סוכנות מזון ומשקאות בע,,,"י""ח",1,,false,1,5.90,5.90,false,1,
7290014288201,false,מארז מטליות מיקרופייבר שווה,ח.כהן סוכנות מזון ומשקאות בע,,,"י""ח",400,"ל מ""ל",false,1,12.90,3.23,false,1,
7290014288294,false,גליל אלבד עם ראנר 20 מטר שווה,ח.כהן סוכנות מזון ומשקאות בע,,,,1,,false,1,39.90,39.90,false,1,
7290014288300,false,טורטיה 8יח 320ג שווה,ח.כהן סוכנות מזון ומשקאות בע,,,"י""ח",320,ל גרם,false,1,10.90,3.41,true,1,
7290014288317,false,טורטיה 6יח 420ג שווה,ח.כהן סוכנות מזון ומשקאות בע,,,"י""ח",320,ל גרם,false,1,10.90,3.41,true,1,
7290014288324,false,טורטיה קמח מלא 8יח 320ג שווה,ח.כהן סוכנות מזון ומשקאות בע,,,"י""ח",320,ל גרם,false,1,10.90,3.41,true,1,
7290014288331,false,נודלס טעם עוף 60ג שווה,ח.כהן סוכנות מזון ומשקאות בע,,,"י""ח",60,ל גרם,false,1,4.90,8.17,true,1,
7290014288355,false,נודלס טעם בקר 60ג שווה,ח.כהן סוכנות מזון ומשקאות בע,,,"י""ח",60,ל גרם,false,1,4.90,8.17,true,1,
7290014288379,false,ערמונים 100ג שווה,ח.כהן סוכנות מזון ומשקאות בע,,,"י""ח",100,ל גרם,false,1,5.90,5.90,true,1,
7290014288447,false,נרות חנוכה צבעוניים שווה,ח.כהן סוכנות מזון ומשקאות בע,,,"י""ח",1,,false,1,3.90,3.90,false,1,
7290014288454,false,נרות חנוכה מיוחדים שווה,ח.כהן סוכנות מזון ומשקאות בע,,,"י""ח",1,,false,1,6.90,6.90,false,1,
7290014288461,false,"נר נשמה פחית ""שווה""",ח.כהן סוכנות מזון ומשקאות בע,,,"י""ח",1,,false,1,2.90,2.90,true,1,
7290014288584,false,נייר אפיה 50יח איכותי שווה,ח.כהן סוכנות מזון ומשקאות בע,,,"י""ח",50,"י""ח",false,1,9.90,0.20,true,1,
7290014288607,false,רדיד אלומיניום 7.5/45 ארוך שווה 14,ח.כהן סוכנות מזון ומשקאות בע,,,,10,"י""ח",false,1,6.90,0.69,false,1,
7290014288614,false,רדיד אלומיניום קצר כוכבים גבוה/עבה 16M,ח.כהן סוכנות מזון ומשקאות בע,,,,10,"י""ח",false,1,21.90,2.19,false,1,
7290014288621,false,רדיד אלומיניום ארוך כוכבים שווה 16M,ח.כהן סוכנות מזון ומשקאות בע,,,,10,"י""ח",false,1,26.90,2.69,false,1,
7290014288645,false,מגבונים מגבופיל 72יח שווה,ח.כהן סוכנות מזון ומשקאות בע,,,"י""ח",72,"י""ח",false,1,18.90,0.26,true,1,
7290014288676,false,מגש אובלי בינוני צבעוני 20יח שווה,ח.כהן סוכנות מזון ומשקאות בע,,,"י""ח",20,"י""ח",false,1,12.90,0.65,false,1,
7290014288683,false,מגש אובלי ענק 20יח שווה,ח.כהן סוכנות מזון ומשקאות בע,,,"י""ח",20,"י""ח",false,1,17.90,0.90,false,1,
7290014288706,false,קערת סלט ענקית 10יח שווה,ח.כהן סוכנות מזון ומשקאות בע,,,"י""ח",10,"י""ח",false,1,9.90,0.99,false,1,
7290014288720,false,כוסות וודקה 350CC שווה,ח.כהן סוכנות מזון ומשקאות בע,,,,10,"י""ח",false,1,9.90,0.99,false,1,
7290014288843,false,נרות שבת מספרים שווה,ח.כהן סוכנות מזון ומשקאות בע,,,"י""ח",1,,false,1,3.90,3.90,false,1,
7290014288980,false,.נייר טישו 1/5 דו שכבתי שווה,ח.כהן סוכנות מזון ומשקאות בע,,,"י""ח",5,"י""ח",false,1,11.90,2.38,false,1,
7290014298200,false,"בקבוקי שתייה ילדים 500 מ""ל",מוסקו בעמ,,,"י""ח",1,,false,1,29.90,29.90,false,1,
7290014298217,false,"בקבוק שתיה קטן 350 מ""ל",מוסקו בעמ,,,"י""ח",1,,false,1,24.90,24.90,false,1,
7290014298996,false,"בקבוק תרמי לשתיה קרה/חמה 500 מ""ל",מוסקו בעמ,,,"י""ח",1,,false,1,59.90,59.90,false,1,
7290014325036,false,סוכריות ג`לי שמחה,מיה תעשיות מזון מ.ת.מ בעמ,,,"י""ח",750,ל גרם,false,1,12.50,1.67,true,1,
7290014325043,false,"פודינג וניל 1ק""ג",מיה תעשיות מזון מ.ת.מ בעמ,,,"י""ח",1,"ק""ג",false,1,13.90,13.90,false,1,
7290014325050,false,קורנפלור 500ג,מיה תעשיות מזון מ.ת.מ בעמ,,,"י""ח",300,ל גרם,false,1,3.90,1.30,false,1,
7290014325531,false,"חמאת בוטנים 500ג מיה כשל""פ בד""צ",מיה תעשיות מזון מ.ת.מ בעמ,,,"י""ח",500,ל גרם,false,1,12.90,2.58,false,1,
7290014356061,false,ספגטי 500גר שדות,אחים אגא (א.מ.) שיווק,,,"י""ח",500,ל גרם,false,1,4.90,0.98,true,1,
7290014356078,false,פסטה פנה 500גר שדות,אחים אגא (א.מ.) שיווק,,,"י""ח",500,ל גרם,false,1,4.90,0.98,true,1,
7290014356085,false,פסטה מסולסלת 500גר שדות,אחים אגא (א.מ.) שיווק,,,"י""ח",500,ל גרם,false,1,4.90,0.98,true,1,
7290014356092,false,ספגטי 500גר שדות,אחים אגא (א.מ.) שיווק,,,"י""ח",500,ל גרם,false,1,4.90,0.98,true,1,
7290014356108,false,פסטה קרניים 500גר שדות,אחים אגא (א.מ.) שיווק,,,"י""ח",500,ל גרם,false,1,4.90,0.98,true,1,
7290014356115,false,"שמן זית כתית מעולה 750מ""ל",אחים אגא (א.מ.) שיווק,,,"י""ח",750,"ל מ""ל",false,1,29.90,3.99,false,1,
7290014356245,false,שמן קנולה 1 ליטר שדות.,אחים אגא (א.מ.) שיווק,,,"י""ח",1,ליטר,false,1,10,10,true,1,
7290014356313,false,סרדינים בשמן צמחי 125גר שדות,אחים אגא (א.מ.) שיווק,,,"י""ח",125,ל גרם,false,1,4.30,3.44,false,1,
7290014356412,false,חתיכות אננס ב %100מיץ טבעי 850גר שדות,אחים אגא (א.מ.) שיווק,,,"י""ח",850,ל גרם,false,1,9.90,1.16,false,1,
7290014356450,false,פסטה צדפים 500גר שדות,אחים אגא (א.מ.) שיווק,,,"י""ח",500,ל גרם,false,1,4.90,0.98,true,1,
7290014356535,false,פסטה פרפרים 500גר שדות,אחים אגא (א.מ.) שיווק,,,"י""ח",500,ל גרם,false,1,4.90,0.98,true,1,
7290014356863,false,פטריות חתוכות 400 גרם שדות,אחים אגא (א.מ.) שיווק,,,"י""ח",400,ל גרם,false,1,4.70,1.18,false,1,
7290014356887,false,פטריות שלמות 400 גרם שדות,אחים אגא (א.מ.) שיווק,,,"י""ח",400,ל גרם,false,1,6.90,1.73,false,1,
7290014356917,false,חצאי אפרסק בסירופ קל 820גר שדות,אחים אגא (א.מ.) שיווק,,,"י""ח",820,ל גרם,false,1,8.90,1.09,false,1,
7290014356931,false,קוסקוס דק 350גר אגא,אחים אגא (א.מ.) שיווק,,,"י""ח",500,ל גרם,false,1,3.30,0.66,true,1,
7290014356962,false,פתיתים בצורת קוסקוס 500ג אגא,אחים אגא (א.מ.) שיווק,,,"י""ח",500,ל גרם,false,1,3.60,0.72,true,1,
7290014356979,false,פתיתים בצורת אורז 500ג אגא,אחים אגא (א.מ.) שיווק,,,"י""ח",500,ל גרם,false,1,3.60,0.72,true,1,
7290014397163,false,פרש אוטומטיק בניחוח FLORAL HARMONY,החב הדרומית לשיווק,,,"י""ח",165,ל גרם,false,1,12.90,7.82,false,1,
7290014397170,false,פרש אוטומטיק בניחוח SOFT BALANCE,החב הדרומית לשיווק,,,"י""ח",165,ל גרם,false,1,12.90,7.82,false,1,
7290014397279,false,שקיות אוכל אריזת חיסכון,החב הדרומית לשיווק,,,"י""ח",1,,false,1,12.90,12.90,false,1,
7290014397286,false,מרכך כביסה מקסימה 1 ליטר מרוכז,החב הדרומית לשיווק,,,"י""ח",1,ליטר,false,1,17.50,17.50,false,1,
7290014397507,false,"סנופרש הום בניחוח פריחת היסמין 350מ""ל",החב הדרומית לשיווק,,,"י""ח",350,"ל מ""ל",false,1,9.90,2.83,false,1,
7290014397514,false,"סנופרש הום בניחוח כותנה מלטפת 350מ""ל",החב הדרומית לשיווק,,,"י""ח",350,"ל מ""ל",false,1,9.90,2.83,false,1,
7290014397675,false,מרכך כביסה חלב ודבש 4 ליטר,החב הדרומית לשיווק,,,"י""ח",4,ליטר,false,1,21.90,5.48,false,1,
7290014397767,false,ריצפז פרש הום כותנה מלטפת 2ל,החב הדרומית לשיווק,,,"י""ח",1.45,ליטר,false,1,19.80,13.66,false,1,
7290014397774,false,ריצפז פרש הום טבע רענן 2ל לרצפה,החב הדרומית לשיווק,,,"י""ח",1.45,ליטר,false,1,19.80,13.66,false,1,
7290014397781,false,ריצפז פרש הום סבון מפנק 2ל לרצפה,החב הדרומית לשיווק,,,"י""ח",1.45,ליטר,false,1,19.80,13.66,false,1,
7290014397873,false,מרכך כביסה מקסימה GENTLE BREEZE י4ל`,החב הדרומית לשיווק,,,"י""ח",4,ליטר,false,1,21.90,5.48,false,1,
7290014426061,false,משחת שיניים הלו קיטי,גורי ע.ע.ע. בעמ,,,"י""ח",50,ל גרם,false,1,10.90,21.80,false,1,
7290014435360,false,חומוס עם רוטב חריף 400ג,סלטי שמיר2006בעמ,,,"י""ח",400,ל גרם,false,1,11.90,2.98,true,1,
7290014435377,false,חומוס עם רוטב מסבחה 400ג,סלטי שמיר2006בעמ,,,"י""ח",400,ל גרם,false,1,11.90,2.98,true,1,
7290014435384,false,חומוס עם טחינה מיוחדת 400ג,סלטי שמיר2006בעמ,,,"י""ח",400,ל גרם,false,1,11.90,2.98,true,1,
7290014435391,false,חומוס אורגינל עם גרגרים 400ג,סלטי שמיר2006בעמ,,,"י""ח",400,ל גרם,false,1,11.90,2.98,true,1,
7290014455252,false,גרנה פדנו מגורד 100ג,מחלבות גד,,,"י""ח",100,ל גרם,false,1,10.90,10.90,false,1,
7290014455320,false,כדור מוצרלה פרסקה 100ג,מחלבות גד,,,"י""ח",100,ל גרם,false,1,8.90,8.90,false,1,
7290014455467,false,מעדן שיבולת שועל וחלב 2% 150גר,מחלבות גד,,,"י""ח",150,"ל מ""ל",false,1,5.50,3.67,false,1,
7290014459137,false,"סטייק ציפס 1.5ק""ג",קבוצת אוסם סחר-שות.מוגבלת,,,"י""ח",1.50,"ק""ג",false,1,24.90,16.60,false,1,
7290014459373,false,"תפוגן ציפס קראנצי לתנור 1.5ק""ג",קבוצת אוסם סחר-שות.מוגבלת,,,"י""ח",1.50,"ק""ג",false,1,24.90,16.60,false,1,
7290014459632,false,"תפוגן צ יפס טוגן 1.5 ק""ג",קבוצת אוסם סחר-שות.מוגבלת,,,"י""ח",1.50,"ק""ג",false,1,17.90,11.93,false,1,
7290014471412,false,"מוזלי בוטנים אגוזים ושקדים 1ק""ג",דין שיווק וקליה 2021 בעמ,,,"י""ח",0,"ק""ג",false,1,19.90,19.90,true,1,
7290014471436,false,"מוזלי צימוקים תפוח קינמון רגעיני חמ 1ק""ג",דין שיווק וקליה 2021 בעמ,,,"י""ח",0,"ק""ג",false,1,19.90,19.90,true,1,
7290014471443,false,"גרנולה אגוזים 1ק""ג",דין שיווק וקליה 2021 בעמ,,,"י""ח",0,"ק""ג",false,1,19.90,19.90,true,1,
7290014472433,false,קונפיטורה תות שדה 450גר,דין שיווק וקליה 2021 בעמ,,,"י""ח",450,ל גרם,false,1,13.90,3.09,false,1,
7290014472471,false,גרעין חמניה קלוי ענק 200גר,דין שיווק וקליה 2021 בעמ,,,"י""ח",200,ל גרם,false,1,7.90,3.95,false,1,
7290014472990,false,ממרח 100% שקדים 300גר,דין שיווק וקליה 2021 בעמ,,,"י""ח",300,ל גרם,false,1,27.90,9.30,false,1,
7290014473584,false,"רסק תפוחי עץ 550ג ללא""ס",טעמן שווק מזון בעמ,,,"י""ח",550,ל גרם,false,1,8.90,1.62,false,1,
7290014473607,false,רסק אפרסק ותפוחי עץ 550ג,טעמן שווק מזון בעמ,,,"י""ח",550,ל גרם,false,1,8.90,1.62,false,1,
7290014525177,false,מרבה סלים פרוט בטעם יוגורט ופירות יע 1,ש.שסטוביץ בעמ,,,"י""ח",120,ל גרם,false,1,12.90,10.75,true,1,
7290014525290,false,מרבה סלים דלים קריספי תות 125ג,ש.שסטוביץ בעמ,,,"י""ח",120,ל גרם,false,1,12.90,10.75,true,1,
7290014525306,false,מרבה סלים דלים קריספי אוכמניות 125ג,ש.שסטוביץ בעמ,,,"י""ח",120,ל גרם,false,1,12.90,10.75,true,1,
7290014525313,false,מרבה סלים דלים קריספי שוקולד 125ג,ש.שסטוביץ בעמ,,,"י""ח",120,ל גרם,false,1,12.90,10.75,true,1,
7290014547322,false,זוג מברשות סנסודיין שיקום,גורי ע.ע.ע. בעמ,,,"י""ח",75,"ל מ""ל",false,1,29.90,39.87,true,1,
7290014555082,false,מים מזוקקים 4ל מקסול,סאסאטק אגשח בעמ,,,"י""ח",1,,false,1,11.90,11.90,false,1,
7290014562387,false,גרגירים נמסם להכנת תה טעם קמומיל,בטר אנד דיפרנט בעמ,,,"י""ח",1.20,ליטר,false,1,19,15.83,false,1,
7290014562394,false,גרגירים נמסם להכנת תה טעם שומר,בטר אנד דיפרנט בעמ,,,"י""ח",1.20,ליטר,false,1,19,15.83,false,1,
7290014562998,false,דייסת דגנים ללא חמשת מיני דגן 200ג,בטר אנד דיפרנט בעמ,,,"י""ח",200,ל גרם,false,1,12.90,6.45,false,1,
7290014673038,false,תערובת תיבול טוסקנה 120ג,א.ל.יצור ושיווקתבלינים בעמ,,,"י""ח",120,ל גרם,false,1,11.50,9.58,true,1,
7290014673137,false,תערובת תיבול לפיצה 100ג,א.ל.יצור ושיווקתבלינים בעמ,,,"י""ח",100,ל גרם,false,1,11.50,11.50,true,1,
7290014673359,false,מלח לימון 400גר,א.ל.יצור ושיווקתבלינים בעמ,,,"י""ח",400,ל גרם,false,1,21.90,5.48,false,1,
7290014673366,false,"כורכום 250 גר. בצנצנת כשל""פ",א.ל.יצור ושיווקתבלינים בעמ,,,"י""ח",250,ל גרם,false,1,21.90,8.76,false,1,
7290014673373,false,פפריקה חריפה 250 גר בצנצנת,א.ל.יצור ושיווקתבלינים בעמ,,,"י""ח",250,ל גרם,false,1,21.90,8.76,false,1,
7290014673380,false,כמון 250 גר בצנצנת,א.ל.יצור ושיווקתבלינים בעמ,,,"י""ח",250,ל גרם,false,1,21.90,8.76,false,1,
7290014673403,false,פלפל שחור טחון 250 גר בצנצנת,א.ל.יצור ושיווקתבלינים בעמ,,,"י""ח",250,ל גרם,false,1,27.90,11.16,false,1,
7290014673434,false,פלפל שחור גרוס דק שקית 80ג,א.ל.יצור ושיווקתבלינים בעמ,,,"י""ח",80,ל גרם,false,1,8.90,11.13,true,1,
7290014674004,false,קריספי פירורי לחם שומשום ומלח ים 300גר,א.ל.יצור ושיווקתבלינים בעמ,,,"י""ח",300,ל גרם,false,1,7.90,2.63,true,1,
7290014692541,false,צהובה מגורדת 500ג Golden,ג.וילי פוד אינטרנשיונל בעמ,,,"י""ח",500,ל גרם,false,1,19.90,3.98,false,1,
7290014692565,false,גרעיני תירס מתוק 285/320ג,ג.וילי פוד אינטרנשיונל בעמ,,,"י""ח",320,ל גרם,false,1,5.90,1.84,true,1,
7290014692749,false,"שמן זית 750מ""ל COSTA D`ORO..",ג.וילי פוד אינטרנשיונל בעמ,,,"י""ח",750,"ל מ""ל",false,1,29.90,3.99,false,1,
7290014692817,false,גבינת מוצרלה מגורדת 200ג ויליפוד,ג.וילי פוד אינטרנשיונל בעמ,,,"י""ח",200,ל גרם,false,1,10.90,5.45,false,1,
7290014749245,false,עוף טוב ספיישל רצועות שניצל 600גר,קבוצת אוסם סחר-שות.מוגבלת,,,"י""ח",700,ל גרם,false,1,32.90,4.70,true,1,
7290014749764,false,שניצל עוף ביתי עדין ן עוף טוב 700גר,קבוצת אוסם סחר-שות.מוגבלת,,,"י""ח",700,ל גרם,false,1,33.90,4.84,true,1,
7290014758100,false,מאגדת *8יוגורט BIO 3% 150ג,תנובה בעמ ***,,,"י""ח",1.20,ליטר,false,1,16.60,13.83,true,1,
7290014758117,false,מאגדת *8יוגורט BIO 1.5% 150ג,תנובה בעמ ***,,,"י""ח",1.20,ליטר,false,1,16.60,13.83,true,1,
7290014758162,false,חלב עיזים מלא 3.6%,תנובה בעמ ***,,,"י""ח",1,ליטר,false,1,15.10,15.10,false,1,
7290014758681,false,קוט ג }1% למריחה תנובה{250גר%,תנובה בעמ ***,,,"י""ח",275,ל גרם,false,1,5.50,2,false,1,
7290014759084,false,נפוליאון 16% סקיני 225גר,תנובה בעמ ***,,,"י""ח",225,ל גרם,false,1,14.20,6.31,false,1,
7290014760134,false,מעדן סויה טעם וניל,תנובה בעמ ***,,,"י""ח",125,"ל מ""ל",false,1,3.70,2.96,false,1,
7290014760141,false,משקה שקדים טרי 1ל,תנובה בעמ ***,,,"י""ח",1,ליטר,false,1,12.90,12.90,true,1,
7290014760448,false,גלבוע פרוס 22% 400ג,תנובה בעמ ***,,,"י""ח",400,ל גרם,false,1,22.90,5.73,false,1,
7290014760912,false,גוש חלב 28% מהדרין 400ג,תנובה בעמ ***,,,"י""ח",400,ל גרם,false,1,25.90,6.48,false,1,
7290014761018,false,ג לי בטעם וניל 125גר,תנובה בעמ ***,,,"י""ח",125,"ל מ""ל",false,1,1.50,1.20,false,1,
7290014761056,false,YOLO מעדן שוקולד חלב מעולה,תנובה בעמ ***,,,"י""ח",123,"ל מ""ל",false,1,4.60,3.74,false,1,
7290014761063,false,YOLO מעדן שוקולד מריר מעולה,תנובה בעמ ***,,,"י""ח",123,"ל מ""ל",false,1,4.60,3.74,false,1,
7290014761193,false,"פרילי פירות יער 125 מ""ל",תנובה בעמ ***,,,"י""ח",125,"ל מ""ל",false,1,3.50,2.80,false,1,
7290014761612,false,YOLO מעדן שוקולד מריר ולבן,תנובה בעמ ***,,,"י""ח",123,"ל מ""ל",false,1,4.60,3.74,false,1,
7290014761698,false,"עמק סמי מעדנייה 600ג בד""ץ",תנובה בעמ ***,,,"י""ח",600,ל גרם,false,1,29.90,4.98,false,1,
7290014762800,false,מעדן סויה בטעם שוקולד בגביע 125ג,תנובה בעמ ***,,,"י""ח",125,"ל מ""ל",false,1,3.70,2.96,false,1,
7290014791091,false,שוופס לימונייד 0.5ל,יפאורה שותפות מוגבלת לשיווק,,,"י""ח",500,"ל מ""ל",false,1,6.50,1.24,true,1,
7290014791725,false,שוופס מוגז עדין 0.5 ליטר תפוח,יפאורה שותפות מוגבלת לשיווק,,,"י""ח",500,"ל מ""ל",false,1,6.50,1.24,true,1,
7290014803565,false,צנימים חיטה מלאה 300ג,נאמן לאורך זמן בעמ,,,"י""ח",300,ל גרם,false,1,11.90,3.97,false,1,
7290014803732,false,ניוקי 500 גר( נאמן),נאמן לאורך זמן בעמ,,,"י""ח",500,ל גרם,false,1,7.90,1.58,false,1,
7290014855434,false,מגבונים בייבי סיטר פרפורמנס רבעייה מבו,שקד תבל בעמ,,,"י""ח",1,,false,1,15.90,15.90,true,1,
7290014855458,false,מגבונים בייבי סיטר פרפורמנס רבעייה ללא,שקד תבל בעמ,,,"י""ח",1,,false,1,15.90,15.90,true,1,
7290014860063,false,מקלוני אורז ללא גלוטן 454ג,מזרח ומערב יבוא ושיווק,,,"י""ח",454,ל גרם,false,1,7.90,1.74,false,1,
7290014860070,false,"מקלוני אורז ללא גלוטן 5מ""מ 454גר",מזרח ומערב יבוא ושיווק,,,"י""ח",454,ל גרם,false,1,10.90,2.40,true,1,
7290014860247,false,שבבי אורז מרובעים ללא גלוטן 227גר,מזרח ומערב יבוא ושיווק,,,"י""ח",227,ל גרם,false,1,9.90,4.36,false,1,
7290014860988,false,"קרם קוקוס 17% סלבס 400מ""ל מזרח ומערב",מזרח ומערב יבוא ושיווק,,,"י""ח",400,"ל מ""ל",false,1,9.90,2.48,true,1,
7290014901315,false,"סנסודיין הגנה מלאה 75 אקסטרה פרש 75מ""ל",גורי ע.ע.ע. בעמ,,,"י""ח",75,ל גרם,false,1,25.90,34.53,true,1,
7290014905160,false,פניני ריח לאוויר XL,יעקב יעקבי ובניו בעמ,,,"י""ח",1,,false,1,9.90,9.90,false,1,
7290014905207,false,C W ג ל לאסלה,יעקב יעקבי ובניו בעמ,,,"י""ח",750,"ל מ""ל",false,1,7.90,1.05,false,1,
7290014905733,false,"הפי פרפקט לשמשות 750מ""ל",יעקב יעקבי ובניו בעמ,,,"י""ח",750,"ל מ""ל",false,1,8.90,1.19,true,1,
7290014935358,false,שעועית ירוקה,ביכורי השדה צפון 1994 ג.ד. בעמ,,,"י""ח",1,,false,1,14.90,14.90,false,1,
7290014940901,false,לחם פשוט מלא.אנגל,שלמה א.אנג ל בעמ,,,"י""ח",750,ל גרם,false,1,10,1.33,false,1,
7290014973060,false,סלומון נורבגי מעושן 100 גרם,לפ הרמס דגים בעמ,,,"י""ח",100,ל גרם,false,1,21.90,21.90,false,1,
7290014973329,false,הרינג אדום 200גר,בידאני נתן,,,"י""ח",200,ל גרם,false,1,21.90,10.95,false,1,
7290014973336,false,הרינג כבוש 200גר,בידאני נתן,,,"י""ח",200,ל גרם,false,1,21.90,10.95,false,1,
7290014973374,false,מקרל 200גר,בידאני נתן,,,"י""ח",200,ל גרם,false,1,26.90,13.45,false,1,
7290014973664,false,איקרא אדומה 250גר,בידאני נתן,,,"י""ח",250,ל גרם,false,1,15.90,6.36,false,1,
7290015014168,false,בייבי מיקס בוסטן,ביכורי השדה צפון 1994 ג.ד. בעמ,,,"י""ח",300,ל גרם,false,1,9.90,3.30,false,1,
7290015014182,false,לבבות קיסר,ביכורי השדה צפון 1994 ג.ד. בעמ,,,"י""ח",300,ל גרם,false,1,9.90,3.30,true,1,
7290015014274,false,צנונית ארוזה שמיטה,ביכורי השדה צפון 1994 ג.ד. בעמ,,,"י""ח",1,,false,1,7.90,7.90,false,1,
7290015014465,false,רוזמרין,ביכורי השדה צפון 1994 ג.ד. בעמ,,,"י""ח",1,,false,1,6.90,6.90,false,1,
7290015014472,false,טימין,ביכורי השדה צפון 1994 ג.ד. בעמ,,,"י""ח",1,,false,1,6.90,6.90,false,1,
7290015027021,false,עוגות שמרים פרימיום 500גר,הלל בן הלל שיווק ומסחר בעמ,,,"י""ח",500,ל גרם,false,1,21.90,4.38,false,1,
7290015037204,false,כרוב לבן קצוץ 400גר חסלט,יעל ירק עלים לשיווק בעמ,,,"י""ח",400,ל גרם,false,1,11.80,2.95,false,1,
7290015037211,false,כרוב אדום קצוץ 400גר חסלט,יעל ירק עלים לשיווק בעמ,,,"י""ח",400,ל גרם,false,1,11.80,2.95,false,1,
7290015037273,false,פטרוזיליה אוצר הארץ חסלט,יעל ירק עלים לשיווק בעמ,,,"י""ח",1,,false,1,6.30,6.30,false,1,
7290015037280,false,כוסברה חסלט אוצר הארץ,יעל ירק עלים לשיווק בעמ,,,"י""ח",400,ל גרם,false,1,6.30,1.58,false,1,
7290015037297,false,שמיר חסלט,יעל ירק עלים לשיווק בעמ,,,"י""ח",400,ל גרם,false,1,6.30,1.58,false,1,
7290015037396,false,נענע חסלט,יעל ירק עלים לשיווק בעמ,,,"י""ח",1,,false,1,6.30,6.30,false,1,
7290015037402,false,בצל ירוק חסלט,יעל ירק עלים לשיווק בעמ,,,"י""ח",1,,false,1,7.30,7.30,false,1,
7290015037419,false,סלרי אמריקאי אוצר הארץ,יעל ירק עלים לשיווק בעמ,,,"י""ח",1,,false,1,7.30,7.30,false,1,
7290015037433,false,חסה חסלט,יעל ירק עלים לשיווק בעמ,,,"י""ח",400,ל גרם,false,1,7.30,1.83,false,1,
7290015037440,false,כרוב לבן שלם חסלט.,יעל ירק עלים לשיווק בעמ,,,"ק""ג",1,,true,1,14.50,14.50,false,1,
7290015039246,false,טונה וילפוד 4 יחידות בשמן צימחי,ג.וילי פוד אינטרנשיונל בעמ,,,"י""ח",640,ל גרם,false,1,19.90,3.11,false,1,
7290015039338,false,נתחי טונה במים רביעייה 160ג,ג.וילי פוד אינטרנשיונל בעמ,,,"י""ח",640,ל גרם,false,1,19.90,3.11,false,1,
7290015039499,false,"עוגיות איטלקיות מובחרות 1ק""ג",ג.וילי פוד אינטרנשיונל בעמ,,,"י""ח",1,"ק""ג",false,1,12.90,12.90,true,1,
7290015129121,false,סקיני פסטה נודלס 270גר,נטורפוד בעמ,,,"י""ח",270,ל גרם,false,1,11.90,4.41,false,1,
7290015139250,false,שוקולד כרמית מריר עם פצ.אור ללא סוכר 8,כרמית תעשיות ממתקים בעמ,,,"י""ח",85,ל גרם,false,1,6.90,8.12,true,1,
7290015139267,false,שוקולד פרמיום מריר ללס שקדים 85ג,כרמית תעשיות ממתקים בעמ,,,"י""ח",85,ל גרם,false,1,6.90,8.12,true,1,
7290015139465,false,מיקסיםבייגלה מצופה שוקולד חלב 55גר,כרמית תעשיות ממתקים בעמ,,,"י""ח",55,ל גרם,false,1,3.90,7.09,true,1,
7290015139519,false,מיקסים קוביות וופל 55גר,כרמית תעשיות ממתקים בעמ,,,"י""ח",55,ל גרם,false,1,3.90,7.09,true,1,
7290015139526,false,חופשי וופל בציפוי ומילוי שוקו 125גר לל,כרמית תעשיות ממתקים בעמ,,,"י""ח",125,ל גרם,false,1,10.90,8.72,false,1,
7290015139533,false,חופשי וופל לימון 200גר ללא גלוטן,כרמית תעשיות ממתקים בעמ,,,"י""ח",200,ל גרם,false,1,10.90,5.45,false,1,
7290015139571,false,חופשי וופל בארים 25גר ללא גלוטן,כרמית תעשיות ממתקים בעמ,,,"י""ח",25,ל גרם,false,1,10.90,43.60,false,1,
7290015150088,false,מחית עגבניות בלה איטליה 700גר,תה ויסוצקי (ישראל)בעמ,,,"י""ח",700,ל גרם,false,1,12.50,1.79,true,1,
7290015150118,false,עגבניות חתוכות בלה איטליה 400ג3X,תה ויסוצקי (ישראל)בעמ,,,"י""ח",400,ל גרם,false,1,15,3.75,false,1,
7290015150729,false,תה ירוק-מיקס סקיני גריני,תה ויסוצקי (ישראל)בעמ,,,"י""ח",37.50,ל גרם,false,1,24.90,66.40,true,1,
7290015150903,false,תה ירוק לימונית וג נג ר,תה ויסוצקי (ישראל)בעמ,,,"י""ח",25,ל גרם,false,1,24.90,99.60,true,1,
7290015155830,false,פרינוק מחית תפוח ובננה 120ג,גורי מוצרי צריכה בעמ,,,"י""ח",120,ל גרם,false,1,3.70,3.08,true,1,
7290015155847,false,פרינוק מחית תסלט פירות 120ג,גורי מוצרי צריכה בעמ,,,"י""ח",120,ל גרם,false,1,3.70,3.08,true,1,
7290015155878,false,חטיפטף בטעם טבעי 28גר,גורי מוצרי צריכה בעמ,,,"י""ח",1,,false,1,6.90,6.90,false,1,
7290015155892,false,חטיפטף בטעם בננה 31גר,גורי מוצרי צריכה בעמ,,,"י""ח",1,,false,1,6.90,6.90,false,1,
7290015282581,false,חומוס אבו גוש עם חריף 200ג,סלטי שמיר2006בעמ,,,"י""ח",200,ל גרם,false,1,11.90,5.95,true,1,
7290015282598,false,חומוס מסעדות 200ג,סלטי שמיר2006בעמ,,,"י""ח",200,ל גרם,false,1,11.90,5.95,true,1,
7290015282604,false,טחינה מיוחדת 200ג,סלטי שמיר2006בעמ,,,"י""ח",200,ל גרם,false,1,11.90,5.95,true,1,
7290015282628,false,חציל בטעם כבד 200ג,סלטי שמיר2006בעמ,,,"י""ח",200,ל גרם,false,1,12.90,6.45,true,1,
7290015282642,false,חומוס אבו גוש 200ג,סלטי שמיר2006בעמ,,,"י""ח",200,ל גרם,false,1,11.90,5.95,true,1,
7290015282666,false,סלט טונה בריאות 200ג,סלטי שמיר2006בעמ,,,"י""ח",200,ל גרם,false,1,18.90,9.45,false,1,
7290015282673,false,חציל במיונז ביתי 200ג,סלטי שמיר2006בעמ,,,"י""ח",200,ל גרם,false,1,11.90,5.95,true,1,
7290015282680,false,קישוא בטעם כבד 200ג,סלטי שמיר2006בעמ,,,"י""ח",200,ל גרם,false,1,12.90,6.45,true,1,
7290015282697,false,כרוב אדום 200ג,סלטי שמיר2006בעמ,,,"י""ח",200,ל גרם,false,1,12.90,6.45,true,1,
7290015282710,false,קוביות סלק 200ג,סלטי שמיר2006בעמ,,,"י""ח",200,ל גרם,false,1,11.90,5.95,true,1,
7290015282727,false,גזר מרוקאי ברוטב פיקנטי 200ג,סלטי שמיר2006בעמ,,,"י""ח",200,ל גרם,false,1,12.90,6.45,true,1,
7290015282734,false,מטבוחה ביתית 200ג,סלטי שמיר2006בעמ,,,"י""ח",200,ל גרם,false,1,12.90,6.45,true,1,
7290015282741,false,חציל תאילנדי 200ג,סלטי שמיר2006בעמ,,,"י""ח",200,ל גרם,false,1,12.90,6.45,true,1,
7290015282796,false,תפוח אדמה 200ג,סלטי שמיר2006בעמ,,,"י""ח",200,ל גרם,false,1,12.90,6.45,true,1,
7290015320481,false,טבלה 100 ג מריר 60% קקאו,יעד ממתקים בעמ,,,"י""ח",100,ל גרם,false,1,5,5,true,1,
7290015325752,false,מגבונים אסותא רביעייה לתינוק,עיסא ערטול בעמ-סוכן הנקל סוד,,,"י""ח",4,"י""ח",false,1,17.90,4.48,false,1,
7290015339414,false,דבש 350ג טעמן,טעמן שווק מזון בעמ,,,"י""ח",350,ל גרם,false,1,11,3.14,true,1,
7290015339438,false,"דבש 1ק""ג טעמן",טעמן שווק מזון בעמ,,,"י""ח",1,"ק""ג",false,1,39.90,39.90,false,1,
7290015339650,false,"שוקולד חלבי בד""ץ 100גר`",טעמן שווק מזון בעמ,,,"י""ח",100,ל גרם,false,1,6.90,6.90,true,1,
7290015339704,false,"אורז בסגנון בסמטי הודי 1ק""ג",טעמן שווק מזון בעמ,,,"י""ח",1,"ק""ג",false,1,10.90,10.90,false,1,
7290015339933,false,ריבת חלב 340ג,טעמן שווק מזון בעמ,,,"י""ח",340,ל גרם,false,1,12.40,3.65,false,1,
7290015347181,false,"שעועית לבנה סלקטד 1ק""ג מיה",מיה תעשיות מזון מ.ת.מ בעמ,,,"י""ח",1,"ק""ג",false,1,14.90,14.90,false,1,
7290015347204,false,"חומוס גדול סלקטד 1ק""ג מיה",מיה תעשיות מזון מ.ת.מ בעמ,,,"י""ח",1,"ק""ג",false,1,15.90,15.90,false,1,
7290015347211,false,"גריסי פנינה סלקטד 1ק""ג מיה",מיה תעשיות מזון מ.ת.מ בעמ,,,"י""ח",1,"ק""ג",false,1,17.90,17.90,false,1,
7290015347273,false,נטיפי שוקולד 250ג מיה,מיה תעשיות מזון מ.ת.מ בעמ,,,"י""ח",250,ל גרם,false,1,7.90,3.16,false,1,
7290015347358,false,סודה לשתיה 50 גר בקרטון,מיה תעשיות מזון מ.ת.מ בעמ,,,"י""ח",150,ל גרם,false,1,1.90,1.27,false,1,
7290015347464,false,קינואה מעורבת 500 גרם,מיה תעשיות מזון מ.ת.מ בעמ,,,"י""ח",500,ל גרם,false,1,14.90,2.98,true,1,
7290015347488,false,"סוכר דמררה שקית 1ק""ג כשל""פ",מיה תעשיות מזון מ.ת.מ בעמ,,,"י""ח",1,"ק""ג",false,1,8.90,8.90,false,1,
7290015347525,false,ציפס בטטה עם שום ורוזמרין 80ג,מיה תעשיות מזון מ.ת.מ בעמ,,,"י""ח",80,ל גרם,false,1,7.90,9.88,true,1,
7290015347532,false,ציפס בטטה עם שמן זית ועשבי טיבול 80ג,מיה תעשיות מזון מ.ת.מ בעמ,,,"י""ח",80,ל גרם,false,1,7.50,9.38,true,1,
7290015347686,false,"צ`ילי 50גר שקית כשל""פ",מיה תעשיות מזון מ.ת.מ בעמ,,,"י""ח",50,ל גרם,false,1,6.90,13.80,false,1,
7290015347709,false,"אגוז מוסקט 70גר צנצנת כשל""פ",מיה תעשיות מזון מ.ת.מ בעמ,,,"י""ח",70,ל גרם,false,1,7.90,11.29,false,1,
7290015347990,false,עדשי שוקולד 1/8 160ג,מיה תעשיות מזון מ.ת.מ בעמ,,,"י""ח",160,ל גרם,false,1,8,5,true,1,
7290015348423,false,תירוש משפחה 1ליטר,טמפו משקאות בעמ,,,"י""ח",7.50,"י""ח",false,1,15.90,2.08,true,1,
7290015366663,false,אקווה פרש מנטה משחה 100,גורי ע.ע.ע. בעמ,,,"י""ח",100,ל גרם,false,1,5.90,5.90,true,1,
7290015366670,false,אקווה פרש משחת שיניים 100,גורי ע.ע.ע. בעמ,,,"י""ח",100,ל גרם,false,1,5.90,5.90,true,1,
7290015374279,false,"סיגר במילוי בשר בד""צ 400גר",חטיפי אלקיים בעמ ~~~,,,"י""ח",400,ל גרם,false,1,11.90,2.98,false,1,
7290015374286,false,"סיגר במילוי תפו""א בד""צ 400גר",חטיפי אלקיים בעמ ~~~,,,"י""ח",400,ל גרם,false,1,11.90,2.98,false,1,
7290015374293,false,"פסטל במילוי בשר בד""צ 400גר",חטיפי אלקיים בעמ ~~~,,,"י""ח",400,ל גרם,false,1,11.90,2.98,false,1,
7290015374309,false,"פסטל במילוי תפו""א בד""צ 400גר",חטיפי אלקיים בעמ ~~~,,,"י""ח",400,ל גרם,false,1,11.90,2.98,false,1,
7290015374316,false,"אגרול סיני בד""צ 400גר",חטיפי אלקיים בעמ ~~~,,,"י""ח",400,ל גרם,false,1,11.90,2.98,false,1,
7290015374323,false,"קובה ביתי במילוי בשר בד""צ 400גר",חטיפי אלקיים בעמ ~~~,,,"י""ח",400,ל גרם,false,1,11.90,2.98,false,1,
7290015374330,false,"קובה מרק בד""צ 400גר",חטיפי אלקיים בעמ ~~~,,,"י""ח",400,ל גרם,false,1,11.90,2.98,false,1,
7290015374347,false,"קובה חמוסטה בד""צ 400גר",חטיפי אלקיים בעמ ~~~,,,"י""ח",400,ל גרם,false,1,11.90,2.98,false,1,
7290015374354,false,"קרפלך במילוי תפו""א בד""צ 400גר",חטיפי אלקיים בעמ ~~~,,,"י""ח",400,ל גרם,false,1,11.90,2.98,false,1,
7290015374361,false,"קרפלך במילוי בשר בד""צ 400גר",חטיפי אלקיים בעמ ~~~,,,"י""ח",400,ל גרם,false,1,11.90,2.98,false,1,
7290015374408,false,"בלינצ`ס במילוי פטריות בד""צ 400גר",חטיפי אלקיים בעמ ~~~,,,"י""ח",400,ל גרם,false,1,11.90,2.98,false,1,
7290015374415,false,"נקניקיות מצופות בד""צ 400גר",חטיפי אלקיים בעמ ~~~,,,"י""ח",400,ל גרם,false,1,11.90,2.98,false,1,
7290015374422,false,"שניצלונים תפו""א במילוי בשר בד""צ 400גר",חטיפי אלקיים בעמ ~~~,,,"י""ח",400,ל גרם,false,1,11.90,2.98,false,1,
7290015374439,false,"שניצלונים תפו""א במילוי פטריות בד""צ 400",חטיפי אלקיים בעמ ~~~,,,"י""ח",400,ל גרם,false,1,11.90,2.98,false,1,
7290015470094,false,טבלאות שוקולד טוסו מר`שוקולד תפוז 100ג,דנשר (1963) בעמ,,,"י""ח",100,ל גרם,false,1,8.90,8.90,false,1,
7290015597326,false,מאגדת אסקימו קלי קלות,גלידות שטראוס בעמ,,,"י""ח",1,,false,1,19.90,19.90,false,1,
7290015603188,false,אטריות ביצים 454ג,מזרח ומערב יבוא ושיווק,,,"י""ח",0.4540,"ק""ג",false,1,10.90,24.01,true,1,
7290015603201,false,אטריות מחיטה מלאה 454גר,מזרח ומערב יבוא ושיווק,,,"י""ח",454,ל גרם,false,1,10.90,2.40,true,1,
7290015603546,false,"שימורי קרם קוקוס 19% 400מ""ל כשל""פ",מזרח ומערב יבוא ושיווק,,,"י""ח",400,ל גרם,false,1,8.90,2.23,false,1,
7290015603560,false,"שימורי קרם קוקוס 20-22% 400מ""ל",מזרח ומערב יבוא ושיווק,,,"י""ח",400,"ל מ""ל",false,1,9.90,2.48,false,1,
7290015603584,false,ג`יג`ר לבן כבוש 160ג,מזרח ומערב יבוא ושיווק,,,"י""ח",160,ל גרם,false,1,7.90,4.94,false,1,
7290015603591,false,ג`יג`ר ורוד כבוש 160ג,מזרח ומערב יבוא ושיווק,,,"י""ח",160,ל גרם,false,1,7.90,4.94,false,1,
7290015644297,false,לחמניות פשוט מלא 1/6,שלמה א.אנג ל בעמ,,,"י""ח",6,"י""ח",false,1,11.90,1.98,false,1,
7290015644457,false,מארז 9 לחמניות 675גר,שלמה א.אנג ל בעמ,,,"י""ח",675,ל גרם,false,1,10,1.48,false,1,
7290015652070,false,קשיו קלוי 150גר,דין שיווק וקליה 2021 בעמ,,,"י""ח",150,ל גרם,false,1,12.90,8.60,false,1,
7290015652254,false,גרעיני חמניה קלויים 400גרם ששון הקולה,דין שיווק וקליה 2021 בעמ,,,"י""ח",400,ל גרם,false,1,9.90,2.48,false,1,
7290015652278,false,תערובת פיצוחים 250גר ששון הקולה,דין שיווק וקליה 2021 בעמ,,,"י""ח",250,ל גרם,false,1,20,8,false,1,
7290015652285,false,אגוזים קלופים 250גר מדבקה,דין שיווק וקליה 2021 בעמ,,,"י""ח",250,ל גרם,false,1,20,8,false,1,
7290015652308,false,מנצ`ס 300גרם,דין שיווק וקליה 2021 בעמ,,,"י""ח",300,ל גרם,false,1,10,3.33,false,1,
7290015652315,false,חמוציות מסוכרות 300 גרם,דין שיווק וקליה 2021 בעמ,,,"י""ח",300,ל גרם,false,1,10,3.33,false,1,
7290015652322,false,בוטנים אמריקאים מצופים 400 גרם,דין שיווק וקליה 2021 בעמ,,,"י""ח",400,ל גרם,false,1,10,2.50,false,1,
7290015652407,false,פיסטוק קלוי 250גר,דין שיווק וקליה 2021 בעמ,,,"י""ח",250,ל גרם,false,1,20,8,false,1,
7290015652605,false,מיקס קלוף 150 גרם,דין שיווק וקליה 2021 בעמ,,,"י""ח",150,ל גרם,false,1,25.90,17.27,false,1,
7290015683326,false,קומקום חשמלי לבן.,פוגיקום בעמ,,,"י""ח",1,,false,1,99.90,99.90,true,1,
7290015733120,false,מטרנה גולד שלב 1 700גר,קבוצת אוסם סחר-שות.מוגבלת,,,"י""ח",700,ל גרם,false,1,74.90,10.70,true,1,
7290015733205,false,מטרנה אקסטרה קר שלב 1 מהדרין 700גר`,קבוצת אוסם סחר-שות.מוגבלת,,,"י""ח",700,ל גרם,false,1,59.90,8.56,false,1,
7290015733229,false,מטרנה אקסטרה קר שלב 2 מהדרין 700גר`,קבוצת אוסם סחר-שות.מוגבלת,,,"י""ח",700,ל גרם,false,1,59.90,8.56,false,1,
7290015733243,false,מטרנה אקסטרה קר שלב 3 מהדרין 700גר`,קבוצת אוסם סחר-שות.מוגבלת,,,"י""ח",700,ל גרם,false,1,59.90,8.56,false,1,
7290015733427,false,מטרנה דיסת גם וגם וניל 300גר,קבוצת אוסם סחר-שות.מוגבלת,,,"י""ח",300,ל גרם,false,1,18.90,6.30,false,1,
7290015733441,false,מטרנה דייסלה דגנים מעורבי 300גר,קבוצת אוסם סחר-שות.מוגבלת,,,"י""ח",300,ל גרם,false,1,18.90,6.30,false,1,
7290015733465,false,מטרנה קורנפלור 2 ב1 300גר,קבוצת אוסם סחר-שות.מוגבלת,,,"י""ח",300,ל גרם,false,1,18.90,6.30,false,1,
7290015781046,false,"יין לבן חצי יבש VISION 750מ""ל",יקבי טפרברג 1870 בעמ,,,"י""ח",750,"ל מ""ל",false,1,39.90,5.28,true,1,
7290015781091,false,"יין קברנה סביניון VISION 750מ""ל",יקבי טפרברג 1870 בעמ,,,"י""ח",750,"ל מ""ל",false,1,39.90,5.28,true,1,
7290015781107,false,"יין סנג`ובזה IMPRESSION 750מ""ל",יקבי טפרברג 1870 בעמ,,,"י""ח",750,"ל מ""ל",false,1,49.90,6.61,true,1,
7290015781114,false,"יין מרלו IMPRESSION 750מ""ל",יקבי טפרברג 1870 בעמ,,,"י""ח",750,"ל מ""ל",false,1,49.90,6.61,true,1,
7290015781121,false,"יין קברנה סוביניון IMPRESSION 750מ""ל",יקבי טפרברג 1870 בעמ,,,"י""ח",750,"ל מ""ל",false,1,49.90,6.61,true,1,
7290015781169,false,"יין אדום חצי יבש IMPRESSION 750מ""ל",יקבי טפרברג 1870 בעמ,,,"י""ח",750,"ל מ""ל",false,1,49.90,6.61,true,1,
7290015781299,false,"יין שיראז VISION 750מ""ל",יקבי טפרברג 1870 בעמ,,,"י""ח",750,"ל מ""ל",false,1,39.90,5.28,true,1,
7290015801799,false,סחוג ירוק 200 גרם,עוזי טעמים של בית,,,"י""ח",200,ל גרם,false,1,14.60,7.30,false,1,
7290015801850,false,"שום כתוש 1ק""ג",עוזי טעמים של בית,,,"י""ח",1,"ק""ג",false,1,25.90,25.90,false,1,
7290015801881,false,"צצרח לימון 1ק""ג",עוזי טעמים של בית,,,"י""ח",1,"ק""ג",false,1,25.90,25.90,false,1,
7290015804424,false,עגבניות מרוסקות טעם בזיליקום,ויטה- פרי גליל (החדשה) בעמ,,,"י""ח",600,ל גרם,false,1,3.90,0.65,true,1,
7290015821728,false,נר נשמה בכוס פלסטיק 48,פאלאס תעשיות נטו (2014) בעמ,,,"י""ח",1,,false,1,5.20,5.20,false,1,
7290015856812,false,הבסקוויט של הקרמבו וניל 200גר הדר.,ח.כהן סוכנות מזון ומשקאות בע,,,"י""ח",200,ל גרם,false,1,4.90,2.45,false,1,
7290015856874,false,ביסקוויט קסטה רגיל 250גר הדר.,ח.כהן סוכנות מזון ומשקאות בע,,,"י""ח",250,ל גרם,false,1,18.90,7.56,false,1,
7290015856935,false,ביסקוויט אקסטרא בטעם חמאה 400גר הדר.,ח.כהן סוכנות מזון ומשקאות בע,,,"י""ח",500,ל גרם,false,1,6.90,1.38,false,1,
7290015858106,false,פסטו ביתי על הלחם 180גר*,שטראוס גרופ ***בעמ,,,"י""ח",180,ל גרם,false,1,15.90,8.83,true,1,
7290015858175,false,ממרח פלפלים קלויים 180גר,שטראוס גרופ ***בעמ,,,"י""ח",180,ל גרם,false,1,15.90,8.83,true,1,
7290015858243,false,צימיצורי 180גר,שטראוס גרופ ***בעמ,,,"י""ח",180,ל גרם,false,1,15.90,8.83,true,1,
7290015858328,false,איולי פסטו עללחם 295גר*,שטראוס גרופ ***בעמ,,,"י""ח",295,ל גרם,false,1,14.90,5.05,true,1,
7290015858427,false,מארז ממרח 240ג עללחם*,שטראוס גרופ ***בעמ,,,"י""ח",240,ל גרם,false,1,24.90,10.38,true,1,
7290015858441,false,איולי פלפלים עללחם 295גר*,שטראוס גרופ ***בעמ,,,"י""ח",295,ל גרם,false,1,14.90,5.05,true,1,
7290015858687,false,איולי שום עללחם 295גר*,שטראוס גרופ ***בעמ,,,"י""ח",295,ל גרם,false,1,14.90,5.05,true,1,
7290015858694,false,איולי שום לימון עללחם 295גר*,שטראוס גרופ ***בעמ,,,"י""ח",295,ל גרם,false,1,14.90,5.05,true,1,
7290015872096,false,חומוס אסלי 700ג{שמיר{,סלטי שמיר2006בעמ,,,"י""ח",700,ל גרם,false,1,6.90,0.99,true,1,
7290015888042,false,"אורז בסגנון בסמטי"" ריהאן"" 5ק""ג",בני ג ורג שוקחה (חיפה) בעמ,,,"י""ח",5,"ק""ג",false,1,39.90,7.98,false,1,
7290015888196,false,שמן חמניות 1ל,בני ג ורג שוקחה (חיפה) בעמ,,,"י""ח",1,ליטר,false,1,12.80,12.80,false,1,
7290015888301,false,שמן חמניות 3 ל,בני ג ורג שוקחה (חיפה) בעמ,,,"י""ח",3,ליטר,false,1,36.90,12.30,false,1,
7290015888325,false,"חומוס ענק 1ק""ג",בני ג ורג שוקחה (חיפה) בעמ,,,"י""ח",1,"ק""ג",false,1,14.90,14.90,false,1,
7290015889605,false,"פסטיס 700מ""ל",אחים אוחיון משקאות בעמ,,,"י""ח",700,"ל מ""ל",false,1,49.90,7.09,true,1,
7290015951869,false,"יין הר חרמון רוזה 750 מ""ל",היכל היין שקד גולן בעמ,,,"י""ח",750,"ל מ""ל",false,1,35.90,4.75,true,1,
7290015968041,false,בקבוק ציבעוני מעוצב שישייה טוליפס,אינטרסן (1996) בעמ,,,"י""ח",1,,false,1,25.90,25.90,false,1,
7290015968102,false,קיסמי שיניים רפואיים עם חוט דנטאלי 100,אינטרסן (1996) בעמ,,,"י""ח",200,"י""ח",false,1,14.90,0.07,true,1,
7290015968393,false,נשכן בננה מברשת שיניים,אינטרסן (1996) בעמ,,,"י""ח",1,,false,1,33.90,33.90,false,1,
7290015996983,false,סוכרלוז 100 שק`0 קלוריות,שטראוס גרופ בעמ,,,"י""ח",100,ל גרם,false,1,27.90,27.90,true,1,
7290016006148,false,שוופס ענבים 0.5ל,יפאורה שותפות מוגבלת לשיווק,,,"י""ח",500,"ל מ""ל",false,1,6.50,1.24,true,1,
7290016006346,false,סודה שוופס 0.5ל שישייה,יפאורה שותפות מוגבלת לשיווק,,,"י""ח",300,"ל מ""ל",false,1,14.90,4.37,true,1,
7290016076035,false,פרנה מאמא אובלי מארז 4יח,גיא מאפים שיווק טוב בעמ,,,"י""ח",1,,false,1,14.90,14.90,false,1,
7290016076042,false,פרנה אובלית,גיא מאפים שיווק טוב בעמ,,,"י""ח",1,,false,1,14.90,14.90,false,1,
7290016077759,false,רוטב ברביקיו קלאסי 480גר,דיפלומט מפיצים (1968) בעמ**,,,"י""ח",480,ל גרם,false,1,16.90,3.52,false,1,
7290016087499,false,עגבניות חתוכות דק 400ג שלישיה,ח.כהן סוכנות מזון ומשקאות בע,,,"י""ח",400,ל גרם,false,1,12.90,3.23,false,1,
7290016096491,false,טונה בשמן צמחי 80גרם*מארז שלישיה,תעשיות פילטונה בעמ,,,"י""ח",240,ל גרם,false,1,11.90,4.96,true,1,
7290016096675,false,מארז טונה בשמן זית שלישייה 80 גרם,תעשיות פילטונה בעמ,,,"י""ח",240,ל גרם,false,1,12.90,5.38,false,1,
7290016096811,false,111,תעשיות פילטונה בעמ,,,"י""ח",160,ל גרם,false,1,19.90,12.44,false,1,
7290016096934,false,זוגות סלט טונה 160גר פילטונה,תעשיות פילטונה בעמ,,,"י""ח",320,ל גרם,false,1,11.90,3.72,true,1,
7290016106671,false,טונה בשמן 140ג בודד,טעמן שווק מזון בעמ,,,"י""ח",140,ל גרם,false,1,4,2.86,false,1,
7290016106688,false,טונה במים 140ג בודד,טעמן שווק מזון בעמ,,,"י""ח",140,ל גרם,false,1,4,2.86,false,1,
7290016106855,false,תירס גמדי 410ג טעמן,טעמן שווק מזון בעמ,,,"י""ח",340,ל גרם,false,1,7.90,2.32,false,1,
7290016114300,false,לילי גליל כפול 16 גלילים,קימברלי קלארק ישראל שיווק בעמ,,,"י""ח",1953,ל גרם,false,1,42.90,2.20,true,1,
7290016136722,false,פתיתים פנה ללא גלוטן 340ג,גורי מוצרי צריכה בעמ,,,"י""ח",340,ל גרם,false,1,13.90,4.09,false,1,
7290016136739,false,פתיתים פוזילי ללא גלוטן 340ג,גורי מוצרי צריכה בעמ,,,"י""ח",340,ל גרם,false,1,9.90,2.91,false,1,
7290016144017,false,"קמח מלא נפלאות 100% 1ק""ג",תה ויסוצקי (ישראל)בעמ,,,"י""ח",1,"ק""ג",false,1,8.90,8.90,true,1,
7290016144024,false,"קמח כוסמין 100% 1ק""ג",תה ויסוצקי (ישראל)בעמ,,,"י""ח",1,"ק""ג",false,1,14.90,14.90,false,1,
7290016144031,false,"קמח לבן מנופה 1ק""ג נפלאות",תה ויסוצקי (ישראל)בעמ,,,"י""ח",1,"ק""ג",false,1,6.90,6.90,false,1,
7290016144048,false,"קמח כוסמין לבן 1ק""ג",תה ויסוצקי (ישראל)בעמ,,,"י""ח",1,"ק""ג",false,1,14.90,14.90,true,1,
7290016144055,false,"קמח כוסמין 80% 1ק""ג",תה ויסוצקי (ישראל)בעמ,,,"י""ח",1,"ק""ג",false,1,15.90,15.90,false,1,
7290016144062,false,"קמח שיפון מלא 1ק""ג",תה ויסוצקי (ישראל)בעמ,,,"י""ח",1,"ק""ג",false,1,11.90,11.90,false,1,
7290016144109,false,"קמח פיצה 1ק""ג",תה ויסוצקי (ישראל)בעמ,,,"י""ח",1,"ק""ג",false,1,17.90,17.90,false,1,
7290016144116,false,"קמח תופח 1ק""ג",תה ויסוצקי (ישראל)בעמ,,,"י""ח",1,"ק""ג",false,1,8.90,8.90,true,1,
7290016150117,false,סלק בואקום לירון 500גר,ביכורי השדה צפון 1994 ג.ד. בעמ,,,"י""ח",500,ל גרם,false,1,8.90,1.78,true,1,
7290016150865,false,"מיזלי 1 ק""ג בננה ותמר",מ.סידס ובנו בעמ,,,"י""ח",1,"ק""ג",false,1,27.90,27.90,true,1,
7290016162264,false,עוגת גבינה אפויה רנסנס 450גר,קפולסקי אדל בעמ,,,"י""ח",450,ל גרם,false,1,39.90,8.87,false,1,
7290016197488,false,מטלית קסם לשיש שלשות.,קימברלי קלארק ישראל שיווק בעמ,,,"י""ח",3,"י""ח",false,1,11.90,3.97,false,1,
7290016197495,false,מטלית קסם לרצפה זוג ניקול.,קימברלי קלארק ישראל שיווק בעמ,,,"י""ח",2,"י""ח",false,1,16.90,8.45,false,1,
7290016197600,false,דיפנד תחבושות נורמל,קימברלי קלארק ישראל שיווק בעמ,,,"י""ח",1,,false,1,19.90,19.90,true,1,
7290016197624,false,דיפנד תחבושות סופר,קימברלי קלארק ישראל שיווק בעמ,,,"י""ח",1,,false,1,19.90,19.90,true,1,
7290016197839,false,שקיות החזקה XL ניקול,קימברלי קלארק ישראל שיווק בעמ,,,"י""ח",1,"י""ח",false,1,23.90,23.90,false,1,
7290016197877,false,שקית לפחי מטבח קטנים M,קימברלי קלארק ישראל שיווק בעמ,,,"י""ח",1,"י""ח",false,1,22.90,22.90,false,1,
7290016217759,false,חיצל מרוקאי 200ג,סלטי שמיר2006בעמ,,,"י""ח",200,ל גרם,false,1,12.90,6.45,true,1,
7290016246018,false,חטיף מיקס פינוקיות חלבה בארכה 20ג*9,קבוצת אוסם סחר-שות.מוגבלת,,,"י""ח",180,ל גרם,false,1,11.90,6.61,false,1,
7290016246209,false,חטיף חלבה וניל 100ג כשלפ,קבוצת אוסם סחר-שות.מוגבלת,,,"י""ח",100,ל גרם,false,1,2.90,2.90,false,1,
7290016270709,false,עגבניות שרי קלמרים.,ביכורי השדה צפון 1994 ג.ד. בעמ,,,"י""ח",1,,false,1,9.90,9.90,false,1,
7290016277470,false,שיבולת שועל דקה 350ג,דין שיווק וקליה 2021 בעמ,,,"י""ח",350,ל גרם,false,1,3.90,1.11,true,1,
7290016319118,false,מגע הדבש שעווה מתקפלת לפנים 100,דנשר (1963) בעמ,,,"י""ח",1,"י""ח",false,1,29.90,29.90,false,1,
7290016319187,false,עוגיות סנדוויץ`שוקולד זוג 300 ג טוסו,דנשר (1963) בעמ,,,"י""ח",300,ל גרם,false,1,16.90,5.63,false,1,
7290016319194,false,עוגיות סנדויץ שוקו וניל זוג 300 ג טוסו,דנשר (1963) בעמ,,,"י""ח",300,ל גרם,false,1,17.90,5.97,false,1,
7290016321661,false,פרש ואנס רביעייה SENSITIVA CARE,דנשר (1963) בעמ,,,"י""ח",4,"י""ח",false,1,19.90,4.98,true,1,
7290016321678,false,פרש ואנס רביעייה NATURAL CARE,דנשר (1963) בעמ,,,"י""ח",4,"י""ח",false,1,19.90,4.98,true,1,
7290016321890,false,נ.טואלט לח למובגרים שלישייה פרשוואנס,דנשר (1963) בעמ,,,"י""ח",1,,false,1,13.90,13.90,false,1,
7290016334050,false,סלרי חתוך.,ביכורי השדה צפון 1994 ג.ד. בעמ,,,"י""ח",1,,false,1,6.90,6.90,true,1,
7290016334166,false,לוף,ביכורי השדה צפון 1994 ג.ד. בעמ,,,"י""ח",1,,false,1,9.90,9.90,false,1,
7290016334173,false,פלפל טינקרבל שמיטה,ביכורי השדה צפון 1994 ג.ד. בעמ,,,"י""ח",1,,false,1,8.90,8.90,true,1,
7290016334180,false,מלפפון בייבי שמיטה,ביכורי השדה צפון 1994 ג.ד. בעמ,,,"י""ח",1,,false,1,8.90,8.90,true,1,
7290016334296,false,ברוקולי ארוז יחידה שמיטה,ביכורי השדה צפון 1994 ג.ד. בעמ,,,"י""ח",1,,false,1,11.90,11.90,false,1,
7290016334388,false,פלפל צ`ילי שמיטה,ביכורי השדה צפון 1994 ג.ד. בעמ,,,"י""ח",1,,false,1,7.90,7.90,false,1,
7290016334395,false,שיבא,ביכורי השדה צפון 1994 ג.ד. בעמ,,,"י""ח",1,,false,1,6.90,6.90,false,1,
7290016334432,false,שורש פטרוזילה,ביכורי השדה צפון 1994 ג.ד. בעמ,,,"י""ח",1,,false,1,6.90,6.90,false,1,
7290016334456,false,בזיליקום,ביכורי השדה צפון 1994 ג.ד. בעמ,,,"י""ח",1,,false,1,5.90,5.90,false,1,
7290016334494,false,חסה ערבית,ביכורי השדה צפון 1994 ג.ד. בעמ,,,"י""ח",1,,false,1,4.90,4.90,false,1,
7290016334500,false,חסה לבבות מארז זוג,ביכורי השדה צפון 1994 ג.ד. בעמ,,,"י""ח",300,ל גרם,false,1,8.90,2.97,false,1,
7290016334562,false,פלפל חריף,ביכורי השדה צפון 1994 ג.ד. בעמ,,,"י""ח",1,,false,1,12.90,12.90,false,1,
7290016334579,false,פטרוזיליה ארוז,ביכורי השדה צפון 1994 ג.ד. בעמ,,,"י""ח",1,,false,1,3.90,3.90,true,1,
7290016334586,false,כוסברה ארוז,ביכורי השדה צפון 1994 ג.ד. בעמ,,,"י""ח",1,,false,1,4.90,4.90,true,1,
7290016334593,false,שמיר ארוז,ביכורי השדה צפון 1994 ג.ד. בעמ,,,"י""ח",1,,false,1,4.90,4.90,true,1,
7290016334609,false,נענע,ביכורי השדה צפון 1994 ג.ד. בעמ,,,"י""ח",1,,false,1,4.90,4.90,true,1,
7290016334616,false,בצל ירוק,ביכורי השדה צפון 1994 ג.ד. בעמ,,,"י""ח",1,,false,1,4.90,4.90,false,1,
7290016334623,false,סלרי עלים,ביכורי השדה צפון 1994 ג.ד. בעמ,,,"י""ח",1,"י""ח",false,1,5.90,5.90,false,1,
7290016334654,false,תרד ניוזילנדי 200גר.,ביכורי השדה צפון 1994 ג.ד. בעמ,,,"י""ח",200,ל גרם,false,1,14.90,7.45,false,1,
7290016334784,false,גינגר ארוז 200ג שמיטה,ביכורי השדה צפון 1994 ג.ד. בעמ,,,"י""ח",1,,false,1,11.90,11.90,false,1,
7290016334814,false,חסה סלנובה,ביכורי השדה צפון 1994 ג.ד. בעמ,,,"י""ח",1,,false,1,11.90,11.90,false,1,
7290016334883,false,שרי תמר בוסתן שמיטה,ביכורי השדה צפון 1994 ג.ד. בעמ,,,"י""ח",1,,false,1,11.90,11.90,false,1,
7290016334890,false,שרי ליקופן שמיטה,ביכורי השדה צפון 1994 ג.ד. בעמ,,,"י""ח",1,,false,1,11.90,11.90,false,1,
7290016334906,false,מיקס עגבניות שרי.,ביכורי השדה צפון 1994 ג.ד. בעמ,,,"י""ח",1,,false,1,12.90,12.90,false,1,
7290016370270,false,זית קלמטה ללא גלעין A2,קבוצת יבנה מוצרי מזון בעמ,,,"י""ח",560,ל גרם,false,1,11.90,2.13,false,1,
7290016370317,false,זיתי קלמנטה ללא גלעין 560ג צנצנת,קבוצת יבנה מוצרי מזון בעמ,,,"י""ח",560,ל גרם,false,1,14.90,2.66,false,1,
7290016372342,false,עגבניות תחוכות לקוביות 400גר*3יח,תה ויסוצקי (ישראל)בעמ,,,"י""ח",400,ל גרם,false,1,17.90,4.48,false,1,
7290016372373,false,רוטב עגבניות 140גר*2יח,תה ויסוצקי (ישראל)בעמ,,,"י""ח",280,ל גרם,false,1,7.90,2.82,false,1,
7290016372458,false,תה לימונית ולואיזה 50 הגן הקסום,תה ויסוצקי (ישראל)בעמ,,,"י""ח",75,ל גרם,false,1,33.70,44.93,false,1,
7290016372489,false,חליטת ג`ינג`ר ולימון סודות הצמחים,תה ויסוצקי (ישראל)בעמ,,,"י""ח",20,"י""ח",false,1,17.90,0.90,true,1,
7290016372922,false,"תה ירוק 25 טעם קינמון,גינגר וכורכום",תה ויסוצקי (ישראל)בעמ,,,"י""ח",37.50,ל גרם,false,1,24.90,66.40,true,1,
7290016373035,false,ליצ`י שלם מקולף 567 גרם בסירופ,טעמן שווק מזון בעמ,,,"י""ח",900,ל גרם,false,1,9.90,1.10,false,1,
7290016373639,false,פסים חמוצים טעם תפוח 275ג,טעמן שווק מזון בעמ,,,"י""ח",275,ל גרם,false,1,6.70,2.44,false,1,
7290016373769,false,טופי3 שכבות 2צבעים 500ג טריבלה,טעמן שווק מזון בעמ,,,"י""ח",500,ל גרם,false,1,17.40,3.48,false,1,
7290016373813,false,טופי בטעמי פירות 850ג,טעמן שווק מזון בעמ,,,"י""ח",500,ל גרם,false,1,14,2.80,true,1,
7290016400038,false,תבניות ארוז 210 R99 חמישייה שווה,ח.כהן סוכנות מזון ומשקאות בע,,,"י""ח",20,"י""ח",false,1,9.90,0.50,false,1,
7290016400168,false,שקיות צליה 10יח שווה,ח.כהן סוכנות מזון ומשקאות בע,,,"י""ח",10,"י""ח",false,1,4.90,0.49,true,1,
7290016400175,false,שקיות צליה ענק 5יח שווה,ח.כהן סוכנות מזון ומשקאות בע,,,"י""ח",10,"י""ח",false,1,4.90,0.49,true,1,
7290016400243,false,מפיות נייר תלת שכבתי מעוטרות 20יח שווה,ח.כהן סוכנות מזון ומשקאות בע,,,"י""ח",10,"י""ח",false,1,6.90,0.69,true,1,
7290016400267,false,שיפודי יקיטורי 50יח שווה,ח.כהן סוכנות מזון ומשקאות בע,,,"י""ח",1,"י""ח",false,1,6.90,6.90,false,1,
7290016400281,false,שיפודים 70יח שווה,ח.כהן סוכנות מזון ומשקאות בע,,,"י""ח",70,"י""ח",false,1,3.90,0.06,false,1,
7290016400380,false,גפרורים ארוך שווה,ח.כהן סוכנות מזון ומשקאות בע,,,"י""ח",10,"י""ח",false,1,6.90,0.69,true,1,
7290016400403,false,שקיות שחור 75/90 גליל 50יח שווה,ח.כהן סוכנות מזון ומשקאות בע,,,"י""ח",50,"י""ח",false,1,14.90,0.30,false,1,
7290016400427,false,אשפתון גופיה 55/70 סגול 50יח שווה HD,ח.כהן סוכנות מזון ומשקאות בע,,,"י""ח",50,"י""ח",false,1,20.90,0.42,false,1,
7290016400434,false,אשפתון גופיה 75/90 חזק אפור 25יח שווה,ח.כהן סוכנות מזון ומשקאות בע,,,"י""ח",25,"י""ח",false,1,17.90,0.72,true,1,
7290016400441,false,אשפתון גופיה 75/90 קרם 40יח שווה,ח.כהן סוכנות מזון ומשקאות בע,,,"י""ח",40,"י""ח",false,1,20.90,0.52,false,1,
7290016400458,false,מפת גליל 45 מטר שווה,ח.כהן סוכנות מזון ומשקאות בע,,,"י""ח",45,מטר,false,1,24.90,0.55,true,1,
7290016400502,false,גפרורים 10 חדש שווה,ח.כהן סוכנות מזון ומשקאות בע,,,"י""ח",10,"י""ח",false,1,4,0.40,false,1,
7290016400694,false,רשת צלייה לכבד משובצת שווה,ח.כהן סוכנות מזון ומשקאות בע,,,"י""ח",1,"י""ח",false,1,29.90,29.90,false,1,
7290016400793,false,מפיות נייר 100יח שווה,ח.כהן סוכנות מזון ומשקאות בע,,,"י""ח",100,"י""ח",false,1,5.90,0.06,true,1,
7290016401103,false,טורטיה ענקית 30 ס``מ 6 יח` שווה,ח.כהן סוכנות מזון ומשקאות בע,,,"י""ח",540,ל גרם,false,1,11.90,2.20,true,1,
7290016401141,false,טורטיה תירס 1/8 320ג שווה,ח.כהן סוכנות מזון ומשקאות בע,,,"י""ח",320,ל גרם,false,1,10.90,3.41,true,1,
7290016401158,false,נודלס דקות 200ג שווה,ח.כהן סוכנות מזון ומשקאות בע,,,"י""ח",200,ל גרם,false,1,5.90,2.95,false,1,
7290016401165,false,נודלס רחבות 200ג שווה,ח.כהן סוכנות מזון ומשקאות בע,,,"י""ח",200,ל גרם,false,1,5.90,2.95,false,1,
7290016401240,false,"נוזל קוקוס 400מ""ל 5-7% שווה",ח.כהן סוכנות מזון ומשקאות בע,,,"י""ח",400,"ל מ""ל",false,1,7.90,1.98,false,1,
7290016401257,false,"קרם קוקוס 400מ""ל 21-22% שווה",ח.כהן סוכנות מזון ומשקאות בע,,,"י""ח",400,"ל מ""ל",false,1,9.90,2.48,false,1,
7290016401295,false,"רוטב צילי מתוק 700מ""ל שווה",ח.כהן סוכנות מזון ומשקאות בע,,,"י""ח",700,"ל מ""ל",false,1,11.90,1.70,false,1,
7290016401394,false,פטריות חתוך 400ג שווה,ח.כהן סוכנות מזון ומשקאות בע,,,"י""ח",400,ל גרם,false,1,5.90,1.48,false,1,
7290016401400,false,פטריות שלמות 400ג שווה,ח.כהן סוכנות מזון ומשקאות בע,,,"י""ח",400,ל גרם,false,1,8.90,2.23,false,1,
7290016401493,false,רוטב לימון משומר 1ליטר שווה,ח.כהן סוכנות מזון ומשקאות בע,,,"י""ח",1,ליטר,false,1,6.90,6.90,false,1,
7290016401509,false,חומץ 1ליטר 5% שווה,ח.כהן סוכנות מזון ומשקאות בע,,,"י""ח",1,ליטר,false,1,5.90,5.90,false,1,
7290016401578,false,זוג רדיד אלומיניום ארוך שווה,ח.כהן סוכנות מזון ומשקאות בע,,,"י""ח",1,"י""ח",false,1,14.90,14.90,false,1,
7290016401585,false,זוג רדיד אלומיניות קצר שווה,ח.כהן סוכנות מזון ומשקאות בע,,,"י""ח",1,"י""ח",false,1,10.90,10.90,false,1,
7290016401592,false,זוג ניילון נצמד ביתי שווה,ח.כהן סוכנות מזון ומשקאות בע,,,"י""ח",1,"י""ח",false,1,11.90,11.90,true,1,
7290016401714,false,קש שחור עבה 125יח שווה,ח.כהן סוכנות מזון ומשקאות בע,,,"י""ח",125,"י""ח",false,1,7.90,0.06,false,1,
7290016401721,false,קשיות מתקפלות 200יח שווה,ח.כהן סוכנות מזון ומשקאות בע,,,"י""ח",200,"י""ח",false,1,8.90,0.04,false,1,
7290016401820,false,תבניות רוסטר עבות במיוחד 4* שווה,ח.כהן סוכנות מזון ומשקאות בע,,,"י""ח",4,"י""ח",false,1,9.90,2.48,true,1,
7290016401882,false,מטליות מיקרופייבר 1/3 לרצפה,ח.כהן סוכנות מזון ומשקאות בע,,,"י""ח",10,"י""ח",false,1,18.90,1.89,false,1,
7290016401899,false,מטליות מיקרופייבר 1/10 ניקוי כללי,ח.כהן סוכנות מזון ומשקאות בע,,,"י""ח",10,"י""ח",false,1,18.90,1.89,false,1,
7290016401905,false,שקיות לפח קטן 40/45 שווה,ח.כהן סוכנות מזון ומשקאות בע,,,"י""ח",10,"י""ח",false,1,9.90,0.99,false,1,
7290016401912,false,שקיות מזון XL 300יח,ח.כהן סוכנות מזון ומשקאות בע,,,"י""ח",300,"י""ח",false,1,8.90,0.03,false,1,
7290016401929,false,שקיות אוכל עם ידיות 200יח שווה,ח.כהן סוכנות מזון ומשקאות בע,,,"י""ח",200,"י""ח",false,1,8.90,0.04,false,1,
7290016408119,false,טרליני כעכים בטעם קלאסי 225ג,כרמית תעשיות ממתקים בעמ,,,"י""ח",225,ל גרם,false,1,6.90,3.07,false,1,
7290016408294,false,"מרשמלו כרמית 150גר בד""ץ",כרמית תעשיות ממתקים בעמ,,,"י""ח",1,,false,1,4.90,4.90,true,1,
7290016408416,false,חטיף קרקר עם צ`ילי פיקנטי 130גר,כרמית תעשיות ממתקים בעמ,,,"י""ח",130,ל גרם,false,1,6.90,5.31,true,1,
7290016408423,false,חטיף קרקר עם זיתים שחורים ושום 130גר,כרמית תעשיות ממתקים בעמ,,,"י""ח",130,ל גרם,false,1,6.90,5.31,true,1,
7290016408447,false,חטיף קרקר עם עגבניות ובזיליקום 130גר,כרמית תעשיות ממתקים בעמ,,,"י""ח",130,ל גרם,false,1,6.90,5.31,true,1,
7290016408744,false,מרשמלו טוויסטר 150ג בדצ,כרמית תעשיות ממתקים בעמ,,,"י""ח",150,ל גרם,false,1,5.50,3.67,true,1,
7290016408980,false,מטבעות שוקולד חלב 36 גרם,כרמית תעשיות ממתקים בעמ,,,"י""ח",36,ל גרם,false,1,3.90,10.83,true,1,
7290016416961,false,מוס גבינה תות שדה 400ג,קפולסקי אדל בעמ,,,"י""ח",400,ל גרם,false,1,39.90,9.98,false,1,
7290016416992,false,עוגת דובוש בסקוויטים 400ג,קפולסקי אדל בעמ,,,"י""ח",400,ל גרם,false,1,44.90,11.23,false,1,
7290016437621,false,האגיס פרידום דריי פנטס 4,קימברלי קלארק ישראל שיווק בעמ,,,"י""ח",1,"י""ח",false,1,49.90,49.90,true,1,
7290016437645,false,האגיס פנס מידה -325יח,קימברלי קלארק ישראל שיווק בעמ,,,"י""ח",1,"י""ח",false,1,49.90,49.90,true,1,
7290016437652,false,האגיס פנס מידה -266יח,קימברלי קלארק ישראל שיווק בעמ,,,"י""ח",1,"י""ח",false,1,49.90,49.90,true,1,
7290016437690,false,קוטקס תחבושת יאנג זוג,קימברלי קלארק ישראל שיווק בעמ,,,"י""ח",32,"י""ח",false,1,35.90,1.12,false,1,
7290016437713,false,קוטקס תחבושת סופר זוג,קימברלי קלארק ישראל שיווק בעמ,,,"י""ח",32,"י""ח",false,1,35.90,1.12,false,1,
7290016437737,false,קוטקס תחבושת נייט זוג,קימברלי קלארק ישראל שיווק בעמ,,,"י""ח",32,"י""ח",false,1,35.90,1.12,false,1,
7290016440218,false,עמבה 500גר,בידאני נתן,,,"י""ח",500,ל גרם,false,1,14.90,2.98,false,1,
7290016440607,false,עמבה בקבוק לחיץ 300גר,בידאני נתן,,,"י""ח",300,ל גרם,false,1,17.90,5.97,false,1,
7290016496208,false,פתיל צף מוכן,צבע ומכחול (2014) בעמ,,,"י""ח",1,ליטר,false,1,5.90,5.90,false,1,
7290016509342,false,סוד סבון לאסלה כחול 1/3,גורי שיווק בעמ,,,"י""ח",3,"י""ח",false,1,12.50,4.17,false,1,
7290016509786,false,פרסיל ג ל ירוק 2.5ליטר,גורי שיווק בעמ,,,"י""ח",2.50,ליטר,false,1,27.50,11,true,1,
7290016509830,false,פרסיל ג ל בייבי 2.5ליטר,גורי שיווק בעמ,,,"י""ח",2.50,ליטר,false,1,32.90,13.16,false,1,
7290016517286,false,ספגטי חיטה מלאה 500ג שדות,אחים אגא (א.מ.) שיווק,,,"י""ח",500,ל גרם,false,1,4.30,0.86,false,1,
7290016517293,false,פסטה מסולוסלת חיטה מלאה 500ג שדות,אחים אגא (א.מ.) שיווק,,,"י""ח",500,ל גרם,false,1,4.30,0.86,false,1,
7290016517415,false,"קמח חיטה 100% 1ק""ג",אחים אגא (א.מ.) שיווק,,,"י""ח",1,"ק""ג",false,1,5.90,5.90,false,1,
7290016517422,false,"קמח כוסמין 80% 1ק""ג",אחים אגא (א.מ.) שיווק,,,"י""ח",1,"ק""ג",false,1,11.90,11.90,false,1,
7290016517439,false,"קמח כוסמין 100% 1ק""ג",אחים אגא (א.מ.) שיווק,,,"י""ח",1,"ק""ג",false,1,11.90,11.90,false,1,
7290016517453,false,"קמח לבן מנופה שדות 1ק""ג",אחים אגא (א.מ.) שיווק,,,"י""ח",1,"ק""ג",false,1,6.90,6.90,true,1,
7290016517484,false,פטריות שלשות 290ג*3 שדות,אחים אגא (א.מ.) שיווק,,,"י""ח",870,ל גרם,false,1,12.90,1.48,true,1,
7290016517583,false,פסטה פנה 500ג שדות,אחים אגא (א.מ.) שיווק,,,"י""ח",500,ל גרם,false,1,4.30,0.86,false,1,
7290016517743,false,עגבניות מרוסקות 400גר *3שדות,אחים אגא (א.מ.) שיווק,,,"י""ח",120,ל גרם,false,1,12.90,10.75,false,1,
7290016523454,false,אטריות עם תרד 300 גרם,מזרח ומערב יבוא ושיווק,,,"י""ח",300,ל גרם,false,1,7.90,2.63,false,1,
7290016548341,false,מגבוני מונו לתינוק 4*72יח,שקד תבל בעמ,,,"י""ח",432,"י""ח",false,1,9.90,0.02,true,1,
7290016564006,false,מבריקל הפלא ספוג שלישייה לכלים,ח.כהן סוכנות מזון ומשקאות בע,,,"י""ח",1,,false,1,11.90,11.90,false,1,
7290016564266,false,כיסוי הפלא מבריקל הפלא,ח.כהן סוכנות מזון ומשקאות בע,,,"י""ח",1,,false,1,9.90,9.90,false,1,
7290016621013,false,קרם גוף קמיל בלו,פישר תעשיות פרמבצטיות בעמ,,,"י""ח",450,"ל מ""ל",false,1,29.90,6.64,true,1,
7290016621952,false,קרם פנים לתינוק קמיל בלו SPF30,פישר תעשיות פרמבצטיות בעמ,,,"י""ח",1,"י""ח",false,1,29.90,29.90,true,1,
7290016667486,false,פריכיות כוסמת דל נתרן 130ג,נאמן לאורך זמן בעמ,,,"י""ח",130,ל גרם,false,1,8.90,6.85,false,1,
7290016667523,false,סוכריות לעוגה 200ג,נאמן לאורך זמן בעמ,,,"י""ח",200,ל גרם,false,1,9.90,4.95,false,1,
7290016667585,false,ביסקוויט סנדוויץ וניל 250 גרם נאמן,נאמן לאורך זמן בעמ,,,"י""ח",250,ל גרם,false,1,4.90,1.96,false,1,
7290016667592,false,ביסקוויט סנדוויץ שוקולד 250 גרם נאמן,נאמן לאורך זמן בעמ,,,"י""ח",250,ל גרם,false,1,4.90,1.96,false,1,
7290016682342,false,תפוז וולניה סחוט 100% 2ל.,תנובה בעמ ***,,,"י""ח",2,ליטר,false,1,21.20,10.45,true,1,
7290016682373,false,פריניב מיץ לימונדה בלדי 2 ליטר.,תנובה בעמ ***,,,"י""ח",2,ליטר,false,1,19.90,9.80,false,1,
7290016682380,false,מיץ לימונדה לואיזה ולימון גראס 2 ליטר.,תנובה בעמ ***,,,"י""ח",2,ליטר,false,1,19.90,9.80,false,1,
7290016717044,false,סלקטד לבן יאנג BUZZ מנגו,אגודת הכורמים,,,"י""ח",750,"ל מ""ל",false,1,23.70,3.12,true,1,
7290016717051,false,סלקטד יאנג BUZZ מוסקטו רימון,אגודת הכורמים,,,"י""ח",750,"ל מ""ל",false,1,23.70,3.12,true,1,
7290016717099,false,סלקטד אדום חצי יבש 0.75 ל,אגודת הכורמים,,,"י""ח",750,"ל מ""ל",false,1,25.20,3.32,true,1,
7290016717235,false,"יין אדום קונקורד 187מ""ל",אגודת הכורמים,,,"י""ח",187,"ל מ""ל",false,1,6.20,3.16,false,1,
7290016717754,false,"יין ישן נושן 750מ""ל",אגודת הכורמים,,,"י""ח",750,"ל מ""ל",false,1,20.90,2.75,true,1,
7290016717976,false,סלקטד לבן יאנג BUZZ אפרסק,אגודת הכורמים,,,"י""ח",750,"ל מ""ל",false,1,23.70,3.12,true,1,
7290016865943,false,אטריות ביצים פטוציני 400ג,גורי מוצרי צריכה בעמ,,,"י""ח",400,ל גרם,false,1,13.90,3.48,true,1,
7290016866445,false,תערובת קמח תופח 500גר ללא גלוטן,גורי מוצרי צריכה בעמ,,,"י""ח",500,ל גרם,false,1,16.90,3.38,false,1,
7290016866643,false,"משחת פרודונטקס פרש 75מ""ל",גורי ע.ע.ע. בעמ,,,"י""ח",75,"ל מ""ל",false,1,30.90,41.20,true,1,
7290016866650,false,"משחת פרודונטקס אוריגינל 75מ""ל",גורי ע.ע.ע. בעמ,,,"י""ח",75,"ל מ""ל",false,1,16.60,22.13,true,1,
7290016866667,false,"משחת פרודונטקס פלאוריד 75מ""ל",גורי ע.ע.ע. בעמ,,,"י""ח",75,"ל מ""ל",false,1,30.90,41.20,true,1,
7290016866674,false,"משחת פרודונטקס מלבינה 75מ""ל",גורי ע.ע.ע. בעמ,,,"י""ח",75,"ל מ""ל",false,1,30.90,41.20,true,1,
7290016883176,false,"מוזלי פתיתי ש.שועל עם שוקולד מריר 1ק""ג",דין שיווק וקליה 2021 בעמ,,,"י""ח",0,"ק""ג",false,1,19.90,19.90,true,1,
7290016912494,false,"אפקטיב קר תרחיץ פנים 180מ""ל",פישר תעשיות פרמבצטיות בעמ,,,"י""ח",180,"ל מ""ל",false,1,16.90,9.39,false,1,
7290016912616,false,סרקל בלונד שמפו 1ל,פישר תעשיות פרמבצטיות בעמ,,,"י""ח",1,ליטר,false,1,29.90,29.90,false,1,
7290016967074,false,לחם אנגיל חיטה מלאה 750גר,שלמה א.אנג ל בעמ,,,"י""ח",750,ל גרם,false,1,15.90,2.12,false,1,
7290016967456,false,לחם צרפתי 100% כוסמין 600גר,שלמה א.אנג ל בעמ,,,"י""ח",600,ל גרם,false,1,16.90,2.82,false,1,
7290016998207,false,לקט קסם השדה 350גר.,ביכורי השדה צפון 1994 ג.ד. בעמ,,,"י""ח",350,ל גרם,false,1,11.90,3.40,false,1,
7290016998221,false,מיקס צבעי הטבע 350גר.,ביכורי השדה צפון 1994 ג.ד. בעמ,,,"י""ח",350,"ל מ""ל",false,1,11.90,3.40,false,1,
7290016998245,false,מיקס שורשים 400גר.,ביכורי השדה צפון 1994 ג.ד. בעמ,,,"י""ח",400,ל גרם,false,1,11.90,2.98,false,1,
7290017004778,false,קורנפלקס 750גר קלאסי פנטולה,מ.ר. ניאוברנד בעמ,,,"י""ח",750,ל גרם,false,1,12.90,1.72,true,1,
7290017004785,false,פסטה קרניים 500גר פנטולה,מ.ר. ניאוברנד בעמ,,,"י""ח",500,ל גרם,false,1,4.90,0.98,true,1,
7290017004792,false,פסטה פנה 500גר פנטולה,מ.ר. ניאוברנד בעמ,,,"י""ח",500,ל גרם,false,1,4.90,0.98,true,1,
7290017004808,false,פסטה פוזילי 500גר פנטולה,מ.ר. ניאוברנד בעמ,,,"י""ח",500,ל גרם,false,1,4.90,0.98,true,1,
7290017004815,false,ספגטי 500גר פנטולה,מ.ר. ניאוברנד בעמ,,,"י""ח",500,ל גרם,false,1,4.90,0.98,true,1,
7290017004877,false,טחינה גולמית 500ג מחנה יהודה,אחדות בעמ,,,"י""ח",500,ל גרם,false,1,14.90,2.98,true,1,
7290017023854,false,"סודה שוופס 250מ""ל 1/4",יפאורה שותפות מוגבלת לשיווק,,,"י""ח",1,ליטר,false,1,13.10,13.10,true,1,
7290017023861,false,"סודה שוופס למון 250מ""ל 1/4",יפאורה שותפות מוגבלת לשיווק,,,"י""ח",1,ליטר,false,1,13.10,13.10,true,1,
7290017023878,false,"סודה שוופס נענע ליים 250מ""ל 1/4",יפאורה שותפות מוגבלת לשיווק,,,"י""ח",1,ליטר,false,1,13.10,13.10,true,1,
7290017031859,false,"משחת פרודונטקס אולטרא קלין 75מ""ל",גורי ע.ע.ע. בעמ,,,"י""ח",75,"ל מ""ל",false,1,16.60,22.13,true,1,
7290017044682,false,אמה דלי מגבונים לניקוי כללי,עיסא ערטול בעמ-סוכן הנקל סוד,,,"י""ח",1,"י""ח",false,1,17.90,17.90,true,1,
7290017062662,false,מרכך כביסה מרוכז כתום 1 ל`טאצ`,סאסאטק אגשח בעמ,,,"י""ח",1,ליטר,false,1,13.90,13.90,true,1,
7290017062679,false,מרכך כביסה מרוכז צהוב 1 ל`טאצ`,סאסאטק אגשח בעמ,,,"י""ח",1,ליטר,false,1,10.90,10.90,true,1,
7290017062686,false,מרכך כביסה מרוכז בייבי 1 ל`טאצ`.,סאסאטק אגשח בעמ,,,"י""ח",1,ליטר,false,1,10.90,10.90,true,1,
7290017062693,false,מרכך כביסה מרוכז לבן 1 ל`טאצ`.,סאסאטק אגשח בעמ,,,"י""ח",1,ליטר,false,1,13.90,13.90,true,1,
7290017062709,false,מרכך כביסה מרוכז בורדו 1 ל`טאצ`.,סאסאטק אגשח בעמ,,,"י""ח",1,ליטר,false,1,10.90,10.90,true,1,
7290017062716,false,מרכך כביסה מרוכז ורוד 1 ל`טאצ`.,סאסאטק אגשח בעמ,,,"י""ח",1,ליטר,false,1,13.90,13.90,true,1,
7290017062723,false,מרכך כביסה מרוכז ירוק 1 ל`טאצ`,סאסאטק אגשח בעמ,,,"י""ח",1,ליטר,false,1,10.90,10.90,true,1,
7290017062730,false,"נוזל כלים לבנדר 36% 750מ""ל טאץ",סאסאטק אגשח בעמ,,,"י""ח",750,"ל מ""ל",false,1,10.90,1.45,true,1,
7290017062747,false,"נוזל כלים תפוח 36% 750מ""ל טאץ",סאסאטק אגשח בעמ,,,"י""ח",750,"ל מ""ל",false,1,10.90,1.45,true,1,
7290017062754,false,"נוזל כלים לימון 36% 750מ""ל טאץ",סאסאטק אגשח בעמ,,,"י""ח",750,"ל מ""ל",false,1,9.90,1.32,true,1,
7290017062907,false,"קצף לכלים בניחוח תפוח 500מ""ל פלירוסול",סאסאטק אגשח בעמ,,,"י""ח",500,"ל מ""ל",false,1,11.90,2.38,false,1,
7290017062952,false,"מבשם כביסה ולבית סגול 500מ""ל פלירוסו",סאסאטק אגשח בעמ,,,"י""ח",500,"ל מ""ל",false,1,29.90,5.98,false,1,
7290017065007,false,מוצרלה פרוסה 200ג,מחלבות גד,,,"י""ח",200,ל גרם,false,1,16.90,8.45,false,1,
7290017065168,false,גבינה כחולה 100ג גד,מחלבות גד,,,"י""ח",100,ל גרם,false,1,17,17,false,1,
7290017065212,false,קרם מסקרפונה 250ג,מחלבות גד,,,"י""ח",250,ל גרם,false,1,15.90,6.36,false,1,
7290017065236,false,בולגרית מעודנת 24% 250ג,מחלבות גד,,,"י""ח",250,ל גרם,false,1,21.90,8.76,false,1,
7290017065663,false,בולגרית מעודנת עיזים 5% 250 ג.,מחלבות גד,,,"י""ח",250,ל גרם,false,1,29.90,11.96,false,1,
7290017065731,false,גבינת שמנת ניו יורק 200ג מהדורת חג,מחלבות גד,,,"י""ח",200,ל גרם,false,1,12.90,6.45,false,1,
7290017068367,false,שמרים יבשים 125 גרם,מיה תעשיות מזון מ.ת.מ בעמ,,,"י""ח",125,ל גרם,false,1,3.90,3.12,false,1,
7290017068374,false,שמרים יבשים 500 גרם,מיה תעשיות מזון מ.ת.מ בעמ,,,"י""ח",500,ל גרם,false,1,11.90,2.38,false,1,
7290017068411,false,אבקת אפיה עשיריות מיה,מיה תעשיות מזון מ.ת.מ בעמ,,,"י""ח",100,ל גרם,false,1,2.50,2.50,false,1,
7290017068879,false,חמאת בוטנים טבעית 510ג,מיה תעשיות מזון מ.ת.מ בעמ,,,"י""ח",510,ל גרם,false,1,9.90,1.94,false,1,
7290017068978,false,שיבולת שועל מלאה להכנה מהירה 500 ג,מיה תעשיות מזון מ.ת.מ בעמ,,,"י""ח",500,ל גרם,false,1,10,2,true,1,
7290017068985,false,שיבולת שועל מלאה עבה 500 ג,מיה תעשיות מזון מ.ת.מ בעמ,,,"י""ח",500,ל גרם,false,1,10,2,true,1,
7290017079189,false,אננס חתוך דק במיץ 825ג,טעמן שווק מזון בעמ,,,"י""ח",825,ל גרם,false,1,10.90,1.32,false,1,
7290017079813,false,שוקולד מריר 100ג,טעמן שווק מזון בעמ,,,"י""ח",100,ל גרם,false,1,4.90,4.90,false,1,
7290017088051,false,חיתולי בייביסיטר מידה 3 52יח,שקד תבל בעמ,,,"י""ח",1,,false,1,34.90,34.90,true,1,
7290017088068,false,חיתולי בייביסיטר מידה 4 42יח,שקד תבל בעמ,,,"י""ח",1,,false,1,34.90,34.90,true,1,
7290017088075,false,חיתולי בייביסיטר מידה 4+ 40יח,שקד תבל בעמ,,,"י""ח",1,,false,1,34.90,34.90,true,1,
7290017088082,false,חיתולי בייביסיטר מידה 5 36יח,שקד תבל בעמ,,,"י""ח",1,,false,1,34.90,34.90,true,1,
7290017088099,false,חיתולי בייביסיטר מידה 6 34יח,שקד תבל בעמ,,,"י""ח",1,,false,1,34.90,34.90,true,1,
7290017088327,false,גבונים בייביסיטר אקסטרא סופט ללא ביש,שקד תבל בעמ,,,"י""ח",1,,false,1,15.90,15.90,true,1,
7290017088693,false,קוויק מטליות לחות לניקוי וחיטוי רצפות,שקד תבל בעמ,,,"י""ח",10,"י""ח",false,1,11.90,1.19,true,1,
7290017088822,false,תחבושות BREEZE אקסטרה 10יח.,שקד תבל בעמ,,,"י""ח",10,"י""ח",false,1,17.90,1.79,true,1,
7290017088839,false,תחבושות BREEZE אקסטרה פלוס 8יח.,שקד תבל בעמ,,,"י""ח",10,"י""ח",false,1,17.90,1.79,true,1,
7290017088969,false,חיתולי בייביסיטר ניו בורן מידה1,שקד תבל בעמ,,,"י""ח",42,"י""ח",false,1,29.90,0.71,true,1,
7290017094830,false,סלט גזר ברוטב פיקנטי אסלי 400ג,סלטי שמיר2006בעמ,,,"י""ח",400,ל גרם,false,1,8.50,2.13,true,1,
7290017094847,false,סלט תפוחי אדמה אסלי 400ג,סלטי שמיר2006בעמ,,,"י""ח",400,ל גרם,false,1,10.90,2.73,true,1,
7290017094854,false,סלט קולסלאו אסלי 400ג,סלטי שמיר2006בעמ,,,"י""ח",400,ל גרם,false,1,10.90,2.73,true,1,
7290017094861,false,חומוס עם רוטב מסבחה אסלי 400ג,סלטי שמיר2006בעמ,,,"י""ח",400,ל גרם,false,1,9.90,2.48,true,1,
7290017105048,false,זיתים ירוקים טבעות שלשות יכין,זנלכל בעמ,,,"י""ח",200,ל גרם,false,1,14.90,7.45,false,1,
7290017105062,false,חומוס 6OZ יכין,זנלכל בעמ,,,"י""ח",200,ל גרם,false,1,4.30,2.15,true,1,
7290017105116,false,תורמוס 6OZ יכין 200גר,זנלכל בעמ,,,"י""ח",200,ל גרם,false,1,4.30,2.15,true,1,
7290017105369,false,סירופ תה אפרסק דיאט 1 ליטר,זנלכל בעמ,,,"י""ח",1,ליטר,false,1,18.90,18.90,false,1,
7290017105383,false,"שלשות תירס 6OZקידס פ""מ",זנלכל בעמ,,,"י""ח",600,ל גרם,false,1,14.90,2.48,false,1,
7290017105468,false,אפונה שלישייה 6OZ יכין,זנלכל בעמ,,,"י""ח",200,ל גרם,false,1,14.90,7.45,false,1,
7290017105895,false,גרגרי חומוס מסעדות יכין 560גר,זנלכל בעמ,,,"י""ח",560,ל גרם,false,1,9.90,1.77,true,1,
7290017121093,false,אריסה חריפה 250גר,שטראוס גרופ ***בעמ,,,"י""ח",250,ל גרם,false,1,13.90,5.56,true,1,
7290017129495,false,אגו מיקס כדורי תירס מצופים ש. חלב 55ג,כרמית תעשיות ממתקים בעמ,,,"י""ח",55,ל גרם,false,1,3.90,7.09,true,1,
7290017129501,false,אגו מיקס כדורי תירס מצופים ש. לבן 55ג,כרמית תעשיות ממתקים בעמ,,,"י""ח",55,ל גרם,false,1,3.90,7.09,true,1,
7290017129518,false,אגו מיקס כדורי תירס מצופים 55ג,כרמית תעשיות ממתקים בעמ,,,"י""ח",55,ל גרם,false,1,3.90,7.09,true,1,
7290017129549,false,כרמית לקקן גלידה 90ג,כרמית תעשיות ממתקים בעמ,,,"י""ח",90,ל גרם,false,1,2.80,3.11,true,1,
7290017129617,false,לקקן קולה לימונדה 450ג,כרמית תעשיות ממתקים בעמ,,,"י""ח",450,ל גרם,false,1,16.90,3.76,true,1,
7290017129754,false,שוקולד אגו פרמיום 100ג 70%,כרמית תעשיות ממתקים בעמ,,,"י""ח",100,ל גרם,false,1,7.90,7.90,true,1,
7290017129761,false,שוקולד אגו פרמיום תפוז 100ג 70%,כרמית תעשיות ממתקים בעמ,,,"י""ח",100,ל גרם,false,1,7.90,7.90,true,1,
7290017129778,false,שוקולד אגו פרמיום קפה 100ג 70%,כרמית תעשיות ממתקים בעמ,,,"י""ח",100,ל גרם,false,1,7.90,7.90,true,1,
7290017129822,false,מטבעות שוקולד מריר 36 גרם,כרמית תעשיות ממתקים בעמ,,,"י""ח",36,ל גרם,false,1,3.90,10.83,true,1,
7290017129839,false,שוקולד אגו פרמיום פטל 100ג 70%,כרמית תעשיות ממתקים בעמ,,,"י""ח",100,ל גרם,false,1,7.90,7.90,true,1,
7290017129846,false,מיני קוקיס טעם קרמל 600ג,כרמית תעשיות ממתקים בעמ,,,"י""ח",600,"ס""מ",false,1,16.90,2.82,false,1,
7290017129877,false,מיקס לקקנים שטוחים 7.5ג*40יח,כרמית תעשיות ממתקים בעמ,,,"י""ח",30000,ל גרם,false,1,9.50,0.03,false,1,
7290017129884,false,שוקולד מריר 60% 85ג חמישייה,כרמית תעשיות ממתקים בעמ,,,"י""ח",85,ל גרם,false,1,16.90,19.88,true,1,
7290017129983,false,שוקולד ציפס לבן פרווה 250ג,כרמית תעשיות ממתקים בעמ,,,"י""ח",250,ל גרם,false,1,10.90,4.36,false,1,
7290017142159,false,נתחי טונה בהירה בשמן זית 80ג שלישייה,סוגת תעשיות בעמ,,,"י""ח",240,ל גרם,false,1,19.90,8.29,false,1,
7290017142180,false,פילה טונה פרוס עם בשמן זית 120ג עץ הזי,סוגת תעשיות בעמ,,,"י""ח",120,ל גרם,false,1,14.90,12.42,false,1,
7290017142203,false,פילה טונה פרוס עם בשמן זית 120ג עץ הזי,סוגת תעשיות בעמ,,,"י""ח",120,ל גרם,false,1,14.90,12.42,false,1,
7290017142289,false,"תרסיס שמן חמניות 200מ""ל עץ הזית",סוגת תעשיות בעמ,,,"י""ח",200,"ל מ""ל",false,1,14.90,7.45,false,1,
7290017142371,false,"שמן שומשום לא מזוכך 250מ""ל עץ הזית",סוגת תעשיות בעמ,,,"י""ח",250,"ל מ""ל",false,1,29.90,11.96,false,1,
7290017142395,false,פסטה עם טונה בשמן ז. 160ג,סוגת תעשיות בעמ,,,"י""ח",160,ל גרם,false,1,11,6.88,false,1,
7290017142487,false,בורגול עם גרגירי חומוס עם טונה 160ג,סוגת תעשיות בעמ,,,"י""ח",160,ל גרם,false,1,11,6.88,false,1,
7290017142500,false,"תרסיס שמן זית טעם שום עץ הזית 150מ""ל",סוגת תעשיות בעמ,,,"י""ח",150,"ל מ""ל",false,1,19.90,13.27,false,1,
7290017217017,false,נגיסון סיליקון עם מכסה הגייני,אינטרסן (1996) בעמ,,,"י""ח",1,,false,1,29.90,29.90,false,1,
7290017217307,false,נרות חימום ריחניים בניחוח ורדים 50יח,אינטרסן (1996) בעמ,,,"י""ח",50,"י""ח",false,1,13.90,0.28,false,1,
7290017266046,false,וופל קראנץ 30יח גילרו,ח.כהן סוכנות מזון ומשקאות בע,,,"י""ח",30,"י""ח",false,1,18.90,0.63,false,1,
7290017266053,false,וופל לימון קראנץ ללא סוכר 175גר גילרו,ח.כהן סוכנות מזון ומשקאות בע,,,"י""ח",175,ל גרם,false,1,7.90,4.51,false,1,
7290017266060,false,וופל שוקו קראנץ ללא סוכר 175גר גילרו,ח.כהן סוכנות מזון ומשקאות בע,,,"י""ח",175,ל גרם,false,1,7.90,4.51,false,1,
7290017266312,false,וופל AR שוקו 150 גרם,ח.כהן סוכנות מזון ומשקאות בע,,,"י""ח",15,ל גרם,false,1,3.20,21.33,false,1,
7290017266343,false,וופל קראנץ בטעם שוקולד 150 גרם עלמה.,ח.כהן סוכנות מזון ומשקאות בע,,,"י""ח",15,ל גרם,false,1,3.20,21.33,false,1,
7290017266909,false,וופל SUN שוקו 200גר,ח.כהן סוכנות מזון ומשקאות בע,,,"י""ח",200,ל גרם,false,1,3.90,1.95,false,1,
7290017266916,false,וופל SUN לימון 200גר,ח.כהן סוכנות מזון ומשקאות בע,,,"י""ח",200,ל גרם,false,1,3.90,1.95,false,1,
7290017275086,false,עוגיות ללא תוספת סוכר טעם תות 350גר,אחדות בעמ,,,"י""ח",350,ל גרם,false,1,10.90,3.11,false,1,
7290017275338,false,טחינה גולמית 500ג טורקיז,אחדות בעמ,,,"י""ח",500,ל גרם,false,1,9.90,1.98,false,1,
7290017275345,false,טחינה אחוה גולמית 350ג לחיץ,אחדות בעמ,,,"י""ח",350,ל גרם,false,1,6.70,1.91,true,1,
7290017275413,false,מיני קצפיות טעם וניל 140ג,אחדות בעמ,,,"י""ח",140,ל גרם,false,1,6.70,4.79,false,1,
7290017275420,false,מיני קצפיות טעם תות 140ג,אחדות בעמ,,,"י""ח",140,ל גרם,false,1,6.70,4.79,false,1,
7290017275444,false,מיני קצפיות טעם ענבים 140ג,אחדות בעמ,,,"י""ח",140,ל גרם,false,1,6.70,4.79,false,1,
7290017275710,false,חטיפי בננית במגש 12יח,אחדות בעמ,,,"י""ח",12,"י""ח",false,1,10.90,0.91,false,1,
7290017275727,false,חטיפי תותית במגש 12יח,אחדות בעמ,,,"י""ח",12,"י""ח",false,1,10.90,0.91,false,1,
7290017289151,false,יין אמרלד ריזלינג ממלכת יהודה.,יקבי טפרברג 1870 בעמ,,,"י""ח",750,"ל מ""ל",false,1,23.20,3.05,false,1,
7290017289168,false,"יין אדום יבש סדרת ישראלי 750מ""ל",יקבי טפרברג 1870 בעמ,,,"י""ח",750,"ל מ""ל",false,1,20.20,2.65,false,1,
7290017289175,false,"יין פטיט סירה סדרת ישראלי 750מ""ל.",יקבי טפרברג 1870 בעמ,,,"י""ח",750,"ל מ""ל",false,1,20.20,2.65,false,1,
7290017289182,false,"יין לבן חצי יבש סדרת ישראלי 750מ""ל",יקבי טפרברג 1870 בעמ,,,"י""ח",750,"ל מ""ל",false,1,20.20,2.65,false,1,
7290017296159,false,גרנולה תפוח וקינמון 400גר,פנינה רוזנבלום בעמ,,,"י""ח",400,ל גרם,false,1,25.90,6.48,true,1,
7290017297149,false,חומוס A2 להכנה ביתית ויטה.,ויטה- פרי גליל (החדשה) בעמ,,,"י""ח",550,ל גרם,false,1,7.90,1.44,true,1,
7290017297323,false,רוטב עגבניות BX22 100ג מרוכז טל וטרי,ויטה- פרי גליל (החדשה) בעמ,,,"י""ח",100,ל גרם,false,1,1.90,1.90,true,1,
7290017297330,false,רוטב עגבניות BX22 260 ג טל וטרי,ויטה- פרי גליל (החדשה) בעמ,,,"י""ח",600,ל גרם,false,1,3.90,0.65,true,1,
7290017297392,false,תירס קפוא פרי אדמה 800ג,ויטה פרי גליל (החדשה) בעמ,,,"י""ח",800,ל גרם,false,1,12.90,1.61,true,1,
7290017297408,false,אפונה עדינה קפואה פרי אדמה 600ג,ויטה פרי גליל (החדשה) בעמ,,,"י""ח",600,ל גרם,false,1,14.90,2.48,true,1,
7290017297415,false,אפונה קפואה פרי אדמה 800ג.,ויטה פרי גליל (החדשה) בעמ,,,"י""ח",800,ל גרם,false,1,12.90,1.61,true,1,
7290017297422,false,אפונה וגזר קפוא פרי אדמה 800ג,ויטה פרי גליל (החדשה) בעמ,,,"י""ח",800,ל גרם,false,1,12.90,1.61,true,1,
7290017297453,false,שעועית שלמה קפואה פרי אדמה 800ג,ויטה פרי גליל (החדשה) בעמ,,,"י""ח",800,ל גרם,false,1,12.90,1.61,true,1,
7290017297477,false,פול קפוא פרי אדמה 800ג,ויטה פרי גליל (החדשה) בעמ,,,"י""ח",800,ל גרם,false,1,14.90,1.86,true,1,
7290017297484,false,שעועית אדומה פרי אדמה 800ג,ויטה פרי גליל (החדשה) בעמ,,,"י""ח",800,ל גרם,false,1,16.90,2.11,true,1,
7290017297491,false,חומוס פרי אדמה 800ג,ויטה פרי גליל (החדשה) בעמ,,,"י""ח",800,ל גרם,false,1,14.90,1.86,true,1,
7290017297507,false,גזר גמדי פרי אדמה 800ג,ויטה פרי גליל (החדשה) בעמ,,,"י""ח",800,ל גרם,false,1,12.90,1.61,true,1,
7290017297514,false,לקט ירק מעורב פרי אדמה 700ג,ויטה פרי גליל (החדשה) בעמ,,,"י""ח",700,ל גרם,false,1,12.90,1.84,true,1,
7290017297521,false,ברוקולי פרי אדמה 800ג,ויטה פרי גליל (החדשה) בעמ,,,"י""ח",800,ל גרם,false,1,19.90,2.49,true,1,
7290017297538,false,כרובית פרי אדמה 800ג,ויטה פרי גליל (החדשה) בעמ,,,"י""ח",800,ל גרם,false,1,14.90,1.86,true,1,
7290017297552,false,במיה פרי אדמה 600ג,ויטה פרי גליל (החדשה) בעמ,,,"י""ח",600,ל גרם,false,1,12.90,2.15,true,1,
7290017297583,false,"ציפס 2ק""ג קפוא פרי אדמה.",ויטה פרי גליל (החדשה) בעמ,,,"י""ח",2,"ק""ג",false,1,19.90,9.95,true,1,
7290017297590,false,"ציפס זיגזג 2ק""ג קפוא פרי אדמה",ויטה פרי גליל (החדשה) בעמ,,,"י""ח",2,"ק""ג",false,1,22.90,11.45,true,1,
7290017297613,false,"סטייק ציפס 2ק""ג קפוא פרי אדמה",ויטה פרי גליל (החדשה) בעמ,,,"י""ח",2,"ק""ג",false,1,22.90,11.45,true,1,
7290017304519,false,חלה חצי מתוקה ארוזה אנגל.,שלמה א.אנג ל בעמ,,,"י""ח",500,ל גרם,false,1,13.90,2.78,false,1,
7290017304885,false,לחם שיפון וחיטה מלאה 750ג,שלמה א.אנג ל בעמ,,,"י""ח",750,ל גרם,false,1,16.90,2.25,false,1,
7290017440231,false,סרקל מתולתל שמפו 1ליטר,פישר תעשיות פרמבצטיות בעמ,,,"י""ח",325,ל גרם,false,1,29.90,9.20,false,1,
7290017440248,false,סרקל מתולתל מרכך 1ליטר,פישר תעשיות פרמבצטיות בעמ,,,"י""ח",325,ל גרם,false,1,29.90,9.20,false,1,
7290017440286,false,"מרכך קידס 750מ""ל",פישר תעשיות פרמבצטיות בעמ,,,"י""ח",750,"ל מ""ל",false,1,16.90,2.25,false,1,
7290017440309,false,"שמפו קידס 750מ""ל",פישר תעשיות פרמבצטיות בעמ,,,"י""ח",750,"ל מ""ל",false,1,16.90,2.25,false,1,
7290017440323,false,"שמפו+מרכך קידס 750מ""ל",פישר תעשיות פרמבצטיות בעמ,,,"י""ח",750,"ל מ""ל",false,1,14.90,1.99,false,1,
7290017457727,false,"סוד מרכך מרוכז כחול 900מ""ל",גורי שיווק בעמ,,,"י""ח",90,"ל מ""ל",false,1,9,10,true,1,
7290017457734,false,"סוד מרכך מרוכז ורוד 900מ""ל",גורי שיווק בעמ,,,"י""ח",90,"ל מ""ל",false,1,9,10,true,1,
7290017457888,false,סוד גל כביסה כחול 4 ליטר,גורי שיווק בעמ,,,"י""ח",4,ליטר,false,1,29.90,7.48,false,1,
7290017477169,false,קשיו 250ג ששון הקולה,דין שיווק וקליה 2021 בעמ,,,"י""ח",250,ל גרם,false,1,19.90,7.96,false,1,
7290017477305,false,זרעי ציה 250ג שקדיה,דין שיווק וקליה 2021 בעמ,,,"י""ח",250,ל גרם,false,1,13.90,5.56,false,1,
7290017477350,false,תערובת לסלט ירוק 200ג,דין שיווק וקליה 2021 בעמ,,,"י""ח",200,ל גרם,false,1,9.90,4.95,false,1,
7290017477367,false,מטבעות שוקולד לבן 300גר לאפיה,דין שיווק וקליה 2021 בעמ,,,"י""ח",300,ל גרם,false,1,13.90,4.63,false,1,
7290017477374,false,מטבעות שוקולד חלב 300גר לאפיה,דין שיווק וקליה 2021 בעמ,,,"י""ח",300,ל גרם,false,1,13.90,4.63,false,1,
7290017477381,false,מטבעות שוקולד מריר 300גר לאפיה,דין שיווק וקליה 2021 בעמ,,,"י""ח",300,ל גרם,false,1,13.90,4.63,false,1,
7290017504001,false,פטריות שמפיניון ארוז,ביכורי השדה צפון 1994 ג.ד. בעמ,,,"י""ח",1,,false,1,10.90,10.90,true,1,
7290017504025,false,פטריות פורטובלה,ביכורי השדה צפון 1994 ג.ד. בעמ,,,"י""ח",1,,false,1,11.90,11.90,false,1,
7290017504032,false,פטריות זוגות איטלקי,ביכורי השדה צפון 1994 ג.ד. בעמ,,,"י""ח",1,,false,1,18.90,18.90,false,1,
7290017513393,false,תה ירוק 25 סופר גרין,תה ויסוצקי (ישראל)בעמ,,,"י""ח",37.50,ל גרם,false,1,24.90,66.40,true,1,
7290017513485,false,מחית עגבניות רוסטיקה גרנד איטליה 700גר,תה ויסוצקי (ישראל)בעמ,,,"י""ח",700,ל גרם,false,1,11.90,1.70,true,1,
7290017513775,false,פליפז בייגלה מצופה ש. חלב 140ג,תה ויסוצקי (ישראל)בעמ,,,"י""ח",140,ל גרם,false,1,8.90,6.36,true,1,
7290017513782,false,פליפז בייגלה מצופה ש. מריר 140ג,תה ויסוצקי (ישראל)בעמ,,,"י""ח",140,ל גרם,false,1,8.90,6.36,true,1,
7290017586007,false,גזר ארוז,ביכורי השדה צפון 1994 ג.ד. בעמ,,,"ק""ג",1,"ק""ג",true,1,3.90,3.90,true,1,
7290017589565,false,"יין קלאסיק ברקן קלאסיק גוורץ 750מ""ל",טמפו משקאות בעמ,,,"י""ח",750,"ל מ""ל",false,1,32.90,4.35,true,1,
7290017589633,false,רזרב קברנה סובניון ברקן GOLD EDITION,טמפו משקאות בעמ,,,"י""ח",750,"ל מ""ל",false,1,49.90,6.61,true,1,
7290017599229,false,םטנט 200 טבליות סוכרלוז,שטראוס גרופ בעמ,,,"י""ח",200,"י""ח",false,1,20.90,0.10,true,1,
7290017599274,false,סוכרזית סטיוויה 120שקיות 100גרם,שטראוס גרופ בעמ,,,"י""ח",100,ל גרם,false,1,34.90,34.90,true,1,
7290017617046,false,סטארקיסט רביעייה בשמן זית 140ג,דיפלומט מפיצים (1968) בעמ**,,,"י""ח",560,"ל מ""ל",false,1,24.90,4.45,false,1,
7290017641096,false,"שוקולד פרימיום 70% לל""ס 100גר בד""ץ",כרמית תעשיות ממתקים בעמ,,,"י""ח",100,ל גרם,false,1,8.90,8.90,true,1,
7290017641102,false,"שוקולד פרימיום 70% לל""ס 100גר בד""ץ תפו",כרמית תעשיות ממתקים בעמ,,,"י""ח",100,ל גרם,false,1,7.90,7.90,true,1,
7290017641119,false,"שוקולד פרימיום 85% 100גר בד""ץ",כרמית תעשיות ממתקים בעמ,,,"י""ח",100,ל גרם,false,1,7.90,7.90,true,1,
7290017641379,false,שוקולד חלב 85ג חמישייה,כרמית תעשיות ממתקים בעמ,,,"י""ח",85,ל גרם,false,1,16.90,19.88,true,1,
7290017641720,false,שוקולד מריר %70שברי שקד 100ג,כרמית תעשיות ממתקים בעמ,,,"י""ח",85,ל גרם,false,1,7.90,9.29,true,1,
7290017641737,false,שוקולד מריר %70שברי אגוז 100ג,כרמית תעשיות ממתקים בעמ,,,"י""ח",85,ל גרם,false,1,7.90,9.29,true,1,
7290017641782,false,טופי אצבעות טעם תות 804ג בדץ,כרמית תעשיות ממתקים בעמ,,,"י""ח",804,ל גרם,false,1,19.90,2.48,false,1,
7290017641812,false,טופי אצבעות טעם מיקס פירות 804ג בדץ,כרמית תעשיות ממתקים בעמ,,,"י""ח",804,ל גרם,false,1,19.90,2.48,false,1,
7290017641997,false,"שוקולד פרימיום 70% לל""ס 100גר בד""ץ",כרמית תעשיות ממתקים בעמ,,,"י""ח",100,ל גרם,false,1,8.90,8.90,true,1,
7290017647425,false,יין גמלא קברנה סוביניון,היכל היין שקד גולן בעמ,,,"י""ח",750,"ל מ""ל",false,1,69.90,9.28,true,1,
7290017647722,false,"גמלא בלאנקו 750מ""ל",היכל היין שקד גולן בעמ,,,"י""ח",750,"ל מ""ל",false,1,65.90,8.75,true,1,
7290017677804,false,"רוטב סויה קיקומן 444מ""ל",דיפלומט מפיצים (1968) בעמ**,,,"י""ח",444,"ל מ""ל",false,1,19.90,4.48,false,1,
7290017724027,false,עוגיות אלפא חורס 300ג,הלל בן הלל שיווק ומסחר בעמ,,,"י""ח",300,ל גרם,false,1,23.90,7.97,false,1,
7290017724034,false,עוגיות סנדוויץ ריבה 250ג,הלל בן הלל שיווק ומסחר בעמ,,,"י""ח",250,ל גרם,false,1,23.90,9.56,false,1,
7290017724058,false,מעדן תמר אגוז 250ג,הלל בן הלל שיווק ומסחר בעמ,,,"י""ח",250,ל גרם,false,1,23.90,9.56,false,1,
7290017724089,false,עוגיות אקרל פרמיום,הלל בן הלל שיווק ומסחר בעמ,,,"י""ח",400,ל גרם,false,1,23.90,5.98,false,1,
7290017724102,false,סיגרים תמרים 250ג,הלל בן הלל שיווק ומסחר בעמ,,,"י""ח",250,ל גרם,false,1,23.90,9.56,false,1,
7290017724157,false,"מעדן תפו""ע ללא סוכר 200ג",הלל בן הלל שיווק ומסחר בעמ,,,"י""ח",250,ל גרם,false,1,23.90,9.56,false,1,
7290017724171,false,סנדוויץ ריבה ללא סוכר 250ג,הלל בן הלל שיווק ומסחר בעמ,,,"י""ח",250,ל גרם,false,1,23.90,9.56,false,1,
7290017724201,false,ואן גוך ללא סוכר 250ג,הלל בן הלל שיווק ומסחר בעמ,,,"י""ח",250,ל גרם,false,1,23.90,9.56,false,1,
7290017724270,false,אשכול בריאות ללא סוכר 200ג,הלל בן הלל שיווק ומסחר בעמ,,,"י""ח",200,ל גרם,false,1,23.90,11.95,false,1,
7290017812571,false,תירוש אדום 1 ליטר כרמל.,אגודת הכורמים,,,"י""ח",1,ליטר,false,1,19.90,19.90,false,1,
7290017812588,false,תירוש לבן ליטר חדש,אגודת הכורמים,,,"י""ח",1,ליטר,false,1,19.90,19.90,false,1,
7290017812618,false,תירוש רוזה 1ליטר חדש,אגודת הכורמים,,,"י""ח",1,ליטר,false,1,19.90,19.90,false,1,
7290017812663,false,"מיץ ענבים טבעי מבעבע לבן 750מ""ל.",אגודת הכורמים,,,"י""ח",750,"ל מ""ל",false,1,19.90,2.61,false,1,
7290017812830,false,PC רוזה 0.75 ל,אגודת הכורמים,,,"י""ח",750,"ל מ""ל",false,1,39.90,5.28,true,1,
7290017812861,false,VINO לבן יבש כרמל 750,אגודת הכורמים,,,"י""ח",750,"ל מ""ל",false,1,21,2.76,true,1,
7290017812878,false,"יין אקסלנס רוזה 750מ""",אגודת הכורמים,,,"י""ח",750,"ל מ""ל",false,1,24.90,3.28,false,1,
7290017812977,false,יין אדום יאנג סלקטד BUZZ,אגודת הכורמים,,,"י""ח",750,"ל מ""ל",false,1,25.20,3.32,true,1,
7290017816111,false,פתי בר כוסמין 250גר,גורי מוצרי צריכה בעמ,,,"י""ח",250,ל גרם,false,1,10.90,4.36,false,1,
7290017841229,false,מטליות מיקרופייבר עם חור למגב שווה,ח.כהן סוכנות מזון ומשקאות בע,,,"י""ח",3,"י""ח",false,1,9.90,3.30,false,1,
7290017841250,false,נוזל חלונות 1ליטר שווה,ח.כהן סוכנות מזון ומשקאות בע,,,"י""ח",1,ליטר,false,1,6.90,6.90,false,1,
7290017841540,false,תבניות נייר איגליש מעוטרת 3יח שווה,ח.כהן סוכנות מזון ומשקאות בע,,,"י""ח",3,"י""ח",false,1,7.90,2.63,true,1,
7290017841557,false,תבניות נייר מלבניות מעוטרת 3יח שווה,ח.כהן סוכנות מזון ומשקאות בע,,,"י""ח",3,"י""ח",false,1,7.90,2.63,true,1,
7290017841632,false,מטליות מיקרופייבר כליי 10יח נשלפות,ח.כהן סוכנות מזון ומשקאות בע,,,"י""ח",10,"י""ח",false,1,16.90,1.69,true,1,
7290017841663,false,מטליות מיקרופייבר מקצועי *3 30/30 שוו,ח.כהן סוכנות מזון ומשקאות בע,,,"י""ח",3,"י""ח",false,1,9.90,3.30,false,1,
7290017841731,false,מטליות מיקרופייבר גדולות במיוחד,ח.כהן סוכנות מזון ומשקאות בע,,,"י""ח",2,"י""ח",false,1,14.90,7.45,false,1,
7290017841762,false,"חומץ תפוחי עץ 500מ""ל 5% שווה",ח.כהן סוכנות מזון ומשקאות בע,,,"י""ח",500,"ל מ""ל",false,1,11.90,2.38,false,1,
7290017841885,false,דלי מגבונים ניקוי כללי 400יח שווה.,ח.כהן סוכנות מזון ומשקאות בע,,,"י""ח",400,"י""ח",false,1,19.90,0.05,true,1,
7290017842028,false,תבניות+מכסים מלבנית ארוכה שווה,ח.כהן סוכנות מזון ומשקאות בע,,,"י""ח",5,"י""ח",false,1,9.90,1.98,false,1,
7290017842127,false,ניירות סנדוויץ מאוירות שווה,ח.כהן סוכנות מזון ומשקאות בע,,,"י""ח",100,"י""ח",false,1,9.90,0.10,false,1,
7290017842202,false,נייר טישו כיס מארז 10 יח` שווה,ח.כהן סוכנות מזון ומשקאות בע,,,"י""ח",1,,false,1,6.90,6.90,true,1,
7290017842240,false,אנשובי ארוך בפח בשמן זית שווה,ח.כהן סוכנות מזון ומשקאות בע,,,"י""ח",77,ל גרם,false,1,6.90,8.96,false,1,
7290017842431,false,סילאן לחיץ 100% טבעי 470ג שווה,ח.כהן סוכנות מזון ומשקאות בע,,,"י""ח",700,ל גרם,false,1,14.90,2.13,true,1,
7290017842448,false,אננס שלם 227ג שווה,ח.כהן סוכנות מזון ומשקאות בע,,,"י""ח",227,ל גרם,false,1,4.90,2.16,false,1,
7290017842493,false,תירס גמדי 425גר שווה,ח.כהן סוכנות מזון ומשקאות בע,,,"י""ח",425,"ל מ""ל",false,1,7.90,1.86,false,1,
7290017842530,false,שקיות אוכל ריץ רץ קטנות 15יח שווה,ח.כהן סוכנות מזון ומשקאות בע,,,"י""ח",15,"י""ח",false,1,6.90,0.46,false,1,
7290017842554,false,חמאת בוטנים קראנץ 510גר קלאסית שווה,ח.כהן סוכנות מזון ומשקאות בע,,,"י""ח",510,ל גרם,false,1,10.90,2.14,true,1,
7290017842561,false,חמאת בוטנים קראנץ 510גר קראנץ שווה,ח.כהן סוכנות מזון ומשקאות בע,,,"י""ח",510,ל גרם,false,1,10.90,2.14,true,1,
7290017842578,false,"חמאת בוטנים טבעית בד""צ שווה",ח.כהן סוכנות מזון ומשקאות בע,,,"י""ח",510,ל גרם,false,1,10.90,2.14,true,1,
7290017842622,false,צלחות גדולות מתכלות שווה,ח.כהן סוכנות מזון ומשקאות בע,,,"י""ח",1,,false,1,24.90,24.90,false,1,
7290017842806,false,"צלחות ענקיות מעלי דקל 10 יח""שווה""",ח.כהן סוכנות מזון ומשקאות בע,,,"י""ח",1,,false,1,16.90,16.90,false,1,
7290017842837,false,"מרקיות מעלי דקל 10 יח""שווה""",ח.כהן סוכנות מזון ומשקאות בע,,,"י""ח",1,,false,1,9.90,9.90,false,1,
7290017842851,false,"|מגשים עגולים ענקים מעלי דקל 5 יח""שוו",ח.כהן סוכנות מזון ומשקאות בע,,,"י""ח",1,,false,1,11.90,11.90,false,1,
7290017842875,false,"מגשים אובלים בינוני מעלי דקל 5 יח""שוו",ח.כהן סוכנות מזון ומשקאות בע,,,"י""ח",1,,false,1,11.90,11.90,false,1,
7290017845029,false,פטריות צמד משפחתי,ביכורי השדה צפון 1994 ג.ד. בעמ,,,"י""ח",1,,false,1,18.90,18.90,false,1,
7290017845203,false,פטריות שמפיניון בודד,ביכורי השדה צפון 1994 ג.ד. בעמ,,,"י""ח",1,,false,1,10.90,10.90,true,1,
7290017864259,false,בזיליקום 100ג,ביכורי השדה צפון 1994 ג.ד. בעמ,,,"י""ח",1,,false,1,8.90,8.90,false,1,
7290017864471,false,עלי בייבי250ג,ביכורי השדה צפון 1994 ג.ד. בעמ,,,"י""ח",250,ל גרם,false,1,14.90,5.96,false,1,
7290017864594,false,שיני שום מובחרות,ביכורי השדה צפון 1994 ג.ד. בעמ,,,"י""ח",1,,false,1,14.90,14.90,false,1,
7290017871370,false,סבון ידיים מ.בשמן אבוקדו 500מ``ל פמלי,דנשר (1963) בעמ,,,"י""ח",500,"ל מ""ל",false,1,9.90,1.98,false,1,
7290017871431,false,טוסו חטיף תמרים אגוזי לוז ללא סוכר וגל,דנשר (1963) בעמ,,,"י""ח",140,ל גרם,false,1,16.90,12.07,false,1,
7290017871998,false,מרמולייט ג לי וניל 25גר,דנשר (1963) בעמ,,,"י""ח",1,"י""ח",false,1,10.90,10.90,false,1,
7290017872001,false,קרם החתלה שמן זית ופרופוליס 100ג` פרש,דנשר (1963) בעמ,,,"י""ח",5,"י""ח",false,1,12.50,2.50,false,1,
7290017872056,false,פמלי סבון סדרה לבנה שלישיה.3*500מ,דנשר (1963) בעמ,,,"י""ח",1.50,ליטר,false,1,17.90,11.93,false,1,
7290017872063,false,"פמלי סבון ארומתרפי שלישיה.3*500מ""ל",דנשר (1963) בעמ,,,"י""ח",1.50,ליטר,false,1,17.90,11.93,false,1,
7290017872162,false,עוגיות אגוזי לוז 200 גרם טוסו,דנשר (1963) בעמ,,,"י""ח",200,ל גרם,false,1,14.90,7.45,false,1,
7290017872179,false,עוגיות טחינה 200 גרם טוסו,דנשר (1963) בעמ,,,"י""ח",200,ל גרם,false,1,14.90,7.45,false,1,
7290017872186,false,עוגיות פאקן 200 גרם טוסו,דנשר (1963) בעמ,,,"י""ח",200,ל גרם,false,1,14.90,7.45,false,1,
7290017872193,false,עוגיות שקדים וקינמון 200 גרם טוסו,דנשר (1963) בעמ,,,"י""ח",200,ל גרם,false,1,14.90,7.45,false,1,
7290017872872,false,בייביביס חטיפי דגנים לתינוק גזר/סלק,דנשר (1963) בעמ,,,"י""ח",40,ל גרם,false,1,12.90,32.25,false,1,
7290017872926,false,מרמולייט סטיביה אבקת ממתיק,דנשר (1963) בעמ,,,"י""ח",1,,false,1,19.90,19.90,false,1,
7290017873367,false,קרם ידיים פנג`ל ויטליטי לכל סוגי עור 1,דנשר (1963) בעמ,,,"י""ח",10000,"ל מ""ל",false,1,12.90,0.13,true,1,
7290017873398,false,תחליב גוף פנג`ל ויטליטי לכל סוגי העור4,דנשר (1963) בעמ,,,"י""ח",400,"ל מ""ל",false,1,26.90,6.73,true,1,
7290017873411,false,קרם גוף פנג`ל ויטליטי לכל סוגי העור 20,דנשר (1963) בעמ,,,"י""ח",200,"ל מ""ל",false,1,29.90,14.95,true,1,
7290017888354,false,"מי עדן 750 מ""ל בודד",יפאורה שותפות מוגבלת לשיווק,,,"י""ח",750,"ל מ""ל",false,1,4.20,0.52,true,1,
7290017888972,false,מי עדן 1ל פקק ספורט בודד,יפאורה שותפות מוגבלת לשיווק,,,"י""ח",1,ליטר,false,1,3.90,3.90,false,1,
7290017917382,false,אל סבון נוזלי להרגעת העור קמיל 1ליטר,פישר תעשיות פרמבצטיות בעמ,,,"י""ח",1,ליטר,false,1,15.90,15.90,true,1,
7290017917450,false,קמיל בלו סנסיטיב אל סבון ושמפו 1ליטר.,פישר תעשיות פרמבצטיות בעמ,,,"י""ח",1,ליטר,false,1,22.90,22.90,true,1,
7290017917467,false,קמיל בלו אל סבון שיבולת שועל 1ליטר,פישר תעשיות פרמבצטיות בעמ,,,"י""ח",1,ליטר,false,1,22.90,22.90,true,1,
7290017925554,false,"בירה באדוויזר 5יח בירה עם כוס 330מ""ל",הכרם משקאות חריפים בעמ,,,"י""ח",1.65,ליטר,false,1,24.90,14.18,true,1,
7290017928036,false,מאיר בייגל מקלות גריסיני שומשום 175גר,דנשר (1963) בעמ,,,"י""ח",175,ל גרם,false,1,11.90,6.80,true,1,
7290017928043,false,מאיר בייגל מקלות גריסיני קראנץ מלח 175,דנשר (1963) בעמ,,,"י""ח",175,ל גרם,false,1,11.90,6.80,true,1,
7290017928074,false,שמיניות בייגלה 250גר אריזה שקופה,דנשר (1963) בעמ,,,"י""ח",300,ל גרם,false,1,9.90,3.30,false,1,
7290017928098,false,מאיר בייגל שטוחלה מלח 300גר,דנשר (1963) בעמ,,,"י""ח",300,ל גרם,false,1,10.90,3.63,true,1,
7290017928128,false,מאיר בייגל מקלות מלח 400גר,דנשר (1963) בעמ,,,"י""ח",400,ל גרם,false,1,10.90,2.73,true,1,
7290017928227,false,מאיר בייגל שטוחלה פינוקים 300ג,דנשר (1963) בעמ,,,"י""ח",300,ל גרם,false,1,10.90,3.63,true,1,
7290017928432,false,מאיר בייגל מקלות גריסיני קראנץ פרג 175,דנשר (1963) בעמ,,,"י""ח",175,ל גרם,false,1,11.90,6.80,true,1,
7290017928609,false,מאיר בייגל טבעות שומשום 300גר,דנשר (1963) בעמ,,,"י""ח",300,ל גרם,false,1,10.90,3.63,true,1,
7290017928616,false,מאיר בייגל שטוחלה שומשום 300גר,דנשר (1963) בעמ,,,"י""ח",300,ל גרם,false,1,10.90,3.63,true,1,
7290017928807,false,מאיר בייגל אצבעות שומשום 300גר,דנשר (1963) בעמ,,,"י""ח",300,ל גרם,false,1,10.90,3.63,true,1,
7290017928821,false,מאיר בייגל מקלות גריסיני קלאסי 200גר,דנשר (1963) בעמ,,,"י""ח",200,ל גרם,false,1,11.90,5.95,true,1,
7290017938264,false,חומוס עם חריף 200 גרם,סלטי שמיר2006בעמ,,,"י""ח",200,ל גרם,false,1,7.90,3.95,true,1,
7290017947105,false,לחם אנגיל בסגנון אמריקה 500גר,שלמה א.אנג ל בעמ,,,"י""ח",500,ל גרם,false,1,13.90,2.78,false,1,
7290017947358,false,חצי חלה פרג אנגל,שלמה א.אנג ל בעמ,,,"י""ח",250,ל גרם,false,1,7.90,3.16,false,1,
7290017947365,false,חצי חלה שומשום אנגל,שלמה א.אנג ל בעמ,,,"י""ח",250,ל גרם,false,1,7.90,3.16,false,1,
7290017947372,false,חלה מתוקה ארוזה אנגל,שלמה א.אנג ל בעמ,,,"י""ח",500,ל גרם,false,1,13.90,2.78,false,1,
7290017947457,false,חלה קלועה כוסמין]אנגל[ה 500גר,שלמה א.אנג ל בעמ,,,"י""ח",500,ל גרם,false,1,16.90,3.38,false,1,
7290017947464,false,פיתות כוסמין מארז 8 יח אנגל,שלמה א.אנג ל בעמ,,,"י""ח",8,"י""ח",false,1,14.90,1.86,true,1,
7290017947495,false,לחמניות כוסמין שישייה,שלמה א.אנג ל בעמ,,,"י""ח",450,ל גרם,false,1,14.90,3.31,false,1,
7290017947891,false,לחם אנגיל כוסמין וחיטה מלאה 750גר,שלמה א.אנג ל בעמ,,,"י""ח",750,ל גרם,false,1,15.90,2.12,false,1,
7290017947921,false,לחמניות להמבורגר 450גר.,שלמה א.אנג ל בעמ,,,"י""ח",450,ל גרם,false,1,12.90,2.87,false,1,
7290017947938,false,מארז 8 מיני לחמניות המבורגר אמריקה,שלמה א.אנג ל בעמ,,,"י""ח",400,ל גרם,false,1,13.90,3.48,false,1,
7290018029206,false,עוגיות כתר ריבה מיקס 600 גרם,שיבולים ייצור ושיווק מאפה בעמ,,,"י""ח",600,ל גרם,false,1,19.90,3.32,false,1,
7290018043189,false,חטיף חלבון טעם קשיו קרמל 60ג,דיפלומט מפיצים (1968) בעמ**,,,"י""ח",60,ל גרם,false,1,13.90,23.17,false,1,
7290018043844,false,חטיף בוטנים בטעם קרמל קראנץ 60ג,דיפלומט מפיצים (1968) בעמ**,,,"י""ח",60,ל גרם,false,1,13.90,23.17,false,1,
7290018045084,false,דגנים במילוי קרם בטעם בראוניז 480גר,ר.ב. מוצרי דגנים בעמ,,,"י""ח",750,ל גרם,false,1,21.90,2.92,true,1,
7290018045497,false,דגנים במילוי קרם שוקולד 480גר,ר.ב. מוצרי דגנים בעמ,,,"י""ח",750,ל גרם,false,1,21.90,2.92,true,1,
7290018045695,false,דגנים במילוי קרם קרמל מלוח 480גר,ר.ב. מוצרי דגנים בעמ,,,"י""ח",750,ל גרם,false,1,21.90,2.92,true,1,
7290018045893,false,דגנים במילוי קרם נוגט 480גר,ר.ב. מוצרי דגנים בעמ,,,"י""ח",750,ל גרם,false,1,21.90,2.92,true,1,
7290018071205,false,כפפות ניטרו -Vכחולות ללא אבקה EASY TOUCH,אינטרסן (1996) בעמ,,,"י""ח",100,"י""ח",false,1,21.90,0.22,true,1,
7290018071229,false,כפפות ניטרו -Vכחולות ללא אבקה L EASY T,אינטרסן (1996) בעמ,,,"י""ח",100,"י""ח",false,1,21.90,0.22,true,1,
7290018071236,false,כפפות ניטרו -Vכחולות ללא אבקה XL EASY T,אינטרסן (1996) בעמ,,,"י""ח",100,"י""ח",false,1,21.90,0.22,true,1,
7290018071533,false,נר נשמה בכוס 48 שעות,אינטרסן (1996) בעמ,,,"י""ח",1,,false,1,5.90,5.90,false,1,
7290018071540,false,נר נשמה בכוס 72 שעות,אינטרסן (1996) בעמ,,,"י""ח",1,,false,1,6.90,6.90,false,1,
7290018071557,false,נר נשמה בכוס 72 שעות,אינטרסן (1996) בעמ,,,"י""ח",1,,false,1,10.90,10.90,false,1,
7290018071571,false,פדים להסרת איפור 40יח,אינטרסן (1996) בעמ,,,"י""ח",40,"י""ח",false,1,7.90,0.20,false,1,
7290018091029,false,"מקלות פילו תפו""א 450ג קפוא",תנובה בשר,,,"י""ח",450,ל גרם,false,1,14.90,3.31,false,1,
7290018091234,false,פיצה מקסיקנית 260ג.,תנובה בשר,,,"י""ח",260,ל גרם,false,1,14.90,5.73,false,1,
7290018091661,false,פיצה ירקות שוק 380ג מעדנות,תנובה בשר,,,"י""ח",380,ל גרם,false,1,19.90,5.24,false,1,
7290018115039,false,אבוקדו בשל מארז,ביכורי השדה צפון 1994 ג.ד. בעמ,,,"י""ח",1,"י""ח",false,1,10.90,10.90,false,1,
7290018131534,false,מאגדת מיני בייטס מילקה 3יח,נגה גלידות,,,"י""ח",162,ל גרם,false,1,22.90,14.14,false,1,
7290018131879,false,מאגדת אקסטרים ריבת חלב X 6,נגה גלידות,,,"י""ח",1,,false,1,35.90,35.90,false,1,
7290018132388,false,"מטרנה גולד שלב 2 700גר בד""ץ",קבוצת אוסם סחר-שות.מוגבלת,,,"י""ח",700,ל גרם,false,1,74.90,10.70,true,1,
7290018132425,false,"מטרנה גולד שלב 3 700גר בד""ץ",קבוצת אוסם סחר-שות.מוגבלת,,,"י""ח",700,ל גרם,false,1,74.90,10.70,true,1,
7290018156087,false,"סרקל אקטיב שמפו 450מ""ל",פישר תעשיות פרמבצטיות בעמ,,,"י""ח",450,"ל מ""ל",false,1,34.90,7.76,true,1,
7290018156483,false,"שמפו סרקל 750 מ""ל קיץ",פישר תעשיות פרמבצטיות בעמ,,,"י""ח",750,"ל מ""ל",false,1,24.90,3.32,false,1,
7290018192658,false,פטריות צמד איטלקי,ביכורי השדה צפון 1994 ג.ד. בעמ,,,"י""ח",1,,false,1,19.90,19.90,false,1,
7290018195178,false,שוקולד מריר 62% 100ג,טעמן שווק מזון בעמ,,,"י""ח",100,ל גרם,false,1,4.90,4.90,false,1,
7290018195826,false,פילה סרדין בשמן קנולה 125ג,טעמן שווק מזון בעמ,,,"י""ח",125,ל גרם,false,1,8.90,7.12,false,1,
7290018198056,false,"תפוגן קוביות תפוחי אדמה 1.5ק""ג",קבוצת אוסם סחר-שות.מוגבלת,,,"י""ח",1.50,"ק""ג",false,1,24.90,16.60,false,1,
7290018198148,false,"תפוגן קריספי צ`יפס קלאסי 1.25ק""ג",קבוצת אוסם סחר-שות.מוגבלת,,,"י""ח",1.50,"ק""ג",false,1,27.90,18.60,false,1,
7290018198209,false,תפוגן צ`יפס בטטה קראנצי 500גר,קבוצת אוסם סחר-שות.מוגבלת,,,"י""ח",500,ל גרם,false,1,21.90,4.38,false,1,
7290018208472,false,"תמר מג`הול 1ק""ג מחנה יהודה.",א.מ. עישבי תיבול תקומה בעמ,,,"י""ח",1,"ק""ג",false,1,19.90,19.90,true,1,
7290018208489,false,תמר מג`הול 800גר פרימים מחנה יהודה,א.מ. עישבי תיבול תקומה בעמ,,,"י""ח",800,ל גרם,false,1,24.90,3.11,true,1,
7290018208496,false,תמר מג`הול 650גר סופר פרימים מחנה יהוד,א.מ. עישבי תיבול תקומה בעמ,,,"י""ח",650,ל גרם,false,1,24.90,3.83,true,1,
7290018237496,false,עוף טוב דק דק פסטרמה דבש 220גר.,קבוצת אוסם סחר-שות.מוגבלת,,,"י""ח",220,ל גרם,false,1,21.90,9.95,true,1,
7290018237922,false,שניצלונים ציפוי צ`יפס ]עוף טוב[,קבוצת אוסם סחר-שות.מוגבלת,,,"י""ח",700,ל גרם,false,1,14.90,2.13,false,1,
7290018282991,false,"אסותא סבון נוזלי 500מ""ל",עיסא ערטול בעמ-סוכן הנקל סוד,,,"י""ח",500,"ל מ""ל",false,1,5.90,1.18,true,1,
7290018294000,false,K.D רוזה,אגודת הכורמים,,,"י""ח",750,"ל מ""ל",false,1,21.90,2.88,true,1,
7290018294192,false,PC בלנד היינן 0.75 ל,אגודת הכורמים,,,"י""ח",750,"ל מ""ל",false,1,39.90,5.28,true,1,
7290018294208,false,סלקטד אדום ישראלי 0.75,אגודת הכורמים,,,"י""ח",750,"ל מ""ל",false,1,29.90,3.95,true,1,
7290018343319,false,שמפו לשיער מתולתל PERFECT CURLS,פישר תעשיות פרמבצטיות בעמ,,,"י""ח",400,"ל מ""ל",false,1,29.90,7.48,true,1,
7290018359112,false,פאסאטה מחית עגבניות איטלקיות קלה יכין690,זנלכל בעמ,,,"י""ח",690,ל גרם,false,1,9.90,1.43,false,1,
7290018359129,false,עגבניה פולפה חתוכות מקולפות דק יכין690.,זנלכל בעמ,,,"י""ח",690,ל גרם,false,1,9.90,1.43,false,1,
7290018359334,false,רוטב עגבניות טבעי פריכוז שף 580ג,זנלכל בעמ,,,"י""ח",580,ל גרם,false,1,11.90,2.05,false,1,
7290018359358,false,רוטב עג פריכוז יכין 3*200גר,זנלכל בעמ,,,"י""ח",600,ל גרם,false,1,12.90,2.15,true,1,
7290018359495,false,תירס מהשדה ללא תוספת סוכר 550ג יכין,זנלכל בעמ,,,"י""ח",550,ל גרם,false,1,9.90,1.80,false,1,
7290018359518,false,תירס מהשדה ללא תוספת סוכר 3*200ג יכין,זנלכל בעמ,,,"י""ח",600,ל גרם,false,1,14.90,2.48,false,1,
7290018359570,false,שעועית צ`ילי הקטניה הטובה יכין 3*200גר.,זנלכל בעמ,,,"י""ח",600,ל גרם,false,1,12.90,2.15,true,1,
7290018359587,false,חומוס הקטניה הטובה יכין 3*200גר.,זנלכל בעמ,,,"י""ח",600,ל גרם,false,1,12.90,2.15,true,1,
7290018359686,false,~חומוס ענק יכין 550ג,זנלכל בעמ,,,"י""ח",520,ל גרם,false,1,9.90,1.90,false,1,
7290018359716,false,רוטב פיצה טוסקנה יכין 240גר,זנלכל בעמ,,,"י""ח",240,"ל מ""ל",false,1,5.50,2.29,false,1,
7290018359938,false,רוטב עגבניות לשקשוקה יכין 400גר,זנלכל בעמ,,,"י""ח",400,ל גרם,false,1,10.90,2.73,false,1,
7290018359945,false,רוטב פיקנטי מפלפלים וירקות יכין 400גר,זנלכל בעמ,,,"י""ח",400,ל גרם,false,1,10.90,2.73,false,1,
7290018359952,false,רוטב עגבניות לפסטה יכין 400גר,זנלכל בעמ,,,"י""ח",400,ל גרם,false,1,10.90,2.73,false,1,
7290018359969,false,רוטב עגבניות לפיצה יכין 400גר,זנלכל בעמ,,,"י""ח",400,ל גרם,false,1,10.90,2.73,false,1,
7290018440070,false,תרכיז עגבניות שפורפרת B28 200ג,תה ויסוצקי (ישראל)בעמ,,,"י""ח",200,ל גרם,false,1,8.90,4.45,false,1,
7290018440209,false,פליפז בייגלה מצופה פאדג לבן 140ג,תה ויסוצקי (ישראל)בעמ,,,"י""ח",140,ל גרם,false,1,8.90,6.36,true,1,
7290018440230,false,חווית צאי ורדים 25יח,תה ויסוצקי (ישראל)בעמ,,,"י""ח",25,"י""ח",false,1,16,0.64,true,1,
7290018440247,false,חווית צאי שקדים 25יח,תה ויסוצקי (ישראל)בעמ,,,"י""ח",25,"י""ח",false,1,17,0.68,true,1,
7290018440254,false,חווית צאי קרמל מלוח 25יח,תה ויסוצקי (ישראל)בעמ,,,"י""ח",25,"י""ח",false,1,16,0.64,true,1,
7290018440391,false,תה ירוק מאטה נענע גוארנה 25יח,תה ויסוצקי (ישראל)בעמ,,,"י""ח",25,"י""ח",false,1,20,0.80,true,1,
7290018440438,false,טונה בשמן זית שלישיה *65גרם,תה ויסוצקי (ישראל)בעמ,,,"י""ח",195,ל גרם,false,1,25.90,13.28,true,1,
7290018440483,false,פליפז בייגלה מצופה קרמל מלוח 140ג,תה ויסוצקי (ישראל)בעמ,,,"י""ח",140,ל גרם,false,1,8.90,6.36,true,1,
7290018440490,false,סלט טונה עם קוסקוס 150ג,תה ויסוצקי (ישראל)בעמ,,,"י""ח",150,ל גרם,false,1,13.90,9.27,true,1,
7290018440513,false,סלט קליפורניה עם טונה 150ג,תה ויסוצקי (ישראל)בעמ,,,"י""ח",150,ל גרם,false,1,13.90,9.27,true,1,
7290018443040,false,נבטים סיניים שמיטה,ביכורי השדה צפון 1994 ג.ד. בעמ,,,"י""ח",1,,false,1,7.90,7.90,false,1,
7290018443057,false,נבטים חמניה שמיטה,ביכורי השדה צפון 1994 ג.ד. בעמ,,,"י""ח",1,,false,1,8.90,8.90,false,1,
7290018443064,false,נבטים אלפלפא שמיטה,ביכורי השדה צפון 1994 ג.ד. בעמ,,,"י""ח",1,,false,1,7.90,7.90,false,1,
7290018443354,false,נענע מהדרין שמיטה,ביכורי השדה צפון 1994 ג.ד. בעמ,,,"י""ח",1,,false,1,6.90,6.90,true,1,
7290018443545,false,פלפל צ`ילי אדום 200גר,ביכורי השדה צפון 1994 ג.ד. בעמ,,,"י""ח",200,ל גרם,false,1,10.90,5.45,false,1,
7290018443712,false,כרובית ארוזה,ביכורי השדה צפון 1994 ג.ד. בעמ,,,"י""ח",1,"י""ח",false,1,10.90,10.90,false,1,
7290018443743,false,חמציץ פראש,ביכורי השדה צפון 1994 ג.ד. בעמ,,,"י""ח",1,,false,1,11.90,11.90,false,1,
7290018443774,false,עלי קייל פראש,ביכורי השדה צפון 1994 ג.ד. בעמ,,,"י""ח",120,ל גרם,false,1,11.90,9.92,false,1,
7290018443828,false,צמד חסה אייסברג,ביכורי השדה צפון 1994 ג.ד. בעמ,,,"י""ח",150,ל גרם,false,1,10.90,7.27,false,1,
7290018443835,false,שרי לובלו פרימיום.,ביכורי השדה צפון 1994 ג.ד. בעמ,,,"י""ח",1,,false,1,12.90,12.90,false,1,
7290018449035,false,שיבה בעציץ,משתלת ברגר בעמ,,,"י""ח",1,,false,1,9.90,9.90,false,1,
7290018471029,false,סודה טעם לימון שוופס 0.5ל שישייה,יפאורה שותפות מוגבלת לשיווק,,,"י""ח",300,"ל מ""ל",false,1,13.90,4.03,false,1,
7290018471180,false,פרוט ווג`אננס תפוח גזר 1ליטר,יפאורה שותפות מוגבלת לשיווק,,,"י""ח",1,ליטר,false,1,12.90,12.90,false,1,
7290018471210,false,ספרינג נקטר אגס סברס תפוח 1ליטר קרטוני,יפאורה שותפות מוגבלת לשיווק,,,"י""ח",1,ליטר,false,1,6.90,6.90,true,1,
7290018471906,false,שוופס מוגז פירות לימונדה ורודה 1.5ל,יפאורה שותפות מוגבלת לשיווק,,,"י""ח",1.50,ליטר,false,1,8.80,5.67,true,1,
7290018471913,false,שוופס מוגז פירות תפוחים 1.5ל,יפאורה שותפות מוגבלת לשיווק,,,"י""ח",1.50,ליטר,false,1,8.80,5.67,true,1,
7290018471920,false,שוופס מוגז פירות ענבים 1.5ל,יפאורה שותפות מוגבלת לשיווק,,,"י""ח",1.50,ליטר,false,1,8.80,5.67,true,1,
7290018471937,false,שוופס מוגז פירות תות ליים 1.5ל,יפאורה שותפות מוגבלת לשיווק,,,"י""ח",1.50,ליטר,false,1,8.80,5.67,true,1,
7290018471944,false,שוופס מוגז פירות לימונייד 1.5ל,יפאורה שותפות מוגבלת לשיווק,,,"י""ח",1.50,ליטר,false,1,8.80,5.67,true,1,
7290018471951,false,שוופס מוגז פירות אשכולית אדומה 1.5ל,יפאורה שותפות מוגבלת לשיווק,,,"י""ח",1.50,ליטר,false,1,8.80,5.67,true,1,
7290018493045,false,"קרם ידיים אפקטיב קר ש.קוקוס 100מ""ל",פישר תעשיות פרמבצטיות בעמ,,,"י""ח",100,ל גרם,false,1,15.90,15.90,true,1,
7290018493052,false,"קרם ידיים אפקטיב קר ש.אבוקדו 100מ""ל",פישר תעשיות פרמבצטיות בעמ,,,"י""ח",100,ל גרם,false,1,15.90,15.90,true,1,
7290018493069,false,"קרם ידיים אפקטיב קר ש.כותנה 100מ""ל",פישר תעשיות פרמבצטיות בעמ,,,"י""ח",100,ל גרם,false,1,15.90,15.90,true,1,
7290018493700,false,"קידס סבון ידיים לילדים כחול 500מ""ל",פישר תעשיות פרמבצטיות בעמ,,,"י""ח",500,"ל מ""ל",false,1,12.90,2.58,true,1,
7290018493878,false,"סרקל שמפו 750 מ""ל משאבה",פישר תעשיות פרמבצטיות בעמ,,,"י""ח",750,"ל מ""ל",false,1,19.90,2.65,false,1,
7290018493908,false,"קמיל בלו סנסיטיב אל דמע 750 מ""ל משאבה",פישר תעשיות פרמבצטיות בעמ,,,"י""ח",750,"ל מ""ל",false,1,19.90,2.65,false,1,
7290018500231,false,לחם וויקאנד אנג`ל 750גר,שלמה א.אנג ל בעמ,,,"י""ח",750,ל גרם,false,1,16.90,2.25,false,1,
7290018500316,false,לחם כוסמין 750גרם ארטיזנל,שלמה א.אנג ל בעמ,,,"י""ח",750,ל גרם,false,1,20.90,2.79,true,1,
7290018500361,false,לחם אחיד פרוס אנג ל 900גרם *,שלמה א.אנג ל בעמ,,,"י""ח",900,ל גרם,false,1,8.53,0.95,false,1,
7290018500460,false,לחם חצי מלא אנג`ל 700גר.,שלמה א.אנג ל בעמ,,,"י""ח",750,ל גרם,false,1,11.90,1.59,false,1,
7290018517031,false,"טורטיות בתוספת בתוספת קמח כוסמין 20ס""מ",נאמן לאורך זמן בעמ,,,"י""ח",8,"י""ח",false,1,11.90,1.49,false,1,
7290018517086,false,מעדן פרי דובדבן ללא סוכר 280גר,נאמן לאורך זמן בעמ,,,"י""ח",280,ל גרם,false,1,11.90,4.25,false,1,
7290018517291,false,קליפות הדרים מסוכרות 100ג,נאמן לאורך זמן בעמ,,,"י""ח",100,ל גרם,false,1,7.90,7.90,false,1,
7290018517321,false,קוואקר בשקית 500 גרם.,נאמן לאורך זמן בעמ,,,"י""ח",500,ל גרם,false,1,8.90,1.78,false,1,
7290018517406,false,ריבת מעדן תות 35% פרי 300גר,נאמן לאורך זמן בעמ,,,"י""ח",300,ל גרם,false,1,7.90,2.63,false,1,
7290018517437,false,ריבת מעדן משמש 35% פרי 300גר,נאמן לאורך זמן בעמ,,,"י""ח",300,ל גרם,false,1,7.90,2.63,false,1,
7290018517444,false,ריבת מעדן שזיפים 35% פרי 300גר,נאמן לאורך זמן בעמ,,,"י""ח",300,ל גרם,false,1,7.90,2.63,false,1,
7290018517543,false,עוגיות וניל ממולאות קרם טעם שוקולד 160גר,נאמן לאורך זמן בעמ,,,"י""ח",160,ל גרם,false,1,5.90,3.69,false,1,
7290018517550,false,עוגיות שוקו ממולאות קרם טעם שוקולד 160,נאמן לאורך זמן בעמ,,,"י""ח",160,ל גרם,false,1,5.90,3.69,false,1,
7290018540329,false,פיתה אנגל בלדי 8יח.,שלמה א.אנג ל בעמ,,,"י""ח",8,"י""ח",false,1,11.90,1.49,false,1,
7290018540459,false,לחמניות המבורגר כוסמין 6יח אנג`ל,שלמה א.אנג ל בעמ,,,"י""ח",300,ל גרם,false,1,15.90,5.30,false,1,
7290018540817,false,לחם מחמצת כוסמין 500גרם ארטיזנל,שלמה א.אנג ל בעמ,,,"י""ח",500,ל גרם,false,1,17.90,3.58,true,1,
7290018540831,false,לחם מחמצת חיטה מלאה 500גרם ארטיזנל,שלמה א.אנג ל בעמ,,,"י""ח",500,ל גרם,false,1,17.90,3.58,true,1,
7290018556924,false,משקה אלכהלי מחנה יהודה לימון 700 מייל,פיירוואטר בעמ,,,"י""ח",750,"ל מ""ל",false,1,40.20,5.32,true,1,
7290018571064,false,מקלוני טופי 450ג,מיה תעשיות מזון מ.ת.מ בעמ,,,"י""ח",450,ל גרם,false,1,12.50,2.78,true,1,
7290018571088,false,טופי חמוצמוץ 600ג,מיה תעשיות מזון מ.ת.מ בעמ,,,"י""ח",600,ל גרם,false,1,12.50,2.08,true,1,
7290018571231,false,עדשי שוקולד לאפיה 400גר,מיה תעשיות מזון מ.ת.מ בעמ,,,"י""ח",400,ל גרם,false,1,18.90,4.73,false,1,
7290018571491,false,ריבת חלב אמיתית 340 גרם מיה.,מיה תעשיות מזון מ.ת.מ בעמ,,,"י""ח",340,ל גרם,false,1,14.90,4.38,true,1,
7290018571507,false,סוכריות ויטמין C ילדים דובונים 175גר מיה,מיה תעשיות מזון מ.ת.מ בעמ,,,"י""ח",175,ל גרם,false,1,39.90,22.80,false,1,
7290018571521,false,סוכריות מולטי ויטמין ילדים דובונים 175גר,מיה תעשיות מזון מ.ת.מ בעמ,,,"י""ח",175,ל גרם,false,1,39.90,22.80,false,1,
7290018571538,false,סוכריות חורף פרופוליס אכיניציה 175גר,מיה תעשיות מזון מ.ת.מ בעמ,,,"י""ח",175,ל גרם,false,1,39.90,22.80,false,1,
7290018571545,false,סוכריות כורכומין מבוגרים אצבעות 210גר,מיה תעשיות מזון מ.ת.מ בעמ,,,"י""ח",210,ל גרם,false,1,39.90,19,false,1,
7290018571552,false,סוכריות אומגה 3 ילדים דגונים 240גר,מיה תעשיות מזון מ.ת.מ בעמ,,,"י""ח",240,ל גרם,false,1,39.90,16.63,false,1,
7290018571569,false,"תמצית וניל טהורה 30מ""ל",מיה תעשיות מזון מ.ת.מ בעמ,,,"י""ח",30,ל גרם,false,1,29.90,99.67,false,1,
7290018571606,false,תערובת ראס אל חנות,מיה תעשיות מזון מ.ת.מ בעמ,,,"י""ח",100,ל גרם,false,1,7.90,7.90,false,1,
7290018571613,false,סוכריות אומגה 3 מבוגרים אצבעות רחבות,מיה תעשיות מזון מ.ת.מ בעמ,,,"י""ח",210,ל גרם,false,1,39.90,19,false,1,
7290018571620,false,סוכריות מולטי ויטמין נשים 240גר,מיה תעשיות מזון מ.ת.מ בעמ,,,"י""ח",240,ל גרם,false,1,39.90,16.63,false,1,
7290018571644,false,סוכריות קוסמטיקה מבוגרים אצבעות רחבות,מיה תעשיות מזון מ.ת.מ בעמ,,,"י""ח",210,ל גרם,false,1,39.90,19,false,1,
7290018571651,false,סוכריות קולגן מבוגרים אצבעות רחבות,מיה תעשיות מזון מ.ת.מ בעמ,,,"י""ח",210,ל גרם,false,1,39.90,19,false,1,
7290018571668,false,סוכריות +C+Dאבץ משפחתי כוכב 210גר,מיה תעשיות מזון מ.ת.מ בעמ,,,"י""ח",210,ל גרם,false,1,39.90,19,false,1,
7290018571705,false,"אורז יסמין 1 ק""ג",מיה תעשיות מזון מ.ת.מ בעמ,,,"י""ח",1,"ק""ג",false,1,10.90,10.90,true,1,
7290018571712,false,"אורז בסגנון פרסי 1 ק""ג",מיה תעשיות מזון מ.ת.מ בעמ,,,"י""ח",1,"ק""ג",false,1,9.90,9.90,true,1,
7290018571729,false,"אורז ריזוטו עגול 1 ק""ג",מיה תעשיות מזון מ.ת.מ בעמ,,,"י""ח",1,"ק""ג",false,1,8.90,8.90,false,1,
7290018571736,false,"אורז בסמטי 1 ק""ג",מיה תעשיות מזון מ.ת.מ בעמ,,,"י""ח",1,"ק""ג",false,1,10.90,10.90,true,1,
7290018571798,false,ג`לי שמחות 2 צבעים 540גר,מיה תעשיות מזון מ.ת.מ בעמ,,,"י""ח",540,ל גרם,false,1,18,3.33,true,1,
7290018626283,false,פיצה מרגריטה 350ג.,***אדום גרופ למזון שיווק***,,,"י""ח",350,ל גרם,false,1,10.90,3.11,false,1,
7290018626306,false,פיצה מרגריטה פטריות 400ג,***אדום גרופ למזון שיווק***,,,"י""ח",400,ל גרם,false,1,10.90,2.73,false,1,
7290018652039,false,לה קרמריה קרמל מלוח ונוגט 1.4 ליטר,נגה גלידות,,,"י""ח",1.40,ליטר,false,1,18.90,13.50,true,1,
7290018652671,false,לה קרמריה שוקו וניל,נגה גלידות,,,"י""ח",1.40,ליטר,false,1,18.90,13.50,true,1,
7290018652688,false,לה קרמריה פירות טרופיים,נגה גלידות,,,"י""ח",1.40,ליטר,false,1,18.90,13.50,true,1,
7290018652909,false,מאגדת אספרסו שוקולד 5*43גר,נגה גלידות,,,"י""ח",215,ל גרם,false,1,29.90,13.91,false,1,
7290018703496,false,חטיף בננה טופי קראנץ 60ג,דיפלומט מפיצים (1968) בעמ**,,,"י""ח",60,ל גרם,false,1,13.90,23.17,false,1,
7290018710166,false,פולי קפה כסף 500גר Negro,זארובי פיצוחי הגליל,,,"י""ח",500,ל גרם,false,1,29.90,5.98,false,1,
7290018732601,false,אבוקדו מוכן לאכילה,ביכורי השדה צפון 1994 ג.ד. בעמ,,,"י""ח",1,,false,1,9.90,9.90,false,1,
7290018818275,false,פיצה קונו מרגריטה,***אדום גרופ למזון שיווק***,,,"י""ח",350,ל גרם,false,1,10.90,3.11,true,1,
7290018818305,false,פיצה אובליינה מרגריטה 400ג,***אדום גרופ למזון שיווק***,,,"י""ח",400,ל גרם,false,1,10.90,2.73,true,1,
7290018835005,false,אקסטרה צ`יפס אורז חום מלא מלח פלפל 60ג,א.ל.יצור ושיווקתבלינים בעמ,,,"י""ח",60,ל גרם,false,1,7.90,13.17,true,1,
7290018835012,false,באר אקסטרה בציפוי שוקולד חלב 90גר,א.ל.יצור ושיווקתבלינים בעמ,,,"י""ח",90,ל גרם,false,1,13.90,15.44,true,1,
7290018835043,false,תערובת תיבול סטייק מונטריאול 140גר,א.ל.יצור ושיווקתבלינים בעמ,,,"י""ח",140,ל גרם,false,1,16.90,12.07,false,1,
7290018878002,false,אגו מיקס קרקר מצופה שוקולג חלב 55ג,כרמית תעשיות ממתקים בעמ,,,"י""ח",55,ל גרם,false,1,3.90,7.09,true,1,
7290018878019,false,שוקולד ציפס מריר 47% 250ג,כרמית תעשיות ממתקים בעמ,,,"י""ח",250,ל גרם,false,1,10,4,false,1,
7290018878088,false,שוקולד מריר ללא סוכר שלשות *85ג,כרמית תעשיות ממתקים בעמ,,,"י""ח",255,ל גרם,false,1,15.90,6.24,false,1,
7290018878095,false,שוקולד חלב ללא סוכר שלשות *85ג,כרמית תעשיות ממתקים בעמ,,,"י""ח",255,ל גרם,false,1,15.90,6.24,false,1,
7290018878125,false,שוקולד לבן ללא סוכר שלשות *85ג,כרמית תעשיות ממתקים בעמ,,,"י""ח",255,ל גרם,false,1,15.90,6.24,false,1,
7290018893005,false,חטיפי בייגלה אפוי דבש וחרדל 160ג.,ש.שסטוביץ בעמ,,,"י""ח",200,ל גרם,false,1,6.90,3.45,false,1,
7290018893104,false,צ`וקטה ביסקוויט מצופה שוקולד מריר 100גר,ש.שסטוביץ בעמ,,,"י""ח",100,ל גרם,false,1,9.90,9.90,true,1,
7290018893128,false,שוקולד חלב בלגי 34% צוקטה,ש.שסטוביץ בעמ,,,"י""ח",100,"ל מ""ל",false,1,9.90,9.90,false,1,
7290018893265,false,צוקטה עוגות אישיות 1/8 מריר,ש.שסטוביץ בעמ,,,"י""ח",240,ל גרם,false,1,11.90,4.96,true,1,
7290018893418,false,צוקטה שוקולד מריר 60% 1/6,ש.שסטוביץ בעמ,,,"י""ח",600,ל גרם,false,1,21.90,3.65,false,1,
7290018893425,false,ממרח צ`וקטה אגוזי לוז וחלב 700גרם,ש.שסטוביץ בעמ,,,"י""ח",385,ל גרם,false,1,19.90,5.17,false,1,
7290018893456,false,צוקטה עוגות אישיות עשירייה.,ש.שסטוביץ בעמ,,,"י""ח",300,ל גרם,false,1,12.90,4.30,false,1,
7290018893487,false,צוקטה עוגות אישיות עשירייה קוקוס,ש.שסטוביץ בעמ,,,"י""ח",300,ל גרם,false,1,12.90,4.30,false,1,
7290018893616,false,"צוקטה שוקולד מריר 48% 1/6 כשל""פ",ש.שסטוביץ בעמ,,,"י""ח",600,ל גרם,false,1,19.90,3.32,false,1,
7290018893654,false,חטיפי בייגלה שטוח מלח 200ג,ש.שסטוביץ בעמ,,,"י""ח",200,ל גרם,false,1,5,2.50,false,1,
7290018893845,false,צוקטה פתי בר טעם חמאה 400ג,ש.שסטוביץ בעמ,,,"י""ח",400,ל גרם,false,1,8.90,2.23,false,1,
7290018893852,false,חטיפי בייגלה דקיקים עם שומשום 200ג,ש.שסטוביץ בעמ,,,"י""ח",200,ל גרם,false,1,5,2.50,false,1,
7290018893876,false,צוקטה עוגות אישיות 1/8 וניל,ש.שסטוביץ בעמ,,,"י""ח",240,ל גרם,false,1,9.90,4.13,true,1,
7290018894217,false,בלקוני עוגות מיקס מקס קקאו 350גר,ש.שסטוביץ בעמ,,,"י""ח",350,ל גרם,false,1,14.90,4.26,true,1,
7290018894248,false,שוקולד חלב צוקטה שלישייה 100ג.,ש.שסטוביץ בעמ,,,"י""ח",300,"ל מ""ל",false,1,13.90,4.63,true,1,
7290018894804,false,בלקוני וופל אגוזים 175ג,ש.שסטוביץ בעמ,,,"י""ח",175,ל גרם,false,1,7.90,4.51,true,1,
7290018921029,false,מגבוני קמיל בלו רביעייה סנסיטיב.,פישר תעשיות פרמבצטיות בעמ,,,"י""ח",4,"י""ח",false,1,21.90,5.48,true,1,
7290018921203,false,משחת החתלה לתינוק קמומיל 120ג,פישר תעשיות פרמבצטיות בעמ,,,"י""ח",120,ל גרם,false,1,18.90,15.75,true,1,
7290018921265,false,אפקטיב קר תחליב רחצה מועשר בתמצית 700מ,פישר תעשיות פרמבצטיות בעמ,,,"י""ח",700,"ל מ""ל",false,1,13,1.86,true,1,
7290018921449,false,מגבוני קמיל בלו רביעייה תפרחת.,פישר תעשיות פרמבצטיות בעמ,,,"י""ח",4,"י""ח",false,1,20,5,false,1,
7290018921609,false,משחת החתלה לתינוק קלנדולה 120ג,פישר תעשיות פרמבצטיות בעמ,,,"י""ח",120,ל גרם,false,1,21.90,18.25,true,1,
7290018921616,false,מגבוני קמיל בלו רביעייה שיבולת שועל,פישר תעשיות פרמבצטיות בעמ,,,"י""ח",4,"י""ח",false,1,22.90,5.73,true,1,
7290018921654,false,"אפקטיב קר תחליב רחצה מועשר בתמצית 700מ""",פישר תעשיות פרמבצטיות בעמ,,,"י""ח",700,"ל מ""ל",false,1,13,1.86,true,1,
7290018921807,false,משחת החתלה לתינוק צמחי מרפא 120ג,פישר תעשיות פרמבצטיות בעמ,,,"י""ח",120,ל גרם,false,1,21.90,18.25,true,1,
7290018921852,false,אפקטיב קר תחליב רחצה מועשר בשמן 700מ,פישר תעשיות פרמבצטיות בעמ,,,"י""ח",700,"ל מ""ל",false,1,13,1.86,true,1,
7290018925065,false,פרימור מיץ תפוזים סחוט 2ל`,שטראוס גרופ ***בעמ,,,"י""ח",2,ליטר,false,1,26.90,13.30,true,1,
7290018925089,false,פרימור תפוחים 100% צלול 2ל`,שטראוס גרופ ***בעמ,,,"י""ח",2,ליטר,false,1,26.90,13.30,true,1,
7290018925416,false,"מיץ לימון ופסיפלורה 400 מ""ל",שטראוס גרופ ***בעמ,,,"י""ח",400,"ל מ""ל",false,1,7.90,1.90,true,1,
7290018989005,false,פולפה טבעית 3*400גר יכין A1.,זנלכל בעמ,,,"י""ח",800,ל גרם,false,1,16.90,2.11,true,1,
7290018989128,false,סירופ בטעם ענבים יכין 1ליטר,זנלכל בעמ,,,"י""ח",1,ליטר,false,1,18.90,18.90,false,1,
7290018989135,false,סירופ בטעם פטל יכין 1ליטר,זנלכל בעמ,,,"י""ח",1,ליטר,false,1,18.90,18.90,false,1,
7290019014003,false,נוזל רצפות 4ל אואזיס טאץ,סאסאטק אגשח בעמ,,,"י""ח",4,ליטר,false,1,14.90,3.73,true,1,
7290019014010,false,נוזל רצפות 4ל לגונה טאץ,סאסאטק אגשח בעמ,,,"י""ח",4,ליטר,false,1,14.90,3.73,true,1,
7290019014027,false,נוזל רצפות 4ל בלוסום טאץ,סאסאטק אגשח בעמ,,,"י""ח",4,ליטר,false,1,14.90,3.73,true,1,
7290019014034,false,נוזל רצפות 4ל לוטוס טאץ,סאסאטק אגשח בעמ,,,"י""ח",4,ליטר,false,1,14.90,3.73,true,1,
7290019014157,false,"מבשם כביסה 750מ""ל מיסטרי טאץ",סאסאטק אגשח בעמ,,,"י""ח",750,"ל מ""ל",false,1,16.90,2.25,true,1,
7290019036234,false,שיני שום קלופות 200גר.,ביכורי השדה צפון 1994 ג.ד. בעמ,,,"י""ח",1,,false,1,12.90,12.90,false,1,
7290019038016,false,"משקה מוגז פליי בטעם ליקריץ 250מ""ל",בני פאוזי שמשום (2009) בעמ,,,"י""ח",250,"ל מ""ל",false,1,3.90,1.44,true,1,
7290019038252,false,מאפין ילדים ממולא 50גר,שלמה א.אנג ל בעמ,,,"י""ח",1,,false,1,2.50,2.50,true,1,
7290019038559,false,עוגה בחושה שוקוצ`יפס 350גר,שלמה א.אנג ל בעמ,,,"י""ח",270,ל גרם,false,1,12.90,4.78,false,1,
7290019047045,false,מגבוני נייר טואלט לח נשטפים לילדים 40י,פישר תעשיות פרמבצטיות בעמ,,,"י""ח",40,"י""ח",false,1,9.90,0.25,true,1,
7290019056027,false,שוופס מוגז פירות תפוחים ללא סוכר 1.5ל,יפאורה שותפות מוגבלת לשיווק,,,"י""ח",1.50,ליטר,false,1,7.90,5.07,true,1,
7290019056034,false,שוופס מוגז פירות אננס ללא סוכר 1.5ל,יפאורה שותפות מוגבלת לשיווק,,,"י""ח",1.50,ליטר,false,1,7.90,5.07,true,1,
7290019056041,false,שוופס מוגז פירות לחמונייד ללא סוכר 1.5ל,יפאורה שותפות מוגבלת לשיווק,,,"י""ח",1.50,ליטר,false,1,7.90,5.07,true,1,
7290019056058,false,שוופס מוגז עדין תפוח ליים 1.5ליטר,יפאורה שותפות מוגבלת לשיווק,,,"י""ח",1.50,ליטר,false,1,8.60,5.53,true,1,
7290019056065,false,שוופס מוגז עדין פירות יער 1.5ליטר,יפאורה שותפות מוגבלת לשיווק,,,"י""ח",1.50,ליטר,false,1,8.60,5.53,true,1,
7290019056072,false,שוופס מוגז עדין אננס 1.5ליטר,יפאורה שותפות מוגבלת לשיווק,,,"י""ח",1.50,ליטר,false,1,8.60,5.53,true,1,
7290019056089,false,שוופס מוגז עדין ענבי ריזלינג 1.5ליטר,יפאורה שותפות מוגבלת לשיווק,,,"י""ח",1.50,ליטר,false,1,8.60,5.53,true,1,
7290019056096,false,שוופס מוגז עדין אפרסק 1.5ליטר,יפאורה שותפות מוגבלת לשיווק,,,"י""ח",1.50,ליטר,false,1,8.60,5.53,true,1,
7290019056164,false,שוופס סודה רביעיה 1.5 ל,יפאורה שותפות מוגבלת לשיווק,,,"י""ח",6,ליטר,false,1,11.90,1.78,true,1,
7290019056171,false,שוופס סודה רביעיה 1.5 ל לימון,יפאורה שותפות מוגבלת לשיווק,,,"י""ח",6,ליטר,false,1,11.90,1.78,true,1,
7290019056188,false,שוופס סודה רביעיה 1.5 ל נענע ליים,יפאורה שותפות מוגבלת לשיווק,,,"י""ח",6,ליטר,false,1,11.90,1.78,true,1,
7290019056201,false,שוופס סודה רביעיה 1.5 ל פירות יער,יפאורה שותפות מוגבלת לשיווק,,,"י""ח",6,ליטר,false,1,11.90,1.78,true,1,
7290019056232,false,שוופס מוגז עדין ליים מוחיטו 1.5ליטר,יפאורה שותפות מוגבלת לשיווק,,,"י""ח",1.50,ליטר,false,1,8.60,5.53,true,1,
7290019056249,false,שוופס מים בטעמים ענבים 1.5 ליטר,יפאורה שותפות מוגבלת לשיווק,,,"י""ח",1.50,ליטר,false,1,8.50,5.47,true,1,
7290019056256,false,שוופס מים בטעמים תפוחים 1.5 ליטר,יפאורה שותפות מוגבלת לשיווק,,,"י""ח",1.50,ליטר,false,1,8.50,5.47,true,1,
7290019056263,false,שוופס מים בטעמים אפרסק 1.5 ליטר,יפאורה שותפות מוגבלת לשיווק,,,"י""ח",1.50,ליטר,false,1,8.50,5.47,true,1,
7290019056270,false,שוופס מים בטעמים פירות יער 1.5 ליטר,יפאורה שותפות מוגבלת לשיווק,,,"י""ח",1.50,ליטר,false,1,8.50,5.47,true,1,
7290019056300,false,שוופס ביטר למון 1.5ליטר,יפאורה שותפות מוגבלת לשיווק,,,"י""ח",1.50,ליטר,false,1,12.50,8.13,false,1,
7290019056317,false,שוופס ראשן 1.5ליטר,יפאורה שותפות מוגבלת לשיווק,,,"י""ח",1.50,ליטר,false,1,12.50,8.13,false,1,
7290019056324,false,שוופס טוניק 1.5ליטר,יפאורה שותפות מוגבלת לשיווק,,,"י""ח",1.50,ליטר,false,1,12.50,8.13,false,1,
7290019056331,false,.שוופס טוניק ללא סוכר 1.5ליטר,יפאורה שותפות מוגבלת לשיווק,,,"י""ח",1.50,ליטר,false,1,11.90,7.73,false,1,
7290019056355,false,תפוזינה לימונענע 1.5 ליטר,יפאורה שותפות מוגבלת לשיווק,,,"י""ח",1.50,ליטר,false,1,9.20,5.93,true,1,
7290019056362,false,תפוזינה ענבים 1.5 ליטר,יפאורה שותפות מוגבלת לשיווק,,,"י""ח",1.50,ליטר,false,1,9.20,5.93,true,1,
7290019056379,false,תפוזינה תפוחים 1.5 ליטר,יפאורה שותפות מוגבלת לשיווק,,,"י""ח",1.50,ליטר,false,1,9.20,5.93,true,1,
7290019056386,false,תפוזינה אשכוליות 1.5 ליטר,יפאורה שותפות מוגבלת לשיווק,,,"י""ח",1.50,ליטר,false,1,9.20,5.93,true,1,
7290019056393,false,תפוזינה תות בננה 1.5 ליטר,יפאורה שותפות מוגבלת לשיווק,,,"י""ח",1.50,ליטר,false,1,9.20,5.93,true,1,
7290019056409,false,תפוזינה מנגו 1.5 ליטר,יפאורה שותפות מוגבלת לשיווק,,,"י""ח",1.50,ליטר,false,1,9.20,5.93,true,1,
7290019056416,false,תפוזינה לימונדה ורודה 1.5 ליטר,יפאורה שותפות מוגבלת לשיווק,,,"י""ח",1.50,ליטר,false,1,9.20,5.93,true,1,
7290019056423,false,תפוזינה תפוחים 1.5 ליטר,יפאורה שותפות מוגבלת לשיווק,,,"י""ח",1.50,ליטר,false,1,9.20,5.93,true,1,
7290019056430,false,תפוזינה תפוזים לייט 1.5 ליטר,יפאורה שותפות מוגבלת לשיווק,,,"י""ח",1.50,ליטר,false,1,9.20,5.93,true,1,
7290019056447,false,תפוזינה אשכוליות לייט 1.5 ליטר,יפאורה שותפות מוגבלת לשיווק,,,"י""ח",1.50,ליטר,false,1,9.20,5.93,true,1,
7290019056454,false,קולה RC 1.5 ליטר בודד,יפאורה שותפות מוגבלת לשיווק,,,"י""ח",1.50,ליטר,false,1,7.50,4.80,false,1,
7290019056461,false,R.C שישיה 1.5ל,יפאורה שותפות מוגבלת לשיווק,,,"י""ח",9,ליטר,false,1,40.90,4.34,true,1,
7290019056478,false,ספרינג -Tאפרסק 1.5 ל,יפאורה שותפות מוגבלת לשיווק,,,"י""ח",1.50,ליטר,false,1,7.50,4.80,true,1,
7290019056485,false,ספרינג -Tתה ירוק לימון לואיזה 1.5ליטר,יפאורה שותפות מוגבלת לשיווק,,,"י""ח",1.50,ליטר,false,1,7.50,4.80,true,1,
7290019056492,false,ספרינג -Tמנגו אפרסק 1.5ליטר,יפאורה שותפות מוגבלת לשיווק,,,"י""ח",1.50,ליטר,false,1,7.50,4.80,true,1,
7290019056508,false,פרוט ווטר ענבים 1.5 ליטר,יפאורה שותפות מוגבלת לשיווק,,,"י""ח",1.50,ליטר,false,1,8.50,5.47,true,1,
7290019056515,false,פרוט ווטר אננס 1.5 ליטר,יפאורה שותפות מוגבלת לשיווק,,,"י""ח",1.50,ליטר,false,1,8.50,5.47,true,1,
7290019056522,false,פרוט ווטר תות 1.5 ליטר,יפאורה שותפות מוגבלת לשיווק,,,"י""ח",1.50,ליטר,false,1,8.50,5.47,true,1,
7290019056539,false,פרוט ווטר אפרסק 1.5 ליטר,יפאורה שותפות מוגבלת לשיווק,,,"י""ח",1.50,ליטר,false,1,8.50,5.47,true,1,
7290019056546,false,פרוט ווטר אבטיח 1.5 ליטר,יפאורה שותפות מוגבלת לשיווק,,,"י""ח",1.50,ליטר,false,1,8.50,5.47,true,1,
7290019056553,false,עין גדי 2 ליטר שישיה,יפאורה שותפות מוגבלת לשיווק,,,"י""ח",12,ליטר,false,1,13.70,0.99,false,1,
7290019056560,false,מים עין גדי 2 ליטר.,יפאורה שותפות מוגבלת לשיווק,,,"י""ח",2,ליטר,false,1,3.30,1.50,false,1,
7290019056577,false,ספרינג מנגו 1.5 ליטר,יפאורה שותפות מוגבלת לשיווק,,,"י""ח",1.50,ליטר,false,1,9.10,5.87,true,1,
7290019056584,false,ספרינג תפוזים 1.5 ליטר,יפאורה שותפות מוגבלת לשיווק,,,"י""ח",1.50,ליטר,false,1,9.10,5.87,true,1,
7290019056591,false,ספרינג ענבים 1.5 ליטר,יפאורה שותפות מוגבלת לשיווק,,,"י""ח",1.50,ליטר,false,1,9.10,5.87,true,1,
7290019056607,false,ספרינג תפוחים 1.5 ליטר,יפאורה שותפות מוגבלת לשיווק,,,"י""ח",1.50,ליטר,false,1,9.10,5.87,true,1,
7290019056614,false,ספרינג אפרסק 1.5 ליטר,יפאורה שותפות מוגבלת לשיווק,,,"י""ח",1.50,ליטר,false,1,9.10,5.87,true,1,
7290019056621,false,ספרינג פירות טרופיים 1.5 ליטר,יפאורה שותפות מוגבלת לשיווק,,,"י""ח",1.50,ליטר,false,1,9.10,5.87,true,1,
7290019056638,false,ספרינג תות בננה 1.5 ליטר,יפאורה שותפות מוגבלת לשיווק,,,"י""ח",1.50,ליטר,false,1,9.10,5.87,true,1,
7290019056645,false,ספרינג אגס תפוח סברס 1.5 ליטר,יפאורה שותפות מוגבלת לשיווק,,,"י""ח",1.50,ליטר,false,1,9.10,5.87,true,1,
7290019056652,false,ספרינג אננס בננה 1.5 ליטר,יפאורה שותפות מוגבלת לשיווק,,,"י""ח",1.50,ליטר,false,1,9.10,5.87,true,1,
7290019056669,false,ספרינג תפוחים דיאט 1.5 ליטר,יפאורה שותפות מוגבלת לשיווק,,,"י""ח",1.50,ליטר,false,1,9.20,5.93,true,1,
7290019056676,false,ספרינג תאשכוליות אננס דיאט 1.5 ליטר,יפאורה שותפות מוגבלת לשיווק,,,"י""ח",1.50,ליטר,false,1,8.80,5.67,true,1,
7290019056737,false,קריסטל 2 ליטר מיץ אשכוליות,יפאורה שותפות מוגבלת לשיווק,,,"י""ח",2,ליטר,false,1,7.80,3.75,true,1,
7290019056744,false,קריסטל 2 ליטר מיץ תפוזים,יפאורה שותפות מוגבלת לשיווק,,,"י""ח",2,ליטר,false,1,7.80,3.75,true,1,
7290019056751,false,קריסטל 2 ליטר מיץ אשכוליות דיאט,יפאורה שותפות מוגבלת לשיווק,,,"י""ח",2,ליטר,false,1,7.80,3.75,true,1,
7290019056768,false,קריסטל 2 ליטר מיץ מנגו,יפאורה שותפות מוגבלת לשיווק,,,"י""ח",2,ליטר,false,1,7.80,3.75,true,1,
7290019056775,false,קריסטל 2 ליטר מוגז ענבים,יפאורה שותפות מוגבלת לשיווק,,,"י""ח",2,ליטר,false,1,7.80,3.75,true,1,
7290019056782,false,קריסטל 2 ליטר מוגז למון,יפאורה שותפות מוגבלת לשיווק,,,"י""ח",2,ליטר,false,1,7.80,3.75,true,1,
7290019056799,false,קריסטל 2 ליטר מוגז אקזוטי,יפאורה שותפות מוגבלת לשיווק,,,"י""ח",2,ליטר,false,1,7.80,3.75,true,1,
7290019056805,false,קריסטל 2 ליטר מוגז תפוחים,יפאורה שותפות מוגבלת לשיווק,,,"י""ח",2,ליטר,false,1,7.80,3.75,true,1,
7290019056812,false,קריסטל 2 ליטר מוגז מנטה,יפאורה שותפות מוגבלת לשיווק,,,"י""ח",2,ליטר,false,1,7.80,3.75,true,1,
7290019056829,false,קריסטל 2 ליטר מוגז תפוזים,יפאורה שותפות מוגבלת לשיווק,,,"י""ח",2,ליטר,false,1,7.80,3.75,true,1,
7290019056836,false,קריסטל 2 ליטר מוגז תות,יפאורה שותפות מוגבלת לשיווק,,,"י""ח",2,ליטר,false,1,7.80,3.75,true,1,
7290019056843,false,קריסטל 2 ליטר מוגז קולה,יפאורה שותפות מוגבלת לשיווק,,,"י""ח",2,ליטר,false,1,7.80,3.75,true,1,
7290019056850,false,ספרינג -Tאפרסק דיאט 1.5ליטר,יפאורה שותפות מוגבלת לשיווק,,,"י""ח",1.50,ליטר,false,1,7.50,4.80,true,1,
7290019056959,false,מים מינרלים מי עדן 1.5ליטר,יפאורה שותפות מוגבלת לשיווק,,,"י""ח",1.50,ליטר,false,1,3.60,2.20,false,1,
7290019056973,false,מי עדן 1.5 ליטר שישיה,יפאורה שותפות מוגבלת לשיווק,,,"י""ח",9,ליטר,false,1,13.90,1.34,false,1,
7290019074090,false,קמיל בלו אקסטרה סופט אל סבון לתינוק 50,פישר תעשיות פרמבצטיות בעמ,,,"י""ח",500,ל גרם,false,1,22.90,4.58,false,1,
7290019074243,false,מגבונים אנטי-בקטריאלים לניקוי משטחים*3,פישר תעשיות פרמבצטיות בעמ,,,"י""ח",1,,false,1,19.90,19.90,false,1,
7290019075080,false,קידס מולטי ויטמין אל סבון 1ליטר,פישר תעשיות פרמבצטיות בעמ,,,"י""ח",1,ליטר,false,1,24.90,24.90,true,1,
7290019075288,false,קידס מולטי ויטמין שמפו 1ליטר,פישר תעשיות פרמבצטיות בעמ,,,"י""ח",1,ליטר,false,1,24.90,24.90,true,1,
7290019075295,false,תחליב רחצה לידיים מועשר בשיבולת שועל 3,פישר תעשיות פרמבצטיות בעמ,,,"י""ח",350,ל גרם,false,1,11.90,3.40,true,1,
7290019075479,false,קמיל בלו קלאסיק שמפו לתינוק 1 ל,פישר תעשיות פרמבצטיות בעמ,,,"י""ח",1,ליטר,false,1,32.90,32.90,true,1,
7290019075493,false,תחליב רחצה לידיים מועשר תה ירוק יסמין,פישר תעשיות פרמבצטיות בעמ,,,"י""ח",350,ל גרם,false,1,11.90,3.40,true,1,
7290019075547,false,קרם גוף EFFECTIVE CARE מ.בחומצה היאלור,פישר תעשיות פרמבצטיות בעמ,,,"י""ח",450,"ל מ""ל",false,1,24.90,5.53,true,1,
7290019075684,false,קידס מולטי ויטמין שמפו ומרכך 1ליטר,פישר תעשיות פרמבצטיות בעמ,,,"י""ח",1,ליטר,false,1,24.90,24.90,true,1,
7290019075691,false,תחליב רחצה לידיים מועשר בלבנדר 350גר,פישר תעשיות פרמבצטיות בעמ,,,"י""ח",350,ל גרם,false,1,11.90,3.40,true,1,
7290019075745,false,אפקטיב קר קרם ידיים מועשר בחומצה היאלו,פישר תעשיות פרמבצטיות בעמ,,,"י""ח",100,"ל מ""ל",false,1,15.90,15.90,true,1,
7290019075899,false,קמיל בלו אקסטרה סופט אל סבון לתינוק 1ל,פישר תעשיות פרמבצטיות בעמ,,,"י""ח",1,ליטר,false,1,32.90,32.90,false,1,
7290019105022,false,אל סבון נוזלי בניחוח מאסק 1ליטר,טרופיקל דגיל תעשיות קוסמטיקה,,,"י""ח",1,ליטר,false,1,10.90,10.90,true,1,
7290019105220,false,אל סבון נוזלי בניחוח פרש 1ליטר,טרופיקל דגיל תעשיות קוסמטיקה,,,"י""ח",1,ליטר,false,1,10.90,10.90,true,1,
7290019105428,false,אל סבון נוזלי בניחוח פרחים 1ליטר,טרופיקל דגיל תעשיות קוסמטיקה,,,"י""ח",1,ליטר,false,1,10.90,10.90,true,1,
7290019105817,false,אל סבון נוזלי בניחוח וניל ודבש 1ליטר,טרופיקל דגיל תעשיות קוסמטיקה,,,"י""ח",1,ליטר,false,1,10.90,10.90,true,1,
7290019153023,false,R.C רביעייה ללא סוכר 1.5ל,יפאורה שותפות מוגבלת לשיווק,,,"י""ח",6,ליטר,false,1,27.30,4.35,true,1,
7290019153078,false,שוופס ביטר למון לייט 1.5ליטר,יפאורה שותפות מוגבלת לשיווק,,,"י""ח",1.50,ליטר,false,1,12.50,8.13,false,1,
7290019153085,false,שוופס ללא סוכר מוחיטו 1.5ל.,יפאורה שותפות מוגבלת לשיווק,,,"י""ח",1.50,ליטר,false,1,8.80,5.67,true,1,
7290019153252,false,שוופס סודה רביעיה 1.5 ל תפוח,יפאורה שותפות מוגבלת לשיווק,,,"י""ח",6,ליטר,false,1,11.90,1.78,true,1,
7290019153269,false,שוופס סודה רביעיה 1.5 ל אננס,יפאורה שותפות מוגבלת לשיווק,,,"י""ח",6,ליטר,false,1,11.90,1.78,true,1,
7290019153375,false,תפוזינה מוחיטו 1.5 ליטר,יפאורה שותפות מוגבלת לשיווק,,,"י""ח",1.50,ליטר,false,1,9.20,5.93,true,1,
7290019162018,false,גרב חלק גבר/נשים,ליאור יבוא ושיווק מוצרי הלבשה,,,"י""ח",1,,false,1,14.90,14.90,false,1,
7290019162032,false,גרב טרמו פסים,ליאור יבוא ושיווק מוצרי הלבשה,,,"י""ח",1,,false,1,27.90,27.90,false,1,
7290019162056,false,גרב טרמו מקופל,ליאור יבוא ושיווק מוצרי הלבשה,,,"י""ח",1,,false,1,19.90,19.90,false,1,
7290019162070,false,גרב בוקלה *2 נשים,ליאור יבוא ושיווק מוצרי הלבשה,,,"י""ח",1,,false,1,24.90,24.90,false,1,
7290019162087,false,גרב בוקלה *2 נשים,ליאור יבוא ושיווק מוצרי הלבשה,,,"י""ח",1,,false,1,28.90,28.90,false,1,
7290019162094,false,גרב בוקלה קצר *2,ליאור יבוא ושיווק מוצרי הלבשה,,,"י""ח",1,,false,1,28.90,28.90,false,1,
7290019162155,false,גרב אקרילן מחממת,ליאור יבוא ושיווק מוצרי הלבשה,,,"י""ח",1,,false,1,31.90,31.90,false,1,
7290019162162,false,גרב כותנה גבר/נשים,ליאור יבוא ושיווק מוצרי הלבשה,,,"י""ח",1,,false,1,10,10,false,1,
7290019204008,false,עוף טוב פסטרמה ארבעה פלפלים 350 גרם,קבוצת אוסם סחר-שות.מוגבלת,,,"י""ח",350,ל גרם,false,1,29.90,8.54,true,1,
7290019232179,false,ויסוצקי פלוס סטאי וול נענע 25שק,תה ויסוצקי (ישראל)בעמ,,,"י""ח",25,"י""ח",false,1,24.90,1,true,1,
7290019232193,false,ויסוצקי פלוס לימונית גינגר 25שק,תה ויסוצקי (ישראל)בעמ,,,"י""ח",25,"י""ח",false,1,24.90,1,true,1,
7290019232353,false,תה ירוק סיני 50 יח,תה ויסוצקי (ישראל)בעמ,,,"י""ח",75,ל גרם,false,1,45.90,61.20,true,1,
7290019274612,false,"משחה לניקוי כלים 3.5ק""ג טאץ",סאסאטק אגשח בעמ,,,"י""ח",3.50,"ק""ג",false,1,21.90,6.26,false,1,
7290019297246,false,שזיפים 250גר בקופסא,דין שיווק וקליה 2021 בעמ,,,"י""ח",250,ל גרם,false,1,19.90,7.96,false,1,
7290019297383,false,מעדן משמש שקדיה 100% רכיבי פרי 284גר ל,דין שיווק וקליה 2021 בעמ,,,"י""ח",284,ל גרם,false,1,13.90,4.89,true,1,
7290019297512,false,"רוטב רימונים שקדיה 340גר בד""ץ",דין שיווק וקליה 2021 בעמ,,,"י""ח",340,ל גרם,false,1,9.90,2.91,false,1,
7290019297550,false,בוטנים מטוגטים בקופסא 185גר,דין שיווק וקליה 2021 בעמ,,,"י""ח",160,ל גרם,false,1,10,6.25,false,1,
7290019297628,false,שקד טבעי 150ג,דין שיווק וקליה 2021 בעמ,,,"י""ח",150,ל גרם,false,1,14.90,9.93,false,1,
7290019297642,false,גרעין שחור קלוי ללא מלח 150גר ששון הקו,דין שיווק וקליה 2021 בעמ,,,"י""ח",150,ל גרם,false,1,5.90,3.93,false,1,
7290019302315,false,סלקטד BUZZ אבטיח לימון,אגודת הכורמים,,,"י""ח",750,"ל מ""ל",false,1,27.90,3.68,true,1,
7290019513209,false,בוצ`ר אשא 30*45,מ. שלומי שיווק בשר וסחר בעמ,,,"י""ח",1,מטר,false,1,69,69,false,1,
7290022005074,false,רוטב עגבניות שרי קלאסי 400גר,א.ל.יצור ושיווקתבלינים בעמ,,,"י""ח",400,"ל מ""ל",false,1,14.90,3.73,true,1,
7290022005562,false,קריספי פירורי לחם שום 300גר,א.ל.יצור ושיווקתבלינים בעמ,,,"י""ח",300,ל גרם,false,1,7.90,2.63,true,1,
7290042051617,false,מארז חושן 50יח צלחת קטנה/ענקית שווה,ח.כהן סוכנות מזון ומשקאות בע,,,"י""ח",50,"י""ח",false,1,59.90,1.20,false,1,
7290042051716,false,מפיות גדולות במיוחד 50יח שווה,ח.כהן סוכנות מזון ומשקאות בע,,,"י""ח",50,"י""ח",false,1,10.90,0.22,true,1,
7290042051778,false,"צלחות ענקיות מתכלות 25יח ""שווה""",ח.כהן סוכנות מזון ומשקאות בע,,,"י""ח",25,"י""ח",false,1,19.90,0.80,true,1,
7290042051792,false,"צלחות קטנות מתכלות 25יח ""שווה""",ח.כהן סוכנות מזון ומשקאות בע,,,"י""ח",25,"י""ח",false,1,8.90,0.36,true,1,
7290042051808,false,"לפתניות מתכלות 25יח ""שווה""",ח.כהן סוכנות מזון ומשקאות בע,,,"י""ח",25,"י""ח",false,1,7.90,0.32,true,1,
7290042051815,false,"מרקיות מתכלות 25יח ""שווה""",ח.כהן סוכנות מזון ומשקאות בע,,,"י""ח",25,"י""ח",false,1,11.90,0.48,true,1,
7290055090801,false,שוקולד כרמית לבן ללא סוכר 85ג,כרמית תעשיות ממתקים בעמ,,,"י""ח",85,ל גרם,false,1,6.90,8.12,true,1,
7290080780595,false,מנטוס טעם מנטה עדינה בקבוק 90ג,ליימן שליסל,,,"י""ח",90,ל גרם,false,1,15.90,17.67,false,1,
7290100235553,false,בונז`ור עוגת בריוש תפוחים עם אגוזים 55,**קבוצת אוסם סחר-שות.מוגבלת,,,"י""ח",550,ל גרם,false,1,24.90,4.53,true,1,
7290100240137,false,"בדין תרסיס מייבש כחול 500מ""ל",יוניליוור ישראל שיווק בעמ,,,"י""ח",500,"ל מ""ל",false,1,15.90,3.18,false,1,
7290100240144,false,בדין תרסיס מייבש ורוד,יוניליוור ישראל שיווק בעמ,,,"י""ח",500,"ל מ""ל",false,1,15.90,3.18,false,1,
7290100240632,false,"פתית 6דגנים 250גר בד""ץ",יוניליוור ישראל שיווק בעמ,,,"י""ח",250,ל גרם,false,1,14.90,5.96,false,1,
7290100240656,false,"פתית שיפון 300גר בד""ץ",יוניליוור ישראל שיווק בעמ,,,"י""ח",300,ל גרם,false,1,14.90,4.97,false,1,
7290100243084,false,מיונז אמיתי הלמנס 789גר`,יוניליוור ישראל שיווק בעמ,,,"י""ח",789,ל גרם,false,1,19.90,2.52,false,1,
7290100243671,false,"בדין אקסטרא כחול 960 מ""ל",יוניליוור ישראל שיווק בעמ,,,"י""ח",960,"ל מ""ל",false,1,15.90,1.66,true,1,
7290100245231,false,נמס בכוס ועוד טעם עוף שקדי מרק 50גר,יוניליוור ישראל שיווק בעמ,,,"י""ח",50,ל גרם,false,1,6.90,13.80,true,1,
7290100249598,false,"רוטב ל עוף שום ודבש בד""צ 320גרם",יוניליוור ישראל שיווק בעמ,,,"י""ח",320,ל גרם,false,1,10.90,3.41,true,1,
7290100249659,false,"רוטב ל עוף צ`ילי שום בד""צ 320גרם",יוניליוור ישראל שיווק בעמ,,,"י""ח",320,ל גרם,false,1,10.90,3.41,true,1,
7290100411254,false,מחית תפוח ובננה 190ג ללא סוכר,שקד תבל בעמ,,,"י""ח",190,"ל מ""ל",false,1,5.90,3.11,true,1,
7290100412343,false,מגבונים לניקוי כללי בריח לימון קוויק,שקד תבל בעמ,,,"י""ח",50,"י""ח",false,1,8.90,0.18,true,1,
7290100412442,false,מגבונים לניקוי שירוקלחת מנטה קוויק,שקד תבל בעמ,,,"י""ח",50,"י""ח",false,1,8.90,0.18,true,1,
7290100412459,false,מגבונים לניקוי שירוקלחת לבנדר קוויק,שקד תבל בעמ,,,"י""ח",50,"י""ח",false,1,8.90,0.18,true,1,
7290100412718,false,"דר עור גל ניקוי פנים קלאסי 150מ""ל",שקד תבל בעמ,,,"י""ח",150,ל גרם,false,1,24.90,16.60,true,1,
7290100412770,false,"דר עור ת.רחצה קלאסי מאסק 700מ""ל",שקד תבל בעמ,,,"י""ח",700,ל גרם,false,1,14.90,2.13,true,1,
7290100412831,false,"דר עור ת.רחצה וניל טרופי 700מ""ל",שקד תבל בעמ,,,"י""ח",700,ל גרם,false,1,14.90,2.13,true,1,
7290100658338,false,פלמוליב לכלים אוקסי פלוס,ש.שסטוביץ בעמ,,,"י""ח",750,"ל מ""ל",false,1,11.90,1.59,true,1,
7290100680650,false,מנה חמה נודלס תאילנדי,קבוצת אוסם סחר-שות.מוגבלת,,,"י""ח",76,ל גרם,false,1,5.20,6.84,true,1,
7290100680667,false,מנה חמה נודלס ירקות ט.סצ`ואן,קבוצת אוסם סחר-שות.מוגבלת,,,"י""ח",76,ל גרם,false,1,5,6.58,true,1,
7290100680711,false,פירורית זהב 350 גרם אוסם,קבוצת אוסם סחר-שות.מוגבלת,,,"י""ח",350,ל גרם,false,1,7.40,2.11,false,1,
7290100680728,false,פירורית]אוסם[,קבוצת אוסם סחר-שות.מוגבלת,,,"י""ח",350,ל גרם,false,1,5.90,1.69,false,1,
7290100681138,false,אפרופו מארז 3 יח.,קבוצת אוסם סחר-שות.מוגבלת,,,"י""ח",150,ל גרם,false,1,10,6.67,true,1,
7290100685136,false,"מרק טעם עוף 1 ק""ג}אסם{",קבוצת אוסם סחר-שות.מוגבלת,,,"י""ח",1,"ק""ג",false,1,12,12,false,1,
7290100685334,false,אבקת מרק עוף רכיבים טבעיי,קבוצת אוסם סחר-שות.מוגבלת,,,"י""ח",400,ל גרם,false,1,24.90,6.23,false,1,
7290100685341,false,מרק תיבול טעם רך 400 ג,קבוצת אוסם סחר-שות.מוגבלת,,,"י""ח",400,ל גרם,false,1,14.50,3.63,false,1,
7290100686171,false,ביסלי גריל מארז ( שישייה),קבוצת אוסם סחר-שות.מוגבלת,,,"י""ח",210,ל גרם,false,1,15.90,7.57,true,1,
7290100689301,false,מרק טעם עוף זך עדיף 400גר.,קבוצת אוסם סחר-שות.מוגבלת,,,"י""ח",400,ל גרם,false,1,15.90,3.98,false,1,
7290100700006,false,"חיטה 1 ק""ג סוגת",סוגת תעשיות בעמ,,,"י""ח",1,"ק""ג",false,1,7.90,7.90,true,1,
7290100700020,false,גריסי פנינה סוגת,סוגת תעשיות בעמ,,,"י""ח",200,ל גרם,false,1,4,2,true,1,
7290100700157,false,"אורז סושי 1ק""ג סוגת",סוגת תעשיות בעמ,,,"י""ח",1,"ק""ג",false,1,12.90,12.90,false,1,
7290100700242,false,אורז מלא עגול,סוגת תעשיות בעמ,,,"י""ח",1,"ק""ג",false,1,8.90,8.90,false,1,
7290100700266,false,פירורי לחם לבנים 200גרם,סוגת תעשיות בעמ,,,"י""ח",200,ל גרם,false,1,3.90,1.95,true,1,
7290100700273,false,קינואה 500 גרם סוגת,סוגת תעשיות בעמ,,,"י""ח",500,ל גרם,false,1,11,2.20,true,1,
7290100700310,false,"כוסמת 1 ק""ג סוגת",סוגת תעשיות בעמ,,,"י""ח",1,"ק""ג",false,1,12.90,12.90,true,1,
7290100700334,false,"קינואה 1ק""ג",סוגת תעשיות בעמ,,,"י""ח",1,"ק""ג",false,1,19.90,19.90,true,1,
7290100700389,false,"אורז אדום 1 ק""ג",סוגת תעשיות בעמ,,,"י""ח",1,"ק""ג",false,1,12.10,12.10,false,1,
7290100700396,false,"אורז יסמין 1 ק""ג סוגת",סוגת תעשיות בעמ,,,"י""ח",1,"ק""ג",false,1,12.90,12.90,false,1,
7290100700402,false,"חומוס ענק 1 ק""ג סוגת",סוגת תעשיות בעמ,,,"י""ח",1,"ק""ג",false,1,19.90,19.90,true,1,
7290100700587,false,בורגול 500 גר`סוגת,סוגת תעשיות בעמ,,,"י""ח",500,ל גרם,false,1,4,0.80,true,1,
7290100701454,false,גרישה 500גר`,סוגת תעשיות בעמ,,,"י""ח",500,ל גרם,false,1,4,0.80,true,1,
7290100702260,false,קוסקוס דק 350 גר`סוגת,סוגת תעשיות בעמ,,,"י""ח",350,ל גרם,false,1,4.90,1.40,false,1,
7290100702284,false,קוסקוס מלא 350גר`,סוגת תעשיות בעמ,,,"י""ח",350,ל גרם,false,1,4.90,1.40,false,1,
7290100702611,false,פתיתים אפויים אורז 500ג סוגת,סוגת תעשיות בעמ,,,"י""ח",500,ל גרם,false,1,4.50,0.90,true,1,
7290100702628,false,פתיתים אפויים קוסקוס 500ג סוגת,סוגת תעשיות בעמ,,,"י""ח",500,ל גרם,false,1,4.50,0.90,true,1,
7290100702635,false,פתיתים אפויים כוכבים 500ג,סוגת תעשיות בעמ,,,"י""ח",500,ל גרם,false,1,4.50,0.90,true,1,
7290100702642,false,פתיתים אפויים טבעות 500ג,סוגת תעשיות בעמ,,,"י""ח",500,ל גרם,false,1,4.50,0.90,true,1,
7290100702673,false,פתיתים אפויים 3צבעים 400ג,סוגת תעשיות בעמ,,,"י""ח",400,ל גרם,false,1,4.50,1.13,true,1,
7290100702987,false,פתיתי שיבולת שועל 500ג,סוגת תעשיות בעמ,,,"י""ח",500,ל גרם,false,1,4.90,0.98,true,1,
7290100702994,false,סוכר חום דמררה שקית 500ג,סוגת תעשיות בעמ,,,"י""ח",500,ל גרם,false,1,4.90,0.98,false,1,
7290100703007,false,עדשים שחורים בלוגה 500ג,סוגת תעשיות בעמ,,,"י""ח",500,ל גרם,false,1,7.90,1.58,true,1,
7290100703458,false,כוסמת לא קלויה 500גר.,סוגת תעשיות בעמ,,,"י""ח",500,ל גרם,false,1,7.90,1.58,true,1,
7290100703564,false,שיבולת שועל עבה 500ג,סוגת תעשיות בעמ,,,"י""ח",500,ל גרם,false,1,4.90,0.98,true,1,
7290100703854,false,סוכר דמררה קוביות 500ג,סוגת תעשיות בעמ,,,"י""ח",0.50,"ק""ג",false,1,9.90,19.80,false,1,
7290100703922,false,פופקורן למיקרו מארז5+1 טבעי,סוגת תעשיות בעמ,,,"י""ח",6,"י""ח",false,1,10.90,1.82,false,1,
7290100704264,false,"עדשים שחורים בלוגה 1ק""ג",סוגת תעשיות בעמ,,,"י""ח",1,"ק""ג",false,1,15.90,15.90,true,1,
7290100704493,false,"קמח שמרים פיצה 1ק""ג",סוגת תעשיות בעמ,,,"י""ח",1,"ק""ג",false,1,6.70,6.70,false,1,
7290100704516,false,חומוס מיני 500 גרם.,סוגת תעשיות בעמ,,,"י""ח",500,ל גרם,false,1,6.90,1.38,true,1,
7290100850909,false,דוריטוס נאצו 70 גרם,שטראוס פריטו ליי בעמ,,,"י""ח",70,ל גרם,false,1,3.90,5.57,true,1,
7290100850916,false,דוריטוס חמוץ חריף 70 גרם,שטראוס פריטו ליי בעמ,,,"י""ח",70,ל גרם,false,1,3.90,5.57,true,1,
7290100850923,false,דוריטוס גריל 70 גרם,שטראוס פריטו ליי בעמ,,,"י""ח",70,ל גרם,false,1,3.90,5.57,true,1,
7290100850930,false,דוריטוס טבעי 70 גרם,שטראוס פריטו ליי בעמ,,,"י""ח",70,ל גרם,false,1,3.90,5.57,true,1,
7290100851968,false,מארז קפה נמס עלית זוגות,שטראוס גרופ בעמ,,,"י""ח",400,ל גרם,false,1,37.90,9.48,true,1,
7290100858608,false,שקית קקאו 500 גרם עלית,שטראוס גרופ בעמ,,,"י""ח",500,ל גרם,false,1,23.90,4.78,true,1,
7290100921616,false,סוד כדוריות לתליה באסלה לניחוח אורנים,גורי שיווק בעמ,,,"י""ח",750,"ל מ""ל",false,1,7.90,1.05,false,1,
7290100921623,false,סוד כדוריות לתליה באסלה אקונומיקה,גורי שיווק בעמ,,,"י""ח",750,"ל מ""ל",false,1,7.90,1.05,false,1,
7290100922569,false,"קרם רב שימושי 100מ""ל ולוטה שלישייה",הנקל סוד בעמ,,,"י""ח",3,"י""ח",false,1,19.90,6.63,true,1,
7290100922651,false,סבון מוצק הוואי רבעייה מי קוקוס 100,הנקל סוד בעמ,,,"י""ח",400,ל גרם,false,1,11.90,2.98,true,1,
7290100922699,false,אל סבון הוואי לבנות 700,הנקל סוד בעמ,,,"י""ח",700,"ל מ""ל",false,1,14.90,2.13,false,1,
7290100924457,false,סוד סבון אסלה מארז 1/3 לימון,גורי שיווק בעמ,,,"י""ח",750,"ל מ""ל",false,1,12.50,1.67,false,1,
7290100924464,false,סוד סבון אסלה מארז 1/3 אקונומיקה,גורי שיווק בעמ,,,"י""ח",750,"ל מ""ל",false,1,16.90,2.25,false,1,
7290100924631,false,"מרכך מרוכז בייבי 900מ""ל",גורי שיווק בעמ,,,"י""ח",900,"ל מ""ל",false,1,12.90,1.43,true,1,
7290100925676,false,דפים למכונת כביסה קולור קאצ`ר 20יח,גורי שיווק בעמ,,,"י""ח",20,"י""ח",false,1,14.90,0.75,false,1,
7290100925751,false,"נוזל כלים סוד תפוח 650מ""ל",גורי שיווק בעמ,,,"י""ח",650,"ל מ""ל",false,1,5.90,0.91,false,1,
7290100926598,false,"פרסיל 5 ק""ג",גורי שיווק בעמ,,,"י""ח",5,"ק""ג",false,1,35,7,false,1,
7290101113812,false,מאגדת יופלה שייק פרי תות 70% פרי פרוו,פלקו בעמ,,,"י""ח",1,,false,1,12.90,12.90,false,1,
7290101450900,false,נרות גמבו,שמחה זה אנחנו,,,"י""ח",1,,false,1,7,7,false,1,
7290101453888,false,נר מס -1,שמחה זה אנחנו,,,"י""ח",1,,false,1,3.50,3.50,false,1,
7290101453895,false,נר מס -2,שמחה זה אנחנו,,,"י""ח",1,,false,1,3.50,3.50,false,1,
7290101453901,false,נר מס -3,שמחה זה אנחנו,,,"י""ח",1,,false,1,3.50,3.50,false,1,
7290101453963,false,נר מס -9,שמחה זה אנחנו,,,"י""ח",1,,false,1,3.50,3.50,false,1,
7290101455714,false,קופסת אוכל מחולקת ספיידרמן,שמחה זה אנחנו,,,"י""ח",1,,false,1,24.90,24.90,false,1,
7290101455929,false,"בקבוק נירוסטה מעוצב 500מ""ל מיקי",שמחה זה אנחנו,,,"י""ח",1,,false,1,29.90,29.90,false,1,
7290101486688,false,פרי חטיפי בריאות שוקולד מארז 5 יח,ש.שסטוביץ בעמ,,,"י""ח",90,ל גרם,false,1,16.90,18.78,false,1,
7290101551027,false,"קפסולות אספרסו חזק עלית 14יח כשל""פ",שטראוס גרופ בעמ,,,"י""ח",50,ל גרם,false,1,19,38,true,1,
7290101551263,false,סילאן טבעי 700ג יד מרדכי,שטראוס גרופ בעמ,,,"י""ח",700,ל גרם,false,1,21.90,3.13,true,1,
7290101551300,false,סילאן טבעי לחיץ 380ג יד מרדכי,שטראוס גרופ בעמ,,,"י""ח",380,ל גרם,false,1,14.90,3.92,true,1,
7290101551584,false,מארז תפוצ`יפס קידס *10 20 גרם,שטראוס פריטו ליי בעמ,,,"י""ח",10,"י""ח",false,1,11.40,1.14,true,1,
7290101551614,false,מארז ציטוס קראנץ גבינה 1/8,שטראוס פריטו ליי בעמ,,,"י""ח",550,ל גרם,false,1,10.90,1.98,true,1,
7290101551638,false,מארז צ יטוס כאפה 1/10,שטראוס פריטו ליי בעמ,,,"י""ח",10,"י""ח",false,1,12.90,1.29,true,1,
7290101863410,false,סיליט ספריי אקונומיקה,רקיט בנקיזר (ניר איסט) בעמ,,,"י""ח",1,,false,1,12.90,12.90,false,1,
7290101864127,false,"קליה אוקסי ספריי 750מ""ל",רקיט בנקיזר (ניר איסט) בעמ,,,"י""ח",750,"ל מ""ל",false,1,13.90,1.85,true,1,
7290101865261,false,"פיניש הברקה 800מ""ל",רקיט בנקיזר (ניר איסט) בעמ,,,"י""ח",800,"ל מ""ל",false,1,19.90,2.49,false,1,
7290101866633,false,קליה ג`ל 3ל,רקיט בנקיזר (ניר איסט) בעמ,,,"י""ח",1.70,ליטר,false,1,22.50,13.24,false,1,
7290101866787,false,קליה ג`ל 3ל לבן,רקיט בנקיזר (ניר איסט) בעמ,,,"י""ח",3,ליטר,false,1,22.50,7.50,false,1,
7290101868460,false,"קולון 101 8ק""ג",רקיט בנקיזר (ניר איסט) בעמ,,,"י""ח",8,"ק""ג",false,1,54.90,6.86,false,1,
7290101868958,false,"פיניש הברקה לימון 800מ""ל",רקיט בנקיזר (ניר איסט) בעמ,,,"י""ח",800,"ל מ""ל",false,1,19.90,2.49,false,1,
7290101869726,false,פיניש ג ל 1ל AIO,רקיט בנקיזר (ניר איסט) בעמ,,,"י""ח",1,ליטר,false,1,42.90,42.90,false,1,
7290101869818,false,מבשם אויר חשמלי מכשיר חלום ליל קיץ,רקיט בנקיזר (ניר איסט) בעמ,,,"י""ח",1,"י""ח",false,1,29.90,29.90,true,1,
7290101869825,false,מילוי מבשם אויר חשמלי אואזיס,רקיט בנקיזר (ניר איסט) בעמ,,,"י""ח",1,,false,1,16.90,16.90,true,1,
7290101998891,false,"תותח קונפטי 40ס""מ סמי הכבאי",שמחה זה אנחנו,,,"י""ח",1,,false,1,11,11,false,1,
7290102003907,false,נרות מטה לבבות-מכוניות,שמחה זה אנחנו,,,"י""ח",1,,false,1,7,7,false,1,
7290102030330,false,תפוצ יפס קראנצ מקסיקני,שטראוס פריטו ליי בעמ,,,"י""ח",200,ל גרם,false,1,8,4,true,1,
7290102031276,false,אקטימל שמיניה תות בננה,שטראוס גרופ ***בעמ,,,"י""ח",800,"ל מ""ל",false,1,19.90,2.49,true,1,
7290102032334,false,קפה נמס וניל 200 גרם,שטראוס גרופ בעמ,,,"י""ח",200,ל גרם,false,1,21.90,10.95,true,1,
7290102062195,false,משחת שיניים אלמקס ג`וניור,ש.שסטוביץ בעמ,,,"י""ח",1,,false,1,12.90,12.90,true,1,
7290102300822,false,צדר אנגלי כתום 200ג נטו,א. סיימן סחר בעמ,,,"י""ח",200,ל גרם,false,1,24.90,12.45,true,1,
7290102302246,false,גאודה 200גרם נטו,א. סיימן סחר בעמ,,,"י""ח",200,ל גרם,false,1,26.90,13.45,true,1,
7290102303977,false,טונה רוברט בשמן זית 140ג,א. סיימן סחר בעמ,,,"י""ח",140,ל גרם,false,1,11.90,8.50,true,1,
7290102390427,false,מולר תות FROOP MULLER,*החברה המרכזית להפצת משקאותבעמ,,,"י""ח",150,"ל מ""ל",false,1,4.80,3.20,true,1,
7290102390465,false,מולר אפרסק ופסיפלורה,*החברה המרכזית להפצת משקאותבעמ,,,"י""ח",150,"ל מ""ל",false,1,4.80,3.20,true,1,
7290102390489,false,"מולר150 מ""ל לימון",*החברה המרכזית להפצת משקאותבעמ,,,"י""ח",150,"ל מ""ל",false,1,5.30,3.53,true,1,
7290102391325,false,יוגורט ביו מולר,*החברה המרכזית להפצת משקאותבעמ,,,"י""ח",150,"ל מ""ל",false,1,3.20,2.13,false,1,
7290102391844,false,מולר פירות יער FROOP MULLER,*החברה המרכזית להפצת משקאותבעמ,,,"י""ח",150,"ל מ""ל",false,1,4.80,3.20,true,1,
7290102392094,false,חלב עיזים בקרטון 1ליטר,*החברה המרכזית להפצת משקאותבעמ,,,"י""ח",1,ליטר,false,1,15.90,15.90,true,1,
7290102392254,false,חלב 2ליטר *1%*,*החברה המרכזית להפצת משקאותבעמ,,,"י""ח",2,ליטר,false,1,11.72,5.86,true,1,
7290102393039,false,מולר מיקס יוגורט קרמי עם פצפוצי שוקלד,*החברה המרכזית להפצת משקאותבעמ,,,"י""ח",500,ל גרם,false,1,5.20,1.04,false,1,
7290102393060,false,מולר מיקס יוגורט קרמי עם גלילי וופל,*החברה המרכזית להפצת משקאותבעמ,,,"י""ח",500,ל גרם,false,1,6,1.20,false,1,
7290102393169,false,סימפלי פרויט תות שדה,*החברה המרכזית להפצת משקאותבעמ,,,"י""ח",150,"ל מ""ל",false,1,2.90,1.93,true,1,
7290102393176,false,סימפלי פרויט אפרסק,*החברה המרכזית להפצת משקאותבעמ,,,"י""ח",150,"ל מ""ל",false,1,2.90,1.93,true,1,
7290102393190,false,סימפלי פרויט פירות יער,*החברה המרכזית להפצת משקאותבעמ,,,"י""ח",150,"ל מ""ל",false,1,2.90,1.93,true,1,
7290102393268,false,גבינה לבנה 5% 750 גר`*,*החברה המרכזית להפצת משקאותבעמ,,,"י""ח",750,ל גרם,false,1,14.94,1.99,true,1,
7290102393299,false,יוגורט עיזים בבקבוק,*החברה המרכזית להפצת משקאותבעמ,,,"י""ח",500,"ל מ""ל",false,1,11.90,2.38,true,1,
7290102393718,false,גבינת חלומי בקר 200 גר`טרה,*החברה המרכזית להפצת משקאותבעמ,,,"י""ח",200,ל גרם,false,1,19,9.50,true,1,
7290102393855,false,"יוגורט עזים 3% אפרסק בגביע 150מ""ל",*החברה המרכזית להפצת משקאותבעמ,,,"י""ח",140,"ל מ""ל",false,1,6.30,4.50,true,1,
7290102393947,false,סימפלי פרויט קיווי,*החברה המרכזית להפצת משקאותבעמ,,,"י""ח",150,"ל מ""ל",false,1,2.90,1.93,true,1,
7290102394258,false,מה עז 180גרם 9% שומן צוריאל,*החברה המרכזית להפצת משקאותבעמ,,,"י""ח",180,ל גרם,false,1,23.30,12.94,true,1,
7290102394463,false,גבינה צהובה נעם 500 גרם פרוס 28%,*החברה המרכזית להפצת משקאותבעמ,,,"י""ח",500,ל גרם,false,1,25.90,5.18,false,1,
7290102394821,false,גבינה צהובה 28% דק דק לפתיחה חוזרת 200,*החברה המרכזית להפצת משקאותבעמ,,,"י""ח",200,ל גרם,false,1,15.90,7.95,true,1,
7290102394845,false,גבינה צהובה 9% 200גר דק דק לפתיחה חוז,*החברה המרכזית להפצת משקאותבעמ,,,"י""ח",200,ל גרם,false,1,16.90,8.45,true,1,
7290102395101,false,ממרח גבינה ושוקולד{שוקי},*החברה המרכזית להפצת משקאותבעמ,,,"י""ח",227,ל גרם,false,1,11.90,5.24,false,1,
7290102395217,false,מאגדת שמינייה מתיקות מעודנת 2%,*החברה המרכזית להפצת משקאותבעמ,,,"י""ח",900,ל גרם,false,1,17.90,1.99,false,1,
7290102395224,false,מאגדת שמינייה מולר ביאנקו נטורל 1.7%,*החברה המרכזית להפצת משקאותבעמ,,,"י""ח",900,ל גרם,false,1,16.90,1.88,false,1,
7290102395231,false,מאגדת שמינייה מולר ביאנקו נטורל 2.8%,*החברה המרכזית להפצת משקאותבעמ,,,"י""ח",900,ל גרם,false,1,17.90,1.99,false,1,
7290102395262,false,מאגדת שמינייה מולר 3% פירות,*החברה המרכזית להפצת משקאותבעמ,,,"י""ח",150,"ל מ""ל",false,1,30.90,20.60,false,1,
7290102395439,false,מאגדת שמינייה מולר 3% פירות,*החברה המרכזית להפצת משקאותבעמ,,,"י""ח",150,"ל מ""ל",false,1,27,18,false,1,
7290102395446,false,מעדן מוו וניל,*החברה המרכזית להפצת משקאותבעמ,,,"י""ח",250,ל גרם,false,1,2.90,1.16,false,1,
7290102395477,false,מעדן מוו שוקולד,*החברה המרכזית להפצת משקאותבעמ,,,"י""ח",250,ל גרם,false,1,2.90,1.16,false,1,
7290102395521,false,"שמנת לבישול 15% 500מ""ל",*החברה המרכזית להפצת משקאותבעמ,,,"י""ח",500,"ל מ""ל",false,1,13,2.60,true,1,
7290102396399,false,מאגדת מוו שמינייה מעדן שוקולד 100גר,*החברה המרכזית להפצת משקאותבעמ,,,"י""ח",800,ל גרם,false,1,14.20,1.78,false,1,
7290102396405,false,מאגדת מוו שמינייה מעדן וניל 100גר,*החברה המרכזית להפצת משקאותבעמ,,,"י""ח",800,ל גרם,false,1,14.20,1.78,false,1,
7290102396436,false,מעדן מוו שוקולד,*החברה המרכזית להפצת משקאותבעמ,,,"י""ח",250,ל גרם,false,1,2.90,1.16,true,1,
7290102396443,false,מעדן מוו וניל,*החברה המרכזית להפצת משקאותבעמ,,,"י""ח",250,ל גרם,false,1,2.90,1.16,true,1,
7290102396580,false,מעדן מוו שוקולד ומוס שוקולד 123גר,*החברה המרכזית להפצת משקאותבעמ,,,"י""ח",123,ל גרם,false,1,2.90,2.36,false,1,
7290102396597,false,מעדן מוו וניל ומוס שוקולד 123גר,*החברה המרכזית להפצת משקאותבעמ,,,"י""ח",123,ל גרם,false,1,2.90,2.36,false,1,
7290102396665,false,גבינה צהובה 15% 200גר נעם דק דק סגור,*החברה המרכזית להפצת משקאותבעמ,,,"י""ח",200,ל גרם,false,1,15.90,7.95,true,1,
7290102396672,false,גבינה צהובה 9% 360גר נעם דק דק סגור,*החברה המרכזית להפצת משקאותבעמ,,,"י""ח",360,ל גרם,false,1,25.90,7.19,false,1,
7290102396719,false,סימפלי פרויט תות שדה%0,*החברה המרכזית להפצת משקאותבעמ,,,"י""ח",150,"ל מ""ל",false,1,2.90,1.93,true,1,
7290102396726,false,סימפלי פרויט אפרסק 0%,*החברה המרכזית להפצת משקאותבעמ,,,"י""ח",150,"ל מ""ל",false,1,2.90,1.93,true,1,
7290102396740,false,מאגדת סימפלי פרויט תות ואפרסק 8יח 0%,*החברה המרכזית להפצת משקאותבעמ,,,"י""ח",8,"י""ח",false,1,27,3.38,false,1,
7290102397204,false,גבינה צהובה 22% 200גר נעם דק דק סגור,*החברה המרכזית להפצת משקאותבעמ,,,"י""ח",200,ל גרם,false,1,15.90,7.95,true,1,
7290102397310,false,מאגדת שמינייה מיני מוו שוקולד קצפת,*החברה המרכזית להפצת משקאותבעמ,,,"י""ח",250,ל גרם,false,1,11.90,4.76,false,1,
7290102397334,false,בולגרית 5% צוריאל בגביע,*החברה המרכזית להפצת משקאותבעמ,,,"י""ח",250,ל גרם,false,1,20.90,8.36,false,1,
7290102397464,false,מולר ביאנקו לבן עם חמניה/אגוזי פקאן ג,*החברה המרכזית להפצת משקאותבעמ,,,"י""ח",170,ל גרם,false,1,5.20,3.06,false,1,
7290102397600,false,מולר מיקס ביו שקדים ובוטנים בקרמל170ג,*החברה המרכזית להפצת משקאותבעמ,,,"י""ח",170,ל גרם,false,1,5.20,3.06,false,1,
7290102397617,false,מולר מיקס קליק,*החברה המרכזית להפצת משקאותבעמ,,,"י""ח",500,ל גרם,false,1,5.20,1.04,false,1,
7290102397679,false,קוטג 5% 375ג,*החברה המרכזית להפצת משקאותבעמ,,,"י""ח",350,ל גרם,false,1,7.90,2.26,false,1,
7290102397730,false,אמנטל נעם 200ג,*החברה המרכזית להפצת משקאותבעמ,,,"י""ח",200,ל גרם,false,1,17.90,8.95,true,1,
7290102397747,false,מוצרלה נעם 200ג,*החברה המרכזית להפצת משקאותבעמ,,,"י""ח",200,ל גרם,false,1,18.90,9.45,true,1,
7290102397891,false,גבינת מותכת 100ג צוריאל,*החברה המרכזית להפצת משקאותבעמ,,,"י""ח",100,"ל מ""ל",false,1,6.90,6.90,false,1,
7290102398065,false,חלב טרה קרטון 2 ליטר מהדרין*%*3,*החברה המרכזית להפצת משקאותבעמ,,,"י""ח",2,ליטר,false,1,12.46,6.23,true,1,
7290102398072,false,חלב הומוגוני 1 ליטר% }3 טרה{*קרטון*,*החברה המרכזית להפצת משקאותבעמ,,,"י""ח",1,ליטר,false,1,6.23,6.23,false,1,
7290102398331,false,חלב מועשר דל לקטוז1ליטר קרטון,*החברה המרכזית להפצת משקאותבעמ,,,"י""ח",1,ליטר,false,1,7.70,7.70,false,1,
7290102398560,false,שוקו מעושר 1ל בקבוק טרה,*החברה המרכזית להפצת משקאותבעמ,,,"י""ח",1,ליטר,false,1,12.10,12.10,true,1,
7290102398577,false,"שוקו מעושר 250מ""ל בקבוק פקק ספורט",*החברה המרכזית להפצת משקאותבעמ,,,"י""ח",250,"ל מ""ל",false,1,5.70,2.28,true,1,
7290102398614,false,משקה חלב טעם בננה 1ל בקבוק,*החברה המרכזית להפצת משקאותבעמ,,,"י""ח",1,ליטר,false,1,12.10,12.10,true,1,
7290102398669,false,משקה קפוצינו 1 ליטר. טרה,*החברה המרכזית להפצת משקאותבעמ,,,"י""ח",1,ליטר,false,1,12.10,12.10,true,1,
7290102398799,false,משקה סויה במתיקות 1ל בקבוק משק צוריא,*החברה המרכזית להפצת משקאותבעמ,,,"י""ח",1,ליטר,false,1,11.90,11.90,false,1,
7290102398805,false,משקה סויה בטעם וניל 1ל בקבוק משק צוריא,*החברה המרכזית להפצת משקאותבעמ,,,"י""ח",1,ליטר,false,1,11.90,11.90,false,1,
7290102398836,false,משקה שקדים קלאסי 1ליטר משק צוריא,*החברה המרכזית להפצת משקאותבעמ,,,"י""ח",1,ליטר,false,1,12.90,12.90,false,1,
7290102399048,false,קשקבל נעם 200גרם,*החברה המרכזית להפצת משקאותבעמ,,,"י""ח",200,ל גרם,false,1,22.90,11.45,true,1,
7290102399635,false,מולר פרופ 3% 150 ג`,*החברה המרכזית להפצת משקאותבעמ,,,"י""ח",150,ל גרם,false,1,5.30,3.53,true,1,
7290102399697,false,מולר פרופ מנגו 1.5% 150 ג`,*החברה המרכזית להפצת משקאותבעמ,,,"י""ח",150,ל גרם,false,1,5.30,3.53,true,1,
7290102399772,false,ממרח חמאת מולר במליחות עדינה 250ג,*החברה המרכזית להפצת משקאותבעמ,,,"י""ח",250,ל גרם,false,1,16.90,6.76,true,1,
7290102399789,false,ממרח חמאת מולר ללא מלח 250ג,*החברה המרכזית להפצת משקאותבעמ,,,"י""ח",250,ל גרם,false,1,16.90,6.76,true,1,
7290102399796,false,מולר אקטיב יוגורט לבן 200ג,*החברה המרכזית להפצת משקאותבעמ,,,"י""ח",200,"ל מ""ל",false,1,3.30,1.65,true,1,
7290102399802,false,מולר אקטיב יוגורט עם תות 200ג,*החברה המרכזית להפצת משקאותבעמ,,,"י""ח",200,"ל מ""ל",false,1,3.30,1.65,true,1,
7290102399819,false,מולר אקטיב יוגורט עם פ.יער 200ג,*החברה המרכזית להפצת משקאותבעמ,,,"י""ח",200,"ל מ""ל",false,1,3.30,1.65,true,1,
7290102399857,false,מולר אקטיב לייט יוגורט עם תות 0% 200ג,*החברה המרכזית להפצת משקאותבעמ,,,"י""ח",200,"ל מ""ל",false,1,3.30,1.65,true,1,
7290102840182,false,"פודינג שוקולד 85 גר`חת""ס",מיה תעשיות מזון מ.ת.מ בעמ,,,"י""ח",85,ל גרם,false,1,2.50,2.94,false,1,
7290102840199,false,ג`לי בטעם משמש 85גר`,מיה תעשיות מזון מ.ת.מ בעמ,,,"י""ח",85,ל גרם,false,1,2.90,3.41,false,1,
7290102840205,false,ג`לי בטעם תות 85 גר`,מיה תעשיות מזון מ.ת.מ בעמ,,,"י""ח",85,ל גרם,false,1,2.90,3.41,false,1,
7290102841899,false,"אבקת פלאפל 180גר בד""ץ",נאמן לאורך זמן בעמ,,,"י""ח",180,ל גרם,false,1,11.90,6.61,false,1,
7290102842360,false,תערובת להכנת סופלה שוקולד,נאמן לאורך זמן בעמ,,,"י""ח",1,"י""ח",false,1,15.90,15.90,false,1,
7290103124588,false,"פלמוליב סבון נוזלי סגול משאבה 750 מ""ל",ש.שסטוביץ בעמ,,,"י""ח",750,"ל מ""ל",false,1,19.90,2.65,true,1,
7290103152963,false,תבנית מלבנית R64L בודדת,פאלאס תעשיות נטו (2014) בעמ,,,"י""ח",1,,false,1,2,2,true,1,
7290103152987,false,תבנית אינגליש בודדת R88,פאלאס תעשיות נטו (2014) בעמ,,,"י""ח",1,,false,1,1,1,true,1,
7290103401429,false,קפה נמס ברזילאי 200גר,שטראוס גרופ בעמ,,,"י""ח",200,ל גרם,false,1,24.90,12.45,true,1,
7290103404758,false,כרוב 120גר`,שטראוס גרופ ***בעמ,,,"י""ח",120,ל גרם,false,1,4.70,3.92,true,1,
7290103681180,false,"יין אדום תבור הר מרלו 750מ""ל",*החברה המרכזית להפצת משקאותבעמ,,,"י""ח",750,"ל מ""ל",false,1,35.90,4.75,false,1,
7290103700034,false,טאצ`מטליות בגליל,שניב תעשיות נייר בעמ,,,"י""ח",1,,false,1,18.90,18.90,false,1,
7290103700324,false,טאץ`שקית אוכל בקרטון 150 זוג,שניב תעשיות נייר בעמ,,,"י""ח",150,"י""ח",false,1,11.90,0.08,false,1,
7290103700331,false,טאץ`שקית אוכל רב תכליתיות 250יחידות,שניב תעשיות נייר בעמ,,,"י""ח",250,"י""ח",false,1,13.90,0.06,false,1,
7290103700379,false,טאצ`כריות ענקיות שלישיה,שניב תעשיות נייר בעמ,,,"י""ח",1,,false,1,6.70,6.70,true,1,
7290103700386,false,טאצ`כריות קרצוף שישיה,שניב תעשיות נייר בעמ,,,"י""ח",1,,false,1,6.70,6.70,true,1,
7290103700393,false,טאצ`כריות קרצוף רביעייה,שניב תעשיות נייר בעמ,,,"י""ח",1,,false,1,6.70,6.70,true,1,
7290103700652,false,טאצ`ספוג הפלא מארז שישיה.,שניב תעשיות נייר בעמ,,,"י""ח",1,,false,1,10.90,10.90,true,1,
7290103701031,false,כוס נייר טאצ 4 OZ,שניב תעשיות נייר בעמ,,,"י""ח",1,,false,1,7.90,7.90,false,1,
7290103701055,false,כוסות חד פעמי שתיה חמה 8OZ,שניב תעשיות נייר בעמ,,,"י""ח",0,"י""ח",false,1,10.90,10.90,false,1,
7290103701161,false,טאצ ניילון נצמד 150מטר,שניב תעשיות נייר בעמ,,,"י""ח",150,מטר,false,1,14.90,0.10,false,1,
7290103701185,false,טאצ מפות 8 יח עבות במיוחד,שניב תעשיות נייר בעמ,,,"י""ח",1,,false,1,14.90,14.90,false,1,
7290103702212,false,ממחטות כיס טאצ`מארז 10 יח,שניב תעשיות נייר בעמ,,,"י""ח",10,"י""ח",false,1,7.90,0.79,true,1,
7290103702243,false,טאצ`אשפתון עבה עם ידיות 25יח 75/90,שניב תעשיות נייר בעמ,,,"י""ח",50,"י""ח",false,1,19.90,0.40,true,1,
7290103702304,false,טאצ`אשפתון עבה במיוחד 35יח בגליל 90*7,שניב תעשיות נייר בעמ,,,"י""ח",50,"י""ח",false,1,16.90,0.34,true,1,
7290103702328,false,טאצ`אשפתון עבה וחזק במיוחד 25יח בגליל,שניב תעשיות נייר בעמ,,,"י""ח",50,"י""ח",false,1,16.90,0.34,true,1,
7290103702489,false,נייר טואלט חתוך טאצ`מארז 4*200גר,שניב תעשיות נייר בעמ,,,"י""ח",10,"י""ח",false,1,11,1.10,false,1,
7290103702540,false,נייר טואלט מהדורה כדור פורח 30יח,שניב תעשיות נייר בעמ,,,"י""ח",30,"י""ח",false,1,26.90,0.90,true,1,
7290103702724,false,טאץ`שקית אשפה 52*65 עפ שרוך 60יח,שניב תעשיות נייר בעמ,,,"י""ח",250,"י""ח",false,1,22.90,0.09,false,1,
7290103702779,false,מפיות טאצ `150יח`,שניב תעשיות נייר בעמ,,,"י""ח",150,"י""ח",false,1,6.40,0.04,true,1,
7290103703080,false,טאץ`שקית אשפה 90*78 עם שרוך מארז זוג,שניב תעשיות נייר בעמ,,,"י""ח",250,"י""ח",false,1,21.90,0.09,false,1,
7290103703219,false,מטליות לחות בדלי לניקוי כללי לימון טאצ,סאסאטק אגשח בעמ,,,"י""ח",7,"י""ח",false,1,21.90,3.13,true,1,
7290103703240,false,מטליות לחות לרצפה,שניב תעשיות נייר בעמ,,,"י""ח",7,"י""ח",false,1,9.90,1.41,false,1,
7290103703370,false,מגבוני טואלט לחים 1/3.,שניב תעשיות נייר בעמ,,,"י""ח",3,"י""ח",false,1,11.90,3.97,true,1,
7290103703455,false,טאצ`ספוג לניקוי כתמים קשים.,שניב תעשיות נייר בעמ,,,"י""ח",1,,false,1,9.90,9.90,false,1,
7290103703738,false,טאצ מפות עבות במיוחד 45מטר בגליל.,שניב תעשיות נייר בעמ,,,"י""ח",45,מטר,false,1,31.90,0.71,false,1,
7290103703745,false,טאצ מפות עבות 45מטר בגליל,שניב תעשיות נייר בעמ,,,"י""ח",45,מטר,false,1,18.90,0.42,false,1,
7290103703899,false,מפיות טאצ `80 יח`חד שכבתיות,שניב תעשיות נייר בעמ,,,"י""ח",80,"י""ח",false,1,4.90,0.06,false,1,
7290103704155,false,מגבת מטבח טאצ` 6 גליל,שניב תעשיות נייר בעמ,,,"י""ח",6,"י""ח",false,1,10.90,1.82,false,1,
7290103704162,false,נייר טואלט טאצ 32 גליל,שניב תעשיות נייר בעמ,,,"י""ח",32,"י""ח",false,1,29.90,0.93,false,1,
7290103704179,false,מגבות מטבח טאץ`8יח מהדורת 2021,שניב תעשיות נייר בעמ,,,"י""ח",8,"י""ח",false,1,14.50,1.81,false,1,
7290103704186,false,מגבות מטבח 6 יח כפול טאצ` מהדורת2021,שניב תעשיות נייר בעמ,,,"י""ח",6,"י""ח",false,1,19.90,3.32,true,1,
7290103704568,false,נייר טואלט טאצ 40גליל,שניב תעשיות נייר בעמ,,,"י""ח",40,"י""ח",false,1,35.90,0.90,false,1,
7290103704674,false,טאצ`רדיד אלומיניום 50מטר,שניב תעשיות נייר בעמ,,,"י""ח",1,,false,1,34.90,34.90,false,1,
7290103704766,false,נייר טואלט טאצ 24=48 גליל כפול,שניב תעשיות נייר בעמ,,,"י""ח",883,מטר,false,1,41.90,0.05,true,1,
7290103722005,false,נייר טואלט לוולי 32 גליל לבן,שניב תעשיות נייר בעמ,,,"י""ח",588,מטר,false,1,36.90,0.06,false,1,
7290103746001,false,ממחטות אף חמישייה טאצ`,שניב תעשיות נייר בעמ,,,"י""ח",1,,false,1,13.90,13.90,true,1,
7290104005176,false,חגורת גבר,ביג מול בעמ,,,"י""ח",1,,false,1,19.90,19.90,false,1,
7290104061417,false,חומוס טחינה 400 גר`אחלה,שטראוס גרופ ***בעמ,,,"י""ח",400,ל גרם,false,1,10.90,2.73,true,1,
7290104061424,false,חומוס זעתר 400גר`,שטראוס גרופ ***בעמ,,,"י""ח",400,ל גרם,false,1,10.90,2.73,true,1,
7290104061431,false,חומוס אחלה צנובר 400גר`,שטראוס גרופ ***בעמ,,,"י""ח",400,ל גרם,false,1,10.90,2.73,true,1,
7290104061448,false,חומוס אחלה חריף 400 גר`שטראוס,שטראוס גרופ ***בעמ,,,"י""ח",400,ל גרם,false,1,10.90,2.73,true,1,
7290104062599,false,מארז סופר גמדים תות בננה שמינייה,שטראוס גרופ ***בעמ,,,"י""ח",800,ל גרם,false,1,17.90,2.24,true,1,
7290104064012,false,חטיף GOOD2 שוקולד לבן פסק זמן 36גרם,שטראוס גרופ בעמ,,,"י""ח",36,ל גרם,false,1,4.90,13.61,true,1,
7290104065187,false,קפה נמס בטעם מוקה 200 ג`,שטראוס גרופ בעמ,,,"י""ח",200,ל גרם,false,1,21.90,10.95,true,1,
7290104066566,false,סלט טחינה שומשום מלא 500גר אחלה,שטראוס גרופ ***בעמ,,,"י""ח",500,ל גרם,false,1,13.90,2.78,true,1,
7290104067693,false,חומוס חריף 150גר,שטראוס גרופ ***בעמ,,,"י""ח",150,ל גרם,false,1,5.90,3.93,true,1,
7290104068539,false,מסטיק MUST מלון ואבטיח,שטראוס גרופ בעמ,,,"י""ח",28,ל גרם,false,1,3.40,12.14,true,1,
7290104068546,false,מסטיק מאסט פליפטופ קולה עם קרח ולימון,שטראוס גרופ בעמ,,,"י""ח",28,ל גרם,false,1,3.40,12.14,true,1,
7290104289552,false,מטריה מיני שחור,עולם הבית שיווק והפצה בעמ,,,"י""ח",1,,false,1,14.90,14.90,true,1,
7290104501661,false,פודינג בטעם וניל צרפתי,קבוצת אוסם סחר-שות.מוגבלת,,,"י""ח",110,ל גרם,false,1,3.90,3.55,true,1,
7290104501784,false,בונג`ור מיני מאפינס שוקוציפס 40גר,**קבוצת אוסם סחר-שות.מוגבלת,,,"י""ח",40,ל גרם,false,1,8.90,22.25,false,1,
7290104501807,false,בונג`ור מיני מאפינס שוקו 40גר,**קבוצת אוסם סחר-שות.מוגבלת,,,"י""ח",40,ל גרם,false,1,8.90,22.25,false,1,
7290104508202,false,גביעי גלידה אמריקאים 24יח אוסם,קבוצת אוסם סחר-שות.מוגבלת,,,"י""ח",24,"י""ח",false,1,13.90,0.58,false,1,
7290104508943,false,במבה קלאסי 200 גרם אוסם,קבוצת אוסם סחר-שות.מוגבלת,,,"י""ח",200,ל גרם,false,1,8.20,4.10,true,1,
7290104509247,false,בונג`ור עוגת קראנץ ט.שוקולד עדיר 650גר,**קבוצת אוסם סחר-שות.מוגבלת,,,"י""ח",650,ל גרם,false,1,24.90,3.83,false,1,
7290104509353,false,בונז`ור עוגת בריוש פרג 550גר,**קבוצת אוסם סחר-שות.מוגבלת,,,"י""ח",550,ל גרם,false,1,24.90,4.53,true,1,
7290104570629,false,ממרח תמרים 450גר מתר ענק,בני ג ורג שוקחה (חיפה) בעמ,,,"י""ח",450,ל גרם,false,1,5.90,1.31,false,1,
7290104720499,false,"מארז 8 דני וניל 1ק""ג כשל""פ רובין",שטראוס גרופ ***בעמ,,,"י""ח",1,"ק""ג",false,1,16.90,16.90,true,1,
7290104721533,false,רצועות אחלה פלפלים קלויים 400גר,שטראוס גרופ ***בעמ,,,"י""ח",400,ל גרם,false,1,13.90,3.48,true,1,
7290104721762,false,קפה שלשות 85גר` עלית,שטראוס גרופ בעמ,,,"י""ח",1,"י""ח",false,1,22.10,22.10,true,1,
7290104722530,false,תפוצי פס 200 ג,שטראוס פריטו ליי בעמ,,,"י""ח",200,ל גרם,false,1,10.90,5.45,true,1,
7290104726712,false,"מארז מילקי שמינייה רובין כשל""פ 1064גר",שטראוס גרופ ***בעמ,,,"י""ח",868,"ל מ""ל",false,1,19.90,2.29,true,1,
7290104728310,false,שמנת להקצפה 38% שומן מהדרין*פ (יטבתה),שטראוס גרופ ***בעמ,,,"י""ח",250,"ל מ""ל",false,1,6.47,2.59,true,1,
7290104729003,false,"שמן זית יד מרדכי כ.מעולה 750 מ""ל מד.",שטראוס גרופ בעמ,,,"י""ח",750,"ל מ""ל",false,1,33.30,4.44,true,1,
7290104852473,false,נרות שבת {140}20 P20,פאלאס תעשיות נטו (2014) בעמ,,,"י""ח",140,ל גרם,false,1,4,2.86,false,1,
7290104859786,false,תבנית R31 7יח,פאלאס תעשיות נטו (2014) בעמ,,,"י""ח",1,,false,1,12.90,12.90,false,1,
7290104859793,false,תבנית R99 עמוקה 4יח,פאלאס תעשיות נטו (2014) בעמ,,,"י""ח",1,,false,1,12.90,12.90,false,1,
7290104859809,false,תבנית R88 14יח,פאלאס תעשיות נטו (2014) בעמ,,,"י""ח",1,,false,1,12.90,12.90,false,1,
7290104859816,false,תבנית R2 7יח,פאלאס תעשיות נטו (2014) בעמ,,,"י""ח",1,,false,1,12.90,12.90,false,1,
7290104859823,false,תבנית R64 עמוקה 8יח,פאלאס תעשיות נטו (2014) בעמ,,,"י""ח",1,,false,1,12.90,12.90,false,1,
7290104859830,false,תבנית עגולה 8יחC10,פאלאס תעשיות נטו (2014) בעמ,,,"י""ח",1,,false,1,12.90,12.90,false,1,
7290104960970,false,טיטניום דאו`ספריי,החב הדרומית לשיווק,,,"י""ח",150,"ל מ""ל",false,1,14.90,9.93,false,1,
7290104961205,false,"תחליב רחצה מלפפון קיווי 750מ""ל",החב הדרומית לשיווק,,,"י""ח",750,"ל מ""ל",false,1,9.90,1.32,false,1,
7290104961243,false,"תחליב רחצה קוקוס 750 יסמין מ""ל",החב הדרומית לשיווק,,,"י""ח",750,"ל מ""ל",false,1,9.90,1.32,false,1,
7290104961892,false,קרטין אינטנס מסיכה לשיער,החב הדרומית לשיווק,,,"י""ח",700,"ל מ""ל",false,1,39.90,5.70,false,1,
7290104962073,false,דאו`טיטניום ספריי,החב הדרומית לשיווק,,,"י""ח",100,ל גרם,false,1,14.90,14.90,false,1,
7290104962127,false,קרליין נושם דאו`סטייק נערות,החב הדרומית לשיווק,,,"י""ח",1,,false,1,14.90,14.90,false,1,
7290104962684,false,נושם רול און,החב הדרומית לשיווק,,,"י""ח",75,ל גרם,false,1,11.90,15.87,false,1,
7290104963018,false,מגבונים סופטקר ללא בישום רביעייה,החב הדרומית לשיווק,,,"י""ח",4,"י""ח",false,1,17.90,4.48,false,1,
7290104963155,false,"שמן ךתינוקות 500מ""ל סופטקר",החב הדרומית לשיווק,,,"י""ח",500,"ל מ""ל",false,1,24.90,4.98,false,1,
7290104963162,false,"קרם גוף 500מ""ל סופטקר",החב הדרומית לשיווק,,,"י""ח",500,"ל מ""ל",false,1,24.90,4.98,false,1,
7290104963216,false,אל סבון עדין לתינוק1ל סופטקר,החב הדרומית לשיווק,,,"י""ח",1,ליטר,false,1,14.90,14.90,false,1,
7290104963650,false,שמפו אלדמע 1ל סופטקר,החב הדרומית לשיווק,,,"י""ח",1,ליטר,false,1,14.90,14.90,false,1,
7290104964084,false,"קרליין קרם יום מולטי אפקט 50מ""ל",@@@ החב הדרומית לשיווק בעמ,,,"י""ח",50,"ל מ""ל",false,1,34.90,69.80,false,1,
7290104964091,false,"קרליין קרם לילה מולטי אפקט 50מ""ל",@@@ החב הדרומית לשיווק בעמ,,,"י""ח",200,"ל מ""ל",false,1,34.90,17.45,false,1,
7290104964213,false,קרליין פילינג לניקוי עמוק של הפנים,@@@ החב הדרומית לשיווק בעמ,,,"י""ח",150,"ל מ""ל",false,1,24.90,16.60,false,1,
7290104964220,false,גל מרענן לניקוי פנים,@@@ החב הדרומית לשיווק בעמ,,,"י""ח",300,"ל מ""ל",false,1,29.90,9.97,false,1,
7290104964251,false,קרליין תרחיץ פנים עם הפעולה המשולבת,@@@ החב הדרומית לשיווק בעמ,,,"י""ח",150,"ל מ""ל",false,1,24.90,16.60,false,1,
7290104965647,false,רולאון נושם בנות SWEET KISS,החב הדרומית לשיווק,,,"י""ח",75,ל גרם,false,1,10,13.33,false,1,
7290104965654,false,דאו סטיק נושם בנות SWEET KISS קרליין,החב הדרומית לשיווק,,,"י""ח",50,ל גרם,false,1,14.90,29.80,false,1,
7290105360250,false,קפסולות מקיאטו עלית 50גר,שטראוס גרופ בעמ,,,"י""ח",50,ל גרם,false,1,19,38,true,1,
7290105360328,false,קפסולות אספרסו חזק עלית 50גר,שטראוס גרופ בעמ,,,"י""ח",50,ל גרם,false,1,19,38,true,1,
7290105360335,false,קפסולות אספרסו עלית 50גר,שטראוס גרופ בעמ,,,"י""ח",50,ל גרם,false,1,19,38,true,1,
7290105362339,false,שמנת לבישול 15% שומן מהדרין(יטבתה,שטראוס גרופ ***בעמ,,,"י""ח",250,"ל מ""ל",false,1,7.90,3.16,true,1,
7290105363602,false,כיף כף מקלות קלאסי 40גר,שטראוס גרופ בעמ,,,"י""ח",40,ל גרם,false,1,4.80,12,true,1,
7290105364289,false,כיף כף מקלות פיצפוצים 40גר,שטראוס גרופ בעמ,,,"י""ח",40,ל גרם,false,1,4.80,12,true,1,
7290105364302,false,כיף כף מקלות אגוזים 42גר,שטראוס גרופ בעמ,,,"י""ח",40,ל גרם,false,1,4.80,12,true,1,
7290105364678,false,משקה אקטיביה בודד אפרסק,שטראוס גרופ ***בעמ,,,"י""ח",250,"ל מ""ל",false,1,4.90,1.96,true,1,
7290105366023,false,סלט אחלה חצילים טעם כבד 400 גרם,שטראוס גרופ ***בעמ,,,"י""ח",400,ל גרם,false,1,14.90,3.73,true,1,
7290105366047,false,טחינה לבנה אחלה 400גרם,שטראוס גרופ ***בעמ,,,"י""ח",400,ל גרם,false,1,13.90,3.48,true,1,
7290105366993,false,סימפוניה פלפל שיפקה 200גר,שטראוס גרופ ***בעמ,,,"י""ח",200,ל גרם,false,1,10.90,5.45,true,1,
7290105368225,false,חומוס עם פלפל שיפקה 400גרם,שטראוס גרופ ***בעמ,,,"י""ח",400,ל גרם,false,1,10.90,2.73,true,1,
7290105368331,false,מילקי תות}שטראוס{,שטראוס גרופ ***בעמ,,,"י""ח",130,"ל מ""ל",false,1,2.90,2.23,true,1,
7290105368904,false,שמנת מתוקה להקצפה 32% שומן מהדרין,שטראוס גרופ ***בעמ,,,"י""ח",250,"ל מ""ל",false,1,7.30,2.92,true,1,
7290105368928,false,"שמנת 9% מהדרין 200מ""ל",שטראוס גרופ ***בעמ,,,"י""ח",200,"ל מ""ל",false,1,2.90,1.45,true,1,
7290105369130,false,סימפוניה בצל ירוק 3% 200גר,שטראוס גרופ ***בעמ,,,"י""ח",200,ל גרם,false,1,10.90,5.45,true,1,
7290105436382,false,חטיף דגנים מארז פרי תמרים קשיוחמישיה,ש.שסטוביץ בעמ,,,"י""ח",90,ל גרם,false,1,16.90,18.78,false,1,
7290105439505,false,קרם בטעם מיונס לייט 521ג מנה,ש.שסטוביץ בעמ,,,"י""ח",521,ל גרם,false,1,11.90,2.28,false,1,
7290105474124,false,בונזו בשר 12 קג,דיפלומט מפיצים (1968) בעמ**,,,"י""ח",12,"ק""ג",false,1,129.90,10.83,false,1,
7290105500151,false,וודקה פינלנדיה רגיל 700,מ.אקרמן בעמ,,,"י""ח",750,"ל מ""ל",false,1,68.90,9.15,true,1,
7290105501547,false,"מארז וודקה גריי גוס 700מ""ל פלוס כוס",מ.אקרמן בעמ,,,"י""ח",700,"ל מ""ל",false,1,135.90,19.37,true,1,
7290105691224,false,חטיפי פריכונים טורטיה שום בצל 60 גר,קבוצת אוסם סחר-שות.מוגבלת,,,"י""ח",60,ל גרם,false,1,7.90,13.17,false,1,
7290105691248,false,חטיפי פריכונים טורטיה תירס 60 גר,קבוצת אוסם סחר-שות.מוגבלת,,,"י""ח",60,ל גרם,false,1,7.90,13.17,false,1,
7290105691712,false,עוגיות הפסקת קפה 230גר,קבוצת אוסם סחר-שות.מוגבלת,,,"י""ח",230,ל גרם,false,1,10.90,4.74,true,1,
7290105691934,false,"קמח שמרים 1ק""ג",קבוצת אוסם סחר-שות.מוגבלת,,,"י""ח",1,"ק""ג",false,1,10.90,10.90,false,1,
7290105693341,false,במבה מארז 10 יחידות 25גרם.,קבוצת אוסם סחר-שות.מוגבלת,,,"י""ח",250,ל גרם,false,1,16.90,6.76,true,1,
7290105693457,false,עוגת הבית דמקה טעם שוקו וניל,קבוצת אוסם סחר-שות.מוגבלת,,,"י""ח",400,ל גרם,false,1,11.90,2.98,false,1,
7290105694614,false,ספגטי מהיר הכנה,קבוצת אוסם סחר-שות.מוגבלת,,,"י""ח",500,ל גרם,false,1,5.90,1.18,true,1,
7290105695024,false,פתיתים אפויים אורז עם אטריות,קבוצת אוסם סחר-שות.מוגבלת,,,"י""ח",500,ל גרם,false,1,7,1.40,true,1,
7290105695321,false,עוגת בראוניז פאדג`380גר`,קבוצת אוסם סחר-שות.מוגבלת,,,"י""ח",380,ל גרם,false,1,14.90,3.92,false,1,
7290105962331,false,סחוג אדום זהבי 220גרם,שטראוס גרופ ***בעמ,,,"י""ח",220,ל גרם,false,1,10.90,4.95,true,1,
7290105964564,false,חומוס אחלה 400 גרם. שטראוס,שטראוס גרופ ***בעמ,,,"י""ח",400,ל גרם,false,1,8.90,2.23,true,1,
7290105965738,false,"משקה בוקר לשתיה תות בננה 267מ""ל",שטראוס גרופ ***בעמ,,,"י""ח",267,ל גרם,false,1,4.80,1.80,true,1,
7290105968098,false,סלט קולסלאו 500גר,שטראוס גרופ ***בעמ,,,"י""ח",500,ל גרם,false,1,13.90,2.78,true,1,
7290105968654,false,טורטליני בטטה שטראוס פרווה,שטראוס גרופ ***בעמ,,,"י""ח",400,ל גרם,false,1,15,3.75,true,1,
7290105968777,false,פרכיות אנרג`תחתית שוקולד מריר70גר,שטראוס גרופ בעמ,,,"י""ח",1,,false,1,8.90,8.90,true,1,
7290106520066,false,אצבעות רבע לשבע 160גר`,שטראוס גרופ בעמ,,,"י""ח",160,ל גרם,false,1,12.90,8.06,true,1,
7290106520288,false,דנונה WOW תות 2.4% 150גר,שטראוס גרופ ***בעמ,,,"י""ח",150,"ל מ""ל",false,1,4.60,3.07,true,1,
7290106520905,false,סלט טורקי 400גר,שטראוס גרופ ***בעמ,,,"י""ח",400,ל גרם,false,1,13.90,3.48,true,1,
7290106520912,false,שמנת לבישול 9% שומן 258גר מהדרין יטבתה,שטראוס גרופ ***בעמ,,,"י""ח",258,"ל מ""ל",false,1,7.90,3.06,true,1,
7290106521049,false,סלט סלק 400גר,שטראוס גרופ ***בעמ,,,"י""ח",500,ל גרם,false,1,13.90,2.78,true,1,
7290106521926,false,קפה טורקי שקית 150 עלית 10%.,שטראוס גרופ בעמ,,,"י""ח",150,ל גרם,false,1,13.50,9,true,1,
7290106525320,false,שוקולית לאפיה 500 גר,שטראוס גרופ בעמ,,,"י""ח",500,ל גרם,false,1,15.50,3.10,true,1,
7290106525399,false,קפסולות ברזיל 06 עלית 50גר,שטראוס גרופ בעמ,,,"י""ח",50,ל גרם,false,1,19,38,true,1,
7290106525405,false,קפסולות נטול למכונות נספרסו 50גר,שטראוס גרופ בעמ,,,"י""ח",50,ל גרם,false,1,19,38,true,1,
7290106526822,false,פריכיות אנרג`י תחתית חלב 80גר,שטראוס גרופ בעמ,,,"י""ח",80,ל גרם,false,1,8.90,11.13,true,1,
7290106528628,false,דוריטוס טבעי 185ג,שטראוס פריטו ליי בעמ,,,"י""ח",185,ל גרם,false,1,6.90,3.73,true,1,
7290106571921,false,עוגיות חמוציות 180גר,קבוצת אוסם סחר-שות.מוגבלת,,,"י""ח",180,ל גרם,false,1,11.90,6.61,true,1,
7290106572027,false,לחמית חמישה דגנים 190גר,קבוצת אוסם סחר-שות.מוגבלת,,,"י""ח",230,ל גרם,false,1,8.90,3.87,true,1,
7290106573024,false,סירופ אננס דיאט 1 ליטר,קבוצת אוסם סחר-שות.מוגבלת,,,"י""ח",1,ליטר,false,1,17,17,false,1,
7290106573628,false,חומוס עם טחינה 400 גרם צבר,קבוצת אוסם סחר-שות.מוגבלת,,,"י""ח",400,ל גרם,false,1,12.70,3.18,true,1,
7290106574793,false,עוגת בראוניס ביס שוקולד 216גר,קבוצת אוסם סחר-שות.מוגבלת,,,"י""ח",216,ל גרם,false,1,11.90,5.51,false,1,
7290106574953,false,שטוחים בייגלה שומשום 300גר,קבוצת אוסם סחר-שות.מוגבלת,,,"י""ח",300,ל גרם,false,1,8.60,2.87,false,1,
7290106574977,false,שטוחים בייגלה עם מלח 300גר,קבוצת אוסם סחר-שות.מוגבלת,,,"י""ח",300,ל גרם,false,1,8.60,2.87,false,1,
7290106575011,false,פתיתים אפויים קוסקוס פלוס ח.מלאה 400גר,קבוצת אוסם סחר-שות.מוגבלת,,,"י""ח",500,ל גרם,false,1,7.60,1.52,false,1,
7290106575257,false,עוגת סופלה טעם שוקולד 340גר,קבוצת אוסם סחר-שות.מוגבלת,,,"י""ח",340,ל גרם,false,1,11.90,3.50,false,1,
7290106575431,false,עוגת סופלה טעם שוקו וניל 340גר,קבוצת אוסם סחר-שות.מוגבלת,,,"י""ח",340,ל גרם,false,1,11.90,3.50,false,1,
7290106576223,false,אפרופו שוקולד 40גר,קבוצת אוסם סחר-שות.מוגבלת,,,"י""ח",50,ל גרם,false,1,5,10,true,1,
7290106576513,false,חומוס צבר 400גר,קבוצת אוסם סחר-שות.מוגבלת,,,"י""ח",400,ל גרם,false,1,11.90,2.98,false,1,
7290106576537,false,חומוס מסעדה 700גר צבר,קבוצת אוסם סחר-שות.מוגבלת,,,"י""ח",700,ל גרם,false,1,11.70,1.67,false,1,
7290106576797,false,לה קרמריה וניל איטלקי 1.4ליטר,נגה גלידות,,,"י""ח",1.40,ליטר,false,1,18.90,13.50,true,1,
7290106576834,false,לה קרמריה פונש בננה 1.4ליטר,נגה גלידות,,,"י""ח",1.40,ליטר,false,1,18.90,13.50,true,1,
7290106576858,false,לה קרמריה תותים בשמנת 1.4ליטר,נגה גלידות,,,"י""ח",1.40,ליטר,false,1,18.90,13.50,true,1,
7290106576919,false,לה קרמריה סורבה תות לימון1.4ליטר,נגה גלידות,,,"י""ח",1.40,ליטר,false,1,18.90,13.50,true,1,
7290106576957,false,לה קרמריה שוקו וניל פליק פרווה 1.4ליטר,נגה גלידות,,,"י""ח",1.40,ליטר,false,1,18.90,13.50,true,1,
7290106576971,false,לה קרמריה שוקולד בלגי 1.4ליטר,נגה גלידות,,,"י""ח",1.40,ליטר,false,1,18.90,13.50,true,1,
7290106576995,false,לה קרמריה סורבה תות מנג לייט 1.4 ליטר,נגה גלידות,,,"י""ח",1.40,ליטר,false,1,18.90,13.50,true,1,
7290106577039,false,לה קרמריה וניל שוקו פליק 1.4ליטר,נגה גלידות,,,"י""ח",1.40,ליטר,false,1,18.90,13.50,true,1,
7290106577282,false,טחינה מרובע 400גר,קבוצת אוסם סחר-שות.מוגבלת,,,"י""ח",400,ל גרם,false,1,12.70,3.18,true,1,
7290106578821,false,עוגת שמרים שוקולד קלאסית 350גר,קבוצת אוסם סחר-שות.מוגבלת,,,"י""ח",350,ל גרם,false,1,17.90,5.11,false,1,
7290106652996,false,כיף כף מקלות קוקוס 40גר,שטראוס גרופ בעמ,,,"י""ח",40,ל גרם,false,1,4.80,12,true,1,
7290106654099,false,מילקי CAKE מאגדת שמינייה שטראוס,שטראוס גרופ ***בעמ,,,"י""ח",272,ל גרם,false,1,19.90,7.32,true,1,
7290106656734,false,"חיוכים וניל 600גר בד""ץ",שטראוס גרופ בעמ,,,"י""ח",600,ל גרם,false,1,16.90,2.82,true,1,
7290106663558,false,"רוטב טריאקי רימון 280מ""ל",שטראוס גרופ בעמ,,,"י""ח",280,"ל מ""ל",false,1,12.90,4.61,true,1,
7290106664067,false,לאבנה שמן זית וזעתר 10% שומן 400גר,שטראוס גרופ ***בעמ,,,"י""ח",400,ל גרם,false,1,14.90,3.73,true,1,
7290106664555,false,רוטב שמנת עם עגבניות 9%,שטראוס גרופ ***בעמ,,,"י""ח",200,ל גרם,false,1,9.90,4.95,true,1,
7290106664562,false,רוטב שמנת עם פטריות 9%,שטראוס גרופ ***בעמ,,,"י""ח",200,ל גרם,false,1,10.90,5.45,true,1,
7290106666788,false,סוכ דבש נוסטלגיה 100גר,שטראוס גרופ בעמ,,,"י""ח",100,ל גרם,false,1,4.90,4.90,true,1,
7290106668577,false,"מיץ לימון טבעי 250מ""ל יד מרדכי",שטראוס גרופ בעמ,,,"י""ח",250,"ל מ""ל",false,1,7.80,3.12,true,1,
7290106668713,false,דנונה פירות יער 3%,שטראוס גרופ ***בעמ,,,"י""ח",150,"ל מ""ל",false,1,3.50,2.33,true,1,
7290106669857,false,קפסולות אספרסו עלית טעם וניל 50גר,שטראוס גרופ בעמ,,,"י""ח",50,ל גרם,false,1,19,38,true,1,
7290106720626,false,ציטוס גבינה 80ג,שטראוס פריטו ליי בעמ,,,"י""ח",80,ל גרם,false,1,4.20,5.25,true,1,
7290106721913,false,מסטיק מאסט ריח פה צ`יקלט 66גר,שטראוס גרופ בעמ,,,"י""ח",66,ל גרם,false,1,9.90,15,true,1,
7290106721920,false,מסטיק מאסט ספירמינט צ`יקלט 66גר,שטראוס גרופ בעמ,,,"י""ח",66,ל גרם,false,1,9.90,15,true,1,
7290106725867,false,"סירופ מייפל טבעי 189 מ""ל יד מרדכי",שטראוס גרופ בעמ,,,"י""ח",189,"ל מ""ל",false,1,32.90,17.41,true,1,
7290106725874,false,"סירופ מייפל טבעי 236 מ""ל יד מרדכי",שטראוס גרופ בעמ,,,"י""ח",236,"ל מ""ל",false,1,41.90,17.75,true,1,
7290106726178,false,דנונה WOW פירות יער 2.4% 150גר,שטראוס גרופ ***בעמ,,,"י""ח",150,"ל מ""ל",false,1,4.60,3.07,true,1,
7290106727984,false,גביע פצפצים 135גר,שטראוס גרופ בעמ,,,"י""ח",135,ל גרם,false,1,9.90,7.33,true,1,
7290106729650,false,מארז דנונה שמינייה תות 3% 150גר,שטראוס גרופ ***בעמ,,,"י""ח",1.20,ליטר,false,1,23.90,19.92,true,1,
7290107280020,false,מטליות לחות לניקוי כללי 50 * 3 מארז סנ,החב הדרומית לשיווק,,,"י""ח",1,,false,1,18.90,18.90,false,1,
7290107280068,false,מגשית אלומיניום מארז XL,החב הדרומית לשיווק,,,"י""ח",1,,false,1,9.90,9.90,false,1,
7290107280075,false,מגשית אלומיניום מארז 4 יח מידה L,החב הדרומית לשיווק,,,"י""ח",1,,false,1,9.90,9.90,false,1,
7290107280082,false,מגשית אלומיניום מארז 7 יח אינגליש קייק,החב הדרומית לשיווק,,,"י""ח",1,,false,1,9.90,9.90,false,1,
7290107280099,false,מגבוני ט. סנו סופט לחים שלישייה,החב הדרומית לשיווק,,,"י""ח",3,"י""ח",false,1,15.90,5.30,false,1,
7290107280129,false,שקיות אשפה 20יח,החב הדרומית לשיווק,,,"י""ח",1,,false,1,22.90,22.90,false,1,
7290107280341,false,מטליות לחות לרצפה מלון מפנק 10 יחידו,החב הדרומית לשיווק,,,"י""ח",1,,false,1,12.90,12.90,false,1,
7290107280389,false,"סנו גט מרסס לאמבטיה 750מ""ל",החב הדרומית לשיווק,,,"י""ח",750,"ל מ""ל",false,1,15.90,2.12,false,1,
7290107280396,false,"סנו גט מרסס למטבח 750מ""ל",החב הדרומית לשיווק,,,"י""ח",750,"ל מ""ל",false,1,10,1.33,false,1,
7290107280549,false,"K-400 סנו 300מ""ל",החב הדרומית לשיווק,,,"י""ח",300,"ל מ""ל",false,1,10.90,3.63,false,1,
7290107280563,false,סנו אוקסיגן ג`ל בייבי 3ליטר,החב הדרומית לשיווק,,,"י""ח",3,ליטר,false,1,28.90,9.63,false,1,
7290107280655,false,"מקסימה 3.25ק""ג",החב הדרומית לשיווק,,,"י""ח",3.25,"ק""ג",false,1,29.90,9.20,false,1,
7290107280716,false,"מלח למדיח 2ק""ג ספארק",החב הדרומית לשיווק,,,"י""ח",2,"ק""ג",false,1,12.90,6.45,false,1,
7290107280730,false,"נוזל כלים סנו ספארק 700מ""ל לבנדר",החב הדרומית לשיווק,,,"י""ח",700,"ל מ""ל",false,1,9.90,1.41,false,1,
7290107280754,false,"נוזל כלים סנו ספארק 700מ""ל היפואלרגני",החב הדרומית לשיווק,,,"י""ח",700,"ל מ""ל",false,1,9.90,1.41,false,1,
7290107280761,false,נוזל כלים סנו ספארק 1ל לימון,החב הדרומית לשיווק,,,"י""ח",1,ליטר,false,1,10.90,10.90,false,1,
7290107280822,false,ריצפז פרש הום ספא 2ל,החב הדרומית לשיווק,,,"י""ח",1.45,ליטר,false,1,19.80,13.66,false,1,
7290107522106,false,סדין מיקס יור סטייל 120*200,דניאלה ע.י בעמ,,,"י""ח",1,,false,1,54.90,54.90,false,1,
7290107522120,false,סדין מיקס יור סטייל 180*200,דניאלה ע.י בעמ,,,"י""ח",1,,false,1,69.90,69.90,false,1,
7290107522144,false,זוג ציפיות מיקס יור סטייל 50*70,דניאלה ע.י בעמ,,,"י""ח",1,,false,1,29.90,29.90,true,1,
7290107645584,false,מרק עוף אמיתי 400כ ר. טבעיים.,יוניליוור ישראל שיווק בעמ,,,"י""ח",400,ל גרם,false,1,18.90,4.73,true,1,
7290107645591,false,מרק טעם עוף 400 ג קנור ר.טבעים,יוניליוור ישראל שיווק בעמ,,,"י""ח",400,ל גרם,false,1,14.90,3.73,false,1,
7290107646062,false,מרק בצל 400 ג קנור ר.טבעיים,יוניליוור ישראל שיווק בעמ,,,"י""ח",400,ל גרם,false,1,18,4.50,true,1,
7290107646147,false,חטיפי שוגי קורנפלקס שישייה 156גר.,יוניליוור ישראל שיווק בעמ,,,"י""ח",156,ל גרם,false,1,10,6.41,false,1,
7290107646154,false,חטיפי קוקומן פצפ. טעם שוקו שישייה 126ג,יוניליוור ישראל שיווק בעמ,,,"י""ח",156,ל גרם,false,1,10,6.41,false,1,
7290107646826,false,חטיפי דגנים פתיתי תירס בשוקולד,יוניליוור ישראל שיווק בעמ,,,"י""ח",156,ל גרם,false,1,10,6.41,false,1,
7290107646963,false,ממרח ספייסי מיונז 250 גרם,יוניליוור ישראל שיווק בעמ,,,"י""ח",250,ל גרם,false,1,9.90,3.96,false,1,
7290107646970,false,ממרח איולי שום 250 גרם,יוניליוור ישראל שיווק בעמ,,,"י""ח",250,ל גרם,false,1,9.90,3.96,false,1,
7290107647359,false,דומסטוס 3ס. אסלה אושן,יוניליוור ישראל שיווק בעמ,,,"י""ח",165,"ל מ""ל",false,1,15.90,9.64,false,1,
7290107647366,false,דומסטוס 3ס. אסלה ליים,יוניליוור ישראל שיווק בעמ,,,"י""ח",165,"ל מ""ל",false,1,15.90,9.64,false,1,
7290107647731,false,קוקומן חום לבן 20% פחות סוכר 375 גרם ב,יוניליוור ישראל שיווק בעמ,,,"י""ח",375,ל גרם,false,1,19.90,5.31,true,1,
7290107647823,false,ברנפלקס פתיתים 500גרם,יוניליוור ישראל שיווק בעמ,,,"י""ח",500,ל גרם,false,1,19.90,3.98,false,1,
7290107647854,false,שוגי 20% פחות סוכר 500 גר,יוניליוור ישראל שיווק בעמ,,,"י""ח",500,ל גרם,false,1,19.90,3.98,true,1,
7290107649100,false,טבעות שומשום 300גר`,יוניליוור ישראל שיווק בעמ,,,"י""ח",300,ל גרם,false,1,7.50,2.50,true,1,
7290107649728,false,גלידה פרווה 2ל.,גלידות שטראוס בעמ,,,"י""ח",2,ליטר,false,1,22.90,11.45,false,1,
7290107649735,false,גלידה טעמים 2ל.,גלידות שטראוס בעמ,,,"י""ח",2,ליטר,false,1,22.90,11.45,false,1,
7290107649858,false,מגנום לבן,גלידות שטראוס בעמ,,,"י""ח",85,ל גרם,false,1,8,9.41,true,1,
7290107874502,false,ביסלי גריל מארז אחיד 4*55גר,קבוצת אוסם סחר-שות.מוגבלת,,,"י""ח",210,ל גרם,false,1,10,4.76,true,1,
7290107875271,false,ביסלי ברביקיו מארז אחיד 4*55גר,קבוצת אוסם סחר-שות.מוגבלת,,,"י""ח",210,ל גרם,false,1,10,4.76,true,1,
7290107875400,false,לה קרמריה פיסטוק מוקה פרווה 1.4 ליטר,נגה גלידות,,,"י""ח",1.40,ליטר,false,1,18.90,13.50,true,1,
7290107877619,false,במבה נוגט מארז 30גרם *5יח,קבוצת אוסם סחר-שות.מוגבלת,,,"י""ח",150,ל גרם,false,1,10,6.67,true,1,
7290107930321,false,מעדן דובדבנים 100% 340גר,שטראוס גרופ בעמ,,,"י""ח",250,ל גרם,false,1,13.60,5.44,true,1,
7290107931397,false,כיף כף פיצפוצים 40גר,שטראוס גרופ בעמ,,,"י""ח",40,ל גרם,false,1,4.90,12.25,true,1,
7290107932080,false,חלב יטבתה מועשר 3% בקבוק 1ליטר,שטראוס גרופ ***בעמ,,,"י""ח",1,ליטר,false,1,7.30,7.30,true,1,
7290107932134,false,חלב מועשר 1% בקבוק 1ליטר,שטראוס גרופ ***בעמ,,,"י""ח",1,ליטר,false,1,7.30,7.30,true,1,
7290107933193,false,סלק מבושל 500גר ירקות שטראוס,שטראוס גרופ ***בעמ,,,"י""ח",500,ל גרם,false,1,7.90,1.58,true,1,
7290107934473,false,מארז אקטיביה שמינייה 1.5% 1.2ליטר,שטראוס גרופ ***בעמ,,,"י""ח",1.20,ליטר,false,1,19.90,16.58,true,1,
7290107936309,false,דנונה יווני לבן 130גר.,שטראוס גרופ ***בעמ,,,"י""ח",130,ל גרם,false,1,3.20,2.46,true,1,
7290107936958,false,אצבעות שוקולד עד חצות,שטראוס גרופ בעמ,,,"י""ח",66,ל גרם,false,1,9.90,15,true,1,
7290107936965,false,עיגולים שוקולד עד חצות,שטראוס גרופ בעמ,,,"י""ח",66,ל גרם,false,1,13,19.70,true,1,
7290107937542,false,משקה אקטיביה תות 1.2%,שטראוס גרופ ***בעמ,,,"י""ח",250,"ל מ""ל",false,1,4.90,1.96,true,1,
7290107937627,false,מסטיק מאסט קוביות ספירמינט 58ג,שטראוס גרופ בעמ,,,"י""ח",66,ל גרם,false,1,9.90,15,true,1,
7290107937634,false,מסטיק מאסט קוביות פפירמינט 58ג.,שטראוס גרופ בעמ,,,"י""ח",66,ל גרם,false,1,9.90,15,true,1,
7290107937856,false,קפסולות אספרסו מס11 ל. נספרסו 50ג עלית,שטראוס גרופ בעמ,,,"י""ח",50,ל גרם,false,1,19,38,true,1,
7290107938396,false,אקטימל שמיניה תות בנים,שטראוס גרופ ***בעמ,,,"י""ח",800,"ל מ""ל",false,1,19.90,2.49,true,1,
7290107940030,false,חומוס אחלה 650גר שטראוס,שטראוס גרופ ***בעמ,,,"י""ח",500,ל גרם,false,1,8.90,1.78,true,1,
7290107940467,false,אקטיביה 200גר 1.5%,שטראוס גרופ ***בעמ,,,"י""ח",200,ל גרם,false,1,3.90,1.95,true,1,
7290107941266,false,שעועית אדומה מבושלת 475גר שטראוס,שטראוס גרופ ***בעמ,,,"י""ח",475,ל גרם,false,1,12.90,2.72,true,1,
7290107943192,false,"שמנת חמוצה מהערבה יוטבתה 200מ""ל 27%",שטראוס גרופ ***בעמ,,,"י""ח",200,"ל מ""ל",false,1,4.10,2.05,true,1,
7290107944243,false,אפיפית בטעם שוקולד 200גר ללא גלוטן,שטראוס גרופ בעמ,,,"י""ח",200,ל גרם,false,1,9.70,4.85,true,1,
7290107944472,false,סימפוניה 5% שום שמיר 200גר,שטראוס גרופ ***בעמ,,,"י""ח",200,ל גרם,false,1,10.90,5.45,true,1,
7290107950190,false,מעדן דיאט שוקולד מריר 130גר,שטראוס גרופ ***בעמ,,,"י""ח",130,ל גרם,false,1,3.20,2.46,true,1,
7290107950206,false,מעדן דיאט שוקולד 130גר,שטראוס גרופ ***בעמ,,,"י""ח",130,ל גרם,false,1,3.20,2.46,true,1,
7290107951104,false,בפלות שוקולד 200גר,שטראוס גרופ בעמ,,,"י""ח",200,ל גרם,false,1,4.90,2.45,true,1,
7290107951111,false,בפלות לימון 200גר,שטראוס גרופ בעמ,,,"י""ח",200,ל גרם,false,1,4.90,2.45,true,1,
7290107951715,false,מסטיק מאסט קוביות ענבים 58גר.,שטראוס גרופ בעמ,,,"י""ח",66,ל גרם,false,1,9.90,15,true,1,
7290107953559,false,מארז קפה טורקי לדרך 168גר`,שטראוס גרופ בעמ,,,"י""ח",168,ל גרם,false,1,18.90,11.25,true,1,
7290107954709,false,קונפיטורה פירות יער 340גר,שטראוס גרופ בעמ,,,"י""ח",340,ל גרם,false,1,13.60,4,true,1,
7290107956642,false,"תרסיס שמן זית 150גרם כשל""פ",שטראוס גרופ בעמ,,,"י""ח",150,ל גרם,false,1,17.90,11.93,true,1,
7290107956895,false,קפסולות טעם קרמל למכונות נספרסו 50גר,שטראוס גרופ בעמ,,,"י""ח",50,ל גרם,false,1,19,38,true,1,
7290107956901,false,קפסולות אספרסו טעם אגוזים 150גר,שטראוס גרופ בעמ,,,"י""ח",50,ל גרם,false,1,19,38,true,1,
7290107956925,false,קפסולות עלית אוגנדה 13 למכונת נספרסו,שטראוס גרופ בעמ,,,"י""ח",50,ל גרם,false,1,19,38,true,1,
7290107956932,false,קפסולות אספרסו עלית 50גר,שטראוס גרופ בעמ,,,"י""ח",50,ל גרם,false,1,19,38,true,1,
7290107957069,false,מסטיק עלמה טעם אוכמניות 66ג צנצנת,שטראוס גרופ בעמ,,,"י""ח",66,ל גרם,false,1,9.90,15,true,1,
7290107957076,false,מסטיק עלמה טעם ספירמינט 66ג צנצנת,שטראוס גרופ בעמ,,,"י""ח",66,ל גרם,false,1,9.90,15,true,1,
7290107957229,false,נטיפי שוקולד ציפס מריר 250גר עלית,שטראוס גרופ בעמ,,,"י""ח",180,ל גרם,false,1,11.90,6.61,true,1,
7290107957991,false,מילקי מינייס CAKE 144ג שטראוס,שטראוס גרופ ***בעמ,,,"י""ח",144,ל גרם,false,1,13.90,9.65,true,1,
7290107958035,false,"מארז 8 דנונה מתיקות מעודנת לל""ס וממתיק",שטראוס גרופ ***בעמ,,,"י""ח",1.20,ליטר,false,1,17.90,14.92,true,1,
7290107970129,false,ליידי 24/7 רול און ירוק,ש.שסטוביץ בעמ,,,"י""ח",50,"ל מ""ל",false,1,14.90,29.80,true,1,
7290107973311,false,מברשת שיניים זוג 360,ש.שסטוביץ בעמ,,,"י""ח",1,,false,1,19.90,19.90,true,1,
7290107973793,false,עגבניות שלמות 400גר מאסטר שף.,ש.שסטוביץ בעמ,,,"י""ח",400,ל גרם,false,1,5.90,1.48,false,1,
7290107973861,false,עגבניות קצוצות דק מנה 400גר*3,ש.שסטוביץ בעמ,,,"י""ח",1.20,"ק""ג",false,1,16.90,14.08,false,1,
7290107974066,false,עלי טורטיה קמח מלא 320ג מאסטר שף,ש.שסטוביץ בעמ,,,"י""ח",320,ל גרם,false,1,9.90,3.09,false,1,
7290107974073,false,טורטיה קמח לבן 320ג מאסטר שף,ש.שסטוביץ בעמ,,,"י""ח",320,ל גרם,false,1,9.90,3.09,false,1,
7290107974080,false,עלי טורטיה קמח מלא 756ג מאסטר שף,ש.שסטוביץ בעמ,,,"י""ח",740,ל גרם,false,1,15.90,2.15,false,1,
7290107974820,false,ממרח מתובל ספייסי 253ג מנה,ש.שסטוביץ בעמ,,,"י""ח",253,ל גרם,false,1,7.90,3.12,false,1,
7290107974837,false,ממרח מתובל שום 253ג מנה,ש.שסטוביץ בעמ,,,"י""ח",253,ל גרם,false,1,7.90,3.12,false,1,
7290107975360,false,ליידי ספיד סטיק פיור גל,ש.שסטוביץ בעמ,,,"י""ח",1,"י""ח",false,1,19.90,19.90,true,1,
7290107975544,false,"קולגייט סמיילס ברבי 50מ""ל",ש.שסטוביץ בעמ,,,"י""ח",66,ל גרם,false,1,11.90,18.03,false,1,
7290107976848,false,סבון מוצק קמומיל פלמוליב 4 יח,ש.שסטוביץ בעמ,,,"י""ח",360,ל גרם,false,1,16.90,4.69,true,1,
7290107978323,false,איטריות דקיקות 400ג מאסטר שף,ש.שסטוביץ בעמ,,,"י""ח",400,ל גרם,false,1,4.90,1.23,true,1,
7290107978330,false,איטריות דקות 400ג מאסטר שף,ש.שסטוביץ בעמ,,,"י""ח",400,ל גרם,false,1,4.90,1.23,true,1,
7290107978347,false,איטריות בינוניות 400ג מאסטר שף,ש.שסטוביץ בעמ,,,"י""ח",400,ל גרם,false,1,4.90,1.23,true,1,
7290108079357,false,מארז בלונים על מקל כסף,שמחה זה אנחנו,,,"י""ח",1,,false,1,29.90,29.90,false,1,
7290108090338,false,עגבניה תמר,ביכורי השדה צפון 1994 ג.ד. בעמ,,,"ק""ג",1,,true,1,5.90,5.90,false,1,
7290108201284,false,"אירוויק מקלות לבנדר 30מ""ל",רקיט בנקיזר (ניר איסט) בעמ,,,"י""ח",30,"ל מ""ל",false,1,14.90,49.67,true,1,
7290108201437,false,"קולון 101 2.5ק""ג",רקיט בנקיזר (ניר איסט) בעמ,,,"י""ח",2.50,"ק""ג",false,1,24.90,9.96,false,1,
7290108201864,false,קולון קפסולות לכביסה 1/28,רקיט בנקיזר (ניר איסט) בעמ,,,"י""ח",28,"י""ח",false,1,24.90,0.89,false,1,
7290108350128,false,שקיות אשפה חזקות סנו,החב הדרומית לשיווק,,,"י""ח",1,,false,1,24.90,24.90,false,1,
7290108350142,false,"שקיות רב""ש",החב הדרומית לשיווק,,,"י""ח",1,,false,1,14.90,14.90,false,1,
7290108350180,false,מפיות מודפסות 100יח,החב הדרומית לשיווק,,,"י""ח",100,"י""ח",false,1,6.90,0.07,false,1,
7290108350210,false,שקיות אשפה אקסטרא חוזק30 יח,החב הדרומית לשיווק,,,"י""ח",1,,false,1,22.90,22.90,false,1,
7290108350531,false,נוזל כלים סנו ספארק 1ל קלאסי,החב הדרומית לשיווק,,,"י""ח",1,ליטר,false,1,10.90,10.90,false,1,
7290108350548,false,נוזל כלים סנו ספארק 1ל לבנדר,החב הדרומית לשיווק,,,"י""ח",1,ליטר,false,1,10.90,10.90,false,1,
7290108350555,false,נוזל כלים סנו ספארק 1ל שקד,החב הדרומית לשיווק,,,"י""ח",1,ליטר,false,1,12.90,12.90,false,1,
7290108350586,false,נוזל כלים סנו ספארק 1.5ל לימון רענן,החב הדרומית לשיווק,,,"י""ח",1.50,ליטר,false,1,15.90,10.60,false,1,
7290108350616,false,מרכך מקסימה כביסה 1 ליטר בלו,החב הדרומית לשיווק,,,"י""ח",1,ליטר,false,1,17.50,17.50,false,1,
7290108350623,false,מרכך מקסימהכביסה 1 ליטר סופט סילק,החב הדרומית לשיווק,,,"י""ח",1,ליטר,false,1,17.50,17.50,false,1,
7290108350722,false,אורביטול בוב ספוג משחת שיניים לילדים,החב הדרומית לשיווק,,,"י""ח",70,ל גרם,false,1,7.90,11.29,false,1,
7290108351149,false,סנו גט לניקוי כללי ורצפות+סודה 1.5ל.,החב הדרומית לשיווק,,,"י""ח",1.50,ליטר,false,1,14.90,9.93,false,1,
7290108351156,false,סנו גט לניקוי כללי ורצפות+חומץ 1.5ל.,החב הדרומית לשיווק,,,"י""ח",1.50,ליטר,false,1,10,6.67,false,1,
7290108351507,false,מקסימה מרכך 4 ל SOFT SILK,החב הדרומית לשיווק,,,"י""ח",4,ליטר,false,1,21.90,5.48,false,1,
7290108351514,false,מקסימה מרכך 4 ל BLUE BLOSSOM,החב הדרומית לשיווק,,,"י""ח",4,ליטר,false,1,21.90,5.48,false,1,
7290108351521,false,גל כביסה מקסימה 5ל נואר,החב הדרומית לשיווק,,,"י""ח",5,ליטר,false,1,44.90,8.98,false,1,
7290108351552,false,סנו גט תרסיס פלוס לניקוי כללי+חומץ,החב הדרומית לשיווק,,,"י""ח",750,"ל מ""ל",false,1,11.90,1.59,false,1,
7290108351590,false,"סנופרש הום בניחוח מרכך כביסה 350מ""ל",החב הדרומית לשיווק,,,"י""ח",350,"ל מ""ל",false,1,9.90,2.83,false,1,
7290108351613,false,ריצפז פרש הום בית מלון חלומי 2ל לרצפה,החב הדרומית לשיווק,,,"י""ח",1.45,ליטר,false,1,19.80,13.66,false,1,
7290108351675,false,גל כביסה מקסימה 5ל Mix Wash,החב הדרומית לשיווק,,,"י""ח",5,ליטר,false,1,44.90,8.98,false,1,
7290108351682,false,גל כביסה מקסימה 5ל Bio Cold Water,החב הדרומית לשיווק,,,"י""ח",5,ליטר,false,1,44.90,8.98,false,1,
7290108351705,false,פניני בישום FRESH LINEN י 275 גרם,החב הדרומית לשיווק,,,"י""ח",275,ל גרם,false,1,19.90,7.24,false,1,
7290108351712,false,פניני בישום LOVELY י 275 גרם,החב הדרומית לשיווק,,,"י""ח",275,ל גרם,false,1,19.90,7.24,false,1,
7290108351781,false,"סנו גט לניקוי+ניקוי אסלות 750מ""ל.",החב הדרומית לשיווק,,,"י""ח",750,"ל מ""ל",false,1,8.90,1.19,true,1,
7290108351804,false,מרכך מקסימה סופר מרוכז Gentle breeze 1לי,החב הדרומית לשיווק,,,"י""ח",1,ליטר,false,1,17.50,17.50,false,1,
7290108351811,false,מרכך מקסימה סופר מרוכז Floral tou 1 ליטר,החב הדרומית לשיווק,,,"י""ח",1,ליטר,false,1,17.50,17.50,false,1,
7290108351835,false,מרכך כביסה מקסימה FLORAL TOUCH י4ל`,החב הדרומית לשיווק,,,"י""ח",4,ליטר,false,1,21.90,5.48,false,1,
7290108351996,false,תרסיס לחיטוי וניקוי בייבי 99.9%,החב הדרומית לשיווק,,,"י""ח",750,"ל מ""ל",false,1,14.90,1.99,false,1,
7290108352061,false,אורביטול משחת שיניים פחם Go White,החב הדרומית לשיווק,,,"י""ח",145,ל גרם,false,1,10.90,7.52,false,1,
7290108352078,false,אורביטול שטיפת פה Protective Salt,החב הדרומית לשיווק,,,"י""ח",500,"ל מ""ל",false,1,19.90,3.98,true,1,
7290108352115,false,סנובון מוצק Wave שלישייה בתוספת אקונו,החב הדרומית לשיווק,,,"י""ח",1,"י""ח",false,1,9.90,9.90,false,1,
7290108352153,false,"סנובון נוזלי בניחוח לוטוס וסחלב 750 מ""ל",החב הדרומית לשיווק,,,"י""ח",750,"ל מ""ל",false,1,10.90,1.45,false,1,
7290108352207,false,קפסולות לכביסה מקסימה פלורל 40יח,החב הדרומית לשיווק,,,"י""ח",40,"י""ח",false,1,31.90,0.80,false,1,
7290108352214,false,קפסולות לכביסה מקסימה פרש בריז 40יח,החב הדרומית לשיווק,,,"י""ח",40,"י""ח",false,1,31.90,0.80,false,1,
7290108352221,false,"סנופרש הום נטול גז 350מ""ל",החב הדרומית לשיווק,,,"י""ח",350,"ל מ""ל",false,1,11.90,3.40,false,1,
7290108352252,false,נוזל כלים סנו ספארק 1ל ללא צבע ובושם.,החב הדרומית לשיווק,,,"י""ח",1,ליטר,false,1,10.90,10.90,false,1,
7290108352283,false,נוזל לחיטוי וניקוי יסודי 99.9% רצפות,החב הדרומית לשיווק,,,"י""ח",1,"י""ח",false,1,17.90,17.90,false,1,
7290108352290,false,מטליות חיטוי וניקוי יסודי 99.9% 1/3 אמ,החב הדרומית לשיווק,,,"י""ח",3,"י""ח",false,1,19.90,6.63,false,1,
7290108352320,false,"סנופרש הום נטול גז 350מ""ל",החב הדרומית לשיווק,,,"י""ח",350,"ל מ""ל",false,1,9.90,2.83,false,1,
7290108352337,false,"פרש אוטומטיק בניחוח מלון מפנק 250מ""ל",החב הדרומית לשיווק,,,"י""ח",165,ל גרם,false,1,12.90,7.82,false,1,
7290108352368,false,תוסף לחיטוי כביסה 3ליטר 99.9%,החב הדרומית לשיווק,,,"י""ח",3,ליטר,false,1,29.90,9.97,false,1,
7290108352399,false,ריצפז פרש הום 2ל לרצפה מרכך כביסה,החב הדרומית לשיווק,,,"י""ח",1.45,ליטר,false,1,19.80,13.66,false,1,
7290108352436,false,סנובון כחול שלישיה מגנוליה ונרולי,החב הדרומית לשיווק,,,"י""ח",165,ל גרם,false,1,14.90,9.03,true,1,
7290108352443,false,סנובון כחול שלישיה לוטוס וסחלב,החב הדרומית לשיווק,,,"י""ח",165,ל גרם,false,1,14.90,9.03,true,1,
7290108352450,false,ריצפז פרש הום 2ל לרצפה Blue Blossom,החב הדרומית לשיווק,,,"י""ח",1.45,ליטר,false,1,19.80,13.66,false,1,
7290108352511,false,מקסימה לניקוי וחיטוי מכונת הכביסה 500,החב הדרומית לשיווק,,,"י""ח",500,"ל מ""ל",false,1,11.90,2.38,false,1,
7290108352566,false,מרכך JOY 4 ליטר,החב הדרומית לשיווק,,,"י""ח",4,ליטר,false,1,21.90,5.48,false,1,
7290108352573,false,מרכך כביסה CALM מקסימה 4 ליטר,החב הדרומית לשיווק,,,"י""ח",4,ליטר,false,1,21.90,5.48,false,1,
7290108352597,false,מטליות לחות בדלי 400יח סנו,החב הדרומית לשיווק,,,"י""ח",400,"י""ח",false,1,29.90,0.07,false,1,
7290108352627,false,מפת נילון שקופה בגליל סנו סושי.,החב הדרומית לשיווק,,,"י""ח",1,,false,1,19.90,19.90,false,1,
7290108352689,false,כריות קרצוף ללכלוך קשה 1/9,החב הדרומית לשיווק,,,"י""ח",1,,false,1,9.50,9.50,false,1,
7290108352702,false,נייר טואלט לח סנו בוב ספוג שלישייה,החב הדרומית לשיווק,,,"י""ח",3,"י""ח",false,1,16.30,5.43,false,1,
7290108352795,false,שקיות זיפר 50יח במידה M סנו סושי,החב הדרומית לשיווק,,,"י""ח",50,"י""ח",false,1,9.90,0.20,false,1,
7290108352801,false,שקיות אשפה לפח קטן 1/100,החב הדרומית לשיווק,,,"י""ח",100,"י""ח",false,1,18.90,0.19,false,1,
7290108352825,false,ספוג הפלא נירוסטה,החב הדרומית לשיווק,,,"י""ח",1,,false,1,9.90,9.90,false,1,
7290108352849,false,מטליות הפלא לניקוי כללי 1/3 Decor,החב הדרומית לשיווק,,,"י""ח",3,"י""ח",false,1,14.90,4.97,false,1,
7290108352863,false,סנו סושי 20 שקיות צליה L,החב הדרומית לשיווק,,,"י""ח",10,"י""ח",false,1,7.90,0.79,false,1,
7290108352870,false,סנו סושי 10 שקיות צליה XL,החב הדרומית לשיווק,,,"י""ח",10,"י""ח",false,1,7.90,0.79,false,1,
7290108352887,false,זוג מפות אירוח,החב הדרומית לשיווק,,,"י""ח",1,,false,1,9.90,9.90,false,1,
7290108353006,false,שקיות אוכל נקשרות 250יח,החב הדרומית לשיווק,,,"י""ח",1,,false,1,11.90,11.90,false,1,
7290108353068,false,סנו סושי כרית קרצוף עם סיבי נירוסטה,החב הדרומית לשיווק,,,"י""ח",1,,false,1,10.90,10.90,false,1,
7290108353099,false,סנו סופט ממחטות מארז 5*100יח,החב הדרומית לשיווק,,,"י""ח",500,"י""ח",false,1,11.90,0.02,false,1,
7290108353372,false,מברשות שיניים 12000 סיבי פחם NANO,החב הדרומית לשיווק,,,"י""ח",1,,false,1,29.90,29.90,false,1,
7290108353518,false,תבניות XL אקסטרה חזקות 2יח,החב הדרומית לשיווק,,,"י""ח",4,"י""ח",false,1,9.90,2.48,false,1,
7290108353525,false,תבניות L אקסטרה חזקות 4יח,החב הדרומית לשיווק,,,"י""ח",4,"י""ח",false,1,11.90,2.98,false,1,
7290108353648,false,שקיות אוכל מנייר 70יח סנו סושי,החב הדרומית לשיווק,,,"י""ח",70,"י""ח",false,1,12.90,0.18,false,1,
7290108353679,false,מפות ניילון שקופות 10יח סנו סושי,החב הדרומית לשיווק,,,"י""ח",10,"י""ח",false,1,14.90,1.49,false,1,
7290108353686,false,סנו סושי מטלית הפלא לרצפה Decor,החב הדרומית לשיווק,,,"י""ח",1,,false,1,10.90,10.90,false,1,
7290108353709,false,כפפות ניטריל Sסנו סושי 80י,החב הדרומית לשיווק,,,"י""ח",80,"י""ח",false,1,29.90,0.37,false,1,
7290108353761,false,"קרמה תחליב רחצה זן ספא 600מ""ל",החב הדרומית לשיווק,,,"י""ח",600,"ל מ""ל",false,1,17.90,2.98,false,1,
7290108353785,false,תחליב רחצה מרוקו בניחוח טונקה 750 מ,החב הדרומית לשיווק,,,"י""ח",750,"ל מ""ל",false,1,9.90,1.32,false,1,
7290108353839,false,כפפות ניטריל Mסנו סושי 80י,החב הדרומית לשיווק,,,"י""ח",80,"י""ח",false,1,29.90,0.37,false,1,
7290108353846,false,כפפות ניטריל Lסנו סושי 80י,החב הדרומית לשיווק,,,"י""ח",80,"י""ח",false,1,29.90,0.37,false,1,
7290108353907,false,"קרמה דאו רול און קלאסי 75 מ""ל",החב הדרומית לשיווק,,,"י""ח",75,"ל מ""ל",false,1,11.90,15.87,false,1,
7290108353969,false,"קרמה ספריי קרמה מאסק 150מ""ל",החב הדרומית לשיווק,,,"י""ח",150,"ל מ""ל",false,1,11.90,7.93,false,1,
7290108353983,false,"קרם גוף קרמה קלאסי 500 מ""ל.",החב הדרומית לשיווק,,,"י""ח",500,"ל מ""ל",false,1,24.90,4.98,false,1,
7290108353990,false,"קרם גוף קרמה מאסק 500 מ""ל.",החב הדרומית לשיווק,,,"י""ח",500,"ל מ""ל",false,1,24.90,4.98,false,1,
7290108354034,false,"קרמה סבון ידיים חמאת שיאה וקוקוי 300מ""",החב הדרומית לשיווק,,,"י""ח",300,"ל מ""ל",false,1,9.90,3.30,true,1,
7290108354164,false,כיף אלסבון שלישייה קטיפתי מועשר בשמנים,החב הדרומית לשיווק,,,"י""ח",1.50,ליטר,false,1,18.90,12.60,false,1,
7290108354270,false,מרכך כביסה CALM מקסימה 1 ליטר מרוכז,החב הדרומית לשיווק,,,"י""ח",1,ליטר,false,1,17.50,17.50,false,1,
7290108354430,false,"כיף שמפו שיער לשיקום והזנה 700מ""ל",החב הדרומית לשיווק,,,"י""ח",700,"ל מ""ל",false,1,12.90,1.84,false,1,
7290108354447,false,"כיף מרכך שיער לשיקום והזנה 700מ""ל",החב הדרומית לשיווק,,,"י""ח",700,"ל מ""ל",false,1,12.90,1.84,false,1,
7290108354591,false,"תחליב רחצה נקה 7 ביו 750מ""ל",החב הדרומית לשיווק,,,"י""ח",750,"ל מ""ל",false,1,10,1.33,false,1,
7290108354607,false,"שמפו נקה 7 ביו 750מ""ל",החב הדרומית לשיווק,,,"י""ח",750,"ל מ""ל",false,1,10,1.33,false,1,
7290108354614,false,"מרכך נקה 7 ביו 750מ""ל",החב הדרומית לשיווק,,,"י""ח",750,"ל מ""ל",false,1,10,1.33,false,1,
7290108354751,false,סנו גט תרסיס פלוס לניקוי כללי+סודה,החב הדרומית לשיווק,,,"י""ח",750,"ל מ""ל",false,1,10,1.33,false,1,
7290108354782,false,"קרם גוף קרמה ג`ינג`ר ולמון גראס 500 מ""",החב הדרומית לשיווק,,,"י""ח",500,"ל מ""ל",false,1,24.90,4.98,false,1,
7290108354850,false,"קרמה דאו רול און בריזת ים 75 מ""ל",החב הדרומית לשיווק,,,"י""ח",75,"ל מ""ל",false,1,11.90,15.87,false,1,
7290108354911,false,"קרמה מן גל לאחר גילוח 700מ""ל",החב הדרומית לשיווק,,,"י""ח",700,"ל מ""ל",false,1,14.90,2.13,false,1,
7290108354973,false,"קרמה סבון ידיים ורד וניל 300מ""ל",החב הדרומית לשיווק,,,"י""ח",300,"ל מ""ל",false,1,9.90,3.30,true,1,
7290108355147,false,"תחליב רחצה נקה7 שמני הזנה 750 מ""ל",החב הדרומית לשיווק,,,"י""ח",750,"ל מ""ל",false,1,9.90,1.32,false,1,
7290108355154,false,"שמפו נקה 7 שמני הזנה 750 מ""ל",החב הדרומית לשיווק,,,"י""ח",750,"ל מ""ל",false,1,10,1.33,false,1,
7290108355451,false,"קרמה דאו רול און ורד וניל 75מ""ל",החב הדרומית לשיווק,,,"י""ח",75,"ל מ""ל",false,1,11.90,15.87,false,1,
7290108355468,false,"קרמה דאו רול און נרולי ומגנוליה 75מ""ל",החב הדרומית לשיווק,,,"י""ח",75,"ל מ""ל",false,1,11.90,15.87,false,1,
7290108355802,false,תחליב רחצה ורד ווניל קרמה 700,החב הדרומית לשיווק,,,"י""ח",700,ל גרם,false,1,16.90,2.41,false,1,
7290108355949,false,תחליב רחצה נרולי ומגנוליה קרמה 700,החב הדרומית לשיווק,,,"י""ח",700,ל גרם,false,1,16.90,2.41,false,1,
7290108356175,false,אל סבון כיף 1 ליטר.,החב הדרומית לשיווק,,,"י""ח",1,ליטר,false,1,13.90,13.90,false,1,
7290108356229,false,"קרמה ג ל גילוח קרבון פאוור 200מ""ל",החב הדרומית לשיווק,,,"י""ח",200,"ל מ""ל",false,1,12.90,6.45,false,1,
7290108356397,false,כיף תחליב רחצה בניחוח מלבי מפנק 700מ,החב הדרומית לשיווק,,,"י""ח",700,"ל מ""ל",false,1,12.90,1.84,false,1,
7290108356403,false,כיף תחליב רחצה בניחוח עוגת חד קרן 700מ,החב הדרומית לשיווק,,,"י""ח",700,"ל מ""ל",false,1,12.90,1.84,false,1,
7290108356410,false,כיף תחליב רחצה בניחוח פנקייק בננה 700מ,החב הדרומית לשיווק,,,"י""ח",700,"ל מ""ל",false,1,12.90,1.84,false,1,
7290108356519,false,קרליין שמפו 10 שיער רגיל 700.,החב הדרומית לשיווק,,,"י""ח",700,"ל מ""ל",false,1,11,1.57,true,1,
7290108356526,false,קרליין שמפו 10 שיער יבש 700.,החב הדרומית לשיווק,,,"י""ח",700,"ל מ""ל",false,1,12.50,1.79,true,1,
7290108356533,false,קרליין שמפו 10 שיער מתולתל 700.,החב הדרומית לשיווק,,,"י""ח",700,"ל מ""ל",false,1,12.50,1.79,true,1,
7290108356564,false,קרליין מרכך 10 לשיער רגיל 700,החב הדרומית לשיווק,,,"י""ח",700,"ל מ""ל",false,1,11,1.57,true,1,
7290108356571,false,קרליין מרכך 10 לשיער יבש 700,החב הדרומית לשיווק,,,"י""ח",700,"ל מ""ל",false,1,11,1.57,true,1,
7290108356588,false,קרליין מרכך 10 לשיער מתולתל 700,החב הדרומית לשיווק,,,"י""ח",700,"ל מ""ל",false,1,12.50,1.79,true,1,
7290108356595,false,קרליין מרכך 10 לשיער צבוע 700,החב הדרומית לשיווק,,,"י""ח",700,"ל מ""ל",false,1,11,1.57,true,1,
7290108357004,false,"כיף שמפו ורד ושמן קוקוי 700מ""ל",החב הדרומית לשיווק,,,"י""ח",700,"ל מ""ל",false,1,12.90,1.84,false,1,
7290108357011,false,"כיף מרכך ורד ושמן קוקוי 700מ""ל",החב הדרומית לשיווק,,,"י""ח",700,"ל מ""ל",false,1,12.90,1.84,false,1,
7290108357042,false,"קרליין רולאון נושם ביו 75מ""ל",החב הדרומית לשיווק,,,"י""ח",75,ל גרם,false,1,11,14.67,false,1,
7290108357196,false,סנו גט תרסיס פלוס לניקוי כללי+תמצית עץ,החב הדרומית לשיווק,,,"י""ח",750,"ל מ""ל",false,1,10,1.33,false,1,
7290108357202,false,סנו קליר אקדח בניחוח בלו בלוסום 1ליטר,החב הדרומית לשיווק,,,"י""ח",1,ליטר,false,1,9.90,9.90,false,1,
7290108357226,false,"סנו אוקסיג ן POWER אבקה 1.4ק""ג לכביסה לב",החב הדרומית לשיווק,,,"י""ח",1.40,"ק""ג",false,1,31.90,22.79,false,1,
7290108357240,false,"סנו אוקסיג ן POWER אבקה 1.4ק""ג",החב הדרומית לשיווק,,,"י""ח",1.40,"ק""ג",false,1,31.90,22.79,false,1,
7290108357264,false,"פרש אוטומטיק בניחוח אולטרה פרש 250מ""ל",החב הדרומית לשיווק,,,"י""ח",165,ל גרם,false,1,12.90,7.82,false,1,
7290108357288,false,"סנו אקונומיקה ז""אוול 4 ליטר בניחוח פרי",החב הדרומית לשיווק,,,"י""ח",4,ליטר,false,1,16.90,4.23,false,1,
7290108357295,false,סנו אוקסיגאן מסיר בתרסיס מרסס,החב הדרומית לשיווק,,,"י""ח",750,"ל מ""ל",false,1,17.70,2.36,false,1,
7290108357301,false,K-300 סנו 300מל,החב הדרומית לשיווק,,,"י""ח",300,"ל מ""ל",false,1,10.90,3.63,false,1,
7290108357660,false,סנובון ג ל אסלה שלישייה לבנדר Bubbles,החב הדרומית לשיווק,,,"י""ח",65,"ל מ""ל",false,1,15.90,24.46,false,1,
7290108357707,false,"כיף שמפו שיער רגיל תפוח ציה 700מ""ל",החב הדרומית לשיווק,,,"י""ח",700,"ל מ""ל",false,1,12.90,1.84,false,1,
7290108357714,false,"כיף שמפו ש. יבש רימון שמן ארגן 700מ""ל",החב הדרומית לשיווק,,,"י""ח",700,"ל מ""ל",false,1,12.90,1.84,false,1,
7290108357745,false,"כיף שמפו ומרכך 2+1 תאנה ומנטה700מ""ל",החב הדרומית לשיווק,,,"י""ח",700,"ל מ""ל",false,1,12.90,1.84,false,1,
7290108357769,false,"כיף מרכך שיער רגיל תפוח ציה 700מ""ל",החב הדרומית לשיווק,,,"י""ח",700,"ל מ""ל",false,1,12.90,1.84,false,1,
7290108357776,false,"כיף מרכך ש. יבש רימון שמן ארגן 700מ""ל",החב הדרומית לשיווק,,,"י""ח",700,"ל מ""ל",false,1,12.90,1.84,false,1,
7290108357837,false,כיף אל סבון שקית מילוי+פקק 1ל,החב הדרומית לשיווק,,,"י""ח",1,ליטר,false,1,8.90,8.90,false,1,
7290108357844,false,כיף אל סבון שקית מילוי+פקק 1ל,החב הדרומית לשיווק,,,"י""ח",1,ליטר,false,1,8.90,8.90,false,1,
7290108357875,false,"כיף שמפו לחות מוגברת עם אפרסק 700מ""ל",החב הדרומית לשיווק,,,"י""ח",700,"ל מ""ל",false,1,12.90,1.84,false,1,
7290108357882,false,"כיף מרכך לחות מוגברת עם אפרסק 700מ""ל",החב הדרומית לשיווק,,,"י""ח",700,"ל מ""ל",false,1,12.90,1.84,false,1,
7290108358070,false,"תחליב רחצה קלאסי קרמה 700מ""ל.",החב הדרומית לשיווק,,,"י""ח",700,ל גרם,false,1,16.90,2.41,false,1,
7290108358100,false,סנו פרש הום מקלות BABY POWER,החב הדרומית לשיווק,,,"י""ח",750,"ל מ""ל",false,1,21.90,2.92,false,1,
7290108358117,false,סנו פרש הום מקלות FRESH LAUNDRY,החב הדרומית לשיווק,,,"י""ח",750,"ל מ""ל",false,1,21.90,2.92,false,1,
7290108359046,false,שקיות אשפה חזקות EXTRA סנו סושי,החב הדרומית לשיווק,,,"י""ח",20,"י""ח",false,1,24.90,1.25,false,1,
7290108359060,false,כריות הפלא סנו סושי 4 יחידות,החב הדרומית לשיווק,,,"י""ח",1,,false,1,9.90,9.90,false,1,
7290108359084,false,סנו סושי כיסוי ניילון עם גומי M,החב הדרומית לשיווק,,,"י""ח",1,"י""ח",false,1,10.90,10.90,false,1,
7290108359114,false,חמגשית אלומיניום עם מכסה,החב הדרומית לשיווק,,,"י""ח",10,"י""ח",false,1,11.90,1.19,false,1,
7290108359121,false,שקיות אשפה סושי 100יח חזקות,החב הדרומית לשיווק,,,"י""ח",1,"י""ח",false,1,59.90,59.90,false,1,
7290108359152,false,"6 תבניות אלומיניום עגולות 25ס""מ",החב הדרומית לשיווק,,,"י""ח",6,"י""ח",false,1,11,1.83,false,1,
7290108359169,false,"6 תבניות אלומיניום עגולות 28ס""מ",החב הדרומית לשיווק,,,"י""ח",6,"י""ח",false,1,11,1.83,false,1,
7290108359176,false,ממחטות אף שכבות לושן צמד 2*100,החב הדרומית לשיווק,,,"י""ח",650,ל גרם,false,1,13.90,2.14,true,1,
7290108359824,false,"בייבי כיף קרם גוף 500מ""ל",החב הדרומית לשיווק,,,"י""ח",500,"ל מ""ל",false,1,19.90,3.98,false,1,
7290108359831,false,"בייבי כיף שמן גוף 500מ""ל",החב הדרומית לשיווק,,,"י""ח",500,"ל מ""ל",false,1,19.90,3.98,false,1,
7290108359855,false,"בייבי כיף שמפו אלדמע 750מ""ל",החב הדרומית לשיווק,,,"י""ח",750,"ל מ""ל",false,1,13.90,1.85,false,1,
7290108359985,false,סנו ג`אבל קצף ניקוי בתוספת אקונומיקה,החב הדרומית לשיווק,,,"י""ח",1,ליטר,false,1,13,13,false,1,
7290108500677,false,כבד דג שיבוט 115גר`,ג.וילי פוד אינטרנשיונל בעמ,,,"י""ח",115,ל גרם,false,1,8.90,7.74,true,1,
7290108501346,false,גבינת גאודה מגורדת 500ג 28% ויליפוד,ג.וילי פוד אינטרנשיונל בעמ,,,"י""ח",500,ל גרם,false,1,17.90,3.58,false,1,
7290108501827,false,קדאיף שערות בצק 450ג,ג.וילי פוד אינטרנשיונל בעמ,,,"י""ח",450,ל גרם,false,1,18,4,false,1,
7290108501964,false,חטיף שקדים וצימוקים happy nuts,ג.וילי פוד אינטרנשיונל בעמ,,,"י""ח",100,ל גרם,false,1,14.80,14.80,true,1,
7290108501971,false,חטיף שקדים ומשמש happy nuts,ג.וילי פוד אינטרנשיונל בעמ,,,"י""ח",100,ל גרם,false,1,14.80,14.80,true,1,
7290108501988,false,חטיף שקדים וחמוציות happy nuts,ג.וילי פוד אינטרנשיונל בעמ,,,"י""ח",100,ל גרם,false,1,14.80,14.80,true,1,
7290108502725,false,גבינת גאודה פרוסות 400ג ויליפוד,ג.וילי פוד אינטרנשיונל בעמ,,,"י""ח",120,ל גרם,false,1,20.90,17.42,false,1,
7290108502763,false,גבינת קממבר 200גר ויליפוד.,ג.וילי פוד אינטרנשיונל בעמ,,,"י""ח",200,ל גרם,false,1,17.90,8.95,false,1,
7290108502862,false,מלפפונים כבושים במלח 18-25 600ג,ג.וילי פוד אינטרנשיונל בעמ,,,"י""ח",600,ל גרם,false,1,8.90,1.48,false,1,
7290108503043,false,מארז תפוחונים 1/4,ג.וילי פוד אינטרנשיונל בעמ,,,"י""ח",4,"י""ח",false,1,14.90,3.73,false,1,
7290108503067,false,פרמזנו משולש 150ג ויליפוד,ג.וילי פוד אינטרנשיונל בעמ,,,"י""ח",150,ל גרם,false,1,17.90,11.93,false,1,
7290108504408,false,ג.שמנת לייט חלפיניו 200ג euro chee ויל,ג.וילי פוד אינטרנשיונל בעמ,,,"י""ח",200,ל גרם,false,1,12.90,6.45,false,1,
7290108504699,false,רביעיית טונה בש.קנולה 160 גרם,ג.וילי פוד אינטרנשיונל בעמ,,,"י""ח",1,,false,1,19.90,19.90,false,1,
7290108505490,false,דונאטס קפוא ויליפוד,ג.וילי פוד אינטרנשיונל בעמ,,,"י""ח",1,,false,1,5.90,5.90,true,1,
7290108505719,false,גבינת מוצרלה מגורדת חצי קשה 200ג,ג.וילי פוד אינטרנשיונל בעמ,,,"י""ח",200,ל גרם,false,1,13.90,6.95,false,1,
7290108506426,false,סימיט- בייגלה 400 גרם קפוא,ג.וילי פוד אינטרנשיונל בעמ,,,"י""ח",400,ל גרם,false,1,17.90,4.48,true,1,
7290108506495,false,כנאפה קפוא 192.5 גרם קפוא,ג.וילי פוד אינטרנשיונל בעמ,,,"י""ח",192,ל גרם,false,1,12.90,6.72,true,1,
7290108507188,false,כנאפה קפוא אריזה משפחתית657.50 גרם,ג.וילי פוד אינטרנשיונל בעמ,,,"י""ח",657,ל גרם,false,1,24.90,3.79,true,1,
7290108508963,false,גבינת קשקבל מגורדת חצי קשה 200 ג 25%,ג.וילי פוד אינטרנשיונל בעמ,,,"י""ח",200,ל גרם,false,1,16.90,8.45,false,1,
7290108509113,false,גבינה בולגרית מעודנת 250גר 18% שומן`,ג.וילי פוד אינטרנשיונל בעמ,,,"י""ח",250,ל גרם,false,1,13.90,5.56,true,1,
7290108509205,false,חטיף אורז אפוי טבעי לתינוק 50ג,ג.וילי פוד אינטרנשיונל בעמ,,,"י""ח",50,ל גרם,false,1,11.90,23.80,false,1,
7290108509212,false,חטיף אורז אפוי ירקות לתינוק 50ג,ג.וילי פוד אינטרנשיונל בעמ,,,"י""ח",50,ל גרם,false,1,11.90,23.80,false,1,
7290108509267,false,ארוחת פסטה עם רוטב גבינה 206גר,ג.וילי פוד אינטרנשיונל בעמ,,,"י""ח",206,ל גרם,false,1,7.90,3.83,true,1,
7290108509359,false,פופקורן בציפוי בטעם קרמל 90גר,ג.וילי פוד אינטרנשיונל בעמ,,,"י""ח",90,ל גרם,false,1,6.90,7.67,true,1,
7290108509397,false,עלי בצק פילו(משולשים )360גרם ויליפוד,ג.וילי פוד אינטרנשיונל בעמ,,,"י""ח",360,ל גרם,false,1,9.90,2.75,false,1,
7290108509700,false,"אורז בסגנון פרסי 1ק""ג DAAWAT",ג.וילי פוד אינטרנשיונל בעמ,,,"י""ח",1,"ק""ג",false,1,9.90,9.90,false,1,
7290108509908,false,מנת השף אטריות טעם ירקות 85ג,ג.וילי פוד אינטרנשיונל בעמ,,,"י""ח",85,ל גרם,false,1,3.90,4.59,true,1,
7290108509915,false,מנת השף אטריות טעם סיני פיקנטי 85ג,ג.וילי פוד אינטרנשיונל בעמ,,,"י""ח",85,ל גרם,false,1,3.90,4.59,true,1,
7290108509922,false,מנת השף אטריות טעם עוף 85ג,ג.וילי פוד אינטרנשיונל בעמ,,,"י""ח",85,ל גרם,false,1,3.90,4.59,true,1,
7290108509984,false,"רוטב סויה 300מ""ל",ג.וילי פוד אינטרנשיונל בעמ,,,"י""ח",300,ל גרם,false,1,8.90,2.97,false,1,
7290108509991,false,"רוטב טריאקי 300מ""ל",ג.וילי פוד אינטרנשיונל בעמ,,,"י""ח",300,ל גרם,false,1,8.90,2.97,false,1,
7290108620054,false,"יין קברנה סוביניון 750מ""ל Estate",יקבי ציון (1982) בעמ,,,"י""ח",750,"ל מ""ל",false,1,39.90,5.28,false,1,
7290108620108,false,"יין קברנה סוביניון 750מ""ל Imperial",יקבי ציון (1982) בעמ,,,"י""ח",750,"ל מ""ל",false,1,26.20,3.45,false,1,
7290109201153,false,מטריה מיני צבעים חלקים,עולם הבית שיווק והפצה בעמ,,,"י""ח",1,,false,1,14.90,14.90,true,1,
7290109201160,false,מטריה מיני פירחוני,עולם הבית שיווק והפצה בעמ,,,"י""ח",1,,false,1,14.90,14.90,true,1,
7290109201177,false,מטריה מיני משובץ,עולם הבית שיווק והפצה בעמ,,,"י""ח",1,,false,1,14.90,14.90,true,1,
7290109351971,false,פיטנס בר פריכיות שוקולד חלב 84גר,קבוצת אוסם סחר-שות.מוגבלת,,,"י""ח",84,ל גרם,false,1,14.90,17.74,true,1,
7290109352916,false,פיטנס בר פריכיות שוקולד לבן 84גר,קבוצת אוסם סחר-שות.מוגבלת,,,"י""ח",84,ל גרם,false,1,14.90,17.74,true,1,
7290109354101,false,לחמית ללא גלוטן 200גר,קבוצת אוסם סחר-שות.מוגבלת,,,"י""ח",200,ל גרם,false,1,8.90,4.45,true,1,
7290109358482,false,קרמוגית במילוי חלווה 200גר,קבוצת אוסם סחר-שות.מוגבלת,,,"י""ח",200,ל גרם,false,1,8,4,true,1,
7290109358567,false,ספגטי פלוס 400גר,קבוצת אוסם סחר-שות.מוגבלת,,,"י""ח",500,ל גרם,false,1,6.20,1.24,true,1,
7290109580043,false,"שניצל תירס 1.75ק""ג בד""ץ",זוגלובק שיווק בעמ,,,"י""ח",1.75,"ק""ג",false,1,49.90,28.51,false,1,
7290109580098,false,קבנוס טעם סרירצ`ה 135גרם,זוגלובק שיווק בעמ,,,"י""ח",135,ל גרם,false,1,12.50,9.26,false,1,
7290109580111,false,צלעות אסאדו פרימיום 120גר`,זוגלובק שיווק בעמ,,,"י""ח",120,ל גרם,false,1,22.90,19.08,false,1,
7290109580135,false,קורנדביף 180 גרם פרימיום.,זוגלובק שיווק בעמ,,,"י""ח",180,ל גרם,false,1,22.90,12.72,false,1,
7290109580159,false,פסטרמה בנוסח טוקסטנה 180ג פרימיום.,זוגלובק שיווק בעמ,,,"י""ח",180,ל גרם,false,1,22.90,12.72,false,1,
7290109580210,false,"נקניקיות ריינהולד""ס הצרפתיה 300גר.",זוגלובק שיווק בעמ,,,"י""ח",300,ל גרם,false,1,19.90,6.63,false,1,
7290109580234,false,נקניקיות מרגז 226גר WONDERS,זוגלובק שיווק בעמ ו/או וונדרס,,,"י""ח",226,ל גרם,false,1,29.90,13.23,false,1,
7290109580241,false,נאגטס מן הצומח 500ג,זוגלובק שיווק בעמ,,,"י""ח",0.50,"ק""ג",false,1,22.90,45.80,false,1,
7290109580319,false,בורגר 280גר WONDERS,זוגלובק שיווק בעמ ו/או וונדרס,,,"י""ח",280,ל גרם,false,1,29.90,10.68,true,1,
7290109580326,false,נקניקיות עוף 800גר בית יוסף זוגלובק.,זוגלובק שיווק בעמ,,,"י""ח",800,ל גרם,false,1,24.90,3.11,false,1,
7290109580357,false,מארז חרמון 300גר+חרמון ברביקיו 300גר .,זוגלובק שיווק בעמ,,,"י""ח",600,ל גרם,false,1,35.90,5.98,false,1,
7290109580432,false,פסטרמה חזה הודו מעושן 120 גר`דק דק,זוגלובק שיווק בעמ,,,"י""ח",120,ל גרם,false,1,13.90,11.58,true,1,
7290109840956,false,צ`יפסר 3.5ליטר,אליהו שיווק חשמל בעמ,,,"י""ח",1,,false,1,99,99,true,1,
7290109844732,false,מיחם שחור 50 כוסות /10ליטר,אליהו שיווק חשמל בעמ,,,"י""ח",1,,false,1,200,200,false,1,
7290109920146,false,"דורגול קומקום 750מ""ל",יעקב יעקבי ובניו בעמ,,,"י""ח",750,"ל מ""ל",false,1,19.90,2.65,false,1,
7290109920313,false,אסטוניש מרסס מבריק שמשות,יעקב יעקבי ובניו בעמ,,,"י""ח",750,"ל מ""ל",false,1,11.90,1.59,true,1,
7290109920597,false,אסטוניש מרסס למקלחון,יעקב יעקבי ובניו בעמ,,,"י""ח",750,"ל מ""ל",false,1,11.90,1.59,true,1,
7290109920627,false,אסטוניש קרם אמבט 550+ניקוי אקונומיק 5.,יעקב יעקבי ובניו בעמ,,,"י""ח",500,"ל מ""ל",false,1,10.90,2.18,false,1,
7290109920665,false,אסטוניש מרסס מסיר אוכל שרוף במטבח,יעקב יעקבי ובניו בעמ,,,"י""ח",750,"ל מ""ל",false,1,11.90,1.59,true,1,
7290109921334,false,אידאל קולור פרוטקט 15 דפי בד לכביסה.,יעקב יעקבי ובניו בעמ,,,"י""ח",1,,false,1,11.90,11.90,false,1,
7290109921488,false,"דורגול למכונת כביסה 500מ""ל",יעקב יעקבי ובניו בעמ,,,"י""ח",500,"ל מ""ל",false,1,29.90,5.98,false,1,
7290109922911,false,"דזיטול חיטוי נעליים 150מ""ל.",יעקב יעקבי ובניו בעמ,,,"י""ח",400,"ל מ""ל",false,1,18.90,4.73,false,1,
7290109923109,false,סבון אסלה 5 צדפים+2 אקונומיקה,יעקב יעקבי ובניו בעמ,,,"י""ח",500,"ל מ""ל",false,1,12.90,2.58,false,1,
7290109923147,false,אסטוניש מהדורה פרימיום פלא,יעקב יעקבי ובניו בעמ,,,"י""ח",500,"ל מ""ל",false,1,14.90,2.98,false,1,
7290110002039,false,חיטה תפוחה עם קקאו 400 גר(שלווה),בטר אנד דיפרנט בעמ,,,"י""ח",400,ל גרם,false,1,13.90,3.48,false,1,
7290110002091,false,דגניות בטעם שוקולד 550גר ללא גלוטן,בטר אנד דיפרנט בעמ,,,"י""ח",550,ל גרם,false,1,20.90,3.80,false,1,
7290110110277,false,"משקה סומרסבי 330מ""ל 1/4",החברה המרכזית להפצת משקאות בעמ,,,"י""ח",1.32,ליטר,false,1,31.90,23.26,true,1,
7290110110352,false,"קרלסברג 0.0 330מ""ל 1/6.",החברה המרכזית להפצת משקאות בעמ,,,"י""ח",1.98,ליטר,false,1,28.90,13.69,false,1,
7290110110369,false,"קרלסברג Luma שישיות} 330מ""ל",החברה המרכזית להפצת משקאות בעמ,,,"י""ח",1.98,ליטר,false,1,31.80,15.15,true,1,
7290110110574,false,פחית קוקה קולה זירו לימון סליק,החברה המרכזית להפצת משקאות בעמ,,,"י""ח",330,"ל מ""ל",false,1,4.50,1.27,true,1,
7290110110635,false,"ספרייט 500 ח""פ",החברה המרכזית להפצת משקאות בעמ,,,"י""ח",500,"ל מ""ל",false,1,5.90,1.12,true,1,
7290110110659,false,"פחית ספרייט 330מ""ל",החברה המרכזית להפצת משקאות בעמ,,,"י""ח",330,"ל מ""ל",false,1,4.50,1.27,true,1,
7290110113261,false,אושן ספריי 19קלוריות חמוציות 1ליטר,החברה המרכזית להפצת משקאות בעמ,,,"י""ח",1,ליטר,false,1,11,11,false,1,
7290110113377,false,קוקה קולה 1ליטר רביעייה,החברה המרכזית להפצת משקאות בעמ,,,"י""ח",4,ליטר,false,1,23.20,5.50,false,1,
7290110113384,false,קוקה קולה זירו 1ליטר רביעייה,החברה המרכזית להפצת משקאות בעמ,,,"י""ח",4,ליטר,false,1,23.20,5.50,false,1,
7290110113476,false,"קרלסברג 0% אלכוהול 330מ""ל 1/6.",החברה המרכזית להפצת משקאות בעמ,,,"י""ח",1.98,ליטר,false,1,28.90,13.69,false,1,
7290110114787,false,נביעות בטעם תפוח עדין 1.5ליטר,החברה המרכזית להפצת משקאות בעמ,,,"י""ח",1.50,ליטר,false,1,8.90,5.73,false,1,
7290110114794,false,נביעות בטעם אפרסק עדין 1.5ליטר,החברה המרכזית להפצת משקאות בעמ,,,"י""ח",1.50,ליטר,false,1,8.90,5.73,false,1,
7290110114800,false,נביעות בטעם ענבים עדין 1.5ליטר,החברה המרכזית להפצת משקאות בעמ,,,"י""ח",1.50,ליטר,false,1,8.90,5.73,false,1,
7290110114855,false,~נביעות 1.5 ליטר שישיה,החברה המרכזית להפצת משקאות בעמ,,,"י""ח",9,ליטר,false,1,14,1.36,false,1,
7290110114893,false,פריגת מיץ סחוט תפוז 2 ליטר,*החברה המרכזית להפצת משקאותבעמ,,,"י""ח",2,ליטר,false,1,27.90,13.80,false,1,
7290110114961,false,פריגת תפוזים 1.5 ליטר,החברה המרכזית להפצת משקאות בעמ,,,"י""ח",1.50,ליטר,false,1,7,4.47,false,1,
7290110114985,false,פריגת אשכולית 1.5 ליטר,החברה המרכזית להפצת משקאות בעמ,,,"י""ח",1.50,ליטר,false,1,7,4.47,false,1,
7290110114992,false,פריגת אשכולית לייט 1.5 ליטר,החברה המרכזית להפצת משקאות בעמ,,,"י""ח",1.50,ליטר,false,1,7,4.47,false,1,
7290110115005,false,פריגת ענבים 1.5 ליטר,החברה המרכזית להפצת משקאות בעמ,,,"י""ח",1.50,ליטר,false,1,7,4.47,false,1,
7290110115029,false,"פריגת משק""ל תפוח 1.5 ליטר",החברה המרכזית להפצת משקאות בעמ,,,"י""ח",1.50,ליטר,false,1,7,4.47,false,1,
7290110115036,false,פריגת מנגו 1.5 ליטר,החברה המרכזית להפצת משקאות בעמ,,,"י""ח",1.50,ליטר,false,1,7,4.47,false,1,
7290110115043,false,פריגת לימונענע 1.5 ליטר,החברה המרכזית להפצת משקאות בעמ,,,"י""ח",1.50,ליטר,false,1,7,4.47,false,1,
7290110115050,false,פריגת מיקס תות בננה 1.5 ליטר,החברה המרכזית להפצת משקאות בעמ,,,"י""ח",1.50,ליטר,false,1,7,4.47,false,1,
7290110115081,false,פריגת צלול ענבים 1.5 ל,החברה המרכזית להפצת משקאות בעמ,,,"י""ח",1.50,ליטר,false,1,8.60,5.53,false,1,
7290110115104,false,פריגת צלול אפרסק 1.5 ל,החברה המרכזית להפצת משקאות בעמ,,,"י""ח",1.50,ליטר,false,1,8.60,5.53,false,1,
7290110115111,false,פריגת צלול אננס 1.5 ל,החברה המרכזית להפצת משקאות בעמ,,,"י""ח",1.50,ליטר,false,1,8.60,5.53,false,1,
7290110115128,false,פריגת צלול בטעם לימונענע 1.5 ל,החברה המרכזית להפצת משקאות בעמ,,,"י""ח",1.50,ליטר,false,1,8.60,5.53,false,1,
7290110115180,false,נביעות 1.5 ליטר,החברה המרכזית להפצת משקאות בעמ,,,"י""ח",1.50,ליטר,false,1,3.10,1.87,false,1,
7290110115203,false,קוקה קולה 1.5 ליטר,החברה המרכזית להפצת משקאות בעמ,,,"י""ח",150,"ל מ""ל",false,1,8.90,5.73,false,1,
7290110115227,false,קוקה קולה ZERO 1.5 ל,החברה המרכזית להפצת משקאות בעמ,,,"י""ח",1.50,ליטר,false,1,8.80,5.67,false,1,
7290110115234,false,קוקה קולה ZERO נטול1.5ליטר,החברה המרכזית להפצת משקאות בעמ,,,"י""ח",1.50,ליטר,false,1,8.30,5.33,false,1,
7290110115241,false,קוקה קולה ZERO 1.5 ל לימון,החברה המרכזית להפצת משקאות בעמ,,,"י""ח",1.50,ליטר,false,1,8.60,5.53,false,1,
7290110115265,false,ספרייט 1.5ליטר,החברה המרכזית להפצת משקאות בעמ,,,"י""ח",1.50,ליטר,false,1,9,5.80,true,1,
7290110115272,false,ספרייט ZERO בק 1.5ליטר,החברה המרכזית להפצת משקאות בעמ,,,"י""ח",1.50,ליטר,false,1,9,5.80,true,1,
7290110115289,false,ספרייט לימון נענע 1.5ל.,החברה המרכזית להפצת משקאות בעמ,,,"י""ח",1.50,ליטר,false,1,9,5.80,true,1,
7290110115302,false,פאנטה ZERO אורנג` 1.5 ליטר,החברה המרכזית להפצת משקאות בעמ,,,"י""ח",1.50,ליטר,false,1,7.80,5,true,1,
7290110115319,false,פאנטה אקזוטי 1.5 ליטר,החברה המרכזית להפצת משקאות בעמ,,,"י""ח",1.50,ליטר,false,1,7.80,5,true,1,
7290110115333,false,פאנטה תות 1.5 ל.,החברה המרכזית להפצת משקאות בעמ,,,"י""ח",1.50,ליטר,false,1,8.50,5.47,true,1,
7290110115340,false,פאנטה ענבים 1.5ל,החברה המרכזית להפצת משקאות בעמ,,,"י""ח",1.50,ליטר,false,1,7.80,5,true,1,
7290110115357,false,סודה קינלי 1.5 ליטר,החברה המרכזית להפצת משקאות בעמ,,,"י""ח",1.50,ליטר,false,1,3.30,2,false,1,
7290110115364,false,קוקה קולה שישיות 1.5 ליטר.,החברה המרכזית להפצת משקאות בעמ,,,"י""ח",9,ליטר,false,1,49.90,5.34,false,1,
7290110115388,false,ספרייט שישיות ליים 1.5 ליטר,החברה המרכזית להפצת משקאות בעמ,,,"י""ח",9,ליטר,false,1,49.90,5.34,false,1,
7290110115395,false,ספרייט ZERO שישיות 1.5 ליטר,החברה המרכזית להפצת משקאות בעמ,,,"י""ח",9,ליטר,false,1,48.90,5.23,false,1,
7290110115401,false,קינלי סודה שישיה 1.5ל,החברה המרכזית להפצת משקאות בעמ,,,"י""ח",9,ליטר,false,1,16.90,1.68,true,1,
7290110115418,false,קוקה קולה ZIRO 1.5 ל שישייה,החברה המרכזית להפצת משקאות בעמ,,,"י""ח",9,ליטר,false,1,47.90,5.12,false,1,
7290110115425,false,תה לימון נענע 1.5 FUZE-T,החברה המרכזית להפצת משקאות בעמ,,,"י""ח",1.50,ליטר,false,1,7.80,5,true,1,
7290110115449,false,תה מנגו אננס 1.5 FUZE-T,החברה המרכזית להפצת משקאות בעמ,,,"י""ח",1.50,ליטר,false,1,7.80,5,true,1,
7290110115456,false,תה אפרסק 19 קל` 1.5 FUZE-T,החברה המרכזית להפצת משקאות בעמ,,,"י""ח",1.50,ליטר,false,1,7.80,5,true,1,
7290110115463,false,תה אפרסק 1.5 FUZE-T,החברה המרכזית להפצת משקאות בעמ,,,"י""ח",1.50,ליטר,false,1,7.80,5,true,1,
7290110115494,false,תה דיאט ענבים 1.5 FUZE-T,החברה המרכזית להפצת משקאות בעמ,,,"י""ח",1.50,ליטר,false,1,7.80,5,true,1,
7290110115586,false,פריגת תפוזים 40% פחות סוכר 1.5 ליטר,החברה המרכזית להפצת משקאות בעמ,,,"י""ח",1.50,ליטר,false,1,9,5.80,false,1,
7290110115616,false,תה גרין אננס 1.5 FUZE-T zero,החברה המרכזית להפצת משקאות בעמ,,,"י""ח",1.50,ליטר,false,1,7.80,5,true,1,
7290110115623,false,תה אפרסק 1.5 FUZE-T zero,החברה המרכזית להפצת משקאות בעמ,,,"י""ח",1.50,ליטר,false,1,7.80,5,true,1,
7290110115661,false,תה אפרסק 0.5 ליטר FUZE-T ZERO,החברה המרכזית להפצת משקאות בעמ,,,"י""ח",500,"ל מ""ל",false,1,6.20,1.18,true,1,
7290110116125,false,"סירופ טעם פטל 750מ""ל",החברה המרכזית להפצת משקאות בעמ,,,"י""ח",750,"ל מ""ל",false,1,23.60,3.15,true,1,
7290110116132,false,"סירופ טעם לימון 750מ""ל",החברה המרכזית להפצת משקאות בעמ,,,"י""ח",750,"ל מ""ל",false,1,23.60,3.15,true,1,
7290110116149,false,"סירופ טעם ענבים 750מ""ל",החברה המרכזית להפצת משקאות בעמ,,,"י""ח",750,"ל מ""ל",false,1,23.60,3.15,true,1,
7290110116323,false,קוקה קולה ZERO שישיות 1.5 ליטר. חג שמח,החברה המרכזית להפצת משקאות בעמ,,,"י""ח",9,ליטר,false,1,46.70,4.99,false,1,
7290110116385,false,פחית סטפאני מרשמלו זירו אבטיח תות סליק,החברה המרכזית להפצת משקאות בעמ,,,"י""ח",330,"ל מ""ל",false,1,4.50,1.27,true,1,
7290110116392,false,"סירופ טעם תפוזים 750מ""ל",החברה המרכזית להפצת משקאות בעמ,,,"י""ח",750,"ל מ""ל",false,1,23.60,3.15,true,1,
7290110116484,false,פריגת מיקס תות 1ליטר,*החברה המרכזית להפצת משקאותבעמ,,,"י""ח",1,ליטר,false,1,17.90,17.90,false,1,
7290110116491,false,פריגת מיקס 1ליטר,*החברה המרכזית להפצת משקאותבעמ,,,"י""ח",1,ליטר,false,1,17.90,17.90,false,1,
7290110116507,false,פריגת מיקס אננס 1ליטר,*החברה המרכזית להפצת משקאותבעמ,,,"י""ח",1,ליטר,false,1,17.90,17.90,false,1,
7290110116552,false,ספרייט 1.5ליטר Lemon hit,החברה המרכזית להפצת משקאות בעמ,,,"י""ח",1.50,ליטר,false,1,9,5.80,true,1,
7290110116569,false,ספרייט ZERO בק 1.5ליטר Lemon hit,החברה המרכזית להפצת משקאות בעמ,,,"י""ח",1.50,ליטר,false,1,9,5.80,true,1,
7290110116576,false,"ספרייט 500 מ""ל בקבוק ZERO Lemon hit",החברה המרכזית להפצת משקאות בעמ,,,"י""ח",500,"ל מ""ל",false,1,5.60,1.06,true,1,
7290110320591,false,בולגרית מועדנת פיראוס 16% 250גר,תנובה בעמ ***,,,"י""ח",250,ל גרם,false,1,21.90,8.76,false,1,
7290110320850,false,פתיתי עמק 28% שומן 200ג,תנובה בעמ ***,,,"י""ח",200,ל גרם,false,1,14.90,7.45,false,1,
7290110320867,false,פתיתי עמק למאפים 28% שומן 500ג,תנובה בעמ ***,,,"י""ח",500,ל גרם,false,1,37.90,7.58,true,1,
7290110321031,false,יופלה GO 200ג,תנובה בעמ ***,,,"י""ח",200,ל גרם,false,1,5.80,2.90,true,1,
7290110321277,false,קוטג 5% תנובה 100 גרם מהדרין,תנובה בעמ ***,,,"י""ח",100,ל גרם,false,1,2.50,2.50,false,1,
7290110321284,false,קוטג 9% תנובה 100 גרם מהדרין,תנובה בעמ ***,,,"י""ח",100,ל גרם,false,1,2.50,2.50,false,1,
7290110321680,false,יופלה תות GO 200ג,תנובה בעמ ***,,,"י""ח",200,ל גרם,false,1,5.80,2.90,true,1,
7290110323097,false,תאומים 80ג בודד,תנובה בעמ ***,,,"י""ח",80,ל גרם,false,1,1.90,2.38,false,1,
7290110323585,false,יופלה דודבן GO 200ג.,תנובה בעמ ***,,,"י""ח",200,ל גרם,false,1,5.80,2.90,true,1,
7290110323714,false,משקה קוקוס שקדים 1ל,תנובה בעמ ***,,,"י""ח",1,ליטר,false,1,12.90,12.90,true,1,
7290110324551,false,יופלה טיוב יוגורט תות 348ג,תנובה בעמ ***,,,"י""ח",348,"ל מ""ל",false,1,12.20,3.51,false,1,
7290110324926,false,"משקה סויה לל""ס 1 ל` תנובה",תנובה בעמ ***,,,"י""ח",1,ליטר,false,1,10.90,10.90,true,1,
7290110325084,false,מאגדת שמינייה מיני קרלו שונל,תנובה בעמ ***,,,"י""ח",800,"ל מ""ל",false,1,15.10,1.89,false,1,
7290110325510,false,יופלה טיוב יוגורט וניל 348ג,תנובה בעמ ***,,,"י""ח",348,"ל מ""ל",false,1,12.20,3.51,false,1,
7290110325619,false,משקה ש.שועל טרי 1ל תנובה,תנובה בעמ ***,,,"י""ח",1,ליטר,false,1,12.90,12.90,true,1,
7290110325893,false,"משקה גו אייס קפה 340מ""ל",תנובה בעמ ***,,,"י""ח",340,"ל מ""ל",false,1,8.20,2.41,false,1,
7290110326210,false,און טופ יופלה פצפוצים 157ג,תנובה בעמ ***,,,"י""ח",150,"ל מ""ל",false,1,5,3.33,true,1,
7290110326906,false,חלב דל לקטוז 1 ליטר%3 קרטון,תנובה בעמ ***,,,"י""ח",1,ליטר,false,1,7.30,7.30,false,1,
7290110327514,false,משקה ש.שועל אגוזי לוז טרי 1ל תנובה,תנובה בעמ ***,,,"י""ח",1,ליטר,false,1,12.90,12.90,true,1,
7290110327804,false,חטיף חלבון GO בטעם בצק עוגיות 20 גרם.,שקד תבל בעמ,,,"י""ח",1,,false,1,11.90,11.90,false,1,
7290110328627,false,יוגורט גו סמיך 0% בננה קרמל,תנובה בעמ ***,,,"י""ח",200,"ל מ""ל",false,1,5.90,2.95,true,1,
7290110328641,false,טופו טבעי 500ג 2*250ג,תנובה בעמ ***,,,"י""ח",500,ל גרם,false,1,17.90,3.58,false,1,
7290110328764,false,יוגורט גו סמיך 0% תות,תנובה בעמ ***,,,"י""ח",200,"ל מ""ל",false,1,5.90,2.95,true,1,
7290110328771,false,יוגורט גו סמיך 0% פ.יער,תנובה בעמ ***,,,"י""ח",200,"ל מ""ל",false,1,5.90,2.95,true,1,
7290110328788,false,יוגורט גו סמיך 0% אפרסק,תנובה בעמ ***,,,"י""ח",200,"ל מ""ל",false,1,5.90,2.95,true,1,
7290110329686,false,"משקה גו טעם עוגיות 340מ""ל.",תנובה בעמ ***,,,"י""ח",340,"ל מ""ל",false,1,7.50,2.21,false,1,
7290110329723,false,משקה קפה קר בטעם לאטה 230ג,תנובה בעמ ***,,,"י""ח",230,ל גרם,false,1,6.90,3,false,1,
7290110329730,false,"משקה עם שוקולד וקפה סגנון לאטה 230מ""ל",תנובה בעמ ***,,,"י""ח",230,ל גרם,false,1,6.90,3,false,1,
7290110329792,false,יוגורט סויה ביו אפרסק 150ג,תנובה בעמ ***,,,"י""ח",150,"ל מ""ל",false,1,3.90,2.60,false,1,
7290110329808,false,יוגורט סויה ביו תות 150ג,תנובה בעמ ***,,,"י""ח",150,"ל מ""ל",false,1,3.90,2.60,false,1,
7290110329846,false,יוגורט סויה ביו טבעי 150ג,תנובה בעמ ***,,,"י""ח",150,"ל מ""ל",false,1,4.50,3,false,1,
7290110550219,false,מטבעות שוקולד לבן לאפיה 400גר,שטראוס גרופ בעמ,,,"י""ח",400,ל גרם,false,1,29.90,7.48,true,1,
7290110550226,false,מטבעות שוקולד מריר לאפיה 400גר,שטראוס גרופ בעמ,,,"י""ח",400,ל גרם,false,1,29.90,7.48,true,1,
7290110550370,false,פריכיות משולשות קינואה ופלפל שחור 65גר,שטראוס גרופ בעמ,,,"י""ח",65,ל גרם,false,1,9.50,14.62,true,1,
7290110552121,false,היוגורט הראשון שלי 100גר,שטראוס גרופ ***בעמ,,,"י""ח",100,"ל מ""ל",false,1,2.30,2.30,true,1,
7290110552220,false,דנונה פרו 20גר ללא סוכר טעם תות,שטראוס גרופ ***בעמ,,,"י""ח",20,"ל מ""ל",false,1,5.90,29.50,true,1,
7290110552237,false,דנונה פרו 20גר ללא סוכר טעם אפרסק מנגו,שטראוס גרופ ***בעמ,,,"י""ח",20,"ל מ""ל",false,1,5.90,29.50,true,1,
7290110553029,false,פריכיות חלבון קייל חומוס ומלח 60גר,שטראוס גרופ בעמ,,,"י""ח",65,ל גרם,false,1,9.50,14.62,true,1,
7290110553036,false,פריכיות חלבון בטטה סגולה ואפונה 60גר,שטראוס גרופ בעמ,,,"י""ח",65,ל גרם,false,1,9.50,14.62,true,1,
7290110553098,false,מארז אנרג`י מיקס צימוקים אגוזים 100גר,שטראוס גרופ בעמ,,,"י""ח",100,ל גרם,false,1,15.90,15.90,true,1,
7290110553104,false,קפוצינו סטיק קלאסי 130גר,שטראוס גרופ בעמ,,,"י""ח",130,ל גרם,false,1,16.90,13,true,1,
7290110553135,false,קפוצינו סטיק וניל 130גר,שטראוס גרופ בעמ,,,"י""ח",130,ל גרם,false,1,16.90,13,true,1,
7290110553173,false,פריכיות אנרג`י בטעם קרמל 40גר,שטראוס גרופ בעמ,,,"י""ח",40,ל גרם,false,1,6.90,17.25,true,1,
7290110553180,false,פריכיות אנרג`י בטעם תפוח קינמון 40גר,שטראוס גרופ בעמ,,,"י""ח",40,ל גרם,false,1,6.90,17.25,true,1,
7290110554101,false,"מייפל בפאוץ` 125מ""ל",שטראוס גרופ בעמ,,,"י""ח",125,"ל מ""ל",false,1,15,12,true,1,
7290110554262,false,חלבית 350 גרם]עלית[חלבי,שטראוס גרופ בעמ,,,"י""ח",350,ל גרם,false,1,21.90,6.26,true,1,
7290110554514,false,קפה טורקי אתיופי 100 גרם,שטראוס גרופ בעמ,,,"י""ח",100,ל גרם,false,1,9.90,9.90,true,1,
7290110554545,false,קפסולות אספרסו לאפוגטו טעם קוקוס,שטראוס גרופ בעמ,,,"י""ח",50,ל גרם,false,1,19,38,true,1,
7290110554583,false,מארז ציטוס פאפ גבינה 10*20,שטראוס פריטו ליי בעמ,,,"י""ח",200,ל גרם,false,1,12.90,6.45,true,1,
7290110554699,false,קפסולות קפה יוניקו למכונת NESPRESSO.,שטראוס גרופ בעמ,,,"י""ח",50,ל גרם,false,1,19.90,39.80,true,1,
7290110554705,false,קפסולות קפה יוניקו למכונת NESPRESSO.,שטראוס גרופ בעמ,,,"י""ח",50,ל גרם,false,1,19.90,39.80,true,1,
7290110554712,false,קפסולות קפה יוניקו למכונת NESPRESSO.,שטראוס גרופ בעמ,,,"י""ח",50,ל גרם,false,1,19.90,39.80,true,1,
7290110554729,false,"קפסולות אספרסו 04 כשל""פ",שטראוס גרופ בעמ,,,"י""ח",50,ל גרם,false,1,19,38,true,1,
7290110555092,false,לאבנה עם שמן זית וצ`ילי 250 גר,שטראוס גרופ ***בעמ,,,"י""ח",250,ל גרם,false,1,10.90,4.36,true,1,
7290110555603,false,שוקולוטה ספלנדיד 220 גרם עלית,שטראוס גרופ בעמ,,,"י""ח",220,ל גרם,false,1,24.90,11.32,true,1,
7290110555665,false,קקאו דל שומן קופסא 220 גרם עלית,שטראוס גרופ בעמ,,,"י""ח",220,ל גרם,false,1,19.90,9.05,true,1,
7290110555788,false,קפוצינו וניל פחית 200גר,שטראוס גרופ בעמ,,,"י""ח",200,ל גרם,false,1,21.90,10.95,true,1,
7290110555795,false,קפוצינו קלאסי פחית 200גר,שטראוס גרופ בעמ,,,"י""ח",200,ל גרם,false,1,21.90,10.95,true,1,
7290110556242,false,"שוקולד מריר פרווה בד""ץ 100 ג עלית",שטראוס גרופ בעמ,,,"י""ח",100,ל גרם,false,1,4.50,4.50,true,1,
7290110557027,false,חומוס הסדרה 50% טחינה 400ג,שטראוס גרופ ***בעמ,,,"י""ח",400,ל גרם,false,1,12.90,3.23,true,1,
7290110557102,false,מעדן חלב עם שוקולד מועשר בחלבון 150גר,שטראוס גרופ ***בעמ,,,"י""ח",130,ל גרם,false,1,5,3.85,true,1,
7290110557133,false,מעדן הגולן וניל בודד 125גר,שטראוס גרופ ***בעמ,,,"י""ח",125,ל גרם,false,1,2.90,2.32,true,1,
7290110557317,false,"היוגורט הראשון שלי ש""ש 100גר",שטראוס גרופ ***בעמ,,,"י""ח",100,"ל מ""ל",false,1,2.30,2.30,true,1,
7290110557478,false,חומוס גלילי 600גר שטראוס,שטראוס גרופ ***בעמ,,,"י""ח",600,ל גרם,false,1,11.90,1.98,true,1,
7290110557645,false,מארז אנרג`י מיקס צימוקים חמוציות 100גר,שטראוס גרופ בעמ,,,"י""ח",100,ל גרם,false,1,15.90,15.90,true,1,
7290110558130,false,דנונה אקטיביה שיבולת שועל ודבש,שטראוס גרופ ***בעמ,,,"י""ח",150,"ל מ""ל",false,1,4.50,3,true,1,
7290110558222,false,דנונה WOW בנופי 2.4% 150גר,שטראוס גרופ ***בעמ,,,"י""ח",150,"ל מ""ל",false,1,4.60,3.07,true,1,
7290110558239,false,דנונה WOW קראק פאי 2.4% 150גר,שטראוס גרופ ***בעמ,,,"י""ח",150,"ל מ""ל",false,1,4.60,3.07,true,1,
7290110558253,false,משקה דנונה ריפרש בננה אננס 250גר,שטראוס גרופ ***בעמ,,,"י""ח",250,"ל מ""ל",false,1,5.50,2.20,true,1,
7290110558284,false,דנונה ביו מולטי 200גר,שטראוס גרופ ***בעמ,,,"י""ח",200,"ל מ""ל",false,1,4.20,2.10,true,1,
7290110558307,false,דנונה פרו 200גר עם שיבולת שועל,שטראוס גרופ ***בעמ,,,"י""ח",200,"ל מ""ל",false,1,6.30,3.15,true,1,
7290110558314,false,דנונה פרו 20גר ללא סוכר פיסטוק,שטראוס גרופ ***בעמ,,,"י""ח",20,"ל מ""ל",false,1,5.90,29.50,true,1,
7290110558338,false,דנונה פרו 200גר חלבון,שטראוס גרופ ***בעמ,,,"י""ח",200,"ל מ""ל",false,1,6.30,3.15,true,1,
7290110558666,false,דניאלה בטעם תפוח,שטראוס גרופ ***בעמ,,,"י""ח",150,"ל מ""ל",false,1,3.90,2.60,true,1,
7290110559007,false,שועועית חומה 380גרם טעם הטבע קופסה,שטראוס גרופ בעמ,,,"י""ח",380,ל גרם,false,1,3.30,0.87,true,1,
7290110560300,false,פריכיות המשולשות פלפל שחור 30גר,שטראוס גרופ בעמ,,,"י""ח",30,ל גרם,false,1,5,16.67,true,1,
7290110560317,false,פריכיות המשולשות מלח ים 30גר,שטראוס גרופ בעמ,,,"י""ח",30,ל גרם,false,1,5,16.67,true,1,
7290110560324,false,פריכיות המשולשות אפונה ירוקה 30גר,שטראוס גרופ בעמ,,,"י""ח",30,ל גרם,false,1,5,16.67,true,1,
7290110561352,false,דנונה דל לקטוז 200גר,שטראוס גרופ ***בעמ,,,"י""ח",200,"ל מ""ל",false,1,3.50,1.75,true,1,
7290110561604,false,מארז גמדים תות בננה שמינייה,שטראוס גרופ ***בעמ,,,"י""ח",800,ל גרם,false,1,17.90,2.24,true,1,
7290110563431,false,משקה קפה קר בסגנון קלאסי 1.6%230גר,שטראוס גרופ ***בעמ,,,"י""ח",230,"ל מ""ל",false,1,7.90,3.43,true,1,
7290110563448,false,משקה קפה קר בסגנון מעודן 1.6%230גר,שטראוס גרופ ***בעמ,,,"י""ח",230,"ל מ""ל",false,1,7.90,3.43,true,1,
7290110563462,false,חלב נטול לקטוז 2% בקבוק 1ליטר,שטראוס גרופ ***בעמ,,,"י""ח",1,ליטר,false,1,8.90,8.90,true,1,
7290110564339,false,חומוס עשיר ב% -30טחינה 400גר`,שטראוס גרופ ***בעמ,,,"י""ח",400,ל גרם,false,1,12.90,3.23,true,1,
7290110564360,false,חומוס עשיר ב% -40טחינה 400גר`,שטראוס גרופ ***בעמ,,,"י""ח",400,ל גרם,false,1,12.90,3.23,true,1,
7290110564414,false,חומוס עשיר ב- 30% טחינה גולמית 600גר`,שטראוס גרופ ***בעמ,,,"י""ח",600,ל גרם,false,1,14.90,2.48,true,1,
7290110564742,false,משקה קפה קר בסגנון חזק 1.2%230גר,שטראוס גרופ ***בעמ,,,"י""ח",230,"ל מ""ל",false,1,7.90,3.43,true,1,
7290110565435,false,לימבו פטל 125גרם,שטראוס גרופ ***בעמ,,,"י""ח",125,ל גרם,false,1,1.40,1.12,true,1,
7290110565527,false,דנונה פרו 20גר חלבון,שטראוס גרופ ***בעמ,,,"י""ח",20,"ל מ""ל",false,1,5.90,29.50,true,1,
7290110565572,false,מארז קפה טורקי לדרך עם הל 168גר`,שטראוס גרופ בעמ,,,"י""ח",168,ל גרם,false,1,18.90,11.25,true,1,
7290110566623,false,קפסולות קולומביה 08 למכונת נספרסו,שטראוס גרופ בעמ,,,"י""ח",50,ל גרם,false,1,19,38,true,1,
7290110566975,false,דנונה פרו 20גר תות,שטראוס גרופ ***בעמ,,,"י""ח",20,"ל מ""ל",false,1,5.90,29.50,true,1,
7290110567057,false,מסטיק בוקסי אקליפטוס 64גר,שטראוס גרופ בעמ,,,"י""ח",66,ל גרם,false,1,9.90,15,true,1,
7290110568238,false,"קצפת צמחית 21% שומן 250מ""ל",שטראוס גרופ ***בעמ,,,"י""ח",250,"ל מ""ל",false,1,7.90,3.16,true,1,
7290110568276,false,"משקה יוטבתה פרו וניל לשתיה 350מ""ל",שטראוס גרופ ***בעמ,,,"י""ח",350,ל גרם,false,1,6.50,1.86,true,1,
7290110568498,false,קונפיטורה תות במתיקות מעודנת,שטראוס גרופ בעמ,,,"י""ח",340,ל גרם,false,1,11.90,3.50,true,1,
7290110568559,false,מארז דוריטוס חמוץ חריף 10*25גר,שטראוס פריטו ליי בעמ,,,"י""ח",250,ל גרם,false,1,10.90,4.36,true,1,
7290110570224,false,"משקה קפה קר בטעם עוגיות 230מ""ל",שטראוס גרופ ***בעמ,,,"י""ח",230,"ל מ""ל",false,1,7.90,3.43,true,1,
7290110570880,false,פולי אספרסו עשירים וארומטיים 250גר}קפ,שטראוס גרופ בעמ,,,"י""ח",250,ל גרם,false,1,21.90,8.76,true,1,
7290110571184,false,עדשים חומות 380גרם טעם הטבע קופסה,שטראוס גרופ בעמ,,,"י""ח",380,ל גרם,false,1,6.90,1.82,true,1,
7290110571375,false,מארז אנרג`י מיקס צימוקים תמרים טופי 100,שטראוס גרופ בעמ,,,"י""ח",100,ל גרם,false,1,15.90,15.90,true,1,
7290110571382,false,מעדן חלב טעם וניל מועשר בחלבון 150גר,שטראוס גרופ ***בעמ,,,"י""ח",130,ל גרם,false,1,5,3.85,true,1,
7290110571405,false,מיני פינוקיות בגביע פסק זמן 180גר,שטראוס גרופ בעמ,,,"י""ח",200,ל גרם,false,1,8.30,4.15,true,1,
7290110571412,false,מיני פינוקיות בגביעפטדג`180גר,שטראוס גרופ בעמ,,,"י""ח",200,ל גרם,false,1,8.30,4.15,true,1,
7290110571535,false,מארז טורקי הל 3*100גר.,שטראוס גרופ בעמ,,,"י""ח",300,ל גרם,false,1,26.90,8.97,true,1,
7290110572129,false,כיף כף מקלות שוקולד לבן 40גר,שטראוס גרופ בעמ,,,"י""ח",40,ל גרם,false,1,4.80,12,true,1,
7290110572884,false,"קפסולות אספרסו חזק עלית 14יח כשל""פ",שטראוס גרופ בעמ,,,"י""ח",50,ל גרם,false,1,19,38,true,1,
7290110572969,false,כיף כף פיצפוצים קרם לבן 40גר,שטראוס גרופ בעמ,,,"י""ח",40,ל גרם,false,1,4.90,12.25,true,1,
7290110572976,false,כיף כף פצפוצים קרם לבן 135גר,שטראוס גרופ בעמ,,,"י""ח",135,ל גרם,false,1,9.90,7.33,true,1,
7290110576318,false,מאגדת שלישיית אגוז לבן 3*100גר,שטראוס גרופ בעמ,,,"י""ח",112,ל גרם,false,1,25.90,23.13,true,1,
7290110576356,false,ספלנדיד שוקולד מריר פרו 64%,שטראוס גרופ בעמ,,,"י""ח",105,ל גרם,false,1,8.90,8.48,true,1,
7290110576363,false,ספלנדיד שוקולד מריר אוגנדה 80%,שטראוס גרופ בעמ,,,"י""ח",105,ל גרם,false,1,8.90,8.48,true,1,
7290110576370,false,מאגדת שלישיית אגוז מריר 3*100גר,שטראוס גרופ בעמ,,,"י""ח",112,ל גרם,false,1,25.90,23.13,true,1,
7290110576387,false,מאגדת שלישיית אגוז חלב 3*100גר,שטראוס גרופ בעמ,,,"י""ח",112,ל גרם,false,1,25.90,23.13,true,1,
7290110576752,false,שוקולד ספלנדיד מריר 70%,שטראוס גרופ בעמ,,,"י""ח",100,ל גרם,false,1,10.20,10.20,true,1,
7290110576776,false,שוקולד ספלנדיד מריר 85%,שטראוס גרופ בעמ,,,"י""ח",100,ל גרם,false,1,10.20,10.20,true,1,
7290110576790,false,סקי בטעם מוקה 3% 125גר,שטראוס גרופ ***בעמ,,,"י""ח",125,ל גרם,false,1,3.80,3.04,true,1,
7290111093982,false,"דר עור ת.רחצה פסיפלורה 700מ""ל",שקד תבל בעמ,,,"י""ח",700,ל גרם,false,1,14.90,2.13,true,1,
7290111094613,false,מגבונים לניקוי משקפיים 24יח,שקד תבל בעמ,,,"י""ח",24,"י""ח",false,1,7.90,0.33,true,1,
7290111094651,false,קוויק שקיות אשפה L עם ידית 40יח,שקד תבל בעמ,,,"י""ח",1,"י""ח",false,1,13.90,13.90,true,1,
7290111097041,false,מגבונים בייביסיטר מבושם שמינייה,שקד תבל בעמ,,,"י""ח",66,"י""ח",false,1,24.90,0.38,true,1,
7290111170911,false,מייבש שייער מקצועי 2400W,פוגיקום בעמ,,,"י""ח",1,,false,1,199.90,199.90,true,1,
7290111340178,false,מטליות לחות לניקוי כללי בניחוח מרכך,קימברלי קלארק ישראל שיווק בעמ,,,"י""ח",100,ל גרם,false,1,9.90,9.90,false,1,
7290111340956,false,מטליות לחות לניקוי רצפה 10יח,קימברלי קלארק ישראל שיווק בעמ,,,"י""ח",10,"י""ח",false,1,9.90,0.99,false,1,
7290111341366,false,מפיות חד שכבתיות חלקות 150יח,קימברלי קלארק ישראל שיווק בעמ,,,"י""ח",1,"י""ח",false,1,8.90,8.90,false,1,
7290111341373,false,נייר טואלט לילי פסטל 30ג,קימברלי קלארק ישראל שיווק בעמ,,,"י""ח",30,"י""ח",false,1,34.90,1.16,false,1,
7290111341557,false,טמפונים קוטקס אקטיב סופר 32 יח.,קימברלי קלארק ישראל שיווק בעמ,,,"י""ח",1,,false,1,28.90,28.90,false,1,
7290111342042,false,"כריות יפניות אנטיבקטראליות כשל""פ",קימברלי קלארק ישראל שיווק בעמ,,,"י""ח",1,"י""ח",false,1,13.90,13.90,true,1,
7290111342523,false,מפיות ניקול 100 יח צבעוני,קימברלי קלארק ישראל שיווק בעמ,,,"י""ח",100,"י""ח",false,1,7.90,0.08,false,1,
7290111343797,false,מטליות לחות לניקוי חלונות 48יח,קימברלי קלארק ישראל שיווק בעמ,,,"י""ח",1,,false,1,10,10,false,1,
7290111343841,false,ספוגית הקסם נירוסטה 3יח,קימברלי קלארק ישראל שיווק בעמ,,,"י""ח",3,"י""ח",false,1,10,3.33,false,1,
7290111343858,false,מטליות לחות לניקוי וחיטוי רצפה,קימברלי קלארק ישראל שיווק בעמ,,,"י""ח",10,"י""ח",false,1,10.90,1.09,false,1,
7290111344206,false,מגבוני האגיס קמומיל 4 יח,קימברלי קלארק ישראל שיווק בעמ,,,"י""ח",4,"י""ח",false,1,19.90,4.98,true,1,
7290111344459,false,קוטקס לילה אקסטרא לונג,קימברלי קלארק ישראל שיווק בעמ,,,"י""ח",20,"י""ח",false,1,18.90,0.95,true,1,
7290111344503,false,האגיס אקסטרא קר מידה 4,קימברלי קלארק ישראל שיווק בעמ,,,"י""ח",1,"י""ח",false,1,57.90,57.90,true,1,
7290111344527,false,שקיות אשפה ענקיות ניקול 20יח.,קימברלי קלארק ישראל שיווק בעמ,,,"י""ח",20,"י""ח",false,1,24.90,1.25,true,1,
7290111344572,false,שקיות אשפה ניקול גדולות 25יח,קימברלי קלארק ישראל שיווק בעמ,,,"י""ח",25,"י""ח",false,1,21.90,0.88,false,1,
7290111344855,false,מגני תחתון קוטקס אקסטרא לארג,קימברלי קלארק ישראל שיווק בעמ,,,"י""ח",1,"י""ח",false,1,22.90,22.90,true,1,
7290111344879,false,מגני תחתון קוטקס 2ב1 לארג,קימברלי קלארק ישראל שיווק בעמ,,,"י""ח",1,"י""ח",false,1,22.90,22.90,true,1,
7290111345722,false,שקיות לשמירת הטריות,קימברלי קלארק ישראל שיווק בעמ,,,"י""ח",2,"י""ח",false,1,15.90,7.95,true,1,
7290111345760,false,תחבושת קוטקס כותנה סופר 18יח,קימברלי קלארק ישראל שיווק בעמ,,,"י""ח",1,,false,1,19.90,19.90,true,1,
7290111345814,false,נייר טואלט לילי נטורל קר 30 גליל,קימברלי קלארק ישראל שיווק בעמ,,,"י""ח",552,מטר,false,1,33.90,0.06,false,1,
7290111345999,false,ניקול זוג מטליות לחות לרצפה,קימברלי קלארק ישראל שיווק בעמ,,,"י""ח",10,"י""ח",false,1,21.90,2.19,false,1,
7290111346347,false,קלינקס אוריגינל חמישייה,קימברלי קלארק ישראל שיווק בעמ,,,"י""ח",5,"י""ח",false,1,15.90,3.18,true,1,
7290111350030,false,רסק תפוחי עץ טבעי צנצנת 670ג,ליימן שליסל,,,"י""ח",5.60,,false,1,10.90,1.95,false,1,
7290111350092,false,המיטב של לואקר,ליימן שליסל,,,"י""ח",1,"י""ח",false,1,24.90,24.90,true,1,
7290111350665,false,דבש לחיץ קליית גת 350ג,ליימן שליסל,,,"י""ח",350,"ל מ""ל",false,1,22.90,6.54,false,1,
7290111350672,false,דבש צנצנת 700ג קליית גת,ליימן שליסל,,,"י""ח",700,"ל מ""ל",false,1,32.90,4.70,false,1,
7290111350719,false,כלנאצוס מסעדות 322ג,ליימן שליסל,,,"י""ח",323,ל גרם,false,1,15.90,4.92,true,1,
7290111350726,false,נאצוס מקסיקני 322ג,ליימן שליסל,,,"י""ח",323,ל גרם,false,1,15.90,4.92,true,1,
7290111352430,false,ממרח תמרים קליית גת 440ג טבעי,ליימן שליסל,,,"י""ח",440,ל גרם,false,1,11.90,2.70,true,1,
7290111352508,false,סילאן טבעי לחיץ 840ג,ליימן שליסל,,,"י""ח",840,ל גרם,false,1,22.90,2.73,true,1,
7290111352959,false,יוגטה מקלות חמוצים 80גר,ליימן שליסל,,,"י""ח",80,ל גרם,false,1,4.90,6.13,false,1,
7290111352966,false,יוגטה סוכריות ממולאות טעם פירות 250גר,ליימן שליסל,,,"י""ח",250,ל גרם,false,1,7.90,3.16,true,1,
7290111352973,false,יוגטה גומי קוביות חמוצות 220ג,ליימן שליסל,,,"י""ח",220,ל גרם,false,1,7.90,3.59,true,1,
7290111353123,false,חיספוסים גומי נחשים חמוצות 200ג.,ליימן שליסל,,,"י""ח",200,ל גרם,false,1,9.90,4.95,true,1,
7290111353239,false,חיספוסים גומי טעם פירות 200ג.,ליימן שליסל,,,"י""ח",200,ל גרם,false,1,9.90,4.95,true,1,
7290111353437,false,חטיף בטטה ומלח ים 120ג,ליימן שליסל,,,"י""ח",120,ל גרם,false,1,14.90,12.42,false,1,
7290111353444,false,חטיף בטטות ומלח ים 120ג,ליימן שליסל,,,"י""ח",120,ל גרם,false,1,14.90,12.42,false,1,
7290111353550,false,חמאת בוטנים טבעית 300ג קלית גת,ליימן שליסל,,,"י""ח",300,ל גרם,false,1,14.90,4.97,true,1,
7290111534010,false,פס גבינה שמנת ופרורים 450ג,קפולסקי אדל בעמ,,,"י""ח",450,ל גרם,false,1,44.90,9.98,false,1,
7290111563492,false,מטבוחה חריפה מרובע צבר 400גר,קבוצת אוסם סחר-שות.מוגבלת,,,"י""ח",400,ל גרם,false,1,12.70,3.18,true,1,
7290111564277,false,פיטנס פריכיות 3 דגנים דקות 120גר,קבוצת אוסם סחר-שות.מוגבלת,,,"י""ח",120,ל גרם,false,1,9.40,7.83,true,1,
7290111564291,false,פיטנס פריכיות דקות עם קינואה 120גר,קבוצת אוסם סחר-שות.מוגבלת,,,"י""ח",120,ל גרם,false,1,9.40,7.83,true,1,
7290111564666,false,טבעול כדורי בשר מן הצומח 500גר,קבוצת אוסם סחר-שות.מוגבלת,,,"י""ח",500,ל גרם,false,1,29.90,5.98,true,1,
7290111564727,false,קרמוגית במילוי קרם אגוזים 200ג,קבוצת אוסם סחר-שות.מוגבלת,,,"י""ח",200,ל גרם,false,1,10.90,5.45,true,1,
7290111565038,false,.לה קרמריה וניל קוקילידה 1.4 ליטר,נגה גלידות,,,"י""ח",1.40,ליטר,false,1,18.90,13.50,true,1,
7290111566103,false,טבעול פלאפל מרכיבים ביתיים 590גר,קבוצת אוסם סחר-שות.מוגבלת,,,"י""ח",590,ל גרם,false,1,37.90,6.42,true,1,
7290111566127,false,אוראו מאגדת סנדויץ 6*33ג,נגה גלידות,,,"י""ח",198,ל גרם,false,1,24.90,12.58,false,1,
7290111566226,false,טבעול שניצל ברוקולי 667גר,קבוצת אוסם סחר-שות.מוגבלת,,,"י""ח",667,ל גרם,false,1,37.90,5.68,true,1,
7290111566240,false,טבעול שניצל דק בטעם צ ילי חריף 564גר,קבוצת אוסם סחר-שות.מוגבלת,,,"י""ח",564,ל גרם,false,1,37.90,6.72,true,1,
7290111566271,false,טבעול חטיפי תירס 657גר,קבוצת אוסם סחר-שות.מוגבלת,,,"י""ח",657,ל גרם,false,1,22.90,3.49,true,1,
7290111566318,false,טבעול שניצל דק מן הצומח 564גר,קבוצת אוסם סחר-שות.מוגבלת,,,"י""ח",564,ל גרם,false,1,37.90,6.72,true,1,
7290111566332,false,טבעול נקניקיות וינר צמחוניות 680גר,קבוצת אוסם סחר-שות.מוגבלת,,,"י""ח",680,ל גרם,false,1,37.90,5.57,true,1,
7290111566417,false,טבעול טחון צמחוני 500 גרם,קבוצת אוסם סחר-שות.מוגבלת,,,"י""ח",500,ל גרם,false,1,37.90,7.58,true,1,
7290111566547,false,טבעול חזה בגריל צמחי 560גר,קבוצת אוסם סחר-שות.מוגבלת,,,"י""ח",560,ל גרם,false,1,22.90,4.09,true,1,
7290111566561,false,טבעול שניצל ברוקולי 99 קלוריות 560 גרם,קבוצת אוסם סחר-שות.מוגבלת,,,"י""ח",560,ל גרם,false,1,37.90,6.77,true,1,
7290111566660,false,טבעול קציצות עדשים כתומים 530 ג`,קבוצת אוסם סחר-שות.מוגבלת,,,"י""ח",530,ל גרם,false,1,37.90,7.15,true,1,
7290111566691,false,טבעול שניצל תרד 99 קלוריות 560גר,קבוצת אוסם סחר-שות.מוגבלת,,,"י""ח",560,ל גרם,false,1,25.40,4.54,true,1,
7290111566714,false,טבעול המבורגר צמחוני 99קלוריות 600 גרם,קבוצת אוסם סחר-שות.מוגבלת,,,"י""ח",600,ל גרם,false,1,37.90,6.32,true,1,
7290111566752,false,טבעול שניצל תירס 99 קלוריות 693 ג,קבוצת אוסם סחר-שות.מוגבלת,,,"י""ח",693,ל גרם,false,1,22.90,3.30,true,1,
7290111566776,false,טבעול נקניקיות קוקטייל צמחוניות 680גר,קבוצת אוסם סחר-שות.מוגבלת,,,"י""ח",680,ל גרם,false,1,37.90,5.57,true,1,
7290111568206,false,ביסלי פארטי מיקס 150ג,קבוצת אוסם סחר-שות.מוגבלת,,,"י""ח",150,ל גרם,false,1,8.90,5.93,true,1,
7290111568251,false,נודלס אטריות להקפצה 350ג,קבוצת אוסם סחר-שות.מוגבלת,,,"י""ח",300,ל גרם,false,1,9.90,3.30,false,1,
7290111930898,false,פוף כוכבים גריל 40ג,ש.שסטוביץ בעמ,,,"י""ח",40,ל גרם,false,1,3.90,9.75,true,1,
7290111930904,false,פוף כוכבים בצל 40ג,ש.שסטוביץ בעמ,,,"י""ח",40,ל גרם,false,1,3.90,9.75,true,1,
7290111930911,false,פוף לבבות קלאסי 40ג,ש.שסטוביץ בעמ,,,"י""ח",40,ל גרם,false,1,3.90,9.75,true,1,
7290111930928,false,פוף לבבות גריל 40ג,ש.שסטוביץ בעמ,,,"י""ח",40,ל גרם,false,1,3.90,9.75,true,1,
7290111932380,false,"מרידול משחת שיניים זוג 75מ""ל.",ש.שסטוביץ בעמ,,,"י""ח",1.50,ליטר,false,1,29.90,19.93,false,1,
7290111932502,false,"קולגייט אופטיק וייט75 מ""ל",ש.שסטוביץ בעמ,,,"י""ח",256,ל גרם,false,1,26.90,10.51,true,1,
7290111933462,false,"מאסטר שף רוטב צילי מתוק 300מ""ל",ש.שסטוביץ בעמ,,,"י""ח",300,ל גרם,false,1,7.90,2.63,false,1,
7290111933554,false,עגבניות קוביות מאסטר שף 400גר*3,ש.שסטוביץ בעמ,,,"י""ח",1.20,"ק""ג",false,1,15.90,13.25,false,1,
7290111935800,false,ליידי ספיד סטיק סטיק ויטמין E,ש.שסטוביץ בעמ,,,"י""ח",1,,false,1,19.90,19.90,true,1,
7290111935961,false,מחית עגבניות 690ג מאסטר שף,ש.שסטוביץ בעמ,,,"י""ח",690,ל גרם,false,1,10.90,1.58,false,1,
7290111936296,false,"פלמוליב סבון ארומה סנסיישן 750 מ""ל",ש.שסטוביץ בעמ,,,"י""ח",750,"ל מ""ל",false,1,19.90,2.65,true,1,
7290112000057,false,וולייט גל גולד 3 ליטר לשמירה על הבגד,רקיט בנקיזר (ניר איסט) בעמ,,,"י""ח",1,"י""ח",false,1,19.90,19.90,false,1,
7290112000286,false,"סיליט גל אסלות לימון 750מ""ל",רקיט בנקיזר (ניר איסט) בעמ,,,"י""ח",750,"ל מ""ל",false,1,10.90,1.45,false,1,
7290112000385,false,"דטול תרסיס למטבח 750מ""ל",רקיט בנקיזר (ניר איסט) בעמ,,,"י""ח",750,"ל מ""ל",false,1,14.90,1.99,true,1,
7290112001030,false,מילוי מבשם אוטומטי פיור פריחת דובדבן,רקיט בנקיזר (ניר איסט) בעמ,,,"י""ח",1,,false,1,15.90,15.90,true,1,
7290112001436,false,מנקה ומחדש לימון,רקיט בנקיזר (ניר איסט) בעמ,,,"י""ח",2,ליטר,false,1,14.90,7.45,true,1,
7290112001900,false,פיניש גל 1 ליטר אקולוגי,רקיט בנקיזר (ניר איסט) בעמ,,,"י""ח",1,,false,1,42.90,42.90,false,1,
7290112002099,false,קולון גל 2.5 ל`רגיל כחול,רקיט בנקיזר (ניר איסט) בעמ,,,"י""ח",2.50,ליטר,false,1,24.90,9.96,true,1,
7290112002129,false,קולון גל 2.5 ל`בניחוח מרענן ירוק,רקיט בנקיזר (ניר איסט) בעמ,,,"י""ח",2.50,ליטר,false,1,24.90,9.96,true,1,
7290112002136,false,קולון גל 4 ל`רגיל כחול,רקיט בנקיזר (ניר איסט) בעמ,,,"י""ח",4,ליטר,false,1,34.90,8.73,false,1,
7290112002143,false,קולון גל 4 ל`לילך סגול,רקיט בנקיזר (ניר איסט) בעמ,,,"י""ח",4,ליטר,false,1,34.90,8.73,false,1,
7290112002150,false,קולון גל 4 ל`בניחוח ורדים,רקיט בנקיזר (ניר איסט) בעמ,,,"י""ח",4,ליטר,false,1,34.90,8.73,false,1,
7290112002167,false,קולון גל 4 ל`בניחוח פריחה מרענן,רקיט בנקיזר (ניר איסט) בעמ,,,"י""ח",4,ליטר,false,1,34.90,8.73,false,1,
7290112002990,false,"סיליט ספריי הסרת שומנים א.סודה 750מ""ל",רקיט בנקיזר (ניר איסט) בעמ,,,"י""ח",750,"ל מ""ל",false,1,17.90,2.39,false,1,
7290112003188,false,קולון קפסולות לכביסה 1/60,רקיט בנקיזר (ניר איסט) בעמ,,,"י""ח",60,"י""ח",false,1,54.90,0.92,true,1,
7290112003232,false,"קולון 101- 5 ק""ג לבנדר",רקיט בנקיזר (ניר איסט) בעמ,,,"י""ח",5,"ק""ג",false,1,39.90,7.98,false,1,
7290112003249,false,"קולון 101- 5 ק""ג מאסק",רקיט בנקיזר (ניר איסט) בעמ,,,"י""ח",5,"ק""ג",false,1,39.90,7.98,false,1,
7290112004109,false,דטול מגבונים חיטוי וניקוי שלישיה,רקיט בנקיזר (ניר איסט) בעמ,,,"י""ח",3,"י""ח",false,1,21.90,7.30,false,1,
7290112004208,false,פיניש 50 טבליות למדיח הכל ב1 לימון,רקיט בנקיזר (ניר איסט) בעמ,,,"י""ח",50,"י""ח",false,1,39.90,0.80,true,1,
7290112004413,false,"וניש לבן ספריי 750מ""ל",רקיט בנקיזר (ניר איסט) בעמ,,,"י""ח",750,"ל מ""ל",false,1,13.90,1.85,true,1,
7290112004611,false,"וניש מולטי פאוור 200מ""ל ג`ל מרוכז.",רקיט בנקיזר (ניר איסט) בעמ,,,"י""ח",200,"ל מ""ל",false,1,16.90,8.45,true,1,
7290112004703,false,"וניש ג`ליסימו ג`ל 750מ""ל ורוד",רקיט בנקיזר (ניר איסט) בעמ,,,"י""ח",750,"ל מ""ל",false,1,19.90,2.65,false,1,
7290112004710,false,"וניש ג`ליסימו ג`ל 750מ""ל לבן",רקיט בנקיזר (ניר איסט) בעמ,,,"י""ח",750,"ל מ""ל",false,1,19.90,2.65,false,1,
7290112004963,false,פיניש אולטימייט 25 קפסולות בשקית,רקיט בנקיזר (ניר איסט) בעמ,,,"י""ח",30,"י""ח",false,1,39.90,1.33,true,1,
7290112004970,false,פיניש אולטימייט 50 קפסולות בשקית,רקיט בנקיזר (ניר איסט) בעמ,,,"י""ח",50,"י""ח",false,1,59.90,1.20,true,1,
7290112004987,false,אירוויק פרשמטיק מילוי בניחוח לבנדר,רקיט בנקיזר (ניר איסט) בעמ,,,"י""ח",1,,false,1,15.90,15.90,true,1,
7290112005045,false,וניש אבקה לכביסה לבנה 480ג,רקיט בנקיזר (ניר איסט) בעמ,,,"י""ח",480,ל גרם,false,1,16.90,3.52,true,1,
7290112005052,false,"וניש אבקה לכביסה 1.5ק""ג לבן",רקיט בנקיזר (ניר איסט) בעמ,,,"י""ח",150,ל גרם,false,1,39.90,26.60,true,1,
7290112005083,false,"וניש אבקה לכביסה 1.5ק""ג צבעונית",רקיט בנקיזר (ניר איסט) בעמ,,,"י""ח",150,ל גרם,false,1,39.90,26.60,true,1,
7290112005168,false,פיניש קוואנטום 60 קפסולות לימון בשקית,רקיט בנקיזר (ניר איסט) בעמ,,,"י""ח",45,"י""ח",false,1,59.90,1.33,true,1,
7290112192158,false,"ניוקי תפו""א ללא גלוטן 500ג",גורי מוצרי צריכה בעמ,,,"י""ח",500,ל גרם,false,1,10.90,2.18,false,1,
7290112192509,false,פרורי לחם 250ג GFREE.,גורי מוצרי צריכה בעמ,,,"י""ח",250,ל גרם,false,1,16.90,6.76,false,1,
7290112192943,false,אנטוש אלוורה 50 מ``ל,גורי ע.ע.ע. בעמ,,,"י""ח",500,"ל מ""ל",false,1,18.90,3.78,false,1,
7290112193582,false,תערובת לעוגה GF,גורי מוצרי צריכה בעמ,,,"י""ח",300,ל גרם,false,1,21.90,7.30,false,1,
7290112195647,false,"שמן זית כתית מעולה 750מ""ל הזית",א.ג בחירה חכמה בעמ,,,"י""ח",750,"ל מ""ל",false,1,29.90,3.99,true,1,
7290112197177,false,דגני בוקר במילוי קרם בטעם נוגט 375גר,גורי מוצרי צריכה בעמ,,,"י""ח",375,ל גרם,false,1,19.90,5.31,true,1,
7290112197702,false,פיצה מרגריטה ג`י פרי 330גר ללא גלוטן,גורי מוצרי צריכה בעמ,,,"י""ח",330,"ל מ""ל",false,1,27.90,8.45,false,1,
7290112330352,false,דנונה פרו 20גר וניל 0% שומן,שטראוס גרופ ***בעמ,,,"י""ח",20,"ל מ""ל",false,1,5.90,29.50,true,1,
7290112330390,false,דנונה פרו 20גר פירות יער 0% שומן,שטראוס גרופ ***בעמ,,,"י""ח",200,"ל מ""ל",false,1,5.90,2.95,true,1,
7290112330420,false,דנונה פרו לבן 2.9% שומן בודד 150גר,שטראוס גרופ ***בעמ,,,"י""ח",150,ל גרם,false,1,4.60,3.07,true,1,
7290112332585,false,"פריכיות תפו""א,אורז,בתיבול סלק ומלח 30גר",שטראוס גרופ בעמ,,,"י""ח",30,ל גרם,false,1,5,16.67,true,1,
7290112332691,false,פינוקיות פסק זמן אגוזים 200גר,שטראוס גרופ בעמ,,,"י""ח",200,ל גרם,false,1,8.30,4.15,true,1,
7290112332875,false,מאסט לארג באבלמינט 80גר,שטראוס גרופ בעמ,,,"י""ח",80,ל גרם,false,1,13.90,17.38,true,1,
7290112332899,false,מסטיק בזוקה פופים קלאסי 58גר,שטראוס גרופ בעמ,,,"י""ח",58,ל גרם,false,1,9.90,17.07,true,1,
7290112334596,false,שוקולית 850 ג (שקית) +,שטראוס גרופ בעמ,,,"י""ח",850,ל גרם,false,1,17.90,2.11,true,1,
7290112334749,false,קפה טורקי שקית 200 עלית +10% תוספת.,שטראוס גרופ בעמ,,,"י""ח",200,ל גרם,false,1,17.90,8.95,true,1,
7290112335111,false,מאסט לארג באבלמינט 80גר,שטראוס גרופ בעמ,,,"י""ח",80,ל גרם,false,1,13.90,17.38,true,1,
7290112335487,false,פריכיות הטעימות קצח ודגנים 135גר,שטראוס גרופ בעמ,,,"י""ח",135,ל גרם,false,1,12.90,9.56,true,1,
7290112335494,false,פריכיות הטעימות פוטטוס 135גר,שטראוס גרופ בעמ,,,"י""ח",135,ל גרם,false,1,12.90,9.56,true,1,
7290112335500,false,פריכיות הטעימות חלבון 135גר,שטראוס גרופ בעמ,,,"י""ח",135,ל גרם,false,1,12.90,9.56,true,1,
7290112336637,false,"סוכריות MUST טעם לל""ס יוגורט תות אוכמנ",שטראוס גרופ בעמ,,,"י""ח",80,ל גרם,false,1,8.90,11.13,true,1,
7290112336644,false,"סוכריות MUST טעם לל""ס לימון",שטראוס גרופ בעמ,,,"י""ח",80,ל גרם,false,1,8.90,11.13,true,1,
7290112336712,false,דנונה פרו 21גר 0% 200גר,שטראוס גרופ ***בעמ,,,"י""ח",20,"ל מ""ל",false,1,5.90,29.50,true,1,
7290112337474,false,"סוכריות MUST טעם לל""ס פטל לימון",שטראוס גרופ בעמ,,,"י""ח",80,ל גרם,false,1,8.90,11.13,true,1,
7290112337481,false,"סוכריות MUST טעם לל""ס קפוצ`ינו",שטראוס גרופ בעמ,,,"י""ח",80,ל גרם,false,1,8.90,11.13,true,1,
7290112338877,false,סקי תות 3% 125גר,שטראוס גרופ ***בעמ,,,"י""ח",125,ל גרם,false,1,2.50,2,true,1,
7290112339171,false,מילקי מוס 81גר,שטראוס גרופ ***בעמ,,,"י""ח",81,ל גרם,false,1,3.40,4.20,true,1,
7290112339362,false,דנונה לייט אנד פריי טעם קפוצ`ינו 150גר.,שטראוס גרופ ***בעמ,,,"י""ח",150,"ל מ""ל",false,1,2.90,1.93,true,1,
7290112339867,false,גמדים סקוויז תות בודד 100ג,שטראוס גרופ ***בעמ,,,"י""ח",100,ל גרם,false,1,5.90,5.90,true,1,
7290112339874,false,גמדים סקוויז תות בננה בודד 100ג,שטראוס גרופ ***בעמ,,,"י""ח",100,ל גרם,false,1,5.90,5.90,true,1,
7290112340122,false,פריכיות הטעימות 3דגנים 135גר,שטראוס גרופ בעמ,,,"י""ח",135,ל גרם,false,1,12.90,9.56,true,1,
7290112340245,false,מסטיק מאסט בטעם דובדבן 66גר,שטראוס גרופ בעמ,,,"י""ח",66,ל גרם,false,1,9.90,15,true,1,
7290112340276,false,פינוקיות קפה נמס 200גר,שטראוס גרופ בעמ,,,"י""ח",200,ל גרם,false,1,8.30,4.15,true,1,
7290112340900,false,קפה האג 200 גר,שטראוס גרופ בעמ,,,"י""ח",200,ל גרם,false,1,24.90,12.45,true,1,
7290112341556,false,אקטיביה צ`יה ותות בודד 150גר,שטראוס גרופ ***בעמ,,,"י""ח",150,ל גרם,false,1,4.60,3.07,true,1,
7290112341686,false,מארז אקטיביה שמינייה 3% 150גר,שטראוס גרופ ***בעמ,,,"י""ח",1.20,ליטר,false,1,19.90,16.58,true,1,
7290112342102,false,סימפוניה בצל מקורמל 200גר,שטראוס גרופ ***בעמ,,,"י""ח",200,ל גרם,false,1,10.90,5.45,true,1,
7290112343260,false,רוטב שמנת קלאסי 9%,שטראוס גרופ ***בעמ,,,"י""ח",260,ל גרם,false,1,9.90,3.81,true,1,
7290112343420,false,"יטבתה פרו ארוחת בוקר 350מ""ל",שטראוס גרופ ***בעמ,,,"י""ח",350,"ל מ""ל",false,1,7.50,2.14,true,1,
7290112343499,false,צ יטוס פאפס 55ג,שטראוס פריטו ליי בעמ,,,"י""ח",60,ל גרם,false,1,3.50,5.83,true,1,
7290112344564,false,רביולי גבינה שטראוס,שטראוס גרופ ***בעמ,,,"י""ח",400,ל גרם,false,1,15,3.75,true,1,
7290112344724,false,מילקי בטעם שוקולד בלונדי עם קצפת 133גר,שטראוס גרופ ***בעמ,,,"י""ח",133,ל גרם,false,1,3.40,2.56,true,1,
7290112344755,false,מילקי עם 26% פחות סוכר 135 גר}שטראוס{,שטראוס גרופ ***בעמ,,,"י""ח",130,"ל מ""ל",false,1,2.90,2.23,true,1,
7290112344786,false,קפה נמס פלטינום קלאסיק 200גר,שטראוס גרופ בעמ,,,"י""ח",200,ל גרם,false,1,20,10,true,1,
7290112344953,false,סימפוניה 3% חציל קלוי 200גר,שטראוס גרופ ***בעמ,,,"י""ח",200,ל גרם,false,1,10.90,5.45,true,1,
7290112346360,false,בפלות אחד אחד בציפוי שוקולד חלב 180גר,שטראוס גרופ בעמ,,,"י""ח",180,ל גרם,false,1,13.90,7.72,true,1,
7290112346537,false,פינוקיות טעם טורטית 200גר,שטראוס גרופ בעמ,,,"י""ח",200,ל גרם,false,1,11.90,5.95,true,1,
7290112346629,false,דנונה קראנצי קורנפלקס מצופה שוקולד,שטראוס גרופ ***בעמ,,,"י""ח",175,"ל מ""ל",false,1,4.40,2.51,true,1,
7290112346773,false,דנונה לייט אנד פריי טעם וניל עם חלבון,שטראוס גרופ ***בעמ,,,"י""ח",150,"ל מ""ל",false,1,4.50,3,true,1,
7290112346797,false,אקטיביה שיבולת שועל ושזיף 150גר,שטראוס גרופ ***בעמ,,,"י""ח",150,ל גרם,false,1,4.60,3.07,true,1,
7290112346827,false,אקטימל שמיניה פטל ויטמין C,שטראוס גרופ ***בעמ,,,"י""ח",800,"ל מ""ל",false,1,20.20,2.53,true,1,
7290112347008,false,גמדים סקוויז תות בננה בודד 100ג,שטראוס גרופ ***בעמ,,,"י""ח",100,ל גרם,false,1,5.90,5.90,true,1,
7290112347473,false,דנונה שמינייה דיאט פריי תות ואפרסק 1.2,שטראוס גרופ ***בעמ,,,"י""ח",1.20,ליטר,false,1,26.90,22.42,true,1,
7290112348142,false,שעועית לבנה 380גרם טעם הטבע קופסה,שטראוס גרופ בעמ,,,"י""ח",380,ל גרם,false,1,3.30,0.87,true,1,
7290112348616,false,אייס קפה נמס אגוזי לוז 100 ג.,שטראוס גרופ בעמ,,,"י""ח",100,ל גרם,false,1,19.90,19.90,true,1,
7290112348999,false,פריכיות הטעימות תירס דקות 135גר,שטראוס גרופ בעמ,,,"י""ח",135,ל גרם,false,1,12.90,9.56,true,1,
7290112349316,false,בזוקה ביג פופים טעם תות 85גר,שטראוס גרופ בעמ,,,"י""ח",80,ל גרם,false,1,13.90,17.38,true,1,
7290112349606,false,דניאלה תות בננה,שטראוס גרופ ***בעמ,,,"י""ח",150,"ל מ""ל",false,1,3.90,2.60,true,1,
7290112349705,false,רוטב עגבניות לפסטה קלאסי 350גר,שטראוס גרופ בעמ,,,"י""ח",350,ל גרם,false,1,9,2.57,true,1,
7290112349736,false,רוטב עגבניות לפסטה בזיליקום 350גר,שטראוס גרופ בעמ,,,"י""ח",350,ל גרם,false,1,9,2.57,true,1,
7290112349743,false,רוטב עגבניות לפסטה פיקנטי 350גר,שטראוס גרופ בעמ,,,"י""ח",350,ל גרם,false,1,11.90,3.40,true,1,
7290112349750,false,.רוטב עגבניות לפסטה לפיצה 350גר,שטראוס גרופ בעמ,,,"י""ח",350,ל גרם,false,1,9,2.57,true,1,
7290112349903,false,רוטב שמנת עם גרגירי וניל,שטראוס גרופ ***בעמ,,,"י""ח",200,ל גרם,false,1,10.90,5.45,true,1,
7290112350312,false,"קפסולות אספרסו חזק עלית 15יח כשל""פ",שטראוס גרופ בעמ,,,"י""ח",50,ל גרם,false,1,19,38,true,1,
7290112350589,false,צי קו 65 ג נס 2020,שטראוס גרופ בעמ,,,"י""ח",65,ל גרם,false,1,11.50,17.69,true,1,
7290112351067,false,סילאן טבעי לחיץ 630ג יד מרדכי,שטראוס גרופ בעמ,,,"י""ח",630,ל גרם,false,1,24.90,3.95,true,1,
7290112351258,false,פינוקיות שחור לבן 200גר,שטראוס גרופ בעמ,,,"י""ח",200,ל גרם,false,1,8.30,4.15,true,1,
7290112351463,false,שלישיית סוכריות Fresh פטל לימון,שטראוס גרופ בעמ,,,"י""ח",45,ל גרם,false,1,8.90,19.78,true,1,
7290112351470,false,שלישיית סוכריות Fresh רימון תות,שטראוס גרופ בעמ,,,"י""ח",45,ל גרם,false,1,8.90,19.78,true,1,
7290112353887,false,משקה קפה קר טעם אגוזים 230גר,שטראוס גרופ ***בעמ,,,"י""ח",230,"ל מ""ל",false,1,7.90,3.43,true,1,
7290112354174,false,פסטה רוזה דלישס,קפוא זן תעשיות מזון בעמ,,,"י""ח",300,ל גרם,false,1,21.90,7.30,true,1,
7290112354945,false,תפוציפס טבע 50 גרם WAVY,שטראוס פריטו ליי בעמ,,,"י""ח",50,ל גרם,false,1,4.50,9,true,1,
7290112354969,false,תפוציפס טבעי 200 ג WAVY,שטראוס פריטו ליי בעמ,,,"י""ח",200,ל גרם,false,1,10.90,5.45,true,1,
7290112355027,false,דנונה פרו 20גר טעם קרמל מלוח 200גר,שטראוס גרופ ***בעמ,,,"י""ח",20,"ל מ""ל",false,1,5.90,29.50,true,1,
7290112355102,false,גמדים פאוץ סלט פירות בודד 100ג,שטראוס גרופ ***בעמ,,,"י""ח",100,ל גרם,false,1,5.90,5.90,true,1,
7290112355393,false,רוטב שמנת עם בטטה,שטראוס גרופ ***בעמ,,,"י""ח",257,ל גרם,false,1,10.90,4.24,true,1,
7290112355775,false,סימפוניה 5% עירית 200גר,שטראוס גרופ ***בעמ,,,"י""ח",200,ל גרם,false,1,10.90,5.45,true,1,
7290112356536,false,שקית קקאו 150 גרם+10%,שטראוס גרופ בעמ,,,"י""ח",150,ל גרם,false,1,7.50,5,true,1,
7290112357045,false,עגבניות מרוסקות טעם הטבע קופסה 390גר,שטראוס גרופ בעמ,,,"י""ח",390,ל גרם,false,1,3.30,0.85,true,1,
7290112357069,false,מחית עגבניות איטלקיות טעם הטבע קופסה50,שטראוס גרופ בעמ,,,"י""ח",500,ל גרם,false,1,3.30,0.66,true,1,
7290112357106,false,שעועית אדומה 380גרם טעם הטבע קופסה,שטראוס גרופ בעמ,,,"י""ח",380,ל גרם,false,1,3.30,0.87,true,1,
7290112357113,false,גרגרי חומוס 380גרם טעם הטבע קופסה,שטראוס גרופ בעמ,,,"י""ח",380,ל גרם,false,1,3.30,0.87,true,1,
7290112357175,false,"קפסולות אספרסו Boost עלית 14יח כשל""פ",שטראוס גרופ בעמ,,,"י""ח",50,ל גרם,false,1,19,38,true,1,
7290112357892,false,שלישיית סוכריות Fresh מנטה,שטראוס גרופ בעמ,,,"י""ח",45,ל גרם,false,1,8.90,19.78,true,1,
7290112358004,false,פסק זמן קראנץ 32גר,שטראוס גרופ בעמ,,,"י""ח",45,ל גרם,false,1,4.90,10.89,true,1,
7290112358127,false,דנונה פרו 200גר עם מגנזיום,שטראוס גרופ ***בעמ,,,"י""ח",200,"ל מ""ל",false,1,6.30,3.15,true,1,
7290112358219,false,"רוטב צ`ילי מתוק 280מ""ל יד מרדכי",שטראוס גרופ בעמ,,,"י""ח",280,"ל מ""ל",false,1,12.90,4.61,true,1,
7290112358233,false,"רוטב צ`ילי חריף 280מ""ל יד מרדכי",שטראוס גרופ בעמ,,,"י""ח",280,"ל מ""ל",false,1,12.90,4.61,true,1,
7290112358240,false,"רוטב גריל 300מ""ל יד מרדכי",שטראוס גרופ בעמ,,,"י""ח",300,"ל מ""ל",false,1,12.90,4.30,true,1,
7290112358431,false,ביסקויט עד חצות דאבל 200גר,שטראוס גרופ בעמ,,,"י""ח",200,ל גרם,false,1,13.10,6.55,true,1,
7290112358554,false,מארז קפה נמס לדרך 1.8גרם *28שקיות,שטראוס גרופ בעמ,,,"י""ח",50,ל גרם,false,1,10.90,21.80,true,1,
7290112359353,false,אלדין קפה 200 ג`,שטראוס גרופ בעמ,,,"י""ח",200,ל גרם,false,1,21.90,10.95,true,1,
7290112359384,false,אייס קפה נמס אלפחורס ריבת חלב 100גר.,שטראוס גרופ בעמ,,,"י""ח",200,ל גרם,false,1,19.90,9.95,true,1,
7290112415400,false,עוגיות אלפחורס חלבי,קפולסקי אדל בעמ,,,"י""ח",300,ל גרם,false,1,29.90,9.97,false,1,
7290112490032,false,נמס בכוס תירס,יוניליוור ישראל שיווק בעמ,,,"י""ח",64,ל גרם,false,1,6.90,10.78,true,1,
7290112490209,false,נמס בכוס עגבניות 56ג,יוניליוור ישראל שיווק בעמ,,,"י""ח",56,ל גרם,false,1,6.90,12.32,true,1,
7290112490216,false,נמס בכוס טעם עוף 48ג,יוניליוור ישראל שיווק בעמ,,,"י""ח",48,ל גרם,false,1,6.90,14.38,true,1,
7290112490650,false,קונפיטורה תות שדה 340ג,יוניליוור ישראל שיווק בעמ,,,"י""ח",340,ל גרם,false,1,11.90,3.50,false,1,
7290112490667,false,קונפיטורה מישמיש 340 גרם,יוניליוור ישראל שיווק בעמ,,,"י""ח",340,ל גרם,false,1,11.90,3.50,false,1,
7290112490674,false,קונפיטורה דובדבנים 340ג,יוניליוור ישראל שיווק בעמ,,,"י""ח",340,ל גרם,false,1,11.90,3.50,false,1,
7290112490698,false,קונפיטורה תות לייט 260ג,יוניליוור ישראל שיווק בעמ,,,"י""ח",260,ל גרם,false,1,12.90,4.96,false,1,
7290112490735,false,מרק עשיר עגבניות פסטהר. טבעי 105ג,יוניליוור ישראל שיווק בעמ,,,"י""ח",74,ל גרם,false,1,11.90,16.08,false,1,
7290112490827,false,"בדין תרסיס למייבש בייבי 500מ""ל",יוניליוור ישראל שיווק בעמ,,,"י""ח",500,"ל מ""ל",false,1,15.90,3.18,false,1,
7290112490896,false,"רוטב צ ילי חריף 370 מ""ל קנור",יוניליוור ישראל שיווק בעמ,,,"י""ח",300,"ל מ""ל",false,1,9,3,true,1,
7290112491695,false,קונפיטורה משמש לייט 260גרם,יוניליוור ישראל שיווק בעמ,,,"י""ח",260,ל גרם,false,1,12.90,4.96,false,1,
7290112491701,false,"ברנפלקס חלבון בד""ץ 375ג",יוניליוור ישראל שיווק בעמ,,,"י""ח",375,ל גרם,false,1,17.50,4.67,false,1,
7290112491770,false,בייגלה דקים דקים מלח 300 גר`,יוניליוור ישראל שיווק בעמ,,,"י""ח",300,ל גרם,false,1,7.50,2.50,true,1,
7290112491787,false,בייגלה דקים דקים שומשום 300 גר`,יוניליוור ישראל שיווק בעמ,,,"י""ח",300,ל גרם,false,1,7.50,2.50,true,1,
7290112491794,false,בייגלה דקים דקים שמנת בצל 300 גר`,יוניליוור ישראל שיווק בעמ,,,"י""ח",300,ל גרם,false,1,9.90,3.30,true,1,
7290112492449,false,פינוק שמפו(כחול)לשיער רגיל,יוניליוור ישראל שיווק בעמ,,,"י""ח",700,"ל מ""ל",false,1,11.90,1.70,true,1,
7290112492456,false,פינוק שמפו(כחול)לשיער יבש,יוניליוור ישראל שיווק בעמ,,,"י""ח",700,"ל מ""ל",false,1,11.90,1.70,true,1,
7290112492463,false,פינוק שמפו+קונדישינר רגיל,יוניליוור ישראל שיווק בעמ,,,"י""ח",700,"ל מ""ל",false,1,11.90,1.70,true,1,
7290112492470,false,פינוק שמפו+קונדישינר יבש,יוניליוור ישראל שיווק בעמ,,,"י""ח",700,"ל מ""ל",false,1,11.90,1.70,true,1,
7290112492487,false,"פינוק שמפו לשיער שמן מרוקאי 700מ""ל",יוניליוור ישראל שיווק בעמ,,,"י""ח",700,"ל מ""ל",false,1,11.90,1.70,true,1,
7290112492500,false,"פינוק שמפו שמן קוקוס 700מ""ל",יוניליוור ישראל שיווק בעמ,,,"י""ח",700,"ל מ""ל",false,1,11.90,1.70,true,1,
7290112492531,false,"פינוק קונדישנר לשיער רגיל 700מ""ל",יוניליוור ישראל שיווק בעמ,,,"י""ח",700,"ל מ""ל",false,1,11.90,1.70,true,1,
7290112492548,false,קונדשנר פינוק לשיער יבש,יוניליוור ישראל שיווק בעמ,,,"י""ח",700,"ל מ""ל",false,1,11.90,1.70,true,1,
7290112492579,false,"פינוק מרכך שמן קוקוס 700מ""ל",יוניליוור ישראל שיווק בעמ,,,"י""ח",700,"ל מ""ל",false,1,11.90,1.70,true,1,
7290112492593,false,פינוק סבון נוזלי בניחוח קלאסי,יוניליוור ישראל שיווק בעמ,,,"י""ח",750,"ל מ""ל",false,1,10.90,1.45,false,1,
7290112492609,false,"פינוק סבון נוזלי לבנדר ווניל 700 מ""ל",יוניליוור ישראל שיווק בעמ,,,"י""ח",700,"ל מ""ל",false,1,10.90,1.56,false,1,
7290112492630,false,"פינוק לגבר 3ב1 700מ""ל.",יוניליוור ישראל שיווק בעמ,,,"י""ח",700,"ל מ""ל",false,1,11.90,1.70,true,1,
7290112492678,false,"פינוק שמפו רגיל 100מ""ל שפרפרת",יוניליוור ישראל שיווק בעמ,,,"י""ח",100,"ל מ""ל",false,1,4.90,4.90,false,1,
7290112492715,false,פינוק שמפו אל דמע לסירוק קל לילדים700מ,יוניליוור ישראל שיווק בעמ,,,"י""ח",700,"ל מ""ל",false,1,12.90,1.84,false,1,
7290112492746,false,פינוק מרכך לסירוק קל לילדים700מ,יוניליוור ישראל שיווק בעמ,,,"י""ח",700,"ל מ""ל",false,1,10.90,1.56,false,1,
7290112492753,false,"פינוק אל סבון לרחצה לילדים 700מ""ל",יוניליוור ישראל שיווק בעמ,,,"י""ח",700,"ל מ""ל",false,1,9.90,1.41,false,1,
7290112492944,false,"מרק עוף אמיתי{קנור}400גר כשל""פ",יוניליוור ישראל שיווק בעמ,,,"י""ח",400,ל גרם,false,1,18.90,4.73,true,1,
7290112492968,false,"מרק בצל 400 גר כשל""פ",יוניליוור ישראל שיווק בעמ,,,"י""ח",400,ל גרם,false,1,21.90,5.48,false,1,
7290112492982,false,מרק פטריות רכיבים טבעיים 400ג קנור,יוניליוור ישראל שיווק בעמ,,,"י""ח",400,ל גרם,false,1,18,4.50,true,1,
7290112492999,false,"מרק טעם עוף 400 גר`בד""צ",יוניליוור ישראל שיווק בעמ,,,"י""ח",400,ל גרם,false,1,13.90,3.48,true,1,
7290112493064,false,"רוטב ל עוף שזיפים בד""צ 320גרם",יוניליוור ישראל שיווק בעמ,,,"י""ח",320,ל גרם,false,1,10.90,3.41,true,1,
7290112493095,false,נמס בכוס עגבניות חריף,יוניליוור ישראל שיווק בעמ,,,"י""ח",48,ל גרם,false,1,6.90,14.38,true,1,
7290112493293,false,נמס בכוס ירקות 100% רכיבים טבעיים,יוניליוור ישראל שיווק בעמ,,,"י""ח",48,ל גרם,false,1,6.90,14.38,true,1,
7290112493316,false,מרק היום אפונה 100% ר.טבעיים,יוניליוור ישראל שיווק בעמ,,,"י""ח",117,ל גרם,false,1,11.90,10.17,false,1,
7290112493934,false,קרמיסימו מעדן קפוא טעם וניל צרפתי,גלידות שטראוס בעמ,,,"י""ח",776,"ל מ""ל",false,1,16.20,2.09,false,1,
7290112493965,false,קרמיסימו מעדן קפוא טעם וניל מסטיק,גלידות שטראוס בעמ,,,"י""ח",814,"ל מ""ל",false,1,18.90,2.32,false,1,
7290112494016,false,מיונז מופחת שומן 500 תלמה,יוניליוור ישראל שיווק בעמ,,,"י""ח",500,ל גרם,false,1,9.90,1.98,false,1,
7290112494153,false,תיבוליות קנור צלי 72גרם,יוניליוור ישראל שיווק בעמ,,,"י""ח",72,ל גרם,false,1,7.90,10.97,true,1,
7290112494221,false,קליק ביסקוויט 65ג,יוניליוור ישראל שיווק בעמ,,,"י""ח",65,ל גרם,false,1,4.50,6.92,false,1,
7290112494238,false,קליק כדורים חלב 65ג,יוניליוור ישראל שיווק בעמ,,,"י""ח",65,ל גרם,false,1,5.90,9.08,false,1,
7290112494276,false,קליק כריות 65ג,יוניליוור ישראל שיווק בעמ,,,"י""ח",65,ל גרם,false,1,4.50,6.92,false,1,
7290112494283,false,קליק מעורב חום לבן 65ג,יוניליוור ישראל שיווק בעמ,,,"י""ח",65,ל גרם,false,1,4.50,6.92,false,1,
7290112494344,false,קורנפלקס אלופים 850ג בדץ.,יוניליוור ישראל שיווק בעמ,,,"י""ח",850,ל גרם,false,1,16.90,1.99,false,1,
7290112494351,false,קורנפלקס אלופים 850ג בדץ,יוניליוור ישראל שיווק בעמ,,,"י""ח",850,ל גרם,false,1,15.90,1.87,false,1,
7290112494382,false,פירה טעם ביתי 260גרם,יוניליוור ישראל שיווק בעמ,,,"י""ח",260,ל גרם,false,1,9.90,3.81,false,1,
7290112494597,false,"דומסטוס עם אקונומיקה 750מ""ל",יוניליוור ישראל שיווק בעמ,,,"י""ח",750,"ל מ""ל",false,1,9.90,1.32,false,1,
7290112494795,false,"בדין ג`ל כביסה לבנה וצבעונית 2.5ק""ג",יוניליוור ישראל שיווק בעמ,,,"י""ח",2.50,ליטר,false,1,27.90,11.16,false,1,
7290112494825,false,"דאב תרחיץ פנים רגיש 180מ""ל",יוניליוור ישראל שיווק בעמ,,,"י""ח",180,"ל מ""ל",false,1,11.90,6.61,false,1,
7290112494832,false,"דאב תרחיץ פנים רגיש 180מ""ל",יוניליוור ישראל שיווק בעמ,,,"י""ח",180,"ל מ""ל",false,1,11.90,6.61,false,1,
7290112495006,false,כריות נוגט 686ג בדץ,יוניליוור ישראל שיווק בעמ,,,"י""ח",750,ל גרם,false,1,21.90,2.92,false,1,
7290112495037,false,"קוקומן בד""ץ 375ג כדורים",יוניליוור ישראל שיווק בעמ,,,"י""ח",375,ל גרם,false,1,19.90,5.31,true,1,
7290112495044,false,"קוקומן כדורים בד""ץ 375ב",יוניליוור ישראל שיווק בעמ,,,"י""ח",375,ל גרם,false,1,19.90,5.31,true,1,
7290112495105,false,נשנשים שמנת בצל 260 גרם,יוניליוור ישראל שיווק בעמ,,,"י""ח",260,ל גרם,false,1,11.90,4.58,false,1,
7290112495112,false,נשנשים זעתר 260 גרם,יוניליוור ישראל שיווק בעמ,,,"י""ח",260,ל גרם,false,1,11.90,4.58,false,1,
7290112495143,false,נשנשים קרקר קוקטייל מלוח 300 גר.,יוניליוור ישראל שיווק בעמ,,,"י""ח",300,ל גרם,false,1,11.90,3.97,false,1,
7290112495150,false,נשנשים עגול מלוח 350 גר.,יוניליוור ישראל שיווק בעמ,,,"י""ח",300,ל גרם,false,1,11.90,3.97,false,1,
7290112495167,false,נשנשים קרקר משולשי שומשום 300ג,יוניליוור ישראל שיווק בעמ,,,"י""ח",300,ל גרם,false,1,11.90,3.97,false,1,
7290112495174,false,נשנשים קרקר קוקטייל שומשום 300ג,יוניליוור ישראל שיווק בעמ,,,"י""ח",300,ל גרם,false,1,11.90,3.97,false,1,
7290112495228,false,.קורנפלקס 448ג דבש,יוניליוור ישראל שיווק בעמ,,,"י""ח",448,ל גרם,false,1,17.90,4,true,1,
7290112495280,false,"ברנפלקס ריבועי קינמון 400מ""ל",יוניליוור ישראל שיווק בעמ,,,"י""ח",400,"ל מ""ל",false,1,17.50,4.38,false,1,
7290112495433,false,דליפקאן 400ג אגוזי פקאן ושקדים,יוניליוור ישראל שיווק בעמ,,,"י""ח",400,ל גרם,false,1,21.90,5.48,false,1,
7290112495488,false,קורנפלקס ללא גלוטן 500גר`,יוניליוור ישראל שיווק בעמ,,,"י""ח",500,ל גרם,false,1,14.90,2.98,false,1,
7290112495556,false,מארז קליק נוגט שלישייה,יוניליוור ישראל שיווק בעמ,,,"י""ח",106,ל גרם,false,1,10,9.43,true,1,
7290112495594,false,גדול גדול ללא מלח 400גר.,יוניליוור ישראל שיווק בעמ,,,"י""ח",400,ל גרם,false,1,11.90,2.98,false,1,
7290112495747,false,"רוטב צילי מתוק 70% פחות סוכר 340מ""ל",יוניליוור ישראל שיווק בעמ,,,"י""ח",340,"ל מ""ל",false,1,10.90,3.21,true,1,
7290112495754,false,הלמנס לסלט אלף האיים 305גרם,יוניליוור ישראל שיווק בעמ,,,"י""ח",305,ל גרם,false,1,9.90,3.25,false,1,
7290112495761,false,"הלמנס לסלט אלף האיים לייט 305גרם בד""צ",יוניליוור ישראל שיווק בעמ,,,"י""ח",305,ל גרם,false,1,9.90,3.25,false,1,
7290112495785,false,הלמנס רוטב שום 300גרם,יוניליוור ישראל שיווק בעמ,,,"י""ח",300,ל גרם,false,1,9.90,3.30,false,1,
7290112495792,false,הלמנס רוטב שום לייט 300גרם,יוניליוור ישראל שיווק בעמ,,,"י""ח",300,ל גרם,false,1,9.90,3.30,false,1,
7290112496027,false,"סירופ שוקולד לחיץ 580 מ""ל כשל""פ אפיכל",יוניליוור ישראל שיווק בעמ,,,"י""ח",580,"ל מ""ל",false,1,10.90,1.88,false,1,
7290112496034,false,"סירופ מייפל לחיץ 580 מ""ל כשל""פ אפיכל",יוניליוור ישראל שיווק בעמ,,,"י""ח",580,"ל מ""ל",false,1,10.90,1.88,false,1,
7290112496218,false,קנור רוטב טריאקי 340ג,יוניליוור ישראל שיווק בעמ,,,"י""ח",340,ל גרם,false,1,9,2.65,true,1,
7290112496430,false,נמס בכוס עגבניות אקסטרה אטריות,יוניליוור ישראל שיווק בעמ,,,"י""ח",39,ל גרם,false,1,3.90,10,false,1,
7290112496447,false,נמס בכוס טעם עוף אקסטרה אטריות,יוניליוור ישראל שיווק בעמ,,,"י""ח",39,ל גרם,false,1,3.90,10,false,1,
7290112496461,false,נמס בכוס טעם עוף עם אטריות וקרטונים,יוניליוור ישראל שיווק בעמ,,,"י""ח",35,ל גרם,false,1,3.90,11.14,false,1,
7290112497000,false,פנטסטיק 1 ליטר,יוניליוור ישראל שיווק בעמ,,,"י""ח",1,ליטר,false,1,9.90,9.90,false,1,
7290112497505,false,"תחליב גוף וזלין ירוק עם אלוורה 600מ""ל",יוניליוור ישראל שיווק בעמ,,,"י""ח",600,"ל מ""ל",false,1,19.90,3.32,false,1,
7290112497710,false,פינוק שמפו אל דמע בייבי 700מ,יוניליוור ישראל שיווק בעמ,,,"י""ח",700,"ל מ""ל",false,1,14.90,2.13,false,1,
7290112497864,false,מרק עוף רכיבים טבעיים 33% פחות נת 400ג,יוניליוור ישראל שיווק בעמ,,,"י""ח",400,ל גרם,false,1,18.90,4.73,true,1,
7290112497994,false,גרנולה פרוטאין 300 גרם,יוניליוור ישראל שיווק בעמ,,,"י""ח",300,ל גרם,false,1,15.90,5.30,false,1,
7290112498007,false,גרנולה פרוטאין 300 גרם,יוניליוור ישראל שיווק בעמ,,,"י""ח",300,ל גרם,false,1,15.90,5.30,false,1,
7290112498069,false,"קוקומן כשל""פ ללא גלוטן",יוניליוור ישראל שיווק בעמ,,,"י""ח",375,ל גרם,false,1,19.90,5.31,true,1,
7290112498267,false,"פינוק סבון ידיים נוזלי קלאסי 950מ""ל",יוניליוור ישראל שיווק בעמ,,,"י""ח",950,"ל מ""ל",false,1,7.90,0.83,false,1,
7290112498274,false,"פינוק סבון ידיים נוזלי לבנדר 950מ""ל",יוניליוור ישראל שיווק בעמ,,,"י""ח",950,"ל מ""ל",false,1,11.90,1.25,false,1,
7290112498281,false,"פינוק סבון ידיים נוזלי קוקוס 950מ""ל",יוניליוור ישראל שיווק בעמ,,,"י""ח",950,"ל מ""ל",false,1,7.90,0.83,false,1,
7290112498298,false,"פינוק סבון ידיים נוזלי מרוקאי 950מ""ל",יוניליוור ישראל שיווק בעמ,,,"י""ח",950,"ל מ""ל",false,1,7.90,0.83,false,1,
7290112498441,false,"רוטב אסייתי למוקפץ 270 מ""ל",יוניליוור ישראל שיווק בעמ,,,"י""ח",370,"ל מ""ל",false,1,9,2.43,true,1,
7290112498915,false,מאגדת מגנום שקדים מיני שטראוס,גלידות שטראוס בעמ,,,"י""ח",280,ל גרם,false,1,25.90,9.25,false,1,
7290112499097,false,מאגדת מגנום מריר מיני,גלידות שטראוס בעמ,,,"י""ח",280,ל גרם,false,1,25.90,9.25,false,1,
7290112499196,false,קרמיסימו החלב של קורנפלקס,גלידות שטראוס בעמ,,,"י""ח",1.33,ליטר,false,1,16.20,12.18,false,1,
7290112499226,false,גלידונית 60 יח טעם פיסטוק ובננה שטראו,גלידות שטראוס בעמ,,,"י""ח",700,ל גרם,false,1,49.90,7.13,false,1,
7290112499448,false,"פינוק קונדישנר שמן מרוקאי 700מ""ל",יוניליוור ישראל שיווק בעמ,,,"י""ח",700,"ל מ""ל",false,1,11.90,1.70,true,1,
7290112499455,false,"פינוק סבון נוזלי מרוקאי 700מ""ל",יוניליוור ישראל שיווק בעמ,,,"י""ח",750,"ל מ""ל",false,1,10.90,1.45,false,1,
7290112499462,false,"פינוק סבון נוזלי שמן קוקוס 700מ""ל",יוניליוור ישראל שיווק בעמ,,,"י""ח",750,"ל מ""ל",false,1,10.90,1.45,false,1,
7290112499479,false,פינוק שמפו עם קרטין,יוניליוור ישראל שיווק בעמ,,,"י""ח",700,"ל מ""ל",false,1,11.90,1.70,true,1,
7290112499639,false,טילון סופר מגנום וניל שוקולד,גלידות שטראוס בעמ,,,"י""ח",110,ל גרם,false,1,8,7.27,true,1,
7290112499646,false,"קורנטו טעם וניל עם וופל,פקאן",גלידות שטראוס בעמ,,,"י""ח",108,ל גרם,false,1,8,7.41,true,1,
7290112499677,false,מגנום שוקולד 85ג לבן,גלידות שטראוס בעמ,,,"י""ח",85,ל גרם,false,1,8,9.41,true,1,
7290112499844,false,מאגדת מגנום נוגט מיני שטראוס,גלידות שטראוס בעמ,,,"י""ח",280,ל גרם,false,1,25.90,9.25,false,1,
7290112499929,false,מגנום שוקולד,גלידות שטראוס בעמ,,,"י""ח",90,ל גרם,false,1,8,8.89,true,1,
7290112499936,false,מגנום שקדים אימפאלס,גלידות שטראוס בעמ,,,"י""ח",90,ל גרם,false,1,10,11.11,true,1,
7290112705440,false,צלחת במבוק 23 נסיכות,שמחה זה אנחנו,,,"י""ח",1,,false,1,9.90,9.90,false,1,
7290112706362,false,שלישיית ביצי שוקולד מפרץ ההרפתקאות,שמחה זה אנחנו,,,"י""ח",1,,false,1,15,15,false,1,
7290112707246,false,שלישיית ביצי שוקולד פוח פי ג`יי,שמחה זה אנחנו,,,"י""ח",1,,false,1,15,15,false,1,
7290112960542,false,בונז`ור מחמצת קלמטה 480גר,**קבוצת אוסם סחר-שות.מוגבלת,,,"י""ח",480,ל גרם,false,1,16.90,3.52,true,1,
7290112960566,false,בונז`ור מחמצת שאור 480גר,קבוצת אוסם סחר-שות.מוגבלת,,,"י""ח",480,ל גרם,false,1,16.90,3.52,true,1,
7290112960580,false,בונז`ור מחמצת כוסמין 480גר,**קבוצת אוסם סחר-שות.מוגבלת,,,"י""ח",480,ל גרם,false,1,16.90,3.52,true,1,
7290112960603,false,בונז`ור מחמצת אגוזים צימוקים 480גר,**קבוצת אוסם סחר-שות.מוגבלת,,,"י""ח",480,ל גרם,false,1,16.90,3.52,true,1,
7290112960719,false,בונז`ור בגט רוסטיק 240גר,**קבוצת אוסם סחר-שות.מוגבלת,,,"י""ח",240,ל גרם,false,1,7.90,3.29,true,1,
7290112961181,false,נודלס אטריות אורז רחבות 300ג,קבוצת אוסם סחר-שות.מוגבלת,,,"י""ח",300,ל גרם,false,1,9.90,3.30,false,1,
7290112961266,false,בייגלה כפיות פיזור איטלקי 300ג.,קבוצת אוסם סחר-שות.מוגבלת,,,"י""ח",300,ל גרם,false,1,10.80,3.60,false,1,
7290112961327,false,בייגלה כפיות פיזור כפרי 300ג.,קבוצת אוסם סחר-שות.מוגבלת,,,"י""ח",300,ל גרם,false,1,8,2.67,false,1,
7290112961372,false,פיטנס חטיפי פריכיות דקות 60גר,קבוצת אוסם סחר-שות.מוגבלת,,,"י""ח",60,ל גרם,false,1,8.90,14.83,true,1,
7290112961440,false,פיטנס בר פריכיות שוקולד מריר 84גר,קבוצת אוסם סחר-שות.מוגבלת,,,"י""ח",84,ל גרם,false,1,14.90,17.74,true,1,
7290112961464,false,פיטנס חטיפי פריכיות דקות 60גר,קבוצת אוסם סחר-שות.מוגבלת,,,"י""ח",60,ל גרם,false,1,8.90,14.83,true,1,
7290112961754,false,עוגיות שוקוציפס קרם אגוזים אוסם,קבוצת אוסם סחר-שות.מוגבלת,,,"י""ח",200,ל גרם,false,1,11.90,5.95,true,1,
7290112962287,false,טבעול שווארמה טבעונית 450גר,קבוצת אוסם סחר-שות.מוגבלת,,,"י""ח",500,ל גרם,false,1,37.90,7.58,true,1,
7290112962737,false,טבעול שניצל מן הצומח עם חלבון 664גר,קבוצת אוסם סחר-שות.מוגבלת,,,"י""ח",664,ל גרם,false,1,37.90,5.71,true,1,
7290112963321,false,בייגלה שטוח ללא גלוטן 300גר,קבוצת אוסם סחר-שות.מוגבלת,,,"י""ח",300,ל גרם,false,1,13.10,4.37,false,1,
7290112963918,false,פיטנס חטיפי קרקר דק רוזמרין 140גר,קבוצת אוסם סחר-שות.מוגבלת,,,"י""ח",140,ל גרם,false,1,12.90,9.21,true,1,
7290112964052,false,פרפקטו פסטה וזוביוטו 500גר.,קבוצת אוסם סחר-שות.מוגבלת,,,"י""ח",500,ל גרם,false,1,11.90,2.38,false,1,
7290112964410,false,רוטב אלף האיים אסם 290 מייל.,קבוצת אוסם סחר-שות.מוגבלת,,,"י""ח",290,"ל מ""ל",false,1,11.90,4.10,true,1,
7290112964434,false,"רוטב לסלט קיסר 290מ""ל",קבוצת אוסם סחר-שות.מוגבלת,,,"י""ח",290,"ל מ""ל",false,1,11.90,4.10,true,1,
7290112964472,false,רוטב שום לסלט 290 מייל,קבוצת אוסם סחר-שות.מוגבלת,,,"י""ח",290,"ל מ""ל",false,1,11.90,4.10,true,1,
7290112964601,false,"רוטב בנוסח סצואן 360מ""ל",קבוצת אוסם סחר-שות.מוגבלת,,,"י""ח",360,ל גרם,false,1,14.90,4.14,false,1,
7290112964625,false,רוטב שום לייט 290 מייל,קבוצת אוסם סחר-שות.מוגבלת,,,"י""ח",290,"ל מ""ל",false,1,11.90,4.10,true,1,
7290112964687,false,בונז`ור מחמצת דגנים 480גר,**קבוצת אוסם סחר-שות.מוגבלת,,,"י""ח",480,ל גרם,false,1,16.90,3.52,true,1,
7290112964724,false,טבעול המבורגר טבעוני 580גר,קבוצת אוסם סחר-שות.מוגבלת,,,"י""ח",580,ל גרם,false,1,37.90,6.53,true,1,
7290112965240,false,זוג מרק נמס עגבניות 60גרם,קבוצת אוסם סחר-שות.מוגבלת,,,"י""ח",60,ל גרם,false,1,4,6.67,false,1,
7290112965288,false,זוג מרק נמס סוף ירקות 30גרם,קבוצת אוסם סחר-שות.מוגבלת,,,"י""ח",30,ל גרם,false,1,4,13.33,false,1,
7290112965301,false,זוג מרק נמס טעם עוף 52ג,קבוצת אוסם סחר-שות.מוגבלת,,,"י""ח",52,ל גרם,false,1,4,7.69,false,1,
7290112965585,false,פרפקטו פסטה קסרצה 500גר,קבוצת אוסם סחר-שות.מוגבלת,,,"י""ח",500,ל גרם,false,1,7.70,1.54,false,1,
7290112965707,false,פיטנס מולטיגרין צ`ילי מעודן 25 גרם,קבוצת אוסם סחר-שות.מוגבלת,,,"י""ח",25,ל גרם,false,1,5,20,true,1,
7290112965745,false,ביסלי פריסטייל בצל מעושן 60גר,קבוצת אוסם סחר-שות.מוגבלת,,,"י""ח",600,ל גרם,false,1,3.90,0.65,true,1,
7290112965783,false,ביסלי פריסטייל על האש 60גר,קבוצת אוסם סחר-שות.מוגבלת,,,"י""ח",600,ל גרם,false,1,3.90,0.65,true,1,
7290112965806,false,ביסלי פריסטייל חמוץ חריף 60גר,קבוצת אוסם סחר-שות.מוגבלת,,,"י""ח",600,ל גרם,false,1,3.90,0.65,true,1,
7290112965868,false,קרם קרקר במליחות מעודנת 250גר,קבוצת אוסם סחר-שות.מוגבלת,,,"י""ח",250,ל גרם,false,1,9.90,3.96,true,1,
7290112965943,false,טבעול נאגטס ירקות ירוקים 500גר,קבוצת אוסם סחר-שות.מוגבלת,,,"י""ח",500,ל גרם,false,1,37.90,7.58,true,1,
7290112965967,false,טבעול נאגטס ירקות כתומים 500גר,קבוצת אוסם סחר-שות.מוגבלת,,,"י""ח",500,ל גרם,false,1,37.90,7.58,true,1,
7290112966094,false,עוגת הבית תפוז מופחת סוכר 400גר,קבוצת אוסם סחר-שות.מוגבלת,,,"י""ח",400,ל גרם,false,1,11.90,2.98,false,1,
7290112966247,false,לחמית כוסמין 200גר,קבוצת אוסם סחר-שות.מוגבלת,,,"י""ח",200,ל גרם,false,1,8.90,4.45,true,1,
7290112966803,false,פודינג שוקולד 88 ג אסם,קבוצת אוסם סחר-שות.מוגבלת,,,"י""ח",88,ל גרם,false,1,3.90,4.43,true,1,
7290112966841,false,פודינג שוקולד מריר 88 ג אסם,קבוצת אוסם סחר-שות.מוגבלת,,,"י""ח",88,ל גרם,false,1,3.90,4.43,true,1,
7290112967114,false,פיטנס חטיפי פריכיות קטניות ופלפל 60ג,קבוצת אוסם סחר-שות.מוגבלת,,,"י""ח",60,ל גרם,false,1,8.90,14.83,true,1,
7290112968203,false,צבר סלט טחינה בלאדי 250גר,קבוצת אוסם סחר-שות.מוגבלת,,,"י""ח",250,ל גרם,false,1,9.90,3.96,false,1,
7290112968708,false,"שניצל תירס טבעול 1.3ק""ג",קבוצת אוסם סחר-שות.מוגבלת,,,"י""ח",1.30,"ק""ג",false,1,46.10,35.46,true,1,
7290112968722,false,"נקניקיות מן הצומח טבעול 1.2ק""ג",קבוצת אוסם סחר-שות.מוגבלת,,,"י""ח",1.30,"ק""ג",false,1,46.90,36.08,true,1,
7290112968807,false,פיטנס חטיפי קרקר דק סלק 150גר,קבוצת אוסם סחר-שות.מוגבלת,,,"י""ח",150,ל גרם,false,1,12.90,8.60,true,1,
7290112968821,false,פיטנס חטיפי קרקר דק בטטה 150גר,קבוצת אוסם סחר-שות.מוגבלת,,,"י""ח",150,ל גרם,false,1,12.90,8.60,true,1,
7290112969903,false,טבעול נאגטס ירקות לבנים500גר,קבוצת אוסם סחר-שות.מוגבלת,,,"י""ח",500,ל גרם,false,1,37.90,7.58,true,1,
7290113050273,false,תבנית אינגליש קצרה R15,פאלאס תעשיות נטו (2014) בעמ,,,"י""ח",1,,false,1,0.70,0.70,false,1,
7290113190375,false,סילאן טבעי 900 גרם,דין שיווק וקליה 2021 בעמ,,,"י""ח",900,ל גרם,false,1,14.90,1.66,false,1,
7290113190863,false,סילאן שקדיה 100% טבעי 385גר,דין שיווק וקליה 2021 בעמ,,,"י""ח",385,ל גרם,false,1,14.90,3.87,false,1,
7290113192072,false,חטיפי בוטנים מצופים בטעם צ`ילי 100גר,דין שיווק וקליה 2021 בעמ,,,"י""ח",100,ל גרם,false,1,9.90,9.90,false,1,
7290113192164,false,אגוזי קשיו קלופים 150ג דין שיווק,דין שיווק וקליה 2021 בעמ,,,"י""ח",150,ל גרם,false,1,15.90,10.60,false,1,
7290113192300,false,חרוזית מושחר].A2בית שיטה[,קבוצת אוסם סחר-שות.מוגבלת,,,"י""ח",275,ל גרם,false,1,8.90,3.24,true,1,
7290113192317,false,טבעות זיתים מושחרים]בית השיטה[,קבוצת אוסם סחר-שות.מוגבלת,,,"י""ח",280,ל גרם,false,1,11.90,4.25,false,1,
7290113192324,false,זית ירוק 340גר בית השיטה.,קבוצת אוסם סחר-שות.מוגבלת,,,"י""ח",340,ל גרם,false,1,8.90,2.62,false,1,
7290113192331,false,בית השיטה זיתים ירוקים A2..,קבוצת אוסם סחר-שות.מוגבלת,,,"י""ח",340,ל גרם,false,1,10.20,3,false,1,
7290113192348,false,זית ירוק שום בית השיטה 340גר,קבוצת אוסם סחר-שות.מוגבלת,,,"י""ח",340,ל גרם,false,1,9.50,2.79,true,1,
7290113192355,false,חרוזית ירוק]בית השיטה[,קבוצת אוסם סחר-שות.מוגבלת,,,"י""ח",275,ל גרם,false,1,8.90,3.24,true,1,
7290113192362,false,טבעות זיתים ירוקים A2.,קבוצת אוסם סחר-שות.מוגבלת,,,"י""ח",280,ל גרם,false,1,11.20,4,false,1,
7290113192379,false,זיתים ירוקים מבוקעים]בית שיטה[,קבוצת אוסם סחר-שות.מוגבלת,,,"י""ח",340,ל גרם,false,1,9.50,2.79,false,1,
7290113192386,false,זית סורי מבוקע]בית שיטה[,קבוצת אוסם סחר-שות.מוגבלת,,,"י""ח",340,ל גרם,false,1,10.90,3.21,false,1,
7290113192478,false,מלפפון במלח .10-12בית שיטה,קבוצת אוסם סחר-שות.מוגבלת,,,"י""ח",320,ל גרם,false,1,8.10,2.53,false,1,
7290113192485,false,מלפפון בחומץ -10-12 בית השיטה,קבוצת אוסם סחר-שות.מוגבלת,,,"י""ח",290,ל גרם,false,1,8.10,2.79,false,1,
7290113192492,false,מלפפון בחומץ 13-17 בית השיטה,קבוצת אוסם סחר-שות.מוגבלת,,,"י""ח",290,ל גרם,false,1,10.90,3.76,false,1,
7290113192508,false,מלפפון-במלח ]13-17בית שיטה[,קבוצת אוסם סחר-שות.מוגבלת,,,"י""ח",320,ל גרם,false,1,10.90,3.41,false,1,
7290113192515,false,מלפפון במלח .18-25בית שיטה[,קבוצת אוסם סחר-שות.מוגבלת,,,"י""ח",320,ל גרם,false,1,9.70,3.03,false,1,
7290113192522,false,מלפפון בחומץ 18-25,קבוצת אוסם סחר-שות.מוגבלת,,,"י""ח",290,ל גרם,false,1,12.90,4.45,false,1,
7290113192539,false,מלפפון במלח ]7-9בית שיטה[,קבוצת אוסם סחר-שות.מוגבלת,,,"י""ח",320,ל גרם,false,1,5,1.56,true,1,
7290113192546,false,מלפפון בחומץ 7-9 בית השיטה,קבוצת אוסם סחר-שות.מוגבלת,,,"י""ח",290,ל גרם,false,1,5,1.72,true,1,
7290113192553,false,מלפפון במלח באלדי13-17,קבוצת אוסם סחר-שות.מוגבלת,,,"י""ח",320,ל גרם,false,1,10.90,3.41,false,1,
7290113192560,false,שיפקה A2,קבוצת אוסם סחר-שות.מוגבלת,,,"י""ח",230,ל גרם,false,1,6.30,2.74,true,1,
7290113192577,false,כרוב כבוש]בית השיטה[,קבוצת אוסם סחר-שות.מוגבלת,,,"י""ח",430,ל גרם,false,1,7.90,1.84,false,1,
7290113192881,false,טורטיה חיטה מופחתת קלוריות,לפ דין שיווק וקליהבעמ,,,"י""ח",420,ל גרם,false,1,8.90,2.12,false,1,
7290113192997,false,זית מרוקאי 340גר בית השיטה.,קבוצת אוסם סחר-שות.מוגבלת,,,"י""ח",720,ל גרם,false,1,12.90,1.79,false,1,
7290113193000,false,פלפל שיפקונית 230גר בית השיטה.,קבוצת אוסם סחר-שות.מוגבלת,,,"י""ח",230,ל גרם,false,1,10.90,4.74,false,1,
7290113193031,false,בית השיטה חרוזית קלמטה,קבוצת אוסם סחר-שות.מוגבלת,,,"י""ח",275,ל גרם,false,1,12.90,4.69,false,1,
7290113193321,false,שמן זית כתית מעולה בית השיטה 750 מייל,קבוצת אוסם סחר-שות.מוגבלת,,,"י""ח",750,ל גרם,false,1,29.90,3.99,false,1,
7290113193369,false,"בית השיטה תרסיס שמן קנולה 150מ""ל",קבוצת אוסם סחר-שות.מוגבלת,,,"י""ח",150,"ל מ""ל",false,1,14.90,9.93,false,1,
7290113193406,false,בית השיטה טבעות קוקטייל זיתים 280גר,קבוצת אוסם סחר-שות.מוגבלת,,,"י""ח",275,ל גרם,false,1,12.90,4.69,false,1,
7290113193888,false,חצילים מוחמצים 320גר בית השיטה.,קבוצת אוסם סחר-שות.מוגבלת,,,"י""ח",320,ל גרם,false,1,10.20,3.19,true,1,
7290113194649,false,מלפפון קוביות בית השיטה,קבוצת אוסם סחר-שות.מוגבלת,,,"י""ח",290,ל גרם,false,1,3.30,1.14,false,1,
7290113195196,false,רסק תפוחי עץ,דין שיווק וקליה 2021 בעמ,,,"י""ח",1,"י""ח",false,1,13.90,13.90,false,1,
7290113195424,false,"איטריות אורז 400גר כשל""פ.",דין שיווק וקליה 2021 בעמ,,,"י""ח",400,ל גרם,false,1,9.90,2.48,false,1,
7290113195967,false,שיבולת שועל להכנה מיידית 500גר קופסא,דין שיווק וקליה 2021 בעמ,,,"י""ח",500,ל גרם,false,1,9.90,1.98,false,1,
7290113196414,false,"אורז בסמטי שקדיה 1ק""ג",דין שיווק וקליה 2021 בעמ,,,"י""ח",1,"ק""ג",false,1,9.80,9.80,false,1,
7290113196490,false,פריכיות כוסמת עם זרעי ציה 150גר שקדיה,לפ דין שיווק וקליהבעמ,,,"י""ח",150,ל גרם,false,1,9.90,6.60,false,1,
7290113196506,false,פריכיות כוסמת ללא מלח 150גר שקדיה,לפ דין שיווק וקליהבעמ,,,"י""ח",150,ל גרם,false,1,9.90,6.60,false,1,
7290113196513,false,פריכיות כוסמת בתוספת שקדים 150גר שקדיה,דין שיווק וקליה 2021 בעמ,,,"י""ח",150,ל גרם,false,1,9.90,6.60,false,1,
7290113196520,false,פריכיות כוסמין ללא מלח 150גר שקדיה,לפ דין שיווק וקליהבעמ,,,"י""ח",150,ל גרם,false,1,9.90,6.60,false,1,
7290113196759,false,בית השיטה ירקות מעורבים צנ. פלסטיק 750,קבוצת אוסם סחר-שות.מוגבלת,,,"י""ח",750,ל גרם,false,1,37.90,5.05,true,1,
7290113196896,false,"תרסיס שמן זית 170 מ""ל",דין שיווק וקליה 2021 בעמ,,,"י""ח",170,"ל מ""ל",false,1,13.90,8.18,false,1,
7290113196933,false,מנה חמה אטריות אורז בטעם טום יאס,דין שיווק וקליה 2021 בעמ,,,"י""ח",70,ל גרם,false,1,7.90,11.29,false,1,
7290113196940,false,חטיפי תירס(טורטיה) בטעם טבעי בתוספת מ,דין שיווק וקליה 2021 בעמ,,,"י""ח",300,ל גרם,false,1,12.90,4.30,false,1,
7290113196957,false,חטיפי תירס(טורטיה) בטעם ברביקיו 300גר,דין שיווק וקליה 2021 בעמ,,,"י""ח",300,ל גרם,false,1,12.90,4.30,false,1,
7290113197169,false,חמאת בוטנים עם שברי בוטנים 510גר`,דין שיווק וקליה 2021 בעמ,,,"י""ח",510,ל גרם,false,1,15.90,3.12,false,1,
7290113197176,false,חמאת בוטנים 510גר`,דין שיווק וקליה 2021 בעמ,,,"י""ח",510,ל גרם,false,1,15.90,3.12,false,1,
7290113197824,false,בית השיטה לבבות דקל 220גר,קבוצת אוסם סחר-שות.מוגבלת,,,"י""ח",220,ל גרם,false,1,12.90,5.86,true,1,
7290113197855,false,בית השיטה תירס גמדי 230גר,קבוצת אוסם סחר-שות.מוגבלת,,,"י""ח",230,ל גרם,false,1,12.90,5.61,true,1,
7290113197923,false,בית השיטה טונה בשמן קנולה 4*98גר,קבוצת אוסם סחר-שות.מוגבלת,,,"י""ח",392,ל גרם,false,1,29.90,7.63,false,1,
7290113198395,false,קשיו ענק 250גר מחנה יהודה,דין שיווק וקליה 2021 בעמ****,,,"י""ח",250,ל גרם,false,1,24.90,9.96,true,1,
7290113198418,false,שקד קלוי ענק 250גר מחנה יהודה,דין שיווק וקליה 2021 בעמ****,,,"י""ח",250,ל גרם,false,1,24.90,9.96,true,1,
7290113198432,false,תערובת פיצוחים מובחרת 250גר מחנה יהודה,דין שיווק וקליה 2021 בעמ****,,,"י""ח",250,ל גרם,false,1,24.90,9.96,true,1,
7290113198449,false,שקד טבעי 300גר מחנה יהודה,דין שיווק וקליה 2021 בעמ****,,,"י""ח",300,ל גרם,false,1,24.90,8.30,true,1,
7290113198456,false,חמוציות 250גר מחנה יהודה,דין שיווק וקליה 2021 בעמ****,,,"י""ח",250,ל גרם,false,1,9.90,3.96,true,1,
7290113198463,false,פקאו סיני 160גר מחנה יהודה,דין שיווק וקליה 2021 בעמ****,,,"י""ח",160,ל גרם,false,1,19.90,12.44,true,1,
7290113198470,false,אגוז מלך 200גר מחנה יהודה,דין שיווק וקליה 2021 בעמ****,,,"י""ח",200,ל גרם,false,1,14.90,7.45,true,1,
7290113198494,false,פיסטוק קלוי גדול 200גר מחנה יהודה,דין שיווק וקליה 2021 בעמ****,,,"י""ח",200,ל גרם,false,1,24.90,12.45,true,1,
7290113198517,false,שזיף ללא גרעין 330גר מחנה יהודה,דין שיווק וקליה 2021 בעמ****,,,"י""ח",330,ל גרם,false,1,19.90,6.03,true,1,
7290113198562,false,סוכריות גומי טעם תות שדה 200ג,דין שיווק וקליה 2021 בעמ,,,"י""ח",200,ל גרם,false,1,9.90,4.95,false,1,
7290113198579,false,סוכריות גומי דובונים טעם פירות 200ג,דין שיווק וקליה 2021 בעמ,,,"י""ח",200,ל גרם,false,1,9.90,4.95,false,1,
7290113198586,false,סוכריות גומי מסוכרות טעם אפרסק 200ג,דין שיווק וקליה 2021 בעמ,,,"י""ח",200,ל גרם,false,1,9.90,4.95,false,1,
7290113198593,false,סוכריות גומי מסוכרותטעם בננה 200ג,דין שיווק וקליה 2021 בעמ,,,"י""ח",200,ל גרם,false,1,9.90,4.95,false,1,
7290113198609,false,סוכריות גומי נחשים פירות 200ג,דין שיווק וקליה 2021 בעמ,,,"י""ח",200,ל גרם,false,1,9.90,4.95,false,1,
7290113198739,false,סוכריות גומי בננה 300ג מחנה יהודה,דין שיווק וקליה 2021 בעמ****,,,"י""ח",288,ל גרם,false,1,14.90,5.17,true,1,
7290113199323,false,טורטיה קטנה.,דין שיווק וקליה 2021 בעמ,,,"י""ח",440,ל גרם,false,1,5.90,1.34,false,1,
7290113199620,false,חטיף שקדים גרעיני דלעת ללא סוכר,דין שיווק וקליה 2021 בעמ,,,"י""ח",220,ל גרם,false,1,14.90,6.77,false,1,
7290113199705,false,מוזלי פירות יבשים 500ג צנצנת,דין שיווק וקליה 2021 בעמ,,,"י""ח",500,ל גרם,false,1,12.90,2.58,false,1,
7290113199842,false,מגש אירול סוכריות גומי 700ג,דין שיווק וקליה 2021 בעמ,,,"י""ח",350,ל גרם,false,1,29.90,8.54,false,1,
7290113199859,false,מגש אירול סוכריות גומי 350ג,דין שיווק וקליה 2021 בעמ,,,"י""ח",350,ל גרם,false,1,14.90,4.26,false,1,
7290113199880,false,טורטיה בתוספת קמח כוסמין ושיבולת שועל,דין שיווק וקליה 2021 בעמ,,,"י""ח",360,ל גרם,false,1,9.90,2.75,false,1,
7290113199903,false,סוכריות חמצוצים טעם תות בננה 180ג,דין שיווק וקליה 2021 בעמ,,,"י""ח",180,ל גרם,false,1,9.90,5.50,false,1,
7290113199910,false,סוכריות חמצוצים טעם קולה 180ג,דין שיווק וקליה 2021 בעמ,,,"י""ח",180,ל גרם,false,1,9.90,5.50,false,1,
7290113199927,false,סוכריות חמצוצים טעם פירות 180ג,דין שיווק וקליה 2021 בעמ,,,"י""ח",180,ל גרם,false,1,9.90,5.50,false,1,
7290113199934,false,סוכריות חמצוצים טעם אוכמניות 180ג,דין שיווק וקליה 2021 בעמ,,,"י""ח",180,ל גרם,false,1,9.90,5.50,false,1,
7290113285095,false,"כפפות לטקס ללא אבקה S פרפקט כשל""פ",ח.כהן סוכנות מזון ומשקאות בע,,,"י""ח",80,"י""ח",false,1,22.90,0.29,true,1,
7290113285125,false,"כפפות לטקס ללא אבקה XL פרפקט כשל""פ",ח.כהן סוכנות מזון ומשקאות בע,,,"י""ח",80,"י""ח",false,1,22.90,0.29,true,1,
7290113300194,false,פאוץ מתחוני לה קט עם עוף ברוטב 85ג,דיפלומט מפיצים (1968) בעמ**,,,"י""ח",85,ל גרם,false,1,4.90,5.76,false,1,
7290113300262,false,פאוץ מתחוני לה קט עם טונה בגלי 85ג,דיפלומט מפיצים (1968) בעמ**,,,"י""ח",85,ל גרם,false,1,4.90,5.76,false,1,
7290113594616,false,שלישיית ביצי שוקולד חד קרן,שמחה זה אנחנו,,,"י""ח",1,,false,1,14.90,14.90,false,1,
7290113860049,false,פירות קפואים פסיפלורה מחנה יהודה 350 גר,אביב שלמה השקעות בעמ,,,"י""ח",1,,false,1,12.90,12.90,true,1,
7290113860070,false,פירות קפואים תמר מחנה יהודה 350 גר,אביב שלמה השקעות בעמ,,,"י""ח",1,,false,1,12.90,12.90,true,1,
7290113860087,false,פירות קפואים אוכמניות כחולות מחנה יהודה,אביב שלמה השקעות בעמ,,,"י""ח",1,,false,1,12.90,12.90,true,1,
7290113860247,false,עוגות אישיות שכבות עשריה פנטולה,ש.שסטוביץ בעמ,,,"י""ח",400,ל גרם,false,1,12.90,3.23,true,1,
7290113860476,false,מלפפון 7-9 מחנה יהודה,קבוצת יבנה מוצרי מזון בעמ,,,"י""ח",600,ל גרם,false,1,6.90,1.15,true,1,
7290113860483,false,מלפפון 18-25 מחנה יהודה,קבוצת יבנה מוצרי מזון בעמ,,,"י""ח",600,ל גרם,false,1,10.90,1.82,true,1,
7290113860667,false,"קמח חיטה לבן 1ק""ג מחנה יהודה",טחנות ישראליות בעמ,,,"י""ח",1,"ק""ג",false,1,7.90,7.90,true,1,
7290113860674,false,"קמח חיטה לבן 405 1ק""ג מחנה יהודה",טחנות ישראליות בעמ,,,"י""ח",1,"ק""ג",false,1,8.90,8.90,true,1,
7290113860681,false,"קמח חלות 1ק""ג מחנה יהודה",טחנות ישראליות בעמ,,,"י""ח",1,"ק""ג",false,1,8.90,8.90,true,1,
7290113860698,false,"קמח כוסמין לבן 1ק""ג ישראליות",טחנות ישראליות בעמ,,,"י""ח",1,"ק""ג",false,1,15.90,15.90,true,1,
7290114310215,false,"שמנת מתוקה עמידה 38% 250 מ""ל*בד""צ",*החברה המרכזית להפצת משקאותבעמ,,,"י""ח",250,"ל מ""ל",false,1,6.47,2.59,false,1,
7290114310222,false,חלב מועשר בסידן בויטמין D 1.5ליטר,*החברה המרכזית להפצת משקאותבעמ,,,"י""ח",1.50,ליטר,false,1,11,7.33,false,1,
7290114310239,false,חלב נטול לקטוז מועשר בויטמין D 1.5ליטר,*החברה המרכזית להפצת משקאותבעמ,,,"י""ח",1.50,ליטר,false,1,11,7.33,false,1,
7290114310345,false,מעדן מוו תות 1.5% 125גר.,*החברה המרכזית להפצת משקאותבעמ,,,"י""ח",250,ל גרם,false,1,2.90,1.16,true,1,
7290114310536,false,מולר אקטיב לייט 0% שומן טעם וניל,*החברה המרכזית להפצת משקאותבעמ,,,"י""ח",200,"ל מ""ל",false,1,3.30,1.65,true,1,
7290114310550,false,פטה עיזים מעודנת 200גר 5%,*החברה המרכזית להפצת משקאותבעמ,,,"י""ח",200,ל גרם,false,1,23.90,11.95,false,1,
7290114310567,false,לאבנה עיזים 200גר 5%,*החברה המרכזית להפצת משקאותבעמ,,,"י""ח",200,ל גרם,false,1,14.90,7.45,true,1,
7290114310628,false,משקה חלב וניל עוגיות 1ל בקבוק,*החברה המרכזית להפצת משקאותבעמ,,,"י""ח",1,ליטר,false,1,12.10,12.10,true,1,
7290114310888,false,מולר פרופ תות 1.5% 150 ג`,*החברה המרכזית להפצת משקאותבעמ,,,"י""ח",150,ל גרם,false,1,5.30,3.53,true,1,
7290114310895,false,מאגדת שמינייה סימפלי 1.5% מנגו ותות.,*החברה המרכזית להפצת משקאותבעמ,,,"י""ח",150,"ל מ""ל",false,1,30.90,20.60,false,1,
7290114310901,false,גבינה לבנה ב250 גרם 5%*,*החברה המרכזית להפצת משקאותבעמ,,,"י""ח",250,ל גרם,false,1,4.98,1.99,true,1,
7290114311038,false,"שמנת מתוקה 32% שומן 250מ""ל.",*החברה המרכזית להפצת משקאותבעמ,,,"י""ח",250,"ל מ""ל",false,1,6.90,2.76,false,1,
7290114311069,false,מולר אקטיב 0% יוגורט לבן 200ג,*החברה המרכזית להפצת משקאותבעמ,,,"י""ח",200,"ל מ""ל",false,1,6,3,true,1,
7290114311076,false,חמאת מולר צהובה עם שום 200ג.,*החברה המרכזית להפצת משקאותבעמ,,,"י""ח",200,ל גרם,false,1,11.90,5.95,false,1,
7290114311236,false,"קופון 35% הנחה גבנ""צ נעם מדף.",החברה המרכזית להפצת משקאות בעמ,,,"י""ח",1,,false,1,0.01,0.01,false,1,
7290114311298,false,מולר תות בננה מלון FROOP MULLER,*החברה המרכזית להפצת משקאותבעמ,,,"י""ח",150,"ל מ""ל",false,1,5.30,3.53,true,1,
7290114311304,false,מולר מנגו פסיפלורה בננה FROOP MULLER,*החברה המרכזית להפצת משקאותבעמ,,,"י""ח",150,"ל מ""ל",false,1,5.30,3.53,true,1,
7290114311328,false,חלב נטול לקטוז 1ליטר,*החברה המרכזית להפצת משקאותבעמ,,,"י""ח",1,ליטר,false,1,7.90,7.90,false,1,
7290114311359,false,קציפת יוגורט בטעם מנגו FROOP MULL,*החברה המרכזית להפצת משקאותבעמ,,,"י""ח",150,"ל מ""ל",false,1,5.30,3.53,true,1,
7290114311434,false,מולר אקטיב טעם קרמל מלוח 0% שומן,*החברה המרכזית להפצת משקאותבעמ,,,"י""ח",200,"ל מ""ל",false,1,6,3,true,1,
7290114311441,false,מולר אקטיב טעם עוגיות חמאה 0% שומן,*החברה המרכזית להפצת משקאותבעמ,,,"י""ח",200,"ל מ""ל",false,1,6,3,true,1,
7290114311458,false,חלב מועשר 3% שומן 1ליטר קרטון,*החברה המרכזית להפצת משקאותבעמ,,,"י""ח",1,ליטר,false,1,7.70,7.70,false,1,
7290114600996,false,"רוטב שום 250מ""ל מאסטר שף",ש.שסטוביץ בעמ,,,"י""ח",250,ל גרם,false,1,10.90,4.36,false,1,
7290114604840,false,"דפי אורז קוטר 16 כשל""פ מאסטר שף",ש.שסטוביץ בעמ,,,"י""ח",400,ל גרם,false,1,14.90,3.73,true,1,
7290114604857,false,"דפי אורז קוטר 22 כשל""פ מאסטר שף",ש.שסטוביץ בעמ,,,"י""ח",400,ל גרם,false,1,14.90,3.73,true,1,
7290114604864,false,קוסקוס סולת דק 350ג מאסטר שף,ש.שסטוביץ בעמ,,,"י""ח",350,ל גרם,false,1,6.90,1.97,false,1,
7290114604871,false,קוסקוס סולת בינוני 350ג מאסטר שף,ש.שסטוביץ בעמ,,,"י""ח",350,ל גרם,false,1,6.90,1.97,false,1,
7290114604895,false,ממרח ספייסי לחיץ 446ג מאסטר שף,ש.שסטוביץ בעמ,,,"י""ח",446,ל גרם,false,1,13.90,3.12,false,1,
7290114604901,false,ממרח שום לחיץ 446ג מאסטר שף,ש.שסטוביץ בעמ,,,"י""ח",446,ל גרם,false,1,13.90,3.12,false,1,
7290114604925,false,"קרם קוקוס לייט פחית 400מ""ל",ש.שסטוביץ בעמ,,,"י""ח",400,"ל מ""ל",false,1,9.90,2.48,false,1,
7290114604932,false,רוטב ברביקיו דבש 520ג מאסטר שף,ש.שסטוביץ בעמ,,,"י""ח",520,ל גרם,false,1,12.90,2.48,false,1,
7290114606530,false,רוטב בטעם מיונז וקטשופ 515ג מאסטר שף,ש.שסטוביץ בעמ,,,"י""ח",515,ל גרם,false,1,13.90,2.70,false,1,
7290114606554,false,מיונז לייט לחיץ 470ג מאסטר שף,ש.שסטוביץ בעמ,,,"י""ח",470,ל גרם,false,1,13.90,2.96,false,1,
7290114606578,false,שקדי מרק 400 גר`מאסטר שף,ש.שסטוביץ בעמ,,,"י""ח",400,ל גרם,false,1,9.90,2.48,true,1,
7290114606608,false,רוטב סויה דלת נתרן 40% פולי סויה 620גרם,ש.שסטוביץ בעמ,,,"י""ח",620,"ל מ""ל",false,1,16.90,2.73,false,1,
7290114608671,false,סילאן לחיץ 470ג מאסטר שף,ש.שסטוביץ בעמ,,,"י""ח",470,ל גרם,false,1,15.90,3.38,false,1,
7290114721257,false,קומקום חשמלי שחור,פוגיקום בעמ,,,"י""ח",1,,false,1,99.90,99.90,true,1,
7290115073713,false,ביצי שוקולד שלישייה טום וגרי,שמחה זה אנחנו,,,"י""ח",1,,false,1,14.90,14.90,false,1,
7290115073720,false,ביצי שוקולד שלישייה לוני טונס,שמחה זה אנחנו,,,"י""ח",1,,false,1,14.90,14.90,false,1,
7290115075878,false,גביע וופל ממולא קרם שוקולד 25ג,שמחה זה אנחנו,,,"י""ח",25,ל גרם,false,1,4.90,19.60,false,1,
7290115120714,false,חטיף באדי סנאק עוף מיובשים 80גרם.,נאמן לאורך זמן בעמ,,,"י""ח",270,ל גרם,false,1,13.90,5.15,true,1,
7290115190014,false,מרלבורו רד קצר בודד.,פיליפ מוריס בעמ,,,"י""ח",1,,false,1,34.90,34.90,false,1,
7290115190076,false,מלבורו גולד ארוך בודד,פיליפ מוריס בעמ,,,"י""ח",1,,false,1,34.90,34.90,false,1,
7290115190083,false,מרלבורו גולד X 10יח,פיליפ מוריס בעמ,,,"י""ח",1,,false,1,349,349,false,1,
7290115190090,false,מרלבורו גולד קצר בודד,פיליפ מוריס בעמ,,,"י""ח",1,,false,1,34.90,34.90,false,1,
7290115190137,false,מלבורו פיין טאצ`7.1,פיליפ מוריס בעמ,,,"י""ח",1,,false,1,30.90,30.90,false,1,
7290115190151,false,מלבורו טאצ`7.1,פיליפ מוריס בעמ,,,"י""ח",1,,false,1,30.90,30.90,false,1,
7290115190199,false,פרלמנט ארוך RCB בודד,פיליפ מוריס בעמ,,,"י""ח",1,,false,1,39.50,39.50,false,1,
7290115190212,false,פרלנמט ארוך בלו RCB בודד,פיליפ מוריס בעמ,,,"י""ח",1,,false,1,39.50,39.50,false,1,
7290115190236,false,פרלמנט קצר בלו בודד,פיליפ מוריס בעמ,,,"י""ח",1,,false,1,39.50,39.50,false,1,
7290115190250,false,פרלמנט קצר בודד,פיליפ מוריס בעמ,,,"י""ח",1,,false,1,39.50,39.50,false,1,
7290115190328,false,אל אם ארוך בלו 10יח פקאט,פיליפ מוריס בעמ,,,"י""ח",1,,false,1,299.90,299.90,false,1,
7290115190335,false,ל.מ.בלו ארוך בודד,פיליפ מוריס בעמ,,,"י""ח",1,,false,1,30.50,30.50,false,1,
7290115190342,false,אל אם בלו 10יח פקאט,פיליפ מוריס בעמ,,,"י""ח",1,,false,1,299.90,299.90,false,1,
7290115190359,false,אל אם קצר,פיליפ מוריס בעמ,,,"י""ח",1,,false,1,30.50,30.50,false,1,
7290115190373,false,אל אם פורוורד בודד,פיליפ מוריס בעמ,,,"י""ח",1,,false,1,30.50,30.50,false,1,
7290115190397,false,אל אם אדום קצר,פיליפ מוריס בעמ,,,"י""ח",1,,false,1,30.50,30.50,false,1,
7290115190434,false,אל אם וייב,פיליפ מוריס בעמ,,,"י""ח",1,,false,1,30.50,30.50,false,1,
7290115190458,false,נקסט אדג` בודד,פיליפ מוריס בעמ,,,"י""ח",1,,false,1,26.50,26.50,true,1,
7290115190472,false,נקסט פיין אדג` בודד,פיליפ מוריס בעמ,,,"י""ח",1,,false,1,26.50,26.50,true,1,
7290115190496,false,נקסט 100 בודד,פיליפ מוריס בעמ,,,"י""ח",1,,false,1,29.90,29.90,false,1,
7290115190519,false,נקסט לייט בודד,פיליפ מוריס בעמ,,,"י""ח",1,,false,1,29.90,29.90,false,1,
7290115190557,false,נקסט ריסס,פיליפ מוריס בעמ,,,"י""ח",1,,false,1,26.90,26.90,true,1,
7290115190571,false,נקסט לילך בודד,פיליפ מוריס בעמ,,,"י""ח",1,,false,1,29.90,29.90,false,1,
7290115190595,false,נקסט בודד,פיליפ מוריס בעמ,,,"י""ח",1,,false,1,29.90,29.90,false,1,
7290115200003,false,פתי בר פינוקי וניל 220גר,קבוצת אוסם סחר-שות.מוגבלת,,,"י""ח",220,ל גרם,false,1,10.90,4.95,true,1,
7290115200027,false,פתי בר פינוקי שוקו 220גר,קבוצת אוסם סחר-שות.מוגבלת,,,"י""ח",220,ל גרם,false,1,10.90,4.95,true,1,
7290115200676,false,קרמוגיתקרמל מלוח 200גר אוסם,קבוצת אוסם סחר-שות.מוגבלת,,,"י""ח",200,ל גרם,false,1,8,4,true,1,
7290115200782,false,פיתה חמישייה בונז`ור.,**קבוצת אוסם סחר-שות.מוגבלת,,,"י""ח",500,ל גרם,false,1,6.90,1.38,true,1,
7290115201031,false,פתי בר פינוקי דובי שוקולד 175גר.,קבוצת אוסם סחר-שות.מוגבלת,,,"י""ח",175,ל גרם,false,1,10.90,6.23,true,1,
7290115201239,false,בונז`ור בגט רוסטיק דגנים 240גר,**קבוצת אוסם סחר-שות.מוגבלת,,,"י""ח",240,ל גרם,false,1,7.90,3.29,true,1,
7290115201253,false,בונז`ור לחם מחמצת עם קמח מלא וסובין550,**קבוצת אוסם סחר-שות.מוגבלת,,,"י""ח",550,ל גרם,false,1,16.90,3.07,true,1,
7290115201277,false,בונז`ור לחם מחמצת עם בצלים 550,**קבוצת אוסם סחר-שות.מוגבלת,,,"י""ח",550,ל גרם,false,1,16.90,3.07,true,1,
7290115201291,false,בונז`ור לחם מחמצת כפרי עם שיפון550,**קבוצת אוסם סחר-שות.מוגבלת,,,"י""ח",550,ל גרם,false,1,16.90,3.07,true,1,
7290115201680,false,ביסלי ברביקיו}קטן{,קבוצת אוסם סחר-שות.מוגבלת,,,"י""ח",70,ל גרם,false,1,3.90,5.57,true,1,
7290115201741,false,ביסלי בצל}קטן{,קבוצת אוסם סחר-שות.מוגבלת,,,"י""ח",70,ל גרם,false,1,3.90,5.57,true,1,
7290115202236,false,טבעול טופו קראנצ`ים 470גר,קבוצת אוסם סחר-שות.מוגבלת,,,"י""ח",693,ל גרם,false,1,37.90,5.47,true,1,
7290115202434,false,חומוס עם זעתר 375גר,קבוצת אוסם סחר-שות.מוגבלת,,,"י""ח",375,ל גרם,false,1,12.70,3.39,true,1,
7290115202786,false,מנה חמה נודלס אטריות טעם בקר 70גר.,קבוצת אוסם סחר-שות.מוגבלת,,,"י""ח",70,ל גרם,false,1,4.90,7,false,1,
7290115202816,false,מנה חמה נודלס אטריות טעם עוף 70גר.,קבוצת אוסם סחר-שות.מוגבלת,,,"י""ח",70,ל גרם,false,1,4.90,7,false,1,
7290115203134,false,פופקו פופקורן במבה 80גר,קבוצת אוסם סחר-שות.מוגבלת,,,"י""ח",80,ל גרם,false,1,4.50,5.63,true,1,
7290115203172,false,במבה פרו אסם{,קבוצת אוסם סחר-שות.מוגבלת,,,"י""ח",80,ל גרם,false,1,4.30,5.38,true,1,
7290115203486,false,פירורית 200גר,קבוצת אוסם סחר-שות.מוגבלת,,,"י""ח",200,ל גרם,false,1,5.40,2.70,false,1,
7290115204056,false,"קטשופ מופחת סוכר אסם 690 גרם כשל""פ",קבוצת אוסם סחר-שות.מוגבלת,,,"י""ח",690,ל גרם,false,1,11.90,1.72,true,1,
7290115204155,false,צבר סחוג אדום 190גר,קבוצת אוסם סחר-שות.מוגבלת,,,"י""ח",190,ל גרם,false,1,11.90,6.26,true,1,
7290115204261,false,צבר אריסה 190גר,קבוצת אוסם סחר-שות.מוגבלת,,,"י""ח",190,ל גרם,false,1,11.90,6.26,true,1,
7290115205176,false,פיטנס חטיפי קרקר כפרי 140גר.,קבוצת אוסם סחר-שות.מוגבלת,,,"י""ח",140,ל גרם,false,1,12.90,9.21,true,1,
7290115205251,false,פיטנס בר פריכיות קרמל מלוח 84גר,קבוצת אוסם סחר-שות.מוגבלת,,,"י""ח",84,ל גרם,false,1,14.90,17.74,true,1,
7290115205312,false,פיטנס חטיפי קרקר זיתים 140גר.,קבוצת אוסם סחר-שות.מוגבלת,,,"י""ח",140,ל גרם,false,1,12.90,9.21,true,1,
7290115205978,false,פתי בר אצבעות שוקולד 180גר,קבוצת אוסם סחר-שות.מוגבלת,,,"י""ח",180,ל גרם,false,1,11.90,6.61,true,1,
7290115206531,false,קרמוגית שוקו במילוי בייגלה 200גר,קבוצת אוסם סחר-שות.מוגבלת,,,"י""ח",200,ל גרם,false,1,11.90,5.95,true,1,
7290115207507,false,צבר סלט טורקי 360גר`,קבוצת אוסם סחר-שות.מוגבלת,,,"י""ח",360,ל גרם,false,1,15.90,4.42,true,1,
7290115207682,false,רוטב בסגנון סויה סיני 290מל בקבוק,קבוצת אוסם סחר-שות.מוגבלת,,,"י""ח",290,"ל מ""ל",false,1,11.90,4.10,true,1,
7290115207880,false,ויטמינצ ק פטל 2 ליטר,קבוצת אוסם סחר-שות.מוגבלת,,,"י""ח",2,ליטר,false,1,41.90,20.95,false,1,
7290115207903,false,סירופ תפוח 2 ליטר,קבוצת אוסם סחר-שות.מוגבלת,,,"י""ח",1,ליטר,false,1,41.90,41.90,false,1,
7290115207941,false,סירופ אננס 1 ליטר,קבוצת אוסם סחר-שות.מוגבלת,,,"י""ח",1,ליטר,false,1,21.90,21.90,false,1,
7290115207989,false,סירופ לימון 1 ליטר,קבוצת אוסם סחר-שות.מוגבלת,,,"י""ח",1,ליטר,false,1,21.90,21.90,false,1,
7290115208009,false,סירופ ענבים 1 ליטר,קבוצת אוסם סחר-שות.מוגבלת,,,"י""ח",1,ליטר,false,1,21.90,21.90,false,1,
7290115208023,false,סירופ ענבים 2 ליטר,קבוצת אוסם סחר-שות.מוגבלת,,,"י""ח",1,ליטר,false,1,41.90,41.90,false,1,
7290115208047,false,סירופ פטל 1 ליטר,קבוצת אוסם סחר-שות.מוגבלת,,,"י""ח",1,ליטר,false,1,21.90,21.90,false,1,
7290115208061,false,סירופ תפוח 1 ליטר,קבוצת אוסם סחר-שות.מוגבלת,,,"י""ח",1,ליטר,false,1,21.90,21.90,false,1,
7290115208320,false,אפרופו טעם ביסלי בצל 50 גרם,קבוצת אוסם סחר-שות.מוגבלת,,,"י""ח",50,ל גרם,false,1,3.90,7.80,true,1,
7290115208344,false,שטוחים בייגלה כפיות שמנת בצל 300גר,קבוצת אוסם סחר-שות.מוגבלת,,,"י""ח",300,ל גרם,false,1,10.80,3.60,false,1,
7290115208566,false,קרמוגית מיניס קרם בייגלה 200גר,קבוצת אוסם סחר-שות.מוגבלת,,,"י""ח",200,ל גרם,false,1,8,4,true,1,
7290115208597,false,קרמוגית מיניס קרמל מלוח 200גר,קבוצת אוסם סחר-שות.מוגבלת,,,"י""ח",200,ל גרם,false,1,8,4,true,1,
7290115208801,false,לחמית כפרית עם דגנים מלאים 190 ג`,קבוצת אוסם סחר-שות.מוגבלת,,,"י""ח",190,ל גרם,false,1,8.90,4.68,true,1,
7290115209136,false,"שניצל תירס טבעול 1.2ק""ג",קבוצת אוסם סחר-שות.מוגבלת,,,"י""ח",1.30,"ק""ג",false,1,46.10,35.46,true,1,
7290115209198,false,במבה אורירית 80גר אסם{,קבוצת אוסם סחר-שות.מוגבלת,,,"י""ח",80,ל גרם,false,1,3.90,4.88,true,1,
7290115209235,false,פתיבר קפה 500 אוסם,קבוצת אוסם סחר-שות.מוגבלת,,,"י""ח",500,ל גרם,false,1,13.90,2.78,true,1,
7290115209358,false,במבה במילוי בראוניז 60גר אסם{,קבוצת אוסם סחר-שות.מוגבלת,,,"י""ח",600,ל גרם,false,1,4.30,0.72,true,1,
7290115209372,false,במבה במילוי בראוניז 150 גרם אוסם,קבוצת אוסם סחר-שות.מוגבלת,,,"י""ח",200,ל גרם,false,1,10.90,5.45,true,1,
7290115403299,false,עוגיות פרפריות 450ג דל,שיבולים ייצור ושיווק מאפה בעמ,,,"י""ח",450,ל גרם,false,1,15.90,3.53,false,1,
7290115403312,false,עוגיות מלוחות קריספי עגול 450ג דל,שיבולים ייצור ושיווק מאפה בעמ,,,"י""ח",450,ל גרם,false,1,15.90,3.53,false,1,
7290115403350,false,עוגיות רשת שוקו מסוכרות 450ג דל,שיבולים ייצור ושיווק מאפה בעמ,,,"י""ח",450,ל גרם,false,1,15.90,3.53,false,1,
7290115403411,false,עוגיות עינוגים טעם קרם אגוזים 500ג דל,שיבולים ייצור ושיווק מאפה בעמ,,,"י""ח",500,ל גרם,false,1,15.90,3.18,false,1,
7290115403435,false,עוגיות מעמול תמר 500ג דל,שיבולים ייצור ושיווק מאפה בעמ,,,"י""ח",500,ל גרם,false,1,15.90,3.18,false,1,
7290115403459,false,עוגיות נסיכה טעם תות 500ג דל,שיבולים ייצור ושיווק מאפה בעמ,,,"י""ח",500,ל גרם,false,1,15.90,3.18,false,1,
7290115403466,false,עוגיות נסיכה מיקס 500ג דל,שיבולים ייצור ושיווק מאפה בעמ,,,"י""ח",500,ל גרם,false,1,15.90,3.18,false,1,
7290115403473,false,עוגיות עינוגי שוקולד 500ג דל,שיבולים ייצור ושיווק מאפה בעמ,,,"י""ח",500,ל גרם,false,1,15.90,3.18,false,1,
7290115403480,false,עוגיות בסגנון מרוקאי מיני 500ג דל,שיבולים ייצור ושיווק מאפה בעמ,,,"י""ח",500,ל גרם,false,1,15.90,3.18,false,1,
7290115403503,false,עוגיות פרסה תמרים 500ג דל,שיבולים ייצור ושיווק מאפה בעמ,,,"י""ח",500,ל גרם,false,1,15.90,3.18,false,1,
7290115403510,false,עוגיות מגולגלות תמרים 500ג דל,שיבולים ייצור ושיווק מאפה בעמ,,,"י""ח",500,ל גרם,false,1,15.90,3.18,false,1,
7290115403565,false,עוגיות קיפל וניל 500ג דל,שיבולים ייצור ושיווק מאפה בעמ,,,"י""ח",500,ל גרם,false,1,15.90,3.18,false,1,
7290115405774,false,פחזניות ממולאות טעם וניל 180ג,קפולסקי אדל בעמ,,,"י""ח",180,ל גרם,false,1,13.90,7.72,false,1,
7290115405781,false,פחזניות ממולאות טעם שוקולד 180ג.,קפולסקי אדל בעמ,,,"י""ח",180,ל גרם,false,1,13.90,7.72,false,1,
7290115405798,false,פחזניות ממולאות טעם ריבת חלב 180ג.,קפולסקי אדל בעמ,,,"י""ח",180,ל גרם,false,1,13.90,7.72,false,1,
7290115405804,false,פחזניות ממולאות טעם תות 180ג.,קפולסקי אדל בעמ,,,"י""ח",180,ל גרם,false,1,13.90,7.72,false,1,
7290115405811,false,קינוח אישי גבינה פירורי עוגיות 200גרם,קפולסקי אדל בעמ,,,"י""ח",200,ל גרם,false,1,16.90,8.45,false,1,
7290115480009,false,"סוד מרכך מרוכז ירוק 900מ""ל",גורי שיווק בעמ,,,"י""ח",90,"ל מ""ל",false,1,11.90,13.22,true,1,
7290115670684,false,גרנולה אגוזים 400גר,שטראוס גרופ בעמ,,,"י""ח",400,ל גרם,false,1,13.90,3.48,true,1,
7290115670691,false,גרנולה פירות יער 400גר,שטראוס גרופ בעמ,,,"י""ח",400,ל גרם,false,1,13.90,3.48,true,1,
7290115671155,false,שלישיית סוכריות Fresh ענבים,שטראוס גרופ בעמ,,,"י""ח",45,ל גרם,false,1,8.90,19.78,true,1,
7290115671308,false,מסטיק מאסט פאן תות דובדבן 58גר,שטראוס גרופ בעמ,,,"י""ח",58,ל גרם,false,1,9.90,17.07,true,1,
7290115671339,false,מיני פינוקיות בראוניז בייגל בוטן 180גר,שטראוס גרופ בעמ,,,"י""ח",200,ל גרם,false,1,8.30,4.15,true,1,
7290115671346,false,מיני פינוקיות טופי קרמל מלוח 180גר,שטראוס גרופ בעמ,,,"י""ח",200,ל גרם,false,1,8.30,4.15,true,1,
7290115671353,false,מיני פינוקיות שחור לבן 180גר,שטראוס גרופ בעמ,,,"י""ח",200,ל גרם,false,1,8.30,4.15,true,1,
7290115675559,false,מארז קפה טורקי לדרך 70גר`.,שטראוס גרופ בעמ,,,"י""ח",70,ל גרם,false,1,7.90,11.29,true,1,
7290115675719,false,קוואקר שוקולד 375ג,שטראוס פריטו ליי בעמ,,,"י""ח",375,ל גרם,false,1,19.90,5.31,true,1,
7290115675986,false,דנונה קראנצי עם אגוזים מקורמלים,שטראוס גרופ ***בעמ,,,"י""ח",173,"ל מ""ל",false,1,4.40,2.54,true,1,
7290115676037,false,משקה דנונה ריפרש תות דומדמניות 250גר,שטראוס גרופ ***בעמ,,,"י""ח",250,"ל מ""ל",false,1,5.50,2.20,true,1,
7290115676051,false,"משקה אקטיביה עם ש""ש מתיקות מעודנת 1.2%",שטראוס גרופ ***בעמ,,,"י""ח",265,"ל מ""ל",false,1,4.90,1.85,true,1,
7290115676082,false,דנונה פרו 20 משקה תות 265גר,שטראוס גרופ ***בעמ,,,"י""ח",265,"ל מ""ל",false,1,6.90,2.60,true,1,
7290115676099,false,דנונה פרו 20 משקה וניל 265גר,שטראוס גרופ ***בעמ,,,"י""ח",265,"ל מ""ל",false,1,6.90,2.60,true,1,
7290115677089,false,קונפיטורה תפוח וקינמון 340גר,שטראוס גרופ בעמ,,,"י""ח",340,ל גרם,false,1,13.50,3.97,true,1,
7290115677140,false,תפוציפס פפריקהWAVY 200 ג,שטראוס פריטו ליי בעמ,,,"י""ח",200,ל גרם,false,1,10.90,5.45,true,1,
7290115677966,false,ממרח אבוקדו 200גר,שטראוס גרופ ***בעמ,,,"י""ח",180,ל גרם,false,1,14.90,8.28,true,1,
7290115678222,false,מארז שמינייה יווני,שטראוס גרופ ***בעמ,,,"י""ח",1.04,ליטר,false,1,24.90,23.94,true,1,
7290115678376,false,מעדן הגולן בודד 125גר,שטראוס גרופ ***בעמ,,,"י""ח",125,ל גרם,false,1,2.90,2.32,true,1,
7290115678383,false,מעדן הגולן שוקולד מריר בודד 125גר,שטראוס גרופ ***בעמ,,,"י""ח",125,ל גרם,false,1,2.90,2.32,true,1,
7290116244037,false,אצבעות ש. חלב 84ג חד קרן,שמחה זה אנחנו,,,"י""ח",84,ל גרם,false,1,7.90,9.40,false,1,
7290116244044,false,אצבעות ש. חלב 84ג מיניונים,שמחה זה אנחנו,,,"י""ח",84,ל גרם,false,1,7.90,9.40,false,1,
7290116244075,false,אצבעות ש. חלב 84ג סמי הכבאי,שמחה זה אנחנו,,,"י""ח",84,ל גרם,false,1,7.90,9.40,false,1,
7290116247045,false,שוקולד חלב על מקל 30ג לול,שמחה זה אנחנו,,,"י""ח",30,ל גרם,false,1,5.90,19.67,false,1,
7290116247076,false,שוקולד חלב על מקל 30ג סמי הכבאי,שמחה זה אנחנו,,,"י""ח",30,ל גרם,false,1,5.90,19.67,false,1,
7290116530062,false,הלמנס לסלט ויניגרט 295גרם,יוניליוור ישראל שיווק בעמ,,,"י""ח",295,ל גרם,false,1,9.90,3.36,false,1,
7290116530109,false,קליק אוקי נוגט לבן OK 35גר.,יוניליוור ישראל שיווק בעמ,,,"י""ח",35,ל גרם,false,1,3.90,11.14,true,1,
7290116530116,false,מארז קליק ברים שוקולד נוגט לבן שלישייה,יוניליוור ישראל שיווק בעמ,,,"י""ח",106,ל גרם,false,1,12,11.32,true,1,
7290116530161,false,"פינוק סבון נוזלי אננס 700מ""ל",יוניליוור ישראל שיווק בעמ,,,"י""ח",750,"ל מ""ל",false,1,10.90,1.45,false,1,
7290116530185,false,דלישקד 400ג קרמל מלוח.,יוניליוור ישראל שיווק בעמ,,,"י""ח",400,ל גרם,false,1,21.90,5.48,false,1,
7290116530215,false,אקס סטיק שוקולד 77 גרם,יוניליוור ישראל שיווק בעמ,,,"י""ח",77,ל גרם,false,1,14.90,19.35,false,1,
7290116530222,false,אקס סטיק אנרכי 77 גרם.,יוניליוור ישראל שיווק בעמ,,,"י""ח",77,ל גרם,false,1,14.90,19.35,false,1,
7290116530239,false,אקס סטיק בלאק 77 גרם,יוניליוור ישראל שיווק בעמ,,,"י""ח",77,ל גרם,false,1,9.90,12.86,false,1,
7290116530482,false,מארז קורנפלקס של אלופים 150גר,יוניליוור ישראל שיווק בעמ,,,"י""ח",150,ל גרם,false,1,10,6.67,false,1,
7290116530871,false,נשנשים מיקס 240 גרם,יוניליוור ישראל שיווק בעמ,,,"י""ח",240,ל גרם,false,1,12.90,5.38,false,1,
7290116530888,false,"בדין ג`ל כביסה פינוק קלאסי 2.5ק""ג",יוניליוור ישראל שיווק בעמ,,,"י""ח",2.50,ליטר,false,1,27.90,11.16,false,1,
7290116530895,false,"בדין תרסיס מייבש פינוק 500מ""ל",יוניליוור ישראל שיווק בעמ,,,"י""ח",500,"ל מ""ל",false,1,15.90,3.18,false,1,
7290116531090,false,דגדג במליחות מעודנת 250גר,יוניליוור ישראל שיווק בעמ,,,"י""ח",250,ל גרם,false,1,9.90,3.96,true,1,
7290116531243,false,"פינוק שמפו ומרכך נגד קשקשים 700מ""ל",יוניליוור ישראל שיווק בעמ,,,"י""ח",700,"ל מ""ל",false,1,11.90,1.70,false,1,
7290116531250,false,"פינוק שמפו נגד קשקשים 700מ""ל",יוניליוור ישראל שיווק בעמ,,,"י""ח",700,"ל מ""ל",false,1,11.90,1.70,false,1,
7290116531496,false,קינמונים דגנים פריכים מצופים 375ג.,יוניליוור ישראל שיווק בעמ,,,"י""ח",375,ל גרם,false,1,19.90,5.31,true,1,
7290116531540,false,"קורנפלקס דבש כשל""פ 375גר.",יוניליוור ישראל שיווק בעמ,,,"י""ח",375,ל גרם,false,1,15.90,4.24,false,1,
7290116531649,false,"פינוק שמפו תפוח 700מ""ל",יוניליוור ישראל שיווק בעמ,,,"י""ח",700,"ל מ""ל",false,1,11.90,1.70,true,1,
7290116531762,false,בדין דפי מרכך 40 יח,יוניליוור ישראל שיווק בעמ,,,"י""ח",40,"י""ח",false,1,15.90,0.40,false,1,
7290116531793,false,הלמנס רוטב לסלט קיסר 295ג,יוניליוור ישראל שיווק בעמ,,,"י""ח",295,ל גרם,false,1,9.90,3.36,false,1,
7290116531885,false,מיונז טבעוני הלמנס 500 תלמה.,יוניליוור ישראל שיווק בעמ,,,"י""ח",500,ל גרם,false,1,14.90,2.98,false,1,
7290116532011,false,קליק חטיף שוקולד נוגט שוקולד חלב 35גר.,יוניליוור ישראל שיווק בעמ,,,"י""ח",35,ל גרם,false,1,3.90,11.14,true,1,
7290116532219,false,קורנפלקס 448ג תות,יוניליוור ישראל שיווק בעמ,,,"י""ח",448,ל גרם,false,1,12.50,2.79,true,1,
7290116532264,false,גודיז מאגדת 5יח בטעם פרי אפרסק,גלידות שטראוס בעמ,,,"י""ח",297,ל גרם,false,1,19.90,6.70,false,1,
7290116532387,false,"אל סבון ידיים חמאת שיאה 950מ""ל",יוניליוור ישראל שיווק בעמ,,,"י""ח",950,ל גרם,false,1,9.90,1.04,false,1,
7290116532585,false,ברנפלקס קראנצ`ים דבש וקימנון 375גרם.,יוניליוור ישראל שיווק בעמ,,,"י""ח",500,ל גרם,false,1,17.50,3.50,false,1,
7290116532721,false,הלמנס רוטב לסלט לימון וזעתר 295ג,יוניליוור ישראל שיווק בעמ,,,"י""ח",295,ל גרם,false,1,9.90,3.36,false,1,
7290116532738,false,הלמנס רוטב איטלקי 295ג,יוניליוור ישראל שיווק בעמ,,,"י""ח",295,ל גרם,false,1,9.90,3.36,false,1,
7290116532769,false,גרנולה פרוטאין 300 גרם.,יוניליוור ישראל שיווק בעמ,,,"י""ח",300,ל גרם,false,1,15.90,5.30,false,1,
7290116532868,false,פינוק שמפו אל דמע בייבי 900מ,יוניליוור ישראל שיווק בעמ,,,"י""ח",900,"ל מ""ל",false,1,19.90,2.21,false,1,
7290116532882,false,נשנושים איירביס 150ג טעם בצל,יוניליוור ישראל שיווק בעמ,,,"י""ח",150,ל גרם,false,1,11,7.33,false,1,
7290116532905,false,נשנושים איירביס 150ג טעם ברביקיו,יוניליוור ישראל שיווק בעמ,,,"י""ח",150,ל גרם,false,1,11,7.33,false,1,
7290116533025,false,פינוק מארז זוג שמפו קלאסי 1.4ל,יוניליוור ישראל שיווק בעמ,,,"י""ח",140,"ל מ""ל",false,1,24.90,17.79,false,1,
7290116533216,false,מרק ירקות קנור 235ג,יוניליוור ישראל שיווק בעמ,,,"י""ח",235,ל גרם,false,1,14.90,6.34,false,1,
7290116930244,false,מאגדת *8יוגורט BIO 3% 150ג,תנובה בעמ ***,,,"י""ח",1.20,ליטר,false,1,16.90,14.08,false,1,
7290116930282,false,ארוחה בקטנה לאבנה עם קרקרים 150ג,תנובה בעמ ***,,,"י""ח",150,ל גרם,false,1,7.90,5.27,false,1,
7290116930435,false,יוגורט גו סמיך 0% דובדבן,תנובה בעמ ***,,,"י""ח",200,"ל מ""ל",false,1,5.90,2.95,true,1,
7290116930480,false,"יופלה שייק פירות 230מ""ל",תנובה בעמ ***,,,"י""ח",230,"ל מ""ל",false,1,7.90,3.43,false,1,
7290116930626,false,ארוחה בקטנה ציזיק עם קרקרים 150ג,תנובה בעמ ***,,,"י""ח",150,ל גרם,false,1,7.90,5.27,false,1,
7290116930657,false,"משקה גו טעם בננה תמר 340מ""ל",תנובה בעמ ***,,,"י""ח",340,"ל מ""ל",false,1,7.50,2.21,false,1,
7290116930954,false,יופלה טעם פאי תפוחים 3% 150ג,תנובה בעמ ***,,,"י""ח",150,"ל מ""ל",false,1,5,3.33,false,1,
7290116931081,false,מעדן סויה בטעם טופי קרמל 125ג,תנובה בעמ ***,,,"י""ח",125,"ל מ""ל",false,1,3.70,2.96,false,1,
7290117030363,false,כוסות מעוטרות אומן 40יח שווה,ח.כהן סוכנות מזון ומשקאות בע,,,,40,"י""ח",false,1,8.90,0.22,true,1,
7290117030530,false,אשפתון גופיה נשלף אחד אחד XL שווה,ח.כהן סוכנות מזון ומשקאות בע,,,"י""ח",25,"י""ח",false,1,18.90,0.76,false,1,
7290117030752,false,תבניות ארוז *7 שווה,ח.כהן סוכנות מזון ומשקאות בע,,,"י""ח",7,"י""ח",false,1,7.90,1.13,true,1,
7290117030769,false,תבניות ארוז *7 שווה,ח.כהן סוכנות מזון ומשקאות בע,,,"י""ח",7,"י""ח",false,1,7.90,1.13,true,1,
7290117030776,false,תבניות ארוז מלבן עמוק *7 שווה,ח.כהן סוכנות מזון ומשקאות בע,,,"י""ח",7,"י""ח",false,1,7.90,1.13,true,1,
7290117030790,false,תבניות ארוז *10 אינגליש שווה,ח.כהן סוכנות מזון ומשקאות בע,,,"י""ח",10,"י""ח",false,1,7.90,0.79,true,1,
7290117030813,false,תבניות ארוז *4 עגול עמוק שווה,ח.כהן סוכנות מזון ומשקאות בע,,,"י""ח",4,"י""ח",false,1,7.90,1.98,true,1,
7290117030820,false,תבניות ארוז *4 עגול גדול שווה,ח.כהן סוכנות מזון ומשקאות בע,,,"י""ח",4,"י""ח",false,1,7.90,1.98,true,1,
7290117030837,false,תבניות ארוז *10יח אינגליש קצר שווה,ח.כהן סוכנות מזון ומשקאות בע,,,"י""ח",4,"י""ח",false,1,8.90,2.23,false,1,
7290117031230,false,"צלחות גדול *9 תפארת מתעלה ""שווה""",ח.כהן סוכנות מזון ומשקאות בע,,,"י""ח",12,"י""ח",false,1,14.90,1.24,false,1,
7290117031247,false,"צלחות גדול 10* תפארת מתעלה ""שווה""",ח.כהן סוכנות מזון ומשקאות בע,,,"י""ח",12,"י""ח",false,1,19.90,1.66,false,1,
7290117031261,false,מגשים גדולים *12.5 תפארת מתעלה שווה,ח.כהן סוכנות מזון ומשקאות בע,,,"י""ח",10,"י""ח",false,1,20.90,2.09,false,1,
7290117031506,false,"כוסות נייר גודל 8 שווה"" 40יח",ח.כהן סוכנות מזון ומשקאות בע,,,"י""ח",40,"י""ח",false,1,8.90,0.22,true,1,
7290117031537,false,"כוסות נייר גודל 16 שווה"" 40יח.",ח.כהן סוכנות מזון ומשקאות בע,,,"י""ח",40,"י""ח",false,1,18.90,0.47,true,1,
7290117032008,false,מזלגונים איכותי 40יח קרם שווה,ח.כהן סוכנות מזון ומשקאות בע,,,"י""ח",40,"י""ח",false,1,6.90,0.17,true,1,
7290117032015,false,מזלגונים איכותי 40יח שקוף שווה,ח.כהן סוכנות מזון ומשקאות בע,,,"י""ח",40,"י""ח",false,1,6.90,0.17,true,1,
7290117032022,false,מזלגונים איכותי 40יח צבעוני שווה,ח.כהן סוכנות מזון ומשקאות בע,,,"י""ח",40,"י""ח",false,1,6.90,0.17,true,1,
7290117032046,false,סכינים איכותי 40יח שקוף שווה,ח.כהן סוכנות מזון ומשקאות בע,,,"י""ח",40,"י""ח",false,1,6.90,0.17,true,1,
7290117032053,false,סכינים איכותי 40יח צבעוני שווה,ח.כהן סוכנות מזון ומשקאות בע,,,"י""ח",40,"י""ח",false,1,6.90,0.17,true,1,
7290117032060,false,כפות איכותי 40יח קרם שווה.,ח.כהן סוכנות מזון ומשקאות בע,,,"י""ח",40,"י""ח",false,1,6.90,0.17,true,1,
7290117032077,false,כפות איכותי 40יח שקוף שווה,ח.כהן סוכנות מזון ומשקאות בע,,,"י""ח",40,"י""ח",false,1,6.90,0.17,true,1,
7290117032084,false,כפות איכותי 40יח צבעוני שווה,ח.כהן סוכנות מזון ומשקאות בע,,,"י""ח",40,"י""ח",false,1,6.90,0.17,true,1,
7290117032091,false,כפיות איכותי 40יח קרם שווה,ח.כהן סוכנות מזון ומשקאות בע,,,"י""ח",40,"י""ח",false,1,6.90,0.17,true,1,
7290117032107,false,כפיות איכותי 40יח שקוף שווה,ח.כהן סוכנות מזון ומשקאות בע,,,"י""ח",40,"י""ח",false,1,6.90,0.17,true,1,
7290117032114,false,כפיות איכותי 40יח צבעוני שווה,ח.כהן סוכנות מזון ומשקאות בע,,,"י""ח",40,"י""ח",false,1,6.90,0.17,true,1,
7290117032503,false,לפתניות לבן אריזה משפחתית 115יח שווה,ח.כהן סוכנות מזון ומשקאות בע,,,,115,"י""ח",false,1,25.90,0.23,true,1,
7290117032510,false,לפתניות קרם אריזה משפחתית 115יח שווה,ח.כהן סוכנות מזון ומשקאות בע,,,,115,"י""ח",false,1,25.90,0.23,true,1,
7290117032565,false,מרקיה אריזה משפחתית 70יח שווה,ח.כהן סוכנות מזון ומשקאות בע,,,,70,"י""ח",false,1,25.90,0.37,true,1,
7290117032596,false,צלחת גדולה אריזה משפחתית 60יח שווה,ח.כהן סוכנות מזון ומשקאות בע,,,,60,"י""ח",false,1,25.90,0.43,true,1,
7290117032619,false,צלחת ענקית אריזה משפחתית 35יח שווה,ח.כהן סוכנות מזון ומשקאות בע,,,,35,"י""ח",false,1,25.90,0.74,true,1,
7290117033005,false,פופקורן מלח מארז למיקרו 5יח שווה,ח.כהן סוכנות מזון ומשקאות בע,,,"י""ח",500,ל גרם,false,1,10.90,2.18,true,1,
7290117033012,false,פופקורן חמאה מארז למיקרו 5יח שווה,ח.כהן סוכנות מזון ומשקאות בע,,,"י""ח",500,ל גרם,false,1,10.90,2.18,true,1,
7290117033029,false,פופקורן לייט מארז למיקרו 5יח שווה,ח.כהן סוכנות מזון ומשקאות בע,,,"י""ח",425,ל גרם,false,1,10.90,2.56,true,1,
7290117260401,false,גבינת מוצרלה מגורדת 500גר 25% שומן,ג.וילי פוד אינטרנשיונל בעמ,,,"י""ח",500,ל גרם,false,1,32.90,6.58,false,1,
7290117260890,false,פופקורן טעם קוקוס 90גר,ג.וילי פוד אינטרנשיונל בעמ,,,"י""ח",90,ל גרם,false,1,6.90,7.67,true,1,
7290117260951,false,ביסקוויטים פירות הדר ללא גלוטן 125ג,ג.וילי פוד אינטרנשיונל בעמ,,,"י""ח",125,ל גרם,false,1,9.90,7.92,true,1,
7290117261101,false,זוג קינוחים טעם שוקולד ואגוזי לוז 140גר,ג.וילי פוד אינטרנשיונל בעמ,,,"י""ח",140,ל גרם,false,1,11.90,8.50,false,1,
7290117261125,false,זוג קינוחים טעם וניל בציפוי שוקולד 140,ג.וילי פוד אינטרנשיונל בעמ,,,"י""ח",140,ל גרם,false,1,11.90,8.50,false,1,
7290117261132,false,זוג קינוחים טעם קרמל מלוח 140גר,ג.וילי פוד אינטרנשיונל בעמ,,,"י""ח",140,ל גרם,false,1,11.90,8.50,false,1,
7290117261187,false,ארוחת פסטה קפוא פנה ותרד 600ג,ג.וילי פוד אינטרנשיונל בעמ,,,"י""ח",600,ל גרם,false,1,23.90,3.98,true,1,
7290117261422,false,יוגורט פרוביוטי עם תות שדה 2% שומן,ג.וילי פוד אינטרנשיונל בעמ,,,"י""ח",150,ל גרם,false,1,2.90,1.93,false,1,
7290117261446,false,יוגורט פרוביוטי עם אפרסק ומשמש 2% שומ,ג.וילי פוד אינטרנשיונל בעמ,,,"י""ח",150,ל גרם,false,1,2.90,1.93,false,1,
7290117261521,false,סלמון אטלנטי בשמן קנולה 120ג,ג.וילי פוד אינטרנשיונל בעמ,,,"י""ח",120,ל גרם,false,1,11.90,9.92,true,1,
7290117261538,false,סלמון אטלנטי בשמן קנולה וצילי 120ג,ג.וילי פוד אינטרנשיונל בעמ,,,"י""ח",120,ל גרם,false,1,11.90,9.92,true,1,
7290117261545,false,סלמון אטלנטי ברוטב טריאקי 120ג,ג.וילי פוד אינטרנשיונל בעמ,,,"י""ח",120,ל גרם,false,1,11.90,9.92,true,1,
7290117261552,false,סלמון אטלנטי ברוטב עגבניות 120ג,ג.וילי פוד אינטרנשיונל בעמ,,,"י""ח",120,ל גרם,false,1,11.90,9.92,true,1,
7290117261569,false,סלמון אטלנטי מעושן בשמן קנולה 120ג,ג.וילי פוד אינטרנשיונל בעמ,,,"י""ח",120,ל גרם,false,1,11.90,9.92,true,1,
7290117261583,false,סרדינים בריסלינג מעושנים בשמן קנולה,ג.וילי פוד אינטרנשיונל בעמ,,,"י""ח",185,ל גרם,false,1,13.90,7.51,false,1,
7290117261590,false,-,ג.וילי פוד אינטרנשיונל בעמ,,,"י""ח",185,ל גרם,false,1,13.90,7.51,false,1,
7290117261774,false,כדורי גבינת בייבי מוצרלה 150ג 14% שומן,ג.וילי פוד אינטרנשיונל בעמ,,,"י""ח",150,ל גרם,false,1,14.90,9.93,false,1,
7290117380154,false,"רוטב אסיאתי עם סויה 264מ""ל מאסטר שף",ש.שסטוביץ בעמ,,,"י""ח",264,ל גרם,false,1,10.90,4.13,false,1,
7290117380871,false,מרבה סלים דלים קריספי אוכמניות 120ג,ש.שסטוביץ בעמ,,,"י""ח",120,ל גרם,false,1,12.90,10.75,true,1,
7290117382219,false,מארז קולגייט מ.ילדים מיניונים,ש.שסטוביץ בעמ,,,"י""ח",100,"ל מ""ל",false,1,29.90,29.90,true,1,
7290117382578,false,"מארז קולגייט טוטאל 75מ""ל+מברשת",ש.שסטוביץ בעמ,,,"י""ח",100,"ל מ""ל",false,1,21.90,21.90,true,1,
7290117383711,false,"זוג פלמוליב חלב ודבש 750מ""ל",ש.שסטוביץ בעמ,,,"י""ח",1.50,ליטר,false,1,31.90,21.27,true,1,
7290117383728,false,"זוג פלמוליב לומינוס אבוקדו 750מ""ל",ש.שסטוביץ בעמ,,,"י""ח",1.50,ליטר,false,1,31.90,21.27,true,1,
7290117383742,false,"זוג פלמוליב גבר מרענן 750מ""ל",ש.שסטוביץ בעמ,,,"י""ח",1.50,ליטר,false,1,31.90,21.27,true,1,
7290117383780,false,"זוג פלמוליב 750מ""ל.",ש.שסטוביץ בעמ,,,"י""ח",1.50,ליטר,false,1,31.90,21.27,true,1,
7290117760918,false,כוס נייר טאצ 9 OZ שרוול 50כוסות,שניב תעשיות נייר בעמ,,,"י""ח",50,"י""ח",false,1,11.90,0.24,true,1,
7290117860038,false,"הוואי תחליב רחצה יוגורט 700מ""ל אוכמניות",הנקל סוד בעמ,,,"י""ח",700,"ל מ""ל",false,1,14.90,2.13,true,1,
7290117860045,false,"הוואי שמפו לשיער רגיל 700מ""ל",הנקל סוד בעמ,,,"י""ח",700,"ל מ""ל",false,1,14.90,2.13,true,1,
7290117860083,false,"הוואי קרם רחצה בניחוח איריס 700מ""ל",הנקל סוד בעמ,,,"י""ח",700,"ל מ""ל",false,1,14.90,2.13,true,1,
7290117860090,false,"הוואי מרכך לשיער רגיל 700מ""ל",הנקל סוד בעמ,,,"י""ח",700,"ל מ""ל",false,1,14.90,2.13,true,1,
7290117860137,false,"הוואי קרם רחצה בניחוח פרח הקמליה 700מ""ל",הנקל סוד בעמ,,,"י""ח",700,"ל מ""ל",false,1,14.90,2.13,true,1,
7290117860144,false,"הוואי שמפו למניעת קשקשים 700מ""ל",הנקל סוד בעמ,,,"י""ח",700,"ל מ""ל",false,1,14.90,2.13,true,1,
7290117860182,false,"הוואי תחליב רחצה בניחוח מגנוליה 700מ""ל",הנקל סוד בעמ,,,"י""ח",700,"ל מ""ל",false,1,14.90,2.13,true,1,
7290117860199,false,"הוואי שמפו מעניק לחות לשיער יבש 700מ""ל",הנקל סוד בעמ,,,"י""ח",700,"ל מ""ל",false,1,14.90,2.13,true,1,
7290117860236,false,"הוואי קרם רחצה בניחוח ויולה ורודה 700מ""",הנקל סוד בעמ,,,"י""ח",700,"ל מ""ל",false,1,14.90,2.13,true,1,
7290117860243,false,"הוואי מרכך מעניק לחות לשיער יבש 700מ""ל",הנקל סוד בעמ,,,"י""ח",700,"ל מ""ל",false,1,14.90,2.13,true,1,
7290117860281,false,"הוואי ג`ל רחצה לגבר 700 מ""ל",הנקל סוד בעמ,,,"י""ח",700,"ל מ""ל",false,1,14.90,2.13,true,1,
7290117860298,false,"הוואי שמפו קרטין מחזק 700מ""ל",הנקל סוד בעמ,,,"י""ח",700,"ל מ""ל",false,1,14.90,2.13,true,1,
7290117860335,false,"הוואי ג`ל רחצה לגבר 700 מ""ל",הנקל סוד בעמ,,,"י""ח",700,"ל מ""ל",false,1,14.90,2.13,true,1,
7290117860342,false,"הוואי מרכך קרטין מחזק 700מ""ל",הנקל סוד בעמ,,,"י""ח",700,"ל מ""ל",false,1,14.90,2.13,true,1,
7290117860380,false,"הוואי תחליב רחצה יוגורט 700מ""ל אלוורה",הנקל סוד בעמ,,,"י""ח",700,"ל מ""ל",false,1,14.90,2.13,true,1,
7290117860397,false,"הוואי שמפו פריחת דובדבן 700מ""ל",הנקל סוד בעמ,,,"י""ח",700,"ל מ""ל",false,1,14.90,2.13,true,1,
7290117860441,false,"הוואי מרכך פריחת דובדבן 700מ""ל",הנקל סוד בעמ,,,"י""ח",700,"ל מ""ל",false,1,14.90,2.13,true,1,
7290117860540,false,"הוואי שמפו עדין לילדים 700מ""ל",הנקל סוד בעמ,,,"י""ח",700,"ל מ""ל",false,1,14.90,2.13,true,1,
7290117860595,false,"הוואי מרכך מתיר קשרים לילדים 700מ""ל",הנקל סוד בעמ,,,"י""ח",700,"ל מ""ל",false,1,14.90,2.13,true,1,
7290117860649,false,"הוואי שמפו ללא סולפטים 700מ""ל",הנקל סוד בעמ,,,"י""ח",700,"ל מ""ל",false,1,14.90,2.13,true,1,
7290117860694,false,"הוואי מרכך ללא סולפטים 700מ""ל",הנקל סוד בעמ,,,"י""ח",700,"ל מ""ל",false,1,14.90,2.13,true,1,
7290117860748,false,"הוואי שמפו מעניק נפח 700מ""ל",הנקל סוד בעמ,,,"י""ח",700,"ל מ""ל",false,1,14.90,2.13,true,1,
7290117860793,false,"הוואי מרכך מעניק נפח 700מ""ל",הנקל סוד בעמ,,,"י""ח",700,"ל מ""ל",false,1,14.90,2.13,true,1,
7290117860847,false,הוואי שמפו 4ב1 לגבר רעננות קרירה 700מ,הנקל סוד בעמ,,,"י""ח",700,"ל מ""ל",false,1,14.90,2.13,true,1,
7290117860892,false,"הוואי תחליב רחצה יוגורט 700 מ""ל דבש",הנקל סוד בעמ,,,"י""ח",700,"ל מ""ל",false,1,14.90,2.13,true,1,
7290117860991,false,"הוואי תחליב רחצה יוגורט 700מ""ל שקדים",הנקל סוד בעמ,,,"י""ח",700,"ל מ""ל",false,1,14.90,2.13,true,1,
7290117901168,false,מיקס אגוזים וחמוציות 250גר ששון הקולה,דין שיווק וקליה 2021 בעמ,,,"י""ח",250,ל גרם,false,1,20,8,false,1,
7290117901175,false,שקדים קלופים 200ג ששון הקולה,דין שיווק וקליה 2021 בעמ,,,"י""ח",200,ל גרם,false,1,20,10,false,1,
7290117901182,false,בוטן קליפה קלוי350ג ששון הקולה,דין שיווק וקליה 2021 בעמ,,,"י""ח",350,ל גרם,false,1,10,2.86,false,1,
7290117901205,false,טורטיה דגנים בתוספת שומשום ופשתן,דין שיווק וקליה 2021 בעמ,,,"י""ח",360,ל גרם,false,1,9.90,2.75,false,1,
7290117901786,false,גרעיני דלעת קלופים 250גר מחנה יהודה,דין שיווק וקליה 2021 בעמ****,,,"י""ח",250,ל גרם,false,1,19.90,7.96,true,1,
7290117901793,false,גרעיני חמניה קלופים 250גר מחנה יהודה,דין שיווק וקליה 2021 בעמ****,,,"י""ח",250,ל גרם,false,1,14.90,5.96,true,1,
7290117901816,false,אגוז קשיו טבעי 250גר מחנה יהודה,דין שיווק וקליה 2021 בעמ****,,,"י""ח",250,ל גרם,false,1,29.90,11.96,true,1,
7290118420071,false,במבה ביסלי ברביקיו מיקס 80גר אסם{,קבוצת אוסם סחר-שות.מוגבלת,,,"י""ח",80,ל גרם,false,1,4.30,5.38,true,1,
7290118420378,false,פתי בר פינוקים בטעם תותים בשמנת 220גר,קבוצת אוסם סחר-שות.מוגבלת,,,"י""ח",220,ל גרם,false,1,10.90,4.95,true,1,
7290118420514,false,פודינג נוגט 75 ג אסם,קבוצת אוסם סחר-שות.מוגבלת,,,"י""ח",75,ל גרם,false,1,3.90,5.20,true,1,
7290118751649,false,אנטריקוט פרוס טרי חלק ארוז *,ח.י. מעדני גורמה בעמ,,,"ק""ג",1,,true,1,199,199,true,1,
7290118751656,false,אנטריקוט פרוס דק טרי חלק ארוז*,ח.י. מעדני גורמה בעמ,,,"ק""ג",1,,true,1,199,199,true,1,
7290118751663,false,רוסטביף לתנור טרי חלק ארוז **,ח.י. מעדני גורמה בעמ,,,קוב,1,,true,1,89.90,89.90,false,1,
7290118751670,false,צלי כתף חצוי טרי חלק ארוז**,ח.י. מעדני גורמה בעמ,,,"ק""ג",1,,true,1,99.90,99.90,false,1,
7290118751687,false,שריר טרי חלק ארוז **,ח.י. מעדני גורמה בעמ,,,"ק""ג",1,"ק""ג",true,1,69.90,69.90,true,1,
7290118751694,false,שריר עגל מעובד מופשר חלק ארוז**,ח.י. מעדני גורמה בעמ,,,"ק""ג",1,,true,1,59.90,59.90,false,1,
7290118751700,false,גולש טרי חלק ארוז**,ח.י. מעדני גורמה בעמ,,,"ק""ג",1,,true,1,79.90,79.90,false,1,
7290118751717,false,בשר לטחינה טרי חלק ארוז**,ח.י. מעדני גורמה בעמ,,,"ק""ג",1,,true,1,59.90,59.90,false,1,
7291044031577,false,רב שקע כבל קצר 4 תקן,אושר א.א. יבוא ושיווק כלי בית,,,"י""ח",1,,false,1,24.90,24.90,false,1,
7291044081305,false,זוג נורת לד DL 12W E27 A60 SAFETY,סמיקום לקסיס בעמ,,,"י""ח",1,,false,1,16.90,16.90,false,1,
7291044101478,false,תנור קיר לאמבט 3 דרגות חום 1500W,סמיקום לקסיס בעמ,,,"י""ח",1,,false,1,69.90,69.90,true,1,
7291044101706,false,מפזר חום 2000W יונדאי,סמיקום לקסיס בעמ,,,"י""ח",1,,false,1,59.90,59.90,false,1,
7291044106367,false,מיחם שבת עד 50 כוסות 2000L 8.90W,סמיקום לקסיס בעמ,,,"י""ח",1,,false,1,279.90,279.90,false,1,
7291044125085,false,"פנס קיר 6W סאן 60 לדים 393מ""מ.",סמיקום לקסיס בעמ,,,"י""ח",1,,false,1,59,59,false,1,
7291045000442,false,פחם אלשאם 2 ק``ג,מחמד זייד,,,"י""ח",1,,false,1,13.90,13.90,false,1,
7296146077775,false,פתילונים,ח.כהן סוכנות מזון ומשקאות בע,,,"י""ח",1,,false,1,3.90,3.90,false,1,
7296168100017,false,ערכה לבדיקת הריון 2 מקלונים Top med,חן המעיין בעמ,,,"י""ח",1,,false,1,19.90,19.90,false,1,
7296168110016,false,ערכה לבדיקת הריון,חן המעיין בעמ,,,"י""ח",1,,false,1,24.90,24.90,false,1,
7297028188817,false,גרבי ספורט פולו שחור,ביג מול בעמ,,,"י""ח",1,,false,1,24.90,24.90,false,1,
7297070000341,false,גלוריה-ברך 20 לייקרה,אחים וייס ישי ייצור בעמ,,,"י""ח",1,,false,1,9.90,9.90,false,1,
7297070000358,false,קרנה-ברך 40לייקרה,אחים וייס ישי ייצור בעמ,,,"י""ח",1,,false,1,9.50,9.50,false,1,
7297070000365,false,גרבי מכנס נשים אלכסנדרה 15,אחים וייס ישי ייצור בעמ,,,"י""ח",1,,false,1,16.90,16.90,false,1,
7297070000372,false,גרבי מכנס נשים אנדראה 20,אחים וייס ישי ייצור בעמ,,,"י""ח",1,,false,1,15.90,15.90,false,1,
7297070000389,false,גרבי מכנס נשים קלודיה 40,אחים וייס ישי ייצור בעמ,,,"י""ח",1,,false,1,16.90,16.90,false,1,
7297070001232,false,גרבי מכנס לנשים,אחים וייס ישי ייצור בעמ,,,"י""ח",1,,false,1,9.90,9.90,false,1,
7297070001287,false,קרסוליות גבר,אחים וייס ישי ייצור בעמ,,,"י""ח",1,,false,1,9.90,9.90,false,1,
7297070002307,false,קרסוליות לגבר,אחים וייס ישי ייצור בעמ,,,"י""ח",1,,false,1,12.90,12.90,false,1,
7297094015741,false,מגן כרית 70*50,רומנטקס בעמ,,,"י""ח",1,,false,1,14.90,14.90,true,1,
7297094106647,false,שמיכת קיץ מודפסת דו צדדי יחיד 150/200,רומנטקס בעמ,,,"י""ח",1,,false,1,59.90,59.90,true,1,
7297174000384,false,גופיה לגבר,אחים וייס ישי ייצור בעמ,,,"י""ח",1,,false,1,15.90,15.90,false,1,
7297488098152,false,קמח חומוס 500גר,נטורפוד בעמ,,,"י""ח",500,ל גרם,false,1,16.90,3.38,false,1,
7297488098305,false,"מרק דגש""קמח שקדים""250גרם",נטורפוד בעמ,,,"י""ח",250,ל גרם,false,1,24.90,9.96,false,1,
7297579004949,false,מגבות טוליפ גוף,דהן פרוספר בעמ,,,"י""ח",1,,false,1,29.90,29.90,false,1,
7297579011329,false,מגבת מדאם גוף,דהן פרוספר בעמ,,,"י""ח",1,,false,1,29.90,29.90,true,1,
7297579011350,false,שמיכת כירבולית לונדון,דהן פרוספר בעמ,,,"י""ח",1,,false,1,14.90,14.90,true,1,
7297579011442,false,שטיח כניסה קוקוס 40*60,דניאלה ע.י בעמ,,,"י""ח",1,,false,1,24.90,24.90,false,1,
7297579011466,false,שמיכת חורף חרמון יחיד,דהן פרוספר בעמ,,,"י""ח",1,,false,1,34.90,34.90,false,1,
7297579011503,false,שטיח אמבטיה 50*80 דגם תחרה,דניאלה ע.י בעמ,,,"י""ח",1,,false,1,39.90,39.90,false,1,
7297579011565,false,שלישיית מגבות מטבח גינגר,דניאלה ע.י בעמ,,,"י""ח",1,,false,1,11.90,11.90,false,1,
7297579011572,false,שלישיית מגבות מטבח זיג זג,דניאלה ע.י בעמ,,,"י""ח",1,,false,1,11.90,11.90,false,1,
7312040017683,false,מארז אבסולוט רגיל(וודקה {}{700 עם כוס,טמפו משקאות בעמ,,,"י""ח",750,"ל מ""ל",false,1,69.90,9.28,true,1,
7394376615832,false,אוטלי משקה שיבולת שועל בטעם שוקולד,ש.שסטוביץ בעמ,,,"י""ח",1,ליטר,false,1,15.90,15.90,false,1,
7394376616778,false,אוטלי משקה שיבולת שועל להקצפה בריסטה,ש.שסטוביץ בעמ,,,"י""ח",1,ליטר,false,1,15.90,15.90,false,1,
7450014901320,false,נעלי בית חורף נשים דגם SY001 שחור,ביג מול בעמ,,,"י""ח",1,,false,1,39.90,39.90,false,1,
7450026805333,false,נעלי בית חורף נשים דגם SY019 נייבי,ביג מול בעמ,,,"י""ח",1,,false,1,39.90,39.90,false,1,
7450026805364,false,נעלי בית נשים 019 שחור,ביג מול בעמ,,,"י""ח",1,,false,1,39.90,39.90,false,1,
7450026805487,false,נעלי בית חורף נשים דגם 27 אפור שחור,ביג מול בעמ,,,"י""ח",1,,false,1,39.90,39.90,false,1,
7450026806408,false,נעלי בית נשים 031 ורוד,ביג מול בעמ,,,"י""ח",1,,false,1,39.90,39.90,false,1,
7501013101348,false,"נקטר מנגו 473מ""ל JUMEX",טמפו משקאות בעמ,,,"י""ח",473,"ל מ""ל",false,1,8,1.63,true,1,
7501013101355,false,"נקטר אפרסק 473מ""ל JUMEX",טמפו משקאות בעמ,,,"י""ח",473,"ל מ""ל",false,1,8,1.63,true,1,
7501013101362,false,"נקטר קוקוס אננס 473מ""ל JUMEX",טמפו משקאות בעמ,,,"י""ח",473,"ל מ""ל",false,1,8,1.63,true,1,
7501013101393,false,"נקטר אננס 473מ""ל JUMEX",טמפו משקאות בעמ,,,"י""ח",473,"ל מ""ל",false,1,8,1.63,true,1,
7501013122039,false,נקטר מנגו 1ליטר JUMEX קרטונית,טמפו משקאות בעמ,,,"י""ח",1,ליטר,false,1,9.30,9.30,true,1,
7501013122053,false,נקטר אפרסק 1ליטר JUMEX קרטונית,טמפו משקאות בעמ,,,"י""ח",1,ליטר,false,1,9.50,9.50,true,1,
7501013122190,false,נקטר תפוח 1ליטר JUMEX קרטונית,טמפו משקאות בעמ,,,"י""ח",1,ליטר,false,1,9.30,9.30,true,1,
7501064191398,false,"בירה קורונה שישייה *355מ""ל.",תימקו בירה בעמ,,,"י""ח",6,"י""ח",false,1,34.30,5.42,true,1,
7509546057545,false,ליידי ספיד סטיק דרמה פנינה סטיק,ש.שסטוביץ בעמ,,,"י""ח",45,"ל מ""ל",false,1,24.90,55.33,true,1,
7509546061672,false,ספיד סטיק אקסטרים סטיק 50גר,ש.שסטוביץ בעמ,,,"י""ח",70,ל גרם,false,1,16.90,24.14,true,1,
7509546063515,false,"ליידי ספיד סטיק פרו 5 ספריי 150מ""ל",ש.שסטוביץ בעמ,,,"י""ח",1,,false,1,18.90,18.90,true,1,
7509546663135,false,קולגייט זירו מנטה 98ג.,ש.שסטוביץ בעמ,,,"י""ח",98,ל גרם,false,1,24.90,25.41,false,1,
7509546666846,false,"קולגייט טוטאל משחת שיניים פחם 75 מ""ל",ש.שסטוביץ בעמ,,,"י""ח",75,"ל מ""ל",false,1,19.90,26.53,false,1,
7509546678702,false,קולגייט משחת שיניים טוטל אנטי טרטר 100,ש.שסטוביץ בעמ,,,"י""ח",100,"ל מ""ל",false,1,16.90,16.90,true,1,
7610100034084,false,מיונז טומי 265ג,ליימן שליסל,,,"י""ח",265,ל גרם,false,1,11.90,4.49,false,1,
7610113011652,false,"בקרדי בריזר תפוח 275מ""ל",טמפו משקאות בעמ,,,"י""ח",275,"ל מ""ל",false,1,14.20,5.05,true,1,
7610400010481,false,שוקולד לינדט חלב 100 גרם,מ.סידס ובנו בעמ,,,"י""ח",10,ל גרם,false,1,16.90,169,true,1,
7610400074155,false,לינדור בודד 60% 100גר`,מ.סידס ובנו בעמ,,,"י""ח",100,ל גרם,false,1,16.90,16.90,true,1,
7610400091060,false,לינדט אקסלנס תפוז 100ג,מ.סידס ובנו בעמ,,,"י""ח",100,ל גרם,false,1,16.90,16.90,true,1,
7610928010048,false,הגרטי ניקוי כלי כסף,יעקב יעקבי ובניו בעמ,,,"י""ח",100,"ל מ""ל",false,1,30.20,30.20,false,1,
7613030979647,false,טריקס פירות 480גר,קבוצת אוסם סחר-שות.מוגבלת,,,"י""ח",4.80,"י""ח",false,1,19.90,4.15,true,1,
7613032045753,false,פיטנס שוקולד 375גרם,קבוצת אוסם סחר-שות.מוגבלת,,,"י""ח",375,ל גרם,false,1,22.90,6.11,true,1,
7613033548192,false,פיטנס שוקולד מריר 375 גרם,קבוצת אוסם סחר-שות.מוגבלת,,,"י""ח",375,ל גרם,false,1,22.90,6.11,true,1,
7613035548374,false,גולדן מיניס 570גר,קבוצת אוסם סחר-שות.מוגבלת,,,"י""ח",500,ל גרם,false,1,19.90,3.98,true,1,
7613035807778,false,רוטב עגבניות לבלונז 400ג אוסם,קבוצת אוסם סחר-שות.מוגבלת,,,"י""ח",400,ל גרם,false,1,9.90,2.48,true,1,
7613035809109,false,פרפקטו רוטב עגבניות ובזיליקום 400ג,קבוצת אוסם סחר-שות.מוגבלת,,,"י""ח",400,ל גרם,false,1,9.90,2.48,true,1,
7613036105576,false,"דוגלי בוגר עוף 3ק""ג",קבוצת אוסם סחר-שות.מוגבלת,,,"י""ח",3,"ק""ג",false,1,42.90,14.30,false,1,
7613036105606,false,"דוגלי בוגר בקר 3ק""ג",קבוצת אוסם סחר-שות.מוגבלת,,,"י""ח",3,"ק""ג",false,1,50.50,16.83,false,1,
7613036288026,false,"דוגלי גורים 3ק""ג",קבוצת אוסם סחר-שות.מוגבלת,,,"י""ח",3,"ק""ג",false,1,54.50,18.17,false,1,
7613036314114,false,נסקפה גולד 200גר,קבוצת אוסם סחר-שות.מוגבלת,,,"י""ח",200,ל גרם,false,1,49.60,24.80,false,1,
7613036520492,false,פרפקטו רוטב עגבניות לפיצה 400ג,קבוצת אוסם סחר-שות.מוגבלת,,,"י""ח",400,ל גרם,false,1,9.90,2.48,true,1,
7613036737623,false,דגני בוקר קראנץ מיקס 410גר,קבוצת אוסם סחר-שות.מוגבלת,,,"י""ח",410,ל גרם,false,1,19.90,4.85,true,1,
7613036880534,false,גרבר מחית מרק ירקות מעורבים 190גר,קבוצת אוסם סחר-שות.מוגבלת,,,"י""ח",190,ל גרם,false,1,5.40,2.84,false,1,
7613037012200,false,גרבר מחית תפוח מנגו גזר פאוץ 90גר,קבוצת אוסם סחר-שות.מוגבלת,,,"י""ח",130,ל גרם,false,1,6.90,5.31,true,1,
7613037276091,false,דגני בוקר מיקס ניני 200גר נסטלה,קבוצת אוסם סחר-שות.מוגבלת,,,"י""ח",200,ל גרם,false,1,17.90,8.95,false,1,
7613037686906,false,פיטנס דבש ושקדים 355 גר`:,קבוצת אוסם סחר-שות.מוגבלת,,,"י""ח",355,ל גרם,false,1,19.90,5.61,true,1,
7613038268262,false,האני נאט צ`יריוס מופחת סוכר 410גר,קבוצת אוסם סחר-שות.מוגבלת,,,"י""ח",410,ל גרם,false,1,20.90,5.10,true,1,
7613039547922,false,גרבר מחית תפוח בננה אגס פאוץ 90גר,קבוצת אוסם סחר-שות.מוגבלת,,,"י""ח",90,ל גרם,false,1,5.90,6.56,true,1,
7613039770450,false,טבעול סנסשיונל בורגר צמחוני 226ג.,קבוצת אוסם סחר-שות.מוגבלת,,,"י""ח",226,ל גרם,false,1,29.90,13.23,false,1,
7613039880807,false,גרבר מחית תפוח וגזר 190גר,קבוצת אוסם סחר-שות.מוגבלת,,,"י""ח",190,ל גרם,false,1,5.90,3.11,false,1,
7613287121783,false,סמארטיס מיני 187גר,קבוצת אוסם סחר-שות.מוגבלת,,,"י""ח",187,ל גרם,false,1,14.40,7.70,false,1,
7613287155832,false,גרבר מחית תפוח פאוץ 90גר,קבוצת אוסם סחר-שות.מוגבלת,,,"י""ח",130,ל גרם,false,1,6.90,5.31,true,1,
7613287155863,false,גרבר מחית אגס פאוץ 90גר,קבוצת אוסם סחר-שות.מוגבלת,,,"י""ח",130,ל גרם,false,1,6.90,5.31,true,1,
7613287155924,false,גרבר מחית תפוח גזר פאוץ 90גר,קבוצת אוסם סחר-שות.מוגבלת,,,"י""ח",130,ל גרם,false,1,6.90,5.31,true,1,
7613287181411,false,ויטמינצ יק סלט פירות 110גר,קבוצת אוסם סחר-שות.מוגבלת,,,"י""ח",110,ל גרם,false,1,5.90,5.36,true,1,
7613287855640,false,סטארבקס קפסולות גוואטמלה 52גר,קבוצת אוסם סחר-שות.מוגבלת,,,"י""ח",52,ל גרם,false,1,21.90,42.12,true,1,
7622010001858,false,אוראו 176 גרם ממולא קרם בטעם וניל,דיפלומט מפיצים (1968) בעמ**,,,"י""ח",176,ל גרם,false,1,6.70,3.81,true,1,
7622201050757,false,שוקולד מילקה קרמל 100 ג,דיפלומט מפיצים (1968) בעמ**,,,"י""ח",100,ל גרם,false,1,6.50,6.50,true,1,
7622201137052,false,מילקה מיני קוקיז 110גר,דיפלומט מפיצים (1968) בעמ**,,,"י""ח",110,ל גרם,false,1,8.60,7.82,true,1,
7622201139278,false,פילדלפיה 27% שומן 150ג,נטו מלינדה סחר בעמ,,,"י""ח",150,ל גרם,false,1,14.90,9.93,false,1,
7622201401900,false,עוגיות מילקה סנסיישן אוראו 156ג,דיפלומט מפיצים (1968) בעמ**,,,"י""ח",156,ל גרם,false,1,10.90,6.99,true,1,
7622201502515,false,עוגיות מילקה קוקי לופ 132ג,דיפלומט מפיצים (1968) בעמ**,,,"י""ח",132,ל גרם,false,1,10.90,8.26,true,1,
7622201521493,false,פילדלפיה שום ועשבי תיבול 12% שומן 150,נטו מלינדה סחר בעמ,,,"י""ח",150,ל גרם,false,1,14.90,9.93,true,1,
7622201798154,false,פילדלפיה לייט 150ג,נטו מלינדה סחר בעמ,,,"י""ח",150,ל גרם,false,1,14.90,9.93,false,1,
7622201801809,false,מילקה אגוזי 100 ג,דיפלומט מפיצים (1968) בעמ**,,,"י""ח",100,ל גרם,false,1,6.50,6.50,true,1,
7622201802394,false,מילקה מסרונים חלב 100 ג,דיפלומט מפיצים (1968) בעמ**,,,"י""ח",100,ל גרם,false,1,6.50,6.50,true,1,
7622201808631,false,אוראו מיני כוסות בטעם וניל 67 גר,דיפלומט מפיצים (1968) בעמ**,,,"י""ח",67,"ס""מ",false,1,6.90,10.30,true,1,
7622201813390,false,מילקה וואפל במילוי קרם בטעם קקאו 150גר,דיפלומט מפיצים (1968) בעמ**,,,"י""ח",150,ל גרם,false,1,10.90,7.27,true,1,
7622210078131,false,מילקה שוקולד חלב עם דאיים 100ג.,דיפלומט מפיצים (1968) בעמ**,,,"י""ח",100,ל גרם,false,1,6.50,6.50,true,1,
7622210163899,false,מילקה שוקולד חלב עם עדשים 100ג,דיפלומט מפיצים (1968) בעמ**,,,"י""ח",100,ל גרם,false,1,6.50,6.50,true,1,
7622210453327,false,מילקה סנסיישן 156גר,דיפלומט מפיצים (1968) בעמ**,,,"י""ח",156,ל גרם,false,1,12.90,8.27,true,1,
7622210464729,false,אוראו גולדן בד``צ 154גרם,דיפלומט מפיצים (1968) בעמ**,,,"י""ח",154,"ס""מ",false,1,6.90,4.48,true,1,
7622210826053,false,שוקולד מילקה אוראו סנדויץ 92ג,דיפלומט מפיצים (1968) בעמ**,,,"י""ח",92,ל גרם,false,1,6.50,7.07,true,1,
7622300270506,false,מילקה גריינס עוגיות,דיפלומט מפיצים (1968) בעמ**,,,"י""ח",168,ל גרם,false,1,10.90,6.49,true,1,
7622300489427,false,אוראו פאדגי בטעם שוק לבן 240,דיפלומט מפיצים (1968) בעמ**,,,"י""ח",264,ל גרם,false,1,17.90,6.78,true,1,
7622300489434,false,אוראו פאדג בטעם שוק.חלב 246גרם,דיפלומט מפיצים (1968) בעמ**,,,"י""ח",264,ל גרם,false,1,17.90,6.78,true,1,
7622300495046,false,מילקה אקסטרה קקאו 100 ג,דיפלומט מפיצים (1968) בעמ**,,,"י""ח",100,ל גרם,false,1,6.50,6.50,true,1,
7622300503079,false,מילקה מוו ביסקויט,דיפלומט מפיצים (1968) בעמ**,,,"י""ח",200,ל גרם,false,1,10.90,5.45,true,1,
7622300617820,false,מילקה אוראו 100 ג,דיפלומט מפיצים (1968) בעמ**,,,"י""ח",100,ל גרם,false,1,6.50,6.50,true,1,
7622300761363,false,עוגיות מיני אוראו קרם בטעם שקולד 67גר.,דיפלומט מפיצים (1968) בעמ**,,,"י""ח",67,ל גרם,false,1,6.90,10.30,true,1,
7622400005190,false,שוקולד מילקה COW 100גר,דיפלומט מפיצים (1968) בעמ**,,,"י""ח",1,,false,1,6.50,6.50,true,1,
7630311507016,false,סטארבקס קפסולות סאני דיי 57גר,קבוצת אוסם סחר-שות.מוגבלת,,,"י""ח",57,ל גרם,false,1,21.90,38.42,true,1,
7630477891738,false,סטארבקס קפסולות אספרסו בלונד 53גר,קבוצת אוסם סחר-שות.מוגבלת,,,"י""ח",53,ל גרם,false,1,21.90,41.32,true,1,
7702018016808,false,סכינים חד פעמי לנשים ונוס רבעייה,דיפלומט מפיצים 1968 בעמ,,,"י""ח",1,,false,1,23.90,23.90,true,1,
7702018069316,false,סימפלי ונוס מארז 4 יח + 2 יח,דיפלומט מפיצים 1968 בעמ,,,"י""ח",1,,false,1,16.90,16.90,true,1,
7702018441075,false,סכיני פיוזן ידני מארז 12 יח,דיפלומט מפיצים 1968 בעמ,,,"י""ח",1,,false,1,139.90,139.90,true,1,
7702018468447,false,גילט עשיריה 2 פלוס חד פעמי,דיפלומט מפיצים 1968 בעמ,,,"י""ח",1,"י""ח",false,1,29.90,29.90,true,1,
7702024074625,false,פיטנס חטיפי קרקר חיטה מלאה 234גר,קבוצת אוסם סחר-שות.מוגבלת,,,"י""ח",234,ל גרם,false,1,12.90,5.51,false,1,
7702024258322,false,פיטנס חטיפי קרקר צ`יה ופשתן 234גר,קבוצת אוסם סחר-שות.מוגבלת,,,"י""ח",234,ל גרם,false,1,12.90,5.51,false,1,
7702174066631,false,לקקן פין פופ 10 יח`180גר`,ליימן שליסל,,,"י""ח",180,"ל מ""ל",false,1,7.90,4.39,false,1,
7702174068826,false,לקקן 12 יחידות,ליימן שליסל,,,"י""ח",216,ל גרם,false,1,8.90,4.12,false,1,
7702174068833,false,לקקן יוגטה טעמי גלידה,ליימן שליסל,,,"י""ח",216,ל גרם,false,1,9.90,4.58,false,1,
7702174070201,false,לקקן יוגטה מג`יק 216גר,ליימן שליסל,,,"י""ח",216,ל גרם,false,1,8.90,4.12,false,1,
7702174073783,false,לקקן פין פופ 10יח טעם קולה,ליימן שליסל,,,"י""ח",216,ל גרם,false,1,8.90,4.12,false,1,
7702174073844,false,לקקן פין פופ פירות 48יח,ליימן שליסל,,,"י""ח",672,ל גרם,false,1,17.90,2.66,false,1,
7791875005353,false,הוואנה דולצה דה לצה 450ג,מ.סידס ובנו בעמ,,,"י""ח",450,ל גרם,false,1,19.90,4.42,true,1,
7792860006218,false,בייבי דול לקקן,מ.סידס ובנו בעמ,,,"י""ח",24,ל גרם,false,1,2.20,9.17,true,1,
7798378440018,false,אוכמניות,ביכורי השדה צפון 1994 ג.ד. בעמ,,,"י""ח",1,,false,1,15.90,15.90,true,1,
7798382150019,false,אוכמניות,ביכורי השדה צפון 1994 ג.ד. בעמ,,,"י""ח",1,,false,1,15.90,15.90,true,1,
7804414012351,false,יין דון חוליו מלבק,הכרם משקאות חריפים בעמ,,,"י""ח",750,"ל מ""ל",false,1,25.20,3.32,false,1,
7891024027998,false,"קולגייט מי פה טוטאל אנטי טרטר 500מ""ל",ש.שסטוביץ בעמ,,,"י""ח",500,"ל מ""ל",false,1,29.90,5.98,true,1,
7891024124826,false,"קולגייט אופטיק וייט 75מ""ל",ש.שסטוביץ בעמ,,,"י""ח",75,"ל מ""ל",false,1,19.90,26.53,true,1,
7891024179482,false,"קולגייט שטיפת פה 500מ""ל",ש.שסטוביץ בעמ,,,"י""ח",500,"ל מ""ל",false,1,29.90,5.98,true,1,
7898423403316,false,סוכריות תפזורת,ח.כהן סוכנות מזון ומשקאות בע,,,"ק""ג",1,,true,1,25,25,false,1,
8000040001106,false,"קמפרי 700מ""ל",החברה המרכזית להפצת משקאות בעמ,,,"י""ח",700,"ל מ""ל",false,1,89.90,12.80,false,1,
8000070064577,false,קפסולות לוואצה 7.5גר רמת חוזק 8,ליימן שליסל,,,"י""ח",100,ל גרם,false,1,29.90,29.90,true,1,
8000215204240,false,משקה שקדים ואורז אורגני,נטורפוד בעמ,,,"י""ח",1,ליטר,false,1,16.90,16.90,false,1,
8000380003754,false,גרנד פטיסרי קפוצ ינו 100,ליימן שליסל,,,"י""ח",100,ל גרם,false,1,12.90,12.90,true,1,
8000380003761,false,גרנד פטיסרי קוקוס 100,ליימן שליסל,,,"י""ח",100,ל גרם,false,1,12.90,12.90,true,1,
8000380004669,false,וופל 200 גר`קקאו,ליימן שליסל,,,"י""ח",200,ל גרם,false,1,12.90,6.45,true,1,
8000380004676,false,וופל לואקר וניל סנדוויץ 200 ג`,ליימן שליסל,,,"י""ח",200,ל גרם,false,1,12.90,6.45,true,1,
8000380004911,false,לואקר קוארדטיני אגוז 250גר`.,ליימן שליסל,,,"י""ח",250,ל גרם,false,1,13.90,5.56,true,1,
8000380004966,false,קואדרטיטני שוקולד 250ג,ליימן שליסל,,,"י""ח",250,ל גרם,false,1,13.90,5.56,true,1,
8000380005598,false,טורטינה שישייה טעם מריר,ליימן שליסל,,,"י""ח",125,ל גרם,false,1,18.90,15.12,true,1,
8000380005918,false,קוואדרטיני אגוזים 125גר`,ליימן שליסל,,,"י""ח",125,ל גרם,false,1,7,5.60,true,1,
8000380005963,false,קוואדרטיני שוקולד 125גר`,ליימן שליסל,,,"י""ח",125,ל גרם,false,1,7,5.60,true,1,
8000380007219,false,וופל לואקר אגוז 175 גרם,ליימן שליסל,,,"י""ח",175,ל גרם,false,1,11.80,6.74,true,1,
8000380007257,false,וופל גרדנה 200 ג מצופה,ליימן שליסל,,,"י""ח",200,ל גרם,false,1,14.50,7.25,true,1,
8000380007264,false,וופל לואקר קקאו 175 גרם,ליימן שליסל,,,"י""ח",175,ל גרם,false,1,11.80,6.74,true,1,
8000380007271,false,וופל לואקר חלב 175 גרם,ליימן שליסל,,,"י""ח",175,ל גרם,false,1,11.80,6.74,true,1,
8000380106028,false,טורטינה 1/6,ליימן שליסל,,,"י""ח",125,ל גרם,false,1,18.90,15.12,true,1,
8000380144044,false,וופל גרנדה שוקולד,ליימן שליסל,,,"י""ח",200,ל גרם,false,1,14.50,7.25,true,1,
8000380148035,false,גרנד פטיסרי טעם מריר אגוזים,ליימן שליסל,,,"י""ח",100,ל גרם,false,1,12.90,12.90,true,1,
8000380152728,false,מארז חטיפי אצבעות גרדנה שוקולד,ליימן שליסל,,,"י""ח",125,ל גרם,false,1,15.30,12.24,true,1,
8000380153534,false,טורטינה 1/6 לבן,ליימן שליסל,,,"י""ח",125,ל גרם,false,1,18.90,15.12,true,1,
8000380156573,false,ורד הדולמיטים 150ג.,ליימן שליסל,,,"י""ח",150,ל גרם,false,1,23.90,15.93,true,1,
8000380156856,false,שוקולד לואקר לבן 87ג,ליימן שליסל,,,"י""ח",87,ל גרם,false,1,7.90,9.08,false,1,
8000380157440,false,שוקולד לואקר ממולא אגוזי לוז 85ג,ליימן שליסל,,,"י""ח",85,ל גרם,false,1,7.90,9.29,false,1,
8000380180721,false,וופל לואקר שוקו-חלב 175ג,ליימן שליסל,,,"י""ח",175,ל גרם,false,1,11.80,6.74,true,1,
8000380180745,false,לואקר קוארדטיני שוקו חלב 250גר`.,ליימן שליסל,,,"י""ח",250,ל גרם,false,1,13.90,5.56,true,1,
8000380180783,false,קוואדרטיני שוקו חלב 125גר`,ליימן שליסל,,,"י""ח",125,ל גרם,false,1,7,5.60,true,1,
8000380180837,false,גראנד פטי סרי קרם קוקוס בשוקולד לבן,ליימן שליסל,,,"י""ח",100,ל גרם,false,1,12.90,12.90,true,1,
8000380192243,false,לואקר מקסי 200ג טעם אגוזים,ליימן שליסל,,,"י""ח",200,ל גרם,false,1,13.90,6.95,false,1,
8000380201396,false,טורטינה 1/6,ליימן שליסל,,,"י""ח",125,ל גרם,false,1,18.90,15.12,true,1,
8000380205400,false,קוארדטיני קרם חמאת בוטנים 250גר`,ליימן שליסל,,,"י""ח",250,ל גרם,false,1,13.90,5.56,true,1,
8000380206896,false,וופל גרדנה 200 ג חמאת בוטנים,ליימן שליסל,,,"י""ח",200,ל גרם,false,1,14.50,7.25,true,1,
8000380207183,false,טורטינה שישייה טעם מריר,ליימן שליסל,,,"י""ח",125,ל גרם,false,1,18.90,15.12,true,1,
8000500026731,false,ביצי שוקולד קינדר מארז 3 יח סופרייז,פרימיום - חברה לדברי מתיקה ולמ,,,"י""ח",60,ל גרם,false,1,15.90,26.50,true,1,
8000500037874,false,רושר בונ 200 גר,פרימיום - חברה לדברי מתיקה ולמ,,,"י""ח",200,ל גרם,false,1,25.50,12.75,true,1,
8000500094976,false,בונבוניירה רושה קונוס 212.5גר`,פרימיום - חברה לדברי מתיקה ולמ,,,"י""ח",212,ל גרם,false,1,39.90,18.82,true,1,
8000500267103,false,קינדר דליס }עוגות{,פרימיום - חברה לדברי מתיקה ולמ,,,"י""ח",4.20,"י""ח",false,1,19.90,4.74,true,1,
8000500353738,false,טיק טק רביעיות מנטה חזק,פרימיום - חברה לדברי מתיקה ולמ,,,"י""ח",1,,false,1,11.40,11.40,false,1,
8000500386941,false,נוטלה 900ג,פרימיום - חברה לדברי מתיקה ולמ,,,"י""ח",900,ל גרם,false,1,31.90,3.54,true,1,
8001003100164,false,יוגטה ג`לי 450גר,ליימן שליסל,,,"י""ח",450,ל גרם,false,1,13.90,3.09,false,1,
8001090016003,false,פיירי טבלאות למדיח 84יח.,דיפלומט מפיצים 1968 בעמ,,,"י""ח",84,"י""ח",false,1,59.90,0.71,false,1,
8001090184412,false,"פיירי לימון 900מ""ל",דיפלומט מפיצים 1968 בעמ,,,"י""ח",900,"ל מ""ל",false,1,14.90,1.66,true,1,
8001090336408,false,פמפרס אקטיב בייבי מידה 3 38יח,דיפלומט מפיצים 1968 בעמ,,,"י""ח",1,,false,1,39.90,39.90,true,1,
8001090336606,false,פמפרס אקטיב בייבי של6 26יח,דיפלומט מפיצים 1968 בעמ,,,"י""ח",1,,false,1,29.90,29.90,true,1,
8001090375285,false,"פנטן מרכך מרוכז 200מ""ל למגע רך",דיפלומט מפיצים 1968 בעמ,,,"י""ח",200,"ל מ""ל",false,1,21.90,10.95,false,1,
8001090458322,false,פיירי ורדים ומשי 1.015ל,דיפלומט מפיצים 1968 בעמ,,,"י""ח",1.01,ליטר,false,1,15.90,15.74,true,1,
8001090458353,false,"פיירי אנטי בקטריאלי 515מ""ל",דיפלומט מפיצים 1968 בעמ,,,"י""ח",500,"ל מ""ל",false,1,9.90,1.98,false,1,
8001090493637,false,"הד שולדרס שמפו אולטרא 450מ""ל",דיפלומט מפיצים 1968 בעמ,,,"י""ח",450,"ל מ""ל",false,1,21.90,4.87,false,1,
8001090721099,false,אריאל קפסולות לכביסה 27יח,דיפלומט מפיצים 1968 בעמ,,,"י""ח",28,"י""ח",false,1,32.90,1.18,true,1,
8001090721129,false,אריאל קפסולות לכביסה קולור 27 יח,דיפלומט מפיצים 1968 בעמ,,,"י""ח",28,"י""ח",false,1,32.90,1.18,true,1,
8001090734044,false,אולדייז מגה פק נורמל פרש 78 יח`,דיפלומט מפיצים 1968 בעמ,,,"י""ח",78,"י""ח",false,1,19.90,0.26,true,1,
8001090737809,false,אולוייז טנגה סינגל 1/36,דיפלומט מפיצים 1968 בעמ,,,"י""ח",1,,false,1,17.90,17.90,true,1,
8001090740717,false,אולדייז מגה פק נורמל פרש 76 יח`,דיפלומט מפיצים 1968 בעמ,,,"י""ח",76,"י""ח",false,1,19.90,0.26,true,1,
8001090802385,false,טייד קפסולות 26יח ניחוח לנור.,דיפלומט מפיצים 1968 בעמ,,,"י""ח",26,"י""ח",false,1,27.40,1.05,false,1,
8001090832450,false,"פנטן שמפו נוסחה קלאסית 660מ""ל",דיפלומט מפיצים 1968 בעמ,,,"י""ח",660,"ל מ""ל",false,1,22.90,3.47,false,1,
8001090832535,false,"פנטן שמפו שמן מרוקאי משקם 660מ""ל",דיפלומט מפיצים 1968 בעמ,,,"י""ח",660,"ל מ""ל",false,1,22.90,3.47,false,1,
8001090832573,false,"פנטן שמפו לחות מוגברת 660מ""ל",דיפלומט מפיצים 1968 בעמ,,,"י""ח",660,"ל מ""ל",false,1,22.90,3.47,false,1,
8001090832610,false,"פנטן שמפו למגע רך כמשי 660מ""ל",דיפלומט מפיצים 1968 בעמ,,,"י""ח",660,"ל מ""ל",false,1,22.90,3.47,false,1,
8001090832771,false,"פנטן שמפו הזנת קרטין 660מ""ל",דיפלומט מפיצים 1968 בעמ,,,"י""ח",660,"ל מ""ל",false,1,22.90,3.47,false,1,
8001090832818,false,"פנטן קונדישנר נוסחה קלאסית 660מ""ל",דיפלומט מפיצים 1968 בעמ,,,"י""ח",660,"ל מ""ל",false,1,22.90,3.47,false,1,
8001090832856,false,"פנטן קונדישנר מרוקאי משקם 660מ""ל",דיפלומט מפיצים 1968 בעמ,,,"י""ח",660,"ל מ""ל",false,1,22.90,3.47,false,1,
8001090832894,false,"פנטן קונדישנר לחות מוגברת 660מ""ל",דיפלומט מפיצים 1968 בעמ,,,"י""ח",660,"ל מ""ל",false,1,22.90,3.47,false,1,
8001090833228,false,אריאל גל קולור 2.36ל,דיפלומט מפיצים 1968 בעמ,,,"י""ח",2.36,ליטר,false,1,31.90,13.52,false,1,
8001090886460,false,לנור כדוריות בניחוח אביבי 140ג,דיפלומט מפיצים 1968 בעמ,,,"י""ח",140,ל גרם,false,1,19.90,14.21,false,1,
8001090899194,false,תחבושות אולוויז פלטינום נורמל,דיפלומט מפיצים 1968 בעמ,,,"י""ח",1,,false,1,16.90,16.90,true,1,
8001090899224,false,תחבושות אולוויז פלטינום לונג,דיפלומט מפיצים 1968 בעמ,,,"י""ח",1,,false,1,16.90,16.90,true,1,
8001090899286,false,תחבושות אולוויז פלטינום לילה בטוח,דיפלומט מפיצים 1968 בעמ,,,"י""ח",1,,false,1,16.90,16.90,true,1,
8001090943095,false,פיירי אנטי בקטריאלי 1.015ל,דיפלומט מפיצים 1968 בעמ,,,"י""ח",1.01,ליטר,false,1,15.90,15.74,true,1,
8001160001786,false,"גטורייד ספורט כחול 500מ""ל",טמפו משקאות בעמ,,,"י""ח",500,"ל מ""ל",false,1,9.60,1.86,true,1,
8001160001892,false,"גטורייד ספורט תפוז אדום 500מ""ל",טמפו משקאות בעמ,,,"י""ח",500,"ל מ""ל",false,1,9.60,1.86,true,1,
8001841053806,false,אולוייז עבה לילה 12יח,דיפלומט מפיצים 1968 בעמ,,,"י""ח",1,,false,1,12.90,12.90,false,1,
8001841077949,false,מגבוני פמפרס פרש 4*52יח,דיפלומט מפיצים 1968 בעמ,,,"י""ח",1,,false,1,15.90,15.90,false,1,
8001841104751,false,פמפרס פרמיום VP מידה 1 1/52,דיפלומט מפיצים 1968 בעמ,,,"י""ח",41,"י""ח",false,1,34.90,0.85,true,1,
8001841137179,false,"הד שולדרס מרכך קלאסי 275מ""ל",דיפלומט מפיצים 1968 בעמ,,,"י""ח",275,"ל מ""ל",false,1,19.90,7.24,false,1,
8001841623061,false,פמפרס ניו בייבי שלב 1,דיפלומט מפיצים 1968 בעמ,,,"י""ח",1,,false,1,16.90,16.90,true,1,
8001841625188,false,"פיירי פלטינום לימון 515מ""ל",דיפלומט מפיצים 1968 בעמ,,,"י""ח",500,"ל מ""ל",false,1,9.90,1.98,false,1,
8001841625287,false,פיירי פלטינום לימון 1.015ל,דיפלומט מפיצים 1968 בעמ,,,"י""ח",1.01,ליטר,false,1,15.90,15.74,true,1,
8001841625461,false,"פיירי פלטינום אורגינל 515מ""ל",דיפלומט מפיצים 1968 בעמ,,,"י""ח",500,"ל מ""ל",false,1,9.90,1.98,false,1,
8001841669519,false,אריאל קפסולות לכביסה 55 יח,דיפלומט מפיצים 1968 בעמ,,,"י""ח",55,"י""ח",false,1,59.90,1.09,true,1,
8001841941929,false,אולוויז וליו פק לילה אקסטרא 16יח,דיפלומט מפיצים 1968 בעמ,,,"י""ח",1,,false,1,25.90,25.90,true,1,
8001931120982,false,קן לציפור עבה 500גר,נאמן לאורך זמן בעמ,,,"י""ח",500,ל גרם,false,1,7.50,1.50,false,1,
8001931121002,false,קן לציפור דק 500גר,נאמן לאורך זמן בעמ,,,"י""ח",500,ל גרם,false,1,7.50,1.50,false,1,
8002267014945,false,ביצת הפתעה 1/3 60ג,ש.שסטוביץ בעמ,,,"י""ח",60,ל גרם,false,1,12.90,21.50,true,1,
8002270866524,false,מים סן פלגרינו 1ליטר בקבוק פלסטיק,טמפו משקאות בעמ,,,"י""ח",1,ליטר,false,1,8.90,8.90,true,1,
8002450201008,false,משקה כהלי וורדי רספברי,הכרם משקאות חריפים בעמ,,,"י""ח",750,"ל מ""ל",false,1,22.20,2.92,true,1,
8002450202005,false,"משקה כהלי ורדי אסאי כשר 750מ""ל",הכרם משקאות חריפים בעמ,,,"י""ח",750,"ל מ""ל",false,1,22.20,2.92,true,1,
8004030022010,false,ריו ירקות גינה עם טונה,ש.שסטוביץ בעמ,,,"י""ח",160,ל גרם,false,1,15.90,9.94,false,1,
8004030102033,false,טונה ריו 80 גרם שמן ז. עם לימון 1/3.,ש.שסטוביץ בעמ,,,"י""ח",240,ל גרם,false,1,24.90,10.38,false,1,
8004030177000,false,טונה בשמן זית עם צילי 80ג 1/3,ש.שסטוביץ בעמ,,,"י""ח",240,ל גרם,false,1,24.90,10.38,false,1,
8004030344938,false,טונה ריו 80 גרם(מארז שלישיה).,ש.שסטוביץ בעמ,,,"י""ח",240,ל גרם,false,1,24.90,10.38,false,1,
8005110001413,false,מארז זוג רוטב עגבניות 140ג MUTTI,רסטרטו יבוא ושיווק בעמ,,,"י""ח",140,ל גרם,false,1,9.90,7.07,false,1,
8005110170300,false,עגבניות מרוסקות1/3 400ג MUTTI,רסטרטו יבוא ושיווק בעמ,,,"י""ח",400,ל גרם,false,1,18.90,4.73,false,1,
8005110200014,false,רכז עגבניות 210ג MUTTI,רסטרטו יבוא ושיווק בעמ,,,"י""ח",200,ל גרם,false,1,7.90,3.95,false,1,
8005200256587,false,נסטי בטעם אפרסק 1.5ל,טמפו משקאות בעמ,,,"י""ח",1.50,ליטר,false,1,8.50,5.47,true,1,
8005200286584,false,נסטי בטעם מנגו אננס 1.5ל,טמפו משקאות בעמ,,,"י""ח",1.50,ליטר,false,1,8.50,5.47,true,1,
8005200486526,false,נסטי בטעם אפרסק 0.5ל,טמפו משקאות בעמ,,,"י""ח",50,"ל מ""ל",false,1,5.30,10,false,1,
8005803010357,false,גריסיני מקלות אפויים קלאסי 125ג,ליימן שליסל,,,"י""ח",125,ל גרם,false,1,7.90,6.32,true,1,
8005803010371,false,גריסיני מקלות אפויים רוזמרין 125ג,ליימן שליסל,,,"י""ח",125,ל גרם,false,1,7.90,6.32,true,1,
8005803010586,false,גריסיני מקלות אפויים פיצה 125ג,ליימן שליסל,,,"י""ח",125,ל גרם,false,1,7.90,6.32,true,1,
8005803010661,false,גריסיני מקלות אפויים שומשום 125ג,ליימן שליסל,,,"י""ח",125,ל גרם,false,1,7.90,6.32,true,1,
8006540112793,false,"לנור מרכך מרוכז יסמין 900מ""ל",דיפלומט מפיצים 1968 בעמ,,,"י""ח",900,"ל מ""ל",false,1,15.90,1.77,true,1,
8006540112823,false,"לנור מרכך מרוכז אוריינוס 900מ""ל",דיפלומט מפיצים 1968 בעמ,,,"י""ח",900,"ל מ""ל",false,1,11.90,1.32,true,1,
8006540112854,false,"לנור מרכך מרוכז בייבי לבן 900מ""ל.",דיפלומט מפיצים 1968 בעמ,,,"י""ח",900,"ל מ""ל",false,1,15.90,1.77,true,1,
8006540463550,false,פיירי טבלאות למדיח 63יח פלטינום,דיפלומט מפיצים 1968 בעמ,,,"י""ח",63,"י""ח",false,1,54.90,0.87,false,1,
8006540495186,false,"לנור מרכך מרוכז בייבי לבן 900מ""ל.",דיפלומט מפיצים 1968 בעמ,,,"י""ח",900,"ל מ""ל",false,1,15.90,1.77,true,1,
8006540495247,false,"לנור מרכך מרוכז פרחי בר 900מ""ל.",דיפלומט מפיצים 1968 בעמ,,,"י""ח",900,"ל מ""ל",false,1,11.90,1.32,true,1,
8008245004861,false,ממרח אגוזי לוז עם חלב 300ג,א. סיימן סחר בעמ,,,"י""ח",300,ל גרם,false,1,15.90,5.30,true,1,
8008660210014,false,מעדן משמש 300ג,תה ויסוצקי (ישראל)בעמ,,,"י""ח",300,ל גרם,false,1,14.90,4.97,true,1,
8008660210021,false,מעדן דובדבן 300ג,תה ויסוצקי (ישראל)בעמ,,,"י""ח",300,ל גרם,false,1,14.90,4.97,true,1,
8008660210052,false,מעדן פרי תפוז 320ג,תה ויסוצקי (ישראל)בעמ,,,"י""ח",320,ל גרם,false,1,14.90,4.66,true,1,
8008743037897,false,לבבות ממולא ברשת 100ג,שוקוטרייד בעמ,,,"י""ח",90,ל גרם,false,1,8.90,9.89,false,1,
8008912010034,false,ספגטי מספר3 500ג,תה ויסוצקי (ישראל)בעמ,,,"י""ח",500,ל גרם,false,1,7.90,1.58,true,1,
8008912010270,false,פסטה קסרצה מספר 27 500ג,תה ויסוצקי (ישראל)בעמ,,,"י""ח",500,ל גרם,false,1,7.90,1.58,true,1,
8008912010300,false,פסטה פרפלה מספר 30 500ג,תה ויסוצקי (ישראל)בעמ,,,"י""ח",500,ל גרם,false,1,7.90,1.58,true,1,
8008912010317,false,פסטה פוזילי מספר31 500ג,תה ויסוצקי (ישראל)בעמ,,,"י""ח",500,ל גרם,false,1,7.90,1.58,true,1,
8008912010331,false,פסטה ניקטי סרדי קונכיות 500ג,תה ויסוצקי (ישראל)בעמ,,,"י""ח",500,ל גרם,false,1,7.90,1.58,true,1,
8008912010423,false,פסטה פנה ריגטה מספר 42 500ג,תה ויסוצקי (ישראל)בעמ,,,"י""ח",500,ל גרם,false,1,7.90,1.58,true,1,
8009470009010,false,סימבה יבש לכלבים 415ג בקר,נאמן לאורך זמן בעמ,,,"י""ח",415,ל גרם,false,1,3.90,0.94,false,1,
8009470009027,false,סימבה כלב שימורים 415ג טעם עוף הודו,נאמן לאורך זמן בעמ,,,"י""ח",415,ל גרם,false,1,3.90,0.94,false,1,
8009470009072,false,חתול סימבה 415ג שימורים עוף,נאמן לאורך זמן בעמ,,,"י""ח",415,ל גרם,false,1,3.90,0.94,false,1,
8009470009096,false,חתול סימבה 415ג שימורים דג,נאמן לאורך זמן בעמ,,,"י""ח",415,ל גרם,false,1,3.90,0.94,false,1,
8009470009164,false,סימבה כלב שימורים 415ג טעם כבש,נאמן לאורך זמן בעמ,,,"י""ח",415,ל גרם,false,1,3.90,0.94,false,1,
8009470009171,false,סימבה כלב שימורים 415ג בשר צייד,נאמן לאורך זמן בעמ,,,"י""ח",415,ל גרם,false,1,3.90,0.94,false,1,
8009470009232,false,חתול סימבה 100גר,נאמן לאורך זמן בעמ,,,"י""ח",100,ל גרם,false,1,4.90,4.90,false,1,
8009470009430,false,פחית סימבה ורוד סלומון 85גר.,נאמן לאורך זמן בעמ,,,"י""ח",85,ל גרם,false,1,5.90,6.94,false,1,
8009470009447,false,פחית סימבה כתום עוף והודו 85גר,נאמן לאורך זמן בעמ,,,"י""ח",85,ל גרם,false,1,5.90,6.94,false,1,
8009470009546,false,חתול סימבה 415ג שימורים כבש,נאמן לאורך זמן בעמ,,,"י""ח",415,ל גרם,false,1,3.90,0.94,false,1,
8013399145278,false,דיטורל ליקוריש שקית רך 70גר,גורי מוצרי צריכה בעמ,,,"י""ח",50,ל גרם,false,1,10,20,false,1,
8017938005122,false,"חומץ תפוחים אורגני 750מ""ל",נטורפוד בעמ,,,"י""ח",750,ל גרם,false,1,20.90,2.79,false,1,
8024985000116,false,מחית תפוח אוכמניו אורגנית 100% פרי 200גר,נטורפוד בעמ,,,"י""ח",200,ל גרם,false,1,9.90,4.95,false,1,
8024985002783,false,סמוזי גזר דלעת 100ג נטורה נובה,נטורפוד בעמ,,,"י""ח",100,ל גרם,false,1,5.90,5.90,false,1,
8024985004299,false,סמוזי אגס 400גר נטורה נובה1/4,נטורפוד בעמ,,,"י""ח",400,ל גרם,false,1,20.90,5.23,false,1,
8024985008037,false,סמוזי תפוח 100ג נטורה נובה,נטורפוד בעמ,,,"י""ח",100,ל גרם,false,1,5.90,5.90,false,1,
8024985008044,false,סמוזי אגס 100ג נטורה נובה,נטורפוד בעמ,,,"י""ח",100,ל גרם,false,1,5.90,5.90,false,1,
8032880800243,false,פיקניק הפתעה 50 גרם,ליימן שליסל,,,"י""ח",50,ל גרם,false,1,7.40,14.80,true,1,
8076800195033,false,ברילה ספגטי מס3.,ש.שסטוביץ בעמ,,,"י""ח",500,ל גרם,false,1,6.90,1.38,false,1,
8076802085738,false,ברילה פנה רגטה 73,ש.שסטוביץ בעמ,,,"י""ח",500,ל גרם,false,1,6.90,1.38,false,1,
8076802085936,false,ברילה קונציליאה מס3.,ש.שסטוביץ בעמ,,,"י""ח",500,ל גרם,false,1,6.90,1.38,false,1,
8076802085981,false,ברילה פסטה פוזילי 98,ש.שסטוביץ בעמ,,,"י""ח",500,ל גרם,false,1,6.90,1.38,false,1,
8076808060654,false,ברילה פרפלה-65,ש.שסטוביץ בעמ,,,"י""ח",500,ל גרם,false,1,6.90,1.38,false,1,
8076809501415,false,ברילה טריקולור 78,ש.שסטוביץ בעמ,,,"י""ח",500,ל גרם,false,1,13.90,2.78,false,1,
8076809512268,false,ברילה גירנדולה-בורג-34,ש.שסטוביץ בעמ,,,"י""ח",500,ל גרם,false,1,6.90,1.38,false,1,
8076809513388,false,רוטב ברילה ארביאטה,ש.שסטוביץ בעמ,,,"י""ח",400,ל גרם,false,1,14.90,3.73,true,1,
8076809513692,false,רוטב ברילה נפוליטנה,ש.שסטוביץ בעמ,,,"י""ח",400,ל גרם,false,1,14.90,3.73,true,1,
8076809513739,false,רוטב ברילה בזיליקום,ש.שסטוביץ בעמ,,,"י""ח",400,ל גרם,false,1,14.90,3.73,true,1,
8076809514774,false,ברילה פסטה עם ביצים,ש.שסטוביץ בעמ,,,"י""ח",250,ל גרם,false,1,17.90,7.16,false,1,
8076809523561,false,רוטב ברילה טעם פיצה,ש.שסטוביץ בעמ,,,"י""ח",1,,false,1,14.90,14.90,true,1,
8076809523714,false,פסטה טליאטלה,ש.שסטוביץ בעמ,,,"י""ח",500,ל גרם,false,1,24.90,4.98,false,1,
8076809523738,false,לזניה ברילה 500 גרם,ש.שסטוביץ בעמ,,,"י""ח",500,ל גרם,false,1,24.90,4.98,false,1,
8121300206946,false,סטיביה ממתיק 80 שקיקים טרוביה,גורי ע.ע.ע. בעמ,,,"י""ח",80,"ל מ""ל",false,1,20,25,false,1,
8121300208780,false,טרוביה תחליף סוכר לכל מטרה 360ג,גורי ע.ע.ע. בעמ,,,"י""ח",360,"ל מ""ל",false,1,34.90,9.69,true,1,
8121300209466,false,טרוביה תחליף סוכר חום 320ג,גורי ע.ע.ע. בעמ,,,"י""ח",320,"ל מ""ל",false,1,34.90,10.91,true,1,
8410076600622,false,חטיפי ניצ`ר ואלי קראנצי שבבי שוקולד מריר,ליימן שליסל,,,"י""ח",210,ל גרם,false,1,19.90,9.48,true,1,
8410076610379,false,נייטשר ואלי פרוטאין בוטנים וש. שוק.1/4,ליימן שליסל,,,"י""ח",4,"י""ח",false,1,22.90,5.73,false,1,
8410076610386,false,נייטשר ואלי פרוטאין בוטנים עם קרמל.1/4,ליימן שליסל,,,"י""ח",4,"י""ח",false,1,22.90,5.73,false,1,
8410076621009,false,חטיף פייבר 1 בטעם קרמל מלוח 1/5,ליימן שליסל,,,"י""ח",210,ל גרם,false,1,12.90,6.14,true,1,
8410076621047,false,חטיף פייבר 1 בטעם שוקולד 1/5,ליימן שליסל,,,"י""ח",210,ל גרם,false,1,12.90,6.14,true,1,
8410104045111,false,פיניש מלח למדיח.,רקיט בנקיזר (ניר איסט) בעמ,,,"י""ח",1,"י""ח",false,1,11.90,11.90,false,1,
8410104437268,false,פיניש דאוסטופ לריח המראה,רקיט בנקיזר (ניר איסט) בעמ,,,"י""ח",27,ל גרם,false,1,14.90,55.19,true,1,
8410104511340,false,ויט רצועות שעווה יבש,רקיט בנקיזר (ניר איסט) בעמ,,,"י""ח",1,"י""ח",false,1,19.90,19.90,false,1,
8410128768324,false,משקה שקדים קרטונית 1ליטר Vive s,טמפו משקאות בעמ,,,"י""ח",1,ליטר,false,1,9.90,9.90,true,1,
8410128768355,false,משקה סויה קרטונית 1ליטר Vive soy,טמפו משקאות בעמ,,,"י""ח",1,ליטר,false,1,11.90,11.90,true,1,
8412168003106,false,"מחייה 13% פסיפלורה 700מ""ל.",אגודת הכורמים,,,"י""ח",700,"ל מ""ל",false,1,59.90,8.51,true,1,
8412497913992,false,"בקבוק פלסטיק גדול 600מ""ל פרוזן",שמחה זה אנחנו,,,"י""ח",1,,false,1,29.90,29.90,false,1,
8420822130624,false,"סופר מסיר כתמים 750מ""ל.",יעקב יעקבי ובניו בעמ,,,"י""ח",750,ל גרם,false,1,15.90,2.12,false,1,
8422443005213,false,יין המרכבה גראנד סלקשיין ק.סוביניון,היכל היין שקד גולן בעמ,,,"י""ח",750,"ל מ""ל",false,1,34.90,4.61,true,1,
8423207206495,false,חטיף דגנים מלאה צופה שוקולד מריר,ש.שסטוביץ בעמ,,,"י""ח",283,ל גרם,false,1,12.90,4.56,true,1,
8423207206501,false,חטיף רב דגנים עם שוקולד חלב,ש.שסטוביץ בעמ,,,"י""ח",283,ל גרם,false,1,12.90,4.56,true,1,
8423207208260,false,חטיף דגנים מלאה צופה שוקולד מריר,ש.שסטוביץ בעמ,,,"י""ח",283,ל גרם,false,1,12.90,4.56,true,1,
8423207208703,false,חטיף בריאות במילוי שוקולד מריר,ש.שסטוביץ בעמ,,,"י""ח",283,ל גרם,false,1,12.90,4.56,true,1,
8423207209748,false,סלים דליס שוקולד מריר עם תפוז מרבה,ש.שסטוביץ בעמ,,,"י""ח",283,ל גרם,false,1,12.90,4.56,true,1,
8423207209885,false,חטיף בריאות במילוי שוקולד חלב,ש.שסטוביץ בעמ,,,"י""ח",283,ל גרם,false,1,12.90,4.56,true,1,
8423207210942,false,סלים דליס טופינג פירות יער,ש.שסטוביץ בעמ,,,"י""ח",283,ל גרם,false,1,12.90,4.56,true,1,
8423207210966,false,סלים דליס טופינג קוקוס ולימון,ש.שסטוביץ בעמ,,,"י""ח",283,ל גרם,false,1,12.90,4.56,true,1,
8423207210980,false,סלים דליס טופינג קליפת תפוז,ש.שסטוביץ בעמ,,,"י""ח",283,ל גרם,false,1,12.90,4.56,true,1,
8424842050030,false,צ`יפס עם מלח הימלאי 125גר,א. סיימן סחר בעמ,,,"י""ח",125,ל גרם,false,1,12.90,10.32,true,1,
8427030005010,false,סימילאק 375גרם SPIT UP RELIEF.,שקד תבל בעמ ***,,,"י""ח",375,ל גרם,false,1,49.90,13.31,false,1,
8435495805106,false,"ביומט 5 ק""ג",ליימן שליסל,,,"י""ח",5,"ק""ג",false,1,25,5,true,1,
8435495805168,false,"תינוקלין 1.250 ק""ג",ליימן שליסל,,,"י""ח",1.25,"ק""ג",false,1,24.90,19.92,false,1,
8435495805199,false,"תינוקלין 3ק""ג",ליימן שליסל,,,"י""ח",3,"ק""ג",false,1,43.90,14.63,false,1,
8435495807605,false,מרכך תינוקלין מרוכז 1ל לבן,ליימן שליסל,,,"י""ח",1,ליטר,false,1,19.90,19.90,true,1,
8435495807636,false,תינוקלין גל כביסה 2ל,ליימן שליסל,,,"י""ח",5,"ק""ג",false,1,29.90,5.98,false,1,
8435495819363,false,מרכך תינוקלין מרוכז 1ל כחול.,ליימן שליסל,,,"י""ח",1,ליטר,false,1,19.90,19.90,true,1,
8437004395634,false,ערכה לבדיקת ביוץ,חן המעיין בעמ,,,"י""ח",1,,false,1,52.90,52.90,false,1,
8606018615827,false,פיינט אוראו,נגה גלידות,,,"י""ח",480,ל גרם,false,1,21.90,4.56,false,1,
8680202110848,false,שמרים נמסים בוואקום 454 גר,נאמן לאורך זמן בעמ,,,"י""ח",450,ל גרם,false,1,11.90,2.64,false,1,
8681982060668,false,מארז קופסאות.,פיקס יבוא (ש.ע) בעמ,,,"י""ח",1,,false,1,19.90,19.90,true,1,
8683130008355,false,מיונז הלמנס שום לחיץ 400ג,יוניליוור ישראל שיווק בעמ,,,"י""ח",400,ל גרם,false,1,12.90,3.23,false,1,
8683130008935,false,הלמנס קטשיונז 425ג,יוניליוור ישראל שיווק בעמ,,,"י""ח",425,ל גרם,false,1,12.90,3.04,false,1,
8683130025574,false,"בדין אקסטרא לבנדר 960 מ""ל",יוניליוור ישראל שיווק בעמ,,,"י""ח",960,"ל מ""ל",false,1,15.90,1.66,true,1,
8683130025581,false,"בדין אקסטרא ענבר 960 מ""ל",יוניליוור ישראל שיווק בעמ,,,"י""ח",960,"ל מ""ל",false,1,15.90,1.66,true,1,
8683323063024,false,יוגטה ג`לי טעם פירות 220גר,ליימן שליסל,,,"י""ח",220,ל גרם,false,1,7.90,3.59,true,1,
8686868600037,false,אביזרי שיער,אל האופק שיווק וסחר,,,"י""ח",1,,false,1,5.90,5.90,false,1,
8686868600068,false,אביזרי שיער,אל האופק שיווק וסחר,,,"י""ח",1,,false,1,8.90,8.90,false,1,
8686868600075,false,אביזרי שיער,אל האופק שיווק וסחר,,,"י""ח",1,,false,1,9.90,9.90,false,1,
8686868600105,false,אביזרי שיער,אל האופק שיווק וסחר,,,"י""ח",1,,false,1,12.90,12.90,false,1,
8686868600112,false,אביזרי שיער,אל האופק שיווק וסחר,,,"י""ח",1,,false,1,13.90,13.90,false,1,
8686868600129,false,אביזרי שיער,אל האופק שיווק וסחר,,,"י""ח",1,,false,1,12.90,12.90,false,1,
8686868600150,false,אביזרי שיער,אל האופק שיווק וסחר,,,"י""ח",1,,false,1,17.90,17.90,false,1,
8686868600174,false,אביזרי שיער,אל האופק שיווק וסחר,,,"י""ח",1,,false,1,19.90,19.90,false,1,
8686868600235,false,אביזרי שיער,אל האופק שיווק וסחר,,,"י""ח",1,,false,1,12.90,12.90,false,1,
8690504081913,false,טינס מצופה שוקולד חלב 150ג,תה ויסוצקי (ישראל)בעמ,,,"י""ח",150,ל גרם,false,1,9.90,6.60,true,1,
8690526009353,false,חיני חטיף בוטנים נוגט קרמל 140ג,גורי ע.ע.ע. בעמ,,,"י""ח",140,ל גרם,false,1,7.90,5.64,true,1,
8690526029207,false,וופל במילוי קרם קקאו 145ג,גורי ע.ע.ע. בעמ,,,"י""ח",1.45,"י""ח",false,1,8.90,6.14,true,1,
8690526039190,false,וופל במילוי קרם אגוזים 145ג,גורי ע.ע.ע. בעמ,,,"י""ח",1.45,"י""ח",false,1,8.90,6.14,true,1,
8690531031370,false,פלפלים חריפים כבושים במי מלח 340גר,נאמן לאורך זמן בעמ,,,"י""ח",340,ל גרם,false,1,7.90,2.32,false,1,
8690572778326,false,"פה דאודורנט ספריי כותנה 200מ""ל",הנקל סוד בעמ,,,"י""ח",200,"ל מ""ל",false,1,10.90,5.45,true,1,
8690572783931,false,פה דאורדורנט ספריי,הנקל סוד בעמ,,,"י""ח",200,"ל מ""ל",false,1,10.90,5.45,true,1,
8690572788851,false,"שמפו גליס ביו-טק 400מ""ל.",הנקל סוד בעמ,,,"י""ח",400,"ל מ""ל",false,1,18.90,4.73,true,1,
8690572788912,false,"מרכך גליס ביו-טק 400מ""ל",הנקל סוד בעמ,,,"י""ח",400,"ל מ""ל",false,1,18.90,4.73,true,1,
8690572794692,false,"שמפו גליס לאיזון והזנת הקרקפת 400מ""ל.",הנקל סוד בעמ,,,"י""ח",400,"ל מ""ל",false,1,18.90,4.73,true,1,
8690572794715,false,"מרכך גליס לאיזון והזנת הקרקפת 400מ""ל",הנקל סוד בעמ,,,"י""ח",400,"ל מ""ל",false,1,18.90,4.73,true,1,
8690637073373,false,ארל גריי-25סרוויס,יוניליוור ישראל שיווק בעמ,,,"י""ח",50,ל גרם,false,1,7.90,15.80,false,1,
8690637073434,false,ארל גריי 100 סרוויס,יוניליוור ישראל שיווק בעמ,,,"י""ח",200,ל גרם,false,1,24.90,12.45,false,1,
8690637503856,false,ממרח הלמנס לחיץ 40% אחוז פחות שומן,יוניליוור ישראל שיווק בעמ,,,"י""ח",789,ל גרם,false,1,12.90,1.63,false,1,
8690637505607,false,"בדין אקסטרא פינוק קלאסי 960 מ""ל",יוניליוור ישראל שיווק בעמ,,,"י""ח",960,"ל מ""ל",false,1,15.90,1.66,true,1,
8690637555084,false,"בדין אקסטרא לבן 960מ""ל",יוניליוור ישראל שיווק בעמ,,,"י""ח",960,"ל מ""ל",false,1,15.90,1.66,true,1,
8690637835643,false,תה ירוק לואיזה ולימונית 30 גר,יוניליוור ישראל שיווק בעמ,,,"י""ח",32,ל גרם,false,1,16.90,52.81,true,1,
8690637858734,false,"סיף ג ל אקונומיקה 750 מ""ל לימון",יוניליוור ישראל שיווק בעמ,,,"י""ח",750,"ל מ""ל",false,1,9.90,1.32,false,1,
8690637871047,false,"דאב שמפו קוקוס כורכום 600מ""ל",יוניליוור ישראל שיווק בעמ,,,"י""ח",600,"ל מ""ל",false,1,15.90,2.65,true,1,
8690637871061,false,"דאב שמפו עם שמן אבוקדו 600מ""ל",יוניליוור ישראל שיווק בעמ,,,"י""ח",600,"ל מ""ל",false,1,15.90,2.65,true,1,
8690637871108,false,הלמנס חרדל 285ג,יוניליוור ישראל שיווק בעמ,,,"י""ח",285,ל גרם,false,1,11.90,4.18,false,1,
8690637871245,false,ממרח אמיתי הלמנס 395 גר`לחיץ,יוניליוור ישראל שיווק בעמ,,,"י""ח",789,ל גרם,false,1,14.90,1.89,false,1,
8690637890666,false,מיני מגנום מריר 5יח שטראוס,גלידות שטראוס בעמ,,,"י""ח",270,ל גרם,false,1,25.90,9.59,false,1,
8690637946301,false,"בדין אקסטרא בייבי 960 מ""ל",יוניליוור ישראל שיווק בעמ,,,"י""ח",960,"ל מ""ל",false,1,15.90,1.66,false,1,
8690637946318,false,"בדין אקסטרא בייבי טלק 960 מ""ל",יוניליוור ישראל שיווק בעמ,,,"י""ח",960,"ל מ""ל",false,1,15.90,1.66,false,1,
8690637971310,false,"בדין אקסטרא יערת הדבש 960 מ""ל",יוניליוור ישראל שיווק בעמ,,,"י""ח",960,"ל מ""ל",false,1,15.90,1.66,true,1,
8690637976995,false,"בדין אקסטרא ורוד סחלב 960 מ""ל",יוניליוור ישראל שיווק בעמ,,,"י""ח",960,"ל מ""ל",false,1,15.90,1.66,true,1,
8690637994029,false,"בדין אקסטרא סחלבים 1.440מ""ל",יוניליוור ישראל שיווק בעמ,,,"י""ח",1.44,ליטר,false,1,19.90,13.82,false,1,
8690637994036,false,"בדין אקסטרא יסמין 1.440מ""ל",יוניליוור ישראל שיווק בעמ,,,"י""ח",1.44,ליטר,false,1,19.90,13.82,false,1,
8690757002376,false,"משחת נעליים עם ספוג 50מ""ל שחור",אינטרסן (1996) בעמ,,,"י""ח",75,"ל מ""ל",false,1,4.90,6.53,false,1,
8690757002444,false,"נוזל להברקת נעליים 75מ""ל שחור",אינטרסן (1996) בעמ,,,"י""ח",75,"ל מ""ל",false,1,6.90,9.20,false,1,
8690758981021,false,אסותא צמר גפן מכותנה טבעית,עיסא ערטול בעמ-סוכן הנקל סוד,,,"י""ח",1,"י""ח",false,1,5.20,5.20,true,1,
8690766156374,false,שוקולד מריר מעולה 72% קקאו 90גר Godi,תה ויסוצקי (ישראל)בעמ,,,"י""ח",90,ל גרם,false,1,14.90,16.56,true,1,
8690766156381,false,שוקולד מריר מעולה 90% קקאו 90גר Godi,תה ויסוצקי (ישראל)בעמ,,,"י""ח",90,ל גרם,false,1,14.90,16.56,true,1,
8690766156411,false,שוקולד מריר מעולה עם חתיכות 90גר Godi,תה ויסוצקי (ישראל)בעמ,,,"י""ח",90,ל גרם,false,1,14.90,16.56,true,1,
8690777203012,false,פלפל ירוק כבוש לא חריף SERA 600גר`,ג.וילי פוד אינטרנשיונל בעמ,,,"י""ח",600,ל גרם,false,1,10.90,1.82,false,1,
8690777204071,false,פלפל חריף 640 גר`SERA,ג.וילי פוד אינטרנשיונל בעמ,,,"י""ח",640,ל גרם,false,1,10.90,1.70,false,1,
8690777206051,false,חציל קלוי עלSERA האש 650גר,ג.וילי פוד אינטרנשיונל בעמ,,,"י""ח",650,ל גרם,false,1,10.90,1.68,false,1,
8690777221405,false,פלפל אדום קלוי על האש 650 גר`SERA,ג.וילי פוד אינטרנשיונל בעמ,,,"י""ח",650,ל גרם,false,1,10.90,1.68,false,1,
8690784516440,false,דאק סבון ניקוי לאסלה,דנשר (1963) בעמ,,,"י""ח",750,"ל מ""ל",false,1,8.90,1.19,false,1,
8690784614665,false,דאק סבון ניקוי לאסלה בניחוח ים,דנשר (1963) בעמ,,,"י""ח",30,"ל מ""ל",false,1,8.90,29.67,true,1,
8690784614771,false,דאק סבון ניקוי לאסלה בניחוח רענן,דנשר (1963) בעמ,,,"י""ח",30,"ל מ""ל",false,1,8.90,29.67,true,1,
8690784616775,false,דאק סבון מוצק אקווה בלו 4ב1,דנשר (1963) בעמ,,,"י""ח",1,"י""ח",false,1,7.90,7.90,false,1,
8690784711777,false,דאק סבון אקטיבי ים עם אקונומיקה,דנשר (1963) בעמ,,,"י""ח",30,"ל מ""ל",false,1,7.90,26.33,true,1,
8693323085100,false,יוגטה גומי טעם פירות 100גר,ליימן שליסל,,,"י""ח",100,ל גרם,false,1,4.90,4.90,false,1,
8693323099107,false,מרשמלו לבבות יוגטה 150ג,ליימן שליסל,,,"י""ח",150,ל גרם,false,1,5,3.33,true,1,
8693495052177,false,"פלמוליב סבון נוזלי זיתים 750 מ""ל",ש.שסטוביץ בעמ,,,"י""ח",750,"ל מ""ל",false,1,17.50,2.33,true,1,
8697040109323,false,סבון מוצק אסותא בודד,עיסא ערטול בעמ-סוכן הנקל סוד,,,"י""ח",100,ל גרם,false,1,4.90,4.90,true,1,
8697040109903,false,"אסותא ג`ל רחצה אלוורה 700מ""ל",עיסא ערטול בעמ-סוכן הנקל סוד,,,"י""ח",700,"ל מ""ל",false,1,7.90,1.13,true,1,
8697040109910,false,"אסותא ג`ל רחצה פירות יער 700מ""ל",עיסא ערטול בעמ-סוכן הנקל סוד,,,"י""ח",700,"ל מ""ל",false,1,7.90,1.13,true,1,
8697040109927,false,"אסותא ג`ל רחצה שוקולד 700מ""ל",עיסא ערטול בעמ-סוכן הנקל סוד,,,"י""ח",700,"ל מ""ל",false,1,7.90,1.13,true,1,
8697040109934,false,"אסותא ג`ל רחצה קוקוס 700מ""ל",עיסא ערטול בעמ-סוכן הנקל סוד,,,"י""ח",700,"ל מ""ל",false,1,7.90,1.13,true,1,
8697040109941,false,"אסותא ג`ל רחצה ורדים 700מ""ל",עיסא ערטול בעמ-סוכן הנקל סוד,,,"י""ח",700,"ל מ""ל",false,1,7.90,1.13,true,1,
8697040109958,false,"אסותא שמפו לשיער רגיל 700מ""ל",עיסא ערטול בעמ-סוכן הנקל סוד,,,"י""ח",700,"ל מ""ל",false,1,7.90,1.13,true,1,
8697040109965,false,"אסותא שמפו ומרכך 700מ""ל",עיסא ערטול בעמ-סוכן הנקל סוד,,,"י""ח",700,"ל מ""ל",false,1,7.90,1.13,true,1,
8697040109972,false,"אסותא שמפו לשיער יבש 700מ""ל",עיסא ערטול בעמ-סוכן הנקל סוד,,,"י""ח",700,"ל מ""ל",false,1,7.90,1.13,true,1,
8697040109989,false,"אסותא שמפו לשיער פגום 700מ""ל",עיסא ערטול בעמ-סוכן הנקל סוד,,,"י""ח",700,"ל מ""ל",false,1,7.90,1.13,true,1,
8697040109996,false,"אסותא שמפו אלוורה 700מ""ל",עיסא ערטול בעמ-סוכן הנקל סוד,,,"י""ח",700,"ל מ""ל",false,1,7.90,1.13,true,1,
8697040110008,false,"אסותא שמפו לשיער צבוע 700מ""ל",עיסא ערטול בעמ-סוכן הנקל סוד,,,"י""ח",700,"ל מ""ל",false,1,7.90,1.13,true,1,
8697040110039,false,"אסותא ג`ל רחצה לגבר מנטה 700מ""ל",עיסא ערטול בעמ-סוכן הנקל סוד,,,"י""ח",700,"ל מ""ל",false,1,7.90,1.13,true,1,
8697040110046,false,"אסותא ג`ל רחצה לגבר מנטה ותה 700מ""ל",עיסא ערטול בעמ-סוכן הנקל סוד,,,"י""ח",700,"ל מ""ל",false,1,7.90,1.13,true,1,
8697040110053,false,"אסותא ג`ל רחצה שקדים 700מ""ל",עיסא ערטול בעמ-סוכן הנקל סוד,,,"י""ח",700,"ל מ""ל",false,1,7.90,1.13,true,1,
8697040110060,false,"אסותא ג`ל רחצה יוגורט וניל 700מ""ל",עיסא ערטול בעמ-סוכן הנקל סוד,,,"י""ח",700,"ל מ""ל",false,1,7.90,1.13,true,1,
8697040110077,false,"אסותא מרכך לשיער רגיל 700מ""ל",עיסא ערטול בעמ-סוכן הנקל סוד,,,"י""ח",700,"ל מ""ל",false,1,7.90,1.13,true,1,
8697420697914,false,זיתים שחורים יבשים במלח 700גר.,דין שיווק וקליה 2021 בעמ,,,"י""ח",700,ל גרם,false,1,18.90,2.70,false,1,
8697530910743,false,פאל מאל לייט קצר בודד,גלוברנדס בעמ,,,"י""ח",1,,false,1,29.50,29.50,false,1,
8697530910750,false,פאל מאל כחול ארוך,גלוברנדס בעמ,,,"י""ח",1,,false,1,29.50,29.50,false,1,
8697530910781,false,פאל מאל אדום,גלוברנדס בעמ,,,"י""ח",0,"י""ח",false,1,29.50,29.50,false,1,
8697826469092,false,טורטיה קטנה 540 ג 12 יח`,דין שיווק וקליה 2021 בעמ,,,"י""ח",540,ל גרם,false,1,9.90,1.83,true,1,
8710428016348,false,סימילאק פדיאשור קומפליט וניל 400 גרם,שקד תבל בעמ ***,,,"י""ח",400,ל גרם,false,1,49.90,12.48,false,1,
8710552274614,false,"קליה ספריי שטיחים 600מ""ל.",רקיט בנקיזר (ניר איסט) בעמ,,,"י""ח",600,"ל מ""ל",false,1,29.90,4.98,true,1,
8710800027573,false,מיני מנטוס שקית,ליימן שליסל,,,"י""ח",178,ל גרם,false,1,14,7.87,true,1,
8710908693809,false,"מסכה עם קרטין 300מ""ל טרזמה",יוניליוור ישראל שיווק בעמ,,,"י""ח",300,"ל מ""ל",false,1,29.90,9.97,false,1,
8711000362655,false,קפסולות לור אספרסו אבסולו,דיפלומט מפיצים (1968) בעמ**,,,"י""ח",52,ל גרם,false,1,19.90,38.27,true,1,
8711000362747,false,קפסולות אספרסו L OR RISTRETTO,דיפלומט מפיצים (1968) בעמ**,,,"י""ח",52,ל גרם,false,1,19.90,38.27,true,1,
8711000371176,false,גייקובס קפסולות קפה קלאסיקו,דיפלומט מפיצים (1968) בעמ**,,,"י""ח",52,ל גרם,false,1,16.90,32.50,true,1,
8711000371183,false,גייקובס קפסולות קפה אינטנסו,דיפלומט מפיצים (1968) בעמ**,,,"י""ח",52,ל גרם,false,1,16.90,32.50,true,1,
8711327475762,false,מגנום פיינט שוקולד לבן עוגיות 260גר,גלידות שטראוס בעמ,,,"י""ח",260,ל גרם,false,1,21.90,8.42,false,1,
8711700665834,false,דאב סבון מוצק שישיה,יוניליוור ישראל שיווק בעמ,,,"י""ח",6,"י""ח",false,1,18.90,3.15,false,1,
8712000051099,false,"היינקן בקבוק 330מ""ל שישייה 0%.",טמפו משקאות בעמ,,,"י""ח",1.98,ליטר,false,1,31.90,15.20,true,1,
8712400802499,false,נוטרילון שלב 1 800 גרם,דיפלומט מפיצים (1968) בעמ**,,,"י""ח",800,ל גרם,false,1,64.90,8.11,false,1,
8712400802512,false,נוטרילון שלב 2 800 גרם,דיפלומט מפיצים (1968) בעמ**,,,"י""ח",800,ל גרם,false,1,64.90,8.11,false,1,
8712400802536,false,נוטרילון שלב 3 800 גרם,דיפלומט מפיצים (1968) בעמ**,,,"י""ח",800,ל גרם,false,1,64.90,8.11,false,1,
8712561594608,false,"דאב סבון נוזלי להזנה עמוקה 750 מ""ל",יוניליוור ישראל שיווק בעמ,,,"י""ח",750,"ל מ""ל",false,1,19.90,2.65,true,1,
8712561611411,false,"דאב סבון נוזלי תה ירוק ומלפפון 750 מ""ל",יוניליוור ישראל שיווק בעמ,,,"י""ח",750,"ל מ""ל",false,1,16.70,2.23,true,1,
8712561626286,false,"דאב סבון נוזלי זוהר כמשי 750 מ""ל",יוניליוור ישראל שיווק בעמ,,,"י""ח",750,"ל מ""ל",false,1,19.90,2.65,true,1,
8714599410806,false,גייקובס קרוננג 160ג שקית,דיפלומט מפיצים (1968) בעמ**,,,"י""ח",160,ל גרם,false,1,19.90,12.44,true,1,
8714599513781,false,.ג`ייקובס גולד 200 ג,דיפלומט מפיצים (1968) בעמ**,,,"י""ח",200,ל גרם,false,1,20,10,false,1,
8714599513835,false,ג`ייקובס נטול קופאין 200גר,דיפלומט מפיצים (1968) בעמ**,,,"י""ח",200,ל גרם,false,1,36.90,18.45,false,1,
8714599513866,false,"ג""קובס קרוננג קפה נמס מיובש 200 גרם",דיפלומט מפיצים (1968) בעמ**,,,"י""ח",200,ל גרם,false,1,20,10,true,1,
8714789177229,false,מברשת שיניים קולגייט X 4,ש.שסטוביץ בעמ,,,"י""ח",1,,false,1,9.90,9.90,false,1,
8714789218465,false,קולגייט 360 זוגות,ש.שסטוביץ בעמ,,,"י""ח",1,,false,1,29.90,29.90,true,1,
8714789402918,false,אג קס חגיגת פרחים 1.5ליטר אדום,ש.שסטוביץ בעמ,,,"י""ח",1.50,ליטר,false,1,19.90,13.27,true,1,
8714789402932,false,אג`קס חגיגת הפרחים ורוד 1.5 ליטר,ש.שסטוביץ בעמ,,,"י""ח",1.50,ליטר,false,1,19.90,13.27,true,1,
8714789402970,false,אג קס חגיגת פרחים 1.5ליטר ירוק,ש.שסטוביץ בעמ,,,"י""ח",1.50,ליטר,false,1,19.90,13.27,true,1,
8714789450315,false,פלמוליב כלים שקוף לימון 1.5 ל`,ש.שסטוביץ בעמ,,,"י""ח",1.50,ליטר,false,1,15.90,10.60,true,1,
8714789529561,false,"קולגייט סנסטיב פרו ריליך 75מ""ל",ש.שסטוביץ בעמ,,,"י""ח",125,"ל מ""ל",false,1,18.90,15.12,true,1,
8714789582764,false,"אג קס חלונות 750 מ""ל",ש.שסטוביץ בעמ,,,"י""ח",750,"ל מ""ל",false,1,14.90,1.99,true,1,
8714789831275,false,קולגייט מברשת 360וייט זוג,ש.שסטוביץ בעמ,,,"י""ח",500,"ל מ""ל",false,1,24.90,4.98,true,1,
8714789834467,false,פלמוליב כלים 1.5 ל`,ש.שסטוביץ בעמ,,,"י""ח",1.50,ליטר,false,1,12.90,8.60,true,1,
8714789930848,false,"קולגייט אופטיק וייט אינסטנט 75מ""ל",ש.שסטוביץ בעמ,,,"י""ח",750,"ל מ""ל",false,1,19.90,2.65,true,1,
8715700110141,false,מיונז היינץ 460 גרם צנצנת,דיפלומט מפיצים (1968) בעמ**,,,"י""ח",460,ל גרם,false,1,11.90,2.59,false,1,
8715700419695,false,רוטב ברביקיו מתוק 500גר,דיפלומט מפיצים (1968) בעמ**,,,"י""ח",480,ל גרם,false,1,16.90,3.52,false,1,
8715700419732,false,מתבל עגבניות היינץ 700ג,דיפלומט מפיצים (1968) בעמ**,,,"י""ח",700,ל גרם,false,1,12.90,1.84,true,1,
8715700422473,false,ממרח היינץ ללא חומרים משמרים 395גר,דיפלומט מפיצים (1968) בעמ**,,,"י""ח",395,ל גרם,false,1,14.90,3.77,false,1,
8715700423906,false,מתבל עגבניות היינץ 555גר,דיפלומט מפיצים (1968) בעמ**,,,"י""ח",555,ל גרם,false,1,11.90,2.14,false,1,
8717163628355,false,"מרכך להחלקה וצבע 400מ""ל טרזמה",יוניליוור ישראל שיווק בעמ,,,"י""ח",400,"ל מ""ל",false,1,21.90,5.48,false,1,
8717163647226,false,"אקס בודי ספריי בלק 150מ""ל.",יוניליוור ישראל שיווק בעמ,,,"י""ח",150,"ל מ""ל",false,1,11.90,7.93,true,1,
8717163647264,false,"אקס בודי ספריי אייס צ`יל 150מ""ל.",יוניליוור ישראל שיווק בעמ,,,"י""ח",150,"ל מ""ל",false,1,11.90,7.93,true,1,
8717163655764,false,"רקסונה ספריי פרש 150מ""ל",יוניליוור ישראל שיווק בעמ,,,"י""ח",150,"ל מ""ל",false,1,14.90,9.93,true,1,
8717163655825,false,"רקסונה ספריי נשים כותנה 150מ""ל",יוניליוור ישראל שיווק בעמ,,,"י""ח",150,"ל מ""ל",false,1,9.30,6.20,true,1,
8717163663493,false,רקסונה ספריי מן קובלט דריי,יוניליוור ישראל שיווק בעמ,,,"י""ח",1,"י""ח",false,1,14.90,14.90,true,1,
8717677336593,false,שוקולד חלב 180ג טוניס,ליימן שליסל,,,"י""ח",180,ל גרם,false,1,18.90,10.50,true,1,
8717677336616,false,שוקולד מרירעם שקדים ומלח 180ג טוניס,ליימן שליסל,,,"י""ח",180,ל גרם,false,1,18.90,10.50,true,1,
8718951093331,false,מרידול מברשת שיניים זוג,ש.שסטוביץ בעמ,,,"י""ח",1,,false,1,33.90,33.90,false,1,
8718951144064,false,מרידול מברשת שיניים זוג פרדונט אקספרט.,ש.שסטוביץ בעמ,,,"י""ח",1,,false,1,33.90,33.90,false,1,
8718951160897,false,"אגקס ספריי אקונומיקה 500מ""ל",ש.שסטוביץ בעמ,,,"י""ח",500,"ל מ""ל",false,1,12.90,2.58,true,1,
8718951187115,false,אלמקס מברשת שיניים זוג ילדים3-6,ש.שסטוביץ בעמ,,,"י""ח",2,"י""ח",false,1,19.90,9.95,false,1,
8718951190191,false,"אגקס ספריי לימון וסודה 500מ""ל",ש.שסטוביץ בעמ,,,"י""ח",500,"ל מ""ל",false,1,14.90,2.98,true,1,
8718951236790,false,"קולגייט טוטל קלין מינט 100מ""ל",ש.שסטוביץ בעמ,,,"י""ח",100,"ל מ""ל",false,1,16.90,16.90,true,1,
8718951236813,false,"קולגייט טוטל מתקדם 100מ""ל",ש.שסטוביץ בעמ,,,"י""ח",100,"ל מ""ל",false,1,16.90,16.90,true,1,
8718951264618,false,קולגייט אופטיק וייט פחם 75מייל.,ש.שסטוביץ בעמ,,,"י""ח",256,ל גרם,false,1,26.90,10.51,true,1,
8718951281738,false,אלמקס משחת שיניים,ש.שסטוביץ בעמ,,,"י""ח",75,ל גרם,false,1,18.90,25.20,false,1,
8718951289833,false,סבון מוצק לומינוס פלמוליב 4 יח,ש.שסטוביץ בעמ,,,"י""ח",360,ל גרם,false,1,16.90,4.69,true,1,
8718951315303,false,"קולגייט אדומה 100 מ""ל מארז זוג.",ש.שסטוביץ בעמ,,,"י""ח",200,"ל מ""ל",false,1,15,7.50,false,1,
8718951334090,false,"סופלין מרכך כביסה מרוכז כחול650מ""ל",ש.שסטוביץ בעמ,,,"י""ח",0.65,ליטר,false,1,9.90,15.23,true,1,
8718951334120,false,"סופלין מרכך כביסה מרוכז לבנדר 650מ""ל",ש.שסטוביץ בעמ,,,"י""ח",0.65,ליטר,false,1,9.90,15.23,true,1,
8718951354807,false,אג קס פיור הום הפרחים יסמין 1.5ליטר,ש.שסטוביץ בעמ,,,"י""ח",1.50,ליטר,false,1,19.90,13.27,true,1,
8718951382718,false,"פלמוליב גל רחצה חימר התחדשות 750מ""ל",ש.שסטוביץ בעמ,,,"י""ח",750,"ל מ""ל",false,1,19.90,2.65,true,1,
8718951385290,false,אג`קס ניקוי כללי 2 ל כחול,ש.שסטוביץ בעמ,,,"י""ח",2,ליטר,false,1,22.90,11.45,false,1,
8718951428522,false,"פלמוליב סבון רחצה לגבר 4ב1 750 מ""ל",ש.שסטוביץ בעמ,,,"י""ח",750,"ל מ""ל",false,1,19.90,2.65,true,1,
8718951433120,false,"קולגייט טוטל ג`וניור 7-12 50מ""ל",ש.שסטוביץ בעמ,,,"י""ח",75,"ל מ""ל",false,1,14.90,19.87,true,1,
8718951461444,false,"קולגייט טוטל הלבנה זוג כשל""פ",ש.שסטוביץ בעמ,,,"י""ח",100,"ל מ""ל",false,1,29.90,29.90,false,1,
8718951466371,false,"מרידול משחת שיניים 75מ""ל.",ש.שסטוביץ בעמ,,,"י""ח",75,"ל מ""ל",false,1,18.90,25.20,false,1,
8718951498754,false,מברשות שיניים קולגייט סופר פלקסי שישיי,ש.שסטוביץ בעמ,,,"י""ח",1,,false,1,15,15,false,1,
8718951509627,false,קולגייט אופטיק וייט לאוהבי קפה 75מייל.,ש.שסטוביץ בעמ,,,"י""ח",256,ל גרם,false,1,26.90,10.51,true,1,
8719200998001,false,בלבנד בלי מלח 200 גרם,דיפלומט מפיצים (1968) בעמ**,,,"י""ח",200,ל גרם,false,1,4.50,2.25,false,1,
8719200998018,false,מחמאה מרגרינה בטעם חמאה 200 גרם..,דיפלומט מפיצים (1968) בעמ**,,,"י""ח",200,ל גרם,false,1,4.60,2.30,false,1,
8719200998094,false,מזולה אפייה ללא מלח 200 גרם,דיפלומט מפיצים (1968) בעמ**,,,"י""ח",200,ל גרם,false,1,6.50,3.25,false,1,
8720181045912,false,"אקס בודי ספריי גוף אפריקה 150מ""ל.",יוניליוור ישראל שיווק בעמ,,,"י""ח",150,"ל מ""ל",false,1,11.90,7.93,true,1,
8720181046605,false,דאב דאו ספריי 90ג,יוניליוור ישראל שיווק בעמ,,,"י""ח",90,"ל מ""ל",false,1,14.90,16.56,true,1,
8720181046612,false,דאב דאו רול און.,יוניליוור ישראל שיווק בעמ,,,"י""ח",50,"ל מ""ל",false,1,19.90,39.80,true,1,
8720181090202,false,"דאב תחליב רחצה משי 750 מ""ל",יוניליוור ישראל שיווק בעמ,,,"י""ח",750,"ל מ""ל",false,1,16.70,2.23,true,1,
8720181114458,false,אקס דאו`ספריי לנשים 150 מ``ל.,בית הצעצוע בעמ,,,"י""ח",150,"ל מ""ל",false,1,11.90,7.93,true,1,
8723400756552,false,מנטוס מנטה 1\4,ליימן שליסל,,,"י""ח",1,,false,1,11.90,11.90,false,1,
8801055706440,false,טייסטר צ`ויס טו גו,קבוצת אוסם סחר-שות.מוגבלת,,,"י""ח",36,ל גרם,false,1,9.90,27.50,false,1,
8801055707966,false,~קפה נמס בריסטה טסטר צוייס 180 ג`,קבוצת אוסם סחר-שות.מוגבלת,,,"י""ח",180,ל גרם,false,1,32.40,18,false,1,
8801055709458,false,נס קפה קפוצ`ינו קרמל 17גר*10,קבוצת אוסם סחר-שות.מוגבלת,,,"י""ח",170,ל גרם,false,1,18.90,11.12,false,1,
8801055709465,false,נס קפה קפוצ`ינו וניל 18.5גר*10,קבוצת אוסם סחר-שות.מוגבלת,,,"י""ח",180,ל גרם,false,1,18.90,10.50,false,1,
8801055709526,false,נס קפה קפוצ`ינו אגוזים 18.5גר*10.,קבוצת אוסם סחר-שות.מוגבלת,,,"י""ח",180,ל גרם,false,1,18.90,10.50,false,1,
8809168840471,false,חטיף אצות מיובשות 9יח 4.5גרם.,מזרח ומערב יבוא ושיווק,,,"י""ח",9,"י""ח",false,1,24.90,2.77,false,1,
8850006932964,false,קולגייט מברשת שיניים טוויסטר חמישייה.,ש.שסטוביץ בעמ,,,"י""ח",1,,false,1,19.90,19.90,false,1,
8850180040028,false,טמפורה 500גר,מזרח ומערב יבוא ושיווק,,,"י""ח",500,"ל מ""ל",false,1,10.90,2.18,false,1,
8850206250592,false,רוטב צילי סיראצה 530ג,מזרח ומערב יבוא ושיווק,,,"י""ח",530,ל גרם,false,1,19.90,3.75,false,1,
8850367994021,false,רוטב צילי מתוק 280 מ``ל ללא סכר וגולטן,מזרח ומערב יבוא ושיווק,,,"י""ח",280,"ל מ""ל",false,1,10.90,3.89,false,1,
8850367994779,false,מחית קארי ירוקה 50ג,מזרח ומערב יבוא ושיווק,,,"י""ח",50,ל גרם,false,1,5.90,11.80,true,1,
8850367994786,false,מחית קארי אדומה 50ג,מזרח ומערב יבוא ושיווק,,,"י""ח",50,ל גרם,false,1,5.90,11.80,true,1,
8850389103111,false,משקה אלוורה ענבים 300,טמפו משקאות בעמ,,,"י""ח",300,"ל מ""ל",false,1,7.20,2.30,true,1,
8850389103128,false,משקה אלוורה תפוח 300,טמפו משקאות בעמ,,,"י""ח",300,"ל מ""ל",false,1,7.20,2.30,true,1,
8850389103159,false,משקה מוגו מוגו ליצ`י עם חתיכות ג`לי קו,טמפו משקאות בעמ,,,"י""ח",320,"ל מ""ל",false,1,6.90,2.06,true,1,
8850389104637,false,משקה אלוורה אפרסק 300,טמפו משקאות בעמ,,,"י""ח",300,"ל מ""ל",false,1,7.20,2.30,true,1,
8850389105825,false,סאפה ענבים 1 ליטר,טמפו משקאות בעמ,,,"י""ח",1,ליטר,false,1,13,13,false,1,
8850389105832,false,סאפה תפוחים 1 ליטר,טמפו משקאות בעמ,,,"י""ח",1,ליטר,false,1,13,13,false,1,
8850389105849,false,סאפה אפרסק 1 ליטר,טמפו משקאות בעמ,,,"י""ח",1,ליטר,false,1,13,13,false,1,
8850389111352,false,משקה מוגו מוגו מלון עם חתיכות ג`לי קו,טמפו משקאות בעמ,,,"י""ח",320,"ל מ""ל",false,1,6.90,2.06,true,1,
8850389115312,false,"סאפה מלון בקבוק 300מ""ל",טמפו משקאות בעמ,,,"י""ח",300,"ל מ""ל",false,1,7.20,2.30,true,1,
8850632604259,false,חיספוסים מקלות תות שדה,ליימן שליסל,,,"י""ח",50,ל גרם,false,1,3.50,7,true,1,
8850632604266,false,חיספוסים מקלות קולה,ליימן שליסל,,,"י""ח",50,ל גרם,false,1,3.50,7,true,1,
8850632604372,false,חיספוסים שטיח תות שדה,ליימן שליסל,,,"י""ח",50,ל גרם,false,1,3.50,7,true,1,
8850632604402,false,חיספוסים שטיח מעורב,ליימן שליסל,,,"י""ח",50,ל גרם,false,1,3.50,7,true,1,
8858271002870,false,"רוטב פאד תאי 250מ""ל",מזרח ומערב יבוא ושיווק,,,"י""ח",250,"ל מ""ל",false,1,10.90,4.36,true,1,
8858271002887,false,"רוטב טריאקי 250מ""ל",מזרח ומערב יבוא ושיווק,,,"י""ח",250,"ל מ""ל",false,1,10.90,4.36,true,1,
8858271003020,false,"רוטב סויה פורמולה 1 700מ""ל",מזרח ומערב יבוא ושיווק,,,"י""ח",700,"ל מ""ל",false,1,15.90,2.27,false,1,
8858271003068,false,"רוטב סויה מתוקה 250מ""ל",מזרח ומערב יבוא ושיווק,,,"י""ח",250,"ל מ""ל",false,1,10.90,4.36,true,1,
8858271003921,false,"רוטב קארי אדום 250מ""ל",מזרח ומערב יבוא ושיווק,,,"י""ח",250,"ל מ""ל",false,1,10.90,4.36,true,1,
8858271003938,false,"רוטב קארי ירוק 250מ""ל",מזרח ומערב יבוא ושיווק,,,"י""ח",250,"ל מ""ל",false,1,10.90,4.36,true,1,
8858271004034,false,"רוטב צ`ילי חריף 700מ""ל",מזרח ומערב יבוא ושיווק,,,"י""ח",700,"ל מ""ל",false,1,15.90,2.27,false,1,
8858271004126,false,"רוטב חמוץ מתוק 700מ""ל",מזרח ומערב יבוא ושיווק,,,"י""ח",700,"ל מ""ל",false,1,15.90,2.27,false,1,
8858271004799,false,"רוטב צ`ילי מתוק 700מ""ל ALL PURPSES",מזרח ומערב יבוא ושיווק,,,"י""ח",700,"ל מ""ל",false,1,12.90,1.84,false,1,
8858271005451,false,"רוטב סויה פורמולה 1 250מ""ל",מזרח ומערב יבוא ושיווק,,,"י""ח",250,"ל מ""ל",false,1,10.90,4.36,true,1,
8888021200720,false,סוללות אנרגייזר שמינייה AAA,דנשר (1963) בעמ,,,"י""ח",1,,false,1,19.90,19.90,false,1,
8888111030053,false,"מיץ אננס ללס 100% טבעי רביעייה4*240מ""ל",בני פאוזי שמשום (2009) בעמ,,,"י""ח",960,"ל מ""ל",false,1,16.90,1.64,true,1,
8901537024014,false,"אורז בסמטי 1ק""ג DAAWAT",ג.וילי פוד אינטרנשיונל בעמ,,,"י""ח",1,"ק""ג",false,1,10,10,true,1,
8906000596999,false,אורז בסגנון בסמטי מלא 1 ק``ג,בני ג ורג שוקחה (חיפה) בעמ,,,"י""ח",1,"ק""ג",false,1,9.90,9.90,false,1,
9000100590693,false,"סאיוס מוס מקס הולד 250מ""ל",הנקל סוד בעמ,,,"י""ח",250,"ל מ""ל",false,1,27.50,11,true,1,
9000101537550,false,פרסיל 52 קפסולות לכביסה פאוור קאפס,גורי שיווק בעמ,,,"י""ח",26,"י""ח",false,1,54.90,2.11,true,1,
9000101537581,false,פרסיל 52 קפסולות לכביסה פאוור קאפס קול,גורי שיווק בעמ,,,"י""ח",26,"י""ח",false,1,54.90,2.11,true,1,
9001395807015,false,בננית 300גר,יעד ממתקים בעמ,,,"י""ח",300,ל גרם,false,1,9.90,3.30,false,1,
9001616661099,false,"בקבוק 270מ""ל ללא חלקים מתפרקים",אלפא קוסמטיקה,,,"י""ח",260,"ל מ""ל",false,1,38.90,14.96,false,1,
9001616702730,false,זוג מוצצים בנות אולטי סיליקון אהבה 6+,אלפא קוסמטיקה,,,"י""ח",1,,false,1,34.90,34.90,false,1,
9001616702877,false,זוג מוצצים בנות מקסי אולטי 16+,אלפא קוסמטיקה,,,"י""ח",1,,false,1,34.90,34.90,false,1,
9001616813856,false,מוצצים MAM אריזת שלישייה 6+,אלפא קוסמטיקה,,,"י""ח",1,,false,1,34.90,34.90,false,1,
9002975393836,false,סוכריות הריבו האפי קולה 70ג,מ.סידס ובנו בעמ,,,"י""ח",70,ל גרם,false,1,6.90,9.86,true,1,
9002975393850,false,סוכריות הריבו וורמס 70ג,מ.סידס ובנו בעמ,,,"י""ח",70,ל גרם,false,1,6.90,9.86,true,1,
9044400851672,false,פז סוכריות טעמים שונים,ר.ב. מוצרי דגנים בעמ,,,"י""ח",25.50,ל גרם,false,1,11.90,46.67,false,1,
9044400885578,false,סוכריות פז מילוי 12 יח`,ר.ב. מוצרי דגנים בעמ,,,"י""ח",8,"י""ח",false,1,10.90,1.36,false,1,
9310072028743,false,טים טם אורגינל,מ.סידס ובנו בעמ,,,"י""ח",200,ל גרם,false,1,20.90,10.45,true,1,
9310072028750,false,טים טם דאבל 200ג,מ.סידס ובנו בעמ,,,"י""ח",200,ל גרם,false,1,20.90,10.45,true,1,
9310088007015,false,פיוז אולטימייט,קימברלי קלארק ישראל שיווק בעמ,,,"י""ח",1,,false,1,19.90,19.90,true,1,
9322969000022,false,פריכיות תירס 150גר`,דנשר (1963) בעמ,,,"י""ח",150,ל גרם,false,1,12.90,8.60,false,1,
9720188050109,false,ממרח גבינה טופוט,*החברה המרכזית להפצת משקאותבעמ,,,"י""ח",227,ל גרם,false,1,21.10,9.30,false,1,
9720188060108,false,שמנת טופו,*החברה המרכזית להפצת משקאותבעמ,,,"י""ח",340,ל גרם,false,1,21.10,6.21,false,1,
9770793963004,false,עיתון משפחה,תפוצה פתרונות שיווק בעמ,,,"י""ח",1,,false,1,25.90,25.90,true,1,
9771565025005,false,מעריב עיתון שישי.,ג רוזלם פוסט בעמ,,,"י""ח",1,,false,1,6,6,true,1,
9771565038340,false,ידיעות אחרונות יום ד,ידיעות אחרונות בעמ,,,"י""ח",1,,false,1,7,7,false,1,
9771565051066,false,ידיעות אחרונות שבת ו,ידיעות אחרונות בעמ,,,"י""ח",1,,false,1,20,20,true,1,
9843022871156,false,נרות הבדלה.,צבע ומכחול (2014) בעמ,,,"י""ח",1,"י""ח",false,1,19.90,19.90,false,1,
