code,internal_code,name,manufacturer_name,manufacture_country,manufacturer_item_description,unit_qty,quantity,unit_of_measure,weighted,qty_in_package,price,unit_of_measure_price,allow_discount,status,item_id
30079847,false,מייבלין - מסקרה קולוסאל 100% שחור,,IL,מסקרה ווליום,יחידה,1.00,יחידה,false,1,39.90,39.90,true,1,
30095465,false,אססי - לק גוון44,לוריאל,DE,לק גוון 44,יחידה,1.00,יחידה,false,1,41.90,41.90,true,1,
30095960,false,אססי - לק גוון94,לוריאל,DE,לק גוון 94,יחידה,1.00,יחידה,false,1,41.90,41.90,true,1,
30108387,false,מייבלין - מסקרה קולוסאל גו אקס שחור,מייבלין Maybelline,FR,מסקרה שחור,יחידה,1.00,יחידה,false,1,40.00,40.00,true,1,
30138247,false,אססי - ג'ל קוטור 30,לוריאל,IL,ג'ל קוטור 30,יחידה,1.00,יחידה,false,1,49.90,49.90,true,1,
30138353,false,אססי. ג'ל קוטור 140 יח',לוריאל איפור,DE,אססי. ג'ל קוטור,יחידה,1.00,יחידה,false,1,49.90,49.90,true,1,
30138582,false,אססי. ג'ל קוטור370 יח',לוריאל איפור,DE,אססי. ג'ל קוטור,יחידה,1.00,יחידה,false,1,49.90,49.90,true,1,
30139077,false,אססי - ג'ל קוטור TOP COAT,,FR,אססי ג'ל קוטור T,יחידה,1.00,יחידה,false,0,49.90,49.90,true,1,
30143449,false,אססי - ג'ל קוטור 468,לוריאל,IL,לק ג'ל קוטור 468,יחידה,1.00,יחידה,false,1,49.90,49.90,true,1,
30148109,false,מייבלין - שפתון ס.ס אינק וויניל 45,סופרוג'ם,FR,שפתון אינק וויני,יחידה,1.00,יחידה,false,1,45.00,45.00,true,1,
30152830,false,מייבלין - מסקרה סקיי היי שחור,סייפו,IT,סקיי היי מסקרה ק,יחידה,1.00,יחידה,false,1,45.00,45.00,true,1,
30164185,false,לוריאל - מסקרה במבי אוברסייז,,IT,מסקרה במבי אוברס,יחידה,1.00,יחידה,false,1,59.90,59.90,true,1,
30166967,false,מייבלין - מסקרה סקיי היי,סייפו,IT,מסקרה HIGH SKY,יחידה,1.00,יחידה,false,1,45.00,45.00,true,1,
30172937,false,לק ג'ל קוטור יח' 509,לוריאל,ES,לק ג'ל קוטור 509,יחידה,1.00,יחידה,false,1,49.90,49.90,true,1,
30173170,false,קולור קווין 19 יח',,IT,קולור קווין 19,יחידה,1.00,יחידה,false,1,35.00,35.00,true,1,
30173408,false,לק ג'ל קוטור יח' 514,לוריאל,ES,לק ג'ל קוטור514,יחידה,1.00,יחידה,false,1,49.90,49.90,true,1,
30173422,false,לוריאל - קונסילר אינפליבל 332,לוריאל,IL,קונסילר אינפליבל,יחידה,1.00,יחידה,false,1,67.90,67.90,true,1,
30173484,false,לוריאל - קונסילר אינפליבל 338,לוריאל,FR,קונסילר אינפליבל,יחידה,1.00,יחידה,false,1,67.90,67.90,true,1,
30173583,false,לוריאל - קונסילר אינפליבל 323,,IL,קונסילר אינפלבל,יחידה,1.00,יחידה,false,1,67.90,67.90,true,1,
30173606,false,לוריאל - קונסילר אינפליבל 325,לוריאל,FR,קונסילר אינפליבל,יחידה,1.00,יחידה,false,1,67.90,67.90,true,1,
30173613,false,לוריאל - קונסילר אינפליבל 326,לוריאל,FR,קונסילר אינפליבל,יחידה,1.00,יחידה,false,1,67.90,67.90,true,1,
30173651,false,לוריאל - קונסילר אינפליבל 330,לוריאל,FR,קונסילר אינפליבל,יחידה,1.00,יחידה,false,1,67.90,67.90,true,1,
30179493,false,מסקרה שחורה Air Volume Mega,לוריאל פריז L'OREAL PARIS,IT,מסקרה מגה ווליום,יחידה,1.00,יחידה,false,1,50.00,50.00,true,1,
40111216,false,באונטי חטיף קוקוס ושוקולד 57ג',"נארז ע""י : א.ג. גילר",NL,חטיף באונטי,גרמים,57.00,100 גרם,false,0,3.90,6.84,true,1,
50398904,false,"קרם חמצן6% בקבוק 60 מ""ל",גדעון קוסמטיקס,IL,קרם חמצן 6%,מיליליטרים,60.00,"100 מ""ל",false,0,4.90,8.17,true,1,
50398911,false,"קרם חמצן 9% אינדולה 60 מ""ל",שוורצקופ,IL,קרם חמצן 9%,מיליליטרים,60.00,"100 מ""ל",false,0,4.90,8.17,true,1,
59016441,false,"רקסונה - דאודורנט רול און לאישה פרוט ספין 50 מ""ל","יוניליוור אנגליה, דרך קו",GB,דאו.רקסונה,מיליליטרים,50.00,"100 מ""ל",false,1,17.90,35.80,true,1,
59082637,false,"רקסונה - דאודורנט רולאון לגבר אקסטרא קול 50 מ""ל",יוניליוור פיליפינים,GB,רקסונה רול און,מיליליטרים,50.00,"100 מ""ל",false,1,17.90,35.80,true,1,
80177173,false,ממרח שוקולד נוטלה 350 גרם,פררו - אלבה,IT,ממרח נוטלה,גרמים,350.00,100 גרם,false,0,15.90,4.54,true,1,
80310167,false,קינדר שוקולד מקסי 126 גר,קינדר,DE,קינדר מקסי,גרמים,126.00,100 גרם,false,0,10.90,8.65,true,1,
80773443,false,מנטוס בקבוק מעוגל - מסטיק ללא סוכר בטעם מנטה 60 גרם,"פרפטי ואן מלה ג'\ידה,סאן",TR,מסטיק מנטוס,גרמים,60.00,100 גרם,false,1,9.90,16.50,true,1,
80776307,false,מסטיק מנטוס ביג בבקבוק מעוגל טעם פירות מנטה 90 ג',פרפטי ואן מלה הולנד,TR,מסטיק מנטוס,גרמים,90.00,100 גרם,false,1,19.90,22.11,true,1,
80831402,false,סוכריות מנטוס מנטה עדינה 30 יח' ללא סוכר CLEAN BREATH,פרפטי ואן מלה,NL,סוכריות מנטה,גרמים,21.00,100 גרם,false,1,6.90,32.86,true,1,
80843184,false,מנטוס מסטיק פיור פרש בטעם ענבים 60גר,פרפטי ואן מלה הולנד,TR,מסטיק מנטוס,גרמים,60.00,100 גרם,false,1,9.90,16.50,true,1,
80854753,false,סוכריות מנטוס מנטה 30 יח' ללא סוכר CLEAN BREATH,פרפטי ואן מלה,NL,סוכריות מנטוס,גרמים,21.00,100 גרם,false,1,6.90,32.86,true,1,
80864295,false,סוכריות פיור וויט טעם מנטה עדינה 60 ג' מנטוס,"פרפטי ואן מלה ג'ידה,סאן",TR,מנטוס פיור וויט,גרמים,60.00,100 גרם,false,1,10.90,18.17,true,1,
80874652,false,קינדר קארדס 120 גרם - בודד,פררו,IT,קינדר קארדס,גרמים,26.00,100 גרם,false,1,4.30,16.54,true,1,
80926481,false,מסטיק מנטוס פיור פרש בבקבוק בינוני בטעם אבטיח 90ג',"פרפטי ואן מלה ג'ידה,סאן",TR,מסטיק מנטוס,גרמים,90.00,100 גרם,false,1,19.90,22.11,true,1,
80945468,false,סוכריות פיור וויט טעם מנטה מתוקה 60 ג' מנטוס,"פרפטי ואן מלה ג'ידה,סאן",TR,מנטוס פיור וויט,גרמים,60.00,100 גרם,false,1,10.90,18.17,true,1,
80974215,false,מסטיק מנטוס פיור פרש בבקבוק ביג בטעם תות 90ג',"פרפטי ואן מלה ג'ידה,סאן",TR,מסטיק מנטוס,גרמים,90.00,100 גרם,false,1,19.90,22.11,true,1,
80986348,false,סוכריות פיור וויט טעם מנטה 60 ג' מנטוס,"פרפטי ואן מלה ג'ידה,סאן",TR,מנטוס פיור וויט,גרמים,60.00,100 גרם,false,1,10.90,18.17,true,1,
87108019,false,סוכריות מנטוס מנטה37.5גר,פרפטי ואן מלה,NL,סוכריות מנטוס,גרמים,37.00,100 גרם,false,1,3.90,10.54,true,1,
87108538,false,סוכריות בטעם תות מנטוס 37.5 גרם,הדקלאים אגודת שיתופי,NL,מנטוס תות,גרמים,37.00,100 גרם,false,0,3.90,10.54,true,1,
87108712,false,סוכריות בטעם פירות מנטוס 4*37.5 גרם,פרפטי ואן מלה ברדה,NL,מנטוס פירות 4,גרמים,150.00,100 גרם,false,0,11.90,7.93,true,1,
87311396,false,מנטוס ריינבאוו סוכריות לעיסה בטעמי פירות,פרפטי ואן מלה ברדה,NL,מנטוס ריינבאו,גרמים,37.00,100 גרם,false,0,3.90,10.54,true,1,
96137130,true,דאב רולאון ניחוח אגס50מל,"יוניליוור אנגליה, דרך קו",GB,דאב רולאון,מיליליטרים,50.00,"100 מ""ל",false,1,12.90,25.80,true,1,
9531112657,false,"סופר טיפול לחות 500 מ""ל",,US,סופר טיפול לחות,מיליליטרים,500.00,"100 מ""ל",false,1,119.00,23.80,true,1,
16000423534,false,חטיפי גרנולה קראנצ'י עם שיבולת שועל ושוקולד מריר נייצ'ר ואלי 5*42 גרם,ג'נרל מילס סאן אדריאן,ES,חטיף נייצ'ר ואלי,גרמים,210.00,100 גרם,false,0,15.90,7.57,true,1,
16000548404,false,חטיפי גרנולה קראנצ'י עם שיבולת שועל ודבש נייצ'ר ואלי 5*42 גרם,ג'נרל מילס סאן אדריאן,ES,חטיף נייטשר ואלי,גרמים,210.00,100 גרם,false,0,15.90,7.57,true,1,
16000548503,false,חטיפי גרנולה קראנצ'י עם מייפל וסוכר חום נייצ'ר ואלי 5*42 גרם,ג'נרל מילס סאן אדריאן,ES,חטיף נייטשר ואלי,גרמים,210.00,100 גרם,false,0,15.90,7.57,true,1,
20714004507,false,שפתון מראה טבעי שחור דבש,אסתי לאודר,BE,שפתון מראה טבעי,יחידה,1.00,יחידה,false,1,109.00,109.00,true,1,
20714007058,false,דאודורנט רול און,קליניק,GB,דאודורנט רול און,מיליליטרים,75.00,"100 מ""ל",false,0,79.00,105.33,true,1,
20714045159,false,קליניק סבן דייס סקראב,קליניק,BE,7 דיי רינס אוף פ,מיליליטרים,100.00,"100 מ""ל",false,0,165.00,165.00,true,1,
20714146559,false,מסיר איפור עיניים שפתיים,קליניק,GB,טייק אוף דה דיי,מיליליטרים,125.00,"100 מ""ל",false,0,119.00,95.20,true,1,
20714157760,false,קליניק אול אבאוט אייס 15 מל,קליניק,GB,EYES ABOUT ALL,מיליליטרים,15.00,"100 מ""ל",false,0,209.00,1393.33,true,1,
20714227661,false,קליניק סבון נוזלי לפנים לעור מעורב,קליניק,BE,סבון פנים לעור,מיליליטרים,200.00,"100 מ""ל",false,0,115.00,57.50,true,1,
20714287047,false,קליניק אול אבאוט אייז ריץ 15 מל,קליניק,GB,קרם עיניים עשיר,מיליליטרים,15.00,"100 מ""ל",false,0,209.00,1393.33,true,1,
20714324674,false,מייק אפ אבן בתר08,קליניק,BE,מייק אפ אבן בתר,מיליליטרים,30.00,"100 מ""ל",false,0,180.00,600.00,true,1,
20714462765,false,קליניק קליריפיינג לושן 02 200 מל,קליניק,GB,מי הסרה שלב 2,מיליליטרים,200.00,"100 מ""ל",false,0,115.00,57.50,true,1,
20714462772,false,קליניק קליריפיינג לושן 03 200 מל,קליניק,GB,מי הסרה-עור מעור,מיליליטרים,200.00,"100 מ""ל",false,0,115.00,57.50,true,1,
20714602093,false,שפתון צ'אבי אינסטנס 07,קליניק,CA,שפתון צ'אבי אינס,יחידה,1.00,יחידה,false,0,109.00,109.00,true,1,
20714776114,false,קלינק תכשיר הגנה לפנים SPF50,קליניק,BE,קרם הגנה מינרלי,מיליליטרים,30.00,"100 מ""ל",false,0,125.00,416.67,true,1,
20714777647,false,קליניק קרם עיניים לתיקון קמטים,קליניק,GB,ריפרוור רינקל,מיליליטרים,15.00,"100 מ""ל",false,0,258.00,1720.00,true,1,
20714904166,false,קליניק סופר דיפנס קרם לעור מעורב עד שמן,אלקליל,US,קרם לחות מסדרת S,מיליליטרים,50.00,"100 מ""ל",false,1,285.00,570.00,true,1,
20714922689,false,שפתון די די ליפ 44יח',קליניק,CA,שפתון די די ליפ,יחידה,1.00,יחידה,false,1,119.00,119.00,true,1,
20714968908,false,קונסילר טיפולי Ch Cream,,CA,קונסילר טיפולי,יחידה,1.00,יחידה,false,1,145.00,145.00,true,1,
20714984236,false,קליניק מויסטר סרג קרם עיניים 15 מל,קליניק,US,מויסטר סרג' עיני,מיליליטרים,15.00,"100 מ""ל",false,1,159.00,1060.00,true,1,
20714993085,false,קליניק קרם לחות לגבר במרקם גל המעניק לחו,אלקליל,US,קרם לחות לגבר במ,מיליליטרים,50.00,"100 מ""ל",false,1,149.00,298.00,true,1,
22200956949,false,דאודורנט ג'ל כתום לגבר ספיד סטיק 85 גרם,קולגייט-פלמוליב,US,דאודורנט,גרמים,85.00,100 גרם,false,0,17.90,21.06,true,1,
22548427422,false,סט חגיגי וונדרלס,,,סט חגיגי וונדרלס,יחידה,1.00,יחידה,false,0,399.00,399.00,true,1,
25700005698,false,זיפלוק שקיות אחסון בינוניות 24 יחידות,אס.סי.גונסון ובניו,US,שקיות אחסון,יחידה,1.00,יחידה,false,1,13.90,13.90,true,1,
27131006534,false,Knowing א.ד.פ לאשה,אסתי לאודר בישו,CN,Knowing לאשה,מיליליטרים,75.00,"100 מ""ל",false,0,299.00,398.67,true,1,
27131228387,false,WEAR DOUBLE מייק אפ 3N1,אסתי לאודר,BE,מייק אפ 3N1,מיליליטרים,30.00,"100 מ""ל",false,0,235.00,783.33,true,1,
27131228400,false,מייקאפ אסתי לאודר-DOUBLE WEAR DESERT BEIGE,אסתי לאודר,BE,מייק אפ 2N1,מיליליטרים,30.00,"100 מ""ל",false,0,235.00,783.33,true,1,
27131392330,false,WEAR DOUBLE מייק אפ 1N2,אסתי לאודר,BE,מייק אפ 1N2,מיליליטרים,30.00,"100 מ""ל",false,0,235.00,783.33,true,1,
27131392385,false,WEAR DOUBLE מייק אפ 3W1,אסתי לאודר,BE,מייק אפ 3W1,מיליליטרים,30.00,"100 מ""ל",false,0,235.00,783.33,true,1,
27131763529,false,אסתי לאודר דיי וור קרם SPF15 יבש,אסתי לאודר,IL,WEAR DAY קרם,מיליליטרים,50.00,"100 מ""ל",false,0,265.00,530.00,true,1,
27131833055,false,קרם דיי וור לעור רגיל או מעורב 30 מל,אסתי לאודר,GB,WEAR DAY קרם,מיליליטרים,30.00,"100 מ""ל",false,0,185.00,616.67,true,1,
27131988083,false,אסתי קרם ניקוי מקציף משי 150 מל-גל קלינס,אסתי לאודר,BE,PERFECTLY קרם ני,מיליליטרים,150.00,"100 מ""ל",false,0,140.00,93.33,true,1,
35000689535,false,קולגייט מברשת שיניים מקס וייט סופט זוג,קולגייט-פלמוליב,CN,מברשות שיניים2X,יחידה,1.00,יחידה,false,0,23.90,23.90,true,1,
36000516876,false,ממחטות נייר קלינקס לושן 3 שכבות 75 דף,חוגלה קימברלי,US,קלינקס לושן,יחידה,1.00,יחידה,false,1,12.90,12.90,true,1,
37977005455,false,מאמ מחזיק מוצץ כחול,General,HU,מאמ מחזיק למוצץ,יחידה,1.00,יחידה,false,0,29.90,29.90,true,1,
40000513568,false,סוכריות אם אנד אמס M&M שוקולד חלב,M&M אם אנד אם,US,עדשים מ&מ'ס,גרמים,156.00,100 גרם,false,1,12.50,8.01,true,1,
40000514510,false,M&M אריזה קטנה's בוטנים אריזה קטנה 49 גרם,M&M אם אנד אם,US,עדשי מ&מ'ס,גרמים,49.00,100 גרם,false,1,5.00,10.20,true,1,
44600300580,false,כלורוקס קלין אפ פרש נוזל לניקוי רב תכלית,כלורוקס אוקלנד,US,כלורוקס קלין אפ,מיליליטרים,946.00,"100 מ""ל",false,1,20.90,2.21,true,1,
46214731552,false,עוגיות שוקולד צ'יפס 37% גודיס 225 גרם,קריניציה ויטמינה אס,NL,עוגיות ש.צ'יפס,גרמים,225.00,100 גרם,false,0,13.90,6.18,true,1,
46688100250,false,ז`ולן קרם מבהיר רגיל 28 גרם,General,US,קרם מבהיר שיער,גרמים,28.00,100 גרם,false,0,76.90,274.64,true,1,
46688100502,false,ז`ולן קרם מבהיר אלוורה 28 גרם,General,US,קרם מבהיר שיער,גרמים,28.00,100 גרם,false,0,76.90,274.64,true,1,
55500012046,false,כלורוקס קלין אפ מרסס נוזל לניקוי רב תכלי,כלורוקס אוקלנד,US,כלורקס מרסס,מיליליטרים,946.00,"100 מ""ל",false,0,20.90,2.21,true,1,
56594009998,false,ניוואה סבון מוצק מטפח קרם קר רביעייה,ביירסדורף,DE,ניוואה סבון מוצק,גרמים,360.00,100 גרם,false,1,19.00,5.28,true,1,
74764305503,false,ערכת סטארט ריסים בודדים,מג'יק,US,ערכת סטארט ריסים,יחידה,1.00,יחידה,false,0,75.00,75.00,true,1,
77245110610,false,סוכריות מאסט ללא סוכר בטעם מנטה 80 ג'עלית,MIESZKO S.A - MS. JO,PL,סוכריות מאסט,גרמים,80.00,100 גרם,false,0,8.90,11.13,true,1,
77975094761,false,סניידרס חטיפים על בסיס קמח חיטה בטעם גבינת צ'דר,סניידרס אוף האנובר,US,חטיף סניידרס,גרמים,340.00,100 גרם,false,1,16.90,4.97,true,1,
78300081357,false,פלייטקס ספורט עם מוליך סופר פלוס 18 יח,פלייטקס,US,טמפוני פלייטקס,יחידה,1.00,יחידה,false,1,22.90,22.90,true,1,
79625017861,false,מארז סט מברשות,,IL,מארז סט מברשות,יחידה,1.00,יחידה,false,1,99.00,99.00,true,1,
85715163158,false,"אברקומבי פירסט אינסטינקט א.ד.פ 100 מ""ל",רבלון בישום,US,Abercrombie,מיליליטרים,100.00,"100 מ""ל",false,1,249.00,249.00,true,1,
85715169709,false,בושם אברקומבי אווי א.ד.ט 100 מ''ל,אינטר פרמיום,US,אברקרומבי AWAY ג,מיליליטרים,100.00,"100 מ""ל",false,1,319.00,319.00,true,1,
85715326607,false,גאס אומו אדט לגבר 100 מ''ל,,US,גאס אומו אדט לגב,מיליליטרים,100.00,"100 מ""ל",false,1,199.00,199.00,true,1,
88300104437,false,"be ck אדט לגבר 200 מ""ל",,US,be ck אדט,מיליליטרים,200.00,"100 מ""ל",false,1,179.00,89.50,true,1,
88300107438,false,"קלווין קליין וואן א.ד.ט 200 מ""ל",קלווין קליין,US,סי קיי אוון אדט,מיליליטרים,200.00,"100 מ""ל",false,1,179.00,89.50,true,1,
88300162505,false,"אופוריה Euphoria א.ד.פ לאישה 100 מ""ל",קלווין קליין Calvin Klein,IL,אופוריה א.ד.פ,מיליליטרים,100.00,"100 מ""ל",false,1,279.00,279.00,true,1,
88300605514,false,ק.ק איטרנטי א.ד.ט 100מל,קלווין קליין,FR,איטרנטי אדט לגבר,מיליליטרים,100.00,"100 מ""ל",false,0,169.00,169.00,true,1,
192333011980,false,קליניק ID ג'ל לחות בעל גוון עדין 50 מל,אלקליל,US,ג'ל לחות בעל גוו,מיליליטרים,50.00,"100 מ""ל",false,1,139.00,278.00,true,1,
192333016374,false,שפתון 3 ב BERRY GOJI 1 י,,CA,שפתון 3 ב GOJI 1,יחידה,1.00,יחידה,false,1,119.00,119.00,true,1,
192333027226,false,קליניק איבן בטר סרום עוצמתי 50 מל,אלקליל,US,סרום עוצמתי להבה,מיליליטרים,50.00,"100 מ""ל",false,1,455.00,910.00,true,1,
192333042786,false,קליניק מויסטר סרג קרם לחות 15 מל,קליניק,US,מויסטר סרג אינטנ,מיליליטרים,15.00,"100 מ""ל",false,1,49.00,326.67,true,1,
192333042809,false,קליניק ג'ל לחות עשיר לעור יבש מאוד 50 מל,אלקליל,GB,מויסטר סרג אינטנ,מיליליטרים,50.00,"100 מ""ל",false,1,155.00,310.00,true,1,
192333066928,false,קליניק מויסטר סרג קרם לחות 100 שעות 30 מ,General,GB,מויסטר סרג' 100,מיליליטרים,30.00,"100 מ""ל",false,1,95.00,316.67,true,1,
192333066935,false,קליניק מויסטר סרג קרם לחות 100 שעות 50 מ,General,GB,מויסטר סרג' 100,מיליליטרים,50.00,"100 מ""ל",false,1,155.00,310.00,true,1,
192333067840,false,תיק עם 3 מוצרים מתנה יח',,GB,תיק עם 3 מוצרים,יחידה,1.00,יחידה,false,1,39.90,39.90,true,1,
192333097823,false,תיק 4 פריטים במתנה יח',,PL,תיק 4 פריטים במת,יחידה,1.00,יחידה,false,1,49.90,49.90,true,1,
192333103555,false,סט לעור קורן וזוהר יח',,US,סט לעור קורן וזו,יחידה,1.00,יחידה,false,1,155.00,155.00,true,1,
192333111024,false,סט למראה עיניים עוצמתי י,,PL,סט למראה עיניים,יחידה,1.00,יחידה,false,1,115.00,115.00,true,1,
192333111543,false,DEFENSE DAILY סט יח',,PL,DEFENSE DAILY סט,יחידה,1.00,יחידה,false,1,285.00,285.00,true,1,
192333119921,false,מתנת תיק עם 4 פר,,,מתנת תיק עם 4 פר,יחידה,1.00,יחידה,false,0,49.00,49.00,true,1,
192333119952,false,תיק מתנות 4 פריטים,קליניק,GB,תיק מתנות,יחידה,1.00,יחידה,false,1,49.00,49.00,true,1,
192333119990,false,קיט פברואר 22 יח',,FR,קיט פברואר 22,יחידה,1.00,יחידה,false,1,49.90,49.90,true,1,
192333127872,false,קליניק מויסטר סרג סט לטיפוח והענקת לחות,אסתי לאודר,US,סט לטיפוח והלחות,יחידה,1.00,יחידה,false,1,155.00,155.00,true,1,
192333138403,false,מייק אפ איבן בטר נטורל,אסתי לאודר,BE,מייק אפ איבן בטר,מיליליטרים,10.00,"100 מ""ל",false,1,14.90,149.00,true,1,
192333138854,false,מייק אפ איבן בטר,,,מייק אפ איבן בטר,יחידה,1.00,יחידה,false,0,14.90,14.90,true,1,
305210043596,false,"וזלין - תחליב לחות עם תמצית לוונדר 600 מ""ל","יוניליוור, ג'פרסון סיטי,",US,וזלין תחליב לחות,מיליליטרים,600.00,"100 מ""ל",false,1,25.90,4.32,true,1,
305210317079,false,וזלין מיני לשפתיים חמאת קקאו 9 גר,"יוניליוור ג'ונסבורו,",US,וזלין לשפתיים,יחידה,1.00,יחידה,false,1,14.90,14.90,true,1,
305210416383,false,"ואזלין קרם גוף לגבר נספג במהירות 600 מ""ל","יוניליוור, ג'פרסון סיטי,",US,קרם גוף וזלין,מיליליטרים,600.00,"100 מ""ל",false,1,25.90,4.32,true,1,
305210464728,false,וזלין מיני לשפתיים בטעם קרם ברולה,"יונילוור ארה""ב - HPC",US,וזלין לשפתיים קר,יחידה,1.00,יחידה,false,1,14.90,14.90,true,1,
309970064495,false,שמן שפתיים קיס גלואו 9 י,,FR,שמן שפתיים קיס ג,יחידה,1.00,יחידה,false,1,58.00,58.00,true,1,
309970078836,false,סומק 33 וורי ברי יח',,US,סומק 33 וורי ברי,יחידה,1.00,יחידה,false,1,69.90,69.90,true,1,
309970117108,false,שפתון קולורסטיי אינק 9,,US,שפתון קולורסטיי,יחידה,1.00,יחידה,false,1,69.90,69.90,true,1,
309974172134,false,עיפרון שפתיים ק.סטיי665,רבלון,US,עיפרון שפתיים ק.,יחידה,1.00,יחידה,false,0,41.90,41.90,true,1,
309975415070,false,COLORSTAY מייק אפ משאבה,רבלון,US,מייק אפ 250,מיליליטרים,30.00,"100 מ""ל",false,0,104.90,349.67,true,1,
309975822144,false,עיפרון שפתיים ק.סטיי660,רבלון,US,עיפרון שפתיים ק.,יחידה,1.00,יחידה,false,0,41.90,41.90,true,1,
309976047058,false,קולורסטיי פודרה דחוסה850,רבלון,US,פודרה דחוסה,יחידה,1.00,יחידה,false,0,106.90,106.90,true,1,
309978392804,false,שפתון אולטימייט סוויד 80,רבלון,US,שפתון אולטימייט,יחידה,1.00,יחידה,false,0,74.90,74.90,true,1,
309979380282,false,שפתון ק.סטיי אוברטיים280,רבלון,US,שפתון ק.סטיי אוב,יחידה,1.00,יחידה,false,0,72.90,72.90,true,1,
309979632329,false,שפתון סופר לסטרוס 463יח,רבלון,US,שפתון סופר לסטרו,יחידה,1.00,יחידה,false,1,51.90,51.90,true,1,
608940540060,false,פנסי לאב אדפ אשה100מל,,US,פנסי לאב אדפ,מיליליטרים,100.00,"100 מ""ל",false,0,129.00,129.00,true,1,
651080161510,false,פלקרס פולסר לשיניים צפופות-מנטה 35 יחידו,מיוצר עי קונדיטוריית,CN,קיסם עם חוט,יחידה,1.00,יחידה,false,1,13.50,13.50,true,1,
651080647519,false,קיסמים עם חוט דנטלי פלאקרס מנטה 35 יחידות,"פלקרס רנור ארה""ב",US,קיסם עם חוט,יחידה,1.00,יחידה,false,1,13.50,13.50,true,1,
667549011562,false,"מיי גוף ספריי ראש ויקטוריה סיקרט - 250 מ""ל",ויקטוריה סיקרט,IL,ראש פרגרנס,מיליליטרים,250.00,"100 מ""ל",false,1,59.00,23.60,true,1,
693102530447,false,פאלטת איפור מקצועית Glow,,IL,פאלטת איפור מקצו,יחידה,1.00,יחידה,false,1,280.00,280.00,true,1,
693102800113,false,Palette Soul פלטה יח',,IL,Palette Soul פלט,יחידה,1.00,יחידה,false,1,280.00,280.00,true,1,
697045161539,false,"קרם יום לפנים 50 מ""ל",,IL,קרם יום לפנים,מיליליטרים,50.00,"100 מ""ל",false,1,59.00,118.00,true,1,
697045161560,false,"קרם עיניים 15 מ""ל",,IL,קרם עיניים,מיליליטרים,15.00,"100 מ""ל",false,1,59.00,393.33,true,1,
697045161614,false,"קרם לחות לפנים 50 מ""ל",,IL,קרם לחות לפנים,מיליליטרים,50.00,"100 מ""ל",false,1,59.00,118.00,true,1,
697045161645,false,"תחליב גוף 200 מ""ל",,IL,תחליב גוף,מיליליטרים,200.00,"100 מ""ל",false,1,39.00,19.50,true,1,
697045161652,false,"קרם לילה 50 מ""ל",,IL,קרם לילה,מיליליטרים,50.00,"100 מ""ל",false,1,59.00,118.00,true,1,
719346065405,false,"פנטזי אדפ לאישה 100 מ""ל - בריטני ספירס",בריטני ספירס BRITNEY SPEARS,US,fantasy א.ד.פ,מיליליטרים,100.00,"100 מ""ל",false,0,99.00,99.00,true,1,
719346565868,false,פנטזי אינטנס אדפ 100 מל,,FR,פנטזי אינטנס אד,מיליליטרים,100.00,"100 מ""ל",false,1,179.00,179.00,true,1,
719565389207,false,נסיכות י12 לקים,,CN,סט 12 לקים,יחידה,1.00,יחידה,false,0,63.90,63.90,true,1,
719565405907,false,פרוזן מארז 12 לקים,,CN,פרוזן 12 לקים,יחידה,1.00,יחידה,false,0,63.90,63.90,true,1,
737052351100,false,"בוטלד אדט לגבר 100 מ""ל - הוגו בוס",קוטי HFC,GR,בוס בוטלד,מיליליטרים,100.00,"100 מ""ל",false,0,229.00,229.00,true,1,
788434108379,false,חטיף חלבון וואן קרם עוגיות 60 גרם,בלמונט קונפקשנס,US,חטיף וואן קרם עו,גרמים,60.00,100 גרם,false,0,18.90,31.50,true,1,
810905034273,false,סט דוגמיות Volume - 3D &,,IL,סט דוגמיות 3D -,יחידה,1.00,יחידה,false,1,5.00,5.00,true,1,
810905034662,false,"קרם תלתלים 400 מ""ל",,IL,קרם תלתלים,מיליליטרים,400.00,"100 מ""ל",false,1,89.00,22.25,true,1,
812256021674,false,"אריאנה גרנדה ARI(א) בודי ספריי 236מ""ל",,US,ארי בודי מיסט לא,מיליליטרים,236.00,"100 מ""ל",false,1,49.90,21.14,true,1,
812256022381,false,"אריאנה גרנדה SWEET LIKE CANDY(א) בודי ספריי 236מ""ל",,US,סוויט לייק קנדי,מיליליטרים,236.00,"100 מ""ל",false,1,49.90,21.14,true,1,
812256022480,false,אריאנה גראנדה מונליט100מ,,IL,אריאנה גראנדה מו,מיליליטרים,100.00,"100 מ""ל",false,1,209.00,209.00,true,1,
815151024849,false,"סרום מגן חום 100 מ""ל",,IL,סרום מגן חום,מיליליטרים,100.00,"100 מ""ל",false,1,179.00,179.00,true,1,
815151025778,false,"מוס נפח 251 מ""ל",,IL,מוס נפח,מיליליטרים,251.00,"100 מ""ל",false,1,109.00,43.43,true,1,
815151027000,false,מחליק אינפרא רד יח',,IL,מחליק אינפרא רד,יחידה,1.00,יחידה,false,1,649.00,649.00,true,1,
815151028106,false,סט דוגמיות color-l VAULT,,IL,סט דוגמיות VAULT,יחידה,1.00,יחידה,false,1,5.00,5.00,true,1,
840117803558,false,"מסיכה דוגמית 15 מ""ל",,IL,מסיכה דוגמית,מיליליטרים,15.00,"100 מ""ל",false,1,5.00,33.33,true,1,
840117804609,false,"פריימר הקוסם 118 מ""ל",,,פריימר הקוסם,מיליליטרים,118.00,"100 מ""ל",false,1,129.00,109.32,true,1,
840117806788,false,"סרום לעיבוי השיער 120מ""ל",CANADA SCR,CA,סרום לעיבוי השיע,מיליליטרים,120.00,"100 מ""ל",false,1,129.00,107.50,true,1,
840117807945,false,קונפידנט רוז גולד AM מחל,,IL,קונפידנט רוז גול,יחידה,1.00,יחידה,false,1,649.00,649.00,true,1,
887167461031,false,קונסילר Radiant בגוון 3C,קליניק,IT,קונסילר Radiant,מיליליטרים,10.00,"100 מ""ל",false,1,140.00,1400.00,true,1,
887167461093,false,קונסילר Radiant בגוון 3W,קליניק,IT,קונסילר Radiant,מיליליטרים,10.00,"100 מ""ל",false,1,140.00,1400.00,true,1,
887167485495,false,אסתי אדוונס נייט ריפר סרום מתקדם 20 מל,אלקליל,US,סרום תיקון מתקדם,מיליליטרים,20.00,"100 מ""ל",false,1,240.00,1200.00,true,1,
887167489738,false,קרם לחות ברייט מוקטן 5 מ,אסתי לאודר,CA,קרם לחות ברייט,מיליליטרים,5.00,"100 מ""ל",false,1,14.90,298.00,true,1,
887167539532,false,אסתי לאודר סופרים+ קרם לחות לפנים 50 מל,אסתי לאודר,GB,קרם לחות לפנים,מיליליטרים,50.00,"100 מ""ל",false,1,520.00,1040.00,true,1,
887167539556,false,אסתי לאודר סופרים+ קרם לחות אנטי אייגינג,אסתי לאודר,GB,קרם אנטיאייגינג,מיליליטרים,75.00,"100 מ""ל",false,1,640.00,853.33,true,1,
887167617513,false,תיק מתנה 4 פריטים .,אסתי לאודר,CN,תיק מתנה 4 פריטי,יחידה,1.00,יחידה,false,1,49.00,49.00,true,1,
888066000079,false,"בלאק אורכיד אדפ יוניסקס 100 מ""ל - טום פורד",טום פורד,CH,טום פורד לאשה,מיליליטרים,100.00,"100 מ""ל",false,1,575.00,575.00,true,1,
888066002523,false,"וויט פצ'ולי אדפ לאישה 100 מ""ל - טום פורד",,US,WHITE FORD TOM,מיליליטרים,100.00,"100 מ""ל",false,1,685.00,685.00,true,1,
888066112727,false,בלאק אורכיד פרפיום100מל,,IL,בלאק אורכיד פרפ,מיליליטרים,100.00,"100 מ""ל",false,1,725.00,725.00,true,1,
888849000005,false,חטיף חלבון בטעם עוגיות עם קרם,סיטי תוספי מזון,US,קווסט חטיף חלבון,גרמים,60.00,100 גרם,false,1,19.90,33.17,true,1,
888849000234,false,חטיף חלבון בטעם שוקולד כפול,סיטי תוספי מזון,US,קווסט חטיף חלבון,גרמים,60.00,100 גרם,false,1,19.90,33.17,true,1,
888849000418,false,חטיף חלבון בטעם שוקולד בראוני,סיטי תוספי מזון,IL,קווסט חטיף חלבון,גרמים,60.00,100 גרם,false,1,19.90,33.17,true,1,
888849001224,false,קווסט חטיף חלבון סמורס,סיטי תוספי מזון,IL,קווסט חטיף חלבון,גרמים,60.00,100 גרם,false,1,19.90,33.17,true,1,
889809008086,false,גלאם גלואו קרם עיניים 15 מל,גלאם גלואו,US,קרם עיניים להבהר,מיליליטרים,15.00,"100 מ""ל",false,1,169.00,1126.67,true,1,
889809009045,false,גלאם גלואו מסכת בוץ לטיפול אנטי אייגינג,גלאם גלואו,US,מסיכת בוץ אנטי א,גרמים,15.00,100 גרם,false,1,85.00,566.67,true,1,
3014260100698,false,אורל בי מברשת שיניים ילדים 6-12 שנים,פרוקטר אנד גמבל,IE,אורל בי לילדים,יחידה,1.00,יחידה,false,1,13.90,13.90,true,1,
3014260214692,false,"ג'ל גילוח ג'ילט סירייס לעור רגיש 200 מ""ל",פרוקטר אנד גמבל,GB,ג'ל גילוח סירייס,מיליליטרים,200.00,"100 מ""ל",false,0,18.90,9.45,true,1,
3014260243531,false,ג'ילט מאך 3 סכינים 4 יח',פרוקטר אנד גמבל,PL,סכיני גילוח מא,יחידה,1.00,יחידה,false,0,58.90,58.90,true,1,
3014260262709,false,סכיני גילוח לאישה 3 להבים,ג'ילט ונוס Gillette Venus,DE,סכיני גילוח ונ,יחידה,1.00,יחידה,false,0,49.90,49.90,true,1,
3014260283254,false,סכיני גילוח חד פעמי בלו 2 פלוס *5,פרוקטר & גמבל,IL,"סכיני גילוח ח""פ",יחידה,1.00,יחידה,false,0,12.90,12.90,true,1,
3014260836665,false,אורל בי פרו אקספרט להגנה מקיפה 35 רך זוג,פרוקטר אנד גמבל,IE,מברשת אורל בי,יחידה,1.00,יחידה,false,1,34.90,34.90,true,1,
3030050114621,false,מחליק שיער פלטות רחבות,,CN,מחליק שיער פלטות,יחידה,1.00,יחידה,false,1,299.00,299.00,true,1,
3059944022415,false,רצועות שעווה מוכנות לשימוש מועשרת בתמציות ובניחוח ורדים,רקיט בנקיזר צרפת,FR,ויט רצועות,יחידה,1.00,יחידה,false,0,38.90,38.90,true,1,
3147758030235,false,לנקום טוניק דוסר מ.פנים 400 מל,לנקום,IL,מי פנים,מיליליטרים,400.00,"100 מ""ל",false,0,238.00,59.50,true,1,
3147758030334,false,לנקום ביפסיל מסיר איפור עיניים,לנקום,IL,מסיר איפור לעיני,מיליליטרים,125.00,"100 מ""ל",false,0,169.00,135.20,true,1,
3346130013495,false,טר דה הרמס פיור גבר75 מל,,FR,טר דה הרמס פיור,מיליליטרים,75.00,"100 מ""ל",false,0,489.00,652.00,true,1,
3346131400003,false,"הרמס ג.אדט 100 מ""ל",רוסמן-קוסמטיקה,FR,D'hermes Terre,מיליליטרים,100.00,"100 מ""ל",false,0,369.00,369.00,true,1,
3348900838185,false,דיור הום אינטנס אדפ100מל,סולארוויו קוסמט,FR,דיור הום אינטנס,מיליליטרים,100.00,"100 מ""ל",false,0,459.00,459.00,true,1,
3349668566372,false,"ONE מיליון 200 מ""ל",לילית בישום,FR,ONE מיליון,מיליליטרים,200.00,"100 מ""ל",false,1,359.00,179.50,true,1,
3349668568093,false,"אולימפייה א.אדפ50 מ""ל",,IL,OLYMPEA א.ד.פ,מיליליטרים,50.00,"100 מ""ל",false,1,259.00,518.00,true,1,
3349668579839,false,"1 מיליון אדפ 100 מ""ל",,IL,1 מיליון אדפ,מיליליטרים,100.00,"100 מ""ל",false,1,289.00,289.00,true,1,
3349668588732,false,VICTORY INVICTUS אדפ100מ,,FR,VICTORY INVICTUS,מיליליטרים,100.00,"100 מ""ל",false,1,299.00,299.00,true,1,
3349668589678,false,"INVICTUS אדט 200 מ""ל",,FR,INVICTUS אדט,מיליליטרים,200.00,"100 מ""ל",false,1,379.00,189.50,true,1,
3349668599110,false,אינויקטוס פלטינו.אדפ100מ,,FR,אינויקטוס פלטינו,מיליליטרים,100.00,"100 מ""ל",false,1,289.00,289.00,true,1,
3351500018185,false,ארנק אזארו יח',,FR,ארנק אזארו,יחידה,1.00,יחידה,false,1,19.90,19.90,true,1,
3355991004597,false,"סילבר סנט דיפ ג'ייקוב בוגרט - א.ד.ט 100 מ""ל",אלפא בישום,FR,scent silver,מיליליטרים,100.00,"100 מ""ל",false,1,99.00,99.00,true,1,
3360373063680,false,קשארל אמור אמור א.ד.ט 100 מ''ל,קשארל,FR,AMOR AMOR א.ד.ט,מיליליטרים,100.00,"100 מ""ל",false,0,209.00,209.00,true,1,
3386460032735,false,מונבלאנק לג'נד דאוסטיק 75,רבלון בישום,FR,מונבלאנק לג'נד ד,מיליליטרים,75.00,"100 מ""ל",false,0,49.90,66.53,true,1,
3386460129138,false,מארז קואץ בלו אדפ לגבר,אינטר פרמיום,FR,קואץ בלו סט,יחידה,1.00,יחידה,false,1,259.00,259.00,true,1,
3386460130530,false,אקספלורר אדפ סט לגבר,אינטר פרמיום,FR,מונבלאן סט לגבר,יחידה,1.00,יחידה,false,1,299.00,299.00,true,1,
3386461515671,false,"אקלט ד'ארפז' אדפ לאישה 100 מ""ל - לנוין",רבלון בישום,FR,D'ARPEGE ECLAT,מיליליטרים,100.00,"100 מ""ל",false,1,199.00,199.00,true,1,
3390150577734,false,פאיו פילינג חמצן מטהר את העור,לילית,FR,פילינג חמצן מטהר,יחידה,1.00,יחידה,false,1,79.00,79.00,true,1,
3414206000608,false,"ג'ופ (יופ!) הום (ג) א.ד.ט 125 מ""ל",לילית בישום,FR,יופ א.ד.ט לגבר,מיליליטרים,125.00,"100 מ""ל",false,0,98.00,78.40,true,1,
3423470890020,false,"נרסיסו רודריגז אדט לאישה 100 מ""ל - נרסיסו רודריגז",נרסיסו רדריגז,FR,נרסיסו א.ד.ט אשה,מיליליטרים,100.00,"100 מ""ל",false,1,379.00,379.00,true,1,
3423473020233,false,"לייט בלו אדט לאישה 100 מ""ל - דולצ'ה וגבאנה",דולצ'ה&גב.שסטוב,IL,blue light א.ד.ט,מיליליטרים,100.00,"100 מ""ל",false,0,299.00,299.00,true,1,
3423473032816,false,לייט בלו אינטנס אדפ,דולצ'ה&גב.שסטוב,FR,לייט בלו אינטנס,מיליליטרים,100.00,"100 מ""ל",false,1,319.00,319.00,true,1,
3423478840652,false,"נרסיסו פודרה (א) אדפ 90מ""ל",נרסיסו רדריגז,FR,PUDREE NARCISO,מיליליטרים,90.00,"100 מ""ל",false,1,399.00,443.33,true,1,
3430750004558,false,GARDEN OASISמארז אמבטיה שמן ארגן מוזהב,פארמה דיל,IL,מארז אמבטיה שמן,יחידה,1.00,יחידה,false,1,59.90,59.90,true,1,
3439600056655,false,"אנג'ל כוכב אדפ 100מ""ל",טרי מוגלר בישום,FR,אנג'ל כוכב,מיליליטרים,100.00,"100 מ""ל",false,1,459.00,459.00,true,1,
3439600056815,false,אנג'ל תחליב גוף מבושם,,FR,אנג'ל תחליב גוף,מיליליטרים,200.00,"100 מ""ל",false,1,239.00,119.50,true,1,
3439600056921,false,אליין אדפ ניתן למילוי 60 מל,,FR,אליאן א.ד.פ,מיליליטרים,60.00,"100 מ""ל",false,1,359.00,598.33,true,1,
3574660058857,false,גונסונס בייבי שמן 500 מל חדש,גונסון אנד גונסון,IT,שמן ג'ונסון,מיליליטרים,500.00,"100 מ""ל",false,1,24.90,4.98,true,1,
3574660089547,false,טמפונים נורמל קלאסי אובה 32 יחידות,ג'\ונסון אנד ג'\ונסון,GR,טמפוני או בה,יחידה,1.00,יחידה,false,0,24.90,24.90,true,1,
3574660239829,false,קרם ידיים קל סדרה נורבגית נוטרוגינה 50 מ,ניוטרוג'ינה Neutrogena,FR,קרם ידיים קליל,מיליליטרים,75.00,"100 מ""ל",false,0,28.90,38.53,true,1,
3574660239881,false,או-בה סופר 16 יחי,ג'ונסון,GR,או-בה סופר,יחידה,1.00,יחידה,false,1,14.90,14.90,true,1,
3574660245844,false,תרחיץ פנים לניקוי עמוק Deep Clean,ניוטרוג'ינה Neutrogena,GR,CLEAN DEEP תרחיץ,מיליליטרים,200.00,"100 מ""ל",false,0,58.90,29.45,true,1,
3574660415506,false,"שטיפת ליסטרין 500 מ""ל טוטל קיר",,IL,ליסטרין שטיפת פה,מיליליטרים,500.00,"100 מ""ל",false,1,19.90,3.98,true,1,
3574661003924,false,שטיפת פה טוטאל קר בטעם מנטה צלול,ג'\ונסון אנד ג'\ונסון,IT,מי פה ליסטרין,מיליליטרים,500.00,"100 מ""ל",false,0,19.90,3.98,true,1,
3574661098531,false,ניוטרוגינה תחליב גוף מועשר לעור יבש/רגיש,ניוטרוג'ינה Neutrogena,GR,תחליב גוף,מיליליטרים,400.00,"100 מ""ל",false,1,29.90,7.48,true,1,
3574661114637,false,ליסטרין שטיפת פה קול מינט טעם מעודן 500,ג'\ונסון אנד ג'\ונסון,IT,מי פה ליסטרין,מיליליטרים,500.00,"100 מ""ל",false,1,19.90,3.98,true,1,
3574661199894,false,"נוטרוגינה קרם ידיים ויזבלי ריניו 75 מ""ל",ניוטרוג'ינה Neutrogena,GR,קרם ידיים,מיליליטרים,75.00,"100 מ""ל",false,1,28.90,38.53,true,1,
3574661287201,false,"ניוטרוג'ינה - הידרו בוסט ק.לחות אקווה ג'ל 50מ""ל",שסטוביץ,PL,ג'ל מים,מיליליטרים,50.00,"100 מ""ל",false,1,81.90,163.80,true,1,
3574661288345,false,נטרוגינה היידרובוסט גל ניקוי לפנים 200,שסטוביץ,PL,ג'ל ניקוי לפנים,מיליליטרים,200.00,"100 מ""ל",false,1,58.90,29.45,true,1,
3574661332581,false,נטרוגינה קליר& דיפנד קרם לחות 50 מל,שסטוביץ,FR,תחליב לחות,מיליליטרים,50.00,"100 מ""ל",false,1,68.90,137.80,true,1,
3574661351711,false,נטרוגינה היידרובוסט קרם לחות מסנן25 50 מ,שסטוביץ,FR,קרם לחות,מיליליטרים,50.00,"100 מ""ל",false,1,80.90,161.80,true,1,
3574661352275,false,ליסטירין מי פה פירות יער 250 מל,ג'\ונסון אנד ג'\ונסון,IT,מי פה ליסטרין,מיליליטרים,250.00,"100 מ""ל",false,1,12.90,5.16,true,1,
3574661352527,false,נטרוגינה היידרובוסט קרם עיניים 15 מל,שסטוביץ,FR,קרם עיניים,מיליליטרים,15.00,"100 מ""ל",false,1,80.90,539.33,true,1,
3574661363998,false,"מי פה ליסטרין תה ירוק 500 מ""ל",ג'\ונסון אנד ג'\ונסון,IT,מי פה ליסטרין,מיליליטרים,500.00,"100 מ""ל",false,1,19.90,3.98,true,1,
3574661393667,false,נטרוגינה הידרובוסט סרום לחות 30 מל,שסטוביץ,FR,הידרובוסט סרום ל,מיליליטרים,30.00,"100 מ""ל",false,1,89.90,299.67,true,1,
3574661419435,false,תחבושות הגייניות וניה מקסי 12 יחידות,Johnson Vania - BL,BE,תחבושות וניה,יחידה,1.00,יחידה,false,1,25.90,25.90,true,1,
3574661458748,false,טלק גונסון 200 ג' חדש,ג'ונסון,IT,טלק לתינוקות,גרמים,200.00,100 גרם,false,1,19.90,9.95,true,1,
3574661471181,false,ניוטרוגינה הידרובוסט מים מיסלריים 400 מל,שסטוביץ,GR,הידרה בוסט מים מ,מיליליטרים,400.00,"100 מ""ל",false,1,49.90,12.48,true,1,
3574661476285,false,נטרוגינה סלולר בוסט קרם עיניים אנטי אייג,שסטוביץ,FR,קרם עיניים סלולר,מיליליטרים,15.00,"100 מ""ל",false,1,125.00,833.33,true,1,
3574661487328,false,קרפרי מגני תחתון אורגינל פלוס 56 יח',הדקלאים אגודת שיתופי,IT,מגני תחתון קרפרי,יחידה,1.00,יחידה,false,1,14.90,14.90,true,1,
3574661487618,false,קרפרי מגן תחתון מקסי לארג'' מבושם 48 יח'',ג'ויה מעבדות לקוסמטי,IT,קרפרי מגני תחתון,יחידה,1.00,יחידה,false,1,14.90,14.90,true,1,
3574661491806,false,מי פה אדבנס וויט מנטה מסירה כתמים קשים,ג'\ונסון אנד ג'\ונסון,IT,מי פה ליסטרין,מיליליטרים,500.00,"100 מ""ל",false,1,19.90,3.98,true,1,
3574661498430,false,"ניוטרוג'ינה - תרחיץ גרגירים אשכולית ורודה 150מ""ל",שסטוביץ,FR,אשכולית ורודה תר,מיליליטרים,150.00,"100 מ""ל",false,1,57.90,38.60,true,1,
3574661500355,false,קרפרי מגן תחתון מקסי לונג רגיל 40 יח',ג'ויה מעבדות לקוסמטי,IT,מגני תחתון קרפרי,יחידה,1.00,יחידה,false,1,14.90,14.90,true,1,
3574661500478,false,נטרוגינה בלאקהד מי פנים 200 מל,שסטוביץ,FR,מי פנים לחיסול ר,מיליליטרים,200.00,"100 מ""ל",false,1,59.90,29.95,true,1,
3574661501901,false,שטיפה אינטימית יומיומית מכיל תה ירוק ואלוורה,קולגייט פלמוליב,IT,שטיפה אינטימית,מיליליטרים,200.00,"100 מ""ל",false,1,19.90,9.95,true,1,
3574661552576,false,קרפרי מגן תחתון רגיל טנגה לבן 56 יח חדש,הדקלאים אגודת שיתופי,GR,מגני תחתון קרפרי,יחידה,1.00,יחידה,false,1,14.90,14.90,true,1,
3574661552804,false,מגן תחתון קרפרי אלוורה 56 יחידות,הדקלאים אגודת שיתופי,IT,מגני תחתון קרפרי,יחידה,1.00,יחידה,false,1,14.90,14.90,true,1,
3574661552811,false,מגן תחתון קרפרי כותון אוורירי 56 יחידות,הדקלאים אגודת שיתופי,GR,מגן תחתון קרפרי,יחידה,1.00,יחידה,false,1,14.90,14.90,true,1,
3574661554877,false,מגן תחתון קרפרי כותון מבושם 56 יחידות,הנסיך- מפעל לייצור ט,GR,מגני תחתון קרפרי,יחידה,1.00,יחידה,false,1,14.90,14.90,true,1,
3574661554884,false,קרפרי מגן תחתון רגיל טנגה מבושם 56 יח,הדקלאים אגודת שיתופי,IT,מגני תחתון קרפרי,יחידה,1.00,יחידה,false,1,14.90,14.90,true,1,
3574661561219,false,ליסטרין שטיפת פה אדוונס ווייט 250 מל,ג'\ונסון אנד ג'\ונסון,IT,ליסטרין מי פה א,מיליליטרים,250.00,"100 מ""ל",false,1,9.90,3.96,true,1,
3574661640525,false,נטרוגינה ברייט בוסט קרם לילה 50 מל,שסטוביץ,FR,ברייט בוסט קרם,מיליליטרים,50.00,"100 מ""ל",false,1,99.00,198.00,true,1,
3574661650029,false,ליסטרין שטיפת פה להגנה על החניכיים בטעם מעודן,ג'\ונסון אנד ג'\ונסון,IT,מי פה ליסטרין,מיליליטרים,500.00,"100 מ""ל",false,1,19.90,3.98,true,1,
3574669907392,false,ג'ונסון שמפו לתינוק 750,ג'ונסון,IT,ג'ונסון שמפו לתי,מיליליטרים,750.00,"100 מ""ל",false,1,19.90,2.65,true,1,
3574669907682,false,גונסונס בייבי טלק 500 גרם חדש,גונסון אנד גונסון,IT,טלק ג'ונסון,גרמים,500.00,100 גרם,false,1,37.90,7.58,true,1,
3574669907880,false,שמפו גונסון צהוב 300 מל,ג'ונסון,IT,שמפו בייבי,מיליליטרים,300.00,"100 מ""ל",false,1,9.90,3.30,true,1,
3574669908948,false,"גונסונס בייבי אל סבון לרחצה עדינה 750 מ""ל",גונסון אנד גונסון,IT,ג'ונסון אל סבון,מיליליטרים,750.00,"100 מ""ל",false,1,24.90,3.32,true,1,
3600520297262,false,מן אקספרט הידרה אנרגטיק קרם לחות יומי נג,לוריאל,GB,היידרה לחות 5 ב1,מיליליטרים,50.00,"100 מ""ל",false,1,49.90,99.80,true,1,
3600520772011,false,לוריאל - פודרה טרומאצ W1,סייפו,IT,פודרה דחוסה,יחידה,1.00,יחידה,false,0,49.90,49.90,true,1,
3600520881799,false,לוריאל - מסקרה טלסקופיק שחור,לוריאל פריז L'OREAL PARIS,IT,TELESCOPIC מסקרה,יחידה,1.00,יחידה,false,0,63.90,63.90,true,1,
3600521094396,false,קסטינג קרם גלוס מס 415,לוריאל פריז,BE,צבעי שיער קסטינג,יחידה,1.00,יחידה,false,0,34.90,34.90,true,1,
3600521094471,false,קסטינג קרס גלוס מס600',לוריאל פריז,BE,צבע לשיער קסטינג,יחידה,1.00,יחידה,false,0,34.90,34.90,true,1,
3600521250051,false,קסטינג קרם גלוס מס810',לוריאל פריז,BE,קסטינג קרם גלוס,יחידה,1.00,יחידה,false,1,34.90,34.90,true,1,
3600522022893,false,לוריאל - אקסלנס קרם 9.3 בלונד מאוד בהיר זהוב,ליברמו,BE,אקסלנס,יחידה,1.00,יחידה,false,0,34.90,34.90,true,1,
3600522066798,false,לוריאל - מסקרה ווליום מגה קולגן שחור,סייפו,FR,MEGA מסקרה,יחידה,1.00,יחידה,false,0,81.90,81.90,true,1,
3600522150497,false,קסטינג קרם גלוס מס100',לוריאל פריז,BE,קסטינג קרם גלוס,יחידה,1.00,יחידה,false,0,34.90,34.90,true,1,
3600522236450,false,לוריאל - אקסלנס קרם 6.46 אדום בהיר נחושתי,לוריאל פריז,BE,אקסלנס6.46אדום,יחידה,1.00,יחידה,false,1,34.90,34.90,true,1,
3600522344032,false,לוריאל - אלביב מסכה טוטאל ריפר 300,kozmetik canan,DE,מסכת אלביב,מיליליטרים,300.00,"100 מ""ל",false,0,29.90,9.96,true,1,
3600522378051,false,לוריאל - אקסלנס קרם 6.32 חום בהיר זהוב מעודן,ליברמו,BE,צבע לשיער אקסלנס,יחידה,1.00,יחידה,false,1,34.90,34.90,true,1,
3600522832089,false,אקסלנס קרם 7.7 בלונד דבש מהגוני,לוריאל פריז,BE,אקסלנס 7.77 חום,יחידה,1.00,יחידה,false,1,34.90,34.90,true,1,
3600522862383,false,לוריאל - מייקאפ טרו מאץ' 1N (חדש),,FR,טרו מאץ N1,מיליליטרים,30.00,"100 מ""ל",false,1,64.90,216.34,true,1,
3600522877301,false,לוריאל - פריימר אינפלבל,סופרוג'ם,FR,פריימר אינפליבל,מיליליטרים,35.00,"100 מ""ל",false,1,78.90,225.43,true,1,
3600523201303,false,לוריאל - דרמו רויטליפט פילר לילה,קרלסרו,DE,קרם לילה,מיליליטרים,50.00,"100 מ""ל",false,1,84.90,169.80,true,1,
3600523409273,false,לוריאל - עיפרון שחור מתחדד,,CN,עפרון שחור סופר,יחידה,1.00,יחידה,false,1,25.00,25.00,true,1,
3600523428663,false,לוריאל - דרמו רויטליפט לייזר יום,"קרלסרו, גרמניה",DE,REVITALIFT קרם,מיליליטרים,50.00,"100 מ""ל",false,1,109.00,218.00,true,1,
3600523430925,false,"גל חימר לוראל עם גרגרים לפנים 150 מ""ל",סופרוקוס,PL,תרחיץ פיור קלי,מיליליטרים,150.00,"100 מ""ל",false,1,35.90,23.93,true,1,
3600523500185,false,קונסילר טרו מאץ 1N יח',לוריאל,IL,קונסילר טרו מאץ,יחידה,1.00,יחידה,false,1,49.90,49.90,true,1,
3600523526130,false,לוריאל - מן אקספרט ברבר ג'ל ניקוי 3ב1,SP.Z.O.O KOSMEPOL,DE,ברבר ג'\ל ניקוי,מיליליטרים,200.00,"100 מ""ל",false,1,34.90,17.45,true,1,
3600523591831,false,לוריאל - מסקרה פרדייז עמידה במים,לוריאל איפור,IT,מסקרה פרדייז עמי,יחידה,1.00,יחידה,false,1,49.90,49.90,true,1,
3600523605972,false,מסכת הזנה רב שימושית מכילה שמן קוקוס,לוריאל - אלביב Elvive,DE,מסכה אלביב,מיליליטרים,300.00,"100 מ""ל",false,1,29.90,9.96,true,1,
3600523614400,false,לוריאל - מייקאפ פרש וור 015,,FR,מייקאפ פרש וור 0,מיליליטרים,30.00,"100 מ""ל",false,1,99.90,333.00,true,1,
3600523614448,false,מייקאפ פרש וור 015 30 מל,,FR,מייקאפ פרש וור 0,מיליליטרים,30.00,"100 מ""ל",false,1,99.90,333.00,true,1,
3600523642489,false,מסכת הזנה אינטנסיבית 6 שמנים לשיער יבש,לוריאל - אלביב Elvive,DE,מסכה אלביב,מיליליטרים,300.00,"100 מ""ל",false,1,29.90,9.96,true,1,
3600523643844,false,שפתון שוקולד עמיד864 יחי,סופרוג'ם,FR,שפתון שוקולד 864,יחידה,1.00,יחידה,false,1,62.90,62.90,true,1,
3600523652259,false,"לוריאל - אלביב מרכך קולור פרוטקט 550 מ""ל",קוסמטיקס,TR,אלביב מרכך,מיליליטרים,550.00,"100 מ""ל",false,1,15.90,2.89,true,1,
3600523652297,false,"מרכך לשיער אלביב זהב 6 שמנים , 550 מ""ל",לוריאל - אלביב Elvive,TR,אלביב מרכך,מיליליטרים,550.00,"100 מ""ל",false,1,15.90,2.89,true,1,
3600523674602,false,לוריאל - גבות עמיד 103 בלונד,לוריאל,CA,ג'ל גבות עמיד103,יחידה,1.00,יחידה,false,1,62.90,62.90,true,1,
3600523716524,false,לוריאל - דרמו רויטליפט קלאסי קרם אדום עברית,"קרלסרו, גרמניה",DE,קרם יום אדום,מיליליטרים,50.00,"100 מ""ל",false,1,94.90,189.80,true,1,
3600523718597,false,לוריאל גולדן אייג קרם עיניים,לוריאל,DE,דרמו גולדן אייג',מיליליטרים,15.00,"100 מ""ל",false,1,124.00,826.67,true,1,
3600523729043,false,שפתון מקרון עמיד 828 יח',,IL,שפתון מקרון עמיד,יחידה,1.00,יחידה,false,1,60.00,60.00,true,1,
3600523755288,false,לוריאל - מסקרה לגבות 108 חום,,IT,מסקרה לגבות 108,מיליליטרים,4.00,"100 מ""ל",false,1,45.00,1125.00,true,1,
3600523755660,false,לוריאל - אקסלנס קרם 2 חום שחור,לוריאל פריז,BE,קרם צבע לשיער ח,מיליליטרים,192.00,"100 מ""ל",false,1,34.90,18.17,true,1,
3600523755806,false,"לוריאל - אלביב שמפו קוקוס 550 מ""ל",קוסמטיקס,TR,שמפו אלביב,מיליליטרים,550.00,"100 מ""ל",false,1,15.90,2.89,true,1,
3600523762187,false,מגיק ריטאצ בלונד בהיר שורש כהה,לוריאל,BE,מג'יק ריטאצ 9 בל,מיליליטרים,75.00,"100 מ""ל",false,1,29.90,39.87,true,1,
3600523784424,false,לוריאל - מייקאפ מאט קאבר 145,,IL,מייק אפ מאט קאבר,מיליליטרים,30.00,"100 מ""ל",false,1,103.90,346.33,true,1,
3600523784448,false,לוריאל - מייקאפ מאט קאבר 175,,IL,מייק אפ מאט קאבר,מיליליטרים,30.00,"100 מ""ל",false,1,103.90,346.33,true,1,
3600523796830,false,לוריאל - גבות סקיני 103,,IL,גבות סקיני 103,יחידה,1.00,יחידה,false,1,50.00,50.00,true,1,
3600523796878,false,לוריאל - גבות סקיני 109,,IL,גבות סקיני 109,יחידה,1.00,יחידה,false,1,50.00,50.00,true,1,
3600523816699,false,לוריאל - דרמו פעולה משולשת פרש ג'ל עברית,"קרלסרו, גרמניה",DE,קרם לחות,מיליליטרים,50.00,"100 מ""ל",false,1,49.90,99.80,true,1,
3600523873920,false,לוריאל - דרמו רויטליפט פילר טפטפת סרום עברית,לוריאל,DE,רויטליפט פילר סר,מיליליטרים,30.00,"100 מ""ל",false,1,84.90,283.00,true,1,
3600523899906,false,אלביב מסכה פול רזיסט680מ,לוריאל-אלביב,ES,אלביב מסכה לשיער,מיליליטרים,680.00,"100 מ""ל",false,1,39.90,5.87,true,1,
3600523936786,false,"לוריאל - אלביב שמן לשיער רגיל 100 מ""ל",לוריאל,IL,שמן לטיפוח השיער,מיליליטרים,100.00,"100 מ""ל",false,1,37.90,37.90,true,1,
3600523936823,false,אלביב שמן לטיפוח השיער לשיער צבוע ויבש,"אינטרביוטי קוסמטיקס, ישר",IL,שמן לשיער צבוע,מיליליטרים,100.00,"100 מ""ל",false,1,39.90,39.90,true,1,
3600523939206,false,לוריאל - מיקרו טאטואז' גבות 109 חום כהה,טרופיקל דגיל תעשיות קוסמ,KR,לור מיקרו טאטו,יחידה,1.00,יחידה,false,1,52.90,52.90,true,1,
3600523944194,false,לוריאל - אקסלנס קול קרם 6.11 חום בהיר קר,לוריאל פריז,BE,אקסלנס6.11חום קר,יחידה,1.00,יחידה,false,1,34.90,34.90,true,1,
3600523944231,false,לוריאל - אקסלנס קול קרם 7.11 בלונד אפרפר קר,לוריאל פריז,BE,אקסלנס7.11 בלונד,מיליליטרים,192.00,"100 מ""ל",false,1,34.90,18.17,true,1,
3600523951543,false,לוריאל - פודרה עמידה אינפליבל 130,,IT,פודרה עמידה אינפ,יחידה,1.00,יחידה,false,1,65.00,65.00,true,1,
3600523951598,false,לוריאל - פודרה עמידה אינפליבל 140,,IT,פודרה עמידה אינפ,יחידה,1.00,יחידה,false,1,65.00,65.00,true,1,
3600523967131,false,לוריאל - דרמו רויטליפט פילר מים מיסלריים 200,לוריאל,DE,רויטליפט פילר מי,מיליליטרים,200.00,"100 מ""ל",false,1,41.90,20.95,true,1,
3600523971954,false,לוריאל - דרמו רויטליפט לייזר סרום רטינול,לוריאל,DE,דרמו רויטליפט לי,מיליליטרים,30.00,"100 מ""ל",false,1,109.00,363.33,true,1,
3600523991556,false,לוריאל הידרה גינייס גל לחות לעור מעורב,לוריאל,DE,דרמו הידרה ג'יני,מיליליטרים,70.00,"100 מ""ל",false,1,60.00,85.71,true,1,
3600524013370,false,לוריאל אייג פרפקט רנסנס קרם יום SPF30,לוריאל,DE,דרמו רנסנס קרם,מיליליטרים,50.00,"100 מ""ל",false,1,124.00,248.00,true,1,
3600524013448,false,לוריאל אייג פרפקט רנסנס קרם עיניים,לוריאל,FR,קרם עיניים,מיליליטרים,15.00,"100 מ""ל",false,1,124.00,826.67,true,1,
3600524013455,false,לוריאל אייג פרפקט רנסנס קרם לילה,לוריאל,DE,PERFECT AGE קרם,מיליליטרים,50.00,"100 מ""ל",false,1,124.00,248.00,true,1,
3600524051211,false,"לוריאל - רויטליפט פילר קרם יום 50 מ""ל",לוריאל,DE,רויטפילט פילר קר,מיליליטרים,50.00,"100 מ""ל",false,1,84.90,169.80,true,1,
3600524051570,false,לוריאל - אלביב מסכה היאלורונית 300 מ''ל,DEUT PRODUKTION L\'OREAL,FR,אלביב מסכה,מיליליטרים,300.00,"100 מ""ל",false,1,29.90,9.96,true,1,
3600530695768,false,מייבלין - שפתון סופרסטיי 185,מייבלין Maybelline,FR,STAY150 SUPER,יחידה,1.00,יחידה,false,1,43.90,43.90,true,1,
3600530695973,false,מייבלין - שפתון סופרסטיי 640,מייבלין Maybelline,FR,STAY640 SUPER,יחידה,1.00,יחידה,false,1,43.90,43.90,true,1,
3600530733842,false,מייבלין - קונסילר ספוגית 01IAR,מייבלין Maybelline,IL,קונסילר אנטי איג,יחידה,1.00,יחידה,false,1,45.90,45.90,true,1,
3600530733859,false,מייבלין - קונסילר ספוגית 02IAR,,IL,קונסילר אנטי איג,יחידה,1.00,יחידה,false,1,45.90,45.90,true,1,
3600530733866,false,מייבלין - קונסילר ספוגית 03IAR,מייבלין Maybelline,IL,קונסילר אנטי איג,יחידה,1.00,יחידה,false,1,45.90,45.90,true,1,
3600531143459,false,מייבלין - מסקרה לאש שחור,סייפו,IT,מסקרה,יחידה,1.00,יחידה,false,1,39.90,39.90,true,1,
3600531324513,false,מייבלין - מייקאפ פיט מי מאט 115,מייבלין Maybelline,FR,מייק אפ,יחידה,1.00,יחידה,false,0,51.90,51.90,true,1,
3600531324551,false,מייבלין - מייקאפ פיט מי מאט 220,מייבלין Maybelline,FR,מייק אפ,יחידה,1.00,יחידה,false,0,51.90,51.90,true,1,
3600531384081,false,מייבלין - פודרה פיט מי 350,מייבלין Maybelline,IL,פודרה פיט מי,יחידה,1.00,יחידה,false,1,36.90,36.90,true,1,
3600531384173,false,מייבלין - פודרה פיט מי 115,מייבלין Maybelline,IL,פודרה פיט מי,יחידה,1.00,יחידה,false,1,36.90,36.90,true,1,
3600531396848,false,מייבלין - קונסילר ספוגית 04IAR,מייבלין Maybelline,IL,קונסילר אנטי איג,יחידה,1.00,יחידה,false,1,45.90,45.90,true,1,
3600531411114,false,מייבלין - שפתון ס.סטיי אינק 20,,IL,שפתון סופר סטיי,יחידה,1.00,יחידה,false,1,43.90,43.90,true,1,
3600531411121,false,מייבלין - שפתון ס.סטיי אינק 25,,IL,שפתון סופר סטיי,יחידה,1.00,יחידה,false,1,43.90,43.90,true,1,
3600531411176,false,מייבלין - שפתון ס.סטיי אינק 50,,IL,שפתון סופר סטיי,יחידה,1.00,יחידה,false,1,43.90,43.90,true,1,
3600531417734,false,מייב ג'ל לגבות בראו טאטו 01 טסט,,IL,ג'ל גבות חום,יחידה,1.00,יחידה,false,1,41.90,41.90,true,1,
3600531429911,false,מייבלין - פלטת צלליות ברגונדי,מייבלין Maybelline,IT,פלטת צלליות בורג,יחידה,1.00,יחידה,false,1,39.00,39.00,true,1,
3600531465230,false,מייבלין - קונסילר ספוגית 00IAR,מייבלין Maybelline,IL,קונסילר ספוג 00,יחידה,1.00,יחידה,false,1,45.90,45.90,true,1,
3600531465247,false,מייבלין - קונסילר ספוגית 07IAR,,IL,קונסילר 07,יחידה,1.00,יחידה,false,1,45.90,45.90,true,1,
3600531465254,false,מייבלין - קונסילר ספוגית 11IAR,מייבלין,IL,קונסילר ספוג 11,יחידה,1.00,יחידה,false,1,45.90,45.90,true,1,
3600531537531,false,מייבלין - סומק פיט מי 35,מייבלין Maybelline,IL,סומק פיטמי 35,יחידה,1.00,יחידה,false,1,35.00,35.00,true,1,
3600531584696,false,מייבלין - מסקרה פולסיס לאשליפט,מייבלין Maybelline,IL,מסקרה פולסיס לאש,יחידה,1.00,יחידה,false,1,40.00,40.00,true,1,
3600531591359,false,מייבלין - סומק צ'יק היט 20,,CN,סומק צ'יק היט 20,מיליליטרים,10.00,"100 מ""ל",false,1,42.00,420.00,true,1,
3600531609733,false,מייבלין - שפתון ליפטר גלוס 05,,FR,שפתון ליפטר גלוס,יחידה,1.00,יחידה,false,1,40.00,40.00,true,1,
3600531631062,false,מייבלין - שפתון ס.סטיי אינק ספייס 320,,FR,מאט אינק ספייס 3,יחידה,1.00,יחידה,false,1,43.90,43.90,true,1,
3600540308740,false,צבע לשיער גרנייה חום,לוריאל ישראל קוסמטיקס בע,PL,צבע לשיער גרניה,יחידה,1.00,יחידה,false,0,18.90,18.90,true,1,
3600540928863,false,גרניה מיניראל רול און קליר אינויזיבל,קוסמופול,FR,דאודורנט גרנייה,מיליליטרים,50.00,"100 מ""ל",false,0,11.90,23.80,true,1,
3600541029323,false,גרנייה אסנשיאל מסיר איפור 2 ב- 1,SOPROCOS סופרוקוס,FR,ESSENTIALS מסיר,מיליליטרים,200.00,"100 מ""ל",false,0,24.90,12.45,true,1,
3600541253667,false,"גרנייה - דאודורנט ספריי לאישה אינביזיבל BWC (ורוד) 150 מ""ל","לוריאל ישראל בע""מ",FR,דאו.גרנייה,מיליליטרים,150.00,"100 מ""ל",false,0,11.90,7.94,true,1,
3600541382930,false,גרנייה - מים מיסלרים לכל סוגי העור,"קוסמופול, פולין",PL,מים מיסלריים,מיליליטרים,400.00,"100 מ""ל",false,0,29.90,7.47,true,1,
3600541740006,false,"גרנייה - דאודורנט ספריי לאישה אקשן קונטרול 72 שעות 150 מ""ל","לוריאל ישראל בע""מ",FR,דאו.גרנייה,מיליליטרים,150.00,"100 מ""ל",false,1,11.90,7.94,true,1,
3600541928275,false,מי פנים מיסלריים דו-פאזיים מסיר איפור עמיד במים,"קוסמופול, פולין",PL,מים מיסלריים דו,מיליליטרים,400.00,"100 מ""ל",false,1,29.90,7.47,true,1,
3600541937475,false,גרניה פיור גרגרים מסיכה לעור מעורב עד שמן,לוריאל,FR,גרנייה פיור ניקו,מיליליטרים,150.00,"100 מ""ל",false,1,35.00,23.33,true,1,
3600541956223,false,"גרנייה פיור לניקוי וטיפול בסימנים ופגעי עם מברשת 150 מ""ל","קרלסרו, גרמניה",DE,ג'ל ניקוי עמוק,מיליליטרים,150.00,"100 מ""ל",false,1,35.00,23.33,true,1,
3600542050579,false,גרניה בוטניקל מי פנים ורדים 200 מל,קוסמופול,DE,בוטניקל מי פנים,מיליליטרים,200.00,"100 מ""ל",false,1,25.00,12.50,true,1,
3600542052788,false,גרנייה בוטניקל חלב פנים ורדים 200 מל,קוסמופול,DE,חלב פנים ורדים,מיליליטרים,200.00,"100 מ""ל",false,1,25.00,12.50,true,1,
3600542097253,false,גרנייה - מסכת טישו פחם אצות שחורות,ביוטיקוס אינטרנשיונאל,CN,מסכת טישו פחם,יחידה,1.00,יחידה,false,1,14.90,14.90,true,1,
3600542154772,false,גרנייה מסכת טישו עיניים סקין אקטיב קוקוס,לוריאל,CN,טישו עיניים קוקו,יחידה,1.00,יחידה,false,1,12.90,12.90,true,1,
3600542154789,false,גרנייה מסכת טישו עיניים סקין אקטיב תפוז,לוריאל,CN,מסכת טישו לעיניי,יחידה,1.00,יחידה,false,1,12.90,12.90,true,1,
3600542216623,false,"גרנייה - דאודורנט רול און לאישה אקשן קונטרול רול 96 שעות 50 מ""ל",סופרוקוס,PL,דאודורנט גרנייה,מיליליטרים,50.00,"100 מ""ל",false,1,11.90,23.80,true,1,
3600542216647,false,"גרנייה - דאודורנט ספריי לאישה 96 שעות אקשן קונטר 150 מ""ל",לוריאל,FR,דאו.ספריי גרנייה,מיליליטרים,150.00,"100 מ""ל",false,1,11.90,7.94,true,1,
3600542232036,false,גרניה סקין נט אלו גל אלוורה ללחות 50 מל,לוריאל,DE,סקין נט אלו ג'ל,מיליליטרים,50.00,"100 מ""ל",false,1,47.90,95.80,true,1,
3600542245418,false,גרנייה - אוליה מיני קיט 4 חום כהה,לוריאל,PL,אוליה מיני 4 חום,יחידה,1.00,יחידה,false,1,29.90,29.90,true,1,
3600542245425,false,גרנייה - אוליה מיני קיט 4.15 חום שוקולד קרח,לוריאל,PL,אוליהמיני4.15חום,יחידה,1.00,יחידה,false,1,29.90,29.90,true,1,
3600542245449,false,גרנייה - אוליה מיני קיט 5 חום טבעי,לוריאל,PL,צבע לשיער אוליה,יחידה,1.00,יחידה,false,1,29.90,29.90,true,1,
3600542267953,false,גרנייה - פיור אקטיב מים מיסלריים 400,גרנייה-קוסמטיקה,PL,פיור מי מיסלר,מיליליטרים,400.00,"100 מ""ל",false,1,29.90,7.47,true,1,
3600542281058,false,גרנייה - קולור נטורלס +7.40 נחושת עוצמתית,לוריאל,PL,קולור נטורלס,יחידה,1.00,יחידה,false,1,18.90,18.90,true,1,
3600542309974,false,"גרנייה - דאודורנט רול און לאישה מגנזיום 50 מ""ל",סופרוקוס,PL,דאו גרנייה,מיליליטרים,50.00,"100 מ""ל",false,1,11.90,23.80,true,1,
3600542310444,false,"גרנייה - דאודורנט ספריי לאישה מגנזיום 150 מ""ל",סופרוקוס,PL,גרניה דאו ספרי,מיליליטרים,150.00,"100 מ""ל",false,1,11.90,7.94,true,1,
3600542326339,false,גרנייה מיסלר ורדים 400 מ,קוסמופול,PL,גרנייה מיסלר ורד,מיליליטרים,400.00,"100 מ""ל",false,1,29.90,7.47,true,1,
3600542328647,false,גרניה סקין נט קרם גל אלוורה 50 מל,לוריאל,PL,קרם ג'ל אלוורה,יחידה,1.00,יחידה,false,0,47.90,47.90,true,1,
3600542365710,false,גרנייה - פיור ג'ל ניקוי,לוריאל,PL,PURE ג'ל ניקוי,מיליליטרים,200.00,"100 מ""ל",false,1,35.00,17.50,true,1,
3600542366113,false,גרניה בוטניקל קרם לחות ענבים 50 מל,לוריאל,DE,סקין נטורל קרם ע,מיליליטרים,50.00,"100 מ""ל",false,1,39.90,79.80,true,1,
3600542375801,false,גרניה פיור אקטיב 3ב1 פחם 150 מל,לוריאל,FR,פיור אקטיב 3 ב 1,מיליליטרים,150.00,"100 מ""ל",false,1,35.00,23.33,true,1,
3600542380492,false,גרנייה - מסכת טישו ויטמין סי,לוריאל,CN,מסיכת טישו ויטמי,יחידה,1.00,יחידה,false,1,14.90,14.90,true,1,
3600542385091,false,"גרנייה - דאודורנט רול און לאישה אקשן קונטרול 72 שעות 50 מ""ל",קוסמופול,PL,רול און גרנייה,מיליליטרים,50.00,"100 מ""ל",false,1,11.90,23.80,true,1,
3600542385220,false,"גרנייה - דאודורנט רול און לאישה פרוטקשן 6 פלורל (סגול) 50 מ""ל",גרנייה Garnier,FR,רול און גרנייה,מיליליטרים,50.00,"100 מ""ל",false,1,11.90,23.80,true,1,
3600542385251,false,"גרנייה - דאודורנט רול און לאישה פרוטקשן 6 כותנה (ורוד) 50 מ""ל",גרנייה Garnier,FR,רול און גרנייה,מיליליטרים,50.00,"100 מ""ל",false,1,11.90,23.80,true,1,
3600542385268,false,"גרנייה - דאודורנט רול און לאישה אינביזיבל BWC (ורוד) 50 מ""ל",לוריאל ישראל קוסמטיקס בע,PL,גרנייה רול און,מיליליטרים,50.00,"100 מ""ל",false,1,11.90,23.80,true,1,
3600542385275,false,"גרנייה - דאודורנט רול און לאישה פיור אקטיב 50 מ""ל",גרנייה Garnier,FR,רול און גרנייה,מיליליטרים,50.00,"100 מ""ל",false,1,11.90,23.80,true,1,
3600542385626,false,גרנייה - מסכת טישו עם אלוורה וחומצה הילאורונית,לוריאל,CN,גרנייה טישו ואלו,גרמים,32.00,100 גרם,false,1,14.90,46.56,true,1,
3600542397926,false,"גרנייה - דאודורנט ספריי לאישה פרוטקשן 6 כותנה (ורוד) 150 מ""ל","קוסמופול, פולין",FR,ספריי גרניה,מיליליטרים,150.00,"100 מ""ל",false,1,11.90,7.94,true,1,
3600542412773,false,גרניה פיור אקטיב פיל אוף פחם מסכה 50 מל,סופרוריאל אולניי,FR,גרנייה פיור פיל,מיליליטרים,50.00,"100 מ""ל",false,1,35.00,70.00,true,1,
3600542413626,false,גרנייה - מסכת טישו דובדבן שפתיים,לוריאל,CN,מסכת טישו דובדבן,יחידה,1.00,יחידה,false,1,12.90,12.90,true,1,
3600542415194,false,גרניה סקין נטורלס קרם לחות BB גוון ללא ש,לוריאל,FR,קרם לחות,מיליליטרים,50.00,"100 מ""ל",false,1,60.00,120.00,true,1,
3600542421621,false,גרניה פרוקטיס מסכה לשיער בננה 390 מל,"אינטרביוטי קוסמטיק בע""\מ",IL,פרוקטיס היירפוד,מיליליטרים,390.00,"100 מ""ל",false,1,39.90,10.23,true,1,
3600542421638,false,"גרנייה - פרוקטיס היירפוד שמפו מקדמיה 350 מ""ל","אינטרביוטי קוסמטיק בע""\מ",IL,פרוקטיס היירפוד,מיליליטרים,350.00,"100 מ""ל",false,1,14.90,4.26,true,1,
3600542421645,false,"גרנייה - פרוקטיס היירפוד מרכך מקדמיה 350 מ""ל","אינטרביוטי קוסמטיק בע""\מ",IL,פרוקטיס היירפוד,מיליליטרים,350.00,"100 מ""ל",false,1,14.90,4.26,true,1,
3600542421676,false,"גרנייה - פרוקטיס היירפוד מרכך בננה 350 מ""ל","אינטרביוטי קוסמטיק בע""\מ",IL,פרוקטיס היירפוד,מיליליטרים,350.00,"100 מ""ל",false,1,14.90,4.26,true,1,
3600542421683,false,"גרנייה - פרוקטיס היירפוד שמפו בננה 350 מ""ל","אינטרביוטי קוסמטיק בע""\מ",IL,פרוקטיס היירפוד,מיליליטרים,350.00,"100 מ""ל",false,1,14.90,4.26,true,1,
3600542421737,false,גרנייה פרוקטיס היפורד מסכה מקדמיה 390 גר,"אינטרביוטי קוסמטיק בע""\מ",IL,פרוקטיס היירפוד,מיליליטרים,390.00,"100 מ""ל",false,1,39.90,10.23,true,1,
3600542431828,false,גרנייה - קולור נטורלס 1 שחור טבעי חדש,לוריאל ישראל קוסמטיקס בע,PL,קולור נטורלס 1,יחידה,1.00,יחידה,false,1,18.90,18.90,true,1,
3600542431842,false,גרנייה - קולור נטורלס 4 חום כהה טבעי חדש,לוריאל ישראל קוסמטיקס בע,PL,קולור נטורלס 4,יחידה,1.00,יחידה,false,1,18.90,18.90,true,1,
3600542431859,false,גרנייה - קולור נטורלס 5 חום טבעי חדש,לוריאל ישראל קוסמטיקס בע,PL,צבע שיער קולור,יחידה,1.00,יחידה,false,1,18.90,18.90,true,1,
3600542431866,false,גרנייה קולור נטורלס צבע לשיער חום בהיר 6,גרנייה Garnier,PL,קולור נטורלס 6,יחידה,1.00,יחידה,false,1,18.90,18.90,true,1,
3600542431873,false,גרנייה - קולור נטורלס 7 בלונד טבעי חדש,לוריאל ישראל קוסמטיקס בע,PL,קולור נטורלס 7,יחידה,1.00,יחידה,false,1,18.90,18.90,true,1,
3600542431903,false,גרנייה - קולור נטורלס 10 בלונד סופר בהיר חדש,לוריאל ישראל קוסמטיקס בע,PL,צבע לשיער קולו,יחידה,1.00,יחידה,false,1,18.90,18.90,true,1,
3600542431934,false,גרנייה - קולור נטורלס 6.25 חום אגוז חדש,לוריאל ישראל קוסמטיקס בע,PL,קולור נטורלס6.25,יחידה,1.00,יחידה,false,1,18.90,18.90,true,1,
3600542431958,false,גרנייה - קולור נטורלס 7.3 בלונד זהוב חדש,לוריאל ישראל קוסמטיקס בע,PL,קולור נטורלס 7.3,יחידה,1.00,יחידה,false,1,18.90,18.90,true,1,
3600542431965,false,גרנייה - קולור נטורלס 5.52 חום דבש חדש,משווק ויבואןn\:לוריאל יש,PL,קולור נטורלס5.52,יחידה,1.00,יחידה,false,1,18.90,18.90,true,1,
3600542431996,false,גרנייה - קולור נטורלס 5.15 חום שוקולד עשיר חדש,יבואן ומשווק: n\לוריאל י,PL,צבע שיער קולור,יחידה,1.00,יחידה,false,1,18.90,18.90,true,1,
3600542432009,false,גרנייה - קולור נטורלס 4.5 חום שוקולד כהה חדש,לוריאל ישראל קוסמטיקס בע,PL,קולור נטורלס 4.5,יחידה,1.00,יחידה,false,1,18.90,18.90,true,1,
3600542432030,false,גרנייה - קולור נטורלס 7.40+ נחושת עוצמתית חדש,לוריאל ישראל קוסמטיקס בע,PL,קולור נטורלס7.40,יחידה,1.00,יחידה,false,1,18.90,18.90,true,1,
3600542432085,false,גרנייה - קולור נטורלס 4.12 חום קרח חדש,לוריאל ישראל קוסמטיקס בע,PL,קולור נטורלס4.12,יחידה,1.00,יחידה,false,1,18.90,18.90,true,1,
3600542432092,false,גרנייה - קולור נטורלס 5.12 חום שלג חדש,קוסמופול,PL,קולור נטורלס5.12,יחידה,1.00,יחידה,false,1,18.90,18.90,true,1,
3600542432962,false,"גרנייה - סרום לפנים אלוורה 30 מ""ל",לוריאל,DE,גרנייה סרום אלוו,מיליליטרים,30.00,"100 מ""ל",false,1,59.90,199.67,true,1,
3600542433266,false,גרנייה - סרום לפנים ויטמין C סקין אקטיב,לוריאל,DE,גרנייה סרום ויטמ,מיליליטרים,30.00,"100 מ""ל",false,1,59.90,199.67,true,1,
3605522040588,false,ארמני סטרונגר ג.אדט 100,אינטרביוטי-בישו,FR,u With Stronger,מיליליטרים,100.00,"100 מ""ל",false,0,298.00,298.00,true,1,
3605530931663,false,לנקום בוקאז רול און 50 מל,לוריאל,IL,BOCAGE דאודורנט,מיליליטרים,50.00,"100 מ""ל",false,0,100.00,200.00,true,1,
3605532612836,false,"לנקום לה וי אה בל 75 מ""ל א.ד.פ",לנקום בישום,FR,belle est vie La,מיליליטרים,75.00,"100 מ""ל",false,1,309.00,412.00,true,1,
3605533286555,false,"לה ויה בל אדפ לאישה 100 מ""ל - לנקום",לנקום בישום,IL,belle est vie La,מיליליטרים,100.00,"100 מ""ל",false,1,359.00,359.00,true,1,
3607342686229,false,קלוויה קליין אופריה 160 מ''ל,קוטי HFC,ES,סי.קי אפוריה אשה,מיליליטרים,160.00,"100 מ""ל",false,1,449.00,280.63,true,1,
3607345264356,false,"אדידס בודי ספריי לגבר דינמיק פולס, ללא אלומיניום, 150 מל",דנשר,PL,ספריי גוף אדידס,מיליליטרים,150.00,"100 מ""ל",false,0,22.90,15.27,true,1,
3607345264912,false,"אדידס בודי ספריי לגבר אייס דייב, ללא אלומיניום, 150 מל",אגריפק אס איי לגרדה,ES,ספריי גוף אדידס,מיליליטרים,150.00,"100 מ""ל",false,0,22.90,15.27,true,1,
3607345265117,false,"אדידס - דאודורנט ספריי לגבר טים פורס 150 מ""ל",מיוצר עי קונדיטוריית,ES,ספריי גוף אדידס,מיליליטרים,150.00,"100 מ""ל",false,0,22.90,15.27,true,1,
3607347733423,false,paradiso א.ד.פ לאשה50מל,לילית בישום,FR,paradiso לאשה,מיליליטרים,50.00,"100 מ""ל",false,1,239.00,478.00,true,1,
3607347733508,false,"רוברטו קוואלי פרדיסו קלאסי – א.ד.פ 75 מ""ל",לילית בישום,GR,paradiso לאשה,מיליליטרים,75.00,"100 מ""ל",false,0,269.00,358.66,true,1,
3607349687458,false,"דאו' ספריי לגבר קול דריי פרש 150מ""ל",קולפ,PT,דאו.אדידס,מיליליטרים,150.00,"100 מ""ל",false,1,16.90,11.27,true,1,
3614223627042,false,"בקהאם רספקט אדט90 מ""ל",סופטאץ בישום,IL,בקהאם רספקט אדט,מיליליטרים,90.00,"100 מ""ל",false,0,79.90,88.78,true,1,
3614223736485,false,אדידס דאודורנט ספריי לגבר אדיפיור- ללא מלחי אלומניום 200 מל,אדידס Adidas,PT,דאו.אדידס,מיליליטרים,200.00,"100 מ""ל",false,1,14.90,7.45,true,1,
3614225356933,false,"קלווין קליין אדפ 50מ""ל",קלווין קליין,FR,קלווין קליין אדפ,מיליליטרים,50.00,"100 מ""ל",false,1,209.00,418.00,true,1,
3614226754196,false,"וולה פלקס ספריי לנפח והגנה וולה דלוקס 75 מ""ל","אינטרספריי, צרפת",FR,ספריי לנפח והגנה,מיליליטרים,75.00,"100 מ""ל",false,1,16.90,22.53,true,1,
3614226761538,false,תרסיס קולסטון רוט טאצ' אפ חום מהגוני,וולה Wella,DE,קולסטון ספריי,מיליליטרים,75.00,"100 מ""ל",false,1,27.90,37.20,true,1,
3614226761583,false,קולסטון ספריי בלונד בנונ,דיפלומט,DE,קולסטון ספריי,מיליליטרים,75.00,"100 מ""ל",false,1,27.90,37.20,true,1,
3614226761651,false,תרסיס קולסטון רוט טאצ' אפ בלונד בהיר - כהה,וולה Wella,FR,קולסטון ספריי,מיליליטרים,75.00,"100 מ""ל",false,1,27.90,37.20,true,1,
3614226761675,false,קולסטון רוט טאצ אפ ספריי שורשים-שחור,וולה Wella,FR,קולסטון ספריי,מיליליטרים,75.00,"100 מ""ל",false,1,27.90,37.20,true,1,
3614228865814,false,סופט קולור 60 בלונד כהה,"HFC פרסטיג,'\ שטיינברג,",DE,וולה סופט קולור,יחידה,1.00,יחידה,false,1,41.90,41.90,true,1,
3614229392210,false,"אופוריה בלאש אדפ 100 מ""ל",,IL,אופוריה בלאש אדפ,מיליליטרים,100.00,"100 מ""ל",false,1,299.00,299.00,true,1,
3614271430205,false,טיינט איידול אולטרה01,לנקום,FR,טיינט איידול 01,מיליליטרים,30.00,"100 מ""ל",false,1,179.00,596.67,true,1,
3614271579423,false,קרם גוף לה ויה בל 200 מל,,IL,קרם גוף לה ויה ב,מיליליטרים,200.00,"100 מ""ל",false,1,149.00,74.50,true,1,
3614272048607,false,לנקום אבסולו קרם עיניים 20 מל,לוריאל,FR,קרם עיניים,מיליליטרים,20.00,"100 מ""ל",false,1,545.00,2725.00,true,1,
3614272049161,false,לנקום אבסולו ריצ קרם לחות 60 מל,לנקום,FR,קרם יום אבסולו ר,מיליליטרים,60.00,"100 מ""ל",false,1,929.00,1548.33,true,1,
3614272865235,false,"אקווה דה ג'יו פרופונדו אדפ 125 מ""ל לגבר",,FR,אקווהדה גיו פרופ,מיליליטרים,125.00,"100 מ""ל",false,1,399.00,319.20,true,1,
3614272907652,false,מי וואי א.ד.פ לאישה 30מל,לנקום בישום,FR,מי וואי א.ד.פ לא,מיליליטרים,30.00,"100 מ""ל",false,1,149.00,496.67,true,1,
3614273370417,false,סרום פנים אבסולו מוקטן 5,לנקום,FR,סרום פנים אבסולו,מיליליטרים,5.00,"100 מ""ל",false,1,49.00,980.00,true,1,
3614273604888,false,סי פסיוני אקלה אדפ 100מל,,FR,סי פסיוני אקלה א,מיליליטרים,100.00,"100 מ""ל",false,1,359.00,359.00,true,1,
3614273662376,false,"אקווה דה גיו אדפ 15 מ""ל",,FR,אקווה דה גיו אדפ,מיליליטרים,15.00,"100 מ""ל",false,1,49.00,326.67,true,1,
3614273709934,false,"מארז בישום IDOLE 100 מ""ל",,FR,מארז בישום IDOLE,יחידה,1.00,יחידה,false,1,479.00,479.00,true,1,
3614273776134,false,ליברה לה פארפם,,,ליברה לה פארפם,יחידה,1.00,יחידה,false,0,149.00,149.00,true,1,
3616301799597,false,לקוסט 1212.Lאדט אשה100מ,קוטי HFC,DE,לקוסט 1212.Lאדט,מיליליטרים,100.00,"100 מ""ל",false,1,199.00,199.00,true,1,
3616302015580,false,"Ckfree א.ד.ט לגבר 100מ""ל",,GR,Ckfree אדט לגבר,מיליליטרים,100.00,"100 מ""ל",false,1,119.00,119.00,true,1,
3616303173098,false,הוגו בוס בוטלד פרפיום100,קוטי HFC,DE,הוגו בוס בוטלד,מיליליטרים,100.00,"100 מ""ל",false,1,319.00,319.00,true,1,
3616303455170,false,מארז אופוריה אדט לגבר,קוטי HFC,ES,מארז אופוריה אדט,יחידה,1.00,יחידה,false,1,225.00,225.00,true,1,
3661163970448,false,"אדידס דאודורנט ספריי מקס פרש לגברים 200 מ""ל",מיוצר עי קונדיטוריית,PT,דאודורנט אדידס,מיליליטרים,200.00,"100 מ""ל",false,0,14.90,7.45,true,1,
3661163990545,false,"אדידס דאודורנט ספריי לגברים אקשיין 200 מ""ל",מיוצר עי קונדיטוריית,PT,דאודורנט אדידס,מיליליטרים,200.00,"100 מ""ל",false,0,14.90,7.45,true,1,
3661163991146,false,"אדידס - דאודורנט ספריי לאישה קול אנד קר פרש 150 מ""ל",מיוצר עי קונדיטוריית,PT,דאודורנט אדידס,מיליליטרים,150.00,"100 מ""ל",false,0,14.90,9.93,true,1,
3661163991580,false,"אדידס - דאודורנט ספריי לאישה קול אנד קר 6 ב-1 150 מ""ל",מיוצר עי קונדיטוריית,PT,דאודורנט אדידס,מיליליטרים,150.00,"100 מ""ל",false,0,14.90,9.93,true,1,
3760260450096,false,DARK MONTALE אדפ100 מל,,FR,PUR DARK MONTALE,מיליליטרים,100.00,"100 מ""ל",false,1,379.00,379.00,true,1,
3838824127149,false,צבע לשיער פלטה - 1-1 שחור כחול,שוורצקופף והנקל,SI,צבע לשיער פלטה,יחידה,1.00,יחידה,false,0,29.90,29.90,true,1,
3838824127200,false,פלטה סמי קיט 5-68 ערמונים בינוני,שוורצקופף והנקל,SI,צבע לשיער פלטה,יחידה,1.00,יחידה,false,0,29.90,29.90,true,1,
3838824127224,false,פלטה סמי קיט חום בינוני 4-0 צבע שיער,שוורצקופף והנקל,SI,צבעי שיער פלטה,יחידה,1.00,יחידה,false,0,29.90,29.90,true,1,
3838824127248,false,פלטה סמי קיט חום בהיר 5-0 צבע שיער,שוורצקופף והנקל,SI,צבעי שיער פלטה,יחידה,1.00,יחידה,false,0,29.90,29.90,true,1,
3838824127262,false,פלטה סמי קיט בלונד כהה 6-0 צבע שיער,שוורצקופף והנקל,SI,צבע לשיער פלטה,יחידה,1.00,יחידה,false,0,29.90,29.90,true,1,
3838824127309,false,פלטה סמי קיט בלונד בהיר 8-0 צבע שיער,שוורצקופף והנקל,SI,צבע לשיער פלטה,יחידה,1.00,יחידה,false,0,29.90,29.90,true,1,
3838824127583,false,צבע לשיער פלטה - 6-88 אדום בוער,שוורצקופף והנקל,SI,צבע לשיער פלטה,יחידה,1.00,יחידה,false,0,29.90,29.90,true,1,
3838824127644,false,צבע לשיער פלטה - 4-89 חציל זוהר,שוורצקופף והנקל,SI,צבע לשיער פלטה,יחידה,1.00,יחידה,false,0,29.90,29.90,true,1,
3838824128726,false,פלטה דלוקס קיט 10-5 בלונד זהוב מבריק,שוורצקופף & הנקל דיסלדור,DE,צבע לשיער פלtטה,יחידה,1.00,יחידה,false,0,28.90,28.90,true,1,
3838824129068,false,פאלטה - דלוקס שמני הזנה חום קפה 4-68,הנקל סוד,DE,צבע לשיער פלטה,יחידה,1.00,יחידה,false,0,28.90,28.90,true,1,
3838824193915,false,צבע לשיער פאלטה סמי קיט שחור 0-1,שוורצקופף והנקל,SI,צבע סמי קיט פלטה,יחידה,1.00,יחידה,false,0,29.90,29.90,true,1,
3838824240275,false,פלטה סמי קיט 8-0 בלונד בהיר,שוורצקופף והנקל,SI,צבע לשיער פלטה,יחידה,1.00,יחידה,false,0,29.90,29.90,true,1,
3838824332154,false,פלטה סמי קיט 7-17 חום אדום עדין,הנקל סוד,DE,צבע סמי קיט פלטה,יחידה,1.00,יחידה,false,1,29.90,29.90,true,1,
3838824380827,false,צבעי שיער בלונד כהה אפרפר 6-1 סמי קיט פאלטה,שוורצקופף והנקל,DE,צבע לשיער פלטה,יחידה,1.00,יחידה,false,1,29.90,29.90,true,1,
3838824381022,false,צבעי שיער חום שוקולד כהה 3-65 סמי קיט פאלטה,שוורצקופף והנקל,DE,צבע לשיער פלטה,יחידה,1.00,יחידה,false,1,29.90,29.90,true,1,
4001683011426,false,או-בה מיני פרו קומפורט16,ג'ונסון,GR,או-בה מיני פרו ק,יחידה,1.00,יחידה,false,1,14.90,14.90,true,1,
4005808185542,false,ניוואה רצועות לניקוי והסרת נקודות שחורות,ניוואה,DE,רצועות לניקוי,יחידה,1.00,יחידה,false,1,29.90,29.90,true,1,
4005808197637,false,"ניוואה קרם יום קיו 10 לצמצום נקבוביות 50 מ""ל",ביירסדורץ,DE,קרם לחות יום,מיליליטרים,50.00,"100 מ""ל",false,0,110.00,220.00,true,1,
4005808293469,false,"ניוואה - דאודורנט ספריי לגבר יבש 150 מ""ל",BEIERSDORF MANUFACTU,DE,ניוואה דאודורנט,מיליליטרים,150.00,"100 מ""ל",false,1,23.90,15.93,true,1,
4005808366392,false,שפתון ליובש כחול קלאסי לבלו 48 גרם,טרופיקל דגיל תעשיות,IL,שפתון לבלו כחול,יחידה,1.00,יחידה,false,1,10.00,10.00,true,1,
4005808502004,false,לבלו שפתון סופט ורוד בליסטר 5.5מל,ביירסדורף,DE,לבלו שפתון,יחידה,1.00,יחידה,false,0,10.00,10.00,true,1,
4005808561438,false,ניוואה אינטימו תחליב ניקוי לשטיפה אינטימ,אלפא,DE,ניוואה אינטימו,מיליליטרים,250.00,"100 מ""ל",false,1,29.90,11.96,true,1,
4005808588640,false,"ניוואה קרם גילוח לעור רגיש 100 מ""ל",ביירסדורף,DE,קרם גילוח ניוואה,מיליליטרים,100.00,"100 מ""ל",false,0,18.90,18.90,true,1,
4005808650729,false,לבלו שפתון תות שדה,ביירסדורף,,לבלו תות שדה,יחידה,1.00,יחידה,false,0,10.00,10.00,true,1,
4005808670314,false,"קרם לחות לפנים לעור רגיל - מעורב ניוואה 50 מ""ל",ניוואה Nivea,PL,קרם לחות,מיליליטרים,50.00,"100 מ""ל",false,0,69.00,138.00,true,1,
4005808670611,false,"קרם לחות פנים לעור עדין-יבש ניוואה 50 מ""ל",ביירסדורץ,DE,קרם לחות,מיליליטרים,50.00,"100 מ""ל",false,0,69.00,138.00,true,1,
4005808692552,false,ניוואה ESLS תכשיר ניקוי נורמל דיספנסר150,HELLAS BEIERSDORF,DE,מוס ניקוי פנים,מיליליטרים,150.00,"100 מ""ל",false,1,24.90,16.60,true,1,
4005808801046,false,"קרם רב שימושי 150 מ""ל",HELLAS BEIERSDORF,DE,קרם רב שימושי,מיליליטרים,150.00,"100 מ""ל",false,1,24.90,16.60,true,1,
4005808811519,false,"ניוואה ג'ל לניקוי פנים לעור רגיל, 150 מ""ל",HELLAS BEIERSDORF,DE,ניואה ויסאג',מיליליטרים,150.00,"100 מ""ל",false,0,29.90,19.93,true,1,
4005808811700,false,"ניוואה ג'ל לניקוי מאזן לעור, 150 מ""ל",ביירסדורץ,DE,ג'ל ניקוי מ/ש,מיליליטרים,150.00,"100 מ""ל",false,0,29.90,19.93,true,1,
4005808812899,false,"ניוואה ויזג Q 10 לילי קרם נג קמטים ללילה, 50 מ""ל",ניוואה Nivea,PL,קרם נגד קמטים,מיליליטרים,50.00,"100 מ""ל",false,0,110.00,220.00,true,1,
4005808813063,false,תחליב לחות לעור רגיש לאחר גילוח,בטר אנד דיפרנט,DE,ניוואה אפטר שייב,מיליליטרים,100.00,"100 מ""ל",false,0,39.90,39.90,true,1,
4005808827220,false,"ניוואה סרום סלולר 40 מ""ל",ניוואה ויסאז',PL,סלולר סרום,מיליליטרים,40.00,"100 מ""ל",false,0,99.90,249.75,true,1,
4005808827268,false,ניוואה סלולר קרם לילה 50 מל,ניוואה ויסאז',PL,סלולר קרם לילה,מיליליטרים,50.00,"100 מ""ל",false,0,99.90,199.80,true,1,
4005808828838,false,"ניוואה - דאודורנט ספריי לגבר קול קיק 150 מ""ל",ניוואה Nivea,DE,דאודורנט אקווה,מיליליטרים,150.00,"100 מ""ל",false,0,23.90,15.93,true,1,
4005808850723,false,לבלו שפתון תות בליסטר,טרופיקל דגיל תעשיות,DE,שפתון לבלו,יחידה,1.00,יחידה,false,0,10.00,10.00,true,1,
4005808851515,false,שפתון לבלו גבר בליסט,אלפא,DE,לבלו גבר בליסטר,יחידה,1.00,יחידה,false,0,10.00,10.00,true,1,
4005808890507,false,קרם לחות רב שימושי סופט ניוואה 200 מ''ל,ניוואה Nivea,ES,קרם ניוואה סופט,מיליליטרים,200.00,"100 מ""ל",false,0,24.90,12.45,true,1,
4005808890576,false,"קרם ידיים סופט ניוואה 75 מ""ל",ניוואה Nivea,ES,קרם ידיים ניוואה,מיליליטרים,75.00,"100 מ""ל",false,0,11.90,15.86,true,1,
4005900036476,false,"ניוואה - דאודורנט רול און לאישה בלק אנד וויט קליר 50 מ""ל",טרופיקל דגיל תעשיות,DE,דאודורנט ניוואה,מיליליטרים,50.00,"100 מ""ל",false,0,23.90,47.80,true,1,
4005900138842,false,"ניוואה - תחליב רחצה סמוט 750 מ""ל",ניואה,DE,תחליב רחצה ניואה,מיליליטרים,750.00,"100 מ""ל",false,1,20.90,2.79,true,1,
4005900273482,false,שפתון ליובש אוכמניות לבלו 48 גרם,HELLAS BEIERSDORF,DE,שפתון לבלו,יחידה,1.00,יחידה,false,1,10.00,10.00,true,1,
4005900420220,false,"ג'ל רחצה לגבר פאוור רפרש ניוואה 500 מ""ל",ניואה,DE,ניוואה ג'ל רחצה,מיליליטרים,500.00,"100 מ""ל",false,1,14.90,2.98,true,1,
4005900447579,false,ניוואה אורבן קרם יום SPF20,ניוואה,DE,URBAN ג'ל קרם י,מיליליטרים,50.00,"100 מ""ל",false,1,69.90,139.80,true,1,
4005900485243,false,"ניוואה - דאודורנט רול און לגבר דריי פרש 50 מ""ל",ביירסדורף,DE,דאודורנט ניוואה,מיליליטרים,50.00,"100 מ""ל",false,1,23.90,47.80,true,1,
4005900488459,false,"ניוואה - דאודורנט רול און לאישה דריי פרש 50 מ""ל",ביירסדורץ,DE,דאו.רול ניוואה,מיליליטרים,50.00,"100 מ""ל",false,1,23.90,47.80,true,1,
4005900545688,false,ניוואה Q10 קרם יום המסייע למניעת מראה סי,אלפא,DE,קרם יום,מיליליטרים,50.00,"100 מ""ל",false,1,110.00,220.00,true,1,
4005900547316,false,"ניוואה - דאודורנט ספריי לאישה שקוף בלק וווי 150 מ""ל",בטר אנד דיפרנט,DE,דאודורנט ניוואה,מיליליטרים,150.00,"100 מ""ל",false,1,23.90,15.93,true,1,
4005900562029,false,ניוואה מים מיסלריים בתוספת מי ורדים,אלפא,TR,מים מיסלריים ורד,מיליליטרים,400.00,"100 מ""ל",false,1,29.90,7.48,true,1,
4005900583079,false,לבלו KISS שפתון צבעוני ניוד ורדרד,ביירסדורץ,DE,לבלו קיס צבעוני,יחידה,1.00,יחידה,false,1,14.90,14.90,true,1,
4005900583130,false,לבלו KISS שפתון צבעוני דובדבן שחור,ביירסדורץ,DE,לבלו קיס צבעוני,יחידה,1.00,יחידה,false,1,14.90,14.90,true,1,
4005900639554,false,"ניוואה - דאודורנט רול און לאישה פרש נטורל לאישה ללא אלומיניום 50 מ""ל",ביירסדורף AG,DE,דאודורנט ניוואה,מיליליטרים,50.00,"100 מ""ל",false,1,23.90,47.80,true,1,
4005900661364,false,ניוואה Q10 אקסטרה נורישינג קרם יום מזין,אלפא,PL,Q10 קרם יום שמן,מיליליטרים,50.00,"100 מ""ל",false,1,110.00,220.00,true,1,
4005900661371,false,ניוואה Q10 אקסטרה נורישינג קרם לילה מזין,אלפא,PL,Q10 קרם לילה שמן,מיליליטרים,50.00,"100 מ""ל",false,1,110.00,220.00,true,1,
4005900683878,false,לבלו סקראב שפתון פילינג אלוורה בליסטר,ביירסדורף,DE,לבלו סקראב אלורה,יחידה,1.00,יחידה,false,1,10.00,10.00,true,1,
4005900730299,false,"ניוואה דאו רול און לאשה בלק אנד וויט אימפקט 50 מ""ל",ביירסדורף,DE,דאודורנט ניוואה,מיליליטרים,50.00,"100 מ""ל",false,1,23.90,47.80,true,1,
4005900730336,false,"ניוואה דאו רול און לגבר בלק אנד וויט אימפקט 50 מ""ל",ביירסדורף,DE,ניוואה דאודורנט,מיליליטרים,50.00,"100 מ""ל",false,1,23.90,47.80,true,1,
4005900786975,false,"סרום לומינוס לטיפול מתקדם בכתמים כהים 50 מ""ל",אלפא,PL,סלולר לומינוס 63,מיליליטרים,30.00,"100 מ""ל",false,1,140.00,466.67,true,1,
4005900816108,false,"דאודורנט רול און לגבר אפקט היובש ניוואה 50 מ""ל",טרופיקל דגיל תעשיות,DE,דאודורנט ניוואה,מיליליטרים,50.00,"100 מ""ל",false,0,23.90,47.80,true,1,
4005900828088,false,"ניוואה - דאודורנט רול און לגבר פרש 50 מ""ל",טרופיקל דגיל תעשיות,DE,דאודורנט ניוואה,מיליליטרים,50.00,"100 מ""ל",false,0,23.90,47.80,true,1,
4005900833723,false,"ניוואה - פאוור פרש ג'ל רחצה לגבר 500 מ""ל",HELLAS BEIERSDORF,DE,ניוואה ג'ל רחצה,מיליליטרים,500.00,"100 מ""ל",false,1,14.90,2.98,true,1,
4005900886521,false,ניוואה סלולר לומינוס קרם עיניים 15 מל,אלפא,PL,סלולר לומינוס קר,מיליליטרים,15.00,"100 מ""ל",false,1,140.00,933.33,true,1,
4005900978950,false,לבלו - דובדבן שפתון לחות מטפח מהדורת נסיכות דיסני,ביירסדורף,DE,לבלו אריאל,יחידה,1.00,יחידה,false,1,10.00,10.00,true,1,
4005900978967,false,לבלו - וניל שפתון לחות מטפח מהדורת נסיכות דיסני,ביירסדורף,DE,לבלו אלזה,יחידה,1.00,יחידה,false,1,10.00,10.00,true,1,
4005900978974,false,לבלו - סופט רוז שפתון לחות מטפח מהדורת נסיכות דיסני,ביירסדורף,DE,לבלו סופט יסמין,יחידה,1.00,יחידה,false,1,10.00,10.00,true,1,
4008600314509,false,נוק זוג מוצץ סיליקון דיסני מיקי 0-6 אדום,פרומדיקו,DE,מוצצי דיסני מיקי,יחידה,1.00,יחידה,false,1,39.90,39.90,true,1,
4009900379564,false,מסטיק הובה בובה Hubba Bubba טייפ בטעם פירות,מרס ריגלי קונפקשונרי,GB,מסטיק הובה בובה,גרמים,56.00,100 גרם,false,0,7.20,12.86,true,1,
4009900385824,false,מסטיק אורביט פפרמינט סטיקס משפחתי-חמישיות,ריגלי צרפת,FR,מסטיק סטיקס,גרמים,65.00,100 גרם,false,0,9.90,15.23,true,1,
4009900402965,false,אורביט וויט בטעם פירות בקבוקון 46מלבניות,ריגלי פולין,PL,אורביט בקבוקון,גרמים,64.00,100 גרם,false,0,8.90,13.90,true,1,
4009900403023,false,אורביט וויט בטעם מנטה בקבוקון 46 מלבניות,"ב.א מזון בע""מ",PL,אורביט בקבוקון,גרמים,64.00,100 גרם,false,0,8.90,13.90,true,1,
4009900406918,false,מסטיק הובה בובה טייפ טריפל מיקס 56ג',מרס ריגלי קונפקשונרי,GB,מסטיק הובה בובה,גרמים,56.00,100 גרם,false,0,7.20,12.86,true,1,
4009900420129,false,מסטיק אורביט פרופשנל פפרמינט בקבוקון 64 גר',מרס נדרלנד,PL,אורביט פפרמינט,גרמים,64.00,100 גרם,false,1,8.90,13.90,true,1,
4009900426039,false,מסטיק מנטה אקליפטוס בקבוקון איירווייבס 64 גרם,איירוויבס Airwaves,PL,מסטיק איירוויבז,גרמים,64.00,100 גרם,false,1,8.90,13.90,true,1,
4009900479998,false,אורביט וויט אוכמניות בקבוקון 46 מלבניות,ריגלי פולין,PL,אורביט בקבוקון,גרמים,64.00,100 גרם,false,0,8.90,13.90,true,1,
4009900483803,false,מסטיק איירובס מנטה אקליפטוס בקבוקון 60יח',איירוויבס Airwaves,PL,מסטיק איירוויבז,גרמים,84.00,100 גרם,false,1,10.90,12.98,true,1,
4009900484060,false,מסטיק אורביט פרופשיונל בטעם מנטה ללא סוכר,ריגלי פולין,PL,אורביט בקבוק,גרמים,84.00,100 גרם,false,0,10.90,12.98,true,1,
4009900484091,false,מסטיק אורביט פרופשיונל בטעם מנטה ללא סוכר,ריגלי פולין,PL,אורביט בקבוק,גרמים,84.00,100 גרם,false,0,10.90,12.98,true,1,
4009900487283,false,אורביט ילדים קלאסי סט' משפחתי-חמישיות,ריגלי צרפת,FR,מסטיק סטיקס,גרמים,65.00,100 גרם,false,0,9.90,15.23,true,1,
4009900534581,false,איירוויבס בקבוקון דובדבן ומנטה 46 מלבני,Unknown,IL,מסטיק איירוויבז,גרמים,64.00,100 גרם,false,1,8.90,13.90,true,1,
4009900534611,false,מסטיק איירוויבז בקבוקון בטעם מלון ומנטה,ריגלי,IL,מסטיק אייוויבז,גרמים,64.00,100 גרם,false,1,8.90,13.90,true,1,
4009900535519,false,מסטיק אורביט רפרשרס ספירמינט ללא סוכר 15.6גר',אורביט,PL,אורביט רפרשרס,גרמים,15.00,100 גרם,false,1,4.30,28.67,true,1,
4009900535540,false,מסטיק אורביט רפרשרס פפרמינט ללא סוכר 15.6גר',אורביט,PL,מסטיק אורביט,גרמים,15.00,100 גרם,false,1,4.30,28.67,true,1,
4009900536288,false,מסטיק אורביט רפרשרס פפרמינט בקבוקון ללא סוכר 67 גר',מרס ריגלי קונפקשונרי,PL,אורביט רפרשרס,גרמים,67.00,100 גרם,false,1,13.00,19.40,true,1,
4009900539685,false,"מסטיק פייב באונס בטעם מנטה בקבוקון, 61.8 גרם",ריגלי בעמ רוסיה,PL,מסטיק פייב,גרמים,61.00,100 גרם,false,1,12.90,21.15,true,1,
4009900539746,false,"מסטיק פייב באונס בטעם אבטיח בקבוקון, 61.8 גרם",ריגלי בעמ רוסיה,PL,מסטיק פייב,גרמים,61.00,100 גרם,false,1,12.90,21.15,true,1,
4009900540551,false,מסטיק אורביט רפרשרס טרופיקל בקבוקון ללא סוכר,מרס פולין,PL,אורביט רפרשרס,גרמים,67.00,100 גרם,false,1,13.00,19.40,true,1,
4012273123009,false,נטרוגינה קרם ידיים 50 מל הסדרה הנורבגית,גונסון אנד גונסון,FR,קרם ידיים,מיליליטרים,50.00,"100 מ""ל",false,0,28.90,57.80,true,1,
4014400914696,false,וורטרס אורגינל סוכריות ללא סוכר 80 גרם,ליימן מותגים,DE,סוכריות וורטר,גרמים,80.00,100 גרם,false,0,11.90,14.88,true,1,
4014400925319,false,וורטרס אורגינל פופקורן קרמל 140 גרם,וורטרס Werther's,DE,ממתק קרמל ורטר,גרמים,140.00,100 גרם,false,1,9.90,7.07,true,1,
4014400931327,false,וורטר פופקורן קרמל עם תערובת גרעינים 140 גרם,וורטרס Werther's,DE,פופקורן וורטר,גרמים,140.00,100 גרם,false,1,9.90,7.07,true,1,
4015000280211,false,"פה - דאודורנט רול און לאישה קאריביין לימון 50 מ""ל",שוורצקוף& הנקל דיסלד,DE,דאודורנט FA,מיליליטרים,50.00,"100 מ""ל",false,0,13.90,27.80,true,1,
4015000280372,false,"דאודורנט רול און בניחוח לימון פה 50 מ""ל",שוורצקופף והנקל,DE,דאודורנט FA,מיליליטרים,50.00,"100 מ""ל",false,0,13.90,27.80,true,1,
4015000615884,false,"פה - דאודורנט ספריי לאישה קריביין לימון 200 מ""ל",שוורצקופף והנקל,DE,דאודורנט FA,מיליליטרים,200.00,"100 מ""ל",false,0,13.90,6.95,true,1,
4015000940955,false,שמפו גליס Gliss שיקום נזק קיצוני אולטימט ריפייר,שוורצקופף והנקל,DE,שמפו גליס,מיליליטרים,400.00,"100 מ""ל",false,0,17.90,4.48,true,1,
4015000976268,false,שמפו גליס Gliss למראה שיער מבריק Million Gloss,"הובי קוסמטיק, חברת ייצור",TR,שמפו גליס,מיליליטרים,400.00,"100 מ""ל",false,0,17.90,4.48,true,1,
4015000996235,false,"גליס - מרכך משקם אקספקס תמצית שמן אולטימטיבי 200 מ""ל",שוורצקוף,SI,ספריי מרכך גליס,מיליליטרים,200.00,"100 מ""ל",false,0,24.90,12.45,true,1,
4015000997430,false,פה דאודורנט ספריי אינויזיבל פאוור 200 מל,שוורצקופף והנקל,TR,דאודורנט פה,מיליליטרים,200.00,"100 מ""ל",false,0,13.90,6.95,true,1,
4015100190786,false,גליס מסכת סרום לשיקום עמוק עם קרטין,שוורצקופף והנקל,SK,מסכת גליס,מיליליטרים,300.00,"100 מ""ל",false,1,23.90,7.97,true,1,
4015100298000,false,גליס מסכה ביו-טק 2ב-1 300 מל,שוורצקופף והנקל,TR,מסכה עשירה גליס,מיליליטרים,300.00,"100 מ""ל",false,1,23.90,7.97,true,1,
4015100438192,false,פאלטה - דלוקס קיט בלונד זהוב חם 8-65,שוורצקופף & הנקל דיסלדור,DE,צבע לשיער פאלטה,יחידה,1.00,יחידה,false,1,28.90,28.90,true,1,
4015400362920,false,טמפונים עם מוליך Tambax,פרוקטר אנד גמבל,HU,טמפקס רגולר 20 י,יחידה,1.00,יחידה,false,0,23.90,23.90,true,1,
4015400363002,false,טמפקס סופר 20 יחידות,פרוקטר אנד גמבל,DE,טמפקס סופר,יחידה,1.00,יחידה,false,1,23.90,23.90,true,1,
4015400690313,false,טמפונים פרל רגולר טמפקס קומפאק 18 יח,פרוקטר אנד גמבל,HU,טמפקס,יחידה,1.00,יחידה,false,1,23.90,23.90,true,1,
4015400690405,false,טמפונים פרל סופר טמפקס קומפאק 18 יח,פרוקטר אנד גמבל,HU,טמפקס,יחידה,1.00,יחידה,false,1,23.90,23.90,true,1,
4015400824725,false,טמפונים סופר עם מוליך טמפקס 30 יחידות,פרוקטר אנד גמבל,HU,טמפקס פלאש סופר,יחידה,1.00,יחידה,false,0,29.90,29.90,true,1,
4015400824749,false,טמפונים טמפקס פלאש סופר פלוס 30 יחידות,פרוקטר אנד גמבל,HU,טמפקס פלאש,יחידה,1.00,יחידה,false,0,29.90,29.90,true,1,
4015400990482,false,"אבקת כביסה אריאל קולור 3 ק""ג",פרוקטר אנד גמבל,TR,אבקת אריאל קולור,קילוגרמים,3.00,"ק""ג",false,1,37.90,12.63,true,1,
4015600763251,false,שמפו הד&שולדרס קלאסי600מ,פרוקטר אנד גמבל,RO,שמפו הד&שולדרס,מיליליטרים,600.00,"100 מ""ל",false,0,25.90,4.32,true,1,
4015600763299,false,הד&שולדרס 600 שמפו 2ב1 קלאסי,פרוקטר אנד גמבל,RO,שמפו הד&שולדרס,מיליליטרים,600.00,"100 מ""ל",false,0,25.90,4.32,true,1,
4015600763411,false,שמפו הד&שולדרס מנטול 600,פרוקטר אנד גמבל,RO,שמפו הד&שולדרס,מיליליטרים,600.00,"100 מ""ל",false,0,25.90,4.32,true,1,
4015600763459,false,שמפו הד&שולדרס תפוח600מל,פרוקטר אנד גמבל,RO,שמפו הד&שולדרס,מיליליטרים,600.00,"100 מ""ל",false,0,25.90,4.32,true,1,
4015600763534,false,הד&שולדרס 600 שמפו מגע משי,פרוקטר אנד גמבל,RO,שמפו הד&שולדרס,מיליליטרים,600.00,"100 מ""ל",false,0,25.90,4.32,true,1,
4015600802769,false,חוט דנטלי מנטה 35 מטר,פרוקטר & גמבל,IE,חוט דנטלי מנטה,מטרים,35.00,מטר,false,1,24.90,0.71,true,1,
4015600807436,false,"ג'ילט - דאודורנט ג'ל לגבר כדוריות קול וויב 75 מ""ל",פרוקטר אנד גמבל,GB,דאודורנט ג'ל,מיליליטרים,75.00,"100 מ""ל",false,0,32.90,43.87,true,1,
4015600810849,false,גילט דאו קליר גל 70 מל פאוור ראש,פרוקטר אנד גמבל,CZ,דאודורנט קליר,מיליליטרים,70.00,"100 מ""ל",false,0,16.90,24.14,true,1,
4017100364112,false,בלזן היט בסקוויט סנדביץ עם מלית קרם בטעם שוקולד קקאו (41%) 220 גרם,הדקלאים אגודת שיתופי,PL,עוגיות סנדוויץ,גרמים,220.00,100 גרם,false,1,8.90,4.05,true,1,
4017100366239,false,עוגיות ביסקוויט סנדוויץ ממולא קרם בטעם שוקולד,ליימן שליסל,PL,עוגיות ליבניץ,גרמים,190.00,100 גרם,false,1,12.00,6.32,true,1,
4045787068306,false,"אינדולה - פרוטאין צבע 4 חום כהה 60 מ""ל",שוורצקופף והנקל,DE,פרוטאין קולור,יחידה,1.00,יחידה,false,0,23.90,23.90,true,1,
4045787068320,false,"אינדולה - פרוטאין צבע 5 חום 60 מ""ל",שוורצקופף והנקל,DE,פרוטאין קולור,יחידה,1.00,יחידה,false,0,23.90,23.90,true,1,
4045787068337,false,"אינדולה - פרוטאין 5-35 חום שקד 60 מ""ל",אינדולה Indola,DE,פרטאין קולור,יחידה,1.00,יחידה,false,0,23.90,23.90,true,1,
4045787068375,false,"אינדולה - פרוטאין צבע 6 בלונד כהה 60 מ""ל",שוורצקופף והנקל,DE,פרוטאין קולור,יחידה,1.00,יחידה,false,0,23.90,23.90,true,1,
4045787068382,false,צבע לשיער פרוטאין קולור- 6.03 חום זהבהב,שוורצקופף והנקל,DE,פרוטאין קולור,יחידה,1.00,יחידה,false,0,23.90,23.90,true,1,
4045787068405,false,"אינדולה - פרוטאין צבע 6-23 חום שקד 60 מ""ל",אינדולה Indola,DE,פרוטאין קולור,יחידה,1.00,יחידה,false,0,23.90,23.90,true,1,
4045787068467,false,"אינדולה - פרוטאין צבע 7 בלונד בינוני 60 מ""ל",שוורצקופף והנקל,DE,פרוטאין קולור,יחידה,1.00,יחידה,false,0,23.90,23.90,true,1,
4045787068511,false,צבע לשיער פרוטאין קולור- 7.44 דבש נחושתי,אינדולה Indola,DE,פרוטאין קולור,יחידה,1.00,יחידה,false,0,23.90,23.90,true,1,
4045787068610,false,"אינדולה - פרוטאין צבע 9 בלונד טבעי 60 מ""ל",שוורצקופף והנקל,DE,פרוטאין קולור,יחידה,1.00,יחידה,false,0,23.90,23.90,true,1,
4056800100354,false,שוקוויבס מוס לשיער 200 מ,THEORAT INTERSPRAY,DE,שוקוויבס מוס,מיליליטרים,200.00,"100 מ""ל",false,1,24.90,12.45,true,1,
4056800762934,false,צבע לשיער קולסטון מיני קיט שחור 2/0,HFC פרסטיג',DE,קולסטון מיני קיט,יחידה,1.00,יחידה,false,1,25.90,25.90,true,1,
4056800777952,false,צבע לשיער קולסטון קיט 5/0 חום,HFC פרסטיג',DE,קולסטון קיט,יחידה,1.00,יחידה,false,0,38.90,38.90,true,1,
4056800778706,false,קולסטון קיט 7/0 בלונד בינוני,פרוקטר אנד גמבל,DE,קולסטון קיט,יחידה,1.00,יחידה,false,0,38.90,38.90,true,1,
4056800943791,false,קרם חמצן וולוקסון Welloxon 9%,פרוקטר אנד גמבל,FR,חמצן וולה9%,מיליליטרים,60.00,"100 מ""ל",false,0,5.90,9.83,true,1,
4056800956869,false,"שוקוויבס וקס לפיסול שיער קלין קאט, 75 מ""ל",דיפלומט,FR,וקס לפיסול שיער,מיליליטרים,75.00,"100 מ""ל",false,1,36.90,49.20,true,1,
4059729028709,false,Cat. Blush Box 050,CATRICE,DE,סומק 50,יחידה,1.00,יחידה,false,0,15.00,15.00,true,1,
4059729032539,false,באלם לשפתיים עם פילינגי,,FR,באלם לשפתיים עם,יחידה,1.00,יחידה,false,1,17.00,17.00,true,1,
4059729034410,false,Cat. HD Liquid Coverage Foundation 036,,IL,מייק אפ HD 036,מיליליטרים,30.00,"100 מ""ל",false,1,29.00,96.67,true,1,
4059729049551,false,Cat. Power Plumping Gel Lipstick 040,,DE,קטריס שפתון ג'ל,יחידה,1.00,יחידה,false,1,17.00,17.00,true,1,
4059729049636,false,באלם קוקוס לשפתיים יח',,FR,באלם קוקוס לשפת,יחידה,1.00,יחידה,false,1,17.00,17.00,true,1,
4059729191762,false,Cat. Slim'Matic Ultra Precise Brow Pencil Waterproof 050,,IL,עפרון גבות סלים,יחידה,1.00,יחידה,false,1,14.00,14.00,true,1,
4059729203250,false,Cat. Liquid Camouflage High Coverage Concealer 036,,IL,קונסילר נוזלי 0,יחידה,1.00,יחידה,false,1,15.00,15.00,true,1,
4059729220141,false,פריימר לשפתיים יח',,IL,פריימר לשפתיים,יחידה,1.00,יחידה,false,1,21.00,21.00,true,1,
4059729220158,false,שפתון משנה צבע,,IL,שפתון משנה צבע,יחידה,1.00,יחידה,false,1,21.00,21.00,true,1,
4059729222978,false,Cat. Ten!sational 10 in 1 Dream Primer,,IL,פריימר 10 ב 1,מיליליטרים,30.00,"100 מ""ל",false,1,25.00,83.33,true,1,
4059729238078,false,לק במרקם ג'ל 100 יח',,FR,לק במרקם ג'ל 10,יחידה,1.00,יחידה,false,1,10.00,10.00,true,1,
4059729244475,false,"סרום למראה גלואו 30 מ""ל",CATRICE,FR,סרום למראה גלואו,מיליליטרים,30.00,"100 מ""ל",false,1,25.00,83.33,true,1,
4059729244512,false,קונסילר אינסטנט אוויק 00,,IL,קונסילר אינסטנט,יחידה,1.00,יחידה,false,1,21.00,21.00,true,1,
4059729246271,false,Cat. Lashes To Kill Sexy Volume Mascara,,IL,מסקרה ריסים עבים,יחידה,1.00,יחידה,false,1,17.00,17.00,true,1,
4059729248336,false,Cat. Hemp & Mint Glow Lip Balm,,IL,באלם לשפתיים,יחידה,1.00,יחידה,false,1,21.00,21.00,true,1,
4059729250322,false,בוסטר אקסטרים לשפתיים יח,,IL,בוסטר אקסטרים לש,יחידה,1.00,יחידה,false,1,17.00,17.00,true,1,
4059729276667,false,עיפרון תוחם שפתיים 010,,FR,עיפרון גבות 015,יחידה,1.00,יחידה,false,1,11.00,11.00,true,1,
4059729276681,false,עיפרון תוחם שפתיים 030,,FR,עיפרון תוחם שפת,יחידה,1.00,יחידה,false,1,11.00,11.00,true,1,
4059729276698,false,עיפרון תוחם שפתיים 040,,FR,עיפרון תוחם שפת,יחידה,1.00,יחידה,false,1,11.00,11.00,true,1,
4059729276735,false,עיפרון תוחם שפתיים 080,,FR,עיפרון תוחם שפת,יחידה,1.00,יחידה,false,1,11.00,11.00,true,1,
4059729276742,false,עיפרון תוחם שפתיים 090,,FR,עיפרון תוחם שפת,יחידה,1.00,יחידה,false,1,11.00,11.00,true,1,
4059729277084,false,Catrice True Skin High Cover Concealer 010,,IT,קונסילר ל18-שעות,יחידה,1.00,יחידה,false,0,17.00,17.00,true,1,
4059729277114,false,Catrice True Skin High Cover Concealer 032,,IT,קונסילר ל18-שעות,יחידה,1.00,יחידה,false,0,17.00,17.00,true,1,
4059729277206,false,Cat. True Skin Hydrating Foundation 010,,FR,מייקאפ טרו סקין,מיליליטרים,30.00,"100 מ""ל",false,1,29.00,96.67,true,1,
4059729277565,false,Catrice Nat. All in 1 Hard. Base &Top Coat,,FR,מחזק הכל ב1- בס,יחידה,1.00,יחידה,false,1,10.00,10.00,true,1,
4059729282040,false,Cat. True Skin Hydrating Foundation 046,,FR,מייקאפ טרו סקין,מיליליטרים,30.00,"100 מ""ל",false,1,29.00,96.67,true,1,
4059729312242,false,Catrice 48h Power Stay Brow Gel 030,,CA,ג'ל לגבות,יחידה,1.00,יחידה,false,0,21.00,21.00,true,1,
4059729312259,false,Catrice Brow Fix Soap Stylist 010,,CN,סבון לגבות,יחידה,1.00,יחידה,false,0,17.00,17.00,true,1,
4059729313331,false,Catrice Volume & Lift Brow Masc. WP 030,,PL,מסקרה לגבות,יחידה,1.00,יחידה,false,0,15.00,15.00,true,1,
4059729321381,false,שמן רב תכליתי 30מל,,AU,שמן רב תכליתי,מיליליטרים,30.00,"100 מ""ל",false,1,25.00,83.33,true,1,
4059729329509,false,Catrice 20H Ultra Gel Eye Pencil WP 070,,DE,עיפרון לעיניים,יחידה,1.00,יחידה,false,0,10.00,10.00,true,1,
4059729329547,false,Catrice 20H Ultra Gel Eye Pencil WP 080,,DE,עיפרון לעיניים,יחידה,1.00,יחידה,false,0,10.00,10.00,true,1,
4059729330352,false,צללית עמידה לאורך זמן,,IT,צללית לעיניים,יחידה,1.00,יחידה,false,0,13.00,13.00,true,1,
4059729330697,false,Catrice Blush Box Glowing & Multi. 030,,PL,סומק,יחידה,1.00,יחידה,false,0,17.00,17.00,true,1,
4059729332912,false,Catrice All Matt Shine Powd. 200,,IT,פודרה,יחידה,1.00,יחידה,false,0,15.00,15.00,true,1,
4059729343192,false,מברשת מרית למסיכת פנים,,CN,מברשת מרית למסיכ,יחידה,1.00,יחידה,false,1,21.00,21.00,true,1,
4059729343239,false,סרום לחידוש עור הפנים יח,,FR,סרום לחידוש עור,יחידה,1.00,יחידה,false,1,25.00,25.00,true,1,
4059729343314,false,קטריס מסכה לשפתיים יח',,PL,קטריס מסכה לשפתי,יחידה,1.00,יחידה,false,1,17.00,17.00,true,1,
4059729356017,false,Catrice - Hydro Supercharged Serum,CATRICE,FR,סרום לפנים,מיליליטרים,30.00,"100 מ""ל",false,1,25.00,83.33,true,1,
4059729357823,false,Catrice - Super Glue Brow Styling Gel 010,CATRICE,CN,ג'ל לגבות 010,יחידה,1.00,יחידה,false,1,18.00,18.00,true,1,
4059729357939,false,Catrice - Matt. Oil-Control Primer,CATRICE,IT,פריימר לפנים,מיליליטרים,30.00,"100 מ""ל",false,1,21.00,70.00,true,1,
4084500065536,false,פנטן קרם לחות מוגברת לעיצוב שיער 300 מל,פרוקטר אנד גמבל,FR,קרם לשיער פנטן,מיליליטרים,300.00,"100 מ""ל",false,0,23.90,7.97,true,1,
4084500065598,false,"קרם לחות פנטן לתלתלים מושלמים 300 מ""ל",פרוקטר אנד גמבל,FR,קרם לשיער פנטן,מיליליטרים,300.00,"100 מ""ל",false,0,23.90,7.97,true,1,
4084500081314,false,משחת שיניים פרו אקספרט לניקוי עמוק בטעם מנטה,פרוקטר אנד גמבל,DE,משחת אורל בי,מיליליטרים,75.00,"100 מ""ל",false,1,14.90,19.87,true,1,
4084500471832,false,"ג'ילט - דאודורנט ג'ל לגבר קליר קול ווייב 70 מ""ל",פרוקטר אנד גמבל,PL,ג'ילט ג'ל קול,מיליליטרים,70.00,"100 מ""ל",false,1,22.90,32.71,true,1,
4084500471900,false,"ג'ילט - דאודורנט ג'ל לגבר קליר פאוור ראש 70 מ""ל",ג'\ילט פרוקטר אנד גמבל,PL,ג'ילט דאו קליר ג,מיליליטרים,70.00,"100 מ""ל",false,1,22.90,32.71,true,1,
4084500739253,false,"אוראל בי משחת שיניים- להלבנה לובן מהודר 75 מ""ל",פרוקטר אנד גמבל,DE,משחת אורל בי,מיליליטרים,75.00,"100 מ""ל",false,1,29.90,39.87,true,1,
4101730003555,false,בונבוניירה מוצרט קוגל120,רייבר,DE,בונבוניירה מוצרט,גרמים,120.00,100 גרם,false,0,19.90,16.58,true,1,
4210201202905,false,אורל בי 8 ראשים למברשת שיניים חשמלית סנסטיב,בראון,DE,ראשי מילוי סנסיט,יחידה,1.00,יחידה,false,1,219.90,219.90,true,1,
4210201245971,false,מברשת נטענת מלחמת הכוכבי,בראון,DE,מברשת שיניים,יחידה,1.00,יחידה,false,1,229.90,229.90,true,1,
4210201262183,false,מברשת שיניים חשמלית ויטליטי Vitality נטענת,פרוקטר אנד גמבל,DE,מברשת נטענת,יחידה,1.00,יחידה,false,1,89.90,89.90,true,1,
4210201342809,false,אורל בי 4 ראש מילוי iO לניקוי אולט(שחור),דיפלומט,DE,ראשי למברשת חשמל,יחידה,1.00,יחידה,false,1,149.00,149.00,true,1,
4210201343684,false,אורל בי 4 ראש מילוי iO לניקוי עדין (לבן),דיפלומט,DE,ראשי למברשת חשמל,יחידה,1.00,יחידה,false,1,149.00,149.00,true,1,
4210201354369,false,אורל בי ראש חשמלי קרוס אקשן 4 יחידות,פרוקטר אנד גמבל,DE,ראש חשמלי קרוס א,יחידה,1.00,יחידה,false,1,89.90,89.90,true,1,
4210201360742,false,אורל בי ראש חשמלי פלקסי סופט 4 יחידות,פרוקטר אנד גמבל,DE,אורל בי 4 ראשים,יחידה,1.00,יחידה,false,1,89.90,89.90,true,1,
4210201363095,false,אורל בי מברשת שיניים חשמלית iO8 (שחור),דיפלומט,DE,IO 8 מברשת חשמלי,יחידה,1.00,יחידה,false,1,1299.00,1299.00,true,1,
4210201822448,false,אורל בי מברשת שיניים עם סוללות פרואקספרט,פרוקטר & גמבל,DE,מברשת אורל בי,יחידה,1.00,יחידה,false,1,77.90,77.90,true,1,
4250035228290,false,מסקרה אולרואנד עמידה,CATRICE,DE,מסקרה עמידה במי,יחידה,1.00,יחידה,false,0,15.00,15.00,true,1,
4250035261877,false,פלטת קונסילרים יח',CATRICE,DE,פלטת קונסילרים,יחידה,1.00,יחידה,false,0,16.00,16.00,true,1,
4250035288157,false,עפרון קז'אל 10,CATRICE,DE,עפרון קז'אל 10,יחידה,1.00,יחידה,false,0,9.00,9.00,true,1,
4250338474363,false,איילנר נוזלי,CATRICE,DE,איילנר נוזלי,יחידה,1.00,יחידה,false,0,15.00,15.00,true,1,
4250338474400,false,איילנר נוזלי עמיד במים,CATRICE,DE,איילנר נוזלי עמי,יחידה,1.00,יחידה,false,0,16.00,16.00,true,1,
4250587723588,false,מסקרה לנפח ריסים,CATRICE,DE,מסקרה לנפח ריסים,יחידה,1.00,יחידה,false,0,17.00,17.00,true,1,
4250587723779,false,Catrice Lash Brow Designer Shaping And Conditioning Mascara Gel,CATRICE,DE,ג'ל לעיצוב הגבות,יחידה,1.00,יחידה,false,0,14.00,14.00,true,1,
4250587732399,false,עפרון קז'אל 140,CATRICE,DE,עפרון קז'אל 140,יחידה,1.00,יחידה,false,0,9.00,9.00,true,1,
4250587754230,false,Cat. All Matt Plus Shine Control Powder 010,CATRICE,DE,פודרה מט 10,יחידה,1.00,יחידה,false,0,15.00,15.00,true,1,
4250587768367,false,Cat. Eye Brow Stylist 040,CATRICE,DE,עיפרון גבות 40,יחידה,1.00,יחידה,false,0,11.00,11.00,true,1,
4250587793338,false,Cat. All Matt Plus Shine Control Powder 025,CATRICE,DE,פודרה מט 25,יחידה,1.00,יחידה,false,0,15.00,15.00,true,1,
4250947531518,false,פודרה בתפזורת יח',CATRICE,DE,פודרה בתפזורת,יחידה,1.00,יחידה,false,0,23.00,23.00,true,1,
4250947543726,false,מעגל ריסים יח',CATRICE,IT,מעגל ריסים,יחידה,1.00,יחידה,false,1,17.00,17.00,true,1,
4250947562277,false,מסקרה גלאם&דול מלאכותיים,CATRICE,DE,מסקרה גלאם&דול,יחידה,1.00,יחידה,false,0,17.00,17.00,true,1,
4250947563618,false,Cat. Liquid Camouflage High Coverage Concealer 005,CATRICE,DE,קונסילר נוזלי 0,יחידה,1.00,יחידה,false,0,15.00,15.00,true,1,
4250947598283,false,Cat. HD Liquid Coverage Foundation 010,CATRICE,DE,מייק אפ 10-HD,מיליליטרים,30.00,"100 מ""ל",false,0,29.00,96.67,true,1,
4250947598306,false,Cat. HD Liquid Coverage Foundation 030,CATRICE,DE,מייק אפ 30-HD,מיליליטרים,30.00,"100 מ""ל",false,0,29.00,96.67,true,1,
4250947598368,false,Cat. Prime And Fine Multitalent Fixing Spray,CATRICE,DE,ספריי מקבע רב שי,מיליליטרים,50.00,"100 מ""ל",false,0,20.00,40.00,true,1,
4251232202267,false,Catrice Volumizing Lip Booster 030,CATRICE,DE,ליפגלוס ווילום 3,יחידה,1.00,יחידה,false,0,15.00,15.00,true,1,
4251232227284,false,Cat. Slim'Matic Ultra Precise Brow Pencil Waterproof 030,CATRICE,DE,עיפרון גבות סלים,יחידה,1.00,יחידה,false,0,14.00,14.00,true,1,
4251232282788,false,עפרון קז'אל 260,CATRICE,DE,עפרון קז'אל 260,יחידה,1.00,יחידה,false,0,9.00,9.00,true,1,
4251232283594,false,Cat. Mattlover Lipstick Pen 030,,IL,שפתון מאט 030,יחידה,1.00,יחידה,false,1,21.00,21.00,true,1,
4251232283617,false,Cat. Mattlover Lipstick Pen 050,,IL,שפתון מאט 050,יחידה,1.00,יחידה,false,1,21.00,21.00,true,1,
4251232283631,false,Cat. Mattlover Lipstick Pen 070,,IL,שפתון מאט 070,יחידה,1.00,יחידה,false,1,21.00,21.00,true,1,
4251232284324,false,Cat. Liquid Camouflage High Coverage Concealer 015,CATRICE,DE,קונסילר נוזלי 15,יחידה,1.00,יחידה,false,0,15.00,15.00,true,1,
4511428200010,false,ביטוי פיט דר` מל ספרי לנעל 6-1,חלאבין,IL,חלאבין ספריי לנע,מיליליטרים,250.00,"100 מ""ל",false,0,29.90,11.96,true,1,
4800888150080,false,"דאב - דאודורנט רול און לאישה פרש טאצ' מלפפונים 50 מ""ל",יוניליוור פיליפינים,PH,דאודורנט דאב,מיליליטרים,50.00,"100 מ""ל",false,0,12.90,25.80,true,1,
4800888209382,false,רקסונה דאודורנט סטיק אינביזיבל 50 גרם (נשים),יוניליוור,PH,דאודורנט רקסונה,מיליליטרים,50.00,"100 מ""ל",false,1,20.90,41.80,true,1,
4800888210197,false,דאודורנט סטיק לנשים בניחוח קוקוס ויסמין,יוניליוור פארם,PH,דאודורנט דאב,מיליליטרים,50.00,"100 מ""ל",false,1,19.90,39.80,true,1,
4800888214904,false,"דאב דאודורנט סטיק קקאו 50 מ""ל",יוניליוור פארם,PH,דאודורנט דאב,מיליליטרים,150.00,"100 מ""ל",false,1,19.90,13.27,true,1,
4800888219527,false,דאב - דאודורנט סטיק לאישה ללא סימן אינביזיבל 50 גרם,יוניליוור,PH,דאודורנט דאב,גרמים,50.00,100 גרם,false,1,19.90,39.80,true,1,
4800888219541,false,רקסונה - דאודורנט סטיק לאישה פאוודר דרי 50 גרם,יוניליוור,PH,דאודורנט רקסונה,מיליליטרים,50.00,"100 מ""ל",false,1,20.90,41.80,true,1,
4891228308025,false,סכין גילוח היידרו סילק אישה מארז ידית+4,ארץ ייצור סכינים: ארהבn\,US,היידרו סילק מארז,יחידה,1.00,יחידה,false,1,81.90,81.90,true,1,
4891228308049,false,סכין גילוח שיק היידרו 5 סנס לגבר+7סכינים,ארץ ייצור סכינים: ארהבn\,US,הידרו מארז גילוח,יחידה,1.00,יחידה,false,1,79.90,79.90,true,1,
4891228430061,false,סכיני גילוח שיק אקזקטה 2 לנשים ורוד 10 יח',הנסיך- מפעל לייצור ט,CN,סכיני גילוח 10יח,יחידה,1.00,יחידה,false,0,24.90,24.90,true,1,
4902430534635,false,מב.שיניים אורל קליניקל3י,אורל בי,IL,מ.שיניים אורל בי,יחידה,1.00,יחידה,false,1,34.90,34.90,true,1,
4987176078711,false,מכשיר מאך 3 5+ סכינים מא,פארמה דיל,CN,מאך 3 5+ סכינים,יחידה,1.00,יחידה,false,1,59.90,59.90,true,1,
4987176090850,false,גילט פיוזן ידית וסכין 5 להבים,ג'\ילט פרוקטר אנד גמבל,PL,מכשיר ג'ילט פיוז,יחידה,1.00,יחידה,false,1,39.90,39.90,true,1,
4987176128188,false,מברשת שיניים אורל בי מארז שישייה,פרוקטר & גמבל,IN,6מברשות שיניים,יחידה,1.00,יחידה,false,1,13.90,13.90,true,1,
4987176130037,false,אורל בי סנסטיב שחור שלישייה (EXTRA SOFT),פרוקטר & גמבל,IN,מברשות שיניים או,יחידה,1.00,יחידה,false,1,24.90,24.90,true,1,
5000159442572,false,מארז חטיפי מיני טוויקס Twix,טוויקס Twix,DE,מיני טוויקס,גרמים,403.00,100 גרם,false,0,22.90,5.68,true,1,
5000159500692,false,בקבוק סלבריישן - מבחר חטיפי מיני שוקולד,מארס,NL,בונבונ. סלבריישן,גרמים,312.00,100 גרם,false,1,39.90,12.79,true,1,
5000204048742,false,"קיווי לבישום נעלי ספורט 100 מ""ל",קיווי,NL,קיווי לנעל ספורט,מיליליטרים,100.00,"100 מ""ל",false,1,16.90,16.90,true,1,
5000204657913,false,קיווי משחת נעליים בקופסא שחור 50 מל,ג' אל ראיה בוגור,ID,קיווי משחה בשחור,מיליליטרים,50.00,"100 מ""ל",false,0,7.90,15.80,true,1,
5000394002562,false,4 סוללות דורסל AAאולטרה,פרוקטר & גמבל,BE,סוללות דורסל,יחידה,1.00,יחידה,false,1,19.90,19.90,true,1,
5000394017764,false,סוללות דורסל AA פלוס,פרוקטר אנד גמבל,IL,8 סוללות דורסל,יחידה,1.00,יחידה,false,1,31.90,31.90,true,1,
5000394140899,false,סוללות AA דורסל פלוס - 8 יח',דורסל Duracell,BE,דורסל שמיניות AA,יחידה,1.00,יחידה,false,1,29.90,29.90,true,1,
5000394141179,false,סוללות AAA דורסל פלוס - 8 יח',דורסל Duracell,BE,דורסל שמיניות AA,יחידה,1.00,יחידה,false,1,29.90,29.90,true,1,
5010123703509,false,"ליסטרין 250 מ""לקולמי",ג'ונסון,IL,ליסטרין קולמינט,מיליליטרים,250.00,"100 מ""ל",false,1,9.90,3.96,true,1,
5010123703547,false,ליסטרין שטיפת פה פרש ברסט ירוק 500,ג'ונסון,IT,מי פה ליסטרין,מיליליטרים,500.00,"100 מ""ל",false,1,19.90,3.98,true,1,
5010123703585,false,"מי פה ליסטרין מנטול קריר 500 מ""ל",גונסון אנד גונסון,IT,מי פה ליסטרין,מיליליטרים,500.00,"100 מ""ל",false,1,19.90,3.98,true,1,
5010182998847,false,דאק נוזל לניקוי אסלות בניחוח ים 750 מל,מיוצר עי קונדיטוריית,NL,טואלט דאק,מיליליטרים,750.00,"100 מ""ל",false,0,10.90,1.45,true,1,
5010415211224,false,טומי טיפי פטמות זרימה בינונית 3M,הכי טבעי-הנסיך,CN,טומי טיפי זוג פט,יחידה,1.00,יחידה,false,0,44.90,44.90,true,1,
5010415323088,false,מברשת לבקבוקים טומי טיפי,טומי טיפי,IL,טומי טיפי מברשת,יחידה,1.00,יחידה,false,0,37.90,37.90,true,1,
5010415330154,false,טומי טיפי זוג מוצצים זוהרים בחושך 6-18,הכי טבעי-הנסיך,CN,זוג מוצצים,יחידה,1.00,יחידה,false,1,44.90,44.90,true,1,
5010415334046,false,זוג מוצצים 18-36 בנות,הכי טבעי-הנסיך,IL,טומי טיפי מוצצים,יחידה,1.00,יחידה,false,0,44.90,44.90,true,1,
5010622017947,false,אורל בי חוט דנטלי סאטין,פרוקטר & גמבל,IE,חוט דנטלי אורל ב,מטרים,25.00,מטר,false,1,15.90,0.64,true,1,
5010724527375,false,בטיסט שמפו יבש בניחוח פריחה אביבית,צ'\רצ'\ אנד דיוויט,GB,בטיסט שמפו,מיליליטרים,200.00,"100 מ""ל",false,1,29.90,14.95,true,1,
5010724527481,false,שמפו יבש בניחוח קלאסי בטיסט 200 גר,צ'\רצ'\ אנד דיוויט,GB,בטיסט שמפו,מיליליטרים,200.00,"100 מ""ל",false,1,29.90,14.95,true,1,
5010724527511,false,בטיסט שמפו יבש בניחוח טרופי 200 מ'ל,צ'\רצ'\ אנד דיוויט,GB,בטיסט שמפו,מיליליטרים,200.00,"100 מ""ל",false,1,29.90,14.95,true,1,
5010934001849,false,ג`סט פור מן חום כהה שחור,מדיטרנד,US,צבע שיער לגבר,יחידה,1.00,יחידה,false,0,49.90,49.90,true,1,
5011408040791,false,לוריאל - דרמו רויטליפט קלאסי לילה,"קרלסרו, גרמניה",DE,REVITALIFT קרם,מיליליטרים,50.00,"100 מ""ל",false,0,94.90,189.80,true,1,
5012251010177,false,"BEAUTY FORMULAS תרחיץ פילינג מועשר בתמציות מלפפונים לחידוש וניקוי עור הפנים 150 מ""ל",,GB,תרחיץ פנים מועשר,מיליליטרים,150.00,"100 מ""ל",false,1,19.90,13.27,true,1,
5012251011327,false,TEA TREE BEAUTY FORMULASרצועות לניקוי והסרת שחורים מהאף 6 יחידות,,IL,רצועות ניקוי והס,יחידה,1.00,יחידה,false,1,17.90,17.90,true,1,
5012251011860,false,TEA TREE BEAUTY FORMULAS מגבונים לניקוי וטיהור הפנים 30 יחידות,,IL,מגבונים לניקוי ו,יחידה,1.00,יחידה,false,1,13.90,13.90,true,1,
5012251012058,false,"TEA TREE BEAUTY FORMULAS מסכת קילוף לפנים 50 מ""ל",,IL,מסכת קילוף לפנים,מיליליטרים,50.00,"100 מ""ל",false,1,29.90,59.80,true,1,
5012251012249,false,ביוטי פורמולה תרחיץ פנים פחם,,GB,תרחיץ פילינג לפנ,מיליליטרים,150.00,"100 מ""ל",false,1,14.90,9.93,true,1,
5012251013314,false,BEAUTY FORMULAS מגבוני פנים להסרה עדינה ויעילה של איפור על בסיס תמציות אבוקדו 25 יחידות,,GB,מגבוני פנים להסר,יחידה,1.00,יחידה,false,1,14.90,14.90,true,1,
5013931015741,false,דיש מטיק - ידית הפלא לשטיפת כלים,דישמטיק Dish matic,US,ידית הפלא לכלים,יחידה,1.00,יחידה,false,1,14.90,14.90,true,1,
5013931015819,false,דישמאטיק מארז כריות פלדה 2 יח,דישמטיק Dish matic,US,כריות פלדה 2 יח,יחידה,1.00,יחידה,false,1,14.90,14.90,true,1,
5016221991930,false,דנטל סורס ראשים למברשת חשמלית*4,דנטלון,DE,ראשים למברשת,יחידה,1.00,יחידה,false,1,87.90,87.90,true,1,
5016221997055,false,דנטל סורס ראשים מברשת חשמלית*2,דנטל,IL,דנטל ראשים למברש,יחידה,1.00,יחידה,false,0,48.90,48.90,true,1,
5019090118880,false,כוס פטנט משקולת יחידה,מנצ'קין,IL,כוס פטנט משקולת,יחידה,1.00,יחידה,false,1,64.90,64.90,true,1,
5019090121064,false,4 קערות 4+ מכסים2+כפיות,מנצ'קין,IL,4 קערות 4+ מכסים,יחידה,1.00,יחידה,false,1,64.90,64.90,true,1,
5028763004344,false,מברשת לניקוי תותבות,WISDOM,IL,מברשת לניקוי תו,יחידה,1.00,יחידה,false,0,14.90,14.90,true,1,
5028763004368,false,קופסא לשיניים תותבות,איתן ספקים E,GB,קופסא לתותבות,יחידה,1.00,יחידה,false,0,21.90,21.90,true,1,
5029053032658,false,שמיניית ממחטות טישו קלינקס 9 יחידות,חוגלה קימברלי,IT,קלינקס שמיניה,יחידה,1.00,יחידה,false,1,7.90,7.90,true,1,
5029053039725,false,ממחטות נייר קלינקס נטורל פרש קופסה 72 דף,קימברלי קלארק,IL,קלינקס נטורל פרש,יחידה,1.00,יחידה,false,1,13.90,13.90,true,1,
5029053510811,false,תחבושות נורמל פלוס עם כנפיים קוטקס 28 יחידות,קימברלי קלארק,CZ,תחבושות קוטקס,יחידה,1.00,יחידה,false,0,21.90,21.90,true,1,
5029053523446,false,קוטקס - תחבושות אולטרה נייט + כנפיים 20 יח',קימברלי קלארק,CZ,תחבושות נייט קוט,יחידה,1.00,יחידה,false,0,21.90,21.90,true,1,
5029053527598,false,תחתוני ספיגה בנים לתופעת הרטבת לילה 8-15 האגיס,חוגלה קימברלי,CZ,תחתוני ספיגה האג,יחידה,1.00,יחידה,false,0,36.90,36.90,true,1,
5029053534596,false,קוטקס טמפוני נורמל ללא מוליך 32 יח,קימברלי קלארק,CZ,טמפוני קוטקס,יחידה,1.00,יחידה,false,0,27.90,27.90,true,1,
5029053534602,false,קוטקס טמפוני סופר ללא מוליך 32 יח,קימברלי קלארק,CZ,טמפוני קוטקס,יחידה,1.00,יחידה,false,0,27.90,27.90,true,1,
5029053535210,false,טמפון קוטקס עם מוליך מיני 16 יח,קימברלי קלארק,CZ,טמפוני קוטקס,יחידה,1.00,יחידה,false,0,18.90,18.90,true,1,
5029053535227,false,קוטקס טמפון עם מוליך נורמל 16 יחידות,קימברלי קלארק,CZ,טמפוני קוטקס,יחידה,1.00,יחידה,false,0,18.90,18.90,true,1,
5029053535234,false,קוטקס טמפונים עם מוליך סופר,חוגלה קימברלי,CZ,טמפוני קוטקס,יחידה,1.00,יחידה,false,0,18.90,18.90,true,1,
5029053578309,false,קופסת ממחטות אולטרה סופט 48 דף קלינקס,קימברלי קלארק,IL,קלינקס אולטרה,יחידה,1.00,יחידה,false,1,8.90,8.90,true,1,
5029054220085,false,האגיס - מגבוני האגיס אקסטרה קר לא מבושם 56 יח' * 4,קימברלי קלארק,IL,מגבונים לרך נולד,יחידה,1.00,יחידה,false,1,31.90,31.90,true,1,
5056357900925,false,סניקרס חטיף חלבון חמאת בוטנים 57 גרם,פארם אקספרס,US,חטיף חלבון סניקר,גרמים,57.00,100 גרם,false,1,17.90,31.40,true,1,
5056357901427,false,אם אנד אם חטיף חלבון שוקולד 51 גרם,פארם אקספרס,GB,חטיף חלבון M&M,גרמים,57.00,100 גרם,false,1,17.90,31.40,true,1,
5056357901441,false,אם אנד אם חטיף חלבון בוטנים 51 גרם,פארם אקספרס,GB,חטיף חלבון M&M,גרמים,57.00,100 גרם,false,1,17.90,31.40,true,1,
5060022300538,false,"מוס לשיזוף קלאסי 200 מ""ל",ST.TROPEZ,GB,מוס לשיזוף קלאסי,מיליליטרים,240.00,"100 מ""ל",false,1,169.00,70.42,true,1,
5060062992588,false,לנסינו 25 שקיות סטריליות לאחסון חלב אם,מדי-קיור,IL,שק.לאחסון חלב אם,יחידה,1.00,יחידה,false,0,54.90,54.90,true,1,
5060103310685,false,"פצ'ולי מולקולה100 מ""ל",,FR,פצ'ולי אדט יוני,מיליליטרים,100.00,"100 מ""ל",false,0,399.00,399.00,true,1,
5060103310692,false,"מנדרין מולקולה100 מ""ל",,FR,מנדרין אדט יוני,מיליליטרים,100.00,"100 מ""ל",false,0,399.00,399.00,true,1,
5060221203753,false,חטיף חלבון גרנייד בטעם חמאת בוטנים,LTD (UK) GRENADE,GB,חטיף חלבון גרניי,גרמים,60.00,100 גרם,false,1,17.90,29.83,true,1,
5060221203937,false,גרנייד בטעם שוקוצ'יפס בצק עוגיות,LTD (UK) GRENADE,NL,גרנייד בטעם שוקו,גרמים,60.00,100 גרם,false,1,17.90,29.83,true,1,
5060221206860,false,חטיף חלבון בטעם קרמל מלוח ושוקולד 60 ג' Grenade,LTD (UK) GRENADE,GB,חטיף חלבון גרניי,גרמים,60.00,100 גרם,false,1,17.90,29.83,true,1,
5060402908248,false,סניקרס חטיף חלבון 55 גרם,פארם אקספרס,US,חטיף חלבון סניקר,גרמים,55.00,100 גרם,false,1,17.90,32.55,true,1,
5060402908286,false,מארס חטיף חלבון 59 גרם,פארם אקספרס,US,חטיף חלבון מארס,גרמים,59.00,100 גרם,false,1,17.90,30.34,true,1,
5060402909542,false,מארס חטיף חלבון קרמל מלוח 59 גרם,פארם אקספרס,US,חטיף חלבון מארס,גרמים,59.00,100 גרם,false,1,17.90,30.34,true,1,
5060424705511,false,WARRIOR - חטיף חלבון קראנץ' בטעם שוקולד וקוקוס,תעשיות מזון בלאבאן,US,חטיף חלבון קראנץ,גרמים,64.00,100 גרם,false,1,14.90,23.28,true,1,
5060524511272,false,מארז רונלדו פליי איט קול,עדן פרפיום,GB,רונלדו מארז,יחידה,1.00,יחידה,false,1,229.00,229.00,true,1,
5060524511296,false,מארז on Game CR7 לגבר,עדן פרפיום,GB,on Game CR7 מארז,יחידה,1.00,יחידה,false,1,229.00,229.00,true,1,
5060756342781,false,WARRIOR-חטיף חלבון בטעם קרם עוגיות,"KBF תעשיות בע""מ UK",GB,חטיף חלבון קראנץ,גרמים,64.00,100 גרם,false,1,14.90,23.28,true,1,
5201263001536,false,מגן תחתון EVERY DAY אקסטרה לונג 24 יח',,GR,מגני תחתון XL,יחידה,1.00,יחידה,false,1,12.90,12.90,true,1,
5201263006357,false,תחבושת EVERY DAY סופר 18 יח',,GR,תחבושות סופר,יחידה,1.00,יחידה,false,1,12.90,12.90,true,1,
5201263011474,false,מגן תחתון EVERY DAY לארג' 30 יח',,GR,מגני תחתון לארג',יחידה,1.00,יחידה,false,1,12.90,12.90,true,1,
5201263011801,false,מגן תחתון EVERY DAY נורמל 20 יח',,GR,מגני תחתון נורמל,יחידה,1.00,יחידה,false,1,12.90,12.90,true,1,
5201347400545,false,רצועות שעווה מוכנות לשימוש לפנים ולאזורים רגישים,רקיט בנקיזר צרפת,FR,רצועות שעווה ויט,יחידה,1.00,יחידה,false,0,38.90,38.90,true,1,
5201583751111,false,זירו סוכריות ללא סוכר טעם אספרסו קרמי,איתן,GR,סוכריות זירו,גרמים,32.00,100 גרם,false,1,7.50,23.44,true,1,
5201583751418,false,סוכריות זירו אייס בלו סטיביה ללא סוכר 32 ג',איתן,GR,סוכריות זירו,גרמים,32.00,100 גרם,false,1,7.50,23.44,true,1,
5202300043045,false,צבע לשיער קולסטון - 6/73 טבק כהה,פרוקטר אנד גמבל,DE,קולסטון שפופרת,יחידה,1.00,יחידה,false,0,25.90,25.90,true,1,
5202300043144,false,צבע לשיער קולסטון - 9/0 בלונד בהיר מאוד,פרוקטר אנד גמבל,DE,קולסטון שפופרת,יחידה,1.00,יחידה,false,0,25.90,25.90,true,1,
5202300043212,false,צבע לשיער קולסטון - 2/0 שחור,פרוקטר אנד גמבל,DE,קולסטון שפופרת,יחידה,1.00,יחידה,false,0,25.90,25.90,true,1,
5202300043250,false,צבע לשיער קולסטון - 11/1 בלונד אפר בהיר במיוחד,פרוקטר אנד גמבל,DE,קולסטון 2000,יחידה,1.00,יחידה,false,0,25.90,25.90,true,1,
5202300043274,false,צבע לשיער קולסטון- 8/1 בלונד אפרפר בהיר,פרוקטר אנד גמבל,DE,קולסטון שפופרת,יחידה,1.00,יחידה,false,0,25.90,25.90,true,1,
5202300043298,false,צבע לשיער קולסטון- 6/1 בלונד אפרפר כהה,פרוקטר אנד גמבל,DE,קולסטון שפורפרת,יחידה,1.00,יחידה,false,0,25.90,25.90,true,1,
5391523057929,false,סימילאק גולד שלב 1 תרכובת מזון על בסיס חלב,אבוט מעבדות רפואיות,IE,סימילאק גולד,גרמים,700.00,100 גרם,false,1,69.90,9.99,true,1,
5391523057936,false,סימילאק גולד שלב 2 תרכובת מזון על בסיס חלב,אבוט מעבדות רפואיות,IE,סימילאק גולד,גרמים,700.00,100 גרם,false,1,69.90,9.99,true,1,
5391523057943,false,סימילאק גולד שלב 3 תרכובת מזון על בסיס חלב,אבוט מעבדות רפואיות,IE,סימילאק גולד,גרמים,700.00,100 גרם,false,1,69.90,9.99,true,1,
5391523058087,false,סימילאק אדבנס פלוס 2 תרכובת מזון על בסיס חלב,טרופיקל דגיל תעשיות,IE,סימילאק אדבנס,גרמים,700.00,100 גרם,false,1,64.90,9.27,true,1,
5410076854462,false,חוט דנטלי אורל בי 40 מטר 3D,פרוקטר & גמבל,IE,חוט דנטלי מנטה,מטרים,40.00,מטר,false,1,24.90,0.62,true,1,
5410076933129,false,אריאל אבקת כביסה שושן צחור 3 קג,פרוקטר אנד גמבל,CZ,אריאל שושן צחור,קילוגרמים,3.00,"ק""ג",false,0,37.90,12.63,true,1,
5410091677992,false,"סאיוס - ספריי לשיער לייצוב מקסימלי 400 מ""ל",שוורצקופף והנקל,DE,ספרי עיצוב סאיוס,מיליליטרים,400.00,"100 מ""ל",false,0,46.90,11.73,true,1,
5410091678043,false,"סאיוס - מוס לשיער מתולתל 250 מ""ל",שוורצקוף,DE,מוס לעיצוב סאיוס,מיליליטרים,250.00,"100 מ""ל",false,0,33.90,13.56,true,1,
5410091708955,false,"סאיוס - ספריי לשיער קרטין 400 מ""ל",שוורצקופף והנקל,DE,ספרי עיצוב סאיוס,מיליליטרים,400.00,"100 מ""ל",false,0,46.90,11.73,true,1,
5410103161518,false,קרם יום עם פעולה משולשת לעור רגיל ומעורב,"לוריאל ישראל בע""מ",DE,קרם לחות,מיליליטרים,50.00,"100 מ""ל",false,0,49.90,99.80,true,1,
5410103161617,false,קרם יום עם פעולה משולשת Triple active לעור יבש ועדין,"לוריאל ישראל בע""מ",DE,קרם לחות עור יבש,מיליליטרים,50.00,"100 מ""ל",false,0,49.90,99.80,true,1,
5413149655522,false,"אבקת כביסה שושן צחור 1.25 ק""ג אריאל",פרוקטר אנד גמבל,TR,אבקת כביסה אריאל,קילוגרמים,1.25,"ק""ג",false,0,21.90,17.52,true,1,
5601036205534,false,צבע לשיער אקסלנס קרם - 1 שחור,לוריאל Loreal,BE,צבע לשיער אקסלנס,יחידה,1.00,יחידה,false,0,34.90,34.90,true,1,
5601036205541,false,צבע לשיער אקסלנס קרם - 3 חום כהה מאוד,לוריאל Loreal,BE,צבע לשיער אקסלנס,יחידה,1.00,יחידה,false,0,34.90,34.90,true,1,
5601036205558,false,צבע לשיער אקסלנס קרם - 4 חום כהה,לוריאל Loreal,BE,צבע שיער אקסלנס,יחידה,1.00,יחידה,false,0,34.90,34.90,true,1,
5601036205596,false,צבע לשיער אקסלנס קרם - 5.3 חום זהוב,לוריאל ישראל קוסמטיקס בע,BE,צבע לשיער אקסלנס,יחידה,1.00,יחידה,false,0,34.90,34.90,true,1,
5601036205626,false,צבע לשיער אקסלנס קרם - 6 בלונד כהה,לוריאל Loreal,BE,צבע שיער אקסלנס,יחידה,1.00,יחידה,false,0,34.90,34.90,true,1,
5601036205657,false,צבע לשיער אקסלנס קרם - 7 בלונד,לוריאל Loreal,BE,צבע לשיער אקסלנס,יחידה,1.00,יחידה,false,0,34.90,34.90,true,1,
5601036205671,false,לוריאל - אקסלנס קרם 7.3 בלונד זהוב,ליברמו,BE,צבע לשיער אקסלנס,יחידה,1.00,יחידה,false,0,34.90,34.90,true,1,
5900020015174,false,פיטנס חטיפי אנרגיה דגנים בטעם שוקולד נסטלה 6*23.5 גרם,מיוצר עי קונדיטוריית,PL,חטיפי פיטנס 6 יח,גרמים,141.00,100 גרם,false,0,14.90,10.57,true,1,
5900617035905,false,חטיף חלבון נוטרישיין בטעם קרמל מלוח,סיטי תוספי מזון,PL,חטיף חלבון פרוטא,גרמים,60.00,100 גרם,false,1,9.90,16.50,true,1,
5900617035929,false,חטיף חלבון נוטרישיין בטעם וניל תות יער,סיטי תוספי מזון,PL,חטיף חלבון פרוטא,גרמים,60.00,100 גרם,false,1,9.90,16.50,true,1,
5900627027020,false,"ויט קרם להסרת שיער בזמן מקלחת לעור רגיל 150 מ""ל",רקיט בנקיזר צרפת,IL,קרם להסרת שיער,מיליליטרים,150.00,"100 מ""ל",false,0,51.90,34.60,true,1,
5901414200411,false,בלזן היט מיני ביסקוויט סנדוויץ' עם מילוי קרם בטעם שוקולד 130 גרם,ליימן שליסל,PL,היט מיניס שוקו,גרמים,130.00,100 גרם,false,0,6.90,5.31,true,1,
5901887001744,false,"קרם עיניים 15 מ""ל",,PL,קרם עיניים,מיליליטרים,15.00,"100 מ""ל",false,1,14.90,99.33,true,1,
5901887001751,false,"טונר ניקוי לפנים 200 מ""ל",,PL,טונר ניקוי לפנים,מיליליטרים,200.00,"100 מ""ל",false,1,17.90,8.95,true,1,
5901887018223,false,קרם גוף חלב עיזים 400 מל,,PL,קרם גוף חלב עיזי,מיליליטרים,400.00,"100 מ""ל",false,1,21.90,5.48,true,1,
5901887018230,false,חמאת גוף חלב עיזים 200 מ,,PL,חמאת גוף חלב עיז,מיליליטרים,200.00,"100 מ""ל",false,1,24.90,12.45,true,1,
5901887026808,false,יסמין ק.עיניים15מ גיל+50,,PL,יסמין ק.עיניים,מיליליטרים,15.00,"100 מ""ל",false,1,21.90,146.00,true,1,
5901887026815,false,יסמין מים מיסלריים +50 2,,PL,יסמין מים מיסלרי,מיליליטרים,200.00,"100 מ""ל",false,1,18.90,9.45,true,1,
5901887029649,false,מנוקה מי פנים מטהרים 200,,PL,מנוקה מי פנים,מיליליטרים,200.00,"100 מ""ל",false,1,15.90,7.95,true,1,
5901887029656,false,מנוקה ג'ל לניקוי פנים 20,,PL,מנוקה ג'ל לניקוי,מיליליטרים,200.00,"100 מ""ל",false,1,18.90,9.45,true,1,
5901887029670,false,"מנוקה קרם לילה 50 מ""ל",,PL,מנוקה קרם לילה,יחידה,1.00,יחידה,false,1,19.90,19.90,true,1,
5901887043751,false,"סרום ממריץ ומחליק 50 מ""ל",,PL,סרום ממריץ ומחלי,מיליליטרים,50.00,"100 מ""ל",false,1,24.90,49.80,true,1,
5901887043782,false,"מיקרו פילינג לפנים 75 מ""",,PL,מיקרו פילינג לפנ,מיליליטרים,75.00,"100 מ""ל",false,1,14.90,19.87,true,1,
5902503732127,false,רולר דו-צדדי לעור הפנים,לנקום,FR,רולר דו-צדדי לעו,יחידה,1.00,יחידה,false,1,99.00,99.00,true,1,
5906485301012,false,"משקה אנרגיה XL פחית 250 מ""ל","טמפו משקאות בע""מ",IL,משקה אנרגיה XL,מיליליטרים,250.00,"100 מ""ל",false,0,5.90,2.36,true,1,
6001051002320,false,לבלו שפתון וניל,ביירסדורף,DE,לבלו וניל,יחידה,1.00,יחידה,false,0,10.00,10.00,true,1,
6001067017523,false,מברשת שיניים קולגייט לילדים מגיל חמש 1 יחידה,יבואן ומשווק: ש. שסט,CN,מברשת שיניים,יחידה,1.00,יחידה,false,0,10.90,10.90,true,1,
6085010044712,false,"קלאב דה נויט אינטנס ארמאף - א.ד.ט 105 מ""ל",פרפיום קוסמטיקס,FR,NUIT DE CLUB,מיליליטרים,105.00,"100 מ""ל",false,1,129.00,122.86,true,1,
6291100130122,false,"אמבר אוד גולד אדישן אדפ אל חרמין 100 מ""ל",,AE,אמבר אוד גולד אד,מיליליטרים,100.00,"100 מ""ל",false,1,199.00,199.00,true,1,
6291100131112,false,"חייאתי פרפיום אויל 3 מ""ל",,SA,חייאתי פרפיום או,מיליליטרים,3.00,"100 מ""ל",false,1,489.00,16300.00,true,1,
6294015102642,false,קלאב דה נואי אורבן105מל,,AE,קלאב דה נואי אור,מיליליטרים,105.00,"100 מ""ל",false,1,119.00,113.34,true,1,
6920354822193,false,משחת שיניים נטורל הדרים אקליפטוס קולגייט 90 ג',קולגייט פלמוליב,PL,משחת שיניים נטור,גרמים,90.00,100 גרם,false,1,9.90,11.00,true,1,
6937266700785,false,שיק אינטואישן סנסיטיב נשים סכיני גילוח*3,שסטוביץ,CN,שיק 3 סכינים,יחידה,1.00,יחידה,false,1,37.90,37.90,true,1,
7038513866304,false,גורדן מברשת בייבי T50 סופט סטפ בי סטפ,ג'ורדן Jordan,MY,מברשת שיניים,יחידה,1.00,יחידה,false,0,14.90,14.90,true,1,
7038513906505,false,קסמי שיניים ג'ורד.שולחני,ג'ורדן,,קיממי שיניים,יחידה,1.00,יחידה,false,0,24.90,24.90,true,1,
7038513908400,false,גורדן קיסם מבריש רגיל 20 יח,דנטלון,,קיסם ג'ורדן,יחידה,1.00,יחידה,false,0,25.90,25.90,true,1,
7038513909018,false,גורדן קסמי שיניים פלואוריד/מינט,ג'ורדן,NO,קיסמי שיניים,יחידה,1.00,יחידה,false,0,22.90,22.90,true,1,
7038516140357,false,מברשת שיניים ג'ורדן טוטל סופט מארז 4 יחידות,מיוצר במלזיה עבור ג',NO,מברשת שיניים,יחידה,1.00,יחידה,false,0,10.00,10.00,true,1,
7038516860002,false,ג'ורדן מנקה לשון,ג'ורדן,IL,ג'ורדן מנקה לשון,יחידה,1.00,יחידה,false,0,18.90,18.90,true,1,
7046110028001,false,מברשת שיניים גרין קלין,,MY,מברשת שיניים גרי,יחידה,1.00,יחידה,false,1,13.00,13.00,true,1,
7046110030608,false,גורדן זוג מברשות שיניים טרגט סנסיטיב,דנטלון,MY,מארז זוג מברשות,יחידה,1.00,יחידה,false,1,24.00,24.00,true,1,
7046110052594,false,גורדן חוט דנטלי מחליק בקלות 25 מטר,דנטלון,MY,ג'ורדן סרט דנטלי,יחידה,1.00,יחידה,false,0,21.90,21.90,true,1,
7046110065945,false,גורדן מברשת אינטרדנטל פלקטרום CONE 10 יח,ג'ורדן,IL,XS מברשת אינטרדנ,יחידה,1.00,יחידה,false,0,38.90,38.90,true,1,
7046110066034,false,גורדן מברשת אינטרדנטל פלקטרום MICRO 10יח,ג'ורדן,IL,Mמ.שיניים ג'ורדן,יחידה,1.00,יחידה,false,0,38.90,38.90,true,1,
7046110066096,false,גורדן מברשת אינטרדנטל פלקטרום MINI 10 יח,ג'ורדן,IL,Sמ.שיניים ג'ורדן,יחידה,1.00,יחידה,false,0,38.90,38.90,true,1,
7046110070192,false,גורדן שלישייה מברשות שיניים קלין סמייל,דנטלון,MY,3 מברשות שיניים,יחידה,1.00,יחידה,false,0,10.00,10.00,true,1,
7070646288615,false,ח.חלבון טעם בוטנים קרמל,סיטי ספורט,GB,ח.חלבון טעם בוטנ,גרמים,100.00,100 גרם,false,1,16.90,16.90,true,1,
7290000065557,false,אוסם - מנה חמה קוסקוס עם ירקות 84 גרם,"אסם תעשיות מזון בע""מ",IL,מנה חמה קוסקוס,גרמים,84.00,100 גרם,false,0,7.90,9.40,true,1,
7290000065977,false,חטיפי פריכונים תירס שומשום אסם 80 גרם,"פרח תעשיות מזון בע""מ.",IL,פריכונים תירס,גרמים,80.00,100 גרם,false,0,9.90,12.38,true,1,
7290000066141,false,ביסלי חטיף בטעם גריל אסם 70 גרם,"אסם השקעות בע""\מ",IL,ביסלי גריל,גרמים,70.00,100 גרם,false,0,4.90,7.00,true,1,
7290000066295,false,במבה מתוקה מחומרים טבעיים 30 גרם,מיוצר עי קונדיטוריית,IL,במבה מתוקה,גרמים,30.00,100 גרם,false,0,2.90,9.67,true,1,
7290000066318,false,במבה חטיף בוטנים אסם 80 גרם,"אסם השקעות בע""\מ",IL,במבה,גרמים,80.00,100 גרם,false,0,5.90,7.38,true,1,
7290000073750,false,מנה חמה נודלס אטר+ירקות טעם עוף 70 גרם,PUB FOODS PRESIDENT THAI,TH,מנה חמה נודלס,גרמים,70.00,100 גרם,false,0,7.90,11.29,true,1,
7290000073767,false,מנה חמה נודלס אטר.+ירקות טעם בקר 70 גרם,PUB FOODS PRESIDENT THAI,TH,מנה חמה נודלס,גרמים,70.00,100 גרם,false,0,7.90,11.29,true,1,
7290000074245,false,אוסם - קרם קרקר אסם 250 גרם,"אסם השקעות בע""\מ",IL,קרם קרקר אסם,גרמים,250.00,100 גרם,false,0,11.90,4.76,true,1,
7290000076126,false,אוסם - בייגלה שמיניות קטנות 80 גרם,"אסם השקעות בע""\מ",IL,בייגלה שמיניות,גרמים,80.00,100 גרם,false,0,3.30,4.13,true,1,
7290000078762,false,אוסם - חטיפי פריכונים מאורז מלא בטעם דבש 80גר,סנורייס בלגיום אן. ו,GB,חטיפי פריכונים,גרמים,80.00,100 גרם,false,0,9.90,12.38,true,1,
7290000135045,false,"XL TEN משקה אנרגיה פתוח ללא סוכר 250 מ""ל","טמפו משקאות בע""\מ",IL,TEN XL בטעם תפוח,מיליליטרים,250.00,"100 מ""ל",false,1,5.90,2.36,true,1,
7290000135151,false,"סודה נגיעות לימון ליים 275 מ""ל",טמפו משקאות בעמ,IL,סודה בנגיעות למו,מיליליטרים,275.00,"100 מ""ל",false,1,3.90,1.42,true,1,
7290000146645,false,הוואי - סבון מוצק שחור מסתורי 100 גרם רביעייה,טרופיקל דגיל קוסמטיק,IL,סבון הוואי 4 יח,גרמים,400.00,100 גרם,false,0,13.90,3.48,true,1,
7290000146669,false,הוואי - סבון מוצק שמיים כחולים 100 גרם רביעייה,טרופיקל דגיל קוסמטיק,IL,סבון הוואי 4 יח,גרמים,400.00,100 גרם,false,0,13.90,3.48,true,1,
7290000146928,false,"משחת שיניים לילדים בטעם ענבים טום וג'רי 50 מ""ל",טרופיקל דגיל קוסמטיק,IL,משחת טום וג'רי,מיליליטרים,50.00,"100 מ""ל",false,0,9.90,19.80,true,1,
7290000146997,false,משחת שיניים לילדים מסטיק טום וג'רי 50 מל,טרופיקל דגיל קוסמטיק,IL,משחת טום וג'רי,מיליליטרים,50.00,"100 מ""ל",false,0,9.90,19.80,true,1,
7290000161648,false,חטיף קליק אין אאוט במילו קרם,יוניליוור ישראל מזון בע\,IL,קליק IN קרם חלב,גרמים,38.00,100 גרם,false,0,5.90,15.53,true,1,
7290000187860,false,מגבוני טואלט לחים לילי דיספנסר 40יח',עלבד משואות יצחק בעמ,IL,נייר טואלט לח,יחידה,1.00,יחידה,false,0,8.90,8.90,true,1,
7290000187938,false,לילי - נייר טואולט נייר טואלט פסטל 32 יח',לילי נייר טואלט חוגלה,IL,נייר טואלט פסטל,מטרים,588.00,100 מטר,false,0,44.90,7.64,true,1,
7290000188553,false,קוטקס מגן תחתון יאנג ביג 60 יחידות,קימברלי קלארק,CN,מגן תחתון קוטקס,יחידה,1.00,יחידה,false,0,21.90,21.90,true,1,
7290000188591,false,קוטקס מגן תחתון יאנג ביג 60 יחידות,קימברלי קלארק,CN,מגן תחתון קוטקס,יחידה,1.00,יחידה,false,0,21.90,21.90,true,1,
7290000190853,false,לילי פיור נייר טואלט דו שכבתי לבן 30 גלילים,לילי נייר טואלט חוגלה,IL,נייר טואלט לילי,מטרים,537.00,100 מטר,false,0,44.90,8.36,true,1,
7290000191225,false,חיתולים ליטל בייביז מידה 2 האגיס 46 יחידות,קימברלי קלארק שיווק,IL,האגיס ליטל בייבי,יחידה,1.00,יחידה,false,1,33.90,33.90,true,1,
7290000191539,false,חמישיית ממחטות טישו צבועני לילי 100 יחידות,חוגלה קימברלי,IL,מגבוני לילי 90*5,יחידה,1.00,יחידה,false,0,16.90,16.90,true,1,
7290000191546,false,ממחטות טישו צבעוני 2 שכבות לילי מארז 100X3יח',חוגלה קימברלי,IL,לילי צבעוני90*3,יחידה,1.00,יחידה,false,0,10.90,10.90,true,1,
7290000191645,false,"חיתולים האגיס ליטל בייביס ניו בורן שלב 1 עד 4 ק""ג",קימברלי קלארק ארהב,US,חיתולי האגיס,יחידה,1.00,יחידה,false,0,33.90,33.90,true,1,
7290000191652,false,שלישיית ממחטות אולטרה סופט קלינקס 90 יחידות,חוגלה קימברלי,IL,קלינקס מעוצב 3יח,יחידה,1.00,יחידה,false,0,12.90,12.90,true,1,
7290000193083,false,נובה-לי תחבושות היגייניות לילי 28 יחידות,חוגלה קימברלי,CZ,תחבושות נובה לי,יחידה,1.00,יחידה,false,0,9.90,9.90,true,1,
7290000193540,false,מגן תחתון לונג נטורל לילי 52 יחידות,חוגלה קימברלי,ES,פדיות לילי,יחידה,1.00,יחידה,false,0,14.90,14.90,true,1,
7290000193618,false,לילי אינטימייט מגן תחתון נורמל 24 יח',חוגלה קימברלי,ES,פדיות לילי נטורל,יחידה,1.00,יחידה,false,0,14.90,14.90,true,1,
7290000193649,false,תחבושות עם כנפיים נורמל פלוס לילי 24 יחידות,חוגלה קימברלי,ES,תחבושות לילי,יחידה,1.00,יחידה,false,0,14.90,14.90,true,1,
7290000193656,false,תחבושות עם כנפיים סופר פלוס לילי 24 יחידות,חוגלה קימברלי,ES,תחבושות לילי,יחידה,1.00,יחידה,false,0,14.90,14.90,true,1,
7290000194141,false,שקמה מכנסון גזרתי סופר נייט XL,חוגלה קימברלי,IL,מכנסוני שקמה,יחידה,1.00,יחידה,false,1,69.90,69.90,true,1,
7290000194905,false,שקמה מכנסון גזרתי סופר נייט M,חוגלה קימברלי,IL,מכנסוני שקמה,יחידה,1.00,יחידה,false,1,69.90,69.90,true,1,
7290000195537,false,מגבונים לחים לעור רגיש ללא בישום האגיס 4*64 יחידות,חוגלה קימברלי,IL,מגבונים האגיס 4י,יחידה,1.00,יחידה,false,0,24.90,24.90,true,1,
7290000195773,false,האגיס - מגבוני האגיס סנסטיב קר לא מבושם 64 יח' * 4,חוגלה קימברלי,IL,מגבונים האגיס 4י,יחידה,1.00,יחידה,false,0,24.90,24.90,true,1,
7290000197081,false,ניקול ניילון נצמד 150 מטר+מתקן לחיתוך קל,חוגלה קימברלי,IL,ניילן נצמד,מטרים,150.00,מטר,false,0,31.90,0.21,true,1,
7290000197425,false,חיתולים פרידום דריי שלב 3 האגיס 52 יחידות,קימברלי קלארק ישראל,IL,חיתולי האגיס,יחידה,1.00,יחידה,false,0,47.90,47.90,true,1,
7290000197456,false,חיתולים פרידום דריי שלב 4 האגיס 44 יחידות,קימברלי קלארק ישראל,IL,חיתולי האגיס,יחידה,1.00,יחידה,false,0,47.90,47.90,true,1,
7290000197463,false,חיתולים פרידום דריי שלב +4 האגיס 40 יחידות,קימברלי קלארק ישראל,IL,חיתולי האגיס,יחידה,1.00,יחידה,false,0,47.90,47.90,true,1,
7290000197548,false,חיתולים פרידום דריי שלב 5 האגיס 36 יחידות,קימברלי קלארק ישראל,IL,חיתולי האגיס,יחידה,1.00,יחידה,false,0,47.90,47.90,true,1,
7290000197678,false,חיתולי האגיס פרידום דריי שלב 6 30 יחידות,קימברלי קלארק ישראל,IL,חיתולי האגיס,יחידה,1.00,יחידה,false,0,47.90,47.90,true,1,
7290000199313,false,תחבושות עם כנפיים נורמל פלוס קוטקס 30 יחידות,חוגלה קימברלי,CZ,קוטקס תחבושות,יחידה,1.00,יחידה,false,0,21.90,21.90,true,1,
7290000201856,false,טיטולים פרימיום שלב4+ 38 יחידות .,חוגלה קימברלי,IL,טיטולים פרימיום,יחידה,1.00,יחידה,false,1,33.90,33.90,true,1,
7290000201863,false,טיטולים פרימיום שלב 5 34 יחידות,חוגלה קימברלי,IL,טיטולים פרימיום,יחידה,1.00,יחידה,false,1,33.90,33.90,true,1,
7290000201870,false,טיטולים פרימיום שלב 6 30 יחידות,חוגלה קימברלי,IL,טיטולים פרימיום,יחידה,1.00,יחידה,false,1,33.90,33.90,true,1,
7290000203560,false,סדיניה שקמה 15 יחידות,חוגלה קימברלי,IL,סדיניה שקמה,יחידה,1.00,יחידה,false,0,51.90,51.90,true,1,
7290000205762,false,חיתולי האגיס אקסטרה קר מידה 3 48 יחידות,חוגלה קימברלי,IL,חיתולי האגיס,יחידה,1.00,יחידה,false,1,57.90,57.90,true,1,
7290000205915,false,חיתולי האגיס אקסטרה קייר מידה 4 40 יחידות,חוגלה קימברלי,IL,חיתולי האגיס,יחידה,1.00,יחידה,false,1,57.90,57.90,true,1,
7290000244761,false,"קרם ידיים ולווטה 100 מ""ל",טרופיקל דגיל קוסמטיק,IL,קרם ידיים ולווטה,מיליליטרים,100.00,"100 מ""ל",false,0,9.90,9.90,true,1,
7290000245294,false,"פרסיל אבקה לכביסה לבנה רגיל 2.5 ק""ג","הנקל סוד בע""\מ",IL,אבקת כביסה פרסיל,קילוגרמים,2.50,"ק""ג",false,0,27.90,11.16,true,1,
7290000262413,false,חיתולי האגיס אקסטרה קייר מידה 5 34 יחידות,חוגלה קימברלי,IL,חיתולי האגיס,יחידה,1.00,יחידה,false,1,57.90,57.90,true,1,
7290000263359,false,חיתולים ליטל בייביז מידה 1 האגיס 40 יחידות,קימברלי קלארק שיווק,IL,חיתולי האגיס,יחידה,1.00,יחידה,false,0,33.90,33.90,true,1,
7290000264752,false,רדיד אלומיניום זוג עם הטבעה ניקול,חוגלה קימברלי,IL,רדיד אלומיניום2*,מטרים,15.00,מטר,false,1,11.90,0.79,true,1,
7290000288079,false,סנו - ז'אוול אקונומיקה לימון 2 ליטר,"סנו מפעלי ברונוס בע""מ",IL,סנו JAVEL מלבין,ליטרים,2.00,ליטר,false,0,13.90,6.95,true,1,
7290000288291,false,סנומט דוחה יתושים לוחיות אידוי 30 יחידות,טרופיקל דגיל תעשיות,IT,סנומט נגד יתוש,יחידה,1.00,יחידה,false,0,14.90,14.90,true,1,
7290000288659,false,"סנו - די רולאון דוחה יתושים ג'ונגל 50 מ""ל",טרופיקל דגיל תעשיות,IL,סנו די רול און,מיליליטרים,50.00,"100 מ""ל",false,1,21.90,43.80,true,1,
7290000289069,false,סנו - ז'אוול מרסס קצף ניקוי בתוספת אקונומיקה בריח לימון 1 ליטר,"סנו מפעלי ברונוס בע""מ",IL,סנו ג'אוול מרסס,ליטרים,1.00,ליטר,false,0,19.90,19.90,true,1,
7290000289595,false,"אורביטול משחת שיניים לילדים בטעם תות שדה 145 מ""ל",טרופיקל דגיל תעשיות קוסמ,IL,משחת שיניים,גרמים,145.00,100 גרם,false,0,10.90,7.52,true,1,
7290000289748,false,"מסיר שומנים לתנורים פורטה פלוס סנו 750 מ""ל","סנו מפעלי ברונוס בע""\מ",IL,סנו פורטה שומנים,מיליליטרים,750.00,"100 מ""ל",false,0,15.90,2.12,true,1,
7290000292687,false,סנובון מוצק לניקוי אסלה קלאסיק כחול סנו 3 יחידות,מיוצר עי קונדיטוריית,IL,סנובון כחול 3 יח,גרמים,165.00,100 גרם,false,0,13.90,8.42,true,1,
7290000295558,false,"רדיד אלומיניום רוחב 30 ס""מ סנו סושי 2 יח' 7.5 מטר",מולינו ניקולי s.p.a,TR,צמד רדידי אלומינ,מטרים,15.00,מטר,false,0,15.90,1.06,true,1,
7290000341071,false,בדין - מרכך כביסה בייבי לבן 2 ליטר,יוניליור ישראל טיפוח איש,IL,מרכך כביסה בייבי,ליטרים,2.00,ליטר,false,0,17.90,8.95,true,1,
7290000347738,false,תה ירוק נענע ויסוצקי 25 יחידות,תה ויסוצקי,IL,תה ירוק נענע,גרמים,37.00,100 גרם,false,0,21.90,59.19,true,1,
7290000442044,false,פמינה תחליב רחצה אינטימי חמוציות 220 מל,פמינה,IL,פמינה חמוציות,מיליליטרים,220.00,"100 מ""ל",false,0,29.90,13.59,true,1,
7290000442310,false,טפטפים בייביסקין משחה לטוסיק מבושם 100,"רצט שקיים בע""מ",IL,בייביסקין משחה,גרמים,100.00,100 גרם,false,0,16.90,16.90,true,1,
7290000560021,false,אדג' ג'ל ורוד נגד חתכים 198ג',המאפיה של הרמן,US,ג'ל גילוח אדג',גרמים,198.00,100 גרם,false,0,18.90,9.55,true,1,
7290000560540,false,אדג' ג'ל גילוח כתום לעור רגיש 198גרם,המאפיה של הרמן,US,אדג' ג'ל לגילוח,גרמים,198.00,100 גרם,false,0,18.90,9.55,true,1,
7290000689180,false,בליסטקס שפתון-סטיק מנטה,מדיליין פריגו,IL,בליסטיק סטיק,יחידה,1.00,יחידה,false,0,9.90,9.90,true,1,
7290000802909,false,עדינול משחה לתינוק 100 גרם,מיוצר עי קונדיטוריית,IL,עדינול לתינוק,גרמים,100.00,100 גרם,false,0,15.90,15.90,true,1,
7290000803180,false,מרידול מי פהשטיפה דנטלית 400 מל,קולגייט פלמוליב,CH,שטיפה מרידול,מיליליטרים,400.00,"100 מ""ל",false,0,28.90,7.23,true,1,
7290000804484,false,אלמקס שטיפת פה דנטלית למניעת עששת 400מל,קולגייט פלמוליב,CH,מי פה אלמקס,מיליליטרים,400.00,"100 מ""ל",false,0,28.90,7.23,true,1,
7290001136362,false,נקה 7 תחליב רחצה אלוורה ארומה ירוק 1 ל',מיוצר בסין.יבוא ושיו,IL,תחליב רחצה נקה 7,ליטרים,1.00,ליטר,false,0,14.90,14.90,true,1,
7290001225066,false,מחדד יח',גייד,CN,מחדד,יחידה,1.00,יחידה,false,0,29.90,29.90,true,1,
7290001229224,false,לק קריסטאל 41 יח',גייד,FR,לק קריסטאל 41,יחידה,1.00,יחידה,false,0,29.00,29.00,true,1,
7290001229804,false,לק230.,גייד,FR,לק230.,יחידה,1.00,יחידה,false,0,29.00,29.00,true,1,
7290001559871,false,DRY QUICK לק ייבוש,גייד,FR,DRY QUICK לק,יחידה,1.00,יחידה,false,0,29.00,29.00,true,1,
7290001713150,false,סנט מוריץ מתז אקונומיקה Bleach קצף לימון 1 ליטר,קומפלקס כימיקלים בעמ,IL,קצף ניקוי,ליטרים,1.00,ליטר,false,1,13.90,13.90,true,1,
7290001713167,false,סנט מוריץ - מרסס קצף ניקוי 1 ליטר סניטרי אפור,קומפלקס כימיקלים בעמ,IL,קצף ניקוי,ליטרים,1.00,ליטר,false,1,13.90,13.90,true,1,
7290001713242,false,עלמה שקיות אשפה 25 יחידות 75*90 עם ידית,אסיר פלסט,TR,שקיות אשפה עם יד,יחידה,1.00,יחידה,false,1,14.90,14.90,true,1,
7290001713662,false,מרכך כביסה pure בניחוח מלון רויאל 1 ל' סנט מוריץ,"קומפלקס כימיקלים בע""",TR,מרכך כביסה בניחו,ליטרים,1.00,ליטר,false,1,11.90,11.90,true,1,
7290001713815,false,PURE מרכך כביסה בניחוח מלון מפנק 1 ליטר,"קומפלקס כימיקלים בע""",TR,מרכך כביסה בניחו,ליטרים,1.00,ליטר,false,1,11.90,11.90,true,1,
7290001865439,false,פמילי אל סבון נוזלי בניחוח וניל 1 ליטר,אף.סי תבליני בגליל ב,IL,סבון נוזלי פמלי,ליטרים,1.00,ליטר,false,0,10.00,10.00,true,1,
7290002000143,false,"חדש -פנג'ל ק.ידיים קלאסיק 80מ""ל",מיוצר עי קונדיטוריית,IL,קרם ידיים פנג'ל,מיליליטרים,80.00,"100 מ""ל",false,0,8.50,10.63,true,1,
7290002000266,false,מגע המשי התפוח שעווה למיקרו 500ג' -חדש,המאפיה של הרמן,IL,שעוות מגע משי,גרמים,500.00,100 גרם,false,0,27.90,5.58,true,1,
7290002002635,false,מגע המשי שעווה לפנים 80גר,"ש. שוורץ (ב""ש) בע""מ",IL,שעווה לפנים,גרמים,80.00,100 גרם,false,0,22.90,28.63,true,1,
7290002002857,false,"מגע הדבש, ניירות להסרת שיער בשעווה, 50 יחידות","איטיליאן פוד, אס.פי.",IL,נייר שעווה,יחידה,1.00,יחידה,false,0,28.90,28.90,true,1,
7290002003168,false,"שלישיית קרם ידיים קלאסי פנג'ל 80 מ""ל",אינטרקוסמא 1985 במ,IL,קרם יד.פנג'ל 3יח,מיליליטרים,240.00,"100 מ""ל",false,0,20.90,8.71,true,1,
7290002041009,false,"חלאבילין אורגינל 10 מ""ל",תעשיות שיק,IL,דאו.חלאבילין,מיליליטרים,10.00,"100 מ""ל",false,0,39.90,399.00,true,1,
7290002041023,false,רעננה קרם דאו.לכף הרגל,תעשיות שיק,IL,קרם דאו לכף הרגל,מיליליטרים,10.00,"100 מ""ל",false,0,49.90,499.00,true,1,
7290002041801,false,"קרם גוף לאב ליין 275 מ""ל",תעשיות שיק,IL,קרם גוף לאב ליין,מיליליטרים,275.00,"100 מ""ל",false,0,49.90,18.15,true,1,
7290002269953,false,מ.איפור עיניים ושפתיים כחול קרליין 260מל,קרליין,IL,בלוז מסיר איפור,מיליליטרים,260.00,"100 מ""ל",false,0,44.90,17.27,true,1,
7290002515371,false,"קמיל בלו אל סבון לתינוקות ד""ר פישר 1 ליטר",פישר מעבדות פרמצבטיות בע,IL,קמיל בלו לתינוק,ליטרים,1.00,ליטר,false,0,21.90,21.90,true,1,
7290002730538,false,פדיות להסרת איפור בלונס 80 יחידות,הנסיך- מפעל לייצור ט,GR,פדים להסרת איפור,יחידה,1.00,יחידה,false,0,9.90,9.90,true,1,
7290002730675,false,"קולגייט משחת שיניים אדומה משפחתי 100 מ""ל",קולגייט-פלמוליב,PL,משחת שיניים,מיליליטרים,100.00,"100 מ""ל",false,0,9.90,9.90,true,1,
7290002730811,false,"משחת שיניים ג'ל פסים מרעננים קולגייט 100 מ""ל",הנסיך- מפעל לייצור ט,PL,משחת קולגייט ג'ל,מיליליטרים,100.00,"100 מ""ל",false,0,13.90,13.90,true,1,
7290002752332,false,"סוכריות מנטוס פירות בגליל, 37.5 גרם",הדקלאים אגודת שיתופי,NL,סוכריות מנטוס,גרמים,37.00,100 גרם,false,0,3.90,10.54,true,1,
7290002752349,false,סוכריות מנטוס מנטה 40יח' בגליל 38ג',פרפטי ואן מלה,NL,סוכריות מנטוס,גרמים,37.00,100 גרם,false,0,3.90,10.54,true,1,
7290002768159,false,"סבון נוזלי בת אורן קצף לאמבט 500מ""ל",פארק תעשיות עמק חפרמ,IL,סבון אמבט בת אור,מיליליטרים,500.00,"100 מ""ל",false,0,26.90,5.38,true,1,
7290002782131,false,"פנינה רוזנבלום - דאודורנט ספריי לאישה מס' 1 150 מ""ל",פנינה רוזנבלום,IL,דאודורנט פנינה,מיליליטרים,150.00,"100 מ""ל",false,0,34.90,23.27,true,1,
7290002782759,false,"פנינה קרם גוף רוזנבלום 400 מ""ל",פנינה רוזנבלום,IL,קרם גוף פנינה,מיליליטרים,340.00,"100 מ""ל",false,0,31.90,9.38,true,1,
7290002814054,false,סנט מוריץ מתז אנטרטיק מתז 1 ליטר,קומפלקס כימיקלים בעמ,IL,אנטרטיק מרסס,ליטרים,1.00,ליטר,false,1,12.90,12.90,true,1,
7290002814290,false,קצף מרוכז blanco בניחוח לימון משמיד 99.9% חיידקים סנט מוריץ 1 ליטר,קומפלקס כימיקלים בעמ,IL,קצף אקונומיקה,ליטרים,1.00,ליטר,false,1,14.90,14.90,true,1,
7290002814498,false,"סנט מוריץ - מרסס חומץ לניקוי כללי 750 מ""ל",קומפלקס כימיקלים,TR,נוזל ניקוי כללי,מיליליטרים,750.00,"100 מ""ל",false,1,11.90,1.59,true,1,
7290002814528,false,נוזל לניקוי האסלה סנט מוריץ 1 ליטר,קומפלקס כימיקלים בעמ,IL,נוזל לאסלה מס' 1,ליטרים,1.00,ליטר,false,0,6.90,6.90,true,1,
7290002814825,false,סבון אסלה כדוריות שלישייה אוקיינוס כחול,"קומפלקס כימיקלים בע""",TR,כדוריות לאסלה3*,גרמים,150.00,100 גרם,false,1,12.90,8.60,true,1,
7290002814870,false,"סנט מוריץ - מרסס מסיר שומנים קר מבושם לוונדר\פרחים 750 מ""ל",קומפלקס כימיקלים בעמ,IL,מסיר שומנים קר,מיליליטרים,750.00,"100 מ""ל",false,1,9.90,1.32,true,1,
7290002814887,false,מטליות רצפה לניקוי ובישום סנטמוריץ,קומפלקס כימיקלים,CN,מטליות רצפה 10יח,יחידה,1.00,יחידה,false,1,10.00,10.00,true,1,
7290002904694,false,"טיטניום דאודורנט ספריי לגברים 150 מ""ל","אמיליה קוסמטיקס בע""מ",IL,דאודורנט טיטניום,מיליליטרים,180.00,"100 מ""ל",false,0,16.90,9.39,true,1,
7290003026029,false,"ד""ר פישר - קמיל בלו סנסיטיב שמפו אלדמע 500 מ""ל",פישר מעבדות פרמצבטיות בע,IL,שמפו קמיל בלו,מיליליטרים,500.00,"100 מ""ל",false,0,19.90,3.98,true,1,
7290003026234,false,"ד""ר פישר - קמיל בלו תחליב לתינוק 500 מ""ל",פישר מעבדות פרמצבטיות בע,IL,קרם גוף לתינוק,גרמים,500.00,100 גרם,false,0,24.90,4.98,true,1,
7290003026319,false,"קמיל בלו משחת החתלה לתינוק ד""ר פישר 120 גרם",פישר מעבדות פרמצבטיות בע,IL,משחת החתלה סנסטי,גרמים,120.00,100 גרם,false,0,19.90,16.58,true,1,
7290003047642,false,תה שחור יילו לייבל 100*1.5 ג' שקיק ליפטון,"יונילוור רוסייה בע""מ",RU,תה ילו לייבל,גרמים,150.00,100 גרם,false,0,11.90,7.94,true,1,
7290003227990,false,"חלאבילין קרם דאודורנט לאישה, 10 ג'",תעשיות שיק,IL,דאו.קרם חלאבילין,מיליליטרים,10.00,"100 מ""ל",false,1,39.90,399.00,true,1,
7290003320295,false,מכשיר פדי קייזר,.D.M.M סוכנויות ומפיצים,,מכשיר פדי קייזר,יחידה,1.00,יחידה,false,0,29.90,29.90,true,1,
7290003320769,false,פינצטה אל-חלד מכופפת קייזר,.D.M.M סוכנויות ומפיצים,DE,פינצטה אל חלד,יחידה,1.00,יחידה,false,0,59.90,59.90,true,1,
7290003387205,false,דאו' ספיד סטיק בסיסי ירוק רגיל לגבר 63ג',הנסיך- מפעל לייצור ט,US,דאודורנט סטיק,גרמים,56.00,100 גרם,false,0,17.90,31.96,true,1,
7290003401369,false,"קרם לחות לשיער חוחובה נטורל פורמולה 400 מ""ל",מיוצר עי אמיליה קוסמ,IL,קרם לחות לשיער,מיליליטרים,400.00,"100 מ""ל",false,0,18.90,4.73,true,1,
7290003401376,false,"קרם לחות ועיצוב לשיער אלוורה נטורל 400 מ""ל",מיוצר עי אמיליה קוסמ,IL,קרם לחות לשיער,מיליליטרים,400.00,"100 מ""ל",false,0,18.90,4.73,true,1,
7290003401420,false,"קרם לחות לשיער סיליקון כתום נטורל 400 מ""ל",מיוצר עי אמיליה קוסמ,IL,קרם לחות לשיער,מיליליטרים,400.00,"100 מ""ל",false,0,18.90,4.73,true,1,
7290003401635,false,נטורל פורמולה לחות מעצבת לפתיחת תלתלים,מיוצר עי אמיליה קוסמ,IL,קרם לחות לשיער,מיליליטרים,400.00,"100 מ""ל",false,0,25.90,6.48,true,1,
7290003444009,false,הרשי ריזס חטיף במילוי בוטנים 42 גרם,ליימן מותגים,US,חטיף שוקולד חלב,גרמים,42.00,100 גרם,false,0,3.90,9.29,true,1,
7290003521074,false,"ד""ר פישר - סרקל מרכך שיער לילדים 1 ליטר",פישר מעבדות פרמצבטיות בע,IL,מרכך לילדים סרקל,ליטרים,1.00,ליטר,false,0,27.90,27.90,true,1,
7290003521081,false,"סרקל שמפו אל דמע לילדים ד""ר פישר 1 ליטר",פישר מעבדות פרמצבטיות בע,IL,סרקל שמפו לילדים,ליטרים,1.00,ליטר,false,0,27.90,27.90,true,1,
7290003521166,false,"ד""ר פישר - סרקל קרם רוזמרין לילדים 325 מ""ל",פישר מעבדות פרמצבטיות בע,IL,סרקל קרם רוזמרין,מיליליטרים,325.00,"100 מ""ל",false,0,25.90,7.97,true,1,
7290003521197,false,"ד""ר פישר - סרקל תרסיס מתיר קשרים 340 מ""ל",פישר מעבדות פרמצבטיות בע,IL,סרקל מתיר קשרים,מיליליטרים,340.00,"100 מ""ל",false,0,25.90,7.62,true,1,
7290004022297,false,LINER DIP איילנר שחור,גייד,DE,LINER DIP איילנר,יחידה,1.00,יחידה,false,0,62.90,62.90,true,1,
7290004043108,false,עדשי מ&מ'ס שוקולד 89 גרם,מרס,US,עדשי מ&מ'ס,גרמים,89.00,100 גרם,false,1,6.80,7.64,true,1,
7290004078263,false,מקלות אוזניים פלסטיק 2* 200 יחידות,ספטונה,GR,מקלוני כותנה,יחידה,1.00,יחידה,false,0,14.90,14.90,true,1,
7290004078942,false,ליידי ספיד סטיק - דאודורנט ג'ל לאישה 65 גרם,קולגייט-פלמוליב,US,דאודורנט,גרמים,65.00,100 גרם,false,0,17.90,27.54,true,1,
7290005008481,false,ספיד סטיק - דאודורנט ג'ל לגבר ספורט 85 גרם,הנסיך- מפעל לייצור ט,US,ספיד סטיק ג'ל,גרמים,85.00,100 גרם,false,0,17.90,21.06,true,1,
7290005084355,false,סנסודין משחת שיניים דואל קר פלואוריד 75,גלקסו סמית קליין,GB,משחת שיניים,מיליליטרים,75.00,"100 מ""ל",false,0,18.90,25.20,true,1,
7290005084737,false,טפטפים - בייביסקין קרם החתלה ללא בושם 100 גרם,כ.צ.ט,IL,בייבי סקין משחה,גרמים,100.00,100 גרם,false,0,16.90,16.90,true,1,
7290005200786,false,תפוצ'יפס בטעם שמנת בצל עלית 50 גרם,"שטראוס פריטו ליי בע""\מ )",IL,תפוצ'יפס שמנת,גרמים,50.00,100 גרם,false,0,4.30,8.60,true,1,
7290005418709,false,"נטורל קרם לחות לקיבוע תלתלים גלי 400 מ""ל",מיוצר עי אמיליה קוסמ,IL,קרם לחות לתלתלים,מיליליטרים,400.00,"100 מ""ל",false,0,25.90,6.48,true,1,
7290005418716,false,"קרם לחות לבניית תלתלים עגולים נטורל פורמולה 400 מ""ל",מיוצר עי אמיליה קוסמ,IL,קרם לחות לשיער,מיליליטרים,400.00,"100 מ""ל",false,0,25.90,6.48,true,1,
7290005418891,false,"ג'ל אסטרים חזק לעיצוב רטוב נטורל פורמולה 500 מ""ל",מיוצר עי : אמיליה קוסמטי,IL,ג'ל לעיצוב שיער,מיליליטרים,500.00,"100 מ""ל",false,0,22.90,4.58,true,1,
7290005423253,false,"סנו - מקסימה מרסס למייבש כביסה אולטרה פרש 750 מ""ל","סנו מפעלי ברונוס בע""\מ",IL,מקסימה למייבש,מיליליטרים,750.00,"100 מ""ל",false,0,14.90,1.98,true,1,
7290005423505,false,"מי פה אורביטול להלבנת השיניים 500 מ""ל",קוסמופארם,IL,מי פה אורביטול,מיליליטרים,500.00,"100 מ""ל",false,0,20.90,4.18,true,1,
7290005423635,false,ריצפז נוזל רצפות דוחה תיקנים סנו 2 ליטר,מיוצר עי קונדיטוריית,IL,ריצפז דוחה חרקים,ליטרים,2.00,ליטר,false,0,22.90,11.45,true,1,
7290005425110,false,"חיטוי משטחים 99.9% מתז מחטא ומשמיד 750 מ""ל","סנו מפעלי ברונוס בע""\מ",IL,מחטא משטחים סנו,מיליליטרים,750.00,"100 מ""ל",false,1,16.90,2.25,true,1,
7290005426568,false,"קרמה - קרם לחות לשיער רגיל 400 מ""ל",טרופיקל דגיל תעשיות,IL,קרם לחות קרמה,מיליליטרים,400.00,"100 מ""ל",false,0,24.90,6.23,true,1,
7290005426575,false,"קרמה לחות לשיער יבש ללא שטיפה 400 מ""ל",טרופיקל דגיל תעשיות,IL,קרם לחות קרמה,מיליליטרים,400.00,"100 מ""ל",false,0,24.90,6.23,true,1,
7290005427619,false,"כיף גל לשיער לשיער קוצים 1ק""ג",גוד פוד פרודקטס S.p,IL,ג'ל כיף לשיער,קילוגרמים,1.00,"ק""ג",false,0,23.90,23.90,true,1,
7290005427633,false,"כיף גל לשיער לשיער חזק במיוחד 1 ק""ג",קוסמופארם,IL,ג'ל כיף לשיער,קילוגרמים,1.00,"ק""ג",false,0,23.90,23.90,true,1,
7290005427787,false,"קרמה - קרם לחות לשיער מתולתל 400 מ""ל",טרופיקל דגיל תעשיות,IL,קרם לשיער קרמה,מיליליטרים,400.00,"100 מ""ל",false,0,24.90,6.23,true,1,
7290005427978,false,"תחליב רחצה לפנים פילינג קרמה 180 מ""ל",גוד פוד פרודקטס S.p,IL,תחליב רחצה לפנים,מיליליטרים,180.00,"100 מ""ל",false,0,15.90,8.83,true,1,
7290005430602,false,"סנו אוקסיג'ן ספריי להסרת כתמים עם חמצן פעיל 750 מ""ל","סנו מפעלי ברונוס בע""",IL,אוקסיג'ן מ.כתמים,מיליליטרים,750.00,"100 מ""ל",false,0,16.90,2.25,true,1,
7290005477683,false,"טיטניום - אפטר שייב קלאסי 100 מ""ל",קרליין,IL,טיטניום אפט.שייב,מיליליטרים,100.00,"100 מ""ל",false,0,49.00,49.00,true,1,
7290005587825,false,לוריאל - דרמו מסיר איפור דו פאזי 125 עברית,"קרלסרו, גרמניה",DE,מסיר איפור,מיליליטרים,150.00,"100 מ""ל",false,0,31.90,21.27,true,1,
7290005680052,false,טמפונים סופר פלוס אובה 32 יחידות,גונסון אנד גונסון,GR,טמפוני או-בה,יחידה,1.00,יחידה,false,0,24.90,24.90,true,1,
7290006185501,false,"פנינה רוזנבלום -אל סבון נוזלי ורוד,1 ליטר",פנינה רוזנבלום,IL,סבון נוזלי ורוד,ליטרים,1.00,ליטר,false,0,13.90,13.90,true,1,
7290006287106,false,"נטורל - ווקס לשיער לעיצוב אלסטי 120 מ""ל",מיוצר עי : אמיליה קוסמטי,IL,ווקס עיצוב שיער,מיליליטרים,120.00,"100 מ""ל",false,0,31.90,26.58,true,1,
7290006287311,false,"נטורל - מסכה לריכוך וגמישות תלתלים 400 מ""ל",מיוצר עי : אמיליה קוסמטי,IL,מסכה לשיער,מיליליטרים,400.00,"100 מ""ל",false,0,34.90,8.73,true,1,
7290006401373,false,ליגיניה סבון מרענן לשטיפה אינטימית,פייזר )קונסיומר הלט קר(,IT,ליגיניה אקטיב,מיליליטרים,200.00,"100 מ""ל",false,0,43.90,21.95,true,1,
7290006784360,false,חלונית סנט מוריץ לניקוי חלונות 1 ליטר,"קומפלקס כימיקלים בע""",IL,מרסס חלונית,ליטרים,1.00,ליטר,false,0,7.90,7.90,true,1,
7290006784438,false,מרכך כביסה pure love לבן 1 ל' סנט מוריץ,קומפלקס כימיקלים בעמ,TR,LOVE PUREמרכך כב,ליטרים,1.00,ליטר,false,1,11.90,11.90,true,1,
7290006784575,false,"מילוי מכשיר אוויר 250 מ""ל fashion loouy סנט מוריץ",קומפלקס כימיקלים בעמ,TR,מטהר אוויר לואס,מיליליטרים,250.00,"100 מ""ל",false,1,9.90,3.96,true,1,
7290006784605,false,"מילוי מכשיר אוויר 250 מ""ל fashion midnight secret סנט מוריץ",קומפלקס כימיקלים בעמ,TR,מטהר אוויר נייט,מיליליטרים,250.00,"100 מ""ל",false,1,9.90,3.96,true,1,
7290006784636,false,"ספריי אוויר 250 מ""ל fashion meduza סנט מוריץ",קומפלקס כימיקלים בעמ,TR,מטהר אוויר מדוזה,מיליליטרים,250.00,"100 מ""ל",false,1,9.90,3.96,true,1,
7290006784780,false,"ספריי אוויר 250 מ""ל fashion black סנט מוריץ",קומפלקס כימיקלים בעמ,TR,מטהר אוויר בלאק,מיליליטרים,250.00,"100 מ""ל",false,1,9.90,3.96,true,1,
7290006788290,false,"קרליין - חלב פנים לעור רגיל / מעורב 260 מ""ל",קרליין,IL,חלב פנים,מיליליטרים,260.00,"100 מ""ל",false,0,39.90,15.35,true,1,
7290006788313,false,"קרליין - חלב פנים לעור יבש / עדין 260 מ""ל",קרליין,IL,חלב פנים,מיליליטרים,260.00,"100 מ""ל",false,0,39.90,15.35,true,1,
7290006788375,false,קרליין דאודורנט סטיק נושם ורוד,מיוצר עי : אמיליה קוסמטי,IL,דאודורנט קרליין,מיליליטרים,50.00,"100 מ""ל",false,0,18.90,37.80,true,1,
7290006788405,false,"קרליין - נושם אקטיב דאודורנט רול און לאישה ברודו 75 מ""ל",מיוצר עי : אמיליה קוסמטי,IL,דאודורנט קרליין,מיליליטרים,75.00,"100 מ""ל",false,0,13.90,18.53,true,1,
7290006788412,false,"קרליין - נושם אקווה דאודורנט רול און לאישה כחול 75 מ""ל",אמיליה קוסמטיקס בעמ,IL,דאודורנט קרליין,מיליליטרים,75.00,"100 מ""ל",false,0,13.90,18.53,true,1,
7290006788436,false,"קרליין - נושם פיור דאודורנט רול און לאישה ורוד 75 מ""ל",משווק: קוסמופארם בעמ,IL,דאודורנט קרליין,מיליליטרים,75.00,"100 מ""ל",false,0,13.90,18.53,true,1,
7290006788443,false,"קרליין - נושם אוקסיג'ן דאודורנט רול און לאישה סגול 75 מ""ל","אמיליה קוסמטיקס בע""מ",IL,דאודורנט קרליין,מיליליטרים,75.00,"100 מ""ל",false,0,13.90,18.53,true,1,
7290006788481,false,"קרליין - נושם סאן רייס דאודורנט ספריי לאישה כתום 200 מ""ל",מיוצר עי : אמיליה קוסמטי,IL,דאודורנט קרליין,מיליליטרים,200.00,"100 מ""ל",false,0,13.90,6.95,true,1,
7290006788498,false,"קרליין - נושם פיור דאודורנט ספריי לאישה ורוד 200 מ""ל",מיוצר עי : אמיליה קוסמטי,IL,דאודורנט קרליין,מיליליטרים,200.00,"100 מ""ל",false,0,13.90,6.95,true,1,
7290006788504,false,"קרליין - נושם אוקסיג'ן דאודורנט ספריי לאישה סגול 200 מ""ל",מיוצר עי : אמיליה קוסמטי,IL,דאודורנט קרליין,מיליליטרים,200.00,"100 מ""ל",false,0,13.90,6.95,true,1,
7290006789655,false,"קרם לחות לסירוק קל לשיער מתולתל ומקורזל 10 קרליין 400 מ""ל",מיוצר עי : אמיליה קוסמטי,IL,קרם לחות לשיער,מיליליטרים,400.00,"100 מ""ל",false,0,20.90,5.23,true,1,
7290006791467,false,"נטורל - סרום לשיער להגמשת התלתלים 145 מ""ל",מיוצר עי : אמיליה קוסמטי,IL,סרום לתלתלים,מיליליטרים,145.00,"100 מ""ל",false,0,49.90,34.41,true,1,
7290006791870,false,"נטורל - ג'ל שיער לעיצוב חזק 500 מ""ל",מיוצר עי : אמיליה קוסמטי,IL,ג'ל לעיצוב שיער,מיליליטרים,500.00,"100 מ""ל",false,0,23.90,4.78,true,1,
7290006992161,false,מטרנה - דייסת קורנפלור פרוביוטי 200 גרם,מולינו ניקולי s.p.a,IL,דייסת מטרנה,גרמים,200.00,100 גרם,false,0,14.50,7.25,true,1,
7290006992390,false,"מטרנה - דייסת וניל פרוביוטי כשל""פ 200 גרם",מולינו ניקולי s.p.a,IL,דייסת וניל מטרנה,גרמים,200.00,100 גרם,false,0,14.50,7.25,true,1,
7290008000246,false,"פמינה - שטיפה אינטימית מועשר באלוורה 220 מ""ל",פמינה,IL,שטיפה + אלוורה,מיליליטרים,220.00,"100 מ""ל",false,0,29.90,13.59,true,1,
7290008000796,false,"סופרמן משחת שיניים לילדים בטעם פירות כצט 50 מ""ל",כצט נוביס,IL,משחת שיניים,מיליליטרים,50.00,"100 מ""ל",false,0,10.90,21.80,true,1,
7290008021111,false,מרכ.פינוק יבש מאוד 700מל,יוניליוור ישראל טיפוח אי,IL,מרכך שיער פינוק,מיליליטרים,700.00,"100 מ""ל",false,0,13.90,1.99,true,1,
7290008104050,false,"שטיפת אינטימית לקטופיל פמינה 220 מ""ל",כצט נוביס סעמ,IL,תחליב פמינה,מיליליטרים,220.00,"100 מ""ל",false,0,24.90,11.32,true,1,
7290008116534,false,ליסטרין שטיפת פה קול מינט 250 מל,ג'\ונסון אנד ג'\ונסון,IT,מי פה ליסטרין,מיליליטרים,250.00,"100 מ""ל",false,0,9.90,3.96,true,1,
7290008116558,false,ליסטירין מי פה בטעם מנטה מרענן 250 מל,ג'\ונסון אנד ג'\ונסון,IT,מי פה ליסטרין,מיליליטרים,250.00,"100 מ""ל",false,0,9.90,3.96,true,1,
7290008116565,false,ליסטרין שטיפת פה פרש 500 מל,ג'\ונסון אנד ג'\ונסון,IT,מי פה ליסטרין,מיליליטרים,500.00,"100 מ""ל",false,0,19.90,3.98,true,1,
7290008264068,false,פינצטה אלכסון,סולינגן,IL,פינצטה אלכסון,יחידה,1.00,יחידה,false,0,39.90,39.90,true,1,
7290008264129,false,פינצטה מכופפת אל חלד,סולינגן,IL,פינצטה מכופפת אל,יחידה,1.00,יחידה,false,0,84.90,84.90,true,1,
7290008264143,false,פצירה 16 ס'מ כרום,סולינגן,IL,פצירה 16 ס'מ כרו,יחידה,1.00,יחידה,false,0,32.90,32.90,true,1,
7290008264211,false,10 פצירות רכות,סולינגן,IL,10 פצירות רכות,יחידה,1.00,יחידה,false,0,27.00,27.00,true,1,
7290008264334,false,סולינגן-צבתית 12 ס'מ,סולינגן,IL,סולינגן-צבתית 12,יחידה,1.00,יחידה,false,0,174.00,174.00,true,1,
7290008264341,false,ספוגיות מייק-אפ גדולות4*,סולינגן,IL,ספוגיות מייק-אפ,יחידה,1.00,יחידה,false,0,20.90,20.90,true,1,
7290008264372,false,קוצץ גדול+פלסטיק,סולינגן,IL,קוצץ גדול+פלסטיק,יחידה,1.00,יחידה,false,0,45.90,45.90,true,1,
7290008264389,false,קוצץ קטן+שרשרת,סולינגן,IL,קוצץ קטן+שרשרת,יחידה,1.00,יחידה,false,0,27.00,27.00,true,1,
7290008264419,false,סולינגן-משייף קרמי מקצוע,סולינגן,IL,סולינגן-משייף קר,יחידה,1.00,יחידה,false,0,130.00,130.00,true,1,
7290008264457,false,אבן לרגל,סולינגן,IL,אבן לרגל,יחידה,1.00,יחידה,false,0,17.00,17.00,true,1,
7290008264464,false,מעגל ריסים יח',סולינגן,IL,מעגל ריסים,יחידה,1.00,יחידה,false,1,48.00,48.00,true,1,
7290008264471,false,משייף +ידית לבנה,סולינגן,KP,משייף +ידית לבנה,יחידה,1.00,יחידה,false,0,16.90,16.90,true,1,
7290008264488,false,"פצירת אקריל 18 ס""מ",סולינגן,IL,פצירת אקריל 18 ס,יחידה,1.00,יחידה,false,0,18.00,18.00,true,1,
7290008318518,false,"דאו.לאבליין ספריי 187מ""ל",חלאבין,IL,דאודורנט לאבליין,מיליליטרים,187.00,"100 מ""ל",false,0,19.90,10.65,true,1,
7290008318785,false,"ביוטי פיט ק.ריכוך לכף הרגל 100 מ""ל",חלאבין,IL,ביוטי פיט קרם לכ,מיליליטרים,100.00,"100 מ""ל",false,0,22.90,22.90,true,1,
7290008444231,false,"קרליין - קרם ג'ל לחות יאנג 50 מ""ל",קרליין,IL,YOUNG ג'ל לחות,מיליליטרים,50.00,"100 מ""ל",false,0,59.90,119.80,true,1,
7290008464505,false,"בקבוק מים בודד סאן בנדיטו 500 מ""ל",אקווה מינרלה סאן בנדטו ב,IT,סאן בנדטו רגיל 0,מיליליטרים,500.00,"100 מ""ל",false,0,5.00,1.00,true,1,
7290008464611,false,"הסודה של טמפו, מי סודה בגיזוז חזק, 275 מל",טמפו משקאות בעמ,IL,הסודה של טמפו,מיליליטרים,275.00,"100 מ""ל",false,1,3.90,1.42,true,1,
7290008653343,false,תיק קניות מתקפל יחידה,,IL,תיק קניות מתקפל,יחידה,1.00,יחידה,false,1,15.90,15.90,true,1,
7290008687072,false,תיק נסיעות מתקפל יחידה,,IL,תיק נסיעות מתקפל,יחידה,1.00,יחידה,false,1,20.90,20.90,true,1,
7290008745239,false,תפוצ'יפס קראנצ' בטעם טבעי עלית 50 גרם,"שטראוס פריטו ליי בע""\מ )",IL,תפוצ'יפס קראנצ',גרמים,50.00,100 גרם,false,0,4.30,8.60,true,1,
7290008893367,false,עפרון עינים פרסיז'ן04,גייד,IT,עפרון עינים פרסי,יחידה,1.00,יחידה,false,0,39.00,39.00,true,1,
7290008894050,false,מייק אפ קומפקט 02,גייד,IT,מייק אפ קומפקט02,יחידה,1.00,יחידה,false,0,103.90,103.90,true,1,
7290010065745,false,מחית לפתן פירות ג'וניור פרינוק 190 גרם,פרוטה פודווין איי.אס,CZ,פרינוק ג'וניור,גרמים,190.00,100 גרם,false,0,5.90,3.11,true,1,
7290010182985,false,חלאבלין דאודורנט סטיק 72 שעות כחול,חלאבין,IL,דאו.סטיק 50 מל,מיליליטרים,50.00,"100 מ""ל",false,0,29.90,59.80,true,1,
7290010237548,false,"פפסי מקס דל קלוריות 500 מ""ל בקבוק",טמפו משקאות בעמ,IL,פפסי מקס,מיליליטרים,500.00,"100 מ""ל",false,0,5.90,1.18,true,1,
7290010379941,false,לק גוון 360,קרליין,IL,לק גוון 360,יחידה,1.00,יחידה,false,0,14.90,14.90,true,1,
7290010381487,false,קרליין - עפרון שפתיים עם חידוד 158,קרליין,DE,עפרון שפתיים,יחידה,1.00,יחידה,false,0,29.90,29.90,true,1,
7290010381500,false,קרליין - עפרון עיניים ללא חידוד 200,קרליין,DE,עפרון עיניים,יחידה,1.00,יחידה,false,0,29.90,29.90,true,1,
7290010381555,false,קרליין - עפרון עיניים ללא חידוד 205,קרליין,DE,עפרון עיניים,יחידה,1.00,יחידה,false,0,29.90,29.90,true,1,
7290010381708,false,קרליין - עפרון שפתיים ללא חידוד 247,קרליין,IL,עפרון שפתיים,יחידה,1.00,יחידה,false,0,29.90,29.90,true,1,
7290010382842,false,"קרם נטורל פורמולה קרם לחות קלילה לשיער רגיל, 400 מ""ל קלילה רגיל",מיוצר עי : אמיליה קוסמטי,IL,קרם לחות לשיער,מיליליטרים,400.00,"100 מ""ל",false,0,25.90,6.48,true,1,
7290010748853,false,"ד""ר פישר - אפקטיב קר קרם ידיים סנסיטיב 150 מ""ל",פישר מעבדות פרמצבטיות בע,IL,קרם ידיים,מיליליטרים,150.00,"100 מ""ל",false,0,9.90,6.60,true,1,
7290010748860,false,"ד""ר פישר - אפקטיב קר קרם ידיים אינטנסיב 150 מ""ל",פישר מעבדות פרמצבטיות בע,IL,קרם ידיים,מיליליטרים,150.00,"100 מ""ל",false,0,9.90,6.60,true,1,
7290010748877,false,"אפקטיב קר קרם גוף סנסטיב לעור רגיש ח 700 מ""ל",פישר מעבדות פרמצבטיות בע,IL,"ד""ר פישר קרם גוף",מיליליטרים,700.00,"100 מ""ל",false,0,24.90,3.55,true,1,
7290010748891,false,אפקטיב קר קרם גוף מולטי ויטמין לעור רגיל יבש ח 7,פישר מעבדות פרמצבטיות בע,IL,קרם גוף,מיליליטרים,700.00,"100 מ""ל",false,0,24.90,3.55,true,1,
7290010822010,false,גאמפ תפוז פלסטיק 500מל,"טמפו משקאות בע""מ",IL,ג'אמפ תפוז 500,מיליליטרים,500.00,"100 מ""ל",false,0,5.90,1.18,true,1,
7290011026530,false,ק.ב סנסטיב אל סבון לבנדר קמומיל לפני השינה 500 מ,פישר מעבדות פרמצבטיות בע,IL,אל סבון קמיל,מיליליטרים,500.00,"100 מ""ל",false,0,19.90,3.98,true,1,
7290011112080,false,לק גוון 357,קרליין,,לק גוון 357,יחידה,1.00,יחידה,false,0,14.90,14.90,true,1,
7290011113339,false,לק גוון 375,קרליין,IL,לק גוון 375,יחידה,1.00,יחידה,false,0,14.90,14.90,true,1,
7290011113926,false,דאודורנט ספריי טיטניום בלאק Titanium Black,משווק: וסמופארם בעממ,IL,דאודורנט טיטניום,מיליליטרים,200.00,"100 מ""ל",false,0,16.90,8.45,true,1,
7290011114305,false,קרליין - שפתון ליפ קולור 701,קרליין,IL,שפתון דו צדדי,יחידה,1.00,יחידה,false,0,64.90,64.90,true,1,
7290011114619,false,קרליין - שפתון ליפ קולור 706,קרליין,IL,שפתון דו צדדי,יחידה,1.00,יחידה,false,0,64.90,64.90,true,1,
7290011114626,false,קרליין - שפתון ליפ קולור 707,קרליין,IL,שפתון דו צדדי,יחידה,1.00,יחידה,false,0,64.90,64.90,true,1,
7290011114633,false,קרליין - שפתון ליפ קולור 708,קרליין,IL,שפתון דו צדדי,יחידה,1.00,יחידה,false,0,64.90,64.90,true,1,
7290011114800,false,קרליין - שפתון ספארקס 911,קרליין,IL,שפתון גלוס עם בר,יחידה,1.00,יחידה,false,0,59.90,59.90,true,1,
7290011115166,false,נקה 7 ארומה סבון נוזלי לבנדר 1 ל',טרופיקל דגיל תעשיות,IL,תחליב רחצה נקה 7,ליטרים,1.00,ליטר,false,0,14.90,14.90,true,1,
7290011505714,false,נובי67927 נשכן סיליקון רך עם קופסא NATURAL TOUCH,N.L.PRODUCT,CN,נשכן נובי,יחידה,1.00,יחידה,false,0,34.90,34.90,true,1,
7290011522605,false,"גלייז מעצב שיער לתלתלים 400 מ""ל",ג'נרל מילס סאן אדריא,IL,קרם לשיער סטייל,מיליליטרים,400.00,"100 מ""ל",false,0,30.90,7.73,true,1,
7290011525323,false,אל סבון טיפולי לתינוק קמיל בלו סנסטיב שיבולת שועל,פישר מעבדות פרמצבטיות בע,IL,אל סבון קמיל בלו,מיליליטרים,500.00,"100 מ""ל",false,0,21.90,4.38,true,1,
7290011607180,false,"אבקת כביסה קולון 101 1.25 ק""ג",ריקט בנקיזר ( ניר אי,IL,אבקת כביסה קולון,קילוגרמים,1.25,"ק""ג",false,0,15.90,12.72,true,1,
7290011618025,false,בייבי ביס הוט קידס נגיסי אורז לתינוק,גואנז'ו יונג וואנט פ,CN,בייבי ביס,גרמים,50.00,100 גרם,false,0,14.90,29.80,true,1,
7290011618216,false,נגיסי אורז לתינוקות בטעם בננה,גואנז'ו יונג וואנט פ,CN,בייבי ביס,גרמים,50.00,100 גרם,false,0,14.90,29.80,true,1,
7290011622305,false,כתמטמינים חטיף לתינוקות אצבעות בוטנים ותירס - רביעיה,הארט Heart,IL,רביעיית כתמתמים,גרמים,80.00,100 גרם,false,0,11.90,14.88,true,1,
7290011622428,false,כתמטמינים-חטיף בריאות לתינוקות וילדים 45 ג',מיוצר עבור גולדן האר,IL,חטיף בריאות,גרמים,45.00,100 גרם,false,0,7.50,16.67,true,1,
7290011714871,false,בליסטקס סטיק פטל לימון,מדיליין פריגו,IL,בליסטיק רפיל תות,יחידה,1.00,יחידה,false,0,9.90,9.90,true,1,
7290011743833,false,"סנסודיין משחת שיניים פרונאמל 75 מ""ל",גלקסו סמית קליין,GB,משחת שיניים,מיליליטרים,75.00,"100 מ""ל",false,0,21.90,29.20,true,1,
7290011744892,false,"אקווה פרש - משחת שיניים ילדים ג'וניור 6+ 50 מ""ל",גלקסו סמית קליין,SK,משחת שיניים א.פ,מיליליטרים,50.00,"100 מ""ל",false,0,14.90,29.80,true,1,
7290011765071,false,ג'ל גילוח לעור רגיל לחות והגנה Moisture,טרופיקל דגיל תעשיות,TR,ג'ל גילוח קרמה,מיליליטרים,200.00,"100 מ""ל",false,0,16.90,8.45,true,1,
7290011765088,false,ג'ל גילוח לעור רגיל מנטול Cool,טרופיקל דגיל תעשיות,TR,ג'ל גילוח קרמה,מיליליטרים,200.00,"100 מ""ל",false,0,16.90,8.45,true,1,
7290011765095,false,קרמה מן גל גילוח אלוורה ירוק 200 מל,טרופיקל דגיל תעשיות,TR,ג'ל גילוח קרמה,מיליליטרים,200.00,"100 מ""ל",false,0,16.90,8.45,true,1,
7290011765392,false,"בוב ספוג שמפו לשיער לסירוק קל כיף 750 מ""ל",טרופיקל דגיל תעשיות,IL,שמפו כיף ילדים,מיליליטרים,750.00,"100 מ""ל",false,0,12.90,1.72,true,1,
7290011765422,false,אל סבון מועשר בלחות ותמצית קמומיל - בוב ספוג,קוסמופארם בע'\'\מ,IL,אלסבון כיף,מיליליטרים,750.00,"100 מ""ל",false,0,12.90,1.72,true,1,
7290011870270,false,פוג'יקום סוללות מארז 12 יח' AA,פוג'יקום,CN,סוללות פוג'י,יחידה,1.00,יחידה,false,0,19.90,19.90,true,1,
7290011870737,false,סוללה פוגיקום בינוני,פוג'יקום,CN,סוללת פוג'י,יחידה,1.00,יחידה,false,0,19.90,19.90,true,1,
7290011877927,false,אורביטול טריפלאקשיין בטעם סמוז מינט,קוסמופארם בע'\'\מ,IL,מי פה אורביטול,מיליליטרים,500.00,"100 מ""ל",false,0,20.90,4.18,true,1,
7290011912642,false,ליסטרין שטיפת פה הגנה על השיניים והחניכי,ג'\ונסון אנד ג'\ונסון,IT,מי פה ליסטרין,מיליליטרים,500.00,"100 מ""ל",false,0,19.90,3.98,true,1,
7290012116025,false,שמפו פיית הפרפרים לסירוק קל מכיל רוזמרין,קוסמופארם בע'\'\מ,IL,שמפו כיף,מיליליטרים,750.00,"100 מ""ל",false,0,13.90,1.85,true,1,
7290012116032,false,כיף פיות מרכך לסירוק קל 750 מל,טרופיקל דגיל תעשיות,IL,מרכך כיף,מיליליטרים,750.00,"100 מ""ל",false,0,13.90,1.85,true,1,
7290012116360,false,פוליויקס נוזל לניקוי רצפות גרניט פורצלן סנו 2 ליטר,"מפעלי סנו ברונוס בע""",IL,סנו פוליויקס,ליטרים,2.00,ליטר,false,0,21.90,10.95,true,1,
7290012116612,false,אורביטול מברשת שיניים מארז 4 יח',ג'נרל מילס סאן אדריא,CN,4 מברשות שיניים,יחידה,1.00,יחידה,false,0,16.90,16.90,true,1,
7290012117398,false,קרמה מן גל לאחר גילוח לעור עדין 150 מל,החברה הדרומית,IL,קרמה ג'ל גילוח,מיליליטרים,150.00,"100 מ""ל",false,0,29.90,19.93,true,1,
7290012117534,false,מרכך כביסה מרוכז תכלת קול סנו מקסימה 1 ליטר,"סנו מפעלי ברונוס בע""\מ",IL,מקסימה ס.מרוכז,ליטרים,1.00,ליטר,false,0,17.90,17.90,true,1,
7290012117558,false,מקסימה מרכך כביסה מרוכז ורוד בניחוח מאסק סנו 1 ליטר,"סנו מפעלי ברונוס בע""\מ",IL,מקסימה ס.מרוכז,ליטרים,1.00,ליטר,false,0,17.90,17.90,true,1,
7290012192098,false,חלאבין לאבילין רול און 72 שעות אדום,חלאבין Halvin,IL,חלאבלין רול און,מיליליטרים,60.00,"100 מ""ל",false,0,29.90,49.83,true,1,
7290012192104,false,חלאבלין רול און 72 שעות כחול,חלאבין Halvin,IL,חלאבלין רול און,מיליליטרים,60.00,"100 מ""ל",false,0,29.90,49.83,true,1,
7290012193071,false,גורדן קסמי שיניים דקים מארז זוג,ג'ורדן,IL,ג'ורדן מארז זוג,יחידה,1.00,יחידה,false,0,28.90,28.90,true,1,
7290012350276,false,"קרליין - סרום רויואל 30 מ""ל",קרליין,IL,REVIVAL סרום,מיליליטרים,30.00,"100 מ""ל",false,0,140.00,466.67,true,1,
7290012350412,false,קרליין - מסיר איפור דו פאזי ורוד,קרליין,IL,מסיר איפור,מיליליטרים,260.00,"100 מ""ל",false,0,44.90,17.27,true,1,
7290012350672,false,קרליין - עפרון שפתיים עם חידוד 164,קרליין,DE,עפרון שפתיים,יחידה,1.00,יחידה,false,0,29.90,29.90,true,1,
7290012351501,false,קרליין - קונסילר נגד קמטים וניל,קרליין,IL,קונסילר וניל,יחידה,1.00,יחידה,false,0,54.50,54.50,true,1,
7290012351518,false,קרליין - קונסילר נגד קמטים קרמל,קרליין,IL,קונסילר כרמל,יחידה,1.00,יחידה,false,0,54.50,54.50,true,1,
7290012367717,false,קרם ידיים וציפורניים Intensive relief לעור יבש ומגורה,פישר מעבדות פרמצבטיות בע,IL,קרם ידיים,מיליליטרים,150.00,"100 מ""ל",false,0,9.90,6.60,true,1,
7290012491047,false,מאמי קייר שמפו קלנדולה לתינוק,מאמי קר Mommy Care,IL,שמפו קלנדולה,מיליליטרים,400.00,"100 מ""ל",false,0,29.90,7.48,true,1,
7290012491078,false,"סבון קלנדולה לתינוק 400 מ""ל Mommy Care",מאמי קר Mommy Care,IL,סבון קלנדולה,מיליליטרים,400.00,"100 מ""ל",false,0,29.90,7.48,true,1,
7290012491368,false,מגבונים אקולוגיים 72 יח,מאמי קר,IL,מגבונים מאמי קר,יחידה,1.00,יחידה,false,0,12.90,12.90,true,1,
7290012823237,false,"תחליב רחצה קרמה בריזת ים 700 מ""ל",החברה הדרומית,IL,קרמה תחליב רחצה,מיליליטרים,700.00,"100 מ""ל",false,0,17.90,2.56,true,1,
7290012823381,false,מקסימה מרכך כביסה מרוכז סנסטיב בייבי סנו 1 ליטר,"סנו מפעלי ברונוס בע""\מ",IL,מרכך כביסה,ליטרים,1.00,ליטר,false,0,17.90,17.90,true,1,
7290012823398,false,מטליות חד פעמיות לניקוי הרצפה בניחוח מרכך כביסה 10יח' סנו,סנו מפעלי ברונו בעמ,IL,מטליות ריצפז,יחידה,1.00,יחידה,false,1,13.90,13.90,true,1,
7290012854392,false,בליסטקס תות-בליסטר חדש,מדיליין פריגו,US,בליסטקס תות בליס,יחידה,1.00,יחידה,false,0,9.90,9.90,true,1,
7290012854408,false,בליסטקס מנטה -בליסטר חדש,מדיליין פריגו,US,בליסטקס בטעם מנט,יחידה,1.00,יחידה,false,0,9.90,9.90,true,1,
7290012938580,false,"סנסודיין משחת שיניים להלבנה עדינה 75 מ""ל",גלקסוסמית'\קליין קונסיומ,GB,משחת סנסודיין,מיליליטרים,75.00,"100 מ""ל",false,0,18.90,25.20,true,1,
7290012938597,false,"סנסודיין משחת שיניים רפיד רליף 75 מ""ל","סמיתקליין ביצ'ם בע""מ",GB,משחת סנסודיין,מיליליטרים,75.00,"100 מ""ל",false,0,21.90,29.20,true,1,
7290012938740,false,"משחת שיניים פרש מינט מנטה 75מ""ל סנסודיין",גלקסו סמית קליין,GB,משחת סנסודיין,מיליליטרים,75.00,"100 מ""ל",false,0,18.90,25.20,true,1,
7290013083661,false,"מטרנה אקסטרה קר שלב 1 חסכון 700 גרם תמ""ל",מטרנה תעשיות ש.מ,IL,מטרנה אקסטרה קר,גרמים,700.00,100 גרם,false,0,59.90,8.56,true,1,
7290013083685,false,תחליף חלב מטרנה אקסטרה קר שלב 3 חסכון 700 גרם,מטרנה תעשיות ש.מ,IL,מטרנה אקסטרה קר,גרמים,700.00,100 גרם,false,0,59.90,8.56,true,1,
7290013133816,false,לובלו לגבר בודד,לבלו,IL,לבלו לגבר,יחידה,1.00,יחידה,false,0,10.00,10.00,true,1,
7290013268020,false,מקסימה מרכך כביסה מרוכז בניחוח אולטרא פרש סנו 1 ליטר,"סנו מפעלי ברונוס בע""\מ",IL,מרכך כביסה,ליטרים,1.00,ליטר,false,0,17.90,17.90,true,1,
7290013268440,false,אורביטול צמד מברשות שיניים בובספוג+פיגור,החברה הדרומית,CN,מברשת שיניים,יחידה,1.00,יחידה,false,1,19.90,19.90,true,1,
7290013269003,false,מרכך כביסה סופר מרוכז בייבי לתינוקות ולעור רגיש,"סנו מפעלי ברונוס בע""\מ",IL,מקסימה מרכך,ליטרים,1.00,ליטר,false,0,17.90,17.90,true,1,
7290013269287,false,סנו - מקסימה ג'ל כביסה מרוכז מאסק 3 ליטר,"סנו מפעלי ברונוס בע""\מ",IL,ג'ל כביסה מרוכז,ליטרים,3.00,ליטר,false,0,29.90,9.97,true,1,
7290013269638,false,ספוג הפלא אקסטרה Extra- מארז 6 יח',החברה הדרומית,IL,ספוג הפלא אקסטרה,יחידה,1.00,יחידה,false,0,13.90,13.90,true,1,
7290013269645,false,ריצפז פרש מטליות לחות לריצפה בניחוח מאסק 10 יחידות,סנו מפעלי ברונוס בעמ,IL,מטליות ריצפז,יחידה,1.00,יחידה,false,0,13.90,13.90,true,1,
7290013269751,false,מטליות לחותריצפז פרש לניקוי ריצפה בניחות מלון בוטיק 10 יח' סנו,טרופיקל דגיל תעשיות,IL,מטליות ריצפז,יחידה,1.00,יחידה,false,1,13.90,13.90,true,1,
7290013310637,false,מברשת לניקוי בקבוקים,נובי Nuby,CN,מברשת לבקבוק,יחידה,1.00,יחידה,false,0,48.90,48.90,true,1,
7290013412300,false,חִתוּלִים נועם סופת אל נאית L,"DPLבע""מ",IL,חיתולי נועם,יחידה,1.00,יחידה,false,0,65.90,65.90,true,1,
7290013412317,false,חִתוּלִים נועם סופת אל נאית XL,"DPLבע""מ",IL,חיתולי נועם,יחידה,1.00,יחידה,false,0,65.90,65.90,true,1,
7290013412324,false,טפטפים 30 מגבונים לאף,כצט,,טפטפים מגבונים,יחידה,1.00,יחידה,false,0,12.90,12.90,true,1,
7290013539519,false,"מסכת הזנה ארגן מרוקאי סטייל 500 מ""ל",א.ל ארמן,IL,מסכת שיער סטייל,מיליליטרים,500.00,"100 מ""ל",false,0,28.90,5.78,true,1,
7290013652157,false,"ד""ר פישר - נטורל קר מגבונים להסרת איפור לעור רגיל יבש 30 יח' * 3",פישר מעבדות פרמצבטיות בע,IL,מגבונים 3 יח,יחידה,1.00,יחידה,false,0,19.90,19.90,true,1,
7290013652812,false,"נטורל קר קרם ידיים רגיל/יבש 150 מ""ל",פישר מעבדות פרמצבטיות בע,IL,קרם ידיים נטורל,מיליליטרים,150.00,"100 מ""ל",false,0,13.90,9.27,true,1,
7290013756343,false,לנסינו משחה לאמהות מניקות 40 גרם,מדי-קיור,,משחת לנסינו,גרמים,40.00,100 גרם,false,0,63.90,159.75,true,1,
7290013848345,false,מארז מטליות לחיטוי וניקוי יסודי אנטיבקטריאלי 99.9%,סנו מפעלי ברונוס בעמ,IL,מטליות ניקוי 3יח,יחידה,1.00,יחידה,false,1,19.90,19.90,true,1,
7290013848383,false,קרמה מן גל רחצה אקטיב בלוק 700 מל לגבר,טרופיקל דגיל תעשיות,IL,ג'ל רחצה קרמה מן,מיליליטרים,700.00,"100 מ""ל",false,0,21.90,3.13,true,1,
7290013848758,false,מקסימה גל כביסה מרוכז בייבי 3ליטר סנסטיב,"סנו מפעלי ברונוס בע""\מ",IL,ג'ל לכביסה בייבי,ליטרים,3.00,ליטר,false,0,34.90,11.63,true,1,
7290013971555,false,סוללות פוג'יקום 4AAA+8AA,פוג'יקום,CN,סוללות פוג'יקום,יחידה,1.00,יחידה,false,0,23.90,23.90,true,1,
7290014002203,false,חליטת לימונית ולואיזה הגן הקסום ויסוצקי 25 יחידות,תה ויסוצקי,IL,חליטת לימונית,גרמים,75.00,100 גרם,false,0,16.90,22.53,true,1,
7290014059085,false,"משחת שיניים סנסודיין 75 מ""ל פרימיום לשיקום והגנה","סמית קליין ביצ'ם בע""",GB,משחת סנסודיין,מיליליטרים,75.00,"100 מ""ל",false,0,21.90,29.20,true,1,
7290014059436,false,"משחת שיניים סנסודיין 75 מ""ל פרימיום לשיקום והגנה מלבינה 75 מ""ל","סמית קליין ביצ'ם בע""",GB,משחת סנסודיין,מיליליטרים,75.00,"100 מ""ל",false,0,21.90,29.20,true,1,
7290014204478,false,קרם גוף 4 פנינה רוזנבלום,פנינה רוזנבלום,IL,קרם גוף פנינה,מיליליטרים,340.00,"100 מ""ל",false,0,31.90,9.38,true,1,
7290014204560,false,"פנינהרוזנבלום- סבון נוזלי לידיים שלישיה,3*500 מ""ל",פ.רוזנבלום כללי,IL,פנינה-סבון 500,ליטרים,1.50,ליטר,false,0,10.90,7.27,true,1,
7290014204713,false,"תרסיס גוף מס' 2 250 מ""ל פנינה רוזנבלום",פנינה רוזנבלום,IL,ספריי לגוף פנינה,מיליליטרים,250.00,"100 מ""ל",false,1,29.90,11.96,true,1,
7290014397507,false,מבשם אויר סנו פרש הום בניחוח מאסק מעודן 350 מ''ל,מיוצר עי קונדיטוריית,IL,סנופרש מאסק מעוד,מיליליטרים,350.00,"100 מ""ל",false,0,12.90,3.69,true,1,
7290014424029,false,פראנס ביוטי שעווה למיקרוגל פנים ורוד70גר,נורוליס,IT,השעווה למיקרוגל,גרמים,70.00,100 גרם,false,1,24.90,35.57,true,1,
7290014424364,false,רצועות שעווה מהפנים אלוו,,IT,רצועות שעווה מהפ,יחידה,1.00,יחידה,false,1,22.90,22.90,true,1,
7290014424371,false,רצועות שעווה מהפנים ורד,,IT,רצועות שעווה מהפ,יחידה,1.00,יחידה,false,1,22.90,22.90,true,1,
7290014525016,false,עשיריית חטיף סלים פרוט מרבה יוגורט תות סלים דליס 18.2 גרם,סלים פרוטס,ES,חטיפי דגנים מרבה,גרמים,182.00,100 גרם,false,0,15.90,8.74,true,1,
7290014525313,false,חטיפי סלים דליס קריספי שוקולד מרבה 125 גרם,סלים דליס Slim Delis,NL,סלים דליס חטיפים,גרמים,125.00,100 גרם,false,1,15.90,12.72,true,1,
7290014547322,false,סנסודין זוג מברשות שיניים שיקום כחול+תכל,סנסודיין,CN,מברשות שיניים2יח,יחידה,1.00,יחידה,false,0,19.90,19.90,true,1,
7290014547353,false,סנסודין זוג מברשות שיניים דואלקר ירוק+יר,"L Co., Industrial Shummi",CN,2 מברשו סנסודיין,יחידה,1.00,יחידה,false,1,29.90,29.90,true,1,
7290014648081,false,סכיני גילוח חד פעמי לה בלה עשירייה,נינגבי הווארד,CN,סכיני גילוח ח.פ.,יחידה,1.00,יחידה,false,1,9.90,9.90,true,1,
7290014648920,false,PHARMA DENTקיסמים דנטלים 200יח',,IL,קיסמים דנטליים,יחידה,1.00,יחידה,false,1,10.90,10.90,true,1,
7290014648937,false,קיסמי שיניים משולב בחוט דנטלי מנטה 36 יח,,IL,קיסמי שיניים משו,יחידה,1.00,יחידה,false,1,10.90,10.90,true,1,
7290014648944,false,PHARMA DENTקיסמי מברשת דו צדדיים 300יח,,IL,קיסמי מברשות דו,יחידה,1.00,יחידה,false,1,10.90,10.90,true,1,
7290014648951,false,PHARMA DENTקיסמי מברשת דו צדדיים בטעם מנטה 100יח,,IL,קיסמי מברשות דו,יחידה,1.00,יחידה,false,1,10.90,10.90,true,1,
7290014855434,false,מגבונים בייביסיטר פרפורמנס מבושם רביעיה,בייביסיטר Babysitter,IL,מגבונים לחים 4יח,יחידה,1.00,יחידה,false,1,15.90,15.90,true,1,
7290014855458,false,מגבוני בייביסיטר פרפורמנס ללא בישום מארז 72X4יח',בייביסיטר Babysitter,IL,מגבונים לחים 4יח,יחידה,1.00,יחידה,false,1,15.90,15.90,true,1,
7290014855854,false,מגבונים לחים מועשרים בקמומיל,בייבי בייסיק,IL,בייבי בייסיק,יחידה,1.00,יחידה,false,0,12.90,12.90,true,1,
7290014901247,false,"שמפו קרטין לאחר החלקה ועיצוב בחום סטייל 750 מ""ל",א.ל. ארמן ייצור תמרו,IL,שמפו קרטין,מיליליטרים,750.00,"100 מ""ל",false,0,29.90,3.99,true,1,
7290014901254,false,"מרכך קרטין לאחר החלקה ועיצוב בחום סטייל 750 מ""ל",א.ל ארמן ייצור תמרוק,IL,מרכך קרטין,מיליליטרים,750.00,"100 מ""ל",false,0,29.90,3.99,true,1,
7290014901261,false,"מסכה קרטין לאחר החלקה ועיצוב בחום סטייל 500 מ""ל",א.ל ארמן ייצור תמרוק,IL,מסכת קרטין,מיליליטרים,500.00,"100 מ""ל",false,0,34.90,6.98,true,1,
7290014901278,false,סטייל סרום קרטין 100 מל לאחר החלקה,ג'נרל מילס סאן אדריא,IL,סרום קרטין,מיליליטרים,100.00,"100 מ""ל",false,1,45.90,45.90,true,1,
7290014901315,false,סנסודיין משחה הגנה מלאה אקסטרה פרש 75 מל,"סמית קליין ביצ'ם בע""",GB,משחת סנסודיין,מיליליטרים,75.00,"100 מ""ל",false,0,21.90,29.20,true,1,
7290014949744,false,"אוטן טרופי ספריי יבש 100 מ""ל",מיוצר עי קונדיטוריית,PL,אוטן ספריי,מיליליטרים,100.00,"100 מ""ל",false,0,26.90,26.90,true,1,
7290014949751,false,אוטן ג'וניור - ג'ל דוחה יתושים לילדים 100 מל,ג'נרל מילס סאן אדריא,NL,אוטן ג'וניור,מיליליטרים,100.00,"100 מ""ל",false,0,26.90,26.90,true,1,
7290014952935,false,מאמי קייר מגבוני אף ופנים אקולוגים ומתכל,מאמי קר,IL,מאמי קר מגבונים,יחידה,1.00,יחידה,false,1,12.90,12.90,true,1,
7290014962521,false,"טפטפים משחת שיניים לילדים מגיל 2-6 50 מ""ל",כצט CTS,IL,משחת שיניים,מיליליטרים,50.00,"100 מ""ל",false,0,11.90,23.80,true,1,
7290014989689,false,בליסטקס ליפ בריליאנס,מדיליין פריגו,US,בליסטקס ליפ בריל,יחידה,1.00,יחידה,false,0,9.90,9.90,true,1,
7290015025942,false,"קרם ידיים קלאסי עם שמן שקדים פנג'ל 80 מ""ל",מיוצר עי קונדיטוריית,IL,קרם ידיים פנג'ל,מיליליטרים,80.00,"100 מ""ל",false,1,8.50,10.63,true,1,
7290015155830,false,מחית תפוחי עץ ובננה חטיפטף ללא תוספת סוכר,פרוטה פודווין איי.אס,CZ,חטיפטף פרינוק,גרמים,120.00,100 גרם,false,1,5.00,4.17,true,1,
7290015156813,false,פאוץ' מחית פירות מעורבים פרינוק 120 גרם,פרוטה פודווין איי.אס,CZ,חטיפטף פרינוק,גרמים,120.00,100 גרם,false,1,5.00,4.17,true,1,
7290015176361,false,מברשת שיניים חשמלית למבוגרים-FJ-TBFJ-ABLUE,פוג'יקום,CN,מברשת שיניים,יחידה,1.00,יחידה,false,1,29.90,29.90,true,1,
7290015176385,false,מברשת שיניים חשמלית לילדים בצבע כחול,פוג'יקום,CN,מברשת שיניים,יחידה,1.00,יחידה,false,1,29.90,29.90,true,1,
7290015176392,false,מברשת שיניים חשמלית פוג'יקום לילד ורוד,פוג'יקום,CN,מברשת שיניים,יחידה,1.00,יחידה,false,1,29.90,29.90,true,1,
7290015293624,false,קמיל בלו NATURE אל סבון ושמפו לתינוק 400,פישר מעבדות פרמצבטיות בע,IL,אל סבון ושמפו,מיליליטרים,400.00,"100 מ""ל",false,1,24.90,6.23,true,1,
7290015366663,false,"משחת שיניים מנטה עדין אקווה פרש 100 מ""ל",גלקסוסמיתקליין,SK,משחה אקווה פרש,מיליליטרים,100.00,"100 מ""ל",false,1,7.90,7.90,true,1,
7290015366670,false,משחת שיניים הגנה משולשת מנטה מרענן,גלקסוסמיתקליין,SK,משחה אקווה פרש,מיליליטרים,100.00,"100 מ""ל",false,1,7.90,7.90,true,1,
7290015366724,false,"קרם לחות ארגן קוקוס סטייל 400 מ""ל",א.ל.ארמן ייצור תמרוקים ב,IL,קרם לחות סטייל,מיליליטרים,400.00,"100 מ""ל",false,1,29.90,7.48,true,1,
7290015550727,false,קפיץ וי להסרת שיער מהפני,מג'יק,CN,קפיץ וי להסרת שי,יחידה,1.00,יחידה,false,0,79.30,79.30,true,1,
7290015733205,false,תרכובת מזון לתינוקות חלבי שלב 1 אקסטרה קר מהדרין,נסטלה,IL,מטרנה אקסטרה,גרמים,700.00,100 גרם,false,1,59.90,8.56,true,1,
7290015733229,false,תרכובת מזון לתינוקות חלבי שלב 2 אקסטרה קר מהדרין,מטרנה,IL,מטרנה אקסטרה,גרמים,700.00,100 גרם,false,1,59.90,8.56,true,1,
7290015733243,false,מטרנה אקסטרה קייר מהדרין שלב 3 700 גרם,מטרנה תעשיות ש.מ.,IL,מטרנה אקסטרה,גרמים,700.00,100 גרם,false,1,59.90,8.56,true,1,
7290015733427,false,מטרנה דייסת גם וגם וניל פרו12*300ג 2019,מולינו ניקולי s.p.a,IL,דייסת מטרנה,גרמים,300.00,100 גרם,false,1,19.90,6.63,true,1,
7290016077810,false,דורסל סוללה למכשירי שמיע,דורסל,DE,דורסל סוללה,יחידה,1.00,יחידה,false,1,29.90,29.90,true,1,
7290016197495,false,ניקול זוג מטליות הקסם מיקרופייבר לרצפה,חוגלה קימברלי,CN,מטלית לרצפה 2יח,יחידה,1.00,יחידה,false,1,24.90,24.90,true,1,
7290016197600,false,דיפנד - תחבושת לנשים נורמל 12 יח',קימברלי קלארק,VN,תחבושות דיפנד,יחידה,1.00,יחידה,false,1,19.90,19.90,true,1,
7290016197617,false,תחבושת לנשים אקסטרה דיפנד 10 יחידות,קימברלי קלארק,VN,תחבושות דיפנד,יחידה,1.00,יחידה,false,1,19.90,19.90,true,1,
7290016197624,false,תחבושות לנשים סופר דיפנד 8 יחידות,קימברלי קלארק,VN,תחבושות דיפנד,יחידה,1.00,יחידה,false,1,19.90,19.90,true,1,
7290016230888,false,סוללות V3 5) יחידות( 5 י,פוג'יקום,IL,סוללות V3,יחידה,1.00,יחידה,false,1,21.90,21.90,true,1,
7290016299021,false,"ARGANIA מרכך טיפולי חומצה היאלרונית וקרטין ללא SLS ללא פארבן ללא מלחים ללא רכיבים מן החי 450 מ""ל",ארגניה יצור ושיווק,IL,מרכך טיפולי חומצ,מיליליטרים,450.00,"100 מ""ל",false,1,38.90,8.64,true,1,
7290016299076,false,"ARGANIA שמפו טיפולי חומצה היאלרונית וקרטין ללא SLS ללא פארבן ללא מלחים ללא רכיבים מן החי 450 מ""ל",ארגניה יצור ושיווק,IL,שמפו טיפולי חומצ,מיליליטרים,450.00,"100 מ""ל",false,1,38.90,8.64,true,1,
7290016299403,false,"ARGANIA - קרם לחות לשיער המועשר בשמן קיק ללא ס.ל.ס 400 מ""ל",ארגניה,IL,קרם לחות שמן קיק,מיליליטרים,400.00,"100 מ""ל",false,1,44.90,11.23,true,1,
7290016299410,false,ארגניה שמפו חומצה היאלורונית וחמאת שיאה,ארגניה יצור ושיווק,IL,שמפו לשיער מתולת,מיליליטרים,450.00,"100 מ""ל",false,1,38.90,8.64,true,1,
7290016299618,false,"ARGANIA שמפו קיק ללא מלחים ,ללא SLS ,ללא פארבן 450 מ""ל",ארגניה יצור ושיווק,IL,שמפו קיק,מיליליטרים,450.00,"100 מ""ל",false,1,38.90,8.64,true,1,
7290016299625,false,ארגניה מסכת קיק ללא שטיפה 250 מל,ארגניה,IL,מסיכת קיק,מיליליטרים,250.00,"100 מ""ל",false,1,46.50,18.60,true,1,
7290016299878,false,"ARGANIA מסיכה טיפולית לשיער מעושר בחומצה האילרונית וקרטין ללא SLS 500 מ""ל",ארגניה יצור ושיווק,IL,מסיכה טיפולית לש,מיליליטרים,500.00,"100 מ""ל",false,1,44.90,8.98,true,1,
7290016299885,false,"ARGANIA מסיכה קיק לחיזוק השורש והשיערה 500 מ""ל",שיווק TEVACOM,IL,מסיכת קיק,מיליליטרים,500.00,"100 מ""ל",false,1,44.90,8.98,true,1,
7290016319118,false,מגע הדבש שעווה מתקלפת לפנים 100 גרם,המאפיה של הרמן,IL,שעווה לאזור פנים,מיליליטרים,100.00,"100 מ""ל",false,1,29.90,29.90,true,1,
7290016321531,false,רצועות שעווה לגוף מגע הדבש אלוורה 12+3יח,שוורצקוף& הנקל דיסלד,IL,12רצועות שעווה,יחידה,1.00,יחידה,false,1,28.90,28.90,true,1,
7290016321555,false,מגע המשי רצועות שעווה לביקיני קמומיל 12+2,ש.שוורץ,ES,רצועות שעווה,יחידה,1.00,יחידה,false,1,28.90,28.90,true,1,
7290016321661,false,פרש וואנס SENSITIVE מגבונים ללא בישום רביעייה 72 יחידות,עלבד משואות יצחק,IL,פרש וואנס 4יח,יחידה,1.00,יחידה,false,1,18.90,18.90,true,1,
7290016321678,false,מגבונים לחים בניחוח מרענן עם תמציות קמומיל ואלוורה,עלבד משואות יצחק,IL,פרש וואנס 4 יח,יחידה,1.00,יחידה,false,1,18.90,18.90,true,1,
7290016321777,false,מגע הדבש רצועות שעווה לפנים אלוורה 20 יח,שוורצקוף& הנקל דיסלד,IL,רצועות שעווה לפנ,יחידה,1.00,יחידה,false,1,28.90,28.90,true,1,
7290016329278,false,קמיל בלו מגבונים מילוי 64 יח רביעייה,פישר מעבדות פרמצבטיות בע,IL,מגבונים קמיל בלו,יחידה,1.00,יחידה,false,1,17.90,17.90,true,1,
7290016329308,false,"ד""ר פישר - סרקל קרם רוזמרין לשיער מתולתל 325 מ""ל",פישר מעבדות פרמצבטיות בע,IL,סרקל מתיר קשרים,מיליליטרים,325.00,"100 מ""ל",false,1,25.90,7.97,true,1,
7290016350005,false,דאו סטיק גבר בלו וויב80מ,א.משי תעשיות,IL,דאו סטיק לגבר,מיליליטרים,80.00,"100 מ""ל",false,1,14.90,18.63,true,1,
7290016437423,false,דיפנד תחתון סופג L נשים 16 יח גזרה גבוהה,KC Vietnam,IL,תחתון דיפנד,יחידה,1.00,יחידה,false,1,64.90,64.90,true,1,
7290016437430,false,דיפנד - גזרה גבוה תחתון אקסטרה לארג' נשים 16 יח',KC Vietnam,IL,תחתון דיפנד,יחידה,1.00,יחידה,false,1,64.90,64.90,true,1,
7290016437454,false,דיפנד - גזרה גבוה תחתון מדיום גברים 18 יח',General,IL,תחתון דיפנד,יחידה,1.00,יחידה,false,1,64.90,64.90,true,1,
7290016437461,false,דיפנד - גזרה גבוה תחתון לארג' גברים 16 יח',General,IL,תחתון דיפנד,יחידה,1.00,יחידה,false,1,64.90,64.90,true,1,
7290016437591,false,קוטקס - תחתונים סופגים לנשים לאחר לידה מדיום 8 יח',חוגלה קימברלי,KR,תחתונים סופגים,יחידה,1.00,יחידה,false,0,36.90,36.90,true,1,
7290016437607,false,קוטקס - תחתונים סופגים לנשים לאחר לידה לארג' 8 יח',חוגלה קימברלי,KR,תחתונים סופגים,יחידה,1.00,יחידה,false,0,36.90,36.90,true,1,
7290016437652,false,חיתולי האגיס פרידום דריי pants מידה 6 30 יחידות,קימברלי קלארק צ'כיה,CZ,חיתולי האגיס,יחידה,1.00,יחידה,false,1,45.90,45.90,true,1,
7290016509342,false,סוד מארז טריו כדוריות לאסלה כחול אקטיבי אקונומיקה,הנקל סוד,HU,סבון אסלה 3 יח,גרמים,150.00,100 גרם,false,1,14.90,9.93,true,1,
7290016509786,false,פרסיל גל לכביסה לבנה וצבעונית-ירוק 2.5 ל,"הנקל סוד בע""\מ",IL,ג'ל כביסה פרסיל,ליטרים,2.50,ליטר,false,1,29.90,11.96,true,1,
7290016564266,false,מבריקל הפלא כיסוי הפלא 3,פארמה דיל,IL,מבריקל הפלא כיסו,יחידה,1.00,יחידה,false,1,12.90,12.90,true,1,
7290016621013,false,"ד""ר פישר - קרם גוף קמיל בלו 500 מ""ל",פישר מעבדות פרמצבטיות בע,IL,קרם גוף קמיל בלו,מיליליטרים,500.00,"100 מ""ל",false,1,19.90,3.98,true,1,
7290016692150,false,"סבון טבעי לניקוי בקבוקים, מוצצים ומשאבות חלב",מאמי קר Mommy Care,IL,סבון לניקוי,מיליליטרים,500.00,"100 מ""ל",false,0,46.90,9.38,true,1,
7290016692198,false,מאמי קייר משחת החתלה קלנדולה קלאסיק,מאמי קר Mommy Care,IL,קלאסיק משחת החתל,מיליליטרים,120.00,"100 מ""ל",false,1,24.50,20.42,true,1,
7290016866483,false,"אדם בודי ספריי אקסטרים 150 מ""ל",גורי,TR,ספריי גוף אדם,מיליליטרים,150.00,"100 מ""ל",false,1,12.90,8.60,true,1,
7290016866643,false,פרודונטקס מ.שיניים אקסטרה פרש 75 מל,פרודונטקס Parodontax,SK,משחה פרודונטקס,מיליליטרים,75.00,"100 מ""ל",false,1,31.90,42.53,true,1,
7290016866650,false,"פרודונטקס - משחת שיניים אוריג'ינל 75 מ""ל",פרודונטקס Parodontax,SK,משחה פרודונטקס,מיליליטרים,75.00,"100 מ""ל",false,1,31.90,42.53,true,1,
7290016866667,false,"פרודונטקס - משחת שיניים ללא פלאוריד 75 מ""ל",פרודונטקס Parodontax,SK,משחה פרודונטקס,מיליליטרים,75.00,"100 מ""ל",false,1,31.90,42.53,true,1,
7290016866704,false,"סטייל שמפו לאחר החלקה מועשר בויטמין אי, 750 מ""ל",סטייל Style,IL,שמפו קרטין,מיליליטרים,750.00,"100 מ""ל",false,1,29.90,3.99,true,1,
7290016866711,false,"סטייל מרכך לשיער קרטין פלוס לאחר החלקה, 750 מ""ל",סטייל Style,IL,מרכך קרטין,מיליליטרים,750.00,"100 מ""ל",false,1,29.90,3.99,true,1,
7290016866735,false,סטייל קרם לחות קרטין E 400 מל לשיקום שיע,א.ל. ארמן,IL,קרם לחות קרטין,מיליליטרים,400.00,"100 מ""ל",false,1,34.90,8.73,true,1,
7290016912609,false,"סרקל מסיכת הזנה לשיער ילדים 200 מ""ל",פישר מעבדות פרמצבטיות בע,IL,מסכת סרקל,מיליליטרים,200.00,"100 מ""ל",false,1,25.90,12.95,true,1,
7290017002101,false,פראנס ביוטי מכשיר חימום לרולר שעווה,נורוליס,CN,מכשיר חימום לרול,יחידה,1.00,יחידה,false,1,59.90,59.90,true,1,
7290017002149,false,פראנס ביוטי שעווה למיקרוגל פנים שחור70גר,נורוליס,IT,השעווה למיקרוגל,גרמים,70.00,100 גרם,false,1,24.90,35.57,true,1,
7290017020761,false,בקבוק פאוארטק להכנת משקה חלבון קרם עוגיות,סיטי תוספי מזון,IL,בקבוק להכנת משקה,גרמים,37.00,100 גרם,false,1,11.90,32.16,true,1,
7290017031477,false,"סנסודיין משחת שיניים רפיד רליף להלבנה 75 מ""ל","סמיתקליין ביצ'ם בע""מ",GB,משחת סנסודיין,מיליליטרים,75.00,"100 מ""ל",false,1,21.90,29.20,true,1,
7290017031705,false,"סנסודיין משחת שיניים קלין & פרש 75 מ""ל",גלקסוס סמית קליין,SK,משחת סנסודיין,מיליליטרים,75.00,"100 מ""ל",false,1,18.90,25.20,true,1,
7290017031811,false,פרודונטקס מברשת שיניים אקסטרא סופט א.זוג,גלקסוסמיתקליין,CN,מברשות פרודונטקס,יחידה,1.00,יחידה,false,1,19.90,19.90,true,1,
7290017031859,false,"פרודונטקס - משחת שיניים אולטרא קלין 75 מ""ל","מאסטרפוד אוסטריה בע""מ",SK,משחת פרודונטקס,מיליליטרים,75.00,"100 מ""ל",false,1,31.90,42.53,true,1,
7290017088068,false,בייביסיטר - חיתולי סטנדרט מידה 4 - 42 יח',די.פי.אל תעשיות מוצרים ח,IL,חיתולי בייביסיטר,יחידה,1.00,יחידה,false,1,32.90,32.90,true,1,
7290017088075,false,בייביסיטר - חיתולי סטנדרט מידה 4+ - 40 יח',די.פי.אל תעשיות מוצרים ח,IL,חיתולי בייביסיטר,יחידה,1.00,יחידה,false,1,32.90,32.90,true,1,
7290017088082,false,בייביסיטר - חיתולי סטנדרט מידה 5 - 36 יח',די.פי.אל תעשיות מוצרים ח,IL,חיתולי בייביסיטר,יחידה,1.00,יחידה,false,1,32.90,32.90,true,1,
7290017088099,false,בייביסיטר - חיתולי סטנדרט מידה 6 - 30 יח',די.פי.אל תעשיות מוצרים ח,IL,חיתולי בייביסיטר,יחידה,1.00,יחידה,false,1,31.90,31.90,true,1,
7290017088327,false,רבעיית מגבונים בייביסיטר אקסטרא סופט ללא בישום 64 יחידות,די.פי.אל בעמ,IL,מגבוני בייביסיטר,יחידה,1.00,יחידה,false,1,15.90,15.90,true,1,
7290017088822,false,BREEZE תחבושות לבריחת שתן אקסטרה (10 יח'),ניאופארם,IT,בריז תחבושות שתן,יחידה,1.00,יחידה,false,1,19.90,19.90,true,1,
7290017088839,false,BREEZE תחבושות לבריחת שתן אקסטרה פלוס (8 יח'),ניאופארם,IT,בריז תחבושות שתן,יחידה,1.00,יחידה,false,1,19.90,19.90,true,1,
7290017088860,false,BREEZE תחתונים לבריחת שתן מידה L יח' 14,ניאופארם,IT,בריז תחתונים,יחידה,1.00,יחידה,false,1,67.90,67.90,true,1,
7290017088877,false,BREEZE תחתונים לבריחת שתן מידה XL יח' 14,ניאופארם,IT,בריז תחתונים,יחידה,1.00,יחידה,false,1,67.90,67.90,true,1,
7290017088891,false,15חיתולי סופט אול נייט M,"DPLבע""מ",IL,חיתולי נועם,יחידה,1.00,יחידה,false,1,65.90,65.90,true,1,
7290017088969,false,חיתולי בייביסיטר ניו בורן מידה 1 42 יח',די.פי.אל תעשיות מוצרים ח,IL,חיתול דק מידה 1,יחידה,1.00,יחידה,false,1,26.90,26.90,true,1,
7290017285719,false,"תרסיס סרקל מתיר קשרים רוזמרין 340 מ""ל ד""ר פישר",פישר מעבדות פרמצבטיות בע,IL,סרקל מתיר קשרים,מיליליטרים,340.00,"100 מ""ל",false,1,25.90,7.62,true,1,
7290017285757,false,"שמפו + מרכך סרקל ד""ר פישר 1 ליטר",פישר מעבדות פרמצבטיות בע,IL,סרקל שמפו+מרכך,ליטרים,1.00,ליטר,false,1,27.90,27.90,true,1,
7290017440279,false,"ד""ר פישר - קידס אל סבון ויטמינים 750 מ""ל",פישר תעשיות,IL,אל סבון ויטמינים,מיליליטרים,750.00,"100 מ""ל",false,1,16.90,2.25,true,1,
7290017440286,false,"ד""ר פישר - קידס מרכך ויטמינים 750 מ""ל","ד""ר פישר Dr fischer",IL,מרכך קידס,מיליליטרים,750.00,"100 מ""ל",false,1,16.90,2.25,true,1,
7290017440309,false,"ד""ר פישר - קידס שמפו ויטמינים 750 מ""ל","ד""ר פישר Dr fischer",IL,שמפו קידס,מיליליטרים,750.00,"100 מ""ל",false,1,16.90,2.25,true,1,
7290017457932,false,סוד מרכך כביסה מרוכז פרש קונטרול כחול,הנקל סוד,IL,סוד מרכך כחול,מיליליטרים,900.00,"100 מ""ל",false,1,12.90,1.43,true,1,
7290017637556,false,שמפו לקרקפת שומנית מיקי בוגנים 500 מל,סאסא קוסמטיקס,IL,MBשמפו לשיער שמן,מיליליטרים,500.00,"100 מ""ל",false,1,24.90,4.98,true,1,
7290017637594,false,שמפו יומיומי זיכרונות מתוקים 500 מל,סאסא קוסמטיקס,IL,MB שמפו לשיער,מיליליטרים,500.00,"100 מ""ל",false,1,24.90,4.98,true,1,
7290017637617,false,מסיכת הזנה לשיער מיקי בוגנים 250 מל,סאסא קוסמטיקס,IL,MB מסכה לשיער,מיליליטרים,250.00,"100 מ""ל",false,1,27.90,11.16,true,1,
7290017637655,false,שמפו קרטין ללא מלח מיקי בוגנים 500 מל,סאסא קוסמטיקס,IL,MB שמפו קרטין,מיליליטרים,500.00,"100 מ""ל",false,1,27.90,5.58,true,1,
7290017637662,false,שמפו שימר להדגשת גוונים בהיר מיקי בוגנים 500 מל,סאסא קוסמטיקס,IL,MB שמפו לשיער,מיליליטרים,500.00,"100 מ""ל",false,1,24.90,4.98,true,1,
7290017683089,false,ערכת עיבוי לשפתיים יח',מאליס מסכה,IL,ערכת עיבוי שפתיי,יחידה,1.00,יחידה,false,1,229.00,229.00,true,1,
7290017695044,false,"קיט החלקה ושמפו 200 מ""ל",מיסטר בונד,IL,קיט החלקה ושמפו,יחידה,1.00,יחידה,false,1,159.90,159.90,true,1,
7290017695235,false,סרום ויטמינס לאחר החלקה,מיסטר בונד,IL,סרום ויטמינס,מיליליטרים,200.00,"100 מ""ל",false,1,49.90,24.95,true,1,
7290017695242,false,שמפו ויטמינס אחר החלקה1ל,מיסטר בונד,IL,שמפו ויטמינס לאח,ליטרים,1.00,ליטר,false,1,44.90,44.90,true,1,
7290017695259,false,מסכה לשיער ויטמינס 500מל,מיסטר בונד,IL,מסכה לשיער ויטמי,מיליליטרים,500.00,"100 מ""ל",false,1,44.90,8.98,true,1,
7290017695662,false,קיט החלקה סילבר .,מיסטר בונד,IL,קיט החלקה סילבר,יחידה,1.00,יחידה,false,1,199.00,199.00,true,1,
7290017695679,false,"מסכת סילבר 500 מ""ל",מיסטר בונד,IL,מסכת סילבר 500 מ,מיליליטרים,500.00,"100 מ""ל",false,1,49.90,9.98,true,1,
7290017872001,false,"קרם החתלה פרשוואנס שמן זית ופרופוליס 100 סמ""ק",פרש-וואנס,IL,פרש וואנס קרם הח,מיליליטרים,100.00,"100 מ""ל",false,1,14.90,14.90,true,1,
7290017872070,false,מארז מגבונים לחים בניחוח מרענן פרש וואנס שלישייה,"ווטנפס בע""\מn\",IL,פרש וואנס מגבון,יחידה,1.00,יחידה,false,1,10.00,10.00,false,1,
7290017872230,false,פרש וונס מגבונים נטורל 100 יח דיספנסר,פרש וואנס Fresh Ones,IL,פרש וואנס מגבון,יחידה,1.00,יחידה,false,1,11.90,11.90,false,1,
7290017872964,false,אדג' - מכשיר גילוח רב פעמי ידית + 3 סכינים לחות מוגברת,General,US,מכשיר+סכין גילוח,יחידה,1.00,יחידה,false,1,69.90,69.90,true,1,
7290017873206,false,בוטניקל תחליב רחצה לגוף מועשר בשמן זית 700מל',טאהא,TR,תחליב רחצה פמלי,מיליליטרים,700.00,"100 מ""ל",false,1,14.90,2.13,true,1,
7290017873350,false,קרם יד.פנג'ל אינטנסיב100,"דנלוג אינטרקוסמא בע""\מ",IL,קרם ידיים פנג'ל,מיליליטרים,100.00,"100 מ""ל",false,1,9.90,9.90,true,1,
7290017873381,false,תח.גוף פנג'ל אינטנסיב400,אינטרקוסמא,IL,תחליב גוף פנג'ל,מיליליטרים,400.00,"100 מ""ל",false,1,24.90,6.23,true,1,
7290017917467,false,קמיל בלו סנסטי בשיבולת שועל אל סבון טיפולי לתינוק,"ד""ר פישר Dr fischer",IL,אל סבון ש.שועל,ליטרים,1.00,ליטר,false,1,24.90,24.90,true,1,
7290017917566,false,ד.פישר סילבר שמפו לשיער כסוף ללא מלח,מדי פישר,IL,שמפו,מיליליטרים,400.00,"100 מ""ל",false,1,39.90,9.98,true,1,
7290017917597,false,אולטרסול ספקטרום תחליב גוף +50 200 מל,פישר מעבדות פרמצבטיות בע,IL,אולטרסול,מיליליטרים,200.00,"100 מ""ל",false,1,69.90,34.95,true,1,
7290017917757,false,"ד""ר פישר EFFECTIVE CARE קרם גוף בשמן כותנה 450 מ""ל",פישר מעבדות פרמצבטיות בע,IL,קרם גוף אפקטיב,מיליליטרים,450.00,"100 מ""ל",false,1,24.90,5.53,true,1,
7290017946368,false,שלישיית כדוריות סבון לאסלה אוקיינוס סוד 50 גרם,הנקל סוד,RS,סבון לאסלה סוד,גרמים,150.00,100 גרם,false,1,14.90,9.93,true,1,
7290018043189,false,חטיף חלבון פראוד בלאק קשיו קרמל 60 גרם - 18 גרם חלבון,מרס נדרלנד,NL,פראוד חטיף קשיו,גרמים,60.00,100 גרם,false,1,14.90,24.83,true,1,
7290018043196,false,פראוד - חטיף חלבון בטעם שוקולד לבן עוגיות 60 גרם,הרת'סייד פוד סולושיי,NL,פראוד חטיף בטעם,גרמים,60.00,100 גרם,false,1,14.90,24.83,true,1,
7290018132388,false,"מטרנה גולד בד""ץ שלב 2 700 גרם",מטרנה תעשיות ש.מ.,IL,מטרנה גולד שלב 2,גרמים,700.00,100 גרם,false,1,73.90,10.56,true,1,
7290018132425,false,"מטרנה גולד בד""ץ שלב 3 700 גרם",מטרנה תעשיות ש.מ.,IL,מטרנה גולד שלב 3,גרמים,700.00,100 גרם,false,1,73.90,10.56,true,1,
7290018156780,false,אלכו קרם היגיינת ידיים75,מדי פישר,IL,אלכו קרם ג'ל,מיליליטרים,75.00,"100 מ""ל",false,1,21.90,29.20,true,1,
7290018182277,false,LA BELLE מקלוני נייר שחור עם צמר גפן צבעוני-כחול 200 יח,,CN,מקלוני נייר שחור,יחידה,1.00,יחידה,false,1,9.90,9.90,true,1,
7290018276174,false,שקית אישית פיור וואי HD,סיטי תוספי מזון,IL,שקית אישית פיור,יחידה,1.00,יחידה,false,1,6.50,6.50,true,1,
7290018292549,false,"ARGANIA - מסיכה ללא שטיפה חומצה היאלרונית וקרטין 250 מ""ל",ארגניה יצור ושיווק,IL,מסיכה לשיער ללא,מיליליטרים,250.00,"100 מ""ל",false,1,44.90,17.96,true,1,
7290018343296,false,דר פישר אלכוגל H לידיים 100 מל,מדי פישר,IL,"אלכוג'ל 100 מ""ל",מיליליטרים,100.00,"100 מ""ל",false,1,9.90,9.90,true,1,
7290018493052,false,"ד""ר פישר - אפקטיב קר קרם ידיים מועשר בשמן אבוקדו 100 מ""ל",פישר מעבדות פרמצבטיות,IL,קרם ידיים,מיליליטרים,100.00,"100 מ""ל",false,1,11.90,11.90,true,1,
7290018493076,false,"אפקטיב קר קרם ידייםמועשר בשמן ארגן ד""ר פישר 100 מ""ל",פישר מעבדות פרמצבטיות,IL,קרם ידיים,מיליליטרים,100.00,"100 מ""ל",false,1,11.90,11.90,true,1,
7290018493144,false,קמיל קלין &נוריש אל סבון מועשר בשמן ארגן 1 ליטר,פישר מעבדות פרמצבטיות,IL,אל סבון קמיל,מיליליטרים,1000.00,"100 מ""ל",false,1,15.90,1.59,true,1,
7290018493403,false,"ד""ר פישר - קידס קצף אמבט ויטמינים 750 מ""ל","ד""ר פישר",IL,קצף אמבט ויטמיני,מיליליטרים,750.00,"100 מ""ל",false,1,16.90,2.25,true,1,
7290018493915,false,"ד""ר פישר - שמן גוף לתינוק מעושר בשמן שקדים 200 מ""ל",פישר מעבדות פרמצבטיות בע,IL,שמן גוף לתינוק,מיליליטרים,200.00,"100 מ""ל",false,1,17.90,8.95,true,1,
7290018703182,false,חט.חלבון שוק.בוטן+קרמל29,,NL,חטיף חלבון פראוד,גרמים,29.00,100 גרם,false,1,11.90,41.03,true,1,
7290018703311,false,פראוד - חטיף חלבון קרם עוגיות קראנצ' 60ג,v.s.i,NL,חטיף חלבון,גרמים,60.00,100 גרם,false,1,13.90,23.17,true,1,
7290018703496,false,פראוד - חטיף חלבון בטעם בננה טופי 60 גרם,פראוד PROUD,NL,חטיף חלבון,גרמים,60.00,100 גרם,false,1,13.90,23.17,true,1,
7290018733134,false,מרכך לתלתלים ביוטין קרטי,מיסטר בונד,IL,מרכך לתלתלים ביו,מיליליטרים,1000.00,"100 מ""ל",false,1,49.90,4.99,true,1,
7290018733165,false,סרום לתלתלים קרטנטה 100,מיסטר בונד,IL,סרום לתלתלים קרט,מיליליטרים,100.00,"100 מ""ל",false,1,49.90,49.90,true,1,
7290018921067,false,"ד""ר פישר - אפקטיב קר תחליב רחצה שמן שקדים 700 מ""ל",פישר מעבדות פרמצבטיות בע,IL,תחליב רחצה שקדים,מיליליטרים,700.00,"100 מ""ל",false,1,17.90,2.56,true,1,
7290018921203,false,"קמיל בלו קרם החתלה קמומיל 120 ג' ד""ר פישר",פישר מעבדות פרמצבטיות בע,IL,קרם החתלה קמומיל,גרמים,120.00,100 גרם,false,1,20.90,17.42,true,1,
7290018921265,false,"תחליב רחצה מועשר בתמצית אלוורה 700 מ""ל אפקטיב קר",פישר מעבדות פרמצבטיות בע,IL,תחליב רחצ.אלוורה,מיליליטרים,700.00,"100 מ""ל",false,1,17.90,2.56,true,1,
7290018921449,false,קמיל בלו מגבונים תפרחת חיתולים רביעייה,פישר תעשיות,IL,מגבונים קמיל 4יח,יחידה,1.00,יחידה,false,1,24.90,24.90,true,1,
7290018921609,false,"ד""ר פישר - קמיל בלו קרם החתלה קלנדולה 120 גרם",פישר מעבדות פרמצבטיות בע,IL,קמיל בלו ק החתלה,גרמים,120.00,100 גרם,false,1,23.90,19.92,true,1,
7290018921654,false,"ד""ר פישר - אפקטיב קר תחליב רחצה תמצית לוונדר 700 מ""ל",פישר מעבדות פרמצבטיות בע,IL,תחליב רחצה לבנדר,מיליליטרים,700.00,"100 מ""ל",false,1,17.90,2.56,true,1,
7290018921852,false,"תחליב רחצה מועשר בשמן ארגן 700 מ""ל אפקטיב קר",פישר מעבדות פרמצבטיות בע,IL,תחליב רחצה ארגן,מיליליטרים,700.00,"100 מ""ל",false,1,17.90,2.56,true,1,
7290019014508,false,מרכך כביסה אוריאנטל900מ,סאסא טק,IL,מרכך כביסה,מיליליטרים,900.00,"100 מ""ל",false,1,19.90,2.21,true,1,
7290019014614,false,"מרכך כביסה בלו 900 מ""ל",סאסא טק,IL,מרכך כביסה בלו,מיליליטרים,900.00,"100 מ""ל",false,1,19.90,2.21,true,1,
7290019014621,false,"מרכך כביסה לגונה 900 מ""ל",סאסא טק,IL,מרכך כביסה לגונה,מיליליטרים,900.00,"100 מ""ל",false,1,19.90,2.21,true,1,
7290019014638,false,מרכך כביסה פרש וויט 900,סאסא טק,IL,מרכך כביסה פרש,מיליליטרים,900.00,"100 מ""ל",false,1,19.90,2.21,true,1,
7290019014652,false,מרכך כביסה בייבי לאב900מ,סאסא טק,IL,מרכך כביסה בייבי,מיליליטרים,900.00,"100 מ""ל",false,1,24.90,2.77,true,1,
7290019014669,false,ג'ל לכביסה צבעונית 1.35ל,סאסא טק,IL,ג'ל לכביסה ירוק,ליטרים,1.35,ליטר,false,1,29.90,22.15,true,1,
7290019014676,false,ג'ל לכביסה לבנה 1.35 ל,סאסא טק,IL,ג'ל לכביסה לבנה,ליטרים,1.35,ליטר,false,1,29.90,22.15,true,1,
7290019014683,false,נוזל רצפות פרדייס 1.35 ל,סאסא טק,IL,נוזל לרצפות,ליטרים,1.35,ליטר,false,1,24.90,18.44,true,1,
7290019014690,false,נוזל רצפות פלאוור 1.35 ל,סאסא טק,IL,נוזל לרצפות,ליטרים,1.35,ליטר,false,1,24.90,18.44,true,1,
7290019014706,false,נוזל רצפות פרש וויט1.35ל,סאסא טק,IL,נוזל רצפות פרש,ליטרים,1.35,ליטר,false,1,24.90,18.44,true,1,
7290019014737,false,"מבשם בדים ביץ קלאב500מ""ל",סאסא טק,IL,מבשם בדים קלאב,מיליליטרים,500.00,"100 מ""ל",false,1,19.90,3.98,true,1,
7290019014744,false,מרסס חלונות פרש וויט750מ,סאסא טק,IL,מרסס חלונות פרש,מיליליטרים,750.00,"100 מ""ל",false,1,13.90,1.85,true,1,
7290019014751,false,ניקוי כלים24% פלאוור750מ,סאסא טק,IL,ניקוי כלים 24%,מיליליטרים,750.00,"100 מ""ל",false,1,14.90,1.99,true,1,
7290019014768,false,"ניקוי כלים 24% 750מ""ל",סאסא טק,IL,ניקוי כלים 24%,מיליליטרים,750.00,"100 מ""ל",false,1,14.90,1.99,true,1,
7290019014775,false,מרסס קצף מסיר שומנים 750,סאסא טק,IL,מרסס מסיר שומנים,מיליליטרים,750.00,"100 מ""ל",false,1,16.90,2.25,true,1,
7290019014782,false,מרסס אקונומיקה לבנדר750מ,סאסא טק,IL,מרסס אקונומיקה,מיליליטרים,750.00,"100 מ""ל",false,1,16.90,2.25,true,1,
7290019014799,false,מסיר אבנית לאמבטיה 750 מ,סאסא טק,IL,קצף מסיר אבנית,מיליליטרים,750.00,"100 מ""ל",false,1,14.90,1.99,true,1,
7290019014805,false,"מרסס מנקה ריפודים 500מ""ל",סאסא טק,IL,מרסס מנקה ריפוד,מיליליטרים,500.00,"100 מ""ל",false,1,24.90,4.98,true,1,
7290019014812,false,"מרסס מנטרל ריחות 500 מ""ל",סאסא טק,IL,מרסס מנטרל ריחות,מיליליטרים,500.00,"100 מ""ל",false,1,19.90,3.98,true,1,
7290019014843,false,תרסיס לניקוי חלונות400מל,סאסא טק,IL,תרסיס לחלונות,מיליליטרים,400.00,"100 מ""ל",false,1,19.90,4.98,true,1,
7290019014850,false,"תרסיס דוחה מים 400 מ""ל",סאסא טק,IL,תרסיס דוחה מים,מיליליטרים,400.00,"100 מ""ל",false,1,26.90,6.73,true,1,
7290019014867,false,"תרסיס מסיר דיו+דבק400מ""ל",סאסא טק,IL,תרסיס מסיר דיו,מיליליטרים,400.00,"100 מ""ל",false,1,26.90,6.73,true,1,
7290019014874,false,נוזל רצפות אוריאנטל1.35ל,סאסא טק,IL,נוזל רצפות,ליטרים,1.35,ליטר,false,1,24.90,18.44,true,1,
7290019014881,false,נוזל רצפות בלו טאצ1.35ל,"סאסאטק אגש""\ח בע""\מ",IL,נוזל לרצפות בלו,ליטרים,1.35,ליטר,false,1,24.90,18.44,true,1,
7290019014973,false,מבשם בדים בייבי לאב500מ,סאסא טק,IL,מבשם בדים בייבי,מיליליטרים,500.00,"100 מ""ל",false,1,19.90,3.98,true,1,
7290019074298,false,"ד""ר פישר - קמיל בלו אקסטרה סופט שמפו לתינוק 500 מ""ל",פישר מעבדות פרמצבטיות בע,IL,קמיל בלו שמפו,מיליליטרים,500.00,"100 מ""ל",false,1,24.90,4.98,true,1,
7290019274063,false,ג'ל כביסה בייבי 1.35 ל',סאסא טק,IL,ג'ל כביסה בייבי,ליטרים,1.35,ליטר,false,1,33.90,25.11,true,1,
7290019274100,false,"מרסס לגיהוץ קל 500 מ""ל",סאסא טק,IL,מרסס לגיהוץ קל,מיליליטרים,500.00,"100 מ""ל",false,1,19.90,3.98,true,1,
7290019274117,false,"מרסס ניקוי נירוסטה500מ""ל",סאסא טק,IL,מנקה נירוסטה,מיליליטרים,500.00,"100 מ""ל",false,1,14.90,2.98,true,1,
7290019274254,false,תרסיס TNX ליקוי מזגן400מ,"סאסאטק אגש""\ח בע""\מ",IL,תרסיס ניקוי מזגן,מיליליטרים,400.00,"100 מ""ל",false,1,39.90,9.98,true,1,
7290019274315,false,קוקהנומיקה לבנדר 1.25 ל,,IL,קוקנומיקה לבנדר,ליטרים,1.25,ליטר,false,1,14.90,11.92,true,1,
7290028733124,false,שמפו לתלתלים ביוטין קרטי,מיסטר בונד,IL,שמפו לתלתלים ביו,מיליליטרים,1000.00,"100 מ""ל",false,1,49.90,4.99,true,1,
7290100240137,false,"תרסיס ריחני למייבש כחול בדין 500 מ""ל","זוהר דליה, קיבוץ דליה, 1",IL,תרסיס למייבש,מיליליטרים,500.00,"100 מ""ל",false,0,19.90,3.98,true,1,
7290100243671,false,"מרכך כביסה מרוכז אקסטרה כחול בדין 960 מ""ל",יוניליוור סנאיי וי טיקאר,TR,מרכך כביסה בדין,מיליליטרים,960.00,"100 מ""ל",false,0,18.90,1.97,true,1,
7290100412732,false,תחליב גוף לעור יבש פרחי בר דר עור 400 מל,"אמיליה קוסמטיקס בע""מ",IL,תחליב גוף דר עור,מיליליטרים,400.00,"100 מ""ל",false,1,21.90,5.48,true,1,
7290100412756,false,"קרם ידיים לעור יבש פרחי בר ד""ר עור 100 מ""ל","אמיליה קוסמטיקס בע""מ",IL,קרם ידיים,מיליליטרים,100.00,"100 מ""ל",false,1,10.90,10.90,true,1,
7290100412787,false,"ד""ר עור - תחליב רחצה קלאסי בניחוח פריחת הכותנה 700 מ""ל","אמיליה קוסמטיקס בע""מ",IL,תחליב רחצה,מיליליטרים,700.00,"100 מ""ל",false,1,14.90,2.13,true,1,
7290100412800,false,"תחליב רחצה לעור יבש וילד פלאור דר עור 700 מ""ל","אמיליה קוסמטיקס בע""מ",IL,תחליב רחצה,מיליליטרים,700.00,"100 מ""ל",false,1,14.90,2.13,true,1,
7290100412831,false,תחליב רחצה אנטי אייג'ינג בניחוח וניל טרופי,"אמיליה קוסמטיקס בע""מ",IL,תחליב רחצה,מיליליטרים,700.00,"100 מ""ל",false,1,14.90,2.13,true,1,
7290100653463,false,"פלמוליב - ארומה ג'ל רחצה מסאז' 500 מ""ל",קולגייט-פלמוליב,TR,סבון פלמוליב,מיליליטרים,500.00,"100 מ""ל",false,0,17.90,3.58,true,1,
7290100653586,false,"דאודורנט ג'ל פרש פיוזן 24/7 ליידי ספיד סטיק 65 מ""ל",ליידי ספיד סטיק Lady Speed Stick,US,ליידי ס.סטיק24/7,גרמים,65.00,100 גרם,false,0,17.90,27.54,true,1,
7290100850916,false,דוריטוס חמוץ חריף מעודן 70 גרם כשר לפסח,"שטראוס פריטו ליי בע""\מ )",IL,דוריטוס חמוץ ח,גרמים,70.00,100 גרם,false,0,3.90,5.57,true,1,
7290100924631,false,מרכך כביסה מרוכז לבגדי תינוקות ובעלי עור רגיש,"הנקל סוד בע""\מ",IL,סוד מרכךבייבי,מיליליטרים,900.00,"100 מ""ל",false,1,12.90,1.43,true,1,
7290101278641,false,OIL MUSK ICON אשה30מל,גייד בישום,IL,PERFUME M-O ICON,מיליליטרים,30.00,"100 מ""ל",false,0,119.00,396.66,true,1,
7290101278955,false,איילנר טוש שחור,גייד,IT,איילנר טוש שחור,יחידה,1.00,יחידה,false,0,59.00,59.00,true,1,
7290101279662,false,OIL MUSK ICON א.ד.פ לאשה,גייד בישום,IL,M-O ICON א.ד.פ,מיליליטרים,50.00,"100 מ""ל",false,0,109.00,218.00,true,1,
7290101486688,false,חטיף דגנים עם שוקולד ללא גלוטן וסוכר פרי 5*20 גרם,טבעית מוצרים מן הטבע בעמ,IL,חטיף FREE 5 יח',גרמים,100.00,100 גרם,false,0,19.90,19.90,true,1,
7290101488248,false,"ליידי ספיד סטיק - דאודורנט רול און לאישה ורוד פרש פיושן 50 מ""ל",ליידי ספיד סטיק Lady Speed Stick,IT,ליידי ספיד סטיק,מיליליטרים,50.00,"100 מ""ל",false,0,14.90,29.80,true,1,
7290101488286,false,"ליידי ספיד סטיק - דאודורנט ספריי לאישה 24/7 פרש פיוזן ורוד 150 מ""ל",ליידי ספיד סטיק Lady Speed Stick,RU,ליידי ספיד סטיק,מיליליטרים,150.00,"100 מ""ל",false,0,14.90,9.93,true,1,
7290101488323,false,ליידי ספיד סטיק - דאודורנט סטיק לאישה ללא סימן ירוק סטיק 65 גרם,ליידי ספיד סטיק Lady Speed Stick,US,ליידי ספיד סטיק,גרמים,65.00,100 גרם,false,0,17.90,27.54,true,1,
7290101864127,false,"ספריי להסרת כתמים 750 מ""ל וניש קליה",קליה וניש Kalia Vanish,IL,קליה ספריי,מיליליטרים,750.00,"100 מ""ל",false,0,14.90,1.99,true,1,
7290101865261,false,"פיניש נוזל הברקה למדיח 800 מ""ל",רקיט בנקיזר,PL,פיניש נוזל הברקה,מיליליטרים,800.00,"100 מ""ל",false,0,14.90,1.86,true,1,
7290101866633,false,וניש קליה גל להסרת כתמים 3 ליטר אוקסיפרש,קליה וניש Kalia Vanish,IL,מסיר כתמים וניש,ליטרים,3.00,ליטר,false,0,29.90,9.97,true,1,
7290101869795,false,"מטהר אוויר אירוויק ספריי מילוי חלום ליל קיץ 250 מ""ל",איירוויק Air Wick,GB,אירוויק מילוי,מיליליטרים,250.00,"100 מ""ל",false,1,12.90,5.16,true,1,
7290102060764,false,מרידול מברשת שיניים אריזת זוג,יבואן ומשווק: ש. שסט,CH,2 מברשות שיניים,יחידה,1.00,יחידה,false,0,38.90,38.90,true,1,
7290102060979,false,"אלמקס משחת שיניים למניעת עששת 100מ""ל",יבואן ומשווק: ש. שסט,PL,משחת שיניים,מיליליטרים,100.00,"100 מ""ל",false,0,17.90,17.90,true,1,
7290102062195,false,"משחת שיניים לילדים לגילאי 6-12 אלמקס 75 מ""ל",יבואן ומשווק: ש. שסט,PE,משחת אלמקס,מיליליטרים,75.00,"100 מ""ל",false,0,17.90,23.87,true,1,
7290103120658,false,דאודורנט ספיד סטיק גל שחור 85 גרם,הנסיך- מפעל לייצור ט,US,דאודורנט,גרמים,85.00,100 גרם,false,0,17.90,21.06,true,1,
7290103121600,false,"ספיד סטיק - דאודורנט ספריי לגבר 24/7 קול פיוזן 150 מ""ל",קולגייט פלמוליב,RU,דאו.ספיד סטיק,מיליליטרים,165.00,"100 מ""ל",false,0,14.90,9.03,true,1,
7290103124588,false,"סבון נוזלי ארומה בניחוח לבנדר פטצ'ולי פלמוליב 750 מ""ל",הנסיך- מפעל לייצור ט,TR,סבון פלמוליב,מיליליטרים,750.00,"100 מ""ל",false,0,16.90,2.26,true,1,
7290103124601,false,"תחליב רחצה נוזל חלב ודבש משאבה 750מ""ל פלמוליב",הנסיך- מפעל לייצור ט,TR,סבון פלמוליב,מיליליטרים,750.00,"100 מ""ל",false,0,16.90,2.26,true,1,
7290103126797,false,"משחת שיניים קולגייט סנסיטיב פרו רליף 75 מ""ל",הנסיך- מפעל לייצור ט,BR,משחת קולגייט,מיליליטרים,75.00,"100 מ""ל",false,0,19.90,26.53,true,1,
7290103129378,false,ספיד סטיק - דאודורנט ג'ל לגבר איקס 5 85 גרם,הנסיך- מפעל לייצור ט,US,דאו. ספיד סטיק,גרמים,85.00,100 גרם,false,0,17.90,21.06,true,1,
7290103129392,false,ליידי ספיד סטיק פרש אסנס פרח הפרזיה סטיק 65 גר,ליידי ספיד סטיק Lady Speed Stick,US,ליידי ספיד סטיק,גרמים,65.00,100 גרם,false,0,17.90,27.54,true,1,
7290103129408,false,ליידי ספיד סטיק - דאודורנט סטיק לאישה פרש אסנס פריחת הפרדס 65 גרם,ליידי ספיד סטיק Lady Speed Stick,US,ליידי ספיד סטיק,גרמים,65.00,100 גרם,false,0,17.90,27.54,true,1,
7290103330033,false,עפרון עיניים עמיד 303 יח,גייד,IT,עפרון עיניים עמי,יחידה,1.00,יחידה,false,0,49.00,49.00,true,1,
7290103330057,false,עפרון עיניים עמיד 305 יח,גייד,IT,עפרון עיניים עמי,יחידה,1.00,יחידה,false,0,49.00,49.00,true,1,
7290103330149,false,עפרון עיניים עמיד 300 יח,גייד,IT,עפרון עיניים 300,יחידה,1.00,יחידה,false,0,49.00,49.00,true,1,
7290103332280,false,LONGEVITY מייק אפ 503,גייד,IT,LONGEVITY מייקאפ,מיליליטרים,30.00,"100 מ""ל",false,0,135.00,450.00,true,1,
7290103332297,false,LONGEVITY מייק אפ 504,גייד,IT,LONGEVITY מייקאפ,מיליליטרים,30.00,"100 מ""ל",false,0,135.00,450.00,true,1,
7290103333294,false,"גייד סרום עם תמצית רימונים 30 מ""ל",דניה,IL,HYDRA סרום,מיליליטרים,30.00,"100 מ""ל",false,0,109.00,363.33,true,1,
7290103334338,false,BLACK VANILLA ICON לאשה,גייד בישום,IL,VANILLA ICON אשה,מיליליטרים,50.00,"100 מ""ל",false,0,109.00,218.00,true,1,
7290103336738,false,עפרון עיניים מטאליק100,גייד,IT,עפרון עיניים מטא,יחידה,1.00,יחידה,false,0,49.00,49.00,true,1,
7290104960154,false,שפתון קולור קוד N45,קרליין,IL,שפתון קולור קוד,יחידה,1.00,יחידה,false,0,59.90,59.90,true,1,
7290104960253,false,"תחליב רחצה נקה 7 לבנדר סגול 750מ""ל",טרופיקל דגיל תעשיות קוסמ,IL,תחליב רחצה נקה 7,מיליליטרים,750.00,"100 מ""ל",false,0,12.90,1.72,true,1,
7290104960338,false,"נקה 7 תחליב רחצה ארומה אלוורה ותה ירוק 750מ""ל",טרופיקל דגיל תעשיות קוסמ,IL,תחליב רחצה נקה 7,מיליליטרים,750.00,"100 מ""ל",false,0,12.90,1.72,true,1,
7290104961229,false,"מי פנים לניקוי, הסרה ורענון הפנים לעור רגיל או יבש",קרליין Careline,IL,מי פנים,מיליליטרים,260.00,"100 מ""ל",false,0,39.90,15.35,true,1,
7290104961540,false,דאודורנט ספריי גוף טיטניום מטאל Titanium Metal,אמיליה קוסמטיקס,IL,טיטניום ספריי,מיליליטרים,150.00,"100 מ""ל",false,0,16.90,11.27,true,1,
7290104961670,false,קרליין - מברשת סומק והצללה 03,קרליין,CN,מברשת סומק,יחידה,1.00,יחידה,false,0,34.90,34.90,true,1,
7290104961878,false,"שמפו לשיער קרטין אינטנס פורמולה 400 מ""ל נטורל",נטורל פורמולה Natural Formula,IL,שמפו קרטין,מיליליטרים,400.00,"100 מ""ל",false,0,29.90,7.48,true,1,
7290104961885,false,מרכך קרטין טהור לשיער שעבר החלקה או עיצוב בחום,נטורל פורמולה Natural Formula,IL,מרכך קרטין,מיליליטרים,400.00,"100 מ""ל",false,0,29.90,7.48,true,1,
7290104961892,false,מסכת קרטין טהור לשיער שעבר החלקה או עיצוב בחום,נטורל פורמולה Natural Formula,IL,מסכת קרטין,מיליליטרים,350.00,"100 מ""ל",false,0,39.90,11.40,true,1,
7290104961908,false,נ.פורמולה קרטין אינטנס סרום לשיער 145 מל,נטורל פורמולה Natural Formula,IL,סרום קרטין,מיליליטרים,145.00,"100 מ""ל",false,0,49.90,34.41,true,1,
7290104961915,false,קרליין - מסקרה בולד שחור,קרליין,IT,BOLD מסקרה שחורה,יחידה,1.00,יחידה,false,1,69.90,69.90,true,1,
7290104961939,false,קרליין BB פרפקט קר קרם בהיר,קרליין,IL,PERFECT BB קרם,מיליליטרים,50.00,"100 מ""ל",false,0,89.90,179.80,true,1,
7290104962073,false,דאודורנט ספריי גוף טיטניום גולד Titanium Gold,"אמיליה קוסמטיקס בע""מ",IL,דאו.טיטניום,מיליליטרים,180.00,"100 מ""ל",false,0,16.90,9.39,true,1,
7290104962110,false,"דאו נושם לנערות ללא אלומיניום קרליין 150 מ""ל",מיוצר עי : אמיליה קוסמטי,IL,ספריי נושם,מיליליטרים,200.00,"100 מ""ל",false,0,13.90,6.95,true,1,
7290104962127,false,דאודורנט סטיק נושם נערות ללא אלומיניום קרליין,מיוצר עי : אמיליה קוסמטי,IL,"סטיק נושם 50 מ""ל",מיליליטרים,50.00,"100 מ""ל",false,0,18.90,37.80,true,1,
7290104962134,false,דאודורנט קרליין רול און נושם לנערות ללא אלומיניום,מיוצר עי : אמיליה קוסמטי,IL,רול און נושם,מיליליטרים,75.00,"100 מ""ל",false,0,13.90,18.53,true,1,
7290104962585,false,דאודורנט רול און נושם +אינביזיבל ללא סימנים לבנים,מיוצר עי : אמיליה קוסמטי,IL,דאו.קרליין,מיליליטרים,75.00,"100 מ""ל",false,1,13.90,18.53,true,1,
7290104962653,false,שפתון ליפ קולור 720,קרליין,IL,שפתון,יחידה,1.00,יחידה,false,1,64.90,64.90,true,1,
7290104962660,false,"קרליין - נושם דאודורנט ספריי לאישה ללא אלומיניום 200 מ""ל",אמיליה קוסמטיקס בעמ,IL,ספריי נושם,מיליליטרים,200.00,"100 מ""ל",false,0,13.90,6.95,true,1,
7290104962707,false,קרליין 25 מגבונים להסרת איפור דיספנסר,קרליין,IL,מגבונים לפנים,יחידה,1.00,יחידה,false,1,14.90,14.90,true,1,
7290104962844,false,"שמפו אמפולה לטיפול אינטנסיבי לשיער יבש, צבוע ופגום",נטורל פורמולה Natural Formula,IL,שמפו אמפולה,מיליליטרים,400.00,"100 מ""ל",false,1,29.90,7.48,true,1,
7290104962851,false,"מרכך אמפולה לטיפול אינטנסיבי לשיער יבש, צבוע ופגום",נטורל פורמולה Natural Formula,IL,מרכך אמפולה,מיליליטרים,400.00,"100 מ""ל",false,1,29.90,7.48,true,1,
7290104962868,false,"מסכת אמפולה לטיפול אינטנסיבי לשיער יבש, צבוע ופגום",נטורל פורמולה Natural Formula,IL,מסכת אמפולה,מיליליטרים,350.00,"100 מ""ל",false,1,39.90,11.40,true,1,
7290104963018,false,סופטקר מגבונים לחים רביעייה ללא בישום,החברה הדרומית,IL,מגבונים סופטקר,יחידה,1.00,יחידה,false,1,19.90,19.90,true,1,
7290104963025,false,לק 397,קרל.איפור/טיפוח,IL,לק 397,יחידה,1.00,יחידה,false,0,14.90,14.90,true,1,
7290104963032,false,קרליין לוק לק 398 יח,קרליין,IL,לק,יחידה,1.00,יחידה,false,1,14.90,14.90,true,1,
7290104963155,false,"סופטקר שמן לתינוקות 500 מ""ל",קוסמופארם בע'\'\מ,IL,סופטקר שמן,מיליליטרים,500.00,"100 מ""ל",false,1,25.90,5.18,true,1,
7290104963216,false,סופטקר - אל סבון עדין לתינוק לעור רגיש 1 ליטר,קוסמופארם בע'\'\מ,IL,סופטקר אל סבון,ליטרים,1.00,ליטר,false,1,18.90,18.90,true,1,
7290104963360,false,קרליין - עפרון שפתיים עם חידוד 168,קרל.איפור/טיפוח,IL,עפרון שפתיים חיד,יחידה,1.00,יחידה,false,0,29.90,29.90,true,1,
7290104963414,false,לוק.לק 402,קרל.איפור/טיפוח,IL,.לק 402,יחידה,1.00,יחידה,false,0,14.90,14.90,true,1,
7290104963636,false,קרליין - שפתון קולור מאט 31,קרל.איפור/טיפוח,IL,שפתון קולור מאט,יחידה,1.00,יחידה,false,0,64.90,64.90,true,1,
7290104963643,false,קרליין פלטת קונסילרים יח,קרליין,IL,קרליין פלטת קונס,יחידה,1.00,יחידה,false,1,69.90,69.90,true,1,
7290104963650,false,נקה 7 שמפו אל דמע סופטקר 1 ליטר,קוסמופארם בע'\'\מ,IL,סופטקר שמפו,ליטרים,1.00,ליטר,false,1,18.90,18.90,true,1,
7290104963940,false,מגבוני פחם שחורים להסרת איפור פנים ועיניים,קרליין Careline,IL,מגבונים מסיר איפ,יחידה,1.00,יחידה,false,1,14.90,14.90,true,1,
7290104963995,false,קרליין אויל פרי-פילינג גרגרים לעור שמן,אגיס,IL,אויל פרי גרגירים,מיליליטרים,150.00,"100 מ""ל",false,1,34.90,23.27,true,1,
7290104964084,false,"קרליין - מולטי אפקט קרם יום 50 מ""ל 25SPF",זוהר קוסמטיקה,IL,EFFECT MULTI קרם,מיליליטרים,50.00,"100 מ""ל",false,1,44.90,89.80,true,1,
7290104964251,false,"תרחיץ פנים פעולה משולשת מסכה, פילינג וניקוי","קוסמופארם בע""\מ",IL,תרחיץ פנים,מיליליטרים,150.00,"100 מ""ל",false,1,34.90,23.27,true,1,
7290104964459,false,קרליין - קונסילר כיסוי גבוה 04,,IL,קורקטורל לכיסוי,יחידה,1.00,יחידה,false,1,54.90,54.90,true,1,
7290104964688,false,"סקינגארד - ספריי שקוף בניחוח מנגו קיווי 200 מ""ל SPF30",אמיליה קוסמטיקס בעמ,IL,סקין גארד ספריי,מיליליטרים,200.00,"100 מ""ל",false,1,39.90,19.95,true,1,
7290104964763,false,"קרליין - ספלאש קרם לחות ליום 50 מ""ל 20SPF",קרליין Careline,IL,ספלאש קרם לחות,מיליליטרים,50.00,"100 מ""ל",false,1,79.90,159.80,true,1,
7290104964978,false,קרליין מסכת בד פחם טבעי לטיהור וניקוי הע,קרליין,IL,מסכת בד טיפוח פח,יחידה,1.00,יחידה,false,1,10.00,10.00,true,1,
7290104964985,false,"ECLIPS - בושם לגבר 100 מ""ל",,IL,ECLIPSE אדפ,מיליליטרים,100.00,"100 מ""ל",false,1,99.00,99.00,true,1,
7290104965111,false,"קרליין - פרו קולגן ממצק קרם יום 50 מ""ל",General,IL,רטינול קרם יום מ,מיליליטרים,50.00,"100 מ""ל",false,1,69.90,139.80,true,1,
7290104965647,false,קרליין דאו רול און נושם סוויט קיס לנערות,מיוצר עי : אמיליה קוסמטי,IL,דאורדורנט רול א,מיליליטרים,75.00,"100 מ""ל",false,1,13.90,18.53,true,1,
7290104965654,false,קרליין נושם דאו סטיק סוויט קיס לנערות 50,מיוצר עי : אמיליה קוסמטי,IL,דאורדורנט סטיק,מיליליטרים,50.00,"100 מ""ל",false,1,18.90,37.80,true,1,
7290104965661,false,קרליין דאו ספרי נושם סוויט קיס לנערות150,"אמיליה קוסמטיקס בע""מ",IL,דאודורנט ספריי,מיליליטרים,150.00,"100 מ""ל",false,1,13.90,9.27,true,1,
7290104969881,false,קרליין בוסטר סרום חומצה היאלורונית 30 מל,אגיס,IL,BOOSTER חומצה הי,מיליליטרים,30.00,"100 מ""ל",false,1,69.90,233.00,true,1,
7290105430441,false,פלמוליב ס.נוזלי סחלב שחור 750 מל משאבה,הנסיך- מפעל לייצור ט,TR,סבון פלמוליב,מיליליטרים,750.00,"100 מ""ל",false,0,16.90,2.26,true,1,
7290105430458,false,"פלמוליב - תחליב רחצה נטורלס שקדים 750 מ""ל",הנסיך- מפעל לייצור ט,TR,סבון פלמוליב,מיליליטרים,750.00,"100 מ""ל",false,0,16.90,2.26,true,1,
7290105430496,false,ליידי ספיד סטיק סטיינגארד ספריי,קולגייט-פלמוליב,RU,דאו.ספיד סטיק,מיליליטרים,165.00,"100 מ""ל",false,0,14.90,9.03,true,1,
7290105433961,false,"ליידי ספיד סטיק לסס פרש אסנס ספריי דובדבן, 150 מ""ל",קולגייט-פלמוליב,RU,ליידי ספיד סטיק,מיליליטרים,150.00,"100 מ""ל",false,0,14.90,9.93,true,1,
7290105434029,false,"ספיד סטיק - דאודורנט ספריי לגבר נוטרו פאואר 150 מ""ל",קולגייט-פלמוליב,RU,דאו. ספיד סטיק,מיליליטרים,150.00,"100 מ""ל",false,0,14.90,9.93,true,1,
7290105434050,false,ספיד סטיק - דאודורנט סטיק לגבר XL ירוק רגיולר 85 גרם,קולגייט פלמוליב,US,דאו. ספיד סטיק,יחידה,1.00,יחידה,false,0,17.90,17.90,true,1,
7290105434067,false,ספיד סטיק - דאודורנט סטיק לגבר XL אושן סרף 85 גרם,קולגייט פלמוליב,US,דאו. ספיד סטיק,יחידה,1.00,יחידה,false,0,17.90,17.90,true,1,
7290105691224,false,אסם חטיפי פריכונים טורטייה שום בצל 60 גרם,"פרח תעשיות מזון בע""מ.",IL,קריספי טורטיה,גרמים,60.00,100 גרם,false,0,10.90,18.17,true,1,
7290105968777,false,פריכיות 5 דגנים עם תחתית שוקולד מריר 70 גרם,"טחנת האבן תעשיות בע""",IL,פריכיות + שוקולד,גרמים,70.00,100 גרם,false,0,8.90,12.71,true,1,
7290106267558,false,צבע לכיסוי שיער שיבה חום,,IL,צבע לכיסוי שיער,יחידה,1.00,יחידה,false,1,19.90,19.90,true,1,
7290106290693,false,עפרון שפתיים עמיד83 יח',גייד,IT,עפרון שפתיים 83,יחידה,1.00,יחידה,false,0,49.00,49.00,true,1,
7290106290761,false,עפרון שפתיים עמיד90 יח',גייד,IT,עפרון שפתיים 90,יחידה,1.00,יחידה,false,0,49.00,49.00,true,1,
7290106290785,false,גייד חלב פנים ומי פנים בתכשיר אחד 200 מל,דניה,IL,חלב ומי פנים,מיליליטרים,200.00,"100 מ""ל",false,0,45.00,22.50,true,1,
7290106292130,false,סומק עם מראה אידיליק06,גייד,IL,סומק עם מראה06,יחידה,1.00,יחידה,false,0,89.00,89.00,true,1,
7290106292406,false,אדמה אינדיאנית אידיליק62,גייד,IT,אדמה אינדיאנית א,יחידה,1.00,יחידה,false,0,99.00,99.00,true,1,
7290106292420,false,אדמה אינדיאנית אידיליק66,גייד,IT,אדמה אינדיאנית א,יחידה,1.00,יחידה,false,0,99.00,99.00,true,1,
7290106292895,false,PERFECTION קרם בסיס,גייד,IT,PERFECTION קרם,מיליליטרים,30.00,"100 מ""ל",false,0,119.00,396.67,true,1,
7290106293779,false,עפרון גבות+מברשת 40,גייד,IT,עפרון גבות+מברשת,יחידה,1.00,יחידה,false,0,59.00,59.00,true,1,
7290106293786,false,עפרון גבות +מברשת 60,גייד,IT,עפרון גבות+מברשת,יחידה,1.00,יחידה,false,0,59.00,59.00,true,1,
7290106294745,false,שפתון גלוס עמיד28 יח',גייד,IT,שפתון גלוס עמ28,יחידה,1.00,יחידה,false,0,79.00,79.00,true,1,
7290106294752,false,שפתון גלוס עמיד29 יח',גייד,IT,שפתון גלוס עמ29,יחידה,1.00,יחידה,false,0,79.00,79.00,true,1,
7290106295483,false,שפתון טרו קולור164 יח',גייד,IT,שפתון טרו קולור1,יחידה,1.00,יחידה,false,0,69.00,69.00,true,1,
7290106295544,false,שפתון טרו קולור195 יח',גייד,IT,שפתון טרו קולור1,יחידה,1.00,יחידה,false,0,69.00,69.00,true,1,
7290106296169,false,BLACK ICON אדט גבר 100מל,גייד בישום,IL,BLACK ICON לגבר,מיליליטרים,100.00,"100 מ""ל",false,0,125.00,125.00,true,1,
7290106296244,false,VERTIGO אדט לגבר 100 מל,גייד בישום,IL,VERTIGO לגבר,מיליליטרים,100.00,"100 מ""ל",false,0,175.00,175.00,true,1,
7290106296633,false,עפרון גבות איידיליק 200,גייד,IT,עפרון גבות איידי,יחידה,1.00,יחידה,false,0,59.00,59.00,true,1,
7290106296640,false,עפרון גבות איידיליק 400,גייד,IT,עפרון גבות איידי,יחידה,1.00,יחידה,false,0,59.00,59.00,true,1,
7290106296893,false,עפרון שפתיים עמיד96 יח',גייד,IT,עפרון שפתיים 96,יחידה,1.00,יחידה,false,0,49.00,49.00,true,1,
7290106296909,false,גייד קצף ניקוי מרגיע 150 מל,דניה,IL,SOOTHING קצף,מיליליטרים,150.00,"100 מ""ל",false,0,49.00,32.67,true,1,
7290106296985,false,לק קריסטל 523 יח',גייד,IL,לק קריסטל 523,יחידה,1.00,יחידה,false,0,29.00,29.00,true,1,
7290106297197,false,קונסילר איידילק אקסטר15,גייד,IT,קונסילר איידילק,מיליליטרים,10.00,"100 מ""ל",false,0,85.00,850.00,true,1,
7290106297210,false,קונסילר איידילק אקסטר17,גייד,IT,קונסילר איידילק,מיליליטרים,10.00,"100 מ""ל",false,0,85.00,850.00,true,1,
7290106297272,false,גייד גולד פרימיום קרם לילה 50 מל,דניה,CH,PREMIUM GOLD קרם,מיליליטרים,50.00,"100 מ""ל",false,0,219.00,438.00,true,1,
7290106297289,false,גייד גולד פרימיום קרם עיניים 15 מל,דניה,CH,PREMIUM GOLD קרם,מיליליטרים,15.00,"100 מ""ל",false,0,169.00,1126.67,true,1,
7290106297531,false,BLACK VANILLA ICON לאשה,גייד בישום,IL,VANILLA ICON אשה,מיליליטרים,100.00,"100 מ""ל",false,0,199.00,199.00,true,1,
7290106298613,false,קונסילר סטיק לתיקון22 יח,גייד,IT,קונסילר סטיק לתי,יחידה,1.00,יחידה,false,0,79.00,79.00,true,1,
7290106298651,false,OIL MUSK ICON בושם לאשה,גייד בישום,IL,M-O ICON לאשה,מיליליטרים,100.00,"100 מ""ל",false,0,199.00,199.00,true,1,
7290106299054,false,ליפגלוס קריסטל לייטס600,גייד,IL,ליפגלוס קריסטל ל,יחידה,1.00,יחידה,false,0,79.00,79.00,true,1,
7290106299139,false,שפתון טרו קולור245 יח',גייד,IT,שפתון טרו קולור2,יחידה,1.00,יחידה,false,0,69.00,69.00,true,1,
7290106299290,false,שפתון גלוס עמיד74 יח',גייד,IT,שפתון גלוס עמ74,יחידה,1.00,יחידה,false,0,79.00,79.00,true,1,
7290106520066,false,"רבע לשבע שוקולד חלב במילוי אגוזים עלית 160 גרם בד""צ","הגביע מוצרי וופלים בע""\מ",IL,רבע לשבע 160 גרם,גרמים,160.00,100 גרם,false,0,13.90,8.69,true,1,
7290106572027,false,אוסם - לחמית חמישה דגנים 190 גרם,"אסם השקעות בע""\מ",IL,לחמית 5 דגנים,גרמים,190.00,100 גרם,false,0,11.90,6.26,true,1,
7290106573314,false,חטיף קריספי בטעם כפרי 150 ג' אסם,מיוצר עי קונדיטוריית,IL,חטיף קריספי,גרמים,150.00,100 גרם,false,0,10.00,6.66,true,1,
7290106720626,false,צ'יטוס קראנצ' בטעם גבינה - חלבי,"שטראוס פריטו ליי בע""\מ )",IL,ציטוס גבינה,גרמים,80.00,100 גרם,false,1,4.90,6.13,true,1,
7290106721920,false,צנצנת מסטיק מאסט בטעם ספירמינט עדין 66 ג' עלית,"שטראוס גרופ בע""\מ.",IL,מסטיק ספירמינט,גרמים,66.00,100 גרם,false,1,9.90,15.00,true,1,
7290106820319,false,BYNETA מוס לשיזוף עצמי- גוון דארק,לילית,IT,מוס לשיזוף עצמי,מיליליטרים,150.00,"100 מ""ל",false,1,129.00,86.00,true,1,
7290107280020,false,שלישיית מטליות לחות לניקוי כללי סנו סושי 50 יחידות,טרופיקל דגיל- תעשיות,IL,מטליות לחות מארז,יחידה,1.00,יחידה,false,0,26.90,26.90,true,1,
7290107280761,false,נוזל לניקוי כלים בניחוח לימון רענן סנו ספארק Spark,מיוצר עי קונדיטוריית,IL,נוזל כלים לימון,ליטרים,1.00,ליטר,false,0,12.90,12.90,true,1,
7290107544481,false,קרם להסרת שיער אורנה 19 80 ג',אלפא קוסמטיקה,IL,קרם להסרת שיער,גרמים,80.00,100 גרם,false,1,24.90,31.13,true,1,
7290107544511,false,קרם להסרת שיער לנעורת אורנה 19 80 ג',אלפא קוסמטיקה,IL,דפילטור לנערות,גרמים,80.00,100 גרם,false,1,24.90,31.13,true,1,
7290107545365,false,אורנה 19 קרם גוף ונילה אנד סולט,אלפא קוסמטיקה,IL,אורנה 19 תחליב,גרמים,400.00,100 גרם,false,1,24.90,6.23,true,1,
7290107936958,false,עד חצות ביסקוויט אצבעות שוקולד 125 גרם,ביסקוויטס טור ד'\אלבון,FR,עד חצות אצבעות,גרמים,125.00,100 גרם,false,1,12.90,10.32,true,1,
7290107937627,false,מסטיק מאסט Must קוביות ללא סוכר בטעם מנטה עדינה,אסקום קונפקשיין,DE,קוביות מסטיק,גרמים,58.00,100 גרם,false,1,9.90,17.07,true,1,
7290107937634,false,צנצנית מסטיק מאסט קוביות פפירמינט 58 ג' עלית,אסקום קונפקשיין,DE,קוביות מסטיק,גרמים,58.00,100 גרם,false,1,9.90,17.07,true,1,
7290107937641,false,צנצנת מסטיק בזוקה קוביות ללא סוכר,אסקום קונפקשיין,DE,קוביות מסטיק,גרמים,58.00,100 גרם,false,1,9.90,17.07,true,1,
7290107951104,false,בפלות ופלים ארוכים בטעם שוקולד,"שטראוס גרופ בע""\מ",IL,בפלות טעם שוקולד,גרמים,200.00,100 גרם,false,1,5.50,2.75,true,1,
7290107951715,false,צנצנת מסטיק מאסט קוביות בטעם ענבים 58 ג' עלית,אסקום קונפקשיין,IL,מסטיק קוביות,גרמים,58.00,100 גרם,false,1,9.90,17.07,true,1,
7290107956901,false,קפסולות בטעם אגוזים למכונת נספרסו עלית 10 יחידות,שטראוס קפה בי.וי.,IL,קפסולות אספרסו,גרמים,50.00,100 גרם,false,1,19.90,39.80,true,1,
7290107956925,false,קפסולות 13 אוגנדה למכונת נספרסו עלית 10יח',שטראוס קפה בי.וי.,IL,קפסולות קפה,גרמים,50.00,100 גרם,false,1,19.90,39.80,true,1,
7290107971751,false,מי פה קולגייט טוטל ללא אלכוהול פפרמינט,יבואן ומשווק: ש. שסט,PL,מי פה קולגייט,מיליליטרים,500.00,"100 מ""ל",false,1,17.90,3.58,true,1,
7290107973014,false,"סבון ידיים משאבה פלמוליב חלב ודבש 300 מ""ל",הנסיך- מפעל לייצור ט,TR,סבון ידיים,מיליליטרים,300.00,"100 מ""ל",false,1,9.90,3.30,true,1,
7290107973038,false,"סבון ידיים משאבה פלמוליב אקווריום 300 מ""ל",הנסיך- מפעל לייצור ט,IT,סבון פלמוליב,מיליליטרים,300.00,"100 מ""ל",false,1,9.90,3.30,true,1,
7290107974646,false,מרידול נשימה רעננה שטיפת פה 400 מל,הנסיך- מפעל לייצור ט,PL,מרידול מי פה,מיליליטרים,400.00,"100 מ""ל",false,1,33.90,8.48,true,1,
7290107975360,false,ליידי ספיד סטיק פיור פרשנס ג'ל נשים 65ג',ליידי ספיד סטיק Lady Speed Stick,US,ליידי ספיד סטיק,גרמים,45.00,100 גרם,false,1,17.90,39.78,true,1,
7290107975544,false,"קולגייט משחת שיניים סמיילס ברבי לגילאי 6 50מ""ל",קולגייט- פלמוליב,PL,משחת שיניים,מיליליטרים,50.00,"100 מ""ל",false,1,14.90,29.80,true,1,
7290107978637,false,משחת שיניים לחניכיים רגישות,קולגייט פלמוליב,PL,משחת מרידול,מיליליטרים,75.00,"100 מ""ל",false,1,19.90,26.53,true,1,
7290108350616,false,סנו - מקסימה מרכך כביסה מרוכז פריחה כחולה 1 ליטר,"סנו מפעלי ברונוס בע""\מ",IL,מרכך מקסימה,ליטרים,1.00,ליטר,false,1,17.90,17.90,true,1,
7290108350722,false,אורביטול גוניור משחת שיניים בוב ספוג 70ג,טרופיקל דגיל תעשיות קוסמ,IL,משחת אורביטול +6,מיליליטרים,70.00,"100 מ""ל",false,1,11.90,17.00,true,1,
7290108350739,false,משחת שיניים אורביטול קידס סטעם סוכריות ג'לי 70 גרם,טרופיקל דגיל תעשיות קוסמ,IL,משחה אורביטול,גרמים,70.00,100 גרם,false,1,11.90,17.00,true,1,
7290108351613,false,סנו ריצפז פרש הום 2 ליטר בניחוח מלון חלומי,"סנו מפעלי ברונוס בע""\מ",IL,ריצפז פרש הום,ליטרים,2.00,ליטר,false,1,24.90,12.45,true,1,
7290108351804,false,מרכך כביסה סופר מרוכז Gentl Breeze סנו מקסימה 1 ליטר,מיוצר עי קונדיטוריית,IL,מרכך מקסימה,ליטרים,1.00,ליטר,false,1,17.90,17.90,true,1,
7290108351811,false,מרכך כביסה סופר מרוכז Floral touch סנו מקסימה 1 ליטר,מיוצר עי קונדיטוריית,IL,מרכך מקסימה,ליטרים,1.00,ליטר,false,1,17.90,17.90,true,1,
7290108352054,false,אורביטול - צמד מברשות שיניים 980 + חוט דנטלי במתנה,החברה הדרומית,CN,זוג מברשות + חוט,יחידה,1.00,יחידה,false,1,16.90,16.90,true,1,
7290108352078,false,"שטיפת פה protective salt אורביטול 500 מ""ל",טרופיקל דגיל תעשיות,IL,אורביטול שטיפה,מיליליטרים,500.00,"100 מ""ל",false,1,19.90,3.98,true,1,
7290108352276,false,מגבונים לניקוי וחיטוי יסודי לרצפה 10 יח 99.9%,"סנו מפעלי ברונס בע""\מ",IL,מטליות לרצפה,יחידה,1.00,יחידה,false,1,16.90,16.90,true,1,
7290108352641,false,סנו סושי מטלית הפלא לניקוי כללי במארז שלישייה,סנו מפעלי ברונוס.,IL,מטליות הפלא 3 יח,יחידה,1.00,יחידה,false,1,13.90,13.90,true,1,
7290108352825,false,ספוג הפלא נירוסטה סנו סושי 3יח',ltdn s.k.a.tסנו מפעלי בר,CN,ספוג הפלא נירוסט,יחידה,1.00,יחידה,false,1,11.90,11.90,true,1,
7290108353099,false,ממחטות אף במארז ניילון סנו סופט 5 יח' * 100 דף,טרופיקל דגיל תעשיות,IL,ממחטות סופט מארז,יחידה,1.00,יחידה,false,1,13.70,13.70,true,1,
7290108353402,false,צמד מברשות שיניים עם סיבי פחם דקים במיוחד,יבואן ומשווק: ש. שסט,CN,מברשות שיניים,יחידה,1.00,יחידה,false,1,16.90,16.90,true,1,
7290108353426,false,צמד מברשות שיניים לחניכיים ושיניים רגישות,יבואן ומשווק: ש. שסט,IL,מברשות שיניים,יחידה,1.00,יחידה,false,1,16.90,16.90,true,1,
7290108353723,false,"קרמה - תחליב רחצה חימר תה ירוק 500 מ""ל","קוסמופארם בע""\מn\",IL,תחליב רחצה קרמה,מיליליטרים,500.00,"100 מ""ל",false,1,14.90,2.98,true,1,
7290108353891,false,"קרמה - דאודורנט רול און לאישה קרמה מאסק 75 מ""ל","קוסמופארם בע""\מ",IL,דאודורנט קרמה,מיליליטרים,75.00,"100 מ""ל",false,1,13.90,18.53,true,1,
7290108353907,false,"קרמה - דאודורנט רול און לאישה קרמה קלאסי 75 מ""ל","קוסמופארם בע""\מ",IL,דאודורנט קרמה,מיליליטרים,75.00,"100 מ""ל",false,1,13.90,18.53,true,1,
7290108353952,false,"קרמה - דאודורנט ספריי לאישה קרמה קלאסי 150 מ""ל",מיוצר עי : אמיליה קוסמטי,IL,דאודורנט קרמה,מיליליטרים,150.00,"100 מ""ל",false,1,16.90,11.27,true,1,
7290108353969,false,"קרמה - דאודורנט ספריי לאישה קרמה מאסק 150 מ""ל",מיוצר עי : אמיליה קוסמטי,IL,דאודורנט קרמה,מיליליטרים,150.00,"100 מ""ל",false,1,16.90,11.27,true,1,
7290108353983,false,"קרמה - קרם גוף קרמה קלאסי 500 מ""ל",טרופיקל דגיל תעשיות,IL,קרם גוף קלאסי,מיליליטרים,500.00,"100 מ""ל",false,1,19.90,3.98,true,1,
7290108353990,false,"קרמה - קרם גוף קרמה מאסק 500 מ""ל",טרופיקל דגיל תעשיות,IL,קרם גוף מאסק,מיליליטרים,500.00,"100 מ""ל",false,1,19.90,3.98,true,1,
7290108354263,false,אורביטול גוניור משחת שיניים חד קרן 70גרם,טרופיקל דגיל תעשיות קוסמ,IL,משחה אורביטול +6,מיליליטרים,70.00,"100 מ""ל",false,1,11.90,17.00,true,1,
7290108354270,false,מרכך כביסה מרוכז בבישום עוצמתי 1 ל' סנו מקסימה,מיוצר עי קונדיטוריית,IL,מרכך מקסימה,ליטרים,1.00,ליטר,false,1,17.90,17.90,true,1,
7290108354577,false,"קרמה דאודוראנט רולאון וניל ופלפל ורוד 75 מ""ל","קוסמופארם בע""\מ.",IL,דאודורנט קרמה,מיליליטרים,75.00,"100 מ""ל",false,1,13.90,18.53,true,1,
7290108354706,false,"קרמה - תחליב רחצה מאסק 500 מ""ל","קוסמופארם בע""\מ",IL,תחליב רחצה קרמה,מיליליטרים,500.00,"100 מ""ל",false,1,14.90,2.98,true,1,
7290108354713,false,"קרמה - תחליב רחצה קלאסי 500 מ""ל","קוסמופארם בע""\מn\",IL,תחליב רחצה קרמה,מיליליטרים,500.00,"100 מ""ל",false,1,14.90,2.98,true,1,
7290108354911,false,"שמפו, ג'ל רחצה וגילוח מועשר בתמצית אלוורה",טרופיקל דגיל תעשיות,IL,קרמה 3ב1,מיליליטרים,700.00,"100 מ""ל",false,1,21.90,3.13,true,1,
7290108354980,false,קרם ידיים מרוכז לידיים יבשות מאוד ללא בישום,קוסמופארם,IL,קרם ידיים מרוכז,מיליליטרים,50.00,"100 מ""ל",false,1,12.90,25.80,true,1,
7290108355000,false,"שמפו מיניונים לילדים נקה 7 750 מ""ל",אמיליה קוסמטיקס,IL,שמפו נקה7,מיליליטרים,750.00,"100 מ""ל",false,1,13.90,1.85,true,1,
7290108355031,false,"נקה 7 אל סבון לילדים מיניונים 750 מ""ל",קוסמופארם בע'\'\מ,IL,אל סבון נקה7,מיליליטרים,750.00,"100 מ""ל",false,1,13.90,1.85,true,1,
7290108355055,false,לחו.לשיער מקצועי גלייז נטורל פורמולה 400,נטורל פורמולה Natural Formula,IL,לחות נט.פורמולה,מיליליטרים,400.00,"100 מ""ל",false,1,29.90,7.48,true,1,
7290108355130,false,"בייבי כיף שמן גוף לפני שינה 500 מ""ל",קוסמופארם,IL,בייבי כיף שמן,מיליליטרים,500.00,"100 מ""ל",false,1,26.90,5.38,true,1,
7290108355185,false,"נטורל מסיכת קרטין אינטנס למניעת קשקשים 350 מ""ל",נטורל פורמולה Natural Formula,IL,מסכה נטורל פורמו,מיליליטרים,350.00,"100 מ""ל",false,1,39.90,11.40,true,1,
7290108355192,false,"נטורל מרכך קרטין אינטנס למניעת קשקשים 400 מ""ל",נטורל פורמולה Natural Formula,IL,מרכך נטורל פורמו,מיליליטרים,400.00,"100 מ""ל",false,1,29.90,7.48,true,1,
7290108355208,false,"שמפו קרטין אינטנס למניעת קשקשים נטורל 400 מ""ל",נטורל פורמולה Natural Formula,IL,שמפו נטורל פורמו,מיליליטרים,400.00,"100 מ""ל",false,1,29.90,7.48,true,1,
7290108355215,false,נ.פורמולה קרטין אינטנס מסכה לשיער +משאבה,נטורל פורמולה,IL,מסכת קרטין,מיליליטרים,450.00,"100 מ""ל",false,1,43.90,9.76,true,1,
7290108355222,false,נ.פורמולה שמפו פיגמנט בלונד,החברה הדרומית,IL,שמפו פיגמנט בלונ,מיליליטרים,250.00,"100 מ""ל",false,1,29.90,11.96,true,1,
7290108355246,false,שמפו פיגמנט חום 250 מל,פארפארם בעמ,IL,שמפו פיגמנט חום,מיליליטרים,250.00,"100 מ""ל",false,1,29.90,11.96,true,1,
7290108355260,false,"נקה 7-שמפו 3ב1 שמפו ג'ל רחצה וסבון פנים לגבר 750 מ""ל","אמיליה קוסמטיקס בע""מ",IL,נקה7 שמפו/לרחצה,מיליליטרים,750.00,"100 מ""ל",false,1,14.90,1.99,true,1,
7290108355284,false,"תרסיס לשיער נקה 7 להתרת קשרים 750 מ""ל",קוסמופארם בעמ,IL,נקה 7,מיליליטרים,350.00,"100 מ""ל",false,1,17.90,5.11,true,1,
7290108355291,false,"קרם לשיער נקה 7 להתרת קשרים 750 מ""ל",קוסמופארם בעמ,IL,נקה 7 קרם,מיליליטרים,350.00,"100 מ""ל",false,1,17.90,5.11,true,1,
7290108355314,false,מרכך לסירוק קל בתוספת רוזמרין,גוד פוד פרודקטס S.p,IL,מרכך לסירוק קל,מיליליטרים,750.00,"100 מ""ל",false,1,15.90,2.12,true,1,
7290108355451,false,"קרמה - דאודורנט רול און לאישה קרמה ורד ווניל 75 מ""ל","קוסמופארם בע""\מ",IL,דאודורנט קרמה,מיליליטרים,75.00,"100 מ""ל",false,1,13.90,18.53,true,1,
7290108355697,false,"קרליין - בודי מיסט פיור לוב 250 מ""ל",החברה הדרומית,IL,קרליין בודי מיסט,מיליליטרים,250.00,"100 מ""ל",false,1,39.90,15.96,true,1,
7290108355765,false,דאודורנט ספריי קרמה בניחוח לבנדר ואקליפטוס,מיוצר עי : אמיליה קוסמטי,IL,דאודורנט קרמה,מיליליטרים,150.00,"100 מ""ל",false,1,16.90,11.27,true,1,
7290108355802,false,"תחליב רחצה קרמה ורד ווניל 700 מ""ל",גוד פוד פרודקטס S.p,IL,תחליב רחצה קרמה,מיליליטרים,700.00,"100 מ""ל",false,1,17.90,2.56,true,1,
7290108356090,false,קרמה תרחיץ גל לשטיפה אינטימית 220 מל,קוסמופארם בעמ,IL,תרחיץ שטיפה קרמה,מיליליטרים,220.00,"100 מ""ל",false,1,23.90,10.86,true,1,
7290108356106,false,כיף תחליב רחצה חלב שקדים 700 מל,החברה הדרומית,IL,כיף תחליב רחצה,מיליליטרים,700.00,"100 מ""ל",false,1,12.90,1.84,true,1,
7290108356113,false,"כיף תחליב רחצה דבש 700 מ""ל-מרכז",קוסמופארם בעמ,IL,כיף תחליב רחצה,מיליליטרים,700.00,"100 מ""ל",false,1,12.90,1.84,true,1,
7290108356120,false,"תחליב רחצה כיף קוקוס וניל 700 מ""ל",קוסמופארם,IL,כיף תחליב רחצה,מיליליטרים,700.00,"100 מ""ל",false,1,12.90,1.84,true,1,
7290108356151,false,"תחליב רחצה כיף מאסק יסמין 700 מ""ל",גוד פוד פרודקטס S.p,IL,כיף תחליב רחצה,מיליליטרים,700.00,"100 מ""ל",false,1,12.90,1.84,true,1,
7290108356168,false,"כיף - תחליב רחצה אוקיינוס 700 מ""ל",גוד פוד פרודקטס S.p,IL,כיף תחליב רחצה,מיליליטרים,700.00,"100 מ""ל",false,1,12.90,1.84,true,1,
7290108356229,false,ג'ל גילוח לכל סוגי העור מועשר בפחם פעיל,טרופיקל דגיל תעשיות,TR,ג'ל גילוח מטהר,מיליליטרים,200.00,"100 מ""ל",false,1,16.90,8.45,true,1,
7290108356298,false,"כיף - מוס רחצה בניחוח קרם עוגיות 150 מ""ל",קוסטר אירוסול,IL,כיף מוס רחצה,מיליליטרים,150.00,"100 מ""ל",false,1,11.90,7.93,true,1,
7290108356489,false,"כיף - תחליב רחצה אפרסק וחמאת מורומורו 700 מ""ל",קוסמופארם בעמ,IL,תחליב רחצה אפרסק,מיליליטרים,700.00,"100 מ""ל",false,1,12.90,1.84,true,1,
7290108356533,false,קרוליין 10 שמפו לשיער מתולתל 700 מל,"קוסמופארם בע""\מ",IL,שמפו 10 קרליין,מיליליטרים,700.00,"100 מ""ל",false,1,14.90,2.13,true,1,
7290108356588,false,קרוליין 10 מרכך לשיער מתולתל 700 מל,"קוסמופארם בע""\מ",IL,מרכך 10 קרליין,מיליליטרים,700.00,"100 מ""ל",false,1,14.90,2.13,true,1,
7290108357042,false,"קרליין - נושם ביו דאודורנט רול און 75 מ""ל Citrus Blossoms לאישה","קוסמופארם בע""\מ",IL,דאו.רולאון ביו,מיליליטרים,75.00,"100 מ""ל",false,1,16.90,22.53,true,1,
7290108357059,false,"קרליין - נושם ביו דאודורנט רול און 75 מ""ל Secret Garden לאישה","קוסמופארם בע""\מ",IL,דאו.רול און ביו,מיליליטרים,75.00,"100 מ""ל",false,1,16.90,22.53,true,1,
7290108357073,false,"קרליין - נושם ביו דאודורנט ספריי 150 מ""ל Blossoms Citrus לאישה",קוסטר אירוסול,IL,דאו.ספריי ביו,מיליליטרים,150.00,"100 מ""ל",false,1,16.90,11.27,true,1,
7290108357080,false,"קרליין - נושם ביו דאודורנט ספריי 150 מ""ל Secret Garden לאישה",קוסטר אירוסול,IL,דאו.ספריי ביו,מיליליטרים,150.00,"100 מ""ל",false,1,16.90,11.27,true,1,
7290108357110,false,"קרליין - נושם ביו דאודורנט רול און 75 מ""ל Valvet Rose לאישה","קוסמופארם בע""\מ",IL,דאו.רולאון ביו,מיליליטרים,75.00,"100 מ""ל",false,1,16.90,22.53,true,1,
7290108357233,false,סנוקליר מטליות לחות לניקוי והברקה 50יח,"סנו מפעלי ברונוס בע""\מ",IL,קליר מטליות לחות,יחידה,1.00,יחידה,false,1,12.90,12.90,true,1,
7290108357417,false,"קרמה - קרם גוף קרמה ורד ווניל 500 מ""ל",טרופיקל דגיל תעשיות,IL,קרם גוף ורד ווני,מיליליטרים,500.00,"100 מ""ל",false,1,19.90,3.98,true,1,
7290108357448,false,"קרמה - קרם גוף קרמה לבנדר ואקליפטוס 500 מ""ל",קוסמופארם בע'\'\מ,IL,קרם גוף לבנדר,מיליליטרים,500.00,"100 מ""ל",false,1,19.90,3.98,true,1,
7290108357745,false,"כיף שמפו ומרכך 700 מ""ל 2ב-1 תאנה ומנטה",גוד פוד פרודקטס S.p,IL,כיף 2in1 שמפו,מיליליטרים,700.00,"100 מ""ל",false,1,11.90,1.70,true,1,
7290108357776,false,"כיף מרכך לשיער יבש -רימונים ושמן ארגן 700 מ""ל",גוד פוד פרודקטס S.p,IL,כיף מרכך שיער,מיליליטרים,700.00,"100 מ""ל",false,1,11.90,1.70,true,1,
7290108357851,false,"כיף - ג'ל רחצה אליקסיר אוילס מועשר בשמן קוקוס 700 מ""ל","קוסמופארם בע""\מ",IL,כיף ג'ל רחצה,מיליליטרים,700.00,"100 מ""ל",false,1,12.90,1.84,true,1,
7290108358087,false,"תחליב רחצה קרמה מאסק 700 מ""ל",גוד פוד פרודקטס S.p,IL,תחליב רחצה קרמה,מיליליטרים,700.00,"100 מ""ל",false,1,17.90,2.56,true,1,
7290108358094,false,"קרמה - תחליב רחצה חמאת שיאה וקוקוי 500 מ""ל","קוסמופארם בע""\מn\",IL,תחליב רחצה קרמה,מיליליטרים,500.00,"100 מ""ל",false,1,14.90,2.98,true,1,
7290108358124,false,דפי בישום לחים למייבש הכביסה בניחוח מרכך כביסה 20 יח' מקסימה,טרופיגל דגיל תעשיות קוסמ,IL,דפי בישום למייבש,יחידה,1.00,יחידה,false,1,12.90,12.90,true,1,
7290108359077,false,סנו - סופט לושן ממחטות אף בקופסא 3 שכבות 120 יח',"סנו מפעלו ברונוס בע""\מ",EG,סופט לושן ממחטות,יחידה,1.00,יחידה,false,1,9.90,9.90,true,1,
7290108359145,false,סנו סושי דפי ספוג הפלא12,קריות זול,CN,דפי ספוג הפלא,יחידה,1.00,יחידה,false,1,11.90,11.90,true,1,
7290108359176,false,סופט ממחטות אף צמד בשקית לושן 3 שכבות,סנו סופט,EG,סופט לושן צמד,יחידה,1.00,יחידה,false,1,13.90,13.90,true,1,
7290108359824,false,"כיף - בייבי כיף קרם 500 מ""ל",קוסמופארם בעמ,IL,קרם גוף בייבי,מיליליטרים,500.00,"100 מ""ל",false,1,24.90,4.98,true,1,
7290108359855,false,"שמפו אל דמע בייבי כיף+משאבה 750 מ""ל",גוד פוד פרודקטס S.p,IL,שמפו בייבי כיף,מיליליטרים,750.00,"100 מ""ל",false,1,18.90,2.52,true,1,
7290108359879,false,"אלסבון בייבי כיף+משאבה 750 מ""ל",קוסמופארם בעמ,IL,בייבי כיף אלסבון,מיליליטרים,750.00,"100 מ""ל",false,1,17.90,2.39,true,1,
7290108359985,false,סנו - ז'אוול מרסס קצף לניקוי וחינו בניחוח פריחה לבנה 1 ליטר,סנו ז'אוול Javel,IL,ג'אוול קצף ניקוי,ליטרים,1.00,ליטר,false,1,19.90,19.90,true,1,
7290110327798,false,חטיף חלבון GO - שוקולד 60 ג' חלב נוכרי - רבנות,"בלמונט קונפקציות בע""\מ.",US,חטיף חלבון,גרמים,60.00,100 גרם,false,1,13.90,23.17,true,1,
7290110327811,false,חטיף חלבון GO - קוקוס 60 ג' חלב נוכרי - רבנות,"בלמונט קונפקציות בע""\מ.",US,חטיף חלבון,גרמים,60.00,100 גרם,false,1,13.90,23.17,true,1,
7290110327828,false,חטיף חלבון GO - חמאת בוטנים 60 ג' חלב נוכרי - רבנות,"בלמונט קונפקציות בע""\מ.",US,חטיף חלבון,גרמים,60.00,100 גרם,false,1,13.90,23.17,true,1,
7290110450052,false,צללית וולטין מאט232 יח',גייד,IL,צללית וולטין מאט,יחידה,1.00,יחידה,false,0,69.00,69.00,true,1,
7290110450212,false,לק בסיס,גייד,FR,לק בסיס,יחידה,1.00,יחידה,false,0,29.00,29.00,true,1,
7290110450748,false,גייד אניגמה FX סרום מרוכז עם אפקט מיצוק,דניה,CH,אניגמה סרום מרוכ,מיליליטרים,15.00,"100 מ""ל",false,1,169.00,1126.67,true,1,
7290110451554,false,גייד אקווה גולט קרם לחות גל עור רגיל-יבש,דניה,CH,אקווה ג'ולט קרם,מיליליטרים,50.00,"100 מ""ל",false,1,109.00,218.00,true,1,
7290110451561,false,גייד אקווה גולט קרם לחות גל עור שמן-מעור,דניה,CH,אקווה ג'ולט קרם,מיליליטרים,50.00,"100 מ""ל",false,1,109.00,218.00,true,1,
7290110451578,false,גייד אקווה גולט קרם גל ממריץ לעיניים 15,דניה,CH,אקווה ג'ולט עיני,מיליליטרים,15.00,"100 מ""ל",false,1,89.00,593.33,true,1,
7290110451660,false,עפרון שפתיים עמיד98 יח',,IT,עפרון שפתיים 98,יחידה,1.00,יחידה,false,1,49.00,49.00,true,1,
7290110451691,false,קונסילר אידיליק אקסטר18,דניה קוסמטיקס,IT,קונסילר אידיליק,מיליליטרים,10.00,"100 מ""ל",false,1,85.00,850.00,true,1,
7290110452315,false,היילייטר אוורגלו יח02',,IL,היילייטר אוורגלו,יחידה,1.00,יחידה,false,1,89.00,89.00,true,1,
7290110452414,false,וולווטין שפתון 780 יח',,IT,וולווטין שפתון,יחידה,1.00,יחידה,false,1,75.00,75.00,true,1,
7290110453367,false,לונגיוויטי קונסילר 28,גייד,IT,לוגיויטי קונסילר,יחידה,1.00,יחידה,false,1,89.00,89.00,true,1,
7290110453589,false,גייד אקווה גולט סרום גל לעיניים 15 מל,דניה,IL,אקווה ג'ולט סרום,מיליליטרים,15.00,"100 מ""ל",false,1,99.00,660.00,true,1,
7290110453671,false,לונגיויטי מייקאפ עמיד114,,IT,לונגיויטי מייקאפ,מיליליטרים,30.00,"100 מ""ל",false,1,135.00,450.00,true,1,
7290110453930,false,גייד הידרה סובלים תמצית רימונים קרם יום,דניה,IL,קרם יום רימונים,מיליליטרים,50.00,"100 מ""ל",false,1,179.00,358.00,true,1,
7290110454357,false,גייד סנס 5 קרם הזנה אינטנסיבי לפנים ולצו,דניה,CH,סנס 5 אינטנסיבי,מיליליטרים,50.00,"100 מ""ל",false,1,99.00,198.00,true,1,
7290110454364,false,גייד גלו FX קרם למראה זוהר 50 מל,דניה,CH,גלו FX קרם למראה,מיליליטרים,50.00,"100 מ""ל",false,1,189.00,378.00,true,1,
7290110454432,false,שפתון סלפי856 יח',,IT,שפתון סלפי 856,יחידה,1.00,יחידה,false,1,79.00,79.00,true,1,
7290110454678,false,אוורגלו מארז צלליות עיני,,IL,אוורגלו מארז צלל,יחידה,1.00,יחידה,false,1,119.00,119.00,true,1,
7290110454760,false,לק קריסטל גלו 643 יח',,FR,לק קריסטל גלו 64,יחידה,1.00,יחידה,false,1,29.00,29.00,true,1,
7290110454982,false,לונגיוטי מייק אפ 550 30מ,,IT,לונגיוטי מייק אפ,מיליליטרים,30.00,"100 מ""ל",false,1,135.00,450.00,true,1,
7290110455071,false,גייד סיבי2 בוטניק קרם לחות מרגיע עם שמן,דניה,IL,בוטניק קרם לחות,מיליליטרים,50.00,"100 מ""ל",false,1,159.00,318.00,true,1,
7290110455088,false,גייד סיבי2 בוטניק שמן פנים מזרעי קנאביס,דניה,IL,בוטניק שמן פנים,מיליליטרים,30.00,"100 מ""ל",false,1,159.00,530.00,true,1,
7290110455149,false,גייד רויוליסט מסכה מתקלפת להארת עור הפני,דניה,IL,רויוליסט מסכה מת,מיליליטרים,50.00,"100 מ""ל",false,1,99.00,198.00,true,1,
7290110455453,false,לונגיויטי איילנר שחור יח,,IL,לונגיויטי איילנר,יחידה,1.00,יחידה,false,1,79.00,79.00,true,1,
7290110455668,false,גייד סנס 6 קרם להצערת העור ולטיפול בקמטי,דניה,CH,סנס 6 קרם להצערת,מיליליטרים,50.00,"100 מ""ל",false,1,229.00,458.00,true,1,
7290110455774,false,היילש מסקרה המאריכה יח,,IL,היילש מסקרה המאר,יחידה,1.00,יחידה,false,1,99.00,99.00,true,1,
7290110456252,false,לק קריסטל גלו 664יח',,FR,לק קריסטל גלו664,יחידה,1.00,יחידה,false,1,29.00,29.00,true,1,
7290110456405,false,גייד אקווה גולט קרם לילה מזין 50 מל,דניה,IL,אקווה ג'ולט קרם,מיליליטרים,50.00,"100 מ""ל",false,1,119.00,238.00,true,1,
7290110456474,false,גייד סיבי2 בוטניק קרם לילה עשיר להזנה 50,דניה,IL,סיבי2 בוטניק קרם,מיליליטרים,50.00,"100 מ""ל",false,1,159.00,318.00,true,1,
7290110457051,false,גלו FX היילייטר להארה140,,IL,גלו FX שלושה גוו,יחידה,1.00,יחידה,false,1,89.00,89.00,true,1,
7290110457303,false,גלו FX שלושה גוונים 139,,IL,גלו FX שלושה גוו,יחידה,1.00,יחידה,false,1,99.00,99.00,true,1,
7290110457907,false,סלפי עיפרון שפתיים 867,INTERCOS,IT,סלפי עיפרון שפתי,יחידה,1.00,יחידה,false,1,59.00,59.00,true,1,
7290110459215,false,תיק מתנה אוקטובר 2022 יח,גייד,IL,תיק מתנה אוקטובר,יחידה,1.00,יחידה,false,1,59.00,59.00,true,1,
7290110554095,false,דבש לחיץ 440 גרם,מכוורת יד מרדכי שטראוס ב,IL,דבש לחיץ,גרמים,440.00,100 גרם,false,1,21.90,4.98,true,1,
7290110556242,false,"שוקולד מריר פרווה 100 גר' בד""ץ תוצרת חוץ","שטראוס גרופ בע""מ.",FR,שוקולד פרה מריר,גרמים,100.00,100 גרם,false,1,5.50,5.50,true,1,
7290110559748,false,ריל מאגדת שקדים קוקוס ושוקולד מריר שטראוס 105 גרם,"ואמואליס פודס אס.איי,",GR,חטיפי ריל אנרגי,גרמים,105.00,100 גרם,false,1,12.90,12.29,true,1,
7290110730109,false,נוטרילון קומפורט תרכובת מזון מגיל לידה,נוטרישיה קאלק,NL,נוטרילון 900 גרם,גרמים,900.00,100 גרם,false,1,101.90,11.32,true,1,
7290111093432,false,דר עור חמאת גוף אנטי אייגינג בניחוח סחלב,ניאופארם,IL,חמאת גוף 250,מיליליטרים,250.00,"100 מ""ל",false,1,21.90,8.76,true,1,
7290111093760,false,קוויק מטליות לחות לניקוי רצפות ניחוח מרכך כביסה 10 יחידות,די.פי.אל,IL,קוויק לניקוי רצפ,יחידה,1.00,יחידה,false,1,10.00,10.00,true,1,
7290111095818,false,"קוויק שקית אשפה חזקה במיוחד (65*54), 40 יח'",,TR,שקיות אשפה בגליל,יחידה,1.00,יחידה,false,1,16.90,16.90,true,1,
7290111096921,false,קוויק מגבונים לניקוי כללי בתוספת חומץ ומלח לימון 50 יח',די.פי.אל,IL,קוויק מגבונים,יחידה,1.00,יחידה,false,1,9.90,9.90,true,1,
7290111097041,false,מגבוני בייביסיטר מבושמים 66*8,קיבוץ עמיר dpl,IL,מגבוני בייביסיטר,יחידה,1.00,יחידה,false,1,19.90,19.90,true,1,
7290111340956,false,ניקול מטליות לחות לרצפה בניחוח פריחה לבנה,חוגלה קימברלי,IL,מטליות רצפה לחות,יחידה,1.00,יחידה,false,1,11.90,11.90,true,1,
7290111341434,false,תחבושות דיפנד נורמל אקטיב לנשים 12 יח,קימברלי קלארק,IL,תחבושות דיפנד,יחידה,1.00,יחידה,false,1,21.90,21.90,true,1,
7290111341496,false,תחבושות דיפנד מיני אקטיב לנשים 14 יח,קימברלי קלארק,IL,תחבושות דיפנד,יחידה,1.00,יחידה,false,1,21.90,21.90,true,1,
7290111341984,false,לילי - מגבוני נייר טואלט לח פיור רביעייה,קימברלי,IL,נייר טואלט לח4יח,יחידה,1.00,יחידה,false,1,23.90,23.90,true,1,
7290111342042,false,ניקול כריות יפניות אנטיבקטריאלי 4 יחידות,פלסטו פוליש,IL,כריות יפניות,יחידה,1.00,יחידה,false,1,13.90,13.90,true,1,
7290111342059,false,50 מטליות מיקרופייבר לשטחים אנטיבקטריאלי ניקול,ניקול,IL,מטליות לחות50יח,יחידה,1.00,יחידה,false,1,16.90,16.90,true,1,
7290111342073,false,מטליות מקרופייבר למשטחים אנטיבקטריאלי ניקול,ניקול,IL,מטליות מקרופייבר,יחידה,1.00,יחידה,false,1,14.90,14.90,true,1,
7290111343483,false,קוטקס יאנג נייט תחבושות עם כנפיים 20 יח,חוגלה,CZ,תחבושות קוטקס,יחידה,1.00,יחידה,false,1,21.90,21.90,true,1,
7290111343742,false,דיפנד תחתונים סופגים L נשים 9 יח,חוגלה,IL,דיפנד תחתון סופג,יחידה,1.00,יחידה,false,1,44.90,44.90,true,1,
7290111343766,false,דיפנד תחתונים סופגים M גברים 10 יח,חוגלה,IL,דיפנד תחתון סופג,יחידה,1.00,יחידה,false,1,44.90,44.90,true,1,
7290111344206,false,-מגבונים לחים לעור רגיש ללא בישום האגיס 4*64 יחידות,חוגלה קימברלי,IL,מגבונים האגיס 4*,יחידה,1.00,יחידה,false,1,24.90,24.90,true,1,
7290111344824,false,מגן תחתון קוטקס אקסטרא אנטיבקטריאלי לארג',חוגלה,CN,מגן תחתון קוטקס,יחידה,1.00,יחידה,false,1,21.90,21.90,true,1,
7290111344831,false,קוטקס - מגיני יום אקסטרא פרוטקט נורמל ביג 60 יח',חוגלה קימברלי,CN,מגן תחתון קוטקס,יחידה,1.00,יחידה,false,1,21.90,21.90,true,1,
7290111344855,false,קוטקס - מגיני יום אקסטרא פרוטקט לארג' ביג 52 יח',חוגלה קימברלי,CN,מגן תחתון קוטקס,יחידה,1.00,יחידה,false,1,21.90,21.90,true,1,
7290111345753,false,תחבושות נטורל דואו נורמל 24 יח' קוטקס,קריות זול,CZ,תחבושות כותנה נו,יחידה,1.00,יחידה,false,1,21.90,21.90,true,1,
7290111345760,false,תחבושות נטורל דואו סופר 18 יח' קוטקס,קריות זול,CZ,תחבושות קוטקס,יחידה,1.00,יחידה,false,1,21.90,21.90,true,1,
7290111932502,false,"משחת שיניים קולגייט אופטיק וייט אקספרט וויט 75 מ""ל",קולגייט Colgate,MX,משחת שיניים,מיליליטרים,75.00,"100 מ""ל",false,1,24.90,33.20,true,1,
7290111935527,false,"מ. שיניים קולגייט טוטל קלין מיניט -זוג כשל""פ2*100 גרם",קולגייט פלמוליב,PL,משחת קולגייט,מיליליטרים,200.00,"100 מ""ל",false,1,33.90,16.95,true,1,
7290111936296,false,"פלמוליב סבון נוזלי בניחוח סנסיישן מסאז' ,750 מ""ל",קולגייט פלמוליב,TR,סבון פלמוליב,מיליליטרים,750.00,"100 מ""ל",false,1,16.90,2.26,true,1,
7290112000798,false,"דיטול תרסיסי חיטוי וניקוי אנטי בקטריאלי 750 מ""ל",רקיט בנקיזר,US,דטול מחטא משטחים,מיליליטרים,750.00,"100 מ""ל",false,1,14.90,1.99,true,1,
7290112001436,false,"פיניש מנקה מדיח כלים בניחוח לימון 250 מ""ל",רקיט בנקיזר,PL,פיניש מנקה מדיח,מיליליטרים,250.00,"100 מ""ל",false,1,10.90,4.36,true,1,
7290112001733,false,ויט רצועות שעווה לעור רגיל 40 יחידות,רקיט בנקיזר,FR,רצועות שעווה,יחידה,1.00,יחידה,false,1,78.90,78.90,true,1,
7290112002044,false,טבליות פיניש מנקה מדיח 3 יח,רקיט בנקיזר,HU,פיניש מנקה מדיח,יחידה,1.00,יחידה,false,1,10.90,10.90,true,1,
7290112002099,false,קולון גל כביסה מרוכז 2.5 ליטר קלאסי,רקיט בנקיזר,IL,ג'ל כביסה קולון,ליטרים,2.50,ליטר,false,1,27.90,11.16,true,1,
7290112002457,false,דטול - שלישיית מגבונים לניקוי וחיטוי בניחוח לימון,רקיט בנקיזר,PL,דטול מגבונים 3יח,יחידה,1.00,יחידה,false,1,21.90,21.90,true,1,
7290112003966,false,"אבקה להסרת כתמים לכביסה לבנה ""וניש גולד""",רקיט בנקיזר,IT,וניש גולד אבקה,גרמים,470.00,100 גרם,false,1,19.90,4.23,true,1,
7290112003973,false,"וניש אבקה ורודה מולטי פאואר 1.350 ק""ג א. חסכון חדש להלבנה",רקיט בנקיזר,IT,וניש גולד אבקה,קילוגרמים,1.35,"ק""ג",false,1,34.90,25.85,true,1,
7290112003980,false,וניש תוסף כביסה רב תכליתי לבן 1350 גרם,רקיט בנקיזר,IT,מסיר כתמים אבקה,קילוגרמים,1.35,"ק""ג",false,1,34.90,25.85,true,1,
7290112004413,false,"ספריי וניש קליה להסרת כתמים לבגדים לבנים 750 מ""ל",רקיט בנקיזר,PL,מסיר כתמים ספריי,מיליליטרים,750.00,"100 מ""ל",false,1,14.90,1.99,true,1,
7290112005045,false,וניש מסיר כתמים אבקה לכביסה לבנה 480 גרם,רקיט בנקיזר,IT,וניש אבקה לכביסה,גרמים,480.00,100 גרם,false,1,14.90,3.11,true,1,
7290112005076,false,אבקה להסרת כתמים לכביסה צבעונית וניש קליה 480 גרם,רקיט בנקיזר,IT,וניש אבקה לכביסה,גרמים,480.00,100 גרם,false,1,14.90,3.11,true,1,
7290112192561,false,"משחת שיניים פרודונטקס הגנה מלאה מרעננת הלבנה 75 מ""ל",ג'י.אס.קיי קונסיומר,IE,משחה פרודונטקס,מיליליטרים,75.00,"100 מ""ל",false,1,34.90,46.53,true,1,
7290112192578,false,משחת שיניים פרודונטקס אקסטרה פרש הגנה מלאה,ג'י.אס.קיי קונסיומר,IE,משחת פרודונטקס,מיליליטרים,75.00,"100 מ""ל",false,1,34.90,46.53,true,1,
7290112192875,false,"סנסודיין - משחת שיניים רגישות וחניכיים 75 מ""ל",סנסודיין Sensodyne,GB,משחת סנסודיין,מיליליטרים,75.00,"100 מ""ל",false,1,34.90,46.53,true,1,
7290112192882,false,"סנסודיין - משחת שיניים רגישות וחניכיים מלבינה 75 מ""ל",ג'י.אס.קיי קונסיומר,GB,משחת סנסודיין,מיליליטרים,75.00,"100 מ""ל",false,1,34.90,46.53,true,1,
7290112193278,false,"סטייל - שמפו מתולתלות לניקוי יסודי 600 מ""ל",א.ל.ארמן ייצור תמרוקים ב,IL,שמפו מתולתלות,מיליליטרים,600.00,"100 מ""ל",false,1,21.90,3.65,true,1,
7290112193285,false,"סטייל - מרכך מתולתלות מגביר לחות 600 מ""ל",א.ל.ארמן ייצור תמרוקים ב,IL,מרכך מתולתלות,מיליליטרים,600.00,"100 מ""ל",false,1,21.90,3.65,true,1,
7290112193292,false,"סטייל - מתולתלות מסכה לטיפול עמוק 500 מ""ל",א.ל.ארמן ייצור תמרוקים ב,IL,מסכה מתולתלות,מיליליטרים,500.00,"100 מ""ל",false,1,27.90,5.58,true,1,
7290112193308,false,"סטייל - מתולתלות גלייז מעצב ומאיץ ברק לשיער 400 מ""ל",א.ל. ארמן,IL,גלייז מתולתלות,מיליליטרים,400.00,"100 מ""ל",false,1,27.90,6.98,true,1,
7290112193315,false,"סטייל - מתולתלות קרם לחות להורדת פריז 400 מ""ל",א.ל.ארמן ייצור תמרוקים ב,IL,קרם לחות מתולתלו,מיליליטרים,400.00,"100 מ""ל",false,1,27.90,6.98,true,1,
7290112197061,false,"סטייל - תחליב רחצה לניקוי וטיפוח הידיים ארגן 500 מ""ל",רנקסאן פלסטיק יאנגר,TR,תחליב ידיים,מיליליטרים,500.00,"100 מ""ל",false,1,8.90,1.78,true,1,
7290112197078,false,"סטייל - תחליב רחצה לניקוי וטיפוח הידיים חמאת שיאה 500 מ""ל",רנקסאן פלסטיק יאנגר,TR,תחליב ידיים,מיליליטרים,500.00,"100 מ""ל",false,1,8.90,1.78,true,1,
7290112197122,false,"סטייל - סבון ידיים ירוק 500 מ""ל חדש",רנקסאן פלסטיק יאנגר,TR,סטייל סבון ידיים,מיליליטרים,500.00,"100 מ""ל",false,1,7.90,1.58,true,1,
7290112332691,false,פינוקיות עוגיות קרם פסק זמן אגוזים 200 גרם,"הגביע מוצרי וופלים בע""\מ",IL,פינוקיות פסק זמן,גרמים,200.00,100 גרם,false,1,11.90,5.95,true,1,
7290112335487,false,הפריכיות הטעימות קצח ודגנים אנרג'י 135 גרם,אנרג'י Energy - שטראוס,IL,הפריכיות הטעימות,גרמים,135.00,100 גרם,false,1,14.90,11.04,true,1,
7290112340245,false,צנצנת מסטיק מאסט בטעם דובדבן 66 ג' עלית,"שטראוס גרופ בע""\מ",IL,מסטיק דובדבן,גרמים,66.00,100 גרם,false,1,9.90,15.00,true,1,
7290112340252,false,צנצנת מסטיק מאסט בטעם אבטיח מלון 66 ג' עלית,"שטראוס גרופ בע""\מ",IL,מסטיק אבטיח מלון,גרמים,66.00,100 גרם,false,1,9.90,15.00,true,1,
7290112349538,false,קפה עלית טורקי 160 גרם,שטראוס קפה בי.וי.,IL,קפה טורקי עלית,גרמים,160.00,100 גרם,false,1,11.90,7.44,true,1,
7290112350312,false,קפסולות 15 קפה יותר למכונות נספרסו עלית 10יח',הנסיך- מפעל לייצור ט,IL,קפסולות קפה,גרמים,50.00,100 גרם,false,1,19.90,39.80,true,1,
7290112351470,false,סוכריות ללא סוכר בטעם תות רימון מאסט פרש,"הליקון גידה בע""\מ",TR,"סוכריות לל""ס",גרמים,45.00,100 גרם,false,1,9.50,21.11,true,1,
7290112492449,false,פינוק שמפו שיער רגיל 700 מל-חדש,יוניליוור ישראל טיפוח אי,IL,שמפו לשיער רגיל,מיליליטרים,700.00,"100 מ""ל",false,1,13.90,1.99,true,1,
7290112492463,false,"שמפו ומרכך 2 ב-1 לשיער רגיל פינוק 700 מ""ל.",יוניליוור ישראל טיפו,IL,פינוק שמפו+מרכך,מיליליטרים,700.00,"100 מ""ל",false,0,13.90,1.99,true,1,
7290112492470,false,"שמפו ומרכך 2 ב-1 לשיער יבש פינוק 700 מ""ל.",יוניליוור פארם,IL,פינוק 2ב1-,מיליליטרים,700.00,"100 מ""ל",false,1,13.90,1.99,true,1,
7290112492487,false,פינוק שמפו לשיער עם שמן מרוקאי 700 מל,יוניליוור ישראל טיפוח אי,IL,שמפו פינוק,מיליליטרים,700.00,"100 מ""ל",false,1,13.90,1.99,true,1,
7290112492500,false,פינוק שמפו לשיער עם שמן קוקוס 700 מל,"יוניליור ישראל, טיפו",IL,שמפו פינוק,מיליליטרים,700.00,"100 מ""ל",false,1,13.90,1.99,true,1,
7290112492531,false,"מרכך לשיער רגיל ""פינוק"" 700 מ""ל",יוניליוור פארם,IL,מרכך לשיער רגיל,מיליליטרים,700.00,"100 מ""ל",false,1,13.90,1.99,true,1,
7290112492548,false,"מרכך פינוק עם שמן חוחובה 700 מ""ל",יוניליוור פארם,IL,מרכך פינוק,מיליליטרים,700.00,"100 מ""ל",false,1,13.90,1.99,true,1,
7290112492579,false,פינוק מרכך בתוספת שמן קוקוס 700 מל-חדש,יוניליוור ישראל טיפוח אי,IL,מרכך פינוק,מיליליטרים,700.00,"100 מ""ל",false,1,13.90,1.99,true,1,
7290112492609,false,"תחליב רחצה פינוק 700 מ""ל לבנדר ווניל",יוניליוור ישראל טיפוח אי,IL,תחליב רחצה פינוק,מיליליטרים,700.00,"100 מ""ל",false,1,11.90,1.70,true,1,
7290112492616,false,פינוק תחליב רחצה 700 בתוספת שמן מרוקאי,יוניליוור ישראל טיפוח אי,IL,תחליב רחצה פינוק,מיליליטרים,700.00,"100 מ""ל",false,1,11.90,1.70,true,1,
7290112492746,false,"פינוק מרכך ללא דמעות לסירוק קל לילדים 700 מ""ל",יוניליוור ישראל טיפוח אי,IL,מרכך פינוק ילדים,מיליליטרים,700.00,"100 מ""ל",false,1,14.90,2.13,true,1,
7290112494818,false,בדין-ג'ל לכביסה לבנה וצבעונית בייבי 2.5 ליטר,היינץ צפון אמריקה מק,IL,בדין ג'ל כביסה,ליטרים,2.50,ליטר,false,1,35.90,14.36,true,1,
7290112494825,false,תרחיץ פנים לעור רגיש מכיל 25% קרם לחות,יוניליוור ישראל טיפוח אי,IL,דאב תרחיץ פנים,מיליליטרים,180.00,"100 מ""ל",false,1,15.90,8.83,true,1,
7290112494832,false,"דאב - תרחיץ פנים לעור רגיל 180 מ""ל",יוניליוור ישראל טיפוח אי,IL,דאב תרחיץ פנים,מיליליטרים,180.00,"100 מ""ל",false,1,15.90,8.83,true,1,
7290112495112,false,נשנושים טעם זעתר בייגל בייגל 260 גרם,בייגל את בייגל מזון 198),IL,נשנושים זעתר,גרמים,260.00,100 גרם,false,1,13.90,5.35,true,1,
7290112496188,false,"אקס - בושם גוף טיקט לגבר אפולו 17 מ""ל","קוסטר אירוסול, גבזה,",TR,אקס בושם כיס,מיליליטרים,17.00,"100 מ""ל",false,1,19.90,117.06,true,1,
7290112497369,false,דאב דאו רול און טלק סופט לנשים,"יוניליוור אנגליה, דרך קו",GB,דאו דאב רול און,מיליליטרים,50.00,"100 מ""ל",false,1,12.90,25.80,false,1,
7290112498267,false,פינוק אל סבון לידיים בניחוח פינוק קלאסי,קוסטר אירוסול ולף סנ,TR,אל סבון פינוק,מיליליטרים,950.00,"100 מ""ל",false,1,14.90,1.57,true,1,
7290112498274,false,פינוק אלסבון לידיים לבנדר וניל 1ליטר+משא,יוניליוור ישראל טיפוח אי,TR,אל סבון פינוק,מיליליטרים,950.00,"100 מ""ל",false,1,14.90,1.57,true,1,
7290112499448,false,"מרכך פינוק בתוספת שמן מרוקאי 700 מ""ל",יוניליוור ישראל טיפוח אי,IL,מרכך שיער פינוק,מיליליטרים,700.00,"100 מ""ל",false,1,13.90,1.99,true,1,
7290112499455,false,פינוק תחליב רחצה 700 בתוספת שמן מרוקאי,יוניליוור ישראל טיפוח אי,IL,תחליב רחצה פינוק,מיליליטרים,700.00,"100 מ""ל",false,1,11.90,1.70,true,1,
7290112499509,false,"רקסונה - דאודורנט ספריי לאישה בניחוח אפרסק ולמון גראס 150 מ""ל","ארנסט, רחוב קומבינצקיה 6",RU,דאו ספריי רקסונה,מיליליטרים,150.00,"100 מ""ל",false,1,17.90,11.93,true,1,
7290112965684,false,פיטנס - חטיף מולטיגריין עשבי תיבול 25 גרם,מיוצר עי קונדיטוריית,IL,חטיף פיטנס,גרמים,25.00,100 גרם,false,1,5.50,22.00,true,1,
7290112968807,false,פיטנס - קרקר דק סלק 140 גרם,מפעל אסם יקנעם,IL,קרקר דק פיטנס,גרמים,140.00,100 גרם,false,1,14.90,10.64,true,1,
7290112968821,false,פיטנס - קרקר דק בטטה 140 גרם,מפעל אסם יקנעם,IL,קרקר דק פיטנס,גרמים,140.00,100 גרם,false,1,14.90,10.64,true,1,
7290113317109,false,מארז שלישיית ביצי שוקולד הלו קיטי,שמחה זה אנחנו,IT,ביצת שוקולד,גרמים,60.00,100 גרם,false,1,14.90,24.83,true,1,
7290113317123,false,מארז שלישיית ביצי שוקולד סמי הכבאי,שמחה זה אנחנו,IT,ביצת שוקולד,גרמים,60.00,100 גרם,false,1,14.90,24.83,true,1,
7290113560055,false,פרודונטקס מי פה טיפול יומי לחניכיים 500,"מאסטרפוד אוסטריה בע""מ",GB,פרודונטקס מי פה,מיליליטרים,500.00,"100 מ""ל",false,1,31.90,6.38,true,1,
7290113560109,false,פרודונטקס מ.שיניים בטעם צמחי 75 מל,פרודונטקס Parodontax,SK,משחה פרודונטקס,מיליליטרים,75.00,"100 מ""ל",false,1,31.90,42.53,true,1,
7290114720724,false,מארז זוגי של ראשי מברשת אוניברסליים פוג'יקום,פוג'יקום,CN,ראשי מברשת לאורל,יחידה,1.00,יחידה,false,1,19.90,19.90,true,1,
7290114721301,false,זוג ראשי מברשות תואם אורל בי Sensitive,פוג'יקום,CN,ראש למברשת חשמלי,יחידה,1.00,יחידה,false,1,19.90,19.90,true,1,
7290114721400,false,זוג ראשי פחם Soft תואם אורל בי,פוג'יקום,CN,ראש למברשת חשמלי,יחידה,1.00,יחידה,false,1,19.90,19.90,true,1,
7290114721592,false,מברשת שיניים חשמלית פוג'יקום דינוזאור,פוג'יקום,CN,מברשת שיניים,יחידה,1.00,יחידה,false,1,29.90,29.90,true,1,
7290114721608,false,מברשת שיניים חשמלית פוג'יקום חד קרן,פוג'יקום,CN,מברשת שיניים,יחידה,1.00,יחידה,false,1,29.90,29.90,true,1,
7290114751131,false,משחת שיניים אורל בי לילדים קארס 114 גר,פרוקטר אנד גמבל,DE,משחת שיניים לילד,מיליליטרים,75.00,"100 מ""ל",false,1,14.90,19.86,true,1,
7290115071481,false,6 מטבעות שוקולד באריזת רשת 31 גר LOL,שמחה זה אנחנו,NL,מטבעות שוקולד,יחידה,1.00,יחידה,false,0,5.90,5.90,true,1,
7290115071498,false,מטבעות שוקולד ברשת פי גיי 31 גר,Unknown,NL,מטבעות שוקולד,יחידה,1.00,יחידה,false,0,5.90,5.90,true,1,
7290115071511,false,מטבעות שוקולד ברשת טרולים 31 גר,,NL,מטבעות שוקולד,יחידה,1.00,יחידה,false,0,5.90,5.90,true,1,
7290115071528,false,מטבעות שוקולד ברשת מיניונים 31 גר,,NL,מטבעות שוקולד,יחידה,1.00,יחידה,false,0,5.90,5.90,true,1,
7290115071535,false,מטבעות שוקולד ברשת מפרץ הרפתקאות 31 גר,,NL,מטבעות שוקולד,יחידה,1.00,יחידה,false,0,5.90,5.90,true,1,
7290115073676,false,מסכה לפנים חד פעמי 50 יח צבעוניות,שמחה זה אנחנו,CN,מסכת פנים חד פעמ,יחידה,1.00,יחידה,false,1,12.90,12.90,true,1,
7290115075182,false,6 מטבעות שוקולד באריזת רשת 31 גר חד קרן,שמחה זה אנחנו,NL,מטבעות שוקולד,יחידה,1.00,יחידה,false,0,5.90,5.90,true,1,
7290115075199,false,מטבעות שוקולד ברשת ליגת הצגק 31 גר,סטילנד שוקולד,NL,מטבעות שוקולד,גרמים,31.00,100 גרם,false,1,5.90,19.03,true,1,
7290115075878,false,גביע וופל ממולא קרם שוקולד 25 גר(12 יח),שמחה זה אנחנו,CN,גביעי וופל ממולא,גרמים,25.00,100 גרם,false,1,5.90,23.60,true,1,
7290115077131,false,מסכות ילדים צבעוני מעורב 40 יח',מ.פאנג,CN,מסכת פנים חד פעמ,יחידה,1.00,יחידה,false,1,14.90,14.90,true,1,
7290115205312,false,קרקר פיטנס דק עם זיתי קלמטה ועשבי תיבול,"אסם השקעות בע""\מ",IL,קרקר דק פיטנס,גרמים,140.00,100 גרם,false,1,14.90,10.64,true,1,
7290115209198,false,במבה אוורירית אסם 80 גרם,"אסם תעשיות בע""מ",IL,במבה אוורירית,גרמים,80.00,100 גרם,false,1,5.90,7.38,true,1,
7290115295870,false,סומק נוזלי למראה שזוף,,IL,סומק נוזלי למראה,יחידה,1.00,יחידה,false,1,149.00,149.00,true,1,
7290115671223,false,מסטיק מאסט פאן אבטיח מנגו צנצנת 58 גרם,אסקום קונפקשיין,DE,מסטיק מאסט,גרמים,58.00,100 גרם,false,1,9.90,17.07,true,1,
7290115671353,false,מיני פינוקיות עוגיות קקאו במילוי קרם בטעם וניל,"הגביע מוצרי ופלים בע""\מ",IL,מיני פינוקיות,גרמים,180.00,100 גרם,false,1,11.90,6.61,true,1,
7290116244037,false,חד קרן אצבעות שוקולד חלב 84 גרם,סטילנד שוקולד,NL,אצבעות שוקולד,גרמים,84.00,100 גרם,false,1,10.90,12.98,true,1,
7290116244051,false,אצבעות שוקולד חלב 84 גרם LOL,סטילנד שוקולד,NL,אצבעות שוקולד,גרמים,84.00,100 גרם,false,1,10.90,12.98,true,1,
7290116244068,false,אצבעות שוקולד חלב 84 גר'-כוח פי גיי,סטילנד שוקולד,NL,אצבעות שוקולד,גרמים,84.00,100 גרם,false,1,10.90,12.98,true,1,
7290116244075,false,סמי הכבאי אצבעות שוקולד חלב 84 גרם,סטילנד שוקולד,NL,אצבעות שוקולד,גרמים,84.00,100 גרם,false,1,10.90,12.98,true,1,
7290116244082,false,מפרץ הרפתקאות אצבעות שוקולד חלב 84 גרם,סטילנד שוקולד,NL,אצבעות שוקולד חל,גרמים,84.00,100 גרם,false,1,10.90,12.98,true,1,
7290116530222,false,דאודרנט סטיק לגבר אנרכי 76 ג' אקס,יוניליוור פארם,US,דאו.סטיק אקס,גרמים,77.00,100 גרם,false,1,21.90,28.44,true,1,
7290116530239,false,אקס דאו סטיק לגבר בלאק 7 גרם,יוניליוור פארם,US,דאו.סטיק אקס,גרמים,77.00,100 גרם,false,1,21.90,28.44,true,1,
7290116530871,false,נשנושים מיקס בייגל בייגל 240 גרם,"דרך השוקולד ,1 צפת 13404",IL,חטיף נשנושים,גרמים,240.00,100 גרם,false,1,13.90,5.79,true,1,
7290116530888,false,ג'ל לכביסה לבנה וצבעונית פינוק כחול בדין 2.5 ל',"זוהר דליה, קיבוץ דליה, 1",IL,ג'ל כביסה בדין,ליטרים,2.50,ליטר,false,1,35.90,14.36,true,1,
7290116531649,false,פינוק שמפו ניחוח תפוח 700 מל{מהדורה מוגב,יוניליוור ישראל טיפוח אי,IL,שמפו פינוק,מיליליטרים,700.00,"100 מ""ל",false,1,13.90,1.99,true,1,
7290116531656,false,פינוק מרכך ניחוח תפוח 700 מל{מהדורה מוגב,יוניליוור ישראל טיפוח אי,IL,מרכך שיער פינוק,מיליליטרים,700.00,"100 מ""ל",false,1,13.90,1.99,true,1,
7290116531663,false,"תחליב רחצה פינוק בניחוח תפוח 700 מ""ל",יוניליוור ישראל טיפוח אי,IL,תחליב רחצה פינוק,מיליליטרים,700.00,"100 מ""ל",false,1,11.90,1.70,true,1,
7290116531854,false,"תחליב רחצה שייק קיווי פסיפלורה ואשכולית אדומה פינוק 700 מ""ל",יוניליוור ישראל טיפוח אי,IL,פינוק תחליב רחצה,מיליליטרים,700.00,"100 מ""ל",false,1,11.90,1.70,true,1,
7290116531861,false,"תחליב רחצה שייק תפוז בננה ואפרסק 700 מ""ל פינוק",יוניליוור ישראל טיפוח אי,IL,פינוק תחליב רחצה,מיליליטרים,700.00,"100 מ""ל",false,1,11.90,1.70,true,1,
7290116532011,false,קליק חטיף שוקולד נוגט וחלב 35 גרם,תות תעשיות מזון (2014) ב,IL,חטיף קליק נוגט,גרמים,35.00,100 גרם,false,1,5.90,16.86,true,1,
7290116532387,false,"אל סבון ידיים נוזלי חמאת שיאה 950 מ""ל פינוק",יוניליוור ישראל טיפוח אי,TR,פינוק סבון ידיים,מיליליטרים,950.00,"100 מ""ל",false,1,14.90,1.57,true,1,
7290116532394,false,"אל סבון ידיים נוזלי חמאת קקאו 950 מ""ל פינוק",יוניליוור ישראל טיפוח אי,TR,פינוק סבון ידיים,מיליליטרים,950.00,"100 מ""ל",false,1,14.90,1.57,true,1,
7290116532622,false,"מרכך לשיער בתוספת תמצית גוג'י ברי פינוק 700 מ""ל.",יוניליוור ישראלn\טיפוח א,IL,מרכך עם גוגי ברי,מיליליטרים,700.00,"100 מ""ל",false,1,13.90,1.99,true,1,
7290116533094,false,"פינוק שמפו שיער בניחוח ורדים לבנים 700 מ""ל",יוניליוור ישראל טיפוח אי,IL,שמפו פינוק ורדים,מיליליטרים,700.00,"100 מ""ל",false,1,13.90,1.99,true,1,
7290116533117,false,"פינוק - תחליב רחצה בניחוח ורדים לבנים 700 מ""ל",יוניליוור ישראל טיפוח אי,IL,תחליב רחצה פינוק,מיליליטרים,700.00,"100 מ""ל",false,1,11.90,1.70,true,1,
7290116911755,false,מסכת ילדים חד פעמי קיטי,,IL,מסכת ילדים חד פע,יחידה,1.00,יחידה,false,1,7.90,7.90,true,1,
7290116911809,false,מסכה לפנים לילדים חד פעמית ממותגת 10 יח' כדורסל כתום,,IL,מסכת ילדים חד פע,יחידה,1.00,יחידה,false,1,7.90,7.90,true,1,
7290116930015,false,חטיף חלבון GO קרמל ח.בוטנים קריספי 20 גרם חלבון,"בלמונט קונפקציות בע""\מ.",US,חטיף חלבון GO,גרמים,60.00,100 גרם,false,1,13.90,23.17,true,1,
7290116930022,false,חטיף חלבון GO קרם עוגיות ציפוי קריספי 20 גרם,"בלמונט קונפקציות בע""\מ.",US,חטיף חלבון GO,גרמים,60.00,100 גרם,false,1,13.90,23.17,true,1,
7290117380864,false,סלים דליס פייבר עוגות בראוניס אישיות בטעם שוקולד 120 גרם,הלמה הלום,NL,חטיפי דגנים,גרמים,120.00,100 גרם,false,1,15.90,13.25,true,1,
7290117382332,false,סלים דליס - חטיף חלבון מצופה שוקולד בטעם עוגיות 60 גרם,"י. מרבה ישראל בע""\מ",IT,סלים דליס חטיף,גרמים,60.00,100 גרם,false,1,12.90,21.50,true,1,
7290117821367,false,ביצת הפתעה פלסטיק עם סוכריות קשות 10 גרם טרקטור,PAZARLAMA GIDA GLOBAL,TR,ביצת הפתעה סוכ.,גרמים,10.00,100 גרם,false,1,5.90,59.00,true,1,
7290117821374,false,ביצת הפתעה פלסטיק עם סוכריות קשות 10 גרם פוני,PAZARLAMA GIDA GLOBAL,TR,ביצת הפתעה סוכ.פ,גרמים,10.00,100 גרם,false,1,5.90,59.00,true,1,
7290117821398,false,ביצת הפתעה פלסטיק עם סוכריות קשות 10 גרם כבאית,PAZARLAMA GIDA GLOBAL,TR,ביצת הפתעה סוכ.,גרמים,10.00,100 גרם,false,1,5.90,59.00,true,1,
7290117821435,false,ביצת הפתעה פלסטיק עם סוכריות קשות 10 גרם חד קרן,PAZARLAMA GIDA GLOBAL,TR,ביצת הפתעה חד קר,גרמים,10.00,100 גרם,false,1,5.90,59.00,true,1,
7290117823798,false,בדיקה עצמית מהירה לזיהוי אנטיגן 5 יח,,CN,בדיקת אנטיגן עצמ,יחידה,1.00,יחידה,false,1,39.90,39.90,true,1,
7290117825785,false,מסכה KN95 לבן 5 יחידות,,CN,מסכה לפנים KN95,יחידה,1.00,יחידה,false,1,10.00,10.00,true,1,
7290117825860,false,ממתק ליקריץ מקלות 35גר-בטעם פירות LOL,שמחה זה אנחנו,TR,ליקריץ מקלות פיר,גרמים,35.00,100 גרם,false,1,2.90,8.29,true,1,
7290117825907,false,ליקריץ מקלות תות 35 גרם,,TR,ליקריץ מקלות תות,גרמים,35.00,100 גרם,false,1,2.90,8.29,true,1,
7290117825914,false,ממתק מקלות קולה 35 גרם,,TR,ממתק מקלות קולה,גרמים,35.00,100 גרם,false,1,2.90,8.29,true,1,
7290117826058,false,ממתק ליקריץ חתוכים ממולאים 250גרם-צבעוני,שמחה זה אנחנו,TR,ליקריץ ממ.צבעוני,גרמים,250.00,100 גרם,false,1,9.90,3.96,true,1,
7290117826065,false,ממתק ליקריץ שטיחים 250גרם-צבעוני בטעמי פ,שמחה זה אנחנו,TR,ליקריץ שטיחים צב,גרמים,250.00,100 גרם,false,1,9.90,3.96,true,1,
7290117860038,false,"הוואי - תחליב רחצה יוגורט בניחוח אוכמניות 700 מ""ל","טרופיקל דגיל בע""\מ",IL,תחליב רחצה הוואי,מיליליטרים,700.00,"100 מ""ל",false,1,11.90,1.70,true,1,
7290117860045,false,שמפו תמציות אלוורה ותה ירוק לשיער רגיל,"טרופיקל גליל בע""מ",IL,שמפו הוואי,מיליליטרים,700.00,"100 מ""ל",false,1,11.90,1.70,true,1,
7290117860090,false,מרכך תמציות אלוורה ותה ירוק לשיער רגיל,"טרופיקל דגיל בע""\מ",IL,מרכך מטפח לשיער,מיליליטרים,700.00,"100 מ""ל",false,1,11.90,1.70,true,1,
7290117860144,false,הוואי שמפו פירות אקזוטיים וקלנדולה 700,"טרופיקל גליל בע""מ",IL,שמפו הוואי,מיליליטרים,700.00,"100 מ""ל",false,1,11.90,1.70,true,1,
7290117860182,false,"הוואי - תחליב רחצה בניחוח מגנוליה ושמן שקדים 700 מ""ל","טרופיקל דגיל בע""\מ",IL,תחליב רחצה הוואי,מיליליטרים,700.00,"100 מ""ל",false,1,11.90,1.70,true,1,
7290117860199,false,שמפו שמן ורד הבר ושמן מקדמיה לשיער יבש,"טרופיקל דגיל בע""\מ",IL,שמפו הוואי,מיליליטרים,700.00,"100 מ""ל",false,1,11.90,1.70,true,1,
7290117860236,false,"הוואי - קרם רחצה בניחוח ויולה ורודה 700 מ""ל","טרופיקל דגיל בע""\מ",IL,קרם רחצה הוואי,מיליליטרים,700.00,"100 מ""ל",false,1,11.90,1.70,true,1,
7290117860243,false,"הוואי - מרכך מעניק לחות לשיער יבש 700 מ""ל","טרופיקל גליל בע""מ",IL,מרכך הוואי,מיליליטרים,700.00,"100 מ""ל",false,1,11.90,1.70,true,1,
7290117860298,false,שמפו קומפלקס קרטין לשיער עדין או חלש,"טרופיקל גליל בע""מ",IL,שמפו הוואי,מיליליטרים,700.00,"100 מ""ל",false,1,11.90,1.70,true,1,
7290117860335,false,"הוואי ג'ל רחצה לגבר בניחוח מעורר 700 מ""ל","טרופיקל דגיל בע""\מ",IL,ג'ל רחצה לגבר,מיליליטרים,700.00,"100 מ""ל",false,1,11.90,1.70,true,1,
7290117860342,false,מרכך קומפלקס קרטין לשיער עדין או חלש,"טרופיקל גליל בע""מ",IL,מרכך הוואי,מיליליטרים,700.00,"100 מ""ל",false,1,11.90,1.70,true,1,
7290117860380,false,"תחליב רחצה יוגורט בניחוח אלוורה 700 מ""ל הוואי","טרופיקל דגיל בע""\מ",IL,תחליב רחצה הוואי,מיליליטרים,700.00,"100 מ""ל",false,1,11.90,1.70,true,1,
7290117860649,false,הוואי שמפו קרטין קיק ללא סולפטים 700 מל,"טרופיקל גליל בע""מ",IL,שמפו הוואי,מיליליטרים,700.00,"100 מ""ל",false,1,11.90,1.70,true,1,
7290117860694,false,הוואי מרכך קרטין קיק ללא סולפטים 700 מל,"טרופיקל גליל בע""מ",IL,מרכך הוואי,מיליליטרים,700.00,"100 מ""ל",false,1,11.90,1.70,true,1,
7290117860748,false,הוואי שמפו תמצית יסמין מעניק נפח 700 מל,"טרופיקל גליל בע""מ",IL,שמפו הוואי,מיליליטרים,700.00,"100 מ""ל",false,1,11.90,1.70,true,1,
7290117860793,false,הוואי מרכך תמצית יסמין מעניק נפח 700 מל,"טרופיקל דגיל בע""\מ",IL,מרכך הוואי,מיליליטרים,700.00,"100 מ""ל",false,1,11.90,1.70,true,1,
7290117860892,false,"הוואי - תחליב רחצה יוגורט בניחוח וניל ודבש 700 מ""ל","טרופיקל דגיל בע""\מ",IL,תחליב רחצה הוואי,מיליליטרים,700.00,"100 מ""ל",false,1,11.90,1.70,true,1,
7290117860946,false,"תחליב רחצה יוגורט בניחוח קוקוס 700 מ""ל הוואי","טרופיקל דגיל בע""\מ",IL,תחליב רחצה הוואי,מיליליטרים,700.00,"100 מ""ל",false,1,11.90,1.70,true,1,
7290117860991,false,"תחליב רחצה יוגורט בניחוח שקדים 700 מ""ל הוואי","טרופיקל דגיל בע""\מ",IL,תחליב רחצה הוואי,מיליליטרים,700.00,"100 מ""ל",false,1,11.90,1.70,true,1,
7296073078838,false,6 כריות יפניות שופרסל,פלסטו פוליש,IL,כריות יפניות,יחידה,1.00,יחידה,false,0,9.30,9.30,true,1,
7296073169550,false,3 מטליות מיקרופייבר שופר,שופרסל,CN,מטליות מיקרופיבר,יחידה,1.00,יחידה,false,0,15.90,15.90,true,1,
7296073198314,false,דייסת דגנים מעורבים 200ג,שופרסל,IL,דייסת דגנים,גרמים,200.00,100 גרם,false,0,9.90,4.95,true,1,
7296073219958,false,חט.דגנים שוקו+מריר23*6ג,back and Snack,AT,חטיף דגנים,גרמים,23.00,100 גרם,false,0,9.90,43.04,true,1,
7296073230656,false,מגבות נייר שופרסל 6 גל.,"שניב תעשיות נייר בע""\מ",IL,מגבות נייר,מטרים,63.00,מטר,false,0,10.90,0.17,true,1,
7296073237556,false,ממחטות אף 100*5 יח',שניב תעשיות נייר,IL,ממחטות אף100*5יח,יחידה,1.00,יחידה,false,1,12.90,12.90,true,1,
7296073237655,false,שוק.מריר 72% קקאו 100 גר,"שוקולד פריי בע""מ",CH,שוקולד מריר 72%,גרמים,100.00,100 גרם,false,1,11.00,11.00,true,1,
7296073241393,false,טלק טיפולי לכף הרגל 200מ,ש.שוורץ,IL,טלק לכפות רגליים,מיליליטרים,200.00,"100 מ""ל",false,1,9.90,4.95,true,1,
7296073254256,false,ערמונים אורגניים גרין100,CO FOODS LIYUAN HEBEI,CN,ערמונים אורגניים,גרמים,100.00,100 גרם,false,1,8.90,8.90,true,1,
7296073261384,false,"אל סבון מעורב 500*3 מ""ל",טאהא קימיה,TR,אל סבון נוזלי3יח,ליטרים,1.50,ליטר,false,1,12.90,8.60,true,1,
7296073277255,false,מארז מגבונים לחים 6 יח,דינמיק,IL,מארז מגבוניםלחים,יחידה,1.00,יחידה,false,1,22.90,22.90,true,1,
7296073286417,false,שק.אשפה חזקות גדולות60יח,אשפלסט,IL,שקיות אשפה 60 יח,יחידה,1.00,יחידה,false,1,19.90,19.90,true,1,
7296073287568,false,משחת החתלה לתינוק 110 גר,BFF,TR,משחת החתלה לתינו,גרמים,110.00,100 גרם,false,1,12.90,11.73,true,1,
7296073291077,false,משטחי החתלה שופרסל 10יח,PAKTEN,TR,משטחי החתלה,יחידה,1.00,יחידה,false,1,16.90,16.90,true,1,
7296073320289,false,אלסבון סילקי ארט 500*3מל,אקסן קוסמטיק,TR,אלסבון שופרסל3יח,ליטרים,1.50,ליטר,false,1,12.90,8.60,true,1,
7296073330431,false,מברשת לאייליינר ומסרק,BE NOW,CN,מברשת לאייליינר,יחידה,1.00,יחידה,false,0,32.90,32.90,true,1,
7296073330745,false,מפדרי משי שחורים לפודרה,BE NOW,CN,2 מפדרי משי שחור,יחידה,1.00,יחידה,false,0,9.90,9.90,true,1,
7296073330752,false,מפדר כפפה בינוני לפודרה,BE NOW,CN,מפדר כפפה בינוני,יחידה,1.00,יחידה,false,0,9.90,9.90,true,1,
7296073330943,false,פינצטה אפורה קצה מכופף,BE NOW,CN,פינצטה מ. אפור,יחידה,1.00,יחידה,false,0,19.90,19.90,true,1,
7296073331056,false,קוצץ קטן,BE NOW,CN,קוצץ קטן,יחידה,1.00,יחידה,false,0,8.90,8.90,true,1,
7296073331063,false,קוצץ גדול,BE NOW,CN,קוצץ גדול,יחידה,1.00,יחידה,false,0,9.90,9.90,true,1,
7296073331124,false,צבת מקצועית לציפורניים,BE NOW,CN,צבת לציפורניים,יחידה,1.00,יחידה,false,0,59.90,59.90,true,1,
7296073331537,false,מברשת שיער סגול ורוד,BE NOW,CN,מברשת שיער סגול,יחידה,1.00,יחידה,false,0,19.90,19.90,true,1,
7296073331612,false,מברשת שיער מטקה שחורה,BE NOW,CN,מברשת מטקה שחורה,יחידה,1.00,יחידה,false,0,29.90,29.90,true,1,
7296073331636,false,מברשת שיער מאורכת שחורה,BE NOW,CN,מברשת מאורך שחור,יחידה,1.00,יחידה,false,0,24.90,24.90,true,1,
7296073331643,false,מברשת שיער לתיק שחורה,BE NOW,CN,מברשת לתיק שחורה,יחידה,1.00,יחידה,false,0,22.90,22.90,true,1,
7296073331650,false,מברשת שיער לפן שחורה,BE NOW,CN,מברשת לפן שחורה,יחידה,1.00,יחידה,false,0,29.90,29.90,true,1,
7296073331667,false,מברשת שיער לילדות,BE NOW,CN,מברשת שיער ילדות,יחידה,1.00,יחידה,false,0,24.90,24.90,true,1,
7296073331711,false,מברשת עץ לפן בינונית,BE NOW,CN,מברשת עץ לפן M,יחידה,1.00,יחידה,false,0,29.90,29.90,true,1,
7296073331766,false,מברשת ש.התרת קשרים ורודה,BE NOW,CN,מברשת קשרים,יחידה,1.00,יחידה,false,0,34.90,34.90,true,1,
7296073331810,false,מברשת שיער ספרים מקצועית,BE NOW,CN,מברשת שיער ספרים,יחידה,1.00,יחידה,false,0,29.90,29.90,true,1,
7296073331841,false,מסרק גדול שחור,BE NOW,CN,מסרק גדול שחור,יחידה,1.00,יחידה,false,0,9.90,9.90,true,1,
7296073331865,false,מסרק כיס שחור,BE NOW,CN,מסרק כיס שחור,יחידה,1.00,יחידה,false,0,8.90,8.90,true,1,
7296073331926,false,קערית לצבע לשיער,BE NOW,CN,קערית לצבע לשיער,יחידה,1.00,יחידה,false,0,9.90,9.90,true,1,
7296073331940,false,גומיות שחורות 12 יח,BE NOW,CN,12 גומיות שחורות,יחידה,1.00,יחידה,false,0,9.90,9.90,true,1,
7296073331964,false,גומיות בלונד,,CN,גומיות בלונד,יחידה,1.00,יחידה,false,0,9.90,9.90,true,1,
7296073331988,false,גומיות שחורות דקות 12 יח,BE NOW,CN,12גומיות שחור דק,יחידה,1.00,יחידה,false,0,9.90,9.90,true,1,
7296073332077,false,גומיות פפיון ופנינה,BE NOW,CN,גומיות פפיון,יחידה,1.00,יחידה,false,0,16.90,16.90,true,1,
7296073332091,false,מארז גומיות שחורות 32 יח,BE NOW,CN,מארז גומיות לשיע,יחידה,1.00,יחידה,false,0,19.90,19.90,true,1,
7296073332114,false,גומיות מגבת שחורות 8 יח,BE NOW,CN,8ג.מגבת שחור,יחידה,1.00,יחידה,false,0,9.90,9.90,true,1,
7296073332138,false,8 גומיות מגבת צר שחור,BE NOW,CN,8ג.מגבת צר שחור,יחידה,1.00,יחידה,false,0,9.90,9.90,true,1,
7296073332152,false,16 גומיות מגבת קטן שחור,BE NOW,CN,16ג.מגבת S שחור,יחידה,1.00,יחידה,false,0,9.90,9.90,true,1,
7296073332176,false,6 גומיות שחור פתוחות,BE NOW,CN,6גומיות ש. פתוח,יחידה,1.00,יחידה,false,0,9.90,9.90,true,1,
7296073332183,false,6 גומיות צבעוני פתוחות,BE NOW,CN,6גומיות צבע פתוח,יחידה,1.00,יחידה,false,0,9.90,9.90,true,1,
7296073332190,false,גומיות דקות לצמות 100 יח,BE NOW,CN,100 גומיות דקות,יחידה,1.00,יחידה,false,0,9.90,9.90,true,1,
7296073332206,false,3 גומיות סקונצים דק שחור,BE NOW,CN,3גומיות סקונצ'ים,יחידה,1.00,יחידה,false,0,9.90,9.90,true,1,
7296073332220,false,2גומיות סקונצים עבה שחור,BE NOW,CN,2גומיות סקונצי'ם,יחידה,1.00,יחידה,false,0,14.90,14.90,true,1,
7296073332237,false,2 סרט ילדות שחור וכוכבים,BE NOW,CN,2סרט ילדות כוכב,יחידה,1.00,יחידה,false,0,14.90,14.90,true,1,
7296073332312,false,סרט סטנדרטי שחור,BE NOW,CN,סרט סטנדרטי שחור,יחידה,1.00,יחידה,false,0,14.90,14.90,true,1,
7296073332367,false,2 זוגות תיקתק לב וכוכב,BE NOW,CN,2 זוגות תיקתק לב,יחידה,1.00,יחידה,false,0,9.90,9.90,true,1,
7296073332473,false,סיכות תיקתק כסוף 6 יח,BE NOW,CN,6סיכות תיקתק כסף,יחידה,1.00,יחידה,false,0,13.50,13.50,true,1,
7296073332480,false,סיכות תיקתק שחור 6 יח,BE NOW,CN,6תיקתק שחור,יחידה,1.00,יחידה,false,0,13.50,13.50,true,1,
7296073332503,false,40 סיכות סבתא בלונדיניות,BE NOW,CN,40סיכות בלונדיני,יחידה,1.00,יחידה,false,0,14.90,14.90,true,1,
7296073332534,false,קליפסים קטנים 8 יח שחור,BE NOW,CN,8קליפסים S שחור,יחידה,1.00,יחידה,false,0,14.90,14.90,true,1,
7296073332558,false,קליפס בינוני 4 יח שחור,BE NOW,CN,4קליפס M שחור,יחידה,1.00,יחידה,false,0,14.90,14.90,true,1,
7296073332565,false,קליפס בינוני 4 יח חום,BE NOW,CN,4קליפס M חום,יחידה,1.00,יחידה,false,0,14.90,14.90,true,1,
7296073332572,false,קליפס בינוני חזק 3 יח,BE NOW,CN,3קליפס M חזק,יחידה,1.00,יחידה,false,0,14.90,14.90,true,1,
7296073332589,false,"קליפס ענק 13 ס""מ",BE NOW,CN,קליפס ענק 13 סמ,יחידה,1.00,יחידה,false,0,14.90,14.90,true,1,
7296073332602,false,קליפס מקור,BE NOW,CN,קליפס מקור,יחידה,1.00,יחידה,false,0,14.90,14.90,true,1,
7296073332619,false,קליפס L גומי מונע החלקה,BE NOW,CN,קליפס ענק גומי,יחידה,1.00,יחידה,false,0,19.90,19.90,true,1,
7296073332695,false,קליפסים לבבות מארז שישיי,BE NOW,CN,קליפסים לבבות,יחידה,1.00,יחידה,false,0,14.90,14.90,true,1,
7296073332817,false,כפפת רחצה,BE NOW,CN,כפפת רחצה,יחידה,1.00,יחידה,false,0,14.90,14.90,true,1,
7296073332893,false,ספוג רשת שלישייה,BE NOW,CN,ספוג רשת שלישיה,יחידה,1.00,יחידה,false,0,9.90,9.90,true,1,
7296073332954,false,כפפת רחצה מסיבי טופו,BE NOW,CN,כפפת רחצה טופו,יחידה,1.00,יחידה,false,0,29.90,29.90,true,1,
7296073332961,false,ספוג רחצה טבעי תה ירוק,BE NOW,CN,ספוג רחצה תה,יחידה,1.00,יחידה,false,0,29.90,29.90,true,1,
7296073332985,false,ספוג רחצה לבנדר NOW,BE NOW,CN,ספוג רחצה לבנדר,יחידה,1.00,יחידה,false,0,29.90,29.90,true,1,
7296073332992,false,כובע אמבט ניילון,BE NOW,CN,כובע אמבט ניילון,יחידה,1.00,יחידה,false,0,9.90,9.90,true,1,
7296073333005,false,כובע אמבט כפול,BE NOW,CN,כובע אמבטיה כפול,יחידה,1.00,יחידה,false,0,16.90,16.90,true,1,
7296073333562,false,תיק איפור נשיקה,BE NOW,CN,תיק איפור נשיקה,יחידה,1.00,יחידה,false,0,34.90,34.90,true,1,
7296073333661,false,מברשת שיער אובל סגולה L,BE NOW,CN,מברשת אובל Lסגול,יחידה,1.00,יחידה,false,0,24.90,24.90,true,1,
7296073333784,false,מברשת להנחת סומק קצרה,BE NOW,CN,מברשת לסומק קצרה,יחידה,1.00,יחידה,false,0,37.90,37.90,true,1,
7296073334347,false,"אציטון בי 115 מ""ל",,TR,אציטון BE,מיליליטרים,115.00,"100 מ""ל",false,1,4.90,4.26,true,1,
7296073343264,false,פדים להסרת איפור-שלישיה,BE NOW,IL,פדים להסרת איפור,יחידה,1.00,יחידה,false,1,19.90,19.90,true,1,
7296073343271,false,פדים להסרת איפור יחידה,BE NOW,IL,פדים להסרת איפור,יחידה,1.00,יחידה,false,1,9.90,9.90,true,1,
7296073343295,false,קסמי אזניים פלסטיק 300 י,BE NOW,IL,קסמי אזניים פלסט,יחידה,1.00,יחידה,false,1,10.90,10.90,true,1,
7296073343462,false,"קרם חמצן 6% 60 מ""ל",,IL,קרם חמצן 6%,מיליליטרים,60.00,"100 מ""ל",false,1,4.90,8.17,true,1,
7296073343479,false,"קרם חמצן 9% 60 מ""ל",,IL,קרם חמצן 9%,מיליליטרים,60.00,"100 מ""ל",false,1,4.90,8.17,true,1,
7296073343486,false,אבקת הבהרה לשיער 10 גרם,,IL,אבקת הבהרה לשיער,גרמים,10.00,100 גרם,false,1,7.90,79.00,true,1,
7296073343493,false,כדורי צמר גפן 100 יח',BE NOW,IL,כדורי צמר גפן,יחידה,1.00,יחידה,false,1,9.90,9.90,true,1,
7296073343592,false,Be אל סבון לידיים מארז,BE NOW,IL,אל סבון לידיים פ,מיליליטרים,1500.00,"100 מ""ל",false,1,12.90,0.86,true,1,
7296073343608,false,אל סבון לבנדר 1 ליטר BE,,IL,אל סבון לבנדר,ליטרים,1.00,ליטר,false,1,10.90,10.90,true,1,
7296073343615,false,אל סבון קמומיל 1 ליטר BE,,IL,אל סבון קמומילBE,ליטרים,1.00,ליטר,false,1,10.90,10.90,true,1,
7296073343653,false,"מסיר לק קלאסי 175 מ""ל BE",,TR,מסיר לק קלאסי,מיליליטרים,175.00,"100 מ""ל",false,1,10.90,6.23,true,1,
7296073345299,false,משחת שיניים מלבינה 100מל,,BG,משחת שיניים,מיליליטרים,100.00,"100 מ""ל",false,1,7.90,7.90,true,1,
7296073345305,false,משחת שיניים פרופ+הרבל100,,BG,משחת שיניים הרבל,מיליליטרים,100.00,"100 מ""ל",false,1,7.90,7.90,true,1,
7296073345466,false,32 קיסמי פלסטיק מברשת,,CN,קיסמי פלסטיק,יחידה,1.00,יחידה,false,1,10.90,10.90,true,1,
7296073345473,false,חוט דנטלי שעווה 50 מטר,,CN,חוט דנטלי שעווה,מטרים,50.00,מטר,false,1,10.90,0.22,true,1,
7296073345480,false,חוט דנטלי שעווה מנטה 50מ,,CN,חוט דנטלי מנטה,מטרים,50.00,מטר,false,1,10.90,0.22,true,1,
7296073348092,false,מברשת שיניים חשמלית ורוד,,CN,מברשת שינ.חשמלית,יחידה,1.00,יחידה,false,1,29.90,29.90,true,1,
7296073362821,false,סב.ידיים בצבעי פסטל500*3,טאהא קימיה,TR,סבון ידיים 3 יח,ליטרים,1.50,ליטר,false,1,14.90,9.93,true,1,
7296073363194,false,Be מסכה לשיער יבש500מל,א.משי תעשיות,IL,מסכה לשיער יבשBE,מיליליטרים,500.00,"100 מ""ל",false,1,29.90,5.98,true,1,
7296073363200,false,Be מסכה לשיער מוחלק 500מ,א.משי תעשיות,IL,מסכה לשיער יבשBE,מיליליטרים,500.00,"100 מ""ל",false,1,29.90,5.98,true,1,
7296073363217,false,Beשמפו לשיער מוחלק 500מל,,IL,שמפו לשיער יבשBE,מיליליטרים,500.00,"100 מ""ל",false,1,19.90,3.98,true,1,
7296073363224,false,שמפו לשיער יבש BE 500,א.משי תעשיות,IL,שמפו לשיער יבשBE,מיליליטרים,500.00,"100 מ""ל",false,1,19.90,3.98,true,1,
7296073363231,false,שמפו לשיער רגילBE 500,א.משי תעשיות,IL,שמפו לשיער רגיBE,מיליליטרים,500.00,"100 מ""ל",false,1,19.90,3.98,true,1,
7296073363248,false,מרכך לשיער רגילBE 500,א.משי תעשיות,IL,מרכך לשיער רגיBE,מיליליטרים,500.00,"100 מ""ל",false,1,19.90,3.98,true,1,
7296073363262,false,"מרכך לשיער מוחלק 500 מ""ל",א.משי תעשיות,IL,מרכך לשיער יבש,מיליליטרים,500.00,"100 מ""ל",false,1,19.90,3.98,true,1,
7296073363859,false,מגבונים להסרת איפור 25יח,טרופיקל דגיל,IL,מגבונים להסרת אי,יחידה,1.00,יחידה,false,1,8.90,8.90,true,1,
7296073363958,false,Be כפפות לטקס 100יח M,,IL,Be כפפות לטקס M,יחידה,1.00,יחידה,false,1,39.90,39.90,true,1,
7296073363965,false,Be כפפות לטקס 100 יח L,,IL,Be כפפות לטקס L,יחידה,1.00,יחידה,false,1,39.90,39.90,true,1,
7296073363989,false,"סכיני גילוח חד""פ לאשה5יח",,US,"סכיני גילוח חד""פ",יחידה,1.00,יחידה,false,1,9.90,9.90,true,1,
7296073363996,false,"סכיני גילוח חד""פ לגבר5יח",,US,"סכיני גילוח חד""פ",יחידה,1.00,יחידה,false,1,9.90,9.90,true,1,
7296073364184,false,"שקיות סלייד 25*20 ס""מ 30",,CN,שקיות סלייד,יחידה,1.00,יחידה,false,1,13.90,13.90,true,1,
7296073364719,false,משחת שיניים לילדים גיל 6,MENUFACLURER,BG,משחת שיניים לילד,מיליליטרים,50.00,"100 מ""ל",false,1,7.90,15.80,true,1,
7296073372059,false,קפסולות אתיופיה לנספר50ג,DELICA,CH,קפסולות אתיופיה,גרמים,50.00,100 גרם,false,1,15.90,31.80,true,1,
7296073372066,false,קפסולות גוואטמלה לנספר50,DELICA,CH,קפסולות גוואטמלה,גרמים,50.00,100 גרם,false,1,15.90,31.80,true,1,
7296073372080,false,קפסולות מס LUNGO 6,DELICA,CH,קפסולות לונגו,גרמים,50.00,100 גרם,false,1,15.90,31.80,true,1,
7296073372097,false,קפסולות קולומביה 50 גרם,DELICA,CH,קפסולות קולומביה,גרמים,50.00,100 גרם,false,1,15.90,31.80,true,1,
7296073380405,false,קליפסים בינונים שקופים 4,BE NOW,CN,קליפסים בינונים,יחידה,1.00,יחידה,false,1,14.90,14.90,true,1,
7296073380412,false,גומיות שחורות 3 סוגים 12,BE NOW,CN,גומיות שחורות,יחידה,1.00,יחידה,false,1,19.90,19.90,true,1,
7296073380665,false,מברשת התרת קשרים שחורה,BE NOW,CN,מברשת התרת קשרים,יחידה,1.00,יחידה,false,1,34.90,34.90,true,1,
7296073380825,false,Be ג'ל רחצה מקדמיה 700מ,קוסמטיקס,TR,Be ג'ל רחצה,מיליליטרים,700.00,"100 מ""ל",false,1,13.90,1.99,true,1,
7296073380832,false,Be ג'ל רחצה אורכידאה 700,קוסמטיקס,TR,Be ג'ל רחצה,מיליליטרים,700.00,"100 מ""ל",false,1,13.90,1.99,true,1,
7296073380887,false,דאו לגבר Boy Beach 150,סאסא קוסמטיקס,IL,דאו לגבר,יחידה,1.00,יחידה,false,0,8.90,8.90,true,1,
7296073380894,false,דאו לגבר Vib Morning 150,סאסא קוסמטיקס,IL,דאו לגבר,יחידה,1.00,יחידה,false,0,8.90,8.90,true,1,
7296073380900,false,רצועות שעווה לע.עדין 16י,VIOCOX,ES,רצועות שעווה,יחידה,1.00,יחידה,false,1,21.90,21.90,true,1,
7296073380924,false,רצועות שעווה לעור יבש 16,VIOCOX,ES,רצועות שעווה,יחידה,1.00,יחידה,false,1,21.90,21.90,true,1,
7296073380948,false,ג'ל אלכוהול 70%בניחוח ים,,TR,ג'ל אלכוהול 70%ב,מיליליטרים,200.00,"100 מ""ל",false,1,7.90,3.95,true,1,
7296073381167,false,קליפסים חזקים במיוחד זוג,BE NOW,CN,קליפסים חזקים,יחידה,1.00,יחידה,false,1,13.90,13.90,true,1,
7296073381174,false,מברשת ספרים עם שיער .,BE NOW,CN,מברשת ספרים,יחידה,1.00,יחידה,false,1,34.90,34.90,true,1,
7296073381181,false,קליפסים גודל בינוני זוג,BE NOW,CN,קליפסים גודל בינ,יחידה,1.00,יחידה,false,1,12.90,12.90,true,1,
7296073381235,false,תחליב רחצה Vanilla 700מ,שופרסל,TR,תחליב רחצה,מיליליטרים,700.00,"100 מ""ל",false,1,12.90,1.84,true,1,
7296073381242,false,"תחליב רחצה Cotton700מ""",שופרסל,TR,תחליב רחצה,מיליליטרים,700.00,"100 מ""ל",false,1,12.90,1.84,true,1,
7296073381402,false,פצצה גדולה שני צבעים 280,,IL,פצצה גדולה שני צ,גרמים,280.00,100 גרם,false,1,19.90,7.11,true,1,
7296073381464,false,פצצה קטנה 110 גרם,,IL,פצצה קטנה,גרמים,110.00,100 גרם,false,1,12.90,11.73,true,1,
7296073381501,false,קליפס בינוני חזק חום 3יח,BE NOW,CN,קליפס בינוני,יחידה,1.00,יחידה,false,1,14.90,14.90,true,1,
7296073390015,false,פרכיות ציפוי שוק.קוקוס60,NETHERLANDS SANORICE,NL,פריכיות קטנות,גרמים,60.00,100 גרם,false,1,8.90,14.83,true,1,
7296073392934,false,נייר טואלט גליל כפול24יח,,IL,נייר טואלט 24 גל,מטרים,860.00,100 מטר,false,1,39.90,4.64,true,1,
7296073408932,false,מגבונים לחיטוי+ניקוי20יח,,IL,מגבונים לחיטוי20,יחידה,1.00,יחידה,false,1,12.90,12.90,true,1,
7296073411215,false,מרכך כביסה פרחי בר 1ל,,IL,מרכך כביסה מרוכז,ליטרים,1.00,ליטר,false,1,14.90,14.90,true,1,
7296073411239,false,מרכך כביסה מרוכז מאסק1ל,,IL,מרכך כביסה מרוכז,ליטרים,1.00,ליטר,false,1,14.90,14.90,true,1,
7296073411246,false,מרכך מרוכז יסמין/לילך1ל,,IL,מרכך כביסה מרוכז,ליטרים,1.00,ליטר,false,1,14.90,14.90,true,1,
7296073415114,false,מגני תחתון נורמל 60 יח,קוראטקס,DE,מגני תחתון B,יחידה,1.00,יחידה,false,1,9.90,9.90,true,1,
7296073440109,false,קפסולות לכביסה 36 יחידות,גליל כימיקלים בעמ,IL,קפסולות לכביסה,יחידה,1.00,יחידה,false,1,34.90,34.90,true,1,
7296073445401,false,"תרחיץ פנים גרגירי150 מ""ל",קוסמטיקס,TR,תרחיץ פנים מיסלר,מיליליטרים,150.00,"100 מ""ל",false,1,9.90,6.60,true,1,
7296073445524,false,סבון ידיים Northern מ500,טאהא קימיה,TR,סבון ידיים+משאבה,יחידה,1.00,יחידה,false,0,8.90,8.90,true,1,
7296073445548,false,"מכשיר גילוח ר""פ לנשים2+",EDGEWELL,US,מ.גילוח לנשים,יחידה,1.00,יחידה,false,1,29.90,29.90,true,1,
7296073445692,false,"מחית תפו""ע בננה שופרסל90",DELAFRUIT,ES,"מחית תפו""ע ובננה",גרמים,90.00,100 גרם,false,1,4.90,5.44,true,1,
7296073447917,false,מגבונים לחיטוי וניקוי400,סאסאטק,IL,מגבונים לחיטוי,יחידה,1.00,יחידה,false,1,31.90,31.90,true,1,
7296073448488,false,"Be שמפו לילדים 700 מ""ל",BFF,TR,Be שמפו לילדים,מיליליטרים,700.00,"100 מ""ל",false,1,14.90,2.13,true,1,
7296073451266,false,דאו.ספריי פרש פאוו150מל,סאסא קוסמטיקס,IL,דאו.ספריי אישה,מיליליטרים,150.00,"100 מ""ל",false,1,10.90,7.26,true,1,
7296073451273,false,דאו.ספריי פרש שאוור150מ,סאסא קוסמטיקס,IL,דאו.ספריי אישה,מיליליטרים,150.00,"100 מ""ל",false,1,10.90,7.26,true,1,
7296073451303,false,"fresh showerדאו.רול50מ""ל",סאסא קוסמטיקס,IL,דאו.רול און אישה,מיליליטרים,50.00,"100 מ""ל",false,1,9.90,19.80,true,1,
7296073485056,false,מפיץ ריח chill ונילה מאס,דרימי,IL,מפיץ ריח chill ו,יחידה,1.00,יחידה,false,1,59.90,59.90,true,1,
7296073485070,false,מפיץ ריח chill ונילה מאס,דרימי,IL,מפיץ ריח chill ו,מיליליטרים,500.00,"100 מ""ל",false,1,79.90,15.98,true,1,
7296073496564,false,ספוג רחצה 50 גרם,,CN,ספוג רחצה,גרמים,50.00,100 גרם,false,1,14.90,29.80,true,1,
7296073515050,false,"משחת שיניים קוקוס 75 מ""ל",MENUFACLURER,BG,משחת שיניים,מיליליטרים,75.00,"100 מ""ל",false,1,14.90,19.86,true,1,
7296073526957,false,פרל מסכה לשיער מוחלק500מ,א.משי תעשיות,IL,פרל מסכה לשיער,מיליליטרים,500.00,"100 מ""ל",false,1,29.90,5.98,true,1,
7296073527077,false,גומיות חומות לשיער .,BE NOW,CN,גומיות חומות לשי,יחידה,1.00,יחידה,false,1,7.90,7.90,true,1,
7296073527084,false,סיכות בארט שחור/חום זוג,BE NOW,CN,סיכות בארט שחור/,יחידה,1.00,יחידה,false,1,19.90,19.90,true,1,
7296073527121,false,גומיות סקונץ צבעוניות תכ,BE NOW,CN,גומיות סקונץ צבע,יחידה,1.00,יחידה,false,1,12.90,12.90,true,1,
7296073530145,false,ערכת לידה,,IL,ערכת לידה,יחידה,1.00,יחידה,false,1,100.00,100.00,true,1,
7296073530992,false,מוס לניקוי פנים אפקט150מ,,IL,מוס לניקוי פנים,מיליליטרים,150.00,"100 מ""ל",false,1,39.90,26.60,true,1,
7296073531012,false,סרום שמנים 30 אפקט הגלאם,,IL,סרום שמנים 30 אפ,מיליליטרים,30.00,"100 מ""ל",false,1,69.90,233.00,true,1,
7296073531289,false,פדים להסרת איפור אובלי40,LTD CO S.T.O,TR,פדים להסרת איפור,יחידה,1.00,יחידה,false,1,7.90,7.90,true,1,
7296073552758,false,סבון נוזלי מעוצב שחור500,טאהא קימיה,TR,סבון נוזלי,מיליליטרים,500.00,"100 מ""ל",false,1,11.90,2.38,true,1,
7296073564690,false,BE אל סבון לבנדר 1 ליטר,טאהא קימיה,TR,BE אל סבון,ליטרים,1.00,ליטר,false,1,11.90,11.90,true,1,
7296073564706,false,BE אל סבון ורדים 1 ליטר,טאהא קימיה,TR,BE אל סבון,ליטרים,1.00,ליטר,false,1,11.90,11.90,true,1,
7296089001691,false,בדיקת טיל Covid19 home test מארז בודד,פארמה דיל,CN,בדיקה קורונה טיל,יחידה,1.00,יחידה,false,1,10.00,10.00,true,1,
7296089001721,false,בדיקת קורונה בודדתECOTES,פארמה דיל,CN,בדיקת קורונה בוד,יחידה,1.00,יחידה,false,1,14.90,14.90,true,1,
7296089001745,false,בדיקת קורונה טיל 5יח,פארמה דיל,CN,בדיקה ללא מטוש,יחידה,1.00,יחידה,false,1,29.90,29.90,true,1,
7296168009655,false,מוצץ גומי צבעוני 0-6,מלאזיה מקס,MY,מוצץ גומי צבעוני,יחידה,1.00,יחידה,false,0,22.90,22.90,true,1,
7296168089077,false,אצבעון לצחצוח שניים יח',סוויטי,CN,אצבעון לצחצוח שנ,יחידה,1.00,יחידה,false,1,11.90,11.90,true,1,
7296168089183,false,מספריים לתינוק סוויט,סוויטי,IL,מספריים לתינוק,יחידה,1.00,יחידה,false,0,19.90,19.90,true,1,
7296168120558,false,רצועת מסאג' איכותית,איתן כללי,JP,רצועת מסאג' איכו,יחידה,1.00,יחידה,false,0,32.90,32.90,true,1,
7296168810046,false,מוצץ גומי צבעוני אדום,מלאזיה מקס,MY,מוצץ גומי צבעוני,יחידה,1.00,יחידה,false,1,22.90,22.90,true,1,
7296169000613,false,פינצטה שחורה אלכסון רחבה קייזר,מג'יק,IL,פינצטה שחורה אלכ,יחידה,1.00,יחידה,false,0,24.90,24.90,true,1,
7296169000644,false,פינצטה קצה מוזהב אלכסון רחב קייזר,מג'יק,IL,פינצטה קייזר קצה,יחידה,1.00,יחידה,false,0,24.90,24.90,true,1,
7296169000743,false,"מספריים אל-חלד ""קומבי"" מ",,CN,"מספריים אל-חלד """,יחידה,1.00,יחידה,false,1,80.00,80.00,true,1,
7296169500106,false,קוצץ ציפורניים גדול אל-חלד קייזר,מג'יק,IL,קוצץ ציפורניים ב,יחידה,1.00,יחידה,false,0,29.90,29.90,true,1,
7296179006261,false,שיק לק עמיד 234 יח,שיק לקים,IL,שיק לק עמיד,יחידה,1.00,יחידה,false,0,13.90,13.90,true,1,
7296179007411,false,שיק.מסיר לק לא אצטון250מ,שיק לקים,IL,שיק.מסיר לק ללא,מיליליטרים,250.00,"100 מ""ל",false,0,16.90,6.76,true,1,
7296179008029,false,שיק לק עמיד 443,שיק לקים,IL,שיק לק עמיד,יחידה,1.00,יחידה,false,0,13.90,13.90,true,1,
7296179008043,false,שיק לק עמיד 485,שיק לקים,IL,שיק לק עמיד,יחידה,1.00,יחידה,false,0,13.90,13.90,true,1,
7296179008333,false,שיק לק עמיד 506 יח,שיק לקים,IL,שיק לק עמיד,יחידה,1.00,יחידה,false,0,13.90,13.90,true,1,
7296179010046,false,שיק לק עמיד 005,שיק לקים,IL,שיק לק עמיד,יחידה,1.00,יחידה,false,0,13.90,13.90,true,1,
7296179010305,false,שיק לק עמיד 031,שיק לקים,IL,שיק לק עמיד,יחידה,1.00,יחידה,false,0,13.90,13.90,true,1,
7296179010701,false,שיק לק עמיד 071,שיק לקים,IL,שיק לק עמיד,יחידה,1.00,יחידה,false,0,13.90,13.90,true,1,
7296179011180,false,שיק לק עמיד 258,שיק לקים,IL,שיק לק עמיד,יחידה,1.00,יחידה,false,0,13.90,13.90,true,1,
7296179011197,false,שיק לק עמיד 262,שיק לקים,IL,שיק לק עמיד,יחידה,1.00,יחידה,false,0,13.90,13.90,true,1,
7296179011272,false,שיק לק עמיד 230,שיק לקים,IL,שיק לק עמיד,יחידה,1.00,יחידה,false,0,13.90,13.90,true,1,
7296179011333,false,שיק לק עמיד 102,שיק לקים,IL,שיק לק עמיד,יחידה,1.00,יחידה,false,0,13.90,13.90,true,1,
7296179011470,false,שיק לק עמיד 116,שיק לקים,IL,שיק לק עמיד,יחידה,1.00,יחידה,false,0,13.90,13.90,true,1,
7296179011548,false,שיק לק עמיד 204,שיק לקים,IL,שיק לק עמיד,יחידה,1.00,יחידה,false,0,13.90,13.90,true,1,
7296179011579,false,שיק לק עמיד 226,שיק לקים,IL,שיק לק עמיד,יחידה,1.00,יחידה,false,0,13.90,13.90,true,1,
7296179011685,false,שיק לק עמיד 245,שיק לקים,IL,שיק לק עמיד,יחידה,1.00,יחידה,false,0,13.90,13.90,true,1,
7296179011999,false,מחזק ציפורניים אורנג 17,,IL,מחזק ציפורניים א,מיליליטרים,17.00,"100 מ""ל",false,1,32.90,193.53,true,1,
7296179014174,false,ג'ל אלוורה אחר שיזוף200מ,חלאבין,IL,ג'ל אלוורה לאחר,מיליליטרים,200.00,"100 מ""ל",false,1,19.90,9.95,true,1,
7296179014778,false,לק 115,שיק לקים,IL,לק 115,יחידה,1.00,יחידה,false,0,13.90,13.90,true,1,
7296179021035,false,לק 449,שיק לקים,IL,לק 449,יחידה,1.00,יחידה,false,0,13.90,13.90,true,1,
7296179021042,false,לק עמיד 111,שיק לקים,IL,שיק.לק 111,יחידה,1.00,יחידה,false,0,13.90,13.90,true,1,
7296179021288,false,לק 804,שיק לקים,IL,לק 804,יחידה,1.00,יחידה,false,0,13.90,13.90,true,1,
7296179024586,false,"מסיר לק לילך י100 מ""ל",,IL,מסיר לק לילך,מיליליטרים,100.00,"100 מ""ל",false,1,7.90,7.90,true,1,
7296179026337,false,מידנייט ווילד סט סלסלה חבצלת השרון,תעשיות שיק,IL,סלסלה חבצלת השרו,יחידה,1.00,יחידה,false,1,79.90,79.90,true,1,
7298074501933,false,בליסטקס משחה טיפולית לשפתיים בטעם דובדבן,מדיליין פריגו,US,משחה לשפתיים דוב,יחידה,1.00,יחידה,false,1,29.90,29.90,true,1,
7298074502268,false,בליסטקס ליפ אינפיוזן כחול HYDRATION,מדיליין פריגו,US,בליסטקס אינפיוזן,יחידה,1.00,יחידה,false,1,14.90,14.90,true,1,
7298074502374,false,בליסטקס ליפ אינפיוזן כתום,מדיליין פריגו,US,בליסטקס אינפיוזן,יחידה,1.00,יחידה,false,1,14.90,14.90,true,1,
7501013101348,false,"ג'ומקס מנגו בקבוק 473 מ""ל תריסר",חומקס קומר קומרסאליזדורה,MX,משקה ג'ומקס מנגו,מיליליטרים,473.00,"100 מ""ל",false,1,8.90,1.88,true,1,
7501013101362,false,"נקטר בטעם קוקוס ואננס 500 מ""ל JUMEX",חומקס קומר קומרסאליזדורה,MX,משקה קוקוס אננס,מיליליטרים,473.00,"100 מ""ל",false,1,8.90,1.88,true,1,
7509546061160,false,"משחת שיניים לילדים מיניונים 2-5 75 מ""ל קולגייט",קולגייט פלמוליב,PL,קולגייט מינייוני,מיליליטרים,75.00,"100 מ""ל",false,1,16.90,22.53,true,1,
7509546061665,false,דאודורנט סטיק ג'ל לגבר 24/7 אקסטרים אינטנס,קולגייט פלמוליב,US,ספיד סטיק ג'ל,גרמים,85.00,100 גרם,false,1,17.90,21.06,true,1,
7509546061672,false,דאודורנט סטיק אקסטרים אינטנס,קולגייט פלמוליב,US,דאו.ספיד סטיק,גרמים,50.00,100 גרם,false,1,17.90,35.80,true,1,
7509546666846,false,"קולגייט טוטאל משחת שיניים פחם 75 מ""ל",קולגייט פלמוליב,MX,טוטאל פחם,מיליליטרים,75.00,"100 מ""ל",false,1,21.90,29.20,true,1,
7613036880534,false,גרבר מחית ירקות מעורבים מטרנה 190 גר',נסטלה פולסקה אס.איי,PL,מחית מרק ירקות,גרמים,190.00,100 גרם,false,1,6.90,3.63,true,1,
7613037012200,false,גרבר מחית תפוח גזר ומנגו 90 גרם פאוץ,"מפעל סברס, נסטלה ספרד ס.",PL,גרבר תפוח פאוץ',גרמים,90.00,100 גרם,false,1,5.90,6.56,true,1,
7613039547731,false,גרבר מחית תפוח עץ ומשמש 90 גרם פאוץ,"מפעל סברס, נסטלה ספרד ס.",ES,פאוץ גרבר תפוח מ,גרמים,90.00,100 גרם,false,1,5.90,6.56,true,1,
7613039881521,false,גרבר מחית מרק מנגו 190 גרם,נסטלה פולסקה אס.איי,PL,גרבר מנגו,גרמים,190.00,100 גרם,false,1,6.90,3.63,false,1,
7613039881965,false,גרבר מחית גזר תפוח ומנגו 190 גרם,נסטלה פולסקה אס.איי,PL,גרבר גזר תפוח,גרמים,190.00,100 גרם,false,1,6.90,3.63,false,1,
7613287155863,false,מטרנה מחית אגס פאוץ' 90 גר',"מפעל סברס, נסטלה ספרד ס.",ES,גרבר אגס פאוץ,גרמים,90.00,100 גרם,false,1,5.90,6.56,true,1,
7614500035788,false,טובלרון שוקולד חלב 200 גרם,מונדלייז,CH,טובלרון חלב,גרמים,200.00,100 גרם,false,0,19.90,9.95,true,1,
7616500642577,false,שוקולד חלב עם אגוזים300ג,צוקולאט פריי אייץגיץ,CH,שוקולד אגוזים,גרמים,300.00,100 גרם,false,0,11.90,3.97,true,1,
7622010001858,false,עוגיות אוראו ממולאות קרם וניל 176 גרם.,פי אר ג'\יי אס אי מנדלז,UA,עוגיות אוראו,גרמים,176.00,100 גרם,false,1,9.90,5.63,true,1,
7622201801809,false,מילקה שוקולד חלב עם אגוזים 100 גרם חדש,מנדלז דויצ'\לנד סנקס פרו,DE,שוקולד מילקה,גרמים,100.00,100 גרם,false,1,8.90,8.90,true,1,
7622210137234,false,עוגיות אוראו עם דאבל קרים וניל 170 גר,מונדלייז,ES,עוגיות אוראו,גרמים,170.00,100 גרם,false,1,9.90,5.82,true,1,
7622300200237,false,שוקולד מילקה שוקולד חלב 250 גרם,מונדליז אוסטרייך פרו,AT,שוקולד חלב מילקה,גרמים,250.00,100 גרם,false,0,16.90,6.76,true,1,
7622300617820,false,מילקה שוקולד חלב במילוי קרם חלב ווניל ושבבי עוגיות אוראו 100 גרם,מנדלז דויצ'\לנד סנקס פרו,DE,שוקולד מילקה,גרמים,100.00,100 גרם,false,0,8.90,8.90,true,1,
7638900426663,false,סוללת אדוונס פורמולה,אנרג'ייזר,CN,סוללות ADVANCED,יחידה,1.00,יחידה,false,1,30.00,30.00,true,1,
7702018069316,false,סימפלי ונוס 2 סכין גילוח 2+4 חינם חד פעמ,פרוקטר אנד גמבל,PL,סכין גילוח ונוס2,יחידה,1.00,יחידה,false,0,17.90,17.90,true,1,
7702018271788,false,"דאודורנט קליר ג'ילט בניחוח ספורט 70 מ""ל",פרוקטר אנד גמבל,PL,דאודורנט קליר,מיליליטרים,70.00,"100 מ""ל",false,0,16.90,24.14,true,1,
7702018334919,false,ג'ילט מכשיר2+ סכינים וונ,פרוקטר & גמבל,US,ג'ילט מכשיר2+ סכ,יחידה,1.00,יחידה,false,1,44.90,44.90,true,1,
7702018349869,false,גילט מארז 16 סכיני פיוזן ידני,פרוקטר & גמבל,DE,סכיני גילוח,יחידה,1.00,יחידה,false,1,179.00,179.00,true,1,
7702018459445,false,גילט פיוזן פאואר סכיני גילוח 12 יחידות,פרוקטר & גמבל,DE,סכיני גילוח פיוז,יחידה,1.00,יחידה,false,1,199.00,199.00,true,1,
7702018466917,false,ג'ילט סכין בלו 2 פלוס 10,ג'\ילט,US,ג'ילט סכין בלו 2,יחידה,1.00,יחידה,false,1,29.90,29.90,true,1,
7702018468447,false,גילט בלו 2 פלוס סכינים חד פעמיים עשירייה,פרוקטר אנד גמבל,PL,סכיני גילוח,יחידה,1.00,יחידה,false,1,29.90,29.90,true,1,
7702018469826,false,ג'ילט מכשיר 3* סכין וונו,ג'\ילט פרוקטר אנד גמבל,DE,ג'ילט מכשיר 3* ס,יחידה,1.00,יחידה,false,1,49.90,49.90,true,1,
7702018470884,false,גילט מארז פיוזן 16 סכיני גילוח,"פרוקטר אנד גמבל, גרמניה",PL,סכיני גילוח,יחידה,1.00,יחידה,false,1,179.00,179.00,true,1,
7702018471096,false,סכיני גילוח חד פעמי 4 יח VENUS SIMPLY3,פרוקטר & גמבל,US,ונוס סימפלי 4 סכ,יחידה,1.00,יחידה,false,1,19.90,19.90,true,1,
7702018482740,false,סכיני גילוח ג'ילט ונוס סימפלי 5 יחידות,ג'\ילט,US,ג'ילט ונוס סימפל,יחידה,1.00,יחידה,false,1,11.90,11.90,true,1,
7702018493647,false,גילט גל גילוח סקינגארד לעור רגיש 200 מל,פרוקטר & גמבל,GB,ג'ל גילוח ג'ילט,מיליליטרים,200.00,"100 מ""ל",false,1,25.90,12.95,true,1,
7702018607532,false,גילט מארז פרוגלייד 14 סכינים,"פרוקטר אנד גמבל, גרמניה",DE,סכיני גילוח 14יח,יחידה,1.00,יחידה,false,1,179.00,179.00,true,1,
7702018607556,false,גילט מארז סקינגארד אלוורה 14 סכינים,"פרוקטר אנד גמבל, גרמניה",PL,סכיני גילוח 14יח,יחידה,1.00,יחידה,false,1,239.90,239.90,true,1,
7702018866946,false,מכשיר גילוח פיוז'ן ידני,פרוקטר & גמבל,PL,מכשיר גילוח,יחידה,1.00,יחידה,false,1,48.90,48.90,true,1,
7702018911981,false,דאודורנט גל פאוור בי,ג'\ילט פרוקטר אנד גמבל,DE,דאו.קליר ג'ל,מיליליטרים,75.00,"100 מ""ל",false,0,32.90,43.87,true,1,
7702018978120,false,"ג'ילט - דאודורנט ג'ל לגבר קול וייב 70 מ""ל",פרוקטר אנד גמבל,PL,דאו.קליר ג'ל,מיליליטרים,70.00,"100 מ""ל",false,0,16.90,24.14,true,1,
7792860006218,false,סוכריות לקקנים בייבי דול Baby Doll לריטר,גוד פוד פרודקטס S.p,AR,בייבי דול לקקן,גרמים,24.00,100 גרם,false,0,2.20,9.17,true,1,
7891024027998,false,קולגייט מי פה טוטאל הגנה מפני אבן 500 מל,קולגייט- פלמוליב,BR,מי פה קולגייט,מיליליטרים,500.00,"100 מ""ל",false,1,17.90,3.58,true,1,
7891024124826,false,קולגייט משחת אופטיק ספרקלינג וייט 75מל,הנסיך- מפעל לייצור ט,BR,משחת קולגייט,מיליליטרים,75.00,"100 מ""ל",false,0,20.90,27.87,true,1,
7891024179482,false,"שטיפת פה קולגייט אופטיק וייט 500מ""ל",יבואן ומשווק: ש. שסט,PL,מי פה קולגייט,מיליליטרים,500.00,"100 מ""ל",false,0,33.90,6.78,true,1,
8000380004911,false,קוביות וופל קואדרטיני Quadratini קרם אגוזים,קריניציה ויטמינה אס,AT,ופל קואדרטיני,גרמים,250.00,100 גרם,false,0,15.30,6.12,true,1,
8000380007257,false,וופל גרדנה אגוזים לואקר 200 גרם,קריניציה ויטמינה אס,IT,ופלים גרדנה,גרמים,200.00,100 גרם,false,0,15.90,7.95,true,1,
8000500023624,false,חטיפי הפי היפו Happy Hippo במילוי קרם חלב וקקאו,פררו - אלבה,IT,קינדר הפי היפו,גרמים,102.00,100 גרם,false,0,13.90,13.63,true,1,
8000500023976,false,בונבוניירת רפאלו פררו 150 גרם,פררו - אלבה,PL,בונבונ.רפאלו,גרמים,150.00,100 גרם,false,0,18.90,12.60,true,1,
8000500026731,false,שוקולד ביצי הפתעה קינדר שלישייה,פררו אס.פי.אי,IT,ביצי הפתעה קינדר,גרמים,60.00,100 גרם,false,1,16.00,26.67,true,1,
8000500037874,false,בונבונרייה פררו רושר 200 גרם,פררו - אלבה,IT,בונבוניירה רושה,גרמים,200.00,100 גרם,false,0,24.90,12.45,true,1,
8000500167656,false,קינדר שוקולד עם דגנים סיריאל 94 ג',פררו,IT,קינדר שוקולד,גרמים,94.00,100 גרם,false,1,8.90,9.47,true,1,
8000500249352,false,קינדר בואנו מיני מיקס שקית 205 ג',פררו - אלבה,PL,קינדר בואנו מיני,גרמים,205.00,100 גרם,false,1,19.90,9.71,true,1,
8000500269169,false,קינדר קארדס Kinder Cards - חמישייה,קריות זול,IT,קינדר קארדס,גרמים,128.00,100 גרם,false,1,13.90,10.86,true,1,
8001090222848,false,"הרבל אסנסס - שמפו שיקום שמן ארגן 400 מ""ל",הרבל אסנס Herbal Essences,FR,שמפו הרבל אסנס,מיליליטרים,400.00,"100 מ""ל",false,1,19.90,4.98,true,1,
8001090222879,false,"הרבל אסנסס - מרכך שיקום שמן ארגן 400 מ""ל",הרבל אסנס Herbal Essences,FR,מרכך הרבל אסנס,מיליליטרים,400.00,"100 מ""ל",false,1,19.90,4.98,true,1,
8001090290830,false,"אוראל בי משחת שיניים- להלבנה פנינה בוהקת 75 מ""ל",פרוקטר אנד גמבל,DE,משחת אורל בי,מיליליטרים,75.00,"100 מ""ל",false,1,29.90,39.87,true,1,
8001090336521,false,פמפרס בייבי דריי חיתולים מידה 5 30 יח,פרוקטר אנד גמבל,DE,פמפרס בייבי,יחידה,1.00,יחידה,false,1,36.90,36.90,true,1,
8001090336606,false,פמפרס בייבי דריי חיתולים מידה 6 26 יח,פרוקטר אנד גמבל,DE,פמפרס בייבי,יחידה,1.00,יחידה,false,1,36.90,36.90,true,1,
8001090364159,false,"משחת שיניים אורל בי G&E רעננות מוגברת 75 מ""ל",פרוקטר אנד גמבל,DE,משחת אורל בי,מיליליטרים,75.00,"100 מ""ל",false,1,16.90,22.53,true,1,
8001090377487,false,מסכה לשיער פנטן לחות מוגברת 300 מל,פרוקטר אנד גמבל,RO,מסיכה פנטן,מיליליטרים,300.00,"100 מ""ל",false,1,37.90,12.63,true,1,
8001090379337,false,פמפרס פרימיום קר חיתולים שלב 3 40 יח VP,פרוקטר אנד גמבל,PL,פמפרס פרימיום,יחידה,1.00,יחידה,false,1,39.90,39.90,true,1,
8001090379368,false,פמפרס פרימיום קר חיתולים שלב 4 34 יח VP,פרוקטר אנד גמבל,PL,פמפרס פרימיום,יחידה,1.00,יחידה,false,1,39.90,39.90,true,1,
8001090379399,false,פמפרס פרימיום קר חיתולים שלב 5 30 יח VP,פרוקטר אנד גמבל,PL,פמפרס פרימיום,יחידה,1.00,יחידה,false,1,39.90,39.90,true,1,
8001090540577,false,"מי פה אורל בי להלבנה 500 מ""ל",פרוקטר אנד גמבל,DE,מי פה WHITE D,מיליליטרים,500.00,"100 מ""ל",false,1,22.90,4.58,true,1,
8001090632715,false,מש.שיניים אורל בי לילדים פרוזן וקארס120ג,פרוקטר אנד גמבל,DE,משחת שיניים לילד,מיליליטרים,75.00,"100 מ""ל",false,1,14.90,19.86,true,1,
8001090678195,false,"הד אנד שולדרס מרכך סופרים לחות 275 מ""ל",פרוקטר אנד גמבל,FR,מרכך הד&שולדרס,מיליליטרים,275.00,"100 מ""ל",false,1,18.90,6.87,true,1,
8001090715043,false,אולוויז דיסקרט לבריחת שת,פרוקטר אנד גמבל,DE,אולוויז דיסקרט,יחידה,1.00,יחידה,false,1,38.90,38.90,true,1,
8001090832450,false,"שמפו פנטן הנוסחה הקלאסית 660 מ""ל",פרוקטר אנד גמבל,RO,שמפו פנטן,מיליליטרים,660.00,"100 מ""ל",false,1,23.90,3.62,true,1,
8001090832573,false,"שמפו פנטן לחות מוגברת 660 מ""ל",פרוקטר אנד גמבל,RO,שמפו פנטן,מיליליטרים,660.00,"100 מ""ל",false,1,23.90,3.62,true,1,
8001090832610,false,"שמפו פנטן למגע רך כמשי 660 מ""ל",פרוקטר אנד גמבל,RO,שמפו פנטן,מיליליטרים,660.00,"100 מ""ל",false,1,23.90,3.62,true,1,
8001090832931,false,"פנטן 660 מ""ל קונדישינר למגע רך כמשי",פרוקטר אנד גמבל,RO,מרכך פנטן,מיליליטרים,660.00,"100 מ""ל",false,1,23.90,3.62,true,1,
8001090856005,false,פאנטן 200 מרכך הקסם סופר פוד,פרוקטר אנד גמבל,RO,פנטן מרכך הקסם,מיליליטרים,200.00,"100 מ""ל",false,1,28.90,14.45,true,1,
8001090899194,false,תחבושות אולוויז פלטינום נורמל 24 יחידות,פרוקטר אנד גמבל,DE,תחבושות אולוויז,יחידה,1.00,יחידה,false,1,25.90,25.90,true,1,
8001090899224,false,תחבושות אולוויז פלטינום לונג 20 יחידות,פרוקטר אנד גמבל,DE,תחבושות אולוייז,יחידה,1.00,יחידה,false,1,25.90,25.90,true,1,
8001090899255,false,תחבושות אולוויז פלטינום לילה 16 יחידות,פרוקטר אנד גמבל,DE,תחבשות אולוויז,יחידה,1.00,יחידה,false,1,25.90,25.90,true,1,
8001090899286,false,תחבושות אולוויז פלטינום לילה בטוח 14 יח',פרוקטר אנד גמבל,DE,תחבושות אולוויז,יחידה,1.00,יחידה,false,1,25.90,25.90,true,1,
8001160001892,false,"משקה אנרגיה גטורייד ספורט תפוז אדום 500מ""ל",אקווה מינרלה סאן בנדטו,IT,גטורייד תפוז,מיליליטרים,500.00,"100 מ""ל",false,0,10.90,2.18,true,1,
8001620019177,false,"סן בנדטו מים מינרלים בטעם ענבים 500 מ""ל",אקווה מינרלה סאן בנדטו ב,IT,סאן סנדטו ענבים,מיליליטרים,400.00,"100 מ""ל",false,1,6.90,1.73,true,1,
8001841006710,false,לנור כדוריות הריח בניחוח רענן 210 גרם,פרוקטר אנד גמבל,US,לנור מבשם כביסה,גרמים,210.00,100 גרם,false,1,34.90,16.62,true,1,
8001841053684,false,תחבושות אולוויז עבה לונג פלוס 12 יחידות,פרוקטר אנד גמבל )ראה קוד,HU,תחבושות אולוויז,יחידה,1.00,יחידה,false,1,13.90,13.90,true,1,
8001841053806,false,תחבושות היגייניות אולוויז מקסי עבה לילה,פרוקטר אנד גמבל,HU,תחבושות אולוויז,יחידה,1.00,יחידה,false,1,13.90,13.90,true,1,
8001841077949,false,מארז מגבוני פמפרס בניחוח מרענן - רביעייה,פרוקטר אנד גמבל,DE,מגבוני פמפרס 4יח,יחידה,1.00,יחידה,false,1,17.90,17.90,true,1,
8001841104751,false,פמפרס פרימיום קר חיתולים שלב 1 52 יח VP,פרוקטר אנד גמבל,PL,פמפרס,יחידה,1.00,יחידה,false,1,39.90,39.90,true,1,
8001841104799,false,פמפרס פרימיום קר חיתולים שלב 2 46 יח VP,פרוקטר אנד גמבל,PL,פמפרס,יחידה,1.00,יחידה,false,1,39.90,39.90,true,1,
8001841105093,false,פמפרס פרימיום קר חיתולים שלב 6 26 יח VP,פרוקטר אנד גמבל,PL,פמפרס,יחידה,1.00,יחידה,false,1,39.90,39.90,true,1,
8001841217932,false,אולוויז תחבושות נייט 20 יח',,DE,תחבושות כפול אול,יחידה,1.00,יחידה,false,1,17.90,17.90,true,1,
8001841272757,false,אורל-בי משחת שיניים להלבנה פחם- לניקוי עמוק,פרוקטור אנד גמבל,DE,משחת אורל בי,מיליליטרים,75.00,"100 מ""ל",false,1,29.90,39.87,true,1,
8001841332307,false,אולוויז תחבושת בוטיק לונג 8 יח,פרוקטר אנד גמבל,DE,דיסקריט תחבושות,יחידה,1.00,יחידה,false,1,21.90,21.90,true,1,
8001841427164,false,אולוויז פרו פרש מגן תחתון 4ב-1 לארג 40,פרוקטר אנד גמבל,DE,מגן תחתון פרו פר,יחידה,1.00,יחידה,false,1,19.90,19.90,true,1,
8001841500799,false,"הרבל אסנסס - שמפו ללא סולפטים אלוורה ומנגו 380 מ""ל",הרבל אסנס Herbal Essences,FR,שמפו ללא סולפטים,מיליליטרים,380.00,"100 מ""ל",false,1,25.90,6.82,true,1,
8001841500942,false,"הרבל אסנסס - שמפו ללא סולפטים אלוורה ובמבוק 380 מ""ל",הרבל אסנס Herbal Essences,FR,שמפו ללא סולפטים,מיליליטרים,380.00,"100 מ""ל",false,1,25.90,6.82,true,1,
8001841502601,false,"הרבל אסנסס - מרכך ללא סולפטים אלוורה ובמבוק 275 מ""ל",הרבל אסנס Herbal Essences,FR,מרכך ללא סולפטים,מיליליטרים,275.00,"100 מ""ל",false,1,25.90,9.42,true,1,
8001841625362,false,"נוזל כלים בניחוח לימון פלטינום 780 מ""ל פיירי",פרוקטר אנד גמבל,GB,פיירי נוזל כלים,מיליליטרים,780.00,"100 מ""ל",false,1,12.90,1.65,true,1,
8001841660257,false,מסכת מינרלס במבוק לשיער חזק וארוך,פנטן Pantene,FR,פנטן מיראקלס במב,מיליליטרים,160.00,"100 מ""ל",false,1,18.90,11.81,true,1,
8001841660530,false,קרם לחות מינרלס במבוק + חלבון משקם לשיער ארוך,פנטן Pantene,FR,קרמ פנטן מיראקלס,גרמים,270.00,100 גרם,false,1,23.90,8.85,true,1,
8001841669465,false,קפסולות לכביסה אריאל בניחוח לנור 24 יחידות,פרוקטר אנד גמבל,FR,קפסולות גל כביסה,יחידה,1.00,יחידה,false,1,37.90,37.90,true,1,
8001841669519,false,קפסולות לכביסה ALL IN ONE אריאל 55 יחידות,פרוקטר אנד גמבל,FR,קפסולות לכביסה,יחידה,1.00,יחידה,false,1,72.90,72.90,true,1,
8001841716312,false,"ג'ל רחצה ושמפו ספורט האד אנד שולדרס 360 מ""ל","פרוקטר אנד גמבל, צרפ",FR,ג'ל רחצה הד&שולד,מיליליטרים,360.00,"100 מ""ל",false,1,21.90,6.08,true,1,
8001841716596,false,"ג'ל רחצה ושמפו מרענן האד אנד שולדרס 360 מ""ל","נארז ע""י : א.ג. גילר",FR,ג'ל רחצה הד&שולד,מיליליטרים,360.00,"100 מ""ל",false,1,21.90,6.08,true,1,
8001841841373,false,הרבל אסנס שמפו ללא סולפטים שמן אבוקדו,דיפלומט,FR,שמפו הרבל,מיליליטרים,380.00,"100 מ""ל",false,1,25.90,6.82,true,1,
8002110383709,false,נוטרוגינה ס.נורבגית ק.ידיים לא מבושם 50מל,ניוטרוג'ינה Neutrogena,FR,קרם ידיים,מיליליטרים,50.00,"100 מ""ל",false,0,28.90,57.80,true,1,
8002910043476,false,ויט רצועות שעווה מוכנות לקו הביקיני 12 יחידות,רקיט בנקיזר צרפת,FR,רצועות שעווה ויט,יחידה,1.00,יחידה,false,1,38.90,38.90,true,1,
8004800004802,false,לאגו פלאסיר גליליוופל קרם דומדמניות 100 גרם,לגו גרופ ס.פ.א.,IT,גלילי וופל לאגו,גרמים,100.00,100 גרם,false,1,13.90,13.90,true,1,
8005200486526,false,"נסטי, תה קר בטעם אפרסק 500 מל",מפעל סאנפלגרינו S.p.,IT,נסטי בטעם אפרסק,מיליליטרים,500.00,"100 מ""ל",false,0,5.90,1.18,true,1,
8006540088692,false,הרבל אסנס מסכה אינטנסיבית ארגן 450 מל,S BLOIS GAMBLE & PROCTER,FR,הרבל אסנס מסכה,מיליליטרים,450.00,"100 מ""ל",false,1,46.90,10.42,true,1,
8006540110317,false,שמפו מינרלס ביוטין + במבוק לשיער חזק וארוך,פרוקטר אנד גמבל,RO,פנטן מיראקלס,גרמים,400.00,100 גרם,false,1,18.90,4.73,true,1,
8006540112793,false,"מרכך כביסה מרוכז בניחוח יסמין לנור 900 מ""ל",פרוקטר אנד גמבל,US,לנור מרכך מרוכז,מיליליטרים,900.00,"100 מ""ל",false,1,19.90,2.21,true,1,
8006540112823,false,"לנור מרכך כביסה מרוכז בניחוח האוקיינוס 900 מ""ל",פרוקטר אנד גמבל,FR,לנור מרכך מרוכז,מיליליטרים,900.00,"100 מ""ל",false,1,19.90,2.21,true,1,
8006540221068,false,מגן תחתון אלוויז וליופק לונג פלוס 40 יחי',פרוקטר & גמבל,DE,מגן תחתון אולווי,יחידה,1.00,יחידה,false,1,17.90,17.90,true,1,
8006540221341,false,אולוויז מגן תחתון וליופק לארג' 48 יחידות,,DE,מגן תחתון אולווי,יחידה,1.00,יחידה,false,1,17.90,17.90,true,1,
8006540221426,false,מגן תחתון דייליס סלים 74,,DE,מגן תחתון דייליס,יחידה,1.00,יחידה,false,1,17.90,17.90,true,1,
8006540221464,false,מגן תחתון אולוויז וליופק נורמל 56 יחידות,,DE,מגן תחתון אולווי,יחידה,1.00,יחידה,false,1,17.90,17.90,true,1,
8006540385029,false,הד&שולדרס MEN שמפו ומרכך 2ב-1 אולטרא 540,URLATI GAMBLE & PROCTER,RO,הד&שולדרס מן 2ב1,מיליליטרים,540.00,"100 מ""ל",false,1,26.90,4.98,true,1,
8006540385067,false,הד&שולדרס MEN שמפו אולטרא ספורט מרענן540,URLATI GAMBLE & PROCTER,RO,ה&ש שמפו מן,מיליליטרים,540.00,"100 מ""ל",false,1,26.90,4.98,true,1,
8006540404850,false,דיסקריט תחבושות לבריחת שתן לונג 10 יח,פרוקטר & גמבל,DE,דיסקריט תחבושות,יחידה,1.00,יחידה,false,1,21.90,21.90,true,1,
8006540405031,false,דיסקריט תחבושות לבריחת שתן סמול פלוס 16,פרוקטר & גמבל,DE,דיסקריט תחבושות,יחידה,1.00,יחידה,false,1,21.90,21.90,true,1,
8006540406694,false,פמפרס בייבי דריי פנטס מידה 4 42 יח,דיפלומט,PL,פמפרס מכנסונים,יחידה,1.00,יחידה,false,1,54.90,54.90,true,1,
8006540406724,false,פמפרס בייבי דריי פנטס מידה 5 38 יח,דיפלומט,PL,פמפרס מכנסונים,יחידה,1.00,יחידה,false,1,54.90,54.90,true,1,
8006540406793,false,פמפרס בייבי דריי פנטס מידה 6 34 יח,דיפלומט,PL,פמפרס מכנסונים,יחידה,1.00,יחידה,false,1,54.90,54.90,true,1,
8006540410905,false,הד&שולדרס 7 יתרונות ב-1 עמידות השיער 450,S BLOIS GAMBLE & PROCTER,FR,ה&ש שמפו 7 ב1-,מיליליטרים,450.00,"100 מ""ל",false,1,25.90,5.76,true,1,
8006540410967,false,הד&שולדרס 7 יתרונות ב-1 רב פעולות 450,S BLOIS GAMBLE & PROCTER,FR,הד&שולדרס שמפו,גרמים,450.00,100 גרם,false,1,25.90,5.76,true,1,
8006540463550,false,פיירי טבליות למדיח פלטינום 63 יחידות,פרוקטר אנד גמבל,BE,פיירי טבליות,יחידה,1.00,יחידה,false,1,64.90,64.90,true,1,
8006540495186,false,לנור מרכך כביסה מרוכז רגיש בייבי 900 מל,פרוקטר אנד גמבל,FR,מרכך כביסה בייבי,מיליליטרים,900.00,"100 מ""ל",false,1,19.90,2.21,true,1,
8006540592434,false,אולוויז תחבושות נורמל 28 יח,פרוקטר & גמבל,HU,תחבושות אולטרא,יחידה,1.00,יחידה,false,1,17.90,17.90,true,1,
8006540592496,false,תחבושות אולוויז אולטרא כפול לילה 20 יח,פרוקטר & גמבל,HU,תחבושות כפול ליל,יחידה,1.00,יחידה,false,1,17.90,17.90,true,1,
8011003801619,false,ורסאצה פור הום אדט200גבר,,IT,ורסאצה פור הום,מיליליטרים,200.00,"100 מ""ל",false,1,319.00,159.50,true,1,
8011003826490,false,"ורסצ'ה פור הום דילאן בלו א.ד.ט 200 מ""ל",לילית בישום,IT,ורסצ'ה דילן בלו,מיליליטרים,200.00,"100 מ""ל",false,0,319.00,159.50,true,1,
8017331031421,false,ביוריפייר משחה לשיניים רגישות,זר טכנולוגיות,IT,ביוריפייר משחת ש,מיליליטרים,75.00,"100 מ""ל",false,0,12.90,17.20,true,1,
8018365500037,false,ורסצ'ה או פראש אדט 100מל,לילית בישום,IT,ורסצ'ה או פראש א,מיליליטרים,100.00,"100 מ""ל",false,0,199.00,199.00,true,1,
8053853182548,false,FROZENממחטות נייר מצויירות 6יח',,IL,ממחטות נייר 6 יח,יחידה,1.00,יחידה,false,1,9.90,9.90,true,1,
8053853182562,false,FROZENקובית ממחטות נייר 56יח',,IL,ממחטות נייר 56יח,יחידה,1.00,יחידה,false,1,11.90,11.90,true,1,
8410436218139,false,סאיוס אולאו אינטנס 2-10 שחור חום,סאיוס syoss,DE,צבע לשיער סאיוס,יחידה,1.00,יחידה,false,0,29.90,29.90,true,1,
8410436218214,false,סאיוס אולאו אינטנס 7-10 בלונד טבעי,סאיוס syoss,DE,צבע לשיער אולאו,יחידה,1.00,יחידה,false,0,29.90,29.90,true,1,
8410436218290,false,צבע שיער סאיוס אולאו אינטנס 1-10,סאיוס syoss,DE,צבע לשיער סאיוס,יחידה,1.00,יחידה,false,0,29.90,29.90,true,1,
8411061043844,false,212VIP BLACK EDP 100ML חדש,,FR,BLACK VIP 212 א,מיליליטרים,100.00,"100 מ""ל",false,1,330.00,330.00,true,1,
8411061043868,false,CAROLINA HERRERA MEN E.D.T SP. 100ML,לילית בישום,ES,212 א.ד.ט לגבר,מיליליטרים,100.00,"100 מ""ל",false,1,229.00,229.00,true,1,
8411061045756,false,ROSE 212VIPאדפ+תחליב גוף,PUIG בישום,ES,ROSE 212VIP אדפ,יחידה,1.00,יחידה,false,1,279.00,279.00,true,1,
8411061865583,false,"קרולינה הררה 212 סקסי א.ד.ט 100 מ""ל",PUIG בישום,IL,212 סקסי אדט,מיליליטרים,100.00,"100 מ""ל",false,0,229.00,229.00,true,1,
8423207206488,false,סלים דליס חטיף דגנים מצופה שוקולד חלב מרבה 6*20 גרם,אף.סי תבליני בגליל ב,ES,חטיפי דגנים מרבה,גרמים,120.00,100 גרם,false,0,15.90,13.25,true,1,
8423207206495,false,סלים דליס חטיף דגנים מצופה שוקולד מריר מרבה 6*20 גרם,אף.סי תבליני בגליל ב,ES,חטיפי דגנים מרבה,גרמים,120.00,100 גרם,false,0,15.90,13.25,true,1,
8423207207362,false,חטיפי סלים דליס שוקולד לבן מרבה 6 יחידות,ביסנצ'ורי אס.אל.יו,ES,סלים דליס,גרמים,120.00,100 גרם,false,0,15.90,13.25,true,1,
8423207208680,false,חטיף דגנים שוקולד סלים דליס לילדים מרבה 6 יחידות,ביסנצ'ורי אס.אל.יו,ES,סלים דליס 6 יח,גרמים,120.00,100 גרם,false,1,15.90,13.25,true,1,
8423207208697,false,חטיפי סלים דליס לילדים שוקולד לבן מרבה 6 יחידות,ביסנצ'ורי אס.אל.יו,ES,סלים דליס 6 יח,גרמים,120.00,100 גרם,false,1,15.90,13.25,true,1,
8423207210287,false,מרבה סלים דליס שוקולד לבן בטעם יוגורט 120 ג',סלים דליס Slim Delis,ES,סלים דליס 6 יח,גרמים,120.00,100 גרם,false,1,15.90,13.25,true,1,
8427030005010,false,תרכובת מזון על בסיס חלב A.R מלידה ואילך,אבוט מעבדות רפואיות,ES,סימילאק AR,גרמים,375.00,100 גרם,false,0,44.90,11.97,true,1,
8435415012669,false,לה מאל אדט125 מל,PUIG בישום,IL,לה מאל אדט125,מיליליטרים,125.00,"100 מ""ל",false,0,289.00,231.20,true,1,
8435415012690,false,"לה מאל אדט 200 מ""ל",PUIG בישום,IL,לה מאל אדט,מיליליטרים,200.00,"100 מ""ל",false,0,379.00,189.50,true,1,
8435495807605,false,תינוקלין מרכך כביסה היפואלרגני מרוכז 1 ליטר,מולינו ניקולי s.p.a,TR,תינוקלין מרכך,ליטרים,1.00,ליטר,false,1,19.90,19.90,true,1,
8690526019154,false,אי טי אי - וופל קקאו במילוי קרם קקאו 142 גרם,מולינו ניקולי s.p.a,TR,וופל קרם קקאו,גרמים,142.00,100 גרם,false,1,8.50,5.99,true,1,
8690572794692,false,"גליס - שמפו לאיזון והזנת הקרקפת 400 מ""ל","הובי קוסמטיק, חברת ייצור",TR,שמפו לאיזון והזנ,מיליליטרים,400.00,"100 מ""ל",false,1,17.90,4.48,true,1,
8690572794715,false,"גליס - מרכך לאיזון והזנת הקרקפת 400 מ""ל","הובי קוסמטיק, חברת ייצור",TR,מרכך לאיזון והזנ,מיליליטרים,400.00,"100 מ""ל",false,1,17.90,4.48,true,1,
8690637505607,false,בדין אקסטרה מרכך כביסה בניחוח פינוק כחול,יוניליוור סנאיי וי טיקאר,TR,מרכך כביסה בדין,מיליליטרים,960.00,"100 מ""ל",false,1,18.90,1.97,true,1,
8690637506956,false,"דאב שמפו נגד קשקשים אלוורה 600 מ""ל",יוניליוור סנאי ווי טיקאר,TR,דאב שמפו קשקשים,מיליליטרים,600.00,"100 מ""ל",false,1,21.90,3.65,true,1,
8690637704277,false,"שמפו ומרכך לשיער רגיל 600 מ""ל דאב",יוניליוור טורקיה. אזור ת,TR,שמפו דאב,מיליליטרים,600.00,"100 מ""ל",false,0,21.90,3.65,true,1,
8690637704376,false,"שמפו לטיפוח יום יומי דאב 600 מ""ל",יוניליוור סנאיי וי טיקאר,TR,שמפו דאב,מיליליטרים,600.00,"100 מ""ל",false,0,21.90,3.65,true,1,
8690637704437,false,שמפו עם שמני הזנה לטיפוח לשיער יבש,יוניליוור סנאיי וי טיקאר,TR,שמפו דאב,מיליליטרים,600.00,"100 מ""ל",false,0,21.90,3.65,true,1,
8690637704451,false,מרכך עם שמני הזנה לטיפוח לשיער יבש,יוניליוור טורקיה. אזור ת,TR,דאב מרכך,מיליליטרים,600.00,"100 מ""ל",false,0,21.90,3.65,true,1,
8690637865589,false,"דאב תרחיץ ידיים בניחוח מלפפונים ותה ירוק 500 מ""ל",General,TR,דאב סבון ידיים,מיליליטרים,500.00,"100 מ""ל",false,1,16.90,3.38,true,1,
8690637871061,false,"דאב שמפו עם שמן אבוקדו ותמצית קלנדולה 600 מ""ל",יונילוור - תורכיה,TR,שמפו דאב,מיליליטרים,600.00,"100 מ""ל",false,1,21.90,3.65,true,1,
8690637946301,false,"בדין - מרכך כביסה אקסטרא בייביי כחול 960 מ""ל",יוניליוור סנאיי וי טיקאר,TR,בדין מרכך בייבי,מיליליטרים,960.00,"100 מ""ל",false,1,18.90,1.97,true,1,
8690637946318,false,"מרכך כביסה בדין מרוכז אקסטרה בייבי טלק 960 מ""ל",יוניליוור סנאיי וי טיקאר,TR,מרכך בדין בייבי,מיליליטרים,960.00,"100 מ""ל",false,1,18.90,1.97,true,1,
8690637976995,false,"מרכך כביסה מרוכז אקסטרה ורוד סחלבים פראי בדין 960 מ""ל",יוניליוור סנאיי וי טיקאר,TR,בדין אקסטרה ורוד,מיליליטרים,960.00,"100 מ""ל",false,1,18.90,1.97,true,1,
8691900172175,false,קוטקס תחב.לילה אולטרה18י,חוגלה קימברלי,CZ,קוטקס תחבושת,יחידה,1.00,יחידה,false,1,19.90,19.90,true,1,
8693495037853,false,זוג מברשות שיניים קולגייט סלים סופט זהב,הנסיך- מפעל לייצור ט,CN,2 מברשות קולגייט,יחידה,1.00,יחידה,false,0,29.90,29.90,true,1,
8693495052177,false,פלמוליב נטורלס תחליב רחצה זיתים 750 מל,קולגייט פלמוליב,TR,סבון פלמוליב,מיליליטרים,750.00,"100 מ""ל",false,1,16.90,2.26,true,1,
8693495054034,false,פלמוליב ס.נוזלי לומינוס אבוקדו 750 משאבה,קולגייט פלמוליב,TR,פלמוליב ג'ל רחצה,מיליליטרים,750.00,"100 מ""ל",false,1,16.90,2.26,true,1,
8693495054058,false,סבון נוזלי פלמוליב לומינוס עם תמציות שמן מקדמיה,קולגייט פלמוליב,TR,פלמוליב ג'ל רחצה,מיליליטרים,750.00,"100 מ""ל",false,1,16.90,2.26,true,1,
8696630143822,false,"LADY BELLA - ספריי צבע חום כהה לכיסוי זמני של שורשי השיער 100 מ""ל",,TR,ספריי צבע לשיער,מיליליטרים,100.00,"100 מ""ל",false,1,24.90,24.90,true,1,
8699954702010,false,מסיכה למיצוק העור יח',,TR,מסיכה למיצוק העו,יחידה,1.00,יחידה,false,1,7.90,7.90,true,1,
8699954702027,false,מסיכה לאפקט עור חלק יח',,TR,מסיכה לאפקט עור,יחידה,1.00,יחידה,false,1,7.90,7.90,true,1,
8699954702119,false,מסיכת פחם באפקט מבהיר יח,,IL,מסיכת פחם באפקט,יחידה,1.00,יחידה,false,1,7.90,7.90,true,1,
8699954702126,false,מסיכת פחם באפקט קירור יח,,IL,מסיכת פחם באפקט,יחידה,1.00,יחידה,false,1,7.90,7.90,true,1,
8699954702140,false,מסיכת פחם פעיל לרענון יח,,IL,מסיכת פחם פעיל ל,יחידה,1.00,יחידה,false,1,7.90,7.90,true,1,
8699954702157,false,מסיכת פחם טיהור רעלים יח,,IL,מסיכת פחם טיהור,יחידה,1.00,יחידה,false,1,7.90,7.90,true,1,
8710103803874,false,אוונט מוצץ 6-18 ULTRA SOFT חלל,פיליפס אוונט,GB,מוצץ אולטרה סופט,יחידה,1.00,יחידה,false,1,54.90,54.90,true,1,
8710103860204,false,פיליפס שלישיית סכינים ONE BLADE,פיליפס-גילוח,ID,סכינים לוואן בלי,יחידה,1.00,יחידה,false,1,199.90,199.90,true,1,
8710103868699,false,אוונט בקבוק פוליפרופילן חלבי קלאסי 330 מ,פיליפס אוונט,GB,בקבוק אוונט,יחידה,1.00,יחידה,false,1,44.90,44.90,true,1,
8710103870067,false,אוונט בקבוק נטורל 2 לויתן 260 מל,פיליפס אוונט,GB,בקבוק נטורל לוית,יחידה,1.00,יחידה,false,1,54.90,54.90,true,1,
8710103901792,false,אוונט מוצץ 6-18 אולטרה אייר לילה בנים,פיליפס אוונט,GB,מוצץ אולטרא אייר,יחידה,1.00,יחידה,false,1,54.90,54.90,true,1,
8710103922582,false,"פיליפס ONE BLADE, מכשיר לעיצוב וגילוח 30 דקות פעולה",פיליפס-גילוח,ID,וואן בלייד30דקות,יחידה,1.00,יחידה,false,1,159.90,159.90,true,1,
8710103952213,false,סכין לוואן בלייד יח',פיליפס-גילוח,ID,סכין לוואן בלייד,יחידה,1.00,יחידה,false,1,99.90,99.90,true,1,
8710428005762,false,תרכובת מזון לתינוקות על בסיס חלבון סויה איזומיל טף שלב 2,"אבוט מעבדות רפואיות בע""מ",NL,סימילאק צמחי,גרמים,400.00,100 גרם,false,0,45.90,11.48,true,1,
8710428016355,false,אבקת משקה להשלמה תזונתית שוקו 400 ג' פדיאשור,אבוט מעבדות רפואיות,NL,פדיאשור שוקולד,גרמים,400.00,100 גרם,false,1,34.90,8.73,true,1,
8710428017024,false,פדיאשור השלמה תזונתית בטעם שוקולד 850 גר,General,NL,פדיאשור שוקולד,גרמים,850.00,100 גרם,false,1,79.90,9.40,true,1,
8710447224205,false,"מרכך טרזמה משקם בתוספת ביוטין 400 מ""ל",יוניליוור פולין,PL,טרזמה מרכך משקם,מיליליטרים,400.00,"100 מ""ל",false,1,18.90,4.73,true,1,
8710447275306,false,דאב קרם ידיים שמן אבוקדו ותמצית קלנדולה,"יוניליוור פולין, רחוב קר",PL,קרם ידיים דאב,מיליליטרים,75.00,"100 מ""ל",false,1,13.90,18.53,true,1,
8710502100864,false,עוגיות מרבה פטיסרי דאבל שוקולד 200 גרם,"מרבה בע""\מ",NL,עוגיות מרבה,גרמים,200.00,100 גרם,false,1,11.90,5.95,true,1,
8710800961310,false,סוכריות בטעם תות מנטוס 4*375 גרם,פרפטי ואן מלה ברדה,NL,מנטוס תות 4 יח,גרמים,150.00,100 גרם,false,0,11.90,7.93,true,1,
8710847995590,false,רקסונה דאודורנט ספריי פרוט ספין 150 מל,"יוניליוור אנגליה, דרך קו",GB,דאודורנט רקסונה,מיליליטרים,150.00,"100 מ""ל",false,1,17.90,11.93,true,1,
8710847995729,false,"רקסונה - דאודורנט ספריי לאישה דייזי פאוור 150 מ""ל","יוניליוור אנגליה, דרך קו",GB,דאודורנט רקסונה,מיליליטרים,150.00,"100 מ""ל",false,1,17.90,11.93,true,1,
8710908404184,false,"דאב דאו ספריי אורגינל 50 מ""ל*-ללא אלומני","פרמול איטליה, קומון",GB,דאודורנט דאב,מיליליטרים,150.00,"100 מ""ל",false,1,12.90,8.60,true,1,
8710908882463,false,תחליב רחצה Invigorating Ritual עם שמן אבוקדו וקלנדולה,יוניליוור פארם,DE,תחליב רחצה דאב,מיליליטרים,500.00,"100 מ""ל",false,1,17.90,3.58,true,1,
8712400802499,false,תרכובת מזון המשך לפעוטות על בסיס חלב שלב 1,נוטרישיה קאלק ב. ו.,NL,נוטרילון שלה1-,גרמים,800.00,100 גרם,false,0,68.90,8.61,true,1,
8712400802512,false,תרכובת מזון המשך לפעוטות על בסיס חלב שלב 2,נוטרישיה קאלק ב. ו.,NL,נוטרילון שלב2-,גרמים,800.00,100 גרם,false,0,68.90,8.61,true,1,
8712400802536,false,תרכובת מזון המשך לפעוטות על בסיס חלב שלב 3,נוטרישיה קאלק ב. ו.,NL,נוטרילון שלב3-,גרמים,800.00,100 גרם,false,0,68.90,8.61,true,1,
8712561594240,false,"דאב תחליב רחצה להזנה עמוקה500 מ""ל-מרכז","יוניליוור גרמניה, Gmbh &",DE,תחליב רחצה דאב,מיליליטרים,500.00,"100 מ""ל",false,1,17.90,3.58,true,1,
8712561611183,false,דאב סבון נוזלי 500 תמציות מלפפונים ותה,"יוניליוור גרמניה, Gmbh &",DE,תחליב רחצה דאב,מיליליטרים,500.00,"100 מ""ל",false,1,17.90,3.58,true,1,
8712561626286,false,"תחליב רחצה דאב זוהר כמשי, 750 מ""ל",יוניליוור גרמניה (בו,DE,תחליב רחצה דאב,מיליליטרים,750.00,"100 מ""ל",false,1,23.90,3.19,true,1,
8712561631570,false,"תחליב רחצה קוקוס ויסמין דאב 750 מ""ל",יוניליוור גרמניה (בו,DE,תחליב רחצה דאב,מיליליטרים,750.00,"100 מ""ל",false,1,23.90,3.19,true,1,
8714100730003,false,"דאב ת.ר מיסלרי לעור רגיל או יבש 240 מ""ל",אתר ליוור - HPC,RU,דאב מים מיסלרים,מיליליטרים,240.00,"100 מ""ל",false,1,28.90,12.04,true,1,
8714789218465,false,מברשת שיניים 360 סופט קולגייט 2 יחידות,הנסיך- מפעל לייצור ט,CN,2 מברשות שיניים,יחידה,1.00,יחידה,false,0,29.90,29.90,true,1,
8714789303925,false,מברשת שיניים 360 סנסטיב רכה במיוחד קולגייט 2 יחידות,קולגייט- פלמוליב,CH,2 מברשות שיניים,יחידה,1.00,יחידה,false,0,29.90,29.90,true,1,
8714789529561,false,"משחת שיניים סנסטיב פרו ריליף להלבנה קולגייט 75 מ""ל",קולגייט-פלמוליב,BR,משחת קולגייט,מיליליטרים,75.00,"100 מ""ל",false,0,19.90,26.53,true,1,
8714789732701,false,"קולגייט סופט מינט 500 מ""ל",קולגייט- פלמוליב,PL,מי פה קולגייט פל,מיליליטרים,500.00,"100 מ""ל",false,1,29.90,5.98,true,1,
8714789835112,false,קולגייט מברשת360 אופטיק וייט סופט חשמלית,COLGATE PALMOLIVE,CN,מברשת חשמלית,יחידה,1.00,יחידה,false,0,69.90,69.90,true,1,
8714789930848,false,"משחת שיניים אופטיק וייט הלבנה מיידית קולגייט 75 מ""ל",הנסיך- מפעל לייצור ט,PL,משחת קולגייט,מיליליטרים,75.00,"100 מ""ל",false,0,20.90,27.87,true,1,
8717163655764,false,"רקסונה - דאודורנט ספריי לאישה שוואר פרש 150 מ""ל","קוסטר אירוסול, גבזה 4140",GB,דאודורנט רקסונה,מיליליטרים,150.00,"100 מ""ל",false,1,17.90,11.93,true,1,
8717163655825,false,"רקסונה דאו' ספריי לנשים בניחוח כותנה, 150 מ""ל","קוסטר אירוסול, גבזה 4140",GB,דאודורנט רקסונה,מיליליטרים,150.00,"100 מ""ל",false,1,17.90,11.93,true,1,
8717163714850,false,"דאו דאב ספריי קוקוס ויסמין 150 מ""ל","קוסטר אירוסול, גבזה 4140",TR,דאודורנט דאב,מיליליטרים,150.00,"100 מ""ל",false,1,12.90,8.60,true,1,
8717677336593,false,טוניס שוקולד חלב 180 גרם רבנות - נוכרי,טוניס/שוקולונלי,NL,שוקולד חלב מעולה,גרמים,180.00,100 גרם,false,1,14.90,8.28,true,1,
8717677336630,false,שוקולד חלב עם שקדים ודבש טוניס' שוקולונלי 180 גרם,טוניס/שוקולונלי,NL,שוקולד חלב מעולה,גרמים,180.00,100 גרם,false,1,14.90,8.28,true,1,
8717677338436,false,שוקולד חלב עם אגוזי לוז טוניס' שוקולונלי 180 גרם,טוניס/שוקולונלי,NL,שוקולד חלב מעולה,גרמים,180.00,100 גרם,false,1,14.90,8.28,true,1,
8718951030169,false,"קולגייט סנסיטיב הלבנה המסייעת בהגנה לשיניים רגישות 75 מ""ל",קולגייט Colgate,PL,משחת קולגייט,מיליליטרים,75.00,"100 מ""ל",false,1,18.90,25.20,true,1,
8718951044913,false,מרידול משחת שיניים להלבנה 75 מל,קולגייט פלמוליב,PL,משחת מרידול,מיליליטרים,75.00,"100 מ""ל",false,1,20.90,27.87,true,1,
8718951052109,false,מברשת שיניים חשמלית קולגייט מיניונים (סוללות)##,קולגייט-פלמוליב,CH,מברשת שיניים חשמ,יחידה,1.00,יחידה,false,1,39.90,39.90,true,1,
8718951093331,false,מרידול זוג מברשות שיניים אקסטרה סופט,קולגייט פלמוליב,CH,זוג מברשות מרידו,יחידה,1.00,יחידה,false,1,38.90,38.90,true,1,
8718951144064,false,מרידול מברשת שיניים פרודונט אקספרט זוג,"ש. שסטוביץ בע""\מ",CH,זוג מברשות מרידו,יחידה,1.00,יחידה,false,1,38.90,38.90,true,1,
8718951159402,false,"קולגייט משחת שיניים אופטיק וויט - אקסטרה פאוור 75 מ""ל",קולגייט,PL,מ.שיניים קולגייט,מיליליטרים,75.00,"100 מ""ל",false,1,19.90,26.54,true,1,
8718951187122,false,זוג מברשות שיניים אלמקס לילדים גילאי 0-3,GABA TRISA SWIZ,CN,מברשות אלמקס,יחידה,1.00,יחידה,false,1,25.90,25.90,true,1,
8718951236790,false,"קולגייט טוטאל משחת שיניים קלין מינט לפה בריא 100 מ""ל",קולגייט פלמוליב,PL,קולגייט טוטל,מיליליטרים,100.00,"100 מ""ל",false,1,15.90,15.90,true,1,
8718951236806,false,"קולגייט טוטאל הלבנה משחת שיניים המסייעת בהסרת כתמים 100 מ""ל",קולגייט Colgate,PL,קולגייט טוטל,מיליליטרים,100.00,"100 מ""ל",false,1,15.90,15.90,true,1,
8718951236813,false,"קולגייט טוטאל משחת שיניים ניקוי מתקדם לפה בריא יותר 100 מ""ל",קולגייט פלמוליב,PL,משחת קולגייט,מיליליטרים,100.00,"100 מ""ל",false,1,15.90,15.90,true,1,
8718951259409,false,"פלמוליב תחליב רחצה נטורלס לעור עדין 750 מ""ל",קולגייט פלמוליב,IT,תחליב רחצה נטורל,מיליליטרים,750.00,"100 מ""ל",false,1,16.90,2.26,true,1,
8718951278851,false,מ.שיניים אדוונס וויט פחם,קולגייט,PL,מ.שיניים קולגייט,מיליליטרים,100.00,"100 מ""ל",false,1,19.90,19.90,true,1,
8718951286672,false,"משחת שיניים לחניכיים, 75 מ""ל קולגייט",קולגייט פלמוליב,PL,קולגייט מ.שיניים,מיליליטרים,75.00,"100 מ""ל",false,1,17.90,23.86,true,1,
8718951312722,false,"קולגייט מקס פרש וויט קריסטל משחת שיניים 100 מ""ל",קולגייט פלמוליב,PL,קולגייט מקס וויט,מיליליטרים,100.00,"100 מ""ל",false,1,12.90,12.90,true,1,
8718951313576,false,קולגייט משחת שיניים מקס פרש קול קריסטל 100 מל,קולגייט פלמוליב,PL,משחת קולגייט,מיליליטרים,100.00,"100 מ""ל",false,1,12.90,12.90,true,1,
8718951314023,false,פלמוליב נטורלס תחליב רחצה אפרסק 750 מל,קולגייט פלמוליב,TR,תחליב רחצה אפרסק,מיליליטרים,750.00,"100 מ""ל",false,1,16.90,2.26,true,1,
8718951315303,false,"קולגייט אדומה משחת שיניים להגנה מפני עששת 2*100 מ""ל",קולגייט-פלמוליב,PL,משחת קולגייט 2יח,מיליליטרים,200.00,"100 מ""ל",false,1,18.90,9.45,true,1,
8718951329270,false,"ספיד סטיק ספריי מהדורה מוגבלת פלי 150 מ""ל",Colgate - Mexico,RU,דאו. ספיד סטיק,מיליליטרים,150.00,"100 מ""ל",false,1,14.90,9.93,true,1,
8718951338128,false,"ליידי ספיד סטיק רול און שאוור פרש 50 מ""ל",קולגייט פלמוליב,IT,דאודורנט רול און,מיליליטרים,50.00,"100 מ""ל",false,1,14.90,29.80,true,1,
8718951365865,false,קולגייט זוג מברשות עם סיבי פחם בצפיפות ג,קולגייט פלמוליב,PL,מברשת עם סיבי פח,יחידה,1.00,יחידה,false,1,31.90,31.90,true,1,
8718951370135,false,"סבון נוזלי ארומה סנסיישן גלואו 750 מ""ל פלמוליב",קולגייט פלמוליב,TR,סבון פלמוליב,מיליליטרים,750.00,"100 מ""ל",false,1,16.90,2.26,true,1,
8718951377998,false,קולגייט סופט פואם זוג מברשות שיניים לניק,קולגייט פלמוליב,CN,זוג מברשות סופט,יחידה,1.00,יחידה,false,1,31.90,31.90,true,1,
8718951380981,false,קולגייט מי פה פחם פלאקס,קולגייט,PL,קולגייט מי פה,מיליליטרים,500.00,"100 מ""ל",false,1,29.90,5.98,true,1,
8718951381292,false,"משחת שיניים מקס דיטוקס פואם קולגייט 125 מ""ל",קולגייט Colgate,PL,משחת מקס דיטוקס,מיליליטרים,125.00,"100 מ""ל",false,1,22.90,18.32,true,1,
8718951382718,false,"פלמוליב ג'ל רחצה חימר התחדשות 750 מ""ל",קולגייט פלמוליב,TR,סבון פמוליב,מיליליטרים,750.00,"100 מ""ל",false,1,16.90,2.26,true,1,
8718951392618,false,"קולגייט אופטיק וייט פחם צ'רקול משחת שיניים, 50 מ""ל",קולגייט פלמוליב,PL,משחת קולגייט,מיליליטרים,50.00,"100 מ""ל",false,1,15.90,31.80,true,1,
8718951400474,false,"תחליב רחצה קמליה ושקדים ללא משאבה750 מ""ל פלמולי",קולגייט פלמוליב,TR,תחליב רחצה שקדים,מיליליטרים,750.00,"100 מ""ל",false,1,16.90,2.26,true,1,
8718951409798,false,זוג מברשות שיניים מקס וויט פחם קולגייט,הנסיך- מפעל לייצור ט,PL,מברשת שיניים פחם,יחידה,1.00,יחידה,false,1,28.90,28.90,true,1,
8718951415836,false,קולגייט מי פה פלאקס פחם לחיוך לבן 500 מל,קולגייט Colgate,PL,קולגייט מי פה,מיליליטרים,500.00,"100 מ""ל",false,1,35.90,7.18,true,1,
8718951428492,false,"פלמוליב סבון רחצה לגבר 4ב1 מועשר בפחם 750 מ""ל",שסטוביץ,TR,סבון רחצה לגבר,מיליליטרים,750.00,"100 מ""ל",false,1,16.90,2.26,true,1,
8718951428522,false,"פלמוליב סבון רחצה לגבר 4 ב-1 המפ 750 מ""ל",שסטוביץ,TR,סבון פלמוליב,מיליליטרים,750.00,"100 מ""ל",false,1,16.90,2.26,true,1,
8718951431614,false,"סבון רחצה סו פירם מינרלים 750 מ""ל פלמוליב",קולגייט פלמוליב,TR,פלמוליב סב.רחצה,מיליליטרים,750.00,"100 מ""ל",false,1,16.90,2.26,true,1,
8718951433120,false,קולגייט טוטאל משחת שיניים לילדים לגילאי,קולגייט פלמוליב,PL,משחת קולגייט ילד,מיליליטרים,50.00,"100 מ""ל",false,1,15.90,31.80,true,1,
8718951477384,false,"קולגייט משחת שיניים טוטאל ג'ל מתקדם פיור 75 מ""ל",קולגייט פלמוליב,PL,משחת טוטאל ג'ל,מיליליטרים,75.00,"100 מ""ל",false,1,21.90,29.20,true,1,
8720181046605,false,דאב - דאודורנט ספריי לאישה אורגינל כחול 150מל,"יוניליוור אנגליה, דרך קו",TR,דאודורנט דאב,מיליליטרים,150.00,"100 מ""ל",false,1,12.90,8.60,true,1,
8720181046612,false,"דאב - דאודורנט רול און לאישה אורגינל 50 מ""ל","יוניליוור אנגליה, דרך קו",GB,דאב רול און,מיליליטרים,50.00,"100 מ""ל",false,1,12.90,25.80,true,1,
8720181090219,false,תחליב רחצה רימונים ותמצית פרח היביסקוס,"יוניליוור גרמניה, Gmbh &",DE,תחליב רחצה דאב,מיליליטרים,750.00,"100 מ""ל",false,1,23.90,3.19,true,1,
8720181201332,false,דאב אל סבון מוצק גרגרים 90 גרם רביעייה,יוניליוור ישראל טיפוח אי,DE,דאב סבון מוצק גר,גרמים,360.00,100 גרם,false,1,17.00,4.72,true,1,
8720182253156,false,דאב אל סבון מוצק מלפפונים 90 גרם רביעייה,יוניליוור ישראל טיפוח אי,DE,דאב סבון מוצק מל,גרמים,360.00,100 גרם,false,1,17.00,4.72,true,1,
8720182256850,false,דאב אל סבון מוצק קלאסי 90 גרם רביעייה,יוניליוור ישראל טיפוח אי,DE,דאב סבון מוצק קל,גרמים,360.00,100 גרם,false,1,17.00,4.72,true,1,
8850389103111,false,סאפי משקה אלוורה בטעם ענבים 300מל,סאפה פובליק קומפני ל,TH,משקה סאפה ענבים,מיליליטרים,300.00,"100 מ""ל",false,0,7.90,2.63,true,1,
8850389103128,false,סאפי משקה אלוורה בטעם תפוח 300מל,סאפה פובליק קומפני ל,TH,משקה סאפה תפוח,מיליליטרים,300.00,"100 מ""ל",false,0,7.90,2.63,true,1,
8850389104637,false,"משקה קל סאפה אלוורה אפרסק 300 מ""ל",סאפה פובליק קומפני ל,TH,סאפה אפרסק,מיליליטרים,300.00,"100 מ""ל",false,0,7.90,2.63,true,1,
8850389111352,false,"משקה מלון עם חתיכות גלי קוקוס 320 מ""ל מוגו מוגו",סאפה פובליק קומפני לימיט,TH,מוגו מלון קוקוס,מיליליטרים,320.00,"100 מ""ל",false,1,6.90,2.16,true,1,
8850389115312,false,"סאפה אלוורה מלון בקבוק 300 מ""ל",סאפה פובליק קומפני ל,TH,סאפה אלוורה,מיליליטרים,300.00,"100 מ""ל",false,1,7.90,2.63,true,1,
8888021200720,false,סוללות אנרג'ייזר AAA מקס 8 יחידות,יצרן: אנרג'ייזר סינג,SG,8 סוללות AAA,יחידה,1.00,יחידה,false,0,22.90,22.90,true,1,
8901138500306,false,משחת שיניים איורודית עם פלואוריד מן הטבע,הימלאיה Himalaya,IN,מש.שיניים הימלאי,מיליליטרים,100.00,"100 מ""ל",false,0,24.90,24.90,true,1,
8901138825591,false,"משחת שיניים הימלאיה מלבינה 75 מ""ל",הימלאיה Himalaya,IN,משחת שיניים,מיליליטרים,75.00,"100 מ""ל",false,1,24.90,33.20,true,1,
8901138846619,false,מש.הימלאיה לילד מסטיק80ג,הימלאיה,IN,משחת הימלאיה,גרמים,80.00,100 גרם,false,1,19.90,24.88,true,1,
8901314116079,false,מברשת ילדים ברבי,קולגייט-פלמוליב,CN,מברשת לילדים,יחידה,1.00,יחידה,false,1,10.90,10.90,true,1,
8901314116086,false,מברשת שיניים קולגייט ילדים באטמן,קולגייט-פלמוליב,CN,מברשת לילדים,יחידה,1.00,יחידה,false,1,10.90,10.90,true,1,
8901314218377,false,מברשת קולגייט 360 צרקואל,קולגייט-פלמוליב,IN,מברשת קולגייט360,יחידה,1.00,יחידה,false,1,10.00,10.00,true,1,
8901314517463,false,קולגייט מברשת שיניים,פרוקטר אנד גמבל,IN,מברשת קולגייט360,יחידה,1.00,יחידה,false,1,23.90,23.90,true,1,
8901314517487,false,קולגייט מברשת 4יח 3,,IN,מברשת קולגייט360,יחידה,1.00,יחידה,false,1,23.90,23.90,true,1,
9000100590938,false,"סאיוס - מוס לשיער ליצירת נפח 250 מ""ל",שוורצקוף,DE,מוס לעיצוב סאיוס,מיליליטרים,250.00,"100 מ""ל",false,0,33.90,13.56,true,1,
9000100806657,false,"פה - דאודורנט רול און לאישה בלתי נראה 50 מ""ל",שוורצקופף והנקל,DE,דאודורנט פה,מיליליטרים,50.00,"100 מ""ל",false,0,13.90,27.80,true,1,
9000101418163,false,"סבון אסלה בניחוח מתחלף תפוח ירוק נופר, 3 יחידות",ברף Bref,RS,ברף לאסלה 3 יח,גרמים,150.00,100 גרם,false,1,20.90,13.93,true,1,
9000101520965,false,"סבון אסלה בניחוח מתחלף לוטוס עדין במבוק, 3 יחידות",ברף Bref,RS,ברף לאסלה 3 יח,גרמים,150.00,100 גרם,false,1,20.90,13.93,true,1,
9001616202360,false,זוג מוצצי סיליקון זוהר בחושך 6+ חודשים Original Night,מאם Mam,HU,זוג מוצצים,יחידה,1.00,יחידה,false,0,38.90,38.90,true,1,
9001616203305,false,זוג פטמות X לבקבוק 6+ חודשים,מאם Mam,HU,פיטמה למזון סמיך,יחידה,1.00,יחידה,false,0,29.90,29.90,true,1,
9001616203367,false,מאם זוג פטמות מס 2 זרימה בינונית,General,AT,פטמה לבקבוק,יחידה,1.00,יחידה,false,0,28.90,28.90,true,1,
9001616661099,false,"בקבוק לתינוק 270 מ""ל 2+ חודשים Easy Active",מאם Mam,AT,מאמ בקבוק,יחידה,1.00,יחידה,false,0,38.90,38.90,true,1,
9001616669903,false,"בקבוק לתינוק ללא ביספנול 0+ מאם 160 מ""ל",מאם Mam,HU,מאמ בקבוק,יחידה,1.00,יחידה,false,0,38.90,38.90,true,1,
9001616680991,false,"בקבוק לתינוק אנטי קוליק מאמ 260 מ""ל",מאם Mam,AT,בקבוק אנטי קוליק,יחידה,1.00,יחידה,false,1,38.90,38.90,true,1,
9001616702686,false,זוג מוצצים סיליקון אי לאב מאמי מאמ 0-6 ורוד,אלפא,HU,זוג מוצצים 0-6 א,יחידה,1.00,יחידה,false,1,38.90,38.90,true,1,
9001616702716,false,זוג מוצצים סיליקון זוהרים בלילה מאמ +6 ורוד,General,HU,זוג מוצצים +6 זו,יחידה,1.00,יחידה,false,1,38.90,38.90,true,1,
9001616702808,false,זוג מוצצים סיליקון קלירליין מאמ +6 ורוד,אלפא,HU,זוג מוצצים +6 קל,יחידה,1.00,יחידה,false,1,38.90,38.90,true,1,
9001616702921,false,מאם בקבוק אנטי קוליק 260 מל לבן,General,HU,בקבוק אנטי קוליק,יחידה,1.00,יחידה,false,1,38.90,38.90,true,1,
9001616702969,false,"בקבוק תינוק 270 מ""ל סגול",General,HU,בקבוק תינוק וורו,יחידה,1.00,יחידה,false,1,38.90,38.90,true,1,
9001616702983,false,"בקבוק לתינוק מאמ 330 מ""ל",General,HU,בקבוק תינוק סגול,מיליליטרים,330.00,"100 מ""ל",false,1,38.90,11.79,true,1,
9001616804564,false,מאם זוג ידיות לבקבוק יום ולילה תכלת,אלפא,AT,ידיות לבקבוק תכל,יחידה,1.00,יחידה,false,1,34.90,34.90,true,1,
9001616813856,false,מוצצי +6 יום לילה מארז שלישיה,מאמ,AT,מוצצים יום ולילה,יחידה,1.00,יחידה,false,1,49.90,49.90,true,1,
9005800345291,false,"ניוואה היידרה סקין אפקט ג'ל מיסלרי לניקוי הפנים עם חומצה היאלורונית 150 מ""ל",אלפא,DE,היידרה סקין אפקט,מיליליטרים,150.00,"100 מ""ל",false,1,29.90,19.93,true,1,
9310714206119,false,שוורצקופף - ג'ל צביעה לגבר חום בהיר,הנקל סוד,DE,ג'ל צביעה לגבר,יחידה,1.00,יחידה,false,0,64.90,64.90,true,1,
