code,internal_code,name,manufacturer_name,manufacture_country,manufacturer_item_description,unit_qty,quantity,unit_of_measure,weighted,qty_in_package,price,unit_of_measure_price,allow_discount,status,item_id
17,true,עגבניה,חקלאי,IL,עגבניה,קילוגרמים,1.00,"ק""ג",true,,6.90,6.9000,true,1,136960
20,true,מלפפון,חקלאי,IL,מלפפון,קילוגרמים,1.00,"ק""ג",true,,5.90,5.9000,true,1,136659
31,true,גזר ארוז,חקלאי,IL,גזר ארוז,קילוגרמים,1.00,"ק""ג",true,,3.90,3.9000,true,1,136780
40,true,סלק,חקלאי,IL,סלק,קילוגרמים,1.00,"ק""ג",true,,7.90,7.9000,true,1,136801
90,true,בצל יבש,חקלאי,IL,בצל יבש,קילוגרמים,1.00,"ק""ג",true,,3.90,3.9000,true,1,136865
97,true,בצל אדום,חקלאי,IL,בצל אדום,קילוגרמים,1.00,"ק""ג",true,,8.90,8.9000,true,1,136868
110,true,בטטה,חקלאי,IL,בטטה,קילוגרמים,1.00,"ק""ג",true,,13.90,13.9000,true,1,136696
135,true,דלורית,חקלאי,IL,דלורית,קילוגרמים,1.00,"ק""ג",true,,9.90,9.9000,true,1,136703
147,true,אפרסמון,חקלאי,IL,אפרסמון,קילוגרמים,1.00,"ק""ג",true,,29.90,29.9000,true,1,141693
158,true,פלפל חריף ירוק,חקלאי,IL,פלפל חריף ירוק,קילוגרמים,1.00,"ק""ג",true,,12.90,12.9000,true,1,136711
160,true,פלפל אדום,חקלאי,IL,פלפל אדום,קילוגרמים,1.00,"ק""ג",true,,8.90,8.9000,true,1,136712
163,true,פלפל צהוב,חקלאי,IL,פלפל צהוב,קילוגרמים,1.00,"ק""ג",true,,14.90,14.9000,true,1,136713
170,true,קולורבי,חקלאי,IL,קולורבי,קילוגרמים,1.00,"ק""ג",true,,9.90,9.9000,true,1,136716
183,true,סברס,חקלאי,IL,סברס,קילוגרמים,1.00,"ק""ג",true,,29.90,29.9000,true,1,141697
185,true,קישוא זוקיני,חקלאי,IL,קישוא זוקיני,קילוגרמים,1.00,"ק""ג",true,,13.90,13.9000,true,1,136720
287,true,שום ארוז חבילה,חקלאי,IL,שום ארוז חבילה,Unknown,0.00,Unknown,false,1,13.90,0.0000,true,1,136760
290,true,תפוח אדמה אדום,חקלאי,IL,תפוח אדמה אדום,קילוגרמים,1.00,"ק""ג",true,,6.90,6.9000,true,1,136761
295,true,3תפוח אדמה לבן,חקלאי,IL,תפוח אדמה לבן,קילוגרמים,1.00,"ק""ג",true,,4.90,4.9000,true,1,136765
312,true,מלון גליה,חקלאי,IL,מלון גליה,קילוגרמים,1.00,"ק""ג",true,,10.90,10.9000,true,1,136782
318,true,אבטיח,חקלאי,IL,אבטיח,קילוגרמים,1.00,"ק""ג",true,,5.90,5.9000,true,1,205911
486,true,לימון,חקלאי,IL,לימון,קילוגרמים,1.00,"ק""ג",true,,13.90,13.9000,true,1,136811
500,true,תפוז מובחר,חקלאי,IL,תפוז מובחר,קילוגרמים,1.00,"ק""ג",true,,5.90,5.9000,true,1,136813
510,true,קלמנטינה,חקלאי,IL,קלמנטינה,קילוגרמים,1.00,"ק""ג",true,,13.90,13.9000,true,1,137997
522,true,אשכולית אדומה,חקלאי,IL,אשכולית אדומה,קילוגרמים,1.00,"ק""ג",true,,9.90,9.9000,true,1,136818
557,true,בננה,חקלאי,IL,בננה,קילוגרמים,1.00,"ק""ג",true,,8.90,8.9000,true,1,140452
560,true,אבוקדו,חקלאי,IL,אבוקדו,קילוגרמים,1.00,"ק""ג",true,,13.90,13.9000,true,1,136825
568,true,רימון,חקלאי,IL,רימון,קילוגרמים,1.00,"ק""ג",true,,14.90,14.9000,true,1,138175
583,true,נקטרינה,חקלאי,IL,נקטרינה,קילוגרמים,1.00,"ק""ג",true,,20.90,20.9000,true,1,140779
605,true,אגס,חקלאי,IL,אגס,קילוגרמים,1.00,"ק""ג",true,,18.90,18.9000,true,1,136834
626,true,מנגו,חקלאי,IL,מנגו,קילוגרמים,1.00,"ק""ג",true,,24.90,24.9000,true,1,137464
636,true,קיווי,חקלאי,IL,קיווי,קילוגרמים,1.00,"ק""ג",true,,39.90,39.9000,true,1,136842
658,true,תפוח עץ סמית,חקלאי,IL,תפוח עץ סמית,קילוגרמים,1.00,"ק""ג",true,,10.90,10.9000,true,1,136846
688,true,תפוח עץ מוזהב,חקלאי,IL,תפוח עץ מוזהב,קילוגרמים,1.00,"ק""ג",true,,14.90,14.9000,true,1,136849
700,true,תפוח עץ סטארקינג,חקלאי,IL,תפוח עץ סטארקינג,קילוגרמים,1.00,"ק""ג",true,,14.90,14.9000,true,1,137000
738,true,ענבים אדומים,חקלאי,IL,ענבים אדומים,קילוגרמים,1.00,"ק""ג",true,,49.90,49.9000,true,1,137407
756,true,שזיף,חקלאי,IL,שזיף,קילוגרמים,1.00,"ק""ג",true,,34.90,34.9000,true,1,137017
772,true,משמש,חקלאי,IL,משמש,קילוגרמים,1.00,"ק""ג",true,,44.90,44.9000,true,1,137328
1104,true,פטריות פורטובלה ארוז,חקלאי,IL,פטריות פורטובלה ארוז ליח,גרמים,200.00,100 גרם,false,1,12.90,6.4500,true,1,137490
2163,true,קופון מטליות חיטוי ב,,,קופון מטליות חיטוי ב9.90 למימוש באונליין,יחידה,1.00,יחידה,false,1,0.01,0.0100,true,1,138310
2784,true,קופון מסטיק ב6.90 למ,,,קופון מסטיק ב6.90 למימוש באונליין,יחידה,1.00,יחידה,false,1,0.01,0.0100,true,1,206807
2790,true,קופון אלטרנטיב ב9.90,,,קופון אלטרנטיב ב9.90 למימוש באונליין,יחידה,1.00,יחידה,false,1,0.01,0.0100,true,1,206813
2794,true,קופון אקווה נובה ב10,,,קופון אקווה נובה ב10.00 למימוש באונליין,יחידה,1.00,יחידה,false,1,0.01,0.0100,true,1,206817
3483,true,קופון מוש 2 ב8.90 למ,,,קופון מוש 2 ב8.90 למימוש באונליין,יחידה,1.00,יחידה,false,1,0.01,0.0100,true,1,207623
3484,true,קופון מסטיק מנטוס ב8,,,קופון מסטיק מנטוס ב8.90 למימוש באונליין,יחידה,1.00,יחידה,false,1,0.01,0.0100,true,1,207624
3489,true,קופון לחמניות ב7.90,,,קופון לחמניות ב7.90 למימוש באונליין,יחידה,1.00,יחידה,false,1,0.01,0.0100,true,1,207629
3490,true,קופון אוזניות ב59 למ,,,קופון אוזניות ב59 למימוש באונליין,יחידה,1.00,יחידה,false,1,0.01,0.0100,true,1,207630
3494,true,קופון ריצפז ב15.90 ל,,,קופון ריצפז ב15.90 למימוש באונליין,יחידה,1.00,יחידה,false,1,0.01,0.0100,true,1,207634
3495,true,קופון סנו סושי ב16.9,,,קופון סנו סושי ב16.90 למימוש באונליין,יחידה,1.00,יחידה,false,1,0.01,0.0100,true,1,207637
4400,true,עגבנית שרי באשכולות,מרינה,IL,עגבנית שרי באשכולות שקיל,קילוגרמים,1.00,"ק""ג",true,,29.90,29.9000,true,1,147897
5803,true,פומלה,מרינה,IL,פומלה,קילוגרמים,1.00,"ק""ג",true,,12.90,12.9000,true,1,142410
5809,true,ענבים ירוקים,מרינה,IL,ענבים ירוקים,קילוגרמים,1.00,"ק""ג",true,,39.90,39.9000,true,1,146369
7227,true,קופון 20 שח חוזרים י,,,קופון 20 שח חוזרים יוני,יחידה,1.00,יחידה,false,1,0.01,0.0100,true,1,206971
8045,true,פטאיה,מרינה,IL,פטאיה,קילוגרמים,1.00,"ק""ג",true,,29.90,29.9000,true,1,143536
8057,true,אפרסק לבן,מרינה,IL,אפרסק לבן,קילוגרמים,1.00,"ק""ג",true,,19.90,19.9000,true,1,143548
8066,true,תפוח קריספ פינק,מרינה,IL,תפוח קריספ פינק,קילוגרמים,1.00,"ק""ג",true,,21.90,21.9000,true,1,143556
9287,true,שום ארוז במשקל,חקלאי,IL,שום ארוז במשקל,קילוגרמים,1.00,"ק""ג",true,,39.90,39.9000,true,1,142715
11200,true,חסה ערבית,חקלאי,IL,חסה ערבית,גרמים,400.00,100 גרם,false,1,4.90,1.2250,true,1,138072
453781,true,שמרים יבשים 125 גרם,"פאקא תעשיות בע""מ",PT,שמרית שמרים יבשים 125 גרם,גרמים,125.00,100 גרם,false,1,7.50,6.0000,true,1,190347
30112919,false,נייר גלגול בינוני + פילטר בודד,Unknown,IL,נ.ג. בינוני+פילטר בודד,Unknown,0.00,Unknown,false,1,7.90,0.0000,false,1,159094
32147230,false,"מיץ לימון משומר 200מ""ל(לימונית אקסטרא)",ג'נרל מילס סאן אדריא,CH,סיצילה מיץ לימון משומר לימונית 200 מל,מיליליטרים,200.00,"100 מ""ל",false,1,8.50,4.2500,true,1,143511
40084107,false,ביצת שוקולד הפתעה קינדר,פרדי קונדטוריה אס פי,IT,ביצת הפתעה - עשיר בחלב,גרמים,20.00,100 גרם,false,1,6.40,32.0000,true,1,137186
40111216,false,באונטי חטיף קוקוס ושוקולד 57ג',"נארז ע""י : א.ג. גילר",NL,חטיף קוקוס רך מצופה שוקולד חלב באונטי,גרמים,57.00,100 גרם,false,1,4.90,8.5965,true,1,134651
54013674,false,ריזלה נייר גלגול אדו,ריזלה נייר גלגול אדו,,ריזלה נייר גלגול אדום 3גרם,יחידה,1.00,יחידה,false,1,3.00,3.0000,true,1,205021
59068914,false,סיגריות פאל מאל סילבר דמי סלימס,Unknown,PL,סיגריות פאל מאל סילבר דמני סלימס בודד,לא מנהל יחידת מידה,0.00,לא מנהל יחידת מידה,false,1,26.40,0.0000,false,1,188386
72940754,false,"מילקי מעדן וניל עם קצפת שטראוס 133 מ""ל","שטראוס גרופ בע""\מ",IL,מילקי בטעם וניל,גרמים,133.00,100 גרם,false,1,2.90,2.1805,true,1,135950
72940761,false,"מילקי מעדן שוקולד עם קצפת שטראוס 133 מ""ל",מיוצר עי קונדיטוריית,IL,מילקי בטעם שוקולד,גרמים,133.00,100 גרם,false,1,2.90,2.1805,true,1,135951
72940952,false,מעדן מילקי בטעם שוקולד עם אקסטרה קצפת,"שטראוס גרופ בע""\מ",IL,מילקי אקסטרה קצפת,גרמים,107.00,100 גרם,false,1,4.50,4.2056,true,1,135952
72961506,false,יוגורט עם תות 1.5% שומן 125 ג' פרילי,מיוצר עי קונדיטוריית,IL,פרילי תות בגביע 125 גרם,מיליליטרים,125.00,"100 מ""ל",false,1,4.00,3.2000,true,1,135961
72963753,false,שמנת אורגינל של פעם 27% שומן 200 ג' תנובה,תנובה מרכז שיתופי לש,IL,תנובה שמנת של פעם אורגינל 27% שומן,מיליליטרים,200.00,"100 מ""ל",false,1,4.00,2.0000,true,1,135971
72986370,false,"גלידת בן & ג'ריס פיינטים וניל 500מ""ל",מוצרי איכות אמריקאיים,IL,פיינט וניל FT,מיליליטרים,500.00,"100 מ""ל",false,1,23.90,4.7800,true,1,135979
72986424,false,"גלידת בן & ג'ריס פיינטים קרם עוגיות 500מ""ל",מוצרי איכות אמריקאיים בע,IL,"פיינט קרם עוגיות בד""ץ",מיליליטרים,500.00,"100 מ""ל",false,1,23.90,4.7800,true,1,135980
72986448,false,"גלידת בן & ג'ריס פיינטים טופי קראנץ 500מ""ל",מוצרי איכות אמריקאיים בע,IL,גלידת וניל עם חתיכות טופי מצופות שוקולד,מיליליטרים,500.00,"100 מ""ל",false,1,23.90,4.7800,true,1,135981
72986479,false,"גלידה שוקולד אגוז עם בננות בן וג'ירי 500 מ""ל",מוצרי איכות אמריקאיים בע,IL,פיינט צאנקי מנקי FT,מיליליטרים,500.00,"100 מ""ל",false,1,23.90,4.7800,true,1,135983
72989425,false,"גלידת בן & ג'ריס פיינטים שוקולד בראוניז 500מ""ל",מוצרי איכות אמריקאיים בע,IL,פיינט שוקולד בראוניס FT,מיליליטרים,500.00,"100 מ""ל",false,1,23.90,4.7800,true,1,139150
72991886,false,"גלידת דולצ'ה בטעם ריבת חלב עם פאדג' בן וג'ירי 500 מ""ל",מוצרי איכות אמריקאיים בע,IL,פיינט דולצ'ה דה לצ'ה,מיליליטרים,500.00,"100 מ""ל",false,1,23.90,4.7800,true,1,135985
76136184,false,סיגריות פאל מל סלימס כחול בודד,Unknown,CH,סיגריות פאל מל סלימס כחול חפיסה בודד,לא מנהל יחידת מידה,0.00,לא מנהל יחידת מידה,false,1,30.50,0.0000,false,1,141994
80042556,false,POLPA עגבניות חתוכות דק 400 גרם MUTTI,"איי, בי, אינבוו",IT,עגבניות מרוסקות POLPA MUTTI,גרמים,400.00,100 גרם,false,1,6.90,1.7250,true,1,190698
80052487,false,חטיף+ציפוי קוקוס רפאלו30,פררו - אלבה,PL,רפאלו 30 גרי שלישייה,גרמים,30.00,100 גרם,false,1,4.90,16.3333,true,1,148195
80052760,false,קינדר בואנו Kinder Bueno עם חלב ואגוזי לוז,פררו - אלבה,PL,קינדר בואנו,גרמים,43.00,100 גרם,false,1,4.90,11.3953,true,1,136098
80177173,false,ממרח שוקולד נוטלה 350 גרם,פררו - אלבה,IT,ממרח שוקולד נוטלה אגוזים 350 גרם,גרמים,350.00,100 גרם,false,1,15.90,4.5429,true,1,136107
80177609,false,אצבעות שוקולד קינדר Kinder ארבע יחידות,פררו - אלבה,IT,שוקולד חלב עם תכולת חלב גבוהה במילוי קרם חלבי,גרמים,50.00,100 גרם,false,1,4.90,9.8000,true,1,136108
80177616,false,אצבעות שוקולד קינדר Kinder שמונה יחידות,פררו - אלבה,IT,שוקולד חלב עם תכולת חלב גבוהה במילוי קרם חלבי,גרמים,100.00,100 גרם,false,1,9.50,9.5000,true,1,136109
80273592,false,פלפל ארבע עונות 30 גר ארומה דה טוסקנה,דרוגיה ואלימנטרי אס.אר.א,IT,פלפל 4 העונות במטחנה 35 גרם,גרמים,35.00,100 גרם,false,1,13.90,39.7143,true,1,136125
80761761,false,קינדר בואנו לבן בודד 39 גרם,ליימן שליסל,PL,חטיף וופל קינדר בואנו שוקולד לבן 39 גרם,גרמים,39.00,100 גרם,false,1,4.90,12.5641,true,1,148876
80773429,false,מנטוס בקבוק מעוגל - מסטיק ללא סוכר בטעם תות 60 גרם,"פרפטי ואן מלה ג'\ידה,סאן",TR,מנטוס גומי לעיסה ללא סוכר בטעם תות שדה,גרמים,60.00,100 גרם,false,1,10.90,18.1667,true,1,174132
80790990,false,מסטיק מנטוס בבקבוק מעוגל בטעם פירות -מנטה 60 ג',"פרפטי ואן מלה ג'\ידה,סאן",TR,מסטיק מנטוס מנטה עדינה בקבוק מעוגל 60 גר,גרמים,60.00,100 גרם,false,1,10.90,18.1667,true,1,171945
80843184,false,מנטוס מסטיק פיור פרש בטעם ענבים 60גר,פרפטי ואן מלה הולנד,TR,מסטיק בקבוקון פיור ענבים 60 גרם,גרמים,60.00,100 גרם,false,1,10.90,18.1667,true,1,203022
80913467,false,מנטוס בקבוק מעוגל - מסטיק ללא סוכר בטעם מנטה,פרפטי ואן מלה הולנד,TR,mentos - pure fresh,גרמים,60.00,100 גרם,false,1,10.90,18.1667,true,1,172065
80936848,false,סוכריות טיק טק תות שדה 24 יח',ליימן-שליסל,ZA,טיק טק בטעם תות שדה- מנטה 16 גרם,גרמים,16.00,100 גרם,false,1,4.00,25.0000,true,1,157957
80945468,false,סוכריות פיור וויט טעם מנטה מתוקה 60 ג' מנטוס,"פרפטי ואן מלה ג'ידה,סאן",TR,מנטוס גומי לעיסה ללא סוכר בטעם תות שדה,גרמים,60.00,100 גרם,false,1,10.90,18.1667,true,1,203357
85942677,false,ניר קצר דק פארטי+פילטר50,U 4 ROLL,CZ,נייר קצר כולל פילטר,Unknown,0.00,Unknown,false,1,6.00,0.0000,false,1,152460
85951730,false,רול פור יו פילטרים ל,U 4 ROLL,CZ,120 פילטרים SLIM PARTY,Unknown,0.00,Unknown,false,1,4.90,0.0000,false,1,150070
85966611,false,נייר גלגול גדול כולל פילטר PIH,רול פור יו,CZ,נייר גלגול גדול כולל פילטר PIH,יחידה,1.00,יחידה,false,1,7.00,7.0000,false,1,196004
11182700954,false,קינג קול שעועית שחורה 439 גרם,האנאובר פודס קורפורשיין,US,שעועית שחורה קינג קול 436 גרם,גרמים,436.00,100 גרם,false,1,11.90,2.7294,true,1,149059
14100089001,false,עוגיות מילאנו מונטקט,פפרידג פראם,,עוגיות מונטוק שוקולד חלב פפרידג 244 גרם,גרמים,244.00,100 גרם,false,1,22.90,9.3852,true,1,153757
16000185517,false,דגני בוקר פייבר וואן עתירי סובין FIBRE1,בטר אנד דיפרנט,US,דגני פייבר 1 555גרם,גרמים,555.00,100 גרם,false,1,32.90,5.9279,true,1,203618
16000548404,false,חטיפי גרנולה קראנצ'י עם שיבולת שועל ודבש נייצ'ר ואלי 5*42 גרם,ג'נרל מילס סאן אדריאן,ES,"נייטשר וואלי, קראנצ'י שיבולת שועל עם דבש",גרמים,210.00,100 גרם,false,1,14.90,7.0952,true,1,133416
16000548909,false,חטיפי גרנולה קראנצ'י במגוון טעמים נייצ'ר ואלי 5*42 גרם,ג'נרל מילס סאן אדריאן,ES,חטיפי גרנולה קראנצי מגוון טעמים 210 גרם,גרמים,210.00,100 גרם,false,1,14.90,7.0952,true,1,133419
18000701223,false,"פילסברי, עוגה בטעם שוקולד, תערובת להכנת עוגה בטעם שוקולד. 500 גרם",הדקלאים אגודת שיתופי,IL,תערובת להכנת עוגת שוקולד פילסברי 500 גרם,גרמים,500.00,100 גרם,false,1,19.90,3.9800,true,1,133462
22200956949,false,דאודורנט ג'ל כתום לגבר ספיד סטיק 85 גרם,קולגייט-פלמוליב,US,"דאודורנט ספיד סטיק ג""ל כחול 85 גרם",מיליליטרים,85.00,"100 מ""ל",false,1,21.90,25.7647,true,1,133704
36000516876,false,ממחטות נייר קלינקס לושן 3 שכבות 75 דף,חוגלה קימברלי,US,קלינקס לושן 75 - 3 שכבות,יחידה,27.00,יחידה,false,1,12.90,0.4778,true,1,195912
36000516890,false,קלינקס לושן שלוש שכבות 120 יחידות,חוגלה קימברלי,US,קלינקס לושן אלוורה 120 - 3 שכבות,יחידה,24.00,יחידה,false,1,20.90,0.8708,true,1,195911
37600207188,false,חמאת בוטנים קלאסי סקיפי 462 גרם,חברת המזון אלגוד,US,חמאת בוטנים סקיפי קלאסי 462 גרם,גרמים,462.00,100 גרם,false,1,21.90,4.7403,true,1,159577
38000138607,false,חטיף צ'יפס בטעם מלח וחומץ,פרינגלס מנופקצ'ורינג,US,פרינגלס חומץ מלח 158 גרם,גרמים,158.00,100 גרם,false,1,10.90,6.8987,true,1,193132
38000232183,false,פרינגלס ביג אורגינל 149 גרם,פרינגלס מנופקצ'ורינג קונ,US,פרינגלס אורגינל 149 גרם,גרמים,149.00,100 גרם,false,1,10.90,7.3154,true,1,196404
38527591053,false,קואקר דגנים מרובעים שיבולת שועל וקינמון,קוואקר אוטס קומפני,US,דגני קוואקר מרובעים קינמון 411 גרם,גרמים,411.00,100 גרם,false,1,22.70,5.5231,true,1,150670
38527591060,false,דגני קוואקר מרובעים Quaker Squares עם סוכר חום,קוואקר אוטס קומפני,US,דגני קוואקר מרובעים סוכר חום 411 גרם,גרמים,411.00,100 גרם,false,1,22.70,5.5231,true,1,150671
40000514480,false,M&M אריזה קטנה's שוקולד אריזה קטנה 48 גרם,M&M אם אנד אם,US,סוכריות M&M בטעם שוקולד 48 גרם,גרמים,48.00,100 גרם,false,1,5.80,12.0833,true,1,169017
46214731552,false,עוגיות שוקולד צ'יפס 37% גודיס 225 גרם,קריניציה ויטמינה אס,NL,מרבה עוגיות עם 37% שוקולד צ'יפס 225 גרם,גרמים,225.00,100 גרם,false,1,10.90,4.8444,true,1,134935
50000170180,false,מזון חתולים פריסקיז עוף ברוטב 156 גרם,נסטלה פורינה USA קר,US,פריסקיז פריים פילה עוף ברוטב 156 גר,גרמים,156.00,100 גרם,false,1,6.90,4.4231,true,1,184218
50000292592,true,פנסי פיסט סלמון ברוט,פורינה,US,פנסי פיסט סלמון ברוטב עשיר,גרמים,85.00,100 גרם,false,1,5.90,6.9412,true,1,175899
50000429448,false,פריסקיז פנסי פיסט פטה מוס סלמון 85 גרם,נסטלה פורינה USA סט,US,פנסי פיסט מוס סלמון 85 גר,גרמים,85.00,100 גרם,false,1,5.90,6.9412,true,1,135054
51000002846,false,מיץ ירקות V8 אורגינל,INTERNATIONAL AMERIC,IL,"מיץ ירקות V8 אורגינל 946 מ""ל",מיליליטרים,946.00,"100 מ""ל",false,1,22.90,2.4207,true,1,140378
64144090051,false,"ספריי שמן PAM קנולה אורגינל 148 מ""ל",קונאגרה פודס,US,"PAM תרסיס שמן קנולה 148 מ""ל",מיליליטרים,148.00,"100 מ""ל",false,1,19.90,13.4459,true,1,161772
70970473562,false,מייק לייק - סוכריות ג'לי בינס קרטונית מגה מיקס 141 גרם,ג'\אסט בורן,US,מייק אנד אייק מגה מיקס 141 גרם,גרמים,141.00,100 גרם,false,1,11.90,8.4397,true,1,172440
74570174003,false,גלידה בטעם אגוזי מקדמיה 473 ג' האגן דאז,האגן-דאז,FR,"גלידת שמנת אגוזי מקדמיה 473 מ""ל",מיליליטרים,473.00,"100 מ""ל",false,1,24.90,5.2643,true,1,136015
76840100583,false,"גלידת וניל עם בצק עוגיות בן וג'ירי 473 מ""ל",מוצרי איכות אמריקאיים בע,IL,"גלידה בצק עוגיות 473 מ""ל",מיליליטרים,473.00,"100 מ""ל",false,1,23.90,5.0529,true,1,147141
77245110610,false,סוכריות מאסט ללא סוכר בטעם מנטה 80 ג'עלית,MIESZKO S.A - MS. JO,PL,סוכריות מאסט מנטה ללא סוכר 80 גרם,גרמים,80.00,100 גרם,false,1,10.90,13.6250,true,1,137434
77343000233,false,נרות חימום אורה 50 יחי',"מנורה שי נר בע""מ",IL,נרות חימום אורה 50,יחידה,1.00,יחידה,false,1,11.90,11.9000,true,1,165141
77975094624,false,"סניידרס סנדוויץ בייגלה במילוי חמאת בוטנים , 226 ג'",סניידרס Snyder's,US,שברי בייגלה סניידרס חמאת בוטנים 283 גרם,גרמים,284.00,100 גרם,false,1,17.90,6.3028,true,1,199020
77975094631,false,סניידרס סנדוויץ' בייגלה במילוי קרם בטעם צ'דר 226 גרם,סניידרס לאנס,US,"בייגלה סניידרס סנדביץ גבינה צ""דר 226 גרם",גרמים,226.00,100 גרם,false,1,17.90,7.9204,true,1,199019
77975094761,false,סניידרס חטיפים על בסיס קמח חיטה בטעם גבינת צ'דר,סניידרס אוף האנובר,US,סניידרס בטעם צדר 340 גרם,גרמים,340.00,100 גרם,false,1,17.90,5.2647,true,1,201423
80518532743,false,חבילת בלונים (50 יח') פסטל בסטרים,NORTHERN,CN,שקית בלון 50 בלונים,מיליליטרים,0.00,"100 מ""ל",false,1,14.90,0.0000,true,1,136135
611745285685,false,אבוקדו בשל מארז 2יחידות,"מור בריאות בע""מ",IL,אבוקדו ארוז בשל 570 גרם,גרמים,570.00,100 גרם,false,1,16.90,2.9649,true,1,189814
613008742348,false,בקבוק אריזונה ג'נסינג ודבש 1 ליטר,"נטורלה גטרנק בע""\מn\",BG,אריזונה גנסנג ודבש בקבוק 1 ליטר,ליטרים,1.00,ליטר,false,1,12.90,12.9000,true,1,198263
638102532817,false,חטיף על בסיס חלבון סויה עם שוקולד מריר,"אבוט נוטרישן, מעבדות",US,חטיף זון דאבל שוקולד,גרמים,50.00,100 גרם,false,1,13.90,27.8000,true,1,170168
673879000602,false,"קאברד ברידג' חטיף תפו""א ומלח ים חומץ 170 גרם",קאבר ברידג',CA,קאברד ברידג תפוא מלח ים חומץ ללא גלוטן,גרמים,170.00,100 גרם,false,1,25.90,15.2353,true,1,202912
728229124771,false,טרה חטיף על בסיס בטטה בטעם ברביקיו 110 גרם,היין פיוצ'ור נטורל פ,IN,טרה חטיף על בסיס בטטה בטעם ברביקיו 110 גרם,גרמים,110.00,100 גרם,false,1,16.90,15.3636,true,1,167667
728229130444,false,"חטיף על בסיס ירקות שורש עם בטטה, תפו""א כחול וסלק",היין סלסטיאל גרופ,US,טרה ירק תפוא כחול סלק 110 גרם,גרמים,110.00,100 גרם,false,1,16.90,15.3636,true,1,147347
768404001640,false,"גלידה בן&ג'ריס קפה משפחתית 500מ""ל",מוצרי איכות אמריקאיים בע,IL,"פיינט בטעם קפה בן אנד גרי 500 מ""ל",מיליליטרים,500.00,"100 מ""ל",false,1,23.90,4.7800,true,1,145011
818570007066,false,"פיור וניל טהור 29 מ""ל ""ווטקינס""","ג'יי אר ווטקינס בע""מ",US,סידס תמצית מוניל טהור עם פולי וניל ממדגסקר 29 מל,מיליליטרים,29.00,"100 מ""ל",false,1,32.90,113.4483,true,1,172229
833949000264,false,"סירופ מייפל אמיתי 100% אורגני 250 מ""ל",דיקסר קוויבק,CA,סירופ מייפל אורגני 330 גרם,גרמים,330.00,100 גרם,false,1,27.90,8.4545,true,1,151597
835811005964,false,מגש הכסף מאורך אינגליש קייק 20 יח',ווינפאק,,תבנית אלומיניום אינגליש 20 יחידות,לא מנהל יחידת מידה,0.00,לא מנהל יחידת מידה,false,1,13.90,0.0000,true,1,153108
884912342737,false,דגני בוקר קריספי וופל פוסט 326 גרם.,הנסיך- מפעל לייצור ט,US,תערובת דגנים בטעם וואפל אמריקאי,גרמים,325.00,100 גרם,false,1,25.90,7.9692,true,1,196696
884912359162,false,האני באנצ' דגני בוקר עם שקדים פוסט 411 גרם,פוסט ארצות הברית,US,POST האני באנצ אלמונד 340 גרם,גרמים,411.00,100 גרם,false,1,24.90,6.0584,true,1,205548
898193001252,false,בונומלי - חליטת קמומיל 28 גרם,הייר ליבינג,IT,"""בונומלי"" תה קמומיל (בבונג) 28 גרם",גרמים,28.00,100 גרם,false,1,18.90,67.5000,true,1,194793
1230000116022,false,ביונד בורגר Beyond Burger - מארז זוג,ביונד מיט קליפורניה ארהב,US,המבורגר ביונד מיט מארז זוגות,גרמים,226.00,100 גרם,false,1,36.90,16.3274,true,1,205701
3014260262709,false,סכיני גילוח לאישה 3 להבים,ג'ילט ונוס Gillette Venus,DE,סכיני גילוח ג'ילט ונוס לנשים 4 יחידות,יחידה,1.00,יחידה,false,1,49.90,49.9000,true,1,134133
3014260289287,false,סכין גילוח גילט בלו 2 לנשים-חמישייה,פרוקטר אנד גמבל,RU,ג'ילט סכיני בלו 2 לנשים חמישייה,יחידה,1.00,יחידה,false,1,16.90,16.9000,true,1,149600
3046920028004,false,לינדט שוקולד אקסלנס מריר 70% 100 גר,לינדט ושפרונגלי קילשברג,FR,לינדט אקסלנס 70% שוקולד מריר 100 גר,גרמים,100.00,100 גרם,false,1,16.90,16.9000,true,1,134203
3046920028752,false,שוקולד לינדט אקסלנס מינט 100 גרם,לינדט ושפרונגלי קילשברג,FR,לינדט אקסלנס שוקולד מריר שוויצרי עם מלח ים 100 גרם,גרמים,100.00,100 גרם,false,1,16.90,16.9000,true,1,142405
3046920029674,false,שוקולד לינדט אקסלנס סולט 100 גרם,לינדט ושפרונגלי קילשברג,DE,לינדט אקסלנס שוקולד מריר עם נגיעות מלח ים 100 גרם,גרמים,100.00,100 גרם,false,1,16.90,16.9000,true,1,145000
3046920029759,false,לינדט אקסלנס 90% מוצקי קקאו 100 גרם,לינדט ושפרונגלי קילשברג,DE,שוקולד לינדט אקסלנס 90% 100 גרם,גרמים,100.00,100 גרם,false,1,16.90,16.9000,true,1,164272
3059943015128,false,מבשם אוויר נטול גז אקווה מיסט בניחוח לבנדר פראי ואוויר הרים,הדקלאים אגודת שיתופי,PL,"מבשם אוויר איירוויק נטול גז בניחוח לבנדר 345 מ""ל",מיליליטרים,345.00,"100 מ""ל",false,1,14.90,4.3188,true,1,146035
3068320055008,false,מים מינרלים אוויאן 500 מל,קריניציה ויטמינה אס,FR,"מים מינרלים אוויאן 500 מ""ל",מיליליטרים,500.00,"100 מ""ל",false,1,8.90,1.7800,true,1,150601
3073781161663,false,גבינה מותכת 18.5% שומן לה וואש קירי,לה וואש קירי La Vache qui rit,FR,גבינת לה וואש קירי,גרמים,128.00,100 גרם,false,1,14.90,11.6406,true,1,202521
3073781162790,false,גבינה מותכת בייבי בל 120 גרם,מחלבות בל,FR,"בייבי בל גבינה מחלב מפוסטר, 120 גרם",גרמים,120.00,100 גרם,false,1,22.90,19.0833,true,1,205027
3161911229199,false,חמאה צרפתית רכה למריחה אל & ויר 250 גרם,אלל אה וויר,FR,חמאה רכה אלוויר 250 גרם,גרמים,250.00,100 גרם,false,1,22.90,9.1600,true,1,134262
3161911366429,false,חמאה צרפתית מלוחה רכה למריחה אלוויר 250 גר',ארזינא,FR,חמאה רכה מלוחה אלוויר 250 גרם,גרמים,250.00,100 גרם,false,1,22.90,9.1600,true,1,134264
3175460000017,false,גבינת בורסאן שום ועשבי תיבול 150 גר,השחר,FR,גבינה בורסאן שום 150 גרם,גרמים,150.00,100 גרם,false,1,22.90,15.2667,true,1,142539
3175460000864,false,גבינת בורסאן טבעי 150 גר,Unknown,FR,גבינה בורסאן טבעי 150 גרם,גרמים,150.00,100 גרם,false,1,22.90,15.2667,true,1,136933
3228022910023,false,חמאת צרפתית פרזידנט 200 גרם,סוסייטה בארייר דה אי,FR,פרזידנט חמאה 200 גרם,גרמים,200.00,100 גרם,false,1,16.90,8.4500,true,1,134324
3272770003148,false,"שברוקס גבינת עיזים פרמידה, 150 גרם",מיוצר עי קונדיטוריית,FR,גבינת שברו עיזים 150 גרם,גרמים,150.00,100 גרם,false,1,27.90,18.6000,true,1,192572
3387390525960,false,קראנץ' דגני בוקר עם שוקולד חלב נסטלה 500 גרם,הנסיך- מפעל לייצור ט,FR,דגני קראנץ נסטלה 500 גרם,גרמים,500.00,100 גרם,false,1,27.90,5.5800,true,1,144188
3574661487328,false,קרפרי מגני תחתון אורגינל פלוס 56 יח',הדקלאים אגודת שיתופי,IT,קארפריי מגיני תחתון אורג'ינל עם שכבה מגינה 58 יח',יחידה,1.00,יחידה,false,1,19.90,19.9000,true,1,194848
3574661552811,false,מגן תחתון קרפרי כותון אוורירי 56 יחידות,הדקלאים אגודת שיתופי,GR,קארפריי מגן תחתון כותנה 58 יח',יחידה,1.00,יחידה,false,1,19.90,19.9000,true,1,197881
3574661554877,false,מגן תחתון קרפרי כותון מבושם 56 יחידות,הנסיך- מפעל לייצור ט,GR,קרפרי מגן תחתון אוורירי מבושם 58 יח,יחידה,1.00,יחידה,false,1,19.90,19.9000,true,1,197203
3608580730231,false,קונפיטורה בון ממאן תות שדה 370 גר',אף.סי תבליני בגליל ב,FR,קונפיטורת תות שדה,גרמים,370.00,100 גרם,false,1,19.90,5.3784,true,1,163171
4000417019004,false,שוקולד חלב אגוזי לוז שלמים ריטר ספורט 100 גרם,ריטר ספורט Ritter sport,DE,ריטר ספורט שוקולד חלב עם אגוזי לוז שלמים,גרמים,100.00,100 גרם,false,1,11.90,11.9000,true,1,148820
4000417224002,false,"ריטר ספורט טבלת שוקולד מריר אגוזים, 100 גרם",ריטר ספורט Ritter sport,DE,שוקולד ריטר ספורט מריר אגוזים 100 גרם,גרמים,100.00,100 גרם,false,1,11.90,11.9000,true,1,163533
4009309740422,true,רסק תפוחים אורגני,תות תעשיות מזון (201,DE,נטור פוד רסק תפוחים אורגני 700 גרם,גרמים,700.00,100 גרם,false,1,17.90,2.5571,true,1,175378
4009900402965,false,אורביט וויט בטעם פירות בקבוקון 46מלבניות,ריגלי פולין,PL,מסטיק אורביט וויט פירות בקבוקון,Unknown,0.00,Unknown,false,1,11.90,0.0000,true,1,153277
4009900482417,false,מסטיק אורביט פירות מנטה בקבוקון באבל מינט 45יח,ריגלי פולין,PL,מסטיק אורביט בבלמינט בקבוקון 64 גרם,Unknown,0.00,Unknown,false,1,11.90,0.0000,true,1,155483
4011800567613,false,מאגדת קורני מילק דרק & ואיט 120 גרם,מיוצר עי קונדיטוריית,DE,חטיף קורני סנדוויץ שחור לבן מארז 4 יח,גרמים,120.00,100 גרם,false,1,14.90,12.4167,true,1,159227
4011800628512,false,חטיף קורני שוקולד חלב 6 יח 150 גר,מיוצר עי קונדיטוריית,DE,קורני חטיף דגנים עם שוקולד חלב 6 יחידות 150 גרם,גרמים,150.00,100 גרם,false,1,14.90,9.9333,true,1,157703
4011800630515,false,חטיף קורני שוקולד חלב ובננה 6 יח 150 גר,מיוצר עי קונדיטוריית,DE,קורני חטיף דגנים עם שוקולד חלב ובננה 175 גרם,גרמים,150.00,100 גרם,false,1,14.90,9.9333,true,1,157728
4011800636517,false,קורני פרי שוקולד חלב מעולה ללא סוכר 6*1,מיוצר עי קונדיטוריית,DE,חטיף קורני FREE שוקולד חלב מארז 6 יח,גרמים,120.00,100 גרם,false,1,14.90,12.4167,true,1,157505
4014400923711,false,בונבוניירה שוקולד אגוזים טופיפי 125 גרם,ליימן מותגים,DE,בונבוניירה טופיפי שוקולד 125 גרם,גרמים,125.00,100 גרם,false,1,13.90,11.1200,true,1,170200
4015600762742,false,שמפו יומיומי למניעת קשקשים הנוסחה הקלאסית,פרוקטר אנד גמבל,RO,"הד אנד שולדרס שמפו קלאסי 500 מ""ל",מיליליטרים,500.00,"100 מ""ל",false,1,24.90,4.9800,true,1,164421
4017100364112,false,בלזן היט בסקוויט סנדביץ עם מלית קרם בטעם שוקולד קקאו (41%) 220 גרם,הדקלאים אגודת שיתופי,PL,בלזן היט קקאו 220 גרם,גרמים,220.00,100 גרם,false,1,10.90,4.9545,true,1,162814
4043058010412,false,טבק אמריקן ספיריט צהוב פאוצ,פלנטה טבק,DE,טבק לגלגול אמריקן ספיריט צהוב חבילה30גר,גרמים,30.00,100 גרם,false,1,88.20,294.0000,false,1,163704
4084500853898,false,"נוזל כלים פיירי אלוורה ומלפפונים 515 מ""ל בד""צ",פרוקטר אנד גמבל,GB,"נוזל כלים פיירי אלוורה מלפפונים 515 מ""ל",מיליליטרים,515.00,"100 מ""ל",false,1,10.90,2.1165,true,1,164822
4100130937163,false,בירה בקס שישייה 6*275 מל,"איי, בי, אינבוו",DE,בירה בקס 6 יחידות 1.65 ליטר,מיליליטרים,275.00,"100 מ""ל",false,1,34.90,12.6909,true,1,164799
4607012351999,false,גרעיני חמניות מרטין עם מלח 200 גרם,"נארז ע""י : א.ג. גילר",RU,גרעיני חמנייה במלח מרטין 200 גרם,גרמים,200.00,100 גרם,false,1,13.90,6.9500,true,1,175561
4607109409619,false,פיניש הכל ב-1 טבליות למדיח 25 יח,הדקלאים אגודת שיתופי,PL,טבליות למדיח כלים פיניש אול אין וואן 25 טבליות,גרמים,530.00,100 גרם,false,1,29.90,5.6415,true,1,170121
4640018993343,false,פיניש קוואנטום קפסולות ג'ל למדיח כלים 30 יח',רקיט בנקיזר,PL,פיניש קוואנטום קפסולות למדיח 30 טבליות,גרמים,375.00,100 גרם,false,1,44.90,11.9733,true,1,200143
4640018993350,false,פיניש קוואנטום קפסולות ג'ל למדיח כלים לימון 30 יח',רקיט בנקיזר,PL,פיניש קוואנטום 30 יח קפסולות גיל לימון,גרמים,375.00,100 גרם,false,1,44.90,11.9733,true,1,200144
4710068001692,false,"מאסטר קפה לאטה פחית 240 מ""ל",תאיט מרקטינג אנד דיסטריב,TW,מאסטר קפה לאטה פחית,מיליליטרים,240.00,"100 מ""ל",false,1,8.20,3.4167,true,1,158705
4710068002798,false,מאסטר קפה וונילה פחית 240 מל,מאיטה פוד אינדוסטריאל קו,TW,מאסטר קפה לאטה פחית,מיליליטרים,240.00,"100 מ""ל",false,1,8.20,3.4167,true,1,193185
5000157143365,true,מתבל בטעם מיונז וקטש,תאי פרזידנט פוד פאבל,PL,"רוטב בטעם מיונז וקטשופ 425 מ""ל",מיליליטרים,425.00,"100 מ""ל",false,1,15.90,3.7412,true,1,196612
5000159376792,false,סוכריות סקיטלס Skittles פירות חמוצים,ריגלי ממתקים,CZ,סוכריות סקיטלס חמוץ 38 גרם,גרמים,38.00,100 גרם,false,1,3.90,10.2632,true,1,153930
5000159407236,false,חטיף מרס שוקולד עם ק,מרס הולנד בי.וי.,NL,חטיף שוקולד חלב במילוי נוגט וקרמל מרס,גרמים,51.00,100 גרם,false,1,4.90,9.6078,true,1,143802
5000159461122,false,חטיף שוקולד סניקרס מקס קרמל 50 ג',"נארז ע""י : א.ג. גילר",NL,חטיף סניקרס שוקולד 50 גרם,גרמים,50.00,100 גרם,false,1,4.90,9.8000,true,1,154718
5000159541152,false,חטיף טוויקס לבן 46 גרם.,מרס.גי אם. בי אייץ,DE,טוייקס לבן 46 גרם,גרמים,46.00,100 גרם,false,1,4.90,10.6522,true,1,202664
5000289925440,false,גין גורדון בקבוק 700,אלכסנדר גורדון ושות',GB,"גין גורדון בקבוק 700 מ""ל",מיליליטרים,700.00,"100 מ""ל",false,1,99.90,14.2714,true,1,164595
5000396037531,true,מקוויטיס ביסקויט מצו,קריניציה ויטמינה אס,,מקוויטיס ביסקויט מצו,Unknown,0.00,Unknown,false,1,12.90,0.0000,true,1,175923
5010029000252,true,וויטביקס מקורי 430 ג,ויטהביקס לימיטד,,וויטביקס מקורי 430 גרם,גרמים,430.00,100 גרם,false,1,24.90,5.7907,true,1,207151
5010677714006,false,"גין בומבאי ספייר 700 מ""ל",ג'ון דיואר ובניו,ES,ג'ין בומביי ספייר,מיליליטרים,700.00,"100 מ""ל",false,1,129.90,18.5571,true,1,166800
5014271300429,false,"מעדן משמש 100% פרי סנטדלפור 284 גרם לל""ס",סאן דלפור - שמבור,FR,מעדן סנדלפור משמש 284 גרם,גרמים,284.00,100 גרם,false,1,22.90,8.0634,true,1,135104
5014271350424,false,מעדן ארבעה פירות ללא תוספת סוכר 284 גרם,סאן דלפור - שמבור,FR,מעדן סנדלפור ארבעה פירות 284 גרם,גרמים,284.00,100 גרם,false,1,22.90,8.0634,true,1,137427
5014271400426,false,"מעדן בטעם תות שדה לל""ס סאן דלפור 284 גרם",סאן דלפור - שמבור,FR,מעדן סנדלפור תות שדה 284 גרם,גרמים,284.00,100 גרם,false,1,22.90,8.0634,true,1,135110
5017818800116,false,"פחית דוקטור פפר 330 מ""ל",אורנג'ינה שוופס,FR,"ד""ר פפר פחית 330 מ""ל 24 יח",מיליליטרים,330.00,"100 מ""ל",false,1,6.50,1.9697,true,1,161687
5029053002408,false,קלינקס - נייר טואולט קליניקס לבן 9 גלילים,קימברלי קלארק ישראל,IL,"קלינקס נייר טואלט דו שכבתי לבן, 9 גלילים",מטרים,27500.00,מטר,false,1,36.90,0.0013,true,1,135115
5029053578309,false,קופסת ממחטות אולטרה סופט 48 דף קלינקס,קימברלי קלארק,IL,קלינקס אולטרה סופט קוביה 48 דף,יחידה,1.00,יחידה,false,1,10.90,10.9000,true,1,203487
5056357901427,false,אם אנד אם חטיף חלבון שוקולד 51 גרם,פארם אקספרס,GB,חטיף חלבון m&m בטעם שוקולד,גרמים,51.00,100 גרם,false,1,17.90,35.0980,true,1,203534
5060221201605,false,חטיף חלבון גרנייד פאדג',LTD (UK) GRENADE,GB,חטיף חלבון גרנייד באוני פאדג 23 חלבון,גרמים,60.00,100 גרם,false,1,17.90,29.8333,true,1,203662
5060319120047,true,תה וורי ברי - הייר ל,אף.סי תבליני בגליל ב,GB,הייר ליווינג תה ורי ברי אורגני 33 גרם,גרמים,40.00,100 גרם,false,1,19.90,49.7500,true,1,176002
5060319120108,true,תה ארל גריי הייר ליב,אונלי נטורל פרודקטס,GB,הייר ליווינג תה ארל גריי אורגני 45 גרם,גרמים,45.00,100 גרם,false,1,19.90,44.2222,true,1,176004
5060319120122,true,תה הייר ליבינג צאי י,אונלי נטורל פרודקטס,GB,הייר ליווינג צ'אי תה ירוק אורגני 40 גרם,גרמים,40.00,100 גרם,false,1,19.90,49.7500,true,1,176006
5060319129293,false,תה ירוק קוקוס אורגני 40 גרם הייר ליבינג,הייר ליבינג,GB,תה ירוק קוקוס אורגני,גרמים,40.00,100 גרם,false,1,19.90,49.7500,true,1,183705
5060402908248,false,סניקרס חטיף חלבון 55 גרם,פארם אקספרס,US,סניקרס פרוטאין 55 גרם,גרמים,59.00,100 גרם,false,1,17.90,30.3390,true,1,200469
5060402908286,false,מארס חטיף חלבון 59 גרם,פארם אקספרס,US,מארס פרוטאין 59 גרם,גרמים,59.00,100 גרם,false,1,17.90,30.3390,true,1,200466
5060639128051,false,"משקה אנרגיה מונסטר אולטרה בפחית 500 מ""ל",מונסטר אנרג'י לימטד,RS,"מונסטר ULTRA פח 500 מ""ל",מיליליטרים,500.00,"100 מ""ל",false,1,7.90,1.5800,true,1,198279
5060756342781,false,WARRIOR-חטיף חלבון בטעם קרם עוגיות,"KBF תעשיות בע""מ UK",GB,WARRIOR קרם עוגיות 20גר חלבון 64גרם,גרמים,64.00,100 גרם,false,1,14.90,23.2813,true,1,204132
5202390015618,false,גבינה צהובה טבעונית אורגינל ויאו לייף 200 ג',אריביה אס.אי. 57022,GR,ויולייף הצהובה הטבעונית בטעם אורגינלי 200 גרם,גרמים,200.00,100 גרם,false,1,24.90,12.4500,true,1,158589
5410126716016,false,"עוגיות לוטוס ביסקויט קרמל בד""צ 250 גרם",לוטוס ביקרי בלגיה,BE,"ביסקויט בטעם קרמל לוטוס 250 גרם בד""צ",גרמים,250.00,100 גרם,false,1,12.90,5.1600,true,1,135283
5410228267508,false,"באדוויזר בקבוק 330 מ""ל - 5% אלכוהול","איי, בי, אינבוו",GB,בירה באדוויזר,מיליליטרים,330.00,"100 מ""ל",false,1,9.50,2.8788,true,1,194251
5410316983693,false,"סמירנוף אייס בקבוק 275 מ""ל",סמירנוף אייס Smirnoff ice,IT,סמירנוף אייס,מיליליטרים,275.00,"100 מ""ל",false,1,13.90,5.0545,true,1,137013
5411188081852,false,אלפרו משקה סויה בטעם וניל 1 ל',הנסיך- מפעל לייצור ט,BE,אלפרו משקה סויה וניל 1ל,ליטרים,1.00,ליטר,false,1,15.90,15.9000,true,1,158796
5411188094159,false,רביעיית מעדן סויה שוקו מריר אלפרו 125 גרם,הנסיך- מפעל לייצור ט,BE,אלפרו מעדן סויה שוקולד מריר 4*125מל,גרמים,500.00,100 גרם,false,1,19.80,3.9600,true,1,142090
5411188110835,false,אלפרו חלב סויה שקדים וניל 1ל',הנסיך- מפעל לייצור ט,BE,אלפרו משקה שקדים 1ל,ליטרים,1.00,ליטר,false,1,15.90,15.9000,true,1,154640
5411188112709,false,"משקה קוקוס אלפרו 1 ליטר משקה שקדים לל""ס",הנסיך- מפעל לייצור ט,BE,אלפרו משקה שקדים ללס 1ל,ליטרים,1.00,ליטר,false,1,15.90,15.9000,true,1,160416
5411188115366,false,משקה קוקוס אלפרו 1 ליטר משקה שיבולת שועל 1 ליטר,הנסיך- מפעל לייצור ט,BE,אלפרו משקה שיבולת שועל 1ל,ליטרים,1.00,ליטר,false,1,15.90,15.9000,true,1,158260
5411188115472,false,משקה סויה אלפרו 1 ליטר,הנסיך- מפעל לייצור ט,BE,אלפרו משקה סויה 1ל,ליטרים,1.00,ליטר,false,1,15.90,15.9000,true,1,198820
5411188124726,false,אלפרו משקה שיבולת שועל שקדים 1 ליטר,הדקלאים אגודת שיתופי,BE,אלפרו משקה ש.שועל שקדים1ל,ליטרים,1.00,ליטר,false,1,15.90,15.9000,true,1,173131
5411188135005,false,אלפרו 1.8% NOT M*LK שיבולת שועל 1 ליטר בית יוסף,הנסיך- מפעל לייצור ט,BE,אלפרו 1.8%שומן NOT M*LK ש.שועל ל1,ליטרים,1.00,ליטר,false,1,14.90,14.9000,true,1,202509
5411681014005,false,בירה דובל 330 מל פקד,פארייפאבה אגרואינדוס,IL,"בירה דובל בקבוק 330 מ""ל",מיליליטרים,330.00,"100 מ""ל",false,1,17.90,5.4242,true,1,135292
5413149655522,false,"אבקת כביסה שושן צחור 1.25 ק""ג אריאל",פרוקטר אנד גמבל,TR,איראל אבקת כביסה שושן צחור 1.25 קג,קילוגרמים,1.25,"ק""ג",false,1,19.90,15.9200,true,1,144242
5701932026964,false,"הוטפופ גרעיני תירס להכנת פופקורן במיקרוגל בטעם טבעי, בתוספת מלח, 600 גרם",ליימן מותגים,US,פופקורן עם מלח הוטפופ 600 גרם,גרמים,600.00,100 גרם,false,1,16.90,2.8167,true,1,135441
5701932026971,false,הוטפופ גרעיני תירס להכנת פופקורן במיקרוגל בטעם חמאה 600 גרם,ליימן מותגים,US,הוט חמאה 600 ג') ב(12,גרמים,600.00,100 גרם,false,1,16.90,2.8167,true,1,135442
5701932026995,false,"הוטפופ גרעיני תירס להכנת פופקורן במיקרוגל בטעם טבעי מופחת שומן, 510 גרם",קריניציה ויטמינה אס,US,פופקורן לייט טבעי הוטפופ 510 גרם,גרמים,510.00,100 גרם,false,1,16.90,3.3137,true,1,135443
5710840209437,false,טבק באלי נטוראל 40 גרם,סקמדינביין טובקו,DK,באלי נטוראל 40 גר,גרמים,40.00,100 גרם,false,1,100.00,250.0000,true,1,195451
5740900403215,true,ממרח לורפק עם מלח 25,ארלה פודס אמבה,DK,ממרח לורפק עם מלח 250,גרמים,250.00,100 גרם,false,1,18.90,7.5600,true,1,190348
5740900403239,true,ממרח לורפק ללא מלח 2,ארלה פודס אמבה,DK,ממרח לורפק בלי מלח 250,גרמים,250.00,100 גרם,false,1,20.90,8.3600,true,1,190350
5740900403284,false,חמאה ללא מלח 200 גרם לורפק כשרות או קיי,ארלה פודס אמבה,DK,ממרח לורפק 200 גר ללא מלח,גרמים,200.00,100 גרם,false,1,12.50,6.2500,true,1,198498
5900020026552,false,דגני בוקר האני נאט צ'יריוס בטעם דבש ושקדים,נסטלה צרפת איטנקורט,FR,דגני האני נאט ציריוס 625 גרם,גרמים,625.00,100 גרם,false,1,27.90,4.4640,true,1,167594
5900617035882,false,חטיף חלבון נוטרישיין בטעם שוקולד,סיטי תוספי מזון,PL,חטיף חלבון נוטרישיין שוקולד50גרם,גרמים,50.00,100 גרם,false,1,12.90,25.8000,true,1,204938
5900951283963,false,חטיף סניקרס עם חמאת בוטנים Creamy Peanut Butter,סנו מפעלי ברונוס.,PL,dro סניקרס קרימי ח.בוטנים 36.5,גרמים,37.00,100 גרם,false,1,4.90,13.2432,true,1,204253
5902198160403,false,XL משקה אנרגיה מוגז ללא סוכר עד 10 קלוריות לפחית 250 מל,"טמפו משקאות בע""\מ",IL,"משקה אנרגיה XL TEN פחית 250 מ""ל",מיליליטרים,250.00,"100 מ""ל",false,1,5.50,2.2000,true,1,171427
5906485301012,false,"משקה אנרגיה XL פחית 250 מ""ל","טמפו משקאות בע""מ",IL,אקס אל אנרג'י דרינק משקה אנרגיה מוגז,מיליליטרים,250.00,"100 מ""ל",false,1,5.50,2.2000,true,1,139957
6936745600462,false,רוטב מירין לתיבול מז,דאנינג יוה פודס קו,CN,מזרח ומערב רוטב מירין לתיבול 500 מל,מיליליטרים,500.00,"100 מ""ל",false,1,21.90,4.3800,true,1,159757
7038516140357,false,מברשת שיניים ג'ורדן טוטל סופט מארז 4 יחידות,מיוצר במלזיה עבור ג',NO,ג'ורדן מברשת שיניים רביעייה סופט,יחידה,1.00,יחידה,false,1,19.90,19.9000,true,1,156537
7271730901261,false,ווקי מאק ארוחת אטריות עם גבינה 156 גרם,ניו וורלד פסטה קומפנ,US,ארוחת אטריות עם רוטב גבינה,גרמים,156.00,100 גרם,false,1,12.90,8.2692,true,1,154149
7290000024523,false,"תירוש של סגל ,מיץ ענבים , 1 ליטר",כרמי צבי - האחים סגל,IL,מיץ ענבים תירוש סגל 1 ליטר,ליטרים,1.00,ליטר,false,1,15.90,15.9000,true,1,161094
7290000040042,false,יופלה יוגורט תות %3 גביע 150 גרם,תנובה חלב,IL,יופלה יוגורט תות %3 גביע 150 גרם,גרמים,150.00,100 גרם,false,1,5.50,3.6667,true,1,134616
7290000040080,false,יופלה יוגורט אפרסק %3 גביע 150 גרם,תנובה חלב,IL,יופלה יוגורט אפרסק %3 גביע 150 גרם,גרמים,150.00,100 גרם,false,1,5.50,3.6667,true,1,134637
7290000040301,false,תנובה עין גדי קממבר מחלב בקר 24% שומן,תנובה מרכז שיתופי לש,IL,קממבר 24%,גרמים,125.00,100 גרם,false,1,22.90,18.3200,true,1,134683
7290000040318,false,גבינת ברי 24% קולאז עדי תנובה 125 ג',תנובה מרכז שיתופי לש,IL,גבינה רכה בשלה מחלב בקר,גרמים,125.00,100 גרם,false,1,21.60,17.2800,true,1,134684
7290000040974,false,חלב דל לקטוז 2% תנובה קרטון 1 ליטר,תנובה מרכז שיתופי לש,IL,חלב תנובה דל לקטוז 2% שומן 1 ליטר,ליטרים,1.00,ליטר,false,1,7.50,7.5000,true,1,148730
7290000041858,false,"שמנת חמוצה 15% מועשרת יטבתה 200 מ""ל",שטראוס גרופ,IL,שמנת חמוצה 15% מועשרת מהדרין,מיליליטרים,200.00,"100 מ""ל",false,1,2.40,1.2000,true,1,134777
7290000042435,false,חלב דל שומן בקרטון+פקק תנובה 1 ליטר,תנובה מרכז שיתופי לש,IL,תנובה חלב טרי 1% שומן,ליטרים,1.00,ליטר,false,1,5.86,5.8600,true,1,134813
7290000042442,false,"חלב תנובה טרי 3% ""תנובה"" - מוצר בפיקוח",תנובה חלב,IL,תנובה חלב טרי 3% שומן,ליטרים,1.00,ליטר,false,1,6.23,6.2300,true,1,134814
7290000042855,false,"שוקו בשקית 250 מ""ל ""יטבתה""",שטראוס גרופ,IL,"שוקו יטבתה בשקית 225 מ""ל",מיליליטרים,225.00,"100 מ""ל",false,1,2.60,1.1556,true,1,134821
7290000043111,false,תנובה חמאה 200 גרם - מוצר בפיקוח,תנובה מרכז שיתופי לש,IL,חמאה תנובה 200 גרם,גרמים,200.00,100 גרם,false,1,7.90,3.9500,true,1,134823
7290000043814,false,השף הלבן שמנת להקצפה 38% שומן 250 מל - מוצר בפיקוח,תנובה מרכז שיתופי לש,IL,השף הלבן שמנת להקצפה 38% שומן 250 מל,מיליליטרים,250.00,"100 מ""ל",false,1,6.47,2.5880,true,1,134864
7290000043890,false,תנובה רויון לבן מחלב מפסוטר 1.5%,תנובה מרכז שיתופי לש,IL,תנובה רויון לבן מחלב מפסוטר 1.5% 1 ליטר,ליטרים,1.00,ליטר,false,1,12.00,12.0000,true,1,134866
7290000044248,false,רויון בקרטון 1.5% 500 מל,תנובה,IL,תנובה רויון לבן מחלב מפוסטר 1.5% 500 מל,מיליליטרים,500.00,"100 מ""ל",false,1,6.60,1.3200,true,1,134869
7290000044712,false,יוגורט עם תות 1.5% שומן 500 ג' פרילי,מיוצר עי קונדיטוריית,IL,"פרילי תות 500 מ""ל",מיליליטרים,500.00,"100 מ""ל",false,1,12.30,2.4600,true,1,134873
7290000045580,false,גבינה מותכת נעמה חורש תנובה 240 גרם,תנובה מרכז שיתופי לש,IL,נעמה גבינה מותכת משולשים 25% שומן,גרמים,240.00,100 גרם,false,1,20.50,8.5417,true,1,134912
7290000045917,false,תנובה פרומעז גבינה מותכת מחלב עיזים 23% שומן,תנובה חלב,IL,תנובה פרומעז גבינה מותכת מחלב עיזים 23% שומן,גרמים,200.00,100 גרם,false,1,27.90,13.9500,true,1,134919
7290000046327,false,גלבוע גבינה צהובה פרוסה 22% תנובה 200 גרם,תנובה מרכז שיתופי לש,IL,גלבוע גבינה צהובה חצי קשה פרוס 22% שומן,גרמים,200.00,100 גרם,false,1,13.90,6.9500,true,1,134941
7290000047621,false,גבינה לבנה רכה 5% תנובה 250ג' מהדרין,תנובה מרכז שיתופי לש,IL,גבינה לבנה 5% 250 גרם בדצ,גרמים,250.00,100 גרם,false,1,4.98,1.9920,true,1,137508
7290000048185,false,גבינה לבנה 5% תנובה 250 גרם מהדרין,מיוצר עי קונדיטוריית,IL,גבינה למריחה 5% תנובה פיקוח 250 גרם,גרמים,250.00,100 גרם,false,1,4.98,1.9920,true,1,135000
7290000048192,false,גבינה לבנה 9% תנובה 250 גרם מהדרין,מחלבת אלון תבור,IL,גבינה למריחה 9% תנובה 250 גרם,גרמים,250.00,100 גרם,false,1,4.80,1.9200,true,1,135001
7290000048307,false,גבינת קוטג' עם זיתים 5% תנובה 250 גרם,מיוצר עי קונדיטוריית,IL,קוטג 5% זיתים 250 גרם,גרמים,250.00,100 גרם,false,1,6.10,2.4400,true,1,135008
7290000048437,false,פיראוס צפתית 5% שומן 200 גרם,פארייפאבה אגרואינדוס,IL,גבינה צפתית 5% שומן,גרמים,200.00,100 גרם,false,1,15.90,7.9500,true,1,135013
7290000049458,false,גבינת פטה עיזים 16% גביע פיראוס 250 ג',תנובה מרכז שיתופי לש,IL,פיראוס פטה עיזים 16% שומן,גרמים,250.00,100 גרם,false,1,29.90,11.9600,true,1,135034
7290000050447,false,"יוגורט ביו בטעם תות YYY יופלה 500 מ""ל",מיוצר עי קונדיטוריית,IL,יופלה תות 3% גביע 500 גרם,גרמים,500.00,100 גרם,false,1,13.90,2.7800,true,1,144571
7290000050454,false,יוגורט יופלה אפרסק 3% שומן 500 גרם,מיוצר עי קונדיטוריית,IL,יופלה אפרסק 3% גביע 500 גרם,גרמים,500.00,100 גרם,false,1,13.90,2.7800,true,1,144572
7290000051352,false,חלב מלא בטעם של פעם 3.4% תנובה קרטון 1 ל',תנובה מרכז שיתופי לש,IL,חלב מלא בטעם של פעם 3.8% שומן 1 ליטר,ליטרים,1.00,ליטר,false,1,7.80,7.8000,true,1,145217
7290000051710,false,פיראוס גבינת לאבנה אסלית על בסיס יוגורט תנובה 263 גרם,"תנובה, מחלבת אלון תב",IL,פיראוס לאבנה אסלית עם שמן זית וזעתר על בסיס יוגורט,גרמים,263.00,100 גרם,false,1,14.90,5.6654,true,1,145612
7290000052311,false,גבינה צהובה עמק לייט 15% שומן 200 גרם,תנובה מרכז שיתופי לש,IL,עמק פרוסות גבינה צהובה חצי קשה 15% מופחתת שומן,גרמים,200.00,100 גרם,false,1,16.90,8.4500,true,1,147251
7290000055015,false,פיראוס גבינת פטה כבשים 5% תנובה 250 גרם,תנובה מרכז שיתופי לש,IL,פיראוס פטה כבשים גבינה מלוחה 5% שומן,גרמים,250.00,100 גרם,false,1,29.90,11.9600,true,1,148827
7290000055206,false,גבינה לבנה 5% בטעם בצל מטוגן 250 ג' תנובה,תנובה מרכז שיתופי לש,IL,גבינה לבנה 5% בצל מטוגן 250 גרם,גרמים,250.00,100 גרם,false,1,5.90,2.3600,true,1,150500
7290000055336,false,"משקה יוגורט 1.5% בטעם בננה אפרסק יופלה 250 מ""ל",תנובה מרכז שיתופי לש,IL,"משקה יוגורט יופלה בננה אפרסק 250 מ""ל",מיליליטרים,250.00,"100 מ""ל",false,1,5.90,2.3600,true,1,149303
7290000055343,false,משקה יוגורט יופלה פירות טרופיים 250 גרם,תנובה מרכז שיתופי לש,IL,"משקה יוגורט יופלה טרופי 250 מ""ל",מיליליטרים,250.00,"100 מ""ל",false,1,5.90,2.3600,true,1,149304
7290000056845,false,תנובה חלב טרי 3% שומן 1.5 ליטר - מוצר בפיקוח,פארייפאבה אגרואינדוס,IL,תנובה חלב טרי 3% שומן אריזת נוחות,ליטרים,1.50,ליטר,false,1,9.34,6.2267,true,1,150804
7290000057088,false,עמק גבינה צהובה פרוסה דק דק 28% תנובה 200 גרם,תנובה מרכז שיתופי לש,IL,גבינה עמק 28% דק 200 גרם,גרמים,200.00,100 גרם,false,1,16.90,8.4500,true,1,150819
7290000057118,false,גבינה צהובה עמק 28% שומן ואקום 400 גרם,תנובה מרכז שיתופי לש,IL,גבינת עמק קלאסית חצי קשה פרוסות 28% שומן,גרמים,400.00,100 גרם,false,1,23.10,5.7750,true,1,150873
7290000057132,false,יוגורט תנובה טבעי 1.5% גביע 200 גרם,מחלבת אלון תבור,IL,יוגורט ביו 1.5% תנובה 200 גרם,גרמים,200.00,100 גרם,false,1,3.50,1.7500,true,1,150820
7290000057149,false,יוגורט תנובה טבעי 3% גביע 200 גרם,מיוצר עי קונדיטוריית,IL,יוגורט ביו 3% תנובה 200 גרם,גרמים,200.00,100 גרם,false,1,3.20,1.6000,true,1,150821
7290000057552,false,יופלה דיאט עוגת גבינה ותות 0% גביע 150ג',תנובה חלב,IL,יוגורט יופלה דיאט ע.גבינה ותות 150 גרם,גרמים,150.00,100 גרם,false,1,5.50,3.6667,true,1,152878
7290000060071,false,אוסם - חטיפי פריכונים מאורז מלא קלוי 80גר,"פרח תעשיות מזון בע""מ.",IL,אסם חטיפי פריכונים טבעי 12*80גרם,גרמים,80.00,100 גרם,false,1,8.50,10.6250,true,1,135542
7290000060088,false,בייגלה מקלות מלוחים אסם 400 גרם,מיוצר עי קונדיטוריית,IL,אסם בייגלה מקלות מלוחים 12*400גרם,גרמים,400.00,100 גרם,false,1,14.50,3.6250,true,1,138426
7290000060163,false,פסטה אסם אטריות דקות 400גר,"אסם תעשיות בע""מ",IL,אסם אטריות דקות 12*400גרם,גרמים,400.00,100 גרם,false,1,8.90,2.2250,true,1,135553
7290000060200,false,פסטה אסם פתיתים אפויים קוסקוס 500גר,"אסם תעשיות בע""מ",IL,פתיתים אפויים קוסקוס 500 גרם,גרמים,500.00,100 גרם,false,1,7.90,1.5800,true,1,135554
7290000060576,false,פתיתים אפויים כוכבים אסם 500 גרם,"אסם השקעות בע""\מ",IL,אסם פתיתים אפויים כוכבים 12*500גרם,גרמים,500.00,100 גרם,false,1,7.90,1.5800,true,1,135569
7290000060828,false,פסטה קרניים בינוניות אסם 500 גרם,קריות זול,IT,אסם פסטה קרניים בינוניות 12*500גרם,גרמים,500.00,100 גרם,false,1,6.90,1.3800,true,1,135574
7290000060880,false,פסטה ספגטי מספר 8 אסם 500 גרם,קריות זול,IT,ספגטי אסם 500 גרם,גרמים,500.00,100 גרם,false,1,6.90,1.3800,true,1,135578
7290000060903,false,פסטה אסם פתיתים אפויים אורז 500גר,"אסם השקעות בע""\מ",IL,אסם פתיתים אפויים אורז 12*500גרם,גרמים,500.00,100 גרם,false,1,7.90,1.5800,true,1,135579
7290000062952,false,אוסם - מיני קרוטונים למרק ולסלט 250 גרם,עינת תעשיות מזון אגו,IL,אסם מיני קרוטונים למרק וסלט 12*250גרם,גרמים,250.00,100 גרם,false,1,18.90,7.5600,true,1,143776
7290000063140,false,שקדי מרק רכיבים טבעיים בשקית 400 ג' אסם,"אסם תעשיות בע""מ",IL,אסם שקדי מרק רכיבים טבעיים 12*400גרם,גרמים,400.00,100 גרם,false,1,14.90,3.7250,true,1,135676
7290000063157,false,"קמח עוגה תופח מאליו אסם 1 ק""ג","אסם השקעות בע""\מ",IL,"קמח תופח מאליו 1 ק""ג אסם",קילוגרמים,1.00,"ק""ג",false,1,10.30,10.3000,true,1,135678
7290000064758,false,קוסקוס בינוני אמיתי אסם 350 ג',"מיוצר ע""י קוד יצרן K",IL,אסם קוסקוס אמיתי 12*350גרם,גרמים,350.00,100 גרם,false,1,9.90,2.8286,true,1,137895
7290000065540,false,אוסם - מנה חמה פסטה מוקרמת בטעם עוף 55 גרם,"אסם תעשיות בע""מ",IL,מנה חמה פסטה מוקרמת בדץ 12*55גרם,גרמים,55.00,100 גרם,false,1,7.90,14.3636,true,1,135726
7290000066196,false,ביסלי חטיף בטעם גריל אסם 200 גרם,מיוצר עי קונדיטוריית,IL,ביסלי גריל 25*200גרם,גרמים,200.00,100 גרם,false,1,10.90,5.4500,true,1,135741
7290000066295,false,במבה מתוקה מחומרים טבעיים 30 גרם,מיוצר עי קונדיטוריית,IL,במבה מתוקה מחומרים טבעיים 40*30גרם,גרמים,30.00,100 גרם,false,1,3.50,11.6667,true,1,135745
7290000066332,false,אפרופו חטיף תירס אסם 50 גרם,מיוצר עי קונדיטוריית,IL,אפרופו 36*50גרם,גרמים,50.00,100 גרם,false,1,5.90,11.8000,true,1,135748
7290000066349,false,אפרופו חטיף תירס אסם 100 גרם,מיוצר עי קונדיטוריית,IL,אפרופו 20*100גרם,גרמים,100.00,100 גרם,false,1,9.90,9.9000,true,1,135749
7290000066431,false,פופקו חטיף פופקורן בטעם חמאה ודבש אסם 80 גרם,מיוצר עי קונדיטוריית,IL,פופקו חמאה ודבש 40*80גרם,גרמים,80.00,100 גרם,false,1,5.90,7.3750,true,1,135750
7290000067544,false,פירורית זהב פירורי לחם אסם 200 גרם,עינת תעשיות מזון אגו,IL,אסם פירורית פירורי לחם זהב 12*200גרם,גרמים,200.00,100 גרם,false,1,7.50,3.7500,true,1,135782
7290000068138,false,אינסטנט פודינג בטעם וניל אסם 80 גרם,מיוצר עי קונדיטוריית,IL,אסם פודינג אינסטנט וניל 12*80גרם,גרמים,80.00,100 גרם,false,1,6.50,8.1250,true,1,135833
7290000068343,false,אסם פריכונים פרוסות קלויות מלא,"פרח תעשיות מזון בע""מ.",IL,אסם פריכונים מאורז מלא 12*140גרם,גרמים,140.00,100 גרם,false,1,8.90,6.3571,true,1,135839
7290000068701,false,אסם שקדי מרק רכיבים טבע.מיכל 400 גרם,"אסם תעשיות בע""מ",IL,אסם שקדי מרק רכיבים טבע.מיכל 10*400גרם,גרמים,400.00,100 גרם,false,1,17.90,4.4750,true,1,135845
7290000068787,false,במבה יום הולדת חטיף בוטנים אסם 25 גרם,מיוצר עי קונדיטוריית,IL,במבה יום הולדת 108*25גרם,גרמים,25.00,100 גרם,false,1,2.90,11.6000,true,1,135850
7290000070308,false,אבקת מרק עוף אמיתי בשרי אסם 400 גרם,"אסם השקעות בע""\מ",IL,אסם מרק עוף אמיתי חתם סופר כלפ.6*400גרם,גרמים,400.00,100 גרם,false,1,25.90,6.4750,true,1,135883
7290000071008,false,אוסם - בייגלה שטוחים מלח 60 גרם,"אסם השקעות בע""\מ",IL,אסם בייגלה שטוחים מלח 24*60גרם,גרמים,60.00,100 גרם,false,1,4.50,7.5000,true,1,148069
7290000072067,false,במבה חטיף בוטנים במילוי קרם חלבה 60 גרם,מיוצר עי קונדיטוריית,IL,במבה במילוי קרם חלבה 36*60גרם,גרמים,60.00,100 גרם,false,1,4.90,8.1667,true,1,145996
7290000072623,false,קטשופ אסם בקבוק לחיץ 750 גרם,"אסם תעשיות בע""מ",IL,אסם קטשופ בקבוק לחיץ 9*750גרם-חדש,גרמים,750.00,100 גרם,false,1,11.90,1.5867,true,1,135897
7290000072753,false,קפה נמס מגורען טסטרס צ'ויס 200 גרם-,נסטלה קוריאה - קפה,KR,טייסטרס צ'וייס 12*200גרם,גרמים,200.00,100 גרם,false,1,34.90,17.4500,true,1,135900
7290000072777,false,קפה נמס מגורען נטול קפאין טסטרס צ'ויס 200 גרם,נסטלה קוריאה - קפה,KR,טייסטרס צוייס נטול קופאין 12*200גרם,גרמים,200.00,100 גרם,false,1,49.50,24.7500,true,1,135902
7290000072968,false,דגני בוקר סיני מיניס חיטה מלאה וקינמון נסטלה 500 גרם,נסטלה פולין דגני בוק,PL,דגני סיני מיניס קינמון 500 גרם,גרמים,500.00,100 גרם,false,1,27.90,5.5800,true,1,135974
7290000074184,false,ביסקוויט פתי בר אסם 500 גרם,"אסם השקעות בע""\מ",IL,אסם פתי בר 12*500גרם,גרמים,500.00,100 גרם,false,1,11.90,2.3800,true,1,136005
7290000074245,false,אוסם - קרם קרקר אסם 250 גרם,"אסם השקעות בע""\מ",IL,אסם קרם קרקר 12*250גרם,גרמים,250.00,100 גרם,false,1,11.90,4.7600,true,1,136006
7290000074276,false,קרקר פיקנטי טבעון 250 ג' אסם,"אסם השקעות בע""\מ",IL,אסם קרקר פיקנטי 12*250גרם,גרמים,250.00,100 גרם,false,1,11.90,4.7600,true,1,136008
7290000074375,false,אוסם - קרקר זהב 150 גרם,"אסם השקעות בע""\מ",IL,אסם קרקר זהב 12*150גרם,גרמים,150.00,100 גרם,false,1,7.90,5.2667,true,1,136011
7290000076133,false,בייגלה שמיניות קטנות עם מלח אסם 400 גרם,"אסם השקעות בע""\מ",IL,אסם בייגלה שמיניות קטנות 12*400גרם,גרמים,400.00,100 גרם,false,1,13.90,3.4750,true,1,136035
7290000077253,false,אוסם - לחמית כפרית עם דגנים מלאים 190 גרם,"אסם השקעות בע""\מ",IL,לחמית כפרית 12*190גרם,גרמים,190.00,100 גרם,false,1,11.90,6.2632,true,1,146836
7290000077925,false,אסם טוסטים צנימים עגולים חטה.מלא 125 גרם,ון דר מולן האלום,NL,אסם טוסטעים צנימים עגולים חטה.מלא12*125ג,גרמים,125.00,100 גרם,false,1,12.90,10.3200,true,1,146607
7290000078762,false,אוסם - חטיפי פריכונים מאורז מלא בטעם דבש 80גר,סנורייס בלגיום אן. ו,GB,אסם חטיפי פריכונים אורז ודבש 14*80גרם,גרמים,80.00,100 גרם,false,1,8.50,10.6250,true,1,136053
7290000080758,false,אוסם - טוסטעים פת קלוי 100 גרם,ון דר מולן האלום,NL,אסם טוסטעים 14*100גרם,גרמים,100.00,100 גרם,false,1,11.50,11.5000,true,1,136160
7290000101927,false,אוכמניות כחולות מוקפאות סנפרוסט 300 גרם,"איי, בי, אינבוו",IL,אוכמניות כחולות מוקפאות 300 גרם,גרמים,300.00,100 גרם,false,1,19.90,6.6333,true,1,171768
7290000101958,false,מנגו חתוך מוקפא סנפרוסט 300ג',"איי, בי, אינבוו",IL,מנגו מוקפא 300 גרם,גרמים,300.00,100 גרם,false,1,19.90,6.6333,true,1,171828
7290000104201,false,אפונה עדינה סנפרוסט 600 גרם,"איי, בי, אינבוו",IL,אפונה עדינה סנפרוסט 600 גרם,גרמים,600.00,100 גרם,false,1,20.90,3.4833,true,1,133124
7290000104676,false,אפונה קפואה סנפרוסט 800 גרם,"איי, בי, אינבוו",IL,אפונת גינה 800 גרם סנפרוסט,גרמים,800.00,100 גרם,false,1,20.90,2.6125,true,1,133129
7290000104683,false,שעועית ירוקה שלמה סנפרוסט 800 גרם,"סנפרוסט בע""\מ",IL,שעועית ירוקה שלמה סנפרוסט 800גרם,גרמים,800.00,100 גרם,false,1,23.90,2.9875,true,1,133130
7290000104720,false,שעועית ירוקה חתוכה סנפרוסט 800 גרם,"סנפרוסט בע""\מ",IL,שעועית ירוקה חתוכה סנפרוסט 800גרם,גרמים,800.00,100 גרם,false,1,23.90,2.9875,true,1,133132
7290000104744,false,כרובית סנפרוסט 800 גרם,"סנפרוסט בע""\מ",IL,כרובית 800 גרם סנפרוסט,גרמים,800.00,100 גרם,false,1,26.90,3.3625,true,1,133134
7290000104805,false,גרגירי חומוס מבושלים סנפרוסט 800 גרם,"איי, בי, אינבוו",IL,גרגרי חומוס מבושלים קפואים 800 גרם,גרמים,800.00,100 גרם,false,1,22.90,2.8625,true,1,133138
7290000104836,false,שעועית ירוקה עדינה שלמה סנפרוסט 600 גרם,"סנפרוסט בע""\מ",IL,שעועית עדינה שלמה 600 גרם סנפרוסט,גרמים,600.00,100 גרם,false,1,27.90,4.6500,true,1,138994
7290000104911,false,לקט נורמנדי סנפרוסט 800 גרם,"איי, בי, אינבוו",IL,י,גרמים,800.00,100 גרם,false,1,26.90,3.3625,true,1,133142
7290000107189,false,תחתיות ארטישוק סנפרוסט 400 גרם,"איי, בי, אינבוו",IL,תחתיות ארטישוק 400 גרם סנפרוסט,גרמים,400.00,100 גרם,false,1,26.00,6.5000,true,1,133144
7290000107295,false,תפרחות ברוקולי סנפרוסט 800 גרם,"איי, בי, אינבוו",IL,ברוקולי מוקפא 800 גרם סנפרוסט,גרמים,800.00,100 גרם,false,1,28.90,3.6125,true,1,133146
7290000107615,false,ירקות ואננס להקפצה מנה אסייתית צבעונית ועשירה,"איי, בי, אינבוו",IL,לקט מנה אסייתית צבעונית ועשירה 800גרם,גרמים,800.00,100 גרם,false,1,27.90,3.4875,true,1,192997
7290000110851,false,"כיפלי בטעם בצל 70 גרם-בד""ץ",יוניליוור מזון,IL,כיפלי חטיף בטעם בצל,גרמים,70.00,100 גרם,false,1,6.90,9.8571,true,1,138261
7290000111117,false,מרכך כביסה לבן בדין 4 ליטר,יוניליור ישראל טיפוח איש,IL,מרכך כביסה בדין לבן,ליטרים,4.00,ליטר,false,1,25.90,6.4750,true,1,133153
7290000112220,false,טחינה גולמית שומשום טהור בארכה 500 גרם,"רושדי תעשיות מזון בע""\מ",IL,בארכה טחינה 100% שומשום 12*500גרם,גרמים,500.00,100 גרם,false,1,16.90,3.3800,true,1,133173
7290000112619,false,מרק עוף לתיבול והעשרה קנור 400 ג',יוניליוור ישראל מזון בע\,IL,קנור מרק עוף אמיתי 400 גרם,גרמים,400.00,100 גרם,false,1,22.90,5.7250,true,1,133187
7290000116921,false,רוטב צ'ילי מתוק 340 גרם קנור,יוניליוור ישראל מזון בע\,IL,רוטב צ'ילי מתוק קנור,מיליליטרים,300.00,"100 מ""ל",false,1,14.50,4.8333,true,1,137372
7290000120836,false,"מיונז אמיתי 394 גרם ""הלמנס""",קונפקו אינק' די.בי.א,CA,hellmanns real מיונז אמיתי הלמנס,גרמים,394.00,100 גרם,false,1,12.90,3.2741,true,1,133227
7290000120874,false,מיונז הלמנס לייט מופחת קלוריות 424ג,"יונילוור ארה""ב - HPC",US,hellmanns light ממרח מופחת קלוריות,גרמים,424.00,100 גרם,false,1,12.90,3.0425,true,1,133228
7290000121093,false,גבינה מותכת לייט בטעם שוויצרי 7% מון בלאן 120 גר',האי נאם סי או אל.טי.,IL,גבינה מותכת מון בלאן 7% לייט 120 גרם,גרמים,120.00,100 גרם,false,1,12.90,10.7500,true,1,133230
7290000134109,false,כמון מזרחי מיכל 40 גרם,תות ממתקי איכות,IL,תבליני טעם וריח מיכל קטן כמון מזרחי 40 גרם,גרמים,40.00,100 גרם,false,1,6.90,17.2500,true,1,138184
7290000134314,false,פיצה תערובת תיבול 120 גרם מיכל גדול,"תבליני טעם וריח בע""מ",IL,תבליני טעם וריח תערובת תיבול לפיצה 120 גרם,גרמים,120.00,100 גרם,false,1,10.90,9.0833,true,1,139208
7290000134857,false,פפריקה מתוקה בקופ' 100 גר' טעם וריח,"תבליני טעם וריח בע""מ",IL,"תבליני טעם וריח, פפריקה מתוקה 100%, 100 גרם",גרמים,100.00,100 גרם,false,1,10.90,10.9000,true,1,138337
7290000134871,false,פלפל שחור טחון בקופ' 100 גר' טעם וריח,"תבליני טעם וריח בע""מ",IL,"תבליני טעם וריח, 100% פלפל שחור טחון, 100 גרם",גרמים,100.00,100 גרם,false,1,14.90,14.9000,true,1,138369
7290000136189,false,סבן אף דיאט 1.5 ליטר בודד,"טמפו משקאות בע""\ם.",IL,סבן אפ דיאט בקבוק 1.5 ליטר,ליטרים,1.50,ליטר,false,1,8.90,5.9333,true,1,203707
7290000136646,false,בירה נשר מאלט ללא אלכוהול 1.5 ליטר,"טמפו משקאות בע""\מ",IL,בירה נשר מאלט בקבוק 1.5 ליטר,ליטרים,1.50,ליטר,false,1,10.00,6.6667,true,1,203718
7290000136653,false,דיאט נשר מאלט ללא אלכוהול 1.5 ליטר,"טמפו משקאות בע""\מ",IL,בירה נשר מאלט דיאט בקבוק 1.5 ליטר,ליטרים,1.50,ליטר,false,1,10.00,6.6667,true,1,203719
7290000136660,false,סודה טמפו ליטר וחצי,טמפו,IL,מי סודה 1.5 ליטר,ליטרים,1.50,ליטר,false,1,4.20,2.8000,true,1,203967
7290000136790,false,שישיית מי סודה טמפו 1.5 ליטר,"טמפו משקאות בע""\מ",IL,מי סודה שישייה בקבוק 1.5 ליטר,ליטרים,9.00,ליטר,false,6,19.70,2.1889,true,1,203722
7290000136844,false,מארז מים מזוככים אקווה נובה שישיית 2 ליטר,"טמפו משקאות בע""\מ",IL,מים אקווה נובה שישייה בקבוק 2 ליטר,ליטרים,12.00,ליטר,false,6,15.50,1.2917,true,1,203724
7290000136868,false,סאן בנדטו - מים מינרלים - מארז שישיית 1.5 ליטר,אקווה מינרלה סאן בנדטו ב,IT,מים סן בנדטו שישייה בקבוק 1.5 ליטר,ליטרים,9.00,ליטר,false,6,19.90,2.2111,true,1,203725
7290000136875,false,שישיית מים מינרליים מוגזים סן בנדטו 1.5 ליטר,סאן בנדטו San Benedetto,IT,שישיית סןבנדטו מוגז בקבוק 1.5 ליטר,ליטרים,9.00,ליטר,false,6,19.90,2.2111,true,1,203726
7290000137513,false,גלידונית גלידה וניל בציפוי שוקולד 60 יח' קרמיסימו,"גלידת שטראוס בע""\מ, רחוב",IL,גלידונית קרמיסימו 1/60 630 גרם,גרמים,630.00,100 גרם,false,1,49.90,7.9206,true,1,133310
7290000137643,false,שלגוני טעמקור בטעם שוקו וניל שטראוס 8*50 גרם,"גלידת שטראוס בע""\מ, רחוב",IL,"שטראוס טעמקור 880 מ""ל",גרמים,500.00,100 גרם,false,1,44.50,8.9000,true,1,133311
7290000144467,false,שמן חמניות מועשר בנוגדי חמצון 1 ל' עץ הזית,"נארז ע""י : א.ג. גילר",GR,שמן חמניות מועשר בנוגדי חמצון 1 ליטר,ליטרים,1.00,ליטר,false,1,17.90,17.9000,true,1,133336
7290000144474,false,שמן עץ הזית קנולה 1 ליטר בריאות מהטבע,שמן תעשיות בעמ,EE,שמן קנולה מועשר בנוגדי חמצון 1 ליטר,ליטרים,1.00,ליטר,false,1,16.90,16.9000,true,1,133337
7290000148748,false,קליית גת גרעיני חמניה קלויים ומומלחים200,"ג'י אנד ג'י בע""מ",IL,"קליית גת חמנייה קלויים, 200 גרם",גרמים,200.00,100 גרם,false,1,7.90,3.9500,true,1,136596
7290000149905,false,טקסטיל נוזל לכביסה עדינה נקה 1 ליטר,מיוצר עי קונדיטוריית,IL,"נקה טקסטיל שמפו נוזלי לאריגים עדינים, 1 ליטר",ליטרים,1.00,ליטר,false,1,14.90,14.9000,true,1,133369
7290000169798,false,"עוגי מופחת סוכר 20% פצפוצי שוקו' 500ג' בד""צ",יוניליוור ישראל מזון בע\,IL,תלמה דגני בוקר עוגי 500 גרם,גרמים,500.00,100 גרם,false,1,23.90,4.7800,true,1,156190
7290000174723,false,שוקולית אבקה להכנת משקה שוקו 500 גרם,הנסיך- מפעל לייצור ט,IL,שוקולית קופסא 500 / 12 קופ'/ 500ג',גרמים,500.00,100 גרם,false,1,15.90,3.1800,true,1,133438
7290000176062,false,קפה טורקי בשקית 100 ג' עלית,שטראוס קפה בי.ויn\.,IL,עלית טורקי שקית 100ג/1שק'/100גר',גרמים,100.00,100 גרם,false,1,9.90,9.9000,true,1,133443
7290000176079,false,קפה עלית טורקי עם הל 100 גרם,הנסיך- מפעל לייצור ט,IL,עלית טורקי עם הל 00/1שק'/100גר',גרמים,100.00,100 גרם,false,1,10.90,10.9000,true,1,133444
7290000176413,false,קפה נמס אבקתי 50 ג' עלית,הנסיך- מפעל לייצור ט,IL,קפה נמס 50 גרם חדש,גרמים,50.00,100 גרם,false,1,11.90,23.8000,true,1,133447
7290000176420,false,קפה נמס פחית עלית 200 גרם,שטראוס קפה בי.וי,IL,קפה נמס עלית 200 גר',גרמים,200.00,100 גרם,false,1,23.90,11.9500,true,1,133448
7290000178707,false,תפוצ'יפס בטעם טבעי 50 גרם,"שטראוס פריטו ליי בע""\מ )",IL,תפו טבעי 50 גר 48 יח - שמיטה,גרמים,50.00,100 גרם,false,1,5.50,11.0000,true,1,133459
7290000178721,false,תפוצ'יפס בטעם טבעי 200 גרם,"שטראוס פריטו ליי בע""\מ )",IL,תפו טבעי 200 גר 12 יח,גרמים,200.00,100 גרם,false,1,11.90,5.9500,true,1,133461
7290000187860,false,מגבוני טואלט לחים לילי דיספנסר 40יח',עלבד משואות יצחק בעמ,IL,מגבוני טואלט לח לילי,לא מנהל יחידת מידה,0.00,לא מנהל יחידת מידה,false,1,8.90,0.0000,true,1,133478
7290000187938,false,לילי - נייר טואולט נייר טואלט פסטל 32 יח',לילי נייר טואלט חוגלה,IL,נייר טואלט לילי פסטל 32 גלילים,מטרים,58880.00,מטר,false,1,37.90,0.0006,true,1,143508
7290000188355,false,מגבות מטבח ניקול לבנה שישייה,קימברלי-קלארק,IL,ניקול מגבת 6 בלי בנדלר,מטרים,6400.00,מטר,false,1,13.90,0.0022,true,1,143463
7290000189550,false,"שקיות אשפה ענקיות עם שרוך 78 * 90 ס""מ ניקול 2 * 10 יחידות",חוגלה קימברלי,IL,שקיות אשפה זוג 20 יחידות,לא מנהל יחידת מידה,0.00,לא מנהל יחידת מידה,false,1,29.90,0.0000,true,1,140267
7290000189659,false,מטליות לחות לרצפה ניקול 10 יח'-מרכז,עלבד משואות יצחק בעמ,IL,ניקול מטליות לחות לניקוי הרצפה 10 יחידות,Unknown,0.00,Unknown,false,1,13.90,0.0000,true,1,145800
7290000190068,false,מפיות נייר ניקול 100 יחידות,חוגלה קימברלי,IL,"מפיות ניקול חלקות לאירוח חד שכבתי, 100 יחידות",Unknown,0.00,Unknown,false,1,7.90,0.0000,true,1,141996
7290000190198,false,מטליות לחות לניקוי וחיטוי 99.9% ניקול 50 יחידה,עלבד משואות יצחק בעמ,IL,מטליות לחות לניקוי חיטוי ניקול,יחידה,1.00,יחידה,false,1,13.90,13.9000,true,1,157030
7290000191546,false,ממחטות טישו צבעוני 2 שכבות לילי מארז 100X3יח',חוגלה קימברלי,IL,ממחטות טישיו לילי צבעוני בניילון שלישייה,Unknown,0.00,Unknown,false,1,12.90,0.0000,true,1,133495
7290000191652,false,שלישיית ממחטות אולטרה סופט קלינקס 90 יחידות,חוגלה קימברלי,IL,ממחטות טישיו קלינקס ניילון מארז שלישייה,לא מנהל יחידת מידה,0.00,לא מנהל יחידת מידה,false,1,12.90,0.0000,true,1,142403
7290000195537,false,האגיס - מגבוני האגיס דיילי קר לא מבושם 64 יח' * 4,חוגלה קימברלי,IL,האגיס מגבונים לחים לתינוק ללא בישום מארז רביעייה,יחידה,1.00,יחידה,false,1,22.90,22.9000,true,1,137902
7290000196039,false,"מפות שולחן איריס ח""פ ניקול 2 יח'",חוגלה קימברלי,IL,"מפות שולחן ניקול זוג 180*110 ס""מ",לא מנהל יחידת מידה,0.00,לא מנהל יחידת מידה,false,1,12.90,0.0000,true,1,133518
7290000196763,false,"שקיות אשפה חזקות במיוחד עם שרוך 52 * 65 ס""מ ניקול 40 יחידות","אשפלסט תעשיות בע""מ",IL,שקיות אשפה השקית החזקה ניקול 40 יח,Unknown,0.00,Unknown,false,1,32.90,0.0000,true,1,150043
7290000197432,false,שקיות אוכל סנדביצ'ון ניקול מארז 150X2יח',"אשפלסט תעשיות בע""מ",IL,סנדוויצון זוגות,לא מנהל יחידת מידה,0.00,לא מנהל יחידת מידה,false,1,16.50,0.0000,true,1,133526
7290000197678,false,חיתולי האגיס פרידום דריי שלב 6 30 יחידות,קימברלי קלארק ישראל,IL,חיתולים פרידום דריי שלב 6,יחידה,1.00,יחידה,false,1,41.90,41.9000,true,1,160937
7290000197883,false,תבנית אלומיניום 100 גדולה ניקול 4 יחידות,חוגלה קימברלי,CN,תבנית אלומיניום גדול 4 יחידות,לא מנהל יחידת מידה,0.00,לא מנהל יחידת מידה,false,1,10.90,0.0000,true,1,138306
7290000197951,false,תבניות אלומיניום ענקיות ניקול 3 יחידות,חוגלה קימברלי,CN,תבנית אלומיניום ענק 2 יחידות,לא מנהל יחידת מידה,0.00,לא מנהל יחידת מידה,false,1,10.90,0.0000,true,1,138234
7290000204215,false,שישיית כרית יפנית ניקול 6 יחידות,חוגלה קימברלי,IL,"ניקול,כריות יפניות ,6 יחידות",גרמים,0.00,100 גרם,false,1,13.90,0.0000,true,1,133602
7290000207063,false,רסק עגבניות פריכוז 28% 240 גרם יכין,היינץ צפון אמריקה מק,IL,יכין פריכוז רוטב עגבניות 240 גרם,גרמים,260.00,100 גרם,false,1,5.50,2.1154,true,1,140133
7290000207162,false,רוטב עגבניות מרכיב טבעי 100 ג' יכין,"זנלכל בע""\מ",IL,יכין רוטב עגבניות מרוכז 100 גרם,גרמים,100.00,100 גרם,false,1,2.50,2.5000,true,1,133645
7290000208022,false,עגבניות 2.5 A מרוסקות 850 גרם יכין,"זנלכל בע""\מ",IL,עגבניות מרוסקות יכין 800 גרם,גרמים,800.00,100 גרם,false,1,9.90,1.2375,true,1,141566
7290000208114,false,"אפונה וגזר יכין A2 פ""ק בית יוסף","זנלכל בע""\מ",IL,יכין אפונת גינה וגזר 550 גרם,גרמים,550.00,100 גרם,false,1,8.90,1.6182,true,1,133653
7290000208145,false,גרעיני תירס מתוק לייט 550 גרם יכין,"זנלכל בע""\מ",IL,תירס לייט גרעינים יכין 550 גרם,גרמים,550.00,100 גרם,false,1,9.90,1.8000,true,1,138124
7290000208220,false,"שעועית צ'לי יכין פ""ק A2 בית יוסף",היינץ צפון אמריקה מק,IL,יכין שעועית צ'ילי בנוסח מקסיקני חריף 580 גרם,גרמים,0.00,100 גרם,false,1,8.90,0.0000,true,1,163526
7290000208329,false,גרעיני תירס מתוק 550 גרם יכין,"זנלכל בע""\מ",IL,תירס גרעינים מתוק יכין 560 גרם,גרמים,560.00,100 גרם,false,1,8.90,1.5893,true,1,136598
7290000208336,false,רסק יכין 240גר 22% יכין בית יוסף,"זנלכל בע""\מ",IL,יכין רוטב עגבניות מרוכז 240 גרם,גרמים,240.00,100 גרם,false,1,4.50,1.8750,true,1,141176
7290000208428,false,גרגרי חומוס שלם 550 גרם יכין,"זנלכל בע""\מ",IL,חומוס שלם יכין 560 גרם,גרמים,560.00,100 גרם,false,1,8.90,1.5893,true,1,138126
7290000208534,false,גרעיני תירס מתוק לילדים 550 גרם יכין,"זנלכל בע""\מ",IL,יכין תירס קיד גרעיני תירס מתוק 550 גרם משקל נקי,גרמים,550.00,100 גרם,false,1,9.90,1.8000,true,1,138345
7290000208855,false,רוטב לפסטה קלאסי 240 גרם יכין,"זנלכל בע""\מ",IL,רוטב פסטה 240גר,גרמים,240.00,100 גרם,false,1,5.90,2.4583,true,1,141185
7290000209012,false,חומץ 1ליטר יכין הדרים,"זנלכל בע""\מ",IL,חומץ 1 ליטר יכין,ליטרים,1.00,ליטר,false,1,5.90,5.9000,true,1,138421
7290000209371,false,תירס מתוק יכין 200 גרם מארז 3 יח',היינץ צפון אמריקה מק,IL,יכין גרעיני תירס מתוק שלישייה 3*165,גרמים,165.00,100 גרם,false,1,14.90,9.0303,true,1,162232
7290000209913,false,עגבניות חתוכות לקוביות 240 גרם יכין,"זנלכל בע""\מ",IL,קוביות עגבניות 240גרם,גרמים,240.00,100 גרם,false,1,5.90,2.4583,true,1,143099
7290000209944,false,רוטב לעגבניות בסיס לשקשוקה 240 ג' יכין,"זנלכל בע""\מ",IL,רוטב עגבניות לשקשוקה יכין 240גרם,גרמים,240.00,100 גרם,false,1,5.90,2.4583,true,1,143100
7290000211442,false,"סוגת אורז פרסי קלאסי שקית 1 ק""ג",האי נאם סי או אל.טי.,IL,"אורז פרסי 1 ק""ג",קילוגרמים,1.00,"ק""ג",false,1,13.90,13.9000,true,1,133672
7290000211503,false,סוכר לבן ארוז בשקית,"סוגת תעשיות בע""\מ",IL,"סוכר לבן ארוז בשקית סוגת 1 ק""ג",קילוגרמים,1.00,"ק""ג",false,1,5.50,5.5000,true,1,133673
7290000211985,false,"סוגת אורז עגול ריזוטו 1 ק""ג","סוגת תעשיות בע""\מ",IL,"אורז עגול 1 ק""ג",קילוגרמים,1.00,"ק""ג",false,1,12.90,12.9000,true,1,133677
7290000238029,false,"בצק עלים צרפתי מרודד מעדנות 1 ק""ג",מיוצר עי קונדיטוריית,IL,"בצק עלים 1 ק""ג",קילוגרמים,1.00,"ק""ג",false,1,24.90,24.9000,true,1,133781
7290000238036,false,מלאווח בקופסא מעדנות 700 גרם,מיוצר עי קונדיטוריית,IL,מלווח 700 גרם מעדנות,גרמים,700.00,100 גרם,false,1,18.90,2.7000,true,1,133782
7290000245270,false,"פרסיל אבקה לכביסה רגיל שקית 1.25 ק""ג","הנקל סוד בע""מ",IL,"פרסיל אבקת כביסה 1.25 ק""ג",קילוגרמים,1.25,"ק""ג",false,1,16.90,13.5200,true,1,133815
7290000253220,false,שוקולד צ'יפס חום אופנהיימר 260 גר',אופנהיימר,IL,שוקולד ציפס חום אופנהיימר 260גרם,גרמים,260.00,100 גרם,false,1,13.90,5.3462,true,1,133850
7290000262031,false,נייר טואלט מולט לב 32 גלילים,קימברלי-קלארק,IL,נייר טואלט מולט לבבות 32 גלילים,מטרים,58880.00,מטר,false,1,32.90,0.0006,true,1,144321
7290000267012,false,שקד מולבן שלם100ג'שקדיה,"דין שיווק וקלייה בע""",IL,שקד טבעי מולבן שלם 100 גרם שקדיה,גרמים,100.00,100 גרם,false,1,10.90,10.9000,false,1,133886
7290000267043,false,שקדים מולבנים פרוסים השף 100 גרם,"דין שיווק וקלייה בע""",IL,שקד טבעי מולבן פרוס 100 גרם שקדיה,גרמים,100.00,100 גרם,false,1,10.90,10.9000,false,1,133889
7290000267586,false,גרעייני חמניה קלופים 150 גר,"דין שיווק וקלייה בע""",IL,גרעין חמנייה קלוף טבעי 150 גרם שקדיה,גרמים,150.00,100 גרם,false,1,6.90,4.6000,false,1,140847
7290000267678,false,גרעיני דלעת טבעי קלוף שקדיה 150 ג',"דין שיווק וקלייה בע""",IL,גרעיני דלעת קלופים טבעי 150 גרם שקדיה,גרמים,150.00,100 גרם,false,1,13.90,9.2667,false,1,140848
7290000272696,false,עסיס מיץ לימון טבעי משומר 1 ל' אסם,בית-השיטה עסיס תעשיות מז,IL,עסיס מיץ לימון משומר 12*1ליטר,ליטרים,1.00,ליטר,false,1,12.90,12.9000,true,1,133928
7290000288017,false,אקונומיקה בריח לימון סנו ז'אוול 1 ליטר,"סנו מפעלי ברונוס בע""",IL,סנו JAVEL אקונומיקה בריח לימון 1 ליטר,ליטרים,1.00,ליטר,false,1,9.90,9.9000,true,1,134037
7290000288024,false,סנו - ז'אוול אקונומיקה בריח לימון 4 ליטר,"סנו מפעלי ברונוס בע""מ",IL,אקונומיקה סנו JAVEL לימון 4 ליטר,ליטרים,4.00,ליטר,false,1,17.90,4.4750,true,1,134038
7290000289472,false,סנו סושי שקיות אשפה - 50 יחידות,מיוצר עי קונדיטוריית,IL,סושי 50 ש.אשפה גדולות במיוחד,לא מנהל יחידת מידה,0.00,לא מנהל יחידת מידה,false,1,23.90,0.0000,true,1,136973
7290000292687,false,סנובון מוצק לניקוי אסלה קלאסיק כחול סנו 3 יחידות,מיוצר עי קונדיטוריית,IL,סנובון כחול סבון מוצק לאסלה בניחוח קלאסי 3 יחידות,גרמים,165.00,100 גרם,false,1,17.90,10.8485,true,1,134080
7290000293073,false,מקסימה מרכך כביסה ביו לבן סנו 4 ליטר,"סנו מפעלי ברונוס בע""\מ",IL,מקסימה מרכך כביסה ביו 4 ליטר,ליטרים,4.00,ליטר,false,1,24.90,6.2250,true,1,134081
7290000294780,false,אקונומיקה סמיכה בריח לימון סנו ז'אוול 4 ליטר,"סנו מפעלי ברונוס בע""מ",IL,סנו Javel אקונומיקה סמיכה מבושמת בריח לימון 4 ליטר,ליטרים,4.00,ליטר,false,1,17.90,4.4750,true,1,134088
7290000295121,false,מטליות זיגזג סנו סושי לניקוי רצפות 3יח',קריות זול,IL,מטליות זיג זג לניקוי רצפות 3 יחידות,לא מנהל יחידת מידה,0.00,לא מנהל יחידת מידה,false,1,18.50,0.0000,true,1,134089
7290000295299,false,סנו סושי כריות הפלא רב תכלתיות רביעייה,סנו מפעלי ברונו בעמ,IL,כרית הפלא סנו סושי 4 יחידות,יחידה,1.00,יחידה,false,1,13.90,13.9000,true,1,134091
7290000295367,false,"מקסימה אבקת כביסה אפקט ז'אוול סנו 2.5 ק""ג",סנו מקסימה,IL,"אבקת כביסה, אפקט JAVEL",קילוגרמים,2.50,"ק""ג",false,1,28.90,11.5600,true,1,134094
7290000295503,false,זוג שקיות מזון טבע 19*25 סנו סושי 150 יחידות,"אשפלסט תעשיות בע""מ",CN,סנו סושי - שקיות אוכל 2*150,לא מנהל יחידת מידה,0.00,לא מנהל יחידת מידה,false,1,14.90,0.0000,true,1,134097
7290000295558,false,"רדיד אלומיניום רוחב 30 ס""מ סנו סושי 2 יח' 7.5 מטר",מולינו ניקולי s.p.a,TR,"רדיד אלומיניום זוג 15 מ רוחב 30 ס""מ",מטרים,1500.00,מטר,false,1,10.90,0.0073,true,1,138202
7290000300900,false,שניצל תירס מרכיבים טבעיים טבעול 750 גרם,עיצובים 2020 (4.8),IL,טבעול שניצל תירס 8*750גרם-חדש,גרמים,750.00,100 גרם,false,1,27.90,3.7200,true,1,134118
7290000318127,false,"נקניקיות ביס 380 גרם ""יחיעם""",מעדני יחיעם 1993,IL,יחיעם נקניקיות ביס 380 גרם,גרמים,380.00,100 גרם,false,1,11.90,3.1316,true,1,134269
7290000318677,false,נקניק סלמי סרוולט יחיעם 150 גרם,מעדני יחיעם 1993,IL,סלמי סרוולט,גרמים,150.00,100 גרם,false,1,29.90,19.9333,true,1,142216
7290000318943,false,פסטרמה של פעם מעושן 1.5% יחיעם 200 גרם,תאי פרזידנט פוד פאבל,IL,"יחיעם, פסטרמה של פעם, 200 גרם",גרמים,200.00,100 גרם,false,1,27.90,13.9500,true,1,142217
7290000319063,false,כתף בקר מפולפל יחיעם 150 גרם,מעדני יחיעם,IL,כתף בקר מפולפל 150 גרם,גרמים,150.00,100 גרם,false,1,26.90,17.9333,true,1,183733
7290000319131,false,נקניקיות עוף יחיעם 400 גרם,מעדני יחיעם 1993,IL,נקניקיות עוף 400 גר יחיעם,גרמים,400.00,100 גרם,false,1,12.90,3.2250,true,1,134303
7290000319520,false,נקניק סלמי צרפתי יחיעם 100 גרם,מעדני יחיעם 1993,IL,סלמי צרפתי 100 גרם יחיעם,גרמים,100.00,100 גרם,false,1,25.90,25.9000,true,1,139707
7290000336282,false,"פריגת סיידר צלול 330 מ""ל בקבוק",טמפו משקאות בעמ,IL,סיידר תפוח צלול 330 בקבוק,מיליליטרים,330.00,"100 מ""ל",false,1,8.90,2.6970,true,1,137177
7290000345215,false,תה כחול קלאסיק ויסוצקי 100 יחידות,מולינו ניקולי s.p.a,IL,100/1כחול C2000,גרמים,100.00,100 גרם,false,1,19.50,19.5000,true,1,134404
7290000345260,false,תה קלאסיק מעטפות ויסוצקי 25 יחידות,מולינו ניקולי s.p.a,IL,25/1.5במעטפה,גרמים,37.00,100 גרם,false,1,8.20,22.1622,true,1,134405
7290000345291,false,תה ארל גריי ויסוצקי 25 יחידות,תה ויסוצקי,IL,ארל גריי TEAR TAPE - 25,גרמים,38.00,100 גרם,false,1,17.90,47.1053,true,1,134408
7290000347738,false,תה ירוק נענע ויסוצקי 25 יחידות,תה ויסוצקי,IL,תה ירוק עם נענע T.T,גרמים,37.00,100 גרם,false,1,26.90,72.7027,true,1,134430
7290000364285,false,דקניקים סלסולי פסטרמה הודו טירת צבי 120 גרם,הנסיך- מפעל לייצור ט,IL,"טירת צבי, סלסולי הודו אפוי, 120 גרם",גרמים,120.00,100 גרם,false,1,16.90,14.0833,true,1,146914
7290000364292,false,דקניקים סלסולי פסטרמה הודו על גחלים 1% טירת צבי 120 גרם,הנסיך- מפעל לייצור ט,IL,דקניקים סלסולי פסטרמה גחלים 120 גרם,גרמים,120.00,100 גרם,false,1,16.90,14.0833,true,1,148136
7290000364872,false,נקניקיות עוף טירת צבי 400 גרם,טיב טירת צבי 2000,IL,נקניקיות עוף 400 גרם,גרמים,400.00,100 גרם,false,1,14.90,3.7250,true,1,134500
7290000377445,false,נש צ'אנס קליית גת 200 גרם,"ג'י אנד ג'י בע""מ",IL,נש צ'אנס 200 גר' ב 12,גרמים,200.00,100 גרם,false,1,9.90,4.9500,true,1,137850
7290000379258,false,"חלה מתוקה קונדטוריה ארוזה ""אנג'ל""",מאפיית שלמה א. אנג'\ל בע,IL,אנג'ל חלת קונדיטוריה 500 גרם,גרמים,500.00,100 גרם,false,1,15.90,3.1800,true,1,134538
7290000408316,false,יוגורט דנונה דל לקטוז 200 גרם,מיוצר עי קונדיטוריית,IL,דנונה ביו 3% 200 גרם,גרמים,200.00,100 גרם,false,1,3.70,1.8500,true,1,134697
7290000408354,false,יוגורט עם אורז מצופה שוקולד קקאו 175 ג' דנונה,"שטראוס בריאות בע""\מ",IL,בר דנונה פצפוצים,גרמים,175.00,100 גרם,false,1,4.90,2.8000,true,1,134698
7290000412481,false,נוזל לניקוי אסלות 00 סנו 1 ליטר,מיוצר עי קונדיטוריית,IL,סנו 00 מנקה אסלות 1 ליטר,ליטרים,1.00,ליטר,false,1,9.90,9.9000,true,1,134726
7290000416021,false,ממרח בטעם שוקולד השחר חלבי 500,השחר העולה,IL,ממרח השחר העולה חלבי 500 גרם,גרמים,500.00,100 גרם,false,1,14.90,2.9800,true,1,134770
7290000420325,false,"פופסטאר פופקורן למקירוגל בטעם טבעי 5 שקיות,500 גרם",פרסטון פארמס,US,"פופסטאר פופקורן למקירוגל בטעם טבעי 5 שקיות,500 גרם",גרמים,500.00,100 גרם,false,1,16.90,3.3800,true,1,134797
7290000420332,false,פופסטאר פופקורן למיקרוגל בטעם חמאה 5 יחידות 500 גרם,פרסטון פארמס,US,פופקורן פופ סטאר חמאה 500 גרם,גרמים,500.00,100 גרם,false,1,16.90,3.3800,true,1,134798
7290000430102,false,קוביות קרח בשקית מיסטר אייס 2 קילו,"אייס (קיובס) בע""מ -",IL,קוביות קרח בשקית,יחידה,1.00,יחידה,false,1,12.90,12.9000,true,1,137860
7290000461700,false,בייגלה שמיניות גדולות מלוחות 400 גרם,בייגל את בייגל מזון 198),IL,כעכים גדולים עם מלח בייגל בייגל,גרמים,400.00,100 גרם,false,1,15.90,3.9750,true,1,134926
7290000467320,false,מלך החומוס אבו מרוואן 400 גרם,סלטי צבר,IL,צבר חומוס אבו מרוואן 6*400גרם,גרמים,400.00,100 גרם,false,1,14.90,3.7250,true,1,157791
7290000467511,false,ביסלי חטיף ברביקיו אסם 55 ג',"אסם השקעות בע""מ",IL,ביסלי ברביקיו 55 גרם,גרמים,55.00,100 גרם,false,1,4.90,8.9091,true,1,159143
7290000467887,false,ביסלי בטעם פיצה 55 גרם אסם,"אסם השקעות בע""מ",IL,ביסלי פיצה 55 גרם,גרמים,55.00,100 גרם,false,1,4.90,8.9091,true,1,159144
7290000468747,false,ביסלי חטיף גריל אסם 55 ג',"אסם השקעות בע""מ",IL,ביסלי גריל 55 גרם,גרמים,55.00,100 גרם,false,1,4.90,8.9091,true,1,159145
7290000474090,false,"חלב בקרטון 1%- 1 ליטר בד""צ - מוצר בפיקוח",מילקו תעשיות בעמ,IL,"חלב בקרטון 1%- 1 ליטר בד""צ",ליטרים,1.00,ליטר,false,1,5.86,5.8600,true,1,134979
7290000474373,false,"שמנת חמוצה 15% שומן 200 מ""ל טרה",קריות זול,IL,"שמנת חמוצה 200 מ""ל בד""צ",גרמים,200.00,100 גרם,false,1,2.40,1.2000,true,1,134982
7290000474540,false,טוב טעם גבינה לבנה 3% טרה 250 גרם,קריות זול,IL,"טרה, טוב טעם, גבינה לבנה 3% , 250 גרם",גרמים,250.00,100 גרם,false,1,11.90,4.7600,true,1,134984
7290000480107,false,קוואקר שיבולת שועל פחית 500 גרם,וולקרס סנקס לימיטד,GB,שיבולת שועל קוואקר פחית 500 גרם,גרמים,500.00,100 גרם,false,1,15.90,3.1800,true,1,134993
7290000480442,false,קוואקר שיבולת שועל בשקית 500 גרם,פריטו ליי FRITO-LAY,IL,קוואקר שיבולת שועל שקית 500 גר 16 יח,גרמים,500.00,100 גרם,false,1,14.80,2.9600,true,1,134998
7290000484747,false,עראק עלית 700 מל 40% כהל,יקב הגליל יוסף גולד ובניו,IL,"עלית הארק 40% בקבוק 700 מ""ל",מיליליטרים,700.00,"100 מ""ל",false,1,59.90,8.5571,true,1,167798
7290000504278,false,ממתיק סוכרזית אריזת פטנט 700 טבליות,אף.סי תבליני בגליל ב,IL,ממתיק סוכרזית פטנט 700 טבליות,גרמים,57.00,100 גרם,false,1,18.90,33.1579,true,1,135126
7290000518220,false,ממתיק סוכרה דיאט 100 יחידות,פתח תקווה,IL,סוכרה להמתקה לבישול ואפייה 100 יח,גרמים,100.00,100 גרם,false,1,28.90,28.9000,true,1,171351
7290000518336,false,ממתק צמר גפן מתוק מסיבים תזונתיים,מתוק וקל בעמ,IL,מוש צמר גפן מתוק מסיבים תזונתיים 10 גרם,גרמים,10.00,100 גרם,false,1,5.90,59.0000,true,1,207477
7290000521008,false,יין אדום יבש של סגל750מל,"כרמי צבי - אחים סגל בע""\",IL,יין אדום יבש של סגל 750 מל,מיליליטרים,750.00,"100 מ""ל",false,1,22.90,3.0533,true,1,135185
7290000523125,false,מלח הארץ הים האדום 250 ג' עדין,"חברת מלח הארץ אילת בע""\מ",IL,מלח ים אדום דק 250 גרם,גרמים,250.00,100 גרם,false,1,6.50,2.6000,true,1,135200
7290000523224,false,מלח הארץ הים האדום 500 ג' עדין,"חברת מלח הארץ אילת בע""\מ",IL,מלח ים אדום דק 500 גרם,גרמים,500.00,100 גרם,false,1,8.30,1.6600,true,1,135201
7290000525969,false,מיץ תפוזים סחוט רכיבים טבעיים פרימור 1 ליטר,"גניר (1992) בע""מ",IL,פרימור מיץ תפוזים 1 ליטר,ליטרים,1.00,ליטר,false,1,17.90,17.9000,true,1,135209
7290000530413,false,המבורגר זהב זוגלובק 400 גרם,נקניק נהריה כשר זוגל,IL,זוגלובק המבורגר זהב 400 גרם,גרמים,400.00,100 גרם,false,1,21.90,5.4750,true,1,135228
7290000530598,false,נקניקיות עוף וינר זוגלובק 500 גרם,נקניק נהריה כשר זוגל,IL,זוגלובק נקניקיות וינר 500 גרם,גרמים,500.00,100 גרם,false,1,18.30,3.6600,true,1,135230
7290000537566,false,נקניקיות עוף טרי 400 ג' זוגלובק,נקניק נהריה כשר זוגל,IL,זוגלובק נקניקיות עוף 400 גרם,גרמים,400.00,100 גרם,false,1,14.90,3.7250,true,1,135260
7290000552989,false,בשר טחון טיבון ויל 500 גרם,"טיבון ויל אחזקות בע""\מ",IL,טיבון וויל בשר עגל טחון קפוא 500 גרם,גרמים,500.00,100 גרם,false,1,30.90,6.1800,true,1,135364
7290000554402,false,מעדן חלב מלבי גד 160 גרם,"מיוצר ע""\י קוד יצרן EDNK",IL,מלבי מעדן חלב גד 170 גרם,גרמים,170.00,100 גרם,false,1,6.50,3.8235,true,1,135380
7290000554471,false,נקניק מוצרלה 22 אחוז 180גרם גד מהדרין,"מחלבות גד בע""\מ",IL,גבינת מוצרלה 22% צמה 180 גרם,גרמים,180.00,100 גרם,false,1,18.90,10.5000,true,1,135382
7290000554532,false,גבינה צפתית מעודנת במלח ים 5% 200 ג' גד,הנסיך- מפעל לייצור ט,IL,גד צפתית מעודנת 5% שומן,גרמים,200.00,100 גרם,false,1,15.90,7.9500,true,1,144482
7290000554600,false,מוצרלה מגורדת 22 אחוז 300גרם גד מהדרין,מחלבות גד בעמ,IL,גד מוצרלה מגורדת מחלב בקר 22% 300 גרם,גרמים,300.00,100 גרם,false,1,25.90,8.6333,true,1,135383
7290000554624,false,ירח מתוק מעדן חלב עם אורז 3% גד 150 גרם,"מיוצר ע""\י קוד יצרן EDNK",IL,"ירח מתוק ,מעדן חלב עם אורז 3% , 150 גרם",גרמים,150.00,100 גרם,false,1,6.50,4.3333,true,1,135384
7290000554686,false,גבינת לאבנה בתוספת שמן זית וזעתר 5% גד 250 גרם,מחלבות גד בעמ,IL,גד לאבנה בתוספת שמן זית וזעתר 5%,גרמים,250.00,100 גרם,false,1,12.90,5.1600,true,1,135386
7290000554822,false,ריקוטה גבינה לבנה בסגנון איטלקי 5% גד 250 גרם,מחלבות גד בעמ,IL,גבינה ריקוטה גד 250 גרם,גרמים,250.00,100 גרם,false,1,15.90,6.3600,true,1,135390
7290000571386,false,המחלבה יוגורמה יוגורט מחלב כבשים 5% 850 גרם,גבינות משק אחים מאיר בית,IL,יוגורט יוגורמה מחלב כבשים 850גרם המחלבה,גרמים,850.00,100 גרם,false,1,28.90,3.4000,true,1,135449
7290000572208,false,חלוה בטעם וניל אחווה 100 גרם,שוורצקוף& הנקל דיסלד,IL,אחוה חלוה בטעם וניל 100 גרם,גרמים,100.00,100 גרם,false,1,3.90,3.9000,true,1,135452
7290000644783,false,נתחי פילה סלמון קפוא קג,דגי תנובה,DK,"נתחי פילה סלמון בואקום לק""ג",קילוגרמים,1.00,"ק""ג",true,,105.00,105.0000,true,1,147613
7290000688077,false,"מי עדן 0.500 מ""ל פקק רגיל",מופק ממקור בזלתי עדן,IL,מים מינרליים מי עדן פקק רגיל 0.5 ל',מיליליטרים,500.00,"100 מ""ל",false,1,3.90,0.7800,true,1,142012
7290000688084,false,מי עדן פקק ספורטאים500מל,"מופק ממקור בזלתי עדן ,1",IL,"מי עדן בקבוק ספורט 500 מ""ל",מיליליטרים,500.00,"100 מ""ל",false,1,3.90,0.7800,true,1,135851
7290000688381,false,שישיית מי עדן פקק ספורט 0.5 ליטר,"מופק ממקור בזלתי עדן ,1",IL,"מי עדן בקבוק אישי שישייה 500 מ""ל",ליטרים,3.00,ליטר,false,1,14.90,4.9667,true,1,135854
7290000688466,false,מים מינרלים פקק ספור,מופק ממקור בזלתי עדן,IL,"מי עדן GYM בקבוק ספורט 750 מ""ל",מיליליטרים,750.00,"100 מ""ל",false,1,5.50,0.7333,true,1,135855
7290000688503,false,"מים מינרלים פקק ספורט מי עדן 6*750 מ""ל","מופק ממקור בזלתי עדן ,1",IL,"מי עדן ספורט שישייה בקבוק 750 מ""ל",ליטרים,4.50,ליטר,false,1,18.90,4.2000,true,1,137403
7290000692210,false,נוזל לניקוי כללי ורצפות בניחוח לבנדר אג'קס 2 ליטר,הנסיך- מפעל לייצור ט,GR,אג'קס נוזל לניקוי כללי ורצפות בניחוח לבנדר 2 ליטר,ליטרים,2.00,ליטר,false,1,22.90,11.4500,true,1,135858
7290000692227,false,נוזל כלים פלמוליב צילינדר קלאסי 1 ליטר,יבואן ומשווק: ש. שסט,GR,פלמוליב נוזל לניקוי כלים קלאסי 1 ליטר,ליטרים,1.00,ליטר,false,1,14.90,14.9000,true,1,135859
7290000993560,false,עגבניות שרי שוקו \מנומר 500ג' ארוז,רון שרי,IL,עגבניות שרי שוקו לב 500 גרם,גרמים,500.00,100 גרם,false,1,14.90,2.9800,true,1,170306
7290001045688,false,"מיץ תפוזים סחוט פרימור 400 מ""ל",פרימור,IL,פרימור מיץ תפוזים סחוט 400 מל,מיליליטרים,400.00,"100 מ""ל",false,1,10.90,2.7250,true,1,137185
7290001121979,false,נקניק סלמי הרץ מעדני יחיעם 150 גרם,תאי פרזידנט פוד פאבל,IL,"יחיעם, סלמי הרץ, 150 גרם",גרמים,150.00,100 גרם,false,1,26.90,17.9333,true,1,151934
7290001123775,false,שווארמה אמיתית פרגיות טיבון ויל 500 גרם,"טיבול ויל אחזקות בע""",IL,טיבון ויל שווארמה פרגיות מוכן 500 גרם,גרמים,500.00,100 גרם,false,1,34.50,6.9000,true,1,133174
7290001216040,false,טחינה גולמית שומשום טהור אל ארז 500 גרם,אגס ירוק מסחר ושירותים,IL,טחינת אל ארז 500 גרם,גרמים,500.00,100 גרם,false,1,17.90,3.5800,true,1,138740
7290001216231,false,טחינה גולמית שומשום מלא אל ארז 500 גרם,אגס ירוק מסחר ושירותים,IL,טחינה מלאה אל ארז 500 גרם,גרמים,500.00,100 גרם,false,1,18.90,3.7800,true,1,145944
7290001230739,false,כאמל כחול חפיסה חפיסה,Unknown,CH,סיגריות כאמל כחול חפיסה בודד,יחידה,0.00,יחידה,false,1,31.60,0.0000,false,1,138887
7290001247082,false,מיץ עגבניות רכיבים טבעיים ספרינג 1 ליטר,יפאורה שותפות מובגלת לשיווק,IL,ספרינג קרטוניות עגבניות 1 ל',ליטרים,1.00,ליטר,false,1,7.60,7.6000,true,1,133247
7290001247099,false,קרטונית נקטר ספרינג מנגו 1 ליטר,יפאורה שותפות מובגלת לשיווק,IL,ספרינג קרטוניות מנגו 1 ל',ליטרים,1.00,ליטר,false,1,7.60,7.6000,true,1,133248
7290001247143,false,קרטונית נקטר ספרינג תפוחים 1 ליטר,יפאורה שותפות מובגלת לשיווק,IL,ספרינג קרטוניות תפוחים 1 ל',ליטרים,1.00,ליטר,false,1,7.60,7.6000,true,1,133252
7290001302279,false,אוסם - במבה קלאסי 60 גרם,מיוצר עי קונדיטוריית,IL,במבה קלאסי 48*60גרם,גרמים,60.00,100 גרם,false,1,4.90,8.1667,true,1,159141
7290001305058,false,"פלמוליב - נטורלס תחליב רחצה חלב ודבש 500 מ""ל",הנסיך- מפעל לייצור ט,TR,פלמוליב סבון נוזלי חלב ודבש 750 מל,מיליליטרים,500.00,"100 מ""ל",false,1,17.90,3.5800,true,1,133281
7290001305188,false,"נוזל לניקוי כלים בריח לימון פלמוליב 750 מ""ל",יבואן ומשווק: ש. שסט,GR,פלמוליב נוזל לניקוי כלים בריח לימון (כתום) 750 מל,מיליליטרים,750.00,"100 מ""ל",false,1,12.90,1.7200,true,1,133282
7290001407769,false,טחינה גולמית שומשום מלא בארכה 500 גרם,"רושדי תעשיות מזון בע""\מ",IL,בארכה טחינה עם שומשום מלא 12*500גרם,גרמים,500.00,100 גרם,false,1,18.50,3.7000,true,1,141251
7290001407936,false,בארכה-טחינה גולמית מעודנת בקבוק לחיץ 310 ג',"רושדי תעשיות מזון בע""\מ",IL,בארכה טחינה מעודנת 12*310גרם,גרמים,310.00,100 גרם,false,1,14.50,4.6774,true,1,167378
7290001482094,false,גבינה פרמז'נו משולשים ויליפוד 200ג',זנטי אס. אי לאלין,IT,גבינת פרמזן משולשים 200 גרם,גרמים,200.00,100 גרם,false,1,29.90,14.9500,true,1,147454
7290001594025,false,"קוקה קולה זכוכית 350 מ""ל",החברה המרכזית לייצור,IL,"קוקה קולה קלאסי 350 מ""ל",מיליליטרים,330.00,"100 מ""ל",false,1,7.50,2.2727,true,1,138919
7290001594155,false,"קוקה-קולה בבקבוק אישי 500 מ""ל",החברה המרכזית לייצור משקאות,IL,"קוקה קולה 500 מ""ל",מיליליטרים,500.00,"100 מ""ל",false,1,7.90,1.5800,true,1,133395
7290001594230,false,קינלי סודה בבקבוק זכוכית,החברה המרכזית לייצור,IL,"קינלי סודה 250 מ""ל",מיליליטרים,250.00,"100 מ""ל",false,1,4.00,1.6000,true,1,133400
7290001594568,false,"קרלסברג פחית 500 מ""ל פקדון",מבשלות בירה בינלאומיות ב,RO,קלסברג בירה 500 מל,מיליליטרים,500.00,"100 מ""ל",false,1,9.90,1.9800,true,1,133404
7290001594865,false,"שישייה בירה קרלסברג בקבוק 330 מ""ל",מבשלות בירה בינלאומיות ב,IL,"בירה קרלסברג מארז שישייה בקבוק 330 מ""ל",ליטרים,1.98,ליטר,false,1,46.90,23.6869,true,1,133414
7290001598429,false,פרנה מרוקאית חמשת 4,מאפיית יוסף ברון בעמ,IL,מארז פרנות,גרמים,520.00,100 גרם,false,1,13.90,2.6731,true,1,192084
7290001598528,false,לחם כוסמין 100% 450ג' הברון,מאפיית יוסף ברון בעמ,IL,לחם כוסמין 100% מלא 450 גרם,גרמים,450.00,100 גרם,false,1,17.90,3.9778,true,1,172729
7290001598580,false,פיתות כוסמין 6יח 99 קלוריות,מאפיית יוסף ברון בעמ,IL,פיתות כוסמין 99 קלוריות 375 גרם,גרמים,375.00,100 גרם,false,1,17.90,4.7733,true,1,171696
7290001670057,false,כפיות לבן 100 יחידות,הנמל אריזות ושיווק ב,IL,הנמל כפיות לבן 100 יחידות,Unknown,0.00,Unknown,false,1,13.90,0.0000,true,1,138627
7290001990148,false,"סוכר גולדן קלאסי בצנצנת סוגת 1 ק""ג",האי נאם סי או אל.טי.,IL,סוכר גולדן קלאסי צנצנת 1 קג,קילוגרמים,1.00,"ק""ג",false,1,13.50,13.5000,true,1,138417
7290002007852,false,"תמצית אפייה בטעמים שונים 55 מ""ל הנמל",ממתקי עלה יצור ושיוו,IL,הנמל תמצית בטעם וניל 55 מל,מיליליטרים,55.00,"100 מ""ל",false,1,4.40,8.0000,true,1,133556
7290002007890,false,כוסות שתייה קרה 100 יח` 200 PP מל`,אריזות מדף - פלזית,IL,כוס שתיה קרה 100 יח,יחידה,100.00,יחידה,false,1,12.90,0.1290,true,1,133558
7290002008019,false,סוכריות לקישוט בטעם שוקולד הנמל 200 גרם,ממתקי עלה יצור ושיוו,IL,הנמל סוכריות לקישוט שוקולד 200 גרם,גרמים,200.00,100 גרם,false,1,9.80,4.9000,true,1,140078
7290002008224,false,סוכריות לקישוט צבעונית הנמל 100 ג',ממתקי עלה בעמ,IL,סוכריות לקישוט צבעוני 100 גרם,גרמים,100.00,100 גרם,false,1,6.80,6.8000,true,1,133567
7290002043188,false,אקסטרה צ'יפס אורז חום מלא צ'ילי חריף 60 גרם,נוהלס ג'\י אס סי.,BG,ציפס אורז חום מלא צילי חריף60גרם,גרמים,60.00,100 גרם,false,1,6.90,11.5000,true,1,200179
7290002043218,false,אקסטרה צ'יפס אורז חום מלא מלח 60 גרם,נוהלס ג'\י אס סי.,BG,ציפס אורז חום מלא מלח 60גרם,גרמים,60.00,100 גרם,false,1,6.90,11.5000,true,1,200178
7290002057185,false,טבעות זיתים ירוקים קבוצת יבנה 560 גרם,קבוצת יבנה,IL,טבעות זיתים ירוקים 540 גרם יבנה,גרמים,540.00,100 גרם,false,1,10.90,2.0185,true,1,133619
7290002065555,false,שישיית לחמנייה הכי רכה בהפסקה אנג'ל 450 גרם,מאפיית שלמה א. אנג'\ל בע,IL,אנג'ל הלחמניה -450 גרם,גרמים,450.00,100 גרם,false,1,11.90,2.6444,true,1,133642
7290002065616,false,לחם שיפון גרעינים פרוס אחדות 750 גרם,מאפיית שלמה א. אנג'\ל בע,IL,לחם שיפון גרעינים 750 גרם,גרמים,750.00,100 גרם,false,1,15.90,2.1200,true,1,145085
7290002128403,false,נרות שולחן אורה 4 יחידות,קריות זול,IL,נרות שבת אורה מספר 4,יחידה,1.00,יחידה,false,1,4.90,4.9000,true,1,138874
7290002128434,false,נרות שבת אורה 10 יחידות,קריות זול,IL,נרות שבת אורה מספר 10,יחידה,1.00,יחידה,false,1,4.90,4.9000,true,1,146031
7290002129479,false,פיצה איטלקית דקה 320 ג' שלושת האופים,האי נאם סי או אל.טי.,IT,שלושת האופים פיצה איטלקית דקה 320 גרם,גרמים,320.00,100 גרם,false,1,14.90,4.6563,true,1,171340
7290002129486,false,פיצה איטלקית דקה זיתים 340 ג' שלושת האופים,האי נאם סי או אל.טי.,IT,פיצה איטלקית דקה זיתים שלושת האופים 340ג,גרמים,340.00,100 גרם,false,1,13.90,4.0882,true,1,172449
7290002130567,false,דבש דבורים טהור פרחי בר יד מרדכי 350 גרם,מכוורת יד מרדכי שטראוס ב,IL,דבש טהור 350 גרם,גרמים,350.00,100 גרם,false,1,22.90,6.5429,true,1,133683
7290002132011,false,עוגיות מזרחיות מלוחות עבאדי 400 גרם,מאפיית יוסף ושמחה עבאדי,IL,"עבאדי עוגיות מזרחיות שומשום, 400 גרם",גרמים,400.00,100 גרם,false,1,21.90,5.4750,true,1,133685
7290002204213,false,דובדבנים אדומים יחיד,בראשית-אגודה חקלאית,IL,דובדבן אדום יחידה 330 גרם,גרמים,330.00,100 גרם,false,1,29.90,9.0606,true,1,151560
7290002260059,false,במבה יום הולדת 60 גרם אסם,"אסם השקעות בע""מ",IL,במבה יום הולדת 48*60גרם,גרמים,60.00,100 גרם,false,1,4.90,8.1667,true,1,159142
7290002331025,false,"מים מינרלים נביעות ספורט 500 מ""ל פקדון",נביעות טבע הגליל בעמ,IL,נביעות 500 TO GO פקדון,מיליליטרים,500.00,"100 מ""ל",false,1,5.00,1.0000,true,1,133751
7290002331360,false,"נביעות מים מינרליים טו גו מארז 500X6מ""ל",נביעות טבע,IL,"מים נביעות TO GO שישייה בקבוק 500 מ""ל",ליטרים,3.00,ליטר,false,1,17.90,5.9667,true,1,133756
7290002331421,false,"שישיית מים מינרליים GO TO נביעות 755 מ""ל",נביעות טבע הגליל בעמ,IL,"מים נביעות TO-GO שישייה בקבוק 755 מ""ל",ליטרים,4.53,ליטר,false,1,19.90,4.3929,true,1,133757
7290002331483,false,"שישיית נביעות אישי בייבי 320 מ""ל",נביעות טבע הגליל בעמ,IL,נביעות בייבי מים מינרליים טבעיים 1.92 ליטר,ליטרים,1.92,ליטר,false,1,15.90,8.2813,true,1,156664
7290002331490,false,מים מינרליים נביעות 1 ליטר,נביעות טבע הגליל בעמ,IL,נביעות 1 ליטר,ליטרים,1.00,ליטר,false,1,5.00,5.0000,true,1,157851
7290002345022,false,אנטריקוט דק דק מינוט סטייק אל גאוצ'ו 250 גרם,"טיבון ויל אחזקות בע""\מ",IL,אל גאוצ'ו מינוט סטייק אנטריקוטדקדק 250 גרם,גרמים,250.00,100 גרם,false,1,29.90,11.9600,true,1,173136
7290002345282,false,נתחי פילה סלמון קפוא דלידג,דלידג,IL,נתחי פילה סלמון נורווגי קפוא 100% דג,קילוגרמים,1.00,"ק""ג",true,,89.90,89.9000,true,1,173394
7290002371533,false,דקניקים סלסולי פסטרמה דבש טירת צבי 120 גרם,הנסיך- מפעל לייצור ט,IL,סלסולי פסטרמה דבש 120 גרם,גרמים,120.00,100 גרם,false,1,16.90,14.0833,true,1,156532
7290002517283,false,תבלין פלפל שחור גרוס 40 גר' מיכל,תות ממתקי איכות,IL,תבליני טעם וריח מיכל פלפל שחור גרוס 40 גרם,גרמים,40.00,100 גרם,false,1,9.90,24.7500,true,1,141846
7290002517290,false,תבלין קינמון טחון 40 גר' מיכל,"תבליני טעם וריח בע""מ",IL,"תבליני טעם וריח, 100% קינמון טחון, 40 גרם",גרמים,40.00,100 גרם,false,1,6.90,17.2500,true,1,141798
7290002517375,false,בזילקום עלים 30 גר' טעם וריח,"תבליני טעם וריח בע""מ",IL,"תבליני טעם וריח, 100% בזיליקום (ריחן), 30 גרם",גרמים,30.00,100 גרם,false,1,5.90,19.6667,true,1,141977
7290002542506,false,"בקבוק בירה קורונה 355 מ""ל",קריניציה ויטמינה אס,MX,בירה קורונה אקסטרה 355 מל,מיליליטרים,355.00,"100 מ""ל",false,1,12.90,3.6338,true,1,147185
7290002542780,false,"שישייה בירה סטלה ארטואה בקבוק 330X6 מ""ל","אינבב, ברוורייפליין",BE,סטלה ארטואה שישיה 6 בק*330 מל,ליטרים,1.32,ליטר,false,1,39.90,30.2273,true,1,200249
7290002543046,false,קלוגס פרוסטיס דגנים וסוכר 750ג',קלוג מנייופרטורינג א,ES,קלוגס פרוסטיס פתיתי תירס בציפוי סוכר 750 גרם,גרמים,750.00,100 גרם,false,1,24.90,3.3200,true,1,133860
7290002551003,false,סטארקיסט טונה בשמן בודד 160ג',סטאר קיסט,IL,טונה בשמן סטארקיסט 160 גרם,גרמים,160.00,100 גרם,false,1,8.20,5.1250,true,1,133872
7290002551010,false,סטארקיסט טונה במים 160גרם-בי,"סטארקיסט פודור בע""מ",TR,ס.ק טונה במים 160גרם-בי,גרמים,160.00,100 גרם,false,1,8.20,5.1250,true,1,133873
7290002715504,false,ארוחת נודלס בטעם עוף מג'יק 70 גרם,טאט הוי פוד בעמ,SG,תבשיל מגיק בכוס עוף 70 גרם,גרמים,70.00,100 גרם,false,1,6.50,9.2857,true,1,133901
7290002730262,false,"נוזל לניקוי כלים קלאסי פלמוליב 750 מ""ל",יבואן ומשווק: ש. שסט,GR,פלמוליב נוזל לניקוי כלים קלאסי 750 מל,מיליליטרים,750.00,"100 מ""ל",false,1,12.90,1.7200,true,1,133930
7290002730675,false,"קולגייט משחת שיניים אדומה משפחתי 100 מ""ל",קולגייט-פלמוליב,PL,"משחת שיניים קולגייט אדומה 100 מ""ל",מיליליטרים,100.00,"100 מ""ל",false,1,9.90,9.9000,true,1,133934
7290002752332,false,"סוכריות מנטוס פירות בגליל, 37.5 גרם",הדקלאים אגודת שיתופי,NL,מנטוס סוכריות לעיסה בטעם פירות 37.5 גרם,גרמים,38.00,100 גרם,false,1,3.90,10.2632,true,1,133943
7290002766056,false,עגבניות שרי לב אדום יח',רון שרי,IL,עגבניות שרי תמר לב 500 גרם,גרמים,500.00,100 גרם,false,1,9.90,1.9800,true,1,169285
7290002771111,false,קפה עם הל אל נחלה 250 גרם,מולינו ניקולי s.p.a,IL,אל נחל'ה קפה קלוי וטחון עם הל 250 גרם,גרמים,250.00,100 גרם,false,1,21.50,8.6000,true,1,133951
7290002824183,false,"גבינה לבנה סקי 500 גרם 5% ""שטראוס"" -מוצר בפיקוח",מיוצר עי קונדיטוריית,IL,סקי משפחתי 5%,גרמים,500.00,100 גרם,false,1,9.96,1.9920,true,1,133982
7290002824466,false,יוגורט דנונה ביו לבן 0% שומן 200 גרם,"שטראוס בריאות בע""\מ",IL,דנונה ביו 0% 200 גרם,גרמים,200.00,100 גרם,false,1,3.90,1.9500,true,1,133983
7290002824640,false,"גבינת סקי 250 גרם 5% ""שטראוס"" -מוצר בפיקוח",מיוצר עי קונדיטוריית,IL,סקי 5% 250 גרם,גרמים,250.00,100 גרם,false,1,4.98,1.9920,true,1,133985
7290002868996,false,"קוטג' 5% שומן, רכיבים טבעיים, 250 גרם",קריות זול,IL,קוטג מועשר 5% טרה 250 גרם,גרמים,250.00,100 גרם,false,1,5.90,2.3600,true,1,140413
7290002929642,false,רביעיית טונה בשמן ויליגר 140 גרם,דיאמנט פוד פרודקט קו,TH,ויליגר נתחי טונה בהירה בשמן 560 גרם,גרמים,560.00,100 גרם,false,1,23.90,4.2679,true,1,158678
7290003009183,false,"סירופ דיאט תפוחים פריגת 750 מ""ל",סירופ - גבעת חיים,IL,"סירופ דיאט פריגת תפוחים 750 מ""ל",מיליליטרים,750.00,"100 מ""ל",false,1,23.90,3.1867,true,1,140380
7290003009312,false,בוטן קלוי קליית גת 200 גרם,הדקלאים אגודת שיתופי,IL,בוטן קלוי 200 גר' שק',גרמים,200.00,100 גרם,false,1,7.90,3.9500,true,1,136664
7290003009329,false,בוטנים אמריקאיים קליית גת 200 גרם,הדקלאים אגודת שיתופי,IL,בוטן אמריק'200 גר'שק (ב(24,גרמים,200.00,100 גרם,false,1,7.90,3.9500,true,1,136601
7290003009336,false,קבוקים קליית גת 200 גרם,הדקלאים אגודת שיתופי,IL,קבוקים 200 גר'שק'ב24,גרמים,200.00,100 גרם,false,1,7.90,3.9500,true,1,137363
7290003009640,false,מיץ תפוזים סחוט רכיבים טבעיים פריגת 1 ליטר,פריגת מצוננים,IL,סחוט תפוזים קלאסי 1 ליטר,ליטרים,1.00,ליטר,false,1,19.90,19.9000,true,1,134121
7290003029181,false,משקה יטבתה שוקו' בקבוק 1ל מהדרין,שטראוס גרופ,IL,שוקו 1 ליטר,ליטרים,1.00,ליטר,false,1,12.90,12.9000,true,1,134190
7290003029372,false,משקה חלב בטעם בננה יטבתה 1 ליטר,שטראוס גרופ,IL,בננה 1 ליטר,ליטרים,1.00,ליטר,false,1,12.90,12.9000,true,1,134193
7290003029433,false,"משקה יטבתה שוקו פקק 250 מ""ל מהדרין",שטראוס גרופ,IL,"שוקו פקק 250 מ""ל",מיליליטרים,250.00,"100 מ""ל",false,1,5.90,2.3600,true,1,134196
7290003029907,false,אייס קפה יטבתה 1 ליטר מהדרין,שטראוס גרופ,IL,אייס קפה 1 ליטר,ליטרים,1.00,ליטר,false,1,12.90,12.9000,true,1,140762
7290003054206,false,מסטמכר לחם שיפון עם זרעי חמניות 500ג,מרום את קונפינו,DE,לחם שיפון+חמניות מסטמכר 500 גרם,גרמים,500.00,100 גרם,false,1,14.50,2.9000,true,1,134215
7290003054657,false,חרדל ריין דיז'ון אקסטרה פורטה 370 גרם,מרום את קונפינו,FR,חרדל דיז'ון אקסטרא פורטה 370 גרם,גרמים,370.00,100 גרם,false,1,14.90,4.0270,true,1,134219
7290003060009,false,"קמח חיטה לבן בהיר טחנות ישראליות 1 ק""ג",טחנות ישראליות,IL,"קמח חיטה לבן 1 ק""ג סוגת",קילוגרמים,1.00,"ק""ג",false,1,6.90,6.9000,true,1,134224
7290003060023,false,"סולת חיטה 1 ק""ג מטחנות ישראליות",טחנות ישראליות,IL,"סולת חיטה 1 ק""ג טחנות ישראליות",קילוגרמים,1.00,"ק""ג",false,1,5.90,5.9000,true,1,134225
7290003102136,false,צמר גפן COTTON SOFT רפואי 100 גר' 3102136,הדקלאים אגודת שיתופי,TR,צמר גפן מכותנה טבעית 100 גרם,גרמים,100.00,100 גרם,false,1,5.90,5.9000,true,1,150213
7290003141159,false,יוגטה מרשמלו ממתק מוקצף בטעמי תות שדה ווניל 180 גרם,מוטקה החולב,IL,מרשמלו יוגטה 180 גרם,גרמים,180.00,100 גרם,false,1,11.50,6.3889,true,1,153973
7290003143146,false,ממרח תמרים קליית גת 450 גרם,הדקלאים אגודת שיתופי,IL,ממרח תמרים קלית גת 450 גר',גרמים,450.00,100 גרם,false,1,6.90,1.5333,true,1,184366
7290003144310,false,תערובת אגוזים וחמוציות קליית גת 150 גרם,גי אנד גי,IL,תע'אגוזים וחמוציות 150 גר,גרמים,150.00,100 גרם,false,1,22.90,15.2667,true,1,167245
7290003210114,false,מארז טרופיות 40 יחיד,בוסתן,IL,טרופית בוסתן 200 מל,מיליליטרים,200.00,"100 מ""ל",false,1,2.90,1.4500,true,1,193402
7290003220977,false,עוגיות חצי ירח מצופה 175 נאפה מעדני מלך,מגדנית הדר,IL,עוגיות מצופות מעדני המלך 175 גר,גרמים,175.00,100 גרם,false,1,10.90,6.2286,true,1,201470
7290003229109,false,פסטרמה הודו בפפריקה טירת צבי 400 גרם,הנסיך- מפעל לייצור ט,IL,נקניק הודו אפוי לח בתיבול פפריקה,גרמים,400.00,100 גרם,false,1,32.90,8.2250,true,1,134326
7290003229116,false,פסטרמה הודו בדבש שומן טירת צבי 400 גרם,הנסיך- מפעל לייצור ט,IL,פסטרמה בדבש טירת צבי 400 גרם,גרמים,400.00,100 גרם,false,1,32.90,8.2250,true,1,134327
7290003229192,false,נקניק כתף בקר מעושן 2% טירת צבי 400 גרם,טיב טירת צבי 2000,IL,"טירת צבי, פסטרמה כתף בקר מעושנת 400 גרם",גרמים,400.00,100 גרם,false,1,34.90,8.7250,true,1,134331
7290003268733,false,לחמניה שמינית 125 גר,מאפית אנגל,,לחמניה שמינית 125 גרם,גרמים,125.00,100 גרם,false,1,3.90,3.1200,true,1,139785
7290003321155,false,יוגורט בר עם פקאן מצופה שוקולד 183 ג' דנונה,"שטראוס בריאות בע""\מ",IL,דנונה בר פקאן,גרמים,175.00,100 גרם,false,1,4.90,2.8000,true,1,134343
7290003411689,false,ליפתניות לבן 25 יחידות,הנמל אריזות ושיווק ב,IL,הנמל ליפתניות 25 יחידות,יחידה,1.00,יחידה,false,1,5.90,5.9000,true,1,136980
7290003411696,false,"מרקיות לבן ח""פ הנמל 25 יח'",פלסטכים תורכיה,IL,הנמל מרקיות לבן 25 יחידות,יחידה,0.00,יחידה,false,1,11.90,0.0000,true,1,136981
7290003427154,false,"שמן זית כתית מעולה טעם מעודן זיתא 750 מ""ל",זיתא תעשיות שמן זיתt\,IL,"זיתא שמן זית כתית מעולה, טעם מעודן 750 מל",מיליליטרים,750.00,"100 מ""ל",false,1,36.90,4.9200,true,1,138262
7290003438006,false,ממרח אולביה פסטו וצנובר איטלקי 190ג',מיוצר עי קונדיטוריית,IL,ממרח פסטו וצנובר אוליביה 180 גרם,גרמים,180.00,100 גרם,false,1,14.90,8.2778,true,1,134384
7290003438020,false,ממרח עגבניות מיובשות אוליביה 190 גרם,מיוצר עי קונדיטוריית,IL,ממרח עגבניות מיובשות אוליביה 190 גרם,גרמים,190.00,100 גרם,false,1,14.90,7.8421,true,1,134386
7290003438709,false,ממרח אולביה זיתים שחורים וירוקים 190 ג',גוד פוד פרודקטס S.p,IL,ממרח זיתים שחורים אוליביה190 גרם,גרמים,190.00,100 גרם,false,1,14.90,7.8421,true,1,134388
7290003444009,false,הרשי ריזס חטיף במילוי בוטנים 42 גרם,ליימן מותגים,US,שוקולד ריזס חלב 42 גרם,גרמים,42.00,100 גרם,false,1,4.90,11.6667,true,1,157042
7290003569007,false,כרובית ארוזה,חקלאי,IL,כרובית ארוזה,לא מנהל יחידת מידה,0.00,לא מנהל יחידת מידה,false,1,12.90,0.0000,true,1,171307
7290003643004,false,"סוגת אורז בסמטי קלאסי 1 ק""ג",האי נאם סי או אל.טי.,IL,"אורז בסמטי קלאסי 1 ק""ג",קילוגרמים,1.00,"ק""ג",false,1,15.90,15.9000,true,1,134489
7290003643158,false,קורנפולר שקית 200 ג' סוגת,המאפיה של הרמן,IL,סוגת קורנפלור 200 גרם,גרמים,200.00,100 גרם,false,1,4.90,2.4500,true,1,134490
7290003643387,false,"סוכר לבן בצנצנת 1 ק""ג סוגת",האי נאם סי או אל.טי.,IL,"סוכר 1 ק""ג בצנצנת",קילוגרמים,1.00,"ק""ג",false,1,9.90,9.9000,true,1,134492
7290003643714,false,חומוס גרגירים 500 גרם סוגת,האי נאם סי או אל.טי.,IL,חומוס 500 גרם,גרמים,500.00,100 גרם,false,1,8.90,1.7800,true,1,141851
7290003643745,false,סוגת כוסמת 500 גרם,האי נאם סי או אל.טי.,IL,כוסמת 500 גרם,גרמים,500.00,100 גרם,false,1,8.90,1.7800,true,1,141852
7290003643752,false,עדשים ירוקים יבש סוגת 500 גר',האי נאם סי או אל.טי.,IL,עדשים ירוקות 500 גר',גרמים,500.00,100 גרם,false,1,8.90,1.7800,true,1,141964
7290003643769,false,עדשים אדומים יבש סוגת 500 גר',"סוגת תעשיות בע""\מ",IL,עדשים אדומות סוגת 500 גרם,גרמים,500.00,100 גרם,false,1,8.90,1.7800,true,1,139061
7290003643776,false,"פופקורן גרעינים סוגת 500 ג' כשל""פ",האי נאם סי או אל.טי.,IL,פופקורן 500 גרם,גרמים,500.00,100 גרם,false,1,6.80,1.3600,true,1,141849
7290003643806,false,שעועית לבנה יבשה סוגת 500 ג',האי נאם סי או אל.טי.,IL,שעועית לבנה 500 גרם,גרמים,500.00,100 גרם,false,1,13.90,2.7800,true,1,141347
7290003643813,false,שעועית אדומה יבשה סוגת 500 גר',האי נאם סי או אל.טי.,IL,שעועית אדומה 500 גרם,גרמים,500.00,100 גרם,false,1,12.90,2.5800,true,1,141854
7290003726615,false,"טופו ויילר 300 גרם ""שטראוס""",הדקלאים אגודת שיתופי,IL,טופו ויילר 300 גרם,גרמים,300.00,100 גרם,false,1,13.90,4.6333,true,1,193112
7290003805587,false,"פתית חיטה מלאה בד""צ 250 גרם-קופסא",יוניליוור ישראל מזון בע\,IL,פתיתי חיטה מלאה קרקר פריך עם חיטה מלאה,גרמים,250.00,100 גרם,false,1,20.90,8.3600,true,1,146463
7290003864478,false,סרדינים בשמן צמחי פתח קל ויליפוד 110 גרם,גולדן פרייז קאנינג א,TH,סרדין בשמן צמחי 110גרם פתח-קל,גרמים,110.00,100 גרם,false,1,6.90,6.2727,true,1,134573
7290003882502,false,"וילי פוד שמן תירס בדץ, 1 ליטר",יונקה גידה,TR,שמן תירס 1 ליטר ויליפוד,ליטרים,1.00,ליטר,false,1,13.90,13.9000,true,1,134577
7290004063016,false,"מלח שולחן דק סלית 1 ק""ג בדץ",האי נאם סי או אל.טי.,IL,מלח שולחן,קילוגרמים,1.00,"ק""ג",false,1,2.07,2.0700,true,1,134689
7290004064099,false,מטחנה מלח ים מהרי ההימלאיה מלח הארץ 100 גרם,"חברת מלח הארץ אילת בע""\מ",IL,מטחנת מלח הימלאיה 300 גרם,גרמים,250.00,100 גרם,false,1,16.90,6.7600,true,1,167358
7290004068011,false,יוגורט כבשים בדלי 5% שומן 600 ג' גד,"מיוצר ע""י קוד יצרן M",IL,גד יוגורט מחלב כבשים מעודן בסגנון בלקני 5% שומן,גרמים,600.00,100 גרם,false,1,18.90,3.1500,true,1,152929
7290004068172,false,"יוגורט עיזים בדלי 5% 600 מ""ל רובין",קוד יצרן MKN,IL,גד יוגורט חלב עיזים 2.8% 600 גרם,גרמים,600.00,100 גרם,false,1,18.90,3.1500,true,1,154082
7290004078690,false,"אגקס נוזל לניקוי אסלות מרענן 750 מ""ל",הנסיך- מפעל לייצור ט,GR,אג'קס נוזל לניקוי אסלות ג'ל עם אקונומיקה 750 מל,מיליליטרים,750.00,"100 מ""ל",false,1,16.90,2.2533,true,1,134695
7290004120573,false,פיראוס 16% גבינה בולגרית 250 גרם,תנובה מרכז שיתופי לש,IL,גבינה בולגרית מלוחה 16% שומן,גרמים,250.00,100 גרם,false,1,23.90,9.5600,true,1,134712
7290004120634,false,גבינה פיראוס בולגרית 5% 250 גרם,תנובה מרכז שיתופי לש,IL,פיראוס גבינה בולגרית 5% שומן,גרמים,250.00,100 גרם,false,1,23.90,9.5600,true,1,134713
7290004121488,false,יופלה דיאט אפרסק 0% גביע 150 גרם,תנובה מרכז שיתופי לש,IL,יופלה יוגורט עם אפרסק 0% שומן 150 גרם,גרמים,150.00,100 גרם,false,1,5.50,3.6667,true,1,134715
7290004121754,false,יוגורט ביו עוגת גבינה ותות 3% יופלה 150 גרם,תנובה חלב,IL,יופלה יוגורט עוגת גבינה ותות %3 150 גרם,גרמים,150.00,100 גרם,false,1,5.50,3.6667,true,1,134716
7290004122119,false,פתיתי פרמזן לפסטה 23% השף הלבן 100 גרם,פ.פ.ח. שאביט,IL,תנובה השף הלבן פתיתי גבע פרמזן 23% שומן,גרמים,100.00,100 גרם,false,1,13.90,13.9000,true,1,138143
7290004122195,false,גוש חלב גבינה צהובה פרוסה 28% תנובה 200 גרם,תנובה חלב,IL,גוש חלב פרוסות גבינה צהובה חצי קשה 28% שומן מהדרין,גרמים,200.00,100 גרם,false,1,14.90,7.4500,true,1,138015
7290004122270,false,עמק קלאסית פרוסות גבינה חצי קשה 28% 200 גרם,תנובה מרכז שיתופי לש,IL,עמק קלאסית פרוסות גבינה חצי קשה 28% 200 גרם,גרמים,200.00,100 גרם,false,1,16.90,8.4500,true,1,134718
7290004122348,false,גבינת עמק לייט פרוס בקופסא 200 גרם,תנובה מרכז שיתופי לש,IL,עמק גבינה צהובה חצי קשה 9% מופחתת שומן,גרמים,200.00,100 גרם,false,1,16.90,8.4500,true,1,134719
7290004122676,false,גבינת חמד לייט 5% פיראוס 250 ג',"תנובה,מחלבת טנא נוגה",IL,פיראוס לייט חמד גבינה כפרית מלוחה 5% שומן,גרמים,250.00,100 גרם,false,1,20.90,8.3600,true,1,141288
7290004122683,false,עמק חטיף אצבעות גבינה חצי קשה 28% שומן,תנובה מרכז שיתופי לש,IL,עמק חטיף אצבעות גבינה חצי קשה 28% שומן,גרמים,172.00,100 גרם,false,1,16.90,9.8256,true,1,142241
7290004124205,false,יופלה דיאט יוגורט תות %0 גביע 150 גרם,תנובה מרכז שיתופי לש,IL,יופלה דיאט יוגורט תות %0 גביע 150 גרם,גרמים,150.00,100 גרם,false,1,5.50,3.6667,true,1,134724
7290004125370,false,"שמנת חמוצה 9% מופחתת שומן תנובה 200 מ""ל מהדרין",תנובה מרכז שיתופי לש,IL,תנובה שמנת חמוצה מופחתת שומן,מיליליטרים,200.00,"100 מ""ל",false,1,3.70,1.8500,true,1,134727
7290004125400,false,"אשל שלי מהדרין 200 מ""ל 4.5% ""תנובה""- מוצר בפיקוח",פארייפאבה אגרואינדוס,IL,תנובה אשל לבן 4.5% שומן,מיליליטרים,200.00,"100 מ""ל",false,1,1.69,0.8450,true,1,134728
7290004125417,false,"גיל 3% שלי 200 מ""ל ""תנובה"" -מוצר בפיקוח",תנובה מרכז שיתופי לש,IL,תנובה גיל לבן 3% 206 גרם,מיליליטרים,200.00,"100 מ""ל",false,1,1.51,0.7550,true,1,134729
7290004125455,false,"שמנת חמוצה 200 מ""ל 15% ""תנובה"" -מוצר בפיקוח",תנובה מרכז שיתופי לש,IL,שמנת אורגינל 15% שומן 200 מל,מיליליטרים,200.00,"100 מ""ל",false,1,2.40,1.2000,true,1,134730
7290004125509,false,"שמנת חמוצה 15% מועשרת תנובה 100 מ""ל",תנובה מרכז שיתופי לש,IL,תנובה שמנת 15% חצי מנה 100 מל,מיליליטרים,100.00,"100 מ""ל",false,1,1.90,1.9000,true,1,134731
7290004125578,false,משקה סויה מעושר בסידן תנובה 1ל',תנובה מרכז שיתופי לש,IL,משקה סויה מועשר בסידן 1 ליטר,ליטרים,1.00,ליטר,false,1,12.90,12.9000,true,1,134732
7290004125721,false,"השף הלבן שמנת עמידה לבישול 15% תנובה 250 מ""ל",תנובה מרכז שיתופי לש,IL,"השף הלבן שמנת לבישול ,שמנת עמידה לבישול 15% 250 מל",מיליליטרים,250.00,"100 מ""ל",false,1,8.30,3.3200,true,1,134734
7290004125738,false,שמנת מתוקה להקצפה32% 250מל עמיד השף הלבן,תנובה מרכז שיתופי לש,IL,"שמנת להקצפה 32% 250 מ""ל",מיליליטרים,250.00,"100 מ""ל",false,1,6.90,2.7600,true,1,134735
7290004125776,false,גבינה צהובה עמק 28% 400 גרם בקופסא,תנובה חלב,IL,עמק פרוס 28% 400 גרם בקופסא,גרמים,400.00,100 גרם,false,1,30.90,7.7250,true,1,140617
7290004126674,false,טל העמק פרוסות גבינה חצי קשה לייט %9 200 גרם בקופסא,תנובה מרכז שיתופי לש,IL,גבינה צהובה טל העמק 9% לייט 200 גרם,גרמים,200.00,100 גרם,false,1,18.90,9.4500,true,1,134737
7290004126872,false,משקאות חלב תנובה שוקו בקבוק 250מל,תנובה חלב,IL,"שוקו תנובה בקבוק 250 מ""ל",מיליליטרים,250.00,"100 מ""ל",false,1,5.90,2.3600,true,1,140918
7290004127077,false,קוטג תנובה 3% גביע 250 גרם מהדרין,מיוצר עי קונדיטוריית,IL,קוטג 3% תנובה 250 גרם,גרמים,250.00,100 גרם,false,1,5.60,2.2400,true,1,134739
7290004127329,false,קוטג תנובה גביע 250 גרם %5 ו.מהדרין,מיוצר עי קונדיטוריית,IL,קוטג 5% תנובה 250 גרם,גרמים,250.00,100 גרם,false,1,5.70,2.2800,true,1,134742
7290004127336,false,קוטג תנובה גביע 250 גרם %9 ו.מהדרין,מיוצר עי קונדיטוריית,IL,קוטג 9% תנובה 250 גרם,גרמים,250.00,100 גרם,false,1,5.70,2.2800,true,1,134743
7290004127800,false,"גבינה לבנה 500 גרם 5% ""תנובה"" -מוצר בפיקוח",מיוצר עי קונדיטוריית,IL,גבינה למריחה 5% פיקוח 500 גרם,גרמים,500.00,100 גרם,false,1,9.96,1.9920,true,1,134745
7290004127817,false,גבינה לבנה 9% שומן 500 ג' תנובה,מיוצר עי קונדיטוריית,IL,גבינה למריחה 500 9% גרם,גרמים,500.00,100 גרם,false,1,9.50,1.9000,true,1,134746
7290004128340,false,קרם גבינת שמנת %5 בטעם טבעי 200 ג' תנובה,תנובה חלב,IL,קרם גבינת שמנת 5% בטעם טבעי 200 גרם,גרמים,200.00,100 גרם,false,1,13.50,6.7500,true,1,134750
7290004129101,false,גבינת שמנת 25% בטעם טבעי 225 ג' נפוליאון,תנובה מרכז שיתופי לש,IL,גבינת שמנת נפוליאון טבעי 225 גרם,גרמים,225.00,100 גרם,false,1,14.90,6.6222,true,1,134752
7290004129118,false,גבינת שמנת 24% עם זיתים ירוקים 225 ג' נפוליאון,מחלבת אלון תבור,IL,גבינת שמנת נפוליאון זיתים 225 גרם,גרמים,225.00,100 גרם,false,1,14.90,6.6222,true,1,134753
7290004129156,false,גבינת שמנת25% עם שום שמיר 225 ג' נפוליאון,תנובה מרכז שיתופי לש,IL,גבינת שמנת נפוליאון שום שמיר 225 גרם,גרמים,225.00,100 גרם,false,1,14.90,6.6222,true,1,134754
7290004129545,false,גבינה למריחה 3% 250 גרם,מחלבת אלון תבור,IL,גבינה לבנה 3% תנובה 250 גרם,גרמים,250.00,100 גרם,false,1,4.80,1.9200,true,1,134755
7290004130794,false,משקה סויה במתיקות מופחתת תנובה 1 ליטר,תנובה מרכז שיתופי לש,IL,משקה סויה מועשר מופחת מתיקות 1 ליטר,ליטרים,1.00,ליטר,false,1,12.90,12.9000,true,1,137411
7290004131074,false,"חלב 1 ליטר 3% קרטון ""תנובה""- מוצר בפיקוח",תנובה מרכז שיתופי לש,IL,חלב 3% קרטון מהדרין פיקוח 1 ליטר,ליטרים,1.00,ליטר,false,1,6.23,6.2300,true,1,134757
7290004131227,false,תנובה גבינה לבנה 3%,מחלבת אלון תבור,IL,גבינה למריחה 500 3% גרם,גרמים,500.00,100 גרם,false,1,9.50,1.9000,true,1,139450
7290004131432,false,יוגורט יופלה לבן ביו 3% 200 גרם,מיוצר עי קונדיטוריית,IL,יופלה לבן 3% גביע 200 גרם,גרמים,200.00,100 גרם,false,1,4.50,2.2500,true,1,138998
7290004131456,false,יוגורט ביו 1.5% שומן 200 ג' יופלה,תנובה מרכז שיתופי לש,IL,יופלה לבן 1.5% גביע 200 גרם,גרמים,200.00,100 גרם,false,1,4.50,2.2500,true,1,138999
7290004132552,false,משקה סויה בטעם טבעי לייט תנובה 1 ליטר,תנובה מרכז שיתופי לש,IL,משקה סויה דיאט 1 ליטר,ליטרים,1.00,ליטר,false,1,12.50,12.5000,true,1,139868
7290004132712,false,חטיף אצבעות גבינת מוצרלה 20% 172 ג' עמק,תנובה מרכז שיתופי לש,IL,עמק חטיף אצבעות גבינת מוצרלה 172 גרם 20%,גרמים,172.00,100 גרם,false,1,16.90,9.8256,true,1,139429
7290004133900,false,קצפת צמחית השף הלבן250מל,סוי מג'יק,IL,"קצפת צמחית השף הלבן 250 מ""ל",מיליליטרים,250.00,"100 מ""ל",false,1,9.90,3.9600,true,1,140618
7290004135225,false,מעדן חלב דל קלוריות בטעם שוקולד 0.2שומ,תנובה מרכז שיתופי לש,IL,מעדן דיאט שוקולד 150 גרם,גרמים,150.00,100 גרם,false,1,4.00,2.6667,true,1,141390
7290004135614,false,גבינה בולגרית מעודנת 5% פיראוס 250 גרם,תנובה חלב,IL,פיראוס גבינה בולגרית מעודנת 5% שומן,גרמים,250.00,100 גרם,false,1,22.90,9.1600,true,1,142732
7290004136598,false,מארז הפסקת אוכל עם קורנפלקס ומשקה חלב עמיד בטעם וניל,פארייפאבה אגרואינדוס,IL,מארז הפסקת אוכל חלב+דגנים,לא מנהל יחידת מידה,0.00,לא מנהל יחידת מידה,false,1,9.90,0.0000,true,1,142288
7290004136857,false,מעדן גלי פטל תנובה 125 גרם,תנובה מרכז שיתופי לש,IL,גלי בטעם פטל 125 גרם,גרמים,125.00,100 גרם,false,1,2.70,2.1600,true,1,142259
7290004137021,false,"שמנת עמידה לבישול מופחת שומן 10% השף הלבן 250 מ""ל",תנובה מרכז שיתופי לש,IL,תנובה השף הלבן שמנת לבישול עם סיבים 10% שומן,מיליליטרים,250.00,"100 מ""ל",false,1,8.30,3.3200,true,1,143265
7290004137311,false,עמק לייט משפחתית 9% 400ג-ועדת מהדרין,תנובה חלב,IL,עמק גבינה צהובה חצי קשה 9% שומן,גרמים,400.00,100 גרם,false,1,31.90,7.9750,true,1,143033
7290004137809,false,פיראוס לאבנה 5% גביע 250 גרם,"תנובה, מחלבת אלון תב",IL,פיראוס לאבנה אסלית 5% שומן 250 גרם,גרמים,250.00,100 גרם,false,1,14.90,5.9600,true,1,143233
7290004199203,false,קיסמי שיניים מבמבוק מלחיה 300 יחידות,הדקלאים אגודת שיתופי,CN,קיסמי שיניים מבמבוק מלחייה 300 יח',Unknown,0.00,Unknown,false,1,3.90,0.0000,true,1,146280
7290004200930,false,זיקוק זוג 15 סמ בשקית,שמחה זה אנחנו,CN,זיקוק זוג 15 סמ בשקית,יחידה,1.00,יחידה,false,1,7.80,7.8000,true,1,155058
7290004225285,false,גבינה בסגנון דנאבלו 100 ג',האי נאם סי או אל.טי.,DK,רכיבי חלב ושומן צמחי בסגנון דנאבלו 100 גרם,גרמים,100.00,100 גרם,false,1,12.50,12.5000,true,1,153123
7290004584306,false,רבעיית גמדים בטעם תות בננה * 100 ג' שטראוס,מיוצר עי קונדיטוריית,IL,4 גמדים תות בננה,גרמים,400.00,100 גרם,false,1,11.90,2.9750,true,1,134915
7290004584351,false,גבינה לבנה סימפוניה עם תוספות 200 ג' חמישית 200,"שטראוס בריאות בע""\מ",IL,סימפוניה החמישית,גרמים,200.00,100 גרם,false,1,12.90,6.4500,true,1,134916
7290004584528,false,יוגורט דנונה ביו לבן 1.7% שומן 200 גרם,מיוצר עי קונדיטוריית,IL,דנונה ביו 1.7% 200 גרם,גרמים,200.00,100 גרם,false,1,3.70,1.8500,true,1,134917
7290004731472,false,"שלישיית אלסבון צבעוני כיף 500 מ""ל",טרופיקל דגיל תעשיות,IL,כיף שלישיה צבעוני,ליטרים,1.50,ליטר,false,1,19.90,13.2667,true,1,139641
7290004737719,false,אספרגוס שלם מקולף בצנצנת ויליפוד 330 גרם,קריות זול,CN,אספרגוס שלם בצנצנת 330 גרם,גרמים,330.00,100 גרם,false,1,11.90,3.6061,true,1,134971
7290004737900,false,חלב כחוש מרוכז וממותק בתוספת שמן צמחי ויליפוד 397 גרם,יו.איי.בי מאריג'אמפו,LT,חלב מרוכז הולנדי ויליפוד 397 גרם,גרמים,397.00,100 גרם,false,1,9.90,2.4937,true,1,134974
7290005008191,false,"סבון נוזלי ארומה בניחוח לבנדר פטצ'ולי וילנג ילנג פלמוליב 500 מ""ל",הנסיך- מפעל לייצור ט,TR,500 מל סבון נוזלי פלמוליב so relaxed,מיליליטרים,500.00,"100 מ""ל",false,1,17.90,3.5800,true,1,135080
7290005095399,false,מצת סיגריות מותג,,,מצת סיגריות אלקטרוני מותג,לא מנהל יחידת מידה,0.00,לא מנהל יחידת מידה,false,1,4.50,0.0000,true,1,153963
7290005197758,false,"עוגיות חיוכים שוקולד עלית 150 גרם בד""צ",אפיפית נצרת תעשיות ב,IL,חיוכים שוקו 150 בדצ,גרמים,150.00,100 גרם,false,1,6.90,4.6000,true,1,135155
7290005200786,false,תפוצ'יפס בטעם שמנת בצל עלית 50 גרם,"שטראוס פריטו ליי בע""\מ )",IL,תפו שמנת בצל 50 גר 48 יח - שמיטה,גרמים,50.00,100 גרם,false,1,5.50,11.0000,true,1,135159
7290005201882,false,קפה טורקי בצלופן עלית 200 גרם,הנסיך- מפעל לייצור ט,IL,עלית טורקי שקית 200ג/1שק'/200גר',גרמים,200.00,100 גרם,false,1,17.90,8.9500,true,1,135182
7290005271410,false,גליקסמן ביצים רגילות,גליקסמן שיווק ביצים,IL,ביצים L ארוזות 12 יחידות,לא מנהל יחידת מידה,0.00,לא מנהל יחידת מידה,false,1,12.05,0.0000,true,1,143620
7290005271427,false,גליקסמן ביצים רגילות,גליקסמן שיווק ביצים,IL,ביצים M ארוזות 12 יחידות,לא מנהל יחידת מידה,0.00,לא מנהל יחידת מידה,false,1,11.15,0.0000,true,1,143621
7290005271458,false,ביצים אורגניות לארג,גליקסמן שיווק ביצים,IL,ביצים L אורגניות 12 יחידות,לא מנהל יחידת מידה,0.00,לא מנהל יחידת מידה,false,1,30.50,0.0000,true,1,143622
7290005271465,false,ביצים מידיום אורגני 12 יח',גליקסמן שיווק ביצים,IL,ביצים M אורגניות 12 יחידות,לא מנהל יחידת מידה,0.00,לא מנהל יחידת מידה,false,1,30.50,0.0000,true,1,143623
7290005271755,false,תבנית ביצים L חופש 12יחי,גליקסמן שיווק ביצים,IL,ביצים L חופש 12 יחידות,לא מנהל יחידת מידה,0.00,לא מנהל יחידת מידה,false,1,25.90,0.0000,true,1,145436
7290005271762,false,ביצים חופש מידיום 12 יח',גליקסמן שיווק ביצים,IL,ביצים חופש M בינוני 12 יחידות,לא מנהל יחידת מידה,0.00,לא מנהל יחידת מידה,false,1,23.90,0.0000,true,1,145437
7290005423734,false,מרכך כביסה מרוכז אולטרא פרש סנו מקסימה 4 ליטר,"סנו מפעלי ברונוס בע""\מ",IL,מקסימה מרכך אולטרא פרש 4 ליטר,ליטרים,4.00,ליטר,false,1,24.90,6.2250,true,1,135307
7290005424847,false,"מפיות סופט לבנות לשולחן (150 יח') ""סנו""",מיוצר עי קונדיטוריית,TR,"סנו סושי מפיות אירוח חד שכבתיות, 150 יחידות",Unknown,0.00,Unknown,false,1,9.80,0.0000,true,1,135320
7290005425196,false,"מקסימה אבקת כביסה סנסיטיב סנו 2.5 ק""ג",מיוצר עי קונדיטוריית,IL,אבקת כביסה מרוכזת SENSITIVE,קילוגרמים,2.50,"ק""ג",false,1,28.90,11.5600,true,1,135324
7290005425646,false,קליר נוזל לניקוי חלונות רב תכליתי סנו 1 ליטר,"סנו מפעלי ברונוס בע""\מ",IL,סנוקליר לניקוי והברקה 1 ליטר,ליטרים,1.00,ליטר,false,1,15.90,15.9000,true,1,135326
7290005426230,false,מטלית הפלא לרצפה מיקרופייבר סנו 1יח',סנו סושי,CN,מטלית הפלא לרצפה סנו סושי,Unknown,0.00,Unknown,false,1,13.90,0.0000,true,1,135331
7290005427107,false,סנו - סושי מגבות נייר הפלא 6 יחידות,מיוצר עי קונדיטוריית,IL,"סנו סושי 6 מגבות הפלא, 700 גרם",מטרים,6350.00,מטר,false,1,12.90,0.0020,true,1,138557
7290005430602,false,"סנו אוקסיג'ן ספריי להסרת כתמים עם חמצן פעיל 750 מ""ל","סנו מפעלי ברונוס בע""",IL,"מסיר כתמים אוקסיג""ן מרסס 750 מ""ל",מיליליטרים,750.00,"100 מ""ל",false,1,21.90,2.9200,true,1,135348
7290005431159,false,תותים בקצפת לייט עדן קינוחים 80 גרם,עדן קינוחים,IL,תותים בקצפת לייט עדן 80 גרם,גרמים,80.00,100 גרם,false,1,7.20,9.0000,true,1,203160
7290005431883,false,מלבי חלבי עדן קינוחים 165 גרם,עדן קינוחים Eden,IL,עדן מלבי 165 גרם,גרמים,165.00,100 גרם,false,1,7.20,4.3636,true,1,195649
7290005431906,false,קדאיף עדן קינוחים 82 גרם,עדן קינוחים Eden,IL,עדן קדאיף 82 גרם,גרמים,82.00,100 גרם,false,1,7.20,8.7805,true,1,195652
7290005431913,false,עוגת גבינה פירורים עדן קינוחים 92 גרם,עדן קינוחים Eden,IL,עדן עוגת גבינה פירורים 92 גרם,גרמים,92.00,100 גרם,false,1,7.20,7.8261,true,1,195650
7290005431920,false,עוגת גבינה פירורים לייט עדן קינוחים 78 גרם,עדן קינוחים Eden,IL,עדן עוגת גבינה פירורים לייט 78 גרם,גרמים,78.00,100 גרם,false,1,7.20,9.2308,true,1,195651
7290005431968,false,מלבי שמנת עדן קינוחים 150 גרם,עדן קינוחים Eden,IL,מלבי שמנת 150גרם,גרמים,150.00,100 גרם,false,1,8.50,5.6667,true,1,198041
7290005559907,false,פיצה משפחתית 100% גבינה מעדנות 500 גרם,מיוצר עי קונדיטוריית,IL,פיצה משפחתית גבינה מעדנות 500גרם,גרמים,500.00,100 גרם,false,1,24.90,4.9800,true,1,135407
7290005569029,false,שום קלוף ישראלי 170 גרם,יגור חקלאות ועסקים,IL,שיני שום קלופות,יחידה,1.00,יחידה,false,1,14.90,14.9000,true,1,169393
7290005591761,false,דבש טהור מפרחי בר בלחיץ 400 ג' יד מרדכי,מכוורת יד מרדכי שטרא,IL,דבש טהור לחיץ 400 גרם,גרמים,400.00,100 גרם,false,1,24.90,6.2250,true,1,135413
7290005610509,false,צנונית ארוז דוד משה 500ג',ביכורי השקמה,IL,צנונית בייבי ארוז,לא מנהל יחידת מידה,0.00,לא מנהל יחידת מידה,false,1,5.90,0.0000,true,1,145015
7290005686436,false,תפוח עץ מיובש ששון ה,"דין שיווק וקליה בע""מ",,תפוח עץ מיובש 200 גרם,גרמים,200.00,100 גרם,false,1,13.90,6.9500,false,1,135440
7290005719981,false,בגט שלם א.ק,פילסברי,IL,בגט שלם א.ק,יחידה,1.00,יחידה,false,1,7.90,7.9000,true,1,200556
7290005838002,false,מעדן גבינה ויוגורט בטעם וניל 88 ג' דניאלה,"שטראוס בריאות בע""מ",IL,דניאלה וניל,גרמים,88.00,100 גרם,false,1,4.50,5.1136,true,1,135478
7290005839108,false,גבינה לבנה סימפוניה עם תוספות 200 ג'+זיתים 5%,"שטראוס בריאות בע""\מ",IL,סימפוניה 5% עם זתים,גרמים,200.00,100 גרם,false,1,12.90,6.4500,true,1,135483
7290005839313,false,"מילקי טופ מגולגלת שטראוס 170 מ""ל",מיוצר עי קונדיטוריית,IL,מילקי טופ מגולגלת,גרמים,140.00,100 גרם,false,1,5.00,3.5714,true,1,135484
7290005966033,false,"יין לבן הר חרמון 750 מ""ל",יקבי רמת הגולן קצרין,IL,"הר חרמון יין לבן יבש 2020 750 מ""ל",מיליליטרים,750.00,"100 מ""ל",false,1,44.90,5.9867,true,1,135511
7290005992018,false,"יוגורט עיזים לשתיה 3% מחלבות גד 500 מ""ל","מיוצר ע""\י קוד יצרן MKN",IL,"יוגורט עיזים 500 מ""ל גד",מיליליטרים,500.00,"100 מ""ל",false,1,13.90,2.7800,true,1,135528
7290005992575,false,גבינה בולגרית למריחה 5% גד 250 גרם,מחלבות גד בעמ,IL,גד גבינה בולגרית מלוחה למריחה 5% שומן,גרמים,250.00,100 גרם,false,1,18.90,7.5600,true,1,135530
7290005992735,false,לאבנה טבעית 5% 250 גר' - רבנות,הנסיך- מפעל לייצור ט,IL,גד גבינת לאבנה 5%,גרמים,250.00,100 גרם,false,1,12.90,5.1600,true,1,135533
7290005996078,false,סלמי סרוולט הונגרי יחיעם 150 גרם,מעדני יחיעם,IL,סלמי סרוולט הונגרי 125 ג',גרמים,125.00,100 גרם,false,1,31.90,25.5200,true,1,196885
7290006229427,false,סן בנדטו - מים מינרלים - מארז שישיית 500 מל,קריות זול,IT,"מים סן בנדטו שישייה בקבוק 500 מ""ל",ליטרים,3.00,ליטר,false,1,15.90,5.3000,true,1,136839
7290006241214,false,שקד טבעי קליית גת 200 גרם,הדקלאים אגודת שיתופי,IL,שקד טבעי שקית 200 גרם,גרמים,200.00,100 גרם,false,1,24.90,12.4500,true,1,137852
7290006251107,false,תה צ'אי מסאלה ויסוצקי 25 יחידות,מולינו ניקולי s.p.a,IL,מסאלה צ'אי,גרמים,50.00,100 גרם,false,1,19.90,39.8000,true,1,135651
7290006251275,false,תה ירוק סיני קלאסי ויסוצקי 25 יחידות,תה ויסוצקי,IL,תה ירוק סיני T.T,גרמים,37.00,100 גרם,false,1,26.90,72.7027,true,1,135652
7290006251374,false,תה ירוק לימונית וג'ינג'ר ויסוצקי 25 יחידות,תה ויסוצקי,IL,תה ירוק לימונית וג'ינג'ר T.T,גרמים,37.00,100 גרם,false,1,26.90,72.7027,true,1,137418
7290006265500,false,פטריות שמפיניון ארוז מרינה,"מרינה פטריות הגליל בע""מ",IL,פטריות שמפיניון יחידה,גרמים,250.00,100 גרם,false,1,12.90,5.1600,true,1,140141
7290006271181,false,ג'חנון אפוי למיקרוגל מעדנות 750 גרם,מיוצר עי קונדיטוריית,IL,"ג""חנון אפוי 750 גרם מעדנות",גרמים,750.00,100 גרם,false,1,27.90,3.7200,true,1,135659
7290006272072,false,חטיפי פיצה גבינה מעדנות 650 גרם,"מעדנות בע""\מ",IL,חטיפי פיצה מעדנות 650 גרם,גרמים,650.00,100 גרם,false,1,36.90,5.6769,true,1,152399
7290006306302,false,רביולי במילוי גבינות פרמזן ריקוטה 400 ג' פסטה נונה,דורום תעשיות מזון ופסטה,IL,רביולי במילוי גבינות פרמזן וריקוטה,גרמים,400.00,100 גרם,false,1,26.90,6.7250,true,1,140355
7290006306326,false,רביולי במילוי פטריות וגבינת פרמזן פסטה נונה 400 ג',דורום תעשיות מזון ופסטה,IL,רביולי במילוי פטריות וגבינת פרמזן,גרמים,400.00,100 גרם,false,1,26.90,6.7250,true,1,140357
7290006306357,false,רביולי במילוי גבינת עיזים 400 ג' פסטה נונה,דורום תעשיות מזון ופסטה,IL,רביולי במילוי גבינת עיזים 400 גרם,גרמים,400.00,100 גרם,false,1,30.90,7.7250,true,1,140404
7290006374738,false,קונפיטורית תות 340 גר' יד מרדכי,אף.סי תבליני בגליל ב,IL,קונפיטורת תות 340 גרם,גרמים,340.00,100 גרם,false,1,15.90,4.6765,true,1,137874
7290006449955,false,מלפפון בייבי מארז,"מרינה פטריות הגליל בע""מ",IL,מלפפון בייבי ארוז,גרמים,500.00,100 גרם,false,1,14.90,2.9800,true,1,151270
7290006492432,false,גבינת מוצרלה בייבי 18% גד 150 גרם,מחלבות גד בעמ,IL,גבינה מוצרלה בייבי 150 גרם,גרמים,150.00,100 גרם,false,1,15.90,10.6000,true,1,135713
7290006492685,false,גבינת לאבנה עיזים 5% גד 250 גרם,מחלבות גד בעמ,IL,גבינת לאבנה עיזים 5% 250 גרם גד,גרמים,250.00,100 גרם,false,1,18.90,7.5600,true,1,140429
7290006492852,false,גבינת עיזים למריחה 5% שומן 250 ג' גד,קריות זול,IL,גבינה לבנה עיזים 5% 250 גרם גד,גרמים,250.00,100 גרם,false,1,18.90,7.5600,true,1,140911
7290006582539,false,חמוציות בשקית ששון הקולה 250 גרם,דין שיווק,IL,חמוציות 250גרם,גרמים,250.00,100 גרם,false,1,12.90,5.1600,true,1,202896
7290006653819,false,פתיתי קוסקוס דק 350 גרם,"מיוצר ע""י קוד יצרן K",IL,אסם קוסקוס דק 12*350גרם,גרמים,350.00,100 גרם,false,1,9.90,2.8286,true,1,138158
7290006664310,false,גבינה לבנה 3% שומן 250 ג' שטראוס,מיוצר עי קונדיטוריית,IL,סקי 3% 250 גרם,גרמים,250.00,100 גרם,false,1,4.80,1.9200,true,1,135758
7290006681553,false,קרמבו בטעם וניל שטראוס 8 יחידות,"גלידת שטראוס בע""\מ",IL,"שטראוס קרמבו 80 מ""ל",גרמים,200.00,100 גרם,false,1,15.90,7.9500,true,1,138955
7290006704511,false,"תפו""א גמדי אדום למיקרו מרינה 750ג'","מרינה פטריות הגליל בע""מ",IL,תפוא זעיר למיקרו יח,לא מנהל יחידת מידה,0.00,לא מנהל יחידת מידה,false,1,8.90,0.0000,true,1,140217
7290006704573,false,בצל ירוק א שער מגש,"מרינה פטריות הגליל בע""מ",IL,בצל ירוק יח,גרמים,100.00,100 גרם,false,1,7.90,7.9000,true,1,140253
7290006704672,false,זוקיני ירוק,חקלאי,IL,זוקיני ירוק,קילוגרמים,1.00,"ק""ג",true,,13.90,13.9000,true,1,141908
7290006739445,false,שניצל תירס קלאסי 750 ג' זוגלובק,נקניק נהריה כשר זוגל,IL,זוגלובק שניצל תירס קלאסי 750 גר בדצ - ללא מגשית,גרמים,750.00,100 גרם,false,1,29.90,3.9867,true,1,144725
7290006739544,false,נקניק כתף בקר 3% 300 גרם,זוגלובק,IL,זוגלובק כתף בקר 300 גרם א.מ.,גרמים,300.00,100 גרם,false,1,33.90,11.3000,true,1,145534
7290006764072,false,"בירה גולדסטאר בקבוק 500 מ""ל חוזר","טמפו משקאות בע""\מ",IL,"בירה גולדסטאר, בקבוק חוזר 500 מ""ל",מיליליטרים,500.00,"100 מ""ל",false,1,7.90,1.5800,true,1,135789
7290006765000,false,טורטיה מקמח מלא שקדיה 540 גרם,אלקטי קוראבייכיסיגיד,TR,טורטייה מקמח מלא 540 גרם,גרמים,540.00,100 גרם,false,1,12.90,2.3889,true,1,207307
7290006785633,false,שקית 10 בלונים מיטלי,Unknown,,בלונים 10 מיטלי,יחידה,1.00,יחידה,false,1,6.80,6.8000,true,1,150473
7290006822192,false,נקטר דיאט חמוציות אושן ספריי פריגת 1 ליטר,מבשלות בירה בינלאומיות ב,IL,פריגת דיאט אושן ספריי חמוציות 1 ליטר,ליטרים,1.00,ליטר,false,1,15.90,15.9000,true,1,136931
7290006983176,false,אוסם - לחמית שיפון 250 גרם,"אסם השקעות בע""\מ",IL,לחמית שיפון 10*230גרם,גרמים,230.00,100 גרם,false,1,10.90,4.7391,true,1,135869
7290006983763,false,עוגת הבית שוקולד 400 גרם אסם.,מיוצר עי קונדיטוריית,IL,הבית עוגת שוקולד 8*400גרם,גרמים,400.00,100 גרם,false,1,17.50,4.3750,true,1,136890
7290008175173,false,חמאה מפינלנד ללא מלח 200 גרם ויליפוד,ואליו אל.טי.די,FI,חמאה מפינלנד (ללא תוספת מלח) 200 גרם,גרמים,200.00,100 גרם,false,1,14.90,7.4500,true,1,136190
7290008175210,false,גבינת פרמזן מגורדת 90ג' ויליפוד,זנטי אס.איי.,IT,פרמז'נו מגורדת 90 גרם,גרמים,90.00,100 גרם,false,1,18.90,21.0000,true,1,136191
7290008175814,false,וילי פוד פטריות שמפיניון חתוך בדץ 400ג,"אוקצ'מפ אס, איי אויי",PL,פטריות חתוך 400גרם- בד'צ,גרמים,400.00,100 גרם,false,1,5.90,1.4750,true,1,136196
7290008268448,false,אוכמניות ארוז,אראל תוצרת חקלאית בע,IL,אוכמניות ארוז,גרמים,0.00,100 גרם,false,1,29.90,0.0000,true,1,193361
7290008340618,false,סלמון מעושן מצונן דלידג 100 ג',ויליגר תעשיות בעמ,IL,פרלינג סלומון מעושן 100 גרם,גרמים,100.00,100 גרם,false,1,23.90,23.9000,true,1,137435
7290008409100,false,אצבעות שניצל בציפוי שומשום מאמא עוף 700 גרם,תנובה גליל שותפות מוגבלת,IL,אצבעות שניצל ציפוי שומשום מאמא ע 700 גרם,גרמים,700.00,100 גרם,false,1,39.90,5.7000,true,1,139795
7290008409124,false,מאמא עוף קפוא שניצל ג'ונגל פריך 700 גרם,תנובה גליל שותפות מוגבלת,IL,שניצל גונגל מאמא עוף 700 גרם,גרמים,700.00,100 גרם,false,1,39.90,5.7000,true,1,139900
7290008409216,false,מאמא עוף קפוא שניצל דק פריך 700 גרם,תנובה גליל,IL,מאמא עוף שניצל דק פריך 700 גרם,גרמים,700.00,100 גרם,false,1,45.90,6.5571,true,1,144835
7290008409223,false,שניצל דק דק מתובל מאמא עוף 700 גרם,תנובה גליל שותפות מוגבלת,IL,שניצל דק דק מתובל 700 גרם,גרמים,700.00,100 גרם,false,1,45.90,6.5571,true,1,145382
7290008409551,false,שניצל עוף אמיתי בציפוי מעודן 700 ג' מאמא עוף,תנובה גליל שותפות מוגבלת,IL,שניצל אמיתי מעודן,גרמים,700.00,100 גרם,false,1,45.90,6.5571,true,1,136235
7290008409568,false,שניצל עוף אמיתי בציפוי שבבי ציפס 700 גר,תנובה גליל שותפות מוגבלת,IL,"שניצל צ""יפס אמיתי 700 גרם",גרמים,700.00,100 גרם,false,1,45.90,6.5571,true,1,136236
7290008415071,false,צבר חומוס עם טחינה עגול 150 גרם,סלטי צבר,IL,סלטי צבר חומוס עם טחינה 12*150גרם,גרמים,150.00,100 גרם,false,1,5.90,3.9333,true,1,136254
7290008415514,false,צבר חומוס עם חריף עגול 150 גרם,סלטי צבר,IL,סלטי צבר חומוס עם חריף 12*150גרם,גרמים,150.00,100 גרם,false,1,5.90,3.9333,true,1,136256
7290008461283,false,גבינת טריפל צ'דר חצי קשה הגבינות של נני 200 גרם,דאוליי צ'סמייקרס,GB,גבינה טריפל צדר נני 200 גרם,גרמים,200.00,100 גרם,false,1,25.90,12.9500,true,1,173247
7290008462259,false,חרדל דיז'ון גרגירים מיילי 380 גרם,יוניליוור צרפת,FR,חרדל דיזון חריף מיילי גרגירים 380 גר,גרמים,380.00,100 גרם,false,1,15.90,4.1842,true,1,142458
7290008464222,false,"בירה מכבי 7.9%, בירה חזקה, פחית 500 מ""ל","טמפו משקאות בע""\מ",IL,"בירה מכבי 7.9%, בירה חזקה, פחית 500 מ""ל",מיליליטרים,500.00,"100 מ""ל",false,1,8.90,1.7800,true,1,162828
7290008464345,false,"בירה גולדסטאר, בקבוק 330 מ''ל",פארייפאבה אגרואינדוס,IL,"בירה גולדסטאר, בקבוק 330 מ''ל",מיליליטרים,330.00,"100 מ""ל",false,1,8.90,2.6970,true,1,136271
7290008464406,false,פפסי מקס – משקה מוגז דל קלוריות פחיות 300 מל' שישייה,"טמפו משקאות בע""מ",IL,פפסי מקס פחית 330 מל,מיליליטרים,330.00,"100 מ""ל",false,1,6.00,1.8182,true,1,137578
7290008464505,false,סאן בנדטו בקבוק פלסטיק 500מל,אקווה מינרלה סאן בנדטו ב,IT,סן בנדטו 500 מל שישייה,מיליליטרים,500.00,"100 מ""ל",false,1,5.90,1.1800,true,1,136684
7290008464604,false,"בירה הייניקן פחית 500 מ""ל",טמפו משקאות בע''מ,NL,"בירה היינקן, פחית 500 מ""ל",מיליליטרים,500.00,"100 מ""ל",false,1,13.90,2.7800,true,1,136627
7290008464611,false,"הסודה של טמפו, מי סודה בגיזוז חזק, 275 מל",טמפו משקאות בעמ,IL,"הסודה של טמפו, מי סודה בגיזוז חזק, 275 מל",מיליליטרים,275.00,"100 מ""ל",false,1,4.50,1.6364,true,1,189054
7290008464741,false,"בירה גולדסטאר, מארז שישייה, בקבוק 330 מ''ל","טמפו משקאות בע""\מ",IL,"בירה גולדסטאר שישייה בקבוק 330 מ""ל",ליטרים,1.98,ליטר,false,1,39.90,20.1515,true,1,136279
7290008493413,false,פירורי לחם מאיר בייגל פירורי גריסיני 200 גרם,מאיר את ביגל,IL,מאיר בייגל פירורי גריסיני 200 גרם,גרמים,200.00,100 גרם,false,1,7.50,3.7500,true,1,141526
7290008535212,false,ציפס טוגן זיגזג תפוג,"תעשיות תפוגן בע""מ",IL,תפוגן טוגן זיג זג 12*800גרם,גרמים,800.00,100 גרם,false,1,12.90,1.6125,true,1,138163
7290008612531,false,"מד חום מהיר גמיש 10 שניות אמ""ר",פארמה פלסט,EG,מד חום מהיר וגמיש 10 שניות,לא מנהל יחידת מידה,0.00,לא מנהל יחידת מידה,false,1,25.90,0.0000,true,1,165671
7290008645935,false,חומוס לניגוב 750 ג' אחלה,"שטראוס גרופ בע""\מ",IL,חומוס 750 אחלה,גרמים,750.00,100 גרם,false,1,11.90,1.5867,true,1,139681
7290008690713,false,נקטר חמוציות אושן ספריי פריגת 1 ליטר,מבשלות בירה בינלאומיות ב,IL,נקטר אושן ספריי חמוציות 1 ליטר,ליטרים,1.00,ליטר,false,1,15.90,15.9000,true,1,136318
7290008693134,false,מעדן גבינה ויוגורט בטעם תות 5% שומן 88 ג' דניאלה,"שטראוס בריאות בע""מ",IL,דניאלה תות,גרמים,88.00,100 גרם,false,1,4.50,5.1136,true,1,136322
7290008745239,false,תפוצ'יפס קראנצ' בטעם טבעי עלית 50 גרם,"שטראוס פריטו ליי בע""\מ )",IL,תפו קראנצ טבעי 50 גר 48 יח - שמיטה,גרמים,50.00,100 גרם,false,1,5.50,11.0000,true,1,136348
7290008747547,false,תפוצ'יפס קראנץ' בטעם טבעי עלית 200 גרם,"שטראוס פריטו ליי בע""\מ )",IL,תפו קראנצ טבעי 200 גר 12 יח - שמיטה,גרמים,200.00,100 גרם,false,1,11.90,5.9500,true,1,136351
7290008752244,false,תפוצ'יפס קראנץ' בטעם גריל עלית 50 גרם,"שטראוס פריטו ליי בע""\מ )",IL,תפו קראנצ גריל 50 גר 48 יח - שמיטה,גרמים,50.00,100 גרם,false,1,5.50,11.0000,true,1,136355
7290008753111,false,תפוצ'יפס קראנץ' בטעם מקסיקני עלית 50 גרם,"שטראוס פריטו ליי בע""\מ )",IL,תפו קראנצ מקסיקני 50 גר 48 יח- שמיטה,גרמים,50.00,100 גרם,false,1,5.50,11.0000,true,1,136357
7290008757027,false,"שוופס טוניק 250 מ""ל זכוכית",יפאורה שותפות מובגלת לשיווק,IL,"שוופס טוניק 250 מ""ל זכוכית",מיליליטרים,250.00,"100 מ""ל",false,1,8.50,3.4000,true,1,136362
7290008775823,false,ערגליות עוגיות תות שדה אסם 300 גרם,מיוצר עי קונדיטוריית,IL,ערגליות תות שדה 6*300גרם,גרמים,300.00,100 גרם,false,1,12.90,4.3000,true,1,136366
7290008801157,false,"יין מרלו סלקטד כרמל כרמל 750 מ""ל",כרמל מזרחי,IL,"יין סלקטד מרלו 750 מ""ל",מיליליטרים,750.00,"100 מ""ל",false,1,29.90,3.9867,true,1,136372
7290009004380,false,אננס,חקלאי,IL,אננס,יחידה,1.00,יחידה,false,1,39.90,39.9000,true,1,192202
7290010117970,false,סבבה בוטנים קלויים מצופים - אריזה אישית,"שטראוס פריטו ליי בע""",IL,בוטנים אמריקאים סבבה 50 גרם,גרמים,50.00,100 גרם,false,1,2.90,5.8000,true,1,143490
7290010154005,false,סחוג תימני יוחאי ביטון 250 גרם,תבליני יוחאי ביטון,IL,סחוג תימני 250 גרם,גרמים,250.00,100 גרם,false,1,16.90,6.7600,true,1,135931
7290010154685,false,סלט שום כתוש 250 ג' ביטון יוחאי,תבליני יוחאי ביטון,IL,ביטון יוחאי המקורי סלט שום כתוש 250 גרם,גרמים,250.00,100 גרם,false,1,17.50,7.0000,true,1,188484
7290010163069,false,צנובר 100 גרם ששון הקולה,"דין שיווק וקלייה בע""",IL,צנובר 100 גרם,גרמים,100.00,100 גרם,false,1,29.90,29.9000,true,1,141214
7290010237548,false,"פפסי מקס דל קלוריות 500 מ""ל בקבוק",טמפו משקאות בעמ,IL,פפסי מקס בקבוק 500 מל,מיליליטרים,500.00,"100 מ""ל",false,1,5.00,1.0000,true,1,139790
7290010609734,false,אייס לי משקה להקפאה בטעמי פירות - מארז 8 יח',הדיל,IL,"שלוקים אייס לי 800 מ""ל",מיליליטרים,800.00,"100 מ""ל",false,1,5.90,0.7375,true,1,170810
7290010627844,false,טחינה גולמית שומשום מלא ירושלים 500גרם,"טחינה ירושליים בע""מ",IL,טחינה ירושלים 500 גרם שומשום מלא,גרמים,500.00,100 גרם,false,1,16.90,3.3800,true,1,195498
7290010650019,false,אנדיב בלגי אמיתי חוות תקוע,מרינה פטריות הגליל,IL,לבבות חסה אנדיב,גרמים,300.00,100 גרם,false,1,14.90,4.9667,true,1,144128
7290010650026,false,זנגוויל ארוז (200 גרם-שקית),יוליניבר,IL,גינגר טרי יח,לא מנהל יחידת מידה,0.01,לא מנהל יחידת מידה,false,1,12.90,1290.0000,true,1,142407
7290010650385,false,למון ליים אמיתי תקוע,פסטה נונה,IL,לימון ליים 400 גרם,גרמים,400.00,100 גרם,false,1,17.90,4.4750,true,1,149591
7290010690138,false,ברוקולי ארוז גן ירוק,חקלאי,IL,ברוקולי ארוז במגשית,גרמים,350.00,100 גרם,false,1,12.90,3.6857,true,1,165353
7290010791552,false,לה-קט דליקטס טונה ברוטב 85 גר',"הייקיו, תאילנד",TH,לה קט דליקטס טונה ברוטב 85 גרם,גרמים,85.00,100 גרם,false,1,5.90,6.9412,true,1,141354
7290010883370,false,כפפות אלוורה רב שימושיות בינוניות M סנו סושי,האי נאם סי או אל.טי.,CN,סושי כפפות אלוורה רב שימושיות - M,Unknown,0.00,Unknown,false,1,12.50,0.0000,true,1,141407
7290010945146,false,קוטג' 3% מועשר בסידן טרה 250 ג' מהדרין,קריות זול,IL,קוטג מועשר 3% טרה 250 גרם,גרמים,250.00,100 גרם,false,1,5.80,2.3200,true,1,140391
7290011017866,false,קוקה קולה קלאסי בפחית,החברה המרכזית לייצור משקאות,IL,"סליק קוקה קולה 330 מ""ל מבצע",מיליליטרים,330.00,"100 מ""ל",false,1,5.90,1.7879,true,1,152219
7290011017873,false,"פחיות קוקה קולה זירו 330 מ""ל",החברה המרכזית לייצור משקאות,IL,"סליק קולה ZERO 330 מ""ל מבצע",מיליליטרים,330.00,"100 מ""ל",false,1,5.90,1.7879,true,1,152220
7290011018917,false,ק.קולה זירו פרידגפק סליק 330 מל שישייה,החברה המרכזית לייצור משקאות,IL,"מארז ק""ק ZERO 6 פח FRIDGE-PACK מבצע",ליטרים,1.98,ליטר,false,1,24.90,12.5758,true,1,154608
7290011018924,false,"מארז פחיות דיאט קוקה קולה שישייה 330 מ""ל",החברה המרכזית לייצור משקאות,IL,דקק 6 פח FRIDGE Pack מבצע,ליטרים,1.98,ליטר,false,1,24.90,12.5758,true,1,154587
7290011148898,false,גבעולי ברוקולי משקל 400 גר,חקלאי,IL,ברוקולי ארוז במגשית,לא מנהל יחידת מידה,0.00,לא מנהל יחידת מידה,false,1,9.90,0.0000,true,1,173704
7290011148935,false,מלפפון בייבי יחידה,חקלאי,IL,מלפפון טעם ארוז,לא מנהל יחידת מידה,0.00,לא מנהל יחידת מידה,false,1,9.90,0.0000,true,1,152772
7290011194246,false,קוטג' 5% עם סידן 250 ג' שטראוס,מיוצר עי קונדיטוריית,IL,קוטג' 5% 250 גרם,גרמים,250.00,100 גרם,false,1,5.90,2.3600,true,1,140510
7290011223045,false,בישקוטים בונומי 200 גרם,בונומי ס.פ.א,IT,בונמי בישקוטים 200 גרם,גרמים,200.00,100 גרם,false,1,8.90,4.4500,true,1,147859
7290011312282,false,"חציל מובחר לק""ג",מרינה,IL,"חציל מובחר לק""ג",קילוגרמים,1.00,"ק""ג",true,,9.90,9.9000,true,1,145873
7290011312305,false,כרוב לבן,מרינה,IL,כרוב לבן,קילוגרמים,1.00,"ק""ג",true,,3.90,3.9000,true,1,145870
7290011378769,false,חטיף חלווה וניל בארכה 126 גרם מארז 7 יחידות,"רושדי תעשיות מזון בע""\מ",IL,בארכה בקטנה מאגדת וניל כלפ.12 7*18גרם,גרמים,120.00,100 גרם,false,1,13.90,11.5833,true,1,152634
7290011438142,false,"משקה יטבתה אייס קפה בבקבוק אישי 350 מ""ל",שטראוס גרופ,IL,"אייס קפה 350 מ""ל",מיליליטרים,350.00,"100 מ""ל",false,1,6.90,1.9714,true,1,141650
7290011499303,false,פטה עיזים מעודנת 5% בגביע 250 גרם - רבנות,ג'נרל מילס סאן אדריא,IL,גד בולגרית עיזים מעודנת 5% שומן,גרמים,250.00,100 גרם,false,1,30.90,12.3600,true,1,143285
7290011499327,false,גבינה בולגרית מעודנת 5% 250 גרם - רבנות,מיוצר על ידי DSH עבו,IL,גד גבינת בולגרית מעודנת מחלב בקר במי מלח 5% שומן,גרמים,250.00,100 גרם,false,1,23.90,9.5600,true,1,143287
7290011499419,false,גבינה במרקם שמנת בטעם טבעי 5% ניו יורק,גבינות מדף,IL,גד מרקם שמנת ניו יורק 5% 200 גרם,גרמים,200.00,100 גרם,false,1,11.90,5.9500,true,1,144575
7290011499624,false,שמנת 30% ניו יורק טבעי 200 גרם רבנות,גבינות מדף,IL,"גד, גבינת שמנת בטעם טבעי 30% , 200 גרם",גרמים,200.00,100 גרם,false,1,13.90,6.9500,true,1,146623
7290011502874,false,דלישס גרנולה עם פירות יבשים 500גר,"דין שיווק וקלייה בע""",IL,גרנולה פירות יבשים 500 גרם שקדיה,גרמים,500.00,100 גרם,false,1,14.90,2.9800,true,1,142946
7290011505516,false,סכין מהודר עבה במיוחד 50 יחידות הוסטס,הוסטס Hostess,,סכינים מהודר עבה במיוחד 50 יחידות,לא מנהל יחידת מידה,0.00,לא מנהל יחידת מידה,false,1,12.90,0.0000,true,1,171849
7290011618124,false,נגיסי אורז לתינוקות בטעם ירקות,גואנז'ו יונג וואנט פ,CN,בייבי ביס בטעם ירקות 50 גרם,גרמים,50.00,100 גרם,false,1,14.90,29.8000,true,1,142372
7290011695651,false,צנימים עגולים 300 גרם נאמן,S.P.A ניולט,IL,צנימים עגולים,גרמים,300.00,100 גרם,false,1,15.90,5.3000,true,1,147734
7290011765217,false,"סנו מדיק ג'ל לניקוי ידיים אלוורה 100 מ""ל",גוד פוד פרודקטס S.p,IL,"סנו מדיק ג""ל לניקוי ידיים 100",מיליליטרים,100.00,"100 מ""ל",false,1,12.90,12.9000,true,1,142592
7290011870249,false,סוללות פוזיקום 12AAA,פוג'יקום,CN,סוללות פוזיקום 12AAA,לא מנהל יחידת מידה,0.00,לא מנהל יחידת מידה,false,1,19.90,0.0000,true,1,150136
7290011870256,false,AA סוללות פוגיקום 4 יחידות,פוג'יקום,CN,מארז 4 פוגיקום AA,יחידה,1.00,יחידה,false,1,9.90,9.9000,true,1,147115
7290011923266,false,סלק אדום אורגני 225,ליב,LT,סלק אדום אורגני מקולף ומבושל,גרמים,225.00,100 גרם,false,1,11.90,5.2889,true,1,197521
7290011947309,false,זיתים מצוננים סורי מבוקע ולימון כבוש זיתא 230 ג',זיתא – י.ט.ב תעשיות,IL,זית סורי מבוקע,גרמים,230.00,100 גרם,false,1,14.90,6.4783,true,1,156540
7290011947316,false,זיתא זיתי קלמטה בשמן זית כתית מעולה 215ג,זיתא - י.ט.ב תעשיות,IL,זית קלמטה בשמן זית כתית מעולה,גרמים,217.00,100 גרם,false,1,14.90,6.8664,true,1,158640
7290011947781,false,מיקס זית ירוק וזית קלמטה ללא גלעין עם שמן זית כתית מעולה,זיתא - י.ט.ב תעשיות,IL,זית ירוק קלמטה ללא גלעין מיקס זיתא190גרם,גרמים,190.00,100 גרם,false,1,14.90,7.8421,true,1,199416
7290011947798,false,זית קלמטה ללא גלעין עם שמן זית כתית מעולה,זיתא - י.ט.ב תעשיות,IL,זית קלמטה ללא גלעין זיתא 190 גרם,גרמים,190.00,100 גרם,false,1,14.90,7.8421,true,1,199415
7290011947903,false,מיקס זיתים יווני זיתא 215 ג',זיתא - י.ט.ב תעשיות,IL,זיתים מיקס יווני זיתא 215 גרם,גרמים,215.00,100 גרם,false,1,14.90,6.9302,true,1,201471
7290011996789,false,פנקו פירורי לחם בסגנון יפני,טעמי אסיה Taste of Asia,CN,פירורי לחם יפניים פנקו 200 גרם,גרמים,200.00,100 גרם,false,1,9.90,4.9500,true,1,145034
7290012001994,false,חרדל דיז'ון גרעינים 350 ג' ריין דיזון,ריין דיז'ון reine dijon,FR,חרדל דיגון גרעינים 350 גרם כפ,גרמים,350.00,100 גרם,false,1,14.90,4.2571,true,1,146935
7290012116735,false,נייר טואלט גליל כפול סנו סופט 24 גלילים,סנו מפעלי ברונוס בעמ,IL,נ ט סופט גליל גמבו 24 יחידות,מטרים,90000.00,מטר,false,1,43.90,0.0005,true,1,145026
7290012117534,false,מרכך כביסה מרוכז תכלת קול סנו מקסימה 1 ליטר,"סנו מפעלי ברונוס בע""\מ",IL,מקסימה מרכך כביסה מרוכז (COOL) 1 ליטר,ליטרים,1.00,ליטר,false,1,18.90,18.9000,true,1,146637
7290012117558,false,מקסימה מרכך כביסה מרוכז ורוד בניחוח מאסק סנו 1 ליטר,"סנו מפעלי ברונוס בע""\מ",IL,מקסימה מרכך כביסה מרוכז מאסק 1 ליטר,ליטרים,1.00,ליטר,false,1,18.90,18.9000,true,1,146630
7290012159411,false,לבבות דקל חתוך לינה 400 גרם,יושלם,IL,לבבות דקל חתוך 400 גרם,גרמים,400.00,100 גרם,false,1,11.00,2.7500,true,1,149709
7290012227325,false,סלמי דק דק מעושן איטלקי 120 ג' זוגלובק,זוגלובק,IL,זוגלובק סלמי מעושן איטלקי 120 גרם דק דק דק,גרמים,120.00,100 גרם,false,1,14.90,12.4167,true,1,173731
7290012227974,false,פסטרמה הודו בדבש טהור דק דק דק,זוגלובק,IL,זוגלובק פסטרמה בדבש 120 גרם דק דק דק,גרמים,120.00,100 גרם,false,1,14.90,12.4167,true,1,173733
7290012227981,false,פסטרמה דק דק ברביקיו 120 ג' זוגלובק,זוגלובק,IL,זוגלובק פסטרמה ברביקיו 120 גרם דק דק דק,גרמים,120.00,100 גרם,false,1,14.90,12.4167,true,1,173734
7290012227998,false,פסטרמה דק דק חזה בקר 120 ג' זוגלובק,זוגלובק,IL,זוגלובק חזה בקר 120 גרם דק דק דק,גרמים,120.00,100 גרם,false,1,14.90,12.4167,true,1,173732
7290012228230,false,פסטרמה חזה עוף דק דק דק,זוגלובק,IL,זוגלובק פסטרמה חזה עוף 120 גרם דק דק דק,גרמים,120.00,100 גרם,false,1,14.90,12.4167,true,1,173735
7290012228261,false,נקנקיות קנקרס הודו ועוף ריינהולד'ס זוגלובק 300 ג',זוגלובק,IL,זוגלובק נקניקיות הודו פרמיום קנקרס ריינהולד'ס,גרמים,300.00,100 גרם,false,1,20.90,6.9667,true,1,170827
7290012228278,false,נקנקיות בוקוורסט עוף ובקר ריינהולד'ס 310 ג' זוגלובק,זוגלובק,IL,זוגלובק נקניקיות הודו -בקר (בוקוורסט) ריינהולדס,גרמים,310.00,100 גרם,false,1,20.90,6.7419,true,1,170826
7290012306532,false,מעיין פריכיות כוסמת 150 גר' עם מלח,כל בו מכבי,,פריכיות כוסמת עם מלח 150 גרם,גרמים,150.00,100 גרם,false,1,15.70,10.4667,true,1,160344
7290012576614,false,יין Premieur לבן חצי יבש אמרלד ריזלינג קולומברד,יקבי ברקן שיווק והפצה בע,IL,"יין פרמייר ריזלינג 750 מ""ל",מיליליטרים,750.00,"100 מ""ל",false,1,26.90,3.5867,true,1,157232
7290012724848,false,פטרוזיליה יח בשקית,"מרינה פטריות הגליל בע""מ",IL,פטרוזיליה ארוז ליח,גרמים,70.00,100 גרם,false,1,5.90,8.4286,true,1,156379
7290012759727,false,חטיף בראוניז תמר שוקולד פקאן ופולי קקאו 40 גר' - ממה,ממה חטיפי אנרגיה,IL,חטיף בראוניז פקאן ופולי קקאו 50 גרם,גרמים,50.00,100 גרם,false,1,8.90,17.8000,true,1,193405
7290012823541,false,ריצפז פרש מטליות לחות לרצפה בניחוח לבנדר 10 יחידות,"סנו מפעלי ברונוס בע""\מ",IL,מטליות ריצפז פרש לבנדר,לא מנהל יחידת מידה,0.00,לא מנהל יחידת מידה,false,1,14.90,0.0000,true,1,146398
7290012823558,false,"מטליות לחות לרצפה 40*70 ס""מ סנו סושי 10 יחידות",סנו מפעלי ברונוס בעמ,IL,מטליות לחות לריצפה סנו סושי 10 יחידות,Unknown,0.00,Unknown,false,1,11.90,0.0000,true,1,146973
7290012823602,false,נייר טואלט סופט סילק לבן 32 גלילים סנו,טרופיקל דגיל תעשיות,IL,נייר טואלט סופט 32 גלילים,מטרים,58800.00,מטר,false,1,33.90,0.0006,true,1,148440
7290012823947,false,"סנו - מרכך כביסה מרוכז פרפיום קריסטל נואר 750 מ""ל",מיוצר עי קונדיטוריית,IL,"מרכך כביסה פרפיום קריסטל נואר 750 מ""ל",מיליליטרים,750.00,"100 מ""ל",false,1,21.50,2.8667,true,1,147932
7290012901355,false,דודלס ארוחת אטריות עם גבינה 206 גרם,האי נאם סי או אל.טי.,US,ארוחת מקרוני עם רוטב על בסיס גבינה,גרמים,206.00,100 גרם,false,1,12.90,6.2621,true,1,161500
7290012911293,false,דפי אורז ללא גלוטן 300 ג',טעמי אסיה Taste of Asia,VN,"דפי אורז 22 ס""מ 300 גרם",גרמים,300.00,100 גרם,false,1,14.50,4.8333,true,1,147158
7290012983153,false,סילאן טבעי בקבוק לחיץ תמר כנרת 400 גר,מנדלז סי.אר. פרודקשן,IL,סילאן טבעי 400 לחיץ,גרמים,400.00,100 גרם,false,1,17.90,4.4750,true,1,156700
7290013068361,false,שמן זית אליעד כתית מ,אליעד בית בד בגולן,IL,שמן זית אליעד כתית מעולה 750 מל,מיליליטרים,750.00,"100 מ""ל",false,1,37.90,5.0533,true,1,193633
7290013145055,true,פרג שלם,א.ל ייצור ושיווק תבל,IL,פרג שלם,גרמים,100.00,100 גרם,false,1,5.90,5.9000,true,1,178779
7290013145192,true,שומשום,מיוצר עי קונדיטוריית,IL,"מימונס, שומשום, 100% טהור, 100 גרם",גרמים,100.00,100 גרם,false,1,5.20,5.2000,true,1,178786
7290013145840,false,סוכר וניל מיימונס 10 יחידות,א.ל ייצור ושיווק תבלינים,IL,סוכר וניל 10 יח' בצלופן,גרמים,100.00,100 גרם,false,1,2.50,2.5000,true,1,149182
7290013145857,false,אבקת אפיה מיימונס 10 יחידות,מימונס אפייה,IL,אבקת אפיה 100 1/10 גר,גרמים,100.00,100 גרם,false,1,2.50,2.5000,true,1,149183
7290013145901,true,סודה לשתיה,א.ל ייצור ושיווק תבל,IL,"מיימונס, סודה לשתיה 100 גרם",Unknown,0.00,Unknown,false,1,2.40,0.0000,true,1,178789
7290013145918,false,אבקת סוכר מיימונס 100 גרם,א.ל ייצור ושיווק תבלינים,IL,מימונס אבקת סוכר ללא גלוטן 100 גרם,לא מנהל יחידת מידה,0.00,לא מנהל יחידת מידה,false,1,2.00,0.0000,true,1,189051
7290013145949,false,אבקת סוכר באריזת פטנט 250גר,א.ל ייצור ושיווק תבלינים,IL,מימונס אבקת סוכר 250 גרם,גרמים,250.00,100 גרם,false,1,16.90,6.7600,true,1,146708
7290013145970,false,קורנפלור מימונס בשקית 200 ג',א.ל ייצור ושיווק תבלינים,IL,"מיימונס, קורנפלור בשקית 200 גרם",גרמים,200.00,100 גרם,false,1,3.90,1.9500,true,1,189052
7290013153418,true,מיץ סחוט פריגת לימונ,גת,IL,סחוט לימונענע 1 ליטר,ליטרים,1.00,ליטר,false,1,19.90,19.9000,true,1,178794
7290013153432,false,"פריגת סחוט לימונענע 400 מ""ל",היינץ צפון אמריקה מק,IL,"סחוט לימונענע 400 מ""ל",מיליליטרים,400.00,"100 מ""ל",false,1,11.90,2.9750,true,1,166024
7290013215017,false,פטריות זוגות חוות השמפניון,אראל תוצרת חקלאית בע,IL,פטריות שמפניון צמד חמד מארז זוג,יחידה,0.00,יחידה,false,1,17.90,0.0000,true,1,164843
7290013268020,false,מקסימה מרכך כביסה מרוכז בניחוח אולטרא פרש סנו 1 ליטר,"סנו מפעלי ברונוס בע""\מ",IL,מקסימה מרכך כביסה מרוכז אולטרא פרש 1 ליטר,ליטרים,1.00,ליטר,false,1,18.90,18.9000,true,1,146682
7290013268983,false,מרכך כביסה סופר מרוכז בבישום עוצמתי סנו מקסימה 1 ל',"סנו מפעלי ברונוס בע""\מ",IL,מקסימה מרכך כביסה בבישום עוצמתי 1 ליטר,ליטרים,1.00,ליטר,false,1,18.90,18.9000,true,1,202428
7290013269003,false,מרכך כביסה סופר מרוכז בייבי לתינוקות ולעור רגיש,"סנו מפעלי ברונוס בע""\מ",IL,מקסימה מרכך כביסה סופר מרוכז בייבי 1 ליטר,ליטרים,1.00,ליטר,false,1,18.90,18.9000,true,1,148602
7290013269287,false,סנו - מקסימה ג'ל כביסה מרוכז מאסק 3 ליטר,"סנו מפעלי ברונוס בע""\מ",IL,מקסימה ג'ל כביסה מרוכז מאסק 3 ליטר,ליטרים,3.00,ליטר,false,1,34.90,11.6333,true,1,150874
7290013269621,false,ריצפז פרש לניקוי רצפות בניחוח מלון בוטיק,מיוצר עי קונדיטוריית,IL,"סנו ריצפז, תרכיז ריחני לניקוי כל סוגי הרצפות",ליטרים,2.00,ליטר,false,1,22.90,11.4500,true,1,191167
7290013310170,false,כוסות נייר משובחות ל,,,כוסות נייר משובחות לשתיה חם/קר 50 יחידות,Unknown,0.00,Unknown,false,1,14.90,0.0000,true,1,151288
7290013310576,false,"כוסות נייר 240-8BOZמ""ל שתיה חם/קר הוסטס 50 יח'",ACSP,CN,כוסות נייר 8 לשתייה חמה 50יח 240מל,יחידה,1.00,יחידה,false,1,11.90,11.9000,true,1,171767
7290013358370,false,פנקו פירורי לחם מאסטר שף בטעם שום 300 גרם,"מיוצר ע""י מנה י.א בע",IL,פירורי לחם יפנים טעם שום 300 גרם,גרמים,300.00,100 גרם,false,1,10.80,3.6000,true,1,150508
7290013472199,false,ערמונים קלופים וקלויים 105 גרם,בייג'גג פוינונג,CN,ערמונים קלופים 105 גרם,גרמים,105.00,100 גרם,false,1,6.90,6.5714,true,1,149245
7290013531759,false,שעועית אפויה במים יכין 330 גרם,"זנלכל בע""\מ",IL,שעועית אפויה במים יכין 310 גרם,גרמים,310.00,100 גרם,false,1,9.90,3.1935,true,1,163093
7290013585387,false,קוקה קולה זירו בקבוק,החברה המרכזית לייצור משקאות,IL,ZERO תריסר 1 ליטר,ליטרים,1.00,ליטר,false,1,8.50,8.5000,true,1,162341
7290013585394,false,קוקה קולה 1ליטר בודד,החברה המרכזית לייצור משקאות,IL,קוקה קולה 1 ליטר תריסר,ליטרים,1.00,ליטר,false,1,8.50,8.5000,true,1,162340
7290013724939,false,משוקלדים חמוציות מריר 140 גר' קופסא,"דין שיווק וקלייה בע""",IL,משוקלדים חמוציות מריר 140 גר קופסא,גרמים,140.00,100 גרם,false,1,11.90,8.5000,true,1,150759
7290013847553,false,נתחי טונה בהירה במים דל נתרן - מארז רביעיה,"סטארקיסט פודור בע""מ",TH,טונה במים דל נתרן,גרמים,640.00,100 גרם,false,1,29.90,4.6719,true,1,166364
7290013847867,false,מארז זוג טונה בשמן סויה 140 ג' סטארקיסט,טונה ויטנאם קו. אל.ט,IL,ס.ק. טונה זוגות בשמן סויה 140 גר' בית יוסף,גרמים,140.00,100 גרם,false,1,14.90,10.6429,true,1,191863
7290013883407,false,"דזיטול מרסס לחיטוי כללי יעקבי 750 מ""ל",יעקבי - דזיטול Desytol,ES,יעקבי דזיטול ספריי מחטא ומשמיד חיידקים 750 מל,מיליליטרים,500.00,"100 מ""ל",false,1,21.90,4.3800,true,1,151673
7290013903266,false,תערובת פירות יער אורגני מוקפא 300 גר,פריגו,RS,תערובת פירות יער אורגנית 350 גרם,גרמים,350.00,100 גרם,false,1,21.90,6.2571,true,1,192043
7290013906441,false,קבנוס טירת צבי 120 גרם,הנסיך- מפעל לייצור ט,IL,קבנוס נקניק מעושן יבש 120 גרם,גרמים,120.00,100 גרם,false,1,12.90,10.7500,true,1,155886
7290013971555,false,סוללות פוג'יקום 4AAA+8AA,פוג'יקום,CN,מארז פוגיקום 8+4,לא מנהל יחידת מידה,0.00,לא מנהל יחידת מידה,false,1,19.90,0.0000,true,1,156681
7290014046016,false,פסטרמה של פעם דל שומן 2% רכיבים טבעיים,מעדני יחיעם,IL,יחיעם פסטרמה של פעם 250 גרם,גרמים,250.00,100 גרם,false,1,29.90,11.9600,true,1,161749
7290014046580,false,"פסטרמה מעודנת על האש 300 גרם ""יחיעם""",מעדני יחיעם 1993,IL,פסטרמה הודו מעושנת על האש מעדני יחיעם 30,גרמים,300.00,100 גרם,false,1,22.90,7.6333,true,1,164777
7290014066380,false,לנדוור-קפסולות אספרסו סופרימו(10) - 10יח'12X יח,קפה לנדוור,IL,קפסולות אספרסו לנדוור סופרימו 10יח,גרמים,50.00,100 גרם,false,1,18.90,37.8000,true,1,188500
7290014079526,false,כרובית ארוזה מרינה,חקלאי,IL,כרובית ארוזה יח,קילוגרמים,1.50,"ק""ג",false,1,14.90,9.9333,true,1,171430
7290014083806,false,עוגיות בטעם חמאה 350 גרם בפח,וילי פוד,PT,עוגיות פח 350 ג ויליפוד,גרמים,350.00,100 גרם,false,1,16.90,4.8286,true,1,152795
7290014094260,false,שיני שום קלוף קמעונאי,יאנונינגלנאגג פרודיס לטד,CN,שום מקולף 170 גרם,גרמים,170.00,100 גרם,false,1,14.90,8.7647,true,1,162140
7290014094864,false,פיסטוק קלוי 170 גר עם קליפה ששון הקולה,"דין שיווק וקלייה בע""",IL,פיסטוק קלוי 170גרם,גרמים,170.00,100 גרם,false,1,22.90,13.4706,true,1,202892
7290014094895,true,אגוזים קלופים 150 גר,דין שיווק,IL,אגוזים קלופים 150 גרם,גרמים,150.00,100 גרם,false,1,14.90,9.9333,true,1,169404
7290014094901,false,פקאן טבעי 150 גרם ששון הקולה,"דין שיווק וקלייה בע""",IL,פקאן טבעי 150גרם,גרמים,150.00,100 גרם,false,1,22.90,15.2667,true,1,202890
7290014217065,false,אורגנו עלים בקופ' 30 גר' טעם וריח,"תבליני טעם וריח בע""מ",IL,תבליני טעם וריח אורגנו 100% 30 גרם,Unknown,0.00,Unknown,false,1,10.90,0.0000,true,1,151865
7290014435704,false,סלמון מעושן שמיר 100 גרם,שבעת הימים - שמיר,IL,סלמון מעושן 100 גרם,גרמים,100.00,100 גרם,false,1,27.90,27.9000,true,1,157380
7290014435872,false,סלט הרינג עם מיונז שמיר 200 גרם,שבעת הימים - שמיר,IL,סלט הרינג עם מיונז 180 גרם,גרמים,180.00,100 גרם,false,1,21.90,12.1667,true,1,157326
7290014455245,false,גבינת גרנה פדנו משולש 29% 200 גרם בית יוסף,מחלבת סוציאלה מנטובה,IT,גד גרנה פדנו גבינה קשה 29% שומן,גרמים,200.00,100 גרם,false,1,26.00,13.0000,true,1,165584
7290014455320,false,גבינה כדורי מוצרלה פרסקה גד 100ג',מוצרלה פרסקה 2 ב 15,IL,גד מוצרלה פרסקה מחלב בקר 18% שומן,גרמים,100.00,100 גרם,false,1,10.90,10.9000,true,1,162346
7290014472136,false,גרעיני חמנייה ששון הקולה 150 גרם,"דין שיווק וקלייה בע""",IL,גרעין שחור קלוי 150גרם,גרמים,150.00,100 גרם,false,1,6.90,4.6000,true,1,202895
7290014472471,false,גרעיני חמנייה קלוי ענק ששון הקולה 200 גרם,"דין שיווק וקלייה בע""",IL,גרעין שחור ענק פרימיום 200גרם,גרמים,200.00,100 גרם,false,1,7.90,3.9500,true,1,202906
7290014472495,false,קשיו קלוי ענק פרימיום ששון הקולה 250 גרם,"דין שיווק וקלייה בע""",IL,קשיו קלוי ענק 250גרם פרימיום,גרמים,250.00,100 גרם,false,1,27.90,11.1600,true,1,202908
7290014692565,false,גרעיני תירס מתוק וילי פוד 320 גרם,אקו קונסרויפרי קי.אפ,HU,ויליפוד גרעיני תירס מתוק 320 גרם,גרמים,320.00,100 גרם,false,1,5.90,1.8438,true,1,164784
7290014758681,false,קוטג תנובה 1% גביע 250 גרם,מיוצר עי קונדיטוריית,IL,קוטג 1% תנובה 250 גרם,גרמים,250.00,100 גרם,false,1,5.70,2.2800,true,1,153718
7290014759084,false,גבינת שמנת נפוליאון 16% מופחת שומן תנובה 225 גרם,תנובה מרכז שיתופי לש,IL,גבינת שמנת נפוליאון בסגנון צרפתי 225 גרם,גרמים,225.00,100 גרם,false,1,14.90,6.6222,true,1,156141
7290014760134,false,"מעדן סויה בטעם וניל תנובה 125 מ""ל",תנובה Alternative,IL,מעדן סויה ביו בטעם וניל 125 גרם,גרמים,125.00,100 גרם,false,1,4.70,3.7600,true,1,174170
7290014760141,true,משקה שקדים טרי 1 ליט,תות תעשיות מזון (201,IL,משקה שקדים טרי 1 ליטר,ליטרים,1.00,ליטר,false,1,14.90,14.9000,true,1,163271
7290014761056,false,מעדן שוקולד חלב יולו תנובה 123 גרם,מיוצר עי קונדיטוריית,IL,YOLO מעדן שוקולד חלב מעולה 123 גרם,גרמים,123.00,100 גרם,false,1,5.00,4.0650,true,1,160770
7290014761414,false,יולו מעדן שכבות שוקולד חלב ולבן 123 גר,מיוצר עי קונדיטוריית,IL,YOLO מעדן שכבות שוקולד חלב ולבן 122 גרם,גרמים,123.00,100 גרם,false,1,5.00,4.0650,true,1,160774
7290014761612,false,מעדן שכבות שוקולד מריר ולבן יולו 122 גרם,מיוצר עי קונדיטוריית,IL,YOLO מעדן שכבות שוקולד מריר 123 גרם,גרמים,123.00,100 גרם,false,1,5.00,4.0650,true,1,162249
7290014762756,false,גבינת שמנת נפוליאון 16% עם בצל תנובה 225 גרם,תנובה חלב,IL,גבינת שמנת נפוליאון בצל 200 גרם,גרמים,200.00,100 גרם,false,1,14.90,7.4500,true,1,166411
7290014762909,false,פתיתי מוצרלה השף הלבן 10% תוספת מתנה,"תנובה, מחלבת תל יוסף",IL,פתיתי מוצרלה 10% תוספת השף הלבן,גרמים,200.00,100 גרם,false,1,18.90,9.4500,true,1,167162
7290014763272,false,יוגורט סויה BIO לשתיה תות ובננה אלטרנטיב,תות תעשיות מזון (201,IL,"משקה סויה ביו עם תות ובננה 250 מ""ל",מיליליטרים,250.00,"100 מ""ל",false,1,6.90,2.7600,true,1,167586
7290014855458,false,מגבוני בייביסיטר פרפורמנס ללא בישום מארז 72X4יח',בייביסיטר Babysitter,IL,מגבונים בייביסיטר רביעייה לא בישום,לא מנהל יחידת מידה,0.00,לא מנהל יחידת מידה,false,1,19.90,0.0000,true,1,164377
7290014860070,false,"מקלוני אורז ללא גלוטן 5 מ""מ 454גר' (אור)",ניינטי נודל קו,TH,"מזרח ומערב מקלוני אורז ללא גלוטן 5 ממ, 454 גרם",גרמים,454.00,100 גרם,false,1,11.90,2.6211,true,1,167046
7290014940901,true,לחם פשוט מלא 750 גרם,מאפיית שלמה א. אנג'ל,IL,לחם פשוט מלא 750 גרם,גרמים,750.00,100 גרם,false,1,15.90,2.1200,true,1,162476
7290015009003,false,מונטנייר חומץ יין לבן 500מל,מנדלז סי.אר. פרודקשן,ES,דניאל חומץ בן יין לבן 500 מל,מיליליטרים,500.00,"100 מ""ל",false,1,16.90,3.3800,true,1,157701
7290015129121,false,סקיני פסטה נודלס 270 גרם,הוויזאי וואנגייה פוד,CN,סקיני פסטה- בצורת אטריות פטוצ'יני 200 גרם,גרמים,270.00,100 גרם,false,1,13.90,5.1481,true,1,158981
7290015129251,false,איטריות קונגאק ללא גלוטן 270 גרם skinny,אף.סי תבליני בגליל ב,CN,סקיני פסטה- בצורת אטריות פטוצ'יני 200 גרם,גרמים,270.00,100 גרם,false,1,13.90,5.1481,true,1,163869
7290015282598,false,חומוס מסעדות גורמה שמיר 200 גרם,"סלטי שמיר 2006 בע""מ",IL,חומוס מסעדות 200 גרם,גרמים,200.00,100 גרם,false,1,13.90,6.9500,true,1,171386
7290015282604,false,טחינה מיוחדת גורמה שמיר 200 גרם,"סלטי שמיר 2006 בע""מ",IL,טחינה מיוחדת 200 גרם,גרמים,200.00,100 גרם,false,1,13.90,6.9500,true,1,171394
7290015324007,false,פלפל שחור גרוס 80 גר' טעם וריח,"תבליני טעם וריח בע""מ",IL,"תבליני טעם וריח, 100% פלפל שחור גרוס, 80 גרם",גרמים,80.00,100 גרם,false,1,11.90,14.8750,true,1,157733
7290015324045,false,תבלין פפריקה חריפה 80 גר' שק',"תבליני טעם וריח בע""מ",IL,"תבליני טעם וריח, 100% פפריקה חריפה, 80 גרם",גרמים,80.00,100 גרם,false,1,5.90,7.3750,true,1,157736
7290015324052,false,פפריקה מתוקה 80 גר' טעם וריח,"תבליני טעם וריח בע""מ",IL,"תבליני טעם וריח, 100% פפריקה מתוקה, 80 גרם",גרמים,80.00,100 גרם,false,1,5.90,7.3750,true,1,157737
7290015324113,false,טעם וריח בהרט שקית 8,"תבליני טעם וריח בע""מ",IL,"תבליני טעם וריח, תערובת תיבול בהרט לבישול, 80 גרם",גרמים,80.00,100 גרם,false,1,5.90,7.3750,true,1,157742
7290015603522,false,"נוזל אגוזי קוקוס 5%-7% 400 מ""ל",אסי אטיק גרו אינדוסט,TH,"נוזל אגוזי קוקוס 5-7% 400 מ""ל",מיליליטרים,400.00,"100 מ""ל",false,1,7.90,1.9750,true,1,206834
7290015603560,false,"שימורי קרם קוקוס 20-22% 400 מ""ל (ASIATIC)(כ)",אסיאטיק אגרו אינדוסטרי,TH,מזרח ומערב שימורי קרם קוקוס 20-22% 400 מל,מיליליטרים,400.00,"100 מ""ל",false,1,10.90,2.7250,true,1,204428
7290015644297,false,שישיית לחמניות פשוט מלא אנג'ל 450 גרם,מאפיית שלמה א. אנג'\ל בע,IL,לחמניות פשוט מלא שישייה 450 גרם,גרמים,450.00,100 גרם,false,1,13.90,3.0889,true,1,170995
7290015652070,false,קשוי קלוי בשקית ששון הקולה 150 גרם,"דין שיווק וקלייה בע""",IL,קשיו קלוי 150 גרם,גרמים,150.00,100 גרם,false,1,15.90,10.6000,true,1,202855
7290015652087,false,תערובת פיצוחים בשקית ששון הקולה 150 גרם,דין שיווק,IL,תערובת פיצוחים 150 גרם,גרמים,150.00,100 גרם,false,1,14.90,9.9333,true,1,202856
7290015673198,false,המבורגר טקסס עם פטריות טבע דלי 400 גרם,טבע דלי בעמ,IL,טבע דלי טקסס בורגר עבה עם פטריות 400 גרם,גרמים,400.00,100 גרם,false,1,26.90,6.7250,true,1,167194
7290015833127,false,טונה סקיפגק - רביעיי,,VN,טונה סקיפגק - רביעייה,גרמים,140.00,100 גרם,false,1,19.90,14.2143,true,1,202051
7290015968089,false,"צלחות פלסטיק עבות כ-17 ס""מ במבחר צבעים",הוסטס Hostess,,צלחות פלסטיק עבות במיוחד 25 יחידות 17 סמ,לא מנהל יחידת מידה,0.00,לא מנהל יחידת מידה,false,1,9.90,0.0000,true,1,171852
7290015968331,false,נורת לד 6 וולט אור ל,F.E.CO.LTD,CN,נורת לד 6W לבן,יחידה,1.00,יחידה,false,1,19.90,19.9000,true,1,170205
7290015968461,false,כוסות פלסטיק משובחות,F.T.I,,"כוסות פלסטיק משובחות 330 מ""ל 40 יחי",לא מנהל יחידת מידה,0.00,לא מנהל יחידת מידה,false,1,10.90,0.0000,true,1,171847
7290015968508,false,"כוסות פלסטיק לשתיה קרה 180מ""ל",,TR,"כוסות 180 מ""ל פלסטיק לשתיה קרה",יחידה,1.00,יחידה,false,1,9.90,9.9000,true,1,196759
7290016006025,false,שוופס סודה 0.50 ליטר בקבוק,יפאורה תבורי בעמ,IL,שוופס מי סודה 0.5 ליטר,מיליליטרים,500.00,"100 מ""ל",false,1,4.50,0.9000,true,1,170555
7290016006339,false,מים מינרלים - מארז רביעייה,"מופק ממקור בזלתי עדן ,1",IL,רביעיית מים 1 ליטר,ליטרים,4.00,ליטר,false,1,12.90,3.2250,true,1,170418
7290016144048,false,"קמח כוסמין לבן נפלאות 1 ק""ג","קמח מלכים בע""מ",IL,"קמח נפלאות כוסמין לבן 1 ק""ג",קילוגרמים,1.00,"ק""ג",false,1,16.90,16.9000,true,1,202242
7290016197495,false,ניקול זוג מטליות הקסם מיקרופייבר לרצפה,חוגלה קימברלי,CN,מטליות מיקרופייבר רצפה,לא מנהל יחידת מידה,0.00,לא מנהל יחידת מידה,false,1,24.90,0.0000,true,1,168081
7290016217759,false,חציל מרוקאי 200גרם גורמה,"סלטי שמיר 2006 בע""מ",IL,חציל מורוקאי -גורמה,גרמים,200.00,100 גרם,false,1,14.90,7.4500,true,1,171593
7290016270709,false,עגבניות שרי אשכולות,ביכורי השקמה,IL,שרי קלמר ארוז יח,גרמים,460.00,100 גרם,false,1,12.90,2.8043,true,1,169243
7290016273090,false,סוכריה על מקל בטעם תות בננה 31 גרם,אוריגינל גורמה,US,סוכריה על מקל 31 גרם,גרמים,31.00,100 גרם,false,1,6.90,22.2581,true,1,207400
7290016321883,false,פרשוואנס נייר טואלט מתכלה לילדים -מארז שלישייה,עלבד משואות יצחק בעמ,IL,פרשוואנס נייר טואלט מתכלה לילדים -מארז שלישייה,יחידה,1.00,יחידה,false,1,17.90,17.9000,true,1,193401
7290016321890,false,פרשוואנס נייר טואלט מתכלה למבוגרים -מארז שלישייה,עלבד משואות יצחק בעמ,IL,פרשוואנס נייר טואלט מתכלה לילדים -מארז שלישייה,יחידה,1.00,יחידה,false,1,17.90,17.9000,true,1,193400
7290016372397,false,"תה ויסוצקי ירוק תפוז,ג'ינגר וכורכום 25 יח'",ויסוצקי ירוק,IL,תה ירוק תפוז גינגר וכורכום 25 שקיקים,גרמים,48.00,100 גרם,false,1,26.90,56.0417,true,1,172604
7290016509786,true,פרסיל גל ירוק 2.5 לי,"הנקל סוד בע""מ",IL,ג'ל מרוכז לכביסה במכונה - לבנה וצבעונית,ליטרים,2.50,ליטר,false,1,35.90,14.3600,true,1,189173
7290016584004,false,חטיפוני גזר 130 גרם,"מרינה פטריות הגליל בע""מ",IL,חטיפוני גזר 130 גרם,גרמים,130.00,100 גרם,false,1,7.90,6.0769,true,1,168253
7290016682342,false,מיץ תפוזים וולנסיה פרי ניב 2 ליטר-,פרי ניב,IL,תפוז וולנסיה סחוט 100% 2 ליטר,ליטרים,2.00,ליטר,false,1,29.90,14.9500,true,1,203728
7290016823523,false,צנונית יח 500 גרם שמיטה,"מרינה פטריות הגליל בע""מ",IL,צנונית ארוזה יח,גרמים,500.00,100 גרם,false,1,6.00,1.2000,true,1,172646
7290016866674,false,"פרודונטקס - משחת שיניים מלבינה 75 מ""ל",פרודונטקס Parodontax,SK,"פרודונטקס משחת שיניים מלבינה 75 מ""ל",מיליליטרים,75.00,"100 מ""ל",false,1,29.90,39.8667,true,1,189214
7290016967074,false,לחם חיטה מלאה עם גרעינים ודגנים,מאפיית שלמה א. אנג'\ל בע,IL,לחם אנגל חיטה מלאה 750 גרם,גרמים,750.00,100 גרם,false,1,15.90,2.1200,true,1,170057
7290017065007,false,פרוסות גבינה מוצרלה חצי קשה 22% שומן 200 ג' גד,מחלבות גד בעמ,IL,גבינה מוצרלה פרוסה גד 150 גרם,גרמים,150.00,100 גרם,false,1,19.90,13.2667,true,1,171131
7290017065137,false,ריקוטה למריחה 5% טבעית 200 גרם - רובין,האי נאם סי או אל.טי.,IL,גד ריקוטה למריחה 5% שומן 200 גרם,גרמים,200.00,100 גרם,false,1,10.90,5.4500,true,1,173149
7290017065144,false,ריקוטה למריחה בתוספת בזיליקום 5% גד 200 גם,האי נאם סי או אל.טי.,IL,"גד ריקוטה למריחה, בזיליקום 5% שומן 200 גרם",גרמים,200.00,100 גרם,false,1,10.90,5.4500,true,1,173151
7290017065434,false,גבינה גאודה פרוסה הולנדית 200 גר',מחלבות גד בעמ,NL,גד פרוסות פרוסות גאודה בקר 200 גרם,גרמים,200.00,100 גרם,false,1,22.90,11.4500,true,1,192267
7290017088242,false,מגבונים בייבי בייסיק.,,,מגבונים בייבי בייסיק,לא מנהל יחידת מידה,0.00,לא מנהל יחידת מידה,false,1,5.90,0.0000,true,1,192962
7290017105895,false,גרגרי חומוס להכנת חומוס משובח יכין 560 ג,זנלכל,IL,גרגרי חומוס להכנת חומוס משובח,גרמים,550.00,100 גרם,false,1,9.90,1.8000,true,1,198861
7290017304885,true,לחם שיפון מלא 750 ג,מאפיית שלמה א. אנג'ל,IL,לחם שיפון מלא 750 גרם,גרמים,750.00,100 גרם,false,1,16.90,2.2533,true,1,193009
7290017334448,false,שמן קנולה מזוכך OLEO,א.ד.מ . אנטוורפן,BE,שמן קנולה מזוכך OLEO 1 ליטר,ליטרים,1.00,ליטר,false,1,12.90,12.9000,true,1,200240
7290017406794,false,אורז בסמטי קינג קראו,פונט סלאם וולנסיה,IN,"אורז בסמטי קינג קראוון 1 ק""ג",קילוגרמים,1.00,"ק""ג",false,1,12.90,12.9000,true,1,204422
7290017477596,false,תמר מג'הול פרימיום בקופסא ששון הקולה 400 גרם,"שקדיה גבע תעשיות בע""",IL,תמר מגהול ענק פרמיום 400ג שקדיה,גרמים,400.00,100 גרם,false,1,23.90,5.9750,true,1,203260
7290017487168,false,"עלי בייבי ""שדות בעמק""",חקלאי,IL,עלי בייבי שדות בעמק,יחידה,1.00,יחידה,false,1,13.90,13.9000,true,1,207442
7290017487380,false,"נשנושי סלרי ""שדות בעמק""",ביכורי שדה דרום,IL,נשנושי סלרי,יחידה,1.00,יחידה,false,1,7.90,7.9000,true,1,202983
7290017487403,false,"בזיליקום גדול ""שדות בעמק""",חקלאי,IL,בזיליקום שדות בעמק,גרמים,140.00,100 גרם,false,1,12.90,9.2143,true,1,198749
7290017487441,false,בצל ירוק בשקית יחידה,חקלאי,IL,בצל ירוק בשקית יחידה-שדות בעמק,גרמים,200.00,100 גרם,false,1,7.90,3.9500,true,1,198728
7290017487489,false,"תרד ניו זילנדי שדות בעמק""",חקלאי,IL,תרד ניו-זילנדי בנספק יחידה- שדות בעמק,גרמים,250.00,100 גרם,false,1,13.90,5.5600,true,1,198733
7290017487519,false,חסה ערבית בשקית שדות,חקלאי,IL,חסה ערבית בשקית יחידה-שדות בעמק,יחידה,1.00,יחידה,false,1,6.90,6.9000,true,1,198723
7290017487526,false,"עלי חסה רומית ""שדות בעמק""",חקלאי,IL,עלי חסה רומית בנספק יחידה - שדות בעמק,יחידה,1.00,יחידה,false,1,11.90,11.9000,true,1,198727
7290017487533,false,"שורש פטרוזיליה ""שדות בעמק""",ביכורי שדה דרום,IL,שורש פטרוזיליה,יחידה,1.00,יחידה,false,1,9.90,9.9000,true,1,201017
7290017487557,false,בזיליקום בנספק שדות,חקלאי,IL,בזיליקום פ/ס(40 גרם)-שדות בעמק,יחידה,1.00,יחידה,false,1,7.90,7.9000,true,1,198750
7290017487571,false,"לבבות קיסר ""שדות בעמק""",חקלאי,IL,לבבות קיסר בנספק חידה- שדות בעמק,גרמים,350.00,100 גרם,false,1,14.90,4.2571,true,1,198726
7290017487588,false,חסה לבבות בשקית שדות,חקלאי,IL,חסה לבבות בשקית יחידה-שדות בעמק,יחידה,1.00,יחידה,false,1,13.90,13.9000,true,1,198725
7290017487595,false,נענע בשקית שדות בעמק,חקלאי,IL,נענע בשקיתשדות בעמק,גרמים,100.00,100 גרם,false,1,5.90,5.9000,true,1,198735
7290017487601,false,פטרוזיליה בשקית שדות,חקלאי,IL,פטרוזיליה בשקית שדות בעמק,גרמים,100.00,100 גרם,false,1,5.90,5.9000,true,1,198736
7290017487618,false,כוסברה בשקית שדות בע,חקלאי,IL,כוסברה בשקית-שדות בעמק,גרמים,100.00,100 גרם,false,1,5.90,5.9000,true,1,198737
7290017487625,false,שמיר בשקית שדות בעמק,חקלאי,IL,שמיר בשקית-שדות בעמק,גרמים,100.00,100 גרם,false,1,5.90,5.9000,true,1,198738
7290017487687,false,מלפפון בייבי שדות בע,חקלאי,IL,מלפפון בייבי - שדות בעמק,גרמים,370.00,100 גרם,false,1,12.90,3.4865,true,1,198754
7290017487823,false,סלרי עלים בשקית שדות,חקלאי,IL,סלרי עלים בשקית יחידה-שדות בעמק,גרמים,350.00,100 גרם,false,1,7.90,2.2571,true,1,198720
7290017513775,false,פליפז בייגלה מצופה שוקולד חלב מקוויטיס 140 גרם,שוורצקוף& הנקל דיסלד,TR,"Flipz, חטיף בייגלה אפוי בציפוי שוקולד חלב, 140 גרם",גרמים,140.00,100 גרם,false,1,9.90,7.0714,true,1,196185
7290017513850,false,תה ירוק נענע 25 שקיקים בתוספת ויטמינים Cּּ+D,ויסוצקי ירוק,IL,ויסוצקי ירוק נענע עם ויטמינים,גרמים,38.00,100 גרם,false,1,26.90,70.7895,true,1,198986
7290017617008,false,טונה בשמן 140 גרם-שלישייה,. יצרן: טונה ויאטנם,VN,טונה סטרקיסט בשמן 3*140גרם,גרמים,420.00,100 גרם,false,1,19.90,4.7381,true,1,203132
7290017617459,false,רביעיית טונה בשמן צמחי 120 ג' סטארקיסט,dalmore distilleries,TH,רביעיית טונה סטארקיסט בשמן צמחי 480גרם,גרמים,480.00,100 גרם,false,1,22.90,4.7708,true,1,206798
7290017617466,false,רביעיית טונה במים 120 ג' סטארקיסט,dalmore distilleries,TH,רביעיית טונה סטארקיסט במים 480גרם,גרמים,480.00,100 גרם,false,1,22.90,4.7708,true,1,206799
7290017677811,false,"רוטב סויה קיקומן ללא חומרים משמרים 296 מ""ל",קיקומן פודז אינק,NL,"רוטב קיקומן סויה ללא תוספת חומרים משמרים 296 מ""ל",מיליליטרים,296.00,"100 מ""ל",false,1,18.90,6.3851,true,1,193254
7290017791142,false,קרקר כוסמין מלא - פת במלח,"מאפיית פת במלח בע""מ",IL,קרקר כוסמין מלא אורגינל 225 גרם,גרמים,225.00,100 גרם,false,1,23.90,10.6222,true,1,193231
7290017791203,false,קרקר כוסמין מלא - סלק - פת במלח,"מאפיית פת במלח בע""מ",IL,קרקר כוסמין מלא סלק 225 גרם,גרמים,225.00,100 גרם,false,1,23.90,10.6222,true,1,197958
7290017812571,false,מיץ ענבים תירוש אדום 100% טבעי כרמל 1 ליטר,יקבי כרמל Carmel Winery,IL,תירוש ליטר אדום 100% טבעי,ליטרים,1.00,ליטר,false,1,21.90,21.9000,true,1,196750
7290017871370,false,פמילי יהלום- סבון ידיים מועשר בשמן אבוקדו לניקוי וטיפוח עור הידיים,המאפיה של הרמן,TR,תחליב רחצה לידיים מועשר בשמן אבוקדו,מיליליטרים,500.00,"100 מ""ל",false,1,11.90,2.3800,true,1,197214
7290017872049,false,"פמלי אל סבון בניחוח לוונדר ארומטי- שלישייה 500 מ""ל",אברנסל קוסמטיקס,TR,"פמילי אלסבון שלישייה לבנדר ארומטי 500 מ""",מיליליטרים,500.00,"100 מ""ל",false,1,17.90,3.5800,true,1,197767
7290017872070,false,מארז מגבונים לחים בניחוח מרענן פרש וואנס שלישייה,"ווטנפס בע""\מn\",IL,פרש וואנס מגבונים נטורל קר שלישייה,יחידה,1.00,יחידה,false,1,9.90,9.9000,true,1,201917
7290017888729,false,שוופס סודה בקבוק 1 ל',"יפאורה תבורי בע""\מ",IL,שוופס סודה 1 ל' גיזוז חזק,ליטרים,1.00,ליטר,false,1,4.90,4.9000,true,1,197360
7290017918549,false,רוקט ארוז,ביכורי שדה דרום,IL,רוקט ארוז,יחידה,1.00,יחידה,false,1,7.90,7.9000,true,1,202475
7290017918570,false,פלפל טינקרבל יחידה,חקלאי,IL,פלפל טינקרבל יחידה,לא מנהל יחידת מידה,1.00,לא מנהל יחידת מידה,false,1,14.90,14.9000,true,1,198109
7290017918723,false,סלק מבושל בוואקום 500 גר',אראל תוצרת חקלאית בע,IL,סלק בוואקום,גרמים,600.00,100 גרם,false,1,7.90,1.3167,true,1,199587
7290017947105,false,לחם אנג'ל בסגנון אמריקה 500 גרם,מאפיית שלמה א. אנג'\ל בע,IL,לחם אנגל בסגנון אמריקה 500 גרם,גרמים,500.00,100 גרם,false,1,14.90,2.9800,true,1,196402
7290017947495,false,6 לחמניות כוסמין 450 גרם אנג'ל,מאפיית שלמה א.אנג'\ל,IL,אנג'ל לחמניות 100% כוסמין 450 גרם,גרמים,450.00,100 גרם,false,1,17.90,3.9778,true,1,199470
7290017947891,false,לחם אנג'ל כוסמין וחיטה מלאה 750 גרם,מאפיית שלמה א. אנג'\ל בע,IL,"אנג'ל כוסמין וחיטה מלאה במרקם חלק, 750 גרם",גרמים,750.00,100 גרם,false,1,16.90,2.2533,true,1,196401
7290017947921,false,לחמניות המבורגר בסגנון אמריקאי מארז 6 יח',מאפיית שלמה א. אנג'\ל בע,IL,אנג'ל לחמניות המבורגר בסגנון אמריקה 6 יח',גרמים,450.00,100 גרם,false,1,15.90,3.5333,true,1,196400
7290018071205,false,כפפות ניטרו V כחולות אלסטיות S ללא אבקה 100 יחידות,סייף טאצ,CN,כפפות נטרו V ללא אבקה S כחול 100 יח,יחידה,1.00,יחידה,false,1,29.90,29.9000,true,1,201844
7290018071212,false,כפפות ניטרו V כחולות אלסטיות M ללא אבקה 100 יחידות,סייף טאצ,CN,כפפות נטרו V ללא אבקה M כחול 100 יח,יחידה,1.00,יחידה,false,1,29.90,29.9000,true,1,201845
7290018071267,false,כפפות פלסטיק L שחורות אלסטיות 100 יחידות,איזי טאצ,CN,כפפות פלסטיק שחורות L ללא אבקה 100 יח,יחידה,1.00,יחידה,false,1,14.90,14.9000,true,1,200813
7290018131039,false,נסטלה מאגדת שוקו וניל עוגיות וולנס 60X6 גרם,גלידות נסטלה )נגה גלידות,IL,מאגדת שוקו וניל עוגיות וולנס 6*65ג,גרמים,65.00,100 גרם,false,1,32.90,50.6154,true,1,196413
7290018131053,false,נסטלה מאגדת קרחוני לימון אננס וולנס 70X10 גרם,גלידות נסטלה )נגה גלידות,IL,נסטלה מאגדת קרחוני לימון אננס וולנס 70*1,לא מנהל יחידת מידה,0.00,לא מנהל יחידת מידה,false,1,25.90,0.0000,true,1,196414
7290018131756,false,מאגדת שלגון וניל מצופה תות נסטלה 440 גרם,גלידות נסטלה )נגה גלידות,IL,מאגדת 1/8 שלגונים וניל מצופה תות 440 גרם,גרמים,440.00,100 גרם,false,8,32.90,7.4773,true,1,200628
7290018131855,false,אקסטרים טילון בראוניז בדצ מאגדת 6*72 גרם נסטלה,גלידות נסטלה )נגה גלידות,IL,מאג אקסטרים טילון בראוניז 432גרם,גרמים,432.00,100 גרם,false,1,39.50,9.1435,true,1,201170
7290018359495,false,תירס מהשדה בלי תוספת סוכר יכין 550 גרם,היינץ צפון אמריקה מק,IL,יכין תירס לייט מופחת קלוריות 550 גרם,גרמים,550.00,100 גרם,false,1,9.90,1.8000,true,1,199424
7290018359945,false,רוטב עגבניות פיקנטי מפלפלים וירקות יכין 400 גרם,זנלכל,IL,רוטב פיקנטי חאריפה יכין 400 גרם,גרמים,400.00,100 גרם,false,1,11.90,2.9750,true,1,206851
7290018400647,false,סמודיז בננה תמר סנפרוסט 300 גרם,"סנפרוסט בע""\מ",IL,סמוזי בננה תמר סנפרוסט300 גרם,גרמים,300.00,100 גרם,false,1,19.90,6.6333,true,1,201518
7290018440193,false,פליפז בייגלה בציפוי קרם בטעם חמאת בוטנים מקוויטיס 140 גרם,שוורצקוף& הנקל דיסלד,TR,פליפז בייגלה מצופה חמאת בוטנים 140 ג,גרמים,140.00,100 גרם,false,1,9.90,7.0714,true,1,200238
7290018440483,false,פליפז בייגלה מצופה בקרמל מלוח ושוקולד מקוויטיס 140 גרם,שוורצקוף& הנקל דיסלד,TR,פליפז בייגלה מצופה בקרמל מלוח ושוקולד 14,גרמים,140.00,100 גרם,false,1,9.90,7.0714,true,1,202533
7290018441626,false,גלידת פיינטים מנטה עוגיות 430 ג' בן וג'ירי,מוצרי איכות אמריקאיים בע,IL,גלידת שמנת בטעם מנטה עם עוגיות בטעם שוקולד 430 גרם,גרמים,430.00,100 גרם,false,1,23.90,5.5581,true,1,204107
7290018471944,false,שוופס מוגז פירות לימונייד 1.5 ליטר פיקדון,"יפאורה תבורי בע""\מ",IL,שוופס מוגז פירות לימונייד 1.5 ליטר,ליטרים,1.50,ליטר,false,1,10.90,7.2667,true,1,203737
7290018500361,false,"לחם שחור פרוס 900 גרם ""אנג'ל"" -מוצר בפיקוח",מאפיית שלמה א. אנג'\ל בע,IL,לחם אחיד פרוס אנגל 900 גרם,גרמים,900.00,100 גרם,false,1,9.49,1.0544,true,1,206771
7290018540329,false,שקית פיתה פיתה בלדי 800 ג' אנג'ל,מאפיית שלמה א. אנג'\ל בע,IL,פיתה פיתה אנגל בלדי 8 יח 880 גרם,גרמים,880.00,100 גרם,false,1,13.90,1.5795,true,1,200566
7290018540817,false,ארטיזנל לחם מחמצת כוסמין אנג'ל 500 גרם,מאפיית אורנים,IL,ארטיזנל לחם מחמצת כוסמין 500גרם,גרמים,500.00,100 גרם,false,1,19.90,3.9800,true,1,203615
7290018540831,false,ארטיזנל לחם מחמצת חיטה מלאה ודגנים אנג'ל 500 גרם,מאפיית אורנים,IL,ארטיזנל לחם מחמצת חיטה מלאה ודגנים500גרם,גרמים,500.00,100 גרם,false,1,19.90,3.9800,true,1,203617
7290018893807,true,שוקולד מריר1/3 צוקטה,אייברקקאו אס אי. יו,ES,צוקטה בטעם שוקולד מריר 60% 3 יח' 300 גרם,גרמים,300.00,100 גרם,false,1,16.90,5.6333,true,1,202954
7290018925065,false,מיץ פרימור תפוזים סחוט 2 ליטר-,"גניר (1992) בע""מ",IL,פרימור סחוט מיץ תפוזים 100% 2 ליטר,ליטרים,2.00,ליטר,false,1,27.90,13.9500,true,1,203937
7290018925072,false,משקה קל לימונים ונענע 2 ל פרימור,"גניר (1992) בע""מ",IL,פרימור משקה קל לימונים ונענע 2 ליטר,ליטרים,2.00,ליטר,false,1,27.90,13.9500,true,1,203739
7290018989081,false,יכין חומוס הבית להכנת חומוס טרי 410 גי,זנלכל,IL,חומוס הבית להכנת חומוס טרי יכין 410גרם,גרמים,410.00,100 גרם,false,1,7.90,1.9268,true,1,206800
7290019056119,false,שוופס סודה 1.5 ליטר פיקדון,"יפאורה תבורי בע""\מ",IL,שוופס סודה 1.5 ל',ליטרים,1.50,ליטר,false,1,5.20,3.4667,true,1,203757
7290019056294,false,שוופס ג'ינג'ר אייל 1.5 ליטר פיקדון,"יפאורה תבורי בע""\מ",IL,שוופס ג'ינג'ר אייל 1.5 ל',ליטרים,1.50,ליטר,false,1,12.90,8.6000,true,1,203769
7290019056331,false,שוופס טוניק ללא סוכר 1.5 ליטר פיקדון,מיוצר עי קונדיטוריית,IL,שוופס מי טוניק ללא סוכר 1.5 ליטר,ליטרים,1.50,ליטר,false,1,12.90,8.6000,true,1,203773
7290019056553,false,שישיית מים מינרלים עין גדי 2 ליטר,עין גדי מים מינרליים,IL,מים מינרליים עין גדי 2 ל' שישייה,ליטרים,12.00,ליטר,false,6,13.80,1.1500,true,1,203793
7290019056560,false,עין גדי 2 ליטר בק' בודד פיקדון,עין גדי מיים מינרלים,IL,מים עין גדי בקבוק 2 ליטר,ליטרים,2.00,ליטר,false,1,4.20,2.1000,true,1,203794
7290019056959,false,מי עדן 1.5 ליטר בק' בודד פיקדון,"מופק ממקור בזלתי עדן ,1",IL,מי עדן בקבוק 1.5 ליטר,ליטרים,1.50,ליטר,false,1,4.90,3.2667,true,1,203807
7290019056973,false,שישיית מי עדן 1.5 ליטר משפחתי,"מופק ממקור בזלתי עדן ,1",IL,מי עדן שישייה בקבוק 1.5 ליטר,ליטרים,9.00,ליטר,false,6,14.90,1.6556,true,1,203808
7290019196204,false,רביעיית טונה הספן בש,תעשיות פילטונה,IL,רביעיית טונה הספן בשמן קנולה 540גרם,גרמים,540.00,100 גרם,false,4,21.90,4.0556,true,1,205046
7290019297239,false,צימוק חום 250 גרם ששון הקולה,"דין שיווק וקלייה בע""",,צימוק כהה 330 גרם,גרמים,330.00,100 גרם,false,1,14.90,4.5152,true,1,207384
7290019297628,false,שקד טבעי בשקית ששון הקולה 150 גרם,"דין שיווק וקלייה בע""",IL,שקד טבעי 150 גרם,גרמים,150.00,100 גרם,false,1,18.90,12.6000,true,1,202857
7290067642005,false,גולדסטאר 10% בירה לאגר חזקה מאוד,טמפו,IL,גולדסטאר 10% בירה לאגר חזקה מאוד,מיליליטרים,330.00,"100 מ""ל",false,1,9.90,3.0000,true,1,171188
7290100240656,false,"פתית שיפון בד""צ חדש 300X24 גר'",יוניליוור ישראל מזון בע\,IL,פתית שיפון קרקר פריך משיפון ללא תוספת מלח וסוכר,גרמים,300.00,100 גרם,false,1,20.90,6.9667,true,1,146492
7290100243671,false,"מרכך כביסה מרוכז אקסטרה כחול בדין 960 מ""ל",יוניליוור סנאיי וי טיקאר,TR,בדין מרכך כביסה מרוכז בדין אקסטרה כחול 960 מל,מיליליטרים,960.00,"100 מ""ל",false,1,22.90,2.3854,true,1,144207
7290100245231,false,נמס בכוס מרק בטעם עוף עם אטריות ושקדי מרק-2 שקיות,יוניליוור ישראל מזון בע\,IL,קנור נמס בכוס טעם עוף עם שקדי מרק ואטריות 50 גרם,גרמים,50.00,100 גרם,false,1,8.50,17.0000,true,1,145507
7290100249086,false,"קליק נוגט לבן כשל""פ35גרם","יונליוור ישראל מזון בע""\",IL,קליק חטיף נוגט מצופה שוקולד לבן כשר לפסח 35 גרם,גרמים,35.00,100 גרם,false,1,5.90,16.8571,true,1,150764
7290100412343,true,קוויק לניקוי כללי -,האי נאם סי או אל.טי.,IL,מטליות לחות,לא מנהל יחידת מידה,0.00,לא מנהל יחידת מידה,false,1,10.50,0.0000,true,1,169062
7290100658338,false,"נוזל לניקוי כלים אוקסי פלוס פלמוליב 750 מ""ל",הנסיך- מפעל לייצור ט,GR,פלמוליב נוזל לניקוי כלים אוקסי פלוס(כחול) 750 מל,מיליליטרים,750.00,"100 מ""ל",false,1,12.90,1.7200,true,1,140146
7290100680650,false,מנה חמה נודלס-אטריות ירקות טעם תאילנדי אסם 76 ג',PUB FOODS PRESIDENT THAI,TH,מנה חמה נודל.+ירקות תאילנדי6 6*76גרם,גרמים,76.00,100 גרם,false,1,7.90,10.3947,true,1,139698
7290100687109,false,במבה במילוי קרם נוגט 60ג' אסם,"אסם השקעות בע""\מ",IL,במבה במילוי נוגט 60 גרם,גרמים,60.00,100 גרם,false,1,4.90,8.1667,true,1,143077
7290100700372,false,"סוגת אורז בסמטי מלא 1 ק""ג",האי נאם סי או אל.טי.,IL,אורז בסמטי מלא 1 קג,קילוגרמים,1.00,"ק""ג",false,1,16.90,16.9000,true,1,144564
7290100700396,false,"סוגת אורז יסמין קלאסי 1 ק""ג",האי נאם סי או אל.טי.,IL,אורז יסמין קלאסי,קילוגרמים,1.00,"ק""ג",false,1,14.90,14.9000,true,1,151645
7290100850916,false,דוריטוס חמוץ חריף מעודן 70 גרם כשר לפסח,"שטראוס פריטו ליי בע""\מ )",IL,דוריטוס חמוץ חריף 70 גר 48 יח,גרמים,70.00,100 גרם,false,1,5.50,7.8571,true,1,139368
7290100850923,false,דוריטוס בטעם גריל 70 גרם,"שטראוס פריטו ליי בע""\מ )",IL,דוריטוס גריל 70 גר 48 יח,גרמים,70.00,100 גרם,false,1,5.50,7.8571,true,1,139369
7290100850930,false,דוריטוס בטעם טבעי 70 גרם,"שטראוס פריטו ליי בע""\מ )",IL,דוריטוס טבעי 70 גר 48 יח,גרמים,70.00,100 גרם,false,1,5.50,7.8571,true,1,139370
7290101488316,false,ליידי ספיד סטיק - דאודורנט סטיק לאישה ללא סימן ורוד סטיק 65 גרם,ליידי ספיד סטיק Lady Speed Stick,US,דאודורנט ליידי ספיד סטיק ללא סימן שאוור פרש 65 גרם,מיליליטרים,65.00,"100 מ""ל",false,1,19.90,30.6154,true,1,143203
7290101551027,false,קפסולות קפה אספרסו חזק במיוחד 14 עלית 10 יח',הנסיך- מפעל לייצור ט,IL,קפסולות 14 למכונות נספרסו,גרמים,50.00,100 גרם,false,1,18.90,37.8000,true,1,191731
7290101551300,false,סילאן טבעי ללא תוספת סוכר בקבוק לחיץ,מכוורת יד מרדכי שטראוס ב,IL,סילאן טבעי לחיץ 380 גרם,גרמים,380.00,100 גרם,false,1,18.90,4.9737,true,1,191292
7290101551539,true,דנונה פרו 20 גרם בטע,"שטראוס בריאות בע""מ",IL,דנונה פרו 20 גר אפרסק 0% שומן,גרמים,200.00,100 גרם,false,1,6.50,3.2500,true,1,190363
7290101863410,false,"סיליט באנג ספריי ניקוי עוצמתי מכיל אקונומיקה 750 מ""ל",סיליט באנג Cillit Bang,PL,"ספריי מכיל אקונומיקה סיליט באנג 750 מ""ל",מיליליטרים,750.00,"100 מ""ל",false,1,16.90,2.2533,true,1,144320
7290101864127,false,"ספריי להסרת כתמים 750 מ""ל וניש קליה",קליה וניש Kalia Vanish,IL,"ספריי מסיר כתמים וניש קליה 750 מ""ל",מיליליטרים,750.00,"100 מ""ל",false,1,19.90,2.6533,true,1,145202
7290101865261,false,"פיניש נוזל הברקה למדיח 800 מ""ל",רקיט בנקיזר,PL,"נוזל הברקה למדיח פיניש 800 מ""ל",מיליליטרים,800.00,"100 מ""ל",false,1,22.90,2.8625,true,1,153710
7290101999553,false,נרות גמבו כוכבים דו,סודי,,נרות גמבו כוכבים דורה,יחידה,1.00,יחידה,false,1,6.80,6.8000,true,1,164662
7290101999614,false,"נרות ג""מבו כוכבים פו",סודי,,"נרות ג""מבו כוכבים פו הדב",מיליליטרים,0.00,"100 מ""ל",false,1,6.80,0.0000,true,1,164665
7290102030330,false,תפוצ'יפס קראנצ' בטעם מקסיקני 200 גרם,"שטראוס פריטו ליי בע""\מ )",IL,תפו קראנצ מקסיקני 200 גר 12 יח - שמיטה,גרמים,200.00,100 גרם,false,1,11.90,5.9500,true,1,142052
7290102300822,false,גבינה צ'דר אנגלית כתומה 200 גרם,דאולי צ'יסמייקרס,GB,גבינת צדר אנגלית כתומה 200 גרם נני,גרמים,200.00,100 גרם,false,1,27.90,13.9500,true,1,150827
7290102390427,false,יוגורט ביו עם קציפת תות 3% שומן 150 ג' מולר,מולר Muller,IL,יוגורט מולר פרופ תות 150 גרם,גרמים,150.00,100 גרם,false,1,5.50,3.6667,true,1,142819
7290102390465,false,יוגורט ביו עם קציפת אפרסק ופסיפלורה 3% שומן 150 ג' מולר,מולר Muller,IL,יוגורט מולר פרופ אפרסק פסיפלורה 150 גרם,גרמים,150.00,100 גרם,false,1,5.50,3.6667,true,1,142820
7290102390489,false,יוגורט ביו עם קציפת לימון 3% שומן 150 ג' מולר,מולר Muller,IL,יוגורט מולר פרופ לימון 150 גרם,גרמים,150.00,100 גרם,false,1,5.50,3.6667,true,1,142821
7290102391844,false,יוגורט ביו עם קציפת פירות יער3% שומן 150 ג' מולר,מולר Muller,IL,יוגורט מולר פרופ פירות יער 150 גרם,גרמים,150.00,100 גרם,false,1,5.50,3.6667,true,1,143782
7290102392094,false,חלב עיזים 3.7% בקרטון משק צוריאל 1 ליטר,מילקו תעשיות בעמ,IL,חלב עיזים בקרטון 1 ליטר,ליטרים,1.00,ליטר,false,1,17.50,17.5000,true,1,144405
7290102392728,false,יוגורט ביו ביאנקו 2.8% מולר 200 גרם,"טרה, פארק תעשיות בע""",IL,"מולייר, יוגורט bio 2.8% שומן",גרמים,200.00,100 גרם,false,1,4.10,2.0500,true,1,145635
7290102393060,false,"יוגורט ביו קרמי מיקס גלילי ופל ואגוזים 5.9% מולר 170 מ""ל",קריות זול,IL,Muller mix גליליות קרם אגוזים,גרמים,170.00,100 גרם,false,1,5.90,3.4706,true,1,146423
7290102393848,false,יוגורט עיזים 2.4% עם תות משק צוריאל 150 גרם,מחלבת משק צוריאל,IL,יוגורט עיזים עם תות,גרמים,150.00,100 גרם,false,1,7.20,4.8000,true,1,148892
7290102393855,false,יוגורט עיזים 2.5% עם אפרסק משק צוריאל 150 גרם,מחלבת משק צוריאל,IL,יוגורט עיזים אפרסק 150 גרם צוריאל,גרמים,150.00,100 גרם,false,1,7.20,4.8000,true,1,148893
7290102394821,false,נעם גבינה צהובה פרוסה 28% טרה 200 גרם,מילקו תעשיות בעמ,IL,גבנצ 28% דק דק 200 ג',גרמים,200.00,100 גרם,false,1,16.90,8.4500,true,1,150859
7290102394845,false,נעם גבינה צהובה לייט פרוסה דק דק 9% טרה 200 גרם,מילקו תעשיות בעמ,IL,גבנצ 9% דק דק 200 ג',גרמים,200.00,100 גרם,false,1,17.90,8.9500,true,1,150860
7290102396665,false,נעם גבינה צהובה דק דק 15% טרה 200 גרם,מילקו תעשיות בעמ,IL,גבנצ 15% דק דק 200 ג',גרמים,200.00,100 גרם,false,1,16.90,8.4500,true,1,164964
7290102396719,false,יוגורט סימפלי תות 0% מולר 150 גרם,מולר Muller,IL,יוגורט BIO עם חתיכת פרי,גרמים,150.00,100 גרם,false,1,5.70,3.8000,true,1,160442
7290102397464,false,יוגורט ביו בתוספת גרעינים אגוזים וחמוציות 170 ג' מולר,מולר Muller,IL,מולר ביאנקו פלוס + פקאן וגרעינים,גרמים,168.00,100 גרם,false,1,5.90,3.5119,true,1,171138
7290102397600,false,מיקס יוגורט בתוספת שקדים ובוטנים מקורמלים 170 ג' מולר,מילקו תעשייה בעמ,IL,Muller mix שקדים ובוטנים בקרמל,גרמים,168.00,100 גרם,false,1,5.90,3.5119,true,1,167910
7290102397747,false,פרוסות גבינת מוצרלה נעם מחלב בקר 22%,טרה,IL,"מוצרלה נעם 22% שומן, 200 גרם",גרמים,200.00,100 גרם,false,1,19.50,9.7500,true,1,173302
7290102398294,false,יוגורט פרופ מנגו 150 גרם,Unknown,IL,מנגו 0.9% 150 גרם Muller Froop,גרמים,150.00,100 גרם,false,1,5.50,3.6667,true,1,173269
7290102399635,false,"מולר פרופ יוגורט ביו עם קציפת קוקוס ואננס 150 מ""ל",מולר Muller,IL,מולר פרופ TROPICAL קוקוס ואננס 3.9% שומן,גרמים,150.00,100 גרם,false,1,5.50,3.6667,true,1,197233
7290102399796,false,מעדן יוגורט לבן מועשר בחלבון 200 ג' מולר אקטיב,מולר Muller,IL,Muller Active יוגורט BIO מועשר חלבון,גרמים,200.00,100 גרם,false,1,6.50,3.2500,true,1,197229
7290102399819,false,יוגורט עם פירות יער מולר אקטיב מועשר בחלבון 200 גר',מולר Muller,IL,Muller Active יוגורט פירות יער מועשר חלבון 20 גרם,גרמים,200.00,100 גרם,false,1,6.50,3.2500,true,1,197231
7290103404758,false,סלט כרוב אדום במיונז אחלה 120 גרם,מיוצר עי קונדיטוריית,IL,כרוב 120,גרמים,120.00,100 גרם,false,1,5.90,4.9167,true,1,144546
7290103681241,false,"יין הר מוסקטו מיתוג תנשמת 750 מ""ל",יקב תבור,IL,"תבור הר מוסקטו 750 מ""ל",מיליליטרים,750.00,"100 מ""ל",false,1,38.90,5.1867,true,1,192882
7290103702304,false,טאצ אשפתון עבה במיוחד 35 יחידות,"שניב תעשיות נייר בע""",,שקיות אשפה עבות במיוחד טאצ 77*90,Unknown,0.00,Unknown,false,1,17.90,0.0000,true,1,163541
7290104061431,false,סלט חומוס עם צנובר אחלה 400 גרם,"שטראוס גרופ בע""\מ",IL,סלט חומוס וצנובר 400 גרם,גרמים,400.00,100 גרם,false,1,11.90,2.9750,true,1,145616
7290104067679,false,סלט טחינה אחלה 400גר,מיוצר עי קונדיטוריית,IL,טחינה 400,גרמים,400.00,100 גרם,false,1,12.90,3.2250,true,1,165180
7290104501661,false,אינסטנט פודינג בטעם וניל צרפתי אסם 80 גרם,מיוצר עי קונדיטוריית,IL,אסם פודינג בטעם וניל צרפתי 12*80גרם,גרמים,80.00,100 גרם,false,1,6.50,8.1250,true,1,147866
7290104508943,false,במבה חטיף בוטנים אסם 200 גרם,"אסם השקעות בע""\מ",IL,במבה קלאסי 18*200 גרם,גרמים,200.00,100 גרם,false,1,11.90,5.9500,true,1,150184
7290104728310,false,"שמנת מתוקה עמידה 38% שומן ""יטבתה"" -מוצר בפיקוח",שטראוס גרופ,IL,שמנת להקצפה 38% מהדרין,מיליליטרים,250.00,"100 מ""ל",false,1,6.47,2.5880,true,1,149041
7290105360250,false,קפסולות 09 עשיר וארומטי למכונת נספרסו עלית 10יח',הנסיך- מפעל לייצור ט,IL,קפסולות 09 למכונות NESPRESSO,גרמים,50.00,100 גרם,false,1,18.90,37.8000,true,1,153762
7290105360328,false,קפסולות אספרסו חזק למכונות נספרסו 10 יח',הנסיך- מפעל לייצור ט,IL,קפסולות 10 למכונות נספרסו,גרמים,50.00,100 גרם,false,1,18.90,37.8000,true,1,153720
7290105360335,false,קפסולות אספרסו למכונות נספרסו 50 גר,הנסיך- מפעל לייצור ט,IL,קפסולות 07 למכונות NESPRESSO,גרמים,50.00,100 גרם,false,1,18.90,37.8000,true,1,153721
7290105362339,false,"שמנת לבישול 15% 250 מ""ל יטבתה מהדרין",שטראוס גרופ,IL,שמנת לבישול 15% מהדרין- ח,מיליליטרים,250.00,"100 מ""ל",false,1,8.60,3.4400,true,1,151397
7290105364289,false,מקלות כיף כף פצפוצים עלית 40 גרם,שולן צ'\יקולטה גידה סאן.,TR,כיף כף מקלות פצפוצים,גרמים,40.00,100 גרם,false,1,5.20,13.0000,true,1,152858
7290105364302,false,"עלית חטיף שוקולד כיף כף מקלות אגוזים, 40 גרם",שולן צ'\יקולטה גידה סאן.,TR,כיף כף מקלות אגוזים,גרמים,40.00,100 גרם,false,1,5.20,13.0000,true,1,152859
7290105369130,false,סימפוניה גבינת שמנת בצל ירוק 5% שטראוס 200 גרם,"שטראוס בריאות בע""\מ",IL,סימפוניה בצל ירוק 2022,גרמים,200.00,100 גרם,false,1,12.90,6.4500,true,1,153449
7290105431868,false,"פלמוליב ספא קוקוס גרגרים נוזלי 500 מ""ל",הנסיך- מפעל לייצור ט,TR,500 מל סבון נוזלי פלמוליב חלב קוקוס,מיליליטרים,500.00,"100 מ""ל",false,1,17.90,3.5800,true,1,156556
7290105691224,false,אסם חטיפי פריכונים טורטייה שום בצל 60 גרם,"פרח תעשיות מזון בע""מ.",IL,אסם חטיפי פריכונים טורטיה שום בצל 12*60ג,גרמים,60.00,100 גרם,false,1,8.50,14.1667,true,1,150390
7290105691248,false,אסם חטיפי פריכונים טורטייה תירס 60 גרם,"פרח תעשיות מזון בע""מ.",IL,אסם חטיפי פריכונים טורטיה תירס 12*60גרם,גרמים,60.00,100 גרם,false,1,8.50,14.1667,true,1,150391
7290105693952,false,פירורית זהב אסם זהב שומשום 200 ג',מיוצר עי קונדיטוריית,IL,אסם פירורית זהב שומשום 12*200גרם,גרמים,200.00,100 גרם,false,1,6.90,3.4500,true,1,151401
7290105695024,false,פתיתים אפויים אורז עם אטריות אסם 500 גרם,"אסם השקעות בע""\מ",IL,אסם פתיתים אפויים אורז עם אטריות 12*500ג,גרמים,500.00,100 גרם,false,1,7.90,1.5800,true,1,152919
7290105962997,false,חצילים אחלה במיונז 400 גר',"שטראוס גרופ בע""מ",IL,חציל במיונז 400 גרם,גרמים,400.00,100 גרם,false,1,12.90,3.2250,true,1,165178
7290105963000,false,סלט מטבוחה 400 ג' אחלה,מיוצר עי קונדיטוריית,IL,מטבוחה 400,גרמים,400.00,100 גרם,false,1,12.90,3.2250,true,1,162358
7290105968777,false,פריכיות 5 דגנים עם תחתית שוקולד מריר 70 גרם,"טחנת האבן תעשיות בע""",IL,פריכיות אנרגי תחתית ש.מריר OS,גרמים,70.00,100 גרם,false,1,8.50,12.1429,true,1,206073
7290106524439,false,"תפוצ'יפס פופס 60 גרם ""עלית""","שטראוס פריטו ליי בע""\מ )",IL,תפו פופס 60 גר 40 יח,גרמים,60.00,100 גרם,false,1,5.50,9.1667,true,1,173132
7290106526822,false,פריכיות אורז חום מלא תחתית שוקולד חלב 80 גרם,"טחנת האבן תעשיות בע""",IL,פריכיות אנרגי תחתית שוקולד 80 גרם,גרמים,80.00,100 גרם,false,1,8.50,10.6250,true,1,206081
7290106528567,false,"דוריטוס גריל 185 גרם ""עלית""","שטראוס פריטו ליי בע""\מ )",IL,דוריטוס גריל 185 גר 12 יח,גרמים,185.00,100 גרם,false,1,8.90,4.8108,true,1,167109
7290106528628,false,"דוריטוס טבעי 185 גרם ""עלית""","שטראוס פריטו ליי בע""\מ )",IL,דוריטוס DIPPAS טבעי 185 גר 12 יח,גרמים,185.00,100 גרם,false,1,8.90,4.8108,true,1,167110
7290106571037,false,"מאגדת גומיגם 5יח כשל""פ",גלידות נסטלה )נגה גלידות,IL,מאגדת גומיגם 5 יח',גרמים,450.00,100 גרם,false,1,33.00,7.3333,true,1,153529
7290106573628,false,צבר חומוס עם טחינה 400 גרם,סלטי צבר,IL,צבר חומוס עם טחינה 12*400גרם,גרמים,400.00,100 גרם,false,1,12.90,3.2250,true,1,154618
7290106574953,false,בייגלה שטוחים כעכים שטוחים עם שומשום,מיוצר עי קונדיטוריית,IL,אסם בייגלה שטוחים שומשום 9*300גרם,גרמים,300.00,100 גרם,false,1,11.90,3.9667,true,1,155405
7290106576513,false,סלט חומוס צבר 400 גר,סלטי צבר,IL,צבר חומוס 12*400גרם,גרמים,400.00,100 גרם,false,1,11.90,2.9750,true,1,156123
7290106576537,false,חומוס מסעדות צבר 700 גרם,סלטי צבר,IL,צבר חומוס מסעדה 6*700גרם,גרמים,700.00,100 גרם,false,1,13.90,1.9857,true,1,156170
7290106577282,false,טחינה אמיתית מרובע 400 ג' צבר,סלטי צבר,IL,צבר טחינה מרובע 6*400גרם,גרמים,400.00,100 גרם,false,1,14.90,3.7250,true,1,156285
7290106577541,false,צבר כרוב אדום מרובע 400גרם,סלטי צבר,IL,צבר כרוב אדום מרובע 6*400גרם,גרמים,400.00,100 גרם,false,1,14.90,3.7250,true,1,156290
7290106653504,false,סבבה בוטנים אמריקאים ברביקיו 50 גרם,"שטראוס פריטו ליי בע""",IL,בוטנים אמריקאים סבבה בטעם ברביקיו 50 גרם,גרמים,50.00,100 גרם,false,1,2.90,5.8000,true,1,156449
7290106660649,false,חטיף ציטוס קראנץ בוט,"שטראוס פריטו ליי בע""\מ )",IL,ציטוס בוטנים 80 גר 48 יח,גרמים,80.00,100 גרם,false,1,5.50,6.8750,true,1,159561
7290106662025,false,תפוציפס טבעי מלח ופלפל 50 גרם,"שטראוס פריטו ליי בע""",IL,תפו מלח פלפל 50 גר 48 יח - שמיטה,גרמים,50.00,100 גרם,false,1,5.50,11.0000,true,1,170998
7290106663121,false,"עוגה אישית במילוי קרם חלב ""מילקי קייק"" שטראוס",בובארד איטליה אס.פי.איי,IT,עוגת מילקי CAKE אישית 34 גרם,גרמים,34.00,100 גרם,false,1,3.90,11.4706,true,1,163946
7290106663503,false,קונפיטורה לייט תות יד מרדכי 230 גרם,אף.סי תבליני בגליל ב,IL,קונפיטורת תות שדה לייט,גרמים,230.00,100 גרם,false,1,15.90,6.9130,true,1,160284
7290106667266,false,"דוריטוס חמוץ חריף 185 גרם ""עלית""","שטראוס פריטו ליי בע""\מ )",IL,דוריטוס חמוץ חריף 185 גר 12 יח,גרמים,185.00,100 גרם,false,1,8.90,4.8108,true,1,167107
7290106668577,false,"מיץ לימון טיבעי 250 מ""ל יד מרדכי",האי נאם סי או אל.טי.,IT,"מיץ לימון טבעי 250 מ""ל",מיליליטרים,250.00,"100 מ""ל",false,1,9.90,3.9600,true,1,163738
7290106720626,false,צ'יטוס קראנצ' בטעם גבינה - חלבי,"שטראוס פריטו ליי בע""\מ )",IL,ציטוס גבינה 80 גר 48 יח רבנות,גרמים,80.00,100 גרם,false,1,5.50,6.8750,true,1,171363
7290106725867,false,"סירופ מייפל טבעי 189 מ""ל ""יד מרדכי""",קוסלסי פוד,CA,"סירופ מייפל טבעי 189 מ""ל",מיליליטרים,189.00,"100 מ""ל",false,1,37.90,20.0529,true,1,165710
7290107280723,false,נוזל לניקוי כלים סנו ספארק Spark בניחוח לימון רענן,סנו כימיקלים,IL,סנו ספארק נוזל לניקוי כלים בניחוח לימון רענן,מיליליטרים,700.00,"100 מ""ל",false,1,10.90,1.5571,true,1,161059
7290107280761,false,נוזל לניקוי כלים בניחוח לימון רענן סנו ספארק Spark,מיוצר עי קונדיטוריית,IL,ספארק משאבה לימון 1ל,ליטרים,1.00,ליטר,false,1,12.90,12.9000,true,1,161144
7290107647816,false,"דגני ברנפלקס ללא תוספת סוכר 500 גרם בד""צ",יוניליוור ישראל מזון בעמ,IL,ברנפלקס ללא תוספת סוכר 500 גרם,גרמים,500.00,100 גרם,false,1,25.90,5.1800,true,1,172535
7290107647854,false,"שוגי מופחת סוכר תלמה 500 ג' בד""צ",יוניליוור ישראל מזון בעמ,IL,דגני בוקר שוגי בדצ 500 גרם,גרמים,500.00,100 גרם,false,1,23.90,4.7800,true,1,172533
7290107871990,false,"פסטה צינורות 500 גרם ""אסם""",פסטה זארה,IT,אסם פסטה צינורות איטלקי 12*500גרם,גרמים,500.00,100 גרם,false,1,6.90,1.3800,true,1,159827
7290107874441,false,פריכונים מיני בצל מקורמל 25 גרם אסם,"פרח תעשיות מזון בע""מ.",IL,אסם פריכונים מיני בצל מקורמל 16*23גרם,גרמים,25.00,100 גרם,false,1,4.90,19.6000,true,1,161147
7290107875820,false,קרוטונים אפויים בתיבול ביתי אוסם 180 ג',עינת תעשיות מזון,IL,אסם קרוטונים אפויים בתיבול ביתי 12*180ג,גרמים,180.00,100 גרם,false,1,13.90,7.7222,true,1,162160
7290107879132,false,פריכיות פיטנס מיני פריכיות שוקולד חלב 22 ג',כרמית,IL,פיטנס מיני פריכיות שוקולד חלב 40*22גרם,גרמים,22.00,100 גרם,false,1,5.90,26.8182,true,1,169715
7290107932080,false,חלב מועשר יוטבתה בבקבוק 3% 1 ליטר,מחלבת יטבתה,IL,חלב בבקבוק 3% מועשר- מהדרין,ליטרים,1.00,ליטר,false,1,8.50,8.5000,true,1,165641
7290107932134,false,חלב מועשר יוטבתה בבקבוק 1% 1 ליטר,מחלבת יטבתה,IL,חלב בבקבוק 1% מועשר- מהדרין,ליטרים,1.00,ליטר,false,1,8.50,8.5000,true,1,165642
7290107933315,false,חלב דל לקטוז בקבוק2% 1ל,מחלבת יטבתה,IL,חלב בבקבוק דל לקטוז 2%- מהדרין,ליטרים,1.00,ליטר,false,1,8.50,8.5000,true,1,165644
7290107936309,false,דנונה יוגורט 7% יווני לבן 130 ג',"שטראוס בריאות בע""מ",IL,דנונה יוגורט יווני לבן,גרמים,130.00,100 גרם,false,1,3.90,3.0000,true,1,169523
7290107936958,false,עד חצות ביסקוויט אצבעות שוקולד 125 גרם,ביסקוויטס טור ד'\אלבון,FR,עד חצות אצבעות,גרמים,125.00,100 גרם,false,1,14.90,11.9200,true,1,172814
7290107937641,false,צנצנת מסטיק בזוקה קוביות ללא סוכר,אסקום קונפקשיין,DE,צנצנת קוביות בזוקה 58 גרם,גרמים,58.00,100 גרם,false,1,11.50,19.8276,true,1,169450
7290107937856,false,קפסולות 11חזק למכונות נספרסו עלית 10יח',הנסיך- מפעל לייצור ט,IL,קפסולות 11 למכונות נספרסו,גרמים,50.00,100 גרם,false,1,18.90,37.8000,true,1,169410
7290107938396,false,שמיניית אקטימל תות דיסני בנים 108 גרם,מיוצר עי קונדיטוריית,IL,אקטימל שמיניה תות,מיליליטרים,864.00,"100 מ""ל",false,1,22.70,2.6273,true,1,167905
7290107944472,false,סימפוניה גבינה במרקם שמנת 5% שום שמיר,"שטראוס בריאות בע""\מ",IL,סימפוניה שום שמיר 5%,גרמים,200.00,100 גרם,false,1,12.90,6.4500,true,1,169844
7290107973014,false,"סבון ידיים משאבה פלמוליב חלב ודבש 300 מ""ל",הנסיך- מפעל לייצור ט,TR,פלמוליב סבון ידיים חלב ודבש 300 מל,מיליליטרים,300.00,"100 מ""ל",false,1,11.90,3.9667,true,1,172140
7290107974066,false,"עלי טורטיה קמח מלא 20ס""מ 8יח' מאסטר שף 320ג'",אלקאטי קורביישיסי גי,ES,עלי טורטיה קמח מלא 320 גרם,גרמים,320.00,100 גרם,false,1,11.90,3.7188,true,1,167605
7290107974073,false,מנה עלי טורטיה קמח לבן מ.שף 20 סמ 320 גר,אלקאטי קורביישיסי גי,ES,מאסטר שף עלי טורטיה קמח לבן 320 גר,גרמים,320.00,100 גרם,false,1,11.90,3.7188,true,1,167603
7290108350210,false,סנו סושי 30 שקיות אשפה XL חזקות במיוחד,מיוצר עי קונדיטוריית,IL,חזקות לאשפה XL 30 שקיות,לא מנהל יחידת מידה,0.00,לא מנהל יחידת מידה,false,1,27.90,0.0000,true,1,166022
7290108350531,false,סנו ספארק נוזל כלים בניחוח קלאסי עם משאבה 1 ל',מיוצר עי קונדיטוריית,IL,ספארק משאבה קלאסי 1ל,ליטרים,1.00,ליטר,false,1,12.90,12.9000,true,1,164730
7290108350548,false,סנו ספארק נוזל כלים בניחוח לבנדר עם משאבה 1 ל',מיוצר עי קונדיטוריית,IL,סנו נוזל לניקוי כלים בניחוח לבנדר עדין 1 ליטר,ליטרים,1.00,ליטר,false,1,12.90,12.9000,true,1,164731
7290108350623,false,מרכך כביסה סופר מרוכז סופט סילק מקסימה 1 ל' סנו,"סנו מפעלי ברונוס בע""\מ",IL,מרכך מרוכז סופט סילק 1ליטר,ליטרים,1.00,ליטר,false,1,18.90,18.9000,true,1,167969
7290108351552,false,"סנו - ג'ט לניקוי כללי בתוספת חומץ בניחוח לבנדר 750 מ""ל","סנו מפעלי ברונוס בע""\מ",IL,"סנו ג'ט+ לניקוי כללי בתוספת חומץ מרסס 750 מ""ל",מיליליטרים,750.00,"100 מ""ל",false,1,16.90,2.2533,true,1,173176
7290108352450,false,ריצפז פרש הום בניחוח מרכך כביסה בלו בלוסום,סנו מפעלי ברונוס בעמ,IL,ריצפז פרש הום בניחוח מרכך כביסה 2 ליטר,ליטרים,2.00,ליטר,false,1,22.90,11.4500,true,1,200171
7290108352801,false,"שקיות אשפה לפחים קטנים 45 * 56 ס""מ סנו סושי 100 יחידות","סנו מפעלי ברונוס בע""מ",IL,שקיות אשפה לפחים קטנים,לא מנהל יחידת מידה,0.00,לא מנהל יחידת מידה,false,1,22.90,0.0000,true,1,188694
7290108353075,true,מפיות אירוח איכותיות,האנק טישו,PL,מפיות אירוח איכותיות 40*40,יחידה,1.00,יחידה,false,1,11.90,11.9000,true,1,192757
7290108353556,false,נייר טואלט סנו סופט שלוש שכבות 32 גלילים,טרופיקל דגיל תעשיות,IL,נייר טואלט סנו סופט 3שכבות 32גלילים,יחידה,1.00,יחידה,false,1,39.90,39.9000,true,1,197750
7290108353778,false,"נקה 7 - תחליב רחצה שוודיה בניחוח פיטנגו 750 מ""ל","אמיליה קוסמטיקס בע""מ",IL,נקה 7 תחליב רחצה שוודיה בניחוח פיטנגו 750 מל,מיליליטרים,750.00,"100 מ""ל",false,1,13.90,1.8533,true,1,198767
7290108353792,false,"נקה 7 - תחליב רחצה יפן בניחוח פריחת הדובדבן 750 מ""ל","אמיליה קוסמטיקס בע""מ",IL,נקה 7 תחליב רחצה יפן פריחת הדובדבן 750 מ,מיליליטרים,750.00,"100 מ""ל",false,1,13.90,1.8533,true,1,198766
7290108356113,false,"כיף תחליב רחצה דבש 700 מ""ל-מרכז",קוסמופארם בעמ,IL,"כיף תחליב רחצה חלב ודבש, 700 מל",מיליליטרים,700.00,"100 מ""ל",false,1,12.90,1.8429,true,1,190930
7290108501360,true,גבינת צדר בשלה 200 ג,וויקה פארמס אל.טי.די,GB,גבינת צדר בשלה 200 גרם MATURED ORANGE,גרמים,200.00,100 גרם,false,1,24.90,12.4500,true,1,174019
7290108502985,false,תפוחונים וילי פוד תפוחי עץ מיובשים 22 גר,הביי דונגפנג פוד קו. בעמ,CN,חטיף תפוחונים טבעי 22 גרם,גרמים,22.00,100 גרם,false,1,5.90,26.8182,true,1,191034
7290108504293,false,מנצ'גו צ'אנק ויליפוד 150 גרם,ג.וילי פוד אינטרנשיו,ES,מנצגו צאנק 150גרם,גרמים,150.00,100 גרם,false,1,19.90,13.2667,true,1,197910
7290108506709,false,גבינת פרמג'יאנו רג'יאנו 150 גר' רבנות,וילי פוד,IT,גבינת פרמגאנו רגיאנו 150 גרם,גרמים,150.00,100 גרם,false,1,32.90,21.9333,true,1,197273
7290109351957,false,פריכיות פיטנס מיני גדולות שוקולד חלב 100ג',סנורייס בלגיום אן. ו,BE,פיטנס פריכיות גדולות שקלד.חלב 12*100גרם,גרמים,100.00,100 גרם,false,1,8.90,8.9000,true,1,169716
7290109351971,false,פריכיות דגנים פיטנס מצופות שוקולד חלב,פרח תעשיות,IL,פיטנס בר פריכיות שוקולד חלב 12*84גרם,גרמים,84.00,100 גרם,false,1,15.90,18.9286,true,1,168265
7290109352916,false,פריכיות דגנים פיטנס מצופות שוקולד לבן,פרח תעשיות,IL,פיטנס בר פריכיות שוקולד לבן 12*84גרם,גרמים,84.00,100 גרם,false,1,15.90,18.9286,true,1,168266
7290109354101,false,"לחמית ללא גלוטן 200 גר' ""אסם""","אסם תעשיות בע""מ",IL,לחמית ללא גלוטן 12*200גרם,גרמים,200.00,100 גרם,false,1,12.90,6.4500,true,1,171652
7290109354972,false,אוסם - פתי בר וניל חלבי ללא גלוטן 200 גרם,מיוצר עי קונדיטוריית,IL,אסם פתי בר ללא גלוטן קלאסי 12*200גרם,גרמים,200.00,100 גרם,false,1,11.90,5.9500,true,1,169453
7290109358765,false,דגני בוקר קראנץ' רולס נוגט 450 גרם,"אסם השקעות בע""\מ",IL,דגני קראנץ רולס 450 גרם,גרמים,450.00,100 גרם,false,1,27.90,6.2000,true,1,171415
7290109580432,false,פסטרמה חזה הודו מעושן דק דק זוגלובק 120 גרם,זוגלובק,IL,פסטרמה חזה הודו מעושן 120 גר דק דק,גרמים,120.00,100 גרם,false,1,14.90,12.4167,true,1,205898
7290110111557,false,"משקה ספורט איזוטוני בטעם פירות 500 מ""ל פאוורייד",פאווראייד POWERADE,IT,פאוורייד ספורט500מל בטעם פירות,מיליליטרים,500.00,"100 מ""ל",false,1,12.90,2.5800,true,1,190834
7290110114787,false,נביעות+ מים מינרליים בטעם תפוח 1.5 ליטר,נביעות טבע הגליל בעמ,IL,נביעות+ בטעם תפוח 1.5 ליטר,ליטרים,1.50,ליטר,false,1,11.90,7.9333,true,1,203809
7290110114794,false,נביעות+ מים מינרליים בטעם אפרסק 1.5 ליטר,"נביעות טבע הגליל בע""\מ ,",IL,נביעות + בטעם אפרסק 1.5 ליטר,ליטרים,1.50,ליטר,false,1,11.90,7.9333,true,1,203810
7290110114800,false,נביעות+ מים מינרליים בטעם ענבים 1.5 ליטר,פארייפאבה אגרואינדוס,IL,נביעות + בטעם ענבים 1.5 ליטר,ליטרים,1.50,ליטר,false,1,11.90,7.9333,true,1,203811
7290110114855,false,"נביעות מים מינרליים, שישיה 6 * 1.5 ליטר פקדון",נביעות טבע הגליל בעמ,IL,6 נביעות 1.5 ליטר,ליטרים,9.00,ליטר,false,6,14.90,1.6556,true,1,203816
7290110114961,false,משקה קל תפוזים פריגת 1.5 ליטר,מבשלות בירה בינלאומיות ב,IL,"פריגת תפוזים, 1.5 ליטר",ליטרים,1.50,ליטר,false,1,10.50,7.0000,true,1,203822
7290110114992,false,משקה קל לייט אשכוליות פריגת 1.5 ליטר,מבשלות בירה בינלאומיות ב,IL,פריגת טעם אשכוליות דל קלוריות 1.5 ליטר,ליטרים,1.50,ליטר,false,1,10.50,7.0000,true,1,203825
7290110115234,false,קוקה-קולה זירו נטול בקבוק 1.5 ליטר,החברה המרכזית לייצור משק,IL,קוקה קולה ZERO נטול 1.5 ליטר,ליטרים,1.50,ליטר,false,1,9.90,6.6000,true,1,203846
7290110115296,false,משקה מוגז אורנג' פאנטה 1.5 ליטר,החברה המרכזית לייצור משק,IL,פאנטה אורנג' 1.5 ליטר,ליטרים,1.50,ליטר,false,1,9.90,6.6000,true,1,203852
7290110115302,false,משקה מוגז אורנג' זירו פאנטה 1.5 ליטר,החברה המרכזית לייצור משק,IL,פאנטה ZERO אורנג' 1.5 ליטר,ליטרים,1.50,ליטר,false,1,9.90,6.6000,true,1,203853
7290110115395,false,ZERO ספרייט שישיות 1.5 ליטר פיקדון,החברה המרכזית לייצור משק,IL,ZERO ספרייט שישיות 1.5 ליטר,ליטרים,9.00,ליטר,false,6,49.90,5.5444,true,1,203861
7290110115418,false,מארז שישייה קוקה קולה זירו 1.5 ל',החברה המרכזית לייצור משק,IL,קולה ZERO שישיות 1.5 ליטר,ליטרים,9.00,ליטר,false,6,49.90,5.5444,true,1,203862
7290110115425,false,FUZE TEA גרין לימונענע -נענע 1.5 ליטר פיקדון,מבשלות בירה בינלאומיות ב,IL,פיוזטי גרין לימון נענע 1.5 ליטר,ליטרים,1.50,ליטר,false,1,10.00,6.6667,true,1,203863
7290110115616,false,FUZE tea zero גרין אננס 1.5 ליטר פיקדון,מבשלות בירה בינלאומיות ב,IL,פיוזטי ZERO גרין אננס 1.5 ליטר,ליטרים,1.50,ליטר,false,1,10.00,6.6667,true,1,203924
7290110115623,false,משקה פיוז טי זירו ZERO בטעם אפרסק,מבשלות בירה בינלאומיות ב,IL,פיוזטי ZERO אפרסק 1.5 ליטר,ליטרים,1.50,ליטר,false,1,10.00,6.6667,true,1,203925
7290110115777,false,מים מינרליים נביעות 1.5 ל,נביעות,,מים נביעות בקבוק 1.5 ליטר,ליטרים,1.50,ליטר,false,1,6.20,4.1333,true,1,203945
7290110115845,false,קוקה קולה 1.5 ליטר פיקדון,"אינסטנטה בע""מ",IL,קוקה קולה בקבוק 1.5 ליטר,ליטרים,1.50,ליטר,false,1,9.90,6.6000,true,1,203843
7290110115869,false,קוקה קולה זירו 1.5 ליטר פיקדון,תות תעשיות מזון (201,IL,קוקה קולה זירו בקבוק 1.5 ליטר,ליטרים,1.50,ליטר,false,1,9.90,6.6000,true,1,203845
7290110116040,false,פאנטה זירו פירות כחולים 1.5 ליטר.,החברה המרכזית לייצור משק,IL,פאנטה זירו כחול 1.5 ליטר,ליטרים,1.50,ליטר,false,1,9.90,6.6000,true,1,205858
7290110116385,false,"פחיות סטפאני מרשמלו אבטיח תות זירו 330 מ""ל",החברה המרכזית לייצור משק,IL,קולה קולה זירו סטאפני 330 מל,מיליליטרים,330.00,"100 מ""ל",false,1,7.90,2.3939,true,1,207119
7290110320591,false,גבינה בולגרית במרקם מעודן 16% פיראוס,תנובה חלב,IL,פיראוס בולגרית 16% שומן במרקם מעודן,גרמים,250.00,100 גרם,false,1,22.90,9.1600,true,1,171641
7290110320850,false,פתיתים גבינה חצי קשה מגורדת 28% שומן,תנובה מרכז שיתופי לש,IL,עמק פתיתים 28% שומן 200 גרם,גרמים,200.00,100 גרם,false,1,15.90,7.9500,true,1,172829
7290110320935,false,גבינת מוצרלה תנובה 150ג' פרוסות,תנובה מרכז שיתופי לש,IL,תנובה פרוסות מוצרלה 20% שומן 150 גרם,גרמים,150.00,100 גרם,false,1,18.90,12.6000,true,1,172592
7290110321031,false,מעדן חלב GO יוגורט מועשר בחלבון טבעי 200 ג' יופלה,"תנובה, מחלבת אלון תב",IL,GO יוגורט יופלה שומן 20 וחלבון 200 גרם,גרמים,200.00,100 גרם,false,1,6.50,3.2500,true,1,172584
7290110321277,false,קוטג' בקטנה 5% תנובה 100 גרם מהדרין,פארייפאבה אגרואינדוס,IL,תנובה קוטג' 5% בקטנה 100 גרם,גרמים,100.00,100 גרם,false,1,2.70,2.7000,true,1,173262
7290110321284,false,קוטג' בקטנה 9% תנובה 100 גרם מהדרין,פארייפאבה אגרואינדוס,IL,תנובה קוטג' 9% בקטנה 100 גרם,גרמים,100.00,100 גרם,false,1,2.70,2.7000,true,1,173263
7290110321604,false,קוביות פיראוס בולגרית מעודנת 5% 200 גרם - רבנות,תנובה חלב,IL,פיראוס קוביות בולגרית מעודנת 5% שומן,לא מנהל יחידת מידה,0.00,לא מנהל יחידת מידה,false,1,24.90,0.0000,true,1,188829
7290110321680,false,יוגורט GO בטעם תות 20 גרם חלבון בגביע,מיוצר עי קונדיטוריית,IL,יוגורט עם תות בתוספת חלבוני חלב,גרמים,200.00,100 גרם,false,1,5.90,2.9500,true,1,174172
7290110321697,false,יוגורט GO בטעם אפרסק 20 גרם חלבון בגביע,מיוצר עי קונדיטוריית,IL,יוגורט עם אפרסק בתוספת חלבוני חלב,גרמים,200.00,100 גרם,false,1,5.90,2.9500,true,1,174173
7290110322014,false,טופו בטעם טבעי תנובה ALTERNATIVE,שוורצקוף& הנקל דיסלד,IL,טופו טבעי 300 גרם,גרמים,300.00,100 גרם,false,1,12.90,4.3000,true,1,188821
7290110322021,false,"תנובה טופו בזיליקום 300 גר' בד""צ",שוורצקוף& הנקל דיסלד,IL,טופו בטעם בזיליקום,גרמים,300.00,100 גרם,false,1,12.90,4.3000,true,1,188820
7290110323066,true,משקה יוגורט מועשר בח,מיוצר עי קונדיטוריית,IL,משקה יוגורט GO 20מועשר בחלבון בננה ואפר,מיליליטרים,236.00,"100 מ""ל",false,1,6.90,2.9237,true,1,190729
7290110323301,false,טל העמק בסגנון אמנטל 32% שומן 200 גרם,פ.פ.ח. שאביט,IL,גבינה צהובה טל העמק 32% שומן 200 גרם,גרמים,200.00,100 גרם,false,1,19.90,9.9500,true,1,191322
7290110323585,true,יוגורט עם דובדבן מופ,מיוצר עי קונדיטוריית,IL,יוגורט עם דובדבן מופחת קולוריות GO200גרם,גרמים,200.00,100 גרם,false,1,5.90,2.9500,true,1,191027
7290110323592,true,יוגורט עם אפרסק מופח,מיוצר עי קונדיטוריית,IL,יוגורט עם אפרסק מופחת קולוריות GO200גרם,גרמים,200.00,100 גרם,false,1,5.90,2.9500,true,1,191028
7290110324353,false,יוגורט GO לייט בטעם אננס 20 גרם חלבון בגביע,מיוצר עי קונדיטוריית,IL,יופלה GO לייט בטעם אננס 200גרם,גרמים,200.00,100 גרם,false,1,5.90,2.9500,true,1,193025
7290110324711,false,ממרח סויה 9% שומן בטעם טבעי תנובה 250 גרם,מיוצר עי קונדיטוריית,IL,ממרח סויה 9% בטעם טבעי,גרמים,250.00,100 גרם,false,1,10.90,4.3600,true,1,193028
7290110324728,false,ממרח סויה 9% שומן עם שום שמיר תנובה 250 גרם,מיוצר עי קונדיטוריית,IL,ממרח סויה 9% עם שום שמיר,גרמים,250.00,100 גרם,false,1,10.90,4.3600,true,1,193029
7290110324872,false,גבינה צהובה גלבוע 5% שומן 200 גרם,גלבוע - תנובה,IL,גבינת גלבוע 5% שומן 200 גרם,גרמים,200.00,100 גרם,false,1,18.90,9.4500,true,1,195656
7290110324926,false,משקה סויה ללא תוספת סוכר E אלטרנטיב,תנובה מרכז שיתופי לש,IL,משקה סויה ללא תוספת סוכר 1 ליטר,ליטרים,1.00,ליטר,false,1,12.90,12.9000,true,1,195392
7290110325169,false,פרוסות גאודה תנובה 170 גרם,תנובה חלב,IL,פרוסות גאודה קולקשיין 170 גרם,גרמים,170.00,100 גרם,false,1,21.90,12.8824,true,1,196897
7290110325305,false,יופלה GO סויה 20 גרם חלבון במתיקות מעודנת תנובה 200 גרם,מיוצר עי קונדיטוריית,IL,מעדן סויהGO 20 גרם חלבון במתיקות מעודנת 200גרם,גרמים,200.00,100 גרם,false,1,5.90,2.9500,true,1,195388
7290110325312,false,יופלה GO סויה 20 גרם חלבון בטעם תות תנובה 200 גרם,"תנובה בע""\מ",IL,מעדן סויה GO 20 גרם חלבון בטעם תות 200גרם,גרמים,200.00,100 גרם,false,1,5.90,2.9500,true,1,195387
7290110325619,false,משקה שיבולת שועל תנובה E אלטרנטיב,מיוצר עי קונדיטוריית,IL,משקה שיבולת שועל 1ליטר,ליטרים,1.00,ליטר,false,1,14.90,14.9000,true,1,196202
7290110325626,false,"משקה שקדים ללת""ס 1 ליטר",תנובה,IL,"משקה שקדים לל""ס 1ליטר",ליטרים,1.00,ליטר,false,1,14.90,14.9000,true,1,198040
7290110325893,false,משקה חלב GO מועשר בחלבון בטעם אייס קפה,מיוצר עי קונדיטוריית,IL,תנובה GO אייס קפה 340 מל,מיליליטרים,340.00,"100 מ""ל",false,1,7.90,2.3235,true,1,196204
7290110326234,false,יופלה און טופ כוכבים תנובה 157 גרם,מיוצר עי קונדיטוריית,IL,יופלה און טופ כוכבים 157 גרם,גרמים,157.00,100 גרם,false,1,5.50,3.5032,true,1,196900
7290110326241,false,יופלה און טופ גרנולה תנובה 157 גרם,מיוצר עי קונדיטוריית,IL,יופלה און טופ גרנולה 157 גרם,גרמים,157.00,100 גרם,false,1,5.50,3.5032,true,1,196902
7290110326449,false,חמאה השף הלבן 250 גר,אמרלנד,DE,השף הלבן חמאה 250 גרם,גרמים,250.00,100 גרם,false,1,9.90,3.9600,true,1,199163
7290110327033,false,משקה סויה תנובה גו מועשר בחלבון במתיקות מופחתת,מיוצר עי קונדיטוריית,IL,משקהמועשר בחלבון במתיקות מופחתת GO,לא מנהל יחידת מידה,0.00,לא מנהל יחידת מידה,false,1,14.80,0.0000,true,1,198834
7290110327064,false,משקה אייס קפה שיבולת שועל בטעם קרמל 1 ל' ALTERNATIVE,תנובה מרכז שיתופי לש,IL,משקה קפה שיבולת שועל בטעם קרמל 1 ליטר,ליטרים,1.00,ליטר,false,1,12.60,12.6000,true,1,198320
7290110327514,false,alternative משקה שיבולת שועל בטעם אגוזי לוז תנובה 1 ליטר,תנובה מרכז שיתופי לש,IL,משקה שיבולת שועל אלטרנטיב אגוזי לוז 1 ל,ליטרים,1.00,ליטר,false,1,14.90,14.9000,true,1,203501
7290110327545,false,יופלה און טופ בטעם תות בתוספת פצפוצים מצופים שוקולד 157 גרם,מיוצר עי קונדיטוריית,IL,יופלה אוןטופ תות תוספת פצפוצים מצופים157,גרמים,157.00,100 גרם,false,1,5.50,3.5032,true,1,200216
7290110327798,false,חטיף חלבון GO - שוקולד 60 ג' חלב נוכרי - רבנות,"בלמונט קונפקציות בע""\מ.",US,GO חטיף חלבון בטעם שוקולד 60 גרם,גרמים,60.00,100 גרם,false,1,13.90,23.1667,true,1,201901
7290110328627,false,יוגורט יופלה GO במרקם סמיך בטעם בננה קרמל 0%,מיוצר עי קונדיטוריית,IL,יוגורט GO סמיך 0% בננה קרמל 200 גרם,גרמים,200.00,100 גרם,false,1,6.50,3.2500,true,1,201936
7290110328764,false,יוגורט יופלה GO במרקם סמיך עם תות 0%,מיוצר עי קונדיטוריית,IL,יוגורט GO סמיך 0% תות 200 גרם,גרמים,200.00,100 גרם,false,1,6.50,3.2500,true,1,201935
7290110328771,false,יוגורט יופלה GO במרקם סמיך עם פירות יער 0%,מיוצר עי קונדיטוריית,IL,יוגורט GO סמיך 0% פ. יער 200 גרם,גרמים,200.00,100 גרם,false,1,6.50,3.2500,true,1,201934
7290110328788,false,יוגורט יופלה GO במרקם סמיך בטעם אפרסק 0%,תנובה מרכז שיתופי לש,IL,יוגורט GO סמיך 0% אפרסק 200 גרם,גרמים,200.00,100 גרם,false,1,6.50,3.2500,true,1,201933
7290110329136,false,מעדן חלב מעושר בחלבון בטעם שוקולד 120 ג' GO,תנובה מרכז שיתופי לש,IL,מעדן חלב גו בטעם שוקולד 12 חלבון 120גרם,גרמים,120.00,100 גרם,false,1,5.50,4.5833,true,1,133119
7290110329709,false,יוגורט תנובה 0% 200 גרם,מיוצר עי קונדיטוריית,IL,יוגורט תנובה 0% 200 גרם,גרמים,200.00,100 גרם,false,1,3.20,1.6000,true,1,203509
7290110329822,false,יוגורט סויה BIO Alternative פירות יער 150 ג' תנובה,מיוצר עי קונדיטוריית,IL,סויה אלטרנטיב ביו פירות יער 150 גרם,גרמים,150.00,100 גרם,false,1,4.90,3.2667,true,1,203953
7290110329846,false,יוגורט סויה BIO Alternative בטעם טבעי 150 ג' תנובה,מיוצר עי קונדיטוריית,IL,סויה אלטרנטיב ביו טבעי150 גרם,גרמים,150.00,100 גרם,false,1,4.90,3.2667,true,1,203977
7290110552220,false,יוגורט PRO בטעם תות 0% סוכר לבן 20 גרם חלבון בגביע,"שטראוס בריאות בע""\מ",IL,'דנונה פרו 20גר' ללא סוכר תות,גרמים,200.00,100 גרם,false,1,6.50,3.2500,true,1,204025
7290110552237,false,יוגורט פרו בטעם אפרסק מנגו ללא סוכר 200 ג' דנונה,"שטראוס בריאות בע""\מ",IL,דנונה פרו 20גר' ללא סוכר אפרסק מנגו,גרמים,200.00,100 גרם,false,1,6.50,3.2500,true,1,204026
7290110553180,false,אנרגי פריכיות אורז בטעם תפוח קינמון 50 ג,סאנורייס בלגיום,IL,אנרג`י פריכיות בטעם תפוח קינמון 40 גרם,מיליליטרים,40.00,"100 מ""ל",false,1,8.90,22.2500,true,1,207190
7290110554125,false,"נודלס סצ'ואן חריף""דלישס"" שטראוס",אוכל ביתי ניר עציון,IL,נודלס סצ'ואן חריף,גרמים,350.00,100 גרם,false,1,26.90,7.6857,true,1,204420
7290110556242,false,"שוקולד מריר פרווה 100 גר' בד""ץ תוצרת חוץ","שטראוס גרופ בע""מ.",FR,שוקולד פרה מריר 100 גרם,גרמים,100.00,100 גרם,false,1,6.50,6.5000,true,1,207441
7290110557027,false,חומוס עשיר 50% טחינה גולמית 400 ג' אחלה,מיוצר עי קונדיטוריית,IL,חומוס הסדרה 50% טחינה,גרמים,400.00,100 גרם,false,1,15.90,3.9750,true,1,203619
7290110557102,false,מעדן חלב עם שוקולד מועשר בחלבון 150 ג' שטראוס,מיוצר עי קונדיטוריית,IL,מעדן חלב עם שוקולד מועשר בחלבון,גרמים,150.00,100 גרם,false,1,4.90,3.2667,true,1,202939
7290110557133,false,מעדן הגולן וניל 125 ג' שטראוס,מיוצר עי קונדיטוריית,IL,מעדן הגולן וניל,גרמים,125.00,100 גרם,false,1,3.20,2.5600,true,1,203173
7290110558253,false,דנונה שייק נונה ריפרש בננה אננס וצ'יה,"שטראוס בריאות בע""\מ",IL,דנונה ריפרש בננה אננס וצ'יה,מיליליטרים,250.00,"100 מ""ל",false,1,5.90,2.3600,true,1,205681
7290110558284,false,דנונה ביו מולטי שטראוס 200 גרם,"שטראוס בריאות בע""\מ",IL,דנונה ביו מולטי 200 גרם,מיליליטרים,200.00,"100 מ""ל",false,1,4.90,2.4500,true,1,206796
7290110558314,false,דנונה פרו 20 גרם חלבון ללא סוכר פיסטוק 200 גרם,"שטראוס בריאות בע""\מ",IL,דנונה פרו 20 גרםללא סוכר בטעם פיסטוק,גרמים,200.00,100 גרם,false,1,6.50,3.2500,true,1,206823
7290110558666,false,מעדן גבינה בטעם תפוח 88 ג' דניאלה,"שטראוס בריאות בע""\מ",IL,דניאלה בטעם תפוח 88גרם,גרמים,88.00,100 גרם,false,1,4.50,5.1136,true,1,207597
7290110560300,false,"הפריכיות הטעימות חומוס, עדשים שחורות, קינואה ופלפל שחור",אנרג'י Energy - שטראוס,IL,פריכיות משולשות- פלפל שחור,גרמים,30.00,100 גרם,false,1,5.90,19.6667,true,1,190792
7290110560317,false,"הפריכיות הטעימות חומוס, עדשים שחורות, קינואה ומלח ים","פרח תעשיו מזון בע""מ",IL,פריכיות משולשות- מלח ים,גרמים,30.00,100 גרם,false,1,5.90,19.6667,true,1,190793
7290110561352,false,דנונה יוגורט ביו פרוביוטי 3% דל לקטוז 150ג',"שטראוס בריאות בע""\מ",IL,דנונה דל לקטוז בתוספת סידן,גרמים,200.00,100 גרם,false,1,3.90,1.9500,true,1,183721
7290110563462,false,חלב 2% דל לקטוז בבקבוק יטבתה 1 ליטר.,מחלבת יטבתה,IL,חלב בבקבוק נטול לקטוז 2%,ליטרים,1.00,ליטר,false,1,8.90,8.9000,true,1,192042
7290110564360,false,חומוס אחלה הסידרה המובחר 40% טחינה 400 גר',מיוצר עי קונדיטוריית,IL,חומוס הסדרה המובחרת עשיר ב-40% טחינה,גרמים,400.00,100 גרם,false,1,15.90,3.9750,true,1,173724
7290110565527,false,יוגורט PRO פרו 1.5% 20 גרם חלבון בגביע,"שטראוס בריאות בע""מ",IL,דנונה פרו 20 גר 1.5% שומן,גרמים,200.00,100 גרם,false,1,6.50,3.2500,true,1,173266
7290110566579,false,דבש לחיץ 200 גרם יד מרדכי,מכוורת יד מרדכי שטרא,IL,דבש בקבוק לחיץ 200 גרם,גרמים,200.00,100 גרם,false,1,13.90,6.9500,true,1,193527
7290110566975,false,דנונה פרו יוגורט 0% תות עשיר בחלבון 200ג',"שטראוס בריאות בע""\מ",IL,דנונה פרו 20 גר תות 0% שומן,גרמים,200.00,100 גרם,false,1,6.50,3.2500,true,1,174283
7290110571382,false,מעדן חלב בטעם וניל מעושר בחלבון 150 ג' שטראוס,"שטראוס בריאות בע""\מ",IL,מעדן חלב בטעם וניל מועשר בחלבון,גרמים,150.00,100 גרם,false,1,5.00,3.3333,true,1,205125
7290110576776,false,טבלאות שוקולד ספלנדיד מריר 85% 100 ג' עלית,קימ'\ס גריפלנן,BE,ספלנדיד מריר 85% 100 גרם,גרמים,100.00,100 גרם,false,1,10.90,10.9000,true,1,207738
7290111342042,false,ניקול כריות יפניות אנטיבקטריאלי 4 יחידות,פלסטו פוליש,IL,ניקול כריות יפניות אנטיבקטריאלי,גרמים,280.00,100 גרם,false,1,14.90,5.3214,true,1,196535
7290111342059,false,50 מטליות מיקרופייבר לשטחים אנטיבקטריאלי ניקול,ניקול,IL,מטליות לחות לניקוי וחיטוי משטחים אנטיבקטריאלי,לא מנהל יחידת מידה,0.00,לא מנהל יחידת מידה,false,1,15.90,0.0000,true,1,196534
7290111343858,false,ניקול מטליות לחות לרצפה אנטיבקרטריאלי 10 יחידות,עלבד משואות יצחק,IL,ניקול מטליות לחות לרצפה אנטיבקטריאלי 10,לא מנהל יחידת מידה,0.00,לא מנהל יחידת מידה,false,1,17.90,0.0000,true,1,198389
7290111344206,false,האגיס נטורל קר מגבונים לחים בבישום עדין רביעייה,חוגלה קימברלי,IL,מגבוני האגיס נטורל קייר מבושם 4*64,לא מנהל יחידת מידה,0.00,לא מנהל יחידת מידה,false,1,22.90,0.0000,true,1,203566
7290111344732,false,קלינקס - טיישו אלרג'י קומפורט ניילון זוגות 140 דף,קימברלי קלארק,IL,קלינקס אלרגי קומפורט זוג 2 * 70 יחידות,יחידה,1.00,יחידה,false,1,16.90,16.9000,true,1,203486
7290111346088,false,נייר טואלט מולט דו שכבתי 30 גל,חוגלה קימברלי,IL,נייר טואלט מולט 30 גלילים,יחידה,1.00,יחידה,false,1,29.90,29.9000,true,1,207106
7290111346293,false,מגבת נייר ניקול 6 יחידות מהדורה חגיגית,קימברלי קלארק,IL,מגבת נייר ניקול שישייה מהדורה,יחידה,6.00,יחידה,false,1,13.90,2.3167,true,1,205760
7290111351280,false,תערובת אגוזים קלויים ללא מלח 150 גרם קליית גת,קליית גת,IL,תערובת אגוזים קלויים ללא מלח 150 ג,גרמים,150.00,100 גרם,false,1,22.90,15.2667,true,1,191848
7290111564291,false,פריכיות דקות ונימוחות 3 דגנים וקינואה פיטנס Fitness,פרח תעשיות בעמ,IL,פיטנס פריכיות דקות עם קינואה 12*120גרם,גרמים,120.00,100 גרם,false,1,11.90,9.9167,true,1,172125
7290111566271,false,חטיפי תירס טבעול 657 גרם,עיצובים 2020 (4.8),IL,טבעול חטיפי תירס 6*657גרם,גרמים,657.00,100 גרם,false,1,34.90,5.3120,true,1,173905
7290111566318,false,שניצל דק מן הצומח בטעם ביתי 700 גרם,עיצובים 2020 (4.8),IL,טבעול שניצל דק מן הצומח 8*564גרם,גרמים,564.00,100 גרם,false,1,34.90,6.1879,true,1,173916
7290111566561,false,"שניצל ברוקולי 99 קלוריות 560 גר' ""טבעול""",עיצובים 2020 (4.8),IL,טבעול שניצל ברוקולי 99 קלוריות 6*560ג,גרמים,560.00,100 גרם,false,1,34.90,6.2321,true,1,173914
7290111566585,false,"שניצל צמחוני 99 קלוריות 650 גר' ""טבעול""",עיצובים 2020 (4.8),IL,טבעול שניצל צמחוני 99 קלוריות 6*650גרם,גרמים,650.00,100 גרם,false,1,34.90,5.3692,true,1,173917
7290111566776,false,"נקניקיות קוקטייל מן הצומח 680 גרם ""טבעול""",עיצובים 2020 (4.8),IL,טבעול נקניקיות קוקטייל צמחוניות6*680גרם,גרמים,680.00,100 גרם,false,1,34.90,5.1324,true,1,173910
7290111568206,false,ביסלי פארטי מיקס אסם 150 גר',פרו מן יו פתרונות אר,IL,ביסלי פארטי מיקס 24*150גרם,גרמים,150.00,100 גרם,false,1,11.90,7.9333,true,1,174309
7290112002112,false,ג'ל כביסה מרוכז קולון 101 בניחוח ורדים,רקיט בנקיזר,IL,ג'ל כביסה קולון בניחוח מאסק 2.5 ליטר,ליטרים,2.50,ליטר,false,1,29.90,11.9600,true,1,195499
7290112330352,false,"יוגורט PRO בטעם וניל 0% , 20 גרם חלבון בגביע","שטראוס בריאות בע""\מ",IL,דנונה פרו 20 גר וניל 0% שומן,גרמים,200.00,100 גרם,false,1,6.50,3.2500,true,1,192705
7290112330390,false,דנונה פרו פירות יער 20 גרם חלבון 0% שומן 200 גרם,"שטראוס בריאות בע""\מ",IL,דנונה פרו 20 גר פירות יער 0% שומן,גרמים,200.00,100 גרם,false,1,6.50,3.2500,true,1,192706
7290112330970,false,שייק חלבון+פירות יער350מ,מחלבת יטבתה,IL,"שייק חלבון מי גבינה עם פירות יער 350 מ""ל",מיליליטרים,350.00,"100 מ""ל",false,1,7.90,2.2571,true,1,191503
7290112330987,false,שייק חלבון מי גבינה עם אפרסק ומנגו 350 מ,שטראוס גרופ,IL,שייק חלבון מי גבינה עם אפרסק ומנגו 350 מ,מיליליטרים,350.00,"100 מ""ל",false,1,7.90,2.2571,true,1,191502
7290112332585,false,פריכיות משולש תפוא אורז בתיבול סלק ומלח ים אנרג'י 30 גרם,"פרח תעשיו מזון בע""מ",IL,"פריכיות משולשות-סלק לל""ג",גרמים,30.00,100 גרם,false,1,5.90,19.6667,true,1,193031
7290112332691,false,פינוקיות עוגיות קרם פסק זמן אגוזים 200 גרם,"הגביע מוצרי וופלים בע""\מ",IL,פינוקיות קרם פסק זמן,גרמים,200.00,100 גרם,false,1,11.90,5.9500,true,1,193120
7290112335487,false,הפריכיות הטעימות קצח ודגנים אנרג'י 135 גרם,אנרג'י Energy - שטראוס,IL,פריכיות טעימות קצח ודגנים 135 גרם,גרמים,135.00,100 גרם,false,1,12.90,9.5556,true,1,192700
7290112335494,false,הפריכיות הטעימות תפוחי אדמה בטעם פוטטוס,"פרח תעשיות מזון בע""\מ",IL,הפריכיות הטעימות פוטטוס,גרמים,135.00,100 גרם,false,1,12.90,9.5556,true,1,192702
7290112335500,false,"פרכיות אנרג'י חומוס,אורז,עדשים שחורות וקינואה 135 גרם","פרח תעשיות מזון בע""\מ",IL,הפריכיות הטעימות חלבון,גרמים,135.00,100 גרם,false,1,12.90,9.5556,true,1,192703
7290112336712,false,יוגורט PRO לבן 0% 21 גרם חלבון בגביע,"שטראוס בריאות בע""מ",IL,דנונה פרו 21 גר 0% שומן,גרמים,200.00,100 גרם,false,1,6.50,3.2500,true,1,192046
7290112340122,false,הפריכיות הטעימות 3 דגנים אנרג'י 135 גרם,"פרח תעשיות מזון בע""\מ",IL,פריכיות טעימות 3 דגנים 135 גרם,גרמים,135.00,100 גרם,false,1,12.90,9.5556,true,1,192704
7290112341679,false,דנונה אקטיביה 3% שומן 200 גרם,מיוצר עי קונדיטוריית,IL,אקטיביה 3% 200ג',גרמים,200.00,100 גרם,false,1,4.20,2.1000,true,1,194636
7290112343499,false,חטיף צ'יטוס פאפס אפוי בטעם גבינה,"שטראוס פריטו ליי בע""\מ )",IL,צ'יטוס PUFFS בטעם גבינה 55 ג 48 יח,גרמים,55.00,100 גרם,false,1,5.50,10.0000,true,1,203114
7290112343512,false,צ'יטוס puffs בטעם גבינה 180 גרם,"שטראוס פריטו ליי בע""\מ )",IL,צ'יטוס PUFFS בטעם גבינה 160 ג 9 יח,גרמים,160.00,100 גרם,false,1,10.90,6.8125,true,1,203115
7290112348029,false,חומוס אסלי דליקטס 250 גרם,שטראוס,IL,חומוס חלק דליקטס 250 גרם,גרמים,250.00,100 גרם,false,1,8.90,3.5600,true,1,200672
7290112348999,false,הפריכיות הטעימות תירס דקות אנרג'י 135 גרם,פרח תעשיות,IL,הפריכיות הטעימות הדקות תירס,גרמים,135.00,100 גרם,false,1,12.90,9.5556,true,1,200413
7290112350312,false,קפסולות 15 קפה יותר למכונות נספרסו עלית 10יח',הנסיך- מפעל לייצור ט,IL,קפסולות 15 למכונות NESPRESSO,גרמים,50.00,100 גרם,false,1,18.90,37.8000,true,1,198763
7290112354174,false,"פסטה רוזה 280 ג""ר ""דלישס"" שטראוס",גסטרונומיה פרוסט אס. אר.,IT,פסטה רוזה דלישס 280גרם,גרמים,280.00,100 גרם,false,1,24.90,8.8929,true,1,203205
7290112355027,false,דנונה פרו 20 גרם חלבון בטעם קרמל מלוח 200 גרם,"שטראוס בריאות בע""\מ",IL,דנונה פרו 20 גרם בטעם קרמל מלוח,גרמים,200.00,100 גרם,false,1,6.50,3.2500,true,1,200212
7290112358127,false,דנונה פרו חלבון+מגנזיום- וניל ועוגיות 200 גרם,מיוצר עי קונדיטוריית,IL,דנונה פרו 20 גר עם מגנזיום,גרמים,200.00,100 גרם,false,1,6.70,3.3500,true,1,199543
7290112490827,false,תרסיס ריחני למייבש הכביסה בדין בייבי 500,"זוהר דליה, קיבוץ דליה, 1",IL,בדין תרסיס ריחני למייבש כביסה בייבי 500 מל,מיליליטרים,500.00,"100 מ""ל",false,1,21.90,4.3800,true,1,189878
7290112491701,false,ברנפלקס בטעם וניל מעודן 20% חלבון Extra Protein,יוניליוור ישראל מזון בעמ,IL,ברנפלקס חיטה מלאה ושיבולת שועל מלאה375,גרמים,375.00,100 גרם,false,1,25.90,6.9067,true,1,192425
7290112492449,false,פינוק שמפו שיער רגיל 700 מל-חדש,יוניליוור ישראל טיפוח אי,IL,PINUK שמפו 2IN1 700 ML,מיליליטרים,700.00,"100 מ""ל",false,1,14.90,2.1286,true,1,197331
7290112492456,false,"שמפו פינוק לשיער יבש/פגום 700 מ""ל",יוניליוור ישראל טיפוח אי,IL,PINUK שמפו 2IN1 700 ML,מיליליטרים,700.00,"100 מ""ל",false,1,14.90,2.1286,true,1,197332
7290112492531,true,פינוק מרכך שיער רגיל,יוניליוור ישראל טיפו,IL,PINUK מרכך 700 ML,מיליליטרים,700.00,"100 מ""ל",false,1,14.90,2.1286,true,1,195802
7290112492593,true,פינוק תחליב רחצה בני,יוניליוור ישראל טיפו,IL,PINUK סבון נוזלי 700 ML,גרמים,700.00,100 גרם,false,1,14.90,2.1286,true,1,195805
7290112492609,true,פינוק תחליב רחצה לבנ,יוניליוור ישראל טיפו,IL,PINUK סבון נוזלי 700 ML,מיליליטרים,700.00,"100 מ""ל",false,1,14.90,2.1286,true,1,195806
7290112492692,false,פינוק תחליב רחצה קלאסי אריזת נסיעות 100,יוניליוור ישראל טיפוח אי,IL,פינוק תחליב רחצה קלאסי לנסיעות 100 מל,מיליליטרים,100.00,"100 מ""ל",false,1,6.90,6.9000,true,1,198234
7290112494221,false,קליק - ביסקויט תפזורת 65 גרם,יוניליוור ישראל מזון בע\,IL,קליק ביסקוויט 65 גרם,גרמים,65.00,100 גרם,false,1,7.90,12.1538,true,1,194840
7290112494238,false,קליק - כדורים חלב תפזורת 65 גרם,יוניליוור ישראל מזון בע\,IL,קליק קליק כדורים 65 גרם,גרמים,65.00,100 גרם,false,1,7.90,12.1538,true,1,194843
7290112494276,false,קליק כריות בתפזורת כשר לפסח,יוניליוור ישראל מזון בע\,IL,קליק קליק כריות 65 גרם,גרמים,65.00,100 גרם,false,1,7.90,12.1538,true,1,194844
7290112494283,false,קליק - מעורב חום לבן תפזורת 65 גרם,יוניליוור ישראל מזון בע\,IL,קליק חום לבן 65 גרם,גרמים,65.00,100 גרם,false,1,7.90,12.1538,true,1,194842
7290112494313,false,קליק - קורנפלקס תפזורת 65 גרם,יוניליוור ישראל מזון בע\,IL,קליק קליק קורנפלקס 65 גרם,גרמים,65.00,100 גרם,false,1,7.90,12.1538,true,1,194847
7290112494344,false,קורנפלקס כספי אלופים תלמה850 גר',"יוניליוור שפע ישראל בע""\",IL,תלמה קורנפלקס של אלופים דגני בוקר 850 גרם,גרמים,850.00,100 גרם,false,1,21.90,2.5765,true,1,196737
7290112494351,false,תלמה קורנפלקס של אלופים 850 גרם,"יוניליוור שפע ישראל בע""\",IL,תלמה קורנפלקס של אלופים 850 גרם,גרמים,850.00,100 גרם,false,1,21.90,2.5765,true,1,196738
7290112495006,false,כריות נוגט 686 גרם - קופסא,"יוניליוור ישראל מזון בע""",IL,תלמה דגני בוקר כריות נוגט 686 גרם,גרמים,686.00,100 גרם,false,1,27.90,4.0671,true,1,194890
7290112495976,false,פריכיות אורז בציפוי שוקולד חלב 35גר-חדש,"גוד פוד פרודקטס ,Sp.zo.o",PL,פריכיות אורז מצופות שוקולד חלב מעולה35,גרמים,35.00,100 גרם,false,1,5.90,16.8571,true,1,197262
7290112496201,false,"אקס - בושם גוף טיקט לגבר שוקולד 17 מ""ל","קוסטר אירוסול, גבזה,",TR,אקס בושם כיס שוקולד 17 מל,מיליליטרים,17.00,"100 מ""ל",false,1,24.90,146.4706,true,1,198946
7290112496430,false,קנור נמס בכוס אקסטרה עגבניות+איטריות 37 גרם - רבנות,יוניליוור ישראל מזון בע\,IL,נמס בכוס אקסטרה מרק עגבניות 37 גרם,גרמים,37.00,100 גרם,false,1,4.90,13.2432,true,1,203267
7290112496584,false,קליק כריות Black מצופה שוקולד לבן ועוגיות,"דרך השוקולד 1, צפת 1",IL,קליק קליק כריות בלאק ושוקולד לבן 65 גרם,גרמים,65.00,100 גרם,false,1,7.90,12.1538,true,1,198269
7290112498267,false,פינוק אל סבון לידיים בניחוח פינוק קלאסי,קוסטר אירוסול ולף סנ,TR,פינוק אל סבון לידיים בניחוח פינוק קלאסי 950 מל,מיליליטרים,950.00,"100 מ""ל",false,1,12.90,1.3579,true,1,203073
7290112498748,false,מיני סולרו וניל תות שדה 350 גרם,"מיוצר ע""\י גלידת שטראוס",IL,סולרו סולרו מאגדת סולרו מיני תות 5 יחידות,גרמים,350.00,100 גרם,false,5,25.90,7.4000,true,1,200630
7290112498915,false,מאגדת מיני מגנום שקדים מובחר שטראוס 250 גרם,"מיוצר ע""\י גלידת שטראוס",IL,מגנום מאגדת מיני מגנום שקדים מובחרים 5 יחידות,גרמים,250.00,100 גרם,false,1,29.90,11.9600,true,1,202063
7290112499455,false,פינוק תחליב רחצה 700 בתוספת שמן מרוקאי,יוניליוור ישראל טיפוח אי,IL,פינוק תחליב רחצה בתוספת שמן מרוקאי 700 מל,מיליליטרים,700.00,"100 מ""ל",false,1,14.90,2.1286,true,1,202417
7290112499462,false,פינוק תחליב רחצה 700 בתוספת שמן קוקוס,יוניליוור ישראל טיפוח אי,IL,פינוק תחליב רחצה בתוספת שמן קוקוס 700 מל,מיליליטרים,700.00,"100 מ""ל",false,1,14.90,2.1286,true,1,202418
7290112499844,false,מאגדת מיני מגנום דואט שוקולד עם נוגט שטראוס 310 גרם,"מיוצר ע""\י גלידת שטראוס",IL,מגנום מאגדת מיני מגנום דואט שוקולד נוגט 5 יחידות,גרמים,310.00,100 גרם,false,1,29.90,9.6452,true,1,196052
7290112499943,false,מיני מאגדת מיני מגנום טעמים שונים וניל+שוקו,"מיוצר ע""\י גלידת שטראוס",IL,מגנום מאגדת מיני מגנום קלאסיק שוקולד 5 יחידות,גרמים,250.00,100 גרם,false,1,29.90,11.9600,true,1,196051
7290112961372,false,פיטנס חטיפי פריכיות דקות קינמון 60 גרם,"פרח תעשיות מזון בע""\מ",IL,פיטנס חטיפי פריכיות דקות קינמון12*60ג,גרמים,60.00,100 גרם,false,1,8.90,14.8333,true,1,191297
7290112961464,false,פיטנס חטיפי פריכיות דגנים וחומוס מתובלות,"פרח תעשיות מזון בע""\מ",IL,פיטנס חטיפי פריכיות דקות מתובלות 12*60ג,גרמים,60.00,100 גרם,false,1,8.90,14.8333,true,1,191296
7290112963321,false,גריסיני בייגלה שטוח ללא גלוטן אסם 300גרם,מיוצר עי קונדיטוריית,IL,"גרטיפי בייגלה שטוח הכל לל""ג 300גרם",גרמים,300.00,100 גרם,false,1,17.90,5.9667,true,1,197794
7290112963918,false,פיטנס חטיפי קרקר דק רוזמרין 140 גרם,נסטלה Nestle,IL,פיטנס קרקר דק רוזמרין 12*140גרם,גרמים,140.00,100 גרם,false,1,13.90,9.9286,true,1,193306
7290112965288,true,מרק נמס ירקות 30,אסם,IL,אסם זוג מרק נמס ירקות בדצ14*30גרם,גרמים,60.00,100 גרם,false,1,7.50,12.5000,true,1,193982
7290112965660,false,פיטנס - חטיף מולטיגריין מלח פלפל 25 גרם,מיוצר עי קונדיטוריית,IL,פיטנס חטיף מולטיגריין מלח פלפל 25גרם,גרמים,25.00,100 גרם,false,1,6.50,26.0000,true,1,199906
7290112966803,false,אסם פודינג אינסטנט שוקולד 95 גרם,"אסם השקעות בע""\מ",IL,אסם פודינג אינסטנט שוקולד 88 גרם,גרמים,88.00,100 גרם,false,1,6.50,7.3864,true,1,195673
7290112967114,false,פיטנס חטיפי פריכיות קטניות ופלפל 60 גרם,"פרח תעשיות מזון בע""\מ",IL,פיטנס חטיפי פריכיות קטניות ופלפל 60 גר,גרמים,60.00,100 גרם,false,1,8.90,14.8333,true,1,198248
7290112967138,false,בייגלה שמיניות ללא גלוטן אסם 250 גרם,מיוצר עי קונדיטוריית,IL,אסם בייגלה שמיניות ללא גלוטן חדש 6*250ג,גרמים,250.00,100 גרם,false,1,15.90,6.3600,true,1,195644
7290112967381,false,פיטנס חטיפי פריכיות קטניות ומלח ים 60 גרם,"פרח תעשיות מזון בע""\מ",IL,פיטנס חטיפי פריכיות קטניות ומלח ים 60 ג,גרמים,60.00,100 גרם,false,1,8.90,14.8333,true,1,198247
7290112968340,false,צבר חומוס גרוס גס גס 400 גרם,שוורצקוף& הנקל דיסלד,IL,צבר חומוס גרוס גס גס 400גרם,גרמים,400.00,100 גרם,false,1,14.90,3.7250,true,1,196705
7290112968807,false,פיטנס - קרקר דק סלק 140 גרם,מפעל אסם יקנעם,IL,פיטנס קרקר דק סלק 12*140גרם,גרמים,140.00,100 גרם,false,1,13.90,9.9286,true,1,198879
7290112968821,false,פיטנס - קרקר דק בטטה 140 גרם,מפעל אסם יקנעם,IL,פיטנס קרקר דק בטטה 12*140גרם,גרמים,140.00,100 גרם,false,1,13.90,9.9286,true,1,198880
7290113192171,false,מיקס אגוזים שקדים וחמוציות 150 גרם,דין שיווק,IL,מיקס אגוזים שקדים וחמוציות 150 גרם,גרמים,150.00,100 גרם,false,1,17.90,11.9333,true,1,202859
7290113192324,true,זית ירוק בית השיטה,בית-השיטה עסיס תעשיו,IL,זית ירוק בית השיטה 340גר,גרמים,340.00,100 גרם,false,1,10.80,3.1765,true,1,195850
7290113192331,true,זית ירוק גדול בית ה,בית-השיטה עסיס תעשיו,IL,זית ירוק גדול בית השיטה 340גר,גרמים,0.00,100 גרם,false,1,12.90,0.0000,true,1,195851
7290113192355,true,חרוזית ירוק בית השיט,בית-השיטה עסיס תעשיו,IL,חרוזית ירוק בית השיטה 275גר,גרמים,275.00,100 גרם,false,1,11.90,4.3273,true,1,195853
7290113192362,true,טבעות זיתים ירק בית,בית-השיטה עסיס תעשיו,IL,טבעות זיתים ירק בית השיטה 280גר,גרמים,280.00,100 גרם,false,1,13.90,4.9643,true,1,195854
7290113192393,true,קוקטייל זיתים בית ה,בית-השיטה עסיס תעשיו,IL,קוקטייל זיתים בית השיטה 336גר,גרמים,336.00,100 גרם,false,1,13.90,4.1369,true,1,195857
7290113192478,true,מלפפונים במלח 10-12,בית-השיטה עסיס תעשיו,IL,מלפפונים במלח 10-12 בית השיטה 320גר,גרמים,320.00,100 גרם,false,1,9.90,3.0938,true,1,195865
7290113192485,true,מלפפונים בחומץ 10-12,בית-השיטה עסיס תעשיו,IL,מלפפונים בחומץ 10-12בית השיטה 290גר,גרמים,290.00,100 גרם,false,1,9.90,3.4138,true,1,195866
7290113192508,true,מלפפונים במלח 17-13ב,בית-השיטה עסיס תעשיו,IL,מלפפונים במלח 17-13בית השיטה 320גר,גרמים,320.00,100 גרם,false,1,11.90,3.7188,true,1,195868
7290113192515,true,מלפפונים במלח 18 -25,בית-השיטה עסיס תעשיו,IL,מלפפונים במלח 18 -25בית השיטה 320גר,גרמים,0.00,100 גרם,false,1,13.90,0.0000,true,1,195869
7290113192539,true,מלפפונים במלח 7-9 ב,בית-השיטה עסיס תעשיו,IL,מלפפונים במלח 7-9 בית השיטה 320גר,גרמים,320.00,100 גרם,false,1,7.90,2.4688,true,1,195871
7290113192577,true,כרוב כבוש בית השיטה,שוורצקוף& הנקל דיסלד,IL,כרוב כבוש בית השיטה 430גר,גרמים,430.00,100 גרם,false,1,9.90,2.3023,true,1,195874
7290113193031,false,חרוזית קלמטה - זיתים שחורים ללא גלעין קלמטה,"בית השיטה תעשיות בע""\מ",IL,זית חרוזית קלמטה בית השיטה 275גרם,גרמים,275.00,100 גרם,false,1,14.90,5.4182,true,1,197758
7290113195479,false,קמח שקדים 200 גרם - שקדיה,"שקדיה גבע תעשיות בע""",IL,קמח שקדים 200 גר שקדיה זיפר,גרמים,200.00,100 גרם,false,1,16.90,8.4500,true,1,203011
7290113198562,false,סוכריות גומי בטעם תות שדה 200 ג' שקדיה,טופגאם תעשיות ממתקים,IL,סוכריות גומי בטעם תות שדה 200גרם,גרמים,200.00,100 גרם,false,1,11.90,5.9500,true,1,203039
7290113199897,false,סוכריות חמצוצים בטעם תות שדה 180 ג' שקדיה,טופגאם תעשיות ממתקים,IL,סוכריות חמצוצים בטעם תות שדה 180 גרם,גרמים,180.00,100 גרם,false,1,11.90,6.6111,true,1,204692
7290114310550,false,גבינת פטה עיזים מעודנת 5% משק צוריאל 200 גרם,מחלבת משק צוריאל,IL,בולגרית עיזים מעודנת 16% בגביע - 200 גר',גרמים,200.00,100 גרם,false,1,25.90,12.9500,true,1,202032
7290114311458,false,קרטון חלב 3% מועשר ויטמין די 1ליטר,Unknown,IL,D,ליטרים,1.00,ליטר,false,1,8.50,8.5000,true,1,207588
7290115190052,false,סיגריות מרלבורו מדיום פלייבור מיקס,פיליפ מוריס,US,סיגריות מרלבורו פלייבור מיקסPP חפיסה בוד,יחידה,1.00,יחידה,false,1,35.50,35.5000,false,1,199237
7290115190090,false,סיגריות מרלבורו קצר בוקס בודד,פיליפ מוריס,US,סיגריות מרלבורו גולדPP חפיסה,יחידה,1.00,יחידה,false,1,35.50,35.5000,false,1,199370
7290115190137,false,סיגריות מרלבורו טאצ סילבר יחידה,פיליפ מוריס,IL,סיגריות מרלבורו פיין טאץPP חפיסה,יחידה,1.00,יחידה,false,1,31.50,31.5000,false,1,199392
7290115190151,false,סיגריות מרלבורו טאצ גולד,פיליפ מוריס,IL,סיגריות מרלבורו טאץPP חפיסה,יחידה,1.00,יחידה,false,1,31.50,31.5000,false,1,199384
7290115190175,false,פרלמנט סופר סלימס קופסא,פיליפ מוריס,US,סיגריות פרלמנט סופר סלימסPP חפיסה בודד,יחידה,1.00,יחידה,false,1,40.40,40.4000,false,1,199233
7290115190274,false,סיגריות פרלמנט סילבר,פיליפ מוריס,US,סיגריות פרלמנט סילברPP חפיסה,יחידה,1.00,יחידה,false,1,40.40,40.4000,false,1,199386
7290115190892,false,סיגריות מרלבורו פיוז'ן קפסולה בודד,פיליפ מוריס,IL,סיגריות מרלבורו פיוזן קפסולה בודד,יחידה,1.00,יחידה,false,1,29.20,29.2000,false,1,202195
7290115200003,false,פתי בר פינוקי וניל אסם 220 גרם,תאי פרזידנט פוד פאבל,PL,אסם פתי בר פינוקי וניל 220 גרם,גרמים,220.00,100 גרם,false,1,13.90,6.3182,true,1,198566
7290115201703,false,ביסלי ברביקיו גדול אסם 200 גרם,מיוצר עי קונדיטוריית,IL,בסלי ברביקיו 200גרם,גרמים,200.00,100 גרם,false,1,10.90,5.4500,true,1,199746
7290115202236,false,טופו קראנצ'ים טבעול 470 גרם,עיצובים 2020 (4.8),IL,טבעול טופו קרנצים 470גרם,גרמים,470.00,100 גרם,false,1,31.90,6.7872,true,1,202219
7290115204698,false,אסם שטוחים שומשום בטעם ביסלי גריל 300 גר',מיוצר עי קונדיטוריית,IL,אסם בייגלה שטוחים שומשום בטעם ביסלי 300,גרמים,300.00,100 גרם,false,1,11.90,3.9667,true,1,202697
7290115205978,false,פתיבר ואצבעות שוקולד 180 גרם - רבנות,"t\ד""\ר ג'\רארד בע""\מn\",PL,אסם פתי בר אצבעות שוקולד 180גרם,גרמים,180.00,100 גרם,false,1,13.90,7.7222,true,1,204419
7290115208061,false,סירופ תפוח ויטמינצ'יק 1 ליטר,בית השיטה עסיס תעשיות מז,IL,ויטמינציק תפוח 1 ליטר,ליטרים,1.00,ליטר,false,1,23.90,23.9000,true,1,204219
7290115209174,false,במבה אורירית קלאסי 60 גר',אסם השקעות בעמ,IL,במבה אורירית 60גרם,גרמים,60.00,100 גרם,false,1,4.90,8.1667,true,1,207209
7290115677362,false,"נודלס טריאקי ""דלישס"" שטראוס","טרופיקל דגיל בע""מ אז",IL,דלישס נודלס טריאקי,גרמים,350.00,100 גרם,false,1,26.90,7.6857,true,1,203210
7290115677959,false,אחלה סלט גוואקמולי 220 גרם,סנטה אירפואטו,IL,גוואקמולי אחלה 220 גרם,גרמים,220.00,100 גרם,false,1,17.90,8.1364,true,1,203622
7290115678376,false,מעדן הגולן שוקולד 125 גרם,מיוצר עי קונדיטוריית,IL,מעדן הגולן שוקולד,גרמים,125.00,100 גרם,false,1,3.20,2.5600,true,1,202505
7290116530147,false,"תחליב רחצה שייק פירות יער ירוקים ומאצה פינוק 700 מ""ל",יוניליוור ישראל טיפוח אי,IL,תחליב רחצה פינוק פירות יער שייק 700 מל,מיליליטרים,700.00,"100 מ""ל",false,1,14.90,2.1286,true,1,202860
7290116531069,false,קנור מרק בצל 100% רכיבים טבעיים 225 גרם,יוניליוור ישראל מזון בע\,IL,קנור מרק בצל 100% רכיבים טבעיים 225 גרם,גרמים,235.00,100 גרם,false,1,19.90,8.4681,true,1,204002
7290116531779,false,דפים ריחניים למייבש כביסה בדין כחול 40 יחידות,"קלינטסט - 3p ארה""ב",US,בדין דפי מרכך למייבש כביסה כחול 40 יחידות,יחידה,1.00,יחידה,false,1,21.90,21.9000,true,1,205390
7290116930282,false,ארוחה בקטנה לאבנה עם קרקרים 150ג' תנובה,תנובה חלב,IL,ארוחה בקטנה לאבנה עם קרקרים 150 גרם,גרמים,150.00,100 גרם,false,1,7.90,5.2667,true,1,207168
7290116930435,false,יופלה גו במרקם סמיך עם דובדבן 0% 200מל,תנובה מרכז שיתופי לש,IL,יוגורט גו סמיך 0% דובדבן,גרמים,150.00,100 גרם,false,1,6.50,4.3333,true,1,205138
7290116930442,false,"משקה SHAKE בננה מנגו תפוז גזר וצ'יה 230 מ""ל יופלה",יופלה Yoplait,IL,SHAKE יופלה בננה מנגו תפוז גזר וציה 230,מיליליטרים,230.00,"100 מ""ל",false,1,8.90,3.8696,true,1,206781
7290116930640,false,יולו בייגלה שוקול.חלב120,תנובה בעמ,IL,יולו שוקולד חלב עם שברי בייגלה 120 גרם,גרמים,120.00,100 גרם,false,1,5.50,4.5833,true,1,206786
7290116930701,false,מעדן חלב GO מועשר בחלבון בטעם קרמל מלוח,תנובה מרכז שיתופי לש,IL,GOמעדן חלב בטעם קרמל מלוח 120גרם,גרמים,120.00,100 גרם,false,1,5.20,4.3333,true,1,206785
7290116931081,false,מעדן סויה - טופי קרמל 125 גרם אלטרנטיב,תנובה מרכז שיתופי לש,IL,מעדן סויה בטעם טופי קרמל 125 גרם,גרמים,125.00,100 גרם,false,1,4.70,3.7600,true,1,207311
7290116931104,false,יופלה GO במרקם סמיך עם אננס 0% תנובה 200 גרם,תנובה חלב,IL,יופלה גו במרקם סמיך עם אננס 0% 200גרם,גרמים,200.00,100 גרם,false,1,6.50,3.2500,true,1,207313
7290117261378,false,גבינת קשקבל לייט EURO CHEESE ויליפוד 250 גרם,סאסו פטוראגס קומטויס,TR,גבינת קשקבל לייט 8% יורו 250גרם,גרמים,250.00,100 גרם,false,1,16.90,6.7600,true,1,205804
7290117382325,false,סלים דליס - פרו 33 חטיף חלבון מצופה שוקולד חלב 60 גרם,"י. מרבה ישראל בע""\מ",IT,חטיף סלים דליס פרו מצופה שוקולד חלב 6,גרמים,60.00,100 גרם,false,1,13.90,23.1667,true,1,207171
7297488097995,false,גרנולה דבש ללא גלוטן 250 גרם דגש,תות תעשיות מזון (201,IL,בריאות וטבע גרנולה דבש 250 גרם,גרמים,250.00,100 גרם,false,1,16.90,6.7600,true,1,151962
7297488098015,false,גרנולה קרנץ' עם שוקולד צ'יפס מריר ללא גלוטן 250 גרם דגש,תות תעשיות מזון (201,IL,גרנולה קרנצי שוקו דגש 250 גרם,גרמים,250.00,100 גרם,false,1,16.90,6.7600,true,1,151964
7297488099753,false,דגש עוגיות בטעם שוקולד וקוקוס 250 גרם,תות תעשיות מזון (201,IL,עוגיות בטעם שוקולד וקוקוס 250 גרם,גרמים,250.00,100 גרם,false,1,29.90,11.9600,true,1,173712
7297488099821,false,גרנולה ללא תוספת סוכר לנמנעים מגלוטן,תות תעשיות מזון (201,IL,בריאות וטבע גרנולה 250 גרם,גרמים,250.00,100 גרם,false,1,16.90,6.7600,true,1,173714
7298074501018,false,בליסטקס קלאסיק שפתון לשפתיים יבשות וסדוק,מדיליין פריגו,US,שפתון בליסטקס קלאסיק,יחידה,1.00,יחידה,false,1,9.90,9.9000,true,1,201704
7394376615832,false,אוטלי משקה שיבולת שועל בטעם שוקולד 1 ליטר,טרנסומס פוד,SE,משקה שיבולת שועל בטעם שוקולד אוטלי 1 לי,ליטרים,1.00,ליטר,false,1,16.90,16.9000,true,1,198241
7394376616778,false,אוטלי משקה שיבולת שועל להקצפה בריסטה 1 ליטר,טרנסומס פוד,SE,משקה שיבולת שועל  להקצפה בריסטה אוטלי 1,ליטרים,1.00,ליטר,false,1,16.90,16.9000,true,1,198240
7501013122190,false,ג'ומקס מיץ תפוחים קרטונית ליטר תריסר,חומקס קומר קומרסאליזדורה,MX,ג'ומקס תפוחים קרטונית ליטר תריסר,ליטרים,1.00,ליטר,false,1,12.90,12.9000,true,1,194259
7501049936945,false,"שישיית בירה סול בקבוק 330 מ""ל",היינקן,NL,"בירה סול שישייה (6X330 מ""ל)",ליטרים,1.98,ליטר,false,1,36.90,18.6364,true,1,197305
7501064191398,false,שישיית בירה קורונה אקסטרא *355 מל,קריניציה ויטמינה אס,MX,בשישיית בירה קורונה אקסטרה 2.13 ל',ליטרים,2.13,ליטר,false,6,44.90,21.0798,true,1,192618
7503012779306,false,סירופ אגבה כחולה 100% 330 גרם נטורפוד,נוטריגבאס דה מקסיקו,MX,נטור פוד סירופ אגבה כחולה אורגני 330 גרם,גרמים,330.00,100 גרם,false,1,21.90,6.6364,true,1,151616
7610400014649,false,לינדור קוביות במילוי קרם שוקולד חלב 100 גרם,לינדט ושפרונגלי קילשברג,CH,שוקולד לינדור חלב 100 גרם,גרמים,100.00,100 גרם,false,1,16.90,16.9000,true,1,136033
7610400074155,false,לינדט לינדור קוביות במילוי קרם שוקולד 60% מוצקי קקאו 100 גרם,לינדט ושפרונגלי קילשברג,CH,שוקולד לינדור מריר 60% 100 גרם,גרמים,100.00,100 גרם,false,1,16.90,16.9000,true,1,145010
7610400075770,false,לינדט לה גרנד שוקולד מריר אגוז 150 גרם,לינדט ושפרונגלי קילשברג,CH,לינדט לגרנד דארק הזלנט 150 גרם,גרמים,150.00,100 גרם,false,1,24.90,16.6000,true,1,182103
7610400091060,false,שוקולד מריר לינדט אקסלנס בתוספת תפוז ושקדים,לינדט ושפרונגלי קילש,CH,שוקולד לינדט אקסלנס תפוז 100 גרם,גרמים,100.00,100 גרם,false,1,16.90,16.9000,true,1,197490
7613035635845,false,פיטנס גרנולה שוקולד 14*300 גרם,שוורצקוף& הנקל דיסלד,LT,גרנולה פיטנס שוקולד 300 גרם,גרמים,300.00,100 גרם,false,1,15.90,5.3000,true,1,167085
7613037686906,false,פיטנס שקדים ודבש 355 גרם מופחת סוכר,נסטלה צרפת איטנקורט,FR,פיטנס שקדים ודבש 14*355גרם N9LEM 2019,גרמים,355.00,100 גרם,false,1,22.90,6.4507,true,1,196397
7613038268262,false,דגני בוקר צ'יריוס דבש ושקדים במתיקות מעודנת,נסטלה פולין דגני בוק,FR,דגני האני נאט ציריוס מופחת סוכר 410ג N9L,גרמים,410.00,100 גרם,false,1,21.90,5.3415,true,1,196217
7616500647251,false,שוקולד חלב עם אגוזים180ג,פריי )שוקולד(,CH,פריי שוקולד חלב אגוז 180 גרם,גרמים,180.00,100 גרם,false,1,19.90,11.0556,true,1,182138
7622010001858,false,עוגיות אוראו ממולאות קרם וניל 176 גרם.,פי אר ג'\יי אס אי מנדלז,UA,עוגיות אוראו ממולאות קרם וניל 176 גרם,גרמים,176.00,100 גרם,false,1,10.90,6.1932,true,1,166869
7622201802394,false,שוקולד מילקה חלב מסרונים 100 גרם,מנדלז דויצ'\לנד סנקס פרו,DE,שוקולד חלב מילקה 100 גרם,גרמים,100.00,100 גרם,false,1,7.90,7.9000,true,1,202420
7622201813390,false,עוגיות מילקה וואפל במילוי קרם קקאו 150 ג,מונדליז סי.אר. ביסקוויט,CZ,מילקה וואפל במילוי קרם קקאו 150 גרם,גרמים,150.00,100 גרם,false,1,12.90,8.6000,true,1,201091
7622210163899,false,שוקולד חלב במילוי סוכריות עדשים,מונדלז דויצ'לנד סנקס,DE,מילקה שוקולד חלב עם עדשים 100 גרם,גרמים,100.00,100 גרם,false,1,7.90,7.9000,true,1,165000
7622210637994,false,מיני עוגיות אוראו קראנצ'י בייטס אורגינל,מונדלז אספניה ג'לאטס,ES,אוראו קראנצ'י בייטס מצופים 110 גרם,גרמים,110.00,100 גרם,false,1,9.90,9.0000,true,1,200539
7622210638021,false,מיני עוגיות אוראו קראנצ'י בייטס מצופים,מונדלז אספניה ג'לאטס,ES,אוראו קראנצ'י בייטס מצופים 110 גרם,גרמים,110.00,100 גרם,false,1,9.90,9.0000,true,1,200540
7622210826053,false,שוקולד מילקה אוראו סנדוויץ 92 גר',גיאורי קאקסז קייאףטי,HU,שוקולד מילקה אוראו סנדביץ 92 גרם,גרמים,92.00,100 גרם,false,1,7.90,8.5870,true,1,200157
7622300340285,false,גבינת שמנת 22% שומן 175 ג' פילדלפיה,מונדלז דויצ'לנד פרוד,DE,גבינת שמנת 21% שומן,גרמים,175.00,100 גרם,false,1,16.90,9.6571,true,1,184244
7622300340292,false,גבינת שמנת 11% שומן 175 ג' פילדלפיה,מונדלז דויצ'לנד פרוד,DE,גבינת שמנת מופחתת שומן 11% שומן,גרמים,175.00,100 גרם,false,1,16.90,9.6571,true,1,184245
7622300489434,false,"עוגיות אוראו פאדג' בציפוי שוקולד חלב, 246 גרם",מנדלז אספנה גאלטס פר,ES,אוריאו פאג' שוקולד חלב 246 גרם,גרמים,246.00,100 גרם,false,1,23.90,9.7154,true,1,169070
7622300495046,false,מילקה שוקולד חלב עם אקסטרה קקאו 100 גרם,מנדלז דויצ'\לנד סנקס פרו,DE,מילקה שוקולד חלב עם אקסטרה קקאו 100 גרם,גרמים,100.00,100 גרם,false,1,7.90,7.9000,true,1,153595
7622300617820,false,מילקה שוקולד חלב במילוי קרם חלב ווניל ושבבי עוגיות אוראו 100 גרם,מנדלז דויצ'\לנד סנקס פרו,DE,שוקולד חלב אוראו מילקה 100 גרם,גרמים,100.00,100 גרם,false,1,7.90,7.9000,true,1,153250
7630477891592,false,סטארבקס קפסולות קפה האוס בלנד 10 יחידות,נסטלה שוויץ - קפה,CH,סטארבקס קפסולות האוס בלנד 57 גרם,גרמים,57.00,100 גרם,false,1,22.90,40.1754,true,1,202448
7630477891639,false,סטארבקס קפסולות קפה ורונה 10 יחידות,נסטלה שוויץ - קפה,CH,סטארבקס קפסולות ורונה 55 גרם,גרמים,55.00,100 גרם,false,1,22.90,41.6364,true,1,202450
7630477891738,false,סטארבקס קפסולות קפה אספרסו בלונד 10 יחיד,נסטלה שוויץ - קפה,CH,סטארבקס קפסולות אספרסו בלונד 53 גרם,גרמים,53.00,100 גרם,false,1,22.90,43.2075,true,1,202447
7792860006218,false,סוכריות לקקנים בייבי דול Baby Doll לריטר,גוד פוד פרודקטס S.p,AR,"סוכריות בייבי דול, 24 גרם",גרמים,20.00,100 גרם,false,1,2.90,14.5000,true,1,136046
7804414000877,false,"יין דון חוליו מרלו 750 מ""ל",צ'ילה לואיס פיליפה אדוארדס,CL,דון חוליו יין אדום יבש מרלו 2019,מיליליטרים,750.00,"100 מ""ל",false,1,32.90,4.3867,true,1,136048
7804414000884,false,"דון חוליו שרדונה 750 מ""ל",צ'ילה לואיס פיליפה אדוארדס,CL,דון חוליו יין 12% לבן יבש שרדונה 2017,מיליליטרים,750.00,"100 מ""ל",false,1,32.90,4.3867,true,1,136049
8000040001106,false,קמפרי ביטר אפרטיף 700מל,דויד קמפרי,IT,"קמפרי 700 מ""ל",מיליליטרים,700.00,"100 מ""ל",false,1,99.90,14.2714,true,1,159545
8000070081017,false,קפסולות קפה אספרסו דיצו 10 10 יחידות,לאוג'\י לוואצה אס.פי.אי,IT,קפסולות דיצו 50 גרם,גרמים,50.00,100 גרם,false,1,18.90,37.8000,true,1,206883
8000215204219,false,ויטאריז משקה אורז אורגני 1 ליטר,בטר אנד דיפרנט,IT,משקה אורז אורגני 1 ליטר,ליטרים,1.00,ליטר,false,1,14.90,14.9000,true,1,147721
8000215204240,false,ויטאריז משקה שקדים ואורז אורגני 1 ליטר,בטר אנד דיפרנט,IT,משקה שקדים ואורז אורגני 1 ליטר,ליטרים,1.00,ליטר,false,1,14.90,14.9000,true,1,147722
8000215204394,false,"משקה אורז אורגני אגוז לוז ""נטורפוד""",בטר אנד דיפרנט,US,משקה אגוזי לוז ואורז אורגני 1 ליטר,ליטרים,1.00,ליטר,false,1,16.90,16.9000,true,1,158870
8000215204653,false,משקה סויה אורגני 1ליטר,בטר אנד דיפרנט,IT,ויטאסי משקה סויה אורגני,ליטרים,1.00,ליטר,false,1,12.90,12.9000,true,1,194827
8000215204714,false,משקה שיבולת שועל אורגני 1 ליטר PRIMAVENA,בטר אנד דיפרנט,IT,פרימאבנה משקה שיבולת שועל אורגני 1 ליטר,ליטרים,1.00,ליטר,false,1,14.90,14.9000,true,1,158871
8000380003761,false,וופל גרנד פטיסרי שוקולד וקוקוס לואקר 100 גרם,קריניציה ויטמינה אס,IT,לואקר גרנד פטיסרי קוקוס 100 גרם,גרמים,100.00,100 גרם,false,1,13.90,13.9000,true,1,136062
8000380004676,false,קוביות וופל סנדוויץ Sandwich עם וניל וחלב,"א. לואקר, קונפקט ג'י",AT,ופל סנדויץ קרם וניל לואקר 200 גרם,גרמים,200.00,100 גרם,false,1,15.90,7.9500,true,1,136063
8000380007219,false,וופלים בטעם אגוזים לואקר 175 גרם,ליימן מותגים,AT,לואקר קלאסיק אגוז 175 גרם,גרמים,175.00,100 גרם,false,1,12.90,7.3714,true,1,136066
8000380007257,false,וופל גרדנה אגוזים לואקר 200 גרם,קריניציה ויטמינה אס,IT,לואקר גרנדה אגוז 200 גר',גרמים,200.00,100 גרם,false,1,14.90,7.4500,true,1,136067
8000380106028,false,טורטינה לואקר וופל שוקולד ואגוזים שישיה 125ג',קריניציה ויטמינה אס,IT,טורטינה 1/6 חדש,גרמים,125.00,100 גרם,false,1,18.50,14.8000,true,1,142441
8000380153442,false,וופל קלאסיק בטעם אגוזים לואקר 90 גרם,ליימן שליסל,IT,ופל אגוז לואקר 90 גרם,גרמים,90.00,100 גרם,false,1,7.90,8.7778,true,1,153835
8000380153466,false,וופל קלאסיק בטעם קקאו לואקר 90 גרם,קריניציה ויטמינה אס,IT,ופל שוקולד לואקר 90 גרם,גרמים,90.00,100 גרם,false,1,7.90,8.7778,true,1,153822
8000500037874,false,בונבונרייה פררו רושר 200 גרם,פררו - אלבה,IT,בונבוניירה רושר אריזה דקורטיבית 200 גרם,גרמים,200.00,100 גרם,false,1,27.90,13.9500,true,1,136072
8000500071083,false,אצבעות שוקולד קינדר Kinder שש עשרה יחידות,פררו - אלבה,IT,שוקולד חלב עם תכולת חלב גבוהה במילוי קרם חלבי,גרמים,200.00,100 גרם,false,1,14.50,7.2500,true,1,136073
8000500249352,false,קינדר בואנו מיני מיקס שקית 205 ג',פררו - אלבה,PL,קינדר בואנו מיני מיקס,גרמים,205.00,100 גרם,false,1,24.00,11.7073,true,1,172866
8000500267103,true,קינדר דליס עשיריה,קדבורי,IT,קינדר דליס עוגת ספוג קקאו במילוי חלבי 390 גרם,גרמים,390.00,100 גרם,false,1,25.90,6.6410,true,1,172132
8000500374429,false,פררו גרנד רושה מעטפת שוקולד חלב 125 גרם,פררו,PL,מעטפת שוקולד חלב אגוזי לוז 100 גר,גרמים,100.00,100 גרם,false,1,17.90,17.9000,true,1,202684
8001090458353,true,פיירי אנטי בקטריאלי,פרוקטר אנד גמבל,DE,פיירי אנטי בקטריאלי 515 מל,מיליליטרים,515.00,"100 מ""ל",false,1,10.90,2.1165,true,1,194014
8001090810205,false,"פנטן שמפו נוסחה קלאסית 500 מ""ל",פנטן שמפן/מרכך 500 מ,RO,"פנטן שמפו הנוסחה הקלאסית 500 מ""ל",מיליליטרים,500.00,"100 מ""ל",false,1,19.90,3.9800,true,1,189703
8001090810403,false,"פנטן שמפו למגע רך כמשי 500 מ""ל",פנטן שמפן/מרכך 500 מ,RO,פנטן שמפו למגע רך כמשי 500 מל,מיליליטרים,500.00,"100 מ""ל",false,1,19.90,3.9800,true,1,189701
8001090833167,false,גל כביסה אריאל בניחוח הרים 2.365 ליטר,פרוקטור אנד גמבל,FR,אריאל ג'ל כביסה ניחוח הרים 2.365 ליטר,ליטרים,2.37,ליטר,false,1,34.90,14.7257,true,1,190889
8001090833198,false,אריאל נוזל כביסה 2.47 ליטר ניחוח מרענן,פרוקטור אנד גמבל,FR,אריאל ג'ל כביסה ניחוח מרענן 2.365 ליטר,ליטרים,2.37,ליטר,false,1,34.90,14.7257,true,1,190890
8001090891273,false,לנור כדוריות בושם בניחוח סחלב 210 גרם,פרוקטר אנד גמבל,US,לנור כדוריות הבושם בניחוח סחלב 210 גרם,גרמים,210.00,100 גרם,false,1,35.90,17.0952,true,1,199047
8001090988881,false,מרכך פנטן קונדישנר למגע רך כמשי 500 מל,פרוקטר אנד גמבל,,"פנטן קונדישנר למגע רך כמשי 500 מ""ל",מיליליטרים,500.00,"100 מ""ל",false,1,19.90,3.9800,true,1,189702
8001620011935,false,"סן בנדטו- מים מינרלים מוגז - מארז שישיית 500 מ""ל",אקווה מינרלה סאן בנד,IT,סן בנדטו מוגז 500 מל שישייה,ליטרים,3.00,ליטר,false,1,15.90,5.3000,true,1,149575
8001620015612,false,"משקה פירות פרוטה-גזר תפוז לימון 400 מ""ל סאן בנדטו",אקווה מינרלה סאן בנדטו ב,IT,משקה פירות פרוטה בטעם תפוז גזר לימון,מיליליטרים,400.00,"100 מ""ל",false,1,8.50,2.1250,true,1,201553
8001620015636,false,"משקה פירות פרוטה-מיקס פירות 400 מ""ל סאן בנדטו",אקווה מינרלה סאן בנדטו ב,IT,משקה פירות פרוטה בטעם מיקס פירות,מיליליטרים,400.00,"100 מ""ל",false,1,8.50,2.1250,true,1,201554
8001841669465,false,קפסולות לכביסה אריאל בניחוח לנור 24 יחידות,פרוקטר אנד גמבל,FR,אריאל קפסולות 24 יח' בניחוח לנור,יחידה,1.00,יחידה,false,1,36.90,36.9000,true,1,202196
8002205319835,false,מזון לחתולים בוגרים בטעם סלמון פורינה ONE,נסטלה פורינה צרפת,FR,ONE חתול בוגר סלמון 800,גרמים,800.00,100 גרם,false,1,37.90,4.7375,true,1,194801
8002270015649,false,סן פלגרינו מים מינרלים טבעיים מוגזים,סן פלגרינו ס.פ.א לוק,IT,"סן פלגרינו 250 מ""ל 24 יח",מיליליטרים,250.00,"100 מ""ל",false,1,6.50,2.6000,true,1,142828
8002270015656,false,מים מינרליים טבעיים מוגזים סן פלגרינו 750 מל זכוכית,סן פלגרינו ס.פ.א לוק,IT,"סן פלגרינו 750 מ""ל 12 יח'",מיליליטרים,750.00,"100 מ""ל",false,1,10.20,1.3600,true,1,140564
8002270846472,false,סן פלגרינו מים מינרליים טבעיים מוגזים,סן-פלגרינו,IT,"סן פלגרינו מוגז פלסטיק 500 מ""ל 24 יחידות",מיליליטרים,500.00,"100 מ""ל",false,1,5.90,1.1800,true,1,153486
8004030022010,false,ירקות גינה עם טונה ריו מרה אינסלטיסימי 160 ג',"בולטון אלימנטרי בע""\מ",IT,ריו מר ירקות גינה עם טונה 160 גרם,גרמים,160.00,100 גרם,false,1,19.50,12.1875,true,1,165999
8004030102033,false,טונה בשמן זית עם מיץ לימון ופלפל שחור - מארז 3 יח',בולטון אלימנטרי,IT,ריו מרה טונה בשמן עם לימון ופלפל 80*3 ג,גרמים,240.00,100 גרם,false,3,29.90,12.4583,true,1,191686
8004030344938,false,"ריו מרה טונה בשמן זית 3X80 גרם מתכון חדש כשל""פ","בולטון אלימנטרי בע""\מ",IT,ריו מרה נתחי טונה בהירה בשמן זית 240 גרם,גרמים,240.00,100 גרם,false,1,29.90,12.4583,true,1,169535
8004690052044,false,פסטה פנה ריגטה 500 גרם,לה מוליזנה קמפובאסן,IT,פסטה איטלקית פנה זיטי ריגטה 500 גרם LM,גרמים,500.00,100 גרם,false,1,8.90,1.7800,true,1,158917
8004690052846,false,פוזילי לה מוליזנה 500 גר,לה מוליסנה,IT,פסטה איטלקית פוזילי 500 גרם LM,גרמים,500.00,100 גרם,false,1,8.90,1.7800,true,1,158918
8004690057308,false,L.M פסטה איטלקית רדיאטורי 500 גרם,לה מוליסנה,IT,פסטה איטלקית רדיאטורי 500 גרם LM,גרמים,500.00,100 גרם,false,1,8.90,1.7800,true,1,194078
8004690058008,false,L.M פסטה איטלקית ג'מלי 500 גרם,לה מוליזנה קמפובאסן,IT,פסטה איטלקית גמלי 500 גרם LM,גרמים,500.00,100 גרם,false,1,8.90,1.7800,true,1,194072
8004690106600,false,L.M פסטה איטלקית פרפאלה 500 גרם,לה מוליזנה קמפובאסן,IT,פסטה איטלקית פרפאלה 500 גרם LM,גרמים,500.00,100 גרם,false,1,8.90,1.7800,true,1,159320
8005110002243,false,רכז עגבניות Doppio Concentr בשפופרת 185 ג' MUTTI,"איי, בי, אינבוו",IT,רכז עגבניות בשפורפרת Doppio MUTTI 185,גרמים,185.00,100 גרם,false,1,9.90,5.3514,true,1,199026
8005110170300,false,עגבניות מרוסקות חתוכות מוטי MUTTI שלישיה *400,מוטי Mutti,IT,שלישיית עגבניות מרוסקות 400 גר MUTTI,גרמים,400.00,100 גרם,false,1,18.90,4.7250,true,1,168432
8005110200014,false,רסק עגבניות 210 ג' CONCENTRATO MUTTI,"איי, בי, אינבוו",IT,רסק עגבניות בתוספת מלח 22Bx ללא תוספת סוכר,גרמים,210.00,100 גרם,false,1,7.90,3.7619,true,1,168919
8006050090239,false,"חומץ בלסמי ממודנה מאצטי אורגני 500 מ""ל",יבואן ומשווק: ש. שסט,IT,מאצטי אורגינל חומץ בלסמי ממודנה 500 מל,מיליליטרים,500.00,"100 מ""ל",false,1,29.90,5.9800,true,1,183710
8006227001372,false,סמנצאטו – לחם מחמצת לבן עם שמן זית ללא קשה 1400 גרם,רו. מאר ס.ר.ל,IT,סמנצאטו לחם מחמצת לבן משמן זית 400 גרם ל,גרמים,250.00,100 גרם,false,1,19.90,7.9600,true,1,203255
8007270999012,false,שמן גרעיני ענבים 1 ליטר,קוסטה דיאורו,IT,קוסטה דיאורו שמן גרעיני ענבים 1 ליטר,ליטרים,1.00,ליטר,false,1,31.90,31.9000,true,1,171668
8010024006010,false,השקד – 100% חמאת שקדים 350 גרם,תות תעשיות מזון (201,IT,חמאת שקדים,גרמים,350.00,100 גרם,false,1,39.90,11.4000,true,1,170085
8024985002783,true,מחית סמוזי גזר דלעת,נטורה נובה,IT,מחית סמוזי גזר דלעת 100 גרם,גרמים,100.00,100 גרם,false,1,6.50,6.5000,true,1,183711
8024985002967,false,סמוזי נטורה נובה בננה תרד 100 גרם,נטורה נובה,IT,סמוצ'י תפוח בננה תרד אורגניים,גרמים,100.00,100 גרם,false,1,6.20,6.2000,true,1,193315
8024985003988,false,סמוזי תפוח בננה 100 גר נטורה נובה,נטורה נובה,IT,סמוצ'י תפוח בננה אורגניים 100 גרם,גרמים,100.00,100 גרם,false,1,6.20,6.2000,true,1,164792
8024985008037,false,סמוזי נטורה נובה סמוצי תפוח 100 גרם,"נטורפוד בע""מ",IT,סמוצ'י תפוחים אורגניים 100 גרם,גרמים,100.00,100 גרם,false,1,6.50,6.5000,true,1,160736
8024985008044,false,נטורה משקה סמודי אגסים אורגני 100 גר,"נטורפוד בע""מ",IT,סמוצ'י אגסים אורגניים 100 גרם,גרמים,100.00,100 גרם,false,1,6.50,6.5000,true,1,160735
8024985011204,false,נטורה נובה-סמוזי תפוח תות בננה 100 גרם,נטורה נובה,IT,נטורה נובה סמוצ'י תפוח תות בננה אורגניים 100 גרם,גרמים,350.00,100 גרם,false,1,6.20,1.7714,true,1,204876
8032804430471,false,פליסיה קופסא - סדניני עדשים אדומות 250 גרם,אף.סי תבליני בגליל ב,IT,פליסיה ביו 100% עדשים אדומות בצורת אטריות 250 גרם,גרמים,250.00,100 גרם,false,1,13.90,5.5600,true,1,171580
8032804430501,false,פליסיה פסטה פוזילי אפונה אורגני 250 גרם,אף.סי תבליני בגליל ב,IT,פסטה מקמח אפונה ירוקה פליסיה 250 גרם,גרמים,250.00,100 גרם,false,1,13.90,5.5600,true,1,171579
8076800195033,false,ברילה - צ.א ספגטיני מס3 חדש 500 גרם,ברילה גי.אי.אר פרטלי ס.פ,IT,ברילה ספגטי מספר 3 500 גרם,גרמים,500.00,100 גרם,false,1,7.90,1.5800,true,1,136162
8076800195057,false,ברילה - צ.א ספגטי מס5 חדש 500 גרם,ברילה גי.אי.אר פרטלי ס.פ,IT,ברילה ספגטי מס' 5 500 גרם,גרמים,500.00,100 גרם,false,1,7.90,1.5800,true,1,136163
8076800315097,false,פסטה מקרוני בוקטיני מספר 9 ברילה 500 גרם,ברילה גי.אי.אר פרטלי ס.פ,IT,ברילה בוקטיני- מקרוני מס' 9 500 גרם,גרמים,500.00,100 גרם,false,1,7.90,1.5800,true,1,136165
8076802085738,false,ברילה צ.ק פנה רגטה מס' 73 500 גרם,ברילה גי.אי.אר פרטלי ס.פ,IT,ברילה פסטה פתיתים -פנה רגטה 500 גרם,גרמים,500.00,100 גרם,false,1,7.90,1.5800,true,1,136167
8076802085837,false,ברילה - צ.ק טורטליוני מס83 500 גרם,הנסיך- מפעל לייצור ט,IT,פסטה ברילה טורטיליוני מס 83 500 גרם,גרמים,500.00,100 גרם,false,1,7.90,1.5800,true,1,136168
8076808060654,false,פסטה פרפלה מספר 65 ברילה 500 גרם,ברילה גי.אי.אר פרטלי ס.פ,IT,ברילה פסטה פתיתים פרפלה 500 גרם,גרמים,500.00,100 גרם,false,1,7.90,1.5800,true,1,136172
8076808150072,false,ברילה - צ.א ספגטוני מס7 חדש 500 גרם,ברילה גי.אי.אר פרטלי ס.פ,IT,ברילה ספגטי מספר 7 500 גרם,גרמים,500.00,100 גרם,false,1,7.90,1.5800,true,1,136174
8076809512268,false,פסטה גירנדולה טורסדס מספר 34 ברילה 500 גרם,ברילה גי.אי.אר פרטלי ס.פ,IT,ברילה פסטה פתיתים- גירנדולה 500 גרם,גרמים,500.00,100 גרם,false,1,7.90,1.5800,true,1,136175
8076809513395,false,ברילה פומודורו רוטב עגבניות קלאסי 400 גר,ברילה גי.אי.אר פרטלי ס.פ,IT,ברילה רוטב עגבניות קלאסי 400 גרם,גרמים,400.00,100 גרם,false,1,15.90,3.9750,true,1,136177
8076809513692,false,רוטב עגבניות נפולטנה בתוספת ירקות,ברילה גי.אי.אר פרטלי ס.פ,IT,ברילה רוטב עגבניות עם ירקות שורש לפסטה 400 גרם,גרמים,400.00,100 גרם,false,1,15.90,3.9750,true,1,136178
8076809513739,false,ברילה רוטב עגבניות עם בזיליקום 400 גרם,ברילה גי.אי.אר פרטלי ס.פ,IT,ברילה רוטב עגבניות עם בזיליקום לפסטה 400 גרם,גרמים,400.00,100 גרם,false,1,15.90,3.9750,true,1,140937
8076809523561,false,ברילה - רוטב פסטה בטעם טוסקנה 400 גרם,ברילה גי.אי.אר פרטלי ס.פ,IT,ברילה רוטב טוסקנה לפסטה 400 גרם,גרמים,400.00,100 גרם,false,1,15.90,3.9750,true,1,144795
8076809523714,false,איטריות טליאטלה ברילה 500 גרם,"ש. שסטוביץ בע""\מ",IT,פסטה ברילה טליאטלה 500 גרם,גרמים,500.00,100 גרם,false,1,26.90,5.3800,true,1,139337
8076809523738,false,דפי לזניה ברילה 500 גרם,ברילה גי.אי.אר פרטלי ס.פ,IT,500 גרם לזניה ברילה,גרמים,500.00,100 גרם,false,1,25.90,5.1800,true,1,137506
8076809545457,false,ברילה אטריות ללא גלוטן 400 ג' צינורות 400 ג',ברילה ג'.אי.אר פרטלי,IT,ללא גלוטן - אריזה חדשה,גרמים,400.00,100 גרם,false,1,15.90,3.9750,true,1,165281
8076809547956,false,ברילה - צ.ק קיפרי 500 גרם,ברילה ג'.אי.אר פרטלי,IT,פסטה ברילה קיפרי 500 גרם,גרמים,500.00,100 גרם,false,1,7.90,1.5800,true,1,196967
8410104039134,false,"מנקה ומחדש מדיח כלים פיניש 250 מ""ל",הדקלאים אגודת שיתופי,PL,"מנקה מדיח כלים פיניש 250 מ""ל",מיליליטרים,250.00,"100 מ""ל",false,1,17.90,7.1600,true,1,136246
8410104045111,false,"פיניש מלח למדיח כלים 2ק""ג",רקיט בנקיזר,IL,פיניש מלח למדיח כלים 2 קג,קילוגרמים,2.00,"ק""ג",false,1,16.90,8.4500,true,1,136248
8410179100043,false,שמן זית בורחס מעולה750מל,PONTU BORGES ACEITES,ES,"BORGES שמן זית כתית מעולה 750 מ""ל",מיליליטרים,750.00,"100 מ""ל",false,1,37.90,5.0533,true,1,182628
8423207206488,false,סלים דליס חטיף דגנים מצופה שוקולד חלב מרבה 6*20 גרם,אף.סי תבליני בגליל ב,ES,חטיף דגנים סלים דליס שוקולד חלב 120 גרם,גרמים,120.00,100 גרם,false,1,14.90,12.4167,true,1,160171
8690504153740,false,גודייבה שוקולד מריר במילוי קרם גנאש 86 גרם,ביסקוט ביסקווי סילבר,TR,שוקולד מריר במילוי קרם בטעם גנאש שוקולד מריר,גרמים,86.00,100 גרם,false,1,15.90,18.4884,true,1,189242
8690637555084,false,"מרכך כביסה מרוכז אקסטרה פריחת התפוז בדין 960 מ""ל",יוניליוור סנאיי וי טיקאר,TR,בדין מרכך כביסה אקסטרה פריחת התפוז,מיליליטרים,960.00,"100 מ""ל",false,1,22.90,2.3854,true,1,146145
8690637835643,false,"תה ירוק לימונית ולאויזה 30 גרם ""ליפטון""",יונילוור - תורכיה,TR,תה ליפטון תה ירוק לואיזה ולימונית 30 גרם,גרמים,30.00,100 גרם,false,1,21.50,71.6667,true,1,172612
8690637865596,false,תחליב רחצה לניקוי וטיפוח עור הידיים,קוסטר אירוסול ולף סנ,TR,דאב תחליב רחצה לידיים מזין 500 מל,מיליליטרים,500.00,"100 מ""ל",false,1,18.90,3.7800,true,1,197323
8690766156374,false,גודייבה שוקולד מריר מעולה 72% מוצקי קקאו 72גרם,"אולקר מקבוצת פלאדיס,",TR,טבלת שוקולד מריר מעולה 72% מוצקי קקאו,גרמים,90.00,100 גרם,false,1,15.90,17.6667,true,1,196891
8690766156381,false,גודייבה שוקולד מריר 90% מוצקי קקאו 90 גרם,"אולקר מקבוצת פלאדיס,",TR,טבלת שוקולד מריר מעולה 90% מוצקי קקאו,גרמים,90.00,100 גרם,false,1,15.90,17.6667,true,1,196889
8697418280173,false,עלי טורטייה מחיטה מלאה 840 גרם LAVALIA,פרינסס גידה,TR,"עלי טורטייה מחיטה מלאה 25 ס""מ 840 גרם",גרמים,840.00,100 גרם,false,1,27.90,3.3214,true,1,143312
8697530910750,false,סיגריות פאל מאל כחול ארוך האוס,Unknown,TR,סיגריות פאל מל כחול ארוך חפיסה בודד,יחידה,0.00,יחידה,false,1,30.50,0.0000,false,1,142701
8710502194801,false,"עוגיות שוקלד ציפס רכה פירות יער ""מרבה"" 175 גרם",בנקטבקריי מרבה בי.וי,NL,מרבה עוגיות שוקולד צ'יפס במרקם רך עם פירות יער,גרמים,175.00,100 גרם,false,1,10.90,6.2286,true,1,167961
8710502470028,false,עוגיות שוקולד צ'יפס ממולאות בקרם נוגט,קריניציה ויטמינה אס,NL,עוגיות שוקולד ציפס נוגטלי מרבה 160 גרם,גרמים,160.00,100 גרם,false,1,10.90,6.8125,true,1,147702
8711327475762,false,מגנום פיינט שוקולד לבן עוגיות 260 גרם,"מפעל גלידות בווספרם, רחו",HU,מגנום גלידת שמנת שוקולד לבן ועוגיות 440 מל,גרמים,260.00,100 גרם,false,1,24.90,9.5769,true,1,200417
8712561594240,false,"דאב תחליב רחצה להזנה עמוקה500 מ""ל-מרכז","יוניליוור גרמניה, Gmbh &",DE,דאב תחליב רחצה להזנה עמוקה 500 מל,מיליליטרים,500.00,"100 מ""ל",false,1,19.90,3.9800,true,1,163945
8714599512159,false,קפה נמס ג'קובס מונארך190,"אל.אל.סי ""גייקובס דא",RU,גייקובס מגורען 190 גרם,גרמים,190.00,100 גרם,false,1,28.90,15.2105,true,1,204199
8714789740058,false,מברשת שיניים טוויסטר סופט קולגייט 2 יחידות,הנסיך- מפעל לייצור ט,CN,קולגייט מברשת טוויסטר זוג סופט,יחידה,1.00,יחידה,false,1,19.90,19.9000,true,1,152723
8715700115344,false,היינץ מתבל עגבניות 460 גרם כשלפ,אייץ'. ג'יי. היינץ פ,ES,"היינץ מתבל עגבניות 460 גרם כשל""פ",גרמים,460.00,100 גרם,false,1,8.90,1.9348,true,1,170358
8715700419732,false,מתבל עגבניות היינץ 700 גרם,ה.י. היינץ,NL,היינץ מתבל עגבניות 700 גרם,גרמים,700.00,100 גרם,false,1,13.90,1.9857,true,1,158214
8717163842669,false,"תחליב רחצה דאב חימר ירוק 500 מ""ל purifying",יוניליוור גרמניה,DE,DOVE ג'ל רחצה 500 ML,מיליליטרים,500.00,"100 מ""ל",false,1,19.90,3.9800,true,1,195973
8717677336616,false,שוקולד מריר עם שקדים ומלח טוניס' שוקולונלי 180 גרם,טוניס/שוקולונלי,NL,שוקולד מריר עם שקדים ומלח טוניס,גרמים,180.00,100 גרם,false,1,19.90,11.0556,true,1,204129
8717677336630,false,שוקולד חלב עם שקדים ודבש טוניס' שוקולונלי 180 גרם,טוניס/שוקולונלי,NL,שוקולד חלב עם שקדים ודבש טוניס,גרמים,180.00,100 גרם,false,1,19.90,11.0556,true,1,204127
8717677336654,false,טוניס - שוקולד חלב מעולה עם שברי קרמל מלוח,טוניס/שוקולונלי,NL,שוקולד חלב מעולה עם שברי קרמל מלוח 180 ג,גרמים,180.00,100 גרם,false,1,19.90,11.0556,true,1,207484
8717677338436,false,שוקולד חלב עם אגוזי לוז טוניס' שוקולונלי 180 גרם,טוניס/שוקולונלי,NL,שוקולד חלב עם אגוזי לוז קצוצים טוניס,גרמים,180.00,100 גרם,false,1,19.90,11.0556,true,1,204126
8718114724485,false,מיונז לחיץ הלמנס 705,יוניליוור,GB,מיונז הלמנס לחיץ 750 גרם,גרמים,750.00,100 גרם,false,1,24.90,3.3200,true,1,207861
8718951107373,false,אגקס לניקוי רצפות וכ,קולגייט-פלמוליב,,"אגקס לניקוי רצפות וכללי צהוב 750 מ""ל",מיליליטרים,750.00,"100 מ""ל",false,1,16.90,2.2533,true,1,167461
8718951236790,false,"קולגייט טוטאל משחת שיניים קלין מינט לפה בריא 100 מ""ל",קולגייט פלמוליב,PL,טוטל קלין,מיליליטרים,100.00,"100 מ""ל",false,1,18.90,18.9000,true,1,192519
8718951236806,false,"קולגייט טוטאל הלבנה משחת שיניים המסייעת בהסרת כתמים 100 מ""ל",קולגייט Colgate,PL,משחת שיניים קולגייט,מיליליטרים,100.00,"100 מ""ל",false,1,18.90,18.9000,true,1,192518
8718951313927,false,"סבון ידיים משאבה פלמוליב חימר טונוס 300 מ""ל",פלמוליב Palmolive,TR,"פלמוליב סבון ידיים חימר טונוס 300 מ""ל",מיליליטרים,300.00,"100 מ""ל",false,1,11.90,3.9667,true,1,199249
8720181114496,false,"אקס - דאודורנט ספריי לגבר שוקולד 150 מ""ל",יוניליוור,GB,"ספרי גוף אקס שוקולד 150 מ""ל",מיליליטרים,150.00,"100 מ""ל",false,1,13.90,9.2667,true,1,206828
8801055707966,false,קפה טייסטר צו'יס נס קפה בריסטה 180ג',נסטלה קוריאה - קפה,KR,נסקפה טייסטרס צ'ויס בריסטה 12*180גרם,גרמים,180.00,100 גרם,false,1,35.90,19.9444,true,1,167702
8802241132821,false,חטיף אצות קלויות עם מלח 3 * 13.5 ג',"מאן גו'ן פוד בע""מ",KR,חטיף אצות 3 יח,גרמים,14.00,100 גרם,false,1,12.90,92.1429,true,1,173423
8850389105832,false,סאפה משקה אלוורה בטעם תפוח עם קוביות אלוורה 1 ליטר,סאפה פובליק קומפני לימיט,TH,סאפה תפוח אלוורה בקבוק ליטר,ליטרים,1.00,ליטר,false,1,15.90,15.9000,true,1,148239
8850632604372,false,"יוגטה, חיספוסים בצורת שטיח בטעם תות שדה 50 גרם",ג'נרל קנדי בעמ,TH,ממתק תות שדה בצורת שטיח יוגטה 50 גרם,גרמים,50.00,100 גרם,false,1,5.90,11.8000,true,1,146810
8858271003921,false,רוטב קארי אדום 250 מ'ל - מקסצ'אפ,יאן וואל יאן,TH,רוטב קארי אדום 250 מל,מיליליטרים,250.00,"100 מ""ל",false,1,13.90,5.5600,true,1,150596
8901537024014,false,"אורז בסמטי מובחר 1 ק""ג - דוואט) יורה דיעה",הנסיך- מפעל לייצור ט,IN,אורז בסמטי 1 DAAWAT קג,קילוגרמים,1.00,"ק""ג",false,1,14.90,14.9000,true,1,145931
9002975393836,false,סוכריות גילי הריבו האפי קולה 70 גרם,"האריבו , ג'\י.אם.בי.אייץ",AT,סוכריות גומי בטעם קולה 70 גרם,גרמים,70.00,100 גרם,false,1,8.90,12.7143,true,1,201866
9002975393843,false,סוכריות גילי הריבו גולדברס 70 גרם,"האריבו , ג'\י.אם.בי.אייץ",AT,סוכריות גומי בטעמי פירות דובונים 70 גרם,גרמים,70.00,100 גרם,false,1,8.90,12.7143,true,1,201867
9002975393850,false,סוכריות גילי הריבו וורמס 70 גרם,"האריבו , ג'\י.אם.בי.אייץ",AT,סוכריות גומי בטעמי פירות נחשים 70 גרם,גרמים,70.00,100 גרם,false,1,8.90,12.7143,true,1,201868
9322969000015,false,פריכיות תירס בטעם אורגינל ריל פודס 150 ג',אף.סי תבליני בגליל ב,AU,רילפוד- פריכיות תירס בטעם טבעי 150 גר',גרמים,150.00,100 גרם,false,1,14.90,9.9333,true,1,138167
9322969000022,false,"ריל פוד פריכיות תירס עם סויה וזרעי פשתן, ללא גלוטן 150 גרם",אף.סי תבליני בגליל ב,AU,פריכיות תירס עם סויה וזרעי פשת 150 גרם,גרמים,150.00,100 גרם,false,1,14.90,9.9333,true,1,147597
9322969000046,false,פריכיות תירס שומשום אורגני ריל פודס 150 ג',אף.סי תבליני בגליל ב,AU,ריל פוד פריכיות תירס עם שומשום 150 גרם,גרמים,150.00,100 גרם,false,1,14.90,9.9333,true,1,147598
