code,internal_code,name,manufacturer_name,manufacture_country,manufacturer_item_description,unit_qty,quantity,unit_of_measure,weighted,qty_in_package,price,unit_of_measure_price,allow_discount,status,item_id
10,true,תיבה 20+,,,תיבה 20+,יחידה,0.00,יחידה,false,,45.00,0.0000,true,1,8820
55,true,משלוחים לבית,,,משלוחים לבית,יחידה,0.00,יחידה,false,,29.90,0.0000,true,1,39231
103,true,לחמניה בריאות,,,לחמניה בריאות,,1.00,יח',false,,3.90,3.9000,true,1,4451
301,true,בקבוק ריק חוזר בירה,,,בקבוק ריק חוזר בירה,יחידה,0.00,יחידה,false,,1.20,0.0000,true,1,8465
374,true,פטריות שמפניון,,,פטריות שמפניון,,1.00,מטר,false,,9.90,9.9000,true,1,1783
395,true,לחמניה/כריך ילדים,,,לחמניה/כריך ילדים,,1.00,יח',false,,2.70,2.7000,true,1,65727
519,true,מעורב בבגט,,,מעורב בבגט,יחידה,0.00,יחידה,false,,25.00,0.0000,true,1,72313
996,true,חלה קלועה,,,חלה קלועה,,1.00,יח',false,,13.90,13.9000,true,1,209744
998,true,חלה מתוקה קלועה,,,חלה מתוקה קלועה,,1.00,יח',false,,13.90,13.9000,true,1,65741
1009,true,בגט שלם,,,בגט שלם,,1.00,מטר,false,,5.50,5.5000,true,1,4107
1014,true,בגט רוסטיק,,,בגט רוסטיק,,1.00,יח',false,,9.50,9.5000,true,1,65745
1020,true,שליש בגט,,,שליש בגט,,1.00,יח',false,,3.20,3.2000,true,1,65748
1028,true,חצי בגט,,,חצי בגט,,1.00,מטר,false,,4.20,4.2000,true,1,116677
1058,true,חלה רגילה/חלה ציפורי,,,חלה רגילה/חלה ציפורי,,500.00,יח',false,,5.17,0.0103,true,1,66250
1073,true,סופגניה גדולה בודדת,,,סופגניה גדולה בודדת,יחידה,0.00,יחידה,false,,4.30,0.0000,true,1,104800
1079,true,מיני סופגניה בודדת,,,מיני סופגניה בודדת,יחידה,0.00,יחידה,false,,3.60,0.0000,true,1,96596
1091,true,צנונית בייבי,,,צנונית בייבי,,400.00,100 גרם,false,,7.90,0.0198,true,1,1809
1103,true,לחמניה אצבע (6500),,,לחמניה אצבע (6500),,1.00,יח',false,,2.90,2.9000,true,1,4120
1128,true,אגס חום,,,אגס חום,קילוגרמים,1.00,"ק""ג",true,,17.90,17.9000,true,1,1820
1481,true,שזיף שגיב,,,שזיף שגיב,קילוגרמים,1.00,"ק""ג",true,,17.90,17.9000,true,1,1826
1488,true,אשכולית אדומה,,,אשכולית אדומה,קילוגרמים,1.00,"ק""ג",true,,6.90,6.9000,true,1,1831
1494,true,תפו`א לבן תפזורת,,,תפו`א לבן תפזורת,קילוגרמים,1.00,"ק""ג",true,,5.90,5.9000,true,1,1837
1500,true,פלפל כתום,,,פלפל כתום,קילוגרמים,1.00,"ק""ג",true,,10.90,10.9000,true,1,1843
1501,true,עגבניות,,,עגבניות,קילוגרמים,1.00,"ק""ג",true,,7.90,7.9000,true,1,1844
1502,true,מלפפונים,,,מלפפונים,קילוגרמים,1.00,"ק""ג",true,,7.90,7.9000,true,1,1845
1503,true,גזר ארוז,,,גזר ארוז,קילוגרמים,1.00,"ק""ג",true,,5.90,5.9000,true,1,1846
1504,true,סלק,,,סלק,קילוגרמים,1.00,"ק""ג",true,,5.90,5.9000,true,1,1847
1505,true,כרוב לבן,,,כרוב לבן,קילוגרמים,1.00,"ק""ג",true,,5.90,5.9000,true,1,1848
1506,true,כרוב אדום,,,כרוב אדום,קילוגרמים,1.00,"ק""ג",true,,5.90,5.9000,true,1,1849
1507,true,כרובית,,,כרובית,קילוגרמים,1.00,"ק""ג",true,,11.90,11.9000,true,1,1850
1510,true,קישואים,,,קישואים,קילוגרמים,1.00,"ק""ג",true,,8.90,8.9000,true,1,1852
1511,true,חצילים,,,חצילים,קילוגרמים,1.00,"ק""ג",true,,7.90,7.9000,true,1,1853
1513,true,פלפל ירוק,,,פלפל ירוק,קילוגרמים,1.00,"ק""ג",true,,9.90,9.9000,true,1,1854
1514,true,פלפל בהיר,,,פלפל בהיר,קילוגרמים,1.00,"ק""ג",true,,10.90,10.9000,true,1,1855
1515,true,פלפל חריף,,,פלפל חריף,קילוגרמים,1.00,"ק""ג",true,,10.90,10.9000,true,1,1856
1516,true,פלפל אדום,,,פלפל אדום,קילוגרמים,1.00,"ק""ג",true,,10.90,10.9000,true,1,1857
1517,true,פלפל רומרו,,,פלפל רומרו,קילוגרמים,1.00,"ק""ג",true,,14.90,14.9000,true,1,102781
1518,true,מלון,,,מלון,קילוגרמים,1.00,"ק""ג",true,,6.90,6.9000,true,1,1859
1519,true,בצל יבש,,,בצל יבש,קילוגרמים,1.00,"ק""ג",true,,4.90,4.9000,true,1,1860
1521,true,קולורבי,,,קולורבי,קילוגרמים,1.00,"ק""ג",true,,9.90,9.9000,true,1,1861
1522,true,חסה ערבית,,,חסה ערבית,,1.00,יח',false,,4.90,4.9000,true,1,1862
1535,true,תפו`א אדום ארוז,,,תפו`א אדום ארוז,קילוגרמים,1.00,"ק""ג",true,,5.90,5.9000,true,1,1874
1542,true,ערמונים,,,ערמונים,קילוגרמים,1.00,"ק""ג",true,,18.90,18.9000,true,1,1881
1545,true,שום ארוז ייבוא יח',,,שום ארוז ייבוא יח',,1.00,מטר,false,,5.90,5.9000,true,1,1884
1547,true,שומר,,,שומר,קילוגרמים,1.00,"ק""ג",true,,7.90,7.9000,true,1,1886
1550,true,תפו`א לבן ארוז,,,תפו`א לבן ארוז,קילוגרמים,1.00,"ק""ג",true,,4.90,4.9000,true,1,1889
1551,true,לימון,,,לימון,קילוגרמים,1.00,"ק""ג",true,,7.90,7.9000,true,1,1890
1552,true,תפוז,,,תפוז,קילוגרמים,1.00,"ק""ג",true,,6.90,6.9000,true,1,1891
1553,true,ענב לבן,,,ענב לבן,קילוגרמים,1.00,"ק""ג",true,,29.90,29.9000,true,1,1892
1555,true,תפוז ארוז,,,תפוז ארוז,קילוגרמים,1.00,"ק""ג",true,,5.90,5.9000,true,1,1894
1556,true,בננה מובחרת,,,בננה מובחרת,קילוגרמים,1.00,"ק""ג",true,,7.90,7.9000,true,1,1895
1557,true,צנון,,,צנון,קילוגרמים,1.00,"ק""ג",true,,8.90,8.9000,true,1,1896
1560,true,דלעת ארוזה,,,דלעת ארוזה,קילוגרמים,1.00,"ק""ג",true,,10.90,10.9000,true,1,1899
1561,true,תפוח עץ זהוב,,,תפוח עץ זהוב,קילוגרמים,1.00,"ק""ג",true,,10.90,10.9000,true,1,1900
1563,true,תפוח עץ חרמון,,,תפוח עץ חרמון,קילוגרמים,1.00,"ק""ג",true,,10.90,10.9000,true,1,1902
1564,true,תפוח עץ סמיט,,,תפוח עץ סמיט,קילוגרמים,1.00,"ק""ג",true,,10.90,10.9000,true,1,1903
1568,true,רימון,,,רימון,קילוגרמים,1.00,"ק""ג",true,,9.90,9.9000,true,1,1906
1570,true,קלמנטינה,,,קלמנטינה,קילוגרמים,1.00,"ק""ג",true,,6.90,6.9000,true,1,1908
1572,true,אבוקדו מובחר,,,אבוקדו מובחר,קילוגרמים,1.00,"ק""ג",true,,10.90,10.9000,true,1,1910
1573,true,מנגו,,,מנגו,קילוגרמים,1.00,"ק""ג",true,,12.90,12.9000,true,1,1911
1574,true,בטטה מתוקה,,,בטטה מתוקה,קילוגרמים,1.00,"ק""ג",true,,9.90,9.9000,true,1,1912
1576,true,אגס,,,אגס,קילוגרמים,1.00,"ק""ג",true,,12.90,12.9000,true,1,1913
1581,true,פלפל צהוב,,,פלפל צהוב,קילוגרמים,1.00,"ק""ג",true,,10.90,10.9000,true,1,1917
1588,true,תירס ארוז,,,תירס ארוז,קילוגרמים,1.00,"ק""ג",true,,9.90,9.9000,true,1,1922
1591,true,ענב אדום,,,ענב אדום,קילוגרמים,1.00,"ק""ג",true,,22.90,22.9000,true,1,1924
1592,true,שזיף ירוק/צהוב,,,שזיף ירוק/צהוב,קילוגרמים,1.00,"ק""ג",true,,17.90,17.9000,true,1,1925
1599,true,חבושים,,,חבושים,קילוגרמים,1.00,"ק""ג",true,,17.90,17.9000,true,1,1930
1604,true,אפרסמון,,,אפרסמון,קילוגרמים,1.00,"ק""ג",true,,15.90,15.9000,true,1,1935
1605,true,גויאבה,,,גויאבה,קילוגרמים,1.00,"ק""ג",true,,16.90,16.9000,true,1,1936
1606,true,אנונה,,,אנונה,קילוגרמים,1.00,"ק""ג",true,,32.90,32.9000,true,1,1937
1608,true,זנגוויל\גינגיר תפזור,,,זנגוויל\גינגיר תפזור,קילוגרמים,1.00,"ק""ג",true,,25.90,25.9000,true,1,1939
1613,true,דלורית,,,דלורית,קילוגרמים,1.00,"ק""ג",true,,7.90,7.9000,true,1,1943
1615,true,בצל אדום,,,בצל אדום,קילוגרמים,1.00,"ק""ג",true,,6.90,6.9000,true,1,1945
1617,true,אננס,,,אננס,,1.00,יח',false,,36.90,36.9000,true,1,1946
1618,true,אפרסמון קרמבו,,,אפרסמון קרמבו,קילוגרמים,1.00,"ק""ג",true,,18.90,18.9000,true,1,97250
1619,true,פומלית,,,פומלית,קילוגרמים,1.00,"ק""ג",true,,6.90,6.9000,true,1,1948
1620,true,קיווי,,,קיווי,קילוגרמים,1.00,"ק""ג",true,,18.90,18.9000,true,1,1949
1632,true,קישוא זוקיני ירוק,,,קישוא זוקיני ירוק,קילוגרמים,1.00,"ק""ג",true,,12.90,12.9000,true,1,1958
1639,true,דלעת אקזוטית,,,דלעת אקזוטית,קילוגרמים,1.00,"ק""ג",true,,12.90,12.9000,true,1,1963
1645,true,תפוח עץ גלה,,,תפוח עץ גלה,קילוגרמים,1.00,"ק""ג",true,,10.90,10.9000,true,1,1966
1670,true,"בטטה קסביה (תפו""א יר",,,"בטטה קסביה (תפו""א יר",קילוגרמים,1.00,"ק""ג",true,,18.90,18.9000,true,1,1978
1683,true,תפוח עץ פינק קריפס,,,תפוח עץ פינק קריפס,קילוגרמים,1.00,"ק""ג",true,,13.90,13.9000,true,1,1989
1708,true,גזר תפזורת,,,גזר תפזורת,קילוגרמים,1.00,"ק""ג",true,,5.90,5.9000,true,1,2006
1941,true,ענב שחור,,,ענב שחור,קילוגרמים,1.00,"ק""ג",true,,22.90,22.9000,true,1,80919
2000,true,"בורקס גבינה/תפו""א",,,"בורקס גבינה/תפו""א",קילוגרמים,1.00,"ק""ג",true,,44.00,44.0000,true,1,4124
2001,true,בורקס תורכי בטעמים,,,בורקס תורכי בטעמים,קילוגרמים,1.00,"ק""ג",true,,37.00,37.0000,true,1,4125
2012,true,אוזני פיל פרווה,,,אוזני פיל פרווה,קילוגרמים,1.00,"ק""ג",true,,27.90,27.9000,true,1,116689
3075,true,פילו מתוק  בטעמים,,,פילו מתוק  בטעמים,קילוגרמים,1.00,"ק""ג",true,,44.00,44.0000,true,1,116696
5504,true,דונאטס בטעמים מצופה,,,דונאטס בטעמים מצופה,,45.00,100 גרם,false,,6.90,0.1533,true,1,184318
5506,true,דונאטס בטעמים ממולא,,,דונאטס בטעמים ממולא,,65.00,100 גרם,false,,7.90,0.1215,true,1,503754
6015,true,"תרומה פתחון לב 30 ש""",,,"תרומה פתחון לב 30 ש""",יחידה,0.00,יחידה,false,,30.00,0.0000,true,1,419848
6501,true,4 יח' לחמניות בריאות,,,4 יח' לחמניות בריאות,,1.00,מטר,false,,16.90,16.9000,true,1,87481
7501,true,כנפיים עוף בגריל-מגה,,,כנפיים עוף בגריל-מגה,קילוגרמים,1.00,"ק""ג",true,,29.90,29.9000,true,1,123009
7502,true,עוף בגריל -מגה,,,עוף בגריל -מגה,קילוגרמים,1.00,"ק""ג",true,,37.90,37.9000,true,1,123010
7503,true,כרעיים בגריל-מגה,,,כרעיים בגריל-מגה,קילוגרמים,1.00,"ק""ג",true,,49.90,49.9000,true,1,123011
7504,true,שוקיים עוף בגריל -מג,,,שוקיים עוף בגריל -מג,קילוגרמים,1.00,"ק""ג",true,,49.90,49.9000,true,1,123012
8888,true,פיקדון זיכוי לקוח,,,פיקדון זיכוי לקוח,יחידה,0.00,יחידה,false,,0.30,0.0000,true,1,40790
9999,true,פיקדון בקבוקים,,,פיקדון בקבוקים,יחידה,0.00,יחידה,false,,0.30,0.0000,true,1,17
5678585,true,ענב סקרלוטה,,,ענב סקרלוטה,קילוגרמים,1.00,"ק""ג",true,,22.90,22.9000,true,1,130629
40084107,false,ביצת קינדר,,,ביצת קינדר,,20.00,100 גרם,false,,7.30,0.3650,true,1,84130
40111216,false,חטיף שוקולד באונטי 5,,,חטיף שוקולד באונטי 5,,57.00,100 גרם,false,,4.90,0.0860,true,1,15959
72940754,false,"מילקי וניל 170 מ""ל",,,"מילקי וניל 170 מ""ל",,170.00,"100 מ""ל",false,,2.90,0.0171,true,1,26018
72940761,false,מילקי שוקולד מהדרין,,,מילקי שוקולד מהדרין,,170.00,100 גרם,false,,2.90,0.0171,true,1,26019
72940952,false,מילקי אקסטראה קצפת מ,,,מילקי אקסטראה קצפת מ,,110.00,"100 מ""ל",false,,4.10,0.0373,true,1,26020
72941041,false,מיני מילקי שוקולד 70,,,מיני מילקי שוקולד 70,,70.00,100 גרם,false,,2.50,0.0357,true,1,26023
72945308,false,שמרית קוביות שמרים ל,,,שמרית קוביות שמרים ל,,50.00,100 גרם,false,,4.00,0.0800,true,1,26024
72961506,false,פרילי תות 1.5% 125מל,,,פרילי תות 1.5% 125מל,,125.00,"100 מ""ל",false,,3.90,0.0312,true,1,28388
72961520,false,פרילי אננס 1.5% 125מ,,,פרילי אננס 1.5% 125מ,,125.00,"100 מ""ל",false,,3.90,0.0312,true,1,28390
72961544,false,באדי תות 125מל,,,באדי תות 125מל,,125.00,"100 מ""ל",false,,3.50,0.0280,true,1,28391
72986479,false,גלידת פיינטים צאנקי,,,גלידת פיינטים צאנקי,,420.00,"100 מ""ל",false,,24.90,0.0593,true,1,16363
72991886,false,גלידת בן&גריס פיינט,,,גלידת בן&גריס פיינט,,750.00,"100 מ""ל",false,,24.90,0.0332,true,1,16366
72993637,false,דני מהדרין שוקו בודד,,,דני מהדרין שוקו בודד,,125.00,"100 מ""ל",false,,2.90,0.0232,true,1,26027
80042563,false,רסק עגבניות פאסטה מו,,,רסק עגבניות פאסטה מו,,700.00,100 גרם,false,,11.90,0.0170,true,1,167102
80052760,false,חטיף קינדר בואנו שוק,,,חטיף קינדר בואנו שוק,,43.00,100 גרם,false,,5.50,0.1279,true,1,50021
80176800,false,ממרח שוקולד נוטלה 75,,,ממרח שוקולד נוטלה 75,,750.00,100 גרם,false,,27.90,0.0372,true,1,50023
80177616,false,אצבעות שוקולד קינדר,,,אצבעות שוקולד קינדר,,100.00,100 גרם,false,,8.90,0.0890,true,1,50026
80718758,false,טונה בשמן זית 160 גר,,,טונה בשמן זית 160 גר,,160.00,100 גרם,false,,22.90,0.1431,true,1,74433
80773429,false,מסטיק מנטוס בקבוק בט,,,מסטיק מנטוס בקבוק בט,,60.00,100 גרם,false,,10.90,0.1817,true,1,113473
80773443,false,מסטיק מנטוס בקבוק בט,,,מסטיק מנטוס בקבוק בט,,60.00,100 גרם,false,,10.90,0.1817,true,1,83973
80790990,false,מסטיק מנטוס בקבוק בט,,,מסטיק מנטוס בקבוק בט,,60.00,100 גרם,false,,10.90,0.1817,true,1,83974
80874652,false,קינדר קארדס חטיף בוד,,,קינדר קארדס חטיף בוד,,25.60,יח',false,,4.50,0.1758,true,1,139357
80896081,false,מסטיק מנטוס בקבוק בט,,,מסטיק מנטוס בקבוק בט,,60.00,100 גרם,false,,10.90,0.1817,true,1,113474
80913467,false,מסטיק מנטוס בקבוק בט,,,מסטיק מנטוס בקבוק בט,,60.00,100 גרם,false,,10.90,0.1817,true,1,83975
80945468,false,מנטוס פיור וויט ללא,,,מנטוס פיור וויט ללא,,60.00,100 גרם,false,,10.90,0.1817,true,1,379653
80986348,false,מנטוס פיור וויט ללא,,,מנטוס פיור וויט ללא,,60.00,100 גרם,false,,10.90,0.1817,true,1,379638
87108538,false,מנטוס תות בגליל 37.5,,,מנטוס תות בגליל 37.5,,37.50,100 גרם,false,,4.50,0.1200,true,1,15038
87108651,false,סוכריות מנטוס מנטה 1,,,סוכריות מנטוס מנטה 1,,150.00,100 גרם,false,,11.90,0.0793,true,1,15039
90087011,false,מיץ תפוחים 1 ליטר,,,מיץ תפוחים 1 ליטר,ליטרים,1.00,ליטר,false,,12.50,12.5000,true,1,103094
90087271,false,נקטר אוכמניות 1ל,,,נקטר אוכמניות 1ל,ליטרים,1.00,ליטר,false,,12.20,12.2000,true,1,27907
90087769,false,מיץ אננס 1ל 100%,,,מיץ אננס 1ל 100%,ליטרים,1.00,ליטר,false,,12.50,12.5000,true,1,27909
90162602,false,משקה אנרגיה RED BULL,,,משקה אנרגיה RED BULL,,250.00,"100 מ""ל",false,,8.50,0.0340,true,1,13169
198888886,false,עיגול אגורות,,,עיגול אגורות,יחידה,0.00,יחידה,false,,1.00,0.0000,true,1,57831
9800800056,false,ממרח נוטלה & GO,,,ממרח נוטלה & GO,,52.00,100 גרם,false,,5.90,0.1135,true,1,50031
10900681193,false,שקיות אשפה חזקות במי,,,שקיות אשפה חזקות במי,,325.00,100 גרם,false,,13.90,0.0428,true,1,412805
11210000094,false,טבסקו,,,טבסקו,,60.00,"100 מ""ל",false,,12.90,0.2150,true,1,52911
13300555392,false,תערובת עוגה מיקס ברא,,,תערובת עוגה מיקס ברא,,432.00,100 גרם,false,,19.90,0.0461,true,1,447017
16000281684,false,חטיף שיבולת שועל מלא,,,חטיף שיבולת שועל מלא,,210.00,100 גרם,false,,21.90,0.1043,true,1,67158
16000423534,false,חטיף קראנצי שיבולת ש,,,חטיף קראנצי שיבולת ש,,210.00,100 גרם,false,,21.90,0.1043,true,1,117793
16000548503,false,חטיף קראנצי גרנולה מ,,,חטיף קראנצי גרנולה מ,,210.00,100 גרם,false,,21.90,0.1043,true,1,15054
16000548909,false,חטיף קראנצי גרנולה מ,,,חטיף קראנצי גרנולה מ,,210.00,100 גרם,false,,21.90,0.1043,true,1,67160
25675120020,false,חמצוצים מקלות פטל 10,,,חמצוצים מקלות פטל 10,,100.00,100 גרם,false,,10.90,0.1090,true,1,5652
25675120037,false,חמצוצים מקלות תות 10,,,חמצוצים מקלות תות 10,,100.00,100 גרם,false,,10.90,0.1090,true,1,5653
25675120068,false,חמצוצים מקלות קולה 1,,,חמצוצים מקלות קולה 1,,100.00,100 גרם,false,,10.90,0.1090,true,1,5655
25700005681,false,זיפלוק שקיות איחסון,,,זיפלוק שקיות איחסון,,140.00,100 גרם,false,,16.90,0.1207,true,1,274889
25700005698,false,זיפלוק שקיות אחסון ב,,,זיפלוק שקיות אחסון ב,,147.00,100 גרם,false,,13.90,0.0946,true,1,274890
30000315958,false,פרוטאין בננה אגוזים,,,פרוטאין בננה אגוזים,,366.00,100 גרם,false,,23.90,0.0653,true,1,141921
30000315989,false,פרוטאין חמוציות ושקד,,,פרוטאין חמוציות ושקד,,372.00,100 גרם,false,,23.90,0.0642,true,1,141922
37600207188,false,סקיפי חמאת בוטנים קל,,,סקיפי חמאת בוטנים קל,,462.00,100 גרם,false,,20.90,0.0452,true,1,7118
38000232152,false,פרינגלס ביג ברביקיו,,,פרינגלס ביג ברביקיו,,158.00,100 גרם,false,,10.90,0.0690,true,1,214932
38000232176,false,פרינגלס ביג שמנת בצל,,,פרינגלס ביג שמנת בצל,,158.00,100 גרם,false,,10.90,0.0690,true,1,214933
38000232183,false,פרינגלס ביג אורגינל,,,פרינגלס ביג אורגינל,,158.00,יח',false,,10.90,0.0690,true,1,214934
38527591053,false,דגני בוקר מרובעים קי,,,דגני בוקר מרובעים קי,,412.00,100 גרם,false,,22.70,0.0551,true,1,26610
38527591060,false,דגני בוקר מרובעים קו,,,דגני בוקר מרובעים קו,,412.00,100 גרם,false,,22.70,0.0551,true,1,68589
46214731552,false,מרבה עוגיות שוקולד צ,,,מרבה עוגיות שוקולד צ,,225.00,100 גרם,false,,10.90,0.0484,true,1,24554
50000100347,false,פריסקיז מעדני החתול,,,פריסקיז מעדני החתול,קילוגרמים,1.40,"ק""ג",false,,39.90,28.5000,true,1,22266
50000238910,false,פריסקיז פארטי מיקס א,,,פריסקיז פארטי מיקס א,,60.00,100 גרם,false,,13.90,0.2317,true,1,478861
51500255162,false,חמאת בוטנים קלאסית 4,,,חמאת בוטנים קלאסית 4,,454.00,100 גרם,false,,18.90,0.0416,true,1,7372
64144090020,false,תרסיס שמן זית פאם 14,,,תרסיס שמן זית פאם 14,,148.00,100 גרם,false,,21.00,0.1419,true,1,15085
70177077563,false,טווינינג ארל גריי 50,,,טווינינג ארל גריי 50,,50.00,100 גרם,false,,19.90,0.3980,true,1,128417
70177077693,false,טווינינג אינגליש ברק,,,טווינינג אינגליש ברק,,50.00,100 גרם,false,,19.90,0.3980,true,1,128418
70177078775,false,טווינינג ליידי גריי,,,טווינינג ליידי גריי,,50.00,100 גרם,false,,19.90,0.3980,true,1,128419
72600062306,false,הר חטיף גבינת 198 גר,,,הר חטיף גבינת 198 גר,,198.00,100 גרם,false,,21.90,0.1106,true,1,77771
76840001774,false,גלידת פיינטים שוק' צ,,,גלידת פיינטים שוק' צ,,420.00,"100 מ""ל",false,,24.90,0.0593,true,1,238898
76840100583,false,גלידה וניל +בצק עוגי,,,גלידה וניל +בצק עוגי,,473.00,"100 מ""ל",false,,24.90,0.0526,true,1,16376
77245110610,false,סוכריות מאסט ללא סוכ,,,סוכריות מאסט ללא סוכ,,80.00,יח',false,,8.90,0.1113,true,1,25299
350007641646,false,קולגייט משחת שיניים,,,קולגייט משחת שיניים,,130.00,"100 מ""ל",false,,20.90,0.1608,true,1,290811
608614256808,false,ירק שטוף דרלן,,,ירק שטוף דרלן,קילוגרמים,1.00,"ק""ג",true,,29.90,29.9000,true,1,251230
611745285685,true,אבוקדו בשל יח,,,אבוקדו בשל יח,,470.00,100 גרם,false,,10.90,0.0232,true,1,109140
613008755461,false,אריזונה אוכמניות בקב,,,אריזונה אוכמניות בקב,ליטרים,1.00,ליטר,false,,12.80,12.8000,true,1,266113
649660013281,false,היל ויו מיצוי מיץ שז,,,היל ויו מיצוי מיץ שז,,946.00,"100 מ""ל",false,,21.90,0.0232,true,1,83176
649660432020,false,הייל ויו שזיפים מיוב,,,הייל ויו שזיפים מיוב,,567.00,100 גרם,false,,29.90,0.0527,true,1,329485
651080647519,false,פלאקרס חוט דנטלי מנט,,,פלאקרס חוט דנטלי מנט,יחידה,0.00,יחידה,false,,9.90,0.0000,true,1,87437
693493065634,false,ניוקי 3 צבעים 500 גר,,,ניוקי 3 צבעים 500 גר,,500.00,100 גרם,false,,10.90,0.0218,true,1,244789
693493126281,false,קפה טורקי קלוי וטחון,,,קפה טורקי קלוי וטחון,,300.00,100 גרם,false,,14.90,0.0497,true,1,374042
710535495539,false,"אבאל אורז בסמטי 1 ק""",,,"אבאל אורז בסמטי 1 ק""",קילוגרמים,1.00,"ק""ג",false,,11.90,11.9000,true,1,246109
728229123811,false,טרה צ'יפס חטיף  ים ת,,,טרה צ'יפס חטיף  ים ת,,110.00,100 גרם,false,,15.90,0.1445,true,1,7390
728229124764,false,טרה צ'יפס חטיף בטטה,,,טרה צ'יפס חטיף בטטה,,110.00,100 גרם,false,,15.90,0.1445,true,1,134050
728229124771,false,טרה צ'יפס חטיף מבטטה,,,טרה צ'יפס חטיף מבטטה,,110.00,100 גרם,false,,15.90,0.1445,true,1,7391
728229130444,false,טרה צ'יפס חטיף מירקו,,,טרה צ'יפס חטיף מירקו,,110.00,100 גרם,false,,15.90,0.1445,true,1,7393
786150000281,false,בירה חזקה לף בראון 3,,,בירה חזקה לף בראון 3,ליטרים,1.98,ליטר,false,,49.90,25.2020,true,1,415250
835811001201,false,מגש אובלי בינוני מדק,,,מגש אובלי בינוני מדק,,5.00,יח',false,,21.90,4.3800,true,1,362829
835811001676,false,תבנית גדולה 9 יח. R-,,,תבנית גדולה 9 יח. R-,יחידה,0.00,יחידה,false,,13.90,0.0000,true,1,9361
835811003588,false,צלחות קלאסי לבן גדול,,,צלחות קלאסי לבן גדול,יחידה,0.00,יחידה,false,,35.90,0.0000,true,1,413266
835811004431,false,מארז  ממחטות נייר טי,,,מארז  ממחטות נייר טי,,5.00,יח',false,,10.90,2.1800,true,1,382766
835811005810,false,תבנית אלומיניום מרוב,,,תבנית אלומיניום מרוב,יחידה,0.00,יחידה,false,,13.90,0.0000,true,1,9451
835811006060,false,כוסות קרטון 50 יח 2.,,,כוסות קרטון 50 יח 2.,יחידה,0.00,יחידה,false,,7.90,0.0000,true,1,9463
835811008347,false,גפרור ענק,,,גפרור ענק,יחידה,0.00,יחידה,false,,7.90,0.0000,true,1,9543
839762000658,false,איילנד נקטר גויאבה 1,,,איילנד נקטר גויאבה 1,ליטרים,1.00,ליטר,false,,12.50,12.5000,true,1,11395
839762002379,false,איילנד משקה מנגו 350,,,איילנד משקה מנגו 350,,350.00,"100 מ""ל",false,,6.90,0.0197,true,1,44460
839762002386,false,איילנד משקה גויאבה 3,,,איילנד משקה גויאבה 3,,350.00,"100 מ""ל",false,,6.90,0.0197,true,1,44461
851621000050,false,בירה BLANC שישיה 330,,,בירה BLANC שישיה 330,ליטרים,1.98,ליטר,false,,45.70,23.0808,true,1,238823
859547004329,false,ספוג ניקוי כלים בצבע,,,ספוג ניקוי כלים בצבע,,34.00,100 גרם,false,,18.90,0.5559,true,1,408646
859547004466,false,ספוג ניקוי דו צדדי ס,,,ספוג ניקוי דו צדדי ס,,34.00,100 גרם,false,,18.90,0.5559,true,1,408647
884912365200,false,דגני בוקר עם פירורי,,,דגני בוקר עם פירורי,,311.00,100 גרם,false,,26.90,0.0865,true,1,479624
3045206360609,false,דזיטול נוזל מחטא בגד,,,דזיטול נוזל מחטא בגד,,1.00,"100 מ""ל",false,,25.90,25.9000,true,1,421278
3046920010047,false,לינדט אקסלנס 78% 100,,,לינדט אקסלנס 78% 100,,100.00,100 גרם,false,,17.90,0.1790,true,1,106943
3046920016377,false,לינדט אקסלנס מילד 10,,,לינדט אקסלנס מילד 10,,100.00,100 גרם,false,,17.90,0.1790,true,1,252283
3046920028363,false,לינדט אקסלנס 85% 100,,,לינדט אקסלנס 85% 100,,100.00,100 גרם,false,,17.90,0.1790,true,1,15995
3046920029674,false,לינדט אקסלנס עם שבבי,,,לינדט אקסלנס עם שבבי,,100.00,100 גרם,false,,17.90,0.1790,true,1,15998
3046920029759,false,לינדט אקסלנס 90% 100,,,לינדט אקסלנס 90% 100,,100.00,100 גרם,false,,17.90,0.1790,true,1,15999
3073781162790,false,בייבי בל 24% אדום 12,,,בייבי בל 24% אדום 12,,120.00,100 גרם,false,,23.90,0.1992,true,1,443566
3161911229199,false,אלוויר חמאה רכה 250ג,,,אלוויר חמאה רכה 250ג,,250.00,100 גרם,false,,23.90,0.0956,true,1,19534
3161911366429,false,אלוויר חמאה רכה מלוח,,,אלוויר חמאה רכה מלוח,,250.00,100 גרם,false,,23.90,0.0956,true,1,19536
3178530402353,false,עוגיות רכות מיני מדל,,,עוגיות רכות מיני מדל,,175.00,100 גרם,false,,13.90,0.0794,true,1,120414
3178530407938,false,עוגיות שוקולד צ'יפס,,,עוגיות שוקולד צ'יפס,,175.00,100 גרם,false,,13.90,0.0794,true,1,120415
3178530417340,false,בראוניז שוקולד סאן מ,,,בראוניז שוקולד סאן מ,,210.00,100 גרם,false,,18.90,0.0900,true,1,390903
3178530417357,false,בראוניז שוקולד לבן ס,,,בראוניז שוקולד לבן ס,,210.00,100 גרם,false,,18.90,0.0900,true,1,390904
3245412211393,false,שוקולד חלב מעולה קרפ,,FR,שוקולד חלב מעולה קרפ,,300.00,100 גרם,false,,8.90,0.0297,true,1,449381
3245412211409,false,שוקולד חלב מעולה עם,,FR,שוקולד חלב מעולה עם,,300.00,100 גרם,false,,16.90,0.0563,true,1,449210
3254550033279,false,גבינת קממבר 250 גרם,,,גבינת קממבר 250 גרם,,250.00,100 גרם,false,,32.90,0.1316,true,1,19547
3270190151654,false,שוקולד מריר מעולה עם,,FR,שוקולד מריר מעולה עם,,100.00,100 גרם,false,,6.90,0.0690,true,1,449240
3270190174936,false,שוקולד חלב עם תכולת,,FR,שוקולד חלב עם תכולת,,100.00,יח',false,,6.90,0.0690,true,1,449258
3387390320244,false,פיטנס פירות דגני עם,,,פיטנס פירות דגני עם,,375.00,100 גרם,false,,22.90,0.0611,true,1,22292
3387390525960,false,דגני קראנץ' נסטלה 50,,,דגני קראנץ' נסטלה 50,,500.00,100 גרם,false,,26.90,0.0538,true,1,22293
3523230025638,false,גבינת עיזים בושה טבע,,,גבינת עיזים בושה טבע,,125.00,100 גרם,false,,26.90,0.2152,true,1,19560
3523230025652,false,גבינהת עזים מיני בוש,,,גבינהת עזים מיני בוש,,125.00,100 גרם,false,,26.90,0.2152,true,1,19561
3523230026826,false,פרמידה עיזים טבעי 14,,,פרמידה עיזים טבעי 14,,140.00,100 גרם,false,,26.90,0.1921,true,1,19562
3523230026888,false,פרמידה עיזים שום ועש,,,פרמידה עיזים שום ועש,,140.00,100 גרם,false,,26.90,0.1921,true,1,19564
3560070230778,false,קרפור-תה אנגלי שחור,,,קרפור-תה אנגלי שחור,,50.00,100 גרם,false,,7.90,0.1580,true,1,508414
3560070232963,false,קרפור-חליטת פירות יע,,,קרפור-חליטת פירות יע,,40.00,100 גרם,false,,7.90,0.1975,true,1,508348
3560070669981,false,שוקולד מריר מעולה 80,,FR,שוקולד מריר מעולה 80,,80.00,100 גרם,false,,5.90,0.0738,true,1,449195
3560070701407,false,שוקולד מריר מעולה עם,,FR,שוקולד מריר מעולה עם,,100.00,100 גרם,false,,6.90,0.0690,true,1,449241
3560070720859,false,שוקולד מריר מעולה 72,,FR,שוקולד מריר מעולה 72,,80.00,יח',false,,5.90,0.0738,true,1,449242
3560070826186,false,קרפור מוזלי שוקולד ו,,,קרפור מוזלי שוקולד ו,,750.00,100 גרם,false,,15.90,0.0212,true,1,488372
3560070852086,false,קרפור-תה ירוק בטעם נ,,,קרפור-תה ירוק בטעם נ,,40.00,100 גרם,false,,7.90,0.1975,true,1,508380
3560070852116,false,קרפור-תה ירוק נענע 5,,,קרפור-תה ירוק נענע 5,,80.00,100 גרם,false,,9.90,0.1238,true,1,508364
3560070888108,false,קרפור-תה שחור בטעם ל,,,קרפור-תה שחור בטעם ל,,40.00,100 גרם,false,,7.90,0.1975,true,1,508397
3560070888115,false,קרפור-חליטת טיליה 25,,,קרפור-חליטת טיליה 25,,42.50,100 גרם,false,,7.90,0.1859,true,1,508301
3560070888122,false,קרפור-חליטת קמומיל 2,,,קרפור-חליטת קמומיל 2,,30.00,100 גרם,false,,7.90,0.2633,true,1,508269
3560070888139,false,קרפור-תה שחור בטעם פ,,,קרפור-תה שחור בטעם פ,,42.50,100 גרם,false,,7.90,0.1859,true,1,508381
3560070888153,false,קרפור-תה ירוק בטעם ל,,,קרפור-תה ירוק בטעם ל,,40.00,100 גרם,false,,7.90,0.1975,true,1,508398
3560070928194,false,קרפור-חליטת לואיזה 2,,,קרפור-חליטת לואיזה 2,,32.50,100 גרם,false,,7.90,0.2431,true,1,508285
3560070928347,false,קרפור-חליטת רויבוש ו,,,קרפור-חליטת רויבוש ו,,40.00,100 גרם,false,,7.90,0.1975,true,1,508332
3560071431914,false,קפסולות קפה קרפור עו,,FR,קפסולות קפה קרפור עו,,52.00,100 גרם,false,,7.90,0.1519,true,1,489427
3560071431945,false,קפסולות קפה קרפור עו,,FR,קפסולות קפה קרפור עו,,52.00,100 גרם,false,,7.90,0.1519,true,1,489459
3560071432003,false,קפסולות קפה קרפור עו,,FR,קפסולות קפה קרפור עו,,52.00,100 גרם,false,,7.90,0.1519,true,1,489460
3560071432034,false,קפסולות קפה נטול קרפ,,FR,קפסולות קפה נטול קרפ,,52.00,100 גרם,false,,7.90,0.1519,true,1,489461
3560071432065,false,קפסולות קפה קרפור עו,,FR,קפסולות קפה קרפור עו,,52.00,100 גרם,false,,7.90,0.1519,true,1,489462
3560071432096,false,קפסולות קפה קרפור עו,,FR,קפסולות קפה קרפור עו,,52.00,100 גרם,false,,7.90,0.1519,true,1,489463
3560071432157,false,קפסולות קפה וניל קרפ,,FR,קפסולות קפה וניל קרפ,,52.00,100 גרם,false,,7.90,0.1519,true,1,489464
3560071432188,false,קפסולות קפה קרמל קרפ,,FR,קפסולות קפה קרמל קרפ,,52.00,100 גרם,false,,7.90,0.1519,true,1,489465
3560071432218,false,קפסולות קפה אגוז קרפ,,FR,קפסולות קפה אגוז קרפ,,52.00,100 גרם,false,,7.90,0.1519,true,1,489466
3560071432249,false,קפסולות קפה ברזיל קר,,FR,קפסולות קפה ברזיל קר,,52.00,100 גרם,false,,7.90,0.1519,true,1,489467
3560071432270,false,קפסולות קפה קולומביה,,FR,קפסולות קפה קולומביה,,52.00,100 גרם,false,,7.90,0.1519,true,1,489468
3560071432300,false,קפסולות קפה אתיופיה,,FR,קפסולות קפה אתיופיה,,52.00,100 גרם,false,,7.90,0.1519,true,1,489469
3560071432331,false,קפסולות קפה לאוס קרפ,,FR,קפסולות קפה לאוס קרפ,,52.00,100 גרם,false,,7.90,0.1519,true,1,489470
3560071432362,false,קפסולות קפה קניה קרפ,,FR,קפסולות קפה קניה קרפ,,52.00,100 גרם,false,,7.90,0.1519,true,1,489471
3560071432393,false,קפסולות קפה קוסטה רי,,FR,קפסולות קפה קוסטה רי,,52.00,100 גרם,false,,7.90,0.1519,true,1,489472
3560071432515,false,קפסולות קפה קרפור עו,,FR,קפסולות קפה קרפור עו,,52.00,100 גרם,false,,7.90,0.1519,true,1,489473
3560071432690,false,קפסולות קפה קרפור עו,,FR,קפסולות קפה קרפור עו,,52.00,100 גרם,false,,7.90,0.1519,true,1,489474
3574661491806,false,מי פה אדוונס וויאט מ,,,מי פה אדוונס וויאט מ,,500.00,"100 מ""ל",false,,21.90,0.0438,true,1,290332
3600523651870,false,שמפו ארגנין אלביב 55,,,שמפו ארגנין אלביב 55,,550.00,"100 מ""ל",false,,17.90,0.0325,true,1,124192
3600523652259,false,מרכך קולור אלביב 550,,,מרכך קולור אלביב 550,,550.00,"100 מ""ל",false,,17.90,0.0325,true,1,124198
3600523782567,false,שמפו דרים לונג אלביב,,,שמפו דרים לונג אלביב,,500.00,"100 מ""ל",false,,17.90,0.0358,true,1,142952
3607343817547,false,דאודורנט ספריי לגבר,,,דאודורנט ספריי לגבר,,150.00,"100 מ""ל",false,,13.90,0.0927,true,1,271199
3608580075646,false,קונפיטורה שזיף 370 ג,,,קונפיטורה שזיף 370 ג,,370.00,100 גרם,false,,21.90,0.0592,true,1,451994
3608580730248,false,קונפיטורה דובדבן 370,,,קונפיטורה דובדבן 370,,370.00,100 גרם,false,,21.90,0.0592,true,1,23892
3608580730255,false,קונפיטורה משמש 370 ג,,,קונפיטורה משמש 370 ג,,370.00,100 גרם,false,,21.90,0.0592,true,1,23893
3608580730279,false,מרמלדת תפוזים 370 גר,,,מרמלדת תפוזים 370 גר,,370.00,100 גרם,false,,21.90,0.0592,true,1,451977
3614223736003,false,דאודורנט ספריי לגבר,,,דאודורנט ספריי לגבר,,150.00,"100 מ""ל",false,,13.90,0.0927,true,1,271201
3770016577069,false,יין לבן יבש שבלי ברו,,,יין לבן יבש שבלי ברו,,750.00,"100 מ""ל",false,,89.90,0.1199,true,1,351851
4000417101211,false,גלילי וופל עם קרם אג,,,גלילי וופל עם קרם אג,,150.00,100 גרם,false,,19.90,0.1327,true,1,406612
4000539280726,false,לינדט אקסלנס 70% 100,,,לינדט אקסלנס 70% 100,,100.00,100 גרם,false,,17.90,0.1790,true,1,466002
4001518001219,false,עוגיות שוקוצ'יפס בתו,,,עוגיות שוקוצ'יפס בתו,,150.00,100 גרם,false,,7.90,0.0527,true,1,23903
4002448017684,false,סיליט באנג ספריי רב,,,סיליט באנג ספריי רב,,750.00,"100 מ""ל",false,,17.90,0.0239,true,1,24064
4002720005736,false,מליטה פרימיום קפה פי,,,מליטה פרימיום קפה פי,,250.00,100 גרם,false,,23.90,0.0956,true,1,7498
4004666042004,false,מלרוד מחסל עובש+מרסס,,,מלרוד מחסל עובש+מרסס,,500.00,"100 מ""ל",false,,35.60,0.0712,true,1,13374
4005808366392,false,שפתון כחול למניעת יו,,,שפתון כחול למניעת יו,,4.80,100 גרם,false,,12.90,2.6875,true,1,1087
4005808368280,false,שפתון דובדבן לבלו 4.,,,שפתון דובדבן לבלו 4.,,4.80,100 גרם,false,,12.90,2.6875,true,1,1088
4009300522935,false,פומפדור תה ירוק לימו,,,פומפדור תה ירוק לימו,,30.00,100 גרם,false,,20.90,0.6967,true,1,24629
4009300524588,false,פומפדור חליטת פירות,,,פומפדור חליטת פירות,,60.00,100 גרם,false,,17.90,0.2983,true,1,24631
4009300525684,false,פומפדור חליטת לימוןג,,,פומפדור חליטת לימוןג,,35.00,100 גרם,false,,17.90,0.5114,true,1,24634
4009900465304,false,סקיטלס פירות חמוצים,,,סקיטלס פירות חמוצים,,174.00,100 גרם,false,,9.90,0.0569,true,1,49678
4009900536257,false,מסטיק אורביט רפרשרס,,,מסטיק אורביט רפרשרס,,67.00,100 גרם,false,,12.90,0.1925,true,1,285133
4009900536288,false,מסטיק אורביט רפרשרס,,,מסטיק אורביט רפרשרס,,67.00,100 גרם,false,,12.90,0.1925,true,1,310338
4009900539401,false,מסטיק בטעם מנטה פייב,,,מסטיק בטעם מנטה פייב,,14.40,100 גרם,false,,4.90,0.3403,true,1,412612
4009900539432,false,מסטיק בטעם אבטיח פיי,,,מסטיק בטעם אבטיח פיי,,14.40,100 גרם,false,,4.90,0.3403,true,1,442624
4011100001220,false,מרס מיני 403 גרם,,,מרס מיני 403 גרם,,403.00,100 גרם,false,,24.90,0.0618,true,1,16016
4011100002227,false,חטיף באונטי מיני 403,,,חטיף באונטי מיני 403,,403.00,100 גרם,false,,24.90,0.0618,true,1,16017
4011800567613,false,חטיף דגנים סנדוויץ ש,,,חטיף דגנים סנדוויץ ש,,120.00,100 גרם,false,,14.90,0.1242,true,1,7527
4011800577810,false,קורני חטיף דגנים נוג,,,קורני חטיף דגנים נוג,,150.00,100 גרם,false,,14.90,0.0993,true,1,380957
4011800628512,false,חטיף דגנים עם שוקולד,,,חטיף דגנים עם שוקולד,,150.00,100 גרם,false,,14.90,0.0993,true,1,7547
4011800630515,false,חטיף דגנים עם שוקולד,,,חטיף דגנים עם שוקולד,,150.00,100 גרם,false,,14.90,0.0993,true,1,7549
4011800632519,false,חטיף דגנים עם שוקולד,,,חטיף דגנים עם שוקולד,,150.00,100 גרם,false,,14.90,0.0993,true,1,7551
4011800636517,false,חטיף דגנים פרי עם שו,,,חטיף דגנים פרי עם שו,,120.00,100 גרם,false,,14.90,0.1242,true,1,7554
4014400901191,false,בונבונירה מרסי 250 ג,,,בונבונירה מרסי 250 ג,,250.00,יח',false,,28.90,0.1156,true,1,15138
4014400910063,false,סוכריות חמאה וורטר 1,,,סוכריות חמאה וורטר 1,,135.00,100 גרם,false,,10.50,0.0778,true,1,15150
4014400914696,false,80 סוכריות חמאה וורט,,,80 סוכריות חמאה וורט,,80.00,100 גרם,false,,9.90,0.1238,true,1,15156
4014400914924,false,80 סוכריות קפה וורטר,,,80 סוכריות קפה וורטר,,80.00,100 גרם,false,,9.90,0.1238,true,1,15157
4014600202593,false,סוכריות בפח בטעמי פי,,,סוכריות בפח בטעמי פי,,150.00,100 גרם,false,,10.90,0.0727,true,1,463462
4014600202623,false,סוכריות בפח בטעם דוב,,,סוכריות בפח בטעם דוב,,150.00,100 גרם,false,,10.90,0.0727,true,1,463464
4015000031394,false,מסיר כתמים ספטיל 200,,,מסיר כתמים ספטיל 200,,200.00,100 גרם,false,,17.90,0.0895,true,1,39462
4015400564034,false,מגן תחתון לונג פלוס,,,מגן תחתון לונג פלוס,יחידה,0.00,יחידה,false,,18.90,0.0000,true,1,29984
4015400755487,false,תחבושות וליו פק לונג,,,תחבושות וליו פק לונג,יחידה,0.00,יחידה,false,,23.90,0.0000,true,1,30057
4015400990482,false,אבקת כביסה אריאל קול,,,אבקת כביסה אריאל קול,קילוגרמים,3.00,"ק""ג",false,,38.90,12.9667,true,1,30064
4017100290008,false,בלזן ביסקוויט מצופה,,,בלזן ביסקוויט מצופה,,125.00,100 גרם,false,,14.90,0.1192,true,1,120015
4017100364112,false,היט עוגיות סנדביץ בט,,,היט עוגיות סנדביץ בט,,220.00,100 גרם,false,,9.90,0.0450,true,1,120019
4025700001962,false,מילקה שוקולד לבן 100,,,מילקה שוקולד לבן 100,,100.00,100 גרם,false,,7.90,0.0790,true,1,234191
4065698201173,false,דונאטס אוראו יחידה,,,דונאטס אוראו יחידה,,73.00,100 גרם,false,,8.90,0.1219,true,1,371329
4065698201180,false,דונאטס מילקה יחידה,,,דונאטס מילקה יחידה,,73.00,100 גרם,false,,8.90,0.1219,true,1,371359
4079400330129,false,בירה וולטרס פחית 4.9,,,בירה וולטרס פחית 4.9,,500.00,"100 מ""ל",false,,7.90,0.0158,true,1,36
4607109409619,false,טבליות למדיח כלים AI,,,טבליות למדיח כלים AI,,470.00,100 גרם,false,,34.90,0.0743,true,1,24070
4640018993398,false,פיניש קוואנטום למדיח,,,פיניש קוואנטום למדיח,יחידה,0.00,יחידה,false,,62.90,0.0000,true,1,230964
4710068001692,false,מאסטר קפה לאטה פחית,,,מאסטר קפה לאטה פחית,,240.00,"100 מ""ל",false,,6.90,0.0288,true,1,11403
4710068002798,false,מאסטר קפה וונילה פחי,,,מאסטר קפה וונילה פחי,,240.00,"100 מ""ל",false,,6.90,0.0288,true,1,142113
4710068003313,false,מאסטר קפה אמריקנו בל,,,מאסטר קפה אמריקנו בל,,240.00,"100 מ""ל",false,,7.90,0.0329,true,1,368466
4903001904192,false,רוטב סויה יאמאסה פרמ,,,רוטב סויה יאמאסה פרמ,,500.00,"100 מ""ל",false,,18.90,0.0378,true,1,15178
5000157143365,false,מתבל בטעם מיונז וקטש,,,מתבל בטעם מיונז וקטש,,425.00,"100 מ""ל",false,,15.90,0.0374,true,1,209239
5000159376655,false,סוכריות סקיטלס פירות,,,סוכריות סקיטלס פירות,,38.00,100 גרם,false,,3.90,0.1026,true,1,49715
5000159409179,false,סניקרס מיני 403 גרם,,,סניקרס מיני 403 גרם,,403.00,100 גרם,false,,24.90,0.0618,true,1,16028
5000159414197,false,מלטיזרס 135 גרם,,,מלטיזרס 135 גרם,,135.00,100 גרם,false,,12.90,0.0956,true,1,456392
5000204657913,false,קיווי משחת נעליים בק,,,קיווי משחת נעליים בק,,50.00,"100 מ""ל",false,,6.90,0.1380,true,1,7578
5010026515919,false,מוזלי קריספי אגוזים,,,מוזלי קריספי אגוזים,,650.00,100 גרם,false,,25.90,0.0398,true,1,340731
5010026515933,false,מוזלי קריספי פירות ו,,,מוזלי קריספי פירות ו,,750.00,100 גרם,false,,25.90,0.0345,true,1,340732
5010182997253,false,רייד ארוסול קוטל ג'ו,,,רייד ארוסול קוטל ג'ו,,300.00,"100 מ""ל",false,,17.90,0.0597,true,1,7597
5010182997338,false,דאק ג'ל אסלה ניחוח ר,,,דאק ג'ל אסלה ניחוח ר,,55.00,100 גרם,false,,9.90,0.1800,true,1,7598
5010182998847,false,דאק ג'ל נוזל לניקוי,,,דאק ג'ל נוזל לניקוי,,750.00,"100 מ""ל",false,,11.90,0.0159,true,1,7604
5010182998861,false,דאק ג'ל נוזל לניקוי,,,דאק ג'ל נוזל לניקוי,,750.00,"100 מ""ל",false,,11.90,0.0159,true,1,7605
5010677551281,false,בקרדי בריזר לימון 27,,,בקרדי בריזר לימון 27,,275.00,"100 מ""ל",false,,14.90,0.0542,true,1,11409
5010677551397,false,בקרדי בריזר ליים,,,בקרדי בריזר ליים,,275.00,"100 מ""ל",false,,14.90,0.0542,true,1,117507
5010677552387,false,בקרדי בריזר אננס.,,,בקרדי בריזר אננס.,,275.00,"100 מ""ל",false,,14.90,0.0542,true,1,11411
5011157630281,false,טילדה אורז הימשלי בס,,,טילדה אורז הימשלי בס,קילוגרמים,1.00,"ק""ג",false,,25.90,25.9000,true,1,24666
5013931015789,false,ידית הפלא עם כרית פל,,,ידית הפלא עם כרית פל,,64.00,100 גרם,false,,21.90,0.3422,true,1,285062
5014271300429,false,סאן דלפור מעדן  משמש,,,סאן דלפור מעדן  משמש,,284.00,100 גרם,false,,22.90,0.0806,true,1,19576
5014271330426,false,סאן דלפור מעדן אוכמנ,,,סאן דלפור מעדן אוכמנ,,284.00,100 גרם,false,,22.90,0.0806,true,1,19578
5014271350424,false,סאן דלפור מעדן ארבע,,,סאן דלפור מעדן ארבע,,284.00,100 גרם,false,,22.90,0.0806,true,1,19579
5014271370422,false,סאן דלפור מעדן אפרסק,,,סאן דלפור מעדן אפרסק,,284.00,100 גרם,false,,22.90,0.0806,true,1,19581
5014271560427,false,סאן דלפור מעדן תפוז,,,סאן דלפור מעדן תפוז,,284.00,100 גרם,false,,22.90,0.0806,true,1,19585
5029053002408,false,נייר טואלט קליניקס ל,,,נייר טואלט קליניקס ל,,275.00,מטר,false,,34.90,0.1269,true,1,10846
5029053002439,false,נייר טואלט קליניקס צ,,,נייר טואלט קליניקס צ,,243.00,מטר,false,,34.90,0.1436,true,1,10847
5029053039725,false,טישו נטורל פרש קופסא,,,טישו נטורל פרש קופסא,יחידה,0.00,יחידה,false,,10.90,0.0000,true,1,359886
5029053578309,false,טישו אולטרה סופט קוב,,,טישו אולטרה סופט קוב,יחידה,0.00,יחידה,false,,7.90,0.0000,true,1,359901
5029054220085,false,האגיס אקסטרה קר מגבו,,,האגיס אקסטרה קר מגבו,יחידה,0.00,יחידה,false,,28.90,0.0000,true,1,131341
5201004020338,false,קפריס רולס קלאסיק 40,,,קפריס רולס קלאסיק 40,,400.00,100 גרם,false,,20.90,0.0522,true,1,141320
5201347160326,false,קלגון גל 750 מ'ל,,,קלגון גל 750 מ'ל,,750.00,"100 מ""ל",false,,34.20,0.0456,true,1,96615
5201360797097,false,עוגת ספוג מצופה וניל,,,עוגת ספוג מצופה וניל,,256.00,100 גרם,false,,11.90,0.0465,true,1,118227
5410076933129,false,אריאל שושן צחור שקית,,,אריאל שושן צחור שקית,קילוגרמים,3.00,"ק""ג",false,,38.90,12.9667,true,1,30439
5410126106183,false,ביסקוויט קרמל 312גרם,,,ביסקוויט קרמל 312גרם,,312.00,100 גרם,false,,19.70,0.0631,true,1,66453
5410126716016,false,ביסקוויט בטעם קרמל ל,,,ביסקוויט בטעם קרמל ל,,250.00,100 גרם,false,,12.90,0.0516,true,1,30446
5410173210055,false,רומבוסט קפה טחון וקל,,,רומבוסט קפה טחון וקל,,70.00,100 גרם,false,,22.50,0.3214,true,1,15182
5410769200088,false,"בירה מק שוף 330 מ""ל",,,"בירה מק שוף 330 מ""ל",,330.00,"100 מ""ל",false,,14.90,0.0452,true,1,127222
5411188096108,false,אלפרו סויה לבישול 25,,,אלפרו סויה לבישול 25,,250.00,"100 מ""ל",false,,10.90,0.0436,true,1,24670
5411188110835,false,אלפרו משקה שקדים 1 ל,,,אלפרו משקה שקדים 1 ל,ליטרים,1.00,ליטר,false,,16.80,16.8000,true,1,24674
5411188112549,false,אלפרו משקה אורז 1ל,,,אלפרו משקה אורז 1ל,ליטרים,1.00,ליטר,false,,16.80,16.8000,true,1,24677
5411188112709,false,אלפרו משקה שקדים ללא,,,אלפרו משקה שקדים ללא,יחידה,0.00,יחידה,false,,16.80,0.0000,true,1,24678
5411188115366,false,אלפרו משקה שיבולת שו,,,אלפרו משקה שיבולת שו,יחידה,0.00,יחידה,false,,16.80,0.0000,true,1,24681
5411188115472,false,אלפרו משקה סויה 1 לי,,,אלפרו משקה סויה 1 לי,ליטרים,1.00,ליטר,false,,14.90,14.9000,true,1,256157
5411188121978,false,אלפרו סויה  שוקו סיד,,,אלפרו סויה  שוקו סיד,,750.00,"100 מ""ל",false,,15.90,0.0212,true,1,108773
5411188122661,false,אלפרו משקה שקדים לא,,,אלפרו משקה שקדים לא,יחידה,0.00,יחידה,false,,16.80,0.0000,true,1,76562
5411188133490,false,אלפרו משקה סויה קפה,,,אלפרו משקה סויה קפה,,250.00,"100 מ""ל",false,,8.90,0.0356,true,1,361697
5411188134985,false,אלפרו 3.5% שומן NOT,,,אלפרו 3.5% שומן NOT,ליטרים,1.00,ליטר,false,,14.90,14.9000,true,1,338375
5411188543398,false,אלפרו משקה סויה ללא,,,אלפרו משקה סויה ללא,ליטרים,1.00,ליטר,false,,14.90,14.9000,true,1,260670
5413121355082,false,שוקולד בלגי מריר 72%,,,שוקולד בלגי מריר 72%,,100.00,100 גרם,false,,12.90,0.1290,true,1,21984
5413121355099,false,שוקולד מריר 72% עם פ,,,שוקולד מריר 72% עם פ,,100.00,100 גרם,false,,12.90,0.1290,true,1,462529
5413121355143,false,שוקולד לבן משובח בלג,,,שוקולד לבן משובח בלג,,100.00,100 גרם,false,,12.90,0.1290,true,1,462558
5413121358694,false,שוקולד בלגי מריר 85%,,,שוקולד בלגי מריר 85%,,100.00,100 גרם,false,,12.90,0.1290,true,1,462559
5413121364121,false,שוקולד טראפלס קקאו ז,,,שוקולד טראפלס קקאו ז,,150.00,100 גרם,false,,15.90,0.1060,true,1,463499
5413121388905,false,שוקולד טראפלס אגוז,,,שוקולד טראפלס אגוז,,150.00,100 גרם,false,,15.90,0.1060,true,1,462591
5413149922907,false,אריאל אבקת כביסה קול,,,אריאל אבקת כביסה קול,קילוגרמים,5.00,"ק""ג",false,,57.90,11.5800,true,1,30479
5600289150332,false,צ'יפס תפוחי עץ מיובש,,,צ'יפס תפוחי עץ מיובש,,20.00,100 גרם,false,,6.90,0.3450,true,1,424878
5601010211070,false,סרדינים במי מלח רמיר,,,סרדינים במי מלח רמיר,,100.00,100 גרם,false,,10.90,0.1090,true,1,74093
5601010211087,false,פילה סרדין בשמן זית,,,פילה סרדין בשמן זית,,100.00,100 גרם,false,,15.90,0.1590,true,1,74083
5701932026964,false,הוט פופ .פופקורן עם,,,הוט פופ .פופקורן עם,,600.00,100 גרם,false,,16.90,0.0282,true,1,15189
5701932026995,false,הוט פופ פופקורן לייט,,,הוט פופ פופקורן לייט,,510.00,100 גרם,false,,16.90,0.0331,true,1,15191
5711953106583,false,ארלה גבינת שמנת טבעי,,,ארלה גבינת שמנת טבעי,,200.00,100 גרם,false,,16.90,0.0845,true,1,190573
5711953106590,false,ארלה גבינת שמנת שום,,,ארלה גבינת שמנת שום,,200.00,100 גרם,false,,16.90,0.0845,true,1,190574
5711953106606,false,ארלה גבינת שמנת עשבי,,,ארלה גבינת שמנת עשבי,,200.00,100 גרם,false,,16.90,0.0845,true,1,190575
5740900403215,false,ממרח לורפק עם מלח 25,,,ממרח לורפק עם מלח 25,,250.00,100 גרם,false,,17.90,0.0716,true,1,133619
5740900403222,false,ממרח לורפק עם מלח מו,,,ממרח לורפק עם מלח מו,,250.00,100 גרם,false,,17.90,0.0716,true,1,133620
5740900403239,false,ממרח לורפק ללא מלח 2,,,ממרח לורפק ללא מלח 2,,250.00,100 גרם,false,,17.90,0.0716,true,1,133621
5740900403253,false,ממרח לורפק עם מלח 50,,,ממרח לורפק עם מלח 50,,500.00,יח',false,,30.80,0.0616,true,1,133623
5740900403260,false,ממרח לורפק ללא מלח מ,,,ממרח לורפק ללא מלח מ,,250.00,יח',false,,17.90,0.0716,true,1,133624
5740900403864,false,חמאת לורפק עם מלח 20,,,חמאת לורפק עם מלח 20,,200.00,100 גרם,false,,12.90,0.0645,true,1,338464
5900020012814,false,דגני בוקר נסקוויק נס,,,דגני בוקר נסקוויק נס,,500.00,100 גרם,false,,27.90,0.0558,true,1,22296
5900020015174,false,פיטנס חטיף דגנים שוק,,,פיטנס חטיף דגנים שוק,,141.00,100 גרם,false,,17.90,0.1270,true,1,22297
5900020018908,false,פיטנס חטיף דגנים קרם,,,פיטנס חטיף דגנים קרם,,141.00,100 גרם,false,,17.90,0.1270,true,1,22303
5900020026552,false,האני נאט ציריוס נסטל,,,האני נאט ציריוס נסטל,,625.00,100 גרם,false,,27.90,0.0446,true,1,22319
5900020034021,false,פיטנס חטיף דגנים שוק,,,פיטנס חטיף דגנים שוק,,141.00,100 גרם,false,,17.90,0.1270,true,1,139243
5900020036407,false,דגני בוקר שוקולד וקר,,,דגני בוקר שוקולד וקר,,480.00,100 גרם,false,,27.90,0.0581,true,1,228903
5900020037916,false,צ'יריוס שיבולת שועל,,,צ'יריוס שיבולת שועל,,375.00,100 גרם,false,,17.90,0.0477,true,1,321932
5900020039132,false,צ'יריוס שיבולת שועל,,,צ'יריוס שיבולת שועל,,320.00,100 גרם,false,,17.90,0.0559,true,1,314447
5900020039590,false,פיטנס חטיף דגנים קלא,,,פיטנס חטיף דגנים קלא,,141.00,100 גרם,false,,17.90,0.1270,true,1,368690
5900627027020,false,ויט ספא תמציות משי,,,ויט ספא תמציות משי,,150.00,"100 מ""ל",false,,42.90,0.2860,true,1,106826
5900627066715,false,פיניש 100 טבליות AIO,,,פיניש 100 טבליות AIO,יחידה,0.00,יחידה,false,,69.90,0.0000,true,1,24147
5901414200411,false,היט מיניס קרם קקאו 1,,,היט מיניס קרם קקאו 1,,130.00,100 גרם,false,,6.90,0.0531,true,1,15194
5902198160403,false,אקס אל משקה אנרגיה ט,,,אקס אל משקה אנרגיה ט,,250.00,"100 מ""ל",false,,4.90,0.0196,true,1,82394
5902768862553,true,עוגיות בוגטי שוקולד,,,עוגיות בוגטי שוקולד,,155.00,100 גרם,false,,6.90,0.0445,true,1,151999
5902768862683,true,עוגיות טוויט שוקולד,,,עוגיות טוויט שוקולד,,155.00,100 גרם,false,,6.90,0.0445,true,1,152000
5904941750312,false,בלו בודד מוחיטו 250,,,בלו בודד מוחיטו 250,,250.00,"100 מ""ל",false,,4.90,0.0196,true,1,3507
5904941751715,false,בלו משקה אנרגיה קרנב,,,בלו משקה אנרגיה קרנב,,250.00,"100 מ""ל",false,,4.90,0.0196,true,1,3516
5906485301012,false,אקס אל משקה אנרגיה 2,,,אקס אל משקה אנרגיה 2,,250.00,100 גרם,false,,4.90,0.0196,true,1,11422
5941021001254,false,טבלת היידי גראנדור ת,,,טבלת היידי גראנדור ת,,80.00,100 גרם,false,,12.90,0.1613,true,1,441779
5941021001261,false,טבלת היידי גראנדור 7,,,טבלת היידי גראנדור 7,,80.00,100 גרם,false,,12.90,0.1613,true,1,441809
5941021004309,false,טבלת היידי גראנדור פ,,,טבלת היידי גראנדור פ,,100.00,100 גרם,false,,12.90,0.1290,true,1,441810
5941021016401,false,טבלת היידי גראנדור מ,,,טבלת היידי גראנדור מ,,100.00,100 גרם,false,,12.90,0.1290,true,1,441733
6224009175192,false,"תות שדה 1 ק""ג קפוא ב",,,"תות שדה 1 ק""ג קפוא ב",קילוגרמים,1.00,"ק""ג",false,,19.90,19.9000,true,1,154544
6910191800287,false,אצות נורי לסושי מזרח,,,אצות נורי לסושי מזרח,,25.00,100 גרם,false,,12.90,0.5160,true,1,16433
6936745600783,false,"חומץ אורז 500 מ""ל (ד",,,"חומץ אורז 500 מ""ל (ד",,500.00,100 גרם,false,,17.90,0.0358,true,1,16447
7046110075036,false,מארז מב.שיניים אולטי,,,מארז מב.שיניים אולטי,יחידה,0.00,יחידה,false,,15.90,0.0000,true,1,137366
7180589856540,false,נייס שבלולים לשיער,,,נייס שבלולים לשיער,יחידה,0.00,יחידה,false,,3.90,0.0000,true,1,38464
7262626088173,false,גרבי אנגורה נשים,,,גרבי אנגורה נשים,יחידה,0.00,יחידה,false,,9.90,0.0000,true,1,278674
7262626088197,false,טייץ טרמי צבעוני,,,טייץ טרמי צבעוני,יחידה,0.00,יחידה,false,,29.90,0.0000,true,1,262450
7262626088272,false,מטריה סיליקון שחור ח,,,מטריה סיליקון שחור ח,יחידה,0.00,יחידה,false,,39.90,0.0000,true,1,389429
7262626088289,false,מטריה סיליקון נקודות,,,מטריה סיליקון נקודות,יחידה,0.00,יחידה,false,,39.90,0.0000,true,1,389444
7262626088296,false,מטריה סיליקון עם הדפ,,,מטריה סיליקון עם הדפ,יחידה,0.00,יחידה,false,,39.90,0.0000,true,1,389445
7262626111222,false,בובה דובי,,,בובה דובי,יחידה,0.00,יחידה,false,,19.90,0.0000,true,1,321971
7290000000104,false,סנדוויץ'  עובד,,,סנדוויץ'  עובד,יחידה,0.00,יחידה,false,,5.00,0.0000,true,1,104252
7290000000311,false,קרואסון ביס בטעמים ח,,,קרואסון ביס בטעמים ח,קילוגרמים,1.00,"ק""ג",true,,44.00,44.0000,true,1,65718
7290000001193,false,בונז'ור בייבי חליות,,,בונז'ור בייבי חליות,,70.00,100 גרם,false,,2.50,0.0357,true,1,95464
7290000002010,false,שנק/מאפה מתוק טעמים,,,שנק/מאפה מתוק טעמים,קילוגרמים,1.00,"ק""ג",true,,44.00,44.0000,true,1,65763
7290000002022,false,פרווה ביס שוקולד/מאפ,,,פרווה ביס שוקולד/מאפ,קילוגרמים,1.00,"ק""ג",true,,44.00,44.0000,true,1,65771
7290000004444,false,שקיות גופיה  20 מקרו,,,שקיות גופיה  20 מקרו,יחידה,0.00,יחידה,false,,0.10,0.0000,true,1,460976
7290000005025,false,בייגל בטעמים,,,בייגל בטעמים,,1.00,מטר,false,,5.50,5.5000,true,1,95395
7290000005028,false,חיסול מלאי כלי בית 1,,,חיסול מלאי כלי בית 1,יחידה,0.00,יחידה,false,,15.00,0.0000,true,1,414940
7290000006502,true,5יח לחמניה כריך ילדי,,,5יח לחמניה כריך ילדי,,1.00,יח',false,,13.90,13.9000,true,1,116821
7290000010494,false,אוזני פיל בונז'ור,,,אוזני פיל בונז'ור,קילוגרמים,1.00,"ק""ג",true,,31.00,31.0000,true,1,69006
7290000010500,false,5 יח' לחמניות  חיטה,,,5 יח' לחמניות  חיטה,,1.00,יח',false,,13.90,13.9000,true,1,216037
7290000011593,false,שזיף,,,שזיף,קילוגרמים,1.00,"ק""ג",true,,19.90,19.9000,true,1,2082
7290000023809,false,קלאסיק קברנה סובניון,,,קלאסיק קברנה סובניון,,750.00,"100 מ""ל",false,,35.50,0.0473,true,1,11448
7290000023816,false,קלאסיק אמרלד ריזלינג,,,קלאסיק אמרלד ריזלינג,,750.00,"100 מ""ל",false,,35.50,0.0473,true,1,11449
7290000023977,false,קלאסיק מרלו 750מל.,,,קלאסיק מרלו 750מל.,,750.00,"100 מ""ל",false,,35.50,0.0473,true,1,11455
7290000032665,false,רוטב עגבניות 28% ברי,,,רוטב עגבניות 28% ברי,,580.00,100 גרם,false,,8.50,0.0147,true,1,10621
7290000040042,false,יופלה תות שובב 3% 15,,,יופלה תות שובב 3% 15,,150.00,"100 מ""ל",false,,5.50,0.0367,true,1,28406
7290000040066,false,יופלה דובדבן פראי 3%,,,יופלה דובדבן פראי 3%,,150.00,"100 מ""ל",false,,5.50,0.0367,true,1,28408
7290000040080,false,יופלה אפרסק מאוהב 3%,,,יופלה אפרסק מאוהב 3%,,150.00,"100 מ""ל",false,,5.50,0.0367,true,1,28409
7290000040301,false,תנובה גבינת קממבר עי,,,תנובה גבינת קממבר עי,,125.00,100 גרם,false,,20.60,0.1648,true,1,28412
7290000040318,false,תנובה גבינת ברי 24%,,,תנובה גבינת ברי 24%,,125.00,יח',false,,21.60,0.1728,true,1,28413
7290000040974,false,חלב תנובה קרטון דל ל,,,חלב תנובה קרטון דל ל,ליטרים,1.00,ליטר,false,,7.50,7.5000,true,1,28416
7290000041445,false,"קוטג' 5% תנובה בד""צ",,,"קוטג' 5% תנובה בד""צ",,250.00,100 גרם,false,,5.70,0.0228,true,1,28418
7290000041865,false,יטבתה לבן 4.5% 200מל,,,יטבתה לבן 4.5% 200מל,,200.00,"100 מ""ל",false,,2.50,0.0125,true,1,26029
7290000042008,false,חלב תנובה רבנות 3% ב,,,חלב תנובה רבנות 3% ב,ליטרים,1.00,ליטר,false,,5.43,5.4300,true,1,28423
7290000042015,false,חלב תנובה טרי שקית,,,חלב תנובה טרי שקית,יחידה,0.00,יחידה,false,,5.43,0.0000,true,1,28424
7290000042367,false,חלב תנובה בקבוק  3%,,,חלב תנובה בקבוק  3%,ליטרים,1.00,ליטר,false,,6.23,6.2300,true,1,102208
7290000042435,false,חלב תנובה בקרטון 1%,,,חלב תנובה בקרטון 1%,ליטרים,1.00,ליטר,false,,5.86,5.8600,true,1,28430
7290000042442,false,חלב תנובה בקרטון רבנ,,,חלב תנובה בקרטון רבנ,ליטרים,1.00,ליטר,false,,6.23,6.2300,true,1,28431
7290000042640,false,חלב תנובה עמיד 3% מה,,,חלב תנובה עמיד 3% מה,,250.00,"100 מ""ל",false,,2.90,0.0116,true,1,28437
7290000042855,false,יטבתה שוקו שקית 225,,,יטבתה שוקו שקית 225,,225.00,"100 מ""ל",false,,2.90,0.0129,true,1,26033
7290000043012,false,שוק שוקו עמיד 2% בקר,,,שוק שוקו עמיד 2% בקר,,250.00,"100 מ""ל",false,,4.90,0.0196,true,1,28440
7290000043814,false,שף לבן שמנת לקצפת עמ,,,שף לבן שמנת לקצפת עמ,,250.00,100 גרם,false,,6.47,0.0259,true,1,28443
7290000043890,false,ריויון 1.5% 1ל,,,ריויון 1.5% 1ל,ליטרים,1.00,ליטר,false,,11.90,11.9000,true,1,28446
7290000044712,false,פרילי תות 1.5% 500מל,,,פרילי תות 1.5% 500מל,,500.00,100 גרם,false,,10.90,0.0218,true,1,28453
7290000044880,false,באדי תות 3% 500מל,,,באדי תות 3% 500מל,,500.00,"100 מ""ל",false,,9.50,0.0190,true,1,28455
7290000045573,false,נעמה גבינת מותכת 25%,,,נעמה גבינת מותכת 25%,,200.00,100 גרם,false,,16.50,0.0825,true,1,28457
7290000045580,false,נעמה גבינת מותכת 25%,,,נעמה גבינת מותכת 25%,,240.00,100 גרם,false,,18.90,0.0787,true,1,28458
7290000046327,false,גלבוע גבינה פרוסה 22,,,גלבוע גבינה פרוסה 22,,200.00,יח',false,,13.30,0.0665,true,1,28463
7290000047546,false,שף לבן כנען 5% 500ג,,,שף לבן כנען 5% 500ג,,500.00,100 גרם,false,,25.90,0.0518,true,1,28466
7290000047621,false,"גבינה לבנה רכה בד""צ",,,"גבינה לבנה רכה בד""צ",,250.00,100 גרם,false,,4.98,0.0199,true,1,28468
7290000047942,false,תנובה גבינה לבנה 9%,,,תנובה גבינה לבנה 9%,,250.00,יח',false,,4.75,0.0190,true,1,28470
7290000048185,false,גבינה לבנה רכה 5% תנ,,,גבינה לבנה רכה 5% תנ,,250.00,יח',false,,4.98,0.0199,true,1,28471
7290000048192,false,גבינה לבנה רכה 9% בד,,,גבינה לבנה רכה 9% בד,,250.00,100 גרם,false,,4.80,0.0192,true,1,28472
7290000048437,false,פיראוס צפתית 5% 200,,,פיראוס צפתית 5% 200,,200.00,100 גרם,false,,15.90,0.0795,true,1,28477
7290000049458,false,פיראוס בולגרית עיזים,,,פיראוס בולגרית עיזים,,250.00,100 גרם,false,,31.00,0.1240,true,1,28482
7290000050447,false,יופלהYYY תות 3% 500מ,,,יופלהYYY תות 3% 500מ,,500.00,"100 מ""ל",false,,13.80,0.0276,true,1,28489
7290000050454,false,יופלהYYY אפרסק 3% 50,,,יופלהYYY אפרסק 3% 50,,500.00,"100 מ""ל",false,,13.80,0.0276,true,1,28490
7290000051307,false,חלב תנובה הפ.אוכל עו,,,חלב תנובה הפ.אוכל עו,,150.00,"100 מ""ל",false,,9.90,0.0660,true,1,28508
7290000051352,false,חלב תנובה של פעם בקר,,,חלב תנובה של פעם בקר,ליטרים,1.00,ליטר,false,,7.40,7.4000,true,1,28509
7290000052311,false,עמק מהדרין 15% 200 ג,,,עמק מהדרין 15% 200 ג,,200.00,יח',false,,16.40,0.0820,true,1,28526
7290000055329,false,יופלה משקה יוגורט תו,,,יופלה משקה יוגורט תו,,250.00,"100 מ""ל",false,,6.50,0.0260,true,1,28582
7290000055343,false,יופלה משקה יוגורט טר,,,יופלה משקה יוגורט טר,,250.00,"100 מ""ל",false,,6.50,0.0260,true,1,28584
7290000055893,false,חמאה מהדרין תנובה 20,,,חמאה מהדרין תנובה 20,,200.00,100 גרם,false,,7.88,0.0394,true,1,28590
7290000056081,false,"פרילי טבע 6*200 מ""ל",,,"פרילי טבע 6*200 מ""ל",קילוגרמים,1.20,"ק""ג",false,,23.00,19.1667,true,1,28595
7290000056272,false,תנובה גבינה לבנה עם,,,תנובה גבינה לבנה עם,,250.00,100 גרם,false,,5.90,0.0236,true,1,28599
7290000056845,false,חלב תנובה בקרטון 3%,,,חלב תנובה בקרטון 3%,ליטרים,1.50,ליטר,false,,9.34,6.2267,true,1,28608
7290000056883,false,יופלה טעמים משתנים 3,,,יופלה טעמים משתנים 3,קילוגרמים,1.20,"ק""ג",false,,33.30,27.7500,true,1,28610
7290000056890,false,יופלה דיאט טעמים שונ,,,יופלה דיאט טעמים שונ,קילוגרמים,1.20,"ק""ג",false,,33.30,27.7500,true,1,28611
7290000056906,false,יופלה לבן 1.5% 8*150,,,יופלה לבן 1.5% 8*150,ליטרים,1.20,ליטר,false,,18.50,15.4167,true,1,28612
7290000057088,false,עמק דק דק 28% 200גר,,,עמק דק דק 28% 200גר,,200.00,100 גרם,false,,16.90,0.0845,true,1,28619
7290000057118,false,עמק  סמי  28% 400 גר,,,עמק  סמי  28% 400 גר,,400.00,100 גרם,false,,23.10,0.0578,true,1,28621
7290000058030,false,יופלה שטוזים משקה יו,,,יופלה שטוזים משקה יו,,800.00,"100 מ""ל",false,,21.50,0.0269,true,1,28643
7290000058047,false,שף לבן שמנת מתוקה מה,,,שף לבן שמנת מתוקה מה,,500.00,100 גרם,false,,12.94,0.0259,true,1,28644
7290000060071,false,חטיפי פריכונים מאורז,,,חטיפי פריכונים מאורז,,80.00,100 גרם,false,,8.90,0.1113,true,1,22324
7290000060163,false,אטריות דקות אסם 400,,,אטריות דקות אסם 400,,400.00,100 גרם,false,,7.90,0.0198,true,1,22328
7290000060200,false,פתיתים אפויים קוסקוס,,,פתיתים אפויים קוסקוס,,500.00,100 גרם,false,,7.90,0.0158,true,1,22329
7290000060248,false,פסטה תלתלים אסם 500,,,פסטה תלתלים אסם 500,,500.00,100 גרם,false,,6.90,0.0138,true,1,22331
7290000060316,false,פסטה ספגטי פרפקטו 50,,,פסטה ספגטי פרפקטו 50,,500.00,100 גרם,false,,7.90,0.0158,true,1,22333
7290000060330,false,פסטה ספירלי פרפקטו 5,,,פסטה ספירלי פרפקטו 5,,500.00,100 גרם,false,,7.90,0.0158,true,1,22335
7290000060408,false,פתיתים אפויים טבעות,,,פתיתים אפויים טבעות,,500.00,100 גרם,false,,7.90,0.0158,true,1,22337
7290000060415,false,לזאניה פרפקטו  500 ג,,,לזאניה פרפקטו  500 ג,,500.00,100 גרם,false,,15.40,0.0308,true,1,22338
7290000060576,false,פתיתים אפויים כוכבים,,,פתיתים אפויים כוכבים,,500.00,100 גרם,false,,7.90,0.0158,true,1,22343
7290000060781,false,פסטה מסולסלים אסם 50,,,פסטה מסולסלים אסם 50,,500.00,100 גרם,false,,6.90,0.0138,true,1,22344
7290000060828,false,פסטה קרניים בינוניות,,,פסטה קרניים בינוניות,,500.00,100 גרם,false,,6.90,0.0138,true,1,22345
7290000060880,false,ספגטי אסם 500 גרם,,,ספגטי אסם 500 גרם,,500.00,100 גרם,false,,6.90,0.0138,true,1,22348
7290000060903,false,פתיתים אפויים אורז א,,,פתיתים אפויים אורז א,,500.00,100 גרם,false,,7.90,0.0158,true,1,22349
7290000060958,false,אטריות בינוניות אסם,,,אטריות בינוניות אסם,,400.00,100 גרם,false,,7.90,0.0198,true,1,22351
7290000060965,false,אטריות רחבות אסם 400,,,אטריות רחבות אסם 400,,400.00,100 גרם,false,,7.90,0.0198,true,1,22352
7290000061061,false,אסם קרקר בצל 250גרם,,,אסם קרקר בצל 250גרם,,250.00,100 גרם,false,,11.60,0.0464,true,1,22354
7290000061108,false,רוטב טריאקי אסם 290,,,רוטב טריאקי אסם 290,,290.00,"100 מ""ל",false,,12.90,0.0445,true,1,22356
7290000061214,false,פתיתים קוסקוס בצל אס,,,פתיתים קוסקוס בצל אס,,500.00,100 גרם,false,,7.90,0.0158,true,1,22357
7290000061764,false,נס קפה רד מאג טעם חד,,,נס קפה רד מאג טעם חד,,200.00,100 גרם,false,,23.90,0.1195,true,1,22361
7290000063102,false,קמח תופח קטן אסם 350,,,קמח תופח קטן אסם 350,,350.00,100 גרם,false,,5.80,0.0166,true,1,22370
7290000063133,false,שקדי מרק רכיבים טבעי,,,שקדי מרק רכיבים טבעי,,100.00,100 גרם,false,,6.90,0.0690,true,1,22371
7290000063140,false,שקדי מרק רכיבים טבעי,,,שקדי מרק רכיבים טבעי,,400.00,100 גרם,false,,13.90,0.0348,true,1,22372
7290000063157,false,קמח עוגה תופח מאליו,,,קמח עוגה תופח מאליו,קילוגרמים,1.00,"ק""ג",false,,10.30,10.3000,true,1,22373
7290000064758,false,קוסקוס אמיתי אסם 350,,,קוסקוס אמיתי אסם 350,,350.00,100 גרם,false,,8.90,0.0254,true,1,22383
7290000064871,false,"מנה חמה פירה תפו""א ו",,,"מנה חמה פירה תפו""א ו",,56.00,100 גרם,false,,6.90,0.1232,true,1,22384
7290000065090,false,מיני קרוטונים למרק ו,,,מיני קרוטונים למרק ו,,400.00,100 גרם,false,,27.50,0.0688,true,1,22385
7290000065557,false,מנה חמה קוסקוס וירקו,,,מנה חמה קוסקוס וירקו,,84.00,100 גרם,false,,6.90,0.0821,true,1,22389
7290000066141,false,ביסלי גריל 70 גר'.,,,ביסלי גריל 70 גר'.,,70.00,יח',false,,4.90,0.0700,true,1,22397
7290000066172,false,ביסלי פיצה 70גרם,,,ביסלי פיצה 70גרם,,70.00,יח',false,,4.90,0.0700,true,1,67920
7290000066196,false,ביסלי גריל 200גרם,,,ביסלי גריל 200גרם,,200.00,100 גרם,false,,7.90,0.0395,true,1,67921
7290000066264,false,דובונים 40גרם,,,דובונים 40גרם,,40.00,100 גרם,false,,5.00,0.1250,true,1,22406
7290000066295,false,במבה מתוקה מחומרים ט,,,במבה מתוקה מחומרים ט,,30.00,יח',false,,2.90,0.0967,true,1,22407
7290000066318,false,במבה קלאסי 80 גרם,,,במבה קלאסי 80 גרם,,80.00,יח',false,,4.90,0.0613,true,1,22409
7290000066431,false,פופקו חמאה ודבש 80גר,,,פופקו חמאה ודבש 80גר,,80.00,יח',false,,5.90,0.0738,true,1,22412
7290000067544,false,אסם פירורית פירורי ל,,,אסם פירורית פירורי ל,,200.00,100 גרם,false,,7.90,0.0395,true,1,22420
7290000068138,false,אסם פודינג אינסטנט ו,,,אסם פודינג אינסטנט ו,,80.00,100 גרם,false,,6.50,0.0813,true,1,22430
7290000068190,false,אסם ג'לי תות שדה צבע,,,אסם ג'לי תות שדה צבע,,90.00,100 גרם,false,,7.90,0.0878,true,1,22434
7290000068282,false,מנה חמה פירה וירקות,,,מנה חמה פירה וירקות,,47.00,100 גרם,false,,8.50,0.1809,true,1,22438
7290000068299,false,"מנה חמה פירה תפ"" ופט",,,"מנה חמה פירה תפ"" ופט",,47.00,100 גרם,false,,8.50,0.1809,true,1,22439
7290000068343,false,פריכונים מאורז מלא א,,,פריכונים מאורז מלא א,,140.00,100 גרם,false,,8.90,0.0636,true,1,22440
7290000068770,false,במבה יום הולדת 80גרם,,,במבה יום הולדת 80גרם,,80.00,יח',false,,4.90,0.0613,true,1,22442
7290000068787,false,במבה יום הולדת 25גרם,,,במבה יום הולדת 25גרם,,25.00,יח',false,,2.90,0.1160,true,1,22443
7290000069258,false,פנה ריגאטה פרפקטו 50,,,פנה ריגאטה פרפקטו 50,,500.00,100 גרם,false,,7.90,0.0158,true,1,22449
7290000069364,false,פריכונים מאורז מלא ל,,,פריכונים מאורז מלא ל,,140.00,100 גרם,false,,8.90,0.0636,true,1,67928
7290000069609,false,אסם חטיפי קרקר זעתר,,,אסם חטיפי קרקר זעתר,,300.00,100 גרם,false,,12.90,0.0430,true,1,22454
7290000069715,false,אסם חטיפי קרקר מלוח,,,אסם חטיפי קרקר מלוח,,300.00,100 גרם,false,,12.90,0.0430,true,1,22456
7290000070322,false,אבקת מרק פטריות רכיב,,,אבקת מרק פטריות רכיב,,400.00,100 גרם,false,,29.90,0.0747,true,1,22462
7290000070919,false,בייגלה אסם רשתות מלח,,,בייגלה אסם רשתות מלח,,400.00,100 גרם,false,,14.90,0.0373,true,1,22474
7290000071008,false,בייגלה אסם שטוחים מל,,,בייגלה אסם שטוחים מל,,60.00,100 גרם,false,,3.90,0.0650,true,1,22475
7290000072067,false,במבה במילוי קרם חלבה,,,במבה במילוי קרם חלבה,,60.00,100 גרם,false,,4.90,0.0817,true,1,22478
7290000072241,false,אסם רוטב פיצה 290מל,,,אסם רוטב פיצה 290מל,,290.00,"100 מ""ל",false,,12.90,0.0445,true,1,22482
7290000072623,false,אסם קטשופ בקבוק לחיץ,,,אסם קטשופ בקבוק לחיץ,,750.00,100 גרם,false,,12.50,0.0167,true,1,22484
7290000072753,false,נס קפה טייסטרס צ'ויס,,,נס קפה טייסטרס צ'ויס,,200.00,100 גרם,false,,33.90,0.1695,true,1,22487
7290000072784,false,טייסטרס צוייס נטול ק,,,טייסטרס צוייס נטול ק,,100.00,100 גרם,false,,30.90,0.3090,true,1,22490
7290000072968,false,סיני מיניס דגני נסטל,,,סיני מיניס דגני נסטל,יחידה,500.00,יחידה,false,,27.90,0.0558,true,1,22495
7290000073125,false,מנה חמה פסטה עם עגבנ,,,מנה חמה פסטה עם עגבנ,,62.00,100 גרם,false,,6.90,0.1113,true,1,22496
7290000073415,false,מנה חמה פסטה ברוטב פ,,,מנה חמה פסטה ברוטב פ,,61.00,100 גרם,false,,6.90,0.1131,true,1,22497
7290000073699,false,צבר חומוס חלק 150ג,,,צבר חומוס חלק 150ג,,150.00,100 גרם,false,,5.90,0.0393,true,1,23284
7290000073750,false,מנה חמה נודלס בטעם ע,,,מנה חמה נודלס בטעם ע,,70.00,100 גרם,false,,6.90,0.0986,true,1,22499
7290000073767,false,מנה חמה נודלס בטעם ב,,,מנה חמה נודלס בטעם ב,,70.00,100 גרם,false,,6.90,0.0986,true,1,22500
7290000074153,false,אסם פתי בר שוקו 500ג,,,אסם פתי בר שוקו 500ג,,500.00,100 גרם,false,,15.50,0.0310,true,1,22506
7290000074184,false,אסם פתי בר 500גרם,,,אסם פתי בר 500גרם,,500.00,יח',false,,12.00,0.0240,true,1,22508
7290000074252,false,אסם קרקר שומשום 250ג,,,אסם קרקר שומשום 250ג,,250.00,100 גרם,false,,11.20,0.0448,true,1,22510
7290000074276,false,טבעון קרקר פיקנטי 25,,,טבעון קרקר פיקנטי 25,,250.00,100 גרם,false,,11.90,0.0476,true,1,22511
7290000074481,false,לחמית אגוזים 160גרם,,,לחמית אגוזים 160גרם,,160.00,100 גרם,false,,11.90,0.0744,true,1,67943
7290000074696,false,אסם קרם קרקר 1קג,,,אסם קרם קרקר 1קג,קילוגרמים,1.00,"ק""ג",false,,24.90,24.9000,true,1,22235
7290000074764,false,קרקר זהב אסם 900 גרם,,,קרקר זהב אסם 900 גרם,,900.00,100 גרם,false,,24.90,0.0277,true,1,22521
7290000076126,false,אסם בייגלה שמיניות ק,,,אסם בייגלה שמיניות ק,,80.00,100 גרם,false,,3.90,0.0487,true,1,22528
7290000076133,false,בייגלה אסם שמיניות ק,,,בייגלה אסם שמיניות ק,,400.00,יח',false,,11.90,0.0298,true,1,22529
7290000076645,false,טוסטעים חיטה מלאה אס,,,טוסטעים חיטה מלאה אס,,100.00,100 גרם,false,,11.40,0.1140,true,1,22531
7290000077017,false,אסם קרמוגית במילוי ש,,,אסם קרמוגית במילוי ש,,200.00,100 גרם,false,,11.90,0.0595,true,1,22532
7290000077253,false,לחמית כפרית 190גרם,,,לחמית כפרית 190גרם,,190.00,100 גרם,false,,11.90,0.0626,true,1,22533
7290000078212,false,קרוטונים מתובלים אסם,,,קרוטונים מתובלים אסם,,250.00,100 גרם,false,,15.90,0.0636,true,1,22537
7290000078762,false,חטיפי פריכונים אורז,,,חטיפי פריכונים אורז,,80.00,100 גרם,false,,8.90,0.1113,true,1,22538
7290000079233,false,אסם קרם קרקר דל נתרן,,,אסם קרם קרקר דל נתרן,,250.00,100 גרם,false,,11.90,0.0476,true,1,22539
7290000080758,false,טוסטעים פת קלוי אסם,,,טוסטעים פת קלוי אסם,,100.00,יח',false,,11.40,0.1140,true,1,22541
7290000081663,false,בייגלה אסם טבעות שומ,,,בייגלה אסם טבעות שומ,,300.00,100 גרם,false,,11.90,0.0397,true,1,22544
7290000085180,false,גטניו - פתיבר וניל 4,,,גטניו - פתיבר וניל 4,,470.00,100 גרם,false,,9.90,0.0211,true,1,120158
7290000100018,false,גביניות,,,גביניות,קילוגרמים,1.00,"ק""ג",true,,44.00,44.0000,true,1,101863
7290000100128,false,סדרת פירות קפואים-תו,,,סדרת פירות קפואים-תו,,300.00,100 גרם,false,,18.90,0.0630,true,1,125221
7290000100158,false,נילס קוקיס חלבי טעמי,,,נילס קוקיס חלבי טעמי,קילוגרמים,1.00,"ק""ג",true,,54.00,54.0000,true,1,116728
7290000100593,false,פרוסות אנטיפסטי לתנו,,,פרוסות אנטיפסטי לתנו,,600.00,100 גרם,false,,27.40,0.0457,true,1,213168
7290000100615,false,5 יח'   חליות לחמניו,,,5 יח'   חליות לחמניו,,1.00,מטר,false,,14.90,14.9000,true,1,124652
7290000101927,false,אוכמניות כחולות מוקפ,,,אוכמניות כחולות מוקפ,,300.00,100 גרם,false,,18.90,0.0630,true,1,78801
7290000103433,false,לקט ירקות לתנור 800,,,לקט ירקות לתנור 800,,800.00,100 גרם,false,,24.90,0.0311,true,1,28099
7290000103457,false,מיני כרובית 600 גרם,,,מיני כרובית 600 גרם,,600.00,100 גרם,false,,19.90,0.0332,true,1,28101
7290000104201,false,אפונה עדינה סנפרוסט,,,אפונה עדינה סנפרוסט,,600.00,100 גרם,false,,19.90,0.0332,true,1,28136
7290000104218,false,סנפרוסט במיה 600גר,,,סנפרוסט במיה 600גר,,600.00,100 גרם,false,,17.90,0.0298,true,1,28137
7290000104676,false,אפונת גינה סנפרוסט 8,,,אפונת גינה סנפרוסט 8,,800.00,100 גרם,false,,19.90,0.0249,true,1,28140
7290000104683,false,שעועית שלמה סנפרוסט,,,שעועית שלמה סנפרוסט,,800.00,100 גרם,false,,23.90,0.0299,true,1,28141
7290000104751,false,כרוב ניצנים 800גר,,,כרוב ניצנים 800גר,,800.00,100 גרם,false,,28.80,0.0360,true,1,28148
7290000104768,false,תרד עלים 800 גרם,,,תרד עלים 800 גרם,,800.00,100 גרם,false,,29.40,0.0367,true,1,28149
7290000104775,false,תרד מדליונים 800גר,,,תרד מדליונים 800גר,,800.00,100 גרם,false,,28.80,0.0360,true,1,28150
7290000104805,false,גרגירי חומוס קפוא 80,,,גרגירי חומוס קפוא 80,,800.00,100 גרם,false,,21.70,0.0271,true,1,28152
7290000104881,false,אפונה וגזר 800 גרם ס,,,אפונה וגזר 800 גרם ס,,800.00,100 גרם,false,,17.90,0.0224,true,1,28157
7290000104911,false,לקט נורמנדי 800גר,,,לקט נורמנדי 800גר,,800.00,100 גרם,false,,24.90,0.0311,true,1,28159
7290000107189,false,תחתיות ארטישוק 400גר,,,תחתיות ארטישוק 400גר,,400.00,100 גרם,false,,24.90,0.0622,true,1,28164
7290000107295,false,תפרחות ברוקולי 800ג,,,תפרחות ברוקולי 800ג,,800.00,יח',false,,29.90,0.0374,true,1,28165
7290000110844,false,חטיף כיפלי גריל 70 ג,,,חטיף כיפלי גריל 70 ג,,70.00,100 גרם,false,,6.90,0.0986,true,1,12431
7290000110851,false,"כיפלי בצל בד""ץ 70 גר",,,"כיפלי בצל בד""ץ 70 גר",,70.00,100 גרם,false,,6.90,0.0986,true,1,12432
7290000111063,false,מיונז אמיתי 250 ג צנ,,,מיונז אמיתי 250 ג צנ,,250.00,100 גרם,false,,8.90,0.0356,true,1,12433
7290000111186,false,מיונז אמיתי תלמה 500,,,מיונז אמיתי תלמה 500,,500.00,100 גרם,false,,10.50,0.0210,true,1,12436
7290000111353,false,מיונז 1 קג,,,מיונז 1 קג,קילוגרמים,1.00,"ק""ג",false,,18.90,18.9000,true,1,12438
7290000111360,false,חרדל אמיתי 250 גרם מ,,,חרדל אמיתי 250 גרם מ,,250.00,100 גרם,false,,7.90,0.0316,true,1,12439
7290000111384,false,חרדל אמיתי תלמה 550,,,חרדל אמיתי תלמה 550,,550.00,100 גרם,false,,9.10,0.0165,true,1,12440
7290000112220,false,בארכה טחינה 100% שומ,,,בארכה טחינה 100% שומ,,500.00,100 גרם,false,,15.90,0.0318,true,1,22545
7290000113180,false,חטיף כיפלי צ'יפס 50,,,חטיף כיפלי צ'יפס 50,,50.00,100 גרם,false,,6.90,0.1380,true,1,12447
7290000116204,false,מרק דגש עוף קנור 1 ק,,,מרק דגש עוף קנור 1 ק,קילוגרמים,1.00,"ק""ג",false,,16.90,16.9000,true,1,12457
7290000116945,false,רוטב סויה קנור 300מל,,,רוטב סויה קנור 300מל,,300.00,"100 מ""ל",false,,13.90,0.0463,true,1,12460
7290000117171,false,מרק נמס בכוס בטעם עו,,,מרק נמס בכוס בטעם עו,,48.00,100 גרם,false,,7.90,0.1646,true,1,66984
7290000117720,false,מרק נמס בכוס פטריות,,,מרק נמס בכוס פטריות,,43.00,100 גרם,false,,7.90,0.1837,true,1,12466
7290000120836,false,מיונז הלמנס 394 גרם,,,מיונז הלמנס 394 גרם,,394.00,100 גרם,false,,13.90,0.0353,true,1,12477
7290000120874,false,מיונז הלמנס לייט 424,,,מיונז הלמנס לייט 424,,424.00,100 גרם,false,,13.90,0.0328,true,1,12478
7290000121079,false,מון בלאן שמיר 7% 120,,,מון בלאן שמיר 7% 120,,120.00,100 גרם,false,,12.90,0.1075,true,1,19597
7290000121239,false,מיוקל 5% מופחת שומן,,,מיוקל 5% מופחת שומן,,500.00,100 גרם,false,,15.60,0.0312,true,1,12479
7290000125251,false,בדין שמפו לכביסה עדי,,,בדין שמפו לכביסה עדי,ליטרים,2.00,ליטר,false,,27.90,13.9500,true,1,12498
7290000129457,false,רוטב פטריות 28גר,,,רוטב פטריות 28גר,,28.00,100 גרם,false,,5.50,0.1964,true,1,12506
7290000134147,false,טעם וריח מוסקט טחון,,,טעם וריח מוסקט טחון,,40.00,100 גרם,false,,18.70,0.4675,true,1,50883
7290000134550,false,טעם וריח עלי דפנה שק,,,טעם וריח עלי דפנה שק,,20.00,100 גרם,false,,6.90,0.3450,true,1,50892
7290000135045,false,אקס אל TEN פחית תפוח,,,אקס אל TEN פחית תפוח,,250.00,"100 מ""ל",false,,4.90,0.0196,true,1,141028
7290000135168,false,שישיית פחיות פפסי מק,,,שישיית פחיות פפסי מק,ליטרים,1.98,ליטר,false,,18.70,9.4444,true,1,280791
7290000135311,false,פפסי מקס ליים 1.5 ל',,,פפסי מקס ליים 1.5 ל',ליטרים,1.50,ליטר,false,,8.50,5.6667,true,1,240090
7290000135595,false,פפסי מקס בטעם דובדבן,,,פפסי מקס בטעם דובדבן,ליטרים,1.50,ליטר,false,,8.50,5.6667,true,1,309028
7290000135663,false,פפסי מקס דובדבן פחית,,,פפסי מקס דובדבן פחית,ליטרים,1.98,ליטר,false,,18.70,9.4444,true,1,467398
7290000136141,false,פפסי קולה 1.5 ליטר,,,פפסי קולה 1.5 ליטר,ליטרים,1.50,ליטר,false,,8.50,5.6667,true,1,370841
7290000136165,false,מירינדה 1.5 ליטר,,,מירינדה 1.5 ליטר,ליטרים,1.50,ליטר,false,,8.50,5.6667,true,1,370792
7290000136172,false,סבן אפ 1.5 ליטר,,,סבן אפ 1.5 ליטר,ליטרים,1.50,ליטר,false,,8.50,5.6667,true,1,370809
7290000136240,false,טמפו סודה 1.5 ליטר,,,טמפו סודה 1.5 ליטר,ליטרים,1.50,ליטר,false,,4.50,3.0000,true,1,370623
7290000136288,false,סיידר הגליל JUICER ס,,,סיידר הגליל JUICER ס,,330.00,"100 מ""ל",false,,13.60,0.0412,true,1,451046
7290000136295,false,סיידר הגליל JUICER ס,,,סיידר הגליל JUICER ס,,330.00,"100 מ""ל",false,,13.60,0.0412,true,1,451077
7290000136646,false,נשר מאלט 1.5 ליטר,,,נשר מאלט 1.5 ליטר,ליטרים,1.50,ליטר,false,,9.90,6.6000,true,1,370447
7290000136653,false,נשר מאלט דיאט 1.5 לי,,,נשר מאלט דיאט 1.5 לי,ליטרים,1.50,ליטר,false,,9.90,6.6000,true,1,370462
7290000136660,false,טמפו סודה 1.5 ליטר,,,טמפו סודה 1.5 ליטר,ליטרים,1.50,ליטר,false,,4.50,3.0000,true,1,370715
7290000136684,false,פפסי מקס 1.5 ליטר,,,פפסי מקס 1.5 ליטר,ליטרים,1.50,ליטר,false,,8.50,5.6667,true,1,370874
7290000136776,false,פפסי מקס 6*1.5 ליטר,,,פפסי מקס 6*1.5 ליטר,ליטרים,9.00,ליטר,false,,42.90,4.7667,true,1,370858
7290000136790,false,טמפו סודה 6*1.5 ליטר,,,טמפו סודה 6*1.5 ליטר,ליטרים,9.00,ליטר,false,,19.60,2.1778,true,1,370607
7290000136844,false,אקווה נובה 6*2 ליטר,,,אקווה נובה 6*2 ליטר,ליטרים,12.00,ליטר,false,,12.90,1.0750,true,1,370491
7290000136851,false,סבן אפ 1.5 ליטר,,,סבן אפ 1.5 ליטר,ליטרים,1.50,ליטר,false,,8.50,5.6667,true,1,370826
7290000136868,false,מים סאן בנדטו 6* 1.5,,,מים סאן בנדטו 6* 1.5,ליטרים,9.00,ליטר,false,,19.90,2.2111,true,1,370509
7290000136875,false,סאן בנדטו מים מינרלי,,,סאן בנדטו מים מינרלי,ליטרים,9.00,ליטר,false,,19.90,2.2111,true,1,370591
7290000136936,false,סבן אפ דיאט 1.5 ליטר,,,סבן אפ דיאט 1.5 ליטר,ליטרים,1.50,ליטר,false,,8.10,5.4000,true,1,370794
7290000137513,false,קרמיסימו גלידונית ש.,,,קרמיסימו גלידונית ש.,,700.00,100 גרם,false,,50.90,0.0727,true,1,6055
7290000143217,false,שמפו לשיער יבש הוואי,,,שמפו לשיער יבש הוואי,,700.00,"100 מ""ל",false,,10.90,0.0156,true,1,9964
7290000143279,false,שמפו נגד קשקשים הווא,,,שמפו נגד קשקשים הווא,,700.00,"100 מ""ל",false,,10.90,0.0156,true,1,9967
7290000144160,false,שמן זית כתית מעולה א,,,שמן זית כתית מעולה א,,750.00,"100 מ""ל",false,,37.90,0.0505,true,1,32766
7290000144467,false,שמן חמניות בריאות מה,,,שמן חמניות בריאות מה,ליטרים,1.00,ליטר,false,,17.90,17.9000,true,1,32770
7290000144474,false,שמן קנולה בריאות עץ,,,שמן קנולה בריאות עץ,ליטרים,1.00,ליטר,false,,17.90,17.9000,true,1,32771
7290000146645,false,סבון מוצק שחור מסתור,,,סבון מוצק שחור מסתור,,400.00,100 גרם,false,,12.90,0.0323,true,1,9970
7290000146652,false,סבון מוצק ורוד הוואי,,,סבון מוצק ורוד הוואי,,400.00,100 גרם,false,,12.90,0.0323,true,1,9971
7290000149943,false,טקסטיל שמפו-שקית 1 ק,,,טקסטיל שמפו-שקית 1 ק,קילוגרמים,1.00,"ק""ג",false,,15.90,15.9000,true,1,33041
7290000152288,false,עוף טוב נקניקיות עוף,,,עוף טוב נקניקיות עוף,,400.00,100 גרם,false,,16.50,0.0413,true,1,23309
7290000152943,false,עוף טוב סלמי פסטרמה,,,עוף טוב סלמי פסטרמה,,700.00,100 גרם,false,,30.90,0.0441,true,1,23312
7290000161358,false,מיונז אמיתי משמן קנו,,,מיונז אמיתי משמן קנו,,500.00,100 גרם,false,,14.90,0.0298,true,1,12528
7290000166605,false,סיף פנטסטיק כללי יסמ,,,סיף פנטסטיק כללי יסמ,ליטרים,4.00,ליטר,false,,26.10,6.5250,true,1,12582
7290000169538,false,נמס בכוס עגבניות וקר,,,נמס בכוס עגבניות וקר,,62.00,יח',false,,7.90,0.1274,true,1,12633
7290000174723,false,שוקולית 500 גרם,,,שוקולית 500 גרם,,500.00,100 גרם,false,,13.90,0.0278,true,1,25311
7290000176079,false,טורקי עלית קפה עם הל,,,טורקי עלית קפה עם הל,,100.00,100 גרם,false,,10.50,0.1050,true,1,25314
7290000176147,false,מוקה מס.1 קפה פילטר,,,מוקה מס.1 קפה פילטר,,500.00,100 גרם,false,,58.40,0.1168,true,1,25317
7290000176413,false,עלית נמס 50 גר',,,עלית נמס 50 גר',,50.00,100 גרם,false,,10.90,0.2180,true,1,25319
7290000176420,false,קפה נמס עלית פחית 20,,,קפה נמס עלית פחית 20,,200.00,100 גרם,false,,21.90,0.1095,true,1,25320
7290000176468,false,האג קפה נטול קפאין 5,,,האג קפה נטול קפאין 5,,50.00,100 גרם,false,,10.90,0.2180,true,1,25321
7290000178707,false,תפוציפס טבעי 50 גרם,,,תפוציפס טבעי 50 גרם,,50.00,יח',false,,4.50,0.0900,true,1,26614
7290000178721,false,תפוציפס טבעי 200 גרם,,,תפוציפס טבעי 200 גרם,,200.00,יח',false,,10.90,0.0545,true,1,26616
7290000186931,false,ניקול כריות קרצוף חת,,,ניקול כריות קרצוף חת,יחידה,0.00,יחידה,false,,12.90,0.0000,true,1,10885
7290000187860,false,לילי נייר טואלט לח ד,,,לילי נייר טואלט לח ד,יחידה,0.00,יחידה,false,,8.90,0.0000,true,1,10889
7290000187921,false,"נייר טואלט ""לילי"" לב",,,"נייר טואלט ""לילי"" לב",,588.00,מטר,false,,42.90,0.0730,true,1,10892
7290000187938,false,"נייר טואלט ""לילי"" פס",,,"נייר טואלט ""לילי"" פס",,588.00,מטר,false,,41.90,0.0713,true,1,10893
7290000187952,false,נייר טאולט לילי טריו,,,נייר טאולט לילי טריו,,537.00,מטר,false,,45.90,0.0855,true,1,10894
7290000189079,false,ניקול תבניות אינגליש,,,ניקול תבניות אינגליש,יחידה,0.00,יחידה,false,,12.90,0.0000,true,1,10910
7290000189116,false,ניקול תבניות עגולות,,,ניקול תבניות עגולות,יחידה,0.00,יחידה,false,,12.90,0.0000,true,1,113625
7290000189215,false,מטלית קסם לרצפה,,,מטלית קסם לרצפה,יחידה,0.00,יחידה,false,,15.90,0.0000,true,1,10914
7290000189277,false,ניקול תבניות מלבניות,,,ניקול תבניות מלבניות,יחידה,0.00,יחידה,false,,12.90,0.0000,true,1,10919
7290000189505,false,ניקול תבנית אפייה מק,,,ניקול תבנית אפייה מק,יחידה,0.00,יחידה,false,,10.90,0.0000,true,1,10924
7290000189598,false,מטליות לחות חד פעמיו,,,מטליות לחות חד פעמיו,יחידה,0.00,יחידה,false,,13.80,0.0000,true,1,10927
7290000192581,false,מגבת כפולה ניקול 6=1,,,מגבת כפולה ניקול 6=1,,129.70,מטר,false,,21.90,0.1689,true,1,125662
7290000193083,false,תחבושות נובה לי לילי,,,תחבושות נובה לי לילי,יחידה,0.00,יחידה,false,,11.90,0.0000,true,1,10971
7290000193649,false,תחבושות נטורל אולטרה,,,תחבושות נטורל אולטרה,יחידה,0.00,יחידה,false,,18.50,0.0000,true,1,10980
7290000193656,false,תחבושות נטורל אולטרה,,,תחבושות נטורל אולטרה,יחידה,0.00,יחידה,false,,18.50,0.0000,true,1,10981
7290000195216,false,ניקול נייר אפייה בשק,,,ניקול נייר אפייה בשק,יחידה,0.00,יחידה,false,,11.90,0.0000,true,1,10994
7290000196039,false,ניקול מפות שולחן זוג,,,ניקול מפות שולחן זוג,יחידה,0.00,יחידה,false,,14.30,0.0000,true,1,11007
7290000196763,false,ניקול השקית החזקה,,,ניקול השקית החזקה,יחידה,0.00,יחידה,false,,29.50,0.0000,true,1,11011
7290000197029,false,ניקול שקיות ניילון ר,,,ניקול שקיות ניילון ר,יחידה,0.00,יחידה,false,,17.90,0.0000,true,1,11014
7290000197470,false,"ניקול שקיות רב""ש 250",,,"ניקול שקיות רב""ש 250",יחידה,0.00,יחידה,false,,15.20,0.0000,true,1,11032
7290000197876,false,ניקול תבנית אלומיניו,,,ניקול תבנית אלומיניו,יחידה,0.00,יחידה,false,,10.90,0.0000,true,1,11040
7290000197883,false,ניקול תבניות אלומיני,,,ניקול תבניות אלומיני,יחידה,0.00,יחידה,false,,10.90,0.0000,true,1,11041
7290000197951,false,ניקול תבנית אלומיניו,,,ניקול תבנית אלומיניו,יחידה,0.00,יחידה,false,,10.90,0.0000,true,1,11042
7290000197999,false,ניקול רדיד אלומיניום,,,ניקול רדיד אלומיניום,,15.00,מטר,false,,17.90,1.1933,true,1,11044
7290000201870,false,טיטולים פרימיום שלב,,,טיטולים פרימיום שלב,יחידה,0.00,יחידה,false,,32.90,0.0000,true,1,11056
7290000204215,false,ניקול כריות יפניות 6,,,ניקול כריות יפניות 6,יחידה,0.00,יחידה,false,,12.90,0.0000,true,1,11080
7290000204253,false,מטלית רב שימושית תשע,,,מטלית רב שימושית תשע,יחידה,0.00,יחידה,false,,11.90,0.0000,true,1,11082
7290000204611,false,ניקול ספוגית הקסם*6,,,ניקול ספוגית הקסם*6,יחידה,0.00,יחידה,false,,12.90,0.0000,true,1,11085
7290000205526,false,פיסגה שטיפת רצפות 2,,,פיסגה שטיפת רצפות 2,ליטרים,2.00,ליטר,false,,13.90,6.9500,true,1,33043
7290000205762,false,האגיס אקסטרה קייר מי,,,האגיס אקסטרה קייר מי,יחידה,0.00,יחידה,false,,57.90,0.0000,true,1,11087
7290000207063,false,רוטב עגבניות פריכוז,,,רוטב עגבניות פריכוז,,240.00,100 גרם,false,,4.90,0.0204,true,1,10624
7290000207162,false,רוטב עגבניות 100 גרם,,,רוטב עגבניות 100 גרם,,100.00,100 גרם,false,,2.50,0.0250,true,1,10627
7290000208077,false,אפונת גינה גדולה L י,,,אפונת גינה גדולה L י,,335.00,100 גרם,false,,9.90,0.0296,true,1,10633
7290000208114,false,אפונת גינה וגזר יכין,,,אפונת גינה וגזר יכין,,330.00,100 גרם,false,,9.90,0.0300,true,1,10636
7290000208145,false,גרעיני תירס לייט יכי,,,גרעיני תירס לייט יכי,,335.00,100 גרם,false,,10.90,0.0325,true,1,10639
7290000208213,false,שעועית לבנה ברוטב עג,,,שעועית לבנה ברוטב עג,,355.00,100 גרם,false,,9.90,0.0279,true,1,10641
7290000208220,false,שעועית צילי חריף יכי,,,שעועית צילי חריף יכי,,355.00,100 גרם,false,,10.90,0.0307,true,1,10642
7290000208329,false,גרעיני תירס מתוק יכי,,,גרעיני תירס מתוק יכי,,335.00,100 גרם,false,,9.90,0.0296,true,1,10647
7290000208336,false,רוטב עגבניות יכין 24,,,רוטב עגבניות יכין 24,,240.00,100 גרם,false,,5.50,0.0229,true,1,10648
7290000208404,false,פול מצרי יכין 550 גר,,,פול מצרי יכין 550 גר,,350.00,100 גרם,false,,8.90,0.0254,true,1,10652
7290000208428,false,חומוס שלם יכין 550 ג,,,חומוס שלם יכין 550 ג,,290.00,100 גרם,false,,9.90,0.0341,true,1,10653
7290000208480,false,גרעיני תירס בטעם חמא,,,גרעיני תירס בטעם חמא,,335.00,100 גרם,false,,11.90,0.0355,true,1,10656
7290000208534,false,גרעיני תירס קיד מתוק,,,גרעיני תירס קיד מתוק,,335.00,100 גרם,false,,11.90,0.0355,true,1,10658
7290000208893,false,תירס לייט יכין 400 ג,,,תירס לייט יכין 400 ג,,400.00,100 גרם,false,,6.90,0.0173,true,1,10662
7290000208978,false,רוטב עגבניות פריכוז,,,רוטב עגבניות פריכוז,,100.00,100 גרם,false,,3.90,0.0390,true,1,10665
7290000209012,false,חומץ הדרים 5% יכין 1,,,חומץ הדרים 5% יכין 1,ליטרים,1.00,ליטר,false,,7.90,7.9000,true,1,10667
7290000209043,false,מיץ לימון משומר יכין,,,מיץ לימון משומר יכין,ליטרים,1.00,ליטר,false,,5.90,5.9000,true,1,10668
7290000209371,false,תירס שלישיה יכין 3*1,,,תירס שלישיה יכין 3*1,,495.00,100 גרם,false,,15.90,0.0321,true,1,10680
7290000209388,false,תירס לייט שלישיה יכי,,,תירס לייט שלישיה יכי,,420.00,100 גרם,false,,15.90,0.0379,true,1,10681
7290000209531,false,סירופ דייאט אשכוליות,,,סירופ דייאט אשכוליות,ליטרים,1.00,ליטר,false,,17.90,17.9000,true,1,10685
7290000209708,false,עגבניות מרוסקות בזיל,,,עגבניות מרוסקות בזיל,,260.00,100 גרם,false,,6.50,0.0250,true,1,10690
7290000209722,false,רוטב עגבניות מרוכז מ,,,רוטב עגבניות מרוכז מ,,580.00,100 גרם,false,,10.90,0.0188,true,1,10692
7290000209913,false,עגבניות לקוביות יכין,,,עגבניות לקוביות יכין,,260.00,100 גרם,false,,6.50,0.0250,true,1,10694
7290000209944,false,רוטב לעגבניות לשקשוק,,,רוטב לעגבניות לשקשוק,,260.00,100 גרם,false,,6.50,0.0250,true,1,10695
7290000209951,false,רוטב עגבניות לפיצה י,,,רוטב עגבניות לפיצה י,,260.00,"100 מ""ל",false,,6.50,0.0250,true,1,10696
7290000211169,false,אורז תאילנדי 1 ק'ג,,,אורז תאילנדי 1 ק'ג,קילוגרמים,1.00,"ק""ג",false,,7.90,7.9000,true,1,20662
7290000211312,false,אורז מלא אחד אחד 1קג,,,אורז מלא אחד אחד 1קג,קילוגרמים,1.00,"ק""ג",false,,9.90,9.9000,true,1,20663
7290000211442,false,סוגת אורז פרסי קלאסי,,,סוגת אורז פרסי קלאסי,קילוגרמים,1.00,"ק""ג",false,,11.90,11.9000,true,1,20666
7290000211503,false,"סוכר סוגת לבן 1 ק""ג",,,"סוכר סוגת לבן 1 ק""ג",קילוגרמים,1.00,"ק""ג",false,,4.90,4.9000,true,1,20667
7290000211985,false,סוגת אורז עגול 1קג,,,סוגת אורז עגול 1קג,קילוגרמים,1.00,"ק""ג",false,,9.90,9.9000,true,1,20670
7290000226514,false,עוגת היום- דובוש ריב,,,עוגת היום- דובוש ריב,,450.00,100 גרם,false,,44.90,0.0998,true,1,69947
7290000226552,false,עוגת טורט ריבת חלב ע,,,עוגת טורט ריבת חלב ע,קילוגרמים,1.00,"ק""ג",false,,68.00,68.0000,true,1,69950
7290000226569,false,עוגת טורט קצפת שוקול,,,עוגת טורט קצפת שוקול,קילוגרמים,1.00,"ק""ג",false,,68.00,68.0000,true,1,69951
7290000226613,false,עוגת דובוש מצופה בטע,,,עוגת דובוש מצופה בטע,,450.00,100 גרם,false,,44.90,0.0998,true,1,69954
7290000238029,false,"בצק עלים 1ק""ג",,,"בצק עלים 1ק""ג",קילוגרמים,1.00,"ק""ג",false,,24.90,24.9000,true,1,40263
7290000238036,false,מעדנות מלווח 700גר,,,מעדנות מלווח 700גר,,700.00,100 גרם,false,,18.90,0.0270,true,1,40264
7290000243566,false,שמן קנולה בריאות עץ,,,שמן קנולה בריאות עץ,,750.00,"100 מ""ל",false,,12.90,0.0172,true,1,32778
7290000245089,false,מרכך כביסה סוד סגול,,,מרכך כביסה סוד סגול,ליטרים,4.00,ליטר,false,,18.90,4.7250,true,1,39481
7290000245294,false,אבקת כביסה פרסיל 2.5,,,אבקת כביסה פרסיל 2.5,קילוגרמים,2.50,"ק""ג",false,,28.90,11.5600,true,1,39486
7290000245782,false,מרכך כביסה סוד ורוד,,,מרכך כביסה סוד ורוד,ליטרים,4.00,ליטר,false,,18.90,4.7250,true,1,39497
7290000245799,false,מרכך כביסה סוד כחול,,,מרכך כביסה סוד כחול,ליטרים,4.00,ליטר,false,,18.90,4.7250,true,1,39498
7290000253220,false,שוקולד צ'יפס אופנהיי,,,שוקולד צ'יפס אופנהיי,,260.00,100 גרם,false,,13.90,0.0535,true,1,16071
7290000254197,false,עלית אספרסטו זהב 200,,,עלית אספרסטו זהב 200,,200.00,100 גרם,false,,24.90,0.1245,true,1,25334
7290000262031,false,נייר טואלט מולט לב 3,,,נייר טואלט מולט לב 3,,563.00,מטר,false,,30.90,0.0549,true,1,11089
7290000272467,false,סירופ דיאט פטל עסיס,,,סירופ דיאט פטל עסיס,ליטרים,1.00,ליטר,false,,16.90,16.9000,true,1,22554
7290000272696,false,מיץ לימון משומר עסיס,,,מיץ לימון משומר עסיס,ליטרים,1.00,ליטר,false,,11.90,11.9000,true,1,22555
7290000272726,false,חומץ טבעי 5% עסיס 1,,,חומץ טבעי 5% עסיס 1,ליטרים,1.00,ליטר,false,,7.50,7.5000,true,1,22556
7290000286228,false,סנו סושי שישיות כריו,,,סנו סושי שישיות כריו,יחידה,0.00,יחידה,false,,12.90,0.0000,true,1,33044
7290000286297,false,סנו מסיר אבן מקומקום,,,סנו מסיר אבן מקומקום,,700.00,"100 מ""ל",false,,12.90,0.0184,true,1,33045
7290000286428,false,שריר הזרוע 8 בקר קפו,,,שריר הזרוע 8 בקר קפו,קילוגרמים,1.00,"ק""ג",true,,39.90,39.9000,true,1,492304
7290000286466,false,פילה דג לברק/ בס יפנ,,,פילה דג לברק/ בס יפנ,קילוגרמים,1.00,"ק""ג",true,,49.90,49.9000,true,1,493571
7290000286549,false,סנו סושי מטליות לכל,,,סנו סושי מטליות לכל,יחידה,0.00,יחידה,false,,12.90,0.0000,true,1,33052
7290000286631,false,סנו X לימון מילוי 60,,,סנו X לימון מילוי 60,,600.00,100 גרם,false,,7.90,0.0132,true,1,33055
7290000286761,false,סנו סושי פלסטיק נצמד,,,סנו סושי פלסטיק נצמד,,60.00,מטר,false,,12.90,0.2150,true,1,33056
7290000286824,false,פילה דג נסיכת הנילוס,,,פילה דג נסיכת הנילוס,קילוגרמים,1.00,"ק""ג",true,,39.90,39.9000,true,1,492415
7290000286907,false,סנוקל מסיר כתמים,,,סנוקל מסיר כתמים,,170.00,"100 מ""ל",false,,28.90,0.1700,true,1,33059
7290000286921,false,סנוקל רסס כבס,,,סנוקל רסס כבס,,750.00,"100 מ""ל",false,,17.90,0.0239,true,1,33061
7290000286945,false,"סנו רהיט נוזל 500 מ""",,,"סנו רהיט נוזל 500 מ""",,500.00,"100 מ""ל",false,,31.20,0.0624,true,1,33062
7290000286947,false,פילה דג סלמון נורווג,,,פילה דג סלמון נורווג,קילוגרמים,1.00,"ק""ג",true,,89.90,89.9000,true,1,496083
7290000287409,false,סנובון שלישיה תות 3*,,,סנובון שלישיה תות 3*,,165.00,100 גרם,false,,12.90,0.0782,true,1,33067
7290000287492,false,סנובון נוזלי בניחוח,,,סנובון נוזלי בניחוח,,750.00,"100 מ""ל",false,,10.90,0.0145,true,1,33070
7290000287621,false,סנו אנטי קאלק W.C מנ,,,סנו אנטי קאלק W.C מנ,,750.00,"100 מ""ל",false,,13.90,0.0185,true,1,33073
7290000288024,false,סנו ז'אוול בריח לימו,,,סנו ז'אוול בריח לימו,ליטרים,4.00,ליטר,false,,17.90,4.4750,true,1,33081
7290000288031,false,סנו אקנומיקה 4 ל,,,סנו אקנומיקה 4 ל,ליטרים,4.00,ליטר,false,,12.90,3.2250,true,1,33082
7290000288048,false,סנו ג'אוול מרסס אילנ,,,סנו ג'אוול מרסס אילנ,ליטרים,1.00,ליטר,false,,19.90,19.9000,true,1,33083
7290000288079,false,סנו זאוול בריח לימון,,,סנו זאוול בריח לימון,ליטרים,2.00,ליטר,false,,13.90,6.9500,true,1,33084
7290000288109,false,סנו מקסימה אפקט ג'או,,,סנו מקסימה אפקט ג'או,קילוגרמים,1.25,"ק""ג",false,,15.90,12.7200,true,1,33086
7290000288642,false,מרכך כביסה סנו מקסימ,,,מרכך כביסה סנו מקסימ,ליטרים,4.00,ליטר,false,,23.90,5.9750,true,1,33097
7290000288840,false,מים מזוקקים 2 ליטר,,,מים מזוקקים 2 ליטר,ליטרים,2.00,ליטר,false,,14.90,7.4500,true,1,33100
7290000289069,false,סנו ג'אוול מרסס לימו,,,סנו ג'אוול מרסס לימו,ליטרים,1.00,ליטר,false,,19.90,19.9000,true,1,33103
7290000289380,false,סנו ג'אוול לימון לני,,,סנו ג'אוול לימון לני,,750.00,"100 מ""ל",false,,12.90,0.0172,true,1,196891
7290000289472,false,סנו סושי שקיות HD 76,,,סנו סושי שקיות HD 76,יחידה,0.00,יחידה,false,,21.90,0.0000,true,1,33105
7290000289496,false,סנו ג'אוול ג'ל קרם ל,,,סנו ג'אוול ג'ל קרם ל,,750.00,"100 מ""ל",false,,13.90,0.0185,true,1,33106
7290000289601,false,אקונומיקה LEVAJ לבנד,,,אקונומיקה LEVAJ לבנד,ליטרים,2.00,ליטר,false,,13.60,6.8000,true,1,136133
7290000289885,false,סנו פרש ענק אושן כחו,,,סנו פרש ענק אושן כחו,,375.00,"100 מ""ל",false,,11.90,0.0317,true,1,33111
7290000291857,false,סנו פוליווקס לוטוס 2,,,סנו פוליווקס לוטוס 2,ליטרים,2.00,ליטר,false,,26.00,13.0000,true,1,33114
7290000292007,false,סנו K300פיתיון ג'ל ק,,,סנו K300פיתיון ג'ל ק,,10.00,100 גרם,false,,52.90,5.2900,true,1,137742
7290000292564,false,K 2000 סנו ללא ריח,,,K 2000 סנו ללא ריח,,750.00,"100 מ""ל",false,,32.90,0.0439,true,1,33125
7290000292687,false,סנובון כחול שלישיה,,,סנובון כחול שלישיה,,165.00,100 גרם,false,,18.90,0.1145,true,1,33126
7290000293073,false,מרכך כביסה סנו מקסימ,,,מרכך כביסה סנו מקסימ,ליטרים,4.00,ליטר,false,,23.90,5.9750,true,1,33129
7290000293561,false,סנו מסיר עובש 750מל,,,סנו מסיר עובש 750מל,,750.00,"100 מ""ל",false,,15.90,0.0212,true,1,33133
7290000293943,false,סנו אנטי קאלק+מתז  1,,,סנו אנטי קאלק+מתז  1,ליטרים,1.00,ליטר,false,,20.90,20.9000,true,1,33135
7290000294575,false,סנו רב מגבת,,,סנו רב מגבת,,13.80,מטר,false,,14.90,1.0797,true,1,33140
7290000294780,false,סנו ז'אוול סמיכה 4 ל,,,סנו ז'אוול סמיכה 4 ל,ליטרים,4.00,ליטר,false,,17.90,4.4750,true,1,33142
7290000295121,false,מטלית זיגזג 3יח,,,מטלית זיגזג 3יח,יחידה,0.00,יחידה,false,,12.90,0.0000,true,1,33143
7290000295343,false,סנו מקסימה ביו 1.25,,,סנו מקסימה ביו 1.25,קילוגרמים,1.25,"ק""ג",false,,15.90,12.7200,true,1,33147
7290000295404,false,שקיות אשפה נשלפות סנ,,,שקיות אשפה נשלפות סנ,יחידה,0.00,יחידה,false,,24.90,0.0000,true,1,33149
7290000295503,false,סנו סושי צמד שקיות א,,,סנו סושי צמד שקיות א,יחידה,0.00,יחידה,false,,15.90,0.0000,true,1,33150
7290000295541,false,סנו רב מגבת גמבו,,,סנו רב מגבת גמבו,יחידה,0.00,יחידה,false,,19.90,0.0000,true,1,33151
7290000295558,false,צמד רדיד אלומיניום ק,,,צמד רדיד אלומיניום ק,,15.00,מטר,false,,12.90,0.8600,true,1,33152
7290000300900,false,שניצל תירס טבעול רכי,,,שניצל תירס טבעול רכי,,750.00,100 גרם,false,,27.90,0.0372,true,1,23358
7290000313160,false,חברים זהבה ושלושת הד,,,חברים זהבה ושלושת הד,,250.00,100 גרם,false,,9.50,0.0380,true,1,67949
7290000313184,false,חברים ביסקויט גן חיו,,,חברים ביסקויט גן חיו,,250.00,100 גרם,false,,9.50,0.0380,true,1,22558
7290000313290,false,נודלס אטריות מסולסלו,,,נודלס אטריות מסולסלו,יחידה,200.00,יחידה,false,,10.90,0.0545,true,1,22560
7290000318127,false,נקניקיות ביס 380 גרם,,,נקניקיות ביס 380 גרם,,380.00,100 גרם,false,,12.90,0.0339,true,1,17721
7290000318677,false,סלמי סרוולט 150גר יח,,,סלמי סרוולט 150גר יח,,150.00,100 גרם,false,,26.60,0.1773,true,1,17731
7290000319124,false,סלמי סרוולט 250 גרם,,,סלמי סרוולט 250 גרם,,250.00,100 גרם,false,,39.90,0.1596,true,1,17741
7290000319131,false,נקניקיות עוף יחיעם 4,,,נקניקיות עוף יחיעם 4,,400.00,100 גרם,false,,11.90,0.0298,true,1,17742
7290000334325,false,תפוגן ציפס למיקרו מא,,,תפוגן ציפס למיקרו מא,,375.00,100 גרם,false,,16.90,0.0451,true,1,23369
7290000334745,false,"אמריקאן ציפס 1.5 ק""ג",,,"אמריקאן ציפס 1.5 ק""ג",קילוגרמים,1.50,"ק""ג",false,,29.90,19.9333,true,1,23373
7290000336053,false,תרכיז תפוחים טהור בק,,,תרכיז תפוחים טהור בק,,330.00,"100 מ""ל",false,,15.50,0.0470,true,1,11506
7290000339566,false,בדין מרכך כביסה ורוד,,,בדין מרכך כביסה ורוד,ליטרים,4.00,ליטר,false,,20.90,5.2250,true,1,12661
7290000342856,false,בדין מרכך כביסה כחול,,,בדין מרכך כביסה כחול,ליטרים,4.00,ליטר,false,,20.90,5.2250,true,1,12668
7290000345215,false,תה ויסוצקי קלאסיק 10,,,תה ויסוצקי קלאסיק 10,,100.00,100 גרם,false,,20.90,0.2090,true,1,27324
7290000345260,false,תה ויסוצקי קלאסיק 25,,,תה ויסוצקי קלאסיק 25,,37.50,100 גרם,false,,8.80,0.2347,true,1,27325
7290000345284,false,תה ויסוצקי 1.5 קלאסי,,,תה ויסוצקי 1.5 קלאסי,,150.00,100 גרם,false,,20.90,0.1393,true,1,27327
7290000345291,false,תה ארל גריי 1.5/25,,,תה ארל גריי 1.5/25,,37.50,100 גרם,false,,18.50,0.4933,true,1,27328
7290000345307,false,תה ארל גריי 1.5/50,,,תה ארל גריי 1.5/50,,75.00,100 גרם,false,,33.90,0.4520,true,1,27329
7290000345536,false,תה נענע 25 שקיות 1.5,,,תה נענע 25 שקיות 1.5,,37.50,100 גרם,false,,19.90,0.5307,true,1,27330
7290000346137,false,תה הילולי פירות 25 ש,,,תה הילולי פירות 25 ש,,62.50,100 גרם,false,,19.90,0.3184,true,1,27338
7290000346168,false,תה חליטת שומר גן קסו,,,תה חליטת שומר גן קסו,,37.50,100 גרם,false,,19.90,0.5307,true,1,27341
7290000346199,false,תה פירות יער 25 שקיק,,,תה פירות יער 25 שקיק,,67.50,100 גרם,false,,19.90,0.2948,true,1,27342
7290000346205,false,תה קמומיל 25 שקיקים,,,תה קמומיל 25 שקיקים,,37.50,100 גרם,false,,19.90,0.5307,true,1,27343
7290000346960,false,תה נענע 50 שקיקים 1.,,,תה נענע 50 שקיקים 1.,,75.00,100 גרם,false,,33.90,0.4520,true,1,27348
7290000347738,false,תה ירוק נענע 25 שקיק,,,תה ירוק נענע 25 שקיק,,37.50,100 גרם,false,,26.90,0.7173,true,1,27351
7290000347752,false,תה ירוק לימונית ולוא,,,תה ירוק לימונית ולוא,,37.50,100 גרם,false,,26.90,0.7173,true,1,27353
7290000364278,false,סלסולי סלמי איטלקי מ,,,סלסולי סלמי איטלקי מ,,120.00,100 גרם,false,,15.90,0.1325,true,1,28011
7290000364285,false,טירת צבי סלסולי פסטר,,,טירת צבי סלסולי פסטר,,120.00,100 גרם,false,,15.90,0.1325,true,1,28012
7290000364957,false,נקנקיות מיני - מיני,,,נקנקיות מיני - מיני,,700.00,100 גרם,false,,27.90,0.0399,true,1,28020
7290000367590,false,צמד כפרי נק.סלמי+פסט,,,צמד כפרי נק.סלמי+פסט,,800.00,100 גרם,false,,29.90,0.0374,true,1,28022
7290000382210,false,שקיות גופיה ינות בית,,,שקיות גופיה ינות בית,יחידה,0.00,יחידה,false,,0.10,0.0000,true,1,44823
7290000382227,false,שקיות גופיה מגה בעיר,,,שקיות גופיה מגה בעיר,יחידה,0.00,יחידה,false,,0.10,0.0000,true,1,6
7290000408316,false,דנונה טבעי 3% 200מל,,,דנונה טבעי 3% 200מל,,200.00,100 גרם,false,,3.90,0.0195,true,1,26037
7290000408354,false,דנונה קראנצ' פצפוצים,,,דנונה קראנצ' פצפוצים,,175.00,"100 מ""ל",false,,4.90,0.0280,true,1,26038
7290000412481,false,מנקה אסלות 1 ליטר 00,,,מנקה אסלות 1 ליטר 00,ליטרים,1.00,ליטר,false,,8.90,8.9000,true,1,33161
7290000416021,false,ממרח שוקולד השחר 500,,,ממרח שוקולד השחר 500,,500.00,יח',false,,15.90,0.0318,true,1,32315
7290000416618,false,ממרח שוקולד פרווה הש,,,ממרח שוקולד פרווה הש,,400.00,100 גרם,false,,13.90,0.0348,true,1,32327
7290000419220,false,לנדוור כחול המקורי ק,,,לנדוור כחול המקורי ק,,300.00,100 גרם,false,,19.90,0.0663,true,1,22563
7290000419374,false,לנדוור לבוקר קפה טחו,,,לנדוור לבוקר קפה טחו,,300.00,100 גרם,false,,19.90,0.0663,true,1,22564
7290000419909,false,לנדוור לבוקר קפה טחו,,,לנדוור לבוקר קפה טחו,,100.00,100 גרם,false,,9.90,0.0990,true,1,22566
7290000420325,false,פופסטאר פופקורן טבעי,,,פופסטאר פופקורן טבעי,,500.00,100 גרם,false,,17.50,0.0350,true,1,7658
7290000449128,false,סיף ניקוי כללי 4 ליט,,,סיף ניקוי כללי 4 ליט,ליטרים,4.00,ליטר,false,,26.10,6.5250,true,1,12670
7290000450209,false,טונה בשמן פוסידון  1,,,טונה בשמן פוסידון  1,,108.00,100 גרם,false,,6.90,0.0639,true,1,19607
7290000453019,false,שמרית שמרים טריים לא,,,שמרית שמרים טריים לא,,50.00,100 גרם,false,,4.90,0.0980,true,1,26039
7290000453385,false,פאקא שמרים יבשים 500,,,פאקא שמרים יבשים 500,,500.00,100 גרם,false,,14.90,0.0298,true,1,25336
7290000453408,false,שמרית בצק פיצה דק מצ,,,שמרית בצק פיצה דק מצ,,415.00,100 גרם,false,,17.90,0.0431,true,1,162549
7290000453415,false,שמרית בצק עלים מצונן,,,שמרית בצק עלים מצונן,,300.00,100 גרם,false,,16.90,0.0563,true,1,196908
7290000453422,false,שמרית בצק פילו מוכן,,,שמרית בצק פילו מוכן,,300.00,100 גרם,false,,16.90,0.0563,true,1,162550
7290000453798,false,שמרים יבשים אקטיביים,,,שמרים יבשים אקטיביים,,500.00,יח',false,,13.90,0.0278,true,1,25337
7290000453866,false,נטורינה קוקוס שטראוס,,,נטורינה קוקוס שטראוס,,200.00,100 גרם,false,,8.50,0.0425,true,1,105017
7290000461625,false,ביגלה 8 8 400גר,,,ביגלה 8 8 400גר,,400.00,100 גרם,false,,12.20,0.0305,true,1,12671
7290000461656,false,מקלות מלוחים 400 גרם,,,מקלות מלוחים 400 גרם,,400.00,100 גרם,false,,12.20,0.0305,true,1,12673
7290000461700,false,ביגלה שמיניות גדולות,,,ביגלה שמיניות גדולות,,400.00,100 גרם,false,,15.90,0.0398,true,1,67009
7290000461793,false,ביגלה ארוך ארוך דל ש,,,ביגלה ארוך ארוך דל ש,,150.00,100 גרם,false,,6.90,0.0460,true,1,117637
7290000462141,false,סחוג אדום חריף מאוד,,,סחוג אדום חריף מאוד,,150.00,100 גרם,false,,8.90,0.0593,true,1,26044
7290000462172,false,סחוג ירוק חריף מאוד,,,סחוג ירוק חריף מאוד,,150.00,100 גרם,false,,8.90,0.0593,true,1,26045
7290000467320,false,צבר חומוס אבו מרוואן,,,צבר חומוס אבו מרוואן,,400.00,100 גרם,false,,14.20,0.0355,true,1,23384
7290000474502,false,טרה גבינה לבנה 5% 25,,,טרה גבינה לבנה 5% 25,,250.00,יח',false,,4.98,0.0199,true,1,8389
7290000474540,false,טוב טעם גבינה 3% 250,,,טוב טעם גבינה 3% 250,,250.00,100 גרם,false,,11.70,0.0468,true,1,8390
7290000474830,false,נעם גבינה צהובה מגור,,,נעם גבינה צהובה מגור,,500.00,100 גרם,false,,33.60,0.0672,true,1,8391
7290000480442,false,שיבולת שועל בשקית קו,,,שיבולת שועל בשקית קו,,500.00,100 גרם,false,,14.90,0.0298,true,1,26620
7290000481043,true,עשיריית פיתות כוסמין,,,עשיריית פיתות כוסמין,,700.00,100 גרם,false,,16.90,0.0241,true,1,296858
7290000481074,false,לחם טריו מלא דגנית 7,,,לחם טריו מלא דגנית 7,,750.00,100 גרם,false,,21.90,0.0292,true,1,459615
7290000481883,false,10 לחמניות דגנית,,,10 לחמניות דגנית,,750.00,יח',false,,14.90,0.0199,true,1,6353
7290000493176,false,אסם אבקת רוטב צלי לב,,,אסם אבקת רוטב צלי לב,,22.00,100 גרם,false,,4.00,0.1818,true,1,22596
7290000493183,false,אסם אבקת רוטב פטריות,,,אסם אבקת רוטב פטריות,,30.00,100 גרם,false,,4.00,0.1333,true,1,22597
7290000496360,false,פילה  בקלה דרום אפרי,,,פילה  בקלה דרום אפרי,קילוגרמים,1.00,"ק""ג",true,,43.90,43.9000,true,1,350157
7290000504025,false,סוכרזית פטריה 300 טב,,,סוכרזית פטריה 300 טב,,246.00,100 גרם,false,,10.90,0.0443,true,1,25342
7290000504049,false,סוכרזית קנקן 1200 טב,,,סוכרזית קנקן 1200 טב,,984.00,100 גרם,false,,21.90,0.0223,true,1,25344
7290000504278,false,סוכרזית פטנט 700 טבל,,,סוכרזית פטנט 700 טבל,,574.00,100 גרם,false,,16.90,0.0294,true,1,25347
7290000518176,false,מתוק וקל ענק 250 שקי,,,מתוק וקל ענק 250 שקי,,250.00,100 גרם,false,,21.90,0.0876,true,1,17984
7290000518190,false,מתוק וקל סטיביה 100,,,מתוק וקל סטיביה 100,,80.00,100 גרם,false,,27.90,0.3487,true,1,80796
7290000521008,false,אדום יבש סגל.,,,אדום יבש סגל.,,750.00,100 גרם,false,,22.90,0.0305,true,1,11513
7290000521022,false,סגל לבן חצי יבש 750,,,סגל לבן חצי יבש 750,,750.00,"100 מ""ל",false,,22.90,0.0305,true,1,11515
7290000522166,false,חלב הרים טהור נ.לקטו,,,חלב הרים טהור נ.לקטו,ליטרים,1.00,ליטר,false,,11.50,11.5000,true,1,8398
7290000523125,false,מלח ים יבש הארץ 250,,,מלח ים יבש הארץ 250,,250.00,100 גרם,false,,6.90,0.0276,true,1,27355
7290000523224,false,מלח ים יבש הארץ 500,,,מלח ים יבש הארץ 500,,500.00,100 גרם,false,,8.90,0.0178,true,1,27356
7290000523521,false,מלח מעושר ביוד הארץ,,,מלח מעושר ביוד הארץ,,250.00,100 גרם,false,,7.90,0.0316,true,1,27358
7290000523804,false,מלח עדין בצנצנת הארץ,,,מלח עדין בצנצנת הארץ,קילוגרמים,1.00,"ק""ג",false,,7.50,7.5000,true,1,27359
7290000523811,false,מלח גס בצנצנת הארץ 1,,,מלח גס בצנצנת הארץ 1,קילוגרמים,1.00,"ק""ג",false,,7.50,7.5000,true,1,27360
7290000525969,false,פרימור מיץ תפוזים 1ל,,,פרימור מיץ תפוזים 1ל,ליטרים,1.00,ליטר,false,,17.20,17.2000,true,1,26050
7290000530086,false,סלמי מעושן 7000 א.מ.,,,סלמי מעושן 7000 א.מ.,,600.00,100 גרם,false,,38.90,0.0648,true,1,43958
7290000530116,false,סלמי מעושן בשן זוגלו,,,סלמי מעושן בשן זוגלו,,470.00,100 גרם,false,,27.90,0.0594,true,1,43960
7290000530468,false,נקניקיות וינר טרי 1ק,,,נקניקיות וינר טרי 1ק,קילוגרמים,1.00,"ק""ג",false,,32.90,32.9000,true,1,43964
7290000530703,false,זוג תה 400 + חרמון 4,,,זוג תה 400 + חרמון 4,,800.00,100 גרם,false,,34.90,0.0436,true,1,43969
7290000531977,false,זוגלובק בורקס גבינה,,,זוגלובק בורקס גבינה,,800.00,100 גרם,false,,16.90,0.0211,true,1,69798
7290000533353,false,זוגלובק בצק עלים 1קג,,,זוגלובק בצק עלים 1קג,קילוגרמים,1.00,"ק""ג",false,,16.90,16.9000,true,1,69800
7290000537566,false,נקניקיות עוף טרי 400,,,נקניקיות עוף טרי 400,,400.00,יח',false,,13.90,0.0348,true,1,43993
7290000537603,false,"נקנקיות עוף 1 ק""ג -ז",,,"נקנקיות עוף 1 ק""ג -ז",קילוגרמים,1.00,"ק""ג",false,,32.90,32.9000,true,1,43994
7290000552118,false,נקנקיות מרגז 400 גרם,,,נקנקיות מרגז 400 גרם,,400.00,100 גרם,false,,23.90,0.0597,true,1,19610
7290000552194,false,קישקע קפוא 500 גרם,,,קישקע קפוא 500 גרם,,500.00,100 גרם,false,,17.90,0.0358,true,1,19612
7290000552989,false,בשר עגל טחון קפוא 50,,,בשר עגל טחון קפוא 50,,500.00,100 גרם,false,,22.90,0.0458,true,1,19618
7290000554402,false,גד מלבי 160מל.,,,גד מלבי 160מל.,,160.00,"100 מ""ל",false,,6.50,0.0406,true,1,16744
7290000554457,false,גד צפתית מיני 5% 350,,,גד צפתית מיני 5% 350,,350.00,100 גרם,false,,22.90,0.0654,true,1,16745
7290000554532,false,גד צפתית מעודנת במלח,,,גד צפתית מעודנת במלח,,200.00,יח',false,,15.90,0.0795,true,1,16747
7290000554686,false,גד לאבנה בשמן זית וז,,,גד לאבנה בשמן זית וז,,250.00,100 גרם,false,,15.90,0.0636,true,1,16750
7290000554822,false,גד ריקוטה טבעי 5% 25,,,גד ריקוטה טבעי 5% 25,,250.00,100 גרם,false,,15.90,0.0636,true,1,16751
7290000554839,false,גד מסקרפונה 40% 250ג,,,גד מסקרפונה 40% 250ג,,250.00,100 גרם,false,,21.90,0.0876,true,1,16752
7290000561158,false,תערובת בריאות 150 גר,,,תערובת בריאות 150 גר,,150.00,100 גרם,false,,11.90,0.0793,true,1,116591
7290000561202,false,גרעין חמניה קלוי 200,,,גרעין חמניה קלוי 200,,200.00,100 גרם,false,,7.90,0.0395,true,1,1621
7290000561233,false,בוטן קלוי 200ג פיצוח,,,בוטן קלוי 200ג פיצוח,,200.00,100 גרם,false,,8.90,0.0445,true,1,1623
7290000561240,false,גרעין דלעת קלוי 200ג,,,גרעין דלעת קלוי 200ג,,200.00,100 גרם,false,,10.90,0.0545,true,1,1624
7290000561363,false,גרעין אבטיח קלוי 200,,,גרעין אבטיח קלוי 200,,200.00,100 גרם,false,,14.90,0.0745,true,1,1625
7290000561561,false,פוסידון מנצ'יס 200ג,,,פוסידון מנצ'יס 200ג,,200.00,100 גרם,false,,9.90,0.0495,true,1,116592
7290000561585,false,קבוקים 200ג - חממה,,,קבוקים 200ג - חממה,,200.00,100 גרם,false,,6.50,0.0325,true,1,116594
7290000561981,false,אגוז מלך 200ג,,,אגוז מלך 200ג,,200.00,100 גרם,false,,23.90,0.1195,true,1,1644
7290000574028,false,לחם אחיד פרוס מועשר,,,לחם אחיד פרוס מועשר,,750.00,100 גרם,false,,8.90,0.0119,true,1,196794
7290000574035,false,לחם אחיד פרוס דגנית,,,לחם אחיד פרוס דגנית,,750.00,יח',false,,7.11,0.0095,true,1,6359
7290000574141,false,לחם חיטה מלאה דגנית,,,לחם חיטה מלאה דגנית,,750.00,יח',false,,15.90,0.0212,true,1,6366
7290000574172,false,לחם קל חיטה מלאה דגנ,,,לחם קל חיטה מלאה דגנ,,750.00,יח',false,,15.90,0.0212,true,1,6368
7290000574455,false,לחם חיטה מלא+כוסמין,,,לחם חיטה מלא+כוסמין,,750.00,100 גרם,false,,15.90,0.0212,true,1,6381
7290000604343,false,תמר דקל נור  400גר,,,תמר דקל נור  400גר,,400.00,100 גרם,false,,12.90,0.0323,true,1,2670
7290000610723,false,בשר ראש ארוז חלק ב'(,,,בשר ראש ארוז חלק ב'(,קילוגרמים,1.00,"ק""ג",true,,79.90,79.9000,true,1,418645
7290000658926,false,פילה מרלוזה קפוא 100,,,פילה מרלוזה קפוא 100,קילוגרמים,1.00,"ק""ג",true,,32.90,32.9000,true,1,99138
7290000659312,false,דגי תנובה פילה סלמון,,,דגי תנובה פילה סלמון,קילוגרמים,1.00,"ק""ג",true,,79.90,79.9000,true,1,29282
7290000662817,false,סלמון מעושן פרוס 100,,,סלמון מעושן פרוס 100,,100.00,100 גרם,false,,21.90,0.2190,true,1,296509
7290000663135,false,קוביות סלמון 300 גרם,,,קוביות סלמון 300 גרם,,300.00,100 גרם,false,,32.90,0.1097,true,1,342643
7290000688084,false,מי עדן 1/2 ליטר ספור,,,מי עדן 1/2 ליטר ספור,,500.00,"100 מ""ל",false,,3.50,0.0070,true,1,13504
7290000688381,false,מי עדן פקק ספורט 6*5,,,מי עדן פקק ספורט 6*5,ליטרים,3.00,ליטר,false,,15.90,5.3000,true,1,13508
7290000688503,false,מי עדן ג'ים 6*750מל,,,מי עדן ג'ים 6*750מל,ליטרים,4.50,ליטר,false,,18.90,4.2000,true,1,13510
7290000692456,false,אגקס חלונות זוג,,,אגקס חלונות זוג,ליטרים,1.50,ליטר,false,,27.90,18.6000,true,1,24721
7290000803180,false,מי פה דנטלית מרידול,,,מי פה דנטלית מרידול,,400.00,"100 מ""ל",false,,32.90,0.0822,true,1,24726
7290000835954,false,פילה אמנון 5-7 בוואק,,,פילה אמנון 5-7 בוואק,קילוגרמים,1.00,"ק""ג",true,,32.90,32.9000,true,1,233217
7290000835961,false,פילה אמנון 7-9 בוואק,,,פילה אמנון 7-9 בוואק,קילוגרמים,1.00,"ק""ג",true,,32.90,32.9000,true,1,233218
7290000877278,false,עוף שלם טרי ארוז,,,עוף שלם טרי ארוז,קילוגרמים,1.00,"ק""ג",true,,19.90,19.9000,true,1,346440
7290000877308,false,כנפיים עוף טרי ארוז,,,כנפיים עוף טרי ארוז,קילוגרמים,1.00,"ק""ג",true,,12.90,12.9000,true,1,346678
7290000877322,false,חזה עוף חצוי טרי ארו,,,חזה עוף חצוי טרי ארו,קילוגרמים,1.00,"ק""ג",true,,34.90,34.9000,true,1,346455
7290000877339,false,שוקיים עוף טרי ארוז,,,שוקיים עוף טרי ארוז,קילוגרמים,1.00,"ק""ג",true,,34.90,34.9000,true,1,346499
7290000877353,false,כרעיים עוף טרי ארוז,,,כרעיים עוף טרי ארוז,קילוגרמים,1.00,"ק""ג",true,,29.90,29.9000,true,1,346484
7290000910291,false,פלפל צ`ילי,,,פלפל צ`ילי,,100.00,100 גרם,false,,7.90,0.0790,true,1,2677
7290000925853,false,פילה דג מרלוזה ארוז,,,פילה דג מרלוזה ארוז,קילוגרמים,1.00,"ק""ג",true,,29.90,29.9000,true,1,493587
7290001041147,false,חומוס 1 ק'ג,,,חומוס 1 ק'ג,קילוגרמים,1.00,"ק""ג",false,,13.90,13.9000,true,1,53868
7290001041161,false,שעועית 1 ק'ג,,,שעועית 1 ק'ג,קילוגרמים,1.00,"ק""ג",false,,15.90,15.9000,true,1,53870
7290001041215,false,חיטה 1 ק'ג,,,חיטה 1 ק'ג,קילוגרמים,1.00,"ק""ג",false,,9.20,9.2000,true,1,53875
7290001041222,false,חומוס לבן ענק 1 ק'ג,,,חומוס לבן ענק 1 ק'ג,קילוגרמים,1.00,"ק""ג",false,,19.90,19.9000,true,1,16948
7290001041994,false,סוכר זהב דמררה צנצנת,,,סוכר זהב דמררה צנצנת,קילוגרמים,1.00,"ק""ג",false,,11.90,11.9000,true,1,16965
7290001045688,false,פרימור מיץ תפוזים 40,,,פרימור מיץ תפוזים 40,,400.00,"100 מ""ל",false,,8.50,0.0213,true,1,26056
7290001121054,false,יחיעם צמד חמד 700 גר,,,יחיעם צמד חמד 700 גר,,700.00,100 גרם,false,,31.60,0.0451,true,1,17761
7290001121238,false,יחיעם קורנד ביף 180,,,יחיעם קורנד ביף 180,,180.00,100 גרם,false,,26.90,0.1494,true,1,17763
7290001123775,false,שווארמה פרגיות 500 ג,,,שווארמה פרגיות 500 ג,,500.00,100 גרם,false,,26.90,0.0538,true,1,19624
7290001193693,false,מעגל השנה נרונים 6 ש,,,מעגל השנה נרונים 6 ש,יחידה,0.00,יחידה,false,,31.90,0.0000,true,1,55411
7290001193792,false,שמן זית למאור מנצסטר,,,שמן זית למאור מנצסטר,יחידה,0.00,יחידה,false,,22.90,0.0000,true,1,55415
7290001201589,false,12 ביצים L  מ.לסר,,,12 ביצים L  מ.לסר,יחידה,0.00,יחידה,false,,12.05,0.0000,true,1,15935
7290001201596,false,12 ביצים M  מ.לסר,,,12 ביצים M  מ.לסר,יחידה,0.00,יחידה,false,,11.15,0.0000,true,1,15936
7290001201824,false,12 ביצים L  אורגני מ,,,12 ביצים L  אורגני מ,יחידה,0.00,יחידה,false,,23.90,0.0000,true,1,15943
7290001201862,false,12 ביצים חופש L מ. ל,,,12 ביצים חופש L מ. ל,יחידה,0.00,יחידה,false,,19.90,0.0000,true,1,15945
7290001201893,false,12 ביצים M  אומגה 3,,,12 ביצים M  אומגה 3,יחידה,0.00,יחידה,false,,17.90,0.0000,true,1,95773
7290001245705,false,אקונומיקה מבושמת 4 ל,,,אקונומיקה מבושמת 4 ל,ליטרים,4.00,ליטר,false,,10.90,2.7250,true,1,152025
7290001247068,false,ספרינג תות בננה קרטו,,,ספרינג תות בננה קרטו,ליטרים,1.00,ליטר,false,,7.90,7.9000,true,1,13513
7290001247099,false,ספרינג מנגו קרטונית,,,ספרינג מנגו קרטונית,ליטרים,1.00,ליטר,false,,7.90,7.9000,true,1,13516
7290001247105,false,ספרינג נקטר אפרסק 1ל,,,ספרינג נקטר אפרסק 1ל,ליטרים,1.00,ליטר,false,,7.90,7.9000,true,1,13517
7290001247112,false,ספרינג לימונענע קרטו,,,ספרינג לימונענע קרטו,ליטרים,1.00,ליטר,false,,7.90,7.9000,true,1,13518
7290001247129,false,ספרינג תפוז קרטונית,,,ספרינג תפוז קרטונית,ליטרים,1.00,ליטר,false,,7.90,7.9000,true,1,13519
7290001305058,false,סבון נוזלי חלב ודבש,,,סבון נוזלי חלב ודבש,,500.00,"100 מ""ל",false,,17.90,0.0358,true,1,24729
7290001327791,false,קרמיסימו עוגיות 1.33,,,קרמיסימו עוגיות 1.33,ליטרים,1.33,ליטר,false,,21.90,16.4662,true,1,6062
7290001343845,false,גרנולה שיבולת שועל ע,,,גרנולה שיבולת שועל ע,קילוגרמים,1.00,"ק""ג",false,,19.90,19.9000,true,1,117102
7290001407769,false,בארכה טחינה עם שומשו,,,בארכה טחינה עם שומשו,,500.00,100 גרם,false,,19.20,0.0384,true,1,22611
7290001407813,false,חלבה שאמית וניל עם פ,,,חלבה שאמית וניל עם פ,,350.00,100 גרם,false,,15.90,0.0454,true,1,22612
7290001419618,false,וופל עלמה בלגי שוקו,,,וופל עלמה בלגי שוקו,,200.00,100 גרם,false,,4.90,0.0245,true,1,70078
7290001419779,false,וופל עלמה קלאסי 200,,,וופל עלמה קלאסי 200,,200.00,100 גרם,false,,4.90,0.0245,true,1,70079
7290001459928,false,גזר גמדי בלדי 800 גר,,,גזר גמדי בלדי 800 גר,,800.00,100 גרם,false,,12.90,0.0161,true,1,484419
7290001459935,false,אפונה בלדי 800 גרם,,,אפונה בלדי 800 גרם,,800.00,100 גרם,false,,12.90,0.0161,true,1,484372
7290001459942,false,אפונה וקוביות גזר בל,,,אפונה וקוביות גזר בל,,800.00,100 גרם,false,,12.90,0.0161,true,1,484388
7290001461105,false,לחם מחמצת לבן,,,לחם מחמצת לבן,,530.00,100 גרם,false,,17.90,0.0338,true,1,197990
7290001461112,false,לחם מחמצת דגנים,,,לחם מחמצת דגנים,,530.00,100 גרם,false,,17.90,0.0338,true,1,215999
7290001482094,false,וילי פוד פרמזן משולש,,,וילי פוד פרמזן משולש,,200.00,100 גרם,false,,26.90,0.1345,true,1,4825
7290001567814,false,סלמי מעושן בסגנון אי,,,סלמי מעושן בסגנון אי,,300.00,100 גרם,false,,24.90,0.0830,true,1,17785
7290001591710,false,המבורגר אנגוס טיבון,,,המבורגר אנגוס טיבון,,600.00,100 גרם,false,,24.90,0.0415,true,1,416762
7290001591727,false,קבב בקר על מקל טיבון,,,קבב בקר על מקל טיבון,,500.00,100 גרם,false,,24.90,0.0498,true,1,416763
7290001591734,false,נקניקיות מרגז בסגנון,,,נקניקיות מרגז בסגנון,,500.00,100 גרם,false,,24.90,0.0498,true,1,416764
7290001594155,false,קוקה קולה 500מל,,,קוקה קולה 500מל,,500.00,"100 מ""ל",false,,7.90,0.0158,true,1,8415
7290001594377,false,פריגת משקה תפוזים 50,,,פריגת משקה תפוזים 50,,500.00,"100 מ""ל",false,,7.90,0.0158,true,1,8890
7290001594865,false,קרלסברג בירה בקבוק 6,,,קרלסברג בירה בקבוק 6,ליטרים,1.98,ליטר,false,,44.90,22.6768,true,1,8903
7290001670064,false,סכינים 100יח,,,סכינים 100יח,יחידה,0.00,יחידה,false,,13.90,0.0000,true,1,9614
7290001670255,false,כוסות שתיה חמה 50 יח,,,כוסות שתיה חמה 50 יח,,50.00,יח',false,,10.90,0.2180,true,1,9622
7290001696729,false,פקאן טבעי 100 גרם,,,פקאן טבעי 100 גרם,,100.00,100 גרם,false,,16.90,0.1690,true,1,1651
7290001791349,false,אקונומיקה ריחנית פסג,,,אקונומיקה ריחנית פסג,ליטרים,4.00,ליטר,false,,12.90,3.2250,true,1,33236
7290001791356,false,סנו פרש אוטומטיק ברי,,,סנו פרש אוטומטיק ברי,,165.00,100 גרם,false,,16.90,0.1024,true,1,33237
7290001873458,false,סטייק בורגר בלאק אנג,,,סטייק בורגר בלאק אנג,,320.00,100 גרם,false,,24.90,0.0778,true,1,219334
7290001946121,false,פפריקה מתוקה בשמן בי,,,פפריקה מתוקה בשמן בי,,400.00,100 גרם,false,,19.90,0.0497,true,1,349002
7290001975992,false,"בירה ויינשטפן 330 מ""",,,"בירה ויינשטפן 330 מ""",,330.00,"100 מ""ל",false,,14.20,0.0430,true,1,431318
7290001990148,false,סוכר גולדן קלאסי בצנ,,,סוכר גולדן קלאסי בצנ,קילוגרמים,1.00,"ק""ג",false,,14.50,14.5000,true,1,20675
7290001990261,false,"סוגת חומוס 1 ק""ג",,,"סוגת חומוס 1 ק""ג",קילוגרמים,1.00,"ק""ג",false,,15.90,15.9000,true,1,20676
7290001990391,false,"אפונה 1 ק""ג",,,"אפונה 1 ק""ג",קילוגרמים,1.00,"ק""ג",false,,13.90,13.9000,true,1,20679
7290001990407,false,עדשים ירוקים 1 קג,,,עדשים ירוקים 1 קג,קילוגרמים,1.00,"ק""ג",false,,16.90,16.9000,true,1,20680
7290001990414,false,סוגת עדשים אדומים 1,,,סוגת עדשים אדומים 1,קילוגרמים,1.00,"ק""ג",false,,16.90,16.9000,true,1,113638
7290001990421,false,"סוגת פופקורן 1 ק""ג",,,"סוגת פופקורן 1 ק""ג",קילוגרמים,1.00,"ק""ג",false,,11.90,11.9000,true,1,20682
7290002007234,false,אבקת סוכר 100ג,,,אבקת סוכר 100ג,,100.00,100 גרם,false,,2.50,0.0250,true,1,9641
7290002007357,false,שקיות לצליה דליקטס מ,,,שקיות לצליה דליקטס מ,יחידה,0.00,יחידה,false,,5.90,0.0000,true,1,9645
7290002008187,false,קש לשתיה מתקפל 40יח,,,קש לשתיה מתקפל 40יח,יחידה,0.00,יחידה,false,,2.50,0.0000,true,1,9677
7290002008224,false,קישוט לעוגה גליד.,,,קישוט לעוגה גליד.,,60.00,100 גרם,false,,6.90,0.1150,true,1,9679
7290002008651,false,קמח תפוח אדמה הנמל 5,,,קמח תפוח אדמה הנמל 5,,500.00,100 גרם,false,,6.90,0.0138,true,1,9692
7290002008750,false,אבקת אפיה 10*10 גרם,,,אבקת אפיה 10*10 גרם,,100.00,100 גרם,false,,3.90,0.0390,true,1,9694
7290002019787,false,רוטב עגבניות 22% פרי,,,רוטב עגבניות 22% פרי,,260.00,100 גרם,false,,4.50,0.0173,true,1,19651
7290002026587,false,בראנץ אנד קראנץ וופל,,,בראנץ אנד קראנץ וופל,,28.00,100 גרם,false,,17.90,0.6393,true,1,206450
7290002053088,false,אטריות ביצים מס' 8 א,,,אטריות ביצים מס' 8 א,,210.00,100 גרם,false,,8.90,0.0424,true,1,66176
7290002053538,false,נודלס אוריינט 400 גר,,,נודלס אוריינט 400 גר,,500.00,100 גרם,false,,14.90,0.0298,true,1,196164
7290002057123,false,זיתים חרוזית ירוק קב,,,זיתים חרוזית ירוק קב,,275.00,100 גרם,false,,10.90,0.0396,true,1,56104
7290002057185,false,טבעות זיתים ירוקים ק,,,טבעות זיתים ירוקים ק,,540.00,100 גרם,false,,9.90,0.0183,true,1,56108
7290002057369,false,מלפפון במלח 10-12 קב,,,מלפפון במלח 10-12 קב,,560.00,100 גרם,false,,8.90,0.0159,true,1,56114
7290002057451,false,מלפפון בחומץ 7-9 קבו,,,מלפפון בחומץ 7-9 קבו,,560.00,100 גרם,false,,7.90,0.0141,true,1,56118
7290002065616,false,שיפון גרעינים אנגל 7,,,שיפון גרעינים אנגל 7,,750.00,100 גרם,false,,14.90,0.0199,true,1,69313
7290002107491,false,צוריאל גבינת עזים למ,,,צוריאל גבינת עזים למ,,250.00,100 גרם,false,,15.90,0.0636,true,1,8427
7290002107798,false,צוריאל בולגרית מעודנ,,,צוריאל בולגרית מעודנ,,250.00,100 גרם,false,,22.90,0.0916,true,1,8430
7290002109488,false,קבב אמיתי 100% 440 ג,,,קבב אמיתי 100% 440 ג,,440.00,100 גרם,false,,23.90,0.0543,true,1,19666
7290002111085,false,רוטב עגבניות 22% פרי,,,רוטב עגבניות 22% פרי,,100.00,100 גרם,false,,2.50,0.0250,true,1,10708
7290002111634,false,חומוס שלם פרי מבורך,,,חומוס שלם פרי מבורך,,550.00,100 גרם,false,,9.90,0.0180,true,1,10717
7290002111764,false,שעועית לבנה ברוטב עג,,,שעועית לבנה ברוטב עג,,580.00,100 גרם,false,,9.90,0.0171,true,1,10721
7290002111818,false,גרעיני תירס מתוק פרי,,,גרעיני תירס מתוק פרי,,246.00,100 גרם,false,,6.90,0.0280,true,1,10722
7290002111825,false,גרעיני תירס מתוק פרי,,,גרעיני תירס מתוק פרי,,335.00,100 גרם,false,,8.90,0.0266,true,1,10723
7290002130567,false,דבש טהור מפרחי בר בצ,,,דבש טהור מפרחי בר בצ,,350.00,100 גרם,false,,21.90,0.0626,true,1,25360
7290002130574,false,דבש טהור מפרחי בר בצ,,,דבש טהור מפרחי בר בצ,,500.00,100 גרם,false,,29.60,0.0592,true,1,25361
7290002130581,false,דבש טהור מפרחי בר בצ,,,דבש טהור מפרחי בר בצ,קילוגרמים,1.00,"ק""ג",false,,46.90,46.9000,true,1,25362
7290002157953,false,טונה בשמן קנולה וילי,,,טונה בשמן קנולה וילי,,560.00,100 גרם,false,,23.90,0.0427,true,1,19669
7290002253006,false,דורות שום כתוש טרי 2,,,דורות שום כתוש טרי 2,,200.00,100 גרם,false,,17.90,0.0895,true,1,23386
7290002253150,false,בזיליקום טרי קצוץ 70,,,בזיליקום טרי קצוץ 70,,70.00,100 גרם,false,,11.90,0.1700,true,1,23390
7290002253167,false,פטרוזליה טרייה קצוצה,,,פטרוזליה טרייה קצוצה,,70.00,100 גרם,false,,11.90,0.1700,true,1,23391
7290002255048,false,קובה למרק במילוי בשר,,,קובה למרק במילוי בשר,,800.00,100 גרם,false,,23.90,0.0299,true,1,117461
7290002255055,false,פלאפל חטיפי אלקיים 7,,,פלאפל חטיפי אלקיים 7,,700.00,100 גרם,false,,14.90,0.0213,true,1,66733
7290002255215,false,עלים לסיגר 500ג,,,עלים לסיגר 500ג,,500.00,100 גרם,false,,11.90,0.0238,true,1,66740
7290002259640,false,רדיד אלומיניום דאיימ,,,רדיד אלומיניום דאיימ,,7.60,מטר,false,,13.90,1.8289,true,1,5706
7290002263562,false,מיץ לימון משומר תבלי,,,מיץ לימון משומר תבלי,,200.00,"100 מ""ל",false,,7.60,0.0380,true,1,229270
7290002317005,false,טבעות זיתים מושחרים,,,טבעות זיתים מושחרים,,560.00,100 גרם,false,,12.50,0.0223,true,1,26953
7290002317128,false,מלפפון במלח 10-12 מו,,,מלפפון במלח 10-12 מו,,560.00,100 גרם,false,,12.50,0.0223,true,1,26957
7290002317265,false,מלפפון במלח 20% 7-9,,,מלפפון במלח 20% 7-9,,670.00,100 גרם,false,,11.40,0.0170,true,1,26967
7290002317296,false,פלפל שיפקה + 20% מוט,,,פלפל שיפקה + 20% מוט,,550.00,100 גרם,false,,10.90,0.0198,true,1,26969
7290002317319,false,מלפפון בחומץ 7-9 20%,,,מלפפון בחומץ 7-9 20%,,670.00,100 גרם,false,,11.40,0.0170,true,1,26971
7290002317579,false,טבעות זיתים ירוקים מ,,,טבעות זיתים ירוקים מ,,560.00,100 גרם,false,,12.50,0.0223,true,1,26989
7290002317616,false,זיתים חתוכים מרינט 1,,,זיתים חתוכים מרינט 1,,560.00,100 גרם,false,,12.50,0.0223,true,1,26992
7290002317678,false,זיתים נטולי גלעין צנ,,,זיתים נטולי גלעין צנ,,560.00,100 גרם,false,,12.50,0.0223,true,1,26996
7290002319023,false,1/10 סוכר וניל,,,1/10 סוכר וניל,,100.00,100 גרם,false,,3.50,0.0350,true,1,53890
7290002319139,false,שעועית מיה 500 גרם,,,שעועית מיה 500 גרם,,500.00,100 גרם,false,,10.90,0.0218,true,1,53897
7290002319160,false,אפונה יבשה מיה 500 ג,,,אפונה יבשה מיה 500 ג,,500.00,100 גרם,false,,5.90,0.0118,true,1,53899
7290002319184,false,עדשים אדומים מיה 500,,,עדשים אדומים מיה 500,,500.00,100 גרם,false,,9.90,0.0198,true,1,53901
7290002319191,false,עדשים ירוקים מיה 500,,,עדשים ירוקים מיה 500,,500.00,100 גרם,false,,7.90,0.0158,true,1,53902
7290002319375,false,קורנפלור 250 גר בד`ץ,,,קורנפלור 250 גר בד`ץ,,200.00,100 גרם,false,,3.90,0.0195,true,1,16973
7290002319689,false,סודה לשתיה 150 ג,,,סודה לשתיה 150 ג,,150.00,100 גרם,false,,6.50,0.0433,true,1,53926
7290002319788,false,תמצית אפיה רום,,,תמצית אפיה רום,,60.00,"100 מ""ל",false,,2.90,0.0483,true,1,16977
7290002327059,false,בצק עלים 1 ק`ג,,,בצק עלים 1 ק`ג,קילוגרמים,1.00,"ק""ג",false,,22.90,22.9000,true,1,118106
7290002331094,false,755מל מים מינרלים TO,,,755מל מים מינרלים TO,,755.00,"100 מ""ל",false,,5.50,0.0073,true,1,8435
7290002331360,false,נביעות TO GO שישייה,,,נביעות TO GO שישייה,ליטרים,3.00,ליטר,false,,18.90,6.3000,true,1,8920
7290002344032,false,סחבות מיקרופייבר  מא,,,סחבות מיקרופייבר  מא,יחידה,0.00,יחידה,false,,14.90,0.0000,true,1,456030
7290002344056,false,מטליות מיקרופייבר  מ,,,מטליות מיקרופייבר  מ,יחידה,0.00,יחידה,false,,14.90,0.0000,true,1,456031
7290002345022,false,אנטריקוט  דקדק 250 ג,,,אנטריקוט  דקדק 250 ג,,250.00,100 גרם,false,,29.90,0.1196,true,1,108598
7290002348238,false,לפתן אננס חתוך ויליג,,,לפתן אננס חתוך ויליג,,830.00,100 גרם,false,,7.90,0.0095,true,1,223803
7290002353836,false,סרדינים רוברט בשמן ז,,,סרדינים רוברט בשמן ז,,120.00,100 גרם,false,,10.90,0.0908,true,1,19707
7290002371533,false,טירת צבי סלסולי פסטר,,,טירת צבי סלסולי פסטר,,120.00,100 גרם,false,,15.90,0.1325,true,1,28026
7290002371540,false,טירת צבי קורנדביף דק,,,טירת צבי קורנדביף דק,,120.00,100 גרם,false,,15.90,0.1325,true,1,28027
7290002371939,false,טירת צבי סרוולד צרפת,,,טירת צבי סרוולד צרפת,,120.00,100 גרם,false,,30.90,0.2575,true,1,28030
7290002374268,false,שמן חמניות מילומור 1,,,שמן חמניות מילומור 1,ליטרים,1.00,ליטר,false,,13.90,13.9000,true,1,32784
7290002374312,false,שמן קנולה מילומור 1,,,שמן קנולה מילומור 1,ליטרים,1.00,ליטר,false,,12.90,12.9000,true,1,32785
7290002374640,false,שמן קנולה פלוס אומגה,,,שמן קנולה פלוס אומגה,ליטרים,1.00,ליטר,false,,18.90,18.9000,true,1,32787
7290002407454,false,שמן זית כתית מעולה ס,,,שמן זית כתית מעולה ס,,750.00,"100 מ""ל",false,,42.90,0.0572,true,1,7070
7290002512011,false,צנעני גחנון 900 גרם,,,צנעני גחנון 900 גרם,,900.00,100 גרם,false,,19.90,0.0221,true,1,3910
7290002512257,false,מלווח מופחת שומן 700,,,מלווח מופחת שומן 700,,700.00,100 גרם,false,,18.90,0.0270,true,1,65692
7290002542506,false,קורונה בירה בקבוק 35,,,קורונה בירה בקבוק 35,,355.00,"100 מ""ל",false,,9.90,0.0279,true,1,33019
7290002542780,false,סטלה ארטואה בקבוק 6*,,,סטלה ארטואה בקבוק 6*,ליטרים,1.98,ליטר,false,,40.90,20.6566,true,1,322969
7290002542841,false,בירה לף בלונד -שישיה,,,בירה לף בלונד -שישיה,ליטרים,1.98,ליטר,false,,49.90,25.2020,true,1,343839
7290002542865,false,בירה הוגרדן -שישיה *,,,בירה הוגרדן -שישיה *,ליטרים,1.98,ליטר,false,,49.90,25.2020,true,1,343840
7290002543046,false,פרוסטיס דגני קלוגס 7,,,פרוסטיס דגני קלוגס 7,,750.00,100 גרם,false,,21.90,0.0292,true,1,66456
7290002543237,false,קורנפלקס קלוגס 750 ג,,,קורנפלקס קלוגס 750 ג,,750.00,100 גרם,false,,16.90,0.0225,true,1,7236
7290002577508,false,פילה הרינג בשמן ובצל,,,פילה הרינג בשמן ובצל,,240.00,100 גרם,false,,26.90,0.1121,true,1,382273
7290002603504,false,פיצת השף מאיטליה CHE,,,פיצת השף מאיטליה CHE,,200.00,100 גרם,false,,18.90,0.0945,true,1,134592
7290002608509,false,לחם מחמצת זיתי קלמנט,,,לחם מחמצת זיתי קלמנט,,530.00,100 גרם,false,,18.90,0.0357,true,1,216000
7290002627210,false,גפילטע פיש בצנצנת דל,,,גפילטע פיש בצנצנת דל,,560.00,100 גרם,false,,13.90,0.0248,true,1,209282
7290002692393,false,שמן קנולה מועשר עץ ה,,,שמן קנולה מועשר עץ ה,ליטרים,1.00,ליטר,false,,17.90,17.9000,true,1,32790
7290002692478,false,שמן זית כתית מעולה מ,,,שמן זית כתית מעולה מ,,750.00,"100 מ""ל",false,,37.90,0.0505,true,1,32792
7290002692782,false,תרסיס שמן זית עץ הזי,,,תרסיס שמן זית עץ הזי,,200.00,"100 מ""ל",false,,19.90,0.0995,true,1,32801
7290002703068,false,צנצנת דבש עין חרוד 1,,,צנצנת דבש עין חרוד 1,קילוגרמים,1.00,"ק""ג",false,,45.90,45.9000,true,1,40521
7290002703310,false,צנצנת דבש עין חרוד 5,,,צנצנת דבש עין חרוד 5,,500.00,100 גרם,false,,23.90,0.0478,true,1,40527
7290002703358,false,צנצנת דבש עין חרוד 3,,,צנצנת דבש עין חרוד 3,,350.00,100 גרם,false,,18.90,0.0540,true,1,40528
7290002703402,false,דבש עין חרוד 400 גרם,,,דבש עין חרוד 400 גרם,,400.00,100 גרם,false,,19.90,0.0497,true,1,40529
7290002703426,false,דבש לחיץ מכוורת 250,,,דבש לחיץ מכוורת 250,,250.00,100 גרם,false,,13.90,0.0556,true,1,40530
7290002703662,false,סילאן 100% טבעי צנצנ,,,סילאן 100% טבעי צנצנ,,900.00,100 גרם,false,,21.00,0.0233,true,1,40531
7290002730262,false,פלמוליב לכלים קלאסי,,,פלמוליב לכלים קלאסי,,750.00,"100 מ""ל",false,,12.90,0.0172,true,1,24740
7290002730941,false,צמר גפן פרוס בלונס 1,,,צמר גפן פרוס בלונס 1,,100.00,100 גרם,false,,6.90,0.0690,true,1,24751
7290002730958,false,סבון מוצק ירוק זית פ,,,סבון מוצק ירוק זית פ,,400.00,100 גרם,false,,17.90,0.0447,true,1,24752
7290002735007,false,"בצק עלים 1 ק""ג",,,"בצק עלים 1 ק""ג",קילוגרמים,1.00,"ק""ג",false,,14.90,14.9000,true,1,118599
7290002735014,false,ינון מלווח ארוז 800,,,ינון מלווח ארוז 800,,800.00,100 גרם,false,,14.90,0.0186,true,1,118600
7290002735274,false,ינון גחנון אפוי 600,,,ינון גחנון אפוי 600,,600.00,100 גרם,false,,16.90,0.0282,true,1,118606
7290002750222,false,פיתות מקמח מלא 5יח,,,פיתות מקמח מלא 5יח,,500.00,100 גרם,false,,12.90,0.0258,true,1,116887
7290002752332,false,מנטוס .סוכריות פירות,,,מנטוס .סוכריות פירות,,37.50,100 גרם,false,,4.50,0.1200,true,1,15208
7290002757139,false,שלושת האופים מלוואח,,,שלושת האופים מלוואח,,700.00,100 גרם,false,,14.90,0.0213,true,1,19748
7290002757511,false,דלידג קציצות דג לביש,,,דלידג קציצות דג לביש,,750.00,100 גרם,false,,35.90,0.0479,true,1,19751
7290002757665,false,קבב מזרחי 400 גרם,,,קבב מזרחי 400 גרם,,400.00,100 גרם,false,,13.90,0.0348,true,1,19755
7290002757672,false,המבורגר 400גרם נטו,,,המבורגר 400גרם נטו,,400.00,100 גרם,false,,13.90,0.0348,true,1,19756
7290002768074,false,סבון נוזלי דרמופון 1,,,סבון נוזלי דרמופון 1,יחידה,0.00,יחידה,false,,18.90,0.0000,true,1,33258
7290002782759,false,קרם גוף מס' 2 פנינה,,,קרם גוף מס' 2 פנינה,,400.00,"100 מ""ל",false,,27.90,0.0697,true,1,21707
7290002793311,false,מילוי למכשיר 50,,,מילוי למכשיר 50,יחידה,0.00,יחידה,false,,60.00,0.0000,true,1,20852
7290002805151,false,סיף פנטסטיק לרצפות ב,,,סיף פנטסטיק לרצפות ב,ליטרים,4.00,ליטר,false,,24.90,6.2250,true,1,113629
7290002814928,false,סיגריות פרלמנט (חפיס,,,סיגריות פרלמנט (חפיס,יחידה,0.00,יחידה,false,,42.00,0.0000,false,1,32408
7290002824183,false,גבינה לבנה 5% סקי 50,,,גבינה לבנה 5% סקי 50,,500.00,יח',false,,9.50,0.0190,true,1,26058
7290002824466,false,דנונה יוגורט ביו 0%,,,דנונה יוגורט ביו 0%,,200.00,"100 מ""ל",false,,3.90,0.0195,true,1,26059
7290002824640,false,גבינה 5% סקי 250 גרם,,,גבינה 5% סקי 250 גרם,,250.00,100 גרם,false,,4.98,0.0199,true,1,26060
7290002825722,false,אחלה כרוב אדום 500ג,,,אחלה כרוב אדום 500ג,,500.00,100 גרם,false,,15.90,0.0318,true,1,26062
7290002868996,false,טרה קוטג מועשר 5% 25,,,טרה קוטג מועשר 5% 25,,250.00,100 גרם,false,,5.50,0.0220,true,1,8445
7290002871248,false,בירה טובורג רד בקבוק,,,בירה טובורג רד בקבוק,,500.00,"100 מ""ל",false,,10.90,0.0218,true,1,8943
7290002871361,false,קרלסברג בירה בק.חוזר,,,קרלסברג בירה בק.חוזר,,500.00,"100 מ""ל",false,,10.90,0.0218,true,1,8944
7290002881247,false,אננס שלם פרוסות תומר,,,אננס שלם פרוסות תומר,,850.00,100 גרם,false,,11.90,0.0140,true,1,27619
7290002881254,false,קוקטייל טרופי תומר 8,,,קוקטייל טרופי תומר 8,,850.00,100 גרם,false,,10.90,0.0128,true,1,27620
7290002881261,false,ליצי שלם תומר 565 גר,,,ליצי שלם תומר 565 גר,,565.00,100 גרם,false,,11.80,0.0209,true,1,27621
7290002881513,false,חמאת בוטנים עם שברי,,,חמאת בוטנים עם שברי,,510.00,100 גרם,false,,10.90,0.0214,true,1,27634
7290002909989,false,שעועית ירוקה חתוכה ב,,,שעועית ירוקה חתוכה ב,,800.00,100 גרם,false,,12.90,0.0161,true,1,484499
7290002921349,false,סופר גלו 3 זוגי,,,סופר גלו 3 זוגי,יחידה,0.00,יחידה,false,,15.90,0.0000,true,1,13384
7290002929642,false,טונה בשמן ויליגר רבי,,,טונה בשמן ויליגר רבי,,560.00,100 גרם,false,,23.90,0.0427,true,1,19810
7290002971962,false,קמח מלא 100% ללא צור,,,קמח מלא 100% ללא צור,קילוגרמים,1.00,"ק""ג",false,,9.90,9.9000,true,1,382690
7290002971986,false,קמח שיפון ללא צורך ב,,,קמח שיפון ללא צורך ב,קילוגרמים,1.00,"ק""ג",false,,9.90,9.9000,true,1,83906
7290002971993,false,קמח כוסמין מלא ללא צ,,,קמח כוסמין מלא ללא צ,קילוגרמים,1.00,"ק""ג",false,,15.90,15.9000,true,1,83493
7290002972006,false,קמח בהיר 405 ללא צור,,,קמח בהיר 405 ללא צור,קילוגרמים,1.00,"ק""ג",false,,9.90,9.9000,true,1,117494
7290002972365,false,קמח תופח ללא צורך בנ,,,קמח תופח ללא צורך בנ,קילוגרמים,1.00,"ק""ג",false,,9.90,9.9000,true,1,117495
7290002973669,false,קמח לחם ללא צורך בני,,,קמח לחם ללא צורך בני,קילוגרמים,1.00,"ק""ג",false,,9.90,9.9000,true,1,264885
7290002973676,false,קמח לחלה ללא צורך בנ,,,קמח לחלה ללא צורך בנ,קילוגרמים,1.00,"ק""ג",false,,9.90,9.9000,true,1,264886
7290002987963,false,אחלה חומוס 1קג,,,אחלה חומוס 1קג,קילוגרמים,1.00,"ק""ג",false,,14.90,14.9000,true,1,26063
7290003009640,false,פריגת סחוט מיץ תפוזי,,,פריגת סחוט מיץ תפוזי,ליטרים,1.00,ליטר,false,,16.90,16.9000,true,1,8461
7290003015627,false,ריצפז פרש אפרסק 2 לי,,,ריצפז פרש אפרסק 2 לי,ליטרים,2.00,ליטר,false,,19.90,9.9500,true,1,33269
7290003029181,false,יטבתה שוקו בקבוק 1ל,,,יטבתה שוקו בקבוק 1ל,ליטרים,1.00,ליטר,false,,12.50,12.5000,true,1,26067
7290003029372,false,יטבתה משקה חלב בננה,,,יטבתה משקה חלב בננה,ליטרים,1.00,ליטר,false,,12.50,12.5000,true,1,26070
7290003029389,false,יטבתה משקה חלב בננה+,,,יטבתה משקה חלב בננה+,,250.00,"100 מ""ל",false,,5.90,0.0236,true,1,26071
7290003029433,false,יטבתה שוקו +פקק 250,,,יטבתה שוקו +פקק 250,,250.00,"100 מ""ל",false,,5.90,0.0236,true,1,26072
7290003029532,false,יטבתה מוקה 1ל,,,יטבתה מוקה 1ל,ליטרים,1.00,ליטר,false,,12.50,12.5000,true,1,26074
7290003029792,false,יטבתה מהדרין שוקו שק,,,יטבתה מהדרין שוקו שק,ליטרים,1.80,ליטר,false,,20.90,11.6111,true,1,26076
7290003029907,false,יטבתה אייס קפה 1ל,,,יטבתה אייס קפה 1ל,ליטרים,1.00,ליטר,false,,12.50,12.5000,true,1,26079
7290003047642,false,תה ליפטון יילו לייבל,,,תה ליפטון יילו לייבל,,150.00,100 גרם,false,,15.90,0.1060,true,1,12690
7290003054657,false,חרדל דיג'ון אקסטרא פ,,,חרדל דיג'ון אקסטרא פ,,370.00,100 גרם,false,,13.10,0.0354,true,1,30500
7290003072859,false,רוסטביף טירת צבי 120,,,רוסטביף טירת צבי 120,,120.00,100 גרם,false,,22.90,0.1908,true,1,218272
7290003107216,false,"קמח לבן דגן 1 ק""ג",,,"קמח לבן דגן 1 ק""ג",קילוגרמים,1.00,"ק""ג",false,,6.90,6.9000,true,1,11337
7290003107223,false,"סולת חיטה דגן 1 ק""ג",,,"סולת חיטה דגן 1 ק""ג",קילוגרמים,1.00,"ק""ג",false,,6.90,6.9000,true,1,66800
7290003107315,false,"סולת  דגן 1 ק""ג",,,"סולת  דגן 1 ק""ג",קילוגרמים,1.00,"ק""ג",false,,4.90,4.9000,true,1,11340
7290003107346,false,קמח חיטה לבן דגן 1 ק,,,קמח חיטה לבן דגן 1 ק,קילוגרמים,1.00,"ק""ג",false,,4.90,4.9000,true,1,11342
7290003119110,false,קוקה קולה 6*1.5ליטר,,,קוקה קולה 6*1.5ליטר,ליטרים,9.00,ליטר,false,,50.10,5.5667,true,1,8951
7290003126712,false,צוריאל יוגורט עיזים,,,צוריאל יוגורט עיזים,,150.00,"100 מ""ל",false,,6.90,0.0460,true,1,8468
7290003126958,false,צוריאל גבינה גוש טופ,,,צוריאל גבינה גוש טופ,,300.00,100 גרם,false,,13.90,0.0463,true,1,8469
7290003141159,false,יוגטה מרשמלו 180 גר',,,יוגטה מרשמלו 180 גר',,180.00,100 גרם,false,,8.90,0.0494,true,1,15219
7290003143146,false,ממרח תמרים 450 גרם,,,ממרח תמרים 450 גרם,,450.00,100 גרם,false,,6.90,0.0153,true,1,15237
7290003143276,false,יוגטה מרשמלו מגולגל,,,יוגטה מרשמלו מגולגל,,180.00,100 גרם,false,,8.90,0.0494,true,1,15244
7290003145751,false,קשיו קלוי 200 גרם,,,קשיו קלוי 200 גרם,,200.00,100 גרם,false,,21.90,0.1095,true,1,15297
7290003217014,false,5 פיתות מזרחיות תנעמ,,,5 פיתות מזרחיות תנעמ,,500.00,100 גרם,false,,7.90,0.0158,true,1,66304
7290003220595,false,אורז לסושי 1 ק'ג WOK,,,אורז לסושי 1 ק'ג WOK,קילוגרמים,1.00,"ק""ג",false,,14.40,14.4000,true,1,382389
7290003220717,false,אצות נורי סילוור 10,,,אצות נורי סילוור 10,,25.00,100 גרם,false,,12.90,0.5160,true,1,382394
7290003220830,false,חומץ אורז לסושי 500,,,חומץ אורז לסושי 500,,500.00,"100 מ""ל",false,,18.70,0.0374,true,1,382398
7290003220977,false,מעדני מלך ירח חצי מצ,,,מעדני מלך ירח חצי מצ,,175.00,100 גרם,false,,7.90,0.0451,true,1,303320
7290003229109,false,א.מ .פסטרמה בפפריקה,,,א.מ .פסטרמה בפפריקה,,400.00,100 גרם,false,,30.90,0.0772,true,1,28040
7290003229116,false,א.מ פסטרמה בדבש 400,,,א.מ פסטרמה בדבש 400,,400.00,100 גרם,false,,30.90,0.0772,true,1,28041
7290003229147,false,סלמי בסגנון איטלקי 3,,,סלמי בסגנון איטלקי 3,,300.00,100 גרם,false,,33.90,0.1130,true,1,28043
7290003251308,false,"אציטון משובח  100 מ""",,,"אציטון משובח  100 מ""",,100.00,"100 מ""ל",false,,4.90,0.0490,true,1,24528
7290003268252,false,לחם חיטה מלא ללא גרע,,,לחם חיטה מלא ללא גרע,,750.00,100 גרם,false,,14.90,0.0199,true,1,6403
7290003321155,false,דנונה קראנצ' ששבי פק,,,דנונה קראנצ' ששבי פק,,183.00,"100 מ""ל",false,,4.90,0.0268,true,1,26080
7290003321292,false,גבינה 9% סקי 250 גרם,,,גבינה 9% סקי 250 גרם,,250.00,100 גרם,false,,4.80,0.0192,true,1,26081
7290003332045,false,קפה נחלה סובחי 250 ג,,,קפה נחלה סובחי 250 ג,,250.00,100 גרם,false,,15.50,0.0620,true,1,38351
7290003411696,false,מרקיות חד פעמי 25 יח,,,מרקיות חד פעמי 25 יח,יחידה,0.00,יחידה,false,,10.90,0.0000,true,1,9741
7290003427154,false,שמן זית כתית מעולה ז,,,שמן זית כתית מעולה ז,,750.00,"100 מ""ל",false,,40.90,0.0545,true,1,27371
7290003438006,false,אוליביה ממרח פסטו אי,,,אוליביה ממרח פסטו אי,,180.00,100 גרם,false,,14.50,0.0806,true,1,5331
7290003438020,false,אוליביה ממרח עגבניות,,,אוליביה ממרח עגבניות,,190.00,100 גרם,false,,14.50,0.0763,true,1,5333
7290003438082,false,חזרת מצונן אוליביה,,,חזרת מצונן אוליביה,,180.00,100 גרם,false,,12.90,0.0717,true,1,28693
7290003438853,false,אוליביה ממרח אריסה ח,,,אוליביה ממרח אריסה ח,,185.00,100 גרם,false,,14.50,0.0784,true,1,5345
7290003450602,false,חרדל אמיתי צהוב בקבו,,,חרדל אמיתי צהוב בקבו,,255.00,100 גרם,false,,11.90,0.0467,true,1,30504
7290003457991,false,מאגדת קורנטו  קלאסיק,,,מאגדת קורנטו  קלאסיק,,300.00,100 גרם,false,,35.90,0.1197,true,1,6077
7290003514007,false,שקדי מרק מנה 400 גרם,,,שקדי מרק מנה 400 גרם,,400.00,100 גרם,false,,8.90,0.0223,true,1,24757
7290003525904,false,סלט טונה פיקנטי וילי,,,סלט טונה פיקנטי וילי,,480.00,100 גרם,false,,17.90,0.0373,true,1,19849
7290003527380,false,דובדבן ללא חרצן וילי,,,דובדבן ללא חרצן וילי,,680.00,100 גרם,false,,9.90,0.0146,true,1,19859
7290003550753,false,טונה בהירה בשמן פוסי,,,טונה בהירה בשמן פוסי,,308.00,100 גרם,false,,22.90,0.0744,true,1,19864
7290003578313,false,דובדבנים חמוצים ללא,,,דובדבנים חמוצים ללא,,350.00,100 גרם,false,,10.90,0.0311,true,1,4838
7290003578672,false,שמן חמניות 1 ליטר,,,שמן חמניות 1 ליטר,ליטרים,1.00,ליטר,false,,15.90,15.9000,true,1,4840
7290003643004,false,"סוגת אורז בסמטי 1 ק""",,,"סוגת אורז בסמטי 1 ק""",קילוגרמים,1.00,"ק""ג",false,,14.90,14.9000,true,1,20684
7290003643134,false,סוגת סוכר וניל 10 יח,,,סוגת סוכר וניל 10 יח,,100.00,100 גרם,false,,2.90,0.0290,true,1,20686
7290003643325,false,קוסקוס בינוני סוגת 3,,,קוסקוס בינוני סוגת 3,,350.00,100 גרם,false,,5.90,0.0169,true,1,67680
7290003643387,false,סוכר לבן בצנצנת סוגת,,,סוכר לבן בצנצנת סוגת,קילוגרמים,1.00,"ק""ג",false,,9.90,9.9000,true,1,20695
7290003643646,false,סוכר דמררה בצנצנת חו,,,סוכר דמררה בצנצנת חו,קילוגרמים,1.00,"ק""ג",false,,14.50,14.5000,true,1,20696
7290003643684,false,אפונה יבשה 500 גרם,,,אפונה יבשה 500 גרם,,500.00,100 גרם,false,,7.90,0.0158,true,1,20697
7290003643714,false,חומוס 500 גרם,,,חומוס 500 גרם,,500.00,100 גרם,false,,9.90,0.0198,true,1,20699
7290003643738,false,סוגת חיטה 500 גר,,,סוגת חיטה 500 גר,,500.00,100 גרם,false,,5.90,0.0118,true,1,20700
7290003643745,false,כוסמת 500 גרם,,,כוסמת 500 גרם,,500.00,יח',false,,7.90,0.0158,true,1,20701
7290003643752,false,עדשים ירוקות 500 גרם,,,עדשים ירוקות 500 גרם,,500.00,יח',false,,9.90,0.0198,true,1,20702
7290003643769,false,עדשים אדומות 500 גרם,,,עדשים אדומות 500 גרם,,500.00,100 גרם,false,,9.90,0.0198,true,1,20703
7290003643776,false,סוגת פופקורן 500 גרם,,,סוגת פופקורן 500 גרם,,500.00,100 גרם,false,,5.90,0.0118,true,1,20704
7290003643806,false,שעועית לבנה 500 גרם,,,שעועית לבנה 500 גרם,,500.00,100 גרם,false,,11.90,0.0238,true,1,20706
7290003643813,false,שעועית אדומה 500 גרם,,,שעועית אדומה 500 גרם,,500.00,100 גרם,false,,11.90,0.0238,true,1,20707
7290003681334,false,קוקוס 400 גר. בדצ,,,קוקוס 400 גר. בדצ,,400.00,100 גרם,false,,13.90,0.0348,true,1,53949
7290003681693,false,חומוס לבן ענק מיה 50,,,חומוס לבן ענק מיה 50,,500.00,100 גרם,false,,11.90,0.0238,true,1,53956
7290003681716,false,גריסי פנינה 500 גרם,,,גריסי פנינה 500 גרם,,500.00,100 גרם,false,,6.40,0.0128,true,1,53958
7290003681921,false,טופי מתוק מיה 200 גר,,,טופי מתוק מיה 200 גר,,200.00,100 גרם,false,,6.90,0.0345,true,1,17008
7290003706167,false,בצל ירוק ארוז,,,בצל ירוק ארוז,,1.00,מטר,false,,5.90,5.9000,true,1,77618
7290003718610,false,במיה מוקפאת בלדי 400,,,במיה מוקפאת בלדי 400,,400.00,100 גרם,false,,12.90,0.0323,true,1,484420
7290003718627,false,פול ירוק בלדי 400 גר,,,פול ירוק בלדי 400 גר,,400.00,100 גרם,false,,12.90,0.0323,true,1,484452
7290003726790,false,שניצל טופו בטעם עוף,,,שניצל טופו בטעם עוף,,420.00,100 גרם,false,,29.90,0.0712,true,1,480537
7290003779499,false,ג`ינג`ר יח` 200 גרם,,,ג`ינג`ר יח` 200 גרם,,1.00,יח',false,,9.90,9.9000,true,1,74859
7290003781652,false,צלפים במלח ויליפוד 3,,,צלפים במלח ויליפוד 3,,350.00,100 גרם,false,,9.90,0.0283,true,1,4845
7290003804320,false,תיבוליות שום ופטרוזי,,,תיבוליות שום ופטרוזי,,72.00,100 גרם,false,,10.90,0.1514,true,1,12706
7290003805501,false,פתית שוודי חסכוני בד,,,פתית שוודי חסכוני בד,,300.00,100 גרם,false,,18.90,0.0630,true,1,12729
7290003807178,false,רוטב סויה בסגנון סינ,,,רוטב סויה בסגנון סינ,,300.00,"100 מ""ל",false,,13.90,0.0463,true,1,12763
7290003882922,false,עלי גפן ממולאים באור,,,עלי גפן ממולאים באור,,360.00,100 גרם,false,,9.90,0.0275,true,1,4855
7290003989539,false,EAT GOOD רביולי גבינ,,,EAT GOOD רביולי גבינ,,400.00,100 גרם,false,,21.70,0.0542,true,1,68575
7290003989553,false,שטראוס טורטליני פטרי,,,שטראוס טורטליני פטרי,,400.00,100 גרם,false,,21.70,0.0542,true,1,68576
7290004011277,false,שמנת לבישול על בסיס,,,שמנת לבישול על בסיס,,220.00,"100 מ""ל",false,,9.90,0.0450,true,1,19871
7290004011284,false,ריצ בסיס להכנת קצפת,,,ריצ בסיס להכנת קצפת,,212.00,"100 מ""ל",false,,9.30,0.0439,true,1,19872
7290004011338,false,ריצ קצפת במיכל 250מל,,,ריצ קצפת במיכל 250מל,,250.00,"100 מ""ל",false,,12.90,0.0516,true,1,19874
7290004011345,false,קצפת ריץ במיכל פרווה,,,קצפת ריץ במיכל פרווה,,238.00,"100 מ""ל",false,,12.90,0.0542,true,1,19875
7290004030018,false,מיץ לימון סחוט פרי פ,,,מיץ לימון סחוט פרי פ,,500.00,"100 מ""ל",false,,7.90,0.0158,true,1,44128
7290004030100,false,מיץ תפוזים סחוט וולנ,,,מיץ תפוזים סחוט וולנ,ליטרים,1.00,ליטר,false,,16.80,16.8000,true,1,215218
7290004030445,false,פרי ניב תפוז סחוט 1ל,,,פרי ניב תפוז סחוט 1ל,ליטרים,1.00,ליטר,false,,15.90,15.9000,true,1,44146
7290004030834,false,מיץ סחוט רימונים 100,,,מיץ סחוט רימונים 100,ליטרים,1.00,ליטר,false,,25.30,25.3000,true,1,44160
7290004063016,false,"מלח שולחן סלית 1 ק""ג",,,"מלח שולחן סלית 1 ק""ג",קילוגרמים,1.00,"ק""ג",false,,2.07,2.0700,true,1,17656
7290004063115,false,מלח מטבח גס לבישול כ,,,מלח מטבח גס לבישול כ,קילוגרמים,1.00,"ק""ג",false,,2.07,2.0700,true,1,17657
7290004064174,false,מלח ההימלאיה דק בצנצ,,,מלח ההימלאיה דק בצנצ,קילוגרמים,1.00,"ק""ג",false,,19.90,19.9000,true,1,96239
7290004068172,false,גד יוגורט עיזים 5% 6,,,גד יוגורט עיזים 5% 6,,600.00,"100 מ""ל",false,,18.30,0.0305,true,1,16758
7290004102326,false,תרד לא שטוף,,,תרד לא שטוף,,180.00,100 גרם,false,,11.90,0.0661,true,1,2804
7290004119225,false,יופלה אננס 3% 150מל,,,יופלה אננס 3% 150מל,,150.00,יח',false,,5.50,0.0367,true,1,28708
7290004119928,false,קרלו וניל 3% 125מל,,,קרלו וניל 3% 125מל,,125.00,"100 מ""ל",false,,3.50,0.0280,true,1,28713
7290004120061,false,קרלו שוניל 3% 125מל,,,קרלו שוניל 3% 125מל,,125.00,"100 מ""ל",false,,3.50,0.0280,true,1,28715
7290004120108,false,יופלה דיאט דובדבן 0%,,,יופלה דיאט דובדבן 0%,,150.00,"100 מ""ל",false,,5.50,0.0367,true,1,28718
7290004120566,false,פיראוס בולגרית 24% 2,,,פיראוס בולגרית 24% 2,,250.00,100 גרם,false,,25.50,0.1020,true,1,28736
7290004120634,false,פיראוס בולגרית 5% 25,,,פיראוס בולגרית 5% 25,,250.00,100 גרם,false,,25.50,0.1020,true,1,28738
7290004121488,false,יופלה דיאט אפרסק 0%,,,יופלה דיאט אפרסק 0%,,150.00,"100 מ""ל",false,,5.50,0.0367,true,1,28745
7290004121525,false,יופלה אפרסק תות 3% 8,,,יופלה אפרסק תות 3% 8,קילוגרמים,1.20,"ק""ג",false,,33.30,27.7500,true,1,28746
7290004121839,false,פיראוס פטה כבשים 20%,,,פיראוס פטה כבשים 20%,,250.00,100 גרם,false,,31.00,0.1240,true,1,28751
7290004122119,false,שף לבן פתיתי פרמזן ל,,,שף לבן פתיתי פרמזן ל,,100.00,100 גרם,false,,13.90,0.1390,true,1,28756
7290004122195,false,גוש חלב פרוס 28% 200,,,גוש חלב פרוס 28% 200,,200.00,יח',false,,14.60,0.0730,true,1,28757
7290004122270,false,עמק פרוס סגירה חוזרת,,,עמק פרוס סגירה חוזרת,,200.00,100 גרם,false,,16.40,0.0820,true,1,28758
7290004122348,false,עמק לייט 9% 200ג,,,עמק לייט 9% 200ג,,200.00,יח',false,,16.80,0.0840,true,1,28760
7290004122676,false,פיראוס חמד לייט 5% 2,,,פיראוס חמד לייט 5% 2,,250.00,100 גרם,false,,19.90,0.0796,true,1,28764
7290004122683,false,עמק אצבעות 172ג,,,עמק אצבעות 172ג,,172.00,100 גרם,false,,17.10,0.0994,true,1,28765
7290004124205,false,יופלה דיאט תות 0% 15,,,יופלה דיאט תות 0% 15,,150.00,"100 מ""ל",false,,5.50,0.0367,true,1,28780
7290004124847,false,שף לבן קצפת צמחית 24,,,שף לבן קצפת צמחית 24,,500.00,100 גרם,false,,17.90,0.0358,true,1,28787
7290004125370,false,תנובה שמנת מופחתת 9%,,,תנובה שמנת מופחתת 9%,,200.00,100 גרם,false,,3.90,0.0195,true,1,28791
7290004125400,false,"אשל 4.5% בד""צ מהדרין",,,"אשל 4.5% בד""צ מהדרין",,200.00,100 גרם,false,,1.69,0.0084,true,1,28792
7290004125417,false,"גיל 3% בד""צ מהדרין",,,"גיל 3% בד""צ מהדרין",,200.00,100 גרם,false,,1.51,0.0076,true,1,28793
7290004125455,false,תנובה שמנת אורגינל מ,,,תנובה שמנת אורגינל מ,,200.00,100 גרם,false,,2.40,0.0120,true,1,28794
7290004125462,false,תנובה שמנת חמוצה 15%,,,תנובה שמנת חמוצה 15%,,500.00,100 גרם,false,,6.00,0.0120,true,1,28795
7290004125509,false,תנובה שמנת חצי מנה 1,,,תנובה שמנת חצי מנה 1,,100.00,"100 מ""ל",false,,1.70,0.0170,true,1,28796
7290004125578,false,משקה סויה תנובה מועש,,,משקה סויה תנובה מועש,ליטרים,1.00,ליטר,false,,11.90,11.9000,true,1,28797
7290004125585,false,סויה תנובה משקה סויה,,,סויה תנובה משקה סויה,ליטרים,1.00,ליטר,false,,11.90,11.9000,true,1,28798
7290004125721,false,שף לבן שמנת לבישול 1,,,שף לבן שמנת לבישול 1,,250.00,100 גרם,false,,8.50,0.0340,true,1,28801
7290004125738,false,שף לבן שמנת להקצפה 3,,,שף לבן שמנת להקצפה 3,,250.00,"100 מ""ל",false,,6.90,0.0276,true,1,28802
7290004125776,false,עמק גבינה קשה פרוסה,,,עמק גבינה קשה פרוסה,,400.00,יח',false,,30.30,0.0758,true,1,28805
7290004126674,false,עמק טל לייט 9% 200ג,,,עמק טל לייט 9% 200ג,,200.00,100 גרם,false,,18.90,0.0945,true,1,28813
7290004126872,false,משקאות חלב תנובה שוק,,,משקאות חלב תנובה שוק,,250.00,"100 מ""ל",false,,5.90,0.0236,true,1,28815
7290004127329,false,קוטג' 5% תנובה מהדרי,,,קוטג' 5% תנובה מהדרי,,250.00,יח',false,,5.70,0.0228,true,1,28818
7290004127336,false,קוטג' תנובה מהדרין 9,,,קוטג' תנובה מהדרין 9,,250.00,יח',false,,5.70,0.0228,true,1,28819
7290004127800,false,תנובה גבינה לבנה 5%,,,תנובה גבינה לבנה 5%,,500.00,יח',false,,9.96,0.0199,true,1,28823
7290004129101,false,נפוליאון בטעם טבעי 2,,,נפוליאון בטעם טבעי 2,,225.00,100 גרם,false,,15.50,0.0689,true,1,28841
7290004129156,false,נפוליאון שום שמיר 25,,,נפוליאון שום שמיר 25,,225.00,100 גרם,false,,15.50,0.0689,true,1,28843
7290004129767,false,יופלה לבן מאגדת 3% 8,,,יופלה לבן מאגדת 3% 8,קילוגרמים,1.20,"ק""ג",false,,18.50,15.4167,true,1,28847
7290004130794,false,סויה תנובה טבעי במתי,,,סויה תנובה טבעי במתי,ליטרים,1.00,ליטר,false,,11.90,11.9000,true,1,28854
7290004130916,false,יופלה בטעם פירות יער,,,יופלה בטעם פירות יער,,150.00,100 גרם,false,,5.50,0.0367,true,1,28856
7290004131074,false,חלב תנובה הומוגני מה,,,חלב תנובה הומוגני מה,ליטרים,1.00,ליטר,false,,6.23,6.2300,true,1,28861
7290004131432,false,יופלה לבן 3% 200מל,,,יופלה לבן 3% 200מל,,200.00,"100 מ""ל",false,,4.50,0.0225,true,1,28868
7290004131456,false,יופלה לבן 1.5% 200מל,,,יופלה לבן 1.5% 200מל,,200.00,"100 מ""ל",false,,4.50,0.0225,true,1,28869
7290004131531,false,משקה חלב תנובה שוקו,,,משקה חלב תנובה שוקו,ליטרים,1.00,ליטר,false,,13.50,13.5000,true,1,28873
7290004132552,false,סויה תנובה לייט בטעם,,,סויה תנובה לייט בטעם,ליטרים,1.00,ליטר,false,,11.90,11.9000,true,1,28888
7290004132712,false,עמק אצבעות מוצרלה 20,,,עמק אצבעות מוצרלה 20,,174.00,100 גרם,false,,17.10,0.0983,true,1,28892
7290004133511,false,יופלה לבן מעודן 1.5%,,,יופלה לבן מעודן 1.5%,ליטרים,1.20,ליטר,false,,21.90,18.2500,true,1,28905
7290004135614,false,פיראוס בולגרית מעודנ,,,פיראוס בולגרית מעודנ,,250.00,100 גרם,false,,22.60,0.0904,true,1,28939
7290004136154,false,משקאות חלב תנובה איי,,,משקאות חלב תנובה איי,,340.00,"100 מ""ל",false,,7.90,0.0232,true,1,28947
7290004136857,false,ג'לי תנובה פטל 125מל,,,ג'לי תנובה פטל 125מל,,125.00,"100 מ""ל",false,,2.90,0.0232,true,1,28957
7290004136864,false,ג'לי תנובה אננס עם ח,,,ג'לי תנובה אננס עם ח,,125.00,"100 מ""ל",false,,2.90,0.0232,true,1,28958
7290004136871,false,ג'לי תנובה אפרסק עם,,,ג'לי תנובה אפרסק עם,,125.00,100 גרם,false,,2.90,0.0232,true,1,28959
7290004137021,false,שף לבן שמנת לבישול 1,,,שף לבן שמנת לבישול 1,,250.00,"100 מ""ל",false,,8.50,0.0340,true,1,28961
7290004137311,false,עמק לייט משפחתית 9%,,,עמק לייט משפחתית 9%,,400.00,100 גרם,false,,30.90,0.0772,true,1,28964
7290004200244,false,פרסים רמה 3,,,פרסים רמה 3,יחידה,0.00,יחידה,false,,9.50,0.0000,true,1,36373
7290004225285,false,סגנון דנאבלו 100 גרם,,,סגנון דנאבלו 100 גרם,,100.00,100 גרם,false,,11.90,0.1190,true,1,19890
7290004324858,false,קבב כבש 500 גרם,,,קבב כבש 500 גרם,,500.00,100 גרם,false,,23.90,0.0478,true,1,19944
7290004537241,false,אפונת גינה קפואה 800,,,אפונת גינה קפואה 800,,800.00,100 גרם,false,,14.90,0.0186,true,1,105208
7290004537258,false,אפונה וגזר 800 גר שד,,,אפונה וגזר 800 גר שד,,800.00,100 גרם,false,,14.90,0.0186,true,1,104203
7290004584306,false,גמדים תות בננה 4*100,,,גמדים תות בננה 4*100,,400.00,"100 מ""ל",false,,11.90,0.0298,true,1,26085
7290004584351,false,סימפוניה חמישית 200ג,,,סימפוניה חמישית 200ג,,200.00,100 גרם,false,,12.90,0.0645,true,1,26086
7290004584528,false,דנונה יוגורט טבעי 1.,,,דנונה יוגורט טבעי 1.,,200.00,"100 מ""ל",false,,3.90,0.0195,true,1,26087
7290004658953,false,יין  P.C  סוביניון ב,,,יין  P.C  סוביניון ב,,750.00,"100 מ""ל",false,,44.90,0.0599,true,1,512
7290004731519,false,סנו מקסימה למייבש סנ,,,סנו מקסימה למייבש סנ,,750.00,"100 מ""ל",false,,19.90,0.0265,true,1,33302
7290004731670,false,דואופרש פצ'ולי לבנדר,,,דואופרש פצ'ולי לבנדר,,300.00,"100 מ""ל",false,,12.90,0.0430,true,1,33306
7290005041198,false,"קבב ביתי 1ק""ג",,,"קבב ביתי 1ק""ג",קילוגרמים,1.00,"ק""ג",false,,53.90,53.9000,true,1,14168
7290005084355,false,משחת שיניים דואל קר,,,משחת שיניים דואל קר,,75.00,"100 מ""ל",false,,22.70,0.3027,true,1,5722
7290005113222,false,זיתים מיקס יבנה 540,,,זיתים מיקס יבנה 540,,340.00,100 גרם,false,,10.90,0.0321,true,1,53821
7290005174513,false,חציל במיונז אחלה 500,,,חציל במיונז אחלה 500,,500.00,יח',false,,16.90,0.0338,true,1,26089
7290005174551,false,אחלה חומוס 125ג,,,אחלה חומוס 125ג,,125.00,יח',false,,5.90,0.0472,true,1,26090
7290005174575,false,אחלה טחינה 125גר,,,אחלה טחינה 125גר,,125.00,100 גרם,false,,5.90,0.0472,true,1,26092
7290005199578,false,עלית אוריגינס קפה נט,,,עלית אוריגינס קפה נט,,200.00,100 גרם,false,,40.90,0.2045,true,1,25381
7290005200786,false,תפוציפס שמנת ובצל 50,,,תפוציפס שמנת ובצל 50,,50.00,יח',false,,4.50,0.0900,true,1,26628
7290005201455,false,ארומה קפה נמס 200 גר,,,ארומה קפה נמס 200 גר,,200.00,100 גרם,false,,23.90,0.1195,true,1,25387
7290005201882,false,טורקי עלית 200 גר',,,טורקי עלית 200 גר',,200.00,100 גרם,false,,17.90,0.0895,true,1,25389
7290005287206,false,טונה בשמן סטארקיסט ר,,,טונה בשמן סטארקיסט ר,,640.00,100 גרם,false,,26.90,0.0420,true,1,29734
7290005287251,false,טונה במים סטארקיסט ר,,,טונה במים סטארקיסט ר,,640.00,100 גרם,false,,26.90,0.0420,true,1,29737
7290005296246,false,יעקבי פותח סתימות אק,,,יעקבי פותח סתימות אק,,946.00,"100 מ""ל",false,,30.90,0.0327,true,1,13390
7290005296260,false,אסטוניש רסס ונגב 750,,,אסטוניש רסס ונגב 750,,750.00,"100 מ""ל",false,,13.90,0.0185,true,1,13391
7290005326523,false,אוליביה ממרח פסטו פט,,,אוליביה ממרח פסטו פט,,180.00,100 גרם,false,,14.50,0.0806,true,1,113603
7290005384851,false,מיץ לימון משומר וילי,,,מיץ לימון משומר וילי,,200.00,"100 מ""ל",false,,4.90,0.0245,true,1,4870
7290005400155,false,פתיתים אפויים כוסמין,,,פתיתים אפויים כוסמין,,500.00,100 גרם,false,,16.90,0.0338,true,1,114920
7290005403965,false,פולי סויה 800 גר' שד,,,פולי סויה 800 גר' שד,,800.00,100 גרם,false,,16.90,0.0211,true,1,112739
7290005403972,false,תחתיות ארטישוק 400 ג,,,תחתיות ארטישוק 400 ג,,400.00,100 גרם,false,,17.90,0.0447,true,1,110289
7290005403989,false,במיה קפואה 600 גרם ש,,,במיה קפואה 600 גרם ש,,600.00,100 גרם,false,,12.90,0.0215,true,1,109444
7290005423055,false,מתז פורטה פלוס בניחו,,,מתז פורטה פלוס בניחו,,1.00,100 ליטר,false,,19.90,19.9000,true,1,138524
7290005423253,false,סנו מקסימה למייבש או,,,סנו מקסימה למייבש או,,750.00,"100 מ""ל",false,,19.90,0.0265,true,1,33325
7290005423567,false,סנו סושי מטלית לכל 3,,,סנו סושי מטלית לכל 3,יחידה,0.00,יחידה,false,,22.00,0.0000,true,1,33334
7290005423635,false,נוזל לניקוי רצפות דו,,,נוזל לניקוי רצפות דו,ליטרים,2.00,ליטר,false,,25.90,12.9500,true,1,33335
7290005423888,false,שלישיית אלסבון מעורב,,,שלישיית אלסבון מעורב,ליטרים,1.50,ליטר,false,,20.90,13.9333,true,1,33339
7290005424403,false,אל סבון אצות ים כיף,,,אל סבון אצות ים כיף,ליטרים,1.00,ליטר,false,,14.90,14.9000,true,1,33345
7290005424700,false,פורטה פלוס - קצף ברי,,,פורטה פלוס - קצף ברי,,1.00,"100 מ""ל",false,,19.90,19.9000,true,1,125623
7290005424762,false,ריצפז פלוס ווקס דוחה,,,ריצפז פלוס ווקס דוחה,ליטרים,2.00,ליטר,false,,30.90,15.4500,true,1,33350
7290005424847,false,סנו סופט מפיות 30*30,,,סנו סופט מפיות 30*30,יחידה,0.00,יחידה,false,,8.90,0.0000,true,1,33354
7290005425110,false,מתז מחטא ומשמיד 99.9,,,מתז מחטא ומשמיד 99.9,,750.00,"100 מ""ל",false,,16.90,0.0225,true,1,139197
7290005425202,false,אבקת כביסה סנו מקסימ,,,אבקת כביסה סנו מקסימ,קילוגרמים,2.50,"ק""ג",false,,28.90,11.5600,true,1,33362
7290005425646,false,סנוקליר נוזל רב תכלי,,,סנוקליר נוזל רב תכלי,יחידה,0.00,יחידה,false,,12.90,0.0000,true,1,33369
7290005426193,false,סנו סושי ספוג הפלא,,,סנו סושי ספוג הפלא,יחידה,0.00,יחידה,false,,12.90,0.0000,true,1,33379
7290005426230,false,סנו סושי מטלית הפלא,,,סנו סושי מטלית הפלא,יחידה,0.00,יחידה,false,,13.90,0.0000,true,1,33380
7290005426964,false,סנובון כחול שלישיה ב,,,סנובון כחול שלישיה ב,,165.00,100 גרם,false,,18.90,0.1145,true,1,33395
7290005426971,false,סנובון כחול שלישיה ב,,,סנובון כחול שלישיה ב,,165.00,100 גרם,false,,18.90,0.1145,true,1,33396
7290005427725,false,ליטופים מגבונים מבוש,,,ליטופים מגבונים מבוש,יחידה,0.00,יחידה,false,,19.90,0.0000,true,1,33415
7290005428845,false,סנו סופט מפיות 33*33,,,סנו סופט מפיות 33*33,יחידה,0.00,יחידה,false,,8.90,0.0000,true,1,33430
7290005428852,false,סנו סופט מגבוני טישו,,,סנו סופט מגבוני טישו,יחידה,0.00,יחידה,false,,15.90,0.0000,true,1,33431
7290005430671,false,סנו פוליווקס קרמיקה,,,סנו פוליווקס קרמיקה,ליטרים,2.00,ליטר,false,,26.00,13.0000,true,1,33447
7290005431883,false,עדן מלבי חלבי 165 גר,,,עדן מלבי חלבי 165 גר,,165.00,100 גרם,false,,7.90,0.0479,true,1,205070
7290005431906,false,עדן קדאיף 82 גרם,,,עדן קדאיף 82 גרם,,82.00,100 גרם,false,,7.90,0.0963,true,1,205072
7290005431913,false,קינוחי עדן עוגת גבינ,,,קינוחי עדן עוגת גבינ,,92.00,100 גרם,false,,7.90,0.0859,true,1,205073
7290005431920,false,עדן עוגת גבינה פירור,,,עדן עוגת גבינה פירור,,78.00,100 גרם,false,,7.90,0.1013,true,1,205074
7290005431937,false,עדן טירמיסו 82 גרם,,,עדן טירמיסו 82 גרם,,82.00,100 גרם,false,,7.90,0.0963,true,1,205075
7290005559709,false,בורקס פיצה 700 גרם,,,בורקס פיצה 700 גרם,,700.00,100 גרם,false,,29.90,0.0427,true,1,40273
7290005559914,false,פיצה משפחתית זיתים 5,,,פיצה משפחתית זיתים 5,,550.00,100 גרם,false,,27.70,0.0504,true,1,40277
7290005559990,false,בצק פילאס תורכי מעדנ,,,בצק פילאס תורכי מעדנ,,600.00,100 גרם,false,,28.90,0.0482,true,1,40282
7290005591761,false,דבש טהור מפרחי בר בל,,,דבש טהור מפרחי בר בל,,400.00,100 גרם,false,,27.00,0.0675,true,1,25390
7290005610127,false,תפו`א גורמה  לבן דוד,,,תפו`א גורמה  לבן דוד,קילוגרמים,1.00,"ק""ג",true,,7.90,7.9000,true,1,2243
7290005719189,false,לחם מחמצת  שיפון אגו,,,לחם מחמצת  שיפון אגו,,1.00,יח',false,,18.90,18.9000,true,1,143136
7290005838002,false,דניאלה מעדן גבינה 15,,,דניאלה מעדן גבינה 15,,150.00,100 גרם,false,,4.50,0.0300,true,1,26094
7290005838613,false,גבינה וניל 3% סקי 12,,,גבינה וניל 3% סקי 12,,125.00,100 גרם,false,,3.90,0.0312,true,1,26095
7290005838972,false,גבינת יום יום 5% סקי,,,גבינת יום יום 5% סקי,,125.00,100 גרם,false,,3.50,0.0280,true,1,26096
7290005839078,false,דנונה ביו מארז חסכון,,,דנונה ביו מארז חסכון,קילוגרמים,1.20,"ק""ג",false,,17.90,14.9167,true,1,26097
7290005839108,false,סימפוניה עם זיתים 5%,,,סימפוניה עם זיתים 5%,,200.00,יח',false,,12.90,0.0645,true,1,26098
7290005839313,false,מילקי טופ מגולגלת 14,,,מילקי טופ מגולגלת 14,,142.00,100 גרם,false,,5.00,0.0352,true,1,26099
7290005896439,false,מכבי בקבוק חוזר 500,,,מכבי בקבוק חוזר 500,,500.00,"100 מ""ל",false,,8.50,0.0170,true,1,11531
7290005896460,false,איגל בירה חזקה 7.8%,,,איגל בירה חזקה 7.8%,,500.00,"100 מ""ל",false,,6.90,0.0138,true,1,103682
7290005896620,false,סאן בנדטו מים מינרלי,,,סאן בנדטו מים מינרלי,ליטרים,1.50,ליטר,false,,5.50,3.6667,true,1,11532
7290005896637,false,סאן בנדטו 1.5 ליטר,,,סאן בנדטו 1.5 ליטר,ליטרים,1.50,ליטר,false,,4.50,3.0000,true,1,11533
7290005901362,false,קבב רומני מעדני המנג,,,קבב רומני מעדני המנג,,400.00,100 גרם,false,,15.90,0.0398,true,1,139801
7290005901454,false,סטייק מינוט טעים טעי,,,סטייק מינוט טעים טעי,,300.00,100 גרם,false,,37.90,0.1263,true,1,139810
7290005973024,false,נור גפרורים להדלקת פ,,,נור גפרורים להדלקת פ,יחידה,0.00,יחידה,false,,6.50,0.0000,true,1,43777
7290005992575,false,גד בולגרית למריחה 5%,,,גד בולגרית למריחה 5%,,250.00,100 גרם,false,,18.20,0.0728,true,1,16765
7290005992735,false,גד לאבנה 5% 250ג,,,גד לאבנה 5% 250ג,,250.00,100 גרם,false,,12.90,0.0516,true,1,16767
7290005996221,false,פסטרמה של פעם דק דק,,,פסטרמה של פעם דק דק,,120.00,100 גרם,false,,13.90,0.1158,true,1,237373
7290005996238,false,פסטרמה בדבש דק דק יח,,,פסטרמה בדבש דק דק יח,,120.00,100 גרם,false,,13.90,0.1158,true,1,237374
7290005996276,false,פסטרמה ברביקיו דק דק,,,פסטרמה ברביקיו דק דק,,120.00,100 גרם,false,,13.90,0.1158,true,1,237375
7290006065049,false,פילה באס יפני 7-9 20,,,פילה באס יפני 7-9 20,קילוגרמים,1.00,"ק""ג",true,,41.90,41.9000,true,1,335869
7290006065391,false,פילה  דג נסיכת הנילו,,,פילה  דג נסיכת הנילו,קילוגרמים,1.00,"ק""ג",true,,43.90,43.9000,true,1,335837
7290006065599,false,פילה בקלה מרלוזה ארג,,,פילה בקלה מרלוזה ארג,קילוגרמים,1.00,"ק""ג",true,,37.90,37.9000,true,1,335853
7290006229427,false,"סאן בנדטו 6*500 מ""ל",,,"סאן בנדטו 6*500 מ""ל",ליטרים,3.00,ליטר,false,,12.90,4.3000,true,1,11539
7290006251275,false,תה ירוק סיני,,,תה ירוק סיני,,37.50,100 גרם,false,,26.90,0.7173,true,1,27395
7290006251374,false,תה ירוק לימונית וג'י,,,תה ירוק לימונית וג'י,,25.00,100 גרם,false,,26.90,1.0760,true,1,27398
7290006265548,false,נבטים סינים,,,נבטים סינים,,1.00,יח',false,,7.90,7.9000,true,1,2836
7290006265890,false,נבטי חמניה יח,,,נבטי חמניה יח,,1.00,יח',false,,8.90,8.9000,true,1,2837
7290006271181,false,מעדנות גחנון אפוי 75,,,מעדנות גחנון אפוי 75,,750.00,100 גרם,false,,29.70,0.0396,true,1,40284
7290006271648,false,מיני בורקס תפו`א 800,,,מיני בורקס תפו`א 800,,800.00,100 גרם,false,,24.90,0.0311,true,1,119474
7290006271655,false,מיני בורקס גבינה 800,,,מיני בורקס גבינה 800,,800.00,100 גרם,false,,27.90,0.0349,true,1,119475
7290006272072,false,חטיפי פיצה מעדנות 65,,,חטיפי פיצה מעדנות 65,,650.00,100 גרם,false,,36.90,0.0568,true,1,119477
7290006374738,false,קונפיטורת תות יד מור,,,קונפיטורת תות יד מור,,340.00,100 גרם,false,,13.90,0.0409,true,1,25397
7290006449955,false,מלפפון בייבי,,,מלפפון בייבי,,1.00,יח',false,,9.90,9.9000,true,1,333625
7290006492432,false,גד בייבי מוצרלה 150ג,,,גד בייבי מוצרלה 150ג,,170.00,100 גרם,false,,15.90,0.0935,true,1,16768
7290006492616,false,גד בולגרית פרוסות 5%,,,גד בולגרית פרוסות 5%,,250.00,100 גרם,false,,28.50,0.1140,true,1,16770
7290006492685,false,גד לאבנה עזים 3% 250,,,גד לאבנה עזים 3% 250,,250.00,100 גרם,false,,18.90,0.0756,true,1,16773
7290006511751,false,פטריות חתוכות ויליפו,,,פטריות חתוכות ויליפו,,870.00,100 גרם,false,,13.00,0.0149,true,1,4877
7290006532398,false,סטייק צ'יפס טעים 1.8,,,סטייק צ'יפס טעים 1.8,קילוגרמים,1.80,"ק""ג",false,,24.90,13.8333,true,1,210575
7290006567048,false,קוסקוס ישראלי בשקית,,,קוסקוס ישראלי בשקית,,350.00,100 גרם,false,,8.90,0.0254,true,1,67956
7290006618078,false,אסטוניש מרסס ניקוי צ,,,אסטוניש מרסס ניקוי צ,,750.00,"100 מ""ל",false,,13.90,0.0185,true,1,13401
7290006652027,false,במבה יום הולדת מאח.1,,,במבה יום הולדת מאח.1,,300.00,יח',false,,25.90,0.0863,true,1,22626
7290006653765,false,פטוציני פרפקטו 500 ג,,,פטוציני פרפקטו 500 ג,,500.00,100 גרם,false,,7.90,0.0158,true,1,22628
7290006653819,false,קוסקוס דק בשקית אסם,,,קוסקוס דק בשקית אסם,,350.00,100 גרם,false,,8.90,0.0254,true,1,22629
7290006664037,false,גמדים ארוחת בוקר 4*1,,,גמדים ארוחת בוקר 4*1,,400.00,"100 מ""ל",false,,11.90,0.0298,true,1,26104
7290006664402,false,שטראוס גבינה 5% 750ג,,,שטראוס גבינה 5% 750ג,,750.00,יח',false,,14.25,0.0190,true,1,26110
7290006664532,false,דנונה תות 3% 150מל,,,דנונה תות 3% 150מל,,150.00,יח',false,,3.90,0.0260,true,1,26111
7290006664693,false,דנונה אפרסק 3% 150מל,,,דנונה אפרסק 3% 150מל,,150.00,100 גרם,false,,3.90,0.0260,true,1,26114
7290006681577,false,קרחון אסקימו 2+8,,,קרחון אסקימו 2+8,,700.00,יח',false,,19.50,0.0279,true,1,6095
7290006704511,false,תפוא ננסי מיקרוגל,,,תפוא ננסי מיקרוגל,,750.00,יח',false,,7.90,0.0105,true,1,2855
7290006739421,false,סלמי מעושן איטלקי  ז,,,סלמי מעושן איטלקי  ז,,300.00,100 גרם,false,,33.70,0.1123,true,1,44035
7290006741363,false,"זוגלובק בורקס תפו""א",,,"זוגלובק בורקס תפו""א",,800.00,100 גרם,false,,16.90,0.0211,true,1,69823
7290006742292,false,פסטרממיה בדבש 1% 330,,,פסטרממיה בדבש 1% 330,,330.00,100 גרם,false,,33.90,0.1027,true,1,44063
7290006764065,false,נשר מאלט בקבוק פקדון,,,נשר מאלט בקבוק פקדון,,500.00,"100 מ""ל",false,,5.90,0.0118,true,1,11541
7290006764072,false,גולדסטאר בירה בק חוז,,,גולדסטאר בירה בק חוז,,500.00,"100 מ""ל",false,,7.90,0.0158,true,1,11542
7290006764096,false,בירה איגל בקבוק 500,,,בירה איגל בקבוק 500,,500.00,"100 מ""ל",false,,8.50,0.0170,true,1,92123
7290006784865,false,ניקוי משטחי מטבח סנט,,,ניקוי משטחי מטבח סנט,ליטרים,1.00,ליטר,false,,11.90,11.9000,true,1,137397
7290006804907,false,פיתות אסלי 5 יח',,,פיתות אסלי 5 יח',,500.00,100 גרם,false,,8.90,0.0178,true,1,216057
7290006822192,false,אושן ספרי דיאט חמוצי,,,אושן ספרי דיאט חמוצי,ליטרים,1.00,ליטר,false,,13.50,13.5000,true,1,8998
7290006908391,false,קשיו קלוי 150 גר` פי,,,קשיו קלוי 150 גר` פי,,150.00,100 גרם,false,,17.90,0.1193,true,1,126974
7290006983152,false,קרוטונים מתובלים אסם,,,קרוטונים מתובלים אסם,,400.00,100 גרם,false,,20.90,0.0522,true,1,22632
7290006983176,false,לחמית שיפון אסם 250,,,לחמית שיפון אסם 250,,230.00,100 גרם,false,,9.90,0.0430,true,1,22633
7290006983763,false,עוגת הבית שוקולד 400,,,עוגת הבית שוקולד 400,,400.00,100 גרם,false,,14.90,0.0373,true,1,22637
7290006983794,false,עוגת הבית תפוז 400גר,,,עוגת הבית תפוז 400גר,,400.00,יח',false,,14.90,0.0373,true,1,22640
7290006992161,false,מטרנה דייסת קורנפלור,,,מטרנה דייסת קורנפלור,,200.00,100 גרם,false,,15.90,0.0795,true,1,22642
7290008101318,false,פירורי לחם זהוב קלאס,,,פירורי לחם זהוב קלאס,,300.00,100 גרם,false,,7.90,0.0263,true,1,442459
7290008104050,false,סבון שטיפה אינטימית,,,סבון שטיפה אינטימית,,220.00,"100 מ""ל",false,,26.90,0.1223,true,1,5743
7290008116534,false,קולמינט מי פה ליסטרי,,,קולמינט מי פה ליסטרי,,250.00,"100 מ""ל",false,,17.90,0.0716,true,1,136341
7290008116541,false,מי פה ליסטרין בטעם מ,,,מי פה ליסטרין בטעם מ,,500.00,"100 מ""ל",false,,23.90,0.0478,true,1,32870
7290008116558,false,מי פה פרש ברסט ליסטר,,,מי פה פרש ברסט ליסטר,,250.00,"100 מ""ל",false,,17.90,0.0716,true,1,32871
7290008175173,false,חמאה מפינלנד 200גר',,,חמאה מפינלנד 200גר',,200.00,יח',false,,10.90,0.0545,true,1,4878
7290008175210,false,וילי פוד פרמזן מגורד,,,וילי פוד פרמזן מגורד,,90.00,100 גרם,false,,18.20,0.2022,true,1,4879
7290008175814,false,פטריות חתוכות שמפיני,,,פטריות חתוכות שמפיני,,400.00,100 גרם,false,,5.90,0.0148,true,1,4883
7290008268301,false,אוכמניות,,,אוכמניות,,120.00,100 גרם,false,,11.90,0.0992,true,1,142834
7290008340618,false,סלמון 100 מעושן מצונ,,,סלמון 100 מעושן מצונ,,100.00,100 גרם,false,,22.90,0.2290,true,1,19973
7290008343466,false,בצק פילו 500 גרם,,,בצק פילו 500 גרם,,500.00,100 גרם,false,,21.90,0.0438,true,1,19980
7290008344272,false,המבורגר 100% 400 ג'-,,,המבורגר 100% 400 ג'-,,400.00,100 גרם,false,,23.90,0.0597,true,1,19995
7290008345583,false,300 איקרה ביתית ורוד,,,300 איקרה ביתית ורוד,,300.00,100 גרם,false,,20.90,0.0697,true,1,20003
7290008347211,false,דלידג אצבעות דג 700,,,דלידג אצבעות דג 700,,700.00,100 גרם,false,,27.90,0.0399,true,1,20005
7290008409100,false,אצבעות שניצל ציפוי ש,,,אצבעות שניצל ציפוי ש,,700.00,100 גרם,false,,38.90,0.0556,true,1,29602
7290008409216,false,מאמא עוף קפוא שניצל,,,מאמא עוף קפוא שניצל,,700.00,100 גרם,false,,43.90,0.0627,true,1,29604
7290008409407,false,מאמא עוף שניצל דק צי,,,מאמא עוף שניצל דק צי,,700.00,100 גרם,false,,43.90,0.0627,true,1,68843
7290008409582,false,שניצל אמיתי בציפוי ב,,,שניצל אמיתי בציפוי ב,,700.00,100 גרם,false,,44.50,0.0636,true,1,29618
7290008415071,false,צבר חומוס עם טחינה 1,,,צבר חומוס עם טחינה 1,,150.00,100 גרם,false,,5.90,0.0393,true,1,23425
7290008415514,false,צבר סלט חומוס עם חרי,,,צבר סלט חומוס עם חרי,,150.00,100 גרם,false,,5.90,0.0393,true,1,23426
7290008461221,false,סרדינים רוברט שמן חמ,,,סרדינים רוברט שמן חמ,,115.00,100 גרם,false,,7.90,0.0687,true,1,20010
7290008462204,false,חרדל דיזון מקורי 380,,,חרדל דיזון מקורי 380,,380.00,100 גרם,false,,19.90,0.0524,true,1,20013
7290008462259,false,חרדל דיזון חריף גרגי,,,חרדל דיזון חריף גרגי,,380.00,100 גרם,false,,19.90,0.0524,true,1,20014
7290008464130,false,גולדסטאר לא מסונן 6*,,,גולדסטאר לא מסונן 6*,ליטרים,1.98,ליטר,false,,46.90,23.6869,true,1,66828
7290008464222,false,מכבי 7.9 פחית 500 מל,,,מכבי 7.9 פחית 500 מל,,500.00,"100 מ""ל",false,,9.50,0.0190,true,1,66829
7290008464741,false,"גולדסטאר ח""פ בקבוק 6",,,"גולדסטאר ח""פ בקבוק 6",ליטרים,1.98,ליטר,false,,40.90,20.6566,true,1,11581
7290008464796,false,"הייניקן בקבוק ח""פ 6*",,,"הייניקן בקבוק ח""פ 6*",ליטרים,1.98,ליטר,false,,46.90,23.6869,true,1,66837
7290008636995,false,מיה גרעיני דלעת קלופ,,,מיה גרעיני דלעת קלופ,,100.00,100 גרם,false,,9.10,0.0910,true,1,53982
7290008644112,false,אחלה מטבוחה 125ג,,,אחלה מטבוחה 125ג,,125.00,100 גרם,false,,5.90,0.0472,true,1,26119
7290008644235,false,עלי בייבי 120 ג ירקו,,,עלי בייבי 120 ג ירקו,,120.00,100 גרם,false,,10.90,0.0908,true,1,55931
7290008644945,false,סלט המושבה 450 ג ירק,,,סלט המושבה 450 ג ירק,,450.00,100 גרם,false,,13.90,0.0309,true,1,26122
7290008693134,false,דניאלה תות מעדן גבינ,,,דניאלה תות מעדן גבינ,,150.00,100 גרם,false,,4.50,0.0300,true,1,26124
7290008745239,false,תפוציפס קראנץ טבעי 5,,,תפוציפס קראנץ טבעי 5,,50.00,יח',false,,4.50,0.0900,true,1,26631
7290008747547,false,תפוציפס קראנץ טבעי 2,,,תפוציפס קראנץ טבעי 2,,200.00,יח',false,,10.90,0.0545,true,1,26633
7290008752244,false,תפוציפס קראנץ גריל 5,,,תפוציפס קראנץ גריל 5,,50.00,יח',false,,4.50,0.0900,true,1,26639
7290008753111,false,תפוציפס מקסיקני 50גר,,,תפוציפס מקסיקני 50גר,,50.00,יח',false,,4.50,0.0900,true,1,26641
7290008754415,false,מאסט מנטה עדין 28 גר,,,מאסט מנטה עדין 28 גר,,28.00,100 גרם,false,,4.90,0.1750,true,1,25416
7290008757034,false,"סודה שוופס 250 מ""ל ב",,,"סודה שוופס 250 מ""ל ב",,250.00,"100 מ""ל",false,,4.50,0.0180,true,1,13567
7290008775816,false,ערגליות שוקולד 300 ג,,,ערגליות שוקולד 300 ג,,300.00,100 גרם,false,,11.90,0.0397,true,1,22649
7290008775823,false,ערגליות תות שדה 300,,,ערגליות תות שדה 300,,300.00,100 גרם,false,,11.90,0.0397,true,1,22650
7290008792264,false,מפיות טאצ' 100,,,מפיות טאצ' 100,יחידה,0.00,יחידה,false,,5.90,0.0000,true,1,27018
7290008801010,false,יין  P.C  קברנה סובי,,,יין  P.C  קברנה סובי,,750.00,"100 מ""ל",false,,44.90,0.0599,true,1,514
7290008801157,false,יין סלקטד מרלו 750 מ,,,יין סלקטד מרלו 750 מ,,750.00,"100 מ""ל",false,,32.90,0.0439,true,1,516
7290008801478,false,"טופז זהב 750 מ""ל",,,"טופז זהב 750 מ""ל",,750.00,"100 מ""ל",false,,21.90,0.0292,true,1,521
7290008801546,false,יין קונקורד קינג דיו,,,יין קונקורד קינג דיו,,750.00,"100 מ""ל",false,,23.90,0.0319,true,1,524
7290008801843,false,יין סלקטד קברנה סובנ,,,יין סלקטד קברנה סובנ,,750.00,"100 מ""ל",false,,32.90,0.0439,true,1,525
7290008801850,false,יין סלקטד אמרלד ריזל,,,יין סלקטד אמרלד ריזל,,750.00,"100 מ""ל",false,,32.90,0.0439,true,1,526
7290008802291,false,"יין  P.C  מרלו 750מ""",,,"יין  P.C  מרלו 750מ""",,750.00,"100 מ""ל",false,,44.90,0.0599,true,1,527
7290008802512,false,יין וינו אדום יבש,,,יין וינו אדום יבש,,750.00,"100 מ""ל",false,,23.90,0.0319,true,1,528
7290008802895,false,יין  P.C  קברנה סובי,,,יין  P.C  קברנה סובי,,750.00,"100 מ""ל",false,,44.90,0.0599,true,1,530
7290008805049,false,יין סלקטד רוזה כרמל,,,יין סלקטד רוזה כרמל,,750.00,"100 מ""ל",false,,32.90,0.0439,true,1,547
7290008805520,false,יין סלקטד קברנה סובנ,,,יין סלקטד קברנה סובנ,,750.00,"100 מ""ל",false,,32.90,0.0439,true,1,549
7290008806961,false,קרמיסימו שוקולד שבבי,,,קרמיסימו שוקולד שבבי,ליטרים,1.33,ליטר,false,,21.90,16.4662,true,1,6104
7290008806985,false,קרמיסימו נישנושים ש.,,,קרמיסימו נישנושים ש.,,630.00,100 גרם,false,,50.90,0.0808,true,1,6105
7290008909853,false,קוקה קולה זירו 500 מ,,,קוקה קולה זירו 500 מ,,500.00,"100 מ""ל",false,,7.90,0.0158,true,1,8509
7290009018004,false,פיקדון בקבוק/פחית בו,,,פיקדון בקבוק/פחית בו,יחידה,0.00,יחידה,false,,0.30,0.0000,true,1,49
7290009018011,false,פיקדון בקבוק/פחיות ש,,,פיקדון בקבוק/פחיות ש,יחידה,0.00,יחידה,false,,1.80,0.0000,true,1,864
7290009018264,false,פיקדון בקבוק/פחית רב,,,פיקדון בקבוק/פחית רב,יחידה,0.00,יחידה,false,,1.20,0.0000,true,1,635
7290009174397,false,כריך עובד מגה,,,כריך עובד מגה,יחידה,0.00,יחידה,false,,1.50,0.0000,true,1,56003
7290009377354,false,6804426 מארז8 לחמניו,,,6804426 מארז8 לחמניו,יחידה,0.00,יחידה,false,,9.90,0.0000,true,1,4440
7290009378863,false,מארז 7 חליות,,,מארז 7 חליות,,1.00,יח',false,,11.90,11.9000,true,1,4442
7290010002122,false,מימון פפריקה הונגרית,,,מימון פפריקה הונגרית,,100.00,100 גרם,false,,12.90,0.1290,true,1,180
7290010002139,false,מימון פפריקה הונגרית,,,מימון פפריקה הונגרית,,100.00,100 גרם,false,,12.90,0.1290,true,1,181
7290010002207,false,מימון קינמון טחון במ,,,מימון קינמון טחון במ,,100.00,100 גרם,false,,10.50,0.1050,true,1,185
7290010002498,false,מימון שום גבישי 120,,,מימון שום גבישי 120,,120.00,100 גרם,false,,15.90,0.1325,true,1,206
7290010003839,false,מימון קינמון טחון שק,,,מימון קינמון טחון שק,,80.00,100 גרם,false,,6.50,0.0813,true,1,227
7290010003846,false,מימון אורגנו שקית 20,,,מימון אורגנו שקית 20,,20.00,100 גרם,false,,6.50,0.3250,true,1,228
7290010023141,false,תה לימונענע 25 שק',,,תה לימונענע 25 שק',,50.00,100 גרם,false,,19.90,0.3980,true,1,27412
7290010066513,false,נתחי טונה בשמן צמחי,,,נתחי טונה בשמן צמחי,,632.00,100 גרם,false,,25.90,0.0410,true,1,29673
7290010066575,false,נתחי טונה במים פילטו,,,נתחי טונה במים פילטו,,632.00,100 גרם,false,,25.90,0.0410,true,1,29675
7290010066599,false,נתחי טונה בשמן זית פ,,,נתחי טונה בשמן זית פ,,632.00,100 גרם,false,,31.90,0.0505,true,1,93022
7290010116980,false,שוקולית 850 גרם,,,שוקולית 850 גרם,,850.00,100 גרם,false,,18.90,0.0222,true,1,25429
7290010117864,false,דוריטוס חריף אש 70 ג,,,דוריטוס חריף אש 70 ג,,70.00,יח',false,,4.30,0.0614,true,1,26651
7290010118328,false,תפוצ'יפס טבעי 6*40 ג,,,תפוצ'יפס טבעי 6*40 ג,,240.00,יח',false,,13.90,0.0579,true,1,26655
7290010124107,false,סטייק בורגר 400 גרם,,,סטייק בורגר 400 גרם,,400.00,100 גרם,false,,19.90,0.0497,true,1,141526
7290010124190,false,שניצל בקר מלינסה אל,,,שניצל בקר מלינסה אל,,250.00,100 גרם,false,,14.90,0.0596,true,1,141527
7290010129010,false,עוגיות ריבה 600גר,,,עוגיות ריבה 600גר,,600.00,100 גרם,false,,21.90,0.0365,true,1,68179
7290010129300,false,עוגיות רייף מרוקאיות,,,עוגיות רייף מרוקאיות,,350.00,100 גרם,false,,19.90,0.0569,true,1,118577
7290010129652,false,עוגיות לקפה דולצ'ה ו,,,עוגיות לקפה דולצ'ה ו,,350.00,100 גרם,false,,19.90,0.0569,true,1,141970
7290010153503,false,שעועית ענק 400 גרם,,,שעועית ענק 400 גרם,,400.00,100 גרם,false,,11.90,0.0298,true,1,17050
7290010153510,false,בורגול מיה 500 גרם,,,בורגול מיה 500 גרם,,500.00,100 גרם,false,,6.50,0.0130,true,1,17051
7290010154005,false,סחוג תימני ירוק 250,,,סחוג תימני ירוק 250,,250.00,100 גרם,false,,15.90,0.0636,true,1,20016
7290010154012,false,לימון כבוש 250 ביטון,,,לימון כבוש 250 ביטון,,250.00,100 גרם,false,,15.90,0.0636,true,1,20017
7290010154241,false,סלט חזרת ביטון 250 ג,,,סלט חזרת ביטון 250 ג,,250.00,100 גרם,false,,15.90,0.0636,true,1,20020
7290010154265,false,פלפל צ`ומה ביטון 250,,,פלפל צ`ומה ביטון 250,,250.00,100 גרם,false,,15.90,0.0636,true,1,20021
7290010154418,false,יוחאי ביטון סחוג אדו,,,יוחאי ביטון סחוג אדו,,130.00,100 גרם,false,,9.40,0.0723,true,1,20026
7290010192007,false,פטרוזיליה,,,פטרוזיליה,,1.00,מטר,false,,4.90,4.9000,true,1,2882
7290010192014,false,שמיר,,,שמיר,,1.00,מטר,false,,4.90,4.9000,true,1,2883
7290010192021,false,כוסברה,,,כוסברה,,1.00,מטר,false,,4.90,4.9000,true,1,2884
7290010192045,false,נענע יחידה,,,נענע יחידה,,1.00,מטר,false,,4.90,4.9000,true,1,2886
7290010192052,false,סלרי עלים (אמריקאי),,,סלרי עלים (אמריקאי),,1.00,יח',false,,6.90,6.9000,true,1,2887
7290010192069,false,סלרי ראש ארוז,,,סלרי ראש ארוז,,1.00,יח',false,,6.90,6.9000,true,1,2888
7290010195268,false,פופסטאר פופקורן מופח,,,פופסטאר פופקורן מופח,,425.00,100 גרם,false,,17.50,0.0412,true,1,66539
7290010237579,false,סבן אפ 500 מ'ל,,,סבן אפ 500 מ'ל,,500.00,"100 מ""ל",false,,5.90,0.0118,true,1,11593
7290010237890,false,הייניקן בירה בקבוק ח,,,הייניקן בירה בקבוק ח,,500.00,"100 מ""ל",false,,11.50,0.0230,true,1,11606
7290010259823,false,נודלס בטעם עוף מנת ה,,,נודלס בטעם עוף מנת ה,,70.00,100 גרם,false,,5.90,0.0843,true,1,4896
7290010259847,false,נודלס טעם תירס מנת ה,,,נודלס טעם תירס מנת ה,,70.00,100 גרם,false,,5.90,0.0843,true,1,116959
7290010259991,false,"צנימים בד""ץ וילי פוד",,,"צנימים בד""ץ וילי פוד",,250.00,100 גרם,false,,8.90,0.0356,true,1,116962
7290010279227,false,זיקוק 15 ס`מ 6 יח`,,,זיקוק 15 ס`מ 6 יח`,יחידה,0.00,יחידה,false,,15.90,0.0000,true,1,36406
7290010429554,false,שמן זית כתית מעולה 2,,,שמן זית כתית מעולה 2,,750.00,"100 מ""ל",false,,38.90,0.0519,true,1,25434
7290010471669,false,דנונה קראנצ' יוגורט,,,דנונה קראנצ' יוגורט,,175.00,"100 מ""ל",false,,4.90,0.0280,true,1,26125
7290010627004,false,טחינה ירושלים 500 גר,,,טחינה ירושלים 500 גר,,500.00,100 גרם,false,,17.90,0.0358,true,1,27426
7290010627844,false,טחינה ירושלים 500 מל,,,טחינה ירושלים 500 מל,,500.00,100 גרם,false,,17.90,0.0358,true,1,27428
7290010650033,false,בצלצלי שאלוט,,,בצלצלי שאלוט,,350.00,100 גרם,false,,15.00,0.0429,true,1,2895
7290010711123,false,"ננס רביעיה ""שייני"" ח",,,"ננס רביעיה ""שייני"" ח",יחידה,0.00,יחידה,false,,7.90,0.0000,true,1,15812
7290010711208,false,SHINY גליל מטליות 33,,,SHINY גליל מטליות 33,יחידה,0.00,יחידה,false,,19.00,0.0000,true,1,15815
7290010883363,false,סנו סושי זוג כפפות א,,,סנו סושי זוג כפפות א,יחידה,0.00,יחידה,false,,12.10,0.0000,true,1,33628
7290010903931,false,כוכבי תירס שף הטבע 1,,,כוכבי תירס שף הטבע 1,קילוגרמים,1.00,"ק""ג",false,,19.90,19.9000,true,1,382498
7290010931330,false,אחלה מטבוחה 500ג,,,אחלה מטבוחה 500ג,,500.00,100 גרם,false,,15.90,0.0318,true,1,26133
7290010945146,false,טרה קוטג מועשר 3% 25,,,טרה קוטג מועשר 3% 25,,250.00,100 גרם,false,,5.50,0.0220,true,1,8513
7290010945450,false,טרה גבינה לבנה מהדרי,,,טרה גבינה לבנה מהדרי,,250.00,יח',false,,4.98,0.0199,true,1,8517
7290010945481,false,טרה גבינה לבנה 5% 50,,,טרה גבינה לבנה 5% 50,,500.00,100 גרם,false,,9.96,0.0199,true,1,8518
7290011015862,false,סירופ דיאט לימונענע,,,סירופ דיאט לימונענע,,750.00,"100 מ""ל",false,,23.90,0.0319,true,1,9048
7290011017866,false,קוקה קולה פחית סליק,,,קוקה קולה פחית סליק,,330.00,100 גרם,false,,5.70,0.0173,true,1,9078
7290011017873,false,ZERO קולה פחית סליק,,,ZERO קולה פחית סליק,,330.00,100 גרם,false,,5.50,0.0167,true,1,9079
7290011108755,false,חסה אייסברג קצוצה בד,,,חסה אייסברג קצוצה בד,,350.00,100 גרם,false,,10.90,0.0311,true,1,295584
7290011110000,false,חסה רומית שלמה,,,חסה רומית שלמה,,430.00,יח',false,,9.90,0.0230,true,1,61974
7290011110031,false,לבבות חסה,,,לבבות חסה,,1.00,מטר,false,,10.90,10.9000,true,1,128006
7290011110093,false,מנגולד,,,מנגולד,,250.00,גרם,false,,7.90,0.0316,true,1,128008
7290011110130,false,רוקולה,,,רוקולה,,1.00,יח',false,,9.90,9.9000,true,1,174206
7290011110154,false,קורנית (טימין),,,קורנית (טימין),,1.00,מטר,false,,6.90,6.9000,true,1,158019
7290011110215,false,מלפפון בייבי,,,מלפפון בייבי,,350.00,100 גרם,false,,9.90,0.0283,true,1,366276
7290011110239,false,פאקצוי הידרופוני,,,פאקצוי הידרופוני,,200.00,גרם,false,,13.90,0.0695,true,1,221411
7290011110512,false,חסה לאליק   -יגור,,,חסה לאליק   -יגור,,1.00,יח',false,,12.90,12.9000,true,1,333083
7290011115203,false,סבון מוצק ורוד נקה 7,,,סבון מוצק ורוד נקה 7,,400.00,100 גרם,false,,15.00,0.0375,true,1,33699
7290011115258,false,סבון מוצק ירוק נקה 7,,,סבון מוצק ירוק נקה 7,,400.00,100 גרם,false,,15.00,0.0375,true,1,33701
7290011126209,false,תה הגן הקסום תפוח וק,,,תה הגן הקסום תפוח וק,,55.00,100 גרם,false,,19.90,0.3618,true,1,27429
7290011126452,false,תה קמומיל ונענע 1.5ג,,,תה קמומיל ונענע 1.5ג,,37.50,100 גרם,false,,19.90,0.5307,true,1,27437
7290011126469,false,תה קמומיל ודבש 1.5גר,,,תה קמומיל ודבש 1.5גר,,37.50,100 גרם,false,,19.90,0.5307,true,1,27438
7290011131395,false,מיזלי קראנצ' 30% פיר,,,מיזלי קראנצ' 30% פיר,קילוגרמים,1.00,"ק""ג",false,,27.90,27.9000,true,1,67332
7290011132507,false,סאן בנדטו מוגז עדין,,,סאן בנדטו מוגז עדין,,500.00,"100 מ""ל",false,,6.50,0.0130,true,1,11614
7290011133634,false,שישיית פחיות פפסי מק,,,שישיית פחיות פפסי מק,ליטרים,1.98,ליטר,false,,18.70,9.4444,true,1,208005
7290011148911,false,פלפלים מתוקים טינקרב,,,פלפלים מתוקים טינקרב,,300.00,100 גרם,false,,9.90,0.0330,true,1,2945
7290011194215,false,"דניאלה בננה 150 מ""ל",,,"דניאלה בננה 150 מ""ל",,150.00,"100 מ""ל",false,,4.50,0.0300,true,1,26134
7290011194246,false,קוטג שטראוס 5% עם סי,,,קוטג שטראוס 5% עם סי,,250.00,100 גרם,false,,6.00,0.0240,true,1,26135
7290011223038,false,בונומי עלים לקרמשניט,,,בונומי עלים לקרמשניט,,300.00,100 גרם,false,,16.90,0.0563,true,1,7809
7290011239213,false,עמוס חטיפים מתוקים מ,,,עמוס חטיפים מתוקים מ,,100.00,יח',false,,5.90,0.0590,true,1,64647
7290011239237,false,חטיפי אגוזים ישראלי,,,חטיפי אגוזים ישראלי,,250.00,יח',false,,19.90,0.0796,true,1,331744
7290011239404,false,עמוס חטיפים שונים אר,,,עמוס חטיפים שונים אר,,300.00,יח',false,,15.90,0.0530,true,1,49756
7290011254018,false,שעועית מש 500 גרם,,,שעועית מש 500 גרם,,500.00,100 גרם,false,,10.90,0.0218,true,1,17083
7290011254773,false,שעועית ארגנטינאית 50,,,שעועית ארגנטינאית 50,,500.00,100 גרם,false,,12.40,0.0248,true,1,17132
7290011378769,false,בארכה בקטנה מאגדת ונ,,,בארכה בקטנה מאגדת ונ,,120.00,100 גרם,false,,14.50,0.1208,true,1,22664
7290011378776,false,בארכה בקטנה מאגדת פי,,,בארכה בקטנה מאגדת פי,,120.00,100 גרם,false,,14.50,0.1208,true,1,22665
7290011379018,false,פטריות צמד חמד,,,פטריות צמד חמד,,500.00,100 גרם,false,,16.90,0.0338,true,1,2949
7290011438142,false,יטבתה אייס קפה בבקבו,,,יטבתה אייס קפה בבקבו,,350.00,"100 מ""ל",false,,6.90,0.0197,true,1,26141
7290011474447,false,שיבולת שועל עבה טבעי,,,שיבולת שועל עבה טבעי,,400.00,100 גרם,false,,6.90,0.0173,true,1,392890
7290011499105,false,גד בולגרית 5% 250ג,,,גד בולגרית 5% 250ג,,250.00,100 גרם,false,,23.30,0.0932,true,1,16777
7290011499303,false,פטה עיזים מעודנת 5%,,,פטה עיזים מעודנת 5%,,250.00,100 גרם,false,,31.90,0.1276,true,1,16783
7290011499358,false,גד פטה עיזים 20% 200,,,גד פטה עיזים 20% 200,,200.00,100 גרם,false,,28.90,0.1445,true,1,113633
7290011499624,false,גד ניו יורק גבינת שמ,,,גד ניו יורק גבינת שמ,,200.00,100 גרם,false,,13.50,0.0675,true,1,16795
7290011515683,false,אקסטרים וניל מאגדת 6,,,אקסטרים וניל מאגדת 6,,432.00,100 גרם,false,,39.90,0.0924,true,1,18320
7290011530747,false,שייק איט יום רביעי 4,,,שייק איט יום רביעי 4,,450.00,100 גרם,false,,33.90,0.0753,true,1,234634
7290011593087,false,סבא חביב שמן זית כתי,,,סבא חביב שמן זית כתי,,750.00,"100 מ""ל",false,,33.90,0.0452,true,1,52953
7290011598211,false,מנקה כללי אנטיקאלק 7,,,מנקה כללי אנטיקאלק 7,,700.00,"100 מ""ל",false,,19.90,0.0284,true,1,33733
7290011598402,false,מרכך כביסה סנו מקסימ,,,מרכך כביסה סנו מקסימ,ליטרים,4.00,ליטר,false,,23.90,5.9750,true,1,33737
7290011607180,false,"קולון 101 1.25 ק""ג",,,"קולון 101 1.25 ק""ג",קילוגרמים,1.25,"ק""ג",false,,16.90,13.5200,true,1,24174
7290011607197,false,"קולון 101 5 ק""ג",,,"קולון 101 5 ק""ג",קילוגרמים,5.00,"ק""ג",false,,44.90,8.9800,true,1,24175
7290011615260,false,"עלי טורטיה בד""ץ וילי",,,"עלי טורטיה בד""ץ וילי",,540.00,100 גרם,false,,8.90,0.0165,true,1,116966
7290011615277,false,"עלי טורטיה בד""ץ וילי",,,"עלי טורטיה בד""ץ וילי",,840.00,100 גרם,false,,16.90,0.0201,true,1,116967
7290011622763,false,ביסקוויטמינים פלוס ו,,,ביסקוויטמינים פלוס ו,,150.00,100 גרם,false,,17.50,0.1167,true,1,248946
7290011765217,false,ס. מדיק היגניק ג'ל ל,,,ס. מדיק היגניק ג'ל ל,,100.00,"100 מ""ל",false,,10.90,0.1090,true,1,33745
7290011765613,false,סנו מתז מסיר עובש בנ,,,סנו מתז מסיר עובש בנ,ליטרים,13.00,ליטר,false,,19.90,1.5308,true,1,143123
7290011800642,false,צבר מטבוחה מרוקאית 4,,,צבר מטבוחה מרוקאית 4,,400.00,100 גרם,false,,17.90,0.0447,true,1,23440
7290011800840,false,צבר רפי כהן טחינה בל,,,צבר רפי כהן טחינה בל,,400.00,100 גרם,false,,17.90,0.0447,true,1,23443
7290011860271,false,תפוגן ביס בול טבעי 7,,,תפוגן ביס בול טבעי 7,,700.00,100 גרם,false,,17.90,0.0256,true,1,23445
7290011877095,false,סנו סושי צמד רדידי א,,,סנו סושי צמד רדידי א,,15.00,מטר,false,,22.90,1.5267,true,1,33761
7290011877156,false,סנו פרש ענק מאסק 375,,,סנו פרש ענק מאסק 375,,375.00,"100 מ""ל",false,,11.90,0.0317,true,1,33763
7290011877859,false,סנו אינסטלטור פותח ס,,,סנו אינסטלטור פותח ס,,200.00,"100 מ""ל",false,,16.90,0.0845,true,1,33771
7290011947316,false,זיתי קלמטה זיתא 215,,,זיתי קלמטה זיתא 215,,215.00,100 גרם,false,,14.90,0.0693,true,1,27454
7290011947743,false,מיקס זית ירוק וזית ק,,,מיקס זית ירוק וזית ק,,215.00,100 גרם,false,,14.90,0.0693,true,1,198275
7290011947798,false,זית קלמטה ללא גלעין,,,זית קלמטה ללא גלעין,,190.00,100 גרם,false,,15.90,0.0837,true,1,284881
7290011964344,false,שום גבישי 120 גר' במ,,,שום גבישי 120 גר' במ,,120.00,100 גרם,false,,10.90,0.0908,true,1,50949
7290012019258,false,"רסק תפו""ע מחית תפוחי",,,"רסק תפו""ע מחית תפוחי",,452.00,100 גרם,false,,11.90,0.0263,true,1,27747
7290012019265,false,"מחית תפו""ע ללא סוכר",,,"מחית תפו""ע ללא סוכר",,452.00,100 גרם,false,,11.90,0.0263,true,1,27748
7290012086113,false,עגבניות שרי,,,עגבניות שרי,,500.00,100 גרם,false,,9.90,0.0198,true,1,2954
7290012116360,false,סנו פוליוקס גרניט פו,,,סנו פוליוקס גרניט פו,ליטרים,2.00,ליטר,false,,26.00,13.0000,true,1,33785
7290012117091,false,אבקת כביסה סנו מקסימ,,,אבקת כביסה סנו מקסימ,קילוגרמים,6.00,"ק""ג",false,,51.90,8.6500,true,1,33805
7290012117275,false,סנוקליר שקית מילוי 7,,,סנוקליר שקית מילוי 7,,750.00,"100 מ""ל",false,,7.90,0.0105,true,1,33806
7290012117350,false,ריצפז פרש לילך לבנדר,,,ריצפז פרש לילך לבנדר,ליטרים,2.00,ליטר,false,,19.90,9.9500,true,1,33807
7290012117558,false,סנו מקסימה מרכך קומפ,,,סנו מקסימה מרכך קומפ,יחידה,0.00,יחידה,false,,18.90,0.0000,true,1,33818
7290012117732,false,מרכך כביסה סנו מקסימ,,,מרכך כביסה סנו מקסימ,ליטרים,4.00,ליטר,false,,23.90,5.9750,true,1,33823
7290012117916,false,סנו אינסטלאטור פותח,,,סנו אינסטלאטור פותח,יחידה,0.00,יחידה,false,,30.90,0.0000,true,1,33829
7290012191084,false,המנגליסט גפרורים עשי,,,המנגליסט גפרורים עשי,יחידה,0.00,יחידה,false,,3.50,0.0000,true,1,9756
7290012191091,false,מדליק פחמים המנגליסט,,,מדליק פחמים המנגליסט,יחידה,0.00,יחידה,false,,5.50,0.0000,true,1,228247
7290012212154,false,מלפפון במלח קטן בצנצ,,,מלפפון במלח קטן בצנצ,,560.00,100 גרם,false,,14.60,0.0261,true,1,442852
7290012226939,false,זוגלובק קבנוס בטעם צ,,,זוגלובק קבנוס בטעם צ,,135.00,100 גרם,false,,12.90,0.0956,true,1,44080
7290012227912,false,קבנוס מעודן  זוגלובק,,,קבנוס מעודן  זוגלובק,,135.00,100 גרם,false,,12.90,0.0956,true,1,44124
7290012227974,false,זוגלובק פסטרמה בדבש,,,זוגלובק פסטרמה בדבש,,120.00,100 גרם,false,,14.90,0.1242,true,1,107534
7290012227998,false,זוגלובק  חזה בקר  12,,,זוגלובק  חזה בקר  12,,120.00,100 גרם,false,,14.90,0.1242,true,1,107542
7290012228278,false,נקנקיות בוקוורסט הוד,,,נקנקיות בוקוורסט הוד,,300.00,100 גרם,false,,21.90,0.0730,true,1,63055
7290012313141,false,פרוסות מלפפון במלח י,,,פרוסות מלפפון במלח י,,540.00,100 גרם,false,,7.30,0.0135,true,1,53842
7290012367717,false,קרם ידיים אפקטיב קר,,,קרם ידיים אפקטיב קר,,150.00,"100 מ""ל",false,,16.90,0.1127,true,1,32635
7290012372209,false,קמח חיטה לבן מנופה ר,,,קמח חיטה לבן מנופה ר,קילוגרמים,1.00,"ק""ג",false,,8.90,8.9000,true,1,423447
7290012372247,false,קמח כוסמין לבן רובינ,,,קמח כוסמין לבן רובינ,קילוגרמים,1.00,"ק""ג",false,,17.90,17.9000,true,1,423490
7290012413636,false,תה ירוק צ'אי T.Tשמינ,,,תה ירוק צ'אי T.Tשמינ,,37.50,100 גרם,false,,26.90,0.7173,true,1,27465
7290012576607,false,ברקן יין פרמייר אדום,,,ברקן יין פרמייר אדום,,750.00,"100 מ""ל",false,,26.90,0.0359,true,1,11647
7290012645075,false,יוגורט כבשים בסגנון,,,יוגורט כבשים בסגנון,,350.00,100 גרם,false,,13.90,0.0397,true,1,306757
7290012645112,false,יוגורט עיזים בדלי 75,,,יוגורט עיזים בדלי 75,,750.00,"100 מ""ל",false,,21.90,0.0292,true,1,26156
7290012645129,false,יוגורט כבשים בדלי 75,,,יוגורט כבשים בדלי 75,,750.00,"100 מ""ל",false,,21.90,0.0292,true,1,26157
7290012645280,false,יוגורט כבשים בסגנון,,,יוגורט כבשים בסגנון,,150.00,"100 מ""ל",false,,6.40,0.0427,true,1,26161
7290012803055,false,מרמולייט סוכרלוז 100,,,מרמולייט סוכרלוז 100,,100.00,100 גרם,false,,27.90,0.2790,true,1,7878
7290012803765,false,טוסו שוקלד מריר 100ג,,,טוסו שוקלד מריר 100ג,,100.00,100 גרם,false,,12.60,0.1260,true,1,7902
7290012803796,false,טוסו שוקלד חלב ואגוז,,,טוסו שוקלד חלב ואגוז,,100.00,100 גרם,false,,12.60,0.1260,true,1,7905
7290012823237,false,קרמה תחליב רחצה בריז,,,קרמה תחליב רחצה בריז,,700.00,"100 מ""ל",false,,17.90,0.0256,true,1,252488
7290012823558,false,סנו סושי מטליות ענק,,,סנו סושי מטליות ענק,יחידה,0.00,יחידה,false,,13.90,0.0000,true,1,33869
7290012823602,false,נייר טואלט סופט סילק,,,נייר טואלט סופט סילק,,588.00,מטר,false,,34.90,0.0594,true,1,33872
7290012823947,false,סנו מקסימה מרכך פרפי,,,סנו מקסימה מרכך פרפי,,750.00,"100 מ""ל",false,,19.90,0.0265,true,1,33889
7290012884986,false,תפוגן ציפס לתנור עד,,,תפוגן ציפס לתנור עד,קילוגרמים,1.50,"ק""ג",false,,30.90,20.6000,true,1,23462
7290012901973,false,שעועית אדומה 400 גרם,,,שעועית אדומה 400 גרם,,400.00,100 גרם,false,,10.90,0.0273,true,1,328318
7290012921056,false,מלכה בוטיק בירה חיטה,,,מלכה בוטיק בירה חיטה,,330.00,"100 מ""ל",false,,14.90,0.0452,true,1,117381
7290012938580,false,משחת שיניים הלבנה עד,,,משחת שיניים הלבנה עד,,75.00,"100 מ""ל",false,,22.70,0.3027,true,1,5783
7290012962912,false,כפפות ניטריל סייף טא,,,כפפות ניטריל סייף טא,יחידה,0.00,יחידה,false,,29.90,0.0000,true,1,427777
7290013027399,false,לחם 100 בתוספת שיפון,,,לחם 100 בתוספת שיפון,,750.00,100 גרם,false,,15.90,0.0212,true,1,69407
7290013038432,false,אקווה נובה 2 ליטר,,,אקווה נובה 2 ליטר,ליטרים,2.00,ליטר,false,,4.90,2.4500,true,1,11653
7290013083661,false,מטרנה אקסטרה קר חסכו,,,מטרנה אקסטרה קר חסכו,,700.00,100 גרם,false,,61.90,0.0884,true,1,22682
7290013117212,false,בורקס פילו גבינה מעד,,,בורקס פילו גבינה מעד,,600.00,100 גרם,false,,23.90,0.0398,true,1,69479
7290013117427,false,מעדנות בצק פריך מרוד,,,מעדנות בצק פריך מרוד,,900.00,100 גרם,false,,27.40,0.0304,true,1,40308
7290013144393,false,תמצית בטעם וניל 50גר,,,תמצית בטעם וניל 50גר,,50.00,100 גרם,false,,5.50,0.1100,true,1,17569
7290013144409,false,תמצית בטעם רום 50גר,,,תמצית בטעם רום 50גר,,50.00,"100 מ""ל",false,,5.50,0.1100,true,1,17570
7290013144614,false,סירופ מייפל אמיתי 10,,,סירופ מייפל אמיתי 10,,236.00,"100 מ""ל",false,,44.90,0.1903,true,1,17579
7290013144751,false,מימונס סירופ בטעם מי,,,מימונס סירופ בטעם מי,,500.00,"100 מ""ל",false,,14.90,0.0298,true,1,17580
7290013145017,false,מימונס אגוז מלך קלוף,,,מימונס אגוז מלך קלוף,,100.00,100 גרם,false,,12.90,0.1290,true,1,17586
7290013145116,false,מימונס שקד מולבן מקל,,,מימונס שקד מולבן מקל,,100.00,100 גרם,false,,13.90,0.1390,true,1,17594
7290013145123,false,מימונס שקד מולבן פרו,,,מימונס שקד מולבן פרו,,100.00,100 גרם,false,,13.90,0.1390,true,1,17595
7290013145130,false,מימונס שקד מולבן חצו,,,מימונס שקד מולבן חצו,,100.00,100 גרם,false,,13.90,0.1390,true,1,17596
7290013145390,false,מימונס שוקולד ציפס מ,,,מימונס שוקולד ציפס מ,,250.00,100 גרם,false,,9.90,0.0396,true,1,17604
7290013145444,false,מימונס שוקולד ציפס 6,,,מימונס שוקולד ציפס 6,,250.00,100 גרם,false,,17.90,0.0716,true,1,17608
7290013145840,false,מימונס סוכר וניל 10*,,,מימונס סוכר וניל 10*,,100.00,100 גרם,false,,3.50,0.0350,true,1,17631
7290013145857,false,אבקת אפיה 10* 10 גרם,,,אבקת אפיה 10* 10 גרם,,100.00,100 גרם,false,,3.50,0.0350,true,1,17632
7290013145901,false,סודה לשתיה 100 גרם,,,סודה לשתיה 100 גרם,,100.00,100 גרם,false,,2.90,0.0290,true,1,17635
7290013145918,false,אבקת סוכר 100 גרם,,,אבקת סוכר 100 גרם,,100.00,100 גרם,false,,2.90,0.0290,true,1,17636
7290013145956,false,מימונס שמרים יבשים ב,,,מימונס שמרים יבשים ב,,500.00,100 גרם,false,,14.90,0.0298,true,1,17639
7290013145963,false,מימונס שמרים יבשים ב,,,מימונס שמרים יבשים ב,,125.00,100 גרם,false,,7.90,0.0632,true,1,17640
7290013146007,false,מלית פרג 400 גרם,,,מלית פרג 400 גרם,,400.00,100 גרם,false,,16.90,0.0422,true,1,17643
7290013146304,false,מימונס קורנפלור 500,,,מימונס קורנפלור 500,,500.00,100 גרם,false,,7.90,0.0158,true,1,95285
7290013146670,false,סוכריות לב צבעוניות,,,סוכריות לב צבעוניות,יחידה,0.00,יחידה,false,,12.90,0.0000,true,1,228902
7290013146762,false,קצפת לזילוף 24% שומן,,,קצפת לזילוף 24% שומן,,500.00,100 גרם,false,,8.90,0.0178,true,1,357341
7290013153432,false,פריגת סחוט לימונענע,,,פריגת סחוט לימונענע,,400.00,"100 מ""ל",false,,10.90,0.0273,true,1,8548
7290013153593,false,פריגת סחוט תפוזים מת,,,פריגת סחוט תפוזים מת,ליטרים,1.00,ליטר,false,,13.00,13.0000,true,1,80968
7290013203182,false,שרי מנומר -ליקופן,,,שרי מנומר -ליקופן,,200.00,100 גרם,false,,10.90,0.0545,true,1,2972
7290013220134,false,פירות יער 500 גרם בק,,,פירות יער 500 גרם בק,,500.00,100 גרם,false,,24.90,0.0498,true,1,51889
7290013268020,false,סנו מקסימה אולטרא פר,,,סנו מקסימה אולטרא פר,יחידה,0.00,יחידה,false,,18.90,0.0000,true,1,33891
7290013268242,false,ריצפז פרש הום בניחוח,,,ריצפז פרש הום בניחוח,ליטרים,2.00,ליטר,false,,24.90,12.4500,true,1,198352
7290013268839,false,סנו פוליויקס פרקט בנ,,,סנו פוליויקס פרקט בנ,ליטרים,2.00,ליטר,false,,24.90,12.4500,true,1,126724
7290013268884,false,ריצפז פרש מאסק 2 ליט,,,ריצפז פרש מאסק 2 ליט,ליטרים,2.00,ליטר,false,,19.90,9.9500,true,1,33927
7290013268891,false,סנו אוקסיג'ן 3 ליטר,,,סנו אוקסיג'ן 3 ליטר,ליטרים,3.00,ליטר,false,,32.90,10.9667,true,1,33928
7290013268938,false,סנובון שלישיה מאסק 3,,,סנובון שלישיה מאסק 3,,195.00,100 גרם,false,,12.90,0.0662,true,1,33931
7290013268990,false,סנו מקסימה מרכך מרוכ,,,סנו מקסימה מרכך מרוכ,יחידה,0.00,יחידה,false,,18.90,0.0000,true,1,33932
7290013269003,false,סנו מקסימה קר בייבי,,,סנו מקסימה קר בייבי,ליטרים,1.00,ליטר,false,,20.90,20.9000,true,1,33933
7290013269263,false,מקסימה גל כביסה קריס,,,מקסימה גל כביסה קריס,ליטרים,3.00,ליטר,false,,35.90,11.9667,true,1,33942
7290013269287,false,מקסימה מאסק גל כביסה,,,מקסימה מאסק גל כביסה,ליטרים,3.00,ליטר,false,,35.90,11.9667,true,1,33943
7290013269621,false,ריצפז פרש הום בניחוח,,,ריצפז פרש הום בניחוח,ליטרים,2.00,ליטר,false,,24.90,12.4500,true,1,134101
7290013269645,false,ריצפז פרש מטליות לחו,,,ריצפז פרש מטליות לחו,יחידה,0.00,יחידה,false,,12.90,0.0000,true,1,33951
7290013269751,false,ריצפז מטליות לחות לנ,,,ריצפז מטליות לחות לנ,יחידה,0.00,יחידה,false,,12.90,0.0000,true,1,136443
7290013269850,false,סנו סושי נייר אפיה א,,,סנו סושי נייר אפיה א,יחידה,0.00,יחידה,false,,17.90,0.0000,true,1,33960
7290013358356,false,מאסטר שף פירורי לחם,,,מאסטר שף פירורי לחם,,350.00,100 גרם,false,,9.90,0.0283,true,1,24810
7290013358363,false,מאסטר שף  פירורי לחם,,,מאסטר שף  פירורי לחם,,300.00,100 גרם,false,,10.90,0.0363,true,1,24811
7290013358370,false,מאסטר שף פירורי לחם,,,מאסטר שף פירורי לחם,,300.00,100 גרם,false,,10.90,0.0363,true,1,68372
7290013358493,false,מאסטר שף אסייאתי קרם,,,מאסטר שף אסייאתי קרם,,400.00,"100 מ""ל",false,,9.90,0.0248,true,1,24821
7290013358578,false,אטריות אורז רחבות 5,,,אטריות אורז רחבות 5,,400.00,100 גרם,false,,12.90,0.0323,true,1,64510
7290013358806,false,מאגדת פריכיות עם מלח,,,מאגדת פריכיות עם מלח,,264.00,100 גרם,false,,13.50,0.0511,true,1,24832
7290013366634,false,חסה סלנובה,,,חסה סלנובה,,1.00,יח',false,,11.90,11.9000,true,1,2977
7290013412966,false,תולי מגבונים לחים 4*,,,תולי מגבונים לחים 4*,יחידה,0.00,יחידה,false,,11.90,0.0000,true,1,32940
7290013424914,false,אפרסק פלחים קפוא 500,,,אפרסק פלחים קפוא 500,,500.00,100 גרם,false,,14.90,0.0298,true,1,306428
7290013430083,false,אלכסנדר בלונד בירה 3,,,אלכסנדר בלונד בירה 3,,330.00,"100 מ""ל",false,,13.20,0.0400,true,1,117905
7290013440648,false,אבטיח קרחונים מאגדת,,,אבטיח קרחונים מאגדת,,540.00,100 גרם,false,,27.90,0.0517,true,1,18342
7290013472199,false,וילי פוד ערמונים 100,,,וילי פוד ערמונים 100,,100.00,100 גרם,false,,6.90,0.0690,true,1,74803
7290013531117,false,רוטב לפסטה לילדים יכ,,,רוטב לפסטה לילדים יכ,,260.00,100 גרם,false,,6.50,0.0250,true,1,10754
7290013531346,false,סירופ דיאט לימונענע,,,סירופ דיאט לימונענע,ליטרים,1.00,ליטר,false,,17.90,17.9000,true,1,10756
7290013531759,false,שעועית אפויה במים יכ,,,שעועית אפויה במים יכ,,550.00,100 גרם,false,,10.90,0.0198,true,1,10772
7290013585233,false,פחית סליק 330 מל ZER,,,פחית סליק 330 מל ZER,,330.00,"100 מ""ל",false,,5.50,0.0167,true,1,9133
7290013585387,false,קולה זירו 1 ליטר,,,קולה זירו 1 ליטר,ליטרים,1.00,ליטר,false,,7.90,7.9000,true,1,9144
7290013585394,false,קוקה קולה 1 ליטר,,,קוקה קולה 1 ליטר,ליטרים,1.00,ליטר,false,,7.90,7.9000,true,1,9145
7290013608260,false,פרימור מיץ רימונים ס,,,פרימור מיץ רימונים ס,יחידה,0.00,יחידה,false,,27.70,0.0000,true,1,26169
7290013615954,false,מדליוני תרד קפוא-1 ק,,,מדליוני תרד קפוא-1 ק,קילוגרמים,1.00,"ק""ג",false,,18.90,18.9000,true,1,269985
7290013675545,false,שניצל כלי תחבורה 700,,,שניצל כלי תחבורה 700,,700.00,100 גרם,false,,38.90,0.0556,true,1,121435
7290013675828,false,חגיגה אסייתית להקפצה,,,חגיגה אסייתית להקפצה,,450.00,100 גרם,false,,28.90,0.0642,true,1,213490
7290013677174,false,אורז מלא סלקטד 500גר,,,אורז מלא סלקטד 500גר,,500.00,100 גרם,false,,11.10,0.0222,true,1,17191
7290013702883,false,משקה פינק למונייד שו,,,משקה פינק למונייד שו,,500.00,100 גרם,false,,6.50,0.0130,true,1,13681
7290013848758,false,סנו מקסימה ג'ל כביסה,,,סנו מקסימה ג'ל כביסה,ליטרים,3.00,ליטר,false,,38.90,12.9667,true,1,33986
7290013906212,false,טירת צבי נקניקיות וי,,,טירת צבי נקניקיות וי,קילוגרמים,1.00,"ק""ג",false,,28.90,28.9000,true,1,28054
7290013906687,false,טירת צבי צמד כפרית ב,,,טירת צבי צמד כפרית ב,,600.00,100 גרם,false,,28.90,0.0482,true,1,28073
7290013906694,false,"נקניקיות עוף 1.5 ק""ג",,,"נקניקיות עוף 1.5 ק""ג",,1.50,"100 ק""ג",false,,37.90,25.2667,true,1,404344
7290014002197,false,תה חליטת קמומיל ולימ,,,תה חליטת קמומיל ולימ,,37.50,100 גרם,false,,19.90,0.5307,true,1,27476
7290014002203,false,תה חליטת לימונית ולו,,,תה חליטת לימונית ולו,,37.50,100 גרם,false,,19.90,0.5307,true,1,27477
7290014002982,false,תה ירוק לימונית סטיב,,,תה ירוק לימונית סטיב,,37.50,100 גרם,false,,26.90,0.7173,true,1,27493
7290014046016,false,יחיעם פסטרמה הודו 10,,,יחיעם פסטרמה הודו 10,,250.00,100 גרם,false,,28.90,0.1156,true,1,17786
7290014046474,false,יחיעם נקניקיות עוף 1,,,יחיעם נקניקיות עוף 1,קילוגרמים,1.50,"ק""ג",false,,30.90,20.6000,true,1,17792
7290014046757,false,סלמי תה `שרולה` 300,,,סלמי תה `שרולה` 300,,300.00,100 גרם,false,,24.90,0.0830,true,1,17804
7290014079014,false,לבבות קיסר,,,לבבות קיסר,,300.00,יח',false,,10.90,0.0363,true,1,60480
7290014079076,false,נבטי אלפלפא,,,נבטי אלפלפא,,1.00,יח',false,,7.90,7.9000,true,1,2999
7290014079328,false,לוף רגיל ארוז ליח (מ,,,לוף רגיל ארוז ליח (מ,,1.00,יח',false,,9.90,9.9000,true,1,111782
7290014079847,false,פטריות בייבי בלה מאר,,,פטריות בייבי בלה מאר,,1.00,יח',false,,15.90,15.9000,true,1,3002
7290014079854,false,זוג לבבות חסה ארץ הג,,,זוג לבבות חסה ארץ הג,,1.00,מטר,false,,10.90,10.9000,true,1,3003
7290014094260,false,שום קלוף 200 גרם,,,שום קלוף 200 גרם,,200.00,100 גרם,false,,10.90,0.0545,true,1,113689
7290014094352,false,ששון הקולה אגוז מלך,,,ששון הקולה אגוז מלך,,200.00,100 גרם,false,,16.90,0.0845,true,1,6640
7290014094628,false,פקאן טבעי 200גר ששון,,,פקאן טבעי 200גר ששון,,200.00,100 גרם,false,,26.90,0.1345,true,1,6662
7290014094642,false,קשיו טבעי 250 גר' שש,,,קשיו טבעי 250 גר' שש,,250.00,100 גרם,false,,26.90,0.1076,true,1,6664
7290014094895,false,אגוז מלך 150גר ששון,,,אגוז מלך 150גר ששון,,150.00,100 גרם,false,,11.90,0.0793,true,1,6675
7290014095861,false,שיבולת שועל דקה קווא,,,שיבולת שועל דקה קווא,,500.00,100 גרם,false,,6.90,0.0138,true,1,6680
7290014095960,false,שיבולת שועל עבה קווא,,,שיבולת שועל עבה קווא,,500.00,100 גרם,false,,6.90,0.0138,true,1,6683
7290014218932,false,חטיפי פיצה בתוספת זי,,,חטיפי פיצה בתוספת זי,,710.00,100 גרם,false,,36.90,0.0520,true,1,141185
7290014256620,false,יין באזז קריניאנו 75,,,יין באזז קריניאנו 75,,750.00,"100 מ""ל",false,,31.90,0.0425,true,1,569
7290014325531,false,חמאת בוטנים 500 גרם,,,חמאת בוטנים 500 גרם,,500.00,100 גרם,false,,13.90,0.0278,true,1,17256
7290014397514,false,סנו פרש הום כותנה מל,,,סנו פרש הום כותנה מל,,350.00,"100 מ""ל",false,,12.90,0.0369,true,1,34019
7290014397781,false,ריצפז פרש הום סבון מ,,,ריצפז פרש הום סבון מ,ליטרים,2.00,ליטר,false,,24.90,12.4500,true,1,34040
7290014435704,false,סלמון מעושן סלטי שמי,,,סלמון מעושן סלטי שמי,,100.00,100 גרם,false,,28.90,0.2890,true,1,21196
7290014435810,false,הרינג כבוש עם בצל במ,,,הרינג כבוש עם בצל במ,,180.00,100 גרם,false,,21.90,0.1217,true,1,21199
7290014435827,false,פילה מקרל מעושן בשמן,,,פילה מקרל מעושן בשמן,,180.00,100 גרם,false,,29.90,0.1661,true,1,21200
7290014455252,false,גד גרנה פדנו מגורד כ,,,גד גרנה פדנו מגורד כ,,100.00,100 גרם,false,,12.50,0.1250,true,1,16813
7290014455320,false,גד כדור מוצרלה פרסקה,,,גד כדור מוצרלה פרסקה,,100.00,100 גרם,false,,10.50,0.1050,true,1,16816
7290014459472,false,תפוגן צ`יפס קלאסי 2,,,תפוגן צ`יפס קלאסי 2,קילוגרמים,2.00,"ק""ג",false,,30.90,15.4500,true,1,60146
7290014459632,false,"טוגן 1.5 ק""ג",,,"טוגן 1.5 ק""ג",קילוגרמים,1.50,"ק""ג",false,,19.90,13.2667,true,1,136652
7290014471443,false,גרנולה צימוקים אגוזי,,,גרנולה צימוקים אגוזי,קילוגרמים,1.00,"ק""ג",false,,19.90,19.9000,true,1,117124
7290014472228,false,תאנים בקופסא 330גר,,,תאנים בקופסא 330גר,,330.00,100 גרם,false,,22.90,0.0694,true,1,6698
7290014472235,false,פקאן סיני מסוכר בקופ,,,פקאן סיני מסוכר בקופ,,200.00,100 גרם,false,,26.90,0.1345,true,1,6699
7290014525306,false,חטיף מרבה קריספי אוכ,,,חטיף מרבה קריספי אוכ,,125.00,100 גרם,false,,12.90,0.1032,true,1,68397
7290014525313,false,חטיף מרבה קריספי שוק,,,חטיף מרבה קריספי שוק,,125.00,100 גרם,false,,12.90,0.1032,true,1,24862
7290014636545,false,שלישית מגבות מטבח פס,,,שלישית מגבות מטבח פס,יחידה,0.00,יחידה,false,,19.90,0.0000,true,1,405317
7290014636736,false,כרבולית מינק 130/170,,,כרבולית מינק 130/170,יחידה,0.00,יחידה,false,,50.90,0.0000,true,1,358352
7290014636903,false,כרבולית מינק 130/170,,,כרבולית מינק 130/170,יחידה,0.00,יחידה,false,,49.90,0.0000,true,1,501118
7290014673359,false,מלח לימון 400 גר,,,מלח לימון 400 גר,,400.00,100 גרם,false,,24.10,0.0603,true,1,286
7290014673434,false,פלפל שחור גרוס דק בש,,,פלפל שחור גרוס דק בש,,80.00,100 גרם,false,,9.80,0.1225,true,1,126336
7290014674004,false,פירורי לחם עם שומשום,,,פירורי לחם עם שומשום,,300.00,100 גרם,false,,8.90,0.0297,true,1,442460
7290014692299,false,גבינת ברי 125 גרם EU,,,גבינת ברי 125 גרם EU,,125.00,100 גרם,false,,19.90,0.1592,true,1,4969
7290014692305,false,גבינת קממבר 125 גרם,,,גבינת קממבר 125 גרם,,125.00,100 גרם,false,,19.90,0.1592,true,1,4970
7290014748651,false,דג טוב פילה אמנון מצ,,,דג טוב פילה אמנון מצ,,360.00,100 גרם,false,,37.90,0.1053,true,1,133514
7290014749078,false,עוף טוב מקלוני קבנוס,,,עוף טוב מקלוני קבנוס,,200.00,100 גרם,false,,18.90,0.0945,true,1,145952
7290014749849,false,שניצל עוף דקיק בציפו,,,שניצל עוף דקיק בציפו,,720.00,100 גרם,false,,40.90,0.0568,true,1,311759
7290014749887,false,שניצל עוף דקיק ענקיס,,,שניצל עוף דקיק ענקיס,,720.00,100 גרם,false,,40.90,0.0568,true,1,311761
7290014758100,false,יוגורט תנובה 3% 8*15,,,יוגורט תנובה 3% 8*15,קילוגרמים,1.20,"ק""ג",false,,17.50,14.5833,true,1,29033
7290014758117,false,יוגורט תנובה 1.5% 8*,,,יוגורט תנובה 1.5% 8*,קילוגרמים,1.20,"ק""ג",false,,17.50,14.5833,true,1,29034
7290014758162,false,חלב תנובה עיזים מלא,,,חלב תנובה עיזים מלא,ליטרים,1.00,ליטר,false,,15.90,15.9000,true,1,29036
7290014759084,false,נפוליאון 16% 225גר,,,נפוליאון 16% 225גר,,225.00,100 גרם,false,,15.50,0.0689,true,1,29058
7290014759909,false,פיראוס פטה עזים פירא,,,פיראוס פטה עזים פירא,,250.00,100 גרם,false,,31.00,0.1240,true,1,29073
7290014759985,false,גבינה קשה מחלב בקר 2,,,גבינה קשה מחלב בקר 2,,200.00,100 גרם,false,,28.50,0.1425,true,1,29076
7290014759992,false,גבינות תנובה רוקפור,,,גבינות תנובה רוקפור,,140.00,100 גרם,false,,20.00,0.1429,true,1,29077
7290014760134,false,גביע מעדן סויה בטעם,,,גביע מעדן סויה בטעם,,125.00,100 גרם,false,,4.90,0.0392,true,1,110935
7290014760141,false,תנובה משקה שקדים טרי,,,תנובה משקה שקדים טרי,יחידה,0.00,יחידה,false,,14.90,0.0000,true,1,29079
7290014760448,false,גלבוע 22% 400 גרם,,,גלבוע 22% 400 גרם,,400.00,יח',false,,24.00,0.0600,true,1,29086
7290014760912,false,גוש חלב 28% מהדרין 4,,,גוש חלב 28% מהדרין 4,,400.00,100 גרם,false,,26.10,0.0653,true,1,29100
7290014761056,false,יולו שוקולד חלב מעול,,,יולו שוקולד חלב מעול,,122.00,100 גרם,false,,5.50,0.0451,true,1,29104
7290014761063,false,יולו שוקולד מריר מעו,,,יולו שוקולד מריר מעו,,122.00,100 גרם,false,,5.50,0.0451,true,1,29105
7290014761070,false,יולו שוקולד לבן מעול,,,יולו שוקולד לבן מעול,,122.00,100 גרם,false,,5.50,0.0451,true,1,29106
7290014761193,false,פרילי פירות יער 1.5%,,,פרילי פירות יער 1.5%,,125.00,100 גרם,false,,3.90,0.0312,true,1,29109
7290014761414,false,יולו מעדן שכבות שוקו,,,יולו מעדן שכבות שוקו,,122.00,100 גרם,false,,5.50,0.0451,true,1,29123
7290014761612,false,יולו שכבות שוקולד מר,,,יולו שכבות שוקולד מר,,122.00,100 גרם,false,,5.50,0.0451,true,1,29130
7290014762756,false,נפוליאון 16% עם בצל,,,נפוליאון 16% עם בצל,,225.00,100 גרם,false,,15.50,0.0689,true,1,29178
7290014762831,false,גבינת שמנת נפוליאון,,,גבינת שמנת נפוליאון,,225.00,100 גרם,false,,15.50,0.0689,true,1,29180
7290014762909,false,פתיתי מוצרלה 200 גר`,,,פתיתי מוצרלה 200 גר`,,200.00,100 גרם,false,,17.90,0.0895,true,1,29186
7290014763272,false,משקה סויה ביו עם תות,,,משקה סויה ביו עם תות,,250.00,"100 מ""ל",false,,6.90,0.0276,true,1,29199
7290014791091,false,משקה למונייד שוופס 5,,,משקה למונייד שוופס 5,,500.00,100 גרם,false,,6.50,0.0130,true,1,13686
7290014855434,false,בייביסיטר פרפורמנס מ,,,בייביסיטר פרפורמנס מ,יחידה,0.00,יחידה,false,,17.90,0.0000,true,1,32954
7290014855458,false,מגבוני בייבי פרפורמנ,,,מגבוני בייבי פרפורמנ,יחידה,0.00,יחידה,false,,17.90,0.0000,true,1,32955
7290014901308,false,משחת שיניים הגנה מלא,,,משחת שיניים הגנה מלא,,75.00,"100 מ""ל",false,,26.90,0.3587,true,1,5831
7290014901896,false,מי פה סנסודיין 500 מ,,,מי פה סנסודיין 500 מ,,500.00,"100 מ""ל",false,,35.90,0.0718,true,1,5846
7290014905689,false,הפי לכלים ירוק תפוח,,,הפי לכלים ירוק תפוח,,750.00,"100 מ""ל",false,,9.90,0.0132,true,1,13478
7290014940901,false,לחם פשוט מלא אנגל 75,,,לחם פשוט מלא אנגל 75,,750.00,יח',false,,15.90,0.0212,true,1,69421
7290015009393,false,זיתים שחורים מגולעני,,,זיתים שחורים מגולעני,,430.00,100 גרם,false,,20.90,0.0486,true,1,435838
7290015009447,false,זיתים שחורים מזן קלמ,,,זיתים שחורים מזן קלמ,,440.00,100 גרם,false,,22.90,0.0520,true,1,435867
7290015080231,false,שרשרת פנינים,,,שרשרת פנינים,יחידה,0.00,יחידה,false,,11.90,0.0000,true,1,55473
7290015150088,false,מחית עגבניות בלה איט,,,מחית עגבניות בלה איט,,700.00,100 גרם,false,,12.90,0.0184,true,1,27515
7290015150118,false,עגבניות חתוכות דק בל,,,עגבניות חתוכות דק בל,,400.00,100 גרם,false,,19.90,0.0497,true,1,27518
7290015253314,false,"פחם נמיביה אדום 4 ק""",,,"פחם נמיביה אדום 4 ק""",יחידה,0.00,יחידה,false,,27.90,0.0000,true,1,407882
7290015253321,false,"פחם 2 ק""ג ירוק פרימי",,,"פחם 2 ק""ג ירוק פרימי",קילוגרמים,2.00,"ק""ג",false,,14.90,7.4500,true,1,258457
7290015282000,false,איקרה אדומה סלטי שמי,,,איקרה אדומה סלטי שמי,,200.00,100 גרם,false,,15.90,0.0795,true,1,21207
7290015282024,false,איקרה לבנה סלטי שמיר,,,איקרה לבנה סלטי שמיר,,200.00,100 גרם,false,,15.90,0.0795,true,1,21209
7290015282581,false,חומוס אבו גוש עם חרי,,,חומוס אבו גוש עם חרי,,200.00,יח',false,,11.90,0.0595,true,1,79365
7290015282598,false,חומוס מסעדות,,,חומוס מסעדות,,200.00,יח',false,,11.90,0.0595,true,1,79366
7290015282604,false,טחינה מיוחדת,,,טחינה מיוחדת,,200.00,100 גרם,false,,11.90,0.0595,true,1,79367
7290015282628,false,חציל בטעם כבד סלטי ש,,,חציל בטעם כבד סלטי ש,,200.00,100 גרם,false,,13.90,0.0695,true,1,79368
7290015282635,false,חומוס מסבחה,,,חומוס מסבחה,,200.00,100 גרם,false,,11.90,0.0595,true,1,79369
7290015282642,false,חומוס אבו גוש,,,חומוס אבו גוש,,200.00,יח',false,,11.90,0.0595,true,1,79370
7290015282673,false,חציל במיונז ביתי,,,חציל במיונז ביתי,,200.00,100 גרם,false,,11.90,0.0595,true,1,79371
7290015282680,false,קישוא בטעם כבד סלטי,,,קישוא בטעם כבד סלטי,,200.00,100 גרם,false,,13.90,0.0695,true,1,79372
7290015282697,false,סלט כרוב אדום 200ג ש,,,סלט כרוב אדום 200ג ש,,200.00,100 גרם,false,,13.90,0.0695,true,1,79373
7290015282710,false,קוביות סלק סלטי שמיר,,,קוביות סלק סלטי שמיר,,200.00,100 גרם,false,,11.90,0.0595,true,1,79374
7290015282727,false,גזר מרוקאי ברוטב פיק,,,גזר מרוקאי ברוטב פיק,,200.00,100 גרם,false,,13.90,0.0695,true,1,79375
7290015282734,false,מטבוחה ביתית.,,,מטבוחה ביתית.,,200.00,100 גרם,false,,13.90,0.0695,true,1,79376
7290015282741,false,חציל תילאנדי סלטי שמ,,,חציל תילאנדי סלטי שמ,,200.00,100 גרם,false,,13.90,0.0695,true,1,79377
7290015282796,false,סלט תפוח אדמה 200 ג,,,סלט תפוח אדמה 200 ג,,200.00,100 גרם,false,,13.90,0.0695,true,1,79381
7290015324007,false,טעם וריח פלפל שחור ג,,,טעם וריח פלפל שחור ג,,80.00,100 גרם,false,,12.90,0.1613,true,1,50993
7290015324014,false,טעם וריח פלפל שחור ט,,,טעם וריח פלפל שחור ט,,80.00,100 גרם,false,,12.90,0.1613,true,1,50994
7290015324038,false,טעם וריח פפריקה בשמן,,,טעם וריח פפריקה בשמן,,80.00,100 גרם,false,,6.50,0.0813,true,1,50995
7290015324090,false,טעם וריח כמון שקית 8,,,טעם וריח כמון שקית 8,,80.00,100 גרם,false,,8.90,0.1113,true,1,51001
7290015324106,false,טעם וריח כורכום שקית,,,טעם וריח כורכום שקית,,80.00,100 גרם,false,,8.90,0.1113,true,1,51002
7290015328685,false,מנורת לד 9 וולט,,,מנורת לד 9 וולט,יחידה,0.00,יחידה,false,,8.90,0.0000,true,1,125664
7290015347488,false,סוכר דמררה בשקית מיה,,,סוכר דמררה בשקית מיה,קילוגרמים,1.00,"ק""ג",false,,10.90,10.9000,true,1,17279
7290015366359,false,ספירה מכשיר נוזל 8 ש,,,ספירה מכשיר נוזל 8 ש,יחידה,0.00,יחידה,false,,34.90,0.0000,true,1,5858
7290015366670,false,מש.שיניים מנטה אקווה,,,מש.שיניים מנטה אקווה,,100.00,100 גרם,false,,7.90,0.0790,true,1,5872
7290015374279,false,סיגר במילוי בשר 400,,,סיגר במילוי בשר 400,,400.00,100 גרם,false,,12.90,0.0323,true,1,66748
7290015374309,false,פסטל במילוי תפו'א 40,,,פסטל במילוי תפו'א 40,,400.00,100 גרם,false,,12.90,0.0323,true,1,66751
7290015437431,false,רכז רימונים תומר  42,,,רכז רימונים תומר  42,,420.00,100 גרם,false,,22.90,0.0545,true,1,259119
7290015603201,false,אטריות מחיטה מלאה מז,,,אטריות מחיטה מלאה מז,,454.00,100 גרם,false,,11.90,0.0262,true,1,16563
7290015603522,false,נוזל אגוזי קוקוס 5-7,,,נוזל אגוזי קוקוס 5-7,,400.00,"100 מ""ל",false,,7.90,0.0198,true,1,16567
7290015603546,false,שימורי קרם קוקוס 17-,,,שימורי קרם קוקוס 17-,,400.00,"100 מ""ל",false,,9.90,0.0248,true,1,16568
7290015603560,false,שימורי קרם קוקוס 20-,,,שימורי קרם קוקוס 20-,,400.00,"100 מ""ל",false,,9.90,0.0248,true,1,62682
7290015603638,false,אורז עגול קלרוז לסוש,,,אורז עגול קלרוז לסוש,קילוגרמים,1.00,"ק""ג",false,,12.90,12.9000,true,1,59543
7290015652254,false,גרעיני חמניה קלויים,,,גרעיני חמניה קלויים,,400.00,יח',false,,10.00,0.0250,true,1,6754
7290015652285,false,אגוזים קלופים 250 גר,,,אגוזים קלופים 250 גר,,250.00,100 גרם,false,,20.00,0.0800,true,1,6757
7290015652322,false,בוטנים אמריקאים מצופ,,,בוטנים אמריקאים מצופ,,400.00,יח',false,,10.00,0.0250,true,1,117142
7290015733205,false,מטרנה אקסטרה קר מהדר,,,מטרנה אקסטרה קר מהדר,,700.00,100 גרם,false,,64.90,0.0927,true,1,125612
7290015766005,false,שרי וויטני יחידה,,,שרי וויטני יחידה,,500.00,יח',false,,10.90,0.0218,true,1,206570
7290015781121,false,אימפרשן קברנה סובניו,,,אימפרשן קברנה סובניו,,750.00,"100 מ""ל",false,,54.90,0.0732,true,1,13785
7290015781169,false,אימפרשן אדום חצי יבש,,,אימפרשן אדום חצי יבש,,750.00,"100 מ""ל",false,,54.90,0.0732,true,1,13789
7290015821582,false,נרות נשמה 4  יחידות,,,נרות נשמה 4  יחידות,יחידה,0.00,יחידה,false,,11.90,0.0000,true,1,114218
7290015842631,false,"כוס בירה 330 מ""ל  40",,,"כוס בירה 330 מ""ל  40",יחידה,0.00,יחידה,false,,10.90,0.0000,true,1,139056
7290015865692,false,תענוג פרי תות שדה ענ,,,תענוג פרי תות שדה ענ,,400.00,100 גרם,false,,19.90,0.0497,true,1,383742
7290015865739,false,קונפיטורה לייט אוכמנ,,,קונפיטורה לייט אוכמנ,,400.00,100 גרם,false,,21.90,0.0547,true,1,383774
7290015872553,false,חומוס מסעדה שמיר 700,,,חומוס מסעדה שמיר 700,,700.00,100 גרם,false,,12.90,0.0184,true,1,21234
7290016006292,false,ספרינג מנגו בננה מלו,,,ספרינג מנגו בננה מלו,יחידה,0.00,יחידה,false,,7.90,0.0000,true,1,13731
7290016006322,false,מי עדן 1 ליטר,,,מי עדן 1 ליטר,ליטרים,1.00,ליטר,false,,2.90,2.9000,true,1,13732
7290016006339,false,מי עדן רביעייה 1 ליט,,,מי עדן רביעייה 1 ליט,ליטרים,4.00,ליטר,false,,11.90,2.9750,true,1,13733
7290016104868,false,סירופ בטעם מייפל 700,,,סירופ בטעם מייפל 700,,700.00,100 גרם,false,,13.90,0.0199,true,1,74536
7290016150117,false,מעדן סלק בוואקום 500,,,מעדן סלק בוואקום 500,,500.00,100 ליטר,false,,6.90,0.0138,true,1,97845
7290016162264,false,עוגת גבינה רנסנס 450,,,עוגת גבינה רנסנס 450,,450.00,100 גרם,false,,44.90,0.0998,true,1,69974
7290016188585,false,רוזה מבעבע למברוסקו,,,רוזה מבעבע למברוסקו,,750.00,"100 מ""ל",false,,27.90,0.0372,true,1,616
7290016197839,false,ניקול השקית החזקה XL,,,ניקול השקית החזקה XL,יחידה,0.00,יחידה,false,,26.90,0.0000,true,1,11137
7290016197877,false,שקית לפחי מטבח קטנים,,,שקית לפחי מטבח קטנים,יחידה,0.00,יחידה,false,,23.90,0.0000,true,1,11139
7290016217742,false,חציל בטחינה סלטי שמי,,,חציל בטחינה סלטי שמי,,200.00,100 גרם,false,,11.90,0.0595,true,1,79383
7290016217759,false,חצילים בסגנון מרוקאי,,,חצילים בסגנון מרוקאי,,200.00,100 גרם,false,,13.90,0.0695,true,1,79384
7290016217988,false,דגים גרבדלקס 100גר,,,דגים גרבדלקס 100גר,,100.00,100 גרם,false,,28.90,0.2890,true,1,79387
7290016233384,false,גפילטא פיש 7 קציצות,,,גפילטא פיש 7 קציצות,,555.00,100 גרם,false,,16.90,0.0305,true,1,90578
7290016246018,false,בארכה מיקס פינוקיות,,,בארכה מיקס פינוקיות,,200.00,100 גרם,false,,13.90,0.0695,true,1,22707
7290016246025,false,בארכה פנוקיות חלבה ל,,,בארכה פנוקיות חלבה ל,,200.00,100 גרם,false,,13.90,0.0695,true,1,22708
7290016246209,false,בארכה חטיף חלבה וניל,,,בארכה חטיף חלבה וניל,,100.00,100 גרם,false,,3.90,0.0390,true,1,77525
7290016246490,false,בארכה חלבה קלאסית 40,,,בארכה חלבה קלאסית 40,,400.00,100 גרם,false,,10.90,0.0273,true,1,137359
7290016273090,false,סוכרית לוליפופ על מק,,,סוכרית לוליפופ על מק,,31.00,100 גרם,false,,5.50,0.1774,true,1,141022
7290016319187,false,עוגיות סנדוויץ שוקו,,,עוגיות סנדוויץ שוקו,,300.00,100 גרם,false,,16.90,0.0563,true,1,272344
7290016319194,false,עוגיות סנדוויץ שוקו,,,עוגיות סנדוויץ שוקו,,300.00,100 גרם,false,,16.90,0.0563,true,1,272345
7290016334685,false,גינגר  יח',,,גינגר  יח',,1.00,יח',false,,9.90,9.9000,true,1,60399
7290016372373,false,רסק עגבניות איטליה ב,,,רסק עגבניות איטליה ב,,280.00,100 גרם,false,,8.90,0.0318,true,1,96246
7290016509342,false,סוד מארז שלישיה כדור,,,סוד מארז שלישיה כדור,,150.00,100 גרם,false,,19.90,0.1327,true,1,85717
7290016509793,false,פרסיל ג'ל 4 ליטר ירו,,,פרסיל ג'ל 4 ליטר ירו,ליטרים,4.00,ליטר,false,,49.90,12.4750,true,1,124686
7290016509809,false,פרסיל ג'ל 2.5 ליטר ק,,,פרסיל ג'ל 2.5 ליטר ק,ליטרים,2.50,ליטר,false,,37.90,15.1600,true,1,124687
7290016509823,false,פרסיל ג'ל 2.5 ליטר ב,,,פרסיל ג'ל 2.5 ליטר ב,ליטרים,2.50,ליטר,false,,37.90,15.1600,true,1,124689
7290016509847,false,פרסיל ג'ל 2.5 ליטר ב,,,פרסיל ג'ל 2.5 ליטר ב,ליטרים,2.50,ליטר,false,,37.90,15.1600,true,1,132833
7290016513981,false,קרפלך במילוי תפוח אד,,,קרפלך במילוי תפוח אד,,1.00,יח',false,,19.90,19.9000,true,1,469680
7290016584004,false,חטיפוני גזר 130 גרם,,,חטיפוני גזר 130 גרם,,150.00,100 גרם,false,,5.90,0.0393,true,1,3064
7290016584011,false,חטיפוני גזר 350 גרם,,,חטיפוני גזר 350 גרם,,350.00,100 גרם,false,,12.90,0.0369,true,1,113601
7290016717631,false,יין  P.C  מוסקטו יין,,,יין  P.C  מוסקטו יין,,750.00,"100 מ""ל",false,,44.90,0.0599,true,1,121056
7290016717754,false,"ישן נושן 750מ""ל.",,,"ישן נושן 750מ""ל.",,750.00,"100 מ""ל",false,,20.90,0.0279,true,1,115317
7290016823066,false,רוזמרין,,,רוזמרין,,1.00,יח',false,,6.90,6.9000,true,1,74672
7290016865943,false,אטריות ביצים פטוצ'ינ,,,אטריות ביצים פטוצ'ינ,,400.00,100 גרם,false,,14.90,0.0373,true,1,120647
7290016866650,false,מש.שיניים אוריגינל פ,,,מש.שיניים אוריגינל פ,,75.00,"100 מ""ל",false,,33.90,0.4520,true,1,124493
7290016866667,false,מש.שיניים פלאוריד פר,,,מש.שיניים פלאוריד פר,,75.00,"100 מ""ל",false,,33.90,0.4520,true,1,124494
7290016867053,false,לחם קל כוסמין בתוספת,,,לחם קל כוסמין בתוספת,,450.00,100 גרם,false,,20.90,0.0464,true,1,356525
7290016867114,false,לחם כוסמין קל מלא 50,,,לחם כוסמין קל מלא 50,,500.00,100 גרם,false,,19.90,0.0398,true,1,356526
7290016867152,false,פיתות קלות כוסמין 29,,,פיתות קלות כוסמין 29,,292.00,100 גרם,false,,14.90,0.0510,true,1,356580
7290016867176,false,לחמניות ק. כוסמין שו,,,לחמניות ק. כוסמין שו,,300.00,100 גרם,false,,15.90,0.0530,true,1,356561
7290016948035,false,מטריה הפוכה,,,מטריה הפוכה,יחידה,0.00,יחידה,false,,29.90,0.0000,true,1,392310
7290016967074,false,חיטה מלאה אנגל 750 ג,,,חיטה מלאה אנגל 750 ג,,750.00,יח',false,,17.90,0.0239,true,1,69262
7290017023823,false,ספרינג תות בננה 250,,,ספרינג תות בננה 250,ליטרים,1.00,ליטר,false,,11.90,11.9000,true,1,141055
7290017058689,false,זית שחור טבעי תומר 4,,,זית שחור טבעי תומר 4,,400.00,100 גרם,false,,16.90,0.0422,true,1,190542
7290017062686,false,מרכך כביסה מרוכז טאצ,,,מרכך כביסה מרוכז טאצ,ליטרים,1.00,ליטר,false,,13.90,13.9000,true,1,278818
7290017062723,false,מרכך כביסה מרוכז טאצ,,,מרכך כביסה מרוכז טאצ,ליטרים,1.00,ליטר,false,,13.90,13.9000,true,1,278820
7290017062747,false,נוזל כלים תפוח 36% 7,,,נוזל כלים תפוח 36% 7,,750.00,"100 מ""ל",false,,9.90,0.0132,true,1,269851
7290017062754,false,נוזל כלים לימון 36%,,,נוזל כלים לימון 36%,,750.00,"100 מ""ל",false,,9.90,0.0132,true,1,271298
7290017065137,false,גבינה ריקוטה למריחה,,,גבינה ריקוטה למריחה,,200.00,100 גרם,false,,10.90,0.0545,true,1,106790
7290017065236,false,בולגרית מעודנת 24% 2,,,בולגרית מעודנת 24% 2,,250.00,100 גרם,false,,23.30,0.0932,true,1,121471
7290017065663,false,גבינת פטה עיזים מעוד,,,גבינת פטה עיזים מעוד,,250.00,100 גרם,false,,31.90,0.1276,true,1,275991
7290017068978,false,שיבולת שועל מלאה להכ,,,שיבולת שועל מלאה להכ,קילוגרמים,1.00,"ק""ג",false,,11.90,11.9000,true,1,452141
7290017088136,false,ביייביסיטר נוחות מיד,,,ביייביסיטר נוחות מיד,,40.00,יח',false,,34.90,0.8725,true,1,122257
7290017088914,false,מגבונים מבושם בייביס,,,מגבונים מבושם בייביס,יחידה,0.00,יחידה,false,,17.90,0.0000,true,1,263744
7290017094199,false,מעדן חצילים  200 גרם,,,מעדן חצילים  200 גרם,,200.00,100 גרם,false,,11.90,0.0595,true,1,302010
7290017105048,false,טבעות ירוקים זיתים י,,,טבעות ירוקים זיתים י,,200.00,100 גרם,false,,19.90,0.0995,true,1,235676
7290017105062,false,חומוס 6OZ יכין 200 ג,,,חומוס 6OZ יכין 200 ג,,200.00,100 גרם,false,,4.90,0.0245,true,1,103034
7290017105468,false,אפונה יכין 3*120 גרם,,,אפונה יכין 3*120 גרם,,360.00,100 גרם,false,,14.90,0.0414,true,1,212585
7290017105895,false,גרגרי חומוס מסעדות י,,,גרגרי חומוס מסעדות י,,550.00,100 גרם,false,,10.90,0.0198,true,1,247148
7290017142012,false,שמן קוקוס אורגני כתי,,,שמן קוקוס אורגני כתי,,500.00,"100 מ""ל",false,,42.90,0.0858,true,1,82881
7290017142180,false,פילה טונה פרוס זית ל,,,פילה טונה פרוס זית ל,,120.00,100 גרם,false,,15.90,0.1325,true,1,140469
7290017142203,false,פילה טונה פרוס עם בש,,,פילה טונה פרוס עם בש,,120.00,100 גרם,false,,15.90,0.1325,true,1,140470
7290017142234,false,פתיתי טונה בהירה בשמ,,,פתיתי טונה בהירה בשמ,,85.00,100 גרם,false,,10.90,0.1282,true,1,159205
7290017142500,false,תרסיס שמן זית כתית ב,,,תרסיס שמן זית כתית ב,,150.00,"100 מ""ל",false,,21.90,0.1460,true,1,457930
7290017304885,false,לחם שיפון וחיטה מלאה,,,לחם שיפון וחיטה מלאה,,750.00,100 גרם,false,,17.90,0.0239,true,1,152008
7290017374390,false,סט לשרותים TORINO  (,,,סט לשרותים TORINO  (,יחידה,0.00,יחידה,false,,24.90,0.0000,true,1,122877
7290017389028,false,אננס מיובש ללא סוכר,,,אננס מיובש ללא סוכר,,160.00,100 גרם,false,,21.90,0.1369,true,1,200700
7290017457628,false,ג'ל כביסה  סוד כחול,,,ג'ל כביסה  סוד כחול,ליטרים,2.50,ליטר,false,,27.90,11.1600,true,1,235807
7290017457727,false,מרכך כביסה מרוכז סוד,,,מרכך כביסה מרוכז סוד,,900.00,"100 מ""ל",false,,9.90,0.0110,true,1,140453
7290017457925,false,מרכך כביסה מרוכז סוד,,,מרכך כביסה מרוכז סוד,,900.00,"100 מ""ל",false,,9.90,0.0110,true,1,270179
7290017599274,false,סוכרזית סטיוויה  ממת,,,סוכרזית סטיוויה  ממת,,120.00,100 גרם,false,,26.90,0.2242,true,1,480120
7290017617046,false,טונה בשמן זית סטארקי,,,טונה בשמן זית סטארקי,,560.00,100 גרם,false,,30.90,0.0552,true,1,209244
7290017617091,false,סטארקיסט מיקס 185 גר,,,סטארקיסט מיקס 185 גר,,185.00,100 גרם,false,,13.90,0.0751,true,1,369410
7290017617107,false,סטארקיסט מיקס 185 גר,,,סטארקיסט מיקס 185 גר,,185.00,100 גרם,false,,13.90,0.0751,true,1,369425
7290017677804,false,קיקומן רוטב סויה ללא,,,קיקומן רוטב סויה ללא,,444.00,"100 מ""ל",false,,21.90,0.0493,true,1,142486
7290017812052,false,אקסלנס שיראז קברנה ס,,,אקסלנס שיראז קברנה ס,,750.00,"100 מ""ל",false,,30.90,0.0412,true,1,135314
7290017812380,false,תירוש מיץ ענבים אדום,,,תירוש מיץ ענבים אדום,,750.00,100 גרם,false,,12.90,0.0172,true,1,160215
7290017812571,false,תירוש מיץ ענבים אדום,,,תירוש מיץ ענבים אדום,ליטרים,1.00,ליטר,false,,22.90,22.9000,true,1,215401
7290017812588,false,תירוש מיץ ענבים לבן,,,תירוש מיץ ענבים לבן,ליטרים,1.00,ליטר,false,,22.90,22.9000,true,1,215416
7290017812656,false,תירוש אדום מבעבע יקב,,,תירוש אדום מבעבע יקב,,750.00,"100 מ""ל",false,,21.90,0.0292,true,1,337458
7290017812861,false,יין וינו לבן יבש יקב,,,יין וינו לבן יבש יקב,,750.00,"100 מ""ל",false,,23.90,0.0319,true,1,337429
7290017816012,false,קרם קרקר מקור הכוסמי,,,קרם קרקר מקור הכוסמי,,250.00,100 גרם,false,,16.90,0.0676,true,1,393002
7290017816135,false,פריכיות כוסמין ללא ת,,,פריכיות כוסמין ללא ת,,90.00,100 גרם,false,,10.90,0.1211,true,1,393004
7290017872193,false,עוגיות שקדים וקינמון,,,עוגיות שקדים וקינמון,,200.00,100 גרם,false,,18.90,0.0945,true,1,237356
7290017888019,false,פרוט & וג' תפוח רימו,,,פרוט & וג' תפוח רימו,,330.00,"100 מ""ל",false,,8.90,0.0270,true,1,140565
7290017888644,false,פרוט & וג' אננס בננה,,,פרוט & וג' אננס בננה,,330.00,100 גרם,false,,8.90,0.0270,true,1,222710
7290017888729,false,שוופס סודה 1 ליטר,,,שוופס סודה 1 ליטר,ליטרים,1.00,ליטר,false,,4.90,4.9000,true,1,233358
7290017888972,false,מי עדן פקק ספורט 1 ל,,,מי עדן פקק ספורט 1 ל,ליטרים,1.00,ליטר,false,,4.90,4.9000,true,1,239034
7290017894058,false,דגש - תערובת להכנת ל,,,דגש - תערובת להכנת ל,,500.00,100 גרם,false,,16.90,0.0338,true,1,273172
7290017894065,false,דגש - תערובת רב תכלי,,,דגש - תערובת רב תכלי,,500.00,100 גרם,false,,16.90,0.0338,true,1,273173
7290017928036,false,מקלות גריסיני שומשום,,,מקלות גריסיני שומשום,,175.00,100 גרם,false,,12.90,0.0737,true,1,210762
7290017928043,false,גריסיני קראנץ' מלח מ,,,גריסיני קראנץ' מלח מ,,175.00,100 גרם,false,,12.90,0.0737,true,1,210763
7290017928098,false,בייגלה שטוח מלח מאיר,,,בייגלה שטוח מלח מאיר,,330.00,100 גרם,false,,12.90,0.0391,true,1,358759
7290017928432,false,גריסיני קראנץ' פרג מ,,,גריסיני קראנץ' פרג מ,,175.00,100 גרם,false,,12.90,0.0737,true,1,210766
7290017928524,false,בייגלה שטוח ניגובים,,,בייגלה שטוח ניגובים,,300.00,100 גרם,false,,12.90,0.0430,true,1,363121
7290017928616,false,שטוחלה שומשום מאיר ב,,,שטוחלה שומשום מאיר ב,,300.00,100 גרם,false,,12.90,0.0430,true,1,210746
7290017928661,false,שברי בייגלה בטעם צ'ד,,,שברי בייגלה בטעם צ'ד,,300.00,100 גרם,false,,13.90,0.0463,true,1,288925
7290017928807,false,אצבעות שומשום מאיר ב,,,אצבעות שומשום מאיר ב,,300.00,100 גרם,false,,12.90,0.0430,true,1,210747
7290017941226,false,מזלגות 40 יח' עבה במ,,,מזלגות 40 יח' עבה במ,יחידה,0.00,יחידה,false,,8.90,0.0000,true,1,294953
7290017941288,false,נר נשמה 24 שעות,,,נר נשמה 24 שעות,יחידה,0.00,יחידה,false,,2.50,0.0000,true,1,332331
7290017941370,false,להבונים 50 יח' 3 שעו,,,להבונים 50 יח' 3 שעו,יחידה,0.00,יחידה,false,,10.90,0.0000,true,1,332349
7290017941400,false,כוסות 4OZ אספרסו 50,,,כוסות 4OZ אספרסו 50,יחידה,0.00,יחידה,false,,10.90,0.0000,true,1,321872
7290017941462,false,כוסות שתיה חמה 8B  י,,,כוסות שתיה חמה 8B  י,יחידה,0.00,יחידה,false,,10.90,0.0000,true,1,302037
7290017941660,false,מארז תבניות לחלה עבו,,,מארז תבניות לחלה עבו,יחידה,0.00,יחידה,false,,14.90,0.0000,true,1,294334
7290017941790,false,ניילון נצמד 30*30 עם,,,ניילון נצמד 30*30 עם,,30.00,מטר,false,,9.90,0.3300,true,1,332366
7290017941943,false,שיפודי במבוק עובי 3,,,שיפודי במבוק עובי 3,יחידה,0.00,יחידה,false,,3.50,0.0000,true,1,297181
7290017947105,false,לחם בסגנון אמריקה אנ,,,לחם בסגנון אמריקה אנ,,500.00,יח',false,,15.90,0.0318,true,1,212599
7290017947891,false,לחם כוסמין וחיטה מלא,,,לחם כוסמין וחיטה מלא,,750.00,יח',false,,17.90,0.0239,true,1,211401
7290017947938,false,8 לחמניות המבורגר בס,,,8 לחמניות המבורגר בס,,4000.00,100 גרם,false,,15.90,0.0040,true,1,276685
7290018023495,false,טחינה גולמית סבא חבי,,,טחינה גולמית סבא חבי,,500.00,100 גרם,false,,16.90,0.0338,true,1,458951
7290018043196,false,חטיף חלבון בטעם שוקו,,,חטיף חלבון בטעם שוקו,,60.00,100 גרם,false,,14.90,0.2483,true,1,423296
7290018043844,false,חטיף חלבון בטעם בוטנ,,,חטיף חלבון בטעם בוטנ,,60.00,100 גרם,false,,14.90,0.2483,true,1,423297
7290018045497,false,דגנים במילוי קרם שוק,,,דגנים במילוי קרם שוק,,480.00,100 גרם,false,,23.90,0.0498,true,1,390962
7290018045893,false,דגנים במילוי קרם נוג,,,דגנים במילוי קרם נוג,,480.00,100 גרם,false,,23.90,0.0498,true,1,390964
7290018131756,false,נסטלה וניל מצופה תות,,,נסטלה וניל מצופה תות,,440.00,100 גרם,false,,31.90,0.0725,true,1,293098
7290018131879,false,אקסטרים מאגדת טילון,,,אקסטרים מאגדת טילון,,432.00,100 גרם,false,,39.90,0.0924,true,1,314323
7290018131930,false,לה פרוטה מאג בננה תמ,,,לה פרוטה מאג בננה תמ,,325.00,100 גרם,false,,30.90,0.0951,true,1,293112
7290018192023,true,סלרי מקלות  ליח,,,סלרי מקלות  ליח,,1.00,יח',false,,6.90,6.9000,true,1,196565
7290018213476,false,כף אשפה מתקפל GLOW (,,,כף אשפה מתקפל GLOW (,יחידה,0.00,יחידה,false,,17.90,0.0000,true,1,479963
7290018236086,false,ע.ט. נקניקיות עוף 12,,,ע.ט. נקניקיות עוף 12,קילוגרמים,1.00,"ק""ג",false,,35.90,35.9000,true,1,323236
7290018237373,false,פסטרמה צרובה על הגרי,,,פסטרמה צרובה על הגרי,,300.00,100 גרם,false,,30.90,0.1030,true,1,331438
7290018237922,false,שניצלונים ציפוי ציפס,,,שניצלונים ציפוי ציפס,,700.00,100 גרם,false,,21.90,0.0313,true,1,457726
7290018237939,false,שניצלונים ציפוי שומש,,,שניצלונים ציפוי שומש,,700.00,100 גרם,false,,21.90,0.0313,true,1,457741
7290018294208,false,יין אדום ישראלי סלקט,,,יין אדום ישראלי סלקט,,750.00,"100 מ""ל",false,,32.90,0.0439,true,1,343898
7290018344187,false,חלווה משומשום מלא פי,,,חלווה משומשום מלא פי,,70.00,100 גרם,false,,9.90,0.1414,true,1,376935
7290018359112,false,פאסאטה מחית עגבניות,,,פאסאטה מחית עגבניות,,690.00,100 גרם,false,,10.90,0.0158,true,1,292954
7290018359334,false,רכז עגבניות טבעי פרי,,,רכז עגבניות טבעי פרי,,580.00,100 גרם,false,,10.90,0.0188,true,1,265970
7290018359495,false,תירס מהשדה בלי תוספת,,,תירס מהשדה בלי תוספת,,550.00,100 גרם,false,,10.90,0.0198,true,1,265997
7290018359686,false,חומוס ענק יכין 550 ג,,,חומוס ענק יכין 550 ג,,550.00,100 גרם,false,,10.90,0.0198,true,1,348040
7290018359877,false,רסק עגבניות טבעי יכי,,,רסק עגבניות טבעי יכי,,600.00,100 גרם,false,,17.90,0.0298,true,1,395314
7290018359938,false,רוטב עגבניות לשקשוקה,,,רוטב עגבניות לשקשוקה,,400.00,100 גרם,false,,13.90,0.0348,true,1,455204
7290018376416,false,פילה ברבוניה ארוז 40,,,פילה ברבוניה ארוז 40,,400.00,100 גרם,false,,29.90,0.0747,true,1,497185
7290018380871,false,פטיסון כבוש שלם תומר,,,פטיסון כבוש שלם תומר,,670.00,100 גרם,false,,14.90,0.0222,true,1,415844
7290018440230,false,חווית הצ'אי- ורדים 2,,,חווית הצ'אי- ורדים 2,,50.00,100 גרם,false,,23.90,0.4780,true,1,367636
7290018440407,false,תה ירוק מאטה בטעם קק,,,תה ירוק מאטה בטעם קק,,37.50,100 גרם,false,,26.90,0.7173,true,1,371434
7290018440438,false,טונה  easy flip בשמן,,,טונה  easy flip בשמן,,195.00,100 גרם,false,,26.90,0.1379,true,1,461617
7290018440445,false,נתחי טונה בהירה בשמן,,,נתחי טונה בהירה בשמן,,160.00,100 גרם,false,,17.90,0.1119,true,1,449887
7290018440520,false,סלט טונה עם ירקות בס,,,סלט טונה עם ירקות בס,,150.00,100 גרם,false,,15.90,0.1060,true,1,461573
7290018440896,false,חליטת ג'ינג'ר וכורכו,,,חליטת ג'ינג'ר וכורכו,,37.50,100 גרם,false,,19.90,0.5307,true,1,406613
7290018441626,false,גלידת שמנת בטעם מנטה,,,גלידת שמנת בטעם מנטה,,430.00,100 גרם,false,,24.90,0.0579,true,1,398200
7290018468418,false,פסטרמה צמחונית מפולפ,,,פסטרמה צמחונית מפולפ,,120.00,100 גרם,false,,16.90,0.1408,true,1,495918
7290018471036,false,שוופס סודה לימון 500,,,שוופס סודה לימון 500,,500.00,"100 מ""ל",false,,3.50,0.0070,true,1,270039
7290018471197,false,פרוט ווג תפוח בננה מ,,,פרוט ווג תפוח בננה מ,ליטרים,1.00,ליטר,false,,14.50,14.5000,true,1,299022
7290018471401,false,פרוט ווג אננס בננה כ,,,פרוט ווג אננס בננה כ,ליטרים,1.00,ליטר,false,,14.50,14.5000,true,1,299024
7290018471470,false,נקטר תפוזינה ENJOY ב,,,נקטר תפוזינה ENJOY ב,ליטרים,1.00,ליטר,false,,7.90,7.9000,true,1,313965
7290018471487,false,נקטר תפוזינה ENJOY ב,,,נקטר תפוזינה ENJOY ב,ליטרים,1.00,ליטר,false,,7.90,7.9000,true,1,313966
7290018471494,false,נקטר תפוזינה ENJOY ב,,,נקטר תפוזינה ENJOY ב,ליטרים,1.00,ליטר,false,,7.90,7.9000,true,1,313967
7290018471548,false,ענבים ספרינג  4*250,,,ענבים ספרינג  4*250,ליטרים,1.00,ליטר,false,,11.90,11.9000,true,1,299038
7290018471623,false,שוופס טוניק אשכוליות,,,שוופס טוניק אשכוליות,ליטרים,1.00,ליטר,false,,10.80,10.8000,true,1,316561
7290018471692,false,ספרינג שייק בננה אננ,,,ספרינג שייק בננה אננ,ליטרים,1.00,ליטר,false,,13.90,13.9000,true,1,325882
7290018471906,false,שוופס מוגז לימונדה ו,,,שוופס מוגז לימונדה ו,ליטרים,1.50,ליטר,false,,9.90,6.6000,true,1,370921
7290018471937,false,שוופס מוגז פירות תות,,,שוופס מוגז פירות תות,ליטרים,1.50,ליטר,false,,9.90,6.6000,true,1,370924
7290018471944,false,שוופס מוגז למונייד 1,,,שוופס מוגז למונייד 1,ליטרים,1.50,ליטר,false,,9.90,6.6000,true,1,370939
7290018471951,false,שוופס פרוטס אשכולית,,,שוופס פרוטס אשכולית,ליטרים,1.50,ליטר,false,,9.90,6.6000,true,1,370940
7290018500361,false,לחם אחיד פרוס מאפיית,,,לחם אחיד פרוס מאפיית,,900.00,יח',false,,8.53,0.0095,true,1,456924
7290018500385,true,חלה רגילה אנגל 650 ג,,,חלה רגילה אנגל 650 ג,,650.00,יח',false,,6.50,0.0100,true,1,480569
7290018540329,false,פיתה פיתה אנגל 880 ג,,,פיתה פיתה אנגל 880 ג,,10.00,מטר,false,,13.90,1.3900,true,1,291275
7290018540817,false,לחם ארטיזנל כוסמין א,,,לחם ארטיזנל כוסמין א,,500.00,100 גרם,false,,19.90,0.0398,true,1,420496
7290018540824,false,לחם מחמצת כפרי artis,,,לחם מחמצת כפרי artis,,500.00,100 גרם,false,,19.90,0.0398,true,1,420497
7290018571705,false,"אורז יסמין 1 ק""ג",,,"אורז יסמין 1 ק""ג",קילוגרמים,1.00,"ק""ג",false,,12.90,12.9000,true,1,452094
7290018571743,false,"אורז מלא 1 ק""ג",,,"אורז מלא 1 ק""ג",קילוגרמים,1.00,"ק""ג",false,,9.90,9.9000,true,1,452111
7290018626078,false,"צלחות קטנות ""7 שקוף",,,"צלחות קטנות ""7 שקוף",יחידה,0.00,יחידה,false,,11.90,0.0000,true,1,294351
7290018626153,false,תבנית R-88 אינגליש 1,,,תבנית R-88 אינגליש 1,יחידה,0.00,יחידה,false,,9.90,0.0000,true,1,299301
7290018626283,false,פיצה מרגריטה 350 גרם,,,פיצה מרגריטה 350 גרם,,350.00,100 גרם,false,,12.90,0.0369,true,1,337091
7290018626306,false,פיצה מרגריטה פיטריות,,,פיצה מרגריטה פיטריות,,400.00,100 גרם,false,,12.90,0.0323,true,1,341739
7290018626504,false,שקיות L שרוך 80 יח',,,שקיות L שרוך 80 יח',יחידה,0.00,יחידה,false,,24.90,0.0000,true,1,300937
7290018626542,false,שקיות אשפה לפחים גדו,,,שקיות אשפה לפחים גדו,יחידה,0.00,יחידה,false,,13.90,0.0000,true,1,320364
7290018626610,false,צימרונים לאוזנים מאר,,,צימרונים לאוזנים מאר,יחידה,0.00,יחידה,false,,9.90,0.0000,true,1,337818
7290018626641,false,מארז תבניות רוסטר גד,,,מארז תבניות רוסטר גד,יחידה,0.00,יחידה,false,,15.90,0.0000,true,1,389328
7290018626658,false,מארז תבניות רוסטר שט,,,מארז תבניות רוסטר שט,יחידה,0.00,יחידה,false,,15.90,0.0000,true,1,389329
7290018626894,false,כוסות P.P יהלום כסף,,,כוסות P.P יהלום כסף,יחידה,0.00,יחידה,false,,10.90,0.0000,true,1,337874
7290018626900,false,מפיות תלת שכבתיות 20,,,מפיות תלת שכבתיות 20,יחידה,0.00,יחידה,false,,5.90,0.0000,true,1,354466
7290018626979,false,מפיות תלת שכבתיות 20,,,מפיות תלת שכבתיות 20,יחידה,0.00,יחידה,false,,5.90,0.0000,true,1,354486
7290018652039,false,לה קרמריה קרמל מלוח,,,לה קרמריה קרמל מלוח,ליטרים,1.40,ליטר,false,,25.90,18.5000,true,1,314338
7290018652671,false,גלידת שוקו וניל מופח,,,גלידת שוקו וניל מופח,,0.00,100 גרם,false,,25.90,0.0000,true,1,406931
7290018652886,false,מאגדת שוקו בננה 8 יח,,,מאגדת שוקו בננה 8 יח,,476.00,100 גרם,false,,30.90,0.0649,true,1,409360
7290018652909,false,מאגדת שלגונים אספרסו,,,מאגדת שלגונים אספרסו,,225.00,100 גרם,false,,31.90,0.1418,true,1,438938
7290018652923,false,מאגדת מסקרפונה תות *,,,מאגדת מסקרפונה תות *,,225.00,100 גרם,false,,31.90,0.1418,true,1,438953
7290018720011,false,מעדני המלך קרנבל חיו,,,מעדני המלך קרנבל חיו,,250.00,100 גרם,false,,6.90,0.0276,true,1,303334
7290018720028,false,מעדני המלך אותיות 25,,,מעדני המלך אותיות 25,,250.00,100 גרם,false,,6.90,0.0276,true,1,303335
7290018792841,false,אבקת קקאו דל שומן 15,,,אבקת קקאו דל שומן 15,,150.00,100 גרם,false,,11.90,0.0793,true,1,491673
7290018795842,false,שיני שום קלופות 500,,,שיני שום קלופות 500,,500.00,100 גרם,false,,18.90,0.0378,true,1,458379
7290018886137,false,מפיות תלת שכבתיות 20,,,מפיות תלת שכבתיות 20,יחידה,0.00,יחידה,false,,5.90,0.0000,true,1,354492
7290018886144,false,מפיות תלת שכבתיות 20,,,מפיות תלת שכבתיות 20,יחידה,0.00,יחידה,false,,5.90,0.0000,true,1,354493
7290018886175,false,כפיות עבות 50 יח'  ש,,,כפיות עבות 50 יח'  ש,יחידה,0.00,יחידה,false,,10.90,0.0000,true,1,337833
7290018886229,false,מזלגות עבות 50 יח',,,מזלגות עבות 50 יח',יחידה,0.00,יחידה,false,,10.90,0.0000,true,1,337838
7290018886243,false,כפות עבות 50 יח'  קר,,,כפות עבות 50 יח'  קר,יחידה,0.00,יחידה,false,,10.90,0.0000,true,1,337840
7290018886397,false,סכינים מהודרים כסף 1,,,סכינים מהודרים כסף 1,יחידה,0.00,יחידה,false,,7.90,0.0000,true,1,386652
7290018886410,false,מזלגות מהודרים פנינה,,,מזלגות מהודרים פנינה,יחידה,0.00,יחידה,false,,7.90,0.0000,true,1,386698
7290018886502,false,כפיות מהודרות זהב 10,,,כפיות מהודרות זהב 10,יחידה,0.00,יחידה,false,,6.90,0.0000,true,1,386577
7290018886953,false,כפיות מוכספים  20 יח,,,כפיות מוכספים  20 יח,יחידה,0.00,יחידה,false,,9.90,0.0000,true,1,359798
7290018886977,false,נייר אפיה 50 יחידות,,,נייר אפיה 50 יחידות,יחידה,0.00,יחידה,false,,9.90,0.0000,true,1,360887
7290018886991,false,שמן קנולה אלומות 1 ל,,,שמן קנולה אלומות 1 ל,ליטרים,1.00,ליטר,false,,12.90,12.9000,true,1,353100
7290018893111,false,צ'וקטה שוקולד מריר מ,,,צ'וקטה שוקולד מריר מ,,100.00,100 גרם,false,,9.90,0.0990,true,1,459129
7290018893135,false,צ'וקטה גריסיני מלח 1,,,צ'וקטה גריסיני מלח 1,,120.00,100 גרם,false,,10.00,0.0833,true,1,458995
7290018893340,false,צ'וקטה גריסיני שומשו,,,צ'וקטה גריסיני שומשו,,120.00,100 גרם,false,,10.00,0.0833,true,1,458997
7290018893500,false,צ'וקטה עוגיות סנדביץ,,,צ'וקטה עוגיות סנדביץ,,180.00,100 גרם,false,,5.90,0.0328,true,1,434003
7290018893708,false,צ'וקטה עוגיות סנדביץ,,,צ'וקטה עוגיות סנדביץ,,250.00,100 גרם,false,,8.90,0.0356,true,1,434035
7290018894002,false,בלקוני קוביות וופל ק,,,בלקוני קוביות וופל ק,,250.00,100 גרם,false,,13.90,0.0556,true,1,449015
7290018894019,false,עוגות אישיות מיקס מק,,,עוגות אישיות מיקס מק,,350.00,100 גרם,false,,15.90,0.0454,true,1,438172
7290018894200,false,בלקוני קוביות וופל ו,,,בלקוני קוביות וופל ו,,250.00,100 גרם,false,,13.90,0.0556,true,1,449016
7290018894408,false,בלקוני קוביות וופל א,,,בלקוני קוביות וופל א,,250.00,100 גרם,false,,13.90,0.0556,true,1,449017
7290018894804,false,וופל במילוי קרם אגוז,,,וופל במילוי קרם אגוז,,175.00,100 גרם,false,,8.90,0.0509,true,1,438219
7290018925065,false,פרימור מיץ תפוזים סח,,,פרימור מיץ תפוזים סח,ליטרים,2.00,ליטר,false,,28.90,14.4500,true,1,378298
7290018989005,false,פולפה טבעית יכין  3*,,,פולפה טבעית יכין  3*,קילוגרמים,1.20,"ק""ג",false,,17.90,14.9167,true,1,395299
7290019031000,false,WIZ מארז חמישיית ניי,,,WIZ מארז חמישיית ניי,יחידה,0.00,יחידה,false,,11.90,0.0000,true,1,389372
7290019031062,false,תבנית R-2 מלבנית 7 י,,,תבנית R-2 מלבנית 7 י,יחידה,0.00,יחידה,false,,9.90,0.0000,true,1,412983
7290019031079,false,תבנית R-29 מרובעת קט,,,תבנית R-29 מרובעת קט,יחידה,0.00,יחידה,false,,9.90,0.0000,true,1,412984
7290019031086,false,תבנית R-31 גדולה 7 י,,,תבנית R-31 גדולה 7 י,יחידה,0.00,יחידה,false,,9.90,0.0000,true,1,412985
7290019031222,false,כוסות 12OZ לשתייה חמ,,,כוסות 12OZ לשתייה חמ,יחידה,0.00,יחידה,false,,12.90,0.0000,true,1,419163
7290019031239,false,כוסות 16OZ לשתייה חמ,,,כוסות 16OZ לשתייה חמ,יחידה,0.00,יחידה,false,,15.90,0.0000,true,1,419147
7290019031338,false,"צלחות קטנות 7"" לבנות",,,"צלחות קטנות 7"" לבנות",יחידה,0.00,יחידה,false,,9.90,0.0000,true,1,407837
7290019031345,false,צלחות גדולות 9 לבן 2,,,צלחות גדולות 9 לבן 2,יחידה,0.00,יחידה,false,,13.90,0.0000,true,1,392941
7290019031369,false,"צלחות גדולות 9"" קרם",,,"צלחות גדולות 9"" קרם",יחידה,0.00,יחידה,false,,15.90,0.0000,true,1,407853
7290019031383,false,סבון ידיים מאסק 1 לי,,,סבון ידיים מאסק 1 לי,,1.00,100 ליטר,false,,10.90,10.9000,true,1,407803
7290019031406,false,רביעיית מגבונים לחים,,,רביעיית מגבונים לחים,יחידה,0.00,יחידה,false,,10.90,0.0000,true,1,419032
7290019031420,false,אל סבון נוזלי שלישיי,,,אל סבון נוזלי שלישיי,,500.00,"100 מ""ל",false,,12.90,0.0258,true,1,418988
7290019031543,false,שמן זית כתית מעולה א,,,שמן זית כתית מעולה א,,750.00,"100 מ""ל",false,,32.90,0.0439,true,1,418945
7290019031598,false,מארז 5 מכלים + מכסים,,,מארז 5 מכלים + מכסים,ליטרים,0.50,ליטר,false,,10.90,21.8000,true,1,413707
7290019031604,false,מארז 5 מכלים + מכסים,,,מארז 5 מכלים + מכסים,ליטרים,1.00,ליטר,false,,10.90,10.9000,true,1,413708
7290019031635,false,פחם מסעדות דרום אמרי,,,פחם מסעדות דרום אמרי,יחידה,0.00,יחידה,false,,26.90,0.0000,true,1,498285
7290019031673,false,"WIZ מרקיות שקופות 7""",,,"WIZ מרקיות שקופות 7""",יחידה,0.00,יחידה,false,,10.90,0.0000,true,1,469584
7290019056065,false,שוופס מוגז עדין פירו,,,שוופס מוגז עדין פירו,ליטרים,1.50,ליטר,false,,8.90,5.9333,true,1,370608
7290019056072,false,שוופס מוגז עדין אננס,,,שוופס מוגז עדין אננס,ליטרים,1.50,ליטר,false,,8.90,5.9333,true,1,370624
7290019056089,false,שוופס מוגז עדין טעם,,,שוופס מוגז עדין טעם,ליטרים,1.50,ליטר,false,,8.90,5.9333,true,1,370625
7290019056096,false,שוופס מוגז עדין אפרס,,,שוופס מוגז עדין אפרס,ליטרים,1.50,ליטר,false,,8.90,5.9333,true,1,370642
7290019056119,false,שוופס סודה 1.5ליטר,,,שוופס סודה 1.5ליטר,ליטרים,1.50,ליטר,false,,4.50,3.0000,true,1,370492
7290019056157,false,שוופס סודה פירות יער,,,שוופס סודה פירות יער,ליטרים,1.50,ליטר,false,,4.50,3.0000,true,1,374517
7290019056164,false,שוופס סודה 4*1.5ליטר,,,שוופס סודה 4*1.5ליטר,ליטרים,6.00,ליטר,false,,13.10,2.1833,true,1,370493
7290019056171,false,שוופס סודה לימון 4*1,,,שוופס סודה לימון 4*1,ליטרים,6.00,ליטר,false,,13.10,2.1833,true,1,370510
7290019056188,false,שוופס סודה נענע ליים,,,שוופס סודה נענע ליים,ליטרים,6.00,ליטר,false,,13.10,2.1833,true,1,370525
7290019056232,false,שוופס ליים מוחיטו 1.,,,שוופס ליים מוחיטו 1.,ליטרים,1.50,ליטר,false,,9.90,6.6000,true,1,370643
7290019056249,false,שוופס וואטר ענבים 1.,,,שוופס וואטר ענבים 1.,ליטרים,1.50,ליטר,false,,9.50,6.3333,true,1,370416
7290019056256,false,שוופס וואטר בטעם תפו,,,שוופס וואטר בטעם תפו,ליטרים,1.50,ליטר,false,,9.50,6.3333,true,1,370431
7290019056263,false,שוופס וואטר אפרסק 1.,,,שוופס וואטר אפרסק 1.,ליטרים,1.50,ליטר,false,,9.50,6.3333,true,1,370432
7290019056270,false,שוופס וואטר פירות יע,,,שוופס וואטר פירות יע,ליטרים,1.50,ליטר,false,,9.50,6.3333,true,1,372641
7290019056300,false,שוופס ביטר לימון 1.5,,,שוופס ביטר לימון 1.5,ליטרים,1.50,ליטר,false,,12.90,8.6000,true,1,371004
7290019056324,false,שוופס מי טוניק 1.5 ל,,,שוופס מי טוניק 1.5 ל,ליטרים,1.50,ליטר,false,,12.90,8.6000,true,1,371006
7290019056331,false,שוופס טוניק ללא סוכר,,,שוופס טוניק ללא סוכר,ליטרים,1.50,ליטר,false,,11.90,7.9333,true,1,371021
7290019056355,false,תפוזינה לימונדה נענע,,,תפוזינה לימונדה נענע,ליטרים,1.50,ליטר,false,,9.50,6.3333,true,1,370006
7290019056362,false,תפוזינה ענבים 1.5 לי,,,תפוזינה ענבים 1.5 לי,ליטרים,1.50,ליטר,false,,9.50,6.3333,true,1,370104
7290019056379,false,תפוזינה תפוזים 1.5 ל,,,תפוזינה תפוזים 1.5 ל,ליטרים,1.50,ליטר,false,,9.50,6.3333,true,1,370154
7290019056393,false,תפוזינה תות בננה 1.5,,,תפוזינה תות בננה 1.5,ליטרים,1.50,ליטר,false,,9.50,6.3333,true,1,370173
7290019056409,false,תפוזינה מנגו עסיסי 1,,,תפוזינה מנגו עסיסי 1,ליטרים,1.50,ליטר,false,,9.50,6.3333,true,1,370174
7290019056430,false,תפוזינה תפוז 1.5 ליט,,,תפוזינה תפוז 1.5 ליט,ליטרים,1.50,ליטר,false,,8.90,5.9333,true,1,370234
7290019056515,false,פרוט ווטר אננס 1.5 ל,,,פרוט ווטר אננס 1.5 ל,ליטרים,1.50,ליטר,false,,9.50,6.3333,true,1,370370
7290019056553,false,עין גדי מים מינרלים,,,עין גדי מים מינרלים,ליטרים,12.00,ליטר,false,,13.80,1.1500,true,1,371167
7290019056560,false,עין גדי מים מינרלים,,,עין גדי מים מינרלים,ליטרים,2.00,ליטר,false,,4.50,2.2500,true,1,371168
7290019056607,false,ספרינג תפוחים 1.5 לי,,,ספרינג תפוחים 1.5 לי,ליטרים,1.50,ליטר,false,,9.50,6.3333,true,1,369921
7290019056614,false,ספרינג אפרסק 1.5 ליט,,,ספרינג אפרסק 1.5 ליט,ליטרים,1.50,ליטר,false,,9.50,6.3333,true,1,369937
7290019056621,false,ספרינג פירות טרופיים,,,ספרינג פירות טרופיים,ליטרים,1.50,ליטר,false,,9.50,6.3333,true,1,369938
7290019056638,false,ספרינג תות בננה 1.5,,,ספרינג תות בננה 1.5,ליטרים,1.50,ליטר,false,,9.50,6.3333,true,1,369939
7290019056652,false,ספרינג אננס בננה 1.5,,,ספרינג אננס בננה 1.5,ליטרים,1.50,ליטר,false,,9.50,6.3333,true,1,369984
7290019056720,false,קריסטל מיץ ענבים 2 ל,,,קריסטל מיץ ענבים 2 ל,ליטרים,2.00,ליטר,false,,8.50,4.2500,true,1,371022
7290019056744,false,קריסטל מיץ תפוזים 2,,,קריסטל מיץ תפוזים 2,ליטרים,2.00,ליטר,false,,8.50,4.2500,true,1,371038
7290019056768,false,קריסטל מיץ מנגו 2 לי,,,קריסטל מיץ מנגו 2 לי,ליטרים,2.00,ליטר,false,,8.50,4.2500,true,1,371040
7290019056805,false,משקה מוגז קריסטל תפו,,,משקה מוגז קריסטל תפו,ליטרים,2.00,ליטר,false,,8.50,4.2500,true,1,371072
7290019056812,false,קריסטל מנטה 2 ליטר,,,קריסטל מנטה 2 ליטר,ליטרים,2.00,ליטר,false,,8.50,4.2500,true,1,371087
7290019056959,false,מי עדן 1.5 ליטר,,,מי עדן 1.5 ליטר,ליטרים,1.50,ליטר,false,,3.90,2.6000,true,1,382130
7290019056973,false,מי עדן 6*1.5 ליטר,,,מי עדן 6*1.5 ליטר,ליטרים,9.00,ליטר,false,,14.90,1.6556,true,1,371121
7290019153313,false,פרוט & וג' תפוח חמוצ,,,פרוט & וג' תפוח חמוצ,,330.00,"100 מ""ל",false,,8.90,0.0270,true,1,450850
7290019153375,false,תפוזינה מוחיטו 1.5 ל,,,תפוזינה מוחיטו 1.5 ל,ליטרים,1.50,ליטר,false,,9.50,6.3333,true,1,444777
7290019204305,false,פסטרמה ברביקיו עוף ט,,,פסטרמה ברביקיו עוף ט,,350.00,100 גרם,false,,27.90,0.0797,true,1,477780
7290019245001,false,שמן קנולה אלומות 1 ל,,,שמן קנולה אלומות 1 ל,ליטרים,1.00,ליטר,false,,12.90,12.9000,true,1,430691
7290019308058,false,שעועית ירוקה חתוכה 8,,,שעועית ירוקה חתוכה 8,,800.00,100 גרם,false,,7.20,0.0090,true,1,464146
7290100235324,false,עוגת בריוש גבינה 550,,,עוגת בריוש גבינה 550,,550.00,100 גרם,false,,29.90,0.0544,true,1,69156
7290100235553,false,"עוגת בריוש תפו""ע עם",,,"עוגת בריוש תפו""ע עם",,550.00,100 גרם,false,,29.90,0.0544,true,1,69162
7290100240632,false,פתית 6 דגנים תלמה 25,,,פתית 6 דגנים תלמה 25,,250.00,100 גרם,false,,18.90,0.0756,true,1,12834
7290100240656,false,פתית שיפון תלמה 300,,,פתית שיפון תלמה 300,,300.00,100 גרם,false,,18.90,0.0630,true,1,12835
7290100245231,false,נמס בכוס ועוד טעם עו,,,נמס בכוס ועוד טעם עו,,50.00,100 גרם,false,,7.90,0.1580,true,1,67064
7290100572702,false,אביזרי מטבח ב-11.00,,,אביזרי מטבח ב-11.00,יחידה,0.00,יחידה,false,,10.90,0.0000,true,1,39078
7290100575086,false,אביזרי מטבח ב-6.99,,,אביזרי מטבח ב-6.99,יחידה,0.00,יחידה,false,,6.90,0.0000,true,1,39087
7290100658338,false,פלמוליב לכלים אוקסי-,,,פלמוליב לכלים אוקסי-,,750.00,"100 מ""ל",false,,12.90,0.0172,true,1,24879
7290100680667,false,מנה חמה נודלס ירקות,,,מנה חמה נודלס ירקות,,76.00,100 גרם,false,,6.90,0.0908,true,1,67963
7290100680728,false,פירורית רגילה שקית 3,,,פירורית רגילה שקית 3,,350.00,100 גרם,false,,8.90,0.0254,true,1,22715
7290100683880,false,פירה אסם 260 גרם,,,פירה אסם 260 גרם,,260.00,100 גרם,false,,15.90,0.0612,true,1,22732
7290100684139,false,מיני מקרוני אסם 500,,,מיני מקרוני אסם 500,,500.00,100 גרם,false,,6.90,0.0138,true,1,22733
7290100685136,false,מרק בטעם עוף אסם 1 ק,,,מרק בטעם עוף אסם 1 ק,קילוגרמים,1.00,"ק""ג",false,,16.90,16.9000,true,1,22741
7290100685600,false,פירורית זהב חיטה מלא,,,פירורית זהב חיטה מלא,,200.00,100 גרם,false,,8.50,0.0425,true,1,118374
7290100687109,false,במבה במילוי קרם נוגט,,,במבה במילוי קרם נוגט,,60.00,יח',false,,5.90,0.0983,true,1,22756
7290100689301,false,מרק בטעם עוף זך אסם,,,מרק בטעם עוף זך אסם,,400.00,100 גרם,false,,15.90,0.0398,true,1,22763
7290100700020,false,סוגת גריסי פנינה 500,,,סוגת גריסי פנינה 500,,500.00,100 גרם,false,,6.90,0.0138,true,1,20717
7290100700242,false,סוגת אורז מלא עגול 1,,,סוגת אורז מלא עגול 1,קילוגרמים,1.00,"ק""ג",false,,9.90,9.9000,true,1,20719
7290100700334,false,סוגת קינואה 1קג,,,סוגת קינואה 1קג,קילוגרמים,1.00,"ק""ג",false,,28.90,28.9000,true,1,20725
7290100700372,false,אורז בסמטי מלא 1 ק'ג,,,אורז בסמטי מלא 1 ק'ג,קילוגרמים,1.00,"ק""ג",false,,14.90,14.9000,true,1,20727
7290100700389,false,אורז אדום 1 ק'ג,,,אורז אדום 1 ק'ג,קילוגרמים,1.00,"ק""ג",false,,14.90,14.9000,true,1,20728
7290100700396,false,סוגת אורז יסמין קלאס,,,סוגת אורז יסמין קלאס,קילוגרמים,1.00,"ק""ג",false,,13.90,13.9000,true,1,20729
7290100700563,false,אורז מיקס קלאסי 1 ק',,,אורז מיקס קלאסי 1 ק',קילוגרמים,1.00,"ק""ג",false,,14.90,14.9000,true,1,20733
7290100700587,false,סוגת בורגול 500 גר,,,סוגת בורגול 500 גר,,500.00,100 גרם,false,,6.90,0.0138,true,1,20734
7290100701157,false,אורז סושי 1 קג,,,אורז סושי 1 קג,קילוגרמים,1.00,"ק""ג",false,,14.80,14.8000,true,1,20737
7290100701331,false,קמח רב תכליתי סוגת,,,קמח רב תכליתי סוגת,קילוגרמים,1.00,"ק""ג",false,,8.90,8.9000,true,1,20740
7290100701348,false,קמח שיפון מלא סוגת,,,קמח שיפון מלא סוגת,קילוגרמים,1.00,"ק""ג",false,,8.90,8.9000,true,1,20741
7290100701454,false,גרישה 500 גרם,,,גרישה 500 גרם,,500.00,100 גרם,false,,6.90,0.0138,true,1,20746
7290100701881,false,קמח פיצה ופוקצה סוגת,,,קמח פיצה ופוקצה סוגת,קילוגרמים,1.00,"ק""ג",false,,8.90,8.9000,true,1,67683
7290100702260,false,קוסקוס דק סוגת 350 ג,,,קוסקוס דק סוגת 350 ג,,350.00,100 גרם,false,,5.90,0.0169,true,1,20756
7290100702277,false,קוסקוס עבה סוגת 350,,,קוסקוס עבה סוגת 350,,350.00,100 גרם,false,,5.90,0.0169,true,1,20757
7290100702611,false,פתיתים אפויים אורז ס,,,פתיתים אפויים אורז ס,,500.00,100 גרם,false,,5.20,0.0104,true,1,20769
7290100702628,false,פתיתים אפויים קוסקוס,,,פתיתים אפויים קוסקוס,,500.00,100 גרם,false,,5.20,0.0104,true,1,20770
7290100702741,false,סוכר חום בהיר בצנצנת,,,סוכר חום בהיר בצנצנת,קילוגרמים,1.00,"ק""ג",false,,14.50,14.5000,true,1,20780
7290100702987,false,פתיתי שיבולת שועל סו,,,פתיתי שיבולת שועל סו,,500.00,100 גרם,false,,7.90,0.0158,true,1,118203
7290100702994,false,סוכר דמררה בשקית סוג,,,סוכר דמררה בשקית סוג,,500.00,100 גרם,false,,6.90,0.0138,true,1,20798
7290100703007,false,סוגת עדשים שחורות בל,,,סוגת עדשים שחורות בל,,500.00,100 גרם,false,,9.90,0.0198,true,1,20799
7290100703564,false,שיבולת שועל עבה סוגת,,,שיבולת שועל עבה סוגת,,500.00,100 גרם,false,,7.90,0.0158,true,1,118214
7290100703625,false,קמח לבן ללא ניפוי סו,,,קמח לבן ללא ניפוי סו,קילוגרמים,1.00,"ק""ג",false,,8.90,8.9000,true,1,118217
7290100703632,false,קמח מלא ללא ניפוי סו,,,קמח מלא ללא ניפוי סו,קילוגרמים,1.00,"ק""ג",false,,8.90,8.9000,true,1,118218
7290100703649,false,קמח מלא חיטה 80% ללא,,,קמח מלא חיטה 80% ללא,קילוגרמים,1.00,"ק""ג",false,,8.90,8.9000,true,1,67716
7290100704608,false,שעועית לבנה עדינה 50,,,שעועית לבנה עדינה 50,,500.00,100 גרם,false,,8.90,0.0178,true,1,331729
7290100704622,false,סוכר דמררה דק דק בצנ,,,סוכר דמררה דק דק בצנ,,500.00,100 גרם,false,,8.90,0.0178,true,1,367489
7290100704660,false,קינואה מיקס סוגת 500,,,קינואה מיקס סוגת 500,,500.00,100 גרם,false,,15.90,0.0318,true,1,316350
7290100850909,false,דוריטוס נאצו מקסיקני,,,דוריטוס נאצו מקסיקני,,70.00,100 גרם,false,,4.30,0.0614,true,1,26659
7290100850916,false,דוריטוס חמוץ חריף 70,,,דוריטוס חמוץ חריף 70,,70.00,יח',false,,4.30,0.0614,true,1,26660
7290100850923,false,דוריטוס גריל 70 גרם,,,דוריטוס גריל 70 גרם,,70.00,יח',false,,4.30,0.0614,true,1,26661
7290100850930,false,דוריטוס טבעי 70 גרם,,,דוריטוס טבעי 70 גרם,,70.00,יח',false,,4.30,0.0614,true,1,26662
7290100921593,false,סוד סבון 4 כדוריות ל,,,סוד סבון 4 כדוריות ל,,50.00,100 גרם,false,,10.20,0.2040,true,1,39530
7290100924457,false,סוד סבון 4 כדוריות ל,,,סוד סבון 4 כדוריות ל,,150.00,100 גרם,false,,19.90,0.1327,true,1,39552
7290100924631,false,מרכך כביסה סוד מרוכז,,,מרכך כביסה סוד מרוכז,,900.00,"100 מ""ל",false,,9.90,0.0110,true,1,39562
7290100926109,false,מרכך כביסה סוד צהוב,,,מרכך כביסה סוד צהוב,ליטרים,4.00,ליטר,false,,18.90,4.7250,true,1,39619
7290100926598,false,פרסיל אבקת כביסה 5 ק,,,פרסיל אבקת כביסה 5 ק,קילוגרמים,5.00,"ק""ג",false,,45.90,9.1800,true,1,39628
7290101486688,false,פרי חטיפי בריאות מאר,,,פרי חטיפי בריאות מאר,,100.00,100 גרם,false,,19.70,0.1970,true,1,64551
7290101551027,false,קפסולות אספרסו 14 למ,,,קפסולות אספרסו 14 למ,,50.00,100 גרם,false,,18.90,0.3780,true,1,137258
7290101551539,false,דנונה פרו 20 אפרסק 2,,,דנונה פרו 20 אפרסק 2,,200.00,יח',false,,6.50,0.0325,true,1,133522
7290101551584,false,מארז תפוצ'יפס קידס 1,,,מארז תפוצ'יפס קידס 1,,200.00,100 גרם,false,,15.90,0.0795,true,1,132208
7290101866633,false,וניש קליה ג'ל 3 ליטר,,,וניש קליה ג'ל 3 ליטר,ליטרים,3.00,ליטר,false,,31.90,10.6333,true,1,24230
7290101868958,false,פיניש נוזל הברקה לימ,,,פיניש נוזל הברקה לימ,,800.00,"100 מ""ל",false,,20.90,0.0261,true,1,24269
7290101869788,false,איירוויק מילוי מבשם,,,איירוויק מילוי מבשם,,250.00,"100 מ""ל",false,,14.90,0.0596,true,1,24289
7290101999720,false,נרות מטה לבבות פו,,,נרות מטה לבבות פו,יחידה,0.00,יחידה,false,,7.50,0.0000,true,1,37175
7290102030330,false,תפוצ'יפס קראנץ מקסיק,,,תפוצ'יפס קראנץ מקסיק,,200.00,100 גרם,false,,10.90,0.0545,true,1,26670
7290102031276,false,אקטימל תות בננה 8*10,,,אקטימל תות בננה 8*10,,800.00,"100 מ""ל",false,,22.90,0.0286,true,1,26179
7290102300815,false,גבינת צ'דר אנגלית כת,,,גבינת צ'דר אנגלית כת,,200.00,100 גרם,false,,29.90,0.1495,true,1,20080
7290102300822,false,סיימן גבינת צדר אנגל,,,סיימן גבינת צדר אנגל,,200.00,100 גרם,false,,27.90,0.1395,true,1,20081
7290102300860,false,שביק גבינת צדר אנגלי,,,שביק גבינת צדר אנגלי,,200.00,100 גרם,false,,27.90,0.1395,true,1,20082
7290102302246,false,גבינת גאודה 200 גר',,,גבינת גאודה 200 גר',,200.00,100 גרם,false,,24.90,0.1245,true,1,20092
7290102302864,false,גבינה הולנדית חצי קש,,,גבינה הולנדית חצי קש,,200.00,100 גרם,false,,33.90,0.1695,true,1,431656
7290102302888,false,גבינה הולנדית עם כמו,,,גבינה הולנדית עם כמו,,200.00,100 גרם,false,,33.90,0.1695,true,1,431640
7290102303977,false,טונה בשמן זית רוברט,,,טונה בשמן זית רוברט,,120.00,100 גרם,false,,13.90,0.1158,true,1,467034
7290102390427,false,מולר פרופ תות 3% 150,,,מולר פרופ תות 3% 150,,150.00,100 גרם,false,,5.50,0.0367,true,1,8560
7290102390465,false,מולר פרופ אפרסק פסיפ,,,מולר פרופ אפרסק פסיפ,,150.00,100 גרם,false,,5.50,0.0367,true,1,8561
7290102390489,false,מולר פרופ לימון 3% 1,,,מולר פרופ לימון 3% 1,,150.00,100 גרם,false,,5.50,0.0367,true,1,8563
7290102391844,false,מולר פרופ לבן+קציפת,,,מולר פרופ לבן+קציפת,,150.00,100 גרם,false,,5.50,0.0367,true,1,8581
7290102392049,false,צוריאל תבור 5% 500ג,,,צוריאל תבור 5% 500ג,,500.00,100 גרם,false,,27.80,0.0556,true,1,8585
7290102392094,false,צוריאל חלב עיזים 1ל,,,צוריאל חלב עיזים 1ל,ליטרים,1.00,ליטר,false,,16.90,16.9000,true,1,8589
7290102393169,false,מולר סימפלי פרוט תות,,,מולר סימפלי פרוט תות,,150.00,100 גרם,false,,5.50,0.0367,true,1,8626
7290102393190,false,מולר סימפלי פרוט פיר,,,מולר סימפלי פרוט פיר,,150.00,100 גרם,false,,5.50,0.0367,true,1,8629
7290102393268,false,טרה גבינה לבנה אריזת,,,טרה גבינה לבנה אריזת,,750.00,100 גרם,false,,14.90,0.0199,true,1,8630
7290102393299,false,צוריאל יוגורט עיזים,,,צוריאל יוגורט עיזים,,500.00,"100 מ""ל",false,,13.50,0.0270,true,1,8631
7290102393848,false,צוריאל יוגורט עיזים,,,צוריאל יוגורט עיזים,,150.00,"100 מ""ל",false,,6.70,0.0447,true,1,8643
7290102393855,false,צוריאל יוגורט עיזים,,,צוריאל יוגורט עיזים,,150.00,"100 מ""ל",false,,6.70,0.0447,true,1,8644
7290102393947,false,מולר סימפלי פרוט קיו,,,מולר סימפלי פרוט קיו,,150.00,"100 מ""ל",false,,5.50,0.0367,true,1,8645
7290102394258,false,צוריאל מה עז 9% 180ג,,,צוריאל מה עז 9% 180ג,,180.00,100 גרם,false,,26.40,0.1467,true,1,8654
7290102394463,false,נעם גבינה צהובה וואק,,,נעם גבינה צהובה וואק,,500.00,יח',false,,28.00,0.0560,true,1,8663
7290102394821,false,נעם גבינה צהובה דק ד,,,נעם גבינה צהובה דק ד,,200.00,100 גרם,false,,16.20,0.0810,true,1,8669
7290102395217,false,מולר ביאנקו במתיקות,,,מולר ביאנקו במתיקות,קילוגרמים,1.20,"ק""ג",false,,19.90,16.5833,true,1,8681
7290102395224,false,מולר נטורל 1.7% 8*15,,,מולר נטורל 1.7% 8*15,קילוגרמים,1.20,"ק""ג",false,,16.90,14.0833,true,1,8682
7290102395231,false,מולר נטורל 2.8% 8*15,,,מולר נטורל 2.8% 8*15,קילוגרמים,1.20,"ק""ג",false,,16.90,14.0833,true,1,8683
7290102395262,false,מולר תות שדה ואפרסק,,,מולר תות שדה ואפרסק,קילוגרמים,1.20,"ק""ג",false,,32.40,27.0000,true,1,8684
7290102395439,false,מולר סימפלי פירות יע,,,מולר סימפלי פירות יע,קילוגרמים,1.20,"ק""ג",false,,32.40,27.0000,true,1,8691
7290102395446,false,מוו וניל קצפת 123מל,,,מוו וניל קצפת 123מל,,123.00,"100 מ""ל",false,,3.50,0.0285,true,1,8692
7290102395477,false,מוו שוקולד קצפת 123מ,,,מוו שוקולד קצפת 123מ,,123.00,"100 מ""ל",false,,3.50,0.0285,true,1,8695
7290102396399,false,מוו מעדן שוקולד 100*,,,מוו מעדן שוקולד 100*,,800.00,100 גרם,false,,13.90,0.0174,true,1,8731
7290102396405,false,מוו מעדן וניל 100*8,,,מוו מעדן וניל 100*8,,800.00,100 גרם,false,,13.90,0.0174,true,1,8732
7290102396436,false,מוו מעדן שוקולד 1.5%,,,מוו מעדן שוקולד 1.5%,,125.00,100 גרם,false,,3.50,0.0280,true,1,8734
7290102396443,false,מוו מעדן וניל 1.5% 1,,,מוו מעדן וניל 1.5% 1,,125.00,100 גרם,false,,3.50,0.0280,true,1,8735
7290102396580,false,מוו מעדן שוקולד ומוס,,,מוו מעדן שוקולד ומוס,,118.00,100 גרם,false,,3.50,0.0297,true,1,8743
7290102396665,false,גבנ`צ דקדק פתח סגור,,,גבנ`צ דקדק פתח סגור,,200.00,100 גרם,false,,16.20,0.0810,true,1,8748
7290102396672,false,נעם צהובה דק דק 9% 3,,,נעם צהובה דק דק 9% 3,,360.00,100 גרם,false,,28.90,0.0803,true,1,8749
7290102396719,false,מולר סימפלי פרוט תות,,,מולר סימפלי פרוט תות,,170.00,100 גרם,false,,5.50,0.0324,true,1,8752
7290102396726,false,מולר סימפלי פרוט אפר,,,מולר סימפלי פרוט אפר,,150.00,100 גרם,false,,5.50,0.0367,true,1,8753
7290102396740,false,מולר סימפלי פרוט 0%,,,מולר סימפלי פרוט 0%,קילוגרמים,1.20,"ק""ג",false,,32.40,27.0000,true,1,8755
7290102397204,false,נעם צהובה דק דק 22%,,,נעם צהובה דק דק 22%,,200.00,100 גרם,false,,16.20,0.0810,true,1,8780
7290102397464,false,מולר יוגורט נטורל +,,,מולר יוגורט נטורל +,,150.00,100 גרם,false,,5.90,0.0393,true,1,74056
7290102397600,false,מולר מיקס שקדים ובוט,,,מולר מיקס שקדים ובוט,,168.00,100 גרם,false,,5.90,0.0351,true,1,8805
7290102397617,false,מולר מיקס קליק 168 ג,,,מולר מיקס קליק 168 ג,,168.00,100 גרם,false,,5.90,0.0351,true,1,8806
7290102397747,false,מוצרלה נעם  רכיבים ט,,,מוצרלה נעם  רכיבים ט,,200.00,יח',false,,19.90,0.0995,true,1,106256
7290102397891,false,רביעייה גבינה מותכת,,,רביעייה גבינה מותכת,,100.00,יח',false,,7.90,0.0790,true,1,74048
7290102398065,false,טרה חלב קרטון 3% מהד,,,טרה חלב קרטון 3% מהד,יחידה,0.00,יחידה,false,,12.46,0.0000,true,1,88843
7290102398331,false,חלב מועשר  1 ליטר דל,,,חלב מועשר  1 ליטר דל,ליטרים,1.00,ליטר,false,,8.50,8.5000,true,1,109430
7290102398478,false,לאבנה 9% טרה 500 גרם,,,לאבנה 9% טרה 500 גרם,,500.00,100 גרם,false,,19.90,0.0398,true,1,212613
7290102398560,false,שוקו טרה מועשר בבקבו,,,שוקו טרה מועשר בבקבו,ליטרים,1.00,ליטר,false,,12.50,12.5000,true,1,124949
7290102398577,false,שוקו טרה מועשר בבקבו,,,שוקו טרה מועשר בבקבו,,250.00,"100 מ""ל",false,,5.90,0.0236,true,1,133618
7290102398638,false,משקה חלב בטעם מוקה 1,,,משקה חלב בטעם מוקה 1,ליטרים,1.00,ליטר,false,,12.50,12.5000,true,1,124951
7290102398669,false,אייס קפוצ'ינו מווו ט,,,אייס קפוצ'ינו מווו ט,ליטרים,1.00,ליטר,false,,12.50,12.5000,true,1,243801
7290102398782,false,משקה סויה קלאסי משק,,,משקה סויה קלאסי משק,ליטרים,1.00,ליטר,false,,11.90,11.9000,true,1,195974
7290102398799,false,משקה סויה במתיקות מו,,,משקה סויה במתיקות מו,ליטרים,1.00,ליטר,false,,11.90,11.9000,true,1,195975
7290102398836,false,משקה שקדים קלאסי משק,,,משקה שקדים קלאסי משק,ליטרים,1.00,ליטר,false,,12.90,12.9000,true,1,195978
7290102399635,false,מעדן מולר פרופ קוקוס,,,מעדן מולר פרופ קוקוס,,150.00,100 גרם,false,,5.50,0.0367,true,1,244620
7290102399772,false,מולר ממרח חמאה במליח,,,מולר ממרח חמאה במליח,,250.00,100 גרם,false,,18.90,0.0756,true,1,241688
7290102399789,false,מולר ממרח חמאה ללא מ,,,מולר ממרח חמאה ללא מ,,250.00,100 גרם,false,,18.90,0.0756,true,1,241689
7290102399796,false,יוגורט חלבון לבן 250,,,יוגורט חלבון לבן 250,,200.00,100 גרם,false,,6.90,0.0345,true,1,237391
7290102399802,false,יוגורט חלבון תות 20,,,יוגורט חלבון תות 20,,200.00,100 גרם,false,,6.90,0.0345,true,1,237392
7290102399819,false,יוגורט חלבון פ.יער 2,,,יוגורט חלבון פ.יער 2,,200.00,100 גרם,false,,6.90,0.0345,true,1,237393
7290102399857,false,יוגורט מולר אקטיב לי,,,יוגורט מולר אקטיב לי,,150.00,100 גרם,false,,6.50,0.0433,true,1,251133
7290103128739,false,בלונס צימרוני אוזניי,,,בלונס צימרוני אוזניי,יחידה,0.00,יחידה,false,,6.90,0.0000,true,1,24926
7290103400194,false,כרוב לבן 400 ג בדצ י,,,כרוב לבן 400 ג בדצ י,,400.00,100 גרם,false,,11.40,0.0285,true,1,26184
7290103401429,false,קפה אוריגינס קצב ברז,,,קפה אוריגינס קצב ברז,,200.00,100 גרם,false,,29.90,0.1495,true,1,25510
7290103404758,false,אחלה כרוב אדום 120ג,,,אחלה כרוב אדום 120ג,,120.00,יח',false,,5.90,0.0492,true,1,26189
7290103408206,false,עלי חסה ערבית שטופים,,,עלי חסה ערבית שטופים,,250.00,100 גרם,false,,11.90,0.0476,true,1,26193
7290103700386,false,טאצ' כריות יפניות 6י,,,טאצ' כריות יפניות 6י,יחידה,0.00,יחידה,false,,10.90,0.0000,true,1,27033
7290103702229,false,טאצ מפות עבות במיוחד,,,טאצ מפות עבות במיוחד,יחידה,0.00,יחידה,false,,9.80,0.0000,true,1,27052
7290103702540,false,נייר טואלט  30 יח' מ,,,נייר טואלט  30 יח' מ,יחידה,0.00,יחידה,false,,24.90,0.0000,true,1,228037
7290103704155,false,מגבות נייר 6 גלילים,,,מגבות נייר 6 גלילים,,63.00,מטר,false,,10.90,0.1730,true,1,327164
7290103704162,false,נייר טואלט טאצ' 32 ג,,,נייר טואלט טאצ' 32 ג,,0.00,יח',false,,32.90,0.0000,true,1,303239
7290103704575,false,נייר טואלט טאצ' 48 י,,,נייר טואלט טאצ' 48 י,יחידה,0.00,יחידה,false,,41.90,0.0000,true,1,303254
7290104061431,false,אחלה חומוס צנובר 400,,,אחלה חומוס צנובר 400,,400.00,100 גרם,false,,11.90,0.0298,true,1,26198
7290104061448,false,אחלה חומוס חריף 400ג,,,אחלה חומוס חריף 400ג,,400.00,יח',false,,11.90,0.0298,true,1,26199
7290104064012,false,פסק זמן 2GOOD לבן 36,,,פסק זמן 2GOOD לבן 36,,36.00,100 גרם,false,,5.90,0.1639,true,1,125275
7290104065187,false,קפה נמס עלית בטעם מו,,,קפה נמס עלית בטעם מו,,200.00,100 גרם,false,,30.90,0.1545,true,1,25540
7290104065934,false,שטראוס עלי רוקט 150ג,,,שטראוס עלי רוקט 150ג,,150.00,100 גרם,false,,10.90,0.0727,true,1,26202
7290104067693,false,אחלה חומוס עם חריף 1,,,אחלה חומוס עם חריף 1,,150.00,100 גרם,false,,5.90,0.0393,true,1,26208
7290104501661,false,אסם פודינג בטעם וניל,,,אסם פודינג בטעם וניל,,80.00,100 גרם,false,,6.50,0.0813,true,1,22769
7290104501784,false,בונז'ור מיני מאפינס,,,בונז'ור מיני מאפינס,,200.00,100 גרם,false,,9.90,0.0495,true,1,38686
7290104501807,false,בונז'ור מיני מאפינס,,,בונז'ור מיני מאפינס,,200.00,100 גרם,false,,9.90,0.0495,true,1,38687
7290104504228,false,דובונים קדמ.מארז אחי,,,דובונים קדמ.מארז אחי,,100.00,100 גרם,false,,14.90,0.1490,true,1,22776
7290104508943,false,במבה קלאסי 18*200 גר,,,במבה קלאסי 18*200 גר,,200.00,100 גרם,false,,9.50,0.0475,true,1,22787
7290104509247,false,עוגת קראנץ' שוקולד 6,,,עוגת קראנץ' שוקולד 6,,650.00,100 גרם,false,,27.90,0.0429,true,1,69176
7290104570131,false,"תמר מג'הול 1 ק""ג",,,"תמר מג'הול 1 ק""ג",קילוגרמים,1.00,"ק""ג",false,,18.90,18.9000,true,1,61098
7290104721762,false,טורקי עלית 3*85 גר'.,,,טורקי עלית 3*85 גר'.,,255.00,100 גרם,false,,19.90,0.0780,true,1,25552
7290104722530,false,תפוציפס שמנת בצל 200,,,תפוציפס שמנת בצל 200,,200.00,יח',false,,10.90,0.0545,true,1,26711
7290104726712,false,מילקי שמינייה מארז 8,,,מילקי שמינייה מארז 8,קילוגרמים,1.06,"ק""ג",false,,21.90,20.6604,true,1,26226
7290104960253,false,תחליב רחצה לבנדר נקה,,,תחליב רחצה לבנדר נקה,,750.00,"100 מ""ל",false,,12.90,0.0172,true,1,34055
7290104964350,false,סבון נוזלי פרחי מים,,,סבון נוזלי פרחי מים,ליטרים,1.50,ליטר,false,,22.90,15.2667,true,1,34137
7290105360250,false,עלית קפסולות מקיאטו,,,עלית קפסולות מקיאטו,,50.00,100 גרם,false,,18.90,0.3780,true,1,25573
7290105360328,false,עלית קפסולות אספרסו,,,עלית קפסולות אספרסו,,50.00,100 גרם,false,,18.90,0.3780,true,1,25574
7290105360762,false,שמן זית 1 עדין כתית,,,שמן זית 1 עדין כתית,,750.00,"100 מ""ל",false,,38.90,0.0519,true,1,25579
7290105360878,false,תפוציפס מארז 4*50ג,,,תפוציפס מארז 4*50ג,,200.00,100 גרם,false,,12.90,0.0645,true,1,26725
7290105362339,false,יטבתה שמנת לבישול 15,,,יטבתה שמנת לבישול 15,,250.00,"100 מ""ל",false,,8.90,0.0356,true,1,26236
7290105363602,false,כיף כף מקלות קלאסי 4,,,כיף כף מקלות קלאסי 4,,40.00,100 גרם,false,,5.90,0.1475,true,1,25587
7290105364302,false,כיף כף מקלות אגוזים,,,כיף כף מקלות אגוזים,,42.00,100 גרם,false,,5.90,0.1405,true,1,25590
7290105366023,false,אחלה חציל בטעם כבד 4,,,אחלה חציל בטעם כבד 4,,400.00,100 גרם,false,,16.90,0.0422,true,1,26239
7290105366047,false,אחלה טחינה לבנה 400ג,,,אחלה טחינה לבנה 400ג,,400.00,100 גרם,false,,16.90,0.0422,true,1,26241
7290105366993,false,סימפוניה פלפל שיפקה,,,סימפוניה פלפל שיפקה,,200.00,100 גרם,false,,12.90,0.0645,true,1,26247
7290105368928,false,יטבתה שמנת 9% 200מל,,,יטבתה שמנת 9% 200מל,,200.00,"100 מ""ל",false,,3.50,0.0175,true,1,26270
7290105369130,false,סימפוניה שטראוס בצל,,,סימפוניה שטראוס בצל,,200.00,100 גרם,false,,12.90,0.0645,true,1,26273
7290105430458,false,תחליב רחצה שקדים משא,,,תחליב רחצה שקדים משא,,750.00,"100 מ""ל",false,,21.90,0.0292,true,1,24939
7290105431868,false,פלמוליב סבון נוזלי ס,,,פלמוליב סבון נוזלי ס,,500.00,"100 מ""ל",false,,17.90,0.0358,true,1,24952
7290105439499,false,מיונז הולנדי מאסטר ש,,,מיונז הולנדי מאסטר ש,,480.00,100 גרם,false,,12.90,0.0269,true,1,24979
7290105439505,false,מאסטר שף  קרם בטעם מ,,,מאסטר שף  קרם בטעם מ,,479.00,100 גרם,false,,13.50,0.0282,true,1,24980
7290105691224,false,חטיפי פריכונים טורטי,,,חטיפי פריכונים טורטי,,60.00,100 גרם,false,,8.10,0.1350,true,1,22809
7290105691248,false,חטיפי פריכונים טורטי,,,חטיפי פריכונים טורטי,,60.00,100 גרם,false,,8.10,0.1350,true,1,22810
7290105691934,false,"קמח שמרים אסם 1 ק""ג",,,"קמח שמרים אסם 1 ק""ג",קילוגרמים,1.00,"ק""ג",false,,10.90,10.9000,true,1,22818
7290105693341,false,במבה מאח.15 10*25גרם,,,במבה מאח.15 10*25גרם,,250.00,יח',false,,17.90,0.0716,true,1,22827
7290105693457,false,עוגת הבית דמקה שוקו,,,עוגת הבית דמקה שוקו,,320.00,100 גרם,false,,14.90,0.0466,true,1,22828
7290105695024,false,פתיתים אפויים אורז ע,,,פתיתים אפויים אורז ע,,500.00,100 גרם,false,,7.90,0.0158,true,1,22838
7290105695321,false,הבית עוגות בראוניס פ,,,הבית עוגות בראוניס פ,,380.00,100 גרם,false,,19.50,0.0513,true,1,22841
7290105962331,false,סחוג חריף מאוד זהבי,,,סחוג חריף מאוד זהבי,,220.00,100 גרם,false,,12.40,0.0564,true,1,26275
7290105964564,false,אחלה חומוס אחלה 400ג,,,אחלה חומוס אחלה 400ג,,400.00,100 גרם,false,,9.90,0.0248,true,1,26280
7290105965738,false,דנונה משקה תות בננה,,,דנונה משקה תות בננה,,267.00,100 גרם,false,,5.50,0.0206,true,1,26288
7290105968098,false,אחלה קולסלאו 500ג,,,אחלה קולסלאו 500ג,,500.00,100 גרם,false,,16.90,0.0338,true,1,26300
7290105968654,false,שטראוס רביולי בטטה 4,,,שטראוס רביולי בטטה 4,,400.00,100 גרם,false,,21.70,0.0542,true,1,26301
7290105968777,false,פריכיות תחתית שוקלד,,,פריכיות תחתית שוקלד,,70.00,100 גרם,false,,8.90,0.1271,true,1,25635
7290106520066,false,רבע לשבע 160 גרם,,,רבע לשבע 160 גרם,,160.00,100 גרם,false,,12.90,0.0806,true,1,25637
7290106520288,false,דנונה פרו תות 150 גר,,,דנונה פרו תות 150 גר,,150.00,100 גרם,false,,4.90,0.0327,true,1,26303
7290106520912,false,יטבתה שמנת לבישול 9%,,,יטבתה שמנת לבישול 9%,,250.00,"100 מ""ל",false,,8.90,0.0356,true,1,26313
7290106521926,false,קפה טורקי עלית 150 ג,,,קפה טורקי עלית 150 ג,,150.00,100 גרם,false,,13.90,0.0927,true,1,88662
7290106526822,false,פריכיות עם תחתית שוק,,,פריכיות עם תחתית שוק,,80.00,100 גרם,false,,8.90,0.1113,true,1,25671
7290106528949,false,לקט ערוגות,,,לקט ערוגות,,450.00,100 גרם,false,,13.90,0.0309,true,1,26341
7290106571921,false,פיטנס עוגיות חמוציות,,,פיטנס עוגיות חמוציות,,180.00,100 גרם,false,,12.70,0.0706,true,1,22856
7290106572027,false,לחמית חמישה דגנים אס,,,לחמית חמישה דגנים אס,,190.00,100 גרם,false,,9.90,0.0521,true,1,22858
7290106572065,false,טורטיה בטעם תירס חמו,,,טורטיה בטעם תירס חמו,,60.00,100 גרם,false,,8.10,0.1350,true,1,67999
7290106572997,false,קמח שמרים לפיצה אסם,,,קמח שמרים לפיצה אסם,קילוגרמים,1.00,"ק""ג",false,,10.90,10.9000,true,1,22867
7290106574953,false,אסם בייגלה שטוחים שו,,,אסם בייגלה שטוחים שו,,300.00,100 גרם,false,,11.90,0.0397,true,1,22893
7290106574977,false,אסם בייגלה שטוחים עם,,,אסם בייגלה שטוחים עם,,300.00,100 גרם,false,,11.90,0.0397,true,1,22894
7290106575257,false,עוגת הבית סופלה בטעם,,,עוגת הבית סופלה בטעם,,340.00,100 גרם,false,,14.90,0.0438,true,1,118401
7290106575431,false,עוגת הבית סופלה בטעם,,,עוגת הבית סופלה בטעם,,340.00,100 גרם,false,,14.90,0.0438,true,1,22902
7290106576513,false,צבר חומוס 400 גרם,,,צבר חומוס 400 גרם,,400.00,100 גרם,false,,10.90,0.0273,true,1,23532
7290106576537,false,צבר חומוס מסעדה 700,,,צבר חומוס מסעדה 700,,700.00,100 גרם,false,,12.90,0.0184,true,1,23533
7290106576834,false,גלידה קרמריה פונטש ב,,,גלידה קרמריה פונטש ב,ליטרים,1.40,ליטר,false,,25.90,18.5000,true,1,18399
7290106576957,false,גלידה קרמריה פרווה ש,,,גלידה קרמריה פרווה ש,ליטרים,1.40,ליטר,false,,25.90,18.5000,true,1,18404
7290106576971,false,לה קרמריה שוקולד בלג,,,לה קרמריה שוקולד בלג,ליטרים,1.40,ליטר,false,,25.90,18.5000,true,1,18405
7290106576995,false,לה קרמריה לייט סורבה,,,לה קרמריה לייט סורבה,ליטרים,1.40,ליטר,false,,25.90,18.5000,true,1,18406
7290106577039,false,לה קרמריה שוקו וניל,,,לה קרמריה שוקו וניל,ליטרים,1.40,ליטר,false,,25.90,18.5000,true,1,18407
7290106577282,false,צבר מרובע טחינה 400ג,,,צבר מרובע טחינה 400ג,,400.00,100 גרם,false,,14.90,0.0373,true,1,23534
7290106577541,false,צבר מרובע כרוב אדום,,,צבר מרובע כרוב אדום,,400.00,100 גרם,false,,13.50,0.0338,true,1,23540
7290106577572,false,צבר מרובע מטבוחה  40,,,צבר מרובע מטבוחה  40,,400.00,100 גרם,false,,14.90,0.0373,true,1,23541
7290106578241,false,דובונים 16*100גרם,,,דובונים 16*100גרם,,100.00,100 גרם,false,,9.90,0.0990,true,1,22920
7290106578692,false,במבה ביסלי מיקס 36*8,,,במבה ביסלי מיקס 36*8,,80.00,יח',false,,5.90,0.0738,true,1,22921
7290106652996,false,כיף כף מקלות קוקוס 4,,,כיף כף מקלות קוקוס 4,,40.00,100 גרם,false,,5.90,0.1475,true,1,505427
7290106654099,false,עוגות אישיות מילקי ק,,,עוגות אישיות מילקי ק,,272.00,100 גרם,false,,20.90,0.0768,true,1,118864
7290106662025,false,תפוציפס טבעי מלח פלפ,,,תפוציפס טבעי מלח פלפ,,50.00,100 גרם,false,,4.50,0.0900,true,1,26792
7290106663558,false,יד מרדכי רוטב טריאקי,,,יד מרדכי רוטב טריאקי,,280.00,"100 מ""ל",false,,14.90,0.0532,true,1,25764
7290106664067,false,שטראוס לאבנה שמן זית,,,שטראוס לאבנה שמן זית,,400.00,100 גרם,false,,15.90,0.0398,true,1,26392
7290106664555,false,יטבתה רוטב שמנת עם ע,,,יטבתה רוטב שמנת עם ע,,250.00,"100 מ""ל",false,,11.50,0.0460,true,1,26394
7290106664562,false,יטבתה רוטב שמנת עם פ,,,יטבתה רוטב שמנת עם פ,,250.00,100 גרם,false,,11.50,0.0460,true,1,26395
7290106666788,false,סוכריות נוסטלגיה דבש,,,סוכריות נוסטלגיה דבש,,80.00,100 גרם,false,,7.90,0.0988,true,1,25781
7290106667266,false,דוריטוס חמוץ חריף 18,,,דוריטוס חמוץ חריף 18,,185.00,100 גרם,false,,8.50,0.0459,true,1,26831
7290106668713,false,דנונה פירות יער3% 15,,,דנונה פירות יער3% 15,,150.00,"100 מ""ל",false,,3.90,0.0260,true,1,26404
7290106720626,false,ציטוס  גבינה 80 גרם,,,ציטוס  גבינה 80 גרם,,80.00,יח',false,,5.50,0.0688,true,1,76553
7290106721913,false,מאסט צנצנת ריח פה צ',,,מאסט צנצנת ריח פה צ',,66.00,100 גרם,false,,11.90,0.1803,true,1,25826
7290106721920,false,מאסט צנצנת ספירמינט,,,מאסט צנצנת ספירמינט,,66.00,100 גרם,false,,11.90,0.1803,true,1,25827
7290106723689,false,שטראוס תרד בייבי 200,,,שטראוס תרד בייבי 200,,200.00,100 גרם,false,,11.90,0.0595,true,1,26415
7290106724419,false,עלית חיוכים וניל 150,,,עלית חיוכים וניל 150,,150.00,100 גרם,false,,6.50,0.0433,true,1,25854
7290106727984,false,כיף כף פצפצים 135 גר,,,כיף כף פצפצים 135 גר,,135.00,100 גרם,false,,11.90,0.0881,true,1,25884
7290106729650,false,דנונה יוגורט תות 8יח,,,דנונה יוגורט תות 8יח,קילוגרמים,1.20,"ק""ג",false,,27.00,22.5000,true,1,26446
7290107280020,false,סנו סושי מגבונים לני,,,סנו סושי מגבונים לני,יחידה,0.00,יחידה,false,,20.90,0.0000,true,1,34140
7290107280068,false,2 תבניות אלומיניום X,,,2 תבניות אלומיניום X,יחידה,0.00,יחידה,false,,10.90,0.0000,true,1,34143
7290107280099,false,סנו סופט מגבוני טואל,,,סנו סופט מגבוני טואל,יחידה,0.00,יחידה,false,,18.90,0.0000,true,1,34146
7290107280341,false,ריצפז מטליות לחות לנ,,,ריצפז מטליות לחות לנ,יחידה,0.00,יחידה,false,,12.90,0.0000,true,1,198238
7290107280396,false,סנו ג'ט מתז למטבח 75,,,סנו ג'ט מתז למטבח 75,,750.00,"100 מ""ל",false,,15.90,0.0212,true,1,34153
7290107280549,false,"K-400 סנו קטן 300 מ""",,,"K-400 סנו קטן 300 מ""",,300.00,"100 מ""ל",false,,13.90,0.0463,true,1,34159
7290107280709,false,סנו ספארק נוזל הברקה,,,סנו ספארק נוזל הברקה,,700.00,"100 מ""ל",false,,18.90,0.0270,true,1,34169
7290107280716,false,סנו ספארק מלח למדיח,,,סנו ספארק מלח למדיח,קילוגרמים,2.00,"ק""ג",false,,13.90,6.9500,true,1,34170
7290107280723,false,סנו ספארק נוזל לניקו,,,סנו ספארק נוזל לניקו,,700.00,"100 מ""ל",false,,11.90,0.0170,true,1,34171
7290107280747,false,סנו ספארק נוזל לניקו,,,סנו ספארק נוזל לניקו,,700.00,"100 מ""ל",false,,11.90,0.0170,true,1,34174
7290107280761,false,ספארק נוזל לכלים לימ,,,ספארק נוזל לכלים לימ,יחידה,0.00,יחידה,false,,12.90,0.0000,true,1,34176
7290107341356,false,כבל אייפון,,,כבל אייפון,יחידה,0.00,יחידה,false,,19.90,0.0000,true,1,424302
7290107342070,false,אוזניות חיבור ישיר א,,,אוזניות חיבור ישיר א,יחידה,0.00,יחידה,false,,49.90,0.0000,true,1,431049
7290107645584,false,מרק עוף אמיתי רכיבים,,,מרק עוף אמיתי רכיבים,,400.00,100 גרם,false,,30.90,0.0772,true,1,106108
7290107646826,false,חטיף שוגי שוקו שוקו,,,חטיף שוגי שוקו שוקו,,156.00,100 גרם,false,,13.90,0.0891,true,1,117723
7290107646833,false,חטיף שוגי פצפוצים שו,,,חטיף שוגי פצפוצים שו,,138.00,100 גרם,false,,13.90,0.1007,true,1,117724
7290107647816,false,ברנפלקס ללא סוכר בד',,,ברנפלקס ללא סוכר בד',,500.00,100 גרם,false,,27.00,0.0540,true,1,117734
7290107871990,false,פסטה צינורות אסם 500,,,פסטה צינורות אסם 500,,500.00,100 גרם,false,,6.90,0.0138,true,1,22955
7290107874502,false,ביסלי גריל 4*55 גרם,,,ביסלי גריל 4*55 גרם,,220.00,100 גרם,false,,12.90,0.0586,true,1,22984
7290107875004,false,פופקו חמאה ודבש מארז,,,פופקו חמאה ודבש מארז,,240.00,100 גרם,false,,19.90,0.0829,true,1,130382
7290107875271,false,ביסלי ברבקיו מארז 4*,,,ביסלי ברבקיו מארז 4*,,220.00,100 גרם,false,,12.90,0.0586,true,1,22994
7290107876889,false,במבה במילוי קרם נוגט,,,במבה במילוי קרם נוגט,,45.00,100 גרם,false,,5.90,0.1311,true,1,138036
7290107877619,false,במבה במילוי קרם נוגט,,,במבה במילוי קרם נוגט,,150.00,100 גרם,false,,14.90,0.0993,true,1,23034
7290107930321,false,יד מרדכי קונפיטורה ד,,,יד מרדכי קונפיטורה ד,,340.00,100 גרם,false,,13.90,0.0409,true,1,25902
7290107931397,false,כיף כף פצפצים 40גר`,,,כיף כף פצפצים 40גר`,,40.00,100 גרם,false,,5.90,0.1475,true,1,25915
7290107932080,false,יטבתה חלב בבקבוק 3%,,,יטבתה חלב בבקבוק 3%,ליטרים,1.00,ליטר,false,,7.90,7.9000,true,1,26459
7290107936309,false,דנונה יווני לבן 130,,,דנונה יווני לבן 130,,130.00,100 גרם,false,,3.50,0.0269,true,1,26487
7290107936460,false,דנכול בטעם מעודן 8יח,,,דנכול בטעם מעודן 8יח,,800.00,100 גרם,false,,31.50,0.0394,true,1,26490
7290107937542,false,משקה אקטיביה תות 1.2,,,משקה אקטיביה תות 1.2,,265.00,"100 מ""ל",false,,5.50,0.0208,true,1,26495
7290107937856,false,עלית קפסולות בטעם נס,,,עלית קפסולות בטעם נס,,50.00,100 גרם,false,,18.90,0.3780,true,1,25962
7290107938396,false,דנונה Actimel בנים ב,,,דנונה Actimel בנים ב,,864.00,100 גרם,false,,22.90,0.0265,true,1,26501
7290107939027,false,גזרדק דק 250 גרם בד`,,,גזרדק דק 250 גרם בד`,,250.00,100 גרם,false,,8.90,0.0356,true,1,26507
7290107940030,false,חומוס אחלה 650 גר,,,חומוס אחלה 650 גר,,650.00,100 גרם,false,,10.90,0.0168,true,1,26520
7290107940467,false,דנונה אקטיביה יוגורט,,,דנונה אקטיביה יוגורט,,200.00,100 גרם,false,,4.50,0.0225,true,1,26528
7290107941266,false,שעועית אדומה מבושלת,,,שעועית אדומה מבושלת,,475.00,100 גרם,false,,15.90,0.0335,true,1,26539
7290107941273,false,חומוס מבושל 475 גרם,,,חומוס מבושל 475 גרם,,475.00,100 גרם,false,,12.90,0.0272,true,1,26540
7290107942355,false,תפוציפס מקלות בטעם ט,,,תפוציפס מקלות בטעם ט,,60.00,מטר,false,,4.50,0.0750,true,1,26904
7290107943192,false,יטבתה שמנת 27%  200מ,,,יטבתה שמנת 27%  200מ,,200.00,"100 מ""ל",false,,4.50,0.0225,true,1,100918
7290107944472,false,סימפוניה 5% שום שמיר,,,סימפוניה 5% שום שמיר,,200.00,100 גרם,false,,12.90,0.0645,true,1,26560
7290107950206,false,מעדן דיאט שוקולד % 0,,,מעדן דיאט שוקולד % 0,,130.00,100 גרם,false,,3.50,0.0269,true,1,26571
7290107951104,false,בפלות 200 גרם שוקולד,,,בפלות 200 גרם שוקולד,,200.00,100 גרם,false,,5.90,0.0295,true,1,25999
7290107954709,false,יד מרדכי קונפיטורת פ,,,יד מרדכי קונפיטורת פ,,340.00,100 גרם,false,,13.90,0.0409,true,1,86050
7290107954976,false,משקה פרו בטעם קפה יט,,,משקה פרו בטעם קפה יט,,350.00,"100 מ""ל",false,,6.90,0.0197,true,1,89250
7290107956901,false,עלית קפסולות אספרסו,,,עלית קפסולות אספרסו,,150.00,100 גרם,false,,18.90,0.1260,true,1,105716
7290107956925,false,עלית קפסולות אוגנדה,,,עלית קפסולות אוגנדה,,50.00,100 גרם,false,,18.90,0.3780,true,1,133207
7290107957076,false,מסטיק עמלה בטעם ספיר,,,מסטיק עמלה בטעם ספיר,,66.00,100 גרם,false,,11.90,0.1803,true,1,100888
7290107957991,false,"מילקי מייניס 9*16 מ""",,,"מילקי מייניס 9*16 מ""",,144.00,100 גרם,false,,15.50,0.1076,true,1,128731
7290107973038,false,סבון ידיים אקווריום,,,סבון ידיים אקווריום,,300.00,"100 מ""ל",false,,10.90,0.0363,true,1,25021
7290107973793,false,עגבניות שלמות מאסטר,,,עגבניות שלמות מאסטר,,400.00,100 גרם,false,,6.90,0.0173,true,1,25029
7290107973809,false,קוביות עגבניות מאסטר,,,קוביות עגבניות מאסטר,,400.00,100 גרם,false,,6.90,0.0173,true,1,25030
7290107973861,false,עגבניות קצוצות דק מא,,,עגבניות קצוצות דק מא,קילוגרמים,1.20,"ק""ג",false,,17.90,14.9167,true,1,25031
7290107974073,false,עלי טורטיה קמח לבן מ,,,עלי טורטיה קמח לבן מ,,320.00,100 גרם,false,,11.90,0.0372,true,1,68416
7290107974820,false,מאסטר שף ממרח מתובל,,,מאסטר שף ממרח מתובל,,252.00,100 גרם,false,,8.90,0.0353,true,1,25047
7290107976916,false,פלמוליב סבון ידיים ח,,,פלמוליב סבון ידיים ח,,300.00,"100 מ""ל",false,,10.90,0.0363,true,1,88610
7290107978323,false,איטריות דקיקות מאסטר,,,איטריות דקיקות מאסטר,,400.00,100 גרם,false,,6.90,0.0173,true,1,87389
7290107978330,false,איטריות דקות מאסטר ש,,,איטריות דקות מאסטר ש,,400.00,100 גרם,false,,6.90,0.0173,true,1,91616
7290107978347,false,איטריות בינוניות מאס,,,איטריות בינוניות מאס,,400.00,100 גרם,false,,6.90,0.0173,true,1,91588
7290108350142,false,סנו סושי שקיות רב שי,,,סנו סושי שקיות רב שי,יחידה,0.00,יחידה,false,,16.90,0.0000,true,1,34187
7290108350180,false,סנו סושי מפיות מודפס,,,סנו סושי מפיות מודפס,יחידה,0.00,יחידה,false,,8.90,0.0000,true,1,34190
7290108350210,false,סושי שקיות אקסטרא חז,,,סושי שקיות אקסטרא חז,יחידה,0.00,יחידה,false,,26.90,0.0000,true,1,34193
7290108350531,false,סנו ספארק משאבה בניח,,,סנו ספארק משאבה בניח,ליטרים,1.00,ליטר,false,,12.90,12.9000,true,1,34198
7290108350555,false,סנו ספארק משאבה בניח,,,סנו ספארק משאבה בניח,ליטרים,1.00,ליטר,false,,12.90,12.9000,true,1,34200
7290108350586,false,ספארק נוזל כלים בניח,,,ספארק נוזל כלים בניח,ליטרים,1.50,ליטר,false,,15.90,10.6000,true,1,34202
7290108350616,false,מרכך כביסה מקסימה סו,,,מרכך כביסה מקסימה סו,יחידה,0.00,יחידה,false,,18.90,0.0000,true,1,34205
7290108350623,false,מרכך כביסה מקסימה סו,,,מרכך כביסה מקסימה סו,יחידה,0.00,יחידה,false,,18.90,0.0000,true,1,34206
7290108351156,false,סנו ג`ט פלוס לניקוי,,,סנו ג`ט פלוס לניקוי,יחידה,0.00,יחידה,false,,14.90,0.0000,true,1,34228
7290108351552,false,סנו ג'ט מתז חומץ 750,,,סנו ג'ט מתז חומץ 750,,750.00,"100 מ""ל",false,,15.90,0.0212,true,1,107011
7290108351583,false,סנו ג'ט+לניקוי אסלות,,,סנו ג'ט+לניקוי אסלות,,750.00,"100 מ""ל",false,,12.90,0.0172,true,1,125105
7290108351606,false,סנו פרש הום סופט סיל,,,סנו פרש הום סופט סיל,,350.00,"100 מ""ל",false,,12.90,0.0369,true,1,89147
7290108351699,false,מגבונים ג'ט+חומץ מאר,,,מגבונים ג'ט+חומץ מאר,יחידה,0.00,יחידה,false,,22.90,0.0000,true,1,131580
7290108351804,false,סנו מקסימה מרכך כביס,,,סנו מקסימה מרכך כביס,יחידה,0.00,יחידה,false,,18.90,0.0000,true,1,161205
7290108352214,false,קפסולות כביסה בניחוח,,,קפסולות כביסה בניחוח,,840.00,100 גרם,false,,44.90,0.0535,true,1,231920
7290108352221,false,סנו פרש הום מלון מפנ,,,סנו פרש הום מלון מפנ,,350.00,"100 מ""ל",false,,12.90,0.0369,true,1,235582
7290108352269,false,מטליות לחיטוי ולניקו,,,מטליות לחיטוי ולניקו,יחידה,0.00,יחידה,false,,33.90,0.0000,true,1,228249
7290108352320,false,סנו פרש הום מלון בוט,,,סנו פרש הום מלון בוט,,350.00,"100 מ""ל",false,,12.90,0.0369,true,1,235596
7290108352399,false,ריצפז פרש הום פלורל,,,ריצפז פרש הום פלורל,ליטרים,2.00,ליטר,false,,24.90,12.4500,true,1,391107
7290108352597,false,מגבונים בדלי 400 יח',,,מגבונים בדלי 400 יח',יחידה,0.00,יחידה,false,,33.90,0.0000,true,1,34234
7290108352672,false,סנו סושי זוג מטלית ה,,,סנו סושי זוג מטלית ה,יחידה,0.00,יחידה,false,,20.90,0.0000,true,1,89569
7290108352801,false,סנו סושי 100 שקיות א,,,סנו סושי 100 שקיות א,,100.00,יח',false,,24.00,0.2400,true,1,124376
7290108352825,false,סנו סושי-ספוג הפלא נ,,,סנו סושי-ספוג הפלא נ,,3.00,יח',false,,11.90,3.9667,true,1,126726
7290108353006,false,סנו סושי 250 שקיות א,,,סנו סושי 250 שקיות א,יחידה,0.00,יחידה,false,,14.90,0.0000,true,1,143115
7290108353099,false,סנו סופט 500 ממחטות,,,סנו סופט 500 ממחטות,יחידה,0.00,יחידה,false,,14.90,0.0000,true,1,162562
7290108353648,false,סנו סושי 70 שקיות או,,,סנו סושי 70 שקיות או,יחידה,0.00,יחידה,false,,11.90,0.0000,true,1,245527
7290108354164,false,כיף שלישיית אלסבון ק,,,כיף שלישיית אלסבון ק,ליטרים,1.50,ליטר,false,,20.90,13.9333,true,1,278802
7290108354270,false,מרכך בבישום עוצמתי מ,,,מרכך בבישום עוצמתי מ,ליטרים,1.00,ליטר,false,,18.90,18.9000,true,1,365207
7290108354607,false,שמפו ביו נקה 7 750 מ,,,שמפו ביו נקה 7 750 מ,,750.00,"100 מ""ל",false,,12.90,0.0172,true,1,450137
7290108354614,false,מרכך לשיער ביו נקה 7,,,מרכך לשיער ביו נקה 7,,750.00,"100 מ""ל",false,,12.90,0.0172,true,1,450138
7290108354713,false,תחליב רחצה קלאסי קרמ,,,תחליב רחצה קלאסי קרמ,,500.00,"100 מ""ל",false,,14.90,0.0298,true,1,365281
7290108356144,false,ת.רחצה כיף בניחוח שמ,,,ת.רחצה כיף בניחוח שמ,,700.00,"100 מ""ל",false,,13.90,0.0199,true,1,229004
7290108356489,false,תחליב רחצה אפרסק וחמ,,,תחליב רחצה אפרסק וחמ,,700.00,"100 מ""ל",false,,12.90,0.0184,true,1,420005
7290108356540,false,שמפו לשיער צבוע קרלי,,,שמפו לשיער צבוע קרלי,,700.00,"100 מ""ל",false,,14.90,0.0213,true,1,391403
7290108357004,false,כיף שמפו לשיער ורד ו,,,כיף שמפו לשיער ורד ו,,700.00,"100 מ""ל",false,,13.90,0.0199,true,1,200865
7290108357202,false,סנו קליר אקדח בניחוח,,,סנו קליר אקדח בניחוח,ליטרים,1.00,ליטר,false,,12.90,12.9000,true,1,294009
7290108357271,false,סנובון ג'ל לניקוי אס,,,סנובון ג'ל לניקוי אס,,750.00,"100 מ""ל",false,,12.90,0.0172,true,1,450956
7290108357288,false,סנו ז'אוול בניחוח פר,,,סנו ז'אוול בניחוח פר,ליטרים,4.00,ליטר,false,,17.90,4.4750,true,1,407819
7290108357295,false,מרסס אוקסיג'ן מסיר כ,,,מרסס אוקסיג'ן מסיר כ,,750.00,"100 מ""ל",false,,20.90,0.0279,true,1,450941
7290108357301,false,סנו קיי-301 צהוב 300,,,סנו קיי-301 צהוב 300,,300.00,"100 מ""ל",false,,13.90,0.0463,true,1,450154
7290108357578,false,קרם ידיים בניחוח וני,,,קרם ידיים בניחוח וני,,100.00,"100 מ""ל",false,,10.90,0.1090,true,1,365222
7290108357653,false,סנובון סבון ג'ל לאסל,,,סנובון סבון ג'ל לאסל,,315.00,100 גרם,false,,18.90,0.0600,true,1,507438
7290108357660,false,סנובון סבון ג'ל לאסל,,,סנובון סבון ג'ל לאסל,,315.00,100 גרם,false,,18.90,0.0600,true,1,507439
7290108358094,false,תחליב רחצה חמאת שיאה,,,תחליב רחצה חמאת שיאה,,500.00,"100 מ""ל",false,,14.90,0.0298,true,1,365282
7290108359039,false,שקיות אשפה לפח גבוהה,,,שקיות אשפה לפח גבוהה,,100.00,יח',false,,21.90,0.2190,true,1,311817
7290108359077,false,ממחטות אף בקופסא 3 ש,,,ממחטות אף בקופסא 3 ש,יחידה,0.00,יחידה,false,,14.90,0.0000,true,1,392874
7290108359084,false,סנו סושי כיסוי ניילו,,,סנו סושי כיסוי ניילו,יחידה,0.00,יחידה,false,,12.90,0.0000,true,1,495224
7290108359091,false,סנו סושי כיסוי ניילו,,,סנו סושי כיסוי ניילו,יחידה,0.00,יחידה,false,,12.90,0.0000,true,1,495225
7290108359169,false,סנו סושי-6 תבניות אל,,,סנו סושי-6 תבניות אל,יחידה,0.00,יחידה,false,,12.90,0.0000,true,1,491893
7290108500677,false,כבד דג שיבוט בשמן וי,,,כבד דג שיבוט בשמן וי,,115.00,100 גרם,false,,10.90,0.0948,true,1,5045
7290108501360,false,גבינת צ'דר בשלה 200,,,גבינת צ'דר בשלה 200,,200.00,100 גרם,false,,24.90,0.1245,true,1,106910
7290108502305,false,גבינת גרנה פדנו משול,,,גבינת גרנה פדנו משול,,150.00,100 גרם,false,,18.90,0.1260,true,1,133507
7290108502541,false,גבינת שמנת טעם טבעי,,,גבינת שמנת טעם טבעי,,200.00,100 גרם,false,,13.50,0.0675,true,1,131083
7290108502589,false,גבינת שמנת עם שום 20,,,גבינת שמנת עם שום 20,,200.00,100 גרם,false,,13.50,0.0675,true,1,131087
7290108502763,false,גבינה קממבר 200 גרם,,,גבינה קממבר 200 גרם,,200.00,100 גרם,false,,21.90,0.1095,true,1,128631
7290108503043,false,מארז רביעייה תפוחוני,,,מארז רביעייה תפוחוני,,88.00,100 גרם,false,,14.70,0.1670,true,1,135212
7290108503067,false,פרמז'נו משולש 150 גר,,,פרמז'נו משולש 150 גר,,150.00,100 גרם,false,,16.90,0.1127,true,1,133508
7290108504378,false,גבינת שמנת עם זיתים,,,גבינת שמנת עם זיתים,,200.00,100 גרם,false,,13.50,0.0675,true,1,206464
7290108504934,false,דפי אורז למילוי קוטר,,,דפי אורז למילוי קוטר,,300.00,100 גרם,false,,12.90,0.0430,true,1,412130
7290108505153,false,יוגורט יווני בטעם טב,,,יוגורט יווני בטעם טב,,150.00,100 גרם,false,,5.90,0.0393,true,1,235277
7290108505191,false,י.יווני עם פצפוצי שו,,,י.יווני עם פצפוצי שו,,150.00,100 גרם,false,,5.90,0.0393,true,1,235299
7290108505719,false,גבינת מוצרלה מגורדת,,,גבינת מוצרלה מגורדת,,200.00,100 גרם,false,,16.90,0.0845,true,1,235035
7290108505740,false,גבינת קשקבל חצי קשה,,,גבינת קשקבל חצי קשה,,200.00,100 גרם,false,,16.90,0.0845,true,1,235038
7290108508499,false,משקה יוגורט בסגנון ט,,,משקה יוגורט בסגנון ט,,293.00,100 גרם,false,,5.90,0.0201,true,1,301062
7290108508536,false,גרגרי חומוס מבושלים,,,גרגרי חומוס מבושלים,,700.00,100 גרם,false,,11.90,0.0170,true,1,319240
7290108508574,false,פסטה ברוטב עגבניות פ,,,פסטה ברוטב עגבניות פ,,250.00,100 גרם,false,,7.90,0.0316,true,1,319243
7290108508772,false,קונכיות פתיתים עם תר,,,קונכיות פתיתים עם תר,,400.00,100 גרם,false,,5.90,0.0148,true,1,358673
7290108509106,false,גבינה בולגרית מעודנת,,,גבינה בולגרית מעודנת,,200.00,100 גרם,false,,13.90,0.0695,true,1,332551
7290108509199,false,גבינה פטה 500 גרם -,,,גבינה פטה 500 גרם -,,500.00,100 גרם,false,,24.90,0.0498,true,1,326197
7290108509229,false,חטיף אורז אפוי לתינו,,,חטיף אורז אפוי לתינו,,50.00,100 גרם,false,,12.90,0.2580,true,1,387416
7290108509359,false,פופקורן בציפוי בטעם,,,פופקורן בציפוי בטעם,,90.00,100 גרם,false,,8.90,0.0989,true,1,393368
7290108509700,false,"אורז פרסי 1 ק""ג DAAW",,,"אורז פרסי 1 ק""ג DAAW",קילוגרמים,1.00,"ק""ג",false,,11.90,11.9000,true,1,368192
7290108509939,false,פרוסות פילה טונה 120,,,פרוסות פילה טונה 120,,120.00,100 גרם,false,,13.90,0.1158,true,1,387488
7290109351971,false,בר פריכיות שוקולד חל,,,בר פריכיות שוקולד חל,,84.00,100 גרם,false,,14.90,0.1774,true,1,68153
7290109354057,false,"מאגדת 5 י""ח לה פרוטה",,,"מאגדת 5 י""ח לה פרוטה",,350.00,100 גרם,false,,29.90,0.0854,true,1,18465
7290109580111,false,צלעות אסאדו מעושנות,,,צלעות אסאדו מעושנות,,180.00,100 גרם,false,,27.90,0.1550,true,1,405831
7290109580135,false,קורנדביף זוגלובק פרמ,,,קורנדביף זוגלובק פרמ,,180.00,100 גרם,false,,27.90,0.1550,true,1,300879
7290109580166,false,סרוולד קלאסי זוגלובק,,,סרוולד קלאסי זוגלובק,,150.00,100 גרם,false,,27.90,0.1860,true,1,300881
7290109920603,false,אסטוניש קרם מטבח 500,,,אסטוניש קרם מטבח 500,,500.00,"100 מ""ל",false,,13.90,0.0278,true,1,112294
7290110114787,false,נביעות + תפוח 1.5 לי,,,נביעות + תפוח 1.5 לי,ליטרים,1.50,ליטר,false,,10.90,7.2667,true,1,369719
7290110114794,false,נביעות + אפרסק 1.5 ל,,,נביעות + אפרסק 1.5 ל,ליטרים,1.50,ליטר,false,,10.90,7.2667,true,1,369720
7290110114800,false,נביעות + ענבים 1.5 ל,,,נביעות + ענבים 1.5 ל,ליטרים,1.50,ליטר,false,,10.90,7.2667,true,1,369737
7290110114855,false,מי נביעות שישייה 1.5,,,מי נביעות שישייה 1.5,ליטרים,9.00,ליטר,false,,14.90,1.6556,true,1,369767
7290110114893,false,פריגת סחוט תפוזים 2,,,פריגת סחוט תפוזים 2,ליטרים,2.00,ליטר,false,,30.30,15.1500,true,1,369653
7290110114954,false,מיץ תפוזים מתקתק 100,,,מיץ תפוזים מתקתק 100,ליטרים,2.00,ליטר,false,,24.20,12.1000,true,1,369655
7290110114961,false,פריגת תפוזים 1.5 ליט,,,פריגת תפוזים 1.5 ליט,ליטרים,1.50,ליטר,false,,9.90,6.6000,true,1,369782
7290110114985,false,פריגת אשכולית 1.5 לי,,,פריגת אשכולית 1.5 לי,ליטרים,1.50,ליטר,false,,9.90,6.6000,true,1,369798
7290110114992,false,פריגת דיאט אשכולית 1,,,פריגת דיאט אשכולית 1,ליטרים,1.50,ליטר,false,,9.90,6.6000,true,1,369799
7290110115005,false,פריגת ענבים 1.5 ליטר,,,פריגת ענבים 1.5 ליטר,ליטרים,1.50,ליטר,false,,9.90,6.6000,true,1,369828
7290110115029,false,פריגת תפוחים 1.5 ליט,,,פריגת תפוחים 1.5 ליט,ליטרים,1.50,ליטר,false,,9.90,6.6000,true,1,369873
7290110115043,false,פריגת לימונענע 1.5 ל,,,פריגת לימונענע 1.5 ל,ליטרים,1.50,ליטר,false,,9.90,6.6000,true,1,369889
7290110115050,false,פריגת מיקס תות בננה,,,פריגת מיקס תות בננה,ליטרים,1.50,ליטר,false,,9.90,6.6000,true,1,369890
7290110115081,false,פריגת צלול ענבים 1.5,,,פריגת צלול ענבים 1.5,ליטרים,1.50,ליטר,false,,9.90,6.6000,true,1,369974
7290110115128,false,פריגת צלול בטעם לימו,,,פריגת צלול בטעם לימו,ליטרים,1.50,ליטר,false,,9.90,6.6000,true,1,369978
7290110115180,false,נביעות 1.5 ליטר,,,נביעות 1.5 ליטר,ליטרים,1.50,ליטר,false,,4.20,2.8000,true,1,385416
7290110115203,false,קוקה קולה 1.5 ליטר,,,קוקה קולה 1.5 ליטר,ליטרים,1.50,ליטר,false,,9.50,6.3333,true,1,369981
7290110115210,false,דיאט קוקה קולה 1.5 ל,,,דיאט קוקה קולה 1.5 ל,ליטרים,1.50,ליטר,false,,9.90,6.6000,true,1,370000
7290110115227,false,קוקה קולה זירו בקבוק,,,קוקה קולה זירו בקבוק,ליטרים,1.50,ליטר,false,,9.90,6.6000,true,1,370001
7290110115234,false,קולה ZERO נטול 1.5 ל,,,קולה ZERO נטול 1.5 ל,ליטרים,1.50,ליטר,false,,9.90,6.6000,true,1,370002
7290110115241,false,קולה ZERO לימון 1.5,,,קולה ZERO לימון 1.5,ליטרים,1.50,ליטר,false,,9.90,6.6000,true,1,370003
7290110115258,false,קוקה קולה זירו מנגו,,,קוקה קולה זירו מנגו,ליטרים,1.50,ליטר,false,,9.90,6.6000,true,1,370004
7290110115265,false,ספרייט 1.5 ליטר LIME,,,ספרייט 1.5 ליטר LIME,ליטרים,1.50,ליטר,false,,9.00,6.0000,true,1,370067
7290110115272,false,ספרייט זירו 1.5 ליטר,,,ספרייט זירו 1.5 ליטר,ליטרים,1.50,ליטר,false,,9.90,6.6000,true,1,370068
7290110115289,false,ספרייט 19 קלוריות לי,,,ספרייט 19 קלוריות לי,ליטרים,1.50,ליטר,false,,9.90,6.6000,true,1,370084
7290110115296,false,פאנטה אורנג' 1.5 ליט,,,פאנטה אורנג' 1.5 ליט,ליטרים,1.50,ליטר,false,,10.50,7.0000,true,1,370100
7290110115357,false,קינלי סודה 1.5 ליטר,,,קינלי סודה 1.5 ליטר,ליטרים,1.50,ליטר,false,,5.50,3.6667,true,1,370136
7290110115364,false,קוקה קולה 6*1.5 ליטר,,,קוקה קולה 6*1.5 ליטר,ליטרים,9.00,ליטר,false,,52.90,5.8778,true,1,370005
7290110115395,false,ספרייט זירו 6* 1.5 ל,,,ספרייט זירו 6* 1.5 ל,ליטרים,9.00,ליטר,false,,50.70,5.6333,true,1,370085
7290110115401,false,קינלי סודה 6*1.5 ליט,,,קינלי סודה 6*1.5 ליט,ליטרים,9.00,ליטר,false,,16.90,1.8778,true,1,380729
7290110115418,false,קוקה קולה זירו שישיי,,,קוקה קולה זירו שישיי,ליטרים,9.00,ליטר,false,,49.90,5.5444,true,1,370022
7290110115425,false,פיוז טי לימון נענע 1,,,פיוז טי לימון נענע 1,ליטרים,1.50,ליטר,false,,10.50,7.0000,true,1,370151
7290110115449,false,פיוז טי מנגו אננס 1.,,,פיוז טי מנגו אננס 1.,ליטרים,1.50,ליטר,false,,10.50,7.0000,true,1,370153
7290110115456,false,פיוז טי אפרסק  19 קל,,,פיוז טי אפרסק  19 קל,ליטרים,1.50,ליטר,false,,10.50,7.0000,true,1,370170
7290110115463,false,פיוז טי אפרסק 1.5 לי,,,פיוז טי אפרסק 1.5 לי,ליטרים,1.50,ליטר,false,,10.50,7.0000,true,1,370171
7290110115494,false,פיוז טי ענבים 1.5 לי,,,פיוז טי ענבים 1.5 לי,ליטרים,1.50,ליטר,false,,10.50,7.0000,true,1,370189
7290110115586,false,משקה קל בטעם תפוזים,,,משקה קל בטעם תפוזים,ליטרים,1.50,ליטר,false,,9.90,6.6000,true,1,369957
7290110115616,false,פיוז טי ZERO גרין אנ,,,פיוז טי ZERO גרין אנ,ליטרים,1.50,ליטר,false,,10.50,7.0000,true,1,397766
7290110115869,false,קוקה קולה זירו בקבוק,,,קוקה קולה זירו בקבוק,ליטרים,1.50,ליטר,false,,9.90,6.6000,true,1,498475
7290110116040,false,פאנטה זירו 1.5 ליטר,,,פאנטה זירו 1.5 ליטר,ליטרים,1.50,ליטר,false,,10.50,7.0000,true,1,435744
7290110116064,false,פאנטה זירו 1.5 ליטר,,,פאנטה זירו 1.5 ליטר,ליטרים,1.50,ליטר,false,,10.50,7.0000,true,1,435760
7290110116149,false,סירופ פריגת טעם ענבי,,,סירופ פריגת טעם ענבי,,750.00,"100 מ""ל",false,,21.90,0.0292,true,1,450867
7290110116194,false,נביעות+ לימון ליים 0,,,נביעות+ לימון ליים 0,ליטרים,1.50,ליטר,false,,9.90,6.6000,true,1,467600
7290110320683,false,משקה יופלה שמיניה בט,,,משקה יופלה שמיניה בט,,856.00,"100 מ""ל",false,,17.90,0.0209,true,1,99065
7290110320850,false,עמק פתיתים  200 גרם,,,עמק פתיתים  200 גרם,,200.00,100 גרם,false,,15.90,0.0795,true,1,101758
7290110320867,false,עמק פתיתים למאפים 28,,,עמק פתיתים למאפים 28,,500.00,100 גרם,false,,35.00,0.0700,true,1,97804
7290110320935,false,פרוסות מוצרלה 150 גר,,,פרוסות מוצרלה 150 גר,,150.00,100 גרם,false,,18.90,0.1260,true,1,97814
7290110321284,false,קוטג' תנובה בקטנה  9,,,קוטג' תנובה בקטנה  9,,100.00,100 גרם,false,,2.70,0.0270,true,1,106936
7290110321604,false,פיראוס קוביות בולגרי,,,פיראוס קוביות בולגרי,,200.00,100 גרם,false,,22.80,0.1140,true,1,125248
7290110321680,false,יופלה גו בטעם תות 20,,,יופלה גו בטעם תות 20,,200.00,100 גרם,false,,5.90,0.0295,true,1,110543
7290110321697,false,יופלה גו בטעם  אפרסק,,,יופלה גו בטעם  אפרסק,,200.00,"100 מ""ל",false,,5.90,0.0295,true,1,110544
7290110322014,false,טופו טבעי 300 גרם,,,טופו טבעי 300 גרם,,300.00,100 גרם,false,,12.90,0.0430,true,1,124002
7290110323301,false,גבינת עמק טל 32% שומ,,,גבינת עמק טל 32% שומ,,200.00,יח',false,,19.90,0.0995,true,1,137199
7290110323585,false,יופלה GO לייט עם דוב,,,יופלה GO לייט עם דוב,,200.00,100 גרם,false,,5.90,0.0295,true,1,135900
7290110323714,false,תנובה משקה קוקוס שקד,,,תנובה משקה קוקוס שקד,יחידה,0.00,יחידה,false,,14.90,0.0000,true,1,137200
7290110324070,false,גבינת חלומי מחלב בקר,,,גבינת חלומי מחלב בקר,,200.00,100 גרם,false,,19.90,0.0995,true,1,193235
7290110324858,false,מעדן שקדים בטעם אגוז,,,מעדן שקדים בטעם אגוז,,125.00,100 גרם,false,,4.90,0.0392,true,1,205080
7290110324872,false,גלבוע גבינה פרוסה 5%,,,גלבוע גבינה פרוסה 5%,,200.00,100 גרם,false,,18.90,0.0945,true,1,204727
7290110324926,false,משקה סויה ללא תוספת,,,משקה סויה ללא תוספת,יחידה,0.00,יחידה,false,,11.90,0.0000,true,1,192840
7290110325114,false,יופלה משקה יוגורט גו,,,יופלה משקה יוגורט גו,,250.00,"100 מ""ל",false,,7.90,0.0316,true,1,161147
7290110325312,false,יופלה סויה גו 20 גרם,,,יופלה סויה גו 20 גרם,,200.00,100 גרם,false,,5.90,0.0295,true,1,197047
7290110325619,false,תנובה משקה שיבולת שו,,,תנובה משקה שיבולת שו,יחידה,0.00,יחידה,false,,14.90,0.0000,true,1,207834
7290110325893,false,משקה תנובה GO אייס ק,,,משקה תנובה GO אייס ק,,340.00,יח',false,,7.90,0.0232,true,1,207836
7290110326210,false,יופלה און טופ פצפוצי,,,יופלה און טופ פצפוצי,,157.00,100 גרם,false,,5.90,0.0376,true,1,224055
7290110326234,false,יופלה און טופ כוכבים,,,יופלה און טופ כוכבים,,157.00,100 גרם,false,,5.90,0.0376,true,1,224079
7290110326241,false,יופלה און טופ גרנולה,,,יופלה און טופ גרנולה,יחידה,157.00,יחידה,false,,5.90,0.0376,true,1,224080
7290110327033,false,משקה סויה תנובה GO מ,,,משקה סויה תנובה GO מ,יחידה,0.00,יחידה,false,,14.90,0.0000,true,1,256030
7290110327064,false,אייס קפה שיבולת שועל,,,אייס קפה שיבולת שועל,,1.00,100 ליטר,false,,14.90,14.9000,true,1,253093
7290110327514,false,משקה שיבולת שועל בטע,,,משקה שיבולת שועל בטע,יחידה,0.00,יחידה,false,,14.90,0.0000,true,1,333640
7290110327545,false,יופלה און טופ בטעם ת,,,יופלה און טופ בטעם ת,,157.00,100 גרם,false,,5.90,0.0376,true,1,276776
7290110327828,false,GO חטיף חלבון עם חמא,,,GO חטיף חלבון עם חמא,,60.00,100 גרם,false,,14.90,0.2483,true,1,319476
7290110328627,false,יוגורט גו סמיך 0% בנ,,,יוגורט גו סמיך 0% בנ,,200.00,100 גרם,false,,5.90,0.0295,true,1,322919
7290110328764,false,יוגורט גו סמיך 0% תו,,,יוגורט גו סמיך 0% תו,,200.00,100 גרם,false,,5.90,0.0295,true,1,322935
7290110328771,false,יוגורט גו סמיך 0% פי,,,יוגורט גו סמיך 0% פי,,200.00,100 גרם,false,,5.90,0.0295,true,1,322936
7290110328788,false,יוגורט גו סמיך 0% אפ,,,יוגורט גו סמיך 0% אפ,,200.00,100 גרם,false,,5.90,0.0295,true,1,322920
7290110329136,false,מעדן חלב גו בטעם שוק,,,מעדן חלב גו בטעם שוק,,120.00,100 גרם,false,,4.90,0.0408,true,1,374363
7290110329143,false,מעדן חלב גו בטעם וני,,,מעדן חלב גו בטעם וני,,120.00,100 גרם,false,,4.90,0.0408,true,1,374348
7290110329266,false,יוגורט מחלב עיזים מל,,,יוגורט מחלב עיזים מל,,140.00,100 גרם,false,,6.90,0.0493,true,1,339552
7290110329600,false,שמנת לבישול 15% שף ל,,,שמנת לבישול 15% שף ל,,750.00,"100 מ""ל",false,,21.90,0.0292,true,1,397604
7290110329716,false,קפה קר בטעם קפוצ'ינו,,,קפה קר בטעם קפוצ'ינו,,230.00,"100 מ""ל",false,,7.90,0.0343,true,1,429837
7290110329730,false,קפה קר בטעם לאטה שוק,,,קפה קר בטעם לאטה שוק,,230.00,"100 מ""ל",false,,7.90,0.0343,true,1,430453
7290110329792,false,סויה BIO אפרסק גביע,,,סויה BIO אפרסק גביע,,150.00,100 גרם,false,,4.70,0.0313,true,1,397619
7290110329808,false,סויה BIO תות גביע 15,,,סויה BIO תות גביע 15,,150.00,100 גרם,false,,4.70,0.0313,true,1,397620
7290110329822,false,סויה BIO פירות יער ג,,,סויה BIO פירות יער ג,,150.00,100 גרם,false,,4.70,0.0313,true,1,397622
7290110550226,false,מטבעות שוקולד מריר ל,,,מטבעות שוקולד מריר ל,,400.00,100 גרם,false,,31.90,0.0797,true,1,430285
7290110550370,false,אנרגי פריכיות משולשו,,,אנרגי פריכיות משולשו,,65.00,100 גרם,false,,11.90,0.1831,true,1,496834
7290110551254,false,נשנושי תירס 600 גרם,,,נשנושי תירס 600 גרם,,600.00,100 גרם,false,,15.90,0.0265,true,1,484849
7290110552220,false,דנונה PRO 20 גרם חלב,,,דנונה PRO 20 גרם חלב,,200.00,100 גרם,false,,6.50,0.0325,true,1,391240
7290110553180,false,פריכיות עם תפוח וקינ,,,פריכיות עם תפוח וקינ,,40.00,100 גרם,false,,8.90,0.2225,true,1,497010
7290110553425,false,קפה נמס עלית פחית מו,,,קפה נמס עלית פחית מו,,240.00,100 גרם,false,,21.90,0.0912,true,1,395711
7290110553623,false,ציטוס  גבינה 80 גרם,,,ציטוס  גבינה 80 גרם,,80.00,100 גרם,false,,5.50,0.0688,true,1,434051
7290110554262,false,מלבין קפה חלבי 350 ג,,,מלבין קפה חלבי 350 ג,,350.00,100 גרם,false,,18.00,0.0514,true,1,405936
7290110554422,false,רוטב עגבניות ופלפלים,,,רוטב עגבניות ופלפלים,,350.00,100 גרם,false,,11.90,0.0340,true,1,406362
7290110554507,false,קפה טורקי תימני עלית,,,קפה טורקי תימני עלית,,100.00,100 גרם,false,,9.90,0.0990,true,1,453956
7290110554514,false,קפה טורקי אתיופי עלי,,,קפה טורקי אתיופי עלי,,100.00,100 גרם,false,,9.90,0.0990,true,1,453957
7290110554729,false,עלית קפסולות אספרסו,,,עלית קפסולות אספרסו,,50.00,100 גרם,false,,18.90,0.3780,true,1,438293
7290110555665,false,אבקת קקאו דל שומן 22,,,אבקת קקאו דל שומן 22,,220.00,100 גרם,false,,19.90,0.0905,true,1,505588
7290110556242,false,שוקולד מריר מעולה 10,,,שוקולד מריר מעולה 10,,100.00,100 גרם,false,,6.00,0.0600,true,1,484607
7290110557027,false,חומוס הסדרה עשיר ב50,,,חומוס הסדרה עשיר ב50,,400.00,100 גרם,false,,15.20,0.0380,true,1,373587
7290110557102,false,מעדן פרו חלב עם שוקו,,,מעדן פרו חלב עם שוקו,,150.00,יח',false,,5.90,0.0393,true,1,357935
7290110557478,false,חומוס גלילי אחלה  60,,,חומוס גלילי אחלה  60,,600.00,100 גרם,false,,13.90,0.0232,true,1,420257
7290110558154,false,דנונה לייט אנד פרי ת,,,דנונה לייט אנד פרי ת,,150.00,100 גרם,false,,4.90,0.0327,true,1,458063
7290110560300,false,פריכיות משולשות פלפל,,,פריכיות משולשות פלפל,,30.00,100 גרם,false,,5.90,0.1967,true,1,136422
7290110561604,false,שמיניית גמדים תות בנ,,,שמיניית גמדים תות בנ,,800.00,100 גרם,false,,18.90,0.0236,true,1,112115
7290110563431,false,יטבתה משקה קפה קר בס,,,יטבתה משקה קפה קר בס,,230.00,"100 מ""ל",false,,7.90,0.0343,true,1,138347
7290110563448,false,יטבתה משקה קפה קר בס,,,יטבתה משקה קפה קר בס,,230.00,"100 מ""ל",false,,7.90,0.0343,true,1,138348
7290110563462,false,יטבתה חלב בבקבוק נטו,,,יטבתה חלב בבקבוק נטו,ליטרים,1.00,ליטר,false,,8.90,8.9000,true,1,139766
7290110564339,false,חומוס הסדרה המובחרת,,,חומוס הסדרה המובחרת,,400.00,100 גרם,false,,15.20,0.0380,true,1,112015
7290110564360,false,חומוס אחלה עשיר ב 40,,,חומוס אחלה עשיר ב 40,,400.00,100 גרם,false,,15.20,0.0380,true,1,112016
7290110564414,false,חומוס הסדרה המובחרת,,,חומוס הסדרה המובחרת,,600.00,100 גרם,false,,15.90,0.0265,true,1,112100
7290110565527,false,דנונה PRO 20 גרם חלב,,,דנונה PRO 20 גרם חלב,,200.00,100 גרם,false,,6.50,0.0325,true,1,105808
7290110566623,false,עלית קפסולות קולומבי,,,עלית קפסולות קולומבי,,50.00,100 גרם,false,,18.90,0.3780,true,1,128034
7290110566975,false,דנונה PRO 20 גרם חלב,,,דנונה PRO 20 גרם חלב,,200.00,100 גרם,false,,6.50,0.0325,true,1,123512
7290110568276,false,משקה פרו  וניל יטבתה,,,משקה פרו  וניל יטבתה,,350.00,"100 מ""ל",false,,6.90,0.0197,true,1,124857
7290110570224,false,משקה קפה קר בטעם עוג,,,משקה קפה קר בטעם עוג,,230.00,"100 מ""ל",false,,7.90,0.0343,true,1,450245
7290110570576,false,פולי אספרסו עשירים ו,,,פולי אספרסו עשירים ו,קילוגרמים,1.00,"ק""ג",false,,41.90,41.9000,true,1,416148
7290110571382,false,מעדן חלב מועשר בחלבו,,,מעדן חלב מועשר בחלבו,,150.00,100 גרם,false,,5.50,0.0367,true,1,425305
7290110571405,false,מיני פינוקיות פסק זמ,,,מיני פינוקיות פסק זמ,,180.00,100 גרם,false,,11.90,0.0661,true,1,505411
7290110571412,false,מיני פינוקיות בגביע,,,מיני פינוקיות בגביע,,180.00,100 גרם,false,,11.90,0.0661,true,1,505395
7290110572129,false,כיף כף מקלות שוקולד,,,כיף כף מקלות שוקולד,,40.00,100 גרם,false,,5.90,0.1475,true,1,508079
7290110572969,false,כיף כף פצפצים קרם לב,,,כיף כף פצפצים קרם לב,,40.00,100 גרם,false,,5.90,0.1475,true,1,458138
7290110572976,false,כיף כף פצפצים קרם לב,,,כיף כף פצפצים קרם לב,,135.00,100 גרם,false,,11.90,0.0881,true,1,458094
7290110576318,false,מארז שלישיית אגוז  ל,,,מארז שלישיית אגוז  ל,,300.00,100 גרם,false,,27.90,0.0930,true,1,487965
7290110576370,false,מארז שלישיית אגוז  מ,,,מארז שלישיית אגוז  מ,,300.00,100 גרם,false,,27.90,0.0930,true,1,487966
7290110576752,false,שוקולד ספלנדיד מריר,,,שוקולד ספלנדיד מריר,,100.00,100 גרם,false,,12.90,0.1290,true,1,505650
7290110576776,false,שוקולד ספלנדיד מריר,,,שוקולד ספלנדיד מריר,,100.00,100 גרם,false,,12.90,0.1290,true,1,505651
7290111093005,false,מגבונים להסרת איפור,,,מגבונים להסרת איפור,יחידה,0.00,יחידה,false,,8.90,0.0000,true,1,137381
7290111095818,false,שקיות אשפה L  עם שרו,,,שקיות אשפה L  עם שרו,יחידה,0.00,יחידה,false,,20.90,0.0000,true,1,214060
7290111097546,false,קוויק מטליות לחות לנ,,,קוויק מטליות לחות לנ,יחידה,0.00,יחידה,false,,8.90,0.0000,true,1,409331
7290111098536,false,מגבונים לחים לתינוק,,,מגבונים לחים לתינוק,יחידה,0.00,יחידה,false,,14.90,0.0000,true,1,423358
7290111342004,false,לילי נייר טואלט לח ק,,,לילי נייר טואלט לח ק,יחידה,0.00,יחידה,false,,8.90,0.0000,true,1,142939
7290111342042,false,כריות יפניות אנטיבקט,,,כריות יפניות אנטיבקט,יחידה,0.00,יחידה,false,,13.90,0.0000,true,1,211685
7290111342073,false,מטליות מיקורפייבר אנ,,,מטליות מיקורפייבר אנ,יחידה,0.00,יחידה,false,,13.90,0.0000,true,1,211687
7290111343117,false,טישו לושן סופט קליני,,,טישו לושן סופט קליני,יחידה,0.00,יחידה,false,,13.90,0.0000,true,1,269905
7290111344138,false,מטליות לחות אנטיבקטר,,,מטליות לחות אנטיבקטר,,0.00,יח',false,,13.50,0.0000,true,1,239809
7290111344206,false,מגבוני האגיס נטורל ק,,,מגבוני האגיס נטורל ק,יחידה,0.00,יחידה,false,,19.90,0.0000,true,1,366782
7290111344527,false,שקיות אשפה ניקול XXL,,,שקיות אשפה ניקול XXL,יחידה,0.00,יחידה,false,,26.90,0.0000,true,1,310456
7290111350030,false,רסק תפוחי עץ טבעי קל,,,רסק תפוחי עץ טבעי קל,,670.00,100 גרם,false,,12.90,0.0193,true,1,15337
7290111534010,false,פס גבינה שמנת ופירור,,,פס גבינה שמנת ופירור,,450.00,100 גרם,false,,44.90,0.0998,true,1,75114
7290111563492,false,צבר מרובע  מטבוחה חר,,,צבר מרובע  מטבוחה חר,,400.00,100 גרם,false,,14.90,0.0373,true,1,120449
7290111565038,false,לה קרמריה  בטעם וניל,,,לה קרמריה  בטעם וניל,ליטרים,1.40,ליטר,false,,25.90,18.5000,true,1,122489
7290111566103,false,פלאפל מרכיבים ביתיים,,,פלאפל מרכיבים ביתיים,,590.00,100 גרם,false,,35.90,0.0608,true,1,118545
7290111566127,false,אוראו מאגדת סנדביץ 6,,,אוראו מאגדת סנדביץ 6,,198.00,100 גרם,false,,27.90,0.1409,true,1,111582
7290111566240,false,שניצל דק צמחוני  בטע,,,שניצל דק צמחוני  בטע,,564.00,100 גרם,false,,35.90,0.0637,true,1,118547
7290111566318,false,שניצל דק צמחוני   בט,,,שניצל דק צמחוני   בט,,564.00,100 גרם,false,,35.90,0.0637,true,1,118550
7290111568251,false,נודלס אטריות להקפצה,,,נודלס אטריות להקפצה,,350.00,100 גרם,false,,10.90,0.0311,true,1,125462
7290111568275,false,נודלס אטריות אורז רח,,,נודלס אטריות אורז רח,,300.00,100 גרם,false,,10.90,0.0363,true,1,125293
7290111568466,false,אסם רוטב אסיאתי למוק,,,אסם רוטב אסיאתי למוק,,290.00,"100 מ""ל",false,,12.90,0.0445,true,1,125466
7290111930911,false,פוף לבבות קלאסי 40 ג,,,פוף לבבות קלאסי 40 ג,,40.00,100 גרם,false,,4.40,0.1100,true,1,101180
7290111932380,false,מרידול משחות שיניים,,,מרידול משחות שיניים,,150.00,100 גרם,false,,32.90,0.2193,true,1,111559
7290111932502,false,מש.שיניים אופטיק ויי,,,מש.שיניים אופטיק ויי,,75.00,"100 מ""ל",false,,31.90,0.4253,true,1,130718
7290111933462,false,רוטב צ'ילי מתוק 300,,,רוטב צ'ילי מתוק 300,,300.00,"100 מ""ל",false,,10.90,0.0363,true,1,115461
7290111933554,false,עגבניות קוביות מאסטר,,,עגבניות קוביות מאסטר,קילוגרמים,1.20,"ק""ג",false,,17.90,14.9167,true,1,133480
7290111934827,false,פלמוליב סבון ידיים ה,,,פלמוליב סבון ידיים ה,,300.00,"100 מ""ל",false,,10.90,0.0363,true,1,141836
7290111938481,false,רוטב סויה בהירה מ.שף,,,רוטב סויה בהירה מ.שף,,300.00,"100 מ""ל",false,,11.90,0.0397,true,1,238763
7290112000408,false,תרסיס ניקוי וחיטוי ר,,,תרסיס ניקוי וחיטוי ר,,750.00,"100 מ""ל",false,,16.90,0.0225,true,1,132018
7290112000828,false,מגבונים אנטי בקטריאל,,,מגבונים אנטי בקטריאל,,60.00,יח',false,,12.90,0.2150,true,1,132020
7290112000842,false,מגבונים לניקוי כללי,,,מגבונים לניקוי כללי,,60.00,יח',false,,12.90,0.2150,true,1,132021
7290112000880,false,מגבונים למטבח 60 יח',,,מגבונים למטבח 60 יח',,60.00,יח',false,,12.90,0.2150,true,1,132023
7290112002099,false,קולון ג'ל 2.5 ליטר ב,,,קולון ג'ל 2.5 ליטר ב,ליטרים,2.50,ליטר,false,,29.90,11.9600,true,1,190097
7290112002129,false,קולון ג'ל 2.5 ליטר ב,,,קולון ג'ל 2.5 ליטר ב,ליטרים,2.50,ליטר,false,,29.90,11.9600,true,1,190100
7290112002136,false,קולון ג'ל 4 ליטר רגי,,,קולון ג'ל 4 ליטר רגי,ליטרים,4.00,ליטר,false,,38.90,9.7250,true,1,190101
7290112003188,false,קולון קפסולות למכונת,,,קולון קפסולות למכונת,יחידה,0.00,יחידה,false,,60.00,0.0000,true,1,267258
7290112003508,false,איירוויק בוטניקה ספר,,,איירוויק בוטניקה ספר,,236.00,"100 מ""ל",false,,21.90,0.0928,true,1,284851
7290112003553,false,איירוויק בוטניקה נר,,,איירוויק בוטניקה נר,,205.00,"100 מ""ל",false,,25.90,0.1263,true,1,284835
7290112190468,false,"שמן זית 750 מ""ל G FO",,,"שמן זית 750 מ""ל G FO",,750.00,"100 מ""ל",false,,33.90,0.0452,true,1,346008
7290112191274,false,12 טורטיות  מקמח חיט,,,12 טורטיות  מקמח חיט,,780.00,100 גרם,false,,13.90,0.0178,true,1,138638
7290112192875,false,משחת שיניים סנסודיין,,,משחת שיניים סנסודיין,,75.00,"100 מ""ל",false,,37.90,0.5053,true,1,200669
7290112195579,false,שמן זית איטליה 750 מ,,,שמן זית איטליה 750 מ,,750.00,"100 מ""ל",false,,33.90,0.0452,true,1,378510
7290112330352,false,דנונה פרו 20 גר וניל,,,דנונה פרו 20 גר וניל,,200.00,יח',false,,6.50,0.0325,true,1,142031
7290112330390,false,דנונה פרו 20 גר פירו,,,דנונה פרו 20 גר פירו,,200.00,יח',false,,6.50,0.0325,true,1,142032
7290112332585,false,"פריכיות הטעימות תפו""",,,"פריכיות הטעימות תפו""",,30.00,100 גרם,false,,5.90,0.1967,true,1,143696
7290112332691,false,פינוקיות עוגיית קרם,,,פינוקיות עוגיית קרם,,200.00,100 גרם,false,,12.90,0.0645,true,1,145980
7290112334596,false,אבקה להכנת שוקו 850,,,אבקה להכנת שוקו 850,,935.00,100 גרם,false,,18.90,0.0202,true,1,510253
7290112334749,false,עלית טורקי שקית 200,,,עלית טורקי שקית 200,,220.00,100 גרם,false,,17.90,0.0814,true,1,144268
7290112335487,false,פריכיות הטעימות קצח,,,פריכיות הטעימות קצח,,135.00,100 גרם,false,,13.90,0.1030,true,1,143268
7290112335494,false,פריכיות הטעימות פוטט,,,פריכיות הטעימות פוטט,,135.00,100 גרם,false,,13.90,0.1030,true,1,143269
7290112336613,false,עד חצות סנדוויץ' 135,,,עד חצות סנדוויץ' 135,,135.00,100 גרם,false,,10.90,0.0807,true,1,204154
7290112336637,false,"סוכריות מאסט לל""ס יו",,,"סוכריות מאסט לל""ס יו",,80.00,100 גרם,false,,8.90,0.1113,true,1,190956
7290112336644,false,"סוכריות מאסט לל""ס לי",,,"סוכריות מאסט לל""ס לי",,80.00,100 גרם,false,,8.90,0.1113,true,1,190957
7290112336651,false,סוכריות מאסט ללא סוכ,,,סוכריות מאסט ללא סוכ,,80.00,100 גרם,false,,8.90,0.1113,true,1,190963
7290112337474,false,"סוכריות מאסט לל""ס פט",,,"סוכריות מאסט לל""ס פט",,80.00,100 גרם,false,,8.90,0.1113,true,1,190958
7290112337481,false,"סוכריות מאסט לל""ס קפ",,,"סוכריות מאסט לל""ס קפ",,80.00,100 גרם,false,,8.90,0.1113,true,1,190964
7290112339867,false,גמדים סקוויז בודד תו,,,גמדים סקוויז בודד תו,,100.00,100 גרם,false,,5.90,0.0590,true,1,138356
7290112340122,false,פריכיות הטעימות 3 דג,,,פריכיות הטעימות 3 דג,,135.00,100 גרם,false,,13.90,0.1030,true,1,143271
7290112341679,false,דנונה אקטיביה 3% 200,,,דנונה אקטיביה 3% 200,,200.00,100 גרם,false,,4.50,0.0225,true,1,190078
7290112342102,false,סימפוניה 5% בצל מקור,,,סימפוניה 5% בצל מקור,,200.00,100 גרם,false,,12.90,0.0645,true,1,211141
7290112342508,false,דוריטוס קול ראנץ' 70,,,דוריטוס קול ראנץ' 70,,70.00,יח',false,,4.30,0.0614,true,1,198216
7290112343260,false,יטבתה רוטב שמנת קלאס,,,יטבתה רוטב שמנת קלאס,,260.00,100 גרם,false,,11.50,0.0442,true,1,198804
7290112343420,false,משקה יטבתה פרו 20 אר,,,משקה יטבתה פרו 20 אר,,350.00,"100 מ""ל",false,,7.90,0.0226,true,1,198807
7290112343499,false,ציטוס Puffs בטעם גבי,,,ציטוס Puffs בטעם גבי,,55.00,יח',false,,3.90,0.0709,true,1,360133
7290112344564,false,EAT GOOD רביולי גבינ,,,EAT GOOD רביולי גבינ,,400.00,100 גרם,false,,21.70,0.0542,true,1,190565
7290112344786,false,פלטינום קלאסיק עלית,,,פלטינום קלאסיק עלית,,200.00,100 גרם,false,,29.90,0.1495,true,1,212244
7290112346360,false,בפלות אחת אחת בציפוי,,,בפלות אחת אחת בציפוי,,180.00,100 גרם,false,,14.90,0.0828,true,1,211193
7290112346629,false,דנונה קראנצ' עם קורנ,,,דנונה קראנצ' עם קורנ,,172.00,"100 מ""ל",false,,4.90,0.0285,true,1,239929
7290112348142,false,שעועית לבנה טעם הטבע,,,שעועית לבנה טעם הטבע,,380.00,100 גרם,false,,7.90,0.0208,true,1,231578
7290112348999,false,פריכיות טעימות תירס,,,פריכיות טעימות תירס,,135.00,100 גרם,false,,13.90,0.1030,true,1,283161
7290112349705,false,רוטב עגבניות פומודרו,,,רוטב עגבניות פומודרו,,350.00,100 גרם,false,,11.90,0.0340,true,1,212408
7290112349736,false,רוטב עגבניות בזיליקו,,,רוטב עגבניות בזיליקו,,350.00,100 גרם,false,,11.90,0.0340,true,1,212409
7290112351258,false,פינוקיות עוגיית שחור,,,פינוקיות עוגיית שחור,,200.00,100 גרם,false,,12.90,0.0645,true,1,255690
7290112351753,false,שלישיית פסק זמן קראנ,,,שלישיית פסק זמן קראנ,,96.00,100 גרם,false,,14.10,0.1469,true,1,281718
7290112354211,false,פיצה מרגריטה שטראוס,,,פיצה מרגריטה שטראוס,,400.00,100 גרם,false,,27.90,0.0697,true,1,366634
7290112354945,false,תפוצ'יפס wavy 50 גר,,,תפוצ'יפס wavy 50 גר,,50.00,100 גרם,false,,4.50,0.0900,true,1,509077
7290112354952,false,תפוצ'יפס wavy פפריקה,,,תפוצ'יפס wavy פפריקה,,50.00,100 גרם,false,,4.50,0.0900,true,1,509078
7290112354969,false,תפוצ'יפס וויבי 200 ג,,,תפוצ'יפס וויבי 200 ג,,200.00,100 גרם,false,,10.90,0.0545,true,1,508965
7290112355386,false,רוטב שמנת בטעם קרמל,,,רוטב שמנת בטעם קרמל,,260.00,100 גרם,false,,11.50,0.0442,true,1,438552
7290112356536,false,עלית קקאו 150 גרם +,,,עלית קקאו 150 גרם +,,150.00,100 גרם,false,,10.50,0.0700,true,1,252242
7290112357045,false,עגבניות איטלקיות מרו,,,עגבניות איטלקיות מרו,,390.00,100 גרם,false,,6.90,0.0177,true,1,231579
7290112357069,false,מחית עגבניות איטלקיו,,,מחית עגבניות איטלקיו,,500.00,100 גרם,false,,7.90,0.0158,true,1,231580
7290112357083,false,אפונה ירוקה טעם הטבע,,,אפונה ירוקה טעם הטבע,,380.00,100 גרם,false,,7.90,0.0208,true,1,351707
7290112357106,false,שעועית אדומה טעם הטב,,,שעועית אדומה טעם הטב,,380.00,100 גרם,false,,7.90,0.0208,true,1,231581
7290112357113,false,גרגרי חומוס טעם הטבע,,,גרגרי חומוס טעם הטבע,,380.00,100 גרם,false,,7.90,0.0208,true,1,231582
7290112358431,false,דאבל ביסקוויט עם שוק,,,דאבל ביסקוויט עם שוק,,200.00,100 גרם,false,,14.90,0.0745,true,1,308607
7290112490032,false,נמס בכוס תירס קנור 2,,,נמס בכוס תירס קנור 2,,45.00,100 גרם,false,,7.90,0.1756,true,1,130081
7290112490209,false,נמס בכוס מרק עגבניות,,,נמס בכוס מרק עגבניות,,56.00,100 גרם,false,,7.90,0.1411,true,1,131727
7290112490216,false,נמס בכוס בטעם עוף קר,,,נמס בכוס בטעם עוף קר,יחידה,48.00,יחידה,false,,7.90,0.1646,true,1,130159
7290112490230,false,נמס בכוס אפונה רכיבי,,,נמס בכוס אפונה רכיבי,,50.00,יח',false,,7.90,0.1580,true,1,130160
7290112490650,false,קונפיטורה 778 תות שד,,,קונפיטורה 778 תות שד,,340.00,100 גרם,false,,15.90,0.0468,true,1,126700
7290112490735,false,מרק היום מרק עגבניות,,,מרק היום מרק עגבניות,,105.00,100 גרם,false,,12.50,0.1190,true,1,358135
7290112491701,false,ברנפלקס אקסטרה פרוטא,,,ברנפלקס אקסטרה פרוטא,,400.00,100 גרם,false,,24.90,0.0622,true,1,138519
7290112492449,false,פינוק שמפו לשיער רגי,,,פינוק שמפו לשיער רגי,,700.00,"100 מ""ל",false,,11.90,0.0170,true,1,221557
7290112492456,false,פינוק שמפו שיער יבש,,,פינוק שמפו שיער יבש,,700.00,"100 מ""ל",false,,11.90,0.0170,true,1,221558
7290112492487,false,פינוק שמפו שמן מרוקא,,,פינוק שמפו שמן מרוקא,,700.00,"100 מ""ל",false,,11.90,0.0170,true,1,221560
7290112492500,false,פינוק שמפו שמן קוקוס,,,פינוק שמפו שמן קוקוס,,700.00,"100 מ""ל",false,,11.90,0.0170,true,1,221561
7290112492531,false,פינוק מרכך לשיער רגי,,,פינוק מרכך לשיער רגי,,700.00,"100 מ""ל",false,,11.90,0.0170,true,1,221562
7290112492579,false,פינוק מרכך שמן קוקוס,,,פינוק מרכך שמן קוקוס,,700.00,"100 מ""ל",false,,11.90,0.0170,true,1,221563
7290112492593,false,פינוק תחליב רחצה קלא,,,פינוק תחליב רחצה קלא,,700.00,"100 מ""ל",false,,10.90,0.0156,true,1,221593
7290112492609,false,פינוק תחליב רחצה לבנ,,,פינוק תחליב רחצה לבנ,,700.00,"100 מ""ל",false,,10.90,0.0156,true,1,221594
7290112493088,false,נמס בכוס מרק עדשים ח,,,נמס בכוס מרק עדשים ח,,54.00,100 גרם,false,,7.90,0.1463,true,1,157795
7290112493095,false,נמס בכוס מרק עגבניות,,,נמס בכוס מרק עגבניות,,48.00,100 גרם,false,,7.90,0.1646,true,1,157796
7290112493316,false,מרק היום מרק אפונה 1,,,מרק היום מרק אפונה 1,,117.00,100 גרם,false,,12.50,0.1068,true,1,159195
7290112493873,false,בייגל בייגל דג דג 40,,,בייגל בייגל דג דג 40,,400.00,100 גרם,false,,15.70,0.0392,true,1,212564
7290112493927,false,קרמיסימו ריבת חלב 1.,,,קרמיסימו ריבת חלב 1.,ליטרים,1.33,ליטר,false,,21.90,16.4662,true,1,209561
7290112494153,false,תיבוליות ניחוח צלי ק,,,תיבוליות ניחוח צלי ק,,72.00,100 גרם,false,,10.90,0.1514,true,1,358063
7290112494221,false,קליק ביסקוויט 65 גרם,,,קליק ביסקוויט 65 גרם,,65.00,100 גרם,false,,6.90,0.1062,true,1,195825
7290112494283,false,קליק מעורב חום לבן 6,,,קליק מעורב חום לבן 6,,65.00,יח',false,,6.90,0.1062,true,1,195828
7290112494313,false,קליק קורנפלקס 65 גרם,,,קליק קורנפלקס 65 גרם,,65.00,יח',false,,6.90,0.1062,true,1,195830
7290112494344,false,קורנפלקס של אלופים ת,,,קורנפלקס של אלופים ת,,850.00,100 גרם,false,,18.90,0.0222,true,1,219042
7290112494382,false,פירה בטעם ביתי קנור,,,פירה בטעם ביתי קנור,,260.00,יח',false,,13.90,0.0535,true,1,196431
7290112494993,false,"כריות וניל תלמה בד""ץ",,,"כריות וניל תלמה בד""ץ",,686.00,100 גרם,false,,30.90,0.0450,true,1,196397
7290112495020,false,כריות צוקולדה תלמה ב,,,כריות צוקולדה תלמה ב,,686.00,100 גרם,false,,30.90,0.0450,true,1,196399
7290112495037,false,קוקומן כדורים תלמה ב,,,קוקומן כדורים תלמה ב,,375.00,100 גרם,false,,23.40,0.0624,true,1,196410
7290112495105,false,נשנושים שמנת בצל 260,,,נשנושים שמנת בצל 260,,260.00,100 גרם,false,,13.90,0.0535,true,1,196432
7290112495150,false,נשנושים עגול מלוח 30,,,נשנושים עגול מלוח 30,,300.00,100 גרם,false,,14.90,0.0497,true,1,196424
7290112495174,false,נשנושים קוקטייל שומש,,,נשנושים קוקטייל שומש,,300.00,100 גרם,false,,14.90,0.0497,true,1,196426
7290112495228,false,קורנפלקס דבש תלמה תל,,,קורנפלקס דבש תלמה תל,,448.00,100 גרם,false,,19.70,0.0440,true,1,196416
7290112495235,false,קורנפלקס וניל תלמה 4,,,קורנפלקס וניל תלמה 4,,448.00,100 גרם,false,,19.70,0.0440,true,1,196417
7290112495433,false,"דליפקאן תלמה בד""ץ 40",,,"דליפקאן תלמה בד""ץ 40",,400.00,100 גרם,false,,24.90,0.0622,true,1,166706
7290112495662,false,קרקר חיטה מלאה עם פש,,,קרקר חיטה מלאה עם פש,,300.00,100 גרם,false,,10.90,0.0363,true,1,236742
7290112495686,false,קרקר שומשום 220 גר',,,קרקר שומשום 220 גר',,220.00,100 גרם,false,,10.90,0.0495,true,1,236743
7290112495754,false,רוטב אלף האיים הלמנס,,,רוטב אלף האיים הלמנס,,305.00,100 גרם,false,,12.90,0.0423,true,1,215649
7290112495785,false,רוטב שום הלמנס 300 ג,,,רוטב שום הלמנס 300 ג,,300.00,100 גרם,false,,12.90,0.0430,true,1,215651
7290112495983,false,פתית פריכיות תירס שו,,,פתית פריכיות תירס שו,,39.00,100 גרם,false,,5.50,0.1410,true,1,236747
7290112496430,false,נמס בכוס אקסטרה מרק,,,נמס בכוס אקסטרה מרק,,37.00,100 גרם,false,,4.90,0.1324,true,1,358209
7290112497000,false,סיף פנטסטיק ניקוי כל,,,סיף פנטסטיק ניקוי כל,יחידה,0.00,יחידה,false,,13.90,0.0000,true,1,226036
7290112497864,false,מרק בטעם עוף רכיבים,,,מרק בטעם עוף רכיבים,,400.00,100 גרם,false,,30.90,0.0772,true,1,358034
7290112498816,false,גלידונית בטעם פיסטוק,,,גלידונית בטעם פיסטוק,,700.00,100 גרם,false,,50.90,0.0727,true,1,297765
7290112498922,false,מאגדת מיני מגנום לבן,,,מאגדת מיני מגנום לבן,,310.00,יח',false,,30.90,0.0997,true,1,319809
7290112499097,false,מאגדת מיני מגנום מרי,,,מאגדת מיני מגנום מרי,,240.00,100 גרם,false,,30.90,0.1287,true,1,392295
7290112499844,false,מגנום מיני דואט מאגד,,,מגנום מיני דואט מאגד,,310.00,100 גרם,false,,30.90,0.0997,true,1,209564
7290112499943,false,מגנום מאגדת מיני שוק,,,מגנום מאגדת מיני שוק,,250.00,100 גרם,false,,30.90,0.1236,true,1,209547
7290112960542,false,לחם מחמצת קלמטה 480,,,לחם מחמצת קלמטה 480,,480.00,100 גרם,false,,21.90,0.0456,true,1,133484
7290112960603,false,לחם מחמצת אגוזים צימ,,,לחם מחמצת אגוזים צימ,,480.00,100 גרם,false,,21.90,0.0456,true,1,133487
7290112961440,false,פיטנס בר פריכיות שוק,,,פיטנס בר פריכיות שוק,,84.00,100 גרם,false,,14.90,0.1774,true,1,228923
7290112964434,false,אסם רוטב קיסר לסלט 2,,,אסם רוטב קיסר לסלט 2,,295.00,"100 מ""ל",false,,12.90,0.0437,true,1,146316
7290112964564,false,אסם רוטב אלף האיים ל,,,אסם רוטב אלף האיים ל,,295.00,"100 מ""ל",false,,12.90,0.0437,true,1,146318
7290112964625,false,אסם רוטב שום לייט לס,,,אסם רוטב שום לייט לס,,295.00,"100 מ""ל",false,,12.90,0.0437,true,1,146319
7290112965165,false,זוג מרק נמס פטריות ב,,,זוג מרק נמס פטריות ב,,48.00,100 גרם,false,,6.90,0.1438,true,1,153317
7290112965264,false,זוג מרק נמס אפונה בד,,,זוג מרק נמס אפונה בד,,30.00,100 גרם,false,,6.90,0.2300,true,1,153321
7290112965288,false,זוג מרק נמס ירקות בד,,,זוג מרק נמס ירקות בד,,30.00,100 גרם,false,,6.90,0.2300,true,1,153322
7290112965301,false,זוג מרק נמס טעם עוף,,,זוג מרק נמס טעם עוף,,38.00,100 גרם,false,,6.90,0.1816,true,1,153323
7290112965684,false,פיטנס חטיף מולטיגריי,,,פיטנס חטיף מולטיגריי,,25.00,100 גרם,false,,5.80,0.2320,true,1,277527
7290112965707,false,פיטנס חטיף מולטיגריי,,,פיטנס חטיף מולטיגריי,,25.00,100 גרם,false,,5.80,0.2320,true,1,277528
7290112965783,false,ביסלי פריסטייל על הא,,,ביסלי פריסטייל על הא,,60.00,100 גרם,false,,4.90,0.0817,true,1,327453
7290112965806,false,ביסלי פריסטייל חמוץ,,,ביסלי פריסטייל חמוץ,,60.00,100 גרם,false,,4.90,0.0817,true,1,327454
7290112965868,false,אסם קרם קרקר במליחות,,,אסם קרם קרקר במליחות,,250.00,100 גרם,false,,11.90,0.0476,true,1,198158
7290112965905,false,אסם בייגלה שמיניות ב,,,אסם בייגלה שמיניות ב,,400.00,100 גרם,false,,11.90,0.0298,true,1,198928
7290112965967,false,טבעול נאגטס ירקות כת,,,טבעול נאגטס ירקות כת,,500.00,100 גרם,false,,35.90,0.0718,true,1,276191
7290112966094,false,עוגת הבית תפוז מופחת,,,עוגת הבית תפוז מופחת,,400.00,יח',false,,14.90,0.0373,true,1,198061
7290112967220,false,ביסלי ברביקיו מארז 1,,,ביסלי ברביקיו מארז 1,,200.00,100 גרם,false,,12.50,0.0625,true,1,236875
7290112968203,false,סלט טחינה בלאדי צבר,,,סלט טחינה בלאדי צבר,,250.00,100 גרם,false,,12.90,0.0516,true,1,212639
7290112968449,false,סלט כרוב אדום צבר 25,,,סלט כרוב אדום צבר 25,,250.00,100 גרם,false,,12.90,0.0516,true,1,212640
7290112968708,false,שניצל  תירס עדה חרדי,,,שניצל  תירס עדה חרדי,קילוגרמים,1.30,"ק""ג",false,,45.90,35.3077,true,1,223834
7290112968807,false,פיטנס קרקר דק סלק 14,,,פיטנס קרקר דק סלק 14,,140.00,100 גרם,false,,13.90,0.0993,true,1,285239
7290112968821,false,פיטנס קרקר דק בטטה 1,,,פיטנס קרקר דק בטטה 1,,140.00,100 גרם,false,,13.90,0.0993,true,1,285240
7290112969286,false,אוסם בישולים רוטב חר,,,אוסם בישולים רוטב חר,,330.00,100 גרם,false,,17.90,0.0542,true,1,281677
7290113102934,false,קולפן איכותי,,,קולפן איכותי,יחידה,0.00,יחידה,false,,18.90,0.0000,true,1,156321
7290113192300,false,זיתים חרוזית מושחר ב,,,זיתים חרוזית מושחר ב,,275.00,100 גרם,false,,12.90,0.0469,true,1,205699
7290113192324,false,זית ירוק בית השיטה 3,,,זית ירוק בית השיטה 3,,340.00,100 גרם,false,,10.90,0.0321,true,1,204518
7290113192355,false,זיתים חרוזית ירוק בי,,,זיתים חרוזית ירוק בי,,275.00,100 גרם,false,,10.90,0.0396,true,1,204534
7290113192362,false,טבעות זיתים ירוקים ב,,,טבעות זיתים ירוקים ב,,280.00,100 גרם,false,,11.90,0.0425,true,1,204535
7290113192386,false,זית סורי מבוקע בית ה,,,זית סורי מבוקע בית ה,,340.00,100 גרם,false,,12.90,0.0379,true,1,204550
7290113192393,false,קוקטייל זיתים בית הש,,,קוקטייל זיתים בית הש,,336.00,100 גרם,false,,12.90,0.0384,true,1,204551
7290113192478,false,מלפפון במלח 10-12 בי,,,מלפפון במלח 10-12 בי,,320.00,100 גרם,false,,8.90,0.0278,true,1,204741
7290113192492,false,מלפפון בחומץ 13-17 ב,,,מלפפון בחומץ 13-17 ב,,290.00,100 גרם,false,,11.90,0.0410,true,1,204743
7290113192508,false,מלפפון במלח 13-17 בי,,,מלפפון במלח 13-17 בי,,320.00,100 גרם,false,,11.90,0.0372,true,1,204744
7290113192515,false,מלפפון במלח 18-25 בי,,,מלפפון במלח 18-25 בי,,320.00,100 גרם,false,,13.90,0.0434,true,1,204745
7290113192539,false,מלפפון במלח 7-9 בית,,,מלפפון במלח 7-9 בית,,560.00,100 גרם,false,,7.90,0.0141,true,1,204760
7290113192997,false,זית מרוקאי בית השיטה,,,זית מרוקאי בית השיטה,,340.00,100 גרם,false,,15.90,0.0468,true,1,271046
7290113193000,false,פלפל שיפקונית בית הש,,,פלפל שיפקונית בית הש,,230.00,100 גרם,false,,12.90,0.0561,true,1,271048
7290113193017,false,בית השיטה קוקטייל זי,,,בית השיטה קוקטייל זי,,275.00,100 גרם,false,,12.90,0.0469,true,1,271031
7290113193321,false,שמן זית כתית מעולה ב,,,שמן זית כתית מעולה ב,,750.00,"100 מ""ל",false,,33.90,0.0452,true,1,368524
7290113193406,false,טבעות קוקטיל זיתים ב,,,טבעות קוקטיל זיתים ב,,560.00,100 גרם,false,,11.90,0.0213,true,1,271047
7290113193888,false,בית השיטה חצילים מוח,,,בית השיטה חצילים מוח,,320.00,100 גרם,false,,11.90,0.0372,true,1,327062
7290113195042,false,מלפפון מלח כבישה בית,,,מלפפון מלח כבישה בית,,750.00,100 גרם,false,,30.90,0.0412,true,1,327078
7290113195158,false,מיקס רצועות פלפל בית,,,מיקס רצועות פלפל בית,,215.00,100 גרם,false,,14.90,0.0693,true,1,307050
7290113195424,false,אטריות אורז דקות 5 מ,,,אטריות אורז דקות 5 מ,,400.00,100 גרם,false,,9.90,0.0248,true,1,349237
7290113196414,false,אורז בסמטי שקדיה 1 ק,,,אורז בסמטי שקדיה 1 ק,קילוגרמים,1.00,"ק""ג",false,,10.50,10.5000,true,1,348661
7290113196926,false,מנה חמה אטריות אורז,,,מנה חמה אטריות אורז,,60.00,100 גרם,false,,9.90,0.1650,true,1,482906
7290113196940,false,חטיפי תירס טורטיה בט,,,חטיפי תירס טורטיה בט,,300.00,100 גרם,false,,14.90,0.0497,true,1,449796
7290113199859,false,מגש אירוח סוכריות גו,,,מגש אירוח סוכריות גו,,350.00,100 גרם,false,,16.90,0.0483,true,1,411769
7290113286566,false,כפפות ניטריל  שחורות,,,כפפות ניטריל  שחורות,יחידה,0.00,יחידה,false,,27.90,0.0000,true,1,451848
7290113289192,false,צלחות מתכלות יהלום ק,,,צלחות מתכלות יהלום ק,יחידה,0.00,יחידה,false,,10.90,0.0000,true,1,378862
7290113289475,false,מפיות חד שכבתיות 80,,,מפיות חד שכבתיות 80,יחידה,0.00,יחידה,false,,5.90,0.0000,true,1,364763
7290113289543,false,כוסות שקופות 150 יחי,,,כוסות שקופות 150 יחי,יחידה,0.00,יחידה,false,,15.90,0.0000,true,1,409955
7290113289550,false,צלחות מתכלות גדולות,,,צלחות מתכלות גדולות,יחידה,0.00,יחידה,false,,31.90,0.0000,true,1,378846
7290113289604,false,כפפות ויטריל כחולות,,,כפפות ויטריל כחולות,יחידה,0.00,יחידה,false,,21.90,0.0000,true,1,451788
7290113289611,false,כפפות ויטריל כחולות,,,כפפות ויטריל כחולות,יחידה,0.00,יחידה,false,,21.90,0.0000,true,1,451789
7290114310215,false,שמנת מתוקה 38% בקבוק,,,שמנת מתוקה 38% בקבוק,,250.00,"100 מ""ל",false,,6.47,0.0259,true,1,232309
7290114310239,false,חלב נטול לקטוז  1.5,,,חלב נטול לקטוז  1.5,ליטרים,1.50,ליטר,false,,11.90,7.9333,true,1,244846
7290114310536,false,מולר אקטיב לייט יוגו,,,מולר אקטיב לייט יוגו,,25.00,100 גרם,false,,6.50,0.2600,true,1,306919
7290114310550,false,פטה עיזים מעודנת 5%,,,פטה עיזים מעודנת 5%,,200.00,100 גרם,false,,23.90,0.1195,true,1,306877
7290114310567,false,לאבנה עיזים 5% משק צ,,,לאבנה עיזים 5% משק צ,,200.00,100 גרם,false,,14.90,0.0745,true,1,306850
7290114310611,false,משקה חלב בננה בבקבוק,,,משקה חלב בננה בבקבוק,,250.00,"100 מ""ל",false,,5.90,0.0236,true,1,324685
7290114310628,false,משקה חלב וניל עוגיות,,,משקה חלב וניל עוגיות,ליטרים,1.00,ליטר,false,,12.50,12.5000,true,1,312586
7290114310673,false,לאבנה מחלב בקר 9% 25,,,לאבנה מחלב בקר 9% 25,,250.00,100 גרם,false,,12.90,0.0516,true,1,306934
7290114310895,false,מאגדת שמינייה סימפלי,,,מאגדת שמינייה סימפלי,קילוגרמים,1.20,"ק""ג",false,,32.40,27.0000,true,1,357705
7290114310963,false,יוגורט עיזים בדלי 3.,,,יוגורט עיזים בדלי 3.,,500.00,100 גרם,false,,15.90,0.0318,true,1,407504
7290114311014,false,משקה חלב אייס קפוצ'י,,,משקה חלב אייס קפוצ'י,,250.00,"100 מ""ל",false,,5.90,0.0236,true,1,433867
7290114311038,false,שמנת מתוקה 32% בקבוק,,,שמנת מתוקה 32% בקבוק,,250.00,"100 מ""ל",false,,7.90,0.0316,true,1,433868
7290114311298,false,מולר פרופ תות בננה מ,,,מולר פרופ תות בננה מ,,150.00,100 גרם,false,,5.50,0.0367,true,1,459942
7290114311304,false,מולר פרופ מנגו פסיפל,,,מולר פרופ מנגו פסיפל,,150.00,100 גרם,false,,5.50,0.0367,true,1,459943
7290114311328,false,חלב נטול לקטוז טרה 1,,,חלב נטול לקטוז טרה 1,ליטרים,1.00,ליטר,false,,7.90,7.9000,true,1,470980
7290114311458,false,קרטון חלב מועשר ויטמ,,,קרטון חלב מועשר ויטמ,ליטרים,1.00,ליטר,false,,9.90,9.9000,true,1,489379
7290114311496,false,קרטון חלב מועשר ויטמ,,,קרטון חלב מועשר ויטמ,ליטרים,1.00,ליטר,false,,9.90,9.9000,true,1,489395
7290114600927,false,עלי טורטיה חיטה מלאה,,,עלי טורטיה חיטה מלאה,,320.00,100 גרם,false,,11.90,0.0372,true,1,349645
7290114600941,false,מאסטר שף מאסטר שף  מ,,,מאסטר שף מאסטר שף  מ,,435.00,100 גרם,false,,15.90,0.0366,true,1,248834
7290114603508,false,מאסטר שף רוטב להקפצה,,,מאסטר שף רוטב להקפצה,,300.00,"100 מ""ל",false,,10.90,0.0363,true,1,271744
7290114603768,false,אג'קס שירותים 750 מ',,,אג'קס שירותים 750 מ',,750.00,"100 מ""ל",false,,32.90,0.0439,true,1,249563
7290114604840,false,דפי אורז קוטר 16 כשל,,,דפי אורז קוטר 16 כשל,,400.00,100 גרם,false,,10.90,0.0273,true,1,292712
7290114604857,false,דפי אורז קוטר 22 כשל,,,דפי אורז קוטר 22 כשל,,400.00,100 גרם,false,,10.90,0.0273,true,1,292727
7290114604949,false,מאסטר שף רוטב ברביקי,,,מאסטר שף רוטב ברביקי,,524.00,"100 מ""ל",false,,13.90,0.0265,true,1,308320
7290114606561,false,אטריות אורז דקות מאס,,,אטריות אורז דקות מאס,,400.00,100 גרם,false,,12.90,0.0323,true,1,420942
7290115190052,false,סיגריות מרלבורו  חפי,,,סיגריות מרלבורו  חפי,יחידה,0.00,יחידה,false,,36.50,0.0000,false,1,261007
7290115190076,false,סיגריות מרלבורו  חפי,,,סיגריות מרלבורו  חפי,יחידה,0.00,יחידה,false,,36.50,0.0000,false,1,275837
7290115190090,false,סיגריות מרלבורו  חפי,,,סיגריות מרלבורו  חפי,יחידה,0.00,יחידה,false,,36.50,0.0000,false,1,267988
7290115190151,false,מרלבורו גולד טאצ בוד,,,מרלבורו גולד טאצ בוד,יחידה,0.00,יחידה,false,,32.50,0.0000,false,1,267956
7290115190250,false,סיגריות פרלמנט (חפיס,,,סיגריות פרלמנט (חפיס,יחידה,0.00,יחידה,false,,42.00,0.0000,false,1,261022
7290115190519,false,סיגריות נקסט (בודד),,,סיגריות נקסט (בודד),יחידה,0.00,יחידה,false,,31.50,0.0000,false,1,267937
7290115190595,false,סיגריות נקסט(בודד),,,סיגריות נקסט(בודד),יחידה,0.00,יחידה,false,,31.50,0.0000,false,1,267939
7290115200713,false,מארז במבה קלאסי אסם,,,מארז במבה קלאסי אסם,,250.00,100 גרם,false,,12.90,0.0516,true,1,279400
7290115200782,true,חמישיית פיתות 10*500,,,חמישיית פיתות 10*500,,500.00,100 גרם,false,,7.90,0.0158,true,1,276939
7290115200881,false,אסם בייגלה שטוחים שו,,,אסם בייגלה שטוחים שו,,300.00,100 גרם,false,,11.90,0.0397,true,1,290043
7290115201031,false,אסם פתיבר דובי שוקול,,,אסם פתיבר דובי שוקול,,175.00,100 גרם,false,,12.30,0.0703,true,1,307120
7290115201239,false,רוסטיק דגנים 240 גרם,,,רוסטיק דגנים 240 גרם,,240.00,יח',false,,8.90,0.0371,true,1,274235
7290115201253,false,לחם מחמצת עם קמח מלא,,,לחם מחמצת עם קמח מלא,,550.00,100 גרם,false,,21.90,0.0398,true,1,274205
7290115201291,false,לחם מחמצת כפרי עם שי,,,לחם מחמצת כפרי עם שי,,640.00,100 גרם,false,,21.90,0.0342,true,1,275266
7290115201338,false,לחם מחמצת כפרי עם חמ,,,לחם מחמצת כפרי עם חמ,,550.00,100 גרם,false,,21.90,0.0398,true,1,274206
7290115201536,false,טבעול גורמה לביבות כ,,,טבעול גורמה לביבות כ,,442.00,100 גרם,false,,36.90,0.0835,true,1,460107
7290115201680,false,ביסלי ברביקיו 70 גרם,,,ביסלי ברביקיו 70 גרם,,70.00,100 גרם,false,,4.90,0.0700,true,1,284530
7290115201741,false,ביסלי בצל  70 גרם,,,ביסלי בצל  70 גרם,,70.00,יח',false,,4.90,0.0700,true,1,278757
7290115202250,false,טבעול טופו קראנצ'ים,,,טבעול טופו קראנצ'ים,,470.00,100 גרם,false,,35.90,0.0764,true,1,336973
7290115202786,false,מנה חמה פאוצ' נדלסאט,,,מנה חמה פאוצ' נדלסאט,,70.00,100 גרם,false,,4.90,0.0700,true,1,307033
7290115202816,false,מנה חמה פאוצ' נדלסאט,,,מנה חמה פאוצ' נדלסאט,,70.00,100 גרם,false,,4.90,0.0700,true,1,307034
7290115202939,false,מנה חמה רייס נודלס ע,,,מנה חמה רייס נודלס ע,,50.00,100 גרם,false,,8.90,0.1780,true,1,373121
7290115203172,false,במבה אסם 80 גרם PRO,,,במבה אסם 80 גרם PRO,,80.00,100 גרם,false,,4.90,0.0613,true,1,458153
7290115203295,false,פרפקטו פסטה ריציאולי,,,פרפקטו פסטה ריציאולי,,400.00,100 גרם,false,,11.90,0.0298,true,1,307018
7290115204056,false,אסם קטשופ מופחת סוכר,,,אסם קטשופ מופחת סוכר,,690.00,100 גרם,false,,11.90,0.0172,true,1,314866
7290115204131,false,סחוג ירוק המעדנייה ש,,,סחוג ירוק המעדנייה ש,,190.00,100 גרם,false,,12.90,0.0679,true,1,423575
7290115205176,false,פיטנס קרקר THIN כפרי,,,פיטנס קרקר THIN כפרי,,140.00,100 גרם,false,,13.90,0.0993,true,1,371418
7290115205312,false,פיטנס קרקר Thin Deli,,,פיטנס קרקר Thin Deli,,140.00,100 גרם,false,,13.90,0.0993,true,1,448027
7290115207484,false,חציל על האש היתר צבר,,,חציל על האש היתר צבר,,400.00,100 גרם,false,,17.90,0.0447,true,1,397174
7290115207682,false,אסם רוטב בסגנון סויה,,,אסם רוטב בסגנון סויה,,330.00,"100 מ""ל",false,,12.90,0.0391,true,1,447836
7290115207989,false,ויטמינצ'יק לימון 1 ל,,,ויטמינצ'יק לימון 1 ל,ליטרים,1.00,ליטר,false,,23.50,23.5000,true,1,402644
7290115208009,false,ויטמינצ'יק ענבים 1 ל,,,ויטמינצ'יק ענבים 1 ל,ליטרים,1.00,ליטר,false,,23.50,23.5000,true,1,402662
7290115208047,false,ויטמינצ'יק פטל 1 ליט,,,ויטמינצ'יק פטל 1 ליט,ליטרים,1.00,ליטר,false,,23.50,23.5000,true,1,402645
7290115208061,false,ויטמינצ'יק תפוח 1 לי,,,ויטמינצ'יק תפוח 1 לי,ליטרים,1.00,ליטר,false,,23.50,23.5000,true,1,402646
7290115209174,false,במבה אורירית 60 גרם,,,במבה אורירית 60 גרם,,80.00,100 גרם,false,,4.90,0.0613,true,1,475004
7290115209198,false,במבה אורירית 80 גרם,,,במבה אורירית 80 גרם,,80.00,100 גרם,false,,4.90,0.0613,true,1,450153
7290115400274,false,מיני דובשניות בתוספת,,,מיני דובשניות בתוספת,,400.00,100 גרם,false,,12.50,0.0313,true,1,252551
7290115403299,false,עוגיות פרפריות אדל 4,,,עוגיות פרפריות אדל 4,,450.00,100 גרם,false,,18.90,0.0420,true,1,435970
7290115403312,false,עוגיות מלוחות קריספי,,,עוגיות מלוחות קריספי,,450.00,100 גרם,false,,18.90,0.0420,true,1,435972
7290115403367,false,עוגיות קוואקר פריכות,,,עוגיות קוואקר פריכות,,500.00,100 גרם,false,,18.90,0.0378,true,1,435976
7290115403435,false,עוגיות מעמול תמר אדל,,,עוגיות מעמול תמר אדל,,500.00,100 גרם,false,,18.90,0.0378,true,1,435983
7290115403442,false,עוגיות ממולאות בטעם,,,עוגיות ממולאות בטעם,,500.00,100 גרם,false,,18.90,0.0378,true,1,435984
7290115403459,false,עוגיות נסיכה בטעם תו,,,עוגיות נסיכה בטעם תו,,500.00,100 גרם,false,,18.90,0.0378,true,1,435985
7290115403473,false,עוגיות עינוגי שוקולד,,,עוגיות עינוגי שוקולד,,500.00,100 גרם,false,,18.90,0.0378,true,1,435987
7290115403480,false,עוגיות בסגנון מרוקאי,,,עוגיות בסגנון מרוקאי,,500.00,100 גרם,false,,18.90,0.0378,true,1,435988
7290115403503,false,עוגיות פרסה תמרים אד,,,עוגיות פרסה תמרים אד,,500.00,100 גרם,false,,18.90,0.0378,true,1,435989
7290115403510,false,עוגיות מגולגלות תמרי,,,עוגיות מגולגלות תמרי,,500.00,100 גרם,false,,18.90,0.0378,true,1,435990
7290115403527,false,עוגיות עינוגי תמרים,,,עוגיות עינוגי תמרים,,500.00,100 גרם,false,,18.90,0.0378,true,1,435991
7290115403565,false,עוגיות קיפל וניל אדל,,,עוגיות קיפל וניל אדל,,500.00,100 גרם,false,,18.90,0.0378,true,1,435995
7290115405088,false,קינוח אישי קדאיף-200,,,קינוח אישי קדאיף-200,,200.00,100 גרם,false,,16.90,0.0845,true,1,228521
7290115405118,false,קינוח אישי תענוג תות,,,קינוח אישי תענוג תות,,200.00,100 גרם,false,,16.90,0.0845,true,1,228524
7290115405781,false,פחזניות בטעם שוקולד,,,פחזניות בטעם שוקולד,,180.00,100 גרם,false,,16.90,0.0939,true,1,445196
7290115405804,false,פחזניות בטעם תות תופ,,,פחזניות בטעם תות תופ,,180.00,100 גרם,false,,16.90,0.0939,true,1,445212
7290115405811,false,קינוח אישי גבינה פרו,,,קינוח אישי גבינה פרו,,200.00,100 גרם,false,,16.90,0.0845,true,1,447576
7290115405828,false,קינוח אישי גבינה אוכ,,,קינוח אישי גבינה אוכ,,200.00,100 גרם,false,,16.90,0.0845,true,1,447577
7290115410068,false,חציל במיונז 400 גרם,,,חציל במיונז 400 גרם,,400.00,100 גרם,false,,13.90,0.0348,true,1,347862
7290115410099,false,מטבוחה 400 גרם סלטי,,,מטבוחה 400 גרם סלטי,,400.00,100 גרם,false,,13.90,0.0348,true,1,347864
7290115410150,false,כרוב אדום 400 גרם סל,,,כרוב אדום 400 גרם סל,,400.00,100 גרם,false,,13.90,0.0348,true,1,408446
7290115410549,false,חומוס מסעדות המעדניה,,,חומוס מסעדות המעדניה,,250.00,100 גרם,false,,11.90,0.0476,true,1,347764
7290115410556,false,חומוס מסבחה 250 גרם,,,חומוס מסבחה 250 גרם,,250.00,100 גרם,false,,11.90,0.0476,true,1,347793
7290115410587,false,טחינה לבנה 250 גרם -,,,טחינה לבנה 250 גרם -,,250.00,100 גרם,false,,11.90,0.0476,true,1,347810
7290115410600,false,חציל במיונז 250 גרם-,,,חציל במיונז 250 גרם-,,250.00,100 גרם,false,,11.90,0.0476,true,1,347812
7290115410631,false,חציל בטעם כבד 250 גר,,,חציל בטעם כבד 250 גר,,250.00,100 גרם,false,,11.90,0.0476,true,1,347815
7290115670691,false,אנרג'י גרנולה שיבולת,,,אנרג'י גרנולה שיבולת,,400.00,100 גרם,false,,16.90,0.0422,true,1,312826
7290115671223,false,מסטיק קוביות ללא סוכ,,,מסטיק קוביות ללא סוכ,,58.00,100 גרם,false,,11.90,0.2052,true,1,394348
7290115671346,false,מיני פינוקיות במילוי,,,מיני פינוקיות במילוי,,180.00,100 גרם,false,,11.90,0.0661,true,1,336899
7290115671353,false,מיני פינוקיות שחור ל,,,מיני פינוקיות שחור ל,,180.00,100 גרם,false,,11.90,0.0661,true,1,387179
7290115675559,false,מארז קפה טורקי לדרך,,,מארז קפה טורקי לדרך,,70.00,100 גרם,false,,8.90,0.1271,true,1,285558
7290115675696,false,דגני בוקר קוואקר שיב,,,דגני בוקר קוואקר שיב,,375.00,100 גרם,false,,22.70,0.0605,true,1,331377
7290115676051,false,משקה אקטיביה עם שיבו,,,משקה אקטיביה עם שיבו,,265.00,100 גרם,false,,5.50,0.0208,true,1,362097
7290115676082,false,משקה יוגורט עם חלבון,,,משקה יוגורט עם חלבון,,255.00,100 גרם,false,,7.50,0.0294,true,1,316106
7290115677089,false,קונפיטורת תפוח וקינמ,,,קונפיטורת תפוח וקינמ,,340.00,100 גרם,false,,13.90,0.0409,true,1,332609
7290115677140,false,תפוצ'יפס wavy פפריקה,,,תפוצ'יפס wavy פפריקה,,200.00,100 גרם,false,,10.90,0.0545,true,1,508966
7290115677362,false,נודלס טריאקי שטראוס,,,נודלס טריאקי שטראוס,,350.00,100 גרם,false,,28.90,0.0826,true,1,366539
7290115677409,false,אורז קארי צהוב שטראו,,,אורז קארי צהוב שטראו,,350.00,100 גרם,false,,28.90,0.0826,true,1,366555
7290115677966,false,ממרח אבוקדו אחלה 200,,,ממרח אבוקדו אחלה 200,,200.00,100 גרם,false,,16.90,0.0845,true,1,355352
7290115678376,false,מעדן הגולן מעדן חלב,,,מעדן הגולן מעדן חלב,,125.00,100 גרם,false,,3.50,0.0280,true,1,338536
7290115678383,false,מעדן הגולן מעדן חלב,,,מעדן הגולן מעדן חלב,,125.00,100 גרם,false,,3.50,0.0280,true,1,338551
7290115678635,false,נשנושי גבינה 16% עם,,,נשנושי גבינה 16% עם,,67.00,100 גרם,false,,11.90,0.1776,true,1,451000
7290116530062,false,רוטב לסלט ויניגרטה 2,,,רוטב לסלט ויניגרטה 2,,295.00,100 גרם,false,,12.90,0.0437,true,1,331699
7290116530147,false,תחליב רחצה בניחוח שי,,,תחליב רחצה בניחוח שי,,700.00,"100 מ""ל",false,,10.90,0.0156,true,1,319900
7290116530185,false,דגני בוקר דלישקד קרמ,,,דגני בוקר דלישקד קרמ,,400.00,100 גרם,false,,24.90,0.0622,true,1,395344
7290116530482,false,מארז קורנפלקס של אלו,,,מארז קורנפלקס של אלו,,150.00,100 גרם,false,,13.90,0.0927,true,1,361926
7290116531762,false,בדין דפי מייבש ורוד,,,בדין דפי מייבש ורוד,יחידה,0.00,יחידה,false,,21.70,0.0000,true,1,394548
7290116531816,false,תחליב רחצה בניחוח שי,,,תחליב רחצה בניחוח שי,,700.00,"100 מ""ל",false,,10.90,0.0156,true,1,379011
7290116532769,false,גרנולה פרוטאין בתוספ,,,גרנולה פרוטאין בתוספ,,300.00,100 גרם,false,,17.90,0.0597,true,1,450599
7290116930015,false,חטיף חלבון בטעם קרמל,,,חטיף חלבון בטעם קרמל,,60.00,100 גרם,false,,14.90,0.2483,true,1,420377
7290116930282,false,לאבנה 9% שומן עם קרק,,,לאבנה 9% שומן עם קרק,,150.00,יח',false,,8.50,0.0567,true,1,459145
7290116930459,false,יופלה SHAKE בננה  אנ,,,יופלה SHAKE בננה  אנ,,230.00,"100 מ""ל",false,,8.50,0.0370,true,1,459239
7290116930466,false,יופלה SHAKE מנגו  בנ,,,יופלה SHAKE מנגו  בנ,,230.00,100 גרם,false,,8.50,0.0370,true,1,459240
7290116930480,false,יופלה SHAKE בננה  קי,,,יופלה SHAKE בננה  קי,,230.00,100 גרם,false,,8.50,0.0370,true,1,459241
7290116930558,false,תה קר עם חלב בטעם צ',,,תה קר עם חלב בטעם צ',,230.00,"100 מ""ל",false,,7.90,0.0343,true,1,459242
7290116930626,false,ציזיקי עם קרקרים תנו,,,ציזיקי עם קרקרים תנו,,150.00,100 גרם,false,,8.50,0.0567,true,1,459146
7290116931074,false,גבינת טל העמק 32% שו,,,גבינת טל העמק 32% שו,,300.00,100 גרם,false,,28.90,0.0963,true,1,470239
7290117260449,false,גבינה בולגרית מעודנת,,,גבינה בולגרית מעודנת,,200.00,100 גרם,false,,13.90,0.0695,true,1,460930
7290117260456,false,גבינה בולגרית מעודנת,,,גבינה בולגרית מעודנת,,200.00,100 גרם,false,,13.90,0.0695,true,1,460945
7290117260463,false,גבינה בולגרית מעודנת,,,גבינה בולגרית מעודנת,,200.00,100 גרם,false,,13.90,0.0695,true,1,460961
7290117260470,false,גבינה בולגרית מעודנת,,,גבינה בולגרית מעודנת,,200.00,100 גרם,false,,13.90,0.0695,true,1,460946
7290117260562,false,חמאה בגביע יורו 225,,,חמאה בגביע יורו 225,,225.00,100 גרם,false,,18.90,0.0840,true,1,508643
7290117260890,false,פופקורן בטעם קוקוס ו,,,פופקורן בטעם קוקוס ו,,90.00,100 גרם,false,,8.90,0.0989,true,1,407064
7290117261354,false,גבינת ריקוטה  5% שומ,,,גבינת ריקוטה  5% שומ,,200.00,100 גרם,false,,10.90,0.0545,true,1,458182
7290117261378,false,גבינת קשקבל לייט  8%,,,גבינת קשקבל לייט  8%,,250.00,100 גרם,false,,15.90,0.0636,true,1,458212
7290117262160,false,גבינה כפרית חצי קשה,,,גבינה כפרית חצי קשה,,200.00,100 גרם,false,,15.90,0.0795,true,1,495651
7290117380864,false,סלים דליס פייבר - עו,,,סלים דליס פייבר - עו,,120.00,100 גרם,false,,12.90,0.1075,true,1,450584
7290117380888,false,מרבה טייק אווי - עוג,,,מרבה טייק אווי - עוג,,140.00,100 גרם,false,,10.90,0.0779,true,1,491563
7290117823798,false,בדיקה עצמית מהירה לז,,,בדיקה עצמית מהירה לז,יחידה,0.00,יחידה,false,,39.90,0.0000,true,1,401545
7290589856775,false,נייס שבלולים לשיער,,,נייס שבלולים לשיער,יחידה,0.00,יחידה,false,,5.90,0.0000,true,1,38466
7291008084915,false,תמר מג'הול  500גר,,,תמר מג'הול  500גר,,500.00,100 גרם,false,,10.00,0.0200,true,1,418573
7296021133664,false,ידית שחורה נעמן Y קו,,,ידית שחורה נעמן Y קו,יחידה,0.00,יחידה,false,,9.90,0.0000,true,1,54727
7296021133688,false,תפוחון ידית שחורה נע,,,תפוחון ידית שחורה נע,יחידה,0.00,יחידה,false,,9.90,0.0000,true,1,54729
7296021141812,false,חבק סיליקון עם מגנט,,,חבק סיליקון עם מגנט,יחידה,0.00,יחידה,false,,12.90,0.0000,true,1,415401
7296021170669,false,פותחן יין נירוסטה,,,פותחן יין נירוסטה,יחידה,0.00,יחידה,false,,33.90,0.0000,true,1,415423
7296082000035,false,6 ביצים L אומגה ביצה,,,6 ביצים L אומגה ביצה,יחידה,0.00,יחידה,false,,15.90,0.0000,true,1,52562
7296102266038,false,קרש חיתוך פלסטיק 26*,,,קרש חיתוך פלסטיק 26*,יחידה,0.00,יחידה,false,,18.90,0.0000,true,1,285837
7297028161575,false,עשיריית גרבי גרב,,,עשיריית גרבי גרב,יחידה,0.00,יחידה,false,,29.90,0.0000,true,1,359487
7297028161582,false,עשיריית גרבי נשים,,,עשיריית גרבי נשים,יחידה,0.00,יחידה,false,,29.90,0.0000,true,1,359488
7297373004404,false,רב מגבת לבן 800 גרם,,,רב מגבת לבן 800 גרם,יחידה,0.00,יחידה,false,,19.90,0.0000,true,1,475443
7297488098305,false,דגש קמח שקדים 250 גר,,,דגש קמח שקדים 250 גר,,250.00,100 גרם,false,,26.90,0.1076,true,1,51876
7298171187221,false,פיג'מת נשים כותנה בו,,,פיג'מת נשים כותנה בו,יחידה,0.00,יחידה,false,,89.90,0.0000,true,1,380697
7480588956563,false,נייס שבלולים לשיער,,,נייס שבלולים לשיער,יחידה,0.00,יחידה,false,,9.90,0.0000,true,1,38475
7501013122039,false,ג'ומקס נקטר מנגו קרט,,,ג'ומקס נקטר מנגו קרט,ליטרים,1.00,ליטר,false,,11.00,11.0000,true,1,190584
7501013122114,false,ג'ומקס נקטר אננס קרט,,,ג'ומקס נקטר אננס קרט,ליטרים,1.00,ליטר,false,,11.00,11.0000,true,1,190586
7501013122992,false,ג'ומקס משקה קוקוס אנ,,,ג'ומקס משקה קוקוס אנ,ליטרים,1.00,ליטר,false,,11.00,11.0000,true,1,190588
7501049936945,false,מארז שישייה בירה סול,,,מארז שישייה בירה סול,ליטרים,1.98,ליטר,false,,40.90,20.6566,true,1,231890
7501064191398,false,קורונה מארז שישיה 6*,,,קורונה מארז שישיה 6*,ליטרים,2.13,ליטר,false,,39.90,18.7324,true,1,144183
7509546678702,false,משחת שיניים קולגייט,,,משחת שיניים קולגייט,,100.00,"100 מ""ל",false,,18.90,0.1890,true,1,455443
7610008059080,false,טבלת רגוסה מריר חדש,,,טבלת רגוסה מריר חדש,,100.00,100 גרם,false,,17.90,0.1790,true,1,441972
7610100034084,false,מיונז טומי 265 גרם,,,מיונז טומי 265 גרם,,265.00,100 גרם,false,,15.90,0.0600,true,1,77396
7610400068505,false,לינדור בונבוניירה חל,,,לינדור בונבוניירה חל,,200.00,100 גרם,false,,33.90,0.1695,true,1,16116
7610400068529,false,לינדור בונבוניירה אס,,,לינדור בונבוניירה אס,,200.00,100 גרם,false,,33.90,0.1695,true,1,16117
7610400091060,false,לינדט מריר אקסלנס תפ,,,לינדט מריר אקסלנס תפ,,100.00,100 גרם,false,,17.90,0.1790,true,1,234590
7613030979647,false,דגני בוקר טריקס 480,,,דגני בוקר טריקס 480,,480.00,100 גרם,false,,27.90,0.0581,true,1,120562
7613031608850,false,דגני בוקר פיטנס נסטל,,,דגני בוקר פיטנס נסטל,,625.00,100 גרם,false,,30.90,0.0494,true,1,118506
7613032045753,false,דגני פיטנס שוקולד נס,,,דגני פיטנס שוקולד נס,,375.00,100 גרם,false,,22.90,0.0611,true,1,23139
7613033548192,false,דגני בוקר פיטנס שוקו,,,דגני בוקר פיטנס שוקו,,375.00,100 גרם,false,,22.90,0.0611,true,1,23162
7613035379817,false,דנטלייף גזע קטן 7 6*,,,דנטלייף גזע קטן 7 6*,,690.00,100 גרם,false,,14.90,0.0216,true,1,373060
7613035622623,false,פיטנס גרנולה שקדים ו,,,פיטנס גרנולה שקדים ו,,300.00,100 גרם,false,,15.90,0.0530,true,1,68105
7613035635845,false,פיטנס גרנולה שוקולד,,,פיטנס גרנולה שוקולד,,300.00,100 גרם,false,,15.90,0.0530,true,1,23180
7613035758834,false,פיטנס גרנולה חמוציות,,,פיטנס גרנולה חמוציות,,300.00,100 גרם,false,,15.90,0.0530,true,1,23181
7613035807778,false,פרפקטו רוטב עגבניות,,,פרפקטו רוטב עגבניות,,400.00,100 גרם,false,,10.90,0.0273,true,1,23182
7613036105545,false,דוגלי בטעם בקר גזע ק,,,דוגלי בטעם בקר גזע ק,קילוגרמים,3.00,"ק""ג",false,,53.60,17.8667,true,1,91265
7613036105576,false,"דוגלי בוגר עוף 3 ק""ג",,,"דוגלי בוגר עוף 3 ק""ג",קילוגרמים,3.00,"ק""ג",false,,55.90,18.6333,true,1,91266
7613036387798,false,דגני פיטנס יוגורט נס,,,דגני פיטנס יוגורט נס,,375.00,100 גרם,false,,22.90,0.0611,true,1,107618
7613036520492,false,פרפקטו רוטב עגבניות,,,פרפקטו רוטב עגבניות,,400.00,100 גרם,false,,10.90,0.0273,true,1,115760
7613036737623,false,דגני בוקר קראנץ מקס,,,דגני בוקר קראנץ מקס,,410.00,100 גרם,false,,27.90,0.0680,true,1,133206
7613036880534,false,גרבר מחית מרק ירקות,,,גרבר מחית מרק ירקות,,190.00,100 גרם,false,,6.90,0.0363,true,1,192812
7613037204889,false,סטארבקס פולי קפה אספ,,,סטארבקס פולי קפה אספ,,450.00,100 גרם,false,,54.90,0.1220,true,1,316754
7613037811629,false,קורנפלקס גו פרי 500,,,קורנפלקס גו פרי 500,,500.00,100 גרם,false,,16.90,0.0338,true,1,215472
7613039547731,false,פאוץ' גרבר מחית תפוח,,,פאוץ' גרבר מחית תפוח,,90.00,100 גרם,false,,6.90,0.0767,true,1,270125
7613039879382,false,גרבר מחית תפוחי עץ 1,,,גרבר מחית תפוחי עץ 1,,190.00,100 גרם,false,,6.90,0.0363,true,1,336083
7613039881965,false,גרבר מחית גזר תפוח 1,,,גרבר מחית גזר תפוח 1,,190.00,100 גרם,false,,6.90,0.0363,true,1,377401
7613039882030,false,גרבר מחית תפוח גזר ב,,,גרבר מחית תפוח גזר ב,,190.00,100 גרם,false,,6.90,0.0363,true,1,340457
7613287008497,false,סטארבקס פולי קפה פיי,,,סטארבקס פולי קפה פיי,,450.00,100 גרם,false,,54.90,0.1220,true,1,316769
7613287155894,false,מחית אפרסק גרבר פאוץ,,,מחית אפרסק גרבר פאוץ,,90.00,100 גרם,false,,6.90,0.0767,true,1,296107
7613287155924,false,מחית בטעם תפוח גזר פ,,,מחית בטעם תפוח גזר פ,,90.00,100 גרם,false,,6.90,0.0767,true,1,297619
7613287182425,false,פאוץ תפוח בננה ותות,,,פאוץ תפוח בננה ותות,,110.00,100 גרם,false,,5.90,0.0536,true,1,345355
7613287302373,false,קפסולות סטארבקס איטל,,,קפסולות סטארבקס איטל,,56.00,100 גרם,false,,22.90,0.4089,true,1,309579
7613287325822,false,רוטב מיקס לחיץ אסם 2,,,רוטב מיקס לחיץ אסם 2,,295.00,100 גרם,false,,15.90,0.0539,true,1,371768
7613287821348,false,נתחוני עוף טבעוני סנ,,,נתחוני עוף טבעוני סנ,,350.00,100 גרם,false,,31.90,0.0911,true,1,379958
7622010001858,false,עוגיות אוראו  סנדביץ,,,עוגיות אוראו  סנדביץ,,176.00,100 גרם,false,,10.50,0.0597,true,1,7156
7622201137052,false,מיני קוקיז מילקה 110,,,מיני קוקיז מילקה 110,,110.00,100 גרם,false,,9.90,0.0900,true,1,371618
7622201139278,false,פילדלפיה גבינת שמנת,,,פילדלפיה גבינת שמנת,,150.00,100 גרם,false,,15.90,0.1060,true,1,212089
7622201521493,false,גבינת שמנת עם שום וע,,,גבינת שמנת עם שום וע,,150.00,100 גרם,false,,15.90,0.1060,true,1,461443
7622201798154,false,פילדלפיה גבינת שמנת,,,פילדלפיה גבינת שמנת,,150.00,100 גרם,false,,15.90,0.1060,true,1,362629
7622201801809,false,מילקה שוקוד חלב עם א,,,מילקה שוקוד חלב עם א,,100.00,100 גרם,false,,7.90,0.0790,true,1,338246
7622201802363,false,מילקה שוקולד חלב עם,,,מילקה שוקולד חלב עם,,100.00,100 גרם,false,,7.90,0.0790,true,1,338247
7622201802394,false,מילקה שוקולד חלב 100,,,מילקה שוקולד חלב 100,,100.00,100 גרם,false,,7.90,0.0790,true,1,338231
7622201808631,false,אוראו מיני כוסות בטע,,,אוראו מיני כוסות בטע,,67.00,100 גרם,false,,10.90,0.1627,true,1,343998
7622201813390,false,מילקה וואפל במילוי ק,,,מילקה וואפל במילוי ק,,150.00,100 גרם,false,,14.90,0.0993,true,1,325745
7622210137234,false,עוגיות סנדביץ אוראו,,,עוגיות סנדביץ אוראו,,170.00,100 גרם,false,,10.50,0.0618,true,1,66440
7622300270506,false,מילקה גריינס עוגיות,,,מילקה גריינס עוגיות,,168.00,100 גרם,false,,14.90,0.0887,true,1,66441
7622300356767,false,מילקה עוגיות גרנולה,,,מילקה עוגיות גרנולה,,168.00,100 גרם,false,,14.90,0.0887,true,1,66442
7622300617820,false,מילקה שוקולד אוראו 1,,,מילקה שוקולד אוראו 1,,100.00,יח',false,,7.90,0.0790,true,1,7176
7630477891615,false,סטארבקס קפסולות סומט,,,סטארבקס קפסולות סומט,,55.00,100 גרם,false,,22.90,0.4164,true,1,264998
7638900426809,false,סוללת MAX אנרג'ייזר,,,סוללת MAX אנרג'ייזר,יחידה,0.00,יחידה,false,,24.90,0.0000,true,1,280050
7690589856667,false,נייס שבלולים לשיער,,,נייס שבלולים לשיער,יחידה,0.00,יחידה,false,,12.90,0.0000,true,1,38476
7702024074625,false,פיטנס חטיפי קרקר חיט,,,פיטנס חטיפי קרקר חיט,,234.00,100 גרם,false,,13.90,0.0594,true,1,129953
7702174068833,false,'לקקן יוגטה אייס קרי,,,'לקקן יוגטה אייס קרי,,216.00,100 גרם,false,,11.90,0.0551,true,1,15343
7792860006218,false,בייבי דול לקקן 20גר,,,בייבי דול לקקן 20גר,,24.00,100 גרם,false,,2.90,0.1208,true,1,16124
7900250001006,false,אביזרי שיער,,,אביזרי שיער,יחידה,0.00,יחידה,false,,15.90,0.0000,true,1,38477
8000070003842,false,קפסולת LAVAZZA DEKCR,,,קפסולת LAVAZZA DEKCR,,120.00,100 גרם,false,,29.90,0.2492,true,1,481729
8000070003880,false,קפסולת LAVAZZA CREMA,,,קפסולת LAVAZZA CREMA,,120.00,100 גרם,false,,29.90,0.2492,true,1,481730
8000070064577,false,קפסולת LAVAZZA ORO ר,,,קפסולת LAVAZZA ORO ר,,120.00,100 גרם,false,,29.90,0.2492,true,1,481733
8000215204219,false,משקה אורז אורגני 1 ל,,,משקה אורז אורגני 1 ל,ליטרים,1.00,ליטר,false,,13.90,13.9000,true,1,272668
8000215204240,false,משקה שקדים ואורז אור,,,משקה שקדים ואורז אור,ליטרים,1.00,ליטר,false,,13.90,13.9000,true,1,56426
8000215204387,false,ויטריז לבישול - רוטב,,,ויטריז לבישול - רוטב,,500.00,"100 מ""ל",false,,15.90,0.0318,true,1,272670
8000215204554,false,משקה אורז קוקוס אורג,,,משקה אורז קוקוס אורג,ליטרים,1.00,ליטר,false,,13.90,13.9000,true,1,272671
8000215204677,false,משקה שיבולת שועל אור,,,משקה שיבולת שועל אור,ליטרים,1.00,ליטר,false,,13.90,13.9000,true,1,401530
8000380004669,false,לואקר וופל סנדוויץ',,,לואקר וופל סנדוויץ',,200.00,100 גרם,false,,13.90,0.0695,true,1,15353
8000380004676,false,לואקר וופל קרם וניל,,,לואקר וופל קרם וניל,,200.00,100 גרם,false,,13.90,0.0695,true,1,15354
8000380004911,false,וופל קואדרטיני אגוז,,,וופל קואדרטיני אגוז,,250.00,100 גרם,false,,15.50,0.0620,true,1,15356
8000380004966,false,וופל קואדרטיני קקאו,,,וופל קואדרטיני קקאו,,250.00,100 גרם,false,,15.50,0.0620,true,1,15359
8000380007219,false,וופל לואקר אגוז 175,,,וופל לואקר אגוז 175,,175.00,100 גרם,false,,12.90,0.0737,true,1,117832
8000380007257,false,.וופל מצופה שוקולד ג,,,.וופל מצופה שוקולד ג,,200.00,100 גרם,false,,14.90,0.0745,true,1,67213
8000380007264,false,וופל לואקר קקאו 175,,,וופל לואקר קקאו 175,,175.00,100 גרם,false,,12.90,0.0737,true,1,67214
8000380106028,false,1/6 טורטינה אורגינל,,,1/6 טורטינה אורגינל,,125.00,100 גרם,false,,18.50,0.1480,true,1,67217
8000380142484,false,וופל קואדרטיני שוקול,,,וופל קואדרטיני שוקול,,250.00,100 גרם,false,,15.50,0.0620,true,1,117836
8000380180745,false,וופל קואדרטיני לואקר,,,וופל קואדרטיני לואקר,,250.00,100 גרם,false,,15.50,0.0620,true,1,67230
8000380206896,false,לואקר גרדנה חמאת בוט,,,לואקר גרדנה חמאת בוט,,200.00,100 גרם,false,,14.90,0.0745,true,1,456708
8000500126325,false,קינדר גוי 1/3 ורוד 3,,,קינדר גוי 1/3 ורוד 3,,60.00,100 גרם,false,,16.50,0.2750,true,1,50046
8000500227848,false,'וופל מלוח במילוי ממ,,,'וופל מלוח במילוי ממ,,132.00,100 גרם,false,,12.50,0.0947,true,1,123579
8000500256213,false,פרר-קינדר שוקולד מינ,,,פרר-קינדר שוקולד מינ,,120.00,100 גרם,false,,11.20,0.0933,true,1,139358
8000500386941,false,ממרח קקאו עם אגוזי ל,,,ממרח קקאו עם אגוזי ל,,900.00,100 גרם,false,,33.90,0.0377,true,1,433954
8001090379368,false,חיתולי פמפרס פרימיום,,,חיתולי פמפרס פרימיום,יחידה,0.00,יחידה,false,,35.90,0.0000,true,1,106269
8001090832573,false,שמפו לחות מוגברת פנט,,,שמפו לחות מוגברת פנט,,660.00,"100 מ""ל",false,,22.90,0.0347,true,1,230944
8001090832856,false,מרכך שמן מרוקאי משקם,,,מרכך שמן מרוקאי משקם,,660.00,"100 מ""ל",false,,22.90,0.0347,true,1,230946
8001090833167,false,אריאל ג'ל כביסה ניחו,,,אריאל ג'ל כביסה ניחו,ליטרים,2.37,ליטר,false,,36.90,15.5696,true,1,135849
8001090899194,false,תחבושות פלטינום נורמ,,,תחבושות פלטינום נורמ,יחידה,0.00,יחידה,false,,23.90,0.0000,true,1,180507
8001100067957,false,וואפל קוביות BALOCCO,,,וואפל קוביות BALOCCO,,125.00,100 גרם,false,,10.90,0.0872,true,1,301179
8001160001786,false,גטורייד ספורט כחול 5,,,גטורייד ספורט כחול 5,יחידה,500.00,יחידה,false,,10.40,0.0208,true,1,44492
8001505000184,false,מעדן אוכמניות אורגני,,,מעדן אוכמניות אורגני,,250.00,100 גרם,false,,18.90,0.0756,true,1,275577
8001620011935,false,סאן בנדטו מוגז 6*500,,,סאן בנדטו מוגז 6*500,ליטרים,3.00,ליטר,false,,12.90,4.3000,true,1,11670
8001620015612,false,סן בנדטו בטעם גזר תפ,,,סן בנדטו בטעם גזר תפ,,400.00,"100 מ""ל",false,,8.50,0.0213,true,1,302487
8001620015629,false,משקה פירות פרוטה בטע,,,משקה פירות פרוטה בטע,,400.00,"100 מ""ל",false,,8.50,0.0213,true,1,377926
8001620015636,false,סן בנדטו בטעם מיקס פ,,,סן בנדטו בטעם מיקס פ,,400.00,"100 מ""ל",false,,8.50,0.0213,true,1,302488
8001620017456,false,סאן בנדטו פקק ספורט,,,סאן בנדטו פקק ספורט,ליטרים,3.00,ליטר,false,,14.90,4.9667,true,1,125647
8001620019160,false,סאן בנדטו משקה בטעם,,,סאן בנדטו משקה בטעם,,400.00,"100 מ""ל",false,,6.90,0.0172,true,1,451093
8001620019177,false,סאן בנדטו משקה בטעם,,,סאן בנדטו משקה בטעם,,400.00,"100 מ""ל",false,,6.90,0.0172,true,1,451094
8001841096889,false,פיירי קלאסיק לימון 9,,,פיירי קלאסיק לימון 9,,900.00,"100 מ""ל",false,,8.90,0.0099,true,1,129980
8001841625362,false,פיירי נוזל כלים פלטי,,,פיירי נוזל כלים פלטי,,780.00,"100 מ""ל",false,,14.90,0.0191,true,1,438969
8001841625508,false,פיירי נוזל כלים פלטי,,,פיירי נוזל כלים פלטי,ליטרים,1.01,ליטר,false,,18.90,18.7129,true,1,235720
8001841663654,false,פיירי נוזל כלים 650,,,פיירי נוזל כלים 650,,650.00,"100 מ""ל",false,,10.90,0.0168,true,1,474493
8001841663692,false,פיירי נוזל כלים  לימ,,,פיירי נוזל כלים  לימ,,900.00,100 גרם,false,,12.90,0.0143,true,1,455999
8001841941929,false,אולוויז וליו פק לילה,,,אולוויז וליו פק לילה,יחידה,0.00,יחידה,false,,23.90,0.0000,true,1,413109
8002200145675,false,קפסולות קפה קימבו אר,,,קפסולות קפה קימבו אר,יחידה,0.00,יחידה,false,,18.90,0.0000,true,1,293247
8002270866524,false,סאן פלנגרינו מים מינ,,,סאן פלנגרינו מים מינ,ליטרים,1.00,ליטר,false,,8.90,8.9000,true,1,11677
8002910043476,false,רצועות שעווה לבית הש,,,רצועות שעווה לבית הש,יחידה,0.00,יחידה,false,,33.90,0.0000,true,1,106774
8004030344938,false,טונה בשמן זית ריו מר,,,טונה בשמן זית ריו מר,,240.00,100 גרם,false,,32.90,0.1371,true,1,25077
8004030381681,false,טונה בשמן זית ריו מר,,,טונה בשמן זית ריו מר,,320.00,100 גרם,false,,34.90,0.1091,true,1,144192
8004030845046,false,אינסלטיסימי אורז עם,,,אינסלטיסימי אורז עם,,160.00,100 גרם,false,,18.90,0.1181,true,1,140506
8005110060007,false,עגבניות MUTTI מקולפו,,,עגבניות MUTTI מקולפו,,400.00,100 גרם,false,,7.50,0.0188,true,1,167104
8005110170300,false,עגבניות MUTTI מרוסקו,,,עגבניות MUTTI מרוסקו,קילוגרמים,1.20,"ק""ג",false,,18.90,15.7500,true,1,167105
8005200256587,false,נסטי אפרסק 1.5 ליטר,,,נסטי אפרסק 1.5 ליטר,ליטרים,1.50,ליטר,false,,9.90,6.6000,true,1,370890
8005200286584,false,נסטי מנגו אננס 1.5 ל,,,נסטי מנגו אננס 1.5 ל,ליטרים,1.50,ליטר,false,,9.90,6.6000,true,1,370891
8005200316588,false,נסטי דיאט אפרסק 1.5,,,נסטי דיאט אפרסק 1.5,ליטרים,1.50,ליטר,false,,11.50,7.6667,true,1,370906
8006540628737,false,שמפו הד שולדרס קלאסי,,,שמפו הד שולדרס קלאסי,,350.00,"100 מ""ל",false,,16.90,0.0483,true,1,481874
8008660210038,false,מעדן תות שדה 300 גר`,,,מעדן תות שדה 300 גר`,,300.00,100 גרם,false,,17.90,0.0597,true,1,27543
8008660210045,false,מעדן פירות יער 300 ג,,,מעדן פירות יער 300 ג,,300.00,100 גרם,false,,17.90,0.0597,true,1,27544
8008857300344,false,פסטה פנה רג'ייה 500,,,פסטה פנה רג'ייה 500,,500.00,100 גרם,false,,5.90,0.0118,true,1,228618
8008857300641,false,פסטה קונכיה רג'ייה 5,,,פסטה קונכיה רג'ייה 5,,500.00,100 גרם,false,,5.90,0.0118,true,1,228620
8008912010072,false,פסטה לינגוויני מספר,,,פסטה לינגוויני מספר,,500.00,100 גרם,false,,8.90,0.0178,true,1,449903
8008912010317,false,פסטה פוזלי מספר 31 -,,,פסטה פוזלי מספר 31 -,,500.00,100 גרם,false,,8.90,0.0178,true,1,449906
8008912010423,false,פסטה פנה ריגטה מספר,,,פסטה פנה ריגטה מספר,,500.00,100 גרם,false,,8.90,0.0178,true,1,449907
8020340031290,false,פסטה פוזילי אורגנית,,,פסטה פוזילי אורגנית,,500.00,יח',false,,8.90,0.0178,true,1,153387
8023788030610,false,שוקולד חלב  300 גרם,,,שוקולד חלב  300 גרם,,300.00,100 גרם,false,,19.90,0.0663,true,1,468087
8023788030658,false,עוגיות מלוחות בטעם ט,,,עוגיות מלוחות בטעם ט,,400.00,100 גרם,false,,14.90,0.0373,true,1,498457
8024985002783,false,נטורה נובה - סמוזי ג,,,נטורה נובה - סמוזי ג,,100.00,100 גרם,false,,5.50,0.0550,true,1,272918
8024985008044,false,נטורה נובה - סמוזי א,,,נטורה נובה - סמוזי א,,100.00,100 גרם,false,,5.50,0.0550,true,1,272922
8076800105056,false,פסטה ספגטי בקופסה בר,,,פסטה ספגטי בקופסה בר,קילוגרמים,1.00,"ק""ג",false,,14.90,14.9000,true,1,467161
8076800105735,false,פנה ריגטה בקופסה ברי,,,פנה ריגטה בקופסה ברי,קילוגרמים,1.00,"ק""ג",false,,14.90,14.9000,true,1,467177
8076800105988,false,פוזלי בקופסה ברילה 1,,,פוזלי בקופסה ברילה 1,קילוגרמים,1.00,"ק""ג",false,,14.90,14.9000,true,1,467193
8076800195033,false,ספגטי מס' 3 ברילה 50,,,ספגטי מס' 3 ברילה 50,,500.00,100 גרם,false,,8.90,0.0178,true,1,25082
8076800195057,false,ספגטיני מס' 5 ברילה,,,ספגטיני מס' 5 ברילה,,500.00,100 גרם,false,,8.90,0.0178,true,1,25083
8076800315097,false,ספגטי בוקטיני מס' 9,,,ספגטי בוקטיני מס' 9,,500.00,100 גרם,false,,8.90,0.0178,true,1,25085
8076802085738,false,פנה רגטה מס' 73 בריל,,,פנה רגטה מס' 73 בריל,,500.00,100 גרם,false,,8.90,0.0178,true,1,25087
8076802085981,false,פסטה פוזילי 98 ברילה,,,פסטה פוזילי 98 ברילה,,500.00,100 גרם,false,,8.90,0.0178,true,1,25090
8076808060654,false,פסטה פרפלה 65 ברילה,,,פסטה פרפלה 65 ברילה,,500.00,100 גרם,false,,8.90,0.0178,true,1,25092
8076808150072,false,ספגטי מס' 7 ברילה 50,,,ספגטי מס' 7 ברילה 50,,500.00,100 גרם,false,,8.90,0.0178,true,1,25094
8076809512268,false,פסטה גירנדולה מס' 34,,,פסטה גירנדולה מס' 34,,500.00,100 גרם,false,,8.90,0.0178,true,1,25096
8076809513388,false,ברילה רוטב ארביאטה 4,,,ברילה רוטב ארביאטה 4,,400.00,100 גרם,false,,16.90,0.0422,true,1,25097
8076809513654,false,ברילה רוטב עגבניות ל,,,ברילה רוטב עגבניות ל,,400.00,100 גרם,false,,16.90,0.0422,true,1,25099
8076809523738,false,לזניה ברילה 500 גרם,,,לזניה ברילה 500 גרם,,500.00,100 גרם,false,,28.90,0.0578,true,1,25107
8076809529419,false,ספגטי מחיטה מלאה ברי,,,ספגטי מחיטה מלאה ברי,,500.00,100 גרם,false,,18.90,0.0378,true,1,25108
8076809529433,false,פנה רגטה מחיטה מלאה,,,פנה רגטה מחיטה מלאה,,500.00,100 גרם,false,,18.90,0.0378,true,1,68439
8076809545457,false,ברילה צינורות עבה קמ,,,ברילה צינורות עבה קמ,,400.00,100 גרם,false,,15.90,0.0398,true,1,68441
8410076610379,false,פרוטאין בוטנים ושבבי,,,פרוטאין בוטנים ושבבי,,160.00,100 גרם,false,,27.90,0.1744,true,1,117854
8410076610508,false,חטיף צ'ואי שוקולד מר,,,חטיף צ'ואי שוקולד מר,,150.00,100 גרם,false,,21.90,0.1460,true,1,15439
8410104035112,false,פיניש נוזל הברקה 400,,,פיניש נוזל הברקה 400,,400.00,"100 מ""ל",false,,9.90,0.0248,true,1,24334
8410104039134,false,פיניש מנקה ומחדש מדי,,,פיניש מנקה ומחדש מדי,,250.00,"100 מ""ל",false,,17.90,0.0716,true,1,24335
8410104045111,false,"פיניש מלח למדיח 2 ק""",,,"פיניש מלח למדיח 2 ק""",קילוגרמים,2.00,"ק""ג",false,,17.90,8.9500,true,1,24337
8410128768355,false,ויוה סוי סויה 1 ליטר,,,ויוה סוי סויה 1 ליטר,ליטרים,1.00,ליטר,false,,11.90,11.9000,true,1,221304
8410128783587,false,ויוה סוי שיבולת שועל,,,ויוה סוי שיבולת שועל,ליטרים,1.00,ליטר,false,,11.90,11.9000,true,1,460528
8410376037883,false,עוגיות עם שבבי שוקול,,,עוגיות עם שבבי שוקול,,130.00,100 גרם,false,,12.90,0.0992,true,1,118315
8410376044959,false,דיבוס עוגיות ביסקווי,,,דיבוס עוגיות ביסקווי,,250.00,100 גרם,false,,20.90,0.0836,true,1,22108
8420822130600,false,ספריי סופר מסיר שומנ,,,ספריי סופר מסיר שומנ,,750.00,"100 מ""ל",false,,18.90,0.0252,true,1,391585
8423207206488,false,סלים דליס חטיף דגנים,,,סלים דליס חטיף דגנים,,120.00,100 גרם,false,,12.90,0.1075,true,1,25117
8423207206495,false,סלים דליס חטיף דגנים,,,סלים דליס חטיף דגנים,,120.00,100 גרם,false,,12.90,0.1075,true,1,25118
8423207208871,false,פריכיות תירס בטעם טב,,,פריכיות תירס בטעם טב,,130.00,100 גרם,false,,10.90,0.0838,true,1,64509
8423207208895,false,פריכיות תירס זיתים ו,,,פריכיות תירס זיתים ו,,123.00,100 גרם,false,,10.90,0.0886,true,1,64585
8424842050016,false,חטיף צ'יפס בטעם כמהי,,,חטיף צ'יפס בטעם כמהי,,130.00,100 גרם,false,,13.90,0.1069,true,1,402291
8424842201340,false,חטיף צ'יפס רביו 130,,,חטיף צ'יפס רביו 130,,130.00,100 גרם,false,,13.90,0.1069,true,1,402294
8436575292205,false,מאגדת חמשושים אננס מ,,,מאגדת חמשושים אננס מ,,180.00,100 גרם,false,,22.90,0.1272,true,1,140333
8485818700014,false,משקפיים,,,משקפיים,יחידה,0.00,יחידה,false,,19.90,0.0000,true,1,35208
8682655100513,false,מארז 3 קופסאות פלסטי,,,מארז 3 קופסאות פלסטי,יחידה,0.00,יחידה,false,,19.90,0.0000,true,1,369508
8690504081913,false,טינס מצופה שוקולד חל,,,טינס מצופה שוקולד חל,,150.00,100 גרם,false,,9.90,0.0660,true,1,121019
8690504153740,false,טבלת שוקולד מריר עם,,,טבלת שוקולד מריר עם,,86.00,100 גרם,false,,15.90,0.1849,true,1,127202
8690526009278,false,חטיף קרמל מצופה שוקו,,,חטיף קרמל מצופה שוקו,יחידה,0.00,יחידה,false,,10.90,0.0000,true,1,271890
8690526019147,false,וופל קקאו במילוי קרם,,,וופל קקאו במילוי קרם,יחידה,0.00,יחידה,false,,8.90,0.0000,true,1,233923
8690526019178,false,וופל קקאו במילוי קרם,,,וופל קקאו במילוי קרם,יחידה,0.00,יחידה,false,,8.90,0.0000,true,1,233924
8690526039190,false,וופל במילוי קרם אגוז,,,וופל במילוי קרם אגוז,,145.00,100 גרם,false,,10.90,0.0752,true,1,439944
8690531032377,false,פלפל שיפקונית במי מל,,,פלפל שיפקונית במי מל,,340.00,100 גרם,false,,10.00,0.0294,true,1,6849
8690637842399,false,מיני מגנום דאבל  פרי,,,מיני מגנום דאבל  פרי,,329.00,100 גרם,false,,33.90,0.1030,true,1,115551
8690637866753,false,בדין אקסטרא לבנדר 96,,,בדין אקסטרא לבנדר 96,,960.00,"100 מ""ל",false,,17.90,0.0186,true,1,124684
8690637890666,false,מיני מגנום דאבל פיסט,,,מיני מגנום דאבל פיסט,,282.00,100 גרם,false,,33.90,0.1202,true,1,141027
8690637976995,false,בדין אקסטרא ורוד- 96,,,בדין אקסטרא ורוד- 96,,960.00,"100 מ""ל",false,,17.90,0.0186,true,1,275372
8690637994036,false,בדין אקסטרא מרכך כבי,,,בדין אקסטרא מרכך כבי,ליטרים,1.44,ליטר,false,,21.90,15.2083,true,1,290840
8690766156367,false,גודייבה שוקולד חלב מ,,,גודייבה שוקולד חלב מ,,90.00,100 גרם,false,,16.90,0.1878,true,1,251176
8690766156381,false,גודייבה ש.מריר מעולה,,,גודייבה ש.מריר מעולה,,90.00,100 גרם,false,,16.90,0.1878,true,1,234521
8690766156404,false,גודייבה שוקולד מריר,,,גודייבה שוקולד מריר,,90.00,100 גרם,false,,16.90,0.1878,true,1,251161
8690784516440,false,דאק ג'ל נוזל לניקוי,,,דאק ג'ל נוזל לניקוי,,750.00,"100 מ""ל",false,,11.90,0.0159,true,1,104021
8690946270074,false,פסטה ספגטי 500 גרם B,,,פסטה ספגטי 500 גרם B,,500.00,100 גרם,false,,4.90,0.0098,true,1,499837
8690946270111,false,פסטה פוזלי 500 גרם B,,,פסטה פוזלי 500 גרם B,,500.00,100 גרם,false,,4.90,0.0098,true,1,499838
8690946270241,false,פסטה קונכיות גדולות,,,פסטה קונכיות גדולות,,500.00,100 גרם,false,,4.90,0.0098,true,1,499839
8690946272207,false,פסטה פנה 500 גרם BAH,,,פסטה פנה 500 גרם BAH,,500.00,100 גרם,false,,4.90,0.0098,true,1,499840
8690946272320,false,פסטה מקרוני 500 גרם,,,פסטה מקרוני 500 גרם,,500.00,100 גרם,false,,4.90,0.0098,true,1,499841
8691058141238,false,AVEL ערמונים שלמים ק,,,AVEL ערמונים שלמים ק,,100.00,100 גרם,false,,4.90,0.0490,true,1,134144
8691900174032,false,תחבושות קוטקס נורמל,,,תחבושות קוטקס נורמל,,24.00,100 יח',false,,17.90,0.7458,true,1,456091
8691900174049,false,תחבושות קוטקס long 1,,,תחבושות קוטקס long 1,,18.00,100 יח',false,,17.90,0.9944,true,1,456092
8697530910743,false,פאל מאל בלו,,,פאל מאל בלו,יחידה,0.00,יחידה,false,,31.00,0.0000,false,1,6014
8698996000207,false,מגבות נייר 1/6,,,מגבות נייר 1/6,,0.00,מטר,false,,11.90,0.0000,true,1,502229
8710502060021,false,מרבה פטיסרי - עוגיות,,,מרבה פטיסרי - עוגיות,,210.00,100 גרם,false,,11.90,0.0567,true,1,469904
8710502064814,false,מרבה עוגיות שוקוציפס,,,מרבה עוגיות שוקוציפס,,175.00,100 גרם,false,,10.90,0.0623,true,1,25158
8710502279010,false,מרבה עוגיות שוקולד צ,,,מרבה עוגיות שוקולד צ,,175.00,100 גרם,false,,10.90,0.0623,true,1,292713
8710800961310,false,מנטוס 1/4 תות,,,מנטוס 1/4 תות,,150.00,100 גרם,false,,11.90,0.0793,true,1,15485
8711000362570,false,לור קפסולות קפה אספר,,,לור קפסולות קפה אספר,,52.00,100 גרם,false,,19.90,0.3827,true,1,130181
8711000362679,false,לור קפסולות קפה אספר,,,לור קפסולות קפה אספר,,52.00,100 גרם,false,,19.90,0.3827,true,1,143686
8711000362747,false,לור קפסולות קפה אספר,,,לור קפסולות קפה אספר,,52.00,100 גרם,false,,19.90,0.3827,true,1,130184
8711000371176,false,ג'ייקובס קפסולות קפה,,,ג'ייקובס קפסולות קפה,,52.00,100 גרם,false,,17.90,0.3442,true,1,138602
8711000371183,false,ג'ייקובס קפסולות קפה,,,ג'ייקובס קפסולות קפה,,52.00,100 גרם,false,,17.90,0.3442,true,1,138603
8711000371206,false,ג'ייקובס קפסולות קפה,,,ג'ייקובס קפסולות קפה,,52.00,100 גרם,false,,17.90,0.3442,true,1,138604
8712400802536,false,נוטרילון שלב 3- 800,,,נוטרילון שלב 3- 800,,800.00,100 גרם,false,,69.90,0.0874,true,1,7199
8712561594240,false,דאב תחליב רחצה להזנה,,,דאב תחליב רחצה להזנה,,500.00,"100 מ""ל",false,,19.90,0.0398,true,1,13124
8712561631570,false,תחליב רחצה חלב קוקוס,,,תחליב רחצה חלב קוקוס,,750.00,"100 מ""ל",false,,21.90,0.0292,true,1,13131
8714599513781,false,קפה ג'יקובס גולד 200,,,קפה ג'יקובס גולד 200,,200.00,100 גרם,false,,30.90,0.1545,true,1,7186
8714599513866,false,קפה ג'יקובס קרונונג,,,קפה ג'יקובס קרונונג,,200.00,100 גרם,false,,30.90,0.1545,true,1,7188
8714789177229,false,מב.שיניים אקסטרא קלי,,,מב.שיניים אקסטרא קלי,יחידה,0.00,יחידה,false,,11.90,0.0000,true,1,25172
8714789450315,false,פלמוליב שקוף לימון 1,,,פלמוליב שקוף לימון 1,ליטרים,1.50,ליטר,false,,16.90,11.2667,true,1,25184
8714789582764,false,אגקס חלונות 750מל,,,אגקס חלונות 750מל,,750.00,"100 מ""ל",false,,15.90,0.0212,true,1,25192
8714789834467,false,פלמוליב נוזל כלים 1.,,,פלמוליב נוזל כלים 1.,ליטרים,1.50,ליטר,false,,16.90,11.2667,true,1,25206
8714789930848,false,משחת שיניים אופטיק ו,,,משחת שיניים אופטיק ו,,75.00,"100 מ""ל",false,,21.90,0.2920,true,1,25212
8715700110141,false,מיונז היינץ אמיתי צנ,,,מיונז היינץ אמיתי צנ,,460.00,100 גרם,false,,12.90,0.0280,true,1,101107
8715700419732,false,היינץ קטשופ 700 גרם,,,היינץ קטשופ 700 גרם,,700.00,100 גרם,false,,14.90,0.0213,true,1,7294
8715700423906,false,מתבל עגבניות היינץ 2,,,מתבל עגבניות היינץ 2,,555.00,100 גרם,false,,11.90,0.0214,true,1,115200
8718114734484,false,מיונז מיילי 320 גרם,,,מיונז מיילי 320 גרם,,320.00,100 גרם,false,,17.90,0.0559,true,1,112417
8718951001602,false,אג'קס ספריי אדום רב,,,אג'קס ספריי אדום רב,,600.00,"100 מ""ל",false,,10.90,0.0182,true,1,25219
8718951166288,false,קולגייט משחת שיניים,,,קולגייט משחת שיניים,,125.00,"100 מ""ל",false,,19.90,0.1592,true,1,134153
8718951166561,false,קולגייט משחת שיניים,,,קולגייט משחת שיניים,,125.00,"100 מ""ל",false,,19.90,0.1592,true,1,134154
8718951264618,false,קולגייט אופטיק וייט,,,קולגייט אופטיק וייט,,75.00,"100 מ""ל",false,,31.90,0.4253,true,1,225732
8718951315303,false,משחת שיניים קולגייט,,,משחת שיניים קולגייט,,200.00,"100 מ""ל",false,,20.90,0.1045,true,1,247386
8718951333048,false,סבון ידיים  פלמוליב,,,סבון ידיים  פלמוליב,,300.00,"100 מ""ל",false,,10.90,0.0363,true,1,293512
8718951345119,false,אג'קס ניקוי כללי עוצ,,,אג'קס ניקוי כללי עוצ,ליטרים,2.00,ליטר,false,,24.90,12.4500,true,1,282013
8718951385290,false,אג'קס ניקוי כללי עוצ,,,אג'קס ניקוי כללי עוצ,ליטרים,2.00,ליטר,false,,24.90,12.4500,true,1,296236
8718951446588,false,סבון נוזלי מומנטס סח,,,סבון נוזלי מומנטס סח,,500.00,"100 מ""ל",false,,17.90,0.0358,true,1,429113
8719128117249,false,סירופ פפסי מקס סודה,,,סירופ פפסי מקס סודה,,440.00,"100 מ""ל",false,,23.90,0.0543,true,1,312642
8719200998001,false,בלו בנד ללא מלח 200,,,בלו בנד ללא מלח 200,,200.00,100 גרם,false,,4.90,0.0245,true,1,196817
8719200998032,false,מזולה בטעם חמאה 250,,,מזולה בטעם חמאה 250,,250.00,100 גרם,false,,10.90,0.0436,true,1,196848
8719200998049,false,מזולה בטעם טבעי 250,,,מזולה בטעם טבעי 250,,250.00,100 גרם,false,,9.90,0.0396,true,1,196849
8719200998100,false,מזולה מרגרינה לאפייה,,,מזולה מרגרינה לאפייה,,200.00,100 גרם,false,,6.90,0.0345,true,1,196830
8720181046605,false,דאו' ספריי אוריגינל,,,דאו' ספריי אוריגינל,,150.00,"100 מ""ל",false,,14.90,0.0993,true,1,275390
8720181201332,false,סבון מוצק גרגירים דא,,,סבון מוצק גרגירים דא,,400.00,100 גרם,false,,17.90,0.0447,true,1,455968
8720182256850,false,סבון מוצק לבן דאב 4*,,,סבון מוצק לבן דאב 4*,,400.00,100 גרם,false,,17.90,0.0447,true,1,455984
8723400756552,false,RAINBOW רביעית סוכרי,,,RAINBOW רביעית סוכרי,,150.00,100 גרם,false,,11.90,0.0793,true,1,15487
8801055708772,false,נס קפה טייסטרס צ'ויס,,,נס קפה טייסטרס צ'ויס,,250.00,100 גרם,false,,33.90,0.1356,true,1,128149
8801055709434,false,נסקפה טייסטרס צ'ויס,,,נסקפה טייסטרס צ'ויס,,100.00,100 גרם,false,,25.90,0.2590,true,1,371706
8801055709465,false,נסקפה קפוצ'ינו וניל,,,נסקפה קפוצ'ינו וניל,,185.00,100 גרם,false,,20.50,0.1108,true,1,414800
8801055709472,false,נסקפה קפוצ'ינו קלאסי,,,נסקפה קפוצ'ינו קלאסי,,185.00,100 גרם,false,,20.50,0.1108,true,1,414815
8801055709489,false,נסקפה קפוצ'ינו אגוזי,,,נסקפה קפוצ'ינו אגוזי,,185.00,100 גרם,false,,20.50,0.1108,true,1,414816
8803733181716,false,קופסא 1.4 ליטר  817H,,,קופסא 1.4 ליטר  817H,יחידה,0.00,יחידה,false,,45.90,0.0000,true,1,49552
8809168840471,false,חטיף אצות מיובשות 9,,,חטיף אצות מיובשות 9,,4.50,100 גרם,false,,25.90,5.7556,true,1,427247
8850180040028,false,קמח טמפורה להכנת בלי,,,קמח טמפורה להכנת בלי,,500.00,100 גרם,false,,11.90,0.0238,true,1,16582
8850206280049,false,רוטב צ'ילי חריף צ'יל,,,רוטב צ'ילי חריף צ'יל,,250.00,100 גרם,false,,19.90,0.0796,true,1,479485
8850389103111,false,סאפה משקה אלוורה ענב,,,סאפה משקה אלוורה ענב,,300.00,"100 מ""ל",false,,7.90,0.0263,true,1,44497
8850389105825,false,סאפה משקה אלוורה ענב,,,סאפה משקה אלוורה ענב,ליטרים,1.00,ליטר,false,,14.50,14.5000,true,1,11685
8850389105832,false,סאפה משקה אלוורה תפו,,,סאפה משקה אלוורה תפו,ליטרים,1.00,ליטר,false,,14.50,14.5000,true,1,11686
8850389105849,false,סאפה משקה אלוורה אפר,,,סאפה משקה אלוורה אפר,ליטרים,1.00,ליטר,false,,14.50,14.5000,true,1,11687
8850389111352,false,מלון משקה עם חתיכות,,,מלון משקה עם חתיכות,,320.00,"100 מ""ל",false,,7.90,0.0247,true,1,413613
8852633020403,false,פניני טפיוקה מזרח ומ,,,פניני טפיוקה מזרח ומ,,500.00,100 גרם,false,,12.90,0.0258,true,1,479190
8858271002870,false,רוטב פאד תאי MAXCHUP,,,רוטב פאד תאי MAXCHUP,,250.00,"100 מ""ל",false,,13.90,0.0556,true,1,16601
8858271003938,false,רוטב קארי ירוק MAXCH,,,רוטב קארי ירוק MAXCH,,250.00,"100 מ""ל",false,,13.90,0.0556,true,1,16606
8858271005772,false,רוטב סויה ללא גלוטן,,,רוטב סויה ללא גלוטן,,300.00,"100 מ""ל",false,,17.90,0.0597,true,1,427189
8888021200720,false,AAAאנרג'ייזר סוללות,,,AAAאנרג'ייזר סוללות,יחידה,0.00,יחידה,false,,29.90,0.0000,true,1,8055
8901537024014,false,וילי פוד אורז בסמטי,,,וילי פוד אורז בסמטי,,1000.00,100 גרם,false,,14.90,0.0149,true,1,5091
8901537076679,false,אורז בסמטי חום מלא 1,,,אורז בסמטי חום מלא 1,קילוגרמים,1.00,"ק""ג",false,,16.90,16.9000,true,1,123420
8934878081811,false,דפים על בסיס קמח טפי,,,דפים על בסיס קמח טפי,,400.00,100 גרם,false,,13.50,0.0338,true,1,16627
9000101417081,false,סבון אסלה - ברף דלקס,,,סבון אסלה - ברף דלקס,,50.00,100 גרם,false,,9.90,0.1980,true,1,252536
9001616203305,false,CROSS CUT(X) MAM TEA,,,CROSS CUT(X) MAM TEA,יחידה,0.00,יחידה,false,,28.90,0.0000,true,1,1229
9002859053801,false,שוקולד סטיקס מריר מנ,,,שוקולד סטיקס מריר מנ,,75.00,100 גרם,false,,12.90,0.1720,true,1,463688
9002859073298,false,גונץ כדורגל שוקולד ב,,,גונץ כדורגל שוקולד ב,,100.00,100 גרם,false,,10.90,0.1090,true,1,463343
9002859105753,false,ארנבי שוקולד חלב ברש,,,ארנבי שוקולד חלב ברש,,100.00,100 גרם,false,,10.90,0.1090,true,1,463361
9002975393843,false,סוכריות גומי בטעמי פ,,,סוכריות גומי בטעמי פ,,70.00,100 גרם,false,,7.90,0.1129,true,1,311521
9044400822320,false,סוכריות פז שקית 85 ג,,,סוכריות פז שקית 85 ג,יחידה,0.00,יחידה,false,,15.90,0.0000,true,1,313451
9120025834723,false,חטיף אוראו מצונן 120,,,חטיף אוראו מצונן 120,,120.00,100 גרם,false,,15.90,0.1325,true,1,470300
9120025839896,false,חטיף מילקה מצונן 128,,,חטיף מילקה מצונן 128,,128.00,100 גרם,false,,15.90,0.1242,true,1,471056
9120097310583,false,חטיף שוקו בננה מיניו,,,חטיף שוקו בננה מיניו,,108.00,100 גרם,false,,15.90,0.1472,true,1,470333
9322969000015,false,פריכיות תירס בטעם או,,,פריכיות תירס בטעם או,,150.00,100 גרם,false,,14.00,0.0933,true,1,66576
9322969000022,false,פריכיות תירס עם סויה,,,פריכיות תירס עם סויה,,150.00,100 גרם,false,,14.00,0.0933,true,1,8058
9322969000039,false,פריכיות תירס עם 4 דג,,,פריכיות תירס עם 4 דג,,150.00,100 גרם,false,,14.00,0.0933,true,1,129169
9720188050109,false,טופוטי ממרח טופו בטע,,,טופוטי ממרח טופו בטע,,225.00,100 גרם,false,,23.60,0.1049,true,1,8817
9843022871125,false,נר מיוחד להדלקה,,,נר מיוחד להדלקה,יחידה,0.00,יחידה,false,,18.90,0.0000,true,1,270458
