code,internal_code,name,manufacturer_name,manufacture_country,manufacturer_item_description,unit_qty,quantity,unit_of_measure,weighted,qty_in_package,price,unit_of_measure_price,allow_discount,status,item_id
30074576,false,מייבלין - מסקרה קולוסאל שחור,,IL,מסקרה ווליום אקס,יחידה,1.00,יחידה,false,1,41.90,41.90,true,1,
30095465,false,אססי - לק גוון44,לוריאל,DE,לק גוון 44,יחידה,1.00,יחידה,false,1,41.90,41.90,true,1,
30118867,false,מייבלין - ליינר מסטר אינק שחור,סופרוג'ם,DE,ליינר מאסטר אינק,יחידה,1.00,יחידה,false,0,29.90,29.90,true,1,
30145535,false,מייבלין - שפתון ס.ס אינק וויניל 20,סופרוג'ם,FR,שפתון אינק וויני,יחידה,1.00,יחידה,false,1,45.00,45.00,true,1,
30148093,false,מייבלין - שפתון ס.ס אינק וויניל 25,סופרוג'ם,FR,שפתון אינק וויני,יחידה,1.00,יחידה,false,1,45.00,45.00,true,1,
30148116,false,מייבלין - שפתון ס.ס אינק וויניל 15,סופרוג'ם,FR,שפתון אינק וויני,יחידה,1.00,יחידה,false,1,45.00,45.00,true,1,
30152830,false,מייבלין - מסקרה סקיי היי שחור,סייפו,IT,סקיי היי מסקרה ק,יחידה,1.00,יחידה,false,1,45.00,45.00,true,1,
30153219,false,מייבלין - שפתון ס.ס אינק וויניל 35,סופרוג'ם,FR,שפתון אינק וויני,יחידה,1.00,יחידה,false,1,45.00,45.00,true,1,
30153332,false,אבסולו ריצ' קרם עשיר 15,,FR,אבסולו ריצ' קרם,מיליליטרים,15.00,"100 מ""ל",false,1,49.90,332.67,true,1,
30160903,false,לוריאל - מסקרה אייר 30 שעות,,IT,מסקרה מגה ווליום,יחידה,1.00,יחידה,false,1,50.00,50.00,true,1,
30162174,false,לוריאל - מסקרה אייר עמידה במים,,IT,VOLUME AIR מסקרה,יחידה,1.00,יחידה,false,1,50.00,50.00,true,1,
30166967,false,מייבלין - מסקרה סקיי היי,סייפו,IT,מסקרה HIGH SKY,יחידה,1.00,יחידה,false,1,45.00,45.00,true,1,
30171336,false,מייבלין - קונסילר פיט מי 08,,IL,קונסילר פיט מי 0,מיליליטרים,6.00,"100 מ""ל",false,1,45.00,750.00,true,1,
30173651,false,לוריאל - קונסילר אינפליבל 330,לוריאל,FR,קונסילר אינפליבל,יחידה,1.00,יחידה,false,1,67.90,67.90,true,1,
30174108,false,מייבלין - עיפרון שפתון אינק 45,,FR,שפתון עפרון אינק,יחידה,1.00,יחידה,false,1,40.00,40.00,true,1,
40144061,false,קנופרס חטיף וופל 25 גרם 24 יח,ליימן שליסל,DE,חטיף וופל,גרמים,25.00,100 גרם,false,1,3.60,14.40,true,1,
42207443,false,"קרם ניוואה סופט, 50 מ""ל",ביירסדורץ,IL,קרם ניוואה סופט,מיליליטרים,50.00,"100 מ""ל",false,0,8.90,17.80,true,1,
42299363,false,"ניוואה - דאודורנט רול און לגבר פרש פאוור 50 מ""ל",ביירסדורץ,DE,דאודורנט ניוואה,מיליליטרים,50.00,"100 מ""ל",false,1,19.90,39.80,true,1,
59079774,false,"רקסונה - דאודורנט רול און לאישה אלוורה 50 מ""ל",יוניליוור,GB,דאודורנט רקסונה,מיליליטרים,50.00,"100 מ""ל",false,1,17.90,35.80,true,1,
59079798,false,"רקסונה - דאודורנט רול און לאישה אנטי פרספירנט שאוור 50 מ""ל","יוניליוור אנגליה, דרך קו",GB,דאו.רקסונה,מיליליטרים,50.00,"100 מ""ל",false,1,17.90,35.80,true,1,
72994061,false,חטיף פסק זמן GOOD גלילית לבן 40 גרם,שולן צ'\יקולטה גידה סאן.,TR,פסק זמן 2 גוד,גרמים,36.00,100 גרם,false,0,5.00,13.89,true,1,
80001461,false,חטיף גרנדה שוקולד 38 גרם,"א. לואקר קונפקט בע""מ",AT,חטיף גרנדה שוקול,גרמים,38.00,100 גרם,false,0,4.90,12.89,true,1,
80050124,false,סוכריות טיק טק מנטה 16 גרם,פררו - אלבה,ZA,סוכריות טיק טק,גרמים,16.00,100 גרם,false,0,3.90,24.38,true,1,
80136194,false,חטיפי הפי היפו Happy Hippo במילוי קרם חלבי ואגוזי לוז,קינדר Kinder,DE,חטיף הפי היפו5יח,גרמים,115.00,100 גרם,false,1,13.90,12.09,true,1,
80176800,false,נוטלה ממרח שוקולד 750 גרם,פררו תעשיות איטליה ס,IT,ממרח נוטלה,גרמים,750.00,100 גרם,false,0,23.90,3.19,true,1,
80790990,false,מסטיק מנטוס בבקבוק מעוגל בטעם פירות -מנטה 60 ג',"פרפטי ואן מלה ג'\ידה,סאן",TR,מסטיק מנטוס,גרמים,60.00,100 גרם,false,1,11.90,19.83,true,1,
80831402,false,סוכריות מנטוס מנטה עדינה 30 יח' ללא סוכר CLEAN BREATH,פרפטי ואן מלה,NL,סוכריות מנטה,גרמים,21.00,100 גרם,false,1,6.90,32.86,true,1,
80854753,false,סוכריות מנטוס מנטה 30 יח' ללא סוכר CLEAN BREATH,פרפטי ואן מלה,NL,סוכריות מנטוס,גרמים,21.00,100 גרם,false,1,6.90,32.86,true,1,
80864295,false,סוכריות פיור וויט טעם מנטה עדינה 60 ג' מנטוס,"פרפטי ואן מלה ג'ידה,סאן",TR,מנטוס פיור וויט,גרמים,60.00,100 גרם,false,1,10.90,18.17,true,1,
80945468,false,סוכריות פיור וויט טעם מנטה מתוקה 60 ג' מנטוס,"פרפטי ואן מלה ג'ידה,סאן",TR,מנטוס פיור וויט,גרמים,60.00,100 גרם,false,1,10.90,18.17,true,1,
80979128,false,מנטוס מסטיק בקבוק מעוגל בטעם דובדבן,פרפטי ואן מלה הולנד,TR,מסטיק מנטוס,גרמים,60.00,100 גרם,false,1,11.90,19.83,true,1,
87108538,false,סוכריות בטעם תות מנטוס 37.5 גרם,הדקלאים אגודת שיתופי,NL,מנטוס תות,גרמים,37.00,100 גרם,false,0,3.90,10.54,true,1,
87108651,false,סוכריות בטעם מנטה מנטוס 4*37.5 גרם,הדקלאים אגודת שיתופי,NL,מנטוס מנטה 4 יח',גרמים,150.00,100 גרם,false,0,11.90,7.93,true,1,
87108712,false,סוכריות בטעם פירות מנטוס 4*37.5 גרם,פרפטי ואן מלה ברדה,NL,מנטוס פירות 4,גרמים,150.00,100 גרם,false,0,11.90,7.93,true,1,
87311396,false,מנטוס ריינבאוו סוכריות לעיסה בטעמי פירות,פרפטי ואן מלה ברדה,NL,מנטוס ריינבאו,גרמים,37.00,100 גרם,false,0,3.90,10.54,true,1,
87342802,false,"אקס דאודורנט רול און גולד 50 מ""ל","יוניליוור אנגליה, דרך קו",GB,דאודורנט אקס,מיליליטרים,50.00,"100 מ""ל",false,1,21.90,43.80,true,1,
96033531,true,דאודורנט רול-און רימונים,"יוניליוור אנגליה, דרך קו",GB,דאו רולאון רימון,מיליליטרים,50.00,"100 מ""ל",false,1,13.90,27.80,true,1,
16000423534,false,חטיפי גרנולה קראנצ'י עם שיבולת שועל ושוקולד מריר נייצ'ר ואלי 5*42 גרם,ג'נרל מילס סאן אדריאן,ES,חטיף נייצ'ר ואלי,גרמים,210.00,100 גרם,false,0,15.90,7.57,true,1,
16000548404,false,חטיפי גרנולה קראנצ'י עם שיבולת שועל ודבש נייצ'ר ואלי 5*42 גרם,ג'נרל מילס סאן אדריאן,ES,חטיף נייטשר ואלי,גרמים,210.00,100 גרם,false,0,15.90,7.57,true,1,
16000548503,false,חטיפי גרנולה קראנצ'י עם מייפל וסוכר חום נייצ'ר ואלי 5*42 גרם,ג'נרל מילס סאן אדריאן,ES,חטיף נייטשר ואלי,גרמים,210.00,100 גרם,false,0,15.90,7.57,true,1,
20714007058,false,דאודורנט רול און,קליניק,GB,דאודורנט רול און,מיליליטרים,75.00,"100 מ""ל",false,0,79.00,105.33,true,1,
20714066123,false,פודרה Stay-Matte 03,קליניק,US,פודרה סטיי מט 03,יחידה,1.00,יחידה,false,0,180.00,180.00,true,1,
20714139193,false,קליניק דיפ קומפורט בודי באטר,קליניק,GB,דיפ קומפורט ב,מיליליטרים,200.00,"100 מ""ל",false,0,169.00,84.50,true,1,
20714156893,false,הפי אדפ לאשה 100מל,קליניק בישום,US,הפי אדפ,מיליליטרים,100.00,"100 מ""ל",false,0,179.00,179.00,true,1,
20714227661,false,קליניק סבון נוזלי לפנים לעור מעורב,קליניק,BE,סבון פנים לעור,מיליליטרים,200.00,"100 מ""ל",false,0,115.00,57.50,true,1,
20714240158,false,קליניק סבון נוזלי לפנים לעור יבש,קליניק,GB,סבון פנים לעור י,מיליליטרים,200.00,"100 מ""ל",false,0,115.00,57.50,true,1,
20714288594,false,קליניק סיטי בלוק שיר פייס 25,קליניק,BE,25SPF סיטי בלוק,מיליליטרים,40.00,"100 מ""ל",false,0,115.00,287.50,true,1,
20714352837,false,קליניק סאן קרם הגנה לפנים SPF50,קליניק,BE,קרם הגנה SPF50,מיליליטרים,50.00,"100 מ""ל",false,0,115.00,230.00,true,1,
20714352967,false,קליניק סאן SPF50 קרם הגנה לגוף,קליניק,BE,SPF50 קרם הגנה,מיליליטרים,50.00,"100 מ""ל",false,0,120.00,240.00,true,1,
20714353353,false,קליניק טינט פייס ברוזנינג גל,קליניק,BE,ג'ל שיזוף עצמי ל,מיליליטרים,50.00,"100 מ""ל",false,0,115.00,230.00,true,1,
20714462765,false,קליניק קליריפיינג לושן 02 200 מל,קליניק,GB,מי הסרה שלב 2,מיליליטרים,200.00,"100 מ""ל",false,0,115.00,57.50,true,1,
20714462772,false,קליניק קליריפיינג לושן 03 200 מל,קליניק,GB,מי הסרה-עור מעור,מיליליטרים,200.00,"100 מ""ל",false,0,115.00,57.50,true,1,
20714644093,false,פרימייר לפנים 01,קליניק,BE,פרימייר לפנים 01,מיליליטרים,30.00,"100 מ""ל",false,0,180.00,600.00,true,1,
20714711900,false,מייק אפ וקוניסלר 07,קליניק,BE,מייק אפ וקוניסלר,יחידה,1.00,יחידה,false,0,210.00,210.00,true,1,
22548423028,false,"בי אקסטרא דלישס 100 מ""ל",אינטר פרמיום,IT,בי אקסטרא דלישס,מיליליטרים,100.00,"100 מ""ל",false,1,299.00,299.00,true,1,
27131017752,false,"YOUTH-DEW אדפ 65 מ""ל",אסתי לאודר בישו,CH,YOUTH-DEW אדפ,מיליליטרים,65.00,"100 מ""ל",false,1,159.00,244.62,true,1,
27131043317,false,Pleasures אדפ לאשה 100מל,אסתי לאודר בישו,CN,Pleasures אדפ לא,מיליליטרים,100.00,"100 מ""ל",false,0,269.00,269.00,true,1,
27131228400,false,WEAR DOUBLE מייק אפ 2N1,אסתי לאודר,BE,מייק אפ 2N1,מיליליטרים,30.00,"100 מ""ל",false,0,235.00,783.33,true,1,
27131392330,false,WEAR DOUBLE מייק אפ 1N2,אסתי לאודר,BE,מייק אפ 1N2,מיליליטרים,30.00,"100 מ""ל",false,0,235.00,783.33,true,1,
27131392378,false,WEAR DOUBLE מייק אפ 1W2,אסתי לאודר,BE,מייק אפ 1W2,מיליליטרים,30.00,"100 מ""ל",false,0,235.00,783.33,true,1,
27131763512,false,אסתי לאודר דיי וור קרם פנים 50 מל,אסתי לאודר,US,קרם WEAR DAY,מיליליטרים,50.00,"100 מ""ל",false,0,260.00,520.00,true,1,
36000516890,false,ממחטות אף עם אלוורה + ויטמין E תלת שכבתי,חוגלה קימברלי,US,קלינקס לושן,יחידה,1.00,יחידה,false,1,19.90,19.90,true,1,
37977005455,false,מאמ מחזיק מוצץ כחול,General,HU,מאמ מחזיק למוצץ,יחידה,1.00,יחידה,false,0,29.90,29.90,true,1,
38000232176,false,פרינגלס ביג שמנת בצל 158 גרם,פרינגלס מנופקצ'ורינג קונ,US,פרינגלס שמנת בצל,גרמים,158.00,100 גרם,false,1,11.90,7.53,true,1,
38000232183,false,פרינגלס ביג אורגינל 149 גרם,פרינגלס מנופקצ'ורינג קונ,US,פרינגלס אורגינל,גרמים,149.00,100 גרם,false,1,11.90,7.99,true,1,
40000513568,false,סוכריות אם אנד אמס M&M שוקולד חלב,M&M אם אנד אם,US,עדשים מ&מ'ס,גרמים,156.00,100 גרם,false,1,12.50,8.01,true,1,
40000514510,false,M&M אריזה קטנה's בוטנים אריזה קטנה 49 גרם,M&M אם אנד אם,US,עדשי מ&מ'ס,גרמים,49.00,100 גרם,false,1,5.00,10.20,true,1,
56594009998,false,ניוואה סבון מוצק מטפח קרם קר רביעייה,ביירסדורף,DE,ניוואה סבון מוצק,גרמים,360.00,100 גרם,false,1,19.00,5.28,true,1,
74764616104,false,ארדל ריסים מלאכותיים 116,מג'יק,US,ריסים מלאכותיים,יחידה,1.00,יחידה,false,0,41.90,41.90,true,1,
74764620101,false,ריסים מלאכותיים 120,מג'יק,US,ריסים מלאכותיים,יחידה,1.00,יחידה,false,0,41.90,41.90,true,1,
74764650573,false,דבק לרצועות ריסים כהה ARDELL,מג'יק,US,דבק ריסים כהה,יחידה,1.00,יחידה,false,1,45.90,45.90,true,1,
74764704764,false,רצועות ריסים Lashe Naked,,US,רצועות ריסים Nak,יחידה,1.00,יחידה,false,1,44.90,44.90,true,1,
77245110610,false,סוכריות מאסט ללא סוכר בטעם מנטה 80 ג'עלית,MIESZKO S.A - MS. JO,PL,סוכריות מאסט,גרמים,80.00,100 גרם,false,0,8.90,11.13,true,1,
77975094761,false,סניידרס חטיפים על בסיס קמח חיטה בטעם גבינת צ'דר,סניידרס אוף האנובר,US,חטיף סניידרס,גרמים,340.00,100 גרם,false,1,16.90,4.97,true,1,
78300081098,false,פלייטקס ספורט עם מוליך רגולר 18 יח,פלייטקס מניפאקטורינג בעמ,US,טמפוני פלייטקס,יחידה,1.00,יחידה,false,1,22.90,22.90,true,1,
78300098393,false,פלייטקס טמפונים סופר פלוס סימפלי גנטל גלייד,פלייטקס מניפאקטורינג בעמ,US,טמפונים עם מוליך,יחידה,1.00,יחידה,false,1,22.90,22.90,true,1,
79625017861,false,מארז סט מברשות,,IL,מארז סט מברשות,יחידה,1.00,יחידה,false,1,99.00,99.00,true,1,
79625915426,false,מברשת להנחת קונסילר יח',,IL,מברשת להנחת קונס,יחידה,1.00,יחידה,false,1,40.00,40.00,true,1,
85715163158,false,"אברקומבי פירסט אינסטינקט א.ד.פ 100 מ""ל",רבלון בישום,US,Abercrombie,מיליליטרים,100.00,"100 מ""ל",false,1,249.00,249.00,true,1,
85715169624,false,אותנטיק מומנט אשה 100מל,אינטר פרמיום,US,אברקומבי אשה אדפ,מיליליטרים,100.00,"100 מ""ל",false,1,199.00,199.00,true,1,
85715326607,false,גאס אומו אדט לגבר 100 מ''ל,,US,גאס אומו אדט לגב,מיליליטרים,100.00,"100 מ""ל",false,1,199.00,199.00,true,1,
88300104437,false,"be ck אדט לגבר 200 מ""ל",,US,be ck אדט,מיליליטרים,200.00,"100 מ""ל",false,1,179.00,89.50,true,1,
90891800001,false,סופגן לגבר 14 יחידות,QUALITY FIRST,US,סופגן לגבר,יחידה,1.00,יחידה,false,1,34.90,34.90,true,1,
98691047718,false,JUICY LA VIVA א.ד.פ לאשה,אלפא בישום,US,JUICY LA VIVA,מיליליטרים,100.00,"100 מ""ל",false,0,299.00,299.00,true,1,
192333048160,false,קליניק ID בסיס גל נטול שומן,קליניק,GB,ID בסיס ג'ל נטול,מיליליטרים,115.00,"100 מ""ל",false,1,185.00,160.87,true,1,
192333074596,false,מייק-אפ נטול שומן Linen,,BE,מייק-אפ נטול שומ,מיליליטרים,30.00,"100 מ""ל",false,1,180.00,600.00,true,1,
192333077856,false,איבן בטר קליניקל 28 מייק,,FR,איבן בטר קליניקל,מיליליטרים,30.00,"100 מ""ל",false,1,165.00,550.00,true,1,
192333077863,false,איבן בטר קליניקל 40 מייק,,FR,איבן בטר קליניקל,מיליליטרים,30.00,"100 מ""ל",false,1,165.00,550.00,true,1,
192333119136,false,סט טיפוח לגבר יח',,BE,סט טיפוח לגבר,יחידה,1.00,יחידה,false,1,205.00,205.00,true,1,
192333119921,false,מתנת תיק עם 4 פר,,,מתנת תיק עם 4 פר,יחידה,1.00,יחידה,false,0,49.00,49.00,true,1,
192333127865,false,קליניק מויסטר סרג סט לטיפוח והענקת לחות,אסתי לאודר,US,סט לטיפוח והלחות,יחידה,1.00,יחידה,false,1,155.00,155.00,true,1,
192333128718,false,עיפרון גבות ללא חידוד יח,,DE,עיפרון גבות ללא,יחידה,1.00,יחידה,false,1,125.00,125.00,true,1,
192333138380,false,מייק אפ איבן בטר אייבורי,אסתי לאודר,BE,מייק אפ איבן בטר,מיליליטרים,10.00,"100 מ""ל",false,1,14.90,149.00,true,1,
309970039509,false,שפתון סופר לסטרוס מאט 13,,US,שפתון סופר לסטרו,יחידה,1.00,יחידה,false,1,49.90,49.90,true,1,
309970086749,false,עפרון ע. קריסטלייז211 יח,רבלון,US,עפרון ע. קריסטלי,יחידה,1.00,יחידה,false,1,49.90,49.90,true,1,
309970093372,false,שפתון סופר לסטרוס מאט 03,,US,שפתון סופר לסטרו,יחידה,1.00,יחידה,false,1,49.90,49.90,true,1,
309970093839,false,סקין לייט הייליטר 203 יח,,US,סקין לייט הייליט,יחידה,1.00,יחידה,false,1,69.90,69.90,true,1,
309973174351,false,ק.סטיי שפתון אולטימט 35,רבלון,US,שפתון אולטימט,יחידה,1.00,יחידה,false,0,74.90,74.90,true,1,
309975410068,false,מייק אפ קולורסטיי 240,רבלון,US,מייק אפ קולורסטי,מיליליטרים,30.00,"100 מ""ל",false,0,104.90,349.67,true,1,
309975415025,false,מייק אפ משאבה ק.סטיי150,רבלון,US,מייק אפ משאבה ק.,מיליליטרים,30.00,"100 מ""ל",false,0,104.90,349.67,true,1,
309975415063,false,מייק אפ קולורסטיי 240,רבלון,US,מייק אפ קולורסטי,מיליליטרים,30.00,"100 מ""ל",false,0,104.90,349.67,true,1,
309976047041,false,פודרה דחוסה Medium 840,רבלון,US,פודרה דחוסה 840,יחידה,1.00,יחידה,false,0,106.90,106.90,true,1,
309978392507,false,שפתון אולטימייט סוויד 50,רבלון,US,שפתון אולטימייט,יחידה,1.00,יחידה,false,0,74.90,74.90,true,1,
309979380046,false,שפתון ק.סטיי אוברטיים040,רבלון,US,שפתון ק.סטיי אוב,יחידה,1.00,יחידה,false,0,72.90,72.90,true,1,
309979380145,false,שפתון ק.סטיי אוברטיים014,רבלון,US,שפתון ק.סטיי אוב,יחידה,1.00,יחידה,false,0,72.90,72.90,true,1,
309979380220,false,שפתון ק.סטיי אוברטיים220,רבלון,US,שפתון ק.סטיי אוב,יחידה,1.00,יחידה,false,0,72.90,72.90,true,1,
309979380282,false,שפתון ק.סטיי אוברטיים280,רבלון,US,שפתון ק.סטיי אוב,יחידה,1.00,יחידה,false,0,72.90,72.90,true,1,
309979380367,false,שפתון ק.סטיי אוברטיים036,רבלון,US,שפתון ק.סטיי אוב,יחידה,1.00,יחידה,false,0,72.90,72.90,true,1,
608940543313,false,"ריהאנה רייבל פלור א.ד.פ 100 מ""ל",אלפא בישום,US,Fleur Reb'l לאשה,מיליליטרים,100.00,"100 מ""ל",false,0,99.00,99.00,true,1,
608940579572,false,פלטינום פרגרנס מיסט236מל,,US,פלטינום פרגרנס,מיליליטרים,236.00,"100 מ""ל",false,0,49.90,21.14,true,1,
651080153515,false,פלקרס חוט דנטלי לילדים 30 יח,דנטלון,CN,קיסם עם חוט,יחידה,1.00,יחידה,false,1,13.50,13.50,true,1,
651080161510,false,פלקרס פולסר לשיניים צפופות-מנטה 35 יחידו,מיוצר עי קונדיטוריית,CN,קיסם עם חוט,יחידה,1.00,יחידה,false,1,13.50,13.50,true,1,
651080366519,false,פלקרס פלוסר כפול טווין ליין,דנטלון,CN,פלאקרס טווין ליי,יחידה,1.00,יחידה,false,0,14.90,14.90,true,1,
651080647519,false,קיסמים עם חוט דנטלי פלאקרס מנטה 35 יחידות,"פלקרס רנור ארה""ב",US,קיסם עם חוט,יחידה,1.00,יחידה,false,1,13.50,13.50,true,1,
663350057058,false,"ספיידרמן בושם 30 מ""ל",,ES,ספיידרמן בושם 30,מיליליטרים,30.00,"100 מ""ל",false,0,34.90,116.33,true,1,
663350059724,false,"הלו קיטי בושם 30 מ""ל",,ES,הלו קיטי בושם 30,מיליליטרים,30.00,"100 מ""ל",false,0,34.90,116.33,true,1,
667547946903,false,"ו.סיקריט בודי ספריי קוזי לייפ 250 מ""ל",ויקטוריה סיקרט,US,דאט קוזי פרגרנס,מיליליטרים,250.00,"100 מ""ל",false,1,59.00,23.60,true,1,
667548083645,false,"ויקטוריה סיקרט - בודי ספריי ספארקל לייק אנג'ל 250 מ""ל",ויקטוריה סיקרט,FR,ספארק לייק אן אנ,מיליליטרים,250.00,"100 מ""ל",false,1,59.00,23.60,true,1,
667548099158,false,"ויקטוריה סיקרט - בודי ספריי לאב ספל 250 מ""ל",ויקטוריה סיקרט,IL,לאב ספל פרגרנס,מיליליטרים,250.00,"100 מ""ל",false,1,59.00,23.60,true,1,
667548099219,false,"מיי גוף ספריי אמבר רומנס ויקטוריה סיקרט - 250 מ""ל",ויקטוריה סיקרט,IL,אמבר רומנס,מיליליטרים,250.00,"100 מ""ל",false,1,59.00,23.60,true,1,
667548800501,false,"ו.סיקרט בודי ספריי רומנטיק 250מ""ל",ויקטוריה סיקרט,US,רומנטיק פרגרנס,מיליליטרים,250.00,"100 מ""ל",false,1,59.00,23.60,true,1,
667548879347,false,"ויקטוריה סיקרט - בודי ספריי אקווה קיס 250 מ""ל",ויקטוריה סיקרט,US,אקווה קיס פרגרנ,מיליליטרים,250.00,"100 מ""ל",false,1,59.00,23.60,true,1,
667548879354,false,"ו.סיקריט (א.חדשה) בודי ספריי לאב אדיקט 250מ""ל",ויקטוריה סיקרט,FR,לאב אדיקט,מיליליטרים,250.00,"100 מ""ל",false,1,59.00,23.60,true,1,
667549011548,false,"ויקטוריה סיקרט - בודי ספריי טמפטיישן 250 מ""ל",ויקטוריה סיקרט,US,טמפטיישן פרגרנס,מיליליטרים,250.00,"100 מ""ל",false,1,59.00,23.60,true,1,
667549011562,false,"מיי גוף ספריי ראש ויקטוריה סיקרט - 250 מ""ל",ויקטוריה סיקרט,IL,ראש פרגרנס,מיליליטרים,250.00,"100 מ""ל",false,1,59.00,23.60,true,1,
688575134490,false,נינה צרוטי1881 אדט100מל,לילית בישום,FR,צ'רוטי 1881 אשה,מיליליטרים,100.00,"100 מ""ל",false,0,169.00,169.00,true,1,
697045161607,false,"קרם רגליים 100 מ""ל",,IL,קרם רגליים,מיליליטרים,100.00,"100 מ""ל",false,1,39.00,39.00,true,1,
719346022705,false,וויט דימונט אדט אשה100מל,אליזבט ארדן,US,וויט דימונט,מיליליטרים,100.00,"100 מ""ל",false,0,179.00,179.00,true,1,
719346065405,false,"פנטזי בריטני ספירס א.ד.פ 100 מ""ל Britney Spears Fantasy",בריטני ספירס BRITNEY SPEARS,US,fantasy א.ד.פ,מיליליטרים,100.00,"100 מ""ל",false,0,99.00,99.00,true,1,
719346094665,false,"מידנייט פנטזי אדפ לאישה 100 מ""ל - בריטני ספירס",אלפא בישום,US,מידנייט פנטזי,מיליליטרים,100.00,"100 מ""ל",false,0,99.00,99.00,true,1,
719565347139,false,נסיכות טלפון גלוס,,CN,סט גלוסים,יחידה,1.00,יחידה,false,0,11.70,11.70,true,1,
719565386718,false,פרוזן ליפ גלוסים,,CN,ליפ גלוסים,יחידה,1.00,יחידה,false,0,31.90,31.90,true,1,
719565453663,false,מיקי צמד שפתוני,,CN,צמד שפתוני,יחידה,1.00,יחידה,false,0,30.90,30.90,true,1,
719565455469,false,LOL קומפקט נייל ארט יח',TOWNLEY,CN,LOL קומפקט נייל,יחידה,1.00,יחידה,false,1,29.90,29.90,true,1,
719565463914,false,פרוזן סט 3 גלוסים,,CN,סט 3 גלוסים,יחידה,1.00,יחידה,false,0,30.90,30.90,true,1,
737052041353,false,"פאם אדפ לאישה 75 מ""ל - הוגו בוס",לילית-בוס,GR,Femme א.ד.פ.,מיליליטרים,75.00,"100 מ""ל",false,0,179.00,238.67,true,1,
737052352060,false,"בוטלד נייט אדט לגבר 100 מ""ל - הוגו בוס",קוטי HFC,GR,בוס בוטלד נייט ג,מיליליטרים,90.00,"100 מ""ל",false,0,229.00,254.45,true,1,
763511009824,false,"דונה קארן בי דלישס - א.ד.פ 100 מ""ל",אינטר פרמיום,IT,DELICIOUS BE אשה,מיליליטרים,100.00,"100 מ""ל",false,0,299.00,299.00,true,1,
768614102021,false,"ZEN א.ד.פ לאשה 100 מ""ל",שיסיידו בישום,IL,ZEN א.ד.פ לאשה,מיליליטרים,100.00,"100 מ""ל",false,0,359.00,359.00,true,1,
810905034662,false,"קרם תלתלים 400 מ""ל",,IL,קרם תלתלים,מיליליטרים,400.00,"100 מ""ל",false,1,89.00,22.25,true,1,
810905036826,false,Perfect Strand מחליק קרמ,,IL,Perfect Strand מ,יחידה,1.00,יחידה,false,1,349.00,349.00,true,1,
810905039018,false,מסלסל גלים יח',,IL,מסלסל גלים,יחידה,1.00,יחידה,false,1,449.00,449.00,true,1,
812256020301,false,"אריאנה גראנדה אריי א.ד.פ 100 מ""ל",,IL,אריאנה גרנדה אדפ,מיליליטרים,100.00,"100 מ""ל",false,1,199.00,199.00,true,1,
812256021674,false,"אריאנה גרנדה ARI(א) בודי ספריי 236מ""ל",,US,ארי בודי מיסט לא,מיליליטרים,236.00,"100 מ""ל",false,1,49.90,21.14,true,1,
812256021711,false,"אריאנה גראנדה סוויט לייק קנדי א.ד.פ 100 מ""ל",,IL,סוויט לייק קנדי,מיליליטרים,100.00,"100 מ""ל",false,1,199.00,199.00,true,1,
812256022381,false,"אריאנה גרנדה SWEET LIKE CANDY(א) בודי ספריי 236מ""ל",,US,סוויט לייק קנדי,מיליליטרים,236.00,"100 מ""ל",false,1,49.90,21.14,true,1,
812256023289,false,"אריאנה גראנדה קלאוד א.ד.פ 100 מ""ל",,IL,אריאנה גראנדה קל,מיליליטרים,100.00,"100 מ""ל",false,1,279.00,279.00,true,1,
812256024194,false,קלאוד פרגרנס מיסט236מל,,US,קלאוד פרגרנס מיס,מיליליטרים,236.00,"100 מ""ל",false,1,49.90,21.14,true,1,
815151027000,false,מחליק אינפרא רד יח',,IL,מחליק אינפרא רד,יחידה,1.00,יחידה,false,1,649.00,649.00,true,1,
815151028076,false,סט דוגמיות repa KURE THE,,IL,סט דוגמיות K THE,יחידה,1.00,יחידה,false,1,5.00,5.00,true,1,
815151028106,false,סט דוגמיות color-l VAULT,,IL,סט דוגמיות VAULT,יחידה,1.00,יחידה,false,1,5.00,5.00,true,1,
840117804135,false,מיני מחליק טיטניום ורוד,,IL,מיני מחליק טיטני,יחידה,1.00,יחידה,false,1,180.00,180.00,true,1,
840117805736,false,שמפו לשיקום השיער 275 מל,HMS,US,שמפו לשיקום השיע,מיליליטרים,275.00,"100 מ""ל",false,1,109.00,39.64,true,1,
840117807945,false,קונפידנט רוז גולד AM מחל,,IL,קונפידנט רוז גול,יחידה,1.00,יחידה,false,1,649.00,649.00,true,1,
887167327665,false,אסתי קרם עיניים דיי וור קרם עיניים 15 מל,אסתי לאודר,BE,WEAR DAY קרם עינ,מיליליטרים,15.00,"100 מ""ל",false,1,160.00,1066.67,true,1,
887167540149,false,שפתון במרקם מוס,,BE,שפתון במרקם מוס,יחידה,1.00,יחידה,false,0,160.00,160.00,true,1,
887167620018,false,בלוק באסטר 2022 מארז,אסתי לאודר,CN,בלוק באסטר,יחידה,1.00,יחידה,false,1,569.00,569.00,true,1,
888066035361,false,נואר אקסטרים לגבר 50מל,טום פורד,CH,EXTREME NOIR אדפ,מיליליטרים,50.00,"100 מ""ל",false,1,499.00,998.00,true,1,
888066089272,false,"מטאליק אדפ 50 מ""ל",,IL,מטאליק אדפ,מיליליטרים,50.00,"100 מ""ל",false,1,570.00,1140.00,true,1,
889809002312,false,גלאם גלואו לחות מגה מלחלחת ניוד גלואו,גלאם גלואו,US,גלו סטאר לחות Nu,גרמים,50.00,100 גרם,false,1,179.00,358.00,true,1,
889809007768,false,פריימר לטשטוש פגמי עור,,US,פריימר לטשטוש פג,גרמים,15.00,100 גרם,false,1,155.00,1033.33,true,1,
889809011109,false,גלאם גלואו מסכת פילינג ניקוי וטיהור או מ,גלאם גלואו,US,מסכת פילינג פנים,מיליליטרים,125.00,"100 מ""ל",false,1,129.00,103.20,true,1,
3014260007867,false,מברשות שיניים אורל ב,פרוקטר & גמבל,IL,מ. שיניים סופט P,יחידה,1.00,יחידה,false,1,24.90,24.90,true,1,
3014260100698,false,אורל בי מברשת שיניים ילדים 6-12 שנים,פרוקטר אנד גמבל,IE,אורל בי לילדים,יחידה,1.00,יחידה,false,1,13.90,13.90,true,1,
3014260228842,false,"קצף גילוח ג'ילט לעור רגיל 200 מ""ל",מולינו ניקולי s.p.a,GB,קצף גילוח ג'ילט,מיליליטרים,200.00,"100 מ""ל",false,0,14.90,7.45,true,1,
3014260243531,false,גילט מאך 3 סכיני גילוח 4 יחידות חדש,פרוקטר אנד גמבל,PL,סכיני גילוח מא,יחידה,1.00,יחידה,false,0,58.90,58.90,true,1,
3014260262709,false,סכיני גילוח לאישה 3 להבים,ג'ילט ונוס Gillette Venus,DE,סכיני גילוח ונ,יחידה,1.00,יחידה,false,0,49.90,49.90,true,1,
3014260283254,false,סכיני גילוח חד פעמי בלו 2 פלוס *5,פרוקטר & גמבל,IL,"סכיני גילוח ח""פ",יחידה,1.00,יחידה,false,0,12.90,12.90,true,1,
3014260289287,false,סכין גילוח גילט בלו 2 לנשים-חמישייה,פרוקטר אנד גמבל,RU,סכיני גילוח,יחידה,1.00,יחידה,false,0,16.90,16.90,true,1,
3059944021197,false,"ויט קרם להסרת שיער לעור רגיש (אריזת חיסכון) 400 מ""ל",רקיט בנקיזר צרפת,FR,מסיר שיער ויט,מיליליטרים,400.00,"100 מ""ל",false,0,59.90,14.98,true,1,
3059944025003,false,Veet רצועות שעווה לעור רגיל אריזת חיסכון (20 יח'),רקיט בנקיזר צרפת,FR,20רצועות שעווה,יחידה,1.00,יחידה,false,1,49.90,49.90,true,1,
3145891168600,false,קוקו מדמואזל דאו' ספריי,שאנל בישום,IL,קוקו מדמואזל דאו,מיליליטרים,100.00,"100 מ""ל",false,0,225.00,225.00,true,1,
3145891262605,false,EDP TENDRE EAU CHANCE 1,,FR,TENDR EAU CHANCE,מיליליטרים,100.00,"100 מ""ל",false,1,689.00,689.00,true,1,
3274872353244,false,"קנזו וולרד אינטנס 75 מ""ל",אלפא קוסמטיקה,IL,קנזו וולרד אינטנ,מיליליטרים,75.00,"100 מ""ל",false,1,494.00,658.67,true,1,
3274872389977,false,אורגנזה אדפ 100 מל,,FR,Organza א.ד.פ לא,מיליליטרים,100.00,"100 מ""ל",false,1,279.00,279.00,true,1,
3274872439078,false,ג'נטלמן פריווה,,,ג'נטלמן פריווה,יחידה,1.00,יחידה,false,0,389.00,389.00,true,1,
3348900314290,false,דיוריסימו אדט לאשה100מל,,IL,דיוריסימו אדט לא,מיליליטרים,100.00,"100 מ""ל",false,1,477.00,477.00,true,1,
3349668508488,false,MILLION Lady א.ד.פ אשה50,PUIG בישום,IL,MILLION Lady,מיליליטרים,50.00,"100 מ""ל",false,0,239.00,478.00,true,1,
3351500011469,false,"azzarro אדט 200 מ""ל",,FR,azzarro אדט,מיליליטרים,200.00,"100 מ""ל",false,1,279.00,139.50,true,1,
3355992000260,false,"לפידוס פור הום טד לפידוס - א.ד.ט 100 מ""ל",אלפא בישום,FR,Lapidus Ted אדט,מיליליטרים,100.00,"100 מ""ל",false,0,99.00,99.00,true,1,
3360372058878,false,אקווה דה ג'יו ג.אדט100,לנקום בישום,IL,Gio Di Acqua גבר,מיליליטרים,100.00,"100 מ""ל",false,1,299.00,299.00,true,1,
3360372058892,false,אקווה דה ג`יו דאודורנט ספריי לגבר,אינטרביוטי-בישו,IL,אקווה דה ג'יו ג.,מיליליטרים,150.00,"100 מ""ל",false,0,79.00,52.67,true,1,
3386460118125,false,"מונבלאן לג'אנד (ג) אדפ 100 מ""ל",,FR,מונבלאן לגנד אדפ,מיליליטרים,100.00,"100 מ""ל",false,1,259.00,259.00,true,1,
3386461515688,false,לנוון אקטלט דרפז,,FR,לנוון אקטלט דרפז,מיליליטרים,50.00,"100 מ""ל",false,1,149.00,298.00,true,1,
3386461517033,false,קרם גוף לנוון אקלט 150מל,,FR,קרם גוף לנוון אק,מיליליטרים,150.00,"100 מ""ל",false,1,69.90,46.60,true,1,
3412242508027,false,נאוטיקה בלו אדט גבר100מל,סופטאץ בישום,IL,נאוטיקה בלו אדט,מיליליטרים,100.00,"100 מ""ל",false,0,79.00,79.00,true,1,
3412242510075,false,אדידס טיים פרוס אדט100מל,COTY,ES,א.ד.ט אדידס,מיליליטרים,100.00,"100 מ""ל",false,0,39.90,39.90,true,1,
3414206000608,false,"ג'ופ (יופ!) הום (ג) א.ד.ט 125 מ""ל",לילית בישום,FR,יופ א.ד.ט לגבר,מיליליטרים,125.00,"100 מ""ל",false,0,98.00,78.40,true,1,
3423222015565,false,"דולצ'ה גאבנה לימפרטריס א.ד.ט 100 מ""ל",,FR,לימפטריס מס' 3 א,מיליליטרים,100.00,"100 מ""ל",false,1,149.00,149.00,true,1,
3423222048044,false,INTENSE CEDREגבר100מל,,FR,ארז איסימאקי אינ,מיליליטרים,100.00,"100 מ""ל",false,1,269.00,269.00,true,1,
3423222055912,false,נרסיסו פור הר אדפ מארז,פרסטיג' שיסיידו,FR,מארז נרסיסו פור,יחידה,1.00,יחידה,false,1,499.00,499.00,true,1,
3423222066161,false,"קיי מארז 3 חלקים אדט לגבר 100 מ""ל + בושם מוקטן 10 מ""ל + ג'ל רחצה 50 מ""ל",פרסטיג' שיסיידו,FR,דולצה K סט לגבר,יחידה,1.00,יחידה,false,1,479.00,479.00,true,1,
3423470300161,false,"לאו דאיסי אדט לאישה 100 מ""ל - איסי מיאקי",איסימיאקי.,FR,D'ISSEY L'EAU,מיליליטרים,100.00,"100 מ""ל",false,1,269.00,269.00,true,1,
3423473061151,false,זדיג דיס איז הר מארז יח',,IL,זדיג דיס איז הר,יחידה,1.00,יחידה,false,1,299.00,299.00,true,1,
3423474891856,false,זדיג&וולטיר דיס א.אדפ100,זדיג&וולטייר,FR,IS THIS א.ד.פ,מיליליטרים,100.00,"100 מ""ל",false,0,279.00,279.00,true,1,
3423478840652,false,"נרסיסו פודרה (א) אדפ 90מ""ל",נרסיסו רדריגז,FR,PUDREE NARCISO,מיליליטרים,90.00,"100 מ""ל",false,1,399.00,443.33,true,1,
3439600056655,false,"אנג'ל כוכב אדפ 100מ""ל",טרי מוגלר בישום,FR,אנג'ל כוכב,מיליליטרים,100.00,"100 מ""ל",false,1,459.00,459.00,true,1,
3494800028031,false,מרינה רויאל דיימונדס100מ,רבלון בישום,FR,מרינה רויאל דיימ,מיליליטרים,100.00,"100 מ""ל",false,0,129.00,129.00,true,1,
3494800220039,false,מרינה דינסטי מדמואזל100מ,רבלון בישום,FR,מרינה דינסטי מדמ,מיליליטרים,100.00,"100 מ""ל",false,0,129.00,129.00,true,1,
3494800240020,false,DYNASTIE א.ד.פ לאשה,זילנגיה,FR,DYNASTIE א.ד.פ,מיליליטרים,50.00,"100 מ""ל",false,1,98.00,196.00,true,1,
3508441001114,false,קריד אוונטוס (ג) אדפ 100מל,,FR,Aventus Creed,מיליליטרים,100.00,"100 מ""ל",false,1,1390.00,1390.00,true,1,
3574660057706,false,"שמן תינוקות ג'ונסון 300 מ""ל",ג'ונסון,IT,שמן תינוקות ג'ונ,מיליליטרים,300.00,"100 מ""ל",false,1,24.90,8.30,true,1,
3574660239829,false,קרם ידיים קל סדרה נורבגית נוטרוגינה 50 מ,ניוטרוג'ינה Neutrogena,FR,קרם ידיים קליל,מיליליטרים,75.00,"100 מ""ל",false,0,28.90,38.53,true,1,
3574660245844,false,נטרוגינה תרחיץ לניקוי פנים,CILAG GMBH INTERNATI,GR,CLEAN DEEP תרחיץ,מיליליטרים,200.00,"100 מ""ל",false,0,58.90,29.45,true,1,
3574660269635,false,נטרוגינה דיפ קלין תרחיץ גרגירים 150 מל,שסטוביץ,FR,ג'ל לפנים c deep,מיליליטרים,150.00,"100 מ""ל",false,1,59.90,39.93,true,1,
3574660514643,false,קרם לחות רב שימושי עשיר נוטרוגינה 300 מל,ניוטרוג'ינה Neutrogena,IT,"קרם רב""ש",מיליליטרים,300.00,"100 מ""ל",false,0,26.90,8.97,true,1,
3574660569759,false,"ניוטרוג'ינה - תרחיץ פנים במשאבה אשכולית ורודה 200מ""ל",CILAG GMBH INTERNATI,GR,VISIBLYCLR תרחיץ,מיליליטרים,200.00,"100 מ""ל",false,1,59.90,29.95,true,1,
3574660571769,false,ניוטרוגינה שפתון לחות SPF20,שסטוביץ,FR,שפתון ניוטרוגינה,יחידה,1.00,יחידה,false,0,24.90,24.90,true,1,
3574661003917,false,מי פה ליסטרין טוטל קר250,ג'\ונסון אנד ג'\ונסון,IT,מי פה ליסטרין,מיליליטרים,250.00,"100 מ""ל",false,0,9.90,3.96,true,1,
3574661003924,false,שטיפת פה טוטאל קר בטעם מנטה צלול,ג'\ונסון אנד ג'\ונסון,IT,מי פה ליסטרין,מיליליטרים,500.00,"100 מ""ל",false,0,19.90,3.98,true,1,
3574661098531,false,ניוטרוגינה תחליב גוף מועשר לעור יבש/רגיש,ניוטרוג'ינה Neutrogena,GR,תחליב גוף,מיליליטרים,400.00,"100 מ""ל",false,1,29.90,7.48,true,1,
3574661098937,false,נטרוגינה תחליב גוף-יבש סדרה נורווגית,ניוטרוג'ינה Neutrogena,FR,תחליב גוף,מיליליטרים,400.00,"100 מ""ל",false,1,29.90,7.48,true,1,
3574661114620,false,"ליסטרין שטיפת פה זירו ללא אלכוהול 250 מ""",ג'\ונסון אנד ג'\ונסון,IT,מי פה ליסטרין,מיליליטרים,250.00,"100 מ""ל",false,0,9.90,3.96,true,1,
3574661114637,false,ליסטרין שטיפת פה קול מינט טעם מעודן 500,ג'\ונסון אנד ג'\ונסון,IT,מי פה ליסטרין,מיליליטרים,500.00,"100 מ""ל",false,1,19.90,3.98,true,1,
3574661200019,false,נוטרוגינה ת.גוף ויזבלי ריניו משאבה 400 מל,ניוטרוג'ינה Neutrogena,GR,תחליב גוף,מיליליטרים,400.00,"100 מ""ל",false,1,29.90,7.48,true,1,
3574661288345,false,נטרוגינה היידרובוסט גל ניקוי לפנים 200,שסטוביץ,PL,ג'ל ניקוי לפנים,מיליליטרים,200.00,"100 מ""ל",false,1,58.90,29.45,true,1,
3574661363998,false,"מי פה ליסטרין תה ירוק 500 מ""ל",ג'\ונסון אנד ג'\ונסון,IT,מי פה ליסטרין,מיליליטרים,500.00,"100 מ""ל",false,1,19.90,3.98,true,1,
3574661428055,false,גונסונס בייבי תחליב לחות מגע כותנה 500 מ,שסטוביץ,IT,ג'ונסון תחליב,מיליליטרים,500.00,"100 מ""ל",false,1,33.90,6.78,true,1,
3574661458748,false,טלק גונסון 200 ג' חדש,ג'ונסון,IT,טלק לתינוקות,גרמים,200.00,100 גרם,false,1,19.90,9.95,true,1,
3574661487328,false,קרפרי מגני תחתון אורגינל פלוס 56 יח',הדקלאים אגודת שיתופי,IT,מגני תחתון קרפרי,יחידה,1.00,יחידה,false,1,14.90,14.90,true,1,
3574661487618,false,קרפרי מגן תחתון מקסי לארג'' מבושם 48 יח'',ג'ויה מעבדות לקוסמטי,IT,קרפרי מגני תחתון,יחידה,1.00,יחידה,false,1,14.90,14.90,true,1,
3574661487625,false,מגני תחתון פלוס לארג' בניחוח עדין L,הדקלאים אגודת שיתופי,IT,מגן תחתון קרפרי,יחידה,1.00,יחידה,false,1,14.90,14.90,true,1,
3574661498478,false,נטרוגינה בלאקהד תרחיץ גרגירים 150 מל,שסטוביץ,FR,תרחיץ גרגירים לה,מיליליטרים,150.00,"100 מ""ל",false,1,79.00,52.67,true,1,
3574661500355,false,קרפרי מגן תחתון מקסי לונג רגיל 40 יח',ג'ויה מעבדות לקוסמטי,IT,מגני תחתון קרפרי,יחידה,1.00,יחידה,false,1,14.90,14.90,true,1,
3574661500478,false,נטרוגינה בלאקהד מי פנים 200 מל,שסטוביץ,FR,מי פנים לחיסול ר,מיליליטרים,200.00,"100 מ""ל",false,1,59.90,29.95,true,1,
3574661504162,false,מוס לשטיפה אינטימית יומיומית מכיל תה ירוק ואלוורה,קולגייט פלמוליב,IT,שטיפה אינטימית,מיליליטרים,150.00,"100 מ""ל",false,1,20.90,13.93,true,1,
3574661520353,false,נטרוגינה קליר& דיפנד גל לטיפול מהיר 15 מ,שסטוביץ,FR,ויזבלי קליר ג'ל,מיליליטרים,15.00,"100 מ""ל",false,1,53.90,359.33,true,1,
3574661530697,false,גונסונס בייבי תרחיץ ושמפו לתינוק 500 מל,ג'ונסונס Johnson's,IT,ג'ונסון תרחיץ,מיליליטרים,500.00,"100 מ""ל",false,1,21.90,4.38,true,1,
3574661552576,false,קרפרי מגן תחתון רגיל טנגה לבן 56 יח חדש,הדקלאים אגודת שיתופי,GR,מגני תחתון קרפרי,יחידה,1.00,יחידה,false,1,14.90,14.90,true,1,
3574661552804,false,מגן תחתון קרפרי אלוורה 56 יחידות,הדקלאים אגודת שיתופי,IT,מגני תחתון קרפרי,יחידה,1.00,יחידה,false,1,14.90,14.90,true,1,
3574661552811,false,מגן תחתון קרפרי כותון אוורירי 56 יחידות,הדקלאים אגודת שיתופי,GR,מגן תחתון קרפרי,יחידה,1.00,יחידה,false,1,14.90,14.90,true,1,
3574661554877,false,מגן תחתון קרפרי כותון מבושם 56 יחידות,הנסיך- מפעל לייצור ט,GR,מגני תחתון קרפרי,יחידה,1.00,יחידה,false,1,14.90,14.90,true,1,
3574661554884,false,קרפרי מגן תחתון רגיל טנגה מבושם 56 יח,הדקלאים אגודת שיתופי,IT,מגני תחתון קרפרי,יחידה,1.00,יחידה,false,1,14.90,14.90,true,1,
3574661560489,false,נטרוגינה דיפ קלין מגבונים להסרת איפור 25,שסטוביץ,FR,CLEAN DEEP מגבונ,יחידה,1.00,יחידה,false,1,28.90,28.90,true,1,
3574661591568,false,ניוטרוגינה ברייט בוסט ג'ל קרם 50 מל,שסטוביץ,FR,Bright Boost ג'ל,מיליליטרים,50.00,"100 מ""ל",false,1,99.00,198.00,true,1,
3574661592923,false,נטרוגינה בוסט ברייט פילינג מחדש 75 מל,שסטוביץ,FR,Bright Boost פיל,מיליליטרים,75.00,"100 מ""ל",false,1,59.90,79.87,true,1,
3574661610344,false,נטרוגינה קרם לחות עשיר ומרוכז לעור יבש ע,גונסון אנד גונסון סנטה ב,IT,ניוטרוג'ינה קרם,מיליליטרים,300.00,"100 מ""ל",false,1,26.90,8.97,true,1,
3574661610375,false,נטרוגינה קרם לחות קליל סדרה נורווגית חדש,ג'ונסונס בייבי,FR,ניוטרוג'ינה קרם,מיליליטרים,300.00,"100 מ""ל",false,1,26.90,8.97,true,1,
3574669907392,false,ג'ונסון שמפו לתינוק 750,ג'ונסון,IT,ג'ונסון שמפו לתי,מיליליטרים,750.00,"100 מ""ל",false,1,19.90,2.65,true,1,
3574669908481,false,גונסונס בייבי אל סבון אמבט 750 מל חדש,ג'ונסונס Johnson's,IT,ג'ונסון אל סבון,מיליליטרים,750.00,"100 מ""ל",false,1,24.90,3.32,true,1,
3574669908948,false,גונסונס בייבי אל סבון לרחצה עדינה 750 מל,גונסון אנד גונסון,IT,ג'ונסון אל סבון,מיליליטרים,750.00,"100 מ""ל",false,1,24.90,3.32,true,1,
3595471041036,false,מרסדס קלאב אקסטרים 100מל,רבלון בישום,IL,מרסדס קלאב אקסטר,מיליליטרים,100.00,"100 מ""ל",false,0,249.00,249.00,true,1,
3595471065421,false,סט מרצדס אינטנס לגבר,מרצדס,FR,מרצדס אינטנס גבר,יחידה,1.00,יחידה,false,1,169.00,169.00,true,1,
3600520772035,false,לוריאל - פודרה טרומאצ W3,סייפו,IT,פודרה דחוסה,יחידה,1.00,יחידה,false,0,49.90,49.90,true,1,
3600520881799,false,לוריאל - מסקרה טלסקופיק שחור,לוריאל פריז L'OREAL PARIS,IT,TELESCOPIC מסקרה,יחידה,1.00,יחידה,false,0,63.90,63.90,true,1,
3600521018095,false,לוריאל - מסקרה ווליומיסים שחור,,IL,מסקרה ווליומיסים,יחידה,1.00,יחידה,false,1,45.00,45.00,true,1,
3600521094341,false,קסטינג קרם גלוס מס200',לוריאל פריז,BE,צבע שיער קסטינג,יחידה,1.00,יחידה,false,0,34.90,34.90,true,1,
3600521094365,false,קסטינג 300 חום כהה מאוד,לוריאל פריז,BE,צבע לשיער קסטינג,יחידה,1.00,יחידה,false,0,34.90,34.90,true,1,
3600521094396,false,קסטינג קרם גלוס מס 415,לוריאל פריז,BE,צבעי שיער קסטינג,יחידה,1.00,יחידה,false,0,34.90,34.90,true,1,
3600521094457,false,קסטינג קרם גלוס מס550',לוריאל פריז,BE,צבע שיער קסטינג,יחידה,1.00,יחידה,false,0,34.90,34.90,true,1,
3600521821152,false,לוריאל - מסקרה מ.לאשס שחור,סייפו,FR,מסקרה ווליום,יחידה,1.00,יחידה,false,0,49.90,49.90,true,1,
3600521831083,false,קסטינג קרם גלוס מס1010,לוריאל פריז,BE,קסטינג קרם גלוס,יחידה,1.00,יחידה,false,1,34.90,34.90,true,1,
3600521846292,false,לוריאל - מסקרה ווליום מיליון חום,לוריאל,FR,מסקרה קולגן,יחידה,1.00,יחידה,false,0,49.90,49.90,true,1,
3600521992111,false,לוריאל אייג פרפקט נוטרישן לילה,"קרלסרו, גרמניה",DE,PERFECT AGE קרם,מיליליטרים,50.00,"100 מ""ל",false,0,125.00,250.00,true,1,
3600522029946,false,לוריאל נוטרישן קרם יום 50 מל,לוריאל פרודקשן דויטשלנד,DE,אייג' פרפקט קרם,מיליליטרים,50.00,"100 מ""ל",false,1,125.00,250.00,true,1,
3600522150497,false,קסטינג קרם גלוס מס100',לוריאל פריז,BE,קסטינג קרם גלוס,יחידה,1.00,יחידה,false,0,34.90,34.90,true,1,
3600522251750,false,לוריאל - דרמו רויטליפט לייזר עיניים,לוריאל,FR,קרם עיניים,מיליליטרים,15.00,"100 מ""ל",false,0,109.00,726.67,true,1,
3600522337119,false,לוריאל - שפתון עמיד אינפליבל 312 (צרפתי),לוריאל,FR,שפתון עמיד,יחידה,1.00,יחידה,false,1,63.90,63.90,true,1,
3600522344032,false,לוריאל - אלביב מסכה טוטאל ריפר 300,kozmetik canan,DE,מסכת אלביב,מיליליטרים,300.00,"100 מ""ל",false,0,29.90,9.96,true,1,
3600522838586,false,לוריאל רויטליפט לייזר X3 קרם-מסכה לילה,KARLSRUHE GERMANY,DE,קרם מסכה לילה,מיליליטרים,50.00,"100 מ""ל",false,0,109.00,218.00,true,1,
3600522862420,false,לוריאל - מייקאפ טרומאצ N5,לוריאל,FR,N5 MATCH TRUE,מיליליטרים,30.00,"100 מ""ל",false,1,64.90,216.34,true,1,
3600522862499,false,לוריאל - מייקאפ טרומאצ C3,לוריאל,FR,C3 MATCH TRUE,מיליליטרים,30.00,"100 מ""ל",false,1,64.90,216.34,true,1,
3600522862543,false,לוריאל - מייקאפ טרומאצ W3,לוריאל פריז L'OREAL PARIS,FR,W3 MATCH TRUE,מיליליטרים,30.00,"100 מ""ל",false,1,64.90,216.34,true,1,
3600523192724,false,לוריאל - מג'יק ריטאצ' גוון 5 בלונד,לוריאל ליברמו,BE,לוריאל מגיק,מיליליטרים,75.00,"100 מ""ל",false,1,29.90,39.87,true,1,
3600523193165,false,תרסיס לכיסוי שורשי השיער Magic Retouch חום בהיר,לוריאל ליברמו,BE,ספריי צבע לשיער,מיליליטרים,75.00,"100 מ""ל",false,1,29.90,39.87,true,1,
3600523201303,false,לוריאל - דרמו רויטליפט פילר לילה,"קרלסרו, גרמניה",DE,קרם לילה,מיליליטרים,50.00,"100 מ""ל",false,1,84.90,169.80,true,1,
3600523337712,false,לוריאל - מג'יק ריטאצ' 6 חום מהגוני,לוריאל,BE,מג'יק ריטאצ' חום,מיליליטרים,75.00,"100 מ""ל",false,1,29.90,39.87,true,1,
3600523351497,false,לוריאל - ע.עיניים אינפל.ג.קריון01שחור,,DE,עפרון עיניים עמי,יחידה,1.00,יחידה,false,1,30.00,30.00,true,1,
3600523428663,false,לוריאל - דרמו רויטליפט לייזר יום,"קרלסרו, גרמניה",DE,REVITALIFT קרם,מיליליטרים,50.00,"100 מ""ל",false,1,109.00,218.00,true,1,
3600523448760,false,לוריאל סדרת פרחים חלב פנים לעור רגיש 400,"קרלסרו, גרמניה",DE,חלב פנים,מיליליטרים,400.00,"100 מ""ל",false,1,41.90,10.48,true,1,
3600523476619,false,לוריאל - דרמו פרחים ג'ל ניקוי כחול (החלפת ברקוד),סופרוריאל אולניי,FR,ג'ל ניקוי כחול,מיליליטרים,150.00,"100 מ""ל",false,1,35.90,23.93,true,1,
3600523500154,false,לוריאל - קונסילר טרו מאץ 1N,לוריאל,IL,קוניסלר טרו מאץ,יחידה,1.00,יחידה,false,1,49.90,49.90,true,1,
3600523500185,false,לוריאל - קונסילר טרו מאץ 2C,לוריאל,IL,קונסילר טרו מאץ,יחידה,1.00,יחידה,false,1,49.90,49.90,true,1,
3600523503285,false,לוריאל - מסקרה פרדייז שחור,לוריאל איפור,IT,פרדייז מסקרה,יחידה,1.00,יחידה,false,1,49.90,49.90,true,1,
3600523581306,false,מן אקספרט ויטליפט טורבו גל לחות אנטי איי,לוריאל,DE,מן אקספרט ויטליפ,מיליליטרים,50.00,"100 מ""ל",false,1,54.90,109.80,true,1,
3600523614417,false,לוריאל - שפיינג סטיק אינפליבל 130,,FR,מייקאפ פרש וור,מיליליטרים,30.00,"100 מ""ל",false,1,99.90,333.00,true,1,
3600523651870,false,שמפו לחיזוק סיב השערה לכל סוגי השיער,לוריאל - אלביב Elvive,TR,אלביב שמפו,מיליליטרים,550.00,"100 מ""ל",false,1,17.90,3.25,true,1,
3600523651887,false,"לוריאל - אלביב שמפו טוטאל ריפר 550 מ""ל",לוריאל - אלביב Elvive,TR,שמפו אלביב,מיליליטרים,550.00,"100 מ""ל",false,1,17.90,3.25,true,1,
3600523651900,false,מרכך לחיזוק סיב השערה לכל סוגי השיער,לוריאל - אלביב Elvive,TR,אלביב מרכך,מיליליטרים,550.00,"100 מ""ל",false,1,17.90,3.25,true,1,
3600523652228,false,"לוריאל - אלביב מרכך טוטאל ריפר 550 מ""ל",לוריאל - אלביב Elvive,TR,אלביב שמפו,מיליליטרים,550.00,"100 מ""ל",false,1,17.90,3.25,true,1,
3600523652242,false,"לוריאל - אלביב שמפו קולור פרוטקט 550 מ""ל",לוריאל - אלביב Elvive,TR,אלביב שמפו,מיליליטרים,550.00,"100 מ""ל",false,1,17.90,3.25,true,1,
3600523652259,false,"לוריאל - אלביב מרכך קולור פרוטקט 550 מ""ל",קוסמטיקס,TR,אלביב מרכך,מיליליטרים,550.00,"100 מ""ל",false,1,17.90,3.25,true,1,
3600523652280,false,"לוריאל אלביב שמפו מועשר ב 6 שמנים, 550 מ""ל",לוריאל - אלביב Elvive,TR,אלביב שמפו,מיליליטרים,550.00,"100 מ""ל",false,1,17.90,3.25,true,1,
3600523755806,false,"לוריאל - אלביב שמפו קוקוס 550 מ""ל",קוסמטיקס,TR,שמפו אלביב,מיליליטרים,550.00,"100 מ""ל",false,1,17.90,3.25,true,1,
3600523756322,false,"לוריאל - אלביב מרכך קוקוס 550 מ""ל",קוסמטיקס,TR,מרכך אלביב,מיליליטרים,550.00,"100 מ""ל",false,1,17.90,3.25,true,1,
3600523782567,false,"לוריאל - אלביב שמפו דרים לונג 500 מ""ל",קוסמטיקס,FR,אלביב שמפו,מיליליטרים,500.00,"100 מ""ל",false,1,17.90,3.58,true,1,
3600523782581,false,מרכך מתיר קשרים לשיער ארוך ופגום Dream Long,לוריאל - אלביב Elvive,FR,אלביב מרכך,מיליליטרים,500.00,"100 מ""ל",false,1,17.90,3.58,true,1,
3600523784479,false,לוריאל - מייקאפ מאט קאבר 230,,IL,מייק אפ מאט קאבר,מיליליטרים,30.00,"100 מ""ל",false,1,103.90,346.33,true,1,
3600523807055,false,קאסטינג קרם גלוס 5102,לוריאל פריז,BE,צבע לשיער קסטינג,יחידה,1.00,יחידה,false,1,34.90,34.90,true,1,
3600523873920,false,לוריאל - דרמו רויטליפט פילר טפטפת סרום עברית,לוריאל,DE,רויטליפט פילר סר,מיליליטרים,30.00,"100 מ""ל",false,1,84.90,283.00,true,1,
3600523936625,false,לוריאל - דרמו רויטליפט לייזר סרום עברית,לוריאל,DE,סרום רויטליפט,מיליליטרים,30.00,"100 מ""ל",false,1,109.00,363.33,true,1,
3600523944231,false,לוריאל - אקסלנס קול קרם 7.11 בלונד אפרפר קר,לוריאל פריז,BE,אקסלנס7.11 בלונד,מיליליטרים,192.00,"100 מ""ל",false,1,34.90,18.17,true,1,
3600523951291,false,לוריאל - פודרה עמידה אינפליבל 20,,IT,פודרה עמידה אינפ,יחידה,1.00,יחידה,false,1,65.00,65.00,true,1,
3600523951598,false,לוריאל - פודרה עמידה אינפליבל 140,,IT,פודרה עמידה אינפ,יחידה,1.00,יחידה,false,1,65.00,65.00,true,1,
3600523971954,false,לוריאל - דרמו רויטליפט לייזר סרום רטינול,לוריאל,DE,דרמו רויטליפט לי,מיליליטרים,30.00,"100 מ""ל",false,1,109.00,363.33,true,1,
3600523985326,false,לוריאל - דרמו רויטליפט לייזר יום SPF 20 עברי,לוריאל פריס,DE,קרם אנטי אייגינג,מיליליטרים,50.00,"100 מ""ל",false,1,109.00,218.00,true,1,
3600523989928,false,לוריאל - סרום טרו מאץ' 4-5,,FR,לוריאל סרום טרו,מיליליטרים,30.00,"100 מ""ל",false,1,79.90,266.33,true,1,
3600523991556,false,לוריאל הידרה גינייס גל לחות לעור מעורב,לוריאל,DE,דרמו הידרה ג'יני,מיליליטרים,70.00,"100 מ""ל",false,1,60.00,85.71,true,1,
3600524013370,false,לוריאל אייג פרפקט רנסנס קרם יום SPF30,לוריאל,DE,דרמו רנסנס קרם,מיליליטרים,50.00,"100 מ""ל",false,1,124.00,248.00,true,1,
3600524019587,false,"לוריאל - רויטליפט טונר חומצה גליקולית 180 מ""ל",קוסמפול,PL,רויטליפט טונר לפ,מיליליטרים,180.00,"100 מ""ל",false,1,40.00,22.22,true,1,
3600524026639,false,לוריאל - שחור עמיד אינפליבל,פאבר קסטל,DE,עפרון אינפליבל 3,יחידה,1.00,יחידה,false,1,30.00,30.00,true,1,
3600524051006,false,"לוריאל - רויטליפט ג'ל ניקוי חומצה גליקולית 150 מ""ל",קרלסרו,DE,רויטליפט ג'ל ניק,מיליליטרים,150.00,"100 מ""ל",false,1,40.00,26.67,true,1,
3600524051211,false,"לוריאל - רויטליפט פילר קרם יום 50 מ""ל",לוריאל,DE,רויטפילט פילר קר,מיליליטרים,50.00,"100 מ""ל",false,1,84.90,169.80,true,1,
3600524051334,false,אלביב מרכך חומצה היאלורונית 400 מל,לוריאל,FR,אלביב מרכך,מיליליטרים,400.00,"100 מ""ל",false,1,17.90,4.48,true,1,
3600524055400,false,לוריאל - אלביב שמפו היאלורונית 500 מ''ל,לוריאל,FR,אלביב שמפו,מיליליטרים,500.00,"100 מ""ל",false,1,17.90,3.58,true,1,
3600530695850,false,מייבלין - שפתון סופרסטיי 340,מייבלין Maybelline,FR,STAY340 SUPER,יחידה,1.00,יחידה,false,1,43.90,43.90,true,1,
3600530695973,false,מייבלין - שפתון סופרסטיי 640,מייבלין Maybelline,FR,STAY640 SUPER,יחידה,1.00,יחידה,false,1,43.90,43.90,true,1,
3600530696024,false,מייבלין - שפתון סופרסטיי 760,מייבלין Maybelline,FR,STAY SUPER 760,יחידה,1.00,יחידה,false,1,43.90,43.90,true,1,
3600530733859,false,מייבלין - קונסילר ספוגית 02IAR,,IL,קונסילר אנטי איג,יחידה,1.00,יחידה,false,1,45.90,45.90,true,1,
3600531324551,false,מייבלין מייק אפ פיט מי מאט פורלס+ 220,מייבלין Maybelline,FR,מייק אפ,יחידה,1.00,יחידה,false,0,51.90,51.90,true,1,
3600531396855,false,מייבלין - קונסילר ספוגית 06IAR,מייבלין Maybelline,IL,קונסילר אנטי איג,יחידה,1.00,יחידה,false,1,45.90,45.90,true,1,
3600531411183,false,מייבלין - שפתון ס.סטיי אינק 10,,IL,שפתון סופר סטיי,יחידה,1.00,יחידה,false,1,43.90,43.90,true,1,
3600531429911,false,מייבלין - פלטת צלליות ברגונדי,מייבלין Maybelline,IT,פלטת צלליות בורג,יחידה,1.00,יחידה,false,1,39.00,39.00,true,1,
3600531465193,false,מייבלין - קונסילר ספוגית 08IAR,מייבלין Maybelline,IL,קונסילר ספוג 08,יחידה,1.00,יחידה,false,1,45.90,45.90,true,1,
3600531469412,false,מייבלין - שפתון ס.סטיי אינק 70,מייבלין,IL,שפתון מאט אינק 7,יחידה,1.00,יחידה,false,1,43.90,43.90,true,1,
3600531513443,false,מייבלין - שפתון ס.סטיי אינק 135,לוריאל,IL,שפתון מאט אינק 1,יחידה,1.00,יחידה,false,1,43.90,43.90,true,1,
3600531537357,false,מייבלין - סומק פיט מי 50,,IL,סומק פיטמי 50,יחידה,1.00,יחידה,false,1,35.00,35.00,true,1,
3600531561277,false,מייבלין - קונסילר ספוגית 95IAR,,IL,קונסילר95,מיליליטרים,6.00,"100 מ""ל",false,1,45.90,765.00,true,1,
3600531609764,false,מייבלין - שפתון ליפטר גלוס 02,,FR,שפתון ליפטר גלוס,יחידה,1.00,יחידה,false,1,40.00,40.00,true,1,
3600531631383,false,מייבלין - פריימר פיט מי מאט,,FR,פריימר פיט מי מא,יחידה,1.00,יחידה,false,1,40.00,40.00,true,1,
3600531639501,false,מייבלין - מייק אפ 4 ב1 לייט,,IT,מייק אפ 4 ב1 ליי,מיליליטרים,30.00,"100 מ""ל",false,1,45.00,150.00,true,1,
3600531650742,false,מייבלין - טאטו בראו ליפט 04,,KR,טאטו בראו ליפט 4,מיליליטרים,4.00,"100 מ""ל",false,1,40.00,1000.00,true,1,
3600540308665,false,גרנייה - קולור נטורלס 8 בלונד בהיר,לוריאל ישראל קוסמטיקס בע,PL,צבע לשיער גרנייה,יחידה,1.00,יחידה,false,0,18.90,18.90,true,1,
3600541029323,false,גרנייה אסנשיאל מסיר איפור 2 ב- 1,SOPROCOS סופרוקוס,FR,ESSENTIALS מסיר,מיליליטרים,200.00,"100 מ""ל",false,0,25.90,12.95,true,1,
3600541382930,false,גרנייה - מים מיסלרים לכל סוגי העור,"קוסמופול, פולין",PL,מים מיסלריים,מיליליטרים,400.00,"100 מ""ל",false,0,29.90,7.47,true,1,
3600541448476,false,גרנייה דאו רול-און אינבזיבל קונטרול,"לוריאל ישראל בע""מ",FR,דאודורנט גרנייה,מיליליטרים,50.00,"100 מ""ל",false,1,11.90,23.80,true,1,
3600541928169,false,"גרנייה פיור פחם ג'ל ניקוי 150 מ""ל","קרלסרו, גרמניה",DE,ג'יל ניקוי פיור,יחידה,1.00,יחידה,false,1,35.00,35.00,true,1,
3600541928275,false,מי פנים מיסלריים דו-פאזיים מסיר איפור עמיד במים,"קוסמופול, פולין",PL,מים מיסלריים דו,מיליליטרים,400.00,"100 מ""ל",false,1,29.90,7.47,true,1,
3600541937475,false,גרניה פיור גרגרים מסיכה לעור מעורב עד שמן,לוריאל,FR,גרנייה פיור ניקו,מיליליטרים,150.00,"100 מ""ל",false,1,35.00,23.33,true,1,
3600541940574,false,"גרנייה מים מיסלרים 700 מ""ל",קוסמופול,PL,מים מיסלריים,מיליליטרים,700.00,"100 מ""ל",false,0,45.00,6.43,true,1,
3600541952720,false,ג'ל גרגירים עם פחם פעיל לטיפול בראשים שחורים,גרנייה Garnier,FR,PURE פחם ג'ל,מיליליטרים,150.00,"100 מ""ל",false,1,35.00,23.33,true,1,
3600541956223,false,"גרנייה פיור לניקוי וטיפול בסימנים ופגעי עם מברשת 150 מ""ל","קרלסרו, גרמניה",DE,ג'ל ניקוי עמוק,מיליליטרים,150.00,"100 מ""ל",false,1,35.00,23.33,true,1,
3600542052788,false,גרנייה בוטניקל חלב פנים ורדים 200 מל,קוסמופול,DE,חלב פנים ורדים,מיליליטרים,200.00,"100 מ""ל",false,1,25.00,12.50,true,1,
3600542097239,false,גרנייה - מסכת טישו פחם תה שחור,ביוטיקוס אינטרנשיונאל,CN,מסכת טישו פחם,יחידה,1.00,יחידה,false,1,14.90,14.90,true,1,
3600542097253,false,גרנייה - מסכת טישו פחם אצות שחורות,ביוטיקוס אינטרנשיונאל,CN,מסכת טישו פחם,יחידה,1.00,יחידה,false,1,14.90,14.90,true,1,
3600542154772,false,גרנייה מסכת טישו עיניים סקין אקטיב קוקוס,לוריאל,CN,טישו עיניים קוקו,יחידה,1.00,יחידה,false,1,12.90,12.90,true,1,
3600542154789,false,גרנייה מסכת טישו עיניים סקין אקטיב תפוז,לוריאל,CN,מסכת טישו לעיניי,יחידה,1.00,יחידה,false,1,12.90,12.90,true,1,
3600542216623,false,"דאודורנט רול גרנייה אקשן קונטרול 50 מ""ל",סופרוקוס,PL,דאודורנט גרנייה,מיליליטרים,50.00,"100 מ""ל",false,1,11.90,23.80,true,1,
3600542232036,false,גרניה סקין נט אלו גל אלוורה ללחות 50 מל,לוריאל,DE,סקין נט אלו ג'ל,מיליליטרים,50.00,"100 מ""ל",false,1,47.90,95.80,true,1,
3600542245449,false,גרנייה - אוליה מיני קיט 5 חום טבעי,לוריאל,PL,צבע לשיער אוליה,יחידה,1.00,יחידה,false,1,29.90,29.90,true,1,
3600542245456,false,גרנייה - אוליה מיני קיט 5.3 חום זהוב,לוריאל,PL,אוליה 5.3 חום זה,יחידה,1.00,יחידה,false,1,29.90,29.90,true,1,
3600542245548,false,גרנייה - אוליה מיני קיט 7 בלונד כהה,לוריאל,PL,צבע לשיער אוליה,יחידה,1.00,יחידה,false,1,29.90,29.90,true,1,
3600542267953,false,גרנייה - פיור אקטיב מים מיסלריים 400,גרנייה-קוסמטיקה,PL,פיור מי מיסלר,מיליליטרים,400.00,"100 מ""ל",false,1,29.90,7.47,true,1,
3600542309974,false,"גרנייה - דאודורנט רול און לאישה מגנזיום 50 מ""ל",סופרוקוס,PL,דאו גרנייה,מיליליטרים,50.00,"100 מ""ל",false,1,11.90,23.80,true,1,
3600542326339,false,גרנייה מיסלר ורדים 400 מ,קוסמופול,PL,גרנייה מיסלר ורד,מיליליטרים,400.00,"100 מ""ל",false,1,29.90,7.47,true,1,
3600542365758,false,גרניה בוטניקל מי פנים ענבים 200 מל,"קוסמופול, פולין",DE,מי פנים ענבים,מיליליטרים,200.00,"100 מ""ל",false,1,24.90,12.45,true,1,
3600542366113,false,גרניה בוטניקל קרם לחות ענבים 50 מל,לוריאל,DE,סקין נטורל קרם ע,מיליליטרים,50.00,"100 מ""ל",false,1,39.90,79.80,true,1,
3600542367936,false,גרניה סקין נט מי פנים אלוורה 200 מל,"קוסמופול, פולין",DE,מי פנים אלוורה,יחידה,1.00,יחידה,false,0,25.00,25.00,true,1,
3600542368896,false,גרניה טישו מסק פיור אקטיב מסכת טישו לעור,לוריאל,CN,פיור אקטיב טישו,יחידה,1.00,יחידה,false,1,14.90,14.90,true,1,
3600542385220,false,"גרנייה - דאודורנט רול און לאישה פרוטקשן 6 פלורל (סגול) 50 מ""ל",גרנייה Garnier,FR,רול און גרנייה,מיליליטרים,50.00,"100 מ""ל",false,1,11.90,23.80,true,1,
3600542385268,false,גרניה דאו רול און אינביזיבל,לוריאל ישראל קוסמטיקס בע,PL,גרנייה רול און,מיליליטרים,50.00,"100 מ""ל",false,1,11.90,23.80,true,1,
3600542385312,false,גרניה טישו מסק מסכת רימונים לעור יבש,לוריאל,CN,גרנייה טישו מסק,גרמים,32.00,100 גרם,false,1,14.90,46.56,true,1,
3600542385626,false,גרנייה - מסכת טישו עם אלוורה וחומצה הילאורונית,לוריאל,CN,גרנייה טישו ואלו,גרמים,32.00,100 גרם,false,1,14.90,46.56,true,1,
3600542398206,false,גרניה סקין נט תרחיץ אלוורה 200 מל,"קוסמופול, פולין",DE,תרחיץ אלוורה,יחידה,1.00,יחידה,false,0,25.00,25.00,true,1,
3600542421621,false,גרניה פרוקטיס מסכה לשיער בננה 390 מל,"אינטרביוטי קוסמטיק בע""\מ",IL,פרוקטיס היירפוד,מיליליטרים,390.00,"100 מ""ל",false,1,39.90,10.23,true,1,
3600542421676,false,"גרנייה - פרוקטיס היירפוד מרכך בננה 350 מ""ל","אינטרביוטי קוסמטיק בע""\מ",IL,פרוקטיס היירפוד,מיליליטרים,350.00,"100 מ""ל",false,1,14.90,4.26,true,1,
3600542421683,false,"גרנייה - פרוקטיס היירפוד שמפו בננה 350 מ""ל","אינטרביוטי קוסמטיק בע""\מ",IL,פרוקטיס היירפוד,מיליליטרים,350.00,"100 מ""ל",false,1,14.90,4.26,true,1,
3600542421706,false,"גרנייה - פרוקטיס היירפוד שמפו פפאיה 350 מ""ל","אינטרביוטי קוסמטיק בע""\מ",IL,פרוקטיס היירפוד,מיליליטרים,350.00,"100 מ""ל",false,1,14.90,4.26,true,1,
3600542421737,false,גרנייה פרוקטיס היפורד מסכה מקדמיה 390 גר,"אינטרביוטי קוסמטיק בע""\מ",IL,פרוקטיס היירפוד,מיליליטרים,390.00,"100 מ""ל",false,1,39.90,10.23,true,1,
3600542431828,false,גרנייה - קולור נטורלס 1 שחור טבעי חדש,לוריאל ישראל קוסמטיקס בע,PL,קולור נטורלס 1,יחידה,1.00,יחידה,false,1,18.90,18.90,true,1,
3600542431835,false,גרנייה - קולור נטורלס 3 חום כהה מאוד חדש,לוריאל ישראל קוסמטיקס בע,PL,קולור נטורלס 3,יחידה,1.00,יחידה,false,1,18.90,18.90,true,1,
3600542431873,false,גרנייה - קולור נטורלס 7 בלונד טבעי חדש,לוריאל ישראל קוסמטיקס בע,PL,קולור נטורלס 7,יחידה,1.00,יחידה,false,1,18.90,18.90,true,1,
3600542431897,false,גרנייה - קולור נטורלס 9 בלונד בהיר מאוד חדש,לוריאל ישראל קוסמטיקס בע,PL,קולור נטורלס 9,יחידה,1.00,יחידה,false,1,18.90,18.90,true,1,
3600542431910,false,גרנייה - קולור נטורלס 2.1 שחור כחול חדש,לוריאל ישראל קוסמטיקס בע,PL,קולור נטורלס 2.1,יחידה,1.00,יחידה,false,1,18.90,18.90,true,1,
3600542431934,false,גרנייה - קולור נטורלס 6.25 חום אגוז חדש,לוריאל ישראל קוסמטיקס בע,PL,קולור נטורלס6.25,יחידה,1.00,יחידה,false,1,18.90,18.90,true,1,
3600542431958,false,גרנייה - קולור נטורלס 7.3 בלונד זהוב חדש,לוריאל ישראל קוסמטיקס בע,PL,קולור נטורלס 7.3,יחידה,1.00,יחידה,false,1,18.90,18.90,true,1,
3600542431965,false,גרנייה - קולור נטורלס 5.52 חום דבש חדש,משווק ויבואןn\:לוריאל יש,PL,קולור נטורלס5.52,יחידה,1.00,יחידה,false,1,18.90,18.90,true,1,
3600542431996,false,גרנייה - קולור נטורלס 5.15 חום שוקולד עשיר חדש,יבואן ומשווק: n\לוריאל י,PL,צבע שיער קולור,יחידה,1.00,יחידה,false,1,18.90,18.90,true,1,
3600542432092,false,גרנייה - קולור נטורלס 5.12 חום שלג חדש,קוסמופול,PL,קולור נטורלס5.12,יחידה,1.00,יחידה,false,1,18.90,18.90,true,1,
3600542456593,false,גרנייה פיור אקטיב מי פנים 200 מל,General,FR,PURE מי פנים,מיליליטרים,200.00,"100 מ""ל",false,1,35.00,17.50,true,1,
3605530741385,false,לנקום קלרטה מוס 200 מל,לנקום,IL,CLARIF ECLAT מוס,מיליליטרים,200.00,"100 מ""ל",false,0,188.00,94.00,true,1,
3605530931663,false,לנקום בוקאז רול און 50 מל,לוריאל,IL,BOCAGE דאודורנט,מיליליטרים,50.00,"100 מ""ל",false,0,100.00,200.00,true,1,
3605532532653,false,לנקום הידרזן ניורוקאלם קרם יום עור יבש,General,FR,הידרה זן קרם קרם,מיליליטרים,50.00,"100 מ""ל",false,1,279.00,558.00,true,1,
3605532612690,false,לה ויה בל אדפ 30מל,לנקום בישום,IL,לה ויה בל אדפ,מיליליטרים,30.00,"100 מ""ל",false,0,148.00,493.33,true,1,
3605532972640,false,לנקום אבסולו BX קרם יום 50 מל,לוריאל,IL,אבסולו BX קרם,מיליליטרים,50.00,"100 מ""ל",false,0,739.00,1478.00,true,1,
3607344343892,false,"HEAT BEYONCE אדפ 100 מ""ל",סופטאץ בישום,US,HEAT BEYONCE אדפ,מיליליטרים,100.00,"100 מ""ל",false,1,89.90,89.90,true,1,
3607345264912,false,"אדידס בודי ספריי לגבר אייס דייב, ללא אלומיניום, 150 מל",אגריפק אס איי לגרדה,ES,ספריי גוף אדידס,מיליליטרים,150.00,"100 מ""ל",false,0,14.90,9.93,true,1,
3607345265117,false,"אדידס - דאודורנט ספריי לגבר טים פורס 150 מ""ל",מיוצר עי קונדיטוריית,ES,ספריי גוף אדידס,מיליליטרים,150.00,"100 מ""ל",false,0,14.90,9.93,true,1,
3607346232347,false,"קלואה קלאסי אדפ 50 מ""ל",רוק בישום,GR,קלואה קלאסי אדפ,מיליליטרים,50.00,"100 מ""ל",false,0,299.00,598.00,true,1,
3614223113347,false,"נומייד אדפ לאישה 75 מ""ל - קלואה",איניבידואל-שסטו,GR,NOMADE א.ד.פ אשה,מיליליטרים,75.00,"100 מ""ל",false,1,399.00,532.00,true,1,
3614223627042,false,"בקהאם רספקט אדט90 מ""ל",סופטאץ בישום,IL,בקהאם רספקט אדט,מיליליטרים,90.00,"100 מ""ל",false,0,79.90,88.78,true,1,
3614224056537,false,"דאו ספריי לנשים אדידס אדיפוואר 150 מ""ל",COLEPCCL,PT,דאו.אדידס,מיליליטרים,150.00,"100 מ""ל",false,1,14.90,9.93,true,1,
3614226761613,false,תרסיס קולסטון רוט טאצ' אפ חום בינוני - כהה,וולה Wella,FR,קולסטון ספריי,מיליליטרים,75.00,"100 מ""ל",false,1,27.90,37.20,true,1,
3614226761651,false,תרסיס קולסטון רוט טאצ' אפ בלונד בהיר - כהה,וולה Wella,FR,קולסטון ספריי,מיליליטרים,75.00,"100 מ""ל",false,1,27.90,37.20,true,1,
3614228865814,false,סופט קולור 60 בלונד כהה,"HFC פרסטיג,'\ שטיינברג,",DE,וולה סופט קולור,יחידה,1.00,יחידה,false,1,39.90,39.90,true,1,
3614228865852,false,סופט קולור 40 חום בינוני,"HFC פרסטיג,'\ שטיינברג,",DE,וולה סופט קולור,יחידה,1.00,יחידה,false,1,39.90,39.90,true,1,
3614228865883,false,וולה סופט קולור 2/0 שחור,"HFC פרסטיג,'\ שטיינברג,",DE,וולה קולור,יחידה,1.00,יחידה,false,1,39.90,39.90,true,1,
3614228899376,false,רוברטו קוואל פאונד אדט75,,IL,רוברטו קוואלי פא,מיליליטרים,75.00,"100 מ""ל",false,1,299.00,398.67,true,1,
3614271430335,false,טיינט איידול אולטרה 045,לנקום,FR,טיינט איידול 045,מיליליטרים,30.00,"100 מ""ל",false,1,179.00,596.67,true,1,
3614271579423,false,קרם גוף לה ויה בל 200 מל,,IL,קרם גוף לה ויה ב,מיליליטרים,200.00,"100 מ""ל",false,1,149.00,74.50,true,1,
3614272049161,false,לנקום אבסולו ריצ קרם לחות 60 מל,לנקום,FR,קרם יום אבסולו ר,מיליליטרים,60.00,"100 מ""ל",false,1,929.00,1548.33,true,1,
3614272629387,false,בושם לאישה 75 מ''ל Lancome Idole או דה פרפיום‏ E.D.P,לנקום,FR,IDOLE א.ד.פ לאשה,מיליליטרים,75.00,"100 מ""ל",false,1,289.00,385.33,true,1,
3614272648401,false,"ליברה אדפ 30 מ""ל",,FR,ליברה אדפ,מיליליטרים,30.00,"100 מ""ל",false,1,149.00,496.67,true,1,
3614272648425,false,"ליברה אדפ לאישה 90 מ""ל - איב סאן לורן",,FR,בושם לאשה Libre,מיליליטרים,90.00,"100 מ""ל",false,1,419.00,465.56,true,1,
3614273070249,false,Emporio א.ד.ט לגבר 100 מ,,FR,Emporio א.ד.ט,מיליליטרים,100.00,"100 מ""ל",false,1,298.00,298.00,true,1,
3614273073882,false,"Viva Voce א.ד.פ אשה50מ""ל",,FR,Viva Voce א.ד.פ,מיליליטרים,50.00,"100 מ""ל",false,1,299.00,598.00,true,1,
3614273073899,false,"Viva Voce אדפ אשה 100מ""ל",,FR,Viva Voce א.ד.פ,מיליליטרים,100.00,"100 מ""ל",false,1,499.00,499.00,true,1,
3614273250672,false,888 שפתון נוזלי אבסולו י,,FR,888 שפתון נוזלי,יחידה,1.00,יחידה,false,1,159.00,159.00,true,1,
3614273347846,false,מיי וואיי אינטנס אדפ50מל,,FR,מיי וואיי אינטנס,מיליליטרים,50.00,"100 מ""ל",false,1,289.00,578.00,true,1,
3614273583923,false,מארז מתנה אבסולו 2021 יח,,FR,מארז מתנה אבסולו,יחידה,1.00,יחידה,false,1,49.90,49.90,true,1,
3614273604840,false,ארמני קוד פרפום אדפמל,לנקום בישום,FR,ארמני קוד לה פרפ,מיליליטרים,15.00,"100 מ""ל",false,1,49.00,326.67,true,1,
3614273609982,false,מארז Y א.ד.פ לגבר יח',,FR,מארז Y א.ד.פ לגב,יחידה,1.00,יחידה,false,1,429.00,429.00,true,1,
3614273710008,false,מארז לה ויה בל יח',,FR,מארז לה ויה בל,יחידה,1.00,יחידה,false,1,359.00,359.00,true,1,
3614273734561,false,"דיזל די 5 א.ד.ט 10 מ""ל",דיזל,FR,דיזל די 5 א.ד.ט,מיליליטרים,10.00,"100 מ""ל",false,1,49.00,490.00,true,1,
3616303173098,false,הוגו בוס בוטלד פרפיום100,קוטי HFC,DE,הוגו בוס בוטלד,מיליליטרים,100.00,"100 מ""ל",false,1,319.00,319.00,true,1,
3661163990545,false,"אדידס דאודורנט ספריי לגברים אקשיין 200 מ""ל",מיוצר עי קונדיטוריית,PT,דאודורנט אדידס,מיליליטרים,200.00,"100 מ""ל",false,0,14.90,7.45,true,1,
3661163991146,false,"אדידס - דאודורנט ספריי לאישה קול אנד קר פרש 150 מ""ל",מיוצר עי קונדיטוריית,PT,דאודורנט אדידס,מיליליטרים,150.00,"100 מ""ל",false,0,14.90,9.93,true,1,
3661163991580,false,"אדידס - דאודורנט ספריי לאישה קול אנד קר 6 ב-1 150 מ""ל",מיוצר עי קונדיטוריית,PT,דאודורנט אדידס,מיליליטרים,150.00,"100 מ""ל",false,0,14.90,9.93,true,1,
3838824127149,false,צבע לשיער פלטה - 1-1 שחור כחול,שוורצקופף והנקל,SI,צבע לשיער פלטה,יחידה,1.00,יחידה,false,0,29.90,29.90,true,1,
3838824127200,false,פלטה סמי קיט 5-68 ערמונים בינוני,שוורצקופף והנקל,SI,צבע לשיער פלטה,יחידה,1.00,יחידה,false,0,29.90,29.90,true,1,
3838824127248,false,פלטה סמי קיט חום בהיר 5-0 צבע שיער,שוורצקופף והנקל,SI,צבעי שיער פלטה,יחידה,1.00,יחידה,false,0,29.90,29.90,true,1,
3838824127262,false,פלטה סמי קיט בלונד כהה 6-0 צבע שיער,שוורצקופף והנקל,SI,צבע לשיער פלטה,יחידה,1.00,יחידה,false,0,29.90,29.90,true,1,
3838824127583,false,צבע לשיער פלטה - 6-88 אדום בוער,שוורצקופף והנקל,SI,צבע לשיער פלטה,יחידה,1.00,יחידה,false,0,29.90,29.90,true,1,
3838824129020,false,פאלטה - דלוקס שמני הזנה שחור 1-0,שוורצקוף Schwarzkopf,DE,צבע לשיער פלטה,יחידה,1.00,יחידה,false,0,28.90,28.90,true,1,
3838824193915,false,צבע לשיער פאלטה סמי קיט שחור 0-1,שוורצקופף והנקל,SI,צבע סמי קיט פלטה,יחידה,1.00,יחידה,false,0,29.90,29.90,true,1,
3838824193939,false,פאלטה - דלוקס שמני הזנה סגול אצילי 4-99,שוורצקוף Schwarzkopf,DE,צבע לשיער פלטה,יחידה,1.00,יחידה,false,0,28.90,28.90,true,1,
3838824380940,false,צבעי שיער בלונד בהיר אפרפר 8-1 סמי קיט פאלט,שוורצקופף והנקל,DE,צבע לשיער פלטה,יחידה,1.00,יחידה,false,1,29.90,29.90,true,1,
3838824381022,false,צבעי שיער חום שוקולד כהה 3-65 סמי קיט פאלטה,שוורצקופף והנקל,DE,צבע לשיער פלטה,יחידה,1.00,יחידה,false,1,29.90,29.90,true,1,
4005808222698,false,ניוואה לגבר- קצף גילוח לבעלי עור רגיש,ביירסדורץ,DE,קצף גילוח ניוואה,מיליליטרים,200.00,"100 מ""ל",false,0,15.90,7.95,true,1,
4005808366392,false,שפתון ליובש כחול קלאסי לבלו 48 גרם,טרופיקל דגיל תעשיות,IL,שפתון לבלו כחול,יחידה,1.00,יחידה,false,1,10.00,10.00,true,1,
4005808650002,false,שפתון לבלו כחול,ביירסדורץ,IL,שפתון לבלו,יחידה,1.00,יחידה,false,0,10.00,10.00,true,1,
4005808650200,false,לבלו שפתון סופט ורוד בודד 4.8גר,אלפא,,שפתון לבלו,יחידה,1.00,יחידה,false,0,10.00,10.00,true,1,
4005808650729,false,לבלו שפתון תות שדה,ביירסדורף,,לבלו תות שדה,יחידה,1.00,יחידה,false,0,10.00,10.00,true,1,
4005808702107,false,ניוואה תחליב גוף לעור יבש מאד 500 מל,בטר אנד דיפרנט,DE,ניוואה תחליב גוף,מיליליטרים,500.00,"100 מ""ל",false,1,29.90,5.98,true,1,
4005808812028,false,ניוואה קרם יום לעור רגיל,ביירסדורץ,DE,אסנשיאל קרם יום,מיליליטרים,50.00,"100 מ""ל",false,0,58.00,116.00,true,1,
4005808813063,false,תחליב לחות לעור רגיש לאחר גילוח,בטר אנד דיפרנט,DE,ניוואה אפטר שייב,מיליליטרים,100.00,"100 מ""ל",false,0,39.90,39.90,true,1,
4005808817405,false,"ג'ל גילוח לעור רגיש ניוואה 200 מ""ל",פרוטרופיק סיה.,PL,ג'ל גילוח ניוואה,מיליליטרים,200.00,"100 מ""ל",false,0,26.90,13.45,true,1,
4005808817603,false,ג'ל גילוח עם אלוורה Protect & Care,ניוואה Nivea,DE,ג'ל גילוח ניוואה,מיליליטרים,200.00,"100 מ""ל",false,0,26.90,13.45,true,1,
4005808828838,false,"ניוואה - דאודורנט ספריי לגבר קול קיק 150 מ""ל",ניוואה Nivea,DE,דאודורנט אקווה,מיליליטרים,150.00,"100 מ""ל",false,0,19.90,13.27,true,1,
4005808850723,false,לבלו שפתון תות בליסטר,טרופיקל דגיל תעשיות,DE,שפתון לבלו,יחידה,1.00,יחידה,false,0,10.00,10.00,true,1,
4005808851515,false,שפתון לבלו גבר בליסט,אלפא,DE,לבלו גבר בליסטר,יחידה,1.00,יחידה,false,0,10.00,10.00,true,1,
4005808890507,false,קרם ניוואה סופט צנצנת 200 מל,ניוואה Nivea,ES,קרם ניוואה סופט,מיליליטרים,200.00,"100 מ""ל",false,0,24.90,12.45,true,1,
4005808890576,false,"קרם ידיים סופט ניוואה 75 מ""ל",ניוואה Nivea,ES,קרם ידיים ניוואה,מיליליטרים,75.00,"100 מ""ל",false,0,11.90,15.86,true,1,
4005900036483,false,"ניוואה - דאודורנט ספריי לגבר שקוף בלק וווי 150 מ""ל",בטר אנד דיפרנט,DE,דאודורנט ניוואה,מיליליטרים,150.00,"100 מ""ל",false,0,19.90,13.27,true,1,
4005900036506,false,"ניוואה - דאודורנט רול און לגבר שקוף בלק 50 מ""ל",טרופיקל דגיל תעשיות,DE,דאודורנט ניוואה,מיליליטרים,50.00,"100 מ""ל",false,0,19.90,39.80,true,1,
4005900036568,false,ניוואה דאודורנט רולאון ספריי לאישה בלק אנד וויט 150 מ''ל,ביירסדורף AG,DE,דאודורנט ניוואה,מיליליטרים,150.00,"100 מ""ל",false,0,19.90,13.27,true,1,
4005900037909,false,"ניוואה - דאודורנט ספריי לאישה אינויזיבל פיור 150 מ""ל",ביירסדורץ,DE,דאודורנט ניוואה,מיליליטרים,150.00,"100 מ""ל",false,0,19.90,13.27,true,1,
4005900111449,false,"ניוואה קרם רב שימושי לגבר 150 מ""ל",HELLAS BEIERSDORF,DE,"קרם רב""ש לגבר",מיליליטרים,150.00,"100 מ""ל",false,1,21.90,14.60,true,1,
4005900416391,false,ניוואה Q10 קרם יום אנרגי מועשר בויטמין C,ניוואה ויסאז',DE,קרם יום אנרג'י,מיליליטרים,50.00,"100 מ""ל",false,0,110.00,220.00,true,1,
4005900431776,false,לבלו שפתון וניל בליסטר,ביירסדורף,DE,לבלו ונ,יחידה,1.00,יחידה,false,0,10.00,10.00,true,1,
4005900485243,false,"ניוואה - דאודורנט רול און לגבר דריי פרש 50 מ""ל",ביירסדורף,DE,דאודורנט ניוואה,מיליליטרים,50.00,"100 מ""ל",false,1,19.90,39.80,true,1,
4005900513045,false,"ניוואה - דאודורנט ספריי לגבר דיפ 150 מ""ל",ביירסדורף,DE,ניוואה דאו ספריי,מיליליטרים,150.00,"100 מ""ל",false,1,19.90,13.27,true,1,
4005900513069,false,"ניוואה - דאודורנט רול און לגבר דיפ 50 מ""ל",ביירסדורף,DE,ניוואה רול און ל,מיליליטרים,50.00,"100 מ""ל",false,1,19.90,39.80,true,1,
4005900545688,false,ניוואה Q10 קרם יום המסייע למניעת מראה סי,אלפא,DE,קרם יום,מיליליטרים,50.00,"100 מ""ל",false,1,110.00,220.00,true,1,
4005900551412,false,לבלו שפתון לחות SPF30 להגנה מפני השמש,beiersdorf,DE,לבלו שפתון לחות,יחידה,1.00,יחידה,false,1,10.00,10.00,true,1,
4005900555915,false,"ניוואה - תחליב רחצה קוקוס וחוחובה 750 מ""ל",ביירסדורף AG,DE,תחליב רחצה,מיליליטרים,750.00,"100 מ""ל",false,1,20.90,2.79,false,1,
4005900623553,false,ניוואה מסיכת בד לפנים אורבן סקין למראה ע,אלפא,DE,מסכת בד לעור זוה,יחידה,1.00,יחידה,false,1,11.90,11.90,true,1,
4005900683878,false,לבלו סקראב שפתון פילינג אלוורה בליסטר,ביירסדורף,DE,לבלו סקראב אלורה,יחידה,1.00,יחידה,false,1,10.00,10.00,true,1,
4005900683908,false,לבלו סקראב שפתון פילינג רוז היפ בליסטר,ביירסדורף,DE,לבלו סקראב סופר,יחידה,1.00,יחידה,false,1,10.00,10.00,true,1,
4005900816016,false,"ניוואה - דאודורנט ספריי לאישה פרש טבעי לאישה 150 מ""ל",טרופיקל דגיל תעשיות,DE,דאודורנט ניוואה,מיליליטרים,150.00,"100 מ""ל",false,0,19.90,13.27,true,1,
4005900828088,false,"ניוואה - דאודורנט רול און לגבר פרש 50 מ""ל",טרופיקל דגיל תעשיות,DE,דאודורנט ניוואה,מיליליטרים,50.00,"100 מ""ל",false,0,19.90,39.80,true,1,
4005900839671,false,ניוואה וונדרבר פילינג עם חימר קאולין ותמ,אלפא,DE,וונדרבר פילינג ל,גרמים,75.00,100 גרם,false,1,29.90,39.87,true,1,
4005900978950,false,לבלו - דובדבן שפתון לחות מטפח מהדורת נסיכות דיסני,ביירסדורף,DE,לבלו אריאל,יחידה,1.00,יחידה,false,1,10.00,10.00,true,1,
4005900978967,false,לבלו - וניל שפתון לחות מטפח מהדורת נסיכות דיסני,ביירסדורף,DE,לבלו אלזה,יחידה,1.00,יחידה,false,1,10.00,10.00,true,1,
4005900978974,false,לבלו - סופט רוז שפתון לחות מטפח מהדורת נסיכות דיסני,ביירסדורף,DE,לבלו סופט יסמין,יחידה,1.00,יחידה,false,1,10.00,10.00,true,1,
4008400170428,false,בונבוניירה פררו רושר לב 100 גרם,גוד פוד פרודקטס S.p,PL,בונבוניירה רושה,גרמים,100.00,100 גרם,false,1,14.90,14.90,true,1,
4008600284918,false,נוק זוג מוצץ סיליקון דיסני מיקי 0-6 שחור,פרומדיקו,DE,מוצצי דיסני בנים,יחידה,1.00,יחידה,false,0,39.90,39.90,true,1,
4009900402965,false,אורביט וויט בטעם פירות בקבוקון 46מלבניות,ריגלי פולין,PL,אורביט בקבוקון,גרמים,64.00,100 גרם,false,0,8.90,13.90,true,1,
4009900479998,false,אורביט וויט אוכמניות בקבוקון 46 מלבניות,ריגלי פולין,PL,אורביט בקבוקון,גרמים,64.00,100 גרם,false,0,8.90,13.90,true,1,
4009900482417,false,מסטיק אורביט פירות מנטה בקבוקון באבל מינט 45יח,ריגלי פולין,PL,אורביט באבל מינט,גרמים,64.00,100 גרם,false,0,8.90,13.90,true,1,
4009900484060,false,מסטיק אורביט פרופשיונל בטעם מנטה ללא סוכר,ריגלי פולין,PL,אורביט בקבוק,גרמים,84.00,100 גרם,false,0,10.90,12.98,true,1,
4009900509770,false,אורביט באריזת בקבוק בטעם תות 60 יח',אורביט Orbit,GB,אורביט בקבוק,גרמים,84.00,100 גרם,false,1,10.90,12.98,true,1,
4009900531122,false,"מסטיק בטעם מנטה ספירמינט, 64 ג' פרופשיונל אורפיט",מרס נדרלנד,PL,אורביט ספירמינט,גרמים,64.00,100 גרם,false,1,8.90,13.90,true,1,
4009900534581,false,איירוויבס בקבוקון דובדבן ומנטה 46 מלבני,Unknown,IL,מסטיק איירוויבז,גרמים,64.00,100 גרם,false,1,8.90,13.90,true,1,
4009900534611,false,מסטיק איירוויבז בקבוקון בטעם מלון ומנטה,ריגלי,IL,מסטיק אייוויבז,גרמים,64.00,100 גרם,false,1,8.90,13.90,true,1,
4009900536288,false,מסטיק אורביט רפרשרס פפרמינט בקבוקון ללא סוכר 67 גר',מרס ריגלי קונפקשונרי,PL,אורביט רפרשרס,גרמים,67.00,100 גרם,false,1,13.00,19.40,true,1,
4012273123009,false,נטרוגינה קרם ידיים 50 מל הסדרה הנורבגית,גונסון אנד גונסון,FR,קרם ידיים,מיליליטרים,50.00,"100 מ""ל",false,0,28.90,57.80,true,1,
4014400901191,false,בונבונריית מרסי מבחר ממתקי שוקולד 250 גרם,ליימן מותגים,DE,בונבוניירת מרסי,גרמים,250.00,100 גרם,false,0,24.90,9.96,true,1,
4014400907902,false,"וורטרס אורגינל סוכריות חמאה ללא סוכר בקופסה
42 גרם",תות ממתקי איכות,DE,סוכריות וורטר,גרמים,42.00,100 גרם,false,0,7.90,18.81,true,1,
4014400923711,false,בונבוניירה שוקולד אגוזים טופיפי 125 גרם,ליימן מותגים,DE,טופיפי,גרמים,125.00,100 גרם,false,1,15.90,12.72,true,1,
4015000280211,false,"פה - דאודורנט רול און לאישה קאריביין לימון 50 מ""ל",שוורצקופף והנקל,DE,דאודורנט FA,מיליליטרים,50.00,"100 מ""ל",false,0,14.90,29.80,true,1,
4015000615884,false,"פה - דאודורנט ספריי לאישה קריביין לימון 200 מ""ל",שוורצקופף והנקל,DE,דאודורנט FA,מיליליטרים,200.00,"100 מ""ל",false,0,14.90,7.45,true,1,
4015000615891,false,"פה - דאודורנט ספריי לאישה אקווה 200 מ""ל",שוורצקופף והנקל,DE,דאודורנט FA,מיליליטרים,200.00,"100 מ""ל",false,0,14.90,7.45,true,1,
4015000940955,false,שמפו גליס Gliss שיקום נזק קיצוני אולטימט ריפייר,שוורצקופף והנקל,DE,שמפו גליס,מיליליטרים,400.00,"100 מ""ל",false,0,17.90,4.48,true,1,
4015100325294,false,פלטה דלוקס קיט 4-65 חום מהפנט,שוורצקופף & הנקל דיסלדור,DE,צבע שיער פלטה,יחידה,1.00,יחידה,false,1,28.90,28.90,true,1,
4015400219507,false,טמפקס קומפאק נורמל 16 יח',פרוקטר & גמבל,HU,טמפקס קומפק נורמ,יחידה,1.00,יחידה,false,1,22.90,22.90,true,1,
4015400219712,false,טמפקס קומפאק סופר 16 יח',P&G,HU,טמפקס קומפק סופר,יחידה,1.00,יחידה,false,1,22.90,22.90,true,1,
4015400362920,false,טמפונים עם מוליך Tambax,פרוקטר אנד גמבל,HU,טמפקס רגולר 20 י,יחידה,1.00,יחידה,false,0,23.90,23.90,true,1,
4015400690313,false,טמפונים פרל רגולר טמפקס קומפאק 18 יח,פרוקטר אנד גמבל,HU,טמפקס,יחידה,1.00,יחידה,false,1,23.90,23.90,true,1,
4015400690405,false,טמפונים פרל סופר טמפקס קומפאק 18 יח,פרוקטר אנד גמבל,HU,טמפקס,יחידה,1.00,יחידה,false,1,23.90,23.90,true,1,
4015400715320,false,טמפקס טמפונים קומפאק רגולר 22יח',פרוקטר & גמבל,HU,טמפקס קומפאק,יחידה,1.00,יחידה,false,1,25.90,25.90,true,1,
4015400824725,false,טמפונים סופר עם מוליך טמפקס 30 יחידות,פרוקטר אנד גמבל,HU,טמפקס פלאש סופר,יחידה,1.00,יחידה,false,0,29.90,29.90,true,1,
4015400990482,false,"אבקת כביסה אריאל קולור 3 ק""ג",פרוקטר אנד גמבל,TR,אבקת אריאל קולור,קילוגרמים,3.00,"ק""ג",false,1,37.90,12.63,true,1,
4015600763251,false,שמפו הד&שולדרס קלאסי600מ,פרוקטר אנד גמבל,RO,שמפו הד&שולדרס,מיליליטרים,600.00,"100 מ""ל",false,0,25.90,4.32,true,1,
4015600763459,false,שמפו הד&שולדרס תפוח600מל,פרוקטר אנד גמבל,RO,שמפו הד&שולדרס,מיליליטרים,600.00,"100 מ""ל",false,0,25.90,4.32,true,1,
4045787068221,false,"צבע לשיער אינדולה פרוטאין 1 שחור 60 מ""ל",שוורצקופף והנקל,DE,פרוטאין קולור,יחידה,1.00,יחידה,false,0,23.90,23.90,true,1,
4045787068283,false,"אינדולה - פרוטאין צבע 1-1 שחור כחול 60 מ""ל",אינדולה Indola,DE,פרוטאין קולור,יחידה,1.00,יחידה,false,0,23.90,23.90,true,1,
4045787068290,false,"אינדולה - פרוטאין צבע 3 חום שחור 60 מ""ל",שוורצקופף והנקל,DE,פרוטאין קולור,יחידה,1.00,יחידה,false,0,23.90,23.90,true,1,
4045787068320,false,"צבע לשיער אינדולה פרוטאין 5 חום 60 מ""ל",שוורצקופף והנקל,DE,פרוטאין קולור,יחידה,1.00,יחידה,false,0,23.90,23.90,true,1,
4045787068375,false,"אינדולה - פרוטאין צבע 6 בלונד כהה 60 מ""ל",שוורצקופף והנקל,DE,פרוטאין קולור,יחידה,1.00,יחידה,false,0,23.90,23.90,true,1,
4045787068467,false,"אינדולה - פרוטאין צבע 7 בלונד בינוני 60 מ""ל",שוורצקופף והנקל,DE,פרוטאין קולור,יחידה,1.00,יחידה,false,0,23.90,23.90,true,1,
4045787068498,false,"אינדולה - פרוטאין צבע 7-3 דבש 60 מ""ל",שוורצקופף והנקל,DE,פרוטאין קולור,יחידה,1.00,יחידה,false,0,23.90,23.90,true,1,
4045787068566,false,"אינדולה - פרוטאין צבע 8-3 בלונד שמש 60 מ""ל",אינדולה Indola,DE,פרוטאין קולור,יחידה,1.00,יחידה,false,0,23.90,23.90,true,1,
4045787068610,false,"אינדולה - פרוטאין צבע 9 בלונד טבעי 60 מ""ל",שוורצקופף והנקל,DE,פרוטאין קולור,יחידה,1.00,יחידה,false,0,23.90,23.90,true,1,
4045787068634,false,"אינדולה - פרוטאין צבע 9-3 בלונד חיטה 60 מ""ל",הנקל סוד,DE,פרוטאין קולור,מיליליטרים,60.00,"100 מ""ל",false,0,23.90,39.83,true,1,
4053700288205,false,"ויט קרם להסרת שיער לעור רגיש 100 מ""ל",רקיט בנקיזר צרפת,FR,קרם להסרת שיער,מיליליטרים,100.00,"100 מ""ל",false,0,39.90,39.90,true,1,
4056800600380,false,צבע לשיער קולסטון - 8/3 בלונד קוניאק,HFC פרסטיג',DE,קולסטון שפופרת,יחידה,1.00,יחידה,false,0,25.90,25.90,true,1,
4056800693061,false,וולהפלקס ג'ל חזק במיוחד 150 מל,פרוקטר אנד גמבל,FR,וולהפלקס ג'ל,מיליליטרים,150.00,"100 מ""ל",false,0,14.90,9.93,true,1,
4056800777761,false,צבע לשיער קולסטון קיט 2/0 שחור,פרוקטר אנד גמבל,DE,קולסטון קיט,יחידה,1.00,יחידה,false,0,38.90,38.90,true,1,
4056800943791,false,קרם חמצן וולוקסון Welloxon 9%,פרוקטר אנד גמבל,FR,חמצן וולה9%,מיליליטרים,60.00,"100 מ""ל",false,0,5.90,9.83,true,1,
4059729028693,false,Cat. Blush Box 040,CATRICE,DE,סומק 40,יחידה,1.00,יחידה,false,0,16.00,16.00,true,1,
4059729032539,false,באלם לשפתיים עם פילינגי,,FR,באלם לשפתיים עם,יחידה,1.00,יחידה,false,1,17.00,17.00,true,1,
4059729032546,false,"סרום לשפתיים 2.5 מ""ל",,PL,סרום לשפתיים,יחידה,1.00,יחידה,false,0,20.00,20.00,true,1,
4059729034465,false,Cat. HD Liquid Coverage Foundation 046,,IL,מייק אפ HD 46,מיליליטרים,30.00,"100 מ""ל",false,1,29.00,96.67,true,1,
4059729049636,false,באלם קוקוס לשפתיים יח',,FR,באלם קוקוס לשפת,יחידה,1.00,יחידה,false,1,17.00,17.00,true,1,
4059729203274,false,Cat. Liquid Camouflage High Coverage Concealer 048,,FR,קונסילר נוזלי,יחידה,1.00,יחידה,false,1,15.00,15.00,true,1,
4059729220141,false,פריימר לשפתיים יח',,IL,פריימר לשפתיים,יחידה,1.00,יחידה,false,1,21.00,21.00,true,1,
4059729222916,false,Cat. Blush Box Glowing + Multicolour 010,,IL,פלטת סומק 010,יחידה,1.00,יחידה,false,1,17.00,17.00,true,1,
4059729244475,false,"סרום למראה גלואו 30 מ""ל",CATRICE,FR,סרום למראה גלואו,מיליליטרים,30.00,"100 מ""ל",false,1,25.00,83.33,true,1,
4059729248336,false,Catrice Hemp & Mint Glow Lip Balm,,IL,באלם לשפתיים,יחידה,1.00,יחידה,false,1,21.00,21.00,true,1,
4059729248428,false,שפתון מט פרו נוזלי 090 י,,FR,שפתון מט פרו נוז,יחידה,1.00,יחידה,false,1,21.00,21.00,true,1,
4059729250322,false,בוסטר אקסטרים לשפתיים יח,,IL,בוסטר אקסטרים לש,יחידה,1.00,יחידה,false,1,17.00,17.00,true,1,
4059729251343,false,לאבס פטה שפתון מאט 05 יח,,IT,לאבס פטה שפתון מ,יחידה,1.00,יחידה,false,1,21.00,21.00,true,1,
4059729274670,false,עיפרון גבות 015 יח',,IL,עיפרון גבות 015,יחידה,1.00,יחידה,false,1,11.00,11.00,true,1,
4059729276704,false,עיפרון תוחם שפתיים 050,,FR,עיפרון תוחם שפת,יחידה,1.00,יחידה,false,1,11.00,11.00,true,1,
4059729276742,false,עיפרון תוחם שפתיים 090,,FR,עיפרון תוחם שפת,יחידה,1.00,יחידה,false,1,11.00,11.00,true,1,
4059729277084,false,Catrice True Skin High Cover Concealer 010,,IT,קונסילר ל18-שעות,יחידה,1.00,יחידה,false,0,17.00,17.00,true,1,
4059729281005,false,Cat. Go Big. Go Bold. 24h Waterproof Extreme Volume Mascara,,FR,גו ביג גו בולד מ,יחידה,1.00,יחידה,false,1,20.00,20.00,true,1,
4059729312259,false,Catrice Brow Fix Soap Stylist 010,,CN,סבון לגבות,יחידה,1.00,יחידה,false,0,17.00,17.00,true,1,
4059729312624,false,שפתון +חומצה היאלרונית,,IT,שפתון עם חומצה,יחידה,1.00,יחידה,false,0,15.00,15.00,true,1,
4059729312686,false,Catrice Quick Dry Top Coat,,LU,לק טופ,יחידה,1.00,יחידה,false,0,10.00,10.00,true,1,
4059729313768,false,Catrice Volumizing Extreme Lip Booster 020,,PL,גלוס מנצנץ,יחידה,1.00,יחידה,false,0,17.00,17.00,true,1,
4059729329349,false,Catrice 20H Ultra Gel Eye Pencil WP 030,,DE,עיפרון לעיניים,יחידה,1.00,יחידה,false,0,10.00,10.00,true,1,
4059729332912,false,Catrice All Matt Shine Powd. 200,,IT,פודרה,יחידה,1.00,יחידה,false,0,15.00,15.00,true,1,
4059729343314,false,קטריס מסכה לשפתיים יח',,PL,קטריס מסכה לשפתי,יחידה,1.00,יחידה,false,1,17.00,17.00,true,1,
4059729355553,false,שפתון עם חומצה היאלרונית,CATRICE,PL,שפתון עם חומצה ה,יחידה,1.00,יחידה,false,1,21.00,21.00,true,1,
4059729355836,false,Catrice - Superfr. + Protection Serum,CATRICE,FR,סרום לפנים,מיליליטרים,30.00,"100 מ""ל",false,1,25.00,83.33,true,1,
4059729355904,false,הייליטר למראה זוהר יח',CATRICE,PL,הייליטר למראה זו,יחידה,1.00,יחידה,false,1,21.00,21.00,true,1,
4059729356017,false,Catrice - Hydro Supercharged Serum,CATRICE,FR,סרום לפנים,מיליליטרים,30.00,"100 מ""ל",false,1,25.00,83.33,true,1,
4059729357823,false,Catrice - Super Glue Brow Styling Gel 010,CATRICE,CN,ג'ל לגבות 010,יחידה,1.00,יחידה,false,1,18.00,18.00,true,1,
4059729357861,false,Catrice - Hydrator Plump&Fresh Primer,CATRICE,IT,פריימר לפנים,מיליליטרים,30.00,"100 מ""ל",false,1,21.00,70.00,true,1,
4059729357939,false,Catrice - Matt. Oil-Control Primer,CATRICE,IT,פריימר לפנים,מיליליטרים,30.00,"100 מ""ל",false,1,21.00,70.00,true,1,
4059729358073,false,"ספריי לקיבוע האיפור50מ""ל",CATRICE,PL,ספריי לקיבוע האי,מיליליטרים,50.00,"100 מ""ל",false,1,21.00,42.00,true,1,
4064666232379,false,וולהפלקס ספריי לעיצוב אקסטרה גמיש 250 מל,THEORAT INTERSPRAY,FR,וולהפלקס ספריי א,מיליליטרים,250.00,"100 מ""ל",false,1,38.90,15.56,true,1,
4084500065536,false,פנטן קרם לחות מוגברת לעיצוב שיער 300 מל,פרוקטר אנד גמבל,FR,קרם לשיער פנטן,מיליליטרים,300.00,"100 מ""ל",false,0,23.90,7.97,true,1,
4084500065598,false,"קרם לחות פנטן לתלתלים מושלמים 300 מ""ל",פרוקטר אנד גמבל,FR,קרם לשיער פנטן,מיליליטרים,300.00,"100 מ""ל",false,0,23.90,7.97,true,1,
4084500739253,false,"משחת שיניים אורל בי 3D white לובן מהודר 75 מ""ל",פרוקטר אנד גמבל,DE,משחת אורל בי,מיליליטרים,75.00,"100 מ""ל",false,1,29.90,39.87,true,1,
4210201078128,false,מברשת שיניים חשמלית נטענת 800 סנסיטיבD16,דיפלומט,DE,אורל בי נטענת,יחידה,1.00,יחידה,false,0,229.00,229.00,true,1,
4210201176688,false,אורל בי ראש חשמלי סנסיטיב 4 יחידות,פרוקטר אנד גמבל,DE,ראש חשמלי 4 יח,יחידה,1.00,יחידה,false,1,89.90,89.90,true,1,
4210201262183,false,אורל בי מברשת שיניים חשמלית נטענת ויטאליטי,פרוקטר אנד גמבל,DE,מברשת נטענת,יחידה,1.00,יחידה,false,1,89.90,89.90,true,1,
4210201320111,false,אורל בי מברשת חשמלית נטענת לילדים-ספיידר,"מיוצר עבור בראון, גרמניה",DE,מברשת שיניים נטע,יחידה,1.00,יחידה,false,1,89.90,89.90,true,1,
4210201385233,false,אורל בי ראש חשמלי לילדים פרוזן 4 יחידות,דיפלומט,DE,ראש חשמלי 4 יח,יחידה,1.00,יחידה,false,1,89.90,89.90,true,1,
4210201388470,false,אורל בי ראש חשמלי לילדים ספיידרמן 4 יחיד,פרוקטר אנד גמבל,DE,ראש חשמלי 4 יח,יחידה,1.00,יחידה,false,1,89.90,89.90,true,1,
4250035288188,false,עפרון קז'אל 40,CATRICE,DE,עפרון קז'אל 40,יחידה,1.00,יחידה,false,0,9.00,9.00,true,1,
4250338446513,false,Cat. Sharpener,CATRICE,DE,מחדד,יחידה,1.00,יחידה,false,0,9.00,9.00,true,1,
4250947563618,false,Cat. Liquid Camouflage High Coverage Concealer 005,CATRICE,DE,קונסילר נוזלי 0,יחידה,1.00,יחידה,false,0,15.00,15.00,true,1,
4250947598306,false,Cat. HD Liquid Coverage Foundation 030,CATRICE,DE,מייק אפ 30-HD,מיליליטרים,30.00,"100 מ""ל",false,0,29.00,96.67,true,1,
4250947598313,false,Cat. HD Liquid Coverage Foundation 040,CATRICE,DE,מייק אפ 40-HD,מיליליטרים,30.00,"100 מ""ל",false,0,29.00,96.67,true,1,
4251232217605,false,Cat. Inside Eye Khol Kajal,CATRICE,DE,עפרון לתיחום,יחידה,1.00,יחידה,false,0,13.00,13.00,true,1,
4251232227284,false,Cat. Slim'Matic Ultra Precise Brow Pencil Waterproof 030,CATRICE,DE,עיפרון גבות סלים,יחידה,1.00,יחידה,false,0,14.00,14.00,true,1,
4251232283631,false,Cat. Mattlover Lipstick Pen 070,,IL,שפתון מאט 070,יחידה,1.00,יחידה,false,1,21.00,21.00,true,1,
4251232284324,false,Cat. Liquid Camouflage High Coverage Concealer 015,CATRICE,DE,קונסילר נוזלי 15,יחידה,1.00,יחידה,false,0,15.00,15.00,true,1,
4710068001692,false,"מאסטר קפה לאטה פחית 240 מ""ל",תאיט מרקטינג אנד דיסטריב,TW,מאסטר קפה,מיליליטרים,240.00,"100 מ""ל",false,0,7.90,3.29,true,1,
4710068001739,false,"מאסטר קפה קולומביאני 250 מ""ל",יוני פרזינדנט אנטרפר,TW,מאסטר קפה,מיליליטרים,240.00,"100 מ""ל",false,0,7.90,3.29,true,1,
4800888150080,false,"דאב - דאודורנט רול און לאישה פרש טאצ' מלפפונים 50 מ""ל",יוניליוור פיליפינים,PH,דאודורנט דאב,מיליליטרים,50.00,"100 מ""ל",false,0,13.90,27.80,true,1,
4800888209429,false,רקסונה - דאודורנט סטיק לאישה כותנה נשים 50 גרם,יוניליוור,PH,דאודורנט רקסונה,גרמים,50.00,100 גרם,false,1,20.90,41.80,true,1,
4800888210197,false,דאודורנט סטיק לנשים בניחוח קוקוס ויסמין,יוניליוור פארם,PH,דאודורנט דאב,מיליליטרים,50.00,"100 מ""ל",false,1,19.90,39.80,true,1,
4800888214904,false,"דאב דאודורנט סטיק קקאו 50 מ""ל",יוניליוור פארם,PH,דאודורנט דאב,מיליליטרים,150.00,"100 מ""ל",false,1,19.90,13.27,true,1,
4800888219534,false,דאב - דאודורנט סטיק לאישה אנטי פרספירמט 50 גרם,יוניליוור פיליפינים,PH,דאו.דאב,מיליליטרים,50.00,"100 מ""ל",false,1,19.90,39.80,true,1,
4891228308032,false,שיק סכינים גילוח אינטואישן ידית + 5,ארץ ייצור סכינים: ארהבn\,US,שיק אינטואישן5+ס,יחידה,1.00,יחידה,false,1,79.90,79.90,true,1,
4891228308049,false,סכין גילוח שיק היידרו 5 סנס לגבר+7סכינים,ארץ ייצור סכינים: ארהבn\,US,הידרו מארז גילוח,יחידה,1.00,יחידה,false,1,79.90,79.90,true,1,
4891228430061,false,סכיני גילוח שיק אקזקטה 2 לנשים ורוד 10 יח',הנסיך- מפעל לייצור ט,CN,סכיני גילוח 10יח,יחידה,1.00,יחידה,false,0,24.90,24.90,true,1,
4891228430085,false,סכיני גילוח שיק אקסטרים קומפורט לגבר 3 להבים 4 יחידות,אנרג'יזר Energizer,CN,סכיני גילוח,יחידה,1.00,יחידה,false,0,19.90,19.90,true,1,
4891228430092,false,סכיני גילוח שיק אקסטרים קומפורט לנשים 3 להבים 4 יחידות,אנרג'יזר Energizer,CN,סכיני גילוח,יחידה,1.00,יחידה,false,0,19.90,19.90,true,1,
4902430742597,false,ORAL B ProHealth Criss Cross Bacterial Blast BUY 2 GET 1 (SOFT),פרוקטר & גמבל,IN,מברשות שיניים3*,יחידה,1.00,יחידה,false,1,24.90,24.90,true,1,
4987176078711,false,מכשיר מאך 3 5+ סכינים מא,פארמה דיל,CN,מאך 3 5+ סכינים,יחידה,1.00,יחידה,false,1,59.90,59.90,true,1,
4987176130037,false,אורל בי סנסטיב שחור שלישייה (EXTRA SOFT),פרוקטר & גמבל,IN,מברשות שיניים או,יחידה,1.00,יחידה,false,1,24.90,24.90,true,1,
5000159376655,false,סוכריות SKITTLES פירות קטן 38 גרם אדום,ריגלי ממתקים,CZ,סוכריות סקיטלס,גרמים,38.00,100 גרם,false,0,2.90,7.63,true,1,
5000159376792,false,סוכריות סקיטלס Skittles פירות חמוצים,ריגלי ממתקים,CZ,סוכריות סקיטלס,גרמים,38.00,100 גרם,false,0,2.90,7.63,true,1,
5010123703509,false,"ליסטרין 250 מ""לקולמי",ג'ונסון,IL,ליסטרין קולמינט,מיליליטרים,250.00,"100 מ""ל",false,1,9.90,3.96,true,1,
5010182997253,false,רייד תרסיס קוטל ג'וקים/תיקנים 300 מל,אס.סי.ג'ונסון מידרכט,NL,רייד מקס,מיליליטרים,300.00,"100 מ""ל",false,0,18.90,6.30,true,1,
5010415226303,false,טומי טיפי זוג בקבוקים 340 מל מאויר,הכי טבעי-הנסיך,CN,זוג בקבוקים340מל,יחידה,1.00,יחידה,false,1,69.90,69.90,true,1,
5010415330987,false,מסרק+מברשת רכה,,IL,מסרק+מברשת רכה,יחידה,1.00,יחידה,false,0,31.90,31.90,true,1,
5010415333575,false,טומי טיפי זוג מוצצים איורי חיות 0-6,הכי טבעי-הנסיך,CN,זוג מוצצים,יחידה,1.00,יחידה,false,0,39.90,39.90,true,1,
5010415471093,false,טומי טיפי כוס שתייה 6+ סגול אקספלורה,טומי טיפי,CN,כוס שתיה בנות,יחידה,1.00,יחידה,false,0,49.90,49.90,true,1,
5010724527481,false,שמפו יבש בניחוח קלאסי בטיסט 200 גר,צ'\רצ'\ אנד דיוויט,GB,בטיסט שמפו,מיליליטרים,200.00,"100 מ""ל",false,1,29.90,14.95,true,1,
5011408027990,false,ספרי עיצוב חזק מאוד לשיער Elnett,לוריאל Loreal,FR,אלנט ספריי לשיער,מיליליטרים,400.00,"100 מ""ל",false,0,54.90,13.73,true,1,
5011408040791,false,לוריאל - דרמו רויטליפט קלאסי לילה,"קרלסרו, גרמניה",DE,REVITALIFT קרם,מיליליטרים,50.00,"100 מ""ל",false,0,94.90,189.80,true,1,
5012251011327,false,TEA TREE BEAUTY FORMULASרצועות לניקוי והסרת שחורים מהאף 6 יחידות,,IL,רצועות ניקוי והס,יחידה,1.00,יחידה,false,1,17.90,17.90,true,1,
5012251012249,false,ביוטי פורמולה תרחיץ פנים פחם,,GB,תרחיץ פילינג לפנ,מיליליטרים,150.00,"100 מ""ל",false,1,14.90,9.93,true,1,
5012251012256,false,"BEAUTY FORMULASתרחיץ דטוקס לפנים בתוספת פחם פעיל 150מ""ל",,GB,תרחיץ דטוקס לפני,מיליליטרים,150.00,"100 מ""ל",false,1,14.90,9.93,true,1,
5012251012645,false,רצועות לאף להסרת ראשים שחורים,,GB,מדבקות להוצאת שח,יחידה,1.00,יחידה,false,1,15.90,15.90,true,1,
5012251012850,false,6 זוגות רטיות זהב הידרו ג'ל לעיניים מועשרות בתמציות קולגן ולבנדר BEAUTY FORMULAS,,IL,רטיות זהב הידרו,יחידה,1.00,יחידה,false,1,29.90,29.90,true,1,
5013692259729,false,"סט סופרמן בושם 75מ""ל+",,CN,"סט בושם 75 מ""ל",יחידה,1.00,יחידה,false,0,52.90,52.90,true,1,
5029053039725,false,ממחטות נייר קלינקס נטורל פרש קופסה 72 דף,קימברלי קלארק,IL,קלינקס נטורל פרש,יחידה,1.00,יחידה,false,1,11.90,11.90,true,1,
5029053510811,false,קוטקס - תחבושות אולטרה נורמל + כנפיים 30 יח',קימברלי קלארק,CZ,תחבושות קוטקס,יחידה,1.00,יחידה,false,0,20.90,20.90,true,1,
5029053510828,false,קוטקס - תחבושות אולטרה סופר + כנפיים 22 יח',קימברלי קלארק,CZ,תחבושות קוטקס,יחידה,1.00,יחידה,false,0,20.90,20.90,true,1,
5029053523446,false,קוטקס - תחבושות אולטרה נייט + כנפיים 20 יח',קימברלי קלארק,CZ,תחבושות נייט קוט,יחידה,1.00,יחידה,false,0,20.90,20.90,true,1,
5029053527574,false,האגיס תחתון ספיגה 4-7 בנים דריי נייטס 10 יחידות,חוגלה קימברלי,CZ,10 תחתוני ספיגה,יחידה,1.00,יחידה,false,0,39.90,39.90,true,1,
5029053527598,false,תחתוני ספיגה בנים לתופעת הרטבת לילה 8-15 האגיס,חוגלה קימברלי,CZ,תחתוני ספיגה האג,יחידה,1.00,יחידה,false,0,39.90,39.90,true,1,
5029053534589,false,קוטקס טמפוני מיני B נורמל 32 יחידות,קימברלי קלארק,CZ,טמפוני קוטקס,יחידה,1.00,יחידה,false,0,28.90,28.90,true,1,
5029053534596,false,קוטקס טמפוני נורמל ללא מוליך 32 יח,קימברלי קלארק,CZ,טמפוני קוטקס,יחידה,1.00,יחידה,false,0,28.90,28.90,true,1,
5029053535210,false,טמפון קוטקס עם מוליך מיני 16 יח,קימברלי קלארק,CZ,טמפוני קוטקס,יחידה,1.00,יחידה,false,0,19.90,19.90,true,1,
5029053535227,false,קוטקס טמפון עם מוליך נורמל 16 יחידות,קימברלי קלארק,CZ,טמפוני קוטקס,יחידה,1.00,יחידה,false,0,19.90,19.90,true,1,
5029053535234,false,טמפון קוטקס עם מוליך סופר 16 יח,חוגלה קימברלי,CZ,טמפוני קוטקס,יחידה,1.00,יחידה,false,0,19.90,19.90,true,1,
5029053574103,false,האגיס פול אפס תח.גמילה יום בנות 20 יחידו,KC צ'כיה,IL,האגיס גמילה בנות,יחידה,1.00,יחידה,false,1,53.90,53.90,true,1,
5029053574110,false,האגיס פול אפס תח.גמילה יום בנים 20 יחידו,חוגלה,IL,האגיס גמילה בנים,יחידה,1.00,יחידה,false,1,53.90,53.90,true,1,
5029053574141,false,האגיס פול אפס תח.גמילה לילה בנות 18 יחיד,חוגלה,IL,האגיס גמילה בנות,יחידה,1.00,יחידה,false,1,53.90,53.90,true,1,
5029053574158,false,האגיס פול אפס תח.גמילה לילה בנים 18 יחיד,KC צ'כיה,IL,האגיס גמילה בנים,יחידה,1.00,יחידה,false,1,53.90,53.90,true,1,
5029053576114,false,קלינקס גל ידיים היגייני 220 מל,חוגלה קימברלי,IT,ג'ל אלכוהול,מיליליטרים,220.00,"100 מ""ל",false,1,18.90,8.59,true,1,
5029053578309,false,קופסת ממחטות אולטרה סופט 48 דף קלינקס,קימברלי,IL,קלינקס אולטרה,יחידה,1.00,יחידה,false,1,7.90,7.90,true,1,
5029054220085,false,האגיס - מגבוני האגיס אקסטרה קר לא מבושם 56 יח' * 4,קימברלי קלארק,IL,מגבונים לרך נולד,יחידה,1.00,יחידה,false,1,34.90,34.90,true,1,
5050456522736,false,"נינו 1881 צ'רוטי - א.ד.ט 100 מ""ל צ'רוטי 1881",,FR,צ'רוטי 1881 אשה,מיליליטרים,100.00,"100 מ""ל",false,1,169.00,169.00,true,1,
5056357900925,false,סניקרס חטיף חלבון חמאת בוטנים 57 גרם,פארם אקספרס,US,חטיף חלבון סניקר,גרמים,57.00,100 גרם,false,1,17.90,31.40,true,1,
5060022302280,false,מיסט שיזוף עצמי פנים80מל,ST.TROPEZ,GB,מיסט שיזוף עצמי,מיליליטרים,80.00,"100 מ""ל",false,1,115.00,143.75,true,1,
5060103310678,false,"איריס מולקולה100 מ""ל",,FR,איריס אדט יוני,מיליליטרים,100.00,"100 מ""ל",false,0,399.00,399.00,true,1,
5060221201810,false,גרנייד בטעם שוקולד לבן עוגיות,LTD (UK) GRENADE,NL,גרנייד בטעם שוקו,גרמים,60.00,100 גרם,false,1,17.90,29.83,true,1,
5060221203753,false,חטיף חלבון גרנייד בטעם חמאת בוטנים,LTD (UK) GRENADE,GB,חטיף חלבון גרניי,גרמים,60.00,100 גרם,false,1,17.90,29.83,true,1,
5060221203937,false,גרנייד בטעם שוקוצ'יפס בצק עוגיות,LTD (UK) GRENADE,NL,גרנייד בטעם שוקו,גרמים,60.00,100 גרם,false,1,17.90,29.83,true,1,
5060221206860,false,חטיף חלבון בטעם קרמל מלוח ושוקולד 60 ג' Grenade,LTD (UK) GRENADE,GB,חטיף חלבון גרניי,גרמים,60.00,100 גרם,false,1,17.90,29.83,true,1,
5060402908248,false,סניקרס חטיף חלבון 55 גרם,פארם אקספרס,US,חטיף חלבון סניקר,גרמים,55.00,100 גרם,false,1,17.90,32.55,true,1,
5060402909542,false,מארס חטיף חלבון קרמל מלוח 59 גרם,פארם אקספרס,US,חטיף חלבון מארס,גרמים,59.00,100 גרם,false,1,17.90,30.34,true,1,
5060424705535,false,WARRIOR -חטיף חלבון בטעם שוקולד מריר ובוטנים,"KBF תעשיות בע""מ UK",GB,חטיף חלבון קראנץ,גרמים,64.00,100 גרם,false,1,14.90,23.28,true,1,
5060426150005,false,שרה ג'סיקה פרקר לאבלי 100,,US,בושם לאבלי,מיליליטרים,100.00,"100 מ""ל",false,1,99.00,99.00,true,1,
5060756342781,false,WARRIOR-חטיף חלבון בטעם קרם עוגיות,"KBF תעשיות בע""מ UK",GB,חטיף חלבון קראנץ,גרמים,64.00,100 גרם,false,1,14.90,23.28,true,1,
5201178801054,false,"קרם רב שימושי ניוואה 250 מ""ל",טרופיקל דגיל תעשיות,DE,ניוואה קרם לחות,מיליליטרים,250.00,"100 מ""ל",false,0,24.90,9.96,true,1,
5201263001536,false,מגן תחתון EVERY DAY אקסטרה לונג 24 יח',,GR,מגני תחתון XL,יחידה,1.00,יחידה,false,1,12.90,12.90,true,1,
5201263006340,false,תחבושת EVERY DAY נורמל 18 יח',,GR,תחבושות נורמל,יחידה,1.00,יחידה,false,1,12.90,12.90,true,1,
5201263006364,false,תחבושת EVERY DAY מקסי נייט 18 יח',,GR,תחבושות מקסי,יחידה,1.00,יחידה,false,1,12.90,12.90,true,1,
5201263011474,false,מגן תחתון EVERY DAY לארג' 30 יח',,GR,מגני תחתון לארג',יחידה,1.00,יחידה,false,1,12.90,12.90,true,1,
5201263011801,false,מגן תחתון EVERY DAY נורמל 20 יח',,GR,מגני תחתון נורמל,יחידה,1.00,יחידה,false,1,12.90,12.90,true,1,
5202300042970,false,צבע לשיער קולסטון - 4/6 חציל אינטנסיבי,HFC פרסטיג',DE,קולסטון שפופרת,יחידה,1.00,יחידה,false,0,25.90,25.90,true,1,
5202300043014,false,צבע לשיער קולסטון - 6/7 חום שוקולד,פרוקטר אנד גמבל,DE,קולסטון שפופרת,יחידה,1.00,יחידה,false,0,25.90,25.90,true,1,
5202300043052,false,צבע לשיער קולסטון - 7/75 אגוז בהיר,פרוקטר אנד גמבל,DE,קולסטון שפופרת,יחידה,1.00,יחידה,false,0,25.90,25.90,true,1,
5202300043069,false,צבע לשיער קולסטון - 2/8 שחור כחול,פרוקטר אנד גמבל,DE,קולסטון שפופרת,יחידה,1.00,יחידה,false,0,25.90,25.90,true,1,
5202300043168,false,צבע לשיער קולסטון - 7/0 בלונד בינוני,פרוקטר אנד גמבל,DE,קולסטון,יחידה,1.00,יחידה,false,0,25.90,25.90,true,1,
5202300043175,false,צבע לשיער קולסטון - 6/0 בלונד כהה,פרוקטר אנד גמבל,DE,קולסטון שפופרת,יחידה,1.00,יחידה,false,0,25.90,25.90,true,1,
5202300043182,false,צבע לשיער קולסטון - 5/0 חום בהיר,פרוקטר אנד גמבל,DE,קולסטון שפופרת,יחידה,1.00,יחידה,false,0,25.90,25.90,true,1,
5202300043205,false,צבע לשיער קולסטון - 3/0 חום כהה,פרוקטר אנד גמבל,DE,קולסטון חום כהה,יחידה,1.00,יחידה,false,0,25.90,25.90,true,1,
5202300043212,false,צבע לשיער קולסטון - 2/0 שחור,פרוקטר אנד גמבל,DE,קולסטון שפופרת,יחידה,1.00,יחידה,false,0,25.90,25.90,true,1,
5202300043274,false,צבע לשיער קולסטון- 8/1 בלונד אפרפר בהיר,פרוקטר אנד גמבל,DE,קולסטון שפופרת,יחידה,1.00,יחידה,false,0,25.90,25.90,true,1,
5202300043670,false,צבע לשיער קולסטון - 5/7 חום קפה,פרוקטר אנד גמבל,DE,קולסטון שפורפרת,יחידה,1.00,יחידה,false,0,25.90,25.90,true,1,
5391523057929,false,סימילאק גולד שלב 1 תרכובת מזון על בסיס חלב,אבוט מעבדות רפואיות,IE,סימילאק גולד,גרמים,700.00,100 גרם,false,1,69.90,9.99,true,1,
5391523057936,false,סימילאק גולד שלב 2 תרכובת מזון על בסיס חלב,אבוט מעבדות רפואיות,IE,סימילאק גולד,גרמים,700.00,100 גרם,false,1,69.90,9.99,true,1,
5391523057943,false,סימילאק גולד שלב 3 תרכובת מזון על בסיס חלב,אבוט מעבדות רפואיות,IE,סימילאק גולד,גרמים,700.00,100 גרם,false,1,69.90,9.99,true,1,
5391523058063,false,סימילאק אדבנס פלוס 1 תרכובת מזון על בסיס חלב,טרופיקל דגיל תעשיות,IE,סימילאק אדבנס,גרמים,700.00,100 גרם,false,1,64.90,9.27,true,1,
5391523058070,false,סימילאק אדבנס פלוס 3 תרכובת מזון על בסיס חלב,טרופיקל דגיל תעשיות,IE,סימילאק אדבנס,גרמים,700.00,100 גרם,false,1,64.90,9.27,true,1,
5391523058087,false,סימילאק אדבנס פלוס 2 תרכובת מזון על בסיס חלב,טרופיקל דגיל תעשיות,IE,סימילאק אדבנס,גרמים,700.00,100 גרם,false,1,64.90,9.27,true,1,
5410076854462,false,חוט דנטלי אורל בי 40 מטר 3D,פרוקטר & גמבל,IE,חוט דנטלי מנטה,מטרים,40.00,מטר,false,1,24.90,0.62,true,1,
5410091677992,false,"סאיוס - ספריי לשיער לייצוב מקסימלי 400 מ""ל",שוורצקופף והנקל,DE,ספרי עיצוב סאיוס,מיליליטרים,400.00,"100 מ""ל",false,0,47.90,11.98,true,1,
5410091708955,false,"סאיוס - ספריי לשיער קרטין 400 מ""ל",שוורצקופף והנקל,DE,ספרי עיצוב סאיוס,מיליליטרים,400.00,"100 מ""ל",false,0,47.90,11.98,true,1,
5410126666038,false,"ביסקוויט קרמל לוטוס 279 גרם בד""צ",לוטוס ביקרי נ.וי,BE,ביסקוויט לוטוס,גרמים,279.00,100 גרם,false,1,15.90,5.70,true,1,
5601036205534,false,צבע לשיער אקסלנס קרם - 1 שחור,לוריאל Loreal,BE,צבע לשיער אקסלנס,יחידה,1.00,יחידה,false,0,34.90,34.90,true,1,
5601036205541,false,צבע לשיער אקסלנס קרם - 3 חום כהה מאוד,לוריאל Loreal,BE,צבע לשיער אקסלנס,יחידה,1.00,יחידה,false,0,34.90,34.90,true,1,
5601036205558,false,צבע לשיער אקסלנס קרם - 4 חום כהה,לוריאל Loreal,BE,צבע שיער אקסלנס,יחידה,1.00,יחידה,false,0,34.90,34.90,true,1,
5601036205589,false,צבע לשיער אקסלנס קרם - 5 חום טבעי,לוריאל Loreal,BE,צבע לשיער אקסלנס,יחידה,1.00,יחידה,false,0,34.90,34.90,true,1,
5601036205596,false,צבע לשיער אקסלנס קרם - 5.3 חום זהוב,לוריאל ישראל קוסמטיקס בע,BE,צבע לשיער אקסלנס,יחידה,1.00,יחידה,false,0,34.90,34.90,true,1,
5601036205602,false,צבע לשיער אקסלנס קרם - 5.5 חום מהגוני,לוריאל ישראל קוסמטיקס בע,BE,צבע לשיער אקסלנס,יחידה,1.00,יחידה,false,0,34.90,34.90,true,1,
5601036205626,false,צבע לשיער אקסלנס קרם - 6 בלונד כהה,לוריאל Loreal,BE,צבע שיער אקסלנס,יחידה,1.00,יחידה,false,0,34.90,34.90,true,1,
5601036205671,false,לוריאל - אקסלנס קרם 7.3 בלונד זהוב,ליברמו,BE,צבע לשיער אקסלנס,יחידה,1.00,יחידה,false,0,34.90,34.90,true,1,
5601036205688,false,לוריאל - אקסלנס קרם 8 בלונד בהיר,ליברמו,BE,צבע לשיער אקסלנס,יחידה,1.00,יחידה,false,0,34.90,34.90,true,1,
5601036206418,false,לוריאל - אקסלנס קרם 01בלונד אולטרה בהיר טבעי,ליברמו,BE,צבע לשיער אקסלנס,יחידה,1.00,יחידה,false,0,34.90,34.90,true,1,
5900020015174,false,פיטנס חטיפי אנרגיה דגנים בטעם שוקולד נסטלה 6*23.5 גרם,מיוצר עי קונדיטוריית,PL,חטיפי פיטנס 6 יח,גרמים,141.00,100 גרם,false,0,15.90,11.28,true,1,
5901414200411,false,בלזן היט מיני ביסקוויט סנדוויץ' עם מילוי קרם בטעם שוקולד 130 גרם,ליימן שליסל,PL,היט מיניס שוקו,גרמים,130.00,100 גרם,false,0,6.90,5.31,true,1,
5901887001737,false,"קרם פנים ליום 50 מ""ל",,PL,קרם פנים ליום,מיליליטרים,50.00,"100 מ""ל",false,1,19.90,39.80,true,1,
5901887001744,false,"קרם עיניים 15 מ""ל",,PL,קרם עיניים,מיליליטרים,15.00,"100 מ""ל",false,1,14.90,99.33,true,1,
5901887001751,false,"טונר ניקוי לפנים 200 מ""ל",,PL,טונר ניקוי לפנים,מיליליטרים,200.00,"100 מ""ל",false,1,17.90,8.95,true,1,
5901887010326,false,"קרם פנים לילה 50 מ""ל",,PL,קרם פנים לילה,מיליליטרים,50.00,"100 מ""ל",false,1,19.90,39.80,true,1,
5901887010593,false,קרם ידיים וציפורניים 80,,PL,קרם ידיים וציפור,מיליליטרים,80.00,"100 מ""ל",false,1,11.90,14.88,true,1,
5901887018223,false,קרם גוף חלב עיזים 400 מל,,PL,קרם גוף חלב עיזי,מיליליטרים,400.00,"100 מ""ל",false,1,21.90,5.48,true,1,
5901887018230,false,חמאת גוף חלב עיזים 200 מ,,PL,חמאת גוף חלב עיז,מיליליטרים,200.00,"100 מ""ל",false,1,24.90,12.45,true,1,
5901887026778,false,יסמין קרם יום לגיל +50,,PL,יסמין קרם יום,מיליליטרים,30.00,"100 מ""ל",false,1,24.90,83.00,true,1,
5901887026785,false,יסמין ק.לילה לגיל +50 50,,PL,יסמין ק.לילה,מיליליטרים,50.00,"100 מ""ל",false,1,24.90,49.80,true,1,
5901887026792,false,יסמין סרום לגיל +50 30 מ,,PL,יסמין סרום לגיל,מיליליטרים,30.00,"100 מ""ל",false,1,24.90,83.00,true,1,
5901887026808,false,יסמין ק.עיניים15מ גיל+50,,PL,יסמין ק.עיניים,מיליליטרים,15.00,"100 מ""ל",false,1,21.90,146.00,true,1,
5901887026815,false,יסמין מים מיסלריים +50 2,,PL,יסמין מים מיסלרי,מיליליטרים,200.00,"100 מ""ל",false,1,18.90,9.45,true,1,
5901887029656,false,מנוקה גל ניקוי פנים200מל,,PL,מנוקה ג'ל לניקוי,מיליליטרים,200.00,"100 מ""ל",false,1,18.90,9.45,true,1,
5901887029670,false,"מנוקה קרם לילה 50 מ""ל",,PL,מנוקה קרם לילה,יחידה,1.00,יחידה,false,1,19.90,19.90,true,1,
5901887043751,false,"סרום ממריץ ומחליק 50 מ""ל",,PL,סרום ממריץ ומחלי,מיליליטרים,50.00,"100 מ""ל",false,1,24.90,49.80,true,1,
5901887043768,false,"תרחיץ ג'ל לפנים 200 מ""ל",,PL,תרחיץ ג'ל לפנים,מיליליטרים,200.00,"100 מ""ל",false,1,14.90,7.45,true,1,
5902503732127,false,רולר דו-צדדי לעור הפנים,לנקום,FR,רולר דו-צדדי לעו,יחידה,1.00,יחידה,false,1,99.00,99.00,true,1,
5905076013242,false,סט מוצרים גודל מיוחד9/22,לנקום בישום,CN,סט מוצרים בגודל,יחידה,1.00,יחידה,false,1,49.90,49.90,true,1,
5906485301012,false,"משקה אנרגיה XL פחית 250 מ""ל","טמפו משקאות בע""מ",IL,משקה אנרגיה XL,מיליליטרים,250.00,"100 מ""ל",false,0,5.90,2.36,true,1,
6001051002320,false,לבלו שפתון וניל,ביירסדורף,DE,לבלו וניל,יחידה,1.00,יחידה,false,0,10.00,10.00,true,1,
6001067018049,false,קולגייט ילדים 2-5מברשת שיניים,קולגייט-פלמוליב,VN,מברשת קולגייט,יחידה,1.00,יחידה,false,0,10.90,10.90,true,1,
6085010044712,false,"קלאב דה נויט אינטנס ארמאף - א.ד.ט 105 מ""ל",פרפיום קוסמטיקס,FR,NUIT DE CLUB,מיליליטרים,105.00,"100 מ""ל",false,1,129.00,122.86,true,1,
6085010094151,false,"קלאב דה נואיט Club De Nuit א.ד.פ לאישה 105 מ""ל",ארמף Armaf,FR,nuit de club א.ד,מיליליטרים,105.00,"100 מ""ל",false,1,99.00,94.28,true,1,
6291104445161,false,גרדן אואזיס מארז פלמינגו 3 פריטים,פארמה דיל,IL,מארז פלמינגו,יחידה,1.00,יחידה,false,1,30.00,30.00,true,1,
6294015131024,false,"קלאב דה נואי אינסט אדפ לגבר 200 מ""ל-אראמף",,IL,קלאב דה נואי אינ,מיליליטרים,200.00,"100 מ""ל",false,1,219.00,109.50,true,1,
6295124030246,false,סאפיל באונד אדט,,AE,סאפיל באונד אדט,יחידה,1.00,יחידה,false,0,59.00,59.00,true,1,
6295124030307,false,"סאפיל אינטנס אדט 100 מ""ל",,SA,סאפיל אינטנס אדט,מיליליטרים,100.00,"100 מ""ל",false,1,59.00,59.00,true,1,
6295124030314,false,"ספיל אינטנס לאישה - א.ד.פ 100 מ""ל",,FR,סאפיל אינטנס אדפ,מיליליטרים,100.00,"100 מ""ל",false,1,59.00,59.00,true,1,
6295124030369,false,rave Sapil אדט גבר100מל,,AE,rave Sapil אדט ל,מיליליטרים,100.00,"100 מ""ל",false,1,49.00,49.00,true,1,
6295124030376,false,rave Sapil אדפ אשה100מל,,AE,rave Sapil אדפ,מיליליטרים,100.00,"100 מ""ל",false,1,49.00,49.00,true,1,
6920354822193,false,משחת שיניים נטורל הדרים אקליפטוס קולגייט 90 ג',קולגייט פלמוליב,PL,משחת שיניים נטור,גרמים,90.00,100 גרם,false,1,9.90,11.00,true,1,
6920354822223,false,משחת שיניים נטורל גינגר קוקוס קולגייט 90 ג',קולגייט פלמוליב,PL,משחת שיניים,מיליליטרים,68.00,"100 מ""ל",false,1,9.90,14.56,true,1,
6920354824395,false,"קולגייט נטורל משחת שיניים חמוציות פחם 71 מ""ל",קולגייט פלמוליב,PL,משחת שיניים,גרמים,90.00,100 גרם,false,1,9.90,11.00,true,1,
6940176630554,false,סט איפור חד קרן,,CN,סט איפור,יחידה,1.00,יחידה,false,0,52.90,52.90,true,1,
6940176633432,false,LOL סט קומות מניפה,,CN,סט LOL איפור,יחידה,1.00,יחידה,false,0,41.90,41.90,true,1,
6973350160004,false,מסכת ילדים 10יח תלת שכב,פארמה דיל,IL,מסכת ילדים חד פע,יחידה,1.00,יחידה,false,1,10.00,10.00,true,1,
7038513906505,false,קסמי שיניים ג'ורד.שולחני,ג'ורדן,,קיממי שיניים,יחידה,1.00,יחידה,false,0,24.90,24.90,true,1,
7038513908400,false,גורדן קיסם מבריש רגיל 20 יח,דנטלון,,קיסם ג'ורדן,יחידה,1.00,יחידה,false,0,26.90,26.90,true,1,
7038513909117,false,גורדן קסמי שיניים פלואוריד/מינט אקסטרה ט,ג'ורדן,MY,קיסמי שיניים,יחידה,1.00,יחידה,false,0,22.90,22.90,true,1,
7038516140357,false,מברשת שיניים ג'ורדן טוטל סופט מארז 4 יחידות,מיוצר במלזיה עבור ג',NO,מברשת שיניים,יחידה,1.00,יחידה,false,0,10.00,10.00,true,1,
7046110028001,false,מברשת שיניים גרין קלין,,MY,מברשת שיניים גרי,יחידה,1.00,יחידה,false,1,13.00,13.00,true,1,
7046110064535,false,מארז זוג מברשת שיניים ג'ורדן ילדים 0-2,ג'ורדן Jordan,MY,מברשות שיניים,יחידה,1.00,יחידה,false,0,19.90,19.90,true,1,
7046110066034,false,גורדן מברשת אינטרדנטל פלקטרום MICRO 10יח,ג'ורדן,IL,Mמ.שיניים ג'ורדן,יחידה,1.00,יחידה,false,0,39.90,39.90,true,1,
7046110069868,false,גורדן מברשת שיניים לילדים 9+ SMILE,ג'ורדן,IL,ג'ורדן מברשות שנ,יחידה,1.00,יחידה,false,0,14.90,14.90,true,1,
7046110070192,false,גורדן שלישייה מברשות שיניים קלין סמייל,דנטלון,MY,3 מברשות שיניים,יחידה,1.00,יחידה,false,0,10.00,10.00,true,1,
7046110071519,false,"ג'ורדן משחת שיניים לילדים( 2-6 ) 50מ""ל",דנטלון,IL,משחת שיניים,מיליליטרים,50.00,"100 מ""ל",false,1,11.90,23.80,true,1,
7290000066141,false,ביסלי חטיף בטעם גריל אסם 70 גרם,"אסם השקעות בע""\מ",IL,ביסלי גריל,גרמים,70.00,100 גרם,false,0,5.90,8.43,true,1,
7290000066318,false,במבה חטיף בוטנים אסם 80 גרם,"אסם השקעות בע""\מ",IL,במבה,גרמים,80.00,100 גרם,false,0,6.90,8.63,true,1,
7290000068770,false,במבה יום הולדת חטיף בוטנים אסם 80 גרם,"אסם השקעות בע""\מ",IL,במבה יום הולדת,גרמים,80.00,100 גרם,false,0,6.90,8.63,true,1,
7290000072753,false,קפה נמס מגורען טסטרס צ'ויס 200 גרם-,נסטלה קוריאה - קפה,KR,קפה טסטרס צ'ויס,גרמים,200.00,100 גרם,false,0,34.90,17.45,true,1,
7290000073750,false,מנה חמה נודלס אטר+ירקות טעם עוף 70 גרם,PUB FOODS PRESIDENT THAI,TH,מנה חמה נודלס,גרמים,70.00,100 גרם,false,0,7.90,11.29,true,1,
7290000074245,false,אוסם - קרם קרקר אסם 250 גרם,"אסם השקעות בע""\מ",IL,קרם קרקר אסם,גרמים,250.00,100 גרם,false,0,11.90,4.76,true,1,
7290000078762,false,אוסם - חטיפי פריכונים מאורז מלא בטעם דבש 80גר,סנורייס בלגיום אן. ו,GB,חטיפי פריכונים,גרמים,80.00,100 גרם,false,0,9.90,12.38,true,1,
7290000112220,false,טחינה גולמית שומשום טהור בארכה 500 גרם,"רושדי תעשיות מזון בע""\מ",IL,טחינה גולמית,גרמים,500.00,100 גרם,false,0,13.90,2.78,true,1,
7290000146645,false,הוואי - סבון מוצק שחור מסתורי 100 גרם רביעייה,טרופיקל דגיל קוסמטיק,IL,סבון הוואי 4 יח,גרמים,400.00,100 גרם,false,0,13.90,3.48,true,1,
7290000146669,false,הוואי - סבון מוצק שמיים כחולים 100 גרם רביעייה,טרופיקל דגיל קוסמטיק,IL,סבון הוואי 4 יח,גרמים,400.00,100 גרם,false,0,13.90,3.48,true,1,
7290000146928,false,"משחת שיניים לילדים בטעם ענבים טום וג'רי 50 מ""ל",טרופיקל דגיל קוסמטיק,IL,משחת טום וג'רי,מיליליטרים,50.00,"100 מ""ל",false,0,9.90,19.80,true,1,
7290000146997,false,משחת שיניים לילדים מסטיק טום וג'רי 50 מל,טרופיקל דגיל קוסמטיק,IL,משחת טום וג'רי,מיליליטרים,50.00,"100 מ""ל",false,0,9.90,19.80,true,1,
7290000178707,false,תפוצ'יפס בטעם טבעי 50 גרם,"שטראוס פריטו ליי בע""\מ )",IL,חטיף תפוצ'יפס,גרמים,50.00,100 גרם,false,0,4.90,9.80,true,1,
7290000187860,false,מגבוני טואלט לחים לילי דיספנסר 40יח',עלבד משואות יצחק בעמ,IL,נייר טואלט לח,יחידה,1.00,יחידה,false,0,8.90,8.90,true,1,
7290000187938,false,לילי - נייר טואולט נייר טואלט פסטל 32 יח',לילי נייר טואלט חוגלה,IL,נייר טואלט פסטל,מטרים,588.00,100 מטר,false,0,48.90,8.32,true,1,
7290000188553,false,קוטקס מגן תחתון יאנג ביג 60 יחידות,קימברלי קלארק,CN,מגן תחתון קוטקס,יחידה,1.00,יחידה,false,0,20.90,20.90,true,1,
7290000188591,false,קוטקס מגן תחתון יאנג ביג 60 יחידות,קימברלי קלארק,CN,מגן תחתון קוטקס,יחידה,1.00,יחידה,false,0,20.90,20.90,true,1,
7290000190853,false,לילי פיור נייר טואלט דו שכבתי לבן 30 גלילים,לילי נייר טואלט חוגלה,IL,נייר טואלט לילי,מטרים,537.00,100 מטר,false,0,44.90,8.36,true,1,
7290000191225,false,חיתולים ליטל בייביז מידה 2 האגיס 46 יחידות,קימברלי קלארק שיווק,IL,האגיס ליטל בייבי,יחידה,1.00,יחידה,false,1,36.90,36.90,true,1,
7290000191539,false,חמישיית ממחטות טישו צבועני לילי 100 יחידות,חוגלה קימברלי,IL,מגבוני לילי 90*5,יחידה,1.00,יחידה,false,0,19.90,19.90,true,1,
7290000191645,false,"חיתולים האגיס ליטל בייביס ניו בורן שלב 1 עד 4 ק""ג",קימברלי קלארק ארהב,US,חיתולי האגיס,יחידה,1.00,יחידה,false,0,36.90,36.90,true,1,
7290000191652,false,שלישיית ממחטות אולטרה סופט קלינקס 90 יחידות,חוגלה קימברלי,IL,קלינקס מעוצב 3יח,יחידה,1.00,יחידה,false,0,12.90,12.90,true,1,
7290000192581,false,מגבת נייר גליל כפול ניקול 12=6 גליל,קימברלי-קלארק,IL,מגבות נייר,מטרים,129.00,מטר,false,1,27.90,0.22,true,1,
7290000193083,false,נובה-לי תחבושות היגייניות לילי 28 יחידות,חוגלה קימברלי,CZ,תחבושות נובה לי,יחידה,1.00,יחידה,false,0,9.90,9.90,true,1,
7290000193205,false,תחבושות עם כנפיים ללילה נטורל לילי 20 יחידות,חוגלה קימברלי,BE,תחבושות לילי,יחידה,1.00,יחידה,false,0,14.90,14.90,true,1,
7290000193472,false,מגן תחתון נטורל נורמל לילי 60 יחידות,חוגלה קימברלי,ES,פדיות לילי,יחידה,1.00,יחידה,false,0,14.90,14.90,true,1,
7290000193540,false,מגן תחתון לונג נטורל לילי 52 יחידות,חוגלה קימברלי,ES,פדיות לילי,יחידה,1.00,יחידה,false,0,14.90,14.90,true,1,
7290000193618,false,לילי אינטימייט מגן תחתון נורמל 24 יח',חוגלה קימברלי,ES,פדיות לילי נטורל,יחידה,1.00,יחידה,false,0,14.90,14.90,true,1,
7290000193656,false,תחבושות עם כנפיים סופר פלוס לילי 24 יחידות,חוגלה קימברלי,ES,תחבושות לילי,יחידה,1.00,יחידה,false,0,14.90,14.90,true,1,
7290000194141,false,שקמה מכנסון גזרתי סופר נייט XL,חוגלה קימברלי,IL,מכנסוני שקמה,יחידה,1.00,יחידה,false,1,69.90,69.90,true,1,
7290000194288,false,משטח החתלה האגיס 10 יחידות,חוגלה קימברלי,BE,משטח החתלה האגיס,יחידה,1.00,יחידה,false,0,19.90,19.90,true,1,
7290000194905,false,שקמה מכנסון גזרתי סופר נייט M,חוגלה קימברלי,IL,מכנסוני שקמה,יחידה,1.00,יחידה,false,1,69.90,69.90,true,1,
7290000195537,false,האגיס - מגבוני האגיס דיילי קר לא מבושם 64 יח' * 4,חוגלה קימברלי,IL,מגבונים האגיס 4י,יחידה,1.00,יחידה,false,0,19.90,19.90,true,1,
7290000195773,false,האגיס - מגבוני האגיס סנסטיב קר לא מבושם 64 יח' * 4,חוגלה קימברלי,IL,מגבונים האגיס 4י,יחידה,1.00,יחידה,false,0,19.90,19.90,true,1,
7290000197425,false,חיתולים פרידום דריי שלב 3 האגיס 52 יחידות,קימברלי קלארק ישראל,IL,חיתולי האגיס,יחידה,1.00,יחידה,false,0,49.90,49.90,true,1,
7290000197456,false,חיתולים פרידום דריי שלב 4 האגיס 44 יחידות,קימברלי קלארק ישראל,IL,חיתולי האגיס,יחידה,1.00,יחידה,false,0,49.90,49.90,true,1,
7290000197463,false,חיתולים פרידום דריי שלב +4 האגיס 40 יחידות,קימברלי קלארק ישראל,IL,חיתולי האגיס,יחידה,1.00,יחידה,false,0,49.90,49.90,true,1,
7290000197548,false,חיתולים פרידום דריי שלב 5 האגיס 36 יחידות,קימברלי קלארק ישראל,IL,חיתולי האגיס,יחידה,1.00,יחידה,false,0,49.90,49.90,true,1,
7290000197678,false,חיתולי האגיס פרידום דריי שלב 6 30 יחידות,קימברלי קלארק ישראל,IL,חיתולי האגיס,יחידה,1.00,יחידה,false,0,49.90,49.90,true,1,
7290000199313,false,קוטקס יאנג תחבושות עם כנפיים נורמל חדש30,חוגלה קימברלי,CZ,קוטקס תחבושות,יחידה,1.00,יחידה,false,0,20.90,20.90,true,1,
7290000201832,false,טיטולים פרימיום שלב 3 50 יחידות,חוגלה קימברלי,IL,טיטולים פרימיום,יחידה,1.00,יחידה,false,1,33.90,33.90,true,1,
7290000201863,false,טיטולים פרימיום שלב 5 34 יחידות,חוגלה קימברלי,IL,טיטולים פרימיום,יחידה,1.00,יחידה,false,1,33.90,33.90,true,1,
7290000201870,false,טיטולים פרימיום שלב 6 30 יחידות,חוגלה קימברלי,IL,טיטולים פרימיום,יחידה,1.00,יחידה,false,1,33.90,33.90,true,1,
7290000202495,false,סופגנים סופר פלוס שקמה L,חוגלה קימברלי,BE,סופגנים שקמה,יחידה,1.00,יחידה,false,0,52.90,52.90,true,1,
7290000203560,false,סדיניה שקמה 15 יחידות,חוגלה קימברלי,IL,סדיניה שקמה,יחידה,1.00,יחידה,false,0,51.90,51.90,true,1,
7290000205762,false,חיתולי האגיס אקסטרה קר מידה 3 48 יחידות,חוגלה קימברלי,IL,חיתולי האגיס,יחידה,1.00,יחידה,false,1,59.90,59.90,true,1,
7290000205915,false,חיתולי האגיס אקסטרה קייר מידה 4 40 יחידות,חוגלה קימברלי,IL,חיתולי האגיס,יחידה,1.00,יחידה,false,1,59.90,59.90,true,1,
7290000244761,false,"קרם ידיים ולווטה 100 מ""ל",טרופיקל דגיל קוסמטיק,IL,קרם ידיים ולווטה,מיליליטרים,100.00,"100 מ""ל",false,0,9.90,9.90,true,1,
7290000262413,false,חיתולי האגיס אקסטרה קייר מידה 5 34 יחידות,חוגלה קימברלי,IL,חיתולי האגיס,יחידה,1.00,יחידה,false,1,59.90,59.90,true,1,
7290000263359,false,חיתולים ליטל בייביז מידה 1 האגיס 40 יחידות,קימברלי קלארק שיווק,IL,חיתולי האגיס,יחידה,1.00,יחידה,false,0,36.90,36.90,true,1,
7290000288079,false,סנו - ז'אוול אקונומיקה לימון 2 ליטר,"סנו מפעלי ברונוס בע""מ",IL,סנו JAVEL מלבין,ליטרים,2.00,ליטר,false,0,13.90,6.95,true,1,
7290000288291,false,סנומט דוחה יתושים לוחיות אידוי 30 יחידות,טרופיקל דגיל תעשיות,IT,סנומט נגד יתוש,יחידה,1.00,יחידה,false,0,14.90,14.90,true,1,
7290000289069,false,סנו - ז'אוול מרסס קצף ניקוי בתוספת אקונומיקה בריח לימון 1 ליטר,"סנו מפעלי ברונוס בע""מ",IL,סנו ג'אוול מרסס,ליטרים,1.00,ליטר,false,0,19.90,19.90,true,1,
7290000289595,false,"אורביטול משחת שיניים לילדים בטעם תות שדה 145 מ""ל",טרופיקל דגיל תעשיות קוסמ,IL,משחת שיניים,גרמים,145.00,100 גרם,false,0,11.90,8.21,true,1,
7290000292687,false,סנובון מוצק לניקוי אסלה קלאסיק כחול סנו 3 יחידות,מיוצר עי קונדיטוריית,IL,סנובון כחול 3 יח,גרמים,165.00,100 גרם,false,0,13.90,8.42,true,1,
7290000295336,false,סנו מקסימה אבקת כביסה סנסטיב מילוי1.25,סנו מפעלי ברונוס בעמ,IL,אבקת כביסה,קילוגרמים,1.25,"ק""ג",false,0,12.90,10.32,true,1,
7290000295558,false,"רדיד אלומיניום רוחב 30 ס""מ סנו סושי 2 יח' 7.5 מטר",מולינו ניקולי s.p.a,TR,צמד רדידי אלומינ,מטרים,15.00,מטר,false,0,15.90,1.06,true,1,
7290000412481,false,נוזל לניקוי אסלות 00 סנו 1 ליטר,מיוצר עי קונדיטוריית,IL,"מנקה אסלות 00""",ליטרים,1.00,ליטר,false,0,7.90,7.90,true,1,
7290000420325,false,"פופסטאר פופקורן למקירוגל בטעם טבעי 5 שקיות,500 גרם",פרסטון פארמס,US,פופקורן למיקרו,גרמים,500.00,100 גרם,false,0,17.90,3.58,true,1,
7290000560021,false,אדג' ג'ל ורוד נגד חתכים 198ג',המאפיה של הרמן,US,ג'ל גילוח אדג',גרמים,198.00,100 גרם,false,0,18.90,9.55,true,1,
7290000560533,false,אדג' ג'ל גילוח ירוק לעור רגיל 198גרם,אס.סי ג'ונסון ובניו,US,אדג' ג'ל לגילוח,גרמים,198.00,100 גרם,false,0,18.90,9.55,true,1,
7290000560540,false,אדג' ג'ל גילוח כתום לעור רגיש 198גרם,המאפיה של הרמן,US,אדג' ג'ל לגילוח,גרמים,198.00,100 גרם,false,0,18.90,9.55,true,1,
7290000689180,false,בליסטקס שפתון-סטיק מנטה,מדיליין פריגו,IL,בליסטיק סטיק,יחידה,1.00,יחידה,false,0,9.90,9.90,true,1,
7290000803180,false,מרידול מי פהשטיפה דנטלית 400 מל,קולגייט פלמוליב,CH,שטיפה מרידול,מיליליטרים,400.00,"100 מ""ל",false,0,29.90,7.48,true,1,
7290000804484,false,אלמקס שטיפת פה דנטלית למניעת עששת 400מל,קולגייט פלמוליב,CH,מי פה אלמקס,מיליליטרים,400.00,"100 מ""ל",false,0,28.90,7.23,true,1,
7290001136362,false,נקה 7 תחליב רחצה אלוורה ארומה ירוק 1 ל',מיוצר בסין.יבוא ושיו,IL,תחליב רחצה נקה 7,ליטרים,1.00,ליטר,false,0,14.90,14.90,true,1,
7290001229231,false,לק43.,גייד,FR,לק43.,יחידה,1.00,יחידה,false,0,29.00,29.00,true,1,
7290001229804,false,לק230.,גייד,FR,לק230.,יחידה,1.00,יחידה,false,0,29.00,29.00,true,1,
7290001338407,false,ג'ל אלוורה להרגעת העור סקין גארד 200 מ''ל,מיוצר עי : אמיליה קוסמטי,IL,סקין גארד,מיליליטרים,200.00,"100 מ""ל",false,0,24.90,12.45,true,1,
7290001559871,false,DRY QUICK לק ייבוש,גייד,FR,DRY QUICK לק,יחידה,1.00,יחידה,false,0,29.00,29.00,true,1,
7290001676530,false,מחזק ציפורניים,קרליין,IL,מחזק ציפורניים,יחידה,1.00,יחידה,false,0,14.90,14.90,true,1,
7290001713020,false,שקיות אשפה 25 יחידות 75*85 סנט מוריץ,קומפלקס כימיקלים בעמ,TR,שקיות אשפה 85*75,יחידה,1.00,יחידה,false,1,8.90,8.90,true,1,
7290001713150,false,סנט מוריץ מתז אקונומיקה Bleach קצף לימון 1 ליטר,קומפלקס כימיקלים בעמ,IL,קצף ניקוי,ליטרים,1.00,ליטר,false,1,13.90,13.90,true,1,
7290001817728,false,צ'יטוס אפוי כאפה בטעם קטשופ 55 גרם,"שטראוס פריטו ליי בע""\מ )",IL,צ'יטוס כפאה,גרמים,55.00,100 גרם,false,0,3.90,7.09,true,1,
7290001865439,false,פמילי אל סבון נוזלי בניחוח וניל 1 ליטר,אף.סי תבליני בגליל ב,IL,סבון נוזלי פמלי,ליטרים,1.00,ליטר,false,0,10.00,10.00,true,1,
7290001865453,false,פמילי לקשרי 1 ליטר לבנדר ארומטי+משאבה,מיוצר עי קונדיטוריית,TR,סבון נוזלי פמלי,ליטרים,1.00,ליטר,false,0,10.00,10.00,true,1,
7290001973233,false,"קמיל בלו מגבונים לחים סנסיטיב ד""ר פישר 120 יחידות",פישר מעבדות פרמצבטיות,IL,מגבונים +דיספנסר,יחידה,1.00,יחידה,false,0,13.90,13.90,true,1,
7290002000143,false,"חדש -פנג'ל ק.ידיים קלאסיק 80מ""ל",מיוצר עי קונדיטוריית,IL,קרם ידיים פנג'ל,מיליליטרים,80.00,"100 מ""ל",false,0,8.50,10.63,true,1,
7290002000266,false,מגע המשי התפוח שעווה למיקרו 500ג' -חדש,המאפיה של הרמן,IL,שעוות מגע משי,גרמים,500.00,100 גרם,false,0,27.90,5.58,true,1,
7290002041009,false,"חלאבילין אורגינל 10 מ""ל",תעשיות שיק,IL,דאו.חלאבילין,מיליליטרים,10.00,"100 מ""ל",false,0,39.90,399.00,true,1,
7290002041368,false,"מידנייט דאודורנט ספריי 150 מ""ל",חלאבין,IL,דאודורנט ספריי,מיליליטרים,187.00,"100 מ""ל",false,0,19.90,10.65,true,1,
7290002041801,false,"קרם גוף לאב ליין 275 מ""ל",תעשיות שיק,IL,קרם גוף לאב ליין,מיליליטרים,275.00,"100 מ""ל",false,0,39.90,14.51,true,1,
7290002041832,false,דאו.רול און לאב ליין80מ,חלאבין,IL,דאו.רול און,מיליליטרים,80.00,"100 מ""ל",false,0,19.90,24.88,true,1,
7290002269953,false,קרליין - מסיר איפור דו פאזי כחול,קרליין,IL,בלוז מסיר איפור,מיליליטרים,260.00,"100 מ""ל",false,0,44.90,17.27,true,1,
7290002515371,false,"קמיל בלו אל סבון לתינוקות ד""ר פישר 1 ליטר",פישר מעבדות פרמצבטיות בע,IL,קמיל בלו לתינוק,ליטרים,1.00,ליטר,false,0,21.90,21.90,true,1,
7290002730538,false,בלונס פדים להסרת איפור 80 יח',הנסיך- מפעל לייצור ט,GR,פדים להסרת איפור,יחידה,1.00,יחידה,false,0,9.90,9.90,true,1,
7290002730675,false,"קולגייט משחת שיניים אדומה משפחתי 100 מ""ל",קולגייט-פלמוליב,PL,משחת שיניים,מיליליטרים,100.00,"100 מ""ל",false,0,9.90,9.90,true,1,
7290002730811,false,"משחת שיניים ג'ל פסים מרעננים קולגייט 100 מ""ל",הנסיך- מפעל לייצור ט,PL,משחת קולגייט ג'ל,מיליליטרים,100.00,"100 מ""ל",false,0,13.90,13.90,true,1,
7290002752332,false,"סוכריות מנטוס פירות בגליל, 37.5 גרם",הדקלאים אגודת שיתופי,NL,סוכריות מנטוס,גרמים,37.00,100 גרם,false,0,3.90,10.54,true,1,
7290002752349,false,סוכריות מנטוס מנטה 40יח' בגליל 38ג',פרפטי ואן מלה,NL,סוכריות מנטוס,גרמים,37.00,100 גרם,false,0,3.90,10.54,true,1,
7290002768074,false,אל סבון נוזלי רגיל דרמפון 1 ליטר,"אמיליה קוסמטיקס בע""מ",IL,דרמפון אל סבון,ליטרים,1.00,ליטר,false,0,19.90,19.90,true,1,
7290002768159,false,"קצף אמבט בת אורן קרליין 500 מ""ל",פארק תעשיות עמק חפרמ,IL,סבון אמבט בת אור,מיליליטרים,500.00,"100 מ""ל",false,0,26.90,5.38,true,1,
7290002814016,false,"מסיר שומנים מתז 750 מ""ל סנט מוריץ כשל""פ עד""ח","קומפלקס כימיקלים בע""",IL,מסיר שומנים קר,מיליליטרים,750.00,"100 מ""ל",false,0,15.90,2.12,true,1,
7290002814054,false,סנט מוריץ מתז אנטרטיק מתז 1 ליטר,קומפלקס כימיקלים בעמ,IL,אנטרטיק מרסס,ליטרים,1.00,ליטר,false,1,12.90,12.90,true,1,
7290002814078,false,סנט מוריץ נוזל לניקוי אמבט אנטרטיק 1ל',"קומפלקס כימיקלים בע""",IL,אנטרטיק לאמבט,ליטרים,1.00,ליטר,false,0,7.90,7.90,true,1,
7290002814290,false,קצף מרוכז blanco בניחוח לימון משמיד 99.9% חיידקים סנט מוריץ 1 ליטר,קומפלקס כימיקלים בעמ,IL,קצף אקונומיקה,ליטרים,1.00,ליטר,false,1,14.90,14.90,true,1,
7290002814542,false,סנט מוריץ שקיות אשפה 75*90 -25 יח',קומפלקס כימיקלים בעמ,CN,אשפתון,יחידה,1.00,יחידה,false,1,12.90,12.90,true,1,
7290002814610,false,סנט מוריץ מסיר שומנים מבושם שחור 1 ליטר,קומפלקס כימיקלים בעמ,IL,מסיר שומנים,ליטרים,1.00,ליטר,false,0,9.90,9.90,true,1,
7290002814825,false,סבון אסלה כדוריות שלישייה אוקיינוס כחול,"קומפלקס כימיקלים בע""",TR,כדוריות לאסלה3*,גרמים,150.00,100 גרם,false,1,12.90,8.60,true,1,
7290002814870,false,"סנט מוריץ - מרסס מסיר שומנים קר מבושם לוונדר\פרחים 750 מ""ל",קומפלקס כימיקלים בעמ,IL,מסיר שומנים קר,מיליליטרים,750.00,"100 מ""ל",false,1,9.90,1.32,true,1,
7290002814887,false,מטליות רצפה לניקוי ובישום סנטמוריץ,קומפלקס כימיקלים,CN,מטליות רצפה 10יח,יחידה,1.00,יחידה,false,1,10.00,10.00,true,1,
7290002904694,false,"טיטניום דאודורנט ספריי לגברים 150 מ""ל","אמיליה קוסמטיקס בע""מ",IL,דאודורנט טיטניום,מיליליטרים,180.00,"100 מ""ל",false,0,16.90,9.39,true,1,
7290003026029,false,"ד""ר פישר - קמיל בלו סנסיטיב שמפו אלדמע 500 מ""ל",פישר מעבדות פרמצבטיות בע,IL,שמפו קמיל בלו,מיליליטרים,500.00,"100 מ""ל",false,0,19.90,3.98,true,1,
7290003026036,false,"ד""ר פישר - קמיל בלו סנסיטיב אל סבון עדין לתינוק 1 ליטר",פישר מעבדות פרמצבטיות בע,IL,אל סבון קמיל בלו,ליטרים,1.00,ליטר,false,0,24.90,24.90,true,1,
7290003026319,false,"קמיל בלו משחת החתלה לתינוק ד""ר פישר 120 גרם",פישר מעבדות פרמצבטיות בע,IL,משחת החתלה סנסטי,גרמים,120.00,100 גרם,false,0,21.90,18.25,true,1,
7290003047642,false,תה שחור יילו לייבל 100*1.5 ג' שקיק ליפטון,"יונילוור רוסייה בע""מ",RU,תה ילו לייבל,גרמים,150.00,100 גרם,false,0,11.90,7.94,true,1,
7290003145768,false,בוטנים אמריקאיים 50גר קליית גת,ששון ושות;#039& )ש.ת. תע,IL,בוטן מצופה 50גרם,גרמים,50.00,100 גרם,false,0,3.90,7.80,true,1,
7290003227136,false,ביוטי פיט ג'ל רגליים100מ,חלאבין,IL,ביוטי פיט ג'ל רג,מיליליטרים,100.00,"100 מ""ל",false,0,22.90,22.90,true,1,
7290003320769,false,פינצטה אל-חלד מכופפת קייזר,.D.M.M סוכנויות ומפיצים,DE,פינצטה אל חלד,יחידה,1.00,יחידה,false,0,59.90,59.90,true,1,
7290003401369,false,"קרם לחות לשיער חוחובה נטורל פורמולה 400 מ""ל",מיוצר עי אמיליה קוסמ,IL,קרם לחות לשיער,מיליליטרים,400.00,"100 מ""ל",false,0,18.90,4.73,true,1,
7290003423909,false,חטיף קוקיס אנד קרים לבן 43 גרם,ליימן מותגים,US,חטיף שוקולד לבן,גרמים,43.00,100 גרם,false,0,5.90,13.72,true,1,
7290003521081,false,"סרקל שמפו אל דמע לילדים ד""ר פישר 1 ליטר",פישר מעבדות פרמצבטיות בע,IL,סרקל שמפו לילדים,ליטרים,1.00,ליטר,false,0,27.90,27.90,true,1,
7290003521166,false,"ד""ר פישר - סרקל קרם רוזמרין לילדים 325 מ""ל",פישר מעבדות פרמצבטיות בע,IL,סרקל קרם רוזמרין,מיליליטרים,325.00,"100 מ""ל",false,0,25.90,7.97,true,1,
7290003521180,false,סרקל שמפו + מרכך 500 גר',פישר מעבדות פרמצבטיות בע,IL,שמפו+מרכך סרקל,מיליליטרים,500.00,"100 מ""ל",false,0,16.90,3.38,true,1,
7290003521197,false,"ד""ר פישר - סרקל תרסיס מתיר קשרים 340 מ""ל",פישר מעבדות פרמצבטיות בע,IL,סרקל מתיר קשרים,מיליליטרים,340.00,"100 מ""ל",false,0,25.90,7.62,true,1,
7290004078942,false,ליידי ספיד סטיק - דאודורנט ג'ל לאישה 65 גרם,קולגייט-פלמוליב,US,דאודורנט,גרמים,65.00,100 גרם,false,0,17.90,27.54,true,1,
7290005008191,false,"סבון נוזלי ארומה בניחוח לבנדר פטצ'ולי וילנג ילנג פלמוליב 500 מ""ל",הנסיך- מפעל לייצור ט,TR,סב.נוזלי פלמוליב,מיליליטרים,500.00,"100 מ""ל",false,0,18.90,3.78,true,1,
7290005008481,false,ספיד סטיק - דאודורנט ג'ל לגבר ספורט 85 גרם,הנסיך- מפעל לייצור ט,US,ספיד סטיק ג'ל,גרמים,85.00,100 גרם,false,0,17.90,21.06,true,1,
7290005084355,false,סנסודין משחת שיניים דואל קר פלואוריד 75,גלקסו סמית קליין,GB,משחת שיניים,מיליליטרים,75.00,"100 מ""ל",false,0,18.90,25.20,true,1,
7290005124686,false,בליסטקס שפתון-תות,מדיליין פריגו,IL,בליסטיק סטיק,יחידה,1.00,יחידה,false,0,9.90,9.90,true,1,
7290005418709,false,"נטורל קרם לחות לקיבוע תלתלים גלי 400 מ""ל",מיוצר עי אמיליה קוסמ,IL,קרם לחות לתלתלים,מיליליטרים,400.00,"100 מ""ל",false,0,26.90,6.73,true,1,
7290005423635,false,ריצפז נוזל רצפות דוחה תיקנים סנו 2 ליטר,מיוצר עי קונדיטוריית,IL,ריצפז דוחה חרקים,ליטרים,2.00,ליטר,false,0,23.90,11.95,true,1,
7290005425646,false,קליר נוזל לניקוי חלונות רב תכליתי סנו 1 ליטר,"סנו מפעלי ברונוס בע""\מ",IL,סנוקליר 1 ליטר,ליטרים,1.00,ליטר,false,0,14.90,14.90,true,1,
7290005427633,false,"כיף גל לשיער לשיער חזק במיוחד 1 ק""ג",קוסמופארם,IL,ג'ל כיף לשיער,קילוגרמים,1.00,"ק""ג",false,0,23.90,23.90,true,1,
7290005427770,false,"קרמה - קרם לחות לשיער לגבר 400 מ""ל",טרופיקל דגיל תעשיות,IL,קרמה לחות לשיער,מיליליטרים,400.00,"100 מ""ל",false,0,24.90,6.23,true,1,
7290005427978,false,"תחליב רחצה לפנים פילינג קרמה 180 מ""ל",גוד פוד פרודקטס S.p,IL,תחליב רחצה לפנים,מיליליטרים,180.00,"100 מ""ל",false,0,15.90,8.83,true,1,
7290005430602,false,"סנו אוקסיג'ן ספריי להסרת כתמים עם חמצן פעיל 750 מ""ל","סנו מפעלי ברונוס בע""",IL,אוקסיג'ן מ.כתמים,מיליליטרים,750.00,"100 מ""ל",false,0,16.90,2.25,true,1,
7290005477683,false,"טיטניום - אפטר שייב קלאסי 100 מ""ל",קרליין,IL,טיטניום אפט.שייב,מיליליטרים,100.00,"100 מ""ל",false,0,49.00,49.00,true,1,
7290005587825,false,לוריאל - דרמו מסיר איפור דו פאזי 125 עברית,"קרלסרו, גרמניה",DE,מסיר איפור,מיליליטרים,150.00,"100 מ""ל",false,0,31.90,21.27,true,1,
7290006651570,false,"קמיל בלו צמחי מרפא שמפו ואל סבון ד""ר פישר 750 מ""ל",פישר מעבדות פרמצבטיות בע,IL,שמפו/אל סבון,מיליליטרים,750.00,"100 מ""ל",false,0,18.90,2.52,true,1,
7290006712684,false,ספיד סטיק 24/7 סטיק כחול,קולגייט פלמוליב,US,דאודורנט,גרמים,50.00,100 גרם,false,0,17.90,35.80,true,1,
7290006788269,false,קרליין פרפקט קר סרום למיצוק העור,קרליין,IL,סרום למיצוק,מיליליטרים,30.00,"100 מ""ל",false,0,99.00,330.00,true,1,
7290006788351,false,קרליין דאודורנט סטיק נושם כחול,אמיליה קוסמטיקס,IL,דאודורנט קרליין,מיליליטרים,50.00,"100 מ""ל",false,0,18.90,37.80,true,1,
7290006788405,false,"קרליין - נושם אקטיב דאודורנט רול און לאישה ברודו 75 מ""ל",מיוצר עי : אמיליה קוסמטי,IL,דאודורנט קרליין,מיליליטרים,75.00,"100 מ""ל",false,0,13.90,18.53,true,1,
7290006788412,false,"קרליין - נושם אקווה דאודורנט רול און לאישה כחול 75 מ""ל",אמיליה קוסמטיקס בעמ,IL,דאודורנט קרליין,מיליליטרים,75.00,"100 מ""ל",false,0,13.90,18.53,true,1,
7290006788429,false,"קרליין - נושם סאן רייס דאודורנט רול און לאישה כתום 75 מ""ל","אמיליה קוסמטיקס בע""מ",IL,דאודורנט קרליין,מיליליטרים,75.00,"100 מ""ל",false,0,13.90,18.53,true,1,
7290006788436,false,"קרליין - נושם פיור דאודורנט רול און לאישה ורוד 75 מ""ל",משווק: קוסמופארם בעמ,IL,דאודורנט קרליין,מיליליטרים,75.00,"100 מ""ל",false,0,13.90,18.53,true,1,
7290006788467,false,"קרליין - נושם אקטיב דאודורנט ספריי לאישה בורדו 200 מ""ל",מיוצר עי : אמיליה קוסמטי,IL,דאודורנט קרליין,מיליליטרים,200.00,"100 מ""ל",false,0,13.90,6.95,true,1,
7290006788504,false,"קרליין - נושם אוקסיג'ן דאודורנט ספריי לאישה סגול 200 מ""ל",מיוצר עי : אמיליה קוסמטי,IL,דאודורנט קרליין,מיליליטרים,200.00,"100 מ""ל",false,0,13.90,6.95,true,1,
7290006992161,false,מטרנה - דייסת קורנפלור פרוביוטי 200 גרם,מולינו ניקולי s.p.a,IL,דייסת מטרנה,גרמים,200.00,100 גרם,false,0,14.50,7.25,true,1,
7290006992208,false,מטרנה דייסת 8 דגנים מעורבים 200 גרם,מטרנה תעשיות ש.מ,IL,דייסת מטרנה,גרמים,200.00,100 גרם,false,0,14.50,7.25,true,1,
7290006992390,false,"מטרנה - דייסת וניל פרוביוטי כשל""פ 200 גרם",מולינו ניקולי s.p.a,IL,דייסת וניל מטרנה,גרמים,200.00,100 גרם,false,0,14.50,7.25,true,1,
7290008000246,false,"פמינה - שטיפה אינטימית מועשר באלוורה 220 מ""ל",פמינה,IL,שטיפה + אלוורה,מיליליטרים,220.00,"100 מ""ל",false,0,29.90,13.59,true,1,
7290008000826,false,"משחת שיניים לילדים בטעם פירות לגילאים 2-6 כצט 50 מ""ל",כצט נוביס,IL,משחת שיניים ברבי,מיליליטרים,50.00,"100 מ""ל",false,0,10.90,21.80,true,1,
7290008116534,false,ליסטרין שטיפת פה קול מינט 250 מל,ג'\ונסון אנד ג'\ונסון,IT,מי פה ליסטרין,מיליליטרים,250.00,"100 מ""ל",false,0,9.90,3.96,true,1,
7290008116541,false,"שטיפת פה ליסטרין קול מינט 500 מ""ל",ג'\ונסון אנד ג'\ונסון,IT,מי פה ליסטרין,מיליליטרים,500.00,"100 מ""ל",false,0,19.90,3.98,true,1,
7290008116558,false,ליסטירין מי פה בטעם מנטה מרענן 250 מל,ג'\ונסון אנד ג'\ונסון,IT,מי פה ליסטרין,מיליליטרים,250.00,"100 מ""ל",false,0,9.90,3.96,true,1,
7290008116565,false,ליסטרין שטיפת פה פרש 500 מל,ג'\ונסון אנד ג'\ונסון,IT,מי פה ליסטרין,מיליליטרים,500.00,"100 מ""ל",false,0,19.90,3.98,true,1,
7290008116862,false,בלנאום שמן רחצה יומיומי לתינוקות וילדים,ניאופארם,IL,בלנאום בייבי,מיליליטרים,500.00,"100 מ""ל",false,0,74.90,14.98,true,1,
7290008264037,false,פינצטה אלכסון,סולינגן,IL,פינצטה אלכסון,יחידה,1.00,יחידה,false,0,39.90,39.90,true,1,
7290008264068,false,פינצטה אלכסון,סולינגן,IL,פינצטה אלכסון,יחידה,1.00,יחידה,false,0,39.90,39.90,true,1,
7290008264129,false,פינצטה מכופפת אל חלד,סולינגן,IL,פינצטה מכופפת אל,יחידה,1.00,יחידה,false,0,84.90,84.90,true,1,
7290008264266,false,מספריים להב דק,סולינגן,IL,מספריים להב דק,יחידה,1.00,יחידה,false,0,110.90,110.90,true,1,
7290008264433,false,20 סכיני פדיקור,סולינגן,IL,20 סכיני פדיקור,יחידה,1.00,יחידה,false,0,38.00,38.00,true,1,
7290008264457,false,אבן לרגל,סולינגן,IL,אבן לרגל,יחידה,1.00,יחידה,false,0,17.00,17.00,true,1,
7290008264464,false,מעגל ריסים יח',סולינגן,IL,מעגל ריסים,יחידה,1.00,יחידה,false,1,48.00,48.00,true,1,
7290008264471,false,משייף +ידית לבנה,סולינגן,KP,משייף +ידית לבנה,יחידה,1.00,יחידה,false,0,16.90,16.90,true,1,
7290008264488,false,"פצירת אקריל 18 ס""מ",סולינגן,IL,פצירת אקריל 18 ס,יחידה,1.00,יחידה,false,0,18.00,18.00,true,1,
7290008264518,false,מספריים לעור דק,סולינגן,IL,מספריים לעור דק,יחידה,1.00,יחידה,false,0,45.00,45.00,true,1,
7290008264921,false,מספריים מקצועיות לזקן יח,סולינגן,IL,מספריים מקצועיות,יחידה,1.00,יחידה,false,1,159.90,159.90,true,1,
7290008444750,false,לק גוון 311,קרליין,,לק גוון 311,יחידה,1.00,יחידה,false,0,14.90,14.90,true,1,
7290008464505,false,"בקבוק מים בודד סאן בנדיטו 500 מ""ל",אקווה מינרלה סאן בנדטו ב,IT,סאן בנדטו רגיל 0,מיליליטרים,500.00,"100 מ""ל",false,0,5.00,1.00,true,1,
7290008464611,false,"הסודה של טמפו, מי סודה בגיזוז חזק, 275 מל",טמפו משקאות בעמ,IL,הסודה של טמפו,מיליליטרים,275.00,"100 מ""ל",false,1,3.90,1.42,true,1,
7290008745239,false,תפוצ'יפס קראנצ' בטעם טבעי עלית 50 גרם,"שטראוס פריטו ליי בע""\מ )",IL,תפוצ'יפס קראנצ',גרמים,50.00,100 גרם,false,0,4.90,9.80,true,1,
7290008750264,false,"מסטיק מאסט ציקלס דובדבן 28 גרם לל""ס מגדים","שטראוס גרופ בע""מ",IL,מסטיק מאסט,גרמים,28.00,100 גרם,false,0,4.90,17.50,true,1,
7290008753111,false,תפוצ'יפס קראנץ' בטעם מקסיקני עלית 50 גרם,"שטראוס פריטו ליי בע""\מ )",IL,תפוצ'יפס קראנצ',גרמים,50.00,100 גרם,false,0,4.90,9.80,true,1,
7290008893305,false,GOLD עפרון עיניים,גייד,IT,GOLD עפרון עיניי,יחידה,1.00,יחידה,false,0,39.00,39.00,true,1,
7290008893329,false,עפרון עינים הי פרסיז'ן02,גייד,IT,עפרון עינים הי פ,יחידה,1.00,יחידה,false,0,39.00,39.00,true,1,
7290008893343,false,עפרון עינים הייפרסיז'ן03,גייד,IT,עפרון עינים הייפ,יחידה,1.00,יחידה,false,0,39.00,39.00,true,1,
7290010065332,false,מחית תפוח עץ בננה ג'וניור פרינוק 190 גרם,פרוטה פודווין איי.אס,CZ,פריניוק ג'וניור,גרמים,190.00,100 גרם,false,0,5.90,3.11,true,1,
7290010065349,false,מחית סלט פירות ג'וניור פרינוק 190 גרם,פרוטה פודווין איי.אס,CZ,פריניק ג'וניור,גרמים,190.00,100 גרם,false,0,5.90,3.11,true,1,
7290010117864,false,דוריטוס חטיף תירס בטעם חריף אש עלית 70 גרם,"שטראוס פריטו ליי בע""\מ )",IL,דוריטוס חריף,גרמים,70.00,100 גרם,false,0,4.90,7.00,true,1,
7290010182985,false,חלאבלין דאודורנט סטיק 72 שעות כחול,חלאבין,IL,דאו.סטיק 50 מל,מיליליטרים,50.00,"100 מ""ל",false,0,29.90,59.80,true,1,
7290010182992,false,חלאבלין דאודורנט סטיק 72 שעות אדום,חלאבין,IL,דאו.סטיק 50 מל,מיליליטרים,50.00,"100 מ""ל",false,0,29.90,59.80,true,1,
7290010192816,false,תמר מג'הול ללא גלעין 45,תימורת הערבה,IL,תמר מגהול 45ג,גרמים,45.00,100 גרם,false,1,4.90,10.89,true,1,
7290010237531,false,"פפסי קולה פלסטיק 500 מ""ל","טמפו משקאות בע""ם.",IL,פפסי בקבוק,מיליליטרים,500.00,"100 מ""ל",false,0,5.90,1.18,true,1,
7290010237562,false,משקה פפסי מרינדה קוו,"טמפו משקאות בע""מ",IL,מירינדה,מיליליטרים,500.00,"100 מ""ל",false,0,5.90,1.18,true,1,
7290010237579,false,משקה סבן אפ קוול 500,"טמפו משקאות בע""מ",IL,סבנ אפ,מיליליטרים,500.00,"100 מ""ל",false,0,5.90,1.18,true,1,
7290010379408,false,אפטר שייב בלאק+דאו ספריי,קרליין,IL,אפטר שייב,יחידה,1.00,יחידה,false,0,69.00,69.00,true,1,
7290010380466,false,"קרליין - קרם ג'ל לפנים יאנג 50 מ""ל 15SPF",קרליין,IL,YOUNG קרם ג'ל SP,מיליליטרים,50.00,"100 מ""ל",false,0,59.90,119.80,true,1,
7290010381272,false,קרליין - דיפ ליינר שחור 80,קרליין,DE,דיפ ליינר 80,יחידה,1.00,יחידה,false,0,54.90,54.90,true,1,
7290010381302,false,קרליין - עפרון עיניים עם חידוד 100,קרליין,DE,עפרון עיניים,יחידה,1.00,יחידה,false,0,29.90,29.90,true,1,
7290010381500,false,קרליין - עפרון עיניים ללא חידוד 200,קרליין,DE,עפרון עיניים,יחידה,1.00,יחידה,false,0,29.90,29.90,true,1,
7290010381517,false,קרליין - עפרון עיניים ללא חידוד 201,קרליין,DE,עפרון עיניים ללא,יחידה,1.00,יחידה,false,0,29.90,29.90,true,1,
7290010381524,false,קרליין - עפרון עיניים ללא חידוד 202,קרליין,DE,עפרון עיניים,יחידה,1.00,יחידה,false,0,29.90,29.90,true,1,
7290010381708,false,קרליין - עפרון שפתיים ללא חידוד 247,קרליין,IL,עפרון שפתיים,יחידה,1.00,יחידה,false,0,29.90,29.90,true,1,
7290010381746,false,קרליין - עפרון גבות חום 302,קרליין,DE,עפרון גבות חום,יחידה,1.00,יחידה,false,0,29.90,29.90,true,1,
7290010381869,false,קרליין מחדד עפרונות,קרליין,CN,מחדד עפרונות,יחידה,1.00,יחידה,false,0,14.90,14.90,true,1,
7290010382927,false,לק גוון 367,קרליין,IL,לק גוון 367,יחידה,1.00,יחידה,false,0,14.90,14.90,true,1,
7290010382989,false,לק גוון 371,קרליין,IL,לק גוון 371,יחידה,1.00,יחידה,false,0,14.90,14.90,true,1,
7290010632404,false,מיכל חלוקה לאבקת חלב,מולינו ניקולי s.p.a,CN,מיכל לאבקת חלב,יחידה,1.00,יחידה,false,0,21.90,21.90,true,1,
7290010748853,false,"ד""ר פישר - אפקטיב קר קרם ידיים סנסיטיב 150 מ""ל",פישר מעבדות פרמצבטיות בע,IL,קרם ידיים,מיליליטרים,150.00,"100 מ""ל",false,0,9.90,6.60,true,1,
7290010748860,false,"ד""ר פישר - אפקטיב קר קרם ידיים אינטנסיב 150 מ""ל",פישר מעבדות פרמצבטיות בע,IL,קרם ידיים,מיליליטרים,150.00,"100 מ""ל",false,0,9.90,6.60,true,1,
7290010748877,false,"אפקטיב קר קרם גוף סנסטיב לעור רגיש ח 700 מ""ל",פישר מעבדות פרמצבטיות בע,IL,"ד""ר פישר קרם גוף",מיליליטרים,700.00,"100 מ""ל",false,0,24.90,3.56,true,1,
7290010748891,false,אפקטיב קר קרם גוף מולטי ויטמין לעור רגיל יבש ח 7,פישר מעבדות פרמצבטיות בע,IL,קרם גוף,מיליליטרים,700.00,"100 מ""ל",false,0,24.90,3.56,true,1,
7290010822027,false,גאמפ אשכוליות פלסטיק 500מל,"טמפו משקאות בע""מ",IL,ג'אמפ אשכול 500,מיליליטרים,500.00,"100 מ""ל",false,0,5.90,1.18,true,1,
7290010822034,false,גאמפ ענבים פלסטיק 500מל,"טמפו משקאות בע""מ",IL,ג'אמפ ענבים 500,מיליליטרים,500.00,"100 מ""ל",false,0,5.90,1.18,true,1,
7290011026066,false,"ד""ר פישר - סרקל שמפו + מרכך לילדים 1 ליטר",פישר מעבדות פרמצבטיות בע,IL,סרקל 2 ב1-,ליטרים,1.00,ליטר,false,0,27.90,27.90,true,1,
7290011026523,false,שמפו לתינוק לפני השינה Senstive עם לבנדר וקמומיל,פישר מעבדות פרמצבטיות בע,IL,אל דמע קמיל,מיליליטרים,500.00,"100 מ""ל",false,0,19.90,3.98,true,1,
7290011026530,false,ק.ב סנסטיב אל סבון לבנדר קמומיל לפני השינה 500 מ,פישר מעבדות פרמצבטיות בע,IL,אל סבון קמיל,מיליליטרים,500.00,"100 מ""ל",false,0,19.90,3.98,true,1,
7290011113902,false,"טיטניום - בלאק בושם לגבר א.ד.ט 100 מ""ל",קרליין,IL,א.ד.ט BLACK,מיליליטרים,100.00,"100 מ""ל",false,0,54.90,54.90,true,1,
7290011114039,false,קרליין - עפרון עיניים ללא חידוד 212,קרליין,DE,עפרון עיניים,יחידה,1.00,יחידה,false,0,29.90,29.90,true,1,
7290011115166,false,נקה 7 ארומה סבון נוזלי לבנדר 1 ל',טרופיקל דגיל תעשיות,IL,תחליב רחצה נקה 7,ליטרים,1.00,ליטר,false,0,14.90,14.90,true,1,
7290011116231,false,קרליין - שפתון ליפ קולור 710,קרליין,IL,שפתון דו צדדי,יחידה,1.00,יחידה,false,0,64.90,64.90,true,1,
7290011116590,false,סומק עמיד 20,קרליין,IL,סומק עמיד,יחידה,1.00,יחידה,false,0,50.90,50.90,true,1,
7290011116712,false,"קרליין - מייק אפ סטיי לונג 607 30 מ""ל",קרליין,IL,מ.אפ ביו ג'ניק,מיליליטרים,30.00,"100 מ""ל",false,0,89.90,299.67,true,1,
7290011132507,false,סן בנדטו- מים מנרליים - מוגז עדין 500 מל,אקווה מינרלה סאן בנדטו ב,IT,סאן בנדטו מוגז 0,מיליליטרים,500.00,"100 מ""ל",false,0,5.00,1.00,true,1,
7290011332983,false,מגבונים לניקוי אף מגבונאף קמיל בלו- מארז שלישייה,פישר מעבדות פרמצבטיות בע,IL,מגבונאף קמיל בלו,יחידה,1.00,יחידה,false,0,23.90,23.90,true,1,
7290011447359,false,תחליף חלב מטרנה מהדרין שלב 1 חלבי 700 גרם,מולינו ניקולי s.p.a,IL,מטרנה מהדרין,גרמים,700.00,100 גרם,false,0,55.90,7.99,true,1,
7290011447373,false,תחליף חלב מטרנה מהדרין שלב 2 חלבי 700 גרם,מטרנה תעשיות ש.מ,IL,מטרנה מהדרין,גרמים,700.00,100 גרם,false,0,55.90,7.99,true,1,
7290011517564,false,רוז לאב ליין דאו.רול און 48 ללא אלומיניו,חלאבין Halvin,IL,דאו.רולאון,מיליליטרים,80.00,"100 מ""ל",false,0,19.90,24.88,true,1,
7290011525323,false,אל סבון טיפולי לתינוק קמיל בלו סנסטיב שיבולת שועל,פישר מעבדות פרמצבטיות בע,IL,אל סבון קמיל בלו,מיליליטרים,500.00,"100 מ""ל",false,0,21.90,4.38,true,1,
7290011525712,false,"קמיל בלו אל סבון סנסיטיב לפני השינה ד""ר פישר 1 ליטר",פישר מעבדות פרמצבטיות בע,IL,אלסבון קמיל,ליטרים,1.00,ליטר,false,0,24.90,24.90,true,1,
7290011607180,false,"אבקת כביסה קולון 101 1.25 ק""ג",ריקט בנקיזר ( ניר אי,IL,אבקת כביסה קולון,קילוגרמים,1.25,"ק""ג",false,0,15.90,12.72,true,1,
7290011618025,false,בייבי ביס הוט קידס נגיסי אורז לתינוק,גואנז'ו יונג וואנט פ,CN,בייבי ביס,גרמים,50.00,100 גרם,false,0,14.90,29.80,true,1,
7290011622305,false,כתמטמינים חטיף לתינוקות אצבעות בוטנים ותירס - רביעיה,הארט Heart,IL,רביעיית כתמתמים,גרמים,80.00,100 גרם,false,0,11.90,14.88,true,1,
7290011622428,false,כתמטמינים-חטיף בריאות לתינוקות וילדים 45 ג',מיוצר עבור גולדן האר,IL,חטיף בריאות,גרמים,45.00,100 גרם,false,0,7.50,16.67,true,1,
7290011622442,false,טבעונים - חטיף טבעות דגנים מלאים בטעם טבעי 45 גרם,הארט Heart,IL,חטיף בריאות,גרמים,45.00,100 גרם,false,0,7.50,16.67,true,1,
7290011622763,false,ביסקוויטמינים פלוס בטעם וניל 150 גרם,מולינו ניקולי s.p.a,IL,ביסקויטמינים,גרמים,150.00,100 גרם,false,1,16.90,11.27,true,1,
7290011622770,false,אצבעונים - פלוס בטעם וניל 130 גרם,מצות אביב בעמ,IL,אצבעונים בטעם ונ,גרמים,130.00,100 גרם,false,1,23.90,18.38,true,1,
7290011714871,false,בליסטקס סטיק פטל לימון,מדיליין פריגו,IL,בליסטיק רפיל תות,יחידה,1.00,יחידה,false,0,9.90,9.90,true,1,
7290011743833,false,"משחת שיניים פרונאמל סנסודיין 75 מ""ל",גלקסו סמית קליין,GB,משחת שיניים,מיליליטרים,75.00,"100 מ""ל",false,0,21.90,29.20,true,1,
7290011744892,false,"אקווה פרש - משחת שיניים ילדים ג'וניור 6+ 50 מ""ל",גלקסו סמית קליין,SK,משחת שיניים א.פ,מיליליטרים,50.00,"100 מ""ל",false,0,14.90,29.80,true,1,
7290011765316,false,מברשת שיניים לילדים עם שעון 4-8 אורביטול,החברה הדרומית,CN,מברשת שיניים,יחידה,1.00,יחידה,false,0,10.90,10.90,true,1,
7290011870232,false,שלט מארז 8 סוללה פוג,פוג'יקום,CN,סוללות פוג'יקום,יחידה,1.00,יחידה,false,0,16.90,16.90,true,1,
7290011870263,false,סוללה אצבע מארז 8 פו,פוג'יקום,CN,סוללות פוג'יקום,יחידה,1.00,יחידה,false,0,16.90,16.90,true,1,
7290011912642,false,ליסטרין שטיפת פה הגנה על השיניים והחניכי,ג'\ונסון אנד ג'\ונסון,IT,מי פה ליסטרין,מיליליטרים,500.00,"100 מ""ל",false,0,19.90,3.98,true,1,
7290012117428,false,"ג'ל רחצה ושמפו מעיינות מנטה קרמה מן 700 מ""ל",טרופיקל דגיל תעשיות,IL,קרמה ג'ל רחצה,מיליליטרים,700.00,"100 מ""ל",false,0,22.90,3.27,true,1,
7290012117534,false,מרכך כביסה מרוכז תכלת קול סנו מקסימה 1 ליטר,"סנו מפעלי ברונוס בע""\מ",IL,מקסימה ס.מרוכז,ליטרים,1.00,ליטר,false,0,17.90,17.90,true,1,
7290012117558,false,מקסימה מרכך כביסה מרוכז ורוד בניחוח מאסק סנו 1 ליטר,"סנו מפעלי ברונוס בע""\מ",IL,מקסימה ס.מרוכז,ליטרים,1.00,ליטר,false,0,17.90,17.90,true,1,
7290012117626,false,שטיפת פה דנטלית לילדים בטעם ענבים בוב ספוג,קוסמופארם בע'\'\מ,IL,אורביטול מי פה,מיליליטרים,250.00,"100 מ""ל",false,0,16.90,6.76,true,1,
7290012193071,false,גורדן קסמי שיניים דקים מארז זוג,ג'ורדן,IL,ג'ורדן מארז זוג,יחידה,1.00,יחידה,false,0,28.90,28.90,true,1,
7290012350245,false,"קרליין - קרם יום משקם רויואל 50 מ""ל",קרליין,IL,רויול קרם יום,מיליליטרים,50.00,"100 מ""ל",false,0,140.00,280.00,true,1,
7290012350252,false,"קרליין - קרם יום לילה רויואל 50 מ""ל",קרליין,IL,רויול קרם לילה,מיליליטרים,50.00,"100 מ""ל",false,0,140.00,280.00,true,1,
7290012350276,false,"קרליין - סרום רויואל 30 מ""ל",קרליין,IL,REVIVAL סרום,מיליליטרים,30.00,"100 מ""ל",false,0,140.00,466.67,true,1,
7290012350412,false,קרליין - מסיר איפור דו פאזי ורוד,קרליין,IL,מסיר איפור,מיליליטרים,260.00,"100 מ""ל",false,0,44.90,17.27,true,1,
7290012350672,false,קרליין - עפרון שפתיים עם חידוד 164,קרליין,DE,עפרון שפתיים,יחידה,1.00,יחידה,false,0,29.90,29.90,true,1,
7290012367700,false,קרם גוף אינטנסיב רליף Intensive relief לעור יבש ומגורה,פישר מעבדות פרמצבטיות בע,IL,קרם גוף,מיליליטרים,700.00,"100 מ""ל",false,0,24.90,3.56,true,1,
7290012367717,false,קרם ידיים וציפורניים Intensive relief לעור יבש ומגורה,פישר מעבדות פרמצבטיות בע,IL,קרם ידיים,מיליליטרים,150.00,"100 מ""ל",false,0,9.90,6.60,true,1,
7290012367823,false,"ד""ר פישר - אמול לתינוק שמן רחצה טיפולי לעור יבש במיוחד 200 מ""ל",פישר מעבדות פרמצבטיות בע,IL,אמול שמן אמבט,מיליליטרים,200.00,"100 מ""ל",false,0,58.90,29.45,true,1,
7290012367908,false,שמן טיפולי לתינוק בתוספת אלוורה Kamil Blue Sensitive,פישר מעבדות פרמצבטיות בע,IL,קמיל בלו שמן,מיליליטרים,200.00,"100 מ""ל",false,1,16.90,8.45,true,1,
7290012491047,false,מאמי קייר שמפו קלנדולה לתינוק,מאמי קר Mommy Care,IL,שמפו קלנדולה,מיליליטרים,400.00,"100 מ""ל",false,0,29.90,7.48,true,1,
7290012491368,false,מגבונים אקולוגיים 72 יח,מאמי קר,IL,מגבונים מאמי קר,יחידה,1.00,יחידה,false,0,12.90,12.90,true,1,
7290012491405,false,"סבון טבעי לניקוי בקבוקים, מוצצים ומשאבות חלב",מאמי קר Mommy Care,IL,סבון ניקוי בקבוק,מיליליטרים,230.00,"100 מ""ל",false,0,26.90,11.70,true,1,
7290012771095,false,L.L רולאון 48 שעות ללא ריח 80 מל,חלאבין,IL,חלאבלין רול און,מיליליטרים,80.00,"100 מ""ל",false,0,19.90,24.88,true,1,
7290012823237,false,"תחליב רחצה קרמה בריזת ים 700 מ""ל",החברה הדרומית,IL,קרמה תחליב רחצה,מיליליטרים,700.00,"100 מ""ל",false,0,18.90,2.70,true,1,
7290012854408,false,בליסטקס מנטה -בליסטר חדש,מדיליין פריגו,US,בליסטקס בטעם מנט,יחידה,1.00,יחידה,false,0,9.90,9.90,true,1,
7290012938580,false,"סנסודיין משחת שיניים להלבנה עדינה 75 מ""ל",גלקסוסמית'\קליין קונסיומ,GB,משחת סנסודיין,מיליליטרים,75.00,"100 מ""ל",false,0,18.90,25.20,true,1,
7290012938924,false,אקוהפרש מי פה ללא אלכוהול 500 מל,מולינו ניקולי s.p.a,GB,מי פה אקווה פרש,מיליליטרים,500.00,"100 מ""ל",false,0,20.90,4.18,true,1,
7290013083661,false,תחליף חלב מטרנה אקסטרה קר שלב 1 700 גרם,מטרנה תעשיות ש.מ,IL,מטרנה אקסטרה קר,גרמים,700.00,100 גרם,false,0,59.90,8.56,true,1,
7290013083678,false,תחליף חלב מטרנה אקסטרה קר שלב 2 700 גרם,מולינו ניקולי s.p.a,IL,מטרנה אקסטרה קר,גרמים,700.00,100 גרם,false,0,59.90,8.56,true,1,
7290013083685,false,תחליף חלב מטרנה אקסטרה קר שלב 3 חסכון 700 גרם,מטרנה תעשיות ש.מ,IL,מטרנה אקסטרה קר,גרמים,700.00,100 גרם,false,0,59.90,8.56,true,1,
7290013268020,false,מקסימה מרכך כביסה מרוכז בניחוח אולטרא פרש סנו 1 ליטר,"סנו מפעלי ברונוס בע""\מ",IL,מרכך כביסה,ליטרים,1.00,ליטר,false,0,17.90,17.90,true,1,
7290013269003,false,מרכך כביסה סופר מרוכז בייבי לתינוקות ולעור רגיש,"סנו מפעלי ברונוס בע""\מ",IL,מקסימה מרכך,ליטרים,1.00,ליטר,false,0,17.90,17.90,true,1,
7290013269287,false,סנו - מקסימה ג'ל כביסה מרוכז מאסק 3 ליטר,"סנו מפעלי ברונוס בע""\מ",IL,ג'ל כביסה מרוכז,ליטרים,3.00,ליטר,false,0,29.90,9.97,true,1,
7290013269621,false,ריצפז פרש לניקוי רצפות בניחוח מלון בוטיק,מיוצר עי קונדיטוריית,IL,ריצפז פרש הום,ליטרים,2.00,ליטר,false,1,24.90,12.45,true,1,
7290013269645,false,ריצפז פרש מטליות לחות לריצפה בניחוח מאסק 10 יחידות,סנו מפעלי ברונוס בעמ,IL,מטליות ריצפז,יחידה,1.00,יחידה,false,0,14.90,14.90,true,1,
7290013269751,false,מטליות לחותריצפז פרש לניקוי ריצפה בניחות מלון בוטיק 10 יח' סנו,טרופיקל דגיל תעשיות,IL,מטליות ריצפז,יחידה,1.00,יחידה,false,1,14.90,14.90,true,1,
7290013310323,false,נובי קליפס עם מחזיק וסרט,LTD E.L.CO,CN,נובי קליפס,יחידה,1.00,יחידה,false,1,27.90,27.90,true,1,
7290013310637,false,מברשת לניקוי בקבוקים,נובי Nuby,CN,מברשת לבקבוק,יחידה,1.00,יחידה,false,0,48.90,48.90,true,1,
7290013412294,false,15חיתולי אקסטרה סטרונ L,DPL פרומדיקו,IL,חיתולי נועם,יחידה,1.00,יחידה,false,0,59.90,59.90,true,1,
7290013412317,false,נועם סופט אול-נייט מלא XL,"DPLבע""מ",IL,חיתולי נועם,יחידה,1.00,יחידה,false,0,65.90,65.90,true,1,
7290013412324,false,טפטפים 30 מגבונים לאף,כצט,,טפטפים מגבונים,יחידה,1.00,יחידה,false,0,12.90,12.90,true,1,
7290013412348,false,נועם סדינית 15 יחידות,DPL פרומדיקו,IL,נועם סדינית,יחידה,1.00,יחידה,false,0,51.90,51.90,true,1,
7290013412409,false,טופ פד ספוגנית מקסי 15 י'ח,DPL,IL,נועם סופגנית 15,יחידה,1.00,יחידה,false,1,15.90,15.90,true,1,
7290013652157,false,"ד""ר פישר - נטורל קר מגבונים להסרת איפור לעור רגיל יבש 30 יח' * 3",פישר מעבדות פרמצבטיות בע,IL,מגבונים 3 יח,יחידה,1.00,יחידה,false,0,19.90,19.90,true,1,
7290013652171,false,"ד""ר פישר - נטורל קר מגבונים להסרת איפור לעור שמן מעורב 30 יח' * 3",פישר מעבדות פרמצבטיות בע,IL,שלישיית מגובונים,יחידה,1.00,יחידה,false,0,19.90,19.90,true,1,
7290013652812,false,"נטורל קר קרם ידיים רגיל/יבש 150 מ""ל",פישר מעבדות פרמצבטיות בע,IL,קרם ידיים נטורל,מיליליטרים,150.00,"100 מ""ל",false,0,14.90,9.93,true,1,
7290013756343,false,לנסינו משחה לאמהות מניקות 40 גרם,מדי-קיור,,משחת לנסינו,גרמים,40.00,100 גרם,false,0,63.90,159.75,true,1,
7290013848437,false,"קרמה - דאודורנט ספריי לגבר אקטיב בלוק 200 מ""ל",מיוצר עי אמיליה קוסמ,IL,דאו.קרמה מן,מיליליטרים,200.00,"100 מ""ל",false,0,23.90,11.95,true,1,
7290013863591,false,חלאבילין סטיק דאודורנט 60 מל,חלאבין,IL,דאו' סטיק חלאבין,מיליליטרים,60.00,"100 מ""ל",false,1,19.90,33.17,true,1,
7290013971555,false,סוללות פוג'יקום 4AAA+8AA,פוג'יקום,CN,סוללות פוג'יקום,יחידה,1.00,יחידה,false,0,23.90,23.90,true,1,
7290014059436,false,"משחת שיניים סנסודיין 75 מ""ל פרימיום לשיקום והגנה מלבינה 75 מ""ל","סמית קליין ביצ'ם בע""",GB,משחת סנסודיין,מיליליטרים,75.00,"100 מ""ל",false,0,21.90,29.20,true,1,
7290014258716,false,תרכובת מזון צמחי על בסיס חלבון סויה מגיל לידה,מטרנה תעשיות ש.מ,IL,מטרנה צמחי,גרמים,700.00,100 גרם,false,0,47.90,6.84,true,1,
7290014397507,false,מבשם אויר סנו פרש הום בניחוח מאסק מעודן 350 מ''ל,מיוצר עי קונדיטוריית,IL,סנופרש מאסק מעוד,מיליליטרים,350.00,"100 מ""ל",false,0,12.90,3.69,true,1,
7290014424111,false,שעווה ברולר דובדבן 100 מ,,IT,שעווה ברולר,מיליליטרים,100.00,"100 מ""ל",false,1,14.90,14.90,true,1,
7290014424234,false,פראנס ביוטי שעווה ברולר תפוח,,IT,שעווה ברולר תפוח,מיליליטרים,100.00,"100 מ""ל",false,0,14.90,14.90,true,1,
7290014426061,false,משחת שיניים הלו קיטי בטעם ענבים לגיל 2-6,כצט נוביס,IL,משחת שיניים,מיליליטרים,50.00,"100 מ""ל",false,0,11.90,23.80,true,1,
7290014525313,false,חטיפי סלים דליס קריספי שוקולד מרבה 125 גרם,סלים דליס Slim Delis,NL,סלים דליס חטיפים,גרמים,125.00,100 גרם,false,1,15.90,12.72,true,1,
7290014547322,false,סנסודין זוג מברשות שיניים שיקום כחול+תכל,סנסודיין,CN,מברשות שיניים2יח,יחידה,1.00,יחידה,false,0,19.90,19.90,true,1,
7290014547353,false,סנסודין זוג מברשות שיניים דואלקר ירוק+יר,"L Co., Industrial Shummi",CN,2 מברשו סנסודיין,יחידה,1.00,יחידה,false,1,29.90,29.90,true,1,
7290014648081,false,סכיני גילוח חד פעמי לה בלה עשירייה,נינגבי הווארד,CN,סכיני גילוח ח.פ.,יחידה,1.00,יחידה,false,1,9.90,9.90,true,1,
7290014648920,false,PHARMA DENTקיסמים דנטלים 200יח',,IL,קיסמים דנטליים,יחידה,1.00,יחידה,false,1,10.90,10.90,true,1,
7290014648944,false,PHARMA DENTקיסמי מברשת דו צדדיים 300יח,,IL,קיסמי מברשות דו,יחידה,1.00,יחידה,false,1,10.90,10.90,true,1,
7290014649033,false,שלישיית ספוגי רחצה ע,,IL,ספוג רחצה מפנק,יחידה,1.00,יחידה,false,1,11.90,11.90,true,1,
7290014855403,false,15חיתולי אקסטרה סטרונג M,DPL פרומדיקו,IL,חיתולי נועם,יחידה,1.00,יחידה,false,0,59.90,59.90,true,1,
7290014855434,false,מגבונים בייביסיטר פרפורמנס מבושם רביעיה,בייביסיטר Babysitter,IL,מגבונים לחים 4יח,יחידה,1.00,יחידה,false,1,15.90,15.90,true,1,
7290014855458,false,מגבוני בייביסיטר פרפורמנס ללא בישום מארז 72X4יח',בייביסיטר Babysitter,IL,מגבונים לחים 4יח,יחידה,1.00,יחידה,false,1,15.90,15.90,true,1,
7290014855731,false,נועם מגבוני מבוגרים 72 יח' (9 יח' בקרטון),DPL פרומדיקו,IL,מגבונים למבוגרים,יחידה,1.00,יחידה,false,0,18.90,18.90,true,1,
7290014901261,false,"מסכה קרטין לאחר החלקה ועיצוב בחום סטייל 500 מ""ל",א.ל ארמן ייצור תמרוק,IL,מסכת קרטין,מיליליטרים,500.00,"100 מ""ל",false,0,34.90,6.98,true,1,
7290014901308,false,"סנסודיין משחת שיניים להגנה מלאה 75 מ""ל - סדרת פרמיום","סמית קליין ביצ'ם בע""",GB,משחת סנסודיין,מיליליטרים,75.00,"100 מ""ל",false,0,21.90,29.20,true,1,
7290014901896,false,"מי פה סנסודיין מנטה מרענן 500 מ""ל",גלקסוסמיתקליין,GB,סנסודיין מי פה,מיליליטרים,500.00,"100 מ""ל",false,1,19.90,3.98,true,1,
7290014952935,false,מאמי קייר מגבוני אף ופנים אקולוגים ומתכל,מאמי קר,IL,מאמי קר מגבונים,יחידה,1.00,יחידה,false,1,13.90,13.90,true,1,
7290014989689,false,בליסטקס ליפ בריליאנס,מדיליין פריגו,US,בליסטקס ליפ בריל,יחידה,1.00,יחידה,false,0,9.90,9.90,true,1,
7290015025942,false,"קרם ידיים קלאסי עם שמן שקדים פנג'ל 80 מ""ל",מיוצר עי קונדיטוריית,IL,קרם ידיים פנג'ל,מיליליטרים,80.00,"100 מ""ל",false,1,8.50,10.63,true,1,
7290015155823,false,מחית תפוחי עץ חטיפטף ללא תוספת סוכר,פרוטה פודיווין איי.א,CZ,חטיפטף פרינוק,גרמים,120.00,100 גרם,false,1,5.00,4.17,true,1,
7290015156790,false,מחית לפתן פירות חטיפטף ללא תוספת סוכר,פרוטה פודווין איי.אס,CZ,חטיפטף פרינוק,גרמים,120.00,100 גרם,false,1,5.00,4.17,true,1,
7290015176361,false,מברשת שיניים חשמלית למבוגרים-FJ-TBFJ-ABLUE,פוג'יקום,CN,מברשת שיניים,יחידה,1.00,יחידה,false,1,29.90,29.90,true,1,
7290015176378,false,מברשת שיניים חשמלית למבוגרים-FJ-TBFJ-APURPLE,פוג'יקום,CN,מברשת שיניים,יחידה,1.00,יחידה,false,1,29.90,29.90,true,1,
7290015176491,false,כבל מקצועי לאייפון יח',פוג'יקום,CN,כבל מקצועי לאיפו,יחידה,1.00,יחידה,false,1,54.90,54.90,true,1,
7290015366663,false,"משחת שיניים מנטה עדין אקווה פרש 100 מ""ל",גלקסוסמיתקליין,SK,משחה אקווה פרש,מיליליטרים,100.00,"100 מ""ל",false,1,7.90,7.90,true,1,
7290015366670,false,משחת שיניים הגנה משולשת מנטה מרענן,גלקסוסמיתקליין,SK,משחה אקווה פרש,מיליליטרים,100.00,"100 מ""ל",false,1,7.90,7.90,true,1,
7290015366731,false,סטייל שמן ארגן קוקוס 120 מל,א.ל ארמן,IL,שמן לשיער סטייל,מיליליטרים,120.00,"100 מ""ל",false,1,46.90,39.08,true,1,
7290015412308,false,מברשת שיער לקשרים ספא,מישל מרסייה,IL,מברשת ספא,יחידה,1.00,יחידה,false,1,49.00,49.00,true,1,
7290015424882,false,פמינה מגבונים אינטימיים 20 יח TO GO,פמינה,IL,מגבונים פמינה,יחידה,1.00,יחידה,false,1,14.90,14.90,true,1,
7290015550727,false,קפיץ להסרת שיער רייס ורוד,מג'יק,CN,קפיץ וי להסרת שי,יחידה,1.00,יחידה,false,0,79.30,79.30,true,1,
7290015733205,false,תרכובת מזון לתינוקות חלבי שלב 1 אקסטרה קר מהדרין,נסטלה,IL,מטרנה אקסטרה,גרמים,700.00,100 גרם,false,1,59.90,8.56,true,1,
7290015733229,false,תרכובת מזון לתינוקות חלבי שלב 2 אקסטרה קר מהדרין,מטרנה,IL,מטרנה אקסטרה,גרמים,700.00,100 גרם,false,1,59.90,8.56,true,1,
7290015733243,false,מטרנה אקסטרה קייר מהדרין שלב 3 700 גרם,מטרנה תעשיות ש.מ.,IL,מטרנה אקסטרה,גרמים,700.00,100 גרם,false,1,59.90,8.56,true,1,
7290015733427,false,מטרנה דייסת גם וגם וניל פרו12*300ג 2019,מולינו ניקולי s.p.a,IL,דייסת מטרנה,גרמים,300.00,100 גרם,false,1,19.90,6.63,true,1,
7290015733977,false,תרכובת מזון קומפורט על בסיס חלבי דל לקטוז,מטרנה תעשיות ש.מ.,IL,מטרנה קומפורט עם,גרמים,700.00,100 גרם,false,1,69.90,9.99,false,1,
7290015793469,false,"קרם להקלה בגירוי, צריבה ותפרחת חיתולים לעור רגיש",אורה קרם,IL,אורה קרם שפורפרת,גרמים,90.00,100 גרם,false,1,19.90,22.11,true,1,
7290015793476,false,אורה קרם - משחה לתפרחת חיתולים,אורה קרם,IL,אורה קרם שפורפרת,גרמים,200.00,100 גרם,false,1,31.90,15.95,true,1,
7290015968386,false,נשכן נובי שרשרת ספארי,LTD E.L.CO,CN,נשכן נובי,יחידה,1.00,יחידה,false,1,54.90,54.90,true,1,
7290016197495,false,ניקול זוג מטליות הקסם מיקרופייבר לרצפה,חוגלה קימברלי,CN,מטלית לרצפה 2יח,יחידה,1.00,יחידה,false,1,24.90,24.90,true,1,
7290016197600,false,דיפנד - תחבושת לנשים נורמל 12 יח',קימברלי קלארק,VN,תחבושות דיפנד,יחידה,1.00,יחידה,false,1,21.90,21.90,true,1,
7290016197617,false,תחבושת לנשים אקסטרה דיפנד 10 יחידות,קימברלי קלארק,VN,תחבושות דיפנד,יחידה,1.00,יחידה,false,1,21.90,21.90,true,1,
7290016197624,false,תחבושות לנשים סופר דיפנד 8 יחידות,קימברלי קלארק,VN,תחבושות דיפנד,יחידה,1.00,יחידה,false,1,21.90,21.90,true,1,
7290016230888,false,סוללות V3 5) יחידות( 5 י,פוג'יקום,IL,סוללות V3,יחידה,1.00,יחידה,false,1,21.90,21.90,true,1,
7290016299168,false,"ARGANIA סרום קיק לחיזוק שורש השערה 100 מ""ל",ארגניה,IL,סרום קיק לחיזוק,מיליליטרים,100.00,"100 מ""ל",false,1,48.90,48.90,true,1,
7290016299618,false,"ARGANIA שמפו קיק ללא מלחים ,ללא SLS ,ללא פארבן 450 מ""ל",ארגניה יצור ושיווק,IL,שמפו קיק,מיליליטרים,450.00,"100 מ""ל",false,1,38.90,8.64,true,1,
7290016299755,false,"ARGANIA מרכך קיק ללא מלחים ,ללא SLS ,ללא פארבן 400 מ""ל",ארגניה יצור ושיווק,IL,מרכך קיק,מיליליטרים,450.00,"100 מ""ל",false,1,38.90,8.64,true,1,
7290016299885,false,"ARGANIA מסיכה קיק לחיזוק השורש והשיערה 500 מ""ל",שיווק TEVACOM,IL,מסיכת קיק,מיליליטרים,500.00,"100 מ""ל",false,1,44.90,8.98,true,1,
7290016321531,false,מגע הדבש רצועות שעווה אלוורה 12 יח,שוורצקוף& הנקל דיסלד,IL,12רצועות שעווה,יחידה,1.00,יחידה,false,1,28.90,28.90,true,1,
7290016321661,false,פרש וואנס SENSITIVE מגבונים ללא בישום רביעייה 72 יחידות,עלבד משואות יצחק,IL,פרש וואנס 4יח,יחידה,1.00,יחידה,false,1,18.90,18.90,true,1,
7290016321678,false,מגבונים לחים בניחוח מרענן עם תמציות קמומיל ואלוורה,עלבד משואות יצחק,IL,פרש וואנס 4 יח,יחידה,1.00,יחידה,false,1,18.90,18.90,true,1,
7290016329315,false,סרקל ספריי מתיר קשרים לילדים לשיער מתולתל,פישר מעבדות פרמצבטיות בע,IL,סרקל מתיר קשרים,מיליליטרים,300.00,"100 מ""ל",false,1,24.90,8.30,true,1,
7290016350012,false,דאו סטיק לגבר גולדן 80מל,א.משי תעשיות,IL,דאו סטיק לגבר,מיליליטרים,80.00,"100 מ""ל",false,1,14.90,18.63,true,1,
7290016437423,false,דיפנד תחתון סופג L נשים 16 יח גזרה גבוהה,KC Vietnam,IL,תחתון דיפנד,יחידה,1.00,יחידה,false,1,67.90,67.90,true,1,
7290016437430,false,דיפנד - גזרה גבוה תחתון אקסטרה לארג' נשים 16 יח',KC Vietnam,IL,תחתון דיפנד,יחידה,1.00,יחידה,false,1,67.90,67.90,true,1,
7290016437591,false,קוטקס - תחתונים סופגים לנשים לאחר לידה מדיום 8 יח',חוגלה קימברלי,KR,תחתונים סופגים,יחידה,1.00,יחידה,false,0,36.90,36.90,true,1,
7290016437607,false,קוטקס - תחתונים סופגים לנשים לאחר לידה לארג' 8 יח',חוגלה קימברלי,KR,תחתונים סופגים,יחידה,1.00,יחידה,false,0,36.90,36.90,true,1,
7290016437614,false,"תחתוני חיתולים פרידום דריי מידה 3 6-11 ק""ג",האגיס Huggies,IL,חיתולי האגיס,יחידה,1.00,יחידה,false,1,48.90,48.90,true,1,
7290016437621,false,חיתולי האגיס פרידום דריי pants מידה 4 36 יחידות,קימברלי קלארק צ'כיה,CZ,חיתולי האגיס,יחידה,1.00,יחידה,false,1,48.90,48.90,true,1,
7290016437645,false,חיתולי האגיס פרידום דריי pants מידה 5 34 יחידות,קימברלי קלארק צ'כיה,CZ,חיתולי האגיס,יחידה,1.00,יחידה,false,1,48.90,48.90,true,1,
7290016437652,false,חיתולי האגיס פרידום דריי pants מידה 6 30 יחידות,קימברלי קלארק צ'כיה,CZ,חיתולי האגיס,יחידה,1.00,יחידה,false,1,48.90,48.90,true,1,
7290016509786,false,פרסיל גל לכביסה לבנה וצבעונית-ירוק 2.5 ל,"הנקל סוד בע""\מ",IL,ג'ל כביסה פרסיל,ליטרים,2.50,ליטר,false,1,29.90,11.96,true,1,
7290016509830,false,ג'ל כביסה לבגדי תינוקות ובעלי עור רגיש Sensitive,"הנקל סוד בע""\מ",IL,ג'ל כביסה בייבי,ליטרים,2.50,ליטר,false,1,29.90,11.96,true,1,
7290016621365,false,אל סבון היגייני לניקוי יסודי קמיל Clean & Moisture,פישר מעבדות פרמצבטיות בע,IL,אל סבון קמיל,ליטרים,1.00,ליטר,false,1,15.90,15.90,true,1,
7290016692150,false,"סבון טבעי לניקוי בקבוקים, מוצצים ומשאבות חלב",מאמי קר Mommy Care,IL,סבון לניקוי,מיליליטרים,500.00,"100 מ""ל",false,0,46.90,9.38,true,1,
7290016692198,false,מאמי קייר משחת החתלה קלנדולה קלאסיק,מאמי קר Mommy Care,IL,קלאסיק משחת החתל,מיליליטרים,120.00,"100 מ""ל",false,1,24.50,20.42,true,1,
7290016866643,false,פרודונטקס מ.שיניים אקסטרה פרש 75 מל,פרודונטקס Parodontax,SK,משחה פרודונטקס,מיליליטרים,75.00,"100 מ""ל",false,1,31.90,42.53,true,1,
7290016866650,false,"פרודונטקס - משחת שיניים אוריג'ינל 75 מ""ל",פרודונטקס Parodontax,SK,משחה פרודונטקס,מיליליטרים,75.00,"100 מ""ל",false,1,31.90,42.53,true,1,
7290016866667,false,"פרודונטקס - משחת שיניים ללא פלאוריד 75 מ""ל",פרודונטקס Parodontax,SK,משחה פרודונטקס,מיליליטרים,75.00,"100 מ""ל",false,1,31.90,42.53,true,1,
7290016866674,false,"פרודונטקס - משחת שיניים מלבינה 75 מ""ל",פרודונטקס Parodontax,SK,משחה פרודונטקס,מיליליטרים,75.00,"100 מ""ל",false,1,31.90,42.53,true,1,
7290016866735,false,סטייל קרם לחות קרטין E 400 מל לשיקום שיע,א.ל. ארמן,IL,קרם לחות קרטין,מיליליטרים,400.00,"100 מ""ל",false,1,34.90,8.73,true,1,
7290017019376,false,מגבונים לחים למבוגרים לוטוס,MOR DAN,IL,מגבונים לחים למב,יחידה,1.00,יחידה,false,1,19.90,19.90,true,1,
7290017031477,false,"סנסודיין משחת שיניים רפיד רליף להלבנה 75 מ""ל","סמיתקליין ביצ'ם בע""מ",GB,משחת סנסודיין,מיליליטרים,75.00,"100 מ""ל",false,1,21.90,29.20,true,1,
7290017031811,false,פרודונטקס מברשת שיניים אקסטרא סופט א.זוג,גלקסוסמיתקליין,CN,מברשות פרודונטקס,יחידה,1.00,יחידה,false,1,19.90,19.90,true,1,
7290017088051,false,בייביסיטר - חיתולי סטנדרט מידה 3 - 52 יח',די.פי.אל תעשיות מוצרים ח,IL,חיתולי בייביסיטר,יחידה,1.00,יחידה,false,1,32.90,32.90,true,1,
7290017088082,false,בייביסיטר - חיתולי סטנדרט מידה 5 - 36 יח',די.פי.אל תעשיות מוצרים ח,IL,חיתולי בייביסיטר,יחידה,1.00,יחידה,false,1,32.90,32.90,true,1,
7290017088099,false,בייביסיטר - חיתולי סטנדרט מידה 6 - 30 יח',די.פי.אל תעשיות מוצרים ח,IL,חיתולי בייביסיטר,יחידה,1.00,יחידה,false,1,32.90,32.90,true,1,
7290017088327,false,רבעיית מגבונים בייביסיטר אקסטרא סופט ללא בישום 64 יחידות,די.פי.אל בעמ,IL,מגבוני בייביסיטר,יחידה,1.00,יחידה,false,1,15.90,15.90,true,1,
7290017088464,false,תחבושות סופגנית מקסי לונג טופ פד 20 יח',D.P.L,IT,טופ פד,יחידה,1.00,יחידה,false,1,19.90,19.90,true,1,
7290017088495,false,תחבושות טופ פד אקסטרה 20 יח',D.P.L,IT,טופ פד,יחידה,1.00,יחידה,false,1,9.90,9.90,true,1,
7290017088822,false,BREEZE תחבושות לבריחת שתן אקסטרה (10 יח'),ניאופארם,IT,בריז תחבושות שתן,יחידה,1.00,יחידה,false,1,18.90,18.90,true,1,
7290017088839,false,BREEZE תחבושות לבריחת שתן אקסטרה פלוס (8 יח'),ניאופארם,IT,בריז תחבושות שתן,יחידה,1.00,יחידה,false,1,18.90,18.90,true,1,
7290017088860,false,BREEZE תחתונים לבריחת שתן מידה L יח' 14,ניאופארם,IT,בריז תחתונים,יחידה,1.00,יחידה,false,1,67.90,67.90,true,1,
7290017088877,false,BREEZE תחתונים לבריחת שתן מידה XL יח' 14,ניאופארם,IT,בריז תחתונים,יחידה,1.00,יחידה,false,1,67.90,67.90,true,1,
7290017088891,false,15חיתולי סופט אול נייט M,"DPLבע""מ",IL,חיתולי נועם,יחידה,1.00,יחידה,false,1,65.90,65.90,true,1,
7290017088983,false,חיתולי בייביסיטר ניו בורן מידה 2 38 יחי',די.פי.אל תעשיות מוצרים ח,IL,חיתול דק מידה 2,יחידה,1.00,יחידה,false,1,26.90,26.90,true,1,
7290017197029,false,אל סבון la belle מאסק לבן 1 ל,,IL,אל סבון מאסק לבן,ליטרים,1.00,ליטר,false,0,9.90,9.90,true,1,
7290017197364,false,אל סבון לבנדר סגול 1 לי,,IL,אל סבון לבנדר,ליטרים,1.00,ליטר,false,0,9.90,9.90,true,1,
7290017440323,false,"ד""ר פישר - קידס שמפו + מרכך ויטמינים 750 מ""ל","ד""ר פישר Dr fischer",IL,שמפו+מרכך קידס,מיליליטרים,750.00,"100 מ""ל",false,1,16.90,2.25,true,1,
7290017457932,false,סוד מרכך כביסה מרוכז פרש קונטרול כחול,הנקל סוד,IL,סוד מרכך כחול,מיליליטרים,900.00,"100 מ""ל",false,1,12.90,1.43,true,1,
7290017637587,false,קרם לתלתלים מושלמים 200 מל בוגנים,סאסא קוסמטיקס,IL,MB תרסיס לשיער,מיליליטרים,200.00,"100 מ""ל",false,1,26.90,13.45,true,1,
7290017637600,false,מרכך יומיומי זיכרונות מתוקים 500 מל,סאסא קוסמטיקס,IL,MB מרכך לשיער,מיליליטרים,500.00,"100 מ""ל",false,1,24.90,4.98,true,1,
7290017637648,false,מסכת הזנה בשפורפרת יסמין 250 מל בוגנים,סאסא קוסמטיקס,IL,MB מסיכה לשיער,מיליליטרים,250.00,"100 מ""ל",false,1,27.90,11.16,true,1,
7290017695044,false,"קיט החלקה ושמפו 200 מ""ל",מיסטר בונד,IL,קיט החלקה ושמפו,יחידה,1.00,יחידה,false,1,159.90,159.90,true,1,
7290017695242,false,שמפו ויטמינס אחר החלקה1ל,מיסטר בונד,IL,שמפו ויטמינס לאח,ליטרים,1.00,ליטר,false,1,44.90,44.90,true,1,
7290017695280,false,מרכך שיער ויטמינס 1 ליטר,מיסטר בונד,IL,מרכך שיער ויטמינ,ליטרים,1.00,ליטר,false,1,44.90,44.90,true,1,
7290017695679,false,"מסכת סילבר 500 מ""ל",מיסטר בונד,IL,מסכת סילבר 500 מ,מיליליטרים,500.00,"100 מ""ל",false,1,49.90,9.98,true,1,
7290017872070,false,מארז מגבונים לחים בניחוח מרענן פרש וואנס שלישייה,"ווטנפס בע""\מn\",IL,פרש וואנס מגבון,יחידה,1.00,יחידה,false,1,10.00,10.00,false,1,
7290017872230,false,פרש וונס מגבונים נטורל 100 יח דיספנסר,פרש וואנס Fresh Ones,IL,פרש וואנס מגבון,יחידה,1.00,יחידה,false,1,10.90,10.90,false,1,
7290017873169,false,"פמילי סבון ידיים מועשר בשמן זית 500 מ""ל",טאהא,TR,תחליב רחצה פמלי,מיליליטרים,500.00,"100 מ""ל",false,1,11.90,2.38,true,1,
7290017873206,false,בוטניקל תחליב רחצה לגוף מועשר בשמן זית 700מל',טאהא,TR,תחליב רחצה פמלי,מיליליטרים,700.00,"100 מ""ל",false,1,14.90,2.13,true,1,
7290017873350,false,קרם יד.פנג'ל אינטנסיב100,"דנלוג אינטרקוסמא בע""\מ",IL,קרם ידיים פנג'ל,מיליליטרים,100.00,"100 מ""ל",false,1,9.90,9.90,true,1,
7290017873381,false,תח.גוף פנג'ל אינטנסיב400,אינטרקוסמא,IL,תחליב גוף פנג'ל,מיליליטרים,400.00,"100 מ""ל",false,1,24.90,6.23,true,1,
7290017917382,false,אל סבון היגייני לניקוי יסודי ולהרגע העור clean & calm,"ד""ר פישר Dr fischer",IL,קמיל סבון ידיים,ליטרים,1.00,ליטר,false,1,15.90,15.90,true,1,
7290017917467,false,קמיל בלו סנסטי בשיבולת שועל אל סבון טיפולי לתינוק,"ד""ר פישר Dr fischer",IL,אל סבון ש.שועל,ליטרים,1.00,ליטר,false,1,24.90,24.90,true,1,
7290017917566,false,ד.פישר סילבר שמפו לשיער כסוף ללא מלח,מדי פישר,IL,שמפו,מיליליטרים,400.00,"100 מ""ל",false,1,39.90,9.98,true,1,
7290017928821,false,מקלות גריסיני קלאסי מאיר בייגל 200 גרם,מאיר את בייגל,IL,גריסיני קלאסי,גרמים,200.00,100 גרם,false,1,12.50,6.25,true,1,
7290018043189,false,פראוד - חטיף חלבון בטעם קשיו קרמל 60 גרם,מרס נדרלנד,NL,פראוד חטיף קשיו,גרמים,60.00,100 גרם,false,1,14.90,24.83,true,1,
7290018043196,false,פראוד - חטיף חלבון בטעם שוקולד לבן עוגיות 60 גרם,הרת'סייד פוד סולושיי,NL,פראוד חטיף בטעם,גרמים,60.00,100 גרם,false,1,14.90,24.83,true,1,
7290018080061,false,מברשת אצבע דו צדדית מסיליקון,מאמי קר Mommy Care,CN,מברשת אצבע סליקו,יחידה,1.00,יחידה,false,1,19.90,19.90,true,1,
7290018080276,false,מאמי קר רפידות הנקה 60 יחידות,מאמי קר Mommy Care,CN,רפידות הנקה,יחידה,1.00,יחידה,false,1,49.90,49.90,true,1,
7290018080573,false,רפידות הנקה במבוק 30יח,,JP,רפידות הנקה במבו,יחידה,1.00,יחידה,false,1,29.90,29.90,true,1,
7290018132104,false,נאן סופרים שלב 2 700 גרם,מטרנה תעשיות ש.מ,IL,נאן סופרים שלב 2,גרמים,700.00,100 גרם,false,1,89.90,12.84,true,1,
7290018132340,false,"מטרנה גולד בד""ץ שלב 1 700 גרם",מטרנה תעשיות ש.מ.,IL,מטרנה גולד שלב 1,גרמים,700.00,100 גרם,false,1,73.90,10.56,true,1,
7290018132388,false,מטרנה גולד שלב 2 תרכובת מזון על בסיס חלבי,מטרנה תעשיות ש.מ.,IL,מטרנה גולד שלב 2,גרמים,700.00,100 גרם,false,1,73.90,10.56,true,1,
7290018132425,false,מטרנה גולד שלב 3 תרכובת מזון על בסיס חלבי,מטרנה תעשיות ש.מ.,IL,מטרנה גולד שלב 3,גרמים,700.00,100 גרם,false,1,73.90,10.56,true,1,
7290018182277,false,LA BELLE מקלוני נייר שחור עם צמר גפן צבעוני-כחול 200 יח,,CN,מקלוני נייר שחור,יחידה,1.00,יחידה,false,1,9.90,9.90,true,1,
7290018182284,false,מקלוני נייר שחור 200 יחי,,CN,מקלוני נייר שחור,יחידה,1.00,יחידה,false,1,9.90,9.90,true,1,
7290018182376,false,GARDEN OASIS מארז מעטפה לבבות,,IL,מארז מעטפת לבבות,יחידה,1.00,יחידה,false,1,29.90,29.90,true,1,
7290018182383,false,גרדן אואזיס מארז לוונדר בקבוקי לבבות,General,IL,מארז בקבוקי לבבו,יחידה,1.00,יחידה,false,1,39.90,39.90,true,1,
7290018182406,false,גרדן אואזיס מארז בקבוקי נסיעות פרחים פרא,General,IL,מארז חמישה בקבוק,יחידה,1.00,יחידה,false,1,39.90,39.90,true,1,
7290018182703,false,תוספות שיער לקוקו אריאנה,פארמה דיל,CN,ת.שיער לקוקו,יחידה,1.00,יחידה,false,1,59.90,59.90,true,1,
7290018182710,false,תוספות שיער לקוקו אריאנה,פארמה דיל,CN,ת.שיער לקוקו,יחידה,1.00,יחידה,false,1,59.90,59.90,true,1,
7290018182727,false,תוספות שיער לקוקו אריאנה,פארמה דיל,CN,ת.שיער לקוקו,יחידה,1.00,יחידה,false,1,59.90,59.90,true,1,
7290018182765,false,תוספות שיער לקוקו לורן,פארמה דיל,CN,ת.שיער לקוקו,יחידה,1.00,יחידה,false,1,59.90,59.90,true,1,
7290018182802,false,תוספות שיער לקוקו יסמין,פארמה דיל,CN,ת.שיער לקוקו,יחידה,1.00,יחידה,false,1,49.90,49.90,true,1,
7290018182888,false,קיסמי מברשות רכים מגומי,,IL,קיסמי מברשות גומ,יחידה,1.00,יחידה,false,1,19.90,19.90,true,1,
7290018343340,false,"ד""ר פישר - שמפו משקם לאחר החלקה ללא תוספת מלח 400 מ""ל",פישר מעבדות פרמצבטיות,IL,שמפו משקם,מיליליטרים,400.00,"100 מ""ל",false,1,39.90,9.98,true,1,
7290018343357,false,"ד""ר פישר SMOOTH & REPAIR מרכך משקם לאחר החלקה או עיצוב בחום",פישר מעבדות פרמצבטיות,IL,מרכך משקם,מיליליטרים,400.00,"100 מ""ל",false,1,39.90,9.98,true,1,
7290018343487,false,אלכו ג'ל בשפורפרת H 75מ,CHEMIPAL FISHER (BIO,IL,"אלכו ג'ל H 75מ""ל",מיליליטרים,75.00,"100 מ""ל",false,1,9.90,13.20,true,1,
7290018354506,false,ג'ל עיצוב שיער טיובה250מ,א.משי תעשיות,IL,ג'ל עיצוב שיער,מיליליטרים,250.00,"100 מ""ל",false,1,14.90,5.96,true,1,
7290018493052,false,"ד""ר פישר - אפקטיב קר קרם ידיים מועשר בשמן אבוקדו 100 מ""ל",פישר מעבדות פרמצבטיות,IL,קרם ידיים,מיליליטרים,100.00,"100 מ""ל",false,1,11.90,11.90,true,1,
7290018493076,false,"אפקטיב קר קרם ידייםמועשר בשמן ארגן ד""ר פישר 100 מ""ל",פישר מעבדות פרמצבטיות,IL,קרם ידיים,מיליליטרים,100.00,"100 מ""ל",false,1,11.90,11.90,true,1,
7290018516355,false,מחיט תפוח עץ ושבולות שועל 190 ג' פרינוק גוניור,פרוטה פודווין איי.אס,CZ,פרינוק ארוחה,גרמים,190.00,100 גרם,false,1,5.90,3.11,true,1,
7290018703311,false,פראוד - חטיף חלבון קרם עוגיות קראנצ' 60ג,v.s.i,NL,חטיף חלבון,גרמים,60.00,100 גרם,false,1,13.90,23.17,true,1,
7290018733301,false,"מסכה לשיער מתולתל 10 מ""ל",מיסטר בונד,IL,מסכה לשיער מתולת,מיליליטרים,100.00,"100 מ""ל",false,1,9.90,9.90,true,1,
7290018921029,false,"ד""ר פישר - קמיל בלו מגבוני סנסיטיב 64 יח' * 4",פישר מעבדות פרמצבטיות בע,IL,מגבוני קמיל בלו,יחידה,1.00,יחידה,false,1,21.90,21.90,true,1,
7290018921616,false,רביעיית מגבוני קמיל בלו שיבולת שועל 64 יח',פישר תעשיות,IL,מגבוני קמיל 4יח,יחידה,1.00,יחידה,false,1,23.90,23.90,true,1,
7290018921852,false,"תחליב רחצה מועשר בשמן ארגן 700 מ""ל אפקטיב קר",פישר מעבדות פרמצבטיות בע,IL,תחליב רחצה ארגן,מיליליטרים,700.00,"100 מ""ל",false,1,17.90,2.56,true,1,
7290019014508,false,מרכך כביסה אוריאנטל900מ,סאסא טק,IL,מרכך כביסה,מיליליטרים,900.00,"100 מ""ל",false,1,19.90,2.21,true,1,
7290019014621,false,"מרכך כביסה לגונה 900 מ""ל",סאסא טק,IL,מרכך כביסה לגונה,מיליליטרים,900.00,"100 מ""ל",false,1,19.90,2.21,true,1,
7290019014638,false,מרכך כביסה פרש וויט 900,סאסא טק,IL,מרכך כביסה פרש,מיליליטרים,900.00,"100 מ""ל",false,1,19.90,2.21,true,1,
7290019014683,false,נוזל רצפות פרדייס 1.35 ל,סאסא טק,IL,נוזל לרצפות,ליטרים,1.35,ליטר,false,1,24.90,18.44,true,1,
7290019014706,false,נוזל רצפות פרש וויט1.35ל,סאסא טק,IL,נוזל רצפות פרש,ליטרים,1.35,ליטר,false,1,24.90,18.44,true,1,
7290019014737,false,"מבשם בדים ביץ קלאב500מ""ל",סאסא טק,IL,מבשם בדים קלאב,מיליליטרים,500.00,"100 מ""ל",false,1,19.90,3.98,true,1,
7290019014744,false,מרסס חלונות פרש וויט750מ,סאסא טק,IL,מרסס חלונות פרש,מיליליטרים,750.00,"100 מ""ל",false,1,13.90,1.85,true,1,
7290019014751,false,ניקוי כלים24% פלאוור750מ,סאסא טק,IL,ניקוי כלים 24%,מיליליטרים,750.00,"100 מ""ל",false,1,14.90,1.99,true,1,
7290019014782,false,מרסס אקונומיקה לבנדר750מ,סאסא טק,IL,מרסס אקונומיקה,מיליליטרים,750.00,"100 מ""ל",false,1,16.90,2.25,true,1,
7290019014799,false,מסיר אבנית לאמבטיה 750 מ,סאסא טק,IL,קצף מסיר אבנית,מיליליטרים,750.00,"100 מ""ל",false,1,14.90,1.99,true,1,
7290019014805,false,"מרסס מנקה ריפודים 500מ""ל",סאסא טק,IL,מרסס מנקה ריפוד,מיליליטרים,500.00,"100 מ""ל",false,1,24.90,4.98,true,1,
7290019014812,false,"מרסס מנטרל ריחות 500 מ""ל",סאסא טק,IL,מרסס מנטרל ריחות,מיליליטרים,500.00,"100 מ""ל",false,1,19.90,3.98,true,1,
7290019047582,false,GARDEN OASIS - ערכת מתנה לאמבטיה פרחים פראיים,,IL,ערכה לאמבט,יחידה,1.00,יחידה,false,1,59.90,59.90,true,1,
7290019047612,false,GARDEN OASIS - מארז מקופלת פרחים פראיים,,IL,מארז מקופלת,יחידה,1.00,יחידה,false,1,29.90,29.90,true,1,
7290019047629,false,GARDEN OASIS - מארז מקופלת לאמבטיה מהדורת חורף,,IL,מארז לאמבט,יחידה,1.00,יחידה,false,1,29.90,29.90,true,1,
7290019274087,false,"ארוסול קצף לאסלות 400מ""ל",סאסא טק,IL,ארוסול קצף ניקוי,מיליליטרים,400.00,"100 מ""ל",false,1,19.90,4.98,true,1,
7290019274100,false,"מרסס לגיהוץ קל 500 מ""ל",סאסא טק,IL,מרסס לגיהוץ קל,מיליליטרים,500.00,"100 מ""ל",false,1,19.90,3.98,true,1,
7290019274315,false,קוקהנומיקה לבנדר 1.25 ל,,IL,קוקנומיקה לבנדר,ליטרים,1.25,ליטר,false,1,14.90,11.92,true,1,
7290100270516,false,עפרון גבות היי פרסיז'ן02,גייד,IT,עפרון גבות היי פ,יחידה,1.00,יחידה,false,0,39.00,39.00,true,1,
7290100271568,false,עפרון עינים הייפרסיז'ן07,גייד,IT,עפרון עינים הייפ,יחידה,1.00,יחידה,false,0,39.00,39.00,true,1,
7290100273500,false,INTENSE איילנר שחור,גייד,IT,INTENSE איילנר,יחידה,1.00,יחידה,false,0,85.00,85.00,true,1,
7290100412732,false,"תחליב גוף לעור יבש וילד פלאויר דר עור 400 מ""ל","אמיליה קוסמטיקס בע""מ",IL,תחליב גוף דר עור,מיליליטרים,400.00,"100 מ""ל",false,1,21.90,5.48,true,1,
7290100412763,false,"תחליב רחצה ד""ר עור לבנדר 700 מ""ל","אמיליה קוסמטיקס בע""מ",IL,תחליב רחצה,מיליליטרים,700.00,"100 מ""ל",false,1,14.90,2.13,true,1,
7290100412787,false,"ד""ר עור - תחליב רחצה קלאסי בניחוח פריחת הכותנה 700 מ""ל","אמיליה קוסמטיקס בע""מ",IL,תחליב רחצה,מיליליטרים,700.00,"100 מ""ל",false,1,14.90,2.13,true,1,
7290100850916,false,דוריטוס חמוץ חריף מעודן 70 גרם כשר לפסח,"שטראוס פריטו ליי בע""\מ )",IL,דוריטוס חמוץ ח,גרמים,70.00,100 גרם,false,0,4.90,7.00,true,1,
7290100850923,false,דוריטוס בטעם גריל 70 גרם,"שטראוס פריטו ליי בע""\מ )",IL,דוריטוס גריל,גרמים,70.00,100 גרם,false,0,4.90,7.00,true,1,
7290100922569,false,קרם לטיפוח עוד הידיים והגוף- מארז שלישייה,טרופיקל דגיל,IL,קרם ידיים ולווטה,מיליליטרים,300.00,"100 מ""ל",false,0,15.90,5.30,true,1,
7290100925669,false,קולור קאצ'ר - דפים למכונת כביסה 10 יח',"הנקל סוד בע""\מ",IE,דפי קולור קאצ'ר,יחידה,1.00,יחידה,false,1,13.90,13.90,true,1,
7290101278955,false,איילנר טוש שחור,גייד,IT,איילנר טוש שחור,יחידה,1.00,יחידה,false,0,59.00,59.00,true,1,
7290101279662,false,OIL MUSK ICON א.ד.פ לאשה,גייד בישום,IL,M-O ICON א.ד.פ,מיליליטרים,50.00,"100 מ""ל",false,0,109.00,218.00,true,1,
7290101488286,false,"ליידי ספיד סטיק - דאודורנט ספריי לאישה 24/7 פרש פיוזן ורוד 150 מ""ל",ליידי ספיד סטיק Lady Speed Stick,RU,ליידי ספיד סטיק,מיליליטרים,150.00,"100 מ""ל",false,0,14.90,9.93,true,1,
7290101488316,false,ליידי ספיד סטיק - דאודורנט סטיק לאישה ללא סימן ורוד סטיק 65 גרם,ליידי ספיד סטיק Lady Speed Stick,US,ליידי ספיד סטיק,גרמים,65.00,100 גרם,false,0,17.90,27.54,true,1,
7290101488323,false,ליידי ספיד סטיק - דאודורנט סטיק לאישה ללא סימן ירוק סטיק 65 גרם,ליידי ספיד סטיק Lady Speed Stick,US,ליידי ספיד סטיק,גרמים,65.00,100 גרם,false,0,17.90,27.54,true,1,
7290101551027,false,קפסולות קפה אספרסו חזק במיוחד 14 עלית 10 יח',הנסיך- מפעל לייצור ט,IL,קפסולות מס' 14,גרמים,50.00,100 גרם,false,1,19.90,39.80,true,1,
7290101864127,false,"ספריי להסרת כתמים 750 מ""ל וניש קליה",קליה וניש Kalia Vanish,IL,קליה ספריי,מיליליטרים,750.00,"100 מ""ל",false,0,14.90,1.98,true,1,
7290101865261,false,"פיניש נוזל הברקה למדיח 800 מ""ל",רקיט בנקיזר,PL,פיניש נוזל הברקה,מיליליטרים,800.00,"100 מ""ל",false,0,14.90,1.86,true,1,
7290102060979,false,"אלמקס משחת שיניים למניעת עששת 100מ""ל",יבואן ומשווק: ש. שסט,PL,משחת שיניים,מיליליטרים,100.00,"100 מ""ל",false,0,17.90,17.90,true,1,
7290102062195,false,"משחת שיניים לילדים לגילאי 6-12 אלמקס 75 מ""ל",יבואן ומשווק: ש. שסט,PE,משחת אלמקס,מיליליטרים,75.00,"100 מ""ל",false,0,17.90,23.87,true,1,
7290103121600,false,"ספיד סטיק - דאודורנט ספריי לגבר 24/7 קול פיוזן 150 מ""ל",קולגייט פלמוליב,RU,דאו.ספיד סטיק,מיליליטרים,165.00,"100 מ""ל",false,0,14.90,9.03,true,1,
7290103124588,false,"סבון נוזלי ארומה בניחוח לבנדר פטצ'ולי פלמוליב 750 מ""ל",הנסיך- מפעל לייצור ט,TR,סבון פלמוליב,מיליליטרים,750.00,"100 מ""ל",false,0,17.90,2.38,true,1,
7290103124601,false,"תחליב רחצה נוזל חלב ודבש משאבה 750מ""ל פלמוליב",הנסיך- מפעל לייצור ט,TR,סבון פלמוליב,מיליליטרים,750.00,"100 מ""ל",false,0,17.90,2.38,true,1,
7290103126797,false,"משחת שיניים קולגייט סנסיטיב פרו רליף 75 מ""ל",הנסיך- מפעל לייצור ט,BR,משחת קולגייט,מיליליטרים,75.00,"100 מ""ל",false,0,19.90,26.53,true,1,
7290103129378,false,ספיד סטיק - דאודורנט ג'ל לגבר איקס 5 85 גרם,הנסיך- מפעל לייצור ט,US,דאו. ספיד סטיק,גרמים,85.00,100 גרם,false,0,17.90,21.06,true,1,
7290103129392,false,ליידי ספיד סטיק פרש אסנס פרח הפרזיה סטיק 65 גר,ליידי ספיד סטיק Lady Speed Stick,US,ליידי ספיד סטיק,גרמים,65.00,100 גרם,false,0,17.90,27.54,true,1,
7290103330057,false,עפרון עיניים עמיד 305 יח,גייד,IT,עפרון עיניים עמי,יחידה,1.00,יחידה,false,0,49.00,49.00,true,1,
7290103330149,false,עפרון עיניים עמיד 300 יח,גייד,IT,עפרון עיניים 300,יחידה,1.00,יחידה,false,0,49.00,49.00,true,1,
7290103333294,false,"גייד סרום עם תמצית רימונים 30 מ""ל",דניה,IL,HYDRA סרום,מיליליטרים,30.00,"100 מ""ל",false,0,109.00,363.33,true,1,
7290103334321,false,BLACK VANILLA ICON שמן,גייד בישום,IL,VANILLA ICON שמן,מיליליטרים,30.00,"100 מ""ל",false,0,119.00,396.66,true,1,
7290103336738,false,עפרון עיניים מטאליק100,גייד,IT,עפרון עיניים מטא,יחידה,1.00,יחידה,false,0,49.00,49.00,true,1,
7290103336745,false,עפרון עיניים מטאליק101,גייד,IT,עפרון עיניים מטא,יחידה,1.00,יחידה,false,0,49.00,49.00,true,1,
7290103336769,false,עפרון עיניים מטאליק103,גייד,IT,עפרון עיניים מטא,יחידה,1.00,יחידה,false,0,49.00,49.00,true,1,
7290104068539,false,מאסט פליפטופ מלון ואבטיח ללא גרעינים,"שטראוס גרופ בע""מ",IL,מסטיק מאסט,גרמים,28.00,100 גרם,false,0,4.90,17.50,true,1,
7290104500572,false,אפרופו חטיף תירס איטליאנו אסם 50 גרם,מיוצר עי קונדיטוריית,IL,אפרופו איטליאנו,גרמים,50.00,100 גרם,false,0,6.90,13.80,true,1,
7290104960055,false,קרליין - שפתון קולור קוד B15,קרליין,IL,שפתון קולור קוד,יחידה,1.00,יחידה,false,0,59.90,59.90,true,1,
7290104960116,false,קרליין - שפתון קולור קוד N40,קרליין,IL,שפתון קולור קוד,יחידה,1.00,יחידה,false,0,59.90,59.90,true,1,
7290104960215,false,שפתון קולור קוד P36,קרליין,IL,שפתון קולור קוד,יחידה,1.00,יחידה,false,0,59.90,59.90,true,1,
7290104960888,false,קרליין - שפתון ליפ קולור 714,קרליין,IL,שפתון ליפקולור,יחידה,1.00,יחידה,false,0,64.90,64.90,true,1,
7290104961229,false,"מי פנים לניקוי, הסרה ורענון הפנים לעור רגיל או יבש",קרליין Careline,IL,מי פנים,מיליליטרים,260.00,"100 מ""ל",false,0,39.90,15.35,true,1,
7290104961649,false,קרליין - מברשת דו צדדית 06,קרליין,CN,מברשת דו צדדי,יחידה,1.00,יחידה,false,0,24.90,24.90,true,1,
7290104961663,false,קרליין - מברשת צללית שטוחה 04,קרליין,CN,מברשת צלליות,יחידה,1.00,יחידה,false,0,24.90,24.90,true,1,
7290104961670,false,קרליין - מברשת סומק והצללה 03,קרליין,CN,מברשת סומק,יחידה,1.00,יחידה,false,0,34.90,34.90,true,1,
7290104961878,false,"שמפו לשיער קרטין אינטנס פורמולה 400 מ""ל נטורל",נטורל פורמולה Natural Formula,IL,שמפו קרטין,מיליליטרים,400.00,"100 מ""ל",false,0,29.90,7.48,true,1,
7290104961885,false,מרכך קרטין טהור לשיער שעבר החלקה או עיצוב בחום,נטורל פורמולה Natural Formula,IL,מרכך קרטין,מיליליטרים,400.00,"100 מ""ל",false,0,29.90,7.48,true,1,
7290104961892,false,מסכת קרטין טהור לשיער שעבר החלקה או עיצוב בחום,נטורל פורמולה Natural Formula,IL,מסכת קרטין,מיליליטרים,350.00,"100 מ""ל",false,0,39.90,11.40,true,1,
7290104961922,false,"קרליין - פריימר אול אין 1 30 מ""ל",קרליין,IL,פריימר IN ALL 1,מיליליטרים,30.00,"100 מ""ל",false,1,103.90,346.33,true,1,
7290104962134,false,דאודורנט קרליין רול און נושם לנערות ללא אלומיניום,מיוצר עי : אמיליה קוסמטי,IL,רול און נושם,מיליליטרים,75.00,"100 מ""ל",false,0,13.90,18.53,true,1,
7290104962509,false,נ.פורמולה קרם הגנה קרטין אינטנס,נטורל פורמולה Natural Formula,IL,קרם קרטין,מיליליטרים,145.00,"100 מ""ל",false,0,39.90,27.52,true,1,
7290104962608,false,קרליין - שפתון ליפ קולור 715,קרליין,IL,שפתון,יחידה,1.00,יחידה,false,1,64.90,64.90,true,1,
7290104962707,false,קרליין 25 מגבונים להסרת איפור דיספנסר,קרליין,IL,מגבונים לפנים,יחידה,1.00,יחידה,false,1,14.90,14.90,true,1,
7290104963018,false,סופטקר מגבונים לחים רביעייה ללא בישום,החברה הדרומית,IL,מגבונים סופטקר,יחידה,1.00,יחידה,false,1,19.90,19.90,true,1,
7290104963025,false,לק 397,קרל.איפור/טיפוח,IL,לק 397,יחידה,1.00,יחידה,false,0,14.90,14.90,true,1,
7290104963223,false,סופטקר - אל סבון עדין לתינוק לעור רגיש 1 ליטר,קוסמופארם בע'\'\מ,IL,סופטקר אל סבון,ליטרים,1.00,ליטר,false,1,18.90,18.90,true,1,
7290104963377,false,קרליין - עפרון שפתיים עם חידוד 169,קרל.איפור/טיפוח,IL,עפרון שפתייםעם ח,יחידה,1.00,יחידה,false,0,29.90,29.90,true,1,
7290104963452,false,קרליין - עפרון גבות 01 ASH BEIGE,קרל.איפור/טיפוח,CN,עפרון גבות משולש,יחידה,1.00,יחידה,false,0,29.90,29.90,true,1,
7290104963667,false,שמפו ותחליב רחצה אל דמע סופט קר 1 ליטר,קוסמופארם בע'\'\מ,IL,סופטקר 2ב1-,ליטרים,1.00,ליטר,false,1,18.90,18.90,true,1,
7290104963681,false,קרליין - אייליינר ג'ל שחור,קרל.איפור/טיפוח,IL,איילנר ג'ל,יחידה,1.00,יחידה,false,0,54.90,54.90,true,1,
7290104963995,false,קרליין אויל פרי-פילינג גרגרים לעור שמן,אגיס,IL,אויל פרי גרגירים,מיליליטרים,150.00,"100 מ""ל",false,1,34.90,23.27,true,1,
7290104964084,false,"קרליין - מולטי אפקט קרם יום 50 מ""ל 25SPF",זוהר קוסמטיקה,IL,EFFECT MULTI קרם,מיליליטרים,50.00,"100 מ""ל",false,1,44.90,89.80,true,1,
7290104964091,false,"קרליין - מולטי אפקט קרם לילה 50 מ""ל",פאר פארם בעמ,IL,קרם לילה,מיליליטרים,50.00,"100 מ""ל",false,1,44.90,89.80,true,1,
7290104964107,false,"קרליין - מולטי אפקט קרם עיניים 30 מ""ל",פאר פארם בעמ,IL,EFFECT MULTI קרם,מיליליטרים,30.00,"100 מ""ל",false,1,44.90,149.67,true,1,
7290104964213,false,"קרליין - פילינג פנים לניקוי עמוק 150 מ""ל",אמיליה קוסמטיקס,IL,פילינג לפנים,מיליליטרים,150.00,"100 מ""ל",false,1,34.90,23.27,true,1,
7290104964220,false,קרליין קליר סקין גל מרענן לניקוי הפנים,אמיליה קוסמטיקס,IL,ג'ל לניקוי פנים,מיליליטרים,300.00,"100 מ""ל",false,1,34.90,11.63,true,1,
7290104964251,false,"תרחיץ פנים פעולה משולשת מסכה, פילינג וניקוי","קוסמופארם בע""\מ",IL,תרחיץ פנים,מיליליטרים,150.00,"100 מ""ל",false,1,34.90,23.27,true,1,
7290104964435,false,קרליין - קונסילר כיסוי גבוה 02,,IL,קונסילר לכיסוי מ,יחידה,1.00,יחידה,false,1,54.90,54.90,true,1,
7290104964466,false,קרליין - מסקרה בולד מעגלת שחור,,IL,BOLD מסקרה מעגלת,יחידה,1.00,יחידה,false,1,69.90,69.90,true,1,
7290104964626,false,בושם לאישה STORY מ-4,קרליין,IL,STORY 4,מיליליטרים,50.00,"100 מ""ל",false,1,69.00,138.00,true,1,
7290104964763,false,"קרליין - ספלאש קרם לחות ליום 50 מ""ל 20SPF",קרליין Careline,IL,ספלאש קרם לחות,מיליליטרים,50.00,"100 מ""ל",false,1,79.90,159.80,true,1,
7290104964770,false,"קרליין - ספלאש קרם לילה 50 מ""ל",קרליין Careline,IL,ספלאש קרם לילה,מיליליטרים,50.00,"100 מ""ל",false,1,79.90,159.80,true,1,
7290104964787,false,"קרליין - ספלאש קרם עיניים 30 מ""ל",אגיס,IL,ספלאש קרם עיניים,מיליליטרים,30.00,"100 מ""ל",false,1,79.90,266.33,true,1,
7290104964817,false,"BLACK POWDER - בושם לאישה א.ד.פ 50 מ""ל",,IL,POWDRE BLACK,מיליליטרים,50.00,"100 מ""ל",false,1,69.00,138.00,true,1,
7290104964916,false,קרליין - מגבונים להסרת איפור דו פאזי 25 יח',קוסמופארם,IL,מגבוני דו פזי פח,יחידה,1.00,יחידה,false,1,14.90,14.90,true,1,
7290104964954,false,קרליין מסכת בד זהב למיצוק וזוהר לעור,קרליין,IL,מסכת בד טיפוח זה,יחידה,1.00,יחידה,false,1,10.00,10.00,true,1,
7290104964961,false,קרליין מסכת בד ויטמין C למראה עור אחיד ו,קרליין,IL,מסכת בד טיפוח,יחידה,1.00,יחידה,false,1,10.00,10.00,true,1,
7290104965012,false,קונסילר לכיסוי מלא 05 יח,,IL,קונסילר לכיסוי מ,יחידה,1.00,יחידה,false,1,54.90,54.90,true,1,
7290104965029,false,שפתון קולור גלוס 40 יח',,IL,שפתון קולור גלוס,יחידה,1.00,יחידה,false,1,39.90,39.90,true,1,
7290104965555,false,"מיס קו א.ד.פ לאשה 100מ""ל",קרליין,IL,מיס קו א.ד.פ לאש,מיליליטרים,100.00,"100 מ""ל",false,1,129.90,129.90,true,1,
7290104969928,false,"קרליין - סי פאוור קרם לילה 50 מ""ל",פאר פארם בעמ,IL,פאוור סי קרם ליל,מיליליטרים,50.00,"100 מ""ל",false,1,49.90,99.80,true,1,
7290105360328,false,קפסולות אספרסו חזק למכונות נספרסו 10 יח',הנסיך- מפעל לייצור ט,IL,קפסולות מס' 10,גרמים,50.00,100 גרם,false,0,19.90,39.80,true,1,
7290105363602,false,מקלות כיף כף קלאסי עלית 40 גרם,שולן צ'\יקולטה גידה סאן.,TR,כיף כף מקלות,גרמים,40.00,100 גרם,false,0,6.50,16.25,true,1,
7290105364289,false,מקלות כיף כף פצפוצים עלית 40 גרם,שולן צ'\יקולטה גידה סאן.,TR,כיף כף מקלות,גרמים,40.00,100 גרם,false,0,6.50,16.25,true,1,
7290105430441,false,תחליב רחצה סחלב שחור וקרם לחות Naturals משאבה,הנסיך- מפעל לייצור ט,TR,סבון פלמוליב,מיליליטרים,750.00,"100 מ""ל",false,0,17.90,2.38,true,1,
7290105430458,false,תחליב רחצה מועשר בשקדים וקרם לחות Naturals משאבה,הנסיך- מפעל לייצור ט,TR,סבון פלמוליב,מיליליטרים,750.00,"100 מ""ל",false,0,17.90,2.38,true,1,
7290105431868,false,"פלמוליב ספא קוקוס גרגרים נוזלי 500 מ""ל",הנסיך- מפעל לייצור ט,TR,פלמוליב ספא,מיליליטרים,500.00,"100 מ""ל",false,0,18.90,3.78,true,1,
7290105433985,false,ליידי ספיד סטיק פרש אסנס פריחת הדובדבן סטיק 65 גר,ליידי ספיד סטיק Lady Speed Stick,US,ליידי ספיד סטיק,גרמים,65.00,100 גרם,false,0,17.90,27.54,true,1,
7290105434050,false,ספיד סטיק - דאודורנט סטיק לגבר XL ירוק רגיולר 85 גרם,קולגייט פלמוליב,US,דאו. ספיד סטיק,יחידה,1.00,יחידה,false,0,17.90,17.90,true,1,
7290105434067,false,ספיד סטיק - דאודורנט סטיק לגבר XL אושן סרף 85 גרם,קולגייט פלמוליב,US,דאו. ספיד סטיק,יחידה,1.00,יחידה,false,0,17.90,17.90,true,1,
7290105691248,false,אסם חטיפי פריכונים טורטייה תירס 60 גרם,"פרח תעשיות מזון בע""מ.",IL,קריספי טורטיה,גרמים,60.00,100 גרם,false,0,10.90,18.17,true,1,
7290106290358,false,PEARL ICON א.ד.פ לאשה,גייד בישום,IL,PEARL ICON לאשה,מיליליטרים,50.00,"100 מ""ל",false,0,159.00,318.00,true,1,
7290106290761,false,עפרון שפתיים עמיד90 יח',גייד,IT,עפרון שפתיים 90,יחידה,1.00,יחידה,false,0,49.00,49.00,true,1,
7290106292666,false,לק קריסטל 482 יח',גייד,FR,לק קריסטל 482,יחידה,1.00,יחידה,false,0,29.00,29.00,true,1,
7290106293175,false,COAT TOP לק ג'ל,גייד,FR,COAT TOP לק ג'ל,מיליליטרים,13.00,"100 מ""ל",false,0,29.00,223.08,true,1,
7290106293304,false,לק 497,גייד,FR,לק 497,יחידה,1.00,יחידה,false,0,29.00,29.00,true,1,
7290106294752,false,שפתון גלוס עמיד29 יח',גייד,IT,שפתון גלוס עמ29,יחידה,1.00,יחידה,false,0,79.00,79.00,true,1,
7290106295445,false,שפתון טרו קולור142 יח',גייד,IT,שפתון טרו קולור1,יחידה,1.00,יחידה,false,0,69.00,69.00,true,1,
7290106296503,false,INSTINCT ICON א.ד.ט לאשה,גייד בישום,IL,INSTINCT ICONאשה,מיליליטרים,100.00,"100 מ""ל",false,0,149.00,149.00,true,1,
7290106296909,false,גייד קצף ניקוי מרגיע 150 מל,דניה,IL,SOOTHING קצף,מיליליטרים,150.00,"100 מ""ל",false,0,49.00,32.67,true,1,
7290106298927,false,OIL MUSK ICON דאודורנט,גייד בישום,IL,M ICON דאודורנט,מיליליטרים,70.00,"100 מ""ל",false,0,39.00,55.71,true,1,
7290106299054,false,ליפגלוס קריסטל לייטס600,גייד,IL,ליפגלוס קריסטל ל,יחידה,1.00,יחידה,false,0,79.00,79.00,true,1,
7290106299139,false,שפתון טרו קולור245 יח',גייד,IT,שפתון טרו קולור2,יחידה,1.00,יחידה,false,0,69.00,69.00,true,1,
7290106299542,false,גייד מגבונים להסרת איפור לעיניים ולפנים,דניה,IL,מגבון מסיר איפור,יחידה,1.00,יחידה,false,0,35.00,35.00,true,1,
7290106720626,false,צ'יטוס קראנצ' בטעם גבינה - חלבי,"שטראוס פריטו ליי בע""\מ )",IL,ציטוס גבינה,גרמים,80.00,100 גרם,false,1,4.90,6.13,true,1,
7290107280020,false,שלישיית מטליות לחות לניקוי כללי סנו סושי 50 יחידות,טרופיקל דגיל- תעשיות,IL,מטליות לחות מארז,יחידה,1.00,יחידה,false,0,26.90,26.90,true,1,
7290107280549,false,"סנו - K400 קוטל זבובים ויתושים 300 מ""ל","סנו מפעלי ברונוס בע""מ",IL,400-K ק.יתושים,מיליליטרים,300.00,"100 מ""ל",false,0,14.90,4.97,true,1,
7290107280761,false,נוזל לניקוי כלים בניחוח לימון רענן סנו ספארק Spark,מיוצר עי קונדיטוריית,IL,נוזל כלים לימון,ליטרים,1.00,ליטר,false,0,12.90,12.90,true,1,
7290107536042,false,מארז גיפט קארד מרובע ניי,.,IL,מארז גיפטקארד,יחידה,1.00,יחידה,false,1,6.00,6.00,true,1,
7290107646147,false,"חטיף שוגי קורנפלקס תלמה 156 גרם מארז 6 יחידות בד""צ",יוניליוור ישראל מזון בעמ,IL,חטיפי שוגי 6 יח,גרמים,156.00,100 גרם,false,1,15.90,10.19,true,1,
7290107937627,false,מסטיק מאסט Must קוביות ללא סוכר בטעם מנטה עדינה,אסקום קונפקשיין,DE,קוביות מסטיק,גרמים,58.00,100 גרם,false,1,12.90,22.24,true,1,
7290107951715,false,צנצנת מסטיק מאסט קוביות בטעם ענבים 58 ג' עלית,אסקום קונפקשיין,IL,מסטיק קוביות,גרמים,58.00,100 גרם,false,1,12.90,22.24,true,1,
7290107956925,false,קפסולות 13 אוגנדה למכונת נספרסו עלית 10יח',שטראוס קפה בי.וי.,IL,קפסולות קפה,גרמים,50.00,100 גרם,false,1,19.90,39.80,true,1,
7290107956932,false,קפסולות אספרסו אידונזיה למכונות 50 גר,שטראוס קפה בי.וי.,IL,קפסולות אינדונזי,גרמים,50.00,100 גרם,false,1,19.90,39.80,true,1,
7290107971751,false,מי פה קולגייט טוטל ללא אלכוהול פפרמינט,יבואן ומשווק: ש. שסט,PL,מי פה קולגייט,מיליליטרים,500.00,"100 מ""ל",false,1,17.90,3.58,true,1,
7290107973014,false,"סבון ידיים משאבה פלמוליב חלב ודבש 300 מ""ל",הנסיך- מפעל לייצור ט,TR,סבון ידיים,מיליליטרים,300.00,"100 מ""ל",false,1,10.90,3.63,true,1,
7290107973038,false,"סבון ידיים משאבה פלמוליב אקווריום 300 מ""ל",הנסיך- מפעל לייצור ט,IT,סבון פלמוליב,מיליליטרים,300.00,"100 מ""ל",false,1,10.90,3.63,true,1,
7290107974301,false,ליידי ספיד סטיק - דאודורנט ג'ל לאישה אלוורה 45 גרם,ליידי ספיד סטיק Lady Speed Stick,US,ליידי ספיד סטיק,גרמים,45.00,100 גרם,false,1,17.90,39.78,true,1,
7290107974646,false,מרידול נשימה רעננה שטיפת פה 400 מל,הנסיך- מפעל לייצור ט,PL,מרידול מי פה,מיליליטרים,400.00,"100 מ""ל",false,1,33.90,8.48,true,1,
7290107975544,false,"קולגייט משחת שיניים סמיילס ברבי לגילאי 6 50מ""ל",קולגייט- פלמוליב,PL,משחת שיניים,מיליליטרים,50.00,"100 מ""ל",false,1,15.90,31.80,true,1,
7290107977753,false,"משחת שיניים פרודונט אקספרס 75 מ""ל ""מרידול""",קולגייט פלמוליב,PL,משחת שיניים,מיליליטרים,75.00,"100 מ""ל",false,1,24.90,33.20,true,1,
7290108350722,false,אורביטול גוניור משחת שיניים בוב ספוג 70ג,טרופיקל דגיל תעשיות קוסמ,IL,משחת אורביטול +6,מיליליטרים,70.00,"100 מ""ל",false,1,11.90,17.00,true,1,
7290108351484,false,"POWDRE קרם גוף 250 מ""ל",,IL,קרם גוף POWDRE,מיליליטרים,250.00,"100 מ""ל",false,1,27.90,11.16,true,1,
7290108351613,false,סנו ריצפז פרש הום 2 ליטר בניחוח מלון חלומי,"סנו מפעלי ברונוס בע""\מ",IL,ריצפז פרש הום,ליטרים,2.00,ליטר,false,1,24.90,12.45,true,1,
7290108352078,false,"שטיפת פה protective salt אורביטול 500 מ""ל",טרופיקל דגיל תעשיות,IL,אורביטול שטיפה,מיליליטרים,500.00,"100 מ""ל",false,1,19.90,3.98,true,1,
7290108352085,false,"מי פה אורביטול רעננות חריפה 500 מ""ל",טרופיקל דגיל תעשיות,IL,אורביטול שטיפה,מיליליטרים,500.00,"100 מ""ל",false,1,16.90,3.38,true,1,
7290108352092,false,משחת שיניים אורביטול פרוטקטיב סולט בטעם מנטה,טרופיקל דגיל תעשיות קוסמ,IL,משחת אורביטול,גרמים,145.00,100 גרם,false,1,12.90,8.90,true,1,
7290108352641,false,סנו סושי מטלית הפלא לניקוי כללי במארז שלישייה,סנו מפעלי ברונוס.,IL,מטליות הפלא 3 יח,יחידה,1.00,יחידה,false,1,13.90,13.90,true,1,
7290108353099,false,ממחטות אף במארז ניילון סנו סופט 5 יח' * 100 דף,טרופיקל דגיל תעשיות,IL,ממחטות סופט מארז,יחידה,1.00,יחידה,false,1,13.70,13.70,true,1,
7290108353716,false,"קרמה - תחליב רחצה חימר פיטאיה 500 מ""ל","קוסמופארם בע""\מn\",IL,תחליב רחצה חימר,מיליליטרים,500.00,"100 מ""ל",false,1,14.90,2.98,true,1,
7290108353891,false,"קרמה - דאודורנט רול און לאישה קרמה מאסק 75 מ""ל","קוסמופארם בע""\מ",IL,דאודורנט קרמה,מיליליטרים,75.00,"100 מ""ל",false,1,13.90,18.53,true,1,
7290108353907,false,"קרמה - דאודורנט רול און לאישה קרמה קלאסי 75 מ""ל","קוסמופארם בע""\מ",IL,דאודורנט קרמה,מיליליטרים,75.00,"100 מ""ל",false,1,13.90,18.53,true,1,
7290108353969,false,"קרמה - דאודורנט ספריי לאישה קרמה מאסק 150 מ""ל",מיוצר עי : אמיליה קוסמטי,IL,דאודורנט קרמה,מיליליטרים,150.00,"100 מ""ל",false,1,16.90,11.27,true,1,
7290108353983,false,"קרמה - קרם גוף קרמה קלאסי 500 מ""ל",טרופיקל דגיל תעשיות,IL,קרם גוף קלאסי,מיליליטרים,500.00,"100 מ""ל",false,1,19.90,3.98,true,1,
7290108353990,false,"קרמה - קרם גוף קרמה מאסק 500 מ""ל",טרופיקל דגיל תעשיות,IL,קרם גוף מאסק,מיליליטרים,500.00,"100 מ""ל",false,1,19.90,3.98,true,1,
7290108354140,false,קרליין - נושם מגבוני דיאורדורנט פיור ורוד,החברה הדרומית,IL,מגבוני דאודורנט,יחידה,1.00,יחידה,false,1,9.90,9.90,true,1,
7290108354263,false,אורביטול גוניור משחת שיניים חד קרן 70גרם,טרופיקל דגיל תעשיות קוסמ,IL,משחה אורביטול +6,מיליליטרים,70.00,"100 מ""ל",false,1,11.90,17.00,true,1,
7290108354416,false,"תחליב רחצה יוגה בניחוח ברגמוט+ משאבה 600 מ""ל","קוסמופארם בע""\מ",IL,קרמה תחליב רחצה,מיליליטרים,600.00,"100 מ""ל",false,1,19.90,3.32,true,1,
7290108354591,false,"תחליב רחצה בניחוח מי קקטוס ושמן באבאסו 750 מ""ל נקה 7","אמיליה קוסמטיקס בע""מ",IL,תחליב רחצה נקה 7,מיליליטרים,750.00,"100 מ""ל",false,1,12.90,1.72,true,1,
7290108354911,false,"שמפו, ג'ל רחצה וגילוח מועשר בתמצית אלוורה",טרופיקל דגיל תעשיות,IL,קרמה 3ב1,מיליליטרים,700.00,"100 מ""ל",false,1,22.90,3.27,true,1,
7290108354980,false,קרם ידיים מרוכז לידיים יבשות מאוד ללא בישום,קוסמופארם,IL,קרם ידיים מרוכז,מיליליטרים,50.00,"100 מ""ל",false,1,12.90,25.80,true,1,
7290108355000,false,"שמפו מיניונים לילדים נקה 7 750 מ""ל",אמיליה קוסמטיקס,IL,שמפו נקה7,מיליליטרים,750.00,"100 מ""ל",false,1,13.90,1.85,true,1,
7290108355031,false,"נקה 7 אל סבון לילדים מיניונים 750 מ""ל",קוסמופארם בע'\'\מ,IL,אל סבון נקה7,מיליליטרים,750.00,"100 מ""ל",false,1,13.90,1.85,true,1,
7290108355062,false,לחו.לשיער מקצועי קרטין נטורל פורמולה 400,אמיליה קוסמטיקס,IL,לחות נט.פורמולה,מיליליטרים,400.00,"100 מ""ל",false,1,29.90,7.48,true,1,
7290108355086,false,"גלייז מקצועי לשיער נטורל פורמולה 350 מ""ל",נטורל פורמולה Natural Formula,IL,גלייז נט.פורמולה,מיליליטרים,350.00,"100 מ""ל",false,1,39.90,11.40,true,1,
7290108355116,false,אלסבון בייבי כיף לפני השינה+משאבה 750 מ,קוסמופארם,IL,בייבי כיף אלסבון,מיליליטרים,750.00,"100 מ""ל",false,1,17.90,2.39,true,1,
7290108355260,false,"נקה 7-שמפו 3ב1 שמפו ג'ל רחצה וסבון פנים לגבר 750 מ""ל","אמיליה קוסמטיקס בע""מ",IL,נקה7 שמפו/לרחצה,מיליליטרים,750.00,"100 מ""ל",false,1,14.90,1.99,true,1,
7290108355444,false,מרכך פיגמנט סילבר 250 מל,פארפארם בעמ,IL,מרכך פיגמנט סילב,מיליליטרים,250.00,"100 מ""ל",false,1,29.90,11.96,true,1,
7290108355482,false,"קרמה - דאודורנט רול און לאישה קרמה לבנדר ואקליפטוס 75 מ""ל","קוסמופארם בע""\מ",IL,דאודורנט קרמה,מיליליטרים,75.00,"100 מ""ל",false,1,13.90,18.53,true,1,
7290108355543,false,דאודורנט ספריי קרמה בניחוח נרולי ומגנוליה,מיוצר עי : אמיליה קוסמטי,IL,דאודורנט קרמה,מיליליטרים,150.00,"100 מ""ל",false,1,16.90,11.27,true,1,
7290108355741,false,"קרליין - קרם גוף מבושם בלו הוון 250 מ""ל",פאר פארם בעמ,IL,קרם גוף מבושם,מיליליטרים,250.00,"100 מ""ל",false,1,24.90,9.96,true,1,
7290108355765,false,דאודורנט ספריי קרמה בניחוח לבנדר ואקליפטוס,מיוצר עי : אמיליה קוסמטי,IL,דאודורנט קרמה,מיליליטרים,150.00,"100 מ""ל",false,1,16.90,11.27,true,1,
7290108355802,false,"תחליב רחצה קרמה ורד ווניל 700 מ""ל",גוד פוד פרודקטס S.p,IL,תחליב רחצה קרמה,מיליליטרים,700.00,"100 מ""ל",false,1,18.90,2.70,true,1,
7290108356007,false,כיף תחליב רחצה מרשמלו700,קוסמופארם,IL,כיף תחליב רחצה,מיליליטרים,700.00,"100 מ""ל",false,1,12.90,1.84,true,1,
7290108356090,false,קרמה תרחיץ גל לשטיפה אינטימית 220 מל,קוסמופארם בעמ,IL,תרחיץ שטיפה קרמה,מיליליטרים,220.00,"100 מ""ל",false,1,23.90,10.86,true,1,
7290108356113,false,"כיף תחליב רחצה דבש 700 מ""ל-מרכז",קוסמופארם בעמ,IL,כיף תחליב רחצה,מיליליטרים,700.00,"100 מ""ל",false,1,12.90,1.84,true,1,
7290108356151,false,"תחליב רחצה כיף מאסק יסמין 700 מ""ל",גוד פוד פרודקטס S.p,IL,כיף תחליב רחצה,מיליליטרים,700.00,"100 מ""ל",false,1,12.90,1.84,true,1,
7290108356519,false,קרליין שמפו 10למניעת קשקשים 700מל,"קוסמופארם בע""\מ",IL,שמפו 10 קרליין,מיליליטרים,700.00,"100 מ""ל",false,1,14.90,2.13,true,1,
7290108356526,false,"קרליין - שמפו 10 לשיער יבש 700 מ""ל","קוסמופארם בע""\מ",IL,שמפו 10 קרליין,מיליליטרים,700.00,"100 מ""ל",false,1,14.90,2.13,true,1,
7290108356564,false,"קרליין - מרכך 10 לשיער רגיל 700 מ""ל","קוסמופארם בע""\מn\",IL,מרכך 10 קרליין,מיליליטרים,700.00,"100 מ""ל",false,1,14.90,2.13,true,1,
7290108356571,false,"קרליין - מרכך 10 לשיער יבש 700 מ""ל","קוסמופארם בע""\מ",IL,מרכך 10 קרליין,מיליליטרים,700.00,"100 מ""ל",false,1,14.90,2.13,true,1,
7290108357004,false,כיף שמפו ורד ושמן קוקוי לרכות וברק,טרופיקל דגיל תעשיות,IL,שמפו כיף,מיליליטרים,700.00,"100 מ""ל",false,1,11.90,1.70,true,1,
7290108357042,false,"קרליין - נושם ביו דאודורנט רול און 75 מ""ל Citrus Blossoms לאישה","קוסמופארם בע""\מ",IL,דאו.רולאון ביו,מיליליטרים,75.00,"100 מ""ל",false,1,16.90,22.53,true,1,
7290108357073,false,"קרליין - נושם ביו דאודורנט ספריי 150 מ""ל Blossoms Citrus לאישה",קוסטר אירוסול,IL,דאו.ספריי ביו,מיליליטרים,150.00,"100 מ""ל",false,1,15.90,10.60,true,1,
7290108357110,false,"קרליין - נושם ביו דאודורנט רול און 75 מ""ל Valvet Rose לאישה","קוסמופארם בע""\מ",IL,דאו.רולאון ביו,מיליליטרים,75.00,"100 מ""ל",false,1,16.90,22.53,true,1,
7290108357301,false,"סנו - K300 קוטל חרקים תיקנים ונמלים 300 מ""ל","סנו מפעלי ברונוס בע""\מ",IL,K300 סנו,מיליליטרים,300.00,"100 מ""ל",false,1,18.90,6.30,true,1,
7290108357707,false,"כיף שמפו לשיער רגיל- תפוח זרעי צ'יה 700 מ""ל",גוד פוד פרודקטס S.p,IL,כיף שמפו,מיליליטרים,700.00,"100 מ""ל",false,1,11.90,1.70,true,1,
7290108357714,false,"כיף שמפו לשיער יבש -רימונים ושמן ארגן 700 מ""ל",גוד פוד פרודקטס S.p,IL,כיף שמפו,מיליליטרים,700.00,"100 מ""ל",false,1,11.90,1.70,true,1,
7290108357745,false,שמפו ומרכך 2 ב-1 תאנה ומנטה לכל סוגי השיער,גוד פוד פרודקטס S.p,IL,כיף 2in1 שמפו,מיליליטרים,700.00,"100 מ""ל",false,1,11.90,1.70,true,1,
7290108357769,false,"מרכך לשיער רגיל תפוח וזרעי צ'יה 700 מ""ל כיף",גוד פוד פרודקטס S.p,IL,כיף מרכך שיער,מיליליטרים,700.00,"100 מ""ל",false,1,11.90,1.70,true,1,
7290108357776,false,"כיף מרכך לשיער יבש -רימונים ושמן ארגן 700 מ""ל",גוד פוד פרודקטס S.p,IL,כיף מרכך שיער,מיליליטרים,700.00,"100 מ""ל",false,1,11.90,1.70,true,1,
7290108358070,false,"תחליב רחצה קרמה קלאסי 700 מ""ל",גוד פוד פרודקטס S.p,IL,קרמה תחליב רחצה,מיליליטרים,700.00,"100 מ""ל",false,1,18.90,2.70,true,1,
7290108358094,false,"קרמה - תחליב רחצה חמאת שיאה וקוקוי 500 מ""ל","קוסמופארם בע""\מn\",IL,תחליב רחצה קרמה,מיליליטרים,500.00,"100 מ""ל",false,1,14.90,2.98,true,1,
7290108359077,false,סנו - סופט לושן ממחטות אף בקופסא 3 שכבות 120 יח',"סנו מפעלו ברונוס בע""\מ",EG,סופט לושן ממחטות,יחידה,1.00,יחידה,false,1,9.90,9.90,true,1,
7290108359176,false,סופט לושן טישו ניילון 3 שכבות 2X100 יחיד,החברה הדרומית,IL,סופט לושן צמד,יחידה,1.00,יחידה,false,1,13.90,13.90,true,1,
7290110450045,false,צללית וולטין מטאליק231,גייד,IL,צללית וולטין מטא,יחידה,1.00,יחידה,false,0,69.00,69.00,true,1,
7290110450243,false,לק 558,גייד,FR,לק 558,יחידה,1.00,יחידה,false,0,29.00,29.00,true,1,
7290110450472,false,סומק ללא מראה איידיליק40,גייד,IL,סומק ללא מראה 40,יחידה,1.00,יחידה,false,0,75.00,75.00,true,1,
7290110450502,false,סומק עם מראה אידיליק40,גייד,IL,סומק עם מראה 40,יחידה,1.00,יחידה,false,0,89.00,89.00,true,1,
7290110451554,false,גייד אקווה גולט קרם לחות גל עור רגיל-יבש,דניה,CH,אקווה ג'ולט קרם,מיליליטרים,50.00,"100 מ""ל",false,1,109.00,218.00,true,1,
7290110451578,false,גייד אקווה גולט קרם גל ממריץ לעיניים 15,דניה,CH,אקווה ג'ולט עיני,מיליליטרים,15.00,"100 מ""ל",false,1,89.00,593.33,true,1,
7290110452056,false,לונגיויטי מתקן גוון עמ22,אינטרקוסמא,IT,לונגיויטי מתקן ג,יחידה,1.00,יחידה,false,1,79.00,79.00,true,1,
7290110453725,false,גייד אקווה גולט סרום לחות אינטנסיבית 30,דניה,IL,אקווה ג'ולט סרום,מיליליטרים,30.00,"100 מ""ל",false,1,119.00,396.67,true,1,
7290110453930,false,גייד הידרה סובלים תמצית רימונים קרם יום,דניה,IL,קרם יום רימונים,מיליליטרים,50.00,"100 מ""ל",false,1,179.00,358.00,true,1,
7290110454357,false,גייד סנס 5 קרם הזנה אינטנסיבי לפנים ולצו,דניה,CH,סנס 5 אינטנסיבי,מיליליטרים,50.00,"100 מ""ל",false,1,99.00,198.00,true,1,
7290110454364,false,גייד גלו FX קרם למראה זוהר 50 מל,דניה,CH,גלו FX קרם למראה,מיליליטרים,50.00,"100 מ""ל",false,1,189.00,378.00,true,1,
7290110454678,false,אוורגלו מארז צלליות עיני,,IL,אוורגלו מארז צלל,יחידה,1.00,יחידה,false,1,119.00,119.00,true,1,
7290110455132,false,בייסיקס מט מארז צלליות י,,IL,בייסיקס מט מארז,יחידה,1.00,יחידה,false,1,119.00,119.00,true,1,
7290110455378,false,שפתון טרו קולור 275 יח',,IT,שפתון טרו קולור,יחידה,1.00,יחידה,false,1,69.00,69.00,true,1,
7290110455453,false,לונגיויטי איילנר שחור יח,,IL,לונגיויטי איילנר,יחידה,1.00,יחידה,false,1,79.00,79.00,true,1,
7290110455668,false,גייד סנס 6 קרם להצערת העור ולטיפול בקמטי,דניה,CH,סנס 6 קרם להצערת,מיליליטרים,50.00,"100 מ""ל",false,1,229.00,458.00,true,1,
7290110456023,false,אידיליק קונסילר 32,INTERCOS,IT,אידיליק קונסילר,יחידה,1.00,יחידה,false,1,99.00,99.00,true,1,
7290110456269,false,לק קריסטל גלו665 יח',,FR,לק קריסטל גלו665,יחידה,1.00,יחידה,false,1,29.00,29.00,true,1,
7290110456795,false,שפתון גלוס עמיד 91 יח',,IT,שפתון גלוס עמיד,יחידה,1.00,יחידה,false,1,79.00,79.00,true,1,
7290110456849,false,און פוינט קונסילרסטיק 53,,IT,און פוינט קונסיל,יחידה,1.00,יחידה,false,1,89.00,89.00,true,1,
7290110457884,false,סלפי עיפרון שפתיים 862,INTERCOS,IT,סלפי עיפרון שפתי,יחידה,1.00,יחידה,false,1,59.00,59.00,true,1,
7290110458096,false,סט אייקון מאסק אויל בושם,,IL,אייקון מאסק אויל,יחידה,1.00,יחידה,false,1,199.00,199.00,true,1,
7290110458508,false,שפתון גלוס עמיד 94 יח',INTERCOS,IT,שפתון גלוס עמיד,יחידה,1.00,יחידה,false,1,79.00,79.00,true,1,
7290110459390,false,תיק מתנה דצמבר 2022 יח',גייד,IL,תיק מתנה דצמבר22,יחידה,1.00,יחידה,false,1,59.00,59.00,true,1,
7290110556242,false,"שוקולד מריר פרווה 100 גר' בד""ץ תוצרת חוץ","שטראוס גרופ בע""מ.",FR,שוקולד פרה מריר,גרמים,100.00,100 גרם,false,1,6.90,6.90,true,1,
7290110559762,false,ריל מאגדת אגוזים תמרים קוקוס שטראוס 105 גרם,"ואמואליס פודס אס.איי,",GR,חטיפי ריל אנרג'י,גרמים,105.00,100 גרם,false,1,12.90,12.29,true,1,
7290110572129,false,כיף כף מקלות שוקולד לבן 40 ג' עלית,סולן בעבור שטראוס,TR,כיף כף מקלות,גרמים,40.00,100 גרם,false,1,6.50,16.25,true,1,
7290111090134,false,"I-CARE שלישיית מגבוני רענון לידיים,12 *3",נאופארם,IL,מגבוני רענון,יחידה,1.00,יחידה,false,0,5.00,5.00,true,1,
7290111093722,false,"קצף עדין לניקוי הפנים לילך מאסק 150 מ""ל DR OR",ניאופארם,IL,ג'ל ניקוי פנים,מיליליטרים,150.00,"100 מ""ל",false,1,23.90,15.93,true,1,
7290111340109,false,דיפנד - מגן תחתון לנשים אקטיב 22 יח',קימברלי קלארק,IL,מגן תחתון דיפנד,יחידה,1.00,יחידה,false,1,21.90,21.90,true,1,
7290111340956,false,ניקול מטליות לחות לרצפה בניחוח פריחה לבנה,חוגלה קימברלי,IL,מטליות רצפה לחות,יחידה,1.00,יחידה,false,1,11.90,11.90,true,1,
7290111341434,false,תחבושות דיפנד נורמל אקטיב לנשים 12 יח,קימברלי קלארק,IL,תחבושות דיפנד,יחידה,1.00,יחידה,false,1,21.90,21.90,true,1,
7290111341496,false,תחבושות דיפנד מיני אקטיב לנשים 14 יח,קימברלי קלארק,IL,תחבושות דיפנד,יחידה,1.00,יחידה,false,1,21.90,21.90,true,1,
7290111341984,false,לילי - מגבוני נייר טואלט לח פיור רביעייה,קימברלי,IL,נייר טואלט לח4יח,יחידה,1.00,יחידה,false,1,25.90,25.90,true,1,
7290111342042,false,ניקול כריות יפניות אנטיבקטריאלי 4 יחידות,פלסטו פוליש,IL,כריות יפניות,יחידה,1.00,יחידה,false,1,13.90,13.90,true,1,
7290111343797,false,מטליות לחות לניקוי חלונות 48 יח' ניקול,חוגלה קימברלי,IL,מטליות לחלונות,יחידה,1.00,יחידה,false,1,13.90,13.90,true,1,
7290111344183,false,דיפנד תחתונים סופגים M נשים 10 יח,חוגלה,IL,דיפנד תחתון סופג,יחידה,1.00,יחידה,false,1,46.90,46.90,true,1,
7290111344206,false,האגיס נטורל קר מגבונים לחים בבישום עדין רביעייה,חוגלה קימברלי,IL,מגבונים האגיס 4*,יחידה,1.00,יחידה,false,1,19.90,19.90,true,1,
7290111344459,false,קוטוקס תחבושות נייט אקסטרא לונג 20 יח',חוגלה קימברלי,CN,תחבושות נייט,יחידה,1.00,יחידה,false,1,20.90,20.90,true,1,
7290111344503,false,חיתולי האגיס אקסטרה קייר מידה +4 36 יח',חוגלה קימברלי,IL,האגיס אקסטרה קר,יחידה,1.00,יחידה,false,1,59.90,59.90,true,1,
7290111344732,false,קלינקס - טיישו אלרג'י קומפורט ניילון זוגות 140 דף,קימברלי קלארק,IL,קלינקס זוג,יחידה,1.00,יחידה,false,1,16.90,16.90,true,1,
7290111344831,false,קוטקס - מגיני יום אקסטרא פרוטקט נורמל ביג 60 יח',חוגלה קימברלי,CN,מגן תחתון קוטקס,יחידה,1.00,יחידה,false,1,20.90,20.90,true,1,
7290111344855,false,קוטקס - מגיני יום אקסטרא פרוטקט לארג' ביג 52 יח',חוגלה קימברלי,CN,מגן תחתון קוטקס,יחידה,1.00,יחידה,false,1,20.90,20.90,true,1,
7290111345753,false,תחבושות נטורל דואו נורמל 24 יח' קוטקס,קריות זול,CZ,תחבושות כותנה נו,יחידה,1.00,יחידה,false,1,20.90,20.90,true,1,
7290111345777,false,תחבושת קוטקס כותנה לילה 16 יח' קוטקס,קריות זול,CZ,תחבושות קוטקס,יחידה,1.00,יחידה,false,1,20.90,20.90,true,1,
7290111564291,false,פריכיות דקות ונימוחות 3 דגנים וקינואה פיטנס Fitness,פרח תעשיות בעמ,IL,פריכיות פיטנס,גרמים,120.00,100 גרם,false,1,11.90,9.92,true,1,
7290111931338,false,"סבון נוזלי פלמוליב לומינוס תאנה 500 מ""ל",קולגייט פלמוליב,TR,סבון פלמוליב,מיליליטרים,500.00,"100 מ""ל",false,1,18.90,3.78,true,1,
7290111932502,false,"משחת שיניים קולגייט אופטיק וייט אקספרט וויט 75 מ""ל",קולגייט Colgate,MX,משחת שיניים,מיליליטרים,75.00,"100 מ""ל",false,1,24.90,33.20,true,1,
7290111935527,false,"מ. שיניים קולגייט טוטל קלין מיניט -זוג כשל""פ2*100 גרם",קולגייט פלמוליב,PL,משחת קולגייט,מיליליטרים,200.00,"100 מ""ל",false,1,33.90,16.95,true,1,
7290111936296,false,"פלמוליב סבון נוזלי בניחוח סנסיישן מסאז' ,750 מ""ל",קולגייט פלמוליב,TR,סבון פלמוליב,מיליליטרים,750.00,"100 מ""ל",false,1,17.90,2.38,true,1,
7290112000712,false,ויט קרם להסרת שיער לגבר למקלחת 150 מל,רקיט בנקיזר צרפת,FR,ויט קרם לגבר,מיליליטרים,150.00,"100 מ""ל",false,1,49.90,33.27,true,1,
7290112000729,false,ויט קרם להסרת שיער לגבר 200 מל,רקיט בנקיזר צרפת,FR,ויט קרם לגבר,מיליליטרים,200.00,"100 מ""ל",false,1,54.90,27.45,true,1,
7290112000736,false,פיניש טבליות aio 80 יח אריזת חסכון,רקיט בנקיזר,PL,פיניש 80 טבליות,יחידה,1.00,יחידה,false,1,59.90,59.90,true,1,
7290112000798,false,"דיטול תרסיסי חיטוי וניקוי אנטי בקטריאלי 750 מ""ל",רקיט בנקיזר,US,דטול מחטא משטחים,מיליליטרים,750.00,"100 מ""ל",false,1,14.90,1.99,true,1,
7290112001740,false,ויט רצועות שעווה לפנים 40 יחידות,רקיט בנקיזר,FR,רצועות שעווה ויט,יחידה,1.00,יחידה,false,1,68.90,68.90,true,1,
7290112002099,false,קולון גל כביסה מרוכז 2.5 ליטר קלאסי,רקיט בנקיזר,IL,ג'ל כביסה קולון,ליטרים,2.50,ליטר,false,1,28.90,11.56,true,1,
7290112002457,false,דטול - שלישיית מגבונים לניקוי וחיטוי בניחוח לימון,רקיט בנקיזר,PL,דטול מגבונים 3יח,יחידה,1.00,יחידה,false,1,21.90,21.90,true,1,
7290112005045,false,וניש תוסף כביסה רב תכליתי לבגדים לבנים,קליה וניש Kalia Vanish,IT,וניש אבקה לכביסה,גרמים,480.00,100 גרם,false,1,14.90,3.11,true,1,
7290112192875,false,"סנסודיין - משחת שיניים רגישות וחניכיים 75 מ""ל",סנסודיין Sensodyne,GB,משחת סנסודיין,מיליליטרים,75.00,"100 מ""ל",false,1,34.90,46.53,true,1,
7290112193278,false,"סטייל - שמפו מתולתלות לניקוי יסודי 600 מ""ל",א.ל.ארמן ייצור תמרוקים ב,IL,שמפו מתולתלות,מיליליטרים,600.00,"100 מ""ל",false,1,21.90,3.65,true,1,
7290112193285,false,"סטייל - מרכך מתולתלות מגביר לחות 600 מ""ל",א.ל.ארמן ייצור תמרוקים ב,IL,מרכך מתולתלות,מיליליטרים,600.00,"100 מ""ל",false,1,21.90,3.65,true,1,
7290112193315,false,"סטייל - מתולתלות קרם לחות להורדת פריז 400 מ""ל",א.ל.ארמן ייצור תמרוקים ב,IL,קרם לחות מתולתלו,מיליליטרים,400.00,"100 מ""ל",false,1,27.90,6.98,true,1,
7290112332585,false,פריכיות משולש תפוא אורז בתיבול סלק ומלח ים אנרג'י 30 גרם,"פרח תעשיו מזון בע""מ",IL,"פריכיות תפו""א",גרמים,30.00,100 גרם,false,1,5.90,19.67,true,1,
7290112332691,false,פינוקיות עוגיות קרם פסק זמן אגוזים 200 גרם,"הגביע מוצרי וופלים בע""\מ",IL,פינוקיות פסק זמן,גרמים,200.00,100 גרם,false,1,12.90,6.45,true,1,
7290112336651,false,סוכריות מאסט ללא סוכר ריבת חלב 80 ג' עלית,שטראוס גרופ,PL,סוכריות מאסט,גרמים,80.00,100 גרם,false,1,8.90,11.13,true,1,
7290112340122,false,הפריכיות הטעימות 3 דגנים אנרג'י 135 גרם,"פרח תעשיות מזון בע""\מ",IL,פריכיות טעימות,גרמים,135.00,100 גרם,false,1,15.90,11.78,true,1,
7290112340245,false,צנצנת מסטיק מאסט בטעם דובדבן 66 ג' עלית,"שטראוס גרופ בע""\מ",IL,מסטיק דובדבן,גרמים,66.00,100 גרם,false,1,12.90,19.55,true,1,
7290112340252,false,צנצנת מסטיק מאסט בטעם אבטיח מלון 66 ג' עלית,"שטראוס גרופ בע""\מ",IL,מסטיק אבטיח מלון,גרמים,66.00,100 גרם,false,1,12.90,19.55,true,1,
7290112343499,false,חטיף צ'יטוס פאפס אפוי בטעם גבינה,"שטראוס פריטו ליי בע""\מ )",IL,חטיף צ'יטוס puff,גרמים,55.00,100 גרם,false,1,3.90,7.09,true,1,
7290112350312,false,קפסולות 15 קפה יותר למכונות נספרסו עלית 10יח',הנסיך- מפעל לייצור ט,IL,קפסולות קפה,גרמים,50.00,100 גרם,false,1,19.90,39.80,true,1,
7290112358004,false,פסק זמן קראנצ' עלית 32 גרם,שולן צ'\יקולטה גידה סאן.,TR,חטיף פסק זמן,גרמים,32.00,100 גרם,false,1,5.00,15.63,true,1,
7290112492456,false,"שמפו פינוק לשיער יבש/פגום 700 מ""ל",יוניליוור ישראל טיפוח אי,IL,שמפו לשיער יבש,מיליליטרים,700.00,"100 מ""ל",false,1,13.90,1.99,true,1,
7290112492463,false,"שמפו ומרכך 2 ב-1 לשיער רגיל פינוק 700 מ""ל.",יוניליוור ישראל טיפו,IL,פינוק שמפו+מרכך,מיליליטרים,700.00,"100 מ""ל",false,0,13.90,1.99,true,1,
7290112492500,false,פינוק שמפו לשיער עם שמן קוקוס 700 מל,"יוניליור ישראל, טיפו",IL,שמפו פינוק,מיליליטרים,700.00,"100 מ""ל",false,1,13.90,1.99,true,1,
7290112492531,false,פינוק מרכך שיער רגיל 700 מל-חדש,יוניליוור פארם,IL,מרכך לשיער רגיל,מיליליטרים,700.00,"100 מ""ל",false,1,13.90,1.99,true,1,
7290112492722,false,"2ב-1 שמפו ומרכך פינוק אל דמע לסירוק קל לילדים 700 מ""ל",יוניליוור ישראל טיפוח אי,IL,פינוק שמפו ומרכך,מיליליטרים,700.00,"100 מ""ל",false,1,14.90,2.13,true,1,
7290112492746,false,"פינוק מרכך ללא דמעות לסירוק קל לילדים 700 מ""ל",יוניליוור ישראל טיפוח אי,IL,מרכך פינוק ילדים,מיליליטרים,700.00,"100 מ""ל",false,1,14.90,2.13,true,1,
7290112494825,false,תרחיץ פנים לעור רגיש מכיל 25% קרם לחות,יוניליוור ישראל טיפוח אי,IL,דאב תרחיץ פנים,מיליליטרים,180.00,"100 מ""ל",false,1,15.90,8.83,true,1,
7290112494832,false,"דאב - תרחיץ פנים לעור רגיל 180 מ""ל",יוניליוור ישראל טיפוח אי,IL,דאב תרחיץ פנים,מיליליטרים,180.00,"100 מ""ל",false,1,15.90,8.83,true,1,
7290112499448,false,"מרכך פינוק בתוספת שמן מרוקאי 700 מ""ל",יוניליוור ישראל טיפוח אי,IL,מרכך שיער פינוק,מיליליטרים,700.00,"100 מ""ל",false,1,13.90,1.99,true,1,
7290112963918,false,פיטנס חטיפי קרקר דק רוזמרין 140 גרם,נסטלה Nestle,IL,קרקר דק פיטנס,גרמים,140.00,100 גרם,false,1,14.90,10.64,true,1,
7290113560055,false,פרודונטקס מי פה טיפול יומי לחניכיים 500,"מאסטרפוד אוסטריה בע""מ",GB,פרודונטקס מי פה,מיליליטרים,500.00,"100 מ""ל",false,1,31.90,6.38,true,1,
7290113560109,false,פרודונטקס מ.שיניים בטעם צמחי 75 מל,פרודונטקס Parodontax,SK,משחה פרודונטקס,מיליליטרים,75.00,"100 מ""ל",false,1,31.90,42.53,true,1,
7290113560277,false,זוג מברשות שיניים רפיד רליף סנסודיין,גלקסוס סמית קליין,GB,מברשות רפיד 2 יח,יחידה,1.00,יחידה,false,1,19.90,19.90,true,1,
7290114607391,false,"קולגייט משחת לילדים ברבי 2-5 שנים, 75 מ""ל",קולגייט פלמוליב,PL,קולגייט מינייוני,מיליליטרים,75.00,"100 מ""ל",false,1,16.90,22.53,true,1,
7290114659949,false,מארז מסיכות שמחה זה אנחנו,נ'יאנג יונג,CN,מסכת פנים חד פעמ,יחידה,1.00,יחידה,false,1,12.90,12.90,true,1,
7290115071498,false,מטבעות שוקולד ברשת פי גיי 31 גר,Unknown,NL,מטבעות שוקולד,יחידה,1.00,יחידה,false,0,5.90,5.90,true,1,
7290115071528,false,מטבעות שוקולד ברשת 31 גר,,NL,מטבעות שוקולד,יחידה,1.00,יחידה,false,0,5.90,5.90,true,1,
7290115073676,false,מסכה לפנים חד פעמי 50 יח צבעוניות,שמחה זה אנחנו,CN,מסכת פנים חד פעמ,יחידה,1.00,יחידה,false,1,12.90,12.90,true,1,
7290115073683,false,מסכה לפנים חד פעמי מארז 10 יח צבעוניות,,IL,מסכת פנים חד פעמ,יחידה,1.00,יחידה,false,1,6.90,6.90,true,1,
7290115075182,false,6 מטבעות שוקולד באריזת רשת 31 גר חד קרן,שמחה זה אנחנו,NL,מטבעות שוקולד,יחידה,1.00,יחידה,false,0,5.90,5.90,true,1,
7290115209198,false,במבה אוורירית אסם 80 גרם,"אסם תעשיות בע""מ",IL,במבה אוורירית,גרמים,80.00,100 גרם,false,1,6.90,8.63,true,1,
7290115671353,false,מיני פינוקיות עוגיות קקאו במילוי קרם בטעם וניל,"הגביע מוצרי ופלים בע""\מ",IL,מיני פינוקיות,גרמים,180.00,100 גרם,false,1,12.90,7.17,true,1,
7290116530888,false,ג'ל לכביסה לבנה וצבעונית פינוק כחול בדין 2.5 ל',"זוהר דליה, קיבוץ דליה, 1",IL,ג'ל כביסה בדין,ליטרים,2.50,ליטר,false,1,35.90,14.36,true,1,
7290116532523,false,"מארז זוג דאו רולאון * 50 מ""ל דאב",יוניליוור ישראלn\טיפוח א,IL,דאב רול און 2 יח,מיליליטרים,100.00,"100 מ""ל",false,1,24.90,24.90,true,1,
7290116533100,false,"פינוק מרכך שיער בניחוח ורדים לבנים 700 מ""ל",יוניליוור ישראל טיפוח אי,IL,מרכך פינוק ורדים,מיליליטרים,700.00,"100 מ""ל",false,1,13.90,1.99,true,1,
7290117825907,false,ליקריץ מקלות תות 35 גרם,,TR,ליקריץ מקלות תות,גרמים,35.00,100 גרם,false,1,2.90,8.29,true,1,
7290117825914,false,ממתק מקלות קולה 35 גרם,,TR,ממתק מקלות קולה,גרמים,35.00,100 גרם,false,1,2.90,8.29,true,1,
7290117860038,false,"הוואי - תחליב רחצה יוגורט בניחוח אוכמניות 700 מ""ל","טרופיקל דגיל בע""\מ",IL,תחליב רחצה הוואי,מיליליטרים,700.00,"100 מ""ל",false,1,11.90,1.70,true,1,
7290117860045,false,שמפו תמציות אלוורה ותה ירוק לשיער רגיל,"טרופיקל דגיל בע""\מ",IL,שמפו הוואי,מיליליטרים,700.00,"100 מ""ל",false,1,11.90,1.70,true,1,
7290117860083,false,"הוואי קרם רחצה יוגורט בניחוח אירוס זהוב ודבש 700 מ""ל","טרופיקל דגיל בע""\מ",IL,קרם רחצה הוואי,מיליליטרים,700.00,"100 מ""ל",false,1,11.90,1.70,true,1,
7290117860182,false,"הוואי - תחליב רחצה בניחוח מגנוליה ושמן שקדים 700 מ""ל","טרופיקל דגיל בע""\מ",IL,תחליב רחצה הוואי,מיליליטרים,700.00,"100 מ""ל",false,1,11.90,1.70,true,1,
7290117860748,false,הוואי שמפו תמצית יסמין מעניק נפח 700 מל,"טרופיקל דגיל בע""\מ",IL,שמפו הוואי,מיליליטרים,700.00,"100 מ""ל",false,1,11.90,1.70,true,1,
7290117860892,false,"הוואי - תחליב רחצה יוגורט בניחוח וניל ודבש 700 מ""ל","טרופיקל דגיל בע""\מ",IL,תחליב רחצה הוואי,מיליליטרים,700.00,"100 מ""ל",false,1,11.90,1.70,true,1,
7290117860991,false,"תחליב רחצה יוגורט בניחוח שקדים 700 מ""ל הוואי","טרופיקל דגיל בע""\מ",IL,תחליב רחצה הוואי,מיליליטרים,700.00,"100 מ""ל",false,1,11.90,1.70,true,1,
7290118873082,false,בדיקות אנטיגן +שפעת 5יח,,IL,בדיקות אנטיגן מש,יחידה,1.00,יחידה,false,1,49.90,49.90,true,1,
7296073095583,false,"אצטון שופרסל 100 מ""ל","ש. שוורץ )באר שבע( בע""\מ",IL,אצטון BE,מיליליטרים,100.00,"100 מ""ל",false,0,3.90,3.90,true,1,
7296073198314,false,דייסת דגנים מעורבים 200ג,שופרסל,IL,דייסת דגנים,גרמים,200.00,100 גרם,false,0,9.90,4.95,true,1,
7296073230656,false,מגבות נייר שופרסל 6 גל.,"שניב תעשיות נייר בע""\מ",IL,מגבות נייר,מטרים,63.00,מטר,false,0,12.90,0.20,true,1,
7296073241522,false,ממחטות אף 100*5 יח,שניב תעשיות נייר,IL,ממחטות אף 5 יח,יחידה,1.00,יחידה,false,1,14.90,14.90,true,1,
7296073273448,false,"ג'ל אלוורה 100מ""ל",ש.שוורץ,IL,ג'ל אלוורה,מיליליטרים,100.00,"100 מ""ל",false,1,9.90,9.90,true,1,
7296073277255,false,מארז מגבונים לחים 6 יח,דינמיק,IL,מארז מגבוניםלחים,יחידה,1.00,יחידה,false,1,22.90,22.90,true,1,
7296073281702,false,מגבוני נ.טואלט למבוגרים,דינמיק תעשיות מגבונים,IL,מגבוני נייר לחים,יחידה,1.00,יחידה,false,1,9.90,9.90,true,1,
7296073286417,false,שק.אשפה חזקות גדולות60יח,אשפלסט,IL,שקיות אשפה 60 יח,יחידה,1.00,יחידה,false,1,19.90,19.90,true,1,
7296073287568,false,משחת החתלה לתינוק 110 גר,BFF,TR,משחת החתלה לתינו,גרמים,110.00,100 גרם,false,1,12.90,11.73,true,1,
7296073289715,false,מגבוני אף עדינים תינוק30,שופרסל,IL,מגבוני אף לתינוק,יחידה,1.00,יחידה,false,1,9.90,9.90,true,1,
7296073291077,false,משטחי החתלה שופרסל 10יח,PAKTEN,TR,משטחי החתלה,יחידה,1.00,יחידה,false,1,16.90,16.90,true,1,
7296073320289,false,אלסבון סילקי ארט 500*3מל,אקסן קוסמטיק,TR,אלסבון שופרסל3יח,ליטרים,1.50,ליטר,false,1,12.90,8.60,true,1,
7296073330431,false,מברשת לאייליינר ומסרק,BE NOW,CN,מברשת לאייליינר,יחידה,1.00,יחידה,false,0,32.90,32.90,true,1,
7296073330592,false,מעגל ריסים אפור,BE NOW,CN,מעגל ריסים אפור,יחידה,1.00,יחידה,false,0,12.90,12.90,true,1,
7296073330745,false,מפדרי משי שחורים לפודרה,BE NOW,CN,2 מפדרי משי שחור,יחידה,1.00,יחידה,false,0,9.90,9.90,true,1,
7296073330936,false,פינצטה אפורה קצה ישר,BE NOW,CN,פינצטה ישרה אפור,יחידה,1.00,יחידה,false,0,19.90,19.90,true,1,
7296073330943,false,פינצטה אפורה קצה מכופף,BE NOW,CN,פינצטה מ. אפור,יחידה,1.00,יחידה,false,0,19.90,19.90,true,1,
7296073330967,false,פינצטה לבנה קצה מכופף,BE NOW,CN,פינצטה מכופף לבן,יחידה,1.00,יחידה,false,0,14.90,14.90,true,1,
7296073331032,false,פינצטה עם תאורה,BE NOW,CN,פינצטה עם תאורה,יחידה,1.00,יחידה,false,0,39.90,39.90,true,1,
7296073331056,false,קוצץ קטן,BE NOW,CN,קוצץ קטן,יחידה,1.00,יחידה,false,0,8.90,8.90,true,1,
7296073331063,false,קוצץ גדול,BE NOW,CN,קוצץ גדול,יחידה,1.00,יחידה,false,0,9.90,9.90,true,1,
7296073331131,false,מספריים לעור - מבריק,BE NOW,CN,מספריים לעור,יחידה,1.00,יחידה,false,0,29.90,29.90,true,1,
7296073331155,false,מספריים משולב מבריק,BE NOW,CN,מספריים משולב,יחידה,1.00,יחידה,false,0,29.90,29.90,true,1,
7296073331216,false,מספריים אל חלד לשיער,BE NOW,CN,מספריים לשיער,יחידה,1.00,יחידה,false,0,39.90,39.90,true,1,
7296073331254,false,פצירה צבעונית,BE NOW,CN,פצירה צבעונית,יחידה,1.00,יחידה,false,0,8.90,8.90,true,1,
7296073331261,false,פצירת אקריל,BE NOW,CN,פצירת אקריל,יחידה,1.00,יחידה,false,0,8.90,8.90,true,1,
7296073331278,false,"פצירת מתכת ""7 ידית שחורה",BE NOW,CN,"פצירת מתכת ""7",יחידה,1.00,יחידה,false,0,14.90,14.90,true,1,
7296073331391,false,דוחף עור מתכת,BE NOW,CN,דוחף עור מתכת,יחידה,1.00,יחידה,false,0,24.90,24.90,true,1,
7296073331544,false,מברשת שיער אובלית מחורצת,BE NOW,CN,מברשת שיער אובל,יחידה,1.00,יחידה,false,0,24.90,24.90,true,1,
7296073331612,false,מברשת שיער מטקה שחורה,BE NOW,CN,מברשת מטקה שחורה,יחידה,1.00,יחידה,false,0,29.90,29.90,true,1,
7296073331629,false,מברשת שיער אובלית שחורה,BE NOW,CN,מברשת אובל שחורה,יחידה,1.00,יחידה,false,0,28.90,28.90,true,1,
7296073331643,false,מברשת שיער לתיק שחורה,BE NOW,CN,מברשת לתיק שחורה,יחידה,1.00,יחידה,false,0,22.90,22.90,true,1,
7296073331711,false,מברשת עץ לפן בינונית,BE NOW,CN,מברשת עץ לפן M,יחידה,1.00,יחידה,false,0,29.90,29.90,true,1,
7296073331810,false,מברשת שיער ספרים מקצועית,BE NOW,CN,מברשת שיער ספרים,יחידה,1.00,יחידה,false,0,29.90,29.90,true,1,
7296073331834,false,מברשת ש.עגולה עם שיערות,BE NOW,CN,מברשת עגולה שיער,יחידה,1.00,יחידה,false,0,39.90,39.90,true,1,
7296073331841,false,מסרק גדול שחור,BE NOW,CN,מסרק גדול שחור,יחידה,1.00,יחידה,false,0,9.90,9.90,true,1,
7296073331865,false,מסרק כיס שחור,BE NOW,CN,מסרק כיס שחור,יחידה,1.00,יחידה,false,0,8.90,8.90,true,1,
7296073331889,false,מסרק שחור עם ידית,BE NOW,CN,מסרק שחור ידית,יחידה,1.00,יחידה,false,0,9.90,9.90,true,1,
7296073331919,false,מסרק ומברשת לצבע שיער,BE NOW,CN,מסרק ומברשת לצבע,יחידה,1.00,יחידה,false,0,6.90,6.90,true,1,
7296073331940,false,גומיות שחורות 12 יח,BE NOW,CN,12 גומיות שחורות,יחידה,1.00,יחידה,false,0,9.90,9.90,true,1,
7296073332077,false,גומיות פפיון ופנינה,BE NOW,CN,גומיות פפיון,יחידה,1.00,יחידה,false,0,16.90,16.90,true,1,
7296073332114,false,גומיות מגבת שחורות 8 יח,BE NOW,CN,8ג.מגבת שחור,יחידה,1.00,יחידה,false,0,9.90,9.90,true,1,
7296073332138,false,8 גומיות מגבת צר שחור,BE NOW,CN,8ג.מגבת צר שחור,יחידה,1.00,יחידה,false,0,9.90,9.90,true,1,
7296073332176,false,6 גומיות שחור פתוחות,BE NOW,CN,6גומיות ש. פתוח,יחידה,1.00,יחידה,false,0,9.90,9.90,true,1,
7296073332183,false,6 גומיות צבעוני פתוחות,BE NOW,CN,6גומיות צבע פתוח,יחידה,1.00,יחידה,false,0,9.90,9.90,true,1,
7296073332190,false,גומיות דקות לצמות 100 יח,BE NOW,CN,100 גומיות דקות,יחידה,1.00,יחידה,false,0,9.90,9.90,true,1,
7296073332220,false,2גומיות סקונצים עבה שחור,BE NOW,CN,2גומיות סקונצי'ם,יחידה,1.00,יחידה,false,0,14.90,14.90,true,1,
7296073332251,false,3 גומיות מסולסלות שחורות,BE NOW,CN,3גומיות מסולסלות,יחידה,1.00,יחידה,false,0,9.90,9.90,true,1,
7296073332312,false,סרט סטנדרטי שחור,BE NOW,CN,סרט סטנדרטי שחור,יחידה,1.00,יחידה,false,0,14.90,14.90,true,1,
7296073332497,false,סיכות סבתא שחור 40 יח,BE NOW,CN,40סיכות שחורות,יחידה,1.00,יחידה,false,0,14.90,14.90,true,1,
7296073332572,false,קליפס בינוני חזק 3 יח,BE NOW,CN,3קליפס M חזק,יחידה,1.00,יחידה,false,0,14.90,14.90,true,1,
7296073332589,false,"קליפס ענק 13 ס""מ",BE NOW,CN,קליפס ענק 13 סמ,יחידה,1.00,יחידה,false,0,14.90,14.90,true,1,
7296073332596,false,קליפס בננה,BE NOW,CN,קליפס בננה,יחידה,1.00,יחידה,false,0,14.90,14.90,true,1,
7296073332619,false,קליפס L גומי מונע החלקה,BE NOW,CN,קליפס ענק גומי,יחידה,1.00,יחידה,false,0,19.90,19.90,true,1,
7296073332640,false,קליפס M שחור בצורת רשת,BE NOW,CN,קליפס M שחור רשת,יחידה,1.00,יחידה,false,0,10.90,10.90,true,1,
7296073332817,false,כפפת רחצה,BE NOW,CN,כפפת רחצה,יחידה,1.00,יחידה,false,0,14.90,14.90,true,1,
7296073332855,false,ספוג פלא ספוגים טורקיז,BE NOW,CN,ספוג פלא טורקיז,יחידה,1.00,יחידה,false,0,8.90,8.90,true,1,
7296073332893,false,ספוג רשת שלישייה,BE NOW,CN,ספוג רשת שלישיה,יחידה,1.00,יחידה,false,0,9.90,9.90,true,1,
7296073332954,false,כפפת רחצה מסיבי טופו,BE NOW,CN,כפפת רחצה טופו,יחידה,1.00,יחידה,false,0,29.90,29.90,true,1,
7296073333005,false,כובע אמבט כפול,BE NOW,CN,כובע אמבטיה כפול,יחידה,1.00,יחידה,false,0,16.90,16.90,true,1,
7296073333258,false,בקבוקון פלסטיק עם משאבה,BE NOW,CN,בקבוקון פ. משאבה,יחידה,1.00,יחידה,false,0,9.90,9.90,true,1,
7296073333272,false,סט בקבוקוני מילוי,BE NOW,CN,סט בקבוקי מילוי,יחידה,1.00,יחידה,false,0,19.90,19.90,true,1,
7296073333289,false,סט בקבוקוני מילוי מקושט,BE NOW,CN,סט בקבוקונים מ.,יחידה,1.00,יחידה,false,0,34.90,34.90,true,1,
7296073333401,false,פצירת אקריל אפורה 5 יח',BE NOW,CN,5 פצירות אקריל,יחידה,1.00,יחידה,false,0,29.90,29.90,true,1,
7296073333418,false,מבריק ציפורניים 7 שלבים,BE NOW,CN,מבריק צ. 7 שלבים,יחידה,1.00,יחידה,false,0,19.90,19.90,true,1,
7296073333548,false,תיק איפור מעוצב,BE NOW,CN,תיק איפור מעוצב,יחידה,1.00,יחידה,false,0,29.90,29.90,true,1,
7296073333623,false,זוג קשתות לשיער,BE NOW,CN,זוג קשתות לשיער,יחידה,1.00,יחידה,false,0,13.50,13.50,true,1,
7296073333661,false,מברשת שיער אובל סגולה L,BE NOW,CN,מברשת אובל Lסגול,יחידה,1.00,יחידה,false,0,24.90,24.90,true,1,
7296073340096,false,שמפו מפרץ הרפתקאות 1ליטר,,TR,שמפו לילדים,ליטרים,1.00,ליטר,false,1,14.90,14.90,true,1,
7296073343264,false,פדים להסרת איפור-שלישיה,BE NOW,IL,פדים להסרת איפור,יחידה,1.00,יחידה,false,1,19.90,19.90,true,1,
7296073343271,false,פדים להסרת איפור יחידה,BE NOW,IL,פדים להסרת איפור,יחידה,1.00,יחידה,false,1,9.90,9.90,true,1,
7296073343288,false,צמר גפן 100 גר' יחידה,BE NOW,IL,צמר גפן 100 גר',גרמים,100.00,100 גרם,false,1,9.90,9.90,true,1,
7296073343295,false,קסמי אזניים פלסטיק 300 י,BE NOW,IL,קסמי אזניים פלסט,יחידה,1.00,יחידה,false,1,10.90,10.90,true,1,
7296073343318,false,קסמי אזניים פלסטיק 100י,BE NOW,IL,קסמי אזניים פלסט,יחידה,1.00,יחידה,false,1,2.90,2.90,true,1,
7296073343462,false,"קרם חמצן 6% 60 מ""ל",,IL,קרם חמצן 6%,מיליליטרים,60.00,"100 מ""ל",false,1,4.90,8.17,true,1,
7296073343479,false,"קרם חמצן 9% 60 מ""ל",,IL,קרם חמצן 9%,מיליליטרים,60.00,"100 מ""ל",false,1,4.90,8.17,true,1,
7296073343486,false,אבקת הבהרה לשיער 10 גרם,,IL,אבקת הבהרה לשיער,גרמים,10.00,100 גרם,false,1,7.90,79.00,true,1,
7296073343493,false,כדורי צמר גפן 100 יח',BE NOW,IL,כדורי צמר גפן,יחידה,1.00,יחידה,false,1,9.90,9.90,true,1,
7296073343592,false,Be אל סבון לידיים מארז,BE NOW,IL,אל סבון לידיים פ,מיליליטרים,1500.00,"100 מ""ל",false,1,12.90,0.86,true,1,
7296073343608,false,אל סבון לבנדר 1 ליטר BE,,IL,אל סבון לבנדר,ליטרים,1.00,ליטר,false,1,10.90,10.90,true,1,
7296073343615,false,אל סבון קמומיל 1 ליטר BE,,IL,אל סבון קמומילBE,ליטרים,1.00,ליטר,false,1,10.90,10.90,true,1,
7296073343660,false,Be מסיר לק לא אציטון175מ,,TR,מסיר לק ללא אציט,מיליליטרים,175.00,"100 מ""ל",false,1,7.90,4.52,true,1,
7296073343684,false,Be מסיר לק משאבה 150מל,,TR,מסיר לק משאבה,מיליליטרים,150.00,"100 מ""ל",false,1,10.90,7.27,true,1,
7296073343691,false,Beמסיר לק עם ספוגית75מל,,IL,מסיר לק עם ספוגי,מיליליטרים,75.00,"100 מ""ל",false,1,10.90,14.53,true,1,
7296073345299,false,משחת שיניים מלבינה 100מל,,BG,משחת שיניים,מיליליטרים,100.00,"100 מ""ל",false,1,7.90,7.90,true,1,
7296073345305,false,משחת שיניים פרופ+הרבל100,,BG,משחת שיניים הרבל,מיליליטרים,100.00,"100 מ""ל",false,1,7.90,7.90,true,1,
7296073345336,false,משחת שיניים לילדים 2-6,שופרסל,BG,משחת שיניים KIDS,מיליליטרים,50.00,"100 מ""ל",false,1,7.90,15.80,true,1,
7296073345411,false,זוג ראשים מתחלפים,,CN,"זוג ראשים מבר""ש",יחידה,1.00,יחידה,false,1,21.90,21.90,true,1,
7296073345459,false,קיסמים עם חוט בשקית50יח,,CN,קיסמים עם חוט,יחידה,1.00,יחידה,false,1,10.90,10.90,true,1,
7296073345466,false,32 קיסמי פלסטיק מברשת,,CN,קיסמי פלסטיק,יחידה,1.00,יחידה,false,1,10.90,10.90,true,1,
7296073345480,false,חוט דנטלי שעווה מנטה 50מ,,CN,חוט דנטלי מנטה,מטרים,50.00,מטר,false,1,10.90,0.22,true,1,
7296073348085,false,מברשת שיניים חשמלית,,CN,מברשת שיניים,יחידה,1.00,יחידה,false,1,29.90,29.90,true,1,
7296073362821,false,סב.ידיים בצבעי פסטל500*3,טאהא קימיה,TR,סבון ידיים 3 יח,ליטרים,1.50,ליטר,false,1,14.90,9.93,true,1,
7296073363194,false,Be מסכה לשיער יבש500מל,א.משי תעשיות,IL,מסכה לשיער יבשBE,מיליליטרים,500.00,"100 מ""ל",false,1,29.90,5.98,true,1,
7296073363200,false,Be מסכה לשיער מוחלק 500מ,א.משי תעשיות,IL,מסכה לשיער יבשBE,מיליליטרים,500.00,"100 מ""ל",false,1,29.90,5.98,true,1,
7296073363217,false,Beשמפו לשיער מוחלק 500מל,,IL,שמפו לשיער יבשBE,מיליליטרים,500.00,"100 מ""ל",false,1,19.90,3.98,true,1,
7296073363224,false,שמפו לשיער יבש BE 500,א.משי תעשיות,IL,שמפו לשיער יבשBE,מיליליטרים,500.00,"100 מ""ל",false,1,19.90,3.98,true,1,
7296073363262,false,"מרכך לשיער מוחלק 500 מ""ל",א.משי תעשיות,IL,מרכך לשיער יבש,מיליליטרים,500.00,"100 מ""ל",false,1,19.90,3.98,true,1,
7296073363316,false,פרל קרם לשיער מתולתל BE,א.משי תעשיות,IL,קרם לשיער מתולתל,מיליליטרים,400.00,"100 מ""ל",false,1,21.90,5.48,true,1,
7296073363323,false,"פרל פרו' מסיכה250 מ""ל BE",א.משי תעשיות,IL,פרל פרו' מסיכה,מיליליטרים,250.00,"100 מ""ל",false,1,24.90,9.96,true,1,
7296073363859,false,מגבונים להסרת איפור 25יח,טרופיקל דגיל,IL,מגבונים להסרת אי,יחידה,1.00,יחידה,false,1,8.90,8.90,true,1,
7296073363941,false,Be כפפות לטקס 100 יח' S,,IL,Be כפפות לטקס S,יחידה,1.00,יחידה,false,1,39.90,39.90,true,1,
7296073363989,false,"סכיני גילוח חד""פ לאשה5יח",,US,"סכיני גילוח חד""פ",יחידה,1.00,יחידה,false,1,9.90,9.90,true,1,
7296073363996,false,"סכיני גילוח חד""פ לגבר5יח",,US,"סכיני גילוח חד""פ",יחידה,1.00,יחידה,false,1,9.90,9.90,true,1,
7296073364719,false,משחת שיניים לילדים גיל 6,MENUFACLURER,BG,משחת שיניים לילד,מיליליטרים,50.00,"100 מ""ל",false,1,7.90,15.80,true,1,
7296073375722,false,זוג כפיות סיליקון 2 יח,LUV.N`CARE,CN,זוג כפית סיליקון,יחידה,1.00,יחידה,false,1,29.90,29.90,true,1,
7296073380344,false,גומיות מנומרות שחורות יח,BE NOW,CN,גומיות מנומרות,יחידה,1.00,יחידה,false,1,14.90,14.90,true,1,
7296073380429,false,"בקבוק האכלה שלב 1 180מ""ל",,CN,בקבוק האכלה שלב,יחידה,1.00,יחידה,false,1,26.90,26.90,true,1,
7296073380436,false,"בקבוק האכלה שלב 2 270מ""ל",,CN,בקבוק האכלה שלב,יחידה,1.00,יחידה,false,1,29.90,29.90,true,1,
7296073380443,false,"בקבוק האכלה שלב 3 360מ""ל",,CN,בקבוק האכלה שלב,יחידה,1.00,יחידה,false,1,32.90,32.90,true,1,
7296073380467,false,זוג מוצצים בינוני +6 יחי,,CN,זוג מוצצים בינונ,יחידה,1.00,יחידה,false,1,29.90,29.90,true,1,
7296073380870,false,דאו גברCookie Night 150,סאסא קוסמטיקס,IL,דאו לגבר,יחידה,1.00,יחידה,false,0,8.90,8.90,true,1,
7296073380894,false,דאו לגבר Vib Morning 150,סאסא קוסמטיקס,IL,דאו לגבר,יחידה,1.00,יחידה,false,0,8.90,8.90,true,1,
7296073380900,false,רצועות שעווה לע.עדין 16י,VIOCOX,ES,רצועות שעווה,יחידה,1.00,יחידה,false,1,21.90,21.90,true,1,
7296073380917,false,רצועות שעווה לפנים 12 יח,VIOCOX,ES,רצועות שעווה,יחידה,1.00,יחידה,false,1,21.90,21.90,true,1,
7296073380931,false,ג'ל אלכוהול 70%בניחוח ים,,TR,ג'ל אלכוהול 70%ב,מיליליטרים,500.00,"100 מ""ל",false,1,15.00,3.00,true,1,
7296073380948,false,ג'ל אלכוהול 70%בניחוח ים,,TR,ג'ל אלכוהול 70%ב,מיליליטרים,200.00,"100 מ""ל",false,1,7.90,3.95,true,1,
7296073381181,false,קליפסים גודל בינוני זוג,BE NOW,CN,קליפסים גודל בינ,יחידה,1.00,יחידה,false,1,12.90,12.90,true,1,
7296073381358,false,גומיות מסולסלות חומות 3*,BE NOW,CN,גומיות מסולסלות,יחידה,1.00,יחידה,false,1,9.90,9.90,true,1,
7296073381419,false,פצצה גדולה שלושה צבע 280,,IL,פצצה גדולה שלושה,גרמים,280.00,100 גרם,false,1,19.90,7.11,true,1,
7296073381464,false,פצצה קטנה 110 גרם,,IL,פצצה קטנה,גרמים,110.00,100 גרם,false,1,12.90,11.73,true,1,
7296073381495,false,קליפסים גודל בינוני זוג,BE NOW,CN,זוג קליפסים,יחידה,1.00,יחידה,false,1,12.90,12.90,true,1,
7296073392934,false,נייר טואלט גליל כפול24יח,,IL,נייר טואלט 24 גל,מטרים,860.00,100 מטר,false,1,39.90,4.64,true,1,
7296073415114,false,מגני תחתון נורמל 60 יח,קוראטקס,DE,מגני תחתון B,יחידה,1.00,יחידה,false,1,9.90,9.90,true,1,
7296073415121,false,מגני תחתון לארג' 52 יחיד,קוראטקס,DE,מגני תחתון B,יחידה,1.00,יחידה,false,1,9.90,9.90,true,1,
7296073423645,false,פתי בר שופרסל 300 גרם,BV BISCUIT PALLY,NL,פתי בר,גרמים,300.00,100 גרם,false,1,4.90,1.63,true,1,
7296073441625,false,ג'ל רחצה לגבר 3 ב1- 700מ,טאהא קימיה,TR,ג'ל רחצה לגבר,יחידה,1.00,יחידה,false,0,10.90,10.90,true,1,
7296073444237,false,40חיתולים שלב 4+ שופרסל,די.פי.אל תעשיות מוצרים ח,IL,חיתולים שופרסל,יחידה,1.00,יחידה,false,1,29.90,29.90,true,1,
7296073444244,false,34 חיתולים שלב 5 שופרסל,די.פי.אל תעשיות מוצרים ח,IL,חיתולים שופרסל,יחידה,1.00,יחידה,false,1,29.90,29.90,true,1,
7296073444251,false,30 חיתולים שלב 6 שופרסל,די.פי.אל תעשיות מוצרים ח,IL,חיתולים שופרסל,יחידה,1.00,יחידה,false,1,29.90,29.90,true,1,
7296073445531,false,"מכשיר גילוח ר""פ גבר6+סכי",EDGEWELL,US,מכשיר גילוח6+סכ.,יחידה,1.00,יחידה,false,0,59.90,59.90,true,1,
7296073445548,false,"מכשיר גילוח ר""פ לנשים2+",EDGEWELL,US,מ.גילוח לנשים,יחידה,1.00,יחידה,false,1,29.90,29.90,true,1,
7296073445555,false,סכיני גילוח רב''פ לנשים,EDGEWELL,US,סכיני גילוח נשים,יחידה,1.00,יחידה,false,1,24.90,24.90,true,1,
7296073447917,false,מגבונים לחיטוי וניקוי400,סאסאטק,IL,מגבונים לחיטוי,יחידה,1.00,יחידה,false,1,31.90,31.90,true,1,
7296073449539,false,"סבון קוביה כחול 500 מ""ל",טאהא קימיה,TR,סבון קוביה כחול,מיליליטרים,500.00,"100 מ""ל",false,1,7.90,1.58,true,1,
7296073449782,false,קרם רחצה passion Purple,א.משי תעשיות,IL,מוצר לצ'יל,מיליליטרים,300.00,"100 מ""ל",false,1,39.90,13.30,true,1,
7296073451174,false,סינרי בנדנה 2 יחידות,SUN,CN,זוג סינרי בנדנה,יחידה,1.00,יחידה,false,1,19.90,19.90,true,1,
7296073451259,false,שמיכת חורף 2 שכבות,SUN,CN,שמיכת חורף,יחידה,1.00,יחידה,false,1,59.90,59.90,true,1,
7296073451303,false,"fresh showerדאו.רול50מ""ל",סאסא קוסמטיקס,IL,דאו.רול און אישה,מיליליטרים,50.00,"100 מ""ל",false,1,9.90,19.80,true,1,
7296073456285,false,מחית תפוח מנגו 90 גרם,DELAFRUIT,ES,מחית תפוח וצ'יה,גרמים,90.00,100 גרם,false,1,4.90,5.44,true,1,
7296073473534,false,בושם שמן מרוכז אשה nude,דרימי,IL,בושם שמן מרוכז א,מיליליטרים,30.00,"100 מ""ל",false,1,39.90,133.00,true,1,
7296073484240,false,שקיות אוכל 150*2 יחידות,אשפלסט,IL,שקיות אוכל זוג,יחידה,1.00,יחידה,false,1,10.90,10.90,true,1,
7296073485117,false,נר ואנילה מאסק לבן 450 ג,דרימי,IL,נר ואנילה מאסק ל,גרמים,450.00,100 גרם,false,1,69.90,15.53,true,1,
7296073495956,false,קרם גוף מבשם passio Pure,א.משי תעשיות,IL,קרם גוף מבשם Pur,מיליליטרים,300.00,"100 מ""ל",false,1,24.90,8.30,true,1,
7296073514930,false,אגוז מלך טבעי בצנצנת140ג,דין שיווק,US,אגוז מלך טבעי,גרמים,140.00,100 גרם,false,1,14.90,10.64,true,1,
7296073514947,false,קשיו ענק טבעי בצנצנת170ג,דין שיווק,US,קשיו ענק,גרמים,170.00,100 גרם,false,1,24.90,14.65,true,1,
7296073514954,false,שקד ענק טבעי בצנצנת200ג,דין שיווק,IL,שקד ענק טבעי,גרמים,200.00,100 גרם,false,1,19.90,9.95,true,1,
7296073514961,false,פקאן טבעי בצנצנת 200גרם,דין שיווק,US,פקאן טבעי 200גרם,גרמים,200.00,100 גרם,false,1,26.90,13.45,true,1,
7296073516286,false,מגבונים לחים לילדים 72*4,"DPL בע""מ",IL,מגבונים לחים,יחידה,1.00,יחידה,false,1,16.90,16.90,true,1,
7296073526919,false,פרל שמפו לשיער מוחלק500מ,א.משי תעשיות,IL,שמפו פרל לשיער,מיליליטרים,500.00,"100 מ""ל",false,1,19.90,3.98,true,1,
7296073526957,false,פרל מסכה לשיער מוחלק500מ,א.משי תעשיות,IL,פרל מסכה לשיער,מיליליטרים,500.00,"100 מ""ל",false,1,29.90,5.98,true,1,
7296073527114,false,גומיות סקונץ צבעונית כתו,BE NOW,CN,גומיות סקונץ צבע,יחידה,1.00,יחידה,false,1,12.90,12.90,true,1,
7296073527138,false,גומיות סקונץ צבעוניות ור,BE NOW,CN,גומיות סקונץ צבע,יחידה,1.00,יחידה,false,1,12.90,12.90,true,1,
7296073528531,false,פרל מסכות לשיער צבוע 500,א.משי תעשיות,IL,פרל מסכות לשיער,מיליליטרים,500.00,"100 מ""ל",false,1,29.90,5.98,true,1,
7296073528777,false,קיסמי אוזניים עץ שק300יח,אל ואי טי,CN,קיסמי אוזניים,יחידה,1.00,יחידה,false,1,6.90,6.90,true,1,
7296073530145,false,ערכת לידה,,IL,ערכת לידה,יחידה,1.00,יחידה,false,1,100.00,100.00,true,1,
7296073531289,false,פדים להסרת איפור אובלי40,LTD CO S.T.O,TR,פדים להסרת איפור,יחידה,1.00,יחידה,false,1,7.90,7.90,true,1,
7296073552833,false,"סבון נוזלי לבן 500 מ""ל",טאהא קימיה,TR,סבון נוזלי,מיליליטרים,500.00,"100 מ""ל",false,1,11.90,2.38,true,1,
7296073564690,false,BE אל סבון לבנדר 1 ליטר,טאהא קימיה,TR,BE אל סבון,ליטרים,1.00,ליטר,false,1,11.90,11.90,true,1,
7296073564874,false,סבון מוצק בצורת צדף40גרם,"מיידלע סבונים בע""מ",IL,סבון מוצק בצורת,גרמים,40.00,100 גרם,false,1,14.90,37.25,true,1,
7296073564898,false,סבון מוצק צורת כוכב 60גר,"מיידלע סבונים בע""מ",IL,סבון מוצק בצורת,גרמים,60.00,100 גרם,false,1,14.90,24.83,true,1,
7296073565161,false,קוצץ ציפורניים גדול מקצו,BE NOW,CN,קוצץ ציפורניים ג,יחידה,1.00,יחידה,false,1,19.90,19.90,true,1,
7296168001390,false,אציטון 100 גרם,איתן ספקים E,IL,אציטון,מיליליטרים,100.00,"100 מ""ל",false,0,5.90,5.90,true,1,
7296168009259,false,מוצץ SWEETIE פרפר אדום,מוצצי סוויטי,IL,מוצץ SWEETIE פרפ,יחידה,1.00,יחידה,false,0,44.90,44.90,true,1,
7296168009655,false,מוצץ גומי צבעוני 0-6,מלאזיה מקס,MY,מוצץ גומי צבעוני,יחידה,1.00,יחידה,false,0,22.90,22.90,true,1,
7296168070518,false,קיסם מברשת לשיניים 100יח,איתן כללי,IL,קיסם מברשת לשיני,יחידה,1.00,יחידה,false,0,12.90,12.90,true,1,
7296168070600,false,קיסמי שיניים דנטלים+חוט,איתן כללי,IL,קיסמי שיניים דנט,יחידה,1.00,יחידה,false,0,12.90,12.90,true,1,
7296168089077,false,אצבעון לצחצוח שניים יח',סוויטי,CN,אצבעון לצחצוח שנ,יחידה,1.00,יחידה,false,1,11.90,11.90,true,1,
7296168089114,false,כוס חלוקה לאבקת חלב,סוויטי,IL,כוס חלוקה לאבקת,יחידה,1.00,יחידה,false,0,19.90,19.90,true,1,
7296168089169,false,נשכן רשת לפירות,סוויטי,IL,נשכן רשת לפירות,יחידה,1.00,יחידה,false,0,29.90,29.90,true,1,
7296168089183,false,מספריים לתינוק סוויט,סוויטי,IL,מספריים לתינוק,יחידה,1.00,יחידה,false,0,19.90,19.90,true,1,
7296168120558,false,רצועת מסאג' איכותית,איתן כללי,JP,רצועת מסאג' איכו,יחידה,1.00,יחידה,false,0,32.90,32.90,true,1,
7296168705113,false,וולטרס קיסמי שיניים דנטליים,ארוינג טישו,CN,קיסמי שיניים,יחידה,1.00,יחידה,false,0,24.90,24.90,true,1,
7296169000606,false,פינצטה ישרה שחורה קייזר,מג'יק,IL,פינצטה שחורה ישר,יחידה,1.00,יחידה,false,0,24.90,24.90,true,1,
7296169000613,false,פינצטה שחורה אלכסון רחבה קייזר,מג'יק,IL,פינצטה שחורה אלכ,יחידה,1.00,יחידה,false,0,24.90,24.90,true,1,
7296169000620,false,פינצטה קצה מוזהב מכופפת קייזר,.D.M.M סוכנויות ומפיצים,DE,פינצטה קייזר,יחידה,1.00,יחידה,false,0,24.90,24.90,true,1,
7296169000743,false,"מספריים אל-חלד ""קומבי"" מ",,CN,"מספריים אל-חלד """,יחידה,1.00,יחידה,false,1,80.00,80.00,true,1,
7296169004246,false,מספריים לציפורניים כרום אל-חלד קייזר,.D.M.M סוכנויות ומפיצים,,מספרי קייזר,יחידה,1.00,יחידה,false,0,59.90,59.90,true,1,
7296179006209,false,שיק לק עמיד 246,שיק לקים,IL,שיק לק עמיד,יחידה,1.00,יחידה,false,0,13.90,13.90,true,1,
7296179006230,false,שיק לק עמיד 303,שיק לקים,IL,שיק לק עמיד,יחידה,1.00,יחידה,false,0,13.90,13.90,true,1,
7296179006292,false,שיק לק עמיד 282 יח,שיק לקים,IL,שיק לק עמיד,יחידה,1.00,יחידה,false,0,13.90,13.90,true,1,
7296179007398,false,שיק.מסיר לק אלוורה250 מל,שיק לקים,IL,שיק.מסיר לק אלוו,מיליליטרים,250.00,"100 מ""ל",false,0,16.90,6.76,true,1,
7296179007411,false,שיק.מסיר לק לא אצטון250מ,שיק לקים,IL,שיק.מסיר לק ללא,מיליליטרים,250.00,"100 מ""ל",false,0,16.90,6.76,true,1,
7296179008081,false,שיק לק עמיד 498,שיק לקים,IL,שיק לק עמיד,יחידה,1.00,יחידה,false,0,13.90,13.90,true,1,
7296179008241,false,טופ קוט למראה ג'ל בת,שיק לקים,IL,לכה טופ למראה גל,יחידה,1.00,יחידה,false,0,32.90,32.90,true,1,
7296179008289,false,שיק לק עמיד 477 יח,שיק לקים,IL,שיק לק עמיד,יחידה,1.00,יחידה,false,0,13.90,13.90,true,1,
7296179010213,false,שיק לק עמיד 022,שיק לקים,IL,שיק לק עמיד,יחידה,1.00,יחידה,false,0,13.90,13.90,true,1,
7296179010312,false,שיק לק עמיד 032,שיק לקים,IL,שיק לק עמיד,יחידה,1.00,יחידה,false,0,13.90,13.90,true,1,
7296179010435,false,שיק לק עמיד 044,שיק לקים,IL,שיק לק עמיד,יחידה,1.00,יחידה,false,0,13.90,13.90,true,1,
7296179010701,false,שיק לק עמיד 071,שיק לקים,IL,שיק לק עמיד,יחידה,1.00,יחידה,false,0,13.90,13.90,true,1,
7296179010930,false,שיק לק עמיד 094,שיק לקים,IL,שיק לק עמיד,יחידה,1.00,יחידה,false,0,13.90,13.90,true,1,
7296179011104,false,שיק לק עמיד 218,שיק לקים,IL,שיק לק עמיד,יחידה,1.00,יחידה,false,0,13.90,13.90,true,1,
7296179011180,false,שיק לק עמיד 258,שיק לקים,IL,שיק לק עמיד,יחידה,1.00,יחידה,false,0,13.90,13.90,true,1,
7296179011258,false,שיק לק עמיד 286,שיק לקים,IL,שיק לק עמיד,יחידה,1.00,יחידה,false,0,13.90,13.90,true,1,
7296179011272,false,שיק לק עמיד 230,שיק לקים,IL,שיק לק עמיד,יחידה,1.00,יחידה,false,0,13.90,13.90,true,1,
7296179011470,false,שיק לק עמיד 116,שיק לקים,IL,שיק לק עמיד,יחידה,1.00,יחידה,false,0,13.90,13.90,true,1,
7296179011524,false,שיק לק עמיד 201,שיק לקים,IL,שיק לק עמיד,יחידה,1.00,יחידה,false,0,13.90,13.90,true,1,
7296179011548,false,שיק לק עמיד 204,שיק לקים,IL,שיק לק עמיד,יחידה,1.00,יחידה,false,0,13.90,13.90,true,1,
7296179011562,false,שיק לק עמיד 225,שיק לקים,IL,שיק לק עמיד,יחידה,1.00,יחידה,false,0,13.90,13.90,true,1,
7296179011685,false,שיק לק עמיד 245,שיק לקים,IL,שיק לק עמיד,יחידה,1.00,יחידה,false,0,13.90,13.90,true,1,
7296179011746,false,שיק לק עמיד 227,שיק לקים,IL,שיק לק עמיד,יחידה,1.00,יחידה,false,0,13.90,13.90,true,1,
7296179011791,false,מחזק ציפורניים סגול,שיק לקים,IL,מחזק ציפורניים,יחידה,1.00,יחידה,false,0,32.90,32.90,true,1,
7296179011821,false,שיק.מדלל לק 20 מ'ל,שיק לקים,IL,שיק.מדלל לק 20 מ,יחידה,1.00,יחידה,false,0,11.90,11.90,true,1,
7296179012064,false,שיק לק עמיד 251,שיק לקים,IL,שיק לק עמיד,יחידה,1.00,יחידה,false,0,13.90,13.90,true,1,
7296179012088,false,שיק לק עמיד 270,שיק לקים,IL,שיק לק עמיד,יחידה,1.00,יחידה,false,0,13.90,13.90,true,1,
7296179012095,false,שיק לק עמיד 275,שיק לקים,IL,שיק לק עמיד,יחידה,1.00,יחידה,false,0,13.90,13.90,true,1,
7296179012194,false,שיק לק עמיד 054,שיק לקים,IL,שיק לק עמיד,יחידה,1.00,יחידה,false,0,13.90,13.90,true,1,
7296179012224,false,שיק לק עמיד 278,שיק לקים,IL,שיק לק עמיד,יחידה,1.00,יחידה,false,0,13.90,13.90,true,1,
7296179012248,false,שיק לק עמיד 435,שיק לקים,IL,שיק לק עמיד,יחידה,1.00,יחידה,false,0,13.90,13.90,true,1,
7296179012996,false,שיק לק עמיד 517 יח,שיק לקים,IL,שיק לק עמיד,יחידה,1.00,יחידה,false,0,13.90,13.90,true,1,
7296179014181,false,לק עמיד 250,שיק לקים,IL,לק 250,יחידה,1.00,יחידה,false,0,13.90,13.90,true,1,
7296179014495,false,"מסיר לק עם ספוג ורוד ללא אצטון 70 מ""ל",,IL,מסיר לק עם ספוג,מיליליטרים,70.00,"100 מ""ל",false,1,11.90,17.00,true,1,
7296179014952,false,לק עמיד 410,שיק לקים,IL,שיק.לק 410,יחידה,1.00,יחידה,false,0,13.90,13.90,true,1,
7296179021004,false,לק עמיד 413,שיק לקים,IL,לק 413,יחידה,1.00,יחידה,false,0,13.90,13.90,true,1,
7296179021035,false,לק עמיד 449,שיק לקים,IL,לק 449,יחידה,1.00,יחידה,false,0,13.90,13.90,true,1,
7296179021059,false,לק עמיד שיק 483,שיק לקים,IL,לק 483,יחידה,1.00,יחידה,false,0,13.90,13.90,true,1,
7296179021707,false,חמאת גוף לאב ליין 300מ'ל,שיק תעשיות תמרוקים,IL,חמאת גוף מבושמת,מיליליטרים,300.00,"100 מ""ל",false,0,49.90,16.63,true,1,
7296179029642,false,מידנייט WILD דאודורנט רול און 80 מל,חלאבין,IL,רול און 80 מ'ל,מיליליטרים,80.00,"100 מ""ל",false,1,19.90,24.88,true,1,
7296179029659,false,מידנייט WILD קרם גוף 275 מל,חלאבין,IL,"קרם גוף 275 מ""ל",מיליליטרים,275.00,"100 מ""ל",false,1,29.90,10.87,true,1,
7296179029673,false,מידנייט WILD דאודורנט ספריי 187 מל,חלאבין,IL,דאו ספריי 187 מל,מיליליטרים,187.00,"100 מ""ל",false,1,19.90,10.65,true,1,
7298074501995,false,בליסטקס סטיק אולטרא SPF50,מדיליין פריגו,US,בליסטקס אולטרא S,יחידה,1.00,יחידה,false,1,9.90,9.90,true,1,
7298074502268,false,בליסטקס ליפ אינפיוזן כחול HYDRATION,מדיליין פריגו,US,בליסטקס אינפיוזן,יחידה,1.00,יחידה,false,1,14.90,14.90,true,1,
7501013101362,false,"נקטר בטעם קוקוס ואננס 500 מ""ל JUMEX",חומקס קומר קומרסאליזדורה,MX,משקה קוקוס אננס,מיליליטרים,473.00,"100 מ""ל",false,1,8.90,1.88,true,1,
7509546057545,false,ליידי ספיד סטיק פרו 5 סטיק 45 גרם,קולגייט פלמוליב,US,ליידי ספיד סטיק,גרמים,45.00,100 גרם,false,1,17.90,39.78,true,1,
7509546061160,false,"משחת שיניים לילדים מיניונים 2-5 75 מ""ל קולגייט",קולגייט פלמוליב,PL,קולגייט מינייוני,מיליליטרים,75.00,"100 מ""ל",false,1,16.90,22.53,true,1,
7509546678702,false,קולגייט משחת שיניים טוטל אנטי טרטר 100 מ,קולגייט-פלמוליב,PL,משחת קולגייט,מיליליטרים,100.00,"100 מ""ל",false,1,15.90,15.90,true,1,
7613036880534,false,גרבר מחית ירקות מעורבים מטרנה 190 גר',נסטלה פולסקה אס.איי,PL,מחית מרק ירקות,גרמים,190.00,100 גרם,false,1,6.90,3.63,true,1,
7613039547731,false,גרבר מחית תפוח עץ ומשמש 90 גרם פאוץ,"מפעל סברס, נסטלה ספרד ס.",ES,פאוץ גרבר תפוח מ,גרמים,90.00,100 גרם,false,1,5.90,6.56,true,1,
7613039547922,false,גרבר מחית אגס תפוח ובננה 90 גרם פאוץ,נסטלה ספרד,ES,פאוץ גרבר אגס,גרמים,90.00,100 גרם,false,1,5.90,6.56,true,1,
7613039879382,false,גרבר - מחית תפוחי עץ 190 גרם,נסטלה פולסקה אס.איי,PL,גרבר מחי תפוח עץ,גרמים,190.00,100 גרם,false,1,6.90,3.63,false,1,
7613039880807,false,גרבר מחית תפוח וגזר 190 גרם,נסטלה פולסקה אס.איי,PL,גרבר תפוח גזר,גרמים,190.00,100 גרם,false,1,6.90,3.63,false,1,
7613039881521,false,גרבר מחית מרק מנגו 190 גרם,נסטלה פולסקה אס.איי,PL,גרבר מנגו,גרמים,190.00,100 גרם,false,1,6.90,3.63,false,1,
7613287155832,false,גרבר מחית תפוחי עץ 90 גרם פאוץ,"מפעל סברס, נסטלה ספרד ס.",ES,גרבר תפוח,גרמים,90.00,100 גרם,false,1,5.90,6.56,true,1,
7613287155863,false,מטרנה מחית אגס פאוץ' 90 גר',"מפעל סברס, נסטלה ספרד ס.",ES,גרבר אגס פאוץ,גרמים,90.00,100 גרם,false,1,5.90,6.56,true,1,
7614500035788,false,טובלרון שוקולד חלב 200 גרם,מונדלייז,CH,טובלרון חלב,גרמים,200.00,100 גרם,false,0,13.90,6.95,true,1,
7622010001858,false,עוגיות אוראו ממולאות קרם וניל 176 גרם.,פי אר ג'\יי אס אי מנדלז,UA,עוגיות אוראו,גרמים,176.00,100 גרם,false,1,10.90,6.19,true,1,
7622201801809,false,מילקה שוקולד חלב עם אגוזים 100 גרם חדש,מנדלז דויצ'\לנד סנקס פרו,DE,שוקולד מילקה,גרמים,100.00,100 גרם,false,1,9.90,9.90,true,1,
7622201808631,false,אוראו מיני עוגיות ממולאות קרם וניל 67גרם,פי.טי. מונדלז אינדונ,ID,עוגיות אוראו מינ,גרמים,67.00,100 גרם,false,1,8.90,13.28,true,1,
7622210835338,false,אוראו עוגיות ממולאות טעם בראוניז 176 גרם,מנדלז אספנה גאלטס פר,ES,עוגיות אוראו,גרמים,176.00,100 גרם,false,1,10.90,6.19,true,1,
7622300617820,false,מילקה שוקולד חלב במילוי קרם חלב ווניל ושבבי עוגיות אוראו 100 גרם,מנדלז דויצ'\לנד סנקס פרו,DE,שוקולד מילקה,גרמים,100.00,100 גרם,false,0,9.90,9.90,true,1,
7630477891738,false,סטארבקס קפסולות קפה אספרסו בלונד 10 יחיד,נסטלה שוויץ - קפה,CH,קפסולות Starbuck,גרמים,53.00,100 גרם,false,1,22.90,43.21,true,1,
7638900248333,false,סוללות2025 אנרג'ייזר זוג,אנרג'יזר Energizer,CN,סוללות 2025 זוג,יחידה,1.00,יחידה,false,1,19.90,19.90,true,1,
7638900426663,false,סוללת אדוונס פורמולה,אנרג'ייזר,CN,סוללות ADVANCED,יחידה,1.00,יחידה,false,1,30.00,30.00,true,1,
7702018321520,false,דאודורנט סטיק לגבר Pro G Arctic ice,תות ממתקי איכות,US,דאודורנט סטיק,מיליליטרים,45.00,"100 מ""ל",false,0,23.90,53.11,true,1,
7702018321582,false,דאודורנט סטיק לגבר Pro G Cool Wave,פרוקטר אנד גמבל,US,דאודורנט סטיק,מיליליטרים,45.00,"100 מ""ל",false,0,23.90,53.11,true,1,
7702018323531,false,ג'ילט - ונוס סמווט' ידית ו2 סכינים,פרוקטר & גמבל,IL,ונוס +SMOOTHסכינ,יחידה,1.00,יחידה,false,1,44.90,44.90,true,1,
7702018347629,false,ונוס אקסטרה סמוט סכיני גילוח רביעייה,ג'ילט ונוס Gillette Venus,PL,גילט רביעית,יחידה,1.00,יחידה,false,1,62.90,62.90,true,1,
7702018357871,false,גל גילוח 2 ב1 לעור רגיש פרוגלייד 170 מל,פרוקטר אנד גמבל,PL,ג'ל גילוח,מיליליטרים,200.00,"100 מ""ל",false,1,26.90,13.45,true,1,
7702018441075,false,גילט מארז סכינים פיוזן ידני 12 יחידות,דיפלומט,PL,סכיני גילוח,יחידה,1.00,יחידה,false,1,139.00,139.00,true,1,
7702018470884,false,גילט מארז פיוזן 16 סכיני גילוח,"פרוקטר אנד גמבל, גרמניה",PL,סכיני גילוח,יחידה,1.00,יחידה,false,1,189.00,189.00,true,1,
7702018482740,false,סכיני גילוח ג'ילט ונוס סימפלי 5 יחידות,ג'\ילט,US,ג'ילט ונוס סימפל,יחידה,1.00,יחידה,false,1,11.90,11.90,true,1,
7702018489664,false,סכיני גילוח ג'ילט בלו 3,,DE,סכיני גילוח גילט,יחידה,1.00,יחידה,false,1,19.90,19.90,true,1,
7702018607532,false,ג'ילט פרוגלייד מארז 14 סכינים,"פרוקטר אנד גמבל, גרמניה",DE,סכיני גילוח 14יח,יחידה,1.00,יחידה,false,1,189.00,189.00,true,1,
7702018911981,false,דאודורנט גל פאוור בי,ג'\ילט פרוקטר אנד גמבל,DE,דאו.קליר ג'ל,מיליליטרים,75.00,"100 מ""ל",false,0,32.90,43.87,true,1,
7702018978106,false,"ג'ילט - דאודורנט ג'ל לגבר ארטיק אייס 70 מ""ל",פרוקטר אנד גמבל,PL,דאו.קליר ג'ל,מיליליטרים,70.00,"100 מ""ל",false,0,16.90,24.14,true,1,
7891024027998,false,קולגייט מי פה טוטאל הגנה מפני אבן 500 מל,קולגייט- פלמוליב,BR,מי פה קולגייט,מיליליטרים,500.00,"100 מ""ל",false,1,17.90,3.58,true,1,
7891024124826,false,קולגייט משחת אופטיק ספרקלינג וייט 75מל,הנסיך- מפעל לייצור ט,BR,משחת קולגייט,מיליליטרים,75.00,"100 מ""ל",false,0,20.90,27.87,true,1,
8000380004676,false,קוביות וופל סנדוויץ Sandwich עם וניל וחלב,"א. לואקר, קונפקט ג'י",AT,ופלים לואקר,גרמים,200.00,100 גרם,false,0,13.60,6.80,true,1,
8000380004911,false,קוביות וופל קואדרטיני Quadratini קרם אגוזים,קריניציה ויטמינה אס,AT,ופל קואדרטיני,גרמים,250.00,100 גרם,false,0,16.90,6.76,true,1,
8000380007219,false,וופלים בטעם אגוזים לואקר 175 גרם,ליימן מותגים,AT,ופלים לואקר,גרמים,175.00,100 גרם,false,0,12.00,6.86,true,1,
8000380007257,false,וופל גרדנה אגוזים לואקר 200 גרם,קריניציה ויטמינה אס,IT,ופלים גרדנה,גרמים,200.00,100 גרם,false,0,15.90,7.95,true,1,
8000380153442,false,וופל קלאסיק בטעם אגוזים לואקר 90 גרם,ליימן שליסל,IT,לואקר קלאסי,גרמים,90.00,100 גרם,false,0,8.90,9.89,true,1,
8000500023624,false,חטיפי הפי היפו Happy Hippo במילוי קרם חלב וקקאו,פררו - אלבה,IT,קינדר הפי היפו,גרמים,102.00,100 גרם,false,0,13.90,13.63,true,1,
8000500023976,false,בונבוניירת רפאלו פררו 150 גרם,פררו - אלבה,PL,בונבונ.רפאלו,גרמים,150.00,100 גרם,false,0,16.90,11.27,true,1,
8000500267103,false,קינדר דליס עוגת ספוג קקאו במילוי חלבי*10,קינדר Kinder,IT,עוגות קינדר דליס,גרמים,390.00,100 גרם,false,1,20.90,5.36,true,1,
8000500374542,false,שוקולד מריר מעולה אגוזי לוז פררו רושה125,רושר,PL,גרנד רושה פררו,גרמים,125.00,100 גרם,false,1,14.90,11.92,true,1,
8001090184375,false,"נוזל כלים פיירי 900 מ""ל ירוק אורגינל",פרוקטר אנד גמבל,GB,פיירי לכלים,מיליליטרים,900.00,"100 מ""ל",false,1,12.90,1.43,true,1,
8001090184412,false,"פיירי נוזל לניקוי כלים לימון שקוף, 900 מ""ל",פרוקטר אנד גמבל,GB,פיירי לכלים,מיליליטרים,900.00,"100 מ""ל",false,1,12.90,1.43,true,1,
8001090222541,false,הרבל אסנסס שמפו תות שדה ומנטה 400 גרם,הרבל אסנס Herbal Essences,FR,שמפו הרבל אסנס,מיליליטרים,400.00,"100 מ""ל",false,1,19.90,4.98,true,1,
8001090222572,false,הרבל אסנסס מרכך תות שדה ומנטה 400 גרם,הרבל אסנס Herbal Essences,FR,מרכך הרבל אסנס,מיליליטרים,400.00,"100 מ""ל",false,1,19.90,4.98,true,1,
8001090222725,false,"הרבל אסנסס - שמפו שמן מורינגה 400 מ""ל",הרבל אסנס Herbal Essences,FR,שמפו הרבל אסנס,מיליליטרים,400.00,"100 מ""ל",false,1,19.90,4.98,true,1,
8001090290830,false,"אוראל בי משחת שיניים- להלבנה פנינה בוהקת 75 מ""ל",פרוקטר אנד גמבל,DE,משחת אורל בי,מיליליטרים,75.00,"100 מ""ל",false,1,29.90,39.87,true,1,
8001090336521,false,פמפרס בייבי דריי חיתולים מידה 5 30 יח,פרוקטר אנד גמבל,DE,פמפרס בייבי,יחידה,1.00,יחידה,false,1,36.90,36.90,true,1,
8001090336606,false,פמפרס בייבי דריי חיתולים מידה 6 26 יח,פרוקטר אנד גמבל,DE,פמפרס בייבי,יחידה,1.00,יחידה,false,1,36.90,36.90,true,1,
8001090364104,false,"משחת שיניים אורל בי G&E אורגינל 75 מ""ל",פרוקטר אנד גמבל,DE,משחת אורל בי,מיליליטרים,75.00,"100 מ""ל",false,1,16.90,22.53,true,1,
8001090364159,false,"משחת שיניים אורל בי G&E רעננות מוגברת 75 מ""ל",פרוקטר אנד גמבל,DE,משחת אורל בי,מיליליטרים,75.00,"100 מ""ל",false,1,16.90,22.53,true,1,
8001090364203,false,"משחת שיניים אורל בי G&E להלבנה עדינה 75 מ""ל",פרוקטר אנד גמבל,DE,משחת אורל בי,מיליליטרים,75.00,"100 מ""ל",false,1,16.90,22.53,true,1,
8001090375230,false,"מרכך מרוכז 200 מ""ל לחות מוגברת ""פנטן""",פרוקטר אנד גמבל,FR,מרכך פנטן,מיליליטרים,200.00,"100 מ""ל",false,1,28.90,14.45,true,1,
8001090377487,false,מסכה לשיער פנטן לחות מוגברת 300 מל,פרוקטר אנד גמבל,RO,מסיכה פנטן,מיליליטרים,300.00,"100 מ""ל",false,1,37.90,12.63,true,1,
8001090379337,false,פמפרס פרימיום קר חיתולים שלב 3 40 יח VP,פרוקטר אנד גמבל,PL,פמפרס פרימיום,יחידה,1.00,יחידה,false,1,41.90,41.90,true,1,
8001090379368,false,פמפרס פרימיום קר חיתולים שלב 4 34 יח VP,פרוקטר אנד גמבל,PL,פמפרס פרימיום,יחידה,1.00,יחידה,false,1,41.90,41.90,true,1,
8001090379399,false,פמפרס פרימיום קר חיתולים שלב 5 30 יח VP,פרוקטר אנד גמבל,PL,פמפרס פרימיום,יחידה,1.00,יחידה,false,1,41.90,41.90,true,1,
8001090580122,false,"הד אנד שולדרס שמפו סופרים משקם 400 מ""ל",פרוקטר אנד גמבל,FR,שמפו הד&שולדרס,מיליליטרים,400.00,"100 מ""ל",false,1,26.90,6.73,true,1,
8001090632715,false,מש.שיניים אורל בי לילדים פרוזן וקארס120ג,פרוקטר אנד גמבל,DE,משחת שיניים לילד,מיליליטרים,75.00,"100 מ""ל",false,1,14.90,19.86,true,1,
8001090678195,false,"הד אנד שולדרס מרכך סופרים לחות 275 מ""ל",פרוקטר אנד גמבל,FR,מרכך הד&שולדרס,מיליליטרים,275.00,"100 מ""ל",false,1,18.90,6.87,true,1,
8001090678614,false,"שמפו סופרים לחות הד אנד שולדרס 400 מ""ל",פרוקטר אנד גמבל,FR,שמפו הד&שולדרס,מיליליטרים,400.00,"100 מ""ל",false,1,26.90,6.73,true,1,
8001090715043,false,אולוויז דיסקרט לבריחת שת,פרוקטר אנד גמבל,DE,אולוויז דיסקרט,יחידה,1.00,יחידה,false,1,38.90,38.90,true,1,
8001090832450,false,"שמפו פנטן הנוסחה הקלאסית 660 מ""ל",פרוקטר אנד גמבל,RO,שמפו פנטן,מיליליטרים,660.00,"100 מ""ל",false,1,23.90,3.62,true,1,
8001090832535,false,"שמפו פנטן שמן מרוקאי משקם 660 מ""ל",פרוקטר אנד גמבל,RO,שמפו פנטן,מיליליטרים,660.00,"100 מ""ל",false,1,23.90,3.62,true,1,
8001090832573,false,"שמפו פנטן לחות מוגברת 660 מ""ל",פרוקטר אנד גמבל,RO,שמפו פנטן,מיליליטרים,660.00,"100 מ""ל",false,1,23.90,3.62,true,1,
8001090832610,false,"שמפו פנטן למגע רך כמשי 660 מ""ל",פרוקטר אנד גמבל,RO,שמפו פנטן,מיליליטרים,660.00,"100 מ""ל",false,1,23.90,3.62,true,1,
8001090832818,false,מרכך פנטן הנוסחה הקלאסית לשיער רגיל ומעורב,פרוקטר אנד גמבל,RO,מרכך פנטן,מיליליטרים,660.00,"100 מ""ל",false,1,23.90,3.62,true,1,
8001090832856,false,"פנטן 660 מ""ל קונדישינר מרוקאי משקם",פרוקטר אנד גמבל,RO,מרכך פנטן,מיליליטרים,660.00,"100 מ""ל",false,1,23.90,3.62,true,1,
8001090832894,false,מרכך לשיער חלש ופגום לחות מוגברת,פרוקטר אנד גמבל,RO,מרכך פנטן,מיליליטרים,660.00,"100 מ""ל",false,1,23.90,3.62,true,1,
8001090832931,false,"פנטן 660 מ""ל קונדישינר למגע רך כמשי",פרוקטר אנד גמבל,RO,מרכך פנטן,מיליליטרים,660.00,"100 מ""ל",false,1,23.90,3.62,true,1,
8001090899194,false,תחבושות אולוויז פלטינום נורמל 24 יחידות,פרוקטר אנד גמבל,DE,תחבושות אולוויז,יחידה,1.00,יחידה,false,1,25.90,25.90,true,1,
8001090899224,false,תחבושות אולוויז פלטינום לונג 20 יחידות,פרוקטר אנד גמבל,DE,תחבושות אולוייז,יחידה,1.00,יחידה,false,1,25.90,25.90,true,1,
8001090899255,false,תחבושות אולוויז פלטינום לילה 16 יחידות,פרוקטר אנד גמבל,DE,תחבשות אולוויז,יחידה,1.00,יחידה,false,1,25.90,25.90,true,1,
8001090899286,false,תחבושות אולוויז פלטינום לילה בטוח 14 יח',פרוקטר אנד גמבל,DE,תחבושות אולוויז,יחידה,1.00,יחידה,false,1,25.90,25.90,true,1,
8001090992338,false,פיירי טבליות למדיח פלטינום פלוס 50 יחידו,פרוקטר אנד גמבל,BE,פיירי טב' למדיח,יחידה,1.00,יחידה,false,1,68.90,68.90,true,1,
8001090993502,false,טמפקס כותנה סופר 16 יח',פרוקטר אנד גמבל,US,טמפקס כותנה סופר,יחידה,1.00,יחידה,false,1,23.90,23.90,true,1,
8001160000888,false,"גטורייד משקה ספורט תפוז 500 מ""ל",אקווה מינרלה סאן בנדטו,IT,גטורייד תפוז,מיליליטרים,500.00,"100 מ""ל",false,1,11.90,2.38,true,1,
8001160001892,false,"משקה אנרגיה גטורייד ספורט תפוז אדום 500מ""ל",אקווה מינרלה סאן בנדטו,IT,גטורייד תפוז,מיליליטרים,500.00,"100 מ""ל",false,0,11.90,2.38,true,1,
8001359108333,false,ספא פארמה קרם לחות אנטי אייג'ינג 50מ'ל,פאר פארם.,IL,קרם אנטי איי'ינג,מיליליטרים,50.00,"100 מ""ל",false,0,29.90,59.80,true,1,
8001620018408,false,"משקה פירות בטעם מנגו תפוח 400 מ""ל פרוטה",אקווה מינרלה סאן בנדטו ב,IT,פרוטה מנגו תפוח,מיליליטרים,400.00,"100 מ""ל",false,1,7.90,1.98,true,1,
8001841053684,false,תחבושות אולוויז עבה לונג פלוס 12 יחידות,פרוקטר אנד גמבל )ראה קוד,HU,תחבושות אולוויז,יחידה,1.00,יחידה,false,1,13.90,13.90,true,1,
8001841053806,false,תחבושות היגייניות אולוויז מקסי עבה לילה,פרוקטר אנד גמבל,HU,תחבושות אולוויז,יחידה,1.00,יחידה,false,1,13.90,13.90,true,1,
8001841062624,false,פמפרס מגבונים לחים ללא בישום רביעייה,פרוקטר אנד גמבל.,DE,מגבוני פמפרס 4יח,יחידה,1.00,יחידה,false,1,17.90,17.90,true,1,
8001841077949,false,מארז מגבוני פמפרס בניחוח מרענן - רביעייה,פרוקטר אנד גמבל,DE,מגבוני פמפרס 4יח,יחידה,1.00,יחידה,false,1,17.90,17.90,true,1,
8001841104751,false,פמפרס פרימיום קר חיתולים שלב 1 52 יח VP,פרוקטר אנד גמבל,PL,פמפרס,יחידה,1.00,יחידה,false,1,39.90,39.90,true,1,
8001841104799,false,פמפרס פרימיום קר חיתולים שלב 2 46 יח VP,פרוקטר אנד גמבל,PL,פמפרס,יחידה,1.00,יחידה,false,1,39.90,39.90,true,1,
8001841105093,false,פמפרס פרימיום קר חיתולים שלב 6 26 יח VP,פרוקטר אנד גמבל,PL,פמפרס,יחידה,1.00,יחידה,false,1,41.90,41.90,true,1,
8001841413334,false,קונד.הד&שולדרס קוקוס275מ,פרוקטר אנד גמבל,RO,קונדיש.הד&שולדרס,מיליליטרים,275.00,"100 מ""ל",false,1,18.90,6.87,true,1,
8001841500799,false,"הרבל אסנסס - שמפו ללא סולפטים אלוורה ומנגו 380 מ""ל",הרבל אסנס Herbal Essences,FR,שמפו ללא סולפטים,מיליליטרים,380.00,"100 מ""ל",false,1,25.90,6.82,true,1,
8001841502298,false,"הרבל אסנסס - מרכך ללא סולפטים אלוורה ומנגו 275 מ""ל",הרבל אסנס Herbal Essences,FR,מרכך ללא סולפטים,מיליליטרים,275.00,"100 מ""ל",false,1,25.90,9.42,true,1,
8001841669465,false,קפסולות לכביסה אריאל בניחוח לנור 24 יחידות,פרוקטר אנד גמבל,FR,קפסולות גל כביסה,יחידה,1.00,יחידה,false,1,37.90,37.90,true,1,
8002110383709,false,נוטרוגינה ס.נורבגית ק.ידיים לא מבושם 50מל,ניוטרוג'ינה Neutrogena,FR,קרם ידיים,מיליליטרים,50.00,"100 מ""ל",false,0,28.90,57.80,true,1,
8004800004802,false,לאגו פלאסיר גליליוופל קרם דומדמניות 100 גרם,לגו גרופ ס.פ.א.,IT,גלילי וופל לאגו,גרמים,100.00,100 גרם,false,1,13.90,13.90,true,1,
8006540112793,false,"מרכך כביסה מרוכז בניחוח יסמין לנור 900 מ""ל",פרוקטר אנד גמבל,US,לנור מרכך מרוכז,מיליליטרים,900.00,"100 מ""ל",false,1,19.90,2.21,true,1,
8006540112823,false,"לנור מרכך כביסה מרוכז בניחוח האוקיינוס 900 מ""ל",פרוקטר אנד גמבל,FR,לנור מרכך מרוכז,מיליליטרים,900.00,"100 מ""ל",false,1,19.90,2.21,true,1,
8006540221341,false,אולוויז מגן תחתון וליופק לארג' 48 יחידות,,DE,מגן תחתון אולווי,יחידה,1.00,יחידה,false,1,17.90,17.90,true,1,
8006540221464,false,מגן תחתון אולוויז וליופק נורמל 56 יחידות,,DE,מגן תחתון אולווי,יחידה,1.00,יחידה,false,1,17.90,17.90,true,1,
8006540222089,false,פמפרס מגבונים היגיינים לתינוקות וילדים TO GO 40 יח',פרוקטור אנד גמבל,DE,מגבוני פמפרס,יחידה,1.00,יחידה,false,1,7.90,7.90,true,1,
8006540404850,false,דיסקריט תחבושות לבריחת שתן לונג 10 יח,פרוקטר & גמבל,DE,דיסקריט תחבושות,יחידה,1.00,יחידה,false,1,23.90,23.90,true,1,
8006540404935,false,דיסקריט תחבושות לבריחת שתן נורמל 12 יח,פרוקטר & גמבל,DE,דיסקריט תחבושות,יחידה,1.00,יחידה,false,1,23.90,23.90,true,1,
8006540405031,false,דיסקריט תחבושות לבריחת שתן סמול פלוס 16,פרוקטר & גמבל,DE,דיסקריט תחבושות,יחידה,1.00,יחידה,false,1,23.90,23.90,true,1,
8006540406694,false,פמפרס בייבי דריי פנטס מידה 4 42 יח,דיפלומט,PL,פמפרס מכנסונים,יחידה,1.00,יחידה,false,1,54.90,54.90,true,1,
8006540406724,false,פמפרס בייבי דריי פנטס מידה 5 38 יח,דיפלומט,PL,פמפרס מכנסונים,יחידה,1.00,יחידה,false,1,54.90,54.90,true,1,
8006540410905,false,הד&שולדרס 7 יתרונות ב-1 עמידות השיער 450,S BLOIS GAMBLE & PROCTER,FR,ה&ש שמפו 7 ב1-,מיליליטרים,450.00,"100 מ""ל",false,1,25.90,5.76,true,1,
8006540495186,false,לנור מרכך כביסה מרוכז רגיש בייבי 900 מל,פרוקטר אנד גמבל,FR,מרכך כביסה בייבי,מיליליטרים,900.00,"100 מ""ל",false,1,19.90,2.21,true,1,
8006540592465,false,אולוויז תחבושות לונג 24 יח,פרוקטר & גמבל,HU,תחבושות לונג,יחידה,1.00,יחידה,false,1,17.90,17.90,true,1,
8011003818112,false,BRIGHT CRYSTAL ABSOLU EDP 90 ML,לילית בישום,IT,CRYSTAL BRIGHT,מיליליטרים,90.00,"100 מ""ל",false,0,239.00,265.55,true,1,
8011003861224,false,EROS א.ד.פ לגבר וסצ'ה,,IT,EROS א.ד.פ לגבר,מיליליטרים,100.00,"100 מ""ל",false,1,259.00,259.00,true,1,
8011003876594,false,מארז ברייט קריסטל לאישה,EUROITALIA,IT,מארז ברייט קריסט,יחידה,1.00,יחידה,false,1,379.00,379.00,true,1,
8032880800243,false,פיקניק הפתעה - אגוזי לוז ומקלות אפויים,"הוסטה איטליה, ס.ר.ל.",IT,פיקניק הפתעה,גרמים,50.00,100 גרם,false,0,9.90,19.80,true,1,
8033661564880,false,ממחטות נייר מיניונ 6 יחי,,IL,ממחטות נייר 6 יח,יחידה,1.00,יחידה,false,1,9.90,9.90,true,1,
8053853182562,false,FROZENקובית ממחטות נייר 56יח',,IL,ממחטות נייר 56יח,יחידה,1.00,יחידה,false,1,11.90,11.90,true,1,
8410104511340,false,ויט רצועות שעווה מוכנות לעור יבש 12 יחידות,רקיט בנקיזר צרפת,FR,רצועות שעווה ויט,יחידה,1.00,יחידה,false,0,38.90,38.90,true,1,
8410436218252,false,סאיוס אולאו אינטנס 6-10 בלונד כהה,סאיוס syoss,IL,צבע לשיער אולאו,יחידה,1.00,יחידה,false,0,29.90,29.90,true,1,
8411061043844,false,212VIP BLACK EDP 100ML חדש,,FR,BLACK VIP 212 א,מיליליטרים,100.00,"100 מ""ל",false,1,330.00,330.00,true,1,
8411114086231,false,אירון מן בושם 100 מל,,ES,איירון מן בושם,מיליליטרים,100.00,"100 מ""ל",false,0,52.90,52.90,true,1,
8411114086248,false,ספידרמן 100בושם מל,,ES,"ספיידרמן 100 מ""ל",מיליליטרים,100.00,"100 מ""ל",false,0,52.90,52.90,true,1,
8411114087320,false,"מיני בושם 30 מ""ל",,ES,מיני בושם 30,מיליליטרים,30.00,"100 מ""ל",false,0,34.90,116.33,true,1,
8411114097039,false,"בושם קפטן אמריקה 30 מ""ל",,ES,בושם קפ' אמריקה,מיליליטרים,30.00,"100 מ""ל",false,0,34.90,116.33,true,1,
8423207206501,false,סלים דליס חטיף דגנים עם שוקולד חלב מרבה 6*13 גרם,סלים דליס Slim Delis,ES,חטיפי דגנים מרבה,גרמים,120.00,100 גרם,false,0,15.90,13.25,true,1,
8427030007281,false,סימילאק גולד קומפורט 1 תרכובת מזון על בסיס חלב,סימילאק Similac,ES,סימילאק קומפורט,גרמים,820.00,100 גרם,false,1,106.90,13.04,true,1,
8431754342016,false,"הלווין אדט לאישה 100 מ""ל - חיסוס דל פוזו",באלנסייגה,FR,HALLOWEEN א.ד.ט,מיליליטרים,100.00,"100 מ""ל",false,0,179.00,179.00,true,1,
8690526029238,false,אתי מארז וופלים במילוי שוקולד מריר 50גרם,"GIDA ETI , טורקיה n\",TR,וופל מצופה שוקול,גרמים,150.00,100 גרם,false,1,10.90,7.27,true,1,
8690572784303,false,שמפו גליס Gliss לשיער ארוך Supreme Length,שוורצקופף והנקל,TR,שמפו גליס,מיליליטרים,400.00,"100 מ""ל",false,1,17.90,4.48,true,1,
8690572788912,false,"גליס - ביו טק מרכך 400 מ""ל",שוורצקופף והנקל,TR,מרכך גליס ביו טק,מיליליטרים,400.00,"100 מ""ל",false,1,17.90,4.48,true,1,
8690572794692,false,"גליס - שמפו לאיזון והזנת הקרקפת 400 מ""ל","הובי קוסמטיק, חברת ייצור",TR,שמפו לאיזון והזנ,מיליליטרים,400.00,"100 מ""ל",false,1,17.90,4.48,true,1,
8690572794715,false,"גליס - מרכך לאיזון והזנת הקרקפת 400 מ""ל","הובי קוסמטיק, חברת ייצור",TR,מרכך לאיזון והזנ,מיליליטרים,400.00,"100 מ""ל",false,1,17.90,4.48,true,1,
8690637704437,false,שמפו עם שמני הזנה לטיפוח לשיער יבש,יוניליוור סנאיי וי טיקאר,TR,שמפו דאב,מיליליטרים,600.00,"100 מ""ל",false,0,21.90,3.65,true,1,
8690637865589,false,"דאב תרחיץ ידיים בניחוח מלפפונים ותה ירוק 500 מ""ל",General,TR,דאב סבון ידיים,מיליליטרים,500.00,"100 מ""ל",false,1,16.90,3.38,true,1,
8690637916991,false,מרכך דאב עם שמן אבוקדו ותמצית קלנדולה600,יונילוור - תורכיה,TR,מרכך שיער דאב,מיליליטרים,600.00,"100 מ""ל",false,1,21.90,3.65,true,1,
8691900172175,false,קוטקס תחב.לילה אולטרה18י,חוגלה קימברלי,CZ,קוטקס תחבושת,יחידה,1.00,יחידה,false,1,19.90,19.90,true,1,
8691900174049,false,קוטקס תחבושות אולטרה לונג 18 יח',חוגלה קימברלי,CZ,קוטקס תחבושת,יחידה,1.00,יחידה,false,1,19.90,19.90,true,1,
8693495052931,false,זוג מברשות שיניים אדוונסט 360 לניקוי כל חלל הפה,קולגייט פלמוליב,CN,מברשות קולגייט,יחידה,1.00,יחידה,false,1,31.90,31.90,true,1,
8710103527800,false,אוונט מוצץ חיות טרומן 6-18 ללא ביספינול,פיליפס אוונט,GB,אוונט מוצץ חיות-,יחידה,1.00,יחידה,false,0,44.90,44.90,true,1,
8710103826279,false,אוונט כוס שתיה פיה רכה גיל 9+ 300מל בנים,כמיפל,ID,אוונט כוס לגן,מיליליטרים,300.00,"100 מ""ל",false,1,49.90,16.63,true,1,
8710103873990,false,אוונט זוג פטמות נטורל מעבר מהיר,פיליפס אוונט,GB,אוונט פטמת מעבר,יחידה,1.00,יחידה,false,1,43.90,43.90,true,1,
8710103876014,false,אוונט בקבוק נטורל 2 תכלת 260 מל,כמיפל,GB,אוונט בקבוק,יחידה,1.00,יחידה,false,1,54.90,54.90,true,1,
8710103901792,false,אוונט מוצץ 6-18 אולטרה אייר לילה בנים,פיליפס אוונט,GB,מוצץ אולטרא אייר,יחידה,1.00,יחידה,false,1,54.90,54.90,true,1,
8710103901822,false,אוונט מוצץ 6-18 אולטרה אייר לילה בנות,פיליפס אוונט,GB,מוצץ אולטרא אייר,יחידה,1.00,יחידה,false,1,54.90,54.90,true,1,
8710103922582,false,פיליפס ONE BLADE מכשיר לעיצוב זיפים 30,פיליפס-גילוח,ID,וואן בלייד30דקות,יחידה,1.00,יחידה,false,1,159.90,159.90,true,1,
8710428005762,false,תרכובת מזון לתינוקות על בסיס חלבון סויה איזומיל טף שלב 2,"אבוט מעבדות רפואיות בע""מ",NL,סימילאק צמחי,גרמים,400.00,100 גרם,false,0,45.90,11.48,true,1,
8710428016348,false,אבקת משקה להשלמה תזונתית וניל 400 ג' פדיאשור,אבוט מעבדות רפואיות,NL,פדיאשור ונילה,גרמים,400.00,100 גרם,false,1,34.90,8.73,true,1,
8710428016355,false,אבקת משקה להשלמה תזונתית שוקו 400 ג' פדיאשור,אבוט מעבדות רפואיות,NL,פדיאשור שוקולד,גרמים,400.00,100 גרם,false,1,34.90,8.73,true,1,
8710428017000,false,פדיאשור השלמה תזונתית בטעם וניל 850 גרם,General,NL,פדיאשור ונילה,גרמים,850.00,100 גרם,false,1,79.90,9.40,true,1,
8710800961310,false,סוכריות בטעם תות מנטוס 4*375 גרם,פרפטי ואן מלה ברדה,NL,מנטוס תות 4 יח,גרמים,150.00,100 גרם,false,0,11.90,7.93,true,1,
8710847942679,false,טרזמה שמפו לשיער יבש בתוספת שמן המפ,יוניליוור,PL,טרזמה שמפו,מיליליטרים,400.00,"100 מ""ל",false,1,18.90,4.73,true,1,
8712400717984,false,נוטרילון קומפורט תרכובת מזון מגיל לידה,נוטרישה-נוטרילון,NL,נוטרילון 400 גרם,גרמים,400.00,100 גרם,false,0,46.90,11.73,true,1,
8712400802499,false,תרכובת מזון המשך לפעוטות על בסיס חלב שלב 1,נוטרישיה קאלק ב. ו.,NL,נוטרילון שלה1-,גרמים,800.00,100 גרם,false,0,68.90,8.61,true,1,
8712400802512,false,תרכובת מזון המשך לפעוטות על בסיס חלב שלב 2,נוטרישיה קאלק ב. ו.,NL,נוטרילון שלב2-,גרמים,800.00,100 גרם,false,0,68.90,8.61,true,1,
8712400802536,false,תרכובת מזון המשך לפעוטות על בסיס חלב שלב 3,נוטרישיה קאלק ב. ו.,NL,נוטרילון שלב3-,גרמים,800.00,100 גרם,false,0,68.90,8.61,true,1,
8712561594240,false,"דאב תחליב רחצה להזנה עמוקה500 מ""ל-מרכז","יוניליוור גרמניה, Gmbh &",DE,תחליב רחצה דאב,מיליליטרים,500.00,"100 מ""ל",false,1,17.90,3.58,true,1,
8712561611183,false,דאב סבון נוזלי 500 תמציות מלפפונים ותה,"יוניליוור גרמניה, Gmbh &",DE,תחליב רחצה דאב,מיליליטרים,500.00,"100 מ""ל",false,1,17.90,3.58,true,1,
8712561631570,false,"תחליב רחצה קוקוס ויסמין דאב 750 מ""ל",יוניליוור גרמניה (בו,DE,תחליב רחצה דאב,מיליליטרים,750.00,"100 מ""ל",false,1,23.90,3.19,true,1,
8714789218465,false,מברשת שיניים 360 סופט קולגייט 2 יחידות,הנסיך- מפעל לייצור ט,CN,2 מברשות שיניים,יחידה,1.00,יחידה,false,0,29.90,29.90,true,1,
8714789303925,false,מברשת שיניים 360 סנסטיב רכה במיוחד קולגייט 2 יחידות,קולגייט- פלמוליב,CH,2 מברשות שיניים,יחידה,1.00,יחידה,false,0,29.90,29.90,true,1,
8714789529561,false,"משחת שיניים סנסטיב פרו ריליף להלבנה קולגייט 75 מ""ל",קולגייט-פלמוליב,BR,משחת קולגייט,מיליליטרים,75.00,"100 מ""ל",false,0,19.90,26.53,true,1,
8714789831275,false,מברשת שיניים 360 אופטיק ווייט קולגייט 2 יחידות,קולגייט-פלמוליב,CN,מברשות קולגייט,יחידה,1.00,יחידה,false,0,29.90,29.90,true,1,
8714789930848,false,"משחת שיניים אופטיק וייט הלבנה מיידית קולגייט 75 מ""ל",הנסיך- מפעל לייצור ט,PL,משחת קולגייט,מיליליטרים,75.00,"100 מ""ל",false,0,20.90,27.87,true,1,
8717163658314,false,תחליב רחצה מים מיסלריים היפואלרגני לעור רגיש,יוניליוור גרמניה Gmbh &,DE,תחליב רחצה דאב,מיליליטרים,500.00,"100 מ""ל",false,1,17.90,3.58,true,1,
8718117607662,false,נוטרילון A.R תרכובת מזון מגיל לידה,נוטרישה-נוטרילון,NL,נוטרילון AR,גרמים,900.00,100 גרם,false,1,99.90,11.10,true,1,
8718951093331,false,מרידול זוג מברשות שיניים אקסטרה סופט,קולגייט פלמוליב,CH,זוג מברשות מרידו,יחידה,1.00,יחידה,false,1,39.90,39.90,true,1,
8718951144064,false,מרידול מברשת שיניים פרודונט אקספרט זוג,"ש. שסטוביץ בע""\מ",CH,זוג מברשות מרידו,יחידה,1.00,יחידה,false,1,39.90,39.90,true,1,
8718951187122,false,זוג מברשות שיניים אלמקס לילדים גילאי 0-3,GABA TRISA SWIZ,CN,מברשות אלמקס,יחידה,1.00,יחידה,false,1,26.90,26.90,true,1,
8718951236790,false,"קולגייט טוטאל משחת שיניים קלין מינט לפה בריא 100 מ""ל",קולגייט פלמוליב,PL,קולגייט טוטל,מיליליטרים,100.00,"100 מ""ל",false,1,15.90,15.90,true,1,
8718951236806,false,"קולגייט טוטאל הלבנה משחת שיניים המסייעת בהסרת כתמים 100 מ""ל",קולגייט Colgate,PL,קולגייט טוטל,מיליליטרים,100.00,"100 מ""ל",false,1,15.90,15.90,true,1,
8718951236813,false,"קולגייט טוטאל משחת שיניים ניקוי מתקדם לפה בריא יותר 100 מ""ל",קולגייט פלמוליב,PL,משחת קולגייט,מיליליטרים,100.00,"100 מ""ל",false,1,15.90,15.90,true,1,
8718951240742,false,"קולגייט טוטאל משחת שיניים פסים מרעננים 100 מ""ל",קולגייט פלמוליב,PL,קולגייט טוטל,מיליליטרים,100.00,"100 מ""ל",false,1,15.90,15.90,true,1,
8718951259409,false,"פלמוליב תחליב רחצה נטורלס לעור עדין 750 מ""ל",קולגייט פלמוליב,IT,תחליב רחצה נטורל,מיליליטרים,750.00,"100 מ""ל",false,1,17.90,2.38,true,1,
8718951264618,false,"קולגייט אופטיק וייט פחם צ'רקול משחת שיניים, 75 מ""ל",קולגייט-פלמוליב,PL,משחת קולגייט,מיליליטרים,75.00,"100 מ""ל",false,1,19.90,26.54,true,1,
8718951278851,false,מ.שיניים אדוונס וויט פחם,קולגייט,PL,מ.שיניים קולגייט,מיליליטרים,100.00,"100 מ""ל",false,1,19.90,19.90,true,1,
8718951281738,false,אלמקס סנסיטיב משחה לשיניים רגישות,CP-Poland swidnica,PL,משחת אלמקס,מיליליטרים,75.00,"100 מ""ל",false,1,18.90,25.20,true,1,
8718951286672,false,"משחת שיניים לחניכיים, 75 מ""ל קולגייט",קולגייט פלמוליב,PL,קולגייט מ.שיניים,מיליליטרים,75.00,"100 מ""ל",false,1,17.90,23.86,true,1,
8718951288492,false,"משחת שיניים מרידול בי טיוב מארז 2*75 מ""ל",קולגייט פלמוליב,PL,משחת מרידול 2 יח,מיליליטרים,150.00,"100 מ""ל",false,1,32.90,21.93,true,1,
8718951314009,false,פלמוליב תחליב רחצה פטל שחור 750 מל,קולגייט פלמוליב,TR,תחליב רחצה,מיליליטרים,750.00,"100 מ""ל",false,1,17.90,2.38,true,1,
8718951315303,false,"קולגייט אדומה משחת שיניים להגנה מפני עששת 2*100 מ""ל",קולגייט-פלמוליב,PL,משחת קולגייט 2יח,מיליליטרים,200.00,"100 מ""ל",false,1,18.90,9.45,true,1,
8718951350137,false,"פלמוליב תחליב רחצה מקדמיה וקקאו עם חמאת שיאה 750 מ""ל",קולגייט פלמוליב,IT,תחליב רחצה קקאו,מיליליטרים,750.00,"100 מ""ל",false,1,17.90,2.38,true,1,
8718951381292,false,"משחת שיניים מקס דיטוקס פואם קולגייט 125 מ""ל",קולגייט Colgate,PL,משחת מקס דיטוקס,מיליליטרים,125.00,"100 מ""ל",false,1,22.90,18.32,true,1,
8718951382664,false,"פלמוליב ג'ל רחצה חימר ואקליפטוס 750 מ""ל",קולגייט פלמוליב,TR,סבון פמוליב,מיליליטרים,750.00,"100 מ""ל",false,1,17.90,2.38,true,1,
8718951400474,false,"תחליב רחצה קמליה ושקדים ללא משאבה750 מ""ל פלמולי",קולגייט פלמוליב,TR,תחליב רחצה שקדים,מיליליטרים,750.00,"100 מ""ל",false,1,17.90,2.38,true,1,
8718951400597,false,"תחליב רחצה קוקוס וחלב ללא משאבה750 מ""ל פלמוליב",קולגייט פלמוליב,TR,תחליב רחצה קוקוס,מיליליטרים,750.00,"100 מ""ל",false,1,17.90,2.38,true,1,
8718951410510,false,מרידול מנקה לשון לנשימה רעננה,שסטוביץ,CH,מנקה לשון מרידול,יחידה,1.00,יחידה,false,1,29.90,29.90,true,1,
8718951428492,false,"פלמוליב סבון רחצה לגבר 4ב1 מועשר בפחם 750 מ""ל",שסטוביץ,TR,סבון רחצה לגבר,מיליליטרים,750.00,"100 מ""ל",false,1,17.90,2.38,true,1,
8718951452770,false,סבון גוף עדין שקדים500מל,קולגייט פלמוליב,TR,סבון גוף פלמוליב,מיליליטרים,500.00,"100 מ""ל",false,1,18.90,3.78,true,1,
8718951470323,false,קולגייט סופט פואם פחם זוג מברשות שיניים,קולגייט פלמוליב,CN,זוג מברשות שינים,יחידה,1.00,יחידה,false,1,31.90,31.90,true,1,
8720181046605,false,דאב - דאודורנט ספריי לאישה אורגינל כחול 150מל,"יוניליוור אנגליה, דרך קו",GB,דאודורנט דאב,מיליליטרים,150.00,"100 מ""ל",false,1,13.90,9.27,true,1,
8720181090202,false,"תחליב רחצה דאב עם שמן זית, 750 מ""ל","יוניליוור גרמניה, Gmbh &",DE,תחליב רחצה דאב,מיליליטרים,750.00,"100 מ""ל",false,1,23.90,3.19,true,1,
8850006331699,false,שלישיית מברשת שיניים קולגייט סלים סופט,קולגייט פלמוליב,CN,3 מברשות קולגייט,יחידה,1.00,יחידה,false,1,33.90,33.90,true,1,
8850389104637,false,"משקה קל סאפה אלוורה אפרסק 300 מ""ל",סאפה פובליק קומפני ל,TH,סאפה אפרסק,מיליליטרים,300.00,"100 מ""ל",false,0,7.90,2.63,true,1,
8888021200256,false,סוללות אנרג'ייזר AA מקס 8 יחידות,יצרן: אנרג'ייזר סינג,SG,שמינית סוללות,יחידה,1.00,יחידה,false,0,22.90,22.90,true,1,
8901314116079,false,מברשת ילדים ברבי,קולגייט-פלמוליב,CN,מברשת לילדים,יחידה,1.00,יחידה,false,1,10.90,10.90,true,1,
8901314116086,false,מברשת שיניים קולגייט ילדים באטמן,קולגייט-פלמוליב,CN,מברשת לילדים,יחידה,1.00,יחידה,false,1,10.90,10.90,true,1,
8901314517463,false,קולגייט מברשת שיניים,פרוקטר אנד גמבל,IN,מברשת קולגייט360,יחידה,1.00,יחידה,false,1,23.90,23.90,true,1,
8906008231304,false,FRIENDS חיתולים למבוגרים (10 טיפות) XL,נובל חייגיאן,IN,חיתולי לילה למבו,יחידה,1.00,יחידה,false,1,44.90,44.90,true,1,
9000100591058,false,"סאיוס - ג'ל לשיער לייצוב מקסימלי 250 מ""ל",שוורצקוף,DE,ג'ל לעיצוב סאיוס,מיליליטרים,250.00,"100 מ""ל",false,0,31.90,12.76,true,1,
9001616202100,false,מוצץ לתינוק ללא ביספנול 6+ מאם 2 יחידות,General,HU,זוג מוצצים מאמ,יחידה,1.00,יחידה,false,0,38.90,38.90,true,1,
9001616202117,false,מאם מוצצים סיליקון 0-6 זמן לאהבה אפור,טרופיקל דגיל תעשיות,HU,2 מוצצי סיליקון,יחידה,1.00,יחידה,false,0,38.90,38.90,true,1,
9001616202131,false,מוצץ לתינוק מיני ללא ביספנול 0-6 מאם,מאם Mam,HU,מאמ מוצץ מיני,יחידה,1.00,יחידה,false,0,38.90,38.90,true,1,
9001616202193,false,מאם מוצצים לטקס 0-2 תכלת,General,HU,זוג מוצצים,יחידה,1.00,יחידה,false,0,38.90,38.90,true,1,
9001616202452,false,מאם מוצצים סיליקון 6+ פרל תכלת,אלפא,HU,מוצץ מאמ,יחידה,1.00,יחידה,false,0,38.90,38.90,true,1,
9001616203305,false,זוג פטמות X לבקבוק 6+ חודשים,מאם Mam,HU,פיטמה למזון סמיך,יחידה,1.00,יחידה,false,0,29.90,29.90,true,1,
9001616203367,false,מאם זוג פטמות מס 2 זרימה בינונית,General,AT,פטמה לבקבוק,יחידה,1.00,יחידה,false,0,28.90,28.90,true,1,
9001616205514,false,מאם מוצצים לטקס 0-6 תכלת,אלפא,HU,2 מוצצי ערב לטקס,יחידה,1.00,יחידה,false,0,38.90,38.90,true,1,
9001616205774,false,מאם אנימלס מוצצי סיליקון 0-6 תכלת,אלפא,HU,מוצץ מאמ,יחידה,1.00,יחידה,false,0,38.90,38.90,true,1,
9001616205781,false,מאם מוצצים סיליקון 6+ אנימלס כחול,אלפא,HU,מוצץ מאמ,יחידה,1.00,יחידה,false,0,38.90,38.90,true,1,
9001616661099,false,"בקבוק לתינוק 270 מ""ל 2+ חודשים Easy Active",מאם Mam,AT,מאמ בקבוק,יחידה,1.00,יחידה,false,0,38.90,38.90,true,1,
9001616669903,false,"בקבוק לתינוק ללא ביספנול 0+ מאם 160 מ""ל",מאם Mam,HU,מאמ בקבוק,יחידה,1.00,יחידה,false,0,38.90,38.90,true,1,
9001616680991,false,"בקבוק לתינוק אנטי קוליק מאמ 260 מ""ל",מאם Mam,AT,בקבוק אנטי קוליק,יחידה,1.00,יחידה,false,1,38.90,38.90,true,1,
9001616702730,false,זוג מוצצי סיליקון לאב אנד אפקשן 6+ ו רוד,General,HU,זוג מוצצים +6 או,יחידה,1.00,יחידה,false,1,38.90,38.90,true,1,
9001616702983,false,"בקבוק לתינוק מאמ 330 מ""ל",General,HU,בקבוק תינוק סגול,מיליליטרים,330.00,"100 מ""ל",false,1,38.90,11.79,true,1,
9001616702990,false,"בקבוק לתינוק מאמ 330 מ""ל",General,HU,בקבוק תינוק ירו,מיליליטרים,330.00,"100 מ""ל",false,1,38.90,11.79,true,1,
9001616703010,false,"בקבוק תינוק 330 מ""ל ורוד",General,AT,בקבוק תינוק ורוד,מיליליטרים,330.00,"100 מ""ל",false,1,38.90,11.79,true,1,
9001616703256,false,נשכן בת יחידה,General,AT,נשכן בת,יחידה,1.00,יחידה,false,1,34.90,34.90,true,1,
9001616813856,false,מוצצי +6 יום לילה מארז שלישיה,מאמ,AT,מוצצים יום ולילה,יחידה,1.00,יחידה,false,1,49.90,49.90,true,1,
9005800343143,false,"ניוואה מן אפטר-שייב קול קיק פרש 100 מ""ל",ניואה,DE,אפטר שייב ניוואה,מיליליטרים,100.00,"100 מ""ל",false,1,39.90,39.90,true,1,
9310088007015,false,דיפנד תחבושות אוברנייט בלילה,קימברלי-קלארק,VN,תחבושות דיפנד,יחידה,1.00,יחידה,false,0,21.90,21.90,true,1,
9310714206119,false,שוורצקופף - ג'ל צביעה לגבר חום בהיר,הנקל סוד,DE,ג'ל צביעה לגבר,יחידה,1.00,יחידה,false,0,64.90,64.90,true,1,
9310714206140,false,שוורצקופף - ג'ל צביעה לגבר חום שחור,הנקל סוד,DE,ג'ל צביעה לגבר,יחידה,1.00,יחידה,false,0,64.90,64.90,true,1,
