code,internal_code,name,manufacturer_name,manufacture_country,manufacturer_item_description,unit_qty,quantity,unit_of_measure,weighted,qty_in_package,price,unit_of_measure_price,allow_discount,status,item_id
103,true,לחמניה בריאות,,,לחמניה בריאות,יח',1.00,יח',false,,3.90,3.9000,true,1,2397
161,true,קישוא עגול,,,קישוא עגול,קילוגרמים,1.00,"ק""ג",true,,12.90,12.9000,true,1,50634
163,true,פטריות שמפיניון תפזו,,,פטריות שמפיניון תפזו,קילוגרמים,1.00,"ק""ג",true,,39.90,39.9000,true,1,50635
164,true,פטריות חורש תפזורת,,,פטריות חורש תפזורת,קילוגרמים,1.00,"ק""ג",true,,39.90,39.9000,true,1,50636
301,true,בקבוק ריק חוזר בירה,,,בקבוק ריק חוזר בירה,יחידה,0.00,יחידה,false,,1.20,0.0000,true,1,6865
374,true,פטריות שמפניון,,,פטריות שמפניון,יח',1.00,יח',false,,9.90,9.9000,true,1,50638
561,true,חמץ   חמץ,,,חמץ   חמץ,יחידה,0.00,יחידה,false,,100.00,0.0000,true,1,279066
572,true,קופון מצטרף חדש למוע,,,קופון מצטרף חדש למוע,יחידה,0.00,יחידה,false,,0.01,0.0000,true,1,34373
1055,true,לחם לבן 750 גרם,,,לחם לבן 750 גרם,גרמים,750.00,100 גרם,false,,5.12,0.6827,true,1,4446
1058,true,חלה רגילה/חלה ציפורי,,,חלה רגילה/חלה ציפורי,גרמים,500.00,100 גרם,false,,5.17,1.0340,true,1,4447
1059,true,חלה מתוקה 500 גרם,,,חלה מתוקה 500 גרם,גרמים,500.00,100 גרם,false,,12.90,2.5800,true,1,4448
1091,true,צנונית בייבי,,,צנונית בייבי,גרמים,400.00,100 גרם,false,,6.90,1.7250,true,1,35486
1095,true,בייבי בטטה,,,בייבי בטטה,יח',1.00,יח',false,,7.90,7.9000,true,1,50641
1216,true,לחמנית אצבע/מיוחדת,,,לחמנית אצבע/מיוחדת,יחידה,0.00,יחידה,false,,2.50,0.0000,true,1,4454
1219,true,לחמניה ביס קטנה 50 ג,,,לחמניה ביס קטנה 50 ג,גרמים,50.00,100 גרם,false,,1.90,3.8000,true,1,4457
1488,true,אשכולית אדומה,,,אשכולית אדומה,קילוגרמים,1.00,"ק""ג",true,,6.90,6.9000,true,1,50654
1500,true,פלפל כתום,,,פלפל כתום,קילוגרמים,1.00,"ק""ג",true,,9.90,9.9000,true,1,50663
1501,true,עגבניות,,,עגבניות,קילוגרמים,1.00,"ק""ג",true,,7.90,7.9000,true,1,50664
1502,true,מלפפונים,,,מלפפונים,קילוגרמים,1.00,"ק""ג",true,,6.90,6.9000,true,1,50665
1503,true,גזר ארוז,,,גזר ארוז,קילוגרמים,1.00,"ק""ג",true,,4.90,4.9000,true,1,50666
1504,true,סלק,,,סלק,קילוגרמים,1.00,"ק""ג",true,,4.90,4.9000,true,1,50667
1505,true,כרוב לבן,,,כרוב לבן,קילוגרמים,1.00,"ק""ג",true,,4.90,4.9000,true,1,50668
1506,true,כרוב אדום,,,כרוב אדום,קילוגרמים,1.00,"ק""ג",true,,6.90,6.9000,true,1,50669
1507,true,כרובית,,,כרובית,קילוגרמים,1.00,"ק""ג",true,,9.90,9.9000,true,1,50670
1510,true,קישואים,,,קישואים,קילוגרמים,1.00,"ק""ג",true,,7.90,7.9000,true,1,50671
1511,true,חצילים,,,חצילים,קילוגרמים,1.00,"ק""ג",true,,6.90,6.9000,true,1,50672
1513,true,פלפל ירוק,,,פלפל ירוק,קילוגרמים,1.00,"ק""ג",true,,9.90,9.9000,true,1,50673
1515,true,פלפל חריף,,,פלפל חריף,קילוגרמים,1.00,"ק""ג",true,,9.90,9.9000,true,1,50675
1516,true,פלפל אדום,,,פלפל אדום,קילוגרמים,1.00,"ק""ג",true,,9.90,9.9000,true,1,50676
1518,true,מלון,,,מלון,קילוגרמים,1.00,"ק""ג",true,,6.90,6.9000,true,1,50678
1519,true,בצל יבש,,,בצל יבש,קילוגרמים,1.00,"ק""ג",true,,4.90,4.9000,true,1,50679
1521,true,קולורבי,,,קולורבי,קילוגרמים,1.00,"ק""ג",true,,8.90,8.9000,true,1,50680
1522,true,חסה ערבית,,,חסה ערבית,יח',1.00,יח',false,,4.90,4.9000,true,1,50681
1535,true,תפו`א אדום ארוז,,,תפו`א אדום ארוז,קילוגרמים,1.00,"ק""ג",true,,4.90,4.9000,true,1,50687
1542,true,ערמונים,,,ערמונים,קילוגרמים,1.00,"ק""ג",true,,17.90,17.9000,true,1,50692
1545,true,שום ארוז ייבוא יח',,,שום ארוז ייבוא יח',יח',1.00,יח',false,,5.90,5.9000,true,1,50695
1547,true,שומר,,,שומר,קילוגרמים,1.00,"ק""ג",true,,6.90,6.9000,true,1,50697
1550,true,תפו`א לבן ארוז,,,תפו`א לבן ארוז,קילוגרמים,1.00,"ק""ג",true,,4.90,4.9000,true,1,50698
1551,true,לימון,,,לימון,קילוגרמים,1.00,"ק""ג",true,,7.90,7.9000,true,1,50699
1552,true,תפוז,,,תפוז,קילוגרמים,1.00,"ק""ג",true,,5.90,5.9000,true,1,50700
1553,true,ענב לבן,,,ענב לבן,קילוגרמים,1.00,"ק""ג",true,,29.90,29.9000,true,1,50701
1555,true,תפוז ארוז,,,תפוז ארוז,קילוגרמים,1.00,"ק""ג",true,,4.90,4.9000,true,1,50703
1556,true,בננה מובחרת,,,בננה מובחרת,קילוגרמים,1.00,"ק""ג",true,,7.90,7.9000,true,1,50704
1557,true,צנון,,,צנון,קילוגרמים,1.00,"ק""ג",true,,6.90,6.9000,true,1,50705
1560,true,דלעת ארוזה,,,דלעת ארוזה,קילוגרמים,1.00,"ק""ג",true,,9.90,9.9000,true,1,50708
1561,true,תפוח עץ זהוב,,,תפוח עץ זהוב,קילוגרמים,1.00,"ק""ג",true,,9.90,9.9000,true,1,50709
1563,true,תפוח עץ חרמון,,,תפוח עץ חרמון,קילוגרמים,1.00,"ק""ג",true,,9.90,9.9000,true,1,50711
1564,true,תפוח עץ סמיט,,,תפוח עץ סמיט,קילוגרמים,1.00,"ק""ג",true,,9.90,9.9000,true,1,50712
1568,true,רימון,,,רימון,קילוגרמים,1.00,"ק""ג",true,,9.90,9.9000,true,1,50715
1570,true,קלמנטינה,,,קלמנטינה,קילוגרמים,1.00,"ק""ג",true,,6.90,6.9000,true,1,50716
1572,true,אבוקדו מובחר,,,אבוקדו מובחר,קילוגרמים,1.00,"ק""ג",true,,10.90,10.9000,true,1,50718
1573,true,מנגו,,,מנגו,קילוגרמים,1.00,"ק""ג",true,,13.90,13.9000,true,1,50719
1574,true,בטטה מתוקה,,,בטטה מתוקה,קילוגרמים,1.00,"ק""ג",true,,9.90,9.9000,true,1,50720
1576,true,אגס,,,אגס,קילוגרמים,1.00,"ק""ג",true,,12.90,12.9000,true,1,50721
1581,true,פלפל צהוב,,,פלפל צהוב,קילוגרמים,1.00,"ק""ג",true,,9.90,9.9000,true,1,50723
1585,true,קובו,,,קובו,קילוגרמים,1.00,"ק""ג",true,,25.90,25.9000,true,1,50726
1588,true,תירס ארוז,,,תירס ארוז,קילוגרמים,1.00,"ק""ג",true,,9.90,9.9000,true,1,50727
1590,true,פומלה,,,פומלה,קילוגרמים,1.00,"ק""ג",true,,7.90,7.9000,true,1,50728
1595,true,חציל בלדי,,,חציל בלדי,קילוגרמים,1.00,"ק""ג",true,,8.90,8.9000,true,1,50732
1601,true,סלרי חתוך ליח,,,סלרי חתוך ליח,יח',1.00,יח',false,,6.90,6.9000,true,1,47616
1604,true,אפרסמון,,,אפרסמון,קילוגרמים,1.00,"ק""ג",true,,11.90,11.9000,true,1,50735
1605,true,גויאבה,,,גויאבה,קילוגרמים,1.00,"ק""ג",true,,15.90,15.9000,true,1,50736
1606,true,אנונה,,,אנונה,קילוגרמים,1.00,"ק""ג",true,,31.90,31.9000,true,1,50737
1608,true,זנגוויל\גינגיר תפזור,,,זנגוויל\גינגיר תפזור,קילוגרמים,1.00,"ק""ג",true,,23.90,23.9000,true,1,50739
1610,true,שרי אשכולות לקג,,,שרי אשכולות לקג,קילוגרמים,1.00,"ק""ג",true,,19.90,19.9000,true,1,50740
1613,true,דלורית,,,דלורית,קילוגרמים,1.00,"ק""ג",true,,6.90,6.9000,true,1,50742
1615,true,בצל אדום,,,בצל אדום,קילוגרמים,1.00,"ק""ג",true,,6.90,6.9000,true,1,50744
1617,true,אננס,,,אננס,יח',1.00,יח',false,,36.90,36.9000,true,1,50745
1618,true,אפרסמון קרמבו,,,אפרסמון קרמבו,קילוגרמים,1.00,"ק""ג",true,,17.90,17.9000,true,1,50746
1619,true,פומלית,,,פומלית,קילוגרמים,1.00,"ק""ג",true,,5.90,5.9000,true,1,50747
1620,true,קיווי,,,קיווי,קילוגרמים,1.00,"ק""ג",true,,18.90,18.9000,true,1,50748
1632,true,קישוא זוקיני ירוק,,,קישוא זוקיני ירוק,קילוגרמים,1.00,"ק""ג",true,,11.90,11.9000,true,1,50750
1636,true,פיטאיה,,,פיטאיה,גרמים,700.00,100 גרם,false,,18.90,2.7000,true,1,50753
1639,true,דלעת אקזוטית,,,דלעת אקזוטית,קילוגרמים,1.00,"ק""ג",true,,11.90,11.9000,true,1,50755
1645,true,תפוח עץ גלה,,,תפוח עץ גלה,קילוגרמים,1.00,"ק""ג",true,,9.90,9.9000,true,1,50756
1667,true,לוף תפזורת,,,לוף תפזורת,קילוגרמים,1.00,"ק""ג",true,,17.90,17.9000,true,1,50761
1670,true,"בטטה קסביה (תפו""א יר",,,"בטטה קסביה (תפו""א יר",קילוגרמים,1.00,"ק""ג",true,,16.90,16.9000,true,1,50764
1683,true,תפוח עץ פינק קריפס,,,תפוח עץ פינק קריפס,קילוגרמים,1.00,"ק""ג",true,,13.90,13.9000,true,1,50768
1688,true,דלעת יפנית,,,דלעת יפנית,קילוגרמים,1.00,"ק""ג",true,,14.90,14.9000,true,1,50769
1845,true,שעועית ירוקה יח`,,,שעועית ירוקה יח`,יח',1.00,יח',false,,17.90,17.9000,true,1,46477
4015,true,קוקוס ראש,,,קוקוס ראש,יח',1.00,יח',false,,5.90,5.9000,true,1,50829
8888,true,פיקדון זיכוי לקוח,,,פיקדון זיכוי לקוח,יחידה,0.00,יחידה,false,,0.30,0.0000,true,1,34503
9999,true,פיקדון בקבוקים,,,פיקדון בקבוקים,יחידה,0.00,יחידה,false,,0.30,0.0000,true,1,74
5678585,true,ענב סקרלוטה,,,ענב סקרלוטה,קילוגרמים,1.00,"ק""ג",true,,22.90,22.9000,true,1,50844
32147230,false,מיץ לימון סיצילייה 2,,,מיץ לימון סיצילייה 2,מיליליטרים,200.00,"100 מ""ל",false,,6.90,3.4500,true,1,5450
40084107,false,ביצת קינדר,,,ביצת קינדר,גרמים,20.00,100 גרם,false,,7.30,36.5000,true,1,41367
40099132,false,הובה בובה צאנק תות 3,,,הובה בובה צאנק תות 3,גרמים,35.00,100 גרם,false,,3.90,11.1429,true,1,20566
40111216,false,חטיף שוקולד באונטי 5,,,חטיף שוקולד באונטי 5,גרמים,57.00,100 גרם,false,,4.50,7.8947,true,1,20569
42123866,false,הובה בובה צ'אנק קלאס,,,הובה בובה צ'אנק קלאס,גרמים,35.00,100 גרם,false,,3.90,11.1429,true,1,20575
72940754,false,"מילקי וניל 170 מ""ל",,,"מילקי וניל 170 מ""ל",מיליליטרים,170.00,"100 מ""ל",false,,2.90,1.7059,true,1,23178
72940761,false,מילקי שוקולד מהדרין,,,מילקי שוקולד מהדרין,מיליליטרים,170.00,"100 מ""ל",false,,2.90,1.7059,true,1,23179
72941041,false,מיני מילקי שוקולד 70,,,מיני מילקי שוקולד 70,מיליליטרים,70.00,"100 מ""ל",false,,2.50,3.5714,true,1,23183
72945308,false,שמרית קוביות שמרים ל,,,שמרית קוביות שמרים ל,גרמים,50.00,100 גרם,false,,4.00,8.0000,true,1,23184
72961506,false,פרילי תות 1.5% 125מל,,,פרילי תות 1.5% 125מל,מיליליטרים,125.00,"100 מ""ל",false,,3.90,3.1200,true,1,25646
72961520,false,פרילי אננס 1.5% 125מ,,,פרילי אננס 1.5% 125מ,מיליליטרים,125.00,"100 מ""ל",false,,3.90,3.1200,true,1,25648
72961544,false,באדי תות 125מל,,,באדי תות 125מל,מיליליטרים,125.00,"100 מ""ל",false,,3.50,2.8000,true,1,25649
72964422,false,תנובה יוגורט פרחים 4,,,תנובה יוגורט פרחים 4,מיליליטרים,200.00,"100 מ""ל",false,,3.50,1.7500,true,1,25657
72986370,false,גלידת פיינטים וניל צ,,,גלידת פיינטים וניל צ,מיליליטרים,420.00,"100 מ""ל",false,,24.90,5.9286,true,1,14318
72986424,false,גלידת פיינטים קרם עו,,,גלידת פיינטים קרם עו,מיליליטרים,420.00,"100 מ""ל",false,,24.90,5.9286,true,1,14319
72986448,false,גלידת טופי קרנץ,,,גלידת טופי קרנץ,מיליליטרים,420.00,"100 מ""ל",false,,24.90,5.9286,true,1,14320
72986455,false,גלידת פיינטים ניו-יו,,,גלידת פיינטים ניו-יו,מיליליטרים,420.00,"100 מ""ל",false,,24.90,5.9286,true,1,14321
72989425,false,גלידת פיינטים שוקולד,,,גלידת פיינטים שוקולד,מיליליטרים,500.00,"100 מ""ל",false,,24.90,4.9800,true,1,14324
72991886,false,גלידת בן&גריס פיינט,,,גלידת בן&גריס פיינט,מיליליטרים,750.00,"100 מ""ל",false,,24.90,3.3200,true,1,14325
72993637,false,דני מהדרין שוקו בודד,,,דני מהדרין שוקו בודד,מיליליטרים,125.00,"100 מ""ל",false,,2.90,2.3200,true,1,23187
80001461,false,'חטיף גרדנה שוקולד 3,,,'חטיף גרדנה שוקולד 3,גרמים,38.00,100 גרם,false,,4.90,12.8947,true,1,12516
80042563,false,רסק עגבניות פאסטה מו,,,רסק עגבניות פאסטה מו,גרמים,700.00,100 גרם,false,,12.90,1.8429,true,1,51616
80052760,false,חטיף קינדר בואנו שוק,,,חטיף קינדר בואנו שוק,גרמים,43.00,100 גרם,false,,3.90,9.0698,true,1,41376
80136194,false,הפי היפו 5*20ג,,,הפי היפו 5*20ג,גרמים,102.00,100 גרם,false,,13.90,13.6275,true,1,41377
80177173,false,ממרח נוטלה קקאו עם א,,,ממרח נוטלה קקאו עם א,גרמים,350.00,100 גרם,false,,14.90,4.2571,true,1,41380
80177609,false,קינדר אצבעות שוק.חלב,,,קינדר אצבעות שוק.חלב,גרמים,50.00,100 גרם,false,,5.50,11.0000,true,1,41382
80177616,false,אצבעות שוקולד קינדר,,,אצבעות שוקולד קינדר,גרמים,100.00,100 גרם,false,,8.90,8.9000,true,1,41383
80761761,false,קינדר בואנו לבן 39ג,,,קינדר בואנו לבן 39ג,גרמים,43.00,100 גרם,false,,3.90,9.0698,true,1,41385
80769545,false,מסטיק מנטוס פרש בקבו,,,מסטיק מנטוס פרש בקבו,גרמים,60.00,100 גרם,false,,10.90,18.1667,true,1,12530
80773429,false,מסטיק מנטוס בקבוק בט,,,מסטיק מנטוס בקבוק בט,גרמים,60.00,100 גרם,false,,10.90,18.1667,true,1,12532
80773443,false,מסטיק מנטוס בקבוק בט,,,מסטיק מנטוס בקבוק בט,גרמים,60.00,100 גרם,false,,10.90,18.1667,true,1,12533
80790990,false,מסטיק מנטוס בקבוק בט,,,מסטיק מנטוס בקבוק בט,גרמים,60.00,100 גרם,false,,10.90,18.1667,true,1,12537
80896081,false,מסטיק מנטוס בקבוק בט,,,מסטיק מנטוס בקבוק בט,גרמים,60.00,100 גרם,false,,10.90,18.1667,true,1,12556
80913467,false,מסטיק מנטוס בקבוק בט,,,מסטיק מנטוס בקבוק בט,גרמים,60.00,100 גרם,false,,10.90,18.1667,true,1,12558
80945468,false,מנטוס פיור וויט ללא,,,מנטוס פיור וויט ללא,גרמים,60.00,100 גרם,false,,10.90,18.1667,true,1,208115
80986348,false,מנטוס פיור וויט ללא,,,מנטוס פיור וויט ללא,גרמים,60.00,100 גרם,false,,10.90,18.1667,true,1,208116
87108538,false,מנטוס תות בגליל 37.5,,,מנטוס תות בגליל 37.5,גרמים,37.50,100 גרם,false,,3.90,10.4000,true,1,12571
90162602,false,משקה אנרגיה RED BULL,,,משקה אנרגיה RED BULL,מיליליטרים,250.00,"100 מ""ל",false,,6.90,2.7600,true,1,5229
198888886,false,עיגול אגורות,,,עיגול אגורות,יחידה,0.00,יחידה,false,,1.00,0.0000,true,1,47041
8100000319,false,השם רופאך,,,השם רופאך,יחידה,0.00,יחידה,false,,39.90,0.0000,true,1,41642
8112100298,false,שמן שומשום טהור לא מ,,,שמן שומשום טהור לא מ,מיליליטרים,185.00,"100 מ""ל",false,,14.90,8.0541,true,1,47451
8421361250,false,בובות TY עיניים גדול,,,בובות TY עיניים גדול,יחידה,0.00,יחידה,false,,28.90,0.0000,true,1,31705
9800800056,false,ממרח נוטלה & GO,,,ממרח נוטלה & GO,גרמים,52.00,100 גרם,false,,5.90,11.3462,true,1,41390
13300000120,false,תערובת עוגה מיקס פאן,,,תערובת עוגה מיקס פאן,גרמים,432.00,100 גרם,false,,17.90,4.1435,true,1,337317
16000185517,false,פייבר1- דגני בוקר עת,,,פייבר1- דגני בוקר עת,גרמים,555.00,100 גרם,false,,24.90,4.4865,true,1,200010
16000423534,false,חטיף קראנצי שיבולת ש,,,חטיף קראנצי שיבולת ש,גרמים,210.00,100 גרם,false,,19.90,9.4762,true,1,12583
16000548404,false,חטיף קראנצי גרנולה ש,,,חטיף קראנצי גרנולה ש,גרמים,210.00,100 גרם,false,,19.90,9.4762,true,1,12587
16000548503,false,חטיף קראנצי גרנולה מ,,,חטיף קראנצי גרנולה מ,גרמים,210.00,100 גרם,false,,19.90,9.4762,true,1,12589
25675120006,false,חמצוצים חמצוצים טבעי,,,חמצוצים חמצוצים טבעי,גרמים,100.00,100 גרם,false,,9.90,9.9000,true,1,3766
25675120037,false,חמצוצים מקלות תות 10,,,חמצוצים מקלות תות 10,גרמים,100.00,100 גרם,false,,9.90,9.9000,true,1,3768
25675120068,false,חמצוצים מקלות קולה 1,,,חמצוצים מקלות קולה 1,גרמים,100.00,100 גרם,false,,9.90,9.9000,true,1,3770
36000516890,false,קלינקס לושן תלת שכבת,,,קלינקס לושן תלת שכבת,יחידה,0.00,יחידה,false,,21.90,0.0000,true,1,8785
37600207188,false,סקיפי חמאת בוטנים קל,,,סקיפי חמאת בוטנים קל,גרמים,462.00,100 גרם,false,,18.90,4.0909,true,1,5233
37600207256,false,סקיפי חמאת בוטנים עם,,,סקיפי חמאת בוטנים עם,גרמים,462.00,100 גרם,false,,18.90,4.0909,true,1,5234
38000232176,false,פרינגלס ביג שמנת בצל,,,פרינגלס ביג שמנת בצל,גרמים,158.00,100 גרם,false,,8.90,5.6329,true,1,53545
38000232183,false,פרינגלס ביג אורגינל,,,פרינגלס ביג אורגינל,גרמים,158.00,100 גרם,false,,8.90,5.6329,true,1,53546
38527591060,false,דגני בוקר מרובעים קו,,,דגני בוקר מרובעים קו,גרמים,412.00,100 גרם,false,,21.90,5.3155,true,1,24113
40000514480,false,עדשי שוקולד M&M שוקו,,,עדשי שוקולד M&M שוקו,גרמים,48.00,100 גרם,false,,5.90,12.2917,true,1,20625
40000514510,false,בוטנים 49 גרם M&M עד,,,בוטנים 49 גרם M&M עד,גרמים,49.00,100 גרם,false,,5.90,12.0408,true,1,20626
41500007007,false,חרדל צהוב קלאסי 226,,,חרדל צהוב קלאסי 226,גרמים,226.00,100 גרם,false,,14.90,6.5929,true,1,355132
46214382259,false,מרבה עוגיות בראוניס,,,מרבה עוגיות בראוניס,גרמים,225.00,100 גרם,false,,7.90,3.5111,true,1,21172
50000100347,false,פריסקיז מעדני החתול,,,פריסקיז מעדני החתול,קילוגרמים,1.40,"ק""ג",false,,38.90,27.7857,true,1,18342
52100006260,false,אבקת שום 88 גרם McCo,,,אבקת שום 88 גרם McCo,גרמים,88.00,100 גרם,false,,28.90,32.8409,true,1,354995
54881000062,false,תה שחור לימונית וקמו,,,תה שחור לימונית וקמו,גרמים,695.00,100 גרם,false,,10.90,1.5683,true,1,110743
54881000208,false,תה שחור לימון וגינג',,,תה שחור לימון וגינג',גרמים,711.00,100 גרם,false,,10.90,1.5331,true,1,110744
54881003971,false,תה ירוקמ בחר 20 שקיו,,,תה ירוקמ בחר 20 שקיו,גרמים,180.00,100 גרם,false,,11.90,6.6111,true,1,110759
70177077693,false,טווינינג אינגליש ברק,,,טווינינג אינגליש ברק,גרמים,50.00,100 גרם,false,,19.90,39.8000,true,1,13646
76840001774,false,גלידת פיינטים שוק' צ,,,גלידת פיינטים שוק' צ,מיליליטרים,420.00,"100 מ""ל",false,,24.90,5.9286,true,1,71130
76840002351,false,GIMME S'MORE בן אנד,,,GIMME S'MORE בן אנד,מיליליטרים,420.00,"100 מ""ל",false,,24.90,5.9286,true,1,130539
76840100156,false,בן&גרי גלידה צרי גרס,,,בן&גרי גלידה צרי גרס,גרמים,473.00,100 גרם,false,,24.90,5.2643,true,1,14335
76840100583,false,גלידה וניל +בצק עוגי,,,גלידה וניל +בצק עוגי,מיליליטרים,473.00,"100 מ""ל",false,,24.90,5.2643,true,1,14336
76840400218,false,בן&גריס גלידה תות שד,,,בן&גריס גלידה תות שד,מיליליטרים,475.00,"100 מ""ל",false,,24.90,5.2421,true,1,14349
77245110610,false,סוכריות מאסט ללא סוכ,,,סוכריות מאסט ללא סוכ,גרמים,80.00,100 גרם,false,,8.90,11.1250,true,1,22128
77975036983,false,סניידרס מטבל סלסה חר,,,סניידרס מטבל סלסה חר,גרמים,439.00,100 גרם,false,,18.90,4.3052,true,1,12634
77975094778,false,סניידרס שברי בייגלה,,,סניידרס שברי בייגלה,גרמים,340.00,100 גרם,false,,15.90,4.6765,true,1,158312
611745285685,true,אבוקדו בשל יח,,,אבוקדו בשל יח,גרמים,470.00,100 גרם,false,,9.90,2.1064,true,1,50845
633016004030,false,מיני ברוקולי פרחים א,,,מיני ברוקולי פרחים א,גרמים,680.00,100 גרם,false,,26.90,3.9559,true,1,251275
645173911038,false,מלפפונים קורנישון מי,,,מלפפונים קורנישון מי,גרמים,720.00,100 גרם,false,,9.90,1.3750,true,1,24867
649660013281,false,היל ויו מיצוי מיץ שז,,,היל ויו מיצוי מיץ שז,מיליליטרים,946.00,"100 מ""ל",false,,21.90,2.3150,true,1,151297
651080647519,false,פלאקרס חוט דנטלי מנט,,,פלאקרס חוט דנטלי מנט,יחידה,0.00,יחידה,false,,9.90,0.0000,true,1,5482
710535495539,false,"אבאל אורז בסמטי 1 ק""",,,"אבאל אורז בסמטי 1 ק""",קילוגרמים,1.00,"ק""ג",false,,12.90,12.9000,true,1,77049
728229123811,false,טרה צ'יפס חטיף  ים ת,,,טרה צ'יפס חטיף  ים ת,גרמים,110.00,100 גרם,false,,16.90,15.3636,true,1,5487
728229124764,false,טרה צ'יפס חטיף בטטה,,,טרה צ'יפס חטיף בטטה,גרמים,110.00,100 גרם,false,,16.90,15.3636,true,1,5488
728229124771,false,טרה צ'יפס חטיף מבטטה,,,טרה צ'יפס חטיף מבטטה,גרמים,110.00,100 גרם,false,,16.90,15.3636,true,1,5489
728229130154,false,טרה צ'יפס חטיף בטטה,,,טרה צ'יפס חטיף בטטה,גרמים,110.00,100 גרם,false,,16.90,15.3636,true,1,5491
833949000264,false,סירופ מייפל אמיתי 10,,,סירופ מייפל אמיתי 10,גרמים,330.00,100 גרם,false,,30.90,9.3636,true,1,100327
835811003595,false,צלחות קלאסי לבן קטן,,,צלחות קלאסי לבן קטן,יחידה,0.00,יחידה,false,,25.90,0.0000,true,1,268858
835811005728,false,עלים לקרמשניט 400 גר,,,עלים לקרמשניט 400 גר,גרמים,400.00,100 גרם,false,,18.90,4.7250,true,1,7563
835811008347,false,גפרור ענק,,,גפרור ענק,יחידה,0.00,יחידה,false,,7.90,0.0000,true,1,7657
835811008958,false,כפיות 50 יח שקוף עבה,,,כפיות 50 יח שקוף עבה,יחידה,0.00,יחידה,false,,17.90,0.0000,true,1,7674
839762000658,false,איילנד נקטר גויאבה 1,,,איילנד נקטר גויאבה 1,ליטרים,1.00,ליטר,false,,11.90,11.9000,true,1,39311
839762002379,false,איילנד משקה מנגו 350,,,איילנד משקה מנגו 350,מיליליטרים,350.00,"100 מ""ל",false,,6.90,1.9714,true,1,39312
839762002386,false,איילנד משקה גויאבה 3,,,איילנד משקה גויאבה 3,מיליליטרים,350.00,"100 מ""ל",false,,6.90,1.9714,true,1,39313
844510013088,false,ג'רוזלם הילז סוביניו,,,ג'רוזלם הילז סוביניו,מיליליטרים,750.00,"100 מ""ל",false,,41.90,5.5867,true,1,64
851621000050,false,בירה BLANC שישיה 330,,,בירה BLANC שישיה 330,ליטרים,1.98,ליטר,false,,41.70,21.0606,true,1,71080
859341006352,false,חמגשית נשלפת 2 ב 1חל,,,חמגשית נשלפת 2 ב 1חל,יחידה,0.00,יחידה,false,,6.90,0.0000,true,1,54487
884912102102,false,דגני בוקר אוכמניות ג,,,דגני בוקר אוכמניות ג,גרמים,382.00,100 גרם,false,,26.90,7.0419,true,1,43004
884912359162,false,דגני בוקר שיבולת שוע,,,דגני בוקר שיבולת שוע,גרמים,340.00,100 גרם,false,,23.90,7.0294,true,1,271071
884912365200,false,דגני בוקר עם פירורי,,,דגני בוקר עם פירורי,גרמים,311.00,100 גרם,false,,23.90,7.6849,true,1,382400
3014260262693,false,מכשיר גילוח ונוס לאי,,,מכשיר גילוח ונוס לאי,יחידה,0.00,יחידה,false,,37.90,0.0000,true,1,26731
3046920010856,false,לינדט אקסלנס לימון ג,,,לינדט אקסלנס לימון ג,גרמים,100.00,100 גרם,false,,18.90,18.9000,true,1,13677
3046920028004,false,לינדט אקסלנס 70% 100,,,לינדט אקסלנס 70% 100,גרמים,100.00,100 גרם,false,,18.90,18.9000,true,1,13683
3046920029674,false,לינדט אקסלנס עם שבבי,,,לינדט אקסלנס עם שבבי,גרמים,100.00,100 גרם,false,,18.90,18.9000,true,1,13689
3068320055008,false,מים מינרלים טבעיים מ,,,מים מינרלים טבעיים מ,מיליליטרים,500.00,"100 מ""ל",false,,6.90,1.3800,true,1,29593
3073781162790,false,בייבי בל 24% אדום 12,,,בייבי בל 24% אדום 12,גרמים,120.00,100 גרם,false,,23.90,19.9167,true,1,327886
3073781177220,false,גבינת בייבי בל רול 1,,,גבינת בייבי בל רול 1,גרמים,102.00,100 גרם,false,,22.90,22.4510,true,1,375885
3161911366429,false,אלוויר חמאה רכה מלוח,,,אלוויר חמאה רכה מלוח,גרמים,250.00,100 גרם,false,,23.90,9.5600,true,1,16705
3161911393210,false,חמאת נורמנדי מלוחה 2,,,חמאת נורמנדי מלוחה 2,גרמים,200.00,100 גרם,false,,23.90,11.9500,true,1,307355
3245412211393,false,שוקולד חלב מעולה קרפ,,FR,שוקולד חלב מעולה קרפ,גרמים,300.00,100 גרם,false,,7.90,2.6333,true,1,343123
3245412211409,false,שוקולד חלב מעולה עם,,FR,שוקולד חלב מעולה עם,גרמים,300.00,100 גרם,false,,15.90,5.3000,true,1,342734
3270190111108,false,קרפור מוזלי פירות 7,,,קרפור מוזלי פירות 7,גרמים,750.00,100 גרם,false,,15.90,2.1200,true,1,388815
3270190151654,false,שוקולד מריר מעולה עם,,FR,שוקולד מריר מעולה עם,גרמים,100.00,100 גרם,false,,5.90,5.9000,true,1,342749
3270190174936,false,שוקולד חלב עם תכולת,,FR,שוקולד חלב עם תכולת,גרמים,100.00,100 גרם,false,,5.90,5.9000,true,1,342764
3387390320244,false,פיטנס פירות דגני עם,,,פיטנס פירות דגני עם,גרמים,375.00,100 גרם,false,,23.90,6.3733,true,1,18368
3387390525960,false,דגני קראנץ' נסטלה 50,,,דגני קראנץ' נסטלה 50,גרמים,500.00,100 גרם,false,,26.90,5.3800,true,1,18369
3560070669981,false,שוקולד מריר מעולה 80,,FR,שוקולד מריר מעולה 80,גרמים,80.00,100 גרם,false,,4.90,6.1250,true,1,342721
3560070701407,false,שוקולד מריר מעולה עם,,FR,שוקולד מריר מעולה עם,גרמים,100.00,100 גרם,false,,5.90,5.9000,true,1,342750
3560070720859,false,שוקולד מריר מעולה 72,,FR,שוקולד מריר מעולה 72,גרמים,80.00,100 גרם,false,,4.90,6.1250,true,1,342736
3560070800322,false,קרפור סנופלקס 375 גר,,,קרפור סנופלקס 375 גר,גרמים,375.00,100 גרם,false,,6.90,1.8400,true,1,388832
3560070852116,false,קרפור-תה ירוק נענע 5,,,קרפור-תה ירוק נענע 5,גרמים,80.00,100 גרם,false,,8.90,11.1250,true,1,401774
3560070888139,false,קרפור-תה שחור בטעם פ,,,קרפור-תה שחור בטעם פ,גרמים,42.50,100 גרם,false,,6.90,16.2353,true,1,401789
3560070888153,false,קרפור-תה ירוק בטעם ל,,,קרפור-תה ירוק בטעם ל,גרמים,40.00,100 גרם,false,,6.90,17.2500,true,1,401804
3560070928194,false,קרפור-חליטת לואיזה 2,,,קרפור-חליטת לואיזה 2,גרמים,32.50,100 גרם,false,,6.90,21.2308,true,1,401735
3560071006327,false,שוקולד מריר מעולה קר,,FR,שוקולד מריר מעולה קר,גרמים,200.00,100 גרם,false,,5.90,2.9500,true,1,342751
3560071013127,false,קרפור סטייליס עם שוק,,,קרפור סטייליס עם שוק,גרמים,300.00,100 גרם,false,,8.90,2.9667,true,1,388817
3560071013196,false,קרפור סטייליס בטעם ט,,,קרפור סטייליס בטעם ט,גרמים,500.00,100 גרם,false,,9.90,1.9800,true,1,388818
3560071015725,false,קרפור פיברה עם 5 פיר,,,קרפור פיברה עם 5 פיר,גרמים,500.00,100 גרם,false,,11.90,2.3800,true,1,388833
3560071016074,false,קרפור קורונפלקס 500,,,קרפור קורונפלקס 500,גרמים,500.00,100 גרם,false,,6.90,1.3800,true,1,388848
3560071341947,false,שמן זית כתית מעולה ב,,FR,שמן זית כתית מעולה ב,מיליליטרים,750.00,"100 מ""ל",false,,11.50,1.5333,true,1,387990
3560071431914,false,קפסולות קפה קרפור עו,,FR,קפסולות קפה קרפור עו,גרמים,52.00,100 גרם,false,,6.90,13.2692,true,1,389597
3560071431945,false,קפסולות קפה קרפור עו,,FR,קפסולות קפה קרפור עו,גרמים,52.00,100 גרם,false,,6.90,13.2692,true,1,389624
3560071432003,false,קפסולות קפה קרפור עו,,FR,קפסולות קפה קרפור עו,גרמים,52.00,100 גרם,false,,6.90,13.2692,true,1,389625
3560071432034,false,קפסולות קפה נטול קרפ,,FR,קפסולות קפה נטול קרפ,גרמים,52.00,100 גרם,false,,6.90,13.2692,true,1,389626
3560071432065,false,קפסולות קפה קרפור עו,,FR,קפסולות קפה קרפור עו,גרמים,52.00,100 גרם,false,,6.90,13.2692,true,1,389627
3560071432096,false,קפסולות קפה קרפור עו,,FR,קפסולות קפה קרפור עו,גרמים,52.00,100 גרם,false,,6.90,13.2692,true,1,389628
3560071432157,false,קפסולות קפה וניל קרפ,,FR,קפסולות קפה וניל קרפ,גרמים,52.00,100 גרם,false,,6.90,13.2692,true,1,389629
3560071432188,false,קפסולות קפה קרמל קרפ,,FR,קפסולות קפה קרמל קרפ,גרמים,52.00,100 גרם,false,,6.90,13.2692,true,1,389630
3560071432218,false,קפסולות קפה אגוז קרפ,,FR,קפסולות קפה אגוז קרפ,גרמים,52.00,100 גרם,false,,6.90,13.2692,true,1,389631
3560071432249,false,קפסולות קפה ברזיל קר,,FR,קפסולות קפה ברזיל קר,גרמים,52.00,100 גרם,false,,6.90,13.2692,true,1,389632
3560071432270,false,קפסולות קפה קולומביה,,FR,קפסולות קפה קולומביה,גרמים,52.00,100 גרם,false,,6.90,13.2692,true,1,389633
3560071432300,false,קפסולות קפה אתיופיה,,FR,קפסולות קפה אתיופיה,גרמים,52.00,100 גרם,false,,6.90,13.2692,true,1,389634
3560071432331,false,קפסולות קפה לאוס קרפ,,FR,קפסולות קפה לאוס קרפ,גרמים,52.00,100 גרם,false,,6.90,13.2692,true,1,389635
3560071432362,false,קפסולות קפה קניה קרפ,,FR,קפסולות קפה קניה קרפ,גרמים,52.00,100 גרם,false,,6.90,13.2692,true,1,389636
3560071432393,false,קפסולות קפה קוסטה רי,,FR,קפסולות קפה קוסטה רי,גרמים,52.00,100 גרם,false,,6.90,13.2692,true,1,389637
3560071432515,false,קפסולות קפה קרפור עו,,FR,קפסולות קפה קרפור עו,גרמים,52.00,100 גרם,false,,6.90,13.2692,true,1,389638
3574660089547,false,טמפון קלאסי נורמל או,,,טמפון קלאסי נורמל או,יחידה,0.00,יחידה,false,,21.90,0.0000,true,1,21187
3574660239911,false,או בה קומפורט סופר 3,,,או בה קומפורט סופר 3,יחידה,0.00,יחידה,false,,23.90,0.0000,true,1,18027
3574661114637,false,מי פה זירו ליסטרין 5,,,מי פה זירו ליסטרין 5,מיליליטרים,500.00,"100 מ""ל",false,,23.90,4.7800,true,1,29359
3574661352275,false,ליסטרין מי פה לילדים,,,ליסטרין מי פה לילדים,מיליליטרים,250.00,"100 מ""ל",false,,15.90,6.3600,true,1,83396
3800020403631,false,קיט קט צ'אנקי חמאת ב,,,קיט קט צ'אנקי חמאת ב,גרמים,42.00,100 גרם,false,,3.90,9.2857,true,1,41859
3800020472576,false,קיט קט צ'אנקי  לוטוס,,,קיט קט צ'אנקי  לוטוס,גרמים,42.00,100 גרם,false,,3.90,9.2857,true,1,356110
3800020472712,false,קיט קט צ'אנקי  פופקו,,,קיט קט צ'אנקי  פופקו,גרמים,42.00,100 גרם,false,,3.90,9.2857,true,1,356111
3800034954150,false,עץ ריח איירון שלישיה,,,עץ ריח איירון שלישיה,יחידה,0.00,יחידה,false,,10.50,0.0000,true,1,31672
4000417025005,false,שוקולד ריטר ספורט מר,,,שוקולד ריטר ספורט מר,גרמים,100.00,100 גרם,false,,8.90,8.9000,true,1,12649
4000417101211,false,גלילי וופל עם קרם אג,,,גלילי וופל עם קרם אג,גרמים,150.00,100 גרם,false,,19.90,13.2667,true,1,256912
4002575016253,false,מרציפן מצופה שוקולד,,,מרציפן מצופה שוקולד,גרמים,100.00,100 גרם,false,,9.70,9.7000,true,1,12666
4009900379564,false,הובה בובה טייפ פירות,,,הובה בובה טייפ פירות,גרמים,56.00,100 גרם,false,,6.70,11.9643,true,1,20635
4009900402965,false,אורביט וויט פירות בק,,,אורביט וויט פירות בק,גרמים,64.00,100 גרם,false,,10.90,17.0313,true,1,20642
4009900403023,false,אורביט וויט מנטה בקב,,,אורביט וויט מנטה בקב,גרמים,64.00,100 גרם,false,,10.90,17.0313,true,1,20643
4009900420129,false,אורביט פרופשייונל פפ,,,אורביט פרופשייונל פפ,גרמים,64.00,100 גרם,false,,10.90,17.0313,true,1,20650
4009900426039,false,בקבוקון בקבוקון מסטי,,,בקבוקון בקבוקון מסטי,גרמים,64.00,100 גרם,false,,10.90,17.0313,true,1,20652
4009900455299,false,סקיטלס פירות 174 גר,,,סקיטלס פירות 174 גר,גרמים,174.00,100 גרם,false,,9.90,5.6897,true,1,20657
4009900465304,false,סקיטלס פירות חמוצים,,,סקיטלס פירות חמוצים,גרמים,174.00,100 גרם,false,,9.90,5.6897,true,1,20660
4009900479998,false,אורביט מסטיק בקבוקון,,,אורביט מסטיק בקבוקון,גרמים,64.00,100 גרם,false,,10.90,17.0313,true,1,20663
4009900482417,false,אורביט באבל מינט בקב,,,אורביט באבל מינט בקב,גרמים,64.00,100 גרם,false,,10.90,17.0313,true,1,20665
4009900491044,false,אירוויבז בקבוק M מנט,,,אירוויבז בקבוק M מנט,גרמים,84.00,100 גרם,false,,14.90,17.7381,true,1,20680
4009900531122,false,אורביט פרופשייונל ספ,,,אורביט פרופשייונל ספ,גרמים,64.00,100 גרם,false,,10.90,17.0313,true,1,20702
4009900534611,false,איירוויבז בטעם מלון,,,איירוויבז בטעם מלון,גרמים,64.00,100 גרם,false,,10.90,17.0313,true,1,69594
4009900536257,false,מסטיק אורביט רפרשרס,,,מסטיק אורביט רפרשרס,גרמים,67.00,100 גרם,false,,13.90,20.7463,true,1,110859
4009900536486,false,מסטיק אורביט רפרשרס,,,מסטיק אורביט רפרשרס,גרמים,67.00,100 גרם,false,,13.90,20.7463,true,1,110860
4009900539401,false,מסטיק בטעם מנטה פייב,,,מסטיק בטעם מנטה פייב,גרמים,14.40,100 גרם,false,,4.90,34.0278,true,1,267703
4009900539746,false,מסטיק בטעם אבטיח ללא,,,מסטיק בטעם אבטיח ללא,גרמים,31.80,100 גרם,false,,13.90,43.7107,true,1,267666
4009900540551,false,אורביט רפרשרס טרופיק,,,אורביט רפרשרס טרופיק,גרמים,67.00,100 גרם,false,,13.90,20.7463,true,1,256127
4011100002227,false,חטיף באונטי מיני 403,,,חטיף באונטי מיני 403,גרמים,403.00,100 גרם,false,,24.90,6.1787,true,1,20706
4011800577810,false,קורני חטיף דגנים נוג,,,קורני חטיף דגנים נוג,גרמים,150.00,100 גרם,false,,15.90,10.6000,true,1,210479
4011800628512,false,חטיף דגנים עם שוקולד,,,חטיף דגנים עם שוקולד,גרמים,150.00,100 גרם,false,,15.90,10.6000,true,1,13720
4011800630515,false,חטיף דגנים עם שוקולד,,,חטיף דגנים עם שוקולד,גרמים,150.00,100 גרם,false,,15.90,10.6000,true,1,13722
4011800633516,false,חטיף דגנים שוקולד מר,,,חטיף דגנים שוקולד מר,גרמים,138.00,100 גרם,false,,15.90,11.5217,true,1,13724
4014400901191,false,בונבונירה מרסי 250 ג,,,בונבונירה מרסי 250 ג,גרמים,250.00,100 גרם,false,,28.90,11.5600,true,1,12682
4014400904376,false,סוכ.שטורק שוקולדן 32,,,סוכ.שטורק שוקולדן 32,גרמים,325.00,100 גרם,false,,20.90,6.4308,true,1,12689
4014400910063,false,סוכריות חמאה וורטר 1,,,סוכריות חמאה וורטר 1,גרמים,135.00,100 גרם,false,,10.50,7.7778,true,1,12694
4014400913910,false,125 סוכריות וורטר קר,,,125 סוכריות וורטר קר,גרמים,125.00,100 גרם,false,,10.50,8.4000,true,1,12695
4014400914696,false,80 סוכריות חמאה וורט,,,80 סוכריות חמאה וורט,גרמים,80.00,100 גרם,false,,9.50,11.8750,true,1,12699
4014400914924,false,80 סוכריות קפה וורטר,,,80 סוכריות קפה וורטר,גרמים,80.00,100 גרם,false,,9.50,11.8750,true,1,12700
4014400920857,false,וורטרס ללא סוכר טעם,,,וורטרס ללא סוכר טעם,גרמים,70.00,100 גרם,false,,9.50,13.5714,true,1,12703
4014522180108,false,סוכריות אורגני צמחים,,,סוכריות אורגני צמחים,גרמים,75.00,100 גרם,false,,10.00,13.3333,true,1,366858
4015100190786,false,גליס מסכה סרום שיקום,,,גליס מסכה סרום שיקום,מיליליטרים,300.00,"100 מ""ל",false,,26.90,8.9667,true,1,8017
4015400564034,false,מגן תחתון לונג פלוס,,,מגן תחתון לונג פלוס,יחידה,0.00,יחידה,false,,18.90,0.0000,true,1,26822
4015400564454,false,מגן תחתון לארג מגה פ,,,מגן תחתון לארג מגה פ,יחידה,0.00,יחידה,false,,18.90,0.0000,true,1,26826
4015400598411,false,קוואטרו לילה אולוויז,,,קוואטרו לילה אולוויז,יחידה,0.00,יחידה,false,,42.00,0.0000,true,1,26836
4015400690405,false,טמפון פרל סופר טמפקס,,,טמפון פרל סופר טמפקס,יחידה,0.00,יחידה,false,,24.90,0.0000,true,1,26863
4015400746812,false,מגן תחתון מגה פק נור,,,מגן תחתון מגה פק נור,יחידה,0.00,יחידה,false,,18.90,0.0000,true,1,26888
4017100198151,false,היט עוגיות סנדביץ בט,,,היט עוגיות סנדביץ בט,גרמים,220.00,100 גרם,false,,8.90,4.0455,true,1,41873
4017100210105,false,בלזן גלילי וופל מריר,,,בלזן גלילי וופל מריר,גרמים,100.00,100 גרם,false,,15.90,15.9000,true,1,41874
4017100364112,false,היט עוגיות סנדביץ בט,,,היט עוגיות סנדביץ בט,גרמים,220.00,100 גרם,false,,8.90,4.0455,true,1,41884
4018722102656,false,אלב גולד - ספגטי כוס,,,אלב גולד - ספגטי כוס,גרמים,500.00,100 גרם,false,,16.90,3.3800,true,1,100263
4022025001905,false,בלו וויין מבעבע זהב,,,בלו וויין מבעבע זהב,מיליליטרים,750.00,"100 מ""ל",false,,55.90,7.4533,true,1,41532
4022025290408,false,יין בלו וויין פינק 7,,,יין בלו וויין פינק 7,מיליליטרים,750.00,"100 מ""ל",false,,55.90,7.4533,true,1,41540
4025700001962,false,מילקה שוקולד לבן 100,,,מילקה שוקולד לבן 100,גרמים,100.00,100 גרם,false,,6.90,6.9000,true,1,67729
4033100014499,false,אל.די בלו,,,אל.די בלו,יחידה,0.00,יחידה,false,,28.00,0.0000,false,1,4132
4033100014529,false,אל.די סלימס,,,אל.די סלימס,יחידה,0.00,יחידה,false,,27.00,0.0000,false,1,4134
4084500065536,false,קרם לחות מוגברת פנטן,,,קרם לחות מוגברת פנטן,מיליליטרים,300.00,"100 מ""ל",false,,24.90,8.3000,true,1,27029
4084500088917,false,פיירי נוזל כלים לימו,,,פיירי נוזל כלים לימו,מיליליטרים,650.00,"100 מ""ל",false,,12.90,1.9846,true,1,27034
4260147890551,false,אטריות ביצים רחבות א,,,אטריות ביצים רחבות א,גרמים,500.00,100 גרם,false,,12.90,2.5800,true,1,4597
4640018993343,false,פיניש קוואנטום למדיח,,,פיניש קוואנטום למדיח,יחידה,0.00,יחידה,false,,43.90,0.0000,true,1,65422
4640018993350,false,פיניש קוואנטום לימון,,,פיניש קוואנטום לימון,יחידה,0.00,יחידה,false,,43.90,0.0000,true,1,65423
4640018993398,false,פיניש קוואנטום למדיח,,,פיניש קוואנטום למדיח,יחידה,0.00,יחידה,false,,62.90,0.0000,true,1,65425
4710964170799,false,שומשום שחור קלוי מזר,,,שומשום שחור קלוי מזר,גרמים,91.00,100 גרם,false,,16.90,18.5714,true,1,47461
4796019790013,false,גרין קוקו - שמן קוקו,,,גרין קוקו - שמן קוקו,מיליליטרים,300.00,"100 מ""ל",false,,20.90,6.9667,true,1,99803
4800888209429,false,דאו' סטיק כותנה רקסו,,,דאו' סטיק כותנה רקסו,גרמים,50.00,100 גרם,false,,19.90,39.8000,true,1,67698
4800888219534,false,דאורדורנט סטיק אוריג,,,דאורדורנט סטיק אוריג,גרמים,50.00,100 גרם,false,,23.90,47.8000,true,1,146148
4820229031311,false,וודקה חורטיצה 700 מ`,,,וודקה חורטיצה 700 מ`,מיליליטרים,700.00,"100 מ""ל",false,,70.90,10.1286,true,1,87197
4860009000014,false,תומר מיץ רימונים גרו,,,תומר מיץ רימונים גרו,ליטרים,1.00,ליטר,false,,19.90,19.9000,true,1,24886
4891228430092,false,שיק אקסטרים3 ס.גילוח,,,שיק אקסטרים3 ס.גילוח,יחידה,0.00,יחידה,false,,16.90,0.0000,true,1,21315
4895060592307,false,פלורידה סוכריות נאגט,,,פלורידה סוכריות נאגט,גרמים,43.00,100 גרם,false,,7.50,17.4419,true,1,13012
4903001904192,false,רוטב סויה יאמאסה פרמ,,,רוטב סויה יאמאסה פרמ,מיליליטרים,500.00,"100 מ""ל",false,,19.90,3.9800,true,1,12706
5000157143365,false,מתבל בטעם מיונז וקטש,,,מתבל בטעם מיונז וקטש,מיליליטרים,425.00,"100 מ""ל",false,,16.90,3.9765,true,1,5257
5000159376655,false,סוכריות סקיטלס פירות,,,סוכריות סקיטלס פירות,גרמים,38.00,100 גרם,false,,3.90,10.2632,true,1,20713
5000159407236,false,חטיף מרס 51 גרם,,,חטיף מרס 51 גרם,גרמים,51.00,100 גרם,false,,4.50,8.8235,true,1,20718
5000159409179,false,סניקרס מיני 403 גרם,,,סניקרס מיני 403 גרם,גרמים,403.00,100 גרם,false,,24.90,6.1787,true,1,20719
5000159442572,false,טוויקס מיני 403 גרם,,,טוויקס מיני 403 גרם,גרמים,403.00,100 גרם,false,,24.90,6.1787,true,1,20720
5000159452540,false,חטיף סניקרס מארז 5*2,,,חטיף סניקרס מארז 5*2,יחידה,250.00,יחידה,false,,13.90,0.0556,true,1,140389
5000159536400,false,טוויקס סטיקס 10 יחדו,,,טוויקס סטיקס 10 יחדו,גרמים,0.00,100 גרם,false,,13.90,0.0000,true,1,168559
5000159538626,false,חטיף טוויקס מארז 5*2,,,חטיף טוויקס מארז 5*2,גרמים,250.00,100 גרם,false,,13.90,5.5600,true,1,140391
5000159538640,false,חטיף באונטי מארז 5*2,,,חטיף באונטי מארז 5*2,גרמים,285.00,100 גרם,false,,13.90,4.8772,true,1,140392
5000189974579,false,קיט קט מיני 200 גרם,,,קיט קט מיני 200 גרם,גרמים,200.00,100 גרם,false,,10.00,5.0000,true,1,41892
5000204115048,false,גלייד ארוסול בניחוח,,,גלייד ארוסול בניחוח,מיליליטרים,300.00,"100 מ""ל",false,,10.90,3.6333,true,1,5647
5010677551281,false,בקרדי בריזר לימון 27,,,בקרדי בריזר לימון 27,מיליליטרים,275.00,"100 מ""ל",false,,14.90,5.4182,true,1,9273
5010677554398,false,בקרדי בריזר אבטיח,,,בקרדי בריזר אבטיח,מיליליטרים,275.00,"100 מ""ל",false,,14.90,5.4182,true,1,9276
5014271400426,false,סאן דלפור מעדן תות ש,,,סאן דלפור מעדן תות ש,גרמים,284.00,100 גרם,false,,22.90,8.0634,true,1,16758
5029053002439,false,נייר טואלט קליניקס צ,,,נייר טואלט קליניקס צ,מטרים,243.00,מטר,false,,35.90,0.1477,true,1,8793
5060250343741,false,הרשיז ראונדס קוקיס א,,,הרשיז ראונדס קוקיס א,גרמים,96.00,100 גרם,false,,11.90,12.3958,true,1,325546
5060250343765,false,ריזס ראונדס בוטנים 6,,,ריזס ראונדס בוטנים 6,גרמים,96.00,100 גרם,false,,11.90,12.3958,true,1,325532
5060517886486,false,מונסטר אנרג'י פחית 5,,,מונסטר אנרג'י פחית 5,מיליליטרים,500.00,"100 מ""ל",false,,7.90,1.5800,true,1,6796
5060751218173,false,מונסטר פייפלין פאנץ',,,מונסטר פייפלין פאנץ',מיליליטרים,500.00,"100 מ""ל",false,,7.90,1.5800,true,1,303168
5201004021328,false,קפריס רולס קלאסיק 11,,,קפריס רולס קלאסיק 11,גרמים,115.00,100 גרם,false,,9.90,8.6087,true,1,117735
5202175001515,false,נאצ'וס בטעם מלוח מזר,,,נאצ'וס בטעם מלוח מזר,גרמים,225.00,100 גרם,false,,10.90,4.8444,true,1,292103
5202175001546,false,נאצ'וס בטעם ברביקיו,,,נאצ'וס בטעם ברביקיו,גרמים,225.00,100 גרם,false,,10.90,4.8444,true,1,382012
5203064007625,false,תומר עוגיות שוקו צ'י,,,תומר עוגיות שוקו צ'י,גרמים,180.00,100 גרם,false,,8.90,4.9444,true,1,210928
5203064007649,false,תומר עוגיות שוקו צ'י,,,תומר עוגיות שוקו צ'י,גרמים,180.00,100 גרם,false,,8.90,4.9444,true,1,210930
5410126006087,false,לוטוס עוגיות קרמל 70,,,לוטוס עוגיות קרמל 70,גרמים,700.00,100 גרם,false,,33.60,4.8000,true,1,5272
5410126116953,false,לוטוס ממרח ביסקוויט,,,לוטוס ממרח ביסקוויט,גרמים,400.00,100 גרם,false,,23.90,5.9750,true,1,5279
5410126666038,false,עוגיות לוטוס 279 גרם,,,עוגיות לוטוס 279 גרם,גרמים,279.00,100 גרם,false,,16.90,6.0573,true,1,5280
5410126716016,false,ביסקוויט בטעם קרמל ל,,,ביסקוויט בטעם קרמל ל,גרמים,250.00,100 גרם,false,,11.90,4.7600,true,1,5281
5410126726947,false,לוטוס קראנץ ממרח עוג,,,לוטוס קראנץ ממרח עוג,גרמים,380.00,100 גרם,false,,24.90,6.5526,true,1,5282
5410316983693,false,סמירנוף אייס בודד,,,סמירנוף אייס בודד,מיליליטרים,275.00,"100 מ""ל",false,,13.90,5.0545,true,1,6813
5411188110835,false,אלפרו משקה שקדים 1 ל,,,אלפרו משקה שקדים 1 ל,ליטרים,1.00,ליטר,false,,16.90,16.9000,true,1,21340
5411188112709,false,אלפרו משקה שקדים ללא,,,אלפרו משקה שקדים ללא,יחידה,0.00,יחידה,false,,16.90,0.0000,true,1,21344
5411188115472,false,אלפרו משקה סויה 1 לי,,,אלפרו משקה סויה 1 לי,ליטרים,1.00,ליטר,false,,16.90,16.9000,true,1,85161
5411188121923,false,אלפרו סויה סידן  שלש,,,אלפרו סויה סידן  שלש,מיליליטרים,750.00,"100 מ""ל",false,,16.90,2.2533,true,1,21355
5411188121978,false,אלפרו סויה  שוקו סיד,,,אלפרו סויה  שוקו סיד,מיליליטרים,750.00,"100 מ""ל",false,,16.90,2.2533,true,1,21356
5411188134985,false,אלפרו 3.5% שומן NOT,,,אלפרו 3.5% שומן NOT,ליטרים,1.00,ליטר,false,,13.90,13.9000,true,1,159347
5411188135005,false,אלפרו 1.8% שומן NOT,,,אלפרו 1.8% שומן NOT,ליטרים,1.00,ליטר,false,,13.90,13.9000,true,1,162465
5413121355082,false,שוקולד בלגי מריר 72%,,,שוקולד בלגי מריר 72%,גרמים,100.00,100 גרם,false,,12.90,12.9000,true,1,369359
5413121355105,false,שוקולד בלגי חלב משוב,,,שוקולד בלגי חלב משוב,גרמים,100.00,100 גרם,false,,12.90,12.9000,true,1,369401
5413121364121,false,שוקולד טראפלס קקאו ז,,,שוקולד טראפלס קקאו ז,גרמים,150.00,100 גרם,false,,14.90,9.9333,true,1,370121
5413121388905,false,שוקולד טראפלס אגוז,,,שוקולד טראפלס אגוז,גרמים,150.00,100 גרם,false,,14.90,9.9333,true,1,369402
5420066370018,false,טראפל שוקולד בלגי קק,,,טראפל שוקולד בלגי קק,גרמים,150.00,100 גרם,false,,14.90,9.9333,true,1,370134
5601008200444,false,גודיס עוגיות טבעת מצ,,,גודיס עוגיות טבעת מצ,גרמים,150.00,100 גרם,false,,6.90,4.6000,true,1,21365
5601008200451,false,גודיס עוגיות טבעת מצ,,,גודיס עוגיות טבעת מצ,גרמים,150.00,100 גרם,false,,6.90,4.6000,true,1,21366
5601008200468,false,גודיס עוגיות טבעת מצ,,,גודיס עוגיות טבעת מצ,גרמים,150.00,100 גרם,false,,6.90,4.6000,true,1,21367
5601010111035,false,סרדינים בשמן זית רמי,,,סרדינים בשמן זית רמי,גרמים,100.00,100 גרם,false,,11.90,11.9000,true,1,47786
5701932026995,false,הוט פופ פופקורן לייט,,,הוט פופ פופקורן לייט,גרמים,510.00,100 גרם,false,,17.90,3.5098,true,1,12716
5711953106583,false,ארלה גבינת שמנת טבעי,,,ארלה גבינת שמנת טבעי,גרמים,200.00,100 גרם,false,,17.90,8.9500,true,1,23197
5711953106590,false,ארלה גבינת שמנת שום,,,ארלה גבינת שמנת שום,גרמים,200.00,100 גרם,false,,17.90,8.9500,true,1,23198
5740900403222,false,ממרח לורפק עם מלח מו,,,ממרח לורפק עם מלח מו,גרמים,250.00,100 גרם,false,,20.90,8.3600,true,1,23201
5740900403239,false,ממרח לורפק ללא מלח 2,,,ממרח לורפק ללא מלח 2,גרמים,250.00,100 גרם,false,,20.90,8.3600,true,1,23202
5740900403246,false,ממרח לורפק ללא מלח 5,,,ממרח לורפק ללא מלח 5,גרמים,500.00,100 גרם,false,,29.90,5.9800,true,1,23203
5740900403260,false,ממרח לורפק ללא מלח מ,,,ממרח לורפק ללא מלח מ,גרמים,250.00,100 גרם,false,,20.90,8.3600,true,1,23205
5740900403864,false,חמאת לורפק עם מלח 20,,,חמאת לורפק עם מלח 20,גרמים,200.00,100 גרם,false,,12.90,6.4500,true,1,159412
5765571205616,false,נר נשמה 72 שעות ירוש,,,נר נשמה 72 שעות ירוש,יחידה,0.00,יחידה,false,,7.90,0.0000,true,1,231772
5900020018908,false,פיטנס חטיף דגנים קרם,,,פיטנס חטיף דגנים קרם,גרמים,141.00,100 גרם,false,,18.90,13.4043,true,1,18374
5900020026552,false,האני נאט ציריוס נסטל,,,האני נאט ציריוס נסטל,גרמים,625.00,100 גרם,false,,27.90,4.4640,true,1,18388
5900020032454,false,חטיף דגנים  עוגיות פ,,,חטיף דגנים  עוגיות פ,גרמים,188.00,100 גרם,false,,16.90,8.9894,true,1,141725
5900020032539,false,חטיף דגנים  שוקולד פ,,,חטיף דגנים  שוקולד פ,גרמים,188.00,100 גרם,false,,16.90,8.9894,true,1,141726
5900020033314,false,חטיף דגנים ליון נסטל,,,חטיף דגנים ליון נסטל,גרמים,150.00,100 גרם,false,,16.90,11.2667,true,1,18393
5900020034021,false,פיטנס חטיף דגנים שוק,,,פיטנס חטיף דגנים שוק,גרמים,141.00,100 גרם,false,,16.90,11.9858,true,1,18394
5900020034991,false,קראנץ' צדפים בטעם שו,,,קראנץ' צדפים בטעם שו,גרמים,450.00,100 גרם,false,,27.90,6.2000,true,1,18395
5900020036407,false,דגני בוקר שוקולד וקר,,,דגני בוקר שוקולד וקר,גרמים,480.00,100 גרם,false,,27.90,5.8125,true,1,63897
5901414200411,false,היט מיניס קרם קקאו 1,,,היט מיניס קרם קקאו 1,גרמים,130.00,100 גרם,false,,6.90,5.3077,true,1,41905
5902198160403,false,אקס אל משקה אנרגיה ט,,,אקס אל משקה אנרגיה ט,מיליליטרים,250.00,"100 מ""ל",false,,4.90,1.9600,true,1,9283
5902768862553,true,עוגיות בוגטי שוקולד,,,עוגיות בוגטי שוקולד,גרמים,155.00,100 גרם,false,,5.90,3.8065,true,1,49781
5902768865677,true,עוגיות שוקולד צ'יפס,,,עוגיות שוקולד צ'יפס,גרמים,150.00,100 גרם,false,,5.90,3.9333,true,1,49784
5904941750312,false,בלו בודד מוחיטו 250,,,בלו בודד מוחיטו 250,מיליליטרים,250.00,"100 מ""ל",false,,4.50,1.8000,true,1,1812
5904941751302,false,בלו משקה אנרגיה 250,,,בלו משקה אנרגיה 250,מיליליטרים,250.00,"100 מ""ל",false,,4.50,1.8000,true,1,1813
5904941751715,false,בלו משקה אנרגיה קרנב,,,בלו משקה אנרגיה קרנב,מיליליטרים,250.00,"100 מ""ל",false,,4.50,1.8000,true,1,1815
5906485301012,false,אקס אל משקה אנרגיה 2,,,אקס אל משקה אנרגיה 2,מיליליטרים,250.00,"100 מ""ל",false,,4.90,1.9600,true,1,9284
5941021007577,false,טבלת היידי גראנדור פ,,,טבלת היידי גראנדור פ,גרמים,80.00,100 גרם,false,,11.90,14.8750,true,1,325120
5941021011147,false,טבלת היידי גראנדור פ,,,טבלת היידי גראנדור פ,גרמים,100.00,100 גרם,false,,11.90,11.9000,true,1,325135
6111094000259,false,קוסקוס בינוני דארי 5,,,קוסקוס בינוני דארי 5,גרמים,500.00,100 גרם,false,,8.90,1.7800,true,1,24891
6111094000808,false,קוסקוס בינוני דארי 1,,,קוסקוס בינוני דארי 1,קילוגרמים,1.10,"ק""ג",false,,15.90,14.4545,true,1,24892
6224009175192,false,"תות שדה 1 ק""ג קפוא ב",,,"תות שדה 1 ק""ג קפוא ב",קילוגרמים,1.00,"ק""ג",false,,20.90,20.9000,true,1,51416
6534401901504,true,מחצלת להכנת סושי,,,מחצלת להכנת סושי,יחידה,0.00,יחידה,false,,5.90,0.0000,true,1,185985
6820200750017,false,משחק דומינו,,,משחק דומינו,יחידה,0.00,יחידה,false,,25.90,0.0000,true,1,151397
6900024600672,false,מברשת לסלה+כוס,,,מברשת לסלה+כוס,יחידה,0.00,יחידה,false,,8.90,0.0000,true,1,375588
6902019042016,false,אטבי כביסה 10 יחידות,,,אטבי כביסה 10 יחידות,יחידה,0.00,יחידה,false,,5.50,0.0000,true,1,13078
6902019042023,false,מטוסי קלקר להרכבה 12,,,מטוסי קלקר להרכבה 12,יחידה,0.00,יחידה,false,,10.00,0.0000,true,1,13079
6902019042061,false,מארז בלונים 50 יח,,,מארז בלונים 50 יח,יחידה,0.00,יחידה,false,,10.90,0.0000,true,1,13081
6902176502507,false,סלק אדום בוואקום 500,,,סלק אדום בוואקום 500,גרמים,500.00,100 גרם,false,,5.90,1.1800,true,1,350964
6910191800287,false,אצות נורי לסושי מזרח,,,אצות נורי לסושי מזרח,גרמים,25.00,100 גרם,false,,11.90,47.6000,true,1,47462
6920242562576,false,משחק דומינו פירות,,,משחק דומינו פירות,יחידה,0.00,יחידה,false,,12.90,0.0000,true,1,375559
6936745600462,false,רוטב מירין לתיבול מז,,,רוטב מירין לתיבול מז,מיליליטרים,500.00,"100 מ""ל",false,,18.90,3.7800,true,1,47466
6936745600783,false,"חומץ אורז 500 מ""ל (ד",,,"חומץ אורז 500 מ""ל (ד",גרמים,500.00,100 גרם,false,,15.90,3.1800,true,1,47467
6970156560007,false,נרתיק הגנה לפאלפון ל,,,נרתיק הגנה לפאלפון ל,יחידה,0.00,יחידה,false,,9.90,0.0000,true,1,341985
6986931275288,false,כרזת יום הולדת 180 ס,,,כרזת יום הולדת 180 ס,יחידה,0.00,יחידה,false,,3.90,0.0000,true,1,315196
7038516140357,false,מב.שיניים טוטאל קלין,,,מב.שיניים טוטאל קלין,יחידה,0.00,יחידה,false,,10.00,0.0000,true,1,5716
7262626088197,false,טייץ טרמי צבעוני,,,טייץ טרמי צבעוני,יחידה,0.00,יחידה,false,,29.90,0.0000,true,1,90252
7262626111222,false,בובה דובי,,,בובה דובי,יחידה,0.00,יחידה,false,,19.90,0.0000,true,1,143998
7290000000626,false,ברוקולי ארוז במגשית,,,ברוקולי ארוז במגשית,יח',1.00,יח',false,,9.90,9.9000,true,1,216807
7290000001056,false,לחם אחיד 750 גרם,,,לחם אחיד 750 גרם,גרמים,750.00,100 גרם,false,,5.12,0.6827,true,1,4463
7290000001593,true,נענע כשר,,,נענע כשר,יח',1.00,יח',false,,5.90,5.9000,true,1,47629
7290000004444,false,שקיות גופיה  20 מקרו,,,שקיות גופיה  20 מקרו,יחידה,0.00,יחידה,false,,0.10,0.0000,true,1,368082
7290000011593,false,שזיף,,,שזיף,קילוגרמים,1.00,"ק""ג",true,,19.90,19.9000,true,1,50831
7290000023809,false,קלאסיק קברנה סובניון,,,קלאסיק קברנה סובניון,מיליליטרים,750.00,"100 מ""ל",false,,35.50,4.7333,true,1,9305
7290000023816,false,קלאסיק אמרלד ריזלינג,,,קלאסיק אמרלד ריזלינג,מיליליטרים,750.00,"100 מ""ל",false,,35.50,4.7333,true,1,9306
7290000023977,false,קלאסיק מרלו 750מל.,,,קלאסיק מרלו 750מל.,מיליליטרים,750.00,"100 מ""ל",false,,35.50,4.7333,true,1,9312
7290000024264,false,מרלו ריזרב,,,מרלו ריזרב,מיליליטרים,750.00,"100 מ""ל",false,,46.90,6.2533,true,1,9319
7290000024523,false,תירוש של סגל 1 ליטר,,,תירוש של סגל 1 ליטר,ליטרים,1.00,ליטר,false,,15.90,15.9000,true,1,9323
7290000024530,false,"גליה מתוק 750 מ""ל",,,"גליה מתוק 750 מ""ל",מיליליטרים,750.00,"100 מ""ל",false,,16.90,2.2533,true,1,9324
7290000032665,false,רוטב עגבניות 28% ברי,,,רוטב עגבניות 28% ברי,גרמים,580.00,100 גרם,false,,8.50,1.4655,true,1,8613
7290000040042,false,יופלה תות שובב 3% 15,,,יופלה תות שובב 3% 15,מיליליטרים,150.00,"100 מ""ל",false,,5.50,3.6667,true,1,25661
7290000040066,false,יופלה דובדבן פראי 3%,,,יופלה דובדבן פראי 3%,מיליליטרים,150.00,"100 מ""ל",false,,5.50,3.6667,true,1,25662
7290000040301,false,תנובה גבינת קממבר עי,,,תנובה גבינת קממבר עי,גרמים,125.00,100 גרם,false,,20.90,16.7200,true,1,25664
7290000040318,false,תנובה גבינת ברי 24%,,,תנובה גבינת ברי 24%,גרמים,125.00,100 גרם,false,,20.90,16.7200,true,1,25665
7290000041858,false,יטבתה שמנת חמוצה 15%,,,יטבתה שמנת חמוצה 15%,מיליליטרים,200.00,"100 מ""ל",false,,2.90,1.4500,true,1,23206
7290000042015,false,חלב תנובה טרי שקית,,,חלב תנובה טרי שקית,יחידה,0.00,יחידה,false,,5.43,0.0000,true,1,25673
7290000042435,false,חלב תנובה בקרטון 1%,,,חלב תנובה בקרטון 1%,ליטרים,1.00,ליטר,false,,5.86,5.8600,true,1,25679
7290000042640,false,חלב תנובה עמיד 3% מה,,,חלב תנובה עמיד 3% מה,מיליליטרים,250.00,"100 מ""ל",false,,2.90,1.1600,true,1,25684
7290000042855,false,יטבתה שוקו שקית 225,,,יטבתה שוקו שקית 225,מיליליטרים,225.00,"100 מ""ל",false,,2.90,1.2889,true,1,23211
7290000043012,false,שוק שוקו עמיד 2% בקר,,,שוק שוקו עמיד 2% בקר,מיליליטרים,250.00,"100 מ""ל",false,,4.90,1.9600,true,1,25686
7290000043814,false,שף לבן שמנת לקצפת עמ,,,שף לבן שמנת לקצפת עמ,מיליליטרים,250.00,"100 מ""ל",false,,6.47,2.5880,true,1,25689
7290000043890,false,ריויון 1.5% 1ל,,,ריויון 1.5% 1ל,ליטרים,1.00,ליטר,false,,11.50,11.5000,true,1,25690
7290000044712,false,פרילי תות 1.5% 500מל,,,פרילי תות 1.5% 500מל,מיליליטרים,500.00,"100 מ""ל",false,,10.90,2.1800,true,1,25695
7290000045580,false,נעמה גבינת מותכת 25%,,,נעמה גבינת מותכת 25%,גרמים,240.00,100 גרם,false,,18.90,7.8750,true,1,25700
7290000046327,false,גלבוע גבינה פרוסה 22,,,גלבוע גבינה פרוסה 22,גרמים,200.00,100 גרם,false,,13.90,6.9500,true,1,25703
7290000047546,false,שף לבן כנען 5% 500ג,,,שף לבן כנען 5% 500ג,גרמים,500.00,100 גרם,false,,24.90,4.9800,true,1,25704
7290000048185,false,גבינה לבנה רכה 5% תנ,,,גבינה לבנה רכה 5% תנ,גרמים,250.00,100 גרם,false,,4.98,1.9920,true,1,25707
7290000048192,false,גבינה לבנה רכה 9% בד,,,גבינה לבנה רכה 9% בד,גרמים,250.00,100 גרם,false,,4.90,1.9600,true,1,25708
7290000048413,false,פיראוס חמד 16% 250ג,,,פיראוס חמד 16% 250ג,גרמים,250.00,100 גרם,false,,19.90,7.9600,true,1,25710
7290000048437,false,פיראוס צפתית 5% 200,,,פיראוס צפתית 5% 200,גרמים,200.00,100 גרם,false,,16.90,8.4500,true,1,25711
7290000049458,false,פיראוס בולגרית עיזים,,,פיראוס בולגרית עיזים,גרמים,250.00,100 גרם,false,,29.50,11.8000,true,1,25714
7290000050447,false,יופלהYYY תות 3% 500מ,,,יופלהYYY תות 3% 500מ,מיליליטרים,500.00,"100 מ""ל",false,,13.90,2.7800,true,1,25718
7290000050454,false,יופלהYYY אפרסק 3% 50,,,יופלהYYY אפרסק 3% 50,מיליליטרים,500.00,"100 מ""ל",false,,13.90,2.7800,true,1,25719
7290000051710,false,פיראוס לאבנה עם שמן,,,פיראוס לאבנה עם שמן,גרמים,263.00,100 גרם,false,,14.90,5.6654,true,1,25728
7290000052311,false,עמק מהדרין 15% 200 ג,,,עמק מהדרין 15% 200 ג,גרמים,200.00,100 גרם,false,,16.90,8.4500,true,1,25733
7290000052649,false,פיראוס לאבנה 5% 500ג,,,פיראוס לאבנה 5% 500ג,גרמים,500.00,100 גרם,false,,19.90,3.9800,true,1,25735
7290000055015,false,פיראוס גבינת פטה כבש,,,פיראוס גבינת פטה כבש,גרמים,250.00,100 גרם,false,,29.50,11.8000,true,1,25747
7290000055329,false,יופלה משקה יוגורט תו,,,יופלה משקה יוגורט תו,מיליליטרים,250.00,"100 מ""ל",false,,6.50,2.6000,true,1,25749
7290000055336,false,יופלה משקה יוגורט בנ,,,יופלה משקה יוגורט בנ,מיליליטרים,250.00,"100 מ""ל",false,,6.50,2.6000,true,1,25750
7290000055893,false,חמאה מהדרין תנובה 20,,,חמאה מהדרין תנובה 20,גרמים,200.00,100 גרם,false,,7.88,3.9400,true,1,25757
7290000056272,false,תנובה גבינה לבנה עם,,,תנובה גבינה לבנה עם,גרמים,250.00,100 גרם,false,,5.90,2.3600,true,1,25760
7290000056906,false,יופלה לבן 1.5% 8*150,,,יופלה לבן 1.5% 8*150,ליטרים,1.20,ליטר,false,,17.90,14.9167,true,1,25768
7290000056951,false,שף לבן שמנת לבישול +,,,שף לבן שמנת לבישול +,מיליליטרים,500.00,"100 מ""ל",false,,16.90,3.3800,true,1,25770
7290000057088,false,עמק דק דק 28% 200גר,,,עמק דק דק 28% 200גר,גרמים,200.00,100 גרם,false,,16.90,8.4500,true,1,25773
7290000057118,false,עמק  סמי  28% 400 גר,,,עמק  סמי  28% 400 גר,גרמים,400.00,100 גרם,false,,23.90,5.9750,true,1,25774
7290000057132,false,תנובה יוגורט טבעי 1.,,,תנובה יוגורט טבעי 1.,מיליליטרים,200.00,"100 מ""ל",false,,3.50,1.7500,true,1,25775
7290000057149,false,תנובה יוגורט טבעי 3%,,,תנובה יוגורט טבעי 3%,גרמים,200.00,100 גרם,false,,3.50,1.7500,true,1,25776
7290000058030,false,יופלה שטוזים משקה יו,,,יופלה שטוזים משקה יו,מיליליטרים,800.00,"100 מ""ל",false,,20.90,2.6125,true,1,25781
7290000058047,false,שף לבן שמנת מתוקה מה,,,שף לבן שמנת מתוקה מה,מיליליטרים,500.00,"100 מ""ל",false,,12.94,2.5880,true,1,25782
7290000058580,false,קוקילידה וניל,,,קוקילידה וניל,יחידה,0.00,יחידה,false,,10.90,0.0000,true,1,16054
7290000060088,false,בייגלה אסם מקלות מלו,,,בייגלה אסם מקלות מלו,גרמים,400.00,100 גרם,false,,11.90,2.9750,true,1,18402
7290000060163,false,אטריות דקות אסם 400,,,אטריות דקות אסם 400,גרמים,400.00,100 גרם,false,,7.90,1.9750,true,1,18405
7290000060200,false,פתיתים אפויים קוסקוס,,,פתיתים אפויים קוסקוס,גרמים,500.00,100 גרם,false,,7.90,1.5800,true,1,18406
7290000060217,false,פסטה מקרוני אסם 500,,,פסטה מקרוני אסם 500,גרמים,500.00,100 גרם,false,,6.90,1.3800,true,1,18407
7290000060248,false,פסטה תלתלים אסם 500,,,פסטה תלתלים אסם 500,גרמים,500.00,100 גרם,false,,6.90,1.3800,true,1,18408
7290000060316,false,פסטה ספגטי פרפקטו 50,,,פסטה ספגטי פרפקטו 50,גרמים,500.00,100 גרם,false,,7.90,1.5800,true,1,18410
7290000060330,false,פסטה ספירלי פרפקטו 5,,,פסטה ספירלי פרפקטו 5,גרמים,500.00,100 גרם,false,,7.90,1.5800,true,1,18412
7290000060408,false,פתיתים אפויים טבעות,,,פתיתים אפויים טבעות,גרמים,500.00,100 גרם,false,,7.90,1.5800,true,1,18414
7290000060415,false,לזאניה פרפקטו  500 ג,,,לזאניה פרפקטו  500 ג,גרמים,500.00,100 גרם,false,,16.90,3.3800,true,1,18415
7290000060576,false,פתיתים אפויים כוכבים,,,פתיתים אפויים כוכבים,גרמים,500.00,100 גרם,false,,7.90,1.5800,true,1,18421
7290000060781,false,פסטה מסולסלים אסם 50,,,פסטה מסולסלים אסם 50,גרמים,500.00,100 גרם,false,,6.90,1.3800,true,1,18422
7290000060811,false,אקסטרים מטבע ענק,,,אקסטרים מטבע ענק,גרמים,500.00,100 גרם,false,,9.90,1.9800,true,1,16057
7290000060828,false,פסטה קרניים בינוניות,,,פסטה קרניים בינוניות,גרמים,500.00,100 גרם,false,,6.90,1.3800,true,1,18423
7290000060842,false,פסטה צדפים גדולים אס,,,פסטה צדפים גדולים אס,גרמים,500.00,100 גרם,false,,6.90,1.3800,true,1,18424
7290000060880,false,ספגטי אסם 500 גרם,,,ספגטי אסם 500 גרם,גרמים,500.00,100 גרם,false,,6.90,1.3800,true,1,18427
7290000060903,false,פתיתים אפויים אורז א,,,פתיתים אפויים אורז א,גרמים,500.00,100 גרם,false,,7.90,1.5800,true,1,18428
7290000060958,false,אטריות בינוניות אסם,,,אטריות בינוניות אסם,גרמים,400.00,100 גרם,false,,7.90,1.9750,true,1,18430
7290000061085,false,אסם רוטב צ'ילי מתוק,,,אסם רוטב צ'ילי מתוק,מיליליטרים,290.00,"100 מ""ל",false,,13.90,4.7931,true,1,18434
7290000061245,false,אסם עוגיות שוקוצ'יפס,,,אסם עוגיות שוקוצ'יפס,גרמים,220.00,100 גרם,false,,12.90,5.8636,true,1,18437
7290000061450,false,פתיתים קוסקוס 3 צבעי,,,פתיתים קוסקוס 3 צבעי,גרמים,500.00,100 גרם,false,,7.90,1.5800,true,1,18439
7290000062952,false,מיני קרוטונים למרק ו,,,מיני קרוטונים למרק ו,גרמים,250.00,100 גרם,false,,16.90,6.7600,true,1,18446
7290000063102,false,קמח תופח קטן אסם 350,,,קמח תופח קטן אסם 350,גרמים,350.00,100 גרם,false,,5.90,1.6857,true,1,18449
7290000063140,false,שקדי מרק רכיבים טבעי,,,שקדי מרק רכיבים טבעי,גרמים,400.00,100 גרם,false,,13.90,3.4750,true,1,18451
7290000063157,false,קמח עוגה תופח מאליו,,,קמח עוגה תופח מאליו,קילוגרמים,1.00,"ק""ג",false,,10.90,10.9000,true,1,18452
7290000064758,false,קוסקוס אמיתי אסם 350,,,קוסקוס אמיתי אסם 350,גרמים,350.00,100 גרם,false,,8.90,2.5429,true,1,18462
7290000065090,false,מיני קרוטונים למרק ו,,,מיני קרוטונים למרק ו,גרמים,400.00,100 גרם,false,,27.00,6.7500,true,1,18464
7290000066141,false,ביסלי גריל 70 גר'.,,,ביסלי גריל 70 גר'.,גרמים,70.00,100 גרם,false,,4.90,7.0000,true,1,18476
7290000066172,false,ביסלי פיצה 70גרם,,,ביסלי פיצה 70גרם,גרמים,70.00,100 גרם,false,,4.90,7.0000,true,1,18479
7290000066196,false,ביסלי גריל 200גרם,,,ביסלי גריל 200גרם,גרמים,200.00,100 גרם,false,,7.90,3.9500,true,1,18481
7290000066264,false,דובונים 40גרם,,,דובונים 40גרם,גרמים,40.00,100 גרם,false,,5.50,13.7500,true,1,18485
7290000066295,false,במבה מתוקה מחומרים ט,,,במבה מתוקה מחומרים ט,גרמים,30.00,100 גרם,false,,2.90,9.6667,true,1,18486
7290000066301,false,במבה 25 גר,,,במבה 25 גר,גרמים,25.00,100 גרם,false,,2.90,11.6000,true,1,18487
7290000066318,false,במבה קלאסי 80 גרם,,,במבה קלאסי 80 גרם,גרמים,80.00,100 גרם,false,,4.90,6.1250,true,1,18488
7290000066332,false,אפרופו 50 גרם,,,אפרופו 50 גרם,גרמים,50.00,100 גרם,false,,5.50,11.0000,true,1,18489
7290000067407,false,פירורית מתובל שקית 2,,,פירורית מתובל שקית 2,גרמים,200.00,100 גרם,false,,6.50,3.2500,true,1,18498
7290000067537,false,"ביסלי גריל כשל""פ 70",,,"ביסלי גריל כשל""פ 70",גרמים,70.00,100 גרם,false,,4.90,7.0000,true,1,18499
7290000067599,false,מנה חמה ספגטי בולונז,,,מנה חמה ספגטי בולונז,גרמים,65.00,100 גרם,false,,6.90,10.6154,true,1,18504
7290000067735,false,"ניוקי בצקיות מתפו""א",,,"ניוקי בצקיות מתפו""א",גרמים,500.00,100 גרם,false,,13.90,2.7800,true,1,18506
7290000068237,false,אסם ג'לי פטל צבעים ט,,,אסם ג'לי פטל צבעים ט,גרמים,85.00,100 גרם,false,,7.50,8.8235,true,1,18516
7290000068343,false,פריכונים מאורז מלא א,,,פריכונים מאורז מלא א,גרמים,140.00,100 גרם,false,,7.90,5.6429,true,1,18520
7290000068701,false,שקדי מרק במיכל אסם 4,,,שקדי מרק במיכל אסם 4,גרמים,400.00,100 גרם,false,,17.90,4.4750,true,1,18521
7290000068770,false,במבה יום הולדת 80גרם,,,במבה יום הולדת 80גרם,גרמים,80.00,100 גרם,false,,4.90,6.1250,true,1,18522
7290000069258,false,פנה ריגאטה פרפקטו 50,,,פנה ריגאטה פרפקטו 50,גרמים,500.00,100 גרם,false,,7.90,1.5800,true,1,18527
7290000069364,false,פריכונים מאורז מלא ל,,,פריכונים מאורז מלא ל,גרמים,140.00,100 גרם,false,,7.90,5.6429,true,1,18528
7290000069715,false,אסם חטיפי קרקר מלוח,,,אסם חטיפי קרקר מלוח,גרמים,300.00,100 גרם,false,,13.90,4.6333,true,1,18533
7290000070353,false,אבקת מרק בצל רכיבים,,,אבקת מרק בצל רכיבים,גרמים,400.00,100 גרם,false,,28.90,7.2250,true,1,18540
7290000070919,false,בייגלה אסם רשתות מלח,,,בייגלה אסם רשתות מלח,גרמים,400.00,100 גרם,false,,14.90,3.7250,true,1,18548
7290000072067,false,במבה במילוי קרם חלבה,,,במבה במילוי קרם חלבה,גרמים,60.00,100 גרם,false,,4.90,8.1667,true,1,18550
7290000072623,false,אסם קטשופ בקבוק לחיץ,,,אסם קטשופ בקבוק לחיץ,גרמים,750.00,100 גרם,false,,11.90,1.5867,true,1,18556
7290000072753,false,נס קפה טייסטרס צ'ויס,,,נס קפה טייסטרס צ'ויס,גרמים,200.00,100 גרם,false,,32.90,16.4500,true,1,18559
7290000072777,false,טייסטרס צוייס נטול ק,,,טייסטרס צוייס נטול ק,גרמים,200.00,100 גרם,false,,40.90,20.4500,true,1,18561
7290000072968,false,סיני מיניס דגני נסטל,,,סיני מיניס דגני נסטל,יחידה,500.00,יחידה,false,,27.90,0.0558,true,1,18567
7290000073767,false,מנה חמה נודלס בטעם ב,,,מנה חמה נודלס בטעם ב,גרמים,70.00,100 גרם,false,,6.90,9.8571,true,1,18572
7290000074153,false,אסם פתי בר שוקו 500ג,,,אסם פתי בר שוקו 500ג,גרמים,500.00,100 גרם,false,,14.90,2.9800,true,1,18577
7290000074184,false,אסם פתי בר 500גרם,,,אסם פתי בר 500גרם,גרמים,500.00,100 גרם,false,,10.90,2.1800,true,1,18579
7290000074245,false,אסם קרם קרקר 250גרם,,,אסם קרם קרקר 250גרם,גרמים,250.00,100 גרם,false,,10.90,4.3600,true,1,18580
7290000074252,false,אסם קרקר שומשום 250ג,,,אסם קרקר שומשום 250ג,גרמים,250.00,100 גרם,false,,10.90,4.3600,true,1,18581
7290000074276,false,טבעון קרקר פיקנטי 25,,,טבעון קרקר פיקנטי 25,גרמים,250.00,100 גרם,false,,10.90,4.3600,true,1,18582
7290000074375,false,אסם קרקר זהב 150גרם,,,אסם קרקר זהב 150גרם,גרמים,150.00,100 גרם,false,,8.50,5.6667,true,1,18585
7290000074764,false,קרקר זהב אסם 900 גרם,,,קרקר זהב אסם 900 גרם,גרמים,900.00,100 גרם,false,,24.90,2.7667,true,1,18593
7290000076133,false,בייגלה אסם שמיניות ק,,,בייגלה אסם שמיניות ק,גרמים,400.00,100 גרם,false,,11.90,2.9750,true,1,18600
7290000077017,false,אסם קרמוגית במילוי ש,,,אסם קרמוגית במילוי ש,גרמים,200.00,100 גרם,false,,12.90,6.4500,true,1,18604
7290000077253,false,לחמית כפרית 190גרם,,,לחמית כפרית 190גרם,גרמים,190.00,100 גרם,false,,11.90,6.2632,true,1,18605
7290000078762,false,חטיפי פריכונים אורז,,,חטיפי פריכונים אורז,גרמים,80.00,100 גרם,false,,8.90,11.1250,true,1,18610
7290000079233,false,אסם קרם קרקר דל נתרן,,,אסם קרם קרקר דל נתרן,גרמים,250.00,100 גרם,false,,11.90,4.7600,true,1,18611
7290000081663,false,בייגלה אסם טבעות שומ,,,בייגלה אסם טבעות שומ,גרמים,300.00,100 גרם,false,,11.90,3.9667,true,1,18616
7290000100128,false,סדרת פירות קפואים-תו,,,סדרת פירות קפואים-תו,גרמים,300.00,100 גרם,false,,19.90,6.6333,true,1,25398
7290000101927,false,אוכמניות כחולות מוקפ,,,אוכמניות כחולות מוקפ,גרמים,300.00,100 גרם,false,,19.90,6.6333,true,1,25420
7290000101934,false,מיקס פירות יער 300 ג,,,מיקס פירות יער 300 ג,גרמים,300.00,100 גרם,false,,19.90,6.6333,true,1,25421
7290000101958,false,מנגו מוקפא 300 גרם,,,מנגו מוקפא 300 גרם,גרמים,300.00,100 גרם,false,,19.90,6.6333,true,1,25422
7290000103365,false,סנפרוסט מרק ירקות 50,,,סנפרוסט מרק ירקות 50,גרמים,500.00,100 גרם,false,,20.90,4.1800,true,1,25427
7290000103839,false,סנפרוסט מרק כתום קפו,,,סנפרוסט מרק כתום קפו,גרמים,572.00,100 גרם,false,,20.90,3.6538,true,1,25457
7290000103846,false,סנפרוסט מרק אפונה קפ,,,סנפרוסט מרק אפונה קפ,גרמים,570.00,100 גרם,false,,20.90,3.6667,true,1,25458
7290000103860,false,סנפרוסט מרק עדשים קפ,,,סנפרוסט מרק עדשים קפ,גרמים,572.00,100 גרם,false,,20.90,3.6538,true,1,25459
7290000104072,false,סנפרוסט עדשים ירוקות,,,סנפרוסט עדשים ירוקות,גרמים,800.00,100 גרם,false,,21.90,2.7375,true,1,25463
7290000104201,false,אפונה עדינה סנפרוסט,,,אפונה עדינה סנפרוסט,גרמים,600.00,100 גרם,false,,20.90,3.4833,true,1,25465
7290000104218,false,סנפרוסט במיה 600גר,,,סנפרוסט במיה 600גר,גרמים,600.00,100 גרם,false,,17.90,2.9833,true,1,25466
7290000104287,false,לקט לפשטידה 800 גרם,,,לקט לפשטידה 800 גרם,גרמים,800.00,100 גרם,false,,23.90,2.9875,true,1,25468
7290000104676,false,אפונת גינה סנפרוסט 8,,,אפונת גינה סנפרוסט 8,גרמים,800.00,100 גרם,false,,20.90,2.6125,true,1,25469
7290000104683,false,שעועית שלמה סנפרוסט,,,שעועית שלמה סנפרוסט,גרמים,800.00,100 גרם,false,,23.90,2.9875,true,1,25470
7290000104690,false,תירס גרעינים 800גר,,,תירס גרעינים 800גר,גרמים,800.00,100 גרם,false,,19.90,2.4875,true,1,25471
7290000104713,false,פול ירוק 800גר,,,פול ירוק 800גר,גרמים,800.00,100 גרם,false,,26.90,3.3625,true,1,25473
7290000104720,false,שעועית ירוקה חתוכה ס,,,שעועית ירוקה חתוכה ס,גרמים,800.00,100 גרם,false,,21.90,2.7375,true,1,25474
7290000104737,false,שעועית צהובה חתוכה ס,,,שעועית צהובה חתוכה ס,גרמים,800.00,100 גרם,false,,21.90,2.7375,true,1,25475
7290000104744,false,כרובית 800גר,,,כרובית 800גר,גרמים,800.00,100 גרם,false,,27.90,3.4875,true,1,25476
7290000104751,false,כרוב ניצנים 800גר,,,כרוב ניצנים 800גר,גרמים,800.00,100 גרם,false,,27.90,3.4875,true,1,25477
7290000104768,false,תרד עלים 800 גרם,,,תרד עלים 800 גרם,גרמים,800.00,100 גרם,false,,28.90,3.6125,true,1,25478
7290000104799,false,שעועית לבנה מבושלת 8,,,שעועית לבנה מבושלת 8,גרמים,800.00,100 גרם,false,,21.90,2.7375,true,1,25480
7290000104805,false,גרגירי חומוס קפוא 80,,,גרגירי חומוס קפוא 80,גרמים,800.00,100 גרם,false,,21.90,2.7375,true,1,25481
7290000104836,false,שעועית עדינה שלמה סנ,,,שעועית עדינה שלמה סנ,גרמים,600.00,100 גרם,false,,24.90,4.1500,true,1,25483
7290000104911,false,לקט נורמנדי 800גר,,,לקט נורמנדי 800גר,גרמים,800.00,100 גרם,false,,23.90,2.9875,true,1,25488
7290000106526,false,סנפרוסט חגיגה ירוקה,,,סנפרוסט חגיגה ירוקה,גרמים,800.00,100 גרם,false,,26.90,3.3625,true,1,25493
7290000107165,false,פולי סויה אדממה קפוא,,,פולי סויה אדממה קפוא,גרמים,400.00,100 גרם,false,,15.90,3.9750,true,1,25495
7290000107295,false,תפרחות ברוקולי 800ג,,,תפרחות ברוקולי 800ג,גרמים,800.00,100 גרם,false,,28.90,3.6125,true,1,25497
7290000110844,false,חטיף כיפלי גריל 70 ג,,,חטיף כיפלי גריל 70 ג,גרמים,70.00,100 גרם,false,,5.90,8.4286,true,1,10083
7290000111186,false,מיונז אמיתי תלמה 500,,,מיונז אמיתי תלמה 500,גרמים,500.00,100 גרם,false,,10.40,2.0800,true,1,10088
7290000111353,false,מיונז 1 קג,,,מיונז 1 קג,קילוגרמים,1.00,"ק""ג",false,,17.90,17.9000,true,1,10090
7290000111360,false,חרדל אמיתי 250 גרם מ,,,חרדל אמיתי 250 גרם מ,גרמים,250.00,100 גרם,false,,7.90,3.1600,true,1,10091
7290000111384,false,חרדל אמיתי תלמה 550,,,חרדל אמיתי תלמה 550,גרמים,550.00,100 גרם,false,,8.40,1.5273,true,1,10092
7290000112220,false,בארכה טחינה 100% שומ,,,בארכה טחינה 100% שומ,גרמים,500.00,100 גרם,false,,15.90,3.1800,true,1,18617
7290000112497,false,מרק עשיר עוף עם אטרי,,,מרק עשיר עוף עם אטרי,גרמים,68.00,100 גרם,false,,11.90,17.5000,true,1,10094
7290000112619,false,מרק עוף אמיתי לתיבול,,,מרק עוף אמיתי לתיבול,גרמים,400.00,100 גרם,false,,20.90,5.2250,true,1,10097
7290000116204,false,מרק דגש עוף קנור 1 ק,,,מרק דגש עוף קנור 1 ק,קילוגרמים,1.00,"ק""ג",false,,17.90,17.9000,true,1,10109
7290000116884,false,רוטב ברביקיו קנור 20,,,רוטב ברביקיו קנור 20,מיליליטרים,200.00,"100 מ""ל",false,,13.90,6.9500,true,1,10110
7290000116921,false,רוטב צילי מתוק קנור,,,רוטב צילי מתוק קנור,מיליליטרים,300.00,"100 מ""ל",false,,13.90,4.6333,true,1,10111
7290000117720,false,מרק נמס בכוס פטריות,,,מרק נמס בכוס פטריות,גרמים,43.00,100 גרם,false,,7.90,18.3721,true,1,10118
7290000118277,false,קנור קניידלך 2* 65 ג,,,קנור קניידלך 2* 65 ג,גרמים,130.00,100 גרם,false,,12.90,9.9231,true,1,10122
7290000120874,false,מיונז הלמנס לייט 424,,,מיונז הלמנס לייט 424,גרמים,424.00,100 גרם,false,,14.90,3.5142,true,1,10130
7290000134338,false,תבלין אבקת שום טעם ו,,,תבלין אבקת שום טעם ו,גרמים,90.00,100 גרם,false,,12.30,13.6667,true,1,42300
7290000134826,false,תבלין זעתר טעם וריח,,,תבלין זעתר טעם וריח,גרמים,100.00,100 גרם,false,,12.30,12.3000,true,1,42312
7290000134871,false,טעם וריח ת. פלפל שחו,,,טעם וריח ת. פלפל שחו,גרמים,100.00,100 גרם,false,,16.90,16.9000,true,1,42317
7290000135137,false,טמפו סודה אפרסק 1.5,,,טמפו סודה אפרסק 1.5,ליטרים,6.00,ליטר,false,,11.90,1.9833,true,1,52023
7290000135595,false,פפסי מקס בטעם דובדבן,,,פפסי מקס בטעם דובדבן,ליטרים,1.50,ליטר,false,,8.50,5.6667,true,1,132112
7290000135663,false,פפסי מקס דובדבן פחית,,,פפסי מקס דובדבן פחית,ליטרים,1.98,ליטר,false,,17.60,8.8889,true,1,373191
7290000136653,false,נשר מאלט דיאט 1.5 לי,,,נשר מאלט דיאט 1.5 לי,ליטרים,1.50,ליטר,false,,9.50,6.3333,true,1,193570
7290000136660,false,טמפו סודה 1.5 ליטר,,,טמפו סודה 1.5 ליטר,ליטרים,1.50,ליטר,false,,4.50,3.0000,true,1,194007
7290000136684,false,פפסי מקס 1.5 ליטר,,,פפסי מקס 1.5 ליטר,ליטרים,1.50,ליטר,false,,8.50,5.6667,true,1,194194
7290000136776,false,פפסי מקס 6*1.5 ליטר,,,פפסי מקס 6*1.5 ליטר,ליטרים,9.00,ליטר,false,,38.90,4.3222,true,1,194181
7290000136790,false,טמפו סודה 6*1.5 ליטר,,,טמפו סודה 6*1.5 ליטר,ליטרים,9.00,ליטר,false,,19.60,2.1778,true,1,193673
7290000136844,false,אקווה נובה 6*2 ליטר,,,אקווה נובה 6*2 ליטר,ליטרים,12.00,ליטר,false,,12.90,1.0750,true,1,193596
7290000136875,false,סאן בנדטו מים מינרלי,,,סאן בנדטו מים מינרלי,ליטרים,9.00,ליטר,false,,20.90,2.3222,true,1,193659
7290000136905,false,טמפו סודה אננס 1.5 ל,,,טמפו סודה אננס 1.5 ל,ליטרים,1.50,ליטר,false,,5.20,3.4667,true,1,212346
7290000137513,false,קרמיסימו גלידונית ש.,,,קרמיסימו גלידונית ש.,גרמים,700.00,100 גרם,false,,50.90,7.2714,true,1,4232
7290000137643,false,שלגוני טעמקור 8יח,,,שלגוני טעמקור 8יח,גרמים,416.00,100 גרם,false,,37.90,9.1106,true,1,4233
7290000139012,false,מספריים מטבח מתכת,,,מספריים מטבח מתכת,יחידה,0.00,יחידה,false,,10.00,0.0000,true,1,12942
7290000139180,false,שלווה נטו חיטה תפוחה,,,שלווה נטו חיטה תפוחה,גרמים,140.00,100 גרם,false,,8.90,6.3571,true,1,1332
7290000143194,false,שמפו+מרכך הוואי 700,,,שמפו+מרכך הוואי 700,מיליליטרים,700.00,"100 מ""ל",false,,10.90,1.5571,true,1,8065
7290000144160,false,שמן זית כתית מעולה א,,,שמן זית כתית מעולה א,מיליליטרים,750.00,"100 מ""ל",false,,35.90,4.7867,true,1,29291
7290000144467,false,שמן חמניות בריאות מה,,,שמן חמניות בריאות מה,ליטרים,1.00,ליטר,false,,17.90,17.9000,true,1,29294
7290000144474,false,שמן קנולה בריאות עץ,,,שמן קנולה בריאות עץ,ליטרים,1.00,ליטר,false,,17.90,17.9000,true,1,29295
7290000146645,false,סבון מוצק שחור מסתור,,,סבון מוצק שחור מסתור,גרמים,400.00,100 גרם,false,,13.90,3.4750,true,1,8075
7290000149905,false,טקסטיל שמפו-1 ליטר נ,,,טקסטיל שמפו-1 ליטר נ,ליטרים,1.00,ליטר,false,,15.90,15.9000,true,1,29629
7290000151885,false,נקניק הודו יחידה 700,,,נקניק הודו יחידה 700,גרמים,700.00,100 גרם,false,,19.90,2.8429,true,1,19639
7290000152288,false,עוף טוב נקניקיות עוף,,,עוף טוב נקניקיות עוף,גרמים,400.00,100 גרם,false,,14.90,3.7250,true,1,19641
7290000152943,false,עוף טוב סלמי פסטרמה,,,עוף טוב סלמי פסטרמה,גרמים,700.00,100 גרם,false,,30.90,4.4143,true,1,19644
7290000153469,false,עוף טוב קציצות עוף ק,,,עוף טוב קציצות עוף ק,גרמים,600.00,100 גרם,false,,30.90,5.1500,true,1,19649
7290000168173,false,ברנפלקס קרנצים תלמה,,,ברנפלקס קרנצים תלמה,גרמים,375.00,100 גרם,false,,24.90,6.6400,true,1,10244
7290000169538,false,נמס בכוס עגבניות וקר,,,נמס בכוס עגבניות וקר,גרמים,62.00,100 גרם,false,,7.90,12.7419,true,1,10264
7290000169798,false,עוגי מופחת סוכר 20%,,,עוגי מופחת סוכר 20%,גרמים,500.00,100 גרם,false,,24.90,4.9800,true,1,10268
7290000174723,false,שוקולית 500 גרם,,,שוקולית 500 גרם,גרמים,500.00,100 גרם,false,,14.90,2.9800,true,1,22146
7290000176079,false,טורקי עלית קפה עם הל,,,טורקי עלית קפה עם הל,גרמים,100.00,100 גרם,false,,10.50,10.5000,true,1,22149
7290000176413,false,עלית נמס 50 גר',,,עלית נמס 50 גר',גרמים,50.00,100 גרם,false,,10.90,21.8000,true,1,22154
7290000176420,false,קפה נמס עלית פחית 20,,,קפה נמס עלית פחית 20,גרמים,200.00,100 גרם,false,,22.90,11.4500,true,1,22155
7290000178707,false,תפוציפס טבעי 50 גרם,,,תפוציפס טבעי 50 גרם,גרמים,50.00,100 גרם,false,,4.30,8.6000,true,1,24116
7290000178721,false,תפוציפס טבעי 200 גרם,,,תפוציפס טבעי 200 גרם,גרמים,200.00,100 גרם,false,,10.90,5.4500,true,1,24118
7290000186535,false,לילי נייר טואלט טריו,,,לילי נייר טואלט טריו,מטרים,537.00,מטר,false,,44.90,0.0836,true,1,8832
7290000187921,false,"נייר טואלט ""לילי"" לב",,,"נייר טואלט ""לילי"" לב",מטרים,588.00,מטר,false,,42.90,0.0730,true,1,8847
7290000187938,false,"נייר טואלט ""לילי"" פס",,,"נייר טואלט ""לילי"" פס",מטרים,588.00,מטר,false,,39.90,0.0679,true,1,8848
7290000187952,false,נייר טאולט לילי טריו,,,נייר טאולט לילי טריו,מטרים,537.00,מטר,false,,44.90,0.0836,true,1,8849
7290000188355,false,מגבות מטבח ניקול לבנ,,,מגבות מטבח ניקול לבנ,מטרים,64.80,מטר,false,,12.90,0.1991,true,1,8855
7290000188553,false,מגן תחתון סילק נורמל,,,מגן תחתון סילק נורמל,יחידה,0.00,יחידה,false,,20.90,0.0000,true,1,8860
7290000189116,false,ניקול תבניות עגולות,,,ניקול תבניות עגולות,יחידה,0.00,יחידה,false,,13.90,0.0000,true,1,8868
7290000189192,false,ניקול מטלית חכמה יומ,,,ניקול מטלית חכמה יומ,יח',64.00,יח',false,,19.90,0.3109,true,1,8869
7290000189215,false,מטלית קסם לרצפה,,,מטלית קסם לרצפה,יחידה,0.00,יחידה,false,,14.90,0.0000,true,1,8871
7290000189482,false,ניקול תבנית אפייה מק,,,ניקול תבנית אפייה מק,יחידה,0.00,יחידה,false,,10.90,0.0000,true,1,8878
7290000189499,false,ניקול תבנית אפייה מק,,,ניקול תבנית אפייה מק,יחידה,0.00,יחידה,false,,10.90,0.0000,true,1,8879
7290000189505,false,ניקול תבנית אפייה מק,,,ניקול תבנית אפייה מק,יחידה,0.00,יחידה,false,,10.90,0.0000,true,1,8880
7290000189598,false,מטליות לחות חד פעמיו,,,מטליות לחות חד פעמיו,יחידה,0.00,יחידה,false,,13.90,0.0000,true,1,8883
7290000189871,false,אשפתון 55 שקיות,,,אשפתון 55 שקיות,יחידה,0.00,יחידה,false,,24.90,0.0000,true,1,8892
7290000190068,false,מפיות לבן ניקול 100,,,מפיות לבן ניקול 100,יחידה,0.00,יחידה,false,,10.00,0.0000,true,1,8894
7290000191539,false,לילי צבעוני חמישיה-9,,,לילי צבעוני חמישיה-9,יחידה,0.00,יחידה,false,,17.90,0.0000,true,1,8913
7290000191652,false,קלינקס קלאסיק ניילון,,,קלינקס קלאסיק ניילון,יחידה,0.00,יחידה,false,,12.90,0.0000,true,1,8918
7290000193014,false,מגן תחתון אינטרלוד ל,,,מגן תחתון אינטרלוד ל,יחידה,0.00,יחידה,false,,12.90,0.0000,true,1,8924
7290000193083,false,תחבושות נובה לי לילי,,,תחבושות נובה לי לילי,יחידה,0.00,יחידה,false,,11.90,0.0000,true,1,8926
7290000193540,false,מגן תחתון נטורל לונג,,,מגן תחתון נטורל לונג,יחידה,0.00,יחידה,false,,18.90,0.0000,true,1,8933
7290000193649,false,תחבושות נטורל אולטרה,,,תחבושות נטורל אולטרה,יחידה,0.00,יחידה,false,,18.90,0.0000,true,1,8935
7290000194208,false,כרעיים עוף חלק רב מח,,,כרעיים עוף חלק רב מח,קילוגרמים,1.00,"ק""ג",true,,34.90,34.9000,true,1,46772
7290000194239,false,מחפוד-חזה עוף קפוא מ,,,מחפוד-חזה עוף קפוא מ,קילוגרמים,1.00,"ק""ג",true,,34.90,34.9000,true,1,46773
7290000194260,false,מחפוד-שוקיים עוף קפו,,,מחפוד-שוקיים עוף קפו,קילוגרמים,1.00,"ק""ג",true,,36.90,36.9000,true,1,46775
7290000194345,false,שניצל עוף ארוז מחפוד,,,שניצל עוף ארוז מחפוד,קילוגרמים,1.00,"ק""ג",true,,36.90,36.9000,true,1,46780
7290000195537,false,מגבוני האגיס דיילי ק,,,מגבוני האגיס דיילי ק,יחידה,0.00,יחידה,false,,20.90,0.0000,true,1,8961
7290000195773,false,מגבוני האגיס סנסטיב,,,מגבוני האגיס סנסטיב,יחידה,0.00,יחידה,false,,20.90,0.0000,true,1,8965
7290000196763,false,ניקול השקית החזקה,,,ניקול השקית החזקה,יחידה,0.00,יחידה,false,,27.90,0.0000,true,1,8971
7290000197326,false,ניקול רדיד אלומיניום,,,ניקול רדיד אלומיניום,מטרים,15.00,מטר,false,,13.90,0.9267,true,1,8985
7290000197432,false,ניקול שקיות אוכל זוג,,,ניקול שקיות אוכל זוג,יחידה,0.00,יחידה,false,,13.90,0.0000,true,1,8990
7290000197463,false,האגיס פרידום דריי של,,,האגיס פרידום דריי של,יחידה,0.00,יחידה,false,,46.90,0.0000,true,1,8992
7290000197548,false,האגיס פרידום דריי של,,,האגיס פרידום דריי של,יחידה,0.00,יחידה,false,,46.90,0.0000,true,1,8996
7290000197654,false,אשפתון שקיות אשפה ענ,,,אשפתון שקיות אשפה ענ,יחידה,0.00,יחידה,false,,22.90,0.0000,true,1,8997
7290000197876,false,ניקול תבנית אלומיניו,,,ניקול תבנית אלומיניו,יחידה,0.00,יחידה,false,,10.90,0.0000,true,1,9002
7290000197883,false,ניקול תבניות אלומיני,,,ניקול תבניות אלומיני,יחידה,0.00,יחידה,false,,10.90,0.0000,true,1,9003
7290000197999,false,ניקול רדיד אלומיניום,,,ניקול רדיד אלומיניום,מטרים,15.00,מטר,false,,18.90,1.2600,true,1,9006
7290000204215,false,ניקול כריות יפניות 6,,,ניקול כריות יפניות 6,יחידה,0.00,יחידה,false,,13.90,0.0000,true,1,9039
7290000204253,false,מטלית רב שימושית תשע,,,מטלית רב שימושית תשע,יחידה,0.00,יחידה,false,,12.90,0.0000,true,1,9041
7290000204307,false,מטליות ניקול 40 רב ש,,,מטליות ניקול 40 רב ש,יחידה,0.00,יחידה,false,,23.90,0.0000,true,1,9042
7290000204512,false,מטליות לחות לרצפה בר,,,מטליות לחות לרצפה בר,יחידה,0.00,יחידה,false,,18.90,0.0000,true,1,9043
7290000204611,false,ניקול ספוגית הקסם*6,,,ניקול ספוגית הקסם*6,יחידה,0.00,יחידה,false,,13.90,0.0000,true,1,9044
7290000207063,false,רוטב עגבניות פריכוז,,,רוטב עגבניות פריכוז,גרמים,240.00,100 גרם,false,,4.90,2.0417,true,1,8615
7290000207162,false,רוטב עגבניות 100 גרם,,,רוטב עגבניות 100 גרם,גרמים,100.00,100 גרם,false,,2.50,2.5000,true,1,8618
7290000207438,false,עגבניות לקוביות יכין,,,עגבניות לקוביות יכין,גרמים,800.00,100 גרם,false,,10.90,1.3625,true,1,8619
7290000208022,false,עגבניות מרוסקות יכין,,,עגבניות מרוסקות יכין,גרמים,800.00,100 גרם,false,,10.90,1.3625,true,1,8622
7290000208077,false,אפונת גינה גדולה L י,,,אפונת גינה גדולה L י,גרמים,335.00,100 גרם,false,,9.90,2.9552,true,1,8624
7290000208114,false,אפונת גינה וגזר יכין,,,אפונת גינה וגזר יכין,גרמים,330.00,100 גרם,false,,9.90,3.0000,true,1,8627
7290000208145,false,גרעיני תירס לייט יכי,,,גרעיני תירס לייט יכי,גרמים,335.00,100 גרם,false,,10.90,3.2537,true,1,8630
7290000208213,false,שעועית לבנה ברוטב עג,,,שעועית לבנה ברוטב עג,גרמים,355.00,100 גרם,false,,9.90,2.7887,true,1,8632
7290000208312,false,גרעיני תירס מתוק יכי,,,גרעיני תירס מתוק יכי,גרמים,400.00,100 גרם,false,,7.90,1.9750,true,1,8637
7290000208329,false,גרעיני תירס מתוק יכי,,,גרעיני תירס מתוק יכי,גרמים,335.00,100 גרם,false,,9.90,2.9552,true,1,8638
7290000208336,false,רוטב עגבניות יכין 24,,,רוטב עגבניות יכין 24,גרמים,240.00,100 גרם,false,,5.50,2.2917,true,1,8639
7290000208343,false,עגבניות מרוסקות שום,,,עגבניות מרוסקות שום,גרמים,800.00,100 גרם,false,,10.90,1.3625,true,1,8640
7290000208404,false,פול מצרי יכין 550 גר,,,פול מצרי יכין 550 גר,גרמים,350.00,100 גרם,false,,8.90,2.5429,true,1,8643
7290000208428,false,חומוס שלם יכין 550 ג,,,חומוס שלם יכין 550 ג,גרמים,290.00,100 גרם,false,,9.90,3.4138,true,1,8644
7290000208800,false,תירס קיד מתוק יכין 4,,,תירס קיד מתוק יכין 4,גרמים,400.00,100 גרם,false,,6.90,1.7250,true,1,8651
7290000208855,false,רוטב לפסטה קלאסי יכי,,,רוטב לפסטה קלאסי יכי,גרמים,260.00,100 גרם,false,,6.50,2.5000,true,1,8652
7290000208893,false,תירס לייט יכין 400 ג,,,תירס לייט יכין 400 ג,גרמים,400.00,100 גרם,false,,6.90,1.7250,true,1,8653
7290000209173,false,חומץ סינטטי 5% יכין,,,חומץ סינטטי 5% יכין,ליטרים,1.00,ליטר,false,,4.90,4.9000,true,1,8660
7290000209371,false,תירס שלישיה יכין 3*1,,,תירס שלישיה יכין 3*1,גרמים,495.00,100 גרם,false,,15.90,3.2121,true,1,8668
7290000209722,false,רוטב עגבניות מרוכז מ,,,רוטב עגבניות מרוכז מ,גרמים,580.00,100 גרם,false,,10.90,1.8793,true,1,8680
7290000209913,false,עגבניות לקוביות יכין,,,עגבניות לקוביות יכין,גרמים,260.00,100 גרם,false,,6.50,2.5000,true,1,8682
7290000209944,false,רוטב לעגבניות לשקשוק,,,רוטב לעגבניות לשקשוק,גרמים,260.00,100 גרם,false,,6.50,2.5000,true,1,8683
7290000209951,false,רוטב עגבניות לפיצה י,,,רוטב עגבניות לפיצה י,מיליליטרים,260.00,"100 מ""ל",false,,6.50,2.5000,true,1,8684
7290000211169,false,אורז תאילנדי 1 ק'ג,,,אורז תאילנדי 1 ק'ג,קילוגרמים,1.00,"ק""ג",false,,7.50,7.5000,true,1,17287
7290000211312,false,אורז מלא אחד אחד 1קג,,,אורז מלא אחד אחד 1קג,קילוגרמים,1.00,"ק""ג",false,,9.90,9.9000,true,1,17288
7290000211374,false,"קמח מלא סוגת 1 ק""ג",,,"קמח מלא סוגת 1 ק""ג",קילוגרמים,1.00,"ק""ג",false,,7.90,7.9000,true,1,17289
7290000211442,false,סוגת אורז פרסי קלאסי,,,סוגת אורז פרסי קלאסי,קילוגרמים,1.00,"ק""ג",false,,11.50,11.5000,true,1,17291
7290000211503,false,"סוכר סוגת לבן 1 ק""ג",,,"סוכר סוגת לבן 1 ק""ג",קילוגרמים,1.00,"ק""ג",false,,4.90,4.9000,true,1,17292
7290000211626,false,"אורז חיש 1 ק""ג",,,"אורז חיש 1 ק""ג",קילוגרמים,1.00,"ק""ג",false,,12.90,12.9000,true,1,17293
7290000211985,false,סוגת אורז עגול 1קג,,,סוגת אורז עגול 1קג,קילוגרמים,1.00,"ק""ג",false,,10.90,10.9000,true,1,17295
7290000214115,false,מרק עוף צנצנת ויטה 4,,,מרק עוף צנצנת ויטה 4,גרמים,400.00,100 גרם,false,,11.90,2.9750,true,1,8256
7290000238029,false,"בצק עלים 1ק""ג",,,"בצק עלים 1ק""ג",קילוגרמים,1.00,"ק""ג",false,,23.90,23.9000,true,1,35558
7290000238036,false,מעדנות מלווח 700גר,,,מעדנות מלווח 700גר,גרמים,700.00,100 גרם,false,,17.90,2.5571,true,1,35559
7290000238173,false,בורקס גבינה מעדנות 8,,,בורקס גבינה מעדנות 8,גרמים,800.00,100 גרם,false,,23.90,2.9875,true,1,35560
7290000243566,false,שמן קנולה בריאות עץ,,,שמן קנולה בריאות עץ,מיליליטרים,750.00,"100 מ""ל",false,,11.90,1.5867,true,1,29301
7290000245799,false,מרכך כביסה סוד כחול,,,מרכך כביסה סוד כחול,ליטרים,4.00,ליטר,false,,19.90,4.9750,true,1,34840
7290000253220,false,שוקולד צ'יפס אופנהיי,,,שוקולד צ'יפס אופנהיי,גרמים,260.00,100 גרם,false,,13.90,5.3462,true,1,24550
7290000253251,false,שוקולד צ'יפס לבן אופ,,,שוקולד צ'יפס לבן אופ,גרמים,250.00,100 גרם,false,,13.90,5.5600,true,1,24551
7290000262031,false,נייר טואלט מולט לב 3,,,נייר טואלט מולט לב 3,מטרים,563.00,מטר,false,,34.90,0.0620,true,1,9047
7290000272467,false,סירופ דיאט פטל עסיס,,,סירופ דיאט פטל עסיס,ליטרים,1.00,ליטר,false,,16.90,16.9000,true,1,18623
7290000272726,false,חומץ טבעי 5% עסיס 1,,,חומץ טבעי 5% עסיס 1,ליטרים,1.00,ליטר,false,,7.50,7.5000,true,1,18625
7290000286228,false,סנו סושי שישיות כריו,,,סנו סושי שישיות כריו,יחידה,0.00,יחידה,false,,12.90,0.0000,true,1,29633
7290000286297,false,סנו מסיר אבן מקומקום,,,סנו מסיר אבן מקומקום,מיליליטרים,700.00,"100 מ""ל",false,,11.90,1.7000,true,1,29634
7290000286549,false,סנו סושי מטליות לכל,,,סנו סושי מטליות לכל,יחידה,0.00,יחידה,false,,12.90,0.0000,true,1,29642
7290000286761,false,סנו סושי פלסטיק נצמד,,,סנו סושי פלסטיק נצמד,מטרים,60.00,מטר,false,,12.90,0.2150,true,1,29646
7290000286945,false,"סנו רהיט נוזל 500 מ""",,,"סנו רהיט נוזל 500 מ""",מיליליטרים,500.00,"100 מ""ל",false,,26.90,5.3800,true,1,29652
7290000286947,false,פילה דג סלמון נורווג,,,פילה דג סלמון נורווג,קילוגרמים,1.00,"ק""ג",true,,89.90,89.9000,true,1,393131
7290000287102,false,סנו שמפו שטיחים אירו,,,סנו שמפו שטיחים אירו,מיליליטרים,600.00,"100 מ""ל",false,,22.90,3.8167,true,1,29654
7290000287195,false,סנו רהיט ספריי עשיר,,,סנו רהיט ספריי עשיר,מיליליטרים,305.00,"100 מ""ל",false,,15.90,5.2131,true,1,29655
7290000288079,false,סנו זאוול בריח לימון,,,סנו זאוול בריח לימון,ליטרים,2.00,ליטר,false,,12.90,6.4500,true,1,29672
7290000288352,false,K - 300,,,K - 300,מיליליטרים,630.00,"100 מ""ל",false,,22.90,3.6349,true,1,29678
7290000288727,false,סנו מקסימה מאסק 1.25,,,סנו מקסימה מאסק 1.25,קילוגרמים,1.25,"ק""ג",false,,15.90,12.7200,true,1,29687
7290000289472,false,סנו סושי שקיות HD 76,,,סנו סושי שקיות HD 76,יחידה,0.00,יחידה,false,,21.90,0.0000,true,1,29694
7290000291932,false,סנובון נוזלי בניחוח,,,סנובון נוזלי בניחוח,מיליליטרים,750.00,"100 מ""ל",false,,13.90,1.8533,true,1,29705
7290000293073,false,מרכך כביסה סנו מקסימ,,,מרכך כביסה סנו מקסימ,ליטרים,4.00,ליטר,false,,23.90,5.9750,true,1,29721
7290000293561,false,סנו מסיר עובש 750מל,,,סנו מסיר עובש 750מל,מיליליטרים,750.00,"100 מ""ל",false,,15.90,2.1200,true,1,29725
7290000293943,false,סנו אנטי קאלק+מתז  1,,,סנו אנטי קאלק+מתז  1,ליטרים,1.00,ליטר,false,,20.90,20.9000,true,1,29729
7290000294575,false,סנו רב מגבת,,,סנו רב מגבת,מטרים,13.80,מטר,false,,12.90,0.9348,true,1,29733
7290000294780,false,סנו ז'אוול סמיכה 4 ל,,,סנו ז'אוול סמיכה 4 ל,ליטרים,4.00,ליטר,false,,17.90,4.4750,true,1,29735
7290000295121,false,מטלית זיגזג 3יח,,,מטלית זיגזג 3יח,יחידה,0.00,יחידה,false,,12.90,0.0000,true,1,29736
7290000295299,false,כריות יפניות סנו סוש,,,כריות יפניות סנו סוש,יחידה,0.00,יחידה,false,,12.90,0.0000,true,1,29737
7290000295367,false,אבקת כביסה סנו מקסימ,,,אבקת כביסה סנו מקסימ,קילוגרמים,2.50,"ק""ג",false,,28.90,11.5600,true,1,29741
7290000295404,false,שקיות אשפה נשלפות סנ,,,שקיות אשפה נשלפות סנ,יחידה,0.00,יחידה,false,,23.90,0.0000,true,1,29742
7290000295503,false,סנו סושי צמד שקיות א,,,סנו סושי צמד שקיות א,יחידה,0.00,יחידה,false,,15.90,0.0000,true,1,29743
7290000295541,false,סנו רב מגבת גמבו,,,סנו רב מגבת גמבו,יחידה,0.00,יחידה,false,,17.90,0.0000,true,1,29744
7290000295749,false,סנו ספוג סאקי כיף 26,,,סנו ספוג סאקי כיף 26,יחידה,0.00,יחידה,false,,12.90,0.0000,true,1,29749
7290000300900,false,שניצל תירס טבעול רכי,,,שניצל תירס טבעול רכי,גרמים,750.00,100 גרם,false,,28.90,3.8533,true,1,19682
7290000305424,false,טונה בשמן יונה 160 ג,,,טונה בשמן יונה 160 ג,גרמים,160.00,100 גרם,false,,6.90,4.3125,true,1,26586
7290000313160,false,חברים זהבה ושלושת הד,,,חברים זהבה ושלושת הד,גרמים,250.00,100 גרם,false,,9.50,3.8000,true,1,18626
7290000313184,false,חברים ביסקויט גן חיו,,,חברים ביסקויט גן חיו,גרמים,250.00,100 גרם,false,,9.50,3.8000,true,1,18627
7290000313290,false,נודלס אטריות מסולסלו,,,נודלס אטריות מסולסלו,יחידה,200.00,יחידה,false,,10.90,0.0545,true,1,18629
7290000319131,false,נקניקיות עוף יחיעם 4,,,נקניקיות עוף יחיעם 4,גרמים,400.00,100 גרם,false,,11.90,2.9750,true,1,15518
7290000327037,false,מירנדה פחית צרה טמפו,,,מירנדה פחית צרה טמפו,ליטרים,1.98,ליטר,false,,21.90,11.0606,true,1,269398
7290000334325,false,תפוגן ציפס למיקרו מא,,,תפוגן ציפס למיקרו מא,גרמים,375.00,100 גרם,false,,16.90,4.5067,true,1,19694
7290000334745,false,"אמריקאן ציפס 1.5 ק""ג",,,"אמריקאן ציפס 1.5 ק""ג",קילוגרמים,1.50,"ק""ג",false,,28.90,19.2667,true,1,19697
7290000342856,false,בדין מרכך כביסה כחול,,,בדין מרכך כביסה כחול,ליטרים,4.00,ליטר,false,,21.90,5.4750,true,1,10297
7290000345215,false,תה ויסוצקי קלאסיק 10,,,תה ויסוצקי קלאסיק 10,גרמים,100.00,100 גרם,false,,20.90,20.9000,true,1,24557
7290000345284,false,תה ויסוצקי 1.5 קלאסי,,,תה ויסוצקי 1.5 קלאסי,גרמים,150.00,100 גרם,false,,20.90,13.9333,true,1,24560
7290000346137,false,תה הילולי פירות 25 ש,,,תה הילולי פירות 25 ש,גרמים,62.50,100 גרם,false,,17.90,28.6400,true,1,24570
7290000347738,false,תה ירוק נענע 25 שקיק,,,תה ירוק נענע 25 שקיק,גרמים,37.50,100 גרם,false,,23.90,63.7333,true,1,24581
7290000347752,false,תה ירוק לימונית ולוא,,,תה ירוק לימונית ולוא,גרמים,37.50,100 גרם,false,,23.90,63.7333,true,1,24582
7290000363363,false,קבנוס מיוחד 160 גרם,,,קבנוס מיוחד 160 גרם,גרמים,160.00,100 גרם,false,,20.90,13.0625,true,1,25287
7290000364261,false,סלסולי כתף בקר 120 ג,,,סלסולי כתף בקר 120 ג,גרמים,120.00,100 גרם,false,,17.90,14.9167,true,1,25291
7290000364278,false,סלסולי סלמי איטלקי מ,,,סלסולי סלמי איטלקי מ,גרמים,120.00,100 גרם,false,,17.90,14.9167,true,1,25292
7290000364858,false,נקניקיות עוף טרי 1 ק,,,נקניקיות עוף טרי 1 ק,קילוגרמים,1.00,"ק""ג",false,,30.90,30.9000,true,1,25299
7290000367590,false,צמד כפרי נק.סלמי+פסט,,,צמד כפרי נק.סלמי+פסט,גרמים,800.00,100 גרם,false,,36.90,4.6125,true,1,25303
7290000382210,false,שקיות גופיה ינות בית,,,שקיות גופיה ינות בית,יחידה,0.00,יחידה,false,,0.10,0.0000,true,1,47
7290000408316,false,דנונה טבעי 3% 200מל,,,דנונה טבעי 3% 200מל,מיליליטרים,200.00,"100 מ""ל",false,,3.70,1.8500,true,1,23214
7290000408354,false,דנונה קראנצ' פצפוצים,,,דנונה קראנצ' פצפוצים,מיליליטרים,175.00,"100 מ""ל",false,,4.90,2.8000,true,1,23215
7290000412481,false,מנקה אסלות 1 ליטר 00,,,מנקה אסלות 1 ליטר 00,ליטרים,1.00,ליטר,false,,8.90,8.9000,true,1,29754
7290000416021,false,ממרח שוקולד השחר 500,,,ממרח שוקולד השחר 500,גרמים,500.00,100 גרם,false,,15.90,3.1800,true,1,28812
7290000416045,false,ממרח שוקולד השחר 1 ק,,,ממרח שוקולד השחר 1 ק,קילוגרמים,1.00,"ק""ג",false,,27.90,27.9000,true,1,28814
7290000416618,false,ממרח שוקולד פרווה הש,,,ממרח שוקולד פרווה הש,גרמים,400.00,100 גרם,false,,12.90,3.2250,true,1,28822
7290000420325,false,פופסטאר פופקורן טבעי,,,פופסטאר פופקורן טבעי,גרמים,500.00,100 גרם,false,,17.90,3.5800,true,1,5737
7290000420332,false,פופסטאר פופקורן חמאה,,,פופסטאר פופקורן חמאה,גרמים,500.00,100 גרם,false,,17.90,3.5800,true,1,5738
7290000430102,false,שקיות קרח 2 ק`ג,,,שקיות קרח 2 ק`ג,קילוגרמים,2.00,"ק""ג",false,,10.90,5.4500,true,1,31002
7290000450209,false,טונה בשמן פוסידון  1,,,טונה בשמן פוסידון  1,גרמים,108.00,100 גרם,false,,6.90,6.3889,true,1,16776
7290000453019,false,שמרית שמרים טריים לא,,,שמרית שמרים טריים לא,גרמים,50.00,100 גרם,false,,4.90,9.8000,true,1,23216
7290000453125,false,שמרית שמרים טריים לא,,,שמרית שמרים טריים לא,גרמים,100.00,100 גרם,false,,8.50,8.5000,true,1,23217
7290000453408,false,שמרית בצק פיצה דק מצ,,,שמרית בצק פיצה דק מצ,גרמים,415.00,100 גרם,false,,17.90,4.3133,true,1,23218
7290000453866,false,נטורינה קוקוס שטראוס,,,נטורינה קוקוס שטראוס,גרמים,200.00,100 גרם,false,,8.50,4.2500,true,1,23221
7290000461625,false,ביגלה 8 8 400גר,,,ביגלה 8 8 400גר,גרמים,400.00,100 גרם,false,,12.90,3.2250,true,1,10300
7290000461656,false,מקלות מלוחים 400 גרם,,,מקלות מלוחים 400 גרם,גרמים,400.00,100 גרם,false,,12.90,3.2250,true,1,10301
7290000461700,false,ביגלה שמיניות גדולות,,,ביגלה שמיניות גדולות,גרמים,400.00,100 גרם,false,,14.90,3.7250,true,1,10302
7290000461793,false,ביגלה ארוך ארוך דל ש,,,ביגלה ארוך ארוך דל ש,גרמים,150.00,100 גרם,false,,6.90,4.6000,true,1,10305
7290000467320,false,צבר חומוס אבו מרוואן,,,צבר חומוס אבו מרוואן,גרמים,400.00,100 גרם,false,,15.90,3.9750,true,1,19709
7290000474373,false,טרה שמנת חמוצה 15% 2,,,טרה שמנת חמוצה 15% 2,מיליליטרים,200.00,"100 מ""ל",false,,2.40,1.2000,true,1,6353
7290000474540,false,טוב טעם גבינה 3% 250,,,טוב טעם גבינה 3% 250,גרמים,250.00,100 גרם,false,,11.50,4.6000,true,1,6357
7290000474830,false,נעם גבינה צהובה מגור,,,נעם גבינה צהובה מגור,גרמים,500.00,100 גרם,false,,34.90,6.9800,true,1,6358
7290000480107,false,"קוואקר מהיר אטוס לל""",,,"קוואקר מהיר אטוס לל""",גרמים,500.00,100 גרם,false,,14.90,2.9800,true,1,24119
7290000480442,false,שיבולת שועל בשקית קו,,,שיבולת שועל בשקית קו,גרמים,500.00,100 גרם,false,,14.50,2.9000,true,1,24120
7290000481043,true,עשיריית פיתות כוסמין,,,עשיריית פיתות כוסמין,גרמים,700.00,100 גרם,false,,16.90,2.4143,true,1,120866
7290000481074,false,לחם טריו מלא דגנית 7,,,לחם טריו מלא דגנית 7,גרמים,750.00,100 גרם,false,,19.90,2.6533,true,1,366976
7290000481531,false,לחמניות 10 יחידות חי,,,לחמניות 10 יחידות חי,גרמים,750.00,100 גרם,false,,14.90,1.9867,true,1,4469
7290000481883,false,10 לחמניות דגנית,,,10 לחמניות דגנית,גרמים,750.00,100 גרם,false,,14.90,1.9867,true,1,4473
7290000484747,false,"עלית הארק 40% 700 מ""",,,"עלית הארק 40% 700 מ""",מיליליטרים,700.00,"100 מ""ל",false,,60.90,8.7000,true,1,28847
7290000493176,false,אסם אבקת רוטב צלי לב,,,אסם אבקת רוטב צלי לב,גרמים,22.00,100 גרם,false,,3.90,17.7273,true,1,18666
7290000493183,false,אסם אבקת רוטב פטריות,,,אסם אבקת רוטב פטריות,גרמים,30.00,100 גרם,false,,3.90,13.0000,true,1,18667
7290000504025,false,סוכרזית פטריה 300 טב,,,סוכרזית פטריה 300 טב,גרמים,246.00,100 גרם,false,,10.90,4.4309,true,1,22179
7290000504049,false,סוכרזית קנקן 1200 טב,,,סוכרזית קנקן 1200 טב,גרמים,984.00,100 גרם,false,,22.90,2.3272,true,1,22180
7290000504278,false,סוכרזית פטנט 700 טבל,,,סוכרזית פטנט 700 טבל,גרמים,574.00,100 גרם,false,,19.90,3.4669,true,1,22183
7290000521428,false,מרום גליל סינגל  שרד,,,מרום גליל סינגל  שרד,מיליליטרים,750.00,"100 מ""ל",false,,42.90,5.7200,true,1,9386
7290000530109,false,זוג קבנוס בוואקום 36,,,זוג קבנוס בוואקום 36,גרמים,360.00,100 גרם,false,,34.00,9.4444,true,1,38851
7290000530468,false,נקניקיות וינר טרי 1ק,,,נקניקיות וינר טרי 1ק,קילוגרמים,1.00,"ק""ג",false,,32.90,32.9000,true,1,38856
7290000530598,false,נקניקיות וינר טרי זו,,,נקניקיות וינר טרי זו,גרמים,500.00,100 גרם,false,,17.90,3.5800,true,1,38859
7290000530703,false,זוג תה 400 + חרמון 4,,,זוג תה 400 + חרמון 4,גרמים,800.00,100 גרם,false,,34.90,4.3625,true,1,38861
7290000533353,false,זוגלובק בצק עלים 1קג,,,זוגלובק בצק עלים 1קג,קילוגרמים,1.00,"ק""ג",false,,17.90,17.9000,true,1,38866
7290000537566,false,נקניקיות עוף טרי 400,,,נקניקיות עוף טרי 400,גרמים,400.00,100 גרם,false,,14.90,3.7250,true,1,38878
7290000537603,false,"נקנקיות עוף 1 ק""ג -ז",,,"נקנקיות עוף 1 ק""ג -ז",קילוגרמים,1.00,"ק""ג",false,,32.90,32.9000,true,1,38879
7290000538709,false,תה מעושן 200 גרם,,,תה מעושן 200 גרם,גרמים,200.00,100 גרם,false,,16.90,8.4500,true,1,38884
7290000552194,false,קישקע קפוא 500 גרם,,,קישקע קפוא 500 גרם,גרמים,500.00,100 גרם,false,,14.90,2.9800,true,1,16780
7290000554457,false,גד צפתית מיני 5% 350,,,גד צפתית מיני 5% 350,גרמים,350.00,100 גרם,false,,20.90,5.9714,true,1,14604
7290000554471,false,גד מוצרלה נקניק טבעי,,,גד מוצרלה נקניק טבעי,גרמים,180.00,100 גרם,false,,18.90,10.5000,true,1,14605
7290000554532,false,גד צפתית מעודנת במלח,,,גד צפתית מעודנת במלח,גרמים,200.00,100 גרם,false,,15.90,7.9500,true,1,14606
7290000554822,false,גד ריקוטה טבעי 5% 25,,,גד ריקוטה טבעי 5% 25,גרמים,250.00,100 גרם,false,,15.90,6.3600,true,1,14611
7290000560533,false,ג'ל גילוח ירוק לעור,,,ג'ל גילוח ירוק לעור,מיליליטרים,200.00,"100 מ""ל",false,,17.90,8.9500,true,1,5747
7290000561141,false,מיקס אגוזים טבעי  15,,,מיקס אגוזים טבעי  15,גרמים,150.00,100 גרם,false,,14.90,9.9333,true,1,1421
7290000561202,false,גרעין חמניה קלוי 200,,,גרעין חמניה קלוי 200,גרמים,200.00,100 גרם,false,,6.90,3.4500,true,1,1426
7290000561233,false,בוטן קלוי 200ג פיצוח,,,בוטן קלוי 200ג פיצוח,גרמים,200.00,100 גרם,false,,7.90,3.9500,true,1,1428
7290000561240,false,גרעין דלעת קלוי 200ג,,,גרעין דלעת קלוי 200ג,גרמים,200.00,100 גרם,false,,9.90,4.9500,true,1,1429
7290000561349,false,קשיו קלוי ללא מלח 15,,,קשיו קלוי ללא מלח 15,גרמים,150.00,100 גרם,false,,19.90,13.2667,true,1,1436
7290000561561,false,פוסידון מנצ'יס 200ג,,,פוסידון מנצ'יס 200ג,גרמים,200.00,100 גרם,false,,9.90,4.9500,true,1,1445
7290000561714,false,צנובר 100 גרם,,,צנובר 100 גרם,גרמים,100.00,100 גרם,false,,26.90,26.9000,true,1,1451
7290000571386,false,יוגורמה דלי 5% 850 ג,,,יוגורמה דלי 5% 850 ג,גרמים,850.00,100 גרם,false,,27.90,3.2824,true,1,25800
7290000574028,false,לחם אחיד פרוס מועשר,,,לחם אחיד פרוס מועשר,גרמים,750.00,100 גרם,false,,8.90,1.1867,true,1,4478
7290000574035,false,לחם אחיד פרוס דגנית,,,לחם אחיד פרוס דגנית,גרמים,750.00,100 גרם,false,,7.11,0.9480,true,1,4479
7290000574141,false,לחם חיטה מלאה דגנית,,,לחם חיטה מלאה דגנית,גרמים,750.00,100 גרם,false,,15.90,2.1200,true,1,4485
7290000574172,false,לחם קל חיטה מלאה דגנ,,,לחם קל חיטה מלאה דגנ,גרמים,750.00,100 גרם,false,,16.90,2.2533,true,1,4487
7290000574455,false,לחם חיטה מלא+כוסמין,,,לחם חיטה מלא+כוסמין,גרמים,750.00,100 גרם,false,,15.90,2.1200,true,1,4499
7290000599847,false,רב מגבת מויסקו,,,רב מגבת מויסקו,יחידה,0.00,יחידה,false,,8.90,0.0000,true,1,13442
7290000604343,false,תמר דקל נור  400גר,,,תמר דקל נור  400גר,גרמים,400.00,100 גרם,false,,9.90,2.4750,true,1,42867
7290000611039,false,פילה סלמון נורבגי קפ,,,פילה סלמון נורבגי קפ,קילוגרמים,1.00,"ק""ג",true,,84.90,84.9000,true,1,129390
7290000628170,false,צלי כתף מס' 5 חלק בר,,,צלי כתף מס' 5 חלק בר,קילוגרמים,1.00,"ק""ג",true,,79.90,79.9000,true,1,282746
7290000628187,false,פילה מדומה 6 חלק ברז,,,פילה מדומה 6 חלק ברז,קילוגרמים,1.00,"ק""ג",true,,41.90,41.9000,true,1,142611
7290000644783,false,דגי תנובה נתחי פילה,,,דגי תנובה נתחי פילה,קילוגרמים,1.00,"ק""ג",true,,89.90,89.9000,true,1,26439
7290000652177,false,נתחי פילה נסיכה 100%,,,נתחי פילה נסיכה 100%,קילוגרמים,1.00,"ק""ג",true,,69.90,69.9000,true,1,84396
7290000652542,false,פילה אמנון 5-7 100%,,,פילה אמנון 5-7 100%,קילוגרמים,1.00,"ק""ג",true,,39.90,39.9000,true,1,84382
7290000654546,false,פילה אמנון 7-9 100%,,,פילה אמנון 7-9 100%,קילוגרמים,1.00,"ק""ג",true,,39.90,39.9000,true,1,84384
7290000659312,false,דגי תנובה פילה סלמון,,,דגי תנובה פילה סלמון,קילוגרמים,1.00,"ק""ג",true,,79.90,79.9000,true,1,26449
7290000662817,false,סלמון מעושן פרוס 100,,,סלמון מעושן פרוס 100,גרמים,100.00,100 גרם,false,,18.90,18.9000,true,1,120554
7290000688084,false,מי עדן 1/2 ליטר ספור,,,מי עדן 1/2 ליטר ספור,מיליליטרים,500.00,"100 מ""ל",false,,2.90,0.5800,true,1,11445
7290000688381,false,מי עדן פקק ספורט 6*5,,,מי עדן פקק ספורט 6*5,ליטרים,3.00,ליטר,false,,15.90,5.3000,true,1,11449
7290000688503,false,מי עדן ג'ים 6*750מל,,,מי עדן ג'ים 6*750מל,ליטרים,4.50,ליטר,false,,19.90,4.4222,true,1,11452
7290000692456,false,אגקס חלונות זוג,,,אגקס חלונות זוג,ליטרים,1.50,ליטר,false,,27.90,18.6000,true,1,21393
7290000707345,false,חזה עוף שלם טרי ארוז,,,חזה עוף שלם טרי ארוז,קילוגרמים,1.00,"ק""ג",true,,31.90,31.9000,true,1,17971
7290000707352,false,שניצל עוף טרי ארוז,,,שניצל עוף טרי ארוז,קילוגרמים,1.00,"ק""ג",true,,37.90,37.9000,true,1,17972
7290000707369,false,כרעיים עוף טרי ארוז,,,כרעיים עוף טרי ארוז,קילוגרמים,1.00,"ק""ג",true,,27.90,27.9000,true,1,17973
7290000707376,false,ירכיים עוף טרי ארוז,,,ירכיים עוף טרי ארוז,קילוגרמים,1.00,"ק""ג",true,,27.90,27.9000,true,1,17974
7290000707383,false,שוקיים עוף טרי ארוז,,,שוקיים עוף טרי ארוז,קילוגרמים,1.00,"ק""ג",true,,32.90,32.9000,true,1,17975
7290000707437,false,כנפיים עוף טרי ארוז,,,כנפיים עוף טרי ארוז,קילוגרמים,1.00,"ק""ג",true,,11.90,11.9000,true,1,17978
7290000707543,false,פילה עוף טרי ארוז,,,פילה עוף טרי ארוז,קילוגרמים,1.00,"ק""ג",true,,37.90,37.9000,true,1,17983
7290000803180,false,מי פה דנטלית מרידול,,,מי פה דנטלית מרידול,מיליליטרים,400.00,"100 מ""ל",false,,32.90,8.2250,true,1,21398
7290000835466,false,שריר הזרוע מס' 8 חלק,,,שריר הזרוע מס' 8 חלק,קילוגרמים,1.00,"ק""ג",true,,34.90,34.9000,true,1,269358
7290000910291,false,פלפל צ`ילי,,,פלפל צ`ילי,גרמים,100.00,100 גרם,false,,7.90,7.9000,true,1,46507
7290000913551,false,פסטרמה כפרית 400 גרם,,,פסטרמה כפרית 400 גרם,גרמים,400.00,100 גרם,false,,20.90,5.2250,true,1,25304
7290001041840,false,שקדים טחונים 250 גרם,,,שקדים טחונים 250 גרם,גרמים,250.00,100 גרם,false,,19.90,7.9600,true,1,14856
7290001041994,false,סוכר זהב דמררה צנצנת,,,סוכר זהב דמררה צנצנת,קילוגרמים,1.00,"ק""ג",false,,11.90,11.9000,true,1,14865
7290001045688,false,פרימור מיץ תפוזים 40,,,פרימור מיץ תפוזים 40,מיליליטרים,400.00,"100 מ""ל",false,,7.90,1.9750,true,1,23238
7290001121672,false,פסטרמה הודו בפפריקה,,,פסטרמה הודו בפפריקה,גרמים,300.00,100 גרם,false,,25.90,8.6333,true,1,15539
7290001123775,false,שווארמה פרגיות 500 ג,,,שווארמה פרגיות 500 ג,גרמים,500.00,100 גרם,false,,26.90,5.3800,true,1,16790
7290001136683,false,מרכך רגיל ירוק נקה 7,,,מרכך רגיל ירוק נקה 7,מיליליטרים,750.00,"100 מ""ל",false,,12.90,1.7200,true,1,29761
7290001201510,false,30 ביצים M  מ.לסר,,,30 ביצים M  מ.לסר,יחידה,0.00,יחידה,false,,27.87,0.0000,true,1,13601
7290001201589,false,12 ביצים L  מ.לסר,,,12 ביצים L  מ.לסר,יחידה,0.00,יחידה,false,,12.05,0.0000,true,1,13604
7290001201596,false,12 ביצים M  מ.לסר,,,12 ביצים M  מ.לסר,יחידה,0.00,יחידה,false,,11.15,0.0000,true,1,13605
7290001201824,false,12 ביצים L  אורגני מ,,,12 ביצים L  אורגני מ,יחידה,0.00,יחידה,false,,23.90,0.0000,true,1,13613
7290001201862,false,12 ביצים חופש L מ. ל,,,12 ביצים חופש L מ. ל,יחידה,0.00,יחידה,false,,19.90,0.0000,true,1,13616
7290001201893,false,12 ביצים M  אומגה 3,,,12 ביצים M  אומגה 3,יחידה,0.00,יחידה,false,,18.90,0.0000,true,1,13618
7290001216040,false,טחינה אל ארז 100% שו,,,טחינה אל ארז 100% שו,גרמים,500.00,100 גרם,false,,15.90,3.1800,true,1,34799
7290001216057,false,טחינה אל ארז 100% שו,,,טחינה אל ארז 100% שו,קילוגרמים,1.00,"ק""ג",false,,29.90,29.9000,true,1,34800
7290001216101,false,טחינה אל ארז 100% שו,,,טחינה אל ארז 100% שו,קילוגרמים,1.00,"ק""ג",false,,32.90,32.9000,true,1,376701
7290001216231,false,טחינה מלאה 100% שומש,,,טחינה מלאה 100% שומש,גרמים,500.00,100 גרם,false,,16.90,3.3800,true,1,34804
7290001231932,false,וינסטון קופסא בודדת,,,וינסטון קופסא בודדת,יחידה,0.00,יחידה,false,,34.00,0.0000,false,1,4090
7290001235938,false,וינסטון קופסא בודדת,,,וינסטון קופסא בודדת,יחידה,0.00,יחידה,false,,34.00,0.0000,false,1,4092
7290001245705,false,אקונומיקה מבושמת 4 ל,,,אקונומיקה מבושמת 4 ל,ליטרים,4.00,ליטר,false,,10.90,2.7250,true,1,37912
7290001246115,false,תרסיס מסיר עובש 750,,,תרסיס מסיר עובש 750,מיליליטרים,750.00,"100 מ""ל",false,,14.90,1.9867,true,1,37941
7290001247099,false,ספרינג מנגו קרטונית,,,ספרינג מנגו קרטונית,ליטרים,1.00,ליטר,false,,6.90,6.9000,true,1,11468
7290001247112,false,ספרינג לימונענע קרטו,,,ספרינג לימונענע קרטו,ליטרים,1.00,ליטר,false,,6.90,6.9000,true,1,11470
7290001247129,false,ספרינג תפוז קרטונית,,,ספרינג תפוז קרטונית,ליטרים,1.00,ליטר,false,,6.90,6.9000,true,1,11471
7290001247143,false,ספרינג תפוח קרטונית,,,ספרינג תפוח קרטונית,ליטרים,1.00,ליטר,false,,6.90,6.9000,true,1,11473
7290001305188,false,פלמוליב לכלים פריחת,,,פלמוליב לכלים פריחת,מיליליטרים,750.00,"100 מ""ל",false,,13.90,1.8533,true,1,21402
7290001343845,false,גרנולה שיבולת שועל ע,,,גרנולה שיבולת שועל ע,קילוגרמים,1.00,"ק""ג",false,,19.90,19.9000,true,1,4621
7290001407547,false,בארכה טחינה שומשום מ,,,בארכה טחינה שומשום מ,גרמים,500.00,100 גרם,false,,18.90,3.7800,true,1,18678
7290001407813,false,חלבה שאמית וניל עם פ,,,חלבה שאמית וניל עם פ,גרמים,350.00,100 גרם,false,,17.90,5.1143,true,1,18682
7290001407820,false,חלבה שאמית וניל בארכ,,,חלבה שאמית וניל בארכ,גרמים,350.00,100 גרם,false,,17.90,5.1143,true,1,18683
7290001407936,false,בארכה טחינה מעודנת 3,,,בארכה טחינה מעודנת 3,גרמים,310.00,100 גרם,false,,13.90,4.4839,true,1,18686
7290001419618,false,וופל עלמה בלגי שוקו,,,וופל עלמה בלגי שוקו,גרמים,200.00,100 גרם,false,,3.90,1.9500,true,1,41174
7290001485019,false,טרה גבינת שמנת טבעי,,,טרה גבינת שמנת טבעי,גרמים,200.00,100 גרם,false,,11.90,5.9500,true,1,6368
7290001491096,false,תה ירוק בתוספת לימונ,,,תה ירוק בתוספת לימונ,גרמים,75.00,100 גרם,false,,47.90,63.8667,true,1,24590
7290001552025,false,קוסקוס 800גר,,,קוסקוס 800גר,גרמים,800.00,100 גרם,false,,17.90,2.2375,true,1,51418
7290001594155,false,קוקה קולה 500מל,,,קוקה קולה 500מל,מיליליטרים,500.00,"100 מ""ל",false,,7.90,1.5800,true,1,6837
7290001594230,false,סודה קינלי 250 מ'ל,,,סודה קינלי 250 מ'ל,מיליליטרים,250.00,"100 מ""ל",false,,3.90,1.5600,true,1,6842
7290001594865,false,קרלסברג בירה בקבוק 6,,,קרלסברג בירה בקבוק 6,ליטרים,1.98,ליטר,false,,45.90,23.1818,true,1,6861
7290001696729,false,פקאן טבעי 100 גרם,,,פקאן טבעי 100 גרם,גרמים,100.00,100 גרם,false,,16.90,16.9000,true,1,1466
7290001696736,false,פקאן סיני 100 גרם,,,פקאן סיני 100 גרם,גרמים,100.00,100 גרם,false,,17.90,17.9000,true,1,1467
7290001780428,false,נסטלה לייט 6 שלגוני,,,נסטלה לייט 6 שלגוני,גרמים,312.00,100 גרם,false,,30.90,9.9038,true,1,16075
7290001780800,false,קראנץ' ליבת נוגט,,,קראנץ' ליבת נוגט,יחידה,0.00,יחידה,false,,10.50,0.0000,true,1,16076
7290001791349,false,אקונומיקה ריחנית פסג,,,אקונומיקה ריחנית פסג,ליטרים,4.00,ליטר,false,,11.90,2.9750,true,1,29785
7290001813478,false,חיוכים חגיגה וניל 90,,,חיוכים חגיגה וניל 90,גרמים,900.00,100 גרם,false,,20.90,2.3222,true,1,22190
7290001817728,false,ציטוס כאפה 55 גרם,,,ציטוס כאפה 55 גרם,גרמים,55.00,100 גרם,false,,3.50,6.3636,true,1,24123
7290001867600,false,"תפו""א בייבי  פרימיום",,,"תפו""א בייבי  פרימיום",קילוגרמים,1.00,"ק""ג",true,,7.90,7.9000,true,1,128591
7290001990094,false,סוכר חום בצנצנת קלאס,,,סוכר חום בצנצנת קלאס,קילוגרמים,1.00,"ק""ג",false,,16.90,16.9000,true,1,17298
7290001990117,false,שומשום 100 גרם,,,שומשום 100 גרם,גרמים,100.00,100 גרם,false,,3.90,3.9000,true,1,17299
7290001990148,false,סוכר גולדן קלאסי בצנ,,,סוכר גולדן קלאסי בצנ,קילוגרמים,1.00,"ק""ג",false,,13.90,13.9000,true,1,17300
7290001990261,false,"סוגת חומוס 1 ק""ג",,,"סוגת חומוס 1 ק""ג",קילוגרמים,1.00,"ק""ג",false,,16.90,16.9000,true,1,17301
7290001990278,false,סוגת שעועית לבנה 1 ק,,,סוגת שעועית לבנה 1 ק,קילוגרמים,1.00,"ק""ג",false,,20.90,20.9000,true,1,17302
7290001990407,false,עדשים ירוקים 1 קג,,,עדשים ירוקים 1 קג,קילוגרמים,1.00,"ק""ג",false,,15.90,15.9000,true,1,17305
7290001990414,false,סוגת עדשים אדומים 1,,,סוגת עדשים אדומים 1,קילוגרמים,1.00,"ק""ג",false,,15.90,15.9000,true,1,17306
7290001990421,false,"סוגת פופקורן 1 ק""ג",,,"סוגת פופקורן 1 ק""ג",קילוגרמים,1.00,"ק""ג",false,,11.90,11.9000,true,1,17307
7290002007234,false,אבקת סוכר 100ג,,,אבקת סוכר 100ג,גרמים,100.00,100 גרם,false,,2.50,2.5000,true,1,7750
7290002007357,false,שקיות לצליה דליקטס מ,,,שקיות לצליה דליקטס מ,יחידה,0.00,יחידה,false,,5.90,0.0000,true,1,7754
7290002007890,false,כוס שתיה קרה 100 יח,,,כוס שתיה קרה 100 יח,יחידה,0.00,יחידה,false,,12.90,0.0000,true,1,7770
7290002008187,false,קש לשתיה מתקפל 40יח,,,קש לשתיה מתקפל 40יח,יחידה,0.00,יחידה,false,,2.50,0.0000,true,1,7786
7290002008651,false,קמח תפוח אדמה הנמל 5,,,קמח תפוח אדמה הנמל 5,גרמים,500.00,100 גרם,false,,6.90,1.3800,true,1,7801
7290002008989,false,קישקשים 225 יח,,,קישקשים 225 יח,יחידה,0.00,יחידה,false,,10.90,0.0000,true,1,7812
7290002026778,false,גלידת שמנת משובחת עם,,,גלידת שמנת משובחת עם,מיליליטרים,500.00,"100 מ""ל",false,,24.90,4.9800,true,1,14374
7290002043218,false,אקסטרא צ'יפס מלח ואו,,,אקסטרא צ'יפס מלח ואו,גרמים,60.00,100 גרם,false,,8.90,14.8333,true,1,125856
7290002043225,false,צ'יפס פפריקה אקסטרה,,,צ'יפס פפריקה אקסטרה,גרמים,60.00,100 גרם,false,,8.90,14.8333,true,1,90214
7290002043782,false,צ'יפס טקסס ברבקיו אק,,,צ'יפס טקסס ברבקיו אק,גרמים,60.00,100 גרם,false,,8.90,14.8333,true,1,90215
7290002043850,false,אקסטרה חטיף אורז חום,,,אקסטרה חטיף אורז חום,גרמים,90.00,100 גרם,false,,13.90,15.4444,true,1,400823
7290002043874,false,אקסטרה חטיף אורז חום,,,אקסטרה חטיף אורז חום,גרמים,90.00,100 גרם,false,,13.90,15.4444,true,1,400825
7290002053088,false,אטריות ביצים מס' 8 א,,,אטריות ביצים מס' 8 א,גרמים,210.00,100 גרם,false,,7.90,3.7619,true,1,3422
7290002053538,false,נודלס אוריינט 400 גר,,,נודלס אוריינט 400 גר,גרמים,500.00,100 גרם,false,,14.90,2.9800,true,1,3428
7290002057185,false,טבעות זיתים ירוקים ק,,,טבעות זיתים ירוקים ק,גרמים,540.00,100 גרם,false,,9.90,1.8333,true,1,44651
7290002057475,false,מלפפון בחומץ 13-17 ק,,,מלפפון בחומץ 13-17 ק,גרמים,560.00,100 גרם,false,,10.90,1.9464,true,1,28034
7290002057628,false,זיתים טבעות מושחר קב,,,זיתים טבעות מושחר קב,גרמים,275.00,100 גרם,false,,9.90,3.6000,true,1,44669
7290002065555,false,6 לחמניות רכות אנגל,,,6 לחמניות רכות אנגל,גרמים,450.00,100 גרם,false,,11.90,2.6444,true,1,35375
7290002065616,false,שיפון גרעינים אנגל 7,,,שיפון גרעינים אנגל 7,גרמים,750.00,100 גרם,false,,14.90,1.9867,true,1,35376
7290002065623,false,לחם שיפון כפרי אנגל,,,לחם שיפון כפרי אנגל,גרמים,750.00,100 גרם,false,,14.90,1.9867,true,1,35377
7290002105671,false,טחון עוף 500 גר מחפו,,,טחון עוף 500 גר מחפו,גרמים,500.00,100 גרם,false,,14.90,2.9800,true,1,46968
7290002105749,false,טחון בקר 100% בשר 1,,,טחון בקר 100% בשר 1,קילוגרמים,1.00,"ק""ג",false,,49.90,49.9000,true,1,46971
7290002107491,false,צוריאל גבינת עזים למ,,,צוריאל גבינת עזים למ,גרמים,250.00,100 גרם,false,,15.90,6.3600,true,1,6378
7290002107798,false,צוריאל בולגרית מעודנ,,,צוריאל בולגרית מעודנ,גרמים,250.00,100 גרם,false,,22.90,9.1600,true,1,6379
7290002111818,false,גרעיני תירס מתוק פרי,,,גרעיני תירס מתוק פרי,גרמים,246.00,100 גרם,false,,6.90,2.8049,true,1,8702
7290002111825,false,גרעיני תירס מתוק פרי,,,גרעיני תירס מתוק פרי,גרמים,335.00,100 גרם,false,,8.90,2.6567,true,1,8703
7290002128434,false,נרות שבת 10 יח' - או,,,נרות שבת 10 יח' - או,יחידה,0.00,יחידה,false,,3.90,0.0000,true,1,155385
7290002129455,false,פיצה איטלקית   450 ג,,,פיצה איטלקית   450 ג,גרמים,450.00,100 גרם,false,,22.90,5.0889,true,1,16816
7290002129479,false,פיצה איטלקית דקה שלש,,,פיצה איטלקית דקה שלש,גרמים,320.00,100 גרם,false,,18.90,5.9062,true,1,385178
7290002130567,false,דבש טהור מפרחי בר בצ,,,דבש טהור מפרחי בר בצ,גרמים,350.00,100 גרם,false,,20.90,5.9714,true,1,22200
7290002157953,false,טונה בשמן קנולה וילי,,,טונה בשמן קנולה וילי,גרמים,560.00,100 גרם,false,,21.90,3.9107,true,1,16820
7290002253006,false,דורות שום כתוש טרי 2,,,דורות שום כתוש טרי 2,גרמים,200.00,100 גרם,false,,18.90,9.4500,true,1,19713
7290002253105,false,דורות מגשית קוביות ש,,,דורות מגשית קוביות ש,גרמים,80.00,100 גרם,false,,15.90,19.8750,true,1,19716
7290002255031,false,סיגרים במילוי בשר חט,,,סיגרים במילוי בשר חט,גרמים,800.00,100 גרם,false,,22.90,2.8625,true,1,51421
7290002278528,false,כריות ניקוי כלים לשב,,,כריות ניקוי כלים לשב,יחידה,0.00,יחידה,false,,8.90,0.0000,true,1,13453
7290002317326,false,זיתים מנזלינו 20% 12,,,זיתים מנזלינו 20% 12,גרמים,670.00,100 גרם,false,,11.90,1.7761,true,1,24387
7290002317678,false,זיתים נטולי גלעין צנ,,,זיתים נטולי גלעין צנ,גרמים,560.00,100 גרם,false,,11.90,2.1250,true,1,24405
7290002319016,false,אבקת אפיה 10 יח' מיה,,,אבקת אפיה 10 יח' מיה,גרמים,100.00,100 גרם,false,,2.90,2.9000,true,1,14867
7290002319078,false,שומשום 100ג,,,שומשום 100ג,גרמים,100.00,100 גרם,false,,4.90,4.9000,true,1,14873
7290002319092,false,קמח תפוחי אדמה מיה 5,,,קמח תפוחי אדמה מיה 5,גרמים,500.00,100 גרם,false,,5.90,1.1800,true,1,14875
7290002319825,false,.אבקת סוכר 100 גר. ב,,,.אבקת סוכר 100 גר. ב,גרמים,100.00,100 גרם,false,,2.90,2.9000,true,1,14919
7290002327059,false,בצק עלים 1 ק`ג,,,בצק עלים 1 ק`ג,קילוגרמים,1.00,"ק""ג",false,,22.90,22.9000,true,1,16839
7290002327073,false,בורקס גבינה 800 גרם,,,בורקס גבינה 800 גרם,גרמים,800.00,100 גרם,false,,22.90,2.8625,true,1,16841
7290002331025,false,נביעות 1/2 ליטר ספור,,,נביעות 1/2 ליטר ספור,מיליליטרים,500.00,"100 מ""ל",false,,4.90,0.9800,true,1,6873
7290002331094,false,755מל מים מינרלים TO,,,755מל מים מינרלים TO,מיליליטרים,755.00,"100 מ""ל",false,,5.50,0.7285,true,1,6874
7290002331360,false,נביעות TO GO שישייה,,,נביעות TO GO שישייה,ליטרים,3.00,ליטר,false,,14.90,4.9667,true,1,6884
7290002344032,false,סחבות מיקרופייבר  מא,,,סחבות מיקרופייבר  מא,יחידה,0.00,יחידה,false,,14.90,0.0000,true,1,358439
7290002344056,false,מטליות מיקרופייבר  מ,,,מטליות מיקרופייבר  מ,יחידה,0.00,יחידה,false,,14.90,0.0000,true,1,358440
7290002345015,false,סינטה דקדק 250 גרם,,,סינטה דקדק 250 גרם,גרמים,250.00,100 גרם,false,,20.90,8.3600,true,1,16847
7290002345022,false,אנטריקוט  דקדק 250 ג,,,אנטריקוט  דקדק 250 ג,גרמים,250.00,100 גרם,false,,29.90,11.9600,true,1,16848
7290002348054,false,פטריות שלם ויליגר  4,,,פטריות שלם ויליגר  4,גרמים,400.00,100 גרם,false,,7.90,1.9750,true,1,16850
7290002353836,false,סרדינים רוברט בשמן ז,,,סרדינים רוברט בשמן ז,גרמים,120.00,100 גרם,false,,10.90,9.0833,true,1,16858
7290002360285,false,פומפדור חליטת קמומיל,,,פומפדור חליטת קמומיל,גרמים,30.00,100 גרם,false,,17.90,59.6667,true,1,21408
7290002371533,false,טירת צבי סלסולי פסטר,,,טירת צבי סלסולי פסטר,גרמים,120.00,100 גרם,false,,17.90,14.9167,true,1,25307
7290002371540,false,טירת צבי קורנדביף דק,,,טירת צבי קורנדביף דק,גרמים,120.00,100 גרם,false,,17.90,14.9167,true,1,25308
7290002371939,false,טירת צבי סרוולד צרפת,,,טירת צבי סרוולד צרפת,גרמים,120.00,100 גרם,false,,32.40,27.0000,true,1,25311
7290002374268,false,שמן חמניות מילומור 1,,,שמן חמניות מילומור 1,ליטרים,1.00,ליטר,false,,11.90,11.9000,true,1,29305
7290002517580,false,תערובת תיבול לעוף טע,,,תערובת תיבול לעוף טע,גרמים,80.00,100 גרם,false,,11.70,14.6250,true,1,42338
7290002542865,false,בירה הוגרדן -שישיה *,,,בירה הוגרדן -שישיה *,ליטרים,1.98,ליטר,false,,49.90,25.2020,true,1,164515
7290002543046,false,פרוסטיס דגני קלוגס 7,,,פרוסטיס דגני קלוגס 7,גרמים,750.00,100 גרם,false,,18.90,2.5200,true,1,5292
7290002603481,false,פיצת השף מאיטליה CHE,,,פיצת השף מאיטליה CHE,גרמים,200.00,100 גרם,false,,18.90,9.4500,true,1,16889
7290002627210,false,גפילטע פיש בצנצנת דל,,,גפילטע פיש בצנצנת דל,גרמים,560.00,100 גרם,false,,14.90,2.6607,true,1,16893
7290002674221,false,מש.שיניים משאבה מנטה,,,מש.שיניים משאבה מנטה,מיליליטרים,100.00,"100 מ""ל",false,,14.80,14.8000,true,1,3817
7290002692393,false,שמן קנולה מועשר עץ ה,,,שמן קנולה מועשר עץ ה,ליטרים,1.00,ליטר,false,,16.90,16.9000,true,1,29310
7290002692478,false,שמן זית כתית מעולה מ,,,שמן זית כתית מעולה מ,מיליליטרים,750.00,"100 מ""ל",false,,35.90,4.7867,true,1,29312
7290002692768,false,תרסיס שמן קנולה עץ ה,,,תרסיס שמן קנולה עץ ה,מיליליטרים,200.00,"100 מ""ל",false,,20.90,10.4500,true,1,29315
7290002692775,false,תרסיס שמן קנולה בטעם,,,תרסיס שמן קנולה בטעם,מיליליטרים,200.00,"100 מ""ל",false,,20.90,10.4500,true,1,29316
7290002703068,false,צנצנת דבש עין חרוד 1,,,צנצנת דבש עין חרוד 1,קילוגרמים,1.00,"ק""ג",false,,45.90,45.9000,true,1,47316
7290002703310,false,צנצנת דבש עין חרוד 5,,,צנצנת דבש עין חרוד 5,גרמים,500.00,100 גרם,false,,24.90,4.9800,true,1,47321
7290002703426,false,דבש לחיץ מכוורת 250,,,דבש לחיץ מכוורת 250,גרמים,250.00,100 גרם,false,,14.90,5.9600,true,1,47324
7290002703655,false,סילאן 100% טבעי עין,,,סילאן 100% טבעי עין,גרמים,385.00,100 גרם,false,,14.90,3.8701,true,1,47326
7290002703662,false,סילאן 100% טבעי צנצנ,,,סילאן 100% טבעי צנצנ,גרמים,900.00,100 גרם,false,,21.90,2.4333,true,1,47327
7290002730262,false,פלמוליב לכלים קלאסי,,,פלמוליב לכלים קלאסי,מיליליטרים,750.00,"100 מ""ל",false,,13.90,1.8533,true,1,21412
7290002735007,false,"בצק עלים 1 ק""ג",,,"בצק עלים 1 ק""ג",קילוגרמים,1.00,"ק""ג",false,,14.90,14.9000,true,1,20396
7290002735021,false,ינון גחנון ארוז 750,,,ינון גחנון ארוז 750,גרמים,750.00,100 גרם,false,,14.90,1.9867,true,1,20398
7290002752332,false,מנטוס .סוכריות פירות,,,מנטוס .סוכריות פירות,גרמים,37.50,100 גרם,false,,3.90,10.4000,true,1,12730
7290002752493,false,טיק טק 1/4,,,טיק טק 1/4,גרמים,64.00,100 גרם,false,,10.90,17.0313,true,1,41401
7290002753223,false,טיק טק תפוז 4/1,,,טיק טק תפוז 4/1,גרמים,64.00,100 גרם,false,,10.90,17.0313,true,1,41402
7290002757139,false,שלושת האופים מלוואח,,,שלושת האופים מלוואח,גרמים,700.00,100 גרם,false,,14.90,2.1286,true,1,16914
7290002757511,false,דלידג קציצות דג לביש,,,דלידג קציצות דג לביש,גרמים,750.00,100 גרם,false,,35.90,4.7867,true,1,16917
7290002768074,false,סבון נוזלי דרמופון 1,,,סבון נוזלי דרמופון 1,יחידה,0.00,יחידה,false,,18.90,0.0000,true,1,29800
7290002793311,false,מילוי למכשיר 50,,,מילוי למכשיר 50,יחידה,0.00,יחידה,false,,60.00,0.0000,true,1,17513
7290002824183,false,גבינה לבנה 5% סקי 50,,,גבינה לבנה 5% סקי 50,גרמים,500.00,100 גרם,false,,9.50,1.9000,true,1,23240
7290002824640,false,גבינה 5% סקי 250 גרם,,,גבינה 5% סקי 250 גרם,גרמים,250.00,100 גרם,false,,4.98,1.9920,true,1,23242
7290002868996,false,טרה קוטג מועשר 5% 25,,,טרה קוטג מועשר 5% 25,גרמים,250.00,100 גרם,false,,5.90,2.3600,true,1,6384
7290002871248,false,בירה טובורג רד בקבוק,,,בירה טובורג רד בקבוק,מיליליטרים,500.00,"100 מ""ל",false,,8.90,1.7800,true,1,6907
7290002871361,false,קרלסברג בירה בק.חוזר,,,קרלסברג בירה בק.חוזר,מיליליטרים,500.00,"100 מ""ל",false,,8.90,1.7800,true,1,6908
7290002881018,false,סן מורנו מעדן תות שד,,,סן מורנו מעדן תות שד,גרמים,284.00,100 גרם,false,,12.90,4.5423,true,1,24898
7290002881254,false,קוקטייל טרופי תומר 8,,,קוקטייל טרופי תומר 8,גרמים,850.00,100 גרם,false,,10.90,1.2824,true,1,24915
7290002881261,false,ליצי שלם תומר 565 גר,,,ליצי שלם תומר 565 גר,גרמים,565.00,100 גרם,false,,9.90,1.7522,true,1,24916
7290002881278,false,אפרסק חצאים תומר 820,,,אפרסק חצאים תומר 820,גרמים,820.00,100 גרם,false,,10.90,1.3293,true,1,24917
7290002881513,false,חמאת בוטנים עם שברי,,,חמאת בוטנים עם שברי,גרמים,510.00,100 גרם,false,,10.90,2.1373,true,1,24928
7290002881742,false,לבבות דקל פרוסות תומ,,,לבבות דקל פרוסות תומ,גרמים,400.00,100 גרם,false,,8.90,2.2250,true,1,24937
7290002881940,false,סרדין מרוקאי בשמן תו,,,סרדין מרוקאי בשמן תו,גרמים,125.00,100 גרם,false,,6.90,5.5200,true,1,24945
7290002881957,false,סרדין מרוקאי חריף תו,,,סרדין מרוקאי חריף תו,גרמים,125.00,100 גרם,false,,6.90,5.5200,true,1,24946
7290002922117,false,מארז עוגיות אקלר 250,,,מארז עוגיות אקלר 250,100 יח',250.00,100 יח',false,,24.90,9.9600,true,1,247812
7290002929642,false,טונה בשמן ויליגר רבי,,,טונה בשמן ויליגר רבי,גרמים,560.00,100 גרם,false,,21.90,3.9107,true,1,16966
7290002971962,false,קמח מלא 100% ללא צור,,,קמח מלא 100% ללא צור,קילוגרמים,1.00,"ק""ג",false,,9.90,9.9000,true,1,212804
7290002971986,false,קמח שיפון ללא צורך ב,,,קמח שיפון ללא צורך ב,קילוגרמים,1.00,"ק""ג",false,,9.90,9.9000,true,1,9220
7290002971993,false,קמח כוסמין מלא ללא צ,,,קמח כוסמין מלא ללא צ,קילוגרמים,1.00,"ק""ג",false,,15.90,15.9000,true,1,9221
7290002973829,false,קמח כוסמין לבן ללא צ,,,קמח כוסמין לבן ללא צ,קילוגרמים,1.00,"ק""ג",false,,16.90,16.9000,true,1,96090
7290002974338,false,"קמח מניטובה מנופה ""0",,,"קמח מניטובה מנופה ""0",קילוגרמים,1.00,"ק""ג",false,,13.90,13.9000,true,1,171825
7290002987963,false,אחלה חומוס 1קג,,,אחלה חומוס 1קג,קילוגרמים,1.00,"ק""ג",false,,14.90,14.9000,true,1,23245
7290003009640,false,פריגת סחוט מיץ תפוזי,,,פריגת סחוט מיץ תפוזי,ליטרים,1.00,ליטר,false,,15.90,15.9000,true,1,6386
7290003011087,false,אלסקה אורז בסמטי אלפ,,,אלסקה אורז בסמטי אלפ,קילוגרמים,1.00,"ק""ג",false,,10.90,10.9000,true,1,4625
7290003029181,false,יטבתה שוקו בקבוק 1ל,,,יטבתה שוקו בקבוק 1ל,ליטרים,1.00,ליטר,false,,12.90,12.9000,true,1,23249
7290003029372,false,יטבתה משקה חלב בננה,,,יטבתה משקה חלב בננה,ליטרים,1.00,ליטר,false,,12.90,12.9000,true,1,23252
7290003029389,false,יטבתה משקה חלב בננה+,,,יטבתה משקה חלב בננה+,מיליליטרים,250.00,"100 מ""ל",false,,5.90,2.3600,true,1,23253
7290003029433,false,יטבתה שוקו +פקק 250,,,יטבתה שוקו +פקק 250,מיליליטרים,250.00,"100 מ""ל",false,,5.90,2.3600,true,1,23254
7290003029532,false,יטבתה מוקה 1ל,,,יטבתה מוקה 1ל,ליטרים,1.00,ליטר,false,,12.90,12.9000,true,1,23256
7290003029792,false,יטבתה מהדרין שוקו שק,,,יטבתה מהדרין שוקו שק,ליטרים,1.80,ליטר,false,,21.90,12.1667,true,1,23258
7290003029907,false,יטבתה אייס קפה 1ל,,,יטבתה אייס קפה 1ל,ליטרים,1.00,ליטר,false,,12.90,12.9000,true,1,23261
7290003047642,false,תה ליפטון יילו לייבל,,,תה ליפטון יילו לייבל,גרמים,150.00,100 גרם,false,,14.90,9.9333,true,1,10317
7290003054183,false,לחם שיפון מלא מסטמכר,,,לחם שיפון מלא מסטמכר,גרמים,500.00,100 גרם,false,,15.90,3.1800,true,1,5300
7290003054190,false,לחם שיפון 3 דגנים מס,,,לחם שיפון 3 דגנים מס,גרמים,500.00,100 גרם,false,,15.90,3.1800,true,1,5301
7290003107216,false,"קמח לבן דגן 1 ק""ג",,,"קמח לבן דגן 1 ק""ג",קילוגרמים,1.00,"ק""ג",false,,6.90,6.9000,true,1,9229
7290003107315,false,"סולת  דגן 1 ק""ג",,,"סולת  דגן 1 ק""ג",קילוגרמים,1.00,"ק""ג",false,,4.50,4.5000,true,1,9233
7290003107346,false,קמח חיטה לבן דגן 1 ק,,,קמח חיטה לבן דגן 1 ק,קילוגרמים,1.00,"ק""ג",false,,4.50,4.5000,true,1,9235
7290003126958,false,צוריאל גבינה גוש טופ,,,צוריאל גבינה גוש טופ,גרמים,300.00,100 גרם,false,,12.90,4.3000,true,1,6391
7290003143146,false,ממרח תמרים 450 גרם,,,ממרח תמרים 450 גרם,גרמים,450.00,100 גרם,false,,6.90,1.5333,true,1,12752
7290003217014,false,5 פיתות מזרחיות תנעמ,,,5 פיתות מזרחיות תנעמ,גרמים,500.00,100 גרם,false,,7.90,1.5800,true,1,4510
7290003217052,false,5 פיתות כפריות קלות,,,5 פיתות כפריות קלות,גרמים,500.00,100 גרם,false,,10.90,2.1800,true,1,4512
7290003220595,false,אורז לסושי 1 ק'ג WOK,,,אורז לסושי 1 ק'ג WOK,קילוגרמים,1.00,"ק""ג",false,,14.90,14.9000,true,1,212510
7290003220717,false,אצות נורי סילוור 10,,,אצות נורי סילוור 10,גרמים,25.00,100 גרם,false,,13.90,55.6000,true,1,212539
7290003229109,false,א.מ .פסטרמה בפפריקה,,,א.מ .פסטרמה בפפריקה,גרמים,400.00,100 גרם,false,,29.90,7.4750,true,1,25340
7290003229116,false,א.מ פסטרמה בדבש 400,,,א.מ פסטרמה בדבש 400,גרמים,400.00,100 גרם,false,,29.90,7.4750,true,1,25341
7290003229123,false,א.מ. פסטרמה על גחלים,,,א.מ. פסטרמה על גחלים,גרמים,400.00,100 גרם,false,,29.90,7.4750,true,1,25342
7290003229147,false,סלמי בסגנון איטלקי 3,,,סלמי בסגנון איטלקי 3,גרמים,300.00,100 גרם,false,,29.90,9.9667,true,1,25343
7290003229154,false,א.מ. סלמי קוניאק מוב,,,א.מ. סלמי קוניאק מוב,גרמים,300.00,100 גרם,false,,29.90,9.9667,true,1,25344
7290003229192,false,א.מ. כתף בקר מעושן 4,,,א.מ. כתף בקר מעושן 4,גרמים,400.00,100 גרם,false,,35.90,8.9750,true,1,25346
7290003251308,false,"אציטון משובח  100 מ""",,,"אציטון משובח  100 מ""",מיליליטרים,100.00,"100 מ""ל",false,,4.90,4.9000,true,1,21152
7290003268252,false,לחם חיטה מלא ללא גרע,,,לחם חיטה מלא ללא גרע,גרמים,750.00,100 גרם,false,,14.90,1.9867,true,1,4514
7290003268429,false,לחם מקמח מלא דגנית 7,,,לחם מקמח מלא דגנית 7,גרמים,750.00,100 גרם,false,,15.90,2.1200,true,1,4515
7290003321292,false,גבינה 9% סקי 250 גרם,,,גבינה 9% סקי 250 גרם,גרמים,250.00,100 גרם,false,,4.90,1.9600,true,1,23263
7290003332007,false,קפה נחלה סובחי 250ג,,,קפה נחלה סובחי 250ג,גרמים,250.00,100 גרם,false,,15.90,6.3600,true,1,33716
7290003332014,false,קפה נחלה סובחי 500 ג,,,קפה נחלה סובחי 500 ג,גרמים,500.00,100 גרם,false,,28.90,5.7800,true,1,33717
7290003332045,false,קפה נחלה סובחי 250 ג,,,קפה נחלה סובחי 250 ג,גרמים,250.00,100 גרם,false,,15.90,6.3600,true,1,33719
7290003387410,false,מגבונים להסרת איפור,,,מגבונים להסרת איפור,יחידה,0.00,יחידה,false,,25.90,0.0000,true,1,21427
7290003411993,false,גפרורים 10 יחידות,,,גפרורים 10 יחידות,יחידה,0.00,יחידה,false,,2.90,0.0000,true,1,7861
7290003427154,false,שמן זית כתית מעולה ז,,,שמן זית כתית מעולה ז,מיליליטרים,750.00,"100 מ""ל",false,,40.90,5.4533,true,1,24594
7290003438006,false,אוליביה ממרח פסטו אי,,,אוליביה ממרח פסטו אי,גרמים,180.00,100 גרם,false,,15.90,8.8333,true,1,3449
7290003438020,false,אוליביה ממרח עגבניות,,,אוליביה ממרח עגבניות,גרמים,190.00,100 גרם,false,,15.90,8.3684,true,1,3451
7290003450602,false,חרדל אמיתי צהוב בקבו,,,חרדל אמיתי צהוב בקבו,גרמים,255.00,100 גרם,false,,12.90,5.0588,true,1,5311
7290003457991,false,מאגדת קורנטו  קלאסיק,,,מאגדת קורנטו  קלאסיק,גרמים,300.00,100 גרם,false,,35.90,11.9667,true,1,4253
7290003514007,false,שקדי מרק מנה 400 גרם,,,שקדי מרק מנה 400 גרם,גרמים,400.00,100 גרם,false,,8.90,2.2250,true,1,21429
7290003550753,false,טונה בהירה בשמן פוסי,,,טונה בהירה בשמן פוסי,גרמים,308.00,100 גרם,false,,22.90,7.4351,true,1,17009
7290003578078,false,לפתן קוקטיל טרופי פי,,,לפתן קוקטיל טרופי פי,גרמים,850.00,100 גרם,false,,10.90,1.2824,true,1,2862
7290003578108,false,אננס חתוך ויליפוד 85,,,אננס חתוך ויליפוד 85,גרמים,490.00,100 גרם,false,,9.90,2.0204,true,1,2864
7290003643004,false,"סוגת אורז בסמטי 1 ק""",,,"סוגת אורז בסמטי 1 ק""",קילוגרמים,1.00,"ק""ג",false,,14.90,14.9000,true,1,17308
7290003643172,false,סוגת אבקת סוכר 100 ג,,,סוגת אבקת סוכר 100 ג,גרמים,100.00,100 גרם,false,,2.90,2.9000,true,1,17314
7290003643387,false,סוכר לבן בצנצנת סוגת,,,סוכר לבן בצנצנת סוגת,קילוגרמים,1.00,"ק""ג",false,,8.90,8.9000,true,1,17319
7290003643646,false,סוכר דמררה בצנצנת חו,,,סוכר דמררה בצנצנת חו,קילוגרמים,1.00,"ק""ג",false,,13.90,13.9000,true,1,17320
7290003643684,false,אפונה יבשה 500 גרם,,,אפונה יבשה 500 גרם,גרמים,500.00,100 גרם,false,,6.90,1.3800,true,1,17321
7290003643707,false,סוגת גריסים 500גר,,,סוגת גריסים 500גר,גרמים,500.00,100 גרם,false,,5.90,1.1800,true,1,17322
7290003643714,false,חומוס 500 גרם,,,חומוס 500 גרם,גרמים,500.00,100 גרם,false,,8.90,1.7800,true,1,17323
7290003643738,false,סוגת חיטה 500 גר,,,סוגת חיטה 500 גר,גרמים,500.00,100 גרם,false,,5.90,1.1800,true,1,17324
7290003643745,false,כוסמת 500 גרם,,,כוסמת 500 גרם,גרמים,500.00,100 גרם,false,,7.90,1.5800,true,1,17325
7290003643752,false,עדשים ירוקות 500 גרם,,,עדשים ירוקות 500 גרם,גרמים,500.00,100 גרם,false,,8.90,1.7800,true,1,17326
7290003643769,false,עדשים אדומות 500 גרם,,,עדשים אדומות 500 גרם,גרמים,500.00,100 גרם,false,,8.90,1.7800,true,1,17327
7290003643776,false,סוגת פופקורן 500 גרם,,,סוגת פופקורן 500 גרם,גרמים,500.00,100 גרם,false,,5.90,1.1800,true,1,17328
7290003643783,false,קוקוס 100 גר,,,קוקוס 100 גר,גרמים,100.00,100 גרם,false,,3.90,3.9000,true,1,17329
7290003643806,false,שעועית לבנה 500 גרם,,,שעועית לבנה 500 גרם,גרמים,500.00,100 גרם,false,,12.90,2.5800,true,1,17330
7290003643813,false,שעועית אדומה 500 גרם,,,שעועית אדומה 500 גרם,גרמים,500.00,100 גרם,false,,12.90,2.5800,true,1,17331
7290003706167,false,בצל ירוק ארוז,,,בצל ירוק ארוז,יח',1.00,יח',false,,5.90,5.9000,true,1,35501
7290003726141,false,טופו משק גאיה  300ג,,,טופו משק גאיה  300ג,גרמים,300.00,100 גרם,false,,12.50,4.1667,true,1,14614
7290003726615,false,טופו ויילר 300 גרם.,,,טופו ויילר 300 גרם.,גרמים,300.00,100 גרם,false,,12.50,4.1667,true,1,23265
7290003781652,false,צלפים במלח ויליפוד 3,,,צלפים במלח ויליפוד 3,גרמים,350.00,100 גרם,false,,10.90,3.1143,true,1,2877
7290003804320,false,תיבוליות שום ופטרוזי,,,תיבוליות שום ופטרוזי,גרמים,72.00,100 גרם,false,,10.90,15.1389,true,1,10332
7290003804382,false,תיבולית פטריות קנור,,,תיבולית פטריות קנור,גרמים,72.00,100 גרם,false,,10.90,15.1389,true,1,10337
7290003805501,false,פתית שוודי חסכוני בד,,,פתית שוודי חסכוני בד,גרמים,300.00,100 גרם,false,,17.90,5.9667,true,1,10349
7290003805587,false,פתית חיטה מלאה בד'ץ,,,פתית חיטה מלאה בד'ץ,גרמים,250.00,100 גרם,false,,17.90,7.1600,true,1,10355
7290003807482,false,"רוטב טריאקי 300 מ""ל",,,"רוטב טריאקי 300 מ""ל",מיליליטרים,300.00,"100 מ""ל",false,,13.90,4.6333,true,1,10375
7290003882922,false,עלי גפן ממולאים באור,,,עלי גפן ממולאים באור,גרמים,360.00,100 גרם,false,,9.90,2.7500,true,1,2884
7290003938049,false,הפי נוזל הברקה שויצר,,,הפי נוזל הברקה שויצר,מיליליטרים,948.00,"100 מ""ל",false,,23.90,2.5211,true,1,11286
7290003976607,false,ג'ל אקונומיקה סמיכה,,,ג'ל אקונומיקה סמיכה,ליטרים,4.00,ליטר,false,,14.90,3.7250,true,1,85135
7290003989096,false,אחלה חציל פיקנטי 500,,,אחלה חציל פיקנטי 500,גרמים,500.00,100 גרם,false,,16.90,3.3800,true,1,23266
7290003989539,false,EAT GOOD רביולי גבינ,,,EAT GOOD רביולי גבינ,גרמים,400.00,100 גרם,false,,22.90,5.7250,true,1,23267
7290003989553,false,שטראוס טורטליני פטרי,,,שטראוס טורטליני פטרי,גרמים,400.00,100 גרם,false,,22.90,5.7250,true,1,23268
7290004011338,false,ריצ קצפת במיכל 250מל,,,ריצ קצפת במיכל 250מל,מיליליטרים,250.00,"100 מ""ל",false,,9.90,3.9600,true,1,17015
7290004014407,false,פינאטבאטר M&M עדשי ש,,,פינאטבאטר M&M עדשי ש,גרמים,46.00,100 גרם,false,,5.90,12.8261,true,1,20739
7290004023041,false,לחם שיפון מחמצת 750,,,לחם שיפון מחמצת 750,גרמים,750.00,100 גרם,false,,13.90,1.8533,true,1,176632
7290004063016,false,"מלח שולחן סלית 1 ק""ג",,,"מלח שולחן סלית 1 ק""ג",קילוגרמים,1.00,"ק""ג",false,,2.07,2.0700,true,1,15441
7290004063115,false,מלח מטבח גס לבישול כ,,,מלח מטבח גס לבישול כ,קילוגרמים,1.00,"ק""ג",false,,2.07,2.0700,true,1,15442
7290004064174,false,מלח ההימלאיה דק בצנצ,,,מלח ההימלאיה דק בצנצ,קילוגרמים,1.00,"ק""ג",false,,20.90,20.9000,true,1,15444
7290004064303,false,מלח אטלנטי בצנצנת הא,,,מלח אטלנטי בצנצנת הא,גרמים,800.00,100 גרם,false,,20.90,2.6125,true,1,15447
7290004064358,false,מלח דק זורם בקלות בק,,,מלח דק זורם בקלות בק,קילוגרמים,1.00,"ק""ג",false,,5.20,5.2000,true,1,15448
7290004064389,false,מלח הימלאיה דק מלחיי,,,מלח הימלאיה דק מלחיי,גרמים,250.00,100 גרם,false,,11.90,4.7600,true,1,116054
7290004068028,false,גד משקה צזיקי 2% 500,,,גד משקה צזיקי 2% 500,מיליליטרים,500.00,"100 מ""ל",false,,10.90,2.1800,true,1,14616
7290004068172,false,גד יוגורט עיזים 5% 6,,,גד יוגורט עיזים 5% 6,מיליליטרים,600.00,"100 מ""ל",false,,19.90,3.3167,true,1,14618
7290004078263,false,צמרונים בקופסא זוג ב,,,צמרונים בקופסא זוג ב,יחידה,0.00,יחידה,false,,13.90,0.0000,true,1,21449
7290004078270,false,פלמוליב לכלים לימון-,,,פלמוליב לכלים לימון-,יחידה,0.00,יחידה,false,,14.90,0.0000,true,1,21450
7290004091248,false,וזלין אינטנסיב קאר פ,,,וזלין אינטנסיב קאר פ,מיליליטרים,106.00,"100 מ""ל",false,,17.90,16.8868,true,1,10377
7290004102326,false,תרד לא שטוף,,,תרד לא שטוף,גרמים,180.00,100 גרם,false,,11.90,6.6111,true,1,35503
7290004119928,false,קרלו וניל 3% 125מל,,,קרלו וניל 3% 125מל,מיליליטרים,125.00,"100 מ""ל",false,,3.50,2.8000,true,1,25824
7290004120061,false,קרלו שוניל 3% 125מל,,,קרלו שוניל 3% 125מל,מיליליטרים,125.00,"100 מ""ל",false,,3.50,2.8000,true,1,25826
7290004120108,false,יופלה דיאט דובדבן 0%,,,יופלה דיאט דובדבן 0%,מיליליטרים,150.00,"100 מ""ל",false,,5.50,3.6667,true,1,25827
7290004120566,false,פיראוס בולגרית 24% 2,,,פיראוס בולגרית 24% 2,גרמים,250.00,100 גרם,false,,22.90,9.1600,true,1,25834
7290004120573,false,פיראוס בולגרית בקר 1,,,פיראוס בולגרית בקר 1,גרמים,250.00,100 גרם,false,,22.90,9.1600,true,1,25835
7290004120634,false,פיראוס בולגרית 5% 25,,,פיראוס בולגרית 5% 25,גרמים,250.00,100 גרם,false,,22.90,9.1600,true,1,25836
7290004121488,false,יופלה דיאט אפרסק 0%,,,יופלה דיאט אפרסק 0%,מיליליטרים,150.00,"100 מ""ל",false,,5.50,3.6667,true,1,25839
7290004121525,false,יופלה אפרסק תות 3% 8,,,יופלה אפרסק תות 3% 8,קילוגרמים,1.20,"ק""ג",false,,30.90,25.7500,true,1,25840
7290004121839,false,פיראוס פטה כבשים 20%,,,פיראוס פטה כבשים 20%,גרמים,250.00,100 גרם,false,,29.50,11.8000,true,1,25842
7290004121853,false,פיראוס בולגרית בקובי,,,פיראוס בולגרית בקובי,גרמים,200.00,100 גרם,false,,22.90,11.4500,true,1,25843
7290004122119,false,שף לבן פתיתי פרמזן ל,,,שף לבן פתיתי פרמזן ל,גרמים,100.00,100 גרם,false,,13.90,13.9000,true,1,25845
7290004122195,false,גוש חלב פרוס 28% 200,,,גוש חלב פרוס 28% 200,גרמים,200.00,100 גרם,false,,14.90,7.4500,true,1,25846
7290004122270,false,עמק פרוס סגירה חוזרת,,,עמק פרוס סגירה חוזרת,גרמים,200.00,100 גרם,false,,16.90,8.4500,true,1,25847
7290004122348,false,עמק לייט 9% 200ג,,,עמק לייט 9% 200ג,גרמים,200.00,100 גרם,false,,17.90,8.9500,true,1,25848
7290004122676,false,פיראוס חמד לייט 5% 2,,,פיראוס חמד לייט 5% 2,גרמים,250.00,100 גרם,false,,19.90,7.9600,true,1,25850
7290004124847,false,שף לבן קצפת צמחית 24,,,שף לבן קצפת צמחית 24,מיליליטרים,500.00,"100 מ""ל",false,,17.50,3.5000,true,1,25861
7290004125370,false,תנובה שמנת מופחתת 9%,,,תנובה שמנת מופחתת 9%,מיליליטרים,200.00,"100 מ""ל",false,,3.90,1.9500,true,1,25863
7290004125400,false,"אשל 4.5% בד""צ מהדרין",,,"אשל 4.5% בד""צ מהדרין",מיליליטרים,200.00,"100 מ""ל",false,,1.69,0.8450,true,1,25864
7290004125417,false,"גיל 3% בד""צ מהדרין",,,"גיל 3% בד""צ מהדרין",מיליליטרים,200.00,"100 מ""ל",false,,1.51,0.7550,true,1,25865
7290004125455,false,תנובה שמנת אורגינל מ,,,תנובה שמנת אורגינל מ,מיליליטרים,200.00,"100 מ""ל",false,,2.40,1.2000,true,1,25866
7290004125462,false,תנובה שמנת חמוצה 15%,,,תנובה שמנת חמוצה 15%,מיליליטרים,500.00,"100 מ""ל",false,,6.00,1.2000,true,1,25867
7290004125509,false,תנובה שמנת חצי מנה 1,,,תנובה שמנת חצי מנה 1,מיליליטרים,100.00,"100 מ""ל",false,,1.90,1.9000,true,1,25868
7290004125578,false,משקה סויה תנובה מועש,,,משקה סויה תנובה מועש,ליטרים,1.00,ליטר,false,,11.90,11.9000,true,1,25869
7290004125585,false,סויה תנובה משקה סויה,,,סויה תנובה משקה סויה,ליטרים,1.00,ליטר,false,,11.90,11.9000,true,1,25870
7290004125721,false,שף לבן שמנת לבישול 1,,,שף לבן שמנת לבישול 1,מיליליטרים,250.00,"100 מ""ל",false,,8.90,3.5600,true,1,25872
7290004125738,false,שף לבן שמנת להקצפה 3,,,שף לבן שמנת להקצפה 3,מיליליטרים,250.00,"100 מ""ל",false,,6.90,2.7600,true,1,25873
7290004125776,false,עמק גבינה קשה פרוסה,,,עמק גבינה קשה פרוסה,גרמים,400.00,100 גרם,false,,30.90,7.7250,true,1,25874
7290004126674,false,עמק טל לייט 9% 200ג,,,עמק טל לייט 9% 200ג,גרמים,200.00,100 גרם,false,,19.90,9.9500,true,1,25877
7290004126872,false,משקאות חלב תנובה שוק,,,משקאות חלב תנובה שוק,מיליליטרים,250.00,"100 מ""ל",false,,5.90,2.3600,true,1,25879
7290004127329,false,קוטג' 5% תנובה מהדרי,,,קוטג' 5% תנובה מהדרי,גרמים,250.00,100 גרם,false,,5.90,2.3600,true,1,25881
7290004127336,false,קוטג' תנובה מהדרין 9,,,קוטג' תנובה מהדרין 9,גרמים,250.00,100 גרם,false,,5.90,2.3600,true,1,25882
7290004127800,false,תנובה גבינה לבנה 5%,,,תנובה גבינה לבנה 5%,גרמים,500.00,100 גרם,false,,9.96,1.9920,true,1,25884
7290004127817,false,תנובה גבינה לבנה 9%,,,תנובה גבינה לבנה 9%,גרמים,500.00,100 גרם,false,,9.80,1.9600,true,1,25885
7290004127862,false,תנובה גבינה למריחה מ,,,תנובה גבינה למריחה מ,גרמים,750.00,100 גרם,false,,14.90,1.9867,true,1,25886
7290004128333,false,פיראוס לאבנה גביע %9,,,פיראוס לאבנה גביע %9,גרמים,500.00,100 גרם,false,,19.90,3.9800,true,1,25889
7290004128364,false,תנובה קרם גבינת שמנת,,,תנובה קרם גבינת שמנת,גרמים,200.00,100 גרם,false,,12.90,6.4500,true,1,25891
7290004128432,false,שף לבן פתיתי גבינה מ,,,שף לבן פתיתי גבינה מ,גרמים,500.00,100 גרם,false,,23.90,4.7800,true,1,25892
7290004129101,false,נפוליאון בטעם טבעי 2,,,נפוליאון בטעם טבעי 2,גרמים,225.00,100 גרם,false,,14.90,6.6222,true,1,25893
7290004129156,false,נפוליאון שום שמיר 25,,,נפוליאון שום שמיר 25,גרמים,225.00,100 גרם,false,,14.90,6.6222,true,1,25895
7290004129767,false,יופלה לבן מאגדת 3% 8,,,יופלה לבן מאגדת 3% 8,קילוגרמים,1.20,"ק""ג",false,,17.90,14.9167,true,1,25899
7290004130916,false,יופלה בטעם פירות יער,,,יופלה בטעם פירות יער,גרמים,150.00,100 גרם,false,,5.50,3.6667,true,1,25903
7290004131074,false,חלב תנובה הומוגני מה,,,חלב תנובה הומוגני מה,ליטרים,1.00,ליטר,false,,6.23,6.2300,true,1,25905
7290004131814,false,פיראוס צפתית מעודנת,,,פיראוס צפתית מעודנת,גרמים,200.00,100 גרם,false,,16.90,8.4500,true,1,25913
7290004132552,false,סויה תנובה לייט בטעם,,,סויה תנובה לייט בטעם,ליטרים,1.00,ליטר,false,,11.90,11.9000,true,1,25920
7290004132712,false,עמק אצבעות מוצרלה 20,,,עמק אצבעות מוצרלה 20,גרמים,174.00,100 גרם,false,,17.90,10.2874,true,1,25922
7290004133511,false,יופלה לבן מעודן 1.5%,,,יופלה לבן מעודן 1.5%,ליטרים,1.20,ליטר,false,,22.90,19.0833,true,1,25927
7290004135225,false,מעדן תנובה דיאט שוקו,,,מעדן תנובה דיאט שוקו,מיליליטרים,150.00,"100 מ""ל",false,,4.50,3.0000,true,1,25937
7290004135614,false,פיראוס בולגרית מעודנ,,,פיראוס בולגרית מעודנ,גרמים,250.00,100 גרם,false,,22.90,9.1600,true,1,25939
7290004136598,false,מארז הפסקת אוכל חלב,,,מארז הפסקת אוכל חלב,גרמים,150.00,100 גרם,false,,9.90,6.6000,true,1,25946
7290004136857,false,ג'לי תנובה פטל 125מל,,,ג'לי תנובה פטל 125מל,מיליליטרים,125.00,"100 מ""ל",false,,2.90,2.3200,true,1,25947
7290004136864,false,ג'לי תנובה אננס עם ח,,,ג'לי תנובה אננס עם ח,מיליליטרים,125.00,"100 מ""ל",false,,2.90,2.3200,true,1,25948
7290004137021,false,שף לבן שמנת לבישול 1,,,שף לבן שמנת לבישול 1,מיליליטרים,250.00,"100 מ""ל",false,,8.90,3.5600,true,1,25951
7290004137311,false,עמק לייט משפחתית 9%,,,עמק לייט משפחתית 9%,גרמים,400.00,100 גרם,false,,31.90,7.9750,true,1,25952
7290004150112,false,חומוס מזרחי 300 גרם,,,חומוס מזרחי 300 גרם,גרמים,300.00,100 גרם,false,,15.90,5.3000,true,1,381608
7290004150174,false,סלט קולסלאו 300 גרם,,,סלט קולסלאו 300 גרם,גרמים,300.00,100 גרם,false,,15.90,5.3000,true,1,381614
7290004150181,false,סלט חמוצים סיני 300,,,סלט חמוצים סיני 300,גרמים,300.00,100 גרם,false,,15.90,5.3000,true,1,381615
7290004150228,false,סלט כרוב אדום במיונז,,,סלט כרוב אדום במיונז,גרמים,300.00,100 גרם,false,,15.90,5.3000,true,1,381619
7290004199074,false,סאני פלסטר אינטרסן 5,,,סאני פלסטר אינטרסן 5,100 יח',50.00,100 יח',false,,7.90,15.8000,true,1,883
7290004199791,false,כפפות לאטקס סייף טאצ,,,כפפות לאטקס סייף טאצ,יחידה,0.00,יחידה,false,,41.90,0.0000,true,1,66903
7290004199807,false,כפפות לאטקס סייף טאצ,,,כפפות לאטקס סייף טאצ,יחידה,0.00,יחידה,false,,41.90,0.0000,true,1,66904
7290004200244,false,פרסים רמה 3,,,פרסים רמה 3,יחידה,0.00,יחידה,false,,9.50,0.0000,true,1,32179
7290004255558,false,נרות שבת 20 יח' - או,,,נרות שבת 20 יח' - או,יחידה,0.00,יחידה,false,,3.90,0.0000,true,1,155386
7290004324605,false,מון בלאן רוקפור 7% 1,,,מון בלאן רוקפור 7% 1,גרמים,120.00,100 גרם,false,,13.90,11.5833,true,1,17070
7290004492274,false,טבעות מלוחות 400 גר,,,טבעות מלוחות 400 גר,גרמים,400.00,100 גרם,false,,12.90,3.2250,true,1,10379
7290004537241,false,אפונת גינה קפואה 800,,,אפונת גינה קפואה 800,גרמים,800.00,100 גרם,false,,12.90,1.6125,true,1,51448
7290004537258,false,אפונה וגזר 800 גר שד,,,אפונה וגזר 800 גר שד,גרמים,800.00,100 גרם,false,,12.90,1.6125,true,1,51449
7290004537272,false,פול קפוא 800גר שדה ב,,,פול קפוא 800גר שדה ב,גרמים,800.00,100 גרם,false,,18.90,2.3625,true,1,51451
7290004584306,false,גמדים תות בננה 4*100,,,גמדים תות בננה 4*100,מיליליטרים,400.00,"100 מ""ל",false,,12.90,3.2250,true,1,23269
7290004584351,false,סימפוניה חמישית 200ג,,,סימפוניה חמישית 200ג,גרמים,200.00,100 גרם,false,,12.50,6.2500,true,1,23270
7290004584528,false,דנונה יוגורט טבעי 1.,,,דנונה יוגורט טבעי 1.,מיליליטרים,200.00,"100 מ""ל",false,,3.70,1.8500,true,1,23271
7290004731083,false,אלסבון ג'נסנג כיף 1,,,אלסבון ג'נסנג כיף 1,ליטרים,1.00,ליטר,false,,14.90,14.9000,true,1,29828
7290004731519,false,סנו מקסימה למייבש סנ,,,סנו מקסימה למייבש סנ,מיליליטרים,750.00,"100 מ""ל",false,,18.90,2.5200,true,1,29836
7290004872250,false,אבטיח שרבט,,,אבטיח שרבט,גרמים,540.00,100 גרם,false,,6.90,1.2778,true,1,16083
7290005040993,false,ערמונים קלויים קלופי,,,ערמונים קלויים קלופי,יח',1.00,יח',false,,4.50,4.5000,true,1,50849
7290005084355,false,משחת שיניים דואל קר,,,משחת שיניים דואל קר,מיליליטרים,75.00,"100 מ""ל",false,,22.70,30.2667,true,1,3827
7290005174513,false,חציל במיונז אחלה 500,,,חציל במיונז אחלה 500,גרמים,500.00,100 גרם,false,,16.90,3.3800,true,1,23273
7290005197758,false,חיוכים של שוקו,,,חיוכים של שוקו,גרמים,150.00,100 גרם,false,,5.50,3.6667,true,1,22215
7290005200786,false,תפוציפס שמנת ובצל 50,,,תפוציפס שמנת ובצל 50,גרמים,50.00,100 גרם,false,,4.30,8.6000,true,1,24126
7290005201882,false,טורקי עלית 200 גר',,,טורקי עלית 200 גר',גרמים,200.00,100 גרם,false,,15.90,7.9500,true,1,22226
7290005287213,false,טונה בשמן סטארקיסט ב,,,טונה בשמן סטארקיסט ב,גרמים,640.00,100 גרם,false,,26.90,4.2031,true,1,26614
7290005287251,false,טונה במים סטארקיסט ר,,,טונה במים סטארקיסט ר,גרמים,640.00,100 גרם,false,,26.90,4.2031,true,1,26616
7290005326523,false,אוליביה ממרח פסטו פט,,,אוליביה ממרח פסטו פט,גרמים,180.00,100 גרם,false,,15.90,8.8333,true,1,3473
7290005326585,false,אוליביה פסטו בזיליקו,,,אוליביה פסטו בזיליקו,גרמים,180.00,100 גרם,false,,13.90,7.7222,true,1,25959
7290005384851,false,מיץ לימון משומר וילי,,,מיץ לימון משומר וילי,מיליליטרים,200.00,"100 מ""ל",false,,4.90,2.4500,true,1,2899
7290005403965,false,פולי סויה 800 גר' שד,,,פולי סויה 800 גר' שד,גרמים,800.00,100 גרם,false,,16.90,2.1125,true,1,51460
7290005403972,false,תחתיות ארטישוק 400 ג,,,תחתיות ארטישוק 400 ג,גרמים,400.00,100 גרם,false,,17.90,4.4750,true,1,51461
7290005403989,false,במיה קפואה 600 גרם ש,,,במיה קפואה 600 גרם ש,גרמים,600.00,100 גרם,false,,11.90,1.9833,true,1,51462
7290005423635,false,נוזל לניקוי רצפות דו,,,נוזל לניקוי רצפות דו,ליטרים,2.00,ליטר,false,,22.90,11.4500,true,1,29865
7290005423734,false,מרכך כביסה סנו מקסימ,,,מרכך כביסה סנו מקסימ,ליטרים,4.00,ליטר,false,,23.90,5.9750,true,1,29866
7290005424762,false,ריצפז פלוס ווקס דוחה,,,ריצפז פלוס ווקס דוחה,ליטרים,2.00,ליטר,false,,30.90,15.4500,true,1,29883
7290005424847,false,סנו סופט מפיות 30*30,,,סנו סופט מפיות 30*30,יחידה,0.00,יחידה,false,,8.90,0.0000,true,1,29887
7290005425110,false,מתז מחטא ומשמיד 99.9,,,מתז מחטא ומשמיד 99.9,מיליליטרים,750.00,"100 מ""ל",false,,14.90,1.9867,true,1,29894
7290005425646,false,סנוקליר נוזל רב תכלי,,,סנוקליר נוזל רב תכלי,יחידה,0.00,יחידה,false,,12.90,0.0000,true,1,29903
7290005426230,false,סנו סושי מטלית הפלא,,,סנו סושי מטלית הפלא,יחידה,0.00,יחידה,false,,13.90,0.0000,true,1,29914
7290005426971,false,סנובון כחול שלישיה ב,,,סנובון כחול שלישיה ב,גרמים,165.00,100 גרם,false,,17.90,10.8485,true,1,29930
7290005427107,false,סנו סושי מגבות הפלא,,,סנו סושי מגבות הפלא,מטרים,63.50,מטר,false,,12.90,0.2031,true,1,29931
7290005428852,false,סנו סופט מגבוני טישו,,,סנו סופט מגבוני טישו,יחידה,0.00,יחידה,false,,15.90,0.0000,true,1,29963
7290005431883,false,עדן מלבי חלבי 165 גר,,,עדן מלבי חלבי 165 גר,גרמים,165.00,100 גרם,false,,7.50,4.5455,true,1,25970
7290005559587,false,מאפה נקניקיות 800גר,,,מאפה נקניקיות 800גר,גרמים,800.00,100 גרם,false,,32.90,4.1125,true,1,35565
7290005559907,false,פיצה משפחתית גבינה 5,,,פיצה משפחתית גבינה 5,גרמים,500.00,100 גרם,false,,24.90,4.9800,true,1,35570
7290005559914,false,פיצה משפחתית זיתים 5,,,פיצה משפחתית זיתים 5,גרמים,550.00,100 גרם,false,,23.90,4.3455,true,1,35571
7290005559990,false,בצק פילאס תורכי מעדנ,,,בצק פילאס תורכי מעדנ,גרמים,600.00,100 גרם,false,,28.90,4.8167,true,1,35575
7290005591761,false,דבש טהור מפרחי בר בל,,,דבש טהור מפרחי בר בל,גרמים,400.00,100 גרם,false,,26.90,6.7250,true,1,22227
7290005610011,false,תפו`א אדום דוד משה,,,תפו`א אדום דוד משה,קילוגרמים,1.00,"ק""ג",true,,5.90,5.9000,true,1,50839
7290005610127,false,תפו`א גורמה  לבן דוד,,,תפו`א גורמה  לבן דוד,קילוגרמים,1.00,"ק""ג",true,,7.90,7.9000,true,1,50841
7290005610196,false,תפו`א בייבי גורמה,,,תפו`א בייבי גורמה,קילוגרמים,1.00,"ק""ג",true,,6.90,6.9000,true,1,50842
7290005838002,false,דניאלה מעדן גבינה 15,,,דניאלה מעדן גבינה 15,מיליליטרים,150.00,"100 מ""ל",false,,4.30,2.8667,true,1,23278
7290005838613,false,גבינה וניל 3% סקי 12,,,גבינה וניל 3% סקי 12,גרמים,125.00,100 גרם,false,,3.90,3.1200,true,1,23279
7290005839078,false,דנונה ביו מארז חסכון,,,דנונה ביו מארז חסכון,קילוגרמים,1.20,"ק""ג",false,,17.90,14.9167,true,1,23281
7290005896620,false,סאן בנדטו מים מינרלי,,,סאן בנדטו מים מינרלי,ליטרים,1.50,ליטר,false,,5.50,3.6667,true,1,9394
7290005901348,false,קבב כבש מעדני המנגל,,,קבב כבש מעדני המנגל,גרמים,400.00,100 גרם,false,,14.90,3.7250,true,1,51463
7290005901379,false,המבורגר מעדני המנגל,,,המבורגר מעדני המנגל,גרמים,400.00,100 גרם,false,,14.90,3.7250,true,1,51466
7290005938245,false,פרסקו ממרח מצונן פסט,,,פרסקו ממרח מצונן פסט,גרמים,220.00,100 גרם,false,,20.90,9.5000,true,1,17079
7290005992735,false,גד לאבנה 5% 250ג,,,גד לאבנה 5% 250ג,גרמים,250.00,100 גרם,false,,13.90,5.5600,true,1,14628
7290006185952,false,מגבון איפור פנינה רו,,,מגבון איפור פנינה רו,יחידה,0.00,יחידה,false,,9.90,0.0000,true,1,18124
7290006241191,false,אגוזי מלך 150 גרם קל,,,אגוזי מלך 150 גרם קל,גרמים,150.00,100 גרם,false,,17.90,11.9333,true,1,12787
7290006251107,false,תה מסאלה ויסוצקי 2/2,,,תה מסאלה ויסוצקי 2/2,גרמים,50.00,100 גרם,false,,21.90,43.8000,true,1,24618
7290006256775,false,גאטו נגרו מלבק 750 מ,,,גאטו נגרו מלבק 750 מ,מיליליטרים,750.00,"100 מ""ל",false,,42.90,5.7200,true,1,284701
7290006271181,false,מעדנות גחנון אפוי 75,,,מעדנות גחנון אפוי 75,גרמים,750.00,100 גרם,false,,28.90,3.8533,true,1,35577
7290006271655,false,מיני בורקס גבינה 800,,,מיני בורקס גבינה 800,גרמים,800.00,100 גרם,false,,27.90,3.4875,true,1,35582
7290006272072,false,חטיפי פיצה מעדנות 65,,,חטיפי פיצה מעדנות 65,גרמים,650.00,100 גרם,false,,33.90,5.2154,true,1,35585
7290006272430,false,בצק עלים חמאה 600 גר,,,בצק עלים חמאה 600 גר,גרמים,600.00,100 גרם,false,,30.90,5.1500,true,1,35587
7290006306302,false,פסטה נונה ריביולי פר,,,פסטה נונה ריביולי פר,גרמים,400.00,100 גרם,false,,26.90,6.7250,true,1,14636
7290006342645,false,טורטייה 840 גרם,,,טורטייה 840 גרם,גרמים,840.00,100 גרם,false,,15.90,1.8929,true,1,4645
7290006374738,false,קונפיטורת תות יד מור,,,קונפיטורת תות יד מור,גרמים,340.00,100 גרם,false,,14.90,4.3824,true,1,22234
7290006449955,false,מלפפון בייבי,,,מלפפון בייבי,יח',1.00,יח',false,,9.90,9.9000,true,1,155245
7290006492432,false,גד בייבי מוצרלה 150ג,,,גד בייבי מוצרלה 150ג,גרמים,170.00,100 גרם,false,,15.90,9.3529,true,1,14644
7290006492852,false,גד גבינת עיזים למריח,,,גד גבינת עיזים למריח,גרמים,250.00,100 גרם,false,,17.90,7.1600,true,1,14649
7290006494924,false,מרמולייט ופל בטעם לי,,,מרמולייט ופל בטעם לי,גרמים,180.00,100 גרם,false,,12.50,6.9444,true,1,5821
7290006511157,false,פטריות שלמות שמפיניו,,,פטריות שלמות שמפיניו,גרמים,230.00,100 גרם,false,,7.90,3.4348,true,1,2903
7290006511751,false,פטריות חתוכות ויליפו,,,פטריות חתוכות ויליפו,גרמים,870.00,100 גרם,false,,13.00,1.4943,true,1,2906
7290006567048,false,קוסקוס ישראלי בשקית,,,קוסקוס ישראלי בשקית,גרמים,350.00,100 גרם,false,,8.90,2.5429,true,1,18691
7290006644480,false,משקה תפוזים Move תפו,,,משקה תפוזים Move תפו,מיליליטרים,500.00,"100 מ""ל",false,,5.50,1.1000,true,1,11521
7290006644510,false,משקה ענבים Move תפוז,,,משקה ענבים Move תפוז,מיליליטרים,500.00,"100 מ""ל",false,,5.50,1.1000,true,1,11524
7290006653765,false,פטוציני פרפקטו 500 ג,,,פטוציני פרפקטו 500 ג,גרמים,500.00,100 גרם,false,,7.90,1.5800,true,1,18698
7290006653819,false,קוסקוס דק בשקית אסם,,,קוסקוס דק בשקית אסם,גרמים,350.00,100 גרם,false,,8.90,2.5429,true,1,18699
7290006664051,false,אקטימל טבעי 14*100מל,,,אקטימל טבעי 14*100מל,ליטרים,1.40,ליטר,false,,33.90,24.2143,true,1,23287
7290006664402,false,שטראוס גבינה 5% 750ג,,,שטראוס גבינה 5% 750ג,גרמים,750.00,100 גרם,false,,14.25,1.9000,true,1,23291
7290006664655,false,אקטימל טבעי 8*100מל,,,אקטימל טבעי 8*100מל,מיליליטרים,800.00,"100 מ""ל",false,,22.90,2.8625,true,1,23294
7290006664990,false,דנונה ביו מארז חיסכו,,,דנונה ביו מארז חיסכו,קילוגרמים,1.20,"ק""ג",false,,17.90,14.9167,true,1,23297
7290006704016,false,בזיליקום ארוז יחידה,,,בזיליקום ארוז יחידה,יח',1.00,יח',false,,5.90,5.9000,true,1,35505
7290006704511,false,תפוא ננסי מיקרוגל,,,תפוא ננסי מיקרוגל,גרמים,750.00,100 גרם,false,,6.90,0.9200,true,1,35508
7290006712981,false,מ.שיניים סמיילס לגיל,,,מ.שיניים סמיילס לגיל,מיליליטרים,50.00,"100 מ""ל",false,,12.90,25.8000,true,1,21464
7290006739131,false,זוגלובק בצק פילו 500,,,זוגלובק בצק פילו 500,גרמים,500.00,100 גרם,false,,18.90,3.7800,true,1,38903
7290006739292,false,פסטרמה תבור 330גר,,,פסטרמה תבור 330גר,גרמים,330.00,100 גרם,false,,33.90,10.2727,true,1,38906
7290006739414,false,סלמי קוניאק זוגלובק,,,סלמי קוניאק זוגלובק,גרמים,300.00,100 גרם,false,,32.00,10.6667,true,1,38911
7290006739445,false,שניצל תירס קלאסי 750,,,שניצל תירס קלאסי 750,גרמים,750.00,100 גרם,false,,27.90,3.7200,true,1,38913
7290006764065,false,נשר מאלט בקבוק פקדון,,,נשר מאלט בקבוק פקדון,מיליליטרים,500.00,"100 מ""ל",false,,5.50,1.1000,true,1,9411
7290006764096,false,בירה איגל בקבוק 500,,,בירה איגל בקבוק 500,מיליליטרים,500.00,"100 מ""ל",false,,5.90,1.1800,true,1,9413
7290006764485,false,נשר מאלט 6*330מל,,,נשר מאלט 6*330מל,ליטרים,1.98,ליטר,false,,32.90,16.6162,true,1,9420
7290006764737,false,נשר מאלט דיאט בקבוק,,,נשר מאלט דיאט בקבוק,מיליליטרים,500.00,"100 מ""ל",false,,5.50,1.1000,true,1,9424
7290006765000,false,8 טורטיות חיטה מלאה,,,8 טורטיות חיטה מלאה,גרמים,540.00,100 גרם,false,,11.90,2.2037,true,1,4653
7290006788443,false,דאו' רולאון נושם אוק,,,דאו' רולאון נושם אוק,גרמים,75.00,100 גרם,false,,12.90,17.2000,true,1,30009
7290006822192,false,אושן ספרי דיאט חמוצי,,,אושן ספרי דיאט חמוצי,ליטרים,1.00,ליטר,false,,12.90,12.9000,true,1,6969
7290006908131,false,בוטנת בוטן קליפה 400,,,בוטנת בוטן קליפה 400,גרמים,400.00,100 גרם,false,,12.50,3.1250,true,1,1473
7290006908414,false,חמנייה 400 גרם,,,חמנייה 400 גרם,גרמים,400.00,100 גרם,false,,11.90,2.9750,true,1,1479
7290006983152,false,קרוטונים מתובלים אסם,,,קרוטונים מתובלים אסם,גרמים,400.00,100 גרם,false,,21.90,5.4750,true,1,18702
7290006983763,false,עוגת הבית שוקולד 400,,,עוגת הבית שוקולד 400,גרמים,400.00,100 גרם,false,,14.90,3.7250,true,1,18707
7290006983770,false,עוגת הבית שיש 400גר,,,עוגת הבית שיש 400גר,גרמים,400.00,100 גרם,false,,14.90,3.7250,true,1,18708
7290006983794,false,עוגת הבית תפוז 400גר,,,עוגת הבית תפוז 400גר,גרמים,400.00,100 גרם,false,,14.90,3.7250,true,1,18710
7290006992208,false,מטרנה דייסת דגנים פר,,,מטרנה דייסת דגנים פר,גרמים,200.00,100 גרם,false,,15.90,7.9500,true,1,18715
7290006992390,false,מטרנה דייסת וניל פרו,,,מטרנה דייסת וניל פרו,גרמים,200.00,100 גרם,false,,15.90,7.9500,true,1,18716
7290008101318,false,פירורי לחם זהוב קלאס,,,פירורי לחם זהוב קלאס,גרמים,300.00,100 גרם,false,,6.90,2.3000,true,1,326054
7290008102469,false,פירורי לחם זהוב קלאס,,,פירורי לחם זהוב קלאס,גרמים,800.00,100 גרם,false,,12.90,1.6125,true,1,326069
7290008116541,false,מי פה ליסטרין בטעם מ,,,מי פה ליסטרין בטעם מ,מיליליטרים,500.00,"100 מ""ל",false,,23.90,4.7800,true,1,29432
7290008116565,false,מי פה פרש ליסטרין 50,,,מי פה פרש ליסטרין 50,מיליליטרים,500.00,"100 מ""ל",false,,23.90,4.7800,true,1,29434
7290008154222,false,שניצלונים עוף טוב 70,,,שניצלונים עוף טוב 70,גרמים,700.00,100 גרם,false,,19.90,2.8429,true,1,19749
7290008175210,false,וילי פוד פרמזן מגורד,,,וילי פוד פרמזן מגורד,גרמים,90.00,100 גרם,false,,18.90,21.0000,true,1,2908
7290008175814,false,פטריות חתוכות שמפיני,,,פטריות חתוכות שמפיני,גרמים,400.00,100 גרם,false,,5.90,1.4750,true,1,2912
7290008268301,false,אוכמניות,,,אוכמניות,גרמים,120.00,100 גרם,false,,11.90,9.9167,true,1,47750
7290008330107,false,בדין מרכך כביסה סגול,,,בדין מרכך כביסה סגול,ליטרים,4.00,ליטר,false,,21.90,5.4750,true,1,10402
7290008409100,false,אצבעות שניצל ציפוי ש,,,אצבעות שניצל ציפוי ש,גרמים,700.00,100 גרם,false,,37.90,5.4143,true,1,25511
7290008409124,false,מאמא עוף קפוא שניצל,,,מאמא עוף קפוא שניצל,גרמים,700.00,100 גרם,false,,37.90,5.4143,true,1,25512
7290008409216,false,מאמא עוף קפוא שניצל,,,מאמא עוף קפוא שניצל,גרמים,700.00,100 גרם,false,,40.90,5.8429,true,1,25513
7290008409315,false,מאמא עוף מיני דק שני,,,מאמא עוף מיני דק שני,גרמים,500.00,100 גרם,false,,24.90,4.9800,true,1,25517
7290008409407,false,מאמא עוף שניצל דק צי,,,מאמא עוף שניצל דק צי,גרמים,700.00,100 גרם,false,,40.90,5.8429,true,1,25523
7290008409605,false,כוכבי עוף בציפוי מעו,,,כוכבי עוף בציפוי מעו,גרמים,700.00,100 גרם,false,,37.90,5.4143,true,1,25533
7290008409773,false,מאמא עוף קפוא קציצות,,,מאמא עוף קפוא קציצות,גרמים,700.00,100 גרם,false,,37.90,5.4143,true,1,25537
7290008415071,false,צבר חומוס עם טחינה 1,,,צבר חומוס עם טחינה 1,גרמים,150.00,100 גרם,false,,6.90,4.6000,true,1,19752
7290008443616,false,מרכך לשיער יבש אדום,,,מרכך לשיער יבש אדום,מיליליטרים,750.00,"100 מ""ל",false,,12.90,1.7200,true,1,30037
7290008464024,false,גולדסטאר לא מסונן פח,,,גולדסטאר לא מסונן פח,מיליליטרים,500.00,"100 מ""ל",false,,9.90,1.9800,true,1,9429
7290008464468,false,"גולדסטאר פחית 500מ""ל",,,"גולדסטאר פחית 500מ""ל",מיליליטרים,500.00,"100 מ""ל",false,,8.90,1.7800,true,1,9443
7290008464475,false,"מכבי פחית 500מ""ל",,,"מכבי פחית 500מ""ל",מיליליטרים,500.00,"100 מ""ל",false,,7.90,1.5800,true,1,9444
7290008464604,false,הייניקן בירה פח 500מ,,,הייניקן בירה פח 500מ,מיליליטרים,500.00,"100 מ""ל",false,,13.90,2.7800,true,1,9452
7290008464697,false,מכבי 7.9% בקבוק 6* 3,,,מכבי 7.9% בקבוק 6* 3,ליטרים,1.98,ליטר,false,,37.90,19.1414,true,1,9456
7290008464734,false,גולדסטאר SLOW BREW 3,,,גולדסטאר SLOW BREW 3,ליטרים,1.98,ליטר,false,,45.90,23.1818,true,1,9458
7290008464741,false,"גולדסטאר ח""פ בקבוק 6",,,"גולדסטאר ח""פ בקבוק 6",ליטרים,1.98,ליטר,false,,40.90,20.6566,true,1,9459
7290008464796,false,"הייניקן בקבוק ח""פ 6*",,,"הייניקן בקבוק ח""פ 6*",ליטרים,1.98,ליטר,false,,46.90,23.6869,true,1,9462
7290008693134,false,דניאלה תות מעדן גבינ,,,דניאלה תות מעדן גבינ,מיליליטרים,150.00,"100 מ""ל",false,,4.30,2.8667,true,1,23304
7290008713900,false,לחם שיפון עגול אנגל,,,לחם שיפון עגול אנגל,גרמים,750.00,100 גרם,false,,14.90,1.9867,true,1,35418
7290008745239,false,תפוציפס קראנץ טבעי 5,,,תפוציפס קראנץ טבעי 5,גרמים,50.00,100 גרם,false,,4.30,8.6000,true,1,24128
7290008747547,false,תפוציפס קראנץ טבעי 2,,,תפוציפס קראנץ טבעי 2,גרמים,200.00,100 גרם,false,,10.90,5.4500,true,1,24130
7290008750264,false,מאסט דובדבן 28ג,,,מאסט דובדבן 28ג,גרמים,28.00,100 גרם,false,,4.50,16.0714,true,1,22245
7290008752244,false,תפוציפס קראנץ גריל 5,,,תפוציפס קראנץ גריל 5,גרמים,50.00,100 גרם,false,,4.30,8.6000,true,1,24132
7290008753111,false,תפוציפס מקסיקני 50גר,,,תפוציפס מקסיקני 50גר,גרמים,50.00,100 גרם,false,,4.30,8.6000,true,1,24133
7290008754415,false,מאסט מנטה עדין 28 גר,,,מאסט מנטה עדין 28 גר,גרמים,28.00,100 גרם,false,,4.50,16.0714,true,1,22254
7290008757034,false,"סודה שוופס 250 מ""ל ב",,,"סודה שוופס 250 מ""ל ב",מיליליטרים,250.00,"100 מ""ל",false,,3.90,1.5600,true,1,11542
7290008775816,false,ערגליות שוקולד 300 ג,,,ערגליות שוקולד 300 ג,גרמים,300.00,100 גרם,false,,11.90,3.9667,true,1,18719
7290008775823,false,ערגליות תות שדה 300,,,ערגליות תות שדה 300,גרמים,300.00,100 גרם,false,,11.90,3.9667,true,1,18720
7290008801010,false,יין  P.C  קברנה סובי,,,יין  P.C  קברנה סובי,מיליליטרים,750.00,"100 מ""ל",false,,44.90,5.9867,true,1,510
7290008802529,false,יין וינו לבן יבש,,,יין וינו לבן יבש,מיליליטרים,750.00,"100 מ""ל",false,,23.90,3.1867,true,1,526
7290008803090,false,מרלו סדרה אזורית,,,מרלו סדרה אזורית,מיליליטרים,750.00,"100 מ""ל",false,,64.90,8.6533,true,1,530
7290008805384,false,יין סלקטד מוסקטו 750,,,יין סלקטד מוסקטו 750,מיליליטרים,750.00,"100 מ""ל",false,,32.90,4.3867,true,1,543
7290008806985,false,קרמיסימו נישנושים ש.,,,קרמיסימו נישנושים ש.,גרמים,630.00,100 גרם,false,,50.90,8.0794,true,1,4285
7290008849777,false,אוליביה רוטב צילי מת,,,אוליביה רוטב צילי מת,גרמים,350.00,100 גרם,false,,15.90,4.5429,true,1,3511
7290008909853,false,קוקה קולה זירו 500 מ,,,קוקה קולה זירו 500 מ,מיליליטרים,500.00,"100 מ""ל",false,,7.90,1.5800,true,1,7006
7290009018004,false,פיקדון בקבוק/פחית בו,,,פיקדון בקבוק/פחית בו,יחידה,0.00,יחידה,false,,0.30,0.0000,true,1,65
7290009018011,false,פיקדון בקבוק/פחיות ש,,,פיקדון בקבוק/פחיות ש,יחידה,0.00,יחידה,false,,1.80,0.0000,true,1,63
7290009018264,false,פיקדון בקבוק/פחית רב,,,פיקדון בקבוק/פחית רב,יחידה,0.00,יחידה,false,,1.20,0.0000,true,1,104
7290010002023,false,מימון כורכום הודי טח,,,מימון כורכום הודי טח,גרמים,100.00,100 גרם,false,,12.90,12.9000,true,1,244
7290010002061,false,מימון פלפל לבן טחון,,,מימון פלפל לבן טחון,גרמים,100.00,100 גרם,false,,18.40,18.4000,true,1,248
7290010002078,false,מימון פלפל שחור טחון,,,מימון פלפל שחור טחון,גרמים,100.00,100 גרם,false,,15.20,15.2000,true,1,249
7290010002092,false,מימון פלפל שחור גרוס,,,מימון פלפל שחור גרוס,גרמים,90.00,100 גרם,false,,15.20,16.8889,true,1,251
7290010002122,false,מימון פפריקה הונגרית,,,מימון פפריקה הונגרית,גרמים,100.00,100 גרם,false,,12.90,12.9000,true,1,254
7290010002191,false,מימון מקלות קינמון ב,,,מימון מקלות קינמון ב,גרמים,70.00,100 גרם,false,,10.00,14.2857,true,1,258
7290010002313,false,מימון ראס אל חנות 10,,,מימון ראס אל חנות 10,גרמים,100.00,100 גרם,false,,12.90,12.9000,true,1,265
7290010002368,false,מימון תערובת חווג` ל,,,מימון תערובת חווג` ל,גרמים,100.00,100 גרם,false,,12.90,12.9000,true,1,270
7290010002375,false,מימון קארי 100 גרם,,,מימון קארי 100 גרם,גרמים,100.00,100 גרם,false,,12.90,12.9000,true,1,271
7290010002481,false,מימון שום טחון במיכל,,,מימון שום טחון במיכל,גרמים,100.00,100 גרם,false,,15.20,15.2000,true,1,279
7290010002498,false,מימון שום גבישי 120,,,מימון שום גבישי 120,גרמים,120.00,100 גרם,false,,15.20,12.6667,true,1,280
7290010002696,false,אקסטרא צ'יפס אורז חו,,,אקסטרא צ'יפס אורז חו,גרמים,60.00,100 גרם,false,,8.90,14.8333,true,1,326083
7290010003051,false,מימון פפריקה הונגרית,,,מימון פפריקה הונגרית,גרמים,400.00,100 גרם,false,,27.40,6.8500,true,1,284
7290010003686,false,מימון עלי דפנה שקית,,,מימון עלי דפנה שקית,גרמים,20.00,100 גרם,false,,6.50,32.5000,true,1,289
7290010003693,false,מימון פפריקה מתוקה ש,,,מימון פפריקה מתוקה ש,גרמים,80.00,100 גרם,false,,6.50,8.1250,true,1,290
7290010003709,false,מימון פלפל שחור טחון,,,מימון פלפל שחור טחון,גרמים,50.00,100 גרם,false,,8.30,16.6000,true,1,291
7290010003754,false,מימון כמון טחון שקית,,,מימון כמון טחון שקית,גרמים,50.00,100 גרם,false,,6.50,13.0000,true,1,292
7290010003761,false,מימון כורכום טחון שק,,,מימון כורכום טחון שק,גרמים,80.00,100 גרם,false,,6.50,8.1250,true,1,293
7290010003822,false,מימון פפריקה חריפה ש,,,מימון פפריקה חריפה ש,גרמים,80.00,100 גרם,false,,6.50,8.1250,true,1,299
7290010003839,false,מימון קינמון טחון שק,,,מימון קינמון טחון שק,גרמים,80.00,100 גרם,false,,6.50,8.1250,true,1,300
7290010042418,false,אוכמניות קפוא 300 גר,,,אוכמניות קפוא 300 גר,גרמים,300.00,100 גרם,false,,12.90,4.3000,true,1,78403
7290010045013,false,עוגיות עם חמאה וסוכר,,,עוגיות עם חמאה וסוכר,גרמים,200.00,100 גרם,false,,18.90,9.4500,true,1,24644
7290010045068,false,עוגיות הנסיכה לחמי 2,,,עוגיות הנסיכה לחמי 2,גרמים,250.00,100 גרם,false,,18.90,7.5600,true,1,24647
7290010066025,false,טונה בשמן פילטונה 15,,,טונה בשמן פילטונה 15,גרמים,170.00,100 גרם,false,,6.90,4.0588,true,1,150647
7290010066513,false,נתחי טונה בשמן צמחי,,,נתחי טונה בשמן צמחי,גרמים,632.00,100 גרם,false,,25.90,4.0981,true,1,26545
7290010066575,false,נתחי טונה במים פילטו,,,נתחי טונה במים פילטו,גרמים,632.00,100 גרם,false,,25.90,4.0981,true,1,26547
7290010066582,false,נתחי טונה בשמן קנולה,,,נתחי טונה בשמן קנולה,גרמים,632.00,100 גרם,false,,25.90,4.0981,true,1,26548
7290010066599,false,נתחי טונה בשמן זית פ,,,נתחי טונה בשמן זית פ,גרמים,632.00,100 גרם,false,,29.90,4.7310,true,1,26549
7290010118328,false,תפוצ'יפס טבעי 6*40 ג,,,תפוצ'יפס טבעי 6*40 ג,גרמים,240.00,100 גרם,false,,14.40,6.0000,true,1,24144
7290010119240,false,מארז תפוציפס טבעי 12,,,מארז תפוציפס טבעי 12,גרמים,216.00,100 גרם,false,,19.90,9.2130,true,1,24145
7290010129003,false,עוגיות אוזניים 600גר,,,עוגיות אוזניים 600גר,גרמים,600.00,100 גרם,false,,20.90,3.4833,true,1,20133
7290010129027,false,עוגיות מרוקאיות 600,,,עוגיות מרוקאיות 600,גרמים,600.00,100 גרם,false,,20.90,3.4833,true,1,20135
7290010129300,false,עוגיות רייף מרוקאיות,,,עוגיות רייף מרוקאיות,גרמים,350.00,100 גרם,false,,19.90,5.6857,true,1,20150
7290010129553,false,עוגיות רולדה תמרים 6,,,עוגיות רולדה תמרים 6,גרמים,600.00,100 גרם,false,,20.90,3.4833,true,1,20159
7290010129676,false,עוגיות מרוקאיות ארוך,,,עוגיות מרוקאיות ארוך,גרמים,350.00,100 גרם,false,,19.90,5.6857,true,1,20168
7290010129959,false,עוגיות שמרים רוגלעך,,,עוגיות שמרים רוגלעך,גרמים,400.00,100 גרם,false,,14.90,3.7250,true,1,20182
7290010153800,false,ציפוי לשניצל עם תיבו,,,ציפוי לשניצל עם תיבו,גרמים,500.00,100 גרם,false,,9.90,1.9800,true,1,15031
7290010154678,false,יוחאי ביטון אריסה מר,,,יוחאי ביטון אריסה מר,גרמים,250.00,100 גרם,false,,15.90,6.3600,true,1,17145
7290010192007,false,פטרוזיליה,,,פטרוזיליה,יח',1.00,יח',false,,3.90,3.9000,true,1,35513
7290010192014,false,שמיר,,,שמיר,יח',1.00,יח',false,,3.90,3.9000,true,1,35514
7290010192021,false,כוסברה,,,כוסברה,יח',1.00,יח',false,,3.90,3.9000,true,1,35515
7290010192038,false,שורש פטרוזיליה ארוז,,,שורש פטרוזיליה ארוז,יח',1.00,יח',false,,5.90,5.9000,true,1,35516
7290010192045,false,נענע יחידה,,,נענע יחידה,יח',1.00,יח',false,,3.90,3.9000,true,1,35517
7290010192052,false,סלרי עלים (אמריקאי),,,סלרי עלים (אמריקאי),יח',1.00,יח',false,,5.90,5.9000,true,1,35518
7290010192069,false,סלרי ראש ארוז,,,סלרי ראש ארוז,יח',1.00,יח',false,,5.90,5.9000,true,1,35519
7290010192083,false,מנגולד ארוז,,,מנגולד ארוז,יח',1.00,יח',false,,6.90,6.9000,true,1,35520
7290010196678,false,שקיות ענק לצליה בתנו,,,שקיות ענק לצליה בתנו,יחידה,0.00,יחידה,false,,22.90,0.0000,true,1,21468
7290010237531,false,פפסי קולה 500 מ'ל,,,פפסי קולה 500 מ'ל,מיליליטרים,500.00,"100 מ""ל",false,,4.90,0.9800,true,1,9469
7290010237562,false,מירנדה 500 מ'ל,,,מירנדה 500 מ'ל,מיליליטרים,500.00,"100 מ""ל",false,,4.90,0.9800,true,1,9471
7290010237784,false,מכבי שנדי לימון ליים,,,מכבי שנדי לימון ליים,ליטרים,1.98,ליטר,false,,37.90,19.1414,true,1,9481
7290010237890,false,הייניקן בירה בקבוק ח,,,הייניקן בירה בקבוק ח,מיליליטרים,500.00,"100 מ""ל",false,,9.90,1.9800,true,1,9482
7290010429554,false,שמן זית כתית מעולה 2,,,שמן זית כתית מעולה 2,מיליליטרים,750.00,"100 מ""ל",false,,38.90,5.1867,true,1,22272
7290010471669,false,דנונה קראנצ' יוגורט,,,דנונה קראנצ' יוגורט,מיליליטרים,175.00,"100 מ""ל",false,,4.90,2.8000,true,1,23305
7290010472390,false,מארז  דני  שוקולד 8*,,,מארז  דני  שוקולד 8*,מיליליטרים,1000.00,"100 מ""ל",false,,16.90,1.6900,true,1,23309
7290010627004,false,טחינה ירושלים 500 גר,,,טחינה ירושלים 500 גר,גרמים,500.00,100 גרם,false,,18.90,3.7800,true,1,24648
7290010627844,false,טחינה ירושלים 500 מל,,,טחינה ירושלים 500 מל,גרמים,500.00,100 גרם,false,,18.90,3.7800,true,1,24651
7290010650033,false,בצלצלי שאלוט,,,בצלצלי שאלוט,גרמים,350.00,100 גרם,false,,14.90,4.2571,true,1,50854
7290010690138,false,ברוקולי ארוז,,,ברוקולי ארוז,יח',1.00,יח',false,,9.90,9.9000,true,1,41472
7290010711123,false,"ננס רביעיה ""שייני"" ח",,,"ננס רביעיה ""שייני"" ח",יחידה,0.00,יחידה,false,,7.90,0.0000,true,1,13465
7290010711543,false,כף אשפה + גומי SHINY,,,כף אשפה + גומי SHINY,יחידה,0.00,יחידה,false,,5.90,0.0000,true,1,13477
7290010711864,false,מטאטא משובח,,,מטאטא משובח,יחידה,0.00,יחידה,false,,22.90,0.0000,true,1,13483
7290010766949,false,אוליביה ממרח ארטישוק,,,אוליביה ממרח ארטישוק,גרמים,180.00,100 גרם,false,,15.90,8.8333,true,1,3554
7290010777099,false,8 פיתות במרקם מיוחד,,,8 פיתות במרקם מיוחד,גרמים,800.00,100 גרם,false,,12.50,1.5625,true,1,21136
7290010777150,false,8 פיתות בריבוע חיטה,,,8 פיתות בריבוע חיטה,גרמים,500.00,100 גרם,false,,15.90,3.1800,true,1,21137
7290010777297,false,10 פיתות ביס,,,10 פיתות ביס,קילוגרמים,1.00,"ק""ג",false,,15.90,15.9000,true,1,21142
7290010777358,false,8 פיתות כוסמין מלא 1,,,8 פיתות כוסמין מלא 1,גרמים,400.00,100 גרם,false,,17.90,4.4750,true,1,21145
7290010777488,false,פיתה מחמצת מקמח מלא,,,פיתה מחמצת מקמח מלא,יחידה,0.00,יחידה,false,,16.90,0.0000,true,1,315788
7290010777525,false,פיתות קוסמין-פיתה אק,,,פיתות קוסמין-פיתה אק,גרמים,50.00,100 גרם,false,,16.90,33.8000,true,1,315774
7290010945146,false,טרה קוטג מועשר 3% 25,,,טרה קוטג מועשר 3% 25,גרמים,250.00,100 גרם,false,,5.90,2.3600,true,1,6415
7290010945450,false,טרה גבינה לבנה מהדרי,,,טרה גבינה לבנה מהדרי,גרמים,250.00,100 גרם,false,,4.98,1.9920,true,1,6418
7290011015862,false,סירופ דיאט לימונענע,,,סירופ דיאט לימונענע,מיליליטרים,750.00,"100 מ""ל",false,,22.90,3.0533,true,1,7011
7290011017866,false,קוקה קולה פחית סליק,,,קוקה קולה פחית סליק,מיליליטרים,330.00,"100 מ""ל",false,,5.50,1.6667,true,1,7032
7290011017873,false,ZERO קולה פחית סליק,,,ZERO קולה פחית סליק,מיליליטרים,330.00,"100 מ""ל",false,,5.50,1.6667,true,1,7033
7290011017880,false,קולה דיאט פחית סליק,,,קולה דיאט פחית סליק,מיליליטרים,330.00,"100 מ""ל",false,,5.50,1.6667,true,1,7034
7290011051525,false,ספרינג טי קר אפרסק 5,,,ספרינג טי קר אפרסק 5,מיליליטרים,500.00,"100 מ""ל",false,,5.90,1.1800,true,1,11579
7290011081492,false,קרמיסימו שלושה שוקול,,,קרמיסימו שלושה שוקול,ליטרים,1.33,ליטר,false,,21.90,16.4662,true,1,4298
7290011110000,false,חסה רומית שלמה,,,חסה רומית שלמה,גרמים,430.00,100 גרם,false,,9.90,2.3023,true,1,47758
7290011110024,false,חסה סלנובה,,,חסה סלנובה,יח',1.00,יח',false,,12.90,12.9000,true,1,47760
7290011110031,false,לבבות חסה,,,לבבות חסה,יח',1.00,יח',false,,10.90,10.9000,true,1,47761
7290011110048,false,פלפל סוויט בייט,,,פלפל סוויט בייט,גרמים,220.00,100 גרם,false,,9.90,4.5000,true,1,186771
7290011110055,false,פלפל רומרו מארז,,,פלפל רומרו מארז,יח',1.00,יח',false,,9.90,9.9000,true,1,186772
7290011110079,false,בזיליקום.,,,בזיליקום.,יח',1.00,יח',false,,6.90,6.9000,true,1,47763
7290011110093,false,מנגולד,,,מנגולד,גרמים,250.00,גרם,false,,7.90,0.0316,true,1,47765
7290011110109,false,תירס סופרסוויט,,,תירס סופרסוויט,גרמים,800.00,100 גרם,false,,19.90,2.4875,true,1,47766
7290011110116,false,תרד ניו-זילנדי,,,תרד ניו-זילנדי,גרמים,200.00,גרם,false,,9.90,0.0495,true,1,47767
7290011110123,false,עירית,,,עירית,יח',1.00,יח',false,,6.90,6.9000,true,1,47768
7290011110130,false,רוקולה,,,רוקולה,יח',1.00,יח',false,,9.90,9.9000,true,1,47769
7290011110154,false,קורנית (טימין),,,קורנית (טימין),יח',1.00,יח',false,,6.90,6.9000,true,1,47771
7290011110215,false,מלפפון בייבי,,,מלפפון בייבי,גרמים,350.00,100 גרם,false,,9.90,2.8286,true,1,186773
7290011115166,false,תחליב רחצה לבנדר נקה,,,תחליב רחצה לבנדר נקה,יחידה,0.00,יחידה,false,,16.60,0.0000,true,1,30080
7290011126452,false,תה קמומיל ונענע 1.5ג,,,תה קמומיל ונענע 1.5ג,גרמים,37.50,100 גרם,false,,17.90,47.7333,true,1,24660
7290011126469,false,תה קמומיל ודבש 1.5גר,,,תה קמומיל ודבש 1.5גר,גרמים,37.50,100 גרם,false,,17.90,47.7333,true,1,24661
7290011131395,false,מיזלי קראנצ' 30% פיר,,,מיזלי קראנצ' 30% פיר,קילוגרמים,1.00,"ק""ג",false,,28.90,28.9000,true,1,13796
7290011131968,false,גרנולה אגוזים בתוספת,,,גרנולה אגוזים בתוספת,קילוגרמים,1.00,"ק""ג",false,,28.60,28.6000,true,1,13803
7290011131975,false,גרנולה פירות בתוספת,,,גרנולה פירות בתוספת,קילוגרמים,1.00,"ק""ג",false,,28.60,28.6000,true,1,13804
7290011132583,false,פפסי מקס שישייה 500,,,פפסי מקס שישייה 500,ליטרים,3.00,ליטר,false,,21.90,7.3000,true,1,131758
7290011148911,false,פלפלים מתוקים טינקרב,,,פלפלים מתוקים טינקרב,גרמים,300.00,100 גרם,false,,9.90,3.3000,true,1,35523
7290011194246,false,קוטג שטראוס 5% עם סי,,,קוטג שטראוס 5% עם סי,גרמים,250.00,100 גרם,false,,6.00,2.4000,true,1,23313
7290011223038,false,בונומי עלים לקרמשניט,,,בונומי עלים לקרמשניט,גרמים,300.00,100 גרם,false,,16.90,5.6333,true,1,5861
7290011236649,false,שוקולד צ'יפס בלגי שק,,,שוקולד צ'יפס בלגי שק,גרמים,300.00,100 גרם,false,,10.90,3.6333,true,1,4663
7290011312381,false,פורטבלה על אש מרינה,,,פורטבלה על אש מרינה,גרמים,300.00,100 גרם,false,,15.90,5.3000,true,1,46516
7290011378028,false,בארכה חלבה וניל ללא,,,בארכה חלבה וניל ללא,גרמים,350.00,100 גרם,false,,17.90,5.1143,true,1,18726
7290011379018,false,פטריות צמד חמד,,,פטריות צמד חמד,גרמים,500.00,100 גרם,false,,16.90,3.3800,true,1,41474
7290011438142,false,יטבתה אייס קפה בבקבו,,,יטבתה אייס קפה בבקבו,מיליליטרים,350.00,"100 מ""ל",false,,6.90,1.9714,true,1,23319
7290011473129,false,גרעיני חמניה קלופים,,,גרעיני חמניה קלופים,גרמים,300.00,100 גרם,false,,11.30,3.7667,true,1,3563
7290011473617,false,זרעי צ'ייה טיב הטבע,,,זרעי צ'ייה טיב הטבע,גרמים,300.00,100 גרם,false,,21.90,7.3000,true,1,3581
7290011474683,false,מגדרה קינואה אורגנית,,,מגדרה קינואה אורגנית,גרמים,500.00,100 גרם,false,,21.90,4.3800,true,1,3594
7290011499051,false,גד פטה כבשים גביע 20,,,גד פטה כבשים גביע 20,גרמים,250.00,100 גרם,false,,27.70,11.0800,true,1,14651
7290011499105,false,גד בולגרית 5% 250ג,,,גד בולגרית 5% 250ג,גרמים,250.00,100 גרם,false,,24.90,9.9600,true,1,14652
7290011499112,false,גד בולגרית 16% 250ג,,,גד בולגרית 16% 250ג,גרמים,250.00,100 גרם,false,,24.90,9.9600,true,1,14653
7290011499327,false,גד בולגרית בקר מעודנ,,,גד בולגרית בקר מעודנ,גרמים,250.00,100 גרם,false,,24.90,9.9600,true,1,14658
7290011499365,false,גד חלומי 24% 200ג,,,גד חלומי 24% 200ג,גרמים,200.00,100 גרם,false,,24.90,12.4500,true,1,14662
7290011499419,false,גבינה במרקם  שמנת 5%,,,גבינה במרקם  שמנת 5%,גרמים,200.00,100 גרם,false,,13.90,6.9500,true,1,14664
7290011515683,false,אקסטרים וניל מאגדת 6,,,אקסטרים וניל מאגדת 6,גרמים,432.00,100 גרם,false,,35.90,8.3102,true,1,16090
7290011587833,false,עגבניות מיובשות בשמן,,,עגבניות מיובשות בשמן,גרמים,340.00,100 גרם,false,,15.90,4.6765,true,1,25010
7290011593087,false,סבא חביב שמן זית כתי,,,סבא חביב שמן זית כתי,מיליליטרים,750.00,"100 מ""ל",false,,30.90,4.1200,true,1,212003
7290011598211,false,מנקה כללי אנטיקאלק 7,,,מנקה כללי אנטיקאלק 7,מיליליטרים,700.00,"100 מ""ל",false,,19.90,2.8429,true,1,30098
7290011598402,false,מרכך כביסה סנו מקסימ,,,מרכך כביסה סנו מקסימ,ליטרים,4.00,ליטר,false,,23.90,5.9750,true,1,30102
7290011615260,false,"עלי טורטיה בד""ץ וילי",,,"עלי טורטיה בד""ץ וילי",גרמים,540.00,100 גרם,false,,8.90,1.6481,true,1,2941
7290011615277,false,"עלי טורטיה בד""ץ וילי",,,"עלי טורטיה בד""ץ וילי",גרמים,840.00,100 גרם,false,,16.90,2.0119,true,1,2942
7290011765217,false,ס. מדיק היגניק ג'ל ל,,,ס. מדיק היגניק ג'ל ל,מיליליטרים,100.00,"100 מ""ל",false,,10.90,10.9000,true,1,30110
7290011765446,false,משחת שיניים בוב ספוג,,,משחת שיניים בוב ספוג,מיליליטרים,50.00,"100 מ""ל",false,,8.90,17.8000,true,1,30123
7290011800840,false,צבר רפי כהן טחינה בל,,,צבר רפי כהן טחינה בל,גרמים,400.00,100 גרם,false,,17.90,4.4750,true,1,19771
7290011860271,false,תפוגן ביס בול טבעי 7,,,תפוגן ביס בול טבעי 7,גרמים,700.00,100 גרם,false,,17.90,2.5571,true,1,19773
7290011877859,false,סנו אינסטלטור פותח ס,,,סנו אינסטלטור פותח ס,מיליליטרים,200.00,"100 מ""ל",false,,15.90,7.9500,true,1,30136
7290011877866,false,אבקת כביסה סנו מקסימ,,,אבקת כביסה סנו מקסימ,קילוגרמים,6.00,"ק""ג",false,,51.90,8.6500,true,1,30137
7290011912642,false,מי פה טאגד ליסטרין 5,,,מי פה טאגד ליסטרין 5,מיליליטרים,500.00,"100 מ""ל",false,,23.90,4.7800,true,1,29452
7290011931162,false,סוכרלייט נוזלי 220מל,,,סוכרלייט נוזלי 220מל,מיליליטרים,220.00,"100 מ""ל",false,,30.90,14.0455,true,1,22287
7290011947309,false,זית סורי מבוקע עם לי,,,זית סורי מבוקע עם לי,גרמים,215.00,100 גרם,false,,14.90,6.9302,true,1,24672
7290011947798,false,זית קלמטה ללא גלעין,,,זית קלמטה ללא גלעין,גרמים,190.00,100 גרם,false,,16.90,8.8947,true,1,110597
7290011964344,false,שום גבישי 120 גר' במ,,,שום גבישי 120 גר' במ,גרמים,120.00,100 גרם,false,,10.90,9.0833,true,1,42361
7290011964702,false,תבלין לשווארמה ללא מ,,,תבלין לשווארמה ללא מ,גרמים,100.00,100 גרם,false,,9.70,9.7000,true,1,42370
7290012001994,false,חרדל דיגון גרעינים 3,,,חרדל דיגון גרעינים 3,גרמים,350.00,100 גרם,false,,14.90,4.2571,true,1,5339
7290012019258,false,"רסק תפו""ע מחית תפוחי",,,"רסק תפו""ע מחית תפוחי",גרמים,452.00,100 גרם,false,,10.90,2.4115,true,1,25027
7290012019265,false,"מחית תפו""ע ללא סוכר",,,"מחית תפו""ע ללא סוכר",גרמים,452.00,100 גרם,false,,10.90,2.4115,true,1,25028
7290012022203,false,קליליות חיטה מלאה די,,,קליליות חיטה מלאה די,גרמים,100.00,100 גרם,false,,13.90,13.9000,true,1,31508
7290012022227,false,קליליות בטעם טבעי די,,,קליליות בטעם טבעי די,גרמים,60.00,100 גרם,false,,13.90,23.1667,true,1,31509
7290012022272,false,פריכיות קליליות קידס,,,פריכיות קליליות קידס,יחידה,0.00,יחידה,false,,13.90,0.0000,true,1,31510
7290012086113,false,עגבניות שרי,,,עגבניות שרי,גרמים,500.00,100 גרם,false,,9.90,1.9800,true,1,50873
7290012116360,false,סנו פוליוקס גרניט פו,,,סנו פוליוקס גרניט פו,ליטרים,2.00,ליטר,false,,22.90,11.4500,true,1,30150
7290012116735,false,נייר טואלט סופט ג'מב,,,נייר טואלט סופט ג'מב,מטרים,900.00,מטר,false,,42.90,0.0477,true,1,30160
7290012117091,false,אבקת כביסה סנו מקסימ,,,אבקת כביסה סנו מקסימ,קילוגרמים,6.00,"ק""ג",false,,51.90,8.6500,true,1,30166
7290012117558,false,סנו מקסימה מרכך קומפ,,,סנו מקסימה מרכך קומפ,יחידה,0.00,יחידה,false,,19.90,0.0000,true,1,30181
7290012117572,false,M סנו סושי כפפות לטק,,,M סנו סושי כפפות לטק,יחידה,0.00,יחידה,false,,44.90,0.0000,true,1,30183
7290012117732,false,מרכך כביסה סנו מקסימ,,,מרכך כביסה סנו מקסימ,ליטרים,4.00,ליטר,false,,23.90,5.9750,true,1,30189
7290012191084,false,המנגליסט גפרורים עשי,,,המנגליסט גפרורים עשי,יחידה,0.00,יחידה,false,,3.90,0.0000,true,1,7886
7290012226021,false,סלמי מעושן פראג יבש,,,סלמי מעושן פראג יבש,גרמים,400.00,100 גרם,false,,24.90,6.2250,true,1,38948
7290012226120,false,זוגלובק קבנוס 135ג.,,,זוגלובק קבנוס 135ג.,גרמים,135.00,100 גרם,false,,13.90,10.2963,true,1,38949
7290012226939,false,זוגלובק קבנוס בטעם צ,,,זוגלובק קבנוס בטעם צ,גרמים,135.00,100 גרם,false,,13.90,10.2963,true,1,38958
7290012227912,false,קבנוס מעודן  זוגלובק,,,קבנוס מעודן  זוגלובק,גרמים,135.00,100 גרם,false,,13.90,10.2963,true,1,38993
7290012227974,false,זוגלובק פסטרמה בדבש,,,זוגלובק פסטרמה בדבש,גרמים,120.00,100 גרם,false,,15.90,13.2500,true,1,38994
7290012228261,false,נקנקיות הודו קנקרס ר,,,נקנקיות הודו קנקרס ר,גרמים,300.00,100 גרם,false,,22.90,7.6333,true,1,39006
7290012228728,false,קבנוס סטיקס מקסיקני,,,קבנוס סטיקס מקסיקני,גרמים,50.00,100 גרם,false,,12.90,25.8000,true,1,39031
7290012313141,false,פרוסות מלפפון במלח י,,,פרוסות מלפפון במלח י,גרמים,540.00,100 גרם,false,,6.90,1.2778,true,1,44688
7290012372155,false,קמח כוסמין 80% רובינ,,,קמח כוסמין 80% רובינ,קילוגרמים,1.00,"ק""ג",false,,16.90,16.9000,true,1,36756
7290012404955,false,ספרינג נקטר חמוציות,,,ספרינג נקטר חמוציות,ליטרים,1.25,ליטר,false,,13.50,10.8000,true,1,11614
7290012561405,false,בצל חצי מטוגן דורות,,,בצל חצי מטוגן דורות,גרמים,180.00,100 גרם,false,,12.50,6.9444,true,1,19785
7290012576614,false,ברקן יין פרמייר לבן,,,ברקן יין פרמייר לבן,מיליליטרים,750.00,"100 מ""ל",false,,26.90,3.5867,true,1,9526
7290012645112,false,יוגורט עיזים בדלי 75,,,יוגורט עיזים בדלי 75,מיליליטרים,750.00,"100 מ""ל",false,,21.90,2.9200,true,1,23332
7290012645389,false,חלב הארץ יוגורט ביו,,,חלב הארץ יוגורט ביו,ליטרים,1.00,ליטר,false,,24.90,24.9000,true,1,23341
7290012803451,false,טוסו שוקלד מריר 62%,,,טוסו שוקלד מריר 62%,גרמים,100.00,100 גרם,false,,12.90,12.9000,true,1,5929
7290012803765,false,טוסו שוקלד מריר 100ג,,,טוסו שוקלד מריר 100ג,גרמים,100.00,100 גרם,false,,12.90,12.9000,true,1,5939
7290012823381,false,סנו מקסימה סנסטיב מר,,,סנו מקסימה סנסטיב מר,יחידה,0.00,יחידה,false,,19.90,0.0000,true,1,30224
7290012823398,false,ריצפז מטליות לחות בנ,,,ריצפז מטליות לחות בנ,יחידה,0.00,יחידה,false,,12.90,0.0000,true,1,30225
7290012850073,false,בי לאב מחית סלט פירו,,,בי לאב מחית סלט פירו,גרמים,190.00,100 גרם,false,,5.90,3.1053,true,1,29470
7290012884986,false,תפוגן ציפס לתנור עד,,,תפוגן ציפס לתנור עד,קילוגרמים,1.50,"ק""ג",false,,30.90,20.6000,true,1,19791
7290012931055,false,מגב חלון פלסטיק ( 24,,,מגב חלון פלסטיק ( 24,יחידה,0.00,יחידה,false,,7.90,0.0000,true,1,13489
7290012931116,false,"מגב חד להב 40 ס""מ SH",,,"מגב חד להב 40 ס""מ SH",יחידה,0.00,יחידה,false,,23.90,0.0000,true,1,13493
7290012936944,false,מימון אגוז מוסקט טחו,,,מימון אגוז מוסקט טחו,גרמים,40.00,100 גרם,false,,15.20,38.0000,true,1,355
7290012938740,false,משחת שיניים פרש מינט,,,משחת שיניים פרש מינט,מיליליטרים,75.00,"100 מ""ל",false,,22.70,30.2667,true,1,3888
7290013027399,false,לחם 100 בתוספת שיפון,,,לחם 100 בתוספת שיפון,גרמים,750.00,100 גרם,false,,15.90,2.1200,true,1,35437
7290013083678,false,מטרנה אקסטרה קר שלב,,,מטרנה אקסטרה קר שלב,גרמים,700.00,100 גרם,false,,64.90,9.2714,true,1,18751
7290013117212,false,בורקס פילו גבינה מעד,,,בורקס פילו גבינה מעד,גרמים,600.00,100 גרם,false,,23.90,3.9833,true,1,35592
7290013117229,false,בורקס פילו תפוא מעדנ,,,בורקס פילו תפוא מעדנ,גרמים,600.00,100 גרם,false,,23.90,3.9833,true,1,35593
7290013117243,false,בורקס פילו בולגרית מ,,,בורקס פילו בולגרית מ,גרמים,600.00,100 גרם,false,,23.90,3.9833,true,1,35595
7290013117410,false,מעדנות בצק פריך מרוד,,,מעדנות בצק פריך מרוד,גרמים,900.00,100 גרם,false,,26.90,2.9889,true,1,35597
7290013117427,false,מעדנות בצק פריך מרוד,,,מעדנות בצק פריך מרוד,גרמים,900.00,100 גרם,false,,26.90,2.9889,true,1,35598
7290013121028,false,לחם לבן ללא גלוטן גר,,,לחם לבן ללא גלוטן גר,גרמים,500.00,100 גרם,false,,20.90,4.1800,true,1,49644
7290013121165,false,"לחמניות נקניקיה כשל""",,,"לחמניות נקניקיה כשל""",גרמים,460.00,100 גרם,false,,20.90,4.5435,true,1,49654
7290013144171,false,תערובת עוגת שוקולד 5,,,תערובת עוגת שוקולד 5,גרמים,560.00,100 גרם,false,,17.50,3.1250,true,1,15333
7290013144195,false,תערובת כדורי שוקולד,,,תערובת כדורי שוקולד,גרמים,500.00,100 גרם,false,,17.50,3.5000,true,1,15335
7290013144393,false,תמצית בטעם וניל 50גר,,,תמצית בטעם וניל 50גר,גרמים,50.00,100 גרם,false,,4.90,9.8000,true,1,15348
7290013144409,false,תמצית בטעם רום 50גר,,,תמצית בטעם רום 50גר,מיליליטרים,50.00,"100 מ""ל",false,,4.90,9.8000,true,1,15349
7290013144508,false,תמצית בטעם ורדים 50ג,,,תמצית בטעם ורדים 50ג,מיליליטרים,50.00,"100 מ""ל",false,,8.90,17.8000,true,1,15352
7290013144539,false,צבע מאכל אדום 50גר,,,צבע מאכל אדום 50גר,גרמים,50.00,100 גרם,false,,5.20,10.4000,true,1,15355
7290013144751,false,מימונס סירופ בטעם מי,,,מימונס סירופ בטעם מי,מיליליטרים,500.00,"100 מ""ל",false,,14.90,2.9800,true,1,15358
7290013144768,false,מימונס סירופ בטעם שו,,,מימונס סירופ בטעם שו,מיליליטרים,500.00,"100 מ""ל",false,,14.90,2.9800,true,1,15359
7290013145116,false,מימונס שקד מולבן מקל,,,מימונס שקד מולבן מקל,גרמים,100.00,100 גרם,false,,13.90,13.9000,true,1,15373
7290013145130,false,מימונס שקד מולבן חצו,,,מימונס שקד מולבן חצו,גרמים,100.00,100 גרם,false,,13.90,13.9000,true,1,15375
7290013145178,false,קוקוס טחון לבן 100 ג,,,קוקוס טחון לבן 100 ג,גרמים,100.00,100 גרם,false,,5.90,5.9000,true,1,15378
7290013145215,false,שומשום 400גר,,,שומשום 400גר,גרמים,400.00,100 גרם,false,,16.90,4.2250,true,1,15380
7290013145406,false,מימונס שוקולד ציפס ל,,,מימונס שוקולד ציפס ל,גרמים,250.00,100 גרם,false,,10.90,4.3600,true,1,15385
7290013145437,false,מימונס שוקולד ציפס 4,,,מימונס שוקולד ציפס 4,גרמים,250.00,100 גרם,false,,15.50,6.2000,true,1,15387
7290013145444,false,מימונס שוקולד ציפס 6,,,מימונס שוקולד ציפס 6,גרמים,250.00,100 גרם,false,,16.90,6.7600,true,1,15388
7290013145451,false,מימונס קקאו 150 גר,,,מימונס קקאו 150 גר,גרמים,150.00,100 גרם,false,,9.90,6.6000,true,1,15389
7290013145567,false,מיני מיני עדשים 90גר,,,מיני מיני עדשים 90גר,גרמים,90.00,100 גרם,false,,11.90,13.2222,true,1,15393
7290013145628,false,סוכריות צבעוניות לקי,,,סוכריות צבעוניות לקי,גרמים,200.00,100 גרם,false,,9.90,4.9500,true,1,15396
7290013145840,false,מימונס סוכר וניל 10*,,,מימונס סוכר וניל 10*,גרמים,100.00,100 גרם,false,,3.50,3.5000,true,1,15410
7290013145857,false,אבקת אפיה 10* 10 גרם,,,אבקת אפיה 10* 10 גרם,גרמים,100.00,100 גרם,false,,3.50,3.5000,true,1,15411
7290013145871,false,מימונס שמרים יבשים 5,,,מימונס שמרים יבשים 5,גרמים,55.00,100 גרם,false,,10.90,19.8182,true,1,15413
7290013145901,false,סודה לשתיה 100 גרם,,,סודה לשתיה 100 גרם,גרמים,100.00,100 גרם,false,,2.90,2.9000,true,1,15414
7290013145918,false,אבקת סוכר 100 גרם,,,אבקת סוכר 100 גרם,גרמים,100.00,100 גרם,false,,2.90,2.9000,true,1,15415
7290013145956,false,מימונס שמרים יבשים ב,,,מימונס שמרים יבשים ב,גרמים,500.00,100 גרם,false,,14.90,2.9800,true,1,15418
7290013146304,false,מימונס קורנפלור 500,,,מימונס קורנפלור 500,גרמים,500.00,100 גרם,false,,7.90,1.5800,true,1,15432
7290013146410,false,נשיקות לקישוט צבע כח,,,נשיקות לקישוט צבע כח,יחידה,0.00,יחידה,false,,16.90,0.0000,true,1,63772
7290013146441,false,נשיקות לקישוט צבע ור,,,נשיקות לקישוט צבע ור,יחידה,0.00,יחידה,false,,16.90,0.0000,true,1,63774
7290013146724,false,אייס קפה להכנה ביתית,,,אייס קפה להכנה ביתית,גרמים,350.00,100 גרם,false,,19.90,5.6857,true,1,211078
7290013156921,false,"עוגיות  מרוקאיות לל""",,,"עוגיות  מרוקאיות לל""",גרמים,350.00,100 גרם,false,,18.90,5.4000,true,1,247941
7290013203182,false,שרי מנומר -ליקופן,,,שרי מנומר -ליקופן,גרמים,200.00,100 גרם,false,,9.90,4.9500,true,1,50874
7290013268242,false,ריצפז פרש הום בניחוח,,,ריצפז פרש הום בניחוח,ליטרים,2.00,ליטר,false,,22.90,11.4500,true,1,30258
7290013268884,false,ריצפז פרש מאסק 2 ליט,,,ריצפז פרש מאסק 2 ליט,ליטרים,2.00,ליטר,false,,19.90,9.9500,true,1,30285
7290013268990,false,סנו מקסימה מרכך מרוכ,,,סנו מקסימה מרכך מרוכ,יחידה,0.00,יחידה,false,,19.90,0.0000,true,1,30290
7290013269645,false,ריצפז פרש מטליות לחו,,,ריצפז פרש מטליות לחו,יחידה,0.00,יחידה,false,,12.90,0.0000,true,1,30307
7290013269751,false,ריצפז מטליות לחות לנ,,,ריצפז מטליות לחות לנ,יחידה,0.00,יחידה,false,,12.90,0.0000,true,1,30312
7290013269850,false,סנו סושי נייר אפיה א,,,סנו סושי נייר אפיה א,יחידה,0.00,יחידה,false,,17.90,0.0000,true,1,30316
7290013269911,false,333 - k,,,333 - k,מיליליטרים,750.00,"100 מ""ל",false,,32.90,4.3867,true,1,30319
7290013358356,false,מאסטר שף פירורי לחם,,,מאסטר שף פירורי לחם,גרמים,350.00,100 גרם,false,,9.90,2.8286,true,1,21476
7290013358363,false,מאסטר שף  פירורי לחם,,,מאסטר שף  פירורי לחם,גרמים,300.00,100 גרם,false,,10.50,3.5000,true,1,21477
7290013358417,false,מאסטר שף אסייאתי רוט,,,מאסטר שף אסייאתי רוט,מיליליטרים,300.00,"100 מ""ל",false,,14.90,4.9667,true,1,21481
7290013358493,false,מאסטר שף אסייאתי קרם,,,מאסטר שף אסייאתי קרם,מיליליטרים,400.00,"100 מ""ל",false,,9.90,2.4750,true,1,21487
7290013358806,false,מאגדת פריכיות עם מלח,,,מאגדת פריכיות עם מלח,גרמים,264.00,100 גרם,false,,13.90,5.2652,true,1,21498
7290013358837,false,מאגדת פריכיות אורז ל,,,מאגדת פריכיות אורז ל,גרמים,264.00,100 גרם,false,,13.90,5.2652,true,1,21499
7290013366634,false,חסה סלנובה,,,חסה סלנובה,יח',1.00,יח',false,,11.90,11.9000,true,1,47645
7290013389077,false,6 טורטיות חיטה תומר,,,6 טורטיות חיטה תומר,גרמים,425.00,100 גרם,false,,8.90,2.0941,true,1,25064
7290013389381,false,"קמח תירס תומר 1 ק""ג",,,"קמח תירס תומר 1 ק""ג",קילוגרמים,1.00,"ק""ג",false,,10.90,10.9000,true,1,25077
7290013412966,false,תולי מגבונים לחים 4*,,,תולי מגבונים לחים 4*,יחידה,0.00,יחידה,false,,11.90,0.0000,true,1,29484
7290013424952,false,אננס חתוך קפוא 500 ג,,,אננס חתוך קפוא 500 ג,גרמים,500.00,100 גרם,false,,12.90,2.5800,true,1,129698
7290013440648,false,אבטיח קרחונים מאגדת,,,אבטיח קרחונים מאגדת,גרמים,540.00,100 גרם,false,,27.90,5.1667,true,1,16099
7290013531117,false,רוטב לפסטה לילדים יכ,,,רוטב לפסטה לילדים יכ,גרמים,260.00,100 גרם,false,,6.50,2.5000,true,1,8724
7290013531582,false,זיתים חרוזית מגולעני,,,זיתים חרוזית מגולעני,גרמים,600.00,100 גרם,false,,11.90,1.9833,true,1,8734
7290013585233,false,פחית סליק 330 מל ZER,,,פחית סליק 330 מל ZER,מיליליטרים,330.00,"100 מ""ל",false,,5.50,1.6667,true,1,7084
7290013585257,false,ZERO ספרייט 0.5 ל,,,ZERO ספרייט 0.5 ל,מיליליטרים,500.00,"100 מ""ל",false,,7.50,1.5000,true,1,7086
7290013585387,false,קולה זירו 1 ליטר,,,קולה זירו 1 ליטר,ליטרים,1.00,ליטר,false,,7.90,7.9000,true,1,7096
7290013585394,false,קוקה קולה 1 ליטר,,,קוקה קולה 1 ליטר,ליטרים,1.00,ליטר,false,,7.90,7.9000,true,1,7097
7290013608260,false,פרימור מיץ רימונים ס,,,פרימור מיץ רימונים ס,יחידה,0.00,יחידה,false,,22.90,0.0000,true,1,23346
7290013675545,false,שניצל כלי תחבורה 700,,,שניצל כלי תחבורה 700,גרמים,700.00,100 גרם,false,,37.90,5.4143,true,1,25562
7290013677747,false,מיה אבקת שוקו בשקית,,,מיה אבקת שוקו בשקית,גרמים,500.00,100 גרם,false,,9.90,1.9800,true,1,15170
7290013848758,false,סנו מקסימה ג'ל כביסה,,,סנו מקסימה ג'ל כביסה,ליטרים,3.00,ליטר,false,,38.90,12.9667,true,1,30347
7290013906441,false,טירת צבי קבנוס 120 ג,,,טירת צבי קבנוס 120 ג,גרמים,120.00,100 גרם,false,,10.90,9.0833,true,1,25364
7290013906458,false,טירת צבי קבנוס פיקנט,,,טירת צבי קבנוס פיקנט,גרמים,120.00,100 גרם,false,,9.90,8.2500,true,1,25365
7290013906489,false,טירת צבי חטיפי מיני,,,טירת צבי חטיפי מיני,גרמים,120.00,100 גרם,false,,9.90,8.2500,true,1,25366
7290013906687,false,טירת צבי צמד כפרית ב,,,טירת צבי צמד כפרית ב,גרמים,600.00,100 גרם,false,,28.90,4.8167,true,1,25370
7290013906694,false,"נקניקיות עוף 1.5 ק""ג",,,"נקניקיות עוף 1.5 ק""ג",קילוגרמים,1.50,"100 ק""ג",false,,35.90,2393.3333,true,1,252505
7290014002197,false,תה חליטת קמומיל ולימ,,,תה חליטת קמומיל ולימ,גרמים,37.50,100 גרם,false,,17.90,47.7333,true,1,24710
7290014027213,false,ערק ג'בלנא מיוצר מכו,,,ערק ג'בלנא מיוצר מכו,מיליליטרים,700.00,"100 מ""ל",false,,54.90,7.8429,true,1,160072
7290014059085,false,משחה לשיקום והגנה סנ,,,משחה לשיקום והגנה סנ,מיליליטרים,75.00,"100 מ""ל",false,,25.90,34.5333,true,1,3904
7290014066380,false,לנדוור קפה אספרסו סו,,,לנדוור קפה אספרסו סו,יחידה,0.00,יחידה,false,,17.90,0.0000,true,1,46
7290014066526,false,לנדוור קפסולות אספרס,,,לנדוור קפסולות אספרס,יחידה,0.00,יחידה,false,,17.90,0.0000,true,1,62440
7290014079847,false,פטריות בייבי בלה מאר,,,פטריות בייבי בלה מאר,יח',1.00,יח',false,,14.90,14.9000,true,1,41482
7290014079854,false,זוג לבבות חסה ארץ הג,,,זוג לבבות חסה ארץ הג,יח',1.00,יח',false,,10.90,10.9000,true,1,41483
7290014094260,false,שום קלוף 200 גרם,,,שום קלוף 200 גרם,גרמים,200.00,100 גרם,false,,10.90,5.4500,true,1,41485
7290014094338,false,גרעיני דלעת קלופים 2,,,גרעיני דלעת קלופים 2,גרמים,250.00,100 גרם,false,,14.90,5.9600,true,1,4708
7290014094345,false,ששון הקולה גרעיני חמ,,,ששון הקולה גרעיני חמ,גרמים,300.00,100 גרם,false,,9.90,3.3000,true,1,4709
7290014094376,false,שזיף ללא גלעין בקופס,,,שזיף ללא גלעין בקופס,גרמים,330.00,100 גרם,false,,23.90,7.2424,true,1,4712
7290014094390,false,חמוציות מסוכרות בקופ,,,חמוציות מסוכרות בקופ,גרמים,330.00,100 גרם,false,,14.90,4.5152,true,1,4714
7290014094628,false,פקאן טבעי 200גר ששון,,,פקאן טבעי 200גר ששון,גרמים,200.00,100 גרם,false,,24.90,12.4500,true,1,4732
7290014094895,false,אגוז מלך 150גר ששון,,,אגוז מלך 150גר ששון,גרמים,150.00,100 גרם,false,,10.90,7.2667,true,1,4745
7290014095861,false,שיבולת שועל דקה קווא,,,שיבולת שועל דקה קווא,גרמים,500.00,100 גרם,false,,6.90,1.3800,true,1,4749
7290014095946,false,פקאן בציפוי שוקולד מ,,,פקאן בציפוי שוקולד מ,גרמים,140.00,100 גרם,false,,11.90,8.5000,true,1,4750
7290014095960,false,שיבולת שועל עבה קווא,,,שיבולת שועל עבה קווא,גרמים,500.00,100 גרם,false,,6.90,1.3800,true,1,4752
7290014217003,false,תבלין פפריקה מעושנת,,,תבלין פפריקה מעושנת,גרמים,90.00,100 גרם,false,,11.30,12.5556,true,1,42372
7290014217065,false,טעם וריח אורגנו מיכל,,,טעם וריח אורגנו מיכל,גרמים,30.00,100 גרם,false,,10.10,33.6667,true,1,42377
7290014217225,false,טעם וריח גריל עוף מי,,,טעם וריח גריל עוף מי,גרמים,120.00,100 גרם,false,,10.80,9.0000,true,1,42384
7290014217263,false,תבלין תיבול פרגית טע,,,תבלין תיבול פרגית טע,גרמים,100.00,100 גרם,false,,11.90,11.9000,true,1,42385
7290014217355,false,תבלין אבקת קרי טעם ו,,,תבלין אבקת קרי טעם ו,גרמים,100.00,100 גרם,false,,11.80,11.8000,true,1,42389
7290014218536,false,בצק עלים מופחת שומן,,,בצק עלים מופחת שומן,קילוגרמים,1.00,"ק""ג",false,,23.90,23.9000,true,1,35625
7290014218932,false,חטיפי פיצה בתוספת זי,,,חטיפי פיצה בתוספת זי,גרמים,710.00,100 גרם,false,,37.90,5.3380,true,1,35651
7290014325036,false,ג'לי שמחות 600 גרם,,,ג'לי שמחות 600 גרם,גרמים,600.00,100 גרם,false,,21.90,3.6500,true,1,15178
7290014397781,false,ריצפז פרש הום סבון מ,,,ריצפז פרש הום סבון מ,ליטרים,2.00,ליטר,false,,22.90,11.4500,true,1,30404
7290014435803,false,מטיאס הולנדי פרובנצי,,,מטיאס הולנדי פרובנצי,גרמים,180.00,100 גרם,false,,18.90,10.5000,true,1,17738
7290014435810,false,הרינג כבוש עם בצל במ,,,הרינג כבוש עם בצל במ,גרמים,180.00,100 גרם,false,,18.90,10.5000,true,1,17739
7290014435841,false,פילה מטיאס הולנדי  ב,,,פילה מטיאס הולנדי  ב,גרמים,180.00,100 גרם,false,,18.90,10.5000,true,1,17742
7290014455245,false,גד גרנה פדנו משולש כ,,,גד גרנה פדנו משולש כ,גרמים,200.00,100 גרם,false,,26.50,13.2500,true,1,14681
7290014455252,false,גד גרנה פדנו מגורד כ,,,גד גרנה פדנו מגורד כ,גרמים,100.00,100 גרם,false,,12.90,12.9000,true,1,14682
7290014455320,false,גד כדור מוצרלה פרסקה,,,גד כדור מוצרלה פרסקה,גרמים,100.00,100 גרם,false,,10.90,10.9000,true,1,14685
7290014459137,false,תפוגן סטייק ציפס 1.5,,,תפוגן סטייק ציפס 1.5,קילוגרמים,1.50,"ק""ג",false,,26.90,17.9333,true,1,19801
7290014459472,false,תפוגן צ`יפס קלאסי 2,,,תפוגן צ`יפס קלאסי 2,קילוגרמים,2.00,"ק""ג",false,,29.90,14.9500,true,1,19808
7290014459632,false,"טוגן 1.5 ק""ג",,,"טוגן 1.5 ק""ג",קילוגרמים,1.50,"ק""ג",false,,18.90,12.6000,true,1,19811
7290014466128,false,יקבי רמת הגולן הר חר,,,יקבי רמת הגולן הר חר,מיליליטרים,750.00,"100 מ""ל",false,,33.90,4.5200,true,1,41576
7290014471412,false,מוזלי בוטנים אגוזים,,,מוזלי בוטנים אגוזים,קילוגרמים,1.00,"ק""ג",false,,19.90,19.9000,true,1,4753
7290014471443,false,גרנולה צימוקים אגוזי,,,גרנולה צימוקים אגוזי,קילוגרמים,1.00,"ק""ג",false,,19.90,19.9000,true,1,4756
7290014472235,false,פקאן סיני מסוכר בקופ,,,פקאן סיני מסוכר בקופ,גרמים,200.00,100 גרם,false,,24.90,12.4500,true,1,4769
7290014472990,false,ממרח 100% שקדים שקדי,,,ממרח 100% שקדים שקדי,גרמים,300.00,100 גרם,false,,33.90,11.3000,true,1,4795
7290014525573,false,מרבה שוקודליס עוגיות,,,מרבה שוקודליס עוגיות,גרמים,145.00,100 גרם,false,,14.90,10.2759,true,1,21532
7290014636545,false,שלישית מגבות מטבח פס,,,שלישית מגבות מטבח פס,יחידה,0.00,יחידה,false,,19.90,0.0000,true,1,254051
7290014636682,false,מגבת פנים,,,מגבת פנים,יחידה,0.00,יחידה,false,,19.90,0.0000,true,1,28102
7290014636903,false,כרבולית מינק 130/170,,,כרבולית מינק 130/170,יחידה,0.00,יחידה,false,,49.90,0.0000,true,1,397549
7290014673014,false,תבליני מימון פלפל אנ,,,תבליני מימון פלפל אנ,גרמים,90.00,100 גרם,false,,15.20,16.8889,true,1,356
7290014673021,false,תבליני מימון פלפל שח,,,תבליני מימון פלפל שח,גרמים,100.00,100 גרם,false,,15.20,15.2000,true,1,357
7290014673434,false,פלפל שחור גרוס דק בש,,,פלפל שחור גרוס דק בש,גרמים,80.00,100 גרם,false,,9.30,11.6250,true,1,367
7290014674004,false,פירורי לחם עם שומשום,,,פירורי לחם עם שומשום,גרמים,300.00,100 גרם,false,,7.90,2.6333,true,1,326055
7290014692299,false,גבינת ברי 125 גרם EU,,,גבינת ברי 125 גרם EU,גרמים,125.00,100 גרם,false,,21.90,17.5200,true,1,2990
7290014692305,false,גבינת קממבר 125 גרם,,,גבינת קממבר 125 גרם,גרמים,125.00,100 גרם,false,,21.90,17.5200,true,1,2991
7290014731264,false,כוסות לשתיה קרה חד פ,,,כוסות לשתיה קרה חד פ,יח',100.00,יח',false,,7.90,0.0790,true,1,28103
7290014749245,false,רצועות שניצל שומשום,,,רצועות שניצל שומשום,גרמים,600.00,100 גרם,false,,40.90,6.8167,true,1,63800
7290014749849,false,שניצל עוף דקיק בציפו,,,שניצל עוף דקיק בציפו,גרמים,720.00,100 גרם,false,,41.20,5.7222,true,1,134511
7290014749887,false,שניצל עוף דקיק ענקיס,,,שניצל עוף דקיק ענקיס,גרמים,720.00,100 גרם,false,,40.90,5.6806,true,1,134513
7290014758100,false,יוגורט תנובה 3% 8*15,,,יוגורט תנובה 3% 8*15,קילוגרמים,1.20,"ק""ג",false,,17.90,14.9167,true,1,25988
7290014758117,false,יוגורט תנובה 1.5% 8*,,,יוגורט תנובה 1.5% 8*,קילוגרמים,1.20,"ק""ג",false,,17.90,14.9167,true,1,25989
7290014758162,false,חלב תנובה עיזים מלא,,,חלב תנובה עיזים מלא,ליטרים,1.00,ליטר,false,,15.90,15.9000,true,1,25991
7290014759978,false,גבינות תנובה קצקבל פ,,,גבינות תנובה קצקבל פ,גרמים,200.00,100 גרם,false,,27.90,13.9500,true,1,26005
7290014760134,false,גביע מעדן סויה בטעם,,,גביע מעדן סויה בטעם,גרמים,125.00,100 גרם,false,,3.90,3.1200,true,1,26008
7290014760141,false,תנובה משקה שקדים טרי,,,תנובה משקה שקדים טרי,יחידה,0.00,יחידה,false,,14.50,0.0000,true,1,26009
7290014760448,false,גלבוע 22% 400 גרם,,,גלבוע 22% 400 גרם,גרמים,400.00,100 גרם,false,,25.90,6.4750,true,1,26012
7290014760912,false,גוש חלב 28% מהדרין 4,,,גוש חלב 28% מהדרין 4,גרמים,400.00,100 גרם,false,,27.90,6.9750,true,1,26016
7290014761056,false,יולו שוקולד חלב מעול,,,יולו שוקולד חלב מעול,גרמים,122.00,100 גרם,false,,4.90,4.0164,true,1,26018
7290014761063,false,יולו שוקולד מריר מעו,,,יולו שוקולד מריר מעו,גרמים,122.00,100 גרם,false,,4.90,4.0164,true,1,26019
7290014761193,false,פרילי פירות יער 1.5%,,,פרילי פירות יער 1.5%,גרמים,125.00,100 גרם,false,,3.90,3.1200,true,1,26021
7290014762756,false,נפוליאון 16% עם בצל,,,נפוליאון 16% עם בצל,גרמים,225.00,100 גרם,false,,14.90,6.6222,true,1,26048
7290014762800,false,גביע מעדן סויה בטעם,,,גביע מעדן סויה בטעם,גרמים,125.00,100 גרם,false,,3.90,3.1200,true,1,26053
7290014762831,false,גבינת שמנת נפוליאון,,,גבינת שמנת נפוליאון,גרמים,225.00,100 גרם,false,,14.90,6.6222,true,1,26054
7290014762909,false,פתיתי מוצרלה 200 גר`,,,פתיתי מוצרלה 200 גר`,גרמים,200.00,100 גרם,false,,17.90,8.9500,true,1,26058
7290014762947,false,לאבנה גלילית פיראוס,,,לאבנה גלילית פיראוס,גרמים,750.00,100 גרם,false,,23.90,3.1867,true,1,26060
7290014763272,false,משקה סויה ביו עם תות,,,משקה סויה ביו עם תות,מיליליטרים,250.00,"100 מ""ל",false,,5.90,2.3600,true,1,26065
7290014860070,false,"מקלוני אורז 5 מ""מ לל",,,"מקלוני אורז 5 מ""מ לל",גרמים,454.00,100 גרם,false,,10.90,2.4009,true,1,47469
7290014860988,false,שימורי קרם קוקוס 17%,,,שימורי קרם קוקוס 17%,מיליליטרים,400.00,"100 מ""ל",false,,9.90,2.4750,true,1,47472
7290014940901,false,לחם פשוט מלא אנגל 75,,,לחם פשוט מלא אנגל 75,גרמים,750.00,100 גרם,false,,15.90,2.1200,true,1,35447
7290014945210,false,צמרוני עץ 300 יח בשק,,,צמרוני עץ 300 יח בשק,יח',300.00,יח',false,,3.50,0.0117,true,1,96469
7290015009027,false,חומץ בלסמי חומציות 6,,,חומץ בלסמי חומציות 6,מיליליטרים,500.00,"100 מ""ל",false,,23.90,4.7800,true,1,47790
7290015039253,false,עלי גפן במי במלח ויל,,,עלי גפן במי במלח ויל,גרמים,620.00,100 גרם,false,,10.90,1.7581,true,1,3010
7290015039338,false,טונה במי מלח ויליפוד,,,טונה במי מלח ויליפוד,גרמים,640.00,100 גרם,false,,22.90,3.5781,true,1,3011
7290015129121,false,סקיני פסטה קונג'אק ב,,,סקיני פסטה קונג'אק ב,גרמים,270.00,100 גרם,false,,11.90,4.4074,true,1,254436
7290015129251,false,סקיני - פסטה פטוצ'ינ,,,סקיני - פסטה פטוצ'ינ,גרמים,270.00,100 גרם,false,,12.90,4.7778,true,1,100075
7290015150088,false,מחית עגבניות בלה איט,,,מחית עגבניות בלה איט,גרמים,700.00,100 גרם,false,,13.90,1.9857,true,1,24747
7290015150118,false,עגבניות חתוכות דק בל,,,עגבניות חתוכות דק בל,גרמים,400.00,100 גרם,false,,19.90,4.9750,true,1,24750
7290015253321,false,"פחם 2 ק""ג ירוק פרימי",,,"פחם 2 ק""ג ירוק פרימי",קילוגרמים,2.00,"ק""ג",false,,16.90,8.4500,true,1,86996
7290015282598,false,חומוס מסעדות,,,חומוס מסעדות,גרמים,200.00,100 גרם,false,,10.90,5.4500,true,1,17767
7290015282604,false,טחינה מיוחדת,,,טחינה מיוחדת,גרמים,200.00,100 גרם,false,,10.90,5.4500,true,1,17768
7290015282628,false,חציל בטעם כבד סלטי ש,,,חציל בטעם כבד סלטי ש,גרמים,200.00,100 גרם,false,,12.90,6.4500,true,1,17770
7290015282635,false,חומוס מסבחה,,,חומוס מסבחה,גרמים,200.00,100 גרם,false,,10.90,5.4500,true,1,17771
7290015282642,false,חומוס אבו גוש,,,חומוס אבו גוש,גרמים,200.00,100 גרם,false,,10.90,5.4500,true,1,17772
7290015282697,false,סלט כרוב אדום 200ג ש,,,סלט כרוב אדום 200ג ש,גרמים,200.00,100 גרם,false,,12.90,6.4500,true,1,17776
7290015282741,false,חציל תילאנדי סלטי שמ,,,חציל תילאנדי סלטי שמ,גרמים,200.00,100 גרם,false,,12.90,6.4500,true,1,17780
7290015282796,false,סלט תפוח אדמה 200 ג,,,סלט תפוח אדמה 200 ג,גרמים,200.00,100 גרם,false,,12.90,6.4500,true,1,17785
7290015324007,false,טעם וריח פלפל שחור ג,,,טעם וריח פלפל שחור ג,גרמים,80.00,100 גרם,false,,14.90,18.6250,true,1,42397
7290015324038,false,טעם וריח פפריקה בשמן,,,טעם וריח פפריקה בשמן,גרמים,80.00,100 גרם,false,,7.90,9.8750,true,1,42399
7290015324045,false,תבלין פפריקה חריפה ב,,,תבלין פפריקה חריפה ב,גרמים,80.00,100 גרם,false,,7.90,9.8750,true,1,42400
7290015324052,false,טעם וריח פפריקה מתוק,,,טעם וריח פפריקה מתוק,גרמים,80.00,100 גרם,false,,7.90,9.8750,true,1,42401
7290015324069,false,טעם וריח גריל עוף שק,,,טעם וריח גריל עוף שק,גרמים,80.00,100 גרם,false,,7.90,9.8750,true,1,42402
7290015324083,false,טעם וריח מלח לימון ש,,,טעם וריח מלח לימון ש,גרמים,80.00,100 גרם,false,,7.90,9.8750,true,1,42404
7290015324090,false,טעם וריח כמון שקית 8,,,טעם וריח כמון שקית 8,גרמים,80.00,100 גרם,false,,7.90,9.8750,true,1,42405
7290015324106,false,טעם וריח כורכום שקית,,,טעם וריח כורכום שקית,גרמים,80.00,100 גרם,false,,7.90,9.8750,true,1,42406
7290015324120,false,טעם וריח שום גבישי ב,,,טעם וריח שום גבישי ב,גרמים,80.00,100 גרם,false,,10.10,12.6250,true,1,42408
7290015324151,false,תבלין חוויאג למרק  ב,,,תבלין חוויאג למרק  ב,גרמים,80.00,100 גרם,false,,6.00,7.5000,true,1,42409
7290015328685,false,מנורת לד 9 וולט,,,מנורת לד 9 וולט,יחידה,0.00,יחידה,false,,8.90,0.0000,true,1,13230
7290015328739,false,האשפתון 75*65 2 גליל,,,האשפתון 75*65 2 גליל,יח',30.00,יח',false,,12.90,0.4300,true,1,13235
7290015347259,false,פירורי לחם מוזהבים 4,,,פירורי לחם מוזהבים 4,גרמים,400.00,100 גרם,false,,7.90,1.9750,true,1,15203
7290015347488,false,סוכר דמררה בשקית מיה,,,סוכר דמררה בשקית מיה,קילוגרמים,1.00,"ק""ג",false,,9.90,9.9000,true,1,15220
7290015348089,false,למברוסקו אמיליאנו לב,,,למברוסקו אמיליאנו לב,מיליליטרים,750.00,"100 מ""ל",false,,24.90,3.3200,true,1,9537
7290015348096,false,למברוסקו אמיליאנו רו,,,למברוסקו אמיליאנו רו,מיליליטרים,750.00,"100 מ""ל",false,,24.90,3.3200,true,1,9538
7290015366670,false,מש.שיניים מנטה אקווה,,,מש.שיניים מנטה אקווה,גרמים,100.00,100 גרם,false,,7.90,7.9000,true,1,3971
7290015572033,false,שרי צהוב,,,שרי צהוב,יח',1.00,יח',false,,9.90,9.9000,true,1,46521
7290015603218,false,אטריות עם עגבניות מז,,,אטריות עם עגבניות מז,גרמים,454.00,100 גרם,false,,10.90,2.4009,true,1,47478
7290015603522,false,נוזל אגוזי קוקוס 5-7,,,נוזל אגוזי קוקוס 5-7,מיליליטרים,400.00,"100 מ""ל",false,,6.90,1.7250,true,1,47481
7290015603546,false,שימורי קרם קוקוס 17-,,,שימורי קרם קוקוס 17-,מיליליטרים,400.00,"100 מ""ל",false,,9.90,2.4750,true,1,47482
7290015603584,false,ג'ינג'ר לבן כבוש ללא,,,ג'ינג'ר לבן כבוש ללא,גרמים,160.00,100 גרם,false,,8.90,5.5625,true,1,47484
7290015652285,false,אגוזים קלופים 250 גר,,,אגוזים קלופים 250 גר,גרמים,250.00,100 גרם,false,,20.00,8.0000,true,1,4822
7290015652308,false,מנצ'ס ששון הקולה 300,,,מנצ'ס ששון הקולה 300,גרמים,300.00,100 גרם,false,,10.00,3.3333,true,1,4824
7290015652322,false,בוטנים אמריקאים מצופ,,,בוטנים אמריקאים מצופ,גרמים,400.00,100 גרם,false,,10.00,2.5000,true,1,4826
7290015652407,false,פיסטוק קלוי ששון הקו,,,פיסטוק קלוי ששון הקו,גרמים,250.00,100 גרם,false,,20.00,8.0000,true,1,4833
7290015759168,false,נרות חנוכה רגילים,,,נרות חנוכה רגילים,יח',1.00,יח',false,,2.90,2.9000,true,1,46447
7290015766005,false,שרי וויטני יחידה,,,שרי וויטני יחידה,גרמים,500.00,100 גרם,false,,9.90,1.9800,true,1,50876
7290015766029,false,שרי כתום יח',,,שרי כתום יח',גרמים,460.00,100 גרם,false,,9.90,2.1522,true,1,50877
7290015781114,false,אימפרשן מרלו,,,אימפרשן מרלו,מיליליטרים,750.00,"100 מ""ל",false,,49.90,6.6533,true,1,11813
7290015781121,false,אימפרשן קברנה סובניו,,,אימפרשן קברנה סובניו,מיליליטרים,750.00,"100 מ""ל",false,,49.90,6.6533,true,1,11814
7290015781169,false,אימפרשן אדום חצי יבש,,,אימפרשן אדום חצי יבש,מיליליטרים,750.00,"100 מ""ל",false,,49.90,6.6533,true,1,11818
7290015781282,false,אימפרשן גוורצטרמינר,,,אימפרשן גוורצטרמינר,מיליליטרים,750.00,"100 מ""ל",false,,49.90,6.6533,true,1,11821
7290015858106,false,ממרח פסטו ביתי עללחם,,,ממרח פסטו ביתי עללחם,גרמים,180.00,100 גרם,false,,17.90,9.9444,true,1,23358
7290015858113,false,ממרח עגבניות מיובשות,,,ממרח עגבניות מיובשות,גרמים,180.00,100 גרם,false,,17.90,9.9444,true,1,23359
7290015858229,false,ממרח טפנד זיתי קלמטה,,,ממרח טפנד זיתי קלמטה,גרמים,180.00,100 גרם,false,,17.90,9.9444,true,1,23363
7290015865722,false,קונפיטורה לייט תות ש,,,קונפיטורה לייט תות ש,גרמים,400.00,100 גרם,false,,20.90,5.2250,true,1,215276
7290016006292,false,ספרינג מנגו בננה מלו,,,ספרינג מנגו בננה מלו,יחידה,0.00,יחידה,false,,6.90,0.0000,true,1,11691
7290016006339,false,מי עדן רביעייה 1 ליט,,,מי עדן רביעייה 1 ליט,ליטרים,4.00,ליטר,false,,11.90,2.9750,true,1,11693
7290016006346,false,שוופס סודה שישייה 0.,,,שוופס סודה שישייה 0.,ליטרים,3.00,ליטר,false,,15.90,5.3000,true,1,11694
7290016087147,false,רוטב עגבניות מתובל ל,,,רוטב עגבניות מתובל ל,גרמים,240.00,100 גרם,false,,5.90,2.4583,true,1,41335
7290016096491,false,נתחי טונה בשמן צמחי,,,נתחי טונה בשמן צמחי,גרמים,240.00,100 גרם,false,,12.90,5.3750,true,1,26559
7290016096675,false,טונה בשמן זית פילטונ,,,טונה בשמן זית פילטונ,גרמים,240.00,100 גרם,false,,17.90,7.4583,true,1,26564
7290016096811,false,ממרח טונה פילטונה רב,,,ממרח טונה פילטונה רב,גרמים,160.00,100 גרם,false,,20.90,13.0625,true,1,103673
7290016104875,false,סירופ בטעם שוקולד 70,,,סירופ בטעם שוקולד 70,גרמים,700.00,100 גרם,false,,12.90,1.8429,true,1,13277
7290016117417,false,כרית יפנית 6 יח,,,כרית יפנית 6 יח,יחידה,0.00,יחידה,false,,9.90,0.0000,true,1,358441
7290016136722,false,פסטה פנה ללא גלוטן 3,,,פסטה פנה ללא גלוטן 3,גרמים,340.00,100 גרם,false,,12.50,3.6765,true,1,40012
7290016150117,false,מעדן סלק בוואקום 500,,,מעדן סלק בוואקום 500,גרמים,500.00,100 גרם,false,,5.90,1.1800,true,1,47174
7290016150711,false,AVEL נוזל קוקוס תאיל,,,AVEL נוזל קוקוס תאיל,מיליליטרים,400.00,"100 מ""ל",false,,5.90,1.4750,true,1,48834
7290016197488,false,מטלית קסם לשיש מארז,,,מטלית קסם לשיש מארז,יחידה,0.00,יחידה,false,,11.90,0.0000,true,1,9089
7290016217742,false,חציל בטחינה סלטי שמי,,,חציל בטחינה סלטי שמי,גרמים,200.00,100 גרם,false,,10.90,5.4500,true,1,17798
7290016217759,false,חצילים בסגנון מרוקאי,,,חצילים בסגנון מרוקאי,גרמים,200.00,100 גרם,false,,12.90,6.4500,true,1,17799
7290016233155,false,טונה מונטריי במי במל,,,טונה מונטריי במי במל,גרמים,140.00,100 גרם,false,,7.00,5.0000,true,1,150750
7290016233209,false,טונה מונטריי בשמן תו,,,טונה מונטריי בשמן תו,גרמים,560.00,100 גרם,false,,24.90,4.4464,true,1,83324
7290016246018,false,בארכה מיקס פינוקיות,,,בארכה מיקס פינוקיות,גרמים,200.00,100 גרם,false,,14.90,7.4500,true,1,18782
7290016246025,false,בארכה פנוקיות חלבה ל,,,בארכה פנוקיות חלבה ל,גרמים,200.00,100 גרם,false,,14.90,7.4500,true,1,18783
7290016246209,false,בארכה חטיף חלבה וניל,,,בארכה חטיף חלבה וניל,גרמים,100.00,100 גרם,false,,3.90,3.9000,true,1,18785
7290016246445,false,בארכה טחינה גולמית מ,,,בארכה טחינה גולמית מ,גרמים,310.00,100 גרם,false,,13.90,4.4839,true,1,18789
7290016246490,false,בארכה חלבה קלאסית 40,,,בארכה חלבה קלאסית 40,גרמים,400.00,100 גרם,false,,10.90,2.7250,true,1,18791
7290016273090,false,סוכרית לוליפופ על מק,,,סוכרית לוליפופ על מק,גרמים,31.00,100 גרם,false,,5.50,17.7419,true,1,4013
7290016277678,false,שקד מולבן חצאים   20,,,שקד מולבן חצאים   20,גרמים,200.00,100 גרם,false,,19.90,9.9500,true,1,96334
7290016319309,false,אל סבון מאסק+משאבה פ,,,אל סבון מאסק+משאבה פ,ליטרים,1.00,ליטר,false,,11.90,11.9000,true,1,6025
7290016321661,false,מגבוני פרש וואנס רבי,,,מגבוני פרש וואנס רבי,יחידה,0.00,יחידה,false,,21.90,0.0000,true,1,6055
7290016372342,false,עגבניות חתוכות לקובי,,,עגבניות חתוכות לקובי,גרמים,400.00,100 גרם,false,,19.90,4.9750,true,1,24776
7290016372373,false,רסק עגבניות איטליה ב,,,רסק עגבניות איטליה ב,גרמים,280.00,100 גרם,false,,8.90,3.1786,true,1,24778
7290016387339,false,2 מטליות מיקרופייבר,,,2 מטליות מיקרופייבר,יחידה,0.00,יחידה,false,,18.90,0.0000,true,1,13554
7290016509786,false,פרסיל ג'ל 2.5 ליטר י,,,פרסיל ג'ל 2.5 ליטר י,ליטרים,2.50,ליטר,false,,36.90,14.7600,true,1,34863
7290016509809,false,פרסיל ג'ל 2.5 ליטר ק,,,פרסיל ג'ל 2.5 ליטר ק,ליטרים,2.50,ליטר,false,,36.90,14.7600,true,1,34865
7290016513684,false,כיסונים כפריים במילו,,,כיסונים כפריים במילו,יח',1.00,יח',false,,29.90,29.9000,true,1,374763
7290016513981,false,קרפלך במילוי תפוח אד,,,קרפלך במילוי תפוח אד,יח',1.00,יח',false,,17.90,17.9000,true,1,374976
7290016584011,false,חטיפוני גזר 350 גרם,,,חטיפוני גזר 350 גרם,גרמים,350.00,100 גרם,false,,11.90,3.4000,true,1,41490
7290016682243,false,פרי ניב מיץ אשכולית,,,פרי ניב מיץ אשכולית,ליטרים,2.00,ליטר,false,,16.90,8.4500,true,1,49390
7290016717631,false,יין  P.C  מוסקטו יין,,,יין  P.C  מוסקטו יין,מיליליטרים,750.00,"100 מ""ל",false,,44.90,5.9867,true,1,636
7290016823004,false,בזיליקום יח',,,בזיליקום יח',יח',1.00,יח',false,,6.90,6.9000,true,1,41492
7290016865943,false,אטריות ביצים פטוצ'ינ,,,אטריות ביצים פטוצ'ינ,גרמים,400.00,100 גרם,false,,14.90,3.7250,true,1,3684
7290016867114,false,לחם כוסמין קל מלא 50,,,לחם כוסמין קל מלא 50,גרמים,500.00,100 גרם,false,,17.90,3.5800,true,1,176618
7290016867152,false,פיתות קלות כוסמין 29,,,פיתות קלות כוסמין 29,גרמים,292.00,100 גרם,false,,13.90,4.7603,true,1,176649
7290016867176,false,לחמניות ק. כוסמין שו,,,לחמניות ק. כוסמין שו,גרמים,300.00,100 גרם,false,,13.90,4.6333,true,1,176650
7290016883091,false,חרדל דיז'ון שקדיה 35,,,חרדל דיז'ון שקדיה 35,גרמים,350.00,100 גרם,false,,10.00,2.8571,true,1,364179
7290016967074,false,חיטה מלאה אנגל 750 ג,,,חיטה מלאה אנגל 750 ג,גרמים,750.00,100 גרם,false,,17.90,2.3867,true,1,35453
7290017023212,false,רביעיית משקה שוופס ב,,,רביעיית משקה שוופס ב,ליטרים,1.32,ליטר,false,,13.90,10.5303,true,1,11713
7290017023229,false,רביעיית משקה שוופס ב,,,רביעיית משקה שוופס ב,ליטרים,1.32,ליטר,false,,13.90,10.5303,true,1,11714
7290017023236,false,רביעיית משקה שוופס ב,,,רביעיית משקה שוופס ב,ליטרים,1.32,ליטר,false,,13.90,10.5303,true,1,11715
7290017023854,false,"שוופס סודה 250 מ""ל ר",,,"שוופס סודה 250 מ""ל ר",ליטרים,1.00,ליטר,false,,13.90,13.9000,true,1,11739
7290017058689,false,זית שחור טבעי תומר 4,,,זית שחור טבעי תומר 4,גרמים,400.00,100 גרם,false,,16.90,4.2250,true,1,25171
7290017062907,false,קצף לכלים בניחוח תפו,,,קצף לכלים בניחוח תפו,מיליליטרים,500.00,"100 מ""ל",false,,12.90,2.5800,true,1,256240
7290017065137,false,גבינה ריקוטה למריחה,,,גבינה ריקוטה למריחה,גרמים,200.00,100 גרם,false,,11.90,5.9500,true,1,14703
7290017065441,false,גד פרוסות גאודה עיזי,,,גד פרוסות גאודה עיזי,גרמים,200.00,100 גרם,false,,35.90,17.9500,true,1,14720
7290017065786,false,גבינה אנגלית קשה צ'ד,,,גבינה אנגלית קשה צ'ד,גרמים,210.00,100 גרם,false,,22.90,10.9048,true,1,231730
7290017068978,false,שיבולת שועל מלאה להכ,,,שיבולת שועל מלאה להכ,קילוגרמים,1.00,"ק""ג",false,,11.90,11.9000,true,1,348598
7290017088105,false,ביייביסיטר נוחות מיד,,,ביייביסיטר נוחות מיד,יח',40.00,יח',false,,34.90,0.8725,true,1,29515
7290017088112,false,ביייביסיטר נוחות מיד,,,ביייביסיטר נוחות מיד,יח',36.00,יח',false,,34.90,0.9694,true,1,29516
7290017088136,false,ביייביסיטר נוחות מיד,,,ביייביסיטר נוחות מיד,יח',40.00,יח',false,,34.90,0.8725,true,1,29518
7290017088143,false,ביייביסיטר נוחות מיד,,,ביייביסיטר נוחות מיד,יח',40.00,יח',false,,34.90,0.8725,true,1,29519
7290017088914,false,מגבונים מבושם בייביס,,,מגבונים מבושם בייביס,יחידה,0.00,יחידה,false,,18.90,0.0000,true,1,91483
7290017105062,false,חומוס 6OZ יכין 200 ג,,,חומוס 6OZ יכין 200 ג,גרמים,200.00,100 גרם,false,,4.90,2.4500,true,1,8748
7290017105079,false,שעועית אפויה 6OZ יכי,,,שעועית אפויה 6OZ יכי,גרמים,200.00,100 גרם,false,,4.90,2.4500,true,1,8749
7290017105086,false,שעועית צ'ילי 6OZ יכי,,,שעועית צ'ילי 6OZ יכי,גרמים,200.00,100 גרם,false,,4.90,2.4500,true,1,8750
7290017105116,false,תורמוס 6OZ יכין 200,,,תורמוס 6OZ יכין 200,גרמים,200.00,100 גרם,false,,4.90,2.4500,true,1,8753
7290017105123,false,פול מצרי 6OZ יכין 20,,,פול מצרי 6OZ יכין 20,גרמים,200.00,100 גרם,false,,4.90,2.4500,true,1,8754
7290017105468,false,אפונה יכין 3*120 גרם,,,אפונה יכין 3*120 גרם,גרמים,360.00,100 גרם,false,,14.90,4.1389,true,1,8757
7290017105895,false,גרגרי חומוס מסעדות י,,,גרגרי חומוס מסעדות י,גרמים,550.00,100 גרם,false,,10.90,1.9818,true,1,77934
7290017142012,false,שמן קוקוס אורגני כתי,,,שמן קוקוס אורגני כתי,מיליליטרים,500.00,"100 מ""ל",false,,42.90,8.5800,true,1,29320
7290017142128,false,שמן זית כתית מעולה ק,,,שמן זית כתית מעולה ק,מיליליטרים,750.00,"100 מ""ל",false,,35.90,4.7867,true,1,29327
7290017142180,false,פילה טונה פרוס זית ל,,,פילה טונה פרוס זית ל,גרמים,120.00,100 גרם,false,,16.90,14.0833,true,1,29330
7290017142609,false,תרסיס שמן זית כתית ב,,,תרסיס שמן זית כתית ב,מיליליטרים,150.00,"100 מ""ל",false,,19.90,13.2667,true,1,364231
7290017239200,false,סלמון נורווגי מעושן,,,סלמון נורווגי מעושן,גרמים,100.00,100 גרם,false,,17.90,17.9000,true,1,130954
7290017275444,false,מיני קצפיות בטעם ענב,,,מיני קצפיות בטעם ענב,גרמים,140.00,100 גרם,false,,9.90,7.0714,true,1,268988
7290017304885,false,לחם שיפון וחיטה מלאה,,,לחם שיפון וחיטה מלאה,גרמים,750.00,100 גרם,false,,17.90,2.3867,true,1,35459
7290017374390,false,סט לשרותים TORINO  (,,,סט לשרותים TORINO  (,יחידה,0.00,יחידה,false,,24.90,0.0000,true,1,13565
7290017457703,false,מרכך כביסה מרוכז סוד,,,מרכך כביסה מרוכז סוד,מיליליטרים,900.00,"100 מ""ל",false,,9.90,1.1000,true,1,34885
7290017457734,false,מרכך כביסה מרוכז סוד,,,מרכך כביסה מרוכז סוד,מיליליטרים,900.00,"100 מ""ל",false,,9.90,1.1000,true,1,34888
7290017477169,false,קשיו קלוי ששון הקולה,,,קשיו קלוי ששון הקולה,גרמים,250.00,100 גרם,false,,20.00,8.0000,true,1,4905
7290017589565,false,"קלאסיק גוורץ 750 מ""ל",,,"קלאסיק גוורץ 750 מ""ל",מיליליטרים,750.00,"100 מ""ל",false,,35.50,4.7333,true,1,9550
7290017599229,false,סוכרזית סוכרלוז 200,,,סוכרזית סוכרלוז 200,גרמים,17.00,100 גרם,false,,24.90,146.4706,true,1,238442
7290017599250,false,סוכרזית קלאסי ממתיק,,,סוכרזית קלאסי ממתיק,גרמים,120.00,100 גרם,false,,16.90,14.0833,true,1,381665
7290017619378,false,מפיץ ריח עם מקלות 12,,,מפיץ ריח עם מקלות 12,מיליליטרים,120.00,"100 מ""ל",false,,39.90,33.2500,true,1,172315
7290017637587,false,קרם CURLS לתלתלים מו,,,קרם CURLS לתלתלים מו,מיליליטרים,200.00,"100 מ""ל",false,,29.90,14.9500,true,1,318228
7290017641379,false,חמישיית שוקולד חלב,,,חמישיית שוקולד חלב,גרמים,425.00,100 גרם,false,,15.90,3.7412,true,1,121174
7290017677804,false,קיקומן רוטב סויה ללא,,,קיקומן רוטב סויה ללא,מיליליטרים,444.00,"100 מ""ל",false,,21.90,4.9324,true,1,5354
7290017715346,false,זית שחור טאסוס תומר,,,זית שחור טאסוס תומר,גרמים,400.00,100 גרם,false,,16.90,4.2250,true,1,25183
7290017715407,false,זית שחור עם פלפל חרי,,,זית שחור עם פלפל חרי,גרמים,400.00,100 גרם,false,,16.90,4.2250,true,1,25184
7290017715520,false,שימורי חומוס תומר 55,,,שימורי חומוס תומר 55,גרמים,550.00,100 גרם,false,,5.90,1.0727,true,1,25189
7290017724027,false,עוגיות אלפא חורס אקל,,,עוגיות אלפא חורס אקל,גרמים,300.00,100 גרם,false,,24.90,8.3000,true,1,247782
7290017724034,false,עוגיות סנדוויץ ריבה,,,עוגיות סנדוויץ ריבה,גרמים,250.00,100 גרם,false,,24.90,9.9600,true,1,247795
7290017724058,false,עוגיות מעדן תמר אגוז,,,עוגיות מעדן תמר אגוז,גרמים,250.00,100 גרם,false,,24.90,9.9600,true,1,247797
7290017724126,false,עוגיות טחינה אקלר 25,,,עוגיות טחינה אקלר 25,גרמים,250.00,100 גרם,false,,24.90,9.9600,true,1,247841
7290017724164,false,"עוגיות אוזניים לל""תס",,,"עוגיות אוזניים לל""תס",גרמים,200.00,100 גרם,false,,24.90,12.4500,true,1,247898
7290017724171,false,עוגיות סנדוויץ ריבה,,,עוגיות סנדוויץ ריבה,גרמים,250.00,100 גרם,false,,24.90,9.9600,true,1,247899
7290017724256,false,"עוגיות שומשומית לל""ת",,,"עוגיות שומשומית לל""ת",גרמים,200.00,100 גרם,false,,24.90,12.4500,true,1,247916
7290017724263,false,"עוגיות בטהובן לל""תס",,,"עוגיות בטהובן לל""תס",גרמים,300.00,100 גרם,false,,24.90,8.3000,true,1,288237
7290017724300,false,עוגיות גרנולה אקלר 2,,,עוגיות גרנולה אקלר 2,גרמים,200.00,100 גרם,false,,24.90,12.4500,true,1,247884
7290017812380,false,תירוש מיץ ענבים אדום,,,תירוש מיץ ענבים אדום,מיליליטרים,750.00,"100 מ""ל",false,,13.90,1.8533,true,1,648
7290017812571,false,תירוש מיץ ענבים אדום,,,תירוש מיץ ענבים אדום,ליטרים,1.00,ליטר,false,,22.90,22.9000,true,1,54216
7290017812861,false,יין וינו לבן יבש יקב,,,יין וינו לבן יבש יקב,מיליליטרים,750.00,"100 מ""ל",false,,23.90,3.1867,true,1,158554
7290017816081,false,טורטיה מקור הכוסמין,,,טורטיה מקור הכוסמין,גרמים,320.00,100 גרם,false,,16.90,5.2812,true,1,232617
7290017872179,false,עוגיות טחינה טוסו 20,,,עוגיות טחינה טוסו 20,גרמים,200.00,100 גרם,false,,16.90,8.4500,true,1,69969
7290017872193,false,עוגיות שקדים וקינמון,,,עוגיות שקדים וקינמון,גרמים,200.00,100 גרם,false,,16.90,8.4500,true,1,69971
7290017888026,false,פרוט & וג' אננס תפוח,,,פרוט & וג' אננס תפוח,מיליליטרים,330.00,"100 מ""ל",false,,7.90,2.3939,true,1,11752
7290017888095,false,רביעיית מ.עדין שוופס,,,רביעיית מ.עדין שוופס,ליטרים,1.32,ליטר,false,,12.90,9.7727,true,1,11756
7290017888101,false,רביעיית מ.עדין שוופס,,,רביעיית מ.עדין שוופס,ליטרים,1.32,ליטר,false,,12.90,9.7727,true,1,11757
7290017888644,false,פרוט & וג' אננס בננה,,,פרוט & וג' אננס בננה,גרמים,330.00,100 גרם,false,,7.90,2.3939,true,1,59283
7290017888729,false,שוופס סודה 1 ליטר,,,שוופס סודה 1 ליטר,ליטרים,1.00,ליטר,false,,4.50,4.5000,true,1,67139
7290017888972,false,מי עדן פקק ספורט 1 ל,,,מי עדן פקק ספורט 1 ל,ליטרים,1.00,ליטר,false,,4.90,4.9000,true,1,71236
7290017928036,false,מקלות גריסיני שומשום,,,מקלות גריסיני שומשום,גרמים,175.00,100 גרם,false,,12.90,7.3714,true,1,5355
7290017928043,false,גריסיני קראנץ' מלח מ,,,גריסיני קראנץ' מלח מ,גרמים,175.00,100 גרם,false,,12.90,7.3714,true,1,5356
7290017928098,false,בייגלה שטוח מלח מאיר,,,בייגלה שטוח מלח מאיר,גרמים,330.00,100 גרם,false,,11.90,3.6061,true,1,178963
7290017928524,false,בייגלה שטוח ניגובים,,,בייגלה שטוח ניגובים,גרמים,300.00,100 גרם,false,,11.90,3.9667,true,1,183319
7290017928685,false,בייגלה שמיניות עם מל,,,בייגלה שמיניות עם מל,גרמים,400.00,100 גרם,false,,11.90,2.9750,true,1,178914
7290017928807,false,אצבעות שומשום מאיר ב,,,אצבעות שומשום מאיר ב,גרמים,300.00,100 גרם,false,,11.90,3.9667,true,1,5370
7290017928821,false,מקלות גריסיני קלאסי,,,מקלות גריסיני קלאסי,גרמים,200.00,100 גרם,false,,12.90,6.4500,true,1,5372
7290017941264,false,מזלגות 40 יח' עבה במ,,,מזלגות 40 יח' עבה במ,יחידה,0.00,יחידה,false,,8.90,0.0000,true,1,119216
7290017941288,false,נר נשמה 24 שעות,,,נר נשמה 24 שעות,יחידה,0.00,יחידה,false,,2.50,0.0000,true,1,153997
7290017941301,false,נר נשמה 48 שעות בזכו,,,נר נשמה 48 שעות בזכו,יחידה,0.00,יחידה,false,,5.90,0.0000,true,1,154010
7290017941363,false,להבונים 50 יח' 4 שעו,,,להבונים 50 יח' 4 שעו,יחידה,0.00,יחידה,false,,11.90,0.0000,true,1,164839
7290017941394,false,נייר סנדוויץ 100 יח',,,נייר סנדוויץ 100 יח',יחידה,0.00,יחידה,false,,10.90,0.0000,true,1,129679
7290017941400,false,כוסות 4OZ אספרסו 50,,,כוסות 4OZ אספרסו 50,יחידה,0.00,יחידה,false,,10.90,0.0000,true,1,143917
7290017941455,false,כוסות 9oz לשתיה חמה,,,כוסות 9oz לשתיה חמה,יחידה,0.00,יחידה,false,,14.90,0.0000,true,1,132845
7290017941462,false,כוסות שתיה חמה 8B  י,,,כוסות שתיה חמה 8B  י,יחידה,0.00,יחידה,false,,10.90,0.0000,true,1,125780
7290017941516,false,שקיות זיפר S לאחסון-,,,שקיות זיפר S לאחסון-,יחידה,0.00,יחידה,false,,7.90,0.0000,true,1,140375
7290017941523,false,שקיות זיפר L לאחסון-,,,שקיות זיפר L לאחסון-,יחידה,0.00,יחידה,false,,8.90,0.0000,true,1,140376
7290017941691,false,מפת שולחן מהודרת 270,,,מפת שולחן מהודרת 270,יחידה,0.00,יחידה,false,,9.90,0.0000,true,1,154026
7290017941707,false,זוג מפות אירוח 120*1,,,זוג מפות אירוח 120*1,יחידה,0.00,יחידה,false,,8.90,0.0000,true,1,154040
7290017941820,false,כוסות שתיה קרה  כחול,,,כוסות שתיה קרה  כחול,יחידה,0.00,יחידה,false,,14.90,0.0000,true,1,112296
7290017941905,false,קיסמים במלחיה 300 יח,,,קיסמים במלחיה 300 יח,יחידה,0.00,יחידה,false,,3.90,0.0000,true,1,121187
7290017941967,false,שקיות אוכל XL  300 י,,,שקיות אוכל XL  300 י,יחידה,0.00,יחידה,false,,9.90,0.0000,true,1,146542
7290017941981,false,כוסות 12OZ לשתייה חמ,,,כוסות 12OZ לשתייה חמ,יחידה,0.00,יחידה,false,,17.90,0.0000,true,1,276670
7290017947891,false,לחם כוסמין וחיטה מלא,,,לחם כוסמין וחיטה מלא,גרמים,750.00,100 גרם,false,,17.90,2.3867,true,1,35461
7290017974873,false,כיסונים למרק במילוי,,,כיסונים למרק במילוי,יח',1.00,יח',false,,29.90,29.9000,true,1,374764
7290018091616,false,מקלות פילו גבינה 450,,,מקלות פילו גבינה 450,גרמים,450.00,100 גרם,false,,18.90,4.2000,true,1,76819
7290018091838,false,חטיפי בורקס מבצק פיל,,,חטיפי בורקס מבצק פיל,גרמים,600.00,100 גרם,false,,24.90,4.1500,true,1,110449
7290018131251,false,אקסטרים מטבע שוקולד,,,אקסטרים מטבע שוקולד,יחידה,0.00,יחידה,false,,9.90,0.0000,true,1,62509
7290018131954,false,לה פרוטה מאגדת בטעם,,,לה פרוטה מאגדת בטעם,גרמים,350.00,100 גרם,false,,31.90,9.1143,true,1,117653
7290018132388,false,מטרנה גולד בדץ שלב 2,,,מטרנה גולד בדץ שלב 2,גרמים,700.00,100 גרם,false,,75.90,10.8429,true,1,367448
7290018165447,false,יין רזרב גולד מרלו 7,,,יין רזרב גולד מרלו 7,מיליליטרים,750.00,"100 מ""ל",false,,49.90,6.6533,true,1,107011
7290018192023,true,סלרי מקלות  ליח,,,סלרי מקלות  ליח,יח',1.00,יח',false,,6.90,6.9000,true,1,41512
7290018213476,false,כף אשפה מתקפל GLOW (,,,כף אשפה מתקפל GLOW (,יחידה,0.00,יחידה,false,,17.90,0.0000,true,1,382661
7290018225356,false,מיחם לשבת 40 כוסות -,,,מיחם לשבת 40 כוסות -,יחידה,0.00,יחידה,false,,269.90,0.0000,true,1,122449
7290018236086,false,ע.ט. נקניקיות עוף 12,,,ע.ט. נקניקיות עוף 12,קילוגרמים,1.00,"ק""ג",false,,28.90,28.9000,true,1,145337
7290018237281,false,נקניק סלמי ירדן עוף,,,נקניק סלמי ירדן עוף,גרמים,550.00,100 גרם,false,,22.90,4.1636,true,1,175728
7290018237373,false,פסטרמה צרובה על הגרי,,,פסטרמה צרובה על הגרי,גרמים,300.00,100 גרם,false,,28.90,9.6333,true,1,153139
7290018237496,false,עוף טוב דק דק פסטרמה,,,עוף טוב דק דק פסטרמה,גרמים,220.00,100 גרם,false,,22.90,10.4091,true,1,212017
7290018237502,false,עוף טוב דק דק כתף בק,,,עוף טוב דק דק כתף בק,גרמים,200.00,100 גרם,false,,21.90,10.9500,true,1,212030
7290018237908,false,נקניקיות עסיסיות למנ,,,נקניקיות עסיסיות למנ,קילוגרמים,400.00,"ק""ג",false,,15.90,0.0398,true,1,309257
7290018237939,false,שניצלונים ציפוי שומש,,,שניצלונים ציפוי שומש,גרמים,700.00,100 גרם,false,,21.90,3.1286,true,1,363959
7290018294895,false,יין מונלייט לבן יקבי,,,יין מונלייט לבן יקבי,מיליליטרים,750.00,"100 מ""ל",false,,34.90,4.6533,true,1,366872
7290018294901,false,יין מונלייט אדום יבש,,,יין מונלייט אדום יבש,מיליליטרים,750.00,"100 מ""ל",false,,34.90,4.6533,true,1,366873
7290018343692,false,אלכוג'ל פרמה וויפס 7,,,אלכוג'ל פרמה וויפס 7,יחידה,0.00,יחידה,false,,25.90,0.0000,true,1,108703
7290018359495,false,תירס מהשדה בלי תוספת,,,תירס מהשדה בלי תוספת,גרמים,550.00,100 גרם,false,,10.90,1.9818,true,1,93638
7290018359686,false,חומוס ענק יכין 550 ג,,,חומוס ענק יכין 550 ג,גרמים,550.00,100 גרם,false,,9.90,1.8000,true,1,168534
7290018359716,false,רוטב פיצה טוסקנה יכי,,,רוטב פיצה טוסקנה יכי,גרמים,240.00,100 גרם,false,,6.50,2.7083,true,1,126243
7290018359884,false,פולפה ליקופן טבעית י,,,פולפה ליקופן טבעית י,גרמים,800.00,100 גרם,false,,17.90,2.2375,true,1,235983
7290018359938,false,רוטב עגבניות לשקשוקה,,,רוטב עגבניות לשקשוקה,גרמים,400.00,100 גרם,false,,13.90,3.4750,true,1,356148
7290018359945,false,חאריפה - רוטב פיקנטי,,,חאריפה - רוטב פיקנטי,גרמים,400.00,100 גרם,false,,13.90,3.4750,true,1,356149
7290018359952,false,רוטב עגבניות לפסטה י,,,רוטב עגבניות לפסטה י,גרמים,400.00,100 גרם,false,,13.90,3.4750,true,1,356150
7290018359969,false,רוטב עגבניות לפיצה י,,,רוטב עגבניות לפיצה י,גרמים,400.00,100 גרם,false,,13.90,3.4750,true,1,356151
7290018440490,false,סלט טונה עם ירקות וק,,,סלט טונה עם ירקות וק,גרמים,150.00,100 גרם,false,,15.90,10.6000,true,1,368568
7290018441626,false,גלידת שמנת בטעם מנטה,,,גלידת שמנת בטעם מנטה,גרמים,430.00,100 גרם,false,,24.90,5.7907,true,1,241802
7290018443552,false,לימון ליים,,,לימון ליים,גרמים,400.00,גרם,false,,10.90,0.0273,true,1,376071
7290018468401,false,פסטרמה צמחונית בטעם,,,פסטרמה צמחונית בטעם,גרמים,120.00,100 גרם,false,,15.90,13.2500,true,1,394722
7290018468425,false,נקניק טבעוני בטעם מע,,,נקניק טבעוני בטעם מע,גרמים,100.00,100 גרם,false,,15.90,15.9000,true,1,394724
7290018471210,false,קרטונית אגס תפוח וסב,,,קרטונית אגס תפוח וסב,ליטרים,1.00,ליטר,false,,6.90,6.9000,true,1,123930
7290018471401,false,פרוט ווג אננס בננה כ,,,פרוט ווג אננס בננה כ,ליטרים,1.00,ליטר,false,,13.90,13.9000,true,1,122937
7290018471470,false,נקטר תפוזינה ENJOY ב,,,נקטר תפוזינה ENJOY ב,ליטרים,1.00,ליטר,false,,6.90,6.9000,true,1,136633
7290018471494,false,נקטר תפוזינה ENJOY ב,,,נקטר תפוזינה ENJOY ב,ליטרים,1.00,ליטר,false,,6.90,6.9000,true,1,136635
7290018471548,false,ענבים ספרינג  4*250,,,ענבים ספרינג  4*250,ליטרים,1.00,ליטר,false,,11.90,11.9000,true,1,122938
7290018471906,false,שוופס מוגז לימונדה ו,,,שוופס מוגז לימונדה ו,ליטרים,1.50,ליטר,false,,9.50,6.3333,true,1,194235
7290018471920,false,שוופס ענבים מוגז 1.5,,,שוופס ענבים מוגז 1.5,ליטרים,1.50,ליטר,false,,9.50,6.3333,true,1,194237
7290018471937,false,שוופס מוגז פירות תות,,,שוופס מוגז פירות תות,ליטרים,1.50,ליטר,false,,9.50,6.3333,true,1,194238
7290018471944,false,שוופס מוגז למונייד 1,,,שוופס מוגז למונייד 1,ליטרים,1.50,ליטר,false,,9.50,6.3333,true,1,194239
7290018493144,false,אל סבון ארגאן סגול,,,אל סבון ארגאן סגול,ליטרים,1.00,ליטר,false,,16.90,16.9000,true,1,113096
7290018500361,false,לחם אחיד פרוס מאפיית,,,לחם אחיד פרוס מאפיית,גרמים,900.00,100 גרם,false,,8.32,0.9244,true,1,361033
7290018500385,true,חלה רגילה אנגל 650 ג,,,חלה רגילה אנגל 650 ג,גרמים,650.00,100 גרם,false,,6.50,1.0000,true,1,383129
7290018540329,false,פיתה פיתה אנגל 880 ג,,,פיתה פיתה אנגל 880 ג,יח',10.00,יח',false,,13.90,1.3900,true,1,116089
7290018571712,false,"אורז פרסי 1 ק""ג",,,"אורז פרסי 1 ק""ג",קילוגרמים,1.00,"ק""ג",false,,11.90,11.9000,true,1,348508
7290018571736,false,"אורז בסמטי 1 ק""ג",,,"אורז בסמטי 1 ק""ג",קילוגרמים,1.00,"ק""ג",false,,12.90,12.9000,true,1,348534
7290018626078,false,"צלחות קטנות ""7 שקוף",,,"צלחות קטנות ""7 שקוף",יחידה,0.00,יחידה,false,,11.90,0.0000,true,1,118731
7290018626535,false,שקיות נייר לכריכים 5,,,שקיות נייר לכריכים 5,יחידה,0.00,יחידה,false,,8.90,0.0000,true,1,129684
7290018626542,false,שקיות אשפה לפחים גדו,,,שקיות אשפה לפחים גדו,יחידה,0.00,יחידה,false,,13.90,0.0000,true,1,141971
7290018626627,false,מארז תבניות מאפינס 7,,,מארז תבניות מאפינס 7,יחידה,0.00,יחידה,false,,14.90,0.0000,true,1,227518
7290018626665,false,נייר אפיה לתבנית אינ,,,נייר אפיה לתבנית אינ,יחידה,0.00,יחידה,false,,8.90,0.0000,true,1,180261
7290018626856,false,כוסות ליקר 50 יח' WI,,,כוסות ליקר 50 יח' WI,יחידה,0.00,יחידה,false,,9.90,0.0000,true,1,180171
7290018626917,false,מפיות תלת שכבתיות 20,,,מפיות תלת שכבתיות 20,יחידה,0.00,יחידה,false,,5.90,0.0000,true,1,174888
7290018626955,false,מפיות תלת שכבתיות 20,,,מפיות תלת שכבתיות 20,יחידה,0.00,יחידה,false,,5.90,0.0000,true,1,174891
7290018652039,false,לה קרמריה קרמל מלוח,,,לה קרמריה קרמל מלוח,ליטרים,1.40,ליטר,false,,25.90,18.5000,true,1,136897
7290018720011,false,מעדני המלך קרנבל חיו,,,מעדני המלך קרנבל חיו,גרמים,250.00,100 גרם,false,,6.90,2.7600,true,1,126951
7290018795385,false,חסה לליק,,,חסה לליק,יח',1.00,יח',false,,12.90,12.9000,true,1,213643
7290018835005,false,אקסטרא צ'יפס אורז חו,,,אקסטרא צ'יפס אורז חו,גרמים,60.00,100 גרם,false,,8.90,14.8333,true,1,326084
7290018835029,false,מרק בטעם עוף פרווה ת,,,מרק בטעם עוף פרווה ת,גרמים,400.00,100 גרם,false,,15.90,3.9750,true,1,373063
7290018860984,false,אטריות ביצים דקות מז,,,אטריות ביצים דקות מז,גרמים,400.00,100 גרם,false,,9.90,2.4750,true,1,382386
7290018886175,false,כפיות עבות 50 יח'  ש,,,כפיות עבות 50 יח'  ש,יחידה,0.00,יחידה,false,,10.90,0.0000,true,1,158984
7290018886182,false,כפיות עבות 50 יח'  ק,,,כפיות עבות 50 יח'  ק,יחידה,0.00,יחידה,false,,10.90,0.0000,true,1,158985
7290018886229,false,מזלגות עבות 50 יח',,,מזלגות עבות 50 יח',יחידה,0.00,יחידה,false,,10.90,0.0000,true,1,158989
7290018886243,false,כפות עבות 50 יח'  קר,,,כפות עבות 50 יח'  קר,יחידה,0.00,יחידה,false,,10.90,0.0000,true,1,158991
7290018886823,false,קערת סלט בועות טורקי,,,קערת סלט בועות טורקי,יחידה,0.00,יחידה,false,,8.90,0.0000,true,1,180187
7290018886908,false,קערת סלט בועות טורקי,,,קערת סלט בועות טורקי,יחידה,0.00,יחידה,false,,14.90,0.0000,true,1,180219
7290018886977,false,נייר אפיה 50 יחידות,,,נייר אפיה 50 יחידות,יחידה,0.00,יחידה,false,,9.90,0.0000,true,1,181381
7290018886991,false,שמן קנולה אלומות 1 ל,,,שמן קנולה אלומות 1 ל,ליטרים,1.00,ליטר,false,,11.90,11.9000,true,1,173445
7290018893142,false,צ'וקטה גריסיני שמן ז,,,צ'וקטה גריסיני שמן ז,גרמים,120.00,100 גרם,false,,8.90,7.4167,true,1,366473
7290018893340,false,צ'וקטה גריסיני שומשו,,,צ'וקטה גריסיני שומשו,גרמים,120.00,100 גרם,false,,8.90,7.4167,true,1,366474
7290018894019,false,עוגות אישיות מיקס מק,,,עוגות אישיות מיקס מק,גרמים,350.00,100 גרם,false,,15.90,4.5429,true,1,316674
7290018894200,false,בלקוני קוביות וופל ו,,,בלקוני קוביות וופל ו,גרמים,250.00,100 גרם,false,,12.90,5.1600,true,1,342158
7290018894408,false,בלקוני קוביות וופל א,,,בלקוני קוביות וופל א,גרמים,250.00,100 גרם,false,,12.90,5.1600,true,1,342159
7290018929162,false,מקל מתכנת לבן 1.4 לי,,,מקל מתכנת לבן 1.4 לי,יחידה,0.00,יחידה,false,,7.90,0.0000,true,1,382711
7290018929209,false,Fresh Cover ניילון ל,,,Fresh Cover ניילון ל,יחידה,0.00,יחידה,false,,8.90,0.0000,true,1,376427
7290018989005,false,פולפה טבעית יכין  3*,,,פולפה טבעית יכין  3*,קילוגרמים,1.20,"ק""ג",false,,17.90,14.9167,true,1,235997
7290018989081,false,חומוס הבית יכין 400,,,חומוס הבית יכין 400,גרמים,400.00,100 גרם,false,,9.90,2.4750,true,1,354419
7290018989128,false,סירופ בטעם ענבים יכי,,,סירופ בטעם ענבים יכי,יחידה,0.00,יחידה,false,,20.90,0.0000,true,1,356264
7290019031062,false,תבנית R-2 מלבנית 7 י,,,תבנית R-2 מלבנית 7 י,יחידה,0.00,יחידה,false,,9.90,0.0000,true,1,268169
7290019031079,false,תבנית R-29 מרובעת קט,,,תבנית R-29 מרובעת קט,יחידה,0.00,יחידה,false,,9.90,0.0000,true,1,268170
7290019031086,false,תבנית R-31 גדולה 7 י,,,תבנית R-31 גדולה 7 י,יחידה,0.00,יחידה,false,,9.90,0.0000,true,1,268171
7290019031093,false,תבנית R-64 בינונית 7,,,תבנית R-64 בינונית 7,יחידה,0.00,יחידה,false,,9.90,0.0000,true,1,268172
7290019031109,false,תבנית R-88 אינגליש 1,,,תבנית R-88 אינגליש 1,יחידה,0.00,יחידה,false,,9.90,0.0000,true,1,268173
7290019031116,false,תבנית R-99 ענקית 3 י,,,תבנית R-99 ענקית 3 י,יחידה,0.00,יחידה,false,,9.90,0.0000,true,1,268174
7290019031123,false,תבנית אלומינים A-14,,,תבנית אלומינים A-14,יחידה,0.00,יחידה,false,,9.90,0.0000,true,1,268175
7290019031154,false,מגבת ענק איכותית 76*,,,מגבת ענק איכותית 76*,יחידה,0.00,יחידה,false,,49.90,0.0000,true,1,272147
7290019031215,false,כוסות 10OZ לשתייה חמ,,,כוסות 10OZ לשתייה חמ,יחידה,0.00,יחידה,false,,10.90,0.0000,true,1,276655
7290019031222,false,כוסות 12OZ לשתייה חמ,,,כוסות 12OZ לשתייה חמ,יחידה,0.00,יחידה,false,,12.90,0.0000,true,1,276656
7290019031420,false,אל סבון נוזלי שלישיי,,,אל סבון נוזלי שלישיי,מיליליטרים,500.00,"100 מ""ל",false,,11.90,2.3800,true,1,276495
7290019031444,false,אשפתון 65X54 XL חזקו,,,אשפתון 65X54 XL חזקו,יחידה,0.00,יחידה,false,,19.90,0.0000,true,1,305715
7290019031581,false,מארז 10 גביעיים + מכ,,,מארז 10 גביעיים + מכ,ליטרים,500.00,ליטר,false,,10.90,0.0218,true,1,269751
7290019031598,false,מארז 5 מכלים + מכסים,,,מארז 5 מכלים + מכסים,ליטרים,0.50,ליטר,false,,10.90,21.8000,true,1,269752
7290019031611,false,מארז 4 מכלים + מכסים,,,מארז 4 מכלים + מכסים,ליטרים,1.00,ליטר,false,,10.90,10.9000,true,1,269805
7290019031659,false,WIZ צלחות גדולות  שק,,,WIZ צלחות גדולות  שק,יחידה,0.00,יחידה,false,,15.90,0.0000,true,1,374870
7290019031666,false,WIZ צלחות קטנות שקופ,,,WIZ צלחות קטנות שקופ,יחידה,0.00,יחידה,false,,10.90,0.0000,true,1,374871
7290019031673,false,"WIZ מרקיות שקופות 7""",,,"WIZ מרקיות שקופות 7""",יחידה,0.00,יחידה,false,,10.90,0.0000,true,1,374884
7290019056027,false,שוופס מוגז פירות תפו,,,שוופס מוגז פירות תפו,ליטרים,1.50,ליטר,false,,8.90,5.9333,true,1,194253
7290019056041,false,שוופס מוגז פירות ללא,,,שוופס מוגז פירות ללא,ליטרים,1.50,ליטר,false,,8.90,5.9333,true,1,194267
7290019056065,false,שוופס מוגז עדין פירו,,,שוופס מוגז עדין פירו,ליטרים,1.50,ליטר,false,,8.90,5.9333,true,1,193675
7290019056072,false,שוופס מוגז עדין אננס,,,שוופס מוגז עדין אננס,ליטרים,1.50,ליטר,false,,8.90,5.9333,true,1,193689
7290019056096,false,שוופס מוגז עדין אפרס,,,שוופס מוגז עדין אפרס,ליטרים,1.50,ליטר,false,,8.90,5.9333,true,1,193691
7290019056133,false,שוופס סודה נענע ליים,,,שוופס סודה נענע ליים,ליטרים,1.50,ליטר,false,,4.50,3.0000,true,1,194269
7290019056157,false,שוופס סודה פירות יער,,,שוופס סודה פירות יער,ליטרים,1.50,ליטר,false,,4.50,3.0000,true,1,199859
7290019056164,false,שוופס סודה 4*1.5ליטר,,,שוופס סודה 4*1.5ליטר,ליטרים,6.00,ליטר,false,,12.50,2.0833,true,1,193598
7290019056171,false,שוופס סודה לימון 4*1,,,שוופס סודה לימון 4*1,ליטרים,6.00,ליטר,false,,12.50,2.0833,true,1,193612
7290019056201,false,שוופס פירות יער סודה,,,שוופס פירות יער סודה,ליטרים,6.00,ליטר,false,,12.50,2.0833,true,1,193629
7290019056232,false,שוופס ליים מוחיטו 1.,,,שוופס ליים מוחיטו 1.,ליטרים,1.50,ליטר,false,,9.50,6.3333,true,1,193705
7290019056249,false,שוופס וואטר ענבים 1.,,,שוופס וואטר ענבים 1.,ליטרים,1.50,ליטר,false,,8.90,5.9333,true,1,193542
7290019056256,false,שוופס וואטר בטעם תפו,,,שוופס וואטר בטעם תפו,ליטרים,1.50,ליטר,false,,8.90,5.9333,true,1,193556
7290019056263,false,שוופס וואטר אפרסק 1.,,,שוופס וואטר אפרסק 1.,ליטרים,1.50,ליטר,false,,8.90,5.9333,true,1,193557
7290019056300,false,שוופס ביטר לימון 1.5,,,שוופס ביטר לימון 1.5,ליטרים,1.50,ליטר,false,,12.50,8.3333,true,1,194284
7290019056324,false,שוופס מי טוניק 1.5 ל,,,שוופס מי טוניק 1.5 ל,ליטרים,1.50,ליטר,false,,12.50,8.3333,true,1,194298
7290019056331,false,שוופס טוניק ללא סוכר,,,שוופס טוניק ללא סוכר,ליטרים,1.50,ליטר,false,,11.90,7.9333,true,1,194299
7290019056355,false,תפוזינה לימונדה נענע,,,תפוזינה לימונדה נענע,ליטרים,1.50,ליטר,false,,8.90,5.9333,true,1,193149
7290019056362,false,תפוזינה ענבים 1.5 לי,,,תפוזינה ענבים 1.5 לי,ליטרים,1.50,ליטר,false,,8.90,5.9333,true,1,193269
7290019056379,false,תפוזינה תפוזים 1.5 ל,,,תפוזינה תפוזים 1.5 ל,ליטרים,1.50,ליטר,false,,8.90,5.9333,true,1,193316
7290019056386,false,תפוזינה אשכוליות 1.5,,,תפוזינה אשכוליות 1.5,ליטרים,1.50,ליטר,false,,8.90,5.9333,true,1,193317
7290019056393,false,תפוזינה תות בננה 1.5,,,תפוזינה תות בננה 1.5,ליטרים,1.50,ליטר,false,,8.90,5.9333,true,1,193331
7290019056409,false,תפוזינה מנגו עסיסי 1,,,תפוזינה מנגו עסיסי 1,ליטרים,1.50,ליטר,false,,8.90,5.9333,true,1,193332
7290019056430,false,תפוזינה תפוז 1.5 ליט,,,תפוזינה תפוז 1.5 ליט,ליטרים,1.50,ליטר,false,,8.90,5.9333,true,1,193384
7290019056447,false,תפוזינה אשכוליות 1.5,,,תפוזינה אשכוליות 1.5,ליטרים,1.50,ליטר,false,,8.90,5.9333,true,1,193397
7290019056515,false,פרוט ווטר אננס 1.5 ל,,,פרוט ווטר אננס 1.5 ל,ליטרים,1.50,ליטר,false,,9.50,6.3333,true,1,193502
7290019056539,false,פרוט ווטר אפרסק 1.5,,,פרוט ווטר אפרסק 1.5,ליטרים,1.50,ליטר,false,,9.50,6.3333,true,1,193516
7290019056553,false,עין גדי מים מינרלים,,,עין גדי מים מינרלים,ליטרים,12.00,ליטר,false,,13.70,1.1417,true,1,194439
7290019056560,false,עין גדי מים מינרלים,,,עין גדי מים מינרלים,ליטרים,2.00,ליטר,false,,3.90,1.9500,true,1,194440
7290019056577,false,ספרינג מנגו 1.5 ליטר,,,ספרינג מנגו 1.5 ליטר,ליטרים,1.50,ליטר,false,,8.90,5.9333,true,1,193032
7290019056584,false,ספרינג תפוזים 1.5 לי,,,ספרינג תפוזים 1.5 לי,ליטרים,1.50,ליטר,false,,8.90,5.9333,true,1,193033
7290019056591,false,ספרינג ענבים 1.5 ליט,,,ספרינג ענבים 1.5 ליט,ליטרים,1.50,ליטר,false,,8.90,5.9333,true,1,193046
7290019056621,false,ספרינג פירות טרופיים,,,ספרינג פירות טרופיים,ליטרים,1.50,ליטר,false,,8.90,5.9333,true,1,193061
7290019056638,false,ספרינג תות בננה 1.5,,,ספרינג תות בננה 1.5,ליטרים,1.50,ליטר,false,,8.90,5.9333,true,1,193079
7290019056720,false,קריסטל מיץ ענבים 2 ל,,,קריסטל מיץ ענבים 2 ל,ליטרים,2.00,ליטר,false,,7.90,3.9500,true,1,194300
7290019056751,false,קריסטל דיאט מיץ אשכו,,,קריסטל דיאט מיץ אשכו,ליטרים,2.00,ליטר,false,,7.20,3.6000,true,1,194315
7290019056768,false,קריסטל מיץ מנגו 2 לי,,,קריסטל מיץ מנגו 2 לי,ליטרים,2.00,ליטר,false,,7.90,3.9500,true,1,194316
7290019056812,false,קריסטל מנטה 2 ליטר,,,קריסטל מנטה 2 ליטר,ליטרים,2.00,ליטר,false,,7.90,3.9500,true,1,194357
7290019056959,false,מי עדן 1.5 ליטר,,,מי עדן 1.5 ליטר,ליטרים,1.50,ליטר,false,,3.90,2.6000,true,1,212296
7290019056973,false,מי עדן 6*1.5 ליטר,,,מי עדן 6*1.5 ליטר,ליטרים,9.00,ליטר,false,,15.70,1.7444,true,1,194387
7290019153269,false,שוופס סודה אננס 4*1.,,,שוופס סודה אננס 4*1.,ליטרים,6.00,ליטר,false,,12.50,2.0833,true,1,313075
7290019153375,false,תפוזינה מוחיטו 1.5 ל,,,תפוזינה מוחיטו 1.5 ל,ליטרים,1.50,ליטר,false,,8.90,5.9333,true,1,331446
7290019204008,false,פסטרמה ארבעה פלפלים,,,פסטרמה ארבעה פלפלים,גרמים,350.00,100 גרם,false,,26.90,7.6857,true,1,381101
7290019204305,false,פסטרמה ברביקיו עוף ט,,,פסטרמה ברביקיו עוף ט,גרמים,350.00,100 גרם,false,,26.90,7.6857,true,1,381074
7290019245001,false,שמן קנולה אלומות 1 ל,,,שמן קנולה אלומות 1 ל,ליטרים,1.00,ליטר,false,,11.90,11.9000,true,1,301247
7290019297239,false,צימוק כהה 330 גרם,,,צימוק כהה 330 גרם,גרמים,330.00,100 גרם,false,,13.90,4.2121,true,1,4919
7290019297536,false,חמאת בוטנים עם שברי,,,חמאת בוטנים עם שברי,גרמים,510.00,100 גרם,false,,11.90,2.3333,true,1,4932
7290019297543,false,חמאת בוטנים שקדיה 51,,,חמאת בוטנים שקדיה 51,גרמים,510.00,100 גרם,false,,11.90,2.3333,true,1,4933
7290019303657,false,פינוקיות שומשום מיקס,,,פינוקיות שומשום מיקס,גרמים,220.00,100 גרם,false,,18.90,8.5909,true,1,389753
7290019303756,false,פינוקיות שומשום וגרע,,,פינוקיות שומשום וגרע,גרמים,220.00,100 גרם,false,,18.90,8.5909,true,1,389767
7290019308027,false,שעועית ירוקה שלמה עד,,,שעועית ירוקה שלמה עד,גרמים,800.00,100 גרם,false,,7.20,0.9000,true,1,393353
7290019308058,false,שעועית ירוקה חתוכה 8,,,שעועית ירוקה חתוכה 8,גרמים,800.00,100 גרם,false,,7.20,0.9000,true,1,370607
7290019393016,false,קמח חיטה לבן מנופה,,,קמח חיטה לבן מנופה,קילוגרמים,1.00,"ק""ג",false,,8.90,8.9000,true,1,397300
7290022005562,false,פירורי לחם עם שום קר,,,פירורי לחם עם שום קר,גרמים,300.00,100 גרם,false,,7.90,2.6333,true,1,326070
7290100240632,false,פתית 6 דגנים תלמה 25,,,פתית 6 דגנים תלמה 25,גרמים,250.00,100 גרם,false,,17.90,7.1600,true,1,10435
7290100249598,false,רוטב לעוף שום ודבש ב,,,רוטב לעוף שום ודבש ב,גרמים,310.00,100 גרם,false,,13.90,4.4839,true,1,10496
7290100412343,false,מגבונים לניקוי וחיטו,,,מגבונים לניקוי וחיטו,יחידה,0.00,יחידה,false,,9.90,0.0000,true,1,29536
7290100412435,false,מגבונים לניקוי וחיטו,,,מגבונים לניקוי וחיטו,יחידה,0.00,יחידה,false,,9.90,0.0000,true,1,29539
7290100412701,false,ד'ר עור תחליב גוף מא,,,ד'ר עור תחליב גוף מא,מיליליטרים,400.00,"100 מ""ל",false,,33.90,8.4750,true,1,29543
7290100412718,false,דר' עור ג'ל ניקוי פנ,,,דר' עור ג'ל ניקוי פנ,מיליליטרים,150.00,"100 מ""ל",false,,26.90,17.9333,true,1,29544
7290100572702,false,אביזרי מטבח ב-11.00,,,אביזרי מטבח ב-11.00,יחידה,0.00,יחידה,false,,10.90,0.0000,true,1,34236
7290100573402,false,אביזרי מטבח,,,אביזרי מטבח,יחידה,0.00,יחידה,false,,14.90,0.0000,true,1,34239
7290100575086,false,אביזרי מטבח ב-6.99,,,אביזרי מטבח ב-6.99,יחידה,0.00,יחידה,false,,6.90,0.0000,true,1,34243
7290100680650,false,מנה חמה נודלס תאילנד,,,מנה חמה נודלס תאילנד,גרמים,76.00,100 גרם,false,,6.90,9.0789,true,1,18795
7290100680711,false,אסם פירורית זהב 350,,,אסם פירורית זהב 350,גרמים,350.00,100 גרם,false,,9.90,2.8286,true,1,18797
7290100680728,false,פירורית רגילה שקית 3,,,פירורית רגילה שקית 3,גרמים,350.00,100 גרם,false,,8.90,2.5429,true,1,18798
7290100681138,false,אפרופו מאח 3*50 גר',,,אפרופו מאח 3*50 גר',גרמים,150.00,100 גרם,false,,12.90,8.6000,true,1,18802
7290100681503,false,סירופ דיאט לימונענע,,,סירופ דיאט לימונענע,ליטרים,1.00,ליטר,false,,16.90,16.9000,true,1,18804
7290100683880,false,פירה אסם 260 גרם,,,פירה אסם 260 גרם,גרמים,260.00,100 גרם,false,,16.90,6.5000,true,1,18812
7290100684139,false,מיני מקרוני אסם 500,,,מיני מקרוני אסם 500,גרמים,500.00,100 גרם,false,,6.90,1.3800,true,1,18813
7290100686171,false,ביסלי גריל מאח.8 6*3,,,ביסלי גריל מאח.8 6*3,גרמים,210.00,100 גרם,false,,14.90,7.0952,true,1,18830
7290100687109,false,במבה במילוי קרם נוגט,,,במבה במילוי קרם נוגט,גרמים,60.00,100 גרם,false,,4.90,8.1667,true,1,18833
7290100700020,false,סוגת גריסי פנינה 500,,,סוגת גריסי פנינה 500,גרמים,500.00,100 גרם,false,,6.90,1.3800,true,1,17336
7290100700075,false,פירורי לחם מוזהבים ש,,,פירורי לחם מוזהבים ש,גרמים,200.00,100 גרם,false,,3.90,1.9500,true,1,17337
7290100700273,false,קינואה סוגת 500 גרם,,,קינואה סוגת 500 גרם,גרמים,500.00,100 גרם,false,,16.90,3.3800,true,1,17340
7290100700310,false,כוסמת 1 ק'ג,,,כוסמת 1 ק'ג,קילוגרמים,1.00,"ק""ג",false,,15.90,15.9000,true,1,17342
7290100700334,false,סוגת קינואה 1קג,,,סוגת קינואה 1קג,קילוגרמים,1.00,"ק""ג",false,,28.90,28.9000,true,1,17344
7290100700372,false,אורז בסמטי מלא 1 ק'ג,,,אורז בסמטי מלא 1 ק'ג,קילוגרמים,1.00,"ק""ג",false,,10.00,10.0000,true,1,17346
7290100700396,false,סוגת אורז יסמין קלאס,,,סוגת אורז יסמין קלאס,קילוגרמים,1.00,"ק""ג",false,,12.90,12.9000,true,1,17348
7290100700587,false,סוגת בורגול 500 גר,,,סוגת בורגול 500 גר,גרמים,500.00,100 גרם,false,,6.90,1.3800,true,1,17354
7290100701157,false,אורז סושי 1 קג,,,אורז סושי 1 קג,קילוגרמים,1.00,"ק""ג",false,,12.90,12.9000,true,1,17357
7290100701300,false,סוגת קינואה אדומה 50,,,סוגת קינואה אדומה 50,גרמים,500.00,100 גרם,false,,15.90,3.1800,true,1,17358
7290100701331,false,קמח רב תכליתי סוגת,,,קמח רב תכליתי סוגת,קילוגרמים,1.00,"ק""ג",false,,7.90,7.9000,true,1,17360
7290100701348,false,קמח שיפון מלא סוגת,,,קמח שיפון מלא סוגת,קילוגרמים,1.00,"ק""ג",false,,7.90,7.9000,true,1,17361
7290100701409,false,קמח תירס סוגת 500 גר,,,קמח תירס סוגת 500 גר,גרמים,500.00,100 גרם,false,,7.90,1.5800,true,1,17364
7290100701454,false,גרישה 500 גרם,,,גרישה 500 גרם,גרמים,500.00,100 גרם,false,,6.90,1.3800,true,1,17366
7290100701577,false,קמח לחם מועשר בויטמי,,,קמח לחם מועשר בויטמי,קילוגרמים,1.00,"ק""ג",false,,7.90,7.9000,true,1,17367
7290100701874,false,"קמח כוסמין סוגת 1 ק""",,,"קמח כוסמין סוגת 1 ק""",קילוגרמים,1.00,"ק""ג",false,,14.90,14.9000,true,1,17371
7290100702611,false,פתיתים אפויים אורז ס,,,פתיתים אפויים אורז ס,גרמים,500.00,100 גרם,false,,4.90,0.9800,true,1,17391
7290100702628,false,פתיתים אפויים קוסקוס,,,פתיתים אפויים קוסקוס,גרמים,500.00,100 גרם,false,,4.90,0.9800,true,1,17392
7290100702635,false,פתיתים אפויים כוכבים,,,פתיתים אפויים כוכבים,גרמים,500.00,100 גרם,false,,4.90,0.9800,true,1,17393
7290100702741,false,סוכר חום בהיר בצנצנת,,,סוכר חום בהיר בצנצנת,קילוגרמים,1.00,"ק""ג",false,,13.90,13.9000,true,1,17402
7290100702987,false,פתיתי שיבולת שועל סו,,,פתיתי שיבולת שועל סו,גרמים,500.00,100 גרם,false,,7.90,1.5800,true,1,17419
7290100702994,false,סוכר דמררה בשקית סוג,,,סוכר דמררה בשקית סוג,גרמים,500.00,100 גרם,false,,6.90,1.3800,true,1,17420
7290100703007,false,סוגת עדשים שחורות בל,,,סוגת עדשים שחורות בל,גרמים,500.00,100 גרם,false,,8.90,1.7800,true,1,17421
7290100703564,false,שיבולת שועל עבה סוגת,,,שיבולת שועל עבה סוגת,גרמים,500.00,100 גרם,false,,7.90,1.5800,true,1,17445
7290100703625,false,קמח לבן ללא ניפוי סו,,,קמח לבן ללא ניפוי סו,קילוגרמים,1.00,"ק""ג",false,,8.50,8.5000,true,1,17448
7290100703649,false,קמח מלא חיטה 80% ללא,,,קמח מלא חיטה 80% ללא,קילוגרמים,1.00,"ק""ג",false,,8.90,8.9000,true,1,17450
7290100703687,false,קמח חלה ללא ניפוי סו,,,קמח חלה ללא ניפוי סו,קילוגרמים,1.00,"ק""ג",false,,8.90,8.9000,true,1,17453
7290100703861,false,קמח תערובת קסם לחלה,,,קמח תערובת קסם לחלה,קילוגרמים,1.00,"ק""ג",false,,8.90,8.9000,true,1,17456
7290100704141,false,סוגת סודה לשתייה 100,,,סוגת סודה לשתייה 100,גרמים,100.00,100 גרם,false,,2.90,2.9000,true,1,17471
7290100704578,false,קמח כוסמין לבן סוגת,,,קמח כוסמין לבן סוגת,קילוגרמים,1.00,"ק""ג",false,,14.90,14.9000,true,1,126281
7290100850916,false,דוריטוס חמוץ חריף 70,,,דוריטוס חמוץ חריף 70,גרמים,70.00,100 גרם,false,,3.90,5.5714,true,1,24148
7290100850923,false,דוריטוס גריל 70 גרם,,,דוריטוס גריל 70 גרם,גרמים,70.00,100 גרם,false,,3.90,5.5714,true,1,24149
7290100850930,false,דוריטוס טבעי 70 גרם,,,דוריטוס טבעי 70 גרם,גרמים,70.00,100 גרם,false,,3.90,5.5714,true,1,24150
7290100858592,false,עלית קקאו 150ג,,,עלית קקאו 150ג,גרמים,150.00,100 גרם,false,,9.90,6.6000,true,1,22343
7290100858608,false,עלית קקאו 500ג,,,עלית קקאו 500ג,גרמים,500.00,100 גרם,false,,27.10,5.4200,true,1,22344
7290100924457,false,סוד סבון 4 כדוריות ל,,,סוד סבון 4 כדוריות ל,גרמים,150.00,100 גרם,false,,22.90,15.2667,true,1,34918
7290101455806,false,קופסת אוכל מחולקת עם,,,קופסת אוכל מחולקת עם,יחידה,0.00,יחידה,false,,44.90,0.0000,true,1,155720
7290101459880,false,נרות אותיות- יום הול,,,נרות אותיות- יום הול,יחידה,0.00,יחידה,false,,9.90,0.0000,true,1,32440
7290101551027,false,קפסולות אספרסו 14 למ,,,קפסולות אספרסו 14 למ,גרמים,50.00,100 גרם,false,,18.90,37.8000,true,1,22351
7290101551300,false,סילאן טבעי לחיץ יד מ,,,סילאן טבעי לחיץ יד מ,גרמים,380.00,100 גרם,false,,15.90,4.1842,true,1,22354
7290101551539,false,דנונה פרו 20 אפרסק 2,,,דנונה פרו 20 אפרסק 2,גרמים,200.00,100 גרם,false,,6.20,3.1000,true,1,23372
7290101551638,false,מארז צ'יטוס כאפה 10*,,,מארז צ'יטוס כאפה 10*,גרמים,200.00,100 גרם,false,,13.90,6.9500,true,1,24159
7290101864127,false,קליה אוקסי ספריי 750,,,קליה אוקסי ספריי 750,מיליליטרים,750.00,"100 מ""ל",false,,16.90,2.2533,true,1,20884
7290101869726,false,ג'ל 1 ליטר AIO פיניש,,,ג'ל 1 ליטר AIO פיניש,ליטרים,1.00,ליטר,false,,43.90,43.9000,true,1,20934
7290101869795,false,איירוויק מילוי מבשם,,,איירוויק מילוי מבשם,מיליליטרים,250.00,"100 מ""ל",false,,16.90,6.7600,true,1,20941
7290101869962,false,איירוויק מקלות ריחני,,,איירוויק מקלות ריחני,יחידה,0.00,יחידה,false,,16.90,0.0000,true,1,20953
7290101985365,false,בקבוק אלומיניום גדול,,,בקבוק אלומיניום גדול,יחידה,0.00,יחידה,false,,22.50,0.0000,true,1,32519
7290101999720,false,נרות מטה לבבות פו,,,נרות מטה לבבות פו,יחידה,0.00,יחידה,false,,7.50,0.0000,true,1,32774
7290102030330,false,תפוצ'יפס קראנץ מקסיק,,,תפוצ'יפס קראנץ מקסיק,גרמים,200.00,100 גרם,false,,10.90,5.4500,true,1,24168
7290102031276,false,אקטימל תות בננה 8*10,,,אקטימל תות בננה 8*10,מיליליטרים,800.00,"100 מ""ל",false,,22.90,2.8625,true,1,23393
7290102060764,false,זוג מברשות שיניים עד,,,זוג מברשות שיניים עד,יחידה,0.00,יחידה,false,,37.90,0.0000,true,1,21558
7290102300822,false,סיימן גבינת צדר אנגל,,,סיימן גבינת צדר אנגל,גרמים,200.00,100 גרם,false,,27.90,13.9500,true,1,17167
7290102302246,false,גבינת גאודה 200 גר',,,גבינת גאודה 200 גר',גרמים,200.00,100 גרם,false,,24.90,12.4500,true,1,17174
7290102302864,false,גבינה הולנדית חצי קש,,,גבינה הולנדית חצי קש,גרמים,200.00,100 גרם,false,,33.90,16.9500,true,1,303508
7290102390427,false,מולר פרופ תות 3% 150,,,מולר פרופ תות 3% 150,גרמים,150.00,100 גרם,false,,5.50,3.6667,true,1,6446
7290102390465,false,מולר פרופ אפרסק פסיפ,,,מולר פרופ אפרסק פסיפ,גרמים,150.00,100 גרם,false,,5.50,3.6667,true,1,6447
7290102390489,false,מולר פרופ לימון 3% 1,,,מולר פרופ לימון 3% 1,גרמים,150.00,100 גרם,false,,5.50,3.6667,true,1,6449
7290102391844,false,מולר פרופ לבן+קציפת,,,מולר פרופ לבן+קציפת,גרמים,150.00,100 גרם,false,,5.50,3.6667,true,1,6456
7290102392094,false,צוריאל חלב עיזים 1ל,,,צוריאל חלב עיזים 1ל,ליטרים,1.00,ליטר,false,,16.90,16.9000,true,1,6459
7290102393169,false,מולר סימפלי פרוט תות,,,מולר סימפלי פרוט תות,גרמים,150.00,100 גרם,false,,5.50,3.6667,true,1,6482
7290102393176,false,מולר סימפלי פרוט אפר,,,מולר סימפלי פרוט אפר,גרמים,150.00,100 גרם,false,,5.50,3.6667,true,1,6483
7290102393268,false,טרה גבינה לבנה אריזת,,,טרה גבינה לבנה אריזת,גרמים,750.00,100 גרם,false,,14.90,1.9867,true,1,6485
7290102393299,false,צוריאל יוגורט עיזים,,,צוריאל יוגורט עיזים,מיליליטרים,500.00,"100 מ""ל",false,,12.90,2.5800,true,1,6486
7290102393718,false,צוריאל חלומי חלב בקר,,,צוריאל חלומי חלב בקר,גרמים,200.00,100 גרם,false,,22.90,11.4500,true,1,6489
7290102393848,false,צוריאל יוגורט עיזים,,,צוריאל יוגורט עיזים,מיליליטרים,150.00,"100 מ""ל",false,,6.70,4.4667,true,1,6490
7290102393855,false,צוריאל יוגורט עיזים,,,צוריאל יוגורט עיזים,מיליליטרים,150.00,"100 מ""ל",false,,6.70,4.4667,true,1,6491
7290102394258,false,צוריאל מה עז 9% 180ג,,,צוריאל מה עז 9% 180ג,גרמים,180.00,100 גרם,false,,23.90,13.2778,true,1,6496
7290102394463,false,נעם גבינה צהובה וואק,,,נעם גבינה צהובה וואק,גרמים,500.00,100 גרם,false,,28.90,5.7800,true,1,6503
7290102394821,false,נעם גבינה צהובה דק ד,,,נעם גבינה צהובה דק ד,גרמים,200.00,100 גרם,false,,16.90,8.4500,true,1,6507
7290102394845,false,נעם גבינה צהובה דק ד,,,נעם גבינה צהובה דק ד,גרמים,200.00,100 גרם,false,,17.90,8.9500,true,1,6508
7290102395224,false,מולר נטורל 1.7% 8*15,,,מולר נטורל 1.7% 8*15,קילוגרמים,1.20,"ק""ג",false,,18.90,15.7500,true,1,6516
7290102395231,false,מולר נטורל 2.8% 8*15,,,מולר נטורל 2.8% 8*15,קילוגרמים,1.20,"ק""ג",false,,18.90,15.7500,true,1,6517
7290102395262,false,מולר תות שדה ואפרסק,,,מולר תות שדה ואפרסק,קילוגרמים,1.20,"ק""ג",false,,31.90,26.5833,true,1,6518
7290102395347,false,טרה יוגורט 6% כד 3 ק,,,טרה יוגורט 6% כד 3 ק,קילוגרמים,3.00,"ק""ג",false,,29.90,9.9667,true,1,6519
7290102395446,false,מוו וניל קצפת 123מל,,,מוו וניל קצפת 123מל,מיליליטרים,123.00,"100 מ""ל",false,,3.50,2.8455,true,1,6523
7290102395477,false,מוו שוקולד קצפת 123מ,,,מוו שוקולד קצפת 123מ,מיליליטרים,123.00,"100 מ""ל",false,,3.50,2.8455,true,1,6526
7290102395521,false,טרה שמנת לבישול 15%+,,,טרה שמנת לבישול 15%+,מיליליטרים,500.00,"100 מ""ל",false,,16.90,3.3800,true,1,6527
7290102396399,false,מוו מעדן שוקולד 100*,,,מוו מעדן שוקולד 100*,גרמים,800.00,100 גרם,false,,14.90,1.8625,true,1,6544
7290102396405,false,מוו מעדן וניל 100*8,,,מוו מעדן וניל 100*8,גרמים,800.00,100 גרם,false,,14.90,1.8625,true,1,6545
7290102396597,false,מוו מעדן וניל ומוס ש,,,מוו מעדן וניל ומוס ש,גרמים,118.00,100 גרם,false,,3.50,2.9661,true,1,6554
7290102396665,false,גבנ`צ דקדק פתח סגור,,,גבנ`צ דקדק פתח סגור,גרמים,200.00,100 גרם,false,,17.90,8.9500,true,1,6557
7290102396672,false,נעם צהובה דק דק 9% 3,,,נעם צהובה דק דק 9% 3,גרמים,360.00,100 גרם,false,,28.90,8.0278,true,1,6558
7290102396740,false,מולר סימפלי פרוט 0%,,,מולר סימפלי פרוט 0%,קילוגרמים,1.20,"ק""ג",false,,31.90,26.5833,true,1,6563
7290102397204,false,נעם צהובה דק דק 22%,,,נעם צהובה דק דק 22%,גרמים,200.00,100 גרם,false,,17.90,8.9500,true,1,6584
7290102397334,false,בולגרית 5% 250 גר` ב,,,בולגרית 5% 250 גר` ב,גרמים,250.00,100 גרם,false,,22.90,9.1600,true,1,6590
7290102397464,false,מולר יוגורט נטורל +,,,מולר יוגורט נטורל +,גרמים,150.00,100 גרם,false,,5.90,3.9333,true,1,6599
7290102397600,false,מולר מיקס שקדים ובוט,,,מולר מיקס שקדים ובוט,גרמים,168.00,100 גרם,false,,5.90,3.5119,true,1,6609
7290102397617,false,מולר מיקס קליק 168 ג,,,מולר מיקס קליק 168 ג,גרמים,168.00,100 גרם,false,,5.90,3.5119,true,1,6610
7290102397730,false,גבינת אמנטל נעם פתיח,,,גבינת אמנטל נעם פתיח,גרמים,200.00,100 גרם,false,,18.90,9.4500,true,1,6618
7290102397747,false,מוצרלה נעם  רכיבים ט,,,מוצרלה נעם  רכיבים ט,גרמים,200.00,100 גרם,false,,18.90,9.4500,true,1,6619
7290102397891,false,רביעייה גבינה מותכת,,,רביעייה גבינה מותכת,גרמים,100.00,100 גרם,false,,7.50,7.5000,true,1,6626
7290102398065,false,טרה חלב קרטון 3% מהד,,,טרה חלב קרטון 3% מהד,יחידה,0.00,יחידה,false,,12.46,0.0000,true,1,6635
7290102398331,false,חלב מועשר  1 ליטר דל,,,חלב מועשר  1 ליטר דל,ליטרים,1.00,ליטר,false,,7.90,7.9000,true,1,6654
7290102398560,false,שוקו טרה מועשר בבקבו,,,שוקו טרה מועשר בבקבו,ליטרים,1.00,ליטר,false,,11.90,11.9000,true,1,6668
7290102398577,false,שוקו טרה מועשר בבקבו,,,שוקו טרה מועשר בבקבו,מיליליטרים,250.00,"100 מ""ל",false,,5.90,2.3600,true,1,6669
7290102398614,false,משקה חלב בטעם בננה 1,,,משקה חלב בטעם בננה 1,ליטרים,1.00,ליטר,false,,11.90,11.9000,true,1,6670
7290102398638,false,משקה חלב בטעם מוקה 1,,,משקה חלב בטעם מוקה 1,ליטרים,1.00,ליטר,false,,11.90,11.9000,true,1,6671
7290102398782,false,משקה סויה קלאסי משק,,,משקה סויה קלאסי משק,ליטרים,1.00,ליטר,false,,10.90,10.9000,true,1,6677
7290102398799,false,משקה סויה במתיקות מו,,,משקה סויה במתיקות מו,ליטרים,1.00,ליטר,false,,10.90,10.9000,true,1,6678
7290102398836,false,משקה שקדים קלאסי משק,,,משקה שקדים קלאסי משק,ליטרים,1.00,ליטר,false,,12.90,12.9000,true,1,6681
7290102399048,false,קשקבל נעם פתיחה חוזר,,,קשקבל נעם פתיחה חוזר,גרמים,200.00,100 גרם,false,,23.90,11.9500,true,1,6688
7290102399796,false,יוגורט חלבון לבן 250,,,יוגורט חלבון לבן 250,גרמים,200.00,100 גרם,false,,6.90,3.4500,true,1,69984
7290102399802,false,יוגורט חלבון תות 20,,,יוגורט חלבון תות 20,גרמים,200.00,100 גרם,false,,6.90,3.4500,true,1,70004
7290102399819,false,יוגורט חלבון פ.יער 2,,,יוגורט חלבון פ.יער 2,גרמים,200.00,100 גרם,false,,6.90,3.4500,true,1,70005
7290102399857,false,יוגורט מולר אקטיב לי,,,יוגורט מולר אקטיב לי,גרמים,150.00,100 גרם,false,,6.50,4.3333,true,1,81117
7290103129378,false,דאו' ג'ל X5 לגבר ספי,,,דאו' ג'ל X5 לגבר ספי,גרמים,51.00,100 גרם,false,,30.90,60.5882,true,1,21592
7290103401429,false,קפה אוריגינס קצב ברז,,,קפה אוריגינס קצב ברז,גרמים,200.00,100 גרם,false,,30.90,15.4500,true,1,22371
7290103681173,false,הר תבור קברנה סוביני,,,הר תבור קברנה סוביני,מיליליטרים,750.00,"100 מ""ל",false,,36.90,4.9200,true,1,6746
7290103681227,false,הר תבור גוורצטרמינר,,,הר תבור גוורצטרמינר,מיליליטרים,750.00,"100 מ""ל",false,,36.90,4.9200,true,1,6750
7290103700195,false,טאצ רדיד אלומיניום ק,,,טאצ רדיד אלומיניום ק,מטרים,15.00,מטר,false,,11.90,0.7933,true,1,24425
7290103701017,false,טאצ' נייר אפייה נשלף,,,טאצ' נייר אפייה נשלף,יחידה,0.00,יחידה,false,,10.90,0.0000,true,1,24434
7290103702212,false,טאצ ממחטות כיס,,,טאצ ממחטות כיס,יחידה,0.00,יחידה,false,,6.90,0.0000,true,1,24445
7290103702298,false,טאצ אשפתון בגליל 50,,,טאצ אשפתון בגליל 50,יחידה,0.00,יחידה,false,,17.90,0.0000,true,1,24451
7290103702328,false,טאצ אשפתון בגליל 25,,,טאצ אשפתון בגליל 25,יחידה,0.00,יחידה,false,,17.90,0.0000,true,1,24454
7290103703219,false,טאצ' מטליות לחות לני,,,טאצ' מטליות לחות לני,יחידה,0.00,יחידה,false,,20.90,0.0000,true,1,38071
7290103703233,false,טאצ' מטליות לחות לני,,,טאצ' מטליות לחות לני,יחידה,0.00,יחידה,false,,20.90,0.0000,true,1,38072
7290103703370,false,טאצ' מגבוני נייר טוא,,,טאצ' מגבוני נייר טוא,יח',3.00,יח',false,,16.90,5.6333,true,1,24469
7290103704186,false,מגבות טאצ' גליל כפול,,,מגבות טאצ' גליל כפול,יחידה,0.00,יחידה,false,,20.90,0.0000,true,1,230895
7290103704575,false,נייר טואלט טאצ' 48 י,,,נייר טואלט טאצ' 48 י,יחידה,0.00,יחידה,false,,39.90,0.0000,true,1,126883
7290103704766,false,נייר טואלט  24 גליל,,,נייר טואלט  24 גליל,יחידה,0.00,יחידה,false,,43.90,0.0000,true,1,328335
7290103746001,false,ממחטות טאצ' חמישייה,,,ממחטות טאצ' חמישייה,יחידה,0.00,יחידה,false,,13.90,0.0000,true,1,24484
7290104005176,false,חגורות גברים,,,חגורות גברים,יחידה,0.00,יחידה,false,,19.90,0.0000,true,1,31276
7290104061417,false,אחלה חומוס טחינה 400,,,אחלה חומוס טחינה 400,גרמים,400.00,100 גרם,false,,11.90,2.9750,true,1,23406
7290104061431,false,אחלה חומוס צנובר 400,,,אחלה חומוס צנובר 400,גרמים,400.00,100 גרם,false,,11.90,2.9750,true,1,23408
7290104061448,false,אחלה חומוס חריף 400ג,,,אחלה חומוס חריף 400ג,גרמים,400.00,100 גרם,false,,11.90,2.9750,true,1,23409
7290104062599,false,גמדים תות בננה 8*100,,,גמדים תות בננה 8*100,מיליליטרים,800.00,"100 מ""ל",false,,18.90,2.3625,true,1,23410
7290104066566,false,אחלה טחינה 500ג,,,אחלה טחינה 500ג,גרמים,500.00,100 גרם,false,,17.90,3.5800,true,1,23413
7290104068539,false,מאסט מלון ואבטיח 28ג,,,מאסט מלון ואבטיח 28ג,גרמים,28.00,100 גרם,false,,4.50,16.0714,true,1,22405
7290104500572,false,אפרופו איטלקי 36*50ג,,,אפרופו איטלקי 36*50ג,גרמים,50.00,100 גרם,false,,5.50,11.0000,true,1,18843
7290104501661,false,אסם פודינג בטעם וניל,,,אסם פודינג בטעם וניל,גרמים,80.00,100 גרם,false,,6.50,8.1250,true,1,18844
7290104504228,false,דובונים קדמ.מארז אחי,,,דובונים קדמ.מארז אחי,גרמים,100.00,100 גרם,false,,13.90,13.9000,true,1,18849
7290104508202,false,גביעי גלידה אמריקאים,,,גביעי גלידה אמריקאים,גרמים,120.00,100 גרם,false,,13.90,11.5833,true,1,18856
7290104508943,false,במבה קלאסי 18*200 גר,,,במבה קלאסי 18*200 גר,גרמים,200.00,100 גרם,false,,10.90,5.4500,true,1,18858
7290104570131,false,"תמר מג'הול 1 ק""ג",,,"תמר מג'הול 1 ק""ג",קילוגרמים,1.00,"ק""ג",false,,18.90,18.9000,true,1,42873
7290104570162,false,תמר כבוש 500 גרם,,,תמר כבוש 500 גרם,גרמים,500.00,100 גרם,false,,12.90,2.5800,true,1,42874
7290104721762,false,טורקי עלית 3*85 גר'.,,,טורקי עלית 3*85 גר'.,גרמים,255.00,100 גרם,false,,19.90,7.8039,true,1,22410
7290104722530,false,תפוציפס שמנת בצל 200,,,תפוציפס שמנת בצל 200,גרמים,200.00,100 גרם,false,,10.90,5.4500,true,1,24191
7290104728310,false,יטבתה שמנת עמידה לקצ,,,יטבתה שמנת עמידה לקצ,מיליליטרים,250.00,"100 מ""ל",false,,6.47,2.5880,true,1,23434
7290104960239,false,תחליב רחצה קמומיל נק,,,תחליב רחצה קמומיל נק,מיליליטרים,750.00,"100 מ""ל",false,,12.90,1.7200,true,1,30420
7290104961250,false,תחליב רחצה וניל מאסק,,,תחליב רחצה וניל מאסק,מיליליטרים,750.00,"100 מ""ל",false,,12.90,1.7200,true,1,30434
7290105360250,false,עלית קפסולות מקיאטו,,,עלית קפסולות מקיאטו,גרמים,50.00,100 גרם,false,,18.90,37.8000,true,1,22427
7290105360328,false,עלית קפסולות אספרסו,,,עלית קפסולות אספרסו,גרמים,50.00,100 גרם,false,,18.90,37.8000,true,1,22428
7290105362339,false,יטבתה שמנת לבישול 15,,,יטבתה שמנת לבישול 15,מיליליטרים,250.00,"100 מ""ל",false,,8.90,3.5600,true,1,23439
7290105363602,false,כיף כף מקלות קלאסי 4,,,כיף כף מקלות קלאסי 4,גרמים,40.00,100 גרם,false,,5.50,13.7500,true,1,22438
7290105364289,false,כיף כף מקלות פצפוצים,,,כיף כף מקלות פצפוצים,גרמים,40.00,100 גרם,false,,5.50,13.7500,true,1,22439
7290105364302,false,כיף כף מקלות אגוזים,,,כיף כף מקלות אגוזים,גרמים,42.00,100 גרם,false,,5.50,13.0952,true,1,22440
7290105366023,false,אחלה חציל בטעם כבד 4,,,אחלה חציל בטעם כבד 4,גרמים,400.00,100 גרם,false,,16.90,4.2250,true,1,23442
7290105368904,false,יטבתה שמנת עמידה לקצ,,,יטבתה שמנת עמידה לקצ,מיליליטרים,250.00,"100 מ""ל",false,,7.90,3.1600,true,1,23469
7290105369130,false,סימפוניה שטראוס בצל,,,סימפוניה שטראוס בצל,גרמים,200.00,100 גרם,false,,12.50,6.2500,true,1,23473
7290105439499,false,מיונז הולנדי מאסטר ש,,,מיונז הולנדי מאסטר ש,גרמים,480.00,100 גרם,false,,12.90,2.6875,true,1,21634
7290105474124,false,"בונזו בשר וכבד 12 ק""",,,"בונזו בשר וכבד 12 ק""",קילוגרמים,12.00,"ק""ג",false,,129.90,10.8250,true,1,5084
7290105500151,false,וודקה פינלנדיה 700 מ,,,וודקה פינלנדיה 700 מ,מיליליטרים,700.00,"100 מ""ל",false,,70.90,10.1286,true,1,13375
7290105691224,false,חטיפי פריכונים טורטי,,,חטיפי פריכונים טורטי,גרמים,60.00,100 גרם,false,,8.10,13.5000,true,1,18869
7290105691248,false,חטיפי פריכונים טורטי,,,חטיפי פריכונים טורטי,גרמים,60.00,100 גרם,false,,8.10,13.5000,true,1,18870
7290105691897,false,קוסקוס עם חיטה מלאה,,,קוסקוס עם חיטה מלאה,גרמים,350.00,100 גרם,false,,9.90,2.8286,true,1,18875
7290105693341,false,במבה מאח.15 10*25גרם,,,במבה מאח.15 10*25גרם,גרמים,250.00,100 גרם,false,,16.90,6.7600,true,1,18884
7290105693457,false,עוגת הבית דמקה שוקו,,,עוגת הבית דמקה שוקו,גרמים,320.00,100 גרם,false,,14.90,4.6563,true,1,18885
7290105695024,false,פתיתים אפויים אורז ע,,,פתיתים אפויים אורז ע,גרמים,500.00,100 גרם,false,,7.90,1.5800,true,1,18893
7290105962331,false,סחוג חריף מאוד זהבי,,,סחוג חריף מאוד זהבי,גרמים,220.00,100 גרם,false,,14.90,6.7727,true,1,23475
7290105963864,false,חזרת אחלה 220 גרם,,,חזרת אחלה 220 גרם,גרמים,220.00,100 גרם,false,,12.90,5.8636,true,1,23479
7290105964564,false,אחלה חומוס אחלה 400ג,,,אחלה חומוס אחלה 400ג,גרמים,400.00,100 גרם,false,,9.90,2.4750,true,1,23480
7290105965738,false,דנונה משקה תות בננה,,,דנונה משקה תות בננה,גרמים,267.00,100 גרם,false,,5.50,2.0599,true,1,23486
7290105966469,false,חומץ בלסמי יד מרדכי,,,חומץ בלסמי יד מרדכי,גרמים,250.00,100 גרם,false,,16.90,6.7600,true,1,22472
7290105968654,false,שטראוס רביולי בטטה 4,,,שטראוס רביולי בטטה 4,גרמים,400.00,100 גרם,false,,22.90,5.7250,true,1,23493
7290105968777,false,פריכיות תחתית שוקלד,,,פריכיות תחתית שוקלד,גרמים,70.00,100 גרם,false,,8.90,12.7143,true,1,22477
7290106520066,false,רבע לשבע 160 גרם,,,רבע לשבע 160 גרם,גרמים,160.00,100 גרם,false,,11.90,7.4375,true,1,22479
7290106520912,false,יטבתה שמנת לבישול 9%,,,יטבתה שמנת לבישול 9%,מיליליטרים,250.00,"100 מ""ל",false,,8.90,3.5600,true,1,23504
7290106521926,false,קפה טורקי עלית 150 ג,,,קפה טורקי עלית 150 ג,גרמים,150.00,100 גרם,false,,13.90,9.2667,true,1,22487
7290106524439,false,תפוציפס פופס 60 גרם,,,תפוציפס פופס 60 גרם,גרמים,60.00,100 גרם,false,,4.30,7.1667,true,1,24210
7290106525368,false,רבע לשבע אין סייד או,,,רבע לשבע אין סייד או,גרמים,125.00,100 גרם,false,,11.90,9.5200,true,1,22495
7290106525405,false,עלית קפסולות נטול למ,,,עלית קפסולות נטול למ,גרמים,50.00,100 גרם,false,,18.90,37.8000,true,1,22497
7290106528567,false,דוריטוס גריל 185 גר`,,,דוריטוס גריל 185 גר`,גרמים,185.00,100 גרם,false,,7.90,4.2703,true,1,24216
7290106528628,false,דוריטוס טבעי 185 גר`,,,דוריטוס טבעי 185 גר`,גרמים,185.00,100 גרם,false,,7.90,4.2703,true,1,24217
7290106571921,false,פיטנס עוגיות חמוציות,,,פיטנס עוגיות חמוציות,גרמים,180.00,100 גרם,false,,12.90,7.1667,true,1,18914
7290106572027,false,לחמית חמישה דגנים אס,,,לחמית חמישה דגנים אס,גרמים,190.00,100 גרם,false,,9.90,5.2105,true,1,18916
7290106572065,false,טורטיה בטעם תירס חמו,,,טורטיה בטעם תירס חמו,גרמים,60.00,100 גרם,false,,8.10,13.5000,true,1,18917
7290106573277,false,אסם קריספי טאפאס זית,,,אסם קריספי טאפאס זית,גרמים,150.00,100 גרם,false,,12.90,8.6000,true,1,18926
7290106573314,false,אסם קריספי טאפאס כפר,,,אסם קריספי טאפאס כפר,גרמים,150.00,100 גרם,false,,12.90,8.6000,true,1,18928
7290106573628,false,צבר חומוס עם טחינה 4,,,צבר חומוס עם טחינה 4,גרמים,400.00,100 גרם,false,,12.90,3.2250,true,1,19904
7290106574120,false,גומיגם 90גר.,,,גומיגם 90גר.,גרמים,90.00,100 גרם,false,,7.50,8.3333,true,1,16119
7290106574953,false,אסם בייגלה שטוחים שו,,,אסם בייגלה שטוחים שו,גרמים,300.00,100 גרם,false,,11.90,3.9667,true,1,18937
7290106575011,false,פתיתים אפויים חיטה מ,,,פתיתים אפויים חיטה מ,גרמים,400.00,100 גרם,false,,7.90,1.9750,true,1,18939
7290106576513,false,צבר חומוס 400 גרם,,,צבר חומוס 400 גרם,גרמים,400.00,100 גרם,false,,9.90,2.4750,true,1,19909
7290106576537,false,צבר חומוס מסעדה 700,,,צבר חומוס מסעדה 700,גרמים,700.00,100 גרם,false,,10.90,1.5571,true,1,19910
7290106576834,false,גלידה קרמריה פונטש ב,,,גלידה קרמריה פונטש ב,ליטרים,1.40,ליטר,false,,25.90,18.5000,true,1,16126
7290106576858,false,גלידה קרמריה תותים ב,,,גלידה קרמריה תותים ב,ליטרים,1.40,ליטר,false,,25.90,18.5000,true,1,16127
7290106576957,false,גלידה קרמריה פרווה ש,,,גלידה קרמריה פרווה ש,ליטרים,1.40,ליטר,false,,25.90,18.5000,true,1,16131
7290106576971,false,לה קרמריה שוקולד בלג,,,לה קרמריה שוקולד בלג,ליטרים,1.40,ליטר,false,,25.90,18.5000,true,1,16132
7290106576995,false,לה קרמריה לייט סורבה,,,לה קרמריה לייט סורבה,ליטרים,1.40,ליטר,false,,25.90,18.5000,true,1,16133
7290106577039,false,לה קרמריה שוקו וניל,,,לה קרמריה שוקו וניל,ליטרים,1.40,ליטר,false,,25.90,18.5000,true,1,16134
7290106577541,false,צבר מרובע כרוב אדום,,,צבר מרובע כרוב אדום,גרמים,400.00,100 גרם,false,,13.50,3.3750,true,1,19917
7290106577572,false,צבר מרובע מטבוחה  40,,,צבר מרובע מטבוחה  40,גרמים,400.00,100 גרם,false,,13.50,3.3750,true,1,19918
7290106578692,false,במבה ביסלי מיקס 36*8,,,במבה ביסלי מיקס 36*8,גרמים,80.00,100 גרם,false,,4.90,6.1250,true,1,18960
7290106578821,false,עוגת הבית שמרים קלאס,,,עוגת הבית שמרים קלאס,גרמים,350.00,100 גרם,false,,19.50,5.5714,true,1,18961
7290106652996,false,כיף כף מקלות קוקוס 4,,,כיף כף מקלות קוקוס 4,גרמים,40.00,100 גרם,false,,5.50,13.7500,true,1,400040
7290106662025,false,תפוציפס טבעי מלח פלפ,,,תפוציפס טבעי מלח פלפ,גרמים,50.00,100 גרם,false,,4.30,8.6000,true,1,24246
7290106663091,false,שטראוס לאבנה 9% 500,,,שטראוס לאבנה 9% 500,גרמים,500.00,100 גרם,false,,19.90,3.9800,true,1,23543
7290106663558,false,יד מרדכי רוטב טריאקי,,,יד מרדכי רוטב טריאקי,מיליליטרים,280.00,"100 מ""ל",false,,15.90,5.6786,true,1,22576
7290106666788,false,סוכריות נוסטלגיה דבש,,,סוכריות נוסטלגיה דבש,גרמים,80.00,100 גרם,false,,7.90,9.8750,true,1,22589
7290106668577,false,מיץ לימון טבעי יד מר,,,מיץ לימון טבעי יד מר,מיליליטרים,250.00,"100 מ""ל",false,,8.90,3.5600,true,1,22595
7290106720626,false,ציטוס  גבינה 80 גרם,,,ציטוס  גבינה 80 גרם,גרמים,80.00,100 גרם,false,,4.90,6.1250,true,1,24273
7290106729650,false,דנונה יוגורט תות 8יח,,,דנונה יוגורט תות 8יח,קילוגרמים,1.20,"ק""ג",false,,26.90,22.4167,true,1,23585
7290107280341,false,ריצפז מטליות לחות לנ,,,ריצפז מטליות לחות לנ,יחידה,0.00,יחידה,false,,12.90,0.0000,true,1,30530
7290107280570,false,מקסימה ג'ל כביסה מיק,,,מקסימה ג'ל כביסה מיק,ליטרים,3.00,ליטר,false,,35.90,11.9667,true,1,30542
7290107280754,false,ספארק נוזל לכלים עדי,,,ספארק נוזל לכלים עדי,מיליליטרים,700.00,"100 מ""ל",false,,9.90,1.4143,true,1,30557
7290107340243,false,מטען בית אייפון,,,מטען בית אייפון,יחידה,0.00,יחידה,false,,39.90,0.0000,true,1,302165
7290107341356,false,כבל אייפון,,,כבל אייפון,יחידה,0.00,יחידה,false,,19.90,0.0000,true,1,286805
7290107341370,false,כבל  טייפ סי,,,כבל  טייפ סי,יחידה,0.00,יחידה,false,,19.90,0.0000,true,1,302147
7290107341394,false,אוזנייה לבנה,,,אוזנייה לבנה,יחידה,0.00,יחידה,false,,29.90,0.0000,true,1,302170
7290107645584,false,מרק עוף אמיתי רכיבים,,,מרק עוף אמיתי רכיבים,גרמים,400.00,100 גרם,false,,24.90,6.2250,true,1,10597
7290107646154,false,חטיף קוקומן פצפוצים,,,חטיף קוקומן פצפוצים,גרמים,126.00,100 גרם,false,,14.90,11.8254,true,1,10612
7290107649100,false,בייגלה טבעות שומשום,,,בייגלה טבעות שומשום,גרמים,300.00,100 גרם,false,,12.90,4.3000,true,1,10707
7290107870047,false,אקסטרים מטבע ענק ברא,,,אקסטרים מטבע ענק ברא,גרמים,115.00,100 גרם,false,,9.90,8.6087,true,1,16137
7290107874502,false,ביסלי גריל 4*55 גרם,,,ביסלי גריל 4*55 גרם,גרמים,220.00,100 גרם,false,,12.90,5.8636,true,1,19009
7290107875271,false,ביסלי ברבקיו מארז 4*,,,ביסלי ברבקיו מארז 4*,גרמים,220.00,100 גרם,false,,12.90,5.8636,true,1,19020
7290107876889,false,במבה במילוי קרם נוגט,,,במבה במילוי קרם נוגט,גרמים,45.00,100 גרם,false,,4.90,10.8889,true,1,19046
7290107877619,false,במבה במילוי קרם נוגט,,,במבה במילוי קרם נוגט,גרמים,150.00,100 גרם,false,,13.90,9.2667,true,1,19055
7290107879569,false,לה פרוטה מנגו 5 יח,,,לה פרוטה מנגו 5 יח,גרמים,350.00,100 גרם,false,,27.90,7.9714,true,1,16168
7290107879668,false,לה פרוטה תות,,,לה פרוטה תות,יחידה,0.00,יחידה,false,,6.90,0.0000,true,1,16172
7290107879699,false,לה פרוטה מנגו,,,לה פרוטה מנגו,גרמים,70.00,100 גרם,false,,6.90,9.8571,true,1,16173
7290107932134,false,יטבתה חלב בבקבוק 1%,,,יטבתה חלב בבקבוק 1%,ליטרים,1.00,ליטר,false,,7.90,7.9000,true,1,23600
7290107936309,false,דנונה יווני לבן 130,,,דנונה יווני לבן 130,גרמים,130.00,100 גרם,false,,3.90,3.0000,true,1,23621
7290107937542,false,משקה אקטיביה תות 1.2,,,משקה אקטיביה תות 1.2,מיליליטרים,265.00,"100 מ""ל",false,,5.50,2.0755,true,1,23626
7290107937856,false,עלית קפסולות בטעם נס,,,עלית קפסולות בטעם נס,גרמים,50.00,100 גרם,false,,18.90,37.8000,true,1,22740
7290107938396,false,דנונה Actimel בנים ב,,,דנונה Actimel בנים ב,גרמים,864.00,100 גרם,false,,22.90,2.6505,true,1,23632
7290107943369,false,שיבולת שועל ללא גלוט,,,שיבולת שועל ללא גלוט,גרמים,511.00,100 גרם,false,,20.90,4.0900,true,1,24321
7290107944472,false,סימפוניה 5% שום שמיר,,,סימפוניה 5% שום שמיר,גרמים,200.00,100 גרם,false,,12.50,6.2500,true,1,23700
7290107950190,false,מעדן דיאט שוקולד מרי,,,מעדן דיאט שוקולד מרי,גרמים,130.00,100 גרם,false,,3.50,2.6923,true,1,23760
7290107950206,false,מעדן דיאט שוקולד % 0,,,מעדן דיאט שוקולד % 0,גרמים,130.00,100 גרם,false,,3.50,2.6923,true,1,23761
7290107951104,false,בפלות 200 גרם שוקולד,,,בפלות 200 גרם שוקולד,גרמים,200.00,100 גרם,false,,4.90,2.4500,true,1,22844
7290107951715,false,מאסט צנצנת קוביות ענ,,,מאסט צנצנת קוביות ענ,גרמים,58.00,100 גרם,false,,10.90,18.7931,true,1,22860
7290107954976,false,משקה פרו בטעם קפה יט,,,משקה פרו בטעם קפה יט,מיליליטרים,350.00,"100 מ""ל",false,,6.90,1.9714,true,1,23827
7290107956642,false,תרסיס שמן זית יד מרד,,,תרסיס שמן זית יד מרד,מיליליטרים,150.00,"100 מ""ל",false,,18.90,12.6000,true,1,22927
7290107956925,false,עלית קפסולות אוגנדה,,,עלית קפסולות אוגנדה,גרמים,50.00,100 גרם,false,,18.90,37.8000,true,1,22935
7290107956932,false,עלית קפסולות אידונזי,,,עלית קפסולות אידונזי,גרמים,50.00,100 גרם,false,,18.90,37.8000,true,1,22936
7290107958035,false,8 דנונה מתיקות מעודנ,,,8 דנונה מתיקות מעודנ,קילוגרמים,1.20,"ק""ג",false,,18.90,15.7500,true,1,23861
7290107973014,false,פלמוליב סבון ידיים ח,,,פלמוליב סבון ידיים ח,מיליליטרים,300.00,"100 מ""ל",false,,10.90,3.6333,true,1,21674
7290107973038,false,סבון ידיים אקווריום,,,סבון ידיים אקווריום,מיליליטרים,300.00,"100 מ""ל",false,,10.90,3.6333,true,1,21676
7290107973861,false,עגבניות קצוצות דק מא,,,עגבניות קצוצות דק מא,קילוגרמים,1.20,"ק""ג",false,,17.90,14.9167,true,1,21686
7290107974066,false,עלי טורטיה קמח מלא מ,,,עלי טורטיה קמח מלא מ,גרמים,320.00,100 גרם,false,,12.90,4.0313,true,1,21691
7290107974080,false,עלי טורטיה קמח לבן מ,,,עלי טורטיה קמח לבן מ,גרמים,820.00,100 גרם,false,,20.90,2.5488,true,1,21693
7290107974301,false,דיאודורנט ג'ל אלוורה,,,דיאודורנט ג'ל אלוורה,גרמים,65.00,100 גרם,false,,18.90,29.0769,true,1,21694
7290107974806,false,אורז בסמטי מאסטר שף,,,אורז בסמטי מאסטר שף,קילוגרמים,1.00,"ק""ג",false,,13.90,13.9000,true,1,21701
7290107974813,false,אורז יסמין מאסטר שף,,,אורז יסמין מאסטר שף,קילוגרמים,1.00,"ק""ג",false,,12.90,12.9000,true,1,21702
7290107978323,false,איטריות דקיקות מאסטר,,,איטריות דקיקות מאסטר,גרמים,400.00,100 גרם,false,,6.90,1.7250,true,1,21740
7290107978330,false,איטריות דקות מאסטר ש,,,איטריות דקות מאסטר ש,גרמים,400.00,100 גרם,false,,6.90,1.7250,true,1,21741
7290108070316,false,שקית 50 פסטל,,,שקית 50 פסטל,יחידה,0.00,יחידה,false,,11.90,0.0000,true,1,33053
7290108071108,false,בוקט סוכריות על מקל,,,בוקט סוכריות על מקל,יח',10.00,יח',false,,12.90,1.2900,true,1,33085
7290108074659,false,סוכריה טבעת הלו קיטי,,,סוכריה טבעת הלו קיטי,יחידה,0.00,יחידה,false,,5.50,0.0000,true,1,33164
7290108350128,false,סנו סושי שקיות חזקות,,,סנו סושי שקיות חזקות,יחידה,0.00,יחידה,false,,26.90,0.0000,true,1,30565
7290108350142,false,סנו סושי שקיות רב שי,,,סנו סושי שקיות רב שי,יחידה,0.00,יחידה,false,,15.90,0.0000,true,1,30567
7290108350210,false,סושי שקיות אקסטרא חז,,,סושי שקיות אקסטרא חז,יחידה,0.00,יחידה,false,,26.90,0.0000,true,1,30573
7290108350555,false,סנו ספארק משאבה בניח,,,סנו ספארק משאבה בניח,ליטרים,1.00,ליטר,false,,12.90,12.9000,true,1,30583
7290108350586,false,ספארק נוזל כלים בניח,,,ספארק נוזל כלים בניח,ליטרים,1.50,ליטר,false,,15.90,10.6000,true,1,30585
7290108350616,false,מרכך כביסה מקסימה סו,,,מרכך כביסה מקסימה סו,יחידה,0.00,יחידה,false,,19.90,0.0000,true,1,30588
7290108350623,false,מרכך כביסה מקסימה סו,,,מרכך כביסה מקסימה סו,יחידה,0.00,יחידה,false,,19.90,0.0000,true,1,30589
7290108351156,false,סנו ג`ט פלוס לניקוי,,,סנו ג`ט פלוס לניקוי,יחידה,0.00,יחידה,false,,13.90,0.0000,true,1,30621
7290108351507,false,מרכך כביסה סנו מקסימ,,,מרכך כביסה סנו מקסימ,ליטרים,4.00,ליטר,false,,23.90,5.9750,true,1,30623
7290108351552,false,סנו ג'ט מתז חומץ 750,,,סנו ג'ט מתז חומץ 750,מיליליטרים,750.00,"100 מ""ל",false,,13.90,1.8533,true,1,30628
7290108351613,false,ריצפז פרש הום מלון ח,,,ריצפז פרש הום מלון ח,ליטרים,2.00,ליטר,false,,22.90,11.4500,true,1,30633
7290108351811,false,סנו מקסימה מרכך כביס,,,סנו מקסימה מרכך כביס,יחידה,0.00,יחידה,false,,19.90,0.0000,true,1,30648
7290108351927,false,סנו ספארק טבליות למד,,,סנו ספארק טבליות למד,קילוגרמים,1.40,"ק""ג",false,,45.90,32.7857,true,1,30655
7290108352214,false,קפסולות כביסה בניחוח,,,קפסולות כביסה בניחוח,גרמים,840.00,100 גרם,false,,37.90,4.5119,true,1,66061
7290108352269,false,מטליות לחיטוי ולניקו,,,מטליות לחיטוי ולניקו,יחידה,0.00,יחידה,false,,33.90,0.0000,true,1,63400
7290108352825,false,סנו סושי-ספוג הפלא נ,,,סנו סושי-ספוג הפלא נ,יח',3.00,יח',false,,11.90,3.9667,true,1,30682
7290108352900,false,סנו סושי מגבות נייר,,,סנו סושי מגבות נייר,יחידה,0.00,יחידה,false,,22.90,0.0000,true,1,30689
7290108353549,false,נייר אפיה סנו סושי 1,,,נייר אפיה סנו סושי 1,יחידה,0.00,יחידה,false,,21.90,0.0000,true,1,30722
7290108353990,false,קרם גוף קרמה מאסק 50,,,קרם גוף קרמה מאסק 50,מיליליטרים,500.00,"100 מ""ל",false,,27.90,5.5800,true,1,91253
7290108354140,false,מגבוני דאודורנט נושם,,,מגבוני דאודורנט נושם,יח',20.00,יח',false,,12.90,0.6450,true,1,69679
7290108354416,false,קרמה תחליב רחצה ספא,,,קרמה תחליב רחצה ספא,מיליליטרים,600.00,"100 מ""ל",false,,20.90,3.4833,true,1,377422
7290108354607,false,שמפו ביו נקה 7 750 מ,,,שמפו ביו נקה 7 750 מ,מיליליטרים,750.00,"100 מ""ל",false,,12.90,1.7200,true,1,343980
7290108354751,false,מתז JET+בתוספת סודה,,,מתז JET+בתוספת סודה,מיליליטרים,750.00,"100 מ""ל",false,,13.90,1.8533,true,1,30724
7290108355154,false,שמפו שמני הזנה נקה 7,,,שמפו שמני הזנה נקה 7,מיליליטרים,750.00,"100 מ""ל",false,,12.90,1.7200,true,1,30743
7290108355161,false,מרכך שמני הזנה נקה 7,,,מרכך שמני הזנה נקה 7,מיליליטרים,750.00,"100 מ""ל",false,,12.90,1.7200,true,1,30744
7290108356113,false,תחליב רחצה דבש כיף 7,,,תחליב רחצה דבש כיף 7,מיליליטרים,700.00,"100 מ""ל",false,,13.90,1.9857,true,1,30780
7290108356137,false,תחליב רחצה לבנדר כיף,,,תחליב רחצה לבנדר כיף,מיליליטרים,700.00,"100 מ""ל",false,,13.90,1.9857,true,1,30782
7290108356151,false,תחליב רחצה מאסק יסמי,,,תחליב רחצה מאסק יסמי,מיליליטרים,700.00,"100 מ""ל",false,,13.90,1.9857,true,1,30783
7290108357288,false,סנו ז'אוול בניחוח פר,,,סנו ז'אוול בניחוח פר,ליטרים,4.00,ליטר,false,,17.90,4.4750,true,1,258767
7290108357301,false,סנו קיי-301 צהוב 300,,,סנו קיי-301 צהוב 300,מיליליטרים,300.00,"100 מ""ל",false,,13.90,4.6333,true,1,343995
7290108359831,false,שמן גוף בייבי כיף 50,,,שמן גוף בייבי כיף 50,מיליליטרים,500.00,"100 מ""ל",false,,22.90,4.5800,true,1,30799
7290108359879,false,אלסבון HYDROMOIST  ב,,,אלסבון HYDROMOIST  ב,מיליליטרים,750.00,"100 מ""ל",false,,16.90,2.2533,true,1,30803
7290108359893,false,תחליב רחצה HYDROMOIS,,,תחליב רחצה HYDROMOIS,מיליליטרים,750.00,"100 מ""ל",false,,16.90,2.2533,true,1,30805
7290108501360,false,גבינת צ'דר בשלה 200,,,גבינת צ'דר בשלה 200,גרמים,200.00,100 גרם,false,,19.90,9.9500,true,1,3071
7290108502305,false,גבינת גרנה פדנו משול,,,גבינת גרנה פדנו משול,גרמים,150.00,100 גרם,false,,19.90,13.2667,true,1,3131
7290108502336,false,גבינת גורגונזולה איט,,,גבינת גורגונזולה איט,גרמים,150.00,100 גרם,false,,24.90,16.6000,true,1,3132
7290108502381,false,תחתיות לפיצה קוטר 26,,,תחתיות לפיצה קוטר 26,יחידה,0.00,יחידה,false,,14.90,0.0000,true,1,3134
7290108503043,false,מארז רביעייה תפוחוני,,,מארז רביעייה תפוחוני,גרמים,88.00,100 גרם,false,,15.90,18.0682,true,1,3179
7290108504279,false,קשקבל צ'אנק 150 גר'.,,,קשקבל צ'אנק 150 גר'.,גרמים,150.00,100 גרם,false,,20.90,13.9333,true,1,52211
7290108504934,false,דפי אורז למילוי קוטר,,,דפי אורז למילוי קוטר,גרמים,300.00,100 גרם,false,,10.90,3.6333,true,1,267021
7290108505719,false,גבינת מוצרלה מגורדת,,,גבינת מוצרלה מגורדת,גרמים,200.00,100 גרם,false,,15.90,7.9500,true,1,68309
7290108505733,false,צמות גבינה חצי קשה 2,,,צמות גבינה חצי קשה 2,גרמים,200.00,100 גרם,false,,15.90,7.9500,true,1,68311
7290108505740,false,גבינת קשקבל חצי קשה,,,גבינת קשקבל חצי קשה,גרמים,200.00,100 גרם,false,,15.90,7.9500,true,1,68312
7290108507645,false,ביסקויט פריך בשוקולד,,,ביסקויט פריך בשוקולד,גרמים,100.00,100 גרם,false,,7.90,7.9000,true,1,248660
7290108507652,false,ביסקויט פריך בשוקולד,,,ביסקויט פריך בשוקולד,גרמים,100.00,100 גרם,false,,7.90,7.9000,true,1,248661
7290108509113,false,גבינה בולגרית מעודנת,,,גבינה בולגרית מעודנת,גרמים,250.00,100 גרם,false,,13.90,5.5600,true,1,146538
7290108509120,false,גבינה בולגרית מעודנת,,,גבינה בולגרית מעודנת,גרמים,500.00,100 גרם,false,,23.90,4.7800,true,1,154286
7290108509199,false,גבינה פטה 500 גרם -,,,גבינה פטה 500 גרם -,גרמים,500.00,100 גרם,false,,24.90,4.9800,true,1,148175
7290108509816,false,גבינת בייבי מוצרלה 2,,,גבינת בייבי מוצרלה 2,גרמים,200.00,100 גרם,false,,15.90,7.9500,true,1,178812
7290108970708,false,מטריה מתקפלת אוטומטי,,,מטריה מתקפלת אוטומטי,יחידה,0.00,יחידה,false,,49.90,0.0000,true,1,179976
7290109351025,false,מלך החומוס חומוס טחי,,,מלך החומוס חומוס טחי,גרמים,400.00,100 גרם,false,,15.90,3.9750,true,1,19936
7290109351971,false,בר פריכיות שוקולד חל,,,בר פריכיות שוקולד חל,גרמים,84.00,100 גרם,false,,16.90,20.1190,true,1,19941
7290109353272,false,ספגטי עתיר בסיבים פר,,,ספגטי עתיר בסיבים פר,גרמים,500.00,100 גרם,false,,7.90,1.5800,true,1,19126
7290109354972,false,אסם פתי בר ללא גלוטן,,,אסם פתי בר ללא גלוטן,גרמים,200.00,100 גרם,false,,12.90,6.4500,true,1,19139
7290109354996,false,אסם פתי בר ללא גלוטן,,,אסם פתי בר ללא גלוטן,גרמים,200.00,100 גרם,false,,12.90,6.4500,true,1,19140
7290109355504,false,קראנץ' וניל ליבת נוג,,,קראנץ' וניל ליבת נוג,גרמים,72.00,100 גרם,false,,10.50,14.5833,true,1,16192
7290109358765,false,דגני קראנץ' רולס נוג,,,דגני קראנץ' רולס נוג,גרמים,450.00,100 גרם,false,,27.90,6.2000,true,1,19172
7290109580043,false,זוגלובק שניצל תירס 1,,,זוגלובק שניצל תירס 1,קילוגרמים,1.75,"ק""ג",false,,51.90,29.6571,true,1,95794
7290109580050,false,נקנקיות צ'וריסוס מן,,,נקנקיות צ'וריסוס מן,גרמים,226.00,100 גרם,false,,35.90,15.8850,true,1,123334
7290109580098,false,קבנוס בטעם סרירצ'ה ז,,,קבנוס בטעם סרירצ'ה ז,גרמים,135.00,100 גרם,false,,13.90,10.2963,true,1,270645
7290109580111,false,צלעות אסאדו מעושנות,,,צלעות אסאדו מעושנות,גרמים,180.00,100 גרם,false,,26.90,14.9444,true,1,255671
7290109580135,false,קורנדביף זוגלובק פרמ,,,קורנדביף זוגלובק פרמ,גרמים,180.00,100 גרם,false,,26.90,14.9444,true,1,124593
7290109580166,false,סרוולד קלאסי זוגלובק,,,סרוולד קלאסי זוגלובק,גרמים,150.00,100 גרם,false,,26.90,17.9333,true,1,124595
7290109580227,false,נקנקיות ריינהולד'ס ק,,,נקנקיות ריינהולד'ס ק,גרמים,300.00,100 גרם,false,,22.90,7.6333,true,1,213273
7290109580432,false,פסטרמה אקסטרה מעושנת,,,פסטרמה אקסטרה מעושנת,גרמים,120.00,100 גרם,false,,14.90,12.4167,true,1,344101
7290109580449,false,סלמי בטעם כמהין פרימ,,,סלמי בטעם כמהין פרימ,גרמים,180.00,100 גרם,false,,26.90,14.9444,true,1,343926
7290109923048,false,אסטוניש פרימיום ארומ,,,אסטוניש פרימיום ארומ,מיליליטרים,750.00,"100 מ""ל",false,,16.90,2.2533,true,1,282622
7290109923130,false,מדליק פחמים הפי 48 י,,,מדליק פחמים הפי 48 י,גרמים,250.00,100 גרם,false,,14.90,5.9600,true,1,370249
7290110110369,false,שישיית בירה קרלסברג,,,שישיית בירה קרלסברג,ליטרים,1.98,ליטר,false,,37.70,19.0404,true,1,71081
7290110110574,false,פחית סליק קולה ZERO,,,פחית סליק קולה ZERO,מיליליטרים,330.00,"100 מ""ל",false,,5.50,1.6667,true,1,7191
7290110113476,false,קרלסברג 0.0 בקבוק 6*,,,קרלסברג 0.0 בקבוק 6*,ליטרים,1.98,ליטר,false,,32.60,16.4646,true,1,54868
7290110114855,false,מי נביעות שישייה 1.5,,,מי נביעות שישייה 1.5,ליטרים,9.00,ליטר,false,,14.90,1.6556,true,1,192937
7290110114886,false,פריגת משקה קלמנטינה,,,פריגת משקה קלמנטינה,ליטרים,2.00,ליטר,false,,29.20,14.6000,true,1,192810
7290110114893,false,פריגת סחוט תפוזים 2,,,פריגת סחוט תפוזים 2,ליטרים,2.00,ליטר,false,,29.20,14.6000,true,1,192837
7290110114916,false,פריגת סחוט לימונענע,,,פריגת סחוט לימונענע,ליטרים,2.00,ליטר,false,,29.20,14.6000,true,1,192838
7290110114954,false,מיץ תפוזים מתקתק 100,,,מיץ תפוזים מתקתק 100,ליטרים,2.00,ליטר,false,,22.20,11.1000,true,1,192839
7290110114961,false,פריגת תפוזים 1.5 ליט,,,פריגת תפוזים 1.5 ליט,ליטרים,1.50,ליטר,false,,9.90,6.6000,true,1,192938
7290110114985,false,פריגת אשכולית 1.5 לי,,,פריגת אשכולית 1.5 לי,ליטרים,1.50,ליטר,false,,9.90,6.6000,true,1,192952
7290110114992,false,פריגת דיאט אשכולית 1,,,פריגת דיאט אשכולית 1,ליטרים,1.50,ליטר,false,,9.90,6.6000,true,1,192965
7290110115005,false,פריגת ענבים 1.5 ליטר,,,פריגת ענבים 1.5 ליטר,ליטרים,1.50,ליטר,false,,9.90,6.6000,true,1,192978
7290110115029,false,פריגת תפוחים 1.5 ליט,,,פריגת תפוחים 1.5 ליט,ליטרים,1.50,ליטר,false,,9.90,6.6000,true,1,193028
7290110115036,false,פריגת מנגו 1.5 ליטר,,,פריגת מנגו 1.5 ליטר,ליטרים,1.50,ליטר,false,,9.90,6.6000,true,1,193029
7290110115043,false,פריגת לימונענע 1.5 ל,,,פריגת לימונענע 1.5 ל,ליטרים,1.50,ליטר,false,,9.90,6.6000,true,1,193030
7290110115050,false,פריגת מיקס תות בננה,,,פריגת מיקס תות בננה,ליטרים,1.50,ליטר,false,,9.90,6.6000,true,1,193031
7290110115180,false,נביעות 1.5 ליטר,,,נביעות 1.5 ליטר,ליטרים,1.50,ליטר,false,,4.20,2.8000,true,1,219034
7290110115203,false,קוקה קולה 1.5 ליטר,,,קוקה קולה 1.5 ליטר,ליטרים,1.50,ליטר,false,,8.90,5.9333,true,1,193128
7290110115210,false,דיאט קוקה קולה 1.5 ל,,,דיאט קוקה קולה 1.5 ל,ליטרים,1.50,ליטר,false,,8.90,5.9333,true,1,193142
7290110115227,false,קוקה קולה זירו בקבוק,,,קוקה קולה זירו בקבוק,ליטרים,1.50,ליטר,false,,8.90,5.9333,true,1,193143
7290110115234,false,קולה ZERO נטול 1.5 ל,,,קולה ZERO נטול 1.5 ל,ליטרים,1.50,ליטר,false,,8.90,5.9333,true,1,193144
7290110115241,false,קולה ZERO לימון 1.5,,,קולה ZERO לימון 1.5,ליטרים,1.50,ליטר,false,,8.90,5.9333,true,1,193145
7290110115258,false,קוקה קולה זירו מנגו,,,קוקה קולה זירו מנגו,ליטרים,1.50,ליטר,false,,8.90,5.9333,true,1,193146
7290110115265,false,ספרייט 1.5 ליטר LIME,,,ספרייט 1.5 ליטר LIME,ליטרים,1.50,ליטר,false,,8.90,5.9333,true,1,193225
7290110115272,false,ספרייט זירו 1.5 ליטר,,,ספרייט זירו 1.5 ליטר,ליטרים,1.50,ליטר,false,,8.90,5.9333,true,1,193238
7290110115302,false,פאנטה זירו בטעם אורנ,,,פאנטה זירו בטעם אורנ,ליטרים,1.50,ליטר,false,,9.90,6.6000,true,1,193267
7290110115357,false,קינלי סודה 1.5 ליטר,,,קינלי סודה 1.5 ליטר,ליטרים,1.50,ליטר,false,,5.50,3.6667,true,1,193298
7290110115364,false,קוקה קולה 6*1.5 ליטר,,,קוקה קולה 6*1.5 ליטר,ליטרים,9.00,ליטר,false,,49.90,5.5444,true,1,193147
7290110115395,false,ספרייט זירו 6* 1.5 ל,,,ספרייט זירו 6* 1.5 ל,ליטרים,9.00,ליטר,false,,49.90,5.5444,true,1,193253
7290110115401,false,קינלי סודה 6*1.5 ליט,,,קינלי סודה 6*1.5 ליט,ליטרים,9.00,ליטר,false,,14.90,1.6556,true,1,209815
7290110115418,false,קוקה קולה זירו שישיי,,,קוקה קולה זירו שישיי,ליטרים,9.00,ליטר,false,,49.90,5.5444,true,1,193162
7290110115449,false,פיוז טי מנגו אננס 1.,,,פיוז טי מנגו אננס 1.,ליטרים,1.50,ליטר,false,,9.50,6.3333,true,1,193313
7290110115463,false,פיוז טי אפרסק 1.5 לי,,,פיוז טי אפרסק 1.5 לי,ליטרים,1.50,ליטר,false,,9.50,6.3333,true,1,193315
7290110115616,false,פיוז טי ZERO גרין אנ,,,פיוז טי ZERO גרין אנ,ליטרים,1.50,ליטר,false,,8.90,5.9333,true,1,240744
7290110115869,false,קוקה קולה זירו בקבוק,,,קוקה קולה זירו בקבוק,ליטרים,1.50,ליטר,false,,8.90,5.9333,true,1,396623
7290110116132,false,סירופ פריגת טעם לימו,,,סירופ פריגת טעם לימו,מיליליטרים,750.00,"100 מ""ל",false,,21.90,2.9200,true,1,345142
7290110116385,false,סליק זירו  מרשמלו 33,,,סליק זירו  מרשמלו 33,מיליליטרים,330.00,"100 מ""ל",false,,5.50,1.6667,true,1,374750
7290110320850,false,עמק פתיתים  200 גרם,,,עמק פתיתים  200 גרם,גרמים,200.00,100 גרם,false,,16.90,8.4500,true,1,26151
7290110320867,false,עמק פתיתים למאפים 28,,,עמק פתיתים למאפים 28,גרמים,500.00,100 גרם,false,,36.90,7.3800,true,1,26152
7290110320935,false,פרוסות מוצרלה 150 גר,,,פרוסות מוצרלה 150 גר,גרמים,150.00,100 גרם,false,,18.90,12.6000,true,1,26157
7290110321031,false,יופלה גו 200 גרם תנו,,,יופלה גו 200 גרם תנו,גרמים,200.00,100 גרם,false,,5.90,2.9500,true,1,26165
7290110321277,false,קוטג' תנובה בקטנה  5,,,קוטג' תנובה בקטנה  5,גרמים,100.00,100 גרם,false,,2.90,2.9000,true,1,26183
7290110321284,false,קוטג' תנובה בקטנה  9,,,קוטג' תנובה בקטנה  9,גרמים,100.00,100 גרם,false,,2.90,2.9000,true,1,26184
7290110321680,false,יופלה גו בטעם תות 20,,,יופלה גו בטעם תות 20,גרמים,200.00,100 גרם,false,,5.90,2.9500,true,1,26206
7290110321697,false,יופלה גו בטעם  אפרסק,,,יופלה גו בטעם  אפרסק,מיליליטרים,200.00,"100 מ""ל",false,,5.90,2.9500,true,1,26207
7290110321703,false,יופלה גו בטעם פרות י,,,יופלה גו בטעם פרות י,מיליליטרים,200.00,"100 מ""ל",false,,5.90,2.9500,true,1,26208
7290110322014,false,טופו טבעי 300 גרם,,,טופו טבעי 300 גרם,גרמים,300.00,100 גרם,false,,13.90,4.6333,true,1,26227
7290110322038,false,טופו  פיקנטי 300 גרם,,,טופו  פיקנטי 300 גרם,גרמים,300.00,100 גרם,false,,13.90,4.6333,true,1,26229
7290110323301,false,גבינת עמק טל 32% שומ,,,גבינת עמק טל 32% שומ,גרמים,200.00,100 גרם,false,,19.90,9.9500,true,1,26274
7290110323592,false,יופלה GO לייט עם אפר,,,יופלה GO לייט עם אפר,גרמים,200.00,100 גרם,false,,5.90,2.9500,true,1,26293
7290110323714,false,תנובה משקה קוקוס שקד,,,תנובה משקה קוקוס שקד,יחידה,0.00,יחידה,false,,14.50,0.0000,true,1,26304
7290110324353,false,יופלה גו לייט בטעם א,,,יופלה גו לייט בטעם א,גרמים,200.00,100 גרם,false,,5.90,2.9500,true,1,26345
7290110324711,false,ממרח סויה 9% בטעם טב,,,ממרח סויה 9% בטעם טב,גרמים,250.00,100 גרם,false,,9.90,3.9600,true,1,26372
7290110324841,false,מעדן שקדים עם שוקולד,,,מעדן שקדים עם שוקולד,גרמים,125.00,100 גרם,false,,4.90,3.9200,true,1,26382
7290110324858,false,מעדן שקדים בטעם אגוז,,,מעדן שקדים בטעם אגוז,גרמים,125.00,100 גרם,false,,4.90,3.9200,true,1,26383
7290110324872,false,גלבוע גבינה פרוסה 5%,,,גלבוע גבינה פרוסה 5%,גרמים,200.00,100 גרם,false,,19.90,9.9500,true,1,26384
7290110325305,false,יופלה סויה גו 20 גרם,,,יופלה סויה גו 20 גרם,גרמים,200.00,100 גרם,false,,5.90,2.9500,true,1,26403
7290110325312,false,יופלה סויה גו 20 גרם,,,יופלה סויה גו 20 גרם,גרמים,200.00,100 גרם,false,,5.90,2.9500,true,1,26404
7290110325510,false,יופלה טיוב יוגורט במ,,,יופלה טיוב יוגורט במ,מיליליטרים,348.00,"100 מ""ל",false,,12.90,3.7069,true,1,26409
7290110325619,false,תנובה משקה שיבולת שו,,,תנובה משקה שיבולת שו,יחידה,0.00,יחידה,false,,14.50,0.0000,true,1,26413
7290110325893,false,משקה תנובה GO אייס ק,,,משקה תנובה GO אייס ק,גרמים,340.00,100 גרם,false,,7.90,2.3235,true,1,26430
7290110326210,false,יופלה און טופ פצפוצי,,,יופלה און טופ פצפוצי,גרמים,157.00,100 גרם,false,,5.90,3.7580,true,1,60295
7290110326333,false,פרוסות גבינה סקנדינב,,,פרוסות גבינה סקנדינב,גרמים,170.00,100 גרם,false,,18.90,11.1176,true,1,137179
7290110327033,false,משקה סויה תנובה GO מ,,,משקה סויה תנובה GO מ,יחידה,0.00,יחידה,false,,14.50,0.0000,true,1,85049
7290110327514,false,משקה שיבולת שועל בטע,,,משקה שיבולת שועל בטע,יחידה,0.00,יחידה,false,,14.50,0.0000,true,1,155258
7290110327798,false,GO חטיף חלבון בטעם ש,,,GO חטיף חלבון בטעם ש,גרמים,60.00,100 גרם,false,,12.90,21.5000,true,1,141261
7290110328627,false,יוגורט גו סמיך 0% בנ,,,יוגורט גו סמיך 0% בנ,גרמים,200.00,100 גרם,false,,5.90,2.9500,true,1,145074
7290110328764,false,יוגורט גו סמיך 0% תו,,,יוגורט גו סמיך 0% תו,גרמים,200.00,100 גרם,false,,5.90,2.9500,true,1,145090
7290110328771,false,יוגורט גו סמיך 0% פי,,,יוגורט גו סמיך 0% פי,גרמים,200.00,100 גרם,false,,5.90,2.9500,true,1,145075
7290110328788,false,יוגורט גו סמיך 0% אפ,,,יוגורט גו סמיך 0% אפ,גרמים,200.00,100 גרם,false,,5.90,2.9500,true,1,145076
7290110329136,false,מעדן חלב גו בטעם שוק,,,מעדן חלב גו בטעם שוק,גרמים,120.00,100 גרם,false,,4.90,4.0833,true,1,199642
7290110329143,false,מעדן חלב גו בטעם וני,,,מעדן חלב גו בטעם וני,גרמים,120.00,100 גרם,false,,4.90,4.0833,true,1,199604
7290110329266,false,יוגורט מחלב עיזים מל,,,יוגורט מחלב עיזים מל,גרמים,140.00,100 גרם,false,,6.90,4.9286,true,1,160661
7290110329792,false,סויה BIO אפרסק גביע,,,סויה BIO אפרסק גביע,גרמים,150.00,100 גרם,false,,4.70,3.1333,true,1,240233
7290110329808,false,סויה BIO תות גביע 15,,,סויה BIO תות גביע 15,גרמים,150.00,100 גרם,false,,4.70,3.1333,true,1,240234
7290110329822,false,סויה BIO פירות יער ג,,,סויה BIO פירות יער ג,גרמים,150.00,100 גרם,false,,4.70,3.1333,true,1,240236
7290110329846,false,סויה BIO טבעי גביע 1,,,סויה BIO טבעי גביע 1,גרמים,150.00,100 גרם,false,,4.70,3.1333,true,1,240237
7290110552237,false,דנונה PRO 20 גרם חלב,,,דנונה PRO 20 גרם חלב,גרמים,200.00,100 גרם,false,,6.20,3.1000,true,1,229970
7290110553425,false,קפה נמס עלית פחית מו,,,קפה נמס עלית פחית מו,גרמים,240.00,100 גרם,false,,22.90,9.5417,true,1,236676
7290110554514,false,קפה טורקי אתיופי עלי,,,קפה טורקי אתיופי עלי,גרמים,100.00,100 גרם,false,,9.90,9.9000,true,1,354169
7290110554545,false,קפסולות קפה עלית לאפ,,,קפסולות קפה עלית לאפ,גרמים,50.00,100 גרם,false,,18.90,37.8000,true,1,317779
7290110554729,false,עלית קפסולות אספרסו,,,עלית קפסולות אספרסו,גרמים,50.00,100 גרם,false,,18.90,37.8000,true,1,316911
7290110555306,false,רבע לשבע טבעוני סינמ,,,רבע לשבע טבעוני סינמ,גרמים,120.00,100 גרם,false,,11.90,9.9167,true,1,308428
7290110555603,false,אבקה להכנת שוקולטה ס,,,אבקה להכנת שוקולטה ס,גרמים,360.00,100 גרם,false,,22.90,6.3611,true,1,400945
7290110556242,false,שוקולד מריר מעולה 10,,,שוקולד מריר מעולה 10,גרמים,100.00,100 גרם,false,,5.70,5.7000,true,1,386064
7290110557027,false,חומוס הסדרה עשיר ב50,,,חומוס הסדרה עשיר ב50,גרמים,400.00,100 גרם,false,,15.90,3.9750,true,1,198191
7290110557102,false,מעדן פרו חלב עם שוקו,,,מעדן פרו חלב עם שוקו,גרמים,150.00,100 גרם,false,,5.90,3.9333,true,1,178253
7290110557133,false,מעדן הגולן מעדן חלב,,,מעדן הגולן מעדן חלב,גרמים,125.00,100 גרם,false,,3.50,2.8000,true,1,191184
7290110558307,false,דנונה פרו עם שיבולת,,,דנונה פרו עם שיבולת,מיליליטרים,200.00,"100 מ""ל",false,,6.90,3.4500,true,1,319437
7290110558314,false,דנונה פרו ללא סוכר 2,,,דנונה פרו ללא סוכר 2,גרמים,200.00,100 גרם,false,,6.20,3.1000,true,1,364527
7290110558338,false,דנונה פרו 25 גרם חלב,,,דנונה פרו 25 גרם חלב,מיליליטרים,200.00,"100 מ""ל",false,,6.90,3.4500,true,1,319438
7290110560317,false,פריכיות משולשות מלח,,,פריכיות משולשות מלח,גרמים,30.00,100 גרם,false,,5.90,19.6667,true,1,22965
7290110560324,false,פריכיות משולשות אפונ,,,פריכיות משולשות אפונ,גרמים,30.00,100 גרם,false,,5.90,19.6667,true,1,22966
7290110561352,false,דנונה ביו דל לקטוז ב,,,דנונה ביו דל לקטוז ב,גרמים,200.00,100 גרם,false,,3.90,1.9500,true,1,23899
7290110563431,false,יטבתה משקה קפה קר בס,,,יטבתה משקה קפה קר בס,מיליליטרים,230.00,"100 מ""ל",false,,7.90,3.4348,true,1,23912
7290110563448,false,יטבתה משקה קפה קר בס,,,יטבתה משקה קפה קר בס,מיליליטרים,230.00,"100 מ""ל",false,,7.90,3.4348,true,1,23913
7290110563462,false,יטבתה חלב בבקבוק נטו,,,יטבתה חלב בבקבוק נטו,ליטרים,1.00,ליטר,false,,8.90,8.9000,true,1,23915
7290110564339,false,חומוס הסדרה המובחרת,,,חומוס הסדרה המובחרת,גרמים,400.00,100 גרם,false,,15.90,3.9750,true,1,23922
7290110564360,false,חומוס אחלה עשיר ב 40,,,חומוס אחלה עשיר ב 40,גרמים,400.00,100 גרם,false,,15.90,3.9750,true,1,23923
7290110565435,false,לימבו בטעם פטל 0% שו,,,לימבו בטעם פטל 0% שו,גרמים,125.00,100 גרם,false,,2.50,2.0000,true,1,23938
7290110565527,false,דנונה PRO 20 גרם חלב,,,דנונה PRO 20 גרם חלב,גרמים,200.00,100 גרם,false,,6.20,3.1000,true,1,23940
7290110566975,false,דנונה PRO 20 גרם חלב,,,דנונה PRO 20 גרם חלב,גרמים,200.00,100 גרם,false,,6.20,3.1000,true,1,23950
7290110568238,false,קצפת צימחית 21% במתי,,,קצפת צימחית 21% במתי,מיליליטרים,250.00,"100 מ""ל",false,,8.90,3.5600,true,1,23962
7290110568276,false,משקה פרו  וניל יטבתה,,,משקה פרו  וניל יטבתה,מיליליטרים,350.00,"100 מ""ל",false,,6.90,1.9714,true,1,23963
7290110570569,false,פולי אספרסו עשירים ו,,,פולי אספרסו עשירים ו,גרמים,500.00,100 גרם,false,,74.90,14.9800,true,1,271927
7290110571399,false,מסטיק ללא סוכר בטעם,,,מסטיק ללא סוכר בטעם,גרמים,66.00,100 גרם,false,,10.90,16.5152,true,1,344769
7290110571405,false,מיני פינוקיות פסק זמ,,,מיני פינוקיות פסק זמ,גרמים,180.00,100 גרם,false,,11.90,6.6111,true,1,400026
7290110571474,false,רבע לשבע טבעוני פופק,,,רבע לשבע טבעוני פופק,גרמים,125.00,100 גרם,false,,11.90,9.5200,true,1,375756
7290110572129,false,כיף כף מקלות שוקולד,,,כיף כף מקלות שוקולד,גרמים,40.00,100 גרם,false,,5.50,13.7500,true,1,401652
7290110572969,false,כיף כף פצפצים קרם לב,,,כיף כף פצפצים קרם לב,גרמים,40.00,100 גרם,false,,5.50,13.7500,true,1,364663
7290110572976,false,כיף כף פצפצים קרם לב,,,כיף כף פצפצים קרם לב,גרמים,135.00,100 גרם,false,,12.90,9.5556,true,1,364577
7290110576387,false,מארז שלישיית אגוז  ח,,,מארז שלישיית אגוז  ח,גרמים,300.00,100 גרם,false,,26.90,8.9667,true,1,388507
7290111097546,false,קוויק מטליות לחות לנ,,,קוויק מטליות לחות לנ,יחידה,0.00,יחידה,false,,9.90,0.0000,true,1,261395
7290111098536,false,מגבונים לחים לתינוק,,,מגבונים לחים לתינוק,יחידה,0.00,יחידה,false,,14.90,0.0000,true,1,285676
7290111340178,false,מטליות לחות לניקוי כ,,,מטליות לחות לניקוי כ,יחידה,0.00,יחידה,false,,13.90,0.0000,true,1,9118
7290111341984,false,לילי טואלט לח PURE מ,,,לילי טואלט לח PURE מ,יחידה,0.00,יחידה,false,,21.90,0.0000,true,1,9149
7290111342042,false,כריות יפניות אנטיבקט,,,כריות יפניות אנטיבקט,יחידה,0.00,יחידה,false,,14.90,0.0000,true,1,9152
7290111343117,false,טישו לושן סופט קליני,,,טישו לושן סופט קליני,יחידה,0.00,יחידה,false,,14.90,0.0000,true,1,97368
7290111343827,false,ניקול מטליות רב שימו,,,ניקול מטליות רב שימו,יח',9.00,יח',false,,10.90,1.2111,true,1,83511
7290111344831,false,מגיני תחתון סופר פרו,,,מגיני תחתון סופר פרו,יחידה,0.00,יחידה,false,,20.90,0.0000,true,1,215578
7290111352973,false,יוגטה קוביות חמוציות,,,יוגטה קוביות חמוציות,גרמים,220.00,100 גרם,false,,6.90,3.1364,true,1,83384
7290111564277,false,פריכיות 3 דגנים דקות,,,פריכיות 3 דגנים דקות,גרמים,120.00,100 גרם,false,,11.90,9.9167,true,1,19209
7290111564291,false,פריכיות קינואה דקות,,,פריכיות קינואה דקות,גרמים,120.00,100 גרם,false,,11.90,9.9167,true,1,19210
7290111565038,false,לה קרמריה  בטעם וניל,,,לה קרמריה  בטעם וניל,ליטרים,1.40,ליטר,false,,25.90,18.5000,true,1,16204
7290111565502,false,סנדוויץ אוראו,,,סנדוויץ אוראו,יחידה,0.00,יחידה,false,,9.90,0.0000,true,1,16208
7290111566271,false,חטיפי תירס טבעול  65,,,חטיפי תירס טבעול  65,גרמים,657.00,100 גרם,false,,35.90,5.4642,true,1,19998
7290111566318,false,שניצל דק צמחוני   בט,,,שניצל דק צמחוני   בט,גרמים,564.00,100 גרם,false,,35.90,6.3652,true,1,20000
7290111566332,false,נקניקיה וינר  680 גר,,,נקניקיה וינר  680 גר,גרמים,680.00,100 גרם,false,,35.90,5.2794,true,1,20001
7290111566417,false,טחון  מן  הצומח  500,,,טחון  מן  הצומח  500,גרמים,500.00,100 גרם,false,,35.90,7.1800,true,1,20002
7290111566547,false,חזה  בגריל  מו הצומח,,,חזה  בגריל  מו הצומח,גרמים,560.00,100 גרם,false,,35.90,6.4107,true,1,20004
7290111566561,false,טבעול שניצל ברוקולי,,,טבעול שניצל ברוקולי,גרמים,630.00,100 גרם,false,,35.90,5.6984,true,1,20005
7290111566585,false,שניצל מן הצומח  מופח,,,שניצל מן הצומח  מופח,גרמים,650.00,100 גרם,false,,35.90,5.5231,true,1,20006
7290111566776,false,נקנקיות  קוקטייל  מן,,,נקנקיות  קוקטייל  מן,גרמים,680.00,100 גרם,false,,35.90,5.2794,true,1,20012
7290111568275,false,נודלס אטריות אורז רח,,,נודלס אטריות אורז רח,גרמים,300.00,100 גרם,false,,10.90,3.6333,true,1,19258
7290111879074,false,בקבוק טריטן מרובע 60,,,בקבוק טריטן מרובע 60,יחידה,0.00,יחידה,false,,24.90,0.0000,true,1,33395
7290111932380,false,מרידול משחות שיניים,,,מרידול משחות שיניים,גרמים,150.00,100 גרם,false,,32.90,21.9333,true,1,21791
7290111933462,false,רוטב צ'ילי מתוק 300,,,רוטב צ'ילי מתוק 300,מיליליטרים,300.00,"100 מ""ל",false,,10.90,3.6333,true,1,21801
7290111936784,false,פרי מארז חטיפים תמרי,,,פרי מארז חטיפים תמרי,גרמים,125.00,100 גרם,false,,16.90,13.5200,true,1,21832
7290112000392,false,תרסיס ניקוי וחיטוי ל,,,תרסיס ניקוי וחיטוי ל,מיליליטרים,750.00,"100 מ""ל",false,,17.90,2.3867,true,1,21015
7290112000408,false,תרסיס ניקוי וחיטוי ר,,,תרסיס ניקוי וחיטוי ר,מיליליטרים,750.00,"100 מ""ל",false,,17.90,2.3867,true,1,21016
7290112000736,false,פיניש הכל ב-1 80 טבל,,,פיניש הכל ב-1 80 טבל,יחידה,0.00,יחידה,false,,61.90,0.0000,true,1,21022
7290112000798,false,מחטא משטחים לימון מנ,,,מחטא משטחים לימון מנ,מיליליטרים,750.00,"100 מ""ל",false,,17.90,2.3867,true,1,21023
7290112002099,false,קולון ג'ל 2.5 ליטר ב,,,קולון ג'ל 2.5 ליטר ב,ליטרים,2.50,ליטר,false,,26.90,10.7600,true,1,21050
7290112002105,false,קולון ג'ל 2.5 ליטר כ,,,קולון ג'ל 2.5 ליטר כ,ליטרים,2.50,ליטר,false,,26.90,10.7600,true,1,21051
7290112002112,false,קולון ג'ל 2.5 ליטר ב,,,קולון ג'ל 2.5 ליטר ב,ליטרים,2.50,ליטר,false,,26.90,10.7600,true,1,21052
7290112003423,false,איירוויק בוטניקה מקל,,,איירוויק בוטניקה מקל,מיליליטרים,205.00,"100 מ""ל",false,,24.90,12.1463,true,1,110553
7290112003553,false,איירוויק בוטניקה נר,,,איירוויק בוטניקה נר,מיליליטרים,205.00,"100 מ""ל",false,,24.90,12.1463,true,1,110557
7290112004185,false,פיניש נוזל הברקה אקו,,,פיניש נוזל הברקה אקו,מיליליטרים,400.00,"100 מ""ל",false,,15.90,3.9750,true,1,182126
7290112004208,false,טבליות למדיח כלים פי,,,טבליות למדיח כלים פי,גרמים,800.00,100 גרם,false,,41.90,5.2375,true,1,266077
7290112004413,false,מסיר כתמים ספריי כבי,,,מסיר כתמים ספריי כבי,מיליליטרים,750.00,"100 מ""ל",false,,16.90,2.2533,true,1,272896
7290112004451,false,מחטא כביסה לבגדי ספו,,,מחטא כביסה לבגדי ספו,ליטרים,1.50,ליטר,false,,25.90,17.2667,true,1,186971
7290112005045,false,וניש אבקה לכביסה לבנ,,,וניש אבקה לכביסה לבנ,מיליליטרים,480.00,"100 מ""ל",false,,17.90,3.7292,true,1,366172
7290112192561,false,מש.שיניים פרמיום הגנ,,,מש.שיניים פרמיום הגנ,מיליליטרים,75.00,"100 מ""ל",false,,36.90,49.2000,true,1,4071
7290112195227,false,אטריות ביצים דקיקות,,,אטריות ביצים דקיקות,גרמים,500.00,100 גרם,false,,14.90,2.9800,true,1,166931
7290112332585,false,"פריכיות הטעימות תפו""",,,"פריכיות הטעימות תפו""",גרמים,30.00,100 גרם,false,,5.90,19.6667,true,1,23066
7290112332691,false,פינוקיות עוגיית קרם,,,פינוקיות עוגיית קרם,גרמים,200.00,100 גרם,false,,13.90,6.9500,true,1,23068
7290112336651,false,סוכריות מאסט ללא סוכ,,,סוכריות מאסט ללא סוכ,גרמים,80.00,100 גרם,false,,8.90,11.1250,true,1,23097
7290112336712,false,דנונה פרו 21 0% שומן,,,דנונה פרו 21 0% שומן,גרמים,200.00,100 גרם,false,,6.20,3.1000,true,1,24004
7290112337474,false,"סוכריות מאסט לל""ס פט",,,"סוכריות מאסט לל""ס פט",גרמים,80.00,100 גרם,false,,8.90,11.1250,true,1,23100
7290112339867,false,גמדים סקוויז בודד תו,,,גמדים סקוויז בודד תו,גרמים,100.00,100 גרם,false,,6.50,6.5000,true,1,24033
7290112339874,false,גמדים סקוויז בודד תו,,,גמדים סקוויז בודד תו,גרמים,100.00,100 גרם,false,,6.50,6.5000,true,1,24034
7290112340122,false,פריכיות הטעימות 3 דג,,,פריכיות הטעימות 3 דג,גרמים,135.00,100 גרם,false,,13.90,10.2963,true,1,23110
7290112343420,false,משקה יטבתה פרו 20 אר,,,משקה יטבתה פרו 20 אר,מיליליטרים,350.00,"100 מ""ל",false,,7.90,2.2571,true,1,24066
7290112343499,false,ציטוס Puffs בטעם גבי,,,ציטוס Puffs בטעם גבי,גרמים,55.00,100 גרם,false,,3.50,6.3636,true,1,180719
7290112344755,false,מילקי עם 26% פחות סו,,,מילקי עם 26% פחות סו,מיליליטרים,135.00,"100 מ""ל",false,,2.90,2.1481,true,1,104269
7290112346360,false,בפלות אחת אחת בציפוי,,,בפלות אחת אחת בציפוי,גרמים,180.00,100 גרם,false,,15.90,8.8333,true,1,23154
7290112347008,false,גמדים ארוחת בוקר תות,,,גמדים ארוחת בוקר תות,גרמים,100.00,100 גרם,false,,6.50,6.5000,true,1,24092
7290112348142,false,שעועית לבנה טעם הטבע,,,שעועית לבנה טעם הטבע,גרמים,380.00,100 גרם,false,,6.90,1.8158,true,1,65854
7290112349606,false,דניאלה תות בננה 150,,,דניאלה תות בננה 150,מיליליטרים,150.00,"100 מ""ל",false,,4.30,2.8667,true,1,230008
7290112349705,false,רוטב עגבניות פומודרו,,,רוטב עגבניות פומודרו,גרמים,350.00,100 גרם,false,,12.90,3.6857,true,1,23162
7290112349736,false,רוטב עגבניות בזיליקו,,,רוטב עגבניות בזיליקו,גרמים,350.00,100 גרם,false,,12.90,3.6857,true,1,23163
7290112349750,false,רוטב עגבניות לפיצה 3,,,רוטב עגבניות לפיצה 3,גרמים,350.00,100 גרם,false,,12.90,3.6857,true,1,23165
7290112350312,false,עלית קפסולות  15 למכ,,,עלית קפסולות  15 למכ,גרמים,50.00,100 גרם,false,,18.90,37.8000,true,1,91007
7290112351463,false,שלישיית סוכריות FRES,,,שלישיית סוכריות FRES,גרמים,45.00,100 גרם,false,,8.90,19.7778,true,1,90074
7290112354945,false,תפוצ'יפס wavy 50 גר,,,תפוצ'יפס wavy 50 גר,גרמים,50.00,100 גרם,false,,4.30,8.6000,true,1,402137
7290112354952,false,תפוצ'יפס wavy פפריקה,,,תפוצ'יפס wavy פפריקה,גרמים,50.00,100 גרם,false,,4.30,8.6000,true,1,402138
7290112354969,false,תפוצ'יפס וויבי 200 ג,,,תפוצ'יפס וויבי 200 ג,גרמים,200.00,100 גרם,false,,10.90,5.4500,true,1,402095
7290112355027,false,דנונה פרו 20 גר' בטע,,,דנונה פרו 20 גר' בטע,גרמים,200.00,100 גרם,false,,6.20,3.1000,true,1,104286
7290112357069,false,מחית עגבניות איטלקיו,,,מחית עגבניות איטלקיו,גרמים,500.00,100 גרם,false,,7.90,1.5800,true,1,65856
7290112357083,false,אפונה ירוקה טעם הטבע,,,אפונה ירוקה טעם הטבע,גרמים,380.00,100 גרם,false,,6.90,1.8158,true,1,172288
7290112357106,false,שעועית אדומה טעם הטב,,,שעועית אדומה טעם הטב,גרמים,380.00,100 גרם,false,,6.90,1.8158,true,1,65857
7290112357113,false,גרגרי חומוס טעם הטבע,,,גרגרי חומוס טעם הטבע,גרמים,380.00,100 גרם,false,,6.90,1.8158,true,1,65858
7290112358004,false,פסק זמן קראנץ' 32 גר,,,פסק זמן קראנץ' 32 גר,גרמים,32.00,100 גרם,false,,5.90,18.4375,true,1,118652
7290112358233,false,יד מורדכי רוטב צ'ילי,,,יד מורדכי רוטב צ'ילי,מיליליטרים,300.00,"100 מ""ל",false,,15.90,5.3000,true,1,117628
7290112358431,false,דאבל ביסקוויט עם שוק,,,דאבל ביסקוויט עם שוק,גרמים,200.00,100 גרם,false,,14.90,7.4500,true,1,131687
7290112490209,false,נמס בכוס מרק עגבניות,,,נמס בכוס מרק עגבניות,גרמים,56.00,100 גרם,false,,7.90,14.1071,true,1,10741
7290112490216,false,נמס בכוס בטעם עוף קר,,,נמס בכוס בטעם עוף קר,יחידה,48.00,יחידה,false,,7.90,0.1646,true,1,10742
7290112490230,false,נמס בכוס אפונה רכיבי,,,נמס בכוס אפונה רכיבי,גרמים,50.00,100 גרם,false,,7.90,15.8000,true,1,10743
7290112491701,false,ברנפלקס אקסטרה פרוטא,,,ברנפלקס אקסטרה פרוטא,גרמים,400.00,100 גרם,false,,24.90,6.2250,true,1,10795
7290112492449,false,פינוק שמפו לשיער רגי,,,פינוק שמפו לשיער רגי,מיליליטרים,700.00,"100 מ""ל",false,,11.90,1.7000,true,1,58544
7290112492456,false,פינוק שמפו שיער יבש,,,פינוק שמפו שיער יבש,מיליליטרים,700.00,"100 מ""ל",false,,11.90,1.7000,true,1,58545
7290112492500,false,פינוק שמפו שמן קוקוס,,,פינוק שמפו שמן קוקוס,מיליליטרים,700.00,"100 מ""ל",false,,11.90,1.7000,true,1,58548
7290112492531,false,פינוק מרכך לשיער רגי,,,פינוק מרכך לשיער רגי,מיליליטרים,700.00,"100 מ""ל",false,,11.90,1.7000,true,1,58549
7290112492548,false,פינוק מרכך לשיער יבש,,,פינוק מרכך לשיער יבש,מיליליטרים,700.00,"100 מ""ל",false,,11.90,1.7000,true,1,58550
7290112492609,false,פינוק תחליב רחצה לבנ,,,פינוק תחליב רחצה לבנ,מיליליטרים,700.00,"100 מ""ל",false,,10.90,1.5571,true,1,58553
7290112492630,false,פינוק לגבר 3 ב-1 700,,,פינוק לגבר 3 ב-1 700,מיליליטרים,700.00,"100 מ""ל",false,,11.90,1.7000,true,1,58556
7290112492715,false,פינוק שמפו לילדים 70,,,פינוק שמפו לילדים 70,מיליליטרים,700.00,"100 מ""ל",false,,12.90,1.8429,true,1,74791
7290112492722,false,פינוק 2 ב 1 ילדים 70,,,פינוק 2 ב 1 ילדים 70,מיליליטרים,700.00,"100 מ""ל",false,,12.90,1.8429,true,1,74792
7290112492999,false,מרק טעם עוף קנור 400,,,מרק טעם עוף קנור 400,גרמים,400.00,100 גרם,false,,18.90,4.7250,true,1,10816
7290112494221,false,קליק ביסקוויט 65 גרם,,,קליק ביסקוויט 65 גרם,גרמים,65.00,100 גרם,false,,6.90,10.6154,true,1,10838
7290112494238,false,קליק כדורים חלב 65 ג,,,קליק כדורים חלב 65 ג,גרמים,65.00,100 גרם,false,,6.90,10.6154,true,1,10839
7290112494283,false,קליק מעורב חום לבן 6,,,קליק מעורב חום לבן 6,גרמים,65.00,100 גרם,false,,6.90,10.6154,true,1,10842
7290112494313,false,קליק קורנפלקס 65 גרם,,,קליק קורנפלקס 65 גרם,גרמים,65.00,100 גרם,false,,6.90,10.6154,true,1,10844
7290112494795,false,ג'ל לכביסה לבנה וצבע,,,ג'ל לכביסה לבנה וצבע,ליטרים,2.50,ליטר,false,,34.90,13.9600,true,1,10854
7290112494993,false,"כריות וניל תלמה בד""ץ",,,"כריות וניל תלמה בד""ץ",גרמים,686.00,100 גרם,false,,30.90,4.5044,true,1,10858
7290112495143,false,נשנושים קוקטייל מלוח,,,נשנושים קוקטייל מלוח,גרמים,300.00,100 גרם,false,,13.90,4.6333,true,1,10867
7290112495174,false,נשנושים קוקטייל שומש,,,נשנושים קוקטייל שומש,גרמים,300.00,100 גרם,false,,13.90,4.6333,true,1,10870
7290112495433,false,"דליפקאן תלמה בד""ץ 40",,,"דליפקאן תלמה בד""ץ 40",גרמים,400.00,100 גרם,false,,24.90,6.2250,true,1,10875
7290112495822,false,"כריות בלאק תלמה בד""ץ",,,"כריות בלאק תלמה בד""ץ",גרמים,686.00,100 גרם,false,,30.90,4.5044,true,1,10878
7290112496027,false,"סירופ שוקולד 600 מ""ל",,,"סירופ שוקולד 600 מ""ל",מיליליטרים,600.00,"100 מ""ל",false,,14.90,2.4833,true,1,52451
7290112497994,false,גרנולה PROTEIN בתוספ,,,גרנולה PROTEIN בתוספ,גרמים,300.00,100 גרם,false,,16.90,5.6333,true,1,161707
7290112498007,false,גרנולה PROTEIN בתוספ,,,גרנולה PROTEIN בתוספ,גרמים,300.00,100 גרם,false,,16.90,5.6333,true,1,189630
7290112498915,false,מאגדת מיני מגנום שקד,,,מאגדת מיני מגנום שקד,גרמים,310.00,100 גרם,false,,30.90,9.9677,true,1,141515
7290112499097,false,מאגדת מיני מגנום מרי,,,מאגדת מיני מגנום מרי,גרמים,240.00,100 גרם,false,,30.90,12.8750,true,1,231797
7290112499455,false,תחליב רחצה בתוספת שמ,,,תחליב רחצה בתוספת שמ,מיליליטרים,700.00,"100 מ""ל",false,,10.90,1.5571,true,1,141591
7290112499844,false,מגנום מיני דואט מאגד,,,מגנום מיני דואט מאגד,גרמים,310.00,100 גרם,false,,30.90,9.9677,true,1,4426
7290112499943,false,מגנום מאגדת מיני שוק,,,מגנום מאגדת מיני שוק,גרמים,250.00,100 גרם,false,,30.90,12.3600,true,1,4427
7290112960856,false,אקסטרים מטבע שוקולד,,,אקסטרים מטבע שוקולד,גרמים,115.00,100 גרם,false,,9.90,8.6087,true,1,16216
7290112961372,false,חטיפי פריכיות דקות ק,,,חטיפי פריכיות דקות ק,גרמים,60.00,100 גרם,false,,8.90,14.8333,true,1,19290
7290112961464,false,חטיפי פריכיות דקות מ,,,חטיפי פריכיות דקות מ,גרמים,60.00,100 גרם,false,,8.90,14.8333,true,1,19293
7290112962287,false,שווארמה טבעונית טבעו,,,שווארמה טבעונית טבעו,גרמים,450.00,100 גרם,false,,35.90,7.9778,true,1,56378
7290112963918,false,פיטנס חטיפי קרקר דק,,,פיטנס חטיפי קרקר דק,גרמים,140.00,100 גרם,false,,13.90,9.9286,true,1,19319
7290112964434,false,אסם רוטב קיסר לסלט 2,,,אסם רוטב קיסר לסלט 2,מיליליטרים,295.00,"100 מ""ל",false,,13.90,4.7119,true,1,19333
7290112964724,false,טבעול המבורגר טבעוני,,,טבעול המבורגר טבעוני,גרמים,580.00,100 גרם,false,,35.90,6.1897,true,1,20040
7290112965165,false,זוג מרק נמס פטריות ב,,,זוג מרק נמס פטריות ב,גרמים,48.00,100 גרם,false,,6.90,14.3750,true,1,19348
7290112965585,false,פסטה קסרצה פרפקטו 50,,,פסטה קסרצה פרפקטו 50,גרמים,500.00,100 גרם,false,,7.90,1.5800,true,1,19361
7290112965684,false,פיטנס חטיף מולטיגריי,,,פיטנס חטיף מולטיגריי,גרמים,25.00,100 גרם,false,,5.80,23.2000,true,1,104143
7290112965868,false,אסם קרם קרקר במליחות,,,אסם קרם קרקר במליחות,גרמים,250.00,100 גרם,false,,10.90,4.3600,true,1,19366
7290112965943,false,טבעול נאגטס ירקות יר,,,טבעול נאגטס ירקות יר,גרמים,500.00,100 גרם,false,,35.90,7.1800,true,1,102992
7290112967220,false,ביסלי ברביקיו מארז 1,,,ביסלי ברביקיו מארז 1,גרמים,200.00,100 גרם,false,,12.90,6.4500,true,1,69610
7290112967244,false,ביסלי גריל מארז 10*,,,ביסלי גריל מארז 10*,גרמים,200.00,100 גרם,false,,12.90,6.4500,true,1,19387
7290112967749,false,פסטה נוציאולה אסם 50,,,פסטה נוציאולה אסם 50,יחידה,500.00,יחידה,false,,7.90,0.0158,true,1,19391
7290112968708,false,שניצל  תירס עדה חרדי,,,שניצל  תירס עדה חרדי,קילוגרמים,1.30,"ק""ג",false,,45.90,35.3077,true,1,60091
7290112968807,false,פיטנס קרקר דק סלק 14,,,פיטנס קרקר דק סלק 14,גרמים,140.00,100 גרם,false,,13.90,9.9286,true,1,110927
7290112968821,false,פיטנס קרקר דק בטטה 1,,,פיטנס קרקר דק בטטה 1,גרמים,140.00,100 גרם,false,,13.90,9.9286,true,1,110928
7290113190757,false,חלבה תלתלים בטעם וני,,,חלבה תלתלים בטעם וני,גרמים,300.00,100 גרם,false,,14.90,4.9667,true,1,367325
7290113192317,false,טבעות זיתים מושחרים,,,טבעות זיתים מושחרים,גרמים,280.00,100 גרם,false,,12.90,4.6071,true,1,19409
7290113192324,false,זית ירוק בית השיטה 3,,,זית ירוק בית השיטה 3,גרמים,340.00,100 גרם,false,,10.90,3.2059,true,1,19410
7290113192355,false,זיתים חרוזית ירוק בי,,,זיתים חרוזית ירוק בי,גרמים,275.00,100 גרם,false,,10.90,3.9636,true,1,19413
7290113192362,false,טבעות זיתים ירוקים ב,,,טבעות זיתים ירוקים ב,גרמים,280.00,100 גרם,false,,11.90,4.2500,true,1,19414
7290113192386,false,זית סורי מבוקע בית ה,,,זית סורי מבוקע בית ה,גרמים,340.00,100 גרם,false,,12.90,3.7941,true,1,19416
7290113192478,false,מלפפון במלח 10-12 בי,,,מלפפון במלח 10-12 בי,גרמים,320.00,100 גרם,false,,8.90,2.7813,true,1,19425
7290113192485,false,מלפפון בחומץ 12-10 ב,,,מלפפון בחומץ 12-10 ב,גרמים,290.00,100 גרם,false,,8.90,3.0690,true,1,19426
7290113192492,false,מלפפון בחומץ 13-17 ב,,,מלפפון בחומץ 13-17 ב,גרמים,290.00,100 גרם,false,,12.90,4.4483,true,1,19427
7290113192508,false,מלפפון במלח 13-17 בי,,,מלפפון במלח 13-17 בי,גרמים,320.00,100 גרם,false,,12.90,4.0313,true,1,19428
7290113192515,false,מלפפון במלח 18-25 בי,,,מלפפון במלח 18-25 בי,גרמים,320.00,100 גרם,false,,14.90,4.6563,true,1,19429
7290113192522,false,מלפפון בחומץ 18-25 ב,,,מלפפון בחומץ 18-25 ב,גרמים,290.00,100 גרם,false,,14.90,5.1379,true,1,19430
7290113192539,false,מלפפון במלח 7-9 בית,,,מלפפון במלח 7-9 בית,גרמים,560.00,100 גרם,false,,7.90,1.4107,true,1,19431
7290113192546,false,מלפפון בחומץ 7-9 בית,,,מלפפון בחומץ 7-9 בית,גרמים,560.00,100 גרם,false,,7.90,1.4107,true,1,19432
7290113192553,false,מלפפון במלח בלדי 13-,,,מלפפון במלח בלדי 13-,גרמים,320.00,100 גרם,false,,12.90,4.0313,true,1,19433
7290113192577,false,כרוב כבוש בית השיטה,,,כרוב כבוש בית השיטה,יחידה,430.00,יחידה,false,,8.90,0.0207,true,1,19435
7290113192881,false,טורטיה חיטה מופחתת ק,,,טורטיה חיטה מופחתת ק,גרמים,270.00,100 גרם,false,,10.00,3.7037,true,1,169056
7290113193017,false,בית השיטה קוקטייל זי,,,בית השיטה קוקטייל זי,גרמים,275.00,100 גרם,false,,15.90,5.7818,true,1,98292
7290113193321,false,שמן זית כתית מעולה ב,,,שמן זית כתית מעולה ב,מיליליטרים,750.00,"100 מ""ל",false,,30.90,4.1200,true,1,191271
7290113193406,false,טבעות קוקטיל זיתים ב,,,טבעות קוקטיל זיתים ב,גרמים,560.00,100 גרם,false,,10.70,1.9107,true,1,98294
7290113195073,false,חלבה טורקית עם פיסטו,,,חלבה טורקית עם פיסטו,גרמים,400.00,100 גרם,false,,13.90,3.4750,true,1,169388
7290113196353,false,אטריות אורז דקות 1 מ,,,אטריות אורז דקות 1 מ,גרמים,400.00,100 גרם,false,,9.90,2.4750,true,1,169591
7290113196414,false,אורז בסמטי שקדיה 1 ק,,,אורז בסמטי שקדיה 1 ק,קילוגרמים,1.00,"ק""ג",false,,10.50,10.5000,true,1,169106
7290113196513,false,פריכיות כוסמת שקדים,,,פריכיות כוסמת שקדים,גרמים,150.00,100 גרם,false,,11.90,7.9333,true,1,169438
7290113196902,false,מנה חמה אטריות אורז,,,מנה חמה אטריות אורז,גרמים,60.00,100 גרם,false,,7.90,13.1667,true,1,384835
7290113196957,false,חטיפי תירס טורטיה בט,,,חטיפי תירס טורטיה בט,גרמים,300.00,100 גרם,false,,14.90,4.9667,true,1,343757
7290113197169,false,חמאת בוטנים טבעית שק,,,חמאת בוטנים טבעית שק,גרמים,510.00,100 גרם,false,,15.90,3.1176,true,1,384851
7290113198067,false,פקאן מצופה שוקולד לב,,,פקאן מצופה שוקולד לב,גרמים,150.00,100 גרם,false,,15.90,10.6000,true,1,169454
7290113198586,false,סוכריות גומי מסוכר ב,,,סוכריות גומי מסוכר ב,גרמים,200.00,100 גרם,false,,10.90,5.4500,true,1,266291
7290113198593,false,סוכריות גומי מסוכר ב,,,סוכריות גומי מסוכר ב,גרמים,200.00,100 גרם,false,,10.90,5.4500,true,1,266292
7290113199682,false,גרנולה שיבולת שועל ע,,,גרנולה שיבולת שועל ע,גרמים,500.00,100 גרם,false,,13.50,2.7000,true,1,367488
7290113199842,false,מגש אירוח סוכריות גו,,,מגש אירוח סוכריות גו,גרמים,700.00,100 גרם,false,,32.90,4.7000,true,1,266311
7290113199897,false,סוכריות חמצוצים בטעם,,,סוכריות חמצוצים בטעם,גרמים,180.00,100 גרם,false,,10.90,6.0556,true,1,266294
7290113289475,false,מפיות חד שכבתיות 80,,,מפיות חד שכבתיות 80,יחידה,0.00,יחידה,false,,5.90,0.0000,true,1,184772
7290113289505,false,רדיד אלומיניום כוכבי,,,רדיד אלומיניום כוכבי,יחידה,0.00,יחידה,false,,34.90,0.0000,true,1,227505
7290113289543,false,כוסות שקופות 150 יחי,,,כוסות שקופות 150 יחי,יחידה,0.00,יחידה,false,,15.90,0.0000,true,1,263407
7290113289550,false,צלחות מתכלות גדולות,,,צלחות מתכלות גדולות,יחידה,0.00,יחידה,false,,31.90,0.0000,true,1,206941
7290113317109,false,שלישיית ביצי שוקולד,,,שלישיית ביצי שוקולד,יחידה,0.00,יחידה,false,,15.90,0.0000,true,1,291963
7290114310215,false,שמנת מתוקה 38% בקבוק,,,שמנת מתוקה 38% בקבוק,מיליליטרים,250.00,"100 מ""ל",false,,6.47,2.5880,true,1,66327
7290114310222,false,חלב מועשר בסידן 1.5,,,חלב מועשר בסידן 1.5,ליטרים,1.50,ליטר,false,,12.90,8.6000,true,1,76047
7290114310239,false,חלב נטול לקטוז  1.5,,,חלב נטול לקטוז  1.5,ליטרים,1.50,ליטר,false,,12.90,8.6000,true,1,76048
7290114310536,false,מולר אקטיב לייט יוגו,,,מולר אקטיב לייט יוגו,גרמים,25.00,100 גרם,false,,6.50,26.0000,true,1,130128
7290114310550,false,פטה עיזים מעודנת 5%,,,פטה עיזים מעודנת 5%,גרמים,200.00,100 גרם,false,,23.90,11.9500,true,1,130103
7290114310567,false,לאבנה עיזים 5% משק צ,,,לאבנה עיזים 5% משק צ,גרמים,200.00,100 גרם,false,,14.90,7.4500,true,1,130091
7290114310673,false,לאבנה מחלב בקר 9% 25,,,לאבנה מחלב בקר 9% 25,גרמים,250.00,100 גרם,false,,12.90,5.1600,true,1,130141
7290114310901,false,גבינה לבנה טרה 5% וו,,,גבינה לבנה טרה 5% וו,גרמים,250.00,100 גרם,false,,4.98,1.9920,true,1,160233
7290114311014,false,משקה חלב אייס קפוצ'י,,,משקה חלב אייס קפוצ'י,מיליליטרים,250.00,"100 מ""ל",false,,5.20,2.0800,true,1,309082
7290114311069,false,יוגורט בטעם טבעי 25,,,יוגורט בטעם טבעי 25,גרמים,200.00,100 גרם,false,,6.90,3.4500,true,1,269725
7290114311298,false,מולר פרופ תות בננה מ,,,מולר פרופ תות בננה מ,גרמים,150.00,100 גרם,false,,5.50,3.6667,true,1,367249
7290114311328,false,חלב נטול לקטוז טרה 1,,,חלב נטול לקטוז טרה 1,ליטרים,1.00,ליטר,false,,7.50,7.5000,true,1,375922
7290114600941,false,מאסטר שף מאסטר שף  מ,,,מאסטר שף מאסטר שף  מ,גרמים,435.00,100 גרם,false,,15.90,3.6552,true,1,79321
7290114600989,false,מאסטר שף רוטב אלף הא,,,מאסטר שף רוטב אלף הא,מיליליטרים,250.00,"100 מ""ל",false,,10.90,4.3600,true,1,79333
7290114600996,false,מאסטר שף רוטב שום 25,,,מאסטר שף רוטב שום 25,מיליליטרים,250.00,"100 מ""ל",false,,10.90,4.3600,true,1,79334
7290114603041,false,פרי גרנולה בוטנים אג,,,פרי גרנולה בוטנים אג,גרמים,300.00,100 גרם,false,,16.90,5.6333,true,1,103800
7290114603768,false,אג'קס שירותים 750 מ',,,אג'קס שירותים 750 מ',מיליליטרים,750.00,"100 מ""ל",false,,32.90,4.3867,true,1,79845
7290114604857,false,דפי אורז קוטר 22 כשל,,,דפי אורז קוטר 22 כשל,גרמים,400.00,100 גרם,false,,9.90,2.4750,true,1,117347
7290114604864,false,קוסקוס דק מאסטר שף 3,,,קוסקוס דק מאסטר שף 3,גרמים,350.00,100 גרם,false,,6.90,1.9714,true,1,170376
7290114604871,false,קוסקוס בינוני מאסטר,,,קוסקוס בינוני מאסטר,גרמים,350.00,100 גרם,false,,6.90,1.9714,true,1,170058
7290114606547,false,מאסטר שף מיונז עם כמ,,,מאסטר שף מיונז עם כמ,גרמים,242.00,100 גרם,false,,15.90,6.5702,true,1,131457
7290114606554,false,מאסטר שף מיונז לייט,,,מאסטר שף מיונז לייט,גרמים,470.00,100 גרם,false,,15.90,3.3830,true,1,131458
7290114653183,false,קופסת אוכל מחולקת BP,,,קופסת אוכל מחולקת BP,יחידה,0.00,יחידה,false,,10.90,0.0000,true,1,155894
7290114659949,true,מארז 50  מסכות כירוג,,,מארז 50  מסכות כירוג,יחידה,0.00,יחידה,false,,10.00,0.0000,true,1,75598
7290115071481,false,מטבעות שוקולד ברשת 3,,,מטבעות שוקולד ברשת 3,גרמים,31.00,100 גרם,false,,4.90,15.8065,true,1,110121
7290115073690,false,בקבוק נירוסטה קולה 5,,,בקבוק נירוסטה קולה 5,מיליליטרים,500.00,"100 מ""ל",false,,40.00,8.0000,true,1,155610
7290115190014,false,סיגריות מרלבורו  חפי,,,סיגריות מרלבורו  חפי,יחידה,0.00,יחידה,false,,36.50,0.0000,false,1,95676
7290115190083,false,מרלבורו  גולד פאקט 1,,,מרלבורו  גולד פאקט 1,יחידה,0.00,יחידה,false,,345.00,0.0000,false,1,95718
7290115190090,false,סיגריות מרלבורו  חפי,,,סיגריות מרלבורו  חפי,יחידה,0.00,יחידה,false,,36.50,0.0000,false,1,95692
7290115190199,false,סיגריות פרלמנט (חפיס,,,סיגריות פרלמנט (חפיס,יחידה,0.00,יחידה,false,,42.00,0.0000,false,1,133630
7290115190212,false,סיגריות פרלמנט (חפיס,,,סיגריות פרלמנט (חפיס,יחידה,0.00,יחידה,false,,42.00,0.0000,false,1,95643
7290115190250,false,סיגריות פרלמנט (חפיס,,,סיגריות פרלמנט (חפיס,יחידה,0.00,יחידה,false,,42.00,0.0000,false,1,89112
7290115190359,false,אל אם בלו לייבל קצר,,,אל אם בלו לייבל קצר,יחידה,0.00,יחידה,false,,33.00,0.0000,false,1,89114
7290115190519,false,סיגריות נקסט (בודד),,,סיגריות נקסט (בודד),יחידה,0.00,יחידה,false,,31.50,0.0000,false,1,95646
7290115190557,false,סיגריות נקסט(בודד) ר,,,סיגריות נקסט(בודד) ר,יחידה,0.00,יחידה,false,,29.00,0.0000,false,1,95647
7290115190571,false,סיגריות נקסט (בודד),,,סיגריות נקסט (בודד),יחידה,0.00,יחידה,false,,31.50,0.0000,false,1,89096
7290115190588,false,נקסט אוריג'ינל  פאקט,,,נקסט אוריג'ינל  פאקט,יחידה,0.00,יחידה,false,,292.00,0.0000,false,1,95720
7290115190595,false,סיגריות נקסט(בודד),,,סיגריות נקסט(בודד),יחידה,0.00,יחידה,false,,31.50,0.0000,false,1,95648
7290115190977,false,מרלבורו טאצ אדום בוד,,,מרלבורו טאצ אדום בוד,יחידה,0.00,יחידה,false,,32.50,0.0000,false,1,368747
7290115200027,false,פתי בר פינוקי שוקו 2,,,פתי בר פינוקי שוקו 2,גרמים,220.00,100 גרם,false,,9.90,4.5000,true,1,103998
7290115200713,false,מארז במבה קלאסי אסם,,,מארז במבה קלאסי אסם,גרמים,250.00,100 גרם,false,,12.90,5.1600,true,1,105821
7290115201031,false,אסם פתיבר דובי שוקול,,,אסם פתיבר דובי שוקול,גרמים,175.00,100 גרם,false,,12.90,7.3714,true,1,130267
7290115201451,false,טבעול גורמה לביבות ב,,,טבעול גורמה לביבות ב,גרמים,455.00,100 גרם,false,,34.90,7.6703,true,1,367391
7290115201536,false,טבעול גורמה לביבות כ,,,טבעול גורמה לביבות כ,גרמים,442.00,100 גרם,false,,34.90,7.8959,true,1,367393
7290115201680,false,ביסלי ברביקיו 70 גרם,,,ביסלי ברביקיו 70 גרם,גרמים,70.00,100 גרם,false,,4.90,7.0000,true,1,110285
7290115202786,false,מנה חמה פאוצ' נדלסאט,,,מנה חמה פאוצ' נדלסאט,גרמים,70.00,100 גרם,false,,4.90,7.0000,true,1,130214
7290115202816,false,מנה חמה פאוצ' נדלסאט,,,מנה חמה פאוצ' נדלסאט,גרמים,70.00,100 גרם,false,,4.90,7.0000,true,1,130215
7290115202847,false,מנה חמה פאוצ' נדלסאט,,,מנה חמה פאוצ' נדלסאט,גרמים,70.00,100 גרם,false,,4.90,7.0000,true,1,130216
7290115203134,false,פופקו פופקורן במבה 4,,,פופקו פופקורן במבה 4,גרמים,80.00,100 גרם,false,,5.90,7.3750,true,1,144986
7290115203172,false,במבה אסם 80 גרם PRO,,,במבה אסם 80 גרם PRO,גרמים,80.00,100 גרם,false,,4.90,6.1250,true,1,364676
7290115203295,false,פרפקטו פסטה ריציאולי,,,פרפקטו פסטה ריציאולי,גרמים,400.00,100 גרם,false,,10.90,2.7250,true,1,130202
7290115204056,false,אסם קטשופ מופחת סוכר,,,אסם קטשופ מופחת סוכר,גרמים,690.00,100 גרם,false,,10.90,1.5797,true,1,137261
7290115204186,false,פסטו המעדינה של צבר,,,פסטו המעדינה של צבר,גרמים,190.00,100 גרם,false,,16.90,8.8947,true,1,270630
7290115204247,false,עגבניות מיובשות המעד,,,עגבניות מיובשות המעד,גרמים,190.00,100 גרם,false,,16.90,8.8947,true,1,270631
7290115205176,false,פיטנס קרקר THIN כפרי,,,פיטנס קרקר THIN כפרי,גרמים,140.00,100 גרם,false,,13.90,9.9286,true,1,194848
7290115205312,false,פיטנס קרקר Thin Deli,,,פיטנס קרקר Thin Deli,גרמים,140.00,100 גרם,false,,13.90,9.9286,true,1,339758
7290115205978,false,פתי בר אצבעות שוקולד,,,פתי בר אצבעות שוקולד,גרמים,180.00,100 גרם,false,,9.90,5.5000,true,1,271773
7290115207163,false,ניוקי בזיליקום ושום,,,ניוקי בזיליקום ושום,גרמים,500.00,100 גרם,false,,14.90,2.9800,true,1,228614
7290115207484,false,חציל על האש היתר צבר,,,חציל על האש היתר צבר,גרמים,400.00,100 גרם,false,,17.90,4.4750,true,1,239346
7290115207507,false,צבר סלט טורקי 360 גר,,,צבר סלט טורקי 360 גר,גרמים,360.00,100 גרם,false,,17.90,4.9722,true,1,236494
7290115207620,false,אסם רוטב בסגנון סויה,,,אסם רוטב בסגנון סויה,מיליליטרים,320.00,"100 מ""ל",false,,12.90,4.0313,true,1,339467
7290115207989,false,ויטמינצ'יק לימון 1 ל,,,ויטמינצ'יק לימון 1 ל,ליטרים,1.00,ליטר,false,,23.50,23.5000,true,1,250130
7290115208009,false,ויטמינצ'יק ענבים 1 ל,,,ויטמינצ'יק ענבים 1 ל,ליטרים,1.00,ליטר,false,,23.50,23.5000,true,1,250131
7290115208047,false,ויטמינצ'יק פטל 1 ליט,,,ויטמינצ'יק פטל 1 ליט,ליטרים,1.00,ליטר,false,,23.50,23.5000,true,1,250115
7290115208061,false,ויטמינצ'יק תפוח 1 לי,,,ויטמינצ'יק תפוח 1 לי,ליטרים,1.00,ליטר,false,,23.50,23.5000,true,1,250132
7290115208320,false,אפרופו בטעם ביסלי בצ,,,אפרופו בטעם ביסלי בצ,גרמים,50.00,100 גרם,false,,5.50,11.0000,true,1,393100
7290115209198,false,במבה אורירית 80 גרם,,,במבה אורירית 80 גרם,גרמים,80.00,100 גרם,false,,4.90,6.1250,true,1,344008
7290115209358,false,במבה במילוי בראוניז,,,במבה במילוי בראוניז,גרמים,60.00,100 גרם,false,,4.90,8.1667,true,1,392850
7290115209372,false,במבה במילוי בראוניז,,,במבה במילוי בראוניז,גרמים,150.00,100 גרם,false,,11.90,7.9333,true,1,392851
7290115400274,false,מיני דובשניות בתוספת,,,מיני דובשניות בתוספת,גרמים,400.00,100 גרם,false,,10.50,2.6250,true,1,82391
7290115403282,false,עוגיות פיצפוצי שוקו,,,עוגיות פיצפוצי שוקו,גרמים,500.00,100 גרם,false,,17.90,3.5800,true,1,313275
7290115403299,false,עוגיות פרפריות אדל 4,,,עוגיות פרפריות אדל 4,גרמים,450.00,100 גרם,false,,17.90,3.9778,true,1,313276
7290115403312,false,עוגיות מלוחות קריספי,,,עוגיות מלוחות קריספי,גרמים,450.00,100 גרם,false,,17.90,3.9778,true,1,313278
7290115403350,false,עוגיות רשת שוקו מסוכ,,,עוגיות רשת שוקו מסוכ,גרמים,450.00,100 גרם,false,,17.90,3.9778,true,1,313281
7290115403381,false,עוגיות פיצפוצים לבן,,,עוגיות פיצפוצים לבן,גרמים,500.00,100 גרם,false,,17.90,3.5800,true,1,313284
7290115403404,false,עוגיות פרפריות שוקו,,,עוגיות פרפריות שוקו,גרמים,450.00,100 גרם,false,,17.90,3.9778,true,1,313286
7290115403459,false,עוגיות נסיכה בטעם תו,,,עוגיות נסיכה בטעם תו,גרמים,500.00,100 גרם,false,,17.90,3.5800,true,1,313291
7290115403466,false,עוגיות נסיכה מיקס אד,,,עוגיות נסיכה מיקס אד,גרמים,500.00,100 גרם,false,,17.90,3.5800,true,1,313292
7290115670691,false,אנרג'י גרנולה שיבולת,,,אנרג'י גרנולה שיבולת,גרמים,400.00,100 גרם,false,,14.90,3.7250,true,1,135587
7290115671155,false,שלישיית סוכריות בזוק,,,שלישיית סוכריות בזוק,גרמים,45.00,100 גרם,false,,8.90,19.7778,true,1,234205
7290115671223,false,מסטיק קוביות ללא סוכ,,,מסטיק קוביות ללא סוכ,גרמים,58.00,100 גרם,false,,10.90,18.7931,true,1,234231
7290115671353,false,מיני פינוקיות שחור ל,,,מיני פינוקיות שחור ל,גרמים,180.00,100 גרם,false,,11.90,6.6111,true,1,222071
7290115676051,false,משקה אקטיביה עם שיבו,,,משקה אקטיביה עם שיבו,גרמים,265.00,100 גרם,false,,5.50,2.0755,true,1,182436
7290115676099,false,משקה יוגורט עם חלבון,,,משקה יוגורט עם חלבון,גרמים,265.00,100 גרם,false,,7.50,2.8302,true,1,138366
7290115676273,false,עלית קקאו 500 גרם +1,,,עלית קקאו 500 גרם +1,גרמים,500.00,100 גרם,false,,26.10,5.2200,true,1,131651
7290115676341,false,דבש טהור באריזות איש,,,דבש טהור באריזות איש,גרמים,162.00,100 גרם,false,,19.90,12.2840,true,1,388508
7290115677140,false,תפוצ'יפס wavy פפריקה,,,תפוצ'יפס wavy פפריקה,גרמים,200.00,100 גרם,false,,10.90,5.4500,true,1,402096
7290115678376,false,מעדן הגולן מעדן חלב,,,מעדן הגולן מעדן חלב,גרמים,125.00,100 גרם,false,,3.50,2.8000,true,1,159534
7290115678383,false,מעדן הגולן מעדן חלב,,,מעדן הגולן מעדן חלב,גרמים,125.00,100 גרם,false,,3.50,2.8000,true,1,159535
7290116243986,false,אצבעות שוקולד ממולא,,,אצבעות שוקולד ממולא,גרמים,50.00,100 גרם,false,,5.50,11.0000,true,1,340095
7290116244006,false,אצבעות שוקולד ממולא,,,אצבעות שוקולד ממולא,גרמים,50.00,100 גרם,false,,5.50,11.0000,true,1,340097
7290116244075,false,אצבעות שוקולד חלב סמ,,,אצבעות שוקולד חלב סמ,גרמים,84.00,100 גרם,false,,8.90,10.5952,true,1,258963
7290116530482,false,מארז קורנפלקס של אלו,,,מארז קורנפלקס של אלו,גרמים,150.00,100 גרם,false,,12.90,8.6000,true,1,182289
7290116531977,false,דאודורנט ספריי גוף ס,,,דאודורנט ספריי גוף ס,מיליליטרים,150.00,"100 מ""ל",false,,16.90,11.2667,true,1,373192
7290116532462,false,גלידת שמנת קליק בטעם,,,גלידת שמנת קליק בטעם,מיליליטרים,520.00,"100 מ""ל",false,,19.90,3.8269,true,1,353995
7290116533063,false,שוגי דגני בוקר בטעם,,,שוגי דגני בוקר בטעם,גרמים,400.00,100 גרם,false,,24.90,6.2250,true,1,344634
7290116911908,false,קנדי טוי כדורסל עם ס,,,קנדי טוי כדורסל עם ס,גרמים,5.00,100 גרם,false,,16.90,338.0000,true,1,259021
7290116911960,false,קנדי טוי טנדר משטרה,,,קנדי טוי טנדר משטרה,גרמים,10.00,100 גרם,false,,7.90,79.0000,true,1,259022
7290117260449,false,גבינה בולגרית מעודנת,,,גבינה בולגרית מעודנת,גרמים,200.00,100 גרם,false,,11.90,5.9500,true,1,368042
7290117260470,false,גבינה בולגרית מעודנת,,,גבינה בולגרית מעודנת,גרמים,200.00,100 גרם,false,,11.90,5.9500,true,1,368055
7290117261088,false,בוראטה גבינת מוצרלה,,,בוראטה גבינת מוצרלה,גרמים,125.00,100 גרם,false,,19.90,15.9200,true,1,394581
7290117261354,false,גבינת ריקוטה  5% שומ,,,גבינת ריקוטה  5% שומ,גרמים,200.00,100 גרם,false,,9.90,4.9500,true,1,364701
7290117261521,false,סלמון אטלנטי בשמן קנ,,,סלמון אטלנטי בשמן קנ,גרמים,120.00,100 גרם,false,,10.90,9.0833,true,1,389474
7290117261569,false,סלמון אטלנטי מעושן ב,,,סלמון אטלנטי מעושן ב,גרמים,120.00,100 גרם,false,,10.90,9.0833,true,1,389478
7290117261651,false,צהובה טבעונית מגורדת,,,צהובה טבעונית מגורדת,גרמים,200.00,100 גרם,false,,16.90,8.4500,true,1,387640
7290117261675,false,צהובה טבעונית מגורדת,,,צהובה טבעונית מגורדת,גרמים,200.00,100 גרם,false,,16.90,8.4500,true,1,387642
7290117261705,false,חמאת עיזים 200 גרם,,,חמאת עיזים 200 גרם,גרמים,200.00,100 גרם,false,,13.90,6.9500,true,1,389545
7290117261774,false,כדורי גבינת בייבי מו,,,כדורי גבינת בייבי מו,גרמים,150.00,100 גרם,false,,14.90,9.9333,true,1,394619
7290117261927,false,גבינת פקורינו מחלב כ,,,גבינת פקורינו מחלב כ,גרמים,150.00,100 גרם,false,,19.90,13.2667,true,1,389532
7290117380871,false,סלים דליס פייבר - עו,,,סלים דליס פייבר - עו,גרמים,120.00,100 גרם,false,,12.90,10.7500,true,1,344593
7290117761052,false,מנקה חלונות 1 ליטר ז,,,מנקה חלונות 1 ליטר ז,ליטרים,1.00,ליטר,false,,14.90,14.9000,true,1,282637
7290117821374,false,ביצת הפתעה פלסטיק עם,,,ביצת הפתעה פלסטיק עם,גרמים,10.00,100 גרם,false,,5.90,59.0000,true,1,366989
7290117860144,false,שמפו נגד קשקשים הווא,,,שמפו נגד קשקשים הווא,מיליליטרים,700.00,"100 מ""ל",false,,15.90,2.2714,true,1,396770
7290117860199,false,שמפו לשיער יבש הוואי,,,שמפו לשיער יבש הוואי,מיליליטרים,700.00,"100 מ""ל",false,,15.90,2.2714,true,1,396771
7290117860335,false,ג'ל רחצה לגבר בניחוח,,,ג'ל רחצה לגבר בניחוח,מיליליטרים,700.00,"100 מ""ל",false,,15.90,2.2714,true,1,398572
7290117860496,false,שמפו לגבר + מרכך 2ב-,,,שמפו לגבר + מרכך 2ב-,מיליליטרים,700.00,"100 מ""ל",false,,15.90,2.2714,true,1,396775
7290117900932,false,גרעיני אבטיח קלויים,,,גרעיני אבטיח קלויים,גרמים,130.00,100 גרם,false,,10.90,8.3846,true,1,347460
7290117900949,false,בוטנים מצופים  אמריק,,,בוטנים מצופים  אמריק,גרמים,250.00,100 גרם,false,,10.90,4.3600,true,1,347461
7290117900956,false,תערובת פיצוחים קלויי,,,תערובת פיצוחים קלויי,גרמים,180.00,100 גרם,false,,15.90,8.8333,true,1,347462
7290117900963,false,בוטנים קלויים 270 גר,,,בוטנים קלויים 270 גר,גרמים,270.00,100 גרם,false,,10.90,4.0370,true,1,347463
7290117900970,false,שקד קלוי 180 גרם,,,שקד קלוי 180 גרם,גרמים,180.00,100 גרם,false,,15.90,8.8333,true,1,347464
7290117900987,false,פקאן קלוף 140 גרם,,,פקאן קלוף 140 גרם,גרמים,140.00,100 גרם,false,,15.90,11.3571,true,1,347465
7290117900994,false,פקאן סיני מסוכר 140,,,פקאן סיני מסוכר 140,גרמים,140.00,100 גרם,false,,15.90,11.3571,true,1,347466
7290117901007,false,פיסטוק קלוי 130 גרם,,,פיסטוק קלוי 130 גרם,גרמים,130.00,100 גרם,false,,15.90,12.2308,true,1,347467
7290117901014,false,קשיו קלוי 160 גרם,,,קשיו קלוי 160 גרם,גרמים,160.00,100 גרם,false,,15.90,9.9375,true,1,347468
7290117901038,false,אגוז מלך קלוף 190 גר,,,אגוז מלך קלוף 190 גר,גרמים,190.00,100 גרם,false,,15.90,8.3684,true,1,347470
7290117901045,false,בוטן רביולי 200 גרם,,,בוטן רביולי 200 גרם,גרמים,200.00,100 גרם,false,,15.90,7.9500,true,1,347471
7290118420071,false,במבה ביסלי ברביקיו מ,,,במבה ביסלי ברביקיו מ,גרמים,80.00,100 גרם,false,,4.90,6.1250,true,1,392864
7290589856775,false,נייס שבלולים לשיער,,,נייס שבלולים לשיער,יחידה,0.00,יחידה,false,,5.90,0.0000,true,1,33898
7291008084915,false,תמר מג'הול  500גר,,,תמר מג'הול  500גר,גרמים,500.00,100 גרם,false,,10.00,2.0000,true,1,275997
7296021266836,false,סט כף ותרווד עץ פרפק,,,סט כף ותרווד עץ פרפק,יחידה,0.00,יחידה,false,,12.90,0.0000,true,1,271273
7296021282621,false,"מסננת נירוסטה 24 ס""מ",,,"מסננת נירוסטה 24 ס""מ",יחידה,0.00,יחידה,false,,24.90,0.0000,true,1,45341
7296102266014,false,קרש חיתוך פלסטיק,,,קרש חיתוך פלסטיק,יחידה,0.00,יחידה,false,,18.90,0.0000,true,1,248520
7296102831540,false,סט 4 קערות מילאנו 13,,,סט 4 קערות מילאנו 13,יחידה,0.00,יחידה,false,,15.00,0.0000,true,1,246010
7297028160936,false,גרבי גבר שלישייה שחו,,,גרבי גבר שלישייה שחו,יחידה,0.00,יחידה,false,,14.90,0.0000,true,1,209754
7297028174841,false,קרסוליות נשים COSY,,,קרסוליות נשים COSY,יחידה,0.00,יחידה,false,,19.90,0.0000,true,1,209725
7297094020707,false,שמיכת ויולט כבש זוגי,,,שמיכת ויולט כבש זוגי,יחידה,0.00,יחידה,false,,100.90,0.0000,true,1,43627
7297094105756,false,סט פליז  - זוגי,,,סט פליז  - זוגי,יחידה,0.00,יחידה,false,,149.90,0.0000,true,1,92767
7297461005580,false,שמיכת כבש דו צדדי  ז,,,שמיכת כבש דו צדדי  ז,יחידה,0.00,יחידה,false,,160.00,0.0000,true,1,225648
7297478000523,false,זוג גרביים מרופדים ל,,,זוג גרביים מרופדים ל,יחידה,0.00,יחידה,false,,19.90,0.0000,true,1,192898
7297588028455,false,מטריה סיליקון חצי או,,,מטריה סיליקון חצי או,יחידה,0.00,יחידה,false,,39.90,0.0000,true,1,90509
7297588028479,false,מטריה סיליקון חצי או,,,מטריה סיליקון חצי או,יחידה,0.00,יחידה,false,,39.90,0.0000,true,1,90511
7298171185418,false,גרבי בנות מגבת מיני,,,גרבי בנות מגבת מיני,יחידה,0.00,יחידה,false,,19.90,0.0000,true,1,209726
7298171185524,false,גרבי בנים מגבת מיקי,,,גרבי בנים מגבת מיקי,יחידה,0.00,יחידה,false,,19.90,0.0000,true,1,209712
7312040017683,false,אבסולוט וודקה 700 מל,,,אבסולוט וודקה 700 מל,מיליליטרים,700.00,"100 מ""ל",false,,75.90,10.8429,true,1,33736
7380580005255,false,נייס שבלולים לשיער,,,נייס שבלולים לשיער,יחידה,0.00,יחידה,false,,7.90,0.0000,true,1,33906
7394376615825,false,משקה שיבולת שועל מוע,,,משקה שיבולת שועל מוע,ליטרים,1.00,ליטר,false,,16.90,16.9000,true,1,75962
7501013122039,false,ג'ומקס נקטר מנגו קרט,,,ג'ומקס נקטר מנגו קרט,ליטרים,1.00,ליטר,false,,10.90,10.9000,true,1,39355
7501013122053,false,ג'ומקס נקטר אפרסק קר,,,ג'ומקס נקטר אפרסק קר,ליטרים,1.00,ליטר,false,,10.90,10.9000,true,1,39356
7501064191398,false,קורונה מארז שישיה 6*,,,קורונה מארז שישיה 6*,ליטרים,2.13,ליטר,false,,39.90,18.7324,true,1,29595
7509546057545,false,דיאודורנט סטיק פרו 5,,,דיאודורנט סטיק פרו 5,גרמים,45.00,100 גרם,false,,22.90,50.8889,true,1,280307
7610100034084,false,מיונז טומי 265 גרם,,,מיונז טומי 265 גרם,גרמים,265.00,100 גרם,false,,16.90,6.3774,true,1,12823
7610400074155,false,לינדט לינדור 60% 100,,,לינדט לינדור 60% 100,גרמים,100.00,100 גרם,false,,18.90,18.9000,true,1,13818
7610400075770,false,לינדט לה גרנד מריר ע,,,לינדט לה גרנד מריר ע,גרמים,150.00,100 גרם,false,,24.90,16.6000,true,1,13819
7610400075787,false,לינדט לה גרנד חלב עם,,,לינדט לה גרנד חלב עם,גרמים,150.00,100 גרם,false,,24.90,16.6000,true,1,13820
7610400091060,false,לינדט מריר אקסלנס תפ,,,לינדט מריר אקסלנס תפ,גרמים,100.00,100 גרם,false,,18.90,18.9000,true,1,68033
7613030979647,false,דגני בוקר טריקס 480,,,דגני בוקר טריקס 480,גרמים,480.00,100 גרם,false,,27.90,5.8125,true,1,19438
7613033548192,false,דגני בוקר פיטנס שוקו,,,דגני בוקר פיטנס שוקו,גרמים,375.00,100 גרם,false,,23.90,6.3733,true,1,19461
7613035379794,false,דנטלייף גזע בינוני 5,,,דנטלייף גזע בינוני 5,גרמים,690.00,100 גרם,false,,14.90,2.1594,true,1,197679
7613035379817,false,דנטלייף גזע קטן 7 6*,,,דנטלייף גזע קטן 7 6*,גרמים,690.00,100 גרם,false,,14.90,2.1594,true,1,197652
7613035548374,false,דגני בוקר גולדן מיני,,,דגני בוקר גולדן מיני,גרמים,570.00,100 גרם,false,,27.90,4.8947,true,1,19486
7613035622623,false,פיטנס גרנולה שקדים ו,,,פיטנס גרנולה שקדים ו,גרמים,300.00,100 גרם,false,,16.90,5.6333,true,1,19489
7613035635845,false,פיטנס גרנולה שוקולד,,,פיטנס גרנולה שוקולד,גרמים,300.00,100 גרם,false,,16.90,5.6333,true,1,19490
7613035758834,false,פיטנס גרנולה חמוציות,,,פיטנס גרנולה חמוציות,גרמים,300.00,100 גרם,false,,16.90,5.6333,true,1,19492
7613035807778,false,פרפקטו רוטב עגבניות,,,פרפקטו רוטב עגבניות,גרמים,400.00,100 גרם,false,,10.90,2.7250,true,1,19493
7613035809109,false,פרפקטו רוטב עגבניות,,,פרפקטו רוטב עגבניות,גרמים,400.00,100 גרם,false,,10.90,2.7250,true,1,19494
7613037686906,false,פיטנס שקדים ודבש נסט,,,פיטנס שקדים ודבש נסט,גרמים,355.00,100 גרם,false,,23.90,6.7324,true,1,19537
7613287181411,false,פאוץ סלט פירות ויטמי,,,פאוץ סלט פירות ויטמי,גרמים,110.00,100 גרם,false,,5.90,5.3636,true,1,166073
7613287182357,false,פאוץ אגס תפוח ופירות,,,פאוץ אגס תפוח ופירות,גרמים,110.00,100 גרם,false,,5.90,5.3636,true,1,166075
7613287182425,false,פאוץ תפוח בננה ותות,,,פאוץ תפוח בננה ותות,גרמים,110.00,100 גרם,false,,5.90,5.3636,true,1,166076
7613287476678,false,סינימיניס צ'ורוס 360,,,סינימיניס צ'ורוס 360,גרמים,360.00,100 גרם,false,,27.90,7.7500,true,1,155009
7622010001858,false,עוגיות אוראו  סנדביץ,,,עוגיות אוראו  סנדביץ,גרמים,176.00,100 גרם,false,,9.90,5.6250,true,1,5137
7622201139278,false,פילדלפיה גבינת שמנת,,,פילדלפיה גבינת שמנת,גרמים,150.00,100 גרם,false,,16.90,11.2667,true,1,17203
7622201502515,false,קוקי לופ מילקה 132 ג,,,קוקי לופ מילקה 132 ג,גרמים,110.00,100 גרם,false,,14.90,13.5455,true,1,195490
7622201798154,false,פילדלפיה גבינת שמנת,,,פילדלפיה גבינת שמנת,גרמים,150.00,100 גרם,false,,16.90,11.2667,true,1,182894
7622201801809,false,מילקה שוקוד חלב עם א,,,מילקה שוקוד חלב עם א,גרמים,100.00,100 גרם,false,,6.90,6.9000,true,1,159236
7622201802363,false,מילקה שוקולד חלב עם,,,מילקה שוקולד חלב עם,גרמים,100.00,100 גרם,false,,6.90,6.9000,true,1,159237
7622201802394,false,מילקה שוקולד חלב 100,,,מילקה שוקולד חלב 100,גרמים,100.00,100 גרם,false,,6.90,6.9000,true,1,159223
7622201808631,false,אוראו מיני כוסות בטע,,,אוראו מיני כוסות בטע,גרמים,67.00,100 גרם,false,,9.90,14.7761,true,1,164663
7622201813390,false,מילקה וואפל במילוי ק,,,מילקה וואפל במילוי ק,גרמים,150.00,100 גרם,false,,15.90,10.6000,true,1,147641
7622201819170,false,מילקה דארק שקדים 85,,,מילקה דארק שקדים 85,גרמים,85.00,100 גרם,false,,7.90,9.2941,true,1,189615
7622201819552,false,מילקה דארק  85 גרם,,,מילקה דארק  85 גרם,גרמים,85.00,100 גרם,false,,7.90,9.2941,true,1,189617
7622210453327,false,מילקה סנסיישן 156 גר,,,מילקה סנסיישן 156 גר,גרמים,156.00,100 גרם,false,,15.90,10.1923,true,1,5145
7622210464729,false,עוגיות אוראו גולדן 1,,,עוגיות אוראו גולדן 1,גרמים,154.00,100 גרם,false,,8.90,5.7792,true,1,5147
7622300107949,false,טובלרון חלב צימוק 10,,,טובלרון חלב צימוק 10,גרמים,100.00,100 גרם,false,,11.90,11.9000,true,1,325835
7622300503079,false,מילקה מוו - ביסקוויט,,,מילקה מוו - ביסקוויט,גרמים,200.00,100 גרם,false,,15.90,7.9500,true,1,5174
7622300617820,false,מילקה שוקולד אוראו 1,,,מילקה שוקולד אוראו 1,גרמים,100.00,100 גרם,false,,6.90,6.9000,true,1,5175
7638900248357,false,אנרג'ייזר סוללות 203,,,אנרג'ייזר סוללות 203,יחידה,0.00,יחידה,false,,19.90,0.0000,true,1,6094
7638900426823,false,סוללת MAX אנרג'ייזר,,,סוללת MAX אנרג'ייזר,יחידה,0.00,יחידה,false,,26.90,0.0000,true,1,106345
7690589856667,false,נייס שבלולים לשיער,,,נייס שבלולים לשיער,יחידה,0.00,יחידה,false,,12.90,0.0000,true,1,33909
7702174066631,false,יוגטה פינפופ לקקן 10,,,יוגטה פינפופ לקקן 10,גרמים,180.00,100 גרם,false,,12.90,7.1667,true,1,42017
7792860006218,false,בייבי דול לקקן 20גר,,,בייבי דול לקקן 20גר,גרמים,24.00,100 גרם,false,,2.90,12.0833,true,1,13826
7891024124826,false,מש.שיניים אופטיק ווי,,,מש.שיניים אופטיק ווי,מיליליטרים,75.00,"100 מ""ל",false,,21.90,29.2000,true,1,21856
8000113003402,false,"קמח תירס ניקולי 1 ק""",,,"קמח תירס ניקולי 1 ק""",קילוגרמים,1.00,"ק""ג",false,,17.90,17.9000,true,1,3688
8000215204219,false,משקה אורז אורגני 1 ל,,,משקה אורז אורגני 1 ל,ליטרים,1.00,ליטר,false,,14.90,14.9000,true,1,99914
8000215204240,false,משקה שקדים ואורז אור,,,משקה שקדים ואורז אור,ליטרים,1.00,ליטר,false,,14.90,14.9000,true,1,99915
8000215204653,false,משקה סויה 1 ליטר  -,,,משקה סויה 1 ליטר  -,ליטרים,1.00,ליטר,false,,12.90,12.9000,true,1,99918
8000215204677,false,משקה שיבולת שועל אור,,,משקה שיבולת שועל אור,ליטרים,1.00,ליטר,false,,14.90,14.9000,true,1,248445
8000215204714,false,משקה שיבולת שועל אור,,,משקה שיבולת שועל אור,ליטרים,1.00,ליטר,false,,14.90,14.9000,true,1,99919
8000380004676,false,לואקר וופל קרם וניל,,,לואקר וופל קרם וניל,גרמים,200.00,100 גרם,false,,13.90,6.9500,true,1,12834
8000380004966,false,וופל קואדרטיני קקאו,,,וופל קואדרטיני קקאו,גרמים,250.00,100 גרם,false,,15.90,6.3600,true,1,12839
8000380007264,false,וופל לואקר קקאו 175,,,וופל לואקר קקאו 175,גרמים,175.00,100 גרם,false,,12.90,7.3714,true,1,12848
8000380007271,false,וופל לואקר חלב 175 ג,,,וופל לואקר חלב 175 ג,גרמים,175.00,100 גרם,false,,12.90,7.3714,true,1,12849
8000380144044,false,וופל גרדנה שוקולד 20,,,וופל גרדנה שוקולד 20,גרמים,200.00,100 גרם,false,,15.90,7.9500,true,1,12854
8000380180745,false,וופל קואדרטיני לואקר,,,וופל קואדרטיני לואקר,גרמים,250.00,100 גרם,false,,15.90,6.3600,true,1,12878
8000500023624,false,הפי היפו 5*20ג,,,הפי היפו 5*20ג,גרמים,102.00,100 גרם,false,,13.90,13.6275,true,1,41408
8000500023976,false,בונבוניירת רפאלו 150,,,בונבוניירת רפאלו 150,גרמים,150.00,100 גרם,false,,17.90,11.9333,true,1,41409
8000500029350,false,קינדר בואנו 3*43 גרם,,,קינדר בואנו 3*43 גרם,גרמים,129.00,100 גרם,false,,10.50,8.1395,true,1,41411
8000500032237,false,רושר 375 גרם,,,רושר 375 גרם,גרמים,375.00,100 גרם,false,,45.90,12.2400,true,1,41412
8000500037874,false,בונבוניירת רושר 200ג,,,בונבוניירת רושר 200ג,גרמים,200.00,100 גרם,false,,27.90,13.9500,true,1,41414
8000500071083,false,קינדר אצבעות שוקולד,,,קינדר אצבעות שוקולד,גרמים,200.00,100 גרם,false,,12.90,6.4500,true,1,41416
8000500121436,false,קינדר בואנו לבן 3*43,,,קינדר בואנו לבן 3*43,גרמים,117.00,100 גרם,false,,10.50,8.9744,true,1,41420
8000500227848,false,'וופל מלוח במילוי ממ,,,'וופל מלוח במילוי ממ,גרמים,132.00,100 גרם,false,,12.90,9.7727,true,1,41435
8000500249352,false,קינדר בואנו מיני מיק,,,קינדר בואנו מיני מיק,יחידה,0.00,יחידה,false,,20.90,0.0000,true,1,41443
8000500256213,false,פרר-קינדר שוקולד מינ,,,פרר-קינדר שוקולד מינ,גרמים,120.00,100 גרם,false,,10.90,9.0833,true,1,41445
8000500267103,false,פררו-קינדר דליס עשיר,,,פררו-קינדר דליס עשיר,יחידה,0.00,יחידה,false,,22.90,0.0000,true,1,41449
8000500269169,false,קינדר קארדס 128 גרם,,,קינדר קארדס 128 גרם,גרמים,128.00,100 גרם,false,,12.90,10.0781,true,1,105543
8000798000307,false,מברשת מגהץ איכותית (,,,מברשת מגהץ איכותית (,יחידה,0.00,יחידה,false,,5.90,0.0000,true,1,13577
8000798000925,false,מטאטא יהלום,,,מטאטא יהלום,יחידה,0.00,יחידה,false,,12.90,0.0000,true,1,13582
8001090222725,false,שמפו שמן מורינגה הרב,,,שמפו שמן מורינגה הרב,מיליליטרים,400.00,"100 מ""ל",false,,14.90,3.7250,true,1,27367
8001090222756,false,מרכך שמן מורינגה הרב,,,מרכך שמן מורינגה הרב,מיליליטרים,400.00,"100 מ""ל",false,,14.90,3.7250,true,1,27368
8001090222848,false,שמפו שיקום שמן ארגן,,,שמפו שיקום שמן ארגן,מיליליטרים,400.00,"100 מ""ל",false,,14.90,3.7250,true,1,27369
8001090222879,false,מרכך שיקום שמן ארגן,,,מרכך שיקום שמן ארגן,מיליליטרים,400.00,"100 מ""ל",false,,14.90,3.7250,true,1,27370
8001090721099,false,אריאל פודס קפסולות 2,,,אריאל פודס קפסולות 2,יח',27.00,יח',false,,36.90,1.3667,true,1,27412
8001090833167,false,אריאל ג'ל כביסה ניחו,,,אריאל ג'ל כביסה ניחו,ליטרים,2.37,ליטר,false,,34.90,14.7257,true,1,27439
8001090899194,false,תחבושות פלטינום נורמ,,,תחבושות פלטינום נורמ,יחידה,0.00,יחידה,false,,24.90,0.0000,true,1,27451
8001090899224,false,תחבושות פלטינום לונג,,,תחבושות פלטינום לונג,יחידה,0.00,יחידה,false,,24.90,0.0000,true,1,27452
8001090899286,false,תחבושות פלטינום לילה,,,תחבושות פלטינום לילה,יחידה,0.00,יחידה,false,,24.90,0.0000,true,1,27454
8001100059242,false,וואפל קוביות BALOCCO,,,וואפל קוביות BALOCCO,גרמים,250.00,100 גרם,false,,13.90,5.5600,true,1,124847
8001100059259,false,וואפל קוביות BALOCCO,,,וואפל קוביות BALOCCO,גרמים,250.00,100 גרם,false,,13.90,5.5600,true,1,124848
8001505000184,false,מעדן אוכמניות אורגני,,,מעדן אוכמניות אורגני,גרמים,250.00,100 גרם,false,,19.90,7.9600,true,1,102477
8001620011935,false,סאן בנדטו מוגז 6*500,,,סאן בנדטו מוגז 6*500,ליטרים,3.00,ליטר,false,,14.90,4.9667,true,1,9556
8001620015612,false,סן בנדטו בטעם גזר תפ,,,סן בנדטו בטעם גזר תפ,מיליליטרים,400.00,"100 מ""ל",false,,7.50,1.8750,true,1,126230
8001620015636,false,סן בנדטו בטעם מיקס פ,,,סן בנדטו בטעם מיקס פ,מיליליטרים,400.00,"100 מ""ל",false,,7.50,1.8750,true,1,126231
8001620019160,false,סאן בנדטו משקה בטעם,,,סאן בנדטו משקה בטעם,מיליליטרים,400.00,"100 מ""ל",false,,6.90,1.7250,true,1,345400
8001620019177,false,סאן בנדטו משקה בטעם,,,סאן בנדטו משקה בטעם,מיליליטרים,400.00,"100 מ""ל",false,,6.90,1.7250,true,1,345387
8001841053806,false,תחבושות עבה לילה אול,,,תחבושות עבה לילה אול,יחידה,0.00,יחידה,false,,13.90,0.0000,true,1,27470
8001841625188,false,פיירי נוזל כלים פלטי,,,פיירי נוזל כלים פלטי,מיליליטרים,515.00,"100 מ""ל",false,,10.90,2.1165,true,1,68821
8001841625362,false,פיירי נוזל כלים פלטי,,,פיירי נוזל כלים פלטי,מיליליטרים,780.00,"100 מ""ל",false,,14.90,1.9103,true,1,318457
8001841625461,false,פיירי נוזל כלים פלטי,,,פיירי נוזל כלים פלטי,מיליליטרים,515.00,"100 מ""ל",false,,10.90,2.1165,true,1,68823
8001841653624,false,פיירי נוזל כלים 625,,,פיירי נוזל כלים 625,מיליליטרים,625.00,"100 מ""ל",false,,10.90,1.7440,true,1,375039
8001841663654,false,פיירי נוזל כלים 650,,,פיירי נוזל כלים 650,מיליליטרים,650.00,"100 מ""ל",false,,10.90,1.6769,true,1,378450
8001841663692,false,פיירי נוזל כלים  לימ,,,פיירי נוזל כלים  לימ,מיליליטרים,900.00,"100 מ""ל",false,,12.90,1.4333,true,1,358412
8001841667386,false,שמפו הד ושולדרס קלאס,,,שמפו הד ושולדרס קלאס,מיליליטרים,400.00,"100 מ""ל",false,,15.90,3.9750,true,1,132325
8001841669465,false,אריאל קפסולות 24 יחי,,,אריאל קפסולות 24 יחי,גרמים,646.00,100 גרם,false,,34.90,5.4025,true,1,198847
8001841941929,false,אולוויז וליו פק לילה,,,אולוויז וליו פק לילה,יחידה,0.00,יחידה,false,,24.90,0.0000,true,1,268267
8002230000012,false,ליקר אפרול אפריטיבו,,,ליקר אפרול אפריטיבו,ליטרים,1.00,ליטר,false,,109.90,109.9000,true,1,51341
8003477500327,false,פרימלוצ'י קורנטי 500,,,פרימלוצ'י קורנטי 500,גרמים,500.00,100 גרם,false,,5.90,1.1800,true,1,388466
8003477500365,false,פרימלוצ'י קונקילייה,,,פרימלוצ'י קונקילייה,גרמים,500.00,100 גרם,false,,5.90,1.1800,true,1,388467
8004030381681,false,טונה בשמן זית ריו מר,,,טונה בשמן זית ריו מר,גרמים,320.00,100 גרם,false,,34.90,10.9062,true,1,21876
8004800000071,false,לאגו פלאסיר- גלילי ו,,,לאגו פלאסיר- גלילי ו,גרמים,100.00,100 גרם,false,,10.90,10.9000,true,1,391679
8004800005519,false,לאגו מיני רול- גלילי,,,לאגו מיני רול- גלילי,גרמים,125.00,100 גרם,false,,9.90,7.9200,true,1,391654
8005110060007,false,עגבניות MUTTI מקולפו,,,עגבניות MUTTI מקולפו,גרמים,400.00,100 גרם,false,,6.90,1.7250,true,1,51618
8005110170300,false,עגבניות MUTTI מרוסקו,,,עגבניות MUTTI מרוסקו,קילוגרמים,1.20,"ק""ג",false,,17.90,14.9167,true,1,51619
8006540112823,false,לנור מרכך מרוכז בניח,,,לנור מרכך מרוכז בניח,מיליליטרים,900.00,"100 מ""ל",false,,17.90,1.9889,true,1,141502
8006540628737,false,שמפו הד שולדרס קלאסי,,,שמפו הד שולדרס קלאסי,מיליליטרים,350.00,"100 מ""ל",false,,16.90,4.8286,true,1,384072
8008620009276,false,קרקר מלוח 500 גרם קר,,,קרקר מלוח 500 גרם קר,גרמים,500.00,100 גרם,false,,19.90,3.9800,true,1,39517
8008660210045,false,מעדן פירות יער 300 ג,,,מעדן פירות יער 300 ג,גרמים,300.00,100 גרם,false,,18.90,6.3000,true,1,24828
8008912010034,false,פסטה ספגטי מספר 3 -,,,פסטה ספגטי מספר 3 -,גרמים,500.00,100 גרם,false,,8.90,1.7800,true,1,343824
8008912010072,false,פסטה לינגוויני מספר,,,פסטה לינגוויני מספר,גרמים,500.00,100 גרם,false,,8.90,1.7800,true,1,343825
8008912010270,false,פסטה קסרצ'ה מספר 27,,,פסטה קסרצ'ה מספר 27,גרמים,500.00,100 גרם,false,,8.90,1.7800,true,1,343826
8008912010300,false,פסטה פרפלה מספר 30 -,,,פסטה פרפלה מספר 30 -,גרמים,500.00,100 גרם,false,,8.90,1.7800,true,1,343827
8008912010317,false,פסטה פוזלי מספר 31 -,,,פסטה פוזלי מספר 31 -,גרמים,500.00,100 גרם,false,,8.90,1.7800,true,1,343828
8008912010331,false,פסטה ניוקטי סרדי בצו,,,פסטה ניוקטי סרדי בצו,גרמים,500.00,100 גרם,false,,8.90,1.7800,true,1,396789
8008912010423,false,פסטה פנה ריגטה מספר,,,פסטה פנה ריגטה מספר,גרמים,500.00,100 גרם,false,,8.90,1.7800,true,1,343829
8015997000638,false,אצבעות מאפה מסוכרות,,,אצבעות מאפה מסוכרות,גרמים,200.00,100 גרם,false,,7.90,3.9500,true,1,367182
8015997000911,false,בישקוטים פריכים 200,,,בישקוטים פריכים 200,גרמים,200.00,100 גרם,false,,6.90,3.4500,true,1,367183
8020340031030,false,פסטה ספגטי אורגנית 5,,,פסטה ספגטי אורגנית 5,גרמים,500.00,100 גרם,false,,8.90,1.7800,true,1,40082
8023788030610,false,שוקולד חלב  300 גרם,,,שוקולד חלב  300 גרם,גרמים,300.00,100 גרם,false,,18.90,6.3000,true,1,373725
8023788030627,false,שוקולד מריר מעולה  3,,,שוקולד מריר מעולה  3,גרמים,300.00,100 גרם,false,,18.90,6.3000,true,1,373712
8023788030634,false,שוקולד חלב עם שברי א,,,שוקולד חלב עם שברי א,גרמים,300.00,100 גרם,false,,19.90,6.6333,true,1,373726
8023788030665,false,עוגיות מלוחות בטעם ב,,,עוגיות מלוחות בטעם ב,גרמים,400.00,100 גרם,false,,12.90,3.2250,true,1,396609
8023788030689,false,עוגיות מלוחות בטעם ע,,,עוגיות מלוחות בטעם ע,גרמים,400.00,100 גרם,false,,12.90,3.2250,true,1,396807
8024985002783,false,נטורה נובה - סמוזי ג,,,נטורה נובה - סמוזי ג,גרמים,100.00,100 גרם,false,,5.90,5.9000,true,1,100109
8076800105056,false,פסטה ספגטי בקופסה בר,,,פסטה ספגטי בקופסה בר,קילוגרמים,1.00,"ק""ג",false,,12.90,12.9000,true,1,372999
8076800105988,false,פוזלי בקופסה ברילה 1,,,פוזלי בקופסה ברילה 1,קילוגרמים,1.00,"ק""ג",false,,12.90,12.9000,true,1,373025
8076800195033,false,ספגטי מס' 3 ברילה 50,,,ספגטי מס' 3 ברילה 50,גרמים,500.00,100 גרם,false,,6.90,1.3800,true,1,21882
8076800195057,false,ספגטיני מס' 5 ברילה,,,ספגטיני מס' 5 ברילה,גרמים,500.00,100 גרם,false,,6.90,1.3800,true,1,21883
8076808050440,false,פסטה מקרוני מס' 44 ב,,,פסטה מקרוני מס' 44 ב,גרמים,500.00,100 גרם,false,,6.90,1.3800,true,1,21892
8076808060654,false,פסטה פרפלה 65 ברילה,,,פסטה פרפלה 65 ברילה,גרמים,500.00,100 גרם,false,,6.90,1.3800,true,1,21893
8076808150072,false,ספגטי מס' 7 ברילה 50,,,ספגטי מס' 7 ברילה 50,גרמים,500.00,100 גרם,false,,6.90,1.3800,true,1,21895
8076809513388,false,ברילה רוטב ארביאטה 4,,,ברילה רוטב ארביאטה 4,גרמים,400.00,100 גרם,false,,16.90,4.2250,true,1,21898
8076809513692,false,ברילה רוטב נפוליטנה,,,ברילה רוטב נפוליטנה,גרמים,400.00,100 גרם,false,,16.90,4.2250,true,1,21902
8076809513739,false,ברילה רוטב בזיליקום,,,ברילה רוטב בזיליקום,גרמים,400.00,100 גרם,false,,16.90,4.2250,true,1,21904
8076809514774,false,ברילה פפרדלה ביצים 2,,,ברילה פפרדלה ביצים 2,גרמים,250.00,100 גרם,false,,18.90,7.5600,true,1,21906
8076809523738,false,לזניה ברילה 500 גרם,,,לזניה ברילה 500 גרם,גרמים,500.00,100 גרם,false,,23.90,4.7800,true,1,21912
8410076600622,false,חטיף קראנצי שבבי שוק,,,חטיף קראנצי שבבי שוק,גרמים,210.00,100 גרם,false,,19.90,9.4762,true,1,12907
8410104044916,false,אבקה למדיח כלים פיני,,,אבקה למדיח כלים פיני,קילוגרמים,2.70,"ק""ג",false,,48.70,18.0370,true,1,21081
8410104045111,false,"פיניש מלח למדיח 2 ק""",,,"פיניש מלח למדיח 2 ק""",קילוגרמים,2.00,"ק""ג",false,,16.90,8.4500,true,1,21082
8410128768324,false,ויוה סוי שקדים קרטונ,,,ויוה סוי שקדים קרטונ,ליטרים,1.00,ליטר,false,,13.90,13.9000,true,1,58367
8413664611611,false,ARGENTE  חטיף תפוח א,,,ARGENTE  חטיף תפוח א,גרמים,180.00,100 גרם,false,,16.90,9.3889,true,1,366817
8413664811844,false,ARGENTE  חטיף תפוח א,,,ARGENTE  חטיף תפוח א,גרמים,160.00,100 גרם,false,,16.90,10.5625,true,1,366818
8423207208871,false,פריכיות תירס בטעם טב,,,פריכיות תירס בטעם טב,גרמים,130.00,100 גרם,false,,10.90,8.3846,true,1,3715
8423207209748,false,סלים דליס חטיף דגנים,,,סלים דליס חטיף דגנים,גרמים,120.00,100 גרם,false,,11.90,9.9167,true,1,21944
8437000906209,false,8 טורטיות חיטה תומר,,,8 טורטיות חיטה תומר,גרמים,325.00,100 גרם,false,,8.90,2.7385,true,1,25213
8485818700014,false,משקפיים,,,משקפיים,יחידה,0.00,יחידה,false,,19.90,0.0000,true,1,31506
8683323063024,false,יוגטה חיספוסים שטיחי,,,יוגטה חיספוסים שטיחי,גרמים,220.00,100 גרם,false,,6.90,3.1364,true,1,42065
8690120060170,false,וופלים אגוזים רויאל,,,וופלים אגוזים רויאל,גרמים,35.00,100 גרם,false,,1.90,5.4286,true,1,173199
8690120060408,false,וופלים אגוזי לוז רוי,,,וופלים אגוזי לוז רוי,גרמים,35.00,100 גרם,false,,1.90,5.4286,true,1,173186
8690120160177,false,מארז וופלים רויאל קנ,,,מארז וופלים רויאל קנ,גרמים,840.00,100 גרם,false,,28.90,3.4405,true,1,166060
8690120559995,false,מארז וופלים רויאל קנ,,,מארז וופלים רויאל קנ,גרמים,840.00,100 גרם,false,,28.90,3.4405,true,1,166092
8690504081913,false,טינס מצופה שוקולד חל,,,טינס מצופה שוקולד חל,גרמים,150.00,100 גרם,false,,9.90,6.6000,true,1,24837
8690504081937,false,טינס מצופה שוקולד חל,,,טינס מצופה שוקולד חל,גרמים,150.00,100 גרם,false,,9.90,6.6000,true,1,24839
8690526009278,false,חטיף קרמל מצופה שוקו,,,חטיף קרמל מצופה שוקו,יחידה,0.00,יחידה,false,,9.90,0.0000,true,1,99243
8690526019147,false,וופל קקאו במילוי קרם,,,וופל קקאו במילוי קרם,יחידה,0.00,יחידה,false,,7.90,0.0000,true,1,67573
8690637505607,false,מרכך כביסה אקסטרה כח,,,מרכך כביסה אקסטרה כח,מיליליטרים,960.00,"100 מ""ל",false,,16.90,1.7604,true,1,160307
8690637505614,false,מרכך כביסה מרוכז בדי,,,מרכך כביסה מרוכז בדי,מיליליטרים,960.00,"100 מ""ל",false,,16.90,1.7604,true,1,160320
8690637704277,false,שמפו יום יומי 2ב1 דא,,,שמפו יום יומי 2ב1 דא,מיליליטרים,600.00,"100 מ""ל",false,,19.90,3.3167,true,1,10927
8690637842399,false,מיני מגנום דאבל  פרי,,,מיני מגנום דאבל  פרי,גרמים,329.00,100 גרם,false,,33.90,10.3040,true,1,4434
8690637858734,false,סיף ג'ל אקונומיקה לי,,,סיף ג'ל אקונומיקה לי,מיליליטרים,750.00,"100 מ""ל",false,,12.90,1.7200,true,1,10945
8690637890666,false,מיני מגנום דאבל פיסט,,,מיני מגנום דאבל פיסט,גרמים,282.00,100 גרם,false,,33.90,12.0213,true,1,4436
8690637946318,false,בדין אקסטרא בייבי  צ,,,בדין אקסטרא בייבי  צ,מיליליטרים,960.00,"100 מ""ל",false,,16.90,1.7604,true,1,55717
8690637994036,false,בדין אקסטרא מרכך כבי,,,בדין אקסטרא מרכך כבי,ליטרים,1.44,ליטר,false,,21.90,15.2083,true,1,115667
8690766156374,false,גודייבה שוקולד מריר,,,גודייבה שוקולד מריר,גרמים,90.00,100 גרם,false,,15.90,17.6667,true,1,71658
8690766156381,false,גודייבה ש.מריר מעולה,,,גודייבה ש.מריר מעולה,גרמים,90.00,100 גרם,false,,15.90,17.6667,true,1,67979
8690766156404,false,גודייבה שוקולד מריר,,,גודייבה שוקולד מריר,גרמים,90.00,100 גרם,false,,15.90,17.6667,true,1,81132
8690777206051,false,חציל קלוי על האש סרה,,,חציל קלוי על האש סרה,גרמים,650.00,100 גרם,false,,13.90,2.1385,true,1,3286
8690946270074,false,פסטה ספגטי 500 גרם B,,,פסטה ספגטי 500 גרם B,גרמים,500.00,100 גרם,false,,3.90,0.7800,true,1,396808
8690946270111,false,פסטה פוזלי 500 גרם B,,,פסטה פוזלי 500 גרם B,גרמים,500.00,100 גרם,false,,3.90,0.7800,true,1,396809
8690946270241,false,פסטה קונכיות גדולות,,,פסטה קונכיות גדולות,גרמים,500.00,100 גרם,false,,3.90,0.7800,true,1,396810
8690946272207,false,פסטה פנה 500 גרם BAH,,,פסטה פנה 500 גרם BAH,גרמים,500.00,100 גרם,false,,3.90,0.7800,true,1,396811
8690946272320,false,פסטה מקרוני 500 גרם,,,פסטה מקרוני 500 גרם,גרמים,500.00,100 גרם,false,,3.90,0.7800,true,1,396812
8691058141238,false,AVEL ערמונים שלמים ק,,,AVEL ערמונים שלמים ק,גרמים,100.00,100 גרם,false,,4.90,4.9000,true,1,48845
8693323099107,false,יוגטה מרשמלו לבבות 1,,,יוגטה מרשמלו לבבות 1,גרמים,150.00,100 גרם,false,,8.90,5.9333,true,1,42103
8693495052177,false,פלמוליב נטורלס תחליב,,,פלמוליב נטורלס תחליב,מיליליטרים,750.00,"100 מ""ל",false,,22.90,3.0533,true,1,21962
8697530910750,false,פאל מאל בלו ארוך,,,פאל מאל בלו ארוך,יחידה,0.00,יחידה,false,,31.00,0.0000,false,1,4199
8698996000207,false,מגבות נייר 1/6,,,מגבות נייר 1/6,מטרים,0.00,מטר,false,,11.90,0.0000,true,1,398268
8710502060021,false,מרבה פטיסרי - עוגיות,,,מרבה פטיסרי - עוגיות,גרמים,210.00,100 גרם,false,,10.90,5.1905,true,1,375122
8710502064814,false,מרבה עוגיות שוקוציפס,,,מרבה עוגיות שוקוציפס,גרמים,175.00,100 גרם,false,,7.90,4.5143,true,1,21969
8710502139017,false,מרבה עוגיות טריפל שו,,,מרבה עוגיות טריפל שו,גרמים,180.00,100 גרם,false,,7.90,4.3889,true,1,21970
8710502260032,false,מרבה עוגיות שוקולד צ,,,מרבה עוגיות שוקולד צ,גרמים,150.00,100 גרם,false,,5.90,3.9333,true,1,21974
8710502279010,false,מרבה עוגיות שוקולד צ,,,מרבה עוגיות שוקולד צ,גרמים,175.00,100 גרם,false,,7.90,4.5143,true,1,117348
8710502470028,false,מרבה עוגיות נוגטלי 1,,,מרבה עוגיות נוגטלי 1,גרמים,160.00,100 גרם,false,,7.90,4.9375,true,1,21978
8711000362570,false,לור קפסולות קפה אספר,,,לור קפסולות קפה אספר,גרמים,52.00,100 גרם,false,,20.90,40.1923,true,1,5189
8711000371206,false,ג'ייקובס קפסולות קפה,,,ג'ייקובס קפסולות קפה,גרמים,52.00,100 גרם,false,,19.90,38.2692,true,1,5197
8711327475717,false,גלידת שמנת בטעם וניל,,,גלידת שמנת בטעם וניל,גרמים,260.00,100 גרם,false,,22.90,8.8077,true,1,137154
8712000051099,false,הייניקן בירה 0% בק',,,הייניקן בירה 0% בק',ליטרים,1.98,ליטר,false,,33.90,17.1212,true,1,9580
8712561594240,false,דאב תחליב רחצה להזנה,,,דאב תחליב רחצה להזנה,מיליליטרים,500.00,"100 מ""ל",false,,19.90,3.9800,true,1,11049
8712561594608,false,תחליב רחצה להזנה עמו,,,תחליב רחצה להזנה עמו,מיליליטרים,750.00,"100 מ""ל",false,,22.90,3.0533,true,1,11050
8712561626286,false,תחליב רחצה זוהר כמשי,,,תחליב רחצה זוהר כמשי,מיליליטרים,750.00,"100 מ""ל",false,,22.90,3.0533,true,1,11054
8714599412336,false,ג'ייקובס בריסטה אמרי,,,ג'ייקובס בריסטה אמרי,גרמים,160.00,100 גרם,false,,29.90,18.6875,true,1,197178
8714599513781,false,קפה ג'יקובס גולד 200,,,קפה ג'יקובס גולד 200,גרמים,200.00,100 גרם,false,,30.90,15.4500,true,1,5207
8714599513835,false,קפה ג`יקובס נטול קופ,,,קפה ג`יקובס נטול קופ,גרמים,200.00,100 גרם,false,,40.90,20.4500,true,1,5209
8714599513866,false,קפה ג'יקובס קרונונג,,,קפה ג'יקובס קרונונג,גרמים,200.00,100 גרם,false,,29.90,14.9500,true,1,5210
8714789177229,false,מב.שיניים אקסטרא קלי,,,מב.שיניים אקסטרא קלי,יחידה,0.00,יחידה,false,,11.90,0.0000,true,1,21984
8714789303925,false,זוג מברשת שיניים 360,,,זוג מברשת שיניים 360,יחידה,0.00,יחידה,false,,30.90,0.0000,true,1,21992
8714789450315,false,פלמוליב שקוף לימון 1,,,פלמוליב שקוף לימון 1,ליטרים,1.50,ליטר,false,,17.90,11.9333,true,1,21997
8714789740058,false,זוג מברשות שיניים טו,,,זוג מברשות שיניים טו,יחידה,0.00,יחידה,false,,21.90,0.0000,true,1,22008
8715700110141,false,מיונז היינץ אמיתי צנ,,,מיונז היינץ אמיתי צנ,גרמים,460.00,100 גרם,false,,13.90,3.0217,true,1,5415
8715700419732,false,היינץ קטשופ 700 גרם,,,היינץ קטשופ 700 גרם,גרמים,700.00,100 גרם,false,,15.90,2.2714,true,1,5423
8715700423906,false,מתבל עגבניות היינץ 2,,,מתבל עגבניות היינץ 2,גרמים,555.00,100 גרם,false,,11.90,2.1441,true,1,5431
8717163647196,false,אקס דאודורנט ספריי א,,,אקס דאודורנט ספריי א,מיליליטרים,150.00,"100 מ""ל",false,,16.90,11.2667,true,1,11082
8717163647226,false,ספריי גוף בלאק אקס 1,,,ספריי גוף בלאק אקס 1,מיליליטרים,150.00,"100 מ""ל",false,,16.90,11.2667,true,1,11085
8717163647240,false,ספריי גוף שוקולד אקס,,,ספריי גוף שוקולד אקס,מיליליטרים,150.00,"100 מ""ל",false,,16.90,11.2667,true,1,11087
8717163714850,false,דאו' ספריי אוריגינל,,,דאו' ספריי אוריגינל,מיליליטרים,150.00,"100 מ""ל",false,,14.90,9.9333,true,1,206769
8718114047249,false,סבון מוצק דאב 6*100,,,סבון מוצק דאב 6*100,גרמים,600.00,100 גרם,false,,25.90,4.3167,true,1,11103
8718951030169,false,משחת קולגייט סנסטיב,,,משחת קולגייט סנסטיב,מיליליטרים,75.00,"100 מ""ל",false,,19.90,26.5333,true,1,61744
8718951093331,false,מברשת שיניים מרידול,,,מברשת שיניים מרידול,יחידה,0.00,יחידה,false,,37.90,0.0000,true,1,22037
8718951236806,false,מש.שיניים להלבנה קול,,,מש.שיניים להלבנה קול,מיליליטרים,100.00,"100 מ""ל",false,,18.90,18.9000,true,1,22066
8718951240742,false,מש.שיניים פסים מרעננ,,,מש.שיניים פסים מרעננ,גרמים,128.00,100 גרם,false,,18.90,14.7656,true,1,22068
8718951315303,false,משחת שיניים קולגייט,,,משחת שיניים קולגייט,מיליליטרים,200.00,"100 מ""ל",false,,20.90,10.4500,true,1,78105
8719200998001,false,בלו בנד ללא מלח 200,,,בלו בנד ללא מלח 200,גרמים,200.00,100 גרם,false,,4.90,2.4500,true,1,11107
8719200998018,false,מחמאה מרגרינה בטעם ח,,,מחמאה מרגרינה בטעם ח,גרמים,200.00,100 גרם,false,,5.50,2.7500,true,1,11108
8719200998032,false,מזולה בטעם חמאה 250,,,מזולה בטעם חמאה 250,גרמים,250.00,100 גרם,false,,10.90,4.3600,true,1,11110
8720181046605,false,דאו' ספריי אוריגינל,,,דאו' ספריי אוריגינל,מיליליטרים,150.00,"100 מ""ל",false,,14.90,9.9333,true,1,102285
8720181046612,false,דאו' רולאון אורגינל,,,דאו' רולאון אורגינל,מיליליטרים,50.00,"100 מ""ל",false,,23.90,47.8000,true,1,356998
8720181201332,false,סבון מוצק גרגירים דא,,,סבון מוצק גרגירים דא,גרמים,400.00,100 גרם,false,,18.90,4.7250,true,1,358325
8801055707966,false,נס קפה טייסטרס צ'ויס,,,נס קפה טייסטרס צ'ויס,גרמים,180.00,100 גרם,false,,32.90,18.2778,true,1,19559
8809168840471,false,חטיף אצות מיובשות 9,,,חטיף אצות מיובשות 9,גרמים,4.50,100 גרם,false,,24.90,553.3333,true,1,292142
8850367994786,false,מחית קארי אדומה מזרח,,,מחית קארי אדומה מזרח,גרמים,50.00,100 גרם,false,,5.90,11.8000,true,1,381962
8850389103111,false,סאפה משקה אלוורה ענב,,,סאפה משקה אלוורה ענב,מיליליטרים,300.00,"100 מ""ל",false,,7.90,2.6333,true,1,39375
8850389103159,false,ליצי' משקה עם חתיכות,,,ליצי' משקה עם חתיכות,מיליליטרים,320.00,"100 מ""ל",false,,7.90,2.4687,true,1,269489
8850389104637,false,סאפה משקה אלוורה אפר,,,סאפה משקה אלוורה אפר,מיליליטרים,300.00,"100 מ""ל",false,,7.90,2.6333,true,1,39378
8850389105825,false,סאפה משקה אלוורה ענב,,,סאפה משקה אלוורה ענב,ליטרים,1.00,ליטר,false,,13.90,13.9000,true,1,39379
8858271002887,false,רוטב טריאקי MAXCHUP,,,רוטב טריאקי MAXCHUP,מיליליטרים,250.00,"100 מ""ל",false,,11.90,4.7600,true,1,47504
8858271003938,false,רוטב קארי ירוק MAXCH,,,רוטב קארי ירוק MAXCH,מיליליטרים,250.00,"100 מ""ל",false,,11.90,4.7600,true,1,47511
8858271005451,false,רוטב סויה בהיר-פורמו,,,רוטב סויה בהיר-פורמו,מיליליטרים,700.00,"100 מ""ל",false,,10.90,1.5571,true,1,382251
8888021200256,false,AAאנרג'ייזר סוללות מ,,,AAאנרג'ייזר סוללות מ,יחידה,0.00,יחידה,false,,29.90,0.0000,true,1,6142
8888021200720,false,AAAאנרג'ייזר סוללות,,,AAAאנרג'ייזר סוללות,יחידה,0.00,יחידה,false,,29.90,0.0000,true,1,6143
8901537024014,false,וילי פוד אורז בסמטי,,,וילי פוד אורז בסמטי,גרמים,1000.00,100 גרם,false,,14.90,1.4900,true,1,3302
9002859077678,false,שוקולד לבן  100 גרם,,,שוקולד לבן  100 גרם,גרמים,100.00,100 גרם,false,,10.90,10.9000,true,1,369967
9002975393843,false,סוכריות גומי בטעמי פ,,,סוכריות גומי בטעמי פ,גרמים,70.00,100 גרם,false,,7.90,11.2857,true,1,134144
9002975393850,false,סוכריות גומי בטעמי פ,,,סוכריות גומי בטעמי פ,גרמים,70.00,100 גרם,false,,7.90,11.2857,true,1,134145
9044400851672,false,פז דמויות מתחלפות 25,,,פז דמויות מתחלפות 25,גרמים,25.50,100 גרם,false,,11.90,46.6667,true,1,348385
9120025834723,false,חטיף אוראו מצונן 120,,,חטיף אוראו מצונן 120,גרמים,120.00,100 גרם,false,,14.90,12.4167,true,1,375467
9120025839896,false,חטיף מילקה מצונן 128,,,חטיף מילקה מצונן 128,גרמים,128.00,100 גרם,false,,14.90,11.6406,true,1,375971
9120097310583,false,חטיף שוקו בננה מיניו,,,חטיף שוקו בננה מיניו,גרמים,108.00,100 גרם,false,,14.90,13.7963,true,1,375494
9310072028750,false,טים טם קרם דאבל 200,,,טים טם קרם דאבל 200,גרמים,200.00,100 גרם,false,,21.90,10.9500,true,1,13858
9771565038319,false,ידיעות אחרונות יום א,,,ידיעות אחרונות יום א,יחידה,0.00,יחידה,false,,0.50,0.0000,true,1,9989
9771565038326,false,ידיעות אחרונות יום ב,,,ידיעות אחרונות יום ב,יחידה,0.00,יחידה,false,,0.50,0.0000,true,1,9990
9771565038333,false,ידיעות אחרונות יום ג,,,ידיעות אחרונות יום ג,יחידה,0.00,יחידה,false,,0.50,0.0000,true,1,9991
9771565038340,false,ידיעות אחרונות יום ד,,,ידיעות אחרונות יום ד,יחידה,0.00,יחידה,false,,0.50,0.0000,true,1,9992
9771565038357,false,ידיעות אחרונות יום ה,,,ידיעות אחרונות יום ה,יחידה,0.00,יחידה,false,,0.50,0.0000,true,1,9993
9771565051066,false,ידיעות אחרונות יום ו,,,ידיעות אחרונות יום ו,יחידה,0.00,יחידה,false,,12.00,0.0000,true,1,10005
9921071700013,false,משחק זיכרון קטן,,,משחק זיכרון קטן,יחידה,0.00,יחידה,false,,29.00,0.0000,true,1,375618
9921071700037,false,משחק SUPER MEMORY גד,,,משחק SUPER MEMORY גד,יחידה,0.00,יחידה,false,,59.90,0.0000,true,1,237081
