code,internal_code,name,manufacturer_name,manufacture_country,manufacturer_item_description,unit_qty,quantity,unit_of_measure,weighted,qty_in_package,price,unit_of_measure_price,allow_discount,status,item_id
4000505,true,סלסלה 2 -200,,,סלסלה 2 -200,,0.00,,false,,200.00,0.0000,true,1,201030
13906687,false,טירת צבי צמד כפרית ב,,,טירת צבי צמד כפרית ב,גרמים,600.00,100 גרם,false,,29.90,4.9833,true,1,189656
40099132,false,מסטיק הובה בובה Hubba Bubba בטעם תות,הובה בובה Hubba Bubba,,הובה בובה צאנק תות 3,Unknown,0.00,יחידה,false,,3.00,0.0000,true,1,148838
40111216,false,באונטי חטיף קוקוס ושוקולד 57ג',"נארז ע""י : א.ג. גילר",,באונטי חטיף 57 גרם,גרמים,57.00,100 גרם,false,,3.90,6.8421,true,1,148842
40144016,false,סוכריות חמאה וורטר אורגינל גליל בודד 50,קריניציה ויטמינה אס,,וורטר גליל 50 גרם,Unknown,0.00,יחידה,false,,3.50,0.0000,true,1,120730
40345123,false,סמרטיז גליל סוכריות כפתורים 38 ג',נסטלה Nestle,,סמרטיז גליל סוכריות,Unknown,0.00,יחידה,false,,4.50,0.0000,true,1,120731
42123866,false,מסטיק הובה בובה צ'אנק פירות קלאסי 35ג',הובה בובה Hubba Bubba,,הובה בובה קלאסי צ'אנ,Unknown,0.00,יחידה,false,,3.00,0.0000,true,1,148845
42182115,false,אורביט פייב ספירמינט 12 סטיקס 29 גר,ריגלי צרפת,,פייב מנטה עדינה סטיק,Unknown,0.00,יחידה,false,,6.60,0.0000,true,1,148853
42299363,false,"ניוואה - דאודורנט רול און לגבר פרש פאוור 50 מ""ל",ביירסדורץ,,ניוואה דאודורנט רול,מיליליטרים,50.00,"100 מ""ל",false,,13.90,27.8000,true,1,154797
50158935,false,נוזל דטול חום לחיטוי,רקיט בנקיזר,,דטול נוזל חיטוי אנטי,מיליליטרים,750.00,"100 מ""ל",false,,24.90,3.3200,true,1,166724
50398904,false,"קרם חמצן 6% אינדולה 60 מ""ל",גדעון קוסמטיקס,,"אינדולה חמצן 6% 60מ""",Unknown,0.00,יחידה,false,,5.90,0.0000,true,1,161690
50398911,false,"קרם חמצן 9% בקבוק 60 מ""ל",שוורצקופ,,"אינדולה חמצן 9% 60מ""",Unknown,0.00,יחידה,false,,5.90,0.0000,true,1,161691
50409112,false,מלפפונים כידורים 670,EMPIRE BESPOKE FOODS,,מלפפונים כידורים 670,גרמים,670.00,100 גרם,false,,21.90,3.2687,true,1,180179
59013662,false,דאב דאו רולאון קקאו והיביסקוס 50 מל,"יוניליוור אנגליה, דרך קו",,דאב דאו רול און קקאו,Unknown,0.00,יחידה,false,,17.90,0.0000,true,1,167404
59016441,false,"רקסונה - דאודורנט רול און לאישה פרוט ספין 50 מ""ל","יוניליוור אנגליה, דרך קו",,רקסונה דאו רול און פ,Unknown,0.00,יחידה,false,,14.90,0.0000,true,1,159973
59079798,false,"רקסונה - דאודורנט רול און לאישה אנטי פרספירנט שאוור 50 מ""ל","יוניליוור אנגליה, דרך קו",,רקסונה דאודורנט רול,Unknown,0.00,יחידה,false,,14.90,0.0000,true,1,119327
72940754,false,"מילקי מעדן וניל עם קצפת שטראוס 133 מ""ל","שטראוס גרופ בע""\מ",,"מילקי וניל 137 מ""ל",מיליליטרים,137.00,"100 מ""ל",false,,2.90,2.1168,true,1,139770
72940761,false,"מילקי מעדן שוקולד עם קצפת שטראוס 133 מ""ל",מיוצר עי קונדיטוריית,,מילקי שוקולד מהדרין,מיליליטרים,170.00,"100 מ""ל",false,,2.90,1.7059,true,1,139771
72940952,false,מעדן מילקי בטעם שוקולד עם אקסטרה קצפת,"שטראוס גרופ בע""\מ",,מילקי פי 2 קצפת מהדר,מיליליטרים,110.00,"100 מ""ל",false,,3.70,3.3636,true,1,139772
72945308,false,קוביית שמרים טריים לאפיה שמרית 50 גרם,"פאקא תעשיות בע""\מ",,שמרית קוביות שמרים ל,Unknown,0.00,יחידה,false,,3.50,0.0000,true,1,139776
72961506,false,יוגורט עם תות 1.5% שומן 125 ג' פרילי,מיוצר עי קונדיטוריית,,פרילי תות גביע 125 ג,מיליליטרים,125.00,"100 מ""ל",false,,3.50,2.8000,true,1,130139
72961520,false,"פרילי יוגורט עם אננס 1.5% תנובה 125 מ""ל",מיוצר עי קונדיטוריית,,פרילי אננס גביע 125,מיליליטרים,125.00,"100 מ""ל",false,,3.50,2.8000,true,1,130141
72961544,false,"באדי יוגורט בטעם תות שדה 3% תנובה 125 מ""ל",מחלבת אלון תבור,,באדי יוגרט תות גביע,גרמים,125.00,100 גרם,false,,3.10,2.4800,true,1,130142
72963746,false,"שמנת 15% שומן 200 מ""ל תנובה",תנובה חלב,,שמנת 15% 200מל,מיליליטרים,200.00,"100 מ""ל",false,,2.40,1.2000,true,1,130146
72964132,false,פרילי טבע יוגורט עם גרנולה 200 גרם,מיוצר עי קונדיטוריית,,פרילי טבע 1.9% גביע,מיליליטרים,200.00,"100 מ""ל",false,,5.00,2.5000,true,1,130149
72964422,false,יוגורט פרחים 4.5% שומן 200 גרם,מחלבת תנובה,,יוגורט פרחים גביע 20,מיליליטרים,200.00,"100 מ""ל",false,,2.60,1.3000,true,1,130150
72986233,false,באדי מעדן וניל גביע 1.5%שומן 125 גרם בדצ,מחלבת אלון תבור,,באדי מעדן וניל גביע,מיליליטרים,125.00,"100 מ""ל",false,,3.10,2.4800,true,1,130151
72986240,false,באדי מעדן חלב בטעם שוקולד תנובה 125 גרם,מחלבת אלון תבור,,באדי מעדן שוקו גביע,מיליליטרים,125.00,"100 מ""ל",false,,3.10,2.4800,true,1,130152
72986370,false,"גלידת בן & ג'ריס פיינטים וניל 500מ""ל",מוצרי איכות אמריקאיים,,גלידת פיינטים וניל צ,Unknown,420.00,יחידה,false,,23.90,0.0569,true,1,133079
72986424,false,"גלידת בן & ג'ריס פיינטים קרם עוגיות 500מ""ל",מוצרי איכות אמריקאיים בע,,גלידת פיינטים קרם עו,Unknown,420.00,יחידה,false,,23.90,0.0569,true,1,133080
72986448,false,"גלידת בן & ג'ריס פיינטים טופי קראנץ 500מ""ל",מוצרי איכות אמריקאיים בע,,גלידה BEN JERGS,Unknown,420.00,יחידה,false,,23.90,0.0569,true,1,133081
72986455,false,"גלידה בן& ג'ריס ניו יורק סופר פאדג' צ'אנק 500 מ""ל",מוצרי איכות אמריקאיים בע,,גלידת פיינטים ניו-יו,Unknown,420.00,יחידה,false,,23.90,0.0569,true,1,133082
72986479,false,"גלידה שוקולד אגוז עם בננות בן וג'ירי 500 מ""ל",מוצרי איכות אמריקאיים בע,,גלידת פיינטים צאנקי,Unknown,420.00,יחידה,false,,23.90,0.0569,true,1,133083
72989425,false,"גלידת בן & ג'ריס פיינטים שוקולד בראוניז 500מ""ל",מוצרי איכות אמריקאיים בע,,גלידת פיינטים שוקולד,Unknown,500.00,יחידה,false,,23.90,0.0478,true,1,133084
72991886,false,"גלידת דולצ'ה בטעם ריבת חלב עם פאדג' בן וג'ירי 500 מ""ל",מוצרי איכות אמריקאיים בע,,גלידת בן&גריס פיינט,Unknown,750.00,יחידה,false,,23.90,0.0319,true,1,133085
72993637,false,מעדן חלב בטעם שוקולד 125 ג' דני,"שטראוס גרופ בע""\מ",,דני מהדרין שוקו בודד,מיליליטרים,125.00,"100 מ""ל",false,,2.50,2.0000,true,1,139780
72994061,false,חטיף פסק זמן GOOD גלילית לבן 40 גרם,שולן צ'\יקולטה גידה סאן.,,פסק זמן טו גוד 36 גר,Unknown,0.00,יחידה,false,,5.00,0.0000,true,1,132093
76106071,false,"סיציליה- מיץ ליים משומר 200מ""ל",Sicilia סיציליה,,מיץ ליים משומר 200 מ,מיליליטרים,200.00,"100 מ""ל",false,,8.90,4.4500,true,1,137902
80001027,false,לואקר טורטינה שוקולד חלב,"כד בני דרום בע""מ",,טורטינה שוקולד חלב 2,Unknown,0.00,יחידה,false,,3.40,0.0000,true,1,120736
80001287,false,וופל חטיף לואקר אגוז 38 גר',ליימן מותגים,,גרדנה אגוז 38 גרם,Unknown,0.00,יחידה,false,,3.60,0.0000,true,1,120741
80001461,false,חטיף גרנדה שוקולד 38 גרם,"א. לואקר קונפקט בע""מ",,גרדנה שוקולד 38 גרם,Unknown,0.00,יחידה,false,,3.60,0.0000,true,1,120743
80001485,false,חטיף גרנדה קוקוס 38 גרם,קריניציה ויטמינה אס,,גרדנה קוקוס 38 גרם,Unknown,0.00,יחידה,false,,3.70,0.0000,true,1,120744
80001911,false,וופל גרדנה במילוי קרם אגוזי לוז ובציפוי שוקולד לבן,ליימן מותגים,,גרדנה שוקולד לבן במי,Unknown,0.00,יחידה,false,,3.60,0.0000,true,1,120746
80042556,false,POLPA עגבניות חתוכות דק 400 גרם MUTTI,"איי, בי, אינבוו",,שימורי עגבניות חתוכו,גרמים,400.00,100 גרם,false,,7.90,1.9750,true,1,197304
80042563,false,רסק עגבניות 700 ג' (צהוב) MUTTI,"איי, בי, אינבוו",,רוטב עגבניות 720 גרם,גרמים,720.00,100 גרם,false,,13.90,1.9306,true,1,168190
80052760,false,קינדר בואנו Kinder Bueno עם חלב ואגוזי לוז,פררו - אלבה,,בואנו חטיף,Unknown,0.00,יחידה,false,,4.20,0.0000,true,1,154163
80136194,false,חטיפי הפי היפו Happy Hippo במילוי קרם חלבי ואגוזי לוז,קינדר Kinder,,קינדר הפי היפו אגוזי,Unknown,0.00,יחידה,false,,13.00,0.0000,true,1,154164
80176800,false,נוטלה ממרח שוקולד 750 גרם,פררו תעשיות איטליה ס,,ממרח שוקולד נוטלה 75,גרמים,750.00,100 גרם,false,,24.90,3.3200,true,1,154166
80177173,false,ממרח שוקולד נוטלה 350 גרם,פררו - אלבה,,ממרח שוקולד נוטלה 35,גרמים,350.00,100 גרם,false,,13.90,3.9714,true,1,154167
80177609,false,אצבעות שוקולד קינדר Kinder ארבע יחידות,פררו - אלבה,,קינדר אצבעות שוק.חלב,Unknown,0.00,יחידה,false,,4.40,0.0000,true,1,172790
80177616,false,אצבעות שוקולד קינדר Kinder שמונה יחידות,פררו - אלבה,,קינדר 100 גרם,גרמים,100.00,100 גרם,false,,7.90,7.9000,true,1,154170
80310167,false,קינדר שוקולד מקסי 126 גר,קינדר,,קינדר מקסי שישייה 12,גרמים,126.00,100 גרם,false,,9.90,7.8571,true,1,154171
80757009,false,{צנצנת} 200 גרם {12} כשר as do mar פילה בשמן זית,,,פילה טונה צנצנת 200,גרמים,200.00,100 גרם,false,,45.90,22.9500,true,1,146233
80761761,false,קינדר בואנו לבן בודד 39 גרם,ליימן שליסל,,קינדר בואנו לבן 39 ג,Unknown,0.00,יחידה,false,,4.20,0.0000,true,1,154174
80768838,false,מסטיק מנטוס וויט ביג פירות ומנטה 105 ג',פרפטי ואן מלה,,מנטוס וויט ביג פירות,גרמים,105.00,100 גרם,false,,16.90,16.0952,true,1,120752
80773429,false,מנטוס בקבוק מעוגל - מסטיק ללא סוכר בטעם תות 60 גרם,"פרפטי ואן מלה ג'\ידה,סאן",,מנטוס פיור פרש בקבוק,Unknown,0.00,יחידה,false,,9.90,0.0000,true,1,120756
80773443,false,מנטוס בקבוק מעוגל - מסטיק ללא סוכר בטעם מנטה 60 גרם,"פרפטי ואן מלה ג'\ידה,סאן",,מנטוס מדיום בבקבוק מ,Unknown,0.00,יחידה,false,,9.90,0.0000,true,1,120757
80776307,false,מסטיק מנטוס ביג בבקבוק מעוגל טעם פירות מנטה 90 ג',פרפטי ואן מלה הולנד,,מנטוס ביג בקבוק מעוג,Unknown,0.00,יחידה,false,,16.90,0.0000,true,1,120758
80780595,false,מסטיק מנטוס ביג בבקבוק מעוגל טעם מנטה-עדינה 90 ג',פרפטי ואן מלה הולנד,,מנטוס ביג בקבוק מעוג,Unknown,0.00,יחידה,false,,16.90,0.0000,true,1,120759
80790990,false,מסטיק מנטוס בבקבוק מעוגל בטעם פירות -מנטה 60 ג',"פרפטי ואן מלה ג'\ידה,סאן",,מנטוס מדיום בבקבוק מ,Unknown,0.00,יחידה,false,,9.90,0.0000,true,1,120761
80794233,false,מסטיק מנטוס ביג בבקבוק מעוגל טעם מנטה 90 ג',פרפטי ואן מלה הולנד,,מנטוס ביג בקבוק מעוג,Unknown,0.00,יחידה,false,,16.90,0.0000,true,1,120763
80804697,false,מסטיק וויט White בטעם מנטה מתוקה ללא סוכר,פרפטי ואן מלה,,מנטוס וויט ביג מנטה,גרמים,105.00,100 גרם,false,,16.90,16.0952,true,1,120766
80831402,false,סוכריות מנטוס מנטה עדינה 30 יח' ללא סוכר CLEAN BREATH,פרפטי ואן מלה,,סוכרית מנטוס מנטה עד,Unknown,0.00,יחידה,false,,6.90,0.0000,true,1,159575
80843184,false,מנטוס מסטיק פיור פרש בטעם ענבים 60גר,פרפטי ואן מלה הולנד,,מנטוס מדיום בבקבוק מ,Unknown,0.00,יחידה,false,,9.90,0.0000,true,1,183775
80854753,false,סוכריות מנטוס מנטה 30 יח' ללא סוכר CLEAN BREATH,פרפטי ואן מלה,,סוכרית מנטוס מנטה לל,Unknown,0.00,יחידה,false,,6.90,0.0000,true,1,159572
80864059,false,וופל גרדנה עם קרם חמאת בוטנים בציפוי שוקולד חלב,ליימן מותגים,,גרדנה חטיף 38 גרם חמ,Unknown,0.00,יחידה,false,,3.60,0.0000,true,1,196080
80864295,false,סוכריות פיור וויט טעם מנטה עדינה 60 ג' מנטוס,"פרפטי ואן מלה ג'ידה,סאן",,מנטוס בטעם מנטה עדינ,Unknown,0.00,יחידה,false,,9.90,0.0000,true,1,186877
80896081,false,מנטוס בקבוק מעוגל - מסטיק ללא סוכר בטעם אבטיח 60 גרם,"פרפטי ואן מלה ג'\ידה,סאן",,מנטוס פיור פרש בקבוק,Unknown,0.00,יחידה,false,,9.90,0.0000,true,1,120779
80913467,false,מנטוס בקבוק מעוגל - מסטיק ללא סוכר בטעם מנטה,פרפטי ואן מלה הולנד,,מנטוס מדיום בבקבוק מ,Unknown,0.00,יחידה,false,,9.90,0.0000,true,1,120780
80926481,false,מסטיק מנטוס פיור פרש בבקבוק בינוני בטעם אבטיח 90ג',"פרפטי ואן מלה ג'ידה,סאן",,מנטוס פיור פרש בקבוק,Unknown,0.00,יחידה,false,,16.90,0.0000,true,1,120781
80945468,false,סוכריות פיור וויט טעם מנטה מתוקה 60 ג' מנטוס,"פרפטי ואן מלה ג'ידה,סאן",,מנטוס בבקבוק בטעם מנ,Unknown,0.00,יחידה,false,,9.90,0.0000,true,1,186876
80954521,false,"מנטוס מסטיק פיור פרש - תות 28 גרם (14 יח') חת""ס",פרפטי ואן מלה ברדה,,מנטוס מסטיק פיור פרש,Unknown,0.00,יחידה,false,,4.50,0.0000,true,1,169141
80974215,false,מסטיק מנטוס פיור פרש בבקבוק ביג בטעם תות 90ג',"פרפטי ואן מלה ג'ידה,סאן",,מנטוס פיור פרש בקבוק,Unknown,0.00,יחידה,false,,16.90,0.0000,true,1,120789
80979128,false,מנטוס מסטיק בקבוק מעוגל בטעם דובדבן,פרפטי ואן מלה הולנד,,מנטוס מדיום בבקבוק מ,Unknown,0.00,יחידה,false,,9.90,0.0000,true,1,183776
80982470,false,מסטיק מנטוס פיור פרוסט בטעם מנטה חזק 60 גר',פרפטי ואן מלה ברדה,,מנטוס מסטיק פיור פרו,Unknown,0.00,יחידה,false,,9.90,0.0000,true,1,180686
80986348,false,סוכריות פיור וויט טעם מנטה 60 ג' מנטוס,"פרפטי ואן מלה ג'ידה,סאן",,מנטוס בבקבוק בטעם מנ,Unknown,0.00,יחידה,false,,9.90,0.0000,true,1,186879
87108538,false,סוכריות בטעם תות מנטוס 37.5 גרם,הדקלאים אגודת שיתופי,,מנטוס תות בגליל 37.5,Unknown,0.00,יחידה,false,,3.30,0.0000,true,1,120791
87108651,false,סוכריות בטעם מנטה מנטוס 4*37.5 גרם,הדקלאים אגודת שיתופי,,מנטוס מנטה 150 גרם,גרמים,150.00,100 גרם,false,,10.90,7.2667,true,1,120792
87108712,false,סוכריות בטעם פירות מנטוס 4*37.5 גרם,פרפטי ואן מלה ברדה,,מנטוס 1/4 פירות 150,גרמים,150.00,100 גרם,false,,10.90,7.2667,true,1,120793
87311396,false,מנטוס ריינבאוו סוכריות לעיסה בטעמי פירות,פרפטי ואן מלה ברדה,,מנטוס ריינבואו גליל,Unknown,0.00,יחידה,false,,3.30,0.0000,true,1,120797
90087011,false,מיץ תפוחים 100% קרטונית ראוך,Rauch fruchtsafte gm,,מיץ תפוחים 1 ליטר,קילוגרמים,1.00,ליטר,false,,13.90,13.9000,true,1,118440
90087066,false,מיץ תפוזים 100% טבעי 1 ל' RAUCH,ראוך Rauch,,תומר מיץ תפוזים 100%,קילוגרמים,1.00,ליטר,false,,13.90,13.9000,true,1,129787
90087547,false,מיץ עגבניות 1 ליטר ראוך קרטונית,Rauch fruchtsafte gm,,ראוך מיץ עגבניות 1 ל,קילוגרמים,1.00,ליטר,false,,11.90,11.9000,true,1,129789
90087769,false,מיץ אננס 100% קרטונית ראוך,Rauch fruchtsafte gm,,תומר מיץ אננס 100% 1,קילוגרמים,1.00,ליטר,false,,11.90,11.9000,true,1,118442
90162602,false,רד בול משקה אנרגיה פקדון 30 אג,רד בול ג'י.אם.בי. אץ,,רד בול משקה אנרגיה 2,מיליליטרים,250.00,"100 מ""ל",false,,6.90,2.7600,true,1,140512
90446269,false,"משקה רד בול אבטיח מוגז פחית 250 מ""ל",ראון פרוכטסאפה,,רד בול אבטיח משקה א,מיליליטרים,250.00,"100 מ""ל",false,,6.90,2.7600,true,1,183665
96033531,false,"דאו דאב רול און רימונים ולואיזה 50 מ""ל",יוניליוור פארם,,דאב רולאון רימונים 5,Unknown,0.00,יחידה,false,,17.90,0.0000,true,1,198122
96137130,false,"דאודורנט דאב רול און אגס ואלוורה 150 מ""ל",יוניליוור פיליפינים,,דאב דאודרנט רול און,מיליליטרים,50.00,"100 מ""ל",false,,17.90,35.8000,true,1,198121
140100300,false,דג בס טרי שלם,,,דג בס טרי שלם,קילוגרמים,1.00,"ק""ג",true,,49.90,49.9000,true,1,199314
1002640751,false,ממרח שום לבשר ודגים,,,ממרח שום לבשר ודגים,גרמים,250.00,100 גרם,false,,18.90,7.5600,true,1,163563
1020141113,false,סט תה 12 חלק,,,סט תה 12 חלק,Unknown,0.00,יחידה,false,,89.90,0.0000,true,1,197771
1061500092,false,סט קפה 12 חלק,,,סט קפה 12 חלק,Unknown,0.00,יחידה,false,,19.90,0.0000,true,1,197772
1061500122,false,סט קפה 12 חלק,,,סט קפה 12 חלק,Unknown,0.00,יחידה,false,,19.90,0.0000,true,1,197775
1061500290,false,סט קפה 12 חלק,,,סט קפה 12 חלק,Unknown,0.00,יחידה,false,,19.90,0.0000,true,1,197776
1061500306,false,סט קפה 12 חלק,,,סט קפה 12 חלק,Unknown,0.00,יחידה,false,,19.90,0.0000,true,1,197777
1061500313,false,סט קפה 12 חלק,,,סט קפה 12 חלק,Unknown,0.00,יחידה,false,,19.90,0.0000,true,1,197778
1061500320,false,סט קפה 12 חלק,,,סט קפה 12 חלק,Unknown,0.00,יחידה,false,,19.90,0.0000,true,1,197779
1111700052,false,סט קפה 12 חלק,,,סט קפה 12 חלק,Unknown,0.00,יחידה,false,,49.90,0.0000,true,1,197786
1120628798,false,סט קפה 24 חלק,,,סט קפה 24 חלק,Unknown,0.00,יחידה,false,,49.90,0.0000,true,1,197797
1120630296,false,סט קפה 12 חלק,,,סט קפה 12 חלק,Unknown,0.00,יחידה,false,,49.90,0.0000,true,1,197800
1120639220,false,סט פורסלאן 24 חלק,,,סט פורסלאן 24 חלק,Unknown,0.00,יחידה,false,,39.90,0.0000,true,1,197802
1120639794,false,סט קפה 24 חלק,,,סט קפה 24 חלק,Unknown,0.00,יחידה,false,,49.90,0.0000,true,1,197803
1120649595,false,סט קפה 12 חלק,,,סט קפה 12 חלק,Unknown,0.00,יחידה,false,,49.90,0.0000,true,1,197805
1121040711,false,סט מרק 14 חלק,,,סט מרק 14 חלק,Unknown,0.00,יחידה,false,,159.90,0.0000,true,1,197808
1121040742,false,סט2 פלטות,,,סט2 פלטות,Unknown,0.00,יחידה,false,,99.90,0.0000,true,1,197811
1121040759,false,סט2 פלטות,,,סט2 פלטות,Unknown,0.00,יחידה,false,,59.90,0.0000,true,1,197812
1230932037,false,פרח - 326,,,פרח - 326,Unknown,0.00,יחידה,false,,12.90,0.0000,true,1,203917
1404000300,false,דג בס טרי שלם,,,דג בס טרי שלם,קילוגרמים,1.00,"ק""ג",true,,49.90,49.9000,true,1,199315
1724000000,false,דג דניס טרי שלם,,,דג דניס טרי שלם,קילוגרמים,1.00,"ק""ג",true,,64.90,64.9000,true,1,199316
1724000500,false,דג דניס טרי שלם,,,דג דניס טרי שלם,קילוגרמים,1.00,"ק""ג",true,,64.90,64.9000,true,1,199324
1725000000,false,דג דניס טרי שלם,,,דג דניס טרי שלם,קילוגרמים,1.00,"ק""ג",true,,64.90,64.9000,true,1,199325
1725000500,false,דג דניס טרי שלם,,,דג דניס טרי שלם,קילוגרמים,1.00,"ק""ג",true,,64.90,64.9000,true,1,199326
1726000000,false,דג דניס טרי שלם,,,דג דניס טרי שלם,קילוגרמים,1.00,"ק""ג",true,,64.90,64.9000,true,1,199327
1726000500,false,דג דניס טרי שלם,,,דג דניס טרי שלם,קילוגרמים,1.00,"ק""ג",true,,64.90,64.9000,true,1,199328
1727000000,false,דג דניס טרי שלם,,,דג דניס טרי שלם,קילוגרמים,1.00,"ק""ג",true,,64.90,64.9000,true,1,199329
1727000500,false,דג דניס טרי שלם,,,דג דניס טרי שלם,קילוגרמים,1.00,"ק""ג",true,,64.90,64.9000,true,1,199335
2101000304,false,דג לברק טרי שלם,,,דג לברק טרי שלם,קילוגרמים,1.00,"ק""ג",true,,64.90,64.9000,true,1,199340
2102000304,false,דג לברק טרי שלם,,,דג לברק טרי שלם,קילוגרמים,1.00,"ק""ג",true,,64.90,64.9000,true,1,199341
2103000304,false,דג לברק טרי שלם,,,דג לברק טרי שלם,קילוגרמים,1.00,"ק""ג",true,,64.90,64.9000,true,1,199342
2104000304,false,דג לברק טרי שלם,,,דג לברק טרי שלם,קילוגרמים,1.00,"ק""ג",true,,64.90,64.9000,true,1,199343
2300030000,false,פילה סלמון,,,פילה סלמון,קילוגרמים,1.00,"ק""ג",true,,120.00,120.0000,true,1,199347
2300030300,false,פילה סלמון,,,פילה סלמון,קילוגרמים,1.00,"ק""ג",true,,120.00,120.0000,true,1,199348
2603020717,false,דג פורל לבן שלם,,,דג פורל לבן שלם,קילוגרמים,1.00,"ק""ג",true,,79.90,79.9000,true,1,199359
2703020717,false,דג פורל לבן שלם,,,דג פורל לבן שלם,קילוגרמים,1.00,"ק""ג",true,,79.90,79.9000,true,1,199360
6102521076,false,צלחת מנה עיקרית 24.5,,,צלחת מנה עיקרית 24.5,Unknown,0.00,יחידה,false,,7.90,0.0000,true,1,169954
6635025102,false,בלון מיילר 18- יום ה,,,בלון מיילר 18- יום ה,Unknown,0.00,יחידה,false,,12.90,0.0000,true,1,166898
6635390651,false,בלון מיילר 18- birth,,,בלון מיילר 18- birth,Unknown,0.00,יחידה,false,,12.90,0.0000,true,1,166984
8112100298,false,"שמן שומשום טהור מזרח ומערב 185 מ""ל",Flavor full foods in,,מזרח ומערב יבוא שמן,מיליליטרים,185.00,"100 מ""ל",false,,14.90,8.0541,true,1,133218
8421363063,false,בובת TY עיניים גדולות(S)אשר החתול עם קרן,שמחה זה אנחנו,,בובת TY עיניים גדולו,Unknown,0.00,יחידה,false,,24.90,0.0000,true,1,167021
8421425044,false,בובת TY עיניים גדולו,,,בובת TY עיניים גדולו,Unknown,0.00,יחידה,false,,19.90,0.0000,true,1,167031
8421425082,false,בובת TY עיניים גדולו,,,בובת TY עיניים גדולו,Unknown,0.00,יחידה,false,,19.90,0.0000,true,1,167033
8421425129,false,בובת TY עיניים גדולו,,,בובת TY עיניים גדולו,Unknown,0.00,יחידה,false,,19.90,0.0000,true,1,167034
8421425136,false,בובת TY עיניים גדולו,,,בובת TY עיניים גדולו,Unknown,0.00,יחידה,false,,19.90,0.0000,true,1,167035
9701000517,false,ברמונדי טרי,,,ברמונדי טרי,קילוגרמים,1.00,"ק""ג",true,,59.90,59.9000,true,1,199381
9702000517,false,ברמונדי טרי,,,ברמונדי טרי,קילוגרמים,1.00,"ק""ג",true,,59.90,59.9000,true,1,199382
9702531622,false,פותחן קפסאות,,,פותחן קפסאות,Unknown,0.00,יחידה,false,,5.90,0.0000,true,1,180753
9702537610,false,צלחת מנה ראשונה,,,צלחת מנה ראשונה,Unknown,0.00,יחידה,false,,5.90,0.0000,true,1,201870
9702537620,false,קערה למרק,,,קערה למרק,Unknown,0.00,יחידה,false,,5.90,0.0000,true,1,201871
9702537630,false,צלחת מנה עיקרית,KUTAHYA,,צלחת מנה עיקרית,Unknown,0.00,יחידה,false,,7.90,0.0000,true,1,201872
9703000500,false,ברמונדי טרי,,,ברמונדי טרי,קילוגרמים,1.00,"ק""ג",true,,59.90,59.9000,true,1,199383
9800800056,false,חטיף שוקולד עם מקלות לחם אנד גו,פררו - אלבה,,נוטלה טו גו,Unknown,0.00,יחידה,false,,5.90,0.0000,true,1,154181
10900678148,false,דיאמונד רדיד אלומיניום נון סטיק,דיימונד,,רדיד אלומניום נון- ס,Unknown,0.00,יחידה,false,,11.90,0.0000,true,1,195590
11210000032,false,"רוטב טבסקו משפחתי 360מ""ל",מקאילהייני Mc.Ilhenn,,"טובסקו משפחתי 350 מ""",מיליליטרים,350.00,"100 מ""ל",false,,55.00,15.7143,true,1,134036
11210000094,false,"רוטב ""טבסקו"" על בסיס פלפל אדום 60 מ""ל",מקאילהייני אייבורי,,טבסקו,Unknown,0.00,יחידה,false,,9.90,0.0000,true,1,134037
11210007253,false,"רוטב ""טבסקו"" על בסיס פלפל אדום ושום 60 מ""ל",מקאילהייני אייבורי,,רוטב טבסקו שום,Unknown,0.00,יחידה,false,,9.90,0.0000,true,1,134041
11210009387,false,"רוטב ""טבסקו"" על בסיס פלפל ירוק חריף 60 מ""ל",מקאילהייני אייבורי,,רוטב ירוק 60 מל,Unknown,0.00,יחידה,false,,9.90,0.0000,true,1,134042
11210618503,false,"רוטב טבסקו על בסיס פלפל סקורפיון 60מ""ל",מק. אילהיני קו,,"טבסקו סקורפיון 60 מ""",Unknown,0.00,יחידה,false,,15.90,0.0000,true,1,159314
16000185517,false,דגני בוקר פייבר וואן עתירי סובין FIBRE1,בטר אנד דיפרנט,,פייבר וואן 555 גרם,גרמים,555.00,100 גרם,false,,20.90,3.7658,true,1,197260
16000281684,false,חטיפי גרנולה קראנצ'י עם פקאן נייצ'ר ואלי 5*42 גרם,ליימן מותגים,,קראנצי חטיף גרנולה פ,גרמים,210.00,100 גרם,false,,18.90,9.0000,true,1,120801
16000423534,false,חטיפי גרנולה קראנצ'י עם שיבולת שועל ושוקולד מריר נייצ'ר ואלי 5*42 גרם,ג'נרל מילס סאן אדריאן,,קראנצי ש.שועל שוקולד,גרמים,210.00,100 גרם,false,,18.90,9.0000,true,1,120802
16000548404,false,חטיפי גרנולה קראנצ'י עם שיבולת שועל ודבש נייצ'ר ואלי 5*42 גרם,ג'נרל מילס סאן אדריאן,,קראנצי חטיף גרנולה ש,גרמים,210.00,100 גרם,false,,18.90,9.0000,true,1,120803
16000548503,false,חטיפי גרנולה קראנצ'י עם מייפל וסוכר חום נייצ'ר ואלי 5*42 גרם,ג'נרל מילס סאן אדריאן,,קראנצי חטיף גרנולה ו,גרמים,210.00,100 גרם,false,,18.90,9.0000,true,1,120804
16000548602,false,חטיפי גרנולה קראנצ'י קינמון נייצ'ר ואלי 5*24 גרם,ג'נרל מילס סאן אדריאן,,קראנצי חטיף גרנולה ק,גרמים,210.00,100 גרם,false,,18.90,9.0000,true,1,120805
16000548909,false,חטיפי גרנולה קראנצ'י במגוון טעמים נייצ'ר ואלי 5*42 גרם,ג'נרל מילס סאן אדריאן,,קראנצי חטיף גרנולה מ,גרמים,210.00,100 גרם,false,,18.90,9.0000,true,1,120806
18000701223,false,"פילסברי, עוגה בטעם שוקולד, תערובת להכנת עוגה בטעם שוקולד. 500 גרם",הדקלאים אגודת שיתופי,,תערובת עוגת שוקולד 5,גרמים,550.00,100 גרם,false,,16.90,3.0727,true,1,120809
18000703494,false,"פילסברי, עוגה בטעם וניל, תערובת להכנת עוגה בטעם וניל. 500 גרם.",הדקלאים אגודת שיתופי,,תערובת עוגת וניל 500,גרמים,500.00,100 גרם,false,,16.90,3.3800,true,1,120810
18000766413,false,"פילסברי, עוגה בטעם שוקולד, תערובת להכנת עוגה בטעם שוקולד. 550 גרם.",הדקלאים אגודת שיתופי,,תערובת עוגת בראוניס,גרמים,550.00,100 גרם,false,,16.90,3.0727,true,1,120812
19582000568,false,בולס איי רוטב ברביקיו אוריגינל 496 גר,,,בולס-איי רוטב ברבקיו,Unknown,0.00,יחידה,false,,15.90,0.0000,true,1,179156
21200010545,false,ריבועי דבק דו צדדי ס,3m,,ריבועי דבק דו צדדי ס,Unknown,0.00,יחידה,false,,17.90,0.0000,true,1,131491
21200013393,false,"דבק דו צדדי רוחב 2.5 ס""מ",3m,,גליל דבק דו צדדי ספו,Unknown,0.00,יחידה,false,,32.90,0.0000,true,1,131492
21200471032,false,דבק דו צדדי ספוגי חז,3m,,גליל דבק דו צדדי ספו,Unknown,0.00,יחידה,false,,29.90,0.0000,true,1,131493
21200493720,false,סקוטש ברייט גליל ניירות דביקים 30 דף,,,סקוטש ברייט גליל ניי,Unknown,0.00,יחידה,false,,16.90,0.0000,true,1,197248
21200572357,false,שלישיית ספוגי קרצוף לניקוי חזק (ירוקים),M3,,סקוטש ברייט שלישייה,Unknown,3.00,יחידה,false,,16.90,5.6333,true,1,131495
21723758887,false,רוטב דגים טיפארוס 700 מל,Tang sang hah co. lt,,מזרח ומערב יבוא טיפא,מיליליטרים,700.00,"100 מ""ל",false,,14.00,2.0000,true,1,133220
22200956932,false,דאודורנט ספיד סטיק גל 24/7 כחול 85 גר,הנסיך- מפעל לייצור ט,,ספיד סטיק 24/7 גל כח,גרמים,51.00,100 גרם,false,,24.90,48.8235,true,1,111125
22200956949,false,דאודורנט ג'ל כתום לגבר ספיד סטיק 85 גרם,קולגייט-פלמוליב,,ספיד סטיק 24/7 גל כת,גרמים,51.00,100 גרם,false,,24.90,48.8235,true,1,127936
25675120037,false,מקלות חמצוצים תות פשקז 100 גרם,פשקס קנדי,,חמצוצים מקלות תות 10,גרמים,100.00,100 גרם,false,,7.90,7.9000,true,1,133349
25675120044,false,מקלות חמצוצים תפוח עץ פשקז 100 גרם,פשקז Paskesz,,חמצוצים מקלות תפוח ע,גרמים,100.00,100 גרם,false,,7.90,7.9000,true,1,133350
25675301184,false,חמצוצים מקלות חמוצים קולה 50 גרם,פשקז Paskesz,,חמצוצים מקלות קולה 5,Unknown,0.00,יחידה,false,,4.90,0.0000,true,1,133357
25700005650,false,שקיות הקפאה גדולות- 14 יח' זיפלוק,אס.סי.גונסון ובניו,,זיפלוק שקיות הקפאה,Unknown,0.00,יחידה,false,,12.90,0.0000,true,1,167536
25700005674,false,זיפלוק שקיות אחסון סליידר גדולות 15 יחידות,אס.סי.ג'\ונסון מידרכט,,זיפלוק שקיותאחסון סל,Unknown,0.00,יחידה,false,,12.90,0.0000,true,1,167537
25700005681,false,זיפלוק שקיות אחסון סליידר בינוניות 20 יחידות,אס.סי גונוסון,,זיפלוק שקיות אחסון ס,Unknown,0.00,יחידה,false,,15.90,0.0000,true,1,167538
33617322616,false,פת פריכה מקמח שיפון ואזה 270 גרם,כלורוקס אוקלנד,,ואזה קלה מקמח שיפון,גרמים,270.00,100 גרם,false,,13.90,5.1481,true,1,115920
33617340610,false,קרקר ואזה 203-275 גרם מקמח שיפון 275,כלורוקס אוקלנד,,ואזה פת פריכה מקמח ש,גרמים,275.00,100 גרם,false,,13.90,5.0545,true,1,115921
34000148301,false,הרשי נטיפי שוקולד מריר לאפייה 340 גר,ליימן מותגים,,הרשי נטיפי שוקולד מר,גרמים,340.00,100 גרם,false,,19.90,5.8529,true,1,120818
34000196173,false,הרשי טבלה XL בטעם שוקולד לבן עם שברי עוגיות 113 גרם,ליימן מותגים,,הרשיז קוקיס אנד קרים,גרמים,113.00,100 גרם,false,,8.90,7.8761,true,1,120819
34000312177,false,הרשי סירופ בטעם שוקולד 680 גרם,ליימן מותגים,,הרשיז - סירופ שוקולד,מיליליטרים,680.00,"100 מ""ל",false,,17.90,2.6324,true,1,120823
34000442652,false,ריזס טבלה בטעם שוקולד ממולאת קרם בוטנים 120 גרם,ליימן מותגים,,הרשי ריזיס אקסטרא לא,גרמים,120.00,100 גרם,false,,8.90,7.4167,true,1,120825
34000446001,false,ריזס מיניאטורס- חטיף שוקולד במילוי חמאת בוטנים 150 גרם,ליימן מותגים,,הרשיז - ריזס מיניס ע,גרמים,150.00,100 גרם,false,,9.90,6.6000,true,1,120826
34000470563,false,ריסז מיניס באריזה משפחתית 215 גרם,ליימן מותגים,,ריסז מיניס באריזה מש,גרמים,215.00,100 גרם,false,,19.90,9.2558,true,1,120832
34000544028,false,סוכריות ארוכות בטעם תות טוויזלרס Twizzlers,ליימן מותגים,,טוויזלרס - ממתק בטעם,גרמים,198.00,100 גרם,false,,8.90,4.4949,true,1,120834
34000544431,false,ממתקי הרשיז טוויזלרס טעם דובדבן 172 גרם,ליימן מותגים,,טוויזלרס דובדבן 172,גרמים,172.00,100 גרם,false,,8.90,5.1744,true,1,163626
34000996643,false,הרשי דרופס באריזה משפחתית 215 גרם,ליימן מותגים,,הרשי דרופס באריזה מש,גרמים,215.00,100 גרם,false,,19.90,9.2558,true,1,120835
35000458476,false,קולגייט מברשת שיניים ילדים מארז רביעייה,קולגייט פלמוליב,,קולגייט מברשת ילדים,Unknown,0.00,יחידה,false,,29.90,0.0000,true,1,127938
35000689535,false,קולגייט מברשת שיניים מקס וייט סופט זוג,קולגייט-פלמוליב,,קולגייט מברשת מקס וי,Unknown,2.00,יחידה,false,,24.90,12.4500,true,1,111126
35000764102,false,קולגייט משחה 2ב 1 הל,,,קולגייט משחה 2ב 1 הל,Unknown,0.00,יחידה,false,,22.90,0.0000,true,1,171305
35000764164,false,קולגייט משחה 2ב 1 רע,,,קולגייט משחה 2ב 1 רע,Unknown,0.00,יחידה,false,,22.90,0.0000,true,1,171306
37600207188,false,חמאת בוטנים קלאסי סקיפי 462 גרם,חברת המזון אלגוד,,סקיפי חמאת בוטנים קל,גרמים,462.00,100 גרם,false,,19.90,4.3074,true,1,140515
37600207256,false,חמאת בוטנים עם שברי בוטנים סקיפי 462 גרם,חברת המזון אלגוד,,סקיפי חמאת בוטנים עם,גרמים,462.00,100 גרם,false,,19.90,4.3074,true,1,140516
37977005288,false,מאם מוצצים סיליקון 6+ תכלת לבן,מאם Mam,,MAM מוצץ קריסטל 6+ B,Unknown,0.00,יחידה,false,,39.90,0.0000,true,1,131588
38000232152,false,פרינגלס חטיפי תפוח אדמה בטעם ברביקיו 158 גרם,פרינגלס מנופקצ'ורינג קומ,,פרינגלס ברביקיו 158,גרמים,158.00,100 גרם,false,,8.90,5.6329,true,1,156859
38000232169,false,פרינגלס מידי אורגינל 67 גרם.,פרינגלס מנופקצ'ורינג קונ,,פרינגלס חטיף אורגינל,Unknown,0.00,יחידה,false,,4.90,0.0000,true,1,156860
38000232176,false,פרינגלס ביג שמנת בצל 158 גרם,פרינגלס מנופקצ'ורינג קונ,,פרינגלס שמנת בצל 158,גרמים,158.00,100 גרם,false,,8.90,5.6329,true,1,156861
38000232183,false,פרינגלס ביג אורגינל 149 גרם,פרינגלס מנופקצ'ורינג קונ,,פרינגלס אורגינל גלקס,גרמים,149.00,100 גרם,false,,8.90,5.9732,true,1,156862
38527591053,false,קואקר דגנים מרובעים שיבולת שועל וקינמון,קוואקר אוטס קומפני,,קוואקר מרובעים קינמו,גרמים,412.00,100 גרם,false,,19.90,4.8301,true,1,132907
38527591060,false,דגני קוואקר מרובעים Quaker Squares עם סוכר חום,קוואקר אוטס קומפני,,קוואקר מרובעים דגני,גרמים,412.00,100 גרם,false,,19.90,4.8301,true,1,132908
38900779238,false,מיץ אננס דול רביעיות 4*250 מל,דול פיליפינים אינק,,דול מיץ אננס 4*250 מ,מיליליטרים,250.00,"100 מ""ל",false,,19.90,7.9600,true,1,142770
38900779245,false,מיץ אננס דולי ללא סו,,,דול משקה אננס פחית 2,מיליליטרים,250.00,"100 מ""ל",false,,6.00,2.4000,true,1,142771
39000008006,false,אורטגה טאקו מקסיקני 12 יחידות 164 גרם,בי אנד ג'י,,אורטגה טאקו מקסיקני,Unknown,12.00,יחידה,false,,22.90,1.9083,true,1,155984
39000008051,false,טורטיה אורטגה ארוחת טאקו קיט,בי אנד ג'י,,אורטגה טאקו דינר קיט,גרמים,283.00,100 גרם,false,,29.90,10.5654,true,1,155985
39047001152,false,ווקרס עוגיות חמאה פינגרס 150 גרם,,,ווקרס עוגיות חמאה פי,גרמים,150.00,100 גרם,false,,21.90,14.6000,true,1,146235
39047005013,false,ווקרס עוגיות חמאה דגיסטיף 150 גרם,,,ווקרס עוגיות חמאה דג,גרמים,150.00,100 גרם,false,,21.90,14.6000,true,1,146238
40000512943,false,סוכריות אם אנד אמס M&M שוקולד חלב,M&M אם אנד אם,,מ&מ שוקולד 300 גרם,גרמים,300.00,100 גרם,false,,20.90,6.9667,true,1,148873
40000513568,false,סוכריות אם אנד אמס M&M שוקולד חלב,M&M אם אנד אם,,אמ אנד אמז שוקו 156,גרמים,156.00,100 גרם,false,,11.90,7.6282,true,1,148875
40000514480,false,M&M אריזה קטנה's שוקולד אריזה קטנה 48 גרם,M&M אם אנד אם,,אם אנד אמז שוקולד 48,Unknown,0.00,יחידה,false,,5.00,0.0000,true,1,148878
41390010309,false,"רוטב טריאקי קיקומן 444 מ""ל",קיקומן פודז אינק,,קיקומן רוטב טריאקי 4,מיליליטרים,444.00,"100 מ""ל",false,,19.90,4.4820,true,1,190654
41500745107,false,"אמריקן גורנן רד הוט 354 מ""ל כנפיים",,US,רוטב רד הוט באפלו לכ,מיליליטרים,354.00,"100 מ""ל",false,,24.90,7.0339,true,1,203753
41500805023,false,"רוטב פלפל רד האט 354 מ""ל",רקיט בנקיזר,,רוטב חריף רד הוט אור,מיליליטרים,354.00,"100 מ""ל",false,,24.90,7.0339,true,1,203752
42400108153,false,דגני בוקר צבעוניים בטעם פירות טוטי פרוטיס,פוסט ארצות הברית,,חטיף דגני ממתוקים בט,גרמים,354.00,100 גרם,false,,21.90,6.1864,true,1,168341
44600002217,false,"נוזל לפתיחת סתימות 946 מ""ל",ליקוויד פלמר,,משחרר סתימות ליקויד,Unknown,946.00,יחידה,false,,26.90,0.0284,true,1,115923
44600300580,false,כלורוקס קלין אפ פרש נוזל לניקוי רב תכלית,כלורוקס אוקלנד,,כלורקס מתז אקונומיקה,Unknown,0.00,יחידה,false,,19.90,0.0000,true,1,178662
46214731552,false,עוגיות שוקולד צ'יפס 37% גודיס 225 גרם,קריניציה ויטמינה אס,,עוגיות שוקולד ציפס מ,גרמים,225.00,100 גרם,false,,9.90,4.4000,true,1,127942
47997123169,false,מגיק תערובת תבול עוף 71 גר,,,מג'יק תיבול לעוף 71,Unknown,0.00,יחידה,false,,16.90,0.0000,true,1,178900
48256214758,false,מסיר כתמים קשים לכביסה לבנה וצבעונית,יעקבי- אסטוניש Astonish,,אסטוניש אבקת הפלא מס,פריט,1.00,"ק""ג",false,,21.90,21.9000,true,1,120202
50000015474,false,"מזון חתולים פריסקיז מעדני הים 1.43 ק""ג",פריסקיז,,"פריסקיז דגים 1.42 ק""",פריט,1.42,"ק""ג",false,,39.90,28.0986,true,1,174944
50000084500,false,מזון יבש לחתול בטעם נתחי ברביקיו פריסקיז Friskies,נסטלה פורינה USA מק,,פריסקיז מעדני השף 1.,פריט,1.43,"ק""ג",false,,39.90,27.9021,true,1,126335
50000100347,false,"פריסקיז - מעדני החתול מועשר בחלב 1.40 ק""ג",נסטלה פורינה USA מק,,פריסקיז מעדני החתול,פריט,1.40,"ק""ג",false,,39.90,28.5000,true,1,126337
50000225224,false,מזול חתולים פריסקיז פילה הודו ברוטב 156 גרם,נסטלה פורינה USA קר,,פריסקיז פריים פילה ה,גרמים,156.00,100 גרם,false,,6.90,4.4231,true,1,126340
50000237951,false,פריסקיז פארטי מיקס מיקס גריל קראנץ10*60גרם,נסטלה פורינה פטקר ארצות,,פריסקיז פארטי מיקס ג,Unknown,0.00,יחידה,false,,11.90,0.0000,true,1,197402
50000238910,false,פריסקיז פארטי מיקס אוריגי'נל קראנץ10*60גרם,נטסלה פורינה פטקר ארצות,,פריסקיז פארטי מיקס א,Unknown,0.00,יחידה,false,,11.90,0.0000,true,1,197401
50000571987,false,פירסקיז נתחי עוף ברוטב 156 ג',נסטלה פורינה USA קר,,פריסקיז נתחי עוף ברו,גרמים,156.00,100 גרם,false,,6.90,4.4231,true,1,126355
50000574414,false,"""פריסקיז פארטי מיקס פיקניק קראנץ 60 גרם",נסטלה פורינה פטקר ארצות,,פריסקיז פארטי מיקס פ,Unknown,0.00,יחידה,false,,11.90,0.0000,true,1,197403
50000578238,false,"""פריסקיז פארטי מיקס קרייזי צ'יז 60 גרם",נסטלה פורינה פטקר ארצות,,פריסקיז פארטי מיקס ק,Unknown,0.00,יחידה,false,,11.90,0.0000,true,1,197405
52100005966,false,גבישי שום מקורמיק 85 גרם,מקרומיק,,שום כתוש 85 גרם,Unknown,0.00,יחידה,false,,28.90,0.0000,true,1,135529
52100006765,false,תבלין פלפל אדום 42 גר,מקורמיק,,תבךין פלפל אדום 42.5,Unknown,0.00,יחידה,false,,18.90,0.0000,true,1,135533
52100070667,false,"תמצית אניס טהורה 29 מ""ל",מקורמיק,,תמצית אננס טהורה 29,Unknown,0.00,יחידה,false,,19.90,0.0000,true,1,135544
52100070827,false,תמצית בטעם רום מקורמיק 29 גרם,מקרומיק תבלינים,,"תמצית בטעם רום 29 מ""",Unknown,0.00,יחידה,false,,10.90,0.0000,true,1,135547
52100071138,false,תבלין אורגנו (אורגנו,מקרומיק תבלינים,,אורגנו (עלים) 38.8 ג,Unknown,0.00,יחידה,false,,18.90,0.0000,true,1,135551
52100142593,false,תערובת תיבול להמבורגר 77 גר,מקרומיק תבלינים,,תערובת תיבול להמבור,Unknown,0.00,יחידה,false,,18.90,0.0000,true,1,135554
54100977601,false,אופן פיט רוטב BBQ סמיך אוריגינל 510 גרם,פיניקל פודס גרופ,,אופן פיט T&ַT אורגינ,גרמים,510.00,100 גרם,false,,13.90,2.7255,true,1,178910
54881005654,false,תה ירוק יסמין 20 שקיות AHMAD TEA,אחמד תה אנגליה,,תה ירוק יסמין 20 שקי,Unknown,0.00,יחידה,false,,9.90,0.0000,true,1,129799
54881006941,false,תה שחור תפוח 20 שקיקים אחמד,גיבונג אינדסקיאלס,,תה שחור תפוח 20שק,Unknown,0.00,יחידה,false,,8.90,0.0000,true,1,129808
54881006996,false,תה אפרסק ופסיפלורה 20 שקיקים אחמד,אחמד תה אנגליה,,תומר תה אפרסק ופסיפל,Unknown,0.00,יחידה,false,,8.90,0.0000,true,1,157991
54881008167,false,תה אינגליש ברקפסט 100 שקיות AHMAD TEA,תה אחמד Ahmad tea,,תה אינגליש ברק 100 ש,גרמים,200.00,100 גרם,false,,16.90,8.4500,true,1,118451
54881009522,false,תה שחור פטל 20 שקיקים אחמד,אחמד תה אנגליה,,תה שחור פטל 20 יח,Unknown,0.00,יחידה,false,,8.90,0.0000,true,1,129818
54881016001,false,חליטת4 סוגי פרי וצמח,,,חליטות 4 טעמים 20 שק,Unknown,0.00,יחידה,false,,9.90,0.0000,true,1,157992
58449771531,false,סאן רייס קראנצ מייפל 300 גרם,נייטשר פאת',,סאן רייס קראנצ' מייפ,גרמים,300.00,100 גרם,false,,29.90,9.9667,true,1,179208
58449779032,false,דגני טבעות תירס ואורז מלא 325 גר WHOLE,נאטשר פאת פוד,,טבעות תירס ואורז מלא,גרמים,325.00,100 גרם,false,,25.90,7.9692,true,1,179209
58449860075,false,כדורי למור בטעם חמאת בוטנים ושוקולד ללא גלוטן,נאטשר פאת פוד,,לאמור 284 גרם,גרמים,284.00,100 גרם,false,,25.90,9.1197,true,1,179213
64144090013,false,פאם תרסיס על בסיס שמן קנולה בטעם חמאה,קונאגרה פודס,,שמן חמאה ספריי 141 ג,גרמים,141.00,100 גרם,false,,18.20,12.9078,true,1,120839
64144090051,false,"ספריי שמן PAM קנולה אורגינל 148 מ""ל",קונאגרה פודס,,תרסיס שמן פאם קנולה,מיליליטרים,148.00,"100 מ""ל",false,,18.20,12.2973,true,1,120841
70080000016,false,חרדל אמריקאי פלוכמן Plochman's,"פלוקמן בע""מ",,חרדל אמרקאי 297 גרם,גרמים,297.00,100 גרם,false,,11.00,3.7037,true,1,134046
70177077563,false,תה ארל גריי 25 שקיות טוינינגס 50 גר,אר. טווינינגס אנד קומפני,,ארל גריי 50 גרם,Unknown,0.00,יחידה,false,,18.90,0.0000,true,1,121439
70177077693,false,תה אנגליש ברקפסט 25 שקיות טוינינגס 50 גר,אר. טווינינגס אנד קומפני,,אינגליש ברקפסט 50 גר,Unknown,0.00,יחידה,false,,18.90,0.0000,true,1,121440
70177078775,false,תה ליידי גריי טוויני,טווינינגס Twinings,,ליידי גריי 50 גרם,Unknown,0.00,יחידה,false,,18.90,0.0000,true,1,121442
70177078904,false,תה אנגליש ברקפסט 50 שקיות טוינינגס,אר. טווינינגס אנד קומפני,,אינגליש ברקפסט 100 ג,גרמים,100.00,100 גרם,false,,31.90,31.9000,true,1,121443
70177084738,false,טווינינגס שחור רד פרוט 50 גרם,אר.טווינינג אנד קומפני א,,שחור רד פרוט (25),Unknown,0.00,יחידה,false,,18.90,0.0000,true,1,187838
70177086664,false,תה ירוק טהור 25 שק TWININGS,אר. טווינינגס אנד קומפני,,טוינינגס תה ירוק 50,Unknown,0.00,יחידה,false,,19.90,0.0000,true,1,121445
70177173166,false,תה יסמין ירוק 25 שקיקים TWININGS,אר. טווינינגס אנד קומפני,,גרין ג'סמין 45 גרם,Unknown,0.00,יחידה,false,,19.90,0.0000,true,1,121447
70177177683,false,חליטה קמומיל האני 30 גרם טווינינג,אר. טווינינגס אנד קומפני,,חליטת קמומיל האני 30,Unknown,0.00,יחידה,false,,16.90,0.0000,true,1,121461
70221011116,false,טובלרון - שוקולד חלב 100 גרם,טובלרון Toblerone,,טובלרון חלב 100 גרם,גרמים,100.00,100 גרם,false,,12.00,12.0000,true,1,140538
71505022453,false,גבינה אמריקן הריטייג חפיסה 227 גרם,,,אריטאג' קרם צ'יז בר,גרמים,220.00,100 גרם,false,,14.90,6.7727,true,1,166848
72600007130,false,הר חטיף תפוח אדמה חלפניו חריף 170 גרם,הר פודס,,הר חטיף תפוח אדמה חל,גרמים,170.00,100 גרם,false,,19.90,11.7059,true,1,156003
72600062290,false,הר חטיף גבינה חלפניו חריף 198 גרם,הר פודס,,הר חטיף גבינה בטעם ג,גרמים,198.00,100 גרם,false,,21.90,11.0606,true,1,156005
72600062306,false,חטיף הר פודס בטעם גבינה 198 גרם,הר פודס,,הר חטיף גבינה 198 גר,גרמים,198.00,100 גרם,false,,21.90,11.0606,true,1,156006
72600062320,false,הר חטיף גבינה בטעם פיצה 198 גרם,הר פודסn\,,הר חטיף גבינה בטעם פ,גרמים,198.00,100 גרם,false,,21.90,11.0606,true,1,156007
73490130359,false,קרקר קרם קרקר רגיל 2,אפיפית נצרת,,קרקר קרם קרקר רגיל 2,גרמים,250.00,100 גרם,false,,6.90,2.7600,true,1,179552
73490130946,false,ביסקויט פתי בר בטעם וניל 500 גרם,אפיפית נצרת,,ביסקויט פתיבר הדר ונ,גרמים,500.00,100 גרם,false,,7.90,1.5800,true,1,179553
73490130953,false,ביסקויט בטעם שוקולד 500 גרם,אפיפית נצרת,,ביסקויט פתיבר הדר שו,גרמים,500.00,100 גרם,false,,7.90,1.5800,true,1,179554
74410470050,false,אצות קומבו 57 גרם רונגצאנג,Qingdao Sun-growing,,אצות קומבו 57 גרם,Unknown,0.00,יחידה,false,,12.90,0.0000,true,1,133232
74570004003,false,גלידה בטעם וניל 473 ג' האגן דאז,האגן-דאז,,גלידת האגן דאז וניל,Unknown,0.00,יחידה,false,,22.90,0.0000,true,1,116300
74570174003,false,גלידה בטעם אגוזי מקדמיה 473 ג' האגן דאז,האגן-דאז,,גלידת האגן דאז אגוזי,Unknown,0.00,יחידה,false,,22.90,0.0000,true,1,116302
76808009354,false,עוגיות קקאו שוקולד חלב ומריר 200 גרם,,,עוגיות קקאו עם שוקול,גרמים,200.00,100 גרם,false,,15.90,7.9500,true,1,196869
76840002542,false,"גלידת בן & ג'ריס פיינט נטפליקס וצ'ילד 500מ""ל",מוצרי איכות אמריקאיים בע,,גלידת חמאת בוטנים עם,גרמים,420.00,100 גרם,false,,23.90,5.6905,true,1,160532
76840100156,false,"בן אנד גריס גלידת צרי גרסיה 500 מ""ל",מוצרי איכות אמריקאיים בע,,גלידת פיינט צ'רי גרס,Unknown,0.00,יחידה,false,,23.90,0.0000,true,1,190272
76840100583,false,"גלידת וניל עם בצק עוגיות בן וג'ירי 473 מ""ל",מוצרי איכות אמריקאיים בע,,גלידה וניל +בצק עוגי,גרמים,473.00,100 גרם,false,,23.90,5.0529,true,1,133093
76840400218,false,"גלידה בן&ג'ריס תות שדה ועוגת גבינה 500מ""ל",מוצרי איכות אמריקאיים בע,,בן&גריס גלידה תות שד,מיליליטרים,475.00,"100 מ""ל",false,,23.90,5.0316,true,1,133100
77245110610,false,סוכריות מאסט ללא סוכר בטעם מנטה 80 ג'עלית,MIESZKO S.A - MS. JO,,סוכריות MUST ללא סוכ,Unknown,0.00,יחידה,false,,6.90,0.0000,true,1,132098
77975022757,false,בייגלה קשה מבצק שאור בסגנון אמריקאי,סניידרס אוף האנובר,,סניידרס בייגלה בקופס,גרמים,383.00,100 גרם,false,,15.90,4.1514,true,1,120844
77975034071,false,סניידרס חטיף בייגלה ניברלס 255.2 גרם,ליימן מותגים,,סניידרס ניבלרס ביסונ,גרמים,255.00,100 גרם,false,,15.90,6.2353,true,1,187862
77975036976,false,מטבל עגבניות בחריפות עדינה סניידרס 439 ג',סניידרס אוף האנובר,,סניידרס מטבל עגבניות,גרמים,439.00,100 גרם,false,,16.90,3.8497,true,1,120847
77975093085,false,"בייגלה מצופה כעכים בציפוי שוקולד חלב, 141 ג סניידרס",סניידרס Snyder's,,חטיף בייגלה סניידרס,גרמים,141.00,100 גרם,false,,16.90,11.9858,true,1,198588
77975093108,false,"בייגלה מצופה כעכים בציפוי בטעם שוקולד לבן, 141 ג סניידרס",סניידרס Snyder's,,חטיף בייגלה סניידרס,גרמים,141.00,100 גרם,false,,16.90,11.9858,true,1,198589
77975094624,false,"סניידרס סנדוויץ בייגלה במילוי חמאת בוטנים , 226 ג'",סניידרס Snyder's,,סניידרס שברי בייגלה,גרמים,283.50,100 גרם,false,,15.90,5.6085,true,1,173959
77975094631,false,סניידרס סנדוויץ' בייגלה במילוי קרם בטעם צ'דר 226 גרם,סניידרס לאנס,,סניידר בייגלה סנדווי,גרמים,226.00,100 גרם,false,,15.90,7.0354,true,1,164765
77975094761,false,סניידרס חטיפים על בסיס קמח חיטה בטעם גבינת צ'דר,סניידרס אוף האנובר,,סניידרס בטעם צדר 340,גרמים,340.00,100 גרם,false,,15.90,4.6765,true,1,180687
77975094778,false,שברי בייגלה סניידרס בטעם דבש חרדל 340 גר,סניידרס אוף האנובר,,סניידרס שברי בייגלה,גרמים,340.00,100 גרם,false,,15.90,4.6765,true,1,182509
77975095157,false,סניידרס שברי בייגלה בטעם חלפיניו 318 גרם,סניידרס Snyder's,,סניידרס שברי בייגלה,גרמים,318.00,100 גרם,false,,15.90,5.0000,true,1,196042
87666052819,false,"רוטב סריראצ'ה סופר חריף 455 מ""ל",EXOTIC FOOD PCL,,רוטב סריראצ'ה סופר ח,מיליליטרים,455.00,"100 מ""ל",false,,28.90,6.3516,true,1,177428
87666052888,false,"רוטב סריראצ`ה עם למון גראס 455 מ""ל",EXOTIC FOOD PCL,,רוטב סריראצ'ה עם לימ,מיליליטרים,455.00,"100 מ""ל",false,,28.90,6.3516,true,1,177429
89041081056,false,שמן סויה בתיבול צילי,Flavor full foods in,,מזרח ומערב יבוא שמן,מיליליטרים,185.00,"100 מ""ל",false,,11.00,5.9459,true,1,133233
89397344348,false,דיניקולה רוטב פסטה עם שום קלוי 737 גרם,ג'יאובני פוד אינק,,דיניקולה רוטב פסטה ע,גרמים,737.00,100 גרם,false,,18.90,2.5645,true,1,156010
93133675030,false,רוטב בוטנים בסגנון תאילנדי 566 גרם,,,מייקי רוטב בוטנים בס,גרמים,566.00,100 גרם,false,,39.90,7.0495,true,1,178914
194038000023,false,משקה קולגן פחיות Ren,,,משקה קולגן פחיות Ren,מיליליטרים,250.00,"100 מ""ל",false,,14.90,5.9600,true,1,192845
195480030088,false,שוקולד צמקאו מריר אופנהיימר לאפייה ובישול 300ג',אופנהיימר,,אופנ. צימקאו מריר 30,גרמים,300.00,100 גרם,false,,8.90,2.9667,true,1,121470
290015466127,false,אלין א.ד.ט פאודר 30,,,אלין א.ד.ט פאודר 30,Unknown,0.00,יחידה,false,,39.90,0.0000,true,1,110563
305210256712,false,וזלין לשפתיים אורגינל 0.25 אונקיה,"יוניליוור ג'ונסבורו,",,וזלין מיני לשפתיים א,Unknown,0.00,יחידה,false,,9.90,0.0000,true,1,119347
305210317079,false,וזלין מיני לשפתיים חמאת קקאו 9 גר,"יוניליוור ג'ונסבורו,",,וזלין מיני לשפתיים ק,Unknown,0.00,יחידה,false,,9.90,0.0000,true,1,119348
305210416383,false,"ואזלין קרם גוף לגבר נספג במהירות 600 מ""ל","יוניליוור, ג'פרסון סיטי,",,וזלין תחליב גוף לגבר,מיליליטרים,600.00,"100 מ""ל",false,,23.90,3.9833,true,1,119349
305210464728,false,וזלין מיני לשפתיים בטעם קרם ברולה,"יונילוור ארה""ב - HPC",,וזלין מיני לשפתיים ק,Unknown,0.00,יחידה,false,,9.90,0.0000,true,1,119351
305213079004,false,"תחליב גוף להזנה עמוקה צהוב וזלין 600 מ""ל","יוניליוור, ג'פרסון סיטי,",,וזלין תחליב גוף צהוב,מיליליטרים,600.00,"100 מ""ל",false,,23.90,3.9833,true,1,111082
308910525744,false,אטריות אורז דקות 454 גרם ורמיצ'לי (כ),ליאן תאי רייס,,אטריות אורז דקות ורמ,גרמים,454.00,100 גרם,false,,10.90,2.4009,true,1,133234
350007641028,false,משחת שיניים קולגייט משחה 2ב1 הלבנה 130 גרם,קולגייט Colgate,,קולגייט משחה 2ב 1 הל,Unknown,0.00,יחידה,false,,22.90,0.0000,true,1,175067
606795214389,false,זוג כריות מעורב,,,זוג כריות מעורב,Unknown,0.00,יחידה,false,,39.90,0.0000,true,1,203945
606795214396,false,"נט קרקר רגיל 18ס""מ",,,"נט קרקר רגיל 18ס""מ",Unknown,0.00,יחידה,false,,39.90,0.0000,true,1,203946
606795216048,false,ענף בורדו + זהב - 02,,,ענף בורדו + זהב - 02,Unknown,0.00,יחידה,false,,10.00,0.0000,true,1,203963
606795216239,false,ענף דובדובנים לבן -,,,ענף דובדובנים לבן -,Unknown,0.00,יחידה,false,,14.90,0.0000,true,1,203980
606795216284,false,גרלנד - 23638,,,גרלנד - 23638,Unknown,0.00,יחידה,false,,59.90,0.0000,true,1,203985
606795216321,false,עץ קטן - 23653,,,עץ קטן - 23653,Unknown,0.00,יחידה,false,,39.90,0.0000,true,1,203989
606795216345,false,מחזיק נייר - 25056,,,מחזיק נייר - 25056,Unknown,0.00,יחידה,false,,5.90,0.0000,true,1,203991
606795216352,false,ענף עם צרובלים - 251,,,ענף עם צרובלים - 251,Unknown,0.00,יחידה,false,,14.90,0.0000,true,1,203992
606795216512,false,ענף צרבולים - 57305,,,ענף צרבולים - 57305,Unknown,0.00,יחידה,false,,14.90,0.0000,true,1,204002
606795216550,false,ענף דובדובנים שלג -,,,ענף דובדובנים שלג -,Unknown,0.00,יחידה,false,,19.90,0.0000,true,1,204006
606795216574,false,ענף דובדובנים - 7787,,,ענף דובדובנים - 7787,Unknown,0.00,יחידה,false,,10.00,0.0000,true,1,204009
606795216888,false,סרט 10 מטר זהב,,,סרט 10 מטר זהב,Unknown,0.00,יחידה,false,,29.90,0.0000,true,1,204030
606795216932,false,סרט לראש,,,סרט לראש,Unknown,0.00,יחידה,false,,10.00,0.0000,true,1,204034
606795216956,false,סרט לראש,,,סרט לראש,Unknown,0.00,יחידה,false,,7.90,0.0000,true,1,204035
606795217038,false,כובע - CA-03,,,כובע - CA-03,Unknown,0.00,יחידה,false,,19.90,0.0000,true,1,204040
606795217069,false,כובע - CA-06,,,כובע - CA-06,Unknown,0.00,יחידה,false,,10.00,0.0000,true,1,204043
608614255474,false,"מסיר כל כתם 60 מ""ל",,,"מסיר כל כתם 60 מ""ל",Unknown,0.00,יחידה,false,,12.90,0.0000,true,1,189942
608614307203,false,תבנית ביצי שליו טריו,,,תבנית ביצי שליו טריו,Unknown,0.00,יחידה,false,,14.90,0.0000,true,1,187042
608614310654,false,ענב שחור בנספק,Unknown,,ענבים אדומים,Unknown,0.00,יחידה,false,,16.90,0.0000,true,1,193955
608614319640,false,חבילת צ'אנקים הדרים,,,חבילת צ'אנקים הדרים,Unknown,0.00,יחידה,false,,39.90,0.0000,true,1,172460
612511214809,false,סירופ אבטיח,,,סירופ אבטיח,Unknown,0.00,יחידה,false,,50.00,0.0000,true,1,131071
613008742348,false,בקבוק אריזונה ג'נסינג ודבש 1 ליטר,"נטורלה גטרנק בע""\מn\",,אריזונה 1 ליטר ג'ינס,קילוגרמים,1.00,ליטר,false,,11.90,11.9000,true,1,182958
637796401164,false,עוגיות קוויקברי פרמי,,,עוגיות פירימום סלקשן,Unknown,0.00,יחידה,false,,15.90,0.0000,true,1,125042
638102201010,false,חטיף על בסיס חלבון סויה שוקולד וחמאת בוטנים,"אבוט נוטרישן, מעבדות",,זון קלסיק שוקולד חמא,Unknown,0.00,יחידה,false,,14.90,0.0000,true,1,158338
638102585011,false,חטיף זון פרפקט קינמון5יח,אדיר סחר,,חטיף זון מארז חמישיי,Unknown,0.00,יחידה,false,,54.90,0.0000,true,1,188535
643540760074,false,מברשת שיניים דיסני ק,,,מברשת שיניים דיסני ק,Unknown,0.00,יחידה,false,,9.90,0.0000,true,1,162037
643540760166,false,מברשת שיניים דיסני ב,,,מברשת שיניים דיסני ב,Unknown,0.00,יחידה,false,,9.90,0.0000,true,1,162040
643540760258,false,מברשת שיניים דיסני ק,,,מברשת שיניים דיסני ק,Unknown,0.00,יחידה,false,,9.90,0.0000,true,1,162042
644209405923,false,דנקן היינס ציפוי מוקצף וניל 397 גרם פרווה,רוזקםבייקינג קומפני,,דנקן היינס ציפוי מוק,גרמים,397.00,100 גרם,false,,21.90,5.5164,true,1,178921
644209414550,false,דנקן היינס תערובת עוגת קונפטי 432 גרם,,,דנקן היינס תערובת עו,גרמים,432.00,100 גרם,false,,21.90,5.0694,true,1,178927
645173911038,false,קורנישון מלפפוןן מיני 720 גרם - תומר,קלמן אינדיה פי וי סי,,קורנישון מיני 720 גר,גרמים,720.00,100 גרם,false,,9.90,1.3750,true,1,118457
651080161510,false,פלקרס פולסר לשיניים צפופות-מנטה 35 יחידו,מיוצר עי קונדיטוריית,,פלקרס פלוסר,Unknown,0.00,יחידה,false,,14.00,0.0000,true,1,137920
651080647519,false,קיסמים עם חוט דנטלי פלאקרס מנטה 35 יחידות,"פלקרס רנור ארה""ב",,פלקרס פלוסר מנטה,Unknown,0.00,יחידה,false,,14.00,0.0000,true,1,111232
663701708141,false,דרגו-אוזניות טייפ סי,,,דרגו-אוזניות טייפ סי,Unknown,0.00,יחידה,false,,49.90,0.0000,true,1,185274
663701708189,false,דרגו הולדר לנייד מדב,,,דרגו הולדר לנייד מדב,Unknown,0.00,יחידה,false,,19.90,0.0000,true,1,185329
663701708318,false,דרגו מטען קיר אייפון,,,דרגו מטען קיר אייפון,Unknown,0.00,יחידה,false,,29.90,0.0000,true,1,185254
667550528523,false,"מיי גוף ספריי פלטיניום אייס ויקטוריה סיקרט - 250 מ""ל",,,ו.סיקריט בודי ספריי,מיליליטרים,250.00,"100 מ""ל",false,,59.90,23.9600,true,1,190227
667553846877,false,ויקטוריה סקרט מיי גו,,,ויקטוריה סקרט מיי גו,Unknown,0.00,יחידה,false,,59.90,0.0000,true,1,200499
667553847089,false,ויקטוריה סקרט מיי גו,,,ויקטוריה סקרט מיי גו,Unknown,0.00,יחידה,false,,59.90,0.0000,true,1,201270
673324216473,false,מגבת 40*60,,,מגבת 40*60,Unknown,0.00,יחידה,false,,8.90,0.0000,true,1,196779
673324216480,false,מגבת 50*90,,,מגבת 50*90,Unknown,0.00,יחידה,false,,16.90,0.0000,true,1,196780
673324216503,false,מגבת 90*150,,,מגבת 90*150,Unknown,0.00,יחידה,false,,49.90,0.0000,true,1,196782
673324216510,false,מגבת 100*150,,,מגבת 100*150,Unknown,0.00,יחידה,false,,69.90,0.0000,true,1,196783
692232997861,false,זוג וילון צד רשת כול,,,זוג וילון צד רשת כול,Unknown,0.00,יחידה,false,,7.90,0.0000,true,1,200384
692232997939,false,בובת ריח למזגן במגוו,,,בובת ריח למזגן במגוו,Unknown,0.00,יחידה,false,,10.00,0.0000,true,1,200388
693493019378,false,פטריות חתוך נעמה 400,,,פטריות חתוך נעמה 400,גרמים,400.00,100 גרם,false,,4.90,1.2250,true,1,184770
693493048996,false,שבבי אלון,,,שבבי אלון,Unknown,0.00,יחידה,false,,39.90,0.0000,true,1,190019
693493065351,false,מלפפון בייבי משק פר,Unknown,,מלפפון בייבי,Unknown,0.00,יחידה,false,,9.90,0.0000,true,1,182720
693493082013,false,"שקית קרח 2 ק""ג אקסטר",,,"שקית קרח 2 ק""ג אקסטר",פריט,2.00,"ק""ג",false,,9.90,4.9500,true,1,159618
693493138994,false,אחלה בוטנים 100 גרם,,,אחלה בוטנים 100 גרם,Unknown,0.00,יחידה,false,,5.90,0.0000,true,1,190673
693493139007,false,"אחלה תפו""א ברביקיו 1",,,"אחלה תפו""א ברביקיו 1",Unknown,0.00,יחידה,false,,5.90,0.0000,true,1,190676
693493139014,false,"אחלה תפו""א צינורית 1",,,"אחלה תפו""א צינורית 1",Unknown,0.00,יחידה,false,,5.90,0.0000,true,1,190674
693493139021,false,אחלה דלוקס טבעי 100,,,אחלה דלוקס טבעי 100,Unknown,0.00,יחידה,false,,5.90,0.0000,true,1,190677
693493139038,false,אחלה חיטה מתוקה 100,,,אחלה חיטה מתוקה 100,Unknown,0.00,יחידה,false,,5.90,0.0000,true,1,190675
693493167833,false,קופסא פלאפל ירוק 720 ג' סופרא,,,פלאפל סופרא ירוק,Unknown,0.00,יחידה,false,,29.90,0.0000,true,1,195595
693493167840,false,קופסא פלאפל אקסטרא 720 ג' סופרא,,,פלאפל סופרא אקסטרא,Unknown,0.00,יחידה,false,,29.90,0.0000,true,1,195599
693493167857,false,קופסא פלאפל צהוב 720 ג' סופרא,,,פלאפל סופרא צהוב,Unknown,0.00,יחידה,false,,29.90,0.0000,true,1,195600
693493167864,false,קופסא פלאפל פיקנטי 720 ג' סופרא,,,פלאפל סופרא פיקנטי,Unknown,0.00,יחידה,false,,29.90,0.0000,true,1,195601
694270915722,false,כבל טריפל 3 יציאות,,,כבל טריפל 3 יציאות,Unknown,0.00,יחידה,false,,19.90,0.0000,true,1,185268
710069055452,false,ביסקויט סנדוויץ שוקו הדר 150 גרם,אפיפית נצרת תעשיות ב,,סנדויץ עוגיות שוקו 1,גרמים,150.00,100 גרם,false,,3.90,2.6000,true,1,179556
713153979610,false,סט עצי ריח במארז 5 יחידות,,,סט של מארז עצי ריח ב,Unknown,0.00,יחידה,false,,10.00,0.0000,true,1,200391
713153980265,false,"כיסוי הגה 38 ס""מ",,,"כיסוי הגה 38 ס""מ",Unknown,0.00,יחידה,false,,24.90,0.0000,true,1,200395
713153980531,false,ג'ילדה לרכב צהובה סט,,,ג'ילדה לרכב צהובה סט,Unknown,0.00,יחידה,false,,10.00,0.0000,true,1,200461
722713901978,false,"קרש חיתוך 50 ס""מ עם",,,"קרש חיתוך 50 ס""מ עם",Unknown,0.00,יחידה,false,,199.90,0.0000,true,1,180176
728229123590,false,טרה אורגינל חטיף על בסיס ירקות שורש בטעם טבעי 110 גרם,הונדורס צ'יפס יצור א,,טרה ציפס חטיף אורגינ,גרמים,110.00,100 גרם,false,,15.90,14.4545,true,1,137921
728229123613,false,טרה חטיף על בסיס תפוח אדמה כחול בטעם טבעי 110 גרם,היין סלסטיאל גרופ,,טרה ציפס ירקות טבעי,גרמים,110.00,100 גרם,false,,15.90,14.4545,true,1,137922
728229123811,false,טרה חטיף על בסיס ירקות שורש בתיבול ים תיכוני 110 גרם,הונדורס צ'יפס יצור א,,טרה ציפס ירקות טבעי,גרמים,110.00,100 גרם,false,,15.90,14.4545,true,1,137923
728229124764,false,טרה חטיף על בסיס בטטה עם מלח ים 110 גרם,היין פיוצ'ור נטורל פ,,טרה בטטה עם מלח ים 1,גרמים,110.00,100 גרם,false,,15.90,14.4545,true,1,190325
728229124771,false,טרה חטיף על בסיס בטטה בטעם ברביקיו 110 גרם,היין פיוצ'ור נטורל פ,,טרה חטיף ציפס בטטה ב,גרמים,110.00,100 גרם,false,,15.90,14.4545,true,1,137925
728229130154,false,טרה חטיף על בסיס בטטה וסלק בטעם טבעי 110 גרם,הונדורס צ'יפס יצור א,,טרה ציפס חטיף בטטה ו,גרמים,110.00,100 גרם,false,,15.90,14.4545,true,1,137926
728229130444,false,"חטיף על בסיס ירקות שורש עם בטטה, תפו""א כחול וסלק",היין סלסטיאל גרופ,,חטיף צ'יפס מירקות אק,גרמים,110.00,100 גרם,false,,15.90,14.4545,true,1,137927
729002332602,false,דג אמנון טרי שלם,,,דג אמנון טרי שלם,קילוגרמים,1.00,"ק""ג",true,,27.90,27.9000,true,1,199309
729009288018,false,דג אמנון טרי שלם,,,דג אמנון טרי שלם,קילוגרמים,1.00,"ק""ג",true,,27.90,27.9000,true,1,199310
729107301005,false,צידנית 8,,,צידנית 8,Unknown,0.00,יחידה,false,,59.90,0.0000,true,1,163624
729602173653,false,"סכו""ם נירוסטה סט 24",,,"סכו""ם נירוסטה סט 24",Unknown,0.00,יחידה,false,,79.90,0.0000,true,1,157799
734756000013,false,רוטב ברביקיו פיקנטי 510 גרם,,,סטאבס רוטב ברביקיו פ,גרמים,510.00,100 גרם,false,,28.90,5.6667,true,1,178936
734756002024,false,רוטב מרינדה לעוף 340 גרם,,,סטאבס רוטב מרינדה לע,גרמים,340.00,100 גרם,false,,28.90,8.5000,true,1,178942
734896880223,false,קליעה למטרה חיצים,General,,קליעה למטרה חיצים,Unknown,0.00,יחידה,false,,19.90,0.0000,true,1,195469
753182231761,false,"משקה אנרגיה BLU ללא תוספת סוכר 250 מ""ל",אקווה ויט,,בלו סיקס משקה אנרגיה,מיליליטרים,250.00,"100 מ""ל",false,,5.00,2.0000,true,1,115032
769904000997,false,שקדי מרק ללא גלוטן200גרם,משובח תעשיות מזון,,דגש שקדי מרק ללא גלו,גרמים,200.00,100 גרם,false,,17.90,8.9500,true,1,153404
777696000033,false,מול שחור קנדי 907 גר,,,מול שחור קנדי 907 גר,גרמים,907.00,100 גרם,false,,49.90,5.5017,true,1,134203
811250031344,false,רוטב שזיפים צנצנת,נפטון מוצרי מזון (1990),,רוטב שזיפים 340 גרם,Unknown,0.00,יחידה,false,,12.90,0.0000,true,1,175425
811250031481,false,שמיר 25 גרם,,,שמיר 25 גרם,Unknown,0.00,יחידה,false,,12.90,0.0000,true,1,175428
812130020496,false,טרוביה- סטיביה תערובת סוכר חום- 510ג',,,טרוביה סטיביה תערובת,גרמים,510.00,100 גרם,false,,34.90,6.8431,true,1,133359
818570007066,false,"פיור וניל טהור 29 מ""ל ""ווטקינס""","ג'יי אר ווטקינס בע""מ",,ווטקינס וניל טהור 29,Unknown,0.00,יחידה,false,,29.90,0.0000,true,1,121477
833949000264,false,"סירופ מייפל אמיתי 100% אורגני 250 מ""ל",דיקסר קוויבק,,סירופ מייפל אמיתי 10,Unknown,0.00,יחידה,false,,34.90,0.0000,true,1,153407
835811005667,false,שוקולד ציפס בטעם שוקולד 250גר',פינוקים תעשיות מזון,,נטיפי ציפס בטעם שוקו,גרמים,250.00,100 גרם,false,,9.00,3.6000,true,1,118119
835811008583,false,בצק סוכר 1 קג,,,בצק סוכר 1 קג,גרמים,1000.00,100 גרם,false,,31.00,3.1000,true,1,118147
839762001327,false,איילנד גויאבה ורודה,טמפו 7.5%,,איילנד גויאבה ורודה,קילוגרמים,1.00,ליטר,false,,12.00,12.0000,true,1,142322
841058006633,false,"אדג' ג'יל גילוח מועשר בשיבולת שועל 198 מ""ל",אנרג'ייזר,,אדג' ג'ל גלוח מעושר,מיליליטרים,200.00,"100 מ""ל",false,,16.90,8.4500,true,1,167544
850006036028,false,מאפה חיטה מקלונים בטעם סלק בצל 400 ג' עבאדי,עבאדי,,עבאדי מאפה חיטה מקלו,גרמים,400.00,100 גרם,false,,16.90,4.2250,true,1,198243
850018558280,false,נייר מגבת אמריקאי כפול שישייה ר.שמאי,,,WAVE נייר מגבת כפול,Unknown,0.00,יחידה,false,,24.90,0.0000,true,1,202604
856591000055,false,עוגיות מזרחיות קריספי שרוף במיוחד,מאפיית יוסף ושמחה עבאדי,,עוגיות מזרחיות עבאדי,גרמים,400.00,100 גרם,false,,16.90,4.2250,true,1,129434
856591000062,false,עוגיות מזרחיות עם מלח עבאדי 400 גרם,מאפיית יוסף ושמחה עבאדי,,עוגיות מזרחיות מלח,גרמים,400.00,100 גרם,false,,16.90,4.2250,true,1,129435
856591000109,false,עוגיות מזרחיות פריך במיוחד עבאדי 400 גרם,מאפיית יוסף ושמחה עבאדי,,עבדי עוגיות מזרחיות,גרמים,400.00,100 גרם,false,,16.90,4.2250,true,1,129438
856591000512,false,עוגיות מזרחיות מקלונים עם שומשום עבאדי 400 גרם,מאפיית יוסף ושמחה עבאדי,,עבדי עוגיות מזרחי מק,גרמים,400.00,100 גרם,false,,16.90,4.2250,true,1,129444
856591000956,false,עוגיות קטנטנים של עבאדי טעם גריל 350 גרם,עבאדי,,מאפה חיטה קטנטנים בט,גרמים,350.00,100 גרם,false,,21.90,6.2571,true,1,199146
856591000970,false,מאפה חיטה עבאדי מקלונים בטעם חריף 400 גר,עבאדי,,עבאדי מאפה חיטה מקלו,גרמים,400.00,100 גרם,false,,16.90,4.2250,true,1,198244
859547004084,false,ספוג ניקוי לימון פרש סקראב דדי,סקראב דאבי,,ספוג ניקוי SCRUB DAD,Unknown,0.00,יחידה,false,,17.90,0.0000,true,1,197146
859547004329,false,ספוג ניקוי צבעוני סקראב דדי Scrub Daddy,סקארקיסט,,ספוג ניקוי SCRUB DAD,Unknown,0.00,יחידה,false,,17.90,0.0000,true,1,197143
859547004466,false,קירצוף וספוג ניקוי SCRUB DADDY,סקראב דאבי,,ספוג ניקוי SCRUB MOM,Unknown,0.00,יחידה,false,,17.90,0.0000,true,1,197144
860001415902,false,משקה קולגן 12 פחיות,,,משקה קולגן 12 פחיות,מיליליטרים,250.00,"100 מ""ל",false,,14.90,5.9600,true,1,192846
860001415919,false,משקה קולגן פחית Rene,,,משקה קולגן פחית Rene,מיליליטרים,250.00,"100 מ""ל",false,,14.90,5.9600,true,1,192847
869335303669,false,צנצנת 1 ליטר מכסה מת,,,צנצנת 1 ליטר מכסה מת,Unknown,0.00,יחידה,false,,10.00,0.0000,true,1,157249
877300000074,false,פלפל שחור גרוס צנצנת,,,פלפל שחור גרוס 100 ג,גרמים,100.00,100 גרם,false,,11.90,11.9000,true,1,131950
877300000081,false,פלפל שחור טחון צנצנת,,,פלפל שחור טחון צנצנת,Unknown,0.00,יחידה,false,,11.90,0.0000,true,1,131951
877300000777,false,ממרח צימיצורי נפטון,"נפטון מוצרי מזון בע""",,ממרח צ'ימיצ'ורי 180,גרמים,180.00,100 גרם,false,,12.90,7.1667,true,1,131953
877300001002,false,זנגביל גרוס 150גרם,,,זנגביל גרוס 150גרם,Unknown,0.00,יחידה,false,,10.00,0.0000,true,1,131956
877300001019,false,כוסברה טחון 120גרם,נפטון Neptune,,כוסברה טחון 120גרם,Unknown,0.00,יחידה,false,,11.90,0.0000,true,1,131957
877300001057,false,פלפל לבן טחון צנצנת,,,פלפל לבן טחון צנצנת,Unknown,0.00,יחידה,false,,11.90,0.0000,true,1,131959
877300001163,false,נפטון פפריקה חריפה 1,נפטון Neptune,,פפריקה חריפה 150 גר,Unknown,0.00,יחידה,false,,11.90,0.0000,true,1,131964
877300001170,false,פפריקה מתוקה 150 גרם,נפטון Neptune,,פפריקה מתוקה 150 ג,Unknown,0.00,יחידה,false,,11.90,0.0000,true,1,131965
877300001200,false,עלי דפנה 20 גרם,נפטון Neptune,,עלי דפנה 20 גרם,Unknown,0.00,יחידה,false,,11.90,0.0000,true,1,131966
877300001248,false,פפריקה מתוקה מרוקאית בשמן,נפטון Neptune,,פפריקה מתוקה מרוקאית,Unknown,0.00,יחידה,false,,11.90,0.0000,true,1,131967
877300001286,false,כמון טחון 150 גרם,נפטון Neptune,,כמון טחון 150 גרם,גרמים,150.00,100 גרם,false,,11.90,7.9333,true,1,131968
877300001330,false,תערובת תיבול חוויאג' למרק,נפטון Neptune,,תבלין חוויאג' למרק,Unknown,0.00,יחידה,false,,11.90,0.0000,true,1,131969
877300001347,false,תבלין סטייק 150 גרם,,,תבלין סטייק 150 גרם,Unknown,0.00,יחידה,false,,11.90,0.0000,true,1,131970
877300001361,false,תבלין שווארמה 150 גרם (צנצנת 150 חדש),,,תבלין שווארמה 150 ג,Unknown,0.00,יחידה,false,,11.90,0.0000,true,1,131971
877300001378,false,תערובת תיבול גריל דג,נפטון Neptune,,תבלין גריל דג 150 ג,Unknown,0.00,יחידה,false,,11.90,0.0000,true,1,131972
877300001392,false,תערובת תיבול לגריל עוף,נפטון Neptune,,תבלין גריל עוף 150,Unknown,0.00,יחידה,false,,11.90,0.0000,true,1,131974
877300001453,false,תערובת תיבול זעתר שומשום,נפטון Neptune,,תבלין זעתר שומשום 1,Unknown,0.00,יחידה,false,,11.90,0.0000,true,1,131975
877300001576,false,תערובת תיבול על האש ברביקיו,נפטון Neptune,,תבלין על האש ברביקיו,גרמים,150.00,100 גרם,false,,11.90,7.9333,true,1,131978
877300001866,false,נפטון תערובת תיבול פ,,,תבלין פילדלפיה 150,גרמים,150.00,100 גרם,false,,11.90,7.9333,true,1,131980
877300002078,false,רוטב שום ודבש 360 גר,נפטון Neptune,,רוטב שום ודבש 360 גר,מיליליטרים,300.00,"100 מ""ל",false,,12.90,4.3000,true,1,131983
877300002191,false,שום כתוש ממרח 180 גר,,,שום כתוש ממרח 180 גר,Unknown,0.00,יחידה,false,,12.90,0.0000,true,1,131987
877300002290,false,פפריקה מרוקאית מעושנת,נפטון Neptune,,פפריקה מרוקאית מעושנ,גרמים,150.00,100 גרם,false,,11.90,7.9333,true,1,131990
877300002443,false,תבלין קארי 150 גרם,,,תבלין קארי 150 גרם,גרמים,150.00,100 גרם,false,,11.90,7.9333,true,1,131997
877300002610,false,ממרח אריסה לימון 180,,,ממרח אריסה לימון 180,Unknown,0.00,יחידה,false,,12.90,0.0000,true,1,131999
877300002689,false,רוטב קייג'ון (ניו אורלינס),"נפטון מוצרי מזון בע""",,רוטב קייג'ון 330 גרם,גרמים,300.00,100 גרם,false,,12.90,4.3000,true,1,132004
877300003235,false,רוטב חמוץ מתוק 360 גרם,נפטון מוצרי מזון (1990),,רוטב חמוץ מתוק 340 ג,Unknown,0.00,יחידה,false,,12.90,0.0000,true,1,132011
877300003259,false,רוטב נפטון סצואן 340,"נפטון מוצרי מזון בע""",,רוטב סצ'ואן 340 גרם,Unknown,0.00,יחידה,false,,12.90,0.0000,true,1,132013
877300003310,false,רוטב צ'ילי חריף 370 גרם,נפטון מוצרי מזון (1990),,רוטב צ'ילי חריף 370,Unknown,0.00,יחידה,false,,12.90,0.0000,true,1,132018
877300003327,false,רוטב סויה מתוק 360 גרם,נפטון מוצרי מזון (1990),,רוטב סויה מתוק 370 ג,Unknown,0.00,יחידה,false,,12.90,0.0000,true,1,132019
877300004096,false,ממרח טאפנד זיתים ירוקים,,,ממרח זיתים ירוקים 18,גרמים,180.00,100 גרם,false,,12.90,7.1667,true,1,132024
877300004119,false,סחוג אדום 180 גרם,,,סחוג אדום 180 גרם,גרמים,180.00,100 גרם,false,,12.90,7.1667,true,1,132026
877300004157,false,סחוג ירוק חריף אש ממ,,,סחוג ירוק חריף אש ממ,גרמים,180.00,100 גרם,false,,12.90,7.1667,true,1,132027
877300005369,false,תבלין שווארמה,,,תבלין שווארמה,קילוגרמים,1.00,"ק""ג",true,,60.00,60.0000,true,1,177298
877300007721,false,כמון טחון 400 גרם,,,כמון טחון 400 גרם,גרמים,400.00,100 גרם,false,,19.90,4.9750,true,1,132043
877300007738,false,פלפל שחור טחון נפטון,,,פלפל שחור טחון נפטון,גרמים,400.00,100 גרם,false,,24.90,6.2250,true,1,163559
877300007752,false,פפריקה מתוקה 400 גר,,,פפריקה מתוקה 400 גר,גרמים,400.00,100 גרם,false,,19.90,4.9750,true,1,132045
877300008858,false,רוטב וינגרט הדרים,,,ויניגרט הדרים 310 ג,Unknown,0.00,יחידה,false,,12.90,0.0000,true,1,132057
877300009183,false,רוטב שמן זית ולימון,,,שמן זית ולימון 300 ג,Unknown,0.00,יחידה,false,,12.90,0.0000,true,1,132059
877300009725,false,אורגנו צנצנת מרובעת,,,אורגנו צנצנת מרובעת,גרמים,60.00,100 גרם,false,,11.90,19.8333,true,1,182949
877300009848,false,מלח לימון 150 גרם נפ,,,מלח לימון 150 גרם,Unknown,0.00,יחידה,false,,11.90,0.0000,true,1,132073
883314587647,false,כוס 32 גבוה פאראד כת,,,כוס 32 גבוה פאראד כת,Unknown,0.00,יחידה,false,,10.00,0.0000,true,1,165388
884912002372,false,דגני בוקר גרייט גריינס פוסט453 גרם,פוסט ארצות הברית,,פוסט דגנים קרנברי 36,גרמים,368.00,100 גרם,false,,25.90,7.0380,true,1,135559
884912102102,false,דגני בוקר פוסט סלקט אוכמניות 382 גר,הנסיך- מפעל לייצור ט,,פוסט דגני בוקר סלקט,גרמים,382.00,100 גרם,false,,25.90,6.7801,true,1,135563
884912129512,false,דגני בוקר קוקו פוסט פלינסטונס 311 גרם,פוסט לקיוויל,,פוסט קוקו פבלס דגני,גרמים,311.00,100 גרם,false,,20.90,6.7203,true,1,186907
884912342737,false,דגני בוקר קריספי וופל פוסט 326 גרם.,הנסיך- מפעל לייצור ט,,פוסט קריספ וופל 326,גרמים,326.00,100 גרם,false,,21.90,6.7178,true,1,135582
884912359155,false,דגני בוקר האני באנצ'ס האני רוסטד פוסט 340 גרם,פוסט ארצות הברית,,האני באנצס האני רוסט,גרמים,340.00,100 גרם,false,,21.90,6.4412,true,1,198178
884912359414,false,דגני בוקר האני באנצס קינמון 340 ג' POST,פוסט ארצות הברית,,האני באנצס קינמון 34,גרמים,340.00,100 גרם,false,,21.90,6.4412,true,1,198179
884912359421,false,דגני בוקר האני באנצ'ס מייפל ופקאן פוסט 340 גרם,פוסט ארצות הברית,,האני באנצס מייפל ופק,גרמים,340.00,100 גרם,false,,21.90,6.4412,true,1,198180
884912359483,false,דגני בוקר האני באנצ'ס תות פוסט 311 גרם,פוסט ארצות הברית,,האני באנצס תות 311 ג,גרמים,311.00,100 גרם,false,,21.90,7.0418,true,1,198181
884912365200,false,דגני בוקר אוראו שחור ולבן 311 גרם,פוסט ארצות הברית,,דגני בוקר עם פירורי,גרמים,311.00,100 גרם,false,,22.90,7.3633,true,1,200742
884912365217,false,דגני בוקר אוראו שחור ולבן 311 גרם,פוסט ארצות הברית,,דגני בוקר עם פירורי,גרמים,311.00,100 גרם,false,,22.90,7.3633,true,1,175849
898193001252,false,בונומלי - חליטת קמומיל 28 גרם,הייר ליבינג,,בונומלי חליטת קמומיל,Unknown,0.00,יחידה,false,,17.90,0.0000,true,1,153408
1010164700246,false,כרמל נייר תעשייתי בג,,,כרמל נייר תעשייתי בג,Unknown,0.00,יחידה,false,,59.90,0.0000,true,1,186016
1070980546538,false,סט צלחות 26 חלק,,,סט צלחות 26 חלק,Unknown,0.00,יחידה,false,,199.90,0.0000,true,1,197622
2012111922254,false,סטנד סכינים+סכינים,,,סטנד סכינים+סכינים,Unknown,0.00,יחידה,false,,119.90,0.0000,true,1,120149
2012111922667,false,סטנד סכינים+סכינים,,,סטנד סכינים+סכינים,Unknown,0.00,יחידה,false,,79.90,0.0000,true,1,120150
2014060002841,false,שיפודי מעגול 12 יח',,,שיפודי מעגול 12 יח',Unknown,0.00,יחידה,false,,10.00,0.0000,true,1,166256
3010470158221,false,פריסקיז פ.עוף וירקות400ג,ניו פטפוד איטליה,,פריסקיז פטה עוף וירק,גרמים,400.00,100 גרם,false,,11.90,2.9750,true,1,126360
3014260243548,false,סכיני גילוח מאך 3- 8,פרוקטר & גמבל,,סכיני גילוח מאך 3- 8,Unknown,8.00,יחידה,false,,69.90,8.7375,true,1,152809
3014260289287,false,סכין גילוח גילט בלו 2 לנשים-חמישייה,דיפלומט מפיצים (1968) בעמ,,בלו 2 לנשים 5 יח',Unknown,5.00,יחידה,false,,15.00,3.0000,true,1,110911
3014260821852,false,אורל בי זוג-מדיום,,,אורל בי זוג-מדיום,Unknown,0.00,יחידה,false,,5.90,0.0000,true,1,178843
3014260833848,false,מברשות שיניים אורל בי פרו אקספרט 35 זוג,דיפלומט מפיצים (1968) בעמ,,אורל בי פרו אקספרט ז,Unknown,0.00,יחידה,false,,19.90,0.0000,true,1,158519
3045201107001,false,אידיאל מסיר כתמים לפני כביסה -כדור מסאג,"יעקב יעקבי ובניו בע""מ",,אידאל מסיר כתמים אדו,Unknown,0.00,יחידה,false,,21.90,0.0000,true,1,163670
3045201108008,false,אידיאל מסיר כתמים לפני כביסה -כדור מבריש,יעקב יעקבי ובניו בעמ,,אידאל מסיר כתמים צהו,Unknown,0.00,יחידה,false,,21.90,0.0000,true,1,163671
3045206360609,false,"דזיטול נוזל מחטא בגדים בכביסה, 1 ליטר","יעקב יעקבי ובניו בע""מ",,דזיטול נוזל מחטא בגד,Unknown,0.00,יחידה,false,,22.90,0.0000,true,1,184882
3046920010047,false,לינדט שוקולד אקסלנס מריר 78% 100 גר,לינדט ושפרונגלי קילשברג,,לינדט אקסלנס 100 גרם,גרמים,100.00,100 גרם,false,,15.10,15.1000,true,1,121478
3046920010801,false,שוקולד מריר אקסלנס עם אגוזי לוז,לינדט ושפרונגלי קילשברג,,לינדט אקסלנס הזלנט 1,גרמים,100.00,100 גרם,false,,15.10,15.1000,true,1,121479
3046920028363,false,לינדט אקסלנס 85% מוצקי קקאו 100 גרם,לינדט ושפרונגלי קילשברג,,לינדט אקסלנס 85% 100,גרמים,100.00,100 גרם,false,,14.90,14.9000,true,1,121487
3046920028721,false,לינדט אקסלנס סטרוברי 100גר`,לינדט ושפרונגלי קילשברג,,לינדט אקסלנס 99% קקא,Unknown,0.00,יחידה,false,,14.90,0.0000,true,1,121490
3046920029681,false,לינדט שוקולד אקסלנס מילד 85% קקאו 100 גר,משה סידס ובנו בעמ,,לינדט אקסלנס 85 % 10,גרמים,100.00,100 גרם,false,,14.90,14.9000,true,1,163153
3046920029759,false,אקסלנס שוקולד מריר 90% לינדט (100 גרם),לינדט ושפרונגלי קילשברג,,לינדט אקסלנס 90% 100,גרמים,100.00,100 גרם,false,,14.90,14.9000,true,1,121495
3059943015104,false,"אירוויק מבשם אויר נטול גז בניחוח פריסיה ויסמין 345 מ""ל",רקיט בנקיזר (ניר איסט) בעמ,,"אירוויק 345 מ""ל נטול",מיליליטרים,345.00,"100 מ""ל",false,,14.90,4.3188,true,1,111179
3059943015128,false,מבשם אוויר נטול גז אקווה מיסט בניחוח לבנדר פראי ואוויר הרים,רקיט בנקיזר (ניר איסט) בעמ,,"אירוויק 345 מ""ל נטול",מיליליטרים,345.00,"100 מ""ל",false,,14.90,4.3188,true,1,111180
3059943016507,false,"אירוויק ספריי בניחוח לבנדר וקמומיל 240 מ""ל",רקיט בנקיזר (ניר איסט) בעמ,,איירויק ספריי לבנדר,מיליליטרים,240.00,"100 מ""ל",false,,9.90,4.1250,true,1,111181
3059943016569,false,"מבשם אוויר אירוויק ספריי פרסיה ויסמין 240 מ""ל",רקיט בנקיזר (ניר איסט) בעמ,,איירויק ספריי פריסיה,מיליליטרים,240.00,"100 מ""ל",false,,9.90,4.1250,true,1,134058
3059944021197,false,"ויט קרם להסרת שיער לעור רגיש (אריזת חיסכון) 400 מ""ל",רקיט בנקיזר (ניר איסט) בעמ,,קרם הסרת שיער לעור ר,מיליליטרים,400.00,"100 מ""ל",false,,49.90,12.4750,true,1,134060
3059944022415,false,רצועות שעווה מוכנות לשימוש מועשרת בתמציות ובניחוח ורדים,רקיט בנקיזר (ניר איסט) בעמ,,ויט ארומטיק רצועות ש,Unknown,10.00,יחידה,false,,24.90,2.4900,true,1,134062
3073780574310,false,גבינה לה וואש קירי 24 400 גר,,,לה וואש קירי 24 יח',גרמים,360.00,100 גרם,false,,27.90,7.7500,true,1,142776
3073780591591,false,גבינה לה וואש קירי 12 192 גרם,"מפעלי גבינות ""ביל",,לה וואש קירי 1 32% 2,גרמים,200.00,100 גרם,false,,17.90,8.9500,true,1,187178
3073780593083,false,גבינה לואש קירי 32 יח' 480 ג',"מפעלי גבינות ""ביל",,לה וואש קירי 32 יח',גרמים,535.00,100 גרם,false,,36.90,6.8972,true,1,142777
3073780894326,false,גבינה קירי 12 יח' 200 ג',"מפעלי גבינות ""ביל",,גבינת קירי 12יח 200,גרמים,200.00,100 גרם,false,,24.90,12.4500,true,1,142779
3073781123562,false,גבינת אבו אלולד 336 ג',,,גבינת אבו אלולד 24 י,גרמים,336.00,100 גרם,false,,19.90,5.9226,true,1,196594
3073781162790,false,גבינה מותכת בייבי בל 120 גרם,א. סיימן סחר בעמ,,בייבי בל אדום 28% 12,גרמים,120.00,100 גרם,false,,21.90,18.2500,true,1,196406
3141360054405,false,פיניש מפיץ ריח למדיח בניחוח לימון וליים,רקיט בנקיזר (ניר איסט) בעמ,,פיניש מפיץ ריח לימון,Unknown,0.00,יחידה,false,,14.90,0.0000,true,1,134064
3161911229199,false,חמאה צרפתית רכה למריחה אל & ויר 250 גרם,א. סיימן סחר בעמ,,אלוויר חמאה רכה 250ג,גרמים,250.00,100 גרם,false,,21.90,8.7600,true,1,122615
3161911366429,false,חמאה צרפתית מלוחה רכה למריחה אלוויר 250 גר',א. סיימן סחר בעמ,,אלוויר חמאה רכה מלוח,גרמים,250.00,100 גרם,false,,21.90,8.7600,true,1,122616
3175460030083,false,גבינת בורסאן בצל ועירית 150 גר,השחר,,בורסאן בצל ועירית 40,גרמים,150.00,100 גרם,false,,21.90,14.6000,true,1,122619
3178530402278,false,"עוגיות פצפוצי קרמל, 150 גרם",סן מישל St Michel,,עוגיות גאלט חמאה,Unknown,0.00,יחידה,false,,14.90,0.0000,true,1,153789
3178530402353,false,עוגות מיני מדלן קלאסי סאן מישל 175 גרם,סאן מישל ביסוויט,,מדלן עוגיות רכות,Unknown,0.00,יחידה,false,,14.90,0.0000,true,1,153790
3178530407938,false,עוגיות מיני מדליין עם שוקוצ'יפס סאן מישל 175 גרם,א. סיימן סחר בעמ,,מיני מדליין פצפוצי ש,Unknown,0.00,יחידה,false,,14.90,0.0000,true,1,153791
3185370000335,false,שמפניה מואט אנד שנדו,Moet Chandon,,שמפניה מואט ושנדו 75,מיליליטרים,750.00,"100 מ""ל",false,,250.00,33.3333,true,1,112101
3228022910023,false,חמאה צרפתית פריזידאן פרזידנט (200 גרם),סוסייטה בארייר דה אי,,פרזידנט חמאה צרפתית,גרמים,200.00,100 גרם,false,,14.90,7.4500,true,1,122620
3253920555021,false,קופסה פרש & גו 2000,,,קופסה פרש & גו 2000,Unknown,0.00,יחידה,false,,7.90,0.0000,true,1,164306
3253928092108,false,סל כביסה 47 טרצו - ל,,,סל כביסה 47 טרצו - ל,Unknown,0.00,יחידה,false,,34.90,0.0000,true,1,164211
3254550033279,false,גבינת קממבר 250 גרם סנט מר,א. סיימן סחר בעמ,,גבינת קממבר 250 גרם,Unknown,0.00,יחידה,false,,37.90,0.0000,true,1,122622
3256760106408,false,פלשארד בסגנון פטה 500 גר,,,פלאשרד קרטונית 500 ג,גרמים,500.00,100 גרם,false,,10.90,2.1800,true,1,172744
3256761201003,false,פלשארד בסגנון פטה מעודנת 500 גר קרטונית,,,ישרקו פלאשר מעודנת,Unknown,0.00,יחידה,false,,10.90,0.0000,true,1,137076
3269255506102,false,"*מבצע* עץ ירוק 60 ס""",,,"*מבצע* עץ ירוק 60 ס""",Unknown,0.00,יחידה,false,,25.00,0.0000,true,1,203894
3269255506126,false,*מבצע* עץ ירוק 1.20,,,*מבצע* עץ ירוק 1.20,Unknown,0.00,יחידה,false,,79.90,0.0000,true,1,203896
3269255506140,false,*מבצע* עץ ירוק 1.80,,,*מבצע* עץ ירוק 1.80,Unknown,0.00,יחידה,false,,150.00,0.0000,true,1,203898
3269255506219,false,"*מבצע* עץ לבן 90 ס""",,,"*מבצע* עץ לבן 90 ס""",Unknown,0.00,יחידה,false,,49.90,0.0000,true,1,203902
3387390320244,false,פיטנס דגני בוקר מחיטה מלאה עם פירות נסטלה 375 גרם,קבוצת אוסם סחר שותפות מוגבלת,,פיטנס פירות 375 גרם,גרמים,375.00,100 גרם,false,,19.90,5.3067,true,1,126361
3387390525960,false,קראנץ' דגני בוקר עם שוקולד חלב נסטלה 500 גרם,קבוצת אוסם סחר שותפות מוגבלת,,קראנץ' 500 גרם,גרמים,500.00,100 גרם,false,,22.90,4.5800,true,1,126362
3412290023640,false,אמנטל צרפתי ארוז 250 גר,,,אמנטל צרפתי ארוז 250,גרמים,250.00,100 גרם,false,,24.90,9.9600,true,1,137077
3500610096174,false,מבעבע בלאן פוסי אייס רוזה חצי יבש 750 מ,GCF,,יין מבעבע בלאן פוסי,Unknown,0.00,יחידה,false,,49.90,0.0000,true,1,112892
3516664460007,false,שמרים חבשים - בן רגע,,,שמרים חבשים - בן רגע,גרמים,500.00,100 גרם,false,,14.90,2.9800,true,1,142789
3523230025638,false,"גבינת עיזים בושה טבעי, 125 גרם",א. סיימן סחר בעמ,,גבינת עיזים בושה טבע,גרמים,125.00,100 גרם,false,,22.90,18.3200,true,1,122629
3523230026826,false,"גבינת עיזים למריחה פירמידה, 140 גרם",א. סיימן סחר בעמ,,פרימידה עיזים טבעי 1,גרמים,140.00,100 גרם,false,,24.90,17.7857,true,1,122630
3523230026888,false,"גבינת עיזים שום ועשבי תיבול למריחה פירמידה, 140 גרם",א. סיימן סחר בעמ,,פרימידה עיזים שום 14,גרמים,140.00,100 גרם,false,,24.90,17.7857,true,1,122631
3563490014898,false,ריין דיז'ון חרדל דיז'ון 265 גרם,דיפלומט מפיצים (1968) בעמ**,,ריין דה דיז'ון חרדל,גרמים,265.00,100 גרם,false,,13.90,5.2453,true,1,140546
3574660026788,false,גונסונס בייבי טלק 200 גרם חדש,ג'ונסונס Johnson's,,גונסונס בייבי טלק 2,גרמים,200.00,100 גרם,false,,18.90,9.4500,true,1,127947
3574660058857,false,גונסונס בייבי שמן 500 מל חדש,גונסון אנד גונסון,,גונסונס בייבי שמן 50,מיליליטרים,500.00,"100 מ""ל",false,,29.90,5.9800,true,1,127953
3574660089547,false,טמפונים נורמל קלאסי אובה 32 יחידות,ג'\ונסון אנד ג'\ונסון,,אובה קלאסי נורמל 32,Unknown,32.00,יחידה,false,,26.90,0.8406,true,1,111127
3574660333466,false,טמפונים מיני פרו קומפורט אובה 32 יחידות,הנסיך- מפעל לייצור ט,,אובה טמפוני פרוקומפו,Unknown,32.00,יחידה,false,,26.90,0.8406,true,1,127971
3574660464337,false,קרפרי מגה פק מגן תחתון אוורירי אלוורה 76,ג'\ונסון אנד ג'\ונסון,,קרפרי מגן תחתון אוור,Unknown,76.00,יחידה,false,,24.90,0.3276,true,1,127974
3574660464368,false,קרפרי מגה פק מגן תחתון אוורירי מבושם 76,גונסון אנד גונסון,,קרפרי מגן תחתון אוור,Unknown,76.00,יחידה,false,,24.90,0.3276,true,1,127975
3574660464429,false,מגני תחתון קרפרי נורמל אוורירי עם מעטפת כותנה,ג'\ונסון אנד ג'\ונסון,,קרפרי מגן תחתון אוור,Unknown,76.00,יחידה,false,,24.90,0.3276,true,1,127977
3574661003924,false,שטיפת פה טוטאל קר בטעם מנטה צלול,ג'\ונסון אנד ג'\ונסון,,*מבצע* ליסטרין מי פה,Unknown,0.00,יחידה,false,,16.90,0.0000,true,1,171778
3574661114637,false,ליסטרין שטיפת פה קול מינט טעם מעודן 500,ג'\ונסון אנד ג'\ונסון,,*מבצע* ליסטרין שטיפת,ליטרים,500.00,100 ליטר,false,,16.90,0.0338,true,1,166663
3574661177137,false,ליסטרין שטיפת פה קול מינט כחול 500,גונסון אנד גונסון,,ש.פה ליסטרין קול מינ,מיליליטרים,500.00,"100 מ""ל",false,,19.90,3.9800,true,1,189676
3574661200019,false,נוטרוגינה ת.גוף ויזבלי ריניו משאבה 400 מל,ניוטרוג'ינה Neutrogena,,נוטרוגינה ת.גוף ויזב,מיליליטרים,400.00,"100 מ""ל",false,,39.90,9.9750,true,1,127992
3574661363998,false,"מי פה ליסטרין תה ירוק 500 מ""ל",ג'\ונסון אנד ג'\ונסון,,*מבצע* ליסטרין מי פה,Unknown,0.00,יחידה,false,,16.90,0.0000,true,1,171780
3574661485201,false,טמפונים אובה סופר 32 יח' פרוקומפורט,ש.שסטוביץ בעמ,,או בה פרוקומפורט סופ,Unknown,32.00,יחידה,false,,26.90,0.8406,true,1,195819
3574661485218,false,טמפונים נורמל אובה 32 יח' פרוקומפורט,"ש. שסטוביץ בע""\מ",,אובה פרוקומפורט נורמ,Unknown,32.00,יחידה,false,,26.90,0.8406,true,1,195820
3574661487335,false,מגן תחתון קרפרי מקסי לונג ריחני 40 יחידות,ש. שסטוביץ בע`מ,,קרפרי לונג ריחני 40,Unknown,40.00,יחידה,false,,20.00,0.5000,true,1,128010
3574661487618,false,קרפרי מגן תחתון מקסי לארג'' מבושם 48 יח'',ג'ויה מעבדות לקוסמטי,,קרפרי מקסי לארג' מבו,Unknown,48.00,יחידה,false,,20.00,0.4167,true,1,128011
3574661487625,false,מגני תחתון פלוס לארג' בניחוח עדין L,הדקלאים אגודת שיתופי,,קרפרי מקסי לארג 48 י,Unknown,48.00,יחידה,false,,20.00,0.4167,true,1,128012
3574661487632,false,מגני תחתון פלוס לארג' בניחוח עדין L,ג'\ונסון אנד ג'\ונסון,,קרפרי מגן תחתון לארג,Unknown,64.00,יחידה,false,,24.90,0.3891,true,1,128013
3574661491806,false,מי פה אדבנס וויט מנטה מסירה כתמים קשים,ג'\ונסון אנד ג'\ונסון,,*מבצע* ליסטרין מי פה,Unknown,0.00,יחידה,false,,16.90,0.0000,true,1,175196
3574661500355,false,קרפרי מגן תחתון מקסי לונג רגיל 40 יח',ג'ויה מעבדות לקוסמטי,,קרפרי לונג 40 יח',Unknown,40.00,יחידה,false,,20.00,0.5000,true,1,128014
3574661501901,false,שטיפה אינטימית יומיומית מכיל תה ירוק ואלוורה,קולגייט פלמוליב,,קרפרי שטיפה אינטימית,Unknown,0.00,יחידה,false,,19.90,0.0000,true,1,128015
3574661506272,false,קרפרי מגבונים אינטימיים אלוורה 20 יח,ג'\ונסון אנד ג'\ונסון,,קרפרי מגבונים אינטימ,Unknown,20.00,יחידה,false,,19.90,0.9950,true,1,128017
3574661552576,false,קרפרי מגן תחתון רגיל טנגה לבן 56 יח חדש,הדקלאים אגודת שיתופי,,קרפרי מגן תחתון רגיל,Unknown,58.00,יחידה,false,,20.00,0.3448,true,1,170266
3574661552804,false,מגן תחתון קרפרי אלוורה 56 יחידות,הדקלאים אגודת שיתופי,,קרפרי אוורירי עם אלו,Unknown,58.00,יחידה,false,,20.00,0.3448,true,1,165463
3574661552811,false,מגן תחתון קרפרי כותון אוורירי 56 יחידות,הדקלאים אגודת שיתופי,,קרפרי כותון אוורירי,Unknown,0.00,יחידה,false,,19.90,0.0000,true,1,175073
3574661554877,false,מגן תחתון קרפרי כותון מבושם 56 יחידות,הנסיך- מפעל לייצור ט,,קרפרי כותון מבושם 56,Unknown,58.00,יחידה,false,,20.00,0.3448,true,1,170267
3574661554884,false,קרפרי מגן תחתון רגיל טנגה מבושם 56 יח,הדקלאים אגודת שיתופי,,קרפרי רגיל-טנגה מבוש,Unknown,58.00,יחידה,false,,20.00,0.3448,true,1,163737
3574669907682,false,גונסונס בייבי טלק 500 גרם חדש,גונסון אנד גונסון,,גונסונס בייבי טלק 50,גרמים,500.00,100 גרם,false,,31.90,6.3800,true,1,128019
3574669907729,false,גונסונס בייבי שמפו לתינוק 750 מל,גונסון אנד גונסון,,גונסונס בייבי שמפו 7,מיליליטרים,750.00,"100 מ""ל",false,,23.90,3.1867,true,1,177299
3574669908665,false,גונסונס בייבי אל סבון לפני השינה 750 מל,גונסון אנד גונסון,,גונסון בייבי אל סבון,מיליליטרים,750.00,"100 מ""ל",false,,19.90,2.6533,true,1,128026
3574669908948,false,"גונסונס בייבי אל סבון לרחצה עדינה 750 מ""ל",גונסון אנד גונסון,,גונסון בייבי אל סבון,מיליליטרים,750.00,"100 מ""ל",false,,19.90,2.6533,true,1,128028
3574669909181,false,גונסונס בייבי שמן אלוורה לתינוק 300 מל,ג'ונסונס Johnson's,,גונסונס בייבי שמן אל,מיליליטרים,300.00,"100 מ""ל",false,,19.90,6.6333,true,1,128030
3574669909495,false,"ג'ונסונס שמפו הקץ לקשרים 500 מ""ל",ש. שסטוביץ בע`מ,,גונסונס שמפו הקץ לקש,מיליליטרים,500.00,"100 מ""ל",false,,19.90,3.9800,true,1,128032
3600522344032,false,"אלביב מסכה לשיער פגום טואל ריפר 300מ""ל",לוריאל ישראל קוסמטיקס בעמ,,מסכת אלביב טוטל ריפי,מיליליטרים,300.00,"100 מ""ל",false,,34.90,11.6333,true,1,135926
3600522344070,false,אלביב מסכת קולור פרוטקט לוריאל (300 מל),לוריאל ישראל קוסמטיקס בעמ,,מסכת אלביב קולור 300,מיליליטרים,300.00,"100 מ""ל",false,,34.90,11.6333,true,1,135927
3600522550167,false,קרם אנטי-אייג'ינג לילה אייג' ספשיאליסט +45,לוריאל ישראל קוסמטיקס בעמ,,אייג ספשליסט לילה 45,Unknown,0.00,יחידה,false,,49.90,0.0000,true,1,135934
3600523193141,false,תרסיס לכיסוי שורשי השיער Magic Retouch שחור,לוריאל ליברמו,,מג'יק ריטאצ' שחור,Unknown,0.00,יחידה,false,,39.90,0.0000,true,1,135960
3600523193158,false,תרסיס לכיסוי שורשי השיער Magic Retouch חום,לוריאל ליברמו,,מג'יק ריטאצ' חום,Unknown,0.00,יחידה,false,,39.90,0.0000,true,1,135961
3600523337712,false,לוריאל - מג'יק ריטאצ' 6 חום מהגוני,לוריאל,,לוריאל מג'יק ריטאצ',Unknown,0.00,יחידה,false,,39.90,0.0000,true,1,135971
3600523439836,false,לוריאל סדרת פרחים מי פנים לעור רגיש 400,"קרלסרו, גרמניה",,פרחים מי פנים לעור ר,Unknown,0.00,יחידה,false,,34.90,0.0000,true,1,135979
3600523450435,false,לוריאל סדרת פרחים גל רחצה לעור רגיש 150,קרלסרו,,פרחים ג'ל רחצה לעור,Unknown,0.00,יחידה,false,,34.90,0.0000,true,1,135984
3600523464548,false,לוריאל הידרה גינייס גל לחות לעור עדין,"לוריאל פרודקשן דויטשלנד,",,ג'ל לחות לעור עדין,Unknown,0.00,יחידה,false,,59.90,0.0000,true,1,161570
3600523587865,false,לוריאל - אלביב קרם לשיער דרים לונג 200,לוריאל - אלביב Elvive,,אלביב קרם לשיער דרים,Unknown,0.00,יחידה,false,,29.90,0.0000,true,1,135996
3600523642489,false,מסכת הזנה אינטנסיבית 6 שמנים לשיער יבש,לוריאל ישראל קוסמטיקס בעמ,,אלביב מסכה 6 שמנים 3,מיליליטרים,300.00,"100 מ""ל",false,,34.90,11.6333,true,1,135999
3600523651870,false,שמפו לחיזוק סיב השערה לכל סוגי השיער,לוריאל ישראל קוסמטיקס בעמ,,לוריאל אלביב שמפו אר,מיליליטרים,550.00,"100 מ""ל",false,,16.90,3.0727,true,1,136003
3600523651900,false,מרכך לחיזוק סיב השערה לכל סוגי השיער,לוריאל ישראל קוסמטיקס בעמ,,לוריאל אלביב מרכך אר,מיליליטרים,550.00,"100 מ""ל",false,,16.90,3.0727,true,1,136005
3600523652242,false,"לוריאל - אלביב שמפו קולור פרוטקט 550 מ""ל",לוריאל ישראל קוסמטיקס בעמ,,לוריאל אלביב שמפו קו,מיליליטרים,550.00,"100 מ""ל",false,,16.90,3.0727,true,1,136008
3600523652259,false,"לוריאל - אלביב מרכך קולור פרוטקט 550 מ""ל",לוריאל ישראל קוסמטיקס בעמ,,לוריאל אלביב מרכך קו,מיליליטרים,550.00,"100 מ""ל",false,,16.90,3.0727,true,1,136009
3600523652280,false,"לוריאל אלביב שמפו מועשר ב 6 שמנים, 550 מ""ל",לוריאל ישראל קוסמטיקס בעמ,,לוריאל אלביב שמפו 6,Unknown,0.00,יחידה,false,,16.90,0.0000,true,1,136012
3600523652297,false,"מרכך לשיער אלביב זהב 6 שמנים , 550 מ""ל",לוריאל ישראל קוסמטיקס בעמ,,לוריאל אלביב מרכך 6,Unknown,0.00,יחידה,false,,16.90,0.0000,true,1,136013
3600523755806,false,"לוריאל - אלביב שמפו קוקוס 550 מ""ל",לוריאל ישראל קוסמטיקס בעמ,,אלביב שמפו קוקוס 550,מיליליטרים,550.00,"100 מ""ל",false,,16.90,3.0727,true,1,136017
3600523756322,false,"לוריאל - אלביב מרכך קוקוס 550 מ""ל",לוריאל ישראל קוסמטיקס בעמ,,אלביב מרכך קוקוס 550,מיליליטרים,550.00,"100 מ""ל",false,,18.90,3.4364,true,1,136018
3600523782567,false,"לוריאל - אלביב שמפו דרים לונג 500 מ""ל",לוריאל ישראל קוסמטיקס בעמ,,אלביב שמפו דרים לונג,מיליליטרים,500.00,"100 מ""ל",false,,16.90,3.3800,true,1,136020
3600523782574,false,מסכה לשיער לוריאל אלביב דרים לונג 300 מל,לוריאל ישראל קוסמטיקס בעמ,,אלביב מסכה דרים לונג,Unknown,0.00,יחידה,false,,34.90,0.0000,true,1,136021
3600523782581,false,מרכך מתיר קשרים לשיער ארוך ופגום Dream Long,לוריאל ישראל קוסמטיקס בעמ,,אלביב מרכך דרים לונג,מיליליטרים,500.00,"100 מ""ל",false,,18.90,3.7800,true,1,136022
3600523944194,false,לוריאל - אקסלנס קול קרם 6.11 חום בהיר קר,לוריאל פריז,,אקסלנס קול 6.11 חום,Unknown,0.00,יחידה,false,,39.90,0.0000,true,1,187359
3600524051334,false,אלביב מרכך חומצה היאלורונית 400 מל,לוריאל ישראל קוסמטיקס בעמ,,אלביב מרכך היאלורוני,מיליליטרים,400.00,"100 מ""ל",false,,16.90,4.2250,true,1,198570
3600524051570,false,לוריאל - אלביב מסכה היאלורונית 300 מ''ל,לוריאל ישראל קוסמטיקס בעמ,,אלביב מסכה היאלורוני,Unknown,0.00,יחידה,false,,34.90,0.0000,true,1,201066
3600524055400,false,לוריאל - אלביב שמפו היאלורונית 500 מ''ל,לוריאל ישראל קוסמטיקס בעמ,,אלביב שמפו היאלורוני,מיליליטרים,500.00,"100 מ""ל",false,,18.90,3.7800,true,1,198571
3600541029323,false,מסיר איפור עמיד במים אסנשיאלס 2 ב-1,לוריאל ישראל קוסמטיקס בעמ,,אסנשיאל מסיר איפור 2,מיליליטרים,200.00,"100 מ""ל",false,,24.90,12.4500,true,1,136057
3600541253667,false,"גרנייה - דאודורנט ספריי לאישה אינביזיבל BWC (ורוד) 150 מ""ל",לוריאל ישראל קוסמטיקס בעמ,,גרנייה דאורדורנט ספר,מיליליטרים,150.00,"100 מ""ל",false,,13.90,9.2667,true,1,136061
3600541352131,false,גרניה אנטי אייגינג אססנטיאל 55+ קרם יום,לוריאל,,גרנייה אנטי אייג' 55,Unknown,0.00,יחידה,false,,39.90,0.0000,true,1,136065
3600541382930,false,גרנייה - מים מיסלרים לכל סוגי העור,לוריאל ישראל קוסמטיקס בעמ,,גרנייה מי מיסלר הכול,Unknown,0.00,יחידה,false,,34.90,0.0000,true,1,136067
3600541402270,false,"גרנייה - דאודורנט ספריי לאישה אינביזיבל BWC (ירוק) 150 מ""ל",לוריאל ישראל קוסמטיקס בעמ,,גרנייה דאודורנט ספרי,Unknown,0.00,יחידה,false,,13.90,0.0000,true,1,111205
3600541448476,false,גרנייה דאו רול-און אינבזיבל קונטרול,לוריאל ישראל קוסמטיקס בעמ,,גרנייה רול דרי קונטר,Unknown,0.00,יחידה,false,,13.90,0.0000,true,1,136070
3600541740006,false,"גרנייה - דאודורנט ספריי לאישה אקשן קונטרול 72 שעות 150 מ""ל",לוריאל ישראל קוסמטיקס בעמ,,גרנייה דאו 5 פרוטקשי,Unknown,0.00,יחידה,false,,13.90,0.0000,true,1,111207
3600541928169,false,"גרנייה פיור פחם ג'ל ניקוי 150 מ""ל",לוריאל ישראל קוסמטיקס בעמ,,גרנייה פיור פחם גל נ,מיליליטרים,100.00,"100 מ""ל",false,,34.90,34.9000,true,1,136076
3600541928275,false,מי פנים מיסלריים דו-פאזיים מסיר איפור עמיד במים,לוריאל ישראל קוסמטיקס בעמ,,גרנייה מים מיסלריים,Unknown,0.00,יחידה,false,,34.90,0.0000,true,1,111209
3600541937475,false,גרניה פיור גרגרים מסיכה לעור מעורב עד שמן,לוריאל ישראל קוסמטיקס בעמ,,גרנייה פיור ניקוי 3-,Unknown,150.00,יחידה,false,,34.90,0.2327,true,1,136078
3600541956223,false,"גרנייה פיור לניקוי וטיפול בסימנים ופגעי עם מברשת 150 מ""ל",לוריאל ישראל קוסמטיקס בעמ,,גרנייה פיור אקספוברש,מיליליטרים,150.00,"100 מ""ל",false,,34.90,23.2667,true,1,136083
3600542050579,false,גרניה בוטניקל מי פנים ורדים 200 מל,קוסמופול,,בוטניקול טונר ורדים,Unknown,0.00,יחידה,false,,24.90,0.0000,true,1,193011
3600542052788,false,גרנייה בוטניקל חלב פנים ורדים 200 מל,קוסמופול,,בוטניקל חלב ורדים,Unknown,0.00,יחידה,false,,24.90,0.0000,true,1,193013
3600542097239,false,גרנייה - מסכת טישו פחם תה שחור,ביוטיקוס אינטרנשיונאל,,גרנייה טישו פחם תה,Unknown,0.00,יחידה,false,,14.90,0.0000,true,1,136097
3600542232036,false,גרניה סקין נט אלו גל אלוורה ללחות 50 מל,לוריאל,,גרנייה סקין נט אלו ג,Unknown,0.00,יחידה,false,,39.90,0.0000,true,1,136102
3600542309974,false,"גרנייה - דאודורנט רול און לאישה מגנזיום 50 מ""ל",סופרוקוס,,גרנייה מינרל רול און,Unknown,0.00,יחידה,false,,13.90,0.0000,true,1,170081
3600542310444,false,"גרנייה - דאודורנט ספריי לאישה מגנזיום 150 מ""ל",סופרוקוס,,גרנייה מינרל דאו ספר,Unknown,0.00,יחידה,false,,13.90,0.0000,true,1,170082
3600542365710,false,פיור ג`ל ניקוי עור הפנים,לוריאל ישראל קוסמטיקס בעמ,,"פיור ג""ל ניקוי 150 מ",מיליליטרים,150.00,"100 מ""ל",false,,34.90,23.2667,true,1,170101
3600542385091,false,"גרנייה - דאודורנט רול און לאישה אקשן קונטרול 72 שעות 50 מ""ל",לוריאל ישראל קוסמטיקס בעמ,,גרנייה דאו רול אקשן,Unknown,0.00,יחידה,false,,13.90,0.0000,true,1,171263
3600542385107,false,"גרנייה - דאודורנט רול און לאישה אינביזיבל BWC (ירוק) 50 מ""ל",לוריאל ישראל קוסמטיקס בעמ,,אינביזי לכל צבע פרש,Unknown,0.00,יחידה,false,,13.90,0.0000,true,1,170105
3600542385220,false,"גרנייה - דאודורנט רול און לאישה פרוטקשן 6 פלורל (סגול) 50 מ""ל",לוריאל ישראל קוסמטיקס בעמ,,גרנייה דאודורנט רול,Unknown,0.00,יחידה,false,,13.90,0.0000,true,1,170108
3600542385268,false,"גרנייה - דאודורנט רול און לאישה אינביזיבל BWC (ורוד) 50 מ""ל",לוריאל ישראל קוסמטיקס בעמ,,גרנייה מיניראל ביוטי,Unknown,0.00,יחידה,false,,13.90,0.0000,true,1,170109
3600542385275,false,"גרנייה - דאודורנט רול און לאישה פיור אקטיב 50 מ""ל",לוריאל ישראל קוסמטיקס בעמ,,גרנייה דאודורנט רול,Unknown,0.00,יחידה,false,,13.90,0.0000,true,1,170110
3600542385312,false,גרניה טישו מסק מסכת רימונים לעור יבש,לוריאל,,גרנייה טישו מסק תה י,Unknown,0.00,יחידה,false,,14.90,0.0000,true,1,170102
3600542385329,false,גרניה טישו מסק מסכת תה ירוק לעור רגיל,לוריאל,,גרנייה טישו מסק קמומ,Unknown,0.00,יחידה,false,,14.90,0.0000,true,1,170103
3600542397926,false,"גרנייה - דאודורנט ספריי לאישה פרוטקשן 6 כותנה (ורוד) 150 מ""ל",לוריאל ישראל קוסמטיקס בעמ,,גרנייה דאו ספרי פרו,Unknown,0.00,יחידה,false,,13.90,0.0000,true,1,171265
3600542421621,false,גרניה פרוקטיס מסכה לשיער בננה 390 מל,לוריאל ישראל קוסמטיקס בעמ,,פרוקטיס הירפוד מסכה,Unknown,0.00,יחידה,false,,39.90,0.0000,true,1,183357
3600542421720,false,גרנייה פרוקטיס היפורד מסכה פפאיה 390 גר,"אינטרביוטי קוסמטיק בע""\מ",,פרוקטיס הירפוד מסכה,Unknown,0.00,יחידה,false,,39.90,0.0000,true,1,183358
3600542431828,false,גרנייה - קולור נטורלס 1 שחור טבעי חדש,לוריאל ישראל קוסמטיקס בעמ,,קולור נטורלס 1 שחור,Unknown,0.00,יחידה,false,,19.90,0.0000,true,1,190507
3600542431835,false,גרנייה - קולור נטורלס 3 חום כהה מאוד חדש,לוריאל ישראל קוסמטיקס בעמ,,קולור נטורלס 3 חום כ,Unknown,0.00,יחידה,false,,19.90,0.0000,true,1,190508
3600542431842,false,גרנייה - קולור נטורלס 4 חום כהה טבעי חדש,לוריאל ישראל קוסמטיקס בעמ,,קולור נטורלס 4 חום כ,Unknown,0.00,יחידה,false,,19.90,0.0000,true,1,190509
3600542431859,false,גרנייה - קולור נטורלס 5 חום טבעי חדש,לוריאל ישראל קוסמטיקס בעמ,,קולור נטורלס 5 חום ט,Unknown,0.00,יחידה,false,,19.90,0.0000,true,1,190510
3600542431866,false,גרנייה קולור נטורלס צבע לשיער חום בהיר 6,לוריאל ישראל קוסמטיקס בעמ,,קולור נטורלס 6 חום ב,Unknown,0.00,יחידה,false,,19.90,0.0000,true,1,190511
3600542431873,false,גרנייה - קולור נטורלס 7 בלונד טבעי חדש,לוריאל ישראל קוסמטיקס בעמ,,קולור נטורלס 7 בלונד,Unknown,0.00,יחידה,false,,19.90,0.0000,true,1,190512
3600542431910,false,גרנייה - קולור נטורלס 2.1 שחור כחול חדש,לוריאל ישראל קוסמטיקס בעמ,,קולור נטורלס 2.1 שחו,Unknown,0.00,יחידה,false,,19.90,0.0000,true,1,190516
3600542431941,false,גרנייה - קולור נטורלס 5.3 חום זהוב חדש,לוריאל ישראל קוסמטיקס בעמ,,קולור נטורלס 5.3 חום,Unknown,0.00,יחידה,false,,19.90,0.0000,true,1,190519
3600542431972,false,צבע לשיער קולור נטורלס - 111 בלונד אולטרה בהיר אפור,לוריאל ישראל קוסמטיקס בעמ,,קולור נטורלס 111בלונ,Unknown,0.00,יחידה,false,,19.90,0.0000,true,1,190522
3600542432009,false,גרנייה - קולור נטורלס 4.5 חום שוקולד כהה חדש,לוריאל ישראל קוסמטיקס בעמ,,קולור נטורלס 4.5 חום,Unknown,0.00,יחידה,false,,19.90,0.0000,true,1,190525
3600542432016,false,צבע לשיער קולור נטורלס- 5.25 חום מהגוני פנינה בהיר,לוריאל ישראל קוסמטיקס בעמ,,קולור נטורלס 5.25 חו,Unknown,0.00,יחידה,false,,19.90,0.0000,true,1,190526
3600542432023,false,גרנייה - קולור נטורלס 2 שחור מעודן חדש,לוריאל ישראל קוסמטיקס בעמ,,קולור נטורלס 2שחור מ,Unknown,0.00,יחידה,false,,19.90,0.0000,true,1,190527
3600542432085,false,גרנייה - קולור נטורלס 4.12 חום קרח חדש,לוריאל ישראל קוסמטיקס בע,,קולור נטורלס 4.12 חו,Unknown,0.00,יחידה,false,,19.90,0.0000,true,1,190533
3600542432092,false,גרנייה - קולור נטורלס 5.12 חום שלג חדש,קוסמופול,,קולור נטורלס 5.12 חו,Unknown,0.00,יחידה,false,,19.90,0.0000,true,1,190534
3600542433266,false,גרנייה - סרום לפנים ויטמין C סקין אקטיב,לוריאל ישראל קוסמטיקס בעמ,,גרנייה סרום ויטמין ס,Unknown,0.00,יחידה,false,,59.90,0.0000,true,1,196829
3607340717635,false,אדידס גל רחצה לגבר אייס דייב 400 מל,דנשר (1963) בעמ,,אדידס אייס דייב ג'ל,Unknown,0.00,יחידה,false,,11.90,0.0000,true,1,137932
3607347320449,false,"אדידס - ג'ל רחצה ספורט אנרג'י 400 מ""ל",דנשר (1963) בעמ,,אדידס ספורט אנרגי ג',Unknown,0.00,יחידה,false,,11.90,0.0000,true,1,111233
3607347415343,false,אדידס רול קונטרול קול&קר,,,אדידס נשים רול און ק,Unknown,0.00,יחידה,false,,13.90,0.0000,true,1,137942
3608580730231,false,קונפיטורה בון ממאן תות שדה 370 גר',אף.סי תבליני בגליל ב,,בון מאמא קונפיטורה ת,גרמים,370.00,100 גרם,false,,19.90,5.3784,true,1,135595
3608580730286,false,קונפיטורה בון ממאן ארבע עונות 370 גר',אנדרוס,,בון מאמא קונפיטורה 4,גרמים,370.00,100 גרם,false,,19.90,5.3784,true,1,135598
3608580730323,false,קונפיטורה בטעם פטל 370 גר BONNE MAMAN,אנדורס,,בון מאמא קונפיטורה פ,גרמים,370.00,100 גרם,false,,19.90,5.3784,true,1,135599
3614221653715,false,"אדידס קליימקול ג'ל רחצה, 400 מ""ל","דנשר (1963) בע,מ",,אדידס קליימקול ג'ל ר,Unknown,0.00,יחידה,false,,11.90,0.0000,true,1,111234
3614222706885,false,אדידס בורן אוריגינל,,,אדידס בורן אוריגינל,Unknown,0.00,יחידה,false,,69.90,0.0000,true,1,170254
3614223736485,false,"אדידס דאודורנט ספריי לגבר אדיפיור 200מ""ל",דנשר (1963) בעמ,,אדידס דאו ספריי לגבר,מיליליטרים,200.00,"100 מ""ל",false,,17.90,8.9500,true,1,137950
3614225394577,false,צבע לשיער קולסטון קיט שורשים 7/1 בלונד טבעי אפרפר,וולה Wella,,קיט 1/7 קולסטון בלונ,Unknown,0.00,יחידה,false,,29.90,0.0000,true,1,176861
3661163970448,false,"אדידס דאודורנט ספריי מקס פרש לגברים 200 מ""ל",מיוצר עי קונדיטוריית,,אדידס דאודורנט ספריי,מיליליטרים,200.00,"100 מ""ל",false,,17.90,8.9500,true,1,137956
3661163990545,false,"אדידס דאודורנט ספריי לגברים אקשיין 200 מ""ל",מיוצר עי קונדיטוריית,,אדידס דאודורנט ספריי,מיליליטרים,200.00,"100 מ""ל",false,,17.90,8.9500,true,1,137958
3661163991146,false,"אדידס - דאודורנט ספריי לאישה קול אנד קר פרש 150 מ""ל",מיוצר עי קונדיטוריית,,אדידס דאו ספריי לאיש,מיליליטרים,200.00,"100 מ""ל",false,,17.90,8.9500,true,1,111237
3701334012482,false,"שטיח מטבח 45*60 ס""מ",,,"שטיח מטבח 45*60 ס""מ",Unknown,0.00,יחידה,false,,39.90,0.0000,true,1,191427
3800020403631,false,קיט קט וופל פריך עם קרם בוטנים (19%) בציפוי שוקולד חלב (61.8%),קבוצת אוסם סחר-שות.מוגבלת,,קיט קאט צ'אנקי חמאת,Unknown,0.00,יחידה,false,,4.50,0.0000,true,1,120864
3800020472576,false,קיט קאט צ`אנקי לוטוס 42 גרם,קבוצת אוסם סחר-שות.מוגבלת,,קיט קט צ'אנקי לוטוס,Unknown,0.00,יחידה,false,,4.50,0.0000,true,1,197395
3800020472712,false,חטיף קיט קאט צאנקי פופקורן 42 ג',קבוצת אוסם סחר שותפות מוגבלת,,קיט קט צ'אנקי פופקור,Unknown,0.00,יחידה,false,,4.50,0.0000,true,1,186761
3800034953597,false,בקבוק ריח פריסקו FR,,,בקבוק ריח פריסקו FR,Unknown,0.00,יחידה,false,,14.90,0.0000,true,1,130733
3800034954150,false,מארז 3 יחידות פריש דריי,,,שלישיות -DRY מארז 3,Unknown,0.00,יחידה,false,,10.00,0.0000,true,1,130734
3800034965811,false,מפיץ ריח באריזת בליסטר,Unknown,,"בקבוק 35 מ""ל באריזת",Unknown,0.00,יחידה,false,,16.90,0.0000,true,1,130742
3800034966139,false,בקבוק מקלות הום פרפי,,,בקבוק HOME PERFUME,מיליליטרים,150.00,"100 מ""ל",false,,39.90,26.6000,true,1,130744
3800034967181,false,מקלות בישום לרכב,Unknown,,"בושם 80 מ""ל - מקלו",Unknown,0.00,יחידה,false,,18.90,0.0000,true,1,189904
3800034977807,false,"בקבוק ריח מקלות 50 מ""ל אריון",,,"בקבוק מקלות 50 מ""ל",Unknown,0.00,יחידה,false,,12.90,0.0000,true,1,187064
3800034979030,false,"בקבוק ריח מקלות 50 מ""ל אריון",,,"בקבוק מקלות 50 מ""ל",Unknown,0.00,יחידה,false,,12.90,0.0000,true,1,187065
3800718504947,false,ספוג סקוטש שייני 10 יחיד,מ.א.ייצור ויבוא מטליות בעמ,,שייני ספוג סקוטש,Unknown,0.00,יחידה,false,,5.00,0.0000,true,1,144983
3838824127149,false,צבע לשיער פלטה - 1-1 שחור כחול,שוורצקופף והנקל,,פאלטה שחור כחול 1-1,Unknown,0.00,יחידה,false,,20.00,0.0000,true,1,125813
3838824127163,false,צבע לשיער פאלטה סמי קיט 1-10 בלונד כסוף,שוורצקופף והנקל,,פאלטה בלונד כסוף 10-,Unknown,0.00,יחידה,false,,20.00,0.0000,true,1,125814
3838824127200,false,צבע לשיער פאלטה סמי קיט 3-0 חום כהה,שוורצקופף והנקל,,פאלטה חום כהה 3-0 ס,Unknown,0.00,יחידה,false,,20.00,0.0000,true,1,125815
3838824127224,false,צבע לשיער פאלטה סמי קיט חום בינוני 4-0,שוורצקופף והנקל,,פאלטה חום בינוני 4-0,Unknown,0.00,יחידה,false,,20.00,0.0000,true,1,125816
3838824127248,false,פלטה סמי קיט חום בהיר 5-0 צבע שיער,שוורצקופף והנקל,,פאלטה חום בהיר 5-0,Unknown,0.00,יחידה,false,,20.00,0.0000,true,1,125817
3838824127262,false,פלטה סמי קיט בלונד כהה 6-0 צבע שיער,שוורצקופף והנקל,,פאלטה בלונד כהה 6-0,Unknown,0.00,יחידה,false,,20.00,0.0000,true,1,125818
3838824127286,false,צבע לשיער פלטה - 7-0 בלונד בינוני,שוורצקופף והנקל,,פאלטה בלונד בינוני 7,Unknown,0.00,יחידה,false,,20.00,0.0000,true,1,125819
3838824127361,false,צבע לשיער פאלטה סמי קיט ערמונים בינוני 5,שוורצקופף והנקל,,פאלטה ערמונים בינוני,Unknown,0.00,יחידה,false,,20.00,0.0000,true,1,125821
3838824128948,false,פאלטה - דלוקס שמני הזנה חום כהה 3-0,הנקל סוד בעמ,,פאלטה דלוקס שמני הזנ,Unknown,0.00,יחידה,false,,30.00,0.0000,true,1,125831
3838824193915,false,צבע לשיער פאלטה סמי קיט שחור 0-1,שוורצקופף והנקל,,פאלט שחור  1-0 סמי,Unknown,0.00,יחידה,false,,20.00,0.0000,true,1,125837
3838824193939,false,פאלטה - דלוקס שמני הזנה סגול אצילי 4-99,שוורצקוף Schwarzkopf,,פלטה קיט דלוקס שמני,Unknown,0.00,יחידה,false,,30.00,0.0000,true,1,125838
3838824240275,false,צבע לשיער פאלטה סמי קיט 6-65 נוגט,שוורצקופף והנקל,,פאלטה נוגט 6-65 סמי,Unknown,0.00,יחידה,false,,20.00,0.0000,true,1,125842
3838824380827,false,צבעי שיער בלונד כהה אפרפר 6-1 סמי קיט פאלטה,שוורצקופף והנקל,,צבע לשיער פאלטה סמי,Unknown,0.00,יחידה,false,,20.00,0.0000,true,1,184153
3838824380940,false,צבעי שיער בלונד בהיר אפרפר 8-1 סמי קיט פאלט,שוורצקופף והנקל,,צבע לשיער פאלטה סמי,Unknown,0.00,יחידה,false,,20.00,0.0000,true,1,184156
4000417019004,false,שוקולד חלב אגוזי לוז שלמים ריטר ספורט 100 גרם,ריטר ספורט Ritter sport,,שוקולד ריטר חלב אגוז,גרמים,100.00,100 גרם,false,,10.90,10.9000,true,1,120875
4000417023001,false,ריטר ספורט שוקולד חלב מעולה עם שקדים שלמים,ריטר ספורט Ritter sport,,ריטר ספורט שוק.חלב ו,גרמים,100.00,100 גרם,false,,10.90,10.9000,true,1,120877
4000417025005,false,שוקולד מריר במילוי מרציפן ריטר ספורט 100 גרם,ריטר ספורט Ritter sport,,ריטר ספורט שוק.מריר,גרמים,100.00,100 גרם,false,,9.10,9.1000,true,1,120879
4000417101211,false,גלילי וופל עם קרם אגוזי לוז בציפוי שוקולד חלב,ליימן שליסל בע`מ,,אמיצ'לי גלילי וופל ע,גרמים,150.00,100 גרם,false,,18.90,12.6000,true,1,189127
4000417224002,false,"ריטר ספורט טבלת שוקולד מריר אגוזים, 100 גרם",ריטר ספורט Ritter sport,,שוקולד ריטר ספורט מר,גרמים,100.00,100 גרם,false,,10.90,10.9000,true,1,120886
4000417294005,false,שוקולד ריטר מוס קקאו 100 גרם חלב נוכרי,ריטר ספורט Ritter sport,,ריטר שוקולד מוס קקאו,גרמים,100.00,100 גרם,false,,9.10,9.1000,true,1,120892
4000417708007,false,"שוקולד ריטר ספורט מריר שקד, 100 גרם",ריטר ספורט Ritter sport,,שוקולד ריטר מריר שקד,גרמים,100.00,100 גרם,false,,10.90,10.9000,true,1,173961
4000426490887,false,דרג'ה לוז מריר 500ג,,,דרג'ה לוז מריר 500ג,גרמים,500.00,100 גרם,false,,32.90,6.5800,true,1,127718
4000426490979,false,דרג'ה שקד קקאו 500גר,,,דרג'ה שקד קקאו 500גר,Unknown,0.00,יחידה,false,,34.90,0.0000,true,1,181769
4000504149324,false,גבינת רוגט גרמני 125 גרם,,,רוג'ט 125 גרם KASERE,גרמים,125.00,100 גרם,false,,24.90,19.9200,true,1,169282
4000522009747,false,"מקלות בייגלה תפו""א צ'יו 80 גרם",טרופיקל דגיל תעשיות,,בייגלה ציו מקלות 80,Unknown,0.00,יחידה,false,,3.90,0.0000,true,1,135603
4000539363108,false,שוקולד לינדור סטיקס 38 גרם,משה סידס ובנו בעמ,,לינדור סטיק 38 גרם,Unknown,0.00,יחידה,false,,6.90,0.0000,true,1,121513
4000869032569,false,"הפי מבשם ומטהר אויר ורוד מוצק יעקבי 150 מ""ל","יעקב יעקבי ובניו בע""מ",,הפי פרש מטהר אוויר,גרמים,150.00,100 גרם,false,,6.00,4.0000,true,1,120213
4001507161948,false,קווקר פתיתי שיבולת שועל דקה 500 גר,פורטין מולנברקה ג'ב,,קווקר פתיתי שיבולת ש,גרמים,500.00,100 גרם,false,,6.90,1.3800,true,1,145791
4001507161955,false,קווקר פתיתי שיבולת שועל עבה 500 גר,פורטין מולנברקה ג'ב,,קווקר פתיתי שיבולת ש,גרמים,500.00,100 גרם,false,,6.90,1.3800,true,1,145792
4001518003800,false,טורינוס מקלות פריכים עם פלפל ומלח 125 גרם,ר.ב. מוצרי דגנים בעמ,,טורינוס מקלות פריכים,גרמים,125.00,100 גרם,false,,15.90,12.7200,true,1,175850
4001518003817,false,מקלות פריכים עם גבינת גאודה 125 ג' טורינוס,גריסון,,טורינוס מקלות פריכים,גרמים,125.00,100 גרם,false,,15.90,12.7200,true,1,175851
4001518106112,false,טורינוס מקלות פריכים עם רוזמרין 125 גרם,ר.ב. מוצרי דגנים בעמ,,טורינוס מקלות פריכים,גרמים,125.00,100 גרם,false,,15.90,12.7200,true,1,175852
4002448017684,false,"סיליט באנג ספריי ניקוי כללי מסיר אבנית 750 מ""ל",רקיט בנקיזר (ניר איסט) בעמ,,סיליט באנג ספריי רב,מיליליטרים,750.00,"100 מ""ל",false,,13.90,1.8533,true,1,111182
4002448019480,false,"סיליט באנג מסיר שומנים רב שימושי 750 מ""ל",רקיט בנקיזר (ניר איסט) בעמ,,סיליט באנג ספריי מסי,מיליליטרים,750.00,"100 מ""ל",false,,13.90,1.8533,true,1,111183
4002575016253,false,מרציפן מצופה שוקולד זנטיס (100 גרם),הדקלאים אגודת שיתופי,,מרציפן 100 גר,גרמים,100.00,100 גרם,false,,9.10,9.1000,true,1,120903
4002590000022,false,סוכריות קלפני פירות יער אוכמניות 150 ג',ליימן שליסל בע`מ,,סוכריות קלפני פירות,גרמים,150.00,100 גרם,false,,10.10,6.7333,true,1,120904
4002590000039,false,סוכריות בטעם פירות הדר קלפני 150 גרם,ליימן שליסל בע`מ,,סוכריות קלפני הדרים,גרמים,150.00,100 גרם,false,,10.10,6.7333,true,1,120905
4002590000046,false,סוכריות בטעם מנטה מרענן קלפני 150 גרם,ליימן שליסל בע`מ,,סוכריות קלפני מרענן,גרמים,150.00,100 גרם,false,,10.10,6.7333,true,1,120906
4002590000619,false,סוכריות קלפני בטעם ק,ליימן שליסל בעמ,,סוכריות קלפני בטעם ק,גרמים,150.00,100 גרם,false,,10.10,6.7333,true,1,201032
4002590000626,false,סוכריות קלפני דובדבן,ליימן שליסל בעמ,,סוכריות קלפני בטעם ד,גרמים,150.00,100 גרם,false,,10.10,6.7333,true,1,201033
4002590000633,false,סוכריות קלפני פירות בפחית 150 גרם,ליימן שליסל בע`מ,,סוכריות קלפני פירות,גרמים,150.00,100 גרם,false,,10.10,6.7333,true,1,120907
4002720004371,false,קפה אספרסו קלוי וטחון 250 גרם BELLA CREMA,דנשר (1963) בעמ,,מליטה קפה אספרסו קלו,גרמים,250.00,100 גרם,false,,24.90,9.9600,true,1,137962
4004666042004,false,"מלרוד מרסס משמיד עובש יעקבי 500 מ""ל","יעקב יעקבי ובניו בע""מ",,מלרוד מחסל עובש+מרסס,Unknown,750.00,יחידה,false,,26.90,0.0359,true,1,120215
4004715020755,false,קישוטים לעוגה 3 צילינדרים בקופסא,היינץ צפון אמריקה מק,,פרינס אנד פרינסס קיש,Unknown,0.00,יחידה,false,,12.50,0.0000,true,1,120913
4005808128273,false,ג'ל רחצה לגבר אנרג'י עם תמציות מנטה בניחוח ממריץ,טרופיקל דגיל תעשיות,,ניוואה ג'ל רחצה לגבר,מיליליטרים,500.00,"100 מ""ל",false,,14.90,2.9800,true,1,154799
4005808128631,false,ניוואה ג`ל רחצה לגבר עם תמציות ליים 50,אלפא ב.ד.ף בעמ,,N SPORT SHOWER GEL B,מיליליטרים,500.00,"100 מ""ל",false,,14.90,2.9800,true,1,154800
4005808293469,false,"ניוואה - דאודורנט ספריי לגבר יבש 150 מ""ל",אלפא- ב.ד.ף בעמ,,ניוואה דאו ספרי יבש,מיליליטרים,150.00,"100 מ""ל",false,,13.90,9.2667,true,1,187222
4005808366392,false,שפתון ליובש כחול קלאסי לבלו 48 גרם,טרופיקל דגיל תעשיות,,לבלו שפתון כחול בליס,Unknown,0.00,יחידה,false,,9.90,0.0000,true,1,111692
4005808515554,false,ניוואה סופט קרם רב שימושי מרקם עדין 300מ,אלפא- ב.ד.ף בעמ,,ניוואה קרם רב שימושי,מיליליטרים,300.00,"100 מ""ל",false,,29.90,9.9667,true,1,197867
4005808668847,false,ניוואה קרם ניקוי לפנים לעור יבש/עדין 150,אלפא- ב.ד.ף בעמ,,ג'ל ניקוי לעור עדין,Unknown,0.00,יחידה,false,,16.90,0.0000,true,1,161998
4005808698103,false,ניוואה תחליב גוף סמוד לעור יבש 500 מל,בטר אנד דיפרנט,,ניוואה תחליב גוף SMO,מיליליטרים,500.00,"100 מ""ל",false,,27.90,5.5800,true,1,163890
4005808702107,false,ניוואה תחליב גוף לעור יבש מאד 500 מל,בטר אנד דיפרנט,,ניוואה תחליב גוף לעו,מיליליטרים,500.00,"100 מ""ל",false,,27.90,5.5800,true,1,163891
4005808702169,false,"ניוואה תחליב גוף לעור רגיל 500 מ""ל",אלפא ב.ד.ף בעמ,,ניוואה תחליב גוף לעו,מיליליטרים,500.00,"100 מ""ל",false,,27.90,5.5800,true,1,111157
4005808817405,false,"ג'ל גילוח לעור רגיש ניוואה 200 מ""ל",פרוטרופיק סיה.,,גיל גילוח ניוואה לעו,Unknown,200.00,יחידה,false,,19.90,0.0995,true,1,154820
4005808817726,false,ניוואה קרם גילוח לגבר100,אלפא ב.ד.ף בעמ,,ניוואה קרם גילוח 100,גרמים,100.00,100 גרם,false,,13.90,13.9000,true,1,154821
4005808828838,false,"ניוואה - דאודורנט ספריי לגבר קול קיק 150 מ""ל",אלפא ב.ד.ף בעמ,,ניוואה דאודורנט ספרי,מיליליטרים,150.00,"100 מ""ל",false,,13.90,9.2667,true,1,110902
4005808837359,false,"ניוואה - דאודורנט רול און לאישה פרל אנד ביוטי 50 מ""ל",אלפא- ב.ד.ף בעמ,,ניוואה דאודורנט רול-,Unknown,0.00,יחידה,false,,13.90,0.0000,true,1,131605
4005808890507,false,ניוואה קרם סופט רב שימושי 200 מל יבוא,פארמה דיל (פ.א.ב.) שיווק והפצה,,קרם ניוואה סופט 200,מיליליטרים,200.00,"100 מ""ל",false,,19.90,9.9500,true,1,154824
4005808890576,false,"קרם ידיים סופט ניוואה 75 מ""ל",אלפא ב.ד.ף בעמ,,קרם ידיים ניוואה,Unknown,100.00,יחידה,false,,15.00,0.1500,true,1,154825
4005900036445,false,"ניוואה - דאודורנט רול און לאישה בלק&וויט פיור 50 מ""ל",אלפא ב.ד.ף בעמ,,ניוואה דאודורנט רול,מיליליטרים,50.00,"100 מ""ל",false,,13.90,27.8000,true,1,154826
4005900036476,false,"ניוואה - דאודורנט רול און לאישה בלק אנד וויט קליר 50 מ""ל",טרופיקל דגיל תעשיות,,ניוואה DEEP דאודורנט,מיליליטרים,50.00,"100 מ""ל",false,,13.90,27.8000,true,1,131606
4005900036483,false,"ניוואה - דאודורנט ספריי לגבר שקוף בלק וווי 150 מ""ל",בטר אנד דיפרנט,,ניוואה דאודורנט ספרי,מיליליטרים,150.00,"100 מ""ל",false,,13.90,9.2667,true,1,154827
4005900036506,false,"ניוואה - דאודורנט רול און לגבר שקוף בלק 50 מ""ל",טרופיקל דגיל תעשיות,,ניוואה דאו.רולאון לג,מיליליטרים,50.00,"100 מ""ל",false,,13.90,27.8000,true,1,131607
4005900036568,false,ניוואה דאודורנט רולאון ספריי לאישה בלק אנד וויט 150 מ''ל,אלפא- ב.ד.ף בעמ,,ניוואה דאודורנט ספרי,מיליליטרים,150.00,"100 מ""ל",false,,13.90,9.2667,true,1,109455
4005900037909,false,"ניוואה - דאודורנט ספריי לאישה אינויזיבל פיור 150 מ""ל",אלפא ב.ד.ף בעמ,,ניוואה דאודורנט ספרי,מיליליטרים,150.00,"100 מ""ל",false,,13.90,9.2667,true,1,154828
4005900138842,false,"ניוואה - תחליב רחצה סמוט 750 מ""ל",אלפא ב.ד.ף בעמ,,ניוואה תחליב רחצה 75,Unknown,0.00,יחידה,false,,17.90,0.0000,true,1,183735
4005900274304,false,"ניוואה - דאודורנט ספריי לגבר פרש אושן 150 מ""ל",פרוטרופיק סיה.,,ניוואה דאודורנט ספרי,מיליליטרים,150.00,"100 מ""ל",false,,13.90,9.2667,true,1,154833
4005900420220,false,"גל רחצה ניוואה פיור אימפקט לגבר 500 מ""ל",אלפא ב.ד.ף בעמ,,ניוואה מן גל רחצה פי,מיליליטרים,500.00,"100 מ""ל",false,,14.90,2.9800,true,1,186115
4005900485243,false,"ניוואה - דאודורנט רול און לגבר דריי פרש 50 מ""ל",אלפא- ב.ד.ף בעמ,,ניוואה רול און דריי,מיליליטרים,50.00,"100 מ""ל",false,,13.90,27.8000,true,1,154835
4005900488459,false,"ניוואה - דאודורנט רול און לאישה דריי פרש 50 מ""ל",אלפא ב.ד.ף בעמ,,ניוואה רול און דריי,מיליליטרים,50.00,"100 מ""ל",false,,12.90,25.8000,true,1,154836
4005900513069,false,"ניוואה - דאודורנט רול און לגבר דיפ 50 מ""ל",אלפא- ב.ד.ף בעמ,,ניוואה דאודורנט רולא,Unknown,0.00,יחידה,false,,13.90,0.0000,true,1,131612
4005900521262,false,"ג'ל רחצה לגבר פיור אימפקט ניוואה 500 מ""ל",אלפא- ב.ד.ף בעמ,,ניוואה ג'ל רחצה DEEP,מיליליטרים,500.00,"100 מ""ל",false,,14.90,2.9800,true,1,154841
4005900542557,false,"ניוואה - דאודורנט רול און לאישה בלק אנד וויט 50 מ""ל",אלפא- ב.ד.ף בעמ,,ניוואה דאו' רולאון ל,Unknown,0.00,יחידה,false,,13.90,0.0000,true,1,178822
4005900555915,false,"ניוואה - תחליב רחצה קוקוס וחוחובה 750 מ""ל",אלפא- ב.ד.ף בעמ,,ניוואה תחליב רחיצה 7,Unknown,0.00,יחידה,false,,17.90,0.0000,true,1,171142
4005900639554,false,"ניוואה - דאודורנט רול און לאישה פרש נטורל לאישה ללא אלומיניום 50 מ""ל",ביירסדורף AG,,ניוואה דאודורנט רולא,מיליליטרים,50.00,"100 מ""ל",false,,13.90,27.8000,true,1,196765
4005900648181,false,"ניוואה - תחליב רחצה אלוורה 750 מ""ל",אלפא- ב.ד.ף בעמ,,ניוואה תחליב רחצה 75,Unknown,0.00,יחידה,false,,17.90,0.0000,true,1,183736
4005900730299,false,"ניוואה דאו רול און לאשה בלק אנד וויט אימפקט 50 מ""ל",אלפא ב.ד.ף בעמ,,ניוואה דאו.רולאון לא,מיליליטרים,50.00,"100 מ""ל",false,,13.90,27.8000,true,1,200199
4005900730336,false,"ניוואה דאו רול און לגבר בלק אנד וויט אימפקט 50 מ""ל",אלפא ב.ד.ף בעמ,,ניוואה דאו.רולאון לג,מיליליטרים,50.00,"100 מ""ל",false,,13.90,27.8000,true,1,200200
4005900816016,false,"ניוואה - דאודורנט ספריי לאישה פרש טבעי לאישה 150 מ""ל",טרופיקל דגיל תעשיות,,ניוואה דאודורנט ספרי,מיליליטרים,150.00,"100 מ""ל",false,,16.90,11.2667,true,1,196766
4005900816108,false,"דאודורנט רול און לגבר אפקט היובש ניוואה 50 מ""ל",טרופיקל דגיל תעשיות,,דאודורנט רול און לגב,מיליליטרים,50.00,"100 מ""ל",false,,13.90,27.8000,true,1,131614
4005900828088,false,"ניוואה - דאודורנט רול און לגבר פרש 50 מ""ל",טרופיקל דגיל תעשיות,,דאודורנט רולאון לגבר,מיליליטרים,50.00,"100 מ""ל",false,,13.90,27.8000,true,1,131616
4005900833723,false,"ניוואה - פאוור פרש ג'ל רחצה לגבר 500 מ""ל",אלפא- ב.ד.ף בעמ,,ניוואה ג'ל רחצה לגבר,מיליליטרים,500.00,"100 מ""ל",false,,14.90,2.9800,true,1,186131
4005900845702,false,"ניוואה - דאודורנט רול און לגבר קול קיק פרש 50 מ""ל",אלפא ב.ד.ף בעמ,,ניוואה מן דאודורנט ר,Unknown,0.00,יחידה,false,,13.90,0.0000,true,1,184809
4005900845733,false,"דאודורנט ספריי קול קיק פרש לגבר ניוואה מן 150 מ""ל",אלפא ב.ד.ף בעמ,,ניווה מן דאודורנט ספ,מיליליטרים,150.00,"100 מ""ל",false,,13.90,9.2667,true,1,184808
4005900874931,false,"דאודורנט ספריי דיפ ביט לגבר 150 מ""ל ניוויה",אלפא ב.ד.ף בעמ,,ניוואה מן דאודרנט ספ,מיליליטרים,150.00,"100 מ""ל",false,,13.90,9.2667,true,1,197027
4005900874962,false,"ניוואה - דאודורנט רול און לגבר דיפ בלק 50 מ""ל",אלפא- ב.ד.ף בעמ,,ניוואה מן דאודורנט ר,Unknown,0.00,יחידה,false,,13.90,0.0000,true,1,197028
4005900978950,false,לבלו - דובדבן שפתון לחות מטפח מהדורת נסיכות דיסני,אלפא- ב.ד.ף בעמ,,לבלו שפתון אדום בטעם,Unknown,0.00,יחידה,false,,9.90,0.0000,true,1,201117
4007745058804,false,נטורפוד מיונז אורגני 340 גרם,אף.סי תבליני בגליל ב,,נטורפוד מיונז אמיתי,Unknown,0.00,יחידה,false,,25.90,0.0000,true,1,153432
4007745058828,false,חרדל צרפתי גרגרים אורגני 200 גרם,נטורפוד בעמ,,נטורפוד חרדל גרגרים,Unknown,0.00,יחידה,false,,16.90,0.0000,true,1,153434
4008102002867,false,גרגירים להכנת תה לימון מילפורד 400 גרם,ליימן מותגים,,מילפורד תה גרגרים בט,גרמים,400.00,100 גרם,false,,14.60,3.6500,true,1,120914
4008400290423,false,עוגת ספוג במילוי חלבי מצופה שוקולד מריר ק'נדר פינגווי 120 ג',פררו טורקיה צ'\יקולטה וו,,קינדר פינגווי עוגת ס,Unknown,0.00,יחידה,false,,14.90,0.0000,true,1,181920
4008601242917,false,סנטה שוקולד פאזל 75,,,סנטה שוקולד פאזל 75,Unknown,0.00,יחידה,false,,6.90,0.0000,true,1,203804
4009134511273,false,פותחן יין (כנפיים) א,,,פותחן יין (כנפיים) א,Unknown,0.00,יחידה,false,,29.90,0.0000,true,1,152692
4009300524588,false,חליטת צמחים פומפדור פירות יער 20 יחידות,ש. שסטוביץ בע`מ,,פומפדור חליטת פירות,Unknown,20.00,יחידה,false,,16.20,0.8100,true,1,128040
4009300524625,false,תה צ'אי מסאלה פומפדור 20 יחידות,ש.שסטוביץ בעמ,,פומפדור צ'אי מסאלה 2,Unknown,0.00,יחידה,false,,14.90,0.0000,true,1,172686
4009300525684,false,חליטת צמחים פומפדור ג'ינג'ר ולימון 20 יחידות,ש. שסטוביץ בע`מ,,פומפדור חליטת לימון,Unknown,20.00,יחידה,false,,16.20,0.8100,true,1,128043
4009300527909,false,חליטת צמחים ג'ינג'ר כורכום ללא קפאין,ש. שסטוביץ בע`מ,,חליטת גינגר כורכום 4,Unknown,0.00,יחידה,false,,16.20,0.0000,true,1,128047
4009300528845,false,"פומפדור תה ירוק עם לימונית דבש 30 מ""ל",ש.שסטוביץ בעמ,,פומפדור תה ירוק לימו,Unknown,0.00,יחידה,false,,19.20,0.0000,true,1,128050
4009300529538,false,תה חליטת פומפדור פירות לימון 20 יח,ש.שסטוביץ בעמ,,פומפדור חליטת פירות,גרמים,45.00,גרם,false,,19.90,0.4422,true,1,197291
4009300529552,false,תה חליטת פומפדור פירות אפרסק 20 יח,ש.שסטוביץ בעמ,,פומפדור חליטת פירות,גרמים,45.00,גרם,false,,19.90,0.4422,true,1,197292
4009300529613,false,"חליטת צמחים אורגנית עם קמומיל, מליסה ויערת דבש","איטיליאן פוד, אס.פי.",,פומפדור קאלם אנד ריל,Unknown,0.00,יחידה,false,,19.90,0.0000,true,1,175074
4009300529651,false,"חליטת צמחים אורגניצת עם ג'ינג'ר, לימון וכורכום",ש.שסטוביץ בעמ,,פומפדור ג'ינג'ר לימו,Unknown,0.00,יחידה,false,,19.90,0.0000,true,1,175075
4009300595120,false,חליטת צמחים פומפדור ג'ינג'ר מנגו 20 יחידות,ש.שסטוביץ בעמ,,חליטת צמחים בטעם ג'י,Unknown,0.00,יחידה,false,,16.20,0.0000,true,1,163039
4009309022399,false,כרוב כבוש אורגני 670 גרם,נטורפוד בעמ,,נטורפוד כרוב כבוש או,Unknown,0.00,יחידה,false,,17.90,0.0000,true,1,153435
4009309114346,false,מלפפונים אורגניים בחומץ ללא סוכר – נטורפוד,נטורפוד,,נטורפוד מלפפונים אור,Unknown,0.00,יחידה,false,,25.90,0.0000,true,1,153436
4009309114407,false,נטורפוד מלפפון כבוש אורגני 670 גרם,נטורפוד בעמ,,נטורפוד מלפפונים אור,Unknown,0.00,יחידה,false,,25.90,0.0000,true,1,153437
4009900013581,false,מסטיק אורביט ספרמינט סטיקס משפחתי-חמישיות,"מרס ריגלי ישראל בע""מ",,אורביט סטיקס ספירמינ,Unknown,0.00,יחידה,false,,9.90,0.0000,true,1,148886
4009900379564,false,מסטיק טייפ בטעם פירות הובה בובה (56 גרם),מרס ריגלי קונפקשונרי,,הובה בובה פירות טייפ,Unknown,0.00,יחידה,false,,6.60,0.0000,true,1,148887
4009900385824,false,מסטיק אורביט פפרמינט סטיקס משפחתי-חמישיות,"מרס ריגלי ישראל בע""מ",,אורביט סטיקס פפרמינט,Unknown,0.00,יחידה,false,,9.90,0.0000,true,1,148888
4009900402965,false,אורביט וויט בטעם פירות בקבוקון 46מלבניות,"מרס ריגלי ישראל בע""מ",,אורביט וויט פירות בק,Unknown,0.00,יחידה,false,,10.90,0.0000,true,1,148890
4009900403023,false,אורביט וויט בטעם מנטה בקבוקון 46 מלבניות,"מרס ריגלי ישראל בע""מ",,אורביט וויט מנטה בקב,Unknown,0.00,יחידה,false,,10.90,0.0000,true,1,148891
4009900406918,false,מסטיק הובה בובה טייפ טריפל מיקס 56ג',מרס ריגלי קונפקשונרי,,הובה בובה טריפל מיקס,Unknown,0.00,יחידה,false,,6.60,0.0000,true,1,148892
4009900420129,false,מסטיק אורביט פרופשנל פפרמינט בקבוקון 64 גר',"מרס ריגלי ישראל בע""מ",,אורביט פרופשיונל פפר,Unknown,0.00,יחידה,false,,10.90,0.0000,true,1,148895
4009900426039,false,מסטיק מנטה אקליפטוס בקבוקון איירווייבס 64 גרם,"מרס ריגלי ישראל בע""מ",,בקבוקון איירוויבז מנ,Unknown,0.00,יחידה,false,,10.90,0.0000,true,1,148897
4009900426121,false,מסטיק אורביט איירוויז בקבוקון אוכמניות 64ג',"מרס ריגלי ישראל בע""מ",,בקבוקון איירוויבז או,Unknown,0.00,יחידה,false,,10.90,0.0000,true,1,148898
4009900455299,false,"סוכרית ג'לי אדומה 174 גרם ""סקיטלס""","מרס ריגלי ישראל בע""מ",,סקיטלס פירות 174 גרם,גרמים,174.00,100 גרם,false,,8.90,5.1149,true,1,148899
4009900465304,false,סוכריות סקיטלס פירות חמוצים 174 גרם,"מרס ריגלי ישראל בע""מ",,סקיטלס פירות חמוצים,גרמים,174.00,100 גרם,false,,8.10,4.6552,true,1,148903
4009900479998,false,אורביט וויט אוכמניות בקבוקון 46 מלבניות,"מרס ריגלי ישראל בע""מ",,אורביט מסטיק בקבוקון,Unknown,0.00,יחידה,false,,10.90,0.0000,true,1,148904
4009900482417,false,מסטיק אורביט פירות מנטה בקבוקון באבל מינט 45יח,"מרס ריגלי ישראל בע""מ",,אורביט באבל מינט בקב,Unknown,0.00,יחידה,false,,10.90,0.0000,true,1,148906
4009900483803,false,מסטיק איירובס מנטה אקליפטוס בקבוקון 60יח',"מרס ריגלי ישראל בע""מ",,אירוובס בקבוק מנטה א,Unknown,0.00,יחידה,false,,13.00,0.0000,true,1,148907
4009900484060,false,מסטיק אורביט פרופשיונל בטעם מנטה ללא סוכר,"מרס ריגלי ישראל בע""מ",,אורביט פרופשיונל מנט,Unknown,60.00,יחידה,false,,12.90,0.2150,true,1,148909
4009900484091,false,מסטיק אורביט פרופשיונל בטעם מנטה ללא סוכר,"מרס ריגלי ישראל בע""מ",,אורביט פרופשיונל ספי,Unknown,0.00,יחידה,false,,12.90,0.0000,true,1,148910
4009900484305,false,מסטיק אורביט פרופשיונל סוויטמינט ביגי לבן 60יח',"מרס ריגלי ישראל בע""מ",,אורביט בקבוק חיסכון,Unknown,60.00,יחידה,false,,12.90,0.2150,true,1,148911
4009900487283,false,מסטיק אורביט סטיקס מארז חמישייה ללס בטע,"מרס ריגלי ישראל בע""מ",,אורביט סטיקס טעם פיר,Unknown,0.00,יחידה,false,,9.90,0.0000,true,1,148914
4009900491044,false,מסטיק אירוויבז בטעם מנטה אוכמניות ללס,מרס ריגלי ישראל בעמ,,אירוובס בקבוק אוכמני,Unknown,0.00,יחידה,false,,13.00,0.0000,true,1,148916
4009900496247,false,"מסטיק אורביט לל""ס מלבניות בקבוק בבלימנט 60 יח","מרס ריגלי ישראל בע""מ",,מסטיק אורביט בקבוק ב,Unknown,0.00,יחידה,false,,12.90,0.0000,true,1,148917
4009900500166,false,סוכריות פירות אדום סקיטלס בקבוקון 125ג',"מרס ריגלי ישראל בע""מ",,סקיטלס פירות בקבוק,Unknown,0.00,יחידה,false,,8.90,0.0000,true,1,148918
4009900509770,false,מסטיק אורביט בטעם תות ללס אריזה מוגדלת,מרס ריגלי ישראל בעמ,,אורביט בקבוק חיסכון,Unknown,60.00,יחידה,false,,12.90,0.2150,true,1,148922
4009900521581,false,סוכריות אורביט מינטס מנטה בבקבוקון 77 גר,"מרס ריגלי ישראל בע""מ",,אורביט מינטס דובדבן,Unknown,0.00,יחידה,false,,9.90,0.0000,true,1,148930
4009900521611,false,סוכריות אורביט מינטס דובדבן מנטה בבקבוקון,מרס ריגלי ישראל בעמ,,אורביט מינטס מנטה בב,Unknown,0.00,יחידה,false,,9.90,0.0000,true,1,148931
4009900531122,false,"מסטיק בטעם מנטה ספירמינט, 64 ג' פרופשיונל אורפיט","מרס ריגלי ישראל בע""מ",,אורביט פרופשיונל ספי,Unknown,0.00,יחידה,false,,10.90,0.0000,true,1,148935
4009900531573,false,סוכריות סקיטלס סמודיס בטעמי יוגורט ופירות,"מרס ריגלי ישראל בע""מ",,סקיטלס סמודיס 174 גר,גרמים,174.00,100 גרם,false,,8.90,5.1149,true,1,148936
4009900532327,false,סוכריות סקיטלס סמודיס בטעמי יוגורט ופירות,"מרס ריגלי ישראל בע""מ",,סקיטלס סמודיס 38ג,Unknown,0.00,יחידה,false,,3.00,0.0000,true,1,148937
4009900534918,false,סקיטלס גאיינט פירות 141 גרם,מרס ריגלי ישראל בעמ,,סקיטלס ג'יינט פירות,גרמים,141.00,100 גרם,false,,8.90,6.3121,true,1,185377
4009900535519,false,מסטיק אורביט רפרשרס ספירמינט ללא סוכר 15.6גר',"מרס ריגלי ישראל בע""מ",,מסטיק אורביט רפרשרס,Unknown,0.00,יחידה,false,,3.90,0.0000,true,1,178985
4009900535540,false,מסטיק אורביט רפרשרס פפרמינט ללא סוכר 15.6גר',"מרס ריגלי ישראל בע""מ",,מסטיק אורביט רפרשרס,Unknown,0.00,יחידה,false,,3.90,0.0000,true,1,178986
4009900535823,false,מסטיק אורביט רפרשרס באבלמינט ללא סוכר 15.6גר',"מרס ריגלי ישראל בע""מ",,מסטיק אורביט רפרשרס,Unknown,0.00,יחידה,false,,3.90,0.0000,true,1,178987
4009900536257,false,מסטיק אורביט רפרשרס ספירמינט בקבוקון ללא סוכר 67 גר',מרס ריגלי קונפקשונרי,,מסטיק אורביט רפרשרס,Unknown,0.00,יחידה,false,,11.90,0.0000,true,1,178988
4009900536288,false,מסטיק אורביט רפרשרס פפרמינט בקבוקון ללא סוכר 67 גר',מרס ריגלי קונפקשונרי,,מסטיק אורביט רפרשרס,Unknown,0.00,יחידה,false,,11.90,0.0000,true,1,178989
4009900536486,false,מסטיק אורביט רפרשרס באבלמינט בקבוקון ללא סוכר 67 גר',מרס ריגלי קונפקשונרי,,מסטיק אורביט רפרשרס,Unknown,0.00,יחידה,false,,11.90,0.0000,true,1,178990
4009900539340,false,סוכריות ג`יינט פירות סקיטלס סאוור (141 ג,מרס ריגלי קונפקשונרי,,סקיטלס ג'יינט סאוור,גרמים,141.00,100 גרם,false,,8.90,6.3121,true,1,187952
4009900539401,false,מסטייק אורבייט פייב באונוס מנטה HP,מרס ריגלי ישראל בעמ,,מסטיק פייב באונס בטע,Unknown,0.00,יחידה,false,,3.90,0.0000,true,1,198621
4009900539685,false,"מסטיק פייב באונס בטעם מנטה בקבוקון, 61.8 גרם","מרס ריגלי ישראל בע""מ",,מסטיק פייב באונס בטע,Unknown,0.00,יחידה,false,,11.90,0.0000,true,1,198620
4009900539746,false,"מסטיק פייב באונס בטעם אבטיח בקבוקון, 61.8 גרם","מרס ריגלי ישראל בע""מ",,מסטיק פייב באונס בטע,Unknown,0.00,יחידה,false,,11.90,0.0000,true,1,198623
4009900540551,false,מסטיק אורביט רפרשרס טרופיקל בקבוקון ללא סוכר,מרס ריגלי ישראל בעמ,,מסטיק אורביט ריפרשרס,Unknown,0.00,יחידה,false,,11.90,0.0000,true,1,198618
4011100001220,false,מרס חטיף שוקולד עם קרמל מארז 403 גרם,לינדט ושפרונגלי קילשברג,,מרס מיני 403 גרם,גרמים,403.00,100 גרם,false,,22.90,5.6824,true,1,148938
4011100002227,false,באונטי חטיף שוקולד קוקוס מארז 403 גרם,לינדט ושפרונגלי קילשברג,,באונטי מיני 403 גרם,גרמים,403.00,100 גרם,false,,22.90,5.6824,true,1,148939
4011800290030,false,חטיף חלבון עם שוקולד חלב ללא תוספת סוכר,מ.סידס ובנו בעמ,,קורני חלבון שוקו 50,Unknown,0.00,יחידה,false,,9.90,0.0000,true,1,197426
4011800290054,false,חטיף חלבון עם קוקוס ושוקולד חלב ללא תוספת סוכר,משה סידס ובנו בעמ,,קורני חלבון קוקוס 50,Unknown,0.00,יחידה,false,,9.90,0.0000,true,1,197427
4011800290078,false,חטיף חלבון עוגיות ללא תוספת סוכר,מ.סידס ובנו בעמ,CZ,קורני חלבון עוגיות 5,Unknown,0.00,יחידה,false,,9.90,0.0000,true,1,202443
4011800290092,false,חטיף חלבון וניל ללא תוספת סוכר,מ.סידס ובנו בעמ,CZ,קורני חלבון וניל 50,Unknown,0.00,יחידה,false,,9.90,0.0000,true,1,202442
4011800528416,false,קורני חטיף דגנים עם בוטנים מתוק-מלוח*6,משה סידס ובנו בעמ,,קורני בייס סויט & סו,Unknown,6.00,יחידה,false,,12.90,2.1500,true,1,121518
4011800567613,false,מאגדת קורני מילק דרק & ואיט 120 גרם,מיוצר עי קונדיטוריית,,קורני סנדוויץ שחור ו,Unknown,4.00,יחידה,false,,15.10,3.7750,true,1,121521
4011800568610,false,מארז רביעיית קורני בטעם קלאסי,שוורטאוור וורקה,,קורני חטיף סנדביץ במ,Unknown,4.00,יחידה,false,,15.10,3.7750,true,1,121522
4011800577810,false,מארז חטיפי קורני פרי נוגט 120 גרם,משה סידס ובנו בעמ,,קורני פרי (6) נוג,Unknown,6.00,יחידה,false,,12.90,2.1500,true,1,187842
4011800588205,false,קורני אנרג'י קפה 100,,,קורני אנרג'י קפה 100,Unknown,0.00,יחידה,false,,17.90,0.0000,true,1,169864
4011800617615,false,קורני ביג שוקולד 50 גר`,משה סידס ובנו בעמ,,קורני ביג שוקו,Unknown,0.00,יחידה,false,,3.90,0.0000,true,1,121523
4011800617813,false,"""קורני"" ביג בראוניס 50 גרם",משה סידס ובנו בעמ,,קורני ביג בראוניס,Unknown,0.00,יחידה,false,,3.90,0.0000,true,1,121525
4011800628512,false,חטיף קורני שוקולד חלב 6 יח 150 גר,מיוצר עי קונדיטוריית,,קורני חטיף דגנים עם,Unknown,6.00,יחידה,false,,12.90,2.1500,true,1,121531
4011800629519,false,"מארז חטיפי דגנים אגוזים ""קורני""",משה סידס ובנו בעמ,,קורני חטיף דגנים עם,Unknown,6.00,יחידה,false,,12.90,2.1500,true,1,121532
4011800630515,false,חטיף קורני שוקולד חלב ובננה 6 יח 150 גר,מיוצר עי קונדיטוריית,,קורני חטיף דגנים עם,Unknown,6.00,יחידה,false,,12.90,2.1500,true,1,121533
4011800633516,false,קורני שוקולד מריר מעולה 58% קקאו 6*1,משה סידס ובנו בעמ,,קורני חטיף דגנים עם,Unknown,6.00,יחידה,false,,12.90,2.1500,true,1,121535
4011800635510,false,חטיף קורני Corny Free עם אגוזי לוז ללא תוספת סוכר,משה סידס ובנו בעמ,,קורני פרי עם אגוזים,Unknown,6.00,יחידה,false,,12.90,2.1500,true,1,121536
4011800636517,false,קורני פרי שוקולד חלב מעולה ללא סוכר 6*1,מיוצר עי קונדיטוריית,,קורני פרי חטיף דגנים,Unknown,6.00,יחידה,false,,12.90,2.1500,true,1,121537
4011800637514,false,חטיף קורני Corny Free עם שוקולד לבן ללא תוספת סוכר,מ.סידס ובנו בעמ,,קורני פרי חטיף דגנים,Unknown,6.00,יחידה,false,,12.90,2.1500,true,1,121538
4012436235372,false,לבן מטחנה חשמלית Ros,,,לבן מטחנה חשמלית Ros,Unknown,0.00,יחידה,false,,39.90,0.0000,true,1,199241
4013197767010,false,קבנדיש סוכריות בפחית בטעם פירות,שוקוטרייד בעמ,,סוכריות בטעם פירות פ,גרמים,200.00,100 גרם,false,,10.90,5.4500,true,1,128626
4013197767027,false,קוונדיש סוכריות בפחית דובדבן,שוקוטרייד בעמ,,סוכריות דובדבן 200 ג,גרמים,200.00,100 גרם,false,,10.90,5.4500,true,1,128627
4013197767034,false,קוונדיש סוכריות בפחית לימון,שוקוטרייד בעמ,,סוכריות בטעם לימון ב,גרמים,200.00,100 גרם,false,,10.90,5.4500,true,1,128628
4013197767119,false,קוונדיש סוכריות בפחית מנטה קליר,שוקוטרייד בעמ,,סוכריות בטעם מנטה קל,גרמים,200.00,100 גרם,false,,10.90,5.4500,true,1,128630
4013900500804,false,סנטה כחול במילוי עדש,,,סנטה כחול במילוי עדש,Unknown,0.00,יחידה,false,,8.90,0.0000,true,1,167588
4013900974988,false,שקית סנטה קריסמס רגל,,,שקית סנטה קריסמס רגל,גרמים,400.00,100 גרם,false,,22.90,5.7250,true,1,203803
4013900975640,false,סנטה רגליין 40 גרם,,,סנטה רגליין 40 גרם,Unknown,0.00,יחידה,false,,3.90,0.0000,true,1,187847
4013900975879,false,סנטה קלאוס 100 גרם ש,,,סנטה קלאוס 100 גרם ש,גרמים,100.00,100 גרם,false,,7.90,7.9000,true,1,168241
4013900975893,false,סנטה קלאוס 150 גר שק,,,סנטה קלאוס 150 גר שק,Unknown,0.00,יחידה,false,,8.90,0.0000,true,1,203802
4014400900217,false,בונבונריית מרסי מבחר ממתקי שוקולד 400 גרם,קריניציה ויטמינה אס,,בונבונירה מרסי 400 ג,גרמים,400.00,100 גרם,false,,49.90,12.4750,true,1,120917
4014400901191,false,בונבונריית מרסי מבחר ממתקי שוקולד 250 גרם,ליימן שליסל בע`מ,,בונבונירה מרסי 250 ג,גרמים,250.00,100 גרם,false,,24.90,9.9600,true,1,120919
4014400903409,false,בונבוניירה שוקולד אגוזים טופיפי 250 גרם,קריניציה ויטמינה אס,,טופיפי בונבוניירה 25,גרמים,250.00,100 גרם,false,,24.90,9.9600,true,1,172627
4014400904277,false,סוכריות בטעם מנטה אייס פרש סטורק 425 גרם,ליימן שליסל בע`מ,,סוכריות אייס פרש 425,גרמים,425.00,100 גרם,false,,14.90,3.5059,true,1,120923
4014400904307,false,סוכריות בטעם פירות קליפורניה סטורק 425 גרם,קריניציה ויטמינה אס,,סוכריות קליפרניה 425,גרמים,425.00,100 גרם,false,,14.90,3.5059,true,1,120924
4014400904376,false,סוכריות טופי בטעם שוקולד סטורק 325 גרם,קריניציה ויטמינה אס,,סוכריות שוקולדן 325ג,גרמים,325.00,100 גרם,false,,14.90,4.5846,true,1,120926
4014400904390,false,סוכריות טופי ממולא חלב סטורק 325 גרם,קריניציה ויטמינה אס,,סוכריות וולמליש 325ג,גרמים,325.00,100 גרם,false,,14.90,4.5846,true,1,120927
4014400907902,false,"וורטרס אורגינל סוכריות חמאה ללא סוכר בקופסה
42 גרם",ליימן שליסל בע`מ,,וורטר ללא סוכר בקופס,Unknown,0.00,יחידה,false,,5.90,0.0000,true,1,120928
4014400913910,false,וורטרס אורגינל סוכריות חמאה ממולאות קרם קרמל בשקית,ליימן שליסל בע`מ,,סוכריות וורטר במילוי,גרמים,125.00,100 גרם,false,,8.90,7.1200,true,1,120933
4014400914696,false,וורטרס אורגינל סוכריות ללא סוכר 80 גרם,ליימן שליסל בע`מ,,וורטר אורגינל סוכריו,Unknown,0.00,יחידה,false,,8.10,0.0000,true,1,120938
4014400914924,false,"סוכריות בטעם קפה וורטר אורגינל לל""ס 80 גרם",קריניציה ויטמינה אס,,וורטר אוריגינל סוכרי,Unknown,0.00,יחידה,false,,8.10,0.0000,true,1,120939
4014400920857,false,וורטר אורגינל ללא סוכר בטעם שוקולד-שקית 70 גרם,קריניציה ויטמינה אס,,וורטרס ללא סוכר טעם,Unknown,0.00,יחידה,false,,8.10,0.0000,true,1,120942
4014400923711,false,בונבוניירה שוקולד אגוזים טופיפי 125 גרם,ליימן שליסל בע`מ,,"טופיפי 125 גרם כשל""פ",גרמים,125.00,100 גרם,false,,12.90,10.3200,true,1,120943
4014400925319,false,וורטרס אורגינל פופקורן קרמל 140 גרם,ליימן שליסל בע`מ,,וורטר פופקורן קרמל 1,גרמים,140.00,100 גרם,false,,14.90,10.6429,true,1,182501
4014400929010,false,וופל מיני קנופרס 200 גר 10 גר*20 יחידות,ליימן שליסל בע`מ,,וופל מיני קנופרס 200,גרמים,200.00,100 גרם,false,,15.90,7.9500,true,1,196041
4014400931327,false,ורטרס אורגינל פופקורן עם קרמל זרעי דלעת 1/12,ליימן שליסל בע`מ,,וורטרס אורגינל פופקו,גרמים,140.00,100 גרם,false,,14.90,10.6429,true,1,196046
4014522180108,false,בודטה-סוכריות אורגני צמחים בטעם ג'ינגר 75ג,,,בודטה-סוכריות אורגני,Unknown,0.00,יחידה,false,,9.90,0.0000,true,1,156270
4015000031394,false,"ספטיל - משחה להסרת כתמים 200 מ""ל",גורי שיווק בעמ,,"סיל ספטיל 200 מ""ל",מיליליטרים,200.00,"100 מ""ל",false,,13.90,6.9500,true,1,153718
4015000615884,false,"פה - דאודורנט ספריי לאישה קריביין לימון 200 מ""ל",שוורצקופף והנקל,,פה דאודורנט קריביין,מיליליטרים,200.00,"100 מ""ל",false,,11.90,5.9500,true,1,125854
4015000615891,false,"פה - דאודורנט ספריי לאישה אקווה 200 מ""ל",שוורצקופף והנקל,,פה דאודורנט אקווה ספ,מיליליטרים,200.00,"100 מ""ל",false,,11.90,5.9500,true,1,125855
4015000940955,false,שמפו גליס Gliss שיקום נזק קיצוני אולטימט ריפייר,שוורצקופף והנקל,,גליס שמפו אולטימט רי,מיליליטרים,400.00,"100 מ""ל",false,,15.90,3.9750,true,1,125859
4015000976268,false,שמפו גליס Gliss למראה שיער מבריק Million Gloss,"הובי קוסמטיק, חברת ייצור",,גליס שמפו מיליון גלו,מיליליטרים,400.00,"100 מ""ל",false,,15.90,3.9750,true,1,125860
4015000995122,false,"דאודורנט פה ספריי כח המשיכה 200 מ""ל",שוורצקופף והנקל,,פה דאודורנט ספריי 20,מיליליטרים,200.00,"100 מ""ל",false,,11.90,5.9500,true,1,125862
4015000996204,false,"גליס שמפו אולטימט שמן אלקסייר 400 מ""ל",שוורצקופף והנקל,,גליס שמפו אלקסיר 400,מיליליטרים,400.00,"100 מ""ל",false,,15.90,3.9750,true,1,125863
4015000996273,false,"גליס מרכך אולטימטיב שמן אלקסייר 400 מ""ל","הובי קוסמטיק, חברת ייצור",,גליס קונדישינר אלקסי,מיליליטרים,400.00,"100 מ""ל",false,,15.90,3.9750,true,1,125864
4015000997430,false,פה דאודורנט ספריי אינויזיבל פאוור 200 מל,שוורצקופף והנקל,,פה דאודורנט בלתי נרא,מיליליטרים,200.00,"100 מ""ל",false,,11.90,5.9500,true,1,125865
4015100190793,false,גליס מסכה לשיער יבש ופגום במיוחד Ultimate Repair,שוורצקופף והנקל,,גליס מסיכה לשיקום או,מיליליטרים,300.00,"100 מ""ל",false,,24.90,8.3000,true,1,125879
4015100325294,false,פלטה דלוקס קיט 4-65 חום מהפנט,שוורצקופף & הנקל דיסלדור,,פאלטה דלוקס קיט 65-,Unknown,0.00,יחידה,false,,30.00,0.0000,true,1,161629
4015100325355,false,פלטה דלוקס קיט 4-0 חום בינוני עדין,שוורצקופף & הנקל דיסלדור,,פאלטה דלוקס קיט 0- 4,Unknown,0.00,יחידה,false,,30.00,0.0000,true,1,161631
4015400564034,false,מגן תחתון אולוויז מגה פק לונג פלוס 58 יחידות,דיפלומט מפיצים (1986) בע`מ,,אולוויז מגן תחתון לו,Unknown,58.00,יחידה,false,,19.90,0.3431,true,1,116542
4015400564454,false,מגני תחתון אולוויז לארג' עם ניחוח מגה פק,דיפלומט מפיצים (1986) בע`מ,,מגן תחתון אולוויז מג,Unknown,68.00,יחידה,false,,19.90,0.2926,true,1,116543
4015400759201,false,אולוויז תחבושות אולטרא לונג+ 16 יח',,,אולוויז אולטרה לונג,,1.00,יח',false,,12.90,12.9000,true,1,187651
4015400759232,false,אולוויז אולטרה לילה,,,אולוויז אולטרה לילה,,1.00,יח',false,,12.90,12.9000,true,1,187652
4015600762742,false,שמפו יומיומי למניעת קשקשים הנוסחה הקלאסית,דיפלומט מפיצים (1986) בע`מ,,הד אנד שולדרס שמפו 5,מיליליטרים,500.00,"100 מ""ל",false,,19.90,3.9800,true,1,116569
4015600762780,false,שמפו וקונדישינר יומיומי למניעת קשקשים הנוסחה הקלאסית 2in1,דיפלומט מפיצים (1986) בע`מ,,הד אנד שולדרס שמפו 2,מיליליטרים,500.00,"100 מ""ל",false,,19.90,3.9800,true,1,116570
4015600762902,false,"שמפו האד אנד שולדרס מנטול 500 מ""ל",דיפלומט מפיצים (1986) בע`מ,,הד אנד שולדרס שמפו מ,מיליליטרים,500.00,"100 מ""ל",false,,19.90,3.9800,true,1,116571
4015600762940,false,שמפו יומיומי למניעת קשקשים בניחוח תפוח,דיפלומט מפיצים (1986) בע`מ,,הד אנד שמפו שולדרס ת,מיליליטרים,500.00,"100 מ""ל",false,,19.90,3.9800,true,1,116572
4015600763022,false,שמפו יומיומי למניעת קשקשים לשיער יבש/פגום לשיער רך כמשי,דיפלומט מפיצים (1986) בע`מ,,הד אנד שולדרס שמפו ל,מיליליטרים,500.00,"100 מ""ל",false,,19.90,3.9800,true,1,116573
4015600766900,false,"שמפו ומרכ ך נגד קשקשים 500 מ""ל הד אנד שולדרס",דיפלומט מפיצים (1986) בע`מ,,הד אנד שולדרס שמפו,מיליליטרים,500.00,"100 מ""ל",false,,19.90,3.9800,true,1,116575
4015600810849,false,גילט דאו קליר גל 70 מל פאוור ראש,פרוקטר אנד גמבל,,דאודורנט קליר ג'ל פא,מיליליטרים,70.00,"100 מ""ל",false,,16.90,24.1429,true,1,116581
4017100198151,false,בלזן היט ביסקוויט עם מלית קרם בטעם וניל (41%) 220 גרם,הדקלאים אגודת שיתופי,,היט עוגיות סנדביץ בט,גרמים,220.00,100 גרם,false,,7.90,3.5909,true,1,120950
4017100219900,false,בלזן וופלטן וופל מגולגל מצופה שוקולד חלב 100 גרם,הדקלאים אגודת שיתופי,,בלזן גלילי וופל חלב,גרמים,100.00,100 גרם,false,,10.90,10.9000,true,1,120958
4017100290008,false,בלזן בסקויט חמאה מצופה שוקולד חלב 125 גרם,הדקלאים אגודת שיתופי,,לייבניז עוגיות שוק.ח,גרמים,125.00,100 גרם,false,,10.90,8.7200,true,1,120959
4017100290503,false,ביסקוויט מצופה שוקולד בטעם תפוז בלזן 125 גרם,ליימן שליסל בע`מ,,שוקו ליבניץ תפוז 125,גרמים,125.00,100 גרם,false,,10.90,8.7200,true,1,196085
4017100291005,false,בלזן לייבניז בסקויט חמאה מצופה שוקולד מריר 125 גרם,הדקלאים אגודת שיתופי,,בלזן בסקויט מצופה שו,גרמים,125.00,100 גרם,false,,10.90,8.7200,true,1,120960
4017100364112,false,בלזן היט בסקוויט סנדביץ עם מלית קרם בטעם שוקולד קקאו (41%) 220 גרם,הדקלאים אגודת שיתופי,,היט עוגיות סנדביץ בט,גרמים,220.00,100 גרם,false,,7.90,3.5909,true,1,120963
4018722100157,false,פסטה פוזילי מקמח כוסמין מלא אורגני,האחים פלם הגפן,,אלב גולד פוזילי כוסמ,גרמים,250.00,100 גרם,false,,13.90,5.5600,true,1,153448
4018722102656,false,ספגטי כוסמין אורגני 500 גרם,נטורפוד בעמ,,אלב גולד ספגטי כוסמי,גרמים,500.00,100 גרם,false,,19.90,3.9800,true,1,153451
4023800012055,false,מרציפן מצופה 50 גרם,שוקוטרייד בעמ,,מרציפן מצופה 50 גרם,Unknown,0.00,יחידה,false,,4.90,0.0000,true,1,128632
4023800012109,false,מרציפן שלוקוורד מצופ,שוקוטרייד בעמ,,מרציפן מצופה 100 גרם,גרמים,100.00,100 גרם,false,,7.50,7.5000,true,1,128633
4023800122105,false,מרציפן לא מצופה 82 גרם,שוקוטרייד בעמ,,מרציפן לא מצופה 82 ג,Unknown,0.00,יחידה,false,,7.90,0.0000,true,1,163161
4025700001962,false,מילקה טבלה 100 גר' לבן 1/22 (4248023),דיפלומט מפיצים (1968) בעמ**,,מילקה שוקולד לבן 100,גרמים,100.00,100 גרם,false,,8.00,8.0000,true,1,161103
4037719657290,false,קוונדיש סוכריות צנצנת שי 300ג,שוקוטרייד בעמ,,סוכריות פירות בצנצנת,גרמים,300.00,100 גרם,false,,20.00,6.6667,true,1,128638
4037719680212,false,קוונדיש סוכריות בפחית תות שדה,שוקוטרייד בעמ,,סוכריות בטעם תות שדה,גרמים,175.00,100 גרם,false,,11.90,6.8000,true,1,128639
4045787068221,false,"אינדולה - פרוטאין צבע 1 שחור 60 מ""ל",שוורצקופף והנקל,,אינדולה פרוטאין צבע,Unknown,0.00,יחידה,false,,12.90,0.0000,true,1,161693
4045787068245,false,צבע לשיער פרוטאין קולור- 1000.0 אקסטרה בלונד,שוורצקופף והנקל,,אינדולה פרוטאין צבע,Unknown,0.00,יחידה,false,,12.90,0.0000,true,1,161695
4045787068306,false,"אינדולה - פרוטאין צבע 4 חום כהה 60 מ""ל",שוורצקופף והנקל,,אינדולה פרוטאין צבע,Unknown,0.00,יחידה,false,,12.90,0.0000,true,1,161700
4045787068313,false,"אינדולה - פרוטאין צבע 4-37 שוקולד כהה 60 מ""ל",אינדולה Indola,,אינדולה פרוטאין צבע,Unknown,0.00,יחידה,false,,12.90,0.0000,true,1,161701
4045787068467,false,"אינדולה - פרוטאין צבע 7 בלונד בינוני 60 מ""ל",שוורצקופף והנקל,,אינדולה פרוטאין צבע,Unknown,0.00,יחידה,false,,12.90,0.0000,true,1,161717
4045787068511,false,צבע לשיער פרוטאין קולור- 7.44 דבש נחושתי,אינדולה Indola,,אינדולה פרוטאין צבע,Unknown,0.00,יחידה,false,,12.90,0.0000,true,1,161720
4045787068542,false,"אינדולה - פרוטאין צבע 8 בלונד בהיר 60 מ""ל",שוורצקופף והנקל,,אינדולה פרוטאין צבע,Unknown,0.00,יחידה,false,,12.90,0.0000,true,1,161722
4045787068566,false,"אינדולה - פרוטאין צבע 8-3 בלונד שמש 60 מ""ל",אינדולה Indola,,אינדולה פרוטאין צבע,Unknown,0.00,יחידה,false,,12.90,0.0000,true,1,161723
4053700288205,false,"וייט קרם להסרת שיער לעור רגיש 100 מ""ל",רקיט בנקיזר (ניר איסט) בעמ,,ויט קרם הסרת שיער עד,Unknown,0.00,יחידה,false,,24.90,0.0000,true,1,134065
4053700292455,false,ויט רצועות שעווה מוכנות להסרת שיער לעור רגיל 12 יחידות,רקיט בנקיזר (ניר איסט) בעמ,,ויט רצועות שעווה תמצ,Unknown,0.00,יחידה,false,,24.90,0.0000,true,1,111184
4056800779208,false,צבע לשיער קולסטון קיט 8/0 בלונד בהיר,HFC פרסטיג',,קולסטון קיט 8/0 בלונ,Unknown,0.00,יחידה,false,,34.90,0.0000,true,1,161396
4056800943791,false,קרם חמצן וולוקסון Welloxon 9%,דיפלומט מפיצים (1986) בע`מ,,וולוקסון 9%,Unknown,0.00,יחידה,false,,5.00,0.0000,true,1,110916
4061445096689,false,קפה דוידוף מגורען 100 גר ESPRESSO 57,"טשיבו, אספי.זד.או.או",,דווידוף קפה נמס אספר,Unknown,0.00,יחידה,false,,22.90,0.0000,true,1,202455
4084500065536,false,פנטן קרם לחות מוגברת לעיצוב שיער 300 מל,דיפלומט מפיצים (1968) בעמ,,פנטן קרם לחות מוגברת,מיליליטרים,300.00,"100 מ""ל",false,,19.90,6.6333,true,1,116594
4084500065598,false,"קרם לחות פנטן לתלתלים מושלמים 300 מ""ל",דיפלומט מפיצים (1968) בעמ,,פנטן קרם לחות לתלתלי,מיליליטרים,300.00,"100 מ""ל",false,,19.90,6.6333,true,1,116595
4084500853898,false,"נוזל כלים פיירי אלוורה ומלפפונים 515 מ""ל בד""צ",דיפלומט מפיצים (1986) בע`מ,,פיירי נוזל כלים אלוו,Unknown,0.00,יחידה,false,,10.90,0.0000,true,1,116605
4100470106700,false,חומץ תפוחים אורגני-נטורפוד.,נטורפוד בעמ,,נטורפוד חומץ תפוחים,Unknown,0.00,יחידה,false,,25.90,0.0000,true,1,153454
4101730040048,false,שוקולד נוגט מוצרט 100גרם,רבר,,מוצארט טבלאות שוקולד,Unknown,0.00,יחידה,false,,12.90,0.0000,true,1,127763
4210201176688,false,אורל בי ראש חשמלי סנסיטיב רביעייה,דיפלומט מפיצים (1968) בעמ,,אורל בי ראש חשמלי סנ,Unknown,4.00,יחידה,false,,99.90,24.9750,true,1,190026
4210201403319,false,אורל בי מברשת חשמלית נטענת ויטליטי פחם,דיפלומט מפיצים (1968) בעמ,,אורל בי מברשת חשמלית,Unknown,0.00,יחידה,false,,99.90,0.0000,true,1,189701
4250803406233,false,"שרימפס קריסטל 16/20 שחור 1 ק""ג",,,שרימפס קריסטל 16/20,Unknown,0.00,יחידה,false,,99.90,0.0000,true,1,198596
4250803406257,false,"שרימפס קריסטל 26/30 שחור 1 ק""ג",,,שרימפס קריסטל 26/30,Unknown,0.00,יחידה,false,,89.90,0.0000,true,1,198597
4250803406271,false,"שרימפס קריסטל מבושל 16/20 1ק""ג",,,שרימפס קריסטל 16/20,Unknown,0.00,יחידה,false,,99.90,0.0000,true,1,198598
4250803406295,false,"שרימפס קריסטל 26/30 מבושל 1 ק""ג",,,שרימפס קריסטל 26/30,Unknown,0.00,יחידה,false,,89.90,0.0000,true,1,198599
4250803408213,false,"שרימפס קריסטל 41/50 מבושל 1 ק""ג",,,שרימפס קריסטל 41/50,Unknown,0.00,יחידה,false,,69.90,0.0000,true,1,198601
4250803408411,false,שרימפס קריסטל 41/50 מבושל 500 ג',,,שרימפס קריסטל 41/50,Unknown,0.00,יחידה,false,,36.90,0.0000,true,1,198600
4250803408893,false,"קלמרי שקיות 1 ק""ג",,,"קלמרי שקיות 1 ק""ג",גרמים,1000.00,100 גרם,false,,84.90,8.4900,true,1,200212
4250803408930,false,ראש קלמרי 10/20 500 ג',,,ראשי קלמרי 500 גרם,גרמים,500.00,100 גרם,false,,36.90,7.3800,true,1,200213
4250803410025,false,אבעות קלמרי 500 גרם,,,אבעות קלמרי 500 גרם,גרמים,500.00,100 גרם,false,,36.90,7.3800,true,1,200214
4547597815533,false,כבל אייפון לבן 2 מטר,,,כבל אייפון לבן 2 מטר,Unknown,0.00,יחידה,false,,49.90,0.0000,true,1,185275
4604248006945,false,ריבת ענבי שועל מאחייב בזכוכית 400 גר,דולינה טרייד בעמ,,ריבת ענבי שועל 400 ג,Unknown,0.00,יחידה,false,,16.90,0.0000,true,1,155509
4605561010305,false,"חתיכות פילה הרינג עם שמיר בשמן 17.6 אונקיה, 500 גרם",דילר בי.אמ.די פורמולה בעמ,,פילה הרינג עם שמיר ב,Unknown,0.00,יחידה,false,,27.90,0.0000,true,1,188943
4605561010329,false,חתיכות פילה הרינג מעושן בשמן 500 גרם,,,פילה הרינג בטעם מעוש,Unknown,0.00,יחידה,false,,27.90,0.0000,true,1,188945
4605561010343,false,פילה דג הרינג חתיכות בשמן 500 גרם,דילר בי.אמ.די פורמולה בעמ,,פילה הרינג בשמן חתיכ,Unknown,0.00,יחידה,false,,27.90,0.0000,true,1,188947
4605561011975,false,חתיכות פילה דג הרינג בשמן מצונן 150 גרם,דילר בי.אם.די. פורמולה בעמ,,חתיכות פילה הרינג בש,Unknown,0.00,יחידה,false,,7.90,0.0000,true,1,188950
4605561012613,false,פילה דג הרינג קצוץ בשמן 400 גרם,דילר בי.אם.די. פורמולה בעמ,,פילה הרינג (קצוץ) בש,Unknown,0.00,יחידה,false,,15.90,0.0000,true,1,188951
4605561013009,false,פילה דג הרינג בשמן 400 גרם,דילר בי.אם.די. פורמולה בעמ,,פילה הרינג בשמן 400,Unknown,0.00,יחידה,false,,15.90,0.0000,true,1,188952
4605627003128,false,מעדן פרוטיס אננס מלון פטל 115ג',,,פרוטיס אננס/מלון/פטל,גרמים,115.00,100 גרם,false,,5.90,5.1304,true,1,146826
4605627006600,false,מעדן פרוטיס תות שדה 290ג',,,פרוטיס תות שדה 290 מ,מיליליטרים,290.00,"100 מ""ל",false,,9.90,3.4138,true,1,146830
4605627006624,false,מעדן פרוטיס אפרסק 290ג',,,"פרוטיס אפרסק 290 מ""ל",מיליליטרים,290.00,"100 מ""ל",false,,9.90,3.4138,true,1,146831
4607012351005,false,גרעיני חמניות מרטין ללא מלח 200 גרם,"נארז ע""י : א.ג. גילר",,מרטין גרעיני חמניות,גרמים,200.00,100 גרם,false,,12.90,6.4500,true,1,145844
4607012351999,false,גרעיני חמניות מרטין עם מלח 200 גרם,"נארז ע""י : א.ג. גילר",,גרעיני חמניות מרטין,גרמים,200.00,100 גרם,false,,12.90,6.4500,true,1,145848
4607026530212,false,כוסמת כפרי וביתי (900 גרם),יורוסטנדרט בעמ,,יורוסטנדרט כוסמת 900,גרמים,900.00,100 גרם,false,,12.90,1.4333,true,1,130862
4607109409619,false,פיניש הכל ב-1 טבליות למדיח 25 יח,רקיט בנקיזר (ניר איסט) בעמ,,פיניש 25 טבליות AIO,Unknown,25.00,יחידה,false,,24.90,0.9960,true,1,160626
4640018993350,false,פיניש קוואנטום קפסולות ג'ל למדיח כלים לימון 30 יח',רקיט בנקיזר (ניר איסט) בעמ,,פיניש קוואנטום לימון,Unknown,0.00,יחידה,false,,39.90,0.0000,true,1,175801
4640018993398,false,פיניש קוואנטום 60 יח' קפסולות ג'ל למדיח כלים,רקיט בנקיזר (ניר איסט) בעמ,,פיניש קוואנטום 60 קפ,Unknown,0.00,יחידה,false,,59.90,0.0000,true,1,159276
4710068001692,false,מאסטר קפה בטעם לאטה בפחית 240מ`ל,תאיט מרקטינג אנד דיסטריב,,מאסטר קפה לאטה פחית,מיליליטרים,240.00,"100 מ""ל",false,,7.00,2.9167,true,1,142331
4710068001715,false,משקה בטעם טירמיסו מאסטר קפה (240 מל),יוני פרזינדנט אנטרפר,,מאסטר קפה טרמיסו פחי,מיליליטרים,250.00,"100 מ""ל",false,,7.00,2.8000,true,1,142332
4710068001739,false,מאסטר קפה בטעם קולומביאני בפחית 240מ`ל,יוני פרזינדנט אנטרפר,,מאסטר קפה קולומביאני,מיליליטרים,250.00,"100 מ""ל",false,,7.00,2.8000,true,1,142333
4710068002798,false,מאסטר קפה בטעם וניל בפחית 240מ`ל,מאיטה פוד אינדוסטריאל קו,,מאסטר קפה וונילה פחי,מיליליטרים,240.00,"100 מ""ל",false,,7.00,2.9167,true,1,142335
4710088630278,false,מאסטר קפה לאטה 240 מ,טמפו 7.5%,,מאסטר קפה לאטה 240 מ,מיליליטרים,240.00,"100 מ""ל",false,,7.00,2.9167,true,1,142336
4710088630285,false,מאסטר קפה טירמיסו 24,טמפו 7.5%,,מאסטר קפה טירמיסו 24,מיליליטרים,240.00,"100 מ""ל",false,,7.00,2.9167,true,1,142337
4710964104916,false,"שמן שומשום טהור 370 מ""ל (כ)",מזרח ומערב יבוא ושיווק,,מזרח ומערב יבוא שמן,מיליליטרים,370.00,"100 מ""ל",false,,22.90,6.1892,true,1,182893
4710964170799,false,שומשום שחור קלוי 91 גרם,מזרח ומערב יבוא ושיווק,,שומשום שחור קלוי 91,גרמים,91.00,100 גרם,false,,16.90,18.5714,true,1,190480
4750021000799,false,"וודקה סטוליצניה עילית 700 מ""ל",הכרם - משקאות חריפים בעמ,,סטוליצניה עילית 700,מיליליטרים,700.00,"100 מ""ל",false,,200.00,28.5714,true,1,112658
4750127300595,false,לונג צ'יפס ברביקיו 7,,,לונג צ'יפס ברביקיו 7,Unknown,0.00,יחידה,false,,4.50,0.0000,true,1,154185
4750127300724,false,לונג צ'יפס עגבניה 75,,,לונג צ'יפס עגבניה 75,Unknown,0.00,יחידה,false,,4.50,0.0000,true,1,154186
4750127300793,false,לונג צ'יפס אורגינל 7,,,לונג צ'יפס אורגינל 7,Unknown,0.00,יחידה,false,,4.50,0.0000,true,1,154187
4750616001989,false,ממרח שפרוטים 250 גרם פ.ק,בריויאס וילניוס,,פטה שפרוטים . 250 גר,גרמים,250.00,100 גרם,false,,6.90,2.7600,true,1,145860
4770265212024,false,גבינה מותכת 22% דרבו 135 גר,,,גבינה מותכת 135 גר,Unknown,0.00,יחידה,false,,15.90,0.0000,true,1,188959
4770265219382,false,גבינה אנלוגי 600 גרם GURMAN,,,גבינה אנלוגי מעושנת,Unknown,0.00,יחידה,false,,44.90,0.0000,true,1,188976
4770265219443,false,גבינה אנלוגי 600 גרם ROSSIYSKIY,,,גבינה אנלוגי 600 גר,Unknown,0.00,יחידה,false,,44.90,0.0000,true,1,188979
4770265219535,false,גבינה אנגולי מעושנת 150 גר גורמן,,,גבינה אנלוגי מעושנת,Unknown,0.00,יחידה,false,,11.90,0.0000,true,1,188980
4770337046427,false,פרוסות גבינה 27% שומן 150 גרם MASSDAM,,,פרוסות גבינה 24.7%,גרמים,150.00,100 גרם,false,,17.90,11.9333,true,1,193052
4770337046748,false,גבינה פרמזן PARNIDZIO 200 גר,,,גבינה פרמזן PARNID,גרמים,200.00,100 גרם,false,,22.90,11.4500,true,1,193044
4770337047431,false,תחליף גבינה 150 גר SVALIA,,,גבינה אנלוגי 150 גר,Unknown,0.00,יחידה,false,,11.90,0.0000,true,1,188987
4770337047448,false,תחליף גבינה 150 גר DRAVO,,,גבינה אנלוגי 150 גר,Unknown,0.00,יחידה,false,,11.90,0.0000,true,1,188988
4770337047455,false,תחליף גבינה רוסיסקי 150 גר,,,גבינה אנלוגי 150 גר,Unknown,0.00,יחידה,false,,11.90,0.0000,true,1,188989
4770337048124,false,תחליף גבינה דברו 240 גר,,,DVARO (גבינה אנלוגי,Unknown,0.00,יחידה,false,,17.90,0.0000,true,1,188991
4770577213467,false,סלק אדום מבושל,,,סלק אדום מבושל,Unknown,0.00,יחידה,false,,7.90,0.0000,true,1,138548
4792059022053,false,קרם קוקוס אורגני 400 מ`ל,סי בי אל נטורל פודס,,ג'מוקה קרם קוקוס אור,מיליליטרים,400.00,"100 מ""ל",false,,11.90,2.9750,true,1,180204
4792059372011,false,"שמן קוקוס אורגני גמוקה 500 מ""ל",,,ג'מוקה שמן קוקוס אור,מיליליטרים,500.00,"100 מ""ל",false,,34.90,6.9800,true,1,180205
4800888150080,false,"דאב - דאודורנט רול און לאישה פרש טאצ' מלפפונים 50 מ""ל",יוניליוור ישראל שיווק בע`מ,,דאב דאו רול און מלפפ,Unknown,0.00,יחידה,false,,17.90,0.0000,true,1,119358
4800888209368,false,רקסונה - דאודורנט סטיק לגבר אקסטרא קול 50 גרם,"יוניליוור ישראלשיווק בע""מ",,רקסונה מן סטיק אקסט,Unknown,0.00,יחידה,false,,14.90,0.0000,true,1,159967
4800888209382,false,רקסונה דאודורנט סטיק אינביזיבל 50 גרם (נשים),יוניליוור ישראל שיווק בע`מ,,רקסונה נשים דאו סטיק,Unknown,0.00,יחידה,false,,14.90,0.0000,true,1,162504
4800888209405,false,רקסונה - דאודורנט סטיק לגבר קובלט דריי 50 גרם,"יוניליוור ישראלשיווק בע""מ",,רקסונה מן סטיק קובל,Unknown,0.00,יחידה,false,,14.90,0.0000,true,1,159968
4800888209429,false,רקסונה - דאודורנט סטיק לאישה כותנה נשים 50 גרם,יוניליוור ישראל שיווק בעמ,,רקסונה דואדורנט סטיק,Unknown,0.00,יחידה,false,,14.90,0.0000,true,1,161019
4800888214904,false,דאודורנט סטיק קקאו דאב (50 גרם),"יוניליוור ישראלשיווק בע""מ",,דאב דאו סטיק קקאו ו,Unknown,0.00,יחידה,false,,17.90,0.0000,true,1,167408
4800888219510,false,דאב - דאודורנט סטיק לאישה פרש מלפפונים 50 גרם,יוניליוור ישראל שיווק בע`מ,,דאב דאודורנט סטיק מל,Unknown,0.00,יחידה,false,,17.90,0.0000,true,1,184340
4800888219527,false,דאב - דאודורנט סטיק לאישה ללא סימן אינביזיבל 50 גרם,יוניליוור ישראל שיווק בעמ,,דאב סטיק אינביזיבל 5,Unknown,0.00,יחידה,false,,17.90,0.0000,true,1,184341
4800888219534,false,דאב - דאודורנט סטיק לאישה אנטי פרספירמט 50 גרם,יוניליוור ישראל שיווק בע`מ,,דאב דאו סטיק אורגינ,Unknown,0.00,יחידה,false,,17.90,0.0000,true,1,182326
4800888219541,false,רקסונה - דאודורנט סטיק לאישה פאוודר דרי 50 גרם,"יוניליוור ישראל שיווק בע""מ",,רקסונה נשים דאו סטיק,Unknown,0.00,יחידה,false,,14.90,0.0000,true,1,186212
4801234159863,false,גלייד מיני-ג'ל מפיץ ריח בניחוח חבצלות ופרחי בר 70 גרם,המאפיה של הרמן,,גלייד מיני גיל בניחו,Unknown,0.00,יחידה,false,,6.90,0.0000,true,1,138015
4810168000011,false,פילה דג הרינג מלוח מצונן 250 גרם,דילר בי.אם.די. פורמולה בעמ,,פילה דג הרינג מלוח מ,Unknown,0.00,יחידה,false,,13.90,0.0000,true,1,188993
4810168000066,false,פילה דג הרינג מלוח מצונן עם תבלינים 250 גרם,דילר בי.אם.די. פורמולה בעמ,,פילה דג הרינג מלוח מ,Unknown,0.00,יחידה,false,,13.90,0.0000,true,1,188994
4810168000103,false,פילה הרינג מטיאס 250גר,,,פילה דג הרינג מלוח מ,Unknown,0.00,יחידה,false,,13.90,0.0000,true,1,188995
4810168001056,false,פילה דג הרינג מלוח מצונן בצנצנת חתיכות 260גרם,דילר בי.אם.די. פורמולה בעמ,,פילה דג הרינג מלוח מ,Unknown,0.00,יחידה,false,,18.90,0.0000,true,1,188997
4810168001964,false,נתחי סורימי בטעם סרטן קפוא 200 גרם,,,נתחי סורימי בטעם סרט,Unknown,0.00,יחידה,false,,5.90,0.0000,true,1,188999
4810168004132,false,ביצי דג טרוטונית אטלנטי מומלח מצונן 180,,,ביצי דג טרוטונית אטל,Unknown,0.00,יחידה,false,,15.90,0.0000,true,1,189000
4810168004156,false,ביצי דג טרוטונית אטלנטי סלמון מעושן 180ג,,,ביצי דג טרוטונית אטל,Unknown,0.00,יחידה,false,,15.90,0.0000,true,1,189002
4810168018795,false,חתיכות פילה דג הרינג מלוח מצונן 200גרם,דילר בי.אם.די. פורמולה בעמ,,חתיכות פילה דג הרינג,Unknown,0.00,יחידה,false,,13.90,0.0000,true,1,189005
4810168019051,false,חתיכות פילה דג הרינג מלוח מצונן עם תבלין 200גרם,דילר בי.אם.די. פורמולה בעמ,,חתיכות פילה דג הרינג,Unknown,0.00,יחידה,false,,13.90,0.0000,true,1,189006
4810168020361,false,אצות ים מוחמצות עם חצילים 150 גר,,,אצות ים מוחמצות עם ח,Unknown,0.00,יחידה,false,,5.90,0.0000,true,1,189009
4810168020392,false,אצות ים מוחמצות גזר 150 גר,,,אצות ים מוחמצות עם ג,Unknown,0.00,יחידה,false,,5.90,0.0000,true,1,189010
4810168031794,false,ביצי דג הרינג אטלנטי מומלח מצונן 110 גר,,,ביצי דהג הרינג אטלנט,Unknown,0.00,יחידה,false,,15.90,0.0000,true,1,189015
4810168049928,false,"בלינצס במילוי תפו""א ופטריות מוקפא 420 גר",דילר בי.אמ.די פורמולה בעמ,,"בלינצ'ס במילוי תפו""א",Unknown,0.00,יחידה,false,,13.90,0.0000,true,1,189034
4810168049966,false,בלינצ'ס במילוי דובדבן מוקפא 360 גרם,דילר בי.אם.די. פורמולה בעמ,,בלינצ'ס במילוי דובדב,Unknown,0.00,יחידה,false,,13.90,0.0000,true,1,189036
4810168055073,false,"כיסונים במילוי תפו""א ובצל מוקפאים 450 גרם",דילר בי.אמ.די פורמולה בעמ,,"כיסונים במילוי תפו""א",Unknown,0.00,יחידה,false,,12.90,0.0000,true,1,189047
4810168055875,false,חתיכות פילה דג הרינג מתובל ממולח בשמן 1200 גרם,דילר בי.אם.די. פורמולה בעמ,,חתיכות פילה דג הרינג,Unknown,0.00,יחידה,false,,44.90,0.0000,true,1,189050
4810168055905,false,פילה דג הרינג סקנדינבי ממולח בשמן 1200 גרם,דילר בי.אם.די. פורמולה בעמ,,פילה דג הרינג סקנדינ,Unknown,0.00,יחידה,false,,44.90,0.0000,true,1,189053
4810168058975,false,חתיכות פילה דג הרינג סקנדינבי מלוח מצונן 260 גר,דילר בי.אם.די. פורמולה בעמ,,פילה דג הרינג סקנדינ,גרמים,260.00,100 גרם,false,,18.90,7.2692,true,1,198491
4810168058982,false,חתיכות פילה דג הרינג סקנדינבי מלוח בשמן 400 גר,דילר בי.אם.די. פורמולה בעמ,,חתיכות פילה דג הרינג,גרמים,400.00,100 גרם,false,,27.90,6.9750,true,1,198490
4823077602863,false,רושן סוכריות ג'לי קרייזי פצ'ולקה 200 גרם,דילר בי.אמ.די.אינטרנשויונל בעמ,,"רושן סוכריות ג'לי ""ק",Unknown,0.00,יחידה,false,,6.90,0.0000,true,1,188540
4823077611940,false,אסורטי קלאסיק 154 גר רושן,קייב קרמנציק,,בונבוניירה רושן אסור,Unknown,0.00,יחידה,false,,18.90,0.0000,true,1,188546
4823077614675,false,ביסקוויט לקפה רושן בטעם חלב 185 גרם,דילר בי.אמ.די.אינטרנשויונל בעמ,,ביסקוויט לקפה רושן ב,Unknown,0.00,יחידה,false,,3.90,0.0000,true,1,188550
4823077615757,false,בונבוניירה סטרלה 200 גר רושן,רושן,,בונבוניירה רושן סטרל,Unknown,0.00,יחידה,false,,24.90,0.0000,true,1,188554
4823077616013,false,בונבוניירה וצרני קייב 176 גרם,רושן,,בונבוניירה רושן וצרנ,Unknown,0.00,יחידה,false,,25.90,0.0000,true,1,188555
4823077618161,false,גליליות ופל רושן קונפטו חלב 140 גרם,דילר בי.אמ.די.אינטרנשויונל בעמ,,"ופל רול ""קונאפטו"" חל",Unknown,0.00,יחידה,false,,6.90,0.0000,true,1,188556
4823077618918,false,בונבוניירה שוטרס ברנדי ליקר 150 גר,רושן,,בונבוניירה רושן SHOO,Unknown,0.00,יחידה,false,,12.90,0.0000,true,1,188558
4823077621635,false,חטיף שוקולד רושן בטעם חלב 72 גרם,דילר בי.אמ.די.אינטרנשויונל בעמ,,אישי וופל רושן בטעם,Unknown,0.00,יחידה,false,,3.90,0.0000,true,1,193031
4823077621642,false,חטיף שוקולד רושן בטעם שוקולד 72 גר,דילר בי.אמ.די.אינטרנשויונל בעמ,,אישי וופל רושן בטעם,Unknown,0.00,יחידה,false,,3.90,0.0000,true,1,193032
4823077621659,false,חטיף שוקולד רושן בטעם אגוז 72 גר,דילר בי.אמ.די.אינטרנשויונל בעמ,,אישי וופל רושן בטעם,Unknown,0.00,יחידה,false,,3.90,0.0000,true,1,193033
4823077625589,false,וופל וואפרס חלב רושן 216 גר,דילר בי.אמ.די.אינטרנשויונל בעמ,,וופל רושן בטעם חלב 2,Unknown,0.00,יחידה,false,,6.90,0.0000,true,1,188573
4823077625626,false,וופל וואפרס אגוז רושן 216 גר,דילר בי.אמ.די.אינטרנשויונל בעמ,,וופל רושן בטעם אגוז,Unknown,0.00,יחידה,false,,6.90,0.0000,true,1,188575
4823077626203,false,שוקולד רושן אורירי מריר 80 גרם,דילר בי.אמ.די.אינטרנשויונל בעמ,,שוקולד רושן אורירי מ,Unknown,0.00,יחידה,false,,6.90,0.0000,true,1,188577
4823077631467,false,קרקר עם מלח ים רושן 168 גר HI DAY,דילר בי.אמ.די.אינטרנשויונל בעמ,,קרקר עם מלח ים רושן,Unknown,0.00,יחידה,false,,4.90,0.0000,true,1,188594
4823077631474,false,קרקר קלאסי רושן 168 גר HI DAY,דילר בי.אמ.די.אינטרנשויונל בעמ,,קרקר קלאסי רושן 168,Unknown,0.00,יחידה,false,,4.90,0.0000,true,1,188595
4823077631856,false,גליליות ופל רושן קונפטו קוקוס 140 גרם,דילר בי.אמ.די.אינטרנשויונל בעמ,,"וופל רול ""קונאפטו"" ק",Unknown,0.00,יחידה,false,,6.90,0.0000,true,1,188596
4823077632112,false,וופל רושן בטעם קקאו חלב 216 גרם,דילר בי.אמ.די.אינטרנשויונל בעמ,,וופל רושן בטעם קקאו,Unknown,0.00,יחידה,false,,6.90,0.0000,true,1,188598
4823077632570,false,שוקולד רושן BRUT מריר 85 גרם,דילר בי.אמ.די.אינטרנשויונל בעמ,,שוקולד רושן מריר 85,Unknown,0.00,יחידה,false,,6.90,0.0000,true,1,188600
4823077633034,false,"גליליות וופל רושן ""קונאפטו"" קקאו 140 ג",דילר בי.אמ.די.אינטרנשויונל בעמ,,"ופל רול ""קונאפטו"" קק",Unknown,0.00,יחידה,false,,6.90,0.0000,true,1,188605
4823077633324,false,עוגיות שוקוצ'יפס LOVITA עם חתיכות שוקולד 150 גרם,דילר בי.אמ.די.אינטרנשויונל בעמ,,"עוגיות שוקוצ'יפס "" L",Unknown,0.00,יחידה,false,,6.90,0.0000,true,1,188608
4823077633331,false,עוגיות שוקוצ'יפס LOVITA בטעם תפוז 150 גרם,דילר בי.אמ.די.אינטרנשויונל בעמ,,"עוגיות רושן ""LOVITA""",Unknown,0.00,יחידה,false,,6.90,0.0000,true,1,188609
4823077633348,false,עוגיות שוקוצ'יפס LOVITA עם חתיכות בוטנים 150 גרם,דילר בי.אמ.די.אינטרנשויונל בעמ,,"עוגיות רושן ""LOVITA""",Unknown,0.00,יחידה,false,,6.90,0.0000,true,1,188610
4823077634178,false,עוגיות רושן LOVITA במילוי תפוח קינמון 168 גרם,דילר בי.אמ.די.אינטרנשויונל בעמ,,עוגיות עם מילוי תפוח,Unknown,0.00,יחידה,false,,6.90,0.0000,true,1,188614
4823077634222,false,עוגיות Lovita ממולאות ג'לי תפוז מצופות צימקאו,דילר בי.אמ.די.אינטרנשויונל בעמ,,עוגיות תפוז 135 גר L,Unknown,0.00,יחידה,false,,6.90,0.0000,true,1,188616
4823077634246,false,עוגיות Lovita ממולאות ג'לי פטל מצופות צימקאו,דילר בי.אמ.די.אינטרנשויונל בעמ,,עוגיות פטל 135 גר LO,Unknown,0.00,יחידה,false,,6.90,0.0000,true,1,188617
4823077634277,false,עוגיות Lovita ממולאות ג'לי תות שדה מצופות צימקאו,דילר בי.אמ.די.אינטרנשויונל בעמ,,עוגיות תות שדה 135 ג,Unknown,0.00,יחידה,false,,6.90,0.0000,true,1,188618
4823077634406,false,עוגות אישיות TOO COOL שוקולד 270 גרם,דילר בי.אמ.די.אינטרנשיונל בעמ,,"עוגות אישיות ""TOO CO",Unknown,0.00,יחידה,false,,13.90,0.0000,true,1,188619
4823077634413,false,עוגות אישיות TOO COOL תות שדה 270 גרם,דילר בי.אמ.די.אינטרנשיונל בעמ,,"עוגות אישיות ""TOO CO",Unknown,0.00,יחידה,false,,13.90,0.0000,true,1,188620
4823077634420,false,"עוגות אישיות ""TOO COOL"" חלב 270 גר 6 יחידות",דילר בי.אמ.די.אינטרנשיונל בעמ,,"עוגות אישיות ""TOO CO",Unknown,0.00,יחידה,false,,13.90,0.0000,true,1,188621
4823077634741,false,עוגיות רושן LOVITA במילוי תות שדה 168 גרם,דילר בי.אמ.די.אינטרנשויונל בעמ,,עוגיות עם מילוי תות,Unknown,0.00,יחידה,false,,6.90,0.0000,true,1,188622
4823077635533,false,חטיף וופל רושן קרם חלב JOHNY KROCKERי 350 גרם,דילר בי.אמ.די.אינטרנשויונל בעמ,,חטיף וופל רושן קרם ח,גרמים,350.00,100 גרם,false,,16.90,4.8286,true,1,193040
4823077636073,false,עוגיות תות שדה LOVITAי 420 גרם,דילר בי.אמ.די.אינטרנשויונל בעמ,,עוגיות תות שדה 420 ג,גרמים,420.00,100 גרם,false,,16.90,4.0238,true,1,193035
4840008028028,false,פרנזלוטה צנימים עם צימוקים 200 גרם,FRANZELUTA,,צנימים עם צימוקים 20,גרמים,200.00,100 גרם,false,,7.50,3.7500,true,1,145891
4860009000014,false,מיץ רימונים 100% סחוט ללא תוספת סוכר,תומר ייבוא ושיווק מוצרי מזון [,,תומר מיץ רימונים גרו,קילוגרמים,1.00,ליטר,false,,22.90,22.9000,true,1,118470
4865602000010,false,מים נבגלוי בזכוכית 500 מל,שם טוב מזון בעמ,,נבגלבי מים מינרלים מ,מיליליטרים,500.00,"100 מ""ל",false,,6.90,1.3800,true,1,145900
4891130001199,false,מזרח ומערב יבוא פון,Pun chun sauce & pre,,מזרח ומערב יבוא פון,גרמים,290.00,100 גרם,false,,16.00,5.5172,true,1,133237
4891130005111,false,רוטב הוויסן 360 מל פ,Pun chun sauce & pre,,רוטב הוייסן 360 גרם,גרמים,360.00,100 גרם,false,,16.90,4.6944,true,1,182887
4891228302023,false,ס.גילוח שיק אקסטרים 3 אולטימייט לגבר 4 י,ש.שסטוביץ בעמ,,שיק אקסטרים 3 אולטימ,Unknown,4.00,יחידה,false,,19.90,4.9750,true,1,128054
4891228308032,false,שיק סכינים גילוח אינטואישן ידית + 5,ארץ ייצור סכינים: ארהבn\,,שיק אינטואישן אישה מ,Unknown,0.00,יחידה,false,,79.90,0.0000,true,1,159964
4891228308049,false,שיק היידרו גבר מארז סנס ידית +7 סכינים,ארץ ייצור סכינים: ארהבn\,,שיק היידרו גבר מארז,Unknown,0.00,יחידה,false,,79.90,0.0000,true,1,159965
4891228309268,false,"טאצ' אפ מעצב גבות מקצועי, 3 יחידות",ש.שסטוביץ בעמ,,שיק סכיני סילק טאצ',Unknown,3.00,יחידה,false,,19.90,6.6333,true,1,190243
4891228430047,false,שיק אקזקטה 2 רגיש סכיני גילוח לגבר,אנרג'יזר Energizer,,שיק אקזקטא2 רגיש 10,Unknown,10.00,יחידה,false,,24.90,2.4900,true,1,111134
4891228430054,false,סכיני גילוח לנשים שיק אקזקטה 2 5 יח,שיק,,שיק אקסטרא ס.ג. 2ור,Unknown,5.00,יחידה,false,,14.90,2.9800,true,1,128061
4891228430061,false,סכיני גילוח שיק אקזקטה 2 לנשים ורוד 10 יח',הנסיך- מפעל לייצור ט,,שיק אקזקטא2 נשים 10,Unknown,10.00,יחידה,false,,24.90,2.4900,true,1,185661
4891228430085,false,סכיני גילוח שיק אקסטרים קומפורט לגבר 3 להבים 4 יחידות,אנרג'יזר Energizer,,שיק אקסטרים3 ס.גילוח,Unknown,4.00,יחידה,false,,19.90,4.9750,true,1,111136
4891228430092,false,סכיני גילוח שיק אקסטרים קומפורט לנשים 3 להבים 4 יחידות,אנרג'יזר Energizer,,שיק אקסטרים3 ס.גילוח,Unknown,4.00,יחידה,false,,19.90,4.9750,true,1,111137
4891228460242,false,שיק קוואטרו חד פעמי לנשים 3 יחידות,אנרג'יזר Energizer,,סכיני גילוח שיק קווא,Unknown,3.00,יחידה,false,,32.00,10.6667,true,1,111138
4902430906456,false,*מבצע* מברשת שיניים,,,*מבצע* מברשת שיניים,Unknown,0.00,יחידה,false,,14.90,0.0000,true,1,188439
4903001904192,false,רוטב סויה יאמאסה פרימיום 500מ`ל,הדקלאים אגודת שיתופי,,יאמסה רוטב סויה 500,מיליליטרים,500.00,"100 מ""ל",false,,18.90,3.7800,true,1,120972
4903001904208,false,רוטב סויה יאמאסה פרימיום 1 ליטר,הדקלאים אגודת שיתופי,,יאמסה רוטב סויה פרימ,קילוגרמים,1.00,ליטר,false,,34.90,34.9000,true,1,120973
4903001930993,false,"רוטב טריאקי יאמאסה 500 מ""ל",ליימן שליסל בע`מ,,יאמאסה רוטב טריאקי 5,מיליליטרים,500.00,"100 מ""ל",false,,18.90,3.7800,true,1,120975
4978094999219,false,מחית סויה לבנה שירו מיסו 500 גרם,מזרח ומערב יבוא ושיווק,,מז ומע יבוא מחית סוי,גרמים,500.00,100 גרם,false,,14.90,2.9800,true,1,133239
4987176037077,false,רביעיית מברשות אורל בי פחם,,,אוראל Bרביעיית מברשו,Unknown,0.00,יחידה,false,,14.90,0.0000,true,1,195585
4987176054302,false,גילט פיוזן מכשיר+סכין בקופסא מהודרת,,,ג'ילט פיוז'ן מכשיר+ס,Unknown,0.00,יחידה,false,,29.90,0.0000,true,1,182634
4987176071545,false,מברשת שיניים אורל בי 6 יח`BACTERIA FIGH,פארמה דיל (פ.א.ב.) שיווק והפצה,,מברשת שיניים אורל בי,Unknown,0.00,יחידה,false,,14.90,0.0000,true,1,190696
5000111047364,false,רוטב ברביקיו דבש 465 גרם,דיפלומט מפיצים (1968) בעמ**,,HP ברביקיו דבש 465 ג,גרמים,465.00,100 גרם,false,,15.90,3.4194,true,1,140551
5000111047371,false,רטבי HP ברביקיו קלאסי היינץ,דיפלומט מפיצים (1968) בעמ**,,HP ברביקיו קלאסי 465,גרמים,465.00,100 גרם,false,,15.90,3.4194,true,1,140552
5000127163195,false,דגני בוקר קלוגס ספיישל קיי 500גרם,חברת קלוגס בריטניה,,קלוגס ספיישל קיי 500,גרמים,500.00,100 גרם,false,,23.90,4.7800,true,1,140553
5000146401568,false,וולייט דפים למניעת העברת צבע 10 דפים,רקיט בנקיזר (ניר איסט) בעמ,,לכביסה ווליט דפים שו,Unknown,10.00,יחידה,false,,14.90,1.4900,true,1,134069
5000146980322,false,קרם להסרת שיער לעור רגיל מועשר בחלב לוטוס ויסמין,רקיט בנקיזר (ניר איסט) בעמ,,ויט קרם הסרת שיער פר,Unknown,0.00,יחידה,false,,24.90,0.0000,true,1,111185
5000157143365,false,מתבל בטעם מיונז וקטשופ היינץ 425 גרם,דיפלומט מפיצים (1968) בעמ**,,היינץ מתבל בטעם מיונ,מיליליטרים,425.00,"100 מ""ל",false,,15.90,3.7412,true,1,110627
5000159020312,false,מלטיזרס אריזה קטנה 37 גרם,"מרס ריגלי ישראל בע""מ",,מלטיזרס חטיף 37 גרם,Unknown,0.00,יחידה,false,,5.00,0.0000,true,1,148942
5000159376655,false,סוכריות SKITTLES פירות קטן 38 גרם אדום,"מרס ריגלי ישראל בע""מ",,סקיטלס פירות 38ג,Unknown,0.00,יחידה,false,,3.00,0.0000,true,1,148944
5000159376792,false,סוכריות סקיטלס Skittles פירות חמוצים,"מרס ריגלי ישראל בע""מ",,סקיטלס פירות חמוצים,Unknown,0.00,יחידה,false,,3.00,0.0000,true,1,148945
5000159407236,false,מרס חטיף שוקולד עם קרמל 51 גרם,"מרס ריגלי ישראל בע""מ",,מרס חטיף שוקולד 51 ג,גרמים,51.00,100 גרם,false,,3.90,7.6471,true,1,148949
5000159409179,false,מארז סניקרס/מיניס משפחתי 403 גר,"מרס ריגלי ישראל בע""מ",,סניקרס מיני 403 גרם,גרמים,403.00,100 גרם,false,,22.90,5.6824,true,1,148950
5000159442572,false,טויקס חטיף שוקולד מארז 403 גרם,"מרס ריגלי ישראל בע""מ",,טוויקס מיני 403 גרם,גרמים,403.00,100 גרם,false,,22.90,5.6824,true,1,148951
5000159452540,false,סניקרס חטיף שוקולד עם בוטנים חמישייה ברי,"מרס ריגלי ישראל בע""מ",,מאגדת סניקרס חמישייה,Unknown,0.00,יחידה,false,,11.90,0.0000,true,1,181370
5000159452663,false,מרס מארז חטיף 45 גרם חמישייה,"מרס ריגלי ישראל בע""מ",,מאגדת מארס חמישייה,Unknown,0.00,יחידה,false,,11.90,0.0000,true,1,181372
5000159452977,false,מיקס שקית מיניס 400 גרם מרס-באונטי-טוויק,"מרס ריגלי ישראל בע""מ",,מיני מיקס 400 גרם,גרמים,400.00,100 גרם,false,,22.90,5.7250,true,1,148952
5000159459228,false,חטיף אצבעות קרמל ושוקולד טוויקס (50 גרם),"מרס ריגלי ישראל בע""מ",,טוויקס חטיף 50 גרם,גרמים,50.00,100 גרם,false,,3.90,7.8000,true,1,148955
5000159461122,false,סניקרס חטיף שוקולד עם בוטנים 50 גרם,"מרס ריגלי ישראל בע""מ",,סניקרס חטיף 50 גרם,גרמים,50.00,100 גרם,false,,3.90,7.8000,true,1,148956
5000159500692,false,בקבוק סלבריישן - מבחר חטיפי מיני שוקולד,מרס ריגלי ישראל בעמ,,בקבוק סלבריישן,Unknown,0.00,יחידה,false,,39.90,0.0000,true,1,168141
5000159536400,false,טוויקס סטיקס 99 קלוריות ליחידה 10 יח,מרס ריגלי ישראל בעמ,,טוויקס סטיקס 99 קלור,Unknown,0.00,יחידה,false,,15.90,0.0000,true,1,182622
5000159538626,false,טוויקס מארז חטיף 50 גרם חמישייה,"מרס ריגלי ישראל בע""מ",,מאגדת טוויקס חמישייה,Unknown,0.00,יחידה,false,,11.90,0.0000,true,1,181371
5000204114898,false,גלייד ארוסול מבשם אוויר ניחוח מרכך כביסה,"אס.סי ג'\ונסון,מידרכט, ה",,גלייד אורסול בניחוח,מיליליטרים,300.00,"100 מ""ל",false,,8.90,2.9667,true,1,110879
5000204114959,false,"גלייד ארוסול בניחוח פריחה בלבן 300 מ""ל","אס.סי ג'\ונסון,מידרכט, ה",,גלייד אורסול בניחוח,מיליליטרים,300.00,"100 מ""ל",false,,8.90,2.9667,true,1,110880
5000204115048,false,גלייד ארוסול מבשם אוויר בניחוח לבנדר,"אס.סי ג'\ונסון,מידרכט, ה",,גלייד אורסול בניחוח,מיליליטרים,300.00,"100 מ""ל",false,,8.90,2.9667,true,1,138018
5000204133509,false,זיפלוק שקיות אחסון גדולות 19 יחידות,אס.סי.גונסון ובניו,,זיפלוק שקיות אחסון,Unknown,0.00,יחידה,false,,12.90,0.0000,true,1,167540
5000204153729,false,מטהר אוויר גלייד מילוי אוטומטי לבנדר וניל,המאפיה של הרמן,,גלייד ספריי אוטומטי,מיליליטרים,269.00,"100 מ""ל",false,,14.90,5.5390,true,1,163518
5000204153842,false,גלייד ספריי אוטומטי מילוי (מילוי בניחוח,קוסטר אירוסול ואלף סאן,,גלייד מילוי ספריי או,מיליליטרים,269.00,"100 מ""ל",false,,14.90,5.5390,true,1,163519
5000204153903,false,מטהר אוויר גלייד מילוי אוטומטי מרכך כביסה,"קוסטר אירוסול ואלף סאן,",,גלייד ספריי אוטומטי-,מיליליטרים,269.00,"100 מ""ל",false,,14.90,5.5390,true,1,163520
5000204155723,false,"גלייד מארז אוטומטי-בניחות מרכך כביסה 269 מ""ל",קוסטר אירוסול ואלף סאן,,מארז גלייד אוטומטי מ,גרמים,400.00,100 גרם,false,,45.00,11.2500,true,1,163515
5000204197051,false,"מכשיר חשמלי +נוזל מילוי אקליפטוס 45 לילות רייד 36 מ""ל",גונסון שנגחאי,,רייד מכשיר חשמלי +נו,Unknown,30.00,יחידה,false,,29.90,0.9967,true,1,183387
5000204243000,false,"נוזל לאסלה אפרסק על חלל 750 מ""ל דאק",טואלט דאק (ג'ונסון),,דאק נוזל אפרסק על חל,מיליליטרים,750.00,"100 מ""ל",false,,9.90,1.3200,true,1,194173
5000204254617,false,סבון מוצק לאסלה ירח פורח 38.6 ג' דאק,דאופלור אס.פי.אי כונ,,דאק סבון מוצק לאסלה,Unknown,0.00,יחידה,false,,6.90,0.0000,true,1,194171
5000204657883,false,"קיווי משחת נעליים בקופסא חום 50מ""ל",ג' אל ראיה בוגור ג'א,,קיווי משחת נעליים חו,Unknown,0.00,יחידה,false,,7.90,0.0000,true,1,111238
5000204657913,false,קיווי משחת נעליים בקופסא שחור 50 מ`ל,ג' אל ראיה בוגור,,קיווי משחת נעליים שח,Unknown,0.00,יחידה,false,,7.90,0.0000,true,1,138021
5000204658187,false,משחת נעליים קראון שחור קיווי (75 מל),אס' סי' ג'ונסון במה,,קיווי נוזל נעליים שח,Unknown,0.00,יחידה,false,,16.90,0.0000,true,1,138024
5000204660159,false,"קיווי אקספרס ספוג הברקה שקוף 6מ""ל",המאפיה של הרמן,,קיווי משחת נעליים שח,Unknown,1.00,יחידה,false,,20.00,20.0000,true,1,138026
5000204661392,false,משחת נעליים שחורה קיווי אקסרא לארג`,המאפיה של הרמן,,קיווי משחת נעליים בק,Unknown,0.00,יחידה,false,,10.00,0.0000,true,1,138027
5000204886566,false,"תרסיס מנקה, מזין ומגן על העץ עם שמן תפוז טבעי","דנשר (1963) בע,מ",,"פלדג 475 מ""ל ORANGE",Unknown,475.00,יחידה,false,,32.00,0.0674,true,1,138032
5000267117560,false,"וויסקי גוני ווקר גולד לייבל רזרב 750 מ""ל",החברה המרכזית להפצת משקאות בעמ,,"גולד לייבל 700 מ""ל",מיליליטרים,700.00,"100 מ""ל",false,,199.90,28.5571,true,1,113152
5000394019089,false,סוללה פלוס פאוור 2 יחידות C דורסל,דיפלומט מפיצים (1986) בע`מ,,דורסל סוללות פלוס פא,Unknown,0.00,יחידה,false,,29.90,0.0000,true,1,116623
5000394140899,false,סוללות AA דורסל פלוס - 8 יח',דורסל Duracell,,דורסול שמיניות AA פל,Unknown,0.00,יחידה,false,,19.90,0.0000,true,1,197134
5000394141179,false,סוללות AAA דורסל פלוס - 8 יח',דורסל Duracell,,דורסול שמיניות AAA פ,Unknown,0.00,יחידה,false,,19.90,0.0000,true,1,197135
5000394203907,false,סוללות דורסל ליתיום זוג,דיפלומט מפיצים (1968) בעמ,,דורסל סוללת ליתיום 2,Unknown,0.00,יחידה,false,,13.90,0.0000,true,1,116633
5000396037531,false,מקוויטיס ביסקוויט מצופה שוקולד חלב 200 גרם,תה ויסוצקי (ישראל)בעמ,,מקוויטיס ביסקוויט מצ,גרמים,200.00,100 גרם,false,,11.90,5.9500,true,1,129469
5000396037944,false,מקוויטיס ביסקוויט אורגינל 250 גרם,תה ויסוצקי (ישראל)בעמ,,מקוויטיס ביסקוויט קל,גרמים,250.00,100 גרם,false,,10.90,4.3600,true,1,129472
5000409006714,false,מלפפון חמוץ פיקנטי 6,EMPIRE BESPOKE FOODS,,מלפפונים פיקנטי 670,גרמים,670.00,100 גרם,false,,21.90,3.2687,true,1,180213
5010026515919,false,מוזלי קריספי נאטי מורנפלייק 650 גרם,מורנפלייק Mornflake,,מוזלי קריספי נאטי 65,Unknown,0.00,יחידה,false,,24.90,0.0000,true,1,173967
5010026515933,false,מורנפלייק מוזלי פירות ואגוזים 750 גרם,מורנינג פוד,,מוזלי קריספי פירות ו,Unknown,0.00,יחידה,false,,24.90,0.0000,true,1,173968
5010026515940,false,מורנפלייק מוזלי פרוטי 750 גרם,מורנפלייק Mornflake,,מוזלי קריספי פרוטי,Unknown,0.00,יחידה,false,,24.90,0.0000,true,1,173969
5010029000252,false,וויטביקס תערובת דגנים מחיטה מלאה 430 גרם,ר.ב. מוצרי דגנים בעמ,,וויטביקס מקורי 430 ג,גרמים,430.00,100 גרם,false,,23.90,5.5581,true,1,185672
5010029219241,false,דגני בוקר וויטביקס מיני שוקולציפס 450 גר,וויטביקס Weetabix,,וויטביקס קריספי מיני,גרמים,450.00,100 גרם,false,,23.90,5.3111,true,1,135616
5010123703585,false,ליסטרין קולמינט 500 מל-יבוא מקביל,רותם מיטרו יבוא וסחר,,"ליסטרין מי פה 500 מ""",מיליליטרים,500.00,"100 מ""ל",false,,19.90,3.9800,true,1,111231
5010182997253,false,רייד תרסיס קוטל ג'וקים/תיקנים 300 מל,אס.סי.ג'ונסון מידרכט,,רייד ארוסול קוטל ג'ו,מיליליטרים,300.00,"100 מ""ל",false,,12.90,4.3000,true,1,138035
5010182997338,false,דאק ג'ל לניקוי אסלות בניחוח רענן 55 מל,"איטיליאן פוד, אס.פי.",,ט.דאק ג'ל אסלה ניחוח,גרמים,55.00,100 גרם,false,,11.00,20.0000,true,1,138036
5010182997918,false,דאק ג'ל לניקוי אסלות בניחוח ים 55 מל,"איטיליאן פוד, אס.פי.",,ט.דאק ג'ל אסלה ניחוח,גרמים,55.00,100 גרם,false,,11.00,20.0000,true,1,138039
5010182998847,false,דאק נוזל לניקוי אסלות בניחוח ים 750 מל,מיוצר עי קונדיטוריית,,דאק נוזל לאסלה 750 כ,מיליליטרים,750.00,"100 מ""ל",false,,9.90,1.3200,true,1,138040
5010182998861,false,דאק נוזל לניקוי אסלות בניחוח רענן 750 מל,מיוצר עי קונדיטוריית,,ט דאק נוזל לאסלה 750,מיליליטרים,750.00,"100 מ""ל",false,,9.90,1.3200,true,1,138041
5010327325132,false,ויסקי גלנפידיך 18 שנ,ויליאם גראנט,,גלנפידיך 18 שנה אנשנ,מיליליטרים,750.00,"100 מ""ל",false,,350.00,46.6667,true,1,112669
5010394984577,false,פדיגרי דנטאסטיקס כלב קטן 110 גרם (7 יח')BP29V,שחורי אריה ואנסטסיה,,דנטה סטיקס 110 גרם,גרמים,110.00,100 גרם,false,,11.90,10.8182,true,1,121890
5010478564190,false,"סוכריות מטלוס תות בננה 1 ק""ג",,,"סוכריות מטלוס 1 ק""ג",פריט,1.00,"ק""ג",false,,39.90,39.9000,true,1,170281
5010622005012,false,אורל בי חוט דנטלי אסנשיאל ללא שעווה 50 מ',פארמה דיל (פ.א.ב.) שיווק והפצה,,אוראל בי חוט דנטלי א,Unknown,0.00,יחידה,false,,9.90,0.0000,true,1,116635
5011408027990,false,ספרי עיצוב חזק מאוד לשיער Elnett,לוריאל Loreal,,אלנט ספריי לשיער חזק,Unknown,0.00,יחידה,false,,39.90,0.0000,true,1,136110
5011417539071,false,"הרפיק גיל לניקוי אסלות מסיר אבנית 750מ""ל",,,הרפיק נוזל לניקוי אס,מיליליטרים,750.00,"100 מ""ל",false,,10.90,1.4533,true,1,164706
5011417547885,false,"אירוויק מקלות ריחניים בניחוח כביסה באוויר 30 מ""ל",רקיט בנקיזר (ניר איסט) בעמ,,מקלות ניחוח כביסה בא,Unknown,0.00,יחידה,false,,14.90,0.0000,true,1,193429
5011428300028,false,"MALDON מלח ים מעושן 125 ג""ר",MALDON CRYSTAL SALT,,מלח ים מעושן 125 גרם,גרמים,125.00,100 גרם,false,,19.90,15.9200,true,1,180219
5012251012249,false,תרחיץ פלינג לפנים בתוספת פחם פעיל 150 מ,פארמה דיל (פ.א.ב.) שיווק והפצה,,CHARCOAL תרחיץ פילינ,Unknown,0.00,יחידה,false,,19.90,0.0000,true,1,144701
5013387205826,false,פרואט-חטיף ללא גלוטן שוקולד 100 גרם,,,פרואט-חטיף ללא גלוטן,Unknown,0.00,יחידה,false,,14.90,0.0000,true,1,156307
5013931015819,false,מארז כריות פלדה דיש מטיק (2 יח),דישמטיק Dish matic,,מארז (2 יח) כריות מת,Unknown,0.00,יחידה,false,,23.90,0.0000,true,1,159784
5014271002767,false,מעדן סנט דלפור מנגו ופסיפלורה,סאן דלפור - שמבור,,סן דלפו מעדן פרי מנג,גרמים,284.00,100 גרם,false,,19.90,7.0070,true,1,153796
5014271300429,false,"מעדן משמש 100% פרי סנטדלפור 284 גרם לל""ס",סאן דלפור - שמבור,,סן דלפו מעדן משמש לל,גרמים,284.00,100 גרם,false,,19.90,7.0070,true,1,153797
5014271310428,false,מעדן דובדבנים שחורים ללא תוספת סוכר 284 גרם,סאן דלפור - שמבור,,סן דלפו מעדן דבדבן ש,גרמים,284.00,100 גרם,false,,19.90,7.0070,true,1,153798
5014271350424,false,מעדן ארבעה פירות ללא תוספת סוכר 284 גרם,סאן דלפור - שמבור,,סן דלפו מעדן ארבעה פ,גרמים,284.00,100 גרם,false,,19.90,7.0070,true,1,153800
5014271370422,false,מעדן אפרסקים ללא תוספת סוכר 284 גרם,סאן דלפור - שמבור,,סן דלפו מעדן אפרסק ל,גרמים,284.00,100 גרם,false,,19.90,7.0070,true,1,153802
5014271400426,false,"מעדן בטעם תות שדה לל""ס סאן דלפור 284 גרם",סאן דלפור - שמבור,,סן דלפו מעדן תות שדה,גרמים,284.00,100 גרם,false,,19.90,7.0070,true,1,153804
5022496103053,false,"וואתיקה קרם לחות לשיער 210 מ""ל",,,קרם לחות ותיקה,Unknown,1.00,יחידה,false,,20.00,20.0000,true,1,161856
5026489483955,false,חטיף חומוס סיסולט איט ריל 45 גרם,לקסמי אנד סונס סי/\אי קו,,חטיף חומוס סיסולט 45,Unknown,0.00,יחידה,false,,7.90,0.0000,true,1,174092
5029053002408,false,קלינקס - נייר טואולט קליניקס לבן 9 גלילים,קימברלי קלארק ישראל שיווק בעמ,,נייר טואלט קלינקס לב,Unknown,9.00,יחידה,false,,36.90,4.1000,true,1,119059
5029053002439,false,קלינקס - נייר טואולט קליניקס צהוב 9 גלילים,קימברלי קלארק ישראל שיווק בעמ,,נייר טואולט קליניקס,Unknown,9.00,יחידה,false,,36.90,4.1000,true,1,164676
5029053032658,false,שמיניית ממחטות טישו קלינקס 9 יחידות,קימברלי קלארק ישראל שיווק בעמ,,קלינקס אוריגנל ממחט,Unknown,0.00,יחידה,false,,5.90,0.0000,true,1,111033
5029053039725,false,ממחטות נייר קלינקס נטורל פרש קופסה 72 דף,קימברלי קלארק ישראל שיווק בעמ,,קלינקס נטורל פרש קופ,Unknown,72.00,יחידה,false,,10.90,0.1514,true,1,187769
5029053510811,false,תחבושות נורמל פלוס עם כנפיים קוטקס 28 יחידות,קימברלי קלארק ישראל שיווק בעמ,,קוטקס תחבושות אולטרה,Unknown,28.00,יחידה,false,,18.90,0.6750,true,1,111034
5029053510828,false,תחבושות סופר פלוס עם כנפיים קוטקס 22יחידות,קימברלי קלארק ישראל שיווק בעמ,,קוטקס תחבושות אולטרה,Unknown,24.00,יחידה,false,,18.90,0.7875,true,1,111035
5029053523446,false,קוטקס - תחבושות אולטרה נייט + כנפיים 20 יח',קימברלי קלארק ישראל שיווק בעמ,,קוטקס תחבושות אולטרה,Unknown,20.00,יחידה,false,,18.90,0.9450,true,1,111036
5029053527598,false,תחתוני ספיגה בנים לתופעת הרטבת לילה 8-15 האגיס,קימברלי קלארק ישראל שיווק בעמ,,האגיס דריי נייטס 15-,Unknown,9.00,יחידה,false,,36.90,4.1000,true,1,111037
5029053534596,false,קוטקס טמפוני נורמל ללא מוליך 32 יח,קימברלי קלארק ישראל שיווק בעמ,,קוטקס טמפוני נורמל 3,Unknown,32.00,יחידה,false,,23.90,0.7469,true,1,119069
5029053534602,false,קוטקס טמפוני סופר ללא מוליך 32 יח,קימברלי קלארק ישראל שיווק בעמ,,קוטקס טמפוני סופר 32,Unknown,32.00,יחידה,false,,23.90,0.7469,true,1,119070
5029053535227,false,קוטקס טמפון עם מוליך נורמל 16 יחידות,קימברלי קלארק ישראל שיווק בעמ,,קוטקס טמפון עם מוליך,Unknown,16.00,יחידה,false,,23.90,1.4937,true,1,119072
5029053574110,false,האגיס פול אפס תח.גמילה יום בנים 20 יחידו,קימברלי קלארק ישראל שיווק בעמ,,האגיס פול אפס לארג ב,Unknown,14.00,יחידה,false,,46.90,3.3500,true,1,173568
5029053574158,false,האגיס פול אפס תח.גמילה לילה בנים 18 יחיד,קימברלי קלארק ישראל שיווק בעמ,,האגיס פול אפס בנים ל,Unknown,12.00,יחידה,false,,46.90,3.9083,true,1,173570
5029053578309,false,קופסת ממחטות אולטרה סופט 48 דף קלינקס,קימברלי קלארק ישראל שיווק בעמ,,קלינקס אולטרה סופט ק,Unknown,72.00,יחידה,false,,8.90,0.1236,true,1,187770
5029054220085,false,האגיס - מגבוני האגיס אקסטרה קר לא מבושם 56 יח' * 4,קימברלי קלארק ישראל שיווק בעמ,,האגיס מגבוני רך נולד,Unknown,0.00,יחידה,false,,26.90,0.0000,true,1,119077
5030544902992,false,גבינת צדר אנגלי 190 גר,,,ישרקו צדר אנגלי 190,Unknown,0.00,יחידה,false,,23.90,0.0000,true,1,137083
5030544903012,false,גבינת צדר מיושן 190 גר,,,ישרקו צדר מיושן 190,Unknown,0.00,יחידה,false,,23.90,0.0000,true,1,137084
5050083559761,false,דגני בוקר קלוגס קוקו פופס שוקוס 500 גרם,קלוגס מניופקטורינג אספנה,,קלוגס קוקו פופס 500,גרמים,500.00,100 גרם,false,,19.90,3.9800,true,1,140556
5053827193368,false,דגני בוקר קלוגס ברנפלקס 500 גרם,קלוגס קומפני אוף גרייט ב,,קלוגס ברנפלקס 500 גר,גרמים,500.00,100 גרם,false,,23.90,4.7800,true,1,140563
5053827215862,false,דגני בוקר קלוגס קוקו פופס בטעם שוקולד (,קלוגס מניופקטורינג אספנה,,קוקו פופס 500 גרם,גרמים,500.00,100 גרם,false,,19.90,3.9800,true,1,161110
5059001003713,false,איירוויק - מקלות ריחניים בניחוח תאנה ופירות יער,רקיט בנקיזר (ניר איסט) בעמ,,אירוויק מקלות ריחניי,Unknown,0.00,יחידה,false,,14.90,0.0000,true,1,201067
5060319120023,false,תה קינמון אורגני 40 גרם הייר ליבינג,נטורפוד בעמ,,הייר ליבינג קינמון,Unknown,0.00,יחידה,false,,19.90,0.0000,true,1,153480
5060517886486,false,"משקה אנרגיה מונסטר אנרג'י בפחית 500 מ""ל",החברה המרכזית להפצת משקאות בעמ,,מונסטר אנרג'י פח 500,מיליליטרים,500.00,"100 מ""ל",false,,7.90,1.5800,true,1,137304
5060517886516,false,"משקה אנרגיה מונסטר אנרג'י זירו בפחית 500 מ""ל",החברה המרכזית להפצת משקאות בעמ,,מונסטר אנרג'י זירו,מיליליטרים,500.00,"100 מ""ל",false,,7.90,1.5800,true,1,137305
5060639128051,false,"משקה אנרגיה מונסטר אולטרה בפחית 500 מ""ל",החברה המרכזית להפצת משקאות בעמ,,מונסטר אולטרה פח 500,מיליליטרים,500.00,"100 מ""ל",false,,7.90,1.5800,true,1,163594
5060639129102,false,"משקה אנרגיה מונסטר אנרג'י מנגו בפחית 500 מ""ל",החברה המרכזית להפצת משקאות בעמ,,מונסטר אנרג'י פח 500,מיליליטרים,500.00,"100 מ""ל",false,,7.90,1.5800,true,1,171628
5060751218173,false,"משקה אנרגיה מונסטר אנרג'י piplin punch בפחית 500 מ""ל",החברה המרכזית להפצת משקאות בעמ,,מונסטר אנרג'י פחית 5,מיליליטרים,500.00,"100 מ""ל",false,,7.90,1.5800,true,1,197242
5200100943725,false,עוגיות שוקולד ציפס מ,Violanta Cookies S.A,,עוגיות שוקולד ציפס מ,גרמים,200.00,100 גרם,false,,12.90,6.4500,true,1,174675
5200100943800,false,עוגיות סובין שוקולד מריר 170 גר VIOLANTA,Violanta Cookies S.A,,עוגיות סובין במילוי,גרמים,170.00,100 גרם,false,,12.90,7.5882,true,1,174679
5200100943824,false,עוגיות סובין קרם טחינה 170 גר VIOLANTA,Violanta Cookies S.A,,עוגיות סובין במילוי,גרמים,170.00,100 גרם,false,,12.90,7.5882,true,1,174680
5200133120476,false,גלילות וופלים ממולאים קרם אגוזים וקקאו 400 ג',דיפלומט מפיצים (1968) בעמ**,,גלילות וופלים ממולאי,גרמים,400.00,100 גרם,false,,17.90,4.4750,true,1,140568
5200133120483,false,גליליות וופלים 400 גרם וניל גולדן ברייק,דיפלומט מפיצים (1968) בעמ**,,גלילות וופלים ממולא,גרמים,400.00,100 גרם,false,,17.90,4.4750,true,1,140569
5201004020338,false,גליליות קפריס קרם אגוזים שוקולד 400 גר,משה סידס ובנו בעמ,,קפריס רולס קלאסיק 40,גרמים,400.00,100 גרם,false,,19.90,4.9750,true,1,121552
5201004021328,false,קפריס רולס גלילי וופל במילוי קרם אגוזי לוז וקקאו,אי. ג'יי פאפאדופולוס,,כפריס גליליות ממולאו,גרמים,115.00,100 גרם,false,,8.90,7.7391,true,1,121553
5201100872596,false,לוריאל - אקסלנס קרם 9 בלונד בהיר מאוד,לוריאל Loreal,,אקסלנס קרם מס 9,Unknown,0.00,יחידה,false,,39.90,0.0000,true,1,136115
5201178801054,false,"קרם רב שימושי ניוואה 250 מ""ל",טרופיקל דגיל תעשיות,,NIVEA CREAM 250ML,גרמים,250.00,100 גרם,false,,19.90,7.9600,true,1,111158
5201184035900,false,לקקן 85 גרם,,,לקקן 85 גרם,Unknown,0.00,יחידה,false,,11.00,0.0000,true,1,128822
5201304100013,false,עארק אוזו מיני 700 מ,פרנו ריקארד הלס אבי,,עארק אוזו מיני 700 מ,מיליליטרים,700.00,"100 מ""ל",false,,75.00,10.7143,true,1,113424
5201347400545,false,רצועות שעווה מוכנות לשימוש לפנים ולאזורים רגישים,רקיט בנקיזר (ניר איסט) בעמ,,ויט ארומטיק רצועות ש,Unknown,18.00,יחידה,false,,24.90,1.3833,true,1,134082
5201583054038,false,סוכריות בטעם פירות ל,,,סוכריות בטעם פירות ל,Unknown,0.00,יחידה,false,,12.90,0.0000,true,1,125147
5201583084035,false,סוכ.4 טעמים ללא סוכר,PALLAS,,סוכריות 4 טעמים ללא,גרמים,150.00,100 גרם,false,,12.90,8.6000,true,1,125151
5201583451110,false,"חטיף שוקולד חלב לל""ס",,,"חטיף שוקולד חלב לל""ס",Unknown,0.00,יחידה,false,,5.90,0.0000,true,1,125166
5201583451219,false,חטיף שוקולד מריר עם,,,חטיף שוקולד מריר עם,Unknown,0.00,יחידה,false,,5.90,0.0000,true,1,125167
5202175001546,false,חטיף נאצוס בטעם ברביקיו 225גרם,מזרח ומערב יבוא ושיווק,,נאצוס בטעם ברביקיו 2,גרמים,225.00,100 גרם,false,,10.90,4.8444,true,1,190484
5202175002451,false,טורטייה- מאפה על בסי,אל סבור מקסיקן פוד,,מזרח ומערב טורטיה 4,Unknown,4.00,יחידה,false,,8.90,2.2250,true,1,172734
5202175002581,false,עלי טורטיה 200 גר' 5 יח'.,S Foods Mexican Sabor El,,מזרח ומערב טורטיה 5,Unknown,0.00,יחידה,false,,7.90,0.0000,true,1,135637
5202390014192,false,גבינה צהובה טבעונית זיתים ויאו לייף 200 ג',דיפלומט מפיצים (1968) בעמ**,,צהובה טבעונית עם זית,Unknown,0.00,יחידה,false,,22.90,0.0000,true,1,145920
5202390014239,false,גבינה צהובה טבעונית עשבי תיבול ויאו לייף 200 ג',דיפלומט מפיצים (1968) בעמ**,,צהובה טבעונית עם עשב,גרמים,200.00,100 גרם,false,,22.90,11.4500,true,1,145922
5202390015618,false,גבינה צהובה טבעונית אורגינל ויאו לייף 200 ג',דיפלומט מפיצים (1968) בעמ**,,צהובה טבעונית אורגינ,גרמים,200.00,100 גרם,false,,22.90,11.4500,true,1,145923
5202390016325,false,גבינה צהובה טבעונית בטעם מעושן ויאו לייף 200ג',דיפלומט מפיצים (1968) בעמ**,,צהובה טבעונית מעושנת,Unknown,0.00,יחידה,false,,22.90,0.0000,true,1,176870
5202390019319,false,מוצרלה טבעונית מגוררת ויולייף 200ג',דיפלומט מפיצים (1968) בעמ**,,ויולייף מוצרלה טבעונ,גרמים,200.00,100 גרם,false,,21.90,10.9500,true,1,182105
5202390020407,false,פטה טבעונית גוש ויולייף 200 ג',דיפלומט מפיצים (1968) בעמ**,,בסגנון פטה טבעוני 20,גרמים,200.00,100 גרם,false,,26.90,13.4500,true,1,145931
5202390021121,false,קרמי אוריגינל טבעוני ויולייף 150 גר,דיפלומט מפיצים (1968) בעמ**,,קרמי אורגינל טבעוני,גרמים,150.00,100 גרם,false,,19.90,13.2667,true,1,145933
5202460005990,false,"סנטה קלאוס 1 ק""ג",,,"סנטה קלאוס 1 ק""ג",Unknown,0.00,יחידה,false,,59.90,0.0000,true,1,202178
5202460007611,false,סנטה קלאוס 60 ג',,,סנטה קלאוס 60 ג',Unknown,0.00,יחידה,false,,4.90,0.0000,true,1,141923
5202460007628,false,סנטה קלאוס 100 ג',,,סנטה קלאוס 100 ג',Unknown,0.00,יחידה,false,,6.90,0.0000,true,1,168648
5202460007642,false,שוקולד חלב לוח שנה כ,,,שוקולד חלב לוח שנה כ,Unknown,0.00,יחידה,false,,8.90,0.0000,true,1,202180
5202460007833,false,שקית סנטה קלאוס 100,,,שקית סנטה קלאוס 100,Unknown,0.00,יחידה,false,,7.90,0.0000,true,1,187924
5202460047556,false,שקית סנטה קלאוס 200,,,שקית סנטה קלאוס 200,גרמים,200.00,100 גרם,false,,10.90,5.4500,true,1,169037
5202460910805,false,סוכריות ג'לי 800 גרם,,,סוכריות ג'לי 800 גרם,גרמים,800.00,100 גרם,false,,19.90,2.4875,true,1,172208
5202772111129,false,מוסתקה 10 גרם,,,מוסתקה 10 גרם,גרמים,100.00,100 גרם,false,,20.00,20.0000,true,1,142790
5391523057929,false,סימילאק גולד שלב 1 תרכובת מזון על בסיס חלב,אבוט מעבדות רפואיות,,סימילאק גולד שלב 1 7,Unknown,0.00,יחידה,false,,69.90,0.0000,true,1,152314
5391523057936,false,סימילאק גולד שלב 2 תרכובת מזון על בסיס חלב,אבוט מעבדות רפואיות,,סימילאק גולד שלב 2 7,Unknown,0.00,יחידה,false,,69.90,0.0000,true,1,152315
5391523057943,false,סימילאק גולד שלב 3 תרכובת מזון על בסיס חלב,אבוט מעבדות רפואיות,,סימילאק גולד שלב 3 7,Unknown,0.00,יחידה,false,,69.90,0.0000,true,1,153139
5391523058063,false,סימילאק אדבנס פלוס 1 תרכובת מזון על בסיס חלב,טרופיקל דגיל תעשיות,,סימילאק אדוונס פלוס,גרמים,700.00,100 גרם,false,,64.90,9.2714,true,1,152316
5391523058070,false,סימילאק אדבנס פלוס 3 תרכובת מזון על בסיס חלב,טרופיקל דגיל תעשיות,,סימילאק אדוונס פלוס,גרמים,700.00,100 גרם,false,,64.90,9.2714,true,1,152317
5391523058087,false,סימילאק אדבנס פלוס 2 תרכובת מזון על בסיס חלב,טרופיקל דגיל תעשיות,,סימילאק אדוונס פלוס,גרמים,700.00,100 גרם,false,,64.90,9.2714,true,1,152318
5400265024349,false,המלט מאפה מבצק עלים מסוכר 250 גר,HAMLET NV,,המלט מאפה בצק עלים מ,גרמים,250.00,100 גרם,false,,12.90,5.1600,true,1,131121
5410091677992,false,"סאיוס - ספריי לשיער לייצוב מקסימלי 400 מ""ל",שוורצקופף והנקל,,סאיוס ספריי לשיער לי,מיליליטרים,400.00,"100 מ""ל",false,,30.00,7.5000,true,1,186072
5410091678005,false,"סאיוס - ספריי לשיער ליצירת נפח 400 מ""ל",הנקל סוד בעמ,,סאיוס ספריי לשיער לי,מיליליטרים,400.00,"100 מ""ל",false,,30.00,7.5000,true,1,125885
5410091678043,false,"סאיוס - מוס לשיער מתולתל 250 מ""ל",הנקל סוד בעמ,,סאיוס מוס לשיער לשיע,מיליליטרים,250.00,"100 מ""ל",false,,27.90,11.1600,true,1,186074
5410091708955,false,"סאיוס ספריי קרטין סטיילינג 400מ""ל",שוורצקופף והנקל,,סאיוס ספריי לשיער קר,מיליליטרים,400.00,"100 מ""ל",false,,30.00,7.5000,true,1,125889
5410103161518,false,קרם יום עם פעולה משולשת לעור רגיל ומעורב,לוריאל ישראל קוסמטיקס בעמ,,דרמו פעולה משולשת רג,Unknown,0.00,יחידה,false,,49.90,0.0000,true,1,136117
5410103161617,false,קרם יום עם פעולה משולשת Triple active לעור יבש ועדין,לוריאל ישראל קוסמטיקס בעמ,,דרמו פעולה משולשת יב,Unknown,50.00,יחידה,false,,49.90,0.9980,true,1,136118
5410126006087,false,ביסקויט ביסקפה לוטוס בטעם קרמל 700גר`ב,דיפלומט מפיצים (1968) בעמ**,,לוטוס עוגיות קרמל 70,גרמים,700.00,100 גרם,false,,25.90,3.7000,true,1,140576
5410126006360,false,לוטוס עוגיות סנדוויץ' במילוי לוטוס 150 גר',דיפלומט מפיצים (1968) בעמ**,,לוטוס עוגיות סנדוויץ,גרמים,150.00,100 גרם,false,,8.90,5.9333,true,1,186533
5410126106022,false,לוטוס ביסקויט מארז חג 2*250ג.,דיפלומט מפיצים (1968) בעמ**,,עוגיות לוטוס זוג 2*2,גרמים,500.00,100 גרם,false,,16.90,3.3800,true,1,189137
5410126106183,false,עוגיות לוטוס 50 יחידות ארוזות בנפרד 312 גרם,דיפלומט מפיצים (1968) בעמ**,,ביסקוויט קרמל 312 גר,Unknown,50.00,יחידה,false,,16.90,0.3380,true,1,140579
5410126116953,false,ממרח ביסקוויט קרמל לוטוס (400 גרם),דיפלומט מפיצים (1968) בעמ**,,לוטוס ממרח ביסקוויט,גרמים,400.00,100 גרם,false,,22.90,5.7250,true,1,140581
5410126666038,false,"ביסקוויט קרמל לוטוס 279 גרם בד""צ",דיפלומט מפיצים (1968) בעמ**,,עוגיות לוטוס 279 גרם,גרמים,279.00,100 גרם,false,,12.90,4.6237,true,1,140583
5410126716016,false,"עוגיות לוטוס ביסקויט קרמל בד""צ 250 גרם",דיפלומט מפיצים (1968) בעמ**,,ביסקוויט בטעם קרמל ל,גרמים,250.00,100 גרם,false,,12.90,5.1600,true,1,140585
5410126726947,false,ממרח ביסקוויט קרמל קראנץ' לוטוס 380 גרם,דיפלומט מפיצים (1968) בעמ**,,לוטוס קראנץ ממרח עוג,גרמים,380.00,100 גרם,false,,23.90,6.2895,true,1,140586
5410291021991,false,ממרח אגוזי לוז עם קקאו צ`וקטה (700 גרם),ש. שסטוביץ בע`מ,,צוקטה ממרח אגוזי לוז,גרמים,700.00,100 גרם,false,,18.90,2.7000,true,1,120979
5410291022011,false,ממרח אגוזי לוז עם קקאו צ`וקטה (350 גרם),ש. שסטוביץ בע`מ,,צוקטה ממרח אגוזי לוז,גרמים,350.00,100 גרם,false,,10.90,3.1143,true,1,120980
5410291022776,false,צ`וקטה ממרח אגוזי לוז עם קקאו 700 גר`,ש. שסטוביץ בע`מ,,צוקטה ממרח אגוזי לוז,גרמים,700.00,100 גרם,false,,18.90,2.7000,true,1,120984
5411188081852,false,אלפרו משקה סויה בטעם וניל 1 ליטר,הנסיך- מפעל לייצור ט,,אלפרו משקה סויה בטעם,קילוגרמים,1.00,ליטר,false,,14.90,14.9000,true,1,128070
5411188094159,false,רביעיית מעדן סויה שוקו מריר אלפרו 125 גרם,הנסיך- מפעל לייצור ט,,אלפרו מעדן סויה שוק.,גרמים,500.00,100 גרם,false,,17.20,3.4400,true,1,128071
5411188110835,false,אלפרו חלב סויה שקדים וניל 1ל',הנסיך- מפעל לייצור ט,,אלפרו חלב שקדים 1 לי,קילוגרמים,1.00,ליטר,false,,13.90,13.9000,true,1,128075
5411188112549,false,משקה קוקוס אלפרו 1 ליטר משקה אורז 1 ליטר,הנסיך- מפעל לייצור ט,,אלפרו משקה אורז 1 לי,קילוגרמים,1.00,ליטר,false,,13.90,13.9000,true,1,128078
5411188112709,false,"משקה קוקוס אלפרו 1 ליטר משקה שקדים לל""ס",הנסיך- מפעל לייצור ט,,אלפרו משקה שקדים ללא,קילוגרמים,1.00,ליטר,false,,13.90,13.9000,true,1,128079
5411188115366,false,משקה קוקוס אלפרו 1 ליטר משקה שיבולת שועל 1 ליטר,הנסיך- מפעל לייצור ט,,אלפרו משקה שיבולת שו,קילוגרמים,1.00,ליטר,false,,13.90,13.9000,true,1,128081
5411188115434,false,משקה אלפרו בריסטה סויה 1 ליטר,"שטראוס גרופ בע""מ",,אלפרו משקה בריסטה סו,קילוגרמים,1.00,ליטר,false,,13.90,13.9000,true,1,195363
5411188115472,false,משקה סויה אלפרו 1 ליטר,הנסיך- מפעל לייצור ט,,אלפרו משקה סויה 1 לי,קילוגרמים,1.00,ליטר,false,,11.90,11.9000,true,1,164100
5411188118732,false,משקה קוקוס ושקדים אלפרו (1 ליטר),הנסיך- מפעל לייצור ט,,אלפרו משקה קוקוס שקד,קילוגרמים,1.00,ליטר,false,,13.90,13.9000,true,1,128084
5411188120742,false,משקה קוקוס אלפרו 1 ליטר שקדים וניל 1 ל',הנסיך- מפעל לייצור ט,,אלפרו משקה שקדים בטע,קילוגרמים,1.00,ליטר,false,,14.90,14.9000,true,1,128087
5411188120957,false,"אלפרו תערובת לבישול על בסיס קוקוס 250 מ""ל",שטראוס גרופ בעמ/מצונן,,אלפרו תערובת לבישול,מיליליטרים,250.00,"100 מ""ל",false,,9.90,3.9600,true,1,195361
5411188121923,false,"משקה סויה מועשר סידן אלפרו 3*250 מ""ל",הנסיך- מפעל לייצור ט,,אלפרו סויה סידן 3*25,גרמים,750.00,100 גרם,false,,14.80,1.9733,true,1,128090
5411188121978,false,אלפרו משקה סויה עמיד מועשר בסידן 3*250,שטראוס גרופ בע`מ,,אלפרו סויה 3*250 מל,גרמים,750.00,100 גרם,false,,14.80,1.9733,true,1,128091
5411188122661,false,אלפרו משקה שקדים לא קלויים ללא תוספת סוכר 1 ל',הנסיך- מפעל לייצור ט,,אלפרו משקה שקדים ללא,קילוגרמים,1.00,ליטר,false,,13.90,13.9000,true,1,128094
5411188124689,false,משקה אלפרו שיבולת שועל ללא סוכר 1 ליטר,שטראוס גרופ בע`מ,,אלפרו משקה שיבולת שו,קילוגרמים,1.00,ליטר,false,,13.90,13.9000,true,1,166738
5411188127697,false,אלפרו משקה בריסטה שיבולת שועל 1 ליטר,הנסיך- מפעל לייצור ט,,אלפרו בריסטה שיבולת,קילוגרמים,1.00,ליטר,false,,13.90,13.9000,true,1,164098
5411188129899,false,משקה אלפרו בריסטה שקדים 1 ליטר,הנסיך- מפעל לייצור ט,,אלפרו בריסטה שקדים 1,קילוגרמים,1.00,ליטר,false,,13.90,13.9000,true,1,164099
5411188133476,false,אלפרו משקה סויה שוקו+חלבון 250 גרם בית יוסף,שטראוס גרופ בעמ/מצונן,,אלפרו משקה סויה שוקו,מיליליטרים,250.00,"100 מ""ל",false,,7.90,3.1600,true,1,185362
5411188133490,false,אלפרו משקה סויה קפה קרמל+חלבון 250 גרם בית יוסף,שטראוס גרופ בעמ/מצונן,,אלפרו משקה סויה קפה,מיליליטרים,250.00,"100 מ""ל",false,,7.90,3.1600,true,1,185363
5411188134985,false,אלפרו 3.5% NOT M*LK שיבולת שועל 1 ליטר בית יוסף,שטראוס גרופ בעמ/מצונן,,אלפרו 3.5% שומן משקה,קילוגרמים,1.00,ליטר,false,,14.90,14.9000,true,1,185365
5411188135005,false,אלפרו 1.8% NOT M*LK שיבולת שועל 1 ליטר בית יוסף,שטראוס גרופ בעמ/מצונן,,אלפרו 1.8% שומן שיבו,קילוגרמים,1.00,ליטר,false,,14.90,14.9000,true,1,185364
5411188543398,false,משקה סויה ללא סוכר אלפרו 1 ליטר,הנסיך- מפעל לייצור ט,,"אלפרו משקה סויה לל""ס",מיליליטרים,1000.00,"100 מ""ל",false,,11.90,1.1900,true,1,164101
5412514999919,false,פוקו-לוקו סלסה מקסיקנית 325 גרם,,,סלסה מקסיקנית 325 גר,גרמים,325.00,100 גרם,false,,19.90,6.1231,true,1,172796
5412514999933,false,פוקו לוקו -סלסה חריפה 325 גרם,,,רוטב סלסה חריפה 325,גרמים,325.00,100 גרם,false,,19.90,6.1231,true,1,172797
5412514999957,false,סלסה גוואקמולה 300 גרם,אן. וי סנק פוד,,רוטב גואקמולה 300 גר,גרמים,300.00,100 גרם,false,,28.90,9.6333,true,1,172799
5413121355082,false,שוקולד בלגי מריר משובח 72 פרסטיז 100 גרם,BCG,,פרסטיז בלגיאן שוק.מר,גרמים,100.00,100 גרם,false,,11.90,11.9000,true,1,131129
5413121358694,false,שוקולד בלגי מריר משובח 85%פרסטיז 100 גרם,BCG,,פרסטיז בלגיאן שוק.מר,גרמים,100.00,100 גרם,false,,11.90,11.9000,true,1,131134
5413149922907,false,"אבקת כביסה קולור וסטייל 5 ק""ג אריאל",דיפלומט מפיצים (1986) בע`מ,,אריאל אבקת כביסה קול,פריט,5.00,"ק""ג",false,,49.90,9.9800,true,1,172564
5413149922938,false,"אריאל אבקת כביסה שושן צחור, 5 ק""ג",דיפלומט מפיצים (1986) בע`מ,,אריאל אבקת כביסה שוש,פריט,5.00,"ק""ג",false,,49.90,9.9800,true,1,172565
5413216990242,false,בונבוניירה צדפים ממולאים בקרם אגוזים,ש. שסטוביץ בע`מ,,צ'וקטה צדפי שוקולד 2,גרמים,250.00,100 גרם,false,,14.90,5.9600,true,1,120988
5413548040479,false,בונבוניירה רפאלו 240 גרם,פרימיום-חברה לדברי מתיקה ולמסח,,בונבוניירה רפאלו 240,גרמים,240.00,100 גרם,false,,24.90,10.3750,true,1,154188
5449000000996,false,פחית קוקה קולה מאור הכשרות,קוקה קולה אירופה,,קוקה קולה פחית 330 מ,מיליליטרים,330.00,"100 מ""ל",false,,6.90,2.0909,true,1,202827
5449000131805,false,"פחית קוקה קולה זירו בעלז 330מ""ל",טאצ וואן בעמ,,קוקה קולה זירו פחית,מיליליטרים,330.00,"100 מ""ל",false,,6.90,2.0909,true,1,202825
5601008200444,false,עוגיות גודיס טבעות מצופות שוקולד חלב מרבה 150 גרם,הנסיך- מפעל לייצור ט,,גודיס עוגיות טבעת מצ,גרמים,150.00,100 גרם,false,,5.90,3.9333,true,1,128100
5601008200451,false,עוגיות גודיס טבעות מצופות שוקולד מריר מרבה 150 גרם,ש. שסטוביץ בע`מ,,גודיס עוגיות טבעת מצ,גרמים,150.00,100 גרם,false,,5.90,3.9333,true,1,128101
5601008200468,false,עוגיות גודיס טבעות מצופות שוקולד לבו מרבה 150 גרם,קריניציה ויטמינה אס,,גודיס עוגיות טבעת מצ,גרמים,150.00,100 גרם,false,,5.90,3.9333,true,1,128102
5601036205534,false,צבע לשיער אקסלנס קרם - 1 שחור,לוריאל Loreal,,אקסלנס צבע שיער שחור,Unknown,0.00,יחידה,false,,39.90,0.0000,true,1,136119
5601036205558,false,צבע לשיער אקסלנס קרם - 4 חום כהה,לוריאל Loreal,,אקסלנס צבע שיער חום,Unknown,0.00,יחידה,false,,39.90,0.0000,true,1,136121
5601036205589,false,צבע לשיער אקסלנס קרם - 5 חום טבעי,לוריאל Loreal,,אקסלנס צבע שיער חום,Unknown,0.00,יחידה,false,,39.90,0.0000,true,1,136123
5601036205602,false,צבע לשיער אקסלנס קרם - 5.5 חום מהגוני,לוריאל ישראל קוסמטיקס בע,,אקסלנס צבע שיער חום,Unknown,0.00,יחידה,false,,39.90,0.0000,true,1,136125
5601036205626,false,צבע לשיער אקסלנס קרם - 6 בלונד כהה,לוריאל Loreal,,אקסלנס קרם בלונד כהה,Unknown,0.00,יחידה,false,,39.90,0.0000,true,1,136127
5601036205657,false,צבע לשיער אקסלנס קרם - 7 בלונד,לוריאל Loreal,,אקסלנס צבע שיער בלונ,Unknown,0.00,יחידה,false,,39.90,0.0000,true,1,136128
5601036205688,false,לוריאל - אקסלנס קרם 8 בלונד בהיר,ליברמו,,אקסלנס קרם מס 8,Unknown,0.00,יחידה,false,,39.90,0.0000,true,1,136131
5601036205695,false,לוריאל - אקסלנס קרם 8.1 בלונד בהיר אפרפר,ליברמו,,אקסלנס קרם לשיער,Unknown,0.00,יחידה,false,,39.90,0.0000,true,1,136132
5601151428207,false,קומפל נקטר פפאיה 1 ל,טמפו 7.5%,,קומפל נקטר פפאיה 1 ל,קילוגרמים,1.00,ליטר,false,,12.00,12.0000,true,1,142348
5601151543450,false,קומפל נקטר פסיפלורה,טמפו 7.5%,,קומפל נקטר פסיפלורה,קילוגרמים,1.00,ליטר,false,,12.00,12.0000,true,1,142352
5601151998588,false,קומפל נקטר שזיפים 1,טמפו 7.5%,,קומפל נקטר שזיפים 1,קילוגרמים,1.00,ליטר,false,,12.00,12.0000,true,1,142354
5601217129420,false,וולייט דפים למניעת העברת צבע 20 יחידות,רקיט בנקיזר (ניר איסט) בעמ,,וולייט דפים 20 יח',Unknown,0.00,יחידה,false,,19.90,0.0000,true,1,134083
5602412163905,false,"סכין קצב 18 ס""מ 1639",,,"סכין קצב 18 ס""מ 1639",Unknown,0.00,יחידה,false,,69.90,0.0000,true,1,173716
5604912415041,false,סרדינים בשמן חמניה פורטוס 125 גרם,קונסרבס פורטוגל נורטה לי,,סרדיני פורטוס בשמן ח,גרמים,125.00,100 גרם,false,,7.90,6.3200,true,1,140588
5604912425057,false,מקרלים בשמן חמניה חריף פורטוס 125 גרם,קונסרבס פורטוגל נורטה לי,,סטארקיסט מקרלים בשמן,גרמים,125.00,100 גרם,false,,7.90,6.3200,true,1,140591
5694230223312,false,כבד דג במיץ טבעי 121 גר BRIVAIS VILNIS,איי סי קורה אי .איץ.,,שימורי כבד דג במיץ ט,גרמים,121.00,100 גרם,false,,9.90,8.1818,true,1,145902
5701215042391,false,גבינת קממברט 125גר',,,קממברט 125 גר,Unknown,0.00,יחידה,false,,19.90,0.0000,true,1,146846
5701215042407,false,גבינת ברי אורנהולט 125ג',,,ברי 125 גר אורנהולט,Unknown,0.00,יחידה,false,,19.90,0.0000,true,1,146847
5701397337735,false,בוטנים בתערובת פירות,snack foods,,בוטנים בתערובת פירות,גרמים,175.00,100 גרם,false,,11.90,6.8000,true,1,113922
5701932026964,false,"הוטפופ גרעיני תירס להכנת פופקורן במיקרוגל בטעם טבעי, בתוספת מלח, 600 גרם",ליימן שליסל בע`מ,,פופקורן טעם מלח 600,גרמים,600.00,100 גרם,false,,14.90,2.4833,true,1,120990
5701932026971,false,הוטפופ גרעיני תירס להכנת פופקורן במיקרוגל בטעם חמאה 600 גרם,ליימן שליסל בע`מ,,פופ קורן בטעם חמאה 6,גרמים,600.00,100 גרם,false,,14.90,2.4833,true,1,120991
5701932026995,false,"הוטפופ גרעיני תירס להכנת פופקורן במיקרוגל בטעם טבעי מופחת שומן, 510 גרם",קריניציה ויטמינה אס,,הוט פופ לייט בטעם טב,גרמים,510.00,100 גרם,false,,14.90,2.9216,true,1,120992
5709364660480,false,ביסקה עוגיות דניות 3,,,ביסקה עוגיות דניות 3,גרמים,375.00,100 גרם,false,,12.90,3.4400,true,1,125219
5711953106583,false,גבינת שמנת בטעם טבעי 200 גרם ארלה,שטראוס גרופ בעמ/מצונן,,ארלה גבינת שמנת טבעי,גרמים,200.00,100 גרם,false,,14.90,7.4500,true,1,139788
5711953106590,false,גבינת שמנת ארלה שמנת שום 200 גרם,שטראוס גרופ בעמ/מצונן,,ארלה גבינת שמנת שום,גרמים,200.00,100 גרם,false,,14.90,7.4500,true,1,139789
5711953106606,false,גבינת שמנת עם תבלינים ועשבי תיבול 23.5%,שטראוס גרופ בעמ/מצונן,,ארלה גבינת שמנת עשבי,גרמים,200.00,100 גרם,false,,14.90,7.4500,true,1,139790
5711953148347,false,גבינת שמנת בטעם טבעי 300 גרם ארלה,שטראוס גרופ בעמ (ח),,ארלה גבינת שמנת טבעי,גרמים,300.00,100 גרם,false,,25.90,8.6333,true,1,201205
5740900403215,false,ממרח חמאה דנית לורפק עם מלח 250 גרם,שטראוס גרופ בעמ/מצונן,,ממרח חמאה לורפק עם מ,גרמים,250.00,100 גרם,false,,16.90,6.7600,true,1,139792
5740900403222,false,ממרח לורפק חמאה עם מלח מופחת שומן 250 ג,שטראוס גרופ בעמ/מצונן,,ממרח חמאה לורפק עם מ,גרמים,250.00,100 גרם,false,,16.90,6.7600,true,1,139793
5740900403239,false,ממרח חמאה דנית לורפק ללא מלח 250 גרם,שטראוס גרופ בעמ/מצונן,,ממרח חמאה לורפק ללא,גרמים,250.00,100 גרם,false,,16.90,6.7600,true,1,139794
5740900403246,false,ממרח לורפק ללא תוספת מלח 500 גר,שטראוס גרופ בעמ/מצונן,,ממרח חמאה לורפק ללא,גרמים,500.00,100 גרם,false,,27.90,5.5800,true,1,139795
5740900403253,false,ממרח מחמאת לורפק עם מלח 500 ג',שטראוס גרופ בעמ/מצונן,,ממרח חמאה לורפק עם מ,גרמים,500.00,100 גרם,false,,27.90,5.5800,true,1,139796
5740900403260,false,ממרח מחמאת לורפק ללא מלח 27% פחות שומן,שטראוס גרופ בעמ/מצונן,,ממרח חמאה לורפק ללא,גרמים,250.00,100 גרם,false,,16.90,6.7600,true,1,139797
5900020012814,false,דגנים תפוחים בטעם שוקולד נסקוויק נסטלה 500 גרם,קבוצת אוסם סחר שותפות מוגבלת,,נסקוויק דגני בוקר 50,גרמים,500.00,100 גרם,false,,26.90,5.3800,true,1,126366
5900020015174,false,פיטנס חטיפי אנרגיה דגנים בטעם שוקולד נסטלה 6*23.5 גרם,קבוצת אוסם סחר-שות.מוגבלת,,פיטנס חטיף דגנים שוק,גרמים,141.00,100 גרם,false,,17.90,12.6950,true,1,126367
5900020018908,false,פיטנס חטיפי אנרגיה דגנים בטעם קרם עוגיות נסטלה 6*23.5 גרם,קבוצת אוסם סחר-שות.מוגבלת,,פיטנס חטיף דגנים עוג,גרמים,141.00,100 גרם,false,,17.90,12.6950,true,1,126368
5900020020741,false,חטיפי דגנים נסקוויק בר שוקו שוקו 6*25 גר,קבוצת אוסם סחר שותפות מוגבלת,,נסקוויק בר שוקו שוקו,גרמים,150.00,100 גרם,false,,17.90,11.9333,true,1,126371
5900020022325,false,חטיף סיני מיניס Cini Minis בטעם קינמון - 6 במארז,קבוצת אוסם סחר שותפות מוגבלת,,סיני מיניס בר דגנים,Unknown,6.00,יחידה,false,,17.90,2.9833,true,1,126373
5900020024770,false,פיטנס - דליס חטיף דגנים שוקולד אגוז 22.50 גרם * 6,קבוצת אוסם סחר שותפות מוגבלת,,פיטנס בר דליס שוקולד,גרמים,135.00,100 גרם,false,,17.90,13.2593,true,1,126374
5900020024817,false,פיטנס דליס Fitness Delice חטיף דגנים עם שוקולד לבן,קבוצת אוסם סחר שותפות מוגבלת,,פיטנס בר דליס שוקולד,Unknown,6.00,יחידה,false,,17.90,2.9833,true,1,126375
5900020026552,false,דגני בוקר האני נאט צ'יריוס בטעם דבש ושקדים,קבוצת אוסם סחר שותפות מוגבלת,,האני נאט ציריוס חדש,גרמים,615.00,100 גרם,false,,26.90,4.3740,true,1,126381
5900020031877,false,נסטלה האני ציריוס חטיף דגני בוקר שישייה,קבוצת אוסם סחר-שות.מוגבלת,,צ'יריוס האני חטיף דג,גרמים,141.00,100 גרם,false,,17.90,12.6950,true,1,126386
5900020033314,false,חטיף דגני בוקר Lion בטעם קרמל ושוקולד על קרם חלב,קבוצת אוסם סחר שותפות מוגבלת,,ליון חטיף דגנים 25 ג,גרמים,141.00,100 גרם,false,,17.90,12.6950,true,1,126387
5900020034021,false,פיטנס חטיף דגנים שוקו בננה נסטלה (23.5x6,קבוצת אוסם סחר שותפות מוגבלת,,פיטנס מארז חטיפים דג,Unknown,0.00,יחידה,false,,17.90,0.0000,true,1,126388
5900020036407,false,ליון דגני בוקר שוקולד וקרמל נסטלה 480 גרם,קבוצת אוסם סחר שותפות מוגבלת,,ליון דגני בוקר שוקול,גרמים,480.00,100 גרם,false,,26.90,5.6042,true,1,161071
5900020037916,false,דגני בוקר שיבולת שועל צ'ריוס 375ג',קבוצת אוסם סחר שותפות מוגבלת,,ציריוס שיבולת שועל 3,גרמים,375.00,100 גרם,false,,17.90,4.7733,true,1,171072
5900020039590,false,פיטנס חטיף דגנים קלאסי 6.8*23.5גר פרווה,קבוצת אוסם סחר-שות.מוגבלת,,פיטנס חטיף דגנים קלא,Unknown,0.00,יחידה,false,,17.90,0.0000,true,1,183434
5900020039620,false,פיטנס חטיף דגנים שקדים ודבש פרווה 8 6*23 ג,קבוצת אוסם סחר שותפות מוגבלת,,פיטנס חטיף דגנים שקד,Unknown,0.00,יחידה,false,,17.90,0.0000,true,1,183435
5900617035905,false,חטיף חלבון נוטרישיין בטעם קרמל מלוח,סיטי תוספי מזון,,חטיף פרוטאין 33% בטע,Unknown,0.00,יחידה,false,,10.90,0.0000,true,1,191861
5900627026429,false,"סיליט באנג גיל לניקוי אסלות בתוספת אקונומיקה 750מ""ל",תה ויסוצקי בע`מ,,סיליט באנג מנקה ומחט,מיליליטרים,750.00,"100 מ""ל",false,,12.90,1.7200,true,1,198136
5900627027020,false,"ויט קרם להסרת שיער בזמן מקלחת לעור רגיל 150 מ""ל",רקיט בנקיזר (ניר איסט) בעמ,,ויט ספא תמציות משי 1,Unknown,0.00,יחידה,false,,29.90,0.0000,true,1,134086
5900627063233,false,טבליות למדיח הכל ב-1 פיניש מקס 50 יחידות,רקיט בנקיזר (ניר איסט) בעמ,,פיניש אלו מקס 50 טבל,Unknown,0.00,יחידה,false,,36.90,0.0000,true,1,134088
5900627066715,false,טבליות למדיח פיניש הכל ב-1 100 יח,רקיט בנקיזר (ניר איסט) בעמ,,פיניש 100 טבליות AIO,Unknown,100.00,יחידה,false,,59.90,0.5990,true,1,134089
5900820014230,false,גבינה מתכת נורווסקי סלמון 150ג' -מלקפול,מלקפול,,נורווסקי סלמון 150 ג,גרמים,150.00,100 גרם,false,,13.90,9.2667,true,1,146853
5900951284571,false,אוכל לכלבים פדיגרי ב,שחורי אריה ואנסטסיה,,פדיגרי פחית בקר 400,גרמים,400.00,100 גרם,false,,9.90,2.4750,true,1,170258
5901414200411,false,בלזן היט מיני ביסקוויט סנדוויץ' עם מילוי קרם בטעם שוקולד 130 גרם,ליימן שליסל בע`מ,,היט מיניס קרם קקאו 1,גרמים,130.00,100 גרם,false,,7.00,5.3846,true,1,120994
5901888020508,false,FREEYU חטיף דגנים עם קינואה בטעם צ'ילי 70 גרם,"דנשר (1963) בע,מ",,FREEYU חטיף דגנים עם,Unknown,0.00,יחידה,false,,12.90,0.0000,true,1,198561
5901888020546,false,FREEYU חטיף דגנים עם קינואה ומלח ים 70 גרם,"דנשר (1963) בע,מ",,FREEYU חטיף דגנים עם,Unknown,0.00,יחידה,false,,12.90,0.0000,true,1,198560
5902198160403,false,XL משקה אנרגיה מוגז ללא סוכר עד 10 קלוריות לפחית 250 מל,"טמפו משקאות בע""\מ",,"אקס אל ten 250 מ""ל",מיליליטרים,250.00,"100 מ""ל",false,,5.00,2.0000,true,1,142355
5904941750312,false,"משקה אנרגיה BLU מוחיטו בודד 250 מ""ל",בני פאוזי שמשום (2009) בעמ,,בלו משקה אנרגיה מוחי,מיליליטרים,250.00,"100 מ""ל",false,,5.90,2.3600,true,1,115049
5904941751302,false,משקה אנרגיה בפחית בלו (250 מל),בני פאוזי שמשום (2009) בעמ,,בלו משקה אנרגיה 250,מיליליטרים,250.00,"100 מ""ל",false,,5.00,2.0000,true,1,115050
5904941751371,false,"בלו אקזוטי (מלון תפוח) 250 מ""ל בודד",בני פאוזי שמשום (2009) בעמ,,בלו משקה אנרגיה אקזו,מיליליטרים,250.00,"100 מ""ל",false,,5.00,2.0000,true,1,168431
5904941751524,false,"משקה אנרגיה BLU DAY אבטיח בודד 250 מ""ל",בני פאוזי שמשום (2009) בעמ,,בלו משקה אנרגיה די א,מיליליטרים,250.00,"100 מ""ל",false,,5.90,2.3600,true,1,115052
5904941751920,false,בלו משקה אנרגיה דיי חצי מכמות הקלו250 מל,בני פאוזי שמשום (2009) בעמ,,בלו משקה אנרגיה דיי,מיליליטרים,250.00,"100 מ""ל",false,,5.90,2.3600,true,1,115056
5904941751975,false,"בלו משקה אנרגיה דיי ענבים 250 מ""ל",בני פאוזי שמשום (2009) בעמ,,בלו משקה אנרגיה ענבי,מיליליטרים,250.00,"100 מ""ל",false,,5.00,2.0000,true,1,168432
5906485301012,false,משקה אנרגיה XL מוגז פחית 250 מל,טמפו משקאות בע`מ,,אקס אל משקה אנרגיה 2,מיליליטרים,250.00,"100 מ""ל",false,,5.00,2.0000,true,1,142356
5906735236491,false,לה ריב סט CASH Wבושם+דאו',,,לה ריב סט CASH בושם,Unknown,0.00,יחידה,false,,39.90,0.0000,true,1,110722
5942326400490,false,מים אקווה קרפטיקה זכ,,,מים אקווה קרפטיקה זכ,מיליליטרים,750.00,"100 מ""ל",false,,7.90,1.0533,true,1,153178
5942326400582,false,מים אקווה קרפטיקה 1,,,מים אקווה קרפטיקה 1,קילוגרמים,1.00,ליטר,false,,4.50,4.5000,true,1,153181
5942326401145,false,"מים בקבוקים 6*250 מ""",,,"מים בקבוקים 6*250 מ""",Unknown,0.00,יחידה,false,,12.90,0.0000,true,1,153184
5949152110821,false,"איירוויק מבשם אוויר ומנטרל ריחות – לילות לבנים 237 מ""ל",רקיט בנקיזר (ניר איסט) בעמ,,איירוויק מבשם אוויר,מיליליטרים,345.00,"100 מ""ל",false,,14.90,4.3188,true,1,199443
5949152110838,false,"איירוויק מבשם אוויר ומנטרל ריחות - גשמים סגולים 237 מ""ל",רקיט בנקיזר (ניר איסט) בעמ,,איירוויק מבשם אוויר,מיליליטרים,345.00,"100 מ""ל",false,,14.90,4.3188,true,1,199444
5997321701806,false,אבקה למניעת אבנית במכונת כביסה 2 ב-1,רקיט בנקיזר (ניר איסט) בעמ,,קלגון אבקה למניעת אב,Unknown,0.00,יחידה,false,,29.90,0.0000,true,1,134090
5997321770307,false,ויט רצועות שעווה מוכנות לעור רגיש 12 יחידות,רקיט בנקיזר (ניר איסט) בעמ,,ויט רצועות שעווה לעו,Unknown,12.00,יחידה,false,,24.90,2.0750,true,1,134091
5998710132201,false,בונבוניירה רושן דובדבן ליקר שרי 132 גרם,דילר בי.אמ.די.אינטרנשיונל בעמ,,בונבוניירה 132 גר CH,גרמים,132.00,100 גרם,false,,16.90,12.8030,true,1,188624
5998749109113,false,פדיגרי דנטאסטיקס כלב לארג 270 גרם (7 יח') BP40S,שחורי אריה ואנסטסיה,,דנטה סטיקס 270ג,גרמים,270.00,100 גרם,false,,19.90,7.3704,true,1,121901
5999076221561,false,חטיף חלבון זירו בר שוקולד בננה 50 גרם,,,20 יחידות ZERO BAR ח,Unknown,0.00,יחידה,false,,15.00,0.0000,true,1,195978
5999076228379,false,חלבון צמחוני 500ג -,,,חלבון צמחוני 500ג -,Unknown,0.00,יחידה,false,,129.90,0.0000,true,1,192601
5999076233144,false,רוטב ZERO 350 ML - א,,,רוטב ZERO 350 ML - א,Unknown,0.00,יחידה,false,,35.90,0.0000,true,1,192612
5999076234110,false,Spirulina 100 tbl -,,,Spirulina 100 tbl -,Unknown,0.00,יחידה,false,,59.90,0.0000,true,1,192615
5999076236190,false,תערובת לפנקייק מאושר,,,תערובת לפנקייק מאושר,Unknown,0.00,יחידה,false,,119.90,0.0000,true,1,192617
5999076239757,false,תערובת אפייה של בראו,,,תערובת אפייה של בראו,גרמים,600.00,100 גרם,false,,110.90,18.4833,true,1,195937
6001067017332,false,קולגייט מברשת שיניים מדיום 360 אופטיק ווייט,קולגייט-פלמוליב,,קולגייט מברשת 360 או,Unknown,0.00,יחידה,false,,16.90,0.0000,true,1,197490
6001067017530,false,מברשת שיניים קולגייט לילדים מגיל שנתיים עד חמש 1 יחידה,יבואן ומשווק: ש. שסט,,קולגייט מברשת ילדים,Unknown,1.00,יחידה,false,,13.90,13.9000,true,1,128104
6003105001396,false,תבלין לימון ופלפל שח,INA PAARMANS,,תבלין לימון ופלפל שח,מיליליטרים,200.00,"100 מ""ל",false,,22.90,11.4500,true,1,180239
6003105003260,false,"ציר ירקות מרוכז 200 מ""ל אינה פארמנס",INA PAARMANS,,ציר ירקות מרוכז 200,מיליליטרים,200.00,"100 מ""ל",false,,29.90,14.9500,true,1,180250
6003770000670,false,רוטב ננדוס אקסטרא חר,NANDOS,,רוטב פרי פרי אקסטרה,גרמים,250.00,100 גרם,false,,22.90,9.1600,true,1,180260
6006507005894,false,תערובת לימון ופלפל מ,cape herb and spices,,שייקר לימון ופלפל שח,גרמים,290.00,100 גרם,false,,19.90,6.8621,true,1,180279
6006570000079,false,CAPE HERBS צ'ילי חריף 75 גרם,cape herb and spices,,צ'ילי חריף 75 גרם CA,Unknown,0.00,יחידה,false,,19.90,0.0000,true,1,180284
6006570000093,false,תבלין כאפה הרבס ציפו,cape herb and spices,,צ'יפוטלה 80 גרם CAPE,Unknown,0.00,יחידה,false,,19.90,0.0000,true,1,180285
6111094000013,false,קוסקוס להכנה מהירה דארי (1 קג),תומר ייבוא ושיווק מוצרי מזון [,,תומר קוסקוס דק/בינונ,גרמים,1000.00,100 גרם,false,,19.90,1.9900,true,1,118471
6111094000198,false,קוסקוס דארי בינוני 350 גרם,דארי קוספאט אס. איי. או,,תומר קוסקוס דארי דק,גרמים,350.00,100 גרם,false,,7.90,2.2571,true,1,129829
6111094000242,false,תומר קוסקוס דארי דק 500גר,תומר ייבוא ושיווק מוצרי מזון [,,תומר קוסקוס דארי דק,גרמים,500.00,100 גרם,false,,10.90,2.1800,true,1,118473
6111094000259,false,קוסקוס להכנה מהירה דארי (500 גרם),תומר ייבוא ושיווק מוצרי מזון [,,תומר קוסקוס דארי בינ,גרמים,500.00,100 גרם,false,,10.90,2.1800,true,1,118474
6118000240501,false,סרדינים מרוקאים בשמן סויה עם פלפל חריף - 125 גרם,דין שיווק וקליה 2021 בעמ,,סרדינים מרוקאים בשמן,גרמים,125.00,100 גרם,false,,4.90,3.9200,true,1,134314
6221208015311,false,קנקן זכוכית,,,קנקן זכוכית,Unknown,0.00,יחידה,false,,14.90,0.0000,true,1,186305
6224000246075,false,סיר חשמלי,,,סיר חשמלי,Unknown,0.00,יחידה,false,,79.90,0.0000,true,1,186323
6224000246419,false,סיר קובני,,,סיר קובני,Unknown,0.00,יחידה,false,,14.90,0.0000,true,1,186327
6224000246426,false,תבנית עוגה 28 סמ,,,תבנית עוגה 28 סמ,Unknown,0.00,יחידה,false,,34.90,0.0000,true,1,187304
6224000246525,false,סיר קובני,,,סיר קובני,Unknown,0.00,יחידה,false,,29.09,0.0000,true,1,186333
6224000246556,false,סיר חשמלי,,,סיר חשמלי,Unknown,0.00,יחידה,false,,79.90,0.0000,true,1,201657
6251580008137,false,בשר אקסטרא 340 גרם,,,בשר אקסטרא 340 גרם,גרמים,340.00,100 גרם,false,,14.90,4.3824,true,1,201997
6251883017348,false,שולחן פלסטיק לבן 1.80 מתקפל,ש.עג`מי חשמל פלוס בעמ,,שולחן מתקפל 1.80 מטר,Unknown,0.00,יחידה,false,,249.90,0.0000,true,1,200576
6253014710425,false,וופל גוזיל 1/12 GUZEL ממולא בקרם קקאו 720ג',,,וופל גוזיל ממולא בקר,Unknown,0.00,יחידה,false,,12.90,0.0000,true,1,198266
6253014718100,false,וופל גוזיל 1/12 GUZEL ממולא בקרם לימון 720ג',,,וופל גוזיל ממולא בקר,Unknown,0.00,יחידה,false,,12.90,0.0000,true,1,198267
6253014718117,false,וופל גוזיל 1/12 GUZEL שחור ממולא בקרם שחור 720ג',,,וופל גוזיל שחור ממול,Unknown,0.00,יחידה,false,,12.90,0.0000,true,1,198268
6253014718124,false,וופל גוזיל 1/12 GUZEL שחור ממולא בקרם חלב 720ג',,,וופל גוזיל שחור ממול,Unknown,0.00,יחידה,false,,12.90,0.0000,true,1,198269
6253016281411,false,אציטון HYCARE,,,אציטון HYCARE,Unknown,0.00,יחידה,false,,2.90,0.0000,true,1,165911
6253503249863,false,"אורז בסמתי 4 ק""ג",,,"אורז בסמתי 4 ק""ג",פריט,4.00,"ק""ג",false,,39.90,9.9750,true,1,187255
6253503960171,false,לזיזה לנשון עוף מבוש,,,לזיזה לנשון עוף מבוש,Unknown,0.00,יחידה,false,,5.90,0.0000,true,1,197453
6253503960522,false,לזיזה מורטדלה 800גרם,,,לזיזה מורטדלה 800גרם,גרמים,800.00,100 גרם,false,,14.90,1.8625,true,1,192191
6253503961901,false,זנג'ביל בדבש לזיזה 9,,,זנג'ביל בדבש לזיזה 9,Unknown,0.00,יחידה,false,,14.90,0.0000,true,1,192203
6253503962632,false,לזיזה שומן צמחי 100%,,,לזיזה שומן צמחי 100%,גרמים,750.00,100 גרם,false,,19.90,2.6533,true,1,199151
6253503963318,false,טורטיה לזיזה 540 גרם,,,טורטיה לזיזה 540 גרם,גרמים,540.00,100 גרם,false,,11.90,2.2037,true,1,192216
6253503963325,false,טורטיה לזיזה 390 גרם,,,טורטיה לזיזה 390 גרם,גרמים,390.00,100 גרם,false,,9.90,2.5385,true,1,192217
6253503963622,false,פלפל חלפיניו לזיזה 6,,TR,פלפל חלפיניו לזיזה 6,גרמים,650.00,100 גרם,false,,14.90,2.2923,true,1,201793
6253503963639,false,פלפל חריף לזיזה 650,,TR,פלפל חריף לזיזה 650,גרמים,650.00,100 גרם,false,,14.90,2.2923,true,1,201787
6253503963646,false,פלפל חריף לזיזה 650,,TR,פלפל חריף לזיזה 650,גרמים,650.00,100 גרם,false,,14.90,2.2923,true,1,201790
6253503964209,false,מלפפון קורנישון לזיז,,,מלפפון קורנישון לזיז,פריט,1.34,"ק""ג",false,,19.90,14.8507,true,1,192215
6253503964278,false,תרכיז רימונים לזיזה,,TR,תרכיז רימונים לזיזה,מיליליטרים,750.00,"100 מ""ל",false,,29.90,3.9867,true,1,201797
6253503964285,false,חומוס עם טחינה לזיזה 370 ג',,,חומוס לזיזה 370 גרם,גרמים,370.00,100 גרם,false,,6.90,1.8649,true,1,192189
6281001510390,false,מברשת שיניים לילדים אקסטרא סופט לגילאי 0-2,קולגייט-פלמוליב,,קולגייט מברשת הראשונ,Unknown,1.00,יחידה,false,,13.90,13.9000,true,1,128108
6281020010710,false,שעועית לבנה לונה 400,,AE,שעועית לבנה לונה 400,גרמים,400.00,100 גרם,false,,6.90,1.7250,true,1,201796
6281020301139,false,לונה ממרח 500גרם,,,לונה ממרח 500גרם,גרמים,500.00,100 גרם,false,,24.90,4.9800,true,1,192200
6290050603908,false,קרם גבינה לזיזה 150,,,קרם גבינה לזיזה 150,גרמים,150.00,100 גרם,false,,4.90,3.2667,true,1,192201
6290050603915,false,חלב מרוכז לזיזה 390,,,חלב מרוכז לזיזה 390,גרמים,390.00,100 גרם,false,,9.90,2.5385,true,1,192192
6291069207422,false,"וואתיקה קרם לחות להגנה מנשירת שיער 210 מ""ל",,,קרם לחות ותיקה,Unknown,1.00,יחידה,false,,20.00,20.0000,true,1,161859
6291069207446,false,"וואתיקה קרם לחות לשיער צבוע 210 מ""ל",,,קרם לחות ותיקה,Unknown,1.00,יחידה,false,,20.00,20.0000,true,1,161860
6291069701821,false,"וואתיקה קרם לחות לשיער 210 מ""ל",,,קרם לחות ותיקה,Unknown,1.00,יחידה,false,,20.00,20.0000,true,1,161862
6295120041895,false,"נוזל לניקוי רצפות בניחוח אקוא דטול 3 ל""",,,דטול נוזל לניקוי רצפ,Unknown,0.00,יחידה,false,,34.90,0.0000,true,1,177327
6295120041925,false,"נוזל לניקוי רצפות בניחוח תפוח דטול 3 ל""",,,דטול נוזל לניקוי רצפ,Unknown,0.00,יחידה,false,,34.90,0.0000,true,1,189789
6295120041987,false,נוזל לניקוי רצפות בניחוח לבנדר דטול 3 ל'',,,דטול נוזל לניקוי רצפ,Unknown,0.00,יחידה,false,,34.90,0.0000,true,1,177329
6295120042014,false,"נוזל לניקוי רצפות בניחוח לימון דטול 3 ל""",,,דטול נוזל לניקוי רצפ,Unknown,0.00,יחידה,false,,34.90,0.0000,true,1,189790
6295120042045,false,"נוזל לניקוי רצפות בניחוח אלעוד דטול 3 ל""",,,דטול נוזל לניקוי רצפ,Unknown,0.00,יחידה,false,,34.90,0.0000,true,1,177330
6297000361154,false,סילאן תמרים אורגני 470 גרם,,,סילאן אורגני 470 גרם,גרמים,470.00,100 גרם,false,,14.90,3.1702,true,1,182963
6297000361314,false,מלית תמרים טבעית 1 ק,,,מלית תמרים טבעית 1 ק,פריט,1.00,"ק""ג",false,,19.90,19.9000,true,1,142798
6521987897765,false,טחינה אלסולטאן 930 ג,,,טחינה אלסולטאן 930 ג,גרמים,930.00,100 גרם,false,,24.90,2.6774,true,1,172489
6852022050273,false,מלחיה נירוסטה,,,מלחיה נירוסטה,Unknown,0.00,יחידה,false,,4.90,0.0000,true,1,201136
6874964561877,false,סטנד צלחות אקריל גדו,,,סטנד צלחות אקריל גדו,Unknown,0.00,יחידה,false,,7.90,0.0000,true,1,157707
6880518402019,false,צנצננת זוכית,,,צנצננת זוכית,Unknown,0.00,יחידה,false,,10.00,0.0000,true,1,186341
6905384527225,false,קומקום תה 2 ליטר,,,קומקום תה 2 ליטר,Unknown,0.00,יחידה,false,,49.90,0.0000,true,1,201138
6910191800287,false,אצות נורי בלו 10 דף (ננגטונג),מזרח ומערב יבוא ושיווק,,אצות נורי בלו 10 דף,גרמים,225.00,100 גרם,false,,12.90,5.7333,true,1,133243
6912977000140,false,אטריות שעועית 250 גר' ( Yantai)ללא גלוטן(כ),מזרח ומערב יבוא ושיווק,,מזרח ומערב יבוא ינאט,גרמים,250.00,100 גרם,false,,8.90,3.5600,true,1,133244
6920200090110,false,סט קערות 7 חלקים,,,סט קערות 7 חלקים,Unknown,0.00,יחידה,false,,49.90,0.0000,true,1,197644
6920200924026,false,סט צלחות 24 חלק,,,סט צלחות 24 חלק,Unknown,0.00,יחידה,false,,159.90,0.0000,true,1,197646
6920210830072,false,סט קפה 12 חלק מוזהב,,,סט קפה 12 חלק מוזהב,Unknown,0.00,יחידה,false,,29.90,0.0000,true,1,197649
6920210830089,false,סט קפה 12 מוזהב,,,סט קפה 12 מוזהב,Unknown,0.00,יחידה,false,,29.90,0.0000,true,1,197650
6920354822223,false,משחת שיניים נטורל גינגר קוקוס קולגייט 90 ג',קולגייט פלמוליב,,קולגיט נטרול משחת שי,Unknown,0.00,יחידה,false,,29.90,0.0000,true,1,183376
6920354824395,false,"קולגייט נטורל משחת שיניים חמוציות פחם 71 מ""ל",קולגייט פלמוליב,,קולגיט נטרול משחת שי,Unknown,0.00,יחידה,false,,29.90,0.0000,true,1,183377
6921052701001,false,אצות וואקמה 40 גרם (רונגצ'אנג)(כ),מזרח ומערב יבוא ושיווק,,אצות וואקמה רונג 40,Unknown,0.00,יחידה,false,,9.40,0.0000,true,1,133245
6921476201088,false,בשר סורימי סנאו קראב,,,מקלות סורימי סיני 20,גרמים,200.00,100 גרם,false,,4.90,2.4500,true,1,134204
6921476201095,false,נתחי סורימי סיני 200,,,נתחי סורימי סיני 200,גרמים,200.00,100 גרם,false,,4.90,2.4500,true,1,134205
6921476201101,false,סורימי צבת סרטן 250,,,צבת סרטן 250 גרם,Unknown,0.00,יחידה,false,,10.90,0.0000,true,1,134206
6922276100083,false,מחית וואסבי -חזרת 43 גרם (דליאן),מזרח ומערב יבוא ושיווק,,מזרח ומערב יבוא דליא,Unknown,0.00,יחידה,false,,8.90,0.0000,true,1,133248
6922516312771,false,MNT403,,,MNT403,Unknown,0.00,יחידה,false,,5.90,0.0000,true,1,200405
6922516314621,false,MNT701,,,MNT701,Unknown,0.00,יחידה,false,,5.90,0.0000,true,1,200413
6923450656181,false,סט 6 שופדים נרוסטה,,,סט 6 שופדים נרוסטה,Unknown,0.00,יחידה,false,,16.90,0.0000,true,1,186344
6923570303095,false,קערה נרוסטה 20סמ,,,קערה נרוסטה 20סמ,Unknown,0.00,יחידה,false,,14.90,0.0000,true,1,201139
6926161262016,false,קופסה 12 כדורים קוטר,,,קופסה 12 כדורים קוטר,Unknown,0.00,יחידה,false,,19.90,0.0000,true,1,203888
6926161262023,false,קופסה 12 כדורים קוטר,,,קופסה 12 כדורים קוטר,Unknown,0.00,יחידה,false,,29.90,0.0000,true,1,203889
6926161262030,false,קופסה 12 כדורים קוטר,,,קופסה 12 כדורים קוטר,Unknown,0.00,יחידה,false,,39.90,0.0000,true,1,203890
6928128800033,false,מנקה מאייד (קרבורטור,,,מנקה מאייד (קרבורטור,Unknown,0.00,יחידה,false,,12.90,0.0000,true,1,200422
6928638861067,false,צלחת מלמין,,,צלחת מלמין,Unknown,0.00,יחידה,false,,2.90,0.0000,true,1,178146
6930642301187,false,גליל דבק להסרת כל לכלוך,לונג וואן,,גליל דבק להסרת כל לכ,Unknown,0.00,יחידה,false,,11.90,0.0000,true,1,174127
6930660908887,false,מברשת אינטרדנטלית 8 יח ',,,מברשת איטרדנטלית בגד,Unknown,8.00,יחידה,false,,16.90,2.1125,true,1,121913
6932391922521,false,*מבצע* קיט גיימינג ה,,,*מבצע* קיט גיימינג ה,Unknown,0.00,יחידה,false,,89.90,0.0000,true,1,195845
6933960500089,false,קנפיו רצועות דלעת כבושות 100 גרם (קווינגזאו),מזרח ומערב,,קנפיון רצועות דלעת כ,גרמים,100.00,100 גרם,false,,12.90,12.9000,true,1,133250
6934731200078,false,אטריות טריות דקות מזרח מערב 200 גרם,יאנטאי ינסידה לנוגקא,,אטריות טריות דקות 20,גרמים,200.00,100 גרם,false,,6.90,3.4500,true,1,190477
6934731210138,false,אטריות טריות עבות מזרח מערב 200 גרם,יאנטאי ינסידה לנוגקא,,אטריות טריות עבות 20,גרמים,200.00,100 גרם,false,,6.90,3.4500,true,1,113902
6936745600462,false,רוטב מירין לתיבול מז,מזרח ומערב יבוא ושיווק,,מזרח ומערב יבוא דאני,מיליליטרים,500.00,"100 מ""ל",false,,21.90,4.3800,true,1,133252
6936745600783,false,"חומץ אורז מזרח מערב 500 מ""ל",מזרח ומערב יבוא ושיווק,,מזרח ומערב יבוא דאני,מיליליטרים,500.00,"100 מ""ל",false,,15.90,3.1800,true,1,133253
6937266703052,false,שיק הידרו 3 מכשיר+סכין,שיק,,שיק היידרו 3 מכשיר +,Unknown,1.00,יחידה,false,,40.00,40.0000,true,1,128113
6940152200627,false,סוכר קנדל 100 גרם,,,סוכר קנדל 100 גרם,Unknown,0.00,יחידה,false,,4.90,0.0000,true,1,199172
6940202111651,false,תבנית מעמול מלמין Y.,,,תבנית מעמול מלמין Y.,Unknown,0.00,יחידה,false,,7.90,0.0000,true,1,195208
6940202111675,false,תבנית מעמול מעמול Y.,,,תבנית מעמול מעמול Y.,Unknown,0.00,יחידה,false,,7.90,0.0000,true,1,195209
6940841114617,false,פיירקס עגול להגשה 3,,,פיירקס עגול להגשה 3,Unknown,0.00,יחידה,false,,119.90,0.0000,true,1,178174
6941156100166,false,מחית סויה אדומה - אקא מיסו 500 גר '(דליאן),מזרח ומערב,,מז ומע יבוא דליאן מח,גרמים,500.00,100 גרם,false,,14.90,2.9800,true,1,133254
6942691560156,false,דרגו כבל אוקס פרימיו,,,דרגו כבל אוקס פרימיו,Unknown,0.00,יחידה,false,,10.00,0.0000,true,1,185326
6942709156005,false,כבל טייפ סי 1 מטר דר,,,כבל הטענה טייפ סי 1,Unknown,0.00,יחידה,false,,10.00,0.0000,true,1,185264
6942709156111,false,כבל אייפון 1 מטר,,,כבל אייפון 1 מטר,Unknown,0.00,יחידה,false,,10.00,0.0000,true,1,185263
6942709156302,false,אוזניות גלקסי/אייפון,,,אוזניות גלקסי/אייפון,Unknown,0.00,יחידה,false,,15.00,0.0000,true,1,185321
6942709158009,false,דרגו-כבל טייפ סי 2 מ,,,דרגו-כבל טייפ סי 2 מ,Unknown,0.00,יחידה,false,,15.00,0.0000,true,1,185266
6942709158023,false,דרגו-כבל אייפון 2 מט,,,דרגו-כבל אייפון 2 מט,Unknown,0.00,יחידה,false,,15.00,0.0000,true,1,185265
6942775700355,false,"מגש נירוסטה 45 ס""מ Y",,,"מגש נירוסטה 45 ס""מ Y",Unknown,0.00,יחידה,false,,19.90,0.0000,true,1,160884
6942775700362,false,"מגש נירוסטה 50 ס""מ Y",,,"מגש נירוסטה 50 ס""מ Y",Unknown,0.00,יחידה,false,,24.90,0.0000,true,1,198418
6943476411656,false,מגב תחנות דלק,,,מגב תחנות דלק,Unknown,0.00,יחידה,false,,12.90,0.0000,true,1,144991
6944683366159,false,ערמונים קלופים קלויים100,צ'נגדה שנליפוד,,ערמונים קלויים קלופי,Unknown,0.00,יחידה,false,,5.90,0.0000,true,1,114350
6945044570055,false,מסרק פטנט,,,מסרק פטנט,Unknown,0.00,יחידה,false,,10.00,0.0000,true,1,178383
6947854010318,false,רשת קאבב בונני,,,רשת קאבב בונני,Unknown,0.00,יחידה,false,,16.90,0.0000,true,1,201151
6947854010332,false,רשת לקאבב גדול,,,רשת לקאבב גדול,Unknown,0.00,יחידה,false,,29.90,0.0000,true,1,201153
6947854107964,false,נפנף פלאסטיק,,,נפנף פלאסטיק,Unknown,0.00,יחידה,false,,4.90,0.0000,true,1,201154
6951097100408,false,צ'ייסר קלאסיק בלינק,,,צ'ייסר קלאסיק בלינק,Unknown,0.00,יחידה,false,,2.90,0.0000,true,1,179000
6951097100866,false,צייסר סטייל בלינק 30,,,צ'ייסר סטייל בלינק 3,Unknown,0.00,יחידה,false,,2.90,0.0000,true,1,179011
6951097111244,false,"מאג קוני בלינק 300 מ""ל",סקטור אפיקים בעמ,,כוס זכוכית BLINKMAX,Unknown,0.00,יחידה,false,,7.90,0.0000,true,1,196998
6957396122169,false,מעמד למשענת ראש לטאב,,,מעמד למשענת ראש לטאב,Unknown,0.00,יחידה,false,,49.90,0.0000,true,1,200430
6957396122208,false,מחזיק משקפיים למגן שמש,,,מחזיק משקפיים למגן ש,Unknown,0.00,יחידה,false,,7.90,0.0000,true,1,200431
6957396122217,false,ספריי סקאי לרכב במג,,,ספריי סקאי לרכב במג,Unknown,0.00,יחידה,false,,12.90,0.0000,true,1,200432
6959375198871,false,תרסיס סקאי לרכב 004 FLAMINGO MIX,,,FLAMINGO תרסיס סקאי,Unknown,0.00,יחידה,false,,10.00,0.0000,true,1,130749
6959375199342,false,FLAMINGO - קצף מנקה,,,FLAMINGO - קצף מנקה,Unknown,0.00,יחידה,false,,18.90,0.0000,true,1,130750
6959375199984,false,FLAMINGO -תכלית קצף,,,FLAMINGO -תכלית קצף,Unknown,0.00,יחידה,false,,18.90,0.0000,true,1,130756
6971499170694,false,"מגש פיצה שחור 36 ס""מ",,,"מגש פיצה שחור 36 ס""מ",Unknown,0.00,יחידה,false,,26.90,0.0000,true,1,195263
6972622640930,false,גלגל רכיבה פעוטות דב,,,גלגל רכיבה פעוטות דב,Unknown,0.00,יחידה,false,,49.90,0.0000,true,1,183221
6973232010021,false,קומקום נרוסטה 2 ליטר,,,קומקום נרוסטה 2 ליטר,Unknown,0.00,יחידה,false,,49.90,0.0000,true,1,201162
6973232010038,false,קומקום נרוסטה3 ליטר,,,קומקום נרוסטה3 ליטר,Unknown,0.00,יחידה,false,,49.90,0.0000,true,1,201163
6982019626126,false,קומקום תה נרוסטה 1.5,,,קומקום תה נרוסטה 1.5,Unknown,0.00,יחידה,false,,49.90,0.0000,true,1,201168
6984612034926,false,פנגאן נירוסטה + מכסה,,,פנגאן נירוסטה + מכסה,Unknown,0.00,יחידה,false,,24.90,0.0000,true,1,201169
6984612034940,false,פנגאן נירוסטה 12,,,פנגאן נירוסטה 12,Unknown,0.00,יחידה,false,,29.90,0.0000,true,1,201170
6985462458139,false,דרגו-אייר פודס,,,דרגו-אייר פודס,Unknown,0.00,יחידה,false,,89.90,0.0000,true,1,185308
7038516140357,false,מברשת שיניים ג'ורדן טוטל סופט מארז 4 יחידות,מיוצר במלזיה עבור ג',,גורדן מברשת טוטאל קל,Unknown,0.00,יחידה,false,,19.90,0.0000,true,1,109616
7038516140418,false,ג'ורדן מברשת שיניים טוטאל קלין מדיום רביעייה,"דנשר (1963) בע,מ",,גורדן מברשת טוטאל קל,Unknown,4.00,יחידה,false,,19.90,4.9750,true,1,109617
7090010925892,false,וואקס לשיער לארא,Unknown,,וואקס לשיער לארא,מיליליטרים,250.00,"100 מ""ל",false,,35.00,14.0000,true,1,180970
7209000683043,false,"לפת צנצנת 1 ק""ג סלומה",,,"לפת צנצנת 1 ק""ג",פריט,1.00,"ק""ג",false,,19.90,19.9000,true,1,146110
7209000683050,false,"פלפל ירוק צנצנת 1 ק""ג סלומה",,,פלפל מתוק בצנצנת,Unknown,0.00,יחידה,false,,19.90,0.0000,true,1,146111
7209000683081,false,"מלפפון צנצנת קטן 1 ק""ג סלומה",,,"מלפפונים צנצנת 1 ק""ג",פריט,1.00,"ק""ג",false,,29.90,29.9000,true,1,146114
7209000689038,false,"פקליס צנצנת 1 ק""ג סלומה",,,"פיקליס צנצנת 1 ק""ג",פריט,1.00,"ק""ג",false,,19.90,19.9000,true,1,146115
7271730901261,false,ווקי מאק ארוחת אטריות עם גבינה 156 גרם,ניו וורלד פסטה קומפנ,,ווקי מק ארוחת פסטה 1,גרמים,156.00,100 גרם,false,,10.90,6.9872,true,1,156018
7280138803978,false,סכין 002,,,סכין 002,Unknown,0.00,יחידה,false,,69.90,0.0000,true,1,179638
7290000000001,false,עגבניות,,,לימון,קילוגרמים,1.00,"ק""ג",true,,7.90,7.9000,true,1,138290
7290000000002,false,לחם אחיד כהה 750 גרם,אנג'ל,,תפוזים,קילוגרמים,1.00,"ק""ג",true,,5.90,5.9000,true,1,138291
7290000000003,false,"תפו""א לבן ארוז",,,"תפו""א לבן ארוז",קילוגרמים,1.00,"ק""ג",true,,3.90,3.9000,true,1,138292
7290000000004,false,לחמניית אצבע עם נקני,,,בצל יבש,קילוגרמים,1.00,"ק""ג",true,,3.90,3.9000,true,1,138293
7290000000005,false,פלפל נהריה,,,עגבניה,קילוגרמים,1.00,"ק""ג",true,,6.90,6.9000,true,1,138294
7290000000006,false,פלפל ירוק,,,כרובית,קילוגרמים,1.00,"ק""ג",true,,14.90,14.9000,true,1,138295
7290000000007,false,פלפל אדום,,,כרוב לבן,קילוגרמים,1.00,"ק""ג",true,,4.90,4.9000,true,1,138296
7290000000008,false,כרוב אדום,,,כרוב אדום,קילוגרמים,1.00,"ק""ג",true,,5.90,5.9000,true,1,138297
7290000000009,false,כרוב ירוק,,,בצל ירוק,Unknown,0.00,יחידה,false,,4.90,0.0000,true,1,138298
7290000000010,false,ארטיק קרח,,,שום ארוז,Unknown,0.00,יחידה,false,,7.90,0.0000,true,1,138299
7290000000011,false,פלפל חריף,,,פלפל חריף,קילוגרמים,1.00,"ק""ג",true,,8.90,8.9000,true,1,138300
7290000000012,false,פלפל אדום,,,פלפל אדום,קילוגרמים,1.00,"ק""ג",true,,7.90,7.9000,true,1,138301
7290000000013,false,פלפל ירוק,,,פלפל ירוק,קילוגרמים,1.00,"ק""ג",true,,8.90,8.9000,true,1,138302
7290000000014,false,שעועית ירוקה,,,עגבניות שרי,קילוגרמים,1.00,"ק""ג",true,,17.90,17.9000,true,1,138303
7290000000015,false,עיתון ידיעות שבת,,,מלפפון,קילוגרמים,1.00,"ק""ג",true,,5.90,5.9000,true,1,138304
7290000000016,false,תפוחי אדמה לבן,,,חסה,Unknown,0.00,יחידה,false,,4.90,0.0000,true,1,138305
7290000000017,false,סלרי עלים,,,סלרי עלים,Unknown,0.00,יחידה,false,,4.90,0.0000,true,1,138306
7290000000018,false,שום יבש תפזורת,ירק הגליל,,מלון,קילוגרמים,1.00,"ק""ג",true,,7.90,7.9000,true,1,138307
7290000000019,false,חציל חממה,ריץ',,חציל חממה,קילוגרמים,1.00,"ק""ג",true,,5.90,5.9000,true,1,138308
7290000000020,false,חסה מהדרין,,,מנדרינה,קילוגרמים,1.00,"ק""ג",true,,6.90,6.9000,true,1,138309
7290000000021,false,פטרוזיליה,,,פטרוזיליה,Unknown,0.00,יחידה,false,,3.90,0.0000,true,1,138310
7290000000022,false,סלרי עלים,,,שמיר,Unknown,0.00,יחידה,false,,3.90,0.0000,true,1,138311
7290000000023,false,כוסברה יח',,,כוסברה יח',Unknown,0.00,יחידה,false,,3.90,0.0000,true,1,138312
7290000000024,false,תירס מקולף,,,גזר ארוז,קילוגרמים,1.00,"ק""ג",true,,4.90,4.9000,true,1,138313
7290000000026,false,החזר פיקדון של מיחזור בקבוקים,,,חסה עגולה,Unknown,0.00,יחידה,false,,5.90,0.0000,true,1,138315
7290000000027,false,פומלה,,,פומלה,קילוגרמים,1.00,"ק""ג",true,,9.90,9.9000,true,1,138316
7290000000028,false,אשכולית לבנה,,,אשכולית לבנה,קילוגרמים,1.00,"ק""ג",true,,5.90,5.9000,true,1,138317
7290000000029,false,ענבים שחורים גדו,,,אשכולית אדומה,קילוגרמים,1.00,"ק""ג",true,,4.90,4.9000,true,1,138318
7290000000030,false,תפוח גרנד,,,תפוח גרנד,קילוגרמים,1.00,"ק""ג",true,,9.90,9.9000,true,1,138319
7290000000031,false,תפוח זהוב,,,תפוח זהוב,קילוגרמים,1.00,"ק""ג",true,,9.90,9.9000,true,1,138320
7290000000032,false,בטטה ירושלמית,,,תפוח יונתן,קילוגרמים,1.00,"ק""ג",true,,12.90,12.9000,true,1,138321
7290000000033,false,תפוח אדמה גורמה,,,תפוח חרמון,קילוגרמים,1.00,"ק""ג",true,,9.90,9.9000,true,1,138322
7290000000034,false,חסה ערבית,,,בטטה,קילוגרמים,1.00,"ק""ג",true,,9.90,9.9000,true,1,138323
7290000000036,false,כרוב סיני,,,בננה,קילוגרמים,1.00,"ק""ג",true,,7.90,7.9000,true,1,138325
7290000000038,false,ברוקולי מגש,,,קיווי,קילוגרמים,1.00,"ק""ג",true,,15.90,15.9000,true,1,138327
7290000000039,false,שתיה קרה 1.5 ליטר,,,אגס,קילוגרמים,1.00,"ק""ג",true,,10.90,10.9000,true,1,138328
7290000000041,false,משלוח חינם (בקניה מע,,,סלק אדום,קילוגרמים,1.00,"ק""ג",true,,5.90,5.9000,true,1,138330
7290000000042,false,קישואים חממה,,,קישואים חממה,קילוגרמים,1.00,"ק""ג",true,,9.90,9.9000,true,1,138331
7290000000044,false,סופגניה מיני עם תוספ,,,פטרוזיליה קצוצה,Unknown,0.00,יחידה,false,,9.90,0.0000,true,1,138332
7290000000045,false,תפוח אדמה אדום,,,אבוקדו,קילוגרמים,1.00,"ק""ג",true,,12.90,12.9000,true,1,138333
7290000000048,false,נענע,,,נענע,Unknown,0.00,יחידה,false,,3.90,0.0000,true,1,138336
7290000000049,false,כרישה (לוף פראסה),,,שומר,קילוגרמים,1.00,"ק""ג",true,,8.90,8.9000,true,1,138337
7290000000050,false,שרי תמר,,,שרי תמר,קילוגרמים,1.00,"ק""ג",true,,24.90,24.9000,true,1,138338
7290000000051,false,פלפל צהוב,,,פלפל בהיר,קילוגרמים,1.00,"ק""ג",true,,7.90,7.9000,true,1,138339
7290000000053,false,שזיף אירופי,,,שזיף אירופי,קילוגרמים,1.00,"ק""ג",true,,16.90,16.9000,true,1,138341
7290000000054,false,פלפל כתום,,,דלעת,קילוגרמים,1.00,"ק""ג",true,,15.90,15.9000,true,1,138342
7290000000055,false,סלק עלים,,,תות שדה,Unknown,0.00,יחידה,false,,19.90,0.0000,true,1,138343
7290000000056,false,משלוח בתוך העיר,,,ארטישוק,קילוגרמים,1.00,"ק""ג",true,,19.90,19.9000,true,1,138344
7290000000057,false,פלפל צהוב,,,פלפל צהוב,קילוגרמים,1.00,"ק""ג",true,,8.90,8.9000,true,1,138345
7290000000059,false,שעועית ירוקה,,,שעועית ירוקה,קילוגרמים,1.00,"ק""ג",true,,19.90,19.9000,true,1,138347
7290000000061,false,שעועית צהובה,,,שעועית צהובה,קילוגרמים,1.00,"ק""ג",true,,19.90,19.9000,true,1,138349
7290000000062,false,"תפו""א אדום ארוז",,,"תפו""א אדום ארוז",קילוגרמים,1.00,"ק""ג",true,,4.90,4.9000,true,1,138350
7290000000063,false,קלמנטינה,,,קלמנטינה,קילוגרמים,1.00,"ק""ג",true,,7.90,7.9000,true,1,138351
7290000000066,false,שזיף אדום,,,ענב לבן,קילוגרמים,1.00,"ק""ג",true,,19.90,19.9000,true,1,138354
7290000000067,false,ארטישוק ירושלמי,,,ארטישוק ירושלמי,קילוגרמים,1.00,"ק""ג",true,,14.90,14.9000,true,1,138355
7290000000069,false,ענבים ירוקים,,,שזיף אדום,קילוגרמים,1.00,"ק""ג",true,,19.90,19.9000,true,1,138357
7290000000070,false,פלפל שושקה ירוק/ אדו,,,ענב שחור,קילוגרמים,1.00,"ק""ג",true,,24.90,24.9000,true,1,138358
7290000000071,false,אבטיח,,,מנגו,קילוגרמים,1.00,"ק""ג",true,,14.90,14.9000,true,1,138359
7290000000074,false,תפוח עץ יונתן,,,פפאיה,קילוגרמים,1.00,"ק""ג",true,,19.90,19.9000,true,1,138362
7290000000075,false,תפוח עץ זהוב,מרינה פטריות הגליל,,שזיף מטלי,קילוגרמים,1.00,"ק""ג",true,,29.90,29.9000,true,1,138363
7290000000078,false,משלוח הסתדרות-שליח ח,,,קולורבי,קילוגרמים,1.00,"ק""ג",true,,9.90,9.9000,true,1,138366
7290000000079,false,מים 1.5 ליטר קר,,,דלורית,קילוגרמים,1.00,"ק""ג",true,,7.90,7.9000,true,1,138367
7290000000080,false,טרגון ארוז,ביכורי שדה דרום 2002,,רימונים,קילוגרמים,1.00,"ק""ג",true,,9.90,9.9000,true,1,138368
7290000000082,false,ברוקולי ארוז,,,ברוקולי ארוז,Unknown,0.00,יחידה,false,,9.90,0.0000,true,1,138370
7290000000083,false,אנונה,,,אנונה,קילוגרמים,1.00,"ק""ג",true,,24.90,24.9000,true,1,138371
7290000000085,false,ענבי טלי,,,ענבי טלי,קילוגרמים,1.00,"ק""ג",true,,28.90,28.9000,true,1,138373
7290000000086,false,תירס ארוז,,,תירס ארוז,קילוגרמים,1.00,"ק""ג",true,,9.90,9.9000,true,1,138374
7290000000088,false,תפוזים,,,אננס,קילוגרמים,1.00,"ק""ג",true,,34.90,34.9000,true,1,138376
7290000000090,false,עיתון לאשה,,,סלרי ראש,Unknown,0.00,יחידה,false,,4.90,0.0000,true,1,138378
7290000000092,false,פומלה לבנה,,,לוביה,קילוגרמים,1.00,"ק""ג",true,,19.90,19.9000,true,1,138380
7290000000093,false,משלוח קו קופה טלפוני,,,קרע בלדי,קילוגרמים,1.00,"ק""ג",true,,15.90,15.9000,true,1,138381
7290000000094,false,תפוח גאלה,,,תפוח גאלה,קילוגרמים,1.00,"ק""ג",true,,8.90,8.9000,true,1,138382
7290000000095,false,ביסלי/מיקס ביסלי אסם,,,מלפפון בייבי,Unknown,0.00,יחידה,false,,9.90,0.0000,true,1,138383
7290000000100,false,אבוקדו האס,,,אבוקדו האס,קילוגרמים,1.00,"ק""ג",true,,16.90,16.9000,true,1,138388
7290000000102,false,מי קוקוס אמפאווה+מוט,ביכורי השקמה,,פיתה דרוזית חבילה,Unknown,0.00,יחידה,false,,35.00,0.0000,true,1,148427
7290000000103,false,חלה רגילה,ביכורי השקמה,,חלה רגילה,Unknown,0.00,יחידה,false,,6.26,0.0000,true,1,155670
7290000000116,false,תפוח עץ ירוק גרנד סמ,ביכורי השקמה,,פלפל שושקה,קילוגרמים,1.00,"ק""ג",true,,15.90,15.9000,true,1,138389
7290000000118,false,גזר תפזורת,ביכורי השקמה,,גזר תפזורת,קילוגרמים,1.00,"ק""ג",true,,3.90,3.9000,true,1,138390
7290000000127,false,"קמח אחיד שטיבל 25 ק""",אדמה,,"קמח אחיד שטיבל 25 ק""",פריט,25.00,"ק""ג",false,,120.00,4.8000,true,1,128677
7290000000128,false,קמח לבן בהיר שטיבל 3,ביכורי השקמה,,קמח לבן בהיר שטיבל 3,פריט,30.00,"ק""ג",false,,120.00,4.0000,true,1,128678
7290000000131,false,חבילת שמיר טרי,ביכורי השקמה,,"קמח מלא 10 ק""ג",Unknown,0.00,יחידה,false,,50.00,0.0000,true,1,153697
7290000000132,false,תפוחי אדמה לבן תפזור,ביכורי השקמה,,חבילת לחמניות 10 יח',Unknown,10.00,יחידה,false,,12.00,1.2000,true,1,135284
7290000000135,false,אפרסמון קרמבו,ביכורי השקמה,,אפרסמון קרמבו,קילוגרמים,1.00,"ק""ג",true,,19.90,19.9000,true,1,138392
7290000000136,false,אשכולית צהובה,ביכורי השקמה,,תמרים לייצור,גרמים,100.00,100 גרם,false,,33.15,33.1500,true,1,144002
7290000000143,false,תפוח אדמה כסביה,ביכורי השקמה,,זיתים ירוקים,קילוגרמים,1.00,"ק""ג",true,,12.00,12.0000,true,1,138393
7290000000148,false,תפוח ענה,,,תפוח ענה,קילוגרמים,1.00,"ק""ג",true,,9.90,9.9000,true,1,138396
7290000000158,false,צנון שחור/לבן,ביכורי השקמה,,חציל קטן,קילוגרמים,1.00,"ק""ג",true,,6.90,6.9000,true,1,138402
7290000000164,false,קלתיאה עציץ 12,ביכורי השקמה,,מלון ספרדי,קילוגרמים,1.00,"ק""ג",true,,7.90,7.9000,true,1,162150
7290000000171,false,פטריות פורטבלו,ביכורי השקמה,,פטריות פורטבלו,קילוגרמים,1.00,"ק""ג",true,,34.00,34.0000,true,1,138403
7290000000172,false,קוקטייל צמחי בית קער,,,פלפל חריף אדום,קילוגרמים,1.00,"ק""ג",true,,9.90,9.9000,true,1,138404
7290000000173,false,שורש פטרוזיליה,אדמה,,אגס קוסטיה,קילוגרמים,1.00,"ק""ג",true,,11.90,11.9000,true,1,138405
7290000000174,false,פלפל כתום,אדמה,,פלפל כתום,קילוגרמים,1.00,"ק""ג",true,,8.90,8.9000,true,1,138406
7290000000194,false,"תפו""א לבן תפזורת",ביכורי השקמה,,"תפו""א לבן תפזורת",קילוגרמים,1.00,"ק""ג",true,,3.90,3.9000,true,1,138407
7290000000222,false,וטצינה מוסקובסקיה,ישרקו שיווק מותגי מז,,"זנגביל-ג""ינג""ר",קילוגרמים,1.00,"ק""ג",true,,24.90,24.9000,true,1,138410
7290000000228,false,"תפו""א קטן לאפייה",ישרקו שיווק מותגי מז,,"תפו""א קטן לאפייה",קילוגרמים,1.00,"ק""ג",true,,3.90,3.9000,true,1,138415
7290000000229,false,בצל אדום יבש,ישרקו שיווק מותגי מז,,בצל אדום יבש,קילוגרמים,1.00,"ק""ג",true,,6.90,6.9000,true,1,138416
7290000000230,false,רוסקי סרוולט,ישרקו שיווק מותגי מז,,גנגר תפזורת,קילוגרמים,1.00,"ק""ג",true,,24.90,24.9000,true,1,138417
7290000000233,false,פטריות שמפיניון,ישרקו שיווק מותגי מז,,פטריות שמפיניון,קילוגרמים,1.00,"ק""ג",true,,34.00,34.0000,true,1,138419
7290000000234,false,סלה ביתי/הונגרי,ישרקו שיווק מותגי מז,,חציל בלדי,קילוגרמים,1.00,"ק""ג",true,,8.90,8.9000,true,1,138420
7290000000235,false,מלפפון בלדי,,,מלפפון בלדי,קילוגרמים,1.00,"ק""ג",true,,11.90,11.9000,true,1,138421
7290000000236,false,ברוקולי מיני סגול מש,ישרקו שיווק מותגי מז,,קישואים בלדי,קילוגרמים,1.00,"ק""ג",true,,11.90,11.9000,true,1,138422
7290000000238,false,רו סרוולט,ישרקו שיווק מותגי מז,,במיה,קילוגרמים,1.00,"ק""ג",true,,39.90,39.9000,true,1,138423
7290000000241,false,קוקטייל פילס בטעמים,,,כרוב שטוח,קילוגרמים,1.00,"ק""ג",true,,6.90,6.9000,true,1,138426
7290000000244,false,חצילים בלדי,ביכורי השקמה,,פומלית,קילוגרמים,1.00,"ק""ג",true,,5.90,5.9000,true,1,138427
7290000000249,false,פטריות כללי (לבן),ישרקו שיווק מותגי מז,,עגבניות תמר,קילוגרמים,1.00,"ק""ג",true,,4.90,4.9000,true,1,138430
7290000000251,false,שינקן פולני חצי,ישרקו שיווק מותגי מז,,תפוז ברשת,קילוגרמים,1.00,"ק""ג",true,,4.90,4.9000,true,1,138432
7290000000253,false,שינקן צועני,ישרקו שיווק מותגי מז,,אפרסמון,קילוגרמים,1.00,"ק""ג",true,,13.90,13.9000,true,1,138434
7290000000262,false,דלעת ערמונים,,,דלעת ערמונים,קילוגרמים,1.00,"ק""ג",true,,17.90,17.9000,true,1,138439
7290000000304,false,"תפו""א אדום תפזורת",,,"תפו""א אדום תפזורת",קילוגרמים,1.00,"ק""ג",true,,4.90,4.9000,true,1,138455
7290000000331,false,תפוח עץ נאשי,,,תפוח עץ נאשי,קילוגרמים,1.00,"ק""ג",true,,15.90,15.9000,true,1,138469
7290000000369,false,עץ ריח (קשתים),Unknown,,מיני דונאטס,Unknown,0.00,יחידה,false,,4.90,0.0000,true,1,168009
7290000000370,false,דונאטס פרימיום (פילס,,,דונאטס פרימיום (פילס,Unknown,0.00,יחידה,false,,5.90,0.0000,true,1,168010
7290000000372,false,קאפקייקס,,,קאפקייקס,Unknown,0.00,יחידה,false,,6.00,0.0000,true,1,168012
7290000000390,false,מארז שוופס סודה 250,"ולדמן ביח""ר לנקניק ו",,קישואים עגול,קילוגרמים,1.00,"ק""ג",true,,14.90,14.9000,true,1,138477
7290000000391,false,קוטלט הודו בואקום,"ולדמן ביח""ר לנקניק ו",,חצי אבטיח,קילוגרמים,1.00,"ק""ג",true,,2.90,2.9000,true,1,176570
7290000000401,false,תמרים מגהול כחול 5 ק,"ולדמן ביח""ר לנקניק ו",,תמרים מגהול כחול 5 ק,פריט,5.00,"ק""ג",false,,100.00,20.0000,true,1,176571
7290000000403,false,"תמרים מג""הול כתום 5","ולדמן ביח""ר לנקניק ו",,"תמרים מג""הול כתום 5",פריט,5.00,"ק""ג",false,,120.00,24.0000,true,1,190211
7290000000468,false,כרעיים/שוקיים עוף מע,"ולדמן ביח""ר לנקניק ו",,משטח עץ,Unknown,1.00,יחידה,false,,9.00,9.0000,true,1,197302
7290000000502,false,"תמרים מג""הול שחור 5ק",מעדני מניה תעשיות בש,,"תמרים מג""הול שחור 5ק",Unknown,0.00,יחידה,false,,250.00,0.0000,true,1,186236
7290000000558,false,כוסברה ארוז,ביכורי השדה צפון 1994 ג.ד. בעמ,,דלעת יוונית,קילוגרמים,1.00,"ק""ג",true,,14.90,14.9000,true,1,196100
7290000000606,false,תמרים פרימיום 3.5 ק,משתנה,,תמרים פרימיום 3.5 ק,Unknown,0.00,יחידה,false,,150.00,0.0000,true,1,201996
7290000000607,false,תמרים פרימיום 3.5 ק,,,תמרים פרימיום 3.5 ק,Unknown,0.00,יחידה,false,,150.00,0.0000,true,1,190299
7290000000623,false,סלמי גביאזי בקר פרוס,קרלברג ייצור ושיווק,,"תמרים מג""הול זהב 5 ק",פריט,5.00,"ק""ג",false,,200.00,40.0000,true,1,190214
7290000000624,false,"תמרים מג""הול זהב יהל",,,"תמרים מג""הול זהב יהל",פריט,5.00,"ק""ג",false,,200.00,40.0000,true,1,201800
7290000000657,false,הבטטה הסגולה,,,הבטטה הסגולה,קילוגרמים,1.00,"ק""ג",true,,9.90,9.9000,true,1,193214
7290000000889,false,פטאיה,,,פטאיה,קילוגרמים,1.00,"ק""ג",true,,24.90,24.9000,true,1,138489
7290000000993,false,קפה -סניפי super,,,חצילון,קילוגרמים,1.00,"ק""ג",true,,6.90,6.9000,true,1,138495
7290000000996,false,סברס מקולף,,,סברס מקולף,Unknown,0.00,יחידה,false,,34.90,0.0000,true,1,138496
7290000001155,false,אבוקדו ברשת,,,אבוקדו ברשת,קילוגרמים,1.00,"ק""ג",true,,7.90,7.9000,true,1,138499
7290000001250,false,תפוח פינק לידי,,,תפוח פינק,קילוגרמים,1.00,"ק""ג",true,,13.90,13.9000,true,1,138505
7290000001274,false,שום תפזורת,,,שום תפזורת,קילוגרמים,1.00,"ק""ג",true,,19.90,19.9000,true,1,138507
7290000001306,false,ענב רד גלוב,,,ענב רד גלוב,קילוגרמים,1.00,"ק""ג",true,,24.90,24.9000,true,1,138511
7290000001504,false,קישואים מוכנים,,,קישואים מוכנים,Unknown,0.00,יחידה,false,,19.90,0.0000,true,1,182146
7290000001728,false,דג דניס טרי שלם,,,דג דניס טרי שלם,קילוגרמים,1.00,"ק""ג",true,,64.90,64.9000,true,1,199334
7290000002125,false,מארז 3 סופגניות גדול,,,שמנת חמוצה 15% גולדצ,קילוגרמים,1.00,"ק""ג",true,,20.00,20.0000,true,1,155845
7290000002505,false,יורוציז גאודה עיזים,,,יורוציז גאודה עיזים,קילוגרמים,1.00,"ק""ג",true,,129.00,129.0000,true,1,146780
7290000003070,false,שומרון קשקבל טורקי,,,שומרון קשקבל טורקי,קילוגרמים,1.00,"ק""ג",true,,119.00,119.0000,true,1,135109
7290000003094,false,שומרון ברינזה צאן,,,שומרון ברינזה צאן,קילוגרמים,1.00,"ק""ג",true,,80.00,80.0000,true,1,135111
7290000003117,false,שומרון בולגרית מעודנ,,,שומרון בולגרית מעודנ,קילוגרמים,1.00,"ק""ג",true,,55.00,55.0000,true,1,135112
7290000003148,false,שומרון צפתית רכה/עם,,,שומרון צפתית רכה/עם,קילוגרמים,1.00,"ק""ג",true,,59.00,59.0000,true,1,135113
7290000003193,false,שומרון בולגרית קלאסי,,,שומרון בולגרית קלאסי,קילוגרמים,1.00,"ק""ג",true,,60.00,60.0000,true,1,135114
7290000003467,false,אמנטלר,,,אמנטלר,קילוגרמים,1.00,"ק""ג",true,,75.00,75.0000,true,1,198198
7290000003894,false,שוקחה עזים פריקו,,,שוקחה עזים פריקו,קילוגרמים,1.00,"ק""ג",true,,140.00,140.0000,true,1,142732
7290000003936,false,סט 6 סכנים פירות,,,סט 6 סכנים פירות,Unknown,0.00,יחידה,false,,10.00,0.0000,true,1,197552
7290000004094,false,זית ירוק ממולא פלפל,,,זית ירוק ממולא פלפל,קילוגרמים,1.00,"ק""ג",true,,50.00,50.0000,true,1,118431
7290000004211,false,מגש מלבני כולל מכסה,,,מגש מלבני מעדנית 60,Unknown,0.00,יחידה,false,,0.80,0.0000,true,1,144389
7290000006021,false,ניצן מעדן קוביות פטה,,,ניצן מעדן קוביות פטה,קילוגרמים,1.00,"ק""ג",true,,100.00,100.0000,true,1,181991
7290000006026,false,אבטיח,,,אבטיח,קילוגרמים,1.00,"ק""ג",true,,7.90,7.9000,true,1,172756
7290000006027,false,אבטיח מיני,,,אבטיח מיני,קילוגרמים,1.00,"ק""ג",true,,7.90,7.9000,true,1,176572
7290000006120,false,פלפלוני שרי ממולאים,,,ניצן טאפס שכונתי,קילוגרמים,1.00,"ק""ג",true,,190.00,190.0000,true,1,181994
7290000006798,false,כדורי גבינת מוצרלה,,,כדורי גבינת מוצרלה,קילוגרמים,1.00,"ק""ג",true,,140.00,140.0000,true,1,115425
7290000006806,false,פילה סלמון נורבגי,,,פילה סלמון נורבגי,קילוגרמים,1.00,"ק""ג",true,,59.90,59.9000,true,1,120681
7290000007486,false,קערה זכוכית לסלט,,,קערה זכוכית לסלט,Unknown,0.00,יחידה,false,,26.90,0.0000,true,1,197592
7290000007487,false,קערה זכוכית לסלט,,,קערה זכוכית לסלט,Unknown,0.00,יחידה,false,,16.90,0.0000,true,1,197593
7290000007760,false,פנגאן קפה,,,פנגאן קפה,Unknown,0.00,יחידה,false,,29.90,0.0000,true,1,197595
7290000007958,false,קנקן לתה,,,קנקן לתה,Unknown,0.00,יחידה,false,,49.90,0.0000,true,1,197604
7290000012373,false,יורוציז גאודה פסטו י,,,יורוציז גאודה פסטו י,קילוגרמים,1.00,"ק""ג",true,,130.00,130.0000,true,1,146783
7290000012374,false,יורוציז גאודה פסטו א,,,יורוציז גאודה פסטו א,קילוגרמים,1.00,"ק""ג",true,,130.00,130.0000,true,1,146784
7290000012485,false,אריסה טוניסאית 500 ג,,,אריסה טוניסאית 500 ג,גרמים,500.00,100 גרם,false,,17.90,3.5800,true,1,114776
7290000012530,false,ישרקו גאודה עשבי תיב,,,ישרקו גאודה עשבי תיב,קילוגרמים,1.00,"ק""ג",true,,120.00,120.0000,true,1,137011
7290000012535,false,ישרקו גאודה אגוזים,,,ישרקו גאודה אגוזים,קילוגרמים,1.00,"ק""ג",true,,130.00,130.0000,true,1,137015
7290000013006,false,פסטרמה מקסיקנית זוגל,,,פסטרמה מקסיקנית זוגל,קילוגרמים,1.00,"ק""ג",true,,90.00,90.0000,true,1,146986
7290000013037,false,פסטרמה פרגיות על לבנ,,,פסטרמה פרגיות על לבנ,קילוגרמים,1.00,"ק""ג",true,,90.00,90.0000,true,1,146987
7290000013174,false,פסטרמה של פעם זוגלוב,,,פסטרמה של פעם זוגלוב,קילוגרמים,1.00,"ק""ג",true,,90.00,90.0000,true,1,146988
7290000013747,false,תה סלמי מפולפל זוגלו,,,תה סלמי מפולפל זוגלו,קילוגרמים,1.00,"ק""ג",true,,50.00,50.0000,true,1,146990
7290000013808,false,פסטרמה כרמל זוגלובק,,,פסטרמה כרמל זוגלובק,קילוגרמים,1.00,"ק""ג",true,,59.00,59.0000,true,1,162877
7290000013853,false,פסטרמה כרמל מפולפל ז,,,פסטרמה כרמל מפולפל ז,קילוגרמים,1.00,"ק""ג",true,,59.00,59.0000,true,1,162878
7290000014142,false,אריסה טוניסאית 200 ג,,,אריסה טוניסאית 200 ג,גרמים,200.00,100 גרם,false,,9.90,4.9500,true,1,114777
7290000014849,false,בקלה ארגנטיני ארוז,,,בקלה ארגנטיני ארוז,קילוגרמים,1.00,"ק""ג",true,,19.90,19.9000,true,1,122198
7290000015283,false,עוגת שמרים אגוזים,,,עוגת שמרים אגוזים,Unknown,0.00,יחידה,false,,21.90,0.0000,true,1,116208
7290000016245,false,ישרקו מאסדם הולנדי,,,ישרקו מאסדם הולנדי,קילוגרמים,1.00,"ק""ג",true,,70.00,70.0000,true,1,172165
7290000018103,false,פסטרמה ברביקיו יחיעם,,,פסטרמה ברביקיו יחיעם,קילוגרמים,1.00,"ק""ג",true,,79.00,79.0000,true,1,121766
7290000018165,false,פסטרמה אמיתית צלויה,,,פסטרמה אמיתית צלויה,קילוגרמים,1.00,"ק""ג",true,,85.00,85.0000,true,1,121767
7290000018349,false,מעדן הודו יחיעם,,,מעדן הודו יחיעם,קילוגרמים,1.00,"ק""ג",true,,85.00,85.0000,true,1,121769
7290000018363,false,פסטרמה ברביקיו לבגט,,,פסטרמה ברביקיו לבגט,קילוגרמים,1.00,"ק""ג",true,,85.00,85.0000,true,1,121770
7290000018493,false,כתף בקר מפולפל יחיעם,,,כתף בקר מפולפל יחיעם,קילוגרמים,1.00,"ק""ג",true,,120.00,120.0000,true,1,121772
7290000018530,false,רוסטביף צלי בקר יחיע,,,רוסטביף צלי בקר יחיע,קילוגרמים,1.00,"ק""ג",true,,155.00,155.0000,true,1,121773
7290000018806,false,סלמי סרוולד יחיעם,,,סלמי סרוולד יחיעם,קילוגרמים,1.00,"ק""ג",true,,160.00,160.0000,true,1,121774
7290000018837,false,קורנביף יחיעם,,,קורנביף יחיעם,קילוגרמים,1.00,"ק""ג",true,,120.00,120.0000,true,1,121775
7290000018882,false,מעושן איטלקי יחיעם,,,מעושן איטלקי יחיעם,קילוגרמים,1.00,"ק""ג",true,,80.00,80.0000,true,1,121778
7290000018929,false,סלמי צרפתי יחיעם,,,סלמי צרפתי יחיעם,קילוגרמים,1.00,"ק""ג",true,,160.00,160.0000,true,1,121780
7290000019339,false,סלמי פרח יחיעם,,,סלמי פרח יחיעם,קילוגרמים,1.00,"ק""ג",true,,100.00,100.0000,true,1,121783
7290000019704,false,כתף בקר מעושן יחיעם,,,כתף בקר מעושן יחיעם,קילוגרמים,1.00,"ק""ג",true,,120.00,120.0000,true,1,121784
7290000019728,false,איטלקי מפולפל יחיעם,,,איטלקי מפולפל יחיעם,קילוגרמים,1.00,"ק""ג",true,,89.00,89.0000,true,1,121785
7290000019759,false,סלמי תה יחיעם,,,סלמי תה יחיעם,קילוגרמים,1.00,"ק""ג",true,,55.00,55.0000,true,1,121786
7290000019971,false,צלעות בקר על האש יחי,,,צלעות בקר על האש יחי,קילוגרמים,1.00,"ק""ג",true,,140.00,140.0000,true,1,121788
7290000020980,false,"מוצרלה בייבי 2 ק""ג",,,"מוצרלה בייבי 2 ק""ג",קילוגרמים,1.00,"ק""ג",true,,60.00,60.0000,true,1,167470
7290000021023,false,פסטרמה של פעם יחיעם,,,פסטרמה של פעם יחיעם,קילוגרמים,1.00,"ק""ג",true,,85.00,85.0000,true,1,121789
7290000021146,false,פסטרמה מעושנת יחיעם,,,פסטרמה מעושנת יחיעם,קילוגרמים,1.00,"ק""ג",true,,85.00,85.0000,true,1,121791
7290000022231,false,שאריות פסטרמה,,,שאריות פסטרמה,קילוגרמים,1.00,"ק""ג",true,,20.00,20.0000,true,1,144469
7290000022607,false,עמק לייט חריץ במשקל,,,עמק לייט חריץ במשקל,קילוגרמים,1.00,"ק""ג",true,,85.00,85.0000,true,1,130096
7290000023123,false,אמנון שלם,,,אמנון שלם,קילוגרמים,1.00,"ק""ג",true,,19.90,19.9000,true,1,142576
7290000024001,false,ישרקו ברי צרפתי,,,ישרקו ברי צרפתי,קילוגרמים,1.00,"ק""ג",true,,160.00,160.0000,true,1,137022
7290000025600,false,חריץ סקנדינבית,,,חריץ סקנדינבית,קילוגרמים,1.00,"ק""ג",true,,95.00,95.0000,true,1,130097
7290000025702,false,קברה יין,,,קברה יין,קילוגרמים,1.00,"ק""ג",true,,180.00,180.0000,true,1,181420
7290000030024,false,תה מעושן רחב זוגלובק,,,תה מעושן רחב זוגלובק,קילוגרמים,1.00,"ק""ג",true,,50.00,50.0000,true,1,146995
7290000030048,false,סלמי פפרוני זוגלובק,,,סלמי פפרוני זוגלובק,קילוגרמים,1.00,"ק""ג",true,,55.00,55.0000,true,1,146997
7290000030062,false,מעושן איטלקי זוגלובק,,,מעושן איטלקי בלוק זו,קילוגרמים,1.00,"ק""ג",true,,85.00,85.0000,true,1,146998
7290000030178,false,קוניאק זוגלובק,,,קוניאק זוגלובק,קילוגרמים,1.00,"ק""ג",true,,85.00,85.0000,true,1,146999
7290000030192,false,סרוולד א.מ זוגלובק,,,סרוולד א.מ זוגלובק,קילוגרמים,1.00,"ק""ג",true,,140.00,140.0000,true,1,147000
7290000030260,false,מורטדלה רחב זוגלובק,,,מורטדלה רחב זוגלובק,קילוגרמים,1.00,"ק""ג",true,,45.00,45.0000,true,1,147001
7290000030369,false,גולן חזה מעושן עם עו,,,גולן חזה מעושן עם עו,קילוגרמים,1.00,"ק""ג",true,,90.00,90.0000,true,1,147003
7290000030444,false,כתף בקר מעושן זוגלוב,,,כתף בקר מעושן חצוי ז,קילוגרמים,1.00,"ק""ג",true,,120.00,120.0000,true,1,147004
7290000030871,false,פסטרמה חזה עוף מעושן,,,חזה עוף מעושן זוגלוב,קילוגרמים,1.00,"ק""ג",true,,90.00,90.0000,true,1,147005
7290000031070,false,ישרקו צדר אדום גרמני,,,ישרקו צדר אדום גרמני,קילוגרמים,1.00,"ק""ג",true,,95.00,95.0000,true,1,200310
7290000031267,false,גאודה גלגל,,,גאודה גלגל,קילוגרמים,1.00,"ק""ג",true,,80.00,80.0000,true,1,200309
7290000031410,false,פסטרמה בדבש טהור זוג,,,פסטרמה בדבש טהור זוג,קילוגרמים,1.00,"ק""ג",true,,90.00,90.0000,true,1,147006
7290000032207,false,פול מצרי 580 ג' פרי זה,,,A2 פול פרי זה 350 גר,גרמים,350.00,100 גרם,false,,6.90,1.9714,true,1,118475
7290000032299,false,סלמון נרווגי קפוא,,,סלמון נרווגי קפוא,קילוגרמים,1.00,"ק""ג",true,,69.90,69.9000,true,1,146751
7290000032400,false,פסטרמה ברביקיו זוגלו,,,פסטרמה ברביקיו זוגלו,קילוגרמים,1.00,"ק""ג",true,,90.00,90.0000,true,1,147007
7290000032474,false,אפונת גינה גדולה 550 ג' פרי זה,זנלכל,,אפונה גדולה א-,גרמים,550.00,100 גרם,false,,6.90,1.2545,true,1,118476
7290000032498,false,"חריסה פרי זה 2.55 ק""ג",,,חריסה A9 פרי זה,פריט,3.00,"ק""ג",false,,29.90,9.9667,true,1,118477
7290000032511,false,אפונה וגזר 550 ג' פרי זה,,,אפונה וגזר א-2.,Unknown,0.00,יחידה,false,,6.90,0.0000,true,1,118478
7290000032634,false,חומוס שלם 550 ג' פרי זה,זנלכל,,A2 חומוס שלם 600 גרם,גרמים,600.00,100 גרם,false,,6.90,1.1500,true,1,118479
7290000032665,false,רוטב עגבניות 28% 580ג' פרי זה,זנלכל בעמ,,רסק עגבניות 28% 580,גרמים,580.00,100 גרם,false,,8.90,1.5345,true,1,118480
7290000032721,false,טורו-כתף בקר מצופה פ,,,טורו-כתף בקר מצופה פ,קילוגרמים,1.00,"ק""ג",true,,110.00,110.0000,true,1,147009
7290000032726,false,חריסה 570 ג' פרי זה,,,A2 חריסה,גרמים,550.00,100 גרם,false,,7.90,1.4364,true,1,118481
7290000032764,false,שעועית לבנה ברוטב עגבניות 580 ג' פרי זה,זנלכל,,A2 שעועית לבנה ברוטב,גרמים,580.00,100 גרם,false,,6.90,1.1897,true,1,118482
7290000032825,false,גרעיני תירס מתוק 550 ג' פרי זה,General,,A2 גרעיני תירס מתוק,גרמים,550.00,100 גרם,false,,7.90,1.4364,true,1,119265
7290000033159,false,שוקחה גבינה גאודה עג,,,שוקחה גבינה גאודה עג,קילוגרמים,1.00,"ק""ג",true,,80.00,80.0000,true,1,142736
7290000033681,false,פסטרממיה מעושנת הבית,,,פסטרמה מעושנת הבית ז,קילוגרמים,1.00,"ק""ג",true,,90.00,90.0000,true,1,147012
7290000034718,false,תבור-חזה מעושן זוגלו,,,פסטרמה תבור זוגלובק,קילוגרמים,1.00,"ק""ג",true,,90.00,90.0000,true,1,147013
7290000034800,false,פסטרמה רומנית זוגלוב,,,פסטרמה רומנית זוגלוב,קילוגרמים,1.00,"ק""ג",true,,90.00,90.0000,true,1,147014
7290000034824,false,חרמון חזה מעושן זוגל,,,חרמון חזה מעושן זוגל,קילוגרמים,1.00,"ק""ג",true,,59.00,59.0000,true,1,147015
7290000035791,false,קורנדביף בסגנון ניו,,,קורנדביף בסגנון ניו,קילוגרמים,1.00,"ק""ג",true,,110.00,110.0000,true,1,147016
7290000036057,false,מרטדלה עם זיתים זוגל,,,מורטדלה עם זיתים זוג,קילוגרמים,1.00,"ק""ג",true,,45.00,45.0000,true,1,147017
7290000036144,false,קונדיטור קורנפלור שק,קריות זול,,קונדיטור קורנפלור שק,גרמים,200.00,100 גרם,false,,3.10,1.5500,true,1,118487
7290000036151,false,קונדיטור קורנפלור 50,גלעם,,קונדיטור קורנפלור 50,גרמים,500.00,100 גרם,false,,6.10,1.2200,true,1,118488
7290000038099,false,פסטרמה כפרית זוגלובק,,,פסטרמה כפרית זוגלובק,קילוגרמים,1.00,"ק""ג",true,,90.00,90.0000,true,1,147019
7290000038285,false,ישרקו אמנטל שוויצרי,,,ישרקו אמנטל שוויצרי,קילוגרמים,1.00,"ק""ג",true,,190.00,190.0000,true,1,137027
7290000039247,false,פסטרמה איטלקית זוגלו,,,פסטרמה איטלקית זוגלו,קילוגרמים,1.00,"ק""ג",true,,90.00,90.0000,true,1,147022
7290000040042,false,יופלה יוגורט תות %3 גביע 150 גרם,"תנובה בע""מ ***",,יופלה יוגורט תות %3,מיליליטרים,150.00,"100 מ""ל",false,,5.20,3.4667,true,1,130154
7290000040066,false,יופלה יוגורט דובדבן %3 גביע 150 גרם,תנובה מרכז שיתופי לש,,יופלה יוגורט דובדבן,מיליליטרים,150.00,"100 מ""ל",false,,5.20,3.4667,true,1,130155
7290000040080,false,יופלה יוגורט אפרסק %3 גביע 150 גרם,"תנובה בע""מ ***",,יופלה יוגורט אפרסק %,מיליליטרים,150.00,"100 מ""ל",false,,5.20,3.4667,true,1,130156
7290000040201,false,קוויאר GOLD,,,קוויאר GOLD,קילוגרמים,1.00,"ק""ג",true,,470.00,470.0000,true,1,138277
7290000040301,false,תנובה עין גדי קממבר מחלב בקר 24% שומן,תנובה מרכז שיתופי לש,,קממבר עין גדי חפיסה,גרמים,125.00,100 גרם,false,,18.90,15.1200,true,1,130157
7290000040403,false,פוקצ'ה ירקות וגבינה,,,פוקצ'ה ירקות וגבינה,Unknown,0.00,יחידה,false,,15.00,0.0000,true,1,156065
7290000040404,false,פיתה בצק קפוא זעתר/ב,,,פיתה בצק קפוא זעתר/ב,Unknown,0.00,יחידה,false,,5.00,0.0000,true,1,156066
7290000040405,false,פיתה גבינה בולגרית,,,פיתה גבינה בולגרית,Unknown,0.00,יחידה,false,,6.00,0.0000,true,1,156067
7290000040406,false,פיתה בתוספת ירקות וב,,,פיתה בתוספת ירקות וב,Unknown,0.00,יחידה,false,,10.00,0.0000,true,1,153699
7290000040407,false,פיתה בתוספת בצל,,,פיתה בתוספת בצל,Unknown,0.00,יחידה,false,,5.00,0.0000,true,1,153700
7290000040408,false,סמבוסק,,,סמבוסק,Unknown,0.00,יחידה,false,,10.00,0.0000,true,1,153701
7290000040410,false,בורקס וביצה,,,בורקס וביצה,Unknown,0.00,יחידה,false,,10.00,0.0000,true,1,144009
7290000040411,false,משולש פיצה,,,משולש פיצה,Unknown,0.00,יחידה,false,,6.00,0.0000,true,1,144010
7290000040413,false,לחמניות אצבע קטן 100,,,לחמניות אצבע קטן 100,Unknown,0.00,יחידה,false,,2.00,0.0000,true,1,156068
7290000040445,false,פיתה רגילה-יחידה עבו,,,פיתה רגילה-יחידה עבו,Unknown,0.00,יחידה,false,,1.00,0.0000,true,1,183742
7290000040462,false,טוסטי גבינה בסגנון אמריקאי אדם 23% תנובה 200 גרם,תנובה מרכז שיתופי לש,,טוסטי עמק אמריקאי אד,גרמים,200.00,100 גרם,false,,18.80,9.4000,true,1,184922
7290000040974,false,חלב 2% דל לקטוז בקרטון תנובה (1 ליטר),תנובה מרכז שיתופי לש,,חלב טרי דל לקטוז 1 ל,קילוגרמים,1.00,ליטר,false,,7.00,7.0000,true,1,130160
7290000041858,false,"שמנת חמוצה 15% מועשרת יטבתה 200 מ""ל",שטראוס גרופ בעמ/מצונן,,יטבתה שמנת חמוצה 15%,מיליליטרים,200.00,"100 מ""ל",false,,2.60,1.3000,true,1,139799
7290000041865,false,"לבן 4.5% שומן מהדרין ""יטבתה""",שטראוס גרופ בעמ/מצונן,,יטבתה אשל 4.5% 200 מ,מיליליטרים,200.00,"100 מ""ל",false,,2.00,1.0000,true,1,139800
7290000041872,false,"לבן 3% יטבתה 200מ""ל מהדרין",שטראוס גרופ בעמ/מצונן,,"יטבתה לבן 3% 200 מ""ל",מיליליטרים,200.00,"100 מ""ל",false,,2.00,1.0000,true,1,139801
7290000042435,false,חלב דל שומן 1% בקרטון תנובה (1 ליטר)פיק,תנובה מרכז שיתופי לש,,חלב תנובה טרי קרט+ פ,קילוגרמים,1.00,ליטר,false,,5.86,5.8600,true,1,130169
7290000042855,false,"שוקו בשקית 250 מ""ל ""יטבתה""",שטראוס גרופ בעמ/מצונן,,יטבתה שוקו שקית 225,מיליליטרים,225.00,"100 מ""ל",false,,2.50,1.1111,true,1,139804
7290000043012,false,"שוקו עמיד 2% בקרטון 250 מ""ל תנובה",תנובה מרכז שיתופי לש,,שוק.שוקו עמיד 2% בקר,מיליליטרים,250.00,"100 מ""ל",false,,4.90,1.9600,true,1,130176
7290000043814,false,השף הלבן שמנת להקצפה 38% שומן 250 מל - מוצר בפיקוח,תנובה מרכז שיתופי לש,,שמנת להקצפה 38% 250,מיליליטרים,250.00,"100 מ""ל",false,,6.47,2.5880,true,1,130179
7290000043890,false,תנובה רויון לבן מחלב מפסוטר 1.5%,תנובה מרכז שיתופי לש,,רוויון קרטון 1 ליטר,קילוגרמים,1.00,ליטר,false,,11.50,11.5000,true,1,130180
7290000043944,false,כד יוגורט תנובה 4% שומן 1.5 ליטר,מיוצר עי קונדיטוריית,,יוגורט תנובה כד 1.5,קילוגרמים,1.50,ליטר,false,,17.40,11.6000,true,1,130181
7290000044054,false,* בשר ראש,,,* בשר ראש,קילוגרמים,1.00,"ק""ג",true,,39.90,39.9000,true,1,144492
7290000044056,false,* זנב עגל,,,* זנב עגל,קילוגרמים,1.00,"ק""ג",true,,39.90,39.9000,true,1,144493
7290000044712,false,יוגורט עם תות 1.5% שומן 500 ג' פרילי,מיוצר עי קונדיטוריית,,פרילי תות גביע 500 ג,גרמים,500.00,100 גרם,false,,10.50,2.1000,true,1,130186
7290000044880,false,יוגורט בטעם תות שדה 3% באדי (500 גרם),מיוצר עי קונדיטוריית,,באדי יוגורט תות גביע,מיליליטרים,500.00,"100 מ""ל",false,,9.30,1.8600,true,1,130188
7290000044954,false,ישראקו פרמזן רגאנו,,,ישראקו פרמזן רגאנו,קילוגרמים,1.00,"ק""ג",true,,150.00,150.0000,true,1,158573
7290000045005,false,המבורגר על האש ארוז.,,,המבורגר על האש ארוז.,קילוגרמים,1.00,"ק""ג",true,,49.90,49.9000,true,1,144513
7290000045009,false,נקניקיות מרגז קפוא,,,נקניקיות מרגז קפוא,קילוגרמים,1.00,"ק""ג",true,,49.90,49.9000,true,1,144516
7290000045010,false,נקניקיות צ'וריסוס,,,נקניקיות צ'וריסוס,קילוגרמים,1.00,"ק""ג",true,,49.90,49.9000,true,1,144517
7290000045012,false,קציצות הבית.,,,קציצות הבית.,קילוגרמים,1.00,"ק""ג",true,,49.90,49.9000,true,1,144021
7290000045013,false,קבב ביתי,,,קבב ביתי,קילוגרמים,1.00,"ק""ג",true,,49.90,49.9000,true,1,144518
7290000045282,false,נתחי פילה סלמון נורו,,,דלי דג מנות פילה סלמ,קילוגרמים,1.00,"ק""ג",true,,89.90,89.9000,true,1,122344
7290000045435,false,פילה מרלוזה ארגנטינא,,,פילה מרלוזה ארגנטינא,קילוגרמים,1.00,"ק""ג",true,,36.90,36.9000,true,1,185430
7290000045573,false,גבינת מותכת משולשים 25% שומן 200 ג' נעמה,תנובה בעמ ***,,נעמה משולשים 200 גרם,גרמים,200.00,100 גרם,false,,15.70,7.8500,true,1,130189
7290000045580,false,גבינה מותכת נעמה חורש תנובה 240 גרם,תנובה מרכז שיתופי לש,,נעמה חורש משולשים 24,גרמים,240.00,100 גרם,false,,17.80,7.4167,true,1,130190
7290000045771,false,יוגורט לבן 4% תנובה (3 ליטר),תנובה מרכז שיתופי לש,,יוגורט תנובה כד 3 לי,קילוגרמים,3.00,ליטר,false,,28.90,9.6333,true,1,130191
7290000045917,false,תנובה פרומעז גבינה מותכת מחלב עיזים 23% שומן,תנובה בעמ ***,,פרומעז גבינת עזים גל,גרמים,200.00,100 גרם,false,,26.20,13.1000,true,1,130192
7290000046020,false,"גלבוע 22% שקילה}גבנ""צ{*.",תנובה מרכז שיתופי לש,,גלבוע %22,קילוגרמים,1.00,"ק""ג",true,,42.58,42.5800,true,1,130110
7290000047027,false,גב.קולאז' גלעד 27% במשקל,תנובה מרכז שיתופי לש,,קצקבל (גלעד) חריץ 28,קילוגרמים,1.00,"ק""ג",true,,145.00,145.0000,true,1,130116
7290000047485,false,גבינה בולגרית במשקל,תנובה מרכז שיתופי לש,,בולגרית פח 4 קג 24%,קילוגרמים,1.00,"ק""ג",true,,65.00,65.0000,true,1,130118
7290000047546,false,השף הלבן כנען גבינה לבנה דלת נתרן 5% תנובה 500 גרם,תנובה מרכז שיתופי לש,,כנען גבינה לבנה 5%,גרמים,500.00,100 גרם,false,,24.10,4.8200,true,1,130194
7290000048185,false,גבינה לבנה 5% תנובה 250 גרם מהדרין,מיוצר עי קונדיטוריית,,גבינה לבנה 5% 250 גר,גרמים,250.00,100 גרם,false,,4.98,1.9920,true,1,130196
7290000048192,false,גבינה לבנה 9% תנובה 250 גרם מהדרין,מחלבת אלון תבור,,גבינה לבנה 9% 250 גר,גרמים,250.00,100 גרם,false,,5.30,2.1200,true,1,130197
7290000048413,false,גבינה חמד (25016% גרם)פיראוס תנובה,תנובה מרכז שיתופי לש,,פיראוס חמד שקית 250,גרמים,250.00,100 גרם,false,,18.40,7.3600,true,1,130199
7290000048437,false,גבינת צפתית (2005% גרם)פיראוס תנובה,פארייפאבה אגרואינדוס,,פיראוס צפתית גביע 20,גרמים,200.00,100 גרם,false,,15.10,7.5500,true,1,130200
7290000049458,false,גבינה בולגרית עיזים (25016% גרם)פיראוס,תנובה מרכז שיתופי לש,,פיראוס פטה עזים 16%,גרמים,250.00,100 גרם,false,,28.30,11.3200,true,1,130201
7290000050447,false,"יוגורט ביו בטעם תות YYY יופלה 500 מ""ל",מיוצר עי קונדיטוריית,,יופלה תות 3% גביע 50,Unknown,500.00,יחידה,false,,13.60,0.0272,true,1,130204
7290000050454,false,יוגורט יופלה אפרסק 3% שומן 500 גרם,מיוצר עי קונדיטוריית,,יופלה אפרסק 3% גביע,מיליליטרים,500.00,"100 מ""ל",false,,13.60,2.7200,true,1,130205
7290000051307,false,"מארז הפסקת אוכל עם דגני עוגי ומשקה חלב עמיד בטעם וניל 150 מ""ל",תנובה מרכז שיתופי לש,,הפסקת אוכל דגני עוגי,מיליליטרים,150.00,"100 מ""ל",false,,9.50,6.3333,true,1,130209
7290000051376,false,יוגורט יופלה דיאט אננס 0% שומן 150 גרם,תנובה מרכז שיתופי לש,,יופלה דיאט אננס גביע,מיליליטרים,150.00,"100 מ""ל",false,,5.20,3.4667,true,1,130212
7290000051555,false,בשר מוכשר מס 8,,,בשר מוכשר מס 8,קילוגרמים,1.00,"ק""ג",true,,29.90,29.9000,true,1,181249
7290000051710,false,פיראוס גבינת לאבנה אסלית על בסיס יוגורט תנובה 263 גרם,"תנובה, מחלבת אלון תב",,פיראוס לאבנה9% עם שמ,גרמים,263.00,100 גרם,false,,13.90,5.2852,true,1,130214
7290000051956,false,טל העמק 9% חריץ תנובה,תנובה - חלב,,טל העמק חריץ במשקל 9,קילוגרמים,1.00,"ק""ג",true,,79.00,79.0000,true,1,130120
7290000052311,false,גבינה צהובה עמק לייט 15% שומן 200 גרם,תנובה מרכז שיתופי לש,,עמק לייט פרוס 200 גר,גרמים,200.00,100 גרם,false,,17.80,8.9000,true,1,130219
7290000053219,false,טל העמק חריץ 32% במשקל,תנובה מרכז שיתופי לש,,חריץ טל העמק 32% שומ,קילוגרמים,1.00,"ק""ג",true,,75.00,75.0000,true,1,130123
7290000054006,false,גד קשקבל 26% משולשים,,,גד קשקבל 26% משולשים,קילוגרמים,1.00,"ק""ג",true,,139.00,139.0000,true,1,146565
7290000054224,false,גבינת בושה עיזים,,,גבינת בושה עיזים,קילוגרמים,1.00,"ק""ג",true,,169.00,169.0000,true,1,146790
7290000054754,false,גד מוצרלה במים בייבי,,,גד מוצרלה במים בייבי,קילוגרמים,1.00,"ק""ג",true,,95.00,95.0000,true,1,146569
7290000054815,false,גד מוצרלה 22%,,,גד מוצרלה 22%,קילוגרמים,1.00,"ק""ג",true,,85.00,85.0000,true,1,146571
7290000054921,false,גד ריקוטה 5%,,,גד ריקוטה 5%,קילוגרמים,1.00,"ק""ג",true,,70.00,70.0000,true,1,146574
7290000054952,false,גד צפתית קשה 13%,,,גד צפתית קשה 13%,קילוגרמים,1.00,"ק""ג",true,,80.00,80.0000,true,1,146575
7290000054969,false,גד גבינת שמנת 30%,,,גד גבינת שמנת 30%,קילוגרמים,1.00,"ק""ג",true,,50.00,50.0000,true,1,146576
7290000054976,false,גד גבינת שמנת 30% זי,,,גד גבינת שמנת 30% זי,קילוגרמים,1.00,"ק""ג",true,,50.00,50.0000,true,1,146577
7290000054990,false,גד מוצרלה במים כדורי,,,גד מוצרלה במים כדורי,קילוגרמים,1.00,"ק""ג",true,,95.00,95.0000,true,1,146579
7290000055015,false,פיראוס גבינת פטה כבשים 5% תנובה 250 גרם,תנובה מרכז שיתופי לש,,פיראוס פטה כבשים 5%,גרמים,250.00,100 גרם,false,,29.90,11.9600,true,1,130226
7290000055329,false,"משקה בוקר יוגורט 1.5% בטעם תות מלון יופלה 250 מ""ל",תנובה מרכז שיתופי לש,,יופלה משקה יוגורט תו,Unknown,250.00,יחידה,false,,5.40,0.0216,true,1,130228
7290000055336,false,"משקה יוגורט 1.5% בטעם בננה אפרסק יופלה 250 מ""ל",תנובה מרכז שיתופי לש,,יופלה משקה יוגורט בנ,גרמים,250.00,100 גרם,false,,5.40,2.1600,true,1,130229
7290000055343,false,משקה יוגורט יופלה פירות טרופיים 250 גרם,תנובה מרכז שיתופי לש,,יופלה משקה יוגורט טר,מיליליטרים,250.00,"100 מ""ל",false,,5.40,2.1600,true,1,130230
7290000055350,false,גבינה צהובה חריץ עמק 28% במשקל,תנובה מרכז שיתופי לש,,גבינת עמק 28%,קילוגרמים,1.00,"ק""ג",true,,44.79,44.7900,true,1,130124
7290000055893,false,חמאה משמנת מפוסטרת 200גרם 82% כ.מהדרין - מוצר בפיקוח,תנובה מרכז שיתופי לש,,חמאה משמנת מפוסטרת 2,גרמים,200.00,100 גרם,false,,8.20,4.1000,true,1,187853
7290000056081,false,מארז יוגורט פרילי טבע 6*200 גרם,מיוצר עי קונדיטוריית,,מאגדת פרילי טבע 6 *,מיליליטרים,1200.00,"100 מ""ל",false,,23.00,1.9167,true,1,130235
7290000056883,false,שמיניית יוגורט יופלה 3% טעמים שונים 150 גרם,תנובה מרכז שיתופי לש,,מאג 8*150 גרם יופלה,גרמים,1200.00,100 גרם,false,,30.50,2.5417,true,1,130238
7290000056890,false,שמיניית דיאט יופלה 0% טעמים שונים 150 גרם,מיוצר עי קונדיטוריית,,מאג 8*150 גרם דיאט י,גרמים,1200.00,100 גרם,false,,30.50,2.5417,true,1,130239
7290000056906,false,מאגדת לבן טבעי 1.5% שומן 8 יח' * 150 ג' יופלה,מחלבת אלון תבור,,מאג 8*150ג יופלה לבן,מיליליטרים,1200.00,"100 מ""ל",false,,17.90,1.4917,true,1,130240
7290000056951,false,"תנובה, השף הלבן, שמנת לבישול 15% שומן 500 מל",תנובה מרכז שיתופי לש,,שמנת לבישול 15% 500,מיליליטרים,500.00,"100 מ""ל",false,,16.70,3.3400,true,1,130242
7290000057088,false,עמק גבינה צהובה פרוסה דק דק 28% תנובה 200 גרם,תנובה מרכז שיתופי לש,,עמק פרוס דק דק 200 ג,גרמים,200.00,100 גרם,false,,17.90,8.9500,true,1,130244
7290000057118,false,גבינה צהובה עמק 28% שומן ואקום 400 גרם,תנובה מרכז שיתופי לש,,עמק פרוס סמי מעדנייה,גרמים,400.00,100 גרם,false,,23.30,5.8250,true,1,130245
7290000057132,false,יוגורט תנובה טבעי 1.5% גביע 200 גרם,מחלבת אלון תבור,,יוגורט תנובה טבעי 1.,Unknown,200.00,יחידה,false,,3.00,0.0150,true,1,130246
7290000057149,false,יוגורט תנובה טבעי 3% גביע 200 גרם,מיוצר עי קונדיטוריית,,יוגורט תנובה טבעי 3%,מיליליטרים,200.00,"100 מ""ל",false,,3.00,1.5000,true,1,130247
7290000057552,false,יופלה דיאט עוגת גבינה ותות 0% גביע 150ג',תנובה - חלב,,יופלה דיאט עוגת גבינ,גרמים,150.00,100 גרם,false,,4.90,3.2667,true,1,130250
7290000057571,false,יורוציז סמוקרלה מעוש,,,יורוציז סמוקרלה מעוש,קילוגרמים,1.00,"ק""ג",true,,79.00,79.0000,true,1,146791
7290000057868,false,גידים חלק,,,גידים חלק,קילוגרמים,1.00,"ק""ג",true,,49.90,49.9000,true,1,122381
7290000058030,false,"שמיניית יופלה שטוזים משקה יוגורט תות 100 מ""ל",מיוצר עי קונדיטוריית,,יופלה משקה יוגורט תו,מיליליטרים,800.00,"100 מ""ל",false,,21.20,2.6500,true,1,130252
7290000058047,false,שמנת להקצפה 38% 500מל מהדרין עמיד השף הלבן,תנובה מרכז שיתופי לש,,שמנת להקצפה 38% 500מ,מיליליטרים,500.00,"100 מ""ל",false,,12.94,2.5880,true,1,172696
7290000058118,false,יעקבס גבינת קממברט 2,,,יעקבס גבינת קממברט 2,קילוגרמים,1.00,"ק""ג",true,,110.00,110.0000,true,1,146159
7290000058217,false,יעקבס גבינת לבנה עיז,,,יעקבס גבינת לבנה עיז,קילוגרמים,1.00,"ק""ג",true,,59.00,59.0000,true,1,146163
7290000058385,false,מוצרלה במים יעקבס,,,מוצרלה במים יעקבס,קילוגרמים,1.00,"ק""ג",true,,99.00,99.0000,true,1,182716
7290000058453,false,יעקבס גבינת קממברט א,,,יעקבס גבינת קממברט א,קילוגרמים,1.00,"ק""ג",true,,109.00,109.0000,true,1,146167
7290000058859,false,יעקבס גבינת עמית מור,,,יעקבס גבינת עמית מור,קילוגרמים,1.00,"ק""ג",true,,145.00,145.0000,true,1,146169
7290000058979,false,גיל בטעם תות 3% שומן 125 ג' תנובה,תנובה מרכז שיתופי לש,,גיל בטעם תות 3% 125,מיליליטרים,125.00,"100 מ""ל",false,,1.60,1.2800,true,1,130257
7290000058989,false,יעקבס קממברט בקר ביי,,,יעקבס קממברט בקר ביי,קילוגרמים,1.00,"ק""ג",true,,110.00,110.0000,true,1,146170
7290000059203,false,ישרקו כדורי מוצרלה ב,,,ישרקו כדורי מוצרלה ב,קילוגרמים,1.00,"ק""ג",true,,150.00,150.0000,true,1,176513
7290000060066,false,יורוציז גאודה צ'ילי,,,יורוציז גאודה צ'ילי,קילוגרמים,1.00,"ק""ג",true,,120.00,120.0000,true,1,146792
7290000060071,false,אוסם - חטיפי פריכונים מאורז מלא קלוי 80גר,קבוצת אוסם סחר שותפות מוגבלת,,חטיפי פריכונים מאורז,Unknown,0.00,יחידה,false,,8.90,0.0000,true,1,126390
7290000060088,false,בייגלה מקלות עם מלח אסם (400 גרם),קבוצת אוסם סחר שותפות מוגבלת,,בייגלה אסם מקלות מלו,גרמים,400.00,100 גרם,false,,10.90,2.7250,true,1,126391
7290000060163,false,פסטה אסם אטריות דקות 400גר,קבוצת אוסם סחר שותפות מוגבלת,,פסטה אסם אטריות דקות,גרמים,400.00,100 גרם,false,,7.90,1.9750,true,1,126393
7290000060200,false,פסטה אסם פתיתים אפויים קוסקוס 500גר,קבוצת אוסם סחר שותפות מוגבלת,,פסטה אסם פתיתים אפוי,גרמים,500.00,100 גרם,false,,8.90,1.7800,true,1,126394
7290000060217,false,פסטה מקרוני מספר 7 אסם (500 גרם),קבוצת אוסם סחר שותפות מוגבלת,,פסטה אסם מקרוני 7 50,גרמים,500.00,100 גרם,false,,5.90,1.1800,true,1,126395
7290000060248,false,פסטה אסם פתיתים תלתלים 500 גר',קבוצת אוסם סחר שותפות מוגבלת,,אסם פתיתים תלתלים 50,גרמים,500.00,100 גרם,false,,5.90,1.1800,true,1,126396
7290000060316,false,פרפקטו ספגטי מס' 8 אסם 500 גרם,קבוצת אוסם סחר שותפות מוגבלת,,פרפקטו ספגטי 500 גרם,גרמים,500.00,100 גרם,false,,7.90,1.5800,true,1,126397
7290000060408,false,פסטה אסם פתיתים אפויים טבעות 500 גר,קבוצת אוסם סחר שותפות מוגבלת,,פסטה אסם פתיתים אפוי,גרמים,500.00,100 גרם,false,,8.90,1.7800,true,1,126401
7290000060415,false,"פסטה פרפקטו לאזניה 500 ג' ""אסם""",קבוצת אוסם סחר שותפות מוגבלת,,פרפקטו לזאניה 500 גר,גרמים,500.00,100 גרם,false,,14.90,2.9800,true,1,126402
7290000060576,false,פתיתים אפויים כוכבים אסם (500 גרם),קבוצת אוסם סחר שותפות מוגבלת,,פסטה אסם פתיתים אפוי,גרמים,500.00,100 גרם,false,,8.90,1.7800,true,1,126406
7290000060828,false,פסטה קרניים בינוניות אסם (500 גרם),קבוצת אוסם סחר שותפות מוגבלת,,אסם פתיתים קרניים 50,גרמים,500.00,100 גרם,false,,5.90,1.1800,true,1,126408
7290000060842,false,פסטה אסם פתיתים צדפים גדולים 500גר,קבוצת אוסם סחר שותפות מוגבלת,,פסטה אסם פתיתים צדפי,גרמים,500.00,100 גרם,false,,5.90,1.1800,true,1,126409
7290000060880,false,פסטה ספגטי מספר 8 אסם 500 גרם,קבוצת אוסם סחר שותפות מוגבלת,,פסטה אסם ספגטי 500 ג,גרמים,500.00,100 גרם,false,,5.90,1.1800,true,1,126411
7290000060903,false,פסטה אסם פתיתים אפויים אורז 500גר,קבוצת אוסם סחר שותפות מוגבלת,,פסטה אסם פתיתים אפוי,גרמים,500.00,100 גרם,false,,8.90,1.7800,true,1,126412
7290000060958,false,אטריות מובחרות בינוניות אסם (400 גרם),קבוצת אוסם סחר שותפות מוגבלת,,אסם אטריות בינוניות,גרמים,400.00,100 גרם,false,,7.90,1.9750,true,1,126414
7290000060965,false,פסטה אסם אטריות רחבות 400גר,קבוצת אוסם סחר שותפות מוגבלת,,אסם אטריות רחבות 400,גרמים,400.00,100 גרם,false,,7.90,1.9750,true,1,126415
7290000061061,false,קרקר חיטה עם בצל אסם,קבוצת אוסם סחר שותפות מוגבלת,,קרקר בצל 250 גרם,גרמים,250.00,100 גרם,false,,10.90,4.3600,true,1,126417
7290000061085,false,"רוטב צילי מתוק 290 מ""ל-בקבוק",קבוצת אוסם סחר שותפות מוגבלת,,רוטב צילי מתוק 290,מיליליטרים,290.00,"100 מ""ל",false,,9.90,3.4138,true,1,126418
7290000061214,false,פתיתים אפויים קוסקוס עם בצל אסם 500 גרם,קבוצת אסם סחר שות. מוגבלת,,פסטה אסם פתיתים קוסק,גרמים,500.00,100 גרם,false,,7.90,1.5800,true,1,126420
7290000061245,false,עוגיות שוקוצ'יפס במילוי שוקולד אסם 220 גרם,קבוצת אוסם סחר-שות.מוגבלת,,עוגיות שוקוציפס ממול,גרמים,220.00,100 גרם,false,,11.90,5.4091,true,1,126421
7290000061672,false,מאגדת טראש פק 5 יח',,,מאגדת טראש פק 5 יח',גרמים,375.00,100 גרם,false,,27.00,7.2000,true,1,122081
7290000061764,false,קפה נמס מגורען רד מאג 200 גרם,קבוצת אוסם סחר שותפות מוגבלת,,רד מאג נסקפה 200 גרם,גרמים,200.00,100 גרם,false,,22.90,11.4500,true,1,126424
7290000062129,false,אינסטנט פודינג בטעם וניל אסם (1 קג),קבוצת אוסם סחר שותפות מוגבלת,,פודינג אינסטנט טעם ו,פריט,1.00,"ק""ג",false,,29.90,29.9000,true,1,126426
7290000062310,false,סנט מור,,,סנט מור,קילוגרמים,1.00,"ק""ג",true,,170.00,170.0000,true,1,122404
7290000062952,false,אוסם - מיני קרוטונים למרק ולסלט 250 גרם,קבוצת אוסם סחר שותפות מוגבלת,,אסם מיני קרוטונים למ,גרמים,250.00,100 גרם,false,,15.90,6.3600,true,1,126429
7290000063102,false,קמח עוגה תופח מאליו אסם 350 גרם,קבוצת אוסם סחר שותפות מוגבלת,,קמח תופח קטן 350 גרם,גרמים,350.00,100 גרם,false,,5.90,1.6857,true,1,126432
7290000063140,false,שקדי מרק רכיבים טבעיים בשקית 400 ג' אסם,קבוצת אוסם סחר שותפות מוגבלת,,שקדי מרק רכיבים טבעי,גרמים,400.00,100 גרם,false,,14.90,3.7250,true,1,126434
7290000063157,false,"קמח עוגה תופח מאליו אסם 1 ק""ג",קבוצת אוסם סחר שותפות מוגבלת,,קמח תופח מאליו אסם 1,פריט,1.00,"ק""ג",false,,9.90,9.9000,true,1,126435
7290000064758,false,קוסקוס בינוני אמיתי אסם 350 ג',קבוצת אוסם סחר שותפות מוגבלת,,קוסקוס אמיתי בשקית 3,גרמים,350.00,100 גרם,false,,8.90,2.5429,true,1,126442
7290000064871,false,"אוסם - מנה חמה פירה תפו""א עם בצל 56 גרם",קבוצת אוסם סחר שותפות מוגבלת,,"מנה חמה פירה תפו""א ע",Unknown,0.00,יחידה,false,,7.90,0.0000,true,1,126443
7290000065335,false,אוסם - מנה חמה פירה עם ירקות 55 גרם,קבוצת אוסם סחר שותפות מוגבלת,,מנה חמה פירה עם ירקו,Unknown,0.00,יחידה,false,,7.90,0.0000,true,1,126445
7290000065557,false,אוסם - מנה חמה קוסקוס עם ירקות 84 גרם,קבוצת אוסם סחר שותפות מוגבלת,,מנה חמה קוסקוס עם יר,Unknown,0.00,יחידה,false,,7.90,0.0000,true,1,126447
7290000065977,false,חטיפי פריכונים תירס שומשום אסם 80 גרם,קבוצת אוסם סחר שותפות מוגבלת,,חטיפי פריכונים תירס,Unknown,0.00,יחידה,false,,8.90,0.0000,true,1,126453
7290000066000,false,גב עוף.,,,גב עוף.,קילוגרמים,1.00,"ק""ג",true,,2.90,2.9000,true,1,144522
7290000066001,false,גרון עוף.,,,גרון עוף.,קילוגרמים,1.00,"ק""ג",true,,4.90,4.9000,true,1,114960
7290000066002,false,חזה עוף שלם,,,חזה עוף שלם,קילוגרמים,1.00,"ק""ג",true,,29.90,29.9000,true,1,114961
7290000066003,false,חזה עוף חצוי.,,,חזה עוף חצוי.,קילוגרמים,1.00,"ק""ג",true,,29.90,29.9000,true,1,141516
7290000066004,false,טחול עוף טרי.,,,טחול עוף טרי.,קילוגרמים,1.00,"ק""ג",true,,69.90,69.9000,true,1,141517
7290000066005,false,ירכיים עוף.,,,ירכיים עוף.,קילוגרמים,1.00,"ק""ג",true,,19.90,19.9000,true,1,141518
7290000066006,false,כבד עוף טרי,,,כבד עוף טרי,קילוגרמים,1.00,"ק""ג",true,,19.90,19.9000,true,1,114962
7290000066007,false,כנפיים עוף.,,,כנפיים עוף.,קילוגרמים,1.00,"ק""ג",true,,11.90,11.9000,true,1,141519
7290000066008,false,כרעיים עוף,,,כרעיים עוף,קילוגרמים,1.00,"ק""ג",true,,19.90,19.9000,true,1,141520
7290000066009,false,לב עוף טרי.,,,לב עוף טרי.,קילוגרמים,1.00,"ק""ג",true,,29.90,29.9000,true,1,141521
7290000066010,false,נתחי עוף לטחינה.,,,נתחי עוף לטחינה.,קילוגרמים,1.00,"ק""ג",true,,18.90,18.9000,true,1,114963
7290000066011,false,עוף מפורק.,,,עוף מפורק.,קילוגרמים,1.00,"ק""ג",true,,19.90,19.9000,true,1,144523
7290000066012,false,עוף שלם.,,,עוף שלם.,קילוגרמים,1.00,"ק""ג",true,,14.90,14.9000,true,1,136138
7290000066013,false,פילה עוף.,,,פילה עוף.,קילוגרמים,1.00,"ק""ג",true,,29.90,29.9000,true,1,141522
7290000066014,false,פרגית עוף.,,,פרגית עוף.,קילוגרמים,1.00,"ק""ג",true,,39.90,39.9000,true,1,141523
7290000066015,false,קורקבן עוף טרי.,,,קורקבן עוף טרי.,קילוגרמים,1.00,"ק""ג",true,,14.90,14.9000,true,1,141524
7290000066016,false,שוקיים עוף.,,,שוקיים עוף.,קילוגרמים,1.00,"ק""ג",true,,29.90,29.9000,true,1,141525
7290000066017,false,שניצל עוף פרימיום.,,,שניצל עוף פרימיום.,קילוגרמים,1.00,"ק""ג",true,,34.90,34.9000,true,1,144524
7290000066018,false,אשכי הודו טרי.,,,אשכי הודו טרי.,קילוגרמים,1.00,"ק""ג",true,,149.90,149.9000,true,1,141526
7290000066019,false,גרון הודו.,,,גרון הודו.,קילוגרמים,1.00,"ק""ג",true,,29.90,29.9000,true,1,131075
7290000066020,false,הודו אדום.,,,הודו אדום.,קילוגרמים,1.00,"ק""ג",true,,54.90,54.9000,true,1,144525
7290000066021,false,הודו שלם.,,,הודו שלם.,קילוגרמים,1.00,"ק""ג",true,,24.90,24.9000,true,1,141527
7290000066022,false,זנב הודו.,,,זנב הודו.,קילוגרמים,1.00,"ק""ג",true,,5.90,5.9000,true,1,141528
7290000066023,false,חזה הודו.,,,חזה הודו.,קילוגרמים,1.00,"ק""ג",true,,29.90,29.9000,true,1,141529
7290000066024,false,כבד הודו טרי.,,,כבד הודו טרי.,קילוגרמים,1.00,"ק""ג",true,,19.90,19.9000,true,1,141530
7290000066025,false,כנפיים הודו.,,,כנפיים הודו.,קילוגרמים,1.00,"ק""ג",true,,11.90,11.9000,true,1,141531
7290000066026,false,כפתורי הודו.,,,כפתורי הודו.,קילוגרמים,1.00,"ק""ג",true,,29.90,29.9000,true,1,131076
7290000066027,false,לב הודו טרי.,,,לב הודו טרי.,קילוגרמים,1.00,"ק""ג",true,,19.90,19.9000,true,1,141532
7290000066029,false,נתחי הודו לטחינה.,,,נתחי הודו לטחינה.,קילוגרמים,1.00,"ק""ג",true,,14.90,14.9000,true,1,141534
7290000066030,false,שווארמה הודו טרי.,,,שווארמה הודו טרי.,קילוגרמים,1.00,"ק""ג",true,,64.90,64.9000,true,1,141535
7290000066032,false,שוקיים הודו.,,,שוקיים הודו.,קילוגרמים,1.00,"ק""ג",true,,29.90,29.9000,true,1,141537
7290000066033,false,אוסובוקו כבש טרי,,,אוסובוקו כבש טרי,קילוגרמים,1.00,"ק""ג",true,,74.90,74.9000,true,1,144526
7290000066034,false,אשכי כבש טרי.,,,אשכי כבש טרי.,קילוגרמים,1.00,"ק""ג",true,,49.90,49.9000,true,1,144527
7290000066035,false,חזה כבש עם עצם.,,,חזה כבש עם עצם.,קילוגרמים,1.00,"ק""ג",true,,49.90,49.9000,true,1,114964
7290000066036,false,פנים כבש טרי.,,,פנים כבש טרי.,Unknown,0.00,יחידה,false,,49.90,0.0000,true,1,114965
7290000066037,false,זנב כבש טרי.,,,זנב כבש טרי.,קילוגרמים,1.00,"ק""ג",true,,39.90,39.9000,true,1,144528
7290000066038,false,לב כבש.,,,לב כבש.,קילוגרמים,1.00,"ק""ג",true,,29.90,29.9000,true,1,144529
7290000066039,false,כליות כבש טרי.,,,כליות כבש טרי.,קילוגרמים,1.00,"ק""ג",true,,29.90,29.9000,true,1,144530
7290000066040,false,כבד כבש טרי.,,,כבד כבש טרי.,קילוגרמים,1.00,"ק""ג",true,,29.90,29.9000,true,1,144531
7290000066041,false,כבש מפורק.,,,כבש מפורק.,קילוגרמים,1.00,"ק""ג",true,,109.90,109.9000,true,1,144532
7290000066042,false,כבש שלם.,,,כבש שלם.,קילוגרמים,1.00,"ק""ג",true,,64.90,64.9000,true,1,114966
7290000066043,false,כתף כבש.,,,כתף כבש.,קילוגרמים,1.00,"ק""ג",true,,74.90,74.9000,true,1,114967
7290000066044,false,לייה כבש טרי.,,,לייה כבש טרי.,קילוגרמים,1.00,"ק""ג",true,,69.90,69.9000,true,1,114968
7290000066047,false,ניקור כבש.,,,ניקור כבש.,קילוגרמים,1.00,"ק""ג",true,,29.90,29.9000,true,1,114970
7290000066048,false,צוואר כבש.,,,צוואר כבש.,קילוגרמים,1.00,"ק""ג",true,,64.90,64.9000,true,1,114971
7290000066049,false,צלעות כבש טרי.,,,צלעות כבש טרי,קילוגרמים,1.00,"ק""ג",true,,109.90,109.9000,true,1,144534
7290000066050,false,ראש כבש טרי.,,,ראש כבש טרי.,קילוגרמים,1.00,"ק""ג",true,,24.90,24.9000,true,1,114972
7290000066051,false,שוק כבש.,,,שוק כבש.,קילוגרמים,1.00,"ק""ג",true,,69.90,69.9000,true,1,114973
7290000066053,false,טחול כבש טרי.,,,טחול כבש טרי.,קילוגרמים,1.00,"ק""ג",true,,29.90,29.9000,true,1,144536
7290000066054,false,אוסובוקו עגל טרי.,,,אוסובוקו עגל טרי.,קילוגרמים,1.00,"ק""ג",true,,49.90,49.9000,true,1,144537
7290000066055,false,אנטריקוט עגלה.,,,אנטריקוט עגלה.,קילוגרמים,1.00,"ק""ג",true,,129.90,129.9000,true,1,144538
7290000066056,false,אנטריקוט מופשר.,,,אנטריקוט מופשר.,קילוגרמים,1.00,"ק""ג",true,,89.90,89.9000,true,1,144539
7290000066057,false,אנטריקוט עגל עם עצם.,,,אנטריקוט עגל עם עצם.,קילוגרמים,1.00,"ק""ג",true,,109.90,109.9000,true,1,114974
7290000066058,false,אסאדו עגל.,,,אסאדו עגל.,קילוגרמים,1.00,"ק""ג",true,,49.90,49.9000,true,1,114975
7290000066060,false,בשר עגל צעיר.,,,בשר עגל צעיר,קילוגרמים,1.00,"ק""ג",true,,59.90,59.9000,true,1,114976
7290000066063,false,טחול עגל טרי.,,,טחול עגל טרי.,קילוגרמים,1.00,"ק""ג",true,,19.90,19.9000,true,1,144542
7290000066064,false,בשר בקר טחון טרי.,,,בשר בקר טחון טרי.,קילוגרמים,1.00,"ק""ג",true,,39.90,39.9000,true,1,144024
7290000066065,false,כבד עגל טרי,,,כבד עגל טרי,קילוגרמים,1.00,"ק""ג",true,,19.90,19.9000,true,1,114977
7290000066066,false,כליות עגל טרי.,,,כליות עגל טרי.,קילוגרמים,1.00,"ק""ג",true,,9.90,9.9000,true,1,114978
7290000066067,false,לב עגל טרי.,,,לב עגל טרי.,קילוגרמים,1.00,"ק""ג",true,,19.90,19.9000,true,1,144543
7290000066068,false,לשון עגל טרי.,,,לשון עגל טרי.,קילוגרמים,1.00,"ק""ג",true,,49.90,49.9000,true,1,114979
7290000066070,false,שפיץ עגל.,,,שפיץ עגל.,קילוגרמים,1.00,"ק""ג",true,,19.90,19.9000,true,1,114981
7290000066071,false,מוח עצם טרי.,,,מוח עצם טרי.,קילוגרמים,1.00,"ק""ג",true,,24.90,24.9000,true,1,144544
7290000066072,false,נתח קצבים.,,,נתח קצבים.,קילוגרמים,1.00,"ק""ג",true,,99.90,99.9000,true,1,114982
7290000066073,false,סינטה עגלה.,,,סינטה עגלה.,קילוגרמים,1.00,"ק""ג",true,,109.90,109.9000,true,1,114983
7290000066074,false,פילה עגלה.,,,פילה עגלה.,קילוגרמים,1.00,"ק""ג",true,,149.90,149.9000,true,1,144545
7290000066076,false,שקדי עגל טרי.,,,שקדי עגל טרי.,קילוגרמים,1.00,"ק""ג",true,,99.90,99.9000,true,1,114984
7290000066080,false,קבב דבאח S,,,קבב דבאח S,קילוגרמים,1.00,"ק""ג",true,,49.90,49.9000,true,1,144547
7290000066081,false,שאריות עוף,,,שאריות עוף,קילוגרמים,1.00,"ק""ג",true,,5.90,5.9000,true,1,144548
7290000066083,false,פיקאניה עגלה.,,,פיקאניה עגלה.,קילוגרמים,1.00,"ק""ג",true,,109.90,109.9000,true,1,114985
7290000066087,false,שווארמה עגל טרי.,,,שווארמה עגל טרי.,קילוגרמים,1.00,"ק""ג",true,,64.90,64.9000,true,1,144025
7290000066089,false,שומן גב.,,,שומן גב.,קילוגרמים,1.00,"ק""ג",true,,40.00,40.0000,true,1,114986
7290000066091,false,שפיץ שייטל.,,,שפיץ שייטל.,קילוגרמים,1.00,"ק""ג",true,,79.90,79.9000,true,1,144026
7290000066093,false,סטייק טומהוק.,,,סטייק טומהוק.,קילוגרמים,1.00,"ק""ג",true,,159.90,159.9000,true,1,144027
7290000066094,false,פלאנק סטייק.,,,פלאנק סטייק.,קילוגרמים,1.00,"ק""ג",true,,79.90,79.9000,true,1,144028
7290000066095,false,בריסקט עגל למעשנת.,,,בריסקט עגל למעשנת.,קילוגרמים,1.00,"ק""ג",true,,64.90,64.9000,true,1,144029
7290000066100,false,סטייק טיבון עגל.,,,סטייק טיבון עגל.,קילוגרמים,1.00,"ק""ג",true,,149.90,149.9000,true,1,144032
7290000066102,false,סטייק ניו יורק.,,,סטייק ניו יורק.,קילוגרמים,1.00,"ק""ג",true,,119.90,119.9000,true,1,144033
7290000066104,false,עוף שלם קטן.,,,עוף שלם קטן.,קילוגרמים,1.00,"ק""ג",true,,14.90,14.9000,true,1,164157
7290000066106,false,צלי כתף.,,,צלי כתף.,קילוגרמים,1.00,"ק""ג",true,,69.90,69.9000,true,1,161796
7290000066141,false,ביסלי חטיף בטעם גריל אסם (70 גרם),קבוצת אוסם סחר שותפות מוגבלת,,ביסלי טעם גריל 70 גר,Unknown,0.00,יחידה,false,,4.90,0.0000,true,1,126455
7290000066189,false,ביסלי חטיף בטעם פלאפל אסם (200 גרם),קבוצת אוסם סחר שותפות מוגבלת,,ביסלי גדול פלאפל 200,גרמים,200.00,100 גרם,false,,8.90,4.4500,true,1,126459
7290000066196,false,ביסלי חטיף בטעם גריל אסם (200 גרם),קבוצת אוסם סחר שותפות מוגבלת,,ביסלי גדול טעם גריל,גרמים,200.00,100 גרם,false,,8.90,4.4500,true,1,126460
7290000066226,false,ביסלי חטיף בטעם פיצה אסם (200 גרם),קבוצת אוסם סחר שותפות מוגבלת,,ביסלי טעם פיצה 200 ג,גרמים,200.00,100 גרם,false,,8.90,4.4500,true,1,126463
7290000066264,false,דובונים חטיף תפוחי אדמה אסם (40 גרם),קבוצת אוסם סחר שותפות מוגבלת,,חטיף דובונים 40 גרם,Unknown,0.00,יחידה,false,,5.90,0.0000,true,1,126464
7290000066295,false,במבה מתוקה מחומרים טבעיים 30 גרם,קבוצת אוסם סחר שותפות מוגבלת,,אסם במבה תות מחומרים,Unknown,0.00,יחידה,false,,3.50,0.0000,true,1,126465
7290000066302,false,שוקחה גבינה אמנטל פר,,,שוקחה גבינה אמנטל פר,קילוגרמים,1.00,"ק""ג",true,,89.00,89.0000,true,1,142737
7290000066318,false,במבה חטיף בוטנים אסם 80 גרם,קבוצת אוסם סחר שותפות מוגבלת,,במבה 80 גרם,Unknown,0.00,יחידה,false,,4.90,0.0000,true,1,126466
7290000066332,false,אפרופו חטיף תירס אסם (50 גרם),קבוצת אוסם סחר שותפות מוגבלת,,אפרופו 50 גרם,Unknown,0.00,יחידה,false,,5.90,0.0000,true,1,126467
7290000066431,false,פופקו חטיף פופקורן בטעם חמאה ודבש אסם 80 גרם,קבוצת אוסם סחר שותפות מוגבלת,,פופקו חטיף 80 גרם,Unknown,0.00,יחידה,false,,5.90,0.0000,true,1,126469
7290000066778,false,דנבר סטייק.,,,דנבר סטייק.,קילוגרמים,1.00,"ק""ג",true,,119.90,119.9000,true,1,183402
7290000066779,false,משלוחים בת ים/ראשון,,,איירון סטייק.,קילוגרמים,1.00,"ק""ג",true,,119.90,119.9000,true,1,183403
7290000066783,false,פרגית עוף טרי לתנור,,,פרגית עוף טרי לתנור,קילוגרמים,1.00,"ק""ג",true,,37.90,37.9000,true,1,191803
7290000066784,false,קוקטייל כרעיים עוף ל,,,קוקטייל כרעיים עוף ל,קילוגרמים,1.00,"ק""ג",true,,34.90,34.9000,true,1,191853
7290000066786,false,פרוסות עגל לצליה,,,פרוסות עגל לצליה,קילוגרמים,1.00,"ק""ג",true,,64.90,64.9000,true,1,195769
7290000066787,false,גולש עגל,,,גולש עגל,קילוגרמים,1.00,"ק""ג",true,,64.90,64.9000,true,1,195770
7290000066788,false,שניצל וינאי.,,,שניצל וינאי.,קילוגרמים,1.00,"ק""ג",true,,64.90,64.9000,true,1,195771
7290000066790,false,בשר בקר טחון טרי.,,,בשר בקר טחון טרי.,קילוגרמים,1.00,"ק""ג",true,,39.90,39.9000,true,1,198300
7290000066791,false,טיבון טלה,,,טיבון טלה,קילוגרמים,1.00,"ק""ג",true,,99.90,99.9000,true,1,200545
7290000066793,false,סטייק פרגית עוף,,,סטייק פרגית עוף,קילוגרמים,1.00,"ק""ג",true,,54.90,54.9000,true,1,200308
7290000066797,false,נתח קצבים טלה.,,,נתח קצבים טלה.,קילוגרמים,1.00,"ק""ג",true,,99.90,99.9000,true,1,201859
7290000066798,false,גרון עוף מקוצב,,,גרון עוף מקוצב,קילוגרמים,1.00,"ק""ג",true,,9.90,9.9000,true,1,202832
7290000066799,false,סינטה עגלה פרוס דק ד,,,סינטה עגלה פרוס דק ד,קילוגרמים,1.00,"ק""ג",true,,139.90,139.9000,true,1,202883
7290000066800,false,סינטה עגלה פרוס .,,,סינטה עגלה פרוס .,קילוגרמים,1.00,"ק""ג",true,,159.90,159.9000,true,1,202884
7290000066801,false,בשר עגל ראס אלעספור.,,,בשר עגל ראס אלעספור.,קילוגרמים,1.00,"ק""ג",true,,64.90,64.9000,true,1,203001
7290000066802,false,ספריבס טלה.,,,ספריבס טלה.,קילוגרמים,1.00,"ק""ג",true,,59.90,59.9000,true,1,203002
7290000066804,false,פילה מרלן.,,,פילה מרלן.,קילוגרמים,1.00,"ק""ג",true,,79.90,79.9000,true,1,203004
7290000066805,false,אנטריקוט עגל פרוס.,,,אנטריקוט עגל פרוס.,קילוגרמים,1.00,"ק""ג",true,,149.90,149.9000,true,1,203005
7290000066806,false,אנטריקוט עגל פרוס דק,,,אנטריקוט עגל פרוס דק,קילוגרמים,1.00,"ק""ג",true,,139.90,139.9000,true,1,203006
7290000066807,false,פיקאניה עגלה אנגוס.,,,פיקאניה עגלה אנגוס.,קילוגרמים,1.00,"ק""ג",true,,129.90,129.9000,true,1,204091
7290000067407,false,פרורית מתובלת בשקית 200 גרם,קבוצת אוסם סחר שותפות מוגבלת,,פירורית מתובל שקית 2,גרמים,200.00,100 גרם,false,,6.90,3.4500,true,1,126476
7290000067599,false,מנה חמה ספגטי ברוטב בולונז אסם 65 גרם,קבוצת אוסם סחר שותפות מוגבלת,,מנה חמה ספגטי רוטב ב,Unknown,0.00,יחידה,false,,7.90,0.0000,true,1,126481
7290000067650,false,סקיני קאו מאגדת סנדו,,,סקיני קאו מאגדת סנדו,גרמים,200.00,100 גרם,false,,27.50,13.7500,true,1,122082
7290000067735,false,פרפקטו ניוקי בצקיות תפוחי אדמה 500 ג' אסם,קבוצת אוסם סחר שותפות מוגבלת,,פרפקטו ניוקי בצקיות,גרמים,500.00,100 גרם,false,,12.90,2.5800,true,1,126482
7290000068001,false,שיפודי פרגית קפוא אר,,,שיפודי פרגית קפוא אר,קילוגרמים,1.00,"ק""ג",true,,59.90,59.9000,true,1,114987
7290000068005,false,סטייק כבש דבאח.,,,סטייק כבש דבאח.,קילוגרמים,1.00,"ק""ג",true,,99.90,99.9000,true,1,144034
7290000068008,false,המבורגר על האש דבאח.,,,המבורגר על האש דבאח.,קילוגרמים,1.00,"ק""ג",true,,49.90,49.9000,true,1,144552
7290000068009,false,זנב עגל דבאח.,,,זנב עגל דבאח.,קילוגרמים,1.00,"ק""ג",true,,49.90,49.9000,true,1,114991
7290000068011,false,טחול ממולא דבאח.,,,טחול ממולא דבאח.,קילוגרמים,1.00,"ק""ג",true,,49.90,49.9000,true,1,113932
7290000068013,false,מוח עגל דבאח.,,,מוח עגל דבאח.,קילוגרמים,1.00,"ק""ג",true,,99.90,99.9000,true,1,113924
7290000068014,false,מוח עצם דבאח.,,,מוח עצם דבאח.,קילוגרמים,1.00,"ק""ג",true,,24.90,24.9000,true,1,144553
7290000068015,false,מרגז קפוא דבאח.,,,מרגז קפוא דבאח.,קילוגרמים,1.00,"ק""ג",true,,49.90,49.9000,true,1,113925
7290000068016,false,נקניקיות צ'וריסוס דב,,,נקניקיות צ'וריסוס דב,קילוגרמים,1.00,"ק""ג",true,,49.90,49.9000,true,1,114993
7290000068017,false,קבב ביתי דבאח.,,,קבב ביתי דבאח.,קילוגרמים,1.00,"ק""ג",true,,49.90,49.9000,true,1,144554
7290000068018,false,קבב דבאח.,,,קבב דבאח.,קילוגרמים,1.00,"ק""ג",true,,59.90,59.9000,true,1,144035
7290000068019,false,קציצות הבית דבאח.,,,קציצות הבית דבאח.,קילוגרמים,1.00,"ק""ג",true,,49.90,49.9000,true,1,113933
7290000068020,false,רגליים עגל דבאח.,,,רגליים עגל דבאח.,קילוגרמים,1.00,"ק""ג",true,,29.90,29.9000,true,1,114994
7290000068022,false,שקדי עגל דבאח.,,,שקדי עגל דבאח.,קילוגרמים,1.00,"ק""ג",true,,99.90,99.9000,true,1,114995
7290000068138,false,אינסטנט פודינג בטעם וניל אסם 80 גרם,קבוצת אוסם סחר שותפות מוגבלת,,אסם פודינג אינסטנט ו,Unknown,0.00,יחידה,false,,5.50,0.0000,true,1,126486
7290000068190,false,אסם ג'לי תות שדה צבעים טבעיים 90 גרם,קבוצת אוסם סחר שותפות מוגבלת,,ג'לי תות 85 גרם,Unknown,0.00,יחידה,false,,6.90,0.0000,true,1,126489
7290000068343,false,אסם פריכונים פרוסות קלויות מלא,קבוצת אוסם סחר שותפות מוגבלת,,פירכונים מאורז מלא 1,גרמים,140.00,100 גרם,false,,8.90,6.3571,true,1,126495
7290000068701,false,אסם שקדי מרק רכיבים טבע.מיכל 400 גרם,קבוצת אוסם סחר שותפות מוגבלת,,אסם שקדי מרק במיכל 4,גרמים,400.00,100 גרם,false,,16.90,4.2250,true,1,126496
7290000068770,false,במבה יום הולדת חטיף בוטנים אסם 80 גרם,קבוצת אוסם סחר שותפות מוגבלת,,במבה יום הולדת 80 גר,Unknown,0.00,יחידה,false,,4.90,0.0000,true,1,126498
7290000068950,false,מוצרלה מגורדת גד,,,מוצרלה מגורדת גד,קילוגרמים,1.00,"ק""ג",true,,99.00,99.0000,true,1,110712
7290000069156,false,פילה סלמון נורווגי,,,פילה סלמון נורווגי,קילוגרמים,1.00,"ק""ג",true,,84.90,84.9000,true,1,122410
7290000069364,false,פריכונים מאורז מלא ללא תוספת סוכר אסם 140 גרם,קבוצת אוסם סחר שותפות מוגבלת,,פריכונים מאורז מלא ל,גרמים,140.00,100 גרם,false,,8.90,6.3571,true,1,126502
7290000069583,false,דלידג סטייק סלמון נו,,,דלידג סטייק סלמון נו,קילוגרמים,1.00,"ק""ג",true,,69.90,69.9000,true,1,122411
7290000069590,false,"סול ארוז 1ק""ג",,,"סול ארוז 1ק""ג",Unknown,0.00,יחידה,false,,39.90,0.0000,true,1,122412
7290000069630,false,סקיני קאו מאגדת טילו,,,סקיני קאו מאגדת טילו,גרמים,150.00,100 גרם,false,,27.50,18.3333,true,1,122083
7290000069678,false,לה קרמריה מרשמלו 150,,,לה קרמריה מרשמלו 150,ליטרים,150.00,100 ליטר,false,,20.00,0.1333,true,1,122084
7290000070308,false,אבקת מרק עוף אמיתי בשרי אסם 400 גרם,קבוצת אוסם סחר שותפות מוגבלת,,אבקת מרק עוף אמיתי 4,גרמים,400.00,100 גרם,false,,17.90,4.4750,true,1,126512
7290000070322,false,אבקת מרק פטריות רכיבים טבעיים אסם 400 גרם,קבוצת אוסם סחר שותפות מוגבלת,,מרק פטריות רכיבים טב,גרמים,400.00,100 גרם,false,,25.90,6.4750,true,1,126513
7290000070353,false,אבקת מרק בצל רכיבים טבעיים אסם 400 גרם,קבוצת אוסם סחר שותפות מוגבלת,,מרק בצל רכיבים טבעיי,גרמים,400.00,100 גרם,false,,25.90,6.4750,true,1,126514
7290000070780,false,גויה סורבה מנגו 700,,,גויה סורבה מנגו 700,מיליליטרים,700.00,"100 מ""ל",false,,29.90,4.2714,true,1,122085
7290000070902,false,גלידת ג'ויה סורבה תות..,,,גויה סורבה תות 700 מ,מיליליטרים,700.00,"100 מ""ל",false,,29.90,4.2714,true,1,122086
7290000070919,false,בייגלה רשתות עם מלח אסם (400 גרם),קבוצת אוסם סחר שותפות מוגבלת,,בייגלה אסם רשתות מלח,גרמים,400.00,100 גרם,false,,11.90,2.9750,true,1,191802
7290000072067,false,במבה חטיף בוטנים במילוי קרם חלבה 60 גרם,קבוצת אסם סחר שות. מוגבלת,,במבה במילוי קרם חלבה,Unknown,0.00,יחידה,false,,4.90,0.0000,true,1,126523
7290000072241,false,"רוטב פיצה 290 מ""ל-בקבוק",קבוצת אוסם סחר שותפות מוגבלת,,רוטב פיצה-בקבוק 290,מיליליטרים,290.00,"100 מ""ל",false,,9.90,3.4138,true,1,126526
7290000072623,false,קטשופ אסם בקבוק לחיץ 750 גרם,קבוצת אוסם סחר שותפות מוגבלת,,אסם קטשופ 750 גרם,גרמים,750.00,100 גרם,false,,11.90,1.5867,true,1,126528
7290000072753,false,קפה נמס מגורען טסטרס צ'ויס 200 גרם-,קבוצת אוסם סחר שותפות מוגבלת,,טייסטרס צויס 200 גרם,גרמים,200.00,100 גרם,false,,31.90,15.9500,true,1,126533
7290000072760,false,נסקפה טייסטרס צויס 100 גר אוריגנל,קבוצת אוסם סחר שותפות מוגבלת,,טייסטרס צויס 100 גרם,Unknown,0.00,יחידה,false,,25.90,0.0000,true,1,126534
7290000072777,false,קפה נמס מגורען נטול קפאין טסטרס צ'ויס 200 גרם,קבוצת אוסם סחר שותפות מוגבלת,,טייסטרס צויס נטול קפ,גרמים,200.00,100 גרם,false,,39.90,19.9500,true,1,126535
7290000072784,false,קפה טייסטר צויס נטול קופאין 100 גר',קבוצת אוסם סחר שותפות מוגבלת,,טייסטרס צויס נטול קפ,Unknown,0.00,יחידה,false,,26.90,0.0000,true,1,126536
7290000072968,false,דגני בוקר סיני מיניס חיטה מלאה וקינמון נסטלה 500 גרם,קבוצת אוסם סחר-שות.מוגבלת,,סיני מיניס 500 גרם,גרמים,500.00,100 גרם,false,,26.90,5.3800,true,1,126540
7290000073385,false,מאגדת לייט יוגורט בצ,,,מאגדת לייט יוגורט בצ,גרמים,128.00,100 גרם,false,,22.60,17.6563,true,1,122089
7290000073415,false,אוסם - מנה חמה פסטה ברוטב פיצה 61 גרם,קבוצת אוסם סחר שותפות מוגבלת,,מנה חמה פסטה ברוטב פ,Unknown,0.00,יחידה,false,,7.90,0.0000,true,1,126542
7290000073505,false,ישרקו מנצ'גו כבשים ג,,,ישרקו מנצ'גו כבשים ג,קילוגרמים,1.00,"ק""ג",true,,180.00,180.0000,true,1,137034
7290000073703,false,דג אמנון טרי שלם,,,דג אמנון טרי שלם,קילוגרמים,1.00,"ק""ג",true,,27.90,27.9000,true,1,146753
7290000073750,false,מנה חמה נודלס אטר+ירקות טעם עוף 70 גרם,קבוצת אוסם סחר שותפות מוגבלת,,מנה חמה נודלס ט.עוף,Unknown,0.00,יחידה,false,,7.90,0.0000,true,1,126544
7290000073767,false,מנה חמה נודלס אטר.+ירקות טעם בקר 70 גרם,קבוצת אוסם סחר שותפות מוגבלת,,מנה חמה נודלס ט.בקר,Unknown,0.00,יחידה,false,,7.90,0.0000,true,1,126545
7290000073774,false,מנה חמה נודלס אטר+ירקות טעם צילי 70 גרם,קבוצת אוסם סחר שותפות מוגבלת,,מנה חמה נודלס טעם צי,Unknown,0.00,יחידה,false,,7.90,0.0000,true,1,126546
7290000074153,false,ביסקוויט פתי בר שוקולד אסם (500 גרם),קבוצת אוסם סחר שותפות מוגבלת,,אסם פתי בר שוקו 500,גרמים,500.00,100 גרם,false,,14.90,2.9800,true,1,126551
7290000074184,false,ביסקוויט פתי בר אסם (500 גרם),קבוצת אוסם סחר שותפות מוגבלת,,אסם פתי בר בינוני 50,גרמים,500.00,100 גרם,false,,11.90,2.3800,true,1,126553
7290000074245,false,אוסם - קרם קרקר אסם 250 גרם,קבוצת אוסם סחר שותפות מוגבלת,,קרם קרקר אסם 250 גרם,גרמים,250.00,100 גרם,false,,9.90,3.9600,true,1,126554
7290000074252,false,קרקר שומשום אסם (250 גרם),קבוצת אוסם סחר שותפות מוגבלת,,קרקר אסם שומשום 250,גרמים,250.00,100 גרם,false,,9.90,3.9600,true,1,126555
7290000074276,false,קרקר פיקנטי טבעון 250 ג' אסם,קבוצת אוסם סחר שותפות מוגבלת,,טבעון קרקר פיקנטי 25,גרמים,250.00,100 גרם,false,,10.90,4.3600,true,1,126556
7290000074375,false,אוסם - קרקר זהב 150 גרם,קבוצת אוסם סחר שותפות מוגבלת,,קרקר זהב 150 גרם,גרמים,150.00,100 גרם,false,,7.90,5.2667,true,1,126559
7290000074406,false,יורוציז דנאבלו גבוה,,,יורוציז דנאבלו גבוה,קילוגרמים,1.00,"ק""ג",true,,80.00,80.0000,true,1,146793
7290000074481,false,קרקר לחמית אגוזים אסם (160 גרם),קבוצת אסם סחר שות. מוגבלת,,לחמית אגוזים 160 גרם,גרמים,160.00,100 גרם,false,,11.90,7.4375,true,1,126561
7290000074696,false,"קרם קרקר 1 ק""ג אוסם",קבוצת אוסם סחר שותפות מוגבלת,,"קרם קרקר 1 ק""ג",Unknown,0.00,יחידה,false,,29.90,0.0000,true,1,126563
7290000074764,false,קרקר זהב אסם (900 גרם),קבוצת אוסם סחר שותפות מוגבלת,,קרקר זהב 900 גרם,גרמים,900.00,100 גרם,false,,29.90,3.3222,true,1,126567
7290000075204,false,קרקר לחמית חיטה מלאה אסם (250 גרם),קבוצת אוסם סחר שותפות מוגבלת,,לחמית חיטה מלאה 250,גרמים,250.00,100 גרם,false,,9.90,3.9600,true,1,126570
7290000075693,false,עוגת הבית שמרים בריוש שוקולד אסם 360 גרם,קבוצת אסם סחר שות. מוגבלת,,עוגת שמרים בריוש שוק,גרמים,360.00,100 גרם,false,,17.90,4.9722,true,1,126571
7290000075760,false,וילי פוד מנצגו מחלב,,,וילי פוד מנצגו מחלב,קילוגרמים,1.00,"ק""ג",true,,110.00,110.0000,true,1,115434
7290000075777,false,וילי פוד איבריקו,,,וילי פוד איבריקו,קילוגרמים,1.00,"ק""ג",true,,110.00,110.0000,true,1,115435
7290000076126,false,אוסם - בייגלה שמיניות קטנות 80 גרם,קבוצת אוסם סחר שותפות מוגבלת,,בייגלה אסם שמיניות ק,Unknown,0.00,יחידה,false,,4.50,0.0000,true,1,126572
7290000076133,false,בייגלה שמיניות קטנות עם מלח אסם 400 גרם,קבוצת אוסם סחר שותפות מוגבלת,,בייגלה אסם שמיניות ק,גרמים,400.00,100 גרם,false,,10.90,2.7250,true,1,126573
7290000076645,false,טוסטעים פת קלויה חיטה מלאה אסם 100 גרם,קבוצת אסם סחר שות. מוגבלת,,טוסטעים חיטה מלאה 10,גרמים,100.00,100 גרם,false,,10.90,10.9000,true,1,126575
7290000077017,false,עוגיות קרמוגית במילוי קרם שוקולד אסם 200 גרם,קבוצת אוסם סחר שותפות מוגבלת,,קרמוגית במילוי שוקול,גרמים,200.00,100 גרם,false,,11.90,5.9500,true,1,126577
7290000077253,false,אוסם - לחמית כפרית עם דגנים מלאים 190 גרם,קבוצת אסם סחר שות. מוגבלת,,לחמית כפרית עם דגנים,גרמים,190.00,100 גרם,false,,11.90,6.2632,true,1,126579
7290000077996,false,פילה דג סלמון קפוא,,,פילה דג סלמון קפוא,קילוגרמים,1.00,"ק""ג",true,,76.90,76.9000,true,1,122417
7290000078068,false,הנרי וויליך גבינת פי,,,הנרי וויליך גבינת פי,קילוגרמים,1.00,"ק""ג",true,,220.00,220.0000,true,1,183062
7290000078072,false,לבנה כדורים,,,לבנה כדורים,קילוגרמים,1.00,"ק""ג",true,,100.00,100.0000,true,1,200344
7290000078212,false,קרוטונים מתובלים למרק אסם (250 גרם),קבוצת אוסם סחר שותפות מוגבלת,,קרוטונים מתובלים 250,גרמים,250.00,100 גרם,false,,15.90,6.3600,true,1,126582
7290000078266,false,הנרי וויליך גבינת פי,,,הנרי וויליך גבינת פי,קילוגרמים,1.00,"ק""ג",true,,200.00,200.0000,true,1,183063
7290000078762,false,אוסם - חטיפי פריכונים מאורז מלא בטעם דבש 80גר,קבוצת אוסם סחר-שות.מוגבלת,,חטיפי פריכונים מאורז,Unknown,0.00,יחידה,false,,7.90,0.0000,true,1,126583
7290000078853,false,הנרי וויליך גבינת טר,,,הנרי וויליך גבינת טר,קילוגרמים,1.00,"ק""ג",true,,240.00,240.0000,true,1,183064
7290000079233,false,קרם קרקר דיאטטי דל נתרן 250 גרם,קבוצת אוסם סחר שותפות מוגבלת,,קרם דל נתרן 250 גרם,גרמים,250.00,100 גרם,false,,10.90,4.3600,true,1,126584
7290000079412,false,אמנטל נעם מהדרין במש,,,נעם חריץ אמנטל,קילוגרמים,1.00,"ק""ג",true,,65.00,65.0000,true,1,202571
7290000080765,false,פת קלויה טוסטעים עם שומשום אסם (100 גרם),קבוצת אוסם סחר שותפות מוגבלת,,טוסטעים + שומשום,Unknown,0.00,יחידה,false,,10.90,0.0000,true,1,126589
7290000081663,false,"בייגלה טבעות שומשום אסם 300 גרם בד""ץ",קבוצת אוסם סחר שותפות מוגבלת,,בייגלה אסם טבעות שומ,גרמים,300.00,100 גרם,false,,10.90,3.6333,true,1,126591
7290000081856,false,בשר מוכשר מס 8,,,בשר מוכשר מס 8,קילוגרמים,1.00,"ק""ג",true,,29.90,29.9000,true,1,181254
7290000082355,false,צ'דר טריפל,,,צ'דר טריפל,קילוגרמים,1.00,"ק""ג",true,,140.00,140.0000,true,1,122419
7290000082393,false,ברס בלו,,,ברס בלו,קילוגרמים,1.00,"ק""ג",true,,200.00,200.0000,true,1,122420
7290000085158,false,גד בוגלרית 24%,,,גד בוגלרית 24%,קילוגרמים,1.00,"ק""ג",true,,60.00,60.0000,true,1,146590
7290000085196,false,רוקפור גליל גד מע,,,גד רוקפור גליל,קילוגרמים,1.00,"ק""ג",true,,145.00,145.0000,true,1,146591
7290000085738,false,גד מנצגו משולשים,,,גד מנצגו משולשים,קילוגרמים,1.00,"ק""ג",true,,160.00,160.0000,true,1,146598
7290000086947,false,האקדמיה לבשר פילה דג,,,האקדמיה לבשר פילה דג,קילוגרמים,1.00,"ק""ג",true,,79.90,79.9000,true,1,198468
7290000086986,false,חטיפי מעושן,,,חטיפי מעושן,קילוגרמים,1.00,"ק""ג",true,,110.00,110.0000,true,1,146795
7290000089045,false,כפיר הולנדית 22%,,,כפיר הולנדית 22%,קילוגרמים,1.00,"ק""ג",true,,45.00,45.0000,true,1,131715
7290000089199,false,מקסיקני חריפה בלוק,,,כפיר צהובה חריפה 22%,קילוגרמים,1.00,"ק""ג",true,,50.00,50.0000,true,1,131717
7290000089274,false,נקניק מעושן מעדנייה,,,כפיר מעושנת נקניק,קילוגרמים,1.00,"ק""ג",true,,50.00,50.0000,true,1,131719
7290000089373,false,כפיר צהובה עם זיתים,,,כפיר צהובה עם זיתים,קילוגרמים,1.00,"ק""ג",true,,50.00,50.0000,true,1,131721
7290000089380,false,צהובה שום שמיר במשקל,,,כפיר שום שמיר,קילוגרמים,1.00,"ק""ג",true,,45.00,45.0000,true,1,131722
7290000092247,false,גבינת חלומי גד,,,גבינת חלומי גד,קילוגרמים,1.00,"ק""ג",true,,120.00,120.0000,true,1,146601
7290000092872,false,גד צפתית רכה במים מל,,,גד צפתית רכה במים מל,קילוגרמים,1.00,"ק""ג",true,,70.00,70.0000,true,1,146603
7290000092889,false,גד גבינת שמנת שמיר 3,,,גד גבינת שמנת שמיר 3,קילוגרמים,1.00,"ק""ג",true,,50.00,50.0000,true,1,146604
7290000092902,false,גד גבינת שמנת ירקות,,,גד גבינת שמנת ירקות,קילוגרמים,1.00,"ק""ג",true,,50.00,50.0000,true,1,146606
7290000092964,false,גד פטה כבש,,,גד פטה כבש,קילוגרמים,1.00,"ק""ג",true,,109.00,109.0000,true,1,146608
7290000094066,false,פילה דג בסה קיט פיש,א.ר.ד.י.ו,,פילה דג בסה קפוא,קילוגרמים,1.00,"ק""ג",true,,30.00,30.0000,true,1,134198
7290000095081,false,יורוציז גאודה פריסלנ,,,יורוציז גאודה פריסלנ,קילוגרמים,1.00,"ק""ג",true,,89.00,89.0000,true,1,146797
7290000095415,false,נעם 9% חריץ מעדניה-,,,"נעם גבנ""צ 9%",קילוגרמים,1.00,"ק""ג",true,,85.00,85.0000,true,1,202575
7290000095422,false,גבינת נועם 22% חריץ,,,"נעם גבנ""צ 22%",קילוגרמים,1.00,"ק""ג",true,,42.58,42.5800,true,1,202558
7290000098031,false,פסטרמה פרגיות ללחמני,,,פסטרמה פרגיות ללחמני,קילוגרמים,1.00,"ק""ג",true,,90.00,90.0000,true,1,170853
7290000098048,false,פסטרמה הודו בתיבול ש,,,פסטרמה הודו בתיבול ש,קילוגרמים,1.00,"ק""ג",true,,90.00,90.0000,true,1,170854
7290000100015,false,מאפה מתוק,,,מאפה מתוק,קילוגרמים,1.00,"ק""ג",true,,39.90,39.9000,true,1,116224
7290000100029,false,פתיתי כרובית סנפרוסט 800 גרם,"סנפרוסט בע""מ",,סנפרוסת פתיתי כרובית,גרמים,800.00,100 גרם,false,,22.90,2.8625,true,1,114031
7290000100036,false,פתיתי ברוקולי סנפרוסט 800 גרם,"סנפרוסט בע""מ",,סנפרוסת פתיתי ברוקול,גרמים,800.00,100 גרם,false,,22.90,2.8625,true,1,114032
7290000100128,false,פירות קפואים תות 300 גר`סנפרוסט,תנובה ענף ב.ע.ד,,סנפרוסט תות שדה,Unknown,0.00,יחידה,false,,14.90,0.0000,true,1,114036
7290000100296,false,תערובת להכנת Smoothie ורוד תות ובננה,תנובה ענף ב.ע.ד,,סנפרוסט שייק תות בננ,גרמים,300.00,100 גרם,false,,14.90,4.9667,true,1,114044
7290000100410,false,מאפה מלוח,,,מאפה מלוח,קילוגרמים,1.00,"ק""ג",true,,39.90,39.9000,true,1,116225
7290000100593,false,פרוסות אנטיפסטי לתנור סנפרוסט 600 גרם,תנובה ענף ב.ע.ד,,פרוסות אנטיפסטי לתנו,Unknown,0.00,יחידה,false,,19.90,0.0000,true,1,171188
7290000100600,false,אגס גדול,,,אגס גדול,קילוגרמים,1.00,"ק""ג",true,,9.90,9.9000,true,1,138525
7290000100611,false,עוגיות יבשות,,,עוגיות יבשות,קילוגרמים,1.00,"ק""ג",true,,39.90,39.9000,true,1,116228
7290000100615,false,5 יח' חליות לחמניו,,,עוגיות קוקיס,קילוגרמים,1.00,"ק""ג",true,,49.90,49.9000,true,1,116229
7290000100617,false,עוגיות יבשות,,,עוגיות יבשות,קילוגרמים,1.00,"ק""ג",true,,39.90,39.9000,true,1,116231
7290000101000,false,קבוקים,,,קבוקים,קילוגרמים,1.00,"ק""ג",true,,30.00,30.0000,true,1,131814
7290000101001,false,בוטנים קלוי,,,בוטנים קלוי,קילוגרמים,1.00,"ק""ג",true,,40.00,40.0000,true,1,114997
7290000101003,false,חומוס קלוי,,,חומוס קלוי,קילוגרמים,1.00,"ק""ג",true,,30.00,30.0000,true,1,120119
7290000101004,false,שקדים קלוי,,,שקדים קלוי,קילוגרמים,1.00,"ק""ג",true,,70.00,70.0000,true,1,136657
7290000101005,false,תערובת אקסטרא,,,תערובת אקסטרא,קילוגרמים,1.00,"ק""ג",true,,70.00,70.0000,true,1,144044
7290000101006,false,בונדוק קלוי,,,בונדוק קלוי,קילוגרמים,1.00,"ק""ג",true,,70.00,70.0000,true,1,136679
7290000101008,false,קשיו קלוי,,,קשיו קלוי,קילוגרמים,1.00,"ק""ג",true,,70.00,70.0000,true,1,120120
7290000101009,false,גרעינים לבנים קלוי,,,גרעינים לבנים קלוי,קילוגרמים,1.00,"ק""ג",true,,40.00,40.0000,true,1,148423
7290000101010,false,"שקית אל- בד ""שפע ברכת השם""",,,בוטנים עם קליפה קלוי,קילוגרמים,1.00,"ק""ג",true,,25.00,25.0000,true,1,137270
7290000101011,false,פול קלוי,,,פול קלוי,קילוגרמים,1.00,"ק""ג",true,,50.00,50.0000,true,1,144045
7290000101012,false,פיסטוק חלבי קלוי,,,פיסטוק חלבי קלוי,קילוגרמים,1.00,"ק""ג",true,,70.00,70.0000,true,1,144046
7290000101013,false,גרעיני דבאח,,,גרעיני דבאח,קילוגרמים,1.00,"ק""ג",true,,20.00,20.0000,true,1,136658
7290000101014,false,אגוז פקאן קלוי,,,אגוז פקאן קלוי,קילוגרמים,1.00,"ק""ג",true,,80.00,80.0000,true,1,131864
7290000101016,false,בוטן אמריקאי,,,בוטן אמריקאי,קילוגרמים,1.00,"ק""ג",true,,30.00,30.0000,true,1,131815
7290000101017,false,פיסטוק חלבי מקולף,,,פיסטוק חלבי מקולף,קילוגרמים,1.00,"ק""ג",true,,150.00,150.0000,true,1,114998
7290000101018,false,פקאן סיני מסוכר,,,פקאן סיני מסוכר,קילוגרמים,1.00,"ק""ג",true,,100.00,100.0000,true,1,114999
7290000101021,false,אגוז מלך,,,אגוז מלך,קילוגרמים,1.00,"ק""ג",true,,50.00,50.0000,true,1,151569
7290000101022,false,פקאן טבעי,,,פקאן טבעי,קילוגרמים,1.00,"ק""ג",true,,80.00,80.0000,true,1,119299
7290000101024,false,אגוז ברזילאי,,,אגוז ברזילאי,קילוגרמים,1.00,"ק""ג",true,,80.00,80.0000,true,1,120121
7290000101025,false,שקד טבעי,,,שקד טבעי,קילוגרמים,1.00,"ק""ג",true,,60.00,60.0000,true,1,136659
7290000101026,false,שקד חצאים,,,שקד חצאים,קילוגרמים,1.00,"ק""ג",true,,60.00,60.0000,true,1,119300
7290000101027,false,שקד חתוך גפרורים,,,שקד חתוך גפרורים,קילוגרמים,1.00,"ק""ג",true,,60.00,60.0000,true,1,136681
7290000101028,false,שקד פרוסות,,,שקד פרוסות,קילוגרמים,1.00,"ק""ג",true,,60.00,60.0000,true,1,148424
7290000101030,false,שעועית לבנה,,,שעועית לבנה,קילוגרמים,1.00,"ק""ג",true,,10.00,10.0000,true,1,142740
7290000101031,false,פול ירוק,,,פול ירוק,קילוגרמים,1.00,"ק""ג",true,,15.00,15.0000,true,1,120122
7290000101032,false,שיבולת שועל עבה,,,שיבולת שועל עבה,קילוגרמים,1.00,"ק""ג",true,,10.00,10.0000,true,1,120123
7290000101033,false,עדשים אוסטרלים,,,עדשים אוסטרלים,קילוגרמים,1.00,"ק""ג",true,,10.00,10.0000,true,1,142741
7290000101034,false,שעועית שחורה,,,שעועית שחורה,קילוגרמים,1.00,"ק""ג",true,,15.00,15.0000,true,1,120124
7290000101035,false,עדשים קנדי גדול,,,עדשים קנדי גדול,קילוגרמים,1.00,"ק""ג",true,,10.00,10.0000,true,1,120125
7290000101036,false,חמנייה מקולפת,,,חמנייה מקולפת,קילוגרמים,1.00,"ק""ג",true,,25.00,25.0000,true,1,141559
7290000101037,false,גרעיני דלעת מקולפת,,,גרעיני דלעת מקולפת,קילוגרמים,1.00,"ק""ג",true,,40.00,40.0000,true,1,120126
7290000101039,false,עדשים אדומות,,,עדשים אדומות,קילוגרמים,1.00,"ק""ג",true,,10.00,10.0000,true,1,134647
7290000101040,false,שומשום אדום טורקי,,,שומשום אדום טורקי,קילוגרמים,1.00,"ק""ג",true,,20.00,20.0000,true,1,141894
7290000101041,false,בורגול דק,,,בורגול דק,קילוגרמים,1.00,"ק""ג",true,,7.00,7.0000,true,1,134648
7290000101042,false,בורגול בנוני,,,בורגול בנוני,קילוגרמים,1.00,"ק""ג",true,,7.00,7.0000,true,1,134649
7290000101044,false,עדשים קנדי קטן,,,עדשים קנדי קטן,קילוגרמים,1.00,"ק""ג",true,,10.00,10.0000,true,1,142742
7290000101045,false,פשתן,,,פשתן,קילוגרמים,1.00,"ק""ג",true,,10.00,10.0000,true,1,136645
7290000101047,false,קוקוס טחון,,,קוקוס טחון,קילוגרמים,1.00,"ק""ג",true,,25.00,25.0000,true,1,120127
7290000101049,false,שעועית אדומה,,,שעועית אדומה,קילוגרמים,1.00,"ק""ג",true,,15.00,15.0000,true,1,142744
7290000101050,false,קינואה לבנה,,,קינואה לבנה,קילוגרמים,1.00,"ק""ג",true,,20.00,20.0000,true,1,120128
7290000101051,false,קינמון שלם,,,קינמון שלם,קילוגרמים,1.00,"ק""ג",true,,30.00,30.0000,true,1,141895
7290000101052,false,שום פרוס פליקס,,,שום פרוס פליקס,קילוגרמים,1.00,"ק""ג",true,,40.00,40.0000,true,1,141029
7290000101053,false,תבלין פלאפל,,,תבלין פלאפל,קילוגרמים,1.00,"ק""ג",true,,50.00,50.0000,true,1,144047
7290000101054,false,תבלין על האש,,,תבלין על האש,קילוגרמים,1.00,"ק""ג",true,,60.00,60.0000,true,1,131869
7290000101055,false,פלפל שחור גרוס,,,פלפל שחור גרוס,קילוגרמים,1.00,"ק""ג",true,,60.00,60.0000,true,1,141030
7290000101056,false,אבקת עמבה,,,אבקת עמבה,קילוגרמים,1.00,"ק""ג",true,,40.00,40.0000,true,1,131870
7290000101057,false,תבלין שווארמה,,,תבלין שווארמה,קילוגרמים,1.00,"ק""ג",true,,60.00,60.0000,true,1,144048
7290000101058,false,תבלין אורז רגיל,,,תבלין אורז רגיל,קילוגרמים,1.00,"ק""ג",true,,100.00,100.0000,true,1,144049
7290000101059,false,אגוז מוסקט טחון,,,אגוז מוסקט טחון,קילוגרמים,1.00,"ק""ג",true,,100.00,100.0000,true,1,146738
7290000101060,false,פלפל שחור טחון,,,פלפל שחור טחון,קילוגרמים,1.00,"ק""ג",true,,50.00,50.0000,true,1,146739
7290000101061,false,פלפל סודני גרוס,,,פלפל סודני גרוס,קילוגרמים,1.00,"ק""ג",true,,40.00,40.0000,true,1,141031
7290000101062,false,זנגביל טחון,,,זנגביל טחון,קילוגרמים,1.00,"ק""ג",true,,60.00,60.0000,true,1,131871
7290000101063,false,גריל עוף,,,גריל עוף,קילוגרמים,1.00,"ק""ג",true,,60.00,60.0000,true,1,131872
7290000101064,false,היל שלם קלוי,,,היל טחון,קילוגרמים,1.00,"ק""ג",true,,150.00,150.0000,true,1,142745
7290000101065,false,סחוג מוכן,,,סחוג מוכן,קילוגרמים,1.00,"ק""ג",true,,60.00,60.0000,true,1,111699
7290000101066,false,כמון טחון,,,כמון טחון,קילוגרמים,1.00,"ק""ג",true,,50.00,50.0000,true,1,146740
7290000101067,false,אגוז מוסקט שלם,,,אגוז מוסקט שלם,קילוגרמים,1.00,"ק""ג",true,,120.00,120.0000,true,1,146741
7290000101068,false,תבלין ירקות בתנור,,,תבלין ירקות בתנור,קילוגרמים,1.00,"ק""ג",true,,60.00,60.0000,true,1,144050
7290000101069,false,גרגירי חרדל צהוב,,,גרגירי חרדל צהוב,קילוגרמים,1.00,"ק""ג",true,,50.00,50.0000,true,1,131873
7290000101070,false,עגבניות שרי אשכולות,יושלם,,כורכום טחון,קילוגרמים,1.00,"ק""ג",true,,30.00,30.0000,true,1,131874
7290000101071,false,חורנג'אן,,,"חורנג""אן",קילוגרמים,1.00,"ק""ג",true,,100.00,100.0000,true,1,141896
7290000101072,false,פרג שלם,,,פרג שלם,קילוגרמים,1.00,"ק""ג",true,,40.00,40.0000,true,1,120129
7290000101073,false,ציפורן שלם,,,ציפורן שלם,קילוגרמים,1.00,"ק""ג",true,,120.00,120.0000,true,1,131875
7290000101074,false,פלפל אנגלי טחון,,,פלפל אנגלי טחון,קילוגרמים,1.00,"ק""ג",true,,60.00,60.0000,true,1,146742
7290000101075,false,שמיר יבש,,,שמיר יבש,קילוגרמים,1.00,"ק""ג",true,,120.00,120.0000,true,1,131876
7290000101076,false,תבלין לפיצה,,,תבלין לפיצה,קילוגרמים,1.00,"ק""ג",true,,50.00,50.0000,true,1,144051
7290000101077,false,רוזמרין,,,רוזמרין,קילוגרמים,1.00,"ק""ג",true,,50.00,50.0000,true,1,131877
7290000101078,false,"קמומיל בבונג""",,,"קמומיל בבונג""",קילוגרמים,1.00,"ק""ג",true,,100.00,100.0000,true,1,141897
7290000101079,false,פלפל סודני שלם,,,פלפל סודני שלם,קילוגרמים,1.00,"ק""ג",true,,40.00,40.0000,true,1,131878
7290000101080,false,קינמון טחון,,,קינמון טחון,קילוגרמים,1.00,"ק""ג",true,,50.00,50.0000,true,1,146743
7290000101081,false,שום גבישי,,,שום גבישי,קילוגרמים,1.00,"ק""ג",true,,40.00,40.0000,true,1,141032
7290000101082,false,קימל שלם,,,קימל שלם,קילוגרמים,1.00,"ק""ג",true,,40.00,40.0000,true,1,131879
7290000101083,false,כוסברה טחונה,,,כוסברה טחונה,קילוגרמים,1.00,"ק""ג",true,,50.00,50.0000,true,1,131880
7290000101084,false,פפריקה חריפה,,,פפריקה חריפה,קילוגרמים,1.00,"ק""ג",true,,40.00,40.0000,true,1,131881
7290000101085,false,פלפל לבן טחון,,,פלפל לבן טחון,קילוגרמים,1.00,"ק""ג",true,,100.00,100.0000,true,1,131882
7290000101086,false,קארי,,,קארי,קילוגרמים,1.00,"ק""ג",true,,40.00,40.0000,true,1,131883
7290000101087,false,קצח,,,קצח,קילוגרמים,1.00,"ק""ג",true,,30.00,30.0000,true,1,141898
7290000101088,false,עלי מרווה,,,עלי מרווה,קילוגרמים,1.00,"ק""ג",true,,100.00,100.0000,true,1,131029
7290000101089,false,עלי נענע,,,עלי נענע,קילוגרמים,1.00,"ק""ג",true,,100.00,100.0000,true,1,131030
7290000101090,false,פלפל ארבעת העונות,,,פלפל ארבעת העונות,קילוגרמים,1.00,"ק""ג",true,,120.00,120.0000,true,1,131884
7290000101091,false,בהרט,,,בהרט,קילוגרמים,1.00,"ק""ג",true,,70.00,70.0000,true,1,131885
7290000101092,false,עלי לואיזה,,,עלי לואיזה,קילוגרמים,1.00,"ק""ג",true,,200.00,200.0000,true,1,131031
7290000101093,false,תבלין פילדלפיה,,,תבלין פילדלפיה,קילוגרמים,1.00,"ק""ג",true,,60.00,60.0000,true,1,131886
7290000101094,false,ינסון שלם,,,ינסון שלם,קילוגרמים,1.00,"ק""ג",true,,50.00,50.0000,true,1,115000
7290000101095,false,זעתר בלדי,,,זעתר בלדי,קילוגרמים,1.00,"ק""ג",true,,50.00,50.0000,true,1,141899
7290000101096,false,כוסברה שלמה,,,כוסברה שלמה,קילוגרמים,1.00,"ק""ג",true,,30.00,30.0000,true,1,131887
7290000101097,false,תבלין צ'יקן,,,"תבלין צ""יקן",קילוגרמים,1.00,"ק""ג",true,,50.00,50.0000,true,1,144052
7290000101098,false,גריל דג,,,גריל דג,קילוגרמים,1.00,"ק""ג",true,,60.00,60.0000,true,1,131888
7290000101099,false,ציפורן טחון,,,ציפורן טחון,קילוגרמים,1.00,"ק""ג",true,,110.00,110.0000,true,1,145164
7290000101100,false,עלי פטרוזיליה,,,עלי פטרוזיליה,קילוגרמים,1.00,"ק""ג",true,,100.00,100.0000,true,1,131032
7290000101101,false,היל שלם גמבו,,,היל שלם גמבו,קילוגרמים,1.00,"ק""ג",true,,200.00,200.0000,true,1,145165
7290000101102,false,ראס אלחנות,,,ראס אלחנות,קילוגרמים,1.00,"ק""ג",true,,100.00,100.0000,true,1,131889
7290000101104,false,היל שלם גמבו,,,היל שלם גמבו,קילוגרמים,1.00,"ק""ג",true,,150.00,150.0000,true,1,142746
7290000101106,false,פפריקה מתוקה בשמן,,,פפריקה מתוקה בשמן,קילוגרמים,1.00,"ק""ג",true,,40.00,40.0000,true,1,146744
7290000101107,false,תבלין קבב,,,תבלין קבב,קילוגרמים,1.00,"ק""ג",true,,100.00,100.0000,true,1,144053
7290000101108,false,פלפל אנגלי שלם,,,פלפל אנגלי שלם,קילוגרמים,1.00,"ק""ג",true,,60.00,60.0000,true,1,115001
7290000101109,false,אורגנו,,,אורגנו,קילוגרמים,1.00,"ק""ג",true,,40.00,40.0000,true,1,131891
7290000101110,false,טימין,,,טימין,קילוגרמים,1.00,"ק""ג",true,,80.00,80.0000,true,1,131033
7290000101114,false,תרומה לבית אלמוג שיל,,,עלי מיורן,קילוגרמים,1.00,"ק""ג",true,,80.00,80.0000,true,1,131034
7290000101115,false,"ורדים ""קרקדיה""",,,"ורדים ""קרקדיה""",קילוגרמים,1.00,"ק""ג",true,,100.00,100.0000,true,1,141900
7290000101117,false,בזיליקום,,,בזיליקום,קילוגרמים,1.00,"ק""ג",true,,70.00,70.0000,true,1,131035
7290000101118,false,זנגביל שלם,,,זנגביל שלם,קילוגרמים,1.00,"ק""ג",true,,60.00,60.0000,true,1,145166
7290000101119,false,חילבה שלם,,,חילבה שלם,קילוגרמים,1.00,"ק""ג",true,,30.00,30.0000,true,1,145167
7290000101120,false,כמון שלם,,,כמון שלם,קילוגרמים,1.00,"ק""ג",true,,50.00,50.0000,true,1,120130
7290000101121,false,פלפל שחור שלם,,,פלפל שחור שלם,קילוגרמים,1.00,"ק""ג",true,,40.00,40.0000,true,1,115002
7290000101123,false,מלח לימון,,,מלח לימון,קילוגרמים,1.00,"ק""ג",true,,20.00,20.0000,true,1,145168
7290000101124,false,גריסים,,,גריסים,קילוגרמים,1.00,"ק""ג",true,,10.00,10.0000,true,1,136646
7290000101125,false,עדשים שחורות,,,עדשים שחורות,קילוגרמים,1.00,"ק""ג",true,,15.00,15.0000,true,1,136647
7290000101127,false,חומוס,,,חומוס,קילוגרמים,1.00,"ק""ג",true,,10.00,10.0000,true,1,142747
7290000101128,false,אפונה חצאים,,,אפונה חצאים,קילוגרמים,1.00,"ק""ג",true,,10.00,10.0000,true,1,136648
7290000101129,false,שומשום לבן,,,שומשום לבן,קילוגרמים,1.00,"ק""ג",true,,20.00,20.0000,true,1,142748
7290000101131,false,כוסמת חומה,,,כוסמת חומה,קילוגרמים,1.00,"ק""ג",true,,15.00,15.0000,true,1,120131
7290000101133,false,תורמוס מתוק,,,תורמוס מתוק,קילוגרמים,1.00,"ק""ג",true,,10.00,10.0000,true,1,142749
7290000101135,false,פול מצרי קטן,,,פול מצרי קטן,קילוגרמים,1.00,"ק""ג",true,,7.00,7.0000,true,1,120132
7290000101136,false,שעועית בובס,,,שעועית בובס,קילוגרמים,1.00,"ק""ג",true,,15.00,15.0000,true,1,120133
7290000101137,false,תאנים,,,תאנים,קילוגרמים,1.00,"ק""ג",true,,50.00,50.0000,true,1,119301
7290000101139,false,משמש,,,משמש,קילוגרמים,1.00,"ק""ג",true,,50.00,50.0000,true,1,136682
7290000101140,false,צימוק גדול ג'מבו,,,צימוק גדול ג'מבו,קילוגרמים,1.00,"ק""ג",true,,50.00,50.0000,true,1,119302
7290000101143,false,חליטת סיידר חם,,,חליטת סיידר חם,קילוגרמים,1.00,"ק""ג",true,,70.00,70.0000,true,1,131036
7290000101144,false,כורכום שלם,,,כורכום שלם,קילוגרמים,1.00,"ק""ג",true,,50.00,50.0000,true,1,131896
7290000101146,false,זנגביל דל סוכר,,,זנגביל דל סוכר,קילוגרמים,1.00,"ק""ג",true,,50.00,50.0000,true,1,136683
7290000101148,false,מלח אטלנטי מתובל,,,מלח אטלנטי מתובל,קילוגרמים,1.00,"ק""ג",true,,50.00,50.0000,true,1,131898
7290000101150,false,חליטת פירות יער,,,חליטת פירות יער,קילוגרמים,1.00,"ק""ג",true,,70.00,70.0000,true,1,141033
7290000101151,false,תבלין סלט יווני,,,תבלין סלט יווני,קילוגרמים,1.00,"ק""ג",true,,70.00,70.0000,true,1,144054
7290000101153,false,קיווי מסוכר,,,קיווי מסוכר,קילוגרמים,1.00,"ק""ג",true,,50.00,50.0000,true,1,119303
7290000101154,false,לימונית,,,לימונית,קילוגרמים,1.00,"ק""ג",true,,100.00,100.0000,true,1,131037
7290000101156,false,אפונה מטוגנת,,,אפונה מטוגנת,קילוגרמים,1.00,"ק""ג",true,,30.00,30.0000,true,1,136684
7290000101157,false,תבלין שניצל,,,תבלין שניצל,קילוגרמים,1.00,"ק""ג",true,,60.00,60.0000,true,1,144055
7290000101159,false,פריקה,,,פריקה,קילוגרמים,1.00,"ק""ג",true,,15.00,15.0000,true,1,145169
7290000101161,false,תבלין חוויאג' למרק,,,"תבלין חוויאג"" למרק",קילוגרמים,1.00,"ק""ג",true,,50.00,50.0000,true,1,131900
7290000101163,false,מחלב,,,מחלב,קילוגרמים,1.00,"ק""ג",true,,200.00,200.0000,true,1,141901
7290000101165,false,תבלין קובה,,,תבלין קובה,קילוגרמים,1.00,"ק""ג",true,,70.00,70.0000,true,1,131901
7290000101167,false,קשיו טבעי,,,קשיו טבעי,קילוגרמים,1.00,"ק""ג",true,,60.00,60.0000,true,1,136650
7290000101168,false,פיסטוק חלבי טבעי,,,פיסטוק חלבי טבעי,קילוגרמים,1.00,"ק""ג",true,,60.00,60.0000,true,1,136651
7290000101169,false,גרעינים שחורים טבעי,,,גרעינים שחורים טבעי,קילוגרמים,1.00,"ק""ג",true,,15.00,15.0000,true,1,121863
7290000101173,false,עלי דפנה,,,עלי דפנה,קילוגרמים,1.00,"ק""ג",true,,50.00,50.0000,true,1,131903
7290000101175,false,גרעיני אבטיח קלוי,,,גרעיני אבטיח מלוח,קילוגרמים,1.00,"ק""ג",true,,50.00,50.0000,true,1,134256
7290000101176,false,כוכבי אניס,,,כוכבי אניס,קילוגרמים,1.00,"ק""ג",true,,120.00,120.0000,true,1,131904
7290000101177,false,חיטה לחמין,,,חיטה לחמין,קילוגרמים,1.00,"ק""ג",true,,10.00,10.0000,true,1,120134
7290000101179,false,קינמון שלם עגול 8 סמ,,,קינמון שלם עגול 8 סמ,קילוגרמים,1.00,"ק""ג",true,,50.00,50.0000,true,1,141036
7290000101180,false,אבקת שום,,,אבקת שום,קילוגרמים,1.00,"ק""ג",true,,40.00,40.0000,true,1,131905
7290000101183,false,אגוז מלך בקליפה,,,אגוז מלך בקליפה,קילוגרמים,1.00,"ק""ג",true,,30.00,30.0000,true,1,137272
7290000101184,false,מנצ'יס,,,מנצ'יס,קילוגרמים,1.00,"ק""ג",true,,30.00,30.0000,true,1,148426
7290000101186,false,לימון פרסי כהה,,,לימון פרסי כהה,קילוגרמים,1.00,"ק""ג",true,,80.00,80.0000,true,1,131906
7290000101197,false,"צ""אי מסאלה",,,"צ""אי מסאלה",קילוגרמים,1.00,"ק""ג",true,,100.00,100.0000,true,1,131038
7290000101198,false,מלח ים אטלנטי,,,מלח ים אטלנטי,קילוגרמים,1.00,"ק""ג",true,,40.00,40.0000,true,1,131907
7290000101199,false,חינה אדומה,,,חינה אדומה,קילוגרמים,1.00,"ק""ג",true,,20.00,20.0000,true,1,145170
7290000101200,false,תבלין לחמוצים,,,תבלין לחמוצים,קילוגרמים,1.00,"ק""ג",true,,70.00,70.0000,true,1,142752
7290000101201,false,סודה לשתייה,,,סודה לשתייה,קילוגרמים,1.00,"ק""ג",true,,10.00,10.0000,true,1,142753
7290000101207,false,תערובת אורז סיני,,,תערובת אורז סיני,קילוגרמים,1.00,"ק""ג",true,,70.00,70.0000,true,1,131040
7290000101208,false,תערובת שקשוקה,,,תערובת שקשוקה,קילוגרמים,1.00,"ק""ג",true,,60.00,60.0000,true,1,158865
7290000101209,false,תערובת חביתות,,,תערובת חביתות,קילוגרמים,1.00,"ק""ג",true,,80.00,80.0000,true,1,131041
7290000101212,false,מונוסודיום,,,מונוסודיום,קילוגרמים,1.00,"ק""ג",true,,25.00,25.0000,true,1,142057
7290000101213,false,אבקת בצל,,,אבקת בצל,קילוגרמים,1.00,"ק""ג",true,,50.00,50.0000,true,1,131909
7290000101214,false,תה ירוק,,,תה ירוק,קילוגרמים,1.00,"ק""ג",true,,50.00,50.0000,true,1,141902
7290000101216,false,תערובת אורז בדווי,,,תערובת אורז בדווי,קילוגרמים,1.00,"ק""ג",true,,70.00,70.0000,true,1,145176
7290000101218,false,פפריקה מעושנת,,,פפריקה מעושנת,קילוגרמים,1.00,"ק""ג",true,,50.00,50.0000,true,1,131912
7290000101219,false,גרגירי חרדל שחור,,,גרגירי חרדל שחור,קילוגרמים,1.00,"ק""ג",true,,50.00,50.0000,true,1,131913
7290000101220,false,תבלין מעורב ירושלמי,,,תבלין מעורב ירושלמי,קילוגרמים,1.00,"ק""ג",true,,50.00,50.0000,true,1,131914
7290000101221,false,"תבלין השחמה קיג""יין",,,"תבלין השחמה קיג""יין",קילוגרמים,1.00,"ק""ג",true,,60.00,60.0000,true,1,131915
7290000101222,false,תבלין רוסטביף,,,תבלין רוסטביף,קילוגרמים,1.00,"ק""ג",true,,60.00,60.0000,true,1,131916
7290000101224,false,עלי כוסברה,,,עלי כוסברה,קילוגרמים,1.00,"ק""ג",true,,90.00,90.0000,true,1,120135
7290000101227,false,פפריקה מתוקה גרוסה,,,פפריקה מתוקה גרוסה,קילוגרמים,1.00,"ק""ג",true,,40.00,40.0000,true,1,131917
7290000101228,false,סומק בלדי,,,סומק בלדי,קילוגרמים,1.00,"ק""ג",true,,50.00,50.0000,true,1,141903
7290000101229,false,שזיפים מגולענים,,,שזיפים,קילוגרמים,1.00,"ק""ג",true,,50.00,50.0000,true,1,119304
7290000101233,false,פלפל לימון,,,פלפל לימון,קילוגרמים,1.00,"ק""ג",true,,80.00,80.0000,true,1,131918
7290000101235,false,תערובת שום שמיר,,,תערובת שום שמיר,קילוגרמים,1.00,"ק""ג",true,,100.00,100.0000,true,1,131042
7290000101280,false,זופה,,,זופה,קילוגרמים,1.00,"ק""ג",true,,149.00,149.0000,true,1,131046
7290000101300,false,חמוציות,,,חמוציות,קילוגרמים,1.00,"ק""ג",true,,40.00,40.0000,true,1,151570
7290000101302,false,תירס פופקורן,,,תירס פופקורן,קילוגרמים,1.00,"ק""ג",true,,10.00,10.0000,true,1,142754
7290000101304,false,תבלין פסטה איטלקי,,,תבלין פסטה איטלקי,קילוגרמים,1.00,"ק""ג",true,,60.00,60.0000,true,1,144057
7290000101305,false,פלפל מתוק שלם,,,פלפל מתוק שלם,קילוגרמים,1.00,"ק""ג",true,,40.00,40.0000,true,1,131919
7290000101306,false,תבלין גולש,,,תבלין גולש,קילוגרמים,1.00,"ק""ג",true,,60.00,60.0000,true,1,131920
7290000101308,false,"זרעי צ""יה",,,"זרעי צ""יה",קילוגרמים,1.00,"ק""ג",true,,30.00,30.0000,true,1,119305
7290000101310,false,תערובת אורז מדגסקאר,,,תערובת אורז מדגסקאר,קילוגרמים,1.00,"ק""ג",true,,79.00,79.0000,true,1,131922
7290000101311,false,לימון פרסי בהיר,,,לימון פרסי בהיר,קילוגרמים,1.00,"ק""ג",true,,80.00,80.0000,true,1,131048
7290000101312,false,שומר שלם,,,שומר שלם,קילוגרמים,1.00,"ק""ג",true,,35.00,35.0000,true,1,145171
7290000101319,false,תבלין צ'מיצ'ורי,,,"תבלין צ""מיצ""ורי",קילוגרמים,1.00,"ק""ג",true,,80.00,80.0000,true,1,131925
7290000101321,false,תפוח עץ,,,תפוח עץ,קילוגרמים,1.00,"ק""ג",true,,50.00,50.0000,true,1,119306
7290000101322,false,אננס בטעמים,,,אננס בטעמים,קילוגרמים,1.00,"ק""ג",true,,40.00,40.0000,true,1,134257
7290000101326,false,פלפל חריף שלם,,,פלפל חריף שלם,קילוגרמים,1.00,"ק""ג",true,,40.00,40.0000,true,1,131926
7290000101327,false,פיקלס/לפת,,,פיקלס/לפת,קילוגרמים,1.00,"ק""ג",true,,30.00,30.0000,true,1,146106
7290000101334,false,"חליטת ג""ינג""ר ותפוח",,,"חליטת ג""ינג""ר ותפוח",קילוגרמים,1.00,"ק""ג",true,,70.00,70.0000,true,1,141039
7290000101339,false,בוטנים מולבנים טבעי,,,בוטנים מולבנים טבעי,קילוגרמים,1.00,"ק""ג",true,,25.00,25.0000,true,1,119307
7290000101340,false,תבלין המבורגר,,,תבלין המבורגר,קילוגרמים,1.00,"ק""ג",true,,100.00,100.0000,true,1,144058
7290000101413,false,רביולי,,,רביולי,קילוגרמים,1.00,"ק""ג",true,,60.00,60.0000,true,1,136839
7290000101414,false,חריף תאילנדי,,,חריף תאילנדי,קילוגרמים,1.00,"ק""ג",true,,60.00,60.0000,true,1,136840
7290000101418,false,צנובר סיני קטן,,,צנובר סיני קטן,קילוגרמים,1.00,"ק""ג",true,,150.00,150.0000,true,1,152443
7290000101512,false,קשיו קו,,,קשיו קו,קילוגרמים,1.00,"ק""ג",true,,80.00,80.0000,true,1,164810
7290000101515,false,פריקה שלמה,,,פריקה שלמה,קילוגרמים,1.00,"ק""ג",true,,15.00,15.0000,true,1,145172
7290000101516,false,משמש אוזביקי,,,משמש אוזביקי,קילוגרמים,1.00,"ק""ג",true,,60.00,60.0000,true,1,115003
7290000101517,false,צימוק אוזביקי טבעי,,,צימוק אוזביקי טבעי,קילוגרמים,1.00,"ק""ג",true,,60.00,60.0000,true,1,115004
7290000101700,false,פלפל חריף סודני,,,פלפל חריף סודני,קילוגרמים,1.00,"ק""ג",true,,40.00,40.0000,true,1,135509
7290000101701,false,חרוזית ירוק,,,חרוזית ירוק,קילוגרמים,1.00,"ק""ג",true,,50.00,50.0000,true,1,135510
7290000101900,false,חליטת פירות אקזוטית,,,חליטת פירות אקזוטית,קילוגרמים,1.00,"ק""ג",true,,70.00,70.0000,true,1,141040
7290000101918,false,בוטנים גפרורים,,,בוטנים גפרורים,קילוגרמים,1.00,"ק""ג",true,,20.00,20.0000,true,1,136652
7290000101934,false,מיקס פירות יער מוקפאים 300 גר סנפרוסט,תנובה ענף ב.ע.ד,,סנפרוסט מיקס פירות י,גרמים,300.00,100 גרם,false,,14.90,4.9667,true,1,114054
7290000101941,false,אננס חתוך מוקפא סנפרוסט (300 גרם),תנובה ענף ב.ע.ד,,סנפרוסט אננס 300 גרם,גרמים,300.00,100 גרם,false,,14.90,4.9667,true,1,114055
7290000101958,false,מנגו חתוך מוקפא סנפרוסט (300 גרם),תנובה ענף ב.ע.ד,,סנפרוסט מנגו 300 גרם,גרמים,300.00,100 גרם,false,,14.90,4.9667,true,1,114056
7290000102001,false,קפה דבאח שחור,,,קפה דבאח שחור,קילוגרמים,1.00,"ק""ג",true,,60.00,60.0000,true,1,144064
7290000102004,false,קפה ירוק,,,קפה ירוק,קילוגרמים,1.00,"ק""ג",true,,35.00,35.0000,true,1,142756
7290000102005,false,קפה בתוספת הל דבאח,,,קפה בתוספת הל דבאח,קילוגרמים,1.00,"ק""ג",true,,60.00,60.0000,true,1,144066
7290000102007,false,תמרים פרימיום,,,תמרים פרימיום,קילוגרמים,1.00,"ק""ג",true,,50.00,50.0000,true,1,148567
7290000102223,false,תבלין קינטאקי,,,תבלין קינטאקי,קילוגרמים,1.00,"ק""ג",true,,70.00,70.0000,true,1,145173
7290000103001,false,בננה צ'יפס,,,בננה צ'יפס,קילוגרמים,1.00,"ק""ג",true,,30.00,30.0000,true,1,120137
7290000103003,false,אוכמניות,,,אוכמניות,קילוגרמים,1.00,"ק""ג",true,,40.00,40.0000,true,1,119309
7290000103005,false,צימוקים כהה,,,צימוקים כהה,קילוגרמים,1.00,"ק""ג",true,,40.00,40.0000,true,1,137273
7290000103006,false,דובדבן מסוכר,,,דובדבן מסוכר,קילוגרמים,1.00,"ק""ג",true,,50.00,50.0000,true,1,119310
7290000103007,false,פפיה,,,פפיה,קילוגרמים,1.00,"ק""ג",true,,35.00,35.0000,true,1,134258
7290000103008,false,צימוק קטן (פאנסי),,,צימוק קטן (פאנסי),קילוגרמים,1.00,"ק""ג",true,,40.00,40.0000,true,1,137274
7290000103009,false,אננס טבעות,,,אננס טבעות,קילוגרמים,1.00,"ק""ג",true,,40.00,40.0000,true,1,141560
7290000103010,false,תירס קלוי,,,תירס קלוי,קילוגרמים,1.00,"ק""ג",true,,50.00,50.0000,true,1,137275
7290000103011,false,אננס טבעי,,,אננס טבעי,קילוגרמים,1.00,"ק""ג",true,,100.00,100.0000,true,1,119311
7290000103015,false,פרג טחון,,,פרג טחון,קילוגרמים,1.00,"ק""ג",true,,50.00,50.0000,true,1,136656
7290000103017,false,מיאסי,,,מיאסי,קילוגרמים,1.00,"ק""ג",true,,50.00,50.0000,true,1,115005
7290000103285,false,פטינה ארלה,,,פטינה ארלה,קילוגרמים,1.00,"ק""ג",true,,39.90,39.9000,true,1,139766
7290000103433,false,"לקט ירקות לתנור 800 גרם ""סנפרוסט""",תנובה מרכז שיתופי לשיווק תוצרת,,סנפרוסט לקט ירקות לת,גרמים,800.00,100 גרם,false,,19.90,2.4875,true,1,114061
7290000103730,false,לקט להקפצה עם פסטה פוזילי סנפרוסט 800 גרם,תנובה מרכז שיתופי לשיווק תוצרת,,סנפרוסט לקט עם פסטה,גרמים,800.00,100 גרם,false,,19.90,2.4875,true,1,114070
7290000103785,false,סנפרוסט גזר גמדי קטן,,,סנפרוסט גזר גמדי קטן,גרמים,800.00,100 גרם,false,,18.00,2.2500,true,1,114072
7290000103815,false,לקט להקפצה בסגנון תאילנדי סנפרוסט 800 גרם,תנובה מרכז שיתופי לשיווק תוצרת,,סנפרוסט לקט תאילנדי,גרמים,800.00,100 גרם,false,,19.90,2.4875,true,1,114074
7290000104201,false,אפונה עדינה מוקפאת סנפרוסט (600 גרם),תנובה ענף ב.ע.ד,,סנפרוסט אפונה עדינה,גרמים,600.00,100 גרם,false,,17.90,2.9833,true,1,114085
7290000104218,false,סנפרוסט במיה 600 גרם,תנובה מרכז שיתופי לשיווק תוצרת,,סנפרוסט במיה 600 גרם,גרמים,600.00,100 גרם,false,,15.90,2.6500,true,1,114086
7290000104676,false,אפונה קפואה סנפרוסט 800 גרם,תנובה מרכז שיתופי לשיווק תוצרת,,סנפרוסט אפונת גינה,גרמים,800.00,100 גרם,false,,15.90,1.9875,true,1,114089
7290000104676,false,אפונה קפואה סנפרוסט 800 גרם,תנובה מרכז שיתופי לשיווק תוצרת,,סנפרוסט אפונת גינה,גרמים,800.00,100 גרם,false,,15.90,1.9875,true,1,189657
7290000104683,false,שעועית ירוקה שלמה סנפרוסט (800 גרם),תנובה מרכז שיתופי לשיווק תוצרת,,סנפרוסט שעועית שלמה,גרמים,800.00,100 גרם,false,,19.90,2.4875,true,1,114090
7290000104690,false,גרעיני תירס מוקפאים סנפרוסט (800 גרם),תנובה מרכז שיתופי לשיווק תוצרת,,סנפרוסט תירס גרעינים,גרמים,800.00,100 גרם,false,,15.90,1.9875,true,1,114091
7290000104706,false,גזר גמדי מוקפא סנפרוסט (800 גרם),תנובה מרכז שיתופי לשיווק תוצרת,,סנפרוסט גזר גמדי,גרמים,800.00,100 גרם,false,,15.90,1.9875,true,1,114092
7290000104713,false,פול ירוק קפוא סנפורסט 800 גרם,תנובה מרכז שיתופי לשיווק תוצרת,,סנפרוסט פול ירוק,גרמים,800.00,100 גרם,false,,25.90,3.2375,true,1,114093
7290000104720,false,שעועית ירוקה חתוכה סנפרוסט (800 גרם),תנובה מרכז שיתופי לשיווק תוצרת,,סנפרוסט שעועית ירוקה,גרמים,800.00,100 גרם,false,,15.90,1.9875,true,1,114094
7290000104737,false,שעועית צהובה חתוכה סנפרוסט 800 גרם,תנובה מרכז שיתופי לשיווק תוצרת,,סנפרוסט שעועית צהובה,גרמים,800.00,100 גרם,false,,15.90,1.9875,true,1,114095
7290000104744,false,כרובית מוקפאת סנפרוסט (800 גרם),תנובה מרכז שיתופי לשיווק תוצרת,,סנפרוסט כרובית,גרמים,800.00,100 גרם,false,,21.90,2.7375,true,1,114096
7290000104768,false,עלי תרד סנפרוסט (800 גרם),תנובה מרכז שיתופי לשיווק תוצרת,,סנפרוסט עלי תרד,גרמים,800.00,100 גרם,false,,19.90,2.4875,true,1,114098
7290000104775,false,תרד מדליונים סנפרוסט 800 גרם,תנובה מרכז שיתופי לשיווק תוצרת,,סנפרוסט תרד מדליונים,גרמים,800.00,100 גרם,false,,19.90,2.4875,true,1,114099
7290000104799,false,שעועית לבנה מבושלת סנפרוסט (800 גרם),תנובה מרכז שיתופי לשיווק תוצרת,,סנפרוסט שעועית לבנה,גרמים,800.00,100 גרם,false,,16.90,2.1125,true,1,114100
7290000104805,false,גרגרי חומוס מבושלים סנפרוסט (800 גרם),תנובה מרכז שיתופי לשיווק תוצרת,,סנפרוסט גרגירי חומוס,גרמים,800.00,100 גרם,false,,16.90,2.1125,true,1,114101
7290000104836,false,שעועית ירוקה עדינה שלמה סנפרוסט 600 גרם,תנובה מרכז שיתופי לשיווק תוצרת,,סנפרוסט שעועית עדינה,גרמים,600.00,100 גרם,false,,19.90,3.3167,true,1,114103
7290000104874,false,לקט מוקפא לקוסקוס סנפרוסט (800 גרם),תנובה מרכז שיתופי לשיווק תוצרת,,סנפרוסט Z לקט קוסקוס,גרמים,800.00,100 גרם,false,,19.90,2.4875,true,1,114104
7290000104881,false,לקט אפונה וגזר מוקפאים סנפרוסט (800 גרם),תנובה מרכז שיתופי לשיווק תוצרת,,סנפרוסט אפונה וגזר 8,גרמים,800.00,100 גרם,false,,15.90,1.9875,true,1,114105
7290000104904,false,לקט ירקות מעורבים סנפרוסט 800 גרם,תנובה מרכז שיתופי לשיווק תוצרת,,סנפרוסט לקט ירקות מע,גרמים,800.00,100 גרם,false,,19.90,2.4875,true,1,114106
7290000104911,false,לקט נורמנדי מוקפא סנפרוסט (800 גרם),תנובה מרכז שיתופי לשיווק תוצרת,,סנפרוסט לקט נורמנדי,גרמים,800.00,100 גרם,false,,19.90,2.4875,true,1,114107
7290000105807,false,גבינת בלוז,,,גבינת בלוז,קילוגרמים,1.00,"ק""ג",true,,90.00,90.0000,true,1,139767
7290000107165,false,חטיף סויה אדממה סנפרוסט (400 גרם),תנובה מרכז שיתופי לשיווק תוצרת,,סנפרוסט פולי סויה 40,גרמים,400.00,100 גרם,false,,13.90,3.4750,true,1,114112
7290000107189,false,תחתיות ארטישוק סנפרוסט (400 גרם),תנובה מרכז שיתופי לשיווק תוצרת,,סנפרוסט תחתיות ארטיש,גרמים,400.00,100 גרם,false,,17.90,4.4750,true,1,114113
7290000107295,false,תפרחות ברוקולי סנפרוסט 800 גרם,תנובה מרכז שיתופי לשיווק תוצרת,,סנפרוסט תפרחות ברוקו,גרמים,800.00,100 גרם,false,,21.90,2.7375,true,1,114114
7290000107615,false,ירקות ואננס להקפצה מנה אסייתית צבעונית ועשירה,"איי, בי, אינבוו",,סנפרוסט אסייטית צבעו,גרמים,800.00,100 גרם,false,,19.90,2.4875,true,1,114116
7290000107622,false,ירקות ופסטה א-לה איטליה סנפרוסט 800 גרם,"איי, בי, אינבוו",,סנפרוסט פסטה וירקות,גרמים,800.00,100 גרם,false,,22.90,2.8625,true,1,114117
7290000110094,false,בצל מטוגן,,,בצל מטוגן,קילוגרמים,1.00,"ק""ג",true,,50.00,50.0000,true,1,131928
7290000110844,false,כיפלי בטעם גריל בד`צ 70 גרם .,יוניליוור ישראל שיווק בע`מ,,כיפלי גריל 70 גרם בד,Unknown,0.00,יחידה,false,,5.40,0.0000,true,1,119370
7290000110851,false,כיפלי חטיף בטעם בצל מהדרין תלמה (70 גרם),יוניליוור ישראל שיווק בע`מ,,"כיפלי בצל בד""ץ 70 גר",Unknown,0.00,יחידה,false,,5.40,0.0000,true,1,119371
7290000111063,false,מיונז אמיתי תלמה (250 גרם),יוניליוור ישראל שיווק בע`מ,,מיונז תלמה קטן,גרמים,250.00,100 גרם,false,,6.60,2.6400,true,1,119372
7290000111117,false,מרכך כביסה לבן בדין (4 ליטר),יוניליוור ישראל שיווק בע`מ,,בדין מרכך כביסה לבן,קילוגרמים,4.00,ליטר,false,,21.90,5.4750,true,1,119373
7290000111186,false,"מיונז אמיתי תלמה 500 גרם בד""צ","יוניליוור ישראל שיווק בע""מ",,מיונז אמיתי 500 גרם,גרמים,500.00,100 גרם,false,,9.90,1.9800,true,1,119375
7290000111353,false,מיונז אמיתי תלמה (1 קג),"יוניליוור ישראל שיווק בע""מ",,מיונז 1 קג,גרמים,1000.00,100 גרם,false,,16.90,1.6900,true,1,119376
7290000111360,false,חרדל אמיתי חריף 250 גרם בצנצנת כשלפ,יוניליוור ישראל שיווק בע`מ,,חרדל אמיתי 250,גרמים,250.00,100 גרם,false,,5.90,2.3600,true,1,119377
7290000111384,false,חרדל אמיתי בצנצנת 550 ג' תלמה,יוניליוור ישראל שיווק בע`מ,,חרדל צנצנת,גרמים,550.00,100 גרם,false,,7.90,1.4364,true,1,119378
7290000112220,false,טחינה גולמית שומשום טהור בארכה 500 גרם,קבוצת אוסם סחר שותפות מוגבלת,,טחינה בסיסית 500 גר',גרמים,500.00,100 גרם,false,,15.90,3.1800,true,1,126592
7290000112237,false,"טחינה גולמית שומשום טהור בארכה 1 ק""ג","רושדי תעשיות מזון בע""\מ",,טחינה גולמית 1 ק,גרמים,1000.00,100 גרם,false,,27.90,2.7900,true,1,126593
7290000112246,false,פקדון ארגז,,,פקדון ארגז,Unknown,0.00,יחידה,false,,25.00,0.0000,true,1,125758
7290000112497,false,מרק עשיר עוף אטריות קנור 75 גרם - שקיות,יוניליוור ישראל שיווק בע`מ,,קנור מרק עשיר עוף+אי,Unknown,0.00,יחידה,false,,11.90,0.0000,true,1,119379
7290000112503,false,מרק עשיר ירקות קנור 69 גרם - שקיות,יוניליוור ישראל שיווק בע`מ,,קנור מרק עשיר ירקות,Unknown,0.00,יחידה,false,,11.90,0.0000,true,1,119380
7290000112619,false,אבקת מרק עוף אמיתי קנור 400 ג' כשלפ,יוניליוור ישראל שיווק בע`מ,,מרק עוף לתיבול והעשר,גרמים,400.00,100 גרם,false,,17.90,4.4750,true,1,119382
7290000116204,false,"אבקת מרק דגש בטעם עוף 1ק""ג קנור","יוניליוור ישראל שיווק בע""מ",,"מרק דגש 1 ק""ג",פריט,1.00,"ק""ג",false,,14.90,14.9000,true,1,119392
7290000116884,false,"רוטב ברביקיו קנור 300 גרם בד""צ",יוניליוור ישראל שיווק בע`מ,,קנור רוטב ברביקיו 30,מיליליטרים,300.00,"100 מ""ל",false,,10.90,3.6333,true,1,119393
7290000116921,false,"קנור רוטב צילי מתוק 300 מ""ל כשלפ",יוניליוור ישראל שיווק בע`מ,,קנור רוטב צילי מתוק,מיליליטרים,340.00,"100 מ""ל",false,,10.90,3.2059,true,1,119394
7290000116945,false,"רוטב סויה קלאסי קנור בד""צ 350 גרם",יוניליוור ישראל שיווק בע`מ,,קנור רוטב סויה 300 מ,מיליליטרים,300.00,"100 מ""ל",false,,10.90,3.6333,true,1,119395
7290000117171,false,מרק טעם עוף דל קלוריות 48 גרם-קופסא,יוניליוור ישראל שיווק בע`מ,,נמס בכוס ט. עוף דלקל,Unknown,0.00,יחידה,false,,6.90,0.0000,true,1,119397
7290000117720,false,נמס בכוס פטריות קנור 21.5 גרם מארז זוגי,יוניליוור ישראל שיווק בע`מ,,נמס בכוס זוג פטריות,Unknown,0.00,יחידה,false,,6.90,0.0000,true,1,119401
7290000118277,false,כופתאות מצה להכנת מהירה 65 ג' קנור,"יוניליוור ישראל שיווק בע""מ",,קנור קניידלך 2* 65 ג,גרמים,130.00,100 גרם,false,,9.90,7.6154,true,1,119403
7290000120836,false,מיונז אמיתי הלמנס (394 גרם),"יוניליוור ישראל שיווק בע""מ",,מיונז הלמנס 394 גרם,גרמים,394.00,100 גרם,false,,10.90,2.7665,true,1,119410
7290000120874,false,מיונז הלמנס לייט מופחת קלוריות 424ג,"יוניליוור ישראלשיווק בע""מ",,מיונז הלמנס לייט 424,גרמים,424.00,100 גרם,false,,10.90,2.5708,true,1,119411
7290000121031,false,החתול המחייך גבינה מותכת 14% מון בלאן 120 גרם,נטו מילנדה סחר בעמ*,,מון בלאן גבינת חתול,גרמים,120.00,100 גרם,false,,10.10,8.4167,true,1,122643
7290000121079,false,גבינה מותכת למריחה עם שום שמיר 9% מון בלאן 120 גרם,נטו מלינדה סחר בע`מ,,מון בלאן שמיר 7% 120,גרמים,120.00,100 גרם,false,,10.90,9.0833,true,1,122645
7290000121093,false,גבינה מותכת לייט בטעם שוויצרי 7% מון בלאן 120 גר',נטו מלינדה סחר בע`מ,,מון בלאן שויצרית 7%,גרמים,120.00,100 גרם,false,,10.90,9.0833,true,1,122646
7290000121109,false,גבינה מותכת לייט עם זיתים 7% מון בלאן 120 גרם,נטו מילנדה סחר בעמ*,,מון בלאן זיתים 7% 12,גרמים,120.00,100 גרם,false,,10.90,9.0833,true,1,122647
7290000121147,false,גבינה מותכת לייט בטעם פיקנטי 7% מון בלאן 120 גרם,נטו מלינדה סחר בע`מ,,מון בלאן פיקנטי 7% 1,גרמים,120.00,100 גרם,false,,10.90,9.0833,true,1,122648
7290000121154,false,גבינה מותכת לייט עם סלמון 7% מון בלאן 120 גרם,נטו מלינדה סחר בע`מ,,מון בלאן סלמון 7% 12,גרמים,120.00,100 גרם,false,,10.90,9.0833,true,1,122649
7290000122830,false,"רוטב מקסיקני סצ'ואן קנור 300 מ""ל",יוניליוור ישראל שיווק בע`מ,,"רוטב סצ'ואן 300 מ""ל",מיליליטרים,300.00,"100 מ""ל",false,,10.90,3.6333,true,1,119421
7290000123363,false,"צימקאו לציפוי ואפיה אפיכל 500 גרם בד""צ","יוניליוור ישראל שיווק בע""מ",,צמקאו לאכילה ציפוי ו,גרמים,500.00,100 גרם,false,,10.90,2.1800,true,1,119426
7290000124841,false,ורד הגליל שוקולד חלב מארז שלישיה 300 גרם,"יוניליוור ישראל שיווק בע""מ",,ורד הגליל שוק.חלב 3*,גרמים,300.00,100 גרם,false,,13.90,4.6333,true,1,119429
7290000125251,false,שמפו לכביסה עדינה בדין 2 ליטר,"יוניליוור ישראלשיווק בע""מ",,בדין שמפו לכביסה עדי,קילוגרמים,2.00,ליטר,false,,24.00,12.0000,true,1,119430
7290000129457,false,אבקת רוטב פטריות קנור 28 ג' שקית,יוניליוור ישראל שיווק בע`מ,,רוטב פטריות 28גר,Unknown,0.00,יחידה,false,,4.00,0.0000,true,1,119438
7290000129785,false,מרכך כביסה ירוק בדין (4 ליטר),יוניליוור ישראל שיווק בע`מ,,בדין ירוק 4 ליטר,קילוגרמים,4.00,ליטר,false,,21.90,5.4750,true,1,119439
7290000131009,false,דפי בצק פילו דקיקים שחף 500 גרם,מאפיית אריאל,,בצק פילו שחף 500 גרם,גרמים,500.00,100 גרם,false,,16.90,3.3800,true,1,131427
7290000131023,false,"בצק עלים מרודד שחף 1 ק""ג",מאפיית אריאל,,"בצק עלים שחף 1 ק""ג",גרמים,1000.00,100 גרם,false,,13.90,1.3900,true,1,131428
7290000131122,false,"בצק עלים צרפתי שחף 1.5 ק""ג",מאפיית אריאל בעמ,,"בצק עלים שחף 1.5 ק""ג",גרמים,1500.00,100 גרם,false,,16.90,1.1267,true,1,131429
7290000133866,false,פילה סלמון פרימיום,,,פילה סלמון פרימיום,קילוגרמים,1.00,"ק""ג",true,,69.90,69.9000,true,1,148638
7290000133873,false,פילה סלמון קפוא,,,בלדי פילה סלמון,קילוגרמים,1.00,"ק""ג",true,,69.90,69.9000,true,1,148639
7290000133904,false,"מטהר אוויר דואופרש פסיפלורה תפוז סנו 300 מ""ל",החברה הדרומית לשיווק בעמ,,דואופרש פסיפלורה ותפ,מיליליטרים,300.00,"100 מ""ל",false,,12.90,4.3000,true,1,173181
7290000135045,false,"XL TEN משקה אנרגיה פתוח ללא סוכר 250 מ""ל","טמפו משקאות בע""\מ",,"XL TEN תפוח 250 מ""ל",מיליליטרים,250.00,"100 מ""ל",false,,5.00,2.0000,true,1,142360
7290000135052,false,"XL TEN משקה אנרגיה מנגו ללא סוכר 250 מ""ל","טמפו משקאות בע""\מ",,"XL TEN מנגו 250 מ""ל",מיליליטרים,250.00,"100 מ""ל",false,,5.00,2.0000,true,1,142361
7290000135324,false,פיראוס בולגרית מעודנ,,,פיראוס בולגרית מעודנ,קילוגרמים,1.00,"ק""ג",true,,49.00,49.0000,true,1,130130
7290000135465,false,"מי סודה 500 מ""ל - מארז 12 בקבוקים","טמפו משקאות בע""\מ",,טמפו מארז מי סודה 5,מיליליטרים,500.00,"100 מ""ל",false,,29.90,5.9800,true,1,180859
7290000136264,false,מי טוניק גזוז 1.5 ל' טמפו,"טמפו משקאות בע""\מ",,מי טוניק 1.5 ליטר ב,Unknown,0.00,יחידה,false,,11.90,0.0000,true,1,189507
7290000136516,false,משקה בטעם מנגו פסיפלורה תריסר 1.5 ל' ג'אמפ,טמפו משקאות בע`מ,,ג'אמפ מנגו פסיפלורה,Unknown,0.00,יחידה,false,,8.90,0.0000,true,1,189515
7290000136523,false,ג`אמפ משקה קל ענבים 1.5 ליטר פיקדון,"טמפו משקאות בע""\ם.",,ג'אמפ ענבים 1.5 תריס,Unknown,0.00,יחידה,false,,8.90,0.0000,true,1,189516
7290000136561,false,משקה בטעם תות בננה תריסר 1.5 ל' ג'אמפ,"טמפו משקאות בע""\מ",,ג'אמפ תות בננה 1.5 ת,Unknown,0.00,יחידה,false,,8.90,0.0000,true,1,189517
7290000136585,false,משקה בטעם תפוזים תריסר 1.5 ל' ג'אמפ,"טמפו משקאות בע""\ם.",,ג'אמפ תפוזים 1.5 תר,Unknown,0.00,יחידה,false,,8.90,0.0000,true,1,189518
7290000136646,false,בירה שחורה נשר מאלט בקבוק 1.5 ליטר,"טמפו משקאות בע""\מ",,נשר מאלט 1.5 ליטר תר,Unknown,0.00,יחידה,false,,10.90,0.0000,true,1,189520
7290000136653,false,בירה שחורה נשר מאלט דיאט בקבוק 1.5ל`,"טמפו משקאות בע""\מ",,דיאט נשר מאלט 1.5 לי,Unknown,0.00,יחידה,false,,10.90,0.0000,true,1,189521
7290000136677,false,פפסי קולה פיקדון 1.5 ליטר,טמפו,,פפסי 1.5 ליטר בודד,קילוגרמים,1.50,ליטר,false,,7.90,5.2667,true,1,189913
7290000136691,false,סבן אפ 1.5 ליטר שישיה טמפו,טמפו משקאות בע`מ,,סבן אפ 1.5 ליטר שישי,Unknown,0.00,יחידה,false,,49.90,0.0000,true,1,189469
7290000136769,false,מארז שישיה בטעם קולה 1.5 ל' פפסי,"טמפו משקאות בע""\מ",,פפסי 1.5 ליטר שישייה,Unknown,0.00,יחידה,false,,49.90,0.0000,true,1,189471
7290000136783,false,מירנדה 1.5 ליטר שישייה טמפו,"טמפו משקאות בע""\מ",,מירינדה 1.5 ליטר שיש,Unknown,0.00,יחידה,false,,49.90,0.0000,true,1,189473
7290000136790,false,טמפו מי סודה 6*1.5 ליטר פיקדון,"טמפו משקאות בע""\מ",,סודה 1.5 ליטר שישייה,Unknown,0.00,יחידה,false,,17.90,0.0000,true,1,189474
7290000136844,false,מארז מים מזוככים אקווה נובה שישיית 2 ליטר,"טמפו משקאות בע""\מ",,מי נובה 2 ליטר שישי,Unknown,0.00,יחידה,false,,12.90,0.0000,true,1,189479
7290000136868,false,סאן בנדטו - מים מינרלים - מארז שישיית 1.5 ליטר,אקווה מינרלה סאן בנדטו ב,,סן בנדטו 1.5 ליטר שי,Unknown,0.00,יחידה,false,,19.90,0.0000,true,1,189480
7290000136875,false,שישיית מים מינרליים מוגזים סן בנדטו 1.5 ליטר,סאן בנדטו San Benedetto,,סן בנדטו מוגז 1.5 לי,Unknown,0.00,יחידה,false,,19.90,0.0000,true,1,189481
7290000137513,false,גלידונית גלידה וניל בציפוי שוקולד 60 יח' קרמיסימו,"גלידת שטראוס בע""\מ, רחוב",,קרמיסימו גלידונית ש.,גרמים,700.00,100 גרם,false,,44.90,6.4143,true,1,135287
7290000137643,false,שלגוני טעמקור בטעם שוקו וניל שטראוס 8*50 גרם,"גלידת שטראוס בע""\מ, רחוב",,שלגוני טעמקור 8יח,Unknown,8.00,יחידה,false,,32.90,4.1125,true,1,135288
7290000139968,false,טורבו חטיף דגנים מלאים נוגט 6*28גר,אשבול,,מארז קרמלי TO-GO נוג,גרמים,168.00,100 גרם,false,,10.90,6.4881,true,1,137248
7290000139975,false,טורבו חטיף דגנים מלאים שוקולד 6*28גר,אשבול,,מארז קרמלי TO-GO שוק,גרמים,168.00,100 גרם,false,,10.90,6.4881,true,1,137249
7290000143200,false,"הוואי - מרכך לשיער יבש 700 מ""ל",שוורצקוף& הנקל דיסלד,,הוואי מרכך לשיער יבש,מיליליטרים,700.00,"100 מ""ל",false,,13.90,1.9857,true,1,125899
7290000143286,false,הוואי מרכך לשיער רגיל 700 מל ירוק,טרופיקל דגיל קוסמטיק,,הוואי מרכך רגיל 700,מיליליטרים,700.00,"100 מ""ל",false,,13.90,1.9857,true,1,125904
7290000143293,false,"הוואי - מרכך ילדים מתיר קשרים 700 מ""ל",טרופיקל דגיל,,הוואי מרכך ילדים מתי,מיליליטרים,700.00,"100 מ""ל",false,,13.90,1.9857,true,1,125905
7290000144160,false,"שמן זית כתית מעולה ארומתי עץ הזית 750 מ""ל","מרקאולאו, ספרד.אבסה,",,שמן זית כתית מעולה א,מיליליטרים,750.00,"100 מ""ל",false,,33.60,4.4800,true,1,129349
7290000144467,false,שמן חמניות מועשר בנוגדי חמצון 1 ל' עץ הזית,"נארז ע""י : א.ג. גילר",,שמן חמניות בריאות מה,קילוגרמים,1.00,ליטר,false,,15.90,15.9000,true,1,129350
7290000144474,false,שמן עץ הזית קנולה 1 ליטר בריאות מהטבע,סוגת תעשיות בעמ,,שמן קנולה בריאות מהט,קילוגרמים,1.00,ליטר,false,,15.90,15.9000,true,1,129351
7290000146645,false,הוואי - סבון מוצק שחור מסתורי 100 גרם רביעייה,טרופיקל דגיל קוסמטיק,,הוואי רבעיה סבון מוצ,גרמים,400.00,100 גרם,false,,11.90,2.9750,true,1,111109
7290000146652,false,הוואי - סבון מוצק ורוד רומנטי 100 גרם רביעייה,טרופיקל דגיל קוסמטיק,,הוואי רבעיה סבון מוצ,גרמים,400.00,100 גרם,false,,11.90,2.9750,true,1,111110
7290000146669,false,הוואי - סבון מוצק שמיים כחולים 100 גרם רביעייה,טרופיקל דגיל קוסמטיק,,הוואי רבעיה סבון מוצ,גרמים,400.00,100 גרם,false,,11.90,2.9750,true,1,111111
7290000146676,false,הוואי - סבון מוצק לגבר 100 גרם רביעייה,טרופיקל דגיל קוסמטיק,,הוואי רביעייה סבון מ,גרמים,400.00,100 גרם,false,,11.90,2.9750,true,1,111112
7290000146683,false,הוואי - סבון מוצק אפקט דאודורנט 100 גרם רביעייה,טרופיקל דגיל קוסמטיק,,הוואי רבעיה סבון מוצ,גרמים,400.00,100 גרם,false,,11.90,2.9750,true,1,111113
7290000146928,false,"משחת שיניים לילדים בטעם ענבים טום וג'רי 50 מ""ל",טרופיקל דגיל קוסמטיק,,טום וג'רי משחת שיניי,Unknown,50.00,יחידה,false,,6.90,0.1380,true,1,111114
7290000146997,false,משחת שיניים לילדים מסטיק טום וג'רי 50 מל,טרופיקל דגיל קוסמטיק,,טום וג'רי משחת שיניי,Unknown,0.00,יחידה,false,,6.90,0.0000,true,1,111115
7290000148380,false,פיסטוקים קלויים קליית גת (200 גרם),ליימן שליסל בעמ,,פיסטוקים קלויים 200,גרמים,200.00,100 גרם,false,,22.90,11.4500,true,1,120999
7290000148489,false,"קליית גת גרעיני דלעת קלויים,200 גרם",ליימן שליסל בעמ,,גרעיני דלעת 200 גרם,גרמים,200.00,100 גרם,false,,9.90,4.9500,true,1,121000
7290000148618,false,קשיו מטוגן שקית קליית גת 200 גרם,ליימן שליסל בעמ,,קשיו מטוגן 200 גרם,גרמים,200.00,100 גרם,false,,19.40,9.7000,true,1,121001
7290000148748,false,קליית גת גרעיני חמניה קלויים ומומלחים200,ליימן שליסל בעמ,,גרעיני חמניה 200 גרם,גרמים,200.00,100 גרם,false,,6.90,3.4500,true,1,121002
7290000148939,false,שקדים קלויים קליית גת (200 גרם),ליימן שליסל בעמ,,שקדים קלויים 200 גרם,גרמים,200.00,100 גרם,false,,19.90,9.9500,true,1,121003
7290000149615,false,רביעיית סבון מוצק קלאסי לתינוק נקה 7 4*100 גרם,החברה הדרומית לשיווק בעמ,,נקה 7 - לתינוק - רבי,Unknown,4.00,יחידה,false,,12.90,3.2250,true,1,172240
7290000149851,false,סבון לניקוי והסרת כתמים סינטבון 460 גרם,החברה הדרומית לשיווק בעמ,,סינטבון כפול 460 גרם,גרמים,460.00,100 גרם,false,,13.90,3.0217,true,1,117111
7290000149905,false,טקסטיל שמפו נוזלי לאריגים עדינים1ליט,החברה הדרומית לשיווק בעמ,,טקסטיל שמפו 1 ליטר,מיליליטרים,1000.00,"100 מ""ל",false,,16.90,1.6900,true,1,117112
7290000149943,false,טקסטיל שמפו לכביסה ביד שקית 1 ליטר,החברה הדרומית לשיווק בעמ,,טקסטיל שמפו-שקית 1 ק,פריט,1.00,"ק""ג",false,,16.90,16.9000,true,1,117113
7290000150110,false,תבלין קבסה,,,תבלין קבסה,קילוגרמים,1.00,"ק""ג",true,,70.00,70.0000,true,1,145174
7290000150131,false,תבלין דג מבושל,,,תבלין דג מבושל,קילוגרמים,1.00,"ק""ג",true,,60.00,60.0000,true,1,131929
7290000150134,false,שומשום אדום קלוי,,,שומשום אדום קלוי,קילוגרמים,1.00,"ק""ג",true,,20.00,20.0000,true,1,141904
7290000150136,false,תנובה גבינה מגורדת,,,תנובה גבינה מגורדת,קילוגרמים,1.00,"ק""ג",true,,45.00,45.0000,true,1,130131
7290000150137,false,עגבניות מיובשות,,,עגבניות מיובשות,קילוגרמים,1.00,"ק""ג",true,,50.00,50.0000,true,1,111694
7290000150144,false,פירורי דבאח,,,פירורי דבאח,קילוגרמים,1.00,"ק""ג",true,,15.00,15.0000,true,1,152368
7290000150145,false,פירורי לחם מתובל,,,פירורי לחם מתובל,קילוגרמים,1.00,"ק""ג",true,,20.00,20.0000,true,1,152369
7290000150147,false,ראמה גבינה מתוקה,,,ראמה גבינה מתוקה,קילוגרמים,1.00,"ק""ג",true,,49.90,49.9000,true,1,137563
7290000150149,false,ראמה גבינה מלוחה,,,ראמה גבינה מלוחה,קילוגרמים,1.00,"ק""ג",true,,49.90,49.9000,true,1,137564
7290000150165,false,ינסון טחון,,,ינסון טחון,קילוגרמים,1.00,"ק""ג",true,,50.00,50.0000,true,1,141905
7290000150169,false,זעפרן תפזורת,,,זעפרן תפזורת,קילוגרמים,1.00,"ק""ג",true,,300.00,300.0000,true,1,141906
7290000150174,false,גרעיני אבטיח מחבת (,,,גרעיני אבטיח מחבת (,קילוגרמים,1.00,"ק""ג",true,,60.00,60.0000,true,1,152477
7290000150175,false,אגוז מקדמיה קלוי,,,אגוז מקדמיה קלוי,קילוגרמים,1.00,"ק""ג",true,,150.00,150.0000,true,1,136654
7290000150176,false,אגוז מקדמיה טבעי,,,אגוז מקדמיה טבעי,קילוגרמים,1.00,"ק""ג",true,,150.00,150.0000,true,1,119312
7290000150306,false,בוטנים מולבנים קלוי,,,בוטנים מולבנים קלוי,קילוגרמים,1.00,"ק""ג",true,,25.00,25.0000,true,1,144076
7290000150330,false,תמרים גמבו אקסטרא,,,תמרים גמבו אקסטרא,קילוגרמים,1.00,"ק""ג",true,,50.00,50.0000,true,1,148568
7290000150471,false,מלח הימלאיה,,,מלח הימלאיה,קילוגרמים,1.00,"ק""ג",true,,50.00,50.0000,true,1,157053
7290000150572,false,בורגול חום דק,,,בורגול חום דק,קילוגרמים,1.00,"ק""ג",true,,8.00,8.0000,true,1,142759
7290000150594,false,בורגול חום עבה,,,בורגול חום עבה,קילוגרמים,1.00,"ק""ג",true,,8.00,8.0000,true,1,142760
7290000150689,false,"קינמון עגול 20 ס""מ",,,קינמון עגול 20 סמ,קילוגרמים,1.00,"ק""ג",true,,50.00,50.0000,true,1,153712
7290000150708,false,חליטת ליים,,,חליטת ליים,קילוגרמים,1.00,"ק""ג",true,,70.00,70.0000,true,1,141041
7290000150718,false,גולדן ברי,,,גולדן ברי,קילוגרמים,1.00,"ק""ג",true,,99.90,99.9000,true,1,120138
7290000150810,false,קינאוה אדומה,,,קינאוה אדומה,קילוגרמים,1.00,"ק""ג",true,,20.00,20.0000,true,1,136655
7290000150813,false,רצועות קוקוס,,,רצועות קוקוס,קילוגרמים,1.00,"ק""ג",true,,50.00,50.0000,true,1,119313
7290000150815,false,בונדוק טבעי,,,בונדוק טבעי,קילוגרמים,1.00,"ק""ג",true,,60.00,60.0000,true,1,136685
7290000150816,false,גוג'י ברי,,,גוג'י ברי,קילוגרמים,1.00,"ק""ג",true,,80.00,80.0000,true,1,119314
7290000150818,false,דובדובן טבעי,,,דובדובן טבעי,קילוגרמים,1.00,"ק""ג",true,,100.00,100.0000,true,1,120140
7290000150819,false,זית ביקואל,,,זית ביקואל,קילוגרמים,1.00,"ק""ג",true,,30.00,30.0000,true,1,136688
7290000150820,false,רצועות קוקוס טבעי,,,רצועות קוקוס טבעי,קילוגרמים,1.00,"ק""ג",true,,50.00,50.0000,true,1,158718
7290000150821,false,קלמטה,,,קלמטה,קילוגרמים,1.00,"ק""ג",true,,50.00,50.0000,true,1,145162
7290000150822,false,זית טבעי שחור,,,זית טבעי שחור,קילוגרמים,1.00,"ק""ג",true,,49.90,49.9000,true,1,135511
7290000150823,false,זית סורי,,,זית סורי,קילוגרמים,1.00,"ק""ג",true,,30.00,30.0000,true,1,136689
7290000150828,false,טוסקנה,,,טוסקנה,קילוגרמים,1.00,"ק""ג",true,,70.00,70.0000,true,1,131932
7290000150835,false,משמש טבעי,,,משמש טבעי,קילוגרמים,1.00,"ק""ג",true,,60.00,60.0000,true,1,179660
7290000150847,false,חליטת בריאת,,,חליטת בריאת,קילוגרמים,1.00,"ק""ג",true,,15.00,15.0000,true,1,144080
7290000150849,false,פפריקה מתוקה יבשה,,,פפריקה מתוקה יבשה,קילוגרמים,1.00,"ק""ג",true,,40.00,40.0000,true,1,131933
7290000150865,false,תותים,,,תותים,קילוגרמים,1.00,"ק""ג",true,,80.00,80.0000,true,1,119321
7290000150871,false,חליטת טריפוקנה,,,חליטת טריפוקנה,קילוגרמים,1.00,"ק""ג",true,,70.00,70.0000,true,1,141043
7290000150873,false,חליטת תות,,,חליטת תות,קילוגרמים,1.00,"ק""ג",true,,70.00,70.0000,true,1,141045
7290000150874,false,חליטת ליצ'י,,,חליטת ליצ'י,קילוגרמים,1.00,"ק""ג",true,,70.00,70.0000,true,1,141046
7290000150887,false,תבלין אורז צהוב,,,תבלין אורז צהוב,קילוגרמים,1.00,"ק""ג",true,,100.00,100.0000,true,1,160462
7290000150888,false,שקדים מולבנים שלמים,,,שקדים מולבנים שלמים,קילוגרמים,1.00,"ק""ג",true,,60.00,60.0000,true,1,175421
7290000150889,false,כוסמת ירוקה,,,כוסמת ירוקה,קילוגרמים,1.00,"ק""ג",true,,15.00,15.0000,true,1,120141
7290000150911,false,תערובת פיצוחים טבעי,,,תערובת פיצוחים טבעי,קילוגרמים,1.00,"ק""ג",true,,60.00,60.0000,true,1,144087
7290000150919,false,תבלין תירס,,,תבלין תירס,קילוגרמים,1.00,"ק""ג",true,,60.00,60.0000,true,1,167952
7290000150920,false,"תבלין תפו""א",,,"תבלין תפו""א",קילוגרמים,1.00,"ק""ג",true,,60.00,60.0000,true,1,167953
7290000150987,false,ניצני ורדים אדום,,,ניצני ורדים אדום,קילוגרמים,1.00,"ק""ג",true,,200.00,200.0000,true,1,178651
7290000150999,false,שיבולת שועל דק,,,שיבולת שועל דק,קילוגרמים,1.00,"ק""ג",true,,10.00,10.0000,true,1,120142
7290000151000,false,מיקס פירות טבעי,,,מיקס פירות טבעי,קילוגרמים,1.00,"ק""ג",true,,60.00,60.0000,true,1,185439
7290000151001,false,פיצוחים קלויים ללא מ,,,פיצוחים קלויים ללא מ,קילוגרמים,1.00,"ק""ג",true,,70.00,70.0000,true,1,187190
7290000158105,false,שניצל עוף מיני דינוזאור ללא אנטיביוטיקה מ100% ר.טבעי,קבוצת אסם סחר שות. מוגבלת,,עוף טוב שניצל עוף מי,גרמים,700.00,100 גרם,false,,32.90,4.7000,true,1,126618
7290000158657,false,קשה כבשים כמהין,,,קשה כבשים כמהין,קילוגרמים,1.00,"ק""ג",true,,199.00,199.0000,true,1,146799
7290000159010,false,שניצל עוף מיני דובונים ללא אנטיביוטיקה מ100% ר.טבעי,קבוצת אוסם סחר שותפות מוגבלת,,עוף טוב שניצל עוף מי,גרמים,700.00,100 גרם,false,,32.90,4.7000,true,1,126623
7290000161358,false,מיונז אמיתי משמן קנולה תלמה (500 גרם),"יוניליוור ישראל שיווק בע""מ",,מיונז אמיתי משמן קנו,גרמים,500.00,100 גרם,false,,12.90,2.5800,true,1,119446
7290000161631,false,קליק חטיף שוקולד מילוי קרם נוגט 38גר,יוניליוור ישראל שיווק בע`מ,,קליק אין נוגט 38 גרם,Unknown,0.00,יחידה,false,,5.00,0.0000,true,1,119447
7290000163062,false,ברמונדי טרי,,,ברמונדי טרי,קילוגרמים,1.00,"ק""ג",true,,59.90,59.9000,true,1,146756
7290000163093,false,פילה סלמון,,,פילה סלמון,קילוגרמים,1.00,"ק""ג",true,,120.00,120.0000,true,1,146757
7290000166605,false,סיף פנטסטיק ניקיון כללי יסמין 4ליטר,יוניליוור ישראל שיווק בע`מ,,סיף נ.כללי יסמין 4 ל,קילוגרמים,4.00,ליטר,false,,21.90,5.4750,true,1,119467
7290000168173,false,"ברנפלקס קרנצ'ים תלמה בד""ץ 375 גרם",יוניליוור ישראל שיווק בעמ,,ברנפלקס קרנצים 375 ג,גרמים,375.00,100 גרם,false,,22.00,5.8667,true,1,119478
7290000169173,false,"קרטון טבעות עף 10 ק""",,,"קרטון טבעות עף 10 ק""",Unknown,0.00,יחידה,false,,185.00,0.0000,true,1,113995
7290000169538,false,"נמס בכוס עגבניות וקרוטונים מרק כשרות בד""ץ 62 ג' קנור",יוניליוור ישראל שיווק בע`מ,,נמס בכוס עגבניות וקר,Unknown,0.00,יחידה,false,,6.90,0.0000,true,1,119486
7290000169798,false,"עוגי מופחת סוכר 20% פצפוצי שוקו' 500ג' בד""צ",יוניליוור ישראל שיווק בע`מ,,עוגי פחות סוכר 20% 5,גרמים,500.00,100 גרם,false,,19.90,3.9800,true,1,119489
7290000170150,false,בורגול עבה גס,,,בורגול עבה גס,קילוגרמים,1.00,"ק""ג",true,,7.00,7.0000,true,1,142762
7290000170500,false,חמוציות ברכז תפוח,,,חמוציות ברכז תפוח,קילוגרמים,1.00,"ק""ג",true,,50.00,50.0000,true,1,151571
7290000170513,false,מתקן לבכור פרמידה גד,,,מתקן לבכור פרמידה גד,Unknown,0.00,יחידה,false,,44.90,0.0000,true,1,198053
7290000174723,false,שוקולית אבקה להכנת משקה שוקו 500 גרם,הנסיך- מפעל לייצור ט,,שוקולית 500 גרם,גרמים,500.00,100 גרם,false,,11.90,2.3800,true,1,132109
7290000176062,false,קפה טורקי בשקית 100 ג' עלית,שטראוס קפה בי.ויn\.,,טורקי עלית 100 גרם,Unknown,0.00,יחידה,false,,8.90,0.0000,true,1,132111
7290000176079,false,קפה טורקי עם הל עלית (100 גרם),הנסיך- מפעל לייצור ט,,טרוקי עלית קפה עם הל,גרמים,100.00,100 גרם,false,,8.90,8.9000,true,1,132112
7290000176127,false,צפתית 5% גולדצ'יז,,,צפתית 5% גולדצ'יז,קילוגרמים,1.00,"ק""ג",true,,49.00,49.0000,true,1,155850
7290000176413,false,קפה נמס עלית פחית 50 גרם,הנסיך- מפעל לייצור ט,,עלית נמס 50 גרם,Unknown,0.00,יחידה,false,,8.90,0.0000,true,1,132117
7290000176420,false,קפה נמס פחית עלית 200 גרם,פיקסל אם.גי.אם בעמ,,עלית נמס 200 גרם,גרמים,200.00,100 גרם,false,,19.90,9.9500,true,1,132118
7290000176468,false,קפה נמס נטול קפאין 50 ג' קפה האג,שטראוס גרופ בע`מ,,האג קפה נטול קפאין 5,Unknown,0.00,יחידה,false,,11.20,0.0000,true,1,132119
7290000176475,false,קפה נמס נטול קפאין האג עלית (200 גרם),שטראוס גרופ בע`מ,,האג קפה נטול קפאין 2,גרמים,200.00,100 גרם,false,,33.90,16.9500,true,1,132120
7290000178707,false,חטיף צ`יפס בטעם טבעי תפוצ`יפס (50 גרם),"שטראוס פריטו ליי בע""\מ )",,תפוצ'יפס טבעי 50 גרם,Unknown,0.00,יחידה,false,,3.50,0.0000,true,1,132911
7290000178721,false,חטיף צ`יפס בטעם טבעי תפוצ`יפס (200 גרם),"שטראוס פריטו ליי בע""\מ )",,תפוציפס טבעי 200גר,גרמים,200.00,100 גרם,false,,9.90,4.9500,true,1,132912
7290000179445,false,עלית בזוקה גומי לעיס,STRAUSS-ISRAEL,,עלית בזוקה גומי לעיס,גרמים,180.00,100 גרם,false,,7.10,3.9444,true,1,132126
7290000182182,false,גאודה מיושן,,,גאודה מיושן,קילוגרמים,1.00,"ק""ג",true,,120.00,120.0000,true,1,146803
7290000187860,false,מגבוני טואלט לחים לילי דיספנסר 40יח',קימברלי קלארק ישראל שיווק בעמ,,לילי נייר טאלט לח די,Unknown,48.00,יחידה,false,,6.90,0.1438,true,1,119081
7290000187921,false,נייר טואלט דו שכבתי לבן לילי 32 יחידות,קימברלי קלארק ישראל שיווק בעמ,,"נייר טואלט ""לילי"" לב",Unknown,32.00,יחידה,false,,39.90,1.2469,true,1,111039
7290000187938,false,לילי - נייר טואולט נייר טואלט פסטל 32 יח',קימברלי קלארק ישראל שיווק בעמ,,"נייר טואלט ""לילי"" פס",Unknown,32.00,יחידה,false,,39.90,1.2469,true,1,111040
7290000187952,false,נייר טואלט תלת שכבתי ורוד לילי 32 יחידות,קימברלי קלארק ישראל שיווק בעמ,,נייר טואלט לילי טריו,Unknown,32.00,יחידה,false,,46.90,1.4656,true,1,119083
7290000188553,false,קוטקס מגן תחתון יאנג ביג 60 יחידות,קימברלי קלארק ישראל שיווק בעמ,,קוטקס מגן תחתון נורמ,Unknown,60.00,יחידה,false,,19.90,0.3317,true,1,111041
7290000188591,false,קוטקס מגן תחתון יאנג ביג 60 יחידות,קימברלי קלארק ישראל שיווק בעמ,,קוטקס מ.תחתון סילק י,Unknown,60.00,יחידה,false,,19.90,0.3317,true,1,190729
7290000189192,false,סופר מטלית מטליות נייר רב פעמיות ניקול 64 יחידות,קימברלי קלארק ישראל שיווק בעמ,,ניקול מטלית חכמה יומ,Unknown,64.00,יחידה,false,,16.90,0.2641,true,1,119091
7290000189598,false,מטליות לחות חד פעמיות לניקוי כללי 50 יח' ניקול,קימברלי קלארק ישראל שיווק בעמ,,מטליות לחות חד פעמיו,Unknown,50.00,יחידה,false,,10.90,0.2180,true,1,111045
7290000189659,false,מטליות לחות לרצפה ניקול 10 יח'-מרכז,קימברלי קלארק ישראל שיווק בעמ,,ניקול מטליות לחות לר,Unknown,10.00,יחידה,false,,11.90,1.1900,true,1,111046
7290000189734,false,מטליות לחות לניקוי פרקט ניקול 10 יחידות,קימברלי קלארק ישראל שיווק בעמ,,ניקול מטליות לחות לפ,Unknown,10.00,יחידה,false,,10.90,1.0900,true,1,119097
7290000190198,false,מטליות לחות לניקוי וחיטוי 99.9% ניקול 50 יחידה,קימברלי קלארק ישראל שיווק בעמ,,ניקול מטליות לחות לח,Unknown,0.00,יחידה,false,,10.90,0.0000,true,1,119100
7290000190802,false,נתחי פילה סלמון,,,נתחי פילה סלמון,קילוגרמים,1.00,"ק""ג",true,,89.90,89.9000,true,1,137044
7290000191225,false,חיתולים ליטל בייביז מידה 2 האגיס 46 יחידות,קימברלי קלארק ישראל שיווק בעמ,,האגיס חיתולי ם שלב 2,Unknown,46.00,יחידה,false,,33.90,0.7370,true,1,119105
7290000191393,false,מגבוני טישיו רכים שביעייה מולט 100X7יח',קימברלי קלארק ישראל שיווק בעמ,,ממחטות מולט 100 * 7,Unknown,7.00,יחידה,false,,17.90,2.5571,true,1,111050
7290000191539,false,חמישיית ממחטות טישו צבועני לילי 100 יחידות,קימברלי קלארק ישראל שיווק בעמ,,לילי צבעוני חמישיה,Unknown,5.00,יחידה,false,,15.90,3.1800,true,1,119106
7290000191966,false,נייר טואלט לילי לח נטורל קר 48 דפים,קימברלי קלארק ישראל שיווק בעמ,,לילי נ.טואלט לח סנסט,Unknown,48.00,יחידה,false,,6.90,0.1438,true,1,119109
7290000192581,false,מגבת נייר גליל כפול ניקול 12=6 גליל,קימברלי קלארק ישראל שיווק בעמ,,ניקול מגבת כפול 12=6,Unknown,0.00,יחידה,false,,21.90,0.0000,true,1,119110
7290000193014,false,מגן תחתון פדיות אינטרלוד לילי 50 יחידות,קימברלי קלארק ישראל שיווק בעמ,,לילי מגיני יום אינטר,Unknown,50.00,יחידה,false,,9.90,0.1980,true,1,111052
7290000193083,false,נובה-לי תחבושות היגייניות לילי 28 יחידות,קימברלי קלארק ישראל שיווק בעמ,,לילי נובה לי 28 יח',Unknown,28.00,יחידה,false,,9.90,0.3536,true,1,119112
7290000193205,false,תחבושות עם כנפיים ללילה נטורל לילי 20 יחידות,קימברלי קלארק ישראל שיווק בעמ,,לילי נטורל תחבושת לי,Unknown,20.00,יחידה,false,,14.90,0.7450,true,1,119113
7290000193472,false,מגן תחתון נטורל נורמל לילי 60 יחידות,קימברלי קלארק ישראל שיווק בעמ,,לילי נטורל מגני תחתו,Unknown,60.00,יחידה,false,,14.90,0.2483,true,1,119114
7290000193540,false,מגן תחתון לונג נטורל לילי 52 יחידות,קימברלי קלארק ישראל שיווק בעמ,,לילי נטורל מגני תחתו,Unknown,52.00,יחידה,false,,14.90,0.2865,true,1,119115
7290000193618,false,לילי אינטימייט מגן תחתון נורמל 24 יח',קימברלי קלארק ישראל שיווק בעמ,,לילי נטורל מגני תחתו,Unknown,62.00,יחידה,false,,14.90,0.2403,true,1,119116
7290000193649,false,תחבושות עם כנפיים נורמל פלוס לילי 24 יחידות,קימברלי קלארק ישראל שיווק בעמ,,לילי נטורל תחבושות א,Unknown,24.00,יחידה,false,,14.90,0.6208,true,1,119117
7290000193656,false,תחבושות עם כנפיים סופר פלוס לילי 24 יחידות,קימברלי קלארק ישראל שיווק בעמ,,לילי נטורל תחבושות א,Unknown,24.00,יחידה,false,,14.90,0.6208,true,1,119118
7290000193793,false,לילי תחבושות אינטימי נורמל אולט' 24 יח',קימברלי קלארק ישראל שיווק בעמ,,לילי נטורל תחבושות א,Unknown,24.00,יחידה,false,,14.90,0.6208,true,1,119119
7290000194288,false,האגיס משטחי החתלה חד פעמיים 10יח`,קימברלי קלארק ישראל שיווק בעמ,,האגיס משטחי החתלה 10,Unknown,10.00,יחידה,false,,23.90,2.3900,true,1,119121
7290000195032,false,שקמה מכנסון גזרתי סופר נייט L,חוגלה קימברלי,,חיתולי שקמה L,Unknown,0.00,יחידה,false,,52.90,0.0000,true,1,119123
7290000197425,false,חיתולים פרידום דריי שלב 3 האגיס 52 יחידות,קימברלי קלארק ישראל שיווק בעמ,,האגיס פרידום דריי של,Unknown,54.00,יחידה,false,,42.90,0.7944,true,1,111060
7290000197456,false,חיתולים פרידום דריי שלב 4 האגיס 44 יחידות,קימברלי קלארק ישראל שיווק בעמ,,האגיס פרידום דרי,Unknown,44.00,יחידה,false,,42.90,0.9750,true,1,111062
7290000197463,false,חיתולים פרידום דריי שלב +4 האגיס 40 יחידות,קימברלי קלארק ישראל שיווק בעמ,,האגיס פרידום דריי של,Unknown,42.00,יחידה,false,,42.90,1.0214,true,1,111063
7290000197548,false,חיתולים פרידום דריי שלב 5 האגיס 36 יחידות,קימברלי קלארק ישראל שיווק בעמ,,האגיס פרידום דריי 36,Unknown,38.00,יחידה,false,,42.90,1.1289,true,1,111065
7290000197678,false,חיתולי האגיס פרידום דריי שלב 6 30 יחידות,קימברלי קלארק ישראל שיווק בעמ,,האגיס פרידום דריי של,Unknown,34.00,יחידה,false,,42.90,1.2618,true,1,111066
7290000198017,false,סלמי איטלקי מפולפל ז,,,סלמי איטלקי מפולפל ז,קילוגרמים,1.00,"ק""ג",true,,79.00,79.0000,true,1,147027
7290000198062,false,פסטרמה הודו אקסטרה מ,,,פסטרמה הודו אקסטרה מ,קילוגרמים,1.00,"ק""ג",true,,90.00,90.0000,true,1,189635
7290000198109,false,צלעות אסאדו מעושנות,,,צלעות אסאדו מעושנות,קילוגרמים,1.00,"ק""ג",true,,140.00,140.0000,true,1,190683
7290000199313,false,תחבושות עם כנפיים נורמל פלוס קוטקס 30 יחידות,קימברלי קלארק ישראל שיווק בעמ,,קוטקס תחבושות יאנג 2,Unknown,28.00,יחידה,false,,18.90,0.6750,true,1,111069
7290000201795,false,"האגיס מגבונים לתינוק מבושם מארז, שלישיה * 64 יח'",חוגלה קימברלי,,מגבוני האגיס נטורל ק,Unknown,0.00,יחידה,false,,15.90,0.0000,true,1,119141
7290000201870,false,חיתולי פרימיום שלב 6 טיטולים) (30,קימברלי קלארק ישראל שיווק בעמ,,טיטולים פרימיום שלב,Unknown,34.00,יחידה,false,,34.90,1.0265,true,1,119147
7290000203294,false,תחתון סופג אפרסק נשים L,חוגלה קימברלי,,דיפנד תחתון סופג צבע,Unknown,16.00,יחידה,false,,80.00,5.0000,true,1,119149
7290000203317,false,תחתון סופג אפרסק נשים XL,חוגלה קימברלי,,דיפנד תחתון סופג צבע,Unknown,14.00,יחידה,false,,80.00,5.7143,true,1,119150
7290000203409,false,דיפנד תחתון סופג גברים L,חוגלה קימברלי,,דיפנד תחתון סופג צבע,Unknown,16.00,יחידה,false,,80.00,5.0000,true,1,119151
7290000204086,false,ניקול כרית קרצוף מארז שלישייה,קימברלי קלארק ישראל שיווק בעמ,,ניקול כרית קרצוף 3יח,Unknown,3.00,יחידה,false,,10.90,3.6333,true,1,119152
7290000204147,false,רביעיית כרית יפנית עבה ניקול 4 יחידות,קימברלי קלארק ישראל שיווק בעמ,,ניקול כריות יפניות 2,Unknown,4.00,יחידה,false,,10.90,2.7250,true,1,119153
7290000204215,false,שישיית כרית יפנית ניקול 6 יחידות,קימברלי קלארק ישראל שיווק בעמ,,ניקול כריות יפניות ש,Unknown,6.00,יחידה,false,,10.90,1.8167,true,1,111070
7290000204253,false,מטליות רב שימושיות לניקיון ניקול 9 יחידות,קימברלי קלארק ישראל שיווק בעמ,,ניקול מטלית רב שימוש,Unknown,9.00,יחידה,false,,10.90,1.2111,true,1,119155
7290000204307,false,מטלית רב שימושית בגליל ניקול 40 יחידות,קימברלי קלארק ישראל שיווק בעמ,,מטליות ניקול 40 רב ש,Unknown,40.00,יחידה,false,,16.90,0.4225,true,1,119156
7290000204512,false,מטליות לחות לניקוי רצפה בריח לימון ניקול 10 יחידות,קימברלי קלארק ישראל שיווק בעמ,,ניקול מטליות לחות לר,Unknown,10.00,יחידה,false,,10.90,1.0900,true,1,111071
7290000204611,false,שישיית ספוגית הקסם ניקול 6 יחידות,קימברלי קלארק ישראל שיווק בעמ,,ניקול ספוגית הקסם שי,Unknown,6.00,יחידה,false,,10.90,1.8167,true,1,111072
7290000205762,false,חיתולי האגיס אקסטרה קר מידה 3 48 יחידות,קימברלי קלארק ישראל שיווק בעמ,,האגיס אקסטרה מידה 3,Unknown,0.00,יחידה,false,,49.90,0.0000,true,1,119157
7290000205915,false,חיתולי האגיס אקסטרה קייר מידה 4 40 יחידות,קימברלי קלארק ישראל שיווק בעמ,,האגיס אקסטרה מידה 4,Unknown,0.00,יחידה,false,,49.90,0.0000,true,1,119158
7290000207162,false,רוטב עגבניות מרכיב טבעי 100 ג' יכין,זנלכול יכין,,רסק עגבניות מרכיב טב,גרמים,100.00,100 גרם,false,,2.50,2.5000,true,1,118490
7290000207438,false,עגבניות מקולפות חתוכות לקוביות,זנלכול יכין,,קוביות עגבניות,גרמים,800.00,100 גרם,false,,9.90,1.2375,true,1,118491
7290000208008,false,רסק פלפל חריף חריסה A2 יכין 550 ג',זנלכול יכין,,A2 חריסה,גרמים,570.00,100 גרם,false,,9.90,1.7368,true,1,118493
7290000208022,false,עגבניות 2.5 A מרוסקות 850 גרם יכין,זנלכול יכין,,2.5A עגבניות מרוסקות,גרמים,800.00,100 גרם,false,,9.90,1.2375,true,1,118494
7290000208077,false,אפונת גינה גדולה יכין (550 גרם),זנלכול יכין,,אפונה גדולה א-2,גרמים,550.00,100 גרם,false,,8.90,1.6182,true,1,118495
7290000208114,false,"אפונה וגזר יכין A2 פ""ק בית יוסף",זנלכול יכין,,אפונה וגזר א2,גרמים,550.00,100 גרם,false,,8.90,1.6182,true,1,118496
7290000208176,false,תפוחי אדמה קלופים יכין (550 גרם),"זנלכל בע""מ",,"תפו""א קלופים א-2.",גרמים,550.00,100 גרם,false,,9.90,1.8000,true,1,118500
7290000208213,false,שעועית לבנה אפויה A2 ברוטב עגבניות יכין 560ג',היינץ צפון אמריקה מק,,A2 שעועית לבנה ברוטב,גרמים,580.00,100 גרם,false,,8.90,1.5345,true,1,118501
7290000208220,false,שעועית צ`ילי מקסיקני חריף יכין (550 גרם),היינץ צפון אמריקה מק,,A2 שעועית צילי,גרמים,550.00,100 גרם,false,,9.90,1.8000,true,1,118502
7290000208251,false,שעועית ירוקה חתוכה יכין (550 גרם),"זנלכל בע""מ",,שעועית ירוקה א2.,גרמים,550.00,100 גרם,false,,9.90,1.8000,true,1,118504
7290000208268,false,שעועית צהובה 560 גר יכין,קריות זול,,שעועית צהובה א-2.,גרמים,550.00,100 גרם,false,,9.90,1.8000,true,1,118505
7290000208312,false,גרעיני תירס מתוק בואקום יכין 400 גר',"זנלכל בע""\מ",,12OZ גרעיני תירס מתו,גרמים,325.00,100 גרם,false,,6.90,2.1231,true,1,118506
7290000208329,false,גרעיני תירס מתוק יכין (550 גרם),זנלכול יכין,,A2 גרעיני תירס מתוק,גרמים,550.00,100 גרם,false,,8.90,1.6182,true,1,118507
7290000208336,false,רסק יכין 240גר 22% יכין בית יוסף,"זנלכל בע""\מ",,רסק יכין 22% 260 גרם,גרמים,260.00,100 גרם,false,,4.50,1.7308,true,1,118508
7290000208343,false,עגבניות מרוסקות שום יכין A2.5 בית יוסף,היינץ צפון אמריקה מק,,עגבניות מרוסקות 800ג,גרמים,800.00,100 גרם,false,,9.90,1.2375,true,1,118509
7290000208350,false,עגבניות מרוסקות עם בצל יכין (800 גרם),זנלכול יכין,,עגבניות מרוסקות עם ש,גרמים,800.00,100 גרם,false,,9.90,1.2375,true,1,118510
7290000208367,false,עגבניות מרוסקות בזיליקום יכין A2.5 בית יוסף,זנלכול יכין,,עגבניות מרוסקות 800ג,גרמים,800.00,100 גרם,false,,9.90,1.2375,true,1,118511
7290000208404,false,A2 פול מצרי 550 גרם יכין,זנלכול יכין,,A2 פול מצרי ללא סוכר,גרמים,550.00,100 גרם,false,,8.90,1.6182,true,1,118512
7290000208428,false,גרגרי חומוס שלם 550 גרם יכין,היינץ צפון אמריקה מק,,חומוס שלם ללא סוכר 5,גרמים,550.00,100 גרם,false,,8.90,1.6182,true,1,118513
7290000208855,false,רוטב לפסטה קלאסי יכין (240 גרם),זנלכול יכין,,רוטב עגבניות לפסטה 2,גרמים,260.00,100 גרם,false,,5.50,2.1154,true,1,118520
7290000208930,false,עגבניות מרוסקות בתוספת שום 240 גרם יכין,זנלכול יכין,,עגבניות מרוסקות בתוס,גרמים,260.00,100 גרם,false,,5.50,2.1154,true,1,118522
7290000208947,false,עגבניות מרוסקות יכין (240 גרם),היינץ צפון אמריקה מק,,עגבניות מרוסקות 260,גרמים,260.00,100 גרם,false,,5.50,2.1154,true,1,118523
7290000208978,false,רוטב עגבניות (10028% גרם)פריכוז יכין,זנלכול יכין,,רסק פריכוז %28 100 ג,גרמים,100.00,100 גרם,false,,3.50,3.5000,true,1,118524
7290000209012,false,חומץ 1ליטר יכין הדרים,"זנלכל בע""\מ",,חומץ הדרים 1 ליטר,קילוגרמים,1.00,ליטר,false,,6.90,6.9000,true,1,118526
7290000209043,false,מיץ לימון משומר לתיבול יכין (1 ליטר),היינץ צפון אמריקה מק,,מיץ לימון משומר 1ליט,קילוגרמים,1.00,ליטר,false,,6.90,6.9000,true,1,118528
7290000209050,false,מיץ לימון משומר 4 ל' יכין,,,מיץ לימון משומר 4 לי,קילוגרמים,4.00,ליטר,false,,22.90,5.7250,true,1,119266
7290000209326,false,רוטב עגבניות 28% פרי מבורך,,,יכין רסק עגבניות 3 ק,פריט,3.00,"ק""ג",false,,34.90,11.6333,true,1,118534
7290000209371,false,מארז גרעיני תירס מתוק יכין (200x3 גרם),היינץ צפון אמריקה מק,,יכין תירס 3*340גר,גרמים,450.00,100 גרם,false,,14.90,3.3111,true,1,118536
7290000209388,false,תירס מתוק לייט יכין 200 גרם מארז 3 יח',זנלכול יכין,,יכין תירס 3*340גר,גרמים,140.00,100 גרם,false,,14.90,10.6429,true,1,118537
7290000209517,false,סירופ דיאט בטעם לימון יכין (1 ליטר),היינץ צפון אמריקה מק,,סירופ דיאט לימון 1 ל,קילוגרמים,1.00,ליטר,false,,16.90,16.9000,true,1,118539
7290000209531,false,סירופ דיאט בטעם אשכוליות יכין 1 ליטר,"זנלכל בע""\מ",,סירופ דיאט אשכוליות,קילוגרמים,1.00,ליטר,false,,16.90,16.9000,true,1,118541
7290000209555,false,סירופ דיאט בטעם תפוחים יכין 1 ליטר,זנלכול יכין,,"סירופ דיאט תפוח""ע 1",קילוגרמים,1.00,ליטר,false,,16.90,16.9000,true,1,118542
7290000209579,false,סירופ דיאט בטעם אננס יכין (1 ליטר),"זנלכל בע""\מ",,סירופ דיאט אננס 1 לי,קילוגרמים,1.00,ליטר,false,,16.90,16.9000,true,1,118544
7290000209708,false,עגבניות מרוסקות עם בזיליקום יכין 240 גרם,היינץ צפון אמריקה מק,,עגבניות מרוסקות בתוס,גרמים,260.00,100 גרם,false,,5.50,2.1154,true,1,118545
7290000209722,false,רוטב עגבניות 28% יכין (580 גרם)פריכוז,"זנלכל בע""\מ",,A2 רסק עגבניות פריכו,גרמים,580.00,100 גרם,false,,10.90,1.8793,true,1,118547
7290000209906,false,עגבניות מרוסקות בתוספת בצל 240 גרם יכין,זנלכול יכין,,עגבניות מרוסקות 260,גרמים,260.00,100 גרם,false,,5.50,2.1154,true,1,118548
7290000209944,false,רוטב לעגבניות בסיס לשקשוקה 240 ג' יכין,"זנלכל בע""\מ",,בסיס לעגבניות שקשוקה,גרמים,260.00,100 גרם,false,,5.50,2.1154,true,1,118550
7290000209951,false,רוטב עגבניות לפיצה 260 גרם יכין,"זנלכל בע""\מ",,יכין רוטב עגבניות לפ,גרמים,260.00,100 גרם,false,,5.50,2.1154,true,1,118551
7290000209968,false,רוטב עגבניות ללזניה יכין 240 גרם,זנלכול יכין,,רוטב לזניה 260 גרם,גרמים,260.00,100 גרם,false,,5.50,2.1154,true,1,118552
7290000210360,false,גרעיני תירס מתוק פרי מבורך,,,תירס 3 קג A9 יכין,פריט,3.00,"ק""ג",false,,29.90,9.9667,true,1,118553
7290000210469,false,עגבניות שלמות מקולפות יכין (800 גרם),זנלכול יכין,,עגבניות שלמות יכין 7,גרמים,800.00,100 גרם,false,,9.90,1.2375,true,1,118556
7290000210896,false,רוטב לפסטה בולונז 240 גרם יכין,זנלכול יכין,,יכין רוטב בולונז לפס,גרמים,260.00,100 גרם,false,,5.50,2.1154,true,1,118557
7290000211169,false,"אורז תאילנדי אחד אחד סוגת 1 ק""ג",האי נאם סי או אל.טי.,,סוגת אורז תאילנדי אח,פריט,1.00,"ק""ג",false,,6.90,6.9000,true,1,124674
7290000211312,false,סוגת אורז מלא פרסי אחד אחד 1 קג,האי נאם סי או אל.טי.,,סוגת אורז מלא פרסי א,פריט,1.00,"ק""ג",false,,7.90,7.9000,true,1,124675
7290000211374,false,"קמח חיטה מלא סוגת 1 ק""ג",טחנת קמח דגן-שטיבל,,"קמח מלא 1 ק""ג",פריט,1.00,"ק""ג",false,,7.90,7.9000,true,1,124676
7290000211442,false,אורז בסגנון פרסי קלאסי סוגת (1 קג),האי נאם סי או אל.טי.,,סוגת אורז פרסי קלאסי,גרמים,1000.00,100 גרם,false,,10.90,1.0900,true,1,124678
7290000211503,false,סוכר לבן ארוז בשקית,"סוגת תעשיות בע""\מ",,"סוכר סוגת 1 ק""ג",פריט,1.00,"ק""ג",false,,4.00,4.0000,true,1,124679
7290000211626,false,חיש אורז אחד אחד 1 קג,"סוגת תעשיות בע""\מ",,"סוגת אורז חיש 1 ק""ג",פריט,1.00,"ק""ג",false,,11.10,11.1000,true,1,124680
7290000211985,false,אורז עגול ריזוטו אחד אחד 1 קג,"סוגת תעשיות בע""\מ",,"סוגת אורז ריזוטו 1ק""",פריט,1.00,"ק""ג",false,,9.90,9.9000,true,1,124682
7290000215276,false,ע.ורד הצלע מ.318 חלק,,,ע.ורד הצלע מ.318 חלק,קילוגרמים,1.00,"ק""ג",true,,100.00,100.0000,true,1,136661
7290000215511,false,בשר ראש חלק קרסקו,,,בשר ראש חלק קרסקו,קילוגרמים,1.00,"ק""ג",true,,29.90,29.9000,true,1,136665
7290000215535,false,גידים חלק קרסקו,,,גידים חלק קרסקו,קילוגרמים,1.00,"ק""ג",true,,20.00,20.0000,true,1,136666
7290000226444,false,פרוזן פילה אמנון 7-5,,,פרוזן פילה אמנון 7-5,קילוגרמים,1.00,"ק""ג",true,,29.90,29.9000,true,1,202603
7290000226514,false,עוגת דובוש טעם ריבת חלב קפולסקי 450 גרם,תופינים מקבוצת קפולסקי,,עוגת היום- דובוש ריב,גרמים,450.00,100 גרם,false,,38.90,8.6444,true,1,148336
7290000226552,false,קפולסקי עוגת טורט ריבת חלב+ קוקוס קפוא,קפולסקי שיווק וקמעונ,,עוגת טורט ריבת חלב ע,Unknown,1.10,יחידה,false,,63.90,58.0909,true,1,148338
7290000226613,false,עוגת דובוש מצופה שוקולד קפולסקי 450 גרם,תופינים מקבוצת קפולסקי,,עוגת דובוש מצופה בטע,Unknown,1.00,יחידה,false,,38.90,38.9000,true,1,148342
7290000238029,false,"בצק עלים צרפתי מרודד מעדנות 1 ק""ג",תנובה מרכז שיתופי לשיווק תוצרת,,מעדנות בצק עלים צרפת,Unknown,1.00,יחידה,false,,18.90,18.9000,true,1,114119
7290000238036,false,מלאווח מעדנות 6 יח`700 גרם קפוא,תנובה מרכז שיתופי לשיווק תוצרת,,מעדנות מלווח 700 גרם,גרמים,700.00,100 גרם,false,,15.90,2.2714,true,1,114120
7290000238173,false,.בורקס במילוי גבינה 800 גרם מעדנות,מיוצר עי קונדיטוריית,,מעדנות בורקס גבינה 8,גרמים,800.00,100 גרם,false,,18.90,2.3625,true,1,114121
7290000238180,false,בורקס במילוי תפוא 800 גרם מעדנות,מיוצר עי קונדיטוריית,,"מעדנות בורקס תפו""א 8",גרמים,800.00,100 גרם,false,,18.90,2.3625,true,1,114122
7290000240541,false,ריבועי בצק עלים מעדנות 800 גרם,תנובה מרכז שיתופי לשיווק תוצרת,,מעדנות ריבועי בצק בו,גרמים,800.00,100 גרם,false,,18.90,2.3625,true,1,114123
7290000241225,false,רגל עגל פרוסה חלב מח,,,רגל עגל פרוסה חלב מח,קילוגרמים,1.00,"ק""ג",true,,39.90,39.9000,true,1,122491
7290000244143,false,קרם הוואי לאחר גילוח+ לחות 120 מ``ל,טרופיקל דגיל קוסמטיק,,הואי קרם לאחר גילוח,גרמים,120.00,100 גרם,false,,16.90,14.0833,true,1,125914
7290000244280,false,משחת גילוח רגיל 80 מ,עיסא ערטול בעמ,,משחת גלוח רגילה,Unknown,0.00,יחידה,false,,10.00,0.0000,true,1,125915
7290000244631,false,ענוגה גליצרין קרם ידיים 80 מל,עיסא ערטול בעמ,,קרם ענוגה גליצרין,Unknown,750.00,יחידה,false,,9.90,0.0132,true,1,125916
7290000244761,false,קרם ידיים ולוטה (80 גרם),טרופיקל דגיל קוסמטיק,,"קרם ולוטה ענק 80 מ""ל",מיליליטרים,80.00,"100 מ""ל",false,,6.90,8.6250,true,1,125917
7290000245072,false,סוד מרכך כביסה בייבי סנסטיב 4 ליטר,גורי שיווק בעמ,,סוד מרכך כביסה תינוק,קילוגרמים,4.00,ליטר,false,,18.90,4.7250,true,1,111256
7290000245089,false,סוד סופט מרכך כביסה סגול 4 ליטר,גורי שיווק בעמ,,סוד מרכך כביסה סגול,קילוגרמים,4.00,ליטר,false,,18.90,4.7250,true,1,153719
7290000245157,false,סוד סופט מרכך כביסה סנסיישן 4 ליטר,גורי שיווק בעמ,,סוד מרכך כביסה סנסיי,קילוגרמים,4.00,ליטר,false,,18.90,4.7250,true,1,111257
7290000245782,false,סוד סופט מרכך כביסה ורוד 4 ליטר,גורי שיווק בעמ,,סוד מרכך כביסה ורוד,קילוגרמים,4.00,ליטר,false,,18.90,4.7250,true,1,111259
7290000245799,false,סוד סופט מרכך כביסה כחול 4 ליטר,גורי שיווק בעמ,,סוד מרכך כביסה כחול,קילוגרמים,4.00,ליטר,false,,18.90,4.7250,true,1,111260
7290000253800,false,סוכריות לקישוט צבעוניות 90 גרם - צבעים טבעיים,אופנהיימר,,אופנהיימר סוכריות קי,Unknown,0.00,יחידה,false,,8.90,0.0000,true,1,121559
7290000256326,false,פילה דג סלמון אילתית,,,דלידג פילה דג אלתית,קילוגרמים,1.00,"ק""ג",true,,49.90,49.9000,true,1,122493
7290000258583,false,גבינת מנצ'גו קשה 30%,,,מנצגו יעקבס,קילוגרמים,1.00,"ק""ג",true,,159.00,159.0000,true,1,146178
7290000258811,false,כדורי מוצרלה בייבי י,,,כדורי מוצרלה בייבי י,קילוגרמים,1.00,"ק""ג",true,,99.00,99.0000,true,1,182717
7290000262413,false,חיתולי האגיס אקסטרה קייר מידה 5 34 יחידות,קימברלי קלארק ישראל שיווק בעמ,,האגיס אקסטרה מידה 5,Unknown,0.00,יחידה,false,,49.90,0.0000,true,1,119161
7290000263359,false,חיתולים ליטל בייביז מידה 1 האגיס 40 יחידות,קימברלי קלארק ישראל שיווק בעמ,,האגיס פיור נטורל שלב,Unknown,40.00,יחידה,false,,33.90,0.8475,true,1,119164
7290000263799,false,מס 5 צלי כתף עטרה קפ,,,מס 5 צלי כתף עטרה קפ,קילוגרמים,1.00,"ק""ג",true,,89.90,89.9000,true,1,189850
7290000272696,false,מיץ לימון טבעי משומר 1 ליטר עסיס כלפ,קבוצת אוסם סחר שותפות מוגבלת,,עסיס מיץ לימון משומר,קילוגרמים,1.00,ליטר,false,,10.90,10.9000,true,1,126631
7290000272726,false,חומץ רכיבים רכיבים טבעיים 5% עסיס 1 ליטר,קבוצת אוסם סחר שותפות מוגבלת,,עסיס חומץ טבעי 5% 1,קילוגרמים,1.00,ליטר,false,,8.90,8.9000,true,1,126632
7290000281382,false,נתחי פילה דג סלמון ק,,,דלי דג מנות סלמון,קילוגרמים,1.00,"ק""ג",true,,89.90,89.9000,true,1,122497
7290000281429,false,סטיק טונה אדומה מעוב,,,סטיק טונה אדומה מעוב,קילוגרמים,1.00,"ק""ג",true,,64.90,64.9000,true,1,122498
7290000284316,false,קוקה -קולה בקבוק 1.5 ליטר,החברה המרכזית לייצור משקאות,,קוקה קולה 1.5 ליטר,קילוגרמים,1.50,ליטר,false,,8.90,5.9333,true,1,137307
7290000286228,false,ספוגיות לניקוי כללי סנו סושי 6 יחידות,החברה הדרומית לשיווק בעמ,,סנו סושי שישיות,Unknown,6.00,יחידה,false,,10.90,1.8167,true,1,117114
7290000286237,false,פילה דג סלמון נורווג,,,פילה דג סלמון נורווג,קילוגרמים,1.00,"ק""ג",true,,89.90,89.9000,true,1,198493
7290000286297,false,"אנטי קאלק מסיר אבנית מקומקום סנו 700 מ""ל",החברה הדרומית לשיווק בעמ,,מסיר אבן מקומקום אנט,מיליליטרים,700.00,"100 מ""ל",false,,9.90,1.4143,true,1,117115
7290000286298,false,פילה דג סלמון נורווג,,,פילה דג סלמון אטלנטי,קילוגרמים,1.00,"ק""ג",true,,89.90,89.9000,true,1,197333
7290000286488,false,ספוג כיף פיראט 1 יחידה,החברה הדרומית לשיווק בעמ,,ספוג כיף פיראט,Unknown,0.00,יחידה,false,,7.90,0.0000,true,1,117116
7290000286501,false,ספוג כיף מסאז' 1 יחידה,החב. הדרומית לשיווק,,(ספוג כיף מסאז)צהוב,Unknown,0.00,יחידה,false,,11.90,0.0000,true,1,117118
7290000286525,false,סנו ספוג פרינה לרחצה 1 יח`,החב. הדרומית לשיווק,,ספוג כיף פרינה,Unknown,0.00,יחידה,false,,11.90,0.0000,true,1,117119
7290000286549,false,מטליות לניקוי כללי סנו סושי 9 יחידות,החברה הדרומית לשיווק בעמ,,סנו סושי מטליות לכל,Unknown,9.00,יחידה,false,,11.90,1.3222,true,1,110919
7290000286891,false,שמפו לרצפה מגן קריסטל סנו (1 ליטר),החברה הדרומית לשיווק בעמ,,סנו מגן קריסטל,קילוגרמים,1.00,ליטר,false,,23.90,23.9000,true,1,110920
7290000286907,false,"ספריי מסיר כתמים באירוסול ""סנו""",סנו מפעלי ברונוס בעמ,,סנוקל מסיר כתמים,גרמים,170.00,100 גרם,false,,24.90,14.6471,true,1,117125
7290000286921,false,סנוקל רסס וכבס תרסיס אקדח 750 מ``ל,החברה הדרומית לשיווק בעמ,,"סנוקל רסס כבס 750מ""ל",מיליליטרים,750.00,"100 מ""ל",false,,14.90,1.9867,true,1,117127
7290000286945,false,סנו רהיט נוזלי תרסיס 500 סמק+אקדח,החברה הדרומית לשיווק בעמ,,"סנו רהיט נוזל 500 מ""",מיליליטרים,500.00,"100 מ""ל",false,,24.90,4.9800,true,1,110921
7290000286971,false,גבינת ברי קמבוזולה ב,,,ישרקו קמבוזולה,קילוגרמים,1.00,"ק""ג",true,,190.00,190.0000,true,1,137039
7290000287102,false,סנו שטיחים קצף לניקוי שטיחים 600 סמק,החברה הדרומית לשיווק בעמ,,סנו שמפו שטיחים אירו,מיליליטרים,600.00,"100 מ""ל",false,,22.90,3.8167,true,1,117128
7290000287195,false,"סנו רהיט ספריי עשיר בווקס להברקה 305 מ""ל",החברה הדרומית לשיווק בעמ,,סנו רהיט ספריי עשיר,מיליליטרים,305.00,"100 מ""ל",false,,14.90,4.8852,true,1,117129
7290000287355,false,פוליש נוזל מבריק רצפות סנו 1 ליטר,החברה הדרומית לשיווק בעמ,,סנו סופר פוליש 1ליטר,מיליליטרים,1000.00,"100 מ""ל",false,,26.90,2.6900,true,1,117131
7290000287409,false,"שלישיית סנובון תות לאסלה ""סנו""",החברה הדרומית לשיווק בעמ,,סנובון שלישיה תות 3*,Unknown,3.00,יחידה,false,,12.90,4.3000,true,1,117133
7290000287430,false,סנובון צבעוני לאסלה בריח לימון שלישייה,החברה הדרומית לשיווק בעמ,,סנובון שלישיה צבעוני,Unknown,3.00,יחידה,false,,12.90,4.3000,true,1,117134
7290000287485,false,"שלישיית סנובון לובר לאסלה ""סנו""",החברה הדרומית לשיווק בעמ,,סנובון שלישיה לובר,Unknown,3.00,יחידה,false,,12.90,4.3000,true,1,117135
7290000287492,false,"סנובון נוזל לניקוי אסלות בריח לימון סנו 750 מ""ל",החברה הדרומית לשיווק בעמ,,סנובון נוזלי בניחוח,מיליליטרים,750.00,"100 מ""ל",false,,10.90,1.4533,true,1,117136
7290000287607,false,"אקוה בלו סבון לניאגרה סנו 150 מ""ל",סנו מפעלי ברונוס בעמ,,סנו בלו גדול,גרמים,150.00,100 גרם,false,,20.00,13.3333,true,1,117137
7290000287621,false,"אנטי קאלק נוזל לניקוי אסלות סנו 750 מ""ל",החברה הדרומית לשיווק בעמ,,סנו אנטי קאלק W.C מנ,מיליליטרים,750.00,"100 מ""ל",false,,11.90,1.5867,true,1,110922
7290000288017,false,אקונומיקה בריח לימון סנו ז'אוול 1 ליטר,החברה הדרומית לשיווק בעמ,,סנו זאוול לימון 1ליט,מיליליטרים,1000.00,"100 מ""ל",false,,8.90,0.8900,true,1,110923
7290000288024,false,סנו - ז'אוול אקונומיקה בריח לימון 4 ליטר,החברה הדרומית לשיווק בעמ,,סנו זאוול בריח לימון,קילוגרמים,4.00,ליטר,false,,18.90,4.7250,true,1,110924
7290000288031,false,"אקונומיקה תו תקן 4 ליטר ""סנו""",החברה הדרומית לשיווק בעמ,,סנו אקנומיקה 4 ליטר,קילוגרמים,4.00,ליטר,false,,11.00,2.7500,true,1,117140
7290000288048,false,ז`אוול מרסס לניקוי כללי לבנדר סנו (1 ליט,החברה הדרומית לשיווק בעמ,,סנו ג'אוול מרסס לבנד,קילוגרמים,1.00,ליטר,false,,16.90,16.9000,true,1,110925
7290000288291,false,סנומט דוחה יתושים לוחיות אידוי 30 יחידות,החברה הדרומית לשיווק בעמ,,סנומט-30 טבליות,Unknown,30.00,יחידה,false,,13.90,0.4633,true,1,117143
7290000288307,false,סנומט דוחה יתושים- מכשיר+ 30 טבליות,קריות זול,,סנומט-מכשיר+30 טבליו,Unknown,30.00,יחידה,false,,26.90,0.8967,true,1,117144
7290000288352,false,"קוטל חרקים וזוחלים K-300 סנו 630 מ""ל",החברה הדרומית לשיווק בעמ,,K - 300,מיליליטרים,630.00,"100 מ""ל",false,,23.90,3.7937,true,1,110927
7290000288390,false,קוטל זבובים יתושים קיי 600 סנו (500 מל),החברה הדרומית לשיווק בעמ,,מעופפים יבש K-600,מיליליטרים,475.00,"100 מ""ל",false,,22.90,4.8211,true,1,117146
7290000288420,false,"תרסיס דוחה יתושים סנו די 175 מ""ל",החברה הדרומית לשיווק בעמ,,סנו די-תרסיס,מיליליטרים,125.00,"100 מ""ל",false,,20.90,16.7200,true,1,117148
7290000288642,false,מקסימה מרכך כביסה סנסיטיב בייבי סנו 4 ליטר,החברה הדרומית לשיווק בעמ,,סנו מקסימה סנסיטיב 4,קילוגרמים,4.00,ליטר,false,,22.90,5.7250,true,1,172216
7290000289069,false,סנו - ז'אוול מרסס קצף ניקוי בתוספת אקונומיקה בריח לימון 1 ליטר,החברה הדרומית לשיווק בעמ,,סנו ג'אוול מרסס לימו,קילוגרמים,1.00,ליטר,false,,16.90,16.9000,true,1,110929
7290000289380,false,"סנו - ז'אוול לניקוי אסלות לימון 750 מ""ל",החברה הדרומית לשיווק בעמ,,סנו גאוול מונטבלאן ג,מיליליטרים,750.00,"100 מ""ל",false,,10.90,1.4533,true,1,172213
7290000289595,false,"אורביטול משחת שיניים לילדים בטעם תות שדה 145 מ""ל",טרופיקל דגיל תעשיות קוסמ,,אורביטול לילדים בטעם,מיליליטרים,100.00,"100 מ""ל",false,,9.90,9.9000,true,1,117157
7290000289748,false,"מסיר שומנים לתנורים פורטה פלוס סנו 750 מ""ל",החברה הדרומית לשיווק בעמ,,סנו פורטה פלוס לתנור,מיליליטרים,750.00,"100 מ""ל",false,,14.90,1.9867,true,1,117158
7290000291857,false,פוליויקס נוזל רצפות בניחוח גולדן סאנרייז סנו 2 ליטר,החברה הדרומית לשיווק בעמ,,פוליוקס 2 ליטר לוטוס,קילוגרמים,2.00,ליטר,false,,21.90,10.9500,true,1,172568
7290000291932,false,"סנובון נוזל לניקוי אסלה בניחוח לבנדר סנו 750 מ""ל",החברה הדרומית לשיווק בעמ,,סנובון נוזלי בניחוח,מיליליטרים,750.00,"100 מ""ל",false,,10.90,1.4533,true,1,117161
7290000291963,false,אקונומיקה סמיכה בריח לימון סנו ז'אוול 1 ליטר,החברה הדרומית לשיווק בעמ,,סנו זאוול סמיכה לימו,מיליליטרים,1000.00,"100 מ""ל",false,,8.90,0.8900,true,1,110932
7290000292311,false,פוליויקס נוזל רצפות בניחוח סחלבים סנו 2 ליטר,החברה הדרומית לשיווק בעמ,,פוליוקס 2 ליטר סחלבי,קילוגרמים,2.00,ליטר,false,,21.90,10.9500,true,1,172569
7290000292557,false,סנומט מלוי נוזלי דוחה יתושים 45 לילות,החברה הדרומית לשיווק בעמ,,סנומט מלוי 45 לילות,Unknown,0.00,יחידה,false,,19.90,0.0000,true,1,117167
7290000292564,false,סנו K-2000 תרסיס מיקרו קפסולרי ללא ריח 750 מ”ל,החברה הדרומית לשיווק בעמ,,K 2000 סנו ללא ריח,מיליליטרים,750.00,"100 מ""ל",false,,32.90,4.3867,true,1,117168
7290000292915,false,רסס ונגב לניקוי כללי תרסיס סנו (750 מל),החברה הדרומית לשיווק בעמ,,סנו רסס ונגב אקדח 60,מיליליטרים,600.00,"100 מ""ל",false,,13.90,2.3167,true,1,117169
7290000292939,false,אקווה בלו למיכל אסלה100ג,סנו מפעלי ברונוס בעמ,,סנו אקוה בלו,גרמים,180.00,100 גרם,false,,13.00,7.2222,true,1,117170
7290000293073,false,מקסימה מרכך כביסה ביו לבן סנו 4 ליטר,החברה הדרומית לשיווק בעמ,,סנו מקסימה ביו לבן 4,קילוגרמים,4.00,ליטר,false,,22.90,5.7250,true,1,172217
7290000293516,false,"מתקן סופג לחות ומונע עובש ""סנופרש""",החברה הדרומית לשיווק בעמ,,סופג לחות בקופסא,Unknown,340.00,יחידה,false,,24.90,0.0732,true,1,110936
7290000293820,false,"קרמה מן שמפו וג'ל גל רחצה אקטיב בלוק 700מ""ל",החברה הדרומית לשיווק בעמ,,קרמה מן ג'ל רחצה אקט,מיליליטרים,700.00,"100 מ""ל",false,,17.90,2.5571,true,1,110938
7290000293837,false,"קרמה מן דאודורנט ג'ל אנטיפרספירנט 70 מ""ל",קוסמופארם בעמ,,קרמה מן דאודורנט גל,Unknown,0.00,יחידה,false,,13.90,0.0000,true,1,117173
7290000293882,false,ספוג כיף רצועת מסאז,החב הדרומית לשיווק,,סנו כיף רצועת מסאז,Unknown,1.00,יחידה,false,,20.00,20.0000,true,1,117174
7290000293943,false,"מרסס לבן מסיר אבנית 1 ליטר אנטי קאלק ""סנו""",החברה הדרומית לשיווק בעמ,,סנו אנטי קאלק+מתז 1ל,מיליליטרים,1000.00,"100 מ""ל",false,,19.90,1.9900,true,1,117175
7290000294391,false,נוזל לניקוי כללי בניחוח סחלבים סנו ג'ט 4 ליטר,החברה הדרומית לשיווק בעמ,,סנו ג'ט יכול הכל סחל,קילוגרמים,4.00,ליטר,false,,19.90,4.9750,true,1,117176
7290000294780,false,אקונומיקה סמיכה בריח לימון סנו ז'אוול 4 ליטר,החברה הדרומית לשיווק בעמ,,סנו זאוול סמיכה 4 לי,קילוגרמים,4.00,ליטר,false,,18.90,4.7250,true,1,110939
7290000295121,false,מטליות זיגזג סנו סושי לניקוי רצפות 3יח',החברה הדרומית לשיווק בעמ,,מטלית זיגזג 3יח,Unknown,3.00,יחידה,false,,11.90,3.9667,true,1,117179
7290000295541,false,רב מגבת ג'מבו סנו סושי 75 יחידות,החברה הדרומית לשיווק בעמ,,סנו רב מגבת גמבו,Unknown,75.00,יחידה,false,,19.90,0.2653,true,1,173203
7290000295572,false,"מארז זוגי מנקה אסלות 00 סנו 750 מ""ל",החברה הדרומית לשיווק בעמ,,"צמד ""00"" עם פיה",קילוגרמים,1.50,ליטר,false,,15.90,10.6000,true,1,117186
7290000295749,false,ספוג סאקי מסאז' כיף 1 יחידה,החב. הדרומית לשיווק,,ספוג כיף סאקי מסאז,Unknown,0.00,יחידה,false,,12.00,0.0000,true,1,173204
7290000295794,false,ספוגיות מתכת אל חלד לניקוי סנו 3 יחידות,החברה הדרומית לשיווק בעמ,,ספוגיות אל חלד זוג,Unknown,2.00,יחידה,false,,11.90,5.9500,true,1,173205
7290000300697,false,טריקולור בסירון,,,טריקולור בסירון,קילוגרמים,1.00,"ק""ג",true,,180.00,180.0000,true,1,180896
7290000300884,false,סיימן גבינת צ'דר אנג,,,צ'דר אנגלי כתום,קילוגרמים,1.00,"ק""ג",true,,140.00,140.0000,true,1,122500
7290000300900,false,שניצל תירס מרכיבים טבעיים טבעול 750 גרם,קבוצת אוסם סחר שותפות מוגבלת,,שניצל תירס טבע טבעול,גרמים,750.00,100 גרם,false,,29.90,3.9867,true,1,126638
7290000301539,false,גאודה עיזים סיימן,,,גאודה עיזים סיימן,קילוגרמים,1.00,"ק""ג",true,,140.00,140.0000,true,1,153780
7290000303581,false,פול מצרי פרי הגליל 560 גרם,ויטה- פרי גליל (החדשה) בעמ,,פול מיצרי A2,גרמים,560.00,100 גרם,false,,7.90,1.4107,true,1,134661
7290000303598,false,שעועית לבנה ברוטב עגבניות פרי הגליל 570 גרם,ויטה- פרי גליל (החדשה) בעמ,,שעועית אפוייה 570 גר,גרמים,580.00,100 גרם,false,,7.90,1.3621,true,1,134662
7290000303604,false,חומוס גרגירים A2 פרי גליל 550ג',ויטה- פרי גליל (החדשה) בעמ,,חומוס גרגירים 560 גר,גרמים,560.00,100 גרם,false,,7.90,1.4107,true,1,134663
7290000307015,false,אפונת גינה בינונית פרי הגליל 550 גרם,ויטה- פרי גליל (החדשה) בעמ,,אפונת גינה גדול A2,גרמים,550.00,100 גרם,false,,7.90,1.4364,true,1,134664
7290000307046,false,אפונת גינה וגזר פרי הגליל 550 גרם,ויטה- פרי גליל (החדשה) בעמ,,אפונה וגזר A2,גרמים,550.00,100 גרם,false,,7.90,1.4364,true,1,134665
7290000307220,false,גרעיני תירס מתוק בואקום פרי הגליל 285 גרם,ויטה- פרי גליל (החדשה) בעמ,,תירס ואקום Z12,גרמים,340.00,100 גרם,false,,6.90,2.0294,true,1,134666
7290000307237,false,גרעיני תירס מתוק פרי הגליל 550 גרם,ויטה- פרי גליל (החדשה) בעמ,,תירס גרעינים 550 גרם,גרמים,550.00,100 גרם,false,,7.90,1.4364,true,1,134667
7290000307985,false,גרעיני תירס מתוק ללא למלח 325 גרם פרי הגליל,ויטה- פרי גליל (החדשה) בעמ,,גרעיני תירס מתוק,גרמים,325.00,100 גרם,false,,6.90,2.1231,true,1,134673
7290000308100,false,אולד אמסטרדם גלגל,,,אולד אמסטרדם גלגל,קילוגרמים,1.00,"ק""ג",true,,140.00,140.0000,true,1,180901
7290000309037,false,גאודה לימון שחור,,,גאודה לימון שחור,קילוגרמים,1.00,"ק""ג",true,,160.00,160.0000,true,1,199171
7290000311180,false,ופל ופליתעשיריות מן 250 גרם מארז 10 יחידות,ח.כהן סוכנות מזון ומשקאות בע,,וופלית מן עשיריות,Unknown,0.00,יחידה,false,,7.90,0.0000,true,1,152502
7290000311425,false,ופל מצופה עשיריות מן 220 גרם מארז 10 יחידות,רוקחמן בעמ מפעל לייצור ופלים ו,,וופל מצופה מן עשיריו,Unknown,0.00,יחידה,false,,7.90,0.0000,true,1,152512
7290000311708,false,מן עוגיות מחיטה מלאה 300 גרם*נ.ל.פ,רוקחמן בעמ מפעל לייצור ופלים ו,,מן עוגיות מחיטה מלאה,גרמים,300.00,100 גרם,false,,7.90,2.6333,true,1,152514
7290000313160,false,זהבה ושלושת הדובים עוגיות בטעם שוקולד אסם 350 גרם,קבוצת אוסם סחר שותפות מוגבלת,,חברים זהבה ושלושת הד,גרמים,250.00,100 גרם,false,,8.90,3.5600,true,1,126644
7290000313184,false,עוגיות חברים גן חיות וניל אסם 250 גר',קבוצת אוסם סחר שותפות מוגבלת,,חברים ביסקויט גן חיו,גרמים,250.00,100 גרם,false,,8.90,3.5600,true,1,126645
7290000313290,false,אסם נודלס נודלס איטריות מסולסלות 200גר,קבוצת אוסם סחר שותפות מוגבלת,,אסם נודלס נודלס איטר,גרמים,200.00,100 גרם,false,,10.90,5.4500,true,1,126647
7290000315126,false,קנור ציר עוף משחתי 300 ג,יוניליוור ישראל שיווק בע`מ,,קנור ציר עוף משחתי 3,גרמים,300.00,100 גרם,false,,24.90,8.3000,true,1,119490
7290000315133,false,קנור ציר בקר משחתי 300ג,יוניליוור ישראל שיווק בע`מ,,קנור ציר בקר משחתי 3,גרמים,300.00,100 גרם,false,,24.90,8.3000,true,1,119491
7290000316680,false,חם צוואר,,,חם צוואר,Unknown,0.00,יחידה,false,,9.90,0.0000,true,1,172051
7290000318127,false,נקניקיות ביס יחיעם (380 גרם),מעדני יחיעם (1993) בעמ,,נקניקיות ביס 380 גרם,גרמים,380.00,100 גרם,false,,13.90,3.6579,true,1,121798
7290000318479,false,נקניק פרושוטו בקר יחיעם 100 גרם,מעדני יחיעם ( 1993 ) בע`מ,,פרושטו בקר יחיעם 100,Unknown,0.00,יחידה,false,,29.90,0.0000,true,1,121800
7290000318677,false,נקניק סלמי סרוולט יחיעם 150 גרם,מעדני יחיעם (1993) בעמ,,סלמי סרוולט 150גר יח,גרמים,150.00,100 גרם,false,,29.90,19.9333,true,1,121803
7290000318707,false,נקניק סלמי מעושן יחיעם 500 גרם,מעדני יחיעם ( 1993 ) בע`מ,,נקניק סלמי מעושן 500,גרמים,500.00,100 גרם,false,,33.90,6.7800,true,1,121805
7290000318738,false,נקניק עוף אריזה אדומה 450 ג' יחיעם,מעדני יחיעם (1993) בעמ,,נקניק עוף 450 גר,גרמים,450.00,100 גרם,false,,11.00,2.4444,true,1,121806
7290000318943,false,פסטרמה של פעם מעושן 1.5% יחיעם 200 גרם,מעדני יחיעם ( 1993 ) בע`מ,,פסטרמה של פעם 200 גר,גרמים,200.00,100 גרם,false,,24.00,12.0000,true,1,121810
7290000319063,false,כתף בקר מפולפל יחיעם 150 גרם,מעדני יחיעם (1993) בעמ,,כתף בקר מפולפל 150 ג,גרמים,150.00,100 גרם,false,,29.90,19.9333,true,1,121811
7290000319124,false,סלמי סרוולט מאפ יחיעם 250 גרם,מעדני יחיעם ( 1993 ) בע`מ,,סלמי סרוולט 250 גרם,גרמים,250.00,100 גרם,false,,39.90,15.9600,true,1,121812
7290000319131,false,נקניקיות עוף יחיעם 400 גרם,מעדני יחיעם (1993) בעמ,,נקניקיות עוף 400ג,גרמים,400.00,100 גרם,false,,11.90,2.9750,true,1,121813
7290000319292,false,"נקנקיות וינר פלוס יחיעם 10 /ק""ג",מעדני יחיעם (1993) בעמ,,נקניקיות וינר פלוס 1,פריט,1.00,"ק""ג",false,,22.90,22.9000,true,1,164615
7290000319520,false,נקניק סלמי צרפתי יחיעם 100 גרם,מעדני יחיעם (1993) בעמ,,סאלמי צרפתי יחיעם 10,גרמים,100.00,100 גרם,false,,19.90,19.9000,true,1,121816
7290000319803,false,קבנוס קלאסי יחיעם (125 גרם),מעדני יחיעם ( 1993 ) בע`מ,,קבנוס קלאסי 125 גרם,גרמים,125.00,100 גרם,false,,13.90,11.1200,true,1,121817
7290000319834,false,קבנוס פפרוני יחיעם (125 גרם),מעדני יחיעם ( 1993 ) בע`מ,,קבנוס פפרוני קלאסי 1,גרמים,125.00,100 גרם,false,,14.90,11.9200,true,1,158581
7290000319841,false,פסטרמה מהמעשנה יחיעם,יחיעם,,פסטרמה המעשנה יחיעם,קילוגרמים,1.00,"ק""ג",true,,85.00,85.0000,true,1,197342
7290000319964,false,"נקנקיות עוף חריפות 1 ק""ג יחיעם",,,נקניקיות עוף חריפות,Unknown,0.00,יחידה,false,,23.00,0.0000,true,1,121818
7290000323727,false,פילה אמנון ללא עור,,,פילה אמנון ללא עור,קילוגרמים,1.00,"ק""ג",true,,39.90,39.9000,true,1,142614
7290000334042,false,צ`יפסים טוגני תפוח אדמה טוגן (2 קג),קבוצת אסם סחר שות. מוגבלת,,"תפוגן טוגן 2ק""ג",פריט,2.00,"ק""ג",false,,22.90,11.4500,true,1,184851
7290000334684,false,תפוגן טבעות בצל לתנור 700 גרם,קבוצת אוסם סחר שותפות מוגבלת,,טבעות בצל 700 גרם,גרמים,700.00,100 גרם,false,,18.90,2.7000,true,1,126654
7290000334745,false,"ציפס אמריקאי דקדק תפוגן 1.5 ק""ג",קבוצת אוסם סחר שותפות מוגבלת,,תפוגן צ'יפס אמירקן 1,פריט,1.50,"ק""ג",false,,25.90,17.2667,true,1,126656
7290000339191,false,רן אבקת הלבנה לכביסה 350 גרם,יוניליוור ישראל שיווק בע`מ,,אבקת הלבנה רן 350 גר,גרמים,350.00,100 גרם,false,,22.90,6.5429,true,1,119502
7290000339566,false,מרכך כביסה ורוד בדין (4 ליטר),יוניליוור ישראל שיווק בע`מ,,בדין מרכך כביסה ורוד,קילוגרמים,4.00,ליטר,false,,21.90,5.4750,true,1,119503
7290000339849,false,משחת קלין להדחת כלים ולניקיון כללי בניחוח סמדר,יוניליוור ישראל שיווק בע`מ,,משחת כלים סמדר בדלי,פריט,3.50,"ק""ג",false,,27.90,7.9714,true,1,119504
7290000339887,false,"משחת כלים סיף קלין לימון 5 3 ק""ג",יוניליוור ישראל שיווק בע`מ,,משחת כלים לימוון בדל,פריט,3.50,"ק""ג",false,,27.90,7.9714,true,1,119507
7290000341071,false,בדין - מרכך כביסה בייבי לבן 2 ליטר,"יוניליוור ישראל שיווק בע""מ",,בייבי בדין לבן 2ליטר,קילוגרמים,2.00,ליטר,false,,16.90,8.4500,true,1,119508
7290000342832,false,מרכך כביסה צהוב בדין (4 ליטר),יוניליוור ישראל שיווק בע`מ,,בדין צהוב 4 ליטר,קילוגרמים,4.00,ליטר,false,,21.90,5.4750,true,1,119509
7290000342856,false,מרכך כביסה כחול בדין (4 ליטר),יוניליוור ישראל שיווק בע`מ,,בדין מרכך כביסה כחול,קילוגרמים,4.00,ליטר,false,,21.90,5.4750,true,1,119510
7290000345048,false,תה עלים 74 פחית 125 גרם,תה ויסוצקי (ישראל) בעמ,,תה 74 125 גרם,גרמים,125.00,100 גרם,false,,12.80,10.2400,true,1,129492
7290000345215,false,תה כחול קלאסיק ויסוצקי 100 יחידות,תה ויסוצקי (ישראל) בעמ,,תה ויסוצקי קלאסיק 10,Unknown,100.00,יחידה,false,,23.00,0.2300,true,1,129497
7290000345260,false,תה קלאסיק מעטפות ויסוצקי 25 יחידות,תה ויסוצקי (ישראל) בעמ,,תה ויסוצקי קלאסיק 1,Unknown,0.00,יחידה,false,,6.90,0.0000,true,1,129498
7290000345284,false,תה ויסוצקי קלאסי אריזה ירוקה מרובעת (100 שקיקים),תה ויסוצקי (ישראל) בעמ,,תה ויסוצקי קלאסיק 10,Unknown,100.00,יחידה,false,,20.00,0.2000,true,1,129500
7290000345291,false,תה ארל גרי 1.5/ 25 שקיקים ויסוצקי,תה ויסוצקי (ישראל) בעמ,,תה ארל גריי,Unknown,0.00,יחידה,false,,15.90,0.0000,true,1,129501
7290000345307,false,תה ארל גרי 1.5/ 50 שקיקים ויסוצקי,תה ויסוצקי (ישראל) בעמ,,תה ארל גריי 1.5/50,Unknown,0.00,יחידה,false,,27.90,0.0000,true,1,129502
7290000345536,false,תה נענע 1.5/ 25 שקיקים ויסוצקי,תה ויסוצקי (ישראל) בעמ,,תה נענע 25 שקיות 1.5,Unknown,25.00,יחידה,false,,16.90,0.6760,true,1,129503
7290000346021,false,חליטת קמומיל הגן הקסום ויסוצקי 50 יחידות,תה ויסוצקי (ישראל) בעמ,,תה קמומיל 50 שקיקים,Unknown,0.00,יחידה,false,,34.90,0.0000,true,1,129508
7290000346120,false,חליטת קינמון הגן הקסום ויסוצקי 25 יחידות,תה ויסוצקי (ישראל) בעמ,,קסם הקנמון 25 שקיקים,Unknown,0.00,יחידה,false,,17.90,0.0000,true,1,129509
7290000346137,false,חליטת הילולי פירות הגן הקסום ויסוצקי 25 יחידות,תה ויסוצקי (ישראל) בעמ,,הילולי פירות 25 שקיק,Unknown,0.00,יחידה,false,,17.90,0.0000,true,1,129510
7290000346144,false,הגן הקסום תה עינוגי התפוח ויסוצקי 25 יחידות,תה ויסוצקי (ישראל) בעמ,,תה עינוגי התפוח 25 ש,Unknown,25.00,יחידה,false,,17.90,0.7160,true,1,129511
7290000346199,false,חליטת פירות יער הגן הקסום ויסוצקי 25 יחידות,תה ויסוצקי (ישראל) בעמ,,תה פירות יער 25 שקיק,Unknown,0.00,יחידה,false,,17.90,0.0000,true,1,129514
7290000346205,false,חליטת קמומיל הגן הקסום ויסוצקי 25 יחידות,תה ויסוצקי (ישראל) בעמ,,תה קמומיל 25 שקיקים,Unknown,25.00,יחידה,false,,17.90,0.7160,true,1,129515
7290000346229,false,הגן הקסום תה ורד הבר והיביסקוס ויסוצקי 25 יחידות,תה ויסוצקי (ישראל) בעמ,,תה ורד הבר והיביסקוס,Unknown,25.00,יחידה,false,,17.90,0.7160,true,1,129517
7290000346960,false,תה ויסוצקי נענע 1.7 גרם 50יח',תה ויסוצקי (ישראל) בעמ,,תה נענע 50 שקיקים 1.,Unknown,0.00,יחידה,false,,34.90,0.0000,true,1,129520
7290000347738,false,תה ירוק בתוספת עלי נענע 25 שקיקים,תה ויסוצקי (ישראל) בעמ,,תה ירוק נענע 25 שק,Unknown,25.00,יחידה,false,,24.90,0.9960,true,1,129522
7290000347752,false,תה ירוק לימונית ולואיזה 25 שקיקים *1.5 ג'' ויסוצקי,תה ויסוצקי (ישראל) בעמ,,תה ירוק לימונית ולוא,Unknown,25.00,יחידה,false,,24.90,0.9960,true,1,129523
7290000355382,false,עגבניות מרוסקות בזיליקום טל 800 גרם,ויטה- פרי גליל (החדשה) בעמ,,עגבניות מרוסקות עם ב,גרמים,800.00,100 גרם,false,,7.90,0.9875,true,1,134675
7290000355405,false,עגבניות מרוסקות A2.5 ובצל טל וטרי 800 גר',ויטה- פרי גליל (החדשה) בעמ,,עג.מרוסקות +בצל 800,גרמים,800.00,100 גרם,false,,7.90,0.9875,true,1,134677
7290000355481,false,רסק עגבניות BX22 טומטו 600ג' A2,ויטה- פרי גליל (החדשה) בעמ,,רסק עגבניות 22% טומט,גרמים,580.00,100 גרם,false,,6.90,1.1897,true,1,134679
7290000355757,false,עגבניות מרוסקות טריות טל 800 גרם,ויטה- פרי גליל (החדשה) בעמ,,עגבניות מרוסקות,גרמים,800.00,100 גרם,false,,7.90,0.9875,true,1,134685
7290000357359,false,דג בורי טרי שלם,,,דג בורי טרי שלם,קילוגרמים,1.00,"ק""ג",true,,44.90,44.9000,true,1,146768
7290000363363,false,קבנוס נקניק מעושן יבש 160 גרם,תנובה מרכז שיתופי לשיווק תוצרת,,טירת צבי קבנוס מיוחד,גרמים,160.00,100 גרם,false,,16.90,10.5625,true,1,114125
7290000363899,false,נקניקיות פיקנטיות טירת צבי 400 גרם,תנובה ענף ב.ע.ד,,טירת צבי נקניקיות פי,גרמים,400.00,100 גרם,false,,14.00,3.5000,true,1,114126
7290000364131,false,סלמי פריזר כפרי טירת 400 ג' צבי,תנובה ענף ב.ע.ד,,טירת צבי נקניק פריזר,גרמים,400.00,100 גרם,false,,17.20,4.3000,true,1,114127
7290000364131,false,סלמי פריזר כפרי טירת 400 ג' צבי,תנובה ענף ב.ע.ד,,טירת צבי נקניק פריזר,גרמים,400.00,100 גרם,false,,17.20,4.3000,true,1,189652
7290000364261,false,"דקניקים, סלסולי פסטרמה כתף בקר מעושנת 120 גרם",תנובה מרכז שיתופי לשיווק תוצרת,,טירת צבי סלסולי כתף,גרמים,120.00,100 גרם,false,,15.00,12.5000,true,1,114129
7290000364285,false,דקניקים סלסולי פסטרמה הודו טירת צבי 120 גרם,תנובה מרכז שיתופי לשיווק תוצרת,,טירת צבי סלסולי פסטר,גרמים,120.00,100 גרם,false,,15.00,12.5000,true,1,114131
7290000364292,false,דקניקים סלסולי פסטרמה הודו על גחלים 1% טירת צבי 120 גרם,תנובה מרכז שיתופי לשיווק תוצרת,,טירת צבי סלסולי פסטר,גרמים,120.00,100 גרם,false,,15.00,12.5000,true,1,114132
7290000364759,false,נקניקיות וינר קרנץ טירת צבי 500 ג',הנסיך- מפעל לייצור ט,,טירת צבי נקניקיות וי,גרמים,500.00,100 גרם,false,,17.20,3.4400,true,1,114134
7290000364803,false,נקניקיות בקר אמריקאיות טירת צבי 500 גרם,הנסיך- מפעל לייצור ט,,טירת צבי נקניקיות קר,גרמים,500.00,100 גרם,false,,27.20,5.4400,true,1,114135
7290000364810,false,נקניקיות עגל 500 גרםטירת צבי,הנסיך- מפעל לייצור ט,,טירת צבי נקנקיות עגל,גרמים,500.00,100 גרם,false,,27.20,5.4400,true,1,114136
7290000364858,false,"נקניקיות עוף טרי טירת צבי 1 ק""ג",הנסיך- מפעל לייצור ט,,טירת צבי נקניקיות עו,פריט,1.00,"ק""ג",false,,30.30,30.3000,true,1,114137
7290000364872,false,נקניקיות עוף טירת צבי (400 גרם),טיב טירת צבי 2000,,טירת צבי נקניקיות עו,גרמים,400.00,100 גרם,false,,14.00,3.5000,true,1,114138
7290000364957,false,נקניקיות עוף מיני מיני טירת צבי 700 גרם,הנסיך- מפעל לייצור ט,,טירת צבי נקנקיות מינ,גרמים,700.00,100 גרם,false,,27.20,3.8857,true,1,114139
7290000367590,false,פסטרמה כפרית וסלמי פריזר כפרי טירת צבי 2*400 גרם,תנובה מרכז שיתופי לשיווק תוצרת,,טירת צבי צמד כפרי נק,גרמים,800.00,100 גרם,false,,36.90,4.6125,true,1,114142
7290000367590,false,פסטרמה כפרית וסלמי פריזר כפרי טירת צבי 2*400 גרם,תנובה מרכז שיתופי לשיווק תוצרת,,טירת צבי צמד כפרי נק,גרמים,800.00,100 גרם,false,,36.90,4.6125,true,1,189653
7290000369037,false,קוביות בולגרית מתובלות 200 גר,גבינות אמיר ניצן בעמ,,סלט קוביות בולגרית 2,גרמים,200.00,100 גרם,false,,16.90,8.4500,true,1,182855
7290000369341,false,לבנה אבו גוש ירוק15%משקל,גבינות אמיר ניצן בעמ,,לבנה אבו גוש,קילוגרמים,1.00,"ק""ג",true,,55.00,55.0000,true,1,181989
7290000369365,false,מעדן גבינה בולגרית עם חציל 9% ניצן 200 גרם,גבינות אמיר ניצן בעמ,,חציל ערוני 200גרם,גרמים,200.00,100 גרם,false,,12.90,6.4500,true,1,146722
7290000369617,false,מעדן כדורי פטה בשמן מתובל ניצן 230 גרם,גבינות אמיר ניצן בעמ,,כדורי מעדן גבינה 150,גרמים,150.00,100 גרם,false,,17.90,11.9333,true,1,146723
7290000369709,false,חמאה עירונית בתוספת ריחן ושום טרי גבינות ניצן 100 גרם,גבינות אמיר ניצן בעמ,,מעדן חמאה 100גרם,Unknown,0.00,יחידה,false,,12.90,0.0000,true,1,146724
7290000377209,false,בוטנים מטוגנים קליית גת (200 גרם),ליימן שליסל בעמ,,בוטנים מטוגן 200 גרם,גרמים,200.00,100 גרם,false,,7.90,3.9500,true,1,121004
7290000377452,false,גרעיני אבטיח קלויים ומלוחים קלית גת 200,הדקלאים אגודת שיתופי,,גרעיני אבטיח 200 גרם,גרמים,200.00,100 גרם,false,,12.00,6.0000,true,1,121006
7290000399010,false,משטח עץ,,,משטח,Unknown,0.00,יחידה,false,,30.00,0.0000,true,1,124673
7290000400390,false,פיצה אישית,,,פיצה אישית,Unknown,0.00,יחידה,false,,24.90,0.0000,true,1,156071
7290000400391,false,פיצה משפחתית,,,פיצה משפחתית,Unknown,0.00,יחידה,false,,45.00,0.0000,true,1,156072
7290000400392,false,אספרסו רגיל,,,אספרסו רגיל,Unknown,0.00,יחידה,false,,4.00,0.0000,true,1,144089
7290000400393,false,קפה הפוך,,,קפה הפוך,Unknown,0.00,יחידה,false,,6.90,0.0000,true,1,144090
7290000400394,false,בריסקט עגל חצוי,,,אספרסו כפול,Unknown,0.00,יחידה,false,,6.00,0.0000,true,1,144091
7290000400395,false,שוקו חם,,,שוקו חם,Unknown,0.00,יחידה,false,,7.00,0.0000,true,1,144092
7290000400396,false,תה חם,,,תה חם,Unknown,0.00,יחידה,false,,6.00,0.0000,true,1,144093
7290000400398,false,קפה נמס,,,קפה נמס,Unknown,0.00,יחידה,false,,6.90,0.0000,true,1,144095
7290000400402,false,אייס קפה גדול,,,אייס קפה גדול,Unknown,0.00,יחידה,false,,10.00,0.0000,true,1,144097
7290000400404,false,אייס קפה רגיל,,,אייס קפה רגיל,Unknown,0.00,יחידה,false,,6.00,0.0000,true,1,144098
7290000400406,false,ברד תות שדה רגיל,,,ברד תות שדה רגיל,Unknown,0.00,יחידה,false,,5.00,0.0000,true,1,144100
7290000400455,false,פילה מדומה לצלי טרי,,,קפה הפוך גדול,Unknown,0.00,יחידה,false,,10.00,0.0000,true,1,182115
7290000400457,false,שוקו חם גדול,,,שוקו חם גדול,Unknown,0.00,יחידה,false,,10.00,0.0000,true,1,182117
7290000400459,false,קפה שחור גדול,,,קפה שחור גדול,Unknown,0.00,יחידה,false,,10.00,0.0000,true,1,182119
7290000400460,false,קפה נמס גדול,,,קפה נמס גדול,Unknown,0.00,יחידה,false,,10.00,0.0000,true,1,182120
7290000400613,false,גזר סחוט,,,גזר סחוט,Unknown,0.00,יחידה,false,,9.90,0.0000,true,1,182176
7290000400614,false,לחמניית נקניקיה,,,לחמניית נקניקיה,Unknown,0.00,יחידה,false,,6.00,0.0000,true,1,182177
7290000400615,false,לחמניית נקניקיה וסלט,,,לחמניית נקניקיה וסלט,Unknown,0.00,יחידה,false,,8.00,0.0000,true,1,182919
7290000400616,false,נקניקיה גדולה בלחמני,,,נקניקיה גדולה בלחמני,Unknown,0.00,יחידה,false,,15.00,0.0000,true,1,191831
7290000400717,false,תערובת סטייק מונטריא,,,תערובת סטייק מונטריא,קילוגרמים,1.00,"ק""ג",true,,80.00,80.0000,true,1,131945
7290000403450,false,סיימן גבינה מנצ`גו ב,,,מנצגו בשלה,קילוגרמים,1.00,"ק""ג",true,,150.00,150.0000,true,1,122523
7290000404021,false,ביצה קשה,,,ביצה קשה,Unknown,0.00,יחידה,false,,2.00,0.0000,true,1,144103
7290000404022,false,טוסט גבינה צהובה,,,טוסט גבינה צהובה,Unknown,0.00,יחידה,false,,14.90,0.0000,true,1,144104
7290000405530,false,חזה 33 חלק צרכני קרס,,,חזה 33 חלק צרכני קרס,קילוגרמים,1.00,"ק""ג",true,,26.00,26.0000,true,1,136667
7290000405554,false,כתף 44 חלק צרכני קרס,,,כתף 44 חלק צרכני קרס,קילוגרמים,1.00,"ק""ג",true,,29.90,29.9000,true,1,136668
7290000407011,false,חלווה וניל קלאסית,,,חלווה וניל קלאסית,קילוגרמים,1.00,"ק""ג",true,,40.00,40.0000,true,1,130825
7290000407080,false,חלווה קקאו,,,חלווה קקאו,קילוגרמים,1.00,"ק""ג",true,,50.00,50.0000,true,1,130829
7290000408316,false,יוגורט דנונה דל לקטוז 200 גרם,שטראוס גרופ בעמ/מצונן,,דנונה טבעי 3% 200 גר,גרמים,200.00,100 גרם,false,,3.50,1.7500,true,1,139806
7290000408354,false,יוגורט עם אורז מצופה שוקולד קקאו 175 ג' דנונה,שטראוס גרופ בעמ/מצונן,,דנונה בר פיצפוצים 17,מיליליטרים,175.00,"100 מ""ל",false,,4.50,2.5714,true,1,139807
7290000408437,false,גאודה עזים כמהין,,,גאודה עזים כמהין,קילוגרמים,1.00,"ק""ג",true,,200.00,200.0000,true,1,146809
7290000408695,false,"פילה דג בסה 1 ק""ג",,,"פילה דג בסה 1 ק""ג",קילוגרמים,1.00,"ק""ג",true,,29.90,29.9000,true,1,198603
7290000410010,false,מעדני הטלה שניצל עגל,,,מעדני הטלה שניצל עגל,קילוגרמים,1.00,"ק""ג",true,,59.90,59.9000,true,1,122526
7290000412481,false,נוזל לניקוי אסלות 00 סנו (1 ליטר),החברה הדרומית לשיווק בעמ,,סנו מנקה אסלות 1 ליט,קילוגרמים,1.00,ליטר,false,,7.90,7.9000,true,1,117190
7290000412764,false,"פזטוקס קוטל חרקים סנו 630 מ""ל",החברה הדרומית לשיווק בעמ,,פזטוקס מעופפים,מיליליטרים,630.00,"100 מ""ל",false,,19.90,3.1587,true,1,117191
7290000416021,false,ממרח בטעם שוקולד השחר העולה (500 גרם),השחר העולה תעשית ממתקים בעמ,,ממרח שחר 500 גרם,גרמים,500.00,100 גרם,false,,13.90,2.7800,true,1,118296
7290000416045,false,ממרח בטעם שוקולד השחר העולה (1 קג),השחר העולה תעשית ממתקים בעמ,,"ממרח שחר 1 ק""ג",גרמים,1000.00,100 גרם,false,,24.90,2.4900,true,1,118297
7290000416076,false,"צימקאו לאפייה וציפוי השחר 400 גרם כשל""פ",השחר העולה תעשית ממתקים בעמ,,השחר שוקולד צימקאו ל,גרמים,400.00,100 גרם,false,,12.90,3.2250,true,1,118298
7290000416618,false,"ממרח שוקולד פרווה השחר 400 גרם כשל""פ",השחר העולה תעשית ממתקים בעמ,,"ממרח שוקולד בד""צ 400",גרמים,400.00,100 גרם,false,,12.90,3.2250,true,1,118302
7290000416632,false,"ממרח שוקולד פרווה השחר 1 ק""ג כשל""פ",השחר העולה תעשית ממתקים בעמ,,"ממרח פרווה השחר 1ק""ג",פריט,1.00,"ק""ג",false,,24.90,24.9000,true,1,118303
7290000416809,false,ממרח חצי חצי נוגט אגוזים וקרם חלב השחר 350ג',השחר העולה תעשית ממתקים בעמ,,חצי חצי קרם מובחר למ,גרמים,350.00,100 גרם,false,,12.90,3.6857,true,1,118304
7290000416878,false,אבקת קקאו השחר העולה (500 גרם),השחר העולה תעשית ממתקים בעמ,,השחר קקאו 500 גרם,גרמים,500.00,100 גרם,false,,24.90,4.9800,true,1,118305
7290000416922,false,השחר ממרח חלב 350 גרם,השחר העולה תעשית ממתקים בעמ,,ממרח חלב 350 גרם,גרמים,350.00,100 גרם,false,,12.90,3.6857,true,1,118307
7290000420325,false,"פופסטאר פופקורן למקירוגל בטעם טבעי 5 שקיות,500 גרם",פרסטון פארמס,,פופ קורן טבעי למיקרו,גרמים,600.00,100 גרם,false,,17.00,2.8333,true,1,138053
7290000420332,false,פופסטאר פופקורן למיקרוגל בטעם חמאה 5 יחידות 500 גרם,פרסטון פארמס,,פופ קורן חמאה למיקרו,Unknown,5.00,יחידה,false,,17.00,3.4000,true,1,138054
7290000430102,false,קוביות קרח בשקית מיסטר אייס 2 קילו,אייס קיובס בעמ מיסטר אייס,,"שקית קרח 2ק""ג",Unknown,0.00,יחידה,false,,9.90,0.0000,true,1,141540
7290000442013,false,"פמינה - שטיפה אינטימית לנערות 220 מ""ל",פמינה,,"פמינה יאנג 220 מ""ל",מיליליטרים,330.00,"100 מ""ל",false,,22.90,6.9394,true,1,133362
7290000442044,false,פמינה תחליב רחצה אינטימי חמוציות 220 מל,גורי ע.ע.ע. בע`מ,,פמינה שטיפה אינטימית,Unknown,220.00,יחידה,false,,22.90,0.1041,true,1,133363
7290000442587,false,"קרם רב שימושי תוספת 33% גינקו 220 מ""ל.",כ.צ.ט,,גינקו קרם רב שימושי,גרמים,220.00,100 גרם,false,,21.90,9.9545,true,1,111160
7290000446523,false,ממרח בוטנים מתוק בטר אנד דיפרנט 350 גרם,בטר אנד דיפרנט בעמ,,חמאת בוטנים מתוקה 35,גרמים,350.00,100 גרם,false,,13.90,3.9714,true,1,156529
7290000446943,false,פריכיות אורז כוסמת 100ג' בי&די,בטר אנד דיפרנט בעמ,,פריכיות כוסמת,Unknown,0.00,יחידה,false,,4.90,0.0000,true,1,156589
7290000449128,false,סיף פנטסטיק לימון ניקוי רב תכליתי 4ל',יוניליוור ישראל שיווק בע`מ,,סיף נ.כללי לימון 4 ל,קילוגרמים,4.00,ליטר,false,,21.90,5.4750,true,1,119512
7290000453019,false,שמרים טריים לאפייה שקית שמרית 50 ג',שטראוס גרופ בעמ/מצונן,,שמרית בשקית 50 גרם,גרמים,50.00,100 גרם,false,,4.50,9.0000,true,1,139808
7290000453125,false,שמרית שמרים טריים לאפיה +משפר אפיה 100ג,שטראוס גרופ בעמ/מצונן,,שמרית + משפר אפיה 10,גרמים,100.00,100 גרם,false,,7.60,7.6000,true,1,139809
7290000453200,false,בלילה להכנת פנקייק עם רכיבים ביתיים,שטראוס גרופ בעמ/מצונן,,שמרית בלילה לפנקייק,גרמים,750.00,100 גרם,false,,21.90,2.9200,true,1,185366
7290000453408,false,בצק פיצה דק מצונן ומוכן לאפייה שמרית 415 גרם,שטראוס גרופ בעמ/מצונן,,בצק פיצה דק מצונן ומ,גרמים,415.00,100 גרם,false,,16.90,4.0723,true,1,139810
7290000453415,false,בצק עלים מצונן ומוכן לאפייה שמרית 300 גרם,שטראוס גרופ בעמ/מצונן,,בצק עלים מצונן מוכן,גרמים,300.00,100 גרם,false,,14.90,4.9667,true,1,139811
7290000453422,false,בצק פילו מצונן ומוכן לאפייה שמרית 300 גרם,שטראוס גרופ בעמ/מצונן,,בצק פילו מוכן לאפייה,גרמים,300.00,100 גרם,false,,14.90,4.9667,true,1,139812
7290000453446,false,פיצה קראסט בצק שמרים מצונן להכנת פיצה ופוקצ'ה,שטראוס גרופ בעמ/מצונן,,בצק להכנת פיצה קראסט,גרמים,500.00,100 גרם,false,,19.90,3.9800,true,1,195761
7290000453484,false,בצק קדאיף לאפייה שמרית 350 גרם,שטראוס גרופ בעמ/מצונן,,בצק קדאיף 350 גרם,גרמים,350.00,100 גרם,false,,15.90,4.5429,true,1,198380
7290000453798,false,שמרית שמרים יבשים אקטיביים 500 גר',"גי' בי' רכיבים בע""מ",,שמרית שמרים יבשים אק,גרמים,500.00,100 גרם,false,,14.90,2.9800,true,1,132136
7290000453880,false,מרגרינה ללא מלח לאפיה ובישול שמרית 200גר,שטראוס גרופ בעמ (ח),,מרגרינה ללא מלח לאפי,גרמים,200.00,100 גרם,false,,4.90,2.4500,true,1,139816
7290000453897,false,מרגרינה בטעם חמאה שמרית 200 גרם,גרונבאנג- גרונדנסק א,,מרגרינה בטעם חמאה 20,גרמים,200.00,100 גרם,false,,4.90,2.4500,true,1,139817
7290000461047,false,סיימן ברי לה רוסטיק,,,ברי לרוסטיק,קילוגרמים,1.00,"ק""ג",true,,180.00,180.0000,true,1,122532
7290000461625,false,בייגלה שמיניות מלח בייגל בייגל 400 ג',יוניליוור ישראל שיווק בע`מ,,בייגל בייגלה שמיניות,גרמים,400.00,100 גרם,false,,9.90,2.4750,true,1,119513
7290000461656,false,בייגלה מקלות מלוחים בייגל בייגל 400 גרם,יוניליוור ישראל שיווק בע`מ,,בייגל בייגלה מקלות 4,גרמים,400.00,100 גרם,false,,9.90,2.4750,true,1,119514
7290000461700,false,בייגלה שמיניות גדולות מלוחות 400 גרם,יוניליוור ישראל שיווק בע`מ,,בייגלה גדול גדול 400,גרמים,400.00,100 גרם,false,,14.00,3.5000,true,1,119515
7290000461724,false,בייגלה שמיניות גדולות שומשום בייגל בייגל,"יוניליוור ישראל שיווק בע""מ",,ביגלה גדול גדול שומש,גרמים,400.00,100 גרם,false,,14.00,3.5000,true,1,119516
7290000461793,false,בייגלה ארוך ארוך סידרה ירוקה בייגל בייגל 150 גרם,יוניליוור ישראל שיווק בע`מ,,בייגלה ארוך ארוך סיד,גרמים,150.00,100 גרם,false,,6.00,4.0000,true,1,119517
7290000462103,false,סחוג תימני אדום חריף עדין זהבי הכרם 150 גרם,שטראוס גרופ בעמ/מצונן,,סחוג אדום חריף עדין,גרמים,150.00,100 גרם,false,,7.90,5.2667,true,1,139818
7290000462141,false,סחוג אדום תימני מקורי חריף מאוד זהבי 150 גרם,שטראוס גרופ בעמ/מצונן,,סחוג אדום חריף מאוד,גרמים,150.00,100 גרם,false,,7.90,5.2667,true,1,139819
7290000462172,false,סחוג זחוק ירוק תימני חריף זהבי (150 גרם),שטראוס גרופ בעמ/מצונן,,סחוג ירוק חריף מאוד,גרמים,150.00,100 גרם,false,,7.90,5.2667,true,1,139821
7290000462310,false,סיימן סנט מור במשקל.,,,סנט מור,קילוגרמים,1.00,"ק""ג",true,,190.00,190.0000,true,1,174187
7290000467153,false,מלך החומוס סמיר הגדול 400 גרם צבר,קבוצת אוסם סחר שותפות מוגבלת,,צבר חומוס סמיר הגדול,גרמים,400.00,100 גרם,false,,15.90,3.9750,true,1,126690
7290000467320,false,מלך החומוס אבו מרוואן 400 גרם,קבוצת אוסם סחר שותפות מוגבלת,,צבר חומוס אבו מרוואן,גרמים,400.00,100 גרם,false,,15.90,3.9750,true,1,126695
7290000469500,false,שריר הזרוע מס. 8,,,שריר הזרוע מס. 8,קילוגרמים,1.00,"ק""ג",true,,28.90,28.9000,true,1,122236
7290000469638,false,"ספריי לגיהוץ קל מריטו 500 מ""ל",בולטון מניטובה,,מריטו ספריי גיהוץ 50,מיליליטרים,500.00,"100 מ""ל",false,,19.90,3.9800,true,1,128118
7290000470801,false,חלומי תנובה,,,חלומי תנובה,קילוגרמים,1.00,"ק""ג",true,,100.00,100.0000,true,1,182531
7290000474090,false,"חלב בקרטון 1%- 1 ליטר בד""צ - מוצר בפיקוח",החברה המרכזית טלהפצת משקאות בע,,טרה חלב בקרטון 1% 1ל,קילוגרמים,1.00,ליטר,false,,5.86,5.8600,true,1,117792
7290000474373,false,"שמנת חמוצה 15% שומן 200 מ""ל טרה",החברה המרכזית טלהפצת משקאות בע,,טרה שמנת חמוצה 15% 2,מיליליטרים,200.00,"100 מ""ל",false,,2.40,1.2000,true,1,117794
7290000474502,false,גבינה לבנה טרה 5% מרכיבים טבעיים,החברה המרכזית טלהפצת משקאות בע,,טרה גבינה לבנה 5% 25,גרמים,250.00,100 גרם,false,,4.98,1.9920,true,1,117796
7290000474540,false,טוב טעם גבינה לבנה 3% טרה 250 גרם,החברה המרכזית טלהפצת משקאות בע,,טוב טעם גבינה 3% 250,גרמים,250.00,100 גרם,false,,11.90,4.7600,true,1,117797
7290000474830,false,נעם גבינה צהובה מגורדת 28% טרה 500 גרם,החברה המרכזית טלהפצת משקאות בע,,נעם גבינה צהובה מגור,גרמים,500.00,100 גרם,false,,34.90,6.9800,true,1,117798
7290000480107,false,קוואקר שיבולת שועל פחית 500 גרם,שטראוס פריטו ליי בעמ,,קוואקר שיבולת שועל פ,גרמים,500.00,100 גרם,false,,11.90,2.3800,true,1,132913
7290000480349,false,גד גאודה עיזים משולש,,,גד גאודה עיזים משולש,קילוגרמים,1.00,"ק""ג",true,,150.00,150.0000,true,1,195990
7290000480363,false,קאשקבל גלגל גד 26% ב,,,גד קשקבל גלגל,קילוגרמים,1.00,"ק""ג",true,,139.00,139.0000,true,1,195991
7290000480442,false,קוואקר שיבולת שועל בשקית 500 גרם,שטראוס פריטו ליי בע`מ,,קואקר שבולת שועל 500,גרמים,500.00,100 גרם,false,,11.90,2.3800,true,1,132914
7290000485382,false,עוף טבעי בשקית,,,עוף טבעי בשקית,קילוגרמים,1.00,"ק""ג",true,,30.00,30.0000,true,1,135227
7290000485429,false,פרגית טבעי במגש,,,פרגית טבעי במגש,קילוגרמים,1.00,"ק""ג",true,,74.90,74.9000,true,1,135228
7290000485443,false,שוקיים טבעי במגש,,,שוקיים טבעי במגש,קילוגרמים,1.00,"ק""ג",true,,50.00,50.0000,true,1,135229
7290000485467,false,כנפיים טבעי במגש,,,כנפיים טבעי במגש,קילוגרמים,1.00,"ק""ג",true,,17.00,17.0000,true,1,135230
7290000490458,false,גלידה רורים קרטון 2,,,גלידה רורים קרטון 2,קילוגרמים,2.00,ליטר,false,,29.90,14.9500,true,1,131740
7290000493003,false,ע.ורד הצלע חלק מיושן,,,ע.ורד הצלע חלק מיושן,קילוגרמים,1.00,"ק""ג",true,,100.00,100.0000,true,1,136670
7290000493176,false,אסם אבקת רוטב צלי לבשר 22 ג',קבוצת אוסם סחר שותפות מוגבלת,,רוטב צלי בשר 22 גרם,Unknown,0.00,יחידה,false,,4.90,0.0000,true,1,126700
7290000493183,false,אבקת רוטב פטריות לבשר-30 גרם,קבוצת אוסם סחר שותפות מוגבלת,,רוטב פיטריות 30גר,Unknown,0.00,יחידה,false,,4.90,0.0000,true,1,126701
7290000493775,false,סינטה חלק מיושן פולי,,,סינטה חלק מיושן פולי,קילוגרמים,1.00,"ק""ג",true,,80.00,80.0000,true,1,136672
7290000500661,false,מיניבאדי קלאסי,,,מיניבאדי קלאסי,קילוגרמים,1.00,"ק""ג",true,,49.90,49.9000,true,1,199019
7290000500685,false,מיניבאדי פיצה,,,מיניבאדי פיצה,קילוגרמים,1.00,"ק""ג",true,,49.90,49.9000,true,1,199021
7290000500692,false,מיניבאדי בצל,,,מיניבאדי בצל,קילוגרמים,1.00,"ק""ג",true,,49.90,49.9000,true,1,199022
7290000500995,false,ישרקו מאסדם הולנדי,,,ישרקו מאסדם הולנדי,קילוגרמים,1.00,"ק""ג",true,,80.00,80.0000,true,1,137054
7290000504025,false,ממתיק סוכרזית פטרייה עלית 300 גרם,אף.סי תבליני בגליל ב,,סוכרזית פטריה,גרמים,246.00,100 גרם,false,,9.90,4.0244,true,1,132143
7290000504278,false,ממתיק סוכרזית אריזת פטנט 700 טבליות,אף.סי תבליני בגליל ב,,סוכרזית פטנט 700,Unknown,700.00,יחידה,false,,13.90,0.0199,true,1,132147
7290000507390,false,גבינה בולגרית 16%,,,גבינה בולגרית 16%,קילוגרמים,1.00,"ק""ג",true,,99.00,99.0000,true,1,122535
7290000518169,false,ממתיק מתוק וקל 1000 טבליות,מתוק וקל בע`מ,,מתוק וקל 1000 טבליות,Unknown,1000.00,יחידה,false,,8.90,0.0089,true,1,148596
7290000518176,false,מתוק וקל 250 שקיות 250 גרם,מתוק וקל בע`מ,,מתוק וקל ענק 250 שקי,גרמים,250.00,100 גרם,false,,17.90,7.1600,true,1,148597
7290000518220,false,ממתיק סוכרה דיאט 100 יחידות,מתוק וקל בעמ,,סוכרה דיאט 100 שקית,Unknown,0.00,יחידה,false,,26.90,0.0000,true,1,148599
7290000518336,false,ממתק צמר גפן מתוק מסיבים תזונתיים,מתוק וקל בעמ,,MOOOSH צמר גפן מתוק,Unknown,0.00,יחידה,false,,4.90,0.0000,true,1,183534
7290000522166,false,חלב הרים טהור-עמיד- נטול לקטוז 1 לי 3%,"מחלבות רמת הגולן בע""",,חלב הרים טהור נטול ל,קילוגרמים,1.00,ליטר,false,,11.50,11.5000,true,1,172695
7290000522180,false,שוקו חלב הרים טהור 2,,,חלב הרים טהור שוקו 2,מיליליטרים,250.00,"100 מ""ל",false,,4.90,1.9600,true,1,129834
7290000522272,false,"שמנת לקפה רמת הגולן 10% 500 מ""ל עמידה",מחלבות רמת הגולן,,חלב הרים שמנת לקפה 1,מיליליטרים,500.00,"100 מ""ל",false,,9.90,1.9800,true,1,129836
7290000522319,false,חלב טרי מהגולן 3% 1 ליטר,מחלבות רמת הגולן,,חלב טרי מהגולן 3% 1,Unknown,0.00,יחידה,false,,6.23,0.0000,true,1,187616
7290000523125,false,מלח הארץ הים האדום 250 ג' עדין,"חברת מלח הארץ אילת בע""\מ",,מלח הארץ ים יבש 250,גרמים,250.00,100 גרם,false,,5.90,2.3600,true,1,129525
7290000523224,false,מלח הארץ הים האדום 500 ג' עדין,"חברת מלח הארץ אילת בע""\מ",,מלח הארץ ים יבש 500,גרמים,500.00,100 גרם,false,,7.90,1.5800,true,1,129526
7290000523514,false,מלח ים יבש מופחת נתרן מלח הארץ (250 גרם),"חברת מלח הארץ אילת בע""\מ",,מלח הארץ 50% מכמות ה,גרמים,250.00,100 גרם,false,,9.90,3.9600,true,1,129527
7290000523521,false,מלח ים מלח הארץ 250 גרם מועשר ביוד,חברת מלח הארץ אילת ב,,מלח הארץ מעושר ביוד,גרמים,250.00,100 גרם,false,,5.90,2.3600,true,1,129528
7290000523804,false,"מלח עדין צנצנת 1 ק""ג מלח הארץ","חברת מלח הארץ אילת בע""\מ",,"מלח עדין 1 ק""ג צנצנת",פריט,1.00,"ק""ג",false,,6.90,6.9000,true,1,129529
7290000523811,false,"צנצנת מלח גס 1 ק""ג מלח הארץ","חברת מלח הארץ אילת בע""\מ",,"צנצנת 1 ק""ג מלח גס",פריט,1.00,"ק""ג",false,,6.90,6.9000,true,1,129530
7290000525969,false,מיץ תפוזים סחוט רכיבים טבעיים פרימור 1 ליטר,שטראוס גרופ בעמ/מצונן,,פרימור מיץ תפוזים 1ל,מיליליטרים,1000.00,"100 מ""ל",false,,16.90,1.6900,true,1,139825
7290000530024,false,נקניק תה מעושן רחב במשקל,נקניק זוגלובק נהריה,,תה מעושן רחב זוגלובק,קילוגרמים,1.00,"ק""ג",true,,50.00,50.0000,true,1,147028
7290000530086,false,נקניק סלמי מעושן 7000 זוגלובק (600 גרם),נקניק נהריה כשר זוגל,,סלמי מעושן 7000 600,גרמים,610.00,100 גרם,false,,29.90,4.9016,true,1,147029
7290000530109,false,קבנוס זוגי בואקום זוגלובק 180ג',נקניק נהריה כשר זוגל,,זוג קבנוס 180 גר' א.,גרמים,360.00,100 גרם,false,,29.90,8.3056,true,1,147030
7290000530116,false,נקניק סלמי מעושן בשן 470 ג' זוגלובק,נקניק נהריה כשר זוגל,,סלמי בשן 470 גר' א.מ,גרמים,485.00,100 גרם,false,,25.90,5.3402,true,1,147031
7290000530291,false,נקניק מבשר הודו קטן זוגלובק 750 גרם,נקניק נהריה כשר זוגל,,נקניק מבשר הודו קטן,גרמים,800.00,100 גרם,false,,19.90,2.4875,true,1,147032
7290000530598,false,נקניקיות עוף וינר זוגלובק 500 גרם,נקניק נהריה כשר זוגל,,נקניקיות וינר 500 גר,גרמים,500.00,100 גרם,false,,13.90,2.7800,true,1,147034
7290000530703,false,פסטרמה חרמון כפרית ונקניק תה מעושן זוגלובק 2*400 גרם,נקניק נהריה כשר זוגל,,ח.עוף והודו 400 גר+ס,גרמים,800.00,100 גרם,false,,25.90,3.2375,true,1,147036
7290000531601,false,סטייק בורגר בקר זהב 400 גרם קפוא,נקניק נהריה כשר זוגל,,סטייקבורגר זהב 400 ג,גרמים,400.00,100 גרם,false,,19.90,4.9750,true,1,147038
7290000531977,false,בורקס במילוי גבינה זוגלובק 800 גרם,נקניק נהריה כשר זוגל,,בורקס גבינה 800 גר',גרמים,800.00,100 גרם,false,,16.90,2.1125,true,1,147039
7290000532479,false,"נקנקיות חריפות 1 ק""ג זוגלובק",זוגלובק שיווק בעמ,,נקניקיות חריפות מצונ,Unknown,1.00,יחידה,false,,25.90,25.9000,true,1,147041
7290000533336,false,גראנד 1/8 סגנון פרמז,,,גראנד 1/8 סגנון פרמז,קילוגרמים,1.00,"ק""ג",true,,95.00,95.0000,true,1,198209
7290000533353,false,"בצק עלים צרפתי 1 ק""ג זוגלובק",מאפיית אריאל וגידרון,,בצק עלים 1 קג מ.א. ז,Unknown,1.00,יחידה,false,,16.90,16.9000,true,1,147042
7290000536743,false,שניצלונים קריספי ט. תירס 500 גר' זוגלובק,נקניק נהריה כשר זוגל,,קריספי סטיקס תירס 50,גרמים,500.00,100 גרם,false,,14.90,2.9800,true,1,147045
7290000537566,false,נקניקיות עוף טרי 400 ג' זוגלובק,נקניק נהריה כשר זוגל,,נקניקיות עוף 400 גר',גרמים,400.00,100 גרם,false,,13.90,3.4750,true,1,147050
7290000538105,false,נקניק סלמי סרוולד 200 ג' זוגלובק,נקניק נהריה כשר זוגל,,סרבלד 200 א.מ. זוגלו,גרמים,200.00,100 גרם,false,,38.90,19.4500,true,1,147052
7290000538709,false,נקניק סלמי תה מעושן זוגלובק 200 גרם,נקניק זוגלובק נהריה,,זוגלובק תה מעושן,גרמים,200.00,100 גרם,false,,14.90,7.4500,true,1,147054
7290000551012,false,אקס אל משקה אנרגיה 2,,,אקס אל משקה אנרגיה 2,Unknown,0.00,יחידה,false,,6.00,0.0000,true,1,144109
7290000552569,false,סטייקבורגר בקר טיבון ויל 400 גרם,"טיבון ויל אחזקות בע""\מ",,סטייק בורגר 400 גרם,גרמים,400.00,100 גרם,false,,20.90,5.2250,true,1,122660
7290000553948,false,משקה פרישר בטעם תפוח,,,משקה פרישר בטעם תפוח,Unknown,0.00,יחידה,false,,6.00,0.0000,true,1,144111
7290000554402,false,מעדן חלב מלבי גד (160 גרם),מחלבות גד שיווק 1992 בעמ,,גד- מלבי 5%,Unknown,160.00,יחידה,false,,5.90,0.0369,true,1,146612
7290000554457,false,גבינה צפתית 5% 350 גרם - רבנות,מחלבות גד שיווק 1992 בעמ,,גד צפתית מיני 5% 350,גרמים,350.00,100 גרם,false,,19.90,5.6857,true,1,146613
7290000554471,false,נקניק מוצרלה 22 אחוז 180גרם גד מהדרין,מחלבות גד שיווק 1992 בעמ,,גד מוצרלה נקניק טבעי,גרמים,180.00,100 גרם,false,,15.90,8.8333,true,1,146614
7290000554532,false,גבינה צפתית מעודנת במלח ים 5% 200 ג' גד,מחלבות גד שיווק 1992 בעמ,,גד צפתית מעודנת במלח,גרמים,200.00,100 גרם,false,,13.90,6.9500,true,1,146615
7290000554600,false,מוצרלה מגורדת 22 אחוז 300גרם גד מהדרין,מחלבות גד שיווק 1992 בעמ,,גד מוצרלה מגורדת %18,גרמים,300.00,100 גרם,false,,23.90,7.9667,true,1,146616
7290000554624,false,ירח מתוק מעדן חלב עם אורז 3% גד 150 גרם,מחלבות גד שיווק 1992 בעמ,,גד ירח מתוק 150מל,מיליליטרים,150.00,"100 מ""ל",false,,5.90,3.9333,true,1,146617
7290000554686,false,גבינת לאבנה בתוספת שמן זית וזעתר 5% גד 250 גרם,מחלבות גד שיווק 1992 בעמ,,גד לאבנה בשמן זית וז,גרמים,250.00,100 גרם,false,,14.90,5.9600,true,1,146618
7290000554822,false,ריקוטה גבינה לבנה בסגנון איטלקי 5% גד 250 גרם,מחלבות גד שיווק 1992 בעמ,,גד ריקוטה טבעי 5% 25,גרמים,250.00,100 גרם,false,,13.00,5.2000,true,1,146619
7290000554839,false,מסקרפונה שמנת מתוקה קשה בסגנון איטלקי 40% גד 250 גרם,מחלבות גד שיווק 1992 בעמ,,גד מסקרפונה 43% 250,גרמים,250.00,100 גרם,false,,20.20,8.0800,true,1,146620
7290000560533,false,אדג`פרו ג`ל לגילוח רגיל ירוק 220 מל,אס.סי ג'ונסון ובניו,,אדג' ג'ל ירוק לעור ר,גרמים,200.00,100 גרם,false,,16.90,8.4500,true,1,111240
7290000560540,false,אדג`פרו ג`ל לגילוח עור רגיש כתום220,המאפיה של הרמן,,אדג' ג'ל כתום לעור ר,מיליליטרים,200.00,"100 מ""ל",false,,16.90,8.4500,true,1,111241
7290000567142,false,סלמי תה מפולפל יחיעם,,,סלמי תה מפולפל יחיעם,קילוגרמים,1.00,"ק""ג",true,,55.00,55.0000,true,1,121796
7290000571294,false,גבינת גאודה מעושנת ב,מחלבה בית יצחק,,גאודה מעושנת במשקל ה,קילוגרמים,1.00,"ק""ג",true,,120.00,120.0000,true,1,130133
7290000571386,false,המחלבה יוגורמה יוגורט מחלב כבשים 5% 850 גרם,גבינות משק אחים מאיר בית,,יוגורט כבשים 850 גרם,מיליליטרים,850.00,"100 מ""ל",false,,24.90,2.9294,true,1,130260
7290000571478,false,גבינת עיזים תום פרוסה המחלבה (200 גרם),גבינות משק אחים מאיר בית,,גבינת תום עיזים פרוס,גרמים,150.00,100 גרם,false,,36.90,24.6000,true,1,130262
7290000572055,false,אחוה חלוה ללא סוכר עם סיבים ואגוזים 400 גרם,אחדות ביחר לטחינה חל,,חלוה לייט 400 גרם,גרמים,400.00,100 גרם,false,,14.90,3.7250,true,1,137599
7290000572208,false,חלוה בטעם וניל אחווה 100 גרם,שוורצקוף& הנקל דיסלד,,חלווה אחווה 100 גרם,גרמים,100.00,100 גרם,false,,2.90,2.9000,true,1,137602
7290000572628,false,חלבה חטיף לייט 25 ג* 11יח קופ`שי אחוה,שוורצקוף& הנקל דיסלד,,"חטיף חלווה לייט לל""ס",גרמים,300.00,100 גרם,false,,12.90,4.3000,true,1,137608
7290000572673,false,חלבה וניל קקאו ואגוזים אחוה (25x12 גרם),שוורצקוף& הנקל דיסלד,,אחווה חטיף חלווה ט.ש,גרמים,275.00,100 גרם,false,,12.90,4.6909,true,1,137610
7290000581990,false,צלי כתף מס 5 פרגוואי,,,צלי כתף מס' 5 מוכשר,קילוגרמים,1.00,"ק""ג",true,,69.90,69.9000,true,1,202813
7290000590009,false,מאמאעוף פילה עוף בשו,,,מאמאעוף פילה עוף בשו,קילוגרמים,1.00,"ק""ג",true,,46.00,46.0000,true,1,113996
7290000590702,false,מאמא עוף קפוא טבעות,,,מאמא עוף קפוא טבעות,קילוגרמים,1.00,"ק""ג",true,,20.00,20.0000,true,1,113998
7290000590801,false,מאמאעוף שניצל עוף עם,,,מאמאעוף שניצל עוף עם,קילוגרמים,1.00,"ק""ג",true,,30.00,30.0000,true,1,114144
7290000598014,false,בלדי כבד אווז ארוז ש,,,בלדי כבד אווז ארוז ש,קילוגרמים,1.00,"ק""ג",true,,489.90,489.9000,true,1,202831
7290000598731,false,אמנון פילה מארז,,,אמנון פילה מארז,קילוגרמים,1.00,"ק""ג",true,,29.90,29.9000,true,1,159312
7290000599472,false,כריות יפניות שישייה- שייני,מ.א.ייצור ויבוא מטליות בעמ,,כריות יפניות צבעוני,Unknown,0.00,יחידה,false,,7.90,0.0000,true,1,182868
7290000599588,false,צמר פלדה 400 גרם Shiny,מ.א.ייצור ויבוא מטליות בעמ,,צמר פלדה 400 גרם shi,גרמים,400.00,100 גרם,false,,10.00,2.5000,true,1,144999
7290000599755,false,"מגב מתכת כחול 40 ס""מ עם מקל",*** מ.א.ייצור ויבוא מטליות,,מגב מתכת 40 הברגה+מק,Unknown,0.00,יחידה,false,,14.90,0.0000,true,1,145002
7290000599946,false,ספוג הפלא שייני 6 יחידות,מ.א.ייצור ויבוא מטליות בעמ,,6 ספוגי הפלא SHINY,Unknown,6.00,יחידה,false,,6.90,1.1500,true,1,145007
7290000599977,false,שייני כריות יפניות 9 יח',מ.א.ייצור ויבוא מטליות בעמ,,שייני כריות יפניות 9,Unknown,9.00,יחידה,false,,9.90,1.1000,true,1,145008
7290000600010,false,מילק שייק רגיל,,,מילק שייק רגיל,Unknown,0.00,יחידה,false,,17.00,0.0000,true,1,144117
7290000601519,false,גאודה הולנדית פירות,,,גאודה הולנדית פירות,קילוגרמים,1.00,"ק""ג",true,,180.00,180.0000,true,1,199170
7290000604343,false,תמרים פרי שמש 400ג*,שושן (פירות)יבשים בעמ,,דקל נור 400 גרם,גרמים,400.00,100 גרם,false,,9.90,2.4750,true,1,148571
7290000606110,false,פרובלנה,,,פרובלנה,קילוגרמים,1.00,"ק""ג",true,,130.00,130.0000,true,1,177512
7290000606873,false,"תמרים לחים בד""ץ 500גרם",הדיקלאים,,תמר חיאני 500 גרם,גרמים,500.00,100 גרם,false,,9.90,1.9800,true,1,178327
7290000617297,false,פילה דג בסה במשקל,,,פילה דג בסה במשקל,קילוגרמים,1.00,"ק""ג",true,,29.90,29.9000,true,1,137055
7290000617501,false,צדר עם חמוציות,,,צדר עם חמוציות,קילוגרמים,1.00,"ק""ג",true,,120.00,120.0000,true,1,183740
7290000628941,false,נסיכת הנילוס פרוס,,,נסיכת הנילוס פרוס,קילוגרמים,1.00,"ק""ג",true,,39.90,39.9000,true,1,170409
7290000640402,false,פילה אמנון ממותג 3-5,,,פילה אמנון ממותג 3-5,קילוגרמים,1.00,"ק""ג",true,,45.00,45.0000,true,1,114010
7290000644783,false,נתחי פילה סלמון קפוא קג,תנובה קפואים,,מנות סלומון ממותג שק,קילוגרמים,1.00,"ק""ג",true,,89.90,89.9000,true,1,114013
7290000649999,false,מח בקר לא מוכשר גורי,,,מח בקר לא מוכשר גורי,קילוגרמים,1.00,"ק""ג",true,,120.00,120.0000,true,1,136674
7290000652177,false,נתחי פילה נסיכה 100% דג קפוא תנובה,תנובה מרכז שיתופי לשיווק תוצרת,,נתחי פילה נסיכה במשק,קילוגרמים,1.00,"ק""ג",true,,74.90,74.9000,true,1,160483
7290000652214,false,דגי תנובה פילה אמנון,,,דגי תנובה פילה אמנון,קילוגרמים,1.00,"ק""ג",true,,55.00,55.0000,true,1,114016
7290000653211,false,סטייק אילתית,,,סטייק אילתית,קילוגרמים,1.00,"ק""ג",true,,34.90,34.9000,true,1,114020
7290000660101,false,שיפודי אנטריקוט .,,,שיפודי אנטריקוט .,קילוגרמים,1.00,"ק""ג",true,,99.90,99.9000,true,1,189273
7290000660103,false,אנטריקוט עגלה אנגוס,,,אנטריקוט עגלה אנגוס,קילוגרמים,1.00,"ק""ג",true,,169.90,169.9000,true,1,189452
7290000660104,false,סינטה עגלה אנגוס,,,סינטה עגלה אנגוס,קילוגרמים,1.00,"ק""ג",true,,149.90,149.9000,true,1,189453
7290000660105,false,פילה עגלה אנגוס.,,,פילה עגלה אנגוס.,קילוגרמים,1.00,"ק""ג",true,,189.90,189.9000,true,1,189454
7290000660106,false,שוק כנף עוף,,,שוק כנף עוף,קילוגרמים,1.00,"ק""ג",true,,14.90,14.9000,true,1,190435
7290000660107,false,שיפודי פילה עגל.,,,שיפודי פילה עגל.,קילוגרמים,1.00,"ק""ג",true,,119.90,119.9000,true,1,190600
7290000660108,false,שיפודי חזה עוף.,,,שיפודי חזה עוף.,קילוגרמים,1.00,"ק""ג",true,,29.90,29.9000,true,1,190642
7290000660109,false,שיפודי שווארמה הודו.,,,שיפודי שווארמה הודו.,קילוגרמים,1.00,"ק""ג",true,,69.90,69.9000,true,1,190643
7290000660110,false,שווארמה הודו חתוך.,,,שווארמה הודו חתוך.,קילוגרמים,1.00,"ק""ג",true,,69.90,69.9000,true,1,190644
7290000660770,false,שווארמה הודו מתובל.,,,שווארמה הודו מתובל.,קילוגרמים,1.00,"ק""ג",true,,59.90,59.9000,true,1,181936
7290000660772,false,מעורב ירושלמי.,,,מעורב ירושלמי.,קילוגרמים,1.00,"ק""ג",true,,59.90,59.9000,true,1,181938
7290000660773,false,רצועות חזה עוף להקפצ,,,רצועות חזה עוף להקפצ,קילוגרמים,1.00,"ק""ג",true,,29.90,29.9000,true,1,181939
7290000660806,false,צלעות כבש טרי ארוז.,,,צלעות כבש טרי ארוז,קילוגרמים,1.00,"ק""ג",true,,109.90,109.9000,true,1,185679
7290000662213,false,נתח פילה סלמון קפוא תנובה,תנובה,,נתח פילה סלמון תנובה,קילוגרמים,1.00,"ק""ג",true,,99.90,99.9000,true,1,114028
7290000662834,false,מנות פילה דג נסיכת ה,,,מנות פילה דג נסיכת ה,קילוגרמים,1.00,"ק""ג",true,,49.90,49.9000,true,1,197330
7290000679188,false,פילה קטפיש פנאגסיוס,,,פילה קטפיש פנאגסיוס,קילוגרמים,1.00,"ק""ג",true,,29.90,29.9000,true,1,134201
7290000680023,false,שייטל עגל טרי.,,,שייטל עגל טרי.,קילוגרמים,1.00,"ק""ג",true,,74.90,74.9000,true,1,177295
7290000680036,false,צלעות כתר טרי.,,,צלעות כתר טרי.,קילוגרמים,1.00,"ק""ג",true,,199.90,199.9000,true,1,144139
7290000680038,false,שיפודי פרגית טרי.,,,שיפודי פרגית טרי.,קילוגרמים,1.00,"ק""ג",true,,54.90,54.9000,true,1,144141
7290000680041,false,שיפודי טלה טרי.,,,שיפודי טלה טרי.,קילוגרמים,1.00,"ק""ג",true,,119.90,119.9000,true,1,144142
7290000680050,false,מיקס בורגר S.,,,מיקס בורגר S.,קילוגרמים,1.00,"ק""ג",true,,49.90,49.9000,true,1,144145
7290000680056,false,פרגית עוף עם עור,,,פרגית עוף עם עור,קילוגרמים,1.00,"ק""ג",true,,39.90,39.9000,true,1,200610
7290000680064,false,חטיפי אסאדו.,,,חטיפי אסאדו.,קילוגרמים,1.00,"ק""ג",true,,99.90,99.9000,true,1,144146
7290000680065,false,ספיידר סטייק.,,,ספיידר סטייק.,קילוגרמים,1.00,"ק""ג",true,,99.90,99.9000,true,1,144147
7290000680227,false,כנפיים עוף חצוי.,,,כנפיים עוף חצוי.,קילוגרמים,1.00,"ק""ג",true,,18.90,18.9000,true,1,181235
7290000688077,false,"מי עדן 0.500 מ""ל פקק רגיל",יפאורה שותפות מוגבלת לשיווק,,מי עדן 500מל,מיליליטרים,500.00,"100 מ""ל",false,,5.00,1.0000,true,1,120327
7290000688374,false,מים מינרלים סמיילי מי עדן (330X6מל),יפאורה שותפות מוגבלת לשיווק,,מי עדן בייבי 6* 250,מיליליטרים,250.00,"100 מ""ל",false,,14.90,5.9600,true,1,120331
7290000688381,false,מים מינרלים פקק ספורט מי עדן (500x6 מל),יפאורה שותפות מוגבלת לשיווק,,מי עדן פקק ספורט 6*,מיליליטרים,500.00,"100 מ""ל",false,,13.90,2.7800,true,1,120332
7290000688503,false,"מים מינרלים פקק ספורט מי עדן 6*750 מ""ל",יפאורה שותפות מוגבלת לשיווק,,מי עדן ג'ים 6* 750 מ,מיליליטרים,750.00,"100 מ""ל",false,,15.90,2.1200,true,1,120334
7290000688732,false,שישיית מי עדן 1.5 ליטר משפחתי,"מופק ממקור בזלתי עדן ,1",,מי עדן 6* 1.5 ליטר,קילוגרמים,1.50,ליטר,false,,12.90,8.6000,true,1,120335
7290000692135,false,ספיד סטיק דאו בסיסי ירוק א.פ פרש פאוור,קולגייט-פלמוליב,,ספיד סטיק בסיסי ירוק,גרמים,60.00,100 גרם,false,,19.90,33.1667,true,1,175080
7290000692203,false,נוזל לניקוי כללי ורצפות בניחוח לימון אג'קס 2 ליטר,הנסיך- מפעל לייצור ט,,אג'קס ניקוי כללי ורצ,קילוגרמים,2.00,ליטר,false,,22.90,11.4500,true,1,128122
7290000692210,false,נוזל לניקוי כללי ורצפות בניחוח לבנדר אג'קס 2 ליטר,הנסיך- מפעל לייצור ט,,אג'קס ניקוי כללי ורצ,קילוגרמים,2.00,ליטר,false,,22.90,11.4500,true,1,128123
7290000692227,false,נוזל לניקוי כלים קלאסי פלמוליב (1 ליטר),יבואן ומשווק: ש. שסט,,פלמוליב לכלים קלאסי-,קילוגרמים,1.00,ליטר,false,,13.90,13.9000,true,1,128124
7290000692456,false,אג'קס חלונות זוג 750*2 מל ספריי ורפיל,הנסיך- מפעל לייצור ט,,אגקס חלונות זוג,קילוגרמים,1.50,ליטר,false,,22.90,15.2667,true,1,128127
7290000697296,false,תום עיזים בורדו מנות,בי או די רגבים,,תום עיזים בורדו מנות,קילוגרמים,1.00,"ק""ג",true,,220.00,220.0000,true,1,180468
7290000704806,false,ביצים,,,ביצים,קילוגרמים,1.00,"ק""ג",true,,60.00,60.0000,true,1,180537
7290000713495,false,גאודה גלגל,,,גאודה גלגל,קילוגרמים,1.00,"ק""ג",true,,80.00,80.0000,true,1,137059
7290000713496,false,גאודה עיזים גלגל,,,גאודה עיזים גלגל,קילוגרמים,1.00,"ק""ג",true,,125.00,125.0000,true,1,137060
7290000713499,false,גאודה כמון גלגל,,,גאודה כמון גלגל,קילוגרמים,1.00,"ק""ג",true,,110.00,110.0000,true,1,137061
7290000713501,false,גאודה שום גלגל,,,גאודה שום גלגל,קילוגרמים,1.00,"ק""ג",true,,120.00,120.0000,true,1,137062
7290000713503,false,גאודה חרדל גלגל,,,גאודה חרדל גלגל,קילוגרמים,1.00,"ק""ג",true,,120.00,120.0000,true,1,137063
7290000713525,false,גאודה עם רוטב חריף ס,,,גאודה עם רוטב חריף ס,קילוגרמים,1.00,"ק""ג",true,,120.00,120.0000,true,1,137064
7290000715079,false,מסדם גולד,,,מסדם גולד,קילוגרמים,1.00,"ק""ג",true,,80.00,80.0000,true,1,198213
7290000715080,false,גאודה גולד,,,גאודה גולד,קילוגרמים,1.00,"ק""ג",true,,80.00,80.0000,true,1,198214
7290000715091,false,צ'דר אדום,,,צ'דר אדום,קילוגרמים,1.00,"ק""ג",true,,75.00,75.0000,true,1,198216
7290000715098,false,גאודה עם עגבניות ושו,,,גאודה עם עגבניות ושו,קילוגרמים,1.00,"ק""ג",true,,90.00,90.0000,true,1,198219
7290000715189,false,מורמון,,,מורמון,קילוגרמים,1.00,"ק""ג",true,,90.00,90.0000,true,1,198220
7290000715206,false,גאודה עם חילבה,,,גאודה עם חילבה,קילוגרמים,1.00,"ק""ג",true,,90.00,90.0000,true,1,198222
7290000715215,false,גאודה מעושנת,,,גאודה מעושנת,קילוגרמים,1.00,"ק""ג",true,,90.00,90.0000,true,1,198223
7290000719455,false,מיני פאן שוקולד,,,מיני פאן שוקולד,קילוגרמים,1.00,"ק""ג",true,,46.90,46.9000,true,1,199023
7290000750076,false,ממולא שום,,,ממולא שום,קילוגרמים,1.00,"ק""ג",true,,50.00,50.0000,true,1,197043
7290000750083,false,ממולא פלפל חריף,,,ממולא פלפל חריף,קילוגרמים,1.00,"ק""ג",true,,50.00,50.0000,true,1,137579
7290000750274,false,ממולא פלפל אדום,,,ממולא פלפל אדום,קילוגרמים,1.00,"ק""ג",true,,50.00,50.0000,true,1,137581
7290000750960,false,שיפקוניות פלפל נסי ח,,,שיפקוניות פלפל נסי ח,קילוגרמים,1.00,"ק""ג",true,,40.00,40.0000,true,1,135512
7290000757271,false,צואר 10חלק צרכני קרס,,,צואר 10חלק צרכני קרס,קילוגרמים,1.00,"ק""ג",true,,29.90,29.9000,true,1,136675
7290000770149,false,יורוציז דניש קומבי ו,,,יורוציז דניש קומבי ו,קילוגרמים,1.00,"ק""ג",true,,40.00,40.0000,true,1,146812
7290000775317,false,דלידג פילה זהבנון 1,דלידג,,דלידג פילה זהבנון 1,פריט,1.00,"ק""ג",false,,27.90,27.9000,true,1,122582
7290000787068,false,סטייק דג טונה בהירה,,,סטייק דג טונה קפוא,קילוגרמים,1.00,"ק""ג",true,,49.90,49.9000,true,1,122583
7290000800015,false,ישרקו צדר אדום גרמני,,,ישרקו צדר אדום גרמני,קילוגרמים,1.00,"ק""ג",true,,95.00,95.0000,true,1,137066
7290000803067,false,"משחת שיניים לילדים גילאים 6-2 אלמקס 75 מ""ל",הנסיך- מפעל לייצור ט,,אלמקס משחת שיניים יל,גרמים,75.00,100 גרם,false,,16.90,22.5333,true,1,128129
7290000803180,false,"מרידול-שטיפת פה דנטלית 400 מ""ל",קולגייט פלמוליב,,מרידול מי פה דנטלית,מיליליטרים,400.00,"100 מ""ל",false,,32.90,8.2250,true,1,111141
7290000804484,false,אלמקס שטיפת פה דנטלית למניעת עששת 400מל,קולגייט פלמוליב,,אלמקס שטיפת פה דנטלי,מיליליטרים,400.00,"100 מ""ל",false,,29.90,7.4750,true,1,128131
7290000804785,false,עוגת שמרים גבינה,,,עוגת שמרים גבינה,Unknown,0.00,יחידה,false,,22.90,0.0000,true,1,116262
7290000804969,false,מאפה מנה אישית,,,מאפה מנה אישית,Unknown,0.00,יחידה,false,,6.90,0.0000,true,1,116263
7290000804976,false,תורכי מנה אישית - תפ,,,תורכי מנה אישית - תפ,Unknown,0.00,יחידה,false,,6.90,0.0000,true,1,116264
7290000805795,false,"חול חתולים יורוקיטי 10 ק""ג",דיפלומט מפיצים (1968) בעמ**,,"חול חתולים 10ק""ג",פריט,10.00,"ק""ג",false,,34.90,3.4900,true,1,140616
7290000830245,false,פילה לברק יפני 7-9,דלידג,,פילה לברק,קילוגרמים,1.00,"ק""ג",true,,52.90,52.9000,true,1,122590
7290000835121,false,שריר הזרוע מס 8 ארגנ,,,שריר הזרוע מס 8 מוכ,קילוגרמים,1.00,"ק""ג",true,,32.90,32.9000,true,1,193922
7290000836922,false,דג סלמון טרי שלם,,,דג סלמון טרי שלם,קילוגרמים,1.00,"ק""ג",true,,89.90,89.9000,true,1,146770
7290000836953,false,דג פורל לבן שלם,,,דג פורל לבן שלם,קילוגרמים,1.00,"ק""ג",true,,79.90,79.9000,true,1,146771
7290000837268,false,גרוייר ריזרב משולש,,,גרוייר ריזרב משולש,קילוגרמים,1.00,"ק""ג",true,,210.00,210.0000,true,1,146815
7290000837596,false,גרוייר מילד מרובע,,,גרוייר מילד מרובע,קילוגרמים,1.00,"ק""ג",true,,190.00,190.0000,true,1,180899
7290000841391,false,דג בס טרי שלם,,,דג בס טרי שלם,קילוגרמים,1.00,"ק""ג",true,,49.90,49.9000,true,1,146774
7290000841438,false,דג דניס טרי שלם,,,דג דניס טרי שלם,קילוגרמים,1.00,"ק""ג",true,,64.90,64.9000,true,1,146775
7290000842053,false,דג קרפיון טרי שלם,,,דג קרפיון טרי שלם,קילוגרמים,1.00,"ק""ג",true,,27.90,27.9000,true,1,146777
7290000842077,false,דג לברק טרי שלם,,,דג לברק טרי שלם,קילוגרמים,1.00,"ק""ג",true,,64.90,64.9000,true,1,146778
7290000854401,false,זית יבש שחור צרפתי,,,זית יבש שחור צרפתי,קילוגרמים,1.00,"ק""ג",true,,40.00,40.0000,true,1,135513
7290000854432,false,זית שום ת.צרפת,,,זית שום ת.צרפת,קילוגרמים,1.00,"ק""ג",true,,40.00,40.0000,true,1,137588
7290000854784,false,מעדן זית פימנטי,,,מעדן זית פימנטי,קילוגרמים,1.00,"ק""ג",true,,40.00,40.0000,true,1,137591
7290000854791,false,תאסוס ת.יוון,,,תאסוס ת.יוון,קילוגרמים,1.00,"ק""ג",true,,50.00,50.0000,true,1,135514
7290000854845,false,זית ירוק ענק,,,זית ירוק ענק,קילוגרמים,1.00,"ק""ג",true,,50.00,50.0000,true,1,135515
7290000854944,false,קלמטה מגולען,,,קלמטה מגולען,קילוגרמים,1.00,"ק""ג",true,,50.00,50.0000,true,1,135516
7290000859512,false,בלדי חזה אווז קפוא א,,,בלדי חזה אווז קפוא א,קילוגרמים,1.00,"ק""ג",true,,189.90,189.9000,true,1,148695
7290000861471,false,נסיכת הנילוס מדיום,,,נסיכת הנילוס מדיום,קילוגרמים,1.00,"ק""ג",true,,36.90,36.9000,true,1,122284
7290000900137,false,רצועות פילה נסיכת הנ,,,רצועות פילה נסיכת הנ,קילוגרמים,1.00,"ק""ג",true,,44.90,44.9000,true,1,158875
7290000913551,false,פסטרמה כפרית טירת צבי 400 ג',תנובה בשר,,טירת צבי פסטרמה כפרי,גרמים,400.00,100 גרם,false,,20.20,5.0500,true,1,114147
7290000913551,false,פסטרמה כפרית טירת צבי 400 ג',תנובה בשר,,טירת צבי פסטרמה כפרי,גרמים,400.00,100 גרם,false,,20.20,5.0500,true,1,189654
7290000925853,false,פילה דג מרלוזה ארוז,,,פילה דג מרלוזה ארוז,קילוגרמים,1.00,"ק""ג",true,,34.90,34.9000,true,1,200512
7290000992858,false,גד פטה עיזים 5%,,,גד פטה עיזים 5%,קילוגרמים,1.00,"ק""ג",true,,120.00,120.0000,true,1,146610
7290000995410,false,נבטים סיניים נבטי העמק,"בכורי השדה צפון1994 ג.ד. בע""מ",,נבטים סיניים,Unknown,0.00,יחידה,false,,6.90,0.0000,true,1,138573
7290000996054,false,יחיעם פסרוולט הונגרי,,,יחיעם פסרוולט הונגרי,קילוגרמים,1.00,"ק""ג",true,,199.00,199.0000,true,1,159144
7290001014042,false,שרימפס חסלונים 16-20,,,שרימפס חסלונים 16-20,Unknown,0.00,יחידה,false,,99.90,0.0000,true,1,154314
7290001014103,false,"שרימפס מבושל 1 ק""ג 4",,,"שרימפס מבושל 1 ק""ג 4",פריט,1.00,"ק""ג",false,,69.90,69.9000,true,1,181491
7290001014110,false,"שרימפס מקולף 1 ק""ג 2",,,"שרימפס מקולף 1 ק""ג 2",פריט,1.00,"ק""ג",false,,79.90,79.9000,true,1,181487
7290001014158,false,"שרימפס מבושל 1 ק""ג 2",,,"שרימפס מבושל 1 ק""ג 2",פריט,1.00,"ק""ג",false,,84.90,84.9000,true,1,181488
7290001041222,false,"חומוס לבן ענק ק''ג מיה 1 ק""ג",מיה תעשיות מזון מ.ת.מ. בעמ,,מיה חומוס לבן ענק 1,פריט,1.00,"ק""ג",false,,14.90,14.9000,true,1,134889
7290001045169,false,מיץ תפוחי עץ צלול פרימור 1 ליטר,שטראוס גרופ בעמ/מצונן,,פרימור מיץ תפוחים צל,מיליליטרים,1000.00,"100 מ""ל",false,,16.90,1.6900,true,1,139826
7290001045657,false,פרימור מיץ תפוחים סחוט מקורר 400מל,שטראוס גרופ בעמ/מצונן,,פרימור מיץ תפוחים סח,Unknown,400.00,יחידה,false,,8.90,0.0223,true,1,139830
7290001045688,false,"מיץ תפוזים סחוט פרימור 400 מ""ל",שטראוס גרופ בעמ/מצונן,,פרימור מיץ תפוזים 40,Unknown,400.00,יחידה,false,,9.90,0.0248,true,1,139831
7290001121054,false,צמד חמד פסטרמה וסלמי יחיעם 700 גרם,מעדני יחיעם ( 1993 ) בע`מ,,יחיעם צמד חמד 700 גר,גרמים,700.00,100 גרם,false,,25.90,3.7000,true,1,121819
7290001121238,false,קורנדביף 4% שומן יחיעם (180 גרם).,מעדני יחיעם ( 1993 ) בע`מ,,יחיעם קורנד ביף 180,גרמים,180.00,100 גרם,false,,29.90,16.6111,true,1,121820
7290001121672,false,פסטרמה מעודנת בפפריקה 300 ג' יחיעם,מעדני יחיעם (1993) בעמ,,פסטרמה הודו פיקנטית,גרמים,300.00,100 גרם,false,,25.90,8.6333,true,1,121821
7290001121795,false,נקניקיות עוף חריפות יחיעם 400 גרם,מעדני יחיעם ( 1993 ) בע`מ,,נקניקיות עוף חריפות,גרמים,400.00,100 גרם,false,,13.90,3.4750,true,1,190666
7290001121849,false,פסטרמה ברביקיו יחיעם 250 גרם ר.טבעיים,מעדני יחיעם ( 1993 ) בע`מ,,יחיעם פסטרמה הודו טב,גרמים,250.00,100 גרם,false,,27.00,10.8000,true,1,121823
7290001121931,false,קבנוס מקסיקני דק דק יחיעם 125 גרם,מעדני יחיעם ( 1993 ) בע`מ,,יחיעם קבנוס מקסיקני,גרמים,125.00,100 גרם,false,,15.00,12.0000,true,1,121824
7290001121979,false,נקניק סלמי הרץ מעדני יחיעם 150 גרם,מעדני יחיעם ( 1993 ) בע`מ,,יחיעם סלמי הרץ 150 ג,גרמים,150.00,100 גרם,false,,29.90,19.9333,true,1,121825
7290001123775,false,שווארמה אמיתית פרגיות טיבון ויל 500 גרם,"טיבול ויל אחזקות בע""",,שווארמה פרגיות 500 ג,גרמים,500.00,100 גרם,false,,27.90,5.5800,true,1,122674
7290001124536,false,ארוחת נודלס טעם תירס מג'יק 70 גרם,נטו מלינדה סחר בעמ,,מגיק טעם תירס בכוס 7,Unknown,0.00,יחידה,false,,5.90,0.0000,true,1,122676
7290001136287,false,"שמפו לשיער רגיל בבושם פרחים נקה 7 750 מ""ל",החברה הדרומית לשיווק בעמ,,נקה 7-שמפו רגיל ירוק,מיליליטרים,750.00,"100 מ""ל",false,,12.90,1.7200,true,1,173208
7290001136294,false,"שמפו לשיער יבש בבישום פרחים נקה 7 750 מ""ל",החברה הדרומית לשיווק בעמ,,נקה 7-שמפו יבש אדום.,מיליליטרים,750.00,"100 מ""ל",false,,12.90,1.7200,true,1,173209
7290001136300,false,"נקה 7 שמפו ומרכך לסירוק קל 750 מ""ל",החברה הדרומית לשיווק בעמ,,נקה 7-שמפו סירוק קל,מיליליטרים,750.00,"100 מ""ל",false,,12.90,1.7200,true,1,117194
7290001136362,false,נקה 7 תחליב רחצה אלוורה ארומה ירוק 1 ל',מיוצר בסין.יבוא ושיו,,תחליב רחצה אלוורה ות,מיליליטרים,1000.00,"100 מ""ל",false,,13.90,1.3900,true,1,117195
7290001136683,false,"מרכך לשיער רגיל בבושם פרחים נקה 7 750 מ""ל",החברה הדרומית לשיווק בעמ,,נקה 7-מרכך רגיל ירוק,מיליליטרים,750.00,"100 מ""ל",false,,12.90,1.7200,true,1,110944
7290001136799,false,נקה 7 תחליב רחצה ארומה ורוד יסמין 1 ל',החברה הדרומית לשיווק בעמ,,תחליב רחצה ורד ויסמי,מיליליטרים,1000.00,"100 מ""ל",false,,13.90,1.3900,true,1,117197
7290001136973,false,נקה 7 תחליב רחצה ארומה קמומיל לבן 1 ל',החברה הדרומית לשיווק בעמ,,תחליב רחצה קמומיל נק,מיליליטרים,1000.00,"100 מ""ל",false,,13.90,1.3900,true,1,117198
7290001143049,false,גבינה ברינזה בקופסה 800 ג' בוקאעי,,,גבינה ברינה בקופסה 8,גרמים,800.00,100 גרם,false,,44.90,5.6125,true,1,151564
7290001143155,false,לבנה בגביע 500 גרם,,,לבנה בגביע 500 גרם,גרמים,500.00,100 גרם,false,,14.90,2.9800,true,1,151567
7290001143261,false,לבנה בגביע 800 גרם,,,לבנה בגביע 800 גרם,גרמים,800.00,100 גרם,false,,22.90,2.8625,true,1,178526
7290001143278,false,"איירן בוקאעי 330 מ""ל",,,"לבן עירן 330 מ""ל",מיליליטרים,330.00,"100 מ""ל",false,,4.90,1.4848,true,1,178527
7290001216040,false,טחינה גולמית שומשום טהור אל ארז 500 גרם,אגס ירוק מסחר ושירותים,,אל ארז טחינה 500 גרם,גרמים,500.00,100 גרם,false,,16.90,3.3800,true,1,114340
7290001216057,false,"טחינה שומשום טהור אל ארז 1 ק""ג",אגס ירוק מסחר ושירותים,,אל ארז טחינה 1קג,גרמים,500.00,100 גרם,false,,32.90,6.5800,true,1,114341
7290001216101,false,"טחינה שומשום מלא אל ארז 1 ק""ג",סוגת תעשיות בעמ,,"טחינה 1 ק""ג מלאה",פריט,1.00,"ק""ג",false,,34.90,34.9000,true,1,168314
7290001216231,false,טחינה גולמית שומשום מלא אל ארז 500 גרם,אגס ירוק מסחר ושירותים,,טחינה שומשום מלא 0.5,גרמים,500.00,100 גרם,false,,18.90,3.7800,true,1,114342
7290001247068,false,קרטונית נקטר ספרינג תות בננה 1 ליטר,יפאורה שותפות מוגבלת לשיווק,,ספרינג נקטר תות בננה,קילוגרמים,1.00,ליטר,false,,6.90,6.9000,true,1,120341
7290001247105,false,קרטונית נקטר ספרינג אפרסק 1 ליטר,יפאורה שותפות מוגבלת לשיווק,,ספרינג נקטר אפרסק 1,קילוגרמים,1.00,ליטר,false,,6.90,6.9000,true,1,120344
7290001247129,false,נקטר ספרינג תפוזים קרטונית 1 ל',יפאורה שותפות מוגבלת לשיווק,,ספרינג נקטר תפוזים 1,קילוגרמים,1.00,ליטר,false,,6.90,6.9000,true,1,120346
7290001247143,false,קרטונית נקטר ספרינג תפוחים 1 ליטר,יפאורה שותפות מוגבלת לשיווק,,ספרינג נקטר תפוחים 1,קילוגרמים,1.00,ליטר,false,,6.90,6.9000,true,1,120347
7290001247341,false,קריסטל למון ליים פחי,,,קריסטל למון ליים פחי,מיליליטרים,330.00,"100 מ""ל",false,,1.00,0.3030,true,1,120350
7290001247358,false,קריסטל אורנג' פחית 3,,,קריסטל אורנג' פחית 3,מיליליטרים,330.00,"100 מ""ל",false,,1.50,0.4545,true,1,120351
7290001258668,false,גבינת עז מה 5% יעקבס 250 גרם,גבינות משק יעקבס,,גבינת עז מה 250 גרם,Unknown,0.00,יחידה,false,,19.90,0.0000,true,1,146192
7290001258774,false,מוצרלה בייבי 150 גרם יעקובס,גבינות משק יעקבס,,מוצרלה בייבי 150 גרם,גרמים,150.00,100 גרם,false,,12.90,8.6000,true,1,146195
7290001258972,false,גבינת חלומי בואקום 2,גבינות משק יעקבס,,גבינת חלומי 200גרם,Unknown,0.00,יחידה,false,,20.90,0.0000,true,1,146200
7290001265642,false,"מזון חתולים מעדני פטה 1.2 ק""ג מארז 3 יחידות",דיפלומט מפיצים (1968) בעמ**,,לה קט פטה עוף סלמון,פריט,1.20,"ק""ג",false,,24.90,20.7500,true,1,140635
7290001302279,false,אוסם - במבה קלאסי 60 גרם,מיוצר עי קונדיטוריית,,במבה קלאסי 60 גרם,Unknown,0.00,יחידה,false,,4.90,0.0000,true,1,126705
7290001327180,false,שטראוס קרמיסימו וניל ציפ 1.33 ליטר,"גלידת שטראוס בע""\מ, רחוב",,קרמיסימו וניל ציפ 1.,קילוגרמים,1.33,ליטר,false,,20.90,15.7143,true,1,135290
7290001327791,false,גלידה קרמיסימו וניל עוגיות 1.33 ליטר,"גלידת שטראוס בע""\מ, רחוב",,קרמיסימו עוגיות 1.33,קילוגרמים,1.33,ליטר,false,,20.90,15.7143,true,1,135294
7290001342879,false,קרם גולש בשפופרת 160,,,קרם גולש בשפופרת 160,גרמים,160.00,100 גרם,false,,24.90,15.5625,true,1,179164
7290001343845,false,תערובת מיזלי עם פירות מיובשים 1 קג,דין שיווק וקליה 2021 בעמ,,גרנולה טבעית עם תוספ,פריט,1.00,"ק""ג",false,,21.90,21.9000,true,1,134327
7290001407134,false,בארכה פרוסות חלווה שוקו וניל+פ.קקאו 400גר,קבוצת אוסם סחר שותפות מוגבלת,,בארכה פרוסות חלבה שו,גרמים,400.00,100 גרם,false,,13.90,3.4750,true,1,126707
7290001407318,false,חלבה מסולסלת 250 ג' וניל,,,חלבה מסולסלת וניל 25,גרמים,250.00,100 גרם,false,,15.90,6.3600,true,1,175302
7290001407363,false,טחינה גולמית כד 450 גרם,General,,אלהילאל טחינה 450 גר,גרמים,450.00,100 גרם,false,,13.90,3.0889,true,1,130833
7290001407370,false,אלהילאל טחינה 900 גר,,,אלהילאל טחינה 900 גר,גרמים,900.00,100 גרם,false,,24.90,2.7667,true,1,130834
7290001407394,false,אלהילאל חלבה שוקו 50 ג',,,חטיף חלבה שוקו 50 גר,Unknown,0.00,יחידה,false,,2.90,0.0000,true,1,130835
7290001407592,false,"בארכה טחינה גולמית פי 6 סידן 6*1 ק""ג",קבוצת אוסם סחר שותפות מוגבלת,,בארכה טחינה גולמית 1,גרמים,1000.00,100 גרם,false,,27.90,2.7900,true,1,182941
7290001407738,false,חלבה וניל 50 ג' אלהילאל,,,חטיף חלבה וניל 50 גר,Unknown,0.00,יחידה,false,,2.90,0.0000,true,1,130841
7290001407813,false,חלבה שאמית פיסטוק בקטנה בארכה 350ג',קבוצת אוסם סחר שותפות מוגבלת,,חלבה שאמית פיסטוק בא,גרמים,350.00,100 גרם,false,,14.90,4.2571,true,1,126712
7290001407820,false,חלווה שאמית וניל קלאסית בארכה 350ג',קבוצת אוסם סחר שותפות מוגבלת,,חלבה שאמית קלאסית בא,גרמים,350.00,100 גרם,false,,15.90,4.5429,true,1,126713
7290001407844,false,חלבה קלאסית בטעם וניל בארכה 350 גרם,קבוצת אוסם סחר שותפות מוגבלת,,חלבה קלאסית וניל באר,גרמים,350.00,100 גרם,false,,13.90,3.9714,true,1,126715
7290001415214,false,עוגת סבתא שוקולד 500ג',פילסברי,,עוגת סבתא שוקולד,Unknown,0.00,יחידה,false,,24.90,0.0000,true,1,202693
7290001415276,false,עוגת שמרים שוקולד פילסברי 500ג',פילסברי,,עוגת שמרים שוקולד,Unknown,0.00,יחידה,false,,22.90,0.0000,true,1,116328
7290001419618,false,וופל בלגי עלמה שחור לבן וניל 200ג',מ.ד אטיאס סוכנויות מזון בע`מ,,וופל בלגי שוקולד 200,גרמים,200.00,100 גרם,false,,4.90,2.4500,true,1,152520
7290001419779,false,"וופל קלאסי בטעם שוקולד ""עלמה"" 200 גרם",רזיט שיווק בעמ,,וופל קלאסי 200 גרם,גרמים,200.00,100 גרם,false,,4.90,2.4500,true,1,152521
7290001419892,false,"ופל קלאסי בטעם לימון ""עלמה"" 200 גרם",רזיט שיווק בעמ,,וופל קלאסי לימון 200,גרמים,200.00,100 גרם,false,,4.90,2.4500,true,1,152523
7290001422014,false,"שקית פלאפל עווד 1 ק""ג",,,"פלאפל עווד 1 ק""ג",גרמים,1000.00,100 גרם,false,,22.90,2.2900,true,1,126050
7290001461105,false,לחם מחמצת לבן (ברקוד,פילסברי,,לחם מחמצת,גרמים,530.00,100 גרם,false,,16.90,3.1887,true,1,116333
7290001461457,false,בגט רוסטיק קמח מלא ו,פילסברי,,בגט רוסטיק,Unknown,1.00,יחידה,false,,7.90,7.9000,true,1,116337
7290001461891,false,לחמניה יאמיז קמח מלא,פילסברי,,יאמיס מלא / שמינייה,Unknown,0.00,יחידה,false,,4.00,0.0000,true,1,116343
7290001482094,false,גבינה פרמז'נו משולשים ויליפוד 200ג',ג.וילי-פוד אינטרנשיונל **גבינו,,וילי פוד פרמזן משולש,גרמים,200.00,100 גרם,false,,22.90,11.4500,true,1,115492
7290001482186,false,אננס חתוך בסירופ קל ויליפוד 565 גרם,ג.וילי-פוד אינטרנשיונל בעמ,,אננס חתוך 565גר,גרמים,565.00,100 גרם,false,,7.90,1.3982,true,1,115493
7290001485019,false,גבינת קרם שמנת טבעי 5% טרה 200 גרם,החברה המרכזית טלהפצת משקאות בע,,טרה גבינת שמנת טבעי,גרמים,200.00,100 גרם,false,,11.90,5.9500,true,1,117799
7290001491010,false,תה ירוק יסמין ויסוצקי 25 יחידות,תה ויסוצקי (ישראל) בעמ,,תה ירוק יסמין 25 שקי,Unknown,25.00,יחידה,false,,24.90,0.9960,true,1,129531
7290001491096,false,תה ירוק בתוספת לימונית ולואיזה 50 שקיקים ויסוצקי,תה ויסוצקי (ישראל) בעמ,,תה ירוק בתוספת לימונ,Unknown,0.00,יחידה,false,,44.90,0.0000,true,1,129532
7290001501009,false,שירות החלפה מילוי גז,א.א צ יקו שיווק והפצה,,החלפת מיכל גז סודה ג,Unknown,0.00,יחידה,false,,99.90,0.0000,true,1,145334
7290001515310,false,שש כריות קרצוף יפניות סקוטש ברייט,3m,,סקוטש ברייט שש כריות,Unknown,6.00,יחידה,false,,13.90,2.3167,true,1,131529
7290001548172,false,סלסה עגבניות טריות,משתנה,,סלסה **גביע 250 גר,Unknown,0.00,יחידה,false,,12.90,0.0000,true,1,193719
7290001567555,false,פסטרמה מעודנת עם דבש 300 ג' יחיעם,מעדני יחיעם (1993) בעמ,,פסטרמה מעודנת עם דבש,גרמים,300.00,100 גרם,false,,25.90,8.6333,true,1,121826
7290001567708,false,נקניקיות וינר יחיעם 400 גרם,מעדני יחיעם ( 1993 ) בע`מ,,נקניקיות וינר 400גרם,גרמים,400.00,100 גרם,false,,13.90,3.4750,true,1,121827
7290001567760,false,פסטרמה של פעם יחיעם 300 גרם,מעדני יחיעם ( 1993 ) בע`מ,,פסטרמה של פעם 300גרם,גרמים,300.00,100 גרם,false,,25.90,8.6333,true,1,121831
7290001567807,false,"כתף בקר מעושן לח""מ 250 גרם ""יחיעם""",מעדני יחיעם ( 1993 ) בע`מ,,כתף בקר מעושן 250 גר,גרמים,250.00,100 גרם,false,,27.90,11.1600,true,1,121835
7290001567814,false,סלמי מעושן בסגנון איטלקי 300 ג' יחיעם,מעדני יחיעם ( 1993 ) בע`מ,,סלמי מעושן בסגנון אי,גרמים,300.00,100 גרם,false,,21.90,7.3000,true,1,121836
7290001594025,false,קוקה קולה בקבוק זכוכית,החברה המרכזית להפצת משקאות בעמ,,קוקה קולה קלאסי 350,מיליליטרים,350.00,"100 מ""ל",false,,6.00,1.7143,true,1,137311
7290001594230,false,קינלי סודה בבקבוק זכוכית,החברה המרכזית להפצת משקאות בעמ,,קינלי סודה קלאסי 250,מיליליטרים,250.00,"100 מ""ל",false,,2.90,1.1600,true,1,137317
7290001594377,false,פריגת תפוזים 0.5 ליטר חייב בפקדון,החברה המרכזית להפצת משקאות בעמ,,פריגת משקה בטעם תפוז,מיליליטרים,500.00,"100 מ""ל",false,,6.00,1.2000,true,1,137321
7290001594384,false,פריגת אשכוליות 0.5 ליטר חייב בפקדון,החברה המרכזית להפצת משקאות בעמ,,פריגת משקה בטעם אשכו,מיליליטרים,500.00,"100 מ""ל",false,,6.00,1.2000,true,1,137322
7290001594391,false,"פריגת משקה קל ענבים בבקבוק אישי 500 מ""ל",החברה המרכזית להפצת משקאות בעמ,,פריגת משקה בטעם ענבי,מיליליטרים,500.00,"100 מ""ל",false,,6.00,1.2000,true,1,137323
7290001594810,false,"בירה שחורה מאלטי בקב' מארז 330X6מ""ל",החברה המרכזית להפצת משקאות בעמ,,מאלטי טובורג בקבוק 6,מיליליטרים,330.00,"100 מ""ל",false,,29.90,9.0606,true,1,113189
7290001594865,false,"שישייה בירה קרלסברג בקבוק 330 מ""ל",החברה המרכזית להפצת משקאות בעמ,,קרלסברג בירה בקבוק 6,Unknown,6.00,יחידה,false,,41.90,6.9833,true,1,113191
7290001598085,false,לחם משפחתי עם דגנים מקמח מלא,מאפית יוסף בראון,,"לחם משפחתי 1.100ק""ג",גרמים,1100.00,100 גרם,false,,15.90,1.4455,true,1,159108
7290001598276,false,"לחם 7 דגנים קל מקמח חיטה מלא ללא שמרים 1.1 ק""ג הברון",מאפיית יוסף ברון,,לחם שבעת דגנים קל לל,גרמים,1100.00,100 גרם,false,,15.90,1.4455,true,1,159109
7290001598429,false,פרנה מרוקאית חמשת 4,מאפיית יוסף ברון בעמ,,פרנה מרוקאית 520 גרם,גרמים,520.00,100 גרם,false,,12.90,2.4808,true,1,159110
7290001598498,false,לחם בריוש צרפתי ברון,,,"לחם בריוש 1 ק""ג",Unknown,0.00,יחידה,false,,18.90,0.0000,true,1,200503
7290001598528,false,לחם כוסמין 100% 450ג' הברון,מאפיית יוסף ברון בעמ,,לחם כוסמין 450 גרם,גרמים,450.00,100 גרם,false,,15.90,3.5333,true,1,155444
7290001598580,false,פיתות כוסמין 6יח 99 קלוריות,מאפיית יוסף ברון בעמ,,פיתות כוסמין 6 יח' 9,Unknown,0.00,יחידה,false,,14.90,0.0000,true,1,155447
7290001598597,false,פיתה כוסמין 99 קלוריות,,,פיתות כוסמין 99 קלור,Unknown,6.00,יחידה,false,,15.90,2.6500,true,1,195751
7290001598627,false,לחם כוסמין קל 100% ח,,,לחם כוסמין קל,Unknown,0.00,יחידה,false,,15.90,0.0000,true,1,200504
7290001598757,false,לחם כוסמין 100% דגנים + צ'יה,,,לחם כוסמין דגנים+צ'י,Unknown,0.00,יחידה,false,,15.90,0.0000,true,1,200505
7290001690147,false,טעם טוב גבינה מותכת למריחה 6% מון בלאן,נטו מלינדה סחר בע`מ,,טעם טוב גבינה מותכת,גרמים,120.00,100 גרם,false,,10.90,9.0833,true,1,190476
7290001710111,false,נקניקיות מרגז חריפות מעדני הטלה 500 גר`,לאטי עזרא גלם ודגים,,נקנקיות מרגז 500,גרמים,500.00,100 גרם,false,,22.90,4.5800,true,1,122690
7290001710128,false,נקניקיות צוריסוס מעדני הטלה 500 גר`,לאטי עזרא בעמ,,מעדני הטלה נקניקיות,גרמים,500.00,100 גרם,false,,24.90,4.9800,true,1,122691
7290001710159,false,גולש עגל קפוא ארוז מ,לאטי עזרא גלם ודגים,,גולש עגל ארוז מוכשר,קילוגרמים,1.00,"ק""ג",true,,42.90,42.9000,true,1,122597
7290001710784,false,נקניקיות מיני צ'וריסו500,מעדני הטלה,,מעדני הטלה נקניקיות,גרמים,500.00,100 גרם,false,,24.90,4.9800,true,1,122692
7290001713020,false,שקיות אשפה 25 יחידות 75*85 סנט מוריץ,קומפלקס כימיקלים בעמ,,סנט מוריץ שקיות אשפה,Unknown,0.00,יחידה,false,,7.90,0.0000,true,1,175382
7290001713105,false,עלמה נייר אפיה 42*37 50 יח',קומפלקס כימיקלים,,עלמה נייר אפיה נשלף,Unknown,0.00,יחידה,false,,9.90,0.0000,true,1,183741
7290001713150,false,סנט מוריץ מתז אקונומיקה Bleach קצף לימון 1 ליטר,קומפלקס כימיקלים בעמ,,אקונומיקה קצף ניקוי,קילוגרמים,1.00,ליטר,false,,11.90,11.9000,true,1,131361
7290001713167,false,סנט מוריץ - מרסס קצף ניקוי 1 ליטר סניטרי אפור,קומפלקס כימיקלסבעמ ~~~,,קצף לניקוי כלים סניט,קילוגרמים,1.00,ליטר,false,,11.90,11.9000,true,1,131362
7290001713211,false,נוזל רצפות סופר מבושם מאסק 2.5 ליטר,קומפלקס כימיקלסבעמ ~~~,,סנט מוריץ רצפות סופר,Unknown,0.00,יחידה,false,,13.90,0.0000,true,1,170288
7290001713228,false,מנקה רצפות סופר מבושם כחול 2.5 ל',ABC,,סנט מוריץ רצפות סופר,Unknown,0.00,יחידה,false,,13.90,0.0000,true,1,170289
7290001713242,false,עלמה שקיות אשפה 25 יחידות 75*90 עם ידית,קומפלקס כימקלים בעמ`,,עלמה שקיות אשפה 25 י,Unknown,0.00,יחידה,false,,14.90,0.0000,true,1,175383
7290001713433,false,הום מטליות לחות לניק,,,הום מטליות לחות לניק,Unknown,1.00,יחידה,false,,9.90,9.9000,true,1,189151
7290001713464,false,עלמה שקיות אשפה 100 יחידות 52*65 עם שרוך,קומפלקס כימקלים בעמ`,,עלמה שקיות אשפה 100,Unknown,0.00,יחידה,false,,22.90,0.0000,true,1,192882
7290001713501,false,"רדיד אלומיניום עלמה עבה 45 ס""מ 50 מ' סנט מוריץ",קומפלקס כימקלים בעמ`,,סנט מוריץ רדיד אלומי,Unknown,0.00,יחידה,false,,36.90,0.0000,true,1,191862
7290001713617,false,הום כדוריות סבון לני,,,הום כדוריות סבון לני,Unknown,0.00,יחידה,false,,11.90,0.0000,true,1,186815
7290001713648,false,מרכך כביסה פיור בייבי ורוד 1 ליטר,"קומפלקס כימיקלים בע""",,pure מרכך כביסה ביי,קילוגרמים,1.00,ליטר,false,,13.90,13.9000,true,1,195423
7290001713761,false,הום כריות יפניות לקר,,,הום כריות יפניות לקר,Unknown,0.00,יחידה,false,,9.90,0.0000,true,1,183964
7290001713785,false,מרכך כביסה פיור בייבי כחול 1 ליטר,"קומפלקס כימיקלים בע""",,pure מרכך כביסה ביי,קילוגרמים,1.00,ליטר,false,,13.90,13.9000,true,1,195424
7290001713815,false,PURE מרכך כביסה בניחוח מלון מפנק 1 ליטר,קומפלקס כימקלים בעמ`,,פיור- מרכך כביסה בני,Unknown,0.00,יחידה,false,,13.90,0.0000,true,1,184778
7290001713839,false,סנט מוריץ רב מגבת 700 גרם 250 דפים,,,סנט מוריץ רב מגבת 70,Unknown,0.00,יחידה,false,,17.90,0.0000,true,1,191863
7290001713884,false,עלמה מטליות מיקרופייבר שלישייה לרצפה,קומפלקס כימיקלים,,מיקרופייבר מטליות רצ,Unknown,0.00,יחידה,false,,14.90,0.0000,true,1,131370
7290001713891,false,עלמה מיקרופייבר חמישייה לניקוי חמישייה סנט מוריץ,קומפלקס כימיקלים,,מיקרופייבר חמישייה ל,Unknown,0.00,יחידה,false,,9.90,0.0000,true,1,131371
7290001713914,false,בלנקו אקונומיקה מקציפה 4 ליטר,קומפלקס כימיקלים,,אקונומיקה מקציפה בלנ,קילוגרמים,4.00,ליטר,false,,13.90,3.4750,true,1,159317
7290001713921,false,אקונומיקה bleach מבושמת 4 ל' סנט מוריץ,קומפלקס כימיקלים בעמ,,אקונומיקה מבושמת 4 ל,קילוגרמים,4.00,ליטר,false,,9.90,2.4750,true,1,161051
7290001713938,false,ניילון נצמד 150 מטר קומפלקס,קומפלקס כימיקלים,,עלמה ניילון נצמד 150,Unknown,0.00,יחידה,false,,19.90,0.0000,true,1,190180
7290001779040,false,פרילי שרבט תות - חדש,,,פרילי שרבט תות - חדש,Unknown,0.00,יחידה,false,,5.00,0.0000,true,1,122091
7290001780039,false,גלידות נסטלה ויטמינצ,,,גלידות נסטלה ויטמינצ,Unknown,0.00,יחידה,false,,3.00,0.0000,true,1,122092
7290001780046,false,שלגון שוקו / וניל מג,,,שלגון שוקו / וניל מג,Unknown,0.00,יחידה,false,,3.00,0.0000,true,1,122093
7290001780428,false,מאגדת גלידת לייט שוקולד נסטלה 6יח' 312ג',נגה גלידות שותפות מוגבלת,,נסטלה לייט 6 שלגוני,גרמים,312.00,100 גרם,false,,26.90,8.6218,true,1,122094
7290001791349,false,אקונומיקה פיסגה ריחנית סנו (4 ליטר),החברה הדרומית לשיווק בעמ,,אקונומיקה ריחנית פסג,קילוגרמים,4.00,ליטר,false,,11.90,2.9750,true,1,110945
7290001791356,false,"פרש מבשם אויר אוטומטי בניחוח לבנדר סנו 250 מ""ל",החברה הדרומית לשיווק בעמ,,סנו פרש אוטומטיק ברי,מיליליטרים,250.00,"100 מ""ל",false,,15.90,6.3600,true,1,173217
7290001791363,false,"מטהר אויר בניחוח וניל קוקוס מילוי סנו 250 מ""ל",החברה הדרומית לשיווק בעמ,,סנו פרש אוטומטיק ברי,מיליליטרים,250.00,"100 מ""ל",false,,15.90,6.3600,true,1,110947
7290001813454,false,"עוגיות חיוכים שוקולד עלית 900 גרם מארז 6 יחידות בד""צ",אפיפית נצרת תעשיות ב,,חיוכים חגיגה שוק / ו,גרמים,900.00,100 גרם,false,,19.90,2.2111,true,1,132148
7290001813478,false,"עוגיות חיוכים וניל עלית 900 גרם מארז 6 יחידות בד""צ",אפיפית נצרת תעשיות ב,,חיוכים חגיגה וניל 90,גרמים,900.00,100 גרם,false,,19.90,2.2111,true,1,132149
7290001817728,false,צ'יטוס אפוי כאפה בטעם קטשופ 55 גרם,"שטראוס פריטו ליי בע""\מ )",,ציטוס כאפה 55 גרם,Unknown,0.00,יחידה,false,,3.10,0.0000,true,1,132918
7290001835364,false,פרמיו חטיפי ברווז מובחרים,,,פרמיו חטיפי ברווז 10,Unknown,0.00,יחידה,false,,14.90,0.0000,true,1,198641
7290001865439,false,פמילי אל סבון נוזלי בניחוח וניל 1 ליטר,אף.סי תבליני בגליל ב,,פמלי סבון נוזלי וניל,קילוגרמים,1.00,ליטר,false,,12.90,12.9000,true,1,138069
7290001865453,false,פמילי לקשרי 1 ליטר לבנדר ארומטי+משאבה,מיוצר עי קונדיטוריית,,פמלי סבון נוזלי לבנד,קילוגרמים,1.00,ליטר,false,,12.90,12.9000,true,1,138070
7290001873489,false,קרפצ`יו 120 גר`בלאק אנגוס מוכשר ארוז,טיבון ויל אחזקות בעמ,,BLACK ANGUS קרפצ'יו,גרמים,120.00,100 גרם,false,,16.90,14.0833,true,1,157011
7290001881040,false,מלפפון ביביי כבוש במלח 600 גר`מאמא מרי,מאמא - מרי בעמ,,מלפפון ביבי במלח 1,פריט,1.00,"ק""ג",false,,29.90,29.9000,true,1,183574
7290001881095,false,עגבניות שרי כבושות 5,מאמא מרי,,"עגבניות שרי 1 ק""ג",פריט,1.00,"ק""ג",false,,29.90,29.9000,true,1,183575
7290001881873,false,כרוב כבוש עם חמוציות 750 גר`מאמא מרי,מאמא - מרי בעמ,,"כרוב עם חמוציות 1 ק""",פריט,1.00,"ק""ג",false,,19.90,19.9000,true,1,181883
7290001915011,false,שווארמה פרגית מתובלת 500 גר,לאטי עזרא,,שווארמה פרגית מתובלת,קילוגרמים,1.00,"ק""ג",true,,39.90,39.9000,true,1,198301
7290001917527,false,פרש וואנס פדים להסרת איפור 80 יח' *3,דנשר (1963) בעמ,,פרש וונס פדיות קוסמט,Unknown,3.00,יחידה,false,,15.00,5.0000,true,1,138073
7290001975022,false,מאלטי דיאט טובורג 33,,,מאלטי דיאט טובורג 33,מיליליטרים,330.00,"100 מ""ל",false,,5.00,1.5152,true,1,117803
7290001975992,false,"בירה ויינשטפן 330 מ""ל בקבוק",החברה המרכזית להפצת משקאות בע,,בירה ויינשטפיין בקבו,Unknown,0.00,יחידה,false,,14.00,0.0000,true,1,113193
7290001990148,false,"סוכר גולדן קלאסי בצנצנת סוגת 1 ק""ג",האי נאם סי או אל.טי.,,סוכר גולדן קלאסי 1 ק,פריט,1.00,"ק""ג",false,,12.90,12.9000,true,1,124686
7290001990261,false,"סוגת חומוס 1 ק""ג","סוגת תעשיות בע""\מ",,"סוגת חומוס 1 ק""ג",פריט,1.00,"ק""ג",false,,14.90,14.9000,true,1,124687
7290001990278,false,"שעועית לבנה סוגת 1 ק""ג","סוגת תעשיות בע""\מ",,סוגת שעועית לבנה 1 ק,פריט,1.00,"ק""ג",false,,19.90,19.9000,true,1,124688
7290001990377,false,שעועית בובס 500 גרם סוגת,סוגת תעשיות בעמ,,סוגת שעועית בובס 500,גרמים,500.00,100 גרם,false,,11.90,2.3800,true,1,124689
7290001990391,false,אפונה יבשה 1קג סוגת,"סוגת תעשיות בע""\מ",,"סוגת אפונה 1 ק""ג",פריט,1.00,"ק""ג",false,,10.90,10.9000,true,1,124690
7290001990407,false,"עדשים ירוקים 1 ק""ג סוגת","סוגת תעשיות בע""\מ",,סוגת עדשים ירוקים 1,פריט,1.00,"ק""ג",false,,14.90,14.9000,true,1,124691
7290001990414,false,עדשים אדומות סוגת (1 קג),"סוגת תעשיות בע""\מ",,סוגת עדשים אדומים 1,פריט,1.00,"ק""ג",false,,14.90,14.9000,true,1,124692
7290001990421,false,"פופקורן גרעינים סוגת 1 ק""ג","סוגת תעשיות בע""\מ",,"סוגת פופקורן 1 ק""ג",פריט,1.00,"ק""ג",false,,8.90,8.9000,true,1,124693
7290002000136,false,מגע הדבש -שעווה להסרת שיער למיקרוגל 500 גרם,"ש. שוורץ )באר שבע( בע""\מ",,מגע המשי שעווה למיקר,גרמים,500.00,100 גרם,false,,21.90,4.3800,true,1,138074
7290002000143,false,"חדש -פנג'ל ק.ידיים קלאסיק 80מ""ל",מיוצר עי קונדיטוריית,,קרם ידים פנגל,Unknown,0.00,יחידה,false,,9.90,0.0000,true,1,138075
7290002000266,false,שעווה מגע המשי הדבש תפוח למיקרו 500 גרם,המאפיה של הרמן,,מגע המשי שעווה תפוח,גרמים,500.00,100 גרם,false,,21.90,4.3800,true,1,138076
7290002002857,false,ניירות להסרת שיער בשעווה 50 יחידות,"איטיליאן פוד, אס.פי.",,מגע המשי נייר הדבש 5,Unknown,50.00,יחידה,false,,22.90,0.4580,true,1,138080
7290002007029,false,קוקוס טחון 100 ג' הנמל,יבוא ושיווק: הנמל אר,,קוקוס 100 גרם,Unknown,0.00,יחידה,false,,4.00,0.0000,true,1,118195
7290002007302,false,סוכריות לקישוט צבע אחיד 100 ג' הנמל,קריות זול,,סוכריות לקישוט ורוד,גרמים,100.00,100 גרם,false,,5.00,5.0000,true,1,118199
7290002008224,false,סוכריות לקישוט צבעונית הנמל 100 ג',הנמל אריזות ושיווק 1984 בע`מ,,קישוט לעוגה גליד 60,Unknown,0.00,יחידה,false,,5.00,0.0000,true,1,118220
7290002008347,false,קורנפלור 500 גרם הנמל,הנמל אריזות ושיווק (1984) בעמ,,קורנפלור 500 גרם,גרמים,500.00,100 גרם,false,,6.00,1.2000,true,1,118224
7290002008774,false,שומשום הנמל 200 גרם,הנמל אריזות ושיווק 1984 בע`מ,,שומשום 200 גרם,גרמים,200.00,100 גרם,false,,8.00,4.0000,true,1,118236
7290002022152,false,מרשמלו ורוד לבן וסטהיים 100ג36X שקיות בקרטון,כרמית תעשיות ממתקים בעמ,,מרשמלו 100 גרם,גרמים,100.00,100 גרם,false,,5.90,5.9000,true,1,159116
7290002022923,false,סוכריות על מקל בטעם תות כרמית 50 יחידות,כרמית תעשיות ממתקים בעמ,,לקקנים תות פופ 50יח,גרמים,500.00,100 גרם,false,,19.90,3.9800,true,1,147195
7290002026341,false,אריסטו קראנץ ציפס בטטה טוגנים 500גר,מוצרי איכות אמריקאיים בעמ,,צ'יפס אריסטו רגיל שק,Unknown,0.00,יחידה,false,,19.90,0.0000,true,1,133108
7290002026358,false,אריסטו קראנץ צ`יפס בטטה זיגזג טוגנים 500,מוצרי איכות אמריקאיים בעמ,,צ'יפס אריסטו זיג זג,Unknown,0.00,יחידה,false,,19.90,0.0000,true,1,133109
7290002026365,false,טבעות בצל אריסטו קראנץ' 500 גרם,מוצרי איכות אמריקאיים בעמ,,טבעות בצל רשת,Unknown,0.00,יחידה,false,,13.90,0.0000,true,1,133110
7290002026587,false,וופל בלגי פרווה בראנץ אנד קראנץ 8 יח',מוצרי איכות אמריקאיים בעמ,,בראנץ אנד קראנץ וופל,גרמים,280.00,100 גרם,false,,17.90,6.3929,true,1,133114
7290002026884,false,"מאגדת גלידת בן& ג'ריס צאנקי מיקס 400 מ""ל",מוצרי איכות אמריקאיים בע,,צאנקי מיקס מאגדת רבי,גרמים,294.00,100 גרם,false,,27.90,9.4898,true,1,133116
7290002026891,false,"מאגדת גלידת בן& ג'ריס קוקי מיקס 400מ""ל",מוצרי איכות אמריקאיים בע,,קוקי מיקס מאגדת רביע,גרמים,288.00,100 גרם,false,,27.90,9.6875,true,1,133117
7290002043065,false,אקסטרה פריכיות אורז חום מלא בציפוי שוקולד מריר 70 גרם,א.ל.ייצור ושיווק תבלינים בעמ,,אקסטרה פריכוני אורז,Unknown,0.00,יחידה,false,,7.90,0.0000,true,1,170199
7290002043072,false,אקסטרה פריכיות אורז חום מלא בציפוי שוקולד חלב 70 גרם,א.ל.ייצור ושיווק תבלינים בעמ,,אקסטרה פריכוני אורז,Unknown,0.00,יחידה,false,,7.90,0.0000,true,1,170200
7290002043188,false,אקסטרה צ'יפס אורז חום מלא צ'ילי חריף 60 גרם,א.ל.ייצור ושיווק תבלינים בעמ,,צ'יפס אורז חום מלא צ,Unknown,0.00,יחידה,false,,5.90,0.0000,true,1,170186
7290002043218,false,אקסטרה צ'יפס אורז חום מלא מלח 60 גרם,א.ל.ייצור ושיווק תבלינים בעמ,,אקסטרה צ'יפס מלח ים,Unknown,0.00,יחידה,false,,5.90,0.0000,true,1,170187
7290002043225,false,אקסטרה צ'יפס אורז חום מלא פפריקה 60 גרם,א.ל.ייצור ושיווק תבלינים בעמ,,אקסטרה צ'יפס פפריקה,Unknown,0.00,יחידה,false,,5.90,0.0000,true,1,170188
7290002043379,false,אקסטרה צ'יפס אורז חום מלא עדשים שחורות 60 גרם,נוהלס ג'\י אס סי.,,אקסטרה צ'יפס פרוטאין,Unknown,0.00,יחידה,false,,6.90,0.0000,true,1,170193
7290002043782,false,אקסטרה צ'יפס אורז חום מלא טקסס ברביקיו 60 גרם,א.ל.ייצור ושיווק תבלינים בעמ,,אקסטרה צ'יפס טקסס בר,Unknown,0.00,יחידה,false,,5.90,0.0000,true,1,170195
7290002043829,false,אקסטרה פריכיות אורז חום מלא מהרי ההימלאיה 200 גרם,א.ל.ייצור ושיווק תבלינים בעמ,,אקסטרה פריכיותמלח הי,גרמים,200.00,100 גרם,false,,14.90,7.4500,true,1,170206
7290002050803,false,סוכריות גומי זארובי,זארובי,,רביעיית ממתקים 550 ג,גרמים,550.00,100 גרם,false,,29.90,5.4364,true,1,186649
7290002053101,false,אטריות ביצים בינוניות מספר 12 אוריינט 200 גרם,פ.פ.ח טאביט,,אוריינט אטריות ביצים,גרמים,200.00,100 גרם,false,,7.90,3.9500,true,1,115953
7290002053354,false,אטריות נודלס סיני להקפצה אוריינט 300 גרם,טאביט ספ.ז.או.או,,אוריינט נודלס סיני 3,גרמים,300.00,100 גרם,false,,14.90,4.9667,true,1,115955
7290002053538,false,נודלס בסגנון תאילנדי 25 תוספת אוריינטל 500 גרם,גורי מוצרי צריכה (1991) בעמ,,נודלס תאילנדי 500 גר,גרמים,500.00,100 גרם,false,,14.90,2.9800,true,1,166479
7290002057017,false,זיתים ירוקים נובו קבוצת יבנה (540 גרם),קבוצת יבנה מוצרי מזון אגודה שי,,נובו ענק ‏2‏-‏A‏ יבנ,גרמים,560.00,100 גרם,false,,10.90,1.9464,true,1,154231
7290002057031,false,זיתים מבוקעים פיקנטי קבוצת יבנה 340 גרם,"קבוצת יבנה מוצרי מזון בע""מ",,מבוקע פיקנטי ‏2‏-‏A‏,גרמים,540.00,100 גרם,false,,9.90,1.8333,true,1,154232
7290002057079,false,"זיתים מנזלינו גדול 3 ק""ג יבנה",,,מנזנילו גדול ‏10‏-‏A,Unknown,0.00,יחידה,false,,39.90,0.0000,true,1,178676
7290002057093,false,זיתים מנזנילו גדול קבוצת יבנה 340 גרם,קבוצת יבנה מוצרי מזון אגודה שי,,זיתים מנזנילו גדול ‏,גרמים,540.00,100 גרם,false,,8.90,1.6481,true,1,154238
7290002057109,false,זיתים יבנה ירוקים גדולים מאוד שום מנזלינ,קבוצת יבנה מוצרי מזון בעמ,,מנזנילו גדול מאד ‏2‏,גרמים,540.00,100 גרם,false,,9.90,1.8333,true,1,154239
7290002057123,false,זיתים ירוקים מנזנילו קבוצת יבנה 560 גרם,קבוצת יבנה מוצרי מזון אגודה שי,,חרוזית ‏2‏-‏A‏ יבנה,גרמים,540.00,100 גרם,false,,9.90,1.8333,true,1,154240
7290002057185,false,טבעות זיתים ירוקים קבוצת יבנה 560 גרם,קבוצת יבנה מוצרי מזון אגודה שי,,טבעות זיתים ירוקים ‏,גרמים,540.00,100 גרם,false,,9.90,1.8333,true,1,154246
7290002057314,false,"מלפפון במלח ‏20‏-‏15‏ ‏‏ 1.3 ק""ג ‏‏ יבנה",קבוצת יבנה מוצרי מזון בעמ,,מלפפון במלח ‏20‏-‏15,גרמים,1340.00,100 גרם,false,,14.90,1.1119,true,1,178678
7290002057321,false,"מלפפון במלח ‏25‏-‏21‏ יבנה 1.3 ק""ג",קבוצת יבנה מוצרי מזון בעמ,,מלפפון במלח ‏25‏-‏21,גרמים,720.00,100 גרם,false,,15.90,2.2083,true,1,178679
7290002057345,false,"מלפפונים במלח ‏36‏-‏30 קבוצת יבנה 1.75 ק""ג",קבוצת יבנה מוצרי מזון בעמ,,מלפפון במלח ‏36‏-‏30,גרמים,3000.00,100 גרם,false,,21.90,0.7300,true,1,154248
7290002057352,false,מלפפונים במלח ‏9‏-‏7‏ קבוצת יבנה 320 גרם,"קבוצת יבנה מוצרי מזון בע""מ",,מלפפון במלח ‏9‏-‏7‏,גרמים,560.00,100 גרם,false,,6.90,1.2321,true,1,154249
7290002057369,false,מלפפונים במלח ‏12‏-‏10‏ קבוצת יבנה 320 גרם,"קבוצת יבנה מוצרי מזון בע""מ",,מלפפון 10-12 במלח,גרמים,540.00,100 גרם,false,,8.90,1.6481,true,1,118558
7290002057376,false,מלפפונים במלח ‏17‏-‏13‏ קבוצת יבנה 320 גרם,"קבוצת יבנה מוצרי מזון בע""מ",,מלפפון במלח 13-17 יב,גרמים,540.00,100 גרם,false,,9.90,1.8333,true,1,154250
7290002057383,false,מלפפונים במלח ‏25‏-‏18‏ קבוצת יבנה 320 גרם,"קבוצת יבנה מוצרי מזון בע""מ",,מלפפון במלח ‏25‏-‏18,גרמים,540.00,100 גרם,false,,12.90,2.3889,true,1,154251
7290002057451,false,מלפפונים בחומץ ‏9‏-‏7 קבוצת יבנה 290 גרם,קבוצת יבנה מוצרי מזון אגודה שי,,מלפפון בחומץ ‏9‏-‏7‏,גרמים,540.00,100 גרם,false,,6.90,1.2778,true,1,154254
7290002057468,false,מלפפונים בחומץ בינוני קבוצת יבנה 560 גרם,"קבוצת יבנה מוצרי מזון בע""מ",,חומץ ‏12‏-‏10‏ ‏2‏-‏,גרמים,540.00,100 גרם,false,,8.90,1.6481,true,1,154255
7290002057475,false,מלפפונים בחומץ ‏17‏-‏13 קבוצת יבנה 290 גרם,קבוצת יבנה מוצרי מזון אגודה שי,,חומץ ‏17‏-‏13‏ ‏2‏A‏,גרמים,540.00,100 גרם,false,,9.90,1.8333,true,1,154256
7290002057482,false,מלפפון יבנה בחומץ קטנים מאוד 18-25 290 ג,קבוצת יבנה מוצרי מזון אגודה שי,,מלפפון חמוץ ‏25‏-‏18,גרמים,540.00,100 גרם,false,,12.90,2.3889,true,1,154257
7290002057604,false,פלפל חריף שיפקה קבוצת יבנה (540 גרם),קבוצת יבנה מוצרי מזון אגודה שי,,שיפקה ‏2‏-‏A‏ יבנה,גרמים,540.00,100 גרם,false,,6.90,1.2778,true,1,154258
7290002057734,false,זיתים חרוזית מושחר קבוצת יבנה 275 גרם,קבוצת יבנה מוצרי מזון אגודה שי,,חרוזית מושחר ‏2‏A‏ י,גרמים,540.00,100 גרם,false,,10.90,2.0185,true,1,154262
7290002065555,false,שישיית לחמנייה הכי רכה בהפסקה אנג'ל 450 גרם,מאפיית שלמה א. אנג'\ל בע,,הלחמניה הכי רכה בהפס,גרמים,450.00,100 גרם,false,,12.90,2.8667,true,1,114530
7290002065616,false,לחם שיפון גרעינים פרוס אחדות (750 גרם),מאפיית שלמה א. אנג'\ל בע,,שיפון גרעינים 750 גר,גרמים,750.00,100 גרם,false,,12.90,1.7200,true,1,114531
7290002065623,false,לחם שיפון של פעם כפרי פרוס אורנים 750 גרם,מאפיית שלמה א. אנג'\ל בע,,לחם שיפון כפרי 750 ג,גרמים,750.00,100 גרם,false,,11.90,1.5867,true,1,114532
7290002075233,false,שוקולד אייסקונפקט 250 גרם,שוקוטרייד בעמ,,אייסקונפקט 250 גרם,גרמים,250.00,100 גרם,false,,20.00,8.0000,true,1,128647
7290002077725,false,סלומון נורווגי מצונן דלידג 100ג',נטו מלינדה סחר בע`מ,,סלמון מעושן 100 ג,גרמים,100.00,100 גרם,false,,19.90,19.9000,true,1,122697
7290002079033,false,לחם דגנים לייט פרוס 500 גרם,מאפיית דוידוביץ ובניו בע,,לחם דגנים לייט פרוס,גרמים,500.00,100 גרם,false,,14.90,2.9800,true,1,155673
7290002079316,false,חלה רגילה פרוסה 500 גרם,מאפית דוידוביץ ובניו,,חלה פרוסה 500 גרם,גרמים,500.00,100 גרם,false,,10.90,2.1800,true,1,155677
7290002079361,false,לחמניות המבורגר חתוך 6+2*60 ג',מאפיית דוידוביץ ובני,,לחמניות המבורגר פרוס,גרמים,480.00,100 גרם,false,,16.90,3.5208,true,1,155679
7290002079477,false,לחם אחיד פרוס דוידוב,מאפיית דוידוביץ ובניו בע,,לחם אחיד פרוס 750 גר,גרמים,750.00,100 גרם,false,,7.91,1.0547,true,1,155680
7290002079927,false,לחם דגנים מלא דוידוב,מאפיית דוידוביץ ובני,,לחם דגנים קמח מלא 75,גרמים,750.00,100 גרם,false,,14.90,1.9867,true,1,155688
7290002079996,false,לחם אחיד קל פרוס 750 גרם,מאפיית דוידוביץ ובני,,לחם אחיד קל פרוס 750,גרמים,750.00,100 גרם,false,,14.90,1.9867,true,1,155689
7290002107071,false,גבינת פטה עיזים מעודנת 16% משק צוריאל 200 גרם,החברה המרכזית טלהפצת משקאות בע,,צוריאל בולגרית עיזים,גרמים,200.00,100 גרם,false,,23.90,11.9500,true,1,117805
7290002107385,false,גליל גבינת עיזים מה עז משק צוריאל 180 גרם,החברה המרכזית טלהפצת משקאות בע,,צוריאל גליל גבינת עי,גרמים,180.00,100 גרם,false,,22.90,12.7222,true,1,117806
7290002107491,false,גבינה לבנה מחלב עיזים למריחה 5% משק צוריאל 250 גרם,החברה המרכזית טלהפצת משקאות בע,,צוריאל גבינת עזים למ,גרמים,250.00,100 גרם,false,,14.90,5.9600,true,1,117807
7290002107798,false,גבינה בולגרית מעודנת 5% משק צוריאל 250 גרם,החברה המרכזית טלהפצת משקאות בע,,צוריאל בולגרית מעודנ,גרמים,250.00,100 גרם,false,,21.90,8.7600,true,1,117808
7290002109372,false,בורקס פילו אצבעות בולגרי 700 ג' שלושת האופים,שלושת האופים שגמור,,בורקס פילו אצבעות בו,גרמים,700.00,100 גרם,false,,19.90,2.8429,true,1,122700
7290002109464,false,בצק פילו 1קג,,,בצק פילו 1קג,Unknown,0.00,יחידה,false,,32.00,0.0000,true,1,122701
7290002121343,false,"אקזיט - ""תופסים נפח"" מוס נפח מלא 200 מ""ל",החברה הדרומית לשיווק בעמ,,מוס ליצירת נפח-GO VO,מיליליטרים,200.00,"100 מ""ל",false,,15.90,7.9500,true,1,117204
7290002129455,false,פיצה איטלקית XL גדולה שלושת האופים 450 גרם,נטו מלינדה סחר בעמ,,פיצה איטלקית גדולה 4,גרמים,450.00,100 גרם,false,,19.90,4.4222,true,1,122704
7290002129479,false,פיצה איטלקית דקה שלושת האופים 320 גר,האי נאם סי או אל.טי.,,פיצה איטלקית דקה שלו,גרמים,320.00,100 גרם,false,,13.90,4.3438,true,1,122705
7290002129486,false,פיצה איטלקית דקה זיתים 340 ג' שלושת האופים,האי נאם סי או אל.טי.,,פיצה איטלקית דקה שלו,גרמים,340.00,100 גרם,false,,14.90,4.3824,true,1,195584
7290002130567,false,דבש דבורים טהור פרחי בר יד מרדכי 350 גרם,מכוורת יד מרדכי שטראוס ב,,דבש טהור מפרחי בר בז,גרמים,350.00,100 גרם,false,,22.90,6.5429,true,1,132155
7290002130574,false,דבש טהור מפרחי בר בזכוכית 500 ג' יד מרדכי,מכוורת יד מרדכי שטראוס ב,,דבש טהור מפרחי בר בז,גרמים,500.00,100 גרם,false,,26.90,5.3800,true,1,132156
7290002132011,false,עוגיות מזרחיות עם שומשום עבאדי (400 גר),מאפיית יוסף ושמחה עבאדי,,עוגיות מזרחיות 400 ג,גרמים,400.00,100 גרם,false,,16.90,4.2250,true,1,129534
7290002133131,false,גבינה ריקוטה 5% 250 גרם,מחלבת השומרון,,מחלבת שומרון ריקוטה,גרמים,250.00,100 גרם,false,,13.60,5.4400,true,1,135119
7290002133247,false,לאבנה עם שמן זית וזעתר 5% גבינות השומרון 250 גרם,מחלבת שומרון בעמ`,,השומרון לאבנה עם זעת,גרמים,250.00,100 גרם,false,,12.90,5.1600,true,1,135121
7290002133537,false,יוגורט של פעם חלב עיזים 4% גבינות השומרון 180 גרם,מחלבת השומרון,,השומרון יוגורט של פע,גרמים,180.00,100 גרם,false,,6.90,3.8333,true,1,135124
7290002133575,false,יוגורט של פעם חלב כבשים 5% גבינות השומרון 400 גרם,מחלבת השומרון,,השומרון יוגורט של פע,גרמים,400.00,100 גרם,false,,12.10,3.0250,true,1,135126
7290002151012,false,חמים וטעים שניצל תיר,,,חמים וטעים שניצל תיר,גרמים,750.00,100 גרם,false,,29.90,3.9867,true,1,119240
7290002151548,false,קנישס פטריות,,,קנישס פטריות,Unknown,0.00,יחידה,false,,29.90,0.0000,true,1,119241
7290002157953,false,מארז נתחי טונה בהירה בשמן קנולה - 4 יחידות,נטו מלינדה סחר בע`מ,,טונה בשמן קנולה 4*14,Unknown,4.00,יחידה,false,,19.90,4.9750,true,1,122711
7290002157960,false,טונה ויליגר רביעייה 140 גר במי מלח,נטו מילנדה סחר בעמ*,,ויליגר נתחי טונה בהי,Unknown,0.00,יחידה,false,,19.90,0.0000,true,1,183190
7290002190516,false,"ריבת חלב גלעם-קומידה 500ג' 12X-כשל""פ",תומר יבוא ושיווק מוצרי מזון (1,,קומידה ממרח ריבת חלב,גרמים,500.00,100 גרם,false,,15.00,3.0000,true,1,118561
7290002232964,false,ציפוי לשניצל פז טחון דק 500 גרם דגש,"תירפז בע""מ",,צפוי פז טחון דק- ללא,גרמים,600.00,100 גרם,false,,34.90,5.8167,true,1,153501
7290002232995,false,ציפוי פז דגש 500גר ללא גלוטן.,נטורפוד בעמ,,ציפוי פז דגש 500גר,גרמים,500.00,100 גרם,false,,34.90,6.9800,true,1,153503
7290002239185,false,אפונת גינה קפואה פרי גליל 800 גרם,ויטה- פרי גליל (החדשה) בעמ,,אפונה מוקפאת 800 גרם,גרמים,800.00,100 גרם,false,,12.90,1.6125,true,1,134693
7290002239215,false,אפונה וגזר פרי הגליל 800 גרם,ויטה- פרי גליל (החדשה) בעמ,,אפונה וגזר 800 גרם,גרמים,800.00,100 גרם,false,,12.90,1.6125,true,1,134694
7290002239277,false,גזר גמדי קפוא פרי גליל 800ג',ויטה פרי גליל (החדשה) בע`מ,,גזר גמדי 800 גרם,גרמים,800.00,100 גרם,false,,11.90,1.4875,true,1,134695
7290002239297,false,גזר גמדי 800 גרם,,,גזר גמדי 800 גרם,גרמים,800.00,100 גרם,false,,11.90,1.4875,true,1,134696
7290002239307,false,שעועית צהובה חתוכה 800 גר`פרי גליל,ויטה- פרי גליל (החדשה) בעמ,,שעועית צהובה 800 גרם,גרמים,800.00,100 גרם,false,,12.90,1.6125,true,1,134697
7290002239338,false,שעועית ירוקה חתוכה800 גר`פרי גליל,ויטה- פרי גליל (החדשה) בעמ,,שעועית ירוקה 800 גרם,גרמים,800.00,100 גרם,false,,12.90,1.6125,true,1,134698
7290002239369,false,שעועית ירוקה שלמה 800 גרם פרי הגליל,ויטה פרי גליל (החדשה) בע`מ,,פרי הגליל שעועית שלמ,גרמים,800.00,100 גרם,false,,12.90,1.6125,true,1,134699
7290002239420,false,תירס גרעינים 800 ג ' פרי הגליל,ויטה- פרי גליל (החדשה) בעמ,,תירס גרעינים 800 גרם,גרמים,800.00,100 גרם,false,,12.90,1.6125,true,1,134700
7290002253006,false,שום טרי כתוש צנצנת דורות 200 גרם,קבוצת אוסם סחר-שות.מוגבלת,,דורות שום כתוש טרי 2,גרמים,200.00,100 גרם,false,,18.90,9.4500,true,1,126717
7290002253105,false,שום במגשית 20 שיניים כתושות קפוא 80,קבוצת אוסם סחר-שות.מוגבלת,,דורות מגשית קוביות ש,גרמים,80.00,100 גרם,false,,12.90,16.1250,true,1,126720
7290002253150,false,קוביות בזיליקום קצוץ דורות 70 גרם,קבוצת אוסם סחר שותפות מוגבלת,,דורות בזיליקום טרי ק,Unknown,0.00,יחידה,false,,10.90,0.0000,true,1,126721
7290002253167,false,פטרוזיליה טרייה קצוצה מוקפאת 70 גרם,קבוצת אוסם סחר שותפות מוגבלת,,דורות פטרוזליה טרייה,Unknown,0.00,יחידה,false,,10.90,0.0000,true,1,126722
7290002253181,false,כוסברה טרייה קצוצה 20 קוביות 70 גרם קפוא,קבוצת אוסם סחר שותפות מוגבלת,,דורות כוסברה טריה קצ,Unknown,0.00,יחידה,false,,10.90,0.0000,true,1,126724
7290002253198,false,ג'ינג'ר טרי כתוש במגשית 70 ג' דורות,קבוצת אוסם סחר-שות.מוגבלת,,דורות גינגר טרי כתוש,Unknown,0.00,יחידה,false,,10.90,0.0000,true,1,126725
7290002253310,false,דורות שום צילי חריף קוביות תערובת 80 גר,קבוצת אוסם סחר שותפות מוגבלת,,דורות שום צילי חריף,Unknown,0.00,יחידה,false,,12.90,0.0000,true,1,126730
7290002255031,false,סיגרים במילוי בשר חט,חטיפי אלקיים בעמ,,סיגר במילוי בשר 800,גרמים,800.00,100 גרם,false,,19.90,2.4875,true,1,172762
7290002255048,false,קובה למרק במילוי בשר,חטיפי אלקיים בעמ,,קובה למרק 800 גר אלק,גרמים,800.00,100 גרם,false,,19.90,2.4875,true,1,172763
7290002255055,false,פלאפל חטיפי אלקיים 7,חטיפי אלקיים בעמ ~~~,,פלאפל חטיפי אלקיאם 7,גרמים,400.00,100 גרם,false,,19.90,4.9750,true,1,172764
7290002255093,false,"סיגר תפו""א ק""ג חטיפו",,,"סיגר תפו""א ק""ג חטיפו",Unknown,1.00,יחידה,false,,20.00,20.0000,true,1,141089
7290002255130,false,"סיגרים במילוי תפו""א",,,"סיגרבמילוי תפו""א",גרמים,800.00,100 גרם,false,,19.90,2.4875,true,1,172767
7290002255215,false,"עלים לסיגרים מרובע בד""צ",חטיפי אלקיים בעמ ~~~,,עלי סיגר מרובע 500גר,גרמים,500.00,100 גרם,false,,9.90,1.9800,true,1,172769
7290002255260,false,פלאפל,,,פלאפל,קילוגרמים,1.00,"ק""ג",true,,20.00,20.0000,true,1,141092
7290002268239,false,"דלי טחינה הנסיך 3 ק""",,,"דלי טחינה הנסיך 3 ק""",פריט,3.00,"ק""ג",false,,69.90,23.3000,true,1,118275
7290002269984,false,"ספריי ME דאודורנט 175 מ""ל",אמיליה קוסמטיקס,,מי דאדוראנט תרסיס קל,מיליליטרים,175.00,"100 מ""ל",false,,22.90,13.0857,true,1,117205
7290002270690,false,קרם ידיים גדול קרליי,,,יד חן-קרם ידיים גדול,מיליליטרים,80.00,"100 מ""ל",false,,9.90,12.3750,true,1,173220
7290002281405,false,זוג סלט סלמון מעושן פיקנטי ויליגר 2*160 גרם,נטו מילנדה סחר בעמ*,,ויליגר סלט סלמון מעו,גרמים,320.00,100 גרם,false,,9.90,3.0938,true,1,122732
7290002281498,false,גבינה צהובה מגורדת על בסיס חלב 500 ג' ריץ,נטו מילנדה סחר בעמ*,,ריץ צהובה מגורדת 500,גרמים,500.00,100 גרם,false,,24.90,4.9800,true,1,122734
7290002319177,false,פופקורן גרעינים מיה 500 גר',מיה תעשיות מזון מ.ת.מ. בעמ,,מיה פופקורן 500 גרם,גרמים,500.00,100 גרם,false,,6.10,1.2200,true,1,134916
7290002319184,false,עדשים אדומים יבשים מיה 500 גר',מיה תעשיות מזון מ.ת.מ. בעמ,,מיה עדשים אדומים 500,גרמים,500.00,100 גרם,false,,7.90,1.5800,true,1,134917
7290002327042,false,"בורקס תפו""א 800 גר' שלושת האופים קהילות",נטו מלינדה סחר בע`מ,,"בורקס תפו""א 800 ג",גרמים,800.00,100 גרם,false,,17.90,2.2375,true,1,122738
7290002327059,false,"בצק עלים 1 ק""ג שלושת האופים קהילות",נטו מלינדה סחר בע`מ,,"בצק עלים 1ק""ג",Unknown,1.00,יחידה,false,,17.90,17.9000,true,1,122739
7290002327073,false,בורקס גבינה 800 גר' שלושת האופים קהילות,נטו מלינדה סחר בע`מ,,שלושת האופים בורקס ג,גרמים,800.00,100 גרם,false,,19.90,2.4875,true,1,122741
7290002327103,false,שלושת האופים ג'חנון תימני 900 גרם,נטו מלינדה סחר בעמ,,שלושת האופים גחנון 1,Unknown,1.00,יחידה,false,,19.90,19.9000,true,1,122742
7290002327912,false,מיני בורקס גבינה 700 גר`שלושת האופים,נטו מלינדה סחר בעמ,,מיני בורקס גבינה 700,גרמים,700.00,100 גרם,false,,19.90,2.8429,true,1,122743
7290002329602,false,עוגת שוקולד עוגל'ה 350 גרם,בני פאוזי שמשום (2009) בעמ,,עוגות שוקולד 350 גרם,גרמים,350.00,100 גרם,false,,7.90,2.2571,true,1,115058
7290002329619,false,עוגת שוקולד צ'יפס עוגל'ה 350 גרם,בני פאוזי שמשום (2009) בעמ,,עוגת שוקו צ'יפס 350,גרמים,350.00,100 גרם,false,,7.90,2.2571,true,1,115059
7290002329626,false,שיש- עוגה 350 גר' תבואות בר,בני פאוזי שמשום (2009) בעמ,,עוגות שיש 350 גרם,גרמים,350.00,100 גרם,false,,7.90,2.2571,true,1,115060
7290002329633,false,עוגת תפוח עץ עוגל'ה 350 גרם,בני פאוזי שמשום (2009) בעמ,,עוגות וניל 350 גרם,גרמים,350.00,100 גרם,false,,7.90,2.2571,true,1,115061
7290002329640,false,עוגת לימון עוגל'ה 350 גרם,בני פאוזי שמשום (2009) בעמ,,עוגות לימון 350 גרם,גרמים,350.00,100 גרם,false,,7.90,2.2571,true,1,115062
7290002329657,false,עוגת תפוז עוגל'ה 350 גרם,בני פאוזי שמשום (2009) בעמ,,עוגות תפוז 350 גרם,גרמים,350.00,100 גרם,false,,7.90,2.2571,true,1,115063
7290002329664,false,עוגת אנגלית עוגל'ה 350 גרם,בני פאוזי שמשום (2009) בעמ,,עוגות אנגלית 350 גרם,גרמים,350.00,100 גרם,false,,7.90,2.2571,true,1,115064
7290002329695,false,עוגת וניל הארץ עוגל'ה 350 גרם,בני פאוזי שמשום (2009) בעמ,,עוגת וניל 350 גרם,גרמים,350.00,100 גרם,false,,7.90,2.2571,true,1,115065
7290002329961,false,עוגת שוקוצ'ינו עוגל'ה 350 גרם,בני פאוזי שמשום (2009) בעמ,,עוגת שוקוצ'ינו 350 ג,גרמים,350.00,100 גרם,false,,7.90,2.2571,true,1,115067
7290002331018,false,"נביעות מים עם פקק ספורט 500מ""ל",החברה המרכזית להפצת משקאות בעמ,,"נביעות פקדון 500 מ""ל",מיליליטרים,500.00,"100 מ""ל",false,,3.00,0.6000,true,1,137329
7290002331025,false,"מים מינרלים נביעות ספורט 500 מ""ל פקדון",החברה המרכזית להפצת משקאות בעמ,,נביעות ספורט פקדון 5,Unknown,500.00,יחידה,false,,5.00,0.0100,true,1,137330
7290002331094,false,"מים מינרליים GO TO נביעות 755 מ""ל",החברה המרכזית להפצת משקאות בעמ,,"נביעות 755 מ""ל",מיליליטרים,755.00,"100 מ""ל",false,,4.00,0.5298,true,1,137332
7290002331322,false,שישיית מים נביעות 1.5 ליטר,נביעות טבע הגליל בעמ,,נביעות 6* 1.5 ליטר,קילוגרמים,1.50,ליטר,false,,13.90,9.2667,true,1,137339
7290002331360,false,"נביעות מים מינרליים טו גו מארז 500X6מ""ל",החברה המרכזית להפצת משקאות בעמ,,"נביעות 6 * 500 מ""ל",מיליליטרים,500.00,"100 מ""ל",false,,16.10,3.2200,true,1,137340
7290002331421,false,"שישיית מים מינרליים GO TO נביעות 755 מ""ל",החברה המרכזית להפצת משקאות בעמ,,"נביעות 6* 755 מ""ל",מיליליטרים,755.00,"100 מ""ל",false,,17.90,2.3709,true,1,137341
7290002331483,false,נביעות מים מינרלים שישיה בייבי 330 מ`ל,החברה המרכזית להפצת משקאות בעמ,,נביעות בייבי 6* 320,מיליליטרים,320.00,"100 מ""ל",false,,13.90,4.3438,true,1,137342
7290002331490,false,מים מינרלים נביעות (1 ליטר),החברה המרכזית להפצת משקאות בעמ,,נביעות 1 ליטר,קילוגרמים,1.00,ליטר,false,,2.90,2.9000,true,1,137343
7290002331940,false,נביעות+ אנרגיה 500 מ,,,נביעות+ אנרגיה 500 מ,מיליליטרים,500.00,"100 מ""ל",false,,7.00,1.4000,true,1,137347
7290002332039,false,נביעות מים בטעם משמש,,,נביעות מים בטעם משמש,מיליליטרים,500.00,"100 מ""ל",false,,7.00,1.4000,true,1,137349
7290002332053,false,נביעות מים בטעם תות,,,נביעות מים בטעם תות,מיליליטרים,500.00,"100 מ""ל",false,,7.00,1.4000,true,1,117811
7290002332626,false,דג דניס טרי שלם,,,דג דניס טרי שלם,קילוגרמים,1.00,"ק""ג",true,,64.90,64.9000,true,1,199330
7290002332633,false,דג דניס טרי שלם,,,דג דניס טרי שלם,קילוגרמים,1.00,"ק""ג",true,,64.90,64.9000,true,1,199331
7290002332640,false,דג דניס טרי שלם,,,דג דניס טרי שלם,קילוגרמים,1.00,"ק""ג",true,,64.90,64.9000,true,1,199332
7290002332657,false,דג דניס טרי שלם,,,דג דניס טרי שלם,קילוגרמים,1.00,"ק""ג",true,,64.90,64.9000,true,1,199333
7290002332701,false,דג לברק טרי שלם,,,דג לברק טרי שלם,קילוגרמים,1.00,"ק""ג",true,,64.90,64.9000,true,1,199344
7290002332718,false,דג לברק טרי שלם,,,דג לברק טרי שלם,קילוגרמים,1.00,"ק""ג",true,,64.90,64.9000,true,1,199345
7290002332725,false,דג לברק טרי שלם,,,דג לברק טרי שלם,קילוגרמים,1.00,"ק""ג",true,,64.90,64.9000,true,1,199346
7290002332756,false,דג סלמון טרי שלם,,,דג סלמון טרי שלם,קילוגרמים,1.00,"ק""ג",true,,89.90,89.9000,true,1,199355
7290002332770,false,דג קרפיון טרי שלם,,,דג קרפיון טרי שלם,קילוגרמים,1.00,"ק""ג",true,,27.90,27.9000,true,1,199356
7290002332855,false,דג דניס טרי שלם,,,דג דניס טרי שלם,קילוגרמים,1.00,"ק""ג",true,,64.90,64.9000,true,1,199317
7290002333500,false,עדשים אדומות אורגני 500 גרם - הרדוף,אול אורגני,,עדשים אדומות אורגני,גרמים,500.00,100 גרם,false,,9.90,1.9800,true,1,172806
7290002333838,false,כוסמת אורגנית ירוקה 500 גרם - הרדוף,אול אורגני,,כוסמת אורגנית 500 גר,גרמים,500.00,100 גרם,false,,9.90,1.9800,true,1,172809
7290002333968,false,עדשים צהובות חצויות אורגני 500 גר,אול אורגני,,עדשים צהובות חצויות,גרמים,500.00,100 גרם,false,,12.90,2.5800,true,1,179252
7290002345015,false,סינטה דק דק אל גאוצ'ו 250ג' מינוט,"טיבון ויל אחזקות בע""\מ",,*מבצע* סינטה אלגוצ'ו,גרמים,250.00,100 גרם,false,,16.90,6.7600,true,1,122746
7290002345022,false,אנטריקוט דק דק מינוט סטייק אל גאוצ'ו 250 גרם,"טיבון ויל אחזקות בע""\מ",,*מבצע* אנטריקוט אלגו,גרמים,250.00,100 גרם,false,,16.90,6.7600,true,1,122747
7290002345077,false,דק דק שניצל בקר 250 גר`טיבון ויל אל גא,"טיבון ויל אחזקות בע""\מ",,*מבצע* נטו שניצל בקר,גרמים,250.00,100 גרם,false,,16.90,6.7600,true,1,122748
7290002345121,false,אסאדו דקדק אל גאוצ'ו 250 גרם,"טיבון ויל אחזקות בע""\מ",,*מבצע* אסאדו דקדק 25,גרמים,250.00,100 גרם,false,,16.90,6.7600,true,1,171746
7290002348238,false,לפתן אננס חתוך 850 ג וויליגר,נטו מלינדה סחר בעמ,,אננס חתוך ויל' 820 ג,גרמים,830.00,100 גרם,false,,10.90,1.3133,true,1,180913
7290002353836,false,סרדינים רוברט בשמן זית 115 גרם,קונסרבס פורטוגל נורטה,,סר' רוברט בשמן זית 1,גרמים,120.00,100 גרם,false,,8.90,7.4167,true,1,122764
7290002360124,false,חליטת צמחים ורד הבר והיביסקוס פומפדור 20 יחידות,ש. שסטוביץ בע`מ,,פומפדור חליטת ורד הב,Unknown,20.00,יחידה,false,,16.20,0.8100,true,1,128133
7290002360230,false,חרדל דיזון גרגרים 210 גרם בורנייר,ש. שסטוביץ בע`מ,,חרדל דיזון – גרגרים,גרמים,210.00,100 גרם,false,,11.20,5.3333,true,1,128136
7290002360278,false,חליטת צמחים פומפדור מנטה 20 יחידות,"איטיליאן פוד, אס.פי.",,פומפדור חליטת מנטה 2,Unknown,20.00,יחידה,false,,16.20,0.8100,true,1,128137
7290002371403,false,טירת צבי מארז זוגות 600 ג',תנובה מרכז שיתופי לשיווק תוצרת,,טירת צבי מארז זוגות,גרמים,600.00,100 גרם,false,,28.00,4.6667,true,1,114149
7290002371526,false,דקניקים סלסולי פסטרמה שום וצילי פיקנטי טירת צבי 120 גרם,תנובה מרכז שיתופי לשיווק תוצרת,,טירת צבי סלסולי פסטר,גרמים,120.00,100 גרם,false,,14.90,12.4167,true,1,114150
7290002371533,false,דקניקים סלסולי פסטרמה דבש טירת צבי 120 גרם,תנובה מרכז שיתופי לשיווק תוצרת,,טירת צבי סלסולי פסטר,גרמים,120.00,100 גרם,false,,14.90,12.4167,true,1,114151
7290002371854,false,נקניקיות עוף חריפות טירת צבי 2 * 500 גרם,תנובה מרכז שיתופי לשיווק תוצרת,,טירת צבי נקניקיות עו,פריט,1.00,"ק""ג",false,,31.50,31.5000,true,1,114152
7290002371939,false,סרוולד בסגנון צרפתי דליקטיב 120 גרם,תנובה מרכז שיתופי לשיווק תוצרת,,טירת צבי סרוולד צרפת,גרמים,120.00,100 גרם,false,,26.90,22.4167,true,1,114153
7290002374268,false,שמן חמניות מזוכך ללא כולסטרול 1 ליטר,סוגת תעשיות בעמ,,שמן חמניות מילומור 1,קילוגרמים,1.00,ליטר,false,,10.90,10.9000,true,1,129359
7290002374312,false,שמן קנולה מזוכך 6% מילומור (1 ליטר),"נארז ע""י : א.ג. גילר",,שמן קנולה מילומור 1,קילוגרמים,1.00,ליטר,false,,10.90,10.9000,true,1,129360
7290002374640,false,שמן בריאות קנולה פלוס אומגה 3 עץ הזית 1 ליטר,סוגת תעשיות בעמ,,עץ הזית שמן קנולה פל,קילוגרמים,1.00,ליטר,false,,16.90,16.9000,true,1,129363
7290002375394,false,סטנד לרושה 300גרם רי,ליימן מותגים,,סטנד לרושה 300גרם רי,Unknown,0.00,יחידה,false,,0.01,0.0000,true,1,121007
7290002410713,false,קישקע- מעדני הטלה מוביל,לאטי עזרא גלם ודגים,,מעדני הטלה קישקע ממו,גרמים,500.00,100 גרם,false,,10.90,2.1800,true,1,122777
7290002439981,false,קלאסיקו קבב בקר אל גאוצ'ו,"טיבון ויל אחזקות בע""\מ",,אל גאוצו קלאסיקו קבב,Unknown,0.00,יחידה,false,,23.90,0.0000,true,1,122792
7290002439998,false,קלאסיקו קבב בקר וכבש אלג,טיבון ויל - נטו,,אל גאוצו קלאסיקו קבב,Unknown,0.00,יחידה,false,,23.90,0.0000,true,1,122793
7290002444336,false,בשר מוכשר מס. 6,,,בשר מוכשר מס. 6,קילוגרמים,1.00,"ק""ג",true,,35.00,35.0000,true,1,122794
7290002461562,false,מיני מרגז מעדני הטלה,מעדני הטלה והעגל,,מעדני הטלה נקניקיות,גרמים,500.00,100 גרם,false,,24.90,4.9800,true,1,122796
7290002478041,false,מעדני הטלה נקניקיות,,,מעדני הטלה נקניקיות,גרמים,400.00,100 גרם,false,,10.90,2.7250,true,1,122798
7290002487364,false,שלושת האופים ב. פילו גבינה זיתים 700 גר לנדא,שלושת האופים שגמור,,שלושת האופים ב. פילו,גרמים,700.00,100 גרם,false,,19.90,2.8429,true,1,122801
7290002488057,false,"תמר מגהול פרימיום 2 ק""",,,"תמרים מגהול 2 ק""ג",פריט,2.00,"ק""ג",false,,59.90,29.9500,true,1,191478
7290002488460,false,תמר מג'הול עסיסי 500 גר,,,תמר מגהול עסיסי 500,גרמים,500.00,100 גרם,false,,34.90,6.9800,true,1,199697
7290002496557,false,תמר לח בשקית 500גרם,פרי וירק טמרה ושותפי,,תמר לח 500 גרם,גרמים,500.00,100 גרם,false,,9.90,1.9800,true,1,148577
7290002515333,false,"ד""ר פישר - קמיל בלו סנסיטיב אל סבון עדין לתינוק 500 מ""ל","פישר תעשיות פרמצביטות בע""מ",,קמיל בלו סנסיטיב מוע,מיליליטרים,500.00,"100 מ""ל",false,,22.00,4.4000,true,1,136847
7290002515364,false,"קמיל בלו אל סבון לתינוק קלאסיק ד""ר פישר 500 מ""ל","פישר תעשיות פרמצביטות בע""מ",,קמיל בלו קלאסי 500 מ,מיליליטרים,500.00,"100 מ""ל",false,,18.90,3.7800,true,1,136848
7290002515371,false,"קמיל בלו אל סבון לתינוקות ד""ר פישר 1 ליטר","פישר תעשיות פרמצביטות בע""מ",,קמיל בלו קלאסיק 1 לי,קילוגרמים,1.00,ליטר,false,,32.00,32.0000,true,1,136849
7290002543237,false,דגני בוקר קלוגס קורנפלקס 750 גרם,קלוגס קומפני אוף גרייט ב,,קורנפלקס 750 גרם,גרמים,750.00,100 גרם,false,,15.90,2.1200,true,1,140644
7290002552284,false,גולד עוגת גבינה תות שדה,"ריאו נתניה ביח""\ר לגלידה",,גולד גלידה עוגת גבינ,קילוגרמים,1.40,ליטר,false,,17.90,12.7857,true,1,142940
7290002552383,false,קלסיק בטעם שוקו וניל,,,קלסיק בטעם שוקו וניל,קילוגרמים,2.00,ליטר,false,,9.90,4.9500,true,1,142946
7290002560012,false,נורמה שקיות ריצרץ לא,,,נורמה שקיות ריצרץ לא,Unknown,0.00,יחידה,false,,7.90,0.0000,true,1,164102
7290002560029,false,שקיות ריצרץ מדיום 15,,,שקיות ריצרץ מדיום 15,Unknown,0.00,יחידה,false,,6.90,0.0000,true,1,164103
7290002560036,false,רדיד אלומיניום מעוצב,,,נורמה רדיד אלומניום,Unknown,0.00,יחידה,false,,11.90,0.0000,true,1,167928
7290002560050,false,ש.אשפה נורמה שרוך 52,,,ש.אשפה נורמה שרוך 52,Unknown,100.00,יחידה,false,,19.90,0.1990,true,1,144370
7290002560081,false,שקיות הקפאת מזון 25/,,,נורמה הקפאת מזון 25/,Unknown,0.00,יחידה,false,,9.90,0.0000,true,1,144373
7290002560098,false,נורמה שקיות אשפה ריח,,,נורמה שקיות אשפה ריח,Unknown,25.00,יחידה,false,,9.90,0.3960,true,1,177306
7290002560135,false,נורמה ניילון נצמד 15,,,נורמה ניילון נצמד 15,Unknown,0.00,יחידה,false,,19.90,0.0000,true,1,144377
7290002560159,false,שקיות אשפה עבות נשלפ,קריות זול,,נורמה שקיות אשפה חזק,Unknown,0.00,יחידה,false,,19.90,0.0000,true,1,157701
7290002560227,false,נורמה גופייה 75/90 2,קריות זול,,נורמה גופייה 75/90 2,Unknown,0.00,יחידה,false,,13.90,0.0000,true,1,144380
7290002560272,false,נורמה אשפתון 75/90 5,,,נורמה אשפתון 75/90 5,Unknown,0.00,יחידה,false,,14.90,0.0000,true,1,169875
7290002560289,false,ש.אשפה 70*52 נורמה י,,,ש.אשפה 70*52 נורמה י,Unknown,0.00,יחידה,false,,7.90,0.0000,true,1,144382
7290002560333,false,שקיות אוכל מארז שלשה,,,שקיות אוכל 150 יח' נ,Unknown,0.00,יחידה,false,,12.90,0.0000,true,1,144383
7290002560500,false,שקיות זיפר מדיום 50,,,שקיות זיפר מדיום 50,Unknown,0.00,יחידה,false,,10.90,0.0000,true,1,164104
7290002560517,false,שקיות זיפר לארג 20 י,,,שקיות זיפר לארג 20 י,Unknown,0.00,יחידה,false,,7.90,0.0000,true,1,164105
7290002560777,false,נורמה נייר אפיה 50 י,,,נורמה נייר אפיה 50 י,Unknown,0.00,יחידה,false,,9.90,0.0000,true,1,170238
7290002560975,false,נורמה שקיות אשפה ריח,,,נורמה שקיות אשפה ריח,Unknown,0.00,יחידה,false,,12.90,0.0000,true,1,196611
7290002579038,false,קיסמי שיניים 300 יח',,,קיסמי שיניים 300 יח',Unknown,300.00,יחידה,false,,4.00,0.0133,true,1,118802
7290002579373,false,משחת נעליים. 40 גרם,אין לי שם,,משחת נעליים. 40 גרם,Unknown,0.00,יחידה,false,,3.00,0.0000,true,1,180952
7290002579601,false,קיסם דנטלי משושה,,,קיסם דנטלי משושה,Unknown,0.00,יחידה,false,,12.00,0.0000,true,1,118813
7290002579632,false,פלסטרים עמידים במים,חביב את פרנק בעמ (לוגיסטי ),,פלסטרים עמידים במים,Unknown,30.00,יחידה,false,,6.00,0.2000,true,1,118814
7290002603696,false,בורקס פילו שגב XL גבינה שגב 450 גרם לנדא,שלושת האופים שגמור,,שגב מקלות פילו גבינה,גרמים,450.00,100 גרם,false,,19.90,4.4222,true,1,122821
7290002608127,false,בייגל רומני פילסברי,ג נרל מילס ישראל בעמ,,בייגל רומני,Unknown,0.00,יחידה,false,,4.50,0.0000,true,1,116344
7290002608509,false,לחם מחמצת זיתי קלמנט,,,לחם מחמצת זיתי קלמטה,גרמים,530.00,100 גרם,false,,16.90,3.1887,true,1,116349
7290002608516,false,לחם מחמצת מקמח מלא 5,פילסברי,,לחם מחמצת מקמח מלא 5,גרמים,530.00,100 גרם,false,,16.90,3.1887,true,1,116350
7290002608769,false,לחם מחמצת טוסקני דגנ,פילסברי,,לחם מחמצת טוסקני דגנ,גרמים,530.00,100 גרם,false,,16.90,3.1887,true,1,116353
7290002617709,false,"שרימפס מקולף גמבו 1 ק""ג קפוא 16/20",,,שרימפס 16/20 מקולף,Unknown,0.00,יחידה,false,,109.90,0.0000,true,1,137097
7290002617723,false,"שרימפס מקולף 1 ק""ג גדול קפוא 26/30",,,שרימפס 26/30 מוקלף 1,גרמים,1000.00,100 גרם,false,,99.90,9.9900,true,1,137098
7290002651116,false,גחנון חמסי ארוז 1 קג,מאפיית אריאל,,חמסי גחנון 1 קילו,Unknown,1.00,יחידה,false,,15.90,15.9000,true,1,122823
7290002651123,false,מלאווח חמסי ארוז 1 ק,מאפיית אריאל,,"חמסי מלווח 1 ק""ג",גרמים,1000.00,100 גרם,false,,15.90,1.5900,true,1,120711
7290002651253,false,גחנון אפוי חמסי 600 גרם,מעדני הטלה,,חמסי גחנון אפוי 6 יח,גרמים,600.00,100 גרם,false,,15.90,2.6500,true,1,122824
7290002654667,false,תערובת להכנת עוגת וניל כהאנס 560ג',נאמן לאורך זמן בעמ,,תערובת להכנת עוגת ונ,גרמים,560.00,100 גרם,false,,15.90,2.8393,true,1,121928
7290002654674,false,תערובת להכנת עוגת שוקולד כהאנס 560ג',נאמן לאורך זמן בעמ,,עוגת אינגליש שוקולד,גרמים,560.00,100 גרם,false,,15.90,2.8393,true,1,121929
7290002654681,false,תערובת להכנת כדורי שוקולד 500ג',נאמן לאורך זמן בעמ,,כדורי שוקולד 500 גרם,גרמים,500.00,100 גרם,false,,15.90,3.1800,true,1,121930
7290002657408,false,נתחי טונה בשמן 960 ג' פוסידון,נטו מלינדה סחר בע`מ,,טונה פוסידון בשמן 1,פריט,1.00,"ק""ג",false,,28.90,28.9000,true,1,122828
7290002657453,false,פילה הליבוט ואקום,,,פילה הליבוט ואקום,קילוגרמים,1.00,"ק""ג",true,,80.00,80.0000,true,1,122829
7290002692096,false,שמן סויה מגד פלסטיק,,,שמן סויה מגד פלסטיק,פריט,16.00,"ק""ג",false,,120.00,7.5000,true,1,129364
7290002692393,false,שמן קנולה מזוכך מועשר עץ הזית (1 ליטר),סוגת תעשיות בעמ,,שמן קנולה מועשר עץ ה,קילוגרמים,1.00,ליטר,false,,15.90,15.9000,true,1,129365
7290002692478,false,"שמן זית כתית מעולה קלאסי מעודן 750 מ""ל עץ הזית","מרקאולאו, ספרד.אבסה,",,שמן זית כתית מעולה ק,מיליליטרים,750.00,"100 מ""ל",false,,33.60,4.4800,true,1,129367
7290002692768,false,"תרסיס שמן קנולה מזוכך ללא תוספת גז עץ הזית 200 מ""ל",טרנסומס פוד איי בי,,עץ הזית תרסיס מופחת,מיליליטרים,200.00,"100 מ""ל",false,,15.90,7.9500,true,1,129369
7290002692775,false,"תרסיס שמן קנולה בטעם חמאה עץ הזית 200 מ""ל",סוגת תעשיות בעמ,,עץ הזית תרסיס שמן קנ,מיליליטרים,200.00,"100 מ""ל",false,,15.90,7.9500,true,1,129370
7290002692782,false,"תרסיס שמן זית כתית מעולה ללא תוספת גז עץ הזית 150 מ""ל",י.ב טכנולוגיות אריזה,,עץ הזית תרסיס מופחת,מיליליטרים,148.00,"100 מ""ל",false,,15.90,10.7432,true,1,129371
7290002707134,false,"קמח חיטה לבן בהיר 1ק""ג",טחנות קמח מפרץ בעמ,,"קמח מפרץ 1 ק""ג",פריט,1.00,"ק""ג",false,,4.00,4.0000,true,1,119275
7290002707141,false,"סולת 1ק""ג",,,"סולת 1ק""ג",פריט,1.00,"ק""ג",false,,4.00,4.0000,true,1,119276
7290002707172,false,"סולת 1 ק""ג",,,"סולת 1 ק""ג",פריט,1.00,"ק""ג",false,,4.00,4.0000,true,1,119278
7290002715375,false,קבב יווני טיבון ויל 400 גרם,טיבון ויל אחזקות בעמ,,קבב יווני 400 גרם,גרמים,400.00,100 גרם,false,,19.90,4.9750,true,1,122832
7290002715504,false,ארוחת נודלס בטעם עוף מג`יק (70 גרם),נטו מלינדה סחר בע`מ,,מגיק טעם עוף בכוס 70,Unknown,0.00,יחידה,false,,5.90,0.0000,true,1,122833
7290002715511,false,ארוחת נודלס בטעם בשר מג`יק (70 גרם),נטו מלינדה סחר בע`מ,,מגיק טעם בשר בכוס 70,Unknown,0.00,יחידה,false,,5.90,0.0000,true,1,122834
7290002715528,false,ארוחת נודלס בטעם ירקות מג`יק (70 גרם),נטו מילנדה סחר בעמ*,,מגיק טעם ירקות בכוס,Unknown,0.00,יחידה,false,,5.90,0.0000,true,1,122835
7290002715580,false,ארוחת נודלס בטעם סיני חריף מג'יק 70 גרם,נטו מילנדה סחר בעמ*,,מגיק טעם סיני בכוס 7,Unknown,0.00,יחידה,false,,5.90,0.0000,true,1,122837
7290002730521,false,צימרוני אוזניים בלונס בקופסא 200 יח',ש. שסטוביץ בע`מ,,בלונס צמרונים בקופסא,Unknown,200.00,יחידה,false,,6.90,0.0345,true,1,111144
7290002730675,false,"קולגייט משחת שיניים אדומה משפחתי 100 מ""ל",קולגייט-פלמוליב,,קולגייט אדומה משחת,גרמים,100.00,100 גרם,false,,13.90,13.9000,true,1,128145
7290002730811,false,"משחת שיניים ג'ל פסים מרעננים קולגייט 100 מ""ל",הנסיך- מפעל לייצור ט,,קולגייט משחת שיניים,גרמים,100.00,100 גרם,false,,12.90,12.9000,true,1,111145
7290002730903,false,פלמוליב סבון מוצק ורדים רביעייה * 125 ג',הנסיך- מפעל לייצור ט,,פלמוליב סבון מוצק ור,גרמים,500.00,100 גרם,false,,15.90,3.1800,true,1,128146
7290002730941,false,כדורי צמר גפן בלונס 100 יחידות,הנסיך- מפעל לייצור ט,,בלונס צמר גפן פרוס,גרמים,100.00,100 גרם,false,,6.90,6.9000,true,1,111146
7290002730958,false,סבון מוצק בניחוח זיתים ואלוורה פלמוליב 4*100 גרם,הנסיך- מפעל לייצור ט,,פלמוליב סבון מוצק  י,גרמים,400.00,100 גרם,false,,15.90,3.9750,true,1,128148
7290002750178,false,ג'בטה 180 כפרית,פילסברי,,גבטה 180 כפרית,Unknown,0.00,יחידה,false,,5.00,0.0000,true,1,116357
7290002750338,false,לחם רוסטיק עגבניות מ,פילסברי,,לחם עגבניות מיובשות,גרמים,530.00,100 גרם,false,,16.90,3.1887,true,1,116359
7290002750383,false,לחם מחמצת טוסקני כפר,פילסברי,,לחם מחמצת טוסקני כפר,גרמים,530.00,100 גרם,false,,16.90,3.1887,true,1,116360
7290002750451,false,לחם מחמצת טוסקני לבן,פילסברי,,לחם מחמצת טוסקני לבן,גרמים,530.00,100 גרם,false,,15.90,3.0000,true,1,116362
7290002750925,false,חצי בגט כפרי / שמיני,,,חצי בגט כפרי / שמיני,Unknown,0.00,יחידה,false,,5.90,0.0000,true,1,116365
7290002752332,false,"סוכריות מנטוס פירות בגליל, 37.5 גרם",הדקלאים אגודת שיתופי,,מנטוס פירות בגליל 37,Unknown,0.00,יחידה,false,,3.30,0.0000,true,1,121008
7290002752349,false,סוכריות מנטוס מנטה 40יח' בגליל 38ג',ליימן שליסל בעמ,,מנטוס מנטה בגליל 37.,Unknown,0.00,יחידה,false,,3.30,0.0000,true,1,121009
7290002753995,false,סוכריות עדשים לקישוט עוגה וורנר 6*25 גרם,היינץ צפון אמריקה מק,,ערכת קישוטי עוגה 150,גרמים,150.00,100 גרם,false,,18.20,12.1333,true,1,121014
7290002757139,false,מלוואח 700 גר' שלושת האופים קהילות,נטו מלינדה סחר בע`מ,,שלושת האופים מלוואח,גרמים,700.00,100 גרם,false,,15.90,2.2714,true,1,122841
7290002757511,false,דלידג קציצות דג לבישול 750 גר קהילות,נטו מלינדה סחר בע`מ,,דלידג קציצות דג לביש,גרמים,750.00,100 גרם,false,,26.90,3.5867,true,1,122843
7290002757528,false,"בורקס פילו תפו""א 700 גרם שלושת האופים",שלושת האופים שגמור,,"בורקס פילו תפו""א 700",גרמים,700.00,100 גרם,false,,19.90,2.8429,true,1,122844
7290002757535,false,בורקס פילו אצבעות גבינה שלושת האופים 700 גרם,שלושת האופים שגמור,,בורקס פילו אצבעות גב,גרמים,700.00,100 גרם,false,,19.90,2.8429,true,1,122845
7290002757665,false,קבב מזרחי טיבון ויל 400 ג',נטו מלינדה סחר בעמ,,קבב מזרחי 400 גרם,גרמים,400.00,100 גרם,false,,11.90,2.9750,true,1,122847
7290002757672,false,המבורגר מזרחי טיבון ויל 400ג',נטו מילנדה סחר בעמ*,,המבורגר 400גרם נטו,גרמים,400.00,100 גרם,false,,11.90,2.9750,true,1,122848
7290002757719,false,"בצק עלים 1 ק""ג סדרה אדומה [נטו]",אופרה,,"בצק עלים 1ק""ג",Unknown,1.00,יחידה,false,,14.90,14.9000,true,1,122850
7290002757733,false,ג'חנון 650 ג' שלושת האופים,אופרה,,שלושת האופים גחנון 6,גרמים,650.00,100 גרם,false,,11.90,1.8308,true,1,122852
7290002757740,false,"בורקס תפו""א 700 גרם הסדרה האדומה [נטו]",אופרה,,בורקס תפוא 700 גר,גרמים,700.00,100 גרם,false,,14.90,2.1286,true,1,122853
7290002757757,false,מלוואח 700 ג' שלושת האופים,נטו מלינדה סחר בע`מ,,שלושת האופים מלוואח,גרמים,700.00,100 גרם,false,,13.90,1.9857,true,1,122854
7290002757764,false,"סול ואקום 1ק""ג",,,"סול ואקום 1ק""ג",Unknown,1.00,יחידה,false,,35.00,35.0000,true,1,122855
7290002768036,false,"מי פה תיאדנט ענק מונע עששת 150מ""ל",החברה הדרומית לשיווק בעמ,,תיאדנט מי-פה לבן 150,מיליליטרים,150.00,"100 מ""ל",false,,14.90,9.9333,true,1,158093
7290002768043,false,"תיאדנט מי-פה ענק פלאוריד 150 מ""ל",החברה הדרומית לשיווק בעמ,,תיאדנט מי-פה ירוק 15,מיליליטרים,150.00,"100 מ""ל",false,,14.90,9.9333,true,1,158094
7290002768159,false,"קצף אמבט בת אורן קרליין 500 מ""ל",החברה הדרומית לשיווק בעמ,,בת אורן-סבון אמבט נו,מיליליטרים,500.00,"100 מ""ל",false,,19.90,3.9800,true,1,117211
7290002769316,false,קראנץ שמרים 500 גרם,ר.כ עוגיות הזהב,,קראנץ שמרים 500 גרם,גרמים,500.00,100 גרם,false,,13.90,2.7800,true,1,176977
7290002769347,false,עוגיות מובחרות בדלי 600 גר' שיווק הזהב,עוגיות הזהב,,עוגיות בדלי הזהב 50,גרמים,700.00,100 גרם,false,,15.90,2.2714,true,1,189965
7290002769392,false,עוגיות סדרת פרמיום עבודת ד,ר.כ עוגיות הזהב,,עוגיות פרימיום מיוחד,Unknown,0.00,יחידה,false,,21.90,0.0000,true,1,189969
7290002769675,false,עוגת מאפינס פרג 450 גר',אחווה,,מאפינס ללא סוכר 450,גרמים,450.00,100 גרם,false,,13.90,3.0889,true,1,189967
7290002769910,false,עוגיות מיוחדות ללא סוכר 300 גר',מאפיית ישראל חיפה,,עוגיות ללא תוספת סוכ,גרמים,350.00,100 גרם,false,,13.90,3.9714,true,1,189968
7290002769996,false,קראנץ' מאפים מתוקים,ר.כ עוגיות הזהב,,קרנץ מאפים מתוקים,Unknown,0.00,יחידה,false,,15.90,0.0000,true,1,189970
7290002775010,false,מיני בורקס פילו גבינה שלושת האופים מהדרין 650 ג',שלושת האופים שגמור,,מיני בורקס פילו גבינ,גרמים,650.00,100 גרם,false,,19.90,3.0615,true,1,122856
7290002775898,false,עוגת מוס בלגי 850 ג' ריצ',בטר אנד דיפרנט,,ריצ עוגת מוס בלגי 85,גרמים,850.00,100 גרם,false,,69.90,8.2235,true,1,122864
7290002781073,false,מיץ לימון מיטב 4 ליט,,,מיץ לימון מיטב 4 ליט,קילוגרמים,4.00,ליטר,false,,14.90,3.7250,true,1,153354
7290002781080,false,חרדל אמיתי 550 ג' מיטב,מיטב,,ממרח חרדל 550 גר,גרמים,550.00,100 גרם,false,,9.90,1.8000,true,1,153355
7290002781103,false,חומץ 5% 4 ליטר,,,חומץ 5% 4 ליטר,קילוגרמים,1.00,ליטר,false,,14.90,14.9000,true,1,153357
7290002781165,false,"*מיונז אמיתי 5 ק""ג מ",,,"*מיונז אמיתי 5 ק""ג מ",פריט,5.00,"ק""ג",false,,79.90,15.9800,true,1,153358
7290002781240,false,מיץ לימון משומר 1 ל' מיטב,מיטב,,מיץ לימון משומר 1 לי,קילוגרמים,1.00,ליטר,false,,5.90,5.9000,true,1,153360
7290002781257,false,חומץ 1 ליטר כהה-בהיר,מיטב,,חומץ 1 ליטר כהה-בהיר,קילוגרמים,1.00,ליטר,false,,5.90,5.9000,true,1,153361
7290002781264,false,סירופ בטעם שוקולד 700 גרם,מיטב,,סירופ שוקולד 740 מל,גרמים,700.00,100 גרם,false,,10.90,1.5571,true,1,153362
7290002781394,false,רוטב שום מיטב 4ל',,,רוטב שום 4ליטר,קילוגרמים,4.00,ליטר,false,,54.90,13.7250,true,1,153367
7290002781660,false,*ממרח חרדל 5.700 מוס,,,*ממרח חרדל 5.700 מוס,פריט,5.70,"ק""ג",false,,44.90,7.8772,true,1,153371
7290002781776,false,ריבת דובדבנים מיטב 450 ג',,,ריבת דובדבנים 450גר,גרמים,450.00,100 גרם,false,,9.90,2.2000,true,1,153373
7290002781899,false,ריבה בטעם תפוז מיטב 820 ג',מיטב,,ריבה בטעם תפוז 880 ג,גרמים,880.00,100 גרם,false,,9.90,1.1250,true,1,153375
7290002781905,false,ריבה בטעם מעורבת 820 ג' מיטב,מיטב (ג.ש) תעשיות מזון שותפות,,ריבה מעורבת 880 גרם,גרמים,880.00,100 גרם,false,,9.90,1.1250,true,1,153376
7290002781912,false,ריבה תות שדה בצנצנת מיטב,מיטב (ג.ש) תעשיות מזון שותפות,,ריבה בטעם תות 880 גר,גרמים,880.00,100 גרם,false,,9.90,1.1250,true,1,153377
7290002781929,false,ריבת משמש 820 ג' מיטב,מיטב,,ריבת משמש 880 גרם,גרמים,880.00,100 גרם,false,,9.90,1.1250,true,1,153378
7290002782131,false,"פנינה רוזנבלום - דאודורנט ספריי לאישה מס' 1 150 מ""ל","פנינה רוזנבלום בע""מ",,פנינה דאודורנט ספריי,מיליליטרים,150.00,"100 מ""ל",false,,23.90,15.9333,true,1,135145
7290002782742,false,"פנינה רוזנבלום - דאודורנט ספריי לאישה מס' 2 150 מ""ל","פנינה רוזנבלום בע""מ",,פנינה דאודורנט ספריי,מיליליטרים,150.00,"100 מ""ל",false,,20.00,13.3333,true,1,135147
7290002782759,false,קרם גוף מספר 2 פנינה רוזנבלום (340 מל),"פנינה רוזנבלום בע""מ",,קרם גוף פנינה רוזנבל,Unknown,400.00,יחידה,false,,26.90,0.0672,true,1,135148
7290002787167,false,טונה במים ויליגר 140 גרם,,,ויליגר טונה במים בוד,Unknown,0.00,יחידה,false,,6.00,0.0000,true,1,122865
7290002787884,false,"מקלות פילו תפו""א 600 גרם שלושת האופים",נטו מלינדה סחר בע`מ,,שלושת האופים מקלות פ,Unknown,0.00,יחידה,false,,19.90,0.0000,true,1,122868
7290002787891,false,מקלות פילו תרד 600 גרם שלושת האופים,נטו מלינדה סחר בע`מ,,שלושת האופים מקלות ב,גרמים,650.00,100 גרם,false,,19.90,3.0615,true,1,122869
7290002805151,false,סיף פנטסטיק לרצפות בניחוח סחלבים 4ל',יוניליוור ישראל שיווק בע`מ,,סיף פנטסטיק רצפות בנ,קילוגרמים,4.00,ליטר,false,,19.90,4.9750,true,1,111089
7290002808312,false,סירופ פנקייק ט.מייפל,קאריג' האוס,,סירופ פנקייק ט.מייפל,Unknown,709.00,יחידה,false,,25.00,0.0353,true,1,136796
7290002814016,false,"מסיר שומנים מתז 750 מ""ל סנט מוריץ כשל""פ עד""ח",קומפלקס כימיקלסבעמ ~~~,,מסיר שומנים סנט מורי,מיליליטרים,750.00,"100 מ""ל",false,,14.90,1.9867,true,1,111155
7290002814054,false,סנט מוריץ מתז אנטרטיק מתז 1 ליטר,קומפלקס כימיקלסבעמ ~~~,,אנטרטיק 1 ליטר מתז,קילוגרמים,1.00,ליטר,false,,11.90,11.9000,true,1,131374
7290002814078,false,סנט מוריץ נוזל לניקוי אמבט אנטרטיק 1ל',קומפלקס כימיקלסבעמ ~~~,,נוזל לניקוי אמבט אנט,מיליליטרים,1000.00,"100 מ""ל",false,,10.00,1.0000,true,1,131376
7290002814153,false,שלישייה סבון אסלה לימון סנט מוריץ,מיס פלורה,,סנט מוריץ סבון אסלה,Unknown,0.00,יחידה,false,,11.90,0.0000,true,1,197354
7290002814221,false,שלישייה סבון אסלה לבנדר סנט מוריץ,מיס פלורה,,סנט מוריץ סבון אסלה,Unknown,0.00,יחידה,false,,11.90,0.0000,true,1,197355
7290002814238,false,הום רדיד אלומיניום ז,,,הום רדיד אלומיניום ז,Unknown,0.00,יחידה,false,,12.90,0.0000,true,1,202518
7290002814252,false,נוזל רצפות אוקיינוס 2 ל',קומפלקס כימיקלים,,הום רדיד אלומיניום ז,Unknown,0.00,יחידה,false,,19.90,0.0000,true,1,202519
7290002814283,false,"מילוי מכשיר אוויר 250 מ""ל fashion imagination סנט מוריץ",סורה קוסמטיקס,,fashion imagination,מיליליטרים,250.00,"100 מ""ל",false,,12.90,5.1600,true,1,196888
7290002814290,false,קצף מרוכז blanco בניחוח לימון משמיד 99.9% חיידקים סנט מוריץ 1 ליטר,קומפלקס כימיקלים בעמ,,קצף מרוכז 1 ליטרבניח,קילוגרמים,4.00,ליטר,false,,11.90,2.9750,true,1,159318
7290002814382,false,הום 60 שקיות לאשפה ע,,,הום 60 שקיות לאשפה ע,Unknown,0.00,יחידה,false,,16.90,0.0000,true,1,197340
7290002814412,false,סנט מוריץ נוזל כלים 1.6 ליטר לימון ליים 18%,קומפלקס כימיקלים בעמ,,*מבצע* סנט מוריץ שמפ,קילוגרמים,1.50,ליטר,false,,9.90,6.6000,true,1,131384
7290002814467,false,מטהר אויר תרסיס ונילה לבנדר,,,מטהר אוויר תרסיס 250,Unknown,0.00,יחידה,false,,9.90,0.0000,true,1,160251
7290002814481,false,עלמה שקיות מזון בקופסא 150 יח' מארז שלישיה,קומפלקס כימיקלים בעמ,,עלמה שקיות מזון 3*15,Unknown,0.00,יחידה,false,,12.90,0.0000,true,1,168383
7290002814498,false,"סנט מוריץ - מרסס חומץ לניקוי כללי 750 מ""ל",קומפלקס כימיקלסבעמ ~~~,,סנט מוריץ מתז חומץ 7,מיליליטרים,750.00,"100 מ""ל",false,,9.90,1.3200,true,1,166320
7290002814528,false,סנט מוריץ נוזל לאסלה No1 ירוק 1 ליטר,קומפלקס כימיקלסבעמ ~~~,,נוזל אסלות 1 ליטר,קילוגרמים,1.00,ליטר,false,,6.90,6.9000,true,1,111156
7290002814597,false,סנט מוריץ טורנדו נוזל לפתיחת סתימות 1 לי,קומפלקס כימיקלסבעמ ~~~,,טורנדו נוזל לפתיחת ס,קילוגרמים,1.00,ליטר,false,,19.90,19.9000,true,1,131393
7290002814603,false,"סנט מוריץ - מרסס מסיר שומנים קר מבושם לימון 750 מ""ל",קומפלקס כימיקלים בעמ,,מסיר שומנים קר מבושם,מיליליטרים,750.00,"100 מ""ל",false,,14.90,1.9867,true,1,131394
7290002814634,false,כפפות לטקס ללא אבקה מידה S עלמה,קומפלקס כימיקלים,,עלמה כפפות לטקס ללא,Unknown,0.00,יחידה,false,,19.90,0.0000,true,1,197356
7290002814641,false,כפפות לטקס ללא אבקה מידה M עלמה,קומפלקס כימיקלים,,עלמה כפפות לטקס ללא,Unknown,0.00,יחידה,false,,19.90,0.0000,true,1,197357
7290002814658,false,כפפות לטקס ללא אבקה מידה L עלמה,קומפלקס כימיקלים,,עלמה כפפות לטקס ללא,Unknown,0.00,יחידה,false,,19.90,0.0000,true,1,197358
7290002814665,false,סנט מוריץ - מרסס מסיר עובש 1 ליטר,קומפלקס כימיקלים,,מתז מסיר עובש 1 ליטר,Unknown,0.00,יחידה,false,,11.90,0.0000,true,1,175384
7290002814672,false,כפפות לטקס ללא אבקה מידה XL עלמה,קומפלקס כימיקלים,,עלמה כפפות לטקס ללא,Unknown,0.00,יחידה,false,,19.90,0.0000,true,1,197359
7290002814702,false,הום 25 שקיות גופיה ל,,,הום 25 שקיות גופיה ל,Unknown,0.00,יחידה,false,,12.90,0.0000,true,1,197341
7290002814719,false,נוזל רצפות סנט מוריץ אסלות מאסק 4 ליטר,קומפלקס כימיקלים בעמ,,סנט מוריץ נוזל רצפות,Unknown,0.00,יחידה,false,,12.90,0.0000,true,1,168388
7290002814788,false,עלמה כיסוי ניילון עם גומי 33 יח',,,עלמה כיסוי ניילון עם,Unknown,0.00,יחידה,false,,9.90,0.0000,true,1,200947
7290002814825,false,סבון אסלה כדוריות שלישייה אוקינוס כחול ס,קומפלקס כימיקלים בעמ,,סבון אסלה כדוריות של,Unknown,0.00,יחידה,false,,11.90,0.0000,true,1,131395
7290002814832,false,סבון אסלה סנט מוריץ כדוריות לוונדר 3 יח,"קומפלקס כימיקלים בע""",,סבון אסלה כדוריות של,Unknown,0.00,יחידה,false,,11.90,0.0000,true,1,131396
7290002814849,false,סנט מוריץ סבון אסלה שלישייה כחול אוקיינוס,קומפלקס כימיקלים בעמ,,סנט מוריץ סבון אסלה,Unknown,0.00,יחידה,false,,11.90,0.0000,true,1,131397
7290002814870,false,"סנט מוריץ - מרסס מסיר שומנים קר מבושם לוונדר\פרחים 750 מ""ל",קומפלקס כימיקלים בעמ,,מסיר שומנים קר מבושם,מיליליטרים,750.00,"100 מ""ל",false,,14.90,1.9867,true,1,131398
7290002814887,false,מטליות רצפה לניקוי ובישום סנטמוריץ,קומפלקס כימיקלים,,עלמה מגבונים לחים לר,Unknown,0.00,יחידה,false,,9.90,0.0000,true,1,131399
7290002814894,false,אקונומיקה קצף ניקוי 1לוונדר ליטר- סנט מוריץ,קומפלקס כימיקלים,,אקונומיקה מרסס קצף נ,קילוגרמים,1.00,ליטר,false,,11.90,11.9000,true,1,131400
7290002814917,false,סנט מוריץ שמפו רצפות בניחוח לבנדר 4 ליטר,קומפלקס כימיקלים בעמ,,סנט מוריץ ניקוי לרצפ,קילוגרמים,4.00,ליטר,false,,12.90,3.2250,true,1,131402
7290002814948,false,סנט מוריץ מגבוני דלי לרצפה 50 יחידות עם חור,קומפלקס כימקלים בעמ`,,סנט מוריץ מגבוני דלי,Unknown,0.00,יחידה,false,,29.90,0.0000,true,1,198842
7290002814979,false,הום ניילון נצמד זוג,,,הום ניילון נצמד זוג,Unknown,0.00,יחידה,false,,10.90,0.0000,true,1,202517
7290002814986,false,סנט מוריץ מגבונים לניקוי כללי בדלי 400 יחידות בריח לימון,קומפלקס כימקלים בעמ`,,סנט מוריץ מגבונים לנ,Unknown,0.00,יחידה,false,,19.90,0.0000,true,1,198843
7290002824183,false,"גבינה לבנה סקי 500 גרם 5% ""שטראוס"" -מוצר בפיקוח",שטראוס גרופ בעמ/מצונן,,שטראוס גבינה לבנה 5%,גרמים,500.00,100 גרם,false,,9.50,1.9000,true,1,139833
7290002824466,false,יוגורט דנונה ביו לבן 0% שומן 200 גרם,שטראוס גרופ בעמ/מצונן,,דנונה יוגורט ביו 0%,גרמים,200.00,100 גרם,false,,3.50,1.7500,true,1,139834
7290002824640,false,"גבינת סקי 250 גרם 5% ""שטראוס"" -מוצר בפיקוח",שטראוס גרופ בעמ/מצונן,,שטראוס גבינה 5% 250,גרמים,250.00,100 גרם,false,,4.98,1.9920,true,1,139835
7290002826514,false,גלידה וניל 5.5ליטר,,,גלידה וניל 5.5ליטר,Unknown,0.00,יחידה,false,,100.00,0.0000,true,1,135301
7290002839071,false,תבליני גל צנצנת 120,,,תבליני גל צנצנת 120,גרמים,120.00,100 גרם,false,,10.00,8.3333,true,1,129418
7290002839088,false,צנצנת תבלינים גל 400,,,צנצנת תבלינים גל 400,גרמים,400.00,100 גרם,false,,25.00,6.2500,true,1,129419
7290002839163,false,תבלינים שונים,,,תבלינים שונים,גרמים,500.00,100 גרם,false,,19.90,3.9800,true,1,129420
7290002839286,false,תבלינים 200גר,,,תבלינים 200גר,גרמים,200.00,100 גרם,false,,10.00,5.0000,true,1,129423
7290002862000,false,אריסה תוניסאית הררית 250גר,"הררית מזון בע""מ",,הררית אריסה טוניסאית,גרמים,250.00,100 גרם,false,,13.90,5.5600,true,1,152371
7290002862802,false,הררית אריסה בתוספת לימון 250מל,הררית מזון בעמ,,אריסה בתוספת לימון 2,גרמים,250.00,100 גרם,false,,14.90,5.9600,true,1,182015
7290002868996,false,"קוטג' 5% שומן, רכיבים טבעיים, 250 גרם",החברה המרכזית טלהפצת משקאות בע,,טרה קוטג מועשר 5% 25,גרמים,250.00,100 גרם,false,,6.20,2.4800,true,1,117813
7290002871446,false,פריגת ענבים 1.5 ליטר,מבשלות בירה בינלאומיות ב,,פריגת ענבים 1.5 ליטר,קילוגרמים,1.50,ליטר,false,,6.70,4.4667,true,1,137350
7290002871460,false,משקה קל תפוזים פריגת,מבשלות בירה בינלאומיות ב,,פריגת תפוזים 1.5 ליט,קילוגרמים,1.50,ליטר,false,,6.70,4.4667,true,1,137351
7290002879756,false,ופל בלגי מאפה מתוק 5,ביסקוטר ת.ס,,וופל בלגי 550 גרם,Unknown,0.00,יחידה,false,,19.90,0.0000,true,1,185842
7290002881018,false,מעדן תות שדה סאן מורנו 284 גרם,קריות זול,,סן מורנו מעדן תות שד,גרמים,284.00,100 גרם,false,,12.10,4.2606,true,1,129839
7290002881025,false,מעדן דובדבן חמוץ 100% 284 גרם,דוברומירוב,,סן מורנו מעדן דובדבן,גרמים,284.00,100 גרם,false,,12.10,4.2606,true,1,118562
7290002881094,false,מעדן פטל 100% פרי ללא תוספת סוכר 284 גרם,קריות זול,,סן מורנו מעדן פירות,גרמים,284.00,100 גרם,false,,12.10,4.2606,true,1,118566
7290002881209,false,רסק תפוחי עץ דיאט 700 ג' תומר,תומר יבוא ושיווק מוצרי מזון (1,,רסק תפוחי עץ דיאט 72,גרמים,720.00,100 גרם,false,,9.90,1.3750,true,1,118570
7290002881506,false,חמאת בוטנים תומר 510 ג',Niza s a,,חמאת בוטנים 510 גר,גרמים,510.00,100 גרם,false,,12.10,2.3725,true,1,118584
7290002881513,false,חמאת בוטנים עם שברי בוטנים תמר 510 גר',Niza s a,,חמאת בוטנים עם שברי,גרמים,510.00,100 גרם,false,,12.10,2.3725,true,1,118585
7290002881551,false,עלי גפן ממולאים באורז תומר 400 גרם,אסמה תורכיה,,עלי גפן ממולאים 400,גרמים,400.00,100 גרם,false,,8.90,2.2250,true,1,118586
7290002881612,false,לפתן דובדבנים חמוצים ללא חרצן תומר 720 ג',תומר יבוא ושיווק מוצרי מזון (1,,לפתן דובדבנים חמוצים,גרמים,700.00,100 גרם,false,,10.20,1.4571,true,1,118590
7290002881872,false,"פטריות חתוכות 290 גרם ""תומר""",,NL,פטריות חתוך 290 גר',גרמים,290.00,100 גרם,false,,4.90,1.6897,true,1,202214
7290002881919,false,פיטריות שמפניון שלמות קטנות תומר 400 גרם,גיבונג אינדסקיאלס,,פטריות 8 שלם 400גר כ,גרמים,400.00,100 גרם,false,,6.90,1.7250,true,1,118598
7290002881940,false,סרדינים מרוקאי בשמן חמניות 125ג' תומר,תומר ייבוא ושיווק מוצרי מזון [,,סרדין מרוקאי בשמן 12,גרמים,125.00,100 גרם,false,,5.10,4.0800,true,1,118599
7290002881957,false,סרדינים מרוקאי חריף בשמן חמניות 125ג' תומר,תומר ייבוא ושיווק מוצרי מזון [,,סרדין מרוקאי חריף 12,גרמים,125.00,100 גרם,false,,5.10,4.0800,true,1,118600
7290002881988,false,סרדינים בשמן חמניות ולימון תומר 125 גרם,תומר ייבוא ושיווק מוצרי מזון [,,שימורי סרדין מרוקאי,גרמים,125.00,100 גרם,false,,5.10,4.0800,true,1,118603
7290002900566,false,פסטרמה ברביקיו דל שומן טירת צבי 400 גרם,הנסיך- מפעל לייצור ט,,טירת צבי פסטרמה ברבי,גרמים,360.00,100 גרם,false,,29.90,8.3056,true,1,114160
7290002904694,false,"טיטניום דאודורנט ספריי לגברים 150 מ""ל",החברה הדרומית לשיווק בעמ,,טיטניום קלאסי-דאודור,מיליליטרים,180.00,"100 מ""ל",false,,22.90,12.7222,true,1,117212
7290002909569,false,ברבוניה פילה 400 גרם ארוז - הדייג,דולפין ספא,,פילה ברבוניה 400גרם,גרמים,400.00,100 גרם,false,,22.90,5.7250,true,1,148745
7290002921240,false,"קרבונה שמפוזר לניקוי שטיחים וריפוד יעקבי 650 מ""ל",יעקב יעקבי ובניו בעמ,,שמפוזר מסיר כתים משט,מיליליטרים,650.00,"100 מ""ל",false,,24.90,3.8308,true,1,120221
7290002921349,false,דבק סופר גלו לוקטיט אריזה זוגית יעקובי,יעקב יעקבי ובניו בע`מ,,סופר גלו 3 - זוגי,Unknown,0.00,יחידה,false,,15.00,0.0000,true,1,120223
7290002929512,false,שלושת האופים פלאפל 5,האי נאם סי או אל.טי.,,שלושת האופים פלאפל 5,Unknown,0.00,יחידה,false,,12.90,0.0000,true,1,170276
7290002929635,false,טונה ויליגר במים 140 גרם,נטו מילנדה סחר בעמ*,,ויליגר טונה בשמן 140,גרמים,140.00,100 גרם,false,,6.00,4.2857,true,1,122883
7290002929642,false,נתחי טונה בהירה בשמן ויליגר (140x4 גרם),דיאמנט פוד פרודקט קו,,ויליגר טונה 4* 140 ג,Unknown,4.00,יחידה,false,,19.90,4.9750,true,1,122884
7290002954026,false,"שמן תירס ""שוקחה"" 3 ליטר",בני ג`ורג` שוקחה (חיפה) בעמ,,שוקחה שמן תירס 3 ליט,קילוגרמים,3.00,ליטר,false,,39.90,13.3000,true,1,142810
7290002954040,false,שמן תירס שוקחה 1 ליטר,בני ג`ורג` שוקחה (חיפה) בעמ,,שמן תירס שוקחה 1 לי,קילוגרמים,1.00,ליטר,false,,13.90,13.9000,true,1,142811
7290002954095,false,שמן תירס 5ל' שוקחה,,,שמן תירס 5 ליטר,קילוגרמים,5.00,ליטר,false,,69.90,13.9800,true,1,202643
7290002954187,false,אורז יסמין שוקחה (5 קג),בני ג`ורג` שוקחה (חיפה) בעמ,,שוקחה אורז יסמין 5 ק,פריט,5.00,"ק""ג",false,,49.90,9.9800,true,1,142817
7290002954200,false,"אורז יסמין מדליה 1ק""ג לבן",בני ג`ורג` שוקחה (חיפה) בעמ,,שוקחה אורז יסמין 1 ק,פריט,1.00,"ק""ג",false,,10.90,10.9000,true,1,142818
7290002954330,false,"תה גרבה תפ""ז 1 ק""ג",,,"תה גרבה תפ""ז 1 ק""ג",פריט,1.00,"ק""ג",false,,39.90,39.9000,true,1,142820
7290002954354,false,"סמנה 1 ק""ג שוקחה",,,"שומן צמחי 1 ק""ג",פריט,1.00,"ק""ג",false,,24.90,24.9000,true,1,111576
7290002954392,false,תמצית חרובים סירופ 400 ג',סיתוגלו גידה אתהלאת,,תמצית חרובים 150 גרם,גרמים,150.00,100 גרם,false,,14.90,9.9333,true,1,111577
7290002954460,false,"Sunwhite אורז אוסטרלי עגול לסושי-1 ק""ג",בני ג`ורג` שוקחה (חיפה) בעמ,,Sunwhite אורז אוסטרל,פריט,1.00,"ק""ג",false,,10.90,10.9000,true,1,142824
7290002954477,false,"אורז עגול אוסטרלי 5 ק""ג סנוואיט",בני ג'ורג' שוקחה חיפ,,Sunwhite אורז אוסטרל,פריט,5.00,"ק""ג",false,,49.90,9.9800,true,1,142825
7290002954545,false,מלבין קפה 400 ג' שוקחה,,,מלבין קפה 400 גרם,גרמים,400.00,100 גרם,false,,19.90,4.9750,true,1,142828
7290002954552,false,שוקחה שמן סויה 3 ליט,,,שוקחה שמן סויה 3 ליט,קילוגרמים,3.00,ליטר,false,,35.90,11.9667,true,1,186293
7290002971191,false,"קמח לבן שפם 1 ק""ג",,,"קמח לבן שפם 1 ק""ג",פריט,1.00,"ק""ג",false,,4.00,4.0000,true,1,157101
7290002987963,false,"חומוס אחלה 1 ק""ג שטראוס",שטראוס גרופ בעמ/מצונן,,"חומוס אחלה 1 ק""ג",פריט,1.00,"ק""ג",false,,13.90,13.9000,true,1,139837
7290003009312,false,בוטן קלוי 200 גרם שקית קליית גת,הדקלאים אגודת שיתופי,,בוטן קלוי 200 גרם,גרמים,200.00,100 גרם,false,,7.90,3.9500,true,1,121016
7290003009329,false,בוטנים אמריקאיים קליית גת (200 גרם),הדקלאים אגודת שיתופי,,בוטן אמריקאי 200 גרם,גרמים,200.00,100 גרם,false,,6.90,3.4500,true,1,121017
7290003009336,false,קבוקים קליית גת (200 גרם),הדקלאים אגודת שיתופי,,קבוקים 200 גרם,גרמים,200.00,100 גרם,false,,6.90,3.4500,true,1,121018
7290003009640,false,מיץ תפוזים סחוט רכיבים טבעיים פריגת 1 ליטר,החברה המרכזית טלהפצת משקאות בע,,פריגת סחוט מיץ תפוזי,מיליליטרים,1000.00,"100 מ""ל",false,,18.90,1.8900,true,1,117814
7290003015634,false,"נוזל רצפות פסיפלורה 2 ליטר ""ריצפז פרש""",החברה הדרומית לשיווק בעמ,,ריצפז פרש פסיפלורה 2,קילוגרמים,2.00,ליטר,false,,17.90,8.9500,true,1,117218
7290003015641,false,"נוזל רצפות יסמין 2 ליטר ""ריצפז פרש""",החברה הדרומית לשיווק בעמ,,ריצפז פרש יסמין 2 לי,קילוגרמים,2.00,ליטר,false,,17.90,8.9500,true,1,117219
7290003015917,false,סנומט רולון דוחה יתוש אישי עם אלוורה 50מ,החברה הדרומית לשיווק בעמ,,סנומט מגן רולאון,Unknown,0.00,יחידה,false,,20.90,0.0000,true,1,117221
7290003026029,false,"ד""ר פישר - קמיל בלו סנסיטיב שמפו אלדמע 500 מ""ל","פישר תעשיות פרמצביטות בע""מ",,קמיל בלו סנסיטיב שמפ,גרמים,500.00,100 גרם,false,,22.00,4.4000,true,1,136850
7290003026036,false,"ד""ר פישר - קמיל בלו סנסיטיב אל סבון עדין לתינוק 1 ליטר","פישר תעשיות פרמצביטות בע""מ",,קמיל בלו סנסיטיב מוע,קילוגרמים,1.00,ליטר,false,,34.90,34.9000,true,1,136851
7290003026197,false,"קמיל בלו סנסטיב שמן טיפולי ד""ר פישר 500 מ""ל","פישר תעשיות פרמצביטות בע""מ",,קמיל בלו שמן טיפולי,מיליליטרים,520.00,"100 מ""ל",false,,30.00,5.7692,true,1,111211
7290003026227,false,"קמיל בלו שמפו לתינוק סנסיטיב אל דמע ד""ר פישר 1 ליטר","פישר תעשיות פרמצביטות בע""מ",,קמיל בלו סנסיטיב שמפ,קילוגרמים,1.00,ליטר,false,,34.90,34.9000,true,1,136852
7290003026234,false,"ד""ר פישר - קמיל בלו תחליב לתינוק 500 מ""ל","פישר תעשיות פרמצבטיות בע""מ",,קמיל בלו תחליב לתינו,Unknown,500.00,יחידה,false,,30.00,0.0600,true,1,111212
7290003029181,false,משקה יטבתה שוקו' בקבוק 1ל מהדרין,שטראוס גרופ בעמ/מצונן,,יטבתה שוקו בקבוק 1 ל,קילוגרמים,1.00,ליטר,false,,11.90,11.9000,true,1,139841
7290003029327,false,ארגז פלסטיק חלב 350*,,,ארגז פלסטיק חלב 350*,Unknown,0.00,יחידה,false,,25.00,0.0000,true,1,139843
7290003029372,false,יטבתה משקה בטעם בננה %3 בקבוק 1 ליטר,שטראוס גרופ בעמ/מצונן,,יטבתה משקה חלב בננה,קילוגרמים,1.00,ליטר,false,,11.90,11.9000,true,1,139844
7290003029389,false,"משקה חלב בננה פקק ספורט 250 מ""ל יוטבתה",שטראוס גרופ בעמ/מצונן,,יטבתה משקה חלב בננה+,מיליליטרים,250.00,"100 מ""ל",false,,5.20,2.0800,true,1,139845
7290003029433,false,"משקה יטבתה שוקו פקק 250 מ""ל מהדרין",שטראוס גרופ בעמ/מצונן,,יטבתה שוקו +פקק 250מ,מיליליטרים,250.00,"100 מ""ל",false,,5.20,2.0800,true,1,139846
7290003029532,false,מוקה בבקבוק יטבתה 1 ליטר מהדרין,שטראוס גרופ בעמ/מצונן,,מוקה בקבוק 1 ליטר,קילוגרמים,1.00,ליטר,false,,11.90,11.9000,true,1,139847
7290003029792,false,"משקה יטבתה שוקו שקיות מהדרין מארז 225X8מ""ל",שטראוס גרופ בעמ/מצונן,,יטבתה מהדרין שוקו שק,קילוגרמים,1.80,ליטר,false,,19.90,11.0556,true,1,139849
7290003029815,false,כד חלב 3% יטבתה 2 ליטר מהדרין,שטראוס גרופ בעמ/מצונן,,יטבתה חלב מועשר בכד,קילוגרמים,2.00,ליטר,false,,14.90,7.4500,true,1,139850
7290003029907,false,משקה חלב אייס קפה 2% יטבתה (1 ליטר,שטראוס גרופ בעמ/מצונן,,יטבתה אייס קפה 1ל,קילוגרמים,1.00,ליטר,false,,11.90,11.9000,true,1,139852
7290003035946,false,מורטדלה 200 גרם,,,מורטדלה 200 גרם,גרמים,200.00,100 גרם,false,,4.90,2.4500,true,1,141002
7290003054206,false,מסטמכר לחם שיפון עם זרעי חמניות 500ג,מרום את קונפינו,,לחם שיפון+זרעי חמניו,גרמים,500.00,100 גרם,false,,13.80,2.7600,true,1,113916
7290003054220,false,מסטמכר לחם שיפון פומפרניקל 500ג,דיפלומט מפיצים (1968) בעמ**,,לחם שיפון פומפרניקל,גרמים,500.00,100 גרם,false,,13.80,2.7600,true,1,113917
7290003069705,false,"פיצה אישית גבינה דק 80 ג' תפזורת בד""צ",שגמור ייצור ושווק מוצרי,,פיצה גבינה תפזורת,Unknown,0.00,יחידה,false,,2.50,0.0000,true,1,122897
7290003072606,false,נקניקיות עוף מיני טירת צבי 350 גרם,הנסיך- מפעל לייצור ט,,נקנקיות עוף מיני 350,גרמים,350.00,100 גרם,false,,13.90,3.9714,true,1,114161
7290003072835,false,נקניקיות קנאקוורסט טירת צבי 320 גרם,טיב טירת צבי 2000,,נקניקיות קנאקוורסט 3,גרמים,320.00,100 גרם,false,,24.90,7.7812,true,1,114173
7290003072965,false,קבנוס חריף מעושן טירת צבי 120 גרם,טיב טירת צבי 2000,,טירת צבי קבנוס חריף,גרמים,120.00,100 גרם,false,,10.90,9.0833,true,1,170136
7290003075065,false,"לבן מח'יד 250 מ""ל",,,"לבן מח'יד 250 מ""ל",מיליליטרים,250.00,"100 מ""ל",false,,5.90,2.3600,true,1,121656
7290003075102,false,רגב לאבנה בגביע 11% 1קג,מחלבת רג'ב,,רגב לאבנה בגביע 11%,Unknown,1.00,יחידה,false,,34.90,34.9000,true,1,121657
7290003075553,false,לבנה רג'ב 11% 500 גרם,מחלבת רג'\ב,,רגב לאבנה 11% 500 גר,גרמים,500.00,100 גרם,false,,21.90,4.3800,true,1,121659
7290003075652,false,לבנה 11%שומן 250 גרם,מחלבת רג'ב,,רגב לאבנה 11% 250 גר,גרמים,250.00,100 גרם,false,,14.90,5.9600,true,1,121661
7290003075805,false,גב. ברינזה רג'ב15% 400ג,מחלבת רג'\ב,,רגב ברינזה 20% 400ג,גרמים,400.00,100 גרם,false,,32.90,8.2250,true,1,121662
7290003075850,false,לאבנה עם שמן וזעתר ר,מחלבת רג'\ב,,רגב לאבנה עם זעתר 11,גרמים,250.00,100 גרם,false,,15.90,6.3600,true,1,121663
7290003075867,false,גבינה ברינזה 800,,,גבינה ברינזה 800,גרמים,800.00,100 גרם,false,,54.90,6.8625,true,1,121664
7290003102136,false,צמר גפן COTTON SOFT רפואי 100 גר' 3102136,הדקלאים אגודת שיתופי,,צמר גפן רפואי 100 גר,Unknown,0.00,יחידה,false,,4.90,0.0000,true,1,163364
7290003102587,false,מברשת לבקבוק+מברשת ל,אינטרסן (1996) בעמ,,טוליפס מברשת בקבוק+פ,Unknown,1.00,יחידה,false,,6.90,6.9000,true,1,163448
7290003102976,false,צימרוני אוזניים פלסטיק בקופסה 200 יחידות,הדקלאים אגודת שיתופי,,צימרוני אוזניים פלסט,Unknown,0.00,יחידה,false,,3.90,0.0000,true,1,163369
7290003107247,false,שמרים יבשים אינסטנט33גרם,אבאל יזמות בעמ,,שמרים יבשים 30 גרם,Unknown,0.00,יחידה,false,,7.90,0.0000,true,1,175132
7290003107353,false,שטיבל משפר אפייה ביתי 3 * 10 גרם,ט.ק דגן טכנולוגיות ב,,משפר אפיה ביתי,Unknown,0.00,יחידה,false,,7.90,0.0000,true,1,175133
7290003119110,false,שישיית קוקה קולה 1.5 ליטר,החברה המרכזית לייצור משקאות,,קוקה קולה שישייה 1.5,Unknown,6.00,יחידה,false,,36.90,6.1500,true,1,137363
7290003126712,false,יוגורט עיזים מחלב מלא 3.7% משק צוריאל 150 גרם,החברה המרכזית טלהפצת משקאות בע,,צוריאל יוגורט עיזים,Unknown,140.00,יחידה,false,,6.90,0.0493,true,1,117815
7290003126958,false,טופו גבינה גוש בואקום צוריאל 300 ג',החברה המרכזית טלהפצת משקאות בע,,צוריאל גבינה גוש טופ,גרמים,300.00,100 גרם,false,,12.90,4.3000,true,1,117816
7290003133123,false,לחם זהב עגול אוקראיני 750 ג',מאפיית דוידוביץ ובני,,לחם זהב עגול אוקראינ,גרמים,750.00,100 גרם,false,,14.90,1.9867,true,1,155692
7290003133505,false,לחם שיפונטו דוידוביץ,מאפיית דוידוביץ ובני,,לחם שיפונטו 750 גרם,גרמים,750.00,100 גרם,false,,15.90,2.1200,true,1,155697
7290003141159,false,יוגטה מרשמלו ממתק מוקצף בטעמי תות שדה ווניל 180 גרם,ליימן שליסל בעמ,,יוגטה מרשמלו 180 גרם,גרמים,180.00,100 גרם,false,,6.90,3.8333,true,1,121021
7290003142477,false,ערמונים קלופים קלויים קלית גת.,הדקלאים אגודת שיתופי,,קליית גת ערמונים 100,גרמים,100.00,100 גרם,false,,5.90,5.9000,true,1,121025
7290003143146,false,ממרח תמרים קליית גת (450 גרם),הדקלאים אגודת שיתופי,,קליית גת ממרח תמרים,גרמים,450.00,100 גרם,false,,7.00,1.5556,true,1,121030
7290003143276,false,יוגטה מרשמלו ממתק מוקצף בטעם תות שדה 180 גרם,תות ממתקי איכות,,יוגטה מרשמלו מגולגל,גרמים,180.00,100 גרם,false,,6.90,3.8333,true,1,121031
7290003143382,false,גרדינה פינגרס בצילינדר 50 יח',ליימן מותגים,,צילנדר גרדנה פיגרס 6,גרמים,615.00,100 גרם,false,,39.90,6.4878,true,1,121034
7290003145096,false,גרדינה פינגרס במיקס בצילינדר 50 יח',ליימן מותגים,,צילנדר גרדנה פיגרס מ,גרמים,615.00,100 גרם,false,,39.90,6.4878,true,1,121081
7290003145751,false,אגוזי קשיו קלויים קליית גת (200 גרם),הדקלאים אגודת שיתופי,,קשיו קלוי 200 גרם,גרמים,200.00,100 גרם,false,,19.90,9.9500,true,1,121089
7290003145959,false,פקאן טבעי קליית גת 150 גרם,ליימן שליסל בעמ,,פקאן טבעי 150 גרם,גרמים,150.00,100 גרם,false,,22.20,14.8000,true,1,121091
7290003163939,false,מעדני הטלה נקניקיות,לאטי עזרא בעמ,,מעדני הטלה נקניקיות,Unknown,0.00,יחידה,false,,29.90,0.0000,true,1,122904
7290003185719,false,קבב רומני טיבון ויל 500 גרם,טיבון ויל אחזקות בעמ,,קבב רומני 500 גרם,גרמים,500.00,100 גרם,false,,19.90,3.9800,true,1,122905
7290003185726,false,קבב מזרחי טיבון ויל 500 גרם,טיבון ויל אחזקות בעמ,,קבב מזרחי 500 גרם,גרמים,500.00,100 גרם,false,,19.90,3.9800,true,1,122906
7290003189076,false,פיצרלה הצהובה הטובה מגורדת 22% כפיר 500 גרם,צי תעשיות מזון יבנה,,כפיר פיצרלה מגורדת כ,גרמים,500.00,100 גרם,false,,20.00,4.0000,true,1,131726
7290003189137,false,"גבינה שוורצית 1 ק""ג כפיר",צי תעשיות מזון יבנה,,שווצרי,גרמים,1000.00,100 גרם,false,,40.00,4.0000,true,1,131727
7290003189144,false,"גבינה הולנדית 22% שומן 1 ק""ג כפיר",צי תעשיות מזון יבנה,,כפיר הולנדית 26% 1 ק,פריט,1.00,"ק""ג",false,,40.00,40.0000,true,1,131728
7290003189205,false,הצהובה הטובה לייט קלאסית 9% כפיר 200 גרם,כפיר,,כפיר הצהובה הטובה לי,גרמים,200.00,100 גרם,false,,12.90,6.4500,true,1,131731
7290003189281,false,כפיר הולנדית 500 גרם,,,כפיר הולנדית 500 גרם,גרמים,500.00,100 גרם,false,,21.90,4.3800,true,1,131734
7290003220977,false,מעדני המלך ביסקוויט חצי ירח מצופה 175 גר,רזיט שיווק בעמ,,חצי ירח מצופה 175 גר,גרמים,175.00,100 גרם,false,,7.90,4.5143,true,1,187748
7290003224128,false,כיסוני תפוא 800 גר`קפוא מאמא מרי,מאמא - מרי בעמ,,"כיסוני תפו""א 800 גרם",גרמים,800.00,100 גרם,false,,21.90,2.7375,true,1,131841
7290003224135,false,כיסונים במילוי בשר 800 גר`קפוא מאמא מרי,מאמא - מרי בעמ,,כיסונים בשר 800 גרם,גרמים,800.00,100 גרם,false,,24.90,3.1125,true,1,131842
7290003224258,false,כיסונים במילוי בשר 1.5 קג מאמא מרי,מאמא - מרי בעמ,,קרפלך כיסונים במילוי,Unknown,0.00,יחידה,false,,55.90,0.0000,true,1,183683
7290003224265,false,כיסונים עם בשר בקר 800 גר`מאמא מרי,מאמא - מרי בעמ,,קרפלך כיסונים במילוי,Unknown,0.00,יחידה,false,,29.90,0.0000,true,1,183684
7290003224272,false,כיסונים בשר מוסקובסקי 1 קג`קפוא מאמא מר,מאמא - מרי בעמ,,כיסונים בשר מוסקובסק,גרמים,1000.00,100 גרם,false,,32.90,3.2900,true,1,131844
7290003224333,false,דובדבנים חמוצים מגול,מאמא מרי,,דובדבן חמוץ 300 גרם,גרמים,300.00,100 גרם,false,,12.90,4.3000,true,1,131845
7290003224388,false,חמוציות קפוא 300 גרם,מאמא מרי,,חמוציות קפוא 300 גרם,גרמים,300.00,100 גרם,false,,12.90,4.3000,true,1,131847
7290003224456,false,"כיסונים בשר סיבירסקי מאמא מרי 1 ק""ג",מאמא - מרי בעמ,,כיסונים בשר סיבירסקי,פריט,1.00,"ק""ג",false,,29.90,29.9000,true,1,131848
7290003224579,false,כיסונים במילוי בשר 1.5 קג`XXL מאמא מרי,מאמא - מרי בעמ,,"כיסונים בשר 1.5 ק""ג",פריט,1.50,"ק""ג",false,,44.90,29.9333,true,1,195736
7290003229109,false,פסטרמה הודו בפפריקה טירת צבי (400 גרם),תנובה מרכז שיתופי לשיווק תוצרת,,טירת צבי א.מ .פסטרמה,גרמים,400.00,100 גרם,false,,29.90,7.4750,true,1,114175
7290003229116,false,פסטרמה הודו בדבש שומן טירת צבי 400 גרם,תנובה מרכז שיתופי לשיווק תוצרת,,טירת צבי א.מ פסטרמה,גרמים,400.00,100 גרם,false,,29.90,7.4750,true,1,114176
7290003229123,false,פסטרמה הודו על גחלים 2% טירת צבי 400 גרם,תנובה מרכז שיתופי לשיווק תוצרת,,טירת צבי א.מ. פסטרמה,גרמים,400.00,100 גרם,false,,29.90,7.4750,true,1,114177
7290003229147,false,נקניק סלמי איטלקי מעושן טירת צבי 300 גרם,תנובה מרכז שיתופי לשיווק תוצרת,,טירת צבי נקניק סלמי,גרמים,300.00,100 גרם,false,,28.30,9.4333,true,1,114178
7290003229192,false,נקניק כתף בקר מעושן 2% טירת צבי 400 גרם,תנובה מרכז שיתופי לשיווק תוצרת,,טירת צבי א.מ. כתף בק,גרמים,400.00,100 גרם,false,,34.90,8.7250,true,1,114180
7290003229192,false,נקניק כתף בקר מעושן 2% טירת צבי 400 גרם,תנובה מרכז שיתופי לשיווק תוצרת,,טירת צבי א.מ. כתף בק,גרמים,400.00,100 גרם,false,,34.90,8.7250,true,1,189655
7290003229208,false,פסטרמה ספרדית 2% טירת צבי 360 גרם,תנובה מרכז שיתופי לשיווק תוצרת,,טירת צבי פסטרמה ספרד,גרמים,360.00,100 גרם,false,,29.90,8.3056,true,1,114181
7290003229222,false,נקניק סלמי תה טירת צבי 300 גרם,תנובה מרכז שיתופי לשיווק תוצרת,,טירת צבי סלמי תה 300,גרמים,300.00,100 גרם,false,,21.30,7.1000,true,1,114183
7290003258284,false,"קרם גוף מס' 3 350 מ""ל פנינה רוזנבלום",פנינה רוזנבלום בעמ,,קרם גוף פנינה 3מס,Unknown,400.00,יחידה,false,,26.90,0.0672,true,1,111190
7290003258291,false,"דאודורנט ספריי לנשים 150 מ""ל פנינה רוזנבלום","פנינה רוזנבלום בע""מ",,דאודורנט מס3 פנינה,Unknown,100.00,יחידה,false,,20.00,0.2000,true,1,135150
7290003258406,false,"פנינה וואקס בריליאנטין לשיער 100 מ""ל",פנינה רוזנבלום בעמ,,וואקס בריליאנטין לשי,Unknown,100.00,יחידה,false,,16.90,0.1690,true,1,111191
7290003275120,false,"אלין דאודורנט ספריי 200 מ""ל",,,אלין CRISTAL דאודורנ,מיליליטרים,200.00,"100 מ""ל",false,,19.90,9.9500,true,1,109669
7290003321155,false,יוגורט בר עם פקאן מצופה שוקולד 183 ג' דנונה,שטראוס גרופ בעמ/מצונן,,"דנונה בר פקאן 183 מ""",מיליליטרים,183.00,"100 מ""ל",false,,4.50,2.4590,true,1,139853
7290003332014,false,קפה שחור עם הל נח`לה אדום (500 גרם),סובחי נחלה ובניו בעמ,,קפה נחלה 500 גרם,גרמים,500.00,100 גרם,false,,29.90,5.9800,true,1,124669
7290003387373,false,דאודורנט ספיד סטיק בסיסי קלאסי פרש ספורט לגבר,הנסיך- מפעל לייצור ט,,ספיד סטיק פרש לגבר כ,גרמים,70.00,100 גרם,false,,19.90,28.4286,true,1,111148
7290003387410,false,שלישיית פדים להסרת איפור בלונס 80 יחידות,ש. שסטוביץ בע`מ,,מגבונים להסרת איפור,Unknown,90.00,יחידה,false,,23.90,0.2656,true,1,111149
7290003400500,false,חטיף הרשי ריזס נאטרייגיס 47 גרם,ליימן מותגים,,חטיף קרמל ובוטנים נא,Unknown,0.00,יחידה,false,,4.90,0.0000,true,1,120718
7290003401369,false,"קרם לחות לשיער חוחובה נטורל פורמולה 400 מ""ל",החברה הדרומית לשיווק בעמ,,נטורל פורמולה קרם לח,מיליליטרים,400.00,"100 מ""ל",false,,19.90,4.9750,true,1,117222
7290003401376,false,"קרם לחות ועיצוב לשיער אלוורה נטורל 400 מ""ל",החברה הדרומית לשיווק בעמ,,קרם לחות ועיצוב לשיע,מיליליטרים,400.00,"100 מ""ל",false,,19.90,4.9750,true,1,117223
7290003401420,false,"קרם לחות לשיער סיליקון כתום נטורל 400 מ""ל",החברה הדרומית לשיווק בעמ,,קרם לחות קלאסי סיליק,מיליליטרים,400.00,"100 מ""ל",false,,19.90,4.9750,true,1,172571
7290003401642,false,"קרם לחות לתלתלים טבעיים נטורל פורמולה 400 מ""ל",החברה הדרומית לשיווק בעמ,,ק.לחות מעצבת לתלתול,מיליליטרים,400.00,"100 מ""ל",false,,22.90,5.7250,true,1,172572
7290003402809,false,חטיף הרשי ריזס שוקולד לבן 39 גר,ליימן מותגים,,הרשיז ריזס לבן,Unknown,0.00,יחידה,false,,3.60,0.0000,true,1,120719
7290003406289,false,מעדני הטלה פילה אמנו,,,מעדני הטלה פילה אמנו,קילוגרמים,1.00,"ק""ג",true,,35.00,35.0000,true,1,122911
7290003414406,false,הרשי ריזס נטיפי אפייה בוטנים 283 גר',ליימן מותגים,,ריזס נטיפים לאפייה 2,גרמים,283.00,100 גרם,false,,15.90,5.6184,true,1,120720
7290003427154,false,"שמן זית כתית מעולה טעם מעודן זיתא 750 מ""ל",תה ויסוצקי (ישראל) בעמ,,זיתא שמן זית כתית מע,מיליליטרים,750.00,"100 מ""ל",false,,39.90,5.3200,true,1,129542
7290003438006,false,ממרח אולביה פסטו וצנובר איטלקי 190ג',תה ויסוצקי (ישראל) בעמ,,ממרח פסטו איטלקי 180,גרמים,180.00,100 גרם,false,,13.90,7.7222,true,1,115965
7290003438709,false,ממרח אולביה זיתים שחורים וירוקים 190 ג',תה ויסוצקי (ישראל) בעמ,,ממרח זיתים שחורים 19,גרמים,190.00,100 גרם,false,,13.90,7.3158,true,1,115969
7290003438990,false,עיטורי עגבניות מיובשות וזיתים אוליביה 280 ג',תה ויסוצקי (ישראל) בעמ,,עיטורי עגבניות מיובש,גרמים,280.00,100 גרם,false,,17.90,6.3929,true,1,115971
7290003444009,false,הרשי ריזס חטיף במילוי בוטנים 42 גרם,ליימן מותגים,,הרשיז ריזס רגיל,Unknown,0.00,יחידה,false,,3.90,0.0000,true,1,120724
7290003450602,false,חרדל אמיתי צהוב בקבוק לחיץ 255 גר,היינץ צפון אמריקה מקבוצת ה.י.היינץ,,חרדל אמיתי צהוב בקבו,גרמים,255.00,100 גרם,false,,11.00,4.3137,true,1,140655
7290003457991,false,טילון קורנטו וניל עם וופל ואגוזי לוז מסוכרים,"גלידת שטראוס בע""\מ, רחוב",,קורנטו קלאסיק בטעם ו,גרמים,300.00,100 גרם,false,,26.90,8.9667,true,1,135308
7290003475124,false,בלונס מסיר איפור 80 יח,ש. שסטוביץ בע`מ,,עננים צמר גפן 100 גר,Unknown,0.00,יחידה,false,,6.90,0.0000,true,1,128149
7290003521074,false,סרקל מרכך שיער לילדים דר. פישר (1 ליטר),"פישר תעשיות פרמצביטות בע""מ",,סרקל מרכך שיער לילדי,קילוגרמים,1.00,ליטר,false,,29.90,29.9000,true,1,111213
7290003521081,false,"סרקל שמפו אל דמע לילדים ד""ר פישר 1 ליטר","פישר תעשיות פרמצביטות בע""מ",,סרקל שמפו לילדים 1 ל,קילוגרמים,1.00,ליטר,false,,29.90,29.9000,true,1,111214
7290003521166,false,"ד""ר פישר - סרקל קרם רוזמרין לילדים 325 מ""ל","פישר תעשיות פרמצביטות בע""מ",,סרקל קרם רוזמרין,גרמים,325.00,100 גרם,false,,26.00,8.0000,true,1,136854
7290003521203,false,"סרקל שמפו לשיער לילדים אל דמע ד""ר פישר 2 ליטר","פישר תעשיות פרמצביטות בע""מ",,סרקל שמפו לילדים 2 ל,קילוגרמים,2.00,ליטר,false,,39.90,19.9500,true,1,111216
7290003521210,false,סרקל מרכך שיער לילדים דר. פישר (2 ליטר),"פישר תעשיות פרמצביטות בע""מ",,סרקל מרכך שיער לילדי,קילוגרמים,2.00,ליטר,false,,39.90,19.9500,true,1,111217
7290003521395,false,"קמיל בלו סנסיטיב אל סבון ד""ר פישר 2 ליטר","פישר תעשיות פרמצביטות בע""מ",,קמיל בלו אל סבון ורו,קילוגרמים,2.00,ליטר,false,,39.90,19.9500,true,1,111219
7290003521463,false,"קמיל בלו שמפו לשיער אל דמע ד""ר פישר 2 ליטר","פישר תעשיות פרמצביטות בע""מ",,קמיל בלו שמפו שיער א,קילוגרמים,2.00,ליטר,false,,39.90,19.9500,true,1,111220
7290003525898,false,שלישיית סלט טונה ויליגר 160 גרם,נטו מילנדה סחר בעמ*,,סלט טונה 180 גרם,גרמים,480.00,100 גרם,false,,14.90,3.1042,true,1,122916
7290003525904,false,שלישיית סלט טונה פיקנטי ויליגר 160 גרם,נטו מילנדה סחר בעמ*,,3 סלט טונה פיקנטי,גרמים,480.00,100 גרם,false,,14.90,3.1042,true,1,122917
7290003550753,false,נתחי טונה בהירה בשמן פוסידון (108x4 גרם),נטו מילנדה סחר בעמ*,,טונה פוסידון בשמן 4*,Unknown,4.00,יחידה,false,,21.90,5.4750,true,1,122924
7290003578108,false,חתיכות אננס בסירופ קל וילי פוד (850 גרם),ג.וילי-פוד אינטרנשיונל בעמ,,אננס חתיכות 850גרם,גרמים,850.00,100 גרם,false,,10.90,1.2824,true,1,195643
7290003578313,false,דובדבנים ללא חרצנים ויליפוד 680 גרם,ג. וילי-פוד אינטרנשיונל בע`מ,,דובדבנים חמוצים ללא,גרמים,680.00,100 גרם,false,,11.90,1.7500,true,1,115506
7290003582440,false,מלחיה קפיץ,אליבו,,מלחיה קפיץ,Unknown,0.00,יחידה,false,,6.90,0.0000,true,1,181107
7290003583058,false,סט 4 צנצנות דני קוטר,,,סט 4 צנצנות דני קוטר,Unknown,0.00,יחידה,false,,26.90,0.0000,true,1,200957
7290003583409,false,סל כביסה מותן רובה 6,,,סל כביסה מותן 64/45/,Unknown,0.00,יחידה,false,,34.90,0.0000,true,1,191351
7290003583584,false,"קערה עגולה קוטר 32 ס""מ",אליבו,,קערה עגולה קוטר 32 ס,Unknown,0.00,יחידה,false,,6.90,0.0000,true,1,176618
7290003619702,false,"קלאסיק - דאודורנט ספריי יוניסקס 200 מ""ל",,,דואדורנט יוניסקס דאו,Unknown,0.00,יחידה,false,,12.90,0.0000,true,1,201261
7290003643004,false,אורז בסמטי קלאסי סוגת (1 קג),האי נאם סי או אל.טי.,,סוגת אורז בסמטי קלאס,פריט,1.00,"ק""ג",false,,14.90,14.9000,true,1,124694
7290003643165,false,סוגת קורנפלור 500 גרם,סוגת תעשיות בעמ,,קונפלור 500 גרם,גרמים,500.00,100 גרם,false,,6.90,1.3800,true,1,124699
7290003643387,false,סוכר לבן בצנצנת פלסטיק 1 ק`ג,האי נאם סי או אל.טי.,,"סוכר 1 ק""ג בצנצנת",פריט,1.00,"ק""ג",false,,7.90,7.9000,true,1,124703
7290003643646,false,"סוכר דמררה קלאסי בצנצנת סוגת 1 ק""ג",האי נאם סי או אל.טי.,,"סוכר דמררה 1 ק""ג בצ",פריט,1.00,"ק""ג",false,,12.90,12.9000,true,1,124704
7290003643684,false,אפונה יבשה סוגת 500 גר',האי נאם סי או אל.טי.,,סוגת אפונה 500 גרם,גרמים,500.00,100 גרם,false,,6.90,1.3800,true,1,124705
7290003643707,false,גריסים סוגת (500 גרם),"סוגת תעשיות בע""מ",,סוגת גריסים 500 גרם,גרמים,500.00,100 גרם,false,,4.90,0.9800,true,1,124706
7290003643714,false,חומוס גרגירים 500 גרם סוגת,האי נאם סי או אל.טי.,,סוגת חומוס 500 גרם,גרמים,500.00,100 גרם,false,,7.90,1.5800,true,1,124707
7290003643738,false,חיטה סוגת (500 גרם),האי נאם סי או אל.טי.,,סוגת חיטה 500 גר,גרמים,500.00,100 גרם,false,,4.90,0.9800,true,1,124708
7290003643745,false,כוסמת סוגת (500 גרם),האי נאם סי או אל.טי.,,סוגת כוסמת 500 גר,גרמים,500.00,100 גרם,false,,7.90,1.5800,true,1,124709
7290003643776,false,"פופקורן גרעינים סוגת 500 ג' כשל""פ",האי נאם סי או אל.טי.,,סוגת פופקורן 500 גר,גרמים,500.00,100 גרם,false,,5.50,1.1000,true,1,124712
7290003643806,false,שעועית לבנה יבשה סוגת (500 גרם),האי נאם סי או אל.טי.,,סוגת שעועית לבנה 500,גרמים,500.00,100 גרם,false,,10.90,2.1800,true,1,124714
7290003643813,false,שעועית אדומה יבשה סוגת 500 גר',האי נאם סי או אל.טי.,,סוגת שעועית חומה 500,גרמים,500.00,100 גרם,false,,11.90,2.3800,true,1,124715
7290003643820,false,חומוס ענק יבש סוגת 500 גרם,"סוגת תעשיות בע""\מ",,סוגת חומוס ענק 500 ג,גרמים,500.00,100 גרם,false,,9.90,1.9800,true,1,124716
7290003681303,false,שעועית מעורבת יבשה מיה 500 גר',מיה תעשיות מזון מ.ת.מ. בעמ,,מיה שעועית מעורבת 50,גרמים,500.00,100 גרם,false,,10.00,2.0000,true,1,134945
7290003726141,false,טופו אמיתי כפרי בריא 300 גרם,מחלבות גד שיווק 1992 בעמ,,טופו משק גאיה 300 גר,גרמים,300.00,100 גרם,false,,13.90,4.6333,true,1,146623
7290003726615,false,"טופו ויילר 300 גרם ""שטראוס""",שטראוס גרופ בעמ/מצונן,,טופו ויילר 300 גרם,גרמים,300.00,100 גרם,false,,12.90,4.3000,true,1,139856
7290003726622,false,טופו פיקנטי 300 ג' משק ויילר,שטראוס גרופ בעמ/מצונן,,טופו פיקנטי 300 גרם,גרמים,300.00,100 גרם,false,,13.90,4.6333,true,1,195762
7290003726868,false,טופו חומוס בתוספת עגבניות מיובשות 300 ג' משק ויילר,שטראוס גרופ בעמ/מצונן,,טופו חומוס בתוספת עג,גרמים,300.00,100 גרם,false,,12.90,4.3000,true,1,195352
7290003726875,false,טופו חומוס בתוספת פסטו ויילר 300 גרם,שטראוס גרופ בעמ/מצונן,,טופו חומוס בתוספת פס,גרמים,300.00,100 גרם,false,,12.90,4.3000,true,1,195357
7290003744855,false,אובלטים עם שומשום 300 גר,שוקוטרייד בעמ,,אובלטים מלוחים + שומ,גרמים,300.00,100 גרם,false,,10.90,3.6333,true,1,128653
7290003781065,false,מלפפונים בחומץ קטנים מאוד וילי פוד 370 גרם,ג. וילי-פוד אינטרנשיונל בע`מ,,מלפפון בחומץ 690 גרם,גרמים,680.00,100 גרם,false,,12.90,1.8971,true,1,115511
7290003781850,false,גבינת קשקבל פרוסות 200 גרם - דיספליי (18),ג.וילי-פוד אינטרנשיונל **גבינו,,גבינת קשקבל פרוסות 2,גרמים,200.00,100 גרם,false,,19.90,9.9500,true,1,183829
7290003804320,false,תיבולית שום ופטרוזיליה קנור 72 גרם,יוניליוור ישראל שיווק בע`מ,,תיבולית קנור שום 72,Unknown,0.00,יחידה,false,,8.90,0.0000,true,1,119531
7290003804368,false,תיבוליות בזיליקום קנור (8 יח`- 72 גרם),יוניליוור ישראל שיווק בע`מ,,תיבולית קנור בזיליקו,Unknown,0.00,יחידה,false,,8.90,0.0000,true,1,119534
7290003804382,false,תיבוליות פטריות קנור (8 יח`- 72 גרם),יוניליוור ישראל שיווק בע`מ,,תיבולית קנור פטריות,Unknown,0.00,יחידה,false,,8.90,0.0000,true,1,119536
7290003805501,false,"פתית בסגנון שוודי תלמה בד""צ 300 גרם",יוניליוור ישראל שיווק בע`מ,,פתית שבדי 300 גרם,גרמים,300.00,100 גרם,false,,14.90,4.9667,true,1,119541
7290003805587,false,"פתית חיטה מלאה בד""צ 250 גרם-קופסא",יוניליוור ישראל שיווק בע`מ,,פתית חטיה מלאה 250 ג,גרמים,250.00,100 גרם,false,,14.90,5.9600,true,1,119545
7290003807178,false,"רוטב קנור סויה בסגנון סיני 300 מ""ל",יוניליוור ישראל שיווק בע`מ,,רוטב סויה בסגנון סינ,Unknown,300.00,יחידה,false,,10.90,0.0363,true,1,119557
7290003807482,false,קנור רוטב טריאקי מופחת נתרן 370 גרם,יוניליוור ישראל שיווק בע`מ,,"רוטב טריאקי 300 מ""ל",Unknown,300.00,יחידה,false,,10.90,0.0363,true,1,119560
7290003864478,false,סרדינים בשמן צמחי פתח קל ויליפוד 110 גרם,ג.וילי-פוד אינטרנשיונל בעמ,,וילי פוד סרדין בשמן,גרמים,110.00,100 גרם,false,,4.90,4.4545,true,1,115517
7290003882922,false,עלי גפן ממולאים באורז וילי פוד 360 גרם,ג. וילי-פוד אינטרנשיונל בע`מ,,עלי גפן ממולאים 400ג,גרמים,400.00,100 גרם,false,,9.90,2.4750,true,1,115522
7290003938049,false,הפי נוזל הברקה למדיח 1 ל,יעקב יעקבי ובניו בעמ,,הפי נוזל הברקה שויצר,Unknown,500.00,יחידה,false,,16.90,0.0338,true,1,120225
7290003989539,false,רביולי עם גבינה שטראוס (400 גרם),שטראוס גרופ בעמ/מצונן,,שטראוס רביולי גבינה,גרמים,400.00,100 גרם,false,,20.90,5.2250,true,1,139858
7290003989553,false,פסטה טורטליני גבינה ופטריות 400 גרם,שטראוס גרופ בעמ/מצונן,,שטראוס רביולי טורטלי,גרמים,400.00,100 גרם,false,,19.90,4.9750,true,1,139859
7290004000090,false,"עארק סאבאת 640 מ""ל",,,"עארק סאבאת 640 מ""ל",מיליליטרים,640.00,"100 מ""ל",false,,65.90,10.2969,true,1,167985
7290004000221,false,"כוס 1ש""ח",,,"כוס 1ש""ח",Unknown,0.00,יחידה,false,,1.00,0.0000,true,1,190198
7290004000222,false,כריך חביתה,,,כריך חביתה,Unknown,0.00,יחידה,false,,14.90,0.0000,true,1,182149
7290004000224,false,כריך טונה עם ביצה קש,,,כריך טונה עם ביצה קש,Unknown,0.00,יחידה,false,,14.90,0.0000,true,1,182148
7290004000225,false,בייגלה בטוסט,,,בייגלה בטוסט,Unknown,0.00,יחידה,false,,14.90,0.0000,true,1,144154
7290004000408,false,קפה אמריקנו,,,קפה אמריקנו,Unknown,0.00,יחידה,false,,6.00,0.0000,true,1,182113
7290004000409,false,קפה אילן,,,קפה אילן,Unknown,0.00,יחידה,false,,6.00,0.0000,true,1,182114
7290004000444,false,סחלב חם גדול,,,סחלב חם גדול,Unknown,0.00,יחידה,false,,10.00,0.0000,true,1,144157
7290004000612,false,סלט טרי,,,סלט טרי,Unknown,0.00,יחידה,false,,10.90,0.0000,true,1,158937
7290004000889,false,זעתר/בצל אישית,,,זעתר/בצל אישית,Unknown,0.00,יחידה,false,,15.00,0.0000,true,1,199155
7290004006440,false,בקבוק חתול עם ידיות ללא ביספנול טוליפס,אינטרסן (1996) בעמ,,בקבוק מעוצב עם ידיות,Unknown,1.00,יחידה,false,,16.90,16.9000,true,1,163430
7290004011277,false,"בסיס לבישול והקרמה צמחי ריצ' 220 מ""ל","אינסטנטה בע""מ",,ריצ בישול והקרמה 14%,Unknown,220.00,יחידה,false,,9.60,0.0436,true,1,122927
7290004011284,false,בסיס להכנת קצפת צמחי ריץ` (212 מל),ריצ' פרודקטס קורפריי,,ריצ בסיס להכנת קצפת,Unknown,212.00,יחידה,false,,8.90,0.0420,true,1,122928
7290004011291,false,בסיס להכנת קצפת צמחי ריץ` (425 מל),נטו מלינדה סחר בע`מ,,ריצ בסיס להכנת קצפת,Unknown,425.00,יחידה,false,,12.90,0.0304,true,1,122929
7290004011338,false,קצפת מתוקה מוכנה ספריי ריץ` (250 מל),נטו מלינדה סחר בע`מ,,ריצ קצפת במיכל 250מל,Unknown,250.00,יחידה,false,,15.60,0.0624,true,1,122930
7290004011345,false,"ספריי קצפת מתוקה מוכנה פרווה ריץ' 238 מ""ל",האי נאם סי או אל.טי.,,קצפת ריץ במיכל פרווה,Unknown,250.00,יחידה,false,,15.10,0.0604,true,1,122931
7290004011796,false,קבבונים בקר קפוא אל גאוצ''ו 400ג',"טיבון ויל אחזקות בע""",,אל גאוצו קבבונים 400,גרמים,400.00,100 גרם,false,,20.90,5.2250,true,1,122934
7290004011802,false,נקניקיות צ'וריסוס אל גאוצ'ו 400 גר',טיבון ויל אחזקות בעמ,,טיבון ויל צוריסוס אל,גרמים,400.00,100 גרם,false,,23.90,5.9750,true,1,122935
7290004011826,false,מיני המבורגר ריב אנטריקוט אל גאוצ`ו 360,טיבון ויל אחזקות בעמ,,אל גאוצו מיני המבורג,גרמים,320.00,100 גרם,false,,20.90,6.5312,true,1,122937
7290004022309,false,עדשי מ&מ'ס חמאת בוטנים80,מרס,,אמ אנד אמז חמאת בוטנ,Unknown,0.00,יחידה,false,,6.90,0.0000,true,1,148835
7290004026776,false,לחם מחמצת אגוזים וצימוקים,פילסברי,,לחם מחמצת אגוזים וצי,גרמים,530.00,100 גרם,false,,16.90,3.1887,true,1,116367
7290004030018,false,"פריניב מיץ לימון סחוט פרי לתיבול 500 מ""ל",הנסיך- מפעל לייצור ט,,מיץ לימון סחוט לתיבו,מיליליטרים,500.00,"100 מ""ל",false,,7.90,1.5800,true,1,130280
7290004030216,false,משקה בטעם חמוציות 1 ליטר פריניב,הנסיך- מפעל לייצור ט,,נקטר חמוציות 1 ליטר,קילוגרמים,1.00,ליטר,false,,14.90,14.9000,true,1,130286
7290004030254,false,פרי ניב משקה לימונדה,,,פרי ניב משקה לימונדה,קילוגרמים,2.00,ליטר,false,,46.90,23.4500,true,1,135474
7290004030445,false,מיץ תפוזים סחוט רכיבים טבעיים 1 ליטר פרי ניב,הנסיך- מפעל לייצור ט,,מיץ תפוזים 100 סחוט,מיליליטרים,1000.00,"100 מ""ל",false,,14.90,1.4900,true,1,130291
7290004030544,false,משקה בטעם לימונדה לואיזה ולימון 1 ליטר פריניב,תנובה - פריניב,,משקה קל לימונענע 1 ל,מיליליטרים,1000.00,"100 מ""ל",false,,14.90,1.4900,true,1,130292
7290004043108,false,עדשי מ&מ'ס שוקולד 89 גרם,מרס,,אמ אנד אמז שוקולד 89,Unknown,0.00,יחידה,false,,6.90,0.0000,true,1,148836
7290004043205,false,עדשי שוק.מ&מ'ס בוטנים90ג,מרס,,אמ אנד אמז בוטנים 93,Unknown,0.00,יחידה,false,,6.90,0.0000,true,1,148837
7290004043633,false,שוקולד רוסמן,,,שוקולד רוסמן,קילוגרמים,1.00,"ק""ג",true,,49.90,49.9000,true,1,145422
7290004048679,false,קובה למרק שלושת האופים(כ 18 יח`- 1 קג),נטו מלינדה סחר בעמ,,קובה למרק 1 קג שלושת,Unknown,1.00,יחידה,false,,22.90,22.9000,true,1,122939
7290004061487,false,טבעות עוף700 גר`טופ שף,קפוא-זן תעשיות מזון בעמ - תפוג,,טבעות עוף,Unknown,0.00,יחידה,false,,15.90,0.0000,true,1,195621
7290004061494,false,נגיסי עוף 700 גר`טופ שף,קפוא-זן תעשיות מזון בעמ - תפוג,,נגיסי עוף,Unknown,0.00,יחידה,false,,15.90,0.0000,true,1,195620
7290004063016,false,מלח שולחן מעולה סלית (1 קג)פיקוח,האי נאם סי או אל.טי.,,"מלח שולחן 1 ק""ג",פריט,1.00,"ק""ג",false,,1.70,1.7000,true,1,141911
7290004063115,false,"מלח מטבח עבה להמלחת בשר ובישול 1 ק""ג 1ק""ג",האי נאם סי או אל.טי.,,"מלח גס בישול 1ק""ג",פריט,1.00,"ק""ג",false,,1.70,1.7000,true,1,141912
7290004064181,false,"תבלין מלח ההימלאיה גס בצנצנת 1 ק""ג","חברת מלח הארץ אילת בע""\מ",,מלח ההימלאיה גס בצנצ,פריט,1.00,"ק""ג",false,,16.90,16.9000,true,1,129557
7290004064198,false,מטחנת מלח ספייסי- אקסטרא תבלינים 115 ג',"מלח הארץ אילת בע""מ",,מטחנת מלח אקסטרא תבל,גרמים,115.00,100 גרם,false,,16.90,14.6957,true,1,129558
7290004064280,false,מלח מופחת נתרן בצנצנת מלח הארץ 600 גרם,חברת מלח הארץ אילת ב,,מלח הארץ מופחת נתרן,גרמים,600.00,100 גרם,false,,16.90,2.8167,true,1,129561
7290004064297,false,"מלח מועשר ביוד בצנצנת מלח הארץ 1 ק""ג","חברת מלח הארץ אילת בע""\מ",,מלח הארת מועשר ביוד,פריט,1.00,"ק""ג",false,,8.90,8.9000,true,1,129562
7290004064334,false,מלח פלוס שום מלחייה 175 ג' מלח הארץ,"חברת מלח הארץ אילת בע""\מ",,מלח פלוס שום מלחייה,גרמים,175.00,100 גרם,false,,13.90,7.9429,true,1,182951
7290004064358,false,"מלח דק זורם בקלות מלח הארץ קרטון 1 ק""ג","חברת מלח הארץ אילת בע""\מ",,מלח הארץ דק זורם בקל,Unknown,0.00,יחידה,false,,4.90,0.0000,true,1,129564
7290004064365,false,"מלח דק מועשר ביוד מלח הארץ קרטון 1 ק""ג","חברת מלח הארץ אילת בע""\מ",,מלח הארץדק מועשר ביו,Unknown,0.00,יחידה,false,,5.90,0.0000,true,1,129565
7290004064372,false,מטחנת מלח אקסטרא תבלינים איטלקי 105 גר,"חברת מלח הארץ בע""\מ",,מטחנת מלח אקסטרא תבל,גרמים,115.00,100 גרם,false,,16.90,14.6957,true,1,159693
7290004064389,false,מלח הימלאיה דק 250ג מלחיה סוגת*,"חברת מלח הארץ אילת בע""\מ",,מלח הימלאיה דק מלחיי,גרמים,250.00,100 גרם,false,,10.90,4.3600,true,1,174537
7290004068011,false,יוגורט כבשים בדלי 5% שומן 600 ג' גד,מחלבות גד שיווק 1992 בעמ,,גד יוגורט כבשים 5% 6,מיליליטרים,600.00,"100 מ""ל",false,,17.20,2.8667,true,1,146624
7290004068028,false,"יוגורט צזיקי לשתיה 3.5% 500 מ""ל רובין",מחלבות גד שיווק 1992 בעמ,,גד משקה צזיקי 2% 500,מיליליטרים,500.00,"100 מ""ל",false,,9.90,1.9800,true,1,146625
7290004068035,false,"איירן יוגורט לשתייה 3% גד 500 מ""ל",מחלבות גד שיווק 1992 בעמ,,גד משקה איירן בסגנון,מיליליטרים,500.00,"100 מ""ל",false,,7.90,1.5800,true,1,146626
7290004068172,false,"יוגורט עיזים בדלי 5% 600 מ""ל רובין",מחלבות גד שיווק 1992 בעמ,,גד יוגורט עיזים 5% 6,מיליליטרים,600.00,"100 מ""ל",false,,16.90,2.8167,true,1,146627
7290004078225,false,"שטיפת פה קולגייט פלקס מינט ירוק 500מ""ל",קולגייט- פלמוליב,,קולגייט מי פה פלקס ס,מיליליטרים,500.00,"100 מ""ל",false,,29.90,5.9800,true,1,111150
7290004078263,false,מקלות אוזניים פלסטיק 2* 200 יחידות,ש. שסטוביץ בע`מ,,בלונס צמרונים בקופסא,Unknown,400.00,יחידה,false,,10.90,0.0273,true,1,128158
7290004078270,false,נוזל לניקוי כלים בריח לימון פלמוליב 1 ליטר,יבואן ומשווק: ש. שסט,,פלמוליב לכלים לימון-,קילוגרמים,1.00,ליטר,false,,13.90,13.9000,true,1,128159
7290004078690,false,"אגקס נוזל לניקוי אסלות מרענן 750 מ""ל",הנסיך- מפעל לייצור ט,,אגקס כלורון נוזל לני,מיליליטרים,750.00,"100 מ""ל",false,,14.90,1.9867,true,1,111151
7290004078942,false,ליידי ספיד סטיק - דאודורנט ג'ל לאישה 65 גרם,קולגייט-פלמוליב,,ליידי ספיד סטיק גל ב,Unknown,0.00,יחידה,false,,24.90,0.0000,true,1,111152
7290004091248,false,וזלין פטרוליום אינטנסיב קאר ג'ל 106 גר',יוניליוור ישראל שיווק בע`מ,,וזלין אינטנסיב קאר פ,גרמים,106.00,100 גרם,false,,13.00,12.2642,true,1,119562
7290004091255,false,ג'ל פטרוליום טהור 100% וזלין 212 גרם,יוניליוור ישראל שיווק בע`מ,,ואזלין אינטנסיב קאר,מיליליטרים,225.00,"100 מ""ל",false,,19.90,8.8444,true,1,119563
7290004102045,false,עירית,,,עירית,Unknown,0.00,יחידה,false,,4.90,0.0000,true,1,138533
7290004119010,false,גבינת שדה מותכת 25% תנובה 500 גרם,תנובה בעמ ***,,שדה רמאדן חבילה 0.5,גרמים,500.00,100 גרם,false,,12.50,2.5000,true,1,130304
7290004119133,false,כד יוגורט תנובה 6.5% שומן 1.5 ליטר,מיוצר עי קונדיטוריית,,יוגורט תנובה 6.5% כד,קילוגרמים,1.50,ליטר,false,,17.80,11.8667,true,1,130305
7290004119225,false,יופלה יוגורט בטעם אננס %3 150 גרם,תנובה מרכז שיתופי לש,,יופלה יוגורט אננס %3,מיליליטרים,150.00,"100 מ""ל",false,,5.20,3.4667,true,1,130306
7290004119928,false,מעדן חלב בטעם וניל 2% קרלו תנובה 125 גרם,מחלבת אלון תבור,,קרלו מעדן וניל רביעי,Unknown,125.00,יחידה,false,,3.10,0.0248,true,1,130308
7290004119973,false,קרלו מעדן שוקו רביעיה גביע 1.5% 125 גרם,תנובה מרכז שיתופי לש,,קרלו מעדן שוקו רביעי,מיליליטרים,125.00,"100 מ""ל",false,,3.10,2.4800,true,1,130309
7290004120108,false,יופלה דיאט יוגורט דובדבן %0 גביע 150גרם,תנובה מרכז שיתופי לש,,יופלה דיאט יוגורט דו,מיליליטרים,150.00,"100 מ""ל",false,,5.20,3.4667,true,1,130311
7290004120566,false,גבינה בולגרית (25024% גרם)פיראוס תנובה,"תנובה בע""מ ***",,פיראוס בולגרית גביע,גרמים,250.00,100 גרם,false,,23.50,9.4000,true,1,130315
7290004120573,false,גבינה בולגרית (25016% גרם)פיראוס תנובה,תנובה מרכז שיתופי לש,,פיראוס בולגרית גביע,גרמים,250.00,100 גרם,false,,23.50,9.4000,true,1,130316
7290004120634,false,גבינה בולגרית (2505% גרם)פיראוס תנובה,תנובה מרכז שיתופי לש,,פיראוס בולגרית גביע,גרמים,250.00,100 גרם,false,,23.50,9.4000,true,1,130317
7290004121280,false,"שמנת חמוצה 9% חצי מנה תנובה 100 מ""ל",,,שמנת תנובה 9% חצי מ,גרמים,100.00,100 גרם,false,,1.20,1.2000,true,1,130319
7290004121488,false,יוגורט ביו דיאט 0% אפרסק יופלה (150 גרם),תנובה מרכז שיתופי לש,,יופלה דיאט אפרסק 0%,מיליליטרים,150.00,"100 מ""ל",false,,5.20,3.4667,true,1,130320
7290004121754,false,יוגורט ביו עוגת גבינה ותות 3% יופלה 150 גרם,תנובה בעמ ***,,יופלה יוגורט עוגת גב,מיליליטרים,150.00,"100 מ""ל",false,,5.20,3.4667,true,1,130322
7290004121839,false,גבינת פטה כבשים (25020% גרם)פיראוס בול,תנובה מרכז שיתופי לש,,פיראוס פטה כבשים 20%,גרמים,250.00,100 גרם,false,,29.90,11.9600,true,1,130323
7290004121853,false,גבינה בולגרית קוביות (2005% גרם)פיראוס,תנובה מרכז שיתופי לש,,פיראוס קוביות בולגרי,גרמים,200.00,100 גרם,false,,20.90,10.4500,true,1,130324
7290004122119,false,פתיתי פרמזן לפסטה 23% השף הלבן 100 גרם,"תנובה בע""מ ***",,פתיתי פרמזן לפסטה 10,גרמים,100.00,100 גרם,false,,13.60,13.6000,true,1,130326
7290004122195,false,גוש חלב גבינה צהובה פרוסה 28% תנובה 200 גרם,"תנובה בע""מ ***",,גוש חלב פרוס 200 %28,גרמים,200.00,100 גרם,false,,14.30,7.1500,true,1,130327
7290004122676,false,גבינה חמד לייט (2505% גרם)פיראוס תנובה,"תנובה,מחלבת טנא נוגה",,פיראוס חמד לייט 5%,גרמים,250.00,100 גרם,false,,18.40,7.3600,true,1,130330
7290004122683,false,עמק חטיף אצבעות גבינה חצי קשה 28% שומן,תנובה מרכז שיתופי לש,,אצבעות 28% חטיף גבינ,גרמים,172.00,100 גרם,false,,16.70,9.7093,true,1,130331
7290004124175,false,יופלה לבן 1.5% גביע 150 גר להחזרות בלבד,תנובה בעמ ***,,יופלה לבן 1.5% 150מל,Unknown,150.00,יחידה,false,,2.00,0.0133,true,1,130334
7290004124205,false,יופלה דיאט יוגורט תות %0 גביע 150 גרם,תנובה מרכז שיתופי לש,,יופלה דיאט יוגורט תו,מיליליטרים,150.00,"100 מ""ל",false,,5.20,3.4667,true,1,130335
7290004125370,false,"שמנת חמוצה 9% מופחתת שומן תנובה 200 מ""ל מהדרין",תנובה מרכז שיתופי לש,,שמנת אורגינל 9% 200מ,גרמים,200.00,100 גרם,false,,3.80,1.9000,true,1,130338
7290004125400,false,"אשל שלי מהדרין 200 מ""ל 4.5% ""תנובה""- מוצר בפיקוח",פארייפאבה אגרואינדוס,,אשל 4.5% 200מל מהדרי,מיליליטרים,200.00,"100 מ""ל",false,,1.69,0.8450,true,1,130339
7290004125417,false,"גיל 3% שלי 200 מ""ל ""תנובה"" -מוצר בפיקוח",תנובה מרכז שיתופי לש,,גיל 3% 200מל מהדרין,מיליליטרים,200.00,"100 מ""ל",false,,1.51,0.7550,true,1,130340
7290004125455,false,"שמנת חמוצה 200 מ""ל 15% ""תנובה"" -מוצר בפיקוח",תנובה מרכז שיתופי לש,,שמנת אורגינל 15% 200,מיליליטרים,200.00,"100 מ""ל",false,,2.40,1.2000,true,1,130341
7290004125462,false,"שמנת חמוצה 15% תנובה 500 מ""ל מהדרין",תנובה מרכז שיתופי לש,,שמנת אורגינל 15% 500,מיליליטרים,500.00,"100 מ""ל",false,,6.00,1.2000,true,1,130342
7290004125509,false,"שמנת חמוצה 15% מועשרת תנובה 100 מ""ל",תנובה מרכז שיתופי לש,,שמנת אורגינל 15% חצי,מיליליטרים,100.00,"100 מ""ל",false,,1.90,1.9000,true,1,130343
7290004125578,false,משקה סויה מעושר בסידן תנובה 1ל',תנובה מרכז שיתופי לש,,משקה סויה מועשר 1 לי,קילוגרמים,1.00,ליטר,false,,9.90,9.9000,true,1,130344
7290004125585,false,משקה סויה בטעם וניל תנובה 1 ליטר,תנובה מרכז שיתופי לש,,משקה סויה וניל על הב,קילוגרמים,1.00,ליטר,false,,10.50,10.5000,true,1,130345
7290004125721,false,"השף הלבן שמנת עמידה לבישול 15% תנובה 250 מ""ל",תנובה מרכז שיתופי לש,,שמנת לבישול 15% 250,מיליליטרים,250.00,"100 מ""ל",false,,8.30,3.3200,true,1,130347
7290004125776,false,גבינה צהובה קלאסית 28% עמק (400 גרם),"תנובה בע""מ ***",,עמק פרוס 28% 400 גרם,גרמים,400.00,100 גרם,false,,29.40,7.3500,true,1,130349
7290004126759,false,דאיט יופלה פירות יער טו יוג פרי 150גר.,"תנובה בע""מ ***",,יופלה דיאט פירות יער,מיליליטרים,150.00,"100 מ""ל",false,,5.20,3.4667,true,1,130352
7290004126872,false,משקאות חלב תנובה שוקו בקבוק 250מל,תנובה - חלב,,שוקו תנובה בבקבוק 25,Unknown,250.00,יחידה,false,,5.60,0.0224,true,1,130353
7290004127077,false,קוטג תנובה 3% גביע 250 גרם מהדרין,מיוצר עי קונדיטוריית,,קוטג תנובה 3% גביע 2,גרמים,250.00,100 גרם,false,,5.80,2.3200,true,1,130354
7290004127329,false,קוטג תנובה גביע 250 גרם %5 ו.מהדרין,מיוצר עי קונדיטוריית,,קוטג תנובה גביע 250,גרמים,250.00,100 גרם,false,,5.80,2.3200,true,1,130355
7290004127336,false,קוטג תנובה גביע 250 גרם %9 ו.מהדרין,מיוצר עי קונדיטוריית,,קוטג תנובה גביע 250,גרמים,250.00,100 גרם,false,,5.80,2.3200,true,1,130356
7290004127800,false,"גבינה לבנה 500 גרם 5% ""תנובה"" -מוצר בפיקוח",מיוצר עי קונדיטוריית,,גבינה לבנה 5% 500 גר,גרמים,500.00,100 גרם,false,,9.96,1.9920,true,1,130357
7290004127862,false,"גבינה לבנה 750 גרם 5% ""תנובה"" - מוצר בפיקוח",תנובה מרכז שיתופי לש,,גבינה לבנה 5% 750 גר,גרמים,750.00,100 גרם,false,,14.94,1.9920,true,1,130359
7290004127916,false,גבינה לבנה 0.5% שומן 500 ג' תנובה,תנובה מרכז שיתופי לש,,גבינה לבנה 0.5% 500,גרמים,500.00,100 גרם,false,,10.50,2.1000,true,1,130360
7290004128333,false,לאבנה על בסיס יוגורט %9 שומן 500 ג' פיראוס,תנובה בעמ ***,,פיראוס לאבנה גביע 50,גרמים,500.00,100 גרם,false,,19.90,3.9800,true,1,130362
7290004128340,false,קרם גבינת שמנת %5 בטעם טבעי 200 ג' תנובה,"תנובה בע""מ ***",,קרם גבינת שמנת %5 ב,גרמים,200.00,100 גרם,false,,11.50,5.7500,true,1,130363
7290004128432,false,פתיתים מיוחדים לפיצה על בסיס גבינה 500 ג',תנובה - חלב,,פתיתים מיוחדים לפיצה,גרמים,600.00,100 גרם,false,,22.90,3.8167,true,1,130365
7290004129101,false,גבינת שמנת 25% בטעם טבעי 225 ג' נפוליאון,תנובה מרכז שיתופי לש,,נפוליאון טבעי גביע 2,גרמים,225.00,100 גרם,false,,13.90,6.1778,true,1,130366
7290004129156,false,גבינת שמנת25% עם שום שמיר 225 ג' נפוליאון,תנובה מרכז שיתופי לש,,נפוליאון שום שמיר גב,גרמים,225.00,100 גרם,false,,13.90,6.1778,true,1,130368
7290004129767,false,"3% 'יופלה לבן מארז שמינייה 1.2 ק""ג",תנובה מרכז שיתופי לש,,יופלה לבן 3% מאגדת 8,מיליליטרים,1200.00,"100 מ""ל",false,,17.90,1.4917,true,1,130372
7290004130695,false,משקאות חלב תנובה אייס קפה בבקבוק 1ל,תנובה מרכז שיתופי לש,,משקה אייס קפה תנובה,קילוגרמים,1.00,ליטר,false,,13.60,13.6000,true,1,130373
7290004130794,false,משקה סויה במתיקות מופחתת תנובה (1 ליטר),תנובה מרכז שיתופי לש,,משקה סויה טבעי במתיק,קילוגרמים,1.00,ליטר,false,,10.50,10.5000,true,1,130374
7290004130916,false,יוגורט יופלה פירות יער בשמנת 3% 150 גרם,תנובה מרכז שיתופי לש,,יופלה פירות יער בשמנ,מיליליטרים,150.00,"100 מ""ל",false,,5.20,3.4667,true,1,130375
7290004131074,false,"חלב 1 ליטר 3% קרטון ""תנובה""- מוצר בפיקוח",תנובה מרכז שיתופי לש,,חלב תנובה טרי1ל קרטו,קילוגרמים,1.00,ליטר,false,,6.23,6.2300,true,1,130376
7290004131432,false,יוגורט יופלה לבן ביו 3% 200 גרם,מיוצר עי קונדיטוריית,,יופלה לבן 3% גביע 20,מיליליטרים,200.00,"100 מ""ל",false,,3.90,1.9500,true,1,130380
7290004131456,false,יוגורט ביו 1.5% שומן 200 ג' יופלה,מיוצר עי קונדיטוריית,,יופלה לבן 1.5% גביע,Unknown,200.00,יחידה,false,,3.90,0.0195,true,1,130381
7290004131531,false,שוקו 30% פחות תוספת סוכר תנובה (1 ליטר),פארייפאבה אגרואינדוס,,שוקו תנובה בקבוק 1 ל,קילוגרמים,1.00,ליטר,false,,13.60,13.6000,true,1,130382
7290004131814,false,גבינת צפתית מעודנת (2005% גרם)פיראוס ת,פארייפאבה אגרואינדוס,,פיראוס צפתית 5% מעוד,גרמים,200.00,100 גרם,false,,15.10,7.5500,true,1,130383
7290004131845,false,לאבנה גביע 9% 750 גר`פיראוס תנובה,תנובה מרכז שיתופי לש,,פיראוס לאבנה 9% גביע,גרמים,750.00,100 גרם,false,,24.90,3.3200,true,1,130384
7290004132170,false,"לבן טבעי 1.5% 150 מ""ל יופלה","תנובה בע""מ ***",,יופלה לבן טבעי 1.5%,מיליליטרים,150.00,"100 מ""ל",false,,3.00,2.0000,true,1,130385
7290004132606,false,"קרלו מעדן חלב בטעם וניל 2% תנובה 8*100 מ""ל",תנובה מרכז שיתופי לש,,מאגדת קרלו מיני וניל,מיליליטרים,800.00,"100 מ""ל",false,,14.90,1.8625,true,1,130390
7290004132712,false,חטיף אצבעות גבינת מוצרלה 20% 172 ג' עמק,תנובה מרכז שיתופי לש,,חטיף אצבעות גבינת מו,גרמים,174.00,100 גרם,false,,16.70,9.5977,true,1,130391
7290004133511,false,יופלה מאגדת לבן 1.5% מעודן 8 יח' * 150 ג',מיוצר עי קונדיטוריית,,יופלה מאגדת שמיניה ל,קילוגרמים,1.20,ליטר,false,,21.20,17.6667,true,1,130395
7290004135058,false,שמיניית קרלו מיני שוקולד 100 גרם מהדרין,תנובה מרכז שיתופי לש,,מאגדת קרלו מיני שוקו,מיליליטרים,800.00,"100 מ""ל",false,,14.90,1.8625,true,1,130402
7290004135225,false,מעדן חלב דל קלוריות בטעם שוקולד 0.2שומ,תנובה מרכז שיתופי לש,,מעדן תנובה דיאט שוקו,Unknown,150.00,יחידה,false,,4.10,0.0273,true,1,130405
7290004135614,false,גבינה בולגרית מעודנת 5% פיראוס 250 גרם,"תנובה בע""מ ***",,פיראוס בולגרית מעוד,גרמים,250.00,100 גרם,false,,23.50,9.4000,true,1,130407
7290004136154,false,"משקה חלב אייס קפה תנובה בבקבוק 340 מ""ל",גוד פוד פרודקטס S.p,,משקה אייס קפה תנובה,Unknown,340.00,יחידה,false,,6.90,0.0203,true,1,130410
7290004136598,false,מארז הפסקת אוכל עם קורנפלקס ומשקה חלב עמיד בטעם וניל,פארייפאבה אגרואינדוס,,מארז הפסקת אוכל חלב,מיליליטרים,150.00,"100 מ""ל",false,,9.50,6.3333,true,1,130414
7290004136857,false,מעדן ג`לי בטעם פטל תנובה (125 גרם),תנובה מרכז שיתופי לש,,ג'לי תנובה פטל,מיליליטרים,125.00,"100 מ""ל",false,,2.60,2.0800,true,1,130415
7290004136864,false,מעדן ג'לי בטעם אננס עם חתיכות תנובה 125 גרם,תנובה בעמ ***,,ג'לי תנובה אננס עם ח,Unknown,125.00,יחידה,false,,2.90,0.0232,true,1,130416
7290004136871,false,מעדן ג'לי בטעם אפרסק עם חתיכות תנובה 125 גרם,תנובה מרכז שיתופי לש,,ג'לי תנובה אפרסק עם,מיליליטרים,125.00,"100 מ""ל",false,,2.90,2.3200,true,1,130417
7290004137311,false,גבינה צהובה מופחתת שומן 9% עמק (400 גרם),"תנובה בע""מ ***",,עמק לייט פרוס 400 גר,גרמים,400.00,100 גרם,false,,31.40,7.8500,true,1,130419
7290004146986,false,נקה 7 שמפו לשיער צבוע ומובהר 750 מל,החברה הדרומית לשיווק בעמ,,נקה 7-שמפו צבוע כתום,מיליליטרים,750.00,"100 מ""ל",false,,12.90,1.7200,true,1,173226
7290004147051,false,קיסמי שיניים רפואיים 300 יח`,קונסיגנציה- ש. י גיספאן 1993,,קיסמי שיניים רפואי 3,Unknown,0.00,יחידה,false,,9.90,0.0000,true,1,153267
7290004147150,false,ליפות/רצועות/וספוגים- מערוב,קונסיגנציה- ש. י גיספאן 1993,,ליפות גב לרחצה + רצו,Unknown,0.00,יחידה,false,,11.90,0.0000,true,1,153268
7290004199074,false,סאני פלסטר אינטרסן 5,אינטרסן (1996) בעמ,,פלסטר 50 יח',Unknown,0.00,יחידה,false,,6.90,0.0000,true,1,163402
7290004199203,false,קיסמי שיניים במבוק מלחיה לב הוסטס (300),הדקלאים אגודת שיתופי,,קיסמי שיניים מבמבוק,Unknown,0.00,יחידה,false,,3.90,0.0000,true,1,163370
7290004199579,false,פלסטר מעורב 100 יח' - SUNNY PLASTER,הדקלאים אגודת שיתופי,,פלסטר 100 יח' מעורב,Unknown,0.00,יחידה,false,,9.90,0.0000,true,1,163404
7290004199777,false,צימרוני אוזניים פלסטיק בכוס 300 יחידות אינטרסאן,אינטרסן (1996) בעמ,,צימרוני אוזניים פלסט,Unknown,0.00,יחידה,false,,6.90,0.0000,true,1,163371
7290004199807,false,כפפות L לטקס עם איבוק עדין 100 יח- SAFE TOUCH,אינטרסן (1996) בעמ,,כפפות לאטקס 100 יח',Unknown,0.00,יחידה,false,,19.90,0.0000,true,1,163400
7290004199821,false,אטבי כביסה סופר 24 יח',אינטרסן (1996) בעמ,,אטבי כביסה סופר 24 י,Unknown,0.00,יחידה,false,,6.90,0.0000,true,1,163377
7290004225148,false,נתחי פילה קוד בואקום,,,נתחי פילה קוד בואקום,קילוגרמים,1.00,"ק""ג",true,,55.00,55.0000,true,1,122943
7290004225155,false,דלידג נתחי הליבוט בו,,,דלידג נתחי הליבוט בו,קילוגרמים,1.00,"ק""ג",true,,60.00,60.0000,true,1,122944
7290004225285,false,גבינה בסגנון דנאבלו 100 גר,האי נאם סי או אל.טי.,,סגנון דנאבלו 100 גרם,גרמים,100.00,100 גרם,false,,11.90,11.9000,true,1,122947
7290004225483,false,סטייק טונה אדומה בוד,,,סטייק טונה אדומה בוד,קילוגרמים,1.00,"ק""ג",true,,75.00,75.0000,true,1,122952
7290004227951,false,דלידג פילה סלומון נו,,,דלידג פילה סלומון נו,קילוגרמים,1.00,"ק""ג",true,,60.00,60.0000,true,1,122954
7290004230340,false,מקלות בורקס פילו תרד ובצל שגב 600 ג,שלושת האופים שגמור,,שגב מקלות בורקס פילו,גרמים,600.00,100 גרם,false,,19.90,3.3167,true,1,122973
7290004230944,false,מקלות פילו גבינה 600 גר' שלושת האופים לנדא,שלושת האופים שגמור,,מקלות בורקס פילו גבי,גרמים,600.00,100 גרם,false,,19.90,3.3167,true,1,122977
7290004252021,false,רולעדין גלילית בטעם אגוזים 100 גר',,,וופל עדין תות 200 גר,גרמים,200.00,100 גרם,false,,4.90,2.4500,true,1,185354
7290004252199,false,רול עדין גלילית במילוי קרם אגוזים 100 גרם,הגביע מוצרי ופלים,,רולעדין אגוזים 100 ג,Unknown,0.00,יחידה,false,,4.90,0.0000,true,1,185352
7290004258627,false,תרומת נרות חנוכה,,,תרומת נרות חנוכה,Unknown,0.00,יחידה,false,,10.00,0.0000,true,1,204120
7290004267070,false,עוג.מלוחות שומשום 180גרם,ברמן שוקולד ועוגיות,,עוגיות מרוקאיות,גרמים,300.00,100 גרם,false,,4.90,1.6333,true,1,172055
7290004267087,false,עוגיות מצופות שוקולד כרמל בר-מן 200 גרם,ח.כהן סוכנות מזון ומשקאות בע,,עוגיות חיוך קטן 200,גרמים,200.00,100 גרם,false,,4.90,2.4500,true,1,115391
7290004267124,false,עוגיות ממולאות בטעם תות שדה בר-מן 200 גרם,ח.כהן סוכנות מזון ומשקאות בע,,עוגיות ממולאות תמרים,גרמים,300.00,100 גרם,false,,4.90,1.6333,true,1,115392
7290004267209,false,עוגיות לקפה בר-מן 200 גרם,ברמן שוקולד ועוגיות,,ברמן עוגיות 500 גרם,גרמים,500.00,100 גרם,false,,4.90,0.9800,true,1,115395
7290004267216,false,עוגיות ברמן ריבה בשקית 200 גר',ברמן שוקולד ועוגיות,,עוגיות ריבה בשקית 20,גרמים,200.00,100 גרם,false,,4.90,2.4500,true,1,115396
7290004267278,false,עוגיות חיוך קטן 600 גרם,ברמן שוקולד ועוגיות,,בר-מן עוגיות חיוך קט,גרמים,600.00,100 גרם,false,,12.90,2.1500,true,1,115402
7290004267285,false,עוגיות כרמל מצופה 600 גר' ברמן,ברמן שוקולד ועוגיות,,בר-מן עוגיות כרמל 60,גרמים,600.00,100 גרם,false,,12.90,2.1500,true,1,115403
7290004267636,false,עוגיות לקפה בטעם וניל ובטעם שוקולד,ברמן שוקולד ועוגיות,,בר-מן עוגיות קפה 600,גרמים,600.00,100 גרם,false,,12.90,2.1500,true,1,115410
7290004267650,false,עוגיות בטעם ריבה בר-מן 600 גרם,ברמן שוקולד ועוגיות,,בר-מן עוגיות ריבה 60,גרמים,600.00,100 גרם,false,,12.90,2.1500,true,1,115412
7290004267667,false,עוגיות שוקו ציפס חום 600 גרם בר-מן,ברמן שוקולד ועוגיות,,עוגיות שוקוציפס 600,גרמים,600.00,100 גרם,false,,12.90,2.1500,true,1,115413
7290004267742,false,עוגיות עיגוליות מיני ברמן 200ג',,,עוגיות מיני עיגוליות,Unknown,0.00,יחידה,false,,4.90,0.0000,true,1,115414
7290004267803,false,עוגיות ממולאות בטעם,,,עוגיות ממולאות בטעם,גרמים,300.00,100 גרם,false,,7.90,2.6333,true,1,115417
7290004267995,false,עוגיות במילוי קרם בט,,,עוגיות במילוי קרם בט,גרמים,250.00,100 גרם,false,,7.90,3.1600,true,1,115420
7290004324858,false,קבב כבש טיבון ויל 500 גרם,"טיבון ויל אחזקות בע""",,קבב כבש 500גרם,גרמים,500.00,100 גרם,false,,19.90,3.9800,true,1,123006
7290004339173,false,המבורגר קינואה 400גרם טבע דלי,טבע דלי,,המבורגר קינאוה 400 ג,גרמים,400.00,100 גרם,false,,26.90,6.7250,true,1,145955
7290004339630,false,סייטן טבעי טבע דלי 350 גר,טבע דלי,,סייטן טבעי 350 גרם ט,Unknown,0.00,יחידה,false,,21.90,0.0000,true,1,145961
7290004344214,false,מפריד אצבעות ללק ויק,,,מפריד אצבעות ללק ויק,Unknown,0.00,יחידה,false,,7.90,0.0000,true,1,171871
7290004492274,false,בייגלה טבעות מלוחות בייגל בייגל 400 גרם,יוניליוור ישראל שיווק בע`מ,,בייגל בייגלה גל גל 4,גרמים,400.00,100 גרם,false,,9.90,2.4750,true,1,119564
7290004492762,false,"נשנושים תירס אפוי טעם טבעי בייגל בייגל 325 גרם בד""צ",יוניליוור ישראל שיווק בע`מ,,נישנושים תירס 325 גר,גרמים,325.00,100 גרם,false,,11.90,3.6615,true,1,119568
7290004496074,false,חומוס אסלי 700 ג' אלבוסתאן,,,חומוס אסלי 700 גרם,גרמים,700.00,100 גרם,false,,10.90,1.5571,true,1,198283
7290004496098,false,מסבחה 400 ג' אלבוסתאן,,,מסבחה 400 גרם,Unknown,0.00,יחידה,false,,9.90,0.0000,true,1,158213
7290004496111,false,חציל במיונז אלבוסתאן 400 ג',,,חציל במיונז 400 גרם,Unknown,0.00,יחידה,false,,9.90,0.0000,true,1,158215
7290004496142,false,טחינה 400 ג' אלבוסתאן,,,טחינה סלט 400 גרם,Unknown,0.00,יחידה,false,,8.90,0.0000,true,1,158629
7290004496159,false,כרוב אדום אלבוסתאן 400 ג',,,כרוב אדום 400 גרם,Unknown,0.00,יחידה,false,,9.90,0.0000,true,1,158233
7290004496173,false,סלט טורקי 400 ג' אלבוסתאן,,,טורקי 400 גרם סלט,Unknown,0.00,יחידה,false,,9.90,0.0000,true,1,158216
7290004496517,false,חומוס אסלי 180 ג' אלבוסתאן,,,חומוס אסלי 180 גרם ס,גרמים,180.00,100 גרם,false,,4.90,2.7222,true,1,158193
7290004496586,false,טחינה 180 ג' אלבוסתאן,,,טחינה סלט 180 גרם,Unknown,0.00,יחידה,false,,4.90,0.0000,true,1,158197
7290004496593,false,חציל במיונז אלבוסתאן 180 ג',,,חציל במיונז 180 גרם,Unknown,0.00,יחידה,false,,4.90,0.0000,true,1,158198
7290004496616,false,סלט כרוב אדום במיונז אלבוסתאן 180 ג',,,כרוב אדום 180 גרם,Unknown,0.00,יחידה,false,,4.90,0.0000,true,1,158199
7290004496623,false,סלט תורקי 180 ג' אלבוסתאן,,,טורקי 180 גרם סלט,Unknown,0.00,יחידה,false,,4.90,0.0000,true,1,158200
7290004496685,false,"חומוס אלבוסתאן 3 ק""ג",,,"חומוס אסלי 3 ק""ג סלט",Unknown,0.00,יחידה,false,,34.90,0.0000,true,1,158255
7290004496739,false,"טורקי אלבוסתאן 3 ק""ג",,,"טורקי 3 ק""ג סלט",Unknown,0.00,יחידה,false,,44.90,0.0000,true,1,158258
7290004496777,false,סלט מטבוחה 400 ג' אלבוסתאן,,,סלט מטבוחה 400 גרם,גרמים,400.00,100 גרם,false,,9.90,2.4750,true,1,198279
7290004496784,false,"סחוג 3 ק""ג סלט",,,"סחוג 3 ק""ג סלט",Unknown,0.00,יחידה,false,,59.90,0.0000,true,1,184774
7290004496852,false,מסבחה 180 ג' אלבוסתאן,,,מסבחה 180 גרם,Unknown,0.00,יחידה,false,,4.90,0.0000,true,1,158201
7290004496944,false,סלט תירס במיונז 180 ג' אלבוסתאן,,,תירס 180 גרם סלט,Unknown,0.00,יחידה,false,,5.90,0.0000,true,1,158203
7290004544539,false,לחמניות סנדביץ ללא גלוטן 6 יח`,מאפית אריאל שיווק והפצה,,אריאל ללא גלוטן לחמנ,Unknown,6.00,יחידה,false,,16.90,2.8167,true,1,200203
7290004544553,false,לחמניה המבורגר ללא גלוטן 4 יח`,מאפית אריאל שיווק והפצה,,אריאל ללא גלוטן לחמנ,Unknown,4.00,יחידה,false,,16.90,4.2250,true,1,200205
7290004544560,false,לחמניה מיני ללא גלוטן 10 יח`,מאפית אריאל שיווק והפצה,,אריאל ללא גלוטן לחמנ,Unknown,4.00,יחידה,false,,16.90,4.2250,true,1,200206
7290004554354,false,גלידת פנטזיה שמנת שכבות שוקו וניל 1,"גלידת שטראוס בע""\מ, רחוב",,פנטסיה שוקו וניל 900,Unknown,900.00,יחידה,false,,19.90,0.0221,true,1,135311
7290004554903,false,"גלידת פנטזיה שוקו וניל 900 מ""ל שטראוס","גלידת שטראוס בע""\מ, רחוב",,גלידת פנטזיה שוקו ונ,Unknown,900.00,יחידה,false,,19.90,0.0221,true,1,135317
7290004575007,false,טילון וניל וופך ושברי אגוז ריאו מארז 70X5ג',ריאו נתניה ביחר לגלידה,,חמישיות טילונים וניל,Unknown,5.00,יחידה,false,,16.90,3.3800,true,1,142962
7290004575069,false,גלידה מיניס חטיפים וניל ציפוי שוקו' ופצפוצי נ.חיטה ריאו מארז 32יח',"גלידות ריאו ביח""ר לג",,מיניס פיצפוץ וניל,Unknown,0.00,יחידה,false,,34.90,0.0000,true,1,142967
7290004575113,false,קלסיק פונצ בננה 2 לי,,,קלסיק פונצ בננה 2 לי,קילוגרמים,2.00,ליטר,false,,9.90,4.9500,true,1,142969
7290004575151,false,גלידת פרח 18יח שוקו,,,גלידת פרח 18יח שוקו,קילוגרמים,1.80,ליטר,false,,27.90,15.5000,true,1,142970
7290004575328,false,ארטיק מג`יק שלישיה,,,ארטיק מג`יק שלישיה,Unknown,3.00,יחידה,false,,19.90,6.6333,true,1,142977
7290004575335,false,ארטיק מגיק מיני וניל ציפוי שוקו' ופצפוצי נ.חיטה ריאו מארז 45X8ג'באריזה,ריאו נתניה ביחר לגלידה,,שלגוני מיני מגיק 8 י,Unknown,8.00,יחידה,false,,17.90,2.2375,true,1,142978
7290004575373,false,שלגון מצופים וניל בציפוי שוקולד ריאו מארז 80X8 ג',"גלידות ריאו ביח""ר לג",,שלגונים מצופים 6 יח,Unknown,6.00,יחידה,false,,15.90,2.6500,true,1,142979
7290004575380,false,מאגדת פופ טופ חלבי,,,מאגדת פופ טופ חלבי,Unknown,0.00,יחידה,false,,24.90,0.0000,true,1,142980
7290004575397,false,גלידה בטעמי מוקה וניל פיסטוק 1.8 ל' ריאו,ריאו נתניה ביחר לגלידה,,גלידת חלבי/ילדודס 1.,קילוגרמים,1.80,ליטר,false,,16.90,9.3889,true,1,142981
7290004575403,false,טריו גלידת פרווה בטעמים 1.8 ליטר ריאו,ריאו נתניה ביחר לגלידה,,גלידת פרווה בטעמים 1,קילוגרמים,1.80,ליטר,false,,16.90,9.3889,true,1,142982
7290004575472,false,גלידת קלאסיק שוק.ונ.,,,גלידת קלאסיק שוק.ונ.,קילוגרמים,2.00,ליטר,false,,9.90,4.9500,true,1,142985
7290004575632,false,קרמבו וניל 16 יחידות(ריאו).,ריאו נתניה ביחר לגלידה וממתקים,,ריאו קרמבו בטעם וניל,Unknown,16.00,יחידה,false,,22.90,1.4312,true,1,142994
7290004584351,false,גבינה לבנה סימפוניה עם תוספות 200 ג' חמישית 200,שטראוס גרופ בעמ/מצונן,,סימפוניה חמישית 200,גרמים,200.00,100 גרם,false,,10.90,5.4500,true,1,139862
7290004584528,false,יוגורט דנונה ביו לבן 1.7% שומן 200 גרם,שטראוס גרופ בעמ/מצונן,,דנונה יוגורט טבעי 1.,גרמים,200.00,100 גרם,false,,3.50,1.7500,true,1,139863
7290004585907,false,דני ועדן וניל 1.5% 125ג' שטראוס,שטראוס גרופ בעמ/מצונן,,דני וניל מהדרין 130,מיליליטרים,130.00,"100 מ""ל",false,,2.50,1.9231,true,1,139864
7290004603175,false,מלח הים האדום גס מלח הארץ (500 גרם),"חברת מלח הארץ אילת בע""\מ",,מלח הארץ מלחייה גס 5,גרמים,500.00,100 גרם,false,,7.90,1.5800,true,1,129567
7290004731472,false,"שלישיית אלסבון צבעוני כיף 500 מ""ל",החברה הדרומית לשיווק בעמ,,אלסבון כיף שלישיה צב,Unknown,3.00,יחידה,false,,19.90,6.6333,true,1,110950
7290004731519,false,"מקסימה מרכך ומבשם כביסה למייבש סנסיטיב סנו 750 מ""ל",החברה הדרומית לשיווק בעמ,,סנו מקסימה למייבש סנ,מיליליטרים,750.00,"100 מ""ל",false,,18.90,2.5200,true,1,172218
7290004731557,false,"מקסימה תרסיס מרכך ומבשם כביסה במייבש מאסק סנו 750 מ""ל",החברה הדרומית לשיווק בעמ,,סנו מקסימה למייבש מא,מיליליטרים,750.00,"100 מ""ל",false,,18.90,2.5200,true,1,172219
7290004731564,false,"מקסימה מבשם ומרכך למייבש הכביסה בלו בלוסום 750 מ""ל",החברה הדרומית לשיווק בעמ,,סנו מקסימה למייבש בל,Unknown,0.00,יחידה,false,,18.90,0.0000,true,1,172220
7290004731670,false,"מטהר אוויר דואופרש פצ'ולי לבנדר סנו 300 מ""ל",החברה הדרומית לשיווק בעמ,,דואופרש פצ'ולי לבנדר,מיליליטרים,300.00,"100 מ""ל",false,,12.90,4.3000,true,1,173234
7290004731687,false,"מטהר אויר בניחוח וניל ולמון גראס סנו 300 מ""ל",סנו מפעלי ברונוס בעמ,,דואופרש וניל,מיליליטרים,300.00,"100 מ""ל",false,,12.90,4.3000,true,1,117239
7290004737719,false,אספרגוס שלם מקולף בצנצנת ויליפוד 330 גרם,ג.וילי-פוד אינטרנשיונל בעמ,,אספרגוס שלם בצנצנת 3,גרמים,330.00,100 גרם,false,,10.90,3.3030,true,1,115532
7290004748005,false,מארז טרופית ענבים 20,,,מארז טרופית ענבים 20,מיליליטרים,200.00,"100 מ""ל",false,,34.90,17.4500,true,1,146213
7290004872779,false,קרחוני פרילי שישיה כשלפ,נסטלה,,פרילי שרבט תות אמיתי,גרמים,468.00,100 גרם,false,,23.00,4.9145,true,1,122099
7290004898762,false,דואדורנט קלאסיק דאו,,,דואדורנט קלאסיק דאו,Unknown,0.00,יחידה,false,,12.90,0.0000,true,1,201268
7290004952136,false,הרדוף קמח כוסמין מלא אורגני 1קג,טחנת קמח יפו,,קמח כוסמין מלא אורגנ,Unknown,0.00,יחידה,false,,19.90,0.0000,true,1,179254
7290004955687,false,קוקוס 300 גרם,,,קוקוס 300 גרם,Unknown,0.00,יחידה,false,,7.90,0.0000,true,1,186945
7290004955694,false,שומשום 450 גרם,,,שומשום 450 גרם,Unknown,0.00,יחידה,false,,10.90,0.0000,true,1,186946
7290005011412,false,עמבה 500 גרם ללא פרי,,,עמבה 500 גרם ללא פרי,גרמים,500.00,100 גרם,false,,10.90,2.1800,true,1,141057
7290005068058,false,תירס קל מופחת קלוריות 550 ג' פרי הגליל,ויטה- פרי גליל (החדשה) בעמ,,תירס קל מופחת קלוריו,גרמים,550.00,100 גרם,false,,7.90,1.4364,true,1,134710
7290005068348,false,"אפונה וגזר פרי הגליל 3ק""ג",,,פרי גליל אפונה וגזר,פריט,3.00,"ק""ג",false,,33.90,11.3000,true,1,134713
7290005068447,false,"גרגרי תירס קל בוואקום ללת""ס פרי גליל 340ג'",ויטה- פרי גליל (החדשה) בעמ,,תירס קל בוקום 340 גר,גרמים,340.00,100 גרם,false,,5.90,1.7353,true,1,134714
7290005068492,false,לקט ירקות מעורבים 700 גרם פרי-גליל,ויטה- פרי גליל (החדשה) בעמ,,לקט ירקות מעורבים,גרמים,700.00,100 גרם,false,,11.90,1.7000,true,1,134715
7290005078002,false,מלפפון 30-36 מלח A10,,,מלפפון 30-36 מלח A10,Unknown,0.00,יחידה,false,,17.90,0.0000,true,1,153321
7290005078095,false,חצילים 600גר עדן,,,חצילים A2 עדן,Unknown,0.00,יחידה,false,,6.90,0.0000,true,1,153323
7290005079412,false,חריץ אמנטל נועם מהדרין,החברה המרכזית טלהפצת משקאות בע,,נעם חריץ אמנטל,קילוגרמים,1.00,"ק""ג",true,,65.00,65.0000,true,1,117776
7290005084355,false,סנסודין משחת שיניים דואל קר פלואוריד 75,גלקסו סמית קליין,,סנסודיין דואל קר 75,Unknown,0.00,יחידה,false,,21.90,0.0000,true,1,111162
7290005113222,false,זיתים קוקטייל וגמבה יבנה 350ג',קבוצת יבנה,,זיתים מיקס 560 גרם,גרמים,560.00,100 גרם,false,,9.90,1.7679,true,1,118606
7290005168369,false,"מיץ ענבים תירוש 750 מ""ל",,,"תירוש ענבים 750מ""ל",מיליליטרים,750.00,"100 מ""ל",false,,12.90,1.7200,true,1,113466
7290005169946,false,תה טיבטי קלאסי לימון 90 שקיקים,SHALPHARM HMZRAH (SODOT,,תה טיבטי לימון 90יח,Unknown,90.00,יחידה,false,,49.90,0.5544,true,1,139757
7290005174551,false,סלט חומוס עם צנוברים 125 ג' אחלה,שטראוס גרופ בעמ/מצונן,,אחלה סלט חומוס יום י,גרמים,125.00,100 גרם,false,,4.90,3.9200,true,1,139867
7290005174575,false,טחינה אחלה יום יום משובחת 125ג',שטראוס גרופ בעמ/מצונן,,אחלה סלט .טחינה 125,גרמים,125.00,100 גרם,false,,4.90,3.9200,true,1,139869
7290005175428,false,"קמח תירס לל""ג ריבארה 500 ג'",ג. וילי-פוד אינטרנשיונל בע`מ,,וילי פוד קמח תירס לל,גרמים,500.00,100 גרם,false,,5.90,1.1800,true,1,115534
7290005197758,false,"עוגיות חיוכים שוקולד עלית 150 גרם בד""צ",אפיפית נצרת תעשיות ב,,חיוכים של שוקו,גרמים,150.00,100 גרם,false,,4.90,3.2667,true,1,132165
7290005200786,false,תפוצ'יפס בטעם שמנת בצל עלית 50 גרם,"שטראוס פריטו ליי בע""\מ )",,תפוציפס שמנת ובצל 50,Unknown,0.00,יחידה,false,,3.50,0.0000,true,1,132923
7290005201455,false,קפה נמס מגורען ארומה קלאסי עלית 200 גרם,שטראוס גרופ בע`מ,,ארומה קפה נמס 200 גר,גרמים,200.00,100 גרם,false,,23.80,11.9000,true,1,132173
7290005201882,false,קפה טורקי בצלופן עלית 200 גרם,הנסיך- מפעל לייצור ט,,טורקי עלית 200 גרם,גרמים,200.00,100 גרם,false,,15.90,7.9500,true,1,132174
7290005271410,false,גליקסמן ביצים רגילות,גליקסמן שיווק ביצים,,גליקסמן ביצים רגילות,Unknown,12.00,יחידה,false,,12.05,1.0042,true,1,116407
7290005271427,false,גליקסמן ביצים רגילות,גליקסמן שיווק ביצים,,גליקסמן ביצים רגילות,Unknown,12.00,יחידה,false,,11.15,0.9292,true,1,116408
7290005271458,false,ביצים אורגניות 12 יח`L,גליקסמן שיווק ביצים [1994] בעמ,,ארוז אורגנית L 24-12,Unknown,0.00,יחידה,false,,21.90,0.0000,true,1,116409
7290005271465,false,ביצים מידיום אורגני 12 יח',גליקסמן שיווק ביצים [1994] בעמ,,ארוז אורגנית M 24-12,Unknown,12.00,יחידה,false,,20.90,1.7417,true,1,116410
7290005271618,false,ביצים עטוף אומגה M 3,גליקסמן,,ביצים עטוף אומגה M 3,Unknown,0.00,יחידה,false,,35.90,0.0000,true,1,116413
7290005271687,false,אריזון 12 ביצים L-אומגה 3 מעושרות,גליקסמן שיווק ביצים [1994] בעמ,,ארוז אומגה L 24-12,Unknown,0.00,יחידה,false,,17.90,0.0000,true,1,116416
7290005271755,false,תבנית ביצים L חופש 12יחי,גליקסמן שיווק ביצים [1994] בעמ,,ארוז חופש L 24-12,Unknown,0.00,יחידה,false,,18.20,0.0000,true,1,116417
7290005271786,false,ביצים ארוזות Mעטוף 3,גליקסמן שיווק ביצים [1994] בעמ,,ביצים ארוזות Mעטוף 3,Unknown,30.00,יחידה,false,,27.80,0.9267,true,1,116420
7290005287206,false,רביעיית טונה בשמן סטארקיסט 160 גרם,דיפלומט מפיצים (1968) בעמ**,,סטארקיסט טונה בשמן ב,גרמים,640.00,100 גרם,false,,29.90,4.6719,true,1,140667
7290005287251,false,רביעיית טונה במים סטארקיסט 160 גרם,דיפלומט מפיצים (1968) בעמ**,,סטארקיסט טונה במים ב,גרמים,640.00,100 גרם,false,,29.90,4.6719,true,1,140670
7290005287657,false,"סטארקיסט ממרח טונה 160 גרם בד""צ",דיפלומט מפיצים (1968) בעמ**,,סטארקיסט ממרח טונה 1,גרמים,160.00,100 גרם,false,,7.90,4.9375,true,1,171928
7290005296246,false,"פותח סתימות דריין אאוט 946 מ""ל יעקבי","יעקב יעקבי ובניו בע""מ",,יעקבי פותח סתימות אק,מיליליטרים,946.00,"100 מ""ל",false,,29.90,3.1607,true,1,120226
7290005296260,false,"אסטוניש ספריי רסס ונגב לניקוי כללי יעקבי 750 מ""ל",יעקב יעקבי ובניו בע`מ,,אסטוניש רסס ונגב 750,מיליליטרים,750.00,"100 מ""ל",false,,12.90,1.7200,true,1,120227
7290005317194,false,בסקויט מתוק רגיל/שוקו 110 גר,אפיפית נצרת,,ביסקויט תה ביסקויט ר,גרמים,110.00,100 גרם,false,,2.50,2.2727,true,1,179561
7290005317200,false,קרקר טופז טעמים שונים 110 גר,ח.כהן סוכנות מזון ומשקאות בע,,קרקר טופז רגיל 110 ג,גרמים,110.00,100 גרם,false,,2.90,2.6364,true,1,179562
7290005318009,false,לבנה 11% שומן 500 ג' ראמה,,,ראמה לאבנה 11% 500 ג,גרמים,500.00,100 גרם,false,,17.90,3.5800,true,1,137566
7290005318023,false,"לבנה בקופסא 11% שומן 1 ק""ג ראמה",,,ראמה לאבנה בקופסא 11,Unknown,1.00,יחידה,false,,32.90,32.9000,true,1,137567
7290005318047,false,גבינת ברינזה 400 ג' ראמה,,,גבינה ברינזה ראמה 40,גרמים,400.00,100 גרם,false,,26.90,6.7250,true,1,137568
7290005318153,false,לאבנה אלהנא 500 גרם,,,לאבנה אלהנא 500 גרם,גרמים,500.00,100 גרם,false,,12.90,2.5800,true,1,137571
7290005318160,false,"לבנה 1 ק""ג אלהנא",,,"לבנה אלהנא 1ק""ג",Unknown,0.00,יחידה,false,,19.90,0.0000,true,1,137572
7290005318177,false,גבינת ברינזה 800 גרם,,,גבינת ברינזה 800 גרם,גרמים,800.00,100 גרם,false,,46.90,5.8625,true,1,137573
7290005318214,false,גבינה חלומי 500 ג' אלראמה,,,גבינת חלומי 500 גרם,גרמים,500.00,100 גרם,false,,45.90,9.1800,true,1,137574
7290005326523,false,ממרח פסטו פטרוזיליה ונענע אוליביה 180 גרם,תה ויסוצקי (ישראל) בעמ,,אוליביה ממרח פסטו פט,Unknown,0.00,יחידה,false,,13.90,0.0000,true,1,115977
7290005326585,false,ממרח אוליביה פסטו בזיליקום 180 ג',"אוליביה גורמה בע""מ",,פסטו בזיליקום,גרמים,185.00,100 גרם,false,,12.90,6.9730,true,1,130425
7290005384837,false,"מיץ לימונים מלימונים טריים 500 מ""ל",דריבדוס סיטרוס,,וילי פוד מיץ לימון ב,מיליליטרים,500.00,"100 מ""ל",false,,7.90,1.5800,true,1,115537
7290005418501,false,"אקזיט - ""מלא תלתלים"" מוס נפח לתלתלים 200 מ""ל",General,,מוס לבניית תלתלים-GO,מיליליטרים,200.00,"100 מ""ל",false,,15.90,7.9500,true,1,117241
7290005418693,false,"קרם לחות לחיזוק נטורל פורמולה 400 מ""ל",החברה הדרומית לשיווק בעמ,,ק.לחות מעצבת לשיער מ,מיליליטרים,400.00,"100 מ""ל",false,,22.90,5.7250,true,1,110951
7290005418709,false,"נטורל קרם לחות לקיבוע תלתלים גלי 400 מ""ל",החברה הדרומית לשיווק בעמ,,'ק.לחות מעצבת ג'ל לק,מיליליטרים,400.00,"100 מ""ל",false,,22.90,5.7250,true,1,110952
7290005418716,false,"קרם לחות לבניית תלתלים עגולים נטורל פורמולה 400 מ""ל",החברה הדרומית לשיווק בעמ,,לחות לבניית תלתלים -,מיליליטרים,400.00,"100 מ""ל",false,,22.90,5.7250,true,1,110953
7290005418723,false,"נטורל קרם לחות לשיער חלק ברגע קליל 400 מ""ל",נטורל,,לחות לשיער חלק -,מיליליטרים,400.00,"100 מ""ל",false,,22.90,5.7250,true,1,172573
7290005423253,false,"סנו - מקסימה מרסס למייבש כביסה אולטרה פרש 750 מ""ל",החברה הדרומית לשיווק בעמ,,סנו מקסימה למייבש או,מיליליטרים,750.00,"100 מ""ל",false,,18.90,2.5200,true,1,172221
7290005423383,false,מטהר אוויר סנומוד גל,סנומוד,,סנומוד גלמור,מיליליטרים,150.00,"100 מ""ל",false,,11.90,7.9333,true,1,117248
7290005423499,false,"תרסיס לניקוי משטחי נירוסטה אירוסל סנו 500 מ""ל",החברה הדרומית לשיווק בעמ,,סנו נירוסטה,מיליליטרים,476.00,"100 מ""ל",false,,19.90,4.1807,true,1,117253
7290005423567,false,מטליות ניקוי רב שימושיות בגליל סנו סושי 40 יחידות,החברה הדרומית לשיווק בעמ,,סנו סושי מטלית לכל 3,Unknown,30.00,יחידה,false,,19.90,0.6633,true,1,117256
7290005423635,false,ריצפז נוזל רצפות דוחה תיקנים סנו 2 ליטר,החברה הדרומית לשיווק בעמ,,נוזל לניקוי רצפות דו,קילוגרמים,2.00,ליטר,false,,21.90,10.9500,true,1,110954
7290005423833,false,פוליוויקס נוזל לניקוי פרקט סנו (2 ליטר).,החברה הדרומית לשיווק בעמ,,'פוליויקס פרקט 2 ל,קילוגרמים,2.00,ליטר,false,,21.90,10.9500,true,1,110956
7290005423871,false,שלישיית משחת שיניים מנטול אורביטול 145 גרם,טרופיקל דגיל תעשיות קוסמ,,אורביטול משחת שיניים,גרמים,435.00,100 גרם,false,,19.90,4.5747,true,1,117257
7290005424755,false,מטליות ריצפז פלוס לחות לניקוי רצפות דוחה תיקנים 10 יח' סנו,החברה הדרומית לשיווק בעמ,,ריצפז פלוס מטליות לח,Unknown,0.00,יחידה,false,,16.90,0.0000,true,1,110959
7290005424762,false,ריצפז פלוס ווקס נוזל להברקת רצפות דוחה תיקנים סנו 2 ליטר,החברה הדרומית לשיווק בעמ,,ריצפז פלוס ווקס דוחה,קילוגרמים,2.00,ליטר,false,,23.90,11.9500,true,1,117265
7290005424809,false,כריות קרצוף ענקיות לניקוי כללי סנו סושי 3 יחידות,החב. הדרומית לשיווק,,סנו סושי סקוטש קרצוף,Unknown,3.00,יחידה,false,,9.90,3.3000,true,1,173251
7290005425073,false,"מטהר אויר בניחוח יסמין ועץ סאנדלווד סנו 300 מ""ל",החברה הדרומית לשיווק בעמ,,דואופרש יסמין עץ סאנ,מיליליטרים,300.00,"100 מ""ל",false,,12.90,4.3000,true,1,173254
7290005425127,false,"חיטוי משטחים 99.9% מתז לשומנים ואבנית 750 מ""ל",החברה הדרומית לשיווק בעמ,,סנו מתז לחיטוי ולניק,מיליליטרים,750.00,"100 מ""ל",false,,13.90,1.8533,true,1,117274
7290005425646,false,קליר נוזל לניקוי חלונות רב תכליתי סנו 1 ליטר,החברה הדרומית לשיווק בעמ,,סנוקליר נוזל רב תכלי,קילוגרמים,1.00,ליטר,false,,10.90,10.9000,true,1,117279
7290005425714,false,"שמפו שטיחים סנו פלוס 600 מ""ל","סנו מפעלי ברונוס בע""\מ",,סנו שמפו שטיחים פלוס,מיליליטרים,600.00,"100 מ""ל",false,,24.90,4.1500,true,1,117281
7290005425912,false,אוקסיג'ן ג'ל להסרת כתמים עם חמצן פעיל סנו 4 ליטר,החברה הדרומית לשיווק בעמ,,סנו אוקסיג'ן מסיר כת,מיליליטרים,4000.00,"100 מ""ל",false,,34.90,0.8725,true,1,117284
7290005426193,false,ספוגית הפלא סנו סושי 6 יחידות,החברה הדרומית לשיווק בעמ,,סנו סושי ספוג הפלא,Unknown,6.00,יחידה,false,,11.90,1.9833,true,1,173257
7290005426384,false,"סנומוד מבשם אויר מיס מיליון סטטוס סנו 150 מ""ל",סנו מפעלי ברונוס בעמ,,סנומוד מיס מיליון,מיליליטרים,150.00,"100 מ""ל",false,,11.90,7.9333,true,1,117290
7290005426568,false,"קרמה - קרם לחות לשיער רגיל 400 מ""ל",החברה הדרומית לשיווק בעמ,,לחות לשיער קרמה-רגיל,מיליליטרים,400.00,"100 מ""ל",false,,19.90,4.9750,true,1,117293
7290005426575,false,"קרמה לחות לשיער יבש ללא שטיפה 400 מ""ל",החברה הדרומית לשיווק בעמ,,לחות לשיער קרמה-יבש,מיליליטרים,400.00,"100 מ""ל",false,,19.90,4.9750,true,1,117294
7290005426629,false,"סנו דואופרש אורן לוטוס ופרחי מים ודובדבן, 300 מ""ל",החברה הדרומית לשיווק בעמ,,דואופרש לוטוס ופרחי,מיליליטרים,300.00,"100 מ""ל",false,,12.90,4.3000,true,1,117296
7290005426803,false,מקסימה מרכך כביסה פצ'ולי לבנדר סגול סנו 4 ליטר,החברה הדרומית לשיווק בעמ,,מרכך כביסה סנו מקסימ,קילוגרמים,4.00,ליטר,false,,22.90,5.7250,true,1,117298
7290005427619,false,"כיף גל לשיער לשיער קוצים 1ק""ג",גוד פוד פרודקטס S.p,,ג'ל כיף לשיער קוצים,פריט,1.00,"ק""ג",false,,22.90,22.9000,true,1,117314
7290005427626,false,"ג'ל לעיצוב השיער למראה רטוב כיף 1 ק""ג",החברה הדרומית לשיווק בעמ,,ג'ל כיף לשיער רטוב ),פריט,1.00,"ק""ג",false,,22.90,22.9000,true,1,117315
7290005427732,false,אל סבון נוזלי בניחוח קמומיל כיף 2 ליטר,קוסמופארם,,כיף - אל סבון קמומיל,קילוגרמים,2.00,ליטר,false,,22.90,11.4500,true,1,173263
7290005427749,false,אל סבון נוזלי בניחוח אצות ים עם לחות כיף 2 ליטר,טרופיקל דגיל תעשיות,,אלסבון כיף 2 ל אצות,קילוגרמים,2.00,ליטר,false,,22.90,11.4500,true,1,173264
7290005427756,false,אל סבון נוזלי אלוורה כיף 2 ליטר,קוסמופארם,,אלסבון כיף 2 ליטר אל,קילוגרמים,2.00,ליטר,false,,22.90,11.4500,true,1,117320
7290005427763,false,אל סבון נוזלי בניחוח גינסינג כיף 2 ליטר,החברה הדרומית לשיווק בעמ,,כיף - אל סבון ג'ינסנ,קילוגרמים,2.00,ליטר,false,,22.90,11.4500,true,1,173265
7290005427770,false,"קרמה - קרם לחות לשיער לגבר 400 מ""ל",טרופיקל דגיל תעשיות,,לחות לשיער לגבר,מיליליטרים,400.00,"100 מ""ל",false,,19.90,4.9750,true,1,117322
7290005427787,false,"קרמה - קרם לחות לשיער מתולתל 400 מ""ל",החברה הדרומית לשיווק בעמ,,לחות לשיער מתולתל קר,מיליליטרים,400.00,"100 מ""ל",false,,19.90,4.9750,true,1,117323
7290005427848,false,מטליות ניקוי רב שימושיות בגליל סנו סושי 40 יחידות,החברה הדרומית לשיווק בעמ,,סנו סושי מטלית לכל 3,Unknown,40.00,יחידה,false,,19.90,0.4975,true,1,117324
7290005429019,false,פיסגה נוזל לרצפות מבושם סנו 4 ליטר,סנו פיסגה,,פיסגה לרצפות מבושם 4,קילוגרמים,4.00,ליטר,false,,18.00,4.5000,true,1,110966
7290005429279,false,סנו מקסימה קומפקט קומפקט אפקט גאוול 6 ק,החברה הדרומית לשיווק בעמ,,סנו מקסימה אפקט ג'או,פריט,6.00,"ק""ג",false,,49.90,8.3167,true,1,117332
7290005429286,false,"אבקת כביסה מקסימה ביו 6 ק""ג סנו",החברה הדרומית לשיווק בעמ,,סנו מקסימה ביו 6 קג,פריט,6.00,"ק""ג",false,,49.90,8.3167,true,1,117333
7290005430602,false,"סנו אוקסיג'ן ספריי להסרת כתמים עם חמצן פעיל 750 מ""ל",החברה הדרומית לשיווק בעמ,,סנו אוקסיג'ן מסיר כת,מיליליטרים,750.00,"100 מ""ל",false,,19.90,2.6533,true,1,117335
7290005430671,false,פוליויקס נוזל לניקוי קרמיקה סנו 2 ליטר,החברה הדרומית לשיווק בעמ,,סנו פוליווקס קרמיקה,קילוגרמים,2.00,ליטר,false,,21.90,10.9500,true,1,117336
7290005430862,false,מים מזוקקים סנו 4 ליטר,סנו,,מים מזוקקים 4ל,קילוגרמים,4.00,ליטר,false,,18.90,4.7250,true,1,117337
7290005430961,false,שמפו לכביסה עדינה ביד בד גארד סנו מקסימה 1 ליטר,החברה הדרומית לשיווק בעמ,,מקסימה בד גארד נוזל,מיליליטרים,1000.00,"100 מ""ל",false,,16.90,1.6900,true,1,117338
7290005431234,false,מלבי בסירופ שושנים 1,,,מלבי 170 מל עדן קינו,מיליליטרים,160.00,"100 מ""ל",false,,4.50,2.8125,true,1,130426
7290005431913,false,עוגת גבינה פירורים עדן קינוחים 92 גרם,עדן קינוחים Eden,,עוגת גבינה פירורים 9,Unknown,0.00,יחידה,false,,7.30,0.0000,true,1,130441
7290005431920,false,עוגת גבינה פירורים לייט עדן קינוחים 78 גרם,עדן קינוחים Eden,,עוגת גבינה פירורים ל,Unknown,0.00,יחידה,false,,7.30,0.0000,true,1,130442
7290005431937,false,מעדן טירמיסו 82 גר` עדן קינוחים,עדן קינוחים Eden,,טירמיסו 82 גרם,Unknown,0.00,יחידה,false,,7.30,0.0000,true,1,130443
7290005431944,false,קדאיף מגזר ערבי 70 ג',,,קדאיף קינוח עדן,Unknown,0.00,יחידה,false,,4.10,0.0000,true,1,130444
7290005500626,false,דאודורנט רול און לאש,,,דאודורנט רול און לאש,Unknown,0.00,יחידה,false,,16.00,0.0000,true,1,135155
7290005500688,false,"פנינה רוזנבלום מסיכה לשיקום ורודה , 1 ק""ג",פנינה רוזנבלום בעמ,,מסיכה לשיער פנינה רו,פריט,1.00,"ק""ג",false,,32.00,32.0000,true,1,135157
7290005500909,false,גל אלוורה 100 גרם פנ,א.ארמן,,גל אלוורה 100 גרם פנ,גרמים,100.00,100 גרם,false,,15.00,15.0000,true,1,135159
7290005500916,false,"קרם ידיים מטפח 100 מ""ל פנינה רוזנבלום",פנינה רוזנבלום בעמ,,קרם ידיים פנינה רוזנ,Unknown,100.00,יחידה,false,,9.90,0.0990,true,1,135160
7290005509445,false,עוגיות מיני קוקיס חמאה בצנצנת כרמית 600 גרם,כרמית תעשיות ממתקים בעמ,,מיני קוקיס בטעם חמאה,גרמים,750.00,100 גרם,false,,18.90,2.5200,true,1,147197
7290005517866,false,קוקה קולה סליק 330 מ,,,קוקה קולה סליק 330 מ,מיליליטרים,330.00,"100 מ""ל",false,,6.00,1.8182,true,1,144163
7290005517873,false,קוקה קולה זירו סילק,,,קוקה קולה זירו סילק,Unknown,0.00,יחידה,false,,6.00,0.0000,true,1,144164
7290005518443,false,פאנטה אורנג סליק 330,,,פאנטה אורנג סליק 330,Unknown,0.00,יחידה,false,,6.00,0.0000,true,1,144166
7290005551302,false,בלו משקה אנרגיה 250מ,,,בלו משקה אנרגיה 250מ,Unknown,0.00,יחידה,false,,6.00,0.0000,true,1,144168
7290005559587,false,מאפה נקניקיה בבצק מעדנות 800ג',תנובה מרכז שיתופי לשיווק תוצרת,,מעדנות מאפה נקניקיות,גרמים,800.00,100 גרם,false,,22.90,2.8625,true,1,114186
7290005559709,false,בורקס פיצה מעדנות 700 גרם,מיוצר עי קונדיטוריית,,מעדנות בורקס פיצה 70,גרמים,700.00,100 גרם,false,,22.90,3.2714,true,1,114188
7290005559907,false,פיצה משפחתית 100% גבינה מעדנות 500 גרם,תנובה מרכז שיתופי לשיווק תוצרת,,מעדנות פיצה משפחתית,גרמים,500.00,100 גרם,false,,18.90,3.7800,true,1,114189
7290005559914,false,פיצה משפחתית עם 100% גבינה בתוספת זיתים מעדנות 550 גרם,תנובה מרכז שיתופי לשיווק תוצרת,,מעדנות פיצה משפחתית,גרמים,550.00,100 גרם,false,,18.90,3.4364,true,1,114190
7290005559990,false,בצק עלים פילאס תורכי 600 גרם קפוא,תנובה מרכז שיתופי לשיווק תוצרת,,מעדנות בצק פילאס תור,גרמים,600.00,100 גרם,false,,18.90,3.1500,true,1,114192
7290005585233,false,ספרייט זירו פחית סלי,,,ספרייט זירו פחית סלי,Unknown,0.00,יחידה,false,,6.00,0.0000,true,1,144171
7290005591626,false,שוויפס סודה נענ ליים,,,שוויפס סודה נענ ליים,Unknown,0.00,יחידה,false,,6.00,0.0000,true,1,144172
7290005591761,false,דבש טהור מפרחי בר בלחיץ 400 ג' יד מרדכי,מכוורת יד מרדכי שטרא,,דבש טהור מפרחי בר בל,גרמים,400.00,100 גרם,false,,21.90,5.4750,true,1,132175
7290005594230,false,קינלי סודה קלאסי 250,,,קינלי סודה קלאסי 250,Unknown,0.00,יחידה,false,,6.00,0.0000,true,1,144173
7290005610097,false,"תפו""א אדום קטן לאפייה",תוצרת הנגב אגודה שיתופית חקלאי,,"תפו""א קטנים לאפיה",קילוגרמים,1.00,"ק""ג",true,,2.90,2.9000,true,1,158580
7290005610509,false,צנונית ארוז דוד משה 500ג',תוצרת הנגב אגודה שיתופית חקלאי,,צנוניות מובחרות,Unknown,0.00,יחידה,false,,3.90,0.0000,true,1,138592
7290005651069,false,"מזון חתולים לה קט מיקס 2.85 ק""ג",דיפלומט מפיצים (1968) בעמ**,,לה קט מיקס 2.85קג,פריט,2.85,"ק""ג",false,,79.90,28.0351,true,1,140690
7290005651427,false,"בונזו מזון לכלבים מולטיפק 1.2 ק""ג מארז 3 יחידות",דיפלומט מפיצים (1968) בעמ**,,שלישיות מעדני בונזו,גרמים,1.23,גרם,false,,19.90,16.1789,true,1,140692
7290005680052,false,טמפונים סופר פלוס אובה 32 יחידות,גונסון אנד גונסון,,אובה קלאסי סופר פלוס,Unknown,32.00,יחידה,false,,26.90,0.8406,true,1,111154
7290005719080,false,פרנה עגולה,,,פרנה עגולה,Unknown,0.00,יחידה,false,,4.90,0.0000,true,1,116369
7290005719318,false,רבעיית המבורגר פרמיום,ג`נרל מילס ישראל בעמ,,לחמניות המבורגר מארז,Unknown,0.00,יחידה,false,,12.00,0.0000,true,1,182588
7290005733109,false,מכונית שלט הגה צבעונ,General,,מכונית עם שלט,Unknown,0.00,יחידה,false,,64.90,0.0000,true,1,126269
7290005741388,false,סקימר סאנלייט,,,סקימר סאנלייט,Unknown,0.00,יחידה,false,,12.90,0.0000,true,1,152756
7290005838002,false,מעדן גבינה ויוגורט בטעם וניל 88 ג' דניאלה,שטראוס גרופ בעמ/מצונן,,דניאלה מעדן גבינה 15,מיליליטרים,150.00,"100 מ""ל",false,,4.10,2.7333,true,1,139871
7290005838613,false,קרם גבינה 3% בטעם וניל סקי (125 גרם),שטראוס גרופ בעמ/מצונן,,שטראוס גבינת וניל 3%,גרמים,125.00,100 גרם,false,,3.90,3.1200,true,1,139872
7290005839078,false,שמיניית יוגורט לבן 3% ביו דנונה 150 גרם,שטראוס גרופ בעמ/מצונן,,דנונה ביו מארז חסכון,Unknown,0.00,יחידה,false,,15.90,0.0000,true,1,139874
7290005839108,false,גבינה לבנה סימפוניה עם תוספות 200 ג'+זיתים 5%,שטראוס גרופ בעמ/מצונן,,סימפוניה עם זיתים 5%,גרמים,200.00,100 גרם,false,,10.90,5.4500,true,1,139875
7290005839313,false,מילקי Top עם שוקולדה מגולגלת 140 גרם,שטראוס גרופ בעמ/מצונן,,מילקי טופ מגולגלת 14,מיליליטרים,142.00,"100 מ""ל",false,,4.50,3.1690,true,1,139876
7290005938238,false,ממרח צ'ימצ'ורי פרסקו 220ג' מצונן,נטו מלינדה סחר בע`מ,,צימצורי 220 גרם מצונ,גרמים,220.00,100 גרם,false,,19.20,8.7273,true,1,123020
7290005938245,false,ממרח פסטו קלאסי פרסקו 220ג' מצונן,מיוצר עי פרסקו חצבה,,ממרח פסטו קלאסי 220,גרמים,220.00,100 גרם,false,,19.50,8.8636,true,1,123021
7290005938627,false,ממרח עגבניות מיובשות פרסקו 220 גרם,נטו מלינדה סחר בע`מ,,ממרח עגבניות מיובשות,גרמים,220.00,100 גרם,false,,17.60,8.0000,true,1,123024
7290005992018,false,"יוגורט עיזים לשתיה 3% מחלבות גד 500 מ""ל",מחלבות גד שיווק 1992 בעמ,,גד יוגורט עיזים 3% 5,מיליליטרים,500.00,"100 מ""ל",false,,12.90,2.5800,true,1,146630
7290005992575,false,גבינה בולגרית למריחה 5% גד (250 גרם),מחלבות גד שיווק 1992 בעמ,,גד בולגרית למריחה 5%,גרמים,250.00,100 גרם,false,,17.00,6.8000,true,1,146632
7290005992735,false,לאבנה טבעית 5% 250 גר' - רבנות,מחלבות גד שיווק 1992 בעמ,,גד לאבנה 5% 250 גרם,גרמים,250.00,100 גרם,false,,12.90,5.1600,true,1,146633
7290005996078,false,סלמי סרוולט הונגרי יחיעם 150 גרם,מעדני יחיעם (1993) בעמ,,יחיעם סרוולט הונגרי,גרמים,125.00,100 גרם,false,,29.90,23.9200,true,1,159145
7290005996238,false,פסטרמה בדבש דק דק (120 גר`)יחיעם,מעדני יחיעם (1993) בעמ,,יחיעם פסטרמה בדבש דק,גרמים,120.00,100 גרם,false,,13.90,11.5833,true,1,160691
7290005996276,false,פסטרמה ברביקין דק דק (120 גר`)יחיעם,מעדני יחיעם (1993) בעמ,,יחיעם פסטרמה ברבקיו,גרמים,120.00,100 גרם,false,,13.90,11.5833,true,1,160692
7290005996740,false,סלמי פפרוני 300 גר יחיעם,מעדני יחיעם (1993) בעמ,,סלמי פפרוני 300 גרם,גרמים,300.00,100 גרם,false,,24.90,8.3000,true,1,174126
7290005996825,false,נקניקיות בקר בסגנון אמריקאי 280 גרם,מעדני יחיעם (1993) בעמ,,נקנקיות בקר 280 גרם,גרמים,280.00,100 גרם,false,,24.90,8.8929,true,1,172465
7290005996979,false,נקניק סלמי פרח יחיעם 200 גרם,מעדני יחיעם (1993) בעמ,,סלמי פרח 200 גרם,גרמים,200.00,100 גרם,false,,26.90,13.4500,true,1,193941
7290006029072,false,מנצ'ס אלמנאר 300 ג',,,מנצס 400 גרם,גרמים,400.00,100 גרם,false,,14.90,3.7250,true,1,115011
7290006029126,false,מעורב אקסטרא 350 ג' אלמנאר,,,מעורב אקסטרא 350 גרם,גרמים,350.00,100 גרם,false,,17.90,5.1143,true,1,115013
7290006029225,false,גרעיני אבטיח 350 גרם,,,גרעיני אבטיח 350 גרם,גרמים,350.00,100 גרם,false,,21.90,6.2571,true,1,115019
7290006029256,false,פיסטוק חלבי 350 גרם,,,פיסטוק חלבי 350 גרם,גרמים,350.00,100 גרם,false,,33.90,9.6857,true,1,115021
7290006029270,false,גרעיני דלעת 350 גרם,,,גרעיני דלעת 350 גרם,גרמים,350.00,100 גרם,false,,18.90,5.4000,true,1,115023
7290006029287,false,קשיו 400 גרם,,,קשיו 400 גרם,גרמים,400.00,100 גרם,false,,33.90,8.4750,true,1,115024
7290006029416,false,בוטנים אמריקאים 350 ג' אלמנאר,,,בוטנים אמריקאים,גרמים,200.00,100 גרם,false,,11.00,5.5000,true,1,115025
7290006089380,false,גרעיני מעורב 500 גרם,,,גרעיני מעורב 500 גרם,גרמים,500.00,100 גרם,false,,9.90,1.9800,true,1,115027
7290006089465,false,פיקנטים 300 גרם,,,פיקנטים 300 גרם,גרמים,300.00,100 גרם,false,,14.90,4.9667,true,1,115028
7290006185204,false,"קרם לחות לשיער יבש 400 מ""ל פנינה רוזנבלום",פנינה רוזנבלום בעמ,,קרם לחות לשיער יבש פ,מיליליטרים,400.00,"100 מ""ל",false,,17.90,4.4750,true,1,135166
7290006185501,false,"פנינה רוזנבלום -אל סבון נוזלי ורוד,1 ליטר","פנינה רוזנבלום בע""מ",,פנינה - אל סבון נוזל,קילוגרמים,1.00,ליטר,false,,10.90,10.9000,true,1,135167
7290006185518,false,"פנינה רוזנבלום -אל סבון נוזלי כחול,1 ליטר","פנינה רוזנבלום בע""מ",,פנינה אל סבון נוזלי,מיליליטרים,1000.00,"100 מ""ל",false,,10.90,1.0900,true,1,135168
7290006185952,false,מגבונים לחים להסרת איפור פנינה רוזנבלום 30 יחידות,דן מור חומרי טבע וכי,,מגבון איפור פנינה רו,Unknown,30.00,יחידה,false,,13.00,0.4333,true,1,135169
7290006202017,false,חומוס זמאן אלעותמאני 400 ג',,,חומוס אלעותמאני 400,גרמים,400.00,100 גרם,false,,5.90,1.4750,true,1,154968
7290006202055,false,סלט כרוב 180 ג' אלעותמאני,,,סלט כרוב אדום אלעותמ,גרמים,180.00,100 גרם,false,,5.50,3.0556,true,1,154971
7290006202093,false,חצילים במיונז אלעותמאני 180 ג',,,סלט חצילים אלעותמאני,גרמים,200.00,100 גרם,false,,5.50,2.7500,true,1,154973
7290006202116,false,מסבחה 250 ג' אלעותמאני,,,מסבחה אלעותמאני 250,גרמים,250.00,100 גרם,false,,5.90,2.3600,true,1,154974
7290006202123,false,שום כתוש אלעותמאני 150 ג',,,שום כתוש אלעותמאני 1,גרמים,150.00,100 גרם,false,,5.90,3.9333,true,1,154975
7290006202154,false,"חומוס מאמא אלעותמאני 3 ק""ג",,,"חומוס אלעותמאני 3 ק""",פריט,3.00,"ק""ג",false,,34.90,11.6333,true,1,154977
7290006202178,false,סלט טורקי אלעותמאני 180 ג',,,סלט טורקי אלעותמאני,גרמים,200.00,100 גרם,false,,5.50,2.7500,true,1,154978
7290006202185,false,חומוס 700 ג' אלעותמאני,,,חומוס אלעותמאני 700,גרמים,700.00,100 גרם,false,,9.90,1.4143,true,1,154979
7290006202208,false,סלט טחינה 400 ג' אלעותמאני,,,טחינה אלעותמאני 400,גרמים,400.00,100 גרם,false,,14.90,3.7250,true,1,154980
7290006202215,false,תירס עם מיונז אלעותמאני 400 ג',,,סלט תירס ומיונז אלעו,גרמים,400.00,100 גרם,false,,9.90,2.4750,true,1,154981
7290006202222,false,סלט כרוב אלעותמאני 350 ג',,,סלט כרוב אדום אלעותמ,גרמים,400.00,100 גרם,false,,8.90,2.2250,true,1,154982
7290006202239,false,סלט טורקי 400 ג' אלעותמאני,,,סלט טורקי אלעותמאני,גרמים,400.00,100 גרם,false,,8.90,2.2250,true,1,154983
7290006202253,false,חצילים במיונז אלעותמאני 400 ג',,,סלט חצילים אלעותמאני,גרמים,400.00,100 גרם,false,,8.90,2.2250,true,1,154984
7290006202277,false,טחינה אלעותמאני 700ג',,,טחינה אלעותמאני 700,גרמים,700.00,100 גרם,false,,25.90,3.7000,true,1,154985
7290006202307,false,"סלט כרוב אלעותמאני 3 ק""ג",,,סלט כרוב אדום אלעותמ,פריט,2.50,"ק""ג",false,,34.90,13.9600,true,1,154986
7290006202321,false,תירס עם מיונז אלעותמאני 250 ג',,,סלט תירס ומיונז אלעו,גרמים,250.00,100 גרם,false,,7.90,3.1600,true,1,154987
7290006202666,false,חומוס בלדי אלעותמאני 900 ג',,,חומוס בלדי אלעותמאני,גרמים,900.00,100 גרם,false,,12.90,1.4333,true,1,154995
7290006229359,false,סאן בנדטו בק.זכוכית,,,סאן בנדטו בק.זכוכית,קילוגרמים,1.00,ליטר,false,,7.00,7.0000,true,1,125761
7290006229427,false,סן בנדטו - מים מינרלים - מארז שישיית 500 מל,טמפו משקאות בע`מ,,"סאן בנדטו 6* 500 מ""ל",מיליליטרים,500.00,"100 מ""ל",false,,13.90,2.7800,true,1,142403
7290006241191,false,אגוזי מלך טבעיים קליית גת (150 גרם),הדקלאים אגודת שיתופי,,אגוז מלך טבעי 150 גר,גרמים,150.00,100 גרם,false,,18.20,12.1333,true,1,121098
7290006241214,false,שקדים טבעיים קליית גת (200 גרם),הדקלאים אגודת שיתופי,,שקד טבעי 200 גרם,גרמים,200.00,100 גרם,false,,19.90,9.9500,true,1,121099
7290006241535,false,"משקה מנגו קפוא פריגת 340 מ""ל",*החברה המרכזית להפצת משקאותבעמ,,פריגת קפוא מנגו 340,גרמים,340.00,100 גרם,false,,13.90,4.0882,true,1,117822
7290006243577,false,בורקס תפוח אדמה שחף 800 גרם,מאפיית אריאל,,"בורקס תפו""א שחף 800",גרמים,800.00,100 גרם,false,,13.90,1.7375,true,1,131431
7290006243713,false,בורקס גבינה שחף 800 גרם,שחף,,בורקס גבינה שחף 800,גרמים,800.00,100 גרם,false,,14.90,1.8625,true,1,131432
7290006251107,false,תה צ'אי מסאלה ויסוצקי 25 יחידות,תה ויסוצקי (ישראל) בעמ,,תה מסאלה ויסוצקי 25,Unknown,25.00,יחידה,false,,17.90,0.7160,true,1,129568
7290006251275,false,תה ירוק סיני קלאסי ויסוצקי 25 יחידות,תה ויסוצקי (ישראל) בעמ,,תה ירוק סיני 25 יח',Unknown,25.00,יחידה,false,,24.90,0.9960,true,1,129570
7290006251343,false,חליטת פסיפלורה מנגו הגן הקסום ויסוצקי 25 יחידות,תה ויסוצקי (ישראל) בעמ,,תהחליטה הגן הקסום פס,Unknown,25.00,יחידה,false,,17.90,0.7160,true,1,129572
7290006251374,false,תה ירוק לימונית וג'ינג'ר ויסוצקי 25 יחידות,תה ויסוצקי (ישראל) בעמ,,תה ירוק לימונית וגינ,Unknown,25.00,יחידה,false,,24.90,0.9960,true,1,129573
7290006251589,false,תה ירוק עם עלי נענע 50 שקיקים ויסוצקי,תה ויסוצקי (ישראל) בעמ,,תה ירוק עם עלי נענע,Unknown,50.00,יחידה,false,,44.90,0.8980,true,1,129574
7290006265500,false,פטריות שמפיניון ארוז מרינה,קונס`-מרינה פטריות הגליל בעמ*ש,,שמפניון ארוז 250גר,גרמים,250.00,100 גרם,false,,9.90,3.9600,true,1,138602
7290006271174,false,ג'חנון לאפיה בתנור מעדנות 700 גרם,תנובה מרכז שיתופי לשיווק תוצרת,,מעדנות גחנון לאפיה ב,גרמים,700.00,100 גרם,false,,16.90,2.4143,true,1,114193
7290006271181,false,ג'חנון אפוי למיקרוגל מעדנות 750 גרם,תנובה מרכז שיתופי לשיווק תוצרת,,מעדנות גחנון אפוי 75,גרמים,750.00,100 גרם,false,,19.90,2.6533,true,1,114194
7290006271648,false,מיני בורקס תפוחי אדמה מעדנות 800 גרם,תנובה מרכז שיתופי לשיווק תוצרת,,מעדנות מיני בורקס תפ,גרמים,800.00,100 גרם,false,,22.90,2.8625,true,1,114196
7290006271655,false,מיני בורקס במילוי גבינה מעדנות (800 גרם),תנובה מרכז שיתופי לשיווק תוצרת,,מעדנות מיני בורקס גב,גרמים,800.00,100 גרם,false,,22.90,2.8625,true,1,114197
7290006271686,false,מעדנות בורקס גבינה 1,,,מעדנות בורקס גבינה 1,פריט,1.00,"ק""ג",false,,16.00,16.0000,true,1,114198
7290006272072,false,חטיפי פיצה גבינה מעדנות 650 גרם,תנובה קפואים,,מעדנות חטיפי פיצה 65,גרמים,650.00,100 גרם,false,,29.90,4.6000,true,1,114201
7290006272430,false,בצק עלים חמאה חלבי מעדנות (600 גרם),מיוצר עי קונדיטוריית,,מעדנות בצק עלים חמאה,גרמים,600.00,100 גרם,false,,19.90,3.3167,true,1,114202
7290006306302,false,רביולי במילוי גבינות פרמזן ריקוטה 400 ג' פסטה נונה,דורום תעשיות מזון ופסטה,,פסטה נונה ריביולי פר,גרמים,400.00,100 גרם,false,,23.90,5.9750,true,1,146641
7290006306319,false,רביולי במילוי בטטה 400 ג' פסטה נונה,דורום תעשיות מזון ופסטה,,פסטה נונה רביולי בטט,גרמים,400.00,100 גרם,false,,23.90,5.9750,true,1,146642
7290006306326,false,רביולי במילוי פטריות וגבינת פרמזן פסטה נונה 400 ג',דורום תעשיות מזון ופסטה,,פסטה נונה ריביולי פט,גרמים,400.00,100 גרם,false,,23.90,5.9750,true,1,146643
7290006322104,false,לחם ריחיים קל פרוס 500גר,מאפיית דוידוביץ ובניו בע,,לחם ריחיים קל פרוס 5,גרמים,500.00,100 גרם,false,,11.90,2.3800,true,1,155704
7290006322111,false,לחמניות ריחיים 80*6 גרם,מאפיית דוידוביץ ובניו בע,,לחמניות ריחיים קלות,גרמים,400.00,100 גרם,false,,10.90,2.7250,true,1,155705
7290006322838,false,לחם מקמח מלא דוידובי,מאפיית דוידוביץ ובניו בע,,לחם %100 קמח מלא 750,גרמים,750.00,100 גרם,false,,13.90,1.8533,true,1,155723
7290006374738,false,קונפיטורה תות יד מרדכי בטעם תות,אף.סי תבליני בגליל ב,,יד מרדכי קונפיטורת ת,גרמים,340.00,100 גרם,false,,13.90,4.0882,true,1,132181
7290006382016,false,חומץ טבעי 1 ליטר,,,חומץ טבעי 1 ליטר,קילוגרמים,1.00,ליטר,false,,5.00,5.0000,true,1,114467
7290006439031,false,שמן קנולה שוקחה 1 לי,איי די אם אנטוורפ,,שמן קנולה שוקחה 1 ל,קילוגרמים,1.00,ליטר,false,,11.90,11.9000,true,1,177036
7290006439185,false,אננס חתוך 540 גרם,,,אננס חתוך 540 גרם,גרמים,540.00,100 גרם,false,,7.90,1.4630,true,1,201868
7290006439215,false,פיטריות שמפיניון שלמות,,,פטריות שלמות שוקחה 4,גרמים,400.00,100 גרם,false,,7.90,1.9750,true,1,142835
7290006439444,false,"אורז בסמתי ""גולד"" מוזהב 1 ק""ג שוקחה",בני ג`ורג` שוקחה (חיפה) בעמ,,גולדן אורז בסמטי מוז,פריט,1.00,"ק""ג",false,,10.90,10.9000,true,1,142836
7290006439451,false,אורז בסמטי 5 קג`גולד שוקחה,בני ג`ורג` שוקחה (חיפה) בעמ,,בארי גולדן אורז בסמט,פריט,5.00,"ק""ג",false,,49.90,9.9800,true,1,142837
7290006439642,false,אלבאן אבקת חלב,,,אלבאן אבקת חלב,Unknown,0.00,יחידה,false,,29.90,0.0000,true,1,142838
7290006453358,false,רוטב פיצה A9,,,רוטב פיצה A9,Unknown,0.00,יחידה,false,,21.00,0.0000,true,1,134721
7290006492432,false,גבינה מוצרלה בייבי 18% גד (150 גרם),מחלבות גד שיווק 1992 בעמ,,גד בייבי מוצרלה 150,גרמים,170.00,100 גרם,false,,14.90,8.7647,true,1,146649
7290006492616,false,גבינה בולגרית מעודנת פרוסות 5% גד 250 גרם,מחלבות גד שיווק 1992 בעמ,,גד בולגרית פרוסות 5%,גרמים,250.00,100 גרם,false,,25.90,10.3600,true,1,146651
7290006492685,false,גבינת לאבנה עיזים 5% גד (250 גרם),מחלבות גד שיווק 1992 בעמ,,גד לאבנה עזים 3% 250,גרמים,250.00,100 גרם,false,,16.00,6.4000,true,1,146656
7290006492852,false,גבינת עיזים למריחה 5% שומן 250 ג' גד,מחלבות גד שיווק 1992 בעמ,,גד גבינת עיזים למריח,גרמים,250.00,100 גרם,false,,15.90,6.3600,true,1,146658
7290006492913,false,גבינת לאבנה ציזיקי 5% מחלבות גד 250 גרם,מחלבות גד שיווק 1992 בעמ,,גד לאבנה ציזיקי 250,גרמים,250.00,100 גרם,false,,12.90,5.1600,true,1,146659
7290006494917,false,טוסו וופל קלאסי במילוי שוקולד 200 גרם,"איטיליאן פוד, אס.פי.",,טוסו וופל טעם שוקולד,גרמים,200.00,100 גרם,false,,10.90,5.4500,true,1,138096
7290006494924,false,טוסו וופל קלאסי במילוי קרם לימון 200 גרם,"דנשר (1963) בע,מ",,טוסו ופל מילוי ק.לימ,גרמים,200.00,100 גרם,false,,10.90,5.4500,true,1,138097
7290006511157,false,פטריות שמפניון שלמות וילי פוד (400 גרם),ג.וילי-פוד אינטרנשיונל בעמ,,וילי פוד פטריות שמפי,גרמים,400.00,100 גרם,false,,7.90,1.9750,true,1,115541
7290006511188,false,וילי פוד פטריות שמפי,,,וילי פוד פטריות שמפי,פריט,2.55,"ק""ג",false,,44.90,17.6078,true,1,115542
7290006511751,false,פטריות שמפניון חתוך ויליפוד 290X3 ג' בד”צ,ג.וילי-פוד אינטרנשיונל בעמ,,וילי פוד פטריות שמפי,גרמים,870.00,100 גרם,false,,12.90,1.4828,true,1,115545
7290006546098,false,"תירס פרי הגליל 3 ק""ג",,,תירס 3 קג,פריט,3.00,"ק""ג",false,,33.90,11.3000,true,1,134727
7290006546371,false,במיה 600 ג' פרי הגליל,ויטה- פרי גליל (החדשה) בעמ,,במיה 600 גרם,גרמים,600.00,100 גרם,false,,16.90,2.8167,true,1,134732
7290006546395,false,לקט העונה קפוא פרי הגליל 800ג',ויטה- פרי גליל (החדשה) בעמ,,לקט העונה 800 גר,גרמים,800.00,100 גרם,false,,12.90,1.6125,true,1,134734
7290006546524,false,צי'פס מובחר קפוא פרי גליל 800 ג',נטו מלינדה סחר בעמ,,ציפס מובחר 800 גרם,גרמים,800.00,100 גרם,false,,12.90,1.6125,true,1,134739
7290006547200,false,שרוכי נעליים,,,שרוכי נעליים,Unknown,1.00,יחידה,false,,8.00,8.0000,true,1,118830
7290006547217,false,פלסטר צבעוני,,,פלסטר צבעוני,Unknown,1.00,יחידה,false,,5.00,5.0000,true,1,118831
7290006547620,false,פלסטר 50 יח',,,פלסטר 50 יח',Unknown,50.00,יחידה,false,,5.00,0.1000,true,1,118836
7290006547989,false,קיסם אוזניים עץ 400,,,קיסם אוזניים עץ 400,Unknown,0.00,יחידה,false,,4.90,0.0000,true,1,181317
7290006567048,false,פתיתי קוסקוס ישראלי אסם (350 גרם),קבוצת אוסם סחר שותפות מוגבלת,,אסם קוסקוס ישראלי 35,גרמים,350.00,100 גרם,false,,8.90,2.5429,true,1,126755
7290006584427,false,דואדורנט בי יו דאו ס,"טאב קוסמטיקס בע""מ",,דואדורנט בי יו דאו ס,Unknown,0.00,יחידה,false,,12.90,0.0000,true,1,201263
7290006618078,false,"מרסס לניקוי יסודי מטבח אסטוניש 750 מ""ל","יעקב יעקבי ובניו בע""מ",,אסטוניש מרסס ניקוי צ,Unknown,750.00,יחידה,false,,12.90,0.0172,true,1,120232
7290006618085,false,"אסטוניש תרסיס ניקוי אמבטיה וכיורים יעקבי 750 מ""ל",יעקב יעקבי ובניו בע`מ,,אסטוניש מרסס לאמבט 7,מיליליטרים,750.00,"100 מ""ל",false,,12.90,1.7200,true,1,120233
7290006652027,false,במבה חטיף בוטנים אסם 20*15 גרם,קבוצת אוסם סחר שותפות מוגבלת,,מארז במבה 20יח',Unknown,20.00,יחידה,false,,24.90,1.2450,true,1,126756
7290006653765,false,פרפקטו פסטה פטוצ'יני אסם 500 גרם,קבוצת אוסם סחר שותפות מוגבלת,,פרפקטו פטוציני 500 ג,גרמים,500.00,100 גרם,false,,7.90,1.5800,true,1,126758
7290006653819,false,קוסקוס אמיתי דק בשקית 350 גרם,קבוצת אוסם סחר שותפות מוגבלת,,אסם קוסקוס דק 350 גר,גרמים,350.00,100 גרם,false,,8.90,2.5429,true,1,126759
7290006660640,false,קמח טף דגש 500 גרם,נטורפוד,,דגש קמח טף 500 גרם,גרמים,500.00,100 גרם,false,,27.90,5.5800,true,1,153507
7290006664051,false,"אקטימל לבן 1.51 ק""ג מארז 14 יחידות",שטראוס גרופ בעמ/מצונן,,אקטימל טבעי 14* 100מ,קילוגרמים,1.40,ליטר,false,,29.90,21.3571,true,1,139878
7290006664402,false,גבינה לבנה סקי 5% שומן 750 גרם,שטראוס גרופ בעמ/מצונן,,שטראוס גבינה 5% 750,גרמים,750.00,100 גרם,false,,14.25,1.9000,true,1,139880
7290006664532,false,יוגורט עם תות 3% שומן 150 ג' דנונה,שטראוס גרופ בעמ/מצונן,,דנונה תות 3% 150 גרם,גרמים,150.00,100 גרם,false,,3.90,2.6000,true,1,139881
7290006664655,false,דנונה Actimel יוגורט טבעי 8*100 מ``ל,שטראוס גרופ בעמ/מצונן,,אקטימל שמינייה טבעי,מיליליטרים,800.00,"100 מ""ל",false,,19.90,2.4875,true,1,139883
7290006664693,false,יוגורט עם אפרסק 3% שומן 150 ג' דנונה,שטראוס גרופ בעמ/מצונן,,דנונה ביו אפרסק 3% 1,גרמים,150.00,100 גרם,false,,3.90,2.6000,true,1,139884
7290006664990,false,"יוגורט דנונה ביו לבן 1.7% שומן 8*150 מ""ל",שטראוס גרופ בעמ/מצונן,,דנונה ביו מארז חיסכו,Unknown,8.00,יחידה,false,,15.90,1.9875,true,1,139886
7290006681003,false,גלידה תות לימון סורבה 1.33 ל' קרמיסימו,"גלידת שטראוס בע""\מ, רחוב",,קרמיסימו תות לימון ס,קילוגרמים,1.33,ליטר,false,,20.90,15.7143,true,1,135320
7290006681553,false,קרמבו בטעם וניל שטראוס 8 יחידות,"גלידות שטראוס בע""מ",,שטראוס קרמבו ווניל 8,Unknown,8.00,יחידה,false,,14.90,1.8625,true,1,135324
7290006681560,false,קרמבו בטעם מוקה שטראוס 8 יחידות,"גלידות שטראוס בע""מ",,שטראוס קרמבו מוקה 8י,Unknown,8.00,יחידה,false,,14.90,1.8625,true,1,135325
7290006712981,false,"משחת שיניים קולגייט ספיידרמן מגיל שש 50 מ""ל",הנסיך- מפעל לייצור ט,,קולגייט סמיילס לגילא,Unknown,0.00,יחידה,false,,12.90,0.0000,true,1,128167
7290006739124,false,בצק עלים פילאס 500ג' זוגלובק,זוגלובק שיווק בעמ,,בצק פילאס גולמי 500,גרמים,500.00,100 גרם,false,,16.90,3.3800,true,1,147065
7290006739131,false,בצק גולמי פילו זוגלובק 500ג',זוגלובק שיווק בעמ,,בצק פילו גולמי 500 ג,גרמים,500.00,100 גרם,false,,16.90,3.3800,true,1,147066
7290006739292,false,נקניק פסטרמה פרגיות ציפוי תירס,נקניק נהריה כשר זוגל,,פסטרמה הודו תבור 330,גרמים,330.00,100 גרם,false,,25.90,7.8485,true,1,147068
7290006739346,false,נקניקיות פרגיות טרי 400 גרם זוגלובק,נקניק נהריה כשר זוגל,,נקניקיות מבשר פרגיות,גרמים,400.00,100 גרם,false,,13.90,3.4750,true,1,147069
7290006739407,false,שניצל תירס לייט זוגלובק (630 גרם),נקניק נהריה כשר זוגל,,שניצל תירס 98 קל 630,גרמים,630.00,100 גרם,false,,29.00,4.6032,true,1,147070
7290006739414,false,נקניק סלמי קוניאק זוגלובק 300 גרם,נקניק נהריה כשר זוגל,,סלמי קוניאק 300 גר',גרמים,300.00,100 גרם,false,,25.90,8.6333,true,1,147071
7290006739421,false,נקניק סלמי מעושן איטלקי זוגלובק 300 גרם,נקניק נהריה כשר זוגל,,סלמי מעושן איטלקי 30,גרמים,300.00,100 גרם,false,,25.90,8.6333,true,1,147072
7290006739445,false,שניצל תירס קלאסי 750 ג' זוגלובק,נקניק נהריה כשר זוגל,,שניצל תירס קלאסי 750,גרמים,750.00,100 גרם,false,,24.90,3.3200,true,1,147073
7290006739544,false,כתף בקר 3% שומן זוגלובק (300 גרם),נקניק זוגלובק נהריה,,כתף בקר 300 גר' א.מ.,גרמים,300.00,100 גרם,false,,33.00,11.0000,true,1,147074
7290006739636,false,נקנקיות מהצומח 2.4 ק,,,נקנקיות מהצומח 2.4 ק,Unknown,2.40,יחידה,false,,76.00,31.6667,true,1,147075
7290006741165,false,זוגלובק נגיסי פיצה מ,,,זוגלובק נגיסי פיצה מ,גרמים,650.00,100 גרם,false,,25.00,3.8462,true,1,147080
7290006741172,false,זוגלובק נגיסי פיצה ע,,,זוגלובק נגיסי פיצה ע,גרמים,650.00,100 גרם,false,,25.00,3.8462,true,1,147081
7290006741257,false,בורקס ביס גבינה 800,,,בורקס ביס גבינה 800,גרמים,800.00,100 גרם,false,,17.00,2.1250,true,1,147082
7290006741363,false,בורקס תפוחי אדמה זוגלובק 800 גרם,מאפיית אריאל וגידרון,,בורקס תפוא 800 גר' ב,גרמים,800.00,100 גרם,false,,16.90,2.1125,true,1,147083
7290006741387,false,מלווח תימני זוגלובק בד`צ 700 גרם קפוא,נקניק נהריה כשר זוגל,,מלאווח 700 גר' מ.י.,גרמים,700.00,100 גרם,false,,16.90,2.4143,true,1,147084
7290006741448,false,בורקס פיצה 700 גרם,,,בורקס פיצה 700 גרם,גרמים,700.00,100 גרם,false,,17.00,2.4286,true,1,147085
7290006741462,false,בורקס גבינה אקסטרא ז,,,בורקס גבינה אקסטרא ז,גרמים,800.00,100 גרם,false,,17.00,2.1250,true,1,147086
7290006741479,false,בורקס אקסטרא גבינות,,,בורקס אקסטרא גבינות,גרמים,800.00,100 גרם,false,,17.00,2.1250,true,1,147087
7290006742278,false,פסטרמה הודו צלויה על לבנים 330 ג' זוגלובק,נקניק נהריה כשר זוגל,,פסטרמה הודו בטעם צלי,גרמים,330.00,100 גרם,false,,25.90,7.8485,true,1,147090
7290006742292,false,פסטרמה הודו בדבש 330 ג' זוגלובק,נקניק נהריה כשר זוגל,,פסטרמה הודו בדבש טהו,גרמים,330.00,100 גרם,false,,25.90,7.8485,true,1,147091
7290006742315,false,פסטרמה חזה הודו ברביקיו 2% זוגלובק 330 גרם,נקניק נהריה כשר זוגל,,פסטרמה חזה הודו ברבק,גרמים,330.00,100 גרם,false,,25.90,7.8485,true,1,147093
7290006764065,false,בירה שחורה נשר מאלט חוזר (500 מל),"טמפו משקאות בע""\ם.",,נשר מאלט בקבוק פקדון,מיליליטרים,500.00,"100 מ""ל",false,,4.90,0.9800,true,1,142405
7290006764478,false,"בירה נשר מאלט בקבוק זכוכית 330 מ""ל",החברה המרכזית להפצת משקאות בעמ,,"נשר מאלט 330 מ""ל",מיליליטרים,330.00,"100 מ""ל",false,,5.00,1.5152,true,1,125762
7290006764485,false,"בירה שחורה נשר מאלט שישייה ח""פ 330*6 מ''ל","טמפו משקאות בע""\ם.",,"נשר מאלט 6*330 מ""ל",מיליליטרים,330.00,"100 מ""ל",false,,31.90,9.6667,true,1,142407
7290006775016,false,עוגת תפוז אחוה (450 גרם)אחוה,אחדות ביתחרושת לטחינה חלבה,,עוגת תפוז 450 גרם,גרמים,450.00,100 גרם,false,,10.90,2.4222,true,1,137613
7290006775030,false,עוגת שוקו צ`יפס אחוה (450 גרם)אחוה,אחדות ביתחרושת לטחינה חלבה,,עוגת שוקו-ציפס 450 ג,גרמים,450.00,100 גרם,false,,10.90,2.4222,true,1,137615
7290006775047,false,עוגת שוקולד אחוה (450 גרם)אחוה,אחדות ביתחרושת לטחינה חלבה,,עוגה בטעם שוקולד 450,גרמים,450.00,100 גרם,false,,10.90,2.4222,true,1,137616
7290006775054,false,עוגת שיש אחוה (450 גרם)אחוה,אחדות ביתחרושת לטחינה חלבה,,עוגת שיש 450 גרם,גרמים,450.00,100 גרם,false,,10.90,2.4222,true,1,137617
7290006775078,false,עוגת דבש תשרי אחוה 400 גרם,אחדות בעמ,,אחווה עוגת דבש 400 ג,גרמים,400.00,100 גרם,false,,6.90,1.7250,true,1,200558
7290006775191,false,מאפין ממולא בטעם שוקולד 50 גרם אחוה,אחדות ביתחרושת לטחינה חלבה,,אחווה מאפה ממולא שוק,Unknown,0.00,יחידה,false,,1.90,0.0000,true,1,137620
7290006775306,false,מאפינס אישי וניל במילוי תות אחווה 50ג',אחדות ביתחרושת לטחינה חלבה,,אחווה מאפין וניל במי,Unknown,0.00,יחידה,false,,1.90,0.0000,true,1,137622
7290006775344,false,עוגת שמרים במילוי קרם קינמון אחוה 400 גרם,אחדות ביתחרושת לטחינה חלבה,,עוגת שמרים במילוי קר,גרמים,400.00,100 גרם,false,,11.90,2.9750,true,1,137624
7290006775405,false,מאפינס שוקוצ'יפס אישי אחווה 45גרם,אחדות ביחר לטחינה חל,,אחווה מאפין בטעם שוק,Unknown,0.00,יחידה,false,,1.90,0.0000,true,1,180972
7290006775900,false,עוגיות מיני מרוקאיות אחוה (500 גרם),אחדות ביתחרושת לטחינה חלבה,,אחוה עוגיות מרוקאיו,גרמים,500.00,100 גרם,false,,9.90,1.9800,true,1,137630
7290006784001,false,מסכה לפנים עלמה חד פעמי כירוגיות- 50 יח',קומפלקס בעמ,,מסיכות אף ופה 50 יח',Unknown,50.00,יחידה,false,,9.90,0.1980,true,1,187776
7290006784018,false,"מילוי מכשיר אוויר 250 מ""ל fashion blablabla סנט מוריץ",קומפלקס כימיקלים בעמ,,fashion blablabla מי,מיליליטרים,250.00,"100 מ""ל",false,,12.90,5.1600,true,1,196889
7290006784025,false,עלמה ספוג הפלא להסרת כתמים קשים,קומפלקס כימיקלים,,עלמה ספוג הפלא להסרת,Unknown,0.00,יחידה,false,,7.90,0.0000,true,1,175385
7290006784032,false,עלמה כריות יפניות - ללא שריטות 6 יחידות,קומפלקס כימקלים בעמ`,,עלמה כרית יפנית -שיש,Unknown,0.00,יחידה,false,,8.90,0.0000,true,1,164095
7290006784070,false,עלמה כריות קרצוף 2+1 יחידות,קומפלקס כימיקלים,,עלמה סקוטש 2+1,Unknown,0.00,יחידה,false,,8.90,0.0000,true,1,175386
7290006784186,false,כפפות ניטריל שחור ללא אבקה 100 יח' L עלמה,קומפלקס כימקלים בעמ`,,עלמה כפפות ניטריל שח,Unknown,0.00,יחידה,false,,24.90,0.0000,true,1,196297
7290006784193,false,כפפות ניטריל שחור ללא אבקה 100 יח' M עלמה,קומפלקס כימקלים בעמ`,,עלמה כפפות ניטריל שח,Unknown,0.00,יחידה,false,,24.90,0.0000,true,1,196298
7290006784230,false,כפפות ניטריל שחור ללא אבקה 100 יח' S עלמה,קומפלקס כימיקלים,,עלמה כפפות ניטריל שח,Unknown,0.00,יחידה,false,,24.90,0.0000,true,1,196299
7290006784339,false,"תרסיס לניקוי רהיט סנט מוריץ 300 מ""ל",קומפלקס כימיקלים,,תרסיס לניקוי רהיט סנ,Unknown,300.00,יחידה,false,,12.00,0.0400,true,1,131409
7290006784346,false,"תרסיס לניקוי שטיחים סנט מוריץ 630 מ""ל",קומפלקס כימיקלים בעמ,,תרסיס לניקוי שטיחים,Unknown,630.00,יחידה,false,,16.90,0.0268,true,1,131410
7290006784360,false,חלונית סנט מוריץ לניקוי חלונות 1 ליטר,קומפלקס כימיקלים בעמ,,סנט מוריץ חלונית 1 ל,קילוגרמים,1.00,ליטר,false,,8.00,8.0000,true,1,131412
7290006784377,false,מרכך כביסה פיור נייטשר כחול 1 ליטר,"קומפלקס כימיקלים בע""",,pure nature מרכך כבי,קילוגרמים,1.00,ליטר,false,,13.90,13.9000,true,1,195426
7290006784438,false,מרכך כביסה pure love לבן 1 ל' סנט מוריץ,קומפלקס כימיקלים בעמ,,פיור לאב מרכך כביסה,קילוגרמים,1.00,ליטר,false,,13.90,13.9000,true,1,197050
7290006784452,false,"PURE - מבשם כביסה מרסס בניחוח מלון רויאל 500 מ""ל",קומפלקס כימיקלים,,מבשם כביסה בניחוח מל,מיליליטרים,500.00,"100 מ""ל",false,,14.90,2.9800,true,1,184430
7290006784506,false,"אוקסי מסיר כתמים 750 מ""ל",קומפלקס כימיקלים,,סנט מוריץ אוקסי מסיר,מיליליטרים,750.00,"100 מ""ל",false,,10.90,1.4533,true,1,131415
7290006784575,false,"מילוי מכשיר אוויר 250 מ""ל fashion loouy סנט מוריץ",קומפלקס כימיקלים בעמ,,fashion loouy מילוי,מיליליטרים,250.00,"100 מ""ל",false,,12.90,5.1600,true,1,196893
7290006784582,false,"מילוי מכשיר אוויר 250 מ""ל fashion no.6 סנט מוריץ",סורה קוסמטיקס,,fashion no.6 מילוי מ,מיליליטרים,250.00,"100 מ""ל",false,,12.90,5.1600,true,1,196890
7290006784599,false,"מילוי מכשיר אוויר 250 מ""ל fashion yoyo boss סנט מוריץ",סורה קוסמטיקס,,fashion yoyo boss מי,מיליליטרים,250.00,"100 מ""ל",false,,12.90,5.1600,true,1,196891
7290006784605,false,"מילוי מכשיר אוויר 250 מ""ל fashion midnight secret סנט מוריץ",קומפלקס כימיקלים בעמ,,fashion midnight sec,מיליליטרים,250.00,"100 מ""ל",false,,12.90,5.1600,true,1,196894
7290006784643,false,"מילוי מכשיר אוויר 250 מ""ל fashion rose gold סנט מוריץ",קומפלקס כימיקלים בעמ,,fashion rose gold מי,מיליליטרים,250.00,"100 מ""ל",false,,12.90,5.1600,true,1,196892
7290006784865,false,סנט מוריץ לניקוי משטחי מטבחים מרוכז ועוצמתי 1ל',קומפלקס כימיקלים בעמ,,סנט מוריץ לניקוי מטב,קילוגרמים,1.00,ליטר,false,,11.90,11.9000,true,1,131419
7290006788375,false,קרליין דאודורנט סטיק נושם ורוד,מיוצר עי : אמיליה קוסמטי,,קרליין נושם דאו סטיק,Unknown,0.00,יחידה,false,,16.90,0.0000,true,1,117355
7290006788382,false,"דאודורנט סטיק סגול 50 מ""ל קרליין",אמיליה קוסמטיקס,,קרליין אוקסגן נושם ד,Unknown,0.00,יחידה,false,,16.90,0.0000,true,1,117356
7290006788399,false,"דאו רול און נושם סנסיטיב ירוק קרליין 75 מ""ל",החברה הדרומית לשיווק בעמ,,SESITIVE נושם רול או,Unknown,0.00,יחידה,false,,12.90,0.0000,true,1,117357
7290006788405,false,"קרליין - נושם אקטיב דאודורנט רול און לאישה ברודו 75 מ""ל",החברה הדרומית לשיווק בעמ,,קרליין דאו רול און ב,Unknown,0.00,יחידה,false,,12.90,0.0000,true,1,117358
7290006788412,false,"קרליין - נושם אקווה דאודורנט רול און לאישה כחול 75 מ""ל",החברה הדרומית לשיווק בעמ,,קרליין נושם דאו רול,גרמים,75.00,100 גרם,false,,12.90,17.2000,true,1,117359
7290006788429,false,"קרליין - נושם סאן רייס דאודורנט רול און לאישה כתום 75 מ""ל",החברה הדרומית לשיווק בעמ,,קרליין נושם דאו רול,מיליליטרים,75.00,"100 מ""ל",false,,12.90,17.2000,true,1,117360
7290006788436,false,"קרליין - נושם פיור דאודורנט רול און לאישה ורוד 75 מ""ל",החברה הדרומית לשיווק בעמ,,קרליין נושם דאו רול,Unknown,0.00,יחידה,false,,12.90,0.0000,true,1,117361
7290006788443,false,"קרליין - נושם אוקסיג'ן דאודורנט רול און לאישה סגול 75 מ""ל",החברה הדרומית לשיווק בעמ,,קרליין נושם-דאו רול,Unknown,0.00,יחידה,false,,12.90,0.0000,true,1,117362
7290006788467,false,"קרליין - נושם אקטיב דאודורנט ספריי לאישה בורדו 200 מ""ל",החברה הדרומית לשיווק בעמ,,ACTIVE נושם ספריי בו,מיליליטרים,200.00,"100 מ""ל",false,,12.90,6.4500,true,1,117364
7290006788474,false,"קרליין - נושם אקווה דאודורנט ספריי לאישה כחול 200 מ""ל",החברה הדרומית לשיווק בעמ,,AQUA נושם ספריי כחול,מיליליטרים,200.00,"100 מ""ל",false,,12.90,6.4500,true,1,117365
7290006788481,false,"קרליין - נושם סאן רייס דאודורנט ספריי לאישה כתום 200 מ""ל",החברה הדרומית לשיווק בעמ,,SUNRISE נושם ספריי כ,מיליליטרים,200.00,"100 מ""ל",false,,12.90,6.4500,true,1,117366
7290006788498,false,"קרליין - נושם פיור דאודורנט ספריי לאישה ורוד 200 מ""ל",החברה הדרומית לשיווק בעמ,,PURE נושם ספריי ורוד,מיליליטרים,200.00,"100 מ""ל",false,,12.90,6.4500,true,1,117367
7290006788504,false,"קרליין - נושם אוקסיג'ן דאודורנט ספריי לאישה סגול 200 מ""ל",החברה הדרומית לשיווק בעמ,,OXYGEN נושם ספריי סג,מיליליטרים,200.00,"100 מ""ל",false,,12.90,6.4500,true,1,117368
7290006788559,false,"טיטניום ICE דאודורנט תרסיס ספריי 180 מ""ל",החברה הדרומית לשיווק בעמ,,טיטניום דאודורנט ספר,מיליליטרים,200.00,"100 מ""ל",false,,22.90,11.4500,true,1,117369
7290006788924,false,"דאודורנט ספריי 175 מ""ל ME",,,מי דאודרנט תרסיס ורו,מיליליטרים,175.00,"100 מ""ל",false,,22.90,13.0857,true,1,117372
7290006788948,false,"קרליין דאודורנט תרסיס ספריי מיסט 175 מ""ל",קרליין,,מי דואדרנט תרסיס סגו,מיליליטרים,175.00,"100 מ""ל",false,,22.90,13.0857,true,1,117373
7290006789617,false,"קרם לחות לתלתול טבעי לשיער גלי עד מתולתל 10 קרליין 400 מ""ל",מיוצר עי : אמיליה קוסמטי,,קרם לחות לתלתלים טבע,מיליליטרים,400.00,"100 מ""ל",false,,16.90,4.2250,true,1,117374
7290006789631,false,קרליין קרם לחות לשיער רגיל 400 גרם,החברה הדרומית לשיווק בעמ,,קרם לחות נוסחה קלאסי,מיליליטרים,400.00,"100 מ""ל",false,,16.90,4.2250,true,1,117376
7290006789648,false,"קרם לחות לשיער יבש 10 קרליין 400 מ""ל","אמיליה קוסמטיקס בע""מ",,קרם לחות לשיער יבש ק,מיליליטרים,400.00,"100 מ""ל",false,,16.90,4.2250,true,1,117377
7290006789655,false,"קרם לחות לסירוק קל לשיער מתולתל ומקורזל 10 קרליין 400 מ""ל",החברה הדרומית לשיווק בעמ,,קרם לחות לבניית תלתל,מיליליטרים,400.00,"100 מ""ל",false,,16.90,4.2250,true,1,117378
7290006803009,false,המעיין סירופ ענבים 3,,,המעיין סירופ ענבים 3,קילוגרמים,3.00,ליטר,false,,39.90,13.3000,true,1,135461
7290006803016,false,המעיין סירופ תמרהנדי,,,המעיין סירופ תמרהנדי,קילוגרמים,3.00,ליטר,false,,39.90,13.3000,true,1,135462
7290006803085,false,המעיין סירופ פטל 3 ל,,,המעיין סירופ פטל 3 ל,קילוגרמים,3.00,ליטר,false,,39.90,13.3000,true,1,135469
7290006803184,false,מגש ג'לי 8 יחידות,,,מגש ג'לי 8 יחידות,Unknown,0.00,יחידה,false,,10.90,0.0000,true,1,135472
7290006804822,false,סופגניה בצק/לחמניה ה,,,סופגניה בצק/לחמניה ה,Unknown,0.00,יחידה,false,,3.00,0.0000,true,1,116370
7290006805355,false,"פילסברי, כדורים בטעם שוקולד, תערובת להכנת כדורים בטעם שוקולד. 500 גרם.",הדקלאים אגודת שיתופי,,פילסברי כדורי שוקולד,גרמים,500.00,100 גרם,false,,16.90,3.3800,true,1,121100
7290006805362,false,חצי באגט מאפית,פילסברי,,חצי בגט,Unknown,0.00,יחידה,false,,3.50,0.0000,true,1,116374
7290006805850,false,תערובת להכנת פנקייקס פילסברי (500 גרם),הדקלאים אגודת שיתופי,,תערובת להכנת פנקייק,גרמים,500.00,100 גרם,false,,16.90,3.3800,true,1,121101
7290006805881,false,בייגל ירושלמי וינואז,פילסברי,,בגט וינואז /בייגלה/ש,Unknown,0.00,יחידה,false,,7.00,0.0000,true,1,116375
7290006806499,false,לחמנייה דגנים וגרעינ,,,לחמניה דגנים,Unknown,0.00,יחידה,false,,4.50,0.0000,true,1,116378
7290006806963,false,חלה מתוקה קלועה אפויה(אפיה מקומית),ג נרל מילס ישראל בעמ ~~~,,חלה מתוקה קלועה א.ק,Unknown,0.00,יחידה,false,,12.40,0.0000,true,1,116379
7290006855190,false,חטיף תמרים ואגוזי מלך עם בננה ללא תוספת סוכר,טבעית מוצרים מן הטבע בעמ,,בר -בריא חטיף תמרים,Unknown,0.00,יחידה,false,,17.90,0.0000,true,1,161009
7290006855244,false,ברבריא חטיף שקדים צימוקים ודבש 120 גרם,טבעית מוצרים מן הטבע בעמ,,ברבריא אגוזים וצימוק,Unknown,4.00,יחידה,false,,17.90,4.4750,true,1,129853
7290006855251,false,ברבריא חטיף קשיו חמוציות וסילאן 120 גרם,טבעית מוצרים מן הטבע בעמ,,ברבריא קשיו אגוז מלך,Unknown,4.00,יחידה,false,,17.90,4.4750,true,1,129854
7290006894014,false,גלידת שפרעם 1.5ליטר,,,גלידת שפרעם 1.5ליטר,קילוגרמים,1.50,ליטר,false,,41.90,27.9333,true,1,131810
7290006894021,false,גלידת שפרעם 1ליטר,,,גלידת שפרעם 1ליטר,קילוגרמים,1.00,ליטר,false,,31.90,31.9000,true,1,131811
7290006920829,false,"תחליפי גבינ""צ צ'דר פרוס 350 גר'",צי תעשיות מזון יבנה,,צ'דר פרוס 350 גרם,גרמים,350.00,גרם,false,,15.90,0.0454,true,1,167434
7290006920836,false,"תחליפי גבינ""צ מעושן פרוס 350 גר'",צ.י.תעשיות מזון יבנה בעמ,,מעושן פרוס 350 גרם,גרמים,350.00,גרם,false,,16.90,0.0483,true,1,167435
7290006920843,false,"תחליפי גבינ""צ מוצרלה פרוס 350 גר'",צי תעשיות מזון יבנה,,מוצרלה פרוס 350 גרם,גרמים,350.00,100 גרם,false,,16.90,4.8286,true,1,167451
7290006920911,false,הולנדית פרוס 350ג' כפיר,צי תעשיות מזון יבנה,,הולנדי פרוס 350 גרם,גרמים,350.00,100 גרם,false,,15.90,4.5429,true,1,167452
7290006920935,false,הצהובה הטובה חריפה פרוס 350 גרם,צ.י.תעשיות מזון יבנה בעמ,,חריפה פרוס 350 גרם,גרמים,350.00,100 גרם,false,,15.90,4.5429,true,1,167453
7290006940223,false,חלבה מוקצפת אלמחרום,,,חלבה מוקצפת אלמחרום,גרמים,500.00,100 גרם,false,,19.90,3.9800,true,1,150153
7290006960023,false,כרוב כבוש מאמא מרי 7,מאמא מרי,,"כרוב כבוש 1 ק""ג",פריט,1.00,"ק""ג",false,,19.90,19.9000,true,1,181882
7290006960429,false,כרוב בולגרי כבוש 750 גר` מאמא מרי,מאמא - מרי בעמ,,"כרוב בולגרי 1 ק""ג",פריט,1.00,"ק""ג",false,,19.90,19.9000,true,1,181884
7290006983176,false,קרקר לחמית שיפון אסם (230 גרם),קבוצת אוסם סחר שותפות מוגבלת,,לחמית שיפון 250 גרם,גרמים,230.00,100 גרם,false,,9.90,4.3043,true,1,126764
7290006983527,false,עוגת הבית תפוחי עץ עם פירורים 400 ג' אסם,קבוצת אוסם סחר שותפות מוגבלת,,הבית עוגת תפוחי-עץ ע,גרמים,400.00,100 גרם,false,,17.90,4.4750,true,1,126766
7290006983763,false,עוגת הבית בטעם שוקולד אסם (400 גרם),קבוצת אוסם סחר שותפות מוגבלת,,עוגת הבית שוקולד 400,גרמים,400.00,100 גרם,false,,14.90,3.7250,true,1,126767
7290006983770,false,עוגת הבית שיש אסם (400 גרם),קבוצת אוסם סחר שותפות מוגבלת,,עוגת הבית שיש 400 גר,גרמים,400.00,100 גרם,false,,14.90,3.7250,true,1,126768
7290006983787,false,עוגת הבית שוקולד צ'יפס אסם 400 גרם,קבוצת אוסם סחר שותפות מוגבלת,,עוגת הבית שוקוציפס 4,גרמים,400.00,100 גרם,false,,14.90,3.7250,true,1,126769
7290006983794,false,עוגת הבית בטעם תפוז אסם 400 גרם,קבוצת אוסם סחר שותפות מוגבלת,,עוגת הבית תפוז 400גר,גרמים,400.00,100 גרם,false,,14.90,3.7250,true,1,126770
7290006992185,false,"מטרנה - דייסת אורז פרוביוטי כשל""פ 200 גרם",קבוצת אוסם סחר שותפות מוגבלת,,מטרנה דייסת אורז מטר,גרמים,200.00,100 גרם,false,,13.90,6.9500,true,1,126773
7290006992208,false,מטרנה דייסת 8 דגנים מעורבים 200 גרם,קבוצת אוסם סחר שותפות מוגבלת,,מטרנה דייסת דגנים מע,גרמים,200.00,100 גרם,false,,13.90,6.9500,true,1,126775
7290006992390,false,"מטרנה - דייסת וניל פרוביוטי כשל""פ 200 גרם",קבוצת אוסם סחר שותפות מוגבלת,,"מטרנה דייסת וניל בד""",גרמים,200.00,100 גרם,false,,13.90,6.9500,true,1,126776
7290008000239,false,"שטיפה אינטימית מועשר בלחות פמינה 220 מ""ל",גורי ע.ע.ע בעמ,,פמינה מועשר בלחות 22,Unknown,220.00,יחידה,false,,22.90,0.1041,true,1,133374
7290008000246,false,"פמינה - שטיפה אינטימית מועשר באלוורה 220 מ""ל",גורי ע.ע.ע. בע`מ,,פמינה מועשר באלוורה,Unknown,220.00,יחידה,false,,22.90,0.1041,true,1,133375
7290008000796,false,"סופרמן משחת שיניים לילדים בטעם פירות כצט 50 מ""ל",גורי ע.ע.ע. בע`מ,,סופרמן משחת שיניים ל,Unknown,50.00,יחידה,false,,11.90,0.2380,true,1,111163
7290008000826,false,"משחת שיניים לילדים בטעם פירות לגילאים 2-6 כצט 50 מ""ל",גורי ע.ע.ע. בע`מ,,ברבי משחת שיניים ליל,Unknown,50.00,יחידה,false,,11.90,0.2380,true,1,111164
7290008023542,false,שמפו לרצפות בניחוח יסמין סיף פנטסטיק 4 ליטר,יוניליוור ישראל שיווק בע`מ,,סיף פנטסטיק רצפות כת,קילוגרמים,4.00,ליטר,false,,19.90,4.9750,true,1,111101
7290008084956,false,בייבי פסטה משחה לתינוק,בייבי פסטה,,בייבי פסטה משחה 120,גרמים,120.00,100 גרם,false,,15.90,13.2500,true,1,139762
7290008104050,false,"שטיפת אינטימית לקטופיל פמינה 220 מ""ל",גורי ע.ע.ע. בע`מ,,נוזל שטיפה אינטימית,Unknown,220.00,יחידה,false,,22.90,0.1041,true,1,111165
7290008116534,false,ליסטרין שטיפת פה קול מינט 250 מל,ג'\ונסון אנד ג'\ונסון,,ליסטרין קולמין 250 מ,Unknown,0.00,יחידה,false,,12.90,0.0000,true,1,186771
7290008116541,false,שטיפת פה ליסטרין מנטה קריר 500 מ`ל,ג'\ונסון אנד ג'\ונסון,,*מבצע* ליסטרין מי פה,מיליליטרים,500.00,"100 מ""ל",false,,16.90,3.3800,true,1,166664
7290008116558,false,ליסטירין מי פה בטעם מנטה מרענן 250 מל,ג'\ונסון אנד ג'\ונסון,,ליסטרין פרשברוז 250,Unknown,0.00,יחידה,false,,12.90,0.0000,true,1,161584
7290008116565,false,שטיפת פה ליסטרין מנטה מרענן 500 מ`ל,ג'\ונסון אנד ג'\ונסון,,*מבצע* ליסטרין מי פה,מיליליטרים,500.00,"100 מ""ל",false,,16.90,3.3800,true,1,166665
7290008154222,false,שניצלונים עוף טוב 700 גרם,קבוצת אוסם סחר-שות.מוגבלת,,שניצלונים עוף טוב 70,גרמים,700.00,100 גרם,false,,20.00,2.8571,true,1,126777
7290008175173,false,חמאה מפינלנד ללא מלח 200 גרם ויליפוד,ג.וילי-פוד אינטרנשיונל **גבינו,,חמאה מקורית מפינלנד,גרמים,200.00,100 גרם,false,,11.90,5.9500,true,1,115549
7290008175210,false,גבינת פרמזן מגורדת 90ג' ויליפוד,ג.וילי-פוד אינטרנשיונל **גבינו,,וילי פוד פרמזן מגורד,Unknown,0.00,יחידה,false,,14.90,0.0000,true,1,115550
7290008175692,false,וילי פוד נודלס אטר.ביצים להקפצה בדץ 400ג,ג. וילי-פוד אינטרנשיונל בע`מ,,וילי פוד נודלס אטר.ב,גרמים,400.00,100 גרם,false,,7.90,1.9750,true,1,115553
7290008175814,false,וילי פוד פטריות שמפיניון חתוך בדץ 400ג,ג.וילי-פוד אינטרנשיונל בעמ,,וילי פוד פיטריות שמפ,גרמים,400.00,100 גרם,false,,5.90,1.4750,true,1,115554
7290008175838,false,פטריות שמפיניון חתוך,,,פטריות שמפיניון חתוך,פריט,2.55,"ק""ג",false,,29.90,11.7255,true,1,115556
7290008183260,false,סירופ בטעם תות שדה 700 ג' מיטב,,,סירופ בטעם תות שדה,מיליליטרים,300.00,"100 מ""ל",false,,10.90,3.6333,true,1,153382
7290008183864,false,קטשופ 1 קג מיטב חדש,,,קטשופ 1 קג מיטב חדש,גרמים,1000.00,100 גרם,false,,9.90,0.9900,true,1,153387
7290008190909,false,עוגיות מיני קוקיס שוקולד צ'יפס בצנצנת כרמית 600 גרם,כרמית תעשיות ממתקים בעמ,,מיני קוקיס שוקולד צי,גרמים,600.00,100 גרם,false,,18.90,3.1500,true,1,147204
7290008190985,false,לקקנים בטעם גלידה 450גר 50יח`,כרמית תעשיות ממתקים בעמ,,לקקן גלידה פופ 50יח,גרמים,500.00,100 גרם,false,,19.90,3.9800,true,1,147205
7290008263023,false,פסטה פוסילי מלא אורגני הרדוף 500 גרם,פסטיפיסוי פליצ'טי,,פוזילי אורגני מקמח מ,גרמים,500.00,100 גרם,false,,10.90,2.1800,true,1,172816
7290008263764,false,פסטה פוזילי טריקולור אורגנית 500 גר,פסטיפיסוי פליצ'טי,,פוזילי טריקולור אורג,גרמים,500.00,100 גרם,false,,14.90,2.9800,true,1,172826
7290008263924,false,טחינה אורגנית מלאה 1 קג הרדוף,"אחדות ביח""ר לטחינה ח",,"טחינה מלאה 1 ק""ג אור",פריט,1.00,"ק""ג",false,,39.90,39.9000,true,1,172827
7290008330107,false,מרכך כביסה סגול בדין (4 ליטר),יוניליוור ישראל שיווק בע`מ,,בדין מרכך כבוסה סגול,קילוגרמים,4.00,ליטר,false,,21.90,5.4750,true,1,119575
7290008333115,false,אבקת ג'לטין טהור נטו 28 גרם,נטו מלינדה סחר בע`מ,,אבקת ג'לטין טהור נטו,Unknown,0.00,יחידה,false,,11.90,0.0000,true,1,123032
7290008335515,false,אגרול+רוטב חמוץ/מתוק600ג,נטו מילנדה סחר בעמ*,,אגרול סיני+רוטב 600ג,Unknown,0.00,יחידה,false,,12.90,0.0000,true,1,170278
7290008335553,false,קובה בשר וצנובר 600ג שלושת האופים,נטו מילנדה סחר בעמ*,,קובה בשר וצנובר 600ג,Unknown,0.00,יחידה,false,,12.90,0.0000,true,1,123034
7290008335560,false,סיגרים עם בשר שלשת האופים,האי נאם סי או אל.טי.,,סיגרים בשר 600 פקנטי,Unknown,0.00,יחידה,false,,12.90,0.0000,true,1,170279
7290008335577,false,"פסטלים במילוי תפו""א 600ג",האי נאם סי או אל.טי.,,"פסטלים תפו""א 600ג של",Unknown,0.00,יחידה,false,,12.90,0.0000,true,1,170275
7290008335584,false,סיגרים עם תפוחי אדמה שלשת האופים,האי נאם סי או אל.טי.,,"סיגרים תפו""א 600ג של",Unknown,0.00,יחידה,false,,12.90,0.0000,true,1,170274
7290008340618,false,סלמון מעושן מצונן דלידג 100 ג',נטו מילנדה סחר בעמ*,,סלמון 100 מעושן מצונ,גרמים,100.00,100 גרם,false,,19.90,19.9000,true,1,123036
7290008343466,false,בצק פילו שלושת האופים (500 גרם),שלושת האופים שגמור,,בצק פילו 500 גרם,גרמים,500.00,100 גרם,false,,19.90,3.9800,true,1,123037
7290008343503,false,גחנון אפוי 650 גר' שלושת האופים קהילות,נטו מלינדה סחר בעמ,,שלושת האופים גחנון א,גרמים,650.00,100 גרם,false,,19.90,3.0615,true,1,123039
7290008343510,false,ג'חנון מיני אפוי למיקרו 3 האופים 650 ג',נטו מלינדה סחר בעמ,,שלושת האופים מיני גח,גרמים,650.00,100 גרם,false,,17.90,2.7538,true,1,123040
7290008343558,false,סיגרים במילוי בשר פיקנטי 1 ק``ג קפוא,נטו מלינדה סחר בע`מ,,"סיגרים בשר 1 ק""ג שלו",Unknown,1.00,יחידה,false,,22.90,22.9000,true,1,123041
7290008343565,false,"סיגרים תפו""א 1 ק""ג שלושת האופים",נטו מלינדה סחר בעמ,,"סיגרים תפו""א 1 ק""ג ש",Unknown,1.00,יחידה,false,,22.90,22.9000,true,1,123042
7290008343602,false,"קובה בשר 1 ק""ג שלושת האופים",נטו מלינדה סחר בעמ,,"קובה בשר 1 ק""ג שלושת",Unknown,1.00,יחידה,false,,22.90,22.9000,true,1,123046
7290008343619,false,"פסטלים תפו""א שלושת האופים 1 ק""ג",נטו מלינדה סחר בע`מ,,"פסטלים תפו""א שלושת ה",Unknown,1.00,יחידה,false,,22.90,22.9000,true,1,123047
7290008343626,false,כדורי פלאפל 1 קג -שלושת האופים,נטו מלינדה סחר בע`מ,,"כדורי פלאפל 1 ק""ג של",Unknown,1.00,יחידה,false,,22.90,22.9000,true,1,123048
7290008344258,false,המבורגר מיזרחי 400 גר`טיבונוויל,"טיבון ויל אחזקות בע""\מ",,המבורגר מזרחי 400גרם,גרמים,400.00,100 גרם,false,,20.90,5.2250,true,1,123049
7290008344272,false,המבורגר 100% טיבון ויל 400 גרם,טיבון ויל אחזקות בעמ,,המבורגר 100% 400 גרם,גרמים,400.00,100 גרם,false,,20.90,5.2250,true,1,123050
7290008345118,false,דלידג מקרל בשמן 240 גרם,מיוצר על ידי קוד יצר,,מקרל בשמן 240גרם,גרמים,240.00,100 גרם,false,,29.90,12.4583,true,1,123051
7290008345132,false,הרינג כבוש דלידג 240 ג',נטו מלינדה סחר בעמ,,הרינג כבוש 240 גרם,גרמים,240.00,100 גרם,false,,24.90,10.3750,true,1,123052
7290008345576,false,סלט איקרה ביתית לבנה 300 גרם דלידג,נטו מלינדה סחר בע`מ,,איקרה ביתית לבנה 300,גרמים,300.00,100 גרם,false,,21.90,7.3000,true,1,123056
7290008345583,false,סלט איקרה ביתית ורודה דלידג (300 גרם),נטו מלינדה סחר בע`מ,,איקרה ביתית ורוד 300,גרמים,300.00,100 גרם,false,,21.90,7.3000,true,1,123057
7290008347211,false,אצבעות דג מצופות דלידג (700 גרם),אף.סי תבליני בגליל ב,,דלידג אצבעות דג 700,גרמים,700.00,100 גרם,false,,22.90,3.2714,true,1,123058
7290008409049,false,שניצלונים בציפוי שומשום מיני מיני דק מאמא עוף 500 גרם,תנובה מרכז שיתופי לשיווק תוצרת,,מאמא עוף מיני דק שני,גרמים,840.00,100 גרם,false,,22.90,2.7262,true,1,114210
7290008409100,false,אצבעות שניצל בציפוי שומשום מאמא עוף 700 גרם,תנובה גליל שותפות מוגבלת,,מאמאעוף אצבעות שניצל,גרמים,700.00,100 גרם,false,,36.90,5.2714,true,1,114211
7290008409124,false,מאמא עוף קפוא שניצל ג'ונגל פריך 700 גרם,תנובה מרכז שיתופי לשיווק תוצרת,,מאמא עוף קפוא שניצל,גרמים,700.00,100 גרם,false,,36.90,5.2714,true,1,114213
7290008409216,false,מאמא עוף קפוא שניצל דק פריך 700 גרם,תנובה מרכז שיתופי לשיווק תוצרת,,מאמא עוף קפוא שניצל,גרמים,700.00,100 גרם,false,,36.90,5.2714,true,1,114215
7290008409223,false,שניצל דק דק מתובל מאמא עוף (700 גרם),תנובה מרכז שיתופי לשיווק תוצרת,,מאמא עוף שניצל דק מת,גרמים,700.00,100 גרם,false,,36.90,5.2714,true,1,114216
7290008409315,false,שניצלונים בציפוי פריך מיני מיני דק מאמא עוף 500 גרם,תנובה מרכז שיתופי לשיווק תוצרת,,מאמא עוף מיני דק שני,גרמים,500.00,100 גרם,false,,22.90,4.5800,true,1,114219
7290008409407,false,שניצל דק דק צ`יפס מאמא עוף (700 גרם),תנובה גליל שותפות מוגבלת,,מאמא עוף שניצל דק צי,גרמים,700.00,100 גרם,false,,36.90,5.2714,true,1,114221
7290008409551,false,שניצל עוף אמיתי בציפוי מעודן 700 ג' מאמא עוף,תנובה מרכז שיתופי לשיווק תוצרת,,מאמאעוף שניצל עוף אמ,גרמים,700.00,100 גרם,false,,36.90,5.2714,true,1,114223
7290008409582,false,שניצל עוף אמיתי בציפוי ביתי מאמא עוף 700 גרם,תנובה מרכז שיתופי לשיווק תוצרת,,מאמאעוף שניצל אמיתי,גרמים,700.00,100 גרם,false,,36.90,5.2714,true,1,114226
7290008409605,false,כוכבי עוף בציפוי מעודן מאמא עף 700 גרם,תנובה מרכז שיתופי לשיווק תוצרת,,מאמא עוף כוכבי עוף ב,גרמים,700.00,100 גרם,false,,36.90,5.2714,true,1,114227
7290008415071,false,צבר חומוס עם טחינה עגול 150 גרם,קבוצת אוסם סחר שותפות מוגבלת,,צבר חומוס עם טחינה 1,גרמים,150.00,100 גרם,false,,5.90,3.9333,true,1,126778
7290008415514,false,צבר חומוס עם חריף עגול 150 גרם,קבוצת אוסם סחר שותפות מוגבלת,,צבר חומוס עם חריף 15,גרמים,150.00,100 גרם,false,,5.90,3.9333,true,1,126779
7290008415576,false,צבר סלט חומוס 850 גרם,קבוצת אסם סחר,,צבר חומוס צבר 850 גר,גרמים,850.00,100 גרם,false,,14.90,1.7529,true,1,196595
7290008443616,false,"מרכך לשיער יבש אדום נקה 7 750 מ""ל",החברה הדרומית לשיווק בעמ,,נקה 7-מייצב יבש אדום,מיליליטרים,750.00,"100 מ""ל",false,,12.90,1.7200,true,1,117384
7290008443630,false,"שמפו לשיער מתולתל סגול נקה 7 750 מ""ל",החברה הדרומית לשיווק בעמ,,נקה 7-שמפו מתולתל סג,מיליליטרים,750.00,"100 מ""ל",false,,12.90,1.7200,true,1,173283
7290008443647,false,"מרכך לשיער מתולתל סגול, 750 מ""ל נקה 7",החברה הדרומית לשיווק בעמ,,נקה 7-מייצב מתולתל ס,מיליליטרים,750.00,"100 מ""ל",false,,12.90,1.7200,true,1,117386
7290008444538,false,דאודורנט ספריי פריטי,,,YOU PRETTY דאודורנט,מיליליטרים,175.00,"100 מ""ל",false,,22.90,13.0857,true,1,117387
7290008461221,false,סרדינים רוברט בשמן חמניות 115 גרם,א. סיימן סחר בעמ,,סר' רוברט ש' חמנ 115,גרמים,115.00,100 גרם,false,,6.90,6.0000,true,1,123062
7290008461238,false,"סרדינים בשמן חמניות ופלפל חריף רוברט 84 גרם, 115 גרם",א. סיימן סחר בעמ,,סר' רוברט ש' חמנ חרף,גרמים,115.00,100 גרם,false,,6.90,6.0000,true,1,123063
7290008461283,false,גבינת טריפל צ'דר חצי קשה הגבינות של נני 200 גרם,שבינגטון,,צ'דר טריפל 200 גרם,גרמים,200.00,100 גרם,false,,24.90,12.4500,true,1,153813
7290008462198,false,חרדל דיזיון חריף 210 גרם,מיילי,,חרדל דיז'ון חריף 210,גרמים,210.00,100 גרם,false,,15.90,7.5714,true,1,123064
7290008462204,false,חרדל דיז'ון מקורי נטו מאי 380 גרם,א. סיימן סחר בעמ,,חרדל דיזון מקורי 380,גרמים,380.00,100 גרם,false,,15.90,4.1842,true,1,153814
7290008462259,false,חרדל דיז'ון גרגירים מיילי 380 גרם,א. סיימן סחר בעמ,,דיג'ון גרגירים 380 ג,גרמים,380.00,100 גרם,false,,17.90,4.7105,true,1,153815
7290008464505,false,סאן בנדטו מים מינרלים להחזרה 0.5 ל`,אקווה מינרלה סאן בנדטו ב,,סאן בנדטו בקבוק פלסט,מיליליטרים,500.00,"100 מ""ל",false,,4.00,0.8000,true,1,125767
7290008464956,false,גאמפ משקה דיאט אשכול,,,גאמפ משקה דיאט אשכול,מיליליטרים,330.00,"100 מ""ל",false,,5.00,1.5152,true,1,125768
7290008493413,false,פירורי לחם מאיר בייגל פירורי גריסיני 200 גרם,"דנשר (1963) בע,מ",,מאיר בייגל פירורי גר,גרמים,200.00,100 גרם,false,,7.90,3.9500,true,1,140703
7290008493703,false,בייגלה שמיניות מלח אריזה שקופה מאיר בייגל 300 גרם,מאיר את ביגל,,מאיר& בייגל בייגלה ש,גרמים,300.00,100 גרם,false,,5.90,1.9667,true,1,172215
7290008500159,false,עוגת שמרים עם מלית גבינה,אסול אוכל איכותי בעמ,,עוגת שמרים פרימיום ג,Unknown,0.00,יחידה,false,,22.90,0.0000,true,1,172103
7290008500166,false,עוגת שמרים פרימיום פ,ב- פילסברי (ג'נל מיל,,עוגת שמרים פרימיום פ,Unknown,0.00,יחידה,false,,22.90,0.0000,true,1,172104
7290008500548,false,פילסברי לחם טוסט אמר,מאפיית אגמי,,פילסברי לחם טוסט אמר,Unknown,0.00,יחידה,false,,17.90,0.0000,true,1,195533
7290008590150,false,אפונת גינה קטנה שף ה,משק ויילר,,שף הטבע- אפונת גינה,גרמים,800.00,100 גרם,false,,10.90,1.3625,true,1,198516
7290008593007,false,לבנה גת 500 גרם 9%,,,לבנה גת 500 גרם 9%,גרמים,500.00,100 גרם,false,,13.90,2.7800,true,1,151805
7290008593021,false,לבנה עם זעתר 200גרם,,,לבנה עם זעתר 200גרם,גרמים,200.00,100 גרם,false,,11.90,5.9500,true,1,151806
7290008593076,false,יוגורט גת 3 ליטר,,,יוגורט גת 3 ליטר,קילוגרמים,3.00,ליטר,false,,29.90,9.9667,true,1,151808
7290008593137,false,טופ מרגרינה 200 ג' ג'ת,,,טופ מרגרינה גת 200 ג,גרמים,400.00,100 גרם,false,,4.50,1.1250,true,1,181926
7290008593168,false,גבינה מתוקה 400 גרם,,,גבינה מתוקה 400 גרם,גרמים,400.00,100 גרם,false,,24.90,6.2250,true,1,151809
7290008593205,false,יוגורט כבשים ג'ת 1.5 ל',,,יוגורט כבשים 1.50 ל,קילוגרמים,1.50,ליטר,false,,25.90,17.2667,true,1,151811
7290008593243,false,לבנת חלא עם זעתר 250,,,לבנת חלא עם זעתר 250,Unknown,0.00,יחידה,false,,13.00,0.0000,true,1,137697
7290008593267,false,לבנה כדורים ג'ת 400 ג',,,לבנה כדורים 400 גרם,גרמים,400.00,100 גרם,false,,26.90,6.7250,true,1,137698
7290008593274,false,יוגורט 4% 1.5 ליטר,,,יוגורט 4% 1.5 ליטר,קילוגרמים,1.50,ליטר,false,,14.90,9.9333,true,1,163417
7290008593328,false,גבינה חלומי וואקום ג'ת 250ג',,,גבינת חלומי וואקום 2,Unknown,0.00,יחידה,false,,22.90,0.0000,true,1,182018
7290008593335,false,"לבן אפ ג'ת 330 מ""ל",,,"יוגורט אפ 330 מ""ל",Unknown,0.00,יחידה,false,,5.90,0.0000,true,1,151818
7290008593403,false,יוגרט עיזים ג'ת 1.5 ל',,,יוגורט עיזים 1.50 ל,קילוגרמים,1.50,ליטר,false,,25.90,17.2667,true,1,151820
7290008593458,false,יוגורט בטעם תות 1 ל' ג'ת,,,יוגורט תות 1 ליטר,קילוגרמים,1.00,ליטר,false,,14.90,14.9000,true,1,151822
7290008593519,false,לבנה ערבית גת 750 גר,,,לבנה ערבית גת 750 גר,גרמים,750.00,100 גרם,false,,22.90,3.0533,true,1,158564
7290008593595,false,גבינה מלוחה במי מלח ג'ת 400 ג',,,גבינה כחול במי מלח 4,גרמים,400.00,100 גרם,false,,24.90,6.2250,true,1,182725
7290008593625,false,"משקה בוקר בטעם אפרסק ג'ת 250 מ""ל",,,משקה יוגורט בטעם אפר,Unknown,0.00,יחידה,false,,5.90,0.0000,true,1,159164
7290008593632,false,"משקה בוקר בטעם תות ג'ת 250 מ""ל",,,משקה יוגורט בטעם תות,Unknown,0.00,יחידה,false,,5.90,0.0000,true,1,159165
7290008593649,false,ג'ת לבנה קופסא 500 ג,,,ג'ת לבנה קופסא 500 ג,גרמים,500.00,100 גרם,false,,13.90,2.7800,true,1,151825
7290008593700,false,גבינה ערבית ג'ת 700 ג',,,גבינה ערבית גת 800 ג,גרמים,800.00,100 גרם,false,,45.90,5.7375,true,1,151827
7290008593724,false,משקה כוסות תות 170 ג' ג'ת,,,כוסות תותי,Unknown,0.00,יחידה,false,,2.90,0.0000,true,1,169898
7290008593762,false,לבנה 12% ג'ת 750 ג',,,לבנה ג'ת 750 גרם,גרמים,750.00,100 גרם,false,,22.90,3.0533,true,1,151829
7290008593823,false,יוגורט תות עם פרי 50,,,יוגורט תות עם פרי 50,גרמים,500.00,100 גרם,false,,11.90,2.3800,true,1,151832
7290008593830,false,יוגורט אפרסק עם פרי,,,יוגורט אפרסק עם פרי,גרמים,500.00,100 גרם,false,,11.90,2.3800,true,1,151833
7290008593922,false,יוגורט עיזים ג'ת 3 ל',,,ג'ת יוגורט עזים 3 ל,קילוגרמים,3.00,ליטר,false,,45.90,15.3000,true,1,151836
7290008614924,false,מח עגל מוכשר,,,מח עגל מוכשר,קילוגרמים,1.00,"ק""ג",true,,149.99,149.9900,true,1,122294
7290008634045,false,"פלסטר שקוף 30 יחידות ""SUNNY PLASTER""",אינטרסן (1996) בעמ,,פלסטר 30 צבעוני,Unknown,30.00,יחידה,false,,6.90,0.2300,true,1,163431
7290008634663,false,בקבוק לתינוק +0 טוליפס) (3,אינטרסן (1996) בעמ,,בקבוק גדול שלישייה,Unknown,3.00,יחידה,false,,16.90,5.6333,true,1,163432
7290008644945,false,סלט המושבה שטראוס 450 גר`-טעם הטבע,שטראוס בריאות ירקות טריי,,סלט המושבה 450 ג ירק,גרמים,450.00,100 גרם,false,,12.10,2.6889,true,1,139892
7290008679411,false,כפפות הנדי לבית ולמטבח S,קריות זול,,הנדי כפפות לבית ולמט,Unknown,0.00,יחידה,false,,6.00,0.0000,true,1,115979
7290008679435,false,כפפות לבית ולמטבח גד,קריות זול,,הנדי כפפות לבית ולמט,Unknown,0.00,יחידה,false,,6.00,0.0000,true,1,115981
7290008690713,false,נקטר חמוציות אושן ספריי פריגת (1 ליטר),החברה המרכזית להפצת משקאות בעמ,,אושן ספרי חמוציות 1,קילוגרמים,1.00,ליטר,false,,13.90,13.9000,true,1,137387
7290008693134,false,מעדן גבינה ויוגורט בטעם תות 5% שומן 88 ג' דניאלה,שטראוס גרופ בעמ/מצונן,,דניאלה תות מעדן גבינ,מיליליטרים,150.00,"100 מ""ל",false,,4.10,2.7333,true,1,139894
7290008713900,false,לחם שיפון עגול פרוס אחדות (750 גרם),מאפיית אנג'\ל אורנים מאפ,,לחם שיפון עגול 750 ג,גרמים,750.00,100 גרם,false,,11.90,1.5867,true,1,114540
7290008745239,false,תפוצ'יפס קראנצ' בטעם טבעי עלית 50 גרם,"שטראוס פריטו ליי בע""\מ )",,תפוציפס קראנץ טבעי 5,Unknown,0.00,יחידה,false,,3.50,0.0000,true,1,132924
7290008747547,false,תפוצ'יפס קראנץ' בטעם טבעי עלית 200 גרם,"שטראוס פריטו ליי בע""\מ )",,תפוציפס קראנץ טבעי 2,גרמים,200.00,100 גרם,false,,9.90,4.9500,true,1,132926
7290008750264,false,"מסטיק מאסט ציקלס דובדבן 28 גרם לל""ס מגדים",שטראוס גרופ בע`מ,,מאסט דובדבן 28ג,Unknown,0.00,יחידה,false,,4.30,0.0000,true,1,132190
7290008751902,false,"קפה שחור קלוי וטחון 1 ק""ג עילית","שטראוס גרופ בע""מ",,טורקי עלית 1קג,פריט,1.00,"ק""ג",false,,45.80,45.8000,true,1,132193
7290008752244,false,תפוצ'יפס קראנץ' בטעם גריל עלית 50 גרם,"שטראוס פריטו ליי בע""\מ )",,תפוציפס קראנץ גריל 5,Unknown,0.00,יחידה,false,,3.50,0.0000,true,1,132927
7290008753111,false,תפוצ'יפס קראנץ' בטעם מקסיקני עלית 50 גרם,"שטראוס פריטו ליי בע""\מ )",,תפוציפס מקסיקני 50 ג,Unknown,0.00,יחידה,false,,3.50,0.0000,true,1,132928
7290008754415,false,גומי מאסט בטעם ספירמינט עדין פליפטופ 28 ג' עלית,שטראוס גרופ בע`מ,,מאסט מנטה עדין 28ג,Unknown,0.00,יחידה,false,,4.00,0.0000,true,1,132201
7290008754422,false,גומי מאסט בטעם פפרמינט קלאסי פליפטופ 28 ג' עלית,שטראוס גרופ בע`מ,,מאסט מנטה קלאסי 28ג,Unknown,0.00,יחידה,false,,4.00,0.0000,true,1,132202
7290008757003,false,"שוופס ג'ינג'ר 250 מ""ל זכוכית",שוופס,,"שוופס ג'ינג'ר 250 מ""",מיליליטרים,250.00,"100 מ""ל",false,,7.00,2.8000,true,1,120390
7290008757010,false,"שוופס ביטר למון 250 מ""ל זכוכית",יפאורה שותפות מובגלת לשיווק,,"שוופס ביטר 250 מ""ל ז",מיליליטרים,250.00,"100 מ""ל",false,,7.00,2.8000,true,1,120391
7290008757027,false,"שוופס טוניק 250 מ""ל זכוכית",יפאורה שותפות מובגלת לשיווק,,"שוופס טוניק 250 מ""ל",מיליליטרים,250.00,"100 מ""ל",false,,7.00,2.8000,true,1,120392
7290008757034,false,"שוופס סודה זכוכית 250 מ""ל",יפאורה שותפות מוגבלת לשיווק,,"שוופס סודה 250 מ""ל",מיליליטרים,250.00,"100 מ""ל",false,,5.00,2.0000,true,1,120393
7290008757157,false,תפוזינה משקה בטעם תפ,,,תפוזינה משקה בטעם תפ,מיליליטרים,330.00,"100 מ""ל",false,,6.00,1.8182,true,1,173925
7290008757201,false,"תות בננה 330 מ""ל תפוזינה",,,תפוזינה משקה בטעם תו,מיליליטרים,330.00,"100 מ""ל",false,,6.00,1.8182,true,1,120404
7290008757980,false,קרטונית ספרינג נקטר רימונים 1 ליטר,יפאורה שותפות מוגבלת לשיווק,,ספרינג נקטר רימונים,קילוגרמים,1.00,ליטר,false,,6.90,6.9000,true,1,120412
7290008758192,false,"אלין קרם גוף 400 מ""ל",,,"אלין קרם גוף 400 מ""ל",מיליליטרים,400.00,"100 מ""ל",false,,34.90,8.7250,true,1,109708
7290008758246,false,"אלין מבשם גוף 250 מ""ל",,,"אלין מבשם גוף 250 מ""",מיליליטרים,210.00,"100 מ""ל",false,,42.90,20.4286,true,1,109710
7290008758598,false,"AL'N קרם ידיים 150 מ""ל ALIN",,,אלין קרם ידיים,גרמים,100.00,100 גרם,false,,12.90,12.9000,true,1,109713
7290008758772,false,"אלין מבשם גוף ריאהנה 250 מ""ל",,,אלין מבשם גוף בריח ר,מיליליטרים,100.00,"100 מ""ל",false,,42.90,42.9000,true,1,109719
7290008758864,false,"אלין קרם סיליקון 400 מ""ל",,,אלין קרם סיליקון לשי,מיליליטרים,400.00,"100 מ""ל",false,,29.90,7.4750,true,1,109724
7290008775816,false,ערגליות עוגיות במילוי שוקולד אסם 300 גרם,קבוצת אוסם סחר שותפות מוגבלת,,ערגליות שוקו 300 גרם,גרמים,300.00,100 גרם,false,,11.90,3.9667,true,1,126783
7290008775823,false,ערגליות עוגיות תות שדה אסם 300 גרם,קבוצת אוסם סחר שותפות מוגבלת,,ערגליות תות 300 גרם,גרמים,300.00,100 גרם,false,,11.90,3.9667,true,1,126784
7290008775892,false,פסטה פרפקטו לינגוויני (11) 500 גרם,קבוצת אוסם סחר-שות.מוגבלת,,פרפקטו ספגטי לינגווי,גרמים,500.00,100 גרם,false,,7.90,1.5800,true,1,126785
7290008806961,false,גלידה שוקולד שבבי שוקולד פרה 1.33 ל' קרמיסימו,"גלידת שטראוס בע""\מ, רחוב",,קרמיסימו שוקולד שבבי,קילוגרמים,1.33,ליטר,false,,20.90,15.7143,true,1,135332
7290008830690,false,מובחרים מן הטבע יחידה,קונסיגנציה-דין שיווק וקליה 202,,סוכריות חמצוצים בטעם,גרמים,180.00,100 גרם,false,,9.90,5.5000,true,1,197147
7290008849586,false,רוטב לעוף ריבת בצל אוליביה 310 גרם,תה ויסוצקי (ישראל) בעמ,,רוטב לעוף ריבת בצל 2,גרמים,310.00,100 גרם,false,,12.90,4.1613,true,1,115989
7290008849609,false,אוליביה רוטב לעוף שום דבש (330 גרם),תה ויסוצקי (ישראל) בעמ,,רוטב לעוף שום דבש או,גרמים,330.00,100 גרם,false,,12.90,3.9091,true,1,115990
7290008849661,false,אוליביה ממרח עגבניות מיובשות פיקנטי 180 גרם,טרופיקל דגיל תעשיות,,ממרח עגבניות מיובשות,גרמים,180.00,100 גרם,false,,12.90,7.1667,true,1,130446
7290008863001,false,עוגת גינגי בציפוי פירורים 450 גרם,קונדיטוריה וולפסון,,עוגת רזיק,גרמים,700.00,100 גרם,false,,38.90,5.5571,true,1,141020
7290008863049,false,עוגת אריסטוקרט 800 גרם,קונדיטוריה וולפסון,,עוגת בריזה,גרמים,300.00,100 גרם,false,,74.90,24.9667,true,1,141021
7290008863063,false,עוגיות עם ריבת חלב(א,קונדיטוריה וולפסון,,עוגיות עם ריבת חלב,גרמים,350.00,100 גרם,false,,44.90,12.8286,true,1,141022
7290008863070,false,אקלר ממולא קרם חמאה,קונדיטוריה וולפסון,,פחזניות,Unknown,0.00,יחידה,false,,29.90,0.0000,true,1,141023
7290008863117,false,עוגת אריסטוקרט 380 גרם,קונדיטוריה וולפסון,,עוגת מלבן,גרמים,700.00,100 גרם,false,,35.00,5.0000,true,1,141025
7290008899451,false,בגט פיסל/מקלות ירושל,,,בגט פיסל/מקלות ירושל,Unknown,0.00,יחידה,false,,4.50,0.0000,true,1,116384
7290008899505,false,בגט לבן פילסברי 250,ג`נרל מילס ישראל בעמ,,בגט לבן,Unknown,1.00,יחידה,false,,5.00,5.0000,true,1,116385
7290008909853,false,"קוקה קולה זירו בקבוק 500 מ""ל.",החברה המרכזית להפצת משקאות בעמ,,קוקה קולה זירו 500 מ,מיליליטרים,500.00,"100 מ""ל",false,,7.00,1.4000,true,1,137392
7290008909860,false,קוקה קולה זירו בקבוק 1.5ל,החברה המרכזית לייצור משקאות,,קוקה קולה זירו בקבוק,קילוגרמים,1.50,ליטר,false,,8.90,5.9333,true,1,137393
7290008909884,false,"קוקה קולה זירו 350 מ""ל בקבוק זכוכית",החברה המרכזית להפצת משקאות בעמ,,קוקה קולה זירו 350 מ,מיליליטרים,350.00,"100 מ""ל",false,,6.00,1.7143,true,1,186528
7290008940221,false,צידר אנגלי כתום 200 גרם,,,צ'ידר אנגלי לבן 200,גרמים,200.00,100 גרם,false,,21.90,10.9500,true,1,197066
7290008961127,false,טושיונקה בקר רוסית 400 גרם,גוד פוד ג'.א'.ג'י. ב,,טושונקה רוסי 400 גרם,גרמים,400.00,100 גרם,false,,21.90,5.4750,true,1,145910
7290008969208,false,שוקחה אננס חתוך 800,,,שוקחה אננס חתוך 800,גרמים,800.00,100 גרם,false,,9.90,1.2375,true,1,142862
7290008969840,false,אננס פרוסות בסירופ ש,,,אננס פרוסות בסירופ ש,גרמים,800.00,100 גרם,false,,9.90,1.2375,true,1,177038
7290008975780,false,"מזון לכלבים בונזו מזון כלבים גזע קטן 3 ק""ג",דיפלומט מפיצים (1968) בעמ**,,"בונזו גזע קטן 3 ק""ג",פריט,3.00,"ק""ג",false,,54.90,18.3000,true,1,140715
7290008989091,false,שלישיית פירכוני אורז בטר אנד דיפרנט 310 גרם,"בטר אנד דיפרנט בע""מ",,פריכיות אורז 310 גרם,גרמים,310.00,100 גרם,false,,11.90,3.8387,true,1,156590
7290008989473,false,ממרח חרובים בטעם שוקולד בטר אנד דיפרנט 350 גרם,"בטר אנד דיפרנט בע""מ",,ממרח חרובים בטעם שוק,גרמים,350.00,100 גרם,false,,13.90,3.9714,true,1,156549
7290009287981,false,דג אמנון טרי שלם,,,דג אמנון טרי שלם,קילוגרמים,1.00,"ק""ג",true,,27.90,27.9000,true,1,199311
7290009288001,false,דג אמנון טרי שלם,,,דג אמנון טרי שלם,קילוגרמים,1.00,"ק""ג",true,,27.90,27.9000,true,1,199312
7290009288025,false,דג אמנון טרי שלם,,,דג אמנון טרי שלם,קילוגרמים,1.00,"ק""ג",true,,27.90,27.9000,true,1,199313
7290009288070,false,דג בורי טרי שלם,,,דג בורי טרי שלם,קילוגרמים,1.00,"ק""ג",true,,44.90,44.9000,true,1,199318
7290009288087,false,דג בורי טרי שלם,,,דג בורי טרי שלם,קילוגרמים,1.00,"ק""ג",true,,44.90,44.9000,true,1,199319
7290009288094,false,דג בורי טרי שלם,,,דג בורי טרי שלם,קילוגרמים,1.00,"ק""ג",true,,44.90,44.9000,true,1,199320
7290009288100,false,דג בורי טרי שלם,,,דג בורי טרי שלם,קילוגרמים,1.00,"ק""ג",true,,44.90,44.9000,true,1,199321
7290009288117,false,דג קרפיון טרי שלם,,,דג קרפיון טרי שלם,קילוגרמים,1.00,"ק""ג",true,,27.90,27.9000,true,1,199357
7290009288155,false,דג בס טרי שלם,,,דג בס טרי שלם,קילוגרמים,1.00,"ק""ג",true,,49.90,49.9000,true,1,199322
7290009288162,false,דג בס טרי שלם,,,דג בס טרי שלם,קילוגרמים,1.00,"ק""ג",true,,49.90,49.9000,true,1,199323
7290010002023,false,כורכום הודי טחון תבליני מימון 100 גרם,א.ל. ייצור ושיווק תבלינים בע`מ,,מימון כורכום הודי טח,גרמים,100.00,100 גרם,false,,10.90,10.9000,true,1,114392
7290010002030,false,תבלין כמון טחון תבליני מימון 100 גרם,א.ל. ייצור ושיווק תבלינים בע`מ,,מימון כמון במיכל 100,Unknown,0.00,יחידה,false,,10.90,0.0000,true,1,114393
7290010002078,false,פלפל שחור טחון תבליני מימון (100 גרם),א.ל. ייצור ושיווק תבלינים בע`מ,,מימון פלפל שחור טחון,Unknown,0.00,יחידה,false,,13.90,0.0000,true,1,114395
7290010002108,false,תבלין פלפל שחור גרוס גס תבליני מימון 90,א.ל. ייצור ושיווק תבלינים בע`מ,,מימון פלפל שחור גרוס,Unknown,0.00,יחידה,false,,13.90,0.0000,true,1,114397
7290010002122,false,פפריקה הונגרית מתוקה תבליני מימון 100 גרם,א.ל. ייצור ושיווק תבלינים בע`מ,,מימון פפריקה הונגרית,גרמים,100.00,100 גרם,false,,10.90,10.9000,true,1,114398
7290010002139,false,פפריקה הונגרית חריפה תבליני מימון 100 גרם,א.ל. ייצור ושיווק תבלינים בע`מ,,מימון פפריקה הונגרית,גרמים,100.00,100 גרם,false,,10.90,10.9000,true,1,114399
7290010002146,false,פפריקה מרוקאית מתוקה תבליני מימון 100 גרם,א.ל. ייצור ושיווק תבלינים בע`מ,,מימון פפריקה מרוקאית,גרמים,100.00,100 גרם,false,,10.90,10.9000,true,1,114400
7290010002191,false,תבלין מקלות קינמון תבליני מימון 50 גרם,א.ל. ייצור ושיווק תבלינים בע`מ,,מימון מקלות קינמון 5,Unknown,0.00,יחידה,false,,10.90,0.0000,true,1,114402
7290010002207,false,תבלין קינמון טחון תבליני מימון 100 גרם,א.ל. ייצור ושיווק תבלינים בע`מ,,מימון קינמון טחון במ,Unknown,0.00,יחידה,false,,8.90,0.0000,true,1,114403
7290010002214,false,תבלין צ'ילי גרוס תבליני מימון 80 גרם,א.ל. ייצור ושיווק תבלינים בע`מ,,מימון צילי גרוס 70 ג,Unknown,0.00,יחידה,false,,10.90,0.0000,true,1,114404
7290010002238,false,פרימיום תערובת צ'ילי ודבש לתיבול בשר ועוף 160 גרם,א.ל.ייצור ושיווק תבלינים בעמ,,פרימיום תערובת צ'ילי,גרמים,160.00,100 גרם,false,,16.90,10.5625,true,1,183889
7290010002283,false,תיבול על האש תבליני מימון 100 גרם,א.ל. ייצור ושיווק תבלינים בע`מ,,מימון תבלין על האש ב,גרמים,100.00,100 גרם,false,,10.90,10.9000,true,1,114405
7290010002290,false,תיבול לשווארמה תבליני מימון 100 גרם,א.ל. ייצור ושיווק תבלינים בע`מ,,מימון תערובת לשווארמ,גרמים,100.00,100 גרם,false,,10.90,10.9000,true,1,114406
7290010002306,false,תיבול לקציצות תבליני מימון 100 גרם,א.ל.ייצור ושיווק תבלינים בעמ,,מימון תיבול לקציצות,Unknown,0.00,יחידה,false,,10.90,0.0000,true,1,114407
7290010002313,false,תבלין ראס אל חנות תבליני מימון 100 גרם,א.ל. ייצור ושיווק תבלינים בע`מ,,מימון ראס אל חנות 10,גרמים,100.00,100 גרם,false,,10.90,10.9000,true,1,114408
7290010002320,false,תבלין לגריל עוף תבליני מימון (100 גרם),א.ל. ייצור ושיווק תבלינים בע`מ,,מימון תיבול לגריל עו,Unknown,0.00,יחידה,false,,10.90,0.0000,true,1,114409
7290010002337,false,תיבול לסטייק תבליני מימון 100 גרם,א.ל. ייצור ושיווק תבלינים בע`מ,,מימון תיבול לסטייק 1,Unknown,0.00,יחידה,false,,10.90,0.0000,true,1,114410
7290010002344,false,תבלין לדג תבליני מימון 100 גרם.,א.ל. ייצור ושיווק תבלינים בע`מ,,מימון תיבול לדג 100,Unknown,0.00,יחידה,false,,10.90,0.0000,true,1,114411
7290010002351,false,זעתר ושומשום בלדי תבליני מימון (100 גרם),א.ל. ייצור ושיווק תבלינים בע`מ,,מימון זעתר ושומשום,Unknown,0.00,יחידה,false,,10.90,0.0000,true,1,114412
7290010002375,false,תבלין מדראס קארי תבליני מימון (100 גרם),א.ל. ייצור ושיווק תבלינים בע`מ,,מימון קארי 100 גרם,Unknown,0.00,יחידה,false,,10.90,0.0000,true,1,114414
7290010002382,false,תבלין אורגנו תבליני מימון 40 גרם,א.ל. ייצור ושיווק תבלינים בע`מ,,מימון אורגנו במיכל 4,Unknown,0.00,יחידה,false,,8.90,0.0000,true,1,114415
7290010002399,false,תבלין בזיליקום תבליני מימון 40 גרם,א.ל. ייצור ושיווק תבלינים בע`מ,,מימון בזיליקום 40 גר,Unknown,0.00,יחידה,false,,8.90,0.0000,true,1,114416
7290010002405,false,תבלין טימין הררי תבליני מימון 40 גרם,א.ל. ייצור ושיווק תבלינים בע`מ,,מימון טימין הררי במי,Unknown,0.00,יחידה,false,,8.90,0.0000,true,1,114417
7290010002436,false,תבלין פטרוזיליה תבליני מימון 25 גרם,א.ל. ייצור ושיווק תבלינים בע`מ,,מימון פטרוזיליה במיכ,Unknown,0.00,יחידה,false,,8.90,0.0000,true,1,114419
7290010002443,false,תבלין רוזמרין תבליני מימון 40 גרם,א.ל. ייצור ושיווק תבלינים בע`מ,,מימון רוזמרין במיכל,Unknown,0.00,יחידה,false,,8.90,0.0000,true,1,114420
7290010002481,false,תבלין שום טחון תבליני מימון 100 גרם,א.ל. ייצור ושיווק תבלינים בע`מ,,מימון שום טחון במיכל,Unknown,0.00,יחידה,false,,13.90,0.0000,true,1,114422
7290010002498,false,תבלין שום גבישי תבליני מימון 120 גרם,א.ל. ייצור ושיווק תבלינים בע`מ,,מימון שום גבישי 120,גרמים,120.00,100 גרם,false,,13.90,11.5833,true,1,114423
7290010002658,false,פלפל יבש מתוק תבליני מימון 150 גרם,א.ל. ייצור ושיווק תבלינים בע`מ,,מימון פלפל יבש מתוק,גרמים,150.00,100 גרם,false,,14.90,9.9333,true,1,114424
7290010002726,false,תבלין לפרגיות תבליני מימון 100 גרם.,א.ל. ייצור ושיווק תבלינים בע`מ,,מימון תיבול לפרגיות,Unknown,0.00,יחידה,false,,10.90,0.0000,true,1,114425
7290010002986,false,פפריקה חריפה אש 100ג פרימיום,א.ל.ייצור ושיווק תבלינים בעמ,,פרימיום חריפה אש 100,Unknown,0.00,יחידה,false,,16.90,0.0000,true,1,183888
7290010003051,false,פפריקה הונגרית מתוקה תבליני מימון 400 גרם,א.ל. ייצור ושיווק תבלינים בע`מ,,מימון פפריקה הונגרית,גרמים,400.00,100 גרם,false,,23.70,5.9250,true,1,114426
7290010003693,false,פפריקה מתוקה בשקית תבליני מימון 80 גרם,א.ל. ייצור ושיווק תבלינים בע`מ,,מימון פפריקה מתוקה ש,Unknown,0.00,יחידה,false,,5.90,0.0000,true,1,114430
7290010003709,false,פלפל שחור טחון בשקית תבליני מימון 50 גרם,א.ל. ייצור ושיווק תבלינים בע`מ,,מימון פלפל שחור טחון,Unknown,0.00,יחידה,false,,7.90,0.0000,true,1,114431
7290010003754,false,כמון טחון בשקית תבליני תבליני מימון 50 גרם,א.ל. ייצור ושיווק תבלינים בע`מ,,מימון כמון טחון שקית,Unknown,0.00,יחידה,false,,5.90,0.0000,true,1,114432
7290010003761,false,כורכום טחון בשקית תבליני מימון 80 גרם,א.ל. ייצור ושיווק תבלינים בע`מ,,מימון כורכום טחון שק,Unknown,0.00,יחידה,false,,5.90,0.0000,true,1,114433
7290010003778,false,תיבול לגריל עוף בשקית תבליני מימון 80 גרם,א.ל. ייצור ושיווק תבלינים בע`מ,,מימון תיבול לגריל עו,Unknown,0.00,יחידה,false,,5.90,0.0000,true,1,114434
7290010003808,false,זעתר ושומשום בשקית תבליני מימון (80 גרם),א.ל. ייצור ושיווק תבלינים בע`מ,,מימון זעתר ושומשום ש,Unknown,0.00,יחידה,false,,5.90,0.0000,true,1,114436
7290010003815,false,פלפל שטה יבש תבליני מימון 150 גרם שקית,א.ל. ייצור ושיווק תבלינים בע`מ,,מימון פלפל שטה יבש 1,גרמים,150.00,100 גרם,false,,14.90,9.9333,true,1,114437
7290010003839,false,קינמון טחון בשקית תבליני מימון 80 גרם,א.ל. ייצור ושיווק תבלינים בע`מ,,מימון קינמון טחון שק,Unknown,0.00,יחידה,false,,5.90,0.0000,true,1,114439
7290010003990,false,פטרוזיליה בשקית תבליני מימון 20 גרם,א.ל. ייצור ושיווק תבלינים בע`מ,,מימון פטרוזיליה שקית,Unknown,0.00,יחידה,false,,5.90,0.0000,true,1,114441
7290010004348,false,פפריקה מתוקה תבליני מימון 250 גרם,א.ל.יצור ושיווקתבלינים בעמ,,פפריקה מתוקה 250 גרם,גרמים,250.00,100 גרם,false,,20.90,8.3600,true,1,114442
7290010010516,false,"רכז רימונים 330 מ""ל",,,"רכז רימונים 330 מ""ל",מיליליטרים,330.00,"100 מ""ל",false,,14.00,4.2424,true,1,114774
7290010010660,false,רכז רימונים 1 ליטר,,,רכז רימונים 1 ליטר,קילוגרמים,1.00,ליטר,false,,37.00,37.0000,true,1,114775
7290010016204,false,עוגת פס אמרטו 450גר לייבוביץ,שדמה חג`ג`,,לייבוביץ עוגת גבינה,Unknown,0.00,יחידה,false,,39.90,0.0000,true,1,197344
7290010016440,false,עוגה עגולה קטנה לייב,,,עוגה עגולה קטנה לייב,Unknown,0.00,יחידה,false,,49.90,0.0000,true,1,178835
7290010016471,false,עוגת פס גבינה/אוכמניות 450גר לייבוביץ,שדמה חג`ג`,,עוגת פס חגיגי-לייבוב,Unknown,0.00,יחידה,false,,39.90,0.0000,true,1,161482
7290010023141,false,תה לימונענע הגן הקסום ויסוצקי 25 יחידות,תה ויסוצקי (ישראל) בעמ,,תה לימונענע 25 יח',Unknown,25.00,יחידה,false,,17.90,0.7160,true,1,129583
7290010023622,false,תה קלאסי עם נגיעות נענע ויסוצקי 100 יחידות,תה ויסוצקי (ישראל) בעמ,,תה קלאסיק עם נגיעות,גרמים,100.00,100 גרם,false,,17.90,17.9000,true,1,129585
7290010050109,false,רוזמרין/עירית,,,עירית,Unknown,0.00,יחידה,false,,4.90,0.0000,true,1,138655
7290010051021,false,בזיליקום ארוז א.אדמה,א.אדמה (2007) בעמ,,בזיליקום 40 גרם,גרמים,40.00,100 גרם,false,,5.90,14.7500,true,1,138656
7290010051045,false,עלי בייבי ארוז א.אדמה,א.אדמה (2007) בעמ,,עלי בייבי,Unknown,0.00,יחידה,false,,8.90,0.0000,true,1,138658
7290010051076,false,לבבות חסה ארוז א.אדמה,א.אדמה (2007) בעמ,,לבבות קיסר,Unknown,0.00,יחידה,false,,9.90,0.0000,true,1,138659
7290010051113,false,טימין - קורנית יח',א.אדמה (2007) בעמ,,קורנית 30 גרם,גרמים,30.00,100 גרם,false,,4.90,16.3333,true,1,138660
7290010051120,false,מרווה ארוז א.אדמה,א.אדמה (2007) בעמ,,מרווה,Unknown,0.00,יחידה,false,,4.90,0.0000,true,1,138661
7290010051144,false,תרד עלים א.אדמה,ביכורי השדה צפון 1994 ג.ד. בעמ,,תרד עלים א.אדמה,Unknown,0.00,יחידה,false,,9.90,0.0000,true,1,138662
7290010051199,false,שורש פטרוזיליה ארוז א.אדמה,א.אדמה (2007) בעמ,,שורש פטרוזליה,Unknown,0.00,יחידה,false,,4.90,0.0000,true,1,158616
7290010051205,false,סלרי עלים ארוז א.אדמה,א.אדמה (2007) בעמ,,סלרי עלים,Unknown,0.00,יחידה,false,,4.90,0.0000,true,1,158617
7290010051212,false,ראש סלרי א.אדמה,א.אדמה (2007) בעמ,,סלרי ראש,Unknown,0.00,יחידה,false,,4.90,0.0000,true,1,158618
7290010051243,false,תרד ניוזילנדי א. אדמה,א.אדמה (2007) בעמ,,תרד ניו זילנדי ארוז,Unknown,0.00,יחידה,false,,11.90,0.0000,true,1,161433
7290010051250,false,אורגנו יח',א.אדמה (2007) בעמ,,אורגנו,Unknown,0.00,יחידה,false,,4.90,0.0000,true,1,138667
7290010051267,false,לוף בשקית א.אדמה,א.אדמה (2007) בעמ,,לוף ארוז -כרישה,Unknown,0.00,יחידה,false,,6.90,0.0000,true,1,138668
7290010051281,false,רוקולה ארוז א.אדמה,ביכורי השדה צפון 1994 ג.ד. בעמ,,עלה רוקולה,Unknown,0.00,יחידה,false,,7.90,0.0000,true,1,138669
7290010051298,false,סלק עלים ארוז מנגולד א.אד,א.אדמה (2007) בעמ,,סלק עלים ארוז,Unknown,0.00,יחידה,false,,4.90,0.0000,true,1,138670
7290010051311,false,סלרי חתוך א.אדמה,ביכורי השדה צפון 1994 ג.ד. בעמ,,סלרי קצוץ,Unknown,0.00,יחידה,false,,4.90,0.0000,true,1,187984
7290010051328,false,חסה באק צ`וי א. אדמה,א.אדמה (2007) בעמ,,באק צ'יו ארוז,Unknown,0.00,יחידה,false,,11.90,0.0000,true,1,161434
7290010051335,false,בצל ירוק ארוז א.אדמה,א.אדמה (2007) בעמ,,בצל ירוק ארוז,Unknown,0.00,יחידה,false,,4.90,0.0000,true,1,161435
7290010051373,false,לבבות חסה בשקית א.אדמה,ביכורי השדה צפון 1994 ג.ד. בעמ,,לבבות חסה,Unknown,0.00,יחידה,false,,9.90,0.0000,true,1,138671
7290010051403,false,סלרי אמריקאי ביכורי שדה ארוז,א.אדמה (2007) בעמ,,שיבה,Unknown,0.00,יחידה,false,,5.90,0.0000,true,1,138672
7290010051434,false,חסה סלנובה ארוז א.אדמה,ביכורי שדה דרום,,חסה סלנובה ארוז,Unknown,0.00,יחידה,false,,12.90,0.0000,true,1,176579
7290010051489,false,חמציץ א.אדמה,,,חמציץ,Unknown,0.00,יחידה,false,,11.90,0.0000,true,1,190182
7290010051687,false,רוזמרין ארוז א.אדמה,א.אדמה (2007) בעמ,,רוזמרין 30 גרם,גרמים,30.00,100 גרם,false,,5.90,19.6667,true,1,138675
7290010065059,false,מחית פירות מעורבים ג'וניור פרינוק 190 גרם,פרוטה פודווין איי.אס,,גוניור פירות מעורבים,גרמים,190.00,100 גרם,false,,5.90,3.1053,true,1,116000
7290010065073,false,מחית תפוח עץ אגס בננה 190 גרם,פרינוק,,גוניור תפע אגס בננה,Unknown,0.00,יחידה,false,,5.90,0.0000,true,1,197201
7290010065318,false,מחית תפוח עץ ג'וניור פרינוק 190 גרם,גורי מוצרי צריכה 1991 בע`מ,,מחית פרינוק גוניור ת,גרמים,190.00,100 גרם,false,,5.90,3.1053,true,1,116011
7290010065332,false,מחית תפוח עץ בננה ג'וניור פרינוק 190 גרם,גורי מוצרי צריכה (1991) בעמ,,"פרינוק גוניור תפ""ע ב",גרמים,760.00,100 גרם,false,,5.90,0.7763,true,1,116013
7290010065349,false,מחית סלט פירות ג'וניור פרינוק 190 גרם,גורי מוצרי צריכה (1991) בעמ,,מחית פרינוק גוניור ס,גרמים,190.00,100 גרם,false,,5.90,3.1053,true,1,116014
7290010066001,false,נתחי טונה עם שמן צמחי פילטונה 960 גרם,תעשיות פיל טונה בעמ,,פילטונה טונה בשמן צמ,גרמים,960.00,100 גרם,false,,35.90,3.7396,true,1,141571
7290010066513,false,נתחי טונה בשמן צמחי רביעיה *158ג' פילטונה,תעשיות פילטונה בעמ,,פיל טונה נתחי טונה ב,Unknown,4.00,יחידה,false,,22.90,5.7250,true,1,141576
7290010066575,false,נתחי טונה במים רביעיה *158ג' פילטונה,תעשיות פילטונה בעמ,,פיל טונה נתחי טונה ב,גרמים,640.00,100 גרם,false,,22.90,3.5781,true,1,141578
7290010066582,false,נתחי טונה בשמן קנולה רביעיה * 158 ג' פילטונה,תעשיות פילטונה בעמ,,פילטונה נתחי טונה בש,גרמים,640.00,100 גרם,false,,22.90,3.5781,true,1,141579
7290010066599,false,רביעיית נתחי טונה בשמן זית פילטונה 158X4 גרם,תעשיות פילטונה בעמ,,פיל טונה נתחי טונה ב,גרמים,640.00,100 גרם,false,,29.90,4.6719,true,1,141580
7290010066940,false,נתחי טונה במי מלח960ג,תעשיות פילטונה,,נתחי טונה בהירה במי,גרמים,960.00,100 גרם,false,,35.90,3.7396,true,1,141584
7290010116980,false,שוקולית אבקה להכנת משקה שוקו שקית 850,הנסיך- מפעל לייצור ט,,שוקולית 850 גרם,גרמים,850.00,100 גרם,false,,16.90,1.9882,true,1,132214
7290010117864,false,דוריטוס חטיף תירס בטעם חריף אש עלית 70 גרם,"שטראוס פריטו ליי בע""\מ )",,דוריטוס חריף אש 70 ג,Unknown,0.00,יחידה,false,,3.20,0.0000,true,1,132929
7290010117970,false,סבבה בוטנים קלויים מצופים - אריזה אישית,שטראוס פריטו ליי בע`מ,,סבבה בוטנים אמריקאיי,Unknown,0.00,יחידה,false,,2.90,0.0000,true,1,132930
7290010118328,false,חטיף צ`יפס בטעם טבעי תפוצ`יפס (40x6 גרם),"שטראוס פריטו ליי בע""מ",,תפוצ'יפס טבעי 6*40 ג,גרמים,240.00,100 גרם,false,,11.90,4.9583,true,1,132933
7290010153527,false,ג'ריש מיה 500 גרם,מיה תעשיות מזון מ.ת.מ. בעמ,,מיה גריש 500 גרם,גרמים,500.00,100 גרם,false,,8.00,1.6000,true,1,134971
7290010154005,false,סחוג תימני תבליני ביטון יוחאי (250 גרם),תבליני יוחאי ביטון,,סחוג תימני ירוק 250,גרמים,250.00,100 גרם,false,,13.90,5.5600,true,1,123066
7290010154012,false,לימון בלאדי תבליני ביטון יוחאי (250 גרם),תבליני יוחאי ביטון,,לימון כבוש 250 ביטון,גרמים,250.00,100 גרם,false,,13.90,5.5600,true,1,123067
7290010154029,false,אריסה מתוקה תבליני ביטון יוחאי (250 גרם),תבליני יוחאי ביטון,,250 אריסה מתוקה ביטו,גרמים,250.00,100 גרם,false,,13.90,5.5600,true,1,123068
7290010154036,false,עמבה תבליני ביטון יוחאי (250 גרם),תבליני יוחאי ביטון,,עמבה ביטון 250 ג,גרמים,250.00,100 גרם,false,,13.90,5.5600,true,1,123069
7290010154241,false,סלט חזרת ביתית תבליני ביטון יוחאי (250 ג,תבליני יוחאי ביטון,,סלט חזרת 250 גרם,גרמים,250.00,100 גרם,false,,13.90,5.5600,true,1,123070
7290010154265,false,פלפל צ`ומה תבליני ביטון יוחאי (250 גרם),תבליני יוחאי ביטון,,פלפל צומה ביטון 250,גרמים,250.00,100 גרם,false,,13.90,5.5600,true,1,123071
7290010154418,false,סחוג אדום תבליני ביטון 130 גרם,תבליני יוחאי ביטון,,יוחאי ביטון סחוג אדו,גרמים,150.00,100 גרם,false,,8.90,5.9333,true,1,123072
7290010154425,false,סחוג ירוק תבליני ביטון 130 גרם,תבליני יוחאי ביטון,,יוחאי ביטון סחוג ירו,גרמים,150.00,100 גרם,false,,8.90,5.9333,true,1,123073
7290010154432,false,ממרח שום 110גר,,,ממרח שום 110גר,Unknown,0.00,יחידה,false,,16.00,0.0000,true,1,123074
7290010154449,false,ממרח לימון כבוש 120ג,,,ממרח לימון כבוש 120ג,Unknown,0.00,יחידה,false,,16.00,0.0000,true,1,123075
7290010154548,false,ממרח שום טבעי יוחאי ביטון 235 גרם,תבליני יוחאי ביטון,,ממרח שום טבעי 235 ג,Unknown,0.00,יחידה,false,,13.90,0.0000,true,1,123076
7290010154555,false,ממרח לימון כבוש יוחאי ביטון 250 גרם,תבליני יוחאי ביטון,,ממרח לימון כבוש 250,גרמים,250.00,100 גרם,false,,13.90,5.5600,true,1,123077
7290010154685,false,סלט שום כתוש 250 ג' ביטון יוחאי,תבליני יוחאי ביטון,,סלט שום כתוש 250 גרם,גרמים,250.00,100 גרם,false,,13.90,5.5600,true,1,123079
7290010195268,false,פופקורן פופסטאר חמישייה מופחת שומן טבעי,דנשר (1963) בעמ,,פופסטאר מופחת שומן ב,Unknown,5.00,יחידה,false,,17.00,3.4000,true,1,138108
7290010234769,false,"דאודורנט איזבלה ורוד 200 מ""ל פנינה רוזנבלום",פנינה רוזנבלום PR,,דאודורנט איזבלה ורוד,Unknown,150.00,יחידה,false,,15.90,0.1060,true,1,135171
7290010259311,false,מי קוקוס 400 גרם]וויליפו,ג.וילי-פוד אינטרנשיונל בעמ,,וילי פוד מי קוקוס בד,גרמים,400.00,100 גרם,false,,7.90,1.9750,true,1,172555
7290010259359,false,וילי פוד נודלס אטר.ביצים להקפצה בדץ 200ג,ג.וילי-פוד אינטרנשיונל בעמ,,וילי פוד נודלס אטר.ב,גרמים,200.00,100 גרם,false,,4.90,2.4500,true,1,115561
7290010259366,false,וילי פוד נודלס אטר.ביצים מסולסל בדץ 200ג,ג. וילי-פוד אינטרנשיונל בע`מ,,וילי פוד נודלס אטר.ב,גרמים,200.00,100 גרם,false,,4.90,2.4500,true,1,115562
7290010259830,false,מנת השף נודלס בסגנון סיני פיקנטי וילי פוד 70 גרם,ג. וילי-פוד אינטרנשיונל בע`מ,,מנת השף נודלס סיני פ,Unknown,0.00,יחידה,false,,5.90,0.0000,true,1,115565
7290010259953,false,עוגיות ביצים בישקוטים ויליפוד 200 ג',ג.וילי פוד אינטרנשיונל בעמ,,וילי פוד עוגיות בישק,גרמים,400.00,100 גרם,false,,12.90,3.2250,true,1,181520
7290010300549,false,מיץ לימון משומר 1 לי,הילל תעשיות,,מיץ לימון משומר 1 לי,קילוגרמים,1.00,ליטר,false,,5.90,5.9000,true,1,121949
7290010300594,false,אבקת גלטין טהור 28 גר,נאמן לאורך זמן בעמ,,גלטין טהור 28ג נאמן,Unknown,0.00,יחידה,false,,10.90,0.0000,true,1,121950
7290010328239,false,טחינה מתובלת משומשום טבעי אחוה (500 גרם),אחדות ביתחרושת לטחינה חלבה,,טחינה אחוה מתובלת 50,גרמים,500.00,100 גרם,false,,11.90,2.3800,true,1,137633
7290010328246,false,טחינה גולמית שומשום מלא אחווה 500 ג',אחדות ביתחרושת לטחינה חלבה,,אחוה טחינה משומשום מ,גרמים,500.00,100 גרם,false,,10.90,2.1800,true,1,137634
7290010328253,false,טחינה גולמית משומשום טבעי אחווה 500 גרם,אחדות ביתחרושת לטחינה חלבה,,טחינה משומשטם טבעי 5,גרמים,500.00,100 גרם,false,,10.90,2.1800,true,1,137635
7290010328468,false,מארז מיני חלווה אחוה בטעמים 18 יחידות 216 גרם,שוורצקוף& הנקל דיסלד,,אחוה חטיפי מיני חלוה,Unknown,18.00,יחידה,false,,10.90,0.6056,true,1,137638
7290010328505,false,"מארז מיני חלווה 15 יחידות לל""ס אחוה 150 גרם",אחדות ביחר לטחינה חל,,אחוה חטיפי מיני חלוה,גרמים,150.00,100 גרם,false,,10.90,7.2667,true,1,137640
7290010328680,false,עוגה בטעם שוקולד עם שוקוצ'יפס מריר ולבן 450 גרם,אחדות ביחר לטחינה חל,,עוגה בטעם שוקלד שוקו,גרמים,450.00,100 גרם,false,,10.90,2.4222,true,1,137645
7290010328895,false,מאפין בטעם שוקולד45 גרם אחוה,אחדות ביחר לטחינה חל,,אחווה מאפין בטעם שוק,Unknown,0.00,יחידה,false,,1.90,0.0000,true,1,137655
7290010328901,false,מאפין בטעם וניל אחוה 45 גרם,אחדות ביחר לטחינה חל,,אחווה מאפין בטעם וני,Unknown,0.00,יחידה,false,,1.90,0.0000,true,1,176550
7290010329854,false,מיני קוקיס עוגיות בטעם חמאה ללא סוכר כרמית 600 גרם,כרמית תעשיות ממתקים בעמ,,מיני קוקיס בטעם חמאה,גרמים,700.00,100 גרם,false,,23.90,3.4143,true,1,147207
7290010351466,false,happy family נייר טו,,,happy family נייר טו,Unknown,0.00,יחידה,false,,22.90,0.0000,true,1,158857
7290010372829,false,אקונימיקה ריחנית גול,,,אקונומיקה ריחנית גול,קילוגרמים,4.00,ליטר,false,,9.90,2.4750,true,1,156103
7290010372881,false,גולדן מנקה אסלות נוז,,,גולדן מנקה אסלות נוז,Unknown,0.00,יחידה,false,,6.90,0.0000,true,1,168303
7290010372942,false,שמפו כללי 4 ליטר,,,שמפו כללי 4 ליטר,קילוגרמים,4.00,ליטר,false,,17.90,4.4750,true,1,156105
7290010382811,false,"לחות קלילה לשיער מתולתל נטורל פורמולה, 400 מ""ל",החברה הדרומית לשיווק בעמ,,קרם לחות קלילה תלתלי,מיליליטרים,400.00,"100 מ""ל",false,,22.90,5.7250,true,1,110967
7290010426010,false,גבינה ערבית 800 ג' אלרוחה,,,גבינה 800 גרם קופסא,Unknown,0.00,יחידה,false,,42.90,0.0000,true,1,186184
7290010426027,false,גבינה ערבית מקורית 800 ג' אלרוחה,,,גבינה 800 גרם שקית,Unknown,0.00,יחידה,false,,42.90,0.0000,true,1,186185
7290010426034,false,גבינה מתוקה 400 ג' אלרוחה,,,גבינה 400 גרם מעודנת,Unknown,0.00,יחידה,false,,24.90,0.0000,true,1,186186
7290010426041,false,יוגורט 1 ל' אלרוחה,,,יוגורט 1 ליטר,Unknown,0.00,יחידה,false,,12.90,0.0000,true,1,186187
7290010426058,false,יוגורט 1.5ל' אלרוחה,,,יוגורט 1.5 ליטר,Unknown,0.00,יחידה,false,,15.90,0.0000,true,1,186188
7290010426065,false,יוגורט 3 ל' אלרוחה,,,יוגורט 3 ליטר,Unknown,0.00,יחידה,false,,26.90,0.0000,true,1,186189
7290010426072,false,גבינה מלוחה 400 ג' אלרוחה,,,גבינה 400 גרם מלוחה,גרמים,400.00,100 גרם,false,,24.90,6.2250,true,1,186190
7290010426102,false,לבנה 500 ג' אלרוחה,,,לבנה 500 גרם,Unknown,0.00,יחידה,false,,13.90,0.0000,true,1,186191
7290010426133,false,יוגורט כבשים 150 ג' אלרוחה,,,יוגורט ביו 150 גרם,Unknown,0.00,יחידה,false,,4.90,0.0000,true,1,186193
7290010426171,false,לבנה 800 ג' אלרוחה,,,לבנה 800 גרם,Unknown,0.00,יחידה,false,,24.90,0.0000,true,1,186195
7290010426218,false,יוגורט כבשים אלרוחה 1 ל',,,יוגורט כבשים 1 ליטר,Unknown,0.00,יחידה,false,,16.90,0.0000,true,1,186196
7290010426225,false,יוגורט כבשים 1.5 ל' אלרוחה,,,יוגורט כבשים 1.5 ליט,Unknown,0.00,יחידה,false,,22.90,0.0000,true,1,186197
7290010426256,false,משקה יוגורט עם תות 250 ג' אלרוחה,,,משקה יוגורט עם תות 2,Unknown,0.00,יחידה,false,,5.90,0.0000,true,1,186198
7290010426263,false,משקה אייראן 250 ג' אלרוחה,,,"משקה איירן 250 מל""ל",Unknown,0.00,יחידה,false,,4.90,0.0000,true,1,186199
7290010426270,false,משקה יוגורט עם פירות יער אלרוחה 250 ג',,,משקה יוגורט עם פירות,Unknown,0.00,יחידה,false,,5.90,0.0000,true,1,186200
7290010426287,false,משקה יוגורט עם אפרסק 250 ג' אלרוחה,,,משקה יוגורט עם אפרסק,Unknown,0.00,יחידה,false,,5.90,0.0000,true,1,186201
7290010471669,false,יוגורט תות עם קורנפלקס מצופה שוקולד ללא גלוטן 3.9%,שטראוס גרופ בעמ/מצונן,,דנונה בר תות קורנפלק,מיליליטרים,175.00,"100 מ""ל",false,,4.50,2.5714,true,1,139895
7290010472307,false,"שמיניית משקה גמדים תות בננה דיסני 108 מ""ל",שטראוס גרופ בעמ/מצונן,,גמדים לשתיה תות בננה,Unknown,800.00,יחידה,false,,20.00,0.0250,true,1,139897
7290010472390,false,מארז 8 יחידות מעדן דני בטעם שוקולד 1.5%,שטראוס גרופ בעמ/מצונן,,מארז דני שוקו 8* 12,קילוגרמים,1.00,ליטר,false,,15.90,15.9000,true,1,139898
7290010483389,false,מסחטת גזר ופירות קשי,,,מסחטת גזר ופירות קשי,Unknown,0.00,יחידה,false,,299.90,0.0000,true,1,184503
7290010513727,false,פנקו פרורי לחם 200 גרם (קינגדאו),מזרח ומערב יבוא ושיווק,,מזרח ומערב יבוא קינג,גרמים,200.00,100 גרם,false,,7.90,3.9500,true,1,133256
7290010546053,false,מנדל גרנולה בריאות קלויה ללא סוכר 400 גר,גורי מוצרי צריכה (1991) בעמ,,גרנולה מנדל ללא סוכר,גרמים,400.00,100 גרם,false,,19.90,4.9750,true,1,116027
7290010546169,false,"גרנולה בטעם ""דינמי"" בתוספת שקדים וצימוק",גורי מוצרי צריכה 1991 בעמ,,גרנולה מנדל שקדים 40,גרמים,400.00,100 גרם,false,,19.90,4.9750,true,1,116029
7290010546565,false,גרנולה שוקולד מנדל 400 גר,מנדל,,גרנולה מנדל שוקולד 4,גרמים,400.00,100 גרם,false,,19.90,4.9750,true,1,116032
7290010562442,false,פיצוחי אלמנאר מעורב,,,פיצוחי אלמנאר מעורב,גרמים,350.00,100 גרם,false,,13.90,3.9714,true,1,115030
7290010562756,false,קורשלה אלמנאר,,,קורשלה אלמנאר,Unknown,0.00,יחידה,false,,19.90,0.0000,true,1,168794
7290010569052,false,"גלידה חלבי 5 טעמים פיסטוק, שוקו, וניל, קרמל,מוקה 2ל'","גלידת שטראוס בע""\מ, רחוב",,חלבי 5 פיסטוק שוקו,קילוגרמים,2.00,ליטר,false,,22.90,11.4500,true,1,135335
7290010632091,false,כוס עם קשית רכה פרימיום,אינטרסן (1996) בעמ,,"כוס עם קשית רכה ""פרי",Unknown,0.00,יחידה,false,,29.90,0.0000,true,1,194437
7290010632121,false,כוס אימון עם ידיות ופיה רכה ML360 טוליפס פרמיום,אינטרסן (1996) בעמ,,כוס אימון עם ידיות ר,Unknown,0.00,יחידה,false,,16.90,0.0000,true,1,163440
7290010632572,false,נובי478-נשכן שרשרת חרוזים,מולינו ניקולי s.p.a,,נשכן שרשרת חרוזים,Unknown,0.00,יחידה,false,,35.90,0.0000,true,1,163478
7290010632787,false,צימרוני אוזניים מעץ אינטרסן) (300,הדקלאים אגודת שיתופי,,צימרוני אוזניים עץ 3,Unknown,0.00,יחידה,false,,3.90,0.0000,true,1,163365
7290010632961,false,נובי711 סט מברשת ומסרק,,,נובי סט מברשת ומסרק,Unknown,0.00,יחידה,false,,16.90,0.0000,true,1,163479
7290010672851,false,מאפין חמישיות שוקו-שוקו,פילסברי,,מאפין חמישיות שוקו-ש,Unknown,5.00,יחידה,false,,12.90,2.5800,true,1,195775
7290010679010,false,קוקטייל פירות ים 500,,,קוקטייל פירות ים 500,גרמים,500.00,100 גרם,false,,24.90,4.9800,true,1,134211
7290010679027,false,טבעות קאלמרי 500 גר,,,טבעות קלמרי 500 גר,גרמים,500.00,100 גרם,false,,33.90,6.7800,true,1,134212
7290010679034,false,בייבי שרימפס 500 גר,,,בייבי שרימפס 500 גר,גרמים,500.00,100 גרם,false,,29.90,5.9800,true,1,134213
7290010679393,false,שרימפס טמפורה עם רוט,,,מדג שרימפס טמפורה עם,גרמים,454.00,100 גרם,false,,45.90,10.1101,true,1,195992
7290010679416,false,שרימפס מקולף 41-50 5,,,שרימפס 41-50 מקולף 5,גרמים,500.00,100 גרם,false,,39.90,7.9800,true,1,134219
7290010679546,false,דג קט פיש מצופה פירו,אקוואטיק,,קט פיש מצופה פירורי,גרמים,400.00,100 גרם,false,,18.90,4.7250,true,1,134224
7290010679553,false,שרימפס מבושלים מקולפ,,,שרימפס מקולף ומבושל,גרמים,500.00,100 גרם,false,,36.90,7.3800,true,1,134225
7290010679621,false,שרימפס מבושל מקולף 4,,,שרימפס 41-50 מקולף מ,פריט,1.00,"ק""ג",false,,76.90,76.9000,true,1,134227
7290010679737,false,שרימפס מקולף1קג26-30,,,מדג שרימפס וייט 26-3,Unknown,0.00,יחידה,false,,92.90,0.0000,true,1,134231
7290010679829,false,שרימפס 16-20 מקולף 1,,,שרימפס 16-20 מקולף,פריט,1.00,"ק""ג",false,,115.90,115.9000,true,1,134235
7290010711024,false,מגב חלון מיוחד חצי מתכת,,,מגב חלון איטלקי,Unknown,0.00,יחידה,false,,5.90,0.0000,true,1,145013
7290010711086,false,סופר מגבת מבד עם ויסקוזה,מ.א.ייצור ויבוא מטליות בעמ,,סופר מגבת גדול,Unknown,0.00,יחידה,false,,15.90,0.0000,true,1,145015
7290010711123,false,כריות מתכת שייני 4 יחידות,מ.א.ייצור ויבוא מטליות בעמ,,4 כריות מתכת SHINY,Unknown,0.00,יחידה,false,,5.90,0.0000,true,1,145016
7290010711543,false,כף אשפה + גומי SHINY,מ.א.ייצור ויבוא מטליות בעמ,,כף אשפה +גומי,Unknown,0.00,יחידה,false,,4.90,0.0000,true,1,145025
7290010711727,false,מטאטא גומי +מקל,מ.א.ייצור ויבוא מטליות בעמ,,מטאטא גומי +מקל,Unknown,0.00,יחידה,false,,19.90,0.0000,true,1,177403
7290010718023,false,"קרם גוף איזבלה ורוד 300 מ""ל פנינה רוזנבלום",פנינה רוזנבלום בעמ,,קרם גוף איזבלה ורוד,Unknown,330.00,יחידה,false,,20.00,0.0606,true,1,111192
7290010718627,false,פנינה רוזנבלום אל סבון נוזלי ירוק 1 ליטר,"פנינה רוזנבלום בע""מ",,פנינה - אל סבון נוזל,מיליליטרים,1000.00,"100 מ""ל",false,,10.90,1.0900,true,1,135172
7290010718634,false,"פנינה רוזנבלום -אל סבון נוזלי לבן,1 ליטר","פנינה רוזנבלום בע""מ",,פנינה - אל סבון נוזל,מיליליטרים,1000.00,"100 מ""ל",false,,10.90,1.0900,true,1,135173
7290010748518,false,"סרקל פורטה שמפו לילדים 750 מ""ל",פישר תעשיות פרמבצטיות בעמ,,סרקל פורטה שמפו לילד,מיליליטרים,750.00,"100 מ""ל",false,,25.00,3.3333,true,1,136870
7290010748525,false,"סרקל פורטה מרכך לילדים 750 מ""ל",פישר תעשיות פרמבצטיות בעמ,,סרקל פורטה מרכך לילד,מיליליטרים,750.00,"100 מ""ל",false,,25.00,3.3333,true,1,136871
7290010748853,false,"ד""ר פישר - אפקטיב קר קרם ידיים סנסיטיב 150 מ""ל","פישר תעשיות פרמצביטות בע""מ",,אפקטיב קר ק.ידים עדי,מיליליטרים,150.00,"100 מ""ל",false,,15.90,10.6000,true,1,111603
7290010748860,false,"ד""ר פישר - אפקטיב קר קרם ידיים אינטנסיב 150 מ""ל","פישר תעשיות פרמצביטות בע""מ",,אפקטיב קר ק.ידיים יב,מיליליטרים,150.00,"100 מ""ל",false,,15.90,10.6000,true,1,136872
7290010748877,false,"אפקטיב קר קרם גוף סנסטיב לעור רגיש ח 700 מ""ל",פישר תעשיות פרמצבטיות בעמ,,אפקטיב קר ק.גוף עדין,מיליליטרים,700.00,"100 מ""ל",false,,29.90,4.2714,true,1,111604
7290010759002,false,"דבש טבעי שאהין 1ק""ג",,,"דבש טבעי שאהין 1ק""ג",גרמים,1000.00,100 גרם,false,,65.90,6.5900,true,1,116509
7290010759491,false,דבש טבעי 350 גרם,,,דבש טבעי 350 גרם,גרמים,350.00,100 גרם,false,,27.90,7.9714,true,1,116520
7290010759538,false,דבש שאהין עם שקדים 3,,,דבש שאהין עם שקדים 3,גרמים,350.00,100 גרם,false,,34.90,9.9714,true,1,173163
7290010760688,false,בצק פילאס שחף מגולגל,מאפית אריאל,,בצק פילאס 600 גר',גרמים,600.00,100 גרם,false,,16.90,2.8167,true,1,131441
7290010760886,false,"בורקס גבינה כשל""פ 600 גרם",מאפיית אריאל בעמ,,"בורקס גבינה כשל""פ 60",גרמים,600.00,100 גרם,false,,21.90,3.6500,true,1,131445
7290010760909,false,"בורקס פיצה כשל""פ 600 גרם",מאפיית אריאל בעמ,,"בורקס פיצה כשל""פ 600",גרמים,600.00,100 גרם,false,,21.90,3.6500,true,1,175388
7290010766185,false,רוטב לפסטה עגבניות ובזיליקום אוליביה 420 גרם,תה ויסוצקי בע`מ,,אוליביה רוטב לפסטה ע,גרמים,420.00,100 גרם,false,,12.90,3.0714,true,1,116064
7290010766734,false,רוטב פיצה אוליביה אסם 430 ג',תה ויסוצקי (ישראל) בעמ,,רוטב פיצה אוליביה 4,מיליליטרים,415.00,"100 מ""ל",false,,12.90,3.1084,true,1,116068
7290010791545,false,מזון חתולים לה קט דליקטס פטה כבד 85 גרם,דיפלומט מפיצים (1968) בעמ**,,לה קט פטה כבד עוף 85,Unknown,0.00,יחידה,false,,5.00,0.0000,true,1,140717
7290010791552,false,לה-קט דליקטס טונה ברוטב 85 גר',דיפלומט מפיצים (1968) בעמ**,,לה קט נתחי טונה ברוט,Unknown,0.00,יחידה,false,,5.00,0.0000,true,1,140718
7290010791576,false,מזון חתולים לה קט דליקטס דגי אוקיאנוס 85 גרם,דיפלומט מפיצים (1968) בעמ**,,לה קט מעדן דגי אוקיי,Unknown,0.00,יחידה,false,,5.00,0.0000,true,1,140719
7290010791583,false,לה-קט דליקטס דגי אוקינוס וטונה 85 גר',דיפלומט מפיצים (1968) בעמ**,,לה קט מעדן דגי אוקיי,Unknown,0.00,יחידה,false,,5.00,0.0000,true,1,140720
7290010814695,false,שוקולד מריר פרווה ללא תוספת סוכר כרמית 85 גרם,כרמית תעשיות ממתקים בעמ,,"חופשי שוק.מריר לל""ס",Unknown,0.00,יחידה,false,,7.50,0.0000,true,1,147214
7290010814701,false,שוקולד חלב ללא תוספת סוכר וסטהיים,כרמית תעשיות ממתקים בעמ,,חופשי שוק.חלב ללס 85,Unknown,0.00,יחידה,false,,7.50,0.0000,true,1,147215
7290010838219,false,ממתיק על בסיס צמח הסטיביה - שקיות,"קיפל טבליות וממתיקים בע""מ",,מרמולייט סטיביה 100,Unknown,0.00,יחידה,false,,34.90,0.0000,true,1,138111
7290010838424,false,ג'ל לניקוי מתקדם בניחוח רענן - מארז זוג,"איטיליאן פוד, אס.פי.",,טואלט דאק בניחוח רענ,קילוגרמים,1.50,ליטר,false,,18.90,12.6000,true,1,138112
7290010838431,false,דאק נוזל לניקוי אסלות זוג בניחוח ים 2*750 מל,מיוצר עי קונדיטוריית,,טואלט דאק 750 זוג כח,קילוגרמים,1.50,ליטר,false,,18.90,12.6000,true,1,138113
7290010849543,false,למברוסקו דונאטו רוסו 750 מל,קאויקיולי,,למברוסקו דונאטו רוסו,Unknown,750.00,יחידה,false,,29.90,0.0399,true,1,112726
7290010849550,false,למברוסקו דונאטו רוזטו750,קאויקיולי,,למברוסקו דונאטו רוזא,Unknown,750.00,יחידה,false,,29.90,0.0399,true,1,112727
7290010849567,false,למברוסקו דונאטו ביאנקו 750 מל,,,למברוסקו דונאטו ביאנ,Unknown,750.00,יחידה,false,,29.90,0.0399,true,1,112728
7290010883042,false,"סנובון נוזלי אפקט קצף פעיל רענן תות 750 מ""ל",החברה הדרומית לשיווק בעמ,,סנובון נוזלי בניחוח,מיליליטרים,750.00,"100 מ""ל",false,,10.90,1.4533,true,1,117392
7290010883356,false,כפפות אלוורה רב שימושיות גדולות L סנו סושי,החברה הדרומית לשיווק בעמ,,סנו סושי זוג כפפות א,Unknown,2.00,יחידה,false,,12.90,6.4500,true,1,110970
7290010883363,false,כפפות אלוורה רב שימושיות קטנות S סנו סושי,החברה הדרומית לשיווק בעמ,,סנו סושי זוג כפפות א,Unknown,2.00,יחידה,false,,12.90,6.4500,true,1,173284
7290010883370,false,כפפות אלוורה רב שימושיות בינוניות M סנו סושי,החברה הדרומית לשיווק בעמ,,סנו סושי זוג כפפות א,Unknown,2.00,יחידה,false,,12.90,6.4500,true,1,173285
7290010903801,false,אצבעות שניצל בציפוי,,,אצבעות שניצל בציפוי,Unknown,0.00,יחידה,false,,32.90,0.0000,true,1,195618
7290010925582,false,"גל גיסיקה 1ק""ג",,,"גל גיסיקה 1ק""ג",פריט,1.00,"ק""ג",false,,25.00,25.0000,true,1,137294
7290010925643,false,סרום בוחארי,,,סרום בוחארי,מיליליטרים,100.00,"100 מ""ל",false,,30.00,30.0000,true,1,137295
7290010945146,false,קוטג' 3% מועשר בסידן טרה 250 ג' מהדרין,החברה המרכזית טלהפצת משקאות בע,,טרה קוטג מועשר 3% 25,גרמים,250.00,100 גרם,false,,6.20,2.4800,true,1,117828
7290010945450,false,גבינה לבנה 3% 250 גר מועשר בסידן וויטמין,החברה המרכזית טלהפצת משקאות בע,,טרה גבינה לבנה מהדרי,גרמים,250.00,100 גרם,false,,4.98,1.9920,true,1,117830
7290010945481,false,גבינה לבנה טרה 5% מרכיבים טבעיים,החברה המרכזית טלהפצת משקאות בע,,טרה גבינה לבנה 5% 50,גרמים,500.00,100 גרם,false,,9.96,1.9920,true,1,117831
7290010962044,false,פול מצרי 560 ג' עדן,,,פול מוצרי A2,Unknown,0.00,יחידה,false,,5.90,0.0000,true,1,153328
7290010962051,false,חומוס גרגירים 560 ג' עדן,,,חומוס גרגירים 560 גר,גרמים,560.00,100 גרם,false,,5.90,1.0536,true,1,184941
7290010962198,false,שעועית אפוייה 570 גר,,,שעועית אפוייה 570 גר,גרמים,570.00,100 גרם,false,,5.90,1.0351,true,1,153335
7290010962303,false,אפונה גינה 600 ג' עדן,,,אפונה גינה A2 עדן,Unknown,0.00,יחידה,false,,5.90,0.0000,true,1,153336
7290011014162,false,אלון סיר קוסקוס 6+9,,,אלון סיר קוסקוס 6+9,Unknown,0.00,יחידה,false,,299.90,0.0000,true,1,177712
7290011015299,false,פריגת תרכיז בטעם אננ,,,פריגת תרכיז בטעם אננ,מיליליטרים,750.00,"100 מ""ל",false,,12.00,1.6000,true,1,137397
7290011015756,false,קפוא פריגת לימון 1,,,קפוא פריגת לימון 1,קילוגרמים,1.00,ליטר,false,,32.00,32.0000,true,1,117834
7290011015961,false,פריגת נקטר אגס דובדב,,,פריגת נקטר אגס דובדב,קילוגרמים,1.00,ליטר,false,,7.00,7.0000,true,1,137401
7290011017866,false,פחית קולה סליק קוקה-קולה (330 מל),החברה המרכזית להפצת משקאות בעמ,,משקה קוקה קולה סליק,מיליליטרים,330.00,"100 מ""ל",false,,6.00,1.8182,true,1,137406
7290011017873,false,פחית זירו סליק קוקה-קולה (330 מל),החברה המרכזית להפצת משקאות בעמ,,משקה קוקה קולה זירו,מיליליטרים,330.00,"100 מ""ל",false,,6.00,1.8182,true,1,137407
7290011017880,false,פחית דיאט קולה סליק קוקה-קולה (330 מל),החברה המרכזית להפצת משקאות בעמ,,משקה דיאט קוקה קולה,מיליליטרים,330.00,"100 מ""ל",false,,6.00,1.8182,true,1,137408
7290011017934,false,פריגת ביץ אננס פחית,,,פריגת ביץ אננס פחית,מיליליטרים,240.00,"100 מ""ל",false,,5.00,2.0833,true,1,117837
7290011018184,false,תה קר בטעם אפרסק פיוז-טי (500 מל),החברה המרכזית להפצת משקאות בעמ,,פיוז טי בטעם אפרסק 5,מיליליטרים,500.00,"100 מ""ל",false,,7.00,1.4000,true,1,137410
7290011018207,false,פיוז טי בטעם לימון 5,,,פיוז טי בטעם לימון 5,מיליליטרים,500.00,"100 מ""ל",false,,7.00,1.4000,true,1,117839
7290011018214,false,פיוז טי תה קר בטעם מנגו אננס,החברה המרכזית להפצת משקאות בעמ,,פיוז טי בטעם מנגו אנ,מיליליטרים,500.00,"100 מ""ל",false,,7.00,1.4000,true,1,183697
7290011018399,false,ספרייט טייני פחית 15,,,ספרייט טייני פחית 15,מיליליטרים,150.00,"100 מ""ל",false,,4.00,2.6667,true,1,117840
7290011018443,false,משקה מוגז אורנג` פאנטה (330 מל),החברה המרכזית להפצת משקאות בעמ,,משקה פאנטה אורנג סלי,מיליליטרים,330.00,"100 מ""ל",false,,6.00,1.8182,true,1,137420
7290011018771,false,פריגת תפוזים ולימון,,,פריגת תפוזים ולימון,קילוגרמים,1.50,ליטר,false,,42.00,28.0000,true,1,117847
7290011018788,false,פריגת ענבים תפוז ורי,,,פריגת ענבים תפוז ורי,קילוגרמים,1.50,ליטר,false,,42.00,28.0000,true,1,117848
7290011018924,false,"מארז פחיות דיאט קוקה קולה שישייה 330 מ""ל",החברה המרכזית להפצת משקאות בעמ,,דיאט קוקה קולה פרידג,מיליליטרים,330.00,"100 מ""ל",false,,24.90,7.5455,true,1,172747
7290011026066,false,"ד""ר פישר - סרקל שמפו + מרכך לילדים 1 ליטר","פישר תעשיות פרמצביטות בע""מ",,סרקל שמפו + מרכך ליל,קילוגרמים,1.00,ליטר,false,,29.90,29.9000,true,1,136873
7290011026523,false,שמפו לתינוק לפני השינה Senstive עם לבנדר וקמומיל,"פישר תעשיות פרמצביטות בע""מ",,קמיל אלדמע לפני השינ,מיליליטרים,500.00,"100 מ""ל",false,,22.00,4.4000,true,1,136874
7290011026530,false,ק.ב סנסטיב אל סבון לבנדר קמומיל לפני השינה 500 מ,"פישר תעשיות פרמצביטות בע""מ",,קמיל סבון בלו לפני ש,מיליליטרים,500.00,"100 מ""ל",false,,22.00,4.4000,true,1,136875
7290011051358,false,"שוופס סודה לימון זכוכית 250 מ""ל",יפאורה - שותפות מוגבלת לשיווק,,שוופס סודה לימון 250,מיליליטרים,250.00,"100 מ""ל",false,,5.00,2.0000,true,1,120415
7290011064020,false,בולגרית בעיר מעדן גבינה למריחה 200 גרם,גבינות עמיר ניצן בעמ,,בולגרית בעיר 200גרם,גרמים,200.00,100 גרם,false,,14.90,7.4500,true,1,146725
7290011064099,false,ירקות או פרות ממולאים במעדן גבינה ניצן 125 גרם,גבינות עמיר ניצן בעמ,,טאפס שכונתי 125גרם,גרמים,125.00,100 גרם,false,,19.90,15.9200,true,1,146727
7290011065416,false,פלפל שחור מטחנה מימונס 60 גרם,"א.ל ייצור ושיווק תבלינים בע""מ",,פלפל שחור מטחנה 60 ג,Unknown,0.00,יחידה,false,,17.90,0.0000,true,1,114443
7290011065423,false,מלח ים מטחנה מימונס 130 גרם,"א.ל ייצור ושיווק תבלינים בע""מ",,מלח ים מטחנה 130 גרם,גרמים,130.00,100 גרם,false,,17.90,13.7692,true,1,114444
7290011081492,false,גלידה בטעם שלושה שוקולדים 1.33ל' קרמיסימו,"גלידת שטראוס בע""\מ, רחוב",,קרמיסימו נוגט,קילוגרמים,1.33,ליטר,false,,20.90,15.7143,true,1,135342
7290011081690,false,קרמיסימו פרווה שוקו ציפ+וניל ציפ 1.33ל,"גלידת שטראוס בע""\מ, רחוב",,קרמיסימו פרווה שוקו,קילוגרמים,1.33,ליטר,false,,20.90,15.7143,true,1,135344
7290011101015,false,אלין סלסלה מבשם גוף,,,אלין סלסלה מבשם גוף,Unknown,0.00,יחידה,false,,99.00,0.0000,true,1,202305
7290011108021,false,נענע מהדרין א. אדמה,א.אדמה (2007) בעמ,,נענע למהדרין,Unknown,0.00,יחידה,false,,4.00,0.0000,true,1,138698
7290011112523,false,"דאודורנט לנשים 150 מ""ל YOU PRETTY",קרליין Careline,,PRETTY YOU דאודורנט,מיליליטרים,175.00,"100 מ""ל",false,,22.90,13.0857,true,1,117393
7290011113926,false,דאודורנט ספריי טיטניום בלאק Titanium Black,החברה הדרומית לשיווק בעמ,,טיטניום דאודורנט תרס,מיליליטרים,200.00,"100 מ""ל",false,,22.90,11.4500,true,1,117395
7290011115166,false,נקה 7 ארומה סבון נוזלי לבנדר 1 ל',החברה הדרומית לשיווק בעמ,,תחליב רחצה לבנדר נקה,מיליליטרים,1000.00,"100 מ""ל",false,,13.90,1.3900,true,1,172245
7290011115173,false,נקה 7 ארומה סבון נוזלי וניל 1 ל',טרופיקל דגיל תעשיות,,תחליב רחצה וניל שקד,מיליליטרים,1000.00,"100 מ""ל",false,,13.90,1.3900,true,1,117397
7290011115203,false,אל סבון מוצק מבושם בניחוח עדין קלאסיק - מארז רביעיה,החברה הדרומית לשיווק בעמ,,נקה 7-סבון מוצק ורוד,Unknown,4.00,יחידה,false,,12.90,3.2250,true,1,110974
7290011115241,false,אל סבון ארומטי מוצק ורוד ורד ויסמין - מארז רביעיה,החברה הדרומית לשיווק בעמ,,נקה 7-סבון מוצק ארומ,Unknown,4.00,יחידה,false,,12.90,3.2250,true,1,110975
7290011115258,false,אל סבון מוצק מבושם בניחוח עדין קלאסיק - מארז רביעיה,החברה הדרומית לשיווק בעמ,,נקה 7 סבון מוצק ירוק,Unknown,4.00,יחידה,false,,12.90,3.2250,true,1,110976
7290011115265,false,מארז סבון מוצק ארומה אל סבון מועשר בשמנים ארומטיים,החברה הדרומית לשיווק בעמ,,נקה 7-סבון מוצק ארומ,Unknown,4.00,יחידה,false,,12.90,3.2250,true,1,117398
7290011115272,false,אל סבון מוצק מועשר בקרם לחות צמחים - מארז רביעיה,החברה הדרומית לשיווק בעמ,,נקה 7-סבון מוצק לחות,Unknown,4.00,יחידה,false,,12.90,3.2250,true,1,110977
7290011115289,false,אל סבון מוצק מבושם בניחוח עדין קלאסיק - מארז רביעיה,החברה הדרומית לשיווק בעמ,,נקה 7- סבון מוצק ליל,Unknown,4.00,יחידה,false,,12.90,3.2250,true,1,117399
7290011115296,false,אל סבון מוצק מועשר בקרם לחות לבנדר - מארז רביעיה,נקה 7,,נקה 7-סבון מוצק לחות,Unknown,4.00,יחידה,false,,12.90,3.2250,true,1,110978
7290011115401,false,אל סבון ארומטי מוצק צהוב קמומיל - רביעייה,החברה הדרומית לשיווק בעמ,,סבון מוצק ארומה לבן,Unknown,4.00,יחידה,false,,12.90,3.2250,true,1,117400
7290011126209,false,הגן הקסום תה טעם תפוח וקינמון סיידר ויסוצקי 25 יח',תה ויסוצקי (ישראל)בעמ,,תה הגן הקסום תפוח וק,Unknown,0.00,יחידה,false,,17.90,0.0000,true,1,129595
7290011126452,false,הגן הקסום תה בטעם קמומיל ונענע ויסוצקי 25 יחידות,תה ויסוצקי (ישראל) בעמ,,תה קמומיל ונענע 25 ש,Unknown,25.00,יחידה,false,,17.90,0.7160,true,1,129603
7290011126940,false,תה ירוק ויסוצקי בתוספת מרווה 25 שקיקים,תה ויסוצקי (ישראל) בעמ,,תה ירוק בתוספת מרווה,Unknown,25.00,יחידה,false,,24.90,0.9960,true,1,129607
7290011126957,false,תה ירוק ויסוצקי ארל גריי 25 שקיקים,תה ויסוצקי (ישראל) בעמ,,תה ירוק ארל גריי 25,Unknown,25.00,יחידה,false,,24.90,0.9960,true,1,129608
7290011131050,false,גרנולה בתוספת פקאן 1 קילו גרין,ויטליאה ניקולה דו,,גרין גרנולה פקאן 1קג,פריט,1.00,"ק""ג",false,,25.40,25.4000,true,1,121566
7290011131371,false,מוזלי קראנצ`י שקדים ואגוזים גרין (1 קג),ויטליאה ניקולה דו,,ירוק מיזלי קראנצ' שק,גרמים,1000.00,100 גרם,false,,25.40,2.5400,true,1,121571
7290011131395,false,מוזלי קראנצ`י 30% פירות גרין (1 קג),ויטליאה ניקולה דו,,ירוק מיזלי קראנצ' 30,פריט,1.00,"ק""ג",false,,25.40,25.4000,true,1,121573
7290011131654,false,מוזלי קראנצ'י ביג מיקס עם פירות ואגוזים,משה סידס ובנו בעמ,,גרין מיזלי ביג מיקס,גרמים,1000.00,100 גרם,false,,27.90,2.7900,true,1,121576
7290011133504,false,"מכבי שנדי אפרסק בקבוק בודד 330 מ""ל",טמפו משקאות בע''מ,,מכבי שנדי אפרסק בקבו,מיליליטרים,330.00,"100 מ""ל",false,,7.00,2.1212,true,1,112489
7290011148591,false,שיני שום שלוף 500 גר,עטרה,,שיני שום שלוף 500 גר,Unknown,0.00,יחידה,false,,18.90,0.0000,true,1,198836
7290011154080,false,"תרכיז תפוחים צלול טעמי הגליל 500 מ""ל",ליימן שליסל בעמ,,תרכיז תפוחים צלול,Unknown,0.00,יחידה,false,,24.90,0.0000,true,1,159574
7290011174040,false,גזר ננסי 800 גרם פרי הגליל,פרי הגליל בעמ,,גזר ננסי 800 גרם,גרמים,800.00,100 גרם,false,,10.90,1.3625,true,1,134754
7290011174866,false,צ'יפס בטטה פרי הגליל 700 גרם,ויטה -פרי גליל (החדשה) בעמ,,צ'יפס בטטה 700 גרם,גרמים,700.00,100 גרם,false,,14.90,2.1286,true,1,134760
7290011174897,false,אפונה עדינה פרי גליל 600 גר',"פרי הגליל בע""""מ",,אפונה עדינה 600גר,גרמים,600.00,100 גרם,false,,14.90,2.4833,true,1,134761
7290011194215,false,מעדן גבינה ויוגורט בטעם בננה 5% שומן 88 ג' דניאלה,שטראוס גרופ בעמ/מצונן,,"דניאלה בננה 150 מ""ל",מיליליטרים,150.00,"100 מ""ל",false,,4.10,2.7333,true,1,139901
7290011194246,false,קוטג 5% 250 גרם עם סידן שטראוס,שטראוס גרופ בעמ/מצונן,,קוטג שטראוס 5% עם סי,גרמים,250.00,100 גרם,false,,5.80,2.3200,true,1,139902
7290011214739,false,לחמניה המבורגר חצויה אפוי קפוא,ג נרל מילס ישראל בעמ,,לחמניה המבורגר חצויי,Unknown,1.00,יחידה,false,,4.50,4.5000,true,1,116393
7290011215347,false,גבטה 180 קפואה,,,גבטה 180 קפואה,Unknown,0.00,יחידה,false,,5.00,0.0000,true,1,116398
7290011223021,false,רפידות הנקה באריזה אישית פרש וואנס (30),קריפורט סחר בינלאומי,,פרש וואנס כריות הנקה,Unknown,30.00,יחידה,false,,18.90,0.6300,true,1,138116
7290011223038,false,בונומי עלים לקרמשניט שכבות אפויות מבצק עלים 300 גרם,דנשר (1963) בעמ,,בונומי עלים לקרמשניט,גרמים,300.00,100 גרם,false,,17.00,5.6667,true,1,138117
7290011223045,false,בישקוטים ליידיפינגרז בונומי (200 גרם),דנשר (1963) בעמ,,בונומי בישקוטים 200,גרמים,200.00,100 גרם,false,,7.90,3.9500,true,1,138118
7290011223229,false,"טואלט דאק ג'ל לאסלה טיפות טל רעננות 55 מ""ל","איטיליאן פוד, אס.פי.",,ט.דאק ג'ל אסלה ניחוח,Unknown,55.00,יחידה,false,,11.00,0.2000,true,1,138124
7290011223243,false,"טואלט דאק ג'ל לאסלה בניחוח לבנדר 55 מ""ל","איטיליאן פוד, אס.פי.",,ט.דאק ג'ל אסלה ניחוח,Unknown,55.00,יחידה,false,,11.00,0.2000,true,1,138125
7290011236649,false,"נטיפי שוקולד ציפס אמיתי 300 גר' 54% מוצקי קקאו (בד""ץ)",דין שיווק וקליה 2021 בעמ,,שקדיה שוקולד צ'יפס ב,גרמים,300.00,100 גרם,false,,11.90,3.9667,true,1,134353
7290011239213,false,עמוס חטיפים מתוקים מ,סוכניות עמוס ממתקים בעמ,,חטיפי מחרום 100 גרם,גרמים,100.00,100 גרם,false,,5.00,5.0000,true,1,150154
7290011239237,false,חטיף אגוזים ישראלי 250גר ללתס,סוכנויות עמוס ממתקים בעמ,IL,חטיף אגוזים ישראלי 2,גרמים,250.00,100 גרם,false,,14.90,5.9600,true,1,202559
7290011239404,false,חטיפים מתוקים טעמים שונים 330גר,סוכנויות עמוס ממתקים בעמ,,חטיפים שונים ארוזים,גרמים,330.00,100 גרם,false,,14.90,4.5152,true,1,150156
7290011239596,false,בקלאווה סוגים שונים,סוכניות עמוס ממתקים בעמ,,בקלאווה סוגים שונים,גרמים,600.00,100 גרם,false,,29.90,4.9833,true,1,191835
7290011239657,false,רחת לוקום ארוז קוביות500,סוכנויות עמוס ממתקים בעמ,,רחת לוקום ארוז קוביו,גרמים,500.00,100 גרם,false,,14.90,2.9800,true,1,150157
7290011242008,false,קפה טחון דבאח עם היל,,,קפה טחון דבאח עם היל,פריט,1.00,"ק""ג",false,,60.00,60.0000,true,1,144207
7290011242015,false,קפה טחון דבאח 500 גר,,,קפה טחון דבאח 500 גר,גרמים,500.00,100 גרם,false,,29.90,5.9800,true,1,144208
7290011242039,false,קפה טחון דבאח 250 גר,,,קפה טחון דבאח 250 גר,גרמים,250.00,100 גרם,false,,14.90,5.9600,true,1,144209
7290011242046,false,הום מטליות מיקרופייב,,,הום מטליות מיקרופייב,Unknown,0.00,יחידה,false,,9.90,0.0000,true,1,165410
7290011242053,false,הום 3 מטליות מיקרופי,,,הום 3 מטליות מיקרופי,Unknown,0.00,יחידה,false,,14.90,0.0000,true,1,165411
7290011242114,false,GRILL מדליק פחמים,,,GRILL מדליק פחמים,גרמים,400.00,100 גרם,false,,6.90,1.7250,true,1,168644
7290011242121,false,נויה בייבי בייסיק מג,,,נויה בייבי בייסיק מג,Unknown,0.00,יחידה,false,,11.90,0.0000,true,1,169076
7290011242152,false,הום מרכך כביסה מרוכז,,,הום מרכך כביסה מרוכז,Unknown,0.00,יחידה,false,,13.90,0.0000,true,1,169099
7290011242169,false,הום מרכך כביסה מרוכז,,,הום מרכך כביסה מרוכז,Unknown,0.00,יחידה,false,,13.90,0.0000,true,1,169097
7290011242176,false,הום מרכך כביסה מרוכז,,,הום מרכך כביסה מרוכז,Unknown,0.00,יחידה,false,,13.90,0.0000,true,1,169098
7290011242190,false,כוסמת 800 גרם,,,כוסמת 800 גרם,גרמים,800.00,100 גרם,false,,14.90,1.8625,true,1,144210
7290011242237,false,עדשים 800 גרם,,,עדשים 800 גרם,גרמים,800.00,100 גרם,false,,9.90,1.2375,true,1,144213
7290011242244,false,עדשים ירוקות קטנות 8,,,עדשים ירוקות קטנות 8,גרמים,800.00,100 גרם,false,,9.90,1.2375,true,1,144214
7290011242268,false,עדשים אדומות 800 גרם,,,עדשים אדומות 800 גרם,גרמים,800.00,100 גרם,false,,9.90,1.2375,true,1,144216
7290011242275,false,גרעיני תירס פופקורן,,,גרעיני תירס פופקורן,גרמים,800.00,100 גרם,false,,9.90,1.2375,true,1,144217
7290011242282,false,גרעיני תורמוס 800 גר,,,גרעיני תורמוס 800 גר,גרמים,800.00,100 גרם,false,,9.90,1.2375,true,1,144218
7290011242299,false,גרעיני חיטה 800 גרם,,,גרעיני חיטה 800 גרם,גרמים,800.00,100 גרם,false,,9.90,1.2375,true,1,144219
7290011242329,false,גרעיני חומוס 800 גרם,,,גרעיני חומוס 800 גרם,גרמים,800.00,100 גרם,false,,9.90,1.2375,true,1,144220
7290011242336,false,גרעיני פול 700 גרם,,,גרעיני פול 700 גרם,גרמים,700.00,100 גרם,false,,14.90,2.1286,true,1,144221
7290011242350,false,הום ג'ל כביסה 3 ליטר,,,הום ג'ל כביסה 3 ליטר,Unknown,0.00,יחידה,false,,24.90,0.0000,true,1,169105
7290011242367,false,גרעיני שעועית לבנה 8,,,גרעיני שעועית לבנה 8,גרמים,800.00,100 גרם,false,,9.90,1.2375,true,1,144222
7290011242374,false,בורגול דק 800 גרם,,,בורגול דק 800 גרם,גרמים,800.00,100 גרם,false,,5.90,0.7375,true,1,152387
7290011242381,false,בורגול עבה 800 גרם,,,בורגול עבה 800 גרם,גרמים,800.00,100 גרם,false,,5.90,0.7375,true,1,152388
7290011242397,false,הום שקיות אשפה 25 שק,,,הום שקיות אשפה 25 שק,Unknown,0.00,יחידה,false,,9.90,0.0000,true,1,169101
7290011242435,false,פריקה 800 גרם,,,פריקה 800 גרם,גרמים,800.00,100 גרם,false,,14.90,1.8625,true,1,144225
7290011242459,false,הום מרכך כביסה 4 ליט,,,הום מרכך כביסה 4 ליט,Unknown,0.00,יחידה,false,,16.90,0.0000,true,1,169344
7290011242466,false,הום מרכך כביסה 4 ליט,,,הום מרכך כביסה 4 ליט,Unknown,0.00,יחידה,false,,16.90,0.0000,true,1,169345
7290011242473,false,הום מרכך כביסה 4 ליט,,,הום מרכך כביסה 4 ליט,Unknown,0.00,יחידה,false,,16.90,0.0000,true,1,169346
7290011242497,false,מארז קפסולות אספרסו,,,מארז קפסולות אספרסו,Unknown,0.00,יחידה,false,,17.90,0.0000,true,1,196897
7290011242503,false,הום נוזל לניקוי רצפו,,,הום נוזל לניקוי רצפו,Unknown,0.00,יחידה,false,,12.90,0.0000,true,1,171641
7290011242558,false,"מנגל עם רשת 60 ס""מ G",UNVER-BBQ,,"מנגל עם רשת 60 ס""מ G",Unknown,1.00,יחידה,false,,99.90,99.9000,true,1,196414
7290011242589,false,GRILL רשת לצליה 30*5,UNVER-BBQ,,GRILL רשת לצליה 30*5,Unknown,0.00,יחידה,false,,19.90,0.0000,true,1,194206
7290011242596,false,מארז 10 פיתות מקמח מ,,,מארז 10 פיתות מקמח מ,Unknown,0.00,יחידה,false,,12.90,0.0000,true,1,191487
7290011242619,false,הום מגבונים לניקוי ב,,,הום מגבונים לניקוי ב,Unknown,0.00,יחידה,false,,24.90,0.0000,true,1,180118
7290011242626,false,צימוקים בהירים 300 ג,,,צימוקים בהירים 300 ג,Unknown,0.00,יחידה,false,,19.90,0.0000,true,1,144227
7290011242633,false,GRILL פחם מעץ טבעי פ,MAUROBERA,,GRILL פחם מעץ טבעי פ,Unknown,0.00,יחידה,false,,120.00,0.0000,true,1,177301
7290011242664,false,שקית מתנה קפה,,,שקית מתנה קפה,Unknown,0.00,יחידה,false,,3.00,0.0000,true,1,187717
7290011242671,false,פיתות ביס 15 יח' קמח,,,פיתות ביס 15 יח' קמח,גרמים,200.00,100 גרם,false,,10.00,5.0000,true,1,190003
7290011242701,false,מארז קפסולות קפה עם,,,מארז קפסולות קפה עם,גרמים,200.00,100 גרם,false,,17.90,8.9500,true,1,196896
7290011242770,false,אננס מיובש בטעם מנגו,,,אננס מיובש בטעם מנגו,Unknown,0.00,יחידה,false,,9.90,0.0000,true,1,144233
7290011242787,false,רצועות קוקוס 200 גרם,,,רצועות קוקוס 200 גרם,Unknown,0.00,יחידה,false,,12.90,0.0000,true,1,144234
7290011242817,false,בוטנים קלויים עם קלי,,,בוטנים קלויים עם קלי,גרמים,400.00,100 גרם,false,,9.90,2.4750,true,1,144237
7290011242855,false,אננס מיובש בטעם תות,,,אננס מיובש בטעם תות,Unknown,0.00,יחידה,false,,9.90,0.0000,true,1,144240
7290011242862,false,פיתות גדולות חמישייה,,,פיתות גדולות חמישייה,Unknown,0.00,יחידה,false,,7.90,0.0000,true,1,186923
7290011242879,false,פיתות ביס 15 יחידות,,,פיתות ביס 15 יחידות,Unknown,0.00,יחידה,false,,10.00,0.0000,true,1,190002
7290011242886,false,לחמניות רגילות 10 יח,,,לחמניות רגילות 10 יח,Unknown,0.00,יחידה,false,,12.90,0.0000,true,1,190017
7290011242947,false,מנגל עם רשת 80 סמ' G,UNVER-BBQ,,מנגל עם רשת 80 סמ' G,Unknown,0.00,יחידה,false,,119.90,0.0000,true,1,196413
7290011242954,false,מנגל עם רשת 40 סמ' G,UNVER-BBQ,,מנגל עם רשת 40 סמ' G,Unknown,0.00,יחידה,false,,44.90,0.0000,true,1,196095
7290011242961,false,מנגל עם רשת 50 סמ' G,UNVER-BBQ,,מנגל עם רשת 50 סמ' G,Unknown,0.00,יחידה,false,,79.90,0.0000,true,1,194207
7290011242978,false,GRILL רשת לצליה 35*2,UNVER-BBQ,,GRILL רשת לצליה 35*2,Unknown,0.00,יחידה,false,,14.90,0.0000,true,1,194208
7290011242985,false,"מנגל חד""פ GRILL",UNVER-BBQ,,"מנגל חד""פ GRILL",Unknown,0.00,יחידה,false,,24.90,0.0000,true,1,191858
7290011249212,false,וופל עלמה בלגי לימון 200 גר' ללא סוכר,ח.כהן סוכנות מזון ומשקאות בע,,וופל בלגי לימון 200,גרמים,200.00,100 גרם,false,,4.90,2.4500,true,1,152569
7290011249748,false,רולים גלילי ופל במילוי קרם שוקולד 100 ג' עלמה,ח.כהן סוכנות מזון ומשקאות בע,,רולים שוקו 100 גרם,Unknown,0.00,יחידה,false,,4.90,0.0000,true,1,152572
7290011249755,false,רולים גלילי ופל במילוי קרם אגוזים 100 ג' עלמה,ח.כהן סוכנות מזון ומשקאות בע,,רולים אגוז 100 גרם,Unknown,0.00,יחידה,false,,4.90,0.0000,true,1,152573
7290011254605,false,תערובת לקדירה לקט חמין מיה 600 גרם,מיה תעשיות מזון מ.ת.מ. בעמ,,תערובת לקדירה לקט חמ,גרמים,600.00,100 גרם,false,,10.90,1.8167,true,1,135007
7290011254759,false,שעועית שחורה יבשה מיה 500 גר',מיה תעשיות מזון מ.ת.מ. בעמ,,מיה שעועית שחורה מהד,גרמים,500.00,100 גרם,false,,10.00,2.0000,true,1,135013
7290011302818,false,שעווה חמאדה סטייל,,,שעווה טבעית,Unknown,0.00,יחידה,false,,17.90,0.0000,true,1,133125
7290011302900,false,ערמוני אלטאי פרימיום,,,ערמוני אלטאי פרימיום,Unknown,0.00,יחידה,false,,29.90,0.0000,true,1,168409
7290011302962,false,ערמונים טריים אלטאי,מוצר חקלאי טרי,,ערמוני אלטאי,Unknown,0.00,יחידה,false,,29.90,0.0000,true,1,114356
7290011323639,false,"ג""ל לארה לעיצוב שיער",,,"ג""ל לארה לעיצוב שיער",Unknown,0.00,יחידה,false,,25.00,0.0000,true,1,137298
7290011332983,false,מגבונים לניקוי אף מגבונאף קמיל בלו- מארז שלישייה,"פישר תעשיות פרמצביטות בע""מ",,מגבון אף קמיל בלו 3*,Unknown,90.00,יחידה,false,,22.90,0.2544,true,1,136878
7290011378233,false,"חטיפי חלווה בארכה 126 גרם מארז 7 יחידות לל""ס",קבוצת אוסם סחר שותפות מוגבלת,,בארכה מאגדת חטיפי חל,גרמים,120.00,100 גרם,false,,11.90,9.9167,true,1,126794
7290011378257,false,חטיף חלבה בטעם וניל ללא תוספת סוכר בתוספת פיסטוק ופקאן,קבוצת אוסם סחר-שות.מוגבלת,,בארכה חטיף חלבה פקאן,גרמים,120.00,100 גרם,false,,11.90,9.9167,true,1,126795
7290011378301,false,חלבה ללא סוכר אלהילאל 350 ג',,,אלהילאל חלבה ללא סוכ,גרמים,350.00,100 גרם,false,,15.90,4.5429,true,1,130846
7290011378356,false,חלבה קלאסית שוקו וניל 350 ג' אלהילאל,,,אלהילאל חלבה קלאסית,גרמים,350.00,100 גרם,false,,13.90,3.9714,true,1,130848
7290011378363,false,חלבה קלאסית וניל 700 ג' אלהילאל,General,,חלבה קלאסית וניל 700,גרמים,700.00,100 גרם,false,,25.90,3.7000,true,1,130849
7290011378370,false,חלבה קלאסית שוקו וניל 700 ג' אלהילאל,General,,אלהילאל חלבה קלאסית,גרמים,700.00,100 גרם,false,,25.90,3.7000,true,1,130850
7290011378776,false,חטיף חלווה פיסטוק בארכה 126 גרם מארז 7 יחידות,קבוצת אוסם סחר שותפות מוגבלת,,בארכה חטיף חלבה פיסט,גרמים,120.00,100 גרם,false,,11.90,9.9167,true,1,126798
7290011378837,false,פרוסות חלבה פולי קקאו 400 ג' אלהילאל,,,פרוסות חלווה פולה קק,גרמים,400.00,100 גרם,false,,15.90,3.9750,true,1,130854
7290011378844,false,פרוסות חלבה פיסטוק 400 ג' אלהילאל,,,פרוסות חלבה פיסטוק,גרמים,400.00,100 גרם,false,,15.90,3.9750,true,1,130855
7290011379018,false,מארז משפחתי שמפיניון 500 ג' מרינה,ביכורי השדה צפון 1994 ג.ד. בעמ,,מארז זוג פטריות מרינ,Unknown,0.00,יחידה,false,,15.90,0.0000,true,1,138723
7290011431020,false,כוסות קרטון 10 OZ איכותי 50 יחי' שמאי,,,כוסות קרטון 10 OZ גד,Unknown,0.00,יחידה,false,,16.90,0.0000,true,1,151985
7290011431037,false,כוסות קרטון 12 OZ איכותי 50 יחי' שמאי,,,כוסות קרטון 12 OZ ענ,Unknown,0.00,יחידה,false,,19.90,0.0000,true,1,151986
7290011431198,false,"נייר כסף דמוי דימונד 200 שמאי כשל""פ עד""ח",,,שמאי נייר כסף 60.9 מ,Unknown,0.00,יחידה,false,,24.90,0.0000,true,1,151987
7290011431372,false,"לפתניות צבעוני 25 יח' שמאי כשל""פ עד""ח",,,לפתניות צבעוני 25 יח,Unknown,0.00,יחידה,false,,4.90,0.0000,true,1,151992
7290011431389,false,"צלחות מרק צבעוני 25 יח' ר. שמאי עד""ח",,,צלחות מרק צבעוני 25,Unknown,0.00,יחידה,false,,9.90,0.0000,true,1,151993
7290011431396,false,"צלחות קטן צבעוני 25 יח' שמאי כשל""פ עד""ח",,,צלחות קטן צבעוני 25,Unknown,0.00,יחידה,false,,7.90,0.0000,true,1,151994
7290011431419,false,"צלחות גדול צבעוני 25 יח' שמאי כשל""פ עד""ח",,,צלחות גדול צבעוני 25,Unknown,0.00,יחידה,false,,12.90,0.0000,true,1,151995
7290011431433,false,קעריות אובליות צבעוני שמאי 25 יח',,,קעריות אובלי צבעוני,Unknown,25.00,יחידה,false,,5.90,0.2360,true,1,151997
7290011431440,false,"נייר כסף שמאי עבה 50 מ' רוחב 45 ס""מ כשל""פ עד""ח",,,ר.שמאי נייר כסף עבה,Unknown,0.00,יחידה,false,,39.90,0.0000,true,1,151998
7290011431532,false,"קופסאות איחסון 1 ק""ג שלישייה",,,שמאי - שלישיית מיכלי,Unknown,0.00,יחידה,false,,7.90,0.0000,true,1,152000
7290011431549,false,מיכל אחסון 2.5 קילו שמאי 2 יח',,,שמאי - מיכל 2.5 ליטר,Unknown,0.00,יחידה,false,,8.90,0.0000,true,1,152001
7290011431556,false,מיכל אחסון 4.5 קילו שמאי 2 יח',,,שמאי - זוג מיכלים 4.,Unknown,0.00,יחידה,false,,9.90,0.0000,true,1,152002
7290011431570,false,מיכל אחסון 3 קילו שמאי 2 יח',,,שמאי - מיכל 3 ליטר ז,Unknown,0.00,יחידה,false,,8.90,0.0000,true,1,152004
7290011431587,false,"קופסאות איחסון 2 ק""ג שלישייה",,,שמאי - מיכל 2 ליטר ש,Unknown,0.00,יחידה,false,,7.90,0.0000,true,1,152005
7290011431594,false,תבניות *פרימיום* סיר אמריקאי ארוז 2 יח' ר. שמאי,,,מגש אלומיניום סיר אמ,Unknown,2.00,יחידה,false,,9.90,4.9500,true,1,152006
7290011431600,false,תבניות *פרימיום* גדול אמריקאי ארוז 4 יח' ר. שמאי,.,,מגש אלומיניום אמריקא,Unknown,4.00,יחידה,false,,9.90,2.4750,true,1,152007
7290011431617,false,תבניות *פרימיום* ענק אמריקאי ארוז 3 יח' ר. שמאי,.,,מגש אלומיניום אמריקא,Unknown,3.00,יחידה,false,,9.90,3.3000,true,1,152008
7290011431624,false,תבניות *פרימיום* אינגליש ענק אמריקאי ארוז 4 יח' ר. שמאי,,,מגש אלומיניום אינגלי,Unknown,4.00,יחידה,false,,9.90,2.4750,true,1,152009
7290011431631,false,תבניות *פרימיום* מאפינס אמריקאי ארוז 5 יח' ר. שמאי,.,,מגש אלומיניום מאפינס,Unknown,5.00,יחידה,false,,9.90,1.9800,true,1,152010
7290011431709,false,טישו לאף פרימיום מארז 100X5יח',,,שמאי נייר טישו חמישי,Unknown,5.00,יחידה,false,,9.90,1.9800,true,1,152017
7290011431723,false,מגבוני נייר טישו,,,מגבוני נייר טישו,Unknown,0.00,יחידה,false,,6.90,0.0000,true,1,165939
7290011431785,false,תבניות ארוזות C60 עגול עמוק שמאי 5 יח',.,,תבניות ארוזות C60 עג,Unknown,0.00,יחידה,false,,8.90,0.0000,true,1,152020
7290011431846,false,"מפות 45 מטר עבה כתום שמאי כשל""פ עד""ח",,,מפות 45 מטר עבה כתום,Unknown,0.00,יחידה,false,,19.90,0.0000,true,1,160625
7290011431853,false,מפות שמיניות שקוף עבה כתום שמאי,,,שמאי - מפות 8 יחי',Unknown,0.00,יחידה,false,,9.90,0.0000,true,1,152021
7290011431877,false,"מפות 33 מטר רחב במיוחד 1.6 מ' בורדו עבה מאוד קריסטלי שמאי כשל""פ",.,,שמאי -מפות 33 מטר רח,Unknown,0.00,יחידה,false,,39.90,0.0000,true,1,187156
7290011431983,false,"כוסיות ליקר איכותי 40 יח' כשל""פ עד""ח שמאי",,,כוסיות ליקר איכותי 4,Unknown,0.00,יחידה,false,,6.90,0.0000,true,1,152032
7290011435226,false,דבש מפרחי בר לחיץ 650 ג' יד מרדכי,מכוורת יד מרדכי שטראוס ב,,דבש מפרחי בר לחיץ 65,גרמים,650.00,100 גרם,false,,33.90,5.2154,true,1,175573
7290011438142,false,"משקה יטבתה אייס קפה בבקבוק אישי 350 מ""ל",שטראוס גרופ בעמ/מצונן,,יטבתה משקה אייס קפה,Unknown,350.00,יחידה,false,,6.30,0.0180,true,1,139905
7290011447014,false,מטרנה דייסת סלט פירות 200 גרם,קבוצת אוסם סחר שותפות מוגבלת,,מטרנה דייסת סלט פירו,גרמים,200.00,100 גרם,false,,13.90,6.9500,true,1,126802
7290011447304,false,מטרנה פרימיום חלבי שלב 3 700 גרם חיסכון,קבוצת אוסם סחר שותפות מוגבלת,,מטרנה חלבי שלב 3 חיס,גרמים,700.00,100 גרם,false,,54.90,7.8429,true,1,153141
7290011447748,false,"מזון לחתולים יבש עם דגי אוקיינוס וטונה סופר קט 3 ק""ג",דיפלומט מפיצים (1968) בעמ**,,סופר קט בטעם דגי אוק,פריט,3.00,"ק""ג",false,,54.90,18.3000,true,1,140723
7290011447908,false,"מזון לחתולים מלא טעם עוף וכבד סופר קט 3 ק""ג",דיפלומט מפיצים (1968) בעמ**,,סופר קט בטעם עוף וכב,פריט,3.00,"ק""ג",false,,54.90,18.3000,true,1,140724
7290011461058,false,גומא - מקלות ריחניים,מוסקו בעמ,,מוסקו ריחניים ב 20 ש,Unknown,0.00,יחידה,false,,20.00,0.0000,true,1,133135
7290011468132,false,"דלי טחינה הנסיך 3 ק""",,,"דלי טחינה הנסיך 3 ק""",פריט,3.00,"ק""ג",false,,69.90,23.3000,true,1,118277
7290011468323,false,אמיר טחינה 450 גרם,,,אמיר טחינה 450 גרם,גרמים,450.00,100 גרם,false,,12.90,2.8667,true,1,118281
7290011468330,false,אמיר טחינה 900 גרם,,,אמיר טחינה 900 גרם,גרמים,900.00,100 גרם,false,,24.90,2.7667,true,1,118282
7290011468781,false,אל אמיר טחינה בקבוק,,,אל אמיר טחינה בקבוק,גרמים,300.00,100 גרם,false,,14.90,4.9667,true,1,183542
7290011473051,false,קוואקר עבה אורגני 500 גרם,גורי מוצרי צריכה (1991) בעמ,,ציציק קוואקר אורגני,Unknown,0.00,יחידה,false,,11.90,0.0000,true,1,116072
7290011473617,false,טיב הטבע ציה טבעי 300 גרם תבואות,גורי מוצרי צריכה (1991) בעמ,,טיב הטבע-צייה 300 גר,גרמים,300.00,100 גרם,false,,16.90,5.6333,true,1,173087
7290011473648,false,סוכר דמררה תבואות 1 קג אורגני,גורי מוצרי צריכה (1991) בעמ,,סוכר דמררה תבואות 1,Unknown,0.00,יחידה,false,,15.90,0.0000,true,1,116104
7290011473655,false,סוכר קנים אורגני 1 קילו,גורי מוצרי צריכה (1991) בעמ,,סוכר קנים אורגני 1 ק,פריט,1.00,"ק""ג",false,,13.30,13.3000,true,1,116105
7290011474003,false,שמן קוקוס אורגני כתית 300 גר תבואות,גורי מוצרי צריכה (1991) בעמ,,קוקוס 300 גרם,Unknown,0.00,יחידה,false,,25.90,0.0000,true,1,173091
7290011474362,false,קמח עדשים תבואות 500 גרם אורגני,גורי מוצרי צריכה (1991) בעמ,,תבואות קמח עדשים אור,Unknown,0.00,יחידה,false,,15.90,0.0000,true,1,116115
7290011474591,false,פנה כוסמין מלא תבואות אורגני 500 גרם,גורי מוצרי צריכה (1991) בעמ,,תבואות פנה כוסמין מל,גרמים,500.00,100 גרם,false,,23.90,4.7800,true,1,116117
7290011489595,false,קרקר טופז שומשום 110 גרם הדר*,ח.כהן סוכנות מזון ומשקאות בע,,קרקר טופז שומשום 110,גרמים,110.00,100 גרם,false,,2.90,2.6364,true,1,179567
7290011489601,false,קרקר טופז טעם בצל 110 גר,אפיפית נצרת,,קרקר טופז בצל 110 גר,גרמים,110.00,100 גרם,false,,2.90,2.6364,true,1,179568
7290011499051,false,פטה כבשים מסורתית 20% בגביע 250 גרם - רובין,מחלבות גד שיווק 1992 בעמ,,גד פטה כבשים גביע 20,גרמים,250.00,100 גרם,false,,23.90,9.5600,true,1,146660
7290011499105,false,בולגרית מסורתית 5% 250 גרם -רבנות,מחלבות גד שיווק 1992 בעמ,,גד בולגרית 5% 250ג,גרמים,250.00,100 גרם,false,,21.90,8.7600,true,1,146661
7290011499112,false,בולגרית מסורתית 16% 250 גרם - רבנות,מחלבות גד שיווק 1992 בעמ,,גד בולגרית 16% 250 ג,גרמים,250.00,100 גרם,false,,21.90,8.7600,true,1,146662
7290011499129,false,גבינה בולגרית מעודנת קוביות קטנות 5% גד 200 גרם,מחלבות גד שיווק 1992 בעמ,,גד בולגרית מעודנת קו,גרמים,200.00,100 גרם,false,,20.20,10.1000,true,1,146663
7290011499303,false,פטה עיזים מעודנת 5% בגביע 250 גרם - רבנות,מחלבות גד שיווק 1992 בעמ,,גד בולגרית עזים מעוד,גרמים,250.00,100 גרם,false,,29.90,11.9600,true,1,146666
7290011499327,false,גבינה בולגרית מעודנת 5% 250 גרם - רבנות,מחלבות גד שיווק 1992 בעמ,,גד בולגרית בקר מעודנ,גרמים,250.00,100 גרם,false,,21.90,8.7600,true,1,146667
7290011499341,false,גבינת קשקבל ארוז 26 אחוז 250גרם גד,מחלבות גד שיווק 1992 בעמ,,גד קשקבל ארוז 26% 20,גרמים,200.00,100 גרם,false,,28.90,14.4500,true,1,146669
7290011499358,false,פטה עיזים מסורתית 20% בגביע 200 גרם - רובין,מחלבות גד שיווק 1992 בעמ,,גד פטה עיזים 20% 200,גרמים,200.00,100 גרם,false,,24.90,12.4500,true,1,146670
7290011499365,false,גבינת חלומי 24% מחלב בקר גד (200 גרם),מחלבות גד שיווק 1992 בעמ,,גד חלומי 24% 200ג,גרמים,200.00,100 גרם,false,,21.90,10.9500,true,1,146671
7290011499419,false,גבינה במרקם שמנת בטעם טבעי 5% ניו יורק,מחלבות גד שיווק 1992 בעמ,,גד גבינה במרקם שמנת,גרמים,200.00,100 גרם,false,,11.50,5.7500,true,1,146672
7290011499525,false,גבינת לאבנה דרוזית 9% גד 500 גרם,מחלבות גד שיווק 1992 בעמ,,גד לאבנה דרוזית 9% 5,גרמים,500.00,100 גרם,false,,19.90,3.9800,true,1,146673
7290011499624,false,שמנת 30% ניו יורק טבעי 200 גרם רבנות,מחלבות גד שיווק 1992 בעמ,,גד ניו יורק גבינת שמ,גרמים,200.00,100 גרם,false,,13.90,6.9500,true,1,146674
7290011499846,false,גבינת ריקוטה פרסקה 9% גד (300 גרם),מחלבות גד שיווק 1992 בעמ,,גד ריקוטה פרסקה 5% 3,גרמים,300.00,100 גרם,false,,17.20,5.7333,true,1,146676
7290011499853,false,שמנת 30% ניו יורק זיתים מחלבות גד,מחלבות גד שיווק 1992 בעמ,,גד ניו יורק גבינת שמ,גרמים,200.00,100 גרם,false,,12.90,6.4500,true,1,146677
7290011505035,false,נובי5364 הנגיסון למזון טרי עם מכסה,אינטרסן (1996) בעמ,,נובי הנגיסון למזון ט,Unknown,0.00,יחידה,false,,34.90,0.0000,true,1,163480
7290011505424,false,נובי מימיה עם קשית ומכסה מתקפל,אינטרסן (1996) בעמ,,נובי מימיה עם קשית ש,Unknown,0.00,יחידה,false,,32.90,0.0000,true,1,163465
7290011505561,false,סינר ויניל עם כיס נובי,LTD E.L.CO,,נובי 4278 סינר ויניל,Unknown,0.00,יחידה,false,,40.00,0.0000,true,1,114752
7290011505806,false,קיסמי שיניים דנטאליים מפלסטיק 200 יחידות בחבית,אינטרסן (1996) בעמ,,קיסמי שיניים דנטאליי,Unknown,0.00,יחידה,false,,8.90,0.0000,true,1,163379
7290011515089,false,בובספוג שרבט צבעי מא,,,בובספוג שרבט צבעי מא,Unknown,0.00,יחידה,false,,6.00,0.0000,true,1,122100
7290011515683,false,מאגדת טילון אקסטרים וניל נסטלה 6 יחידות,נגה גלידות שותפות מוגבלת,,אקסטרים וניל מאגדת 6,גרמים,432.00,100 גרם,false,,29.90,6.9213,true,1,122101
7290011515904,false,מאגדת קרחוני רמזור *,,,מאגדת קרחוני רמזור *,גרמים,800.00,100 גרם,false,,16.00,2.0000,true,1,122102
7290011518561,false,"אקטימל תות 1.51 ק""ג מארז 14 יחידות",שטראוס גרופ בעמ/מצונן,,אקטימל תות משפחתי 14,קילוגרמים,1.40,ליטר,false,,29.90,21.3571,true,1,139909
7290011524548,false,גרגרי חומוס מוקפאים 800 גר`פרי גליל,ויטה- פרי גליל (החדשה) בעמ,,פרי הגליל גרגירי חומ,גרמים,800.00,100 גרם,false,,11.90,1.4875,true,1,134769
7290011524555,false,שעועית לבנה מבושלת קפוא 800 גר`פרי גליל,ויטה פרי גליל (החדשה) בע`מ,,פרי גליל שעועית לבנה,גרמים,800.00,100 גרם,false,,11.90,1.4875,true,1,134770
7290011524968,false,פולי סויה מוקפאים Green & Fresh,ויטה-פרי גליל (החדשה) בעמ,,"פולי סויה קפוא 1ק""ג",פריט,1.00,"ק""ג",false,,15.90,15.9000,true,1,134772
7290011525316,false,"ד""ר פישר - קמיל בלו סנסיטיב תחליב לתינוק שיבולת 500 מ""ל",פישר תעשיות פרמצבטיות בעמ,,קמיל בלו סנסיטיב תחל,מיליליטרים,500.00,"100 מ""ל",false,,29.90,5.9800,true,1,136880
7290011525323,false,אל סבון טיפולי לתינוק קמיל בלו סנסטיב שיבולת שועל,פישר תעשיות פרמבצטיות בעמ,,קמיל בלו אלסבון שיבו,מיליליטרים,500.00,"100 מ""ל",false,,22.00,4.4000,true,1,136881
7290011525729,false,שמפו לתינוק קמיל בלו סנסטיב לפני השינה עם לבנדר וקמומיל,"פישר תעשיות פרמצביטות בע""מ",,קמיל בלו סנסיטיב לפנ,קילוגרמים,1.00,ליטר,false,,34.90,34.9000,true,1,136884
7290011530488,false,שייק איט 450 גר saturday מיקס פירות קפוא,"הבו-קדו בע""מ",,שייק איט 150*3 גרם ת,Unknown,0.00,יחידה,false,,29.90,0.0000,true,1,194364
7290011530525,false,מיקס פירות קפואים שייק איט צהוב - 3*150 ג',"הבו-קדו בע""מ",,שייק איט יום שלישי 3,Unknown,0.00,יחידה,false,,29.90,0.0000,true,1,160697
7290011530532,false,מיקס פירות קפואים שייק איט ירוק - 3*150 ג',"הבו-קדו בע""מ",,שייק איט יום שני 3*1,Unknown,0.00,יחידה,false,,29.90,0.0000,true,1,160698
7290011530549,false,מיקס פירות קפואים שייק איט ורוד - 3*150 ג',"הבו-קדו בע""מ",,שייק איט יום ראשון,Unknown,0.00,יחידה,false,,29.90,0.0000,true,1,160693
7290011530730,false,מיקס פירות קפואים שייק איט חום - 3*150 ג',"הבו-קדו בע""מ",,שייק איט יום חמישי 3,Unknown,0.00,יחידה,false,,29.90,0.0000,true,1,160699
7290011530747,false,מיקס פירות קפואים שייק איט סגול - 3*150 ג',"הבו-קדו בע""מ",,שייק איט יום רביעי 3,Unknown,0.00,יחידה,false,,29.90,0.0000,true,1,160700
7290011570088,false,ריבת חלב גלעם לייט גלוטן 400 גר קומידה,תומר יבוא ושיווק מוצרי מזון (1,,קונדיטור ריבת חלב לי,גרמים,400.00,100 גרם,false,,18.90,4.7250,true,1,118608
7290011575007,false,"הפי מרסס שומר ברק למקלחון 750 מ""ל","יעקב יעקבי ובניו בע""מ",,הפי מרסס לאמבט 750 מ,מיליליטרים,750.00,"100 מ""ל",false,,16.90,2.2533,true,1,111104
7290011575250,false,מברשת הפי מבריק וצובע נעליים שחור יעקבי,יעקב יעקבי ובניו בעמ,,מבריק נעליים שחור הפ,Unknown,0.00,יחידה,false,,10.00,0.0000,true,1,120241
7290011575755,false,דבק סופר גלו ג`ל 3 גר`יעקובי,יעקבי- סופר גלו Super Glue,,סופר גלו ג'ל 3 גרם,גרמים,3.00,גרם,false,,12.90,4.3000,true,1,120246
7290011575762,false,דבקר מהיר,,,דבקר מהיר,Unknown,0.00,יחידה,false,,15.00,0.0000,true,1,120247
7290011585020,false,קרפלך סיבירסקיה,,,קרפלך סיבירסקיה,Unknown,0.00,יחידה,false,,13.00,0.0000,true,1,138996
7290011585037,false,"צבורקי עם תפו""א 650",,,"צבורקי עם תפו""א 650",גרמים,650.00,100 גרם,false,,13.00,2.0000,true,1,138997
7290011585198,false,כיסונים במילוי בשר 1400 גרם,,IL,כיסונים השף במילוי ב,גרמים,1400.00,100 גרם,false,,44.90,3.2071,true,1,202483
7290011585228,false,כיסונים במילוי בשר 1500 גרם,,IL,כיסונים במילוי בשר כ,גרמים,1500.00,100 גרם,false,,39.90,2.6600,true,1,202484
7290011585235,false,מיני צבורק במילוי בש,,IL,מיני צ'יבורקי כי-600,גרמים,600.00,100 גרם,false,,29.90,4.9833,true,1,202485
7290011585242,false,ציבורקי במילוי בשר וירק 600 גרם,,IL,צ'יבורקי במילוי בשר,גרמים,600.00,100 גרם,false,,29.90,4.9833,true,1,139000
7290011585723,false,כיסונים ביתי במילוי בשר 900 גרם,,IL,כיסונים ביתי במילוי,גרמים,900.00,100 גרם,false,,32.90,3.6556,true,1,202487
7290011585754,false,כיסונים סיבירסקי במילוי בשר 900 גרם,,IL,כיסונים סיבירסקי במי,גרמים,900.00,100 גרם,false,,32.90,3.6556,true,1,202488
7290011585778,false,"קרפלך במילוי תפו""א 700 גרם",,IL,קרפלך במילוי תפו''אכ,גרמים,700.00,100 גרם,false,,21.90,3.1286,true,1,202489
7290011585785,false,ציבורקי קלאסי 600 גרם,,IL,צ'יבורקי קלאסיק כי-6,גרמים,600.00,100 גרם,false,,29.90,4.9833,true,1,202490
7290011585815,false,מאפה (פירושקי) במילוי בשר 600 גרם,,IL,מאפה (פירושקי) במילו,גרמים,600.00,100 גרם,false,,29.90,4.9833,true,1,202492
7290011587079,false,חרדל דיז'ון גרגירים 370 ג' PICCATA,תומר ייבוא ושיווק מוצרי מזון [,,תומר חרדל דיזון גרגי,גרמים,370.00,100 גרם,false,,9.90,2.6757,true,1,118611
7290011587444,false,מוזלי קראנצי בתוספת פירות ויטליה 600 גרם,תומר יבוא ושיווק מוצרי מזון (1,,תומר מוזלי קראנצי +פ,גרמים,600.00,100 גרם,false,,16.90,2.8167,true,1,129877
7290011587581,false,פילה אנשובי תומר צנצנת 100 גרם,אינוורסינס פריסקו,,פילה אנשובי צנצנת 75,Unknown,0.00,יחידה,false,,10.90,0.0000,true,1,202855
7290011587826,false,חרדל דיז'ון תומר 370ג',Covinor sas,,תומר חרדל דיזון 370,גרמים,370.00,100 גרם,false,,9.90,2.6757,true,1,118629
7290011587857,false,עגבניות מיובשות בשמן חמניות ועשבי תיבול,סנטו דידה סאן,,עגבניות מיובשות מתוב,גרמים,250.00,100 גרם,false,,11.90,4.7600,true,1,118632
7290011598211,false,"סנו - אנטי קאלק מרסס ניקוי כללי 4 ב-1 700 מ""ל",החברה הדרומית לשיווק בעמ,,מנקה כללי אנטיקאלק 7,מיליליטרים,700.00,"100 מ""ל",false,,19.90,2.8429,true,1,117404
7290011598259,false,"פרש מטהר אוויר אוטומטי בניחוח מאסק סנו 250 מ""ל",החברה הדרומית לשיווק בעמ,,סנו פרש אוטומטיק מאס,מיליליטרים,250.00,"100 מ""ל",false,,15.90,6.3600,true,1,173289
7290011598365,false,רביעיית מטליות מיקרופייבר מקצועיות סנו סושי,החב הדרומית לשיווק,,סנו סושי מטליות מקרו,Unknown,4.00,יחידה,false,,14.90,3.7250,true,1,117406
7290011598402,false,מקסימה מרכך כביסה ארומתרפי מאסק סנו 4 ליטר,החברה הדרומית לשיווק בעמ,,מרכך כביסה סנו מקסימ,קילוגרמים,4.00,ליטר,false,,22.90,5.7250,true,1,110979
7290011615260,false,"טורטייה 20 ס""מ קוטר וילי פוד 540 גר",ג.וילי פוד אינטרנשיונל בעמ,,וילי פוד עלי טורטיה,גרמים,540.00,100 גרם,false,,10.90,2.0185,true,1,115575
7290011615406,false,בולגרית בקוביות בשמן ותבלינים הבולגריה 325 ג' קוליוס,ג.וילי פוד אינטרנשיונל בעמ,,הבולגריה בקוביות (בש,גרמים,325.00,100 גרם,false,,13.90,4.2769,true,1,115578
7290011618025,false,בייבי ביס הוט קידס נגיסי אורז לתינוק,גואנז'ו יונג וואנט פ,,בייבי ביס לתינוקות ב,Unknown,0.00,יחידה,false,,13.90,0.0000,true,1,111242
7290011618124,false,נגיסי אורז לתינוקות בטעם ירקות,גואנז'ו יונג וואנט פ,,בייבי ביס נגסי אורז,Unknown,0.00,יחידה,false,,13.90,0.0000,true,1,111243
7290011622428,false,כתמטמינים-חטיף בריאות לתינוקות וילדים 45 ג',גורי מוצרי צריכה (1991) בעמ,,כתמטמינים-חטיף בריאו,גרמים,40.00,100 גרם,false,,5.90,14.7500,true,1,116123
7290011622664,false,כתמטמינים - חטיף אצבעות טחינה אורז ותירס 45 גרם,גורי מוצרי צריכה בעמ,,כתמטמינים טחינה 45 ג,Unknown,0.00,יחידה,false,,5.90,0.0000,true,1,116125
7290011668136,false,מסיכה לשיער מחליקה 1 ליטר פנינה רוזנבלום,פנינה רוזנבלום בעמ,,"מסיכה מחליקה 1 ק""ג פ",גרמים,1000.00,100 גרם,false,,32.00,3.2000,true,1,135174
7290011668143,false,מסיכה משקמת ומטפחת לשיער צבוע ופגום,פנינה רוזנבלום בעמ,,"מסיכה משקמת 1 ק""ג פנ",גרמים,1000.00,100 גרם,false,,32.00,3.2000,true,1,135175
7290011668389,false,"קרם ידיים רימונים 100 מ""ל פנינה רוזנבלום",פנינה רוזנבלום בעמ,,קרם ידיים רימונים 10,מיליליטרים,100.00,"100 מ""ל",false,,13.90,13.9000,true,1,135179
7290011668419,false,"שמפו אובלפיחה לשיער רגיל 750 מ""ל פנינה רוזנבלום","פנינה רוזנבלום בע""מ",,שמפו אובלי יומי פנינ,מיליליטרים,750.00,"100 מ""ל",false,,12.90,1.7200,true,1,111194
7290011668426,false,"מרכך אובלפיחה לשיער רגיל 750 מ""ל פנינה רוזנבלום","פנינה רוזנבלום בע""מ",,מרכך אובלי יומי פנינ,מיליליטרים,750.00,"100 מ""ל",false,,12.90,1.7200,true,1,135180
7290011668433,false,"שמפו לשיער צבוע שיאה 750 מ""ל פנינה רוזנבלום","פנינה רוזנבלום בע""מ",,שמפו שיאה שיער צבוע,מיליליטרים,750.00,"100 מ""ל",false,,12.90,1.7200,true,1,111195
7290011668457,false,"שמפו שמן זית לשיער גלי 750 מ""ל פנינה רוזנבלום","פנינה רוזנבלום בע""מ",,שמפו שמן זית גלי פני,מיליליטרים,750.00,"100 מ""ל",false,,12.90,1.7200,true,1,135181
7290011668464,false,"מרכך שיער שמן זית לשיער מתולתל 750 מ""ל פנינה רוזנבלום","פנינה רוזנבלום בע""מ",,מרכך שמן זית מתולתל,Unknown,750.00,יחידה,false,,12.90,0.0172,true,1,135182
7290011668570,false,בריא מהטבע גרנולה פירות יבשים 450 גרם פנינה רוזנבלום,בריא מהטבע פנינה רוזנבלום,,פ.רוזנבלום גרנולה פי,גרמים,500.00,100 גרם,false,,26.90,5.3800,true,1,135183
7290011668587,false,בריא מהטבע גרנולה בטעם עשיר 500 גרם פנינה רוזנבלום,בריא מהטבע פנינה רוזנבלום,,פ.רוזנבלום גרנולה טע,גרמים,500.00,100 גרם,false,,26.90,5.3800,true,1,135184
7290011695286,false,קיסם הפלא אריזה ורודה 250,נאמן לאורך זמן בעמ,,קיסם הפלא 250 יח',Unknown,200.00,יחידה,false,,8.90,0.0445,true,1,121953
7290011695651,false,צנימים עגולים 300 גרם נאמן,נאמן לאורך זמן בעמ,,צנימים עגולים 300גרם,גרמים,300.00,100 גרם,false,,12.90,4.3000,true,1,121960
7290011695958,false,"חומץ תפוחים נאמן 750 מ""ל",נאמן לאורך זמן בעמ,,חומץ תפוחים 6% 750 מ,מיליליטרים,750.00,"100 מ""ל",false,,13.90,1.8533,true,1,121963
7290011695972,false,טוסטים מלבנים בטעמים 100 גרם,נאמן לאורך זמן בעמ,,טוסטים טעימים 100ג,גרמים,100.00,100 גרם,false,,7.90,7.9000,true,1,121964
7290011725006,false,פטרוזיליה אפרתי ברכת דויד,ברכת קטיף,,פטרוזיליה ארוז,Unknown,0.00,יחידה,false,,4.90,0.0000,true,1,138737
7290011743833,false,משחת שיניים פרונאמל סנסודיין (75 מל),גלקסו סמית קליין,,סנסודיין משחת שיניים,Unknown,75.00,יחידה,false,,24.90,0.3320,true,1,133383
7290011745707,false,משחת שיניים פרונמל Pro namel לילדים לגילאי 6-12,גלקסו סמית קליין,,סנסודיין פרונמל ילדי,Unknown,0.00,יחידה,false,,19.90,0.0000,true,1,133385
7290011765071,false,ג'ל גילוח לעור רגיל לחות והגנה Moisture,טרופיקל דגיל תעשיות,,גל גילוח קרמה רגיל 2,מיליליטרים,200.00,"100 מ""ל",false,,13.90,6.9500,true,1,117409
7290011765415,false,בוב ספוג מרכך שיער לילדים כיף (750 מל).,החברה הדרומית לשיווק בעמ,,"בוב ספוג קונ' 750מ""ל",מיליליטרים,750.00,"100 מ""ל",false,,12.90,1.7200,true,1,117417
7290011765422,false,אל סבון מועשר בלחות ותמצית קמומיל - בוב ספוג,החברה הדרומית לשיווק בעמ,,בוב אלסבון קמומיל 75,מיליליטרים,750.00,"100 מ""ל",false,,12.90,1.7200,true,1,117418
7290011765446,false,משחת שיניים לילדים בוב ספוג בטעם מיץ ענבים עם פלואוריד למניעת עששת,טרופיקל דגיל תעשיות קוסמ,,אורביטול משחת שיניים,Unknown,0.00,יחידה,false,,9.90,0.0000,true,1,117420
7290011765613,false,סנו מסיר עובש בניחות לימון מתז 1 ל',החברה הדרומית לשיווק בעמ,,סנו מסיר עובש 1 ליטר,קילוגרמים,1.00,ליטר,false,,18.90,18.9000,true,1,110982
7290011772055,false,אסותא נייר טואלט 32 גלילים,עיסא ערטול בעמ,,אסותא נייר טואלט 32,Unknown,0.00,יחידה,false,,32.90,0.0000,true,1,168427
7290011772086,false,מגבות מטבח אסותא שיש,,,אסותא נייר מטבח שישי,Unknown,6.00,יחידה,false,,11.90,1.9833,true,1,189093
7290011772512,false,קויק תה לימון עם אני,,,קויק תה לימון עם אני,Unknown,0.00,יחידה,false,,19.90,0.0000,true,1,125937
7290011800840,false,רפי כהן סלט טחינה בלאדי צבר 400 גרם,קבוצת אוסם סחר שותפות מוגבלת,,צבר רפי כהן טחינה בל,גרמים,400.00,100 גרם,false,,15.90,3.9750,true,1,126810
7290011830007,false,"סוכר חום אורגני השדה מוצרים אורגנים 1 ק""ג",השדה מוצרים אורגניים,,"סוכר חום אורגני 1 ק""",פריט,1.00,"ק""ג",false,,12.90,12.9000,true,1,179320
7290011830250,false,נודלס אורגני ללא גלוטן 100% כווסמת 250 גרם,השדה מוצרים אורגניים,,נודלס 100% כוסמת 250,גרמים,250.00,100 גרם,false,,18.90,7.5600,true,1,179326
7290011830274,false,אטריות אורגניות ללא גלוטן מאורז שחור 250,השדה מוצרים אורגניים,,אטריות נודלס אורגניו,גרמים,250.00,100 גרם,false,,18.90,7.5600,true,1,172837
7290011830373,false,פפרדלה מקמח דורום 5 צבעים אורגני 500 גרם,השדה מוצרים טבעיים ו,,פסטה אורגנית מקמח דו,גרמים,500.00,100 גרם,false,,26.90,5.3800,true,1,179328
7290011876616,false,מאמא עוף כוכבי תירס,,,מאמא עוף כוכבי תירס,גרמים,400.00,100 גרם,false,,19.00,4.7500,true,1,114240
7290011876821,false,"אצבעות הודו ועוף שומשום 1ק""ג מאמא עוף",,,מאמאעוף אצבעות הודו,פריט,1.00,"ק""ג",false,,34.90,34.9000,true,1,114241
7290011877859,false,סנו אינסטלטור חדש פותח סתימות 200ג',החברה הדרומית לשיווק בעמ,,סנו אינסטלטור פותח ס,Unknown,200.00,יחידה,false,,14.90,0.0745,true,1,173302
7290011877866,false,"מקסימה אבקת כביסה בניחוח מאסק סנו 6 ק""ג",החברה הדרומית לשיווק בעמ,,אבקת כביסה מקסימה מא,פריט,6.00,"ק""ג",false,,49.90,8.3167,true,1,117427
7290011912635,false,ליסטרין שטיפת פה הגנה על השיניים והחניכי,שקד תבל בעמ,,ליסטרין מנטה מרענן 2,מיליליטרים,250.00,"100 מ""ל",false,,12.90,5.1600,true,1,202720
7290011912642,false,ליסטרין שטיפת פה הגנה על השיניים והחניכי,ג'\ונסון אנד ג'\ונסון,,*מבצע* ליסטרין מי פה,ליטרים,500.00,100 ליטר,false,,16.90,0.0338,true,1,166666
7290011923068,false,הצהובה הקלאסית פרוס תחליף שומן צמחי 200גר,,,פרוסות צהובה קלאסית,גרמים,200.00,100 גרם,false,,19.90,9.9500,true,1,187646
7290011923112,false,גבינת גוש בסגנון פטה יוונית טבעוני 200 ג,,,גוש בסגנון פטה יווני,גרמים,200.00,100 גרם,false,,19.90,9.9500,true,1,187648
7290011923273,false,טופו אורגני ליב (300 גרם),ל.י.ב. (לחיות יותר בטבע) בעמ,,טופו אורגני ליב,גרמים,300.00,100 גרם,false,,14.90,4.9667,true,1,145987
7290011923303,false,טופו טבעי ליב (300 גרם),ל.י.ב. (לחיות יותר בטבע) בעמ,,טופו טבעי 300גרם,גרמים,300.00,100 גרם,false,,13.90,4.6333,true,1,145988
7290011931162,false,סוכרלייט ממתיק נוזלי על בסיס סוכרלוז,אף.סי תבליני בגליל ב,,סוכרלייט נוזלי 220 מ,מיליליטרים,220.00,"100 מ""ל",false,,26.90,12.2273,true,1,132231
7290011931193,false,סוכרלייט סוכרזית כפית לכפית 100 גרם,שטראוס גרופ בע`מ,,סוכרלייט כפית לכפית,גרמים,105.00,100 גרם,false,,30.00,28.5714,true,1,132232
7290011942007,false,פיתה לבנונית גדול,,,פיתה לבנונית גדול,Unknown,0.00,יחידה,false,,16.90,0.0000,true,1,154392
7290011947866,false,זיתא מיקס זיתים בפח 250 גרם,תה ויסוצקי (ישראל) בעמ,,זיתא מיקס זיתים,Unknown,0.00,יחידה,false,,19.90,0.0000,true,1,175208
7290011988432,false,KERATIN שמפו נגד קשק,,,KERATIN שמפו נגד קשק,מיליליטרים,1000.00,"100 מ""ל",false,,69.90,6.9900,true,1,144730
7290012000485,false,מי זהר אלזהראא 650 מ,,,מי זהר אלזהראא 650 מ,מיליליטרים,650.00,"100 מ""ל",false,,9.90,1.5231,true,1,119051
7290012000492,false,"מי וורדים 650 מ""ל אלזהראא",,,"מי ורדים 650 מ""ל",מיליליטרים,650.00,"100 מ""ל",false,,9.90,1.5231,true,1,141258
7290012000515,false,חומץ תפוחים טבעי 650,,,חומץ תפוחים טבעי 650,מיליליטרים,650.00,"100 מ""ל",false,,9.90,1.5231,true,1,119052
7290012000522,false,"סחלב אלזהראא 1 ק""ג",,,"סחלב אלזהראא 1 ק""ג",פריט,1.00,"ק""ג",false,,19.90,19.9000,true,1,141260
7290012000553,false,אסאנס מי זהר 30 גרם,,,אסאנס מי זהר 30 גרם,Unknown,0.00,יחידה,false,,9.90,0.0000,true,1,141261
7290012000645,false,אסאנס מי ורד 30 גרם,,,אסאנס מי ורד 30 גרם,Unknown,0.00,יחידה,false,,9.90,0.0000,true,1,141262
7290012000782,false,סחלב אלזהראא 500 גרם,,,סחלב אלזהראא 500 גרם,גרמים,500.00,100 גרם,false,,14.90,2.9800,true,1,188025
7290012000843,false,גלי אלזהראא 500 גרם,,,גלי אלזהראא 500 גרם,גרמים,500.00,100 גרם,false,,19.90,3.9800,true,1,202617
7290012019401,false,מיץ דובדבן 100% 1 ליטר תוצרת גרוזיה,תומר יבוא ושיווק מוצרי מזון (1,,מיץ דובדבן גיאורגיה,Unknown,0.00,יחידה,false,,22.90,0.0000,true,1,129885
7290012022203,false,פריכיות חיטה מלאה 60 גרם,דילייט 2005 בע`מ,,קליליות חיטה מלאה 10,גרמים,100.00,100 גרם,false,,13.50,13.5000,true,1,136835
7290012022227,false,פריכיות חיטה טבעי 60 גרם,דילייט 2005 בע`מ,,קליליות בטעם טבעי,Unknown,0.00,יחידה,false,,11.50,0.0000,true,1,136836
7290012022272,false,פריכיות קליליות קידס,דילייט 2005 בעמ,,קליליות קידס,Unknown,0.00,יחידה,false,,10.60,0.0000,true,1,136837
7290012052231,false,גרנולה חמוציות אוכמניות וקשיו 800 גרם,רפאלס,,רפאל גרנולה חמוציות,גרמים,800.00,100 גרם,false,,27.90,3.4875,true,1,147225
7290012052309,false,גרנולה בננה צימוקים ושקדים מרכיבים טבעיים 1 ק''ג,כרמית תעשיות ממתקים בעמ,,גרנולה טבעית בננה צי,גרמים,1000.00,100 גרם,false,,24.90,2.4900,true,1,147226
7290012052316,false,גרנולה תענוג - שפע פירות 1 קילו,כרמית תעשיות ממתקים בעמ,,תענוג גרנולה פירות י,Unknown,0.00,יחידה,false,,24.90,0.0000,true,1,147227
7290012052330,false,גרנולה תענוג חלבה ותמרים 1 ק''ג,כרמית תעשיות ממתקים בעמ,,תענוג גרנולה 1קג,גרמים,1000.00,100 גרם,false,,24.90,2.4900,true,1,147229
7290012052347,false,"גרנולה תענוג-צימוקים ושקדים ללא תוספת סוכר 1 ק""ג",כרמית תעשיות ממתקים בעמ,,גרנולה תענוג תערובת,Unknown,0.00,יחידה,false,,24.90,0.0000,true,1,147230
7290012099014,false,לפה לבנונית,,,לפה לבנונית,גרמים,600.00,100 גרם,false,,14.90,2.4833,true,1,154395
7290012108617,false,נוזל שמשות 4 ליטר,,,נוזל שמשות 4 ליטר,קילוגרמים,4.00,ליטר,false,,13.90,3.4750,true,1,163511
7290012116032,false,כיף פיות מרכך לסירוק קל 750 מל,החברה הדרומית לשיווק בעמ,,"כיף פיות מרכך 750 מ""",מיליליטרים,750.00,"100 מ""ל",false,,12.90,1.7200,true,1,117431
7290012116551,false,אנטי קאלק נוזל לניקוי כללי סנו 2 ליטר,החברה הדרומית לשיווק בעמ,,סנו אנטי קאלק 4 באחד,קילוגרמים,2.00,ליטר,false,,19.90,9.9500,true,1,110987
7290012116674,false,"דאודורנט גל קול 75 מ""ל קרמה מן",החברה הדרומית לשיווק בעמ,,קרמה מן דאודורנט גל,Unknown,0.00,יחידה,false,,13.90,0.0000,true,1,117438
7290012116681,false,דאודורנט ג'ל אנטיפרספירנט אקטיב בלוק Calm,החברה הדרומית לשיווק בעמ,,קרמה מן דאודורנט גל,Unknown,0.00,יחידה,false,,13.90,0.0000,true,1,117439
7290012117091,false,"אבקת כביסה סנסיטיב סנו מקסימה 6 ק""ג",החברה הדרומית לשיווק בעמ,,אבקת -כביסה סנו מקסי,פריט,6.00,"ק""ג",false,,49.90,8.3167,true,1,117444
7290012117275,false,"קליר שקית מילוי לניקוי חלונות סנו 750 מ""ל",החברה הדרומית לשיווק בעמ,,סנוקליר שקית מילוי 7,מיליליטרים,750.00,"100 מ""ל",false,,6.90,0.9200,true,1,173310
7290012117350,false,"נוזל רצפות לילך 2 ליטר ""ריצפז פרש""",החברה הדרומית לשיווק בעמ,,ריצפז פרש לילך לבנדר,קילוגרמים,2.00,ליטר,false,,17.90,8.9500,true,1,110990
7290012117398,false,קרמה מן גל לאחר גילוח לעור עדין 150 מל,החברה הדרומית,,קרמה מן אפטר שייב גל,מיליליטרים,150.00,"100 מ""ל",false,,33.00,22.0000,true,1,173312
7290012117411,false,"שמפו וג'ל רחצה רויבוס 700 מ""ל ""קרמה""",החברה הדרומית לשיווק בעמ,,גל רחצה קרמה לגבר 70,מיליליטרים,700.00,"100 מ""ל",false,,17.90,2.5571,true,1,173313
7290012117428,false,"ג'ל רחצה ושמפו מעיינות מנטה קרמה מן 700 מ""ל",החברה הדרומית לשיווק בעמ,,שמפו גל רחצה קרמה לג,מיליליטרים,700.00,"100 מ""ל",false,,17.90,2.5571,true,1,173314
7290012117435,false,"קרמה - שמפו וג'ל רחצה 2 ב-1 אלוורה 700 מ""ל",החברה הדרומית לשיווק בעמ,,גל רחצה קרמה לגבר 70,מיליליטרים,700.00,"100 מ""ל",false,,17.90,2.5571,true,1,173315
7290012117626,false,שטיפת פה דנטלית לילדים בטעם ענבים בוב ספוג,קוסמופארם בע'\'\מ,,אורביטול בוב ספוג מי,מיליליטרים,250.00,"100 מ""ל",false,,13.90,5.5600,true,1,173320
7290012117732,false,מקסימה מרכך כביסה ארומתרפי קול סנו 4 ליטר,החברה הדרומית לשיווק בעמ,,מרכך מקסימה קול 4 לי,קילוגרמים,4.00,ליטר,false,,22.90,5.7250,true,1,110999
7290012117916,false,אינסטלטור נוזל לפתיחת סתימות סנו 1 ליטר,החברה הדרומית לשיווק בעמ,,סנו אינסטלטור פותח ס,קילוגרמים,1.00,ליטר,false,,23.90,23.9000,true,1,111000
7290012139482,false,בג עצם לחוצה מעושנת בציפוי עוף 3 מקט ח,דיפלומט מפיצים (1968) בעמ**,,בונזו ג'וי עצם לחוצה,גרמים,160.00,100 גרם,false,,19.00,11.8750,true,1,140726
7290012173639,false,בלוק חמוץ מסוכר 120גר,זארובי פיצוחי הגליל,,בלוק חמוץ מסוכר 120,גרמים,120.00,100 גרם,false,,5.90,4.9167,true,1,187179
7290012173653,false,גומי יין 100 גרם,,,גומי יין 100 גרם,גרמים,100.00,100 גרם,false,,5.90,5.9000,true,1,187023
7290012173684,false,גומי בננה 100 גרם,,,גומי בננה 100 גרם,גרמים,100.00,100 גרם,false,,5.90,5.9000,true,1,187020
7290012173769,false,תות וניל 100 גרם,זארובי פיצוחי הגליל,,תות וניל 100 גרם,גרמים,100.00,100 גרם,false,,5.90,5.9000,true,1,187025
7290012191855,false,עשיריית גפרורים שמאי,,,ר.שמאי גפרור רגיל עש,Unknown,0.00,יחידה,false,,2.90,0.0000,true,1,152034
7290012191886,false,שמאי - גפרור ענק,,,שמאי - גפרור ענק,Unknown,0.00,יחידה,false,,6.90,0.0000,true,1,152035
7290012193125,false,ממתיק על בסיס סוכרלוז - טבליות,"קיפל טבליות וממתיקים בע""מ",,מרמולייט סוכרלוז 150,Unknown,150.00,יחידה,false,,26.90,0.1793,true,1,138139
7290012226014,false,נקניקיות וינר זוגלובק 800 גרם,נקניק נהריה כשר זוגל,,נקניקיות וינר 800 גר,גרמים,800.00,100 גרם,false,,21.90,2.7375,true,1,147097
7290012226021,false,נקניק סלמי מעושן פראג זוגלובק (400 גרם),נקניק נהריה כשר זוגל,,סלמי מעושן פראג 400,גרמים,400.00,100 גרם,false,,15.90,3.9750,true,1,147098
7290012226076,false,נקניק חרמון הודו ועוף זוגלובק 200 ג',זוגלובק,,זוגלובק חרמון 200 גר,גרמים,200.00,100 גרם,false,,16.00,8.0000,true,1,147099
7290012226083,false,זוגלובק שניצל צמחי ד,,,זוגלובק שניצל צמחי ד,גרמים,700.00,100 גרם,false,,29.00,4.1429,true,1,147100
7290012226120,false,קבנוס זוגלובק (45x3 גרם),נקניק נהריה כשר זוגל,,קבנוס 135 גר' זוגלוב,גרמים,135.00,100 גרם,false,,9.90,7.3333,true,1,147101
7290012226922,false,קבנוס בטעם שום זוגלובק (45x3 גרם),נקניק נהריה כשר זוגל,,קבנוס עם שום 135 גר',גרמים,135.00,100 גרם,false,,9.90,7.3333,true,1,147104
7290012226939,false,קבנוס עם צ'ילי חריף זוגלובק 135 גרם,נקניק נהריה כשר זוגל,,קבנוס עם צ'ילי חריף,גרמים,135.00,100 גרם,false,,9.90,7.3333,true,1,147105
7290012226991,false,"נקניקיות עוף באריזת ג''מבו 1.5 ק""ג זוגלובק",נקניק נהריה כשר זוגל,,נקניקיות ג'מבו 1.5 ק,Unknown,1.50,יחידה,false,,26.70,17.8000,true,1,147110
7290012227172,false,חרמן הודו בדבש וברביקיו זוג במארז 600 ג' זוגלובק,נקניק נהריה כשר זוגל,,ח.עוף והודו בדבש 300,גרמים,600.00,100 גרם,false,,25.90,4.3167,true,1,147114
7290012227325,false,סלמי דק דק מעושן איטלקי 120 ג' זוגלובק,זוגלובק שיווק בעמ,,סלמי מעושן איטלקי 12,גרמים,120.00,100 גרם,false,,13.90,11.5833,true,1,147116
7290012227400,false,נקניקיות עוף זוגלובק 800 גרם,נקניק נהריה כשר זוגל,,נקניקיות עוף 800 גר',גרמים,800.00,100 גרם,false,,21.90,2.7375,true,1,147119
7290012227653,false,חרמון הודו ועוף ואקום,זוגלובק,,חרמון עוף והודו וואק,גרמים,400.00,100 גרם,false,,18.90,4.7250,true,1,147120
7290012227660,false,"סלמי תה מעושן בוואקום 400 גרם ""זוגלובק""",זוגלובק,,סלמי תה מעושן וואקום,גרמים,400.00,100 גרם,false,,18.90,4.7250,true,1,147121
7290012227691,false,סלמי תה פפרוני 360 גר`,נקניק זוגלובק נהריה,,סלמי תה פפרוני 360,Unknown,0.00,יחידה,false,,18.90,0.0000,true,1,147123
7290012227912,false,קבנוס מעודן זוגלובק 135 גרם,נקניק זוגלובק נהריה,,קבנוס מעודן 135 גר',גרמים,135.00,100 גרם,false,,9.90,7.3333,true,1,147126
7290012227974,false,פסטרמה הודו בדבש טהור דק דק דק,זוגלובק שיווק בעמ,,פסטרמה הודו בדבש טהו,גרמים,200.00,100 גרם,false,,13.90,6.9500,true,1,147127
7290012227981,false,פסטרמה דק דק ברביקיו 120 ג' זוגלובק,זוגלובק שיווק בעמ,,פסטרמה ברביקיו 120 ג,גרמים,120.00,100 גרם,false,,13.90,11.5833,true,1,147128
7290012227998,false,פסטרמה דק דק חזה בקר 120 ג' זוגלובק,זוגלובק שיווק בעמ,,חזה בקר 120 גר' דק ד,גרמים,120.00,100 גרם,false,,13.90,11.5833,true,1,147129
7290012228124,false,קבנוס סטיקס עם נגיעות מלח ים סדרת ריינהולד'ס,זוגלובק שיווק בעמ,,קבנוסטיקס-חטיף קבנוס,Unknown,0.00,יחידה,false,,9.90,0.0000,true,1,147132
7290012228261,false,נקנקיות קנקרס הודו ועוף ריינהולד'ס זוגלובק 300 ג',זוגלובק שיווק בעמ,,קנקרס נקניקיה עוף וה,גרמים,300.00,100 גרם,false,,19.90,6.6333,true,1,147141
7290012228278,false,נקנקיות בוקוורסט עוף ובקר ריינהולד'ס 310 ג' זוגלובק,זוגלובק שיווק בעמ,,בוקוורסט נקניקיה עוף,גרמים,310.00,100 גרם,false,,19.90,6.4194,true,1,147142
7290012228704,false,הספרדיה – נקניקיית עוף ובקר חריפות ריינהולד'ס,זוגלובק שיווק בעמ,,הספרדיה נקניקיה עוף,גרמים,310.00,100 גרם,false,,19.90,6.4194,true,1,147160
7290012228728,false,קבנוס סטיקס בסגנון מקסיקני חריף סדרת ריינהולד'ס,זוגלובק שיווק בעמ,,זוגלובק קבנוס סטיקס,Unknown,0.00,יחידה,false,,9.90,0.0000,true,1,147162
7290012228797,false,נקיקיות ביג קרנקס זוגלובק 500 ג',זוגלובק שיווק בעמ,,נקניקיות ביג קנקרס 5,גרמים,500.00,100 גרם,false,,13.90,2.7800,true,1,147168
7290012228971,false,סלמי תה פפרוני 180 גר`זוגלובק,זוגלובק שיווק בעמ,,סלמי תה פפרוני 180 ג,גרמים,180.00,100 גרם,false,,14.90,8.2778,true,1,160730
7290012228988,false,חרמון הודו ועוף בדבש זוגלובק 200 ג',זוגלובק שיווק בעמ,,חרמון עוף והודו בדבש,גרמים,200.00,100 גרם,false,,14.90,7.4500,true,1,160731
7290012228995,false,חרמון הודו ועוף ברביקיו זוגלובק 200 ג',זוגלובק שיווק בעמ,,חרמון עוף והודו ברבק,גרמים,200.00,100 גרם,false,,14.90,7.4500,true,1,160732
7290012245275,false,"גולד ציפס בטטה קריספי 1 ק""ג",קפוא זן תעשיות מזון בעמ,,גולד צ'יפס בטטה קריס,פריט,1.00,"ק""ג",false,,29.90,29.9000,true,1,195616
7290012245336,false,"גולד צ'יפס סטייק 1.5 ק""ג גולד שארית",קפוא-זן תעשיות מזון בעמ - תפוג,,גולד סטייק צ'יפס 1.5,Unknown,0.00,יחידה,false,,19.90,0.0000,true,1,195617
7290012251535,false,שרימפס מבושל 750 גר קפוא,,,שרימפס מבושל 750 גר,מיליליטרים,750.00,"100 מ""ל",false,,54.90,7.3200,true,1,137103
7290012260827,false,שערות קדאיף מזאווי 4,א.ג בחירה חכמה בעמ,,קדאייף 475 גרם,גרמים,475.00,100 גרם,false,,14.90,3.1368,true,1,187822
7290012309878,false,חלבה עם פיסטוקים 500 גר`ששון הקולה,דין שיווק וקליה 2021 בעמ,,חלבה פיסטוק 500גר די,גרמים,500.00,100 גרם,false,,14.30,2.8600,true,1,134367
7290012352010,false,קרם לחות מזינה עם שמן ארגן מרוקאי לשיער יבש מאוד ופגום,החברה הדרומית לשיווק בעמ,,לחות+שמן ארגן לש.יבש,מיליליטרים,400.00,"100 מ""ל",false,,22.90,5.7250,true,1,117453
7290012352027,false,קרם לחות מזינה עם שמן אגוז ברזילאי לשיער צבוע ופגום,נטורל פורמולה Natural Formula,,נטורל פורמולה לחות+ש,מיליליטרים,400.00,"100 מ""ל",false,,22.90,5.7250,true,1,117454
7290012352034,false,"נטורל - קרם לחות עם שמן אגוז מקדמיה לשיער מתולתל 400 מ""ל",החברה הדרומית לשיווק בעמ,,לחות+שמן אגוז לש.מתו,מיליליטרים,400.00,"100 מ""ל",false,,22.90,5.7250,true,1,111001
7290012367908,false,שמן טיפולי לתינוק בתוספת אלוורה Kamil Blue Sensitive,פישר תעשיות פרמצבטיות בעמ,,שמן תינוקות אלוורה פ,מיליליטרים,200.00,"100 מ""ל",false,,18.00,9.0000,true,1,136887
7290012404177,false,"שוופס Fruits תפוח זכוכית 330 מ""ל",יפאורה שותפות מוגבלת לשיווק,,שוופס מוגז תפוחים 33,מיליליטרים,330.00,"100 מ""ל",false,,7.00,2.1212,true,1,120439
7290012404955,false,נקטר חמוציות ספרינג קולקשן (1.25 ליטר),יפאורה - שותפות מוגבלת לשיווק,,ספרינג קולקשן נקטר ח,קילוגרמים,1.25,ליטר,false,,12.90,10.3200,true,1,120450
7290012404993,false,נקטר דיאט חמוציות ספרינג קולקשן 1.25 ליטר,יפאורה - שותפות מוגבלת לשיווק,,ספרינג קולקשן נקטר ד,קילוגרמים,1.25,ליטר,false,,12.90,10.3200,true,1,120452
7290012413636,false,תה ירוק צ'אי מסאלה ויסוצקי 25 יחידות,תה ויסוצקי (ישראל) בעמ,,תה ירוק מסאלה 37.5 ג,Unknown,0.00,יחידה,false,,24.90,0.0000,true,1,129637
7290012413643,false,תה ירוק קמומיל ויסוצקי 25 יחידות,תה ויסוצקי (ישראל) בעמ,,ויסוצקי תה ירוק קמומ,Unknown,25.00,יחידה,false,,24.90,0.9960,true,1,129638
7290012453168,false,תירס A9 עדן,,,תירס A9 עדן,פריט,2.52,"ק""ג",false,,25.90,10.2778,true,1,153339
7290012453182,false,עדן מלפפונים במלח 13,,,עדן מלפפונים במלח 13,גרמים,385.00,100 גרם,false,,8.90,2.3117,true,1,153340
7290012453397,false,רסק עגבניות A9,,,רסק עגבניות A9,Unknown,0.00,יחידה,false,,29.90,0.0000,true,1,200611
7290012453410,false,זיתים חרוזית ירוק A2,,,זיתים חרוזית ירוק A2,Unknown,0.00,יחידה,false,,7.90,0.0000,true,1,184944
7290012453427,false,זיתים מנזלינו ירוק A,,,זיתים מנזלינו ירוק A,Unknown,0.00,יחידה,false,,6.90,0.0000,true,1,184945
7290012453496,false,זיתים 3קג חרוזית עדן,,,זיתים חרוזית ירוק A9,Unknown,0.00,יחידה,false,,35.90,0.0000,true,1,186295
7290012453519,false,מלפפונים בחומץ 7-9,,,מלפפון בחומץ 7-9 20%,Unknown,0.00,יחידה,false,,6.90,0.0000,true,1,184947
7290012453533,false,מלפפון בחומץ 13-17,,,מלפפון בחומץ 13-17,Unknown,0.00,יחידה,false,,8.90,0.0000,true,1,184948
7290012453540,false,מלפפון בחומץ 18/25 A,,,מלפפון בחומץ 18/25 A,Unknown,0.00,יחידה,false,,9.90,0.0000,true,1,153348
7290012454561,false,קישוט לעוגה חום בבצנצנת מיה 80 גרם,מיה תעשיות מזון מ.ת.מ בעמ,,מיה קישוט לעוגה בצנצ,Unknown,0.00,יחידה,false,,5.00,0.0000,true,1,135032
7290012500077,false,יוגורט עזים בלדי 1.5ל',,,לבן בלדי 1.5 ליטר,קילוגרמים,1.50,ליטר,false,,22.90,15.2667,true,1,144599
7290012500183,false,יוגורט עיזים בלדי 3ל',,,לבן בלדי3 ליטר,קילוגרמים,3.00,ליטר,false,,38.90,12.9667,true,1,144600
7290012522581,false,טבעול שניצל תירס ללא גלוטן טבעול 664 גרם,קבוצת אוסם סחר-שות.מוגבלת,,טבעול שניצל תירס ללא,גרמים,664.00,100 גרם,false,,29.90,4.5030,true,1,126818
7290012525865,false,לה קרמריה וניל איטלק,,,לה קרמריה וניל איטלק,קילוגרמים,1.20,ליטר,false,,20.00,16.6667,true,1,122105
7290012525889,false,לה קרמריה וניל שוקו,,,לה קרמריה וניל שוקו,קילוגרמים,1.20,ליטר,false,,20.00,16.6667,true,1,122106
7290012525896,false,לה קרמריה ריבת חלב 1,,,לה קרמריה ריבת חלב 1,קילוגרמים,1.20,ליטר,false,,20.00,16.6667,true,1,122107
7290012525902,false,לה קרמריה פונטש בננה,,,לה קרמריה פונטש בננה,קילוגרמים,1.20,ליטר,false,,20.00,16.6667,true,1,122108
7290012525919,false,לה קרמריה פיסטוק מוק,,,לה קרמריה פיסטוק מוק,קילוגרמים,1.20,ליטר,false,,20.00,16.6667,true,1,122109
7290012525926,false,לה קרמריה תותים בשמנ,,,לה קרמריה תותים בשמנ,קילוגרמים,1.20,ליטר,false,,20.00,16.6667,true,1,122110
7290012525933,false,לה קרמריה שוקולד 1.2,,,לה קרמריה שוקולד 1.2,קילוגרמים,1.20,ליטר,false,,20.00,16.6667,true,1,122111
7290012525940,false,לה קרמריה שוקו וניל,,,לה קרמריה שוקו וניל,קילוגרמים,1.20,ליטר,false,,20.00,16.6667,true,1,122112
7290012561337,false,כורכום טרי כתוש קפוא דורות 70 גר,קבוצת אוסם סחר שותפות מוגבלת,,דורות כורכום טרי כתו,Unknown,0.00,יחידה,false,,10.90,0.0000,true,1,126822
7290012561405,false,בצל קצוץ ומטוגן דורות (180 גרם),קבוצת אוסם סחר שותפות מוגבלת,,בצל חצי מטוגן דורות,גרמים,180.00,100 גרם,false,,10.90,6.0556,true,1,126823
7290012588242,false,"מים מינרלים מיי וואטר כדורגל מארז 500X6מ""ל",נרה קריטיס אס איי באריפט,,כדורגל מים מינרלים ב,Unknown,6.00,יחידה,false,,15.90,2.6500,true,1,142453
7290012588747,false,מאסטר קפה קולומביאני,טמפו 7.5%,,מאסטר קפה קולומביאני,מיליליטרים,290.00,"100 מ""ל",false,,27.00,9.3103,true,1,142456
7290012637117,false,חליטת צמחים בשקיקים,,,חליטת צמחים בשקיקים,Unknown,0.00,יחידה,false,,19.90,0.0000,true,1,137278
7290012637124,false,חליטת צמחים בשקיקים,,,חליטת צמחים בשקיקים,Unknown,0.00,יחידה,false,,19.90,0.0000,true,1,137279
7290012637131,false,חליטת צמחים בשקיקים,,,חליטת צמחים בשקיקים,Unknown,0.00,יחידה,false,,19.90,0.0000,true,1,137280
7290012642036,false,"פסטה ""לה פסטה"" 400 ג' ספגטי 400 ג'",תומר יבוא ושיווק מוצרי מזון (1,,לה פסטה 5 ספגטי 400,גרמים,400.00,100 גרם,false,,3.90,0.9750,true,1,118650
7290012642678,false,אננס בכוסות פלסטיק 4*113 ג' תומר,FOODS HUIZIANG JIANGSU,,תומר אננס בכוסות פלס,גרמים,452.00,100 גרם,false,,10.10,2.2345,true,1,118655
7290012642845,false,פלפל אדום כבוש בחומץ תומר 520 ג',תומר,,פלפל אדום כבוש 520 ג,גרמים,520.00,100 גרם,false,,14.00,2.6923,true,1,118660
7290012642869,false,פלפלונים אדום בחומץ חריף 540 מ`ל תומר,תומר ייבוא ושיווק מוצרי מזון [,,פלפלונים אדומים כבוש,גרמים,530.00,100 גרם,false,,12.90,2.4340,true,1,118662
7290012642906,false,פלפלים ירוקים מוחמצים שלמים בחריפות עדינה,תומר,,פלפלים ירוקים כבוש 4,גרמים,450.00,100 גרם,false,,10.20,2.2667,true,1,118665
7290012645020,false,"יוגורט עיזים טבעי בבקבוק חלב הארץ 500 מ""ל",שטראוס גרופ בעמ/מצונן,,בקבוק יוגורט עיזים ט,גרמים,500.00,100 גרם,false,,11.90,2.3800,true,1,169090
7290012645112,false,יוגורט עיזים 2.8% בדלי חלב הארץ 750 גרם,שטראוס גרופ בעמ/מצונן,,דלי יוגורט עיזים 750,גרמים,750.00,100 גרם,false,,19.90,2.6533,true,1,139915
7290012645129,false,יוגורט כבשים 5% בדלי חלב הארץ 750 גרם,שטראוס גרופ בעמ/מצונן,,דלי יוגורט כבשים 750,גרמים,750.00,100 גרם,false,,19.90,2.6533,true,1,139916
7290012645389,false,יוגורט עיזים טבעי 1 ליטר בבקבוק חלב האר,שטראוס גרופ בעמ/מצונן,,בקבוק יוגורט עיזים ט,פריט,1.00,"ק""ג",false,,22.90,22.9000,true,1,139923
7290012726668,false,ממרח צ'מיצ'ורי 145 מ,,,ממרח צ'מיצ'ורי 145 מ,מיליליטרים,145.00,"100 מ""ל",false,,22.90,15.7931,true,1,180295
7290012803215,false,טוסו וופל בלגי ללתס בטעם שוקולד 200 גר`,בטר אנד דיפרנט,,טוסו וופל בלגי שוקול,גרמים,200.00,100 גרם,false,,10.90,5.4500,true,1,138147
7290012803222,false,טוסו ופל בסגנון בלגי בטעם לימון ללא תוספת סוכר 200 גרם,בטר אנד דיפרנט,,טוסו וופל בלגי לימון,גרמים,200.00,100 גרם,false,,10.90,5.4500,true,1,138148
7290012803451,false,טוסו שוקולד מריר 62% מוצקי קקאו ללא תוספת סוכר 100 גרם,"דנשר (1963) בע,מ",,טוסו שוקלד מריר 100,גרמים,100.00,100 גרם,false,,13.00,13.0000,true,1,138152
7290012803765,false,טוסו שוקולד מריר ללא תוספת סוכר 100 גרם,אלטינמארקה גידה סאן,,טוסו שוק.מריר 100 גר,Unknown,0.00,יחידה,false,,13.00,0.0000,true,1,138158
7290012818080,false,ספיידר חטיף בוטנים 80 גר,"10 ברוס ע.ט בע""מ",,במבה ספיידר 80 גרם,Unknown,0.00,יחידה,false,,2.90,0.0000,true,1,135480
7290012823398,false,מטליות חד פעמיות לניקוי הרצפה בניחוח מרכך כביסה 10יח' סנו,החברה הדרומית לשיווק בעמ,,ריצפז מטליות לחות לנ,Unknown,10.00,יחידה,false,,13.90,1.3900,true,1,173328
7290012823404,false,מטהר אוויר פרש אוטומטיק יסמין וסנדלווד,החב. הדרומית לשיווק,,סנו פרש אוטומטיק יסמ,Unknown,250.00,יחידה,false,,15.90,0.0636,true,1,173329
7290012823541,false,ריצפז פרש מטליות לחות לרצפה בניחוח לבנדר 10 יחידות,החברה הדרומית לשיווק בעמ,,ריצפז פרש מטליות חד,Unknown,10.00,יחידה,false,,13.90,1.3900,true,1,173331
7290012823589,false,ריצפז פרש בניחוח לימון מרענן,החברה הדרומית לשיווק בעמ,,ריצפז פרש לימון 2 לי,קילוגרמים,2.00,ליטר,false,,17.90,8.9500,true,1,117460
7290012823794,false,אל סבון נוזלי יסמין לבנדר כיף (2 ליטר),החברה הדרומית לשיווק בעמ,,כיף אל סבון 2 ליטר,קילוגרמים,2.00,ליטר,false,,22.90,11.4500,true,1,173335
7290012823916,false,גל כביסה סנו מקסימ מרוכז קריסטל נואר 5 ל,החברה הדרומית לשיווק בעמ,,מקסימה ג'ל כביסה קרי,קילוגרמים,5.00,ליטר,false,,46.90,9.3800,true,1,173336
7290012823947,false,"סנו - מרכך כביסה מרוכז פרפיום קריסטל נואר 750 מ""ל",החברה הדרומית לשיווק בעמ,,סנו מקסימה מרכך פרפי,מיליליטרים,750.00,"100 מ""ל",false,,18.90,2.5200,true,1,172232
7290012850011,false,מחית תפוחי עץ שלב 3 בילובד (190 גרם),שקד תבל בע`מ,,מחית תפוחי עץ 190 גר,גרמים,190.00,100 גרם,false,,4.90,2.5789,true,1,158440
7290012850035,false,מחית בוליווד תפוח ואפרסק 190 גרם,שקד תבל בע`מ,,מחית תפוח ואפרסק 190,גרמים,190.00,100 גרם,false,,4.90,2.5789,true,1,158441
7290012850073,false,מחית בוליווד סלט פירות 190 גרם,שקד תבל בע`מ,,מחית סלט פירות 190 ג,גרמים,190.00,100 גרם,false,,4.90,2.5789,true,1,158442
7290012864001,false,נבטי חמנייה ארוז א.אדמה,ביכורי השדה צפון 1994 ג.ד. בעמ,,נבטי העמק,Unknown,0.00,יחידה,false,,9.90,0.0000,true,1,138788
7290012864025,false,נבטי אלפא אלפא ארוז א.אדמה,"בכורי השדה צפון1994 ג.ד. בע""מ",,אלפלפא נבטי העמק,Unknown,0.00,יחידה,false,,5.90,0.0000,true,1,138789
7290012884986,false,צ`יפס לתנור עד 4% שומן תפוגן (1.5 קג),קבוצת אוסם סחר שותפות מוגבלת,,תפוגן ציפס לתנור עד,פריט,1.50,"ק""ג",false,,25.20,16.8000,true,1,126824
7290012901355,false,דודלס ארוחת אטריות עם גבינה 206 גרם,האי נאם סי או אל.טי.,,דודלס מקרוני גבינה א,Unknown,0.00,יחידה,false,,10.90,0.0000,true,1,156020
7290012901959,false,ארוחת אטריות עם גבינה מסולסלים 156 גרם,מור-ים מרקטינג בעמ,,ארוחת אטריות עם גבינ,גרמים,156.00,100 גרם,false,,10.90,6.9872,true,1,156021
7290012931017,false,מברשת לשירותים,,,מברשת לשירותים,Unknown,0.00,יחידה,false,,3.90,0.0000,true,1,145034
7290012931062,false,אטבי כביסה הדור החדש,מ.א.ייצור ויבוא מטליות בעמ,,אטבי הדור החדש,Unknown,0.00,יחידה,false,,6.90,0.0000,true,1,145035
7290012931079,false,מט' כרומה אדום+ מקל,,,מט' כרומה אדום+ מקל,Unknown,0.00,יחידה,false,,12.90,0.0000,true,1,157794
7290012931611,false,כריות ברזל לקרצוף חזק שייני 3 יחידות,מ.א.ייצור ויבוא מטליות בעמ,,שייני כריות ברזל לקר,Unknown,3.00,יחידה,false,,7.90,2.6333,true,1,145041
7290012931697,false,כפפות לטקס מידה סמול,,,שייני כפפות לטקס 100,Unknown,0.00,יחידה,false,,19.90,0.0000,true,1,145042
7290012931703,false,כפפות מנתחים M א- 100 יח',,,שייני כפפות לטקס 100,Unknown,0.00,יחידה,false,,19.90,0.0000,true,1,145043
7290012931710,false,כפפות מנתחים L א- 100 יח',,,שייני כפפות לטקס 100,Unknown,100.00,יחידה,false,,19.90,0.1990,true,1,145044
7290012936838,false,תבלין הל טחון תבליני מימון 35 גרם,א.ל. ייצור ושיווק תבלינים בע`מ,,מימון הל טחון 35 גרם,Unknown,0.00,יחידה,false,,16.90,0.0000,true,1,114447
7290012936890,false,תבלינים קצח בצנצנות זכוכית 50 גרם,א.ל. ייצור ושיווק תבלינים בע`מ,,מימון קצח 50 גרם,Unknown,0.00,יחידה,false,,10.90,0.0000,true,1,114448
7290012936906,false,תבלינים ציפורן שלם בצנצנות 25 גרם,א.ל. ייצור ושיווק תבלינים בע`מ,,ציפורן שלם 25 גרם,Unknown,0.00,יחידה,false,,19.90,0.0000,true,1,114449
7290012936913,false,תבלין סומק תבליני מימון 45 גרם,א.ל. ייצור ושיווק תבלינים בע`מ,,סומק צנצנת זכוכית 40,Unknown,0.00,יחידה,false,,10.90,0.0000,true,1,114450
7290012936937,false,תבלינים בהרט בצנצנת 40 גרם,א.ל. ייצור ושיווק תבלינים בע`מ,,מימון בהרט 40 גרם,Unknown,0.00,יחידה,false,,10.90,0.0000,true,1,114451
7290012936944,false,אגוז מוסקט טחון תבליני מימון (40 גרם),א.ל. ייצור ושיווק תבלינים בע`מ,,מימון אגוז מוסקט טחו,Unknown,0.00,יחידה,false,,13.90,0.0000,true,1,170373
7290012938580,false,"סנסודיין משחת שיניים להלבנה עדינה 75 מ""ל",גלקסוסמית'\קליין קונסיומ,,סנסודיין הלבנה עדינה,Unknown,0.00,יחידה,false,,21.90,0.0000,true,1,111166
7290012938597,false,משחת שיניים רפיד רליף סנסודיין (75 מל),"סמיתקליין ביצ'ם בע""מ",,סנסודיין רפיד רליף 7,גרמים,75.00,100 גרם,false,,24.90,33.2000,true,1,111167
7290012938740,false,"משחת שיניים פרש מינט מנטה 75מ""ל סנסודיין",גלקסו סמית קליין,,סנסודיין פרש מינט 75,Unknown,0.00,יחידה,false,,21.90,0.0000,true,1,111168
7290012938924,false,אקוהפרש מי פה ללא אלכוהול 500 מל,מולינו ניקולי s.p.a,,אקווה פרש מי פה 500,מיליליטרים,500.00,"100 מ""ל",false,,14.90,2.9800,true,1,111169
7290012962448,false,"מדליק פחם נוזלי 250 מ""ל עם פקק ביטחון EASY LIGHT",אינטרסן (1996) בעמ,,מדליק פחם נוזלי 250,Unknown,0.00,יחידה,false,,12.90,0.0000,true,1,163384
7290012962561,false,קיסמי שיניים במבוק הוסטס) (500,אינטרסן (1996) בעמ,,קיסמי שיניים 500 יח',Unknown,0.00,יחידה,false,,3.90,0.0000,true,1,163372
7290012962790,false,כפית האכלה מסיליקון רך טוליפס,אינטרסן (1996) בעמ,,כפית האכלה מסיליקון,Unknown,0.00,יחידה,false,,14.90,0.0000,true,1,163405
7290012984228,false,מאגדת מנגו פסיפלורה 6יח,נסטלה,,פרילי מאגדת מנגו פסי,Unknown,6.00,יחידה,false,,23.00,3.8333,true,1,122113
7290012984235,false,פרילי מאגדת יוגורט ת,,,פרילי מאגדת יוגורט ת,Unknown,6.00,יחידה,false,,24.00,4.0000,true,1,122114
7290012984297,false,פמילי בוקס מאגדת 5יח,,,פמילי בוקס מאגדת 5יח,Unknown,5.00,יחידה,false,,34.00,6.8000,true,1,122115
7290012984310,false,נוקאאוט שוקולד ואגוז,,,נוקאאוט שוקולד ואגוז,Unknown,0.00,יחידה,false,,10.00,0.0000,true,1,122116
7290012984419,false,מאגדת אקסטרים שוקו וניל,נסטלה,,אקסטרים שוקו וניל 6,Unknown,6.00,יחידה,false,,32.00,5.3333,true,1,122117
7290012984440,false,גויה גלידה וניל ואגו,,,גויה גלידה וניל ואגו,Unknown,700.00,יחידה,false,,29.90,0.0427,true,1,122118
7290012984471,false,גויה גלידה פירות אדו,,,גויה גלידה פירות אדו,Unknown,700.00,יחידה,false,,29.90,0.0427,true,1,122119
7290012984495,false,גויה גלידה טראפלס 70,,,גויה גלידה טראפלס 70,Unknown,700.00,יחידה,false,,32.00,0.0457,true,1,122121
7290012984501,false,גויה גלידה וניל משוב,,,גויה גלידה וניל משוב,Unknown,700.00,יחידה,false,,29.90,0.0427,true,1,122122
7290012984556,false,לה קרמריה שוקו וניל,,,לה קרמריה שוקו וניל,קילוגרמים,1.20,ליטר,false,,20.00,16.6667,true,1,122124
7290012984594,false,לה קרמריה שוקולד 1.2,,,לה קרמריה שוקולד 1.2,קילוגרמים,1.20,ליטר,false,,19.00,15.8333,true,1,122125
7290012989186,false,פורח ירוק,,,פורח ירוק,Unknown,0.00,יחידה,false,,29.90,0.0000,true,1,175634
7290012996672,false,סבון אסלה + בושם ל24 שעות ביום הפי,יעקב יעקבי ובניו בעמ,,הפי סבון אסלה מבושם,Unknown,0.00,יחידה,false,,8.90,0.0000,true,1,120255
7290012996702,false,הפי ג'ל דוחה עש ומבשם לארון הבגדים,יעקב יעקבי ובניו בעמ,,שקיות ריחניות לבגדים,Unknown,0.00,יחידה,false,,10.00,0.0000,true,1,120256
7290013027399,false,לחם קמח מלא קל בתוספת שיפון 750 ג' אנג'ל,מאפיית שלמה א. אנג'\ל בע,,לחם אנג'ל 100 בתוספת,גרמים,750.00,100 גרם,false,,15.90,2.1200,true,1,114543
7290013027535,false,לחם שיפון קל 750 ג' אנג'ל,מאפיית שלמה א. אנג'ל,,לחם שיפון קל 500 גרם,גרמים,500.00,100 גרם,false,,11.90,2.3800,true,1,114544
7290013083661,false,"מטרנה אקסטרה קר שלב 1 חסכון 700 גרם תמ""ל",קבוצת אוסם סחר-שות.מוגבלת,,מטרנה אקסטרא קר שלב,גרמים,700.00,100 גרם,false,,59.90,8.5571,true,1,153142
7290013083678,false,"מטרנה אקסטרה קר שלב 2 חסכון 700 גרם תמ""ל",קבוצת אוסם סחר-שות.מוגבלת,,מטרנה אקסטרא קר שלב,גרמים,700.00,100 גרם,false,,59.90,8.5571,true,1,153143
7290013083685,false,תחליף חלב מטרנה אקסטרה קר שלב 3 חסכון 700 גרם,קבוצת אוסם סחר-שות.מוגבלת,,מטרנה אקסטרא קר שלב,גרמים,700.00,100 גרם,false,,59.90,8.5571,true,1,126825
7290013083999,false,חול יורוקיטי קריסטלי 3.8 ל',דיפלומט מפיצים (1968) בעמ**,,"חול קריסטל 3.5 ק""ג",פריט,3.50,"ק""ג",false,,34.90,9.9714,true,1,140729
7290013105875,false,לה קרמריה וניל קוקיל,,,לה קרמריה וניל קוקיל,קילוגרמים,1.20,ליטר,false,,20.00,16.6667,true,1,122128
7290013117106,false,מעדנות פיצה איטליאנו,,,מעדנות פיצה איטליאנו,גרמים,410.00,100 גרם,false,,30.00,7.3171,true,1,114247
7290013117113,false,מעדנות פיצה איטליאנו,,,מעדנות פיצה איטליאנו,גרמים,460.00,100 גרם,false,,30.00,6.5217,true,1,114248
7290013117151,false,מעדנות פיצה איטליאנו,,,מעדנות פיצה איטליאנו,גרמים,520.00,100 גרם,false,,30.00,5.7692,true,1,114250
7290013117212,false,בורקס פילו במילוי גבינה מעדנות 600 גר,תנובה מרכז שיתופי לשיווק תוצרת,,מעדנות בורקס פילו גב,גרמים,600.00,100 גרם,false,,19.90,3.3167,true,1,114251
7290013117236,false,בורקס פילו פיצה מעדנות 600 גרם,תנובה מרכז שיתופי לשיווק תוצרת,,מעדנות בורקס פילו פי,גרמים,600.00,100 גרם,false,,21.90,3.6500,true,1,114253
7290013117243,false,בורקס פילו בולגרית מעדנות 600 גרם,תנובה מרכז שיתופי לשיווק תוצרת,,מעדנות בורקס פילו בו,גרמים,600.00,100 גרם,false,,19.90,3.3167,true,1,114254
7290013117250,false,מעדנות בורקס פילו תר,,,מעדנות בורקס פילו תר,גרמים,600.00,100 גרם,false,,22.00,3.6667,true,1,114255
7290013117410,false,בצק פריך מרודד למאפים מתוקים 900 ג' מעדנות,תנובה מרכז שיתופי לשיווק תוצרת,,מעדנות בצק פריך מרוד,גרמים,900.00,100 גרם,false,,18.90,2.1000,true,1,114257
7290013117427,false,בצק פריך מרודד למאפים מלוחים מעדנות 2*450 גרם,תנובה מרכז שיתופי לשיווק תוצרת,,מעדנות בצק פריך מרוד,גרמים,900.00,100 גרם,false,,18.90,2.1000,true,1,114258
7290013117526,false,בצק שמרים מרודד למאפים מתוקים מעדנות 900 גרם,תנובה מרכז שיתופי לשיווק תוצרת,,מעדנות בצק שמרים למא,גרמים,900.00,100 גרם,false,,18.90,2.1000,true,1,114261
7290013117533,false,מעדנות איטליאנו פיצה,,,מעדנות איטליאנו פיצה,גרמים,225.00,100 גרם,false,,17.00,7.5556,true,1,114262
7290013117540,false,מעדנות איטליאנו פיצה,,,מעדנות איטליאנו פיצה,גרמים,250.00,100 גרם,false,,18.00,7.2000,true,1,114263
7290013117601,false,מעדנות פיצה משפחתית,,,מעדנות פיצה משפחתית,Unknown,0.00,יחידה,false,,45.00,0.0000,true,1,114264
7290013117700,false,מעדנות מאפה פילו מיל,,,מעדנות מאפה פילו מיל,גרמים,700.00,100 גרם,false,,38.00,5.4286,true,1,114266
7290013117724,false,מעדנות פיצה טוסט גבי,,,מעדנות פיצה טוסט גבי,גרמים,800.00,100 גרם,false,,35.00,4.3750,true,1,114267
7290013117731,false,מעדנות פיצה טוסט גבי,,,מעדנות פיצה טוסט גבי,גרמים,800.00,100 גרם,false,,35.00,4.3750,true,1,114268
7290013121103,false,רביעיית לחמניות סנדויץ ללא גלוטן 460 גרם,אביב קונדיטוריה מעול,,שליש בגט,Unknown,0.00,יחידה,false,,16.90,0.0000,true,1,153190
7290013121110,false,לחמניות בורגר ללא גלוטן גרין לייט 4 * 87 גרם,אביב קונדיטוריה מעול,,גרין לייט רביעיית לח,גרמים,350.00,100 גרם,false,,14.90,4.2571,true,1,153191
7290013121127,false,לחמניות מיני ללא גלוטן גרין לייט 6 יחידות,אביב קונדיטוריה מעול,,לחמניות מיני ללא גלו,גרמים,420.00,100 גרם,false,,16.90,4.0238,true,1,153192
7290013121158,false,לחמניות סנדוויץ ללא גלוטן גרין לייט 4 * 115 גרם,אביב קונדיטוריה מעול,,גרין לייט שליש באגט,גרמים,400.00,100 גרם,false,,16.90,4.2250,true,1,153195
7290013121165,false,לחמניות נקניקיה ללא גלוטן גרין לייט 6 * 77 גרם,אביב קונדיטוריה מעול,,גרין לייט לחמניות נק,גרמים,460.00,100 גרם,false,,16.90,3.6739,true,1,153196
7290013121752,false,לחם לבן ביתי ללא גלוטן 700 גר קפוא,אביב קונדיטוריה מעול,,גרין לייט לחם לבן בי,גרמים,700.00,100 גרם,false,,19.90,2.8429,true,1,153212
7290013121776,false,לחם כפרי ללא תוספת סוכר וללא גלוטן,אביב קונדיטוריה מעול,,גרין לייט לחם כפרי ל,גרמים,500.00,100 גרם,false,,19.90,3.9800,true,1,153214
7290013144171,false,מיימונס תערובת עוגת שוקולד 560 גרם.,א.ל.ייצור ושיווק תבלינים בעמ,,תערובת עוגת שוקולד 5,גרמים,560.00,100 גרם,false,,17.90,3.1964,true,1,145205
7290013144188,false,מימונס תערובת להכנת בראוניז 600 גרם,א.ל.יצור ושיווקתבלינים בעמ,,תערובת בראוניס 600גר,גרמים,600.00,100 גרם,false,,17.90,2.9833,true,1,145206
7290013144195,false,מיימונס תערובת כדורי שוקולד 500 גרם.,א.ל.ייצור ושיווק תבלינים בעמ,,תערובת כדורי שוקולד,גרמים,500.00,100 גרם,false,,17.90,3.5800,true,1,145207
7290013144201,false,תערובת להכנת פנקייק מימונס (400 גרם),א.ל.ייצור ושיווק תבלינים בעמ,,תערובת להכנת פנקייק,גרמים,400.00,100 גרם,false,,15.90,3.9750,true,1,145208
7290013144218,false,מיימונס תערובת עוגת וניל 560 גרם.,א.ל.ייצור ושיווק תבלינים בעמ,,תערובת עוגת וניל 560,גרמים,560.00,100 גרם,false,,17.90,3.1964,true,1,145209
7290013144232,false,מיימונס פודינג בטעם וניל 80 גרם,א.ל. ייצור ושיווק תבלינים בע`מ,,פודינג וניל 85 גרם,Unknown,0.00,יחידה,false,,5.50,0.0000,true,1,145211
7290013144249,false,פודינג בטעם שוקולד 95 גר`מימונס,א.ל. ייצור ושיווק תבלינים בע`מ,,פודינג שוקולד 95 גרם,Unknown,0.00,יחידה,false,,5.50,0.0000,true,1,145212
7290013144263,false,תערובת מאלבי להכנה מהירה מיימונס 112 גרם,א.ל.ייצור ושיווק תבלינים בעמ,,מלבי 100 גרם,גרמים,100.00,100 גרם,false,,10.90,10.9000,true,1,145213
7290013144317,false,מימונס ג'וני גלילית וופל למילוי 18 יחידות,א.ל. ייצור ושיווק תבלינים בע`מ,,ג'וני - גלילית וופל,Unknown,18.00,יחידה,false,,21.90,1.2167,true,1,145216
7290013144393,false,תמצית אפיה בטעם וניל מימונס (50 מל),א.ל. ייצור ושיווק תבלינים בע`מ,,תמצית בטעם וניל 50ג,Unknown,0.00,יחידה,false,,4.90,0.0000,true,1,145220
7290013144447,false,תמצית אפיה בטעם תפוז 50 מל מימונס,א.ל.ייצור ושיווק תבלינים בעמ,,תמצית בטעם תפוז 50גר,Unknown,0.00,יחידה,false,,9.90,0.0000,true,1,145223
7290013144508,false,תמצית אפיה בטעם ורדים 50 מל מימונס,א.ל. ייצור ושיווק תבלינים בע`מ,,תמצית בטעם ורדים 50,Unknown,0.00,יחידה,false,,9.90,0.0000,true,1,145224
7290013144522,false,צבע מאכל ירוק מימונס (50 מל),א.ל. ייצור ושיווק תבלינים בע`מ,,צבע מאכל ירוק 50 גרם,Unknown,0.00,יחידה,false,,4.30,0.0000,true,1,145226
7290013144560,false,מיימונס צבע מאכל כחול 50 גרם,א.ל. ייצור ושיווק תבלינים בע`מ,,צבע מאכל כחול 50גר,Unknown,0.00,יחידה,false,,4.30,0.0000,true,1,145228
7290013144614,false,"מיימונס סירופ מייפל אמיתי 100% מקנדה 236 מ""ל",א.ל.ייצור ושיווק תבלינים בעמ,,סירופ מייפל אמיתי 10,מיליליטרים,236.00,"100 מ""ל",false,,39.90,16.9068,true,1,145229
7290013144768,false,סירופ בטעם שוקולד מימונס 500 גרם,א.ל. ייצור ושיווק תבלינים בע`מ,,מימונס סירופ בטעם שו,גרמים,500.00,100 גרם,false,,13.90,2.7800,true,1,145231
7290013144805,false,אבקת אייס קפה דיאט 320 גרם מימונס,א.ל. ייצור ושיווק תבלינים בע`מ,IL,אייס קפה דיאט 245 גר,גרמים,245.00,100 גרם,false,,20.90,8.5306,true,1,202851
7290013144812,false,אבקת אייס קפה וניל 320 גרם מימונס,א.ל. ייצור ושיווק תבלינים בע`מ,IL,אייס וניל 320 גרם,גרמים,320.00,100 גרם,false,,17.90,5.5937,true,1,202852
7290013144980,false,תרסיס שמן קנולה מימונס 170 גרם,א.ל. ייצור ושיווק תבלינים בע`מ,,מימונס תרסיס שמן קונ,גרמים,170.00,100 גרם,false,,15.90,9.3529,true,1,172105
7290013145031,false,אגוזי לוז מסוכרים מיימונס 100 גרם,א.ל. ייצור ושיווק תבלינים בע`מ,,מימונס ברס אגוזי לוז,Unknown,0.00,יחידה,false,,14.90,0.0000,true,1,145237
7290013145055,false,פרג שלם מיימונס 100 גרם,א.ל. ייצור ושיווק תבלינים בע`מ,,פרג שלם 100גר,Unknown,0.00,יחידה,false,,6.90,0.0000,true,1,145239
7290013145062,false,סירופ מייפל אמיתי 100% מימונס 187 מל*,א.ל.ייצור ושיווק תבלינים בעמ,,סירופ מייפל אמיתי 18,מיליליטרים,187.00,"100 מ""ל",false,,29.90,15.9893,true,1,145240
7290013145079,false,שקד רכיבים טבעיים גרוס מיימונס 100 גרם,א.ל.יצור ושיווקתבלינים בעמ,,מימונס שקד טבעי גרוס,גרמים,100.00,100 גרם,false,,13.90,13.9000,true,1,145241
7290013145109,false,שקד מולבן טחון מימונס (100 גרם),א.ל. ייצור ושיווק תבלינים בע`מ,,מימונס שקד מולבן טחו,גרמים,100.00,100 גרם,false,,13.90,13.9000,true,1,145243
7290013145130,false,"שקד מולבן חצוי 100 גרם ""מיימונס",א.ל. ייצור ושיווק תבלינים בע`מ,,מימונס שקד מולבן חצו,Unknown,0.00,יחידה,false,,13.90,0.0000,true,1,145246
7290013145178,false,קוקוס לבן טחון מימונס (100 גרם),א.ל. ייצור ושיווק תבלינים בע`מ,,קוקוס טחון לבן 100גר,גרמים,100.00,100 גרם,false,,4.90,4.9000,true,1,145248
7290013145192,false,שומשום מימונס (100 גרם),א.ל. ייצור ושיווק תבלינים בע`מ,,שומשום 100גר,Unknown,0.00,יחידה,false,,5.90,0.0000,true,1,145249
7290013145215,false,שומשום מימונס (400 גרם),א.ל.ייצור ושיווק תבלינים בעמ,,שומשום 400גר,גרמים,400.00,100 גרם,false,,16.90,4.2250,true,1,145250
7290013145277,false,עלים לקרמשניט מימונס 300 גרם,א.ל.ייצור ושיווק תבלינים בעמ,,עלים לקרמשניט 300 גר,גרמים,300.00,100 גרם,false,,16.90,5.6333,true,1,145252
7290013145390,false,מימונס שוקולד צ'יפס מהדרין 250 גר,א.ל. ייצור ושיווק תבלינים בע`מ,,מימונס שוקולד ציפס מ,גרמים,250.00,100 גרם,false,,9.90,3.9600,true,1,145253
7290013145451,false,קקאו 150 גר`שקית מימונס,א.ל. ייצור ושיווק תבלינים בע`מ,,מימונס קקאו 150 גר,גרמים,150.00,100 גרם,false,,9.90,6.6000,true,1,145257
7290013145567,false,מיימונס מיני מיני עדשים 90 גרם.,א.ל.ייצור ושיווק תבלינים בעמ,,מיני מיני עדשים 90גר,Unknown,0.00,יחידה,false,,10.50,0.0000,true,1,145261
7290013145628,false,סוכריות צבעוניות לקישוט מימונס 200 גרם,א.ל. ייצור ושיווק תבלינים בע`מ,,מימונס סוכריות צבעונ,גרמים,200.00,100 גרם,false,,8.90,4.4500,true,1,145264
7290013145826,false,פודניג בטעם וניל לבן במיוחד מימונס 80 ג',א.ל. ייצור ושיווק תבלינים בע`מ,,מימונס פודינג בטעם ו,Unknown,0.00,יחידה,false,,5.90,0.0000,true,1,145273
7290013145833,false,פודינג שוקולד אמיתי מימונס 80 גרם,א.ל.יצור ושיווקתבלינים בעמ,,מימונס פודינג שוקולד,Unknown,0.00,יחידה,false,,5.90,0.0000,true,1,145274
7290013145840,false,סוכר וניל מימונס 10יח בצלופן,א.ל. ייצור ושיווק תבלינים בע`מ,,מימונס סוכר וניל 10*,Unknown,10.00,יחידה,false,,2.90,0.2900,true,1,145275
7290013145857,false,אבקת אפיה מימונס 10יח בצלופן,א.ל. ייצור ושיווק תבלינים בע`מ,,מימונס אבקת אפיה 10*,גרמים,10.00,גרם,false,,2.90,0.2900,true,1,145276
7290013145871,false,שמרים יבשים סטיק מימונס 5*11 ג',א.ל. ייצור ושיווק תבלינים בע`מ,,מימונס שמרים יבשים 5,Unknown,0.00,יחידה,false,,9.90,0.0000,true,1,145278
7290013145901,false,סודה לשתיה מימונס (100 גרם),א.ל. ייצור ושיווק תבלינים בע`מ,,סודה לשתיה 50 גרם,Unknown,0.00,יחידה,false,,1.90,0.0000,true,1,145279
7290013145918,false,אבקת סוכר מימונס (100 גרם),א.ל. ייצור ושיווק תבלינים בע`מ,,אבקת סוכר 100 גרם,גרמים,100.00,100 גרם,false,,1.90,1.9000,true,1,145280
7290013145956,false,שמרים יבשים בוואקום מיימונס 500 גרם,א.ל. ייצור ושיווק תבלינים בע`מ,,מימונס שמרים יבשים ב,גרמים,500.00,100 גרם,false,,14.90,2.9800,true,1,145282
7290013145963,false,שמרים יבשים בוואקום מיימונס 125 גרם,א.ל. ייצור ושיווק תבלינים בע`מ,,מימונס שמרים יבשים ב,גרמים,125.00,100 גרם,false,,5.90,4.7200,true,1,145283
7290013145970,false,קורנפלור מימונס בשקית 200 ג',א.ל. ייצור ושיווק תבלינים בע`מ,,מימונס קורנפלור 200,גרמים,200.00,100 גרם,false,,3.90,1.9500,true,1,145284
7290013146014,false,מלית אוכמניות 70% פרי מיימונס 400 גרם,א.ל.יצור ושיווקתבלינים בעמ,,מלית אוכמניות 70% פר,גרמים,400.00,100 גרם,false,,15.90,3.9750,true,1,145287
7290013146083,false,מיימונס מלית חלבה 400 גרם,א.ל ייצור ושיווק תבלינים בעמ,,מלית חלבה 400גר,גרמים,400.00,100 גרם,false,,15.90,3.9750,true,1,145291
7290013146243,false,פודינג בטעם וניל מיממונס 320 גרם,א.ל.יצור ושיווקתבלינים בעמ,IL,פודינג בטעם וניל 320,גרמים,320.00,100 גרם,false,,12.90,4.0313,true,1,203118
7290013146274,false,מארז 8 יח תחתיות מרנג 10 גר`מימונס,א.ל.ייצור ושיווק תבלינים בעמ,,מארז 8 יח' תחתיות מר,גרמים,100.00,100 גרם,false,,19.90,19.9000,true,1,145294
7290013146403,false,סירופ בטעם קרמל מלוח מימונס 500 גרם,א.ל.ייצור ושיווק תבלינים בעמ,,סירופ בטעם קרמל מלוח,גרמים,500.00,100 גרם,false,,16.90,3.3800,true,1,145307
7290013146441,false,נשיקות לקישוט צבע ורוד מימונס 60 גרם,א.ל ייצור ושיווק תבלינים בעמ,,נשיקות לקישוט צבע ור,Unknown,0.00,יחידה,false,,14.90,0.0000,true,1,160071
7290013146656,false,כוכבים תכלת ירוק לבן לקישוט 60 גר`מימונ,א.ל.ייצור ושיווק תבלינים בעמ,,כוכבים תכלת ירוק לבן,Unknown,0.00,יחידה,false,,11.90,0.0000,true,1,160072
7290013146670,false,סוכריות לב סגול ורוד לבן לקישוט 60 גרם,א.ל.ייצור ושיווק תבלינים בעמ,,סוכריות לב סגול ורוד,Unknown,0.00,יחידה,false,,11.90,0.0000,true,1,156445
7290013146724,false,אבקת אייס קפה 350 גרם מימונס,א.ל. ייצור ושיווק תבלינים בע`מ,,מימונס אייס קפה 350,גרמים,350.00,100 גרם,false,,19.90,5.6857,true,1,185798
7290013146854,false,קוקוס לבן טחון מימונס 400 ג',א.ל.יצור ושיווקתבלינים בעמ,,מיימונס קוקוס לבן טח,גרמים,400.00,100 גרם,false,,15.90,3.9750,true,1,145310
7290013153005,false,פריגת סירופ רימונים,,,פריגת סירופ רימונים,קילוגרמים,3.00,ליטר,false,,38.00,12.6667,true,1,117849
7290013153418,false,מיץ סחוט טרי 1ל לימונענע פרי גת,החברה המרכזית טלהפצת משקאות בע,,פריגת מצונן סחוט לימ,מיליליטרים,1000.00,"100 מ""ל",false,,19.90,1.9900,true,1,117854
7290013153579,false,משקה בטעם אפרסק מרוכז קפוא,החברה המרכזית טלהפצת משקאות בע,,פריגת קפוא אפרסק 340,גרמים,340.00,100 גרם,false,,13.90,4.0882,true,1,117860
7290013153586,false,"משקה פירות יער קפוא פריגת 340 מ""ל",היינץ צפון אמריקה מק,,פריגת קפוא פירות יער,גרמים,340.00,100 גרם,false,,13.90,4.0882,true,1,117861
7290013153593,false,תפוזים מתקתק 100% פריגת 1 ליטר,החברה המרכזית טלהפצת משקאות בע,,תפוזים 100% מתקתקים,קילוגרמים,1.00,ליטר,false,,14.90,14.9000,true,1,117862
7290013187215,false,מנות פילה סלמון נורבגי 800 גר,,,פילה דג סלמון מנות,גרמים,800.00,100 גרם,false,,89.90,11.2375,true,1,181822
7290013187765,false,ברוקולי טבעפרוסט 800 גר,,,טבעפרוסט ברוקלי 800,גרמים,800.00,100 גרם,false,,12.90,1.6125,true,1,137109
7290013187772,false,אפונה ירוקה עדינה טבעפרוסט 800 גר,,,טבעפרוסט אפונה ירוקה,גרמים,800.00,100 גרם,false,,12.90,1.6125,true,1,137110
7290013187789,false,אפונה ירוקה טבעפרוסט 800 גר,,,טבעפרוסט אפונה ירוקה,גרמים,800.00,100 גרם,false,,11.90,1.4875,true,1,137111
7290013187796,false,שעועית ירוקה שלמה טבעפרוסט 800 גר,,,טבעפרוסט שעועית ירוק,גרמים,800.00,100 גרם,false,,11.90,1.4875,true,1,137112
7290013187802,false,שעועית ירוקה עדינה טבעפרוסט 800 גר,,,טבעפרוסט שעועית ירוק,גרמים,800.00,100 גרם,false,,12.90,1.6125,true,1,137113
7290013187819,false,שעועית ירוקה חתוכה טבעפרוסט 800 גר,,,טבעפרוסט שעועית ירוק,גרמים,800.00,100 גרם,false,,11.90,1.4875,true,1,137114
7290013187826,false,כרוב ניצנים טבעפרוסט 800 גר,,,טבעפרוסט כרוב ניצנים,גרמים,800.00,100 גרם,false,,11.90,1.4875,true,1,137115
7290013187833,false,כרובית טבעפרוסט 800 גר,,,טבעפרוסט כרובית 800,גרמים,800.00,100 גרם,false,,11.90,1.4875,true,1,137116
7290013187840,false,גזר גמדי טבעפרוסט 800 גר,,,טבעפרוסט גזר גמדי 80,גרמים,800.00,100 גרם,false,,11.90,1.4875,true,1,137117
7290013187857,false,טבעפרוסט תרד 800 גרם,,,טבעפרוסט תרד 800 גרם,גרמים,800.00,100 גרם,false,,11.90,1.4875,true,1,137118
7290013220042,false,"מיקס טרופי קפוא א.מ.שרון שיווק 500 גר כשל""פ","א.מ.שרון שיווק (2014) בע""מ",,מיקס טרופי 500 גרם,גרמים,500.00,100 גרם,false,,24.90,4.9800,true,1,165421
7290013220127,false,דומדמנית שחורה א.מ שרון (500 גרם),א.מ. שרון שיווק (2014) בעמ,,דומדמנית שחורה 500 ג,גרמים,500.00,100 גרם,false,,24.90,4.9800,true,1,165423
7290013220134,false,מיקס פירות שדה א.מ שרון (500 גרם),"א.מ.שרון שיווק (2014) בע""מ",,מיקס פירות שדה 500 ג,גרמים,500.00,100 גרם,false,,24.90,4.9800,true,1,165424
7290013220301,false,פטל שחור 500 גרם,,,פטל שחור 500 גרם,גרמים,500.00,100 גרם,false,,24.90,4.9800,true,1,165425
7290013220318,false,חמוצית גן א.מ שרון (400 גרם),"א.מ.שרון שיווק (2014) בע""מ",,חמוצית גן 400 גרם,גרמים,400.00,100 גרם,false,,24.90,6.2250,true,1,165426
7290013220899,false,תות שדה א.מ שרון (500 גרם),"א.מ.שרון שיווק (2014) בע""מ",,תות שדה 500 גרם,גרמים,500.00,100 גרם,false,,24.90,4.9800,true,1,165429
7290013220929,false,אוכמנית א.מ שרון (400 גרם),"א.מ.שרון שיווק (2014) בע""מ",,אוכמנית 400 גרם,גרמים,400.00,100 גרם,false,,24.90,6.2250,true,1,165430
7290013221001,false,אננס חתוך קפוא 500 גרם,"א.מ.שרון שיווק (2014) בע""מ",,אננס 500 גרם,גרמים,500.00,100 גרם,false,,24.90,4.9800,true,1,165431
7290013221018,false,מנגו חתוך קפוא 500 גרם,"א.מ.שרון שיווק (2014) בע""מ",,מנגו 500 גרם,גרמים,500.00,100 גרם,false,,24.90,4.9800,true,1,165432
7290013248008,false,פלפל לקובה,,,פלפל לקובה,Unknown,0.00,יחידה,false,,40.00,0.0000,true,1,114465
7290013248015,false,קוסקוס ידני אמיתי 70,,,קוסקוס ידני אמיתי 70,גרמים,700.00,100 גרם,false,,34.90,4.9857,true,1,114466
7290013266590,false,"שום כתוש 3 ק""ג",,,"שום כתוש 3 ק""ג",פריט,3.00,"ק""ג",false,,49.90,16.6333,true,1,141068
7290013266613,false,"עמבה 5 ק""ג ללא פרי",,,"עמבה 5 ק""ג ללא פרי",פריט,5.00,"ק""ג",false,,45.90,9.1800,true,1,141069
7290013267429,false,אסקימו טעם סודי מאגד,,,אסקימו טעם סודי מאגד,גרמים,750.00,100 גרם,false,,19.00,2.5333,true,1,135349
7290013267528,false,מגנום אינפיניטי שוקו,,,מגנום אינפיניטי שוקו,Unknown,0.00,יחידה,false,,10.00,0.0000,true,1,135350
7290013267665,false,סולרו מיני קלאסי - פירות טרופיים (חלבי),"מיוצר ע""\י גלידת שטראוס",,מיני סולרו תות,גרמים,354.00,100 גרם,false,,22.90,6.4689,true,1,135352
7290013267979,false,קליק חטיפי גלידת נוג,,,קליק חטיפי גלידת נוג,Unknown,0.00,יחידה,false,,10.00,0.0000,true,1,135363
7290013267986,false,מקס הפתעה במפיז אימפ,,,מקס הפתעה במפיז אימפ,Unknown,0.00,יחידה,false,,9.00,0.0000,true,1,135364
7290013268242,false,תרכיז ריחני לניקוי רצפות בריח מלון מפנק ריצפז פרש,החברה הדרומית לשיווק בעמ,,ריצפז פרש הום תרכיז,קילוגרמים,2.00,ליטר,false,,21.90,10.9500,true,1,111009
7290013268839,false,פוליויקס פרקט-תרכיז ריחני לניקוי רצפות עץ,החברה הדרומית לשיווק בעמ,,פוליויקס פרקט מלון ח,קילוגרמים,2.00,ליטר,false,,21.90,10.9500,true,1,173343
7290013268884,false,"נוזל רצפות מאסק 2 ליטר ""ריצפז פרש""",החברה הדרומית לשיווק בעמ,,ריצפז פרש מאסק 2 ליט,קילוגרמים,2.00,ליטר,false,,17.90,8.9500,true,1,111010
7290013268891,false,אוקסיג'ן ג'ל ללא אקונומיקה עם חמצן פעיל סנו 3 ליטר,החברה הדרומית לשיווק בעמ,,סנו אוקסיג'ן 3 ליטר,קילוגרמים,3.00,ליטר,false,,29.90,9.9667,true,1,117483
7290013268938,false,סנובון סבון לאסלה בניחוח מאסק סנו 3*65 גרם,החברה הדרומית לשיווק בעמ,,סנובון שלישיה מאסק 3,גרמים,195.00,100 גרם,false,,12.90,6.6154,true,1,117485
7290013269157,false,"מרכך מבשם למייבש כביסה לבנדר סנו מקסימה 750 מ""ל",החב הדרומית לשיווק,,סנו מקסימה לבנדר מרכ,מיליליטרים,750.00,"100 מ""ל",false,,18.90,2.5200,true,1,117487
7290013269287,false,סנו - מקסימה ג'ל כביסה מרוכז מאסק 3 ליטר,החברה הדרומית לשיווק בעמ,,מקסימה מאסק גל כביסה,קילוגרמים,3.00,ליטר,false,,29.90,9.9667,true,1,172242
7290013269621,false,ריצפז פרש לניקוי רצפות בניחוח מלון בוטיק,החברה הדרומית לשיווק בעמ,,ריצפז פרש הום מלון ב,קילוגרמים,2.00,ליטר,false,,21.90,10.9500,true,1,111014
7290013269638,false,ספוג הפלא אקסטרה Extra- מארז 6 יח',החברה הדרומית לשיווק בעמ,,סנו סושי ספוג הפלא א,Unknown,6.00,יחידה,false,,11.90,1.9833,true,1,173347
7290013269645,false,ריצפז פרש מטליות לחות לריצפה בניחוח מאסק 10 יחידות,החברה הדרומית לשיווק בעמ,,ריצפז פרש מטליות רצפ,Unknown,10.00,יחידה,false,,13.90,1.3900,true,1,173348
7290013269652,false,פוליויקס נוזל לניקוי רצפות גרניט פורצלן סנו 2 ליטר,החברה הדרומית לשיווק בעמ,,פוליויקס גרניט פורצל,קילוגרמים,2.00,ליטר,false,,20.00,10.0000,true,1,173349
7290013269669,false,ריצפז בניחוח פנטזיה לניקוי הרצפה,החברה הדרומית לשיווק בעמ,,ריצפז פנטזיה 3ל,קילוגרמים,3.00,ליטר,false,,13.90,4.6333,true,1,111016
7290013269751,false,מטליות לחותריצפז פרש לניקוי ריצפה בניחות מלון בוטיק 10 יח' סנו,החברה הדרומית לשיווק בעמ,,ריצפז פרש מטליות לחו,Unknown,0.00,יחידה,false,,13.90,0.0000,true,1,111019
7290013269911,false,"סנו K-333 קוטל חרקים ללא ריח 750מ""ל",החברה הדרומית לשיווק בעמ,,333 - k,מיליליטרים,750.00,"100 מ""ל",false,,32.90,4.3867,true,1,117497
7290013310019,false,קיסמי שיניים רפואיים עם חוט דנטאלי הוסטס,אינטרסן 1996 בעמ,,קיסמי שיניים רפואיים,Unknown,0.00,יחידה,false,,6.90,0.0000,true,1,163374
7290013310064,false,חוט דנטלי בטעם מנטה מצופה שעווה,אינטרסן (1996) בעמ,,חוט דינטאלי רפואי עם,Unknown,0.00,יחידה,false,,6.90,0.0000,true,1,163375
7290013310118,false,"ממחטות כיס שישיה תלת שכבתי ""פנטזיה""",אינטרסן (1996) בעמ,,ממחטות כיס שישייה תל,Unknown,0.00,יחידה,false,,4.90,0.0000,true,1,202607
7290013310262,false,נובי 5380 כפית ארוכה 4 יח' בטוחה ורגישה לחום,אינטרסן (1996) בעמ,,כפיות ארוכות נובי רב,Unknown,4.00,יחידה,false,,29.90,7.4750,true,1,163468
7290013310385,false,כפפות ניטריל M כחולות ללא אבקה 80 יח' EASY TOUCH,אינטרסן (1996) בעמ,,איזי טאץ כפפות ניטרי,Unknown,0.00,יחידה,false,,24.90,0.0000,true,1,194462
7290013310392,false,כפפות ניטריל L כחולות ללא אבקה 80 יח' EASY TOUCH,אינטרסן (1996) בעמ,,איזי טאץ כפפות ניטרי,Unknown,0.00,יחידה,false,,24.90,0.0000,true,1,194464
7290013310408,false,כפפות ניטריל XL כחולות ללא אבקה 80 יח' EASY TOUCH,אינטרסן (1996) בעמ,,איזי טאץ כפפות ניטרי,Unknown,0.00,יחידה,false,,24.90,0.0000,true,1,194463
7290013310934,false,נובי צלחת האכלה מחולקת,אינטרסן (1996) בעמ,,צלחת האכלה נובי מחול,Unknown,0.00,יחידה,false,,16.90,0.0000,true,1,202463
7290013358356,false,פירורי לחם מוזהבים מאסטר שף (320גרם),ש. שסטוביץ בע`מ,,מאסטר שף פירורי לחם,גרמים,350.00,100 גרם,false,,6.90,1.9714,true,1,128171
7290013358363,false,מאסטר שף פרורי לחם פנקו עבים בסגנון יפני 300 גר,קריניציה ויטמינה אס,,מאסטר שף פירורי לחם,גרמים,300.00,100 גרם,false,,9.90,3.3000,true,1,128172
7290013358417,false,מאסטר שף אסייאתי רוטב טריאקי 300 מל כשלפ,קריניציה ויטמינה אס,,מאסטר שף אסייאתי רוט,מיליליטרים,300.00,"100 מ""ל",false,,13.90,4.6333,true,1,128176
7290013358431,false,מאסטר שף קרוטונים לסלט עגבניות ובזיליקום,עינת תעשיות מזון אגו,,מאסטר שף קרוטונים לס,גרמים,200.00,100 גרם,false,,11.90,5.9500,true,1,128178
7290013358448,false,"קרוטונים לסלט אקסטרה ארוכים בתיבול שום, בצל ופטרוזיליה",עינת תעשיות מזון אגו,,מאסטר שף קרוטונים לס,גרמים,200.00,100 גרם,false,,11.90,5.9500,true,1,128179
7290013358462,false,"מיני קרוטונים למרק בתיבול שום, בצל ופטרוזיליה","עינת תעשיות מזון, אגשח ב",,מאסטר שף מיני קרוטונ,גרמים,350.00,100 גרם,false,,18.90,5.4000,true,1,128180
7290013358516,false,"מיקסלט חמוציות, גרעינים, קטניות ואגוזים",ש. שסטוביץ בע`מ,,מאסטר שף מיקסלט עם ח,גרמים,200.00,100 גרם,false,,15.90,7.9500,true,1,128184
7290013358523,false,מאסטר שף שבבי בצל מטוגן 150 גרם,קריניציה ויטמינה אס,,מאסטר שף שבבי בצל מט,גרמים,150.00,100 גרם,false,,13.90,9.2667,true,1,128185
7290013358530,false,מאסטר שף אסייאתי רוטב צ'ילי מתוק 700 מל כשלפ,קריניציה ויטמינה אס,,מאסטר שף אסייאתי רוט,מיליליטרים,700.00,"100 מ""ל",false,,14.90,2.1286,true,1,128186
7290013358578,false,מנה אסייאתי אטריות אורז רחבות 400 ג מ.שף,ליינג טונג רייספלוור,,מאסטר שף אסייאתי אטר,גרמים,400.00,100 גרם,false,,10.90,2.7250,true,1,128188
7290013358585,false,מנה אסייאתי נודלס ביצים להקפצה 400 מ.שף,הנסיך- מפעל לייצור ט,,מאסטר שף אסייאתי נוד,גרמים,400.00,100 גרם,false,,10.90,2.7250,true,1,128189
7290013361486,false,"פרי הגליל תירס 3 ק""ג",,,"פרי הגליל תירס 3 ק""ג",פריט,3.00,"ק""ג",false,,24.90,8.3000,true,1,134778
7290013361981,false,צ'יפס קפוא חתוך פרי הגליל,ויטה- פרי גליל (החדשה) בעמ,,פרי הגליל ציפס קייטר,Unknown,2.00,יחידה,false,,24.90,12.4500,true,1,134782
7290013361998,false,"סטייק צ'יפס פרי הגליל 2 ק""ג",ויטה- פרי גליל (החדשה) בעמ,,פרי הגליל סטייק ציפס,Unknown,2.00,יחידה,false,,24.90,12.4500,true,1,134783
7290013382252,false,קומקום חשמלי נשלף נב,,,קומקום חשמלי נשלף נב,Unknown,0.00,יחידה,false,,79.90,0.0000,true,1,184534
7290013382269,false,קומקום חשמלי נשלף נב,,,קומקום חשמלי נשלף נב,Unknown,0.00,יחידה,false,,79.90,0.0000,true,1,184535
7290013382276,false,קומקום חשמלי נשלף נב,,,קומקום חשמלי נשלף נב,Unknown,0.00,יחידה,false,,79.90,0.0000,true,1,184536
7290013382726,false,קומקום נשלף זכוכית,,,קומקום נשלף זכוכית,Unknown,0.00,יחידה,false,,99.90,0.0000,true,1,184553
7290013382856,false,מנגל חשמלי נירוסטה T,,,מנגל חשמלי נירוסטה T,Unknown,0.00,יחידה,false,,139.90,0.0000,true,1,184561
7290013382887,false,"מנגל חשמלי ""פלטיניום",,,"מנגל חשמלי ""פלטיניום",Unknown,0.00,יחידה,false,,99.90,0.0000,true,1,202125
7290013382894,false,מכשיר להכנת פופקורן,,,מכשיר להכנת פופקורן,Unknown,0.00,יחידה,false,,69.90,0.0000,true,1,184565
7290013389077,false,"עלי טורטיה מקמח חיטה 25ס""מ 8יח' תומר 420 ג'",Azteca foods europe,,תומר טורטיה חיטה 380,גרמים,380.00,100 גרם,false,,12.00,3.1579,true,1,129890
7290013389084,false,"טורטיה ספרדי קמח תירס 25 ס""מ 325 גרם",Azteca foods europe,,תומר טורטיה קמח תירס,גרמים,340.00,100 גרם,false,,11.90,3.5000,true,1,129891
7290013389114,false,ניוקי תפוח אדמה לה פסטה 500 גרם,לה פסטה La' Pasta,,פיקאטה ניוקי תפוא 50,גרמים,500.00,100 גרם,false,,8.20,1.6400,true,1,118669
7290013389176,false,"חומץ בלסמי ממודנה מובחר 500 מ""ל",Matildica srl,,תומר חומץ בלסמי ממוד,מיליליטרים,500.00,"100 מ""ל",false,,19.90,3.9800,true,1,129894
7290013389374,false,תומר קמח תירס דק 500 גר פולטנה,תומר ייבוא ושיווק מוצרי מזון [,,תומר קמח תירס 500 גר,גרמים,500.00,100 גרם,false,,7.50,1.5000,true,1,118676
7290013389381,false,"קמח תירס פולנטה מולינו 1 ק""ג",תומר ייבוא ושיווק מוצרי מזון [,,תומר קמח תירס 1 קג,Unknown,0.00,יחידה,false,,9.90,0.0000,true,1,118677
7290013389398,false,קמח תירס דק 1 קג פולטנה תומר,תומר ייבוא ושיווק מוצרי מזון [,,תומר קמח תירס דק 1 ק,Unknown,0.00,יחידה,false,,10.00,0.0000,true,1,118678
7290013389893,false,סרדין פילה מרוקאי בשמן תומר 125 ג',תומר יבוא ושיווק מוצרי מזון (1,,תומר פילה סרדין בשמן,גרמים,125.00,100 גרם,false,,7.10,5.6800,true,1,118686
7290013389909,false,פילה סרדין חריף 125 גרם,,,תומר פילה סרדין חריף,גרמים,125.00,100 גרם,false,,7.10,5.6800,true,1,118687
7290013440150,false,גויה מיקס מאגדת 4*13,,,גויה מיקס מאגדת 4*13,Unknown,520.00,יחידה,false,,25.00,0.0481,true,1,122130
7290013440174,false,סקיני קאו מאגדת שרבט,,,סקיני קאו מאגדת שרבט,גרמים,390.00,100 גרם,false,,30.00,7.6923,true,1,122131
7290013440662,false,סקיני קאו מאגדת סנדו,,,סקיני קאו מאגדת סנדו,גרמים,395.00,100 גרם,false,,27.50,6.9620,true,1,122133
7290013440686,false,סקיני קאו מאגדת שרבט,,,סקיני קאו מאגדת שרבט,גרמים,390.00,100 גרם,false,,30.00,7.6923,true,1,122134
7290013440938,false,בובספוג מאגדת 6יח,,,בובספוג מאגדת 6יח,גרמים,365.00,100 גרם,false,,25.00,6.8493,true,1,122136
7290013440976,false,גלידרייה שוקו וניל מ,,,גלידרייה שוקו וניל מ,קילוגרמים,1.80,ליטר,false,,24.00,13.3333,true,1,122138
7290013472199,false,ערמונים קלופים וקלויים 105 גרם,ג.וילי-פוד אינטרנשיונל בעמ,,וילי פוד ערמונים 105,גרמים,105.00,100 גרם,false,,5.90,5.6190,true,1,115587
7290013472892,false,בולגריה קוביות במי מלח - מרכיבי חלב ושומן צמחי,ג.וילי-פוד אינטרנשיונל **גבינו,,בולגריה בקוביות 22%,גרמים,200.00,100 גרם,false,,10.90,5.4500,true,1,115595
7290013492005,false,תפוח אדמה אדום למיקרו 600 ג',ביכורי השדה צפון 1994 ג.ד. בעמ,,תפוח אדמה למיקרו 700,גרמים,500.00,100 גרם,false,,6.90,1.3800,true,1,138798
7290013493040,false,בירה בזלת דאבל בוק 750 מל,יושלם,,"בזלת דאבל בוק 750מ""ל",מיליליטרים,750.00,"100 מ""ל",false,,29.90,3.9867,true,1,112182
7290013521217,false,פנה אורז מלא ללא גלוטן אורגני השדה 250גרם,השדה מוצרים טבעיים ו,,פנה אורז אורגני 250,גרמים,250.00,100 גרם,false,,13.90,5.5600,true,1,179344
7290013521491,false,קטשופ אורגני 567 גרם ללא גלוטן,שוורצקוף& הנקל דיסלד,,קטשופ אורגני 567 גרם,גרמים,567.00,100 גרם,false,,18.90,3.3333,true,1,179355
7290013521835,false,פסטה כוסמין ספירולינה פוזילי אורגני השדה מוצרים אורגנים 300 גרם,האי נאם סי או אל.טי.,,פסטה כוסמין ספירולינ,גרמים,300.00,100 גרם,false,,21.90,7.3000,true,1,179364
7290013521965,false,עוגיות אורגניות מקמח כוסמין מלא 180 גרם,השדה מוצרים טבעיים ו,,עוגיות חצי ירח אורגנ,גרמים,180.00,100 גרם,false,,16.90,9.3889,true,1,179370
7290013531117,false,רוטב פסטה לילדים יכין (240 גר`),"זנלכל בע""\מ",,יכין רוטב פסטה לילדי,גרמים,260.00,100 גרם,false,,5.50,2.1154,true,1,118691
7290013531490,false,שעועית לבנה אפויה יכין,זנלכול יכין,,יכין פול מתובל שימור,גרמים,550.00,100 גרם,false,,9.90,1.8000,true,1,118695
7290013531582,false,מארז זיתים ירוקים מגולענים יכין 200 גרם,זנלכל בעמ,,שלישיית זיתים חרוזית,גרמים,600.00,100 גרם,false,,14.90,2.4833,true,1,118696
7290013531612,false,רוטב לפסטה נפוליטנה יכין 240 גרם,זנלכול יכין,,יכין רוטב נפוליטנה 2,גרמים,260.00,100 גרם,false,,5.50,2.1154,true,1,118697
7290013531759,false,שעועית לבנה מבושלת במים יכין (550 גרם),זנלכול יכין,,יכין שעועית אפויה במ,גרמים,330.00,100 גרם,false,,9.90,3.0000,true,1,118706
7290013566157,false,גלידירייה שוקו וניל,,,גלידירייה שוקו וניל,קילוגרמים,1.80,ליטר,false,,24.00,13.3333,true,1,122139
7290013566171,false,גלידרייה שוקוניל וני,,,גלידרייה שוקוניל וני,קילוגרמים,1.80,ליטר,false,,24.00,13.3333,true,1,122140
7290013566218,false,סקיני קאו מאגדת סנדו,,,סקיני קאו מאגדת סנדו,גרמים,396.00,100 גרם,false,,27.50,6.9444,true,1,122141
7290013566232,false,סקיני קאו מאגדת סנדו,,,סקיני קאו מאגדת סנדו,גרמים,396.00,100 גרם,false,,30.00,7.5758,true,1,122142
7290013585387,false,בקבוק זירו קוקה-קולה (1 ליטר),החברה המרכזית להפצת משקאות בעמ,,קולה זירו 1 ליטר,קילוגרמים,1.00,ליטר,false,,6.90,6.9000,true,1,137458
7290013585394,false,בקבוק קוקה-קולה (1 ליטר),החברה המרכזית להפצת משקאות בעמ,,קוקה קולה 1 ליטר,קילוגרמים,1.00,ליטר,false,,7.00,7.0000,true,1,137459
7290013608260,false,מיץ רימונים 100%מיץ סחוט טרי מצונן 1ליט,שטראוס גרופ בעמ/מצונן,,פרימור מיץ מרוכז רימ,קילוגרמים,1.00,ליטר,false,,24.90,24.9000,true,1,139926
7290013608482,false,נקטר מנגו פרימור 1 ליטר,דיפלומט,,נקטר מנגו 1 ליטר .,קילוגרמים,1.00,ליטר,false,,8.90,8.9000,true,1,155774
7290013608550,false,נקטר תפוזים פרימור 1 ליטר,סטאר סנקס,,נקטר תפוז 1 ליטר .,קילוגרמים,1.00,ליטר,false,,8.90,8.9000,true,1,155778
7290013608635,false,משקה לימונים עם נענע פרימור 1 ליטר,סטאר סנקס,,נקטר לימון נענע 1 לי,קילוגרמים,1.00,ליטר,false,,8.90,8.9000,true,1,155785
7290013608673,false,נקטר תפוחי עץ פרימור 1 ליטר,סטאר סנקס,,משקה פרימור 1 ליטר ב,קילוגרמים,1.00,ליטר,false,,8.90,8.9000,true,1,155787
7290013608772,false,"משקה קל תפוזים פרימור 500 מ""ל",סטאר סנקס,,משקה קל תפוזים 500 מ,מיליליטרים,500.00,"100 מ""ל",false,,5.00,1.0000,true,1,155790
7290013608864,false,פרימור משקה פירות הדר 1 ליטר בתוספת ויטמין C,שטראוס גרופ בעמ/מצונן,,משקה פירות הדר בתוספ,קילוגרמים,1.00,ליטר,false,,16.90,16.9000,true,1,164136
7290013645371,false,עוגיות שוקולד ציפס ללא גלוטן 200,גורי מוצרי צריכה (1991) בעמ,,עוגיות שוקולד ציפס 2,גרמים,200.00,100 גרם,false,,17.90,8.9500,true,1,116136
7290013652157,false,"ד""ר פישר - נטורל קר מגבונים להסרת איפור לעור רגיל יבש 30 יח' * 3","פישר תעשיות פרמבצטיות בע""מ",,נטורל קר שלישיית מגב,Unknown,75.00,יחידה,false,,24.90,0.3320,true,1,136899
7290013652164,false,"ד""ר פישר - נטורל קר מגבונים להסרת איפור לעור רגיש 30 יח' * 3","פישר תעשיות פרמצביטות בע""מ",,נטורל קר שלישיית מגב,Unknown,90.00,יחידה,false,,24.90,0.2767,true,1,136900
7290013652171,false,"ד""ר פישר - נטורל קר מגבונים להסרת איפור לעור שמן מעורב 30 יח' * 3",פישר תעשיות פרמצבטיות בעמ,,נטורל קר שלישיית מגב,Unknown,90.00,יחידה,false,,24.90,0.2767,true,1,136901
7290013652782,false,נטורל קר קרם לחות לשיער מתולתל- יסמין ופרחי מגנוליה,"פישר תעשיות פרמבצטיות בע""מ",,נטורל קר לחות לשיער,מיליליטרים,400.00,"100 מ""ל",false,,23.40,5.8500,true,1,136904
7290013652843,false,נטורל קר שמפו לשיער רגיל- ורדים וחלב רימונים,"פישר תעשיות פרמצביטות בע""מ",,נטורל קר שמפו ורדים,מיליליטרים,700.00,"100 מ""ל",false,,22.00,3.1429,true,1,110607
7290013652850,false,שמפו נטורל קר לשיער יבש ופגום חינה ושמן ארגאן,"פישר תעשיות פרמצביטות בע""מ",,נטורל קר שמפו חינה ו,מיליליטרים,700.00,"100 מ""ל",false,,22.00,3.1429,true,1,110556
7290013652935,false,נטורל קר שמפו לשיער רגיל- יסמין ופרחי מגנוליה,פישר תעשיות פרמבצטיות בעמ,,נטורל קר שמפו לשיער,מיליליטרים,700.00,"100 מ""ל",false,,22.00,3.1429,true,1,110561
7290013675545,false,שניצל כלי תחבורה מאמא עוף (700 גרם),תנובה גליל שותפות מוגבלת,,מאמא עוף שניצל כלי ת,גרמים,700.00,100 גרם,false,,36.90,5.2714,true,1,114283
7290013702425,false,"שוופס מוגז עדין פירות יער זכוכית 330 מ""ל",יפאורה תבורי בעמ,,שוופס מוגז עדין 330,מיליליטרים,330.00,"100 מ""ל",false,,7.00,2.1212,true,1,120459
7290013702708,false,"שוופס מוגז עדין אננס זכוכית 330 מ""ל",יפאורה תבורי בעמ,,שוופס מוגז עדין 330,מיליליטרים,330.00,"100 מ""ל",false,,7.00,2.1212,true,1,120469
7290013702920,false,שוופס מוגז עדין אננס,,,שוופס מוגז עדין אננס,מיליליטרים,500.00,"100 מ""ל",false,,6.00,1.2000,true,1,120477
7290013720801,false,שרימפס מבושל מקולף 800 ג',,,שרימפס מבושל מקולף 1,Unknown,0.00,יחידה,false,,69.90,0.0000,true,1,137132
7290013720818,false,"קלמרי שקיות 1ק""ג 40/",,,"קלמרי שקיות 1ק""ג 40/",פריט,1.00,"ק""ג",false,,89.90,89.9000,true,1,137133
7290013771261,false,בולגרית מעודנת 5% 250גרם,מחלבת השומרון,,בולגרית מעודנת 5% 20,גרמים,200.00,100 גרם,false,,12.90,6.4500,true,1,180040
7290013771285,false,בולגרית קלאסית 5% 200גרם,מחלבת השומרון,,בולגרית קלאסית 5% 20,גרמים,200.00,100 גרם,false,,12.90,6.4500,true,1,180041
7290013771292,false,גבינה פטאקי 16% שומר,מחלבת השומרון,,פטאקי 16% 250 גרם,גרמים,250.00,100 גרם,false,,12.90,5.1600,true,1,180042
7290013771308,false,בולגרית קלאסית16%200גרם,מחלבת השומרון,,בולגרית קלאסית 16% 2,גרמים,200.00,100 גרם,false,,12.90,6.4500,true,1,180043
7290013771384,false,יוגורט יווני השומרון,מיוצר עי קונדיטוריית,,יוגורט יווני 400 גרם,גרמים,400.00,100 גרם,false,,10.90,2.7250,true,1,135134
7290013847409,false,סטארקיסט לייט נתחי טונה בהירה במים ושמן קנולה עם לימון ופלפל חריף 140 גרם,סטארקיסט דיפלומט היינץ,,ס.ק לייט טונה 4% שומ,גרמים,140.00,100 גרם,false,,7.90,5.6429,true,1,140734
7290013847553,false,נתחי טונה בהירה במים דל נתרן - מארז רביעיה,דיפלומט מפיצים (1968) בעמ**,,סטארקיסט טונה דל נתר,גרמים,160.00,100 גרם,false,,29.90,18.6875,true,1,140738
7290013848017,false,תרסיס ניקוי והברקת נירוסטה,החברה הדרומית לשיווק בעמ,,סנו מתז נירוסטה 500,מיליליטרים,500.00,"100 מ""ל",false,,19.90,3.9800,true,1,117499
7290013848383,false,קרמה מן גל רחצה אקטיב בלוק 700 מל לגבר,החברה הדרומית לשיווק בעמ,,קרמה מן ג'ל רחצה אנט,מיליליטרים,700.00,"100 מ""ל",false,,17.90,2.5571,true,1,117504
7290013848420,false,דאודורנט גל קרמה מן אנטיפרספירנט 70 מל,החברה הדרומית לשיווק בעמ,,קרמה מן דאודורנט גל,Unknown,0.00,יחידה,false,,13.90,0.0000,true,1,117505
7290013861740,false,ניוקי תפוחי אדמה סו שף 500 ג',דין שיווק וקליה 2021 בעמ,,סו שף ניוקי 500 גרם,גרמים,500.00,100 גרם,false,,7.00,1.4000,true,1,134395
7290013883148,false,סופג ריחות במקרר ווליט 40 גרם,יעקב יעקבי ובניו בעמ,,הפי סופג ריחות במקרר,Unknown,0.00,יחידה,false,,10.00,0.0000,true,1,120258
7290013883407,false,"דזיטול מרסס לחיטוי כללי יעקבי 750 מ""ל",יעקב יעקבי ובניו בע`מ,,דזיטול מחטא ומשמיד ח,מיליליטרים,700.00,"100 מ""ל",false,,14.90,2.1286,true,1,111105
7290013903044,false,רסק תפוחי עץ אורגני 452 גרם,,,רסק תפוחי עץ אורגני,גרמים,452.00,100 גרם,false,,16.90,3.7389,true,1,162023
7290013903051,false,רסק תפוחי עץ וקינמון אורגני 452 גרם,,,מחית תפוחי עץ אורגני,גרמים,452.00,100 גרם,false,,16.90,3.7389,true,1,162024
7290013903273,false,אדממה אורגני קפוא 400 גר,זהג'יאנג קינגסור פוד,,אדממה אורגני מוקפא,Unknown,0.00,יחידה,false,,11.90,0.0000,true,1,171788
7290013903327,false,טופו טבעי 500 יח 2 יח נפרדות ליב,ל.י.ב. (לחיות יותר בטבע) בעמ,,טופו 500 גרם ליב טבע,גרמים,500.00,100 גרם,false,,16.90,3.3800,true,1,146006
7290013906205,false,פסטרמה שום וצילי טירת צבי (400 גרם),תנובה מרכז שיתופי לשיווק תוצרת,,טירת צבי פסטרמה שום,גרמים,400.00,100 גרם,false,,29.90,7.4750,true,1,114293
7290013906212,false,"נקנקיות וינר טירת 1 ק""ג טירת צבי",תנובה מרכז שיתופי לשיווק תוצרת,,טירת צבי נקניקיות וי,Unknown,0.00,יחידה,false,,30.00,0.0000,true,1,114294
7290013906441,false,קבנוס טירת צבי 120 גרם,תנובה מרכז שיתופי לשיווק תוצרת,,טירת צבי קבנוס 120 ג,גרמים,120.00,100 גרם,false,,10.90,9.0833,true,1,114296
7290013906458,false,קבנוס בטעם פיקנטי טירת צבי 120 גרם,תנובה מרכז שיתופי לשיווק תוצרת,,טירת צבי קבנוס פיקנט,גרמים,120.00,100 גרם,false,,10.90,9.0833,true,1,114297
7290013906489,false,חטיפי מיני קבנוס טירת צבי 120 גרם,תנובה מרכז שיתופי לשיווק תוצרת,,טירת צבי חטיפי מיני,גרמים,120.00,100 גרם,false,,10.90,9.0833,true,1,114298
7290013906687,false,פסט' צמד כפרית ברביקיו ודבש 300X2ג' טירת צבי,תנובה מרכז שיתופי לשיווק תוצרת,,טירת צבי צמד כפרית ב,גרמים,600.00,100 גרם,false,,29.90,4.9833,true,1,114300
7290013906694,false,נקניקיות שקית קילו וחצי טירת צבי,תנובה מרכז שיתופי לשיווק תוצרת,,טירת צבי נקניקיות עו,פריט,1.50,"ק""ג",false,,25.90,17.2667,true,1,192188
7290013927002,false,עוגיות דקליות בטעם שוקולד אחוה (400 גרם),אחדות ביתחרושת לטחינה חלבה,,דקליות שוקו במגש 400,גרמים,400.00,100 גרם,false,,9.90,2.4750,true,1,137657
7290013927064,false,א. עוגיות גרנולה עם פירות יער 400 ג'-אחווה,אחדות ביתחרושת לטחינה חלבה,,אחדות עוגיות גרנולה,גרמים,400.00,100 גרם,false,,9.90,2.4750,true,1,137663
7290013927200,false,עוגיות שוקולד צ`יפס עשירה 400גרם אחוה,אחדות ביחר לטחינה חל,,עוגת שוקולד ציפס עשי,גרמים,400.00,100 גרם,false,,12.90,3.2250,true,1,137669
7290013927323,false,עוגת בראוניס 400 גרם אחדות,אחדות ביחר לטחינה חל,,עוגת בראוניס 400 גרם,גרמים,400.00,100 גרם,false,,12.90,3.2250,true,1,137671
7290013927385,false,מאפין בטעם דבש 45 גרם אחוה,אחדות בעמ,,אחווה מאפין עם דבש 4,Unknown,0.00,יחידה,false,,1.90,0.0000,true,1,200565
7290013927637,false,חלוה ללא תוספת סוכר במגש 400 גר' אחוה,אחדות ביחר לטחינה חל,,אחווה חלווה ללא סוכר,גרמים,400.00,100 גרם,false,,12.90,3.2250,true,1,137688
7290013927644,false,עוגיות כתר בטעם תות במגש 400 גר' אחווה,אחדות בעמ,,עוגיות כתר בטעם תות,גרמים,400.00,100 גרם,false,,9.90,2.4750,true,1,137689
7290013927996,false,עוגת שמרים קרנץ בטעם שוקולד אחוה 400 גרם,אחדות ביחר לטחינה חל,,עוגת שמרים קרנץ בטעם,גרמים,400.00,100 גרם,false,,11.90,2.9750,true,1,159653
7290013994028,false,אורז חום מלא עגול אורגני 500 גר הרדוף,,,אורז עגול מלא אורגני,גרמים,500.00,100 גרם,false,,9.90,1.9800,true,1,179261
7290013994288,false,"קינואה רויאל לבנה אורגנית הרדוף 1 ק""ג",הרדוף,,קינואה רויאל לבנה או,פריט,1.00,"ק""ג",false,,32.90,32.9000,true,1,179266
7290013994653,false,קינואה רויאל אורגני 500 גרם - הרדוף,אול אורגני,,קינואה רויאל אורגני,גרמים,500.00,100 גרם,false,,17.90,3.5800,true,1,179276
7290013994769,false,בייגלה עם שומשום מקמח מלא אורגני 200 גרם,אם החיטה,,מקלות בייגלה עם שומש,גרמים,200.00,100 גרם,false,,11.90,5.9500,true,1,179281
7290013994912,false,"קמח כוסמין 70% אורגני הרדוף 1 ק""ג",עץ השדה,,קמח כוסמין 70% אורגנ,פריט,1.00,"ק""ג",false,,19.90,19.9000,true,1,179288
7290014002128,false,תה ירוק לימונית ומנטה 25 שקיקים ויסוצקי,תה ויסוצקי (ישראל)בעמ,,ויסוצקי תה ירוק לימו,Unknown,25.00,יחידה,false,,24.90,0.9960,true,1,129645
7290014002135,false,תה ירוק מיקס 5 טעמים ויסוצקי 25 יחידות,תה ויסוצקי (ישראל) בעמ,,ויסוצקי תה ירוק מיקס,Unknown,0.00,יחידה,false,,24.90,0.0000,true,1,129646
7290014002203,false,חליטת לימונית ולואיזה הגן הקסום ויסוצקי 25 יחידות,תה ויסוצקי (ישראל) בעמ,,ויסוצקי חליטת לימוני,Unknown,0.00,יחידה,false,,17.90,0.0000,true,1,129649
7290014002944,false,גן קסום חליטת פירות וצמחים חמדת שקד 25 שקיקים,תה ויסוצקי (ישראל) בעמ,,גן קסום חליטת חמאת ש,Unknown,25.00,יחידה,false,,17.90,0.7160,true,1,129658
7290014002982,false,תה ירוק לימונית ולואיזה ויסוצקי 25 יחידות תוספת סטיביה,תה ויסוצקי (ישראל) בעמ,,ויסוצקי תה ירוק לימו,Unknown,25.00,יחידה,false,,24.90,0.9960,true,1,129659
7290014016279,false,פיצה מרגריטה ל.גלוטן400ג,נטו מלינדה-בשר,,פיצה מרגריטה 400 גרם,Unknown,0.00,יחידה,false,,24.90,0.0000,true,1,185898
7290014016699,false,עוגיות שוקולד צ'יפס,,,עוגיות שוקולד צ'יפס,Unknown,0.00,יחידה,false,,18.90,0.0000,true,1,185850
7290014016804,false,עוגיות בטעם חמאה ללא גלוטן 200 גרם,,,עוגיות בטעם חמאה 200,Unknown,0.00,יחידה,false,,18.90,0.0000,true,1,185855
7290014017054,false,קמח תירס 500 ג ללא ג,נטו מלינדה-בשר,,קמח תירס 500 גרם,גרמים,500.00,100 גרם,false,,8.20,1.6400,true,1,185910
7290014046016,false,פסטרמה של פעם דל שומן 2% רכיבים טבעיים,מעדני יחיעם ( 1993 ) בע`מ,,יחיעם פסטרמה הודו 10,Unknown,0.00,יחידה,false,,25.90,0.0000,true,1,121847
7290014046047,false,פסטרמת מעודנת ברביקיו 2יח*300גר,מעדני יחיעם ( 1993 ) בע`מ,,יחיעם צמד פסטרמה 600,גרמים,600.00,100 גרם,false,,29.90,4.9833,true,1,121850
7290014046436,false,נשנושי קבנוס יחיעם (125 גרם),מעדני יחיעם ( 1993 ) בע`מ,,נשנושי קבנוס 125 ג,גרמים,125.00,100 גרם,false,,14.00,11.2000,true,1,121851
7290014046474,false,"נקניקיות עוף יחיעם 1.5 ק""ג",מעדני יחיעם ( 1993 ) בע`מ,,יחיעם נקניקיות עוף 1,פריט,1.50,"ק""ג",false,,29.90,19.9333,true,1,121853
7290014046580,false,פסטרמה מעודנת על גחלים יחיעם (300 גרם),מעדני יחיעם (1993) בעמ,,פסטרמה מעודנת על גחל,גרמים,300.00,100 גרם,false,,25.90,8.6333,true,1,121859
7290014046757,false,סלמי תה יחיעם (300 גרם),מעדני יחיעם (1993) בעמ,,יחיעם סלמי תה 300 גר,גרמים,300.00,100 גרם,false,,25.90,8.6333,true,1,121860
7290014046764,false,סלמי פפרוני יחיעם 200 גרם,מעדני יחיעם (1993) בעמ,,סלמי פפרוני 200 גרם,גרמים,200.00,100 גרם,false,,14.90,7.4500,true,1,121861
7290014050099,false,גויה קוקוס שקדים ושו,,,גויה קוקוס שקדים ושו,Unknown,700.00,יחידה,false,,32.00,0.0457,true,1,122147
7290014050136,false,גויה קפוצינו ועוגיות,,,גויה קפוצינו ועוגיות,Unknown,700.00,יחידה,false,,32.00,0.0457,true,1,122148
7290014050174,false,נסטי קרחונים 6יח,,,נסטי קרחונים 6יח,Unknown,820.00,יחידה,false,,20.00,0.0244,true,1,122149
7290014050419,false,לה קרמריה סורבה לימו,,,לה קרמריה סורבה לימו,קילוגרמים,1.20,ליטר,false,,20.00,16.6667,true,1,122150
7290014050457,false,סקיני קאו טילון מאגד,,,סקיני קאו טילון מאגד,גרמים,325.00,100 גרם,false,,30.00,9.2308,true,1,122151
7290014050549,false,אנגרי בירדס קרחונים,,,אנגרי בירדס קרחונים,Unknown,655.00,יחידה,false,,33.00,0.0504,true,1,122152
7290014050563,false,קופיקו נסטלה מאגדת 5,,,קופיקו נסטלה מאגדת 5,גרמים,510.00,100 גרם,false,,20.00,3.9216,true,1,122153
7290014050648,false,גלידרייה שוקו וניל מ,,,גלידרייה שוקו וניל מ,קילוגרמים,1.33,ליטר,false,,24.00,18.0451,true,1,122154
7290014050686,false,סקיני קאו סנדוויץ ונ,,,סקיני קאו סנדוויץ ונ,Unknown,560.00,יחידה,false,,30.00,0.0536,true,1,122155
7290014050969,false,סקיני קאו סנדוויץ ונ,,,סקיני קאו סנדוויץ ונ,Unknown,6.00,יחידה,false,,30.00,5.0000,true,1,122157
7290014059078,false,"אקווה פרש מי פה אקסטרים 500 מ""ל",גלקסו סמית קליין,,אקווה פרש מי פה אקסט,מיליליטרים,500.00,"100 מ""ל",false,,14.90,2.9800,true,1,111170
7290014059085,false,"משחת שיניים סנסודיין 75 מ""ל פרימיום לשיקום והגנה","סמית קליין ביצ'ם בע""",,סנסודיין משחה לשיקום,מיליליטרים,75.00,"100 מ""ל",false,,24.90,33.2000,true,1,133387
7290014059436,false,"משחת שיניים סנסודיין 75 מ""ל פרימיום לשיקום והגנה מלבינה 75 מ""ל","סמית קליין ביצ'ם בע""",,סנסודיין משחת לשיקום,מיליליטרים,75.00,"100 מ""ל",false,,24.90,33.2000,true,1,111171
7290014066533,false,לנדוור-קפסולות אספרסו קלייה כפולה(12) - 10יח'12X יח,ש.שסטוביץ בעמ,,לנדוור קפסולות אספרס,Unknown,0.00,יחידה,false,,17.90,0.0000,true,1,158928
7290014079076,false,נבטי אלפלפא מרינה,"מרינה פטריות הגליל בע""מ",,נבטי אלפלפא,Unknown,1.00,יחידה,false,,5.90,5.9000,true,1,138807
7290014079847,false,פטריות בייבי בלה צמד מרינה,קונס`-מרינה פטריות הגליל בעמ*ש,,פיטריות פורטבילה צעי,Unknown,0.00,יחידה,false,,15.90,0.0000,true,1,138816
7290014083813,false,וילי פוד מריגה שפרוטים מעושנים בשמן 190ג,ג. וילי-פוד אינטרנשיונל בע`מ,,וילי פוד מריגה שפרוט,גרמים,190.00,100 גרם,false,,8.90,4.6842,true,1,115608
7290014094529,false,רוטב סויה 300 מל- אהרוני,דין שיווק וקליה 2021 בעמ,,אהרוני רוטב סויה 300,מיליליטרים,300.00,"100 מ""ל",false,,10.10,3.3667,true,1,134410
7290014094536,false,רוטב סויה 623מ''ל אהרוני,****דין שיווק וקליה 2021 בעמ,,אהרוני רוטב סויה 623,מיליליטרים,623.00,"100 מ""ל",false,,20.20,3.2424,true,1,134411
7290014095472,false,חטיף דגנים עם חומציות שוקולד מריר שקדיה 125 גרם,****דין שיווק וקליה 2021 בעמ,,שקדיה ח. דגנים עם חמ,גרמים,175.00,100 גרם,false,,10.00,5.7143,true,1,134429
7290014095861,false,שיבולת שועל דקה בשקית שקדיה 500 גרם,דין שיווק וקליה 2021 בעמ,,קוואקר שיבולת שועל ד,גרמים,500.00,100 גרם,false,,6.90,1.3800,true,1,134431
7290014095960,false,שיבולת שועל עבה בשקית שקדיה 500 גרם,דין שיווק וקליה 2021 בעמ,,קוואקר שיבולת שועל ע,גרמים,500.00,100 גרם,false,,6.90,1.3800,true,1,134434
7290014126343,false,בישוקטים בונומי וניל קקאו קקאו 200 גרם,"דנשר (1963) בע,מ",,בונומי בישקוטים וניל,גרמים,200.00,100 גרם,false,,8.00,4.0000,true,1,138163
7290014177086,false,טרופי סירופ פטל,,,טרופי סירופ פטל,Unknown,0.00,יחידה,false,,54.90,0.0000,true,1,146215
7290014204003,false,"שמפו לשיער צבוע 750 מ""ל פנינה רוזנבלום","פנינה רוזנבלום בע""מ",,פנינה שמפו צבוע 750,מיליליטרים,750.00,"100 מ""ל",false,,12.90,1.7200,true,1,135187
7290014204010,false,"מרכך לשיער צבוע 750 מ""ל פנינה רוזנבלום",פנינה רוזנבלום בעמ,,פנינה מרכך צבוע 750,Unknown,750.00,יחידה,false,,12.90,0.0172,true,1,135188
7290014204027,false,"שמפו לשיער חפיפה יומיומית 750 מ""ל פנינה רוזנבלום","פנינה רוזנבלום בע""מ",,פנינה שמפו יומי 750,מיליליטרים,750.00,"100 מ""ל",false,,12.90,1.7200,true,1,111198
7290014204034,false,"מרכך יומי 750 מ""ל פנינה רוזנבלום","פנינה רוזנבלום בע""מ",,"מרכך יומי 750 מ""ל",מיליליטרים,750.00,"100 מ""ל",false,,12.90,1.7200,true,1,111199
7290014204560,false,"פנינהרוזנבלום- סבון נוזלי לידיים שלישיה,3*500 מ""ל","פנינה רוזנבלום בע""מ",,פנינה סבון נוזלי 3*5,Unknown,3.00,יחידה,false,,13.90,4.6333,true,1,135190
7290014204683,false,אלסבון 1 ליטר משאבה סגול פנינה רוזנבלום,פנינה רוזנבלום בעמ,,פנינה סבון נוזלי משא,מיליליטרים,1000.00,"100 מ""ל",false,,10.90,1.0900,true,1,135194
7290014204690,false,אלסבון 1 ליטר משאבה ורוד פנינה רוזנבלום,פנינה רוזנבלום בעמ,,פנינה סבון נוזלי משא,מיליליטרים,1000.00,"100 מ""ל",false,,10.90,1.0900,true,1,135195
7290014204706,false,אלסבון 1 ליטר משאבה קורלפנינה רוזנבלום,פנינה רוזנבלום בעמ,,פנינה סבון נוזלי משא,קילוגרמים,1.00,ליטר,false,,10.90,10.9000,true,1,135196
7290014218321,false,בורקס אישי יפו גבינה מעדנות 600 גרם,תנובה מרכז שיתופי לשיווק תוצרת,,מעדנות בורקס אישי גב,גרמים,600.00,100 גרם,false,,17.90,2.9833,true,1,114310
7290014218338,false,"בורקס אישי יפו תפו""א מעדנות 600 גרם",מיוצר עי קונדיטוריית,,מעדנות בורקס אישי תפ,גרמים,600.00,100 גרם,false,,17.90,2.9833,true,1,114311
7290014218505,false,"שלישית פיצות בחבק 3 יח`מעדנות 1.08 ק""",תנובה ענף ב.ע.ד,,פיצה מעדנות שלישייה,גרמים,360.00,100 גרם,false,,29.90,8.3056,true,1,159166
7290014218932,false,חטיפי פיצה בתוספ זיתים בשקית מעדנות 710 גרם,מיוצר עי קונדיטוריית,,חטיפי פיצה בתוספת זי,גרמים,710.00,100 גרם,false,,29.90,4.2113,true,1,114336
7290014318113,false,"ניוקי תפו""א ללא גלוטן 500 גרם",VINCI,,ניוקי תפוח אדמה ללא,גרמים,500.00,100 גרם,false,,16.90,3.3800,true,1,146297
7290014318137,false,עגבניות מיובשות בשמן 285 ג' (12),,,עגבניות מיובשות בשמן,גרמים,285.00,100 גרם,false,,22.90,8.0351,true,1,146299
7290014318151,false,ממרח ארטישוק 212 ג' (12),,,ממרח ארטישוק 212 גרם,גרמים,212.00,100 גרם,false,,27.90,13.1604,true,1,146300
7290014318311,false,מארז שלישיית עגבניות חתוכות דק במיץ עגבניות Rosso,,,עגבניות פולפה 3*400,גרמים,1200.00,100 גרם,false,,19.90,1.6583,true,1,146312
7290014318373,false,רוטב פסטה נפוליטנה 3,,,רוטב פסטה נפוליטנה 3,גרמים,340.00,100 גרם,false,,15.90,4.6765,true,1,146315
7290014318458,false,מחית עגבניות חתוכות דק Rustica,איטליקה Italica,,רוסטיקה עגבניות חתוכ,גרמים,680.00,100 גרם,false,,14.90,2.1912,true,1,146320
7290014318526,false,צלפים גדולים עם רגל 540 כשר ג',,,צלפים גדולים עם רגל,גרמים,540.00,100 גרם,false,,32.90,6.0926,true,1,146326
7290014318564,false,טחינה אתיופית מלאה 7,,,טחינה אתיופית מלאה 7,גרמים,720.00,100 גרם,false,,46.90,6.5139,true,1,146328
7290014318670,false,רוטב רימונים אורגני,,,רוטב רימונים אורגני,מיליליטרים,250.00,"100 מ""ל",false,,31.90,12.7600,true,1,177437
7290014318861,false,"קרם קוקוס אורגני 17.5% שומן 250 מ""ל",,,קרם קוקוס אורגני 17.,מיליליטרים,250.00,"100 מ""ל",false,,12.90,5.1600,true,1,177443
7290014321014,false,שמן קוקוס אורגני 1 ליטר,אקוגרין,,שמן קוקוס 1 ליטר,קילוגרמים,1.00,ליטר,false,,65.90,65.9000,true,1,179223
7290014354845,false,מכנסונים,,,מכנסונים,Unknown,0.00,יחידה,false,,12.90,0.0000,true,1,187895
7290014357808,false,סניקרס נשים,,,סניקרס נשים,Unknown,0.00,יחידה,false,,10.00,0.0000,true,1,184332
7290014359567,false,מגבת גוף,,,מגבת גוף,Unknown,0.00,יחידה,false,,24.90,0.0000,true,1,199109
7290014397163,false,"מטהר אוויר פרש הום פריחת השקד, ורד אנגלי וכותנה",החברה הדרומית לשיווק בעמ,,סנו פרש מיכל מילוי ב,מיליליטרים,250.00,"100 מ""ל",false,,15.90,6.3600,true,1,173373
7290014397170,false,"פרש מיכל מילוי אוטומטיק סופט בלאנס 250 מ""ל סנו",החברה הדרומית לשיווק בעמ,,סנו פרש מיכל מילוי ב,מיליליטרים,250.00,"100 מ""ל",false,,15.90,6.3600,true,1,117534
7290014397453,false,סנו אוקסיגן גל מסיר כתמים כביסה לבנה 3 ל,החברה הדרומית לשיווק בעמ,,סנו אוקסיג'ן לכביסה,קילוגרמים,3.00,ליטר,false,,29.90,9.9667,true,1,117536
7290014397491,false,"מבשם אויר סנו פרש הום בניחוח וניל קוקוס 350 מ""ל",סנו פרש Fresh,,סנו פרש הום קוקוס ונ,מיליליטרים,350.00,"100 מ""ל",false,,13.90,3.9714,true,1,117537
7290014397507,false,מבשם אויר סנו פרש הום בניחוח מאסק מעודן 350 מ''ל,מיוצר עי קונדיטוריית,,סנו פרש הום מאסק מעו,מיליליטרים,350.00,"100 מ""ל",false,,13.90,3.9714,true,1,117538
7290014397514,false,"מבשם אויר סנו פרש הום בניחוח כותנה מלטפת 350 מ""ל",החברה הדרומית לשיווק בעמ,,סנו פרש הום כותנה מל,מיליליטרים,350.00,"100 מ""ל",false,,13.90,3.9714,true,1,173377
7290014397538,false,"מבשם אויר סנו פרש הום בניחוח אביב 350 מ""ל",סנו מפעלי ברונוס בעמ,,סנו פרש הום סבון מפנ,מיליליטרים,350.00,"100 מ""ל",false,,13.90,3.9714,true,1,117541
7290014397767,false,סנו ריצפז פרש הום 2 ליטר בניחוח כותנה-מרכז,החברה הדרומית לשיווק בעמ,,ריצפז פרש הום כותנה,קילוגרמים,2.00,ליטר,false,,21.90,10.9500,true,1,111028
7290014397774,false,ריצפז פרש הום טבע רענן 2ל לרצפה,החברה הדרומית לשיווק בעמ,,ריצפז פרש הום טבע רע,קילוגרמים,2.00,ליטר,false,,21.90,10.9500,true,1,117547
7290014397781,false,סנו ריצפז פרש הום 2 ליטר בניחוח סבון,החברה הדרומית לשיווק בעמ,,ריצפז פרש הום סבון מ,קילוגרמים,2.00,ליטר,false,,21.90,10.9500,true,1,111029
7290014397873,false,מרכך כביסה בבישום עוצמתי ג'נטל בריז,החברה הדרומית לשיווק בעמ,,מקסימה gentle breeze,קילוגרמים,4.00,ליטר,false,,22.90,5.7250,true,1,117550
7290014397897,false,"מבשם בגדים ואריגים כותנה מקסימה 350 מ""ל סנו",סנו מפעלי ברונוס בעמ,,מקסימה ספרי לבישום כ,מיליליטרים,350.00,"100 מ""ל",false,,16.90,4.8286,true,1,172243
7290014397903,false,מבשם בגדים ואריגים מקסימה Soft linen,סנו-מקסימה,,מקסימה ספרי לבישום כ,מיליליטרים,350.00,"100 מ""ל",false,,16.90,4.8286,true,1,172244
7290014424005,false,פראנס ביוטי שעווה למיקרוגל פנים זהב70גר,xanitalia,,פראנס ביוטי שעווה ל,Unknown,0.00,יחידה,false,,24.90,0.0000,true,1,159997
7290014424029,false,פראנס ביוטי שעווה למיקרוגל פנים ורוד70גר,נורוליס,,פראנס ביוטי שעווה ל,Unknown,0.00,יחידה,false,,24.90,0.0000,true,1,159998
7290014424081,false,פראנס ביוטי שעווה ברולר טיבעי,נורוליס,,פראנס ביוטי שעווה ב,Unknown,0.00,יחידה,false,,14.90,0.0000,true,1,160000
7290014424234,false,פראנס ביוטי שעווה ברולר תפוח,,,פראנס ביוטי שעווה ב,Unknown,0.00,יחידה,false,,14.90,0.0000,true,1,160001
7290014426061,false,משחת שיניים הלו קיטי בטעם ענבים לגיל 2-6,גורי ע.ע.ע. בע`מ,,הלו קיטי משחת שיניים,מיליליטרים,50.00,"100 מ""ל",false,,11.90,23.8000,true,1,133389
7290014426597,false,משחת שיניים לילדים כצט הלו קיטי 50 מל,גורי ע.ע.ע בעמ,,משחת הלו קיטי מנטה 5,מיליליטרים,50.00,"100 מ""ל",false,,11.90,23.8000,true,1,133390
7290014455252,false,גבינת גרנה פדנו מגורדת 29% גד (100 גרם),מחלבות גד שיווק 1992 בעמ,,גרנה פדנו מגורד 100ג,Unknown,0.00,יחידה,false,,11.90,0.0000,true,1,146679
7290014455320,false,גבינה כדורי מוצרלה פרסקה גד 100ג',מחלבות גד שיווק 1992 בעמ,,כדור מוצרלה פרסקה 10,גרמים,100.00,100 גרם,false,,8.90,8.9000,true,1,146682
7290014455467,false,ירח מתוק מעדן חלב 2% ושיבולת שועל גד 150ג',מחלבות גד שיווק 1992 בעמ,,מעדן שיבולת שועל וחל,Unknown,150.00,יחידה,false,,5.90,0.0393,true,1,146683
7290014459137,false,"תפוגן סטייק צ'יפס 1.5 ק""ג אסם",קבוצת אוסם סחר שותפות מוגבלת,,תפוגן צ'יפס סטייק 1.,פריט,1.50,"ק""ג",false,,24.90,16.6000,true,1,126842
7290014459472,false,"תפוגן צ יפס קלאסי 2ק""ג (תפוגן)",קבוצת אוסם סחר שותפות מוגבלת,,תפוגן צ'יפס קלאסי 2,פריט,2.00,"ק""ג",false,,29.90,14.9500,true,1,126846
7290014471412,false,"מוזלי בוטנים אגוזים ושקדים 1 ק""ג - 412 ירוק שקדיה",דין שיווק וקליה 2021 בעמ,,דין מוזלי בוטנים אגו,גרמים,1000.00,100 גרם,false,,21.90,2.1900,true,1,134436
7290014471429,false,"מוזלי עם פירות 1 ק""ג - 429 סגול שקדיה",דין שיווק וקליה 2021 בעמ,,"דין מוזלי פירות 1 ק""",פריט,1.00,"ק""ג",false,,21.90,21.9000,true,1,134437
7290014471436,false,"מוזלי צימוקים תפוח קינמון וגרעיני חמניה 1 ק""ג כחול שקדיה",דין שיווק וקליה 2021 בעמ,,דין מוזלי צימוקים תפ,גרמים,400.00,100 גרם,false,,21.90,5.4750,true,1,134438
7290014471443,false,"גרנולה צימוקים אגוזים ושקדים1 ק""ג חדש - 443 כתום שקדיה (כתום)",דין שיווק וקליה 2021 בעמ,,"גרנולה אגוזים 1 ק""ג",פריט,1.00,"ק""ג",false,,21.90,21.9000,true,1,134439
7290014471719,false,מנציס בקופסה 220 גרם,,,מנציס בקופסה 220 גרם,גרמים,220.00,100 גרם,false,,13.90,6.3182,true,1,134442
7290014471740,false,שקדיה אפונה קלויה בט,,,שקדיה אפונה קלויה בט,גרמים,220.00,100 גרם,false,,13.90,6.3182,true,1,134444
7290014518018,false,"קמח חיטה מלא 1 ק""ג",,,"קמח חיטה מלא 1 ק""ג",פריט,1.00,"ק""ג",false,,6.00,6.0000,true,1,153698
7290014525016,false,עשיריית חטיף סלים פרוט מרבה יוגורט תות סלים דליס 18.2 גרם,ש.שסטוביץ בעמ,,סלים פרוט ח.דגנים יו,גרמים,182.00,100 גרם,false,,9.90,5.4396,true,1,128195
7290014525177,false,חטיף סלים פרוט Slim fruit בטעם יוגורט ופירות יער,סלים דליס Slim Delis,,סלים פרוט דגנים יוגו,גרמים,182.00,100 גרם,false,,10.90,5.9890,true,1,128201
7290014525290,false,חטיפי סלים דליס קריספי תות מרבה 125 גרם,סלים דליס Slim Delis,,סלים דליס קריספי תות,גרמים,125.00,100 גרם,false,,10.90,8.7200,true,1,128202
7290014525306,false,חטיפי סלים דליס קריספי אוכמניות מרבה 125 גרם,סלים דליס Slim Delis,,סלים דליס קריספי אוכ,גרמים,125.00,100 גרם,false,,10.90,8.7200,true,1,128203
7290014525313,false,חטיפי סלים דליס קריספי שוקולד מרבה 125 גרם,סלים דליס Slim Delis,,סלים דליס קריספי שוק,גרמים,125.00,100 גרם,false,,10.90,8.7200,true,1,128204
7290014525665,false,מרבה על חלל עוגיות קקאו וסוכריות שוק חלב 140 יח',ש.שסטוביץ בעמ,,עוגיות קקאו עם סוכרי,גרמים,140.00,100 גרם,false,,10.90,7.7857,true,1,175081
7290014525672,false,מרבה על חלל עוגיות קקאו וסוכריות שוקולד חלב 140 גרם,ש.שסטוביץ בעמ,,עוגיות עם סוכריות שו,גרמים,140.00,100 גרם,false,,10.90,7.7857,true,1,175082
7290014534124,false,תומר זית שחור יבש,,,תומר זית שחור יבש,Unknown,0.00,יחידה,false,,40.00,0.0000,true,1,169448
7290014534650,false,"פסטה ""לה פסטה"" 400 ג' צינור 400 ג'",תומר ייבוא ושיווק מוצרי מזון [,,לה פסטה צינור 400 ג,גרמים,400.00,100 גרם,false,,3.90,0.9750,true,1,118714
7290014534667,false,"פסטה ""לה פסטה"" 400 ג' קונכיה 400 ג'",תומר ייבוא ושיווק מוצרי מזון [,,לה פסטה קונכיה 400 ג,גרמים,400.00,100 גרם,false,,3.90,0.9750,true,1,118715
7290014534674,false,"פסטה ""לה פסטה"" 400 ג' פרפר 400 ג'",תומר ייבוא ושיווק מוצרי מזון [,,לה פסטה פרפר 400 ג,גרמים,400.00,100 גרם,false,,3.90,0.9750,true,1,118716
7290014534681,false,"פסטה ""לה פסטה"" 400 ג' בורג 400 ג'",תומר ייבוא ושיווק מוצרי מזון [,,לה פסטה בורג 400 ג,גרמים,400.00,100 גרם,false,,3.90,0.9750,true,1,118717
7290014534698,false,"פסטה ""לה פסטה"" 400 ג' תלתל 400 ג'",תומר ייבוא ושיווק מוצרי מזון [,,לה פסטה תלתל 400 גרם,גרמים,400.00,100 גרם,false,,3.90,0.9750,true,1,118718
7290014534704,false,"פסטה ""לה פסטה"" 400 ג' אטריות מרק 400 ג'",תומר ייבוא ושיווק מוצרי מזון [,,לה פסטה אטריות מרק 4,גרמים,400.00,100 גרם,false,,3.90,0.9750,true,1,118719
7290014603103,false,מקס טוויסטר מאגדת 5,,,מקס טוויסטר מאגדת 5,גרמים,330.00,100 גרם,false,,29.00,8.7879,true,1,135369
7290014603158,false,מקס הפתעה במפיז מאגד,,,מקס הפתעה במפיז מאגד,גרמים,385.00,100 גרם,false,,30.00,7.7922,true,1,135371
7290014603516,false,סולרו פרי שייק תות 6,,,סולרו פרי שייק תות 6,Unknown,0.00,יחידה,false,,9.00,0.0000,true,1,135373
7290014603585,false,שלגון מקס פק מן,,,שלגון מקס פק מן,Unknown,0.00,יחידה,false,,8.00,0.0000,true,1,135375
7290014603691,false,גווווול וניל שוקו 11,,,גווווול וניל שוקו 11,מיליליטרים,110.00,"100 מ""ל",false,,4.60,4.1818,true,1,135377
7290014603707,false,קופיקו שוקו בננה 80מ,,,קופיקו שוקו בננה 80מ,Unknown,0.00,יחידה,false,,4.60,0.0000,true,1,135378
7290014625341,false,סט מגשים קרטון צורת,,,סט מגשים קרטון צורת,Unknown,0.00,יחידה,false,,10.00,0.0000,true,1,204047
7290014648005,false,מסיר לק ללא אציטון לה בלה 250 מל,פארמה דיל (פ.א.ב.) שיווק והפצה,,אציטון מסיר לק 250,מיליליטרים,250.00,"100 מ""ל",false,,12.00,4.8000,true,1,144737
7290014648081,false,סכיני גילוח חד פעמי לה בלה עשירייה,פארמה דיל (פ.א.ב.) שיווק והפצה,,סכיני גילוח 10 יח נש,Unknown,1.00,יחידה,false,,10.00,10.0000,true,1,144742
7290014648098,false,סכיני גילוח חד פעמי לה בלה חמישיה,פארמה דיל (פ.א.ב.) שיווק והפצה,,בסט סכיני גילוח 5 יח,Unknown,1.00,יחידה,false,,14.90,14.9000,true,1,144743
7290014648142,false,LA BELLE סמק -70% 100אלכוהול,פארמה דיל (פ.א.ב.) שיווק והפצה,,LA BELLE אלכוהול 70%,Unknown,0.00,יחידה,false,,9.90,0.0000,true,1,144745
7290014648586,false,מקלוני אוזניים פלסטיק 200 יח`LA BELLE,פארמה דיל (פ.א.ב.) שיווק והפצה,,LA BELLE מקלוני צמר,Unknown,0.00,יחידה,false,,3.90,0.0000,true,1,144761
7290014648609,false,אטמי אוזניים צבעוניי,,,אטמי אוזניים צבעוניי,Unknown,0.00,יחידה,false,,19.90,0.0000,true,1,144762
7290014648852,false,ספוג רחצה לאמבט לבן,,,ספוג רחצה לאמבט לבן,Unknown,0.00,יחידה,false,,17.90,0.0000,true,1,144778
7290014648906,false,LA BELLEמסיר לק מהציפורניים 100 מל,פארמה דיל (פ.א.ב.) שיווק והפצה,,LA BELLE מסיר לק 100,מיליליטרים,250.00,"100 מ""ל",false,,5.90,2.3600,true,1,144779
7290014673021,false,פלפל שחור שלם תבליני מימון (100 גרם),א.ל.ייצור ושיווק תבלינים בעמ,,תבליני מימון פלפל שח,גרמים,100.00,100 גרם,false,,13.90,13.9000,true,1,114454
7290014673038,false,תערובת תיבול טוסקנה מימון 120 גרם,א.ל ייצור ושיווק תבלינים בעמ,,תערובת תיבול טוסקנה,גרמים,120.00,100 גרם,false,,10.90,9.0833,true,1,183881
7290014673106,false,פפריקה אדומה גרוסה בשמן מימון 400 גרם,א.ל. ייצור ושיווק תבלינים בע`מ,,פפריקה אדומה גרוסה ב,גרמים,400.00,100 גרם,false,,26.90,6.7250,true,1,183886
7290014673359,false,מלח לימון תבליני מימון (400 גרם),א.ל. ייצור ושיווק תבלינים בע`מ,,מלח לימון 400 גר,גרמים,400.00,100 גרם,false,,21.90,5.4750,true,1,114455
7290014673373,false,פפריקה הונגרית חריפה תבליני מימון 250 גרם,א.ל.ייצור ושיווק תבלינים בעמ,,מימון פפריקה הונגרית,גרמים,250.00,100 גרם,false,,20.90,8.3600,true,1,114457
7290014673380,false,כמון טחון תבליני מימון 250 גרם,א.ל. ייצור ושיווק תבלינים בע`מ,,מימון כמון טחון 250,גרמים,250.00,100 גרם,false,,20.90,8.3600,true,1,114458
7290014673397,false,תיבול לגריל עוף תבליני מימון 250 גרם,א.ל. ייצור ושיווק תבלינים בע`מ,,מימון תיבול לגריל עו,גרמים,250.00,100 גרם,false,,20.90,8.3600,true,1,114459
7290014673403,false,פלפל שחור טחון תבליני מימון (250 גרם),א.ל. ייצור ושיווק תבלינים בע`מ,,מימון פלפל שחור טחון,גרמים,250.00,100 גרם,false,,27.90,11.1600,true,1,114460
7290014673434,false,פלפל שחור גרוס דק שקית תבליני מימון 80גרם,א.ל.ייצור ושיווק תבלינים בעמ,,פלפל שחור גרוס דק שק,Unknown,0.00,יחידה,false,,8.90,0.0000,true,1,114462
7290014692305,false,גבינת קממבר EURO CHEESE ויליפוד 125 גרם,ג.וילי-פוד אינטרנשיונל **גבינו,,קסטלו קממבר 125ג,גרמים,125.00,100 גרם,false,,19.90,15.9200,true,1,115611
7290014692565,false,גרעיני תירס מתוק וילי פוד (320 גרם),ג.וילי-פוד אינטרנשיונל בעמ,,וילי פוד גרעיני תירס,גרמים,320.00,100 גרם,false,,5.90,1.8438,true,1,115614
7290014692817,false,גבינת מוצרלה מגורדתEURO CHEESE ויליפוד 200 גרם,ג.וילי-פוד אינטרנשיונל **גבינו,,סיי ציז מוצרלה מגורד,גרמים,200.00,100 גרם,false,,14.90,7.4500,true,1,115616
7290014712379,false,"יוגורט בקבוק בטעם אפרסק 500 מ""ל הכפר",מחלבת בת הרים,,יוגורט בקבוק אפרסק 5,מיליליטרים,500.00,"100 מ""ל",false,,15.90,3.1800,true,1,188164
7290014712539,false,"יוגורט בקבוק בטעם תות שדה 500 מ""ל הכפר",מחלבת בת הרים,,יוגורט בקבוק תות שדה,מיליליטרים,500.00,"100 מ""ל",false,,15.90,3.1800,true,1,188165
7290014712546,false,"יוגורט בקבוק בטעם פירות יער 500 מ""ל הכפר",מחלבת בת הרים,,יוגורט בקבוק פירות י,מיליליטרים,500.00,"100 מ""ל",false,,15.90,3.1800,true,1,188166
7290014731264,false,ספלאש כוסות 180CC לשתייה קרה 100 יחידות,רם,,ספלאש כוסות לשתיה קר,Unknown,0.00,יחידה,false,,7.90,0.0000,true,1,152044
7290014747715,false,"ע.ט אצבעות שניצל שומשום 1 ק""ג",,,עוף טוב אצבעות שניצל,פריט,1.00,"ק""ג",false,,32.90,32.9000,true,1,180791
7290014748613,false,דג טוב מקלוני דגים בציפוי ציפס 600גר,קבוצת אוסם סחר שותפות מוגבלת,,דג טוב מקלוני דגים ב,גרמים,600.00,100 גרם,false,,29.90,4.9833,true,1,202612
7290014749245,false,ספיישל רצועות שניצל שומשום עוף טוב 600 גרם,קבוצת אוסם סחר שותפות מוגבלת,,עוף טוב צונגו רצועות,גרמים,600.00,100 גרם,false,,39.90,6.6500,true,1,126905
7290014749764,false,עוף טוב שניצל עוף ביתי עדין כזה 700 גרם,קבוצת אוסם סחר שותפות מוגבלת,,שניצל עוף ביתי עדין,Unknown,0.00,יחידה,false,,39.90,0.0000,true,1,159691
7290014749863,false,שניצל דק ענק קריספי צ'יפס עוף טוב 720 גרם,קבוצת אוסם סחר-שות.מוגבלת,,עוף טוב שניצל דק בצ,גרמים,720.00,100 גרם,false,,34.90,4.8472,true,1,174964
7290014749887,false,שניצל דק ענק קריספי קלאסי עוף טוב 720 גרם,קבוצת אוסם סחר שותפות מוגבלת,,עוף טוב שניצל עוף דק,גרמים,720.00,100 גרם,false,,34.90,4.8472,true,1,174965
7290014758100,false,מאגדת יוגורט ביו 3% שומן 8 יח' *150ג' תנובה,מיוצר עי קונדיטוריית,,מאגדת יוגורט ביו 3%,קילוגרמים,1.20,ליטר,false,,16.90,14.0833,true,1,130453
7290014758117,false,מאגדת יוגורט ביו 1.5% שומן 8 יח' *150 ג' תנובה,מיוצר עי קונדיטוריית,,מאגדת יוגורט ביו 1.,קילוגרמים,1.20,ליטר,false,,16.20,13.5000,true,1,130454
7290014758162,false,חלב עיזים מלא 3.6% שומן תנובה (1 ליטר),תנובה מרכז שיתופי לש,,חלב עיזים קרטון 1 לי,קילוגרמים,1.00,ליטר,false,,14.90,14.9000,true,1,130456
7290014758681,false,גבינת קוטג`1% בגביע תנובה (250 גרם),מיוצר עי קונדיטוריית,,קוטג תנובה 1% גביע 2,גרמים,250.00,100 גרם,false,,5.80,2.3200,true,1,130459
7290014759084,false,גבינת שמנת נפוליאון 16% מופחת שומן תנובה 225 גרם,תנובה מרכז שיתופי לש,,נפוליאון 16% גביע 22,גרמים,225.00,100 גרם,false,,13.90,6.1778,true,1,130460
7290014759909,false,פטה עיזים 5% 250 גר`גביע פיראוס תנובה,"תנובה, מחלבת טנא נוג",,פטה עיזים 5% פיראוס,גרמים,250.00,100 גרם,false,,28.60,11.4400,true,1,130466
7290014759978,false,קצ`קאבל פלח גלעד 200 גר`קולקשיין תנובה,"תנובה בע""מ ***",,קצקבל גלעד 27% פלח 2,גרמים,200.00,100 גרם,false,,26.20,13.1000,true,1,130468
7290014760134,false,"מעדן סויה בטעם וניל תנובה 125 מ""ל","תנובה בע""מ ***",,מעדן סויה בטעם וניל,מיליליטרים,125.00,"100 מ""ל",false,,4.10,3.2800,true,1,130471
7290014760141,false,משקה שקדים טרי תנובה (1 ליטר),"תנובה בע""מ ***",,משקה שקדים טרי 1 ליט,קילוגרמים,1.00,ליטר,false,,12.50,12.5000,true,1,130472
7290014760912,false,גבינה צהובה 28% מהדרין גוש חלב (400 גרם),תנובה מרכז שיתופי לש,,גוש חלב 28% 400 גרם,גרמים,400.00,100 גרם,false,,26.20,6.5500,true,1,130477
7290014761018,false,גיל בטעם וניל תנובה 125 גרם,תנובה מרכז שיתופי לש,,גיל בטעם וניל 125 גר,מיליליטרים,125.00,"100 מ""ל",false,,1.60,1.2800,true,1,130479
7290014761056,false,מעדן שוקולד חלב יולו תנובה 123 גרם,מיוצר עי קונדיטוריית,,YOLO מעדן שוקולד חלב,גרמים,123.00,100 גרם,false,,4.60,3.7398,true,1,130480
7290014761063,false,מעדן שוקולד מריר יולו תנובה 123 גרם,מיוצר עי קונדיטוריית,,YOLO מעדן שוקולד מרי,גרמים,123.00,100 גרם,false,,4.60,3.7398,true,1,130481
7290014761193,false,יוגורט עם פירות יער 1.5% שומן 125 ג' פרילי,תנובה מרכז שיתופי לש,,פרילי פירות יער 1.5%,גרמים,125.00,100 גרם,false,,3.50,2.8000,true,1,130483
7290014761414,false,יולו מעדן שכבות שוקולד חלב ולבן 123 גר,מיוצר עי קונדיטוריית,,YOLO מעדן שכבות שוקו,Unknown,0.00,יחידה,false,,4.60,0.0000,true,1,130485
7290014762756,false,גבינת שמנת נפוליאון 16% עם בצל תנובה 225 גרם,תנובה - חלב,,נפוליאון 16% עם בצל,גרמים,225.00,100 גרם,false,,13.90,6.1778,true,1,130503
7290014762800,false,מעדן סויה שוקולד גביע 125 גרם אלטרנטיב,תנובה מרכז שיתופי לש,,מעדן סויה שוקולד גבי,גרמים,125.00,100 גרם,false,,4.10,3.2800,true,1,130508
7290014762831,false,גבינת שמנת נפוליאון 16% עם פלפל חלפיניו תנובה 225 גרם,תנובה מרכז שיתופי לש,,נפוליאון עם חלפיניו,גרמים,225.00,100 גרם,false,,13.90,6.1778,true,1,130509
7290014762909,false,פתיתי מוצרלה השף הלבן 10% תוספת מתנה,"תנובה, מחלבת תל יוסף",,מוצרלה פתיתים 20% שו,גרמים,200.00,100 גרם,false,,18.90,9.4500,true,1,182475
7290014762947,false,לאבנה גלילית 11% שומן 750 ג' פיראוס,תנובה,,לאבנה גלילית 11%שומן,גרמים,150.00,100 גרם,false,,24.90,16.6000,true,1,130513
7290014763272,false,יוגורט סויה BIO לשתיה תות ובננה אלטרנטיב,תות תעשיות מזון (201,,יוגורט סויה לשתיה תו,גרמים,250.00,100 גרם,false,,6.20,2.4800,true,1,130517
7290014789913,false,עוגיות אוראו קרם בטעם וניל מארז 176 גרם,דיפלומט מפיצים (1968) בעמ**,,אוראו עוגיות 3*176 ג,גרמים,528.00,100 גרם,false,,26.00,4.9242,true,1,140756
7290014791336,false,מי מינרלים בודד ליטר,יפאורה שותפות מוגבלת לשיווק,,מי עדן ספורט 1 ליטר,קילוגרמים,1.00,ליטר,false,,5.00,5.0000,true,1,120493
7290014791572,false,"שוויפס מוגז בטעם ענבים 330 מ""ל",יפאורה שותפות מוגבלת לשיווק,,שוופס מוגז ענבים 330,מיליליטרים,330.00,"100 מ""ל",false,,7.00,2.1212,true,1,120496
7290014791626,false,שוופס סודה נענע ליים 250 מל זכוכית,יפאורה שותפות מוגבלת לשיווק,,שוופס סודה נענע ליים,מיליליטרים,250.00,"100 מ""ל",false,,5.00,2.0000,true,1,120499
7290014803565,false,צנימים עגולים עם חיטה מלאה 300 גרם,נאמן לאורך זמן בעמ,,צנימים עגולים חיטה מ,Unknown,0.00,יחידה,false,,13.90,0.0000,true,1,191832
7290014860070,false,"מקלוני אורז ללא גלוטן 5 מ""מ 454גר' (אור)",מזרח ומערב יבוא ושיווק,,מקלוני אורז ללא גלוט,גרמים,454.00,100 גרם,false,,10.90,2.4009,true,1,133257
7290014860094,false,"מקלוני אורז ללא גלוטן 3מ""מ 454גר' (אור)",מזרח ומערב יבוא ושיווק,,מזרח ומערב יבוא מקלו,גרמים,454.00,100 גרם,false,,10.90,2.4009,true,1,133259
7290014860100,false,"מקלות אורז ללא גלוטן 1 מ""מ 454 גרם",,,מזרח ומערב יבוא מקלו,גרמים,454.00,100 גרם,false,,9.90,2.1806,true,1,133260
7290014860155,false,מחצלת במבו שטוחה 24X24 ס'מ,מזרח ומערב יבוא ושיווק,,מחצלת במבו שטוחה 24X,Unknown,0.00,יחידה,false,,7.90,0.0000,true,1,133261
7290014860247,false,שבבי אורז מרובעים ללא גלוטן 227 גרם (Oriental),מזרח ומערב יבוא ושיווק,,מזרח ומערב יבוא שבבי,גרמים,227.00,100 גרם,false,,9.90,4.3612,true,1,133262
7290014890145,false,גבינת שמנת טבעי 225 גרם יעקובס,גבינות משק יעקבס,,יעקבס שמנת טבעית 225,גרמים,225.00,100 גרם,false,,12.90,5.7333,true,1,146203
7290014890152,false,גבינת שמנת זיתים 225 גרם יעקובס,גבינות משק יעקבס,,יעקבס שמנת זיתים 225,גרמים,225.00,100 גרם,false,,12.90,5.7333,true,1,146204
7290014890169,false,גבינת שמנת שום שמיר 225 גרם יעקובס,גבינות משק יעקבס,,יעקבס שמנת שמיר 225,גרמים,225.00,100 גרם,false,,12.90,5.7333,true,1,146205
7290014890176,false,ריקוטה סגנון איטלק5% 250,מחלבת משק יעקובס,,ריקוטה 250 גרם,גרמים,250.00,100 גרם,false,,12.90,5.1600,true,1,146206
7290014890237,false,גבינת קממברט יעקבס 125 גרם,גבינות משק יעקבס,,יעקבס גבינת קממבר בי,גרמים,140.00,100 גרם,false,,17.90,12.7857,true,1,146210
7290014901247,false,"שמפו קרטין לאחר החלקה ועיצוב בחום סטייל 750 מ""ל",א.ל. ארמן ייצור תמרו,,שמפו קרטין 750,Unknown,0.00,יחידה,false,,22.90,0.0000,true,1,161151
7290014901254,false,"מרכך קרטין לאחר החלקה ועיצוב בחום סטייל 750 מ""ל",א.ל ארמן ייצור תמרוק,,מרכך קרטין 750,Unknown,0.00,יחידה,false,,22.90,0.0000,true,1,161154
7290014901261,false,"מסכה קרטין לאחר החלקה ועיצוב בחום סטייל 500 מ""ל",א.ל ארמן ייצור תמרוק,,מסכה קרטין 500,Unknown,0.00,יחידה,false,,32.90,0.0000,true,1,161155
7290014901308,false,משחת שיניים לשיניים רגישות Complete protection,"סמית קליין ביצ'ם בע""",,משחת סנסודיין הגנה מ,Unknown,0.00,יחידה,false,,24.90,0.0000,true,1,111172
7290014901315,false,סנסודיין משחה הגנה מלאה אקסטרה פרש 75 מל,"סמית קליין ביצ'ם בע""",,סנסודיין מ.שיניים הג,Unknown,0.00,יחידה,false,,24.90,0.0000,true,1,111173
7290014905160,false,"הפי מטהר אוויר פניני ריח בניחוחות, 130 גרם","יעקב יעקבי ובניו בע""מ",,הפי פניני ריח תפוז\ו,גרמים,130.00,100 גרם,false,,11.90,9.1538,true,1,120265
7290014905207,false,"הג'ל הכחול לניקוי האסלה יעקבי 750 מ""ל",יעקב יעקבי ובניו בעמ,,הפי ג'ל מנקה אסלות 7,מיליליטרים,750.00,"100 מ""ל",false,,8.90,1.1867,true,1,120266
7290014905498,false,הפי מטליות דו צדדיות בגליל 20 מטליות,"יעקב יעקבי ובניו בע""מ",,הפי גם וגם מטלית דו,Unknown,0.00,יחידה,false,,12.90,0.0000,true,1,120270
7290014905696,false,"נוזל כלים הפי מרוכז 24% לימון 750 מ""ל","יעקב יעקבי ובניו בע""מ",,הפי לכלים צהוב לימון,מיליליטרים,750.00,"100 מ""ל",false,,8.90,1.1867,true,1,120272
7290014905733,false,נוזל לניקוי חלונות הפי (750 מל),"יעקב יעקבי ובניו בע""מ",,"הפי לחלונות 750 מ""ל",מיליליטרים,750.00,"100 מ""ל",false,,7.90,1.0533,true,1,120274
7290014940901,false,לחם פשוט מלא לילדים פרוס אנג`ל (750 גרם),מאפיית שלמה א. אנג'\ל בע,,לחם פשוט מלא,גרמים,750.00,100 גרם,false,,13.90,1.8533,true,1,114547
7290014945135,false,כפפות חד פעמי כחולות,T.P Tailand,,שייני כפפות ניטריל M,Unknown,0.00,יחידה,false,,24.90,0.0000,true,1,145057
7290014945142,false,כפפות ניטריל ללא אבקה כחולות L א- 100 יח',T.P Tailand,,שייני כפפות ניטריל L,Unknown,0.00,יחידה,false,,24.90,0.0000,true,1,145058
7290014945159,false,כפפות ניטריל ללא אבקה כחולות XL א- 100 יח',T.P Tailand,,שייני כפפות ניטריל X,Unknown,0.00,יחידה,false,,24.90,0.0000,true,1,145059
7290014945210,false,צימרוני אוזניים עץ 300 י,מ.א.ייצור ויבוא מטליות בעמ,,צמרי עץ בשקית 300 י,Unknown,300.00,יחידה,false,,3.90,0.0130,true,1,145062
7290014945272,false,2 כריות ברזל לקרצוף,,,2 כריות ברזל לקרצוף,Unknown,0.00,יחידה,false,,4.90,0.0000,true,1,145063
7290014945739,false,שייני ניילון נצמד 150 מ',מ.א.ייצור ויבוא מטליות בעמ,,ניילון נצמד 150 מ' S,Unknown,0.00,יחידה,false,,19.90,0.0000,true,1,145069
7290014945807,false,קיסמי שיניים דנטליים שייני (200 יח'),,,קיסמי שיניים דנטליים,Unknown,200.00,יחידה,false,,6.90,0.0345,true,1,145075
7290014967465,false,מארז קפסולות אספרסו,אספרסו מור,,מארז 10 קפסולות קפה,Unknown,0.00,יחידה,false,,11.90,0.0000,true,1,153151
7290014967762,false,מארז 100 קפסולות מיקס טעמים,אספרסו מור,,מארז 100 קפסולות קפה,Unknown,0.00,יחידה,false,,79.90,0.0000,true,1,153153
7290014974562,false,גביעי גלידה רגיל טילון עלמה גילרו 24 יח',"א.ג גילרו בע""\מ",,רזיט גביעי גלידה 24,Unknown,24.00,יחידה,false,,7.90,0.3292,true,1,152585
7290014974593,false,גביעי גלידה 12 מגולגל ללא גלוטן גילרו*,ח.כהן סוכנות מזון ומשקאות בע,,גביעי גלידריה מגולגל,Unknown,12.00,יחידה,false,,16.90,1.4083,true,1,152586
7290014994652,false,אלין שמפו שיאה ארגן מרוקי ללא מלח 1 ליטר,,,אלין שמפו ארגן מרוקא,קילוגרמים,1.00,ליטר,false,,44.90,44.9000,true,1,109808
7290015005555,false,"צ'יפס אמריקאי 2 ק""ג פרי הגליל",ויטה- פרי גליל (החדשה) בעמ,,ציפס אמריקאי פרי הגל,פריט,2.00,"ק""ג",false,,24.90,12.4500,true,1,134797
7290015008020,false,נרות נשמה פחית ר.שמאי 24 שעות,,,נרות נשמה 24 שעות- ר,Unknown,0.00,יחידה,false,,1.90,0.0000,true,1,152048
7290015008037,false,נרות חימום 50 יח' ר.שמאי,,,אקו - נריות חימום 50,Unknown,0.00,יחידה,false,,9.90,0.0000,true,1,152049
7290015008099,false,"צלחות גדול 50 יח' עבות במיוחד שמאי כשל""פ עד""ח",,,שמאי - צלחות לבן גדו,Unknown,50.00,יחידה,false,,16.90,0.3380,true,1,152052
7290015008105,false,"צלחות קטן 50 יח' עבות במיוחד שמאי כשל""פ עד""ח",,,צלחות קטן עבות במיוח,Unknown,50.00,יחידה,false,,12.90,0.2580,true,1,152053
7290015008112,false,"מרקיות 25 יח' עבות במיוחד שמאי כשל""פ עד""ח",,,מרקיות עבות לבן 25 י,Unknown,25.00,יחידה,false,,8.90,0.3560,true,1,152054
7290015008129,false,"לפתניות 25 יח' עבות במיוחד שמאי כשל""פ עד""ח",,,לפתניות עבות לבן 25,Unknown,25.00,יחידה,false,,4.90,0.1960,true,1,152055
7290015008211,false,לפתניות שקוף קשיח עג,,,שמאי - לפתניות קשיח,Unknown,0.00,יחידה,false,,11.90,0.0000,true,1,152058
7290015008273,false,"כוס פלסטיק איכותי 180 פסים ח""פ ר. שמאי 100יח'",,,כוסות פסים לשתיה קרה,Unknown,0.00,יחידה,false,,10.90,0.0000,true,1,152059
7290015008280,false,"נייר אפיה 50 דף שמאי נשלף אחד אחד כשל""פ עד""ח",,,נייר אפיה נשלף 50 דף,Unknown,50.00,יחידה,false,,7.90,0.1580,true,1,152060
7290015008372,false,"כוס קרטון לשתיה חמה 8OZ ח""פ 50יח'",,,כוסות לשתיה חמה 8B-,Unknown,0.00,יחידה,false,,9.90,0.0000,true,1,152064
7290015008570,false,קערה לאירוח 8' קשיחה ושקופה שמאי כ-1.5 ל',,,קערה לאירוח 8 אינץ ק,Unknown,0.00,יחידה,false,,7.90,0.0000,true,1,152066
7290015008594,false,נרות נשמה שבועי זכוכית אחת שתיים שמאי,,,נרות זכוכית שבועי- ר,Unknown,0.00,יחידה,false,,9.90,0.0000,true,1,152068
7290015008624,false,נרות חימום 50 יח' 4 שעות שמאי,,,נרות חימום עבות 50 י,Unknown,0.00,יחידה,false,,9.90,0.0000,true,1,152069
7290015008655,false,כפות קרם/שקוף ר.שמאי 50 יח',,,כפות קרם/שקוף ארוז 5,Unknown,0.00,יחידה,false,,7.90,0.0000,true,1,152072
7290015008662,false,מזלג קרם/שקוף ר.שמאי 50 יח',,,מזלג קרם ארוז 50 יח',Unknown,0.00,יחידה,false,,7.90,0.0000,true,1,152073
7290015008679,false,"סכין שקוף/קרם ארוז 50 יחי' כשל""פ",,,סכין קרם/שקוף ארוז 5,Unknown,0.00,יחידה,false,,7.90,0.0000,true,1,152074
7290015008686,false,כפיות קרם/שקוף ר.שמאי 50 יח',,,כפיות קרם/שקוף ארוז,Unknown,0.00,יחידה,false,,6.90,0.0000,true,1,152075
7290015008693,false,"צלחות ענק צבעוני 25 יח' שמאי כשל""פ עד""ח",,,צלחות ענק צבעוני 25,Unknown,0.00,יחידה,false,,16.90,0.0000,true,1,152076
7290015008778,false,"צלחות גדול 100 יח' צבעוני שמאי כשל""פ עד""ח",,,שמאי - צלחות צבעוני,Unknown,100.00,יחידה,false,,39.90,0.3990,true,1,152079
7290015008822,false,"כוסות קרטון אספרסו 4OZ ח""פ 50יח'",,,כוסות קרטון 4 OZ אספ,Unknown,0.00,יחידה,false,,6.90,0.0000,true,1,152080
7290015008839,false,"צלחות עמוקות עבות במיוחד 30 יח' שמאי כשל""פ עד""ח",,,צלחות מרכזית לבנה 30,Unknown,30.00,יחידה,false,,16.90,0.5633,true,1,152081
7290015008846,false,לפתניות אובלי עבות במיוחד לבן בנדע 25 יח',,,שמאי - קעריות אובלי,Unknown,25.00,יחידה,false,,5.90,0.2360,true,1,152082
7290015008945,false,תבנית מאפינס אלומיניום ארוז שמאי 50 יח',,,שמאי - מאפינס אלומני,Unknown,0.00,יחידה,false,,12.90,0.0000,true,1,160629
7290015008976,false,מזון בקרטון H.D שמאי 150X3 יח',,,שקיות מזון בקרטון של,Unknown,0.00,יחידה,false,,9.90,0.0000,true,1,152087
7290015009102,false,"עלי טורטייה מקמח לבן 20 ס""מ 360 גרם",,,עלי טורטיה מקמח לבן,גרמים,360.00,100 גרם,false,,14.90,4.1389,true,1,158051
7290015009119,false,עלי טורטייה מקמח תירס 360 גרם,פרינסיס און וה אונלו,,עלי טורטייה מקמח לבן,גרמים,420.00,100 גרם,false,,14.90,3.5476,true,1,158056
7290015009126,false,עלי טורטייה מקמח מלא 420 גר 25 סמ,לווליה,,עלי טורטייה מקמח מלא,גרמים,420.00,100 גרם,false,,14.90,3.5476,true,1,158057
7290015009171,false,"ניוקי תפוחי אדמה 300 גר' ""דניאל""",סיאמה אלימנטארי סרל,,ניוקי תפוחי אדמה 300,גרמים,300.00,100 גרם,false,,9.90,3.3000,true,1,158004
7290015009225,false,"ריבת חלב מקורים 450 גרם ""DANIEL""",קארו,,ריבת חלב מקורית 450,גרמים,450.00,100 גרם,false,,21.90,4.8667,true,1,158035
7290015009294,false,גבינת פרמיזאנו רזאנו170ג,ביג גראנה,,פרמיז'אנו ראז'אנו 17,גרמים,170.00,100 גרם,false,,34.90,20.5294,true,1,158063
7290015009317,false,נאצו'ס תירס טבעי 200 גרם,אוקי סנייקס,,נאצ'וס תירס טבעי 200,גרמים,200.00,100 גרם,false,,13.90,6.9500,true,1,158053
7290015009324,false,נאצו'ס תירס ברביקיו 200 גרם,אוקיי סנקס,,נאצ'וס ברביקיו 200 ג,גרמים,200.00,100 גרם,false,,13.90,6.9500,true,1,158054
7290015009331,false,נאצו'ס תירס חריף 200 גרם,מנדלז סי.אר. פרודקשן,,נאצ'וס חריף 200 גרם,גרמים,200.00,100 גרם,false,,13.90,6.9500,true,1,158055
7290015009355,false,רוט.חומץ בלסמי מצומצם250,אקובינל,,רוטב חומץ בלסמי מצוצ,מיליליטרים,250.00,"100 מ""ל",false,,24.90,9.9600,true,1,158015
7290015009553,false,"רוטב אקסטרא חריף מפלפל קרולינה ריפר 148 מ""ל",קאמוק,,רוטב אקסטרא חריף מפל,Unknown,0.00,יחידה,false,,19.90,0.0000,true,1,200375
7290015009560,false,רוטב סאבוריטו חריף פ,,,רוטב חריף מפלפל קאיי,Unknown,0.00,יחידה,false,,19.90,0.0000,true,1,200378
7290015009577,false,רוטב סאבוריטו חריף פ,,,רוטב חריף מפלפל הבנר,Unknown,0.00,יחידה,false,,19.90,0.0000,true,1,200379
7290015009584,false,רוטב סאבוריטו חריף פ,,,רוטב חריף מפלפל חלפי,Unknown,0.00,יחידה,false,,19.90,0.0000,true,1,200380
7290015009591,false,"רוטב אקסטרא חריף מפלפל סקורפיון 148 מ""ל",קאמוק,,רוטב אקסטרא חריף מפל,Unknown,0.00,יחידה,false,,19.90,0.0000,true,1,200381
7290015015004,false,תאנים מיובשות 400 גר,,,תאנים מיובשות 400 גר,Unknown,0.00,יחידה,false,,19.90,0.0000,true,1,144244
7290015015011,false,חמוציות ברכז תפוח 30,,,חמוציות ברכז תפוח 30,Unknown,0.00,יחידה,false,,19.90,0.0000,true,1,144245
7290015015028,false,צימוקים ג'אמבו 300 ג,,,צימוקים ג'אמבו 300 ג,Unknown,0.00,יחידה,false,,19.90,0.0000,true,1,144246
7290015015035,false,צימוקים כהים 300 גרם,,,צימוקים כהים 300 גרם,Unknown,0.00,יחידה,false,,19.90,0.0000,true,1,144247
7290015015042,false,בננה צ'יפס 200 גרם,,,בננה צ'יפס 200 גרם,Unknown,0.00,יחידה,false,,6.90,0.0000,true,1,144248
7290015015073,false,גרעיני חמניה קולפים,,,גרעיני חמניה קולפים,Unknown,0.00,יחידה,false,,9.90,0.0000,true,1,144250
7290015015097,false,גרעיני דלעת מקולפים,,,גרעיני דלעת מקולפים,Unknown,0.00,יחידה,false,,11.90,0.0000,true,1,144252
7290015015103,false,אגוז לוז (בונדוק) מק,,,אגוז לוז (בונדוק) מק,Unknown,0.00,יחידה,false,,14.90,0.0000,true,1,144253
7290015015127,false,שקדים מולבנים פרוסים,,,שקדים מולבנים פרוסים,Unknown,0.00,יחידה,false,,14.90,0.0000,true,1,144254
7290015015134,false,אגוזי מלך קלופים 20,,,אגוזי מלך קלופים 20,Unknown,0.00,יחידה,false,,9.90,0.0000,true,1,144255
7290015015141,false,שקדים מולבנים גפרורי,,,שקדים מולבנים גפרורי,Unknown,0.00,יחידה,false,,14.90,0.0000,true,1,144256
7290015015158,false,שקדים מולבנים חצאים,,,שקדים מולבנים חצאים,Unknown,0.00,יחידה,false,,14.90,0.0000,true,1,144257
7290015015165,false,שקדים מקולפים טבעי 2,,,שקדים מקולפים טבעי 2,Unknown,0.00,יחידה,false,,14.90,0.0000,true,1,144258
7290015015172,false,אגוז פקאן מקולף טבעי,,,אגוז פקאן מקולף טבעי,Unknown,0.00,יחידה,false,,29.90,0.0000,true,1,144259
7290015015196,false,אגוז פקאן סיני מסוכר,,,אגוז פקאן סיני מסוכר,Unknown,0.00,יחידה,false,,19.90,0.0000,true,1,144261
7290015015202,false,קשיו טבעי 250 גרם,,,קשיו טבעי 250 גרם,Unknown,0.00,יחידה,false,,19.90,0.0000,true,1,144262
7290015015219,false,פיסטוק חלבי מקולף 2,,,פיסטוק חלבי מקולף 2,Unknown,0.00,יחידה,false,,29.90,0.0000,true,1,144263
7290015015226,false,צנובר 200 גרם,,,צנובר 200 גרם,Unknown,0.00,יחידה,false,,29.90,0.0000,true,1,144264
7290015015295,false,אגוז ברזילאי מקולף,,,אגוז ברזילאי מקולף,גרמים,100.00,100 גרם,false,,19.90,19.9000,true,1,144265
7290015015301,false,פירורי לחם מוזהבים ד,,,פירורי לחם מוזהבים ד,גרמים,200.00,100 גרם,false,,3.90,1.9500,true,1,152390
7290015015363,false,פירורי לחם מוזהבים ד,,,פירורי לחם מוזהבים ד,Unknown,0.00,יחידה,false,,9.90,0.0000,true,1,152391
7290015015400,false,קפה דבאח טחון בלי הי,,,קפה דבאח טחון בלי הי,פריט,1.00,"ק""ג",false,,60.00,60.0000,true,1,159617
7290015015455,false,"קמח חיטה מלאה 2 ק""ג",,,"קמח חיטה מלאה 2 ק""ג",פריט,2.00,"ק""ג",false,,12.00,6.0000,true,1,144279
7290015015899,false,הום 9 מטליות רב שימו,,,הום 9 מטליות רב שימו,Unknown,0.00,יחידה,false,,9.90,0.0000,true,1,168270
7290015015905,false,הום 40 מטליות אקולוג,,,הום 40 מטליות אקולוג,Unknown,0.00,יחידה,false,,19.90,0.0000,true,1,168267
7290015015912,false,הום 40 מטליות רב שימ,,,הום 40 מטליות רב שימ,Unknown,0.00,יחידה,false,,16.90,0.0000,true,1,168268
7290015025942,false,"קרם ידיים קלאסי עם שמן שקדים פנג'ל 80 מ""ל",מיוצר עי קונדיטוריית,,פנג'ל ק. ידיים קלאסי,Unknown,0.00,יחידה,false,,9.90,0.0000,true,1,138187
7290015039055,false,"רוטב צ'ילי חריף תאילנדי וילי פוד 700 מ""ל",ג.וילי פוד אינטרנשיונל בעמ,,וילי פוד רוטב צילי ח,מיליליטרים,700.00,"100 מ""ל",false,,10.90,1.5571,true,1,115617
7290015039246,false,נתחי טונה בשמן צמחי רביעיה * 160 ג' וילי פוד,ג.וילי-פוד אינטרנשיונל בעמ,,וילי פוד טונה בהירה,גרמים,640.00,100 גרם,false,,21.90,3.4219,true,1,115618
7290015039338,false,נתחי טונה במי מלח רביעיה * 160 ג' וילי פוד,ג.וילי-פוד אינטרנשיונל בעמ,,וילי פוד טונה בהירה,גרמים,640.00,100 גרם,false,,21.90,3.4219,true,1,115620
7290015039482,false,גבינת אדם פלח 230גרם 24%שומן - הולנד,ג.וילי-פוד אינטרנשיונל **גבינו,,אדם פלח 24% 230 גרם,גרמים,230.00,100 גרם,false,,22.90,9.9565,true,1,115621
7290015062305,false,תנור חימום קוורץ 2+1,,,תנור חימום קוורץ 2+1,Unknown,0.00,יחידה,false,,149.90,0.0000,true,1,202107
7290015062879,false,תאורה נטענת ניידת 30,,,תאורה נטענת ניידת 30,Unknown,0.00,יחידה,false,,39.90,0.0000,true,1,188015
7290015129121,false,אטריות גל קונג`אק נודלס ללא גלוטן סקיני,הוויזאי וואנגייה פוד,,סקיני פסטה נודלס 270,גרמים,270.00,100 גרם,false,,13.90,5.1481,true,1,153522
7290015129749,false,סקיני פסטה שיבולת שועל נודלס 270 גרם,הוויזאי וואנגייה,,סקיני פסטה שיבולת שו,גרמים,270.00,100 גרם,false,,13.90,5.1481,true,1,153536
7290015129756,false,סקיני פסטה שיבולת שועל פטוצ'יני 270 גרם,הוויזאי וואנגייה,,סקיני פסטה שיבולת שו,גרמים,270.00,100 גרם,false,,13.90,5.1481,true,1,153537
7290015139250,false,"שוקולד מריר פצפוצי אורז כרמית 85 גרם לל""ס",כרמית תעשיות ממתקים בעמ,,חופשי שוקולד מריר עם,Unknown,0.00,יחידה,false,,7.50,0.0000,true,1,147254
7290015139267,false,שוקולד מריר עם שקדים ללא תוספת סוכר וסטהיים,כרמית תעשיות ממתקים בעמ,,חופשי שוקולד מריר עם,Unknown,0.00,יחידה,false,,7.50,0.0000,true,1,147255
7290015139465,false,כרמית מיקסים בייגלה מצופה שוקולד חלב,כרמית תעשיות ממתקים בעמ,,מיקסים בייגלה מצופה,Unknown,0.00,יחידה,false,,3.90,0.0000,true,1,147259
7290015139519,false,אגו מיקס קוביות וופל 55 גר',כרמית תעשיות ממתקים בעמ,,מיקסים קוביות וופל 5,Unknown,0.00,יחידה,false,,3.90,0.0000,true,1,147262
7290015139526,false,חופשי ופל בציפוי ומילוי שוקו ללא גלוטן כרמית 125 גרם,כרמית תעשיות ממתקים בעמ,,ופל בציפוי ומילוי שו,גרמים,125.00,100 גרם,false,,11.90,9.5200,true,1,147263
7290015139533,false,חופשי ופל לימון ללא ציפוי ללא גלוטן כרמית 200 גרם,כרמית תעשיות ממתקים בעמ,,ופל לימון ללא ציפוי,גרמים,200.00,100 גרם,false,,11.90,5.9500,true,1,147264
7290015150088,false,מחית עגבניות קלה גרנד איטליה 700 גרם,תה ויסוצקי (ישראל) בעמ,,גרנד איטליה עגבניות,גרמים,700.00,100 גרם,false,,13.90,1.9857,true,1,129675
7290015150118,false,שלישיית עגבניות חתוכות דק גרנד איטליה 400 גרם,תה ויסוצקי (ישראל) בעמ,,עגבניות חתוכות דק 3*,פריט,1.20,"ק""ג",false,,17.90,14.9167,true,1,129678
7290015150200,false,עגבניות חתוכות דק גרנד איטליה ויסוצקי,תה ויסוצקי (ישראל)בעמ,,עגבניות חתוכות דק 40,גרמים,400.00,100 גרם,false,,6.90,1.7250,true,1,129679
7290015150361,false,תה ירוק נענע בתוספת סטיביה ויסוצקי) (25,תה ויסוצקי (ישראל) בעמ,,ויסוצקי תה ירוק נענע,Unknown,0.00,יחידה,false,,24.90,0.0000,true,1,129680
7290015150590,false,תה ירוק ג'ינג'ר חריף ויסוצקי 25 יחידות,תה ויסוצקי (ישראל) בעמ,,ויסוצקי תה ירוק ג'ינ,Unknown,25.00,יחידה,false,,24.90,0.9960,true,1,129683
7290015150903,false,תה ירוק קינמון ודבש ויסוצקי 25 יחידות,תה ויסוצקי (ישראל) בעמ,,ויסוצקי תה ירוק קינמ,Unknown,25.00,יחידה,false,,24.90,0.9960,true,1,129689
7290015155427,false,מעדן פרמיו עוף וכבד 15ג,פרמיו Premio,,פרמיו עוף וכבד 15ג',Unknown,0.00,יחידה,false,,7.90,0.0000,true,1,198647
7290015155823,false,מחית תפוחי עץ חטיפטף ללא תוספת סוכר,גורי מוצרי צריכה (1991) בעמ,,מחית פואץ' פרינוק תפ,Unknown,0.00,יחידה,false,,5.90,0.0000,true,1,116143
7290015155830,false,מחית תפוחי עץ ובננה חטיפטף ללא תוספת סוכר,גורי מוצרי צריכה (1991) בעמ,,מחית פואץ' פרינוק תפ,Unknown,0.00,יחידה,false,,5.90,0.0000,true,1,116144
7290015155847,false,מחית סלט פירות חטיפטף ללא תוספת סוכר,גורי מוצרי צריכה (1991) בעמ,,מחית פואץ' פרינוק סל,Unknown,0.00,יחידה,false,,5.90,0.0000,true,1,116145
7290015155892,false,חטיף אורז אפוי לתינוקות בננה חטיפטף 28גר,גורי מוצרי צריכה (1991) בעמ,,חטיפטף בטעם בננה 28,Unknown,0.00,יחידה,false,,8.90,0.0000,true,1,171986
7290015156653,false,פרמיו חטיף לבבות ברווז 100ג',רנדי בעמ,,פרמיו חטיף לבבות ברו,Unknown,0.00,יחידה,false,,14.90,0.0000,true,1,198650
7290015156769,false,מחית פרינוק פאוץ' תפוח ואוכמניות 120 גרם,גורי מוצרי צריכה (1991) בעמ,,מחית פואץ' פרינוק 1,Unknown,0.00,יחידה,false,,5.90,0.0000,true,1,116158
7290015156776,false,מחית פירות טרופיים חטיפטף ללא תוספת סוכר,גורי מוצרי צריכה (1991) בעמ,,מחית פואץ' פרינוק פי,Unknown,0.00,יחידה,false,,5.90,0.0000,true,1,116159
7290015156790,false,מחית לפתן פירות חטיפטף ללא תוספת סוכר,גורי מוצרי צריכה (1991) בעמ,,מחית פואץ' פרינוק לפ,Unknown,0.00,יחידה,false,,5.90,0.0000,true,1,116160
7290015156813,false,פאוץ' מחית פירות מעורבים פרינוק 120 גרם,גורי מוצרי צריכה (1991) בעמ,,מחית פואץ' פרינוק פי,Unknown,0.00,יחידה,false,,5.90,0.0000,true,1,116161
7290015164818,false,רוטב קארי צהובה 400 גרם SUREE כשר,מזרח ומערב יבוא ושיווק,,מזרח ומערב יבוא מחית,גרמים,400.00,100 גרם,false,,19.90,4.9750,true,1,167413
7290015164832,false,מחית קארי ירוק 400 גרם SUREE כשר,מזרח ומערב יבוא ושיווק,,מזרח ומערב יבוא מחית,גרמים,400.00,100 גרם,false,,19.90,4.9750,true,1,133263
7290015164856,false,רוטב קארי אדומה 400 גרם SUREE כשר,מזרח ומערב יבוא ושיווק,,מזרח ומערב יבוא מחית,גרמים,400.00,100 גרם,false,,19.90,4.9750,true,1,133264
7290015176361,false,מברשת שיניים חשמלית למבוגרים-FJ-TBFJ-ABLUE,פוגיקום בעמ,,מברשת שיניים חשמלית,Unknown,0.00,יחידה,false,,39.90,0.0000,true,1,146895
7290015176378,false,מברשת שיניים חשמלית למבוגרים-FJ-TBFJ-APURPLE,פוגיקום בעמ,,מברשת שיניים חשמלית,Unknown,0.00,יחידה,false,,39.90,0.0000,true,1,146896
7290015176385,false,מברשת שיניים חשמלית לילדים בצבע כחול,פוגיקום בעמ,,מברשת שיניים חשמלית,Unknown,0.00,יחידה,false,,39.90,0.0000,true,1,146897
7290015176392,false,מברשת שיניים חשמלית פוג'יקום לילד ורוד,פוגיקום בעמ,,מברשת שיניים חשמלית,Unknown,0.00,יחידה,false,,39.90,0.0000,true,1,146898
7290015178266,false,אוליביה רוטב פלפלת שחורה 270 גרם,תה ויסוצקי (ישראל)בעמ,,רוטב פלפלת שחורה,גרמים,270.00,100 גרם,false,,14.90,5.5185,true,1,199153
7290015178273,false,רוטב מרינדה לעוף בגריל אוליביה 270 גר,תה ויסוצקי (ישראל)בעמ,,מרינדה לעוף בגריל,גרמים,320.00,100 גרם,false,,14.90,4.6563,true,1,199154
7290015223867,false,"אסותא קרם לאחר גילוח 100מ""ל",עיסא ערטול בעמ-סוכן הנקל סוד,,אסותא קרם לאחר גילוח,Unknown,0.00,יחידה,false,,6.90,0.0000,true,1,125939
7290015223881,false,"אסותא קרם רגליים 100 מ""ל",עיסא ערטול בעמ-סוכן הנקל סוד,,אסותא קרם רגליים 100,מיליליטרים,100.00,"100 מ""ל",false,,3.90,3.9000,true,1,125941
7290015325745,false,מאשא והדב מגבוני רבי,,,מאשא והדב מגבוני רבי,Unknown,4.00,יחידה,false,,11.90,2.9750,true,1,125943
7290015325752,false,מגבונים אסותא רביעייה לתינוק,עיסא ערטול בעמ-סוכן הנקל סוד,,אסותא מגבוני רביעייה,Unknown,4.00,יחידה,false,,16.90,4.2250,true,1,125944
7290015347532,false,צ'יפס בטטה עם שמן זית ועשבי תיבול מיה 100 גרם,מיה תעשיות מזון מ.ת.מ. בעמ,,צ'יפס בטטה עם שמן זי,Unknown,0.00,יחידה,false,,9.90,0.0000,true,1,135086
7290015354899,false,חרדל דיז'ון מעודן 350 גרם,דיפלומט מפיצים (1968) בעמ**,,חרדל דיז'ון מעודן 35,גרמים,350.00,100 גרם,false,,12.90,3.6857,true,1,140758
7290015366335,false,זוג טבליות ספירה רפיל 60 לילות,זובלה,,זובלה טבליות זוגות,Unknown,0.00,יחידה,false,,14.90,0.0000,true,1,181469
7290015366663,false,"משחת שיניים מנטה עדין אקווה פרש 100 מ""ל",גלקסוסמיתקליין,,א.פרש עדין 100 מל,Unknown,0.00,יחידה,false,,7.50,0.0000,true,1,175682
7290015366670,false,משחת שיניים בטעם מנטה אקוהפרש (100 מל),גלקסוסמיתקליין,,א.פרש מנטה 100 מל,Unknown,0.00,יחידה,false,,7.50,0.0000,true,1,175683
7290015375795,false,צנצנת מלח עם טימין,,,צנצנת מלח עם טימין,Unknown,0.00,יחידה,false,,12.90,0.0000,true,1,180159
7290015375801,false,צנצנת מלח עם שום ופל,,,צנצנת מלח עם שום ופל,Unknown,0.00,יחידה,false,,12.90,0.0000,true,1,180160
7290015375818,false,צנצנת מלח עם רוזמרין,,,צנצנת מלח עם רוזמרין,Unknown,0.00,יחידה,false,,12.90,0.0000,true,1,180161
7290015375870,false,צנצנת ראב לסטייק,,,צנצנת ראב לסטייק,Unknown,0.00,יחידה,false,,12.90,0.0000,true,1,180164
7290015375894,false,צנצנת מלח עם טוסקנה,,,צנצנת מלח עם טוסקנה,Unknown,0.00,יחידה,false,,12.90,0.0000,true,1,180166
7290015410304,false,פיתות קמח מלא 10 יח',,,פיתה דרוזית,Unknown,0.00,יחידה,false,,19.90,0.0000,true,1,141957
7290015464093,false,"אלין דאודורנט 200 מ""ל בריח ריאהנה",,,"אלין דאודורנט 200 מ""",מיליליטרים,200.00,"100 מ""ל",false,,19.90,9.9500,true,1,172077
7290015464154,false,אלין תחליב רחצה 750,,,אלין תחליב רחצה 750,Unknown,0.00,יחידה,false,,19.90,0.0000,true,1,140946
7290015464291,false,"אלין קרם גוף לה בל 400 מ""ל",,,"אלין קרם גוף 400 מ""ל",מיליליטרים,400.00,"400 מ""ל",false,,34.90,0.0872,true,1,109816
7290015464345,false,"אלין מבשם גוף לה בל 250 מ""ל",,,אלין מבשם גוף LA BEL,Unknown,0.00,יחידה,false,,42.90,0.0000,true,1,109818
7290015464369,false,"אלין דאודורנט 200 מ""ל בריח לה בל",,,"אלין דאודורנט 200 מ""",מיליליטרים,200.00,"100 מ""ל",false,,19.90,9.9500,true,1,109819
7290015464536,false,"אלין קרם ידיים 150 מ""ל LA BELLA",,,אלין קרם ידיים לה בל,Unknown,0.00,יחידה,false,,12.90,0.0000,true,1,109821
7290015464697,false,אלין תחליב רחצה 750,,,אלין תחליב רחצה 750,Unknown,0.00,יחידה,false,,19.90,0.0000,true,1,172078
7290015464796,false,"אלין הייר ווקס פרופשיונל 250 מ""ל",,,אלין הייר ווקס פרופש,Unknown,0.00,יחידה,false,,24.90,0.0000,true,1,172061
7290015464819,false,"אלין קרם גוף 400 מ""ל",,,"אלין קרם גוף 400 מ""ל",מיליליטרים,400.00,"100 מ""ל",false,,34.90,8.7250,true,1,176894
7290015464888,false,אלין רול און פנטזי,,,אלין רול און פנטזי,Unknown,0.00,יחידה,false,,14.90,0.0000,true,1,111587
7290015465052,false,"אלין קרם גוף אולימפיה 400 מ""ל",,,"אלין קרם גוף 400 מ""ל",Unknown,0.00,יחידה,false,,34.90,0.0000,true,1,140959
7290015465069,false,"אלין מבשם גוף אולימפיה 250 מ""ל",,,אלין מבשם גוף בריח א,Unknown,0.00,יחידה,false,,42.90,0.0000,true,1,111608
7290015465076,false,"אלין דאודורנט בריח אולימפיה 200 מ""ל",,,"אלין דאודורנט 200 מ""",Unknown,0.00,יחידה,false,,19.90,0.0000,true,1,140960
7290015465113,false,"אלין קרם גוף מיליון 400 מ""ל",,,"אלין קרם גוף 400 מ""ל",Unknown,0.00,יחידה,false,,34.90,0.0000,true,1,140962
7290015465137,false,"אלין מבשם גוף מיליון 250 מ""ל",,,אלין מבשם גוף בריח מ,Unknown,0.00,יחידה,false,,42.90,0.0000,true,1,111610
7290015465199,false,אלין סלסלה מבשם גוף,,,אלין סלסלה מבשם גוף,Unknown,0.00,יחידה,false,,99.00,0.0000,true,1,176895
7290015465212,false,אלין קרם ידיים אולימפיה,,,אלין קרם ידיים אולימ,Unknown,0.00,יחידה,false,,12.90,0.0000,true,1,140965
7290015465472,false,"מבשם גוף אלין 250 מ""ל VICTUS MAN",,,אלין מבשם גוף אינביק,Unknown,0.00,יחידה,false,,42.90,0.0000,true,1,110538
7290015465526,false,אלין שמפו שמן אגוזי ברזיל 1 ליטר,,,אלין שמפו שמן אגוזי,Unknown,0.00,יחידה,false,,44.90,0.0000,true,1,140976
7290015465557,false,"אלין קרם לחות שמן אגוזי ברזיל 400 מ""ל",,,אלין קרם לחות שמן אג,Unknown,0.00,יחידה,false,,29.90,0.0000,true,1,140979
7290015465564,false,"אלין סרום אגוזי ברזיל 125 מ""ל",,,אלין סרום לשיער אגוז,Unknown,0.00,יחידה,false,,42.90,0.0000,true,1,111573
7290015465700,false,"מבשם גוף אלין 150 מ""ל PARADISE",,,אלין מבשם גוף 150 ג',Unknown,0.00,יחידה,false,,29.90,0.0000,true,1,111593
7290015465717,false,"מבשם גוף אלין 150 מ""ל SI",,,אלין מבשם גוף 150 ג',Unknown,0.00,יחידה,false,,29.90,0.0000,true,1,111590
7290015465762,false,אלין חמאת גוף נרסיסו,,,אלין חמאת גוף נרסיסו,מיליליטרים,250.00,"100 מ""ל",false,,32.90,13.1600,true,1,110486
7290015465823,false,אלין מבשם גוף קריסטאל,,,אלין מבשם גוף CRYSTA,Unknown,0.00,יחידה,false,,42.90,0.0000,true,1,176897
7290015465830,false,אלין מבשם גוף 212 VIP,,,אלין מבשם גוף VIP 21,Unknown,0.00,יחידה,false,,42.90,0.0000,true,1,111602
7290015466233,false,אלין תחליב רחצה 750,,,אלין תחליב רחצה 750,Unknown,0.00,יחידה,false,,19.90,0.0000,true,1,140995
7290015466585,false,"אלין קרם גוף 400 מ""ל",,,"אלין קרם גוף 400 מ""ל",מיליליטרים,400.00,"100 מ""ל",false,,34.90,8.7250,true,1,187813
7290015466752,false,אלין קרם ידיים 150 מ,,,אלין קרם ידיים 150 מ,מיליליטרים,150.00,"100 מ""ל",false,,12.90,8.6000,true,1,187811
7290015466769,false,אלין קרם ידיים 150 מ,,,אלין קרם ידיים 150 מ,מיליליטרים,150.00,"100 מ""ל",false,,12.90,8.6000,true,1,187810
7290015550338,false,מברשת שיער WET,,,מברשת שיער WET,Unknown,0.00,יחידה,false,,19.90,0.0000,true,1,155039
7290015596831,false,"קרם גוף מעושר בשמן אבוקדו אפקטיב קר ד""ר פישר",פישר תעשיות פרמבצטיות בעמ,,קרם גוף מעושר בשמן א,Unknown,0.00,יחידה,false,,24.90,0.0000,true,1,161573
7290015599504,false,VEGA ממרח בטעם חמאה אורגני 225 גרם,גוד פוד פרודקטס S.p,,ממרח בטעם חמאה אורגנ,גרמים,225.00,100 גרם,false,,17.90,7.9556,true,1,179238
7290015599702,false,ממרח טבעוני בבסגנון גבינת שמנת בטעם עזים - ללא גלוטן,ביוטי איילנד פודס בע,,ממרח טבעוני בסגנון ג,Unknown,0.00,יחידה,false,,17.90,0.0000,true,1,179243
7290015603188,false,אטריות ביצים 454ג' (כ) (fu),פוגיאן לונגהי אנלידה אינ,,מזרח ומערב יבוא אטרי,גרמים,454.00,100 גרם,false,,10.90,2.4009,true,1,133265
7290015603195,false,איטריות בתוספת תרד 454 גרם,פוגיאן לונגהי אנלידה אינ,,איטריות בתוספת תרד 4,גרמים,454.00,100 גרם,false,,10.90,2.4009,true,1,133266
7290015603201,false,אטריות מחיטה מלאה 454ג' (כ) (fu),קסמיאן קסינגשנג פודסטטפס,,מזרח ומערב אטריות מח,Unknown,0.00,יחידה,false,,10.90,0.0000,true,1,133267
7290015603218,false,אטריות עם עגבניה מזרח מערב 454 גרם,מזרח ומערב יבוא ושיווק,,אטריות עגבניה 454 גר,גרמים,454.00,100 גרם,false,,10.90,2.4009,true,1,133268
7290015603232,false,איטריות בתוספת דלעת 454 גרם,מזרח ומערב יבוא ושיווק,,אטריות דלעת 454 גרם,גרמים,454.00,100 גרם,false,,10.90,2.4009,true,1,133270
7290015603522,false,"נוזל אגוזי קוקוס 5%-7% 400 מ""ל",מזרח ומערב יבוא ושיווק,,נוזל אגוזי קוקוס 5-7,מיליליטרים,400.00,"100 מ""ל",false,,6.90,1.7250,true,1,190251
7290015603546,false,"שימורי קרם קוקוס 17-19% 400 מ""ל (ASIATIC)(כ)",מזרח ומערב יבוא ושיווק,,שימורי קרם קוקוס 400,מיליליטרים,400.00,"100 מ""ל",false,,8.90,2.2250,true,1,133272
7290015603560,false,"שימורי קרם קוקוס 20-22% 400 מ""ל (ASIATIC)(כ)",אסיאטיק אגרו אינדוסטרי,,"קרם קוקוס 22% 400 מ""",מיליליטרים,400.00,"100 מ""ל",false,,9.90,2.4750,true,1,133273
7290015603584,false,ג'ינגר לבן כבוש ללא מונוסודיום 160 גרם (כ),מזרח ומערב יבוא ושיווק,,גינגר לבן כבוש ללא מ,גרמים,340.00,100 גרם,false,,7.90,2.3235,true,1,133274
7290015603591,false,גינגר ורוד כבוש ללא מונוסודיום 160 גרם,מזרח ומערב יבוא ושיווק,,ג'ינגר ורוד כבוש ללא,גרמים,160.00,100 גרם,false,,7.90,4.9375,true,1,133275
7290015644297,false,שישיית לחמניות פשוט מלא אנג'ל 450 גרם,מאפיית שלמה א. אנג'\ל בע,,6 לחמניות בשקית פשוט,Unknown,0.00,יחידה,false,,15.90,0.0000,true,1,114548
7290015644426,false,"לחם צרפתי חיטה מלאה ודגנים 600 גרם ""אנג'ל""",מאפיית שלמה א. אנג'\ל בע,,לחם צרפתי חיטה מלאה,Unknown,0.00,יחידה,false,,16.90,0.0000,true,1,114549
7290015644433,false,לחם מחמצת 100% שיפון קל אנג'ל 600 גרם,מאפיית שלמה א. אנג'\ל בע,,לחם צרפתי שיפון 100%,Unknown,0.00,יחידה,false,,17.90,0.0000,true,1,114550
7290015652254,false,גרעיני חמניה קלויים ששון הקולה (400 גרם),דין שיווק וקליה 2021 בעמ,,גרעיני חמניה קלויים,גרמים,400.00,100 גרם,false,,10.00,2.5000,true,1,134473
7290015652261,false,בוטנים קלויים ששון הקולה 350 גרם,דין שיווק וקליה 2021 בעמ,,בוטנים קלויים 300 גר,גרמים,300.00,100 גרם,false,,10.00,3.3333,true,1,134474
7290015652292,false,קבוקים עם שומשום ששון הקולה 400 גרם,דין שיווק וקליה 2021 בעמ,,קבוקים 500 גרם,גרמים,500.00,100 גרם,false,,10.00,2.0000,true,1,134477
7290015652308,false,מנצ'ס ששון הקולה 400 גרם,דין שיווק וקליה 2021 בעמ,,מנצס 300 גרם,גרמים,300.00,100 גרם,false,,10.00,3.3333,true,1,134478
7290015652322,false,בוטנים אמריקאיים מצופים 400 גר ששון הקלה,דין שיווק וקליה 2021 בעמ,,בוטנים אמריקאים מצופ,גרמים,500.00,100 גרם,false,,10.00,2.0000,true,1,134479
7290015652384,false,"קמח תירס ללא גלוטן עבה ששון הקולה 1 ק""ג",מולינו פיילה גלאסה,,קמח תירס ללא גלוטן ע,פריט,1.00,"ק""ג",false,,11.90,11.9000,true,1,134480
7290015652407,false,פיסטוק קלוי ששון הקולה (250 גרם),דין שיווק וקליה 2021 בעמ,,פיסטוק קלוי 250 גרם,גרמים,250.00,100 גרם,false,,20.00,8.0000,true,1,134482
7290015673013,false,טחון מהצומח צליה גריל500,טבע דלי בעמ,,טחון לצלייה על הגריל,גרמים,500.00,100 גרם,false,,26.90,5.3800,true,1,146050
7290015673587,false,קריספי טופו -נגיסי טופו אסייתי טבע דלי 350 גרם,טבע דלי,,קריספי טופו נגיסי טו,Unknown,0.00,יחידה,false,,28.90,0.0000,true,1,146062
7290015683784,false,ערכה מכונת תספורת משולבת BLIZZARD BRONZE,,,ערכת מכונת תספורת מש,Unknown,0.00,יחידה,false,,169.90,0.0000,true,1,146934
7290015733120,false,מטרנה גולד שלב 1 תרכובת מזון על בסיס חלבי,קבוצת אוסם סחר שותפות מוגבלת,,מטרנה גולד שלב אחד 7,גרמים,700.00,100 גרם,false,,69.90,9.9857,true,1,153145
7290015733427,false,מטרנה דייסת גם וגם וניל פרו12*300ג 2019,קבוצת אוסם סחר שותפות מוגבלת,,מטרנה דייסת גם וגם ו,גרמים,300.00,100 גרם,false,,17.90,5.9667,true,1,126920
7290015733465,false,דייסת מטרנה גם וגם קרנפלור פרו 300 גרם,קבוצת אוסם סחר שותפות מוגבלת,,מטרנה דייסת גם וגם ק,גרמים,300.00,100 גרם,false,,17.90,5.9667,true,1,126922
7290015804417,false,עגבניות מרוסקות מתובלות עם שום,ויטה- פרי גליל (החדשה) בעמ,,טל עגבניות מרוסקות ע,גרמים,260.00,100 גרם,false,,3.90,1.5000,true,1,134801
7290015804424,false,עגבניות מרוסקות בטעם בזיל ועשבי תיבול 260 ג' טל,ויטה- פרי גליל (החדשה) בעמ,,טל עגב.מרוסקות בזילי,גרמים,250.00,100 גרם,false,,3.90,1.5600,true,1,134802
7290015842631,false,"כוס ברד 330 מ""ל ח""פ 40יח'",,,שמאי - כוסות לבירה 3,Unknown,0.00,יחידה,false,,9.90,0.0000,true,1,152090
7290015848862,false,"ד""ר פישר - אולטרסול תחליב 250 מ""ל 50SPF",פישר מעבדות פרמצבטיות בע,,אולטרסול תחליב 50 25,מיליליטרים,250.00,"100 מ""ל",false,,59.90,23.9600,true,1,176491
7290015848992,false,"ד""ר פישר - אולטרסול קרם פנים קידס 75 מ""ל 50SPF",פישר מעבדות פרמצבטיות בע,,אולטרסול קרם פנים קי,Unknown,0.00,יחידה,false,,49.90,0.0000,true,1,136938
7290015850407,false,שרימפס מבושל 26-30 1,,,שרימפס מבושל 26-30 1,פריט,1.00,"ק""ג",false,,84.90,84.9000,true,1,134249
7290015850421,false,שרימפס מבושל 16-20יח,,,שרימפס מבושל 16-20 1,פריט,1.00,"ק""ג",false,,109.90,109.9000,true,1,134250
7290015855013,false,פלפלונים -טינקרבל א.אדמה,א.אדמה (2007) בעמ,,פלפלים מתוקים בצבעים,Unknown,0.00,יחידה,false,,9.90,0.0000,true,1,138842
7290015855037,false,פלפל צ`ילי בשקית,א.אדמה (2007) בעמ,,פלפל צ'ילי,Unknown,0.00,יחידה,false,,9.90,0.0000,true,1,138844
7290015855129,false,כרוב קייל רעננים,רעננים,,כרוב על,Unknown,0.00,יחידה,false,,11.90,0.0000,true,1,138850
7290015855181,false,גינג`ר יחידה טרי,א.אדמה (2007) בעמ,,גינג'יר,Unknown,0.00,יחידה,false,,9.90,0.0000,true,1,138853
7290015855228,false,אספרגוס א.אדמה,א.אדמה (2007) בעמ,,אספראגוס,Unknown,0.00,יחידה,false,,29.90,0.0000,true,1,138856
7290015855273,false,בזיליקום מארז גדול א.אדמה,א.אדמה (2007) בעמ,,בזיליקום מארז גדול,Unknown,0.00,יחידה,false,,9.90,0.0000,true,1,197300
7290015855341,false,אנדיב לבן (עלוש),א.אדמה (2007) בעמ,,אנדיב לבן (עלוש),Unknown,0.00,יחידה,false,,9.90,0.0000,true,1,138863
7290015855358,false,בצלצלי שאלוט 280 גרם,ביכורי השדה צפון 1994 ג.ד. בעמ,,בצלצלי שאלוט 280 גרם,גרמים,280.00,100 גרם,false,,11.90,4.2500,true,1,138864
7290015855938,false,עלי בייבי 250 גרם ארוז א.אדמה,א.אדמה (2007) בעמ,,עלי בייבי 250 גרם בש,Unknown,0.00,יחידה,false,,11.90,0.0000,true,1,176592
7290015856171,false,בייגלה שמיניות עם מלח הדר 200 ג',,,בייגלה שמיניות מלח 2,גרמים,200.00,100 גרם,false,,4.90,2.4500,true,1,189395
7290015856935,false,ביסקויט אקסטרא גליל טעם חמאה 400 גרם,ח.כהן סוכנות מזון ומשקאות בע,,ביסקוויט אקסטרא בטעם,גרמים,400.00,100 גרם,false,,7.90,1.9750,true,1,183479
7290015856942,false,קרם קרקר עם זעתר אפיפית,אפיפית,,קרקר קרם קרקר עם זעת,גרמים,250.00,100 גרם,false,,6.90,2.7600,true,1,189396
7290015858106,false,"ממרח פסטו ביתי 180 גרם ""עללחם""",שטראוס גרופ בעמ/מצונן,,פסטו ביתי עללחם 180,גרמים,180.00,100 גרם,false,,16.90,9.3889,true,1,139935
7290015858113,false,"ממרח עגבניות מיובשות 180 גרם ""טריטרי""",שטראוס גרופ בעמ/מצונן,,ממרח עגבניות מיובשות,גרמים,180.00,100 גרם,false,,16.90,9.3889,true,1,139936
7290015858144,false,ממרח ארטישוק עללחם 180 גרם,שטראוס גרופ בעמ/מצונן,,ממרח ארטישוק 180 גרם,גרמים,180.00,100 גרם,false,,16.90,9.3889,true,1,180905
7290015858151,false,ממרח שום 180 גרם עללחם בית יוסף,שטראוס גרופ בעמ/מצונן,,ממרח שום עללחם 180 ג,גרמים,180.00,100 גרם,false,,16.90,9.3889,true,1,176822
7290015858175,false,ממרח פלפלים קלויים עללחם 180 גרם,שטראוס גרופ בעמ/מצונן,,ממרח פלפלים קלויים 1,גרמים,180.00,100 גרם,false,,16.90,9.3889,true,1,180907
7290015858212,false,ממרח לימון כבוש עללחם 180 גרם,שטראוס גרופ בעמ/מצונן,,ממרח לימון כבוש 180,גרמים,180.00,100 גרם,false,,16.90,9.3889,true,1,180906
7290015858229,false,"טפנד זיתי קלמטה 180 גרם ""עללחם""",שטראוס גרופ בעמ/מצונן,,טפנד זיתי קלמטה עללח,גרמים,180.00,100 גרם,false,,16.90,9.3889,true,1,139937
7290015858243,false,ממרח צימיצורי עללחם 180 גרם,שטראוס גרופ בעמ/מצונן,,ממרח צימיצורי 180 גר,גרמים,180.00,100 גרם,false,,16.90,9.3889,true,1,180908
7290015858427,false,שלישיית ממרחים שמאפשרת לגוון עללחם 240 גרם,שטראוס גרופ בעמ/מצונן,,מארז עללחם 240 גרם,גרמים,240.00,100 גרם,false,,24.90,10.3750,true,1,198379
7290015865722,false,ענבי ציון קונפיטורה לייט תות שדה 400 גר`,אבאל יזמות בעמ,,ענבי ציון-תנובה קונפ,גרמים,400.00,100 גרם,false,,19.90,4.9750,true,1,190193
7290015865739,false,ענבי ציון קונפיטורה לייט אוכמניות 400 גר,אבאל יזמות בעמ,,ענבי ציון-תנובה קונפ,גרמים,400.00,100 גרם,false,,19.90,4.9750,true,1,190194
7290015865746,false,ענבי ציון קונפיטורה לייט פירות יער 400 ג,אבאל יזמות בעמ,,ענבי ציון-תנובה קונפ,גרמים,400.00,100 גרם,false,,19.90,4.9750,true,1,190195
7290015886055,false,KERATIN מסכה לשיער צ,,,KERATIN מסכה לשיער צ,מיליליטרים,500.00,"100 מ""ל",false,,39.90,7.9800,true,1,144789
7290015886710,false,KERATIN שמפו לשיער צ,,,KERATIN שמפו לשיער צ,מיליליטרים,1000.00,"100 מ""ל",false,,69.90,6.9900,true,1,144796
7290015888042,false,"אורז בסגנון בסמטי"" ריהאן"" 5ק""ג",בני ג ורג שוקחה (חיפה) בעמ,,"אורז בסמטי ריהן 5 ק""",פריט,5.00,"ק""ג",false,,49.90,9.9800,true,1,142868
7290015888196,false,שמן חמניות 1 ליטר שוקחה,בני ג`ורג` שוקחה (חיפה) בעמ,,שוקחה שמן חמניות 1 ל,קילוגרמים,1.00,ליטר,false,,11.90,11.9000,true,1,142875
7290015888219,false,שמן חמניות שוקחה 5 ל,,,שוקחה שמן חמניות 5 ל,קילוגרמים,5.00,ליטר,false,,59.90,11.9800,true,1,142877
7290015888301,false,שמן חמניות 3 ליטר שוקחה,בני ג`ורג` שוקחה (חיפה) בעמ,,שוקחה שמן חמניות 3 ל,קילוגרמים,3.00,ליטר,false,,35.90,11.9667,true,1,142879
7290015888356,false,סרדינים שוקחה בשמן צ,,,סרדינים שוקחה 50 גרם,Unknown,0.00,יחידה,false,,5.90,0.0000,true,1,157736
7290015888363,false,סרדינים שוקחה חריף,,,סרדינים שוקחה חריף,Unknown,0.00,יחידה,false,,5.90,0.0000,true,1,157737
7290015888387,false,שוקחה פול מצרי 400 ג,,,שוקחה פול מצרי 400 ג,גרמים,400.00,100 גרם,false,,4.90,1.2250,true,1,159531
7290015888486,false,חצילים מקדוס במילוי,,,חצילים מקדוס במילוי,גרמים,600.00,100 גרם,false,,24.90,4.1500,true,1,172494
7290015888516,false,שוקחה שמן סויה 5 ליט,,,שוקחה שמן סויה 5 ליט,קילוגרמים,5.00,ליטר,false,,59.90,11.9800,true,1,186294
7290015968010,false,כפפות ניטריל S שחורות סייף טאץ 100 יחידות,סייף טאץ' Safe Touch,,כפפות ניטריל שחורות,Unknown,0.00,יחידה,false,,26.90,0.0000,true,1,187979
7290015968102,false,קיסמי שיניים רפויים עם חוט דנטאלי 100 יחידות,אינטרסן (1996) בעמ,,קיסמי שיניים רפואיים,Unknown,0.00,יחידה,false,,14.90,0.0000,true,1,163381
7290015968140,false,אטב אחיזה רחבה בעיצוב איטלקי הוסטס 36 יח,אינטרסן (1996) בעמ,,אטבי בעיצוב איטלקי א,Unknown,0.00,יחידה,false,,12.90,0.0000,true,1,163382
7290015968331,false,נורת לד w6 אור לבן אינטרסן,אינטרסן 1996 בעמ,,נורת לד 6W הברגה E27,Unknown,0.00,יחידה,false,,12.90,0.0000,true,1,191811
7290015968379,false,נורת לד כדור חלבי 5.5 w אור לבן אינטרסן,אינטרסן 1996 בעמ,,נורת לד כדור חלבי 5.,Unknown,0.00,יחידה,false,,12.90,0.0000,true,1,191815
7290015968782,false,פדים להסרת איפור במארז 80X3 יח',אינטרסן (1996) בעמ,,פדים להסרת איפור 3*8,Unknown,0.00,יחידה,false,,14.90,0.0000,true,1,163376
7290015968973,false,כפפות ניטריל M שחורות סייף טאץ 100 יחידות,סייף טאץ' Safe Touch,,כפפות ניטריל שחורות,Unknown,0.00,יחידה,false,,26.90,0.0000,true,1,187980
7290015968980,false,כפפות ניטריל L שחורות סייף טאץ 100 יחידות,סייף טאץ' Safe Touch,,כפפות ניטריל שחורות,Unknown,0.00,יחידה,false,,26.90,0.0000,true,1,187981
7290015968997,false,כפפות ניטריל XL שחורות סייף טאץ 100 יחידות,אינטרסן 1996 בעמ,,כפפות ניטריל שחורות,Unknown,0.00,יחידה,false,,26.90,0.0000,true,1,187982
7290015979559,false,חסה ערבית יחידה,,,חסה ערבית,Unknown,0.00,יחידה,false,,4.90,0.0000,true,1,158614
7290015979665,false,חסה עגולה,ביכורי השדה הצפון בעמ` 1964,,חסה עגולה,Unknown,0.00,יחידה,false,,5.90,0.0000,true,1,158615
7290015995450,false,מחבת ערמונים,,,מחבת ערמונים,Unknown,0.00,יחידה,false,,34.90,0.0000,true,1,189126
7290015996983,false,סוכרלוז סוכרזית 0 קלוריות 100 שקיות,"שטראוס גרופ בע""מ",,סוכרלוז 0 קלוריות 13,גרמים,130.00,100 גרם,false,,29.90,23.0000,true,1,132255
7290015998444,false,מלפפון 30-36 חומץ A1,,,מלפפון 30-36 חומץ A1,Unknown,0.00,יחידה,false,,17.90,0.0000,true,1,153350
7290015998567,false,מלפפונים במלח 20% תוספת,,,מלפפון 7-9 20% מלח,Unknown,0.00,יחידה,false,,6.90,0.0000,true,1,184949
7290016006292,false,נקטר מנגו בננה מלון קרטונית 1 ל' ספרינג,יפאורה שותפות מוגבלת לשיווק,,ספרינג נקטר מנגו בננ,קילוגרמים,1.00,ליטר,false,,6.90,6.9000,true,1,120514
7290016006339,false,מים מינרלים מי עדן (1x4 ליטר),יפאורה שותפות מוגבלת לשיווק,,מי עדן 4*1 ליטר,קילוגרמים,1.00,ליטר,false,,10.90,10.9000,true,1,173927
7290016077759,false,רוטב ברביקיו קלאסי היינץ 480 גרם,דיפלומט מפיצים (1968) בעמ**,,היינץ רוטב ברביקיו ק,גרמים,480.00,100 גרם,false,,16.90,3.5208,true,1,140763
7290016083514,false,סופגניה,,,סופגניה,Unknown,0.00,יחידה,false,,3.00,0.0000,true,1,187147
7290016094084,false,"אולטרסול מבוגרים קוליפה ספריי שקוף 30,200 SPF מ""ל",פישר מעבדות פרמצבטיות בע,,אולטרסול ספריי שקוף,מיליליטרים,200.00,"100 מ""ל",false,,39.90,19.9500,true,1,136944
7290016096491,false,נתחי טונה בהירה בשמן צמחי שלישיה *80ג' פילטונה,תעשיות פיל טונה בעמ,,פילטונה שלישית בשמן,Unknown,0.00,יחידה,false,,9.90,0.0000,true,1,141599
7290016096613,false,שישיות פילטונה בשמן צמחי,"תעשיות פילטונה בע""מ",,פילטונה שישייה נתחי,גרמים,140.00,100 גרם,false,,29.90,21.3571,true,1,141601
7290016096637,false,שישיות פילטונה שמן קנולה,"תעשיות פילטונה בע""מ",,פילטונה שישייה נתחי,גרמים,140.00,100 גרם,false,,29.90,21.3571,true,1,141602
7290016096651,false,שישיות פיל טונה במי מלח,"תעשיות פילטונה בע""מ",,פילטונה שישייה נתחי,גרמים,140.00,100 גרם,false,,29.90,21.3571,true,1,141603
7290016096705,false,נתחי טונה בשמן צמחי פילטונה רביעיה *110 ג',תעשיות פילטונה בעמ,,פיל טונה נתחי טונה ב,Unknown,0.00,יחידה,false,,17.90,0.0000,true,1,141604
7290016098044,false,קרקר משולש מלח 1.2 ק,,,קרקר משולש מלח 1.2 ק,קילוגרמים,1.20,"100 ק""ג",false,,19.90,16.5833,true,1,117099
7290016102253,false,נרות 72 שעות זכוכית אחת שתיים שמאי,,,נר זכוכית 72 שעות- ר,Unknown,0.00,יחידה,false,,5.90,0.0000,true,1,152116
7290016102260,false,"כוסות קרטון 2OZ איכותי ח""פ 50 יח'",,,כוס קרטון 2.5 oz אספ,Unknown,0.00,יחידה,false,,5.90,0.0000,true,1,152117
7290016102321,false,צלחות קטן 100 יחידות קשיח במיוחד,,,שמאי - צלחות קטן בצב,Unknown,0.00,יחידה,false,,26.90,0.0000,true,1,152122
7290016102352,false,קערה אובלית לאירוח 11' קשיחה ושקופה שמאי כ-2 ל',,,שמאי - קערת אירוח או,Unknown,0.00,יחידה,false,,7.90,0.0000,true,1,152125
7290016102369,false,מגש לאירוח מלבני קשיח שקוף שמאי,,,שמאי - מגש לאירוח שק,Unknown,0.00,יחידה,false,,6.90,0.0000,true,1,152126
7290016102468,false,מפיות לבנות שמאי 100 יח',,,מפיות לבנות 100 יח'-,Unknown,100.00,יחידה,false,,4.90,0.0490,true,1,152135
7290016102475,false,מפה אל-בד 120X270 לבן ראנר מודפס זהב/כסף שמאי,,,מפה אלבד ראנר לבן מו,Unknown,0.00,יחידה,false,,6.90,0.0000,true,1,152136
7290016102482,false,מפה אל-בד 120X180 צבעוני/לבן ר. שמאי,,,מפה אלבד צבעוני מעור,Unknown,0.00,יחידה,false,,4.90,0.0000,true,1,152137
7290016102536,false,מרקיות באסקט קשיח שק,,,מרקיות באסקט קשיח שק,Unknown,0.00,יחידה,false,,22.90,0.0000,true,1,152141
7290016102550,false,צלחות 10 ענק באסקט שקוף קשיח אחת שתיים שמאי 10 יח',,,שמאי - צלחות ענק 'בא,Unknown,0.00,יחידה,false,,29.90,0.0000,true,1,152143
7290016102604,false,קינוחית מרובעת+מכסה שקופה 10+10 יח' שמאי,,,שמאי - קינוחית מרובע,Unknown,0.00,יחידה,false,,13.90,0.0000,true,1,152148
7290016102611,false,"קינוחית מגדל+ מכסה ח""פ 24יח'",,,שמאי - קינוחית מגדל+,Unknown,0.00,יחידה,false,,13.90,0.0000,true,1,152149
7290016102680,false,צלחות ענק שקופות קריסטל שמאי 25 יח',,,צלחות ענק שקופות =קר,Unknown,0.00,יחידה,false,,18.90,0.0000,true,1,152154
7290016102697,false,צלחות גדול שקוף קריסטל 25 יחי' שמאי כשלפ,,,צלחות גדול שקופות =ק,Unknown,0.00,יחידה,false,,16.90,0.0000,true,1,152155
7290016102703,false,צלחות שקופות קטנות שמאי 25 יחידות,,,צלחות קטן שקופות =קר,Unknown,0.00,יחידה,false,,9.90,0.0000,true,1,152156
7290016102710,false,מרקיות שקופות קריסטל שמאי 25 יח',,,מרקיות שקופות =קריסט,Unknown,0.00,יחידה,false,,10.90,0.0000,true,1,152157
7290016102727,false,לפתניות שקוף קריסטל 25 יחי' שמאי כשלפ,,,שמאי - לפתניות שקופו,Unknown,0.00,יחידה,false,,5.90,0.0000,true,1,152158
7290016102758,false,"מגשיות אובלי צבעוני עמוקות קשיחות ח""פ 12יח'",,,מגש אובלי צבעוני עמו,Unknown,0.00,יחידה,false,,13.90,0.0000,true,1,152161
7290016102765,false,"מפות 45 מטר סגול ע. במיוחד 3 ק""ג שמאי",,,מפות 45 מטר סגול,Unknown,0.00,יחידה,false,,49.90,0.0000,true,1,160619
7290016102796,false,"גביע 1/4 אמריקאי ארוז 8 כשלפ עד""ח ר.שמאי",,,שמאי - גביע אחסון 1/,Unknown,0.00,יחידה,false,,6.90,0.0000,true,1,152164
7290016102802,false,"גביע קילו אמריקאי ארוז 4 כשלפ עד""ח ר.שמאי",,,שמאי - גביע אחסון 1,Unknown,0.00,יחידה,false,,6.90,0.0000,true,1,152165
7290016102895,false,מפיות צבעוני מעורב 100 יח'.,,,מפיות צבעוניות 100 י,Unknown,100.00,יחידה,false,,4.90,0.0490,true,1,152169
7290016114300,false,נייר טואלט דו שכבתי אורך כפול לבן לילי 16 גלילים,קימברלי קלארק ישראל שיווק בעמ,,לילי נייר טואלט לבן,Unknown,16.00,יחידה,false,,36.90,2.3062,true,1,119166
7290016135558,false,אטריות ביצים 3 צבעים חנוקי תמרים,פ.פ.ה. טאביס,,פסטה חונק 3 צבעים,Unknown,0.00,יחידה,false,,12.90,0.0000,true,1,171822
7290016136111,false,"תערובת קמח רב תכליתי ג'י פרי 500 גרם לל""ג",גורי מוצרי צריכה (1991) בעמ,,תערובת להכנת לחם ולח,גרמים,500.00,100 גרם,false,,16.90,3.3800,true,1,116169
7290016136692,false,משחת שיניים הגנה משולשת מנטה מרענן- שלישייה,גלקסוסמיתקליין,,א.פרש מנטה שלישיה 10,Unknown,0.00,יחידה,false,,17.90,0.0000,true,1,133405
7290016136708,false,משחת שיניים הגנה משולשת מנטה עדין- שלישייה,גלקסוסמיתקליין,,א.פרש עדין שלישיה 10,מיליליטרים,100.00,"100 מ""ל",false,,17.90,17.9000,true,1,133406
7290016136722,false,פתיתים פנה ללא גלוטן 340 גרם גי פרי,גורי מוצרי צריכה (1991) בעמ,,פסטה פנה ללא גלוטן,גרמים,340.00,100 גרם,false,,13.90,4.0882,true,1,194398
7290016136739,false,GFREE פתיתי פוזילי על בסיס קמח תירס וקמח,גורי מוצרי צריכה (1991) בעמ,,פסטה פוזילי ללא גלוט,גרמים,340.00,100 גרם,false,,12.90,3.7941,true,1,194399
7290016144000,false,"קמח חיטה מלאה נפלאות 80% 1 ק""ג",תה ויסוצקי (ישראל)בעמ,,"קמח חיטה שמונים 1 ק""",פריט,1.00,"ק""ג",false,,9.90,9.9000,true,1,158743
7290016144024,false,"קמח כוסמין מלא נפלאות 100% 1 ק""ג",תה ויסוצקי (ישראל)בעמ,,"קמח כוסמין מאה 1 ק""ג",פריט,1.00,"ק""ג",false,,14.90,14.9000,true,1,158746
7290016144031,false,"נפלאות קמח חיטה לבן מנופה 1 ק""ג",תה ויסוצקי (ישראל)בעמ,,"קמח חיטה לבן 1 ק""ג",פריט,1.00,"ק""ג",false,,7.90,7.9000,true,1,158745
7290016144062,false,"קמח שיפון מלא נפלאות, 1 ק""ג",תה ויסוצקי (ישראל)בעמ,,קמח שיפון מלא,Unknown,0.00,יחידה,false,,9.90,0.0000,true,1,199285
7290016144079,false,"קמח חיטה כפרי נפלאות 1 ק""ג",תה ויסוצקי (ישראל)בעמ,,קמח חיטה כפרי,Unknown,0.00,יחידה,false,,9.90,0.0000,true,1,199289
7290016144086,false,נפלאות קמח חלה מנופה 1 ק”ג,תה ויסוצקי (ישראל)בעמ,,קמח חלה,Unknown,0.00,יחידה,false,,7.90,0.0000,true,1,199286
7290016144093,false,נפלאות קמח לחם לבן מנופה 1 ק”ג,תה ויסוצקי (ישראל)בעמ,,קמח לחם,Unknown,0.00,יחידה,false,,7.90,0.0000,true,1,199287
7290016144109,false,קמח פיצה מנופה נפלאות 1קג,תה ויסוצקי (ישראל)בעמ,,קמח פיצה,Unknown,0.00,יחידה,false,,15.90,0.0000,true,1,199290
7290016144116,false,"קמח תופח נפלאות, 1 ק""ג",תה ויסוצקי (ישראל)בעמ,,קמח תפוח,Unknown,0.00,יחידה,false,,8.90,0.0000,true,1,199288
7290016150117,false,סלק אדום מבושל 500 ג' בוואקום,ביג פוד כחול לבן בעמ*שיק 30 יו,,סלק אדום מבושל,Unknown,0.00,יחידה,false,,6.90,0.0000,true,1,182436
7290016197488,false,מטליות מיקרופייבר למשטחים ניקול 3יח',קימברלי קלארק ישראל שיווק בעמ,,ניקול מטלית הקסם לשי,Unknown,3.00,יחידה,false,,10.90,3.6333,true,1,111074
7290016197495,false,ניקול זוג מטליות הקסם מיקרופייבר לרצפה,קימברלי קלארק ישראל שיווק בעמ,,ניקול מטלית הקסם לרצ,Unknown,2.00,יחידה,false,,16.90,8.4500,true,1,111075
7290016197624,false,תחבושות לנשים סופר דיפנד 8 יחידות,קימברלי קלארק ישראל שיווק בעמ,,דיפנד תחבושות אקסטרה,Unknown,0.00,יחידה,false,,22.90,0.0000,true,1,119178
7290016230888,false,סוללות V3 5) יחידות( 5 י,פוג'יקום,,פוגיקום סוללה 3V 5 י,Unknown,0.00,יחידה,false,,19.90,0.0000,true,1,146956
7290016233384,false,גפילטע פיש 7 קציצות תומר 555 גרם,דג טעים ירושלים,,גפילטע פיש 7 קציצות,גרמים,550.00,100 גרם,false,,14.90,2.7091,true,1,129938
7290016233711,false,"פסטה ""לה פסטה"" לינגוויני 400 גרם",תומר יבוא ושיווק מוצרי מזון (1,,לה פסטה לינגוויני 40,גרמים,400.00,100 גרם,false,,3.90,0.9750,true,1,129957
7290016234008,false,פילה אנשובי שמן זית תומר צנצנת 100 גרם,אינוורסינס פריסקו,,אנשובי צנצנת עם שמן,Unknown,0.00,יחידה,false,,15.00,0.0000,true,1,129966
7290016240108,false,מקל בלנדר מעוצב אדום,,,מקל בלנדר מעוצב אדום,Unknown,0.00,יחידה,false,,149.90,0.0000,true,1,184599
7290016240146,false,מכשיר להכנת נקניקיות,,,מכשיר להכנת נקניקיות,Unknown,0.00,יחידה,false,,139.90,0.0000,true,1,187143
7290016240979,false,מפזר חום לאמבטיה לבן,,,מפזר חום לאמבטיה לבן,Unknown,0.00,יחידה,false,,149.90,0.0000,true,1,188027
7290016245888,false,מארז 6 פיתות כוסמין,,,מארז 6 פיתות כוסמין,Unknown,0.00,יחידה,false,,13.90,0.0000,true,1,171943
7290016246025,false,בארכה מיקס פינוקיות חלווה ללא סוכר 10*20ג,קבוצת אוסם סחר שותפות מוגבלת,,בארכה מיקס פינוקיות,100 יחידה,10.00,100 יחידה,false,,12.90,1.2900,true,1,126924
7290016246193,false,חטיף חלבה לוקמי 300 ג' אלהילאל,,,חלווה לוקמי 20 גרם,Unknown,0.00,יחידה,false,,16.90,0.0000,true,1,130857
7290016246445,false,בארכה טחינה גולמית מעודנת שומשום מלא 310 גם,קבוצת אוסם סחר שותפות מוגבלת,,בארכה טחינה גולמית 3,גרמים,310.00,100 גרם,false,,12.90,4.1613,true,1,126928
7290016246490,false,בארכה חלבה קלאסית 400 גרם,רושדי תעשיות מזון בע,,בארכה חלבה קלאסית 40,גרמים,400.00,100 גרם,false,,9.90,2.4750,true,1,126930
7290016276534,false,"שמן קוקוס לא מזוכך 500 מ""ל",קונסיגנציה-דין שיווק וקליה 202,,שקדיה שמן קוקוס ללא,מיליליטרים,500.00,"100 מ""ל",false,,34.90,6.9800,true,1,134508
7290016276756,false,מעדן 4 פירות 100% רכיבי פרי שקדיה 284 ג',דין שיווק וקליה 2021 בעמ,,שקדיה מעדן 4 פירות 1,גרמים,284.00,100 גרם,false,,11.90,4.1901,true,1,134511
7290016276831,false,תבשיל איטריות בטעם בקר 70 גרם סו שף,דין שיווק וקליה 2021 בעמ,,שקדיה תבשיל איטריות,Unknown,0.00,יחידה,false,,5.90,0.0000,true,1,134517
7290016276848,false,תבשיל איטריות בטעם עוף 70 גרם סו שף,דין שיווק וקליה 2021 בעמ,,שקדיה תבשיל איטריות,Unknown,0.00,יחידה,false,,5.90,0.0000,true,1,134518
7290016284003,false,חסה הידרופונית רומית,מעיינות הזורע,,חסה הידרו רומית,Unknown,0.00,יחידה,false,,9.90,0.0000,true,1,162044
7290016284027,false,חסה מסולסלת יח הזורע,מעיינות הזורע,,חסה הידרו מסולסלת,Unknown,0.00,יחידה,false,,11.90,0.0000,true,1,170046
7290016284065,false,חסה הידרו לאליק,,,חסה הידרו,Unknown,0.00,יחידה,false,,8.90,0.0000,true,1,202856
7290016287349,false,"מחבת 24 ס""מ EVERYDAY",,,"מחבת 24 ס""מ EVERYDAY",Unknown,0.00,יחידה,false,,89.90,0.0000,true,1,154455
7290016304404,false,לחם קוביות 100% כוסמין 600 גרם,מאפיית דוידוביץ ובניו בע,,לחם קוביות 100% כוסמ,גרמים,600.00,100 גרם,false,,14.90,2.4833,true,1,155743
7290016304596,false,לחמניות לסנדביץ 75 גרם,מאפית דוידוביץ ובניו,,10 לחמניות מיוחדות ל,Unknown,0.00,יחידה,false,,16.90,0.0000,true,1,163713
7290016319200,false,טוסו עוגיות סנדוויץ' אוראו במילוי קרם וניל *זוג* 300 גרם,"דנשר (1963) בע,מ",,טוסו עוג.סנדביץ אורא,גרמים,300.00,100 גרם,false,,19.90,6.6333,true,1,161825
7290016319309,false,סבון נוזלי מאסק קלאסי+משאבה פמלי 1 ל,הנסיך- מפעל לייצור ט,,פמלי אלסבון מאסק 1,קילוגרמים,1.00,ליטר,false,,12.90,12.9000,true,1,138200
7290016320343,false,"דאק נוזל ג'ל לניקוי מתקדם בניחות לבנדר זוג * 750 מ""ל",אס. סי. ג'\ונסון מידרכט,,דאק זוג נוזל ג'ל לני,קילוגרמים,1.50,ליטר,false,,18.90,12.6000,true,1,138215
7290016321661,false,פרש וואנס SENSITIVE מגבונים ללא בישום רביעייה 72 יחידות,עלבד משואות יצחק,,פרש וואנס קאר ללא בי,Unknown,4.00,יחידה,false,,16.90,4.2250,true,1,111250
7290016321678,false,מגבונים לחים בניחוח מרענן עם תמציות קמומיל ואלוורה,עלבד משואות יצחק,,פרש וואנס קאר עם ביש,Unknown,4.00,יחידה,false,,16.90,4.2250,true,1,111251
7290016321883,false,פרשוואנס נייר טואלט מתכלה לילדים -מארז שלישייה,עלבד משואות יצחק בעמ,,פרשוואנס נייר טואלט,Unknown,0.00,יחידה,false,,14.90,0.0000,true,1,138219
7290016321890,false,פרשוואנס נייר טואלט מתכלה למבוגרים -מארז שלישייה,עלבד משואות יצחק בעמ,,פרשוואנס נייר טואלט,Unknown,0.00,יחידה,false,,14.90,0.0000,true,1,138220
7290016329278,false,קמיל בלו מגבונים מילוי 64 יח רביעייה,"פישר תעשיות פרמצביטות בע""מ",,רביעיית מגבוני קמיל,Unknown,0.00,יחידה,false,,19.90,0.0000,true,1,111228
7290016329308,false,"ד""ר פישר - סרקל קרם רוזמרין לשיער מתולתל 325 מ""ל","פישר תעשיות פרמצביטות בע""מ",,סרקל קרם רוזמרין לשי,Unknown,0.00,יחידה,false,,26.00,0.0000,true,1,111229
7290016329315,false,סרקל ספריי מתיר קשרים לילדים לשיער מתולתל,"פישר תעשיות פרמבצטיות בע""מ",,סרקל ספריי מתיר קשרי,Unknown,0.00,יחידה,false,,34.90,0.0000,true,1,136955
7290016329674,false,קמיל בלו קרם פנים לתינוק לעור יבש במיוחד,"פישר תעשיות פרמצביטות בע""מ",,קמיל בלו סנסטיב קרם,Unknown,0.00,יחידה,false,,24.90,0.0000,true,1,109833
7290016370973,false,פלפל קלוי (גמביה) בצנצנת קבוצת יבנה 390 גרם,"קבוצת יבנה מוצרי מזון בע""מ",,פלפל קלוי (גמביה) צנ,גרמים,560.00,100 גרם,false,,10.90,1.9464,true,1,154282
7290016372342,false,עגבניות חתוך קוביות גראנד איטליה מארז 400X3ג',תה ויסוצקי (ישראל) בעמ,,עגבניות חתוכות לקובי,פריט,1.20,"ק""ג",false,,17.90,14.9167,true,1,129702
7290016372373,false,רסק עגבניות ללא תוספת סוכר ומלח - מארז זוג,תה ויסוצקי (ישראל) בעמ,,רסק עגבניות 140 גרם,גרמים,140.00,100 גרם,false,,7.90,5.6429,true,1,129704
7290016372458,false,חליטת לימונית ולואיזה הגן הקסום ויסוצקי 50 יחידות,תה ויסוצקי (ישראל) בעמ,,גן קסום לימונית ולוא,Unknown,0.00,יחידה,false,,34.90,0.0000,true,1,129707
7290016372489,false,ויסוצקי חליטת ג'ינג'ר ולימון סודות הצמחים 25 שקיקים,תה ויסוצקי (ישראל) בעמ,,סודות הצמחים חליטת ג,Unknown,0.00,יחידה,false,,23.90,0.0000,true,1,129710
7290016372496,false,חליטת פירות וצמחים בטעם ג'ינג'ר ודבש -אפקט הג'ינג'ר,תה ויסוצקי (ישראל) בעמ,,סודות הצמחים חליטת ג,Unknown,0.00,יחידה,false,,23.90,0.0000,true,1,129711
7290016387339,false,מטליות מיקרופייבר ג'מבו לרצפה זוג,מ.א.ייצור ויבוא מטליות בעמ,,מטליות מיקרופייבר ג',Unknown,0.00,יחידה,false,,17.90,0.0000,true,1,145095
7290016387841,false,אטבי כביסה JOY צבעוני שייני 50 יחידות,מ.א.ייצור ויבוא מטליות בעמ,,50 אטבי ג'וי JOY צבע,Unknown,0.00,יחידה,false,,10.00,0.0000,true,1,145110
7290016387926,false,מפה נצמדת עם גומי היקפי 78*180,מ.א.ייצור ויבוא מטליות בעמ,,מפה נצמדת עם גומי הי,Unknown,0.00,יחידה,false,,19.90,0.0000,true,1,145111
7290016407020,false,קטשופ תלס 560 גרם,,,קטשופ תלס 560 גרם,גרמים,560.00,100 גרם,false,,6.90,1.2321,true,1,169846
7290016408119,false,טרליני כעכים בטעם קלאסי 225 גר' - בדץ,כרמית תעשיות ממתקים בעמ,,טרליני כעכים בטעם קל,גרמים,225.00,100 גרם,false,,8.90,3.9556,true,1,147293
7290016408133,false,טרליני כעכים בטעם בצל וזיתים 225 גר' - בדץ,כרמית תעשיות ממתקים בעמ,,טרליני כעכים בטעם בצ,גרמים,225.00,100 גרם,false,,8.90,3.9556,true,1,147295
7290016408294,false,"מרשמלו ורוד לבן וסטהיים 150 ג', 26 בקרטון",כרמית תעשיות ממתקים בעמ,,כרמית מרשמלו ורוד לב,גרמים,150.00,100 גרם,false,,5.90,3.9333,true,1,147305
7290016408416,false,חטיף קרקר עם צ'ילי פיקנטי 130 גר,כרמית תעשיות ממתקים בעמ,,חטיף קרקר עם צ'ילי פ,גרמים,130.00,100 גרם,false,,6.90,5.3077,true,1,147310
7290016437607,false,קוטקס - תחתונים סופגים לנשים לאחר לידה לארג' 8 יח',קימברלי קלארק ישראל שיווק בעמ,,קוטקס תחתונים אחר לי,Unknown,0.00,יחידה,false,,36.90,0.0000,true,1,166793
7290016437614,false,"תחתוני חיתולים פרידום דריי מידה 3 6-11 ק""ג",קימברלי קלארק ישראל שיווק בעמ,,האגיס פרידום דריי פנ,Unknown,44.00,יחידה,false,,46.90,1.0659,true,1,111078
7290016437621,false,חיתולי האגיס פרידום דריי pants מידה 4 36 יחידות,קימברלי קלארק ישראל שיווק בעמ,,האגיס פרידום דריי פנ,Unknown,36.00,יחידה,false,,46.90,1.3028,true,1,119182
7290016437645,false,חיתולי האגיס פרידום דריי pants מידה 5 34 יחידות,קימברלי קלארק ישראל שיווק בעמ,,האגיס פרידום דריי פנ,Unknown,34.00,יחידה,false,,46.90,1.3794,true,1,111079
7290016437652,false,חיתולי האגיס פרידום דריי pants מידה 6 30 יחידות,קימברלי קלארק ישראל שיווק בעמ,,האגיס פרידום דריי פנ,Unknown,30.00,יחידה,false,,46.90,1.5633,true,1,111080
7290016509342,false,סוד מארז טריו כדוריות לאסלה כחול אקטיבי אקונומיקה,גורי שיווק בעמ,,סוד מארז כדוריות כחו,Unknown,0.00,יחידה,false,,14.90,0.0000,true,1,153727
7290016509786,false,פרסיל גל לכביסה לבנה וצבעונית-ירוק 2.5 ל,גורי שיווק בעמ,,פרסיל ג'ל ירוק 2.5 ל,Unknown,0.00,יחידה,false,,34.90,0.0000,true,1,153729
7290016509809,false,ג'ל מרוכז לכביסה קולור 2.5 ל' פרסיל,גורי שיווק בעמ,,פרסיל ג'ל קולור 2.5,Unknown,0.00,יחידה,false,,34.90,0.0000,true,1,153731
7290016509823,false,ג'ל לכביסה לבנה וצבעונית בניחוח רענן,גורי שיווק בעמ,,פרסיל ג'ל בלו 2.5 לי,Unknown,0.00,יחידה,false,,34.90,0.0000,true,1,153733
7290016509830,false,ג'ל כביסה לבגדי תינוקות ובעלי עור רגיש Sensitive,גורי שיווק בעמ,,פרסיל ג'ל בייבי 2.5,Unknown,0.00,יחידה,false,,34.90,0.0000,true,1,153734
7290016509847,false,פרסיל ג'ל לכביסה כהה בלאק 2.5 ליטר,גורי שיווק בעמ,,פרסיל ג'ל בלאק 2.5 ל,קילוגרמים,2.50,ליטר,false,,34.90,13.9600,true,1,111263
7290016510331,false,"הוואי אל סבון לילדים בנות 700 מ""ל",טרופיקל דגיל,,הוואי אל סבון לילדים,Unknown,0.00,יחידה,false,,9.90,0.0000,true,1,161599
7290016510904,false,"הוואי מרכך תמצית הדובדבן 700 מ""ל",שוורצקוף& הנקל דיסלד,,הוואי מרכך פריחת הדו,מיליליטרים,700.00,"100 מ""ל",false,,13.90,1.9857,true,1,125954
7290016523188,false,"סטימר לאידוי עץ ""10",Fujian fuzhou tian s,,סטימר עץ 10,Unknown,0.00,יחידה,false,,39.90,0.0000,true,1,133278
7290016523454,false,אטריות עם תרד 300 ג' (כ) (fu),מזרח ומערב יבוא ושיווק,,מזרח ומערב אטריות עם,גרמים,300.00,100 גרם,false,,7.90,2.6333,true,1,133282
7290016564006,false,מבריקל הפלא ספוגיות להסרת כתמים קשים ושומנים 3יח,ח.כהן סוכנות מזון ומשקאות בע,,מבריקל הפלא,Unknown,3.00,יחידה,false,,9.90,3.3000,true,1,150210
7290016564235,false,זוג מטליות מיקרופייבר לרצפה גדולות מבריק,אבאל יזמות בעמ,,מטליות מיקרופייבר לר,Unknown,0.00,יחידה,false,,16.90,0.0000,true,1,150229
7290016564266,false,מבריקל הפלא כיסוי הפלא 3,ח.כהן סוכנות מזון ומשקאות בע,,כיסוי הפלא,Unknown,0.00,יחידה,false,,9.90,0.0000,true,1,150231
7290016566284,false,"כוס נשיאה תרמית דאבל 500 מ""ל",,,כוס נשיאה תרמית גדול,Unknown,0.00,יחידה,false,,59.90,0.0000,true,1,175637
7290016566468,false,בקבוק תרמי 800 מ''ל מוסקו,,,מוסקו בקבוק טרמי גדו,Unknown,0.00,יחידה,false,,79.90,0.0000,true,1,133200
7290016584011,false,חטיפוני גזר 350 גרם גיזרונים,קונס`-מרינה פטריות הגליל בעמ*ש,,חטיפי גזר 350 גרם,Unknown,0.00,יחידה,false,,9.90,0.0000,true,1,138907
7290016621013,false,"ד""ר פישר - קרם גוף קמיל בלו 500 מ""ל","פישר תעשיות פרמבצטיות בע""מ",,קמיל בלו קרם גוף לתי,מיליליטרים,500.00,"100 מ""ל",false,,29.90,5.9800,true,1,136959
7290016621341,false,אל סבון היגייני לניקוי יסודי קמיל Clean & Moisture,פישר תעשיות פרמצבטיות בעמ,,קמיל אל סבון ניקיון,קילוגרמים,1.00,ליטר,false,,16.90,16.9000,true,1,136960
7290016621358,false,"ד""ר פישר - קמיל אל סבון ניקיון והזנה ורוד 1 ליטר","פישר תעשיות פרמבצטיות בע""מ",,קמיל אל סבון ניקיון,קילוגרמים,1.00,ליטר,false,,16.90,16.9000,true,1,136961
7290016621952,false,קמיל בלו סנסיטיב קרם פנים לתינוק SPF30,פישר תעשיות פרמבצטיות בעמ,,קמיל בלו סנסטיב קרם,Unknown,0.00,יחידה,false,,24.90,0.0000,true,1,158594
7290016651362,false,קיסם+חוט דנטאלי 100 יח,קונסיגנציה- ש. י גיספאן 1993,,"קיסם + חוט 100 יח""",Unknown,0.00,יחידה,false,,9.90,0.0000,true,1,153311
7290016667059,false,"סירופ בטעם מייפל 100% טהור 250מ""ל.",נאמן לאורך זמן בעמ,,"מייפל טהור 250 מ""ל",מיליליטרים,250.00,"100 מ""ל",false,,34.90,13.9600,true,1,121998
7290016667066,false,סוכריות לקישוט עוגות 90 גר`,נאמן לאורך זמן בעמ,,סוכריות לקישוט עוגות,Unknown,0.00,יחידה,false,,6.90,0.0000,true,1,121999
7290016667097,false,חטיף ציפס טורטיה מלוח 250 גרם,נאמן לאורך זמן בעמ,,חטיף צ'יפס טורטיה מל,גרמים,250.00,100 גרם,false,,10.90,4.3600,true,1,122002
7290016667462,false,פריכיות חסכוני אורז 265 ג',פרח תעשיות,,חסכוני פריכיות אורז,גרמים,265.00,100 גרם,false,,13.90,5.2453,true,1,122012
7290016667486,false,פריכיות כוסמת דל נתרן 130 ג',נאמן לאורך זמן בעמ,,פריכיות כוסמת דל נתר,גרמים,130.00,100 גרם,false,,9.90,7.6154,true,1,122014
7290016667554,false,קיסם מברשת סופר רך 40 יח`נאמן,נאמן לאורך זמן בעמ,,קיסם מברשת סופר רך 4,Unknown,0.00,יחידה,false,,9.90,0.0000,true,1,122015
7290016667646,false,"רוטב סרירצ'יה חריף מאוד 360 מ""ל",,,רוטב סרירצ'יה חריף מ,מיליליטרים,360.00,"100 מ""ל",false,,12.90,3.5833,true,1,122020
7290016682182,false,פריניב שייק תמר בננה מופחת סוכר 1 ליטר,תנובה - פריניב,,שייק תמר בננה מופחת,קילוגרמים,1.00,ליטר,false,,15.90,15.9000,true,1,130537
7290016682199,false,פריניב שייק תות בננה מופחת סוכר 1 ליטר,הנסיך- מפעל לייצור ט,,שייק תות בננה מופחת,קילוגרמים,1.00,ליטר,false,,15.90,15.9000,true,1,130538
7290016682328,false,מיץ תפוזים 100% עשוי מרכז 2 ל' פריניב,תנובה - פריניב,,מיץ תפוזים עשוי מרכז,קילוגרמים,2.00,ליטר,false,,22.90,11.4500,true,1,189777
7290016682335,false,מיץ תפוזים סחוט 2 ליטר פרי ניב,תנובה - פריניב,,מיץ תפוזים 2 ליטר פר,קילוגרמים,2.00,ליטר,false,,24.90,12.4500,true,1,189772
7290016682342,false,מיץ תפוזים וולנסיה פרי ניב 2 ליטר-,תנובה - פריניב,,100% מיץ תפוזים סחוט,קילוגרמים,2.00,ליטר,false,,28.90,14.4500,true,1,189778
7290016682366,false,פריניב מיץ תפוחים צלול 2 ליטר.,תנובה - פריניב,,מיץ תפוח צלול 2 ליטר,קילוגרמים,2.00,ליטר,false,,24.90,12.4500,true,1,189773
7290016682373,false,משקה קל לימונדה בלאדי 2 ליטר פריניב,תנובה - פריניב,,משקה קל לימונדה בלאד,קילוגרמים,2.00,ליטר,false,,24.90,12.4500,true,1,189774
7290016682397,false,מיץ חמוציות פרי ניב 2 ליטר-,תנובה - פריניב,,מיץ חמוציות 2 ליטר,קילוגרמים,2.00,ליטר,false,,24.90,12.4500,true,1,189775
7290016682441,false,100% מיץ תפוזים מיוצר מרכז טבעי,תנובה - פריניב,,מיץ תפוזים סחוט עשוי,קילוגרמים,1.00,ליטר,false,,13.90,13.9000,true,1,198625
7290016692198,false,מאמי קייר משחת החתלה קלנדולה קלאסיק,מאמי קר Mommy Care,,משחת החתלה קלנדולה ק,Unknown,0.00,יחידה,false,,24.90,0.0000,true,1,196718
7290016750249,false,מטלית מיקרופייבר מקצ,,,מטלית מיקרופייבר מקצ,Unknown,0.00,יחידה,false,,22.90,0.0000,true,1,130762
7290016829815,false,מברשת שיער מטקה מטלי,,,מברשת שיער מטקה מטלי,Unknown,0.00,יחידה,false,,14.90,0.0000,true,1,155057
7290016865943,false,אטריות ביצים פטוציני אוריינט 400 גרם,גורי מוצרי צריכה 1991 בעמ,,פטוציני אור 400 גרם,גרמים,400.00,100 גרם,false,,12.90,3.2250,true,1,171823
7290016866643,false,פרודונטקס מ.שיניים אקסטרה פרש 75 מל,פרודונטקס Parodontax,,משחת פרודנטקס פרש 75,Unknown,0.00,יחידה,false,,29.90,0.0000,true,1,111475
7290016866650,false,"פרודונטקס - משחת שיניים אוריג'ינל 75 מ""ל",פרודונטקס Parodontax,,משחת פרודנטקס אוריג',Unknown,0.00,יחידה,false,,29.90,0.0000,true,1,111176
7290016866667,false,"פרודונטקס - משחת שיניים ללא פלאוריד 75 מ""ל",פרודונטקס Parodontax,,משחת פרודנטקס ללא פל,Unknown,0.00,יחידה,false,,29.90,0.0000,true,1,111177
7290016866674,false,"פרודונטקס - משחת שיניים מלבינה 75 מ""ל",פרודונטקס Parodontax,,משחת פרודנטקס מלבינה,Unknown,0.00,יחידה,false,,29.90,0.0000,true,1,111178
7290016866704,false,סטייל שמפו קרטין E 750 מל לשיקום שיער יב,גורי ע.ע.ע בעמ,,שמפו קרטין+E,Unknown,0.00,יחידה,false,,22.90,0.0000,true,1,161152
7290016866711,false,סטייל מרכך קרטין E 750 מל לשיקום שיער יב,גורי ע.ע.ע בעמ,,מרכך קרטין+E,Unknown,0.00,יחידה,false,,22.90,0.0000,true,1,161153
7290016866728,false,סטייל מסכה קרטין E 500 מל לשיקום שיער יב,גורי ע.ע.ע בעמ,,מסכה קרטין +E,Unknown,0.00,יחידה,false,,32.90,0.0000,true,1,161156
7290016867244,false,שישיה לחמניות כוסמין בתוספת מחמצת 99 קלוריות,המאפה של דר מרק בריאות באפייה,,לחמניות מחמצת כוסמין,Unknown,0.00,יחידה,false,,14.90,0.0000,true,1,172284
7290016875003,false,יוגורט עזים 3ל' עז הרים,,,עז הרים יוגורט 3 ליט,קילוגרמים,3.00,ליטר,false,,36.90,12.3000,true,1,151792
7290016875041,false,לבנה עיזים 500ג' עז הרים,,,עז הרים לבנה 500 גרם,גרמים,500.00,100 גרם,false,,21.90,4.3800,true,1,151795
7290016875058,false,לבנה עיזים כדורים 380 ג' עז הרים,,,עז הרים לבנה כדורים,גרמים,380.00,100 גרם,false,,29.90,7.8684,true,1,151796
7290016875065,false,יוגורט עזים 1.5ל' עז הרים,,,עז הרים יוגורט 1.50,קילוגרמים,1.50,ליטר,false,,21.90,14.6000,true,1,151797
7290016875102,false,"יוגורט עזים פירות יער 330 מ""לעז הרים",,,יוגורט פירות יער עז,מיליליטרים,330.00,"100 מ""ל",false,,8.90,2.6970,true,1,151800
7290016875119,false,"יוגורט עזים תות שדה 330 מ""לעז הרים",,,יוגורט תות שדה עז הר,מיליליטרים,330.00,"100 מ""ל",false,,8.90,2.6970,true,1,151801
7290016875157,false,"לבנה עיזים למריחה 1ק""ג עז הרים",,,"עז הרים לבנה 1 ק""ג",פריט,1.00,"ק""ג",false,,39.90,39.9000,true,1,151803
7290016883176,false,"מוזלי פתיתי שיבולת שועל עם שוקולד מריר ושבבי קוקוס 1 ק""ג",דין שיווק וקליה 2021 בעמ,,דין מוזלי פתיתי שיבו,Unknown,0.00,יחידה,false,,21.90,0.0000,true,1,182351
7290016898002,false,סיר אלומיניום גדול 5.4 ליטר*2 יח' שמאי,,,שמאי -זוג סירים גדול,Unknown,0.00,יחידה,false,,13.90,0.0000,true,1,152173
7290016898064,false,תבניות גדולות מקרטון שמאי 4 יח',,,תבניות גדולות קרטון,Unknown,0.00,יחידה,false,,9.90,0.0000,true,1,178556
7290016898217,false,נרות חנוכה פרימיום 45 יחידות שמאי,,,ר.שמאי נרות חנוכה פר,Unknown,0.00,יחידה,false,,8.90,0.0000,true,1,169359
7290016898279,false,סלטיות גדולות צבעוני =מגוון צבעים= =ר. שמאי= 10 יח' כשל''פ עד''ח,,,שמאי - סלטיות גדולות,Unknown,0.00,יחידה,false,,10.90,0.0000,true,1,152195
7290016898286,false,סלטיות קשיח שקוף ר. שמאי 10 יח',,,שמאי - סלטיות גדולות,Unknown,0.00,יחידה,false,,10.90,0.0000,true,1,152196
7290016898309,false,מגש אובלי לאירוח בינוני שמאי,,,מגש לאירוח אובלי בינ,Unknown,0.00,יחידה,false,,9.90,0.0000,true,1,152198
7290016898323,false,"כוסות קרטון 10OZ איכותי ח""פ 50 יח'",,,שמאי - קפה לדרך 10OZ,Unknown,0.00,יחידה,false,,13.90,0.0000,true,1,152200
7290016898347,false,צלחות מרבל ענק לבן כסף אחת שתיים שמאי 10 יח',,,צלחות מרבל ענק לבן ז,Unknown,0.00,יחידה,false,,24.90,0.0000,true,1,152202
7290016898354,false,צלחות מרבל גדול לבן כסף אחת שתיים שמאי 10 יח',,,שמאי - צלחות גדול 'מ,Unknown,0.00,יחידה,false,,19.90,0.0000,true,1,152203
7290016898361,false,צלחות מרבל קטן לבן/כסף שמאי 10 יח',,,צלחות מרבל קטן לבן ז,Unknown,0.00,יחידה,false,,14.90,0.0000,true,1,152204
7290016898378,false,מרקיות מרבל לבן כסף 10יח',,,מרקיות מרבל לבן זהב,Unknown,0.00,יחידה,false,,16.90,0.0000,true,1,152205
7290016898385,false,לפתניות מרבל לבן כסף אחת שתיים שמאי 10 יח',,,לפתניות מרבל לבן זהב,Unknown,0.00,יחידה,false,,10.90,0.0000,true,1,152206
7290016898392,false,קעריות אובלי מרבל לבן כסף אחת שתיים שמאי 10 יח',,,קעריות אובלי מרבל לב,Unknown,0.00,יחידה,false,,10.90,0.0000,true,1,178557
7290016898606,false,"תבניות פרימיום קוקי ח""פ 2 יח'",,,ר. שמאי תבניות פרימי,Unknown,0.00,יחידה,false,,9.90,0.0000,true,1,152211
7290016898613,false,תבניות פרימיום גסטרונום בייתי ארוז שמאי 2 יח',,,תבניות פרימיום גסטרו,Unknown,0.00,יחידה,false,,9.90,0.0000,true,1,152212
7290016898705,false,שקיות אוכל מנייר 50 יחידות,,,ר.שמאי שקיות נייר לכ,Unknown,0.00,יחידה,false,,7.90,0.0000,true,1,197515
7290016898736,false,גפרורים בנוני שלישיה,,,גפרור בינוני ארוז של,Unknown,0.00,יחידה,false,,7.90,0.0000,true,1,152215
7290016898750,false,אל סבון קטיפתי 1 ליטר פרש ר. שמאי,,,אל סבון קטיפתי פרש 1,Unknown,0.00,יחידה,false,,9.90,0.0000,true,1,152216
7290016898842,false,מפיות מנוקדות שמאי 80 יחידות,,,מפיות 80 יח' מנוקדות,Unknown,0.00,יחידה,false,,5.90,0.0000,true,1,152221
7290016906233,false,מאוורר 20 מתכת לורסו,,,מאוורר 20 מתכת לורסו,Unknown,0.00,יחידה,false,,149.90,0.0000,true,1,181187
7290016912494,false,"ד""ר פישר - אפקטיב קר תרחיץ פנים לכל סוגי העור 180 מ""ל","פישר תעשיות פרמצביטות בע""מ",,אפקטיב קר תרחיץ פנים,מיליליטרים,180.00,"100 מ""ל",false,,17.90,9.9444,true,1,136972
7290016912616,false,סרקל שמפו לילדים לשיער בהיר - בלונדיני,פישר תעשיות פרמבצטיות בעמ,,סרקל בלונד שמפו 1 לי,קילוגרמים,1.00,ליטר,false,,29.90,29.9000,true,1,136975
7290016912623,false,סרקל מרכך לילדים לשיער בהיר - בלונדיני,פישר תעשיות פרמבצטיות בעמ,,סרקל בלונד מרכך 1 לי,קילוגרמים,1.00,ליטר,false,,29.90,29.9000,true,1,136976
7290016967074,false,לחם חיטה מלאה עם גרעינים ודגנים,מאפיית שלמה א. אנג'\ל בע,,לחם אנג'ל חיטה מלאה,Unknown,0.00,יחידה,false,,16.90,0.0000,true,1,114552
7290016967456,false,לחם צרפתי מחמצת 100% כוסמין 600 ג' אנג'ל,"מאפיית אנג'\ל בעמ, מקבוצ",,לחם כוסמין פרימיום 6,גרמים,600.00,100 גרם,false,,17.90,2.9833,true,1,114553
7290016980103,false,בייבי בטטה שקיל,אראל תוצרת חקלאית בע,,בייבי בטטה,Unknown,0.00,יחידה,false,,9.90,0.0000,true,1,192902
7290017002811,false,פראנס ביוטי שעווה מתקלפת בפתיתים ורוד,נורוליס,,פראנס ביוטי שעווה פ,Unknown,0.00,יחידה,false,,24.90,0.0000,true,1,160002
7290017002828,false,פראנס ביוטי שעווה מתקלפת בפתיתים לבן,נורוליס,,פראנס ביוטי פתיתי ש,Unknown,0.00,יחידה,false,,24.90,0.0000,true,1,178871
7290017023205,false,"שוופס מוגז פירות ענבים פחית 330 מ""ל",יפאורה שותפות מוגבלת לשיווק,,שוופס מוגז ענבים פחי,מיליליטרים,330.00,"100 מ""ל",false,,7.00,2.1212,true,1,120534
7290017023212,false,"שוויפס מוגז פירות תפוח מארז רביעייה* 330 מ""ל",יפאורה שותפות מוגבלת לשיווק,,רביעיית פחיות שוופס,Unknown,0.00,יחידה,false,,13.90,0.0000,true,1,120535
7290017023229,false,רביעיית פחיות שוופס מוגז פירות תות ליים 330 מל.,יפאורה שותפות מוגבלת לשיווק,,רביעיית פחיות שוופס,Unknown,0.00,יחידה,false,,13.90,0.0000,true,1,120536
7290017023236,false,רביעיית פחיות שוופס מוגז פירות ענבים 330 מל.,יפאורה שותפות מוגבלת לשיווק,,רביעיית פחיות שוופס,Unknown,0.00,יחידה,false,,13.90,0.0000,true,1,120537
7290017023663,false,"שוופס מיץ פירות לימונייד פחית מארז 330X4מ""ל",יפאורה שותפות מוגבלת לשיווק,,רביעיית פחיות שוופס,Unknown,0.00,יחידה,false,,13.90,0.0000,true,1,120553
7290017023809,false,"רביעיית ספרינג אגס סברס תפוח 250 מ""ל",יפאורה שותפות מוגבלת לשיווק,,רביעיית ספרינג 250 מ,Unknown,0.00,יחידה,false,,12.90,0.0000,true,1,120559
7290017023816,false,"ספרינג  פירות טרופיים 250 מ""ל רביעייה",יפאורה שותפות מוגבלת לשיווק,,רביעיית ספרינג 250 מ,Unknown,0.00,יחידה,false,,12.90,0.0000,true,1,120560
7290017023823,false,"רביעיית ספרינג תות בננה 250 מ""ל",יפאורה שותפות מוגבלת לשיווק,,רביעיית ספרינג 250 מ,Unknown,0.00,יחידה,false,,12.90,0.0000,true,1,120561
7290017023854,false,מי סודה בקבוקים אישיים - מארז 4 יח',יפאורה שותפות מוגבלת לשיווק,,"שוופס סודה 250 מ""ל ר",Unknown,0.00,יחידה,false,,12.90,0.0000,true,1,120563
7290017023861,false,סודה בטעם לימון בקבוקים אישיים - מארז 4 יח',יפאורה שותפות מוגבלת לשיווק,,שוופס סודה לימון 250,Unknown,0.00,יחידה,false,,12.90,0.0000,true,1,120564
7290017023878,false,סודה בטעם נענע ליים בקבוקים אישיים - מארז 4 יח',יפאורה שותפות מוגבלת לשיווק,,שוופס סודה נענע ליים,Unknown,0.00,יחידה,false,,12.90,0.0000,true,1,120565
7290017031323,false,"אטריות ביצים פפרדלה 400 מ""ל",גורי מוצרי צריכה 1991 בעמ,,פפרדלה אור 400 גרם,גרמים,400.00,100 גרם,false,,12.90,3.2250,true,1,171825
7290017031477,false,"סנסודיין משחת שיניים רפיד רליף להלבנה 75 מ""ל","סמיתקליין ביצ'ם בע""מ",,סנסודיין רפיד הלבנה,Unknown,0.00,יחידה,false,,21.90,0.0000,true,1,197204
7290017031705,false,"סנסודיין משחת שיניים קלין & פרש 75 מ""ל",גלקסוס סמית קליין,,סנסודיין קלין & פרש,Unknown,0.00,יחידה,false,,21.90,0.0000,true,1,111476
7290017031859,false,"פרודונטקס - משחת שיניים אולטרא קלין 75 מ""ל","מאסטרפוד אוסטריה בע""מ",,פרדונטקס אלטרא קלין,Unknown,0.00,יחידה,false,,29.90,0.0000,true,1,197205
7290017044019,false,מגבונים אסותא בדלי עיסא ערטול) (400,עיסא ערטול בעמ-סוכן הנקל סוד,,אסותא דלי מטליות לחו,Unknown,0.00,יחידה,false,,19.90,0.0000,true,1,125956
7290017044071,false,מטליות אסותא 400 יח בדלי בניחוח תפוח,עיסא ערטול בעמ-סוכן הנקל סוד,,אסותא דלי מטליות תפו,Unknown,0.00,יחידה,false,,19.90,0.0000,true,1,125957
7290017044293,false,מטליות לחות לרצפה אסותא 50 יח בדלי,עיסא ערטול בעמ-סוכן הנקל סוד,,אסותא דלי מטליות לחו,Unknown,50.00,יחידה,false,,29.90,0.5980,true,1,125958
7290017044507,false,מטליות אסותא 400 יח בדלי לניקוי וחיטוי,עיסא ערטול בעמ-סוכן הנקל סוד,,אסותא מגבונים נשלפים,Unknown,0.00,יחידה,false,,29.90,0.0000,true,1,162725
7290017058009,false,שימורי אנשובי עם צלפים 45 ג' תומר,,,אנשובי בפח עם צלפים,Unknown,0.00,יחידה,false,,7.90,0.0000,true,1,129968
7290017058818,false,תרסיס שמן בטעם חמאה תומר 142 גרם,,,תרסיס שמן טעם חמאה,Unknown,0.00,יחידה,false,,13.90,0.0000,true,1,175216
7290017065007,false,פרוסות גבינה מוצרלה חצי קשה 22% שומן 200 ג' גד,מחלבות גד שיווק 1992 בעמ,,גד מוצרלה פרוסה 200,גרמים,200.00,100 גרם,false,,19.90,9.9500,true,1,146693
7290017065137,false,ריקוטה למריחה 5% טבעית 200 גר`מחלבות גד,מחלבות גד שיווק 1992 בעמ,,גד ריקוטה למריחה טבע,גרמים,200.00,100 גרם,false,,9.90,4.9500,true,1,146695
7290017065144,false,ריקוטה למריחה בתוספת בזיליקום 5% גד 200 גם,מחלבות גד שיווק 1992 בעמ,,גד ריקוטה למריחה עם,גרמים,200.00,100 גרם,false,,9.90,4.9500,true,1,146696
7290017065168,false,גבינה כחולה denish blue cheese 100 גרם,מחלבות גד שיווק 1992 בעמ,,גד גבינה כחולה 100 ג,גרמים,100.00,100 גרם,false,,18.90,18.9000,true,1,146698
7290017065236,false,גבינה בולגרית מעודנת 24% גד (250 גרם),מחלבות גד שיווק 1992 בעמ,,גד בולגרית מעודנת 24,גרמים,250.00,100 גרם,false,,24.90,9.9600,true,1,146702
7290017065311,false,פרוסות גבינה מוצרלה מעושנת 200 ג',מחלבות גד שיווק 1992 בעמ,,פרוסות מוצרלה מעושנת,גרמים,200.00,100 גרם,false,,19.90,9.9500,true,1,146705
7290017065441,false,גבינה גאודה עיזים פרוסה הולנדית 200 גר',מחלבות גד שיווק 1992 בעמ,,גד פרוסות גאודה עיחז,גרמים,200.00,100 גרם,false,,34.90,17.4500,true,1,146712
7290017065526,false,קוואטרו פורמאג'י 4 גבינות מגוררות 26%,מחלבות גד שיווק 1992 בעמ,,קוואטרו פורמאג'י 300,גרמים,300.00,100 גרם,false,,29.90,9.9667,true,1,146719
7290017065588,false,יוגורט יווני 600 גר`מחלבות גד,מחלבות גד שיווק 1992 בעמ,,יוגורט יווני 600 גרם,גרמים,600.00,100 גרם,false,,19.90,3.3167,true,1,159517
7290017065663,false,גבינת פטה עיזים מעודנת 16% גד 200 גרם,מחלבות גד שיווק 1992 בעמ,,פטה עזים מעודנת 16%,גרמים,250.00,100 גרם,false,,29.90,11.9600,true,1,164726
7290017065786,false,גבינה אנגלית קשה צ`דר 210 גר`גד,מחלבות גד שיווק 1992 בעמ,,צ'דר 210 גרם,גרמים,210.00,100 גרם,false,,22.90,10.9048,true,1,186775
7290017065878,false,רוטב לפסטה מק אנד צ'יז גד 200 גרם,מחלבות גד שיווק 1992 בעמ,,מק אנד צ'יז,גרמים,200.00,100 גרם,false,,15.90,7.9500,true,1,196811
7290017068350,false,עדשים שחורות בלוגה מיה 500 גרם,מיה תעשיות מזון מ.ת.מ בעמ,,עדשים שחורות בלוגה 5,גרמים,500.00,100 גרם,false,,8.90,1.7800,true,1,135099
7290017088051,false,בייביסיטר - חיתולי סטנדרט מידה 3 - 52 יח',די.פי.אל תעשיות מוצרים ח,,בייביסיטר סטנדרט מיד,Unknown,0.00,יחידה,false,,39.90,0.0000,true,1,158448
7290017088075,false,בייביסיטר - חיתולי סטנדרט מידה 4+ - 40 יח',די.פי.אל תעשיות מוצרים ח,,בייביסטר סטנדרט מידה,Unknown,0.00,יחידה,false,,39.90,0.0000,true,1,158456
7290017088082,false,בייביסיטר - חיתולי סטנדרט מידה 5 - 36 יח',די.פי.אל תעשיות מוצרים ח,,בייביסטר סטנדרט מידה,Unknown,0.00,יחידה,false,,39.90,0.0000,true,1,158457
7290017088099,false,בייביסיטר - חיתולי סטנדרט מידה 6 - 30 יח',די.פי.אל תעשיות מוצרים ח,,בייביסטר סטנדרט מידה,Unknown,0.00,יחידה,false,,39.90,0.0000,true,1,158458
7290017088693,false,קוויק מטליות לחות לניקוי וחיטוי רצפות ניחוח לוונדר 10 יחידות,שקד תבל בעמ,,קוויק מטליות לחות לנ,Unknown,0.00,יחידה,false,,11.90,0.0000,true,1,158463
7290017088914,false,מגבונים בייביסיטר מבושם מארז שישייה,שקד תבל בעמ,,מגבוני בייביסיטר מבו,Unknown,0.00,יחידה,false,,19.90,0.0000,true,1,167535
7290017090139,false,מפזר חום לאמבטיה ט.ה,,,מפזר חום לאמבטיה ט.ה,Unknown,0.00,יחידה,false,,239.90,0.0000,true,1,188028
7290017090153,false,חצובה טלסקופית לתנור,,,חצובה טלסקופית לתנור,Unknown,0.00,יחידה,false,,99.90,0.0000,true,1,201986
7290017090535,false,פינג'אן חשמלי נשלף נ,,,פינג'אן חשמלי נשלף נ,Unknown,0.00,יחידה,false,,109.90,0.0000,true,1,184657
7290017090818,false,סיר טיגון נירוסטה נש,,,סיר טיגון נירוסטה נש,Unknown,0.00,יחידה,false,,149.90,0.0000,true,1,184668
7290017105079,false,שעועית לבנה ברוטב עגבניות יכין הקטניה הט,היינץ צפון אמריקה מק,,יכין שעועית אפויה הק,Unknown,0.00,יחידה,false,,4.90,0.0000,true,1,111668
7290017105086,false,שימורי יכין שעועית צילי 200 גר,"זנלכל בע""\מ",,יכין שעועית צילי הקט,Unknown,0.00,יחידה,false,,4.90,0.0000,true,1,111669
7290017105116,false,תורמוס הקטניה הטובה יכין 200/105 גרם,"זנלכל בע""\מ",,יכין תורמוס הקטניה ה,Unknown,0.00,יחידה,false,,4.90,0.0000,true,1,111672
7290017105123,false,פול מצרי הקטניה הטובה יכין 200/105 גרם,היינץ צפון אמריקה מק,,יכין פול מוצרי הקטני,Unknown,0.00,יחידה,false,,4.90,0.0000,true,1,111673
7290017105369,false,סירופ דיאט בטעם תה אפרסק יכין (1 ליטר),זנלכל בעמ,,תה אפרסק דיאט 1 ליט,קילוגרמים,1.00,ליטר,false,,16.90,16.9000,true,1,118734
7290017105383,false,מארז גרעיני תירס קידס מתוק יכין,זנלכל בעמ,,שלישיית תירס קיד 200,גרמים,600.00,100 גרם,false,,14.90,2.4833,true,1,118735
7290017105468,false,מארז שלישייה אפונה קטנה יכין 3*200 גר,קשקמט קונסרב הונגריה,,יכין אפונה 3* 200 גר,Unknown,0.00,יחידה,false,,14.90,0.0000,true,1,118738
7290017121048,false,"פלפל צ'ומה 250 גרם ""עללחם""",שטראוס גרופ בעמ/מצונן,,פלפל צ'ומה עללחם 25,גרמים,250.00,100 גרם,false,,13.90,5.5600,true,1,139939
7290017121093,false,"אריסה חריפה 250 גרם ""עללחם""",שטראוס גרופ בעמ/מצונן,,אריסה חריפה עללחם 2,גרמים,250.00,100 גרם,false,,13.90,5.5600,true,1,139940
7290017129280,false,"כרמית אפיפיות שוקולד לא מצופה 200 גרם כשל""פ","כד בני דרום בע""מ",,אפיפות בטעם שוקולד 2,גרמים,200.00,100 גרם,false,,8.60,4.3000,true,1,177580
7290017129495,false,אגו מיקס כדורי תירס מצופים שוקולד חלב כרמית 55 גרם,כרמית תעשיות ממתקים בעמ,,אגו מיקס כדורי תירס,Unknown,0.00,יחידה,false,,3.90,0.0000,true,1,147358
7290017129501,false,אגו מיקס כדורי תירס מצופים שוקולד לבן כרמית 55 גרם,כרמית תעשיות ממתקים בעמ,,אגו מיקס כדורי תירס,Unknown,0.00,יחידה,false,,3.90,0.0000,true,1,147359
7290017129518,false,אגו מיקס כדורי תירס מצופים שוקולד חלב ולבן כרמית 55 גרם,כרמית תעשיות ממתקים בעמ,,אגו מיקס כדורי תירס,Unknown,0.00,יחידה,false,,3.90,0.0000,true,1,147360
7290017129532,false,סוכריות לקקן תות 90 גרם כרמית,כרמית תעשיות ממתקים בעמ,,כרמית לקקן תות 90 גר,Unknown,0.00,יחידה,false,,7.90,0.0000,true,1,147362
7290017129846,false,עוגיות מיני קוקיס בטעם קרמל בצנצנת כרמית 600 גרם,כרמית תעשיות ממתקים בעמ,,מיני קוקיס בטעם קרמל,גרמים,600.00,100 גרם,false,,18.90,3.1500,true,1,147384
7290017129877,false,מיקס 40 יחידות לקקנים שטוחים כרמית 180 גרם,כרמית תעשיות ממתקים בעמ,,מיקס לקקנים שטוחים 3,גרמים,300.00,100 גרם,false,,11.90,3.9667,true,1,147386
7290017129884,false,חמישיות שוקולד מריר 44% 85 גר*5*12 בקרטון,כרמית תעשיות ממתקים בעמ,,אגו שוקולד מריר חמיש,Unknown,0.00,יחידה,false,,14.90,0.0000,true,1,147387
7290017139784,false,וונדר וומן משחת שיניים,כ.צ.ט,,משחת שיניים וונדרוומ,Unknown,0.00,יחידה,false,,6.90,0.0000,true,1,201061
7290017142005,false,"שמן קוקוס אורגני עץ הזית צנצנת 320מ""ל",סוגת תעשיות בעמ,,שמן קוקוס אורגני כתי,מיליליטרים,320.00,"100 מ""ל",false,,29.90,9.3437,true,1,129372
7290017142111,false,פתיתי טונה בשמן זית טו גו עץ הזית 85 גרם,"יוניקורד ח.צ בע""מ",,עץ הזית פתיתי טונה ב,Unknown,0.00,יחידה,false,,9.90,0.0000,true,1,129379
7290017142128,false,"שמן זית כתית מעולה קלאסי עץ הזית 750 מ""ל",סוגת תעשיות בעמ,,שמן זית כתית מעולה ק,מיליליטרים,750.00,"100 מ""ל",false,,33.60,4.4800,true,1,129380
7290017142159,false,"שלישיית נתחי טונה בהירה בשמן זית 80 גרם ""עץ הזית""",הנסיך- מפעל לייצור ט,,עץ הזית נתחי טונה בש,גרמים,240.00,100 גרם,false,,23.90,9.9583,true,1,129381
7290017142166,false,"פילה טונה פרוס עם שמן זית 120 גרם ""עץ הזית""","יוניקורד ח.צ בע""מ",,פילה טונה פרוס עם שמ,גרמים,120.00,100 גרם,false,,14.90,12.4167,true,1,129382
7290017142180,false,פילה טונה בשמן זית בטעם לימון עם פלפל שחור 120 ג',"יוניקורד ח.צ בע""מ",,פילה טונה פרוס עם שמ,גרמים,120.00,100 גרם,false,,14.90,12.4167,true,1,129383
7290017142289,false,תרסיס שמן חמניות 200 מל ללא תוספת גז עץ,י.ב טכנולוגיות אריזה בעמ,,עץ הזית תרסיס שמן חמ,מיליליטרים,200.00,"100 מ""ל",false,,15.90,7.9500,true,1,129388
7290017142340,false,שמן זרעי ענבים מזוכך 1 ליטר עץ הזית*,אף.ג'\יי.סנצ'\ז סוקחורס,,שמן זרעי ענבים מזוכך,מיליליטרים,1000.00,"100 מ""ל",false,,29.90,2.9900,true,1,129391
7290017142395,false,"LUNCH TO GO פסטה עם טונה בשמן זית 160 גרם ""עץ הזית""",יוניקורד ח.צ בעמ,,פסטה עם טונה בשמן ז,גרמים,160.00,100 גרם,false,,13.90,8.6875,true,1,129396
7290017142401,false,"LUNCH TO GO קינואה לבנה ואדומה טונה בשמן זית 160 גרם ""עץ הזית""",ג'נרל מילס סאן אדריא,,עץ זית קינואה לבנה ו,גרמים,160.00,100 גרם,false,,13.90,8.6875,true,1,166562
7290017142456,false,מארז נתחי טונה בהירה בשמן זית 2 * 160 ג' עץ הזית,יוניקורד ח.צ בעמ,,נתחי טונה בשמן זית ע,גרמים,320.00,100 גרם,false,,27.90,8.7187,true,1,129398
7290017142487,false,"LUNCH TO GO בורגול עם חומוס טונה בשמן זית 160 גרם ""עץ הזית""",יוניקורד ח.צ בעמ,,טו גו בורגול וגריגיר,גרמים,160.00,100 גרם,false,,13.90,8.6875,true,1,180596
7290017189413,false,גולד רינג טבעות בצל שארית ישראל,קפוא-זן תעשיות מזון בעמ - תפוג,,גולד רינג טבעות בצל,Unknown,0.00,יחידה,false,,13.90,0.0000,true,1,195619
7290017197029,false,אל סבון la belle מאסק לבן 1 ל,פארמה דיל (פ.א.ב.) שיווק והפצה,,אל סבון מאסק לבן 1 ל,Unknown,0.00,יחידה,false,,9.90,0.0000,true,1,144803
7290017197043,false,אל סבון la belle קלאסיק מרענן כחול 1 ל,פארמה דיל (פ.א.ב.) שיווק והפצה,,אל סבון קלאסיק מרענן,Unknown,0.00,יחידה,false,,9.90,0.0000,true,1,144805
7290017197364,false,אל סבון לבנדר סגול 1 ליטר LA BELLE,פארמה דיל (פ.א.ב.) שיווק והפצה,,אל סבון לבנדר סגול 1,Unknown,0.00,יחידה,false,,9.90,0.0000,true,1,144808
7290017197456,false,אסותא מגבוני נייר טואלט שלישייה,עיסא ערטול בעמ-סוכן הנקל סוד,,אסותא מגבוני נייר טו,Unknown,0.00,יחידה,false,,10.90,0.0000,true,1,111696
7290017197852,false,LA BELLE אל סבון מעו,,,LA BELLE אל סבון מעו,מיליליטרים,1500.00,"100 מ""ל",false,,12.90,0.8600,true,1,177344
7290017217017,false,נגיסון סיליקון עם מכסה הגייני,אינטרסן (1996) בעמ,,נובי נגיסון סיליקון,Unknown,0.00,יחידה,false,,32.90,0.0000,true,1,163425
7290017217031,false,נובי שלישיית כפיות מסיליקון רך,אינטרסן (1996) בעמ,,נובי שלשלית כפיות מס,Unknown,0.00,יחידה,false,,24.90,0.0000,true,1,163422
7290017217550,false,נשכן קור מחזיק מפתחות,אינטרסן (1996) בעמ,,נובי נשכן קור מחזיק,Unknown,0.00,יחידה,false,,29.90,0.0000,true,1,163427
7290017217673,false,כפפות משק בית איזי טאץ עם אלוורה S אינטרסאן,איזיטאצ,,כפפות משק בית עם אלו,Unknown,0.00,יחידה,false,,7.90,0.0000,true,1,168155
7290017217680,false,כפפות משק בית אלוורה,איזיטאצ,,כפפות משק בית עם אלו,Unknown,0.00,יחידה,false,,7.90,0.0000,true,1,168156
7290017217697,false,כפפות משק בית איזי טאץ עם אלוורה L אינטרסאן,,,כפפות משק בית עם אלו,Unknown,0.00,יחידה,false,,7.90,0.0000,true,1,168157
7290017217918,false,"מדליק פחם נוזלי 500מ""ל פקק ביטחון",אינטרסן (1996) בעמ,,מדליק פחם נוזלי 500,Unknown,0.00,יחידה,false,,16.90,0.0000,true,1,163386
7290017232218,false,לחם קלאסי מופחת פחמימות איטסיין 430 גרם,,,לחם EATSANE קלאסי 43,Unknown,0.00,יחידה,false,,24.90,0.0000,true,1,200756
7290017232225,false,לחם גלילי מופחת פחמימות איטסיין 450 גרם,דבידוביץ,,לחם EATSANE גלילי 45,Unknown,0.00,יחידה,false,,24.90,0.0000,true,1,200757
7290017236544,false,משחה כלים אמה תפוח 3,,,אמה משחת כלים תפוח 3,פריט,3.50,"ק""ג",false,,22.90,6.5429,true,1,111420
7290017236551,false,משחת כלים אמה 3.5 קג לימון,עיסא ערטול בעמ,,אמה משחת כלים לימון,פריט,3.50,"ק""ג",false,,22.90,6.5429,true,1,125959
7290017236568,false,משחת כלים אמה 3.5 קג סמדר,עיסא ערטול בעמ-סוכן הנקל סוד,,אמה משחת כלים סמדר 3,פריט,3.50,"ק""ג",false,,22.90,6.5429,true,1,111421
7290017252001,false,חומץ סינטטי 5% סאן אוויל 1 ליטר,,,חומץ סנטטי 1 ליטר סא,קילוגרמים,1.00,ליטר,false,,4.90,4.9000,true,1,166072
7290017252308,false,עוגת אנגלית 270 גרם,,,עוגת אנגלית 270 גרם,גרמים,270.00,100 גרם,false,,5.90,2.1852,true,1,159150
7290017252315,false,עוגת שוקולד 270 גרם,,,עוגת שוקולד 270 גרם,גרמים,270.00,100 גרם,false,,5.90,2.1852,true,1,159146
7290017252322,false,עוגל'ה עוגת שיש 270 גרם,,,עוגת שיש 270 גרם,גרמים,270.00,100 גרם,false,,5.90,2.1852,true,1,159147
7290017252339,false,עוגת וניל 270 גרם,,,עוגת וניל 270 גרם,גרמים,270.00,100 גרם,false,,5.90,2.1852,true,1,159151
7290017252360,false,עוגת שוקוצי'נו 270 ג,,,עוגת שוקוצי'נו 270 ג,גרמים,270.00,100 גרם,false,,5.90,2.1852,true,1,159152
7290017252520,false,עוגל'ה שוקוציפס 270 גרם,,,עוגת שוקו צ'יפס 270,גרמים,270.00,100 גרם,false,,5.90,2.1852,true,1,159148
7290017266428,false,גלילי וופל למילוי וק,,,גלילי וופל למילוי וק,גרמים,225.00,100 גרם,false,,19.90,8.8444,true,1,152640
7290017266725,false,מארז וופל במילוי קרם בטעם שוקולד 12 גרם*40 יח',"גילרו בע""מ",,חטיף מיני קראנצ' 12,Unknown,0.00,יחידה,false,,16.90,0.0000,true,1,187755
7290017275338,false,טחינה גולמית 500 טורקיז אחווה*,אחדות ביתחרושת לטחינה חלבה,,טורקיז טחינה גולמית,גרמים,500.00,100 גרם,false,,12.90,2.5800,true,1,200548
7290017275413,false,מיני קצפיות בטעם וניל אחוה 140 גרם,אחדות ביתחרושת לטחינה חלבה,,מיני קצפיות בטעם וני,גרמים,140.00,100 גרם,false,,9.90,7.0714,true,1,200560
7290017275444,false,מיני קצפיות בטעם ענבים אחוה 140 גרם,אחדות ביתחרושת לטחינה חלבה,,מיני קצפיות בטעם ענב,גרמים,140.00,100 גרם,false,,9.90,7.0714,true,1,200563
7290017275727,false,חטיפי תותית במגש 12 יח' אחוה,אחדות ביתחרושת לטחינה חלבה,,חטיפי תותים במגש 120,Unknown,0.00,יחידה,false,,11.90,0.0000,true,1,200566
7290017275741,false,חלווה עם אגוזי לוז במגש 400 גר אחווה,אחדות ביתחרושת לטחינה חלבה,,חלוה עם אגוזי לוז במ,גרמים,400.00,100 גרם,false,,13.90,3.4750,true,1,200551
7290017291499,false,בצל שיפודים,,,בצל שיפודים,Unknown,0.00,יחידה,false,,8.90,0.0000,true,1,202739
7290017297194,false,לקט לקט ירקות לתנור פרי הגליל 800 ג',ויטה- פרי גליל (החדשה) בעמ,,לקט ירקות לתנור 800,גרמים,800.00,100 גרם,false,,16.90,2.1125,true,1,168784
7290017297200,false,לקט כפרי תוספת לעוף( 800 גר`)פרי הגליל,ויטה- פרי גליל (החדשה) בעמ,,לקט ירקות לצד העוף 8,גרמים,800.00,100 גרם,false,,16.90,2.1125,true,1,168779
7290017297323,false,רוטב עגבניות מרוכז 100 גר' 22 BX טל וטרי,ויטה- פרי גליל (החדשה) בעמ,,רוטב עגבניות 100 גרם,גרמים,100.00,100 גרם,false,,2.00,2.0000,true,1,186153
7290017297620,false,רסק עגבניות טל וטרי 570 גרם,ויטה- פרי גליל (החדשה) בעמ,,רוטב עגבניות 22BX A2,גרמים,570.00,100 גרם,false,,6.90,1.2105,true,1,189115
7290017297644,false,ברוקולי קפוא גרין אנד פרש 800 גר',ויטה- פרי גליל (החדשה) בעמ,,ברוקלי 800 גרם GREEN,גרמים,800.00,100 גרם,false,,14.90,1.8625,true,1,186779
7290017303482,false,מלאווח שחף 700 גרם,,,מלאווח שחף 700 גרם,גרמים,700.00,100 גרם,false,,13.90,1.9857,true,1,131463
7290017303499,false,בורקס פטריות שחף 800,,,בורקס פטריות 800 גרם,גרמים,800.00,100 גרם,false,,13.90,1.7375,true,1,131464
7290017304885,false,לחם שיפון מחיטה מלאה ללא תוספת סוכר 750 ג' אנג'ל,מאפיית שלמה א. אנג'\ל בע,,לחם אנגל שיפון מלא,Unknown,0.00,יחידה,false,,16.90,0.0000,true,1,114554
7290017325460,false,"משקה שקדים לל""ג אורגני 1 ליטר",ליקואטס,,משקה שקדים אורגני 1,קילוגרמים,1.00,ליטר,false,,14.49,14.4900,true,1,179306
7290017325477,false,רסק עגבניות 100 גר אורגני - הרדוף,פריניר (הדס 1987) בע,,רסק עגבניות אורגני 1,Unknown,0.00,יחידה,false,,3.90,0.0000,true,1,179307
7290017325613,false,"משקה שיבולת שועל אורגני הרדוף לל""ג 1 ליטר",סוי מג'יק,,משקה שיבולת שועל או,קילוגרמים,1.00,ליטר,false,,11.90,11.9000,true,1,179313
7290017325620,false,"משקה אורז בתוספת שקדים אורגני הרדוף לל""ג 1 ליטר",ליקואטס,,משקה אורז בתוספת שקד,קילוגרמים,1.00,ליטר,false,,11.90,11.9000,true,1,179314
7290017325668,false,עדשים מנומרות אורגני500ג,אול אורגני,,עדשים מנומרות (צרפתי,גרמים,500.00,100 גרם,false,,15.90,3.1800,true,1,179317
7290017325880,false,קרקר מקמח חיטה מלא א,,,קרקר מקמח חיטה מלא א,גרמים,125.00,100 גרם,false,,19.90,15.9200,true,1,183485
7290017325927,false,"ברנפלקס ללת""ס אורגני הרדוף 375 גר",לאמרי,,הרדוף ברנפלקס אורגני,גרמים,375.00,100 גרם,false,,17.90,4.7733,true,1,198472
7290017339610,false,חלה בריוש 6 כדורים ה,המחמצת,,חלה בריוש 600 גרם 6,גרמים,600.00,100 גרם,false,,16.90,2.8167,true,1,196929
7290017339627,false,חלת בריוש כתר המחמצת,המחמצת,,חלה כתר בריוש 600 גר,גרמים,600.00,100 גרם,false,,16.90,2.8167,true,1,196876
7290017364100,false,רפידות הנקה גוד קאר,,,גוד קאר רפידות הנקה,Unknown,0.00,יחידה,false,,29.90,0.0000,true,1,197438
7290017374321,false,כפפות ניטריל שחורות,,,כפפות ניטריל שחורות,Unknown,0.00,יחידה,false,,29.90,0.0000,true,1,145113
7290017374338,false,כפפות ניטריל ללא אבקה שחורות M א- 100 יח',T.P Tailand,,כפפות ניטריל שחורות,Unknown,0.00,יחידה,false,,29.90,0.0000,true,1,145114
7290017374345,false,כפפות ניטריל ללא אבקה שחורות L א- 100 יח',מ.א,,כפפות ניטריל שחורות,Unknown,0.00,יחידה,false,,29.90,0.0000,true,1,145115
7290017374390,false,סט שירותים טורינו,מ.א.ייצור ויבוא מטליות בעמ,,סט שירותים Torino,Unknown,0.00,יחידה,false,,19.90,0.0000,true,1,145118
7290017374925,false,מטאטא אמור AMOR + מק,מ.א.ייצור ויבוא מטליות בעמ,,מטאטא אמור AMOR + מק,Unknown,0.00,יחידה,false,,18.90,0.0000,true,1,157795
7290017374994,false,כף אשפה מתכת,,,כף אשפה מתכת,Unknown,0.00,יחידה,false,,7.90,0.0000,true,1,145123
7290017396071,false,לחמניות המבורגר פרימ,המחמצת,,מארז המבורגר X פרימי,Unknown,0.00,יחידה,false,,16.90,0.0000,true,1,196878
7290017396187,false,לחם קלמטה אובלי המחמ,המחמצת,,לחם קלמטה אובלי 600,גרמים,600.00,100 גרם,false,,16.90,2.8167,true,1,196871
7290017396217,false,לחם דגנים אובלי המחמ,המחמצת,,לחם דגנים אובלי 600,גרמים,600.00,100 גרם,false,,16.90,2.8167,true,1,196930
7290017396224,false,לחם כוסמין אובלי המח,המחמצת,,לחם כוסמין אובלי 600,גרמים,600.00,100 גרם,false,,16.90,2.8167,true,1,196872
7290017396248,false,לחמניות מיני המבורגר,המחמצת,,המחמצת מארז לחמניות,Unknown,0.00,יחידה,false,,16.90,0.0000,true,1,196895
7290017396293,false,לחם כפרי צרפתי אובלי,המחמצת,,לחם כפרי צרפתי מלא א,גרמים,600.00,100 גרם,false,,16.90,2.8167,true,1,196873
7290017429540,false,"אלכוג'ל 70% 125 מ""ל",,,"אלכוג'ל 70% 125 מ""ל",Unknown,0.00,יחידה,false,,4.90,0.0000,true,1,163772
7290017440231,false,סרקל שמפו לילדים לשיער מתולתל 1 ליטר,"פישר תעשיות פרמצביטות בע""מ",,סרקל שמפו מתולתל 1 ל,Unknown,0.00,יחידה,false,,29.90,0.0000,true,1,136986
7290017440286,false,"ד""ר פישר - קידס מרכך ויטמינים 750 מ""ל","פישר תעשיות פרמצביטות בע""מ",,"מרכך קידס 750 מ""ל",מיליליטרים,750.00,"100 מ""ל",false,,16.90,2.2533,true,1,111518
7290017440309,false,"ד""ר פישר - קידס שמפו ויטמינים 750 מ""ל","פישר תעשיות פרמצביטות בע""מ",,"שמפו קידס 750 מ""ל",מיליליטרים,750.00,"100 מ""ל",false,,16.90,2.2533,true,1,111519
7290017445229,false,פצירת יהלום ויקטוריה,,,פצירת יהלום ויקטוריה,Unknown,0.00,יחידה,false,,7.90,0.0000,true,1,171882
7290017445236,false,מגרדת גדולה ויקטוריה,,,מגרדת גדולה ויקטוריה,Unknown,0.00,יחידה,false,,9.90,0.0000,true,1,171891
7290017445281,false,פינצטה מוזהבת אלכסונ,,,פינצטה מוזהבת אלכסונ,Unknown,0.00,יחידה,false,,11.90,0.0000,true,1,171873
7290017445298,false,פינצטה ישרה שחורה וי,,,פינצטה ישרה שחורה וי,Unknown,0.00,יחידה,false,,11.90,0.0000,true,1,171874
7290017445335,false,פינצטה רחבה ויקטוריה,,,פינצטה רחבה ויקטוריה,Unknown,0.00,יחידה,false,,14.90,0.0000,true,1,171878
7290017445342,false,פינצטה עם חריטה ויק,,,פינצטה עם חריטה ויק,Unknown,0.00,יחידה,false,,14.90,0.0000,true,1,172086
7290017445441,false,אבן בימס ויקטוריה,,,אבן בימס ויקטוריה,Unknown,0.00,יחידה,false,,9.90,0.0000,true,1,171887
7290017457574,false,כדוריות סבון נתלה לאסלה בניחוח פרחים - 3 יח',גורי שיווק בעמ,,סוד שלשות פרחים,Unknown,0.00,יחידה,false,,14.90,0.0000,true,1,190205
7290017457581,false,"סוד מרכך כביסה מרוכז קוקוס 900 מ""ל",גורי שיווק בעמ,,COCONUT WATER סוד מר,מיליליטרים,900.00,"100 מ""ל",false,,11.90,1.3222,true,1,111533
7290017457598,false,"מרכך כביסה סוד מרוכז סאמר בלוסום 900 מ""ל",גורי שיווק בעמ,,SUMMER BLOSSOM סוד מ,מיליליטרים,900.00,"100 מ""ל",false,,11.90,1.3222,true,1,178663
7290017457734,false,"סוד ורוד מרכך כביסה מרוכז20%+בישום 900 מ""ל",גורי שיווק בעמ,,סוד מרכך כביסה מרוכז,מיליליטרים,900.00,"100 מ""ל",false,,11.90,1.3222,true,1,111537
7290017457932,false,סוד מרכך כביסה מרוכז פרש קונטרול כחול,גורי שיווק בעמ,,סוד מרכך כביסה מרוכז,Unknown,0.00,יחידה,false,,11.90,0.0000,true,1,169182
7290017470047,false,כפפות ניילון בקופסא 100 יחי',,,כפפות ניילון בקופסא,Unknown,0.00,יחידה,false,,5.90,0.0000,true,1,152232
7290017470139,false,שיפודים שטוחים 40 ס''מ 40 יח' ר. שמאי,,,ר.שמאי שיפודים שטוחי,Unknown,1.00,יחידה,false,,6.90,6.9000,true,1,165969
7290017470399,false,ר.שמאי מכסים למגשי א,,,ר.שמאי מכסים למגשי א,Unknown,0.00,יחידה,false,,14.90,0.0000,true,1,110506
7290017470436,false,לפתניות קלאסיק לבן שמאי 10 יח',,,ר.שמאי לפתניות קלאסי,Unknown,0.00,יחידה,false,,10.90,0.0000,true,1,152244
7290017470443,false,קעריות אובלי קלאסיק לבן שמאי 10 יח',,,ר.שמאי קעריות אובלי,Unknown,0.00,יחידה,false,,10.90,0.0000,true,1,152245
7290017470498,false,קערה קלאסיק קרם שמאי 3 יח',,,שמאי - שלישיית קערת,Unknown,0.00,יחידה,false,,12.90,0.0000,true,1,152247
7290017470610,false,צלחות קלאסיק ענק לבן שמאי 10 יח',,,צלחות קלאסיקענק 10 י,Unknown,0.00,יחידה,false,,24.90,0.0000,true,1,152253
7290017470627,false,צלחות קלאסיק גדול לבן שמאי 10 יח',,,צלחות קלאסיקגדול 10,Unknown,0.00,יחידה,false,,19.90,0.0000,true,1,152254
7290017470634,false,צלחות קלאסיק קטן לבן שמאי 10 יח',,,צלחות קלאסיקקטן 10 י,Unknown,0.00,יחידה,false,,14.90,0.0000,true,1,152255
7290017470641,false,"מרקיות קלאסיק קרם/לבן/ורוד עתיק 10 יחי' כשל""פ",,,מרקיות קלאסיק10 יח',Unknown,0.00,יחידה,false,,16.90,0.0000,true,1,152256
7290017470689,false,קינוחית רוז שקופה 20 יח' ר. שמאי,,,שמאי - קינוחית רוז 2,Unknown,0.00,יחידה,false,,13.90,0.0000,true,1,152258
7290017470696,false,קינוחית כוכב שקופה 20 יח' ר. שמאי,,,שמאי - קינוחית כוכב,Unknown,0.00,יחידה,false,,13.90,0.0000,true,1,152259
7290017470702,false,מגש מחולק עגול גדול 6 תאים שמאי,,,ר.שמאי מגש מחולק עגו,Unknown,0.00,יחידה,false,,13.90,0.0000,true,1,152260
7290017470719,false,"מגש מחולק עגול קטן 6 חלקים כשלפ עד""ח ר.שמאי",,,ר.שמאי מגש מחולק עגו,Unknown,0.00,יחידה,false,,10.90,0.0000,true,1,152261
7290017470740,false,קערה לאירוח ענק 12' קשיחה ושקופה שמאי,,,ר.שמאי קערה לאירוח ק,Unknown,0.00,יחידה,false,,13.90,0.0000,true,1,152264
7290017470771,false,קערה בועות שקופה בנונית לאירוח,,,קערה בועות9אינץ לאיר,Unknown,0.00,יחידה,false,,8.90,0.0000,true,1,152267
7290017470788,false,קערה בועות 11.5' לאירוח קשיחה ושקופה שמאי,,,קערה בועות11.5אינץ ל,Unknown,0.00,יחידה,false,,13.90,0.0000,true,1,152268
7290017470801,false,כפיות מוכסף 40 י''ח קשיח ר. שמאי,,,כפיות מוכסף ארוז 40י,Unknown,0.00,יחידה,false,,13.90,0.0000,true,1,152270
7290017470818,false,מזלגות מוכסף 40 י''ח קשיח ר. שמאי,,,מזלגות מוכסף ארוז =4,Unknown,0.00,יחידה,false,,13.90,0.0000,true,1,152271
7290017470825,false,סכין מוכסף 40 י''ח קשיח ר. שמאי,,,סכין מוכסף ארוז 40י',Unknown,0.00,יחידה,false,,13.90,0.0000,true,1,152272
7290017513485,false,מחית עגבניות רוסטיקה גרנד איטליה 680 גרם,תה ויסוצקי (ישראל) בעמ,,מחית עגבניות רוסטיקה,גרמים,680.00,100 גרם,false,,13.90,2.0441,true,1,129727
7290017513775,false,פליפז בייגלה מצופה שוקולד חלב מקוויטיס 140 גרם,תה ויסוצקי (ישראל) בעמ,,פליפז בייגלה מצופה ש,גרמים,140.00,100 גרם,false,,8.90,6.3571,true,1,129730
7290017513829,false,תה ירוק לימונית ג'ינג'ר 25 שקיקים בתוספת ויטמין Cּּ+D,תה ויסוצקי (ישראל) בעמ,,תה ירוק לימונית גינג,Unknown,0.00,יחידה,false,,24.90,0.0000,true,1,164109
7290017599250,false,סוכרזית קלאסי 120 גר`שקיות,שטראוס גרופ בע`מ,,סוכרזית קלסי 120 שקי,גרמים,100.00,100 גרם,false,,19.90,19.9000,true,1,198362
7290017599267,false,סוכרלוז 120 שקיות ממתיק שולחני,שטראוס גרופ בע`מ,,סוכריות סוכרלוז 120,גרמים,100.00,100 גרם,false,,29.90,29.9000,true,1,198360
7290017599274,false,סוכרזית סטיוויה 120שקיות 100גרם,שטראוס גרופ בע`מ,,סוכרזית סטיוויה 120,גרמים,120.00,100 גרם,false,,39.90,33.2500,true,1,198363
7290017617046,false,נתחי טונה בשמן זית כתית מעולה רביעיה * 140 ג',דיפלומט מפיצים (1968) בעמ**,,רביעיית טונה ס.קיסט,Unknown,0.00,יחידה,false,,29.90,0.0000,true,1,140767
7290017617084,false,סטארקיסט מיקס טוגו טונה עם שעועית 185 גרם,דיפלומט מפיצים (1968) בעמ**,,סטארקיסט מיקס טוגו ט,גרמים,185.00,100 גרם,false,,14.90,8.0541,true,1,176872
7290017617428,false,סטארקיסט מיקס סלמון עם פסטה ברוטב עגבניות 160 גרם,דיפלומט מפיצים (1968) בעמ**,,סטארקיסט מיקס סלמון,Unknown,0.00,יחידה,false,,14.90,0.0000,true,1,197117
7290017619316,false,גומא אפור גבוה מוסקו מקלות,מוסקו,,גומא אפור גבוה,Unknown,0.00,יחידה,false,,24.90,0.0000,true,1,156635
7290017641102,false,שוקולד פרימיום 70% ללא סוכר בטעם תפוז 100 גרם,כרמית תעשיות ממתקים בעמ,,שוקולד פרימיום אגו ת,גרמים,100.00,100 גרם,false,,8.90,8.9000,true,1,147396
7290017641188,false,קרקר עם שיפון מלא וסלק כרמית 130 גרם,כרמית תעשיות ממתקים בעמ,,חטיף קרקר עם שיפון מ,גרמים,130.00,100 גרם,false,,6.90,5.3077,true,1,147401
7290017641799,false,טופי אצבעות בטעם תפוח כרמית 804 גרם,כרמית תעשיות ממתקים בעמ,,טופי אצבעות בטעם תפ,גרמים,804.00,100 גרם,false,,19.90,2.4751,true,1,147415
7290017641997,false,"שוקולד מריר עם שברי אגוזי לוז פרימיום 70% לל""ס כרמית",כרמית תעשיות ממתקים בעמ,,"שוקולד70% אגו לל""ס ש",גרמים,100.00,100 גרם,false,,8.90,8.9000,true,1,164759
7290017662978,false,דרגו-כבל טייפ סי 1 מ,,,דרגו-כבל טייפ סי 1 מ,Unknown,0.00,יחידה,false,,24.90,0.0000,true,1,185379
7290017663005,false,מטען מהיר 25W,,,מטען מהיר 25W,Unknown,0.00,יחידה,false,,99.90,0.0000,true,1,185260
7290017663012,false,מטען טייפ סי,,,מטען טייפ סי,Unknown,0.00,יחידה,false,,56.90,0.0000,true,1,185258
7290017675008,false,"טחינה גולמית 1 ק""ג שכם היונה",היונה,,טחינה היונה 900 גרם,גרמים,900.00,100 גרם,false,,24.90,2.7667,true,1,127697
7290017675015,false,טחינת היונה המקורית,,,טחינה היונה 450 גרם,גרמים,450.00,100 גרם,false,,12.90,2.8667,true,1,127698
7290017677804,false,"רוטב סויה קיקומן ללא חומרים משמרים 444 מ""ל",דיפלומט מפיצים (1968) בעמ**,,"רוטב סויה 444 מ""ל",מיליליטרים,444.00,"100 מ""ל",false,,19.90,4.4820,true,1,187034
7290017682044,false,סט שירותים דנבר,מ.א ייצור ויבו*מטליות בעמ,,סט שירותים דנבר,Unknown,0.00,יחידה,false,,16.90,0.0000,true,1,163889
7290017682334,false,מטאטא ריץ' + מקל 1.5,,,מטאטא ריץ' + מקל 1.5,Unknown,0.00,יחידה,false,,19.90,0.0000,true,1,157796
7290017682594,false,"שיפוד יקיטורי 18ס""מ 100 יח'",,,"שיפוד יקיטורי 18 ס""מ",Unknown,0.00,יחידה,false,,9.00,0.0000,true,1,160280
7290017682617,false,"מגב 40 ס""מ עם תפס להצמדה סחבה",מ.א.ייצור ויבוא מטליות בעמ,,מגב קלינג CLING עם ת,Unknown,0.00,יחידה,false,,16.90,0.0000,true,1,145138
7290017682624,false,מגב עם תפסן+ מקל( 50 סמ) CLING,מ.א.ייצור ויבוא מטליות בעמ,,מגב קלינג CLING עם ת,Unknown,0.00,יחידה,false,,18.90,0.0000,true,1,145139
7290017682631,false,"מגב קלינג עם תפסן 60ס""מ",מ.א ייצור ויבו*מטליות בעמ,,מגב קלינג CLING עם ת,Unknown,0.00,יחידה,false,,16.90,0.0000,true,1,145140
7290017682655,false,מגב חד להב עם תופסן,,,PVC ONE חד להב עם תו,Unknown,0.00,יחידה,false,,19.90,0.0000,true,1,177408
7290017712239,false,פרמיו שימורי מזון מלא עם עוף לכלב במקרם,שחורי אריה ואנסטסיה,,פרמיו פטה עוף לכלב 1,Unknown,0.00,יחידה,false,,4.90,0.0000,true,1,198655
7290017712260,false,פרמיו פטה סלמון לכלב 150ג',שחורי אריה ואנסטסיה,,פרמיו פטה סלמון לכלב,Unknown,0.00,יחידה,false,,4.90,0.0000,true,1,198656
7290017712277,false,פרמיו שימורי מזון מלא עם כבש במרקם פטה פ,שחורי אריה ואנסטסיה,,פרמיו פטה כבש לכלב 1,Unknown,0.00,יחידה,false,,4.90,0.0000,true,1,198657
7290017712758,false,פרמיו סלמון לחתול,שחורי אריה ואנסטסיה,,פרמיו סלמון 100ג',Unknown,0.00,יחידה,false,,4.90,0.0000,true,1,198659
7290017712864,false,פרמיו מקלות סלמון לכלב,פרמיו Premio,,פרמיו מקלות סלמון 10,Unknown,0.00,יחידה,false,,14.90,0.0000,true,1,198662
7290017715186,false,טורטיה חיטה מלאה תומר 320 גרם,,,טורטיה חיטה מלאה,Unknown,0.00,יחידה,false,,10.90,0.0000,true,1,183713
7290017715261,false,פתיתים אורז 500 גרם,,,פתיתים אורז 500 גרם,גרמים,500.00,100 גרם,false,,3.90,0.7800,true,1,130035
7290017715315,false,זית צלוי על הגריל 740 גר,מסנוי גידה רעהס,,זית צלוי על הגריל 74,גרמים,740.00,100 גרם,false,,23.90,3.2297,true,1,130037
7290017715346,false,זית שחור טאסוס 400 גר`תומר,תומר יבוא ושיווק מוצרי מזון (1,,זית שחור טאסוס 400 ג,גרמים,400.00,100 גרם,false,,14.90,3.7250,true,1,130038
7290017736006,false,מגבת הפלא לניקוי כלל,,,אסותא מגבת הפלא לניק,גרמים,800.00,100 גרם,false,,12.90,1.6125,true,1,111695
7290017744131,false,עגבניות שלמות לא מקו,PRIVAT JOINT,,עגבניות שלמות לא מקו,פריט,1.00,"ק""ג",false,,14.90,14.9000,true,1,157015
7290017744162,false,שימורי דגים שפרוטים מעושנים ברוטב עגבניות 250 גרם,רויאל,,שימורי דגי שפרוטים מ,גרמים,250.00,100 גרם,false,,13.90,5.5600,true,1,159864
7290017746135,false,מארז 10 פיתות ביס כוסמין,מאפיית דוידוביץ ובני,,פיתה ביס כוסמין 50,Unknown,0.00,יחידה,false,,13.90,0.0000,true,1,168036
7290017746197,false,לחמניות המבורגר 6יחידות,מאפיית דוידוביץ ובניו בע,,המבורגר '5 100 גרם,Unknown,0.00,יחידה,false,,19.90,0.0000,true,1,200762
7290017871370,false,פמילי יהלום- סבון ידיים מועשר בשמן אבוקדו לניקוי וטיפוח עור הידיים,המאפיה של הרמן,,יהלום סבון ידיים מעו,Unknown,0.00,יחידה,false,,9.90,0.0000,true,1,159245
7290017871424,false,טוסו חטיף תמרים ובוטנים ללא גלוטן וללא תוספת סוכר,תות תעשיות מזון,,טוסו חטיף תמרים ובוט,Unknown,0.00,יחידה,false,,16.90,0.0000,true,1,138221
7290017871462,false,טוסו חטיף פצפוצי אורז מצופה שוקולד מריר ללא תוספת סוכר,תות תעשיות מזון (2014) ב,,טוסו חטיף פצפוצי אור,Unknown,0.00,יחידה,false,,16.90,0.0000,true,1,138225
7290017871943,false,גרנולה שוקולד קוקוס300ג,"אפקטבעי בע""\מ",,טוסו גרנולה שוקולד ק,גרמים,300.00,100 גרם,false,,19.90,6.6333,true,1,113945
7290017871998,false,פודינג אינסטנט בטעם וניל 30 גר` טוסו,אשבל מזון פונקציונלי בע\,,טוסו פודינג אניטנס ב,Unknown,0.00,יחידה,false,,10.90,0.0000,true,1,161616
7290017872063,false,אל סבון ארומתרפי מארז שלישייה 500 מל פמ,אברנסל קוסמטיקס,,פמלי אל סבון ארומתרפ,Unknown,3.00,יחידה,false,,15.90,5.3000,true,1,161822
7290017872070,false,מארז מגבונים לחים בניחוח מרענן פרש וואנס שלישייה,"ווטנפס בע""\מn\",,פרשוואנס מגבונים מאר,Unknown,0.00,יחידה,false,,11.90,0.0000,true,1,161533
7290017872162,false,טוסו - עוגיות אגוזי לוז ללא סוכר 200 גרם,"הגביע מוצרי וופלים בע""\מ",,טוסו עוגיות אגוזי לו,גרמים,200.00,100 גרם,false,,19.90,9.9500,true,1,161539
7290017872179,false,טוסו - עוגיות טחינה ללא סוכר 200 גרם,"הגביע מוצרי וופלים בע""\מ",,טוסו עוגיות טחינה 20,גרמים,200.00,100 גרם,false,,19.90,9.9500,true,1,161540
7290017872186,false,טוסו - עוגיות פקאן ללא סוכר 200 גרם,"הגביע מוצרי וופלים בע""\מ",,טוסו עוגיות פקאן 200,גרמים,200.00,100 גרם,false,,19.90,9.9500,true,1,161541
7290017872193,false,טוסו עוגיות שקדים וקינמון ללא סוכר 200 גרם,"הגביע מוצרי וופלים בע""\מ",,טוסו עוגיות שקדים וק,גרמים,200.00,100 גרם,false,,19.90,9.9500,true,1,161542
7290017872278,false,טוסו חטיף קראנצ'י בטעם בוטנים וחלווה 105 גר',תות ממתקי איכות,,טוסו חטיף קראנצ' בטע,Unknown,0.00,יחידה,false,,16.90,0.0000,true,1,161513
7290017872650,false,"פמלי יהלום-סבון ידיים עם שמן לבנדר 500 מ""ל",המאפיה של הרמן,,יהלום סבון ידיים מעו,Unknown,0.00,יחידה,false,,9.90,0.0000,true,1,167551
7290017873183,false,"סבון ידיים בניחות אשכולית אדומה 500 מ""ל יהלום",דנשר (1963) בעמ,,תחליב רחצה לניקוי וט,Unknown,0.00,יחידה,false,,9.90,0.0000,true,1,189376
7290017884455,false,"אריאל כשל""פ- ג'חנון600 גר'",מאפיית אריאל בעמ,,ג'חנון 600 גרם,גרמים,600.00,100 גרם,false,,21.90,3.6500,true,1,158887
7290017884462,false,"אריאל כשל""פ- ריבועי בצק עלים 450 גר'",מאפיית אריאל בעמ,,ריבועי בצק עלים אריא,גרמים,450.00,100 גרם,false,,17.90,3.9778,true,1,175403
7290017888071,false,"שוופס מוגז עדין פירות יער 330 מ""ל פחית",יפאורה שותפות מוגבלת לשיווק,,שוופס מוגז פרות יער,מיליליטרים,330.00,"100 מ""ל",false,,7.00,2.1212,true,1,201393
7290017888095,false,"רביעיית פחיות שוופס מוגז עדין פירות יער 330 מ""ל.",יפאורה שותפות מוגבלת לשיווק,,רביעיית פחיות שוופס,Unknown,4.00,יחידה,false,,13.90,3.4750,true,1,173929
7290017888101,false,"שוויפס מוגז עדין אפרסק מארז רביעייה* 330 מ""ל",יפאורה שותפות מוגבלת לשיווק,,רביעיית פחיות שוופס,Unknown,4.00,יחידה,false,,13.90,3.4750,true,1,173930
7290017888347,false,מי עדן פקק ספורטאים 500,"מי עדן בע""מ",,מי עדן ספורט בקבוק ב,מיליליטרים,500.00,"100 מ""ל",false,,5.00,1.0000,true,1,158605
7290017888354,false,מים מינרליים בקבוק ס,יפאורה שותפות מוגבלת לשיווק,,"מי עדן 750 מ""ל",מיליליטרים,750.00,"100 מ""ל",false,,5.00,0.6667,true,1,186183
7290017888361,false,"מי עדן בייבי 250 מ""ל","מי עדן בע""מ",,"מי עדן בייבי 250 מ""ל",מיליליטרים,250.00,"100 מ""ל",false,,3.90,1.5600,true,1,185421
7290017888644,false,"משקה אננס בננה כורכום פרות & ווג 350 מ""ל",יפאורה שותפות מוגבלת לשיווק,,פרוט & ווג' כורכום א,מיליליטרים,350.00,"100 מ""ל",false,,7.00,2.0000,true,1,159222
7290017913094,false,אסותא נוזל רצפות סגול 4 ליטר,עיסא ערטול בעמ,,אסותא נוזל לרצפות סג,קילוגרמים,4.00,ליטר,false,,14.90,3.7250,true,1,125963
7290017913100,false,אסותא נוזל רצפות ירוק 4 ליטר,עיסא ערטול בעמ,,אסותא נוזל לרצפות יר,קילוגרמים,4.00,ליטר,false,,14.90,3.7250,true,1,125964
7290017913131,false,אסותא מרכך כביסה 4 ליטר(כביסה שחורה),עיסא ערטול בעמ,,אסותא מרכך כביסה 4 ל,קילוגרמים,4.00,ליטר,false,,14.90,3.7250,true,1,125967
7290017913162,false,אסותא מרכך כביסה 4 ליטר(כחול),עיסא ערטול בעמ,,אסותא מרכך כביסה 4 ל,קילוגרמים,4.00,ליטר,false,,14.90,3.7250,true,1,125970
7290017913179,false,אסותא מרכך כביסה 4 ליטר(ורוד),עיסא ערטול בעמ,,אסותא מרכך כביסה 4 ל,קילוגרמים,4.00,ליטר,false,,14.90,3.7250,true,1,125971
7290017913490,false,סבון מוצק ורדים אסות,,,אסותא סבון מוצק *4 ו,Unknown,0.00,יחידה,false,,10.90,0.0000,true,1,169245
7290017913513,false,סבון מוצק שחור אסותא,,,אסותא סבון מוצק *4 ש,Unknown,0.00,יחידה,false,,10.90,0.0000,true,1,169246
7290017913520,false,סבון מוצק לבנדר אסות,,,אסותא סבון מוצק *4 ל,Unknown,0.00,יחידה,false,,10.90,0.0000,true,1,169247
7290017913995,false,הום נוזל רצפות 2 ליט,,,הום נוזל רצפות 2 ליט,קילוגרמים,2.00,ליטר,false,,12.90,6.4500,true,1,201128
7290017917283,false,מגבונים מילוי קמיל בלו ללא בישום רביעייה,"פישר תעשיות פרמצביטות בע""מ",,רביעיית מגבוני קמיל,Unknown,0.00,יחידה,false,,19.90,0.0000,true,1,136995
7290017917382,false,אל סבון היגייני לניקוי יסודי ולהרגע העור clean & calm,"פישר תעשיות פרמבצטיות בע""מ",,קמיל אל סבון נוזלי ל,קילוגרמים,1.00,ליטר,false,,16.90,16.9000,true,1,136997
7290017917450,false,קמיל בלו סנסיטיב אל סבון ושמפו לתינוק קמומיל ואלוורה,"פישר תעשיות פרמצביטות בע""מ",,קמיל בלו סנסיטיב אל,קילוגרמים,1.00,ליטר,false,,34.90,34.9000,true,1,137001
7290017917467,false,קמיל בלו סנסטי בשיבולת שועל אל סבון טיפולי לתינוק,"פישר תעשיות פרמצביטות בע""מ",,קמיל בלו אל סבון שיב,קילוגרמים,1.00,ליטר,false,,34.90,34.9000,true,1,137002
7290017917634,false,קמיל בלו סנס.שמפו ללא דמעות 750 מל א.זוג,פישר תעשיות פרמבצטיות בעמ,,שרינק זוג ק.ב.ס אל ד,Unknown,0.00,יחידה,false,,29.90,0.0000,true,1,137006
7290017917665,false,קמיל בלו סנסיטיב אל סבון עדין לתינוק,פישר תעשיות פרמבצטיות בעמ,,ק.ב.סנסיטיב אל סבון,Unknown,0.00,יחידה,false,,29.90,0.0000,true,1,137007
7290017928012,false,מאיר בייגל - בייגלה גדול מלח 250 גרם,מאיר בייגל,,בייגלה גדול מלח 250,גרמים,250.00,100 גרם,false,,5.90,2.3600,true,1,172230
7290017928036,false,מקלות גריסיני שומשום מאיר בייגל 175 גרם,מאיר את בייגל,,מאיר בייגל מקלות גרי,גרמים,175.00,100 גרם,false,,11.90,6.8000,true,1,140770
7290017928043,false,מקלות גריסיני קראנץ' מלח מאיר בייגל 175 גרם,מאיר את בייגל,,מאיר בייגל גריסיני ק,גרמים,175.00,100 גרם,false,,11.90,6.8000,true,1,140771
7290017928074,false,שטוחלה מלח מאיר בייגל אריזה שקופה 250 גרם,דנשר (1963) בעמ,,בייגלה שטוחלה מלח 25,גרמים,250.00,100 גרם,false,,5.90,2.3600,true,1,172235
7290017928227,false,"בייגלה שטוח'לה פינוקים שומשום, קצח, שום ובצל",מאיר את בייגל,,מאיר בייגל שטוחלה פי,גרמים,300.00,100 גרם,false,,11.90,3.9667,true,1,140774
7290017928432,false,מקלות גריסיני קראנץ' פרג מאיר בייגל 175 גרם,מאיר את בייגל,,מאיר בייגל גריסיני ק,גרמים,175.00,100 גרם,false,,11.90,6.8000,true,1,140779
7290017928449,false,בייגלה שטוחלה פרו מלח 170 גר`מאיר בייגל,מאיר את בייגל,,מאיר בייגל שטוחלה פר,גרמים,170.00,100 גרם,false,,11.90,7.0000,true,1,140780
7290017928463,false,מאיר בייגל -סמאש-שבורים בטעם דבש חרדל ובצל 300 גרם,דנשר (1963) בעמ,,סמאש- שבורים בטעם דב,גרמים,300.00,100 גרם,false,,13.90,4.6333,true,1,172201
7290017928524,false,מאיר בייגל בייגלה שטוח ניגובים מלח 330גר,מאיר את בייגל,,בייגלה שטוח ניגובים,גרמים,330.00,100 גרם,false,,11.90,3.6061,true,1,187661
7290017928630,false,מקלות גריסיני קראנץ' פינוקים מאיר בייגל 175 גרם,מאיר את בייגל,,מאיר בייגל גריסיני ק,גרמים,175.00,100 גרם,false,,11.90,6.8000,true,1,140783
7290017928661,false,מאיר בייגל -סמאש-שבורים בטעם צ'דר 300 גרם,"דנשר (1963) בע,מ",,סמאש- שבורים בטעם צ',גרמים,300.00,100 גרם,false,,13.90,4.6333,true,1,172202
7290017928722,false,בייגלה שטוח ניגובים שומשום 300 ג' מאיר בייגל,מאיר את בייגל,,בייגלה שטוח ניגובים,גרמים,300.00,100 גרם,false,,11.90,3.9667,true,1,187662
7290017928807,false,בייגלה אצבעות שומשום מאיר בייגל 300 גרם,מאיר את בייגל,,מאיר בייגל אצבעות שו,גרמים,300.00,100 גרם,false,,11.90,3.9667,true,1,140785
7290017928821,false,מקלות גריסיני קלאסי מאיר בייגל 200 גרם,מאיר את בייגל,,מאיר בייגל מקלות גרי,גרמים,200.00,100 גרם,false,,11.90,5.9500,true,1,140787
7290017932781,false,גל כביסה אסותא 5ליטר,טרופיקל דגיל,,אסותא גל כביסה כחול,קילוגרמים,5.00,ליטר,false,,38.90,7.7800,true,1,125972
7290017946368,false,שלישיית כדוריות סבון לאסלה אוקיינוס סוד 50 גרם,גורי שיווק בעמ,,סוד כדריות לאסלה P.A,Unknown,0.00,יחידה,false,,14.90,0.0000,true,1,167569
7290017947105,false,לחם אנג'ל בסגנון אמריקה 500 גרם,מאפיית שלמה א. אנג'\ל בע,,לחם אמריקה,Unknown,0.00,יחידה,false,,14.90,0.0000,true,1,157673
7290017947495,false,לחמניות כוסמין 6 יח(450 גר`)אנג`ל,מאפיית שלמה א.אנג'\ל,,לחמניות כוסמין שישיי,Unknown,0.00,יחידה,false,,15.90,0.0000,true,1,168365
7290017947891,false,לחם אנג'ל כוסמין וחיטה מלאה 750 גרם,מאפיית שלמה א. אנג'\ל בע,,לחם כוסמין וחיטה מלא,Unknown,0.00,יחידה,false,,16.90,0.0000,true,1,157674
7290017947921,false,לחמניות המבורגר בסגנון אמריקאי מארז 6 יח',מאפיית שלמה א. אנג'\ל בע,,6 המבורגר בשקית,Unknown,0.00,יחידה,false,,14.90,0.0000,true,1,157675
7290017969145,false,מפה נצמדת עם גומי היקפי 180X75 מעורב דגמים ר. שמאי,,,שמאי - מפה נצמדת עם,Unknown,0.00,יחידה,false,,15.90,0.0000,true,1,178559
7290017969169,false,"צלחות ענק 10=מתכלות=20 יח' קנה סוכר עד""ח",,,שמאי - צלחות ענק מתכ,Unknown,0.00,יחידה,false,,17.90,0.0000,true,1,152279
7290017969176,false,"צלחות גדול 9=מתכלות=20 יח' קנה סוכר עד""ח",,,ר.שמאי צלחות גדולות,Unknown,0.00,יחידה,false,,11.90,0.0000,true,1,152280
7290017969190,false,"מרקיות 7=מתכלות=20 יח' קנה סוכר עד""ח",,,ר.שמאי מרקיות 7 מתכל,Unknown,0.00,יחידה,false,,9.90,0.0000,true,1,152282
7290017969312,false,שיפודי במבוק עבים 80 יח',,,שיפודי במבוק עבים במ,Unknown,0.00,יחידה,false,,3.90,0.0000,true,1,165971
7290017969787,false,"צלחות גדולות 1 ק""ג כשל""פ עד""ח",,,ר.שמאי צלחות קילו 66,Unknown,0.00,יחידה,false,,39.90,0.0000,true,1,110520
7290017969817,false,"כוסות 300 מ""ל דרינק ארוז 10 יחי' ר. שמאי",,,כוסות לונג קשיחות אר,Unknown,0.00,יחידה,false,,8.90,0.0000,true,1,110512
7290017969824,false,"גביעי יין קטנים מוכספים 100 מ""ל",,,שמאי - גביעי יין קטנ,Unknown,0.00,יחידה,false,,14.90,0.0000,true,1,156803
7290017969831,false,"גביעי יין גדולים מוכספים 200 מ""ל",,,שמאי - גביעי יין גדו,Unknown,0.00,יחידה,false,,24.90,0.0000,true,1,156804
7290017969862,false,שישיית נייר מגבת מטבח סופטנס שמאי,,,סופטנס נייר מגבת שיש,Unknown,0.00,יחידה,false,,11.90,0.0000,true,1,178560
7290017969893,false,רביעיית מגבונים לחים סוויטי עבים במיוחד 64 יח' ר. שמאי,,,מגבונים לחים סוויטי,Unknown,0.00,יחידה,false,,12.90,0.0000,true,1,160605
7290017969930,false,צלחות ענקיות צבעוני דגם רויאל 12 יח' ר. שמאי,,,שמאי - צלחות ענק 'רו,Unknown,0.00,יחידה,false,,13.90,0.0000,true,1,162028
7290017969954,false,מרקיות צבעוני דגם רויאל 12 יח' ר. שמאי,,,שמאי - מרקיות בצבעים,Unknown,0.00,יחידה,false,,6.90,0.0000,true,1,162034
7290017969978,false,כוסות מרוקאיות קרם 40 יח' 1-2 ר. שמאי,,,שמאי כוסות מרוקאיות,Unknown,0.00,יחידה,false,,9.90,0.0000,true,1,181374
7290017973975,false,רצועות קלמרי מיובש ומומלח עם פלפל צילי,,,רצועות קלמר מיובש ומ,Unknown,0.00,יחידה,false,,13.90,0.0000,true,1,189075
7290017973999,false,פרוסות דג שיבוט אלבין מיובש ומומלח 100 ג,,,פרוסות דג שיבוט אלבי,Unknown,0.00,יחידה,false,,13.90,0.0000,true,1,189077
7290017978215,false,קרמבו מוקה 16 יחידות(ריאו).,ריאו נתניה ביחר לגלידה וממתקים,,קרמבו מוקה 16 יח' מו,Unknown,0.00,יחידה,false,,22.90,0.0000,true,1,164714
7290017978413,false,חמישיית סופרי מנגו,,,חמישיית סופרי מנגו,Unknown,0.00,יחידה,false,,29.90,0.0000,true,1,170150
7290018043295,false,חטיף חלבון טעם ונילה קראנץ 60ג,דיפלומט מפיצים (1968) בעמ**,,פראוד חטיף חלבון בטע,Unknown,0.00,יחידה,false,,13.90,0.0000,true,1,186543
7290018045084,false,דגני בוקר בון בון במילוי קרם בטעם בראוני,ר.ב. מוצרי דגנים בעמ,,דגנים BON&BON דגנים,גרמים,480.00,100 גרם,false,,22.90,4.7708,true,1,190061
7290018045497,false,דגני בוקר בון בון במילוי קרם שוקולד 480,ר.ב. מוצרי דגנים בעמ,,דגנים BON&BON דגנים,גרמים,480.00,100 גרם,false,,22.90,4.7708,true,1,190058
7290018045695,false,דגני בוקר בון בון במילוי קרם בטעם קרמל מ,ר.ב. מוצרי דגנים בעמ,,דגנים BON&BON דגנים,גרמים,480.00,100 גרם,false,,22.90,4.7708,true,1,190059
7290018045893,false,דגני בוקר בון בון במילוי קרם נוגט 480 גר,ר.ב. מוצרי דגנים בעמ,,דגנים BON&BON דגנים,גרמים,480.00,100 גרם,false,,22.90,4.7708,true,1,190057
7290018071205,false,כפפות ניטרו V כחולות אלסטיות S ללא אבקה 100 יחידות,אינטרסן (1996) בעמ,,איזי טאץ' כפפות ניטר,Unknown,0.00,יחידה,false,,22.90,0.0000,true,1,180917
7290018071212,false,כפפות ניטרו V כחולות אלסטיות M ללא אבקה 100 יחידות,אינטרסן (1996) בעמ,,איזי טאץ' כפפות ניטר,Unknown,0.00,יחידה,false,,22.90,0.0000,true,1,180918
7290018071229,false,כפפות ניטרו V כחולות אלסטיות L ללא אבקה 100 יחידות,אינטרסן (1996) בעמ,,איזי טאץ ' כפפות ניט,Unknown,0.00,יחידה,false,,22.90,0.0000,true,1,180920
7290018071236,false,כפפות ניטרו V כחולות אלסטיות XL ללא אבקה 100 יחידות,אינטרסן (1996) בעמ,,איזי טאץ' כפפות ניטר,Unknown,0.00,יחידה,false,,22.90,0.0000,true,1,180921
7290018071519,false,פלסטר ג'ל למניעת שלפוחיות 5 יח',אינטרסן (1996) בעמ,,פלסטר ג'ל למניעת שלפ,Unknown,5.00,יחידה,false,,24.90,4.9800,true,1,198630
7290018071526,false,פלסטר נייר בגליל 9.10מטר,אינטרסן (1996) בעמ,,פלסטר נייר בגליל 9.1,Unknown,0.00,יחידה,false,,9.90,0.0000,true,1,198631
7290018071571,false,פדים אובליים להסרת איפור 40 יח',אינטרסן (1996) בעמ,,פדים אובליים להסרת א,Unknown,40.00,יחידה,false,,7.90,0.1975,true,1,200312
7290018080306,false,"שמן שקדים ללידה 125 מ""ל",מאמי קר,,שמן שקדים ללידה - 12,Unknown,0.00,יחידה,false,,69.90,0.0000,true,1,196722
7290018091074,false,בצק עוגיות שוקולד צ'יפס 300 גרם מעדנות,תנובה מרכז שיתופי לשיווק תוצרת,,בצק עוגיות שוקולד צ',גרמים,300.00,100 גרם,false,,16.90,5.6333,true,1,198479
7290018091234,false,פיצה מקסיקנית 270 גר מעדנות,תנובה קפואים,,פיצה מקסיקנית 260 גר,גרמים,260.00,100 גרם,false,,13.90,5.3462,true,1,166643
7290018091821,false,פיצה נפוליטנה מעדנות 200 גרם,תנובה ענף ב.ע.ד,,פיצה נפוליטנה 200 גר,גרמים,200.00,100 גרם,false,,13.90,6.9500,true,1,166644
7290018131756,false,מאגדת שלגון וניל מצופה תות נסטלה 440 גרם,נגה גלידות שותפות מוגבלת,,נסטלה וניל מצופה תות,Unknown,0.00,יחידה,false,,25.90,0.0000,true,1,174135
7290018131831,false,נסטלה מאגדת שלגון מילקה וניל חדש8 4*66ג,נגה גלידות שותפות מוגבלת,,מאגדת שלגון מילקה ונ,Unknown,0.00,יחידה,false,,31.90,0.0000,true,1,174136
7290018131879,false,אקסטרים טילון חלב בדצ מאגדת 6*72 גרם נסטלה,נגה גלידות שותפות מוגבלת,,אקסטרים ריבת חלב 6 י,Unknown,0.00,יחידה,false,,29.90,0.0000,true,1,174138
7290018131954,false,מאגדת לה פרוטה תות שוקולד נסטלה 350 גרם,נגה גלידות שותפות מוגבלת,,לה פרוטה מאגדת שוקול,Unknown,0.00,יחידה,false,,27.90,0.0000,true,1,174141
7290018156124,false,"אל סבון קמיל צבעוני ד""ר פישר שלישיה* 500 מ""ל","פישר תעשיות פרמצביטות בע""מ",,אל סבון קמיל שלישייה,Unknown,0.00,יחידה,false,,19.90,0.0000,true,1,111521
7290018192023,false,מקלות סלרי ארוז יח',קונס`-מרינה פטריות הגליל בעמ*ש,,גבעולי סלרי טריים,Unknown,0.00,יחידה,false,,4.90,0.0000,true,1,170347
7290018192658,false,מארז זוג פטריות פורטובלה ושמפיניון מרינה,קונס`-מרינה פטריות הגליל בעמ*ש,,צמד חמד איטלקי,Unknown,0.00,יחידה,false,,15.90,0.0000,true,1,168786
7290018198056,false,תפוגן קוביות תפוחי אדמה 9*1.5קג,קבוצת אוסם סחר שותפות מוגבלת,,תפוגן קוביות תפוחי א,פריט,1.50,"ק""ג",false,,24.90,16.6000,true,1,159728
7290018198148,false,"תפוגן קריספי צ'יפס קלאסי 1.25 ק""ג",קבוצת אוסם סחר-שות.מוגבלת,,תפוגן קריספי צ'יפס ק,פריט,1.25,"ק""ג",false,,24.90,19.9200,true,1,174970
7290018198254,false,"תפוגן קריספי צ'יפס פוטטוס 1.25 ק""ג",קבוצת אוסם סחר שותפות מוגבלת,,תפוגן קריספי צ'יפס פ,פריט,1.25,"ק""ג",false,,24.90,19.9200,true,1,174971
7290018204108,false,כוסות קרטון 16 איכותי 25 י'ח ר. שמאי,,,כוסות קרטון ענק 25 י,Unknown,0.00,יחידה,false,,14.90,0.0000,true,1,165441
7290018204160,false,צלחות גדול קלאסיק שמאי לבן למיקרוגל 100 יח',,,ר. שמאי צלחות גדול צ,Unknown,0.00,יחידה,false,,39.90,0.0000,true,1,162027
7290018204177,false,"צלחות קטן CLASSIC צבעוני 100 יח' למיקרוגל ר. שמאי כשל""פ עד""ח",,,שמאי - צלחות קטן Cla,Unknown,0.00,יחידה,false,,29.90,0.0000,true,1,162029
7290018204221,false,מפיות לבן אחת שתיים שמאי 150 יח',,,מפיות 150 יחידות לב,Unknown,0.00,יחידה,false,,6.90,0.0000,true,1,172418
7290018204283,false,כוסות יהלום בורדו / נחושת 40 ר. שמאי,,,כוסות יהלום 40 יח',Unknown,0.00,יחידה,false,,9.90,0.0000,true,1,165450
7290018204320,false,כף הגשה קלאסיק צבעוני בודד ר. שמאי,,,כף הגשה קלאסיק,Unknown,0.00,יחידה,false,,1.90,0.0000,true,1,165413
7290018204337,false,מזלגות קלאסיק צבעוני 20 יח' ר. שמאי,,,מזלגות מיני קלאסיק 2,Unknown,0.00,יחידה,false,,5.90,0.0000,true,1,165437
7290018204344,false,כפיות קלאסיק מיני צבעוני 20 יח' ר. שמאי,,,שמאי - כפיות קלאסיק,Unknown,0.00,יחידה,false,,5.90,0.0000,true,1,165438
7290018204368,false,קינוחיות רוטב שקופה 10 יח',,,שמאי - קינוחית רוטב,Unknown,0.00,יחידה,false,,13.90,0.0000,true,1,165440
7290018204429,false,קעריות אובלי מתכלות שמאי 20 יח',,,שמאי -קעריות אובלי מ,Unknown,0.00,יחידה,false,,7.90,0.0000,true,1,171764
7290018204504,false,מפה פלנל חתוך לבן/כסף 1.37X2.74 מ' שמאי,,,שמאי -מפה פלנל חתוך,Unknown,0.00,יחידה,false,,6.90,0.0000,true,1,171765
7290018204511,false,מגש לאירוח מלבני ענק 12 אינץ ר. שמאי,,,שמאי -מגש לאירוח מלב,Unknown,0.00,יחידה,false,,14.90,0.0000,true,1,171762
7290018204542,false,"שיפודים במבוק עבים במיוחד 25ס""מ 5 מ""מ 80 יח'",,,שמאי -שיפודים במבוק,Unknown,0.00,יחידה,false,,4.90,0.0000,true,1,171749
7290018204559,false,שמאי -שיפודים -שטיחי,,,שמאי -שיפודים -שטיחי,Unknown,0.00,יחידה,false,,5.90,0.0000,true,1,187162
7290018204573,false,מנג'טים לאפיה צבעוניים 1.5 100 יח' PVC ר. שמאי,,,שמאי מנג'טים לאפיה צ,Unknown,0.00,יחידה,false,,4.90,0.0000,true,1,182817
7290018204580,false,מנג'טים לאפיה צבעוניים 2 100 יח' PVC ר. שמאי,,,שמאי מנג'טים לאפיה צ,Unknown,0.00,יחידה,false,,5.90,0.0000,true,1,182818
7290018204597,false,מנג'טים לאפיה צבעוניים 3 100 יח' PVC ר. שמאי,,,שמאי מנג'טים לאפיה צ,Unknown,0.00,יחידה,false,,6.90,0.0000,true,1,182819
7290018204610,false,מנג'טים לאפיה צבעוניים מס' 5 שמאי 100 יח',,,שמאי מנג'טים לאפיה צ,Unknown,0.00,יחידה,false,,8.90,0.0000,true,1,182821
7290018204689,false,נייר אפיה בקופסא נשלף אחד אחד שמאי 100 יח',,,שמאי - נייר אפיה בק,Unknown,0.00,יחידה,false,,18.90,0.0000,true,1,171743
7290018204764,false,"מגשיות פרימיום לב שחור זהב + מכסה 10+10 יח' 100 מ""ל עד""ח ר. שמאי",,,שמאי- מגשיות פרימיום,Unknown,0.00,יחידה,false,,14.90,0.0000,true,1,171751
7290018204993,false,"שיפודים 25 ס""מ 90 יח",,,"שיפודים 25 ס""מ 90 יח",Unknown,0.00,יחידה,false,,2.90,0.0000,true,1,164649
7290018213100,false,דלי מגבונים לניקוי כללי שייני focus,,,שייני מגבונים לניקוי,מיליליטרים,400.00,"100 מ""ל",false,,19.90,4.9750,true,1,161008
7290018213186,false,נייר אפייה שייני 50 יחידות,מ.א.ייצור ויבוא מטליות בעמ,,שייני נייר אפיה 50 י,Unknown,0.00,יחידה,false,,7.90,0.0000,true,1,170045
7290018213216,false,סט שירותים אורבן שחור,ד.ג.ש ייבוא ושיווק בעמ,,סט שירותים אורבן,Unknown,0.00,יחידה,false,,10.00,0.0000,true,1,160254
7290018213247,false,מטליות לחות לריצפה שייני 10יחידות,מ.א,,מטליות לחות לרצפה בנ,Unknown,0.00,יחידה,false,,9.90,0.0000,true,1,163739
7290018213704,false,"סבון ידיים נוזלי GOLD SHINY 500 מ""ל",,,סבון ידיים נוזלי גול,Unknown,0.00,יחידה,false,,9.90,0.0000,true,1,181574
7290018213728,false,"סבון ידיים נוזלי שחור 500 מ""ל Shiny",,,סבון ידיים נוזלי שחו,Unknown,0.00,יחידה,false,,9.90,0.0000,true,1,181576
7290018213865,false,כפפות חד פעמי שחורות,,,שייני כפפות TPE XL,Unknown,0.00,יחידה,false,,14.90,0.0000,true,1,185376
7290018219348,false,תערובת מלח ושום במטחנה 100 ג' זארובי,,,תערובת מלח ושום במטח,Unknown,0.00,יחידה,false,,12.90,0.0000,true,1,186958
7290018219553,false,מארז חגיגי סוכריות גומי 900 ג' זארובי,זארובי,,מארז חגיגי סוכריות ג,גרמים,900.00,100 גרם,false,,39.90,4.4333,true,1,186964
7290018219669,false,בורגול דק 800 גרם,,,בורגול דק 800 גרם,Unknown,0.00,יחידה,false,,9.90,0.0000,true,1,186970
7290018219676,false,פופקורן 800 גרם,,,פופקורן 800 גרם,Unknown,0.00,יחידה,false,,13.90,0.0000,true,1,186971
7290018219713,false,כוסמת 750 גרם,,,כוסמת 750 גרם,Unknown,0.00,יחידה,false,,11.90,0.0000,true,1,186975
7290018219737,false,עדשים ירוקות 750 גרם,,,עדשים ירוקות 750 גרם,Unknown,0.00,יחידה,false,,11.90,0.0000,true,1,186977
7290018219744,false,פריקה 700 גרם,,,פריקה 700 גרם,Unknown,0.00,יחידה,false,,19.90,0.0000,true,1,186978
7290018219904,false,חיטה 800 גרם,,,חיטה 800 גרם,Unknown,0.00,יחידה,false,,11.90,0.0000,true,1,186983
7290018219911,false,חומוס הדס 800 גרם,,,חומוס הדס 800 גרם,Unknown,0.00,יחידה,false,,12.90,0.0000,true,1,186984
7290018225219,false,קומקום זכוכית נשלף פ,,,"קומקום זכוכית נשלף """,Unknown,0.00,יחידה,false,,69.90,0.0000,true,1,184691
7290018225295,false,תנור חימום קליפסו לת,,,תנור חימום קליפסו לת,Unknown,0.00,יחידה,false,,269.90,0.0000,true,1,188152
7290018225509,false,תאורה נטענת ארוכה –,,,תאורה נטענת ארוכה –,Unknown,0.00,יחידה,false,,109.90,0.0000,true,1,188021
7290018225851,false,"מסחטת הדרים חשמלית """,,,"מסחטת הדרים חשמלית """,Unknown,0.00,יחידה,false,,59.90,0.0000,true,1,184716
7290018228586,false,מפיץ ריח באמצעות מקל,,,מפיץ ריח מיוחד,Unknown,0.00,יחידה,false,,29.90,0.0000,true,1,189902
7290018237755,false,"שניצל עוף בציפוי שומשום ייעודי 1 ק""ג עוף טוב",,,עוף טוב שניצל עוף בצ,Unknown,0.00,יחידה,false,,32.90,0.0000,true,1,194102
7290018237922,false,שניצלונים ציפוי צ'יפס עוף טוב 700 גרם,קבוצת אוסם סחר שותפות מוגבלת,,שניצלוני צ'יפס 700 ג,גרמים,700.00,100 גרם,false,,20.00,2.8571,true,1,197044
7290018237939,false,שניצלונים ציפוי שומשום עוף טוב 700 גרם,קבוצת אוסם סחר שותפות מוגבלת,,שניצלונים שומשום 700,גרמים,700.00,100 גרם,false,,20.00,2.8571,true,1,197045
7290018249055,false,"סוויטנגו כמו סוכר באריזה אישי, 300 גרם",אבאל יזמות בעמ,,SWRRTANGO אריזת 100,גרמים,300.00,100 גרם,false,,32.90,10.9667,true,1,178590
7290018249123,false,אינסטנט פודינג סוויטאנגו בטעם וניל,י.איטליאנו אחזקות בעמ,,SWRRTANGO אינסטנט פו,Unknown,0.00,יחידה,false,,11.90,0.0000,true,1,172496
7290018249222,false,סוויטנגו אבקת ממתיק 100 גרם,מתבל תעשיות מזון,,אבקת סוכר 100 גרם,Unknown,0.00,יחידה,false,,14.90,0.0000,true,1,178591
7290018249444,false,אבקת ממתיק סוכר שוקו סוויטאנגו 400 גר,מתבל תעשיות מזון,,סוויטאנגו שוקו אבקה,גרמים,400.00,100 גרם,false,,39.90,9.9750,true,1,183540
7290018249802,false,ממתיק סוויטאנגו צנצנת 280 גרם,י.איטליאנו אחזקות בעמ,,SWRRTANGO אריזת צנצנ,גרמים,280.00,100 גרם,false,,26.90,9.6071,true,1,178594
7290018254684,false,פסקוביץ תחתיות ארטיש,,,פסקוביץ תחתיות ארטיש,פריט,1.00,"ק""ג",false,,16.90,16.9000,true,1,196293
7290018282267,false,noya baby מגבונים לח,,,noya baby מגבונים לח,Unknown,0.00,יחידה,false,,19.90,0.0000,true,1,166293
7290018333006,false,"שוקולד מריר עם שברי שקדים פרימיום 70% לל""ס כרמית","כרמית תעשיות ממתקים בע""\",,"שוקולד70% אגו לל""ס ע",גרמים,100.00,100 גרם,false,,8.90,8.9000,true,1,164760
7290018333242,false,אריזת טופי אצבעות מיקס פירות 40 גרם כרמית,כרמית תעשיות ממתקים בעמ,,סוכריות טופי אצבעות,Unknown,0.00,יחידה,false,,1.50,0.0000,true,1,167547
7290018333624,false,גרנולפלקס קשיו פירות יבשים500ג כשלפ בית יוסף,כרמית תעשיות ממתקים בעמ,,גרנולפלקס חלבה ושקד,Unknown,0.00,יחידה,false,,24.90,0.0000,true,1,195857
7290018333952,false,חטיף אגוזים רפאלס וחמוציות בדצ 150 גר *12יח,כרמית תעשיות ממתקים בעמ,,חטיף אגוזים רפאלס וח,גרמים,150.00,100 גרם,false,,14.90,9.9333,true,1,183347
7290018333969,false,חטיף גרנולה רפאלס שקדים וטחינה בדצ 150 גר *12יח,כרמית תעשיות ממתקים בעמ,,חטיף גרנולה רפאלס שק,גרמים,150.00,100 גרם,false,,14.90,9.9333,true,1,183348
7290018333976,false,חטיף גרנולה רפאלס קשיו וקוקוס בדצ 150 גר *12יח,כרמית תעשיות ממתקים בעמ,,חטיף גרנולה רפאלס קש,גרמים,150.00,100 גרם,false,,14.90,9.9333,true,1,183349
7290018359129,false,פולפה עגבניות חתוכות מקולפות דק יכין 690 גרם,אמיליאנה קונסרב,,יכין פולפה עגבניות ח,גרמים,690.00,100 גרם,false,,10.90,1.5797,true,1,170014
7290018359518,false,תירס מהשדה בלי תוספת סוכר יכין מארז 200X3 גר',היינץ צפון אמריקה מק,,יכין תירס בלי תוספת,גרמים,200.00,100 גרם,false,,14.90,7.4500,true,1,170008
7290018359655,false,מארז פטריות חתוכות יכין 200X3 גרם,זנלכל בעמ,,פטריות חתוכות יכין מ,Unknown,0.00,יחידה,false,,11.90,0.0000,true,1,182491
7290018359853,false,עדשים שחורות יכין 400 גרם,"זנלכל בע""מ",,עדשים שחורות יכין מא,גרמים,400.00,100 גרם,false,,6.90,1.7250,true,1,182492
7290018359860,false,רסק עגבניות ליקופן טבעי 2*200גר יכין .,זנלכל בעמ,,רסק עגבניות ליקופן ט,גרמים,400.00,100 גרם,false,,14.90,3.7250,true,1,196386
7290018359877,false,רסק עגבניות ליקופן טבעי 3*200גר יכין.,זנלכל בעמ,,רסק עגבניות טבעי 3*2,גרמים,600.00,100 גרם,false,,14.90,2.4833,true,1,196387
7290018359884,false,פולפה עגבניות ליקופן טבעית 2*400 יכין,זנלכול יכין,,פולפה ליקופן טבעית 2,גרמים,800.00,100 גרם,false,,16.90,2.1125,true,1,196384
7290018359945,false,רוטב עגבניות פיקנטי מפלפלים וירקות יכין 400 גרם,זנלכול יכין,,חאריפה- רוטב פיקנטי,גרמים,400.00,100 גרם,false,,11.90,2.9750,true,1,197465
7290018359952,false,רוטב עגבניות לפסטה יכין 400 גרם,זנלכול יכין,,רוטב עגבניות לפסטה י,גרמים,400.00,100 גרם,false,,11.90,2.9750,true,1,197466
7290018371237,false,"חמאת בוטנים קראנץ ללת""ס/מלח אורגני 400 ג",סנקי,,צ'יקי מאנקי חמאת בוט,גרמים,400.00,100 גרם,false,,22.90,5.7250,true,1,179379
7290018376416,false,פילה דג ברבוניה קפוא,,,פילה דג ברבוניה קפוא,Unknown,0.00,יחידה,false,,24.90,0.0000,true,1,200787
7290018380529,false,לבבות דקל חתיכות תומר 400 גרם,אינקופלמיטו אס.אי,,לבבות דקל חתוכים 400,Unknown,0.00,יחידה,false,,7.90,0.0000,true,1,183721
7290018380925,false,פרוזן שעועית ירוקה עדינה 800 גר' רובין,,,פרוזן שעועית ירוקה ש,Unknown,0.00,יחידה,false,,13.90,0.0000,true,1,200521
7290018380932,false,פרוזן אפונה אקסטרא עדין 600 גר' רובין,,,פרוזן אפונה ירוקה אק,Unknown,0.00,יחידה,false,,10.90,0.0000,true,1,200519
7290018380949,false,פרוזן אפונה עדינה 800 גר' רובין,,,פרוזן אפונה ירוקה עד,Unknown,0.00,יחידה,false,,10.90,0.0000,true,1,200515
7290018380956,false,פרוזן גזר גמדי 800 גר' רובין,,,פרוזן גזר גמדי 800 ג,Unknown,0.00,יחידה,false,,10.90,0.0000,true,1,200516
7290018400661,false,לקט פאייה בסגנון ספרדי סנפרוסט 800 גרם,תנובה קפואים,,לקט פאייה בסגנון ספר,גרמים,800.00,100 גרם,false,,19.90,2.4875,true,1,184870
7290018440070,false,תרכיז עגבניות בשפורפרת 28BX בלה איטליה 200 ג',תה ויסוצקי (ישראל) בעמ,,תרכיז עגבניות בשפרפו,Unknown,0.00,יחידה,false,,7.90,0.0000,true,1,166544
7290018440193,false,פליפז בייגלה בציפוי קרם בטעם חמאת בוטנים מקוויטיס 140 גרם,תה ויסוצקי (ישראל) בעמ,,בייגלה בציפוי קרם בט,גרמים,140.00,100 גרם,false,,8.90,6.3571,true,1,175211
7290018440209,false,פליפז בייגלה בציפוי פאדג' לבן מקוויטיס 140 גרם,תה ויסוצקי (ישראל) בעמ,,בייגלה בציפוי פאדג',גרמים,140.00,100 גרם,false,,8.90,6.3571,true,1,175212
7290018440223,false,תה צ'אי מסאלה 25 שקיקים ויסוצקי,תה ויסוצקי (ישראל) בעמ,,צ'אי מסאלה,Unknown,25.00,יחידה,false,,21.90,0.8760,true,1,187933
7290018440254,false,תה צ'אי קרמל מלוח 25 שקיקים ויסוצקי,תה ויסוצקי (ישראל) בעמ,,צ'אי קרמל מלוח,Unknown,25.00,יחידה,false,,21.90,0.8760,true,1,187936
7290018440438,false,Calvo טונה בשמן זית פתיחה קלה 3 * 65 גרם,תה ויסוצקי (ישראל) בעמ,ES,טונה EASY FLIP בשמן,גרמים,195.00,100 גרם,false,,25.90,13.2821,true,1,203768
7290018440476,false,פליפז בייגלה מצופה בקרם עוגת גבינה ותותים מקוויטיס 140 גרם,תה ויסוצקי (ישראל) בעמ,,פליפז- בייגלה מצופה,גרמים,140.00,100 גרם,false,,9.90,7.0714,true,1,187938
7290018440483,false,פליפז בייגלה מצופה בקרמל מלוח ושוקולד מקוויטיס 140 גרם,תה ויסוצקי (ישראל) בעמ,,פליפז- בייגלה מצופה,גרמים,140.00,100 גרם,false,,9.90,7.0714,true,1,187939
7290018440513,false,סלט קליפורנייה קאלוו עם טונה 150 גר,תה ויסוצקי (ישראל) בעמ,ES,סלט קליפורניה עם טונ,גרמים,150.00,100 גרם,false,,14.90,9.9333,true,1,203773
7290018441985,false,פרצלס עם הכל בראנץ אנד קראנץ 280 ג',מוצרי איכות אמריקאיים בעמ,,פרצלס שומשום קפוא 28,גרמים,280.00,100 גרם,false,,17.90,6.3929,true,1,184930
7290018468319,false,נקניקיה טבעונית בסגנון צוריסוס טירת צבי 400 גרם,תנובה מרכז שיתופי לשיווק תוצרת,,נקניקיה צמחית בסגנון,גרמים,400.00,100 גרם,false,,42.90,10.7250,true,1,196933
7290018471067,false,שוופס ליים מוחיטו 1.5 ל,"יפאורה תבורי בע""\מ",,שוופס ליים מוחיטו 1.,קילוגרמים,1.50,ליטר,false,,6.90,4.6000,true,1,173933
7290018471180,false,משקה פרוט& ווג' אננס תפוח גזר 1 ליטר,יפאורה שותפות מוגבלת לשיווק,,פרוט & ווג' אננס תפו,קילוגרמים,1.00,ליטר,false,,12.90,12.9000,true,1,172467
7290018471197,false,פרוט אנד ווג` תפוח בננה מלון נענע 1 ליטר,יפאורה שותפות מוגבלת לשיווק,,פרוט & ווג' תפוח בננ,קילוגרמים,1.00,ליטר,false,,12.90,12.9000,true,1,172468
7290018471395,false,משקה פרוט& ווג' תפוח רימון ג'ינג'ר 1 ליטר,יפאורה שותפות מוגבלת לשיווק,,פרוט & ווג' תפוח רימ,קילוגרמים,1.00,ליטר,false,,12.90,12.9000,true,1,172471
7290018471449,false,קרטונית ספרינג שייק בננה תמר תפוז 1 ליטר,יפאורה - שותפות מוגבלת לשיווק,,ספרינג שייק בננה תמר,קילוגרמים,1.00,ליטר,false,,12.90,12.9000,true,1,183800
7290018471463,false,תפוזינה נקטר תפוז מנגו קרטונית 1 ליטר,יפאורה שותפות מוגבלת לשיווק,,תפוזינה נקטר תפוז מנ,קילוגרמים,1.00,ליטר,false,,6.90,6.9000,true,1,180886
7290018471470,false,תפוזינה נקטר תפוז פסיפלורה קרטונית 1 ליטר,יפאורה שותפות מוגבלת לשיווק,,תפוזינה נקטר תפוז פס,קילוגרמים,1.00,ליטר,false,,6.90,6.9000,true,1,180887
7290018471487,false,תפוזינה נקטר תפוז אננס קרטונית 1 ליטר,יפאורה שותפות מוגבלת לשיווק,,תפוזינה נקטר תפוז אנ,קילוגרמים,1.00,ליטר,false,,6.90,6.9000,true,1,180888
7290018471494,false,תפוזינה משקה תפוז גזר קרטונית 1 ליטר,יפאורה שותפות מוגבלת לשיווק,,תפוזינה משקה תפוז גז,קילוגרמים,1.00,ליטר,false,,6.90,6.9000,true,1,180889
7290018471548,false,"רביעיית ספרינג ענבים 250 מ""ל",יפאורה שותפות מוגבלת לשיווק,,רביעיית ספרינג 250 מ,מיליליטרים,250.00,"100 מ""ל",false,,12.90,5.1600,true,1,173941
7290018471616,false,שוופס אינדיאן טוניק 1 ליטר,יפאורה שותפות מוגבלת לשיווק,,אינדיאן טוניק 1 ליטר,קילוגרמים,1.00,ליטר,false,,8.90,8.9000,true,1,183596
7290018471630,false,שוופס טוניק מלפפון ליים 1 ליטר,יפאורה שותפות מוגבלת לשיווק,,טוניק מלפפון וליים 1,קילוגרמים,1.00,ליטר,false,,8.90,8.9000,true,1,183598
7290018471906,false,שוופס מוגז פירות לימונדה ורודה 1.5 ליטר פיקדון,יפאורה - שותפות מוגבלת לשיווק,,שוופס מוגז פירות לימ,Unknown,0.00,יחידה,false,,8.90,0.0000,true,1,189540
7290018471913,false,משקה מוגז פירות תפוחים שוופס 1.5 ליטר,יפאורה - שותפות מוגבלת לשיווק,,שוופס מוגז פירות תפו,Unknown,0.00,יחידה,false,,8.90,0.0000,true,1,189541
7290018471920,false,שוופס מוגז פירות ענבים 1.5 ליטר פיקדון,יפאורה - שותפות מוגבלת לשיווק,,שוופס מוגז פירות ענב,Unknown,0.00,יחידה,false,,8.90,0.0000,true,1,189542
7290018471937,false,שוופס מוגז פירות תות ליים 1.5 ליטר פיקדון,יפאורה - שותפות מוגבלת לשיווק,,שוופס מוגז פירות תות,Unknown,0.00,יחידה,false,,8.90,0.0000,true,1,189543
7290018471944,false,שוופס מוגז פירות לימונייד 1.5 ליטר פיקדון,יפאורה - שותפות מוגבלת לשיווק,,שוופס מוגז פירות לימ,Unknown,0.00,יחידה,false,,8.90,0.0000,true,1,189544
7290018471951,false,שוופס מוגז פירות אשכולית אדומה 1.5 ליטר פיקדון,יפאורה - שותפות מוגבלת לשיווק,,שוופס מוגז פירות אשכ,Unknown,0.00,יחידה,false,,8.90,0.0000,true,1,189545
7290018493052,false,"ד""ר פישר - אפקטיב קר קרם ידיים מועשר בשמן אבוקדו 100 מ""ל",פישר תעשיות פרמבצטיות בעמ,,דייר פישר קרם ידיים,Unknown,0.00,יחידה,false,,16.90,0.0000,true,1,171913
7290018493076,false,"אפקטיב קר קרם ידייםמועשר בשמן ארגן ד""ר פישר 100 מ""ל",פישר תעשיות פרמצבטיות בעמ,,דייר פישר קרם ידיים,Unknown,0.00,יחידה,false,,16.90,0.0000,true,1,171914
7290018493144,false,קמיל קלין &נוריש אל סבון מועשר בשמן ארגן 1 ליטר,"פישר תעשיות פרמצביטות בע""מ",,"ד""ר פישר אלסבון להזנ",Unknown,0.00,יחידה,false,,16.90,0.0000,true,1,167711
7290018493403,false,"ד""ר פישר - קידס קצף אמבט ויטמינים 750 מ""ל",פישר תעשיות פרמצבטיות בעמ,,קידס קצף אמבט ויטמינ,מיליליטרים,750.00,"100 מ""ל",false,,19.90,2.6533,true,1,202730
7290018493748,false,"ד""ר פישר - מגבונים להסרת איפור אקסטרה סופט 30 יח' * 3",פישר תעשיות פרמבצטיות בעמ,,פישר מגבונים להסרת א,Unknown,0.00,יחידה,false,,29.90,0.0000,true,1,186798
7290018500361,false,"לחם שחור פרוס 900 גרם ""אנג'ל"" -מוצר בפיקוח",מאפיית שלמה א. אנג'\ל בע,,לחם אחיד פרוס 900 גר,גרמים,900.00,100 גרם,false,,8.50,0.9444,true,1,198139
7290018516324,false,פאוץ' פרינוק תפוח עץ עם שיבולת שועל 120 גרם,גורי מוצרי צריכה (1991) בעמ,,מחית פואץ' פרינוק תפ,Unknown,0.00,יחידה,false,,5.90,0.0000,true,1,197195
7290018516331,false,פאוץ' פרינוק תפוח בננה ושיבולת שועל 120 גרם,גורי מוצרי צריכה (1991) בעמ,,מחית פואץ' פרינוק תפ,Unknown,0.00,יחידה,false,,5.90,0.0000,true,1,197196
7290018516348,false,מחית פרינוק פאוץ' שיבולת שועל סלט פירות 120 גרם,גורי מוצרי צריכה (1991) בעמ,,מחית פואץ' פרינוק,Unknown,0.00,יחידה,false,,5.90,0.0000,true,1,197197
7290018516355,false,מחיט תפוח עץ ושבולות שועל 190 ג' פרינוק גוניור,גורי מוצרי צריכה (1991) בעמ,,גוניור תפע ש.שועל 1,Unknown,0.00,יחידה,false,,5.90,0.0000,true,1,197202
7290018516379,false,מחיט סלט פירות ושבולות שועל 190 ג' פרינוק גוניור,גורי מוצרי צריכה (1991) בעמ,,ס.פירו וש.ש 190 גרם,Unknown,0.00,יחידה,false,,5.90,0.0000,true,1,197203
7290018540817,false,ארטיזנל לחם מחמצת כוסמין אנג'ל 500 גרם,שלמה א. אנג`ל בעמ,,לחם ארטיזנל מחמצת כו,גרמים,500.00,100 גרם,false,,19.90,3.9800,true,1,189682
7290018540824,false,ארטיזנל לחם מחמצת כפרי אנג'ל 500 גרם,שלמה א. אנג`ל בעמ,,לחם ארטיזנל מחמצת כפ,גרמים,500.00,100 גרם,false,,18.90,3.7800,true,1,189683
7290018540831,false,ארטיזנל לחם מחמצת חיטה מלאה ודגנים אנג'ל 500 גרם,שלמה א. אנג`ל בעמ,,לחם ארטיזנל מחמצת חי,גרמים,500.00,100 גרם,false,,18.90,3.7800,true,1,189684
7290018564608,false,"שף הטבע - בזיליקום קצוץ בצנצנת 200ג""ר 12 /",קפוא זן תעשיות מזון בעמ,,שף הטבע- בזיליקום קו,גרמים,200.00,100 גרם,false,,16.90,8.4500,true,1,195626
7290018564622,false,"בני דרום - שום כתוש טבליות 80 ג""ר",קפוא זן תעשיות מזון בעמ,,שף הטבע תיבוליות שום,Unknown,0.00,יחידה,false,,9.90,0.0000,true,1,195687
7290018608265,false,מאפינס אלומיניום גדול 30 יחי' ר. שמאי,,,שמאי מאפינס אלומניום,Unknown,0.00,יחידה,false,,9.90,0.0000,true,1,182828
7290018608272,false,צלחות שוהם ענק שחור זהב 10 יח' 1-2 ר. שמאי,,,שמאי צלחות ענק שחור,Unknown,0.00,יחידה,false,,34.90,0.0000,true,1,182829
7290018608289,false,צלחות שוהם גדול שחור זהב 10 יח' 1-2 ר. שמאי,,,שמאי צלחות גדול שחור,Unknown,0.00,יחידה,false,,29.90,0.0000,true,1,182830
7290018608296,false,צלחות שוהם קטן שחור זהב 10 יח' 1-2 ר. שמאי,,,שמאי צלחותקטן שחור ז,Unknown,0.00,יחידה,false,,18.90,0.0000,true,1,182831
7290018608302,false,מרקיות שוהם לבן כסף 10 יח' 1-2 ר. שמאי,,,שמאי מרקיות שחור זהב,Unknown,0.00,יחידה,false,,19.90,0.0000,true,1,182832
7290018608319,false,ח- קעריות אובלי שוהם לבן כסף 10 יח' 1-2 ר. שמאי,,,שמאי קעריות אובלי,Unknown,0.00,יחידה,false,,13.90,0.0000,true,1,182833
7290018608326,false,"לפתניות =שוהם=10 יח' כשל""פ עד""ח",,,שמאי לפתניות שחור זה,Unknown,0.00,יחידה,false,,10.90,0.0000,true,1,182834
7290018608432,false,תבניות אינגליש גדול מקרטון שמאי 3 יח',,,שמאי תבניות איגליש ג,Unknown,0.00,יחידה,false,,9.90,0.0000,true,1,182850
7290018608449,false,תבניות אינגליש ענק מקרטון ארוז שמאי 3 יח',,,שמאי תבניות איגליש ע,Unknown,0.00,יחידה,false,,9.90,0.0000,true,1,182851
7290018608487,false,תבניות ארוזות ענקיות R99 3יח' ר. שמאי,,,ר.שמאי תבניות ארוזות,Unknown,0.00,יחידה,false,,8.90,0.0000,true,1,184747
7290018608494,false,תבניות ארוזות גדולות R31 7 יח' ר. שמאי,,,תבניות ארוזות R31 =ח,Unknown,0.00,יחידה,false,,8.90,0.0000,true,1,184409
7290018608500,false,תבניות ארוזות בינוני R2 7 יח' ר. שמאי,,,ר.שמאי תבניות ארוזות,Unknown,0.00,יחידה,false,,8.90,0.0000,true,1,184750
7290018608517,false,תבניות ארוזות לחלה R64 7 יח' ר. שמאי,,,ר.שמאי תבניות ארוזות,Unknown,0.00,יחידה,false,,8.90,0.0000,true,1,184748
7290018608524,false,תבניות ארוזות קטנות R29 12 יח' ר. שמאי,,,ר.שמאי תבניות ארוזות,Unknown,0.00,יחידה,false,,8.90,0.0000,true,1,184751
7290018608531,false,תבניות ארוזות אינגלש ארוכות R88 12 יח' ר. שמאי,,,ר.שמאי תבניות ארוזות,Unknown,0.00,יחידה,false,,8.90,0.0000,true,1,184749
7290018608548,false,תבניות ארוזות R15 חדש אינגליש קצר 12 יחי ר. שמאי כשלפ עדח,,,ר.שמאי תבניות ארוזות,Unknown,0.00,יחידה,false,,8.90,0.0000,true,1,184752
7290018608555,false,תבניות ארוזות עגול גדול 5 יחי ר. שמאי,,,ר.שמאי תבניות ארוזות,Unknown,0.00,יחידה,false,,8.90,0.0000,true,1,184754
7290018608562,false,תבניות ארוזות עגולות קטנות C7 7 יח' ר. שמאי,,,ר.שמאי תבניות ארוזות,Unknown,0.00,יחידה,false,,8.90,0.0000,true,1,184753
7290018608623,false,צלחות ענקיות 10' עלי דקל מתכלות שמאי 10 יח',,,שמאי- צלחות ענקיות 1,Unknown,0.00,יחידה,false,,14.90,0.0000,true,1,187151
7290018608630,false,צלחות גדולות 8' עלי דקל מתכלות שמאי 10 יח',,,שמאי- צלחות גדולות 8,Unknown,0.00,יחידה,false,,13.90,0.0000,true,1,187152
7290018608647,false,צלחות קטנות 7' עלי דקל מתכלות שמאי 10 יח',,,שמאי- צלחות קטנות 7,Unknown,0.00,יחידה,false,,11.90,0.0000,true,1,187153
7290018608661,false,מגשיות 9' עלי דקל מתכלות שמאי 10 יח',,,שמאי- מגשיות 9/6 עלי,Unknown,0.00,יחידה,false,,14.90,0.0000,true,1,187155
7290018608685,false,מפיות מודפס 20 יח' שמאי רובין,,,מפיות מודפס 20 יח,Unknown,0.00,יחידה,false,,4.90,0.0000,true,1,197391
7290018608814,false,צלחות יוניק ענקיות 12 יח' ר.שמאי,,,צלחות יוניק ענק מרןע,Unknown,0.00,יחידה,false,,17.90,0.0000,true,1,187167
7290018608845,false,צלחות גדולות 50 יח' ר.שמאי,,,צלחות גדולות מתכלות,Unknown,0.00,יחידה,false,,26.90,0.0000,true,1,187170
7290018608852,false,צלחות קטנות 50 יח' ר.שמאי,,,צלחות קטנות מתכלות 5,Unknown,0.00,יחידה,false,,16.90,0.0000,true,1,187171
7290018608913,false,שמאי צלחות ענק 10 מת,,,שמאי צלחות ענק 10 מת,Unknown,20.00,יחידה,false,,17.90,0.8950,true,1,198694
7290018608937,false,שמאי צלחות קטן 7.5 מ,,,שמאי צלחות קטן 7.5 מ,Unknown,20.00,יחידה,false,,9.90,0.4950,true,1,198696
7290018608944,false,שמאי מרקיות 7.5 מתכל,,,שמאי מרקיות 7.5 מתכל,Unknown,20.00,יחידה,false,,12.90,0.6450,true,1,198697
7290018608951,false,שמאי קעריות אובלי מת,,,שמאי קעריות אובלי מת,Unknown,20.00,יחידה,false,,9.90,0.4950,true,1,198698
7290018652039,false,לה קרמריה קרמל מלוח ונוגט בדצ 6*1.4 ליטר,נגה גלידות שותפות מוגבלת,,לה קרמריה קרמל מלוח,קילוגרמים,1.40,ליטר,false,,19.90,14.2143,true,1,184465
7290018652213,false,מאגדת חטיפי גלידה קראנץ בר 41X6 גרם,נגה גלידות שותפות מוגבלת,,מאגדת חטיפי גלידה קר,Unknown,0.00,יחידה,false,,21.90,0.0000,true,1,194108
7290018652671,false,"לה קרמריה שוקולד וניל 1.4 ליטר [תו אי""ל]",נגה גלידות שותפות מוגבלת,,לה קרמריה שוקו וניל,Unknown,0.00,יחידה,false,,19.90,0.0000,true,1,194109
7290018652688,false,לה קרמריה פירות טרופיים ופירות יער נסטלה 700 גרם,נגה גלידות שותפות מוגבלת,,לה קרמריה טרופי ופיר,Unknown,0.00,יחידה,false,,19.90,0.0000,true,1,195891
7290018652886,false,שלגונים בשומן צמחי בטעמי שוקו ובננה מצופים צימקאו,נגה גלידות שותפות מוגבלת,,מאגדת מצופים שוקו בנ,Unknown,8.00,יחידה,false,,27.90,3.4875,true,1,195824
7290018657010,false,טוסטר לחיצה 4 פרוסות,,,טוסטר לחיצה 4 פרוסות,Unknown,0.00,יחידה,false,,119.90,0.0000,true,1,184720
7290018657027,false,קומקום חשמלי נשלף וי,,,קומקום חשמלי נשלף וי,Unknown,0.00,יחידה,false,,199.90,0.0000,true,1,184721
7290018657355,false,כבל מאריך 8 מטר,,,כבל מאריך 8 מטר,Unknown,0.00,יחידה,false,,44.90,0.0000,true,1,202089
7290018687154,false,הום נוזל כלים 1.5 לי,,,הום נוזל כלים 1.5 לי,Unknown,0.00,יחידה,false,,12.90,0.0000,true,1,186915
7290018687642,false,הום מרכך כביסה 4 ליט,,,הום מרכך כביסה 4 ליט,Unknown,0.00,יחידה,false,,16.90,0.0000,true,1,184416
7290018687659,false,הום קפסולות מרוכזות,,,הום קפסולות מרוכזות,Unknown,0.00,יחידה,false,,29.90,0.0000,true,1,184819
7290018687666,false,הום נוזל כלים לימון,,,הום נוזל כלים לימון,Unknown,0.00,יחידה,false,,9.90,0.0000,true,1,184829
7290018687673,false,הום ג'ל כביסה 3 ליטר,,,הום ג'ל כביסה 3 ליטר,Unknown,0.00,יחידה,false,,24.90,0.0000,true,1,184828
7290018687796,false,הום ג'ל כביסה אוקסי,,,הום ג'ל כביסה אוקסי,קילוגרמים,3.00,ליטר,false,,19.90,6.6333,true,1,187857
7290018687819,false,הום ג'ל מנקה אסלות 7,,,הום ג'ל מנקה אסלות 7,מיליליטרים,750.00,"100 מ""ל",false,,8.90,1.1867,true,1,187859
7290018687826,false,הום ג'ל כביסה 5 ל' כ,,,הום ג'ל כביסה 5 ל' כ,קילוגרמים,5.00,ליטר,false,,34.90,6.9800,true,1,187860
7290018687833,false,הום ג'ל כביסה 5 ל' י,,,הום ג'ל כביסה 5 ל' י,קילוגרמים,5.00,ליטר,false,,34.90,6.9800,true,1,187861
7290018703229,false,חטיף חלבון טבעוני בטעם שוקולד אגוזי לו,דיפלומט מפיצים (1968) בעמ**,,פראוד - חטיף חלבון ט,Unknown,0.00,יחידה,false,,13.90,0.0000,true,1,198130
7290018703243,false,חטיף חלבון טבעוני בטעם קרמל קראנצ 60גר,דיפלומט מפיצים (1968) בעמ**,,פראוד - חטיף חלבון ט,Unknown,0.00,יחידה,false,,13.90,0.0000,true,1,198132
7290018703281,false,פראוד- וופל חלבון ונילה קראנצ`,דיפלומט מפיצים {1968}בעמ,,פראוד - וופל חלבון ו,Unknown,0.00,יחידה,false,,8.90,0.0000,true,1,198129
7290018703298,false,פראוד - וופל חלבון ד,,,פראוד - וופל חלבון ד,Unknown,0.00,יחידה,false,,8.90,0.0000,true,1,198131
7290018720219,false,פצפוצי אורז ללא סוכר מעדני מלך 250 גרם,אשבל מזון פונקציונלי,,מעדני מלך פצפוצי אור,גרמים,250.00,100 גרם,false,,10.90,4.3600,true,1,198743
7290018720226,false,פצפוצי אורז מעדני מלך 250 גרם,אשבל מזון פונקציונלי,,מעדני מלך פצפוצי אור,גרמים,250.00,100 גרם,false,,10.90,4.3600,true,1,198742
7290018749005,false,כיסונים ביתיים עבודת יד 600 גרם,,IL,כיסונים ביתיים (עבוד,גרמים,600.00,100 גרם,false,,29.90,4.9833,true,1,202500
7290018749012,false,כיסונים סבתא עבודת יד 600 גרם,,IL,כיסונים סבתא ענקיים,גרמים,600.00,100 גרם,false,,29.90,4.9833,true,1,202501
7290018749050,false,חינקלי קלאסי במילוי בשר 500 גרם,,IL,חינקלי גאורגי במילוי,גרמים,500.00,100 גרם,false,,29.90,5.9800,true,1,202503
7290018749067,false,מנטי קלאסי במילוי בשר 500 גרם,,IL,מנטי קלאסי במילוי בש,גרמים,500.00,100 גרם,false,,29.90,5.9800,true,1,202504
7290018749081,false,כיסונים בסגנון יפני עבודת יד 500 גרם,,IL,כיסונים בסיגנון יפני,גרמים,500.00,100 גרם,false,,29.90,5.9800,true,1,202506
7290018749104,false,"קרפלך במילוי תפו""א ובצל 700 גרם",,IL,קרפלך במילוי תפו''א,גרמים,700.00,100 גרם,false,,21.90,3.1286,true,1,202508
7290018749111,false,"קרפלך במילוי תפו""א ופטריות 700 גרם",,IL,קרפלך במילוי תפו''א,גרמים,700.00,100 גרם,false,,21.90,3.1286,true,1,202509
7290018749210,false,מיני כיסונים קלאסיים במילוי בשר והודו למ,,IL,מיני כיסונים קלאסיים,גרמים,700.00,100 גרם,false,,29.90,4.2714,true,1,202513
7290018749227,false,"כיסונים במילוי בשר בראבו 1 ק""ג",,IL,כיסוניםלארוחה טעימה,גרמים,1000.00,100 גרם,false,,32.90,3.2900,true,1,202514
7290018770221,false,שמן זית כתית מעולה ד,,,שמן זית כתית מעולה ד,מיליליטרים,750.00,"100 מ""ל",false,,34.90,4.6533,true,1,187348
7290018792841,false,אבקת קקאו טבעי 150 גר` גאנה,תה ויסוצקי (ישראל) בעמ,,אבקת קקאו טבעי 150 ג,גרמים,150.00,100 גרם,false,,9.90,6.6000,true,1,199149
7290018792858,false,אבקת קקאו טבעי 500 גר` גאנה,תה ויסוצקי (ישראל) בעמ,,אבקת קקאו טבעי 500 ג,גרמים,500.00,100 גרם,false,,24.90,4.9800,true,1,199150
7290018825020,false,תפוא לבן לאפייה דוד משה גורמה,תוצרת הנגב אגודה שיתופית חקלאי,,דוד משה גורמה,קילוגרמים,1.00,"ק""ג",true,,6.90,6.9000,true,1,186792
7290018825235,false,דוד משה קטנטנים לאפי,,,דוד משה קטנטנים לאפי,קילוגרמים,1.00,"ק""ג",true,,5.90,5.9000,true,1,186788
7290018860984,false,אטריות ביצים דקות 400 גרם,מזרח ומערב יבוא ושיווק,,אטריות ביצים דקות 40,גרמים,400.00,100 גרם,false,,9.90,2.4750,true,1,198125
7290018860991,false,אטריות ביצים רחבות 400 גרם,מזרח ומערב יבוא ושיווק,,אטריות ביצים רחבות 4,גרמים,400.00,100 גרם,false,,9.90,2.4750,true,1,198126
7290018878002,false,אגו מיקס קרקר מצופה שוקולד חלב כרמית 55 גרם,כרמית תעשיות ממתקים בעמ,,אגו מיקס קרקר מצופה,גרמים,55.00,100 גרם,false,,3.90,7.0909,true,1,190693
7290018878224,false,עוגיות מיני קוקיס שוקולד בצנצנת כרמית 600 גרם,כרמית,,מיני קוקיס בטעם שוקו,גרמים,600.00,100 גרם,false,,18.90,3.1500,true,1,196339
7290018878231,false,"מיני קוקיס לל""ס בטעם שוקולד 600 גרם",Carmit,,מיני קוקיס בטעם שוקו,גרמים,600.00,100 גרם,false,,23.90,3.9833,true,1,196338
7290018879849,false,טופי שטוח ענבים ופטל 40 גרם כרמית,כרמית תעשיות ממתקים בעמ,,טופי שטוח ענבים ופטל,Unknown,0.00,יחידה,false,,1.50,0.0000,true,1,187516
7290018890004,false,"משקה אננס ג'ת 250 מ""ל",,,משקה אננס 250 גרם,גרמים,250.00,100 גרם,false,,5.90,2.3600,true,1,184792
7290018890202,false,"משקה פירות יער ג'ת 250 מ""ל",,,משקה יפירות יער 250,גרמים,250.00,100 גרם,false,,5.90,2.3600,true,1,184793
7290018890806,false,יוגורט בטעם פירות יער 1 ל',,,יוגורט פירות יער 1 ל,קילוגרמים,1.00,ליטר,false,,14.90,14.9000,true,1,186699
7290018893005,false,"חטיפי בייגלה אפוי בטעם חרדל ודבש, 160 גרם",ש.שסטוביץ בעמ,,בייגלה בטעם חרדל דבש,גרמים,160.00,100 גרם,false,,6.90,4.3125,true,1,186620
7290018893074,false,עוגת שכבות מילוי קרם קקאו צ'וקטה 400 גרם,ש.שסטוביץ בעמ,,צ'וקטה עוגת שכבות שו,גרמים,400.00,100 גרם,false,,13.90,3.4750,true,1,185397
7290018893081,false,עוגות מגולגלות במילוי קרם חלבי וציפוי בטעם שוקולד,ש. שסטוביץ בע`מ,,צ'וקטה עוגה אישיות מ,גרמים,222.00,100 גרם,false,,9.90,4.4595,true,1,185399
7290018893098,false,צ'וקטה עוגויות ביסקוויט מצופה שוקולד חלב 100 גרם,דיסטרופר אוליבייר,,צ'וקטה ביסקוויט מצופ,Unknown,0.00,יחידה,false,,6.90,0.0000,true,1,196733
7290018893104,false,צ'וקטה עוגויות ביסקוויט מצופה שוקולד מריר 100 גרם,דיסטרופר אוליבייר,,צ'וקטה ביסקוויט מצופ,Unknown,0.00,יחידה,false,,6.90,0.0000,true,1,196734
7290018893111,false,צ'וקטה שוקולד מריר בלגי 70% 100 גרם,ש. שסטוביץ בע`מ,,צ'וקטה שוקולד מריר ב,Unknown,0.00,יחידה,false,,8.90,0.0000,true,1,196735
7290018893258,false,צ'וקטה עוגות אישיות במילוי קרם קרמל ובציפוי בטעם שוקולד 300 גרם,פרדי קונדיטוריה אס.פ,,צוקטה עוגות אישיות ק,Unknown,0.00,יחידה,false,,14.90,0.0000,true,1,185407
7290018893265,false,צ'וקטה עוגות אישיות בטעם שוקולד מריר 8 יח 240 גרם,"פרדי קונדיטוריה אס,פי.אי",,צוקטה עוגות אישיות מ,גרמים,240.00,100 גרם,false,,10.90,4.5417,true,1,185409
7290018893272,false,צוקטה בונבוניירה צדפות בלגי יוגטה 125 גרם,ש. שסטוביץ בע`מ,,צ'וקטה צדפי שוקולד 1,גרמים,125.00,100 גרם,false,,9.90,7.9200,true,1,185404
7290018893289,false,צ'וקטה עוגות מגולגלות בטעם קקאו במילוי קרם קקאו וציפוי בטעם שוקולד 6 יח' 222 גרם,ש. שסטוביץ בע`מ,,צ'וקטה עוגה אישית מג,Unknown,6.00,יחידה,false,,9.90,1.6500,true,1,185398
7290018893319,false,צ'וקטה שוקולד מריר בלגי 85% 100 גרם,ש. שסטוביץ בע`מ,,צ'וקטה שוקולד מריר ב,Unknown,0.00,יחידה,false,,8.90,0.0000,true,1,196737
7290018893418,false,שוקולד מריר 60% מארז 6 יח' *100 ג' צ'וקטה,ש. שסטוביץ בע`מ,,צוקטה שוקולד מריר 60,גרמים,600.00,100 גרם,false,,19.90,3.3167,true,1,185388
7290018893456,false,צ'וקטה עוגות אישיות במילוי קרם ובציפוי בטעם שוקולד 300 גרם,"פרדי קונדיטוריה אס,פי.אי",,צ'וקטה עוגות אישיות,Unknown,0.00,יחידה,false,,14.90,0.0000,true,1,185405
7290018893661,false,עוגות אישיות במילוי קרם קקאו ציפוי בטעם שוקולד מריר,"פרדי קונדיטוריה אס,פי.אי",,צוקטה עוגה אישיות מצ,Unknown,0.00,יחידה,false,,10.90,0.0000,true,1,185408
7290018893722,false,בישקוטים אצבעות מאפה ספוג 200 גרם,שסטוביץ,,צ'וקטה בישקוטים 200,גרמים,200.00,100 גרם,false,,7.90,3.9500,true,1,196738
7290018893807,false,צוקטה בטעם שוקולד מריר 60% 3 יח' 300 גרם,אייברקקאו אס אי. יו,,צ'וקטה שוקולד מריר 3,גרמים,300.00,100 גרם,false,,15.90,5.3000,true,1,185385
7290018893814,false,צ'וקטה חמישיית שוקולד מריר 48%,הדקלאים אגודת שיתופי,,צוקטה שוקולד מריר 50,Unknown,0.00,יחידה,false,,16.90,0.0000,true,1,185387
7290018893876,false,עוגות אישיות רכות עם מילוי קרם בטעם וניל,פרדי קונדיטוריה אס.פ,,צוקטה עוגות אישיות ו,גרמים,200.00,100 גרם,false,,10.90,5.4500,true,1,185410
7290018893913,false,"צ`וקטה ממרח אגוזי לוז עם מקלות גריסיני קקאו, 52 גרם",ש.שסטוביץ בעמ,,צ'וקטה מקלות גריסיני,Unknown,0.00,יחידה,false,,6.90,0.0000,true,1,191873
7290018893951,false,עלי וופל חמאה בטעם קינמון 100 גר` צוקטה,ש.שסטוביץ בעמ,,עוגיות וופל חמאה קינ,גרמים,100.00,100 גרם,false,,9.90,9.9000,true,1,199505
7290018894019,false,עוגות אישיות במילוי קרם חלבי ובציפוי קרם קקאו,ש. שסטוביץ בע`מ,,בלקוני עוגות אישיות,גרמים,350.00,100 גרם,false,,14.90,4.2571,true,1,191870
7290018894200,false,וופל קוביות ווניל בלקוני 250 גרם,ש. שסטוביץ בע`מ,,בלקוני וופל קוביות ו,גרמים,250.00,100 גרם,false,,11.90,4.7600,true,1,191867
7290018894217,false,עוגות אישיות במילוי קרם קקאו ובציפוי קרם קקאו,ש. שסטוביץ בע`מ,,בלקוני עוגות אישיות,גרמים,350.00,100 גרם,false,,14.90,4.2571,true,1,191871
7290018894408,false,קוביות וופל במילוי קרם אגוזי לוז - חלבי,ש. שסטוביץ בע`מ,,בלקוני וופל קוביות א,גרמים,250.00,100 גרם,false,,11.90,4.7600,true,1,191865
7290018894804,false,וופלים במילוי קרם אגוזי לוז - חלבי,ש. שסטוביץ בע`מ,,בלקוני וופל אגוזי לו,גרמים,175.00,100 גרם,false,,7.90,4.5143,true,1,191869
7290018904008,false,מארז עוגיות שבקייה ושומשומית 350גר,הלל בן הלל שיווק ומסחר בעמ,,שבקייה מארז 400 גרם,גרמים,400.00,100 גרם,false,,22.90,5.7250,true,1,187824
7290018904206,false,עוגת סולת 300 גרם,,,עוגת סולת 300 גרם,גרמים,300.00,100 גרם,false,,19.90,6.6333,true,1,200743
7290018904343,false,וואלה בקלאוה 400 גרם,,,וואלה בקלאוה 400 גרם,גרמים,400.00,100 גרם,false,,29.90,7.4750,true,1,198298
7290018921029,false,"ד""ר פישר - קמיל בלו מגבוני סנסיטיב 64 יח' * 4","פישר תעשיות פרמבצטיות בע""מ",,רביעיית מגבונים קמיל,Unknown,0.00,יחידה,false,,22.90,0.0000,true,1,186799
7290018921067,false,"ד""ר פישר - אפקטיב קר תחליב רחצה שמן שקדים 700 מ""ל","פישר תעשיות פרמצביטות בע""מ",,אפקטיב קר תחליב רחצה,מיליליטרים,700.00,"100 מ""ל",false,,16.90,2.4143,true,1,189960
7290018921166,false,קמיל אל סבון להזנת העור מועשר באצות-ים 1 ליטר,"פישר תעשיות פרמבצטיות בע""מ",,קמיל אל סבון היגייני,Unknown,0.00,יחידה,false,,16.90,0.0000,true,1,186803
7290018921456,false,"ד""ר פישר - אפקטיב קר תחליב רחצה שמן כותנה 700 מ""ל","פישר תעשיות פרמבצטיות בע""מ",,אפקטיב קר תחליב רחצה,מיליליטרים,700.00,"100 מ""ל",false,,16.90,2.4143,true,1,189957
7290018921616,false,רביעיית מגבוני קמיל בלו שיבולת שועל 64 יח',"פישר תעשיות פרמצביטות בע""מ",,קמיל בלו רביעיית מגב,Unknown,0.00,יחידה,false,,22.90,0.0000,true,1,186800
7290018921753,false,קמיל אל סבון היגייני לניקוי יסודי מועשר בלחות 1 ליטר,"פישר תעשיות פרמבצטיות בע""מ",,קמיל אל סבון היגייני,Unknown,0.00,יחידה,false,,16.90,0.0000,true,1,186804
7290018925065,false,מיץ תפוזים סחוט פרימור (2 ליטר),שטראוס גרופ בעמ/מצונן,,מיץ תפוזים סחוט 2 לי,קילוגרמים,2.00,ליטר,false,,29.90,14.9500,true,1,188642
7290018925072,false,פרימור טרי מיץ לימונים עם נענע 2 ליטר,שטראוס גרופ בעמ/מצונן,,משקה קל לימונים ונענ,קילוגרמים,2.00,ליטר,false,,29.90,14.9500,true,1,188643
7290018925089,false,"מיץ פרימור תפו""ע צלול סחוט 2 ליטר-",שטראוס גרופ בעמ/מצונן,,מיץ תפוחים 100% צלול,קילוגרמים,2.00,ליטר,false,,29.90,14.9500,true,1,188644
7290018925096,false,משקה קל תפוזים פרימור 1.5 ליטר,פרימור,,משקה קל פרימור תפוזי,קילוגרמים,1.50,ליטר,false,,8.90,5.9333,true,1,189665
7290018925102,false,משקה קל ענבים פרימור 1.5 ליטר,גניר (1992) בעמ,,משקה קל פרימור ענבים,קילוגרמים,1.50,ליטר,false,,8.90,5.9333,true,1,189669
7290018925126,false,משקה קל תפוחי עץ פרימור 1.5 ליטר,גניר (1992) בעמ,,משקה קל פרימור תפוח,קילוגרמים,1.50,ליטר,false,,8.90,5.9333,true,1,189667
7290018925133,false,פרימור משקה קל מנגו ‏5‏.‏1‏ ליטר,פרימור,,משקה קל פרימור מנגו,קילוגרמים,1.50,ליטר,false,,8.90,5.9333,true,1,189672
7290018925140,false,משקה קל אשכוליות פרימור 1.5 ליטר,פרימור,,משקה קל פרימור אשכלי,קילוגרמים,1.50,ליטר,false,,8.90,5.9333,true,1,189668
7290018925157,false,משקה קל לימונים פרימור 1.5 ליטר,פרימור,,משקה קל פרימור לימונ,קילוגרמים,1.50,ליטר,false,,8.90,5.9333,true,1,189671
7290018925409,false,משקה לימון ואננס 400 מל פרימור,שטראוס גרופ בעמ/מצונן,,מיץ לימון ואננס 400,מיליליטרים,400.00,"100 מ""ל",false,,8.90,2.2250,true,1,199167
7290018929209,false,ניילון לכיסוי מזון 30 יח' SHINY,,,שייני ניילון לכיסוי,Unknown,0.00,יחידה,false,,7.90,0.0000,true,1,191939
7290018929377,false,כף אשפה מתקפל(איטליה),מ.א.ייצור ויבוא מטליות בעמ,,כף אשפה מתקפל ( איטל,Unknown,0.00,יחידה,false,,9.90,0.0000,true,1,196691
7290018929421,false,שקיות ואקום לאחסון א,,,שקיות ואקום 100 L *,Unknown,0.00,יחידה,false,,10.90,0.0000,true,1,202038
7290018935385,false,"מזלגות קלאסיק ארוז 10 יח' קשיח כשל""פ עד""ח ר. שמאי",,,מזלג קלאסיק נצנץ כסף,Unknown,0.00,יחידה,false,,4.90,0.0000,true,1,197347
7290018935408,false,"כפות קלאסיק ארוז 10 יח' קשיח כשל""פ עד""ח ר. שמאי",,,כפות קלאסיק נצנץ כסף,Unknown,0.00,יחידה,false,,4.90,0.0000,true,1,197349
7290018935415,false,"כפיות קלאסיק ארוז 10 יח' קשיח כשל""פ עד""ח ר. שמאי",,,כפיות קלאסיק נצנץ כס,Unknown,0.00,יחידה,false,,4.90,0.0000,true,1,197350
7290018935569,false,שמאי סכינים איכותי מ,,,שמאי סכינים איכותי מ,Unknown,20.00,יחידה,false,,4.90,0.2450,true,1,198725
7290018935576,false,שמאי מזלגות איכותי מ,,,שמאי מזלגות איכותי מ,Unknown,20.00,יחידה,false,,4.90,0.2450,true,1,198726
7290018935583,false,שמאי כפות איכותי מעץ,,,שמאי כפות איכותי מעץ,Unknown,20.00,יחידה,false,,4.90,0.2450,true,1,198727
7290018972199,false,תומר שניצל צמחי 500 גרם,,,תומר שניצל צמחי 500,גרמים,500.00,100 גרם,false,,17.90,3.5800,true,1,192542
7290018972205,false,תומר טבעות בצל מצופים 500 גרם,,,טבעות בצל מצופים 500,גרמים,500.00,100 גרם,false,,10.90,2.1800,true,1,201059
7290018972335,false,פרוזן שעועית ירוקה אקסטרא עדינה 600 גרם,,,פרוזן שעועית ירוקה א,Unknown,0.00,יחידה,false,,10.90,0.0000,true,1,200518
7290018972366,false,"פרוזן אדממה 1 ק""ג",,,"פרוזן אדממה 1 ק""ג",פריט,1.00,"ק""ג",false,,16.90,16.9000,true,1,192543
7290018972373,false,פרוזן פולי סויה אדממה 450 גרם,זהיג'אנג קינגשור,,פרוזן אדממה 450 גרם,גרמים,450.00,100 גרם,false,,9.90,2.2000,true,1,192544
7290018972380,false,פרוזן תות שדה 300 גרם,,,פרוזן תות שדה 300 גר,גרמים,300.00,100 גרם,false,,11.90,3.9667,true,1,196794
7290018972441,false,פרוזן דובדבנים חמוצים 300 גרם,,,פרוזן דובדבים חמוצים,גרמים,300.00,100 גרם,false,,11.90,3.9667,true,1,196795
7290018972489,false,פרוזן מיקס פירות קיץ 300 גרם,,,פרוזן מיקס פירות קיץ,גרמים,300.00,100 גרם,false,,11.90,3.9667,true,1,196798
7290018972625,false,פרוזן במיה 600 גר' קהילות,,,פרוזן במיה 600 גרם,Unknown,0.00,יחידה,false,,10.90,0.0000,true,1,198245
7290018972632,false,ארטישוק תחתיות 400 גר' קהילות,,,פרוזן ארטישוק תחתיות,Unknown,0.00,יחידה,false,,10.90,0.0000,true,1,198246
7290018972649,false,פרוזן פול ירוק 600 גר' קהילות,,,פרוזן פול ירוק 600 ג,Unknown,0.00,יחידה,false,,10.90,0.0000,true,1,198247
7290018989005,false,שלישיית פולפה עגבניות טבעי יכין 400X3 גרם,זנלכול יכין,,פולפה טבעית 3*400 גר,גרמים,1200.00,100 גרם,false,,16.90,1.4083,true,1,196385
7290018989128,false,סירופ בטעם ענבים יכין 1 ליטר,זנלכול יכין,,יכין סירופ בטעם ענבי,קילוגרמים,1.00,ליטר,false,,18.90,18.9000,true,1,197171
7290019015017,false,נר ריחני מראה,,,נר מראה,Unknown,0.00,יחידה,false,,34.90,0.0000,true,1,190594
7290019015154,false,"מבשם אוויר בוהו 250 מ""ל",,,מבשם אווירה בוהו פרח,Unknown,0.00,יחידה,false,,29.90,0.0000,true,1,190588
7290019015185,false,דפיוזר בוהו(פרחים לבנים),מוסקו בעמ,,דפיוזר בוהו,Unknown,0.00,יחידה,false,,49.90,0.0000,true,1,190589
7290019015796,false,"קערה קטנה 15 ס""מ במב",,,קערה קטנה,Unknown,0.00,יחידה,false,,14.90,0.0000,true,1,196372
7290019056027,false,שוופס מוגז פירות תפוחים ללא סוכר 1.5 ליטר פיקדון,יפאורה - שותפות מוגבלת לשיווק,,שוופס מוגז פירות תפו,Unknown,0.00,יחידה,false,,8.90,0.0000,true,1,189549
7290019056034,false,שוופס מוגז פירות אננס ללא סוכר 1.5 ליטר פיקדון,יפאורה - שותפות מוגבלת לשיווק,,שוופס מוגז פירות אננ,Unknown,0.00,יחידה,false,,8.90,0.0000,true,1,189550
7290019056041,false,שוופס מוגז פירות לימונייד ללא סוכר 1.5 ליטר פיקדון,יפאורה - שותפות מוגבלת לשיווק,,שוופס מוגז פירות לימ,Unknown,0.00,יחידה,false,,8.90,0.0000,true,1,189551
7290019056058,false,שוופס מוגז עדין תפוח ליים 1.5 ליטר פיקדון,יפאורה - שותפות מוגבלת לשיווק,,שוופס מוגז עדין תפוח,Unknown,0.00,יחידה,false,,8.90,0.0000,true,1,189552
7290019056065,false,שוופס מוגז עדין פירות יער 1.5 ליטר פיקדון,יפאורה - שותפות מוגבלת לשיווק,,שוופס מוגז עדין פירו,Unknown,0.00,יחידה,false,,8.90,0.0000,true,1,189553
7290019056072,false,שוופס מוגז עדין אננס 1.5 ליטר פיקדון,יפאורה - שותפות מוגבלת לשיווק,,שוופס מוגז עדין אננס,Unknown,0.00,יחידה,false,,8.90,0.0000,true,1,189554
7290019056089,false,שוופס מוגז עדין ענבי ריזלינג 1.5 ליטר פיקדון,יפאורה - שותפות מוגבלת לשיווק,,שוופס מוגז עדין ענבי,Unknown,0.00,יחידה,false,,8.90,0.0000,true,1,189555
7290019056096,false,שוופס מוגז עדין אפרסק 1.5 ליטר פיקדון,יפאורה - שותפות מוגבלת לשיווק,,שוופס מוגז עדין אפרס,Unknown,0.00,יחידה,false,,8.90,0.0000,true,1,189556
7290019056133,false,שוופס סודה נענע ליים 1.5 ליטר בק' בודד,יפאורה שותפות מוגבלת לשיווק,,שוופס סודה נענע ליים,Unknown,0.00,יחידה,false,,3.50,0.0000,true,1,189559
7290019056157,false,שוופס סודה פירות יער 1.5 ליטר בק' בודד פיקדון,יפאורה - שותפות מוגבלת לשיווק,,שוופס סודה פירות יער,Unknown,0.00,יחידה,false,,4.50,0.0000,true,1,189561
7290019056164,false,שוופס סודה 1.5 ליטר רביעייה פיקדון,יפאורה - שותפות מוגבלת לשיווק,,שוופס סודה 1.5 ל' רב,Unknown,0.00,יחידה,false,,12.90,0.0000,true,1,189562
7290019056171,false,שוופס סודה לימון 1.5 ליטר רביעייה פיקדון,יפאורה - שותפות מוגבלת לשיווק,,שוופס סודה לימון 1.5,Unknown,0.00,יחידה,false,,12.90,0.0000,true,1,189563
7290019056188,false,שוופס סודה נענע ליים 1.5 ליטר רביעייה פיקדון,יפאורה - שותפות מוגבלת לשיווק,,שוופס סודה נענע ליים,Unknown,0.00,יחידה,false,,12.90,0.0000,true,1,189564
7290019056201,false,שוופס סודה פירות יער 1.5 ליטר רביעייה פיקדון,יפאורה - שותפות מוגבלת לשיווק,,שוופס סודה פירות יער,Unknown,0.00,יחידה,false,,12.90,0.0000,true,1,189566
7290019056232,false,משקה מוגז בטעם ליים מוחיטו 1.5 ל' שוופס,יפאורה - שותפות מוגבלת לשיווק,,שוופס ליים מוחיטו 1.,Unknown,0.00,יחידה,false,,8.90,0.0000,true,1,189567
7290019056249,false,שוופס מים בטעמים ענבים 1.5 ליטר פיקדון,יפאורה - שותפות מוגבלת לשיווק,,שוופס מים בטעמים ענב,Unknown,0.00,יחידה,false,,7.90,0.0000,true,1,189568
7290019056256,false,שוופס מים בטעמים תפוחים 1.5 ליטר פיקדון,יפאורה - שותפות מוגבלת לשיווק,,שוופס מים בטעמים תפו,Unknown,0.00,יחידה,false,,7.90,0.0000,true,1,189569
7290019056263,false,שוופס מים בטעמים אפרסק 1.5 ליטר פיקדון,יפאורה - שותפות מוגבלת לשיווק,,שוופס מים בטעמים אפר,Unknown,0.00,יחידה,false,,7.90,0.0000,true,1,189570
7290019056270,false,שוופס מים בטעמים פירות יער 1.5 ליטר פיקדון,יפאורה - שותפות מוגבלת לשיווק,,שוופס מים בטעמים פיר,Unknown,0.00,יחידה,false,,7.90,0.0000,true,1,189571
7290019056287,false,שוופס מים בטעמים אפרסק ללא סוכר 1.5 ליטר פיקדון,יפאורה - שותפות מוגבלת לשיווק,,שוופס מים בטעמים אפר,Unknown,0.00,יחידה,false,,7.90,0.0000,true,1,189572
7290019056317,false,שוופס ראשן 1.5 ליטר פיקדון,יפאורה - שותפות מוגבלת לשיווק,,שוופס ראשן 1.5 ל',Unknown,0.00,יחידה,false,,12.90,0.0000,true,1,189575
7290019056324,false,שוופס טוניק 1.5 ליטר פיקדון,יפאורה - שותפות מוגבלת לשיווק,,שוופס טוניק 1.5 ל',Unknown,0.00,יחידה,false,,12.90,0.0000,true,1,189576
7290019056331,false,שוופס טוניק ללא סוכר 1.5 ליטר פיקדון,יפאורה - שותפות מוגבלת לשיווק,,שוופס טוניק ללא סוכר,Unknown,0.00,יחידה,false,,12.90,0.0000,true,1,189577
7290019056355,false,תפוזינה לימונדה מיקס לימונענע 1.5 ליטר,יפאורה - שותפות מוגבלת לשיווק,,תפוזינה לימונענע 1.5,Unknown,0.00,יחידה,false,,8.90,0.0000,true,1,189578
7290019056362,false,תפוזינה משקה קל ענבים 1.5 ליטר,יפאורה - שותפות מוגבלת לשיווק,,תפוזינה ענבים 1.5 ל',Unknown,0.00,יחידה,false,,8.90,0.0000,true,1,189579
7290019056379,false,משקה קל תפוזינה 1.5 ליטר תפוזים,יפאורה - שותפות מוגבלת לשיווק,,תפוזינה תפוזים 1.5 ל,Unknown,0.00,יחידה,false,,8.90,0.0000,true,1,189580
7290019056386,false,משקה קל תפוזינה 1.5 ליטר אשכוליות,יפאורה - שותפות מוגבלת לשיווק,,תפוזינה אשכוליות 1.5,Unknown,0.00,יחידה,false,,8.90,0.0000,true,1,189581
7290019056393,false,משקה קל תפוזינה 1.5 ליטר תות בננה,יפאורה - שותפות מוגבלת לשיווק,,תפוזינה תות בננה 1.5,Unknown,0.00,יחידה,false,,8.90,0.0000,true,1,189582
7290019056409,false,תפוזינה משקה קל מנגו עסיסי1.5ליטר,יפאורה - שותפות מוגבלת לשיווק,,תפוזינה מנגו 1.5 ל',Unknown,0.00,יחידה,false,,8.90,0.0000,true,1,189583
7290019056416,false,מיץ בטעם לימונדה ורודה 1.5 ל' תפוזינה,יפאורה - שותפות מוגבלת לשיווק,,תפוזינה לימונדה ורוד,Unknown,0.00,יחידה,false,,8.90,0.0000,true,1,189584
7290019056423,false,תפוזינה משקה קל תפוח רענן 1.5ליטר,יפאורה - שותפות מוגבלת לשיווק,,תפוזינה תפוחים 1.5 ל,Unknown,0.00,יחידה,false,,8.90,0.0000,true,1,189585
7290019056430,false,משקה קל תפוזינה 1.5 ליטר תפוזים לייט,יפאורה - שותפות מוגבלת לשיווק,,תפוזינה תפוזים לייט,Unknown,0.00,יחידה,false,,8.90,0.0000,true,1,189586
7290019056447,false,משקה קל תפוזינה 1.5 ליטר אשכוליות לייט,יפאורה - שותפות מוגבלת לשיווק,,תפוזינה אשכוליות ליי,Unknown,0.00,יחידה,false,,8.90,0.0000,true,1,189587
7290019056461,false,מארז משקה בטעם קולה שישייה * 1.5 ל' אר.סי,יפאורה - שותפות מוגבלת לשיווק,,אר סי 1.5 ל' שישייה,Unknown,0.00,יחידה,false,,39.90,0.0000,true,1,189589
7290019056478,false,ספרינג טי קר אפרסק 1.5ליטר פיקדון,יפאורה - שותפות מוגבלת לשיווק,,ספרינג תה אפרסק 1.5,Unknown,0.00,יחידה,false,,7.90,0.0000,true,1,189590
7290019056485,false,ספריג תה ירוק לימון לואיזה 1.5 ליטר פיקדון,יפאורה - שותפות מוגבלת לשיווק,,ספרינג תה תה ירוק לי,Unknown,0.00,יחידה,false,,7.90,0.0000,true,1,189591
7290019056492,false,ספרינג תה מנגו אפרסק 1.5 ליטר פיקדון,יפאורה - שותפות מוגבלת לשיווק,,ספרינג תה מנגו אפרסק,Unknown,0.00,יחידה,false,,7.90,0.0000,true,1,189592
7290019056515,false,פרוט ווטר אננס 1.5 ליטר פיקדון,יפאורה - שותפות מוגבלת לשיווק,,פרוט ווטר אננס 1.5 ל,Unknown,0.00,יחידה,false,,8.90,0.0000,true,1,189594
7290019056522,false,פרוט ווטר תות 1.5 ליטר פיקדון,יפאורה - שותפות מוגבלת לשיווק,,פרוט ווטר תות 1.5 ל',Unknown,0.00,יחידה,false,,8.90,0.0000,true,1,189595
7290019056539,false,פרוט ווטר אפרסק 1.5 ליטר פיקדון,יפאורה שותפות מוגבלת לשיווק,,פרוט ווטר אפרסק 1.5,Unknown,0.00,יחידה,false,,8.90,0.0000,true,1,189596
7290019056546,false,פרוט ווטר אבטיח 1.5 ליטר פיקדון,יפאורה - שותפות מוגבלת לשיווק,,פרוט ווטר אבטיח 1.5,Unknown,0.00,יחידה,false,,8.90,0.0000,true,1,189597
7290019056553,false,שישיית מים מינרלים עין גדי 2 ליטר,יפאורה - שותפות מוגבלת לשיווק,,עין גדי 2 ל' שישיות,קילוגרמים,2.00,ליטר,false,,13.80,6.9000,true,1,189285
7290019056577,false,ספרינג קל מנגו 1.5 ליטר פיקדון,יפאורה - שותפות מוגבלת לשיווק,,ספרינג מנגו 1.5 ל',Unknown,0.00,יחידה,false,,8.90,0.0000,true,1,189599
7290019056584,false,משקה קל תפוזים ספרינג 1.5 ליטר,יפאורה - שותפות מוגבלת לשיווק,,ספרינג תפוזים 1.5 ל',Unknown,0.00,יחידה,false,,8.90,0.0000,true,1,189600
7290019056591,false,משקה קל ענבים ספרינג 1.5 ליטר,יפאורה - שותפות מוגבלת לשיווק,,ספרינג ענבים 1.5 ל',Unknown,0.00,יחידה,false,,8.90,0.0000,true,1,189601
7290019056607,false,משקה קל תפוחים ספרינג 1.5 ליטר,יפאורה - שותפות מוגבלת לשיווק,,ספרינג תפוחים 1.5 ל',Unknown,0.00,יחידה,false,,8.90,0.0000,true,1,189602
7290019056614,false,משקה קל ספרינג 1.5 ליטר אפרסק,יפאורה - שותפות מוגבלת לשיווק,,ספרינג אפרסק 1.5 ל',Unknown,0.00,יחידה,false,,8.90,0.0000,true,1,189603
7290019056621,false,משקה קל פירות טרופיים ספרינג 1.5 ליטר,יפאורה - שותפות מוגבלת לשיווק,,ספרינג פירות טרופיים,Unknown,0.00,יחידה,false,,8.90,0.0000,true,1,189604
7290019056638,false,משקה קל תות בננה ספרינג 1.5 ליטר,יפאורה - שותפות מוגבלת לשיווק,,ספרינג תות בננה 1.5,Unknown,0.00,יחידה,false,,8.90,0.0000,true,1,189605
7290019056645,false,משקה קל ספרינג 1.5 ליטר אגס תפוח סברס,יפאורה - שותפות מוגבלת לשיווק,,ספרינג אגס תפוח סברס,Unknown,0.00,יחידה,false,,8.90,0.0000,true,1,189606
7290019056652,false,משקה קל ספרינג 1.5 ליטר אננס בננה,יפאורה - שותפות מוגבלת לשיווק,,ספרינג אננס בננה 1.5,Unknown,0.00,יחידה,false,,8.90,0.0000,true,1,189607
7290019056676,false,משקה קל אשכולית אננס דיאט ספרינג 1.5 ליטר,יפאורה - שותפות מוגבלת לשיווק,,ספרינג אשכוליות אננס,Unknown,0.00,יחידה,false,,8.90,0.0000,true,1,189609
7290019056720,false,קריסטל מיץ ענבים 2 ליטר פיקדון,יפאורה - שותפות מוגבלת לשיווק,,קריסטל מיץ ענבים 2 ל,Unknown,0.00,יחידה,false,,7.90,0.0000,true,1,189613
7290019056737,false,משקה קל קריסטל (2 ליטר)אשכוליות,יפאורה - שותפות מוגבלת לשיווק,,קריסטל מיץ אשכוליות,Unknown,0.00,יחידה,false,,7.90,0.0000,true,1,189614
7290019056744,false,קריסטל מיץ תפוזים 2 ליטר פיקדון,יפאורה - שותפות מוגבלת לשיווק,,קריסטל מיץ תפוזים 2,Unknown,0.00,יחידה,false,,7.90,0.0000,true,1,189615
7290019056751,false,קריסטל מיץ אשכוליות דיאט 2 ליטר פיקדון,יפאורה - שותפות מוגבלת לשיווק,,קריסטל מיץ אשכוליות,Unknown,0.00,יחידה,false,,7.90,0.0000,true,1,189616
7290019056768,false,קריסטל משקה קל מנגו 2 ליטר פיקדון,יפאורה - שותפות מוגבלת לשיווק,,קריסטל מיץ מנגו 2 ל',Unknown,0.00,יחידה,false,,7.90,0.0000,true,1,189617
7290019056775,false,משקה קל קריסטל (2 ליטר)מוגז ענבים,יפאורה - שותפות מוגבלת לשיווק,,קריסטל מוגז ענבים 2,Unknown,0.00,יחידה,false,,7.90,0.0000,true,1,189618
7290019056782,false,משקה קל קריסטל (2 ליטר)מוגז למון ליים,יפאורה - שותפות מוגבלת לשיווק,,קריסטל מוגז למון ליי,Unknown,0.00,יחידה,false,,7.90,0.0000,true,1,189619
7290019056799,false,משקה קל קריסטל (2 ליטר)מוגז אקזוטי,יפאורה - שותפות מוגבלת לשיווק,,קריסטל מוגז אקזוטי 2,Unknown,0.00,יחידה,false,,7.90,0.0000,true,1,189620
7290019056805,false,משקה קל קריסטל (2 ליטר)מוגז תפוחים,יפאורה - שותפות מוגבלת לשיווק,,קריסטל מוגז תפוחים 2,Unknown,0.00,יחידה,false,,7.90,0.0000,true,1,189621
7290019056829,false,משקה קל קריסטל (2 ליטר)מוגז תפוזים,יפאורה - שותפות מוגבלת לשיווק,,קריסטל מוגז תפוזים 2,Unknown,0.00,יחידה,false,,7.90,0.0000,true,1,189623
7290019056836,false,משקה קל קריסטל (2 ליטר)מוגז תות,יפאורה - שותפות מוגבלת לשיווק,,קריסטל מוגז תות 2 ל',Unknown,0.00,יחידה,false,,7.90,0.0000,true,1,189624
7290019056843,false,משקה קל קריסטל (2 ליטר)מוגז קולה,יפאורה - שותפות מוגבלת לשיווק,,קריסטל מוגז קולה 2 ל,Unknown,0.00,יחידה,false,,7.90,0.0000,true,1,189625
7290019056850,false,ספרינג תה אפרסק דיאט 1.5 ליטר פיקדון,יפאורה - שותפות מוגבלת לשיווק,,ספרינג תה אפרסק דיאט,Unknown,0.00,יחידה,false,,7.90,0.0000,true,1,189626
7290019056881,false,שוופס סודה 1.5 ליטר,יפאורה - שותפות מוגבלת לשיווק,,שוופס סודה 1.5 ל',Unknown,0.00,יחידה,false,,3.20,0.0000,true,1,190265
7290019056966,false,מי עדן בקבוק פיקדון 1.5 ליטר,תבורי-שותפות מוגבלת לשיווק,,מי עדן 1.5 ל' בק' בו,קילוגרמים,1.50,ליטר,false,,5.20,3.4667,true,1,190138
7290019056973,false,מי עדן שישיה בק `1.5ליטר פיקדון,יפאורה - שותפות מוגבלת לשיווק,,מי עדן 1.5 ל' שישייה,קילוגרמים,1.50,ליטר,false,,14.90,9.9333,true,1,189239
7290019060093,false,לקט ירקות העונה 800,,,לקט ירקות העונה 800,גרמים,800.00,100 גרם,false,,12.90,1.6125,true,1,198821
7290019060307,false,גרינז גזר גמדי 800 ג,,,גרינז גזר גמדי 800 ג,גרמים,800.00,100 גרם,false,,10.90,1.3625,true,1,198822
7290019060338,false,גרינז שעועית ירוקה ח,,,גרינז שעועית ירוקה ח,גרמים,800.00,100 גרם,false,,12.90,1.6125,true,1,198826
7290019060352,false,גרין גרעיני תירס 800 ג',,,גרינז גרעיני תירס 80,גרמים,800.00,100 גרם,false,,14.90,1.8625,true,1,198823
7290019060369,false,גרינז שעועית צהובה ח,,,גרינז שעועית צהובה ח,גרמים,800.00,100 גרם,false,,12.90,1.6125,true,1,198827
7290019060406,false,גרינז שעועית לבנה 80,,,גרינז שעועית לבנה 80,גרמים,800.00,100 גרם,false,,12.90,1.6125,true,1,198831
7290019074298,false,"ד""ר פישר - קמיל בלו אקסטרה סופט שמפו לתינוק 500 מ""ל","פישר תעשיות פרמצביטות בע""מ",,קמיל בלו אקסטרה סופר,גרמים,500.00,100 גרם,false,,19.90,3.9800,true,1,200573
7290019074557,false,"תחליב רחצה שמן כותנה משאבה 700 מ""ל ד""ר פישר","ד""ר פישר",,אפקטיב קר תחליב רחצה,מיליליטרים,700.00,"100 מ""ל",false,,16.90,2.4143,true,1,197055
7290019074755,false,"תחליב רחצה שמן שקדים משאבה 700 מ""ל ד""ר פישר","ד""ר פישר",,אפקטיב קר תחליב רחצה,מיליליטרים,700.00,"100 מ""ל",false,,16.90,2.4143,true,1,197056
7290019074885,false,"ד""ר פישר - קמיל בלו אקסטרה סופט קרם גוף לתינוק 500 מ""ל","פישר תעשיות פרמצביטות בע""מ",,קמיל בלו אקסטרה סופט,Unknown,0.00,יחידה,false,,29.90,0.0000,true,1,200578
7290019075479,false,"ד""ר פישר - קמיל בלו קלאסיק שמפו לתינוק 1 ליטר","פישר תעשיות פרמבצטיות בע""מ",IL,קמיל בלו שמפו ללא דמ,ליטרים,1000.00,100 ליטר,false,,32.00,0.0320,true,1,202014
7290019075493,false,"אפקטיב קר אל סבון עדין לידיים מועשר בתה ירוק ויסמין 350 מ""ל",פישר תעשיות פרמבצטיות בעמ,IL,אפקטיב קר תחליב רחצה,מיליליטרים,350.00,"100 מ""ל",false,,11.90,3.4000,true,1,203762
7290019075899,false,קמיל בלו אקסטרה סופט אל סבון לתינוק 1 ליטר,"פישר תעשיות פרמצביטות בע""מ",,קמיל בלו אקסטרה סופר,Unknown,0.00,יחידה,false,,29.90,0.0000,true,1,200574
7290019105091,false,נויה דילייטס סבון יד,,,נויה דילייטס סבון יד,מיליליטרים,500.00,"100 מ""ל",false,,14.90,2.9800,true,1,194179
7290019105299,false,נויה דילייטס סבון יד,,,נויה דילייטס סבון יד,מיליליטרים,500.00,"100 מ""ל",false,,14.90,2.9800,true,1,194180
7290019105329,false,נויה אל סבון נוזלי 1,,,נויה אל סבון נוזלי 1,ליטרים,1000.00,100 ליטר,false,,10.90,0.0109,true,1,200524
7290019105336,false,נויה אל סבון נוזלי,,,נויה אל סבון נוזלי,ליטרים,1000.00,100 ליטר,false,,10.90,0.0109,true,1,200523
7290019105497,false,נויה דילייטס סבון יד,,,נויה דילייטס סבון יד,מיליליטרים,500.00,"100 מ""ל",false,,14.90,2.9800,true,1,194181
7290019105527,false,נויה אל סבון נוזלי 1,,,נויה אל סבון נוזלי 1,ליטרים,1000.00,100 ליטר,false,,10.90,0.0109,true,1,200525
7290019105688,false,הום שלישיית מגבונים,,,הום שלישיית מגבונים,Unknown,50.00,יחידה,false,,19.90,0.3980,true,1,195109
7290019105725,false,נויה אל סבון נוזלי 1,,,נויה אל סבון נוזלי 1,ליטרים,1000.00,100 ליטר,false,,10.90,0.0109,true,1,200526
7290019105886,false,נויה דילייטס סבון יד,,,נויה דילייטס סבון יד,מיליליטרים,500.00,"100 מ""ל",false,,14.90,2.9800,true,1,194182
7290019153344,false,משקה קל תפוזינה 1.5 ליטר סנגרייה,יפאורה - שותפות מוגבלת לשיווק,,תפוזינה סנגרייה 1.5,קילוגרמים,1.50,ליטר,false,,8.90,5.9333,true,1,197430
7290019153351,false,משקה קל תפוזינה 1.5 ליטר פינק אוזו,יפאורה - שותפות מוגבלת לשיווק,,תפוזינה פינק אוזו 1.,קילוגרמים,1.50,ליטר,false,,8.90,5.9333,true,1,197431
7290019153375,false,משקה קל תפוזינה 1.5 ליטר מוחיטו,יפאורה - שותפות מוגבלת לשיווק,,תפוזינה מוחיטו 1.5 ל,קילוגרמים,1.50,ליטר,false,,8.90,5.9333,true,1,197432
7290019167006,false,מעדן אורז בחלב 135 ג' eden,,,מעדן אורז בחלב Rice,גרמים,135.00,100 גרם,false,,4.10,3.0370,true,1,190404
7290019167013,false,מעדן סחלב 135 ג' eden,,,מעדן סחלב,גרמים,135.00,100 גרם,false,,4.10,3.0370,true,1,190405
7290019167020,false,עוגת גבינה עם פירות יער לייט עדן קינוחים 82 גרם,"תנובה בע""מ ***",,עוגת גבינה עם פירות,Unknown,0.00,יחידה,false,,4.90,0.0000,true,1,201042
7290019167037,false,תותים בקצפת עדן קינוחים 82 גרם,תנובה בעמ ***,,תותים בקצפת 82 גרם,Unknown,0.00,יחידה,false,,4.90,0.0000,true,1,201043
7290019167044,false,קצפת עם קרם בייגלה מתוק מלוח עדן קינוחים 82 גרם,תנובה בעמ ***,,קצפת עם קרם בייגלה מ,Unknown,0.00,יחידה,false,,6.90,0.0000,true,1,201044
7290019229285,false,הום ג'ל כביסה צבעוני,,,הום ג'ל כביסה צבעוני,Unknown,0.00,יחידה,false,,24.90,0.0000,true,1,196290
7290019229292,false,ג'ל כביסה 3 ליטר לכב,,,ג'ל כביסה 3 ליטר לכב,קילוגרמים,3.00,ליטר,false,,24.90,8.3000,true,1,198334
7290019229308,false,נוזל רצפה 2ל בניחוח,,,נוזל רצפה 2ל בניחוח,Unknown,0.00,יחידה,false,,12.90,0.0000,true,1,194103
7290019229315,false,נוזל רצפה 2ל בניחוח,,,נוזל רצפה 2ל בניחוח,Unknown,0.00,יחידה,false,,12.90,0.0000,true,1,194104
7290019229322,false,הום נוזל רצפה 2ל מתא,,,הום נוזל רצפה 2ל מתא,Unknown,0.00,יחידה,false,,12.90,0.0000,true,1,194105
7290019229384,false,הום נוזל כלים 1.5 לי,,,הום נוזל כלים 1.5 לי,קילוגרמים,1.50,ליטר,false,,12.90,8.6000,true,1,197548
7290019229391,false,הום נוזל כלים לימון,,,הום נוזל כלים לימון,קילוגרמים,1.00,ליטר,false,,9.90,9.9000,true,1,197547
7290019229469,false,הום נוזל רצפה 4 ליטר,,,הום נוזל רצפה 4 ליטר,Unknown,0.00,יחידה,false,,13.90,0.0000,true,1,199031
7290019229476,false,הום נוזל רצפה 4 ליטר,,,הום נוזל רצפה 4 ליטר,Unknown,0.00,יחידה,false,,13.90,0.0000,true,1,199032
7290019229483,false,הום נוזל רצפה 4 ליטר,,,הום נוזל רצפה 4 ליטר,Unknown,0.00,יחידה,false,,13.90,0.0000,true,1,199030
7290019229513,false,הום מרכך כביסה מרוכז,,,הום מרכך כביסה מרוכז,Unknown,0.00,יחידה,false,,13.90,0.0000,true,1,199028
7290019232353,false,תה ירוק סיני 50 שקיקים ויסוצקי,תה ויסוצקי (ישראל) בעמ,,תה ירוק סיני 50 שקיק,Unknown,50.00,יחידה,false,,44.90,0.8980,true,1,199145
7290019232834,false,פליפז בייגלה מצופה קרם עוגיות ושוקולד מקוויטיס 140 גרם,תה ויסוצקי (ישראל) בעמ,,פליפז בייגלה מצופה ק,גרמים,140.00,100 גרם,false,,8.90,6.3571,true,1,198242
7290019237068,false,עוגת ספוג קקאו במילוי ק.וניל 12*35 ג' אנגוי רול,,,עוגיות אנגוי רוול 42,גרמים,420.00,100 גרם,false,,9.90,2.3571,true,1,190669
7290019237075,false,עוגיות ספוג במילוי ק.וניל 12*35 ג' איסי קייק,,,עוגיות איסי קייק 420,גרמים,420.00,100 גרם,false,,9.90,2.3571,true,1,190670
7290019251019,false,שמאי צלחות קטנות מני,,,שמאי צלחות קטנות מני,Unknown,50.00,יחידה,false,,9.90,0.1980,true,1,198730
7290019251040,false,שמאי צלחות גדולות מנ,,,שמאי צלחות גדולות מנ,Unknown,50.00,יחידה,false,,13.90,0.2780,true,1,198731
7290019251101,false,קשים לשתייה מנייר 100 יח' ר.שמאי,,,שמאי קשים לשתיה מניי,Unknown,100.00,יחידה,false,,7.90,0.0790,true,1,198733
7290019251125,false,קשים מנייר מתקפלים לשתיה ארומה 50 יחי' שמאי,,,שמאי קשים לשתיה מניי,Unknown,50.00,יחידה,false,,7.90,0.1580,true,1,198735
7290019297420,false,מעדן תות שדה 100% רכיבי פרי 284 גר' ללא תוספת סוכר,דין שיווק וקליה 2021 בעמ,,שקדיה מעדן תות שדה ל,גרמים,284.00,100 גרם,false,,11.90,4.1901,true,1,134601
7290019297505,false,"רוטב רימונים שקדיה 700מ""ל בד""ץ",דין שיווק וקליה 2021 בעמ,,שקדיה רוטב רימונים 7,מיליליטרים,700.00,"100 מ""ל",false,,22.90,3.2714,true,1,134604
7290019376002,false,רוטב שום לימון מיוחד,,,רוטב שום לימון מיוחד,גרמים,500.00,100 גרם,false,,16.90,3.3800,true,1,196304
7290019406112,false,קומקום חשמלי נירוסטה,,,קומקום חשמלי נירוסטה,Unknown,0.00,יחידה,false,,69.90,0.0000,true,1,202124
7290019428084,false,מארז רביעיית חבק רולים שוקו 100 גרם,"גילרו בע""מ",,מארז חבק רולים שוקו,Unknown,0.00,יחידה,false,,11.90,0.0000,true,1,201115
7290019428091,false,מארז רביעיית חבק רולים אגוז 100 גרם,"גילרו בע""מ",,מארז חבק רולים אגוז,Unknown,0.00,יחידה,false,,11.90,0.0000,true,1,201116
7290024486314,false,פרמיו בוגר עוף לכלב,,,פרמיו בוגר עוף לכלב,Unknown,0.00,יחידה,false,,5.90,0.0000,true,1,198666
7290055090801,false,כרמית שוקולד לבן ללא תוספת סוכר 85 גרם,כרמית תעשיות ממתקים בעמ,,"חופשי שוקולד לבן לל""",Unknown,0.00,יחידה,false,,5.90,0.0000,true,1,147423
7290087586808,false,"מבשם גוף אלין 250 מ""ל MADAM",,,"אלין מבשם גוף 250 מ""",מיליליטרים,250.00,"100 מ""ל",false,,42.90,17.1600,true,1,187814
7290100240137,false,"תרסיס ריחני למייבש כחול בדין 500 מ""ל",יוניליוור ישראל שיווק בע`מ,,בדין למייבש כביסה כח,מיליליטרים,500.00,"100 מ""ל",false,,18.90,3.7800,true,1,111362
7290100240144,false,"תרסיס ריחני למייבש ורוד בדין 500 מ""ל",יוניליוור ישראל שיווק בע`מ,,בדין למייבש כביסה ור,מיליליטרים,500.00,"100 מ""ל",false,,18.90,3.7800,true,1,111363
7290100240632,false,קרקר פתית 200-300ג' 6 דגנים 250 גרם,יוניליוור ישראל שיווק בע`מ,,פתית 6 דגנים 250 גרם,גרמים,250.00,100 גרם,false,,14.90,5.9600,true,1,119597
7290100240656,false,"פתית שיפון בד""צ חדש 300X24 גר'",יוניליוור ישראל שיווק בע`מ,,פתית שיפון 300 גרם,גרמים,300.00,100 גרם,false,,14.90,4.9667,true,1,119598
7290100243671,false,"מרכך כביסה מרוכז אקסטרה כחול בדין 960 מ""ל",יוניליוור ישראל שיווק בע`מ,,בדין אקסטרא כחול 960,מיליליטרים,960.00,"100 מ""ל",false,,16.90,1.7604,true,1,119603
7290100245231,false,נמס בכוס מרק בטעם עוף עם אטריות ושקדי מרק-2 שקיות,יוניליוור ישראל שיווק בע`מ,,נמס בכוס ועוד טעם עו,Unknown,0.00,יחידה,false,,6.90,0.0000,true,1,119612
7290100249598,false,רוטב לעוף בטעם שום ודבש קנור (320 גרם),יוניליוור ישראל שיווק בע`מ,,רוטב לעוף שום ודבש ב,גרמים,320.00,100 גרם,false,,10.90,3.4063,true,1,119636
7290100249659,false,"רוטב לעוף צ'ילי מתוק ושום קנור 320 גרם בד""צ",יוניליוור ישראל שיווק בע`מ,,רוטב לעוף צ'ילי שום,גרמים,310.00,100 גרם,false,,10.90,3.5161,true,1,119639
7290100341803,false,חטיף לכלבים בונזו עו,ביופט,,בונזו חטיף רצועות עו,Unknown,0.00,יחידה,false,,5.90,0.0000,true,1,176876
7290100411254,false,מחית בוליווד תפוח ובננה 190 גרם ללא תוספ,שקד תבל בע`מ,,מחית תפוח ובננה 190,גרמים,190.00,100 גרם,false,,4.90,2.5789,true,1,158443
7290100412343,false,קוויק מטליות לחות 99.9% לניקוי כללי בריח לימון 50 יחידות,שקד תבל בע`מ,,קוויק מגבונים לניקוי,Unknown,0.00,יחידה,false,,8.90,0.0000,true,1,158459
7290100412435,false,קוויק מטליות לחות 99.9% לניקוי כללי בריח פרחי בר 50 יחידות,שקד תבל בע`מ,,קוויק לניקוי שירותים,Unknown,0.00,יחידה,false,,8.90,0.0000,true,1,158460
7290100412442,false,קוויק מטליות לחות 99.9% לניקוי שירותים ומקלחות בריח מנטה 50 יחידות,שקד תבל בע`מ,,קוויק מגבונים לניקוי,Unknown,50.00,יחידה,false,,8.90,0.1780,true,1,158461
7290100412459,false,קוויק מטליות לחות 99.9% לניקוי שירותים ומקלחות בריח לוונדר 50 יחידות,שקד תבל בע`מ,,קוויק לניקוי שירותים,Unknown,0.00,יחידה,false,,8.90,0.0000,true,1,158643
7290100412756,false,"קרם ידיים לעור יבש פרחי בר ד""ר עור 100 מ""ל","אמיליה קוסמטיקס בע""מ",,קרם ידיים לעור יבש פ,Unknown,0.00,יחידה,false,,12.90,0.0000,true,1,158475
7290100412787,false,"ד""ר עור - תחליב רחצה קלאסי בניחוח פריחת הכותנה 700 מ""ל","אמיליה קוסמטיקס בע""מ",,תחליב רחצה קלקסי כות,Unknown,0.00,יחידה,false,,12.90,0.0000,true,1,158467
7290100412794,false,דר עור פילינג עדין לפנים קלאסי מאסק 150,"אמיליה קוסמטיקס בע""מ",,פילינג פנים מאסק 15,Unknown,0.00,יחידה,false,,24.90,0.0000,true,1,158472
7290100412800,false,"תחליב רחצה לעור יבש וילד פלאור דר עור 700 מ""ל","אמיליה קוסמטיקס בע""מ",,תחליב רחצה לעור יבש,Unknown,0.00,יחידה,false,,12.90,0.0000,true,1,158473
7290100412831,false,תחליב רחצה אנטי אייג'ינג בניחוח וניל טרופי,"אמיליה קוסמטיקס בע""מ",,תחליב רחצה אנטי אייג,Unknown,0.00,יחידה,false,,12.90,0.0000,true,1,158477
7290100481516,false,מסננת רשת 2 ידיות 26,,,מסננת רשת 2 ידיות 26,Unknown,0.00,יחידה,false,,24.90,0.0000,true,1,193141
7290100485491,false,גיל סט 6 כפיות דגם ג,י.סולומון חוויה שבכלי בעמ,,גיל סט 6 כפיות דגם ג,Unknown,0.00,יחידה,false,,5.90,0.0000,true,1,164910
7290100485507,false,סט 6 מזלגות דגם גיל,י.סולומון חוויה שבכלי בעמ,,גיל סט 6 מזלגות דגם,Unknown,0.00,יחידה,false,,5.90,0.0000,true,1,164911
7290100485514,false,גיל סט 6 כפות דגם גי,י.סולומון חוויה שבכלי בעמ,,גיל סט 6 כפות דגם גי,Unknown,0.00,יחידה,false,,5.90,0.0000,true,1,164912
7290100488461,false,גיל סט 6 כפיות לגליד,,,גיל סט 6 כפיות לגליד,Unknown,0.00,יחידה,false,,6.90,0.0000,true,1,164919
7290100659090,false,פרי חטיפים ללא גלוטן ותוספת סוכר מארז 5 תמרים וקינמון,טבעית מוצרים מן הטבע בעמ,,פרי חטיפים ללא סוכר,Unknown,5.00,יחידה,false,,16.90,3.3800,true,1,128223
7290100680650,false,מנה חמה נודלס-אטריות ירקות טעם תאילנדי אסם 76 ג',קבוצת אוסם סחר שותפות מוגבלת,,מנה חמה נודלס-אטריות,Unknown,0.00,יחידה,false,,7.90,0.0000,true,1,126935
7290100680667,false,מנה חמה נודלס בסגנון סצ`ואן אסם (76 גרם),קבוצת אוסם סחר שותפות מוגבלת,,מנה חמה נודלס-אטריות,Unknown,0.00,יחידה,false,,7.90,0.0000,true,1,126936
7290100680711,false,פירורית זהב אסם זהב 350ג',קבוצת אוסם סחר שותפות מוגבלת,,פירורית זהב שקית 350,גרמים,350.00,100 גרם,false,,9.90,2.8286,true,1,126937
7290100680728,false,פירורית רגילה שקית 350 גרם,קבוצת אוסם סחר שותפות מוגבלת,,פירורית רגילה שקית 3,גרמים,350.00,100 גרם,false,,7.90,2.2571,true,1,126938
7290100681015,false,אינסטנט פודינג בטעם ריבת חלב אסם 84 גרם,קבוצת אוסם סחר שותפות מוגבלת,,אסם פודינג אינסטנט ר,Unknown,0.00,יחידה,false,,5.50,0.0000,true,1,126940
7290100681503,false,עסיס סירופ לימונענע דיאטטי 1 ליטר,קבוצת אוסם סחר שותפות מוגבלת,,עסיס סירופ דיאט בטעם,קילוגרמים,1.00,ליטר,false,,19.90,19.9000,true,1,126944
7290100685136,false,"אבקת מרק טעם עוף 1 ק""ג 1/8 אסם",קבוצת אוסם סחר שותפות מוגבלת,,"אסם מרק טעם עוף 1 ק""",פריט,1.00,"ק""ג",false,,15.90,15.9000,true,1,126958
7290100685334,false,אבקת מרק עוף אמיתי בשרי רכיבים טבעיים אסם 400 גרם,קבוצת אוסם סחר שותפות מוגבלת,,מרק עוף רכיבים טבעיי,גרמים,400.00,100 גרם,false,,21.90,5.4750,true,1,126960
7290100685341,false,אבקת מרק טעם עוף זך רכיבים טבעיים אסם 400 גרם,קבוצת אוסם סחר שותפות מוגבלת,,מרק טעם עוף זך רכיבי,גרמים,400.00,100 גרם,false,,18.90,4.7250,true,1,126961
7290100685563,false,פירורית זהב אסם מארז 200X2ג',קבוצת אוסם סחר שותפות מוגבלת,,פירורית זהב שקית 2 *,גרמים,400.00,100 גרם,false,,9.90,2.4750,true,1,126963
7290100686164,false,מארז מולטיפק ביסלי ברביקיו 6 יח 35 גר יח,קבוצת אוסם סחר שותפות מוגבלת,,מארז ביסלי ברביקיו 6,גרמים,210.00,100 גרם,false,,12.90,6.1429,true,1,126966
7290100686171,false,מארז מולטיפק ביסלי גריל 6 יח 35 גר ליח,קבוצת אוסם סחר שותפות מוגבלת,,מארז ביסלי גריל 6*35,גרמים,210.00,100 גרם,false,,12.90,6.1429,true,1,126967
7290100688618,false,גביעי גלידה שוקולד אסם 95 גרם 24 יחידות,קבוצת אוסם סחר-שות.מוגבלת,,גביעי גלידה ממותקים,Unknown,20.00,יחידה,false,,15.90,0.7950,true,1,126971
7290100689301,false,אבקת מרק בטעם עוף זך עדיף אסם 400 גרם,קבוצת אוסם סחר שותפות מוגבלת,,מרק עוף זך - עדיף 40,גרמים,400.00,100 גרם,false,,15.90,3.9750,true,1,126972
7290100700006,false,"סוגת חיטה 1 ק""ג","סוגת תעשיות בע""\מ",,"סוגת חיטה 1 ק""ג",פריט,1.00,"ק""ג",false,,8.90,8.9000,true,1,124717
7290100700020,false,גריסי פנינה סוגת (500 גרם),האי נאם סי או אל.טי.,,סוגת גריסי פנינה 200,גרמים,200.00,100 גרם,false,,4.90,2.4500,true,1,124718
7290100700075,false,פירורי לחם מוזהבים סוגת (200 גרם),"סוגת תעשיות בע""\מ",,פירורי לחם מוזהבים ש,גרמים,200.00,100 גרם,false,,3.90,1.9500,true,1,124720
7290100700242,false,אורז מלא עגול סוגת (1 קג),"סוגת תעשיות בע""\מ",,סוגת אורז מלא עגול 1,פריט,1.00,"ק""ג",false,,9.90,9.9000,true,1,124721
7290100700266,false,פירורי לחם לבנים סוגת 200 גרם,"סוגת תעשיות בע""מ",,סוגת פירורי לחם לבן,גרמים,200.00,100 גרם,false,,3.90,1.9500,true,1,124722
7290100700273,false,קינואה לבנה 500 ג סו,האי נאם סי או אל.טי.,,סוגת קינואה 500 גרם,גרמים,500.00,100 גרם,false,,12.90,2.5800,true,1,124723
7290100700297,false,עדשים שחורות מנומרות סוגת 500 גרם,"סוגת תעשיות בע""מ",,סוגת עדשים שחורות 50,גרמים,500.00,100 גרם,false,,7.90,1.5800,true,1,124724
7290100700310,false,"סוגת כוסמת סוגת 1ק""ג","סוגת תעשיות בע""מ",,"סוגת כוסמת סוגת 1ק""ג",פריט,1.00,"ק""ג",false,,14.90,14.9000,true,1,124725
7290100700327,false,"גריסי פנינה סוגת 1 ק""ג","סוגת תעשיות בע""\מ",,סוגת גריסי פנינה 1 ק,גרמים,1000.00,100 גרם,false,,9.90,0.9900,true,1,124726
7290100700334,false,קינואה לבנה 1 קג סוג,"סוגת תעשיות בע""מ",,סוגת קינואה 1קג,Unknown,0.00,יחידה,false,,19.90,0.0000,true,1,124727
7290100700365,false,"שעועית אדומה 1 ק""ג סוגת",סוגת תעשיות בעמ,,סוגת שעועית אדומה 1,גרמים,1000.00,100 גרם,false,,21.90,2.1900,true,1,124728
7290100700372,false,"אורז בסגנון בסמטי מלא 1 ק""ג",האי נאם סי או אל.טי.,,סוגת אורז בסמטי מלא,פריט,1.00,"ק""ג",false,,13.90,13.9000,true,1,124729
7290100700389,false,"אורז אדום 1 ק""ג ""סוגת""","סוגת תעשיות בע""\מ",,"סוגת אורז אדום 1 ק""ג",פריט,1.00,"ק""ג",false,,12.10,12.1000,true,1,124730
7290100700396,false,"סוגת אורז יסמין קלאסי 1 ק""ג",האי נאם סי או אל.טי.,,סוגת אורז יסמין קלאס,פריט,1.00,"ק""ג",false,,12.90,12.9000,true,1,124731
7290100700402,false,"סוגת חומוס ענק 1 ק""ג",סוגת תעשיות בעמ,,"סוגת חומוס ענק 1 ק""ג",פריט,1.00,"ק""ג",false,,22.90,22.9000,true,1,124732
7290100700419,false,"סוגת בורגול 1 ק""ג","סוגת תעשיות בע""\מ",,"סוגת בורגול 1 ק""ג",גרמים,1000.00,100 גרם,false,,7.90,0.7900,true,1,124733
7290100700563,false,אורז מיקס קלאסי סוגת (1 קג),סוגת תעשיות בעמ,,"סוגת אורז מיקס 1 ק""ג",פריט,1.00,"ק""ג",false,,13.10,13.1000,true,1,124736
7290100700587,false,בורגול סוגת (500 גרם),האי נאם סי או אל.טי.,,סוגת בורגול 500 גר,גרמים,500.00,100 גרם,false,,4.90,0.9800,true,1,124737
7290100701126,false,סוגת שעועית מש סוגת 500 גרם,סוגת תעשיות בעמ,,שעועית מש 500 גר,גרמים,500.00,100 גרם,false,,11.90,2.3800,true,1,124745
7290100701140,false,"אורז ריזוטו ארבוריו 1 ק""ג ""סוגת""","סוגת תעשיות בע""מ",,"אורז ריזוטו 1 ק""ג",פריט,1.00,"ק""ג",false,,12.90,12.9000,true,1,124746
7290100701157,false,אורז להכנת סושי סוגת (1 קג),"סוגת תעשיות בע""\מ",,אורז סושי 1 קג,גרמים,1000.00,100 גרם,false,,11.90,1.1900,true,1,124747
7290100701300,false,קינואה אדומה סוגת (500 גרם),"סוגת תעשיות בע""\מ",,סוגת קינואה אדומה 50,גרמים,500.00,100 גרם,false,,12.90,2.5800,true,1,124750
7290100701348,false,"קמח שיפון מלא סוגת 1 ק""ג",שטיבל טחנות קמח,,סוגת קמח שיפון מלא 1,פריט,1.00,"ק""ג",false,,7.90,7.9000,true,1,124753
7290100701409,false,קמח תירס סוגת (500 גרם),סוגת תעשיות בעמ,,סוגת קמח תירס 500 גר,גרמים,500.00,100 גרם,false,,5.90,1.1800,true,1,124756
7290100701454,false,בורגול דק גרישה סוגת (500 גרם),"סוגת תעשיות בע""\מ",,סוגת גרישה 500 גרם,גרמים,500.00,100 גרם,false,,4.90,0.9800,true,1,124758
7290100701577,false,קמח לחם קמח חיטה לבן שטיבל,טחנות קמח שטיבל באר שבע,,סוגת קמח לחם מועשר ב,פריט,1.00,"ק""ג",false,,7.90,7.9000,true,1,124759
7290100701874,false,"קמח כוסמין מלא סוגת 1 ק""ג",טחנות קמח שטיבל באר,,סוגת קמח כוסמין 1קג,Unknown,0.00,יחידה,false,,15.00,0.0000,true,1,124762
7290100701881,false,קמח פיצה ופוקצ'ה- קמח חיטה לבן בהיר שטיבל,"שטיבל בע""\מ - טחנת קמח",,סוגת קמח פיצה ופוקצה,פריט,1.00,"ק""ג",false,,7.90,7.9000,true,1,124763
7290100701898,false,קמח סוגת לפסטה 1 קג,שטיבל טחנות קמח,,סוגת קמח פסטה 1קג,Unknown,0.00,יחידה,false,,14.90,0.0000,true,1,124764
7290100702260,false,קוסקוס דק סוגת 350 גרם,"אסיף תעשיות מזון בע""\מ",,סוגת קוסקוס דק 350 ג,גרמים,350.00,100 גרם,false,,4.90,1.4000,true,1,124768
7290100702277,false,קוסקוס עבה סוגת 350 גרם,"אסיף תעשיות מזון בע""",,סוגת קוסקוס עבה 350,גרמים,350.00,100 גרם,false,,4.90,1.4000,true,1,124769
7290100702284,false,קוסקוס מלא סוגת (350 גרם),"אסיף תעשיות מזון בע""",,סוגת קוסקוס מלא 350,גרמים,350.00,100 גרם,false,,4.90,1.4000,true,1,124770
7290100702383,false,קמח תופח מס' 13 סוגת,"שטיבל בע""\מ - טחנות קמח",,סוגת קמח תופח 1 קג,Unknown,0.00,יחידה,false,,7.90,0.0000,true,1,124772
7290100702611,false,פתיתים אפויים אורז סוגת 500 גרם,"אסיף תעשיות מזון בע""\מ",,סוגת פתיתים אפויים א,גרמים,500.00,100 גרם,false,,5.90,1.1800,true,1,124777
7290100702628,false,פתיתים אפויים קוסקוס סוגת 500 גרם,"אסיף תעשיות מזון בע""\מ",,סוגת פתיתים אפויים ק,גרמים,500.00,100 גרם,false,,5.90,1.1800,true,1,124778
7290100702635,false,פתיתים אפויים כוכבים סוגת 500 גרם,"אסיף תעשיות מזון בע""",,סוגת פתיתים אפויים כ,גרמים,500.00,100 גרם,false,,5.90,1.1800,true,1,124779
7290100702642,false,פתיתים אפויים טבעות סוגת 500 גרם,"אסיף תעשיות מזון בע""",,סוגת פתיתים אפויים ט,גרמים,500.00,100 גרם,false,,5.90,1.1800,true,1,124780
7290100702741,false,"סוכר חום בהיר בצנצנת סוגת 1 ק""ג",סוגת תעשיות בעמ,,סוגת סוכר חום בהיר צ,גרמים,1000.00,100 גרם,false,,9.90,0.9900,true,1,124788
7290100702987,false,שיבולת שועל פתיתים סוגת 500 גרם,סוגת תעשיות בעמ,,סוגת שיבולת שועל 500,גרמים,500.00,100 גרם,false,,5.90,1.1800,true,1,124798
7290100702994,false,סוכר דמררה קלאסי בשקית סוגת 500 גרם,"סוגת תעשיות בע""מ",,סוגת סוכר דמררה קלאס,גרמים,500.00,100 גרם,false,,4.90,0.9800,true,1,124799
7290100703007,false,עדשים שחורות בלוגה סוגת (500 גרם),האי נאם סי או אל.טי.,,סוגת עדשים שחורות בל,גרמים,500.00,100 גרם,false,,7.90,1.5800,true,1,124800
7290100703434,false,בורגול חום סוגת 500 ג',"סוגת תעשיות בע""מ",,סוגת בורגול חום 500,גרמים,500.00,100 גרם,false,,4.90,0.9800,true,1,124811
7290100703557,false,"קמח פוקצה 1 ק""ג ""סוגת""",סוגת תעשיות בעמ,,"סוגת קמח פוקצ'ה 1 ק""",פריט,1.00,"ק""ג",false,,7.90,7.9000,true,1,124820
7290100703632,false,קמח חיטה מלא ללא צורך בניפוי,סוגת תעשיות בעמ,,קמח מלא ללא ניפוי 1,פריט,1.00,"ק""ג",false,,8.90,8.9000,true,1,124825
7290100703649,false,"קמח חיטה 80% ללא צורך בניפוי סוגת 1 ק""ג",סוגת תעשיות בעמ,,קמח מלא חיטה ללא ניפ,פריט,1.00,"ק""ג",false,,8.90,8.9000,true,1,124826
7290100703847,false,קוביות סוכר לבן סוגת 500 גרם,טרופיקל,,קוביות סוכר לבן סוג,גרמים,500.00,100 גרם,false,,9.90,1.9800,true,1,124829
7290100703854,false,קוביות סוכר לבן דמררה 500 ג' סוגת,סוגת תעשיות בעמ,,קוביות סוכר דמררה סו,גרמים,500.00,100 גרם,false,,9.90,1.9800,true,1,124830
7290100703915,false,פופקורן להכנה במיקרוגל בטעם חמאה - מארז 6 שקיות,סוגת תעשיות בעמ,,מארז פופקורן למיקרוג,Unknown,0.00,יחידה,false,,11.90,0.0000,true,1,124835
7290100703922,false,פופקורן להכנה במיקרוגל בטעם טבעי - מארז 6 שקיות,סוגת תעשיות בעמ,,מארז פופקורן למיקרוג,Unknown,0.00,יחידה,false,,11.90,0.0000,true,1,124836
7290100704066,false,עדשים צהובות סוגת 500 גרם,האי נאם סי או אל.טי.,,עדשים צהובות 500 גרם,גרמים,500.00,100 גרם,false,,6.90,1.3800,true,1,124843
7290100704516,false,חומוס מיני סוגת (500 גרם),"סוגת תעשיות בע""\מ",,חומוס מיני 500 גרם,גרמים,500.00,100 גרם,false,,7.90,1.5800,true,1,174540
7290100704530,false,"קמח כוסמין לבן תפוח מנופה סוגת 1 ק""ג",טחנות קמח שטיבל באר,,קמח כוסמין לבן ללא צ,פריט,1.00,"ק""ג",false,,15.90,15.9000,true,1,182703
7290100704578,false,"קמח כוסמין לבן תופח סוגת 1 ק""ג","שטיבל בע""\מ - טחנת קמח",,"קמח כוסמין לבן 1 ק""ג",פריט,1.00,"ק""ג",false,,15.90,15.9000,true,1,182706
7290100704608,false,שעועית לבנה עדינה סוגת (500 גרם),"סוגת תעשיות בע""\מ",,שעועית לבנה עדינה 50,גרמים,500.00,100 גרם,false,,7.90,1.5800,true,1,174541
7290100704660,false,"קינואה מיקס סוגת, 500 גרם","סוגת תעשיות בע""\מ",,סוגת קינואה מיקס 500,גרמים,500.00,100 גרם,false,,12.90,2.5800,true,1,182708
7290100704684,false,"קמח שמרים כוסמין סוגת רב תכליתי 1 ק""ג סוגת",סוגת תעשיות בעמ,,קמח שמרים כוסמין רב,פריט,1.00,"ק""ג",false,,19.90,19.9000,true,1,194062
7290100850909,false,חטיף תירס נאצ`ו מקסיקני דוריטוס (70 גרם),"שטראוס פריטו ליי בע""\מ",,דוריטוס נאצו מקסיקני,Unknown,0.00,יחידה,false,,3.20,0.0000,true,1,132938
7290100850916,false,דוריטוס חמוץ חריף מעודן 70 גרם כשר לפסח,"שטראוס פריטו ליי בע""\מ )",,דוריטוס חמוץ חריף 70,Unknown,0.00,יחידה,false,,3.20,0.0000,true,1,132939
7290100850923,false,חטיף תירס גריל דוריטוס (70 גרם),"שטראוס פריטו ליי בע""\מ )",,דוריטוס גריל 70 גרם,Unknown,0.00,יחידה,false,,3.20,0.0000,true,1,132940
7290100858592,false,אבקת קקאו עלית שקית 150 ג',הנסיך- מפעל לייצור ט,,עלית קקאו 150ג,גרמים,150.00,100 גרם,false,,9.90,6.6000,true,1,132275
7290100858608,false,עלית אבקת קקאו כשלפ 500 גרם,שטראוס קפה בי.ויn\.,,עלית קקאו 500 גרם,גרמים,500.00,100 גרם,false,,23.90,4.7800,true,1,132276
7290100913337,false,"סיר 14.5*32 ס""מ 9.6",,,"סיר 14.5*32 ס""מ 9.6",Unknown,0.00,יחידה,false,,199.90,0.0000,true,1,157018
7290100922569,false,קרם לטיפוח עוד הידיים והגוף- מארז שלישייה,טרופיקל דגיל,,ולוטה קרם ידיים 3*10,Unknown,3.00,יחידה,false,,16.90,5.6333,true,1,125981
7290100922651,false,הוואי - סבון מוצק מי קוקוס 100 גרם רביעייה,טרופיקל דגיל קוסמטיק,,סבון מוצק הוואי שמיי,גרמים,100.00,100 גרם,false,,11.90,11.9000,true,1,111422
7290100924204,false,"פרסיל אבקה לכביסה רגיל 8 ק""ג",גורי שיווק בעמ,,פרסיל אבקת 8 קג,פריט,8.00,"ק""ג",false,,49.90,6.2375,true,1,111540
7290100924457,false,שלישיית כדוריות סבון לאסלה לימון סוד 50 גרם,גורי שיווק בעמ,,סוד סבון 4 כדוריות ל,Unknown,3.00,יחידה,false,,14.90,4.9667,true,1,153747
7290100924464,false,כדוריות סבון נתלה לאסלה עם אקונומיקה - 3 יח',גורי שיווק בעמ,,סוד סבון 4 כדוריות ל,Unknown,3.00,יחידה,false,,14.90,4.9667,true,1,153748
7290100924631,false,מרכך כביסה מרוכז לבגדי תינוקות ובעלי עור רגיש,גורי שיווק בעמ,,סוד מרכך מרוכז בייבי,מיליליטרים,900.00,"100 מ""ל",false,,11.90,1.3222,true,1,111541
7290100928561,false,"אבקת כביסה בניחוח פרחים סוד 5 ק""ג",גורי שיווק בעמ,,סוד אבקת כביסה שושן,פריט,5.00,"ק""ג",false,,34.90,6.9800,true,1,153762
7290100928585,false,"סוד אבקה שושן מרענן לצבעונית 5 ק""ג",גורי שיווק בעמ,,סוד אבקת כביסה קולור,פריט,5.00,"ק""ג",false,,34.90,6.9800,true,1,153763
7290101110095,false,קרחון קולה יח פלדמן,,,קרחון קולה יח פלדמן,Unknown,0.00,יחידה,false,,1.50,0.0000,true,1,131760
7290101110477,false,גלידה בקלאווה 1.8 ליטר,פלקו בעמ,,גלידה בקלאוה 1.8 ליט,גרמים,900.00,100 גרם,false,,25.90,2.8778,true,1,131769
7290101111269,false,פונטש בננה וניל שוקו וניל נטיפים,פלקו בעמ,,5*5 פונטש בננה וניל,קילוגרמים,1.80,ליטר,false,,18.90,10.5000,true,1,131775
7290101111375,false,גלידל אייס תה אפרסק,,,גלידל אייס תה אפרסק,Unknown,8.00,יחידה,false,,27.00,3.3750,true,1,131778
7290101111634,false,גל.סורבה איילנד 1.3 ליטר,גלידות פלדמן,,גלידת איילנד סורבה 1,קילוגרמים,1.30,ליטר,false,,20.00,15.3846,true,1,131780
7290101112037,false,גלידה דה לה קרם שוקו,,,גלידה דה לה קרם שוקו,Unknown,0.00,יחידה,false,,15.90,0.0000,true,1,131787
7290101112112,false,חגיגה טירמיסו פלדמן 1.8 ליטר,פלקו בעמ חברה ישראלית,,גלידה טירמיסו 1.8 לי,גרמים,900.00,100 גרם,false,,25.90,2.8778,true,1,131788
7290101486688,false,חטיף דגנים עם שוקולד ללא גלוטן וסוכר פרי 5*20 גרם,טבעית מוצרים מן הטבע בעמ,,פרי חטיפי בריאות מאר,Unknown,0.00,יחידה,false,,16.90,0.0000,true,1,128225
7290101488316,false,ליידי ספיד סטיק - דאודורנט סטיק לאישה ללא סימן ורוד סטיק 65 גרם,ליידי ספיד סטיק Lady Speed Stick,,ליידי ספיד סטיק ללא,Unknown,0.00,יחידה,false,,19.90,0.0000,true,1,128228
7290101488323,false,ליידי ספיד סטיק - דאודורנט סטיק לאישה ללא סימן ירוק סטיק 65 גרם,ליידי ספיד סטיק Lady Speed Stick,,ליידי ספיד סטיק ללא,גרמים,65.00,100 גרם,false,,19.90,30.6154,true,1,111434
7290101501138,false,כרובית ארוזה יחידה,ביכורי השדה צפון 1994 ג.ד. בעמ,,כרובית ארוזה,Unknown,0.00,יחידה,false,,11.90,0.0000,true,1,138978
7290101501424,false,ברוקולי ארוז ליחידה,,,ברוקולי ארוז,Unknown,0.00,יחידה,false,,8.90,0.0000,true,1,158578
7290101551027,false,קפסולות קפה אספרסו חזק במיוחד 14 עלית 10 יח',הנסיך- מפעל לייצור ט,,קפסולות 14 קפה אספרס,Unknown,0.00,יחידה,false,,16.90,0.0000,true,1,132281
7290101551263,false,סילאן טבעי ללא תוספת סוכר,שטראוס גרופ בע`מ,,יד מרדכי סילאן טבעי,גרמים,700.00,100 גרם,false,,25.90,3.7000,true,1,132283
7290101551300,false,סילאן טבעי ללא תוספת סוכר בקבוק לחיץ,מכוורת יד מרדכי שטראוס ב,,יד מרדכי סילאן טבעי,גרמים,380.00,100 גרם,false,,17.90,4.7105,true,1,132284
7290101551539,false,יוגורט PRO בטעם אפרסק 0% 20 גרם חלבון בגביע,שטראוס גרופ בעמ/מצונן,,דנונה פרו אפרסק 20 ג,גרמים,200.00,100 גרם,false,,5.90,2.9500,true,1,139945
7290101551584,false,תפוצ'יפס קידס מארז 10 יח' * 20 ג',"שטראוס פריטו ליי בע""מ )פ",,מארז תפוציפס קידס 10,גרמים,200.00,100 גרם,false,,13.90,6.9500,true,1,132943
7290101551614,false,חטיף צ'יטוס קראנץ בטעם גבינה - מארז 8 יח',"שטראוס פריטו ליי בע""מ )פ",,מארז ציטוס קראנצ גבי,גרמים,240.00,100 גרם,false,,13.90,5.7917,true,1,132945
7290101551638,false,חטיף צ'יטוס כאפה בטעם קטשופ - מארז 10 יח',"שטראוס פריטו ליי בע""מ )פ",,מארז ציטוס כאפה 10*2,גרמים,200.00,100 גרם,false,,12.90,6.4500,true,1,132947
7290101863410,false,"סיליט באנג ספריי ניקוי עוצמתי מכיל אקונומיקה 750 מ""ל",רקיט בנקיזר (ניר איסט) בעמ,,סיליט באנג ספריי אקו,מיליליטרים,750.00,"100 מ""ל",false,,13.90,1.8533,true,1,111477
7290101864127,false,ספריי להסרת כתמים וניש קליה (750 מל),רקיט בנקיזר (ניר איסט) בעמ,,קליה אוקסי ספריי 750,מיליליטרים,750.00,"100 מ""ל",false,,16.90,2.2533,true,1,111478
7290101865261,false,נוזל הברקה למדיח כלים פיניש (800 מל),רקיט בנקיזר (ניר איסט) בעמ,,"פיניש הברקה 800 מ""ל",מיליליטרים,800.00,"100 מ""ל",false,,22.00,2.7500,true,1,111479
7290101866633,false,וניש קליה גל להסרת כתמים 3 ליטר אוקסיפרש,רקיט בנקיזר (ניר איסט) בעמ,,וניש קליה ג'ל 3 ליטר,קילוגרמים,3.00,ליטר,false,,29.90,9.9667,true,1,111480
7290101866787,false,וניש קליה נוזל מסיר כתמים לכביסה לבנה 3 ליטר,רקיט בנקיזר (ניר איסט) בעמ,,וניש נוזל מסיר כתמים,קילוגרמים,3.00,ליטר,false,,29.90,9.9667,true,1,111481
7290101868460,false,"קולון 101 אבקת כביסה 8 ק""ג",רקיט בנקיזר (ניר איסט) בעמ,,"קולון 101 8 ק""ג",פריט,8.00,"ק""ג",false,,56.90,7.1125,true,1,134103
7290101868958,false,פיניש נוזל הברקה למדיח בניחוח לימון,רקיט בנקיזר (ניר איסט) בעמ,,פיניש נוזל הברקה לימ,מיליליטרים,800.00,"100 מ""ל",false,,22.00,2.7500,true,1,111482
7290101869702,false,ג`ל למדיח כלים All in 1 פיניש (600 מל),רקיט בנקיזר (ניר איסט) בעמ,,פיניש ג'ל 600 מל AIO,מיליליטרים,600.00,"100 מ""ל",false,,34.90,5.8167,true,1,134104
7290101869726,false,ג'ל מרוכז למדיח הכל ב-1 פיניש 1 ליטר,רקיט בנקיזר (ניר איסט) בעמ,,פיניש ג'ל 1000 מל AI,מיליליטרים,1000.00,"100 מ""ל",false,,42.90,4.2900,true,1,134106
7290101869733,false,פיניש ג'ל למדיח כלים בניחוח לימון 1 ליטר ALL IN 1,רקיט בנקיזר (ניר איסט) בעמ,,AIO MAX פיניש ג'ל לי,מיליליטרים,1000.00,"100 מ""ל",false,,42.90,4.2900,true,1,111483
7290101869757,false,מבשם אויר מכשיר אוטומטי חלום אואזיס,רקיט בנקיזר (ניר איסט) בעמ,,איירוויק מבשם אויר מ,Unknown,0.00,יחידה,false,,39.90,0.0000,true,1,134107
7290101869764,false,אירוויק מכשיר אוטומט+מילוי בניחוח חלום ליל קיץ,רקיט בנקיזר (ניר איסט) בעמ,,איירוויק מבשם אויר מ,Unknown,0.00,יחידה,false,,39.90,0.0000,true,1,134108
7290101869788,false,"אירוויק ספריי אוטומטי מילוי בניחוח אואזיס 250 מ""ל*",רקיט בנקיזר (ניר איסט) בעמ,,איירוויק מילוי מבשם,מיליליטרים,250.00,"100 מ""ל",false,,14.90,5.9600,true,1,152850
7290101869795,false,"מטהר אוויר אירוויק ספריי מילוי חלום ליל קיץ 250 מ""ל",רקיט בנקיזר (ניר איסט) בעמ,,איירוויק מילוי מבשם,מיליליטרים,250.00,"100 מ""ל",false,,14.90,5.9600,true,1,152851
7290101869825,false,"אירוויק מילוי למכשיר חשמלי בניחוח אואזיס 19 מ""ל",רקיט בנקיזר (ניר איסט) בעמ,,איירוויק מילוי אואזי,Unknown,0.00,יחידה,false,,13.90,0.0000,true,1,111485
7290101869832,false,"אירוויק מילוי מבשם אויר חשמלי חלום ליל קיץ 19 מ""ל",רקיט בנקיזר (ניר איסט) בעמ,,איירוויק מילוי ליל ק,Unknown,0.00,יחידה,false,,13.90,0.0000,true,1,134112
7290101869917,false,"אירוויק מילוי מבשם אויר אטומטי היער הקסום 19 מ""ל",רקיט בנקיזר (ניר איסט) בעמ,,איירוויק מילוי מבשם,מיליליטרים,250.00,"100 מ""ל",false,,14.90,5.9600,true,1,134114
7290101869962,false,"אירוויק מקלות ריחניים בניחוח חלום ליל קיץ 30 מ""ל",רקיט בנקיזר (ניר איסט) בעמ,,איירוויק מקלות ריחני,Unknown,0.00,יחידה,false,,14.90,0.0000,true,1,134119
7290101869979,false,"אירוויק מקלות ריחניים בניחוח אואזיס 30 מ""ל",רקיט בנקיזר (ניר איסט) בעמ,,איירוויק מקלות ריחני,Unknown,0.00,יחידה,false,,14.90,0.0000,true,1,134120
7290101952510,false,לקט פרובנס טבעפרוסט 800 גר,,,טבעפרוסט לקט פרובנס,גרמים,800.00,100 גרם,false,,13.90,1.7375,true,1,137145
7290101952558,false,גרעיני תירס קפואים טבעפרוסט 800 גרם,,,טבעפרוסט גרעיני תירס,גרמים,800.00,100 גרם,false,,12.90,1.6125,true,1,184999
7290101980919,false,שלישיית ביצי שוקולד פיניאס ופרב ***לא פעיל***,שמחה זה אנחנו בע`מ,,שמחה זה אנחנו ביצי ש,Unknown,0.00,יחידה,false,,13.90,0.0000,true,1,128910
7290101985365,false,בקבוק אלומיניום גדול,,,בקבוק אלומיניום גדול,Unknown,0.00,יחידה,false,,25.90,0.0000,true,1,128922
7290101999652,false,נרות מטה כוכבים - מיקי(1X24),שמחה זה אנחנו,,נרות מטה כוכבים מיקי,Unknown,0.00,יחידה,false,,6.00,0.0000,true,1,128973
7290102003853,false,נרות מטה כוכבים מיני מאוס,שמחה זה אנחנו,,נרות מטה כוכבים מיני,Unknown,0.00,יחידה,false,,6.00,0.0000,true,1,128987
7290102030330,false,תפוצ`יפס אקסטרא מקסיקני 200 גרם +20 תו,"שטראוס פריטו ליי בע""\מ )",,תפוציפס קראנץ מקסיקנ,גרמים,200.00,100 גרם,false,,9.90,4.9500,true,1,132955
7290102031276,false,מארז 8 יחידות אקטימל משקה יוגורט בטעם תות בננה,שטראוס גרופ בעמ/מצונן,,אקטימל שמינייה תות ב,מיליליטרים,800.00,"100 מ""ל",false,,19.90,2.4875,true,1,139964
7290102032334,false,אבקה להכנת משקה קפה בטעם וניל,שטראוס קפה בי.וי,,עלית נמס טעם וניל 20,גרמים,200.00,100 גרם,false,,25.90,12.9500,true,1,132286
7290102060979,false,"אלמקס משחת שיניים למניעת עששת 100מ""ל",יבואן ומשווק: ש. שסט,,"אלמקס 100 מ""ל משפחתי",גרמים,100.00,100 גרם,false,,18.90,18.9000,true,1,111435
7290102062195,false,"משחת שיניים לילדים לגילאי 6-12 אלמקס 75 מ""ל",יבואן ומשווק: ש. שסט,,אלמקס משחת שיניים ג',Unknown,0.00,יחידה,false,,16.90,0.0000,true,1,128230
7290102300860,false,"גבינת צ'דר אנגלית לבן, 200 גרם",א. סיימן סחר בעמ,,נטו שביק גבינת צדר א,גרמים,200.00,100 גרם,false,,24.90,12.4500,true,1,153818
7290102301881,false,טרטר גבינה עם שום ועשבי תיבול 150 גרם,בונגראן,,גבינת טרטר עשבי תיבו,Unknown,0.00,יחידה,false,,23.90,0.0000,true,1,123092
7290102302260,false,גבינת גרנה פדנו 200 גרם,הנסיך- מפעל לייצור ט,,גרנה פדנו 200 גרם,גרמים,200.00,100 גרם,false,,33.90,16.9500,true,1,178664
7290102302932,false,גבינה גאיה קלאסית פרוסות 150ג,קריניציה ויטמינה אס,,גאיה קלאסית בפרוסות,גרמים,150.00,100 גרם,false,,21.90,14.6000,true,1,183046
7290102302949,false,גאיה בסגנון עזים בפרוסות 150 גר`,קריניציה ויטמינה אס,,גאיה בסגנון עזים בפר,גרמים,150.00,100 גרם,false,,21.90,14.6000,true,1,183047
7290102302963,false,גבינה גאיה עשבי תיבול פרוסות 150ג,א. סיימן סחר בעמ,,גאיה עם עשבי תיבול ב,גרמים,150.00,100 גרם,false,,21.90,14.6000,true,1,183048
7290102302987,false,גאיה בסגנון צ'דר בפרוסות 150 גרם,קריניציה ויטמינה אס,,גאיה בסגנון צ'דר בפר,גרמים,150.00,100 גרם,false,,21.90,14.6000,true,1,183049
7290102303878,false,חמאת אלוויר נורמנדי 200 גרם,א.סיימן סחר בעמ,,חמאה צרפתית נורמנדי,גרמים,200.00,100 גרם,false,,17.90,8.9500,true,1,189784
7290102390427,false,יוגורט ביו עם קציפת תות 3% שומן 150 ג' מולר,החברה המרכזית טלהפצת משקאות בע,,מולר פרופ תות 3% 150,מיליליטרים,150.00,"100 מ""ל",false,,5.40,3.6000,true,1,117866
7290102390465,false,יוגורט ביו עם קציפת אפרסק ופסיפלורה 3% שומן 150 ג' מולר,החברה המרכזית טלהפצת משקאות בע,,מולר פרופ אפרסק פסיפ,מיליליטרים,150.00,"100 מ""ל",false,,5.40,3.6000,true,1,117867
7290102390489,false,יוגורט ביו עם קציפת לימון 3% שומן 150 ג' מולר,החברה המרכזית טלהפצת משקאות בע,,מולר פרופ לימון 3% 1,מיליליטרים,150.00,"100 מ""ל",false,,5.40,3.6000,true,1,117868
7290102391844,false,יוגורט ביו עם קציפת פירות יער3% שומן 150 ג' מולר,החברה המרכזית טלהפצת משקאות בע,,מולר פרופ לבן+קציפת,Unknown,150.00,יחידה,false,,5.40,0.0360,true,1,117872
7290102392049,false,גבינה לאפיה תבור ללא תוספת מלח 5% משק צוריאל 500 גרם,החברה המרכזית טלהפצת משקאות בע,,צוריאל תבור 5% 500 ג,גרמים,500.00,100 גרם,false,,23.90,4.7800,true,1,117873
7290102392094,false,חלב עיזים 3.7% בקרטון משק צוריאל 1 ליטר,החברה המרכזית טלהפצת משקאות בע,,צוריאל חלב עיזים 1ל,קילוגרמים,1.00,ליטר,false,,15.90,15.9000,true,1,117874
7290102392254,false,"חלב בקרטון 1% 2 ליטר בד""צ - מוצר בפיקוח",החברה המרכזית טלהפצת משקאות בע,,חלב בקרטון 1% 2ליטר,קילוגרמים,2.00,ליטר,false,,11.72,5.8600,true,1,117875
7290102393039,false,"יוגורט ביו קרמי מיקס פצפוצי שוקולד 7.6% מולר 170 מ""ל",החברה המרכזית טלהפצת משקאות בע,,מולר מיקס בתוספת פצפ,גרמים,170.00,100 גרם,false,,6.20,3.6471,true,1,117880
7290102393060,false,"יוגורט ביו קרמי מיקס גלילי ופל ואגוזים 5.9% מולר 170 מ""ל",*החברה המרכזית להפצת משקאותבעמ,,מולר מיקס+גלילי וופל,Unknown,170.00,יחידה,false,,6.20,0.0365,true,1,117881
7290102393169,false,"יוגורט סימפלי פרוט בטעם תות 3% מולר 150 מ""ל",*החברה המרכזית להפצת משקאותבעמ,,מולר סימפלי פרוט תות,מיליליטרים,150.00,"100 מ""ל",false,,5.30,3.5333,true,1,117882
7290102393176,false,סימפלי פרוט יוגורט אפרסק 3% שומן 150 ג' מולר,*החברה המרכזית להפצת משקאותבעמ,,מולר סימפלי פרוט אפר,מיליליטרים,150.00,"100 מ""ל",false,,5.30,3.5333,true,1,117883
7290102393190,false,"יוגורט סימפלי פרוט בטעם פירות יער 3% מולר 150 מ""ל",*החברה המרכזית להפצת משקאותבעמ,,מולר סימפלי פרוט פיר,מיליליטרים,150.00,"100 מ""ל",false,,5.30,3.5333,true,1,117884
7290102393268,false,"גבינה לבנה 5% שומן, רכיבים טבעיים 750 גרם",*החברה המרכזית להפצת משקאותבעמ,,טרה גבינה לבנה אריזת,גרמים,750.00,100 גרם,false,,14.94,1.9920,true,1,117885
7290102393299,false,יוגורט עיזים לשתייה 3% משק צוריאל 500 גרם,*החברה המרכזית להפצת משקאותבעמ,,צוריאל יוגורט עיזים,Unknown,500.00,יחידה,false,,12.90,0.0258,true,1,117886
7290102393718,false,גבינת חלומי מחלב בקר 28% משק צוריאל 200 גרם,החברה המרכזית טלהפצת משקאות בע,,צוריאל חלומי חלב בקר,גרמים,200.00,100 גרם,false,,22.90,11.4500,true,1,117887
7290102393947,false,סימפלי פרוט יוגורט בטעם קיווי 3% שומן 150 ג' מולר,*החברה המרכזית להפצת משקאותבעמ,,מולר סימפלי פרוט קיו,מיליליטרים,150.00,"100 מ""ל",false,,5.30,3.5333,true,1,117890
7290102394081,false,"יוגורט ביו קרמי מיקס קורנפלקס מצופה שוקולד מולר 170 מ""ל",*החברה המרכזית להפצת משקאותבעמ,,מולר מיקס קורנפקלס מ,Unknown,150.00,יחידה,false,,6.20,0.0413,true,1,117891
7290102394258,false,גליל גבינת עיזים מה עז 9% משק צוריאל 180 גרם,*החברה המרכזית להפצת משקאותבעמ,,צוריאל מה עז 9% 180,גרמים,180.00,100 גרם,false,,23.90,13.2778,true,1,117892
7290102394463,false,נעם גבינה צהובה פרוסה ואקום 28% טרה 500 גרם,החברה המרכזית טלהפצת משקאות בע,,נעם גבינה צהובה וואק,גרמים,500.00,100 גרם,false,,31.90,6.3800,true,1,117894
7290102394821,false,גבינה צהובה 28% דק דק לפתיחה חוזרת 200,החברה המרכזית טלהפצת משקאות בע,,נעם גבינה צהובה דק ד,גרמים,200.00,100 גרם,false,,16.90,8.4500,true,1,117896
7290102394845,false,נעם גבינה צהובה לייט פרוסה דק דק 9% טרה 200 גרם,החברה המרכזית טלהפצת משקאות בע,,נעם גבינה צהובה דק ד,גרמים,200.00,100 גרם,false,,19.90,9.9500,true,1,117897
7290102395101,false,ממרח גבינה ושוקולד מוו טרה 200 גרם,החברה המרכזית טלהפצת משקאות בע,,מוו ממרח גבינה ושוקו,גרמים,200.00,100 גרם,false,,11.90,5.9500,true,1,117898
7290102395217,false,מאגדת שמיניה מולר במתיקות מעודנת 1.2% 8*150 ג',החברה המרכזית טלהפצת משקאות בע,,מאגדת מולר במתיקות מ,קילוגרמים,1.20,ליטר,false,,20.90,17.4167,true,1,117900
7290102395224,false,שמיניית יוגורט ביו ביאנקו 1.7% מולר 150 גרם,החברה המרכזית טלהפצת משקאות בע,,מולר נטורל 1.7% 8*15,Unknown,8.00,יחידה,false,,18.90,2.3625,true,1,117901
7290102395231,false,שמיניית יוגורט ביו ביאנקו 2.8% מולר 150 גרם,*החברה המרכזית להפצת משקאותבעמ,,מולר נטורל 2.8% 8*15,Unknown,8.00,יחידה,false,,18.90,2.3625,true,1,117902
7290102395262,false,מארז 8 גביעים יוגורט בטעם תות שדה ואפרסק 3% Simply Fruit,החברה המרכזית טלהפצת משקאות בע,,מולר תות שדה ואפרסק,קילוגרמים,1.20,ליטר,false,,31.90,26.5833,true,1,117903
7290102395347,false,"יוגורט 6% בכד 3 ק""ג רבנות",טרה,,"יוגורט 6% בכד 3 ק""ג",פריט,3.00,"ק""ג",false,,31.90,10.6333,true,1,117904
7290102395378,false,נעם גבינה צהובה פרוסה ואקום 28% טרה 360 גרם,*החברה המרכזית להפצת משקאותבעמ,,נעם גבינה צהובה ואקו,גרמים,360.00,100 גרם,false,,20.90,5.8056,true,1,117905
7290102395415,false,נועם גב.צהובה9%חריץ משקל,החברה המרכזית טלהפצת משקאות בע,,"נעם גבנ""צ 9%",קילוגרמים,1.00,"ק""ג",true,,85.00,85.0000,true,1,117780
7290102395422,false,נעם גבינה צהובה 22% במשקל,החברה המרכזית להפצה,,"נעם גבנ""צ 22%",קילוגרמים,1.00,"ק""ג",true,,42.58,42.5800,true,1,117781
7290102395439,false,מארז 8 גביעים יוגורט בטעם פירות יער וקיווי 3% Simply Fruit,החברה המרכזית טלהפצת משקאות בע,,מולר סימפלי פירות יע,מיליליטרים,1200.00,"100 מ""ל",false,,31.90,2.6583,true,1,117906
7290102395446,false,מעדן חלב בטעם וניל עם קצפת 123 ג' טרה,*החברה המרכזית להפצת משקאותבעמ,,"מוו וניל קצפת 123מ""ל",מיליליטרים,123.00,"100 מ""ל",false,,3.30,2.6829,true,1,117907
7290102395477,false,מעדן חלב בטעם שוקולד עם קצפת 123 ג' טרה,החברה המרכזית טלהפצת משקאות בע,,מוו שוקולד קצפת 123,מיליליטרים,123.00,"100 מ""ל",false,,3.30,2.6829,true,1,117909
7290102395521,false,"שמנת לבישול 15% שומן 500 מ""ל טרה",החברה המרכזית טלהפצת משקאות בע,,טרה שמנת לבישול 15%+,מיליליטרים,500.00,"100 מ""ל",false,,16.90,3.3800,true,1,117910
7290102396399,false,שמיניית מעדן שוקולד מוו 1.5% טרה 100 גרם,החברה המרכזית טלהפצת משקאות בע,,מוו מעדן שוקולד 100,Unknown,8.00,יחידה,false,,13.90,1.7375,true,1,117916
7290102396405,false,שמיניית מעדן וניל מוו 1.5% טרה 100 גרם,החברה המרכזית טלהפצת משקאות בע,,מוו מעדן וניל 100*8,Unknown,8.00,יחידה,false,,13.90,1.7375,true,1,117917
7290102396436,false,מעדן בטעם שוקולד 1.5% שומן מוו (125 גרם),החברה המרכזית טלהפצת משקאות בע,,מוו מעדן שוקולד 1.5%,מיליליטרים,125.00,"100 מ""ל",false,,3.20,2.5600,true,1,117918
7290102396443,false,מעדן בטעם וניל 1.5% שומן מוו (125 גרם),*החברה המרכזית להפצת משקאותבעמ,,מוו מעדן וניל 1.5% 1,מיליליטרים,125.00,"100 מ""ל",false,,3.20,2.5600,true,1,117919
7290102396580,false,מעדן מוו שוקולד ומוס שוקולד טרה 118 גרם,החברה המרכזית טלהפצת משקאות בע,,מוו מעדן שוקולד ומוס,גרמים,118.00,100 גרם,false,,3.30,2.7966,true,1,117923
7290102396597,false,מעדן מוו וניל ומוס שוקולד טרה 118 גרם,החברה המרכזית טלהפצת משקאות בע,,מוו מעדן וניל ומוס ש,Unknown,0.00,יחידה,false,,3.30,0.0000,true,1,117924
7290102396665,false,צהובה פרוסות דקדק פתח סגור 15% 200 גר`,החברה המרכזית טלהפצת משקאות בע,,גבינת נעם 200 גרם 15,Unknown,0.00,יחידה,false,,16.90,0.0000,true,1,117925
7290102396672,false,גבינה צהובה נעם דק דק 9% פתח סגור 360 ג,החברה המרכזית טלהפצת משקאות בע,,גבינת נעם דק דק 9% 3,גרמים,360.00,100 גרם,false,,28.90,8.0278,true,1,117926
7290102396719,false,יוגורט 0% תות סימפלי מולר (150 גרם),החברה המרכזית טלהפצת משקאות בע,,מולר סימפלי פרוט תות,מיליליטרים,150.00,"100 מ""ל",false,,5.30,3.5333,true,1,117927
7290102396726,false,יוגורט 0% אפרסק סימפלי מולר (150 גרם),*החברה המרכזית להפצת משקאותבעמ,,מולר סימפלי פרוט אפר,מיליליטרים,150.00,"100 מ""ל",false,,5.00,3.3333,true,1,117928
7290102396740,false,מארז 8 גביעים יוגורט בטעם תות שדה ואפרסק 0% Simply Fruit,החברה המרכזית טלהפצת משקאות בע,,מאגדת שמינייה מולר ס,מיליליטרים,1200.00,"100 מ""ל",false,,31.90,2.6583,true,1,117930
7290102397204,false,"גבנ""צ דק דק נעם פתיחה חוזרת 22% 200 גרם",*החברה המרכזית להפצת משקאותבעמ,,נעם גבינה דק דק 200,גרמים,200.00,100 גרם,false,,16.90,8.4500,true,1,117946
7290102397310,false,מעדן מיני בטעם שוקולד קצפת מוו מאגדת 8 יח' * 70 ג',החברה המרכזית טלהפצת משקאות בע,,מאגדת שמינייה מיני מ,גרמים,560.00,100 גרם,false,,12.90,2.3036,true,1,117947
7290102397334,false,גבינה בולגרית גלילית 5% משק צוריאל 250 גרם,החברה המרכזית טלהפצת משקאות בע,,בולגרית 5% 250גרם בג,גרמים,250.00,100 גרם,false,,21.90,8.7600,true,1,117949
7290102397464,false,יוגורט ביו בתוספת גרעינים אגוזים וחמוציות 170 ג' מולר,החברה המרכזית טלהפצת משקאות בע,,מולר נטורל פקאן גרעי,Unknown,0.00,יחידה,false,,6.20,0.0000,true,1,117953
7290102397600,false,מיקס יוגורט בתוספת שקדים ובוטנים מקורמלים 170 ג' מולר,החברה המרכזית טלהפצת משקאות בע,,מולר מיקס שקדים ובוט,גרמים,170.00,100 גרם,false,,6.20,3.6471,true,1,117959
7290102397617,false,יוגורט ביו קרמי עם כדורים מצופים שוקולד חום לבן,החברה המרכזית טלהפצת משקאות בע,,מולר מיקס קליק,גרמים,170.00,100 גרם,false,,6.20,3.6471,true,1,117960
7290102397679,false,קוטג' וחצי טרה 5% מרכיבים טבעיים,החברה המרכזית טלהפצת משקאות בע,,טרה קוטג 5% 375 גרם,גרמים,375.00,100 גרם,false,,8.30,2.2133,true,1,117962
7290102397730,false,פרוסות גבינה אמנטל חצי קשה 30% שומן 200 ג' נעם,החברה המרכזית טלהפצת משקאות בע,,נעם אמנטל 200 גרם,גרמים,200.00,100 גרם,false,,18.90,9.4500,true,1,117964
7290102397747,false,פרוסות גבינת מוצרלה נעם מחלב בקר 22%,החברה המרכזית טלהפצת משקאות בע,,מוצרלה פרוס 200 גרם,גרמים,200.00,100 גרם,false,,19.90,9.9500,true,1,117965
7290102397891,false,גבינה ניו יורק מותכת %16 4*25 גרם,החברה המרכזית טלהפצת משקאות בע,,צוריאל גבינה מותכת 1,גרמים,100.00,100 גרם,false,,8.90,8.9000,true,1,117971
7290102398065,false,חלב טרה בקרטון 2 ליטר מהדרין 3% - מוצר בפיקוח,החברה המרכזית טלהפצת משקאות בע,,טרה חלב בקרטון 2 ליט,קילוגרמים,2.00,ליטר,false,,12.46,6.2300,true,1,117976
7290102398072,false,"חלב קרטון 3%-1 ליטר "" טרה"" -מוצר פיקוח",החברה המרכזית טלהפצת משקאות בע,,טרה חלב בקרטון 3% 1,קילוגרמים,1.00,ליטר,false,,6.23,6.2300,true,1,117977
7290102398331,false,חלב מועשר דל לקטוז 2% שומן טרה 1 ליטר,החברה המרכזית טלהפצת משקאות בע,,חלב מעושר דל לקטוז,Unknown,0.00,יחידה,false,,8.50,0.0000,true,1,117988
7290102398478,false,לאבנה 9% שומן 500 ג' טרה,החברה המרכזית טלהפצת משקאות בע,,לאבנה 9% 500 גרם,גרמים,500.00,100 גרם,false,,20.90,4.1800,true,1,117994
7290102398553,false,משקה שוקו בקבוק 1.5 ליטר בבקבוק,*החברה המרכזית להפצת משקאותבעמ,,שוקו טרה בקבוק 1.5 ל,קילוגרמים,1.50,ליטר,false,,18.90,12.6000,true,1,110703
7290102398560,false,משקה שוקו מועשר בבקבוק 1 ליטר טרה,החברה המרכזית טלהפצת משקאות בע,,טרה שוקו מועשר בבקבו,קילוגרמים,1.00,ליטר,false,,11.90,11.9000,true,1,117998
7290102398577,false,משקה חלב בטעם שוקו 2% בבקבוק אישי,החברה המרכזית טלהפצת משקאות בע,,טרה שוקו מועשר בבקבו,מיליליטרים,250.00,"100 מ""ל",false,,5.90,2.3600,true,1,117999
7290102398614,false,משקה חלב טרה ט. בננה 1ליטר בקבוק,החברה המרכזית טלהפצת משקאות בע,,טרה משקה חלב בטעם בנ,קילוגרמים,1.00,ליטר,false,,11.90,11.9000,true,1,118002
7290102398638,false,משקה חלב טרה ט.מוקה 1ליטר בקבוק,החברה המרכזית טלהפצת משקאות בע,,טרה משקה חלב בטעם מו,קילוגרמים,1.00,ליטר,false,,11.90,11.9000,true,1,118003
7290102398669,false,משקה חלב אייס קפוצ'ינו טרה 1 ליטר,החברה המרכזית טלהפצת משקאות בע,,טרה אייס קפוצ'ינו 1,קילוגרמים,1.00,ליטר,false,,11.80,11.8000,true,1,160712
7290102398782,false,.משקה סויה קלאסי 1ל בקבוק משק צוריא,החברה המרכזית טלהפצת משקאות בע,,משקה סויה קלאסי,Unknown,0.00,יחידה,false,,10.90,0.0000,true,1,118007
7290102398799,false,משקה סויה במתיקות מופחתת משק צוריאל 1 ליטר,החברה המרכזית טלהפצת משקאות בע,,משקה סויה במתיקות מע,Unknown,0.00,יחידה,false,,10.90,0.0000,true,1,118008
7290102398805,false,משקה סויה בטעם וניל 1ל בקבוק משק צוריא,החברה המרכזית טלהפצת משקאות בע,,משקה סויה בטעם וניל,Unknown,0.00,יחידה,false,,10.90,0.0000,true,1,118009
7290102398836,false,משקה שקדים קלאסי משק צוריאל 1 ליטר,החברה המרכזית טלהפצת משקאות בע,,משקה שקדים קלאסי,Unknown,0.00,יחידה,false,,13.90,0.0000,true,1,118011
7290102399048,false,פרוסות גבינת קשקבל נעם 200 ג' טרה,*החברה המרכזית להפצת משקאותבעמ,,קשקבל נעם 200 גרם,גרמים,200.00,100 גרם,false,,23.90,11.9500,true,1,118020
7290102399635,false,"מולר פרופ יוגורט ביו עם קציפת קוקוס ואננס 150 מ""ל",החברה המרכזית טלהפצת משקאות בע,,MULLER FROOP TROPICA,Unknown,0.00,יחידה,false,,5.40,0.0000,true,1,159888
7290102399697,false,סימפלי פרוט מנגו 1.5% שומן 150 ג' מולר,*החברה המרכזית להפצת משקאותבעמ,,מולר סימפלי פרוט מנג,מיליליטרים,150.00,"100 מ""ל",false,,5.00,3.3333,true,1,118028
7290102399772,false,מולר ספרדבל-ממרח חמאת מולר במליחות עדינה 250 גרם,החברה המרכזית טלהפצת משקאות בע,,ממרח חמאת מולר במליח,גרמים,250.00,100 גרם,false,,18.90,7.5600,true,1,159884
7290102399789,false,מולר ספרדבל-ממרח חמאת מולר ללא מלח 250 גרם,החברה המרכזית טלהפצת משקאות בע,,ממרח חמאת מולר ללא מ,גרמים,250.00,100 גרם,false,,18.90,7.5600,true,1,159885
7290102399796,false,מעדן יוגורט לבן מועשר בחלבון 200 ג' מולר אקטיב,החברה המרכזית טלהפצת משקאות בע,,מולר אקטיב יוגורט לב,גרמים,200.00,100 גרם,false,,6.90,3.4500,true,1,118030
7290102399802,false,יוגורט עם תות מולר אקטיב מועשר בחלבון 200 גר',החברה המרכזית טלהפצת משקאות בע,,מולר אקטיב יוגורט עם,Unknown,0.00,יחידה,false,,7.90,0.0000,true,1,118031
7290102399819,false,יוגורט עם פירות יער מולר אקטיב מועשר בחלבון 200 גר',החברה המרכזית טלהפצת משקאות בע,,מולר אקטיב יוגורט עם,Unknown,0.00,יחידה,false,,7.90,0.0000,true,1,118032
7290102399857,false,מולר אקטיב לייט 20 גרם חלבון 0% שומן עם תות 200 גרם,החברה המרכזית טלהפצת משקאות בע,,מולר אקטיב יוגורט מו,Unknown,0.00,יחידה,false,,7.90,0.0000,true,1,160695
7290102600335,false,"כפיות קרם ארוז 50 יח שמאי כשל""פ עד""ח",,,כפיות קרם ארוז 50 יח,Unknown,0.00,יחידה,false,,8.90,0.0000,true,1,152283
7290102600359,false,"כפות קרם ארוז 50 י""ח שמאי כשל""פ עד""ח",,,כפות קרם ארוז 50 יח',Unknown,0.00,יחידה,false,,10.90,0.0000,true,1,152284
7290102600380,false,"מזלג שקוף ארוז 50 י""ח שמאי כשל""פ עד""ח",,,מזלג שקוף ארוז 50 יח,Unknown,0.00,יחידה,false,,10.90,0.0000,true,1,152286
7290102600427,false,"כפות שקוף ארוז 50 י""ח שמאי כשל""פ עד""ח",,,כפות שקוף ארוז 50 יח,Unknown,0.00,יחידה,false,,10.90,0.0000,true,1,152287
7290102600434,false,"כפיות שקוף ארוז 50 י""ח שמאי כשל""פ עד""ח",,,כפיות שקוף ארוז 50 י,Unknown,0.00,יחידה,false,,8.90,0.0000,true,1,152288
7290102600458,false,"מזלג קרם ארוז 50 י""ח שמאי כשל""פ עד""ח",,,מזלג קרם ארוז 50 יח',Unknown,0.00,יחידה,false,,10.90,0.0000,true,1,152289
7290102600465,false,"סכין קרם ארוז 50 י""ח שמאי כשל""פ עד""ח",,,סכין קרם ארוז 50 יח',Unknown,0.00,יחידה,false,,10.90,0.0000,true,1,152290
7290102611874,false,"כוסות קרטון 8 +מכסה ח""פ מארז 16יח'",,,שמאי - קפה לדרך 8OZ+,Unknown,0.00,יחידה,false,,13.90,0.0000,true,1,203069
7290102840939,false,תערובת להכנה מהירה עוגת בראוניס 600ג',נאמן לאורך זמן בעמ,,אבקה להכנת עוגת בראו,גרמים,600.00,100 גרם,false,,15.90,2.6500,true,1,122024
7290102841127,false,תערובת להכנת עוגת פרג נאמן 600ג',נאמן לאורך זמן בעמ,,אבקה להכנת עוגת פרג,גרמים,600.00,100 גרם,false,,15.90,2.6500,true,1,122025
7290102842360,false,תערובת להכנת סופלה בטעם שוקולד בלגי,נאמן לאורך זמן בעמ,,תערובת לסופלה שוקולד,גרמים,250.00,100 גרם,false,,15.90,6.3600,true,1,122029
7290102842711,false,תערובת להכנת עוגת גבינה 340ג,י.כהן,,אבקה להכנת עוגת גבינ,גרמים,340.00,100 גרם,false,,15.90,4.6765,true,1,122033
7290102846283,false,אבקה להכנת עוגת וניל,,,עוגת וניל ללא תוספת,Unknown,0.00,יחידה,false,,16.90,0.0000,true,1,161752
7290103120658,false,דאודורנט ספיד סטיק גל שחור 85 גרם,הנסיך- מפעל לייצור ט,,ספיד סטיק גל שחור 85,Unknown,0.00,יחידה,false,,24.90,0.0000,true,1,111436
7290103124601,false,"תחליב רחצה נוזל חלב ודבש משאבה 750מ""ל פלמוליב",הנסיך- מפעל לייצור ט,,פלמוליב ת.רחצה נוזל,מיליליטרים,750.00,"100 מ""ל",false,,19.90,2.6533,true,1,128235
7290103126797,false,"משחת שיניים קולגייט סנסיטיב פרו רליף 75 מ""ל",הנסיך- מפעל לייצור ט,,קולגייט סנסטיב פרו ר,Unknown,0.00,יחידה,false,,23.90,0.0000,true,1,128237
7290103128739,false,בלונס מקלות אוזניים לתינוק 56 יחידות,הנסיך- מפעל לייצור ט,,בלונס צימרוני אוזניי,Unknown,50.00,יחידה,false,,6.90,0.1380,true,1,111437
7290103129378,false,ספיד סטיק - דאודורנט ג'ל לגבר איקס 5 85 גרם,הנסיך- מפעל לייצור ט,,ספיד סטיק איקס5 דאו.,Unknown,0.00,יחידה,false,,24.90,0.0000,true,1,111438
7290103129408,false,ליידי ספיד סטיק - דאודורנט סטיק לאישה פרש אסנס פריחת הפרדס 65 גרם,ליידי ספיד סטיק Lady Speed Stick,,ליידי ספיד סטיק פריח,Unknown,0.00,יחידה,false,,19.90,0.0000,true,1,128238
7290103266349,false,"המיוחדים ממחה תפו""א",י.סולומון חוויה שבכלי בעמ,,"המיוחדים ממחה תפו""א",Unknown,0.00,יחידה,false,,12.90,0.0000,true,1,164941
7290103269128,false,מאג לבן דקור צבעוני,,,מאג לבן דקור צבעוני,Unknown,0.00,יחידה,false,,6.90,0.0000,true,1,193147
7290103400255,false,סלט קולסלאו 400 ג בדצ ירקות שטראוס טעם ה,שטראוס בריאות ירקות טריי,,שטראוס קולסלאו 400 ג,גרמים,400.00,100 גרם,false,,8.90,2.2250,true,1,139968
7290103401429,false,קפה קצב ברזילאי אוריגינס 200 גר,הנסיך- מפעל לייצור ט,,עלית אוריגינס קצב בר,גרמים,200.00,100 גרם,false,,25.90,12.9500,true,1,132296
7290103404758,false,סלט כרוב אדום במיונז אחלה 120 גרם,שטראוס גרופ בעמ/מצונן,,אחלה כרוב אדום 120גר,גרמים,120.00,100 גרם,false,,4.90,4.0833,true,1,139970
7290104061417,false,סלט חומוס עם טחינה אחלה 400 גרם,שטראוס גרופ בעמ/מצונן,,אחלה חומוס טחינה 400,גרמים,400.00,100 גרם,false,,10.20,2.5500,true,1,139975
7290104061424,false,סלט חומוס עם זעתר אחלה 400 גרם,שטראוס גרופ בעמ/מצונן,,אחלה חומוס זעתר 400,גרמים,400.00,100 גרם,false,,10.20,2.5500,true,1,139976
7290104061431,false,סלט חומוס עם צנובר אחלה 400 גרם,שטראוס גרופ בעמ/מצונן,,אחלה חומוס צנובר 400,גרמים,400.00,100 גרם,false,,10.20,2.5500,true,1,139977
7290104061448,false,סלט חומוס עם חריף אחלה 400 גרם,שטראוס גרופ בעמ/מצונן,,אחלה חומוס חריף 400,גרמים,400.00,100 גרם,false,,10.20,2.5500,true,1,139978
7290104062599,false,מארז 8 יחידות מעדן גמדים בטעמי תות ובננה,שטראוס גרופ בעמ/מצונן,,גמדים בכפית 8 תות בנ,Unknown,0.00,יחידה,false,,17.90,0.0000,true,1,139979
7290104064012,false,חטיף פסק זמן GOOD שוקולד לבן גוד 36 גרם,שולן צ'יקולטה גידה ס,,פסק זמן טו גוד שוק.ל,גרמים,36.00,100 גרם,false,,4.90,13.6111,true,1,195362
7290104065187,false,אבקה להכנת משקה קפה בטעם מוקה,שטראוס גרופ בע`מ,,עלית נמס טעם מוקה 20,גרמים,200.00,100 גרם,false,,25.90,12.9500,true,1,132317
7290104067679,false,סלט טחינה אחלה 400גר,שטראוס גרופ בעמ/מצונן,,אחלה סלט טחינה 400 ג,גרמים,400.00,100 גרם,false,,10.90,2.7250,true,1,139983
7290104068539,false,מאסט פליפטופ מלון ואבטיח ללא גרעינים,שטראוס גרופ בע`מ,,מאסט מגדים אבטיח מלו,Unknown,0.00,יחידה,false,,4.30,0.0000,true,1,132322
7290104068546,false,גומי מאסט בטעם לימון קולה ללא סוכר 28 ג' עלית,שטראוס גרופ בע`מ,,מאסט מגדים קולה לימו,Unknown,0.00,יחידה,false,,4.00,0.0000,true,1,132323
7290104260117,false,תחבושת אלסטית,,,תחבושת אלסטית,Unknown,0.00,יחידה,false,,11.90,0.0000,true,1,171818
7290104260186,false,פד סטרילי מרופד,,,פד סטרילי מרופד,Unknown,0.00,יחידה,false,,11.90,0.0000,true,1,171830
7290104262142,false,קליפס אדום מעוטר,,,קליפס אדום מעוטר,Unknown,0.00,יחידה,false,,4.90,0.0000,true,1,155077
7290104262487,false,מסרק כיס שחור,,,מסרק כיס שחור,Unknown,0.00,יחידה,false,,4.90,0.0000,true,1,155088
7290104366949,false,אוליב ק.לחות לשיער שמן זית 500מ'ל,א.פ.חורי,,אוליב קרם לחות לשיער,מיליליטרים,500.00,"100 מ""ל",false,,18.90,3.7800,true,1,155912
7290104501661,false,אינסטנט פודינג בטעם וניל צרפתי אסם 80 גרם,קבוצת אוסם סחר-שות.מוגבלת,,אסם פודינג בטעם וניל,Unknown,0.00,יחידה,false,,5.50,0.0000,true,1,126978
7290104508202,false,גביעי גלידה אמריקאים אסם 120 גרם 24 יחידות,קבוצת אוסם סחר-שות.מוגבלת,,גביעי גלידה אמריקאים,גרמים,120.00,100 גרם,false,,14.90,12.4167,true,1,126986
7290104508943,false,במבה חטיף בוטנים אסם 200 גרם,קבוצת אוסם סחר-שות.מוגבלת,,במבה קלאסי 200 גרם,גרמים,200.00,100 גרם,false,,10.90,5.4500,true,1,126988
7290104570162,false,תמרים ללא חרצנים תמר כבוש 500 גרם,מ.ד אטיאס סוכנויות מזון בע`מ,,תמר כבוש בית שאן 500,גרמים,500.00,100 גרם,false,,14.90,2.9800,true,1,148580
7290104570186,false,תמר מגהול אורגני 1 ק,,,תמר מגהול אורגני 1 ק,פריט,1.00,"ק""ג",false,,19.90,19.9000,true,1,204109
7290104570209,false,תמר מג'הול כתום 1 ק,ירק הגליל,,תמר מג'הול כתום 1 ק,Unknown,0.00,יחידה,false,,24.90,0.0000,true,1,201799
7290104570513,false,"תמר מגהול כחול 1 ק""",ביכורי השדה הצפון בעמ` 1964,,"תמר מגהול כחול 1 ק""",Unknown,0.00,יחידה,false,,19.90,0.0000,true,1,148582
7290104570629,false,ממרח גביע ירוק 450 ג' ירדן,מ.ד אטיאס סוכנויות מזון בע`מ,,ממרח תמרים 450 גרם,גרמים,450.00,100 גרם,false,,6.90,1.5333,true,1,148584
7290104570636,false,ממרח תמרים 450 גר`צמח שוקחה,מ.ד אטיאס סוכנויות מזון בע`מ,,ממרח תמרים ירדן,גרמים,450.00,100 גרם,false,,6.90,1.5333,true,1,148585
7290104570711,false,"סילאן מגהול בד""צ 900גרם",,,סילאן טהור 900 גרם,גרמים,900.00,100 גרם,false,,24.90,2.7667,true,1,148587
7290104570735,false,הדקלאים סילאן טהור 5,,,הדקלאים סילאן טהור 5,גרמים,500.00,100 גרם,false,,14.90,2.9800,true,1,148588
7290104570995,false,תמר מגהול 750 גרם,,,תמר מגהול 750 גרם,גרמים,750.00,100 גרם,false,,34.90,4.6533,true,1,170401
7290104698880,false,כבל חילוץ וגריה כושר,,,כבל חילוץ וגריה כושר,Unknown,0.00,יחידה,false,,39.90,0.0000,true,1,200484
7290104720499,false,מארז 8 יחידות מעדן דני בטעם וניל 1.5%,שטראוס גרופ בעמ/מצונן,,מארז דני וניל 8*125,Unknown,8.00,יחידה,false,,15.90,1.9875,true,1,139986
7290104722530,false,תפוצ'יפס בטעם שמנת בצל עלית 200 גרם,"שטראוס פריטו ליי בע""\מ )",,תפוציפס שמנת בצל 200,גרמים,200.00,100 גרם,false,,9.90,4.9500,true,1,132961
7290104726262,false,רביעייה מעדן דני שוקולד דיסני לבנים 125 גרם,שטראוס גרופ בעמ/מצונן,,דני שלוק 4 שוקולד די,Unknown,4.00,יחידה,false,,11.00,2.7500,true,1,139992
7290104726712,false,מארז 8 יחידות מעדן מילקי בטעם שוקולד עם קצפת,שטראוס גרופ בעמ/מצונן,,מילקי שמינייה מארז 8,מיליליטרים,1360.00,"100 מ""ל",false,,21.00,1.5441,true,1,139993
7290104728310,false,"שמנת מתוקה עמידה 38% שומן ""יטבתה"" -מוצר בפיקוח",שטראוס גרופ בעמ/מצונן,,יטבתה שמנת עמידה לקצ,Unknown,250.00,יחידה,false,,6.47,0.0259,true,1,139996
7290104729003,false,שמן זית כתית יד מרדכי 750 גרם [מוצר מדבקה],מכוורת יד מרדכי שטרא,,יד מרדכי שמן זית כתי,מיליליטרים,750.00,"100 מ""ל",false,,34.90,4.6533,true,1,132334
7290104961526,false,דאודורנט ספריי גוף טיטניום קלאסיק Titanium Classic,החברה הדרומית לשיווק בעמ,,טיטניום ספריי גוף קל,מיליליטרים,150.00,"100 מ""ל",false,,16.90,11.2667,true,1,117562
7290104961533,false,דאודורנט ספריי גוף טיטניום בלק Titanium Black,החברה הדרומית לשיווק בעמ,,טיטניוים ספריי גוף ב,מיליליטרים,150.00,"100 מ""ל",false,,16.90,11.2667,true,1,111280
7290104961540,false,דאודורנט ספריי גוף טיטניום מטאל Titanium Metal,החב הדרומית לשיווק,,טיטניום ספריי גוף מט,מיליליטרים,150.00,"100 מ""ל",false,,16.90,11.2667,true,1,111281
7290104961601,false,"מי מאסק דאודורנט ספרי תרסיס 175מ""ל",קרליין Careline,,מי דאודורנט מאסק 175,מיליליטרים,175.00,"100 מ""ל",false,,22.90,13.0857,true,1,117563
7290104961878,false,"שמפו לשיער קרטין אינטנס פורמולה 400 מ""ל נטורל",החברה הדרומית לשיווק בעמ,,נטורל פורמולה קרטין,מיליליטרים,400.00,"100 מ""ל",false,,32.90,8.2250,true,1,117564
7290104961885,false,מרכך קרטין טהור לשיער שעבר החלקה או עיצוב בחום,החברה הדרומית לשיווק בעמ,,נטורל פורמולה קרטין,מיליליטרים,400.00,"100 מ""ל",false,,32.90,8.2250,true,1,117565
7290104961892,false,מסכת קרטין טהור לשיער שעבר החלקה או עיצוב בחום,החברה הדרומית לשיווק בעמ,,קרטין אינטנס- מסכה ל,מיליליטרים,350.00,"100 מ""ל",false,,39.90,11.4000,true,1,117566
7290104962073,false,דאודורנט ספריי גוף טיטניום גולד Titanium Gold,החברה הדרומית לשיווק בעמ,,טיטניום גולד דאודרנט,מיליליטרים,180.00,"100 מ""ל",false,,22.90,12.7222,true,1,117571
7290104962684,false,"קרליין - נושם דאודורנט רול און לאישה ללא אלומיניום 75 מ""ל",החברה הדרומית לשיווק בעמ,,נושם רול און 0% אלומ,Unknown,0.00,יחידה,false,,12.90,0.0000,true,1,117581
7290104962851,false,"מרכך אמפולה לטיפול אינטנסיבי לשיער יבש, צבוע ופגום",נטורל פורמולה Natural Formula,,אמפולה אינטנס מרכך ל,מיליליטרים,400.00,"100 מ""ל",false,,32.90,8.2250,true,1,117585
7290104963162,false,"סופטקר - קרם גוף לתינוקות 500 מ""ל",החברה הדרומית לשיווק בעמ,,סופטקר-קרם גוף 500 מ,מיליליטרים,500.00,"100 מ""ל",false,,22.90,4.5800,true,1,117591
7290104965647,false,קרליין דאו רול און נושם סוויט קיס לנערות,החברה הדרומית לשיווק בעמ,,קרליין דאו רול און נ,Unknown,0.00,יחידה,false,,10.90,0.0000,true,1,182584
7290104965654,false,קרליין נושם דאו סטיק סוויט קיס לנערות 50,החברה הדרומית לשיווק בעמ,,קרליין דאורדורנט נוש,Unknown,0.00,יחידה,false,,16.90,0.0000,true,1,182288
7290105360250,false,קפסולות 09 עשיר וארומטי למכונת נספרסו עלית 10יח',הנסיך- מפעל לייצור ט,,עלית קפסולות 9 למכונ,Unknown,0.00,יחידה,false,,16.90,0.0000,true,1,132337
7290105360328,false,קפסולות אספרסו חזק למכונות נספרסו 10 יח',הנסיך- מפעל לייצור ט,,עלית קפסולות 10 למכו,Unknown,0.00,יחידה,false,,19.90,0.0000,true,1,132338
7290105360335,false,קפסולות אספרסו למכונות נספרסו 50 גר,הנסיך- מפעל לייצור ט,,עלית קפסולות 7 למכונ,Unknown,0.00,יחידה,false,,16.90,0.0000,true,1,132339
7290105362339,false,"שמנת לבישול 15% 250 מ""ל יטבתה מהדרין",שטראוס גרופ בעמ/מצונן,,יטבתה שמנת לבישול 15,מיליליטרים,250.00,"100 מ""ל",false,,8.60,3.4400,true,1,140000
7290105363602,false,מקלות כיף כף קלאסי עלית (40 גרם),שולן צ'\יקולטה גידה סאן.,,כיף כף מקלות קלאסי 4,Unknown,0.00,יחידה,false,,5.90,0.0000,true,1,132347
7290105364289,false,מקלות כיף כף פצפוצים עלית 40 גרם,שולן צ'\יקולטה גידה סאן.,,כיף כף מקלות פצפוצים,Unknown,0.00,יחידה,false,,5.90,0.0000,true,1,132348
7290105364302,false,"עלית חטיף שוקולד כיף כף מקלות אגוזים, 40 גרם",שולן צ'\יקולטה גידה סאן.,,כיף כף מקלות אגוזים,Unknown,0.00,יחידה,false,,5.90,0.0000,true,1,132349
7290105366023,false,סלט חצילים בטעם כבד אחלה 400 גרם,שטראוס גרופ בעמ/מצונן,,אחלה סלט חציל בטעם כ,גרמים,400.00,100 גרם,false,,15.90,3.9750,true,1,140002
7290105366047,false,טחינה לבנה אחלה (400 גרם),שטראוס גרופ בעמ/מצונן,,אחלה סלט טחינה לבנה,גרמים,400.00,100 גרם,false,,15.10,3.7750,true,1,140004
7290105366993,false,סימפוניה גבינת שמנת פלפל שיפקה 5% שטראוס 200 גרם,שטראוס גרופ בעמ/מצונן,,סימפוניה פלפל שיפקה,גרמים,200.00,100 גרם,false,,10.90,5.4500,true,1,140006
7290105368331,false,מעדן מילקי בטעם תות עם קצפת,שטראוס גרופ בעמ/מצונן,,מעדן מילקי תות,מיליליטרים,133.00,"100 מ""ל",false,,2.90,2.1805,true,1,140009
7290105368904,false,"שמנת מתוקה להקצפה 32% שומן 250 מ""ל יוטבתה",שטראוס גרופ בעמ/מצונן,,יטבתה שמנת עמידה לקצ,מיליליטרים,250.00,"100 מ""ל",false,,7.80,3.1200,true,1,140012
7290105368928,false,שמנת חמוצה יטבתה %9 200 מל גביע מהדרין,שטראוס גרופ בעמ/מצונן,,יטבתה שמנת 9% 200 גר,גרמים,200.00,100 גרם,false,,2.90,1.4500,true,1,140013
7290105369130,false,סימפוניה גבינת שמנת בצל ירוק 5% שטראוס 200 גרם,שטראוס גרופ בעמ/מצונן,,סימפוניה שטראוס בצל,גרמים,200.00,100 גרם,false,,10.90,5.4500,true,1,140015
7290105430441,false,פלמוליב ס.נוזלי סחלב שחור 750 מל משאבה,הנסיך- מפעל לייצור ט,,פלמוליב סחלב שחור 75,מיליליטרים,750.00,"100 מ""ל",false,,19.90,2.6533,true,1,128240
7290105430458,false,"פלמוליב - תחליב רחצה נטורלס שקדים 750 מ""ל",הנסיך- מפעל לייצור ט,,"פלמוליב שקדים 750 מ""",מיליליטרים,750.00,"100 מ""ל",false,,19.90,2.6533,true,1,128241
7290105430496,false,ליידי ספיד סטיק סטיינגארד ספריי,קולגייט-פלמוליב,,ספיד סטיק סטיינגארד,מיליליטרים,165.00,"100 מ""ל",false,,19.90,12.0606,true,1,128242
7290105431516,false,מארז חטיף פריי תמרים ובוטנים ללא גלוטן ותוספת סוכר 125 גרם,טבעית מוצרים מן הטבע בעמ,,פרי חטיפי תמרים ובוט,גרמים,125.00,100 גרם,false,,16.90,13.5200,true,1,128243
7290105434050,false,ספיד סטיק - דאודורנט סטיק לגבר XL ירוק רגיולר 85 גרם,קולגייט פלמוליב,,ספיד סטיק ירוק 85 גר,Unknown,0.00,יחידה,false,,19.90,0.0000,true,1,111442
7290105434067,false,ספיד סטיק - דאודורנט סטיק לגבר XL אושן סרף 85 גרם,קולגייט פלמוליב,,ספיד סטיק אושיין סרף,גרמים,85.00,100 גרם,false,,19.90,23.4118,true,1,111443
7290105436382,false,חטיף פרי תמרים קשיו ללא תוספת סוכר וגלוטן 5 יח,טבעית מוצרים מן הטבע בעמ,,פרי חטיפי בריאות תמר,Unknown,0.00,יחידה,false,,16.90,0.0000,true,1,128250
7290105439499,false,מאסטר שף מאסטר שף מיונז 480 גר כשלפ,רמיה סי.וי. הולנד,,מאסטר שף מיונז בצנצנ,מיליליטרים,481.00,"100 מ""ל",false,,11.90,2.4740,true,1,128252
7290105439505,false,מאסטר שף קרם בטעם מיונז לייט 479 גר כשלפ,רמיה סי.וי. הולנד,,מאסטר שף קרם בטעם מי,גרמים,479.00,100 גרם,false,,11.90,2.4843,true,1,128253
7290105439581,false,מנה מאסטר שף חרדל דיזיון צרפתי 370 גר,רמיה סי.וי.הולנד,,מאסטר שף חרדל דיזון,גרמים,390.00,100 גרם,false,,10.90,2.7949,true,1,128254
7290105474124,false,"מזון לכלבים בונזו מזון כלבים בשר 12 ק""ג מחולק",דיפלומט מפיצים (1968) בעמ**,,בונזו בשר מחולק 12 ק,פריט,12.00,"ק""ג",false,,139.90,11.6583,true,1,140796
7290105479679,false,"בונזו בקר וכבד 12ק""ג מחולק",דיפלומט מפיצים (1968) בעמ**,,"בונזו בכר וכבד 12 ק""",פריט,12.00,"ק""ג",false,,139.90,11.6583,true,1,140809
7290105662200,false,מפצח אגוזים דגם טרופ,,,מפצח אגוזים דגם טרופ,Unknown,0.00,יחידה,false,,10.00,0.0000,true,1,164948
7290105668653,false,סכין שפים מיקצועי 8,,,סכין שפים מיקצועי 8,Unknown,0.00,יחידה,false,,12.90,0.0000,true,1,164966
7290105691224,false,אסם חטיפי פריכונים טורטייה שום בצל 60 גרם,קבוצת אוסם סחר-שות.מוגבלת,,קריספי טורטיה שום בצ,Unknown,0.00,יחידה,false,,7.90,0.0000,true,1,126994
7290105691712,false,אסם עוגיות הפסקת קפה דגנים מלאים 230 גרם,קבוצת אוסם סחר שותפות מוגבלת,,אסם עוגיות הפסקת קפה,גרמים,230.00,100 גרם,false,,11.90,5.1739,true,1,127000
7290105691934,false,קמח שמרים אסם 1 קילו,קבוצת אוסם סחר שותפות מוגבלת,,אסם קמח שמרים 1קג,פריט,1.00,"ק""ג",false,,10.90,10.9000,true,1,127002
7290105692436,false,במבה מארז 19 יח' * 15ג' אסם,,,במבה אסם מגזר ערבי 1,גרמים,285.00,100 גרם,false,,21.90,7.6842,true,1,127006
7290105693341,false,מארז עשיריית במבה אסם 25*10 גרם,קבוצת אוסם סחר שותפות מוגבלת,,מארז במבה 25 גרם * 1,גרמים,250.00,100 גרם,false,,14.90,5.9600,true,1,127012
7290105693457,false,עוגת הבית דמקה שוקו וניל 320 גר`בחושות,קבוצת אוסם סחר שותפות מוגבלת,,עוגת הבית דמקה שוקו,גרמים,320.00,100 גרם,false,,14.90,4.6563,true,1,127013
7290105695024,false,פתיתים אפויים אורז עם אטריות אסם 500 גרם,קבוצת אוסם סחר שותפות מוגבלת,,אסם פתיתים אפויים או,גרמים,500.00,100 גרם,false,,7.90,1.5800,true,1,127024
7290105695321,false,עוגת הבית בראוניס פאדג' אסם 380 גרם,קבוצת אוסם סחר שותפות מוגבלת,,הבית עוגות בראוניס פ,גרמים,380.00,100 גרם,false,,17.90,4.7105,true,1,127026
7290105962331,false,סחוג תימני אדום חריף מאוד זהבי הכרם 220 גרם,שטראוס גרופ בעמ/מצונן,,סחוג חריף מאוד זהבי,גרמים,220.00,100 גרם,false,,10.90,4.9545,true,1,140017
7290105962980,false,כרוב אדום במיונז 400 ג' אחלה,מיוצר עי קונדיטוריית,,אחלה סלט כרוב אדום 4,גרמים,400.00,100 גרם,false,,10.90,2.7250,true,1,140018
7290105962997,false,חצילים אחלה במיונז 400 גר',שטראוס גרופ ***בעמ,,אחלה סלט חציל במיונז,גרמים,400.00,100 גרם,false,,10.90,2.7250,true,1,140019
7290105963000,false,סלט מטבוחה 400 ג' אחלה,מיוצר עי קונדיטוריית,,אחלה סלט מטבוחה 400,גרמים,400.00,100 גרם,false,,10.90,2.7250,true,1,140020
7290105964564,false,חומוס אחלה 400 גרם. שטראוס,שטראוס גרופ בעמ/מצונן,,אחלה חומוס אחלה 400,גרמים,400.00,100 גרם,false,,7.90,1.9750,true,1,140022
7290105965738,false,יוגורט לשתיה בטעם תות בננה267 ג' דנונה,שטראוס גרופ בעמ/מצונן,,דנונה משקה תות בננה,גרמים,267.00,100 גרם,false,,4.80,1.7978,true,1,140024
7290105966469,false,חומץ בלסמי ממודנה יד מרדכי (250 מל),אצטייה ג'וזפה קרמוני,,יד מרדכי חומץ בלסמי,מיליליטרים,250.00,"100 מ""ל",false,,14.90,5.9600,true,1,132369
7290105968654,false,רביולי עם בטטה פרווה שטראוס (400 גרם),שטראוס גרופ בעמ/מצונן,,שטראוס רביולי בטטה 4,גרמים,400.00,100 גרם,false,,20.90,5.2250,true,1,140027
7290105968777,false,פריכיות 5 דגנים עם תחתית שוקולד מריר 70 גרם,"טחנת האבן תעשיות בע""",,אנרג'י פריכיות תחתית,Unknown,0.00,יחידה,false,,8.90,0.0000,true,1,132376
7290106098282,false,"גביע 1/2 אמריקאי ארוז 6 יח כשלפ עד""ח ר.שמאי",,,שמאי - גביע אחסון 1,Unknown,0.00,יחידה,false,,6.90,0.0000,true,1,152293
7290106207035,false,"סיר 28 ס""מ 6 ליטר סד",,,"סיר 28 ס""מ 6 ליטר סד",Unknown,0.00,יחידה,false,,149.90,0.0000,true,1,179683
7290106207059,false,"סוטז 28 ס""מ 3.5 ליטר",,,"סוטז 28 ס""מ 3.5 ליטר",Unknown,0.00,יחידה,false,,149.90,0.0000,true,1,179684
7290106208292,false,סיר רוסטר אינדוקציה,,,סיר רוסטר אינדוקציה,Unknown,0.00,יחידה,false,,159.90,0.0000,true,1,187719
7290106262805,false,PRO HAIRמסיכה חמ.שיאה וקרטין לשיער צבוע ו,,,מסיכה מקצועית ח.שיאה,Unknown,0.00,יחידה,false,,49.90,0.0000,true,1,111562
7290106263413,false,פרוהייר - שמפו חמאת שיאה וקרטין צבוע ופגום ללא מלח 1 ליטר,,,שמפו ליטר ח.שיאה וקר,Unknown,0.00,יחידה,false,,39.90,0.0000,true,1,164685
7290106263420,false,שמפו שמן זית לשיער ד,,,שמפו שמן זית לשיער ד,Unknown,0.00,יחידה,false,,39.90,0.0000,true,1,164686
7290106263437,false,שמפו אובליפיחה ללא מ,,,שמפו אובליפיחה ללא מ,Unknown,0.00,יחידה,false,,39.90,0.0000,true,1,164687
7290106263697,false,PRO HAIRמסיכה שמן מרוקאי לרגיל/יבש ללא מל,,,מסיכה מקצועית שמן מר,Unknown,0.00,יחידה,false,,49.90,0.0000,true,1,111565
7290106267640,false,פרוהייר - שמפו שמן קוקוס ללא מלח 1 ליטר,,,שמפו שמן קוקוס ללא מ,Unknown,0.00,יחידה,false,,39.90,0.0000,true,1,164690
7290106433984,false,שולחן ילדים מונו-בלו,,,שולחן ילדים מונו-בלו,Unknown,0.00,יחידה,false,,59.90,0.0000,true,1,160783
7290106435605,false,קליפי מלבני לאחסון 1,,,קליפי מלבני לאחסון 1,Unknown,0.00,יחידה,false,,10.00,0.0000,true,1,171602
7290106501805,false,דאמפ אורל בי,,,דאמפ אורל בי,Unknown,0.00,יחידה,false,,4.00,0.0000,true,1,116647
7290106520066,false,"רבע לשבע שוקולד חלב במילוי אגוזים עלית 160 גרם בד""צ","הגביע מוצרי וופלים בע""\מ",,רבע לשבע 160 גרם,גרמים,160.00,100 גרם,false,,12.90,8.0625,true,1,132377
7290106520288,false,יוגורט פרו חלבון עם תות 2.4% שומן 150 ג' דנונה,שטראוס גרופ בעמ/מצונן,,"דנונה פרי תות 150 מ""",מיליליטרים,150.00,"100 מ""ל",false,,4.50,3.0000,true,1,140029
7290106520905,false,סלט טורקי אחלה (400 גרם),שטראוס גרופ בעמ/מצונן,,אחלה סלט טורקי 400 ג,גרמים,400.00,100 גרם,false,,15.10,3.7750,true,1,140032
7290106520912,false,שמנת לבישול 9% שומן 258גר מהדרין יטבתה,שטראוס גרופ בעמ/מצונן,,יטבתה שמנת לבישול 9%,מיליליטרים,258.00,"100 מ""ל",false,,8.60,3.3333,true,1,140033
7290106521926,false,קפה טורקי בצלופן עלית 150 גרם,שטראוס קפה בי.ויn\.,,קפה טורקי עלית 150 ג,גרמים,150.00,100 גרם,false,,11.90,7.9333,true,1,160674
7290106524439,false,"תפוצ'יפס פופס 60 גרם ""עלית""","שטראוס פריטו ליי בע""\מ )",,תפוצ'יפס פופס 60 גרם,Unknown,0.00,יחידה,false,,3.50,0.0000,true,1,132973
7290106525320,false,אבקת שוקולית לאפייה קופסא 500ג' עלית,הנסיך- מפעל לייצור ט,,שוקולית לאפיה 500 גר,גרמים,500.00,100 גרם,false,,14.90,2.9800,true,1,132385
7290106525399,false,קפסולות 06 ברזיל למכונות נספרסו עלית 10יח',הנסיך- מפעל לייצור ט,,קפסולות ברזיל אפס/שש,Unknown,0.00,יחידה,false,,16.90,0.0000,true,1,132387
7290106525405,false,קפסולות קפה עלית נטול קפאין אספרסו) (10,שטראוס קפה בי.וי.,,עלית קפסולות נטול 7,Unknown,0.00,יחידה,false,,16.90,0.0000,true,1,132388
7290106526822,false,פריכיות אורז חום מלא תחתית שוקולד חלב 80 גרם,"טחנת האבן תעשיות בע""",,פריכיות אנרג'י עם תח,Unknown,0.00,יחידה,false,,8.90,0.0000,true,1,132390
7290106528567,false,חטיף תירס גריל דוריטוס (185 גרם),"שטראוס פריטו ליי בע""\מ )",,דוריטוס גריל 185 גרם,גרמים,185.00,100 גרם,false,,7.90,4.2703,true,1,132975
7290106528628,false,חטיף תירס בטעם טבעי דוריטוס (185 גרם),"שטראוס פריטו ליי בע""\מ )",,דוריטוס טבעי 185 גרם,גרמים,185.00,100 גרם,false,,7.90,4.2703,true,1,132976
7290106528949,false,סלט ערוגות שטראוס 450 גר`-טעם הטבע,שטראוס בריאות ירקות טריי,,שטראוס לקט ערוגות 45,גרמים,450.00,100 גרם,false,,12.90,2.8667,true,1,140037
7290106570276,false,פרילי קרטיב יוגורט פ,,,פרילי קרטיב יוגורט פ,גרמים,402.00,100 גרם,false,,23.00,5.7214,true,1,122158
7290106570337,false,לה קרמריה לק בו 1.2,,,לה קרמריה לק בו 1.2,קילוגרמים,1.20,ליטר,false,,20.00,16.6667,true,1,122159
7290106571143,false,נסטלה מאגדת לייט ריב,,,נסטלה מאגדת לייט ריב,גרמים,312.00,100 גרם,false,,30.00,9.6154,true,1,122161
7290106571167,false,נסטלה לייט שלגוני שו,,,נסטלה לייט שלגוני שו,גרמים,312.00,100 גרם,false,,30.00,9.6154,true,1,122162
7290106571273,false,מאגדת קראנצ שוקולד5יכשלפ,נסטלה,,קראנץ רולס מאגדת 5יח,Unknown,5.00,יחידה,false,,32.00,6.4000,true,1,122163
7290106571389,false,לה קרמריה טירמיסו 66,,,לה קרמריה טירמיסו 66,גרמים,660.00,100 גרם,false,,20.00,3.0303,true,1,122164
7290106571426,false,לה קרמריה שוקולד קוק,,,לה קרמריה שוקולד קוק,גרמים,660.00,100 גרם,false,,20.00,3.0303,true,1,122165
7290106571563,false,אפרופו משפחתי 200 גר',"אסם השקעות בע""\מ",,אפרופו 200ג,גרמים,200.00,100 גרם,false,,10.10,5.0500,true,1,127036
7290106571921,false,פיטנס עוגיות עם חמוציות נסטלה (180 גרם),קבוצת אוסם סחר שותפות מוגבלת,,פיטנס עוגיות חמוציות,גרמים,180.00,100 גרם,false,,11.90,6.6111,true,1,127040
7290106572027,false,קרקר לחמית חמישה דגנים אסם (190 גרם),קבוצת אוסם סחר-שות.מוגבלת,,לחמית חמישה דגנים 19,גרמים,190.00,100 גרם,false,,9.90,5.2105,true,1,127042
7290106572041,false,פיניאס ופרב שלגון,,,פיניאס ופרב שלגון,Unknown,0.00,יחידה,false,,7.00,0.0000,true,1,122166
7290106572065,false,חטיפי טורטיה בטעם חמוץ מתוק אסם (60 גרם),קבוצת אוסם סחר שותפות מוגבלת,,קריספי טורטיה תירס ח,Unknown,0.00,יחידה,false,,7.90,0.0000,true,1,127043
7290106572089,false,פיניאס ופרב מאגדת 5י,,,פיניאס ופרב מאגדת 5י,גרמים,375.00,100 גרם,false,,25.90,6.9067,true,1,122167
7290106572706,false,גלידרייה וניל דודבן,,,גלידרייה וניל דודבן,קילוגרמים,1.80,ליטר,false,,30.00,16.6667,true,1,122168
7290106572829,false,גלידרייה סורבה תות ל,,,גלידרייה סורבה תות ל,קילוגרמים,1.80,ליטר,false,,24.00,13.3333,true,1,122169
7290106572959,false,אפרופו חטיף קלאסי 5חי*25גר,קבוצת אוסם סחר שותפות מוגבלת,,אפרופו קלאסי 5*25ג,גרמים,125.00,100 גרם,false,,12.90,10.3200,true,1,172681
7290106572997,false,קמח שמרים לפיצה ופוקצ`ה אסם 1 קג`,קבוצת אוסם סחר שותפות מוגבלת,,אסם קמח שמרים לפיצה,גרמים,1000.00,100 גרם,false,,10.90,1.0900,true,1,127047
7290106573024,false,סירופ דיאט אננס 1 ליטר עסיס,קבוצת אוסם סחר שותפות מוגבלת,,עסיס סירופ דיאט בטעם,קילוגרמים,1.00,ליטר,false,,19.90,19.9000,true,1,127048
7290106573086,false,קוסקוס בינוני אמיתי 350X2ג' אסם,"מיוצר ע""י קוד יצרן K",,אסם קוסקוס אמיתי 2*3,גרמים,700.00,100 גרם,false,,10.90,1.5571,true,1,127049
7290106573598,false,חומוס לבנוני צבר (400 גרם),קבוצת אוסם סחר שותפות מוגבלת,,צבר חומוס לבנוני 400,גרמים,400.00,100 גרם,false,,12.90,3.2250,true,1,127054
7290106573628,false,חומוס עם טחינה צבר (400 גרם),קבוצת אוסם סחר שותפות מוגבלת,,צבר חומוס עם טחינה 4,גרמים,400.00,100 גרם,false,,12.90,3.2250,true,1,127055
7290106574083,false,בוב ספוג קידס,,,בוב ספוג קידס,Unknown,0.00,יחידה,false,,5.00,0.0000,true,1,122170
7290106574793,false,עוגת הבית בטעם שוקו-שוקוצ'יפס 350 ג' אסם,קבוצת אוסם סחר שותפות מוגבלת,,עוגות הבית שוקו שוקו,גרמים,350.00,100 גרם,false,,14.90,4.2571,true,1,127064
7290106574977,false,בייגלה שטוחים טבעות עם מלח אסם (300 גרם),קבוצת אוסם סחר שותפות מוגבלת,,אסם בייגלה שטוחים עם,גרמים,300.00,100 גרם,false,,10.90,3.6333,true,1,127066
7290106575257,false,עוגת הבית סופלה בטעם שוקולד 340 ג' אסם,קבוצת אוסם סחר שותפות מוגבלת,,הבית עוגת סופלה בטעם,גרמים,340.00,100 גרם,false,,14.90,4.3824,true,1,127068
7290106575431,false,עוגת הבית סופלה בטעם שוקוניל 340 ג' אסם,קבוצת אוסם סחר-שות.מוגבלת,,הבית עוגת סופלה בטעם,גרמים,340.00,100 גרם,false,,14.90,4.3824,true,1,127071
7290106575639,false,קראנץ בר מאגדת 5*58ג,,,קראנץ בר מאגדת 5*58ג,גרמים,290.00,100 גרם,false,,32.00,11.0345,true,1,122171
7290106575653,false,סקיני קאו מאגדת תות,,,סקיני קאו מאגדת תות,גרמים,378.00,100 גרם,false,,27.50,7.2751,true,1,122172
7290106575738,false,מאגדת מיני ג'ויה בראוניז,נסטלה,,גויה מיני סטיק וניל,Unknown,5.00,יחידה,false,,25.70,5.1400,true,1,122175
7290106575752,false,נסטלה לייט קרח לימונ,,,נסטלה לייט קרח לימונ,גרמים,560.00,100 גרם,false,,20.00,3.5714,true,1,122176
7290106575776,false,מאגדת מיני ג'ויה ריבתכלפ,נסטלה,,גויה מיני סטיק וניל,Unknown,5.00,יחידה,false,,25.70,5.1400,true,1,122177
7290106576223,false,"אפרופו שוקולד 40 גרם ""אסם""",קבוצת אוסם סחר שותפות מוגבלת,,אסם אפרופו שוקולד 40,Unknown,0.00,יחידה,false,,5.90,0.0000,true,1,127075
7290106576513,false,סלט רק חומוס צבר 400 גרם,קבוצת אוסם סחר שותפות מוגבלת,,צבר חומוס 400 גרם,גרמים,400.00,100 גרם,false,,9.90,2.4750,true,1,127079
7290106576537,false,חומוס מסעדות צבר 700 גרם,קבוצת אוסם סחר שותפות מוגבלת,,צבר חומוס מסעדה 700,גרמים,700.00,100 גרם,false,,13.90,1.9857,true,1,127080
7290106576797,false,"לה קרמריה גלידת וניל איטלקי כשל""פ 1.4ל'",נגה גלידות שותפות מוגבלת,,לה קרמריה וניל איטלק,קילוגרמים,1.40,ליטר,false,,19.90,14.2143,true,1,158120
7290106576834,false,גלידה לה קרמריה פונטש בננה1.4 ל' נסטלה,נגה גלידות שותפות מוגבלת,,לה קרמריה פונטש בננה,קילוגרמים,1.40,ליטר,false,,19.90,14.2143,true,1,158130
7290106576858,false,גלידה לה קרמריה תותים בשמנת 1.4 ל' נסטלה,נגה גלידות שותפות מוגבלת,,לה קרמריה תותים בשמנ,קילוגרמים,1.40,ליטר,false,,19.90,14.2143,true,1,158127
7290106576919,false,"לה קרמריה סורבה תות לימו 1.4 ליטר כשל""פ",נגה גלידות שותפות מוגבלת,,גלידה קרמריה סורבה ת,קילוגרמים,1.40,ליטר,false,,19.90,14.2143,true,1,158134
7290106576957,false,"לה קרמריה גלידת שוקו וניל פליק פרווה כשל""פ 1.4",נגה גלידות שותפות מוגבלת,,לה קרמריה שוקו וניל,קילוגרמים,1.40,ליטר,false,,19.90,14.2143,true,1,122180
7290106576971,false,גלידה לה קרמריה שוקולד בלגי 1.4 ל' נסטלה,נגה גלידות שותפות מוגבלת,,לה קרמריה שוקולד בלג,קילוגרמים,1.40,ליטר,false,,19.90,14.2143,true,1,158128
7290106576995,false,גלידה סורבה לה קרמריה תות מנגו לייט 1.4 ל' נסטלה,נגה גלידות שותפות מוגבלת,,לה קרמריה לייט סורבה,קילוגרמים,1.40,ליטר,false,,19.90,14.2143,true,1,158131
7290106577282,false,טחינה אמיתית מרובע 400 ג' צבר,קבוצת אוסם סחר-שות.מוגבלת,,צבר טחינה מרובע 400,גרמים,400.00,100 גרם,false,,12.90,3.2250,true,1,127081
7290106577350,false,בוב ספוג מאגדת 6*75ג,,,בוב ספוג מאגדת 6*75ג,גרמים,450.00,100 גרם,false,,22.50,5.0000,true,1,122182
7290106577527,false,סלט קולסלאו כרוב לבן וגזר 400 ג' צבר,קבוצת אוסם סחר-שות.מוגבלת,,צבר קולסלו מרובע 400,גרמים,400.00,100 גרם,false,,12.90,3.2250,true,1,127084
7290106577541,false,צבר כרוב אדום מרובע 400גרם,קבוצת אוסם סחר-שות.מוגבלת,,צבר כרוב אדום מרובע,גרמים,400.00,100 גרם,false,,12.90,3.2250,true,1,127085
7290106577572,false,מטבוחה אמיתית מרובע 400 ג' צבר,קבוצת אוסם סחר-שות.מוגבלת,,צבר מטבוחה מרובע 400,גרמים,400.00,100 גרם,false,,12.90,3.2250,true,1,127086
7290106578142,false,גלידריה פרווה 1.8ליט,,,גלידריה פרווה 1.8ליט,קילוגרמים,1.80,ליטר,false,,24.00,13.3333,true,1,122183
7290106578692,false,ביסלי במבה מיקס מהדורת אליפות אסם 80 גרם,קבוצת אוסם סחר שותפות מוגבלת,,ביסלי במבה מיקס 80 ג,Unknown,0.00,יחידה,false,,5.90,0.0000,true,1,127095
7290106578821,false,עוגת הבית שמרים קלאסית שוקולד אסם 350 גרם,קבוצת אוסם סחר שותפות מוגבלת,,הבית עוגת שמרים קלאס,גרמים,350.00,100 גרם,false,,17.90,5.1143,true,1,127096
7290106652996,false,כיף כף מקלות קוקוס חלבי 40 גר',סולן בעבור שטראוס,,כיף כף מקלות קוקוס 4,Unknown,0.00,יחידה,false,,4.70,0.0000,true,1,201097
7290106654099,false,מילקי CAKE עוגות אישיות במילוי קרם חלב,בובארד איטליה אס.פי.איי,,מארז מילקי cakeשמיני,Unknown,0.00,יחידה,false,,19.90,0.0000,true,1,140040
7290106660410,false,רביולי תרד וגבינה שטראוס (400 גרם),שטראוס גרופ בעמ/מצונן,,שטראוס רביולי תרד וג,גרמים,400.00,100 גרם,false,,20.90,5.2250,true,1,140043
7290106662964,false,גומי יין סוכריות גומי מסוכרות בטעמי פירות,טופגאם תעשיות ממתקים,,עלית סוכריות נוסטלגי,Unknown,0.00,יחידה,false,,5.90,0.0000,true,1,132416
7290106663558,false,"רוטב טריאקי ורימון יד מרדכי 280מ""ל",אף.סי תבליני בגליל ב,,יד מרדכי רוטב טריאקי,גרמים,320.00,100 גרם,false,,14.90,4.6563,true,1,132426
7290106664555,false,"רוטב שמנת עם עגבניות 9% שומן 250 מ""ל יוטבתה",שטראוס גרופ בעמ/מצונן,,יטבתה רוטב שמנת 250,גרמים,250.00,100 גרם,false,,10.50,4.2000,true,1,140050
7290106664562,false,רוטב שמנת עם פטריות 9% שומן 258 ג' יוטבתה,שטראוס גרופ בעמ/מצונן,,יטבתה רוטב שמנת עם פ,גרמים,250.00,100 גרם,false,,10.50,4.2000,true,1,140051
7290106666788,false,עלית - סוכריות נוסטלגיה דבש ממולאות 80 גרם,שטראוס גרופ בע`מ,,עלית סוכריות נוסטלגי,Unknown,0.00,יחידה,false,,5.90,0.0000,true,1,132434
7290106667266,false,חטיף תירס חמוץ חריף דוריטוס (185 גרם),"שטראוס פריטו ליי בע""\מ )",,דוריטוס חמוץ חריף 18,גרמים,185.00,100 גרם,false,,7.90,4.2703,true,1,133002
7290106668133,false,שוקולית בשקית 400 גר,שטראוס גרופ בעמ,,שוקולית 400 גרם,גרמים,400.00,100 גרם,false,,9.90,2.4750,true,1,132437
7290106668577,false,"מיץ לימון טיבעי 250 מ""ל יד מרדכי",האי נאם סי או אל.טי.,,יד מרדכי מיץ לימון 2,מיליליטרים,250.00,"100 מ""ל",false,,9.90,3.9600,true,1,132438
7290106668713,false,יוגורט עם פירות יער 3% שומן 150 ג' דנונה,שטראוס גרופ בעמ/מצונן,,דנונה ביו פירות יער,גרמים,150.00,100 גרם,false,,3.90,2.6000,true,1,140052
7290106669857,false,קפסולות אספרסו בטעם וניל עלית 10 יחידות,הנסיך- מפעל לייצור ט,,עלית קפסולות אספרסו,Unknown,0.00,יחידה,false,,16.90,0.0000,true,1,132444
7290106711594,false,חוברת צביעה לשביר את,,,חוברת צביעה לשביר את,Unknown,0.00,יחידה,false,,10.00,0.0000,true,1,162317
7290106714267,false,ספר וויפ אנד קלין או,,,ספר וויפ אנד קלין או,Unknown,0.00,יחידה,false,,30.00,0.0000,true,1,195903
7290106714281,false,ספר תינוקות בערבית כ,,,ספר תינוקות בערבית כ,Unknown,0.00,יחידה,false,,10.00,0.0000,true,1,162366
7290106714298,false,ספר תינוקות בערבית ה,,,ספר תינוקות בערבית ה,Unknown,0.00,יחידה,false,,10.00,0.0000,true,1,162358
7290106714304,false,ספר תינוקות בערבית ח,,,ספר תינוקות בערבית ח,Unknown,0.00,יחידה,false,,10.00,0.0000,true,1,195896
7290106714335,false,ספר תינוקות בערבית ס,,,ספר תינוקות בערבית ס,Unknown,0.00,יחידה,false,,10.00,0.0000,true,1,195897
7290106714342,false,ספר תינוקות בערבית ס,,,ספר תינוקות בערבית ס,Unknown,0.00,יחידה,false,,10.00,0.0000,true,1,195898
7290106714359,false,ספר תינוקות בערבית ס,,,ספר תינוקות בערבית ס,Unknown,0.00,יחידה,false,,10.00,0.0000,true,1,180983
7290106715318,false,מאה מילים ראשונות -,,,מאה מילים ראשונות -,Unknown,0.00,יחידה,false,,30.00,0.0000,true,1,162382
7290106715325,false,מאה חיות ראשונות-ערב,,,מאה חיות ראשונות-ערב,Unknown,0.00,יחידה,false,,30.00,0.0000,true,1,162383
7290106715417,false,חוברת 16 עמ לשבור את,,,חוברת 16 עמ לשבור את,Unknown,0.00,יחידה,false,,10.00,0.0000,true,1,162255
7290106718210,false,חוברת צביעה מפרץ ההר,,,חוברת צביעה מפרץ ההר,Unknown,0.00,יחידה,false,,10.00,0.0000,true,1,162293
7290106720626,false,חטיף תירס בטעם גבינה צ`יטוס (80 גרם),"שטראוס פריטו ליי בע""\מ )",,ציטוס בטעם גבינה 80,Unknown,0.00,יחידה,false,,4.90,0.0000,true,1,133004
7290106721807,false,אחלה סלט חציל פיקנטי מהדרין 400ג,מיוצר עי קונדיטוריית,,אחלה חציל פיקנטי 400,גרמים,400.00,100 גרם,false,,10.90,2.7250,true,1,140056
7290106721913,false,מסטיק מאסט MUST ללא סוכר בטעם מנטה מרעננת,שטראוס גרופ בע`מ,,מאסט צנצנת ריח פה צ',Unknown,0.00,יחידה,false,,9.90,0.0000,true,1,132448
7290106721920,false,צנצנת מסטיק מאסט בטעם ספירמינט עדין 66 ג' עלית,"שטראוס גרופ בע""\מ.",,מאסט צנצנת ספירמינט,Unknown,0.00,יחידה,false,,9.90,0.0000,true,1,132449
7290106725867,false,סירופ מייפל טהור ללס יד מרדכי 189 גר,שטראוס גרופ בע`מ,,יד מרדכי סירופ מייפל,מיליליטרים,189.00,"100 מ""ל",false,,34.90,18.4656,true,1,132462
7290106726178,false,יוגורט PRO עם פירות יער 2.4% 10 גרם חלבון בגביע,שטראוס גרופ בעמ/מצונן,,דנונה פרו פירות יער,מיליליטרים,150.00,"100 מ""ל",false,,4.60,3.0667,true,1,140059
7290106727984,false,"כיף כף פצפצים בגביע 135 גרם ""עלית""",שולן צ'\יקולטה גידה סאן.,,גביע פצפצים 135 גרם,גרמים,135.00,100 גרם,false,,10.90,8.0741,true,1,132465
7290106729650,false,יוגורט עם תות מאגדת 8 יח' * 150ג' דנונה,שטראוס גרופ בעמ/מצונן,,דנונה מארז תות 3% ש,Unknown,8.00,יחידה,false,,23.90,2.9875,true,1,140069
7290107057530,false,תבנית קפיץ טפלון 24,,,תבנית קפיץ טפלון 24,Unknown,0.00,יחידה,false,,29.90,0.0000,true,1,197228
7290107057554,false,תבנית קפיץ טפלון 28,,,תבנית קפיץ טפלון 28,Unknown,0.00,יחידה,false,,29.90,0.0000,true,1,197229
7290107280099,false,שלישיית מגובנים נשטפים באסלה סופט סוד 48 יחידות,החברה הדרומית לשיווק בעמ,,סנו סופט מגבוני טואל,Unknown,3.00,יחידה,false,,16.90,5.6333,true,1,158069
7290107280389,false,"סנו - ג'ט מרסס לניקוי בחדר האמבטיה 750 מ""ל",החברה הדרומית לשיווק בעמ,,סנו ג'ט מתז לאמבט 75,מיליליטרים,750.00,"100 מ""ל",false,,12.90,1.7200,true,1,117620
7290107280396,false,"סנו - ג'ט מרסס לניקוי יסודי במטבח 750 מ""ל",החברה הדרומית לשיווק בעמ,,סנו ג'ט מתז למטבח 75,מיליליטרים,750.00,"100 מ""ל",false,,13.90,1.8533,true,1,117621
7290107280655,false,"אבקת כביסה בייבי סנו מקסימה 3.25 ק""ג",החברה הדרומית לשיווק בעמ,,"מקסימה בייבי 3.25 ק""",פריט,3.25,"ק""ג",false,,30.00,9.2308,true,1,173428
7290107280761,false,נוזל לניקוי כלים בניחוח לימון רענן סנו ספארק Spark,החברה הדרומית לשיווק בעמ,,ספארק נוזל לכלים לימ,קילוגרמים,1.00,ליטר,false,,12.90,12.9000,true,1,173433
7290107280822,false,סנו ריצפז פרש הום 2 ליטר בניחוח ספא,החברה הדרומית לשיווק בעמ,,ריצפז פרש הום ספא 2,קילוגרמים,2.00,ליטר,false,,21.90,10.9500,true,1,111295
7290107401018,false,"קלחת 9*16 ס""מ 1.7 לי",,,"קלחת 9*16 ס""מ 1.7 לי",Unknown,0.00,יחידה,false,,69.90,0.0000,true,1,157087
7290107529488,false,סט 4 סכינים לקילוף ו,,,סט 4 סכינים לקילוף ו,Unknown,0.00,יחידה,false,,10.00,0.0000,true,1,171662
7290107544467,false,שעווה קרה להסרת שיער מיוחד למיקרוגל,אלפא קוסמטיקה,,אורנה 19 שעווה קרה ל,גרמים,500.00,100 גרם,false,,14.90,2.9800,true,1,184818
7290107601696,false,פנס מנורת חירום לד ס,,,פנס מנורת חירום לד ס,Unknown,0.00,יחידה,false,,59.90,0.0000,true,1,169433
7290107645584,false,אבקת מרק עוף אמיתי רכיבים טבעיים 400 גרם - רבנות,יוניליוור ישראל שיווק בע`מ,,קנור עוף אמיתי רכיבי,גרמים,400.00,100 גרם,false,,21.90,5.4750,true,1,119678
7290107645591,false,אבקת מרק בטעם עוף 100% רכיבים טבעיים 400 גרם,יוניליוור ישראל שיווק בע`מ,,קנור מרק טעם עוף רכי,גרמים,400.00,100 גרם,false,,17.90,4.4750,true,1,119679
7290107646062,false,אבקת מרק בצל רכיבים טבעיים קנור 400 ג',יוניליוור ישראל שיווק בע`מ,,קנור מרק בצל רכיבים,גרמים,400.00,100 גרם,false,,21.90,5.4750,true,1,119689
7290107646147,false,"חטיף שוגי קורנפלקס תלמה 156 גרם מארז 6 יחידות בד""צ",יוניליוור ישראל שיווק בע`מ,,חטיף שוגי קורנפלקס ש,Unknown,0.00,יחידה,false,,12.90,0.0000,true,1,119691
7290107646154,false,"חטיף קוקומן פצפוצים תלמה 126 גרם מארז 6 יחידות בד""צ",יוניליוור ישראל שיווק בע`מ,,חטיף קוקומן פצפוצ טע,Unknown,0.00,יחידה,false,,12.90,0.0000,true,1,119692
7290107646383,false,סיף מטליות לחות לניקוי רצפות בניחוח לימו,"יוניליוור ישראלשיווק בע""מ",,סיף מטליות לחות לניק,Unknown,0.00,יחידה,false,,10.90,0.0000,true,1,111366
7290107646826,false,"חטיף שוגי שוקו תלמה 156 גרם מארז 6 יחידות בד""צ",יוניליוור ישראל שיווק בע`מ,,חטיף שוגי טעם שוקו ש,Unknown,0.00,יחידה,false,,12.90,0.0000,true,1,119699
7290107646895,false,קנור - רוטב פסטה נפוליטנה 415 גרם חתם סופר,יוניליוור ישראל שיווק בע`מ,,קנור רוטב נפוליטנה 4,גרמים,415.00,100 גרם,false,,14.90,3.5904,true,1,119704
7290107646918,false,רוטב עגבניות ופלפלים לשקשוקה 415 ג' קנור,יוניליוור ישראל שיווק בע`מ,,קנור רוטב שקשוקה 415,גרמים,415.00,100 גרם,false,,14.90,3.5904,true,1,119706
7290107646970,false,"מיונז תלמה איולי שום 273 גר בד""ץ",יוניליוור ישראל שיווק בע`מ,,תלמה איולי שום ממרח,גרמים,250.00,100 גרם,false,,8.90,3.5600,true,1,119709
7290107647342,false,דומסטוס אסלה ליים9*55 גרם,יוניליוור פולין,,דומסטוס סבון 5 הפעול,Unknown,0.00,יחידה,false,,8.90,0.0000,true,1,119719
7290107647731,false,קוקומן חום לבן 20% פחות סוכר 375 גרם ב,יוניליוור ישראל שיווק בע`מ,,קוקומן חום לבן 20% מ,גרמים,500.00,100 גרם,false,,19.90,3.9800,true,1,119726
7290107647816,false,"דגני ברנפלקס ללא תוספת סוכר 500 גרם בד""צ",יוניליוור ישראל שיווק בע`מ,,ברנפלקס בדצ ללא סוכר,גרמים,500.00,100 גרם,false,,23.90,4.7800,true,1,119733
7290107647823,false,"ברנפלקס פתיתי חיטה מלאה וסובין 500 גרם ""תלמה""",יוניליוור ישראל שיווק בע`מ,,"ברנפלקס בד""צ 500 גרם",גרמים,500.00,100 גרם,false,,22.00,4.4000,true,1,119734
7290107647854,false,"שוגי מופחת סוכר תלמה 500 ג' בד""צ",יוניליוור ישראל שיווק בע`מ,,שוגי 20% פחות סוכר 5,גרמים,500.00,100 גרם,false,,19.90,3.9800,true,1,119736
7290107648943,false,"ברנפלקס קרנצ'ים מייפל תלמה 375 גרם בד""צ","יוניליוור ישראל שיווק בע""מ",,ברנפלקס קרנצים מייפל,גרמים,375.00,100 גרם,false,,22.00,5.8667,true,1,119754
7290107648974,false,קנור רוטב לפסטה עגבניות עם בזיליקום,יוניליוור ישראל שיווק בע`מ,,קנור רוטב לפסטה בזיל,גרמים,415.00,100 גרם,false,,14.90,3.5904,true,1,119756
7290107649100,false,בייגלה טבעות שומשום 300 גרם.,יוניליוור ישראל שיווק בע`מ,,בייגל בייגלה טבעות ש,גרמים,300.00,100 גרם,false,,9.90,3.3000,true,1,119763
7290107649605,false,קליק אקסטרא לארג שוקולד חלב עם פתיתי תירס ודגנים,יוניליוור ישראל שיווק בע`מ,,קליק טבלה קורנפלקס ח,Unknown,0.00,יחידה,false,,5.90,0.0000,true,1,119769
7290107649728,false,גלידה פרווה שוקולד ופרורי עוגיות שטראוס,"גלידת שטראוס בע""\מ, רחוב",,גלידת שטראוס וניל שו,Unknown,0.00,יחידה,false,,22.90,0.0000,true,1,135429
7290107649735,false,"גלידה בטעמי תות דשה, לימון, בננה, משמש, פטל","גלידת שטראוס בע""\מ, רחוב",,גלידה תות לימון בננה,Unknown,0.00,יחידה,false,,22.90,0.0000,true,1,135430
7290107812542,false,חוברת צביעה לשבור את,,,חוברת צביעה לשבור את,Unknown,0.00,יחידה,false,,10.00,0.0000,true,1,162295
7290107814768,false,חד קרן חוברת צביעה A,,,חד קרן חוברת צביעה A,Unknown,0.00,יחידה,false,,10.00,0.0000,true,1,162258
7290107816960,false,חוברת צביעה סמי הכבא,,,חוברת צביעה סמי הכבא,Unknown,0.00,יחידה,false,,10.00,0.0000,true,1,162307
7290107818254,false,חוברת צביעה משמר האר,,,חוברת צביעה משמר האר,Unknown,0.00,יחידה,false,,10.00,0.0000,true,1,162299
7290107819381,false,מטוסי על חוברת צביעה,,,חוברת צביעה מטוסי על,Unknown,0.00,יחידה,false,,10.00,0.0000,true,1,162328
7290107819633,false,חוברת צביעה נסיכות ד,,,חוברת צביעה נסיכות ד,Unknown,0.00,יחידה,false,,10.00,0.0000,true,1,162308
7290107819664,false,חוברת צביעה מכוניות,,,חוברת צביעה מכוניות,Unknown,0.00,יחידה,false,,10.00,0.0000,true,1,162304
7290107855969,false,מפת שולחן חד פעמי,,,מפת שולחן חד פעמי,Unknown,0.00,יחידה,false,,14.90,0.0000,true,1,204064
7290107871297,false,אוסם - מיני פריכונים עשבי תיבול 25 גרם,קבוצת אוסם סחר שותפות מוגבלת,,פריכונים מיני עשבי ת,Unknown,0.00,יחידה,false,,4.50,0.0000,true,1,127105
7290107871532,false,מאגדת קרחוני מלון דובדבן נסטלה 10 יחידות,נגה גלידות שותפות מוגבלת,,מאגדת לה פרוטה קרחונ,Unknown,0.00,יחידה,false,,14.90,0.0000,true,1,158147
7290107871990,false,פסטה צינורות מהדרין אסם (500 גרם),קבוצת אוסם סחר שותפות מוגבלת,,פסטה אסם צינורות 500,גרמים,500.00,100 גרם,false,,5.90,1.1800,true,1,127111
7290107874427,false,מיני פריכונים בטעם זעתר אסם (25 גרם),קבוצת אוסם סחר שותפות מוגבלת,,פריכונים מיני זעתר 2,Unknown,0.00,יחידה,false,,4.50,0.0000,true,1,127121
7290107874441,false,פריכונים מיני בצל מקורמל אסם (25 גרם),קבוצת אוסם סחר שותפות מוגבלת,,פריכונים מיני בצל מק,Unknown,0.00,יחידה,false,,4.50,0.0000,true,1,127122
7290107874502,false,ביסלי גריל קדמ. מארז אחיד 10 4*55 גרם,קבוצת אוסם סחר שותפות מוגבלת,,ביסלי גריל 4*55 גרם,גרמים,220.00,100 גרם,false,,12.90,5.8636,true,1,127124
7290107875158,false,במבה קלאסי מארז 4 יח' *60ג' אסם,קבוצת אוסם סחר-שות.מוגבלת,,במבה אסם 4*60ג,גרמים,240.00,100 גרם,false,,12.90,5.3750,true,1,156480
7290107875271,false,ביסלי ברביקיו קדמ. מארז אחיד10 4*55 גרם,קבוצת אוסם סחר שותפות מוגבלת,,ביסלי ברביקיו 4*55 ג,גרמים,220.00,100 גרם,false,,12.90,5.8636,true,1,127132
7290107875400,false,גלידה לה קרמריה פיסטוק מוקה 1.4 ל' נסטלה,נגה גלידות שותפות מוגבלת,,לה קרמריה פיסתוק מוק,קילוגרמים,1.40,ליטר,false,,19.90,14.2143,true,1,158132
7290107875820,false,קרוטונים אפויים בתיבול ביתי אוסם 180 ג',קבוצת אוסם סחר שותפות מוגבלת,,אסם קרוטונים אפויים,גרמים,180.00,100 גרם,false,,12.90,7.1667,true,1,127135
7290107877619,false,מארז במבה במילוי קרם נוגט 5*30ג' אסם,קבוצת אוסם סחר שותפות מוגבלת,,במבה במילוי קרם נוגט,Unknown,0.00,יחידה,false,,13.90,0.0000,true,1,127152
7290107879132,false,פריכיות פיטנס מיני פריכיות שוקולד חלב 22 ג',קבוצת אוסם סחר שותפות מוגבלת,,אסם פיטנס מיני פריכי,Unknown,0.00,יחידה,false,,5.90,0.0000,true,1,127165
7290107879521,false,קרחון לה פרוטה שרבט תות מאגדת 5יח',נגה גלידות שותפות מוגבלת,,מאגדת לה פרוטה תות 5,Unknown,0.00,יחידה,false,,21.90,0.0000,true,1,122186
7290107879569,false,קרחון לה פרוטה שרבט מנגו מאגדת 5יח',נגה גלידות שותפות מוגבלת,,מאגדת לה פרוטה מנגו,Unknown,0.00,יחידה,false,,21.90,0.0000,true,1,158148
7290107930321,false,קונפיטורת יד מרדכי דובדובן 340 גרם,"שטראוס גרופ בע""מ",,יד מרדכי קונפיטורה ד,גרמים,340.00,100 גרם,false,,13.90,4.0882,true,1,132474
7290107931397,false,כיף כף פצפוצים במילוי שוקולד 40 גרם,שולן צ'\יקולטה גידה סאן.,,כיף כף פצפצים במילוי,Unknown,0.00,יחידה,false,,5.90,0.0000,true,1,132475
7290107932080,false,חלב מועשר יוטבתה בבקבוק 3% 1 ליטר,שטראוס גרופ בעמ/מצונן,,חלב יטבתה בבקבוק3% מ,קילוגרמים,1.00,ליטר,false,,7.50,7.5000,true,1,140072
7290107932134,false,חלב מועשר יוטבתה בבקבוק 1% 1 ליטר,שטראוס גרופ בעמ/מצונן,,חלב יטבתה בבקבוק1% מ,קילוגרמים,1.00,ליטר,false,,7.50,7.5000,true,1,140074
7290107934473,false,שמינייה יוגורט לבן אקטיביה 1.5% דנונה 150 גרם,שטראוס גרופ בעמ/מצונן,,מארז אקטיביה שמינייה,Unknown,0.00,יחידה,false,,21.90,0.0000,true,1,140082
7290107936309,false,דנונה יוגורט 7% יווני לבן 130 ג',שטראוס גרופ בעמ/מצונן,,דנונה יווני 130 גרם,גרמים,130.00,100 גרם,false,,3.50,2.6923,true,1,140087
7290107936958,false,עד חצות ביסקוויט אצבעות שוקולד 125 גרם,ביסקוויטס טור ד'\אלבון,,עד חצות אצבעות 125 ג,גרמים,125.00,100 גרם,false,,11.90,9.5200,true,1,132498
7290107936965,false,עיגולים עד חצות עם שוקולד חלב 225 גר,ביסקווטרי עוגיות סנט,,עד חצות עיגולים 225,גרמים,225.00,100 גרם,false,,14.90,6.6222,true,1,132499
7290107937542,false,משקה יוגורט אקטיביה עם תות 1.2% שומן,שטראוס גרופ בעמ/מצונן,,אקטיביה משקה בטעם תו,מיליליטרים,250.00,"100 מ""ל",false,,4.90,1.9600,true,1,140090
7290107937627,false,מסטיק מאסט Must קוביות ללא סוכר בטעם מנטה עדינה,שטראוס גרופ בע`מ,,צנצנת מסטיק קוביות ס,Unknown,0.00,יחידה,false,,9.90,0.0000,true,1,132507
7290107937634,false,צנצנית מסטיק מאסט קוביות פפירמינט 58 ג' עלית,שטראוס גרופ בע`מ,,צנצנת מסטיק קוביות פ,Unknown,0.00,יחידה,false,,9.90,0.0000,true,1,132508
7290107937641,false,צנצנת קוביות בזוקה גומי לעיסה 58גר,שטראוס גרופ בע`מ,,צנצנת מסטיק קוביות ב,Unknown,0.00,יחידה,false,,9.90,0.0000,true,1,132509
7290107937856,false,קפסולות 11חזק למכונות נספרסו עלית 10יח',הנסיך- מפעל לייצור ט,,עלית קפסולות מס 11 5,Unknown,0.00,יחידה,false,,16.90,0.0000,true,1,132511
7290107938396,false,שמיניית אקטימל תות דיסני בנים 108 גרם,שטראוס גרופ בעמ/מצונן,,אקטימל 8 תות דיסני V,Unknown,8.00,יחידה,false,,19.90,2.4875,true,1,140092
7290107940030,false,"חומוס אחלה מופחת שומן 650 גרם ""אחלה""","שטראוס גרופ ***בע""מ",,חומוס אחלה 650 גרם,גרמים,650.00,100 גרם,false,,9.90,1.5231,true,1,140106
7290107940467,false,אקטיביה יוגורט קרמי 1.5% דנונה (200 גרם),שטראוס גרופ בעמ/מצונן,,אקטיביה 1.5% 200 גרם,גרמים,200.00,100 גרם,false,,3.70,1.8500,true,1,140109
7290107941266,false,שעועית אדומה מבושלת 475 גר ירקות שטראוס,ביכורי השדה הצפון בעמ` 1964,,טעם הטבע שעועית אגומ,גרמים,475.00,100 גרם,false,,13.90,2.9263,true,1,140113
7290107941273,false,טעם הטבע חומוס מבושל שטראוס (475 גרם),ביכורי השדה הצפון בעמ` 1964,,טעם הטבע חומוס מבושל,גרמים,475.00,100 גרם,false,,10.90,2.2947,true,1,140114
7290107943369,false,קוואקר שיבולת שועל ללא גלוטן 511 גרם,שטראוס פריטו ליי בע`מ,,קוואקר שיבולת שועל ל,גרמים,511.00,100 גרם,false,,19.90,3.8943,true,1,133023
7290107944243,false,אפיפיות בטעם שוקולד 200 גרם כשר לפסח,"שטראוס גרופ בע""\מ",,אפיפיות בטעם שוקולד,גרמים,200.00,100 גרם,false,,7.90,3.9500,true,1,132543
7290107944472,false,סימפוניה גבינה במרקם שמנת 5% שום שמיר,שטראוס גרופ בעמ/מצונן,,סימפוניה שום שמיר 5%,גרמים,200.00,100 גרם,false,,10.90,5.4500,true,1,140138
7290107950190,false,מעדן חלב דל קלוריות בטעם שוקולד מריר 0.5% שומן,שטראוס גרופ בעמ/מצונן,,מעדן שטראוס דיאט שוק,גרמים,130.00,100 גרם,false,,3.50,2.6923,true,1,140189
7290107950206,false,מעדן דיאט שוקולד שטראוס 130 גרם,שטראוס גרופ בעמ/מצונן,,מעדן שטראוס דיאט שוק,גרמים,130.00,100 גרם,false,,3.50,2.6923,true,1,140190
7290107951104,false,בפלות ופלים ארוכים בטעם שוקולד,"שטראוס גרופ בע""\מ",,עלית בפלות ארוכות שו,גרמים,200.00,100 גרם,false,,4.90,2.4500,true,1,132597
7290107951111,false,בפלות ופלים ארוכים בטעם לימון,שטראוס גרופ בע`מ,,עלית בפלות ארוכות לי,גרמים,200.00,100 גרם,false,,4.90,2.4500,true,1,132598
7290107951715,false,צנצנת מסטיק מאסט קוביות בטעם ענבים 58 ג' עלית,שטראוס גרופ בע`מ,,צנצנת מסטיק קוביות ע,Unknown,0.00,יחידה,false,,9.90,0.0000,true,1,132613
7290107953559,false,"מארז קפה טורקי עלית לדרך כשל""פ 168 גרם",הנסיך- מפעל לייצור ט,,עלית מארז טורקי לדרך,גרמים,168.00,100 גרם,false,,19.90,11.8452,true,1,132620
7290107954709,false,"קונפיטורת פירות יער ""יד מרדכי"" 340 גר'",שטראוס גרופ בע`מ,,יד מרדכי קונפיטורה פ,גרמים,340.00,100 גרם,false,,13.90,4.0882,true,1,132638
7290107954976,false,משקה חלב PRO עם קפה 1.5% 25 גרם חלבון בבקבוק,שטראוס גרופ בעמ/מצונן,,משקה קפה עם חלבון חל,מיליליטרים,350.00,"100 מ""ל",false,,6.90,1.9714,true,1,140239
7290107956543,false,דבש טהור מפרחי בר 900 ג' יד מרדכי,שטראוס גרופ בע`מ,,דבש טהור פרחי בר 900,גרמים,900.00,100 גרם,false,,39.90,4.4333,true,1,132664
7290107956642,false,"תרסיס שמן זית 150 מ""ל יד מרדכי כשלפ",פארייפאבה אגרואינדוס,,תרסיס שמן זית 150 גר,גרמים,150.00,100 גרם,false,,19.90,13.2667,true,1,132665
7290107956710,false,מארז מיני מילקי 70 גרם 16 יחידות,שטראוס גרופ בעמ (ח),,מארז מיני מילקי 16 י,Unknown,0.00,יחידה,false,,19.90,0.0000,true,1,140246
7290107956895,false,קפסולות טעם קרמל למכונות נספרסו 50גר,שטראוס קפה בי.וי.,,קפסולות אספרסו בטעם,Unknown,0.00,יחידה,false,,16.90,0.0000,true,1,132671
7290107956901,false,קפסולות בטעם אגוזים למכונת נספרסו עלית 10 יחידות,שטראוס קפה בי.וי.,,עלית קפסולותאספרסו ב,גרמים,150.00,100 גרם,false,,16.90,11.2667,true,1,132672
7290107956925,false,קפסולות 13 אוגנדה למכונת נספרסו עלית 10יח',שטראוס קפה בי.וי.,,קפסולות קפה אוגנדה 1,Unknown,0.00,יחידה,false,,16.90,0.0000,true,1,132673
7290107956932,false,קפסולות אספרסו אידונזיה למכונות 50 גר,שטראוס קפה בי.וי.,,עלית קפסולות קפה אינ,גרמים,100.00,100 גרם,false,,16.90,16.9000,true,1,132674
7290107956963,false,"דנונה וניל 3% תות מארז 12X100מ""ל",שטראוס גרופ בעמ/מצונן,,שרינק 12 דנונה תות,Unknown,0.00,יחידה,false,,19.90,0.0000,true,1,140250
7290107957069,false,"מסטיק ע""למה ""בטעם אוכניות 66 גרם צנצנת ""עלית""","שטראוס גרופ בע""\מ",,צנצנת עלמה בטעם אוכמ,Unknown,0.00,יחידה,false,,9.90,0.0000,true,1,132678
7290107957229,false,שוקולד צ'יפס מריר מעולה לאפיה עלית 250 ג',שטראוס גרופ בע`מ,,עלית נטיפי שוקולד צי,גרמים,250.00,100 גרם,false,,11.90,4.7600,true,1,132680
7290107957991,false,מילקי CAKE מיניס קרם חלב בציפוי שוקולד חלב שקית 16X9ג',בובארד איטליה אס.פי.איי,,מילקי קייק 144 גרם m,גרמים,144.00,100 גרם,false,,14.90,10.3472,true,1,140270
7290107971522,false,חטיף בוטנים ושקדים עם שוקולד מריר ופיסטוק,אמקו סאם מילס ספול.,,פריי חטיף בוטנים ושק,גרמים,140.00,100 גרם,false,,17.90,12.7857,true,1,128258
7290107971744,false,"קולגייט - מי פה טוטל ירוק ספרמינט 500 מ""ל",יבואן ומשווק: ש. שסט,,קולגייט מי פה טוטל י,מיליליטרים,500.00,"100 מ""ל",false,,29.90,5.9800,true,1,128268
7290107971751,false,מי פה קולגייט טוטל ללא אלכוהול פפרמינט,יבואן ומשווק: ש. שסט,,קולגייט מי פה טוטל כ,מיליליטרים,500.00,"100 מ""ל",false,,29.90,5.9800,true,1,128269
7290107973014,false,"סבון ידיים משאבה פלמוליב חלב ודבש 300 מ""ל",הנסיך- מפעל לייצור ט,,פלמוליב סבון ידיים ח,גרמים,300.00,100 גרם,false,,9.90,3.3000,true,1,175085
7290107973311,false,קולגייט מברשת שיניים 360 פחם זהב זוג,הנסיך- מפעל לייצור ט,,קולגייט מברשת שיניים,Unknown,2.00,יחידה,false,,31.90,15.9500,true,1,128277
7290107973793,false,שימורי עגבניות שלמות 400 ג' מאסטר שף,פראנו אריקו ופיגלי ס,,מאסטר שף עגבניות שלמ,גרמים,400.00,100 גרם,false,,5.90,1.4750,true,1,128282
7290107973809,false,שימורי עגבניות קוביות 400 ג' מאסטר שף,פראנו אריקו ופיגלי ס.פ.א,,מאסטר שף קוביות עגבנ,גרמים,400.00,100 גרם,false,,5.90,1.4750,true,1,128283
7290107973861,false,מאסטר שף עגבניות קצוצות דק שלישיה 400ג*3 כשלפ,קונסרזיו קאסאלאסקו ד,,מאסטר שף עגבניות קצו,גרמים,1200.00,100 גרם,false,,16.90,1.4083,true,1,128284
7290107974073,false,עלי טורטיה קמח לבן 320 גר`מנה מאסטר שף,אלקאטי קורביישיסי גי,,מאסטר שף עלי טורטיה,גרמים,320.00,100 גרם,false,,10.90,3.4063,true,1,128290
7290107974080,false,עלי טורטיה קמח לבן 744 גר`מנה מאסטר שף,הדקלאים אגודת שיתופי,,מאסטר שף עלי טורטיה,גרמים,840.00,100 גרם,false,,17.90,2.1310,true,1,171828
7290107974301,false,ליידי ספיד סטיק - דאודורנט ג'ל לאישה אלוורה 45 גרם,ליידי ספיד סטיק Lady Speed Stick,,ליידי ספיד סטיק אלוו,Unknown,0.00,יחידה,false,,24.90,0.0000,true,1,128292
7290107974646,false,מרידול נשימה רעננה שטיפת פה 400 מל,הנסיך- מפעל לייצור ט,,מרידול מה פה נשימה ר,מיליליטרים,400.00,"100 מ""ל",false,,32.90,8.2250,true,1,128296
7290107974837,false,מנה מאסטר שף ממרח מתובל שום 246 גר,רמיה סי.וי.הולנד,,מנה מאסטר שף ממרח מי,גרמים,253.00,100 גרם,false,,7.90,3.1225,true,1,128302
7290107975292,false,ליידי ספיד סטיק - דאודורנט סטיק נערות ורוד 65 גרם,ליידי ספיד סטיק Lady Speed Stick,,ליידי ספיד סטיק נערו,Unknown,0.00,יחידה,false,,19.90,0.0000,true,1,111445
7290107975360,false,ליידי ספיד סטיק פיור פרשנס ג'ל נשים 65ג',ליידי ספיד סטיק Lady Speed Stick,,ליידי ספיד סטיק פיור,Unknown,0.00,יחידה,false,,24.90,0.0000,true,1,128308
7290107975544,false,"קולגייט משחת שיניים סמיילס ברבי לגילאי 6 50מ""ל",קולגייט- פלמוליב,,קולגייט סמיילס ברבי,Unknown,0.00,יחידה,false,,12.90,0.0000,true,1,128309
7290107976589,false,"שטיפת פה קולגייט אופטיק וייט 250 מ""ל",ש.שסטוביץ בעמ,,קולגייט מי פה אופטיק,מיליליטרים,250.00,"100 מ""ל",false,,14.90,5.9600,true,1,168126
7290107976916,false,"סבון ידיים משאבה פלמוליב זיתים 300 מ""ל",קולגייט פלמוליב,,פלמוליב סבון ידיים ח,Unknown,0.00,יחידה,false,,9.90,0.0000,true,1,128325
7290107977456,false,"פלמוליב - ג'ל רחצה ושמפו ספורט לגבר 750 מ""ל",קולגייט פלמוליב,,פלמוליב לגבר גל רחצה,מיליליטרים,750.00,"100 מ""ל",false,,19.90,2.6533,true,1,128326
7290107978101,false,מש.שיניים קולגייט א.וויט אקסטרה פאוור 75,קולגייט-פלמוליב,,קולגייט אופטיק ווייט,Unknown,0.00,יחידה,false,,29.90,0.0000,true,1,128328
7290107978323,false,איטריות דקיקות מאסטר שף 400 גרם,הדקלאים אגודת שיתופי,,מאסטר שף איטריות דקי,גרמים,400.00,100 גרם,false,,5.90,1.4750,true,1,128329
7290107978347,false,איטריות בינוניות מאסטר שף 400 גרם,הדקלאים אגודת שיתופי,,מאסטר שף איטריות בינ,גרמים,400.00,100 גרם,false,,5.90,1.4750,true,1,128331
7290107978453,false,חטיף בטעם גריל קראנצ,ש. שסטוביץ בע`מ,,קראנצוס גריל 70 גרם,Unknown,0.00,יחידה,false,,3.90,0.0000,true,1,128335
7290107978460,false,קראנצ וס פלאפל 60ג חדש,ש. שסטוביץ בע`מ,,קראנצוס פלאפל 70 גרם,Unknown,0.00,יחידה,false,,3.90,0.0000,true,1,128336
7290108070309,false,שקית בלונים פסטל מעורב צבעים-100 יח,שמחה זה אנחנו,,שקית בלונים פסטל מעו,Unknown,0.00,יחידה,false,,29.90,0.0000,true,1,129004
7290108077971,false,פלייסמט - מיניונים,שמחה זה אנחנו,,פלייסמט מיניונים,Unknown,0.00,יחידה,false,,5.00,0.0000,true,1,129023
7290108078015,false,פלייסמנט מיקי,שמחה זה אנחנו בעמ,,פלייסמט מיקי,Unknown,0.00,יחידה,false,,5.00,0.0000,true,1,129026
7290108078930,false,בלון מיילר 34 - כסף ספרה 0,,,בלון מיילר 34- ספרה,Unknown,0.00,יחידה,false,,24.90,0.0000,true,1,167077
7290108078978,false,בלון מיילר 34 - כסף ספרה 2,,,בלון מיילר 34- ספרה,Unknown,0.00,יחידה,false,,24.90,0.0000,true,1,167079
7290108079357,false,מארז בלונים על מקל לניפוח עצמי HAPPY BIRTHDAY - כסף,שמחה זה אנחנו בעמ,,סט בלונים 14 לניפוח,Unknown,0.00,יחידה,false,,29.90,0.0000,true,1,129027
7290108201284,false,איירוויק מקלות ריחניים בניחוח לבנדר מתוק,רקיט בנקיזר (ניר איסט) בעמ,,אירוויק מקלות לבנדר,Unknown,0.00,יחידה,false,,14.90,0.0000,true,1,193430
7290108201437,false,"אבקת כביסה קולון 101 2.5 ק""ג",רקיט בנקיזר (ניר איסט) בעמ,,קולון אבקת כביסה 2.5,Unknown,0.00,יחידה,false,,21.90,0.0000,true,1,191937
7290108201864,false,קולון קפסולות גל לכביסה 28 יחידות,רקיט בנקיזר (ניר איסט) בעמ,,קולון קפסולות לכביסה,Unknown,25.00,יחידה,false,,29.90,1.1960,true,1,134137
7290108268294,false,מיקרופון מובנה לבן +,,,מיקרופון מובנה לבן +,Unknown,0.00,יחידה,false,,89.90,0.0000,true,1,195842
7290108268300,false,מיקרופון מובנה שחור,,,מיקרופון מובנה שחור,Unknown,0.00,יחידה,false,,89.90,0.0000,true,1,195843
7290108268317,false,מיקרופון מובנה לבן +,,,מיקרופון מובנה לבן +,Unknown,0.00,יחידה,false,,89.90,0.0000,true,1,195841
7290108268324,false,מיקרופון מובנה שחור,,,מיקרופון מובנה שחור,Unknown,0.00,יחידה,false,,89.90,0.0000,true,1,195840
7290108350203,false,"סנו סושי כריות קרצוף+ספוג מקציף 6 יחידות 12X9 ס""מ",החברה הדרומית לשיווק בעמ,,כריות קרצוף עם ספוג,Unknown,0.00,יחידה,false,,9.90,0.0000,true,1,173437
7290108350555,false,נוזל כלים סנו ספארק Spark היפואלרגני פריחת השקד,החברה הדרומית לשיווק בעמ,,סנו ספארק משאבה בניח,קילוגרמים,1.00,ליטר,false,,12.90,12.9000,true,1,173440
7290108350647,false,"כיף פיות קרם מתיר קשרים 350 מ""ל-מרכז",החברה הדרומית לשיווק בעמ,,כיף פיות קרם להתרת ק,מיליליטרים,350.00,"100 מ""ל",false,,19.90,5.6857,true,1,117650
7290108350654,false,כיף פיות תרסיס לשיער להתרת קשרים 350 מל,החברה הדרומית לשיווק בעמ,,תרסיס להתרת קשרים כי,מיליליטרים,350.00,"100 מ""ל",false,,19.90,5.6857,true,1,111300
7290108350692,false,"אבקת כביסה בלאק מקסימה 6 ק""ג",החברה הדרומית לשיווק בעמ,,"סנו מקסימה בלאק 6 ק""",פריט,6.00,"ק""ג",false,,49.90,8.3167,true,1,196201
7290108351118,false,K4000 קוטל זבובים/יתושים,החברה הדרומית לשיווק בעמ,,K-4000,Unknown,50.00,יחידה,false,,32.90,0.6580,true,1,111305
7290108351149,false,ג'ל ניקוי כללי בתוספת אבקת סודה ריח כביסה סנו ג'ט 1.5 ליטר,החברה הדרומית לשיווק בעמ,,ג'ט פלוס סודה 1.5 לי,קילוגרמים,1.50,ליטר,false,,13.90,9.2667,true,1,111306
7290108351156,false,ג'ל ניקוי כללי בתוספת חומץ בריח לבנדר סנו ג'ט 1.5 ליטר,החברה הדרומית לשיווק בעמ,,ג'ט פלוס חומץ 1.5 לי,קילוגרמים,1.50,ליטר,false,,13.90,9.2667,true,1,173447
7290108351507,false,מרכך כביסה אינספרישיין סנו מקסימה 4 ליטר,החברה הדרומית לשיווק בעמ,,מרכך כביסה מקסימה 4,קילוגרמים,4.00,ליטר,false,,22.90,5.7250,true,1,111308
7290108351514,false,מרכך כביסה בלו בלוסום סנו מקסימה 4 ליטר,החברה הדרומית לשיווק בעמ,,מקסימה מרכך כביסה בל,קילוגרמים,4.00,ליטר,false,,22.90,5.7250,true,1,111309
7290108351569,false,מבשם ומרכך למייבש כביסה Baby לתינוקות ולעור רגיש,החברה הדרומית לשיווק בעמ,,סנו מקסימה למייבש בי,Unknown,0.00,יחידה,false,,18.90,0.0000,true,1,172223
7290108351583,false,"סנו - ג'ט פלוס חומץ ג'ל לניקוי אסלות לבנדר 750 מ""ל",החברה הדרומית לשיווק בעמ,,"סנו ג'ט לאסלה 750 מ""",מיליליטרים,750.00,"100 מ""ל",false,,10.90,1.4533,true,1,117664
7290108351590,false,"סנופרש הום בלו בלוסון בניחוח מרכך כביסה 350 מ""ל",החברה הדרומית לשיווק בעמ,,סנו פרש הום בלו 350,מיליליטרים,350.00,"100 מ""ל",false,,13.90,3.9714,true,1,117665
7290108351606,false,מטהר אוויר בלו בלוסום סנו פרש הום 350 מל,החברה הדרומית לשיווק בעמ,,סנו פרש הום סופט סיל,מיליליטרים,350.00,"100 מ""ל",false,,13.90,3.9714,true,1,117666
7290108351675,false,סנו מקסימה ג`ל כביסה מרוכז 5 ל`צבעוני,החברה הדרומית לשיווק בעמ,,מקסימה ג'ל כביסה מיק,קילוגרמים,5.00,ליטר,false,,46.90,9.3800,true,1,173451
7290108351699,false,סנו - ג'ט מטליות לחות לניקוי כללי בתוספת חומץ לבנדר שלישיה,החברה הדרומית לשיווק בעמ,,JET שלישיית מגבונים+,Unknown,0.00,יחידה,false,,17.90,0.0000,true,1,173453
7290108351774,false,מרסס סנו לניקוי וטיפול במוצרי עור 500 מל,החברה הדרומית לשיווק בעמ,,סנו מתז לניקוי וטיפו,Unknown,0.00,יחידה,false,,29.90,0.0000,true,1,117670
7290108351781,false,ג'ל לניקוי אסלות + חומץ ומלח לימון בריח הדרים,החברה הדרומית לשיווק בעמ,,"סנו ג'ט לאסלה 750 מ""",מיליליטרים,750.00,"100 מ""ל",false,,10.90,1.4533,true,1,117671
7290108351835,false,מרכך כביסה Pure Sensation סנו מקסימה 4 ליטר,החברה הדרומית לשיווק בעמ,,מקסימה floral touch,קילוגרמים,4.00,ליטר,false,,22.90,5.7250,true,1,117672
7290108351842,false,"מקסימה בושם מרוכז לכביסה FOREVER כחול 600מ""ל",החברה הדרומית לשיווק בעמ,,FOREVER בושם מרוכז ל,מיליליטרים,600.00,"100 מ""ל",false,,21.90,3.6500,true,1,173454
7290108351859,false,"סנו מקסימה בושם מרוכז לכביסה FOREVER ורוד 600 מ""ל",סנו מקסימה,,FOREVER בושם מרוכז ל,מיליליטרים,600.00,"100 מ""ל",false,,21.90,3.6500,true,1,111317
7290108351866,false,"סנו מקסימה בושם מרוכז לכביסה FOREVER בורדו 600 מ""ל",החב. הדרומית לשיווק,,FOREVER בושם מרוכז ל,מיליליטרים,600.00,"100 מ""ל",false,,21.90,3.6500,true,1,117674
7290108352207,false,מקסימה 40 קפסולות לכביסה בניחוח fresh burst,החברה הדרומית לשיווק בעמ,,מקסימה קפסולות לכביס,Unknown,0.00,יחידה,false,,29.90,0.0000,true,1,159554
7290108352214,false,סנו - מקסימה קפסולות כביסה בניחוח בריזה מרעננת 40 יח',החברה הדרומית לשיווק בעמ,,מקסימה קפסולות לכביס,Unknown,0.00,יחידה,false,,29.90,0.0000,true,1,159553
7290108352221,false,סנופרש הום מבשם נוזלי בניחוח מלון מפנק,החברה הדרומית לשיווק בעמ,,פרש הום מלון מפנק,מיליליטרים,350.00,"100 מ""ל",false,,13.90,3.9714,true,1,160634
7290108352337,false,"סנו - פרש מילוי למטהר אוויר מלון מפנק 250 מ""ל",החברה הדרומית לשיווק בעמ,,פרש הום אוטומטיק מלו,מיליליטרים,250.00,"100 מ""ל",false,,15.90,6.3600,true,1,173457
7290108352344,false,"פרש מבשם אויר אוטומטי בניחוח לבנדר סנו 250 מ""ל",החברה הדרומית לשיווק בעמ,,פרש הום אוטומטיק מלו,מיליליטרים,250.00,"100 מ""ל",false,,15.90,6.3600,true,1,173458
7290108352399,false,ריצפז פרש הום בניחוח מרכך כביסה פלורל טאצ',החברה הדרומית לשיווק בעמ,,ריצפז פרש הום בניחוח,קילוגרמים,2.00,ליטר,false,,21.90,10.9500,true,1,194680
7290108352450,false,ריצפז פרש הום בניחוח מרכך כביסה בלו בלוסום,החברה הדרומית לשיווק בעמ,,ריצפז פרש הום בלו 2,Unknown,0.00,יחידה,false,,21.90,0.0000,true,1,173460
7290108352535,false,סנו - מקסימה דפי בישום לחים למייבש הכביסה בניחוח מרכך כביסה,טרופיגל דגיל תעשיות קוסמ,,סנו מקסימה דפי בישום,Unknown,0.00,יחידה,false,,13.90,0.0000,true,1,188169
7290108352566,false,מרכך כביסה בבישום עוצמתי 4 ל' סנו מקסינה,החברה הדרומית לשיווק בעמ,,מרכך כביסה 4 ליטר JO,קילוגרמים,4.00,ליטר,false,,22.90,5.7250,true,1,195530
7290108352573,false,מרכך כביסה סנו מקסימה בבישום עוצמתי 4 ליטר,החברה הדרומית לשיווק בעמ,,מרכך 4 ליטר CALM,קילוגרמים,4.00,ליטר,false,,22.90,5.7250,true,1,196821
7290108352641,false,סנו סושי מטלית הפלא לניקוי כללי במארז שלישייה,החברה הדרומית לשיווק בעמ,,סנו סושי מטלית הפלא,Unknown,0.00,יחידה,false,,15.00,0.0000,true,1,117684
7290108352672,false,צמד מטליות הפלא לרצפה מיקרפייבר סנו סושי,החברה הדרומית לשיווק בעמ,,סנו סושי מטלית הפלא,Unknown,0.00,יחידה,false,,19.90,0.0000,true,1,173464
7290108352689,false,כריות קרצוף ללכלוך קשה סנו סושי 9 יחידות,החברה הדרומית לשיווק בעמ,,כריות קרצוף ללכלוך 9,Unknown,0.00,יחידה,false,,9.90,0.0000,true,1,173465
7290108352696,false,"סנו סושי- ניילון נצמד+ רחב במיוחד 45 ס""מ",החברה הדרומית לשיווק בעמ,,סנו סושי ניילון נצמד,Unknown,0.00,יחידה,false,,29.90,0.0000,true,1,173466
7290108352788,false,סנו סושי שקיות זיפר לאוכל L 20 יחידות,החברה הדרומית לשיווק בעמ,,סנו סושי שקיות זיפר,Unknown,0.00,יחידה,false,,11.90,0.0000,true,1,117689
7290108352795,false,שקיות זיפר 50 יח`במידה M סנו סושי,החברה הדרומית לשיווק בעמ,,סנו סושי שקיות זיפר,Unknown,0.00,יחידה,false,,11.90,0.0000,true,1,173467
7290108352825,false,ספוג הפלא נירוסטה סנו סושי 3יח',החברה הדרומית לשיווק בעמ,,סנו סושי ספוג הפלא נ,Unknown,0.00,יחידה,false,,11.90,0.0000,true,1,173468
7290108352863,false,סנו סושי שקיות צלייה 20יח' מידה L,החברה הדרומית לשיווק בעמ,,סנו סושי שקיות צליה,Unknown,0.00,יחידה,false,,8.90,0.0000,true,1,111322
7290108352870,false,סנו סושי שקיות צלייה 10יח' מידה XL,החברה הדרומית לשיווק בעמ,,סנו סושי שקיות צליה,Unknown,0.00,יחידה,false,,8.90,0.0000,true,1,111323
7290108353068,false,ספוג הפלא נירוסטה עם סיבי קירצוף סנו סושי 2 יח',החברה הדרומית לשיווק בעמ,,סנו סושי כרית קרצוף,Unknown,0.00,יחידה,false,,11.90,0.0000,true,1,117698
7290108353730,false,"קרמה - תחליב רחצה חימר אוכמניות כחולות 500 מ""ל",החברה הדרומית לשיווק בעמ,,תחליב רחצה חימר אוכמ,מיליליטרים,500.00,"100 מ""ל",false,,15.90,3.1800,true,1,195515
7290108354065,false,קרמה מן גל רחצה פילינג 700 מל לגבר,החברה הדרומית לשיווק בעמ,,קרמה מן ג'ל רחצה פיל,מיליליטרים,700.00,"100 מ""ל",false,,17.90,2.5571,true,1,195514
7290108354614,false,"מרכך בניחוח מי קקטוס ושמן באבאסו 750 מ""ל נקה 7",החברה הדרומית לשיווק בעמ,,"נקה 7 מרכךביו 750 מ""",מיליליטרים,750.00,"100 מ""ל",false,,12.90,1.7200,true,1,196825
7290108354706,false,"קרמה - תחליב רחצה מאסק 500 מ""ל",החברה הדרומית לשיווק בעמ,,תחליב רחצה קרמה מאסק,מיליליטרים,500.00,"100 מ""ל",false,,15.90,3.1800,true,1,186240
7290108354713,false,"קרמה - תחליב רחצה קלאסי 500 מ""ל",החברה הדרומית לשיווק בעמ,,תחליב רחצה קרמה קלאס,מיליליטרים,500.00,"100 מ""ל",false,,15.90,3.1800,true,1,186243
7290108354751,false,"סנו - ג'ט מרסס לניקוי כללי בתוספת אבקת סודה 750 מ""ל",החברה הדרומית לשיווק בעמ,,סנו ג'ט פלוס ניקוי כ,Unknown,0.00,יחידה,false,,13.90,0.0000,true,1,111331
7290108354782,false,"קרם גוף קרמה ג'ינג'ר ולמון גראס 500 מ""ל",החב הדרומית לשיווק,,קרמה קרם גוף גינגר ו,Unknown,0.00,יחידה,false,,24.90,0.0000,true,1,173482
7290108355000,false,שמפו לילדים מיניונים נקה 7 (750 מל),החברה הדרומית לשיווק בעמ,,שמפו מניונים נקה 750,מיליליטרים,750.00,"100 מ""ל",false,,12.90,1.7200,true,1,117717
7290108355017,false,מרכך לילדים מיניונים נקה 7 (750 מל),החברה הדרומית לשיווק בעמ,,קונ' מניונים נקה 750,מיליליטרים,750.00,"100 מ""ל",false,,12.90,1.7200,true,1,117718
7290108355024,false,"נקה 7 שמפו ומרכך לילדים מיניונים 750 מ""ל",החברה הדרומית לשיווק בעמ,,2ב-1 מניונים נקה 750,מיליליטרים,750.00,"100 מ""ל",false,,12.90,1.7200,true,1,111333
7290108355031,false,"נקה 7 אל סבון לילדים מיניונים 750 מ""ל",החברה הדרומית לשיווק בעמ,,אלסבון מניונים נקה 7,מיליליטרים,750.00,"100 מ""ל",false,,12.90,1.7200,true,1,117719
7290108355055,false,לחו.לשיער מקצועי גלייז נטורל פורמולה 400,החברה הדרומית לשיווק בעמ,,"400מ""ל N.F לחות מקצו",מיליליטרים,400.00,"100 מ""ל",false,,32.90,8.2250,true,1,117720
7290108355062,false,לחו.לשיער מקצועי קרטין נטורל פורמולה 400,החברה הדרומית לשיווק בעמ,,"400מ""ל N.F לחות מקצו",מיליליטרים,400.00,"100 מ""ל",false,,32.90,8.2250,true,1,111334
7290108355079,false,לחו.לשיער מקצועי קוקוס נטורל פורמולה 400,החברה הדרומית לשיווק בעמ,,"400מ""ל N.F לחות מקצו",מיליליטרים,400.00,"100 מ""ל",false,,32.90,8.2250,true,1,111335
7290108355086,false,"גלייז מקצועי לשיער נטורל פורמולה 350 מ""ל",החברה הדרומית לשיווק בעמ,,נטורל פורמלה גלייז מ,מיליליטרים,350.00,"100 מ""ל",false,,39.90,11.4000,true,1,173484
7290108355123,false,בייבי כיף קרם גוף לפני השינה 500 מל,החברה הדרומית,,Hydromoist בייבי כיף,מיליליטרים,500.00,"100 מ""ל",false,,22.90,4.5800,true,1,111336
7290108355154,false,נקה 7 שמפו לשיער שמני הזנה 750 מל,החברה הדרומית לשיווק בעמ,,נקה 7-שמפו שמני הזנה,מיליליטרים,750.00,"100 מ""ל",false,,12.90,1.7200,true,1,173485
7290108355161,false,"מרכך שיער שמני הזנה 750 מ""ל נקה 7",החברה הדרומית לשיווק בעמ,,נקה 7-מרכך שמני הזנה,מיליליטרים,750.00,"100 מ""ל",false,,12.90,1.7200,true,1,117725
7290108355185,false,"נטורל מסיכת קרטין אינטנס למניעת קשקשים 350 מ""ל",החברה הדרומית לשיווק בעמ,,קרטין-מסכה לקשקשים 3,מיליליטרים,350.00,"100 מ""ל",false,,39.90,11.4000,true,1,117726
7290108355208,false,"שמפו קרטין אינטנס למניעת קשקשים נטורל 400 מ""ל",החברה הדרומית לשיווק בעמ,,נטורל שמפו קרטין אינ,מיליליטרים,400.00,"100 מ""ל",false,,32.90,8.2250,true,1,173487
7290108355215,false,נ.פורמולה קרטין אינטנס מסכה לשיער +משאבה,החב הדרומית לשיווק,,נטורל קרטין מסכה ומש,מיליליטרים,450.00,"100 מ""ל",false,,44.90,9.9778,true,1,173488
7290108355307,false,"נקה 7 - שמפו סירוק קל רוזמרין 750 מ""ל",החברה הדרומית לשיווק בעמ,,נקה 7 שמפו סירוק קל,מיליליטרים,750.00,"100 מ""ל",false,,12.90,1.7200,true,1,117735
7290108355314,false,מרכך לסירוק קל בתוספת רוזמרין,החברה הדרומית לשיווק בעמ,,נקה 7 מרכך סירוק קל,מיליליטרים,750.00,"100 מ""ל",false,,12.90,1.7200,true,1,117736
7290108356519,false,קרליין שמפו 10למניעת קשקשים 700מל,החברה הדרומית לשיווק בעמ,,"קרליין 700 מ""ל שמפו",מיליליטרים,700.00,"100 מ""ל",false,,13.90,1.9857,true,1,193930
7290108356526,false,"קרליין - שמפו 10 לשיער יבש 700 מ""ל",החברה הדרומית לשיווק בעמ,,"קרליין 700 מ""ל שמפו",מיליליטרים,700.00,"100 מ""ל",false,,13.90,1.9857,true,1,193931
7290108356533,false,קרוליין 10 שמפו לשיער מתולתל 700 מל,החברה הדרומית לשיווק בעמ,,"קרליין 700 מ""ל שמפו",מיליליטרים,700.00,"100 מ""ל",false,,13.90,1.9857,true,1,193932
7290108356588,false,קרוליין 10 מרכך לשיער מתולתל 700 מל,החברה הדרומית לשיווק בעמ,,"קרליין 700 מ""ל מרכך",מיליליטרים,700.00,"100 מ""ל",false,,13.90,1.9857,true,1,193937
7290108356595,false,"קרליין מרכך 10 לשיער צבוע 700 מ""ל",החברה הדרומית לשיווק בעמ,,"קרליין 700 מ""ל מרכך",מיליליטרים,700.00,"100 מ""ל",false,,13.90,1.9857,true,1,193938
7290108357189,false,"מבשם ומרכך למייבש הכביסה מקסימה פלורל 750 מ""ל סנו",החברה הדרומית לשיווק בעמ,,מקסימה למייבש פלורל,מיליליטרים,750.00,"100 מ""ל",false,,18.90,2.5200,true,1,173509
7290108357196,false,"ג'ט פלוס לניקוי כללי בתוספת תמצית עץ התה 750 מ""ל סנו",החברה הדרומית לשיווק בעמ,,סנו ג'ט מתז ניקוי וח,Unknown,0.00,יחידה,false,,13.90,0.0000,true,1,184167
7290108357202,false,סנוקליר לניקוי בניחוח בלו בלוסום 1 ליטר,החברה הדרומית לשיווק בעמ,,סנו קליר 1 לטר בלו ב,Unknown,0.00,יחידה,false,,10.90,0.0000,true,1,173510
7290108357226,false,"אוקסיגן POWER אבקה לכביסה לבנה והסרת כתמים 1.4 ק""ג סנו",החברה הדרומית לשיווק בעמ,,סנו אוקסיג'ן אבקה בק,פריט,1.40,"ק""ג",false,,29.90,21.3571,true,1,195354
7290108357233,false,סנו קליר מטליות לחות לניקוי והברקה 50 יח,החברה הדרומית לשיווק בעמ,,מטליות לחות לניקוי ו,Unknown,50.00,יחידה,false,,9.90,0.1980,true,1,195359
7290108357240,false,"אוקסיג'ן פאוור תוסף להסרת כתמים קשים 1.4 ק""ג",החברה הדרומית לשיווק בעמ,,סנו אוקסיג'ן אבקה בק,פריט,1.40,"ק""ג",false,,29.90,21.3571,true,1,195360
7290108357288,false,אקונומיקה ז'אוול בניחוח פריחה לבנה 4 ל' סנו,החברה הדרומית לשיווק בעמ,,סנו זאוול 4 ליטר פרי,קילוגרמים,4.00,ליטר,false,,18.90,4.7250,true,1,193939
7290108357394,false,"תחליב רחצה וניל ופלפל ורוד קרמה 700מ""ל",החברה הדרומית לשיווק בעמ,,תחליב רחצה קרמה חלב,Unknown,0.00,יחידה,false,,18.90,0.0000,true,1,182378
7290108357400,false,"תחליב רחצה קרמה לבנדר ואקליפטוס 700 מ""ל",החברה הדרומית לשיווק בעמ,,תחליב רחצה קרמה לבנד,Unknown,0.00,יחידה,false,,18.90,0.0000,true,1,163641
7290108358094,false,"קרמה - תחליב רחצה חמאת שיאה וקוקוי 500 מ""ל",החברה הדרומית לשיווק בעמ,,תחליב רחצה קרמה שיאה,מיליליטרים,500.00,"100 מ""ל",false,,15.90,3.1800,true,1,186244
7290108359008,false,סושי שקיות זיפר עם סליידר 15 יח לארג',החברה הדרומית לשיווק בעמ,,שקיות זיפר 15 יחידות,Unknown,15.00,יחידה,false,,11.90,0.7933,true,1,195374
7290108359138,false,סנו סושי שקיות אשפה מארז קופסא 200 יח,החברה הדרומית לשיווק בעמ,,שקיות אשפה 200 חזקות,Unknown,0.00,יחידה,false,,54.90,0.0000,true,1,195356
7290108359824,false,"כיף - בייבי כיף קרם 500 מ""ל",החברה הדרומית לשיווק בעמ,,Hydromoist בייבי כיף,מיליליטרים,500.00,"100 מ""ל",false,,22.90,4.5800,true,1,111353
7290108359831,false,בייבי שמן לתינוק לעור עדין כיף (500 מל),החברה הדרומית לשיווק בעמ,,"בייבי כיף שמן 500 מ""",מיליליטרים,500.00,"100 מ""ל",false,,22.90,4.5800,true,1,111354
7290108359848,false,בייבי כיף שמפו אל דמע (1 ליטר),החברה הדרומית לשיווק בעמ,,בייבי כיף שמפו 1 ליט,קילוגרמים,1.00,ליטר,false,,22.90,22.9000,true,1,117764
7290108359985,false,סנו - ז'אוול מרסס קצף לניקוי וחינו בניחוח פריחה לבנה 1 ליטר,החברה הדרומית לשיווק בעמ,,סנו ג'אוול מרסס פריח,קילוגרמים,1.00,ליטר,false,,16.90,16.9000,true,1,194682
7290108501346,false,גבינה מגורדת גאודה 28% שומן EURO CHEESE ויליפוד 500 גרם,ג.וילי-פוד אינטרנשיונל **גבינו,,גאודה מגורדת 500 גרם,גרמים,500.00,100 גרם,false,,24.90,4.9800,true,1,115646
7290108501353,false,פילה אנשובי אמיתי ארוך בשמן וילי פוד 45,ג. וילי-פוד אינטרנשיונל בע`מ,,וילי פוד אנשובי ארוך,Unknown,0.00,יחידה,false,,6.90,0.0000,true,1,115647
7290108501377,false,שפרוטים מעושנים בשמן מרינה מכסה שקוף 160 ג',ג. וילי-פוד אינטרנשיונל בע`מ,,שפרוטים מעושנים בשמן,גרמים,160.00,100 גרם,false,,10.90,6.8125,true,1,115649
7290108501964,false,חטיף אגוזים וצימוקים הפי נאטס מארז 35X4ג',ג.וילי פוד אינטרנשיונל בעמ,,HAPPY NUTS חטיף שקדי,Unknown,0.00,יחידה,false,,19.90,0.0000,true,1,115701
7290108501971,false,חטיף בוטנים ומשמש הפי נאטס מארז 35X4ג',ג. וילי-פוד אינטרנשיונל בע`מ,,HAPPY NUTS חטיף שקדי,Unknown,0.00,יחידה,false,,19.90,0.0000,true,1,115702
7290108501988,false,חטיף שקדים וחמוציות הפי נוטס מארז 35X4ג',ג. וילי-פוד אינטרנשיונל בע`מ,,HAPPY NUTS חטיף שקדי,Unknown,0.00,יחידה,false,,19.90,0.0000,true,1,115703
7290108502329,false,רביעיית טונה בשמן זית ויליפוד 4*160 גרם,ג. וילי-פוד אינטרנשיונל בע`מ,,רביעית נתחי טונה בשמ,Unknown,0.00,יחידה,false,,29.90,0.0000,true,1,115718
7290108502336,false,גבינת גורגונזולה איטלקית 150 גרם 29% שומן,ג. וילי-פוד אינטרנשיונל בע`מ,,גורגונזולה איטלקית 1,Unknown,0.00,יחידה,false,,18.90,0.0000,true,1,199434
7290108502589,false,גבינת שמנת עם שום ויליפוד 200 גרם,ג.וילי-פוד אינטרנשיונל **גבינו,,גבינת שמנת שום 200 ג,Unknown,0.00,יחידה,false,,12.90,0.0000,true,1,115741
7290108502725,false,גבינת גאודה פרוסות ויליפוד 400 גרם,ג.וילי-פוד אינטרנשיונל **גבינו,,גאודה פרוסות 400 גרם,Unknown,0.00,יחידה,false,,21.90,0.0000,true,1,115752
7290108502862,false,מלפפונים כבושים במלח 18-25 קטנים ויליפוד 600 גרם,ג. וילי-פוד אינטרנשיונל בע`מ,,מלפפונים כבושים במלח,Unknown,0.00,יחידה,false,,9.90,0.0000,true,1,115760
7290108503043,false,תפוחונים חטיף פלחים מיובשים מארז 22X4ג',ג. וילי-פוד אינטרנשיונל בע`מ,,מארז תפוחונים ( 3יח',Unknown,0.00,יחידה,false,,17.90,0.0000,true,1,115772
7290108503067,false,פרמז'נו משולש ויליפוד 150 גרם,ג.וילי-פוד אינטרנשיונל **גבינו,,פרמז'נו משולש 150גרם,Unknown,0.00,יחידה,false,,19.90,0.0000,true,1,115774
7290108503692,false,פיצה מרגריטה ויליפוד 380 גרם,ג.וילי-פוד אינטרנשיונל **גבינו,,פיצה מרגריטה 380 גרם,גרמים,380.00,100 גרם,false,,13.90,3.6579,true,1,115809
7290108503708,false,פיצה עם פטריות ויליפוד 390 גרם,ג.וילי-פוד אינטרנשיונל **גבינו,,פיצה עם פטריות 390 ג,גרמים,390.00,100 גרם,false,,13.90,3.5641,true,1,115810
7290108503999,false,פרוסות גבינה בטעם גאודה לכריכים וטוסטים ויליפוד 150 גרם,ג.וילי-פוד אינטרנשיונל **גבינו,,פרוסות גבינה בטעם גא,גרמים,150.00,100 גרם,false,,10.90,7.2667,true,1,115822
7290108504002,false,פרוסות גבינה בטעם צ'דר לכריכים וטוסטים ויליפוד 150 גרם,ג.וילי-פוד אינטרנשיונל **גבינו,,פרוסות גבינה לייט 9%,גרמים,150.00,100 גרם,false,,10.90,7.2667,true,1,115823
7290108504187,false,פרוסות גבינה בטעם צ'דר לכריכים וטוסטים 800 ג',,,פרוסות גבינה בטעם צ',גרמים,800.00,100 גרם,false,,34.90,4.3625,true,1,115838
7290108504279,false,קשקבל \איבריקו\ מנצ'גו צ'אנק 150 גרם,ג. וילי-פוד אינטרנשיונל בע`מ,,קשקבל צ'אנק 150 גרם,גרמים,150.00,100 גרם,false,,14.90,9.9333,true,1,115842
7290108504293,false,מנצ`גו צ`אנק 150 גרם ויליפוד,ג.וילי-פוד אינטרנשיונל **גבינו,,מנצ'גו צ'אנק 150 גרם,גרמים,150.00,100 גרם,false,,16.90,11.2667,true,1,115844
7290108504699,false,רביעיית טונה בשמן קנולה פתח קל ויליפוד 4*160 גרם,ג.וילי-פוד אינטרנשיונל בעמ,,וילי פוד טונה בהירה,גרמים,640.00,100 גרם,false,,21.90,3.4219,true,1,115861
7290108505160,false,יוגורט עם אגסים 4% שומן ויליפוד 150 גרם,ג.וילי-פוד אינטרנשיונל **גבינו,,יוגרט עם אגסים 150 ג,גרמים,150.00,100 גרם,false,,5.90,3.9333,true,1,158361
7290108505184,false,יוגורט עם קוקוס 5% שומן ויליפוד 150 גרם,ג.וילי-פוד אינטרנשיונל **גבינו,,יוגרט עם קוקוס 150 ג,גרמים,150.00,100 גרם,false,,5.90,3.9333,true,1,158363
7290108505689,false,גבינת גרנה פדנו מגורדת ויליפוד 100 גרם,ג.וילי-פוד אינטרנשיונל **גבינו,,גבינה גרנה פדנו מגור,גרמים,100.00,100 גרם,false,,10.90,10.9000,true,1,115874
7290108505726,false,אצבעות גבינת חצי קשה EURO CHEESE ויליפוד 200 גרם,ג.וילי-פוד אינטרנשיונל **גבינו,,אצבעות גבינה חצי קשה,גרמים,200.00,100 גרם,false,,14.90,7.4500,true,1,159694
7290108505733,false,צמות -גבינה חצי קשה 25% שומן ( 200 גר) ו,ג.וילי-פוד אינטרנשיונל **גבינו,,גבינה חצי קשה 25% שו,גרמים,200.00,100 גרם,false,,14.90,7.4500,true,1,159695
7290108505740,false,קשקבל גבינה חצי קשה EURO CHEESE ויליפוד 200 גרם,ג.וילי-פוד אינטרנשיונל **גבינו,,גבינת קשקבל חצי קשה,גרמים,200.00,100 גרם,false,,14.90,7.4500,true,1,159696
7290108506426,false,סימיט בייגלה קפוא 400 גר` פינוקים וילי פ,ג.וילי-פוד אינטרנשיונל **גבינו,,סימיט בייגלה קפוא 40,גרמים,400.00,100 גרם,false,,15.90,3.9750,true,1,159220
7290108506488,false,סופלה שוקולד קפוא ויליפוד 200 גרם,ג.וילי-פוד אינטרנשיונל **גבינו,,סופלה שוקולד קפוא 20,גרמים,200.00,100 גרם,false,,14.90,7.4500,true,1,159217
7290108506495,false,"כנאפה מאפה בצק ""שערות"" קדאיף וגבינה",ג.וילי-פוד אינטרנשיונל **גבינו,,כנאפה קפוא 192.5 גרם,גרמים,192.50,100 גרם,false,,14.90,7.7403,true,1,159219
7290108506549,false,גליליות וופל במילוי קרם וניל פינוקים 400 גרם,ג. וילי-פוד אינטרנשיונל בע`מ,,גליליות וופל במילוי,גרמים,400.00,100 גרם,false,,14.90,3.7250,true,1,159657
7290108506648,false,רביולי דלעת ויליפוד 250 גרם,ארמנדו,,רביולי דלעת 250 גרם,גרמים,250.00,100 גרם,false,,13.90,5.5600,true,1,159708
7290108506662,false,רביולי פטריות ויליפוד 250 גרם,ג. וילי-פוד אינטרנשיונל בע`מ,,רביולי פטריות 250 גר,גרמים,250.00,100 גרם,false,,13.90,5.5600,true,1,159710
7290108506679,false,רביולי חצילים ומוצרלה ויליפוד 250 גרם,ג. וילי-פוד אינטרנשיונל בע`מ,,רביולי חצילים ומוצרל,גרמים,250.00,100 גרם,false,,13.90,5.5600,true,1,159711
7290108506709,false,גבינת פרמג`אנו ר`גיאנו 150 גר וילי פוד,ג.וילי-פוד אינטרנשיונל **גבינו,,גבינת פרמג'יאנו רג'י,גרמים,150.00,100 גרם,false,,26.90,17.9333,true,1,159714
7290108506969,false,מאפה בורקס מים תורכי גבינה ויליפוד 300 גרם,ג.וילי-פוד אינטרנשיונל **גבינו,,מאפה בורקס גבינה 300,גרמים,300.00,100 גרם,false,,12.90,4.3000,true,1,160316
7290108507188,false,כנאפה קפוא אריזה משפחתית657.50 גרם,ג.וילי-פוד אינטרנשיונל **גבינו,,כנאפה 450 גרם,גרמים,450.00,100 גרם,false,,29.90,6.6444,true,1,168088
7290108508369,false,גבינת CHEESE LONG ויליפוד 200 גרם,ג. וילי-פוד אינטרנשיונל בע`מ,,LONG CHEESE גבינה 20,גרמים,200.00,100 גרם,false,,24.90,12.4500,true,1,173044
7290108508451,false,"משקה יוגורט טבעי 3.2% שומן יורו 200 מ""ל",ג.וילי-פוד אינטרנשיונל **גבינו,,משקה יוגורט טבעי 200,מיליליטרים,200.00,"100 מ""ל",false,,5.90,2.9500,true,1,173047
7290108508499,false,"איירן משקה יוגורט בסגנון טורקי יורו 293 מ""ל",ג.וילי-פוד אינטרנשיונל **גבינו,,איירן משקה יוגורט בס,מיליליטרים,293.00,"100 מ""ל",false,,5.90,2.0137,true,1,173051
7290108508574,false,פסטה ברוטב עגבניות פיקנטי ארביאטה 250 ג'-מוכנה לאכילה,ג. וילי-פוד אינטרנשיונל בע`מ,,פסטה ברוטב עגבניות פ,גרמים,250.00,100 גרם,false,,7.90,3.1600,true,1,173058
7290108508703,false,טורטיה ללא גלוטן 270 גרם ויליפוד,ג.וילי-פוד אינטרנשיונל בעמ,,טורטיה ללא גלוטן 270,גרמים,270.00,100 גרם,false,,11.90,4.4074,true,1,173059
7290108508765,false,קונכיות פתיתים 400 גרם וילי פוד,ג. וילי-פוד אינטרנשיונל בע`מ,,קונכיות פתיתים 400גר,גרמים,400.00,100 גרם,false,,6.90,1.7250,true,1,187581
7290108508772,false,קונכיות פתיתים עם תרד 400 גרם וילי פוד,ג. וילי-פוד אינטרנשיונל בע`מ,,קונכיות פתיתים עם תר,גרמים,400.00,100 גרם,false,,6.90,1.7250,true,1,187582
7290108509106,false,"גבינה בולגרית מעודנת בקוביות 13% שומן 200 ג' חת""ס פ""ת",ג.וילי-פוד אינטרנשיונל **גבינו,,גבינה בולגרית מעודנת,גרמים,200.00,100 גרם,false,,11.90,5.9500,true,1,183835
7290108509137,false,"גבינה בולגרית מעודנת 5% שומן 250 גרם חת""ס פ""ת",ג.וילי-פוד אינטרנשיונל **גבינו,,גבינה בולגרית מעודנת,גרמים,250.00,100 גרם,false,,11.90,4.7600,true,1,183834
7290108509199,false,גבינת פטה 17% שומן יורו 500 ג',ג.וילי-פוד אינטרנשיונל **גבינו,,גבינה פטה 500 גרם 17,גרמים,500.00,100 גרם,false,,22.90,4.5800,true,1,183838
7290108509205,false,ויליפוד חטיף אורז אפוי בטעם טבעי לתינוקות 50 גר',ג. וילי-פוד אינטרנשיונל בע`מ,,ויליפוד חטיף אורז אפ,Unknown,0.00,יחידה,false,,12.90,0.0000,true,1,186919
7290108509250,false,"אנטיפסטי ארטישוק+עגבניות מיובשות וצלפים בשמן חמניות 380 מ""ל",ג. וילי-פוד אינטרנשיונל בע`מ,,תחתיות ארטישוק עגבני,מיליליטרים,380.00,"100 מ""ל",false,,22.90,6.0263,true,1,183860
7290108509618,false,זיתים ירוקים על הגריל מגולענים במרינדה 730 גרם,,,זיתים ירוקים על הגרי,גרמים,730.00,100 גרם,false,,24.90,3.4110,true,1,183856
7290108509700,false,אורז פרסי 1 קג`DAAWAT וילי פוד,ג. וילי-פוד אינטרנשיונל בע`מ,,"DAWAT אורז פרסי 1 ק""",פריט,1.00,"ק""ג",false,,11.90,11.9000,true,1,184871
7290108509762,false,חמאת בוטנים 340 גרם בית יוסף,ג. וילי-פוד אינטרנשיונל בע`מ,,חמאת בוטנים 340 גרם,גרמים,340.00,100 גרם,false,,9.90,2.9118,true,1,187561
7290108509816,false,גבינת בייבי מוצרלה EURO CHEESE ויליפוד 200 גרם,ג.וילי-פוד אינטרנשיונל **גבינו,,גבינה בייבי מוצרלה 2,גרמים,200.00,100 גרם,false,,14.90,7.4500,true,1,183191
7290108509908,false,"מנת השף בשקית-איטריות בטעם ירקות 85 ג' חתם סופר ב""ב",ג. וילי-פוד אינטרנשיונל בע`מ,,מנת השף אטריות להכנה,גרמים,85.00,100 גרם,false,,3.90,4.5882,true,1,187569
7290108509915,false,"מנת השף בשקית-איטריות בטעם סיני פיקנטי 85 ג' חתם סופר ב""ב",ג. וילי-פוד אינטרנשיונל בע`מ,,מנת השף אטריות להכנה,גרמים,85.00,100 גרם,false,,3.90,4.5882,true,1,187570
7290108509922,false,מנתהשף אטריות להכנה מהירה טעם עוף ויליפוד 85 גרם,ג. וילי-פוד אינטרנשיונל בע`מ,,מנת השף אטריות להכנה,גרמים,85.00,100 גרם,false,,3.90,4.5882,true,1,187571
7290108509946,false,"טורטייה 15 ס""מ קוטר 250 גר",ג. וילי-פוד אינטרנשיונל בע`מ,,"טורטייה ( 15ס""מ קוטר",גרמים,250.00,100 גרם,false,,5.90,2.3600,true,1,187580
7290108509960,false,נתחי טונה בהירה בשמן זית כתית מעולה - מארז 3 יח',ג. וילי-פוד אינטרנשיונל בע`מ,,שלישיית נתחי טונה בה,Unknown,0.00,יחידה,false,,15.90,0.0000,true,1,184873
7290108832068,false,במבוק כוס שתייה קוט,,,במבוק כוס שתייה קוט,Unknown,0.00,יחידה,false,,6.90,0.0000,true,1,164994
7290108832563,false,"פומפייה נירוסטה 8""",,,"פומפייה נירוסטה 8""",Unknown,0.00,יחידה,false,,10.00,0.0000,true,1,164998
7290108832785,false,מסננת רשת 2 ידיות 24,,,מסננת רשת 2 ידיות 24,Unknown,0.00,יחידה,false,,19.90,0.0000,true,1,193153
7290108833379,false,"מרכולית צנצנת 250 מ""",,,"מרכולית צנצנת 250 מ""",Unknown,0.00,יחידה,false,,5.90,0.0000,true,1,165002
7290108833720,false,מרכולית צנצנת לתבלינ,,,מרכולית צנצנת לתבלינ,Unknown,0.00,יחידה,false,,10.00,0.0000,true,1,165003
7290108835205,false,סט 10 שקיות זילוף 36 סמ,י.סולומון חוויה שבכלי בעמ,,סט 10 שקיות זילוף 36,Unknown,0.00,יחידה,false,,5.90,0.0000,true,1,164840
7290108835274,false,תבנית טפלון בבקה מעו,,,תבנית טפלון בבקה מעו,Unknown,0.00,יחידה,false,,29.90,0.0000,true,1,164842
7290108835755,false,תבנית טפלון מתפרקת 2,,,תבנית טפלון מתפרקת 2,Unknown,0.00,יחידה,false,,29.90,0.0000,true,1,164847
7290108835946,false,ששת מצקת דגם טרופיקנ,,,ששת מצקת דגם טרופיקנ,Unknown,0.00,יחידה,false,,10.00,0.0000,true,1,196014
7290108836127,false,פורס ביצים אמריקן חו,י.סולומון חוויה שבכלי בעמ,,פורס ביצים אמריקן חו,Unknown,0.00,יחידה,false,,10.00,0.0000,true,1,165030
7290108836486,false,חותכן לירקות מעוצב ד,,,חותכן לירקות מעוצב ד,Unknown,0.00,יחידה,false,,10.00,0.0000,true,1,165042
7290108836493,false,גלגלת לפיצה דגם טרופ,,,גלגלת לפיצה דגם טרופ,Unknown,0.00,יחידה,false,,10.00,0.0000,true,1,173609
7290108836639,false,בדילון אמבטיה 180X18,,,בדילון אמבטיה 180X18,Unknown,0.00,יחידה,false,,34.90,0.0000,true,1,165310
7290108836974,false,מעמד לעוגה מסתובב ב,,,מעמד לעוגה מסתובב ב,Unknown,0.00,יחידה,false,,24.90,0.0000,true,1,171674
7290108838374,false,"מלחייה זכוכית 80 מ""ל",י.סולומון חוויה שבכלי בעמ,,מלחייה זכוכית 80ML,Unknown,0.00,יחידה,false,,4.90,0.0000,true,1,165061
7290109130293,false,תבנית קפיץ גבוהה שול,,,תבנית קפיץ גבוהה שול,Unknown,0.00,יחידה,false,,44.90,0.0000,true,1,157209
7290109134772,false,פותחן שימורים סולתם,,,פותחן שימורים סולתם,Unknown,0.00,יחידה,false,,26.90,0.0000,true,1,157288
7290109134789,false,פטיש שניצל מקצועי סו,,,פטיש שניצל מקצועי סו,Unknown,0.00,יחידה,false,,39.90,0.0000,true,1,157277
7290109134802,false,כותש שום מקצועי סולת,,,כותש שום מקצועי סולת,Unknown,0.00,יחידה,false,,49.90,0.0000,true,1,157366
7290109134994,false,חורץ ליבת תפוח נירוסטה ידית פלסטיק,,,חורץ ליבת תפוח נירוס,Unknown,0.00,יחידה,false,,14.90,0.0000,true,1,157291
7290109135885,false,ווק קרבון סטיל 9.5*3,,,ווק קרבון סטיל 9.5*3,Unknown,0.00,יחידה,false,,69.90,0.0000,true,1,157165
7290109135892,false,"ווק קרבון סטיל 9.7*34 ס""מ 1.5 מ""מ ידיות עץ",,,ווק קרבון סטיל 9.7*3,Unknown,0.00,יחידה,false,,79.90,0.0000,true,1,157166
7290109137513,false,"מחבת 30 ס""מ ציפוי שיש סולתם",,,"מחבת 30 ס""מ ציפוי שי",Unknown,0.00,יחידה,false,,79.90,0.0000,true,1,157067
7290109137537,false,"ווק 30 ס""מ ציפוי שיש",,,"ווק 30 ס""מ ציפוי שיש",Unknown,0.00,יחידה,false,,89.90,0.0000,true,1,157076
7290109137544,false,"סיר 18 ס""מ 1.9 ליטר",,,"סיר 18 ס""מ 1.9 ליטר",Unknown,0.00,יחידה,false,,89.90,0.0000,true,1,157088
7290109137551,false,"סיר 20 ס""מ 2.9 ליטר",,,"סיר 20 ס""מ 2.9 ליטר",Unknown,0.00,יחידה,false,,99.90,0.0000,true,1,157089
7290109137568,false,"סיר 24 ס""מ 5 ליטר צ",,,"סיר 24 ס""מ 5 ליטר צ",Unknown,0.00,יחידה,false,,119.90,0.0000,true,1,157090
7290109137575,false,"סיר 26 ס""מ 6 ליטר צי",,,"סיר 26 ס""מ 6.5 ליטר",Unknown,0.00,יחידה,false,,129.90,0.0000,true,1,157091
7290109137599,false,"סוטז' 30 ס""מ ליטר צ",,,"סוטז' 30 ס""מ ליטר צ",Unknown,0.00,יחידה,false,,119.90,0.0000,true,1,157104
7290109137957,false,מגרדת עומדת נפתחת 10,,,מגרדת עומדת נפתחת 10,Unknown,0.00,יחידה,false,,29.90,0.0000,true,1,157279
7290109138268,false,מועך תפוא ידית שחורה,,,מועך תפוא ידית שחורה,Unknown,0.00,יחידה,false,,22.90,0.0000,true,1,157295
7290109138411,false,"כד חלב 11.6*11 ס""מ P",,,"כד חלב 11.6*11 ס""מ P",Unknown,0.00,יחידה,false,,49.90,0.0000,true,1,156911
7290109139203,false,"פינג'אן 600 מ""ל PICC",,,"פינג'אן 600 מ""ל PICC",Unknown,0.00,יחידה,false,,34.90,0.0000,true,1,160035
7290109139210,false,"פינג'אן 750 מ""ל PICC",,,"פינג'אן 750 מ""ל PICC",Unknown,0.00,יחידה,false,,36.90,0.0000,true,1,160036
7290109139579,false,מלקחיים לסלט נירוסטה,,,מלקחיים לסלט נירוסטה,Unknown,0.00,יחידה,false,,26.90,0.0000,true,1,157334
7290109139753,false,"פינג'אן נירוסטה 800 מ""ל NOVO IND ידית נירוסטה",,,פינג'אן נירוסטה 800,Unknown,0.00,יחידה,false,,36.90,0.0000,true,1,177738
7290109139760,false,פינג'אן נירוסטה 1 ליטר NOVO IND ידית נירוסטה,,,פינג'אן נירוסטה 1 לי,Unknown,0.00,יחידה,false,,49.90,0.0000,true,1,177739
7290109314741,false,"כף סיליקון 28 ס""מ",,,"כף סיליקון 28 ס""מ",Unknown,0.00,יחידה,false,,19.90,0.0000,true,1,157241
7290109351025,false,מלך החומוס חומוסטחינה 40% טחינה גולמית,קבוצת אוסם סחר שותפות מוגבלת,,צבר חומוס טחינה 400,גרמים,400.00,100 גרם,false,,15.90,3.9750,true,1,127177
7290109351957,false,פריכיות פיטנס מיני גדולות שוקולד חלב 100ג',קבוצת אוסם סחר שותפות מוגבלת,,אסם פיטנס פריכיות גד,גרמים,100.00,100 גרם,false,,8.90,8.9000,true,1,127192
7290109351971,false,פריכיות דגנים פיטנס מצופות שוקולד חלב,קבוצת אוסם סחר שותפות מוגבלת,,פיטנס בר פרכיות שוקו,Unknown,0.00,יחידה,false,,13.90,0.0000,true,1,127193
7290109352916,false,פריכיות דגנים פיטנס מצופות שוקולד לבן,קבוצת אוסם סחר שותפות מוגבלת,,פיטנס בר פרכיות שוקו,Unknown,0.00,יחידה,false,,13.90,0.0000,true,1,127197
7290109354057,false,קרחון לה פרוטה שרבט אננס תפוז מאגדת 5 יח',נגה גלידות שותפות מוגבלת,,מאגדת לה פרוטה אננס,Unknown,0.00,יחידה,false,,21.90,0.0000,true,1,122188
7290109358482,false,עוגיות קרמוגית במילוי קרם בטעם חלבה,קבוצת אוסם סחר שותפות מוגבלת,,קרמוגית במילוי חלווה,גרמים,200.00,100 גרם,false,,11.90,5.9500,true,1,127244
7290109492575,false,סט מצעים פליז זוגי F,,,סט מצעים פליז זוגי F,Unknown,0.00,יחידה,false,,79.90,0.0000,true,1,191929
7290109580043,false,"שניצל תירס קלאסי זוגלובק 1.75 ק""ג",נקניק זוגלובק נהריה,,שניצל תירס 1.75 קג ב,פריט,1.75,"ק""ג",false,,49.90,28.5143,true,1,164106
7290109580050,false,נקניקיות צ'וריסוס וונדרס 0% בשר טבעוני ללא גלוטן,זוגלובק שיווק בעמ ו/או וונדרס,,נקניקיות צ'וריסוס 22,גרמים,226.00,100 גרם,false,,29.90,13.2301,true,1,180324
7290109580098,false,קבנוס בטעם סרירצ'ה זוגלובק 135 גרם,נקניק זוגלובק נהריה,,קבנוס בטעם סרירצ'ה 1,גרמים,135.00,100 גרם,false,,9.90,7.3333,true,1,193029
7290109580104,false,רוסטביף פרימיום זוגלובק 150 גרם,נקניק זוגלובק נהריה,,זוגלובק פרימיום רוסט,גרמים,150.00,100 גרם,false,,25.90,17.2667,true,1,177573
7290109580111,false,צלעות אסאדו מעושנות פרימיום זוגלובק 120 גרם,נקניק זוגלובק נהריה,,צלעות אסאדו מעושנות,גרמים,120.00,100 גרם,false,,25.90,21.5833,true,1,190682
7290109580135,false,קורנדביף פרימיום 180 גרם זוגלובק,נקניק זוגלובק נהריה,,זוגלובק פרימיום קורנ,גרמים,180.00,100 גרם,false,,25.90,14.3889,true,1,177575
7290109580159,false,פסטרמה בנוסח טוסקנה פרימיום זוגלובק 180 גרם,נקניק זוגלובק נהריה,,פסטרמה בנוסח טוסקנה,גרמים,180.00,100 גרם,false,,25.90,14.3889,true,1,177576
7290109580166,false,סרוולד קלאסי פרימיום זוגלובק 150 גרם,נקניק זוגלובק נהריה,,זוגלובק פרימיום סרוו,גרמים,150.00,100 גרם,false,,25.90,17.2667,true,1,177577
7290109580234,false,"נקניקיות מרגז חריפות וונדרס 0% בשר, טבעוני",זוגלובק שיווק בעמ ו/או וונדרס,,נקניקיות מרגז 226 ג,גרמים,226.00,100 גרם,false,,29.90,13.2301,true,1,189680
7290109580241,false,נאגטס מן הצומח זוגלובק 500 גרם,נקניק זוגלובק נהריה,,נאגטס מן הצומח 500 ג,גרמים,500.00,100 גרם,false,,21.90,4.3800,true,1,197194
7290109580319,false,"בורגר וונדרס 0% בשר , טבעוני",זוגלובק שיווק בעמ ו/או וונדרס,,wonders 2.0 בורגר 28,גרמים,280.00,100 גרם,false,,29.90,10.6786,true,1,189681
7290109580432,false,פסטרמה חזה הודו מעושן דק דק זוגלובק 120 גרם,נקניק זוגלובק נהריה,,פסטרמה אקסטרה מעושנת,גרמים,120.00,100 גרם,false,,13.90,11.5833,true,1,198443
7290109580449,false,סלמי בטעם כמהין פרימיום זוגלובק 180 גרם,נקניק זוגלובק נהריה,,סלמי בטעם כמהין פרימ,גרמים,180.00,100 גרם,false,,25.90,14.3889,true,1,198542
7290109920146,false,"דורגול מסיר אבנית מקומקומים 750 מ""ל",יעקב יעקבי ובניו בע`מ,,יעקבי דורגול מסיר אב,מיליליטרים,750.00,"100 מ""ל",false,,22.90,3.0533,true,1,111403
7290109920313,false,"אסטוניש מרסס לניקוי חלונות 750 מ""ל","יעקב יעקבי ובניו בע""מ",,אסטוניש מרסס מבריק ש,מיליליטרים,750.00,"100 מ""ל",false,,12.90,1.7200,true,1,120279
7290109920597,false,"אסטוניש - מרסס לניקוי המקלחון 750 מ""ל",יעקב יעקבי ובניו בע`מ,,אסטוניש מרסס למקלחון,מיליליטרים,750.00,"100 מ""ל",false,,12.90,1.7200,true,1,120283
7290109920627,false,"אסטוניש קרם ואקונומיקה לניקוי אמבטיות 500 מ""ל",יעקב יעקבי ובניו בע`מ,,אסטונש קרם אמבטיה 55,מיליליטרים,550.00,"100 מ""ל",false,,13.90,2.5273,true,1,111404
7290109920870,false,גל כביסה הפי מיוחד לכביסה שחורה וכהה,יעקובי הפי,,הפי ג'ל כביסה לשחור,קילוגרמים,1.00,ליטר,false,,18.90,18.9000,true,1,120294
7290109920894,false,הפי GEL DE LINE לשטיפת רצפות 1ליטר,יעקובי הפי,,הפי נוזל לניקוי רצפו,Unknown,0.00,יחידה,false,,14.90,0.0000,true,1,120295
7290109921334,false,אידאל קולור פרוטקט 15 דפי בד לכביסה.,"יעקב יעקבי ובניו בע""מ",,יעקבי דפי כביסה אידא,Unknown,0.00,יחידה,false,,14.90,0.0000,true,1,120300
7290109921488,false,"דורגול לניקוי וחיטוי מכונת הכביסה יעקבי 500 מ""ל","יעקב יעקבי ובניו בע""מ",,דורגול מסיר אבנית ממ,מיליליטרים,500.00,"100 מ""ל",false,,29.90,5.9800,true,1,111408
7290109921570,false,יעקבי רצפות לניקוי פרקט 1.25 ליטר,וונדפוט,,יעקבי לניקוי פרקט 1.,קילוגרמים,1.25,ליטר,false,,14.90,11.9200,true,1,120304
7290109921853,false,אסטוניש המשחה המקורית לניקוי עם עוצמה,"יעקב יעקבי ובניו בע""מ",,אסטוניש משחת פרימיום,Unknown,0.00,יחידה,false,,19.90,0.0000,true,1,168906
7290109922843,false,האקונומיקה המובילה באירופה נוסחה ייחודית מרוכז 2 ל,יעקב יעקבי ובניו בעמ,,יעקובי האוקונומיקה -,קילוגרמים,2.00,ליטר,false,,11.90,5.9500,true,1,189383
7290109922881,false,דורגול מרסס מרוכז למטבח 600 מל,יעקב יעקבי ובניו בעמ,,דורגול מרסס למטבח 60,מיליליטרים,600.00,"100 מ""ל",false,,24.90,4.1500,true,1,194199
7290109922911,false,דזיטול חיטוי נעליים מפטריות חיידקים וריחות 150מל,יעקב יעקבי ובניו בעמ,,דזיטול חיטוי נעליים,מיליליטרים,150.00,"100 מ""ל",false,,19.90,13.2667,true,1,189382
7290109923024,false,"אסטוניש מרסס פרימיום ארומטיק למטבח 750 מ""ל","יעקב יעקבי ובניו בע""מ",,אסטוניש מרסס פרימיום,מיליליטרים,750.00,"100 מ""ל",false,,15.90,2.1200,true,1,194196
7290109923031,false,"אסטוניש מרסס פרימיום ארומטיק למקלחון 750 מ""ל","יעקב יעקבי ובניו בע""מ",,אסטוניש מרסס פרימיום,מיליליטרים,750.00,"100 מ""ל",false,,15.90,2.1200,true,1,194197
7290109923048,false,"אסטוניש מרסס פרימיום ארומטיק לכל הבית 750 מ""ל","יעקב יעקבי ובניו בע""מ",,אסטוניש מרסס פרימיום,מיליליטרים,750.00,"100 מ""ל",false,,15.90,2.1200,true,1,194198
7290109923062,false,הפי מטליות גילדה לניקוי הבית,יעקב יעקבי ובניו בעמ,,הפי מטלית ג'ילדה לני,Unknown,0.00,יחידה,false,,19.90,0.0000,true,1,194200
7290109923093,false,"אסטוניש - קרם כיריים הלוגן ומיקרו 500 מ""ל","יעקב יעקבי ובניו בע""מ",,אסטוניש מהדורה פרימי,מיליליטרים,500.00,"100 מ""ל",false,,18.90,3.7800,true,1,194193
7290109923147,false,אסטוניש מהדורה פרימיום פלא של אקונומיקה,יעקב יעקבי ובניו בע`מ,,אסטוניש מהדורה פרימי,מיליליטרים,500.00,"100 מ""ל",false,,16.90,3.3800,true,1,194194
7290110000967,false,מתוקקל ממתיק נוזלי לחיץ,בטר אנד דיפרנט,,מתוקקל ממתיק נוזלי,Unknown,0.00,יחידה,false,,16.90,0.0000,true,1,156556
7290110110659,false,"ספרייט לימון ליים פחית 330מ""ל",החברה המרכזית להפצת משקאות בעמ,,משקה ספרייט מופחת סל,מיליליטרים,330.00,"100 מ""ל",false,,6.00,1.8182,true,1,137522
7290110110703,false,מארז ספרייט שישייה פחיות FRIDGE PACK,החברה המרכזית להפצת משקאות בעמ,,"ספרייט פחית 6*330 מ""",מיליליטרים,330.00,"100 מ""ל",false,,24.90,7.5455,true,1,137526
7290110110765,false,פיוז טי גרין בטעם לימון נענע 500 מל,מבשלות בירה בינלאומי,,פיוז טי גרין משמש יס,מיליליטרים,500.00,"100 מ""ל",false,,7.00,1.4000,true,1,183696
7290110111809,false,"מארז פחיות פאנטה אורנג' שישייה 330 מ""ל",החברה המרכזית לייצור משק,,פאנטה אורנג' פרידג',מיליליטרים,330.00,"100 מ""ל",false,,24.90,7.5455,true,1,137546
7290110113476,false,בירה קרלסברג ללא אלכוהול - שישייה,החברה המרכזית להפצת משקאות בעמ,,שישיית קרלסברג 0.0 ב,Unknown,0.00,יחידה,false,,34.90,0.0000,true,1,159234
7290110114787,false,נביעות+ מים מינרליים בטעם תפוח 1.5 ליטר,החברה המרכזית להפצת משקאות בעמ,,נביעות + תפוח 1.5 לי,Unknown,0.00,יחידה,false,,8.90,0.0000,true,1,189702
7290110114794,false,נביעות+ מים מינרליים בטעם אפרסק 1.5 ליטר,החברה המרכזית להפצת משקאות בעמ,,נביעות + אפרסק 1.5 ל,Unknown,0.00,יחידה,false,,8.90,0.0000,true,1,189703
7290110114800,false,נביעות+ מים מינרליים בטעם ענבים 1.5 ליטר,החברה המרכזית להפצת משקאות בעמ,,נביעות + ענבים 1.5 ל,Unknown,0.00,יחידה,false,,8.90,0.0000,true,1,189704
7290110114855,false,"נביעות מים מינרליים, שישיה 6 * 1.5 ליטר פקדון",החברה המרכזית להפצת משקאות בעמ,,6 נביעות 1.5 ליטר פי,Unknown,0.00,יחידה,false,,13.90,0.0000,true,1,189709
7290110114893,false,מיץ תפוזים מפוסטר סחוט 2 ליטר,החברה המרכזית טלהפצת משקאות בע,,פריגת סחוט תפוזים 2ל,קילוגרמים,2.00,ליטר,false,,29.90,14.9500,true,1,189648
7290110114954,false,מיץ תפוזים מתקתקים פריגת 2 ליטר,החברה המרכזית טלהפצת משקאות בע,,תפוזים 100% מתקתקים,קילוגרמים,2.00,ליטר,false,,29.90,14.9500,true,1,189651
7290110114961,false,משקה קל בטעם תפוזים פריגת (1.5 ליטר),החברה המרכזית להפצת משקאות בעמ,,פריגת תפוז 1.5 ליטר,Unknown,0.00,יחידה,false,,8.90,0.0000,true,1,189710
7290110114985,false,משקה קל בטעם אשכוליות פריגת (1.5 ליטר),החברה המרכזית להפצת משקאות בעמ,,פריגת אשכולית 1.5 לי,Unknown,0.00,יחידה,false,,8.90,0.0000,true,1,189712
7290110115005,false,משקה קל בטעם ענבים פריגת (1.5 ליטר),החברה המרכזית להפצת משקאות בעמ,,פריגת ענבים 1.5 ליטר,Unknown,0.00,יחידה,false,,8.90,0.0000,true,1,189714
7290110115036,false,משקה קל בטעם מנגו פריגת (1.5 ליטר),החברה המרכזית להפצת משקאות בעמ,,פריגת מנגו 1.5 ליטר,Unknown,0.00,יחידה,false,,8.90,0.0000,true,1,189717
7290110115043,false,משקה קל בטעם לימונענע פריגת (1.5 ליטר),החברה המרכזית להפצת משקאות בעמ,,פריגת לימונענע 1.5 ל,Unknown,0.00,יחידה,false,,8.90,0.0000,true,1,189718
7290110115050,false,משקה קל בטעם תות בננה פריגת (1.5 ליטר),החברה המרכזית להפצת משקאות בעמ,,פריגת מיקס תות בננה,Unknown,0.00,יחידה,false,,8.90,0.0000,true,1,189719
7290110115081,false,פריגת צלול ענבים 1.5 ליטר פיקדון,החברה המרכזית להפצת משקאות בעמ,,פריגת צלול ענבים 1.5,Unknown,0.00,יחידה,false,,8.90,0.0000,true,1,189722
7290110115111,false,פריגת צלול אננס 1.5 ליטר פיקדון,החברה המרכזית להפצת משקאות בעמ,,פריגת צלול אננס 1.5,Unknown,0.00,יחידה,false,,8.90,0.0000,true,1,189725
7290110115128,false,פריגת צלול בטעם לימונענע 1.5 ליטר פיקדון,החברה המרכזית להפצת משקאות בעמ,,פריגת צלול בטעם לימו,Unknown,0.00,יחידה,false,,8.90,0.0000,true,1,189726
7290110115180,false,נביעות מים מינרלים שקט 1.5 ליטר פיקדון,החברה המרכזית להפצת משקאות בעמ,,נביעות 1.5 ליטר בודד,קילוגרמים,1.50,ליטר,false,,5.00,3.3333,true,1,192214
7290110115203,false,קוקה קולה 1.5 ליטר פיקדון,החברה המרכזית להפצת משקאות בעמ,,קוקה קולה 1.5 ליטר פ,קילוגרמים,1.50,ליטר,false,,8.90,5.9333,true,1,189732
7290110115210,false,קוקה קולה דיאט 1.5 ליטר פיקדון,החברה המרכזית להפצת משקאות בעמ,,דיאט קוקה קולה 1.5 ל,Unknown,0.00,יחידה,false,,8.90,0.0000,true,1,189733
7290110115227,false,קוקה קולה Zero בקבוק 1.5 ליטר פיקדון,החברה המרכזית להפצת משקאות בעמ,,קולה ZERO 1.5 ליטר פ,קילוגרמים,1.50,ליטר,false,,8.90,5.9333,true,1,189734
7290110115234,false,קוקה קולה דיאט זירו 1.5 ליטר פיקדון,החברה המרכזית להפצת משקאות בעמ,,קולה ZERO נטול 1.5 ל,Unknown,0.00,יחידה,false,,8.90,0.0000,true,1,189735
7290110115241,false,קוקה קולה דיאט לימון 1.5 ליטר פיקדון,החברה המרכזית להפצת משקאות בעמ,,קולה ZERO לימון 1.5,Unknown,0.00,יחידה,false,,8.90,0.0000,true,1,189736
7290110115258,false,קוקה-קולה זירו מנגו בקבוק 1.5 ליטר,החברה המרכזית להפצת משקאות בעמ,,קולה ZERO מנגו 1.5 ל,Unknown,0.00,יחידה,false,,8.90,0.0000,true,1,189737
7290110115265,false,ספרייט לימון ליים 1.5 ליטר-,החברה המרכזית להפצת משקאות בעמ,,ספרייט 1.5 ליטר LIM,Unknown,0.00,יחידה,false,,8.90,0.0000,true,1,189738
7290110115272,false,ZERO ספרייט 1.5 ליטר פיקדון,החברה המרכזית להפצת משקאות בעמ,,ZERO ספרייט 1.5 ליטר,Unknown,0.00,יחידה,false,,8.90,0.0000,true,1,189739
7290110115289,false,ספרייט 19 קל' לימון-נענע 1.5 ליטר פיקדון,החברה המרכזית להפצת משקאות בעמ,,ספרייט 19 קל' לימון-,Unknown,0.00,יחידה,false,,8.90,0.0000,true,1,189740
7290110115296,false,גזוז בטעם תפוז פאנטה 1.5 ליטר פיקדון,החברה המרכזית להפצת משקאות בעמ,,פאנטה אורנג' 1.5 ליט,Unknown,0.00,יחידה,false,,8.90,0.0000,true,1,189741
7290110115302,false,משקה מוגז אורנג' זירו פאנטה 1.5 ליטר,החברה המרכזית להפצת משקאות בעמ,,פאנטה ZERO אורנג' 1.,Unknown,0.00,יחידה,false,,8.90,0.0000,true,1,189742
7290110115319,false,פאנטה אקזוטי פירות טרופיים 1.5ל פיקדון,החברה המרכזית להפצת משקאות בעמ,,פאנטה אקזוטיק 1.5 לי,Unknown,0.00,יחידה,false,,8.90,0.0000,true,1,189743
7290110115340,false,פאנטה ענבים 1.5 ליטר פיקדון,החברה המרכזית להפצת משקאות בעמ,,פאנטה ענבים 1.5 ליט,Unknown,0.00,יחידה,false,,8.90,0.0000,true,1,189746
7290110115364,false,שישייה קוקה קולה 1.5 ליטר פיקדון,החברה המרכזית להפצת משקאות בעמ,,קוקה קולה שישיות 1.5,Unknown,0.00,יחידה,false,,49.90,0.0000,true,1,189748
7290110115388,false,ספרייט לימון ליים 1.5 ליטר מארז שישייה,החברה המרכזית להפצת משקאות בעמ,,ספרייט LIME שישיות 1,Unknown,0.00,יחידה,false,,49.90,0.0000,true,1,189750
7290110115395,false,ספרייט זירו שישיות 1.5 ליטר פיקדון,החברה המרכזית להפצת משקאות בעמ,,ZERO ספרייט שישיות 1,Unknown,0.00,יחידה,false,,49.90,0.0000,true,1,189751
7290110115401,false,קינלי סודה שישייה 1.5 ליטר פיקדון,החברה המרכזית להפצת משקאות בעמ,,קינלי סודה שישייה 1.,Unknown,0.00,יחידה,false,,16.70,0.0000,true,1,189752
7290110115418,false,קוקה קולה זירו 1.5 ליטר מארז שישייה,החברה המרכזית להפצת משקאות בעמ,,קולה ZERO שישיות 1.5,Unknown,0.00,יחידה,false,,48.90,0.0000,true,1,189753
7290110115425,false,FUZE TEA גרין לימונענע -נענע 1.5 ליטר פיקדון,החברה המרכזית להפצת משקאות בעמ,,FUZE tea גרין לימון-,Unknown,0.00,יחידה,false,,9.90,0.0000,true,1,189754
7290110115449,false,פיוז-טי תה מנגו אננס 1.5 ליטר פיקדון,החברה המרכזית להפצת משקאות בעמ,,FUZE tea מנגו אננס 1,Unknown,0.00,יחידה,false,,9.90,0.0000,true,1,189756
7290110115463,false,פיוז-טי תה אפרסק 1.5 ליטר פיקדון,החברה המרכזית להפצת משקאות בעמ,,FUZE tea אפרסק 1.5 ל,Unknown,0.00,יחידה,false,,9.90,0.0000,true,1,189758
7290110115494,false,תה קר בטעם ענבים פיוז טי 1.5 ליטר,החברה המרכזית להפצת משקאות בעמ,,FUZE tea ענבים 1.5 ל,Unknown,0.00,יחידה,false,,9.90,0.0000,true,1,189761
7290110115531,false,משקה מוגז תפוח זירו פאנטה 1.5 ליטר,החברה המרכזית להפצת משקאות בעמ,,פאנטה ZERO תפוח 1.5,Unknown,0.00,יחידה,false,,8.90,0.0000,true,1,189764
7290110115579,false,פאנטה אורנג`1.5 ליטר מארז רביעייה,החברה המרכזית להפצת משקאות בעמ,,רביעיית פאנטה אורנג',Unknown,0.00,יחידה,false,,34.90,0.0000,true,1,189765
7290110115586,false,פריגת תפוזים 40% פחות סוכר 1.5 ליטר פיקדון,החברה המרכזית להפצת משקאות בעמ,,פריגת תפוזים 40% פחו,Unknown,0.00,יחידה,false,,8.90,0.0000,true,1,189766
7290110115593,false,פריגת אשכוליות 40% פחות סוכר 1.5 ליטר פיקדון,החברה המרכזית להפצת משקאות בעמ,,פריגת אשכוליות 40% פ,Unknown,0.00,יחידה,false,,8.90,0.0000,true,1,189767
7290110115777,false,מים מינרליים נביעות 1.5 ל,נביעות,,נביעות 1.5 ליטר,קילוגרמים,1.50,ליטר,false,,5.00,3.3333,true,1,190135
7290110115838,false,ספרייט לימון- ליים 1.5 ליטר,"אינסטנטה בע""מ",,ZERO ספרייט 1.5 ליטר,קילוגרמים,1.50,ליטר,false,,8.90,5.9333,true,1,190266
7290110115883,false,נביעות בייבי בודד 32,נביעות,,נביעות בייבי בודד 32,מיליליטרים,320.00,"100 מ""ל",false,,4.00,1.2500,true,1,198752
7290110116064,false,פאנטה זירו בטעם פירות ירוק 1.5 ל פיקדון,החברה המרכזית להפצת משקאות בעמ,,פאנטה ZERO 1.5 ליטר,קילוגרמים,1.50,ליטר,false,,8.90,5.9333,true,1,198255
7290110116132,false,"סירופ פריגת בטעם לימון 750 מ""ל פיקדון",החברה המרכזית להפצת משקאות בעמ,,"סירופ לימון 750 מ""ל",מיליליטרים,750.00,"100 מ""ל",false,,23.90,3.1867,true,1,198608
7290110116149,false,"סירופ פריגת בטעם ענבים 750 מ""ל פיקדון",החברה המרכזית להפצת משקאות בעמ,,"סירופ ענבים 750 מ""ל",מיליליטרים,750.00,"100 מ""ל",false,,23.90,3.1867,true,1,198611
7290110116194,false,נביעות+ סדרת 0 קלוריות לימון-ליים 1.5 ליטר,החברה המרכזית להפצת משקאות בעמ,,נביעות+ לימון ליים 0,קילוגרמים,1.50,ליטר,false,,9.90,6.6000,true,1,198475
7290110116316,false,קוקה קולה 1.5 ליטר מארז שישייה חג שמח,החברה המרכזית להפצת משקאות בעמ,,קוקה קולה שישייה 1.5,Unknown,0.00,יחידה,false,,49.90,0.0000,true,1,195755
7290110116392,false,"סירופ פריגת בטעם תפוזים 750 מ""ל פיקדון",החברה המרכזית להפצת משקאות בעמ,,"סירופ תפוזים 750 מ""ל",מיליליטרים,750.00,"100 מ""ל",false,,23.90,3.1867,true,1,198612
7290110116484,false,פריגת סחוט מיקס תות בננה 1ליטר,*החברה המרכזית להפצת משקאותבעמ,IL,פריגת מיקס תות בננה,מיליליטרים,1000.00,"100 מ""ל",false,,17.90,1.7900,true,1,202828
7290110116491,false,פריגת סחוט מיקס אפרסק משמש 1ליטר,*החברה המרכזית להפצת משקאותבעמ,IL,פריגת מיקס אפרסק משמ,מיליליטרים,1000.00,"100 מ""ל",false,,17.90,1.7900,true,1,202829
7290110116507,false,פריגת סחוט מיקס אננס בננה אגס 1ליטר,*החברה המרכזית להפצת משקאותבעמ,IL,פריגת מיקס אננס בננה,מיליליטרים,1000.00,"100 מ""ל",false,,17.90,1.7900,true,1,202830
7290110116552,false,ספרייט לימון היט 1.5 ליטר LIME פיקדון,החברה המרכזית להפצת משקאות בעמ,IL,ספרייט לימון 1.5 לי,קילוגרמים,1.50,ליטר,false,,8.90,5.9333,true,1,201902
7290110116569,false,ספרייט זירו 1.5 ליטר LEMON HIT פיקדון,החברה המרכזית להפצת משקאות בעמ,IL,ZERO ספרייט לימון הי,קילוגרמים,1.50,ליטר,false,,8.90,5.9333,true,1,201901
7290110291723,false,מאג דגם שוקוצ'ינו 33,י.סולומון חוויה שבכלי בעמ,,מאג דגם שוקוצ'ינו 33,Unknown,0.00,יחידה,false,,5.90,0.0000,true,1,173612
7290110291754,false,מאג דגם לאטה 250ML,,,מאג דגם לאטה 250ML,Unknown,0.00,יחידה,false,,5.90,0.0000,true,1,173613
7290110291761,false,מאג דגם קפוצ'ינו 310,י.סולומון חוויה שבכלי בעמ,,מאג דגם קפוצ'ינו 310,Unknown,0.00,יחידה,false,,5.90,0.0000,true,1,173614
7290110292249,false,"סכין ""7 סנטוקו",,,"סכין ""7 סנטוקו",Unknown,0.00,יחידה,false,,10.00,0.0000,true,1,165075
7290110295813,false,סט 3 צנטרים רוסיים +,,,סט 3 צנטרים רוסיים +,Unknown,0.00,יחידה,false,,10.00,0.0000,true,1,171675
7290110297695,false,מצת גז דגם פייר,י.סולומון חוויה שבכלי בעמ,,מצת גז דגם פייר,Unknown,0.00,יחידה,false,,10.00,0.0000,true,1,171679
7290110320591,false,גבינה בולגרית במרקם מעודן 16% פיראוס,"תנובה בע""מ ***",,בולגרית 16% במרקם מע,גרמים,250.00,100 גרם,false,,23.50,9.4000,true,1,130546
7290110320683,false,שמיניית משקה יוגורט 1.5% טעם תות יופלה 107 גרם,מיוצר עי קונדיטוריית,,משקה יופלה 360 בטעם,Unknown,0.00,יחידה,false,,18.80,0.0000,true,1,130550
7290110320850,false,פתיתים גבינה חצי קשה מגורדת 28% שומן,תנובה מרכז שיתופי לש,,פתיתי עמק 28% שומן,גרמים,200.00,100 גרם,false,,16.70,8.3500,true,1,130555
7290110320867,false,פתיתים גבינה חצי קשה מגורדת 28% שומן,תנובה מרכז שיתופי לש,,פתיתי עמק 28% שומן,גרמים,500.00,100 גרם,false,,37.70,7.5400,true,1,130556
7290110321680,false,יוגורט GO בטעם תות 20 גרם חלבון בגביע,מיוצר עי קונדיטוריית,,יופלה GO יוגורט מועש,Unknown,0.00,יחידה,false,,6.20,0.0000,true,1,130595
7290110321697,false,יוגורט GO בטעם אפרסק 20 גרם חלבון בגביע,מיוצר עי קונדיטוריית,,יופלה GO יוגורט מועש,Unknown,0.00,יחידה,false,,6.20,0.0000,true,1,130596
7290110321703,false,יוגורט עם פירות יער בתוספת חלבוני חלב 2% שומן,מיוצר עי קונדיטוריית,,מעדן יופלה גו פירות,Unknown,0.00,יחידה,false,,6.20,0.0000,true,1,171832
7290110321789,false,גבינת מסקרפונה 38% שומן 250 גר`השף הלבן,"תנובה בע""מ ***",,גבינת מסקרפונה השף ה,גרמים,250.00,100 גרם,false,,20.90,8.3600,true,1,130599
7290110322014,false,טופו בטעם טבעי תנובה ALTERNATIVE,שוורצקוף& הנקל דיסלד,,טופו טבעי,גרמים,300.00,100 גרם,false,,13.60,4.5333,true,1,130610
7290110322021,false,"תנובה טופו בזיליקום 300 גר' בד""צ",שוורצקוף& הנקל דיסלד,,טופו בזיליקום,גרמים,300.00,100 גרם,false,,13.60,4.5333,true,1,130611
7290110322038,false,טופו בטעם פיקנטי 300 גר`תנובה,"תנובה בע""מ ***",,טופו פיקנטי,גרמים,300.00,100 גרם,false,,13.60,4.5333,true,1,130612
7290110322946,false,יופלה טיוב יוגורט במרקם חלק בטעם תות בננה כשרות רבנות 348 ג',תנובה - חלב,,יופלה טיוב יוגורט במ,גרמים,348.00,100 גרם,false,,13.60,3.9080,true,1,130618
7290110323073,false,"משקה יוגורט יופלה גו תות פטל 250 מ""ל - רבנות",מיוצר עי קונדיטוריית,,משקה יוגורט GO מועשר,מיליליטרים,250.00,"100 מ""ל",false,,6.90,2.7600,true,1,130625
7290110323097,false,מעדן גבינה עם מחית תות-תאומים 80 גר`,"תנובה בע""מ ***",,תאומים 80 גרם,Unknown,0.00,יחידה,false,,2.00,0.0000,true,1,130626
7290110323301,false,טל העמק בסגנון אמנטל 32% שומן 200 גרם,"תנובה בע""מ ***",,טל העמק 32% שומן 200,גרמים,200.00,100 גרם,false,,20.90,10.4500,true,1,130639
7290110323585,false,יופלה יוגורט עם דובדבן מופחת קלוריות 200 ג' GO,"תנובה בע""מ ***",,יופלה GO יוגורט לייט,Unknown,0.00,יחידה,false,,6.20,0.0000,true,1,130642
7290110323592,false,יופלה יוגורט עם אפרסק מופחת קלוריות 200 ג' GO,תנובה בעמ ***,,יופלה GO יוגורט לייט,Unknown,0.00,יחידה,false,,6.20,0.0000,true,1,130643
7290110323714,false,משקה קוקוס שקדים תנובה E אלטרנטיב,מיוצר עי קונדיטוריית,,משקה קוקוס שקדים,קילוגרמים,1.00,ליטר,false,,12.50,12.5000,true,1,130651
7290110324353,false,יוגורט GO לייט בטעם אננס 20 גרם חלבון בגביע,מיוצר עי קונדיטוריית,,יופלה GO לייט אננס,Unknown,0.00,יחידה,false,,6.20,0.0000,true,1,130671
7290110324551,false,יופלה טיוב יוגורט במרקם חלק תות כשרות מהדרין,"תנובה בע""מ ***",,יופלה טיוב יוגורט במ,גרמים,348.00,100 גרם,false,,13.60,3.9080,true,1,130682
7290110324711,false,ממרח סויה 9% שומן בטעם טבעי תנובה 250 גרם,מיוצר עי קונדיטוריית,,ממרח סויה 9% בטעם טב,גרמים,250.00,100 גרם,false,,8.90,3.5600,true,1,130692
7290110324841,false,מעדן שקדים עם שוקולד מריר תנובה 125 גרם,מיוצר עי קונדיטוריית,,מעדן שקדים עם שוקולד,גרמים,125.00,100 גרם,false,,4.90,3.9200,true,1,130702
7290110324858,false,מעדן שקדים בטעם אגוזי לוז תנובה 125 גרם,מיוצר עי קונדיטוריית,,מעדן שקדים עם אגוזי,גרמים,125.00,100 גרם,false,,4.90,3.9200,true,1,130703
7290110324872,false,גבינה צהובה גלבוע (5% 200 גר`)תנובה,גלבוע - תנובה,,גלבוע 5% 200 גרם,גרמים,200.00,100 גרם,false,,19.90,9.9500,true,1,130704
7290110324926,false,משקה סויה ללא תוספת סוכר E אלטרנטיב,תנובה מרכז שיתופי לש,,משקה סויה ללא תוספת,קילוגרמים,1.00,ליטר,false,,10.50,10.5000,true,1,130709
7290110325084,false,מאגדת שמינייה מיני קרלו שוניל 8*100גרם,"תנובה בע""מ ***",,מאגדת שמינייה מיני ק,Unknown,0.00,יחידה,false,,14.90,0.0000,true,1,130710
7290110325114,false,"משקה יוגורט יופלה גו לייט תות בננה 250 מ""ל - רבנות",מיוצר עי קונדיטוריית,,משקה יוגורט גו לייט,מיליליטרים,250.00,"100 מ""ל",false,,6.90,2.7600,true,1,130713
7290110325121,false,"משקה יוגורט יופלה גו לייט מנגו אננס 250 מ""ל",תנובה בעמ ***,,משקה יוגורט גו לייט,מיליליטרים,250.00,"100 מ""ל",false,,6.90,2.7600,true,1,130714
7290110325312,false,יופלה GO סויה 20 גרם חלבון בטעם תות תנובה 200 גרם,תנובה בעמ ***,,מעדן סויה גו 20 גרם,גרמים,200.00,100 גרם,false,,6.20,3.1000,true,1,130718
7290110325510,false,יופלה טיוב יוגורט במרקם חלק בטעם וניל-יוניקור,"תנובה בע""מ ***",,יופלה טיוב יוגורט במ,גרמים,348.00,100 גרם,false,,13.60,3.9080,true,1,130722
7290110325619,false,משקה שיבולת שועל תנובה E אלטרנטיב,מיוצר עי קונדיטוריית,,משקה שיבולת שועל 1 ל,קילוגרמים,1.00,ליטר,false,,12.50,12.5000,true,1,110636
7290110325893,false,משקה חלב GO מועשר בחלבון בטעם אייס קפה,מיוצר עי קונדיטוריית,,תנובה GO אייס קפה 34,מיליליטרים,340.00,"100 מ""ל",false,,8.30,2.4412,true,1,110639
7290110326210,false,יופלה און טופ פצפוצים תנובה 157 גרם,מיוצר עי קונדיטוריית,,יופלה און טופ פצפוצי,גרמים,157.00,100 גרם,false,,5.20,3.3121,true,1,159304
7290110326227,false,יופלה און טופ קורנפלקס תנובה 157 גרם,מיוצר עי קונדיטוריית,,יופלה און טופ קורנפל,גרמים,157.00,100 גרם,false,,5.20,3.3121,true,1,159305
7290110326234,false,יופלה און טופ כוכבים תנובה 157 גרם,מיוצר עי קונדיטוריית,,יופלה און טופ כוכבים,גרמים,157.00,100 גרם,false,,5.20,3.3121,true,1,159306
7290110326333,false,פרוסות גבינה סקנדינבית 170 גר`קולקשיין,"תנובה בע""מ ***",,פרוסות גבינה סקנדינב,גרמים,200.00,100 גרם,false,,19.90,9.9500,true,1,166648
7290110327033,false,משקה סויה תנובה גו מועשר בחלבון במתיקות מופחתת,מיוצר עי קונדיטוריית,,משקה סויה תנובה גו מ,קילוגרמים,1.00,ליטר,false,,12.50,12.5000,true,1,164750
7290110327798,false,חטיף חלבון GO - שוקולד 60 ג' חלב נוכרי - רבנות,"בלמונט קונפקציות בע""\מ.",,חטיף חלבון GO בטעם ש,Unknown,0.00,יחידה,false,,11.90,0.0000,true,1,182533
7290110327804,false,חטיף חלבון GO - עוגיות 60 ג' חלב נוכרי - רבנות,"בלמונט קונפקציות בע""\מ.",,חטיף חלבון GO בטעם ב,Unknown,0.00,יחידה,false,,11.90,0.0000,true,1,182534
7290110327811,false,חטיף חלבון GO בטעם בצק קוקוס 20 גר`חלבו,"בלמונט קונפקציות בע""\מ.",,חטיף חלבון GO בטעם ק,Unknown,0.00,יחידה,false,,11.90,0.0000,true,1,182535
7290110327828,false,חטיף חלבון GO - חמאת בוטנים 60 ג' חלב נוכרי - רבנות,"בלמונט קונפקציות בע""\מ.",,חטיף חלבון GO בטעם ח,Unknown,0.00,יחידה,false,,11.90,0.0000,true,1,182536
7290110328016,false,משקה סויה מועשר בחלבון בטעם אגוזי לוז 250 גרם,תנובה מרכז שיתופי לש,,משקה סויה מועשר בחלב,גרמים,250.00,100 גרם,false,,7.30,2.9200,true,1,175266
7290110328504,false,טריו - מיקס גבינות מוצרלה סקנדינבית וגאודה 300 גרם,מיוצר עי קונדיטוריית,,טריו מיקס מוצרלה סקנ,גרמים,300.00,100 גרם,false,,28.30,9.4333,true,1,172322
7290110328627,false,יוגורט יופלה GO במרקם סמיך בטעם בננה קרמל 0%,מיוצר עי קונדיטוריית,,יוגורט גו סמיך 0% בנ,גרמים,200.00,100 גרם,false,,6.20,3.1000,true,1,183079
7290110328641,false,טופו טבעי 500 גר`אלטרנטיב 2*250 גר`,"תנובה בע""מ ***",,טופו טבעי 500 גרם 2,Unknown,0.00,יחידה,false,,20.90,0.0000,true,1,183670
7290110328764,false,יוגורט יופלה GO במרקם סמיך עם תות 0%,מיוצר עי קונדיטוריית,,יוגורט גו סמיך 0% תו,גרמים,200.00,100 גרם,false,,6.20,3.1000,true,1,183080
7290110328771,false,יוגורט יופלה GO במרקם סמיך עם פירות יער 0%,מיוצר עי קונדיטוריית,,יוגורט גו סמיך 0% פי,גרמים,200.00,100 גרם,false,,6.20,3.1000,true,1,183081
7290110328788,false,יוגורט יופלה GO במרקם סמיך בטעם אפרסק 0%,תנובה מרכז שיתופי לש,,יוגורט גו סמיך 0% אפ,גרמים,200.00,100 גרם,false,,6.20,3.1000,true,1,183082
7290110329136,false,מעדן חלב מעושר בחלבון בטעם שוקולד 120 ג' GO,תנובה מרכז שיתופי לש,,מעדן חלב גו בטעם שוק,גרמים,120.00,100 גרם,false,,5.20,4.3333,true,1,187896
7290110329266,false,יוגורט תנובה מחלב עיזים מלא תנובה 140 ג',תנובה בעמ ***,,יוגורט תנובה מחלב עי,גרמים,410.00,100 גרם,false,,6.20,1.5122,true,1,184925
7290110329273,false,יוגורט תנובה מחלב עיזים מלא 750 גרם,תנובה בעמ ***,,יוגורט תנובה מחלב עי,גרמים,750.00,100 גרם,false,,20.90,2.7867,true,1,184926
7290110329433,false,טופו טבעי עם רוטב סצ'ואן אלטרנטיב 250 גרם,תנובה - חלב,,טופו טבעי 250 גרם עם,Unknown,0.00,יחידה,false,,13.90,0.0000,true,1,197287
7290110329686,false,משקה GO חלב בטעם עוגיות 27 גר`חלבון,מיוצר עי קונדיטוריית,,תנובה GO משקה חלב בט,מיליליטרים,340.00,"100 מ""ל",false,,8.30,2.4412,true,1,187869
7290110329716,false,משקה חלב קר בטעם קפוצ'ינו 230 גרם תנובה,תנובה מרכז שיתופי לש,,משקה קפה קר בטעם קפו,גרמים,230.00,100 גרם,false,,6.90,3.0000,true,1,196938
7290110329723,false,משקה חלב קר בטעם לאטה 230 גרם תנובה,תנובה מרכז שיתופי לש,,משקה קפה קר בטעם לאט,גרמים,230.00,100 גרם,false,,6.90,3.0000,true,1,196939
7290110329730,false,"משקה חלב עם שוקולד וקפה בסגנון לאטה 2.7%  230 מ""ל תנובה",תנובה מרכז שיתופי לש,,משקה חלב עם שוקולד ו,גרמים,230.00,100 גרם,false,,6.90,3.0000,true,1,196948
7290110329792,false,יוגורט סויה BIO Alternative אפרסק 150 ג' תנובה,מיוצר עי קונדיטוריית,,סויה BIO אפרסק גביע,גרמים,150.00,100 גרם,false,,5.20,3.4667,true,1,190080
7290110329808,false,יוגורט סויה BIO Alternative תות 150 ג' תנובה,מיוצר עי קונדיטוריית,,סויה BIO תות גביע 15,גרמים,150.00,100 גרם,false,,5.20,3.4667,true,1,190081
7290110329815,false,סויה BIO מתיקות מעודנת גביע 150 גרם אלטרנטיב,מיוצר עי קונדיטוריית,,סויה BIO מתיקות מעוד,גרמים,150.00,100 גרם,false,,5.20,3.4667,true,1,190082
7290110329822,false,יוגורט סויה BIO Alternative פירות יער 150 ג' תנובה,מיוצר עי קונדיטוריית,,סויה BIO פירות יער ג,גרמים,150.00,100 גרם,false,,5.20,3.4667,true,1,190078
7290110329846,false,יוגורט סויה BIO Alternative בטעם טבעי 150 ג' תנובה,מיוצר עי קונדיטוריית,,סויה BIO טבעי גביע 1,גרמים,150.00,100 גרם,false,,5.20,3.4667,true,1,190083
7290110465568,false,קוצץ ירקות ידני איכותי מבית FOOD APPEAL,,,קוצץ ירקות ידני איכו,Unknown,0.00,יחידה,false,,59.90,0.0000,true,1,178726
7290110465650,false,"מסננת נירוסטה בצפיפות גבוהה עם ידית 16 ס""מ DRAIN מבית Food appeal",,,מסננת נירוסטה בצפיפו,Unknown,0.00,יחידה,false,,39.90,0.0000,true,1,178730
7290110466077,false,"לקקן סיליקון שחור 21 ס""מ ELEMENTAL מבית Food appeal",,,לקקן מסיליקון שחור E,Unknown,0.00,יחידה,false,,24.90,0.0000,true,1,154547
7290110469016,false,"סכין שף 20 ס""מ DYNAMIC PRO מבית Food appeal",,,"סכין שף 20 ס""מ מבית",Unknown,0.00,יחידה,false,,119.90,0.0000,true,1,193834
7290110474515,false,עששית לד 3 וואט,Unknown,,עששית לד 3 וואט,Unknown,0.00,יחידה,false,,24.90,0.0000,true,1,196214
7290110550219,false,מטבעות שוקולד לבן לאפיה 400 גרם עלית,שטראוס גרופ בע`מ,,מטבעות שוקולד לבן לא,גרמים,400.00,100 גרם,false,,34.90,8.7250,true,1,196432
7290110552121,false,יוגורט 5% בתוספת סידן וויטמין D היוגורט הראשון שלי,שטראוס גרופ בעמ/מצונן,,היוגורט הראשון שלי 1,גרמים,100.00,100 גרם,false,,2.90,2.9000,true,1,196446
7290110552220,false,יוגורט PRO בטעם תות 0% סוכר לבן 20 גרם חלבון בגביע,שטראוס גרופ בעמ/מצונן,,דנונה פרו 20 גרם ללא,גרמים,200.00,100 גרם,false,,5.90,2.9500,true,1,190395
7290110552237,false,יוגורט פרו בטעם אפרסק מנגו ללא סוכר 200 ג' דנונה,שטראוס גרופ בעמ/מצונן,,דנונה פרו אפרסק מנגו,גרמים,200.00,100 גרם,false,,5.90,2.9500,true,1,190393
7290110552817,false,צנצנת מסטיק - גלידה לימון 58 גרם וועסטהיים,שטראוס גרופ בע`מ,,מסטיק בטעם גלידה לימ,Unknown,0.00,יחידה,false,,9.90,0.0000,true,1,198364
7290110553029,false,"אנרג'י קריספס-פריכיות חומוס, עדשים ואפונה עם קייל וסלק","פרח תעשיו מזון בע""מ",,פריכיות חלבון קייל ח,גרמים,60.00,100 גרם,false,,10.90,18.1667,true,1,195759
7290110553036,false,קריספס-פריכיות עם אפונה ובטטה סגולה בטעם בצל מקורמל,"פרח תעשיו מזון בע""מ",,פריכיות חלבון בטטה ס,גרמים,60.00,100 גרם,false,,10.90,18.1667,true,1,195760
7290110553098,false,מאגדת חטיפים אנרג'י מיקס צימוקים אגוזים 100X4 גרם,אנרג'י Energy - שטראוס,,אנרג'י מיקס צימוקים,גרמים,100.00,100 גרם,false,,18.90,18.9000,true,1,198699
7290110553104,false,נסקפה קפוצ'ינו סטיק קלאסי 130 ג' עלית,שטראוס גרופ בע`מ,,קפוצ'ינו סטיק קלאסי,גרמים,130.00,100 גרם,false,,17.90,13.7692,true,1,201195
7290110553135,false,נסקפה קפוצ'ינו סטיק וניל 130 ג' עלית,שטראוס גרופ בע`מ,,קפוצ'ינו סטיק וניל 1,גרמים,130.00,100 גרם,false,,17.90,13.7692,true,1,201196
7290110553173,false,אנרגי פריכיות אורז בטעם קרמל 50 גרם,שטראוס גרופ בע`מ,,אנרגי פריכיות בטעם ק,Unknown,0.00,יחידה,false,,7.90,0.0000,true,1,200506
7290110553180,false,אנרגי פריכיות אורז בטעם תפוח קינמון 50 ג,שטראוס גרופ בע`מ,,אנרגי פריכיות בטעם ת,Unknown,0.00,יחידה,false,,7.90,0.0000,true,1,200507
7290110553623,false,צ'יטוס קראנצ'י בטעם צ'דר חלפיניו - חלבי,"שטראוס פריטו ליי בע""\מ )",,צ'יטוס קראנץ צ'דר חל,Unknown,0.00,יחידה,false,,4.90,0.0000,true,1,197240
7290110554101,false,"סירופ מייפל בפאוץ' יד מרדכי 125 מ""ל",שטראוס גרופ בע`מ,,"מייפל בפאוץ' 125 מ""ל",מיליליטרים,125.00,"100 מ""ל",false,,19.90,15.9200,true,1,196435
7290110554262,false,חלבית מלבין קפה חלבי 350 ג' עלית,שטראוס גרופ בע`מ,,חלבית חדש 350 גרם 20,גרמים,350.00,100 גרם,false,,22.90,6.5429,true,1,196429
7290110554422,false,פומודורו רוטב עגבניות ופלפלים לשקשוקה לפסטה יד מרדכי 350 גרם,אמיליאנה קונסרב סוסייטה,,רוטב עגבניות ופלפלים,גרמים,350.00,100 גרם,false,,12.90,3.6857,true,1,195345
7290110554583,false,מארז חטיפי צ'יטוס פאפס בטעם גבינה - 10 יחידות,"שטראוס פריטו ליי בע""\מ )",,מארז ציטוס פאפס גבינ,גרמים,200.00,100 גרם,false,,12.90,6.4500,true,1,190117
7290110554729,false,קפסולות עלית אספרסו 04 תואמות למכונות NESPRESSO,שטראוס קפה בי.וי.,,קפסולות אספרסו 04 תו,Unknown,0.00,יחידה,false,,19.90,0.0000,true,1,198368
7290110555368,false,רבע לשבע טבעוני מרשמלו עלית 125 גרם,"הגביע מוצרי וופלים בע""\מ",,רבע לשבע טבעוני מרשמ,גרמים,125.00,100 גרם,false,,12.90,10.3200,true,1,198352
7290110555603,false,ספלנדיד אבקה להכנת משקה בטעם שוקולטה,שטראוס גרופ בע`מ,,שוקולוטה ספלנדיד 360,גרמים,360.00,100 גרם,false,,23.90,6.6389,true,1,201200
7290110555665,false,קקאו דל שומן עלית בקופסא 220 גרם,שטראוס גרופ בע`מ,,קקאו דל שומן 220 גרם,גרמים,220.00,100 גרם,false,,20.90,9.5000,true,1,201199
7290110556242,false,"שוקולד מריר פרווה 100 גר' בד""ץ תוצרת חוץ","שטראוס גרופ בע""מ.",,פרה שוק.מריר 100ג,גרמים,100.00,100 גרם,false,,5.90,5.9000,true,1,200532
7290110557027,false,חומוס עשיר 50% טחינה גולמית 400 ג' אחלה,שטראוס גרופ בעמ/מצונן,,חומוס הסדרה 50% טחינ,גרמים,400.00,100 גרם,false,,13.90,3.4750,true,1,188645
7290110557102,false,מעדן חלב עם שוקולד מועשר בחלבון 150 ג' שטראוס,שטראוס גרופ בעמ/מצונן,,מעדן חלב עם שוקולד מ,גרמים,150.00,100 גרם,false,,5.90,3.9333,true,1,186140
7290110557133,false,מעדן הגולן וניל 125 ג' שטראוס,שטראוס גרופ בעמ/מצונן,,מעדן הגולן וניל 125,גרמים,125.00,100 גרם,false,,3.20,2.5600,true,1,187032
7290110557317,false,יוגורט בתוספת סידן וויטמין ד עם שיבולת שועל 100 ג' דנונה,שטראוס גרופ בעמ/מצונן,,היוגורט הראשון שלי ש,גרמים,100.00,100 גרם,false,,2.90,2.9000,true,1,196447
7290110557478,false,חומוס גלילי במרקם מעודן 600 גרם,שטראוס גרופ בעמ/מצונן,,חומוס גלילי 600 גרם,גרמים,500.00,100 גרם,false,,13.90,2.7800,true,1,195596
7290110557645,false,מאגדת חטיפים אנרג'י מיקס צימוקים חמוציות 100X4 גרם,שטראוס גרופ בע`מ,,אנרג'י מיקס צימוקים,גרמים,100.00,100 גרם,false,,18.90,18.9000,true,1,198700
7290110558130,false,יוגורט אקטיביה עם שיבולת שועל ודבש 150 גרם,שטראוס גרופ בעמ/מצונן,,אקטיביה עם שיבולת שו,גרמים,150.00,100 גרם,false,,4.60,3.0667,true,1,197166
7290110558154,false,דנונה לייט אנד פרי עוגת תפוחים 150ג דנונה,שטראוס גרופ בעמ/מצונן,,דנונה לייט אנד פרי ע,גרמים,150.00,100 גרם,false,,4.60,3.0667,true,1,198716
7290110558239,false,"וואו יוגורט עם שכבה בטעם קראק פאי 5.4%, 150 ג דנונה",שטראוס גרופ בעמ/מצונן,,קראק פאי WOW,מיליליטרים,150.00,"100 מ""ל",false,,4.50,3.0000,true,1,198711
7290110558253,false,דנונה שייק נונה ריפרש בננה אננס וצ'יה,שטראוס גרופ בעמ/מצונן,,דנונה ריפרש בננה אננ,גרמים,250.00,100 גרם,false,,5.90,2.3600,true,1,197167
7290110558284,false,דנונה ביו מולטי שטראוס 200 גרם,שטראוס גרופ בעמ/מצונן,,דנונה ביו מולטי 200,גרמים,200.00,100 גרם,false,,4.90,2.4500,true,1,198370
7290110558307,false,יוגורט דנונה PRO עם שיבולת שועל במתיקות מעודנת,שטראוס גרופ בעמ/מצונן,,דנונה פרו 20 גרם עם,Unknown,0.00,יחידה,false,,6.90,0.0000,true,1,196348
7290110558314,false,דנונה פרו 20 גרם חלבון ללא סוכר פיסטוק 200 גרם,שטראוס גרופ בעמ/מצונן,,דנונה פרו 20 גרם ללא,גרמים,200.00,100 גרם,false,,5.90,2.9500,true,1,198717
7290110558338,false,דנונה פרו 25 ג' חלבון 200 ג' שטראוס,שטראוס גרופ בעמ/מצונן,,דנונה פרו 25 גרם חלב,Unknown,0.00,יחידה,false,,6.90,0.0000,true,1,196349
7290110558666,false,מעדן גבינה בטעם תפוח 88 ג' דניאלה,שטראוס גרופ בעמ/מצונן,,דניאלה בטעם תפוח 150,מיליליטרים,150.00,"100 מ""ל",false,,4.10,2.7333,true,1,201129
7290110559007,false,"שועועית חומה טעם הטבע קופסה, 380 גרם",שטראוס גרופ בע`מ,,שעועית חומה 380ג שטר,גרמים,380.00,100 גרם,false,,6.90,1.8158,true,1,198707
7290110559014,false,שעועית שחורה מבושלת טעם הטבע 380 גרם,שטראוס גרופ בע`מ,,שעועית שחורה 380ג שט,גרמים,380.00,100 גרם,false,,6.90,1.8158,true,1,198709
7290110559762,false,ריל מאגדת אגוזים תמרים קוקוס שטראוס 105 גרם,"ואמואליס פודס אס.איי,",,ריל מאגדת אגוזים תמר,גרמים,105.00,100 גרם,false,,18.90,18.0000,true,1,198356
7290110560300,false,"הפריכיות הטעימות חומוס, עדשים שחורות, קינואה ופלפל שחור",אנרג'י Energy - שטראוס,,פריכיות משולשות פלפל,Unknown,0.00,יחידה,false,,5.90,0.0000,true,1,132698
7290110560324,false,"הפריכיות הטעימות תפו""א, אורז, אפונה ומלח ים","פרח תעשיו מזון בע""מ",,פריכיות משולשות אפונ,Unknown,0.00,יחידה,false,,5.90,0.0000,true,1,132700
7290110561604,false,מארז 8 יחידות מעדן גמדים בטעם תות בננה,שטראוס גרופ בעמ/מצונן,,שמיניית גמדים תות בנ,גרמים,800.00,100 גרם,false,,19.90,2.4875,true,1,140321
7290110563431,false,"משקה קפה קר בסגנון קלאסי 230 מ""ל 1.6% יוטבתה",שטראוס גרופ בעמ/מצונן,,משקה קפה קר בסגנון ק,מיליליטרים,230.00,"100 מ""ל",false,,7.90,3.4348,true,1,140324
7290110563448,false,"משקה קפה קר בסגנון מעודן 230 מ""ל 1.6% יוטבתה",שטראוס גרופ בעמ/מצונן,,משקה קפה קר בסגנון מ,מיליליטרים,230.00,"100 מ""ל",false,,7.90,3.4348,true,1,140325
7290110563462,false,חלב 2% דל לקטוז בבקבוק יטבתה 1 ליטר.,שטראוס גרופ בעמ/מצונן,,חלב נטול לקטוז יטבתה,קילוגרמים,1.00,ליטר,false,,8.90,8.9000,true,1,140327
7290110564339,false,חומוס אחלה הסידרה המובחר 30% טחינה 400 גר',שטראוס גרופ בעמ/מצונן,,חומוס עשיר ב 30% טחי,גרמים,400.00,100 גרם,false,,13.90,3.4750,true,1,140334
7290110564360,false,חומוס אחלה הסידרה המובחר 40% טחינה 400 גר',שטראוס גרופ בעמ/מצונן,,חומוס עשיר ב 40% טחי,גרמים,400.00,100 גרם,false,,13.90,3.4750,true,1,140335
7290110564414,false,חומוס אחלה הסידרה המובחר 30% טחינה 600 גר',שטראוס גרופ בעמ/מצונן,,חומוס 30% טחינה 600,גרמים,600.00,100 גרם,false,,15.90,2.6500,true,1,140339
7290110564742,false,"משקה קפה קר בסגנון חזק 230 מ""ל 1.2% יוטבתה",שטראוס גרופ בעמ/מצונן,,משקה קפה קר בסגנון ח,מיליליטרים,230.00,"100 מ""ל",false,,7.90,3.4348,true,1,140345
7290110565435,false,מעדן ג`לי בטעם פטל חלבי שטראוס (125 גרם,שטראוס גרופ בעמ/מצונן,,לימבו פטל חלבי 125 ג,גרמים,125.00,100 גרם,false,,2.00,1.6000,true,1,140350
7290110565527,false,יוגורט PRO פרו 1.5% 20 גרם חלבון בגביע,שטראוס גרופ בעמ/מצונן,,דנונה פרו 20 גרם חלב,גרמים,200.00,100 גרם,false,,5.90,2.9500,true,1,140352
7290110565572,false,מארז קפה טורקי עלית לדרך עם הל 168 גרם,שטראוס קפה בי.וי.,,מארז טורקי לדרך עם ה,גרמים,168.00,100 גרם,false,,22.90,13.6310,true,1,132731
7290110566043,false,יוגורט 4.5% שומן 3 ל' שטראוס,"מחלבות בר בכפר בע""מ",,שטראוס יוגורט כד 4.5,קילוגרמים,3.00,ליטר,false,,27.90,9.3000,true,1,140354
7290110566623,false,קפסולות קולומביה עלית 08 למכונת נספרסו מארז 5X10ג',שטראוס קפה בי.וי.,,עלית קפסולות קולומבי,Unknown,0.00,יחידה,false,,16.90,0.0000,true,1,132745
7290110566975,false,דנונה פרו יוגורט 0% תות עשיר בחלבון 200ג',שטראוס גרופ בעמ/מצונן,,דנונה פרו תות 200 גר,גרמים,200.00,100 גרם,false,,5.90,2.9500,true,1,140360
7290110567057,false,צנצנת מסטיק מאסט קוביות מנטה חזקה 66 ג' עלית,"שטראוס גרופ בע""מ",,בוקסי מנטה אקליפטוס,Unknown,0.00,יחידה,false,,9.90,0.0000,true,1,132747
7290110568238,false,"קצפת צמחית 21% שומן 250 מ""ל יוטבתה",שטראוס גרופ בעמ/מצונן,,יטבתה קצפת צמחית 21%,מיליליטרים,250.00,"100 מ""ל",false,,7.90,3.1600,true,1,140368
7290110568276,false,"משקה יוטבתה פרו וניל לשתיה 350מ""ל",שטראוס גרופ בעמ/מצונן,,משקה וניל עם חלבון ח,מיליליטרים,350.00,"100 מ""ל",false,,6.90,1.9714,true,1,140369
7290110568559,false,דוריטוס עלית מארז חמוץ חריף 10 יח' *25 ג',"שטראוס פריטו ליי בע""מ )פ",,מארז דוריטוס חמוץ חר,גרמים,250.00,100 גרם,false,,14.90,5.9600,true,1,133043
7290110568566,false,דוריטוס גריל עלית מארז 10 יח' *25 ג',"שטראוס פריטו ליי בע""מ )פ",,מארז דוריטוס גריל 25,גרמים,250.00,100 גרם,false,,14.90,5.9600,true,1,133044
7290110570224,false,משקה קפה קר בטעם עוגיות (230 גר`) יטבתה,שטראוס גרופ בעמ/מצונן,,משקה קפה קר בטעם עוג,מיליליטרים,230.00,"100 מ""ל",false,,7.90,3.4348,true,1,198723
7290110571184,false,עדשים חומות 380 גר` טעם הטבע שטראוס,שטראוס גרופ בע`מ,,עדשים חומות 380ג שטר,גרמים,380.00,100 גרם,false,,6.90,1.8158,true,1,198708
7290110571382,false,מעדן חלב בטעם וניל מעושר בחלבון 150 ג' שטראוס,שטראוס גרופ בעמ/מצונן,,מעדן חלב עם וניל מוע,גרמים,150.00,100 גרם,false,,5.90,3.9333,true,1,195421
7290110571405,false,עלית - מיני פינוקיות בגביע פסק זמן 180 גרם,שטראוס גרופ בע`מ,,מיני פינוקיות בגביע,גרמים,180.00,100 גרם,false,,11.90,6.6111,true,1,201093
7290110571412,false,מיני פינוקיות - פאדג' שוקולד בגביע 180 גרם,שטראוס גרופ בע`מ,,מיני פינוקיות בגביע,גרמים,180.00,100 גרם,false,,11.90,6.6111,true,1,201091
7290110572129,false,כיף כף מקלות שוקולד לבן 40 ג' עלית,סולן בעבור שטראוס,,כיף כף מקלות שוקולד,Unknown,0.00,יחידה,false,,5.90,0.0000,true,1,201098
7290110572884,false,"קפסולות קפה מספר 20 למכונת אספרס אספרסו, 50 גרם",שטראוס קפה בי.וי.,,עלית קפסולות 20 למכו,Unknown,0.00,יחידה,false,,19.90,0.0000,true,1,201104
7290110572969,false,כיף כף פצפצים עלית קרם לבן (40 גר`),שולן צ'\יקולטה גידה סאן.,,כיף כף פצפצים במילוי,Unknown,0.00,יחידה,false,,5.90,0.0000,true,1,198776
7290110572976,false,כיף כף פצפצים בגביע במילוי קרם בטעם שוקולד לבן,שולן צ'יקולטה גידה ס,,כיף כף פצפצים קרם לב,גרמים,135.00,100 גרם,false,,10.90,8.0741,true,1,198703
7290110576318,false,מאגדת שלישיית שוקולד אגוז לבן 300 ג' עלית,שטראוס גרופ בע`מ,,מאגדת שלישיית אגוז ש,Unknown,0.00,יחידה,false,,29.90,0.0000,true,1,200491
7290110576356,false,"שוקולד ספלנדיד מריר 64% - חלבי , מפולי קקאו מפרו",שטראוס גרופ בע`מ,,ספלנדיד שוקולד מריר,גרמים,100.00,100 גרם,false,,8.90,8.9000,true,1,198322
7290110576363,false,"שוקולד ספלנדיד מריר 80% חלבי ,פולי קקאו מאוגנדה",שטראוס גרופ בע`מ,,ספלנדיד שוקולד מריר,גרמים,100.00,100 גרם,false,,8.90,8.9000,true,1,198321
7290110576370,false,מארז שלישייה שוקולד מריר חלבי עם אגוזי לוז,שטראוס גרופ בע`מ,,מאגדת שלישיית אגוז ש,Unknown,0.00,יחידה,false,,29.90,0.0000,true,1,200493
7290110576387,false,מאגדת שלישיית שוקולד אגוז חלב 300 ג' עלית,שטראוס גרופ בע`מ,,מאגדת שלישיית אגוז ש,Unknown,0.00,יחידה,false,,29.90,0.0000,true,1,200492
7290110576752,false,טבלאות שוקולד ספלנדיד מריר 70% 100 ג' עלית,שטראוס גרופ בע`מ,,ספלנדיד מריר 70 %,Unknown,0.00,יחידה,false,,10.00,0.0000,true,1,201121
7290110576776,false,טבלאות שוקולד ספלנדיד מריר 85% 100 ג' עלית,שטראוס גרופ בע`מ,,ספלנדיד מריר 85% 100,גרמים,100.00,100 גרם,false,,10.00,10.0000,true,1,201122
7290110576790,false,סקי בטעם מוקה 3% (125 גר`) דנונה,שטראוס גרופ בעמ/מצונן,,סקי בטעם מוקה 125 גר,גרמים,125.00,100 גרם,false,,3.90,3.1200,true,1,201127
7290110576868,false,רבעיית גמדים סלט פירוט * 100 ג' שטראוס,שטראוס גרופ בעמ/מצונן,,גמדים סלט פירות 4*10,Unknown,4.00,יחידה,false,,10.90,2.7250,true,1,201132
7290110577230,false,משקה חלב בטעם פיסטוק בבקבוק יטבתה 1 ליטר,שטראוס גרופ בעמ/מצונן,,משקה חלב בטעם פיסטוק,קילוגרמים,1.00,ליטר,false,,11.90,11.9000,true,1,201123
7290110730109,false,נוטרילון קומפורט תרכובת מזון מגיל לידה,דיפלומט מפיצים (1968) בעמ**,,נוטרילון קומפורט 900,גרמים,900.00,100 גרם,false,,99.90,11.1000,true,1,140810
7290110804602,false,אוליב מסכה לשיער פגום 500מ'ל,א.פ.חורי,,אוליב מסכה לשיער פגו,Unknown,0.00,יחידה,false,,29.90,0.0000,true,1,161038
7290111078330,false,סוחט לימון ידני צהוב,,,סוחט לימון ידני צהוב,Unknown,0.00,יחידה,false,,24.90,0.0000,true,1,169612
7290111093760,false,קוויק מטליות לחות לניקוי רצפות ניחוח מרכך כביסה 10 יחידות,שקד תבל בע`מ,,מגב' קוויק לניקוי רצ,Unknown,0.00,יחידה,false,,11.90,0.0000,true,1,194126
7290111097041,false,מגבונים בייביסיטר מבושם שמינייה,קיבוץ עמיר dpl,,מגבונים בייביסיטר שמ,Unknown,0.00,יחידה,false,,24.90,0.0000,true,1,184824
7290111097546,false,קוויק מגבונים 99.9% לניקוי כללי למשטחים בניחוח מרכך כביסה 50 יחידות,שקד תבל בע`מ,,מגב' קוויק ניקוי כלל,Unknown,50.00,יחידה,false,,8.90,0.1780,true,1,194127
7290111097836,false,קוויק מגבונים 99.9% דוחה אבק למשטחים בניחוח מרכך כביסה 50 יחידות,שקד תבל בעמ,,מגב' קוויק דוחה אבק,Unknown,50.00,יחידה,false,,8.90,0.1780,true,1,194128
7290111170720,false,ערכת תספורת וטיפוח לגבר,פוגיקום בעמ,,פוג'יקום ערכת טיפוח,Unknown,0.00,יחידה,false,,99.90,0.0000,true,1,146968
7290111340178,false,מטליות לחות ניקול לניקוי כללי בניחוח מרכך כביסה 50 יח',קימברלי קלארק ישראל שיווק בעמ,,מטליות לחות חד פעמיו,Unknown,50.00,יחידה,false,,10.90,0.2180,true,1,119186
7290111340185,false,מטליות לחות רצפה ניחוח מרכך כביסה ניקול 10 יחידות,קימברלי קלארק ישראל שיווק בעמ,,ניקול מטליות לחות לר,Unknown,10.00,יחידה,false,,10.90,1.0900,true,1,111357
7290111340956,false,ניקול מטליות לחות לרצפה בניחוח פריחה לבנה,קימברלי קלארק ישראל שיווק בעמ,,ניקול מטליות לחות לר,Unknown,0.00,יחידה,false,,11.90,0.0000,true,1,119189
7290111341359,false,ניקול רדיד אלומיניום חסכוני 60 מטר עם סכ,קימברלי קלארק ישראל שיווק בעמ,,ניקול רדיד אלומניום,Unknown,150.00,יחידה,false,,44.90,0.2993,true,1,119190
7290111341366,false,מפיות אירוח איכותיות ונעימות למגע ניקול,קימברלי קלארק ישראל שיווק בעמ,,מפיות לאירוח 150 יחי,Unknown,150.00,יחידה,false,,6.90,0.0460,true,1,119191
7290111341984,false,לילי - מגבוני נייר טואלט לח פיור רביעייה,קימברלי קלארק ישראל שיווק בעמ,,לילי לח PURE מארז רב,Unknown,0.00,יחידה,false,,22.90,0.0000,true,1,119196
7290111342004,false,מגבוני נייר טואלט לחים 56 דף דיספנסר,קימברלי קלארק ישראל שיווק בעמ,,לילי מגבונים לחים קי,Unknown,0.00,יחידה,false,,6.90,0.0000,true,1,119198
7290111342042,false,ניקול כריות יפניות אנטיבקטריאלי 4 יחידות,קימברלי קלארק ישראל שיווק בעמ,,כריות יפניות אנטיבקט,Unknown,0.00,יחידה,false,,10.90,0.0000,true,1,119199
7290111342059,false,50 מטליות מיקרופייבר לשטחים אנטיבקטריאלי ניקול,קימברלי קלארק ישראל שיווק בעמ,,ניקול מטליות לחות אנ,Unknown,0.00,יחידה,false,,10.90,0.0000,true,1,119200
7290111342073,false,מטליות מקרופייבר למשטחים אנטיבקטריאלי ניקול,קימברלי קלארק ישראל שיווק בעמ,,מטליות מיקרופייבר אנ,Unknown,0.00,יחידה,false,,14.90,0.0000,true,1,119201
7290111342738,false,לילי - מגבוני נייר טואלט לח קידס רביעייה,קימברלי קלארק ישראל שיווק בעמ,,מארז לילי לח KIDS רב,Unknown,0.00,יחידה,false,,22.90,0.0000,true,1,119207
7290111343117,false,קלינקס ממחטות לושן סופט פק זוגות 140דף,קימברלי קלארק ישראל שיווק בעמ,,קלינקס לושן סופט פק,Unknown,0.00,יחידה,false,,12.90,0.0000,true,1,167595
7290111343797,false,מטליות לחות לניקוי חלונות 48 יח' ניקול,קימברלי קלארק ישראל שיווק בעמ,,ניקול מטליות לחות לנ,Unknown,0.00,יחידה,false,,10.90,0.0000,true,1,164667
7290111343841,false,ניקול ספוגית הקסם נירוסטה 3 יחידות,קימברלי קלארק ישראל שיווק בעמ,,ספוגית הקסם ניורסטה,Unknown,0.00,יחידה,false,,10.90,0.0000,true,1,164674
7290111343858,false,ניקול מטליות לחות לרצפה אנטיבקרטריאלי 10 יחידות,קימברלי קלארק ישראל שיווק בעמ,,מטליות לחות לניקוי ו,Unknown,0.00,יחידה,false,,10.90,0.0000,true,1,160267
7290111344459,false,קוטוקס תחבושות נייט אקסטרא לונג 20 יח',קימברלי קלארק ישראל שיווק בעמ,,תחבושת קוטקס נייט רק,Unknown,0.00,יחידה,false,,18.90,0.0000,true,1,182340
7290111344503,false,חיתולי האגיס אקסטרה קייר מידה +4 36 יח',קימברלי קלארק ישראל שיווק בעמ,,האגיס אקסטרה קר מידה,Unknown,0.00,יחידה,false,,49.90,0.0000,true,1,182339
7290111344527,false,ניקול שקיות אשפה XXL לפחים ענקיים 20 יחי,קימברלי קלארק ישראל שיווק בעמ,,ניקול שקיות אשפה XXL,Unknown,0.00,יחידה,false,,22.90,0.0000,true,1,170447
7290111344633,false,ניקול משטח ייבוש כלים אנטיבקטריאלי,קימברלי קלארק ישראל שיווק בעמ,,ניקול משטח ייבוש כלי,Unknown,0.00,יחידה,false,,21.90,0.0000,true,1,173574
7290111344701,false,ניקול שקיות אוכל סנדויצון מניונים 250 יחידות,קימברלי קלארק ישראל שיווק בעמ,,ניקול סנדוויצ'ון שקי,Unknown,250.00,יחידה,false,,11.90,0.0476,true,1,200007
7290111344732,false,קלינקס - טיישו אלרג'י קומפורט ניילון זוגות 140 דף,קימברלי קלארק ישראל שיווק בעמ,,קלינקס בעל ספיגת מרב,Unknown,0.00,יחידה,false,,11.90,0.0000,true,1,173575
7290111344824,false,מגן תחתון קוטקס אקסטרא אנטיבקטריאלי לארג',קימברלי קלארק ישראל שיווק בעמ,,מגן תחתון קוטקס אנטי,Unknown,0.00,יחידה,false,,19.90,0.0000,true,1,189900
7290111344831,false,קוטקס - מגיני יום אקסטרא פרוטקט נורמל ביג 60 יח',קימברלי קלארק ישראל שיווק בעמ,,מגן תחתון קוטקס אקסט,Unknown,0.00,יחידה,false,,19.90,0.0000,true,1,189898
7290111344855,false,קוטקס - מגיני יום אקסטרא פרוטקט לארג' ביג 52 יח',קימברלי קלארק ישראל שיווק בעמ,,מגן תחתון קוטקס אקסט,Unknown,0.00,יחידה,false,,19.90,0.0000,true,1,189899
7290111344879,false,קוטקס מגיני תחתון 2IN1 מחזור+שתן 44 יחיד,קימברלי קלארק ישראל שיווק בעמ,,מגן תחתון קוטקס 2 ב-,Unknown,0.00,יחידה,false,,19.90,0.0000,true,1,189901
7290111344930,false,מטליות לחות לרצפה בניחוח כביסה ארומתרפיה ניקול 10 יח',קימברלי קלארק ישראל שיווק בעמ,,ניקול מטליות לחות לר,Unknown,0.00,יחידה,false,,11.90,0.0000,true,1,186914
7290111345050,false,כרית מיקרופייבר דו צדדית לניקוי עדין,קימברלי קלארק ישראל שיווק בעמ,,כרית מיקרופייבר דו צ,Unknown,1.00,יחידה,false,,13.90,13.9000,true,1,187247
7290111345722,false,ניקול שקיות לשמירה על הטריות 5 יחידות,קימברלי קלארק ישראל שיווק בעמ,,שקיות לשמירה הטריות,Unknown,0.00,יחידה,false,,15.90,0.0000,true,1,198507
7290111345760,false,תחבושות נטורל דואו סופר 18 יח' קוטקס,קימברלי קלארק ישראל שיווק בעמ,,תחבושת קוטקס נורמל ד,Unknown,0.00,יחידה,false,,18.90,0.0000,true,1,193216
7290111345777,false,תחבושת קוטקס כותנה לילה 16 יח' קוטקס,קימברלי קלארק ישראל שיווק בעמ,,תחבושת קוטקס נורמל ד,Unknown,0.00,יחידה,false,,18.90,0.0000,true,1,193217
7290111345982,false,ניקול דפי ספוגית הקסם 10 יחידות,קימברלי קלארק ישראל שיווק בעמ,,דפי ספוגית הקסם,Unknown,0.00,יחידה,false,,10.90,0.0000,true,1,194157
7290111346088,false,נייר טואלט מולט דו שכבתי 30 גלילים,קימברלי קלארק ישראל שיווק בעמ,,מולט נייר טואלט דו ש,Unknown,0.00,יחידה,false,,29.90,0.0000,true,1,196772
7290111346125,false,מארז שלישייה מגבוני דיילי קר ללא בישום *56 יח' האגיס,חוגלה קימברלי שיווק בע`מ,,מגבוני האגיס דיילי ק,Unknown,0.00,יחידה,false,,15.90,0.0000,true,1,197352
7290111346132,false,מארז שלישייה מגבוני סנסטיב קר ללא בישום *56 יח' האגיס,חוגלה קימברלי שיווק בע`מ,,מגבוני האגיס סנסטיב,Unknown,0.00,יחידה,false,,15.90,0.0000,true,1,197353
7290111346293,false,מגבת נייר ניקול 6 יחידות מהדורה חגיגית,קימברלי קלארק ישראל שיווק בעמ,,מגבות נייר ניקול 6 ג,Unknown,0.00,יחידה,false,,11.90,0.0000,true,1,196773
7290111346347,false,מגבוני אף אוריגינל סופט חמישיה קלינקס,קימברלי קלארק ישראל שיווק בעמ,,קלינקס אוריגינל אף נ,Unknown,5.00,יחידה,false,,15.90,3.1800,true,1,198557
7290111350092,false,מארז מיקס חטיפי מיני לואקר בסט 200 גר,ליימן שליסל בעמ,,המיטב של לואקר 200 ג,גרמים,200.00,100 גרם,false,,22.90,11.4500,true,1,121110
7290111350665,false,קליית גת דבש לחיץ טהור מפרחי בר 350 גרם,חקלאות עין חרוד מאוח,,דבש טהור לחיץ קליית,גרמים,350.00,100 גרם,false,,21.90,6.2571,true,1,121128
7290111350719,false,חטיף נאצוס הוטפופ בסגנון מסעדות 322 גר,ליימן שליסל בע`מ,,נאצוס חטיף תירס בסגנ,גרמים,322.00,100 גרם,false,,15.90,4.9379,true,1,121132
7290111350726,false,חטיף נאצוס הוטפופ בסגנון מקסיקני 322 גר,ליימן שליסל בע`מ,,נאצוס חטיף מתירס צהו,גרמים,322.00,100 גרם,false,,15.90,4.9379,true,1,121133
7290111351747,false,צ'וקטה טורטיה מקמח חיטה 320 גרם,ליימן שליסל,,טורטיות מקמח חיטה,גרמים,320.00,100 גרם,false,,9.90,3.0938,true,1,121185
7290111352508,false,סילאן טבעי לחיץ קליית גת 840 גרם,ליימן שליסל בע`מ,,סילאן 100% תמרים טבע,גרמים,840.00,100 גרם,false,,21.90,2.6071,true,1,166894
7290111352966,false,יוגטה סוכריות ממולאות בטעם פירות 250 גרם ללא ג'לטין,ליימן שליסל בע`מ,,סוכריות גומי ממולאות,גרמים,250.00,100 גרם,false,,5.90,2.3600,true,1,164350
7290111352973,false,יוגוטה קוביות חמוצות ממולאות בטעם פירות,ליימן שליסל בע`מ,,יוגטה קוביות חמוצות,גרמים,220.00,100 גרם,false,,5.90,2.6818,true,1,173972
7290111353123,false,"גומי נחש מסוכר 200 גר' וסטהיים (כש""לפ בית יוסף)",טופגם תעשיות ממתקים,,יוגטה סוכריות גומי נ,גרמים,200.00,100 גרם,false,,7.90,3.9500,true,1,166846
7290111353239,false,"גומי יין 200 גר' וסטהיים (כש""לפ בית יוסף)",טופגם תעשיות ממתקים,,יוגטה סוכריות גומי י,גרמים,200.00,100 גרם,false,,7.90,3.9500,true,1,166853
7290111353376,false,מארז 100 סוכריות מנטוס שמחות בטעם מנטה 250 גרם,פרפטי ואן מלה ברדה,,סוכריות מנטוס שמחות,Unknown,0.00,יחידה,false,,13.90,0.0000,true,1,169143
7290111353437,false,חטיף בטטה ומלח ים 120 גרם הוט פופ,איץ.סיי גרופ אס.דה א,,חטיף בטטה ומלח ים 12,גרמים,120.00,100 גרם,false,,14.90,12.4167,true,1,170226
7290111353444,false,חטיף בטטות ומלח ים 120 גרם הוט פופ,איץ.סיי גרופ אס.דה א,,חטיף בטטות ומלח ים 1,גרמים,120.00,100 גרם,false,,14.90,12.4167,true,1,170227
7290111353550,false,חמאת בוטנים טבעית קליית גת 300 גרם,ליימן שליסל בע`מ,,חמאת בוטנים טבעית 30,גרמים,300.00,100 גרם,false,,15.90,5.3000,true,1,170229
7290111353567,false,ממרח שקדים טבעי קליית גת 300 גרם,ליימן שליסל בע`מ,,ממרח שקדים 300 גרם,גרמים,300.00,100 גרם,false,,35.90,11.9667,true,1,170232
7290111534010,false,פס גבינה שמנת פירורים קפולסקי 400 גרם,תופינים מקבוצת קפולסקי,,קפולסקי פס גבינה שמנ,גרמים,450.00,100 גרם,false,,39.90,8.8667,true,1,148368
7290111563492,false,סלטי צבר מטבוחה חריפה מרובע 6*400גרם,קבוצת אוסם סחר-שות.מוגבלת,,צבר מטבוחה חריפה מרו,גרמים,400.00,100 גרם,false,,12.90,3.2250,true,1,127289
7290111564239,false,מאגדת מיני קראנץ וניל 5 יח' נסטלה,נגה גלידות שותפות מוגבלת,,מיני קראנץ' וניל 5 י,Unknown,0.00,יחידה,false,,27.90,0.0000,true,1,158142
7290111564277,false,פריכיות דקות ונימוחות 3 דגנים פיטנס Fitness,קבוצת אוסם סחר שותפות מוגבלת,,אסם פיטנס פריכיות 3,Unknown,0.00,יחידה,false,,11.90,0.0000,true,1,127303
7290111564291,false,פריכיות דקות ונימוחות 3 דגנים וקינואה פיטנס Fitness,קבוצת אוסם סחר שותפות מוגבלת,,אסם פיטנס פריכיות דק,גרמים,120.00,100 גרם,false,,11.90,9.9167,true,1,127304
7290111564666,false,כדורי בשר צמחוניים עם המון חלבון,קבוצת אוסם סחר שותפות מוגבלת,,טבעול כדורי בשר מן ה,גרמים,500.00,100 גרם,false,,29.90,5.9800,true,1,127311
7290111564727,false,עוגיות אסם קרמוגית וקרם אגוזים אסם 200ג',קבוצת אוסם סחר שותפות מוגבלת,,אסם קרמוגית במילוי ק,גרמים,200.00,100 גרם,false,,11.90,5.9500,true,1,127314
7290111565038,false,"לה קרמריה וניל קוקילידה בד""צ 1.4 ל'",נגה גלידות שותפות מוגבלת,,לה קרמריה וניל קוקיל,Unknown,0.00,יחידה,false,,19.90,0.0000,true,1,158133
7290111566127,false,מאגדת אוראו מיני סנדוויץ' 6 יח' נסטלה,נגה גלידות שותפות מוגבלת,,אוראו מיני סנדווץ' 6,Unknown,0.00,יחידה,false,,21.90,0.0000,true,1,158143
7290111566226,false,שניצל ברוקולי טבעול 667 גרם,קבוצת אוסם סחר-שות.מוגבלת,,טבעול שניצל ברוקולי,גרמים,667.00,100 גרם,false,,29.90,4.4828,true,1,127344
7290111566240,false,שניצל דק מן הצומח בטעם צ'ילי חריף 700 גרם,קבוצת אוסם סחר שותפות מוגבלת,,טבעול שניצל דק בטעם,גרמים,564.00,100 גרם,false,,29.90,5.3014,true,1,127345
7290111566271,false,טבעול חטיפי תירס 657 גרם קפוא,קבוצת אוסם סחר שותפות מוגבלת,,טבעול חטיפי תירס 657,גרמים,657.00,100 גרם,false,,29.90,4.5510,true,1,127346
7290111566318,false,שניצל דק מן הצומח בטעם ביתי 700 גרם,קבוצת אוסם סחר שותפות מוגבלת,,טבעול שניצל דק מן הצ,גרמים,564.00,100 גרם,false,,29.90,5.3014,true,1,127348
7290111566332,false,"נקניקיות וינר מן הצומח 680 גרם ""טבעול""",קבוצת אוסם סחר שותפות מוגבלת,,טבעול נקניקיות וינר,גרמים,680.00,100 גרם,false,,29.90,4.3971,true,1,127349
7290111566547,false,טבעול חזה בגריל צמחוני 99 קלוריות 560ג',קבוצת אוסם סחר שותפות מוגבלת,,טבעול חזה בגריל צמחו,גרמים,560.00,100 גרם,false,,29.90,5.3393,true,1,127355
7290111566585,false,"שניצל צמחוני 99 קלוריות 650 גר' ""טבעול""",קבוצת אוסם סחר שותפות מוגבלת,,טבעול שניצל צמחוני 9,גרמים,600.00,100 גרם,false,,29.90,4.9833,true,1,127357
7290111566660,false,קציצות עדשים כתומות טבעול 530 גרם,קבוצת אוסם סחר שותפות מוגבלת,,טבעול קציצות עדשים כ,גרמים,530.00,100 גרם,false,,29.90,5.6415,true,1,127359
7290111566691,false,"שניצל תרד 99 קלוריות 560 גרם ""טבעול""",קבוצת אוסם סחר-שות.מוגבלת,,טבעול שניצל תרד 99 ק,גרמים,560.00,100 גרם,false,,29.90,5.3393,true,1,127360
7290111566714,false,טבעול המבורגר צמחוני 99 קלוריות 600 גרם,קבוצת אוסם סחר שותפות מוגבלת,,טבעול המבורגר צמחוני,גרמים,600.00,100 גרם,false,,29.90,4.9833,true,1,127361
7290111566752,false,טבעול שניצל תירס 99 קלוריות 693 גרם,קבוצת אוסם סחר שותפות מוגבלת,,טבעול שניצל תירס 99,גרמים,693.00,100 גרם,false,,29.90,4.3146,true,1,127363
7290111566776,false,"נקניקיות קוקטייל מן הצומח 680 גרם ""טבעול""",קבוצת אוסם סחר שותפות מוגבלת,,טבעול נקניקיות קוקטי,גרמים,680.00,100 גרם,false,,29.90,4.3971,true,1,127364
7290111568206,false,ביסלי פארטי מיקס אסם 150 גר',קבוצת אוסם סחר שותפות מוגבלת,,אסם ביסלי פארטי מיקס,גרמים,150.00,100 גרם,false,,9.90,6.6000,true,1,174997
7290111568251,false,אטריות נודלס להקפצה אסם אסייתי 350 גר',קבוצת אוסם סחר שותפות מוגבלת,,אסם נודלס איטריות לה,גרמים,350.00,100 גרם,false,,10.90,3.1143,true,1,127380
7290111568961,false,אסם בייגלה טבעות מלוח 400 גר`,קבוצת אוסם סחר שותפות מוגבלת,,אסם בייגלה טבעות מלח,גרמים,400.00,100 גרם,false,,10.90,2.7250,true,1,127396
7290111664106,false,כפית ורסאי קרם 10 יחידות,,,כפית ורסאי קרם,Unknown,0.00,יחידה,false,,4.90,0.0000,true,1,180073
7290111678202,false,צלחת OPAL מרובעת 19*,,,צלחת OPAL מרובעת 19*,Unknown,0.00,יחידה,false,,8.90,0.0000,true,1,193258
7290111708176,false,רשת צלייה,,,רשת צלייה,Unknown,0.00,יחידה,false,,19.90,0.0000,true,1,151954
7290111870798,false,משאבה עם בלונים פרוזן,,,סט זוג משאבה עם בלונ,Unknown,0.00,יחידה,false,,15.00,0.0000,true,1,129105
7290111873140,false,נרות מטה כוכבים פרוזן יח,סודי,,נרות מטה כוכבים פרוז,Unknown,0.00,יחידה,false,,6.00,0.0000,true,1,129123
7290111873614,false,קערה במבוק כח פי ג'יי יח,שמחה זה אנחנו בע`מ,,קערה במבוק - כוח פי,Unknown,0.00,יחידה,false,,12.90,0.0000,true,1,129132
7290111873621,false,צלחת במבוק כח פי ג'יי '9,שמחה זה אנחנו בע`מ,,צלחת במבוק 23 - כח פ,Unknown,0.00,יחידה,false,,16.90,0.0000,true,1,129133
7290111874154,false,שקית 10 מודפס לבבות,,,שקית 10 מודפס לבבות,Unknown,0.00,יחידה,false,,10.00,0.0000,true,1,129135
7290111930799,false,קראנצ'וס טעם בצל 55גר,ש. שסטוביץ בע`מ,,קראנצוס בצל 70 גרם,Unknown,0.00,יחידה,false,,3.90,0.0000,true,1,128350
7290111930805,false,קראנצ'וס טעם ברביקיו 55 גר',ש. שסטוביץ בע`מ,,קראנצוס ברביקיו 70 ג,Unknown,0.00,יחידה,false,,3.90,0.0000,true,1,128351
7290111930850,false,קראנצ'וס טעם פיצה 55גר',ש. שסטוביץ בע`מ,,קראנצוס פיצה 70 גרם,Unknown,0.00,יחידה,false,,3.90,0.0000,true,1,128356
7290111930898,false,חטיף פוף כוכבים גריל אמריקאי 40 גרם,ש. שסטוביץ בע`מ,,פוף כוכבים גריל אמרי,Unknown,0.00,יחידה,false,,3.90,0.0000,true,1,128360
7290111930904,false,חטיף פוף כוכבים בצל 40 גרם,ש. שסטוביץ בע`מ,,פוף כוכבים בצל 40 גר,Unknown,0.00,יחידה,false,,3.90,0.0000,true,1,128361
7290111930911,false,חטיף פוף לבבות קלאסי 40 גרם,ש. שסטוביץ בע`מ,,פוף לבבות קלאסי 40 ג,Unknown,0.00,יחידה,false,,3.90,0.0000,true,1,128362
7290111930928,false,חטיף פוף לבבות גריל 40 גרם,ש. שסטוביץ בע`מ,,פוף לבבות רגיל 40 גר,Unknown,0.00,יחידה,false,,3.90,0.0000,true,1,128363
7290111930935,false,חטיף פוף טבעות קלאסי 40 גרם,ש. שסטוביץ בע`מ,,פוף לבבות קלאסי 40 ג,Unknown,0.00,יחידה,false,,3.90,0.0000,true,1,128364
7290111932380,false,"מרידול משחת שיניים מארז 75X2מ""ל כשל""פ",ש.שסטוביץ בעמ,,מרידול מארז זוג 75 מ,Unknown,0.00,יחידה,false,,29.90,0.0000,true,1,128379
7290111932502,false,"משחת שיניים קולגייט אופטיק וייט אקספרט וויט 75 מ""ל",ש.שסטוביץ בעמ,,קולגייט אופטיק ווייט,מיליליטרים,75.00,"100 מ""ל",false,,29.90,39.8667,true,1,128381
7290111933509,false,שקדי מרק מנה 300 גרם,ש. שסטוביץ בע`מ,,מנה שקדי מרק 300 גרם,גרמים,300.00,100 גרם,false,,5.90,1.9667,true,1,128391
7290111933561,false,מאסטר שף תערובת ציפוי נגטס 250 גרם,טסט וסנט קו.לטד,,מנה תערובת ציפוי נגט,גרמים,250.00,100 גרם,false,,7.90,3.1600,true,1,128394
7290111935527,false,"מ. שיניים קולגייט טוטל קלין מיניט -זוג כשל""פ2*100 גרם",קולגייט פלמוליב,,קולגייט טוטל קלין מי,Unknown,0.00,יחידה,false,,32.90,0.0000,true,1,128402
7290111935961,false,מאסטר שף מחית עגבניות 690 גרם,פראנו אנריקו ופיגלי,,מאסטר שף מחית עגבניו,גרמים,690.00,100 גרם,false,,11.90,1.7246,true,1,128410
7290111936296,false,"פלמוליב סבון נוזלי בניחוח סנסיישן מסאז' ,750 מ""ל",קולגייט פלמוליב,,פלמוליב ארומה סנסייש,מיליליטרים,750.00,"100 מ""ל",false,,19.90,2.6533,true,1,128416
7290111937231,false,פרי מארז חטיפים 5 יחידות תמרים וקוקוס כשלפ,"טבעית מוצרים מהטבע בע""\מ",,פרי מארז חטיפים תמרי,Unknown,0.00,יחידה,false,,16.90,0.0000,true,1,128424
7290111938481,false,"רוטב סויה בהירה מאסטר שף 300 מ""ל",ש. שסטוביץ בע`מ,,מאסטר שף רוטב סויה ב,מיליליטרים,300.00,"100 מ""ל",false,,9.90,3.3000,true,1,159329
7290111939181,false,קוקי כיסוי ניילון עם גומי מיקס מידות,ש.שסטוביץ בעמ,,קוקי ניילון נצמד עם,Unknown,0.00,יחידה,false,,10.90,0.0000,true,1,110504
7290111976780,false,שמיכת כבש 150X200,,,שמיכת כבש 150X200,Unknown,0.00,יחידה,false,,59.90,0.0000,true,1,192021
7290111976797,false,שמיכת כבש 220X200,,,שמיכת כבש 220X200,Unknown,0.00,יחידה,false,,99.90,0.0000,true,1,192022
7290111978951,false,מייבש חסה גמבו,,,מייבש חסה גמבו,Unknown,0.00,יחידה,false,,59.90,0.0000,true,1,168987
7290111979279,false,משטח ספיגה ליבוש כלים,,,משטח ייבוש כלים SILK,Unknown,0.00,יחידה,false,,10.00,0.0000,true,1,187643
7290111979897,false,סט מצעים קיץ יחיד Ho,,,סט מצעים קיץ יחיד Ho,Unknown,0.00,יחידה,false,,49.90,0.0000,true,1,185574
7290112000057,false,וולייט גל גולד 3 ליטר לשמירה על הבגד,רקיט בנקיזר (ניר איסט) בעמ,,וולייט ג'ל גולד לשמי,קילוגרמים,3.00,ליטר,false,,19.90,6.6333,true,1,134144
7290112000156,false,"איירוויק מילוי מפיץ אדים אוטמטי לבנדר 20 מ""ל",רקיט בנקיזר (ניר איסט) בעמ,,אירוויק מילוי מפיץ א,Unknown,0.00,יחידה,false,,19.90,0.0000,true,1,201899
7290112000163,false,מילוי למפזר אדים בניחוח יסמין ואדמונית,רקיט בנקיזר (ניר איסט) בעמ,,איירויק מילוי מפיץ א,Unknown,0.00,יחידה,false,,19.90,0.0000,true,1,201898
7290112000286,false,"גל לניקוי אסלות סיליט באנג לימון 750 מ""ל",רקיט בנקיזר (ניר איסט) בעמ,,סיליט ג'ל אסלות לימו,מיליליטרים,750.00,"100 מ""ל",false,,13.90,1.8533,true,1,134153
7290112000385,false,מנקה ומחטא עוצמתי למטבח ללא אקונומיקה,רקיט בנקיזר (ניר איסט) בעמ,,דטול תרסיס למטבח 750,מיליליטרים,750.00,"100 מ""ל",false,,14.90,1.9867,true,1,111493
7290112000392,false,מנקה ומחטא עוצמתי לחדר האמבטיה ללא אקונומיקה,רקיט בנקיזר (ניר איסט) בעמ,,דטול תרסיס לאמבטיה 7,מיליליטרים,750.00,"100 מ""ל",false,,14.90,1.9867,true,1,111494
7290112000408,false,מנקה ומחטא עוצמתי לניקוי כללי בניחוח לימון,רקיט בנקיזר (ניר איסט) בעמ,,דטול תרסיס לניקוי כל,מיליליטרים,750.00,"100 מ""ל",false,,14.90,1.9867,true,1,111495
7290112000712,false,ויט קרם להסרת שיער לגבר למקלחת 150 מל,רקיט בנקיזר (ניר איסט) בעמ,,ויט לגבר קרם למקלחת,Unknown,0.00,יחידה,false,,39.90,0.0000,true,1,111496
7290112000729,false,ויט קרם להסרת שיער לגבר 200 מל,רקיט בנקיזר צרפת,,"ויט לגבר קרם 200 מ""ל",Unknown,0.00,יחידה,false,,54.90,0.0000,true,1,134158
7290112000798,false,"דיטול תרסיסי חיטוי וניקוי אנטי בקטריאלי 750 מ""ל",רקיט בנקיזר (ניר איסט) בעמ,,דטול תרסיס חיטוי אנט,מיליליטרים,750.00,"100 מ""ל",false,,14.90,1.9867,true,1,111497
7290112000873,false,מטליות לחות לחדר האמבטיה מנקה ומחטא עוצמתי,רקיט בנקיזר (ניר איסט) בעמ,,דטול מגבונים לאמבטיה,Unknown,60.00,יחידה,false,,12.90,0.2150,true,1,111499
7290112001221,false,מנקה מכונת כביסה בניחוח נקי ורענן,רקיט בנקיזר (ניר איסט) בעמ,,קולון מנקה מכונה רגי,מיליליטרים,250.00,"100 מ""ל",false,,19.90,7.9600,true,1,134164
7290112001238,false,"מנקה מכונת כביסה קולון לימון 250 מ""ל",רקיט בנקיזר (ניר איסט) בעמ,,קולון מנקה מכונה לימ,מיליליטרים,250.00,"100 מ""ל",false,,19.90,7.9600,true,1,134165
7290112001436,false,"פיניש מנקה מדיח כלים בניחוח לימון 250 מ""ל",רקיט בנקיזר (ניר איסט) בעמ,,פיניש מנקה מדיח בניח,מיליליטרים,250.00,"100 מ""ל",false,,14.90,5.9600,true,1,134166
7290112001870,false,"סיליט באנג ספריי ניקוי אמבטיה 750 מ""ל",רקיט בנקיזר (ניר איסט) בעמ,,סיליט באנג אמבטיות 7,מיליליטרים,750.00,"100 מ""ל",false,,13.90,1.8533,true,1,111501
7290112001900,false,פיניש ג'ל למדיח אקולוגי 1 ליטר,רקיט בנקיזר (ניר איסט) בעמ,,פיניש ג'ל 1 ליטר אקו,קילוגרמים,1.00,ליטר,false,,42.90,42.9000,true,1,134171
7290112002044,false,טבליות פיניש מנקה מדיח 3 יח,רקיט בנקיזר (ניר איסט) בעמ,,פיניש מנקה מדיח טבלי,Unknown,0.00,יחידה,false,,19.90,0.0000,true,1,134173
7290112002136,false,ג'ל כביסה מרוכז קולון 101 קלאסי,רקיט בנקיזר (ניר איסט) בעמ,,קולון גל רגיל כחול 4,קילוגרמים,4.00,ליטר,false,,34.90,8.7250,true,1,134174
7290112002143,false,ג'ל כביסה מרוכז קולון 101 בניחוח לילך,רקיט בנקיזר (ניר איסט) בעמ,,קולון גל לילך סגול 4,קילוגרמים,4.00,ליטר,false,,34.90,8.7250,true,1,134175
7290112002150,false,ג'ל כביסה מרוכז קולון 101 בניחוח ורדים,רקיט בנקיזר (ניר איסט) בעמ,,קולון גל בניחוח ורדי,קילוגרמים,4.00,ליטר,false,,34.90,8.7250,true,1,134176
7290112002167,false,קולון ג'ל כביסה בניחוח פריחה מרענן ירוק 4 ליטר,רקיט בנקיזר (ניר איסט) בעמ,,קולון גל בניחוח פריח,קילוגרמים,4.00,ליטר,false,,34.90,8.7250,true,1,134177
7290112002457,false,דטול - שלישיית מגבונים לניקוי וחיטוי בניחוח לימון,רקיט בנקיזר (ניר איסט) בעמ,,דטול מגבונים חיטוי ו,Unknown,0.00,יחידה,false,,24.90,0.0000,true,1,169112
7290112002990,false,"סיליט ספריי אבקת סודה להסרת שומנים 750 מ""ל",רקיט בנקיזר (ניר איסט) בעמ,,סיליט הסרת שומנים א.,Unknown,0.00,יחידה,false,,13.90,0.0000,true,1,161422
7290112003140,false,"אירוויק ספרי אוטמטי מילוי מנגו מרענן 250 מ""ל",RECKITT BENCKISER UK,,איירוויק פרשמטיק מי,מיליליטרים,250.00,"100 מ""ל",false,,14.90,5.9600,true,1,187775
7290112003188,false,קולון קפסולות ג'ל 60 יח' אריזת חיסכון,רקיט בנקיזר (ניר איסט) בעמ,,קולון קפסולות ג'ל לכ,Unknown,0.00,יחידה,false,,56.90,0.0000,true,1,167574
7290112003478,false,"מבשם אוויר אירוויק ספריי אננס ורוזמרין 236 מ""ל",רקיט בנקיזר,,אירוויק ספריי אננס ו,Unknown,0.00,יחידה,false,,19.90,0.0000,true,1,169786
7290112004109,false,מטליות לחות לניקוי כללי וחיטוי בריח ליים ונענע- מארז,רקיט בנקיזר (ניר איסט) בעמ,,דטול מגבונים חיטוי ו,Unknown,0.00,יחידה,false,,24.90,0.0000,true,1,169111
7290112004192,false,פיניש טבליות אקולוגי למדיח 70יח,רקיט בנקיזר (ניר איסט) בעמ,,פיניש טבליות למדיח א,Unknown,0.00,יחידה,false,,54.90,0.0000,true,1,183397
7290112004314,false,"דטול - תרסיס חיטוי וניקוי בניחוח לימון רימונים 750 מ""ל",רקיט בנקיזר (ניר איסט) בעמ,,דטול תרסיס מנקה ומחט,Unknown,0.00,יחידה,false,,14.90,0.0000,true,1,183398
7290112004413,false,"ספריי וניש קליה להסרת כתמים לבגדים לבנים 750 מ""ל",רקיט בנקיזר (ניר איסט) בעמ,,וניש ספריי הסרת כתמי,Unknown,0.00,יחידה,false,,16.90,0.0000,true,1,195809
7290112004604,false,דטול - שלישיית מגבונים לניקוי וחיטוי בניחוח לימון רימונים,רקיט בנקיזר (ניר איסט) בעמ,,דטול מארז שלישיה מטל,Unknown,0.00,יחידה,false,,24.90,0.0000,true,1,183400
7290112004611,false,"וניש קליה ג'ל מרוכז לטיפול נקודתי בכתמים 200 מ""ל",רקיט בנקיזר (ניר איסט) בעמ,,וניש קליה פאואר ג'ל,מיליליטרים,200.00,"100 מ""ל",false,,16.90,8.4500,true,1,190685
7290112004703,false,וניש תוסף כביסה גל מרוכז-כביסה צבעונית,רקיט בנקיזר (ניר איסט) בעמ,,"וניש ג""ל שקוף ורוד",מיליליטרים,750.00,"100 מ""ל",false,,19.90,2.6533,true,1,201099
7290112004710,false,וניש תוסף כביסה גל מרוכז-כביסה לבנה,רקיט בנקיזר (ניר איסט) בעמ,,"וניש ג""ל שקוף לבן 7",מיליליטרים,750.00,"100 מ""ל",false,,19.90,2.6533,true,1,201100
7290112004772,false,אירוויק מילוי מבשם חשמלי כביסה באוויר,רקיט בנקיזר (ניר איסט) בעמ,,איירוויק מילוי מבשם,Unknown,0.00,יחידה,false,,13.90,0.0000,true,1,197429
7290112004963,false,"פיניש אולטימייט קפסולות לניקוי כלים במדיח, 25 יחידות",רקיט בנקיזר (ניר איסט) בעמ,,פיניש אולטימייט 25,Unknown,0.00,יחידה,false,,39.90,0.0000,true,1,198397
7290112004970,false,פיניש אולטימייט קוואנטום 50 טבליות למדיח,רקיט בנקיזר (ניר איסט) בעמ,,פיניש אולטימייט 50,Unknown,0.00,יחידה,false,,59.90,0.0000,true,1,198398
7290112005045,false,וניש מסיר כתמים אבקה לכביסה לבנה 480 גרם,רקיט בנקיזר (ניר איסט) בעמ,,וניש אבקה לכביסה לבנ,גרמים,480.00,100 גרם,false,,16.90,3.5208,true,1,197872
7290112005052,false,וניש תוסף כביסה רב תכליתי לבגדים לבנים,רקיט בנקיזר (ניר איסט) בעמ,,וניש אבקה לכביסה לבנ,גרמים,1500.00,100 גרם,false,,39.90,2.6600,true,1,197870
7290112005076,false,וניש תוסף כביסה רב תכליתי צבעוני 480 גרם,רקיט בנקיזר (ניר איסט) בעמ,,וניש אבקה לכביסה צבע,גרמים,480.00,100 גרם,false,,16.90,3.5208,true,1,197873
7290112005083,false,וניש תוסף כביסה רב תכליתי לכביסה צבעונית,רקיט בנקיזר (ניר איסט) בעמ,,וניש אבקה לכביסה צבע,גרמים,1500.00,100 גרם,false,,39.90,2.6600,true,1,197871
7290112005168,false,פיניש אולטימייט קוואנטום לימון 60 טבליות למדיח,רקיט בנקיזר (ניר איסט) בעמ,,פיניש קוואנטום לימון,Unknown,0.00,יחידה,false,,59.90,0.0000,true,1,198399
7290112192561,false,"משחת שיניים פרודונטקס הגנה מלאה מרעננת הלבנה 75 מ""ל",ג'י.אס.קיי קונסיומר,,משחת שיניים פרודונטק,Unknown,0.00,יחידה,false,,34.90,0.0000,true,1,156477
7290112192875,false,"סנסודיין - משחת שיניים רגישות וחניכיים 75 מ""ל",סנסודיין Sensodyne,,משחת שיניים סנסודיין,Unknown,0.00,יחידה,false,,34.90,0.0000,true,1,156475
7290112192882,false,"סנסודיין - משחת שיניים רגישות וחניכיים מלבינה 75 מ""ל",ג'י.אס.קיי קונסיומר,,משחת שיניים סנסודיין,Unknown,0.00,יחידה,false,,34.90,0.0000,true,1,156476
7290112193278,false,"סטייל - שמפו מתולתלות לניקוי יסודי 600 מ""ל",א.ל.ארמן ייצור תמרוקים ב,,סטייל שמפו מתולתלות,Unknown,0.00,יחידה,false,,22.90,0.0000,true,1,197440
7290112197085,false,"סטייל - סבון מעוצב פריז 500 מ""ל",רנקסאן פלסטיק יאנגר,TR,סבון מעוצב פריז 500,מיליליטרים,500.00,"100 מ""ל",false,,9.90,1.9800,true,1,202460
7290112330352,false,"יוגורט PRO בטעם וניל 0% , 20 גרם חלבון בגביע",שטראוס גרופ בעמ/מצונן,,דנונה פרו וניל 200 ג,גרמים,200.00,100 גרם,false,,5.90,2.9500,true,1,140378
7290112330390,false,דנונה פרו פירות יער 20 גרם חלבון 0% שומן 200 גרם,שטראוס גרופ בעמ/מצונן,,דנונה פרו פירות יער,גרמים,200.00,100 גרם,false,,5.90,2.9500,true,1,140380
7290112330420,false,דנונה פרו לבן 2.9% שומן בודד 150גר,שטראוס גרופ בעמ/מצונן,,דנונה פרו לבן 2.9%,מיליליטרים,150.00,"100 מ""ל",false,,4.60,3.0667,true,1,140382
7290112332585,false,פריכיות משולש תפוא אורז בתיבול סלק ומלח ים אנרג'י 30 גרם,"פרח תעשיו מזון בע""מ",,"פריכיות תפו""א אורז ב",Unknown,0.00,יחידה,false,,5.90,0.0000,true,1,132804
7290112332691,false,פינוקיות עוגיות קרם פסק זמן אגוזים 200 גרם,"הגביע מוצרי וופלים בע""\מ",,עוגיות קרם פסק זמן א,גרמים,200.00,100 גרם,false,,11.90,5.9500,true,1,132806
7290112332899,false,עלית - צנצנת בזוקה פופים קלאסי 58 גרם,שטראוס גרופ בע`מ,,צנצנת בזוקה פופים קל,Unknown,0.00,יחידה,false,,9.90,0.0000,true,1,132810
7290112334749,false,קפה טורקי בצלופן עלית 200 גרם+ 10% תוספת,שטראוס קפה בי.וי,,טורקי עלית 200 גרם +,גרמים,220.00,100 גרם,false,,15.70,7.1364,true,1,190687
7290112335050,false,מרשמלו וניל 150 גרם ווסטהים,טופגאם תעשיות ממתקים,,"מרשמלו קלאסי כשל""פ 1",גרמים,150.00,100 גרם,false,,6.90,4.6000,true,1,132816
7290112335111,false,מסטיק מאסט קוביות בזוקה ללא גלוטן 86 גר,שטראוס גרופ בע`מ,,מאסט קוביותבטעם בזוק,Unknown,0.00,יחידה,false,,14.90,0.0000,true,1,132819
7290112335487,false,הפריכיות הטעימות קצח ודגנים אנרג'י 135 גרם,אנרג'י Energy - שטראוס,,הפריכיות הטעימות קצח,גרמים,135.00,100 גרם,false,,12.90,9.5556,true,1,132820
7290112335494,false,הפריכיות הטעימות תפוחי אדמה בטעם פוטטוס,"פרח תעשיות מזון בע""\מ",,הפריכיות הטעימות פוט,גרמים,135.00,100 גרם,false,,12.90,9.5556,true,1,132821
7290112335500,false,"פרכיות אנרג'י חומוס,אורז,עדשים שחורות וקינואה 135 גרם","פרח תעשיות מזון בע""\מ",,הפריכיות הטעימות חלב,גרמים,135.00,100 גרם,false,,12.90,9.5556,true,1,132822
7290112336637,false,סוכריות מאסט Must ללא סוכר יוגורט תות ואוכניות,שטראוס גרופ בע`מ,,סוכריות MUST ללא סוכ,Unknown,0.00,יחידה,false,,6.90,0.0000,true,1,132835
7290112336644,false,סוכריות מאסט ללא סוכר לימון 80 ג' עלית,שטראוס גרופ בע`מ,,סוכריות MUST ללא סוכ,Unknown,0.00,יחידה,false,,6.90,0.0000,true,1,113928
7290112336651,false,סוכריות מאסט ללא סוכר ריבת חלב 80 ג' עלית,שטראוס גרופ בע`מ,,סוכריות MUST ללא סוכ,Unknown,0.00,יחידה,false,,6.90,0.0000,true,1,132836
7290112336712,false,יוגורט PRO לבן 0% 21 גרם חלבון בגביע,שטראוס גרופ בעמ/מצונן,,דנונה פרו 21 גרם חלב,גרמים,200.00,100 גרם,false,,5.90,2.9500,true,1,140408
7290112337481,false,סוכריות מאסט ללא סוכר קפצ''ינו 80 ג' עלית,שטראוס גרופ בע`מ,,סוכריות MUST ללא סוכ,Unknown,0.00,יחידה,false,,6.90,0.0000,true,1,132840
7290112338877,false,מעדן גבינה בטעם תות 3% 125ג' סקי,שטראוס גרופ בעמ/מצונן,,סקי גבינת תות 3% 125,גרמים,125.00,100 גרם,false,,3.90,3.1200,true,1,140410
7290112339362,false,דנונה לייט אנד פריי בטעם קפוצ'ינו 150 גרם,שטראוס גרופ בעמ/מצונן,,דנונה לייט אנד פריי,גרמים,150.00,100 גרם,false,,4.60,3.0667,true,1,140424
7290112339867,false,גמדים לדרך גבינה לבנה עם מחית תות,שטראוס גרופ בעמ/מצונן,,גמדים סקוויז תות בו,גרמים,100.00,100 גרם,false,,5.90,5.9000,true,1,140440
7290112339874,false,גמדים לדרך גבינה לבנה עם מחיות תות ובננה,שטראוס גרופ בעמ/מצונן,,גמדים סקוויז תות בננ,גרמים,100.00,100 גרם,false,,5.90,5.9000,true,1,140441
7290112340122,false,הפריכיות הטעימות 3 דגנים אנרג'י 135 גרם,"פרח תעשיות מזון בע""\מ",,הפריכיות הטעימות 3 ד,גרמים,135.00,100 גרם,false,,12.90,9.5556,true,1,132849
7290112340245,false,מסטיק מאסט צנצנת בטעם דובדבן 66 גר` מגדי,"שטראוס גרופ בע""\מ",,מאסט צנצנת בטעם דובד,Unknown,0.00,יחידה,false,,9.80,0.0000,true,1,132850
7290112340252,false,צנצנת מסטיק מאסט בטעם אבטיח מלון 66 ג' עלית,"שטראוס גרופ בע""\מ",,מאסט צנצנת בטעם אבטי,Unknown,0.00,יחידה,false,,9.80,0.0000,true,1,132851
7290112340276,false,פינוקיות עוגיית קרם קפה נמס 200 גרם,"הגביע מוצרי וופלים בע""\מ",,עוגיות קרם קפה נמס 2,גרמים,200.00,100 גרם,false,,11.90,5.9500,true,1,132853
7290112341556,false,יוגורט אקטיביה עם צ'יה ותות 150 גרם,שטראוס גרופ בעמ/מצונן,,אקטיביה עם צ'יה ותות,גרמים,150.00,100 גרם,false,,4.60,3.0667,true,1,140453
7290112341679,false,אקטיביה יוגורט 3% דנונה (200 גרם),שטראוס גרופ בעמ/מצונן,,אקטיביה 3% 200 גרם,גרמים,200.00,100 גרם,false,,3.70,1.8500,true,1,140454
7290112341686,false,שמינייה יוגורט לבן אקטיביה 3% דנונה 150 גרם.,שטראוס גרופ בעמ/מצונן,,מארז אקטיביה שמינייה,Unknown,0.00,יחידה,false,,21.90,0.0000,true,1,140455
7290112342102,false,סימפוניה גבינה במרקם שמנת בצל מקורמל 5%,שטראוס גרופ בעמ/מצונן,,סימפוניה בצל מקורמל,גרמים,200.00,100 גרם,false,,10.90,5.4500,true,1,140463
7290112342270,false,קפה פלטינום אינטנס מחוזק ב- 10% אספרסו,שטראוס קפה בי.וי,,פלטינום אינטנס 10% א,גרמים,125.00,100 גרם,false,,21.90,17.5200,true,1,132875
7290112343260,false,"יטבתה רוטב שמנת קלאסי 9% שומן 260 מ""ל",שטראוס גרופ בעמ/מצונן,,יטבתה רוטב שמנת קלאס,גרמים,260.00,100 גרם,false,,10.50,4.0385,true,1,140471
7290112343420,false,"משקה חלב עם דגנים מלאים ובננה פרו יטבתה 350מ""ל",שטראוס גרופ בעמ/מצונן,,יטבתה פרו ארוחת בוקר,מיליליטרים,350.00,"100 מ""ל",false,,7.90,2.2571,true,1,140474
7290112343499,false,חטיף צ'יטוס פאפס אפוי בטעם גבינה,"שטראוס פריטו ליי בע""\מ )",,צ'יטוס בטעם גבינה 55,Unknown,0.00,יחידה,false,,3.10,0.0000,true,1,186654
7290112343512,false,צ'יטוס puffs בטעם גבינה 180 גרם,"שטראוס פריטו ליי בע""\מ )",,ציטוס בטעם גבינה 160,גרמים,160.00,100 גרם,false,,7.90,4.9375,true,1,186655
7290112344724,false,מילקי בטעם שוקולד בלונדי עם קצפת 133גר,שטראוס גרופ בעמ/מצונן,,מילקי בטעם שוקולד בל,Unknown,0.00,יחידה,false,,3.50,0.0000,true,1,190397
7290112344755,false,מילקי עם 26% פחות סוכר 135 גר}שטראוס{,שטראוס גרופ בעמ/מצונן,,מילקי עם 26% פחות סו,מיליליטרים,170.00,"100 מ""ל",false,,2.90,1.7059,true,1,170348
7290112344786,false,קפה פלטינום קלאסיק עלית 200 גרם,הנסיך- מפעל לייצור ט,,פלטינום קלאסיק 200 ג,גרמים,200.00,100 גרם,false,,25.90,12.9500,true,1,157474
7290112344953,false,סימפוניה חציל קלוי גבינה במקרם שמנת 5%,שטראוס גרופ בעמ/מצונן,,סימפוניה חציל קלוי 2,גרמים,200.00,100 גרם,false,,10.90,5.4500,true,1,176832
7290112345219,false,מארז קפה ברזילאי 25 סטיקים פלטינום 50 ג',שטראוס גרופ בעמ,,מארז 25 סטיקים פלטינ,Unknown,0.00,יחידה,false,,11.90,0.0000,true,1,132884
7290112345356,false,מסטיק נוסטלגיה לימון,שטראוס גרופ,,מסטיק לימון נוסטלגיה,Unknown,0.00,יחידה,false,,6.90,0.0000,true,1,167439
7290112346360,false,בפלות אחת אחת ופל בטעם שוקולד מצופה שוקולד,הגביע מוצרי וופלים ב,,בפלות אחת אחת בציפוי,גרמים,180.00,100 גרם,false,,14.90,8.2778,true,1,132893
7290112346537,false,עוגיות פינוקיות בטעם טורטית 200 ג' עלית,"הגביע מוצרי ופלים בע""\מ",,פינוקיות בטעם טורטית,גרמים,200.00,100 גרם,false,,11.90,5.9500,true,1,132894
7290112346629,false,דנונה בר יוגורט+קורנפלקס מצופה שוקולד חלב ולבן 172 גרם,שטראוס גרופ בעמ/מצונן,,יוגרט עם קורנפלקס מצ,מיליליטרים,183.00,"100 מ""ל",false,,4.50,2.4590,true,1,161499
7290112346773,false,יוגורט בטעם וניל 0% לייט אנד פרי 10 גרם חלבון בגביע,שטראוס גרופ בעמ/מצונן,,דנונה לייט אנד פריי,גרמים,150.00,100 גרם,false,,4.60,3.0667,true,1,176834
7290112346797,false,יוגורט אקטיביה שיבולת שועל ושזיף 150 גרם,שטראוס גרופ בעמ/מצונן,,אקטיביה שובולת שועל,גרמים,150.00,100 גרם,false,,4.60,3.0667,true,1,159611
7290112346827,false,שמיניית אקטימל ויטמין C פטל 108 גרם,שטראוס גרופ בעמ/מצונן,,אקטימל שמינייה טבעי,מיליליטרים,800.00,"100 מ""ל",false,,19.90,2.4875,true,1,202288
7290112347008,false,גמדים לדרך גבינה לבנה עם מחית תות ושיבולת שועל,שטראוס גרופ בעמ/מצונן,,גמדים סקוויז ארוחת ב,גרמים,100.00,100 גרם,false,,5.90,5.9000,true,1,140497
7290112347473,false,מארז דנונה לייט אנד פריי תות ואפרסק 150 גרם 8 יחידות,שטראוס גרופ בעמ/מצונן,,מארז לייט אנד פריי ת,Unknown,0.00,יחידה,false,,27.90,0.0000,true,1,140499
7290112348142,false,שעועית לבנה 380 גר' בקופסה טעם הטבע,שטראוס גרופ בע`מ,,שעועית לבנה 380 גרם,גרמים,380.00,100 גרם,false,,6.90,1.8158,true,1,159869
7290112348616,false,עלית - קפה נמס אגוזי לוז 100 גרם,שטראוס קפה בי.וי,,קפה נמס אגוזי לוז 10,Unknown,0.00,יחידה,false,,17.90,0.0000,true,1,202287
7290112348999,false,הפריכיות הטעימות תירס דקות אנרג'י 135 גרם,שטראוס גרופ בע`מ,,פריכיות טעימות תירס,גרמים,135.00,100 גרם,false,,12.90,9.5556,true,1,170342
7290112349606,false,מעדן גבינה ויוגורט תות בננה 88 ג' דניאלה,שטראוס גרופ בעמ/מצונן,,דניאלה תות בננה 88 מ,Unknown,0.00,יחידה,false,,4.10,0.0000,true,1,190401
7290112349705,false,פומודורו רוטב עגבניות קלאסי לפסטה יד מרדכי 350 גרם,אמיליאנה קונסרב סוסייטה,,פומודורו רוטב עגבניו,גרמים,350.00,100 גרם,false,,12.90,3.6857,true,1,132900
7290112349736,false,בזיליקום רוטב עגבניות לפסטה יד מרדכי 350 גרם,אמיליאנה קונסרב סוסייטה,,בזיליקום רוטב עגבניו,גרמים,350.00,100 גרם,false,,12.90,3.6857,true,1,132901
7290112349743,false,ארביאטה רוטב עגבניות פיקנטי לפסטה 350 ג' יד מרדכי,אמיליאנה קונסרב סוסייטה,,ארביאטה רוטב עגבניות,גרמים,350.00,100 גרם,false,,12.90,3.6857,true,1,132902
7290112349750,false,פיצה רוטב עגבניות לפיצה יד מרדכי 350 גרם,אמיליאנה קונסרב סוסייטה,,פיצה רוטב עגבניות לפ,גרמים,350.00,100 גרם,false,,12.90,3.6857,true,1,132903
7290112349897,false,מסטיק מאסט Must קוביות בטעם מנטה ללא סוכר,שטראוס גרופ בע`מ,,מאסט קוביות מנטה 86,Unknown,0.00,יחידה,false,,14.90,0.0000,true,1,159627
7290112350275,false,קפסולות LUNGO למכונת נספרסו עלית 10 יחידות,שטראוס קפה בי.וי,,קפסולות לונג למוכונו,Unknown,0.00,יחידה,false,,16.90,0.0000,true,1,158627
7290112350312,false,קפסולות 15 קפה יותר למכונות נספרסו עלית 10יח',הנסיך- מפעל לייצור ט,,קפסולות 15 למכונות נ,Unknown,0.00,יחידה,false,,16.90,0.0000,true,1,164132
7290112351067,false,סילאן טבעי 100% תמר מג'הול ללא תוספת סוכר,שטראוס גרופ בע`מ,,סילאן טבעי לחיץ 630,גרמים,630.00,100 גרם,false,,27.90,4.4286,true,1,159626
7290112351258,false,עוגיית קקאו פינוקיות שחור לבן 200 גר,"הגביע מוצרי ופלים בע""\מ",,פינוקיות שחור לבן,גרמים,200.00,100 גרם,false,,11.90,5.9500,true,1,164129
7290112353887,false,"משקה קפה קר בטעם אגוזים יטבתה 230 מ""ל",האי נאם סי או אל.טי.,,משקה קפה קר בטעם אגו,מיליליטרים,230.00,"100 מ""ל",false,,7.90,3.4348,true,1,185017
7290112354211,false,"פיצה מרגריטה""דלישס"" שטראוס",קפוא-זן תעשיות מזון בעמ - תפוג,,פיצה מרגריטה,Unknown,0.00,יחידה,false,,25.90,0.0000,true,1,187113
7290112354228,false,"פיצה מרגריטה עם זיתים ""דלישס"" שטראוס",קפוא זן תעשיות מזון בעמ,,פיצה מרגריטה עם זיתי,Unknown,0.00,יחידה,false,,25.90,0.0000,true,1,187114
7290112354235,false,ברקטה פיצה - 2 יחידות במארז,קפוא-זן תעשיות מזון בעמ - תפוג,,ברקטה פיצה,Unknown,0.00,יחידה,false,,25.90,0.0000,true,1,187115
7290112354945,false,תפוצ'יפס WAVY בטעם טבעי 50 גרם,שטראוס פריטו ליי בע”,IL,תפוצ'יפס טבעי 50 גרם,Unknown,0.00,יחידה,false,,3.50,0.0000,true,1,202009
7290112354952,false,תפוצ`יפס פפריקה (50 גרם)היתר מכירה,שטראוס פריטו ליי בע”,IL,תפוצ'יפס פפריקה 50 ג,Unknown,0.00,יחידה,false,,3.50,0.0000,true,1,202010
7290112355027,false,דנונה פרו 20 גרם חלבון בטעם קרמל מלוח 200 גרם,שטראוס גרופ בעמ/מצונן,,דנונה פרו בטעם קרמל,גרמים,200.00,100 גרם,false,,5.90,2.9500,true,1,170353
7290112355102,false,גמדים סקוויז 100 גרם פאוץ סלט פירות 100 גרם,שטראוס גרופ בעמ/מצונן,,גמדים פאוץ סלט פירות,גרמים,100.00,100 גרם,false,,5.90,5.9000,true,1,172303
7290112355393,false,"יטבתה רוטב שמנת+בטטה 9% שומן 250 מ""ל",שטראוס גרופ בעמ/מצונן,,יטבתה רוטב שמנת עם ב,גרמים,260.00,100 גרם,false,,10.50,4.0385,true,1,201124
7290112355775,false,גבינת סימפוניה עם עירית 200 גרם,שטראוס גרופ בעמ/מצונן,,סימפוניה עירית 200 ג,גרמים,200.00,100 גרם,false,,10.90,5.4500,true,1,198777
7290112355812,false,מילקי טופ קורנפלקס 141 ג' שטראוס,שטראוס גרופ בעמ/מצונן,,מילקי טופ קורנפלקס,מיליליטרים,141.00,"100 מ""ל",false,,4.50,3.1915,true,1,197168
7290112357045,false,עגבניות איטלקיות מרוסקות 390 גר' בקופסה טעם הטבע,"שטראוס גרופ בע""מ",,עגבניות איטלקיות מרו,גרמים,390.00,100 גרם,false,,6.90,1.7692,true,1,159870
7290112357069,false,מחית עגבניות איטלקיות בקופסה 500 גר' טעם הטבע,שטראוס גרופ בע`מ,,מחית עגבניות איטלקיו,גרמים,500.00,100 גרם,false,,7.90,1.5800,true,1,159871
7290112357076,false,קוביות עגבניות איטלקיות 390 גר' בקופסה טעם הטבע,"שטראוס גרופ בע""מ",,קוביות עגבניות איטלק,גרמים,390.00,100 גרם,false,,6.90,1.7692,true,1,164133
7290112357083,false,טעם הטבע אפונה ירוקה 380 גרם קופסה,הדקלאים אגודת שיתופי,,אפונה איטלקית,Unknown,0.00,יחידה,false,,6.90,0.0000,true,1,159872
7290112357106,false,שעועית אדומה 380 גר' בקופסה טעם הטבע,שטראוס גרופ בע`מ,,שעועית אדומה ם,גרמים,380.00,100 גרם,false,,6.90,1.8158,true,1,159873
7290112357113,false,גרגרי חומוס בקופסה 380 גר' טעם הטבע,שטראוס גרופ בע`מ,,גרגרי חומוס 380 גרם,גרמים,380.00,100 גרם,false,,6.90,1.8158,true,1,159874
7290112358004,false,פסק זמן חטיף קראנץ עלית( 32 גר`),שולן צ'\יקולטה גידה סאן.,,פסק זמן קראנץ' 32 גר,Unknown,0.00,יחידה,false,,5.00,0.0000,true,1,169035
7290112358127,false,דנונה פרו חלבון+מגנזיום- וניל ועוגיות 200 גרם,שטראוס גרופ בעמ/מצונן,,דנונה פרו 20 גרם עם,Unknown,0.00,יחידה,false,,6.90,0.0000,true,1,169063
7290112358219,false,רוטב צ`ילי מתוק יד מרדכי (300 גר`),אף.סי תבליני בגליל ב,,יד מרדכי רוטב צ'ילי,גרמים,300.00,100 גרם,false,,14.90,4.9667,true,1,163273
7290112358233,false,רוטב צ`ילי חריף יד מרדכי (300 גר`),שטראוס גרופ בע`מ,,רוטב צילי חריף 300 ג,גרמים,300.00,100 גרם,false,,14.90,4.9667,true,1,164130
7290112358240,false,רוטב גריל יד מרדכי 300 גרם,שטראוס גרופ בע`מ,,יד מרדכי רוטב גריל 3,גרמים,300.00,100 גרם,false,,14.90,4.9667,true,1,160928
7290112358257,false,רוטב לעוף עם שזיפים יד מרדכי 300 גרם,שטראוס גרופ בע`מ,,יד מרדכי רוטב לעוף ע,גרמים,300.00,100 גרם,false,,14.90,4.9667,true,1,160929
7290112358431,false,עד חצות דאבל ביסקוויט עם שוקולד חלב -8 אריזות אישיות,ביסקוויטס טור ד'\אלבון,,עד חצות דאבל 200 ג,גרמים,200.00,100 גרם,false,,18.90,9.4500,true,1,181866
7290112358554,false,מארז קפה נמס מנות אישיות לדרך 50.4 גר,שטראוס גרופ בע`מ,,מארז נמס לדרך 50 גרם,Unknown,0.00,יחידה,false,,12.90,0.0000,true,1,164131
7290112358561,false,קפה נמס פלטינום קלאסי 47 ג' עלית,שטראוס גרופ בע`מ,,פלטינום קלאסיק 47 גר,גרמים,47.00,100 גרם,false,,7.90,16.8085,true,1,189119
7290112359353,false,קפה טורקי אלדין ( 200 גר`) עלית,שטראוס קפה בי.וי,,קפה טורקי אלדין 200,גרמים,200.00,100 גרם,false,,24.90,12.4500,true,1,198367
7290112359902,false,"קפה פלטינום ברזיל עלית, 47 גרם",שטראוס גרופ בע`מ,,פלטינום ברזיל 47 גרם,גרמים,47.00,100 גרם,false,,7.90,16.8085,true,1,189120
7290112460950,false,קערת זכוכית 500ML,,,קערת זכוכית 500ML,Unknown,0.00,יחידה,false,,5.90,0.0000,true,1,173627
7290112463623,false,סט 4 צנטרים + שק זיל,,,סט 4 צנטרים + שק זיל,Unknown,0.00,יחידה,false,,10.00,0.0000,true,1,164863
7290112463630,false,סט 4 צנטרים + שק זיל,,,סט 4 צנטרים + שק זיל,Unknown,0.00,יחידה,false,,16.90,0.0000,true,1,164864
7290112464002,false,*מבצע* תבנית לב טפלו,,,*מבצע* תבנית לב טפלו,Unknown,0.00,יחידה,false,,29.90,0.0000,true,1,164866
7290112464422,false,ליינס סבוניה,,,ליינס סבוניה,Unknown,0.00,יחידה,false,,14.90,0.0000,true,1,165331
7290112465788,false,תבנית סיליקון עגולה,,,תבנית סיליקון עגולה,Unknown,0.00,יחידה,false,,19.90,0.0000,true,1,164869
7290112465863,false,תבנית סיליקון 12 שקע,,,תבנית סיליקון 12 שקע,Unknown,0.00,יחידה,false,,24.90,0.0000,true,1,164877
7290112466587,false,המיוחדים מקלף נירוס,,,המיוחדים מקלף נירוס,Unknown,0.00,יחידה,false,,10.00,0.0000,true,1,165205
7290112468369,false,מלחייה זכוכית 12*5.5,,,מלחייה זכוכית 12*5.5,Unknown,0.00,יחידה,false,,5.90,0.0000,true,1,165217
7290112490032,false,"נמס בכוס טעם תירס קנור 31 גרם מארז זוגי בד""צ",יוניליוור ישראל שיווק בע`מ,,נמס בכוס תירס,Unknown,0.00,יחידה,false,,6.90,0.0000,true,1,119775
7290112490209,false,נמס בכוס מרק עגבניות עם קרוטונים רכיבים טבעיים,יוניליוור ישראל שיווק בע`מ,,נמס בכוס עגבניות קרו,Unknown,0.00,יחידה,false,,6.90,0.0000,true,1,119781
7290112490216,false,מרק נמס בכוס בטעם עוף קנור 100% רכיבים טבעיים,יוניליוור ישראל שיווק בע`מ,,נמס בכוס ט.עוף קרוטו,Unknown,0.00,יחידה,false,,6.90,0.0000,true,1,119782
7290112490230,false,מרק נמס בכוס אפונה קנור 100% רכיבים טבעיים,יוניליוור ישראל שיווק בע`מ,,נמס בכוס אפונה 50 גר,Unknown,0.00,יחידה,false,,6.90,0.0000,true,1,119783
7290112490582,false,חרדל דיג'וןן צרפתי הלמנס 350 גר,יוניליוור ישראל שיווק בע`מ,,הלמנס חרדל דיזון 350,גרמים,350.00,100 גרם,false,,14.90,4.2571,true,1,119785
7290112490650,false,קונפיטורה תות שדה 340 גרם-צנצנת,יוניליוור ישראל שיווק בע`מ,,קונפיטורה תות שדה 77,גרמים,340.00,100 גרם,false,,11.90,3.5000,true,1,119787
7290112490667,false,קונפיטורה משמש778 50% פרי 340 גר',יוניליוור ישראל שיווק בע`מ,,קונפיטורה 778 משמש 3,גרמים,340.00,100 גרם,false,,11.90,3.5000,true,1,119788
7290112490698,false,קונפיטורה תות שדה לייט 300 גרם-צנצנת,יוניליוור ישראל שיווק בע`מ,,קונפיטורה לייט 778 ת,גרמים,260.00,100 גרם,false,,12.90,4.9615,true,1,119791
7290112490728,false,מרק עשיר ירקות עם בורגול רכיבים טבעיים 95 ג' קנור,יוניליוור ישראל שיווק בע`מ,,מרק עשיר ירקות בורגו,Unknown,0.00,יחידה,false,,12.90,0.0000,true,1,119793
7290112490735,false,מרק עשיר עגבניות עם פסטה ר.טבעיים 105 גרם קנור,יוניליוור ישראל שיווק בע`מ,,מרק עשיר עגבניות פסט,גרמים,105.00,100 גרם,false,,12.90,12.2857,true,1,119794
7290112490742,false,מרק עשיר פטריות עם גריסים רכיבים טבעיים 104 ג' קנור,יוניליוור ישראל שיווק בע`מ,,מרק עשיר פטריות גריס,גרמים,104.00,100 גרם,false,,12.90,12.4038,true,1,119795
7290112490759,false,מרק עשיר עוף עם אטריות רכיבים טבעיים 74 ג' קנור,יוניליוור ישראל שיווק בע`מ,,מרק עשיר עוף אטריות,Unknown,0.00,יחידה,false,,12.90,0.0000,true,1,119796
7290112490827,false,תרסיס ריחני למייבש הכביסה בדין בייבי 500,יוניליוור ישראל שיווק בע`מ,,בדין למייבש כביסה בי,מיליליטרים,500.00,"100 מ""ל",false,,18.90,3.7800,true,1,111370
7290112490896,false,"קנור רוטב צ'ילי חריף 370 מ""ל PAL",יוניליוור ישראל שיווק בע`מ,,קנור רוטב צילי חריף,מיליליטרים,340.00,"100 מ""ל",false,,10.90,3.2059,true,1,119802
7290112491558,false,שישיית שוקולד מריר פרווה ורד הגליל 100 גרם ליח' כשלפ,יוניליוור ישראל שיווק בע`מ,,מאגדת שוקולד מריר שי,Unknown,0.00,יחידה,false,,19.90,0.0000,true,1,119821
7290112491701,false,ברנפלקס בטעם וניל מעודן 20% חלבון Extra Protein,יוניליוור ישראל שיווק בע`מ,,ברנפלקס חלבון 375 גר,גרמים,375.00,100 גרם,false,,22.00,5.8667,true,1,119823
7290112491770,false,בייגלה דקים דקים מלח ים בייגל בייגל 300 גרם.,יוניליוור ישראל שיווק בע`מ,,בייגל בייגלה דקים דק,גרמים,300.00,100 גרם,false,,9.90,3.3000,true,1,119824
7290112491787,false,בייגלה דקים דקים עם שומשום בייגל בייגל 300 גרם,יוניליוור ישראל שיווק בע`מ,,בייגל בייגלה דקים דק,גרמים,300.00,100 גרם,false,,9.90,3.3000,true,1,119825
7290112491794,false,בייגלה דקים דקים בטעם שמנת ובצל בייגל בייגל 300 גרם,יוניליוור ישראל שיווק בע`מ,,בייגל בייגלה דקים דק,גרמים,300.00,100 גרם,false,,9.90,3.3000,true,1,119826
7290112492449,false,פינוק שמפו שיער רגיל 700 מל-חדש,"יוניליוור ישראל שיווק בע""מ",,פינוק שמפו בתוספת תמ,מיליליטרים,700.00,"100 מ""ל",false,,13.90,1.9857,true,1,158486
7290112492456,false,"שמפו פינוק לשיער יבש/פגום 700 מ""ל",יוניליוור ישראל שיווק בע`מ,,שמפו פינוק שיער יבש,מיליליטרים,700.00,"100 מ""ל",false,,13.90,1.9857,true,1,159046
7290112492463,false,"שמפו ומרכך 2 ב-1 לשיער רגיל פינוק 700 מ""ל.",יוניליוור ישראל שיווק בע`מ,,פינוק 2ב1 לשיער רגיל,מיליליטרים,700.00,"100 מ""ל",false,,13.90,1.9857,true,1,159050
7290112492470,false,"שמפו ומרכך 2 ב-1 לשיער יבש פינוק 700 מ""ל.",יוניליוור ישראל שיווק בע`מ,,פינוק 2 ב 1 שמפו ומר,מיליליטרים,700.00,"100 מ""ל",false,,12.90,1.8429,true,1,171068
7290112492487,false,פינוק שמפו לשיער עם שמן מרוקאי 700 מל,יוניליוור ישראל שיווק בע`מ,,פינוק שמפו שמן מרוקא,מיליליטרים,700.00,"100 מ""ל",false,,13.90,1.9857,true,1,159051
7290112492500,false,פינוק שמפו לשיער עם שמן קוקוס 700 מל,יוניליוור ישראל שיווק בע`מ,,פינוק שמפו שמן קוקוס,מיליליטרים,700.00,"100 מ""ל",false,,13.90,1.9857,true,1,159052
7290112492531,false,"פינוק קונדישנר לשיער רגיל 700מ""ל",יוניליוור ישראל שיווק בע`מ,,פינוק מרכך לשיער רגי,מיליליטרים,700.00,"100 מ""ל",false,,13.90,1.9857,true,1,119840
7290112492548,false,"מרכך פינוק עם שמן חוחובה 700 מ""ל",יוניליוור ישראל שיווק בע`מ,,פינוק מרכך לשיער יבש,מיליליטרים,700.00,"100 מ""ל",false,,13.90,1.9857,true,1,119841
7290112492579,false,פינוק מרכך בתוספת שמן קוקוס 700 מל-חדש,יוניליוור ישראל שיווק בע`מ,,פינוק מרכך שמן קוקוס,מיליליטרים,700.00,"100 מ""ל",false,,13.90,1.9857,true,1,119844
7290112492593,false,תחליב רחצה פינוק בניחוח פינוק קלאסי 700,יוניליוור ישראל שיווק בע`מ,,פינוק תחליב רחצה קלא,מיליליטרים,700.00,"100 מ""ל",false,,11.90,1.7000,true,1,119845
7290112492609,false,"תחליב רחצה פינוק 700 מ""ל לבנדר ווניל",יוניליוור ישראל שיווק בע`מ,,פינוק תחליב רחצה לבנ,מיליליטרים,700.00,"100 מ""ל",false,,11.90,1.7000,true,1,119846
7290112492630,false,"שמפו ג'ל רחצה וסבון פנים 3 ב-1 לגבר פינוק 700 מ""ל",יוניליוור ישראל שיווק בע`מ,,פינוק שמפו 3 ב-1 לגב,מיליליטרים,700.00,"100 מ""ל",false,,13.90,1.9857,true,1,159252
7290112492647,false,"פינוק לגבר 3 ב1 שמפו ג'ל רחצה וסבון פנים 700 מ""ל",יוניליוור ישראל שיווק בע`מ,,פינוק לגבר 3 ב 1ספור,מיליליטרים,700.00,"100 מ""ל",false,,13.90,1.9857,true,1,170220
7290112492678,false,פינוק שמפו לשיער רגיל אריזת נסיעות 100 מ,"יוניליוור ישראלשיווק בע""מ",,פינוק שפופרת שמפו לש,מיליליטרים,100.00,"100 מ""ל",false,,5.90,5.9000,true,1,172473
7290112492685,false,פינוק מרכך לשיער רגיל אריזת נסיעות 100 מ,יוניליוור ישראל שיווק בעמ,,פינוק שפופרת מרכך,Unknown,0.00,יחידה,false,,5.90,0.0000,true,1,173667
7290112492692,false,פינוק תחליב רחצה קלאסי אריזת נסיעות 100,יוניליוור ישראל טיפוח אי,,פינוק שפופרת רחצה ק,Unknown,0.00,יחידה,false,,5.90,0.0000,true,1,173668
7290112492715,false,"פינוק שמפו ללא דמעות לסירוק קל לילדים 700 מ""ל",יוניליוור ישראל שיווק בע`מ,,פינוק שמפו ללא דמיעו,Unknown,0.00,יחידה,false,,13.90,0.0000,true,1,161010
7290112492746,false,"פינוק מרכך ללא דמעות לסירוק קל לילדים 700 מ""ל",יוניליוור ישראל שיווק בע`מ,,פינוק מרכך ליסרוק קל,Unknown,0.00,יחידה,false,,13.90,0.0000,true,1,161011
7290112492753,false,"פינוק לילדים אל סבון לרחצה 700 מ""ל",יוניליוור ישראל שיווק בע`מ,,פינוק אל סבון לילדי,Unknown,0.00,יחידה,false,,13.90,0.0000,true,1,161014
7290112492982,false,"אבקת מרק פטריות כשל""פ 100% רכיבים טבעיים 400 גרם",יוניליוור ישראל שיווק בע`מ,,קנור מרק פטריות רכיב,גרמים,400.00,100 גרם,false,,21.90,5.4750,true,1,119861
7290112492999,false,קנור מרק עוף אמיתי 400 גרם פרווה,יוניליוור ישראל שיווק בע`מ,,קנור מרק טעם עוף 400,גרמים,400.00,100 גרם,false,,14.90,3.7250,true,1,119862
7290112493095,false,נמס בכוס מרק עגבניות חריף רכיבים טבעיים קנור 48 ג',יוניליוור ישראל שיווק בע`מ,,נמס בכוס עגבניות חרי,Unknown,0.00,יחידה,false,,6.90,0.0000,true,1,199164
7290112493293,false,קנור - נמס ירקות וקרוטונים ר.טבעי 44 גרם,יוניליוור ישראל שיווק בע`מ,,נמס בכוס ירקות רכיבי,Unknown,0.00,יחידה,false,,6.90,0.0000,true,1,119877
7290112493316,false,מרק היום אפונה 100% רכיבים טביעיים קנור,יוניליוור ישראל שיווק בע`מ,,מרק היום אפונה רכיב,Unknown,0.00,יחידה,false,,12.90,0.0000,true,1,119878
7290112493927,false,גלידה בטעם ריבת חלב 1.33ל' קרמיסימו,"גלידת שטראוס בע""\מ, רחוב",,קרמיסימו ריבת חלב 1.,קילוגרמים,1.33,ליטר,false,,20.90,15.7143,true,1,135440
7290112493934,false,קרמיסימו מעדן קפוא טעם וניל צרפתי,"גלידת שטראוס בע""\מ, רחוב",,קרמיסימו וניל 1.33 ל,קילוגרמים,1.33,ליטר,false,,20.90,15.7143,true,1,135441
7290112493965,false,קרמיסימו חלבית בטעם מסטיק וניל 665 גר,"גלידת שטראוס בע""\מ, רחוב",,קרמיסימו מסטיק 1.33,קילוגרמים,1.33,ליטר,false,,20.90,15.7143,true,1,135442
7290112494153,false,תיבוליות ניחוח צלי קנור( 72 גרם),יוניליוור ישראל שיווק בע`מ,,תיבולית קנור בניחוח,Unknown,0.00,יחידה,false,,8.90,0.0000,true,1,119886
7290112494221,false,חטיף ביסקויט שוקולד חלב קליק (65 גרם),יוניליוור ישראל שיווק בע`מ,,קליק ביסקוויט הפוך 6,Unknown,0.00,יחידה,false,,5.90,0.0000,true,1,119889
7290112494238,false,חטיף כדורים שוקולד חלב קליק (65 גרם),יוניליוור ישראל שיווק בע`מ,,קליק כדורים 65 גרם,Unknown,0.00,יחידה,false,,5.90,0.0000,true,1,119890
7290112494276,false,קליק כריות בתפזורת כשר לפסח,יוניליוור ישראל שיווק בע`מ,,קליק כריות תפזורת 65,Unknown,0.00,יחידה,false,,5.90,0.0000,true,1,119892
7290112494283,false,חטיף כדורים מעורב חום לבו 65 גר`קליק,יוניליוור ישראל שיווק בע`מ,,קליק חום לבן 65 גרם,Unknown,0.00,יחידה,false,,5.90,0.0000,true,1,119893
7290112494313,false,קליק - קורנפלקס תפזורת 65 גרם,יוניליוור ישראל שיווק בע`מ,,קליק קורנפלקס 65 גרם,Unknown,0.00,יחידה,false,,5.90,0.0000,true,1,119895
7290112494351,false,קורנפלקס של אלופים תלמה (850 גרם).בדצ,יוניליוור ישראל שיווק בע`מ,,"קורנפלקס בד""צ 850 גר",גרמים,850.00,100 גרם,false,,18.90,2.2235,true,1,157835
7290112494603,false,דומסטוס מגבונים לניקוי ולחיטוי מושב האסלה ואמבטיות בניחוח רענן,"עלבד משואות יצחק בע""",,דומסטוס מגבוני אסלה,Unknown,0.00,יחידה,false,,7.90,0.0000,true,1,119905
7290112494610,false,קנור רוטב עגבניות פיקנטי לדג 415 גרם,יוניליוור ישראל שיווק בע`מ,,קנור רוטב עגבניות פי,גרמים,415.00,100 גרם,false,,14.90,3.5904,true,1,119906
7290112494801,false,בדין-ג'ל לכביסה לבנה וצבעונית בניחוח עדין ורוד 2.5 ליטר,יוניליוור ישראל שיווק בע`מ,,בדין ג'ל לכביסה וורו,קילוגרמים,2.50,ליטר,false,,27.90,11.1600,true,1,111376
7290112494825,false,תרחיץ פנים לעור רגיש מכיל 25% קרם לחות,יוניליוור ישראל שיווק בע`מ,,דאב תרחיץ פנים רגיש,מיליליטרים,180.00,"100 מ""ל",false,,14.90,8.2778,true,1,167403
7290112494832,false,תרחיץ פנים לכל סוגי העור מכיל 25% קרם לחות,יוניליוור ישראל שיווק בע`מ,,דאב תרחיץ פנים רגיל,מיליליטרים,180.00,"100 מ""ל",false,,14.90,8.2778,true,1,166639
7290112495006,false,כריות דגנים במילוי נוגט בדצ 686 גרם,יוניליוור ישראל שיווק בע`מ,,כריות נוגט 686 גרם,גרמים,686.00,100 גרם,false,,24.90,3.6297,true,1,119915
7290112495037,false,דגני בוקר בטעם שוקולד כדורים 375 ג' קוקומן,יוניליוור ישראל שיווק בע`מ,,קוקומן כדורים 375 גר,גרמים,375.00,100 גרם,false,,19.90,5.3067,true,1,119918
7290112495044,false,דגני קוקומן פצפוצים תלמה (375 גרם),יוניליוור ישראל שיווק בע`מ,,קוקומן פצפוצים 375 ג,גרמים,375.00,100 גרם,false,,19.90,5.3067,true,1,119919
7290112495105,false,נשנושים טעם שמנת בצל בייגל בייגל 260 גרם,יוניליוור ישראל שיווק בע`מ,,נישנושים שמנת בצל 30,גרמים,300.00,100 גרם,false,,11.90,3.9667,true,1,119921
7290112495112,false,נשנושים טעם זעתר בייגל בייגל 260 גרם,יוניליוור ישראל שיווק בע`מ,,נישנושים זעתר 300 גר,גרמים,300.00,100 גרם,false,,11.90,3.9667,true,1,119922
7290112495143,false,נשנושי קרקר קוקטייל מלוח בייגל בייגל 300 גרם,יוניליוור ישראל שיווק בע`מ,,בייגל בייגל קוקטייל,גרמים,350.00,100 גרם,false,,12.90,3.6857,true,1,119924
7290112495150,false,נשנושי קרקר עיגולים מלח בייגל בייגל 300 גרם,יוניליוור ישראל שיווק בע`מ,,נשנושים עגול מלוח 35,גרמים,350.00,100 גרם,false,,12.90,3.6857,true,1,119925
7290112495167,false,נשנושי קרקר משולשי שומשום בייגל בייגל 300 גרם,יוניליוור ישראל שיווק בע`מ,,נשנושים משולש שומשום,גרמים,350.00,100 גרם,false,,12.90,3.6857,true,1,119926
7290112495174,false,נשנושי קרקר קוקטייל שומשום בייגל בייגל 300 גרם,יוניליוור ישראל שיווק בע`מ,,קוקטייל ושמשום 350 ג,גרמים,350.00,100 גרם,false,,12.90,3.6857,true,1,119927
7290112495228,false,קורנפלקס נגיעות דבש תלמה 448 גרם,יוניליוור ישראל שיווק בע`מ,,תלמה קרונפלקס דבש 44,גרמים,448.00,100 גרם,false,,17.90,3.9955,true,1,119928
7290112495280,false,ברנפלקס ריבועי קינמון תלמה (400 גרם),יוניליוור ישראל שיווק בע`מ,,ברנפלקס ריבועי קינמו,גרמים,400.00,100 גרם,false,,22.00,5.5000,true,1,157842
7290112495433,false,דגני דליפקאן תוספת אגוזי פקאן ושקדים 400 גר,יוניליוור ישראל שיווק בע`מ,,תלמה דליפקאן 400 גרם,גרמים,400.00,100 גרם,false,,21.90,5.4750,true,1,119939
7290112495488,false,קורנפלקס פתיתי תירס קלויים ללא גלוטן 500,יוניליוור ישראל שיווק בע`מ,,קורנפלקס ללא גלוטן 5,גרמים,500.00,100 גרם,false,,19.90,3.9800,true,1,157836
7290112495556,false,מארז שלישיית חטיפי קליק ממולא בנוגט,יוניליוור ישראל שיווק בע`מ,,קליק שלישיית ברים נו,Unknown,0.00,יחידה,false,,14.90,0.0000,true,1,160020
7290112495594,false,בייגלה שמיניות גדולות ללא מלח בייגל בייגל 400 גרם,יוניליוור ישראל שיווק בע`מ,,בייגלה שמיניות גדולו,גרמים,400.00,100 גרם,false,,13.90,3.4750,true,1,119940
7290112495662,false,קרקר חיטה מלאה ופשתן בייגל בייגל 300 גרם,יוניליוור ישראל שיווק בע`מ,,קרקר חיטה מלאה ופשתן,גרמים,300.00,100 גרם,false,,9.80,3.2667,true,1,157838
7290112495747,false,רוטב צ''ילי מתוק כ 70% פחות סוכר 340 ג' קנור,יוניליוור ישראל שיווק בע`מ,,קנור צ'ילי מתוק מופח,גרמים,340.00,100 גרם,false,,10.90,3.2059,true,1,157831
7290112495754,false,רוטב לסלט אלף האיים הלמנס (305 מל),יוניליוור ישראל שיווק בע`מ,,הלמנס רוטב אלף האיים,מיליליטרים,305.00,"100 מ""ל",false,,10.90,3.5738,true,1,157847
7290112495761,false,רוטב לסלט אלף האיים לייט הלמנס (305 מל),יוניליוור ישראל שיווק בע`מ,,הלמנס רוטב אלף האיים,גרמים,305.00,100 גרם,false,,10.90,3.5738,true,1,157848
7290112495785,false,רוטב לסלט שום (300 גרם)הלמנס,יוניליוור ישראל שיווק בע`מ,,הלמנ'ס לסלט שום 300מ,מיליליטרים,300.00,"100 מ""ל",false,,10.90,3.6333,true,1,157844
7290112495792,false,רוטב הלמנס שום לייט לסלט 305גר כשלפ,יוניליוור ישראל שיווק בע`מ,,הלמנס רוטב לסלט שום,גרמים,300.00,100 גרם,false,,10.90,3.6333,true,1,157845
7290112496027,false,"סירופ שוקולד לחיץ 580 מ""ל כשל""פ אפיכל",יוניליוור ישראל שיווק בע`מ,,אפיכל סירופ שוקולד 5,גרמים,580.00,100 גרם,false,,11.90,2.0517,true,1,157851
7290112496034,false,"סירופ מייפל לחיץ 580 מ""ל כשל""פ אפיכל",יוניליוור ישראל שיווק בע`מ,,אפיכל סירופ מייפל 58,גרמים,580.00,100 גרם,false,,11.90,2.0517,true,1,157852
7290112496218,false,קנור רוטב טריאקי הפחתה של מעל 50% סוכר ונתרן 310 ג',יוניליוור ישראל שיווק בע`מ,,קנור רוטב טריאקי 340,מיליליטרים,340.00,"100 מ""ל",false,,10.90,3.2059,true,1,158940
7290112496270,false,"פתית צ'יפס תפו""א בתוספת עגבניות ועשבי תיבול 22 גרם",יוניליוור ישראל שיווק בע`מ,,"פתית צ'יפס תפו""א עם",Unknown,0.00,יחידה,false,,5.90,0.0000,true,1,162782
7290112496287,false,פתית - צ'יפס בטטה בטעם טבעי 21 גרם,יוניליוור ישראל שיווק בע`מ,,פתית צ'יפס בטטה בטעם,Unknown,0.00,יחידה,false,,5.90,0.0000,true,1,162783
7290112496294,false,חטיף פתית צ'יפס עם אפונה ירוקה צהובה וצ'ילי,יוניליוור ישראל שיווק בע`מ,,פתית צ'יפס עם אפונה,Unknown,0.00,יחידה,false,,5.90,0.0000,true,1,162784
7290112496430,false,קנור נמס בכוס אקסטרה עגבניות+איטריות 37 גרם - רבנות,יוניליוור ישראל שיווק בע`מ,,קנור נמס בכוס אקסטרה,Unknown,0.00,יחידה,false,,4.50,0.0000,true,1,186902
7290112496447,false,נמס בכוס אקסטרה טעם עוף עם המון אטריות 27ג',יוניליוור ישראל שיווק בע`מ,,קנור נמס בכוס אקסטרה,Unknown,0.00,יחידה,false,,4.50,0.0000,true,1,189444
7290112496461,false,נמס בכוס אקסטרה מרק ירקות עם המון אטריות,יוניליוור ישראל שיווק בע`מ,,קנור נמס בכוס אקסטרה,Unknown,0.00,יחידה,false,,4.50,0.0000,true,1,189445
7290112497123,false,סחלב תערובת להכנת מעדן בטעם סחלב 112גרם,יוניליוור ישראל שיווק בע`מ,,תלמה קנור סחלב 112 ג,גרמים,112.00,100 גרם,false,,12.90,11.5179,true,1,169869
7290112497369,false,"דאב - דאודורנט רול און לאישה טלק סופט 50 מ""ל",יוניליוור ישראל שיווק בע`מ,,דאב רול און טלק סופט,Unknown,0.00,יחידה,false,,17.90,0.0000,true,1,171141
7290112497499,false,קליק אקסטרא לארג שוקולד לבן עוגיות 85 גרם,יוניליוור ישראל שיווק בע`מ,,קליק טבלה לבן עוגיות,Unknown,0.00,יחידה,false,,5.90,0.0000,true,1,182570
7290112497505,false,"תחליב גוף וזלין ירוק עם אלוורה 600מ""ל",יוניליוור ישראל שיווק בע`מ,,וזלין תחליב גוף אלוו,Unknown,0.00,יחידה,false,,23.90,0.0000,true,1,162184
7290112497710,false,פינוק בייבי שמפו אל דמע לתינוקות 700 מל,יוניליוור ישראל שיווק בע`מ,,שמפו אל דמע בייבי 70,מיליליטרים,700.00,"100 מ""ל",false,,16.90,2.4143,true,1,198817
7290112497864,false,אבקת מרק בטעם עוף רכיבים טבעיים 33% פחות נתרן 400 גרם,יוניליוור ישראל שיווק בע`מ,,קנור עוף אמיתי רכיבי,גרמים,400.00,100 גרם,false,,21.90,5.4750,true,1,171995
7290112497994,false,"גרנולה תלמה פרוטאין בתוספת חלבון ואגוזים, 300 גרם",יוניליוור ישראל שיווק בע`מ,,גרנולה תלמה פרוטאין,גרמים,300.00,100 גרם,false,,19.90,6.6333,true,1,180926
7290112498007,false,גרנולה פרוטאין בתוספת חלבון שקדים וחמוציות תלמה 300 ג',יוניליוור ישראל שיווק בע`מ,,גרנולה תלמה פרוטאין,גרמים,300.00,100 גרם,false,,19.90,6.6333,true,1,180927
7290112498052,false,מארז פתית צ`יפס בטטה בטעם טבעי 84 ג`,יוניליוור ישראל שיווק בע`מ,,מאגדת פתית צ'יפס עם,Unknown,0.00,יחידה,false,,14.90,0.0000,true,1,182626
7290112498069,false,#קוקומן ללא גלוטן כשלפ 375ג - חדש,יוניליוור ישראל שיווק בע`מ,,קוקומן ללא גלוטן 375,גרמים,375.00,100 גרם,false,,19.90,5.3067,true,1,173674
7290112498267,false,פינוק אל סבון לידיים בניחוח פינוק קלאסי,יוניליוור ישראל שיווק בע`מ,,פינוק סבון ידיים נוז,Unknown,0.00,יחידה,false,,12.90,0.0000,true,1,182328
7290112498274,false,פינוק אלסבון לידיים לבנדר וניל 1ליטר+משא,יוניליוור ישראל שיווק בע`מ,,פינוק סבון ידיים נוז,Unknown,0.00,יחידה,false,,12.90,0.0000,true,1,182329
7290112498281,false,"אל סבון לידיים בתוספת שמן קוקוס פינוק 950 מ""ל",יוניליוור ישראל שיווק בע`מ,,פינוק סבון ידיים נוז,Unknown,0.00,יחידה,false,,12.90,0.0000,true,1,182330
7290112498298,false,"אל סבון ליידים בתוספת שמן מרוקאי פינוק 950 מ""ל",יוניליוור ישראל שיווק בע`מ,,פינוק סבון ידיים נוז,Unknown,0.00,יחידה,false,,12.90,0.0000,true,1,182331
7290112498441,false,"קנור רוטב אסיאתי למוקפץ 300 מ""ל בד""ץ",יוניליוור ישראל שיווק בע`מ,,קנור רוטב אסייתי למו,מיליליטרים,370.00,"100 מ""ל",false,,10.90,2.9459,true,1,180929
7290112498526,false,"פתית צ'יפס עם בטטה סגולה בטעם שמנת ובצל, 22 גרם",יוניליוור ישראל שיווק בע`מ,,חטיף פתית צ'יפס בטטה,Unknown,0.00,יחידה,false,,5.90,0.0000,true,1,183186
7290112498885,false,מאגדת גודי'ז תותים ושוקולד לבן 235 גרם,"גלידת שטראוס בע""\מ, רח'\",,גודיז מאגדת 3 שוקולד,Unknown,0.00,יחידה,false,,24.90,0.0000,true,1,175845
7290112498915,false,מאגדת מיני מגנום שקדים מובחר שטראוס 250 גרם,"מיוצר ע""\י גלידת שטראוס",,ממאגדת מיני מגנום שק,Unknown,0.00,יחידה,false,,26.90,0.0000,true,1,183178
7290112498922,false,מאגדת מיני מגנום לבן שטראוס 250 גרם,"מיוצר ע""\י גלידת שטראוס",,מאגדת מיני מגנום לבן,Unknown,0.00,יחידה,false,,26.90,0.0000,true,1,183179
7290112499097,false,מאגדת מיני מגנום מריר Intense Dark! 240 גרם,"מיוצר ע""\י גלידת שטראוס",,מאגדת מיני מגנום מרי,גרמים,240.00,100 גרם,false,,26.90,11.2083,true,1,190275
7290112499189,false,"גלידת קרמיסימו חד קרן וניל תות, 1.33 ליטר","גלידת שטראוס בע""\מ, רחוב",,קרמיסימו חד קרן 1.33,קילוגרמים,1.33,ליטר,false,,20.90,15.7143,true,1,197868
7290112499196,false,גלידה בטעם החלב של הקורנפלקס 1.33 ל' קרמיסימו,"גלידת שטראוס בע""\מ, רחוב",,קרמיסימו ט.חלב קורנפ,קילוגרמים,1.33,ליטר,false,,20.90,15.7143,true,1,197869
7290112499455,false,פינוק תחליב רחצה 700 בתוספת שמן מרוקאי,יוניליוור ישראל שיווק בע`מ,,פינוק תחליב רחצה מרו,מיליליטרים,700.00,"100 מ""ל",false,,11.90,1.7000,true,1,182315
7290112499462,false,פינוק תחליב רחצה 700 בתוספת שמן קוקוס,יוניליוור ישראל שיווק בע`מ,,פינוק תחליב רחצה שמן,מיליליטרים,700.00,"100 מ""ל",false,,11.90,1.7000,true,1,182316
7290112499479,false,"פינוק - שמפו בתוספת קרטין 700 מ""ל",יוניליוור ישראל שיווק בע`מ,,פינוק שמפו בתוספת קר,מיליליטרים,700.00,"100 מ""ל",false,,13.90,1.9857,true,1,171152
7290112499493,false,"רקסונה - דאודורנט ספריי לאישה אלוורה 150 מ""ל","יוניליוור ישראלשיווק בע""מ",,רקסונה נשים אלוורה 1,מיליליטרים,150.00,"100 מ""ל",false,,14.90,9.9333,true,1,190242
7290112499509,false,"רקסונה - דאודורנט ספריי לאישה בניחוח אפרסק ולמון גראס 150 מ""ל","יוניליוור ישראל שיווק בע""מ",,רקסונה דאו' ספריי נש,מיליליטרים,150.00,"100 מ""ל",false,,14.90,9.9333,true,1,198553
7290112499622,false,גלידה פרווה שוקו עוגיות וניל צ'יפס שטראוס 2 ליטר.,גלידות שטראוס בעמ,,גלידת שטראוס וניל שו,Unknown,0.00,יחידה,false,,22.90,0.0000,true,1,158942
7290112499844,false,מאגדת מיני מגנום דואט שוקולד עם נוגט שטראוס 310 גרם,"מיוצר ע""\י גלידת שטראוס",,מיני מגנום דאבל,Unknown,5.00,יחידה,false,,26.90,5.3800,true,1,135445
7290112499943,false,מיני מאגדת מיני מגנום טעמים שונים וניל+שוקו,"מיוצר ע""\י גלידת שטראוס",,מיני מגנום שוקו וניל,Unknown,5.00,יחידה,false,,26.90,5.3800,true,1,135446
7290112700407,false,נר גדול מנצנץ מעמד ל,,,נר גדול מנצנץ מעמד ל,Unknown,0.00,יחידה,false,,10.00,0.0000,true,1,182964
7290112700421,false,נר גדול מנצנץ מעמד ל,שמחה זה אנחנו,,נר גדול מנצנץ מעמד ל,Unknown,0.00,יחידה,false,,10.00,0.0000,true,1,129158
7290112700605,false,נר גדול מנצנץ מעמד ל,,,נר גדול מנצנץ מעמד ל,Unknown,0.00,יחידה,false,,10.00,0.0000,true,1,129176
7290112700797,false,נר גדול מנצנץ מעמד ל,שמחה זה אנחנו,,נר גדול מנצנץ מעמד ל,Unknown,0.00,יחידה,false,,10.00,0.0000,true,1,129194
7290112703187,false,נרות אותיות HB כסף,,,נר אותיות כסף,Unknown,0.00,יחידה,false,,9.00,0.0000,true,1,129196
7290112703194,false,נרות אותיות HB זהב,,,נר אותיות זהב,Unknown,0.00,יחידה,false,,9.00,0.0000,true,1,129197
7290112705426,false,צלחת במבוק חד קרן 23,שמחה זה אנחנו בע`מ,,צלחת במבוק 23 - חד ק,Unknown,0.00,יחידה,false,,16.90,0.0000,true,1,129199
7290112705457,false,קערה במבוק חג קרן יח,שמחה זה אנחנו בע`מ,,קערה במבוק חד - קרן,Unknown,0.00,יחידה,false,,12.90,0.0000,true,1,129201
7290112706362,false,מארז שלישיית ביצי שוקולד מפרץ ההרפתקאות,שמחה זה אנחנו בע`מ,,שלישיית ביצי שוקולד,Unknown,0.00,יחידה,false,,13.90,0.0000,true,1,129205
7290112708069,false,מפת שולחן מטאלית 137,,,מפת שולחן מטאלית 137,Unknown,0.00,יחידה,false,,14.90,0.0000,true,1,192686
7290112961266,false,בייגלה כפיות פיזור איטלקי אסם 300 גרם,קבוצת אוסם סחר שותפות מוגבלת,,אסם בייגלה כפיות פיז,גרמים,300.00,100 גרם,false,,10.90,3.6333,true,1,127421
7290112961372,false,פיטנס חטיפי פריכיות דקות קינמון 60 גרם,קבוצת אוסם סחר שותפות מוגבלת,,פיטנס חטיפי פריכיות,Unknown,0.00,יחידה,false,,9.90,0.0000,true,1,127424
7290112961440,false,פיטנס חטיפי פריכיות שוקולד מריר 84 גרם,קבוצת אוסם סחר שותפות מוגבלת,,פיטנס בר פרכיות שוקו,Unknown,0.00,יחידה,false,,13.90,0.0000,true,1,159524
7290112961464,false,פיטנס חטיפי פריכיות דגנים וחומוס מתובלות,קבוצת אוסם סחר שותפות מוגבלת,,פיטנס חטיפי פריכיות,Unknown,0.00,יחידה,false,,9.90,0.0000,true,1,127427
7290112961754,false,עוגיות שוקולד ציפס עם קרם בטעם אגוזים 220 גר',קבוצת אוסם סחר שותפות מוגבלת,,עוגיות שוקוציפס קרם,גרמים,200.00,100 גרם,false,,11.90,5.9500,true,1,127437
7290112962287,false,טבעול שווארמה טבעונית 6*450 גרם,קבוצת אוסם סחר שותפות מוגבלת,,טבעול שווארמה טבעוני,גרמים,590.00,100 גרם,false,,29.90,5.0678,true,1,127447
7290112962546,false,מאגדת לה פרוטה מלון תפוח 350 גרם 5 יחידות,נגה גלידות שותפות מוגבלת,,לה פרוטה מאגדת מלון,Unknown,0.00,יחידה,false,,21.90,0.0000,true,1,158150
7290112963321,false,גריסיני בייגלה שטוח ללא גלוטן אסם 300גרם,קבוצת אוסם סחר שותפות מוגבלת,,גרטיפי בייגלה שטוח ל,גרמים,300.00,100 גרם,false,,17.90,5.9667,true,1,159631
7290112963918,false,פיטנס חטיפי קרקר דק רוזמרין 140 גרם,קבוצת אוסם סחר שותפות מוגבלת,,פיטנס קרקר דק רוזמרי,גרמים,140.00,100 גרם,false,,12.90,9.2143,true,1,127464
7290112964410,false,אסם רוטב אלף האיים חדש לסלט 290 גרם,קבוצת אוסם סחר שותפות מוגבלת,,רוטב אלף האיים לסלט,מיליליטרים,290.00,"100 מ""ל",false,,9.90,3.4138,true,1,127479
7290112964434,false,אסם רוטב קיסר חדש לסלט 295 גרם,קבוצת אוסם סחר שותפות מוגבלת,,רוטב לסלט קיסר 295 מ,מיליליטרים,295.00,"100 מ""ל",false,,9.90,3.3559,true,1,127480
7290112964458,false,רוטב ויניגרט חדש לסלט 295 גרם אסם,קבוצת אוסם סחר שותפות מוגבלת,,רוטב וינגרט קלאסי 29,מיליליטרים,295.00,"100 מ""ל",false,,9.90,3.3559,true,1,127481
7290112964472,false,אסם רוטב שום חדש לסלט 290 גרם,קבוצת אוסם סחר שותפות מוגבלת,,אסם רוטב שום לסלט כש,מיליליטרים,290.00,"100 מ""ל",false,,9.90,3.4138,true,1,127482
7290112964564,false,רוטב אלף האיים לייט לסלט אסם (295 מל),קבוצת אוסם סחר שותפות מוגבלת,,רוטב אלף האיים לייט,מיליליטרים,295.00,"100 מ""ל",false,,9.90,3.3559,true,1,127485
7290112964601,false,רוטב בנוסח סצ'ואן הסדרה האסייתית,קבוצת אוסם סחר שותפות מוגבלת,,אסם רוטב בנוסח סצואן,מיליליטרים,290.00,"100 מ""ל",false,,15.90,5.4828,true,1,127487
7290112964625,false,רוטב שום לייט לסלט 310 גרם אסם,קבוצת אוסם סחר שותפות מוגבלת,,"רוטב שום לייט 310 מ""",מיליליטרים,310.00,"100 מ""ל",false,,9.90,3.1935,true,1,127488
7290112964724,false,המבורגר צמחוני עם המון חלבון 580 גר,קבוצת אוסם סחר שותפות מוגבלת,,טבעול המבורגר טבעוני,גרמים,580.00,100 גרם,false,,29.90,5.1552,true,1,127490
7290112965103,false,תבשיל קוסקוס עם ירקות אסם 146 גרם,קבוצת אוסם סחר שותפות מוגבלת,,אסם קוסקוס עם ירקות,גרמים,146.00,100 גרם,false,,11.90,8.1507,true,1,127493
7290112965141,false,תבשיל פתיתים אפויים עם ירקות 130 גרם,קבוצת אוסם סחר שותפות מוגבלת,,אסם פתיתים אפויים עם,גרמים,130.00,100 גרם,false,,11.90,9.1538,true,1,127495
7290112965288,false,מרק נמס ירקות אסם בדצ 56 גרם מארז זוגי,קבוצת אוסם סחר שותפות מוגבלת,,אסם זוג מרק נמס ירקו,Unknown,0.00,יחידה,false,,6.50,0.0000,true,1,127502
7290112965301,false,זוג מרק נמס בטעם עוף עם שקדי מרק רגע חם,קבוצת אוסם סחר שותפות מוגבלת,,אסם זוג מרק נמס טעם,Unknown,0.00,יחידה,false,,6.50,0.0000,true,1,127503
7290112965325,false,תבשיל אורז ספרדי אוסם 140 גרם,קבוצת אסם סחר שות. מוגבלת,,אסם אורז ספרדי 140 ג,גרמים,140.00,100 גרם,false,,11.90,8.5000,true,1,127504
7290112965660,false,פיטנס - חטיף מולטיגריין מלח פלפל 25 גרם,קבוצת אוסם סחר שותפות מוגבלת,,פיטנס חטיף מולטיגריי,Unknown,0.00,יחידה,false,,5.90,0.0000,true,1,168304
7290112965684,false,פיטנס - חטיף מולטיגריין עשבי תיבול 25 גרם,קבוצת אוסם סחר שותפות מוגבלת,,פיטנס חטיף מולטיגריי,Unknown,0.00,יחידה,false,,5.90,0.0000,true,1,168305
7290112965707,false,פיטנס - חטיף מולטיגריין צילי מעודן 25 גרם,קבוצת אוסם סחר שותפות מוגבלת,,פיטנס חטיף מולטיגריי,Unknown,0.00,יחידה,false,,5.90,0.0000,true,1,168307
7290112965745,false,אוסם - ביסלי פריסטייל בצל מעושן 60 גרם,קבוצת אוסם סחר שותפות מוגבלת,,ביסלי פריסטייל בצלמע,Unknown,0.00,יחידה,false,,4.90,0.0000,true,1,182906
7290112965783,false,אוסם - ביסלי פריסטייל על האש 60 גרם,קבוצת אוסם סחר שותפות מוגבלת,,ביסלי פריסטייל על הא,Unknown,0.00,יחידה,false,,4.90,0.0000,true,1,182908
7290112965806,false,אוסם - ביסלי פריסטייל חמוץ חריף 60 גרם,קבוצת אוסם סחר שותפות מוגבלת,,ביסלי פריסטייל חמוץ,Unknown,0.00,יחידה,false,,4.90,0.0000,true,1,182907
7290112965868,false,קרם קרקר במתיקות מעודנת אסם 250 גרם,קבוצת אוסם סחר שותפות מוגבלת,,אסם קרם קרקר במליחות,גרמים,250.00,100 גרם,false,,9.90,3.9600,true,1,127516
7290112965905,false,בייגלה שמיניות במליחות מעודנת אסם 400 גרם,קבוצת אוסם סחר שותפות מוגבלת,,אסם בייגלה שמיניות ב,גרמים,400.00,100 גרם,false,,10.90,2.7250,true,1,127517
7290112965943,false,נאגטס ירקות ירוקים ( 500 גר`) טבעול,קבוצת אוסם סחר שותפות מוגבלת,,טבעול נאגטס ירקות יר,Unknown,0.00,יחידה,false,,35.90,0.0000,true,1,170383
7290112966001,false,"טבעול גורמה ארוחת ירוקים, 450 גרם",קבוצת אוסם סחר שותפות מוגבלת,,טבעול גורמה ארוחת יר,Unknown,0.00,יחידה,false,,36.90,0.0000,true,1,194185
7290112966247,false,לחמית כוסמין אסם 200 גרם,קבוצת אוסם סחר שותפות מוגבלת,,אסם לחמית כוסמין 200,גרמים,200.00,100 גרם,false,,11.90,5.9500,true,1,159525
7290112966445,false,במבה מתוקה אריזה גדולה 100 גר`אסם,קבוצת אוסם סחר שותפות מוגבלת,,במבה מתוקה אסם 100 ג,גרמים,100.00,100 גרם,false,,9.90,9.9000,true,1,168389
7290112966728,false,צבר טחינה בלאדי פלפלים חריפים 350 גרם,קבוצת אוסם סחר שותפות מוגבלת,,צבר טחינה בלאדי פלפל,גרמים,350.00,100 גרם,false,,15.90,4.5429,true,1,127535
7290112966766,false,צבר טחינה בלאדי חציל עגבניות ושום 350 גרם,קבוצת אוסם סחר שותפות מוגבלת,,צבר טחינה בלאדי חציל,גרמים,350.00,100 גרם,false,,15.90,4.5429,true,1,127537
7290112966780,false,צבר טחינה בלאדי עם חציל קלוי 350 גרם,קבוצת אוסם סחר שותפות מוגבלת,,צבר טחינה בלאדי עם ב,גרמים,350.00,100 גרם,false,,16.90,4.8286,true,1,127538
7290112966841,false,אינסטנט פודינג בטעם שוקולד מריר 95 גרם,קבוצת אוסם סחר שותפות מוגבלת,,אסם פודינג בטעם שוקו,Unknown,0.00,יחידה,false,,5.50,0.0000,true,1,127540
7290112967114,false,פיטנס חטיפי פריכיות קטניות ופלפל 60 גרם,קבוצת אוסם סחר שותפות מוגבלת,,פיטנס חטיפי פריכיות,Unknown,0.00,יחידה,false,,9.90,0.0000,true,1,159523
7290112967268,false,מרק בטעם עוף ואטריות 55 ג' אוסם,,,אסם מרק בטעם עוף ואט,גרמים,55.00,100 גרם,false,,4.90,8.9091,true,1,194693
7290112967299,false,אסם מרק ירקות ייעודי,קבוצת אוסם סחר שותפות מוגבלת,,אסם מרק ירקות ייעודי,גרמים,50.00,100 גרם,false,,4.90,9.8000,true,1,194694
7290112967381,false,פיטנס חטיפי פריכיות קטניות ומלח ים 60 גרם,קבוצת אוסם סחר שותפות מוגבלת,,פיטנס חטיפי פריכיות,Unknown,0.00,יחידה,false,,9.90,0.0000,true,1,159520
7290112967572,false,"אסם רוטב ברביקיו 290 מ""ל אסם",קבוצת אוסם סחר שותפות מוגבלת,,אסם רוטב ברביקיו 290,מיליליטרים,290.00,"100 מ""ל",false,,9.90,3.4138,true,1,127544
7290112967848,false,אבקה להכנת ג`לי בטעם תות אסם (90 גרם) מו,קבוצת אוסם סחר שותפות מוגבלת,,אסם גל תות שדה מופחת,Unknown,0.00,יחידה,false,,6.90,0.0000,true,1,127550
7290112968340,false,צבר חומוס סמיר הגדול 400 גר`,קבוצת אוסם סחר שותפות מוגבלת,,סלטי צבר חומוס גרוס,גרמים,400.00,100 גרם,false,,15.90,3.9750,true,1,127554
7290112968449,false,סלט טחינה כרוב אדום 250 גרם,קבוצת אוסם סחר שותפות מוגבלת,,צבר סלט כרוב אדום 25,גרמים,250.00,100 גרם,false,,11.90,4.7600,true,1,171909
7290112968807,false,80018416694פיטנס חטיפי קרקר דק סלק 150גר,קבוצת אוסם סחר שותפות מוגבלת,,פיטנס קרקר דק סלק 14,גרמים,140.00,100 גרם,false,,12.90,9.2143,true,1,168295
7290112968821,false,חטיפי קרקר דק בטטה 140 גר` פיטנס,קבוצת אוסם סחר שותפות מוגבלת,,פיטנס קרקר דק בטטה 1,גרמים,140.00,100 גרם,false,,12.90,9.2143,true,1,168306
7290112969286,false,בישולים רוטב חרדל ודבש ( 330 גר`) אסם,קבוצת אוסם סחר שותפות מוגבלת,,אסם בישולים רוטב חרד,גרמים,330.00,100 גרם,false,,17.90,5.4242,true,1,170381
7290113192201,false,תערובת להכנת סחלב 500 גרם ששון הקולה,דין שיווק וקליה 2021 בעמ,,פינוק סחלב 500 גרם,גרמים,500.00,100 גרם,false,,13.90,2.7800,true,1,161120
7290113192218,false,תערובת להכנת מלבי 500 גרם ששון הקולה,דין שיווק וקליה 2021 בעמ,,פינוק מלבי 500 גרם,גרמים,500.00,100 גרם,false,,13.90,2.7800,true,1,161121
7290113192232,false,תערובת להכנת קינוח פנקייק 400 גר' שקדיה,דין שיווק וקליה 2021 בעמ,,תערובת להכנה מהירה פ,גרמים,400.00,100 גרם,false,,13.90,3.4750,true,1,161123
7290113192300,false,זיתים מושחרים חרוזית 275 גרם בית השיטה,קבוצת אוסם סחר שותפות מוגבלת,,בית השיטה חרוזית מוש,גרמים,275.00,100 גרם,false,,10.90,3.9636,true,1,127559
7290113192317,false,זיתים מושחרים טבעות בית השיטה (280 גרם),קבוצת אוסם סחר שותפות מוגבלת,,בית השיטה טבעות זיתי,גרמים,560.00,100 גרם,false,,12.90,2.3036,true,1,127560
7290113192348,false,בית השיטה זיתים ירוקים גדול מאודבטעם שום,קבוצת אוסם סחר-שות.מוגבלת,,בית השיטה זית מנס.יר,גרמים,560.00,100 גרם,false,,10.90,1.9464,true,1,127563
7290113192355,false,חרוזית זיתים ירוקים ללא גלעין 275 ג' בית השיטה,קבוצת אוסם סחר שותפות מוגבלת,,בית השיטה חרוזית ירו,גרמים,275.00,100 גרם,false,,11.90,4.3273,true,1,127564
7290113192362,false,זיתים ירוקים טבעות A2 בית השיטה 280 גרם,קבוצת אוסם סחר שותפות מוגבלת,,בית השיטה טבעות זיתי,גרמים,560.00,100 גרם,false,,12.90,2.3036,true,1,127565
7290113192379,false,בית השיטה זיתים ירוקים מבוקעים א2 340גר',קבוצת אוסם סחר-שות.מוגבלת,,בית השיטה זיתים ירוק,גרמים,560.00,100 גרם,false,,10.90,1.9464,true,1,127566
7290113192386,false,בית השיטה זיתים ירוקים סורי מבוקע 340גרם,קבוצת אוסם סחר שותפות מוגבלת,,בית השיטה זית סורי מ,גרמים,340.00,100 גרם,false,,12.90,3.7941,true,1,127567
7290113192478,false,בית השיטה מלפפונים במלח בינוני 10-12 320 גרם,קבוצת אוסם סחר שותפות מוגבלת,,בית השיטה מלפפון במל,גרמים,320.00,100 גרם,false,,9.90,3.0938,true,1,127575
7290113192485,false,בית השיטה מלפפונים בחומץ בינוני 10-12 290 גרם,קבוצת אוסם סחר שותפות מוגבלת,,בית השיטה מלפפון חמו,גרמים,290.00,100 גרם,false,,9.90,3.4138,true,1,127576
7290113192492,false,בית השיטה מלפפונים בחומץ קטנים 1317 290 גרם,קבוצת אוסם סחר שותפות מוגבלת,,בית השיטה מלפפון בחו,גרמים,290.00,100 גרם,false,,11.90,4.1034,true,1,127577
7290113192508,false,בית השיטה מלפפונים במלח קטן 1317 320 גרם,קבוצת אוסם סחר שותפות מוגבלת,,בית השיטה מלפפון במל,גרמים,320.00,100 גרם,false,,11.90,3.7188,true,1,127578
7290113192515,false,בית השיטה מלפפונים במלח קטן מאוד 1825 320 גרם,קבוצת אוסם סחר שותפות מוגבלת,,מלפפון במלח קטנים מא,גרמים,320.00,100 גרם,false,,12.90,4.0313,true,1,127579
7290113192522,false,בית השיטה מלפפונים בחומץ קטן מאוד 1825 290 גרם,קבוצת אוסם סחר שותפות מוגבלת,,מלפפון בחומץ 8-25,גרמים,290.00,100 גרם,false,,12.90,4.4483,true,1,127580
7290113192539,false,בית השיטה מלפפונים במלח גדול 79 320 גרם,קבוצת אוסם סחר שותפות מוגבלת,,בית השיטה מלפפון במל,גרמים,320.00,100 גרם,false,,7.90,2.4688,true,1,127581
7290113192546,false,"מלפפונים בחומץ רכיבים טבעיים 7-9 ""בית השיטה""",קבוצת אוסם סחר שותפות מוגבלת,,בית השיטה מלפפון בחו,גרמים,290.00,100 גרם,false,,7.90,2.7241,true,1,127582
7290113192553,false,מלפפונים במלח 13-17 פיקנטי בית השיטה 320 גרם,קבוצת אוסם סחר-שות.מוגבלת,,בית השיטה מלפפון במל,גרמים,320.00,100 גרם,false,,11.90,3.7188,true,1,127583
7290113192560,false,פלפל חריף כבוש שיפקה בית השיטה (430 גר`),קבוצת אוסם סחר שותפות מוגבלת,,בית השיטה פלפל שיפקה,גרמים,230.00,100 גרם,false,,7.90,3.4348,true,1,127584
7290113192577,false,בית השיטה כרוב כבוש א2 12*430גרם חדש,קבוצת אוסם סחר שותפות מוגבלת,,בית השיטה כרוב כבוש,גרמים,430.00,100 גרם,false,,9.90,2.3023,true,1,127585
7290113192997,false,בית השיטה חזית מרוקאי 340 גר`,קבוצת אוסם סחר שותפות מוגבלת,,בית השיטה זית מרוקאי,גרמים,340.00,100 גרם,false,,15.90,4.6765,true,1,160051
7290113193000,false,בית השיטה פלפל שיפקונית 230 גרם*,קבוצת אוסם סחר שותפות מוגבלת,,בית השיטה פלפל שיפקו,גרמים,230.00,100 גרם,false,,12.90,5.6087,true,1,160052
7290113193017,false,בית השיטה חרוזית קוקטייל זיתים 275 גרם,קבוצת אוסם סחר שותפות מוגבלת,,בית השיטה חרוזית קוק,גרמים,275.00,100 גרם,false,,15.90,5.7818,true,1,159821
7290113193888,false,חצילים מוחמצים בית השיטה 320 גרם,קבוצת אוסם סחר שותפות מוגבלת,,בית השיטה חצילים מוח,גרמים,320.00,100 גרם,false,,12.90,4.0313,true,1,171086
7290113194090,false,בית השיטה טבעות זיתים קלמטה 280 גרם,קבוצת אוסם סחר שותפות מוגבלת,,טבעות זיתים קלמטה,Unknown,0.00,יחידה,false,,15.90,0.0000,true,1,163078
7290113195196,false,"רסק תפוחי עץ ללת""ס 710 גרם",דין שיווק וקליה 2021 בעמ,,רסק תפוחי עץ,גרמים,360.00,100 גרם,false,,11.90,3.3056,true,1,182785
7290113196414,false,"אורז בסמטי 1 ק""ג - שקדיה כחול מטאלי",דין שיווק וקליה 2021 בעמ,,"שקדיה אורז בסמטי ק""ג",פריט,1.00,"ק""ג",false,,10.90,10.9000,true,1,187224
7290113198562,false,סוכריות גומי בטעם תות שדה 200 ג' שקדיה,דין שיווק וקליה 2021 בעמ,,סוכריות גומי בטעם תו,גרמים,200.00,100 גרם,false,,9.90,4.9500,true,1,196839
7290113198579,false,סוכריות גומי דובונים בטעמי פירות 200 ג' שקדיה,דין שיווק וקליה 2021 בעמ,,סוכריות גומי דובונים,גרמים,200.00,100 גרם,false,,9.90,4.9500,true,1,196837
7290113198593,false,סוכריות גומי מסוכרות בטעם בננה 200 ג' שקדיה,דין שיווק וקליה 2021 בעמ,,סוכריות גומי נחשים ב,גרמים,200.00,100 גרם,false,,9.90,4.9500,true,1,196835
7290113198609,false,סוכריות גומי נחשים בטעמי פירות 200 ג' שקדיה,דין שיווק וקליה 2021 בעמ,,סוכריות גומי נחשים ב,גרמים,200.00,100 גרם,false,,9.90,4.9500,true,1,196836
7290113198616,false,ברנפלקס דגנים מחיטה מלאה וסובין 500 גרם שקדיה,שקדיה,,ברנפלקס דגנים מחיטה,גרמים,500.00,100 גרם,false,,14.90,2.9800,true,1,197387
7290113199323,false,עלי טורטילוס בוריטו150גר,אלקטי קוראבייכיסיגידה טו,,טורטיה מיני 150 גרם,גרמים,150.00,100 גרם,false,,5.90,3.9333,true,1,197388
7290113199408,false,פרכיות כוסמין דקות בתוספת מלח שקדיה 95 גרם,דין שיווק וקליה 2021 בעמ,,פרכיות כוסמין דקות ב,גרמים,95.00,100 גרם,false,,9.90,10.4211,true,1,196858
7290113199897,false,סוכריות חמצוצים בטעם תות שדה 180 ג' שקדיה,דין שיווק וקליה 2021 בעמ,,סוכריות חמצוצים בטעם,גרמים,180.00,100 גרם,false,,9.90,5.5000,true,1,196842
7290113199903,false,סוכריות חמצוצים בטעם תות בננה 180 ג' שקדיה,דין שיווק וקליה 2021 בעמ,,סוכריות חמצוצים בטעם,גרמים,180.00,100 גרם,false,,9.90,5.5000,true,1,196840
7290113199910,false,סוכריות חמצוצים בטעם קולה 180 ג' שקדיה,דין שיווק וקליה 2021 בעמ,,סוכריות חמצוצים בטעם,גרמים,180.00,100 גרם,false,,9.90,5.5000,true,1,196841
7290113199927,false,סוכריות חמצוצים בטעם פירות 180 ג' שקדיה,דין שיווק וקליה 2021 בעמ,,סוכריות חמצוצים בטעמ,גרמים,180.00,100 גרם,false,,9.90,5.5000,true,1,196844
7290113199934,false,סוכריות חמצוצים בטעם אוכמניות 180 ג' שקדיה,דין שיווק וקליה 2021 בעמ,,סוכריות חמצוצים בטעם,גרמים,180.00,100 גרם,false,,9.90,5.5000,true,1,196843
7290113310780,false,בלוני קונפטי 12 3 יח,,,בלוני קונפטי 12 3 יח,Unknown,0.00,יחידה,false,,12.90,0.0000,true,1,167124
7290113310797,false,בלוני קונפטי 12 3 יח,,,בלוני קונפטי 12 3 יח,Unknown,0.00,יחידה,false,,12.90,0.0000,true,1,167125
7290113313583,false,"צלחות נייר 23 סמ"" עג",,,"צלחות נייר 23 סמ"" עג",Unknown,0.00,יחידה,false,,9.90,0.0000,true,1,129227
7290113317567,false,שקיות מטאלי לבן 10 יחידו,שמחה זה אנחנו,,שקית 10 מטאלי לבן,Unknown,0.00,יחידה,false,,8.00,0.0000,true,1,129243
7290113317581,false,שקיות מטאלי זהב 10 יחידו,,,שקית 10 מטאלי זהב,Unknown,0.00,יחידה,false,,8.00,0.0000,true,1,129244
7290113317598,false,שקיות מטאלי כסף 10 יחידו,שמחה זה אנחנו,,שקית 10 מטאלי כסף,Unknown,0.00,יחידה,false,,8.00,0.0000,true,1,129245
7290113317604,false,שקיות מטאלי אדום 10 יחיד,,,שקית 10 מטאלי אדום,Unknown,0.00,יחידה,false,,8.00,0.0000,true,1,129246
7290113560055,false,פרודונטקס מי פה טיפול יומי לחניכיים 500,"מאסטרפוד אוסטריה בע""מ",,פרדונטקס מי פה 500,Unknown,0.00,יחידה,false,,29.90,0.0000,true,1,169171
7290113560109,false,פרודונטקס מ.שיניים בטעם צמחי 75 מל,פרודונטקס Parodontax,,מ.פרדונטקס צמחי 75 מ,Unknown,0.00,יחידה,false,,29.90,0.0000,true,1,197206
7290113591905,false,נר ספרה 7 ורוד מטאלי,,,נר ספרה 7 ורוד מטאלי,Unknown,0.00,יחידה,false,,7.90,0.0000,true,1,167168
7290113592674,false,נר גדול ספרה 3 עם מעמד שחור - כסף מטאלי,,,נר מספר 3,Unknown,0.00,יחידה,false,,7.90,0.0000,true,1,166278
7290113594180,false,"בקבוק טריטן 700 מ""ל עם צמידים - חד קרן",שמחה זה אנחנו בעמ,,בקבוק טריטן עם צמידי,Unknown,0.00,יחידה,false,,29.90,0.0000,true,1,129282
7290113594579,false,שלישיית ביצי שוקולד(חלב נוכרי)-מפרץ הרפתקאות,שמחה זה אנחנו בעמ,,שלישיית ביצי שוקולד,Unknown,0.00,יחידה,false,,13.90,0.0000,true,1,129286
7290113831674,false,תחתוני נשים חמישיות,,,תחתוני נשים חמישיות,Unknown,0.00,יחידה,false,,19.90,0.0000,true,1,195389
7290113831681,false,תחתוני נשים רביעיוה,,,תחתוני נשים רביעיוה,Unknown,0.00,יחידה,false,,19.90,0.0000,true,1,171207
7290113832282,false,תחתוני נשים חמישיות,,,תחתוני נשים חמישיות,Unknown,0.00,יחידה,false,,19.90,0.0000,true,1,195391
7290113832299,false,כריות נוי,,,כריות נוי,Unknown,0.00,יחידה,false,,12.90,0.0000,true,1,185692
7290114145831,false,אוליב שמפו לשיער יבש ופגום מועשר בשמן זית,אוליב Olive,,אוליב שמפו שמן זית,Unknown,0.00,יחידה,false,,18.90,0.0000,true,1,155919
7290114145848,false,אוליב - מרכך לשיער יבש ופגום מועשר בשמן זית,אוליב Olive,,אוליב מרכך שמן זית,Unknown,0.00,יחידה,false,,18.90,0.0000,true,1,155920
7290114146289,false,"אוליב - תחליב רחצה שמן זית 800 מ""ל",א.פ.חורי,,אוליב מרכך שמן זית,Unknown,0.00,יחידה,false,,18.90,0.0000,true,1,155921
7290114147569,false,אוליב ק.גוף שמן זית 500מ'ל,א.פ.חורי,,אוליב קרם גוף שמן זי,מיליליטרים,500.00,"100 מ""ל",false,,18.90,3.7800,true,1,110730
7290114162845,false,טו גו 100 יח' כוסות,,,טו גו 100 יח' כוסות,Unknown,0.00,יחידה,false,,7.90,0.0000,true,1,201895
7290114162852,false,הום צלחות גדולות 50,,,הום צלחות גדולות 50,Unknown,0.00,יחידה,false,,28.90,0.0000,true,1,202039
7290114162869,false,הום צלחות קטנות 25 י,,,הום צלחות קטנות 25 י,Unknown,0.00,יחידה,false,,6.90,0.0000,true,1,202035
7290114162876,false,הום קעריות אובליות ח,,,הום קעריות אובליות ח,Unknown,0.00,יחידה,false,,4.90,0.0000,true,1,202036
7290114250009,false,אטריות אסלית 250 ג' PASTOS,,,אטריות אסלית 250 גרם,גרמים,250.00,100 גרם,false,,3.90,1.5600,true,1,148469
7290114250160,false,חומץ חום 5% 1 ליטר,,,חומץ חום 5% 1 ליטר,קילוגרמים,1.00,ליטר,false,,4.90,4.9000,true,1,198274
7290114250313,false,וופל חתיכות וחתיכים,,,וופל חתיכות וחתיכים,Unknown,0.00,יחידה,false,,12.90,0.0000,true,1,172107
7290114250320,false,וופל חתיכות וחתיכים,,,וופל חתיכות וחתיכים,Unknown,0.00,יחידה,false,,12.90,0.0000,true,1,172116
7290114250344,false,וופל חתיכות וחתיכים,,,וופל חתיכות וחתיכים,Unknown,0.00,יחידה,false,,12.90,0.0000,true,1,172108
7290114250689,false,פסטה ספגטי 250 ג' פסטוס,,,פסטה ספגטי 8 250 גרם,גרמים,250.00,100 גרם,false,,3.90,1.5600,true,1,198272
7290114310215,false,"שמנת מתוקה 38% רמת הגולן 250 מ""ל ווסטהיים - מוצר בפיקוח",החברה המרכזית טלהפצת משקאות בע,,טרה שמנת מתוקה 38% 2,גרמים,250.00,100 גרם,false,,6.47,2.5880,true,1,167908
7290114310222,false,חלב מועשר בסידן וויטמין Dי 3% 1.5 ל' טרה,החברה המרכזית טלהפצת משקאות בע,,טרה חלב מעושר בסידן,קילוגרמים,1.50,ליטר,false,,12.50,8.3333,true,1,161844
7290114310239,false,חלב נטול לקטוז מועשר בוויטמין D י 2% 1.5 ל' טרה,החברה המרכזית טלהפצת משקאות בע,,טרה חלב נטול לקטוז מ,קילוגרמים,1.50,ליטר,false,,12.50,8.3333,true,1,161848
7290114310338,false,צפתית מעודנת 5% בגביע 225 גרם משק צוריאל,החברה המרכזית טלהפצת משקאות בע,,צפתית מעודנת 5% 225,גרמים,225.00,100 גרם,false,,20.90,9.2889,true,1,172189
7290114310345,false,מעדן יוגורט בטעם תות 1.5% 125 גרם טרה,החברה המרכזית טלהפצת משקאות בע,,מעדן יוגורט בטעם תות,גרמים,125.00,100 גרם,false,,3.20,2.5600,true,1,166382
7290114310536,false,יוגורט לייט מעושר חלבון 25 גרם חלבון וניל MULLER ACTIVE,החברה המרכזית טלהפצת משקאות בע,,יוגורט לייט מעושר חל,Unknown,0.00,יחידה,false,,7.90,0.0000,true,1,173525
7290114310550,false,גבינת פטה עיזים מעודנת 5% משק צוריאל 200 גרם,החברה המרכזית טלהפצת משקאות בע,,פטה עיזים מעודנת 5%,גרמים,200.00,100 גרם,false,,26.90,13.4500,true,1,181385
7290114310567,false,לאבנה עיזים 5% 200 גר` צוריאל,החברה המרכזית טלהפצת משקאות בע,,לאבנה עיזים 5% שומן,Unknown,0.00,יחידה,false,,16.90,0.0000,true,1,181388
7290114310574,false,צוריאל קרם שמנת עיזים מעודנת 5% 200 גר,החברה המרכזית טלהפצת משקאות בע,,גבינת קרם שמנת עיזים,גרמים,200.00,100 גרם,false,,15.90,7.9500,true,1,181387
7290114310611,false,"משקה חלב בננה בבקבוק פקק ספורט טרה 250 מ""ל",החברה המרכזית טלהפצת משקאות בע,,טרה משקה חלב בננה 25,מיליליטרים,250.00,"100 מ""ל",false,,5.90,2.3600,true,1,181389
7290114310628,false,משקה חלב וניל ועוגיות בקבוק 1 ליטר,החברה המרכזית טלהפצת משקאות בע,,טרה משקה חלב וניל עו,קילוגרמים,1.00,ליטר,false,,11.90,11.9000,true,1,180771
7290114310673,false,לאבנה מחלב בקר 9% שומן 250 גרם,החברה המרכזית טלהפצת משקאות בע,,לאבנה 9% 250 גרם,גרמים,250.00,100 גרם,false,,13.90,5.5600,true,1,181392
7290114310895,false,"סימפלי פרוט יוגורט עם מנגו תות, שמיניה 8 * 150 גרם",החברה המרכזית טלהפצת משקאות בע,,מאגדת שמינייה סימפלי,Unknown,0.00,יחידה,false,,31.90,0.0000,true,1,186778
7290114310901,false,"גבינה לבנה ""טרה"" 5% -מוצר בפיקוח",החברה המרכזית טלהפצת משקאות בע,,טרה גבינה לבנה 5% 25,גרמים,250.00,100 גרם,false,,4.98,1.9920,true,1,201646
7290114310963,false,יוגורט מחלב עיזים מלא כ3.8% שומן מועשר 500 גר',*החברה המרכזית להפצת משקאותבעמ,,יוגורט מחלב עיזים מל,גרמים,500.00,100 גרם,false,,15.90,3.1800,true,1,187328
7290114311014,false,"משקה חלב אייס קפוצ'ינו פקק ספורט טרה 250 מ""ל",החברה המרכזית טלהפצת משקאות בע,,משקה אייס קפוצ'ינו 2,מיליליטרים,250.00,"100 מ""ל",false,,5.90,2.3600,true,1,196397
7290114311021,false,"משקה חלב וניל עוגיות פקק ספורט טרה 250 מ""ל",החברה המרכזית טלהפצת משקאות בע,,משקה וניל עוגיות 250,גרמים,250.00,100 גרם,false,,5.90,2.3600,true,1,196398
7290114311038,false,"שמנת מתוקה 32% עמידה בבקבוק טרה 250 מ""ל",החברה המרכזית טלהפצת משקאות בע,,שמנת מתוקה להקצפה 32,גרמים,250.00,100 גרם,false,,7.50,3.0000,true,1,196399
7290114311069,false,יוגורט לבן מועשר בחלבון 0% שומן 200 גרם muller active,החברה המרכזית טלהפצת משקאות בע,,מולר אקטיב עם 25 ג',גרמים,150.00,100 גרם,false,,6.90,4.6000,true,1,194678
7290114311076,false,"חמאת מולר צהובה עם שום, 200 גרם",החברה המרכזית טלהפצת משקאות בע,,מולר חמאה צהובה עם ש,גרמים,200.00,100 גרם,false,,13.90,6.9500,true,1,196404
7290114311298,false,יוגורט מולר פרופ בטעם תות בננה מלון 150,החברה המרכזית טלהפצת משקאות בע,,מולר פרופ קציפת תות,מיליליטרים,150.00,"100 מ""ל",false,,5.10,3.4000,true,1,197406
7290114311304,false,יוגורט קציפת מנגו פסיפלורה בננה 150 ג' מולר,החברה המרכזית טלהפצת משקאות בע,,מולר פרופ קציפת מנגו,מיליליטרים,150.00,"100 מ""ל",false,,5.10,3.4000,true,1,197407
7290114311328,false,חלב מועשר דל לקטוז מעושר בויטמין Dי 2% שומן טרה 1 ליטר,החברה המרכזית טלהפצת משקאות בע,,טרה חלב נטול לקטוז1,קילוגרמים,1.00,ליטר,false,,8.50,8.5000,true,1,198302
7290114311359,false,יוגורט עם קציפת מנגו 3% שומן פרופ 150 ג' מולר,החברה המרכזית טלהפצת משקאות בע,,מולר פרופ מנגו 3% 15,מיליליטרים,150.00,"100 מ""ל",false,,5.10,3.4000,true,1,198248
7290114480185,false,נויה שמפו קוקוס 500,,,נויה שמפו קוקוס 500,מיליליטרים,500.00,"100 מ""ל",false,,19.90,3.9800,true,1,198156
7290114480192,false,נויה שמפו ארגן 500 מ,,,נויה שמפו ארגן 500 מ,מיליליטרים,500.00,"100 מ""ל",false,,19.90,3.9800,true,1,198157
7290114480208,false,"נויה שמפו קיק 500 מ""",,,"נויה שמפו קיק 500 מ""",מיליליטרים,500.00,"100 מ""ל",false,,19.90,3.9800,true,1,198158
7290114480215,false,נויה שמפו קרטין 500,,,נויה שמפו קרטין 500,מיליליטרים,500.00,"100 מ""ל",false,,19.90,3.9800,true,1,198159
7290114480222,false,נויה מרכך קוקוס 500,,,נויה מרכך קוקוס 500,מיליליטרים,500.00,"100 מ""ל",false,,19.90,3.9800,true,1,198165
7290114480239,false,נויה מרכך ארגן 500 מ,,,נויה מרכך ארגן 500 מ,מיליליטרים,500.00,"100 מ""ל",false,,19.90,3.9800,true,1,198160
7290114480246,false,"נויה מרכך קיק 500 מ""",,,"נויה מרכך קיק 500 מ""",מיליליטרים,500.00,"100 מ""ל",false,,19.90,3.9800,true,1,198161
7290114480253,false,נויה מרכך קרטין 500,,,נויה מרכך קרטין 500,מיליליטרים,500.00,"100 מ""ל",false,,19.90,3.9800,true,1,198162
7290114480277,false,נויה מסכה לשיער קרטי,,,נויה מסכה לשיער קרטי,מיליליטרים,500.00,"100 מ""ל",false,,39.90,7.9800,true,1,198164
7290114480284,false,נויה סרום לשיער שמן,,,נויה סרום לשיער שמן,Unknown,0.00,יחידה,false,,29.90,0.0000,true,1,198172
7290114480291,false,נויה סרום לשיער קרטי,,,נויה סרום לשיער קרטי,Unknown,0.00,יחידה,false,,29.90,0.0000,true,1,198173
7290114513258,false,מכתש ועלי לתבלינים מ,,,מכתש ועלי לתבלינים מ,Unknown,0.00,יחידה,false,,79.90,0.0000,true,1,199247
7290114514910,false,מקלף ירקות להב וידית,,,מקלף ירקות להב וידית,Unknown,0.00,יחידה,false,,14.90,0.0000,true,1,199238
7290114600927,false,עלי טורטייה חיטה מלאה מאסטר שף 320 גרם,אלקאטי קורביישיסי גי,,מאסטר שף עלי טורטיה,גרמים,320.00,100 גרם,false,,10.90,3.4063,true,1,167983
7290114600941,false,מאסטר שף מיונז הולנדי לחיץ 435 גרם,ש. שסטוביץ בע`מ,,מאסטר שף מיונז לחיץ,גרמים,435.00,100 גרם,false,,14.90,3.4253,true,1,175098
7290114600989,false,"רוטב אלף האיים מאסטר שף 250 מ""ל",ש. שסטוביץ בע`מ,,מאסטר שף אלף האיים 2,מיליליטרים,250.00,"100 מ""ל",false,,9.90,3.9600,true,1,163040
7290114600996,false,מאסטר שף רוטב שום 256 גרם,ש. שסטוביץ בע`מ,,מאסטר שף רוטב שום 25,מיליליטרים,250.00,"100 מ""ל",false,,9.90,3.9600,true,1,163041
7290114603522,false,מאסטר שף רוטב קארי ירוק 340 גרם,ש. שסטוביץ בע`מ,,מאסטר שף רוטב קארי י,גרמים,340.00,100 גרם,false,,15.90,4.6765,true,1,168040
7290114603539,false,קרוטונים למרק שום בצל מאסטר שף 350 גרם,"עינת תעשיות מזון, אגשח ב",,מאסטר שף קרוטונים למ,גרמים,350.00,100 גרם,false,,18.90,5.4000,true,1,168041
7290114603584,false,PLAY חטיף פוף בטעם גריל 40 גרם,ש. שסטוביץ בע`מ,,פוף PLAY בטעם גריל 4,Unknown,0.00,יחידה,false,,3.90,0.0000,true,1,163045
7290114603591,false,PLAY חטיף פוף בטעם קטשופ 40 גרם,ש. שסטוביץ בע`מ,,פוף PLAY בטעם קטשופ,Unknown,0.00,יחידה,false,,3.90,0.0000,true,1,163046
7290114603607,false,PLAY חטיף פוף בטעם חמוץ חריף 40 גרם,ש. שסטוביץ בע`מ,,פוף PLAY בטעם חומץ ח,Unknown,0.00,יחידה,false,,3.90,0.0000,true,1,163047
7290114603768,false,"מארז אג'קס כלורון נוזל לניקוי אסלות 750 מ""ל*2 יח'",קולגייט פלמוליב,,"אג'קס שירותים 750 מ""",Unknown,0.00,יחידה,false,,24.90,0.0000,true,1,162214
7290114604857,false,"דפי אורז מאסטר שף קוטר 22 ס""מ 400 גרם",ש. שסטוביץ בע`מ,,דפי אורז קוטר 22,Unknown,0.00,יחידה,false,,14.90,0.0000,true,1,175100
7290114604864,false,קוסקוס סולת דק מאסטר שף 350 גרם,ש. שסטוביץ בע`מ,,קוסקוס סולת דק 350 ג,גרמים,350.00,100 גרם,false,,5.90,1.6857,true,1,169911
7290114604871,false,קוסקוס סולת בינוני מאסטר שף 350 גרם,ש. שסטוביץ בע`מ,,קוסקוס סולת בינוני 3,גרמים,350.00,100 גרם,false,,5.90,1.6857,true,1,169912
7290114604895,false,מאסטר שף מיונז ספייסי לחיץ 446 גרם,ש. שסטוביץ בע`מ,,מאסטר שף ממרח ספייסי,גרמים,446.00,100 גרם,false,,14.90,3.3408,true,1,182515
7290114604901,false,ממרח שום לחיץ מאסטר שף 444 גרם,ש. שסטוביץ בע`מ,,מאסטר שף ממרח שום לח,גרמים,444.00,100 גרם,false,,14.90,3.3559,true,1,182516
7290114604949,false,מאסטר שף רוטב ברביקיו 524 גרם,רמיה סי.וי. הולנד,,מאסטר שף רוטב ברביקי,גרמים,524.00,100 גרם,false,,13.90,2.6527,true,1,182519
7290114604963,false,פירורי לחם מתובלים מאסטר שף 230 גרם,ש. שסטוביץ בע`מ,,מאסטר שף פירורים מתו,גרמים,230.00,100 גרם,false,,6.90,3.0000,true,1,175101
7290114606530,false,רוטב בטעם מיונז וקטשופ מאסטר שף 515 גרם,ש. שסטוביץ בע`מ,,מאסטר שף מיונז וקטשו,גרמים,515.00,100 גרם,false,,14.90,2.8932,true,1,182517
7290114606547,false,מיונז פטריות כמהין לחיץ מאסטר שף 242 גרם,ש. שסטוביץ בע`מ,,מאסטר שף מיונז עם פט,גרמים,242.00,100 גרם,false,,14.90,6.1570,true,1,182518
7290114606554,false,מיונז מופחת קלוריות בקבוק לחיץ,ש. שסטוביץ בע`מ,,מאסטר שף מיונז לייט,גרמים,470.00,100 גרם,false,,14.90,3.1702,true,1,182520
7290114606561,false,מאסטר שף אטריות אורז דקות ורמיצ'לי 400 ג,לינג טונג רייס ורמיצ'ילי,,מאסטר שף אטריות אורז,גרמים,400.00,100 גרם,false,,10.90,2.7250,true,1,186616
7290114606578,false,שקדי מרק מאסטר שף 400 גרם,ש. שסטוביץ בע`מ,,מאסטר שף שקדי מרק 40,גרמים,400.00,100 גרם,false,,9.90,2.4750,true,1,186169
7290114606592,false,רוטב סויה מסורתית 46% פולי סויה מאסטר שף 620 ג',קריניציה ויטמינה אס,,מאסטר שף סויה מסורתי,Unknown,0.00,יחידה,false,,16.90,0.0000,true,1,184329
7290114606608,false,רוטב סויה מסורתי מאסטר שף דל נתרן 40 דל נתרן,קריניציה ויטמינה אס,,מאסטר שף סויה מסורתי,Unknown,0.00,יחידה,false,,16.90,0.0000,true,1,184330
7290114607391,false,"קולגייט משחת לילדים ברבי 2-5 שנים, 75 מ""ל",קולגייט פלמוליב,,קולגייט משחת ילדים ב,Unknown,0.00,יחידה,false,,16.90,0.0000,true,1,184805
7290114608169,false,פריי גרנולה קפה וקקאו עם אגוזים 300גר,ש. שסטוביץ בע`מ,,פרי גרנולה קפה וקקאו,גרמים,300.00,100 גרם,false,,16.90,5.6333,true,1,189133
7290114608633,false,"דפי אצה מאסטר שף, 25 גרם",ש. שסטוביץ בע`מ,,מאסטר שף דפי אצה 25,Unknown,0.00,יחידה,false,,11.90,0.0000,true,1,191874
7290114608640,false,קרוטונים לסלט כוסמין מאסטר שף 260 גרם,עינת תעשיות מזון אגו,,מאסטר שף קרוטונים לס,גרמים,260.00,100 גרם,false,,18.90,7.2692,true,1,186163
7290114652445,false,קופסאות פופקורן וחטי,,,קופסאות פופקורן וחטי,Unknown,0.00,יחידה,false,,8.90,0.0000,true,1,167234
7290114652551,false,לאנץ בוקס קרטון 6 יח,,,לאנץ בוקס קרטון 6 יח,Unknown,0.00,יחידה,false,,10.00,0.0000,true,1,192711
7290114652582,false,לאנץ בוקס קרטון 6 יח,,,לאנץ בוקס קרטון 6 יח,Unknown,0.00,יחידה,false,,10.00,0.0000,true,1,192713
7290114652599,false,לאנץ בוקס קרטון 6 יח,,,לאנץ בוקס קרטון 6 יח,Unknown,0.00,יחידה,false,,12.90,0.0000,true,1,192714
7290114653565,false,בקבוק 350 פלסטיק מל נצנצים דופן כפולה - LOL,,,בקבוק דופן כפולה 350,Unknown,0.00,יחידה,false,,29.90,0.0000,true,1,160439
7290114657983,false,נרות מטאלים ארוכים-,,,נרות מטאלים ארוכים-,Unknown,0.00,יחידה,false,,6.90,0.0000,true,1,167294
7290114657990,false,נרות מטאלים ארוכים-,,,נרות מטאלים ארוכים-,Unknown,0.00,יחידה,false,,6.90,0.0000,true,1,167295
7290114658003,false,נרות מטאלים ארוכים-,,,נרות מטאלים ארוכים-,Unknown,0.00,יחידה,false,,6.90,0.0000,true,1,167296
7290114658119,false,נרות ארוכים מסולסלים,,,נרות ארוכים מסולסלים,Unknown,0.00,יחידה,false,,10.00,0.0000,true,1,167304
7290114720601,false,פוג'יקום בירד סרפר ק,,,פוג'יקום בירד סרפר ק,Unknown,1.00,יחידה,false,,99.90,99.9000,true,1,187324
7290114720670,false,פוג'יקום מחליק שיער FUJICOM דגם HS700FJ,פוגיקום בעמ,,פוגיקום מחליק שיער מ,Unknown,0.00,יחידה,false,,169.90,0.0000,true,1,170378
7290114721400,false,זוג ראשי פחם Soft תואם אורל בי,פוגיקום בעמ,,זוג ראשים תואם אורל,Unknown,0.00,יחידה,false,,24.90,0.0000,true,1,196295
7290114721561,false,ערכת ציחצוח לילדים דינוזאור פוג'יקום,פוג'יקום,,ערכת צחצוח לילדים -,Unknown,0.00,יחידה,false,,79.90,0.0000,true,1,196175
7290114721592,false,מברשת שיניים חשמלית פוג'יקום דינוזאור,פוגיקום בעמ,,מברשת שיניים לילדים,Unknown,0.00,יחידה,false,,39.90,0.0000,true,1,196177
7290114721608,false,מברשת שיניים חשמלית פוג'יקום חד קרן,פוגיקום בעמ,,מברשת שיניים לילדים,Unknown,0.00,יחידה,false,,39.90,0.0000,true,1,196176
7290114721615,false,פוג'יקום מברשת שיניים חשמלית 4 מצבים סנסטיב,פוג'יקום,,מברשת שיניים חשמלית,Unknown,0.00,יחידה,false,,149.90,0.0000,true,1,199386
7290115040401,false,"פרוהייר - מרכך סילבר ללא מלח 400 מ""ל",,,מרכך סילבר ללא מלח 4,Unknown,0.00,יחידה,false,,29.90,0.0000,true,1,172415
7290115040432,false,PRO HAIRסרום טיפולי סילבר ללא מלח 125מ'ל,,,סרום טיפולי סילבר לל,Unknown,0.00,יחידה,false,,59.90,0.0000,true,1,172417
7290115070682,false,צלחות נייר 20 סמ עגו,,,צלחות נייר 20 סמ עגו,Unknown,0.00,יחידה,false,,10.00,0.0000,true,1,192723
7290115070965,false,מפיות נייר 2 שכ 33X3,,,מפיות נייר 2 שכ 33X3,Unknown,0.00,יחידה,false,,12.90,0.0000,true,1,192731
7290115070996,false,מפיות נייר צורני - כ,,,מפיות נייר צורני - כ,Unknown,0.00,יחידה,false,,10.00,0.0000,true,1,192734
7290115071399,false,טופר אקרילי לעוגה HB,,,טופר אקרילי לעוגה HB,Unknown,0.00,יחידה,false,,10.00,0.0000,true,1,167324
7290115071405,false,טופר אקרילי לעוגה HB,,,טופר אקרילי לעוגה HB,Unknown,0.00,יחידה,false,,10.00,0.0000,true,1,167325
7290115071559,false,ערכת קישוט לעוגה-כוכ,,,ערכת קישוט לעוגה-כוכ,Unknown,0.00,יחידה,false,,16.90,0.0000,true,1,192737
7290115071689,false,בקבוק טריטן עם צמידי,,,בקבוק טריטן עם צמידי,Unknown,0.00,יחידה,false,,29.90,0.0000,true,1,199057
7290115071900,false,סט בלונים לניפוח עצמ,,,סט בלונים לניפוח עצמ,Unknown,0.00,יחידה,false,,24.90,0.0000,true,1,167333
7290115072648,false,בקבוק פלסטיק עם צמיד,,,בקבוק 500 מל פלסטיק,Unknown,0.00,יחידה,false,,14.90,0.0000,true,1,183748
7290115074826,false,"בקבוק פלסטיק 500 מ""ל עם צמידים טום",שמחה זה אנחנו,,בקבוק 500 מל פלסטיק,Unknown,0.00,יחידה,false,,14.90,0.0000,true,1,183752
7290115076165,false,סט קופסת אוכל ובקבוק,,,סט קופסת אוכל ובקבוק,Unknown,0.00,יחידה,false,,14.90,0.0000,true,1,185135
7290115076370,false,טופר בלונים-מיקס ורו,,,טופר בלונים-מיקס ורו,Unknown,0.00,יחידה,false,,5.90,0.0000,true,1,192758
7290115077292,false,בקבוק טריטן עם צמידי,,,בקבוק טריטן עם צמידי,Unknown,0.00,יחידה,false,,29.90,0.0000,true,1,199076
7290115077704,false,קערת במבוק 6 - 12 יח,,,קערת במבוק 6 - 12 יח,Unknown,0.00,יחידה,false,,10.00,0.0000,true,1,185288
7290115077858,false,מיכל אחסון במבוק בינ,,,מיכל אחסון במבוק בינ,Unknown,0.00,יחידה,false,,24.90,0.0000,true,1,185296
7290115077919,false,כוס במבוק- 12OZ- במא,,,כוס במבוק- 12OZ- במא,Unknown,0.00,יחידה,false,,10.00,0.0000,true,1,192771
7290115079371,false,בקבוק נירוסטה דופן כ,,,בקבוק נירוסטה ציפוי,Unknown,0.00,יחידה,false,,39.90,0.0000,true,1,185083
7290115079388,false,בקבוק נירוסטה דופן כ,,,בקבוק 500 מל נירוסטה,Unknown,0.00,יחידה,false,,39.90,0.0000,true,1,185084
7290115079395,false,בקבוק נירוסטה דופן כ,,,בקבוק 500 מל נירוסטה,Unknown,0.00,יחידה,false,,39.90,0.0000,true,1,185085
7290115079401,false,בקבוק נירוסטה דופן כ,,,בקבוק 500 מל נירוסטה,Unknown,0.00,יחידה,false,,49.90,0.0000,true,1,185086
7290115200003,false,פתי בר פינוקי וניל אסם 220 גרם,קבוצת אוסם סחר שותפות מוגבלת,,אסם פתי בר פינוקי ונ,גרמים,220.00,100 גרם,false,,11.90,5.4091,true,1,163068
7290115200027,false,אסם פתי בר פינוקים שוקו 220 גרם,קבוצת אוסם סחר שותפות מוגבלת,,אסם פתי בר פינוקי שו,גרמים,220.00,100 גרם,false,,11.90,5.4091,true,1,163069
7290115200676,false,עוגיות קרמוגית במילוי קרם בטעם קרמל מלוח,קבוצת אוסם סחר שותפות מוגבלת,,אסם קרמוגית קרמל מלו,גרמים,200.00,100 גרם,false,,11.90,5.9500,true,1,163816
7290115200713,false,במבה קלאסי מארז אחיד 5*50 גר` אסם,קבוצת אוסם סחר שותפות מוגבלת,,במבה קלאסי מארז אחיד,Unknown,0.00,יחידה,false,,13.90,0.0000,true,1,163070
7290115201031,false,פתי בר פינוקי דובי שוקולד 175גר.,קבוצת אוסם סחר שותפות מוגבלת,,אסם פתי בר דובי שוקו,גרמים,175.00,100 גרם,false,,11.90,6.8000,true,1,175043
7290115201550,false,חטיף ביסלי קרנבל מיקס 150 גר אסם,קבוצת אוסם סחר שותפות מוגבלת,,ביסלי קרנבל מיקס 150,גרמים,150.00,100 גרם,false,,8.90,5.9333,true,1,166749
7290115201680,false,ביסלי חטיף בטעם ברביקין אסם (70 גרם),קבוצת אוסם סחר שותפות מוגבלת,,ביסלי טעם ברביקיו 70,Unknown,0.00,יחידה,false,,4.90,0.0000,true,1,167429
7290115201703,false,ביסלי חטיף בטעם ברביקין אסם (200 גרם),קבוצת אוסם סחר שותפות מוגבלת,,ביסלי בטעם ברביקיו 2,גרמים,200.00,100 גרם,false,,8.90,4.4500,true,1,167430
7290115201741,false,ביסלי חטיף בטעם בצל אסם (70 גרם),קבוצת אוסם סחר שותפות מוגבלת,,ביסלי בצל 70 גרם,Unknown,0.00,יחידה,false,,4.90,0.0000,true,1,171786
7290115202236,false,טופו קראנצי`ם 470 גרם טבעול,קבוצת אוסם סחר שותפות מוגבלת,,טבעול טופו קראנצ'ים,גרמים,470.00,100 גרם,false,,29.90,6.3617,true,1,186745
7290115202434,false,צבר סלט חומוס עם זעתר 375 גרם,קבוצת אוסם סחר שותפות מוגבלת,,צבר חומוס עם זעתר 37,גרמים,375.00,100 גרם,false,,12.90,3.4400,true,1,175044
7290115202762,false,מיני ניוקי טריקולור 500 גרם פרפקטו אסם,קבוצת אוסם סחר-שות.מוגבלת,,פרפקטו מיני ניוקי טר,גרמים,500.00,100 גרם,false,,12.90,2.5800,true,1,175047
7290115202786,false,מנה חמה פאוצ' נדלס.אטר.טעם בקר 70 גרם,קבוצת אוסם סחר שותפות מוגבלת,,מנה חמה פאוצ' טעם בק,Unknown,0.00,יחידה,false,,5.50,0.0000,true,1,172372
7290115202816,false,מנה חמה פאוץ נודלס אטריות טעם עוף 70 גרם,קבוצת אוסם סחר שותפות מוגבלת,,מנה חמה פאוצ' טעם עו,Unknown,0.00,יחידה,false,,5.50,0.0000,true,1,172373
7290115202847,false,מנה חמה פאוצ' נדלס ספייסי אסם 70 ג',קבוצת אוסם סחר שותפות מוגבלת,,מנה חמה פאוצ' נודלס,Unknown,0.00,יחידה,false,,5.50,0.0000,true,1,172374
7290115202939,false,מנה חמה רייס נודלס עוף פטריות אסם 50 גרם,קבוצת אוסם סחר שותפות מוגבלת,,מנה חמה רייס נודלס ע,גרמים,50.00,100 גרם,false,,9.90,19.8000,true,1,187910
7290115203134,false,חטיף פופקו פופקורן במבה אסם (80 גרם),קבוצת אוסם סחר שותפות מוגבלת,,פופקו חפופקורן במבה,Unknown,0.00,יחידה,false,,5.90,0.0000,true,1,182910
7290115203172,false,במבה PRO מכיל 18 גרם חלבון בשקית,קבוצת אוסם סחר שותפות מוגבלת,,במבה פרו 80 גרם,Unknown,0.00,יחידה,false,,4.90,0.0000,true,1,198483
7290115203806,false,"רוטב בסיס לבישול אסם 290 מ""ל",קבוצת אוסם סחר שותפות מוגבלת,,"אסם רוטב בסיס 290 מ""",מיליליטרים,290.00,"100 מ""ל",false,,15.90,5.4828,true,1,189331
7290115204056,false,"קטשופ מופחת סוכר אסם 690 גרם כשל""פ",קבוצת אוסם סחר שותפות מוגבלת,,אסם קטשופ מופחת 690,גרמים,690.00,100 גרם,false,,11.90,1.7246,true,1,175054
7290115204131,false,צבר סחוג ירוק 6*190גרם חדש,קבוצת אוסם סחר שותפות מוגבלת,,צבר סחוג ירוק 190 גר,גרמים,190.00,100 גרם,false,,12.00,6.3158,true,1,192860
7290115204155,false,סחוג אדום המעדנייה ש,קבוצת אוסם סחר שותפות מוגבלת,,צבר סחוג אדום 190 גר,גרמים,190.00,100 גרם,false,,12.00,6.3158,true,1,192861
7290115204186,false,פסטו המעדינה של צבר,קבוצת אוסם סחר שותפות מוגבלת,,צבר פסטו 190 גרם,גרמים,190.00,100 גרם,false,,15.90,8.3684,true,1,192858
7290115204261,false,אריסה חריפה המעדנייה,קבוצת אוסם סחר שותפות מוגבלת,,צבר אריסה 190 גרם,גרמים,190.00,100 גרם,false,,12.00,6.3158,true,1,192862
7290115205176,false,729001032825פיטנס חטיפי קרקר כפרי 140גר.,קבוצת אוסם סחר שותפות מוגבלת,,פיטנס קרקר כפרי 140,גרמים,140.00,100 גרם,false,,12.90,9.2143,true,1,187866
7290115205312,false,קרקר פיטנס דק עם זיתי קלמטה ועשבי תיבול,קבוצת אוסם סחר שותפות מוגבלת,,פיטנס קרקר Thin Deli,גרמים,140.00,100 גרם,false,,12.90,9.2143,true,1,197308
7290115205527,false,חטיף מולטיגריין עם עדשים ( 25 גר`) פיטנס,קבוצת אוסם סחר שותפות מוגבלת,,פיטנס חטיף מולטיגריי,Unknown,0.00,יחידה,false,,5.90,0.0000,true,1,197394
7290115205541,false,חטיף מולטיגריין עם חומוס ( 25 גר`) פיטנס,קבוצת אוסם סחר שותפות מוגבלת,,פיטנס חטיף מולטיגריי,Unknown,0.00,יחידה,false,,5.90,0.0000,true,1,197396
7290115206531,false,אסם קרמוגית במילוי קרם בייגלה 12*200 גרם,קבוצת אוסם סחר שותפות מוגבלת,,אסם קרמוגית במילוי ק,גרמים,200.00,100 גרם,false,,11.90,5.9500,true,1,187951
7290115207484,false,צבר סלט חציל על האש היתר 360 גרם,קבוצת אוסם סחר שותפות מוגבלת,,צבר חציל על האש היתר,גרמים,400.00,100 גרם,false,,15.90,3.9750,true,1,192865
7290115207507,false,סלט טורקי צבר היתר 360 גר`,קבוצת אוסם סחר שותפות מוגבלת,,צבר סלט טורקי 360 גר,גרמים,360.00,100 גרם,false,,15.90,4.4167,true,1,192863
7290115207620,false,"רוטב בסגנון סויה קלאסי 290 מ""ל אסם",קבוצת אוסם סחר שותפות מוגבלת,,אסם רוטב בסגנון סויה,מיליליטרים,290.00,"100 מ""ל",false,,15.90,5.4828,true,1,197317
7290115207682,false,אסם רוטב בסגנון סויה סיני 9*290מל חדש,קבוצת אוסם סחר שותפות מוגבלת,,אסם רוטב בסגנון סויה,מיליליטרים,290.00,"100 מ""ל",false,,9.90,3.4138,true,1,197315
7290115207811,false,"טבעול נקניקיות טבעוניות, 418 גרם",קבוצת אוסם סחר-שות.מוגבלת,,טבעול נקניקיות טבעונ,גרמים,418.00,100 גרם,false,,29.90,7.1531,true,1,196459
7290115207941,false,סירופ אננס ויטמינצ'יק 1 ליטר,קבוצת אוסם סחר שותפות מוגבלת,,ויטמינצ'יק אננס 1 לי,קילוגרמים,1.00,ליטר,false,,21.90,21.9000,true,1,192936
7290115207965,false,סירופ מנגו אפרסק ויטמינצ'יק 1 ליטר,קבוצת אוסם סחר שותפות מוגבלת,,ויטמינצ'יק מנגו אפרס,קילוגרמים,1.00,ליטר,false,,21.90,21.9000,true,1,192937
7290115207989,false,סירופ לימון ויטמינצ'יק 1 ליטר,קבוצת אוסם סחר שותפות מוגבלת,,ויטמינצ'יק לימון 1 ל,קילוגרמים,1.00,ליטר,false,,21.90,21.9000,true,1,192938
7290115208009,false,סירופ ענבים ויטמינצ'יק 1 ליטר,קבוצת אוסם סחר שותפות מוגבלת,,ויטמינצ'יק ענבים 1 ל,קילוגרמים,1.00,ליטר,false,,21.90,21.9000,true,1,192941
7290115208047,false,סירופ פטל ויטמינצ`יק (1 ליטר),קבוצת אוסם סחר שותפות מוגבלת,,ויטמינצ'יק פטל 1 ליט,קילוגרמים,1.00,ליטר,false,,21.90,21.9000,true,1,192935
7290115208061,false,סירופ תפוח ויטמינצ'יק 1 ליטר,קבוצת אוסם סחר שותפות מוגבלת,,ויטמינצ'יק תפוח 1 לי,קילוגרמים,1.00,ליטר,false,,21.90,21.9000,true,1,192939
7290115208320,false,אפרופו חטיף בטעם ביסלי בצל 50 גרם,קבוצת אוסם סחר שותפות מוגבלת,,אפרופו 50בטעם ביסלי,Unknown,0.00,יחידה,false,,5.90,0.0000,true,1,200638
7290115208344,false,שטוחים בייגלה כפיות שמנת בצל 300גר,קבוצת אוסם סחר שותפות מוגבלת,,אסם בייגלה כפיות שמנ,גרמים,300.00,100 גרם,false,,10.90,3.6333,true,1,198486
7290115208566,false,קרמוגית במילוי קרם בייגלה 200 גרם אסם,קבוצת אוסם סחר-שות.מוגבלת,,אסם קרמוגית מיניס קר,גרמים,200.00,100 גרם,false,,11.90,5.9500,true,1,198012
7290115208696,false,רוטב פלפל שאטה 300 ג' אסם,,,אסם רוטב פלפל שאטה,Unknown,0.00,יחידה,false,,9.90,0.0000,true,1,199507
7290115208801,false,קרקר לחמית דבש ואגוזים אסם (190 גרם),קבוצת אוסם סחר שותפות מוגבלת,,לחמית דבש ואגוזים 19,גרמים,190.00,100 גרם,false,,11.90,6.2632,true,1,198487
7290115209174,false,במבה אורירית קלאסי 60 גר',קבוצת אוסם סחר-שות.מוגבלת,,במבה אורירית 60 גרם,Unknown,0.00,יחידה,false,,4.90,0.0000,true,1,197319
7290115209198,false,במבה אוורירית אסם 80 גרם,קבוצת אוסם סחר שותפות מוגבלת,,במבה אורירית 80 גרם,Unknown,0.00,יחידה,false,,4.90,0.0000,true,1,197318
7290115209358,false,במבה במילוי בראוניז אסם (60 גרם),קבוצת אוסם סחר שותפות מוגבלת,,במבה במילוי בראוניז,Unknown,0.00,יחידה,false,,4.90,0.0000,true,1,200636
7290115209372,false,במבה במילוי בראוניז 150 גרם אוסם,קבוצת אוסם סחר שותפות מוגבלת,,במבה במילוי בראוניז,גרמים,150.00,100 גרם,false,,10.90,7.2667,true,1,200637
7290115292268,false,"אוליב - שמפו קרטין 800 מ""ל",,,אוליב שמפו קרטין 80,מיליליטרים,800.00,"100 מ""ל",false,,18.90,2.3625,true,1,166318
7290115292480,false,"LA BELLE KERATINקרם לחות לשיער מתולתל 500מ""ל",פארמה דיל שיווק והפצה בעמ,,לה בל קרם לחות קרטין,Unknown,0.00,יחידה,false,,19.90,0.0000,true,1,169259
7290115292510,false,"LA BELLE KERATINמסכה לשיער מתולתל 500מ""ל",,,לה בל מסכה לשיער מתו,Unknown,0.00,יחידה,false,,26.90,0.0000,true,1,169248
7290115292633,false,פרולטה פירות יער קרם ידיים אינטנסיבי 100מ,,,פרולטה פירות יער קרם,Unknown,0.00,יחידה,false,,8.90,0.0000,true,1,178883
7290115292640,false,פרולטה פירות יער קרם גוף אינטנסיבי 400מ'ל,,,פרולטה פירות יער קרם,Unknown,0.00,יחידה,false,,19.90,0.0000,true,1,178884
7290115400274,false,מיני דובשניות מתוקות 400 גרם אדל,שיבולים יצור ושיווק מוצרי מאפה,,דובשניות מיני 400 גר,גרמים,400.00,100 גרם,false,,11.90,2.9750,true,1,200577
7290115405088,false,קינוח אישי קדאיף קפולסקי 200 גרם,קפולסקי אדל בעמ,,קינוח אישי קדאיף 200,גרמים,200.00,100 גרם,false,,14.90,7.4500,true,1,160137
7290115405118,false,קינוח אישי גבינה תענוג תות קפולסקי 200 ג,תופינים מקבוצת קפולסקי,,קינוח אישי תענוג תות,גרמים,200.00,100 גרם,false,,14.90,7.4500,true,1,160140
7290115405774,false,פחזניות ממולאות בטעם וניל קפולסקי 180 גרם,תופינים מקבוצת קפולס,,פחזניות ממולאות בטעם,גרמים,180.00,100 גרם,false,,14.90,8.2778,true,1,197137
7290115405828,false,קינוח אישי גבינה אוכמניות קפולסקי 200 גרם,תופינים מקבוצת קפולסקי,,קינוח אישי גבינה אוכ,גרמים,200.00,100 גרם,false,,14.90,7.4500,true,1,197053
7290115480009,false,"מרכך כביסה מרוכז פרש קונטרול ירוק 900 מ""ל סוד",גורי שיווק בעמ,,סוד מרכך מרוכז פרש ק,Unknown,0.00,יחידה,false,,11.90,0.0000,true,1,190337
7290115620085,false,תבנית טורט אנגל נשלפ,,,תבנית טורט אנג'ל נשל,Unknown,0.00,יחידה,false,,99.90,0.0000,true,1,193841
7290115620405,false,תבנית לאפיית עוגיות,,,תבנית לאפיית עוגיות,Unknown,0.00,יחידה,false,,49.90,0.0000,true,1,192450
7290115624892,false,קרש חיתוך מלבני 56*2,,,קרש חיתוך מלבני 56*2,Unknown,0.00,יחידה,false,,99.90,0.0000,true,1,178810
7290115625189,false,פלטה מדורגת למריחה 2,,,פלטה מדורגת למרחיה 2,Unknown,0.00,יחידה,false,,26.90,0.0000,true,1,193880
7290115627909,false,"תבנית פאי 22 ס""מ SUP",,,"תבנית פאי 22 ס""מ SUP",Unknown,0.00,יחידה,false,,36.90,0.0000,true,1,191788
7290115628333,false,לקקן סיליקון צבעוני,,,לקקן סיליקון בנגוון,Unknown,0.00,יחידה,false,,29.90,0.0000,true,1,193895
7290115628883,false,מעמד ל 40 קפסולות נס,,,מעמד ל 40 קפסולות נס,Unknown,0.00,יחידה,false,,119.90,0.0000,true,1,196008
7290115670684,false,גרנולה שיבולת שועל עם אגוזי לוז,אנרג'י Energy - שטראוס,,גרנולה אגוזים 400 גר,Unknown,0.00,יחידה,false,,15.90,0.0000,true,1,182005
7290115671162,false,סוכריות ג'לי ברכות עלית 540 גרם,"שטראוס גרופ בע""מ",,סוכריות ג'לי ברכות 5,גרמים,540.00,100 גרם,false,,19.90,3.6852,true,1,181869
7290115671223,false,מסטיק מאסט פאן אבטיח מנגו צנצנת 58 גרם,שטראוס גרופ בע`מ,,מאסט פאן אבטיח מנגו,Unknown,0.00,יחידה,false,,9.90,0.0000,true,1,190377
7290115671308,false,מסטיק מאסט פאן תות דובדבן צנצנת 58 גרם,שטראוס גרופ בע`מ,,מאסט פאן תות דובדבן,Unknown,0.00,יחידה,false,,9.90,0.0000,true,1,190378
7290115671339,false,מיני פינוקיות בראוניז בייגל בוטן עלית 180 ג' עלית,"הגביע מוצרי ופלים בע""\מ",,מיני פינוקית בראוניז,גרמים,200.00,100 גרם,false,,11.90,5.9500,true,1,184973
7290115671346,false,מיני פינוקיות טופי קרמל מלוח עלית 180 גרם,"הגביע מוצרי ופלים בע""\מ",,מיני פינוקית טופי קר,גרמים,200.00,100 גרם,false,,11.90,5.9500,true,1,184974
7290115671421,false,פולי אספרסו עשירים וארומטיים עוצמה 10 עלית 250 גרם,שטראוס קפה בי. וי.,,פולי אספרסו עשירים ו,גרמים,250.00,100 גרם,false,,24.90,9.9600,true,1,196430
7290115675719,false,דגני בוקר קראנצ'ים שיבולת שועל וחתיכות שוקולד מריר,שטראוס פריטו ליי בע`מ,,קוואקר שוקולד 375 גר,גרמים,375.00,100 גרם,false,,19.90,5.3067,true,1,184842
7290115675986,false,דנונה יוגורט בר עם אגוזים מקורמלים 173 גרם,שטראוס גרופ בעמ/מצונן,,יוגרט עם אגוזים מקור,מיליליטרים,183.00,"100 מ""ל",false,,4.50,2.4590,true,1,171176
7290115676037,false,דנונה ריפרש יוגורט עם תות ודומדמניות 1.6% שומן,שטראוס גרופ בעמ/מצונן,,דנונה ריפרש תות דומד,גרמים,250.00,100 גרם,false,,5.90,2.3600,true,1,182728
7290115676051,false,"משקה אקטיביה שיבולת שועל במתיקות מעודנת 250 מ""ל",שטראוס גרופ בעמ/מצונן,,דנונה אקטיביה 250 גר,גרמים,250.00,100 גרם,false,,5.90,2.3600,true,1,187832
7290115676082,false,משקה דנונה פרו 20 יוגורט תות 255 ג' רבנות,שטראוס גרופ בעמ/מצונן,,משקה דנונה פרו תות 2,גרמים,255.00,100 גרם,false,,7.50,2.9412,true,1,182732
7290115676099,false,משקה דנונה פרו 20 יוגורט וניל 255 ג' רבנות,שטראוס גרופ בעמ/מצונן,,משקה דנונה פרו 255 ג,גרמים,255.00,100 גרם,false,,7.50,2.9412,true,1,182730
7290115676273,false,אבקת קקאו עלית 500 גרם+ 10% תוספת,שטראוס קפה בי.וי.,,קקאו 500 גרם +10%,גרמים,500.00,100 גרם,false,,28.00,5.6000,true,1,181347
7290115678222,false,מארז 8 גביעים יוגורט Greek בסגנון יווני 6.5% שומן,שטראוס גרופ בעמ/מצונן,,דנונה מארז שמינייה י,Unknown,0.00,יחידה,false,,24.90,0.0000,true,1,182731
7290115678376,false,מעדן הגולן שוקולד 125 גרם,שטראוס גרופ בעמ/מצונן,,מעדן הגולן שוקולד 12,גרמים,125.00,100 גרם,false,,3.20,2.5600,true,1,185360
7290115678383,false,מעדן הגולן שוקולד מריר בודד 125גר,שטראוס גרופ בעמ/מצונן,,מעדן הגולן שוקולד מר,גרמים,125.00,100 גרם,false,,3.20,2.5600,true,1,185361
7290115678598,false,חסה אייסברג חיתוך גס 300 שטראוס טעם הטבע,שטראוס בריאות ירקות טריי,,חסה אייסברג חיתוך גס,גרמים,300.00,100 גרם,false,,10.90,3.6333,true,1,187887
7290115678888,false,"אבקת שוקולית טופי וקרמל פחית, 500 גרם עלית",שטראוס קפה בי.וי.,,שוקולית טופי קרמל 50,גרמים,500.00,100 גרם,false,,14.90,2.9800,true,1,196342
7290115679519,false,דלישס שייק פירות ורוד 150*2,קפוא זן תעשיות מזון בעמ,,דלישס שייק פירות ורו,Unknown,0.00,יחידה,false,,19.90,0.0000,true,1,201092
7290115679878,false,פיצה מבצק עם סלק דלישס 320 גרם,קפוא זן תעשיות מזון בעמ,,דלישס פיצה מבצק עם ס,Unknown,0.00,יחידה,false,,25.90,0.0000,true,1,187126
7290115679885,false,פיצה מבצק עם כרובית עם רוטב עגבניות ומוצרלה,קפוא זן תעשיות מזון בעמ,,דלישס פיצה מבצק עם כ,Unknown,0.00,יחידה,false,,25.90,0.0000,true,1,187127
7290115679915,false,פיצה מבצק עם דלעת עם רוטב עגבניות ומוצרלה,קפוא זן תעשיות מזון בעמ,,דלישס פיצה מבצק עם ד,Unknown,0.00,יחידה,false,,25.90,0.0000,true,1,187128
7290115773798,false,קופסת פח מלבנית 33*1,,,קופסת פח מלבנית 33*1,Unknown,0.00,יחידה,false,,19.90,0.0000,true,1,173655
7290115774832,false,סבוניה מזכוכית צבעונ,,,סבוניה מזכוכית צבעונ,Unknown,0.00,יחידה,false,,14.90,0.0000,true,1,193168
7290115775228,false,מרוקו צלחת מרוקו 20x,,,מרוקו צלחת מרוקו 20x,Unknown,0.00,יחידה,false,,6.90,0.0000,true,1,187497
7290115776034,false,תרמוס נירוסטה ליטר+ נרתיק,י.סולומון חוויה שבכלי בעמ,,תרמוס נירוסטה ליטר +,Unknown,0.00,יחידה,false,,59.90,0.0000,true,1,193183
7290115777192,false,מאג לבן עם דקור צבעו,,,מאג לבן עם דקור צבעו,Unknown,0.00,יחידה,false,,5.90,0.0000,true,1,201780
7290115777642,false,סט 2 מברשות ניקוי,,,סט 2 מברשות ניקוי,Unknown,0.00,יחידה,false,,19.90,0.0000,true,1,201760
7290115777659,false,סט יעה + מברשת במבוק,,,סט יעה + מברשת במבוק,Unknown,0.00,יחידה,false,,19.90,0.0000,true,1,201757
7290115778571,false,מאג דגם לאטה ללא דקו,,,מאג דגם לאטה ללא דקו,Unknown,0.00,יחידה,false,,5.90,0.0000,true,1,201795
7290115778588,false,מאג דגם קפוצ'ינו ללא,,,מאג דגם קפוצ'ינו ללא,Unknown,0.00,יחידה,false,,5.90,0.0000,true,1,201784
7290115778595,false,מאג/בול זכוכית +ידית,,,מאג/בול זכוכית +ידית,Unknown,0.00,יחידה,false,,5.90,0.0000,true,1,201774
7290115779523,false,מגש עץ להגשה ואירוח,,,מגש עץ להגשה ואירוח,Unknown,0.00,יחידה,false,,49.90,0.0000,true,1,201763
7290115779530,false,מגש עץ להגשה ואירוח,,,מגש עץ להגשה ואירוח,Unknown,0.00,יחידה,false,,49.90,0.0000,true,1,201761
7290116244648,false,זר לראש מיקס צבעים,,,זר לראש מיקס צבעים,Unknown,0.00,יחידה,false,,21.90,0.0000,true,1,192799
7290116248790,false,צלחות נייר 23סמ 8יח,,,צלחות נייר 23סמ 8יח,Unknown,0.00,יחידה,false,,10.00,0.0000,true,1,192829
7290116249766,false,בקבוק נירוסטה דופן כ,,,בקבוק נירוסטה דופן כ,Unknown,0.00,יחידה,false,,39.90,0.0000,true,1,192838
7290116530000,false,"דאב - תרחיץ פנים מרענן בניחוח מלפפון ותה ירוק 180 מ""ל",יוניליוור ישראל שיווק בע`מ,,דאב תרחיץ פנים מלפפו,מיליליטרים,180.00,"100 מ""ל",false,,14.90,8.2778,true,1,200300
7290116530116,false,קליק שלישיית ברים שוקולד נוגט לבן 105 גרם,"יוניליוור ישראל שיווק בע""מ",,קליק שלישיית ברים שו,Unknown,0.00,יחידה,false,,14.90,0.0000,true,1,182572
7290116530161,false,"תחליב רחצה בניחוח שייק אננס, מלון וחלב שיבולת שועל",יוניליוור ישראל שיווק בע`מ,,פינוק תחליב רחצה אננ,מיליליטרים,700.00,"100 מ""ל",false,,11.90,1.7000,true,1,182318
7290116530222,false,דאודרנט סטיק לגבר אנרכי 76 ג' אקס,יוניליוור ישראל שיווק בע`מ,,אקס דאו סטיק אנרכי 7,Unknown,0.00,יחידה,false,,16.90,0.0000,true,1,182311
7290116530239,false,אקס דאו סטיק לגבר בלאק 7 גרם,"יוניליוור ישראלשיווק בע""מ",,אקס דאו סטיק בלאק 7,Unknown,0.00,יחידה,false,,16.90,0.0000,true,1,182313
7290116530482,false,תלמה מארז קורנפלקס אלופים 30 גרם*5 יחידו,יוניליוור ישראל שיווק בע`מ,,מאגדת קורנפלקס אלופי,Unknown,0.00,יחידה,false,,11.90,0.0000,true,1,187041
7290116530871,false,נשנושים מיקס בייגל בייגל 240 גרם,יוניליוור ישראל שיווק בע`מ,,נישנושים מיקס 240 גר,גרמים,240.00,100 גרם,false,,11.90,4.9583,true,1,182629
7290116530895,false,"תרסיס ריחני למייבש כביסה פינוק כחול בדין 500 מ""ל",יוניליוור ישראל שיווק בע`מ,,בדין תרסיס למייבש פי,מיליליטרים,500.00,"100 מ""ל",false,,18.90,3.7800,true,1,184339
7290116531021,false,"שוקולד חלב ורד הגליל 100 גרם כשל""פ",יוניליוור ישראל שיווק בע`מ,,ורד הגליל טבלה שוקול,גרמים,100.00,100 גרם,false,,5.90,5.9000,true,1,187666
7290116531045,false,קורנפלקס דליפקאן 350ג ללא גלוטן,יוניליוור ישראל שיווק בע`מ,,"דליפקאן כשל""פ 350 גר",גרמים,350.00,100 גרם,false,,19.90,5.6857,true,1,195830
7290116531069,false,קנור מרק בצל 100% רכיבים טבעיים 225 גרם,יוניליוור ישראל שיווק בע`מ,,בויון בצל רכיבים טבע,גרמים,225.00,100 גרם,false,,19.90,8.8444,true,1,187508
7290116531076,false,מרק פטריות רכיבים טבעיים קטן 225 ג' קנור,יוניליוור ישראל שיווק בע`מ,,בויון פטריות רכיבים,גרמים,225.00,100 גרם,false,,19.90,8.8444,true,1,187507
7290116531083,false,"ברנפלקס ללא ת.סוכר בטעם דבש בתוספת שקדים, 400 גרם",יוניליוור ישראל שיווק בע`מ,,תלמה ברנפלקס שקדים ו,גרמים,400.00,100 גרם,false,,23.00,5.7500,true,1,187510
7290116531090,false,בייגל בייגל דג דג במליחות עדינה 250 גרם,יוניליוור ישראל שיווק בע`מ,,דגדג במליחות מעודנת,גרמים,250.00,100 גרם,false,,10.90,4.3600,true,1,190279
7290116531540,false,"קורנפלקס דבש 375 גרם כשל""פ רבנות","יוניליוור ישראלשיווק בע""מ",,קורנפלקס דבש כשלפ 37,גרמים,375.00,100 גרם,false,,17.90,4.7733,true,1,195829
7290116531557,false,"פריכיות פתית תירס עם מלח 150 גרם כשל""פ",יוניליוור ישראל שיווק בע`מ,,פתית פריכיות תירס מא,גרמים,150.00,100 גרם,false,,13.90,9.2667,true,1,195611
7290116531564,false,מאגדת פתית פריכיות תירס דקות עם קינואה ובזיליקום 150 ג',יוניליוור ישראל שיווק בע`מ,,פתית פריכיות תירס מא,גרמים,150.00,100 גרם,false,,13.90,9.2667,true,1,195612
7290116531571,false,סיף מטליות לחות לניקוי כללי 99.9% בניחוח,"יוניליוור ישראלשיווק בע""מ",,סיף מגבונים כללי לימ,Unknown,0.00,יחידה,false,,8.90,0.0000,true,1,198552
7290116531762,false,דפים ריחניים למייבש כביסה בדין ורוד 40 יחידות,יוניליוור ישראל שיווק בע`מ,,בדין דפים למייבש ורו,Unknown,40.00,יחידה,false,,18.90,0.4725,true,1,196113
7290116531779,false,דפים ריחניים למייבש כביסה בדין כחול 40 יחידות,יוניליוור ישראל שיווק בע`מ,,בדין דפים למייבש כחו,Unknown,40.00,יחידה,false,,18.90,0.4725,true,1,196114
7290116531939,false,גלידה בשומן צמחי בטעם תות שדה בציפוי מכיל שוקולד,"גלידת שטראוס בע""\מ, רח'",,קרמיסימו גלידונית תו,גרמים,700.00,100 גרם,false,,44.90,6.4143,true,1,196106
7290116531977,false,אקס דאודורנט בודי ספריי סקייטבורד וורדים,יוניליוור ישראל שיווק בע`מ,,אקס דאו ספריי גוף אק,מיליליטרים,150.00,"100 מ""ל",false,,12.90,8.6000,true,1,198547
7290116532011,false,קליק אוקיי נוגט בציפוי שוקולד חלב 35 גרם,יוניליוור ישראל שיווק בע`מ,,קליק אוקיי חטיף 35 ג,Unknown,0.00,יחידה,false,,5.00,0.0000,true,1,193923
7290116532240,false,קליק טבלה שוקולד חלב פצפוצי דגנים ועוגי 85 גרם רבנות,יוניליוור ישראל שיווק בע`מ,,קליק טבלה XL עוגיות,Unknown,0.00,יחידה,false,,5.90,0.0000,true,1,197279
7290116532264,false,גודיז פרי אפרסק – שלגון מופחת קלוריות עם יוגורט בציפוי בטעם אפרסק,"גלידת שטראוס בע""\מ, רחוב",,גודיז מאגדת יוגורט א,מיליליטרים,420.00,"100 מ""ל",false,,24.90,5.9286,true,1,196105
7290116532271,false,סנדוויץ לייט גודיז שוקולד וניל 270 ג' שטראוס,"גלידת שטראוס בע""\מ, רחוב",,גודיז מאגדת מיני סנד,מיליליטרים,620.00,"100 מ""ל",false,,24.90,4.0161,true,1,196117
7290116532387,false,"אל סבון ידיים נוזלי חמאת שיאה 950 מ""ל פינוק",יוניליוור ישראל שיווק בע`מ,,פינוק סבון ידיים נוז,Unknown,0.00,יחידה,false,,12.90,0.0000,true,1,196103
7290116532394,false,"אל סבון ידיים נוזלי חמאת קקאו 950 מ""ל פינוק",יוניליוור ישראל שיווק בע`מ,,פינוק סבון ידיים נוז,Unknown,0.00,יחידה,false,,11.90,0.0000,true,1,196102
7290116532585,false,דגני בוקר ברנפלקס קרנצ'ים בטעם דבש וקינמון,יוניליוור ישראל שיווק בע`מ,,קרנצ'ים דבש וקינמון,גרמים,375.00,100 גרם,false,,22.00,5.8667,true,1,197111
7290116532738,false,רוטב איטלקי לסלט בזיליקום ואורגנו 305 גרם,יוניליוור ישראל שיווק בע`מ,,הלמנס לסלט רגיל איטל,מיליליטרים,305.00,"100 מ""ל",false,,10.90,3.5738,true,1,199162
7290116532769,false,גרנולה פרוטאין גרנולה חלבון תפוח וקינמון תלמה 300 גרם,יוניליוור ישראל שיווק בע`מ,,גרנולה תלמה פרוטאין,גרמים,300.00,100 גרם,false,,19.90,6.6333,true,1,197110
7290116532875,false,פינוק בייבי אל סבון לתינוקות 970 מל-משאבה,יוניליוור ישראל שיווק בע`מ,,"אל סבון בייבי 900 מ""",מיליליטרים,900.00,"100 מ""ל",false,,19.90,2.2111,true,1,198815
7290116533063,false,דגני בוקר שוגי קרטיב ענבים 400 גרם,יוניליוור ישראל שיווק בע`מ,,שוגי בטעם קרטיב ענבי,גרמים,400.00,100 גרם,false,,19.90,4.9750,true,1,197112
7290116533094,false,"פינוק שמפו שיער בניחוח ורדים לבנים 700 מ""ל",יוניליוור ישראל שיווק בע`מ,,פינוק שמפו בניחוח ור,מיליליטרים,700.00,"100 מ""ל",false,,13.90,1.9857,true,1,198555
7290116533100,false,"פינוק מרכך שיער בניחוח ורדים לבנים 700 מ""ל",יוניליוור ישראל שיווק בע`מ,,פינוק מרכך בניחוח ור,מיליליטרים,700.00,"100 מ""ל",false,,13.90,1.9857,true,1,198556
7290116533230,false,דליאגוז 400ג אגוזי לוז שלמים,יוניליוור ישראל שיווק בע`מ,,דגני בוקר דליאגוז תל,גרמים,400.00,100 גרם,false,,21.90,5.4750,true,1,202860
7290116780733,false,סלסלת הגשה עמוקה עם,,,סלסלת הגשה עמוקה עם,Unknown,0.00,יחידה,false,,14.90,0.0000,true,1,187545
7290116781068,false,שטיח ממורי אוריינט 5,,,שטיח ממורי אוריינט 5,Unknown,0.00,יחידה,false,,59.90,0.0000,true,1,187642
7290116915159,false,בקבוק 500 מל טריטן ע,,,בקבוק 500 מל טריטן ע,Unknown,0.00,יחידה,false,,29.90,0.0000,true,1,199087
7290116915197,false,בקבוק 500 מל טריטן ע,,,בקבוק 500 מל טריטן ע,Unknown,0.00,יחידה,false,,29.90,0.0000,true,1,199091
7290116915227,false,בקבוק פלסטיק 500 - מיקי חלל,,,בקבוק פלסטיק 500 - מ,Unknown,0.00,יחידה,false,,24.90,0.0000,true,1,199094
7290116915234,false,בקבוק פלסטיק 500 - מיני פפיון,,,בקבוק פלסטיק 500 - מ,Unknown,0.00,יחידה,false,,24.90,0.0000,true,1,199095
7290116915791,false,בקבוק טריטן עם צמידים -700מוזיקה,שמחה זה אנחנו בעמ,,בקבוק טריטן עם צמידי,Unknown,0.00,יחידה,false,,29.90,0.0000,true,1,199098
7290116930015,false,GO חטיף חלבון חטיף בוטנים קריספי 20 גרם חלבון,"בלמונט קונפקציות בע""\מ.",,חטיף חלבון GO קרם קר,Unknown,0.00,יחידה,false,,11.90,0.0000,true,1,196246
7290116930022,false,GO חטיף חלבון עוגיות ציפוי קריספי 20 גרם חלבון,"בלמונט קונפקציות בע""\מ.",,חטיף חלבון GO קרם עו,Unknown,0.00,יחידה,false,,11.90,0.0000,true,1,196247
7290116930435,false,יופלה גו במרקם סמיך עם דובדבן 0% 200מל,תנובה מרכז שיתופי לש,,יוגורט גו סמיך 0% דו,גרמים,200.00,100 גרם,false,,6.20,3.1000,true,1,196936
7290116930466,false,"משקה SHAKE בננה מנגן פסיפלורה והל 230 מ""ל יופלה",קבוצת המזון אקטשלאר,,יופלה SHAKE מנגו בנ,מיליליטרים,230.00,"100 מ""ל",false,,8.90,3.8696,true,1,197282
7290116930480,false,"משקה SHAKE בננה קיווי תפוח 230 מ""ל יופלה",קבוצת המזון אקטשלאר,,יופלה SHAKE בננה קי,מיליליטרים,230.00,"100 מ""ל",false,,8.90,3.8696,true,1,197283
7290116930701,false,מעדן חלב GO מועשר בחלבון בטעם קרמל מלוח,תנובה מרכז שיתופי לש,,מעדן חלב גו בטעם קרמ,גרמים,120.00,100 גרם,false,,4.90,4.0833,true,1,197280
7290116930718,false,מעדן תנובה דיאט בטעם שוקולד וקרמל מלוח 0% 150ג' תנובה,"תנובה בע""\מ",,מעדן תנובה דיאט בטעם,גרמים,150.00,100 גרם,false,,4.10,2.7333,true,1,198141
7290117260005,false,קונפיטורה תות שדה ויליפוד 380 גרם,גסאס גנל גידה,,קונפיטורה תות שדה 38,גרמים,380.00,100 גרם,false,,8.90,2.3421,true,1,187572
7290117260401,false,גבינת מוצרלה מגורדת 25% שומן 500 ג' יורו,ג. וילי-פוד אינטרנשיונל בע`מ,,גבינת מוצרלה מגורדת,גרמים,500.00,100 גרם,false,,29.90,5.9800,true,1,196274
7290117261163,false,פיתה יוונית מוקפאת - מארז 10 יחידות,ג.וילי-פוד אינטרנשיונל **גבינו,,פיתה יוונית מוקפאת 7,גרמים,750.00,100 גרם,false,,14.90,1.9867,true,1,196262
7290117261354,false,גבינת ריקוטה 200 גרם 5%שומן מחלבת אירופה,ג.וילי-פוד אינטרנשיונל **גבינו,,גבינת ריקוטה 5% שומן,גרמים,200.00,100 גרם,false,,13.90,6.9500,true,1,199449
7290117261361,false,גבינת ריקוטה 400 ג 5% שומן מחלבת אירופה,ג.וילי-פוד אינטרנשיונל **גבינו,,גבינת ריקוטה 5% שומן,גרמים,400.00,100 גרם,false,,19.90,4.9750,true,1,199450
7290117261774,false,כדורי גבינת בייבי מוצרלה 14% שומן 150 גרםeuro cheese,ג.וילי-פוד אינטרנשיונל **גבינו,,כדורי גבינת בייבי מו,Unknown,0.00,יחידה,false,,14.90,0.0000,true,1,199446
7290117261927,false,גבינת פקורינו מחלב כבשים צ'אנק 150 EURO CHEESE,ג.וילי-פוד אינטרנשיונל **גבינו,,גבינת פקורינו מחלב כ,Unknown,0.00,יחידה,false,,22.90,0.0000,true,1,199453
7290117261989,false,גבינת מנורי רכה מחלב צאן 43% שומן 170 גרם,ג.וילי-פוד אינטרנשיונל **גבינו,,גבינת מנורי רכה מחלב,Unknown,0.00,יחידה,false,,15.90,0.0000,true,1,199442
7290117262030,false,רגע-וופל במילוי קרם טעם שוקולד 200 גרם ויליפוד,ג.וילי פוד אינטרנשיונל בעמ,,וופל במילוי קרם בטעם,Unknown,0.00,יחידה,false,,9.90,0.0000,true,1,199495
7290117262054,false,רגע-וופל במילוי עם שוקולד שוויצרי 200 גרם ויליפוד,ג.וילי פוד אינטרנשיונל בעמ,,וופל במילוי עם שוקול,Unknown,0.00,יחידה,false,,9.90,0.0000,true,1,199494
7290117262061,false,רגע-וופל במילוי טעם קקאו ואגוזי לוז 200 גרם ויליפוד,ג.וילי פוד אינטרנשיונל בעמ,,וופל במילוי קרם בטעם,Unknown,0.00,יחידה,false,,9.90,0.0000,true,1,199497
7290117262160,false,גבינה כפרית 20% שומן EURO CHEESE ויליפוד 200 גרם,ג.וילי-פוד אינטרנשיונל **גבינו,,גבינה כפרית חצי קשה,Unknown,0.00,יחידה,false,,15.90,0.0000,true,1,199445
7290117262221,false,"משקה יוגורט פרוביוטי עם אננס 200מ""ל 2.3%שומן יורו",ג.וילי-פוד אינטרנשיונל **גבינו,,משקה יוגורט עם אננס,מיליליטרים,200.00,"100 מ""ל",false,,5.90,2.9500,true,1,199299
7290117262238,false,"משקה יוגורט פרוביוטי עם תות שדה 200מ""ל 2.3%שומן יורו",ג.וילי-פוד אינטרנשיונל **גבינו,,משקה יוגורט עם תות ש,מיליליטרים,200.00,"100 מ""ל",false,,5.90,2.9500,true,1,199298
7290117262245,false,"משקה יוגורט פרוביוטי עם אפרסק ומשמש 200מ""ל 2.3%שומן יורו",ג.וילי-פוד אינטרנשיונל **גבינו,,משקה יוגורט עם אפרסק,מיליליטרים,200.00,"100 מ""ל",false,,5.90,2.9500,true,1,199300
7290117380178,false,סוויט פוף חטיף מצופה שוקולד חלב,"טחנת האבן תעשיות בע""",,סוויט פןף שוקולד חלב,גרמים,50.00,גרם,false,,5.90,0.1180,true,1,197293
7290117380185,false,סוויט פוף חטיף מצופה שוקולד חלב ולבן,"טחנת האבן תעשיות בע""",,סוויט פוף שוקולד חלב,גרמים,50.00,גרם,false,,5.90,0.1180,true,1,197294
7290117380192,false,חטיף פוף קראנץ בטעם גריל 60 גרם,ש. שסטוביץ בע`מ,,פוף קראנצ בטעם גריל,גרמים,60.00,100 גרם,false,,3.90,6.5000,true,1,189134
7290117380208,false,חטיף פוף קראנץ בטעם חמוץ חריף 60 גרם,ש. שסטוביץ בע`מ,,פוף קראנצ בטעם חמוץ,גרמים,60.00,100 גרם,false,,3.90,6.5000,true,1,189135
7290117380215,false,חטיף פוף קראנץ בטעם טאקו 60 גרם,ש. שסטוביץ בע`מ,,פוף קראנצ בטעם טאקו,גרמים,60.00,100 גרם,false,,3.90,6.5000,true,1,189136
7290117380857,false,"מרבה סלים דליס פייבר עוגות אישיות בטעם לימון, 120 גרם",ש. שסטוביץ בע`מ,,סלים דליס פייבר עוגו,גרמים,120.00,100 גרם,false,,10.90,9.0833,true,1,197268
7290117380864,false,סלים דליס פייבר עוגות בראוניס אישיות בטעם שוקולד 120 גרם,ש.שסטוביץ בעמ,,סלים דליס פייבר- עוג,גרמים,120.00,100 גרם,false,,10.90,9.0833,true,1,197270
7290117380871,false,סלים דליס פייבר עוגות אישיות בטעם אוכמניות 120 גרם,ש.שסטוביץ בעמ,,סלים דליס פייבר עוגו,גרמים,120.00,100 גרם,false,,10.90,9.0833,true,1,197269
7290117860038,false,"הוואי - תחליב רחצה יוגורט בניחוח אוכמניות 700 מ""ל","טרופיקל דגיל בע""\מ",,הוואי תחליב רחצה יוג,מיליליטרים,700.00,"100 מ""ל",false,,14.90,2.1286,true,1,202343
7290117860045,false,שמפו תמציות אלוורה ותה ירוק לשיער רגיל,"טרופיקל גליל בע""מ",,הוואי שמפו מטפח לשיע,מיליליטרים,700.00,"100 מ""ל",false,,14.90,2.1286,true,1,202322
7290117860090,false,מרכך תמציות אלוורה ותה ירוק לשיער רגיל,"טרופיקל דגיל בע""\מ",,הוואי מרכך מטפח לשיע,מיליליטרים,700.00,"100 מ""ל",false,,14.90,2.1286,true,1,202329
7290117860137,false,"הוואי קרם רחצה יוגורט בניחוח פרח הקמליה 700 מ""ל","טרופיקל גליל בע""מ",,הוואי ס.נוזלי רגעים,מיליליטרים,700.00,"100 מ""ל",false,,14.90,2.1286,true,1,202344
7290117860144,false,הוואי שמפו פירות אקזוטיים וקלנדולה 700,"טרופיקל גליל בע""מ",,הוואי שמפו נ.קשקשים,מיליליטרים,700.00,"100 מ""ל",false,,14.90,2.1286,true,1,202323
7290117860182,false,"הוואי - תחליב רחצה בניחוח מגנוליה ושמן שקדים 700 מ""ל","טרופיקל דגיל בע""\מ",,הוואי תחליב רחצה בני,מיליליטרים,700.00,"100 מ""ל",false,,14.90,2.1286,true,1,202338
7290117860199,false,שמפו שמן ורד הבר ושמן מקדמיה לשיער יבש,"טרופיקל דגיל בע""\מ",,הוואי שמפו מעניק לחו,מיליליטרים,700.00,"100 מ""ל",false,,14.90,2.1286,true,1,202321
7290117860236,false,"הוואי - קרם רחצה בניחוח ויולה ורודה 700 מ""ל","טרופיקל דגיל בע""\מ",,הוואי ס.נוזלי רגעים,מיליליטרים,700.00,"100 מ""ל",false,,14.90,2.1286,true,1,202341
7290117860243,false,"הוואי - מרכך מעניק לחות לשיער יבש 700 מ""ל","טרופיקל גליל בע""מ",,הוואי מרכך לשיער יבש,מיליליטרים,700.00,"100 מ""ל",false,,14.90,2.1286,true,1,202330
7290117860281,false,"הוואי - ג'ל רחצה לגבר בניחוח עוצמתי 700 מ""ל","טרופיקל דגיל בע""\מ",,הוואי ס.נוזלי אירסיט,Unknown,0.00,יחידה,false,,14.90,0.0000,true,1,202337
7290117860298,false,שמפו קומפלקס קרטין לשיער עדין או חלש,"טרופיקל גליל בע""מ",,הוואי שמפו קרטין מחז,מיליליטרים,700.00,"100 מ""ל",false,,14.90,2.1286,true,1,202324
7290117860342,false,מרכך קומפלקס קרטין לשיער עדין או חלש,"טרופיקל גליל בע""מ",,הוואי מרכך קרטין מחז,מיליליטרים,700.00,"100 מ""ל",false,,14.90,2.1286,true,1,202331
7290117860380,false,"תחליב רחצה יוגורט בניחוח אלוורה 700 מ""ל הוואי","טרופיקל דגיל בע""\מ",,הוואי תחליב רחצה יוג,מיליליטרים,700.00,"100 מ""ל",false,,14.90,2.1286,true,1,202346
7290117860397,false,שמפו תמצית פריחת הדובדבן לשיער רגיל,"טרופיקל גליל בע""מ",,הוואי שמפו פריחת הדו,מיליליטרים,700.00,"100 מ""ל",false,,14.90,2.1286,true,1,202319
7290117860496,false,"הוואי שמפו + מרכך 2 ב-1 לגבר 700 מ""ל-חדש","טרופיקל גליל בע""מ",,הוואי שמפו+מרכך 2 ב,מיליליטרים,700.00,"100 מ""ל",false,,14.90,2.1286,true,1,202320
7290117860540,false,הוואי שמפו לילדים רוזמרין מנגו ומשמש 700,"טרופיקל דגיל בע""\מ",,הוואי שמפו ילדים 700,מיליליטרים,700.00,"100 מ""ל",false,,14.90,2.1286,true,1,202325
7290117860649,false,הוואי שמפו קרטין קיק ללא סולפטים 700 מל,"טרופיקל גליל בע""מ",,הוואי שמפו ללא סולפט,מיליליטרים,700.00,"100 מ""ל",false,,14.90,2.1286,true,1,202326
7290117860694,false,הוואי מרכך קרטין קיק ללא סולפטים 700 מל,"טרופיקל גליל בע""מ",,הוואי מרכך ללא סולפט,מיליליטרים,700.00,"100 מ""ל",false,,14.90,2.1286,true,1,202334
7290117860748,false,הוואי שמפו תמצית יסמין מעניק נפח 700 מל,"טרופיקל גליל בע""מ",,הוואי שמפו מעניק נפח,מיליליטרים,700.00,"100 מ""ל",false,,14.90,2.1286,true,1,202328
7290117860793,false,הוואי מרכך תמצית יסמין מעניק נפח 700 מל,"טרופיקל דגיל בע""\מ",,הוואי מרכך מעניק נפח,מיליליטרים,700.00,"100 מ""ל",false,,14.90,2.1286,true,1,202336
7290117860847,false,"הוואי רעננות מושלמת לגבר לשיער, גוף, פנים וזקן","טרופיקל גליל בע""מ",,הוואי שמפו 4 ב 1 לגב,מיליליטרים,700.00,"100 מ""ל",false,,14.90,2.1286,true,1,202327
7290117860892,false,"הוואי - תחליב רחצה יוגורט בניחוח וניל ודבש 700 מ""ל","טרופיקל דגיל בע""\מ",,הוואי תחליב רחצה יוג,מיליליטרים,700.00,"100 מ""ל",false,,14.90,2.1286,true,1,202339
7290117860991,false,"תחליב רחצה יוגורט בניחוח שקדים 700 מ""ל הוואי","טרופיקל דגיל בע""\מ",,הוואי תחליב רחצה יוג,מיליליטרים,700.00,"100 מ""ל",false,,14.90,2.1286,true,1,202342
7290117900932,false,גרעיני אבטיח קלויים 130 גרם,דין שיווק וקליה 2021 בעמ,,גרעיני אבטיחי קלויים,גרמים,130.00,100 גרם,false,,10.90,8.3846,true,1,196693
7290117900963,false,בוטנים קלויים 270גר ששון הקולה,דין שיווק וקליה 2021 בעמ,,בוטנים קלויים 270 גר,גרמים,270.00,100 גרם,false,,10.90,4.0370,true,1,196695
7290117900987,false,אגוז פקאן קלוף ששון הקולה 140 גרם,דין שיווק וקליה 2021 בעמ,,אגוז פקאן קלוף 140 ג,גרמים,140.00,100 גרם,false,,15.90,11.3571,true,1,196698
7290118420071,false,במבה ביסלי ברביקיו מיקס 80גר אסם{,קבוצת אוסם סחר שותפות מוגבלת,,ביסלי במבה ברבקיו מי,Unknown,0.00,יחידה,false,,5.90,0.0000,true,1,200639
7290118420477,false,אסם בייגלה שטוחים בטעם ביסלי בצל 300 גרם,קבוצת אוסם סחר שותפות מוגבלת,,אסם בייגלה שטוחים בט,גרמים,300.00,100 גרם,false,,10.90,3.6333,true,1,200640
7290118480181,false,גלילי גפת להסקה אקול,,,גלילי גפת להסקה אקול,Unknown,0.00,יחידה,false,,34.90,0.0000,true,1,202646
7290118564478,false,סט מזוודות קשיחות PO,,,סט מזוודות קשיחות PO,Unknown,0.00,יחידה,false,,800.00,0.0000,true,1,201338
7290118564492,false,סט מזוודות קשיחות PO,,,סט מזוודות קשיחות PO,Unknown,0.00,יחידה,false,,800.00,0.0000,true,1,201340
7290118564508,false,סט מזוודות קשיחות PO,,,סט מזוודות קשיחות PO,Unknown,0.00,יחידה,false,,800.00,0.0000,true,1,201341
7290118564522,false,סט מזוודות קשיחות PO,,,סט מזוודות קשיחות PO,Unknown,0.00,יחידה,false,,800.00,0.0000,true,1,201343
7290900010367,false,טורטייה שמינייה משקל נקי 360 ג' Avel,אבאל יזמות בעמ,,אבאל טורטייה שמינייה,גרמים,360.00,100 גרם,false,,8.90,2.4722,true,1,152428
7291044033625,false,מקלדת עברית אנגלית,,,מקלדת USB עברית/אנגל,Unknown,0.00,יחידה,false,,29.90,0.0000,true,1,169403
7291044050028,false,נורה אקו T2 ספירל DL,,,נורה אקו T2 ספירל DL,Unknown,0.00,יחידה,false,,19.90,0.0000,true,1,125618
7291044050073,false,נורה אקו T2 ספירל WW,,,נורה אקו T2 ספירל WW,Unknown,0.00,יחידה,false,,24.90,0.0000,true,1,171308
7291044050103,false,נורה אקו T2 ספירל 23W X2,,,נורה אקו T2 ספירל DL,Unknown,0.00,יחידה,false,,29.90,0.0000,true,1,125622
7291044066302,false,רב שקע 3 עד 1m + מפס,,,רב שקע 3 עד 1m + מפס,Unknown,0.00,יחידה,false,,16.90,0.0000,true,1,158225
7291044066319,false,רב שקע 4 עד 1m + מפסק,,,רב שקע 4 עד 1m + מפס,Unknown,0.00,יחידה,false,,19.90,0.0000,true,1,158226
7291044066326,false,רב שקע 5+מפסק+כבל עד,,,רב שקע 5 עד 1m + מפס,Unknown,0.00,יחידה,false,,19.90,0.0000,true,1,158227
7291044066333,false,רב שקע 6+מפסק+כבל עד,,,רב שקע 6 עד 1m + מפס,Unknown,0.00,יחידה,false,,24.90,0.0000,true,1,158228
7291044066388,false,רב שקע 6 עד 1m,,,רב שקע 6 עד 1m,Unknown,0.00,יחידה,false,,19.90,0.0000,true,1,171359
7291044080391,false,כבל מאריך 3X1.5 עד 1 מטר,,,כבל מאריך 3X1.5 עד 1,Unknown,0.00,יחידה,false,,12.90,0.0000,true,1,158310
7291044081275,false,זוג נורות לד 10 וואט,,,זוג נורות לד WW 10W,Unknown,0.00,יחידה,false,,10.00,0.0000,true,1,187718
7291044081312,false,זוג נורת לד WW 12W E27 A60 SAFETY,סמיקום לקסיס בעמ,,זוג נורות לד WW 12W,Unknown,0.00,יחידה,false,,11.90,0.0000,true,1,187720
7291044089950,false,שלישיה לד WW 10W E27,,,שלישיה לד WW 10W E27,Unknown,0.00,יחידה,false,,14.90,0.0000,true,1,125729
7291044089981,false,שלישיה לד DL 15W E27 A60 SAFETY,,,שלישיה לד DL 15W E27,Unknown,0.00,יחידה,false,,26.90,0.0000,true,1,125732
7291044094343,false,זוג נורות לד WW 15W E27 A60 SAFETY,,,זוג נו' לד WW 15W E2,Unknown,0.00,יחידה,false,,14.90,0.0000,true,1,187722
7291044099850,false,מפצל חשמל 1 ל-4 פרפר,סמיקום לקסיס בעמ,,מפצל חשמל 1 ל-4 פרפר,Unknown,0.00,יחידה,false,,14.90,0.0000,true,1,171370
7291045818351,false,מלחיה פרמיזן אקריל,,,מלחיה פרמיזן אקריל,Unknown,0.00,יחידה,false,,7.90,0.0000,true,1,188095
7291049196165,false,מיני תת מקלע בועות ס,,,מיני תת מקלע בועות ס,Unknown,0.00,יחידה,false,,14.90,0.0000,true,1,198898
7291049199104,false,סט 6 יחידות חיות ספארי (היפופוטם) אריזה,General,,סט 6 יחידות חיות ספא,Unknown,0.00,יחידה,false,,49.90,0.0000,true,1,198901
7291049200053,false,שקית 6 דינוזאורים מעורב,General,,שקית 6 דינוזאורים מע,Unknown,0.00,יחידה,false,,24.90,0.0000,true,1,198905
7291049212919,false,כדורגל מס 5 מבחרות ש,,,כדורגל מס 5 מבחרות ש,Unknown,0.00,יחידה,false,,39.90,0.0000,true,1,202727
7291061333524,false,H10/25/14 קופסת טישו,,,H10/25/14 קופסת טישו,Unknown,0.00,יחידה,false,,129.90,0.0000,true,1,193500
7291061420606,false,סט6 כוס תה/תחתית Amo,,,סט6 כוס תה/תחתית Amo,Unknown,0.00,יחידה,false,,279.90,0.0000,true,1,193545
7291061450924,false,h9/30 קופסא לתכשיטים,,,h9/30 קופסא לתכשיטים,Unknown,0.00,יחידה,false,,159.90,0.0000,true,1,193607
7291073016767,false,קומקום נירוסטה מרוקע,,,קומקום נירוסטה מרוקע,Unknown,0.00,יחידה,false,,49.90,0.0000,true,1,182200
7291073017955,false,מגש כנאפה תורכי 18 ס,,,מגש כנאפה תורכי 18 ס,Unknown,0.00,יחידה,false,,12.90,0.0000,true,1,198432
7291073017979,false,מגש כנאפה תורכי 28 ס,,,מגש כנאפה תורכי 28 ס,Unknown,0.00,יחידה,false,,19.90,0.0000,true,1,198434
7291073020269,false,צולה בשר מרובע 19*21,,,צולה בשר מרובע 19*21,Unknown,0.00,יחידה,false,,14.90,0.0000,true,1,198594
7291073021006,false,מלקחיים קרח נירוסטה,,,מלקחיים קרח נירוסטה,Unknown,0.00,יחידה,false,,10.00,0.0000,true,1,197545
7291073021112,false,קוצץ ירקות מולטי-דיי,,,קוצץ ירקות מולטי-דיי,Unknown,0.00,יחידה,false,,99.90,0.0000,true,1,197098
7291074000611,false,מחבת שקשוקה 4.5*18 ס,,,מחבת שקשוקה 4.5*18 ס,Unknown,0.00,יחידה,false,,59.90,0.0000,true,1,156895
7291074001830,false,קרשי חיתוך סט (2) חלק עץ במבוק סולתם,,,סט (2) חל' קרשי חיתו,Unknown,0.00,יחידה,false,,29.90,0.0000,true,1,157457
7291074002769,false,"מחבת עמוקה 7*26 ס""מ ידית",,,"מחבת עמוקה 7*26 ס""מ",Unknown,0.00,יחידה,false,,69.90,0.0000,true,1,157131
7291074003353,false,"סכו""ם 24 חלק אריזת מ",,,"סכו""ם 24 חלק אריזת מ",Unknown,0.00,יחידה,false,,79.90,0.0000,true,1,200774
7291074003902,false,"תרמוס 500 מ""ל נירוסט",,,"תרמוס 500 מ""ל נירוסט",Unknown,0.00,יחידה,false,,39.90,0.0000,true,1,171058
7291074003926,false,"תרמוס 1000 מ""ל נירוס",,,"תרמוס 1000 מ""ל נירוס",Unknown,0.00,יחידה,false,,59.90,0.0000,true,1,171059
7291074003995,false,סכין Princess בדיספלי עם כיסוי מגן Forged Pro סולתם,,,"סכין Princess 5.7""/1",Unknown,0.00,יחידה,false,,34.90,0.0000,true,1,157051
7291074004060,false,סכין רב שימושית ידית מוגבהת כתום/ירוק/אדום/שחור סולתם,,,סכין רב שימושית ידית,Unknown,1.00,יחידה,false,,12.90,12.9000,true,1,157049
7291074004466,false,"כף מסננת רשת נירוסטה 12.8*36 ס""מ סולתם",,,כף מסננת רשת נירוסטה,Unknown,0.00,יחידה,false,,29.90,0.0000,true,1,157268
7291074004879,false,"סוטז' 28 ס""מ יציקת א",,,"סוטז' 7.5*28 ס""מ שיש",Unknown,0.00,יחידה,false,,159.90,0.0000,true,1,156887
7291074004985,false,סכין רב שימושית משונ,,,סכין רב שימושית משונ,Unknown,0.00,יחידה,false,,36.90,0.0000,true,1,157026
7291074007689,false,"תרמוס נירוסטה 500 מ""",,,"תרמוס נירוסטה 500 מ""",Unknown,0.00,יחידה,false,,39.90,0.0000,true,1,157463
7291074007696,false,תרמוס נירוסטה 1000 מ,,,תרמוס נירוסטה 1000 מ,Unknown,0.00,יחידה,false,,54.90,0.0000,true,1,157464
7291074008617,false,"קלחת 14 ס""מ ידית בקל",,,"קלחת 14 ס""מ ידית בקל",Unknown,0.00,יחידה,false,,49.90,0.0000,true,1,177805
7291074009263,false,דוחסן המבורגר 11.9 ס,,,דוחסן המבורגר 11.9 ס,Unknown,0.00,יחידה,false,,29.90,0.0000,true,1,200684
7291074009317,false,מרחן סיליקון בדיספליי (18) חלק צהוב/אפור/אפור בהיר סולתם,,,מרחן סיליקון בדיספל,Unknown,0.00,יחידה,false,,19.90,0.0000,true,1,166875
7291074010542,false,"מחבתות סט (3) חלק 20+22+26 ס""מ RAINBOW סולתם",,,סט (3) מחבתות 20+22+,Unknown,0.00,יחידה,false,,169.90,0.0000,true,1,199565
7291074010689,false,מחבתות סט 2 חלק 20 ס,,,מחבתות סט 2 חלק 20 ס,Unknown,0.00,יחידה,false,,99.90,0.0000,true,1,200773
7291074011532,false,תחתית סיליקון מגנטית,,,תחתית סיליקון מגנטית,Unknown,0.00,יחידה,false,,24.90,0.0000,true,1,161679
7291074012577,false,תבנית סיליקון חצי כד,,,תבנית סיליקון חצי כד,Unknown,0.00,יחידה,false,,39.90,0.0000,true,1,177839
7291074012911,false,תבנית סיליקון אינגלי,,,תבנית סיליקון אינגלי,Unknown,0.00,יחידה,false,,49.90,0.0000,true,1,177848
7291074013871,false,"סכין סנטוקו 17.5 ס""מ ידית שחורה סולתם",,,"סכין סנטוקו 17.50 ס""",Unknown,0.00,יחידה,false,,29.90,0.0000,true,1,177889
7291074013895,false,"סכין סנטוקו 12.50 ס""מ ידית שחורה CASUAL סולתם",,,"סכין סנטוקו 12.50 ס""",Unknown,0.00,יחידה,false,,14.90,0.0000,true,1,177891
7291074013925,false,"סכין סטייק 12.50 ס""מ ידית שחורה CASUAL סולתם",,,"סכין סטייק 12.50 ס""מ",Unknown,0.00,יחידה,false,,14.90,0.0000,true,1,177894
7291074014878,false,"סכין בשר 25 ס""מ/10""",,,"סכין בשר 25 ס""מ/10""",Unknown,0.00,יחידה,false,,79.90,0.0000,true,1,184075
7291074015615,false,"סוטז' 28 ס""מ חגיגה א",,,"סוטז' 28 ס""מ חגיגה א",Unknown,0.00,יחידה,false,,129.90,0.0000,true,1,199566
7291074016483,false,"מחבת 20 ס""מ CASUAL א",,,"מחבת 20 ס""מ CASUAL א",Unknown,0.00,יחידה,false,,59.90,0.0000,true,1,195127
7291074016490,false,"מחבת 24 ס""מ CASUAL א",,,"מחבת 24 ס""מ CASUAL א",Unknown,0.00,יחידה,false,,69.90,0.0000,true,1,195128
7291074016506,false,"מחבת 28 ס""מ CASUAL א",,,"מחבת 28 ס""מ CASUAL א",Unknown,0.00,יחידה,false,,89.90,0.0000,true,1,195129
7291074017787,false,תרווד וכף סט (2) סיל,,,תרווד וכף סט (2) סיל,Unknown,0.00,יחידה,false,,29.90,0.0000,true,1,190728
7291074017794,false,מלקחיים נירוסטה וסיליקון,,,מלקחיים נירוסטה וסיל,Unknown,0.00,יחידה,false,,16.90,0.0000,true,1,197040
7291074018180,false,מארז (2) חלק תבנית עם סלסלת רשת קרבון סטיל נחושת Culinary סולתם,,,מארז (2) חל' תבנית ע,Unknown,0.00,יחידה,false,,69.90,0.0000,true,1,200697
7291074018753,false,"סיר 24 ס""מ 5 ליטר OPTIMA ציפוי שיש ידית שחורה סולתם",,,"מחבת 26 ס""מ נחושת פו",Unknown,0.00,יחידה,false,,79.90,0.0000,true,1,199568
7291074018777,false,"מחבת 20 ס""מ נחושת פו",,,"מחבת 20 ס""מ נחושת פו",Unknown,0.00,יחידה,false,,49.90,0.0000,true,1,199569
7291074018890,false,"מחבת 30 ס""מ נחושת פו",,,"מחבת 30 ס""מ נחושת פו",Unknown,0.00,יחידה,false,,89.90,0.0000,true,1,199581
7291074018937,false,קולפן ידית פלסטיק צב,,,קולפן ידית פלסטיק צב,Unknown,0.00,יחידה,false,,14.90,0.0000,true,1,200702
7291074019279,false,בוצ'ר מקצועי 1.8*30*,,,בוצ'ר מקצועי 1.8*30*,Unknown,0.00,יחידה,false,,79.90,0.0000,true,1,199585
7291074019286,false,פלטת הגשה עגולה עץ 1,,,פלטת הגשה עגולה עץ 1,Unknown,0.00,יחידה,false,,49.90,0.0000,true,1,199586
7291074020145,false,"מחבת 24 ס""מ Carrara",,,"מחבת 24 ס""מ Carrara",Unknown,0.00,יחידה,false,,59.90,0.0000,true,1,199605
7291074020169,false,"מחבת 30 ס""מ Carrara",,,"מחבת 30 ס""מ Carrara",Unknown,0.00,יחידה,false,,89.90,0.0000,true,1,199607
7291074020442,false,"סיר 10.5*20 ס""מ 3Pla",,,"סיר 10.5*20 ס""מ 3Pla",Unknown,0.00,יחידה,false,,129.90,0.0000,true,1,199613
7291074020466,false,"סיר 15.5*26 ס""מ 7.9P",,,"סיר 15.5*26 ס""מ 7.9P",Unknown,0.00,יחידה,false,,179.90,0.0000,true,1,199615
7291074020671,false,מארז כלי בישול Plati,,,מארז כלי בישול Plati,Unknown,0.00,יחידה,false,,499.90,0.0000,true,1,199621
7291074020749,false,"מחבת 24*4.8 ס""מPlati",,,"מחבת 24*4.8 ס""מPlati",Unknown,0.00,יחידה,false,,99.90,0.0000,true,1,199623
7291074020763,false,"מחבת 5.5*30ס""מPlatin",,,"מחבת 5.5*30ס""מPlatin",Unknown,0.00,יחידה,false,,129.90,0.0000,true,1,199625
7291200596438,false,ניילון נצמד 150 מטר,,,ניילון נצמד 150 מטר,Unknown,0.00,יחידה,false,,16.90,0.0000,true,1,199018
7294413085683,false,מסרק כינים,,,מסרק כינים,Unknown,0.00,יחידה,false,,5.00,0.0000,true,1,151000
7294413107644,false,ספטולות XL 10,,,ספטולות XL,Unknown,0.00,יחידה,false,,3.00,0.0000,true,1,178385
7294413853893,false,קליפס ספרים 12,,,קליפס ספרים 12,Unknown,0.00,יחידה,false,,13.00,0.0000,true,1,178387
7294413857860,false,מארז 12 קליפסים,,,מארז 12 קליפסים,Unknown,0.00,יחידה,false,,5.50,0.0000,true,1,151005
7294413857952,false,גומי לשיער 100,,,גומי לשיער 100,Unknown,0.00,יחידה,false,,6.00,0.0000,true,1,151006
7294413857983,false,קליפס מתכת לשיער,,,קליפס מתכת לשיער,Unknown,0.00,יחידה,false,,3.00,0.0000,true,1,151007
7294413858041,false,קליפס מקור מתכת,,,קליפס מקור מתכת,Unknown,0.00,יחידה,false,,3.00,0.0000,true,1,178389
7294413858164,false,גומיות אפרו,,,גומיות אפרו,Unknown,0.00,יחידה,false,,2.00,0.0000,true,1,151011
7294413858874,false,קוצץ ציפורניים בינוני,,,קוצץ ציפורניים בינונ,Unknown,0.00,יחידה,false,,6.00,0.0000,true,1,151015
7294413858881,false,קןצץ ציפורניים גדול,,,קוצץ ציפורניים גדול,Unknown,0.00,יחידה,false,,7.00,0.0000,true,1,151016
7294413860310,false,כרית לפודרה 1433-8,,,כרית לפודרה,Unknown,0.00,יחידה,false,,6.00,0.0000,true,1,178392
7294413860440,false,מגרדת לכף רגל 1436-2,,,מגרדת לכף רגל 1436-2,Unknown,0.00,יחידה,false,,8.00,0.0000,true,1,151017
7294413860488,false,מגרדת לכף רגל 1436-6,,,מגרדת לכף רגל 1436-6,Unknown,0.00,יחידה,false,,6.00,0.0000,true,1,151020
7294413861553,false,מארז 12 קליפסים,,,מארז 12 קליפסים,Unknown,0.00,יחידה,false,,6.00,0.0000,true,1,181350
7294413861812,false,מברשת מייקאפ עגולה 1,,,מברשת מייקאפ עגולה 1,Unknown,0.00,יחידה,false,,21.00,0.0000,true,1,190442
7294413863465,false,קליפס עכביש גדול 141,,,קליפס עכביש גדול 141,Unknown,0.00,יחידה,false,,5.00,0.0000,true,1,181351
7294413866077,false,ספוג רחצה,,,ספוג רחצה,Unknown,0.00,יחידה,false,,8.00,0.0000,true,1,178394
7294413866350,false,ספוג רחצה,,,ספוג רחצה,Unknown,0.00,יחידה,false,,8.50,0.0000,true,1,151032
7294413874447,false,מברשת למייקאפ/ הצללה,,,מברשת למייקאפ/ הצללה,Unknown,0.00,יחידה,false,,12.00,0.0000,true,1,178395
7294413875581,false,קופסא למברשת שיניים,,,קופסא למברשת שיניים,Unknown,0.00,יחידה,false,,3.00,0.0000,true,1,151035
7294413880783,false,מארז קליפסונים 12 יח,,,מארז קליפסונים 12 יח,Unknown,0.00,יחידה,false,,4.00,0.0000,true,1,151036
7294413880813,false,קליפס בננה מט XL,,,קליפס בננה מט XL,Unknown,0.00,יחידה,false,,4.00,0.0000,true,1,151039
7294413880929,false,גומיות שיער,,,גומיות שיער,Unknown,0.00,יחידה,false,,4.00,0.0000,true,1,151045
7294413880936,false,גומיות שיער,,,גומיות שיער,Unknown,0.00,יחידה,false,,4.00,0.0000,true,1,151046
7294413880967,false,גומיות פסים,,,גומיות פסים,Unknown,0.00,יחידה,false,,4.00,0.0000,true,1,151049
7294413880974,false,גומיות פסים,,,גומיות פסים,Unknown,0.00,יחידה,false,,4.00,0.0000,true,1,178400
7294413880981,false,גומיות שיער,,,גומיות שיער,Unknown,0.00,יחידה,false,,4.00,0.0000,true,1,151051
7294413880998,false,גומיות שיער,,,גומיות שיער,Unknown,0.00,יחידה,false,,4.00,0.0000,true,1,151052
7294413881117,false,מברשת להתרת קשרים,,,מברשת להתרת קשרים,Unknown,0.00,יחידה,false,,16.00,0.0000,true,1,151053
7294413881292,false,פינצטה מכופפת ישרה מ,,,פינצטה מכופפת ישרה מ,Unknown,0.00,יחידה,false,,8.90,0.0000,true,1,151057
7294413881377,false,מספריים לציפורניים מולר,,,מספריים לציפורניים מ,Unknown,0.00,יחידה,false,,12.00,0.0000,true,1,178402
7294413881391,false,מספריים לעור מולר,,,מספריים לעור מולר,Unknown,0.00,יחידה,false,,12.00,0.0000,true,1,178404
7294413881667,false,מברשת שיער,,,מברשת שיער,Unknown,0.00,יחידה,false,,15.00,0.0000,true,1,151064
7294413881964,false,פצירה עגולה שחורה עב,,,פצירה עגולה שחורה עב,Unknown,0.00,יחידה,false,,6.00,0.0000,true,1,178407
7294413883104,false,כפפות רחצה / מסאז',,,כפפות רחצה / מסאז',Unknown,0.00,יחידה,false,,5.00,0.0000,true,1,151076
7294413883142,false,גיישנית סקוץ',,,גיישנית סקוץ',Unknown,0.00,יחידה,false,,11.00,0.0000,true,1,178410
7294413883159,false,גיישנית פלא,,,גיישנית פלא,Unknown,0.00,יחידה,false,,9.00,0.0000,true,1,178411
7294413883166,false,גיישנית טבעית,,,גיישנית טבעית,Unknown,0.00,יחידה,false,,11.00,0.0000,true,1,178412
7294413883173,false,כפפות רחצה טבעית,,,כפפות רחצה טבעית,Unknown,0.00,יחידה,false,,11.00,0.0000,true,1,151080
7294413883289,false,מברשת פן,,,מברשת פן,Unknown,0.00,יחידה,false,,10.00,0.0000,true,1,151081
7294413883296,false,מברשת קוצים רחבה,,,מברשת קוצים רחבה,Unknown,0.00,יחידה,false,,11.00,0.0000,true,1,151082
7294413883319,false,מברשת אובאלית,,,מברשת אובאלית,Unknown,0.00,יחידה,false,,10.00,0.0000,true,1,151084
7294413883340,false,מברשת מטקה,,,מברשת מטקה,Unknown,0.00,יחידה,false,,11.00,0.0000,true,1,151085
7294413883357,false,מברשת עגולה,,,מברשת עגולה,Unknown,0.00,יחידה,false,,11.00,0.0000,true,1,151086
7294413883487,false,מספרי ספרים,,,מספרי ספרים,Unknown,0.00,יחידה,false,,24.00,0.0000,true,1,151087
7294413883616,false,שלישיית כדורי ליפה,,,שלישיית כדורי ליפה,Unknown,0.00,יחידה,false,,9.00,0.0000,true,1,151088
7294413883654,false,גומיות שיער עבות,,,גומיות שיער עבות,Unknown,0.00,יחידה,false,,5.00,0.0000,true,1,151089
7294413884330,false,מברשת לגב,,,מברשת לגב,Unknown,0.00,יחידה,false,,9.00,0.0000,true,1,182597
7294413884347,false,זוג מברשות לציפורניי,,,זוג מברשות לציפורניי,Unknown,0.00,יחידה,false,,4.90,0.0000,true,1,162436
7294413885399,false,סיכות סבתא צמודות L,,,סיכות סבתא צמודות L,Unknown,0.00,יחידה,false,,3.00,0.0000,true,1,181354
7294413889854,false,מראה לחייל ביננונית,,,מראה לחייל בינונית,Unknown,0.00,יחידה,false,,10.00,0.0000,true,1,151122
7294413889878,false,מראה לחייל גדולה,,,מראה לחייל גדולה,Unknown,0.00,יחידה,false,,11.00,0.0000,true,1,151124
7294413890133,false,כובע פונפון,,,כובע פונפון,Unknown,0.00,יחידה,false,,20.00,0.0000,true,1,202663
7294413890164,false,כובע רחצה משובח,,,כובע רחצה משובח,Unknown,0.00,יחידה,false,,4.00,0.0000,true,1,151138
7294413890188,false,כובע אמבט יוקרתי דנטל,,,כובע אמבט יוקרתי דנט,Unknown,0.00,יחידה,false,,6.00,0.0000,true,1,151140
7294413890225,false,מסרק כיס,,,מסרק כיס,Unknown,0.00,יחידה,false,,3.00,0.0000,true,1,151143
7294413890232,false,מסרק שפיץ פלסטיק צבעוני,,,מסרק שפיץ פלסטיק צבע,Unknown,0.00,יחידה,false,,3.00,0.0000,true,1,151144
7294413890256,false,מסרק גדול,,,מסרק גדול,Unknown,0.00,יחידה,false,,3.00,0.0000,true,1,151146
7294413890263,false,מסרק + ידית,,,מסרק + ידית,Unknown,0.00,יחידה,false,,3.00,0.0000,true,1,151147
7294413890355,false,גומיות מיקרופייבר צבעוני,,,גומיות מיקרופייבר צב,Unknown,0.00,יחידה,false,,5.00,0.0000,true,1,151149
7294413890362,false,גומיות מיקרופייבר שחור,,,גומיות מיקרופייבר שח,Unknown,0.00,יחידה,false,,5.00,0.0000,true,1,151150
7294413890386,false,גומיות מגבת שחורות,,,גומיות מגבת שחורות,Unknown,0.00,יחידה,false,,5.00,0.0000,true,1,151152
7294413890393,false,גומיות מגבת צבעוני 2,,,גומיות מגבת צבעוני 2,Unknown,0.00,יחידה,false,,5.00,0.0000,true,1,151153
7294413890416,false,גומיות שחורות,,,גומיות שחורות,Unknown,0.00,יחידה,false,,4.00,0.0000,true,1,151154
7294413890522,false,פינצטה ישרה אל חלד,,,פינצטה ישרה אל חלד,Unknown,0.00,יחידה,false,,11.00,0.0000,true,1,151160
7294413890539,false,פינצטה אלכסונית אל חלד,,,פינצטה אלכסונית אל ח,Unknown,0.00,יחידה,false,,11.00,0.0000,true,1,151161
7294413890560,false,פינצטה ישרה אל חלד,,,פינצטה ישרה אל חלד,Unknown,0.00,יחידה,false,,11.00,0.0000,true,1,178420
7294413890621,false,מספריים אל חלד,,,מספריים אל חלד,Unknown,0.00,יחידה,false,,20.00,0.0000,true,1,151170
7294413898283,false,פצירת יהלום,,,פצירת יהלום,Unknown,0.00,יחידה,false,,10.00,0.0000,true,1,151175
7294413909422,false,כובע צמר צבעוני,,,כובע צמר צבעוני,Unknown,0.00,יחידה,false,,12.00,0.0000,true,1,202664
7294413909811,false,ספוג רחצה בש,,,ספוג רחצה בש,Unknown,0.00,יחידה,false,,9.00,0.0000,true,1,151177
7294413909941,false,גומיות מיקרופייבר בינוני,,,גומיות מיקרופייבר בי,Unknown,0.00,יחידה,false,,5.00,0.0000,true,1,151180
7294413909958,false,גומיות מיקרופייבר בינוני,,,גומיות מיקרופייבר קט,Unknown,0.00,יחידה,false,,5.00,0.0000,true,1,151181
7294413909965,false,גומיות מיקרופייבר שחורות,,,גומיות מיקרופייבר שח,Unknown,0.00,יחידה,false,,5.00,0.0000,true,1,151182
7294413911364,false,מברשת פן קרמית 30,,,מברשת פן קרמית 30,Unknown,0.00,יחידה,false,,27.00,0.0000,true,1,178430
7294413911371,false,מברשת פן קרמית 40,,,מברשת פן קרמית 40,Unknown,0.00,יחידה,false,,29.00,0.0000,true,1,151185
7294413911432,false,קליפס דקורטיבי L,,,קליפס דקורטיבי L,Unknown,0.00,יחידה,false,,12.00,0.0000,true,1,178433
7294413911562,false,קשת צמה רחבה,,,קשת צמה רחבה,Unknown,0.00,יחידה,false,,8.00,0.0000,true,1,178435
7294413911623,false,קליפס בינוני ב,,,קליפס בינוני ב,Unknown,0.00,יחידה,false,,5.00,0.0000,true,1,151202
7294413911630,false,קליפס בינוני ג,,,קליפס בינוני ג,Unknown,0.00,יחידה,false,,5.00,0.0000,true,1,151203
7294413911654,false,קליפס עכביש חום גדול,,,קליפס עכביש חום גדול,Unknown,0.00,יחידה,false,,5.00,0.0000,true,1,178436
7294413911661,false,קליפס מקור צבעוני,,,קליפס מקור צבעוני,Unknown,0.00,יחידה,false,,3.00,0.0000,true,1,151205
7294413911708,false,צמד גומיות קטיפה,,,צמד גומיות קטיפה,Unknown,0.00,יחידה,false,,4.00,0.0000,true,1,151209
7294413914495,false,ליפה ספוגיות,,,ליפה ספוגיות,Unknown,0.00,יחידה,false,,8.00,0.0000,true,1,151223
7294413914518,false,ספוג ילדים,,,ספוג ילדים,Unknown,0.00,יחידה,false,,8.50,0.0000,true,1,178440
7294413914525,false,ספוג ענק,,,ספוג ענק,Unknown,0.00,יחידה,false,,10.00,0.0000,true,1,178441
7294413914532,false,ליפה טבעית,,,ליפה טבעית,Unknown,0.00,יחידה,false,,10.00,0.0000,true,1,178442
7294413914556,false,ספוג אצה,,,ספוג אצה,Unknown,0.00,יחידה,false,,9.00,0.0000,true,1,151228
7294413914655,false,מכשיר פדי מתכת,,,מכשיר פדי מתכת,Unknown,0.00,יחידה,false,,20.00,0.0000,true,1,195639
7294413914785,false,מברשת מסיכה,,,מברשת מסיכה,Unknown,0.00,יחידה,false,,16.00,0.0000,true,1,178445
7294413915058,false,מברשת תלתלים ייחודית/שבת,,,מברשת תלתלים ייחודית,Unknown,0.00,יחידה,false,,12.00,0.0000,true,1,151241
7294413915348,false,פפיון 5,,,פפיון 5,Unknown,0.00,יחידה,false,,4.00,0.0000,true,1,151251
7294413915560,false,מברשת מטקה לשיער W,,,מברשת מטקה לשיער W,Unknown,0.00,יחידה,false,,14.00,0.0000,true,1,151261
7294413915577,false,מברשת מטקה מראה W,,,מברשת מטקה מראה W,Unknown,0.00,יחידה,false,,14.00,0.0000,true,1,178447
7294413915805,false,קליפס יהלום שחור גדול,,,קליפס יהלום שחור גדו,Unknown,0.00,יחידה,false,,14.00,0.0000,true,1,151276
7294413915812,false,קליפס יהלום שחור בינוני,,,קליפס יהלום שחור בינ,Unknown,0.00,יחידה,false,,13.00,0.0000,true,1,151277
7294413915867,false,מברשת מטקה גדולה,,,מברשת מטקה גדולה,Unknown,0.00,יחידה,false,,13.00,0.0000,true,1,151280
7294413915874,false,מברשת שיער מקצועית,,,מברשת שיער מקצועית,Unknown,0.00,יחידה,false,,26.00,0.0000,true,1,190436
7294413915928,false,מברשת פן חצויה מקצוע,,,מברשת פן חצויה מקצוע,Unknown,0.00,יחידה,false,,19.00,0.0000,true,1,190437
7294413915966,false,זוג קשתות שחורות עבות,,,זוג קשתות שחורות עבו,Unknown,0.00,יחידה,false,,6.00,0.0000,true,1,151287
7294413915973,false,שלישיית קשתות שחורות,,,שלישיית קשתות שחורות,Unknown,0.00,יחידה,false,,6.00,0.0000,true,1,151288
7294413916666,false,כובע ברט,,,כובע ברט,Unknown,0.00,יחידה,false,,25.00,0.0000,true,1,202666
7294413916857,false,מטרייה נקודות,,,מטרייה נקודות,Unknown,0.00,יחידה,false,,34.00,0.0000,true,1,202270
7294413916888,false,מטרייה מתקפלת גדולה,,,מטרייה מתקפלת גדולה,Unknown,0.00,יחידה,false,,34.00,0.0000,true,1,151315
7294413916895,false,מטרייה אוטומטית חלקה,,,מטרייה מתקפלת אטו כפ,Unknown,0.00,יחידה,false,,34.00,0.0000,true,1,151316
7294413917021,false,גומיית ספירלה שחור/לבן L,,,גומיית ספירלה שחור/ל,Unknown,0.00,יחידה,false,,6.00,0.0000,true,1,178455
7294413917090,false,קליפס,,,קליפס,Unknown,0.00,יחידה,false,,8.00,0.0000,true,1,178456
7294413917106,false,סרט לשיער,,,סרט לשיער,Unknown,0.00,יחידה,false,,7.00,0.0000,true,1,151322
7294413917137,false,קטר לציפורן חודרנית,,,קטר לציפורן חודרנית,Unknown,0.00,יחידה,false,,49.90,0.0000,true,1,192384
7294413917335,false,מטריה מיני,,,מטריה מיני,Unknown,0.00,יחידה,false,,10.00,0.0000,true,1,151323
7294413917427,false,סיכת ראש דקורטיבית,,,סיכת ראש דקורטיבית,Unknown,0.00,יחידה,false,,8.00,0.0000,true,1,178457
7294413917519,false,4 גומיות לילדות,,,4 גומיות לילדות,Unknown,0.00,יחידה,false,,5.00,0.0000,true,1,199259
7294413917526,false,4 גומיות לילדות,,,4 גומיות לילדות,Unknown,0.00,יחידה,false,,5.00,0.0000,true,1,195638
7294413917533,false,זוג גומיות לילדות,,,זוג גומיות לילדות,Unknown,0.00,יחידה,false,,6.00,0.0000,true,1,151341
7294413917571,false,מסרק סמיך ארוך,,,מסרק סמיך ארוך,Unknown,0.00,יחידה,false,,11.00,0.0000,true,1,172389
7294413917601,false,סט צבע,,,סט צבע,Unknown,0.00,יחידה,false,,12.00,0.0000,true,1,151347
7294413917618,false,מראה נצמדת פי 10,,,מראה נצמדת פי 10,Unknown,0.00,יחידה,false,,20.00,0.0000,true,1,151348
7294413917847,false,ספוג מסאג',,,ספוג מסאג',Unknown,0.00,יחידה,false,,10.00,0.0000,true,1,151357
7294413917854,false,כפפות רחצה לילדים,,,כפפות רחצה לילדים,Unknown,0.00,יחידה,false,,11.00,0.0000,true,1,151358
7294413917953,false,בננה דקורטיבית,,,בננה דקורטיבית,Unknown,0.00,יחידה,false,,8.00,0.0000,true,1,151364
7294413918516,false,רשת כביסה,,,רשת כביסה,Unknown,0.00,יחידה,false,,10.00,0.0000,true,1,151379
7294413918561,false,סט מניקור MOLER,,,סט מניקור MOLER,Unknown,0.00,יחידה,false,,29.00,0.0000,true,1,181359
7294413918578,false,קשת ילדות,,,קשת ילדות,Unknown,0.00,יחידה,false,,8.00,0.0000,true,1,151382
7294413918585,false,קשת ילדות 2,,,קשת ילדות 2,Unknown,0.00,יחידה,false,,8.00,0.0000,true,1,151383
7294413918608,false,קשת פפיון 2,,,קשת פפיון 2,Unknown,0.00,יחידה,false,,8.00,0.0000,true,1,151385
7294413918653,false,סיכות ראש לבבות,,,סיכות ראש לבבות,Unknown,0.00,יחידה,false,,5.00,0.0000,true,1,151390
7294413918677,false,קליפסונים שחורים לשי,,,קליפסונים שחורים לשי,Unknown,0.00,יחידה,false,,8.00,0.0000,true,1,151392
7294413918707,false,קשת לשיער,,,קשת לשיער,Unknown,0.00,יחידה,false,,10.00,0.0000,true,1,151395
7294413918783,false,ארנק ילדות,,,ארנק ילדות,Unknown,0.00,יחידה,false,,6.00,0.0000,true,1,151404
7294413918837,false,מארז 50 גומיות צבעונ,,,מארז 50 גומיות צבעונ,Unknown,0.00,יחידה,false,,8.00,0.0000,true,1,151409
7294413918844,false,מארז 50 גומיות צבעונ,,,מארז 50 גומיות צבעונ,Unknown,0.00,יחידה,false,,8.00,0.0000,true,1,151410
7294413918868,false,גומיות לשיער 2 5,,,גומיות לשיער 2 5,Unknown,0.00,יחידה,false,,6.00,0.0000,true,1,151412
7294413919001,false,גומיות לשיער,,,גומיות לשיער,Unknown,0.00,יחידה,false,,6.00,0.0000,true,1,151416
7294413919094,false,מארז שלישיית פדים קו,,,מארז שלישיית פדים קו,Unknown,0.00,יחידה,false,,14.90,0.0000,true,1,151418
7294413919100,false,פצירת נירוסטה אל חלד,,,פצירת נירוסטה אל חלד,Unknown,0.00,יחידה,false,,12.00,0.0000,true,1,151419
7294413919346,false,מטרייה משובץ חזקה או,,,מטרייה משובץ חזקה או,Unknown,0.00,יחידה,false,,28.00,0.0000,true,1,202269
7294413919407,false,תיק תק פנינה זוג גדו,,,תיק תק פנינה זוג גדו,Unknown,0.00,יחידה,false,,9.90,0.0000,true,1,157775
7294413919445,false,שק כביסה רב פעמי,,,שק כביסה רב פעמי,Unknown,0.00,יחידה,false,,11.00,0.0000,true,1,178462
7294413919490,false,מברשת מטקה,,,מברשת מטקה,Unknown,0.00,יחידה,false,,16.00,0.0000,true,1,157777
7294413919506,false,מברשת אובלית,,,מברשת אובלית,Unknown,0.00,יחידה,false,,16.00,0.0000,true,1,157778
7294413919568,false,זוג קליפס לשיער S,,,זוג קליפס לשיער S,Unknown,0.00,יחידה,false,,14.00,0.0000,true,1,157784
7294413919575,false,קליפס לשיער L,,,קליפס לשיער L,Unknown,0.00,יחידה,false,,10.00,0.0000,true,1,157785
7294413919582,false,מארז קליפסים לשיער,,,מארז קליפסים לשיער,Unknown,0.00,יחידה,false,,10.00,0.0000,true,1,157786
7294413919599,false,מארז קליפסים לשיער 1,,,מארז קליפסים לשיער 1,Unknown,0.00,יחידה,false,,10.00,0.0000,true,1,157787
7294413919605,false,מארז קליפסים לשיער 2,,,מארז קליפסים לשיער 2,Unknown,0.00,יחידה,false,,10.00,0.0000,true,1,157788
7294413919612,false,קליפס מעוצב לשיער,,,קליפס מעוצב לשיער,Unknown,0.00,יחידה,false,,13.00,0.0000,true,1,157789
7294413919629,false,קליפס מעוצב כוכב,,,קליפס מעוצב כוכב,Unknown,0.00,יחידה,false,,13.00,0.0000,true,1,157790
7294413919636,false,זוג קשת לשיער,,,זוג קשת לשיער,Unknown,0.00,יחידה,false,,15.00,0.0000,true,1,157791
7294413919643,false,2 קשת ילדות,,,2 קשת ילדות,Unknown,0.00,יחידה,false,,9.00,0.0000,true,1,157792
7294413920014,false,גומיות מגבת זוהר,,,גומיות מגבת זוהר,Unknown,0.00,יחידה,false,,5.00,0.0000,true,1,178467
7294413920021,false,גומיות מגבת חום שחור,,,גומיות מגבת חום שחור,Unknown,0.00,יחידה,false,,5.00,0.0000,true,1,178468
7294413920243,false,כובע פונפון משולב,,,כובע פונפון משולב,Unknown,0.00,יחידה,false,,20.00,0.0000,true,1,167725
7294413920410,false,מטריה ילדים מותגים,,,מטריה ילדים מותגים,Unknown,0.00,יחידה,false,,22.00,0.0000,true,1,167718
7294413920441,false,קליפס משולש,,,קליפס משולש,Unknown,0.00,יחידה,false,,13.00,0.0000,true,1,181361
7294413920489,false,קליפס שחור,,,קליפס שחור,Unknown,0.00,יחידה,false,,13.00,0.0000,true,1,181364
7294413920496,false,קליפס פרפר,,,קליפס פרפר,Unknown,0.00,יחידה,false,,10.00,0.0000,true,1,190447
7294413921394,false,כובע סימבה 2-4,,,כובע סימבה 2-4,Unknown,1.00,יחידה,false,,24.00,24.0000,true,1,187384
7294413921455,false,כובע מיקי,,,כובע מיקי,Unknown,1.00,יחידה,false,,24.00,24.0000,true,1,187377
7294413921493,false,כובע ספיידרמן 3+,,,כובע ספיידרמן 3+,Unknown,1.00,יחידה,false,,24.00,24.0000,true,1,187371
7294413921509,false,כובע לול 3+,,,כובע לול 3+,Unknown,1.00,יחידה,false,,24.00,24.0000,true,1,187372
7294413921578,false,כובע מיקי 1-2,,,כובע מיקי 1-2,Unknown,1.00,יחידה,false,,24.00,24.0000,true,1,187366
7294413921585,false,כובע מיקי 2-4,,,כובע מיקי 2-4,Unknown,1.00,יחידה,false,,24.00,24.0000,true,1,187363
7294413921622,false,3סיכות,,,3סיכות,Unknown,0.00,יחידה,false,,8.00,0.0000,true,1,190454
7294413921653,false,3סיכות,,,3סיכות,Unknown,0.00,יחידה,false,,7.00,0.0000,true,1,190457
7294413921660,false,3תיקתק פירות,,,3תיקתק פירות,Unknown,0.00,יחידה,false,,7.00,0.0000,true,1,190458
7294413921677,false,3תיקתק צורות,,,3תיקתק צורות,Unknown,0.00,יחידה,false,,7.00,0.0000,true,1,190459
7294413921691,false,3תיקתק לב,,,3תיקתק לב,Unknown,0.00,יחידה,false,,7.00,0.0000,true,1,190461
7294413921745,false,קליפס 3,,,קליפס 3,Unknown,0.00,יחידה,false,,10.00,0.0000,true,1,190462
7294413921752,false,קליפס קשת,,,קליפס קשת,Unknown,0.00,יחידה,false,,10.00,0.0000,true,1,190463
7294413921769,false,קליפס תחרה,,,קליפס תחרה,Unknown,0.00,יחידה,false,,10.00,0.0000,true,1,190464
7294413921776,false,קליפס מלבן,,,קליפס מלבן,Unknown,0.00,יחידה,false,,10.00,0.0000,true,1,190465
7294413921783,false,קליפס מסרק,,,קליפס מסרק,Unknown,0.00,יחידה,false,,10.00,0.0000,true,1,190466
7294413921790,false,קליפס פרחים,,,קליפס פרחים,Unknown,0.00,יחידה,false,,10.00,0.0000,true,1,190467
7294413921806,false,קליפס עיגולים,,,קליפס עיגולים,Unknown,0.00,יחידה,false,,10.00,0.0000,true,1,190468
7294413921813,false,קליפס פרחים,,,קליפס פרחים,Unknown,0.00,יחידה,false,,10.00,0.0000,true,1,190469
7294413921820,false,קליפס צורות,,,קליפס צורות,Unknown,0.00,יחידה,false,,10.00,0.0000,true,1,190470
7294413921837,false,קליפס מט/מבריק,,,קליפס מט/מבריק,Unknown,0.00,יחידה,false,,10.00,0.0000,true,1,190471
7294413921844,false,קליפס האלף,,,קליפס האלף,Unknown,0.00,יחידה,false,,10.00,0.0000,true,1,190472
7294413921868,false,קליפס פסטל חלון,,,קליפס פסטל חלון,Unknown,0.00,יחידה,false,,10.00,0.0000,true,1,190474
7294413921875,false,קליפס פסטל,,,קליפס פסטל,Unknown,0.00,יחידה,false,,10.00,0.0000,true,1,190475
7294413922032,false,מטרייה הפוכה,,,מטרייה הפוכה,Unknown,0.00,יחידה,false,,49.00,0.0000,true,1,201928
7294413922049,false,מטרייה אוט שיש,,,מטרייה אוט שיש,Unknown,0.00,יחידה,false,,39.00,0.0000,true,1,201929
7294413922179,false,כובע חורף,,,כובע חורף,Unknown,0.00,יחידה,false,,24.00,0.0000,true,1,201966
7294413922186,false,כובע חורף OZ,,,כובע חורף OZ,Unknown,0.00,יחידה,false,,24.00,0.0000,true,1,201967
7294413922209,false,כובע חורף עלים,,,כובע חורף עלים,Unknown,0.00,יחידה,false,,24.00,0.0000,true,1,201969
7296021009396,false,משטח עבודה,,,משטח עבודה,Unknown,0.00,יחידה,false,,20.00,0.0000,true,1,123179
7296021019623,false,סטנד תלייה לששת,,,סטנד תלייה לששת,Unknown,0.00,יחידה,false,,20.00,0.0000,true,1,123206
7296021125683,false,מיכל אחסון 3.85 ל' נ,,,מיכל אחסון 3.85 ל' נ,Unknown,0.00,יחידה,false,,34.90,0.0000,true,1,160941
7296021125690,false,מיכל אחסון 2.60ל' נע,,,מיכל אחסון 2.60ל' נע,Unknown,0.00,יחידה,false,,29.90,0.0000,true,1,160942
7296021125706,false,מיכל אחסון 1 ל' נעמן,,,מיכל אחסון 1 ל' נעמן,Unknown,0.00,יחידה,false,,19.90,0.0000,true,1,160943
7296021128257,false,"צלחת 21ס""מ JULIET קר",,,"צלחת 21ס""מ JULIET קר",Unknown,0.00,יחידה,false,,10.00,0.0000,true,1,190538
7296021133626,false,כף מסננת קטנה ידית ש,,,כף מסננת קטנה ידית ש,Unknown,0.00,יחידה,false,,14.90,0.0000,true,1,157548
7296021133749,false,מסננת קטנה ידית שחור,KIS CHINA,,מסננת קטנה ידית שחור,Unknown,0.00,יחידה,false,,10.00,0.0000,true,1,157551
7296021135446,false,תרווד נירוסטה נעמן,,,תרווד נירוסטה נעמן,Unknown,0.00,יחידה,false,,34.90,0.0000,true,1,162930
7296021135477,false,כף בישול / אורז נירו,,,כף בישול / אורז נירו,Unknown,0.00,יחידה,false,,34.90,0.0000,true,1,162933
7296021137266,false,בוצ'ר בלוק מקצועי 2,,,בוצ'ר בלוק מקצועי 2,Unknown,0.00,יחידה,false,,29.90,0.0000,true,1,174232
7296021141157,false,כף מחורצת סיליקון,,,כף מחורצת סיליקון,Unknown,0.00,יחידה,false,,29.90,0.0000,true,1,123633
7296021141171,false,כף בישול סיליקון,,,כף בישול סיליקון,Unknown,0.00,יחידה,false,,29.90,0.0000,true,1,123635
7296021141188,false,מצקת סיליקון,,,מצקת סיליקון,Unknown,0.00,יחידה,false,,29.90,0.0000,true,1,123636
7296021141287,false,סט 5 מכסה סיליקון,,,סט 5 מכסה סיליקון,Unknown,0.00,יחידה,false,,49.90,0.0000,true,1,165594
7296021146411,false,תבנית CS לאפיה מלבן,,,תבנית CS לאפיה מלבן,Unknown,0.00,יחידה,false,,29.90,0.0000,true,1,123717
7296021153990,false,סיר עוף/חמין אמייל 3,,,סיר עוף/חמין אמייל 3,Unknown,0.00,יחידה,false,,129.90,0.0000,true,1,123812
7296021159510,false,סט 6 כפיות דגם רמון,,,כפית סט (6) רמון W ר,Unknown,0.00,יחידה,false,,19.90,0.0000,true,1,174240
7296021161186,false,צנצנת זכוכית מרובעת,,,צנצנת זכוכית מרובעת,Unknown,0.00,יחידה,false,,14.90,0.0000,true,1,174243
7296021161599,false,קופסאת אחסון זכוכית,,,קופסה מלבן 2000 ML ז,Unknown,0.00,יחידה,false,,49.90,0.0000,true,1,123937
7296021169304,false,משקל מטבח אלקטרוני ש,,,משקל מטבח אלקטרוני ש,Unknown,0.00,יחידה,false,,59.90,0.0000,true,1,202708
7296021169762,false,סט 3 תבניות אפייה מל,,,סט 3 תבניות אפייה מל,Unknown,0.00,יחידה,false,,99.90,0.0000,true,1,124061
7296021170652,false,פותחן שימוריםפרפר ST,,,פותחן שימורים,Unknown,0.00,יחידה,false,,6.90,0.0000,true,1,157557
7296021170713,false,כותש שום איכותי ZINK,,,כותש שום איכותי ZIN,Unknown,0.00,יחידה,false,,24.90,0.0000,true,1,124092
7296021170775,false,- מגרדת שטוחה 12*30,נעמן,,- מגרדת שטוחה 12*30,Unknown,0.00,יחידה,false,,10.00,0.0000,true,1,124096
7296021170805,false,סוחט הדרים ידני גדול,נעמן,,- מסחטת הדרים 9*23 כ,Unknown,0.00,יחידה,false,,29.90,0.0000,true,1,124098
7296021170881,false,מסננת תה רשת כפולה נ,,,מסננת תה STAINLESS S,Unknown,0.00,יחידה,false,,10.00,0.0000,true,1,124102
7296021170997,false,מכסה טיגון מונע התזת,נעמן,,"מגן שמן 29 ס""מ עם יד",Unknown,0.00,יחידה,false,,16.90,0.0000,true,1,124111
7296021171031,false,קולפנים סט (3) בדיספ,,,קולפנים סט (3) בדיספ,Unknown,0.00,יחידה,false,,14.90,0.0000,true,1,124113
7296021171222,false,"קערה פרח 17 ס""מ",,,simply white - קערה,Unknown,0.00,יחידה,false,,24.90,0.0000,true,1,124123
7296021172380,false,"סכין 20 ס""מ (סנטוקו/",,,"סכין 20 ס""מ (סנטוקו/",Unknown,0.00,יחידה,false,,39.90,0.0000,true,1,124139
7296021190694,false,סט נעמן 7 חלקים,,,סט נעמן 7 חלקים,Unknown,0.00,יחידה,false,,250.00,0.0000,true,1,157502
7296021191749,false,"סיר יציקה 24 ס""מ +מכ",,,"סיר יציקה 24 ס""מ 4.",Unknown,0.00,יחידה,false,,119.90,0.0000,true,1,124263
7296021230325,false,תבנית עגולה 30 סמ PA,,,תבנית עגולה 30 סמ PA,Unknown,0.00,יחידה,false,,34.90,0.0000,true,1,174314
7296021230837,false,"מחבת נירוסטה 24 ס""מ",,,"מחבת נירוסטה 24 ס""מ",Unknown,0.00,יחידה,false,,159.90,0.0000,true,1,174320
7296021232237,false,CANDY צנצנת 1.6 ליטר,,,CANDY צנצנת 1.6 ליטר,Unknown,0.00,יחידה,false,,14.90,0.0000,true,1,174334
7296021232244,false,CANDY צנצנת 1.2 ליטר,,,CANDY צנצנת 1.2 ליטר,Unknown,0.00,יחידה,false,,14.90,0.0000,true,1,202709
7296021232565,false,תרמוס 1 ליטר שחור,,,תרמוס 1 ליטר שחור,Unknown,0.00,יחידה,false,,36.90,0.0000,true,1,160970
7296021233302,false,כוס תה/קפה 150 מל G,,,כוס תה/קפה 150 מל G,Unknown,0.00,יחידה,false,,16.90,0.0000,true,1,180650
7296021254529,false,מיכל אחסון זכוכית מר,,,מיכל אחסון זכוכית מר,Unknown,0.00,יחידה,false,,24.90,0.0000,true,1,174357
7296021254550,false,מיכל אחסון זכוכית מל,,,מיכל אחסון זכוכית מל,Unknown,0.00,יחידה,false,,24.90,0.0000,true,1,174360
7296021254567,false,מיכל אחסון זכוכית מל,,,מיכל אחסון זכוכית מל,Unknown,0.00,יחידה,false,,19.90,0.0000,true,1,202712
7296021255830,false,קישואן זוקיני ידית ש,,,קישואן זוקיני ידית ש,Unknown,0.00,יחידה,false,,10.00,0.0000,true,1,167506
7296021256844,false,"מחבת לטיגון 26 ס""מ A",,,"מחבת לטיגון 26 ס""מ A",Unknown,0.00,יחידה,false,,69.90,0.0000,true,1,174394
7296021260605,false,מחבת יציקה גריל 14 ס,,,מחבת יציקה גריל 14 ס,Unknown,0.00,יחידה,false,,34.90,0.0000,true,1,174463
7296021266676,false,"מסננת ידית עץ 8 ס""מ פרפקטו",נעמן,,"מסננת ידית עץ 8 ס""מ",Unknown,0.00,יחידה,false,,12.90,0.0000,true,1,184397
7296021266690,false,מסננת ידית עץ פרפקטו,,,"מסננת ידית עץ 15 ס""מ",Unknown,0.00,יחידה,false,,21.90,0.0000,true,1,184396
7296021266706,false,"מסננת ידית עץ 20 ס""מ",,,"מסננת ידית עץ 20 ס""מ",Unknown,0.00,יחידה,false,,24.90,0.0000,true,1,184399
7296021268632,false,מארז תבלינים 6 חלקים,נעמן,,מארז תבלינים 6 חלקים,Unknown,0.00,יחידה,false,,129.90,0.0000,true,1,186043
7296021269035,false,כוסות קרמיקה14*7.4 R,,,Rainbow בול 7.4*14 ס,Unknown,0.00,יחידה,false,,14.90,0.0000,true,1,190564
7296021271229,false,DESERT קערת הגשה 7.5,,,DESERT קערת הגשה 7.5,Unknown,0.00,יחידה,false,,14.90,0.0000,true,1,194299
7296021275104,false,"מועך תפו""א 27 סמ",,,"מועך תפו""א 27 סמ",Unknown,0.00,יחידה,false,,39.90,0.0000,true,1,194334
7296021276989,false,סיר 2.9 ליטר + מכסה,,,"סיר 10*20 ס""מ 2.9 לי",Unknown,0.00,יחידה,false,,99.90,0.0000,true,1,195576
7296021280757,false,תרמוס 1.8 ליטר שחור,,,תרמוס 1.8 ליטר שחור,Unknown,0.00,יחידה,false,,89.90,0.0000,true,1,200827
7296049258295,false,דן סט 5 קערות פלסטיק,,,דן סט 5 קערות פלסטיק,Unknown,0.00,יחידה,false,,24.90,0.0000,true,1,197903
7296049259797,false,דן סיר מיקרוגל מקושט,,,דן סיר מיקרוגל מקושט,Unknown,0.00,יחידה,false,,18.90,0.0000,true,1,197977
7296051101916,false,"עששית עץ שחורה 39 ס""",,,"עששית עץ שחורה 39 ס""",Unknown,0.00,יחידה,false,,59.90,0.0000,true,1,177651
7296083000102,false,דובוני וניל קרמבו 16,,,דובוני וניל קרמבו 16,Unknown,16.00,יחידה,false,,22.90,1.4312,true,1,202606
7296092011335,false,"סכין פירוק רחב 13 ס""",,,"סכין פירוק רחב 13 ס""",Unknown,0.00,יחידה,false,,39.90,0.0000,true,1,199251
7296102016619,false,"רשת מנגל 23*38 ס""מ",,,"רשת מנגל 23*38 ס""מ",Unknown,0.00,יחידה,false,,14.90,0.0000,true,1,162739
7296102060759,false,"חבל מצנחים 4 מ""מ 20",,,"חבל מצנחים 4 מ""מ 20",Unknown,0.00,יחידה,false,,10.00,0.0000,true,1,185714
7296102061848,false,מטאטא לוגנו+מקל,מ.א. ייצור ויבוא מטליות,,מטאטא LUGANO,Unknown,0.00,יחידה,false,,16.90,0.0000,true,1,163082
7296102096710,false,מלקחיים נירוסטה,,,מלקחיים נירוסטה,Unknown,0.00,יחידה,false,,7.90,0.0000,true,1,139149
7296102104521,false,מברשת פלדה ידית עץ 5,,,מברשת פלדה ידית עץ 5,Unknown,0.00,יחידה,false,,10.00,0.0000,true,1,181119
7296102104545,false,מברשת פליז מקצועית ל,,,מברשת פליז מקצועית ל,Unknown,0.00,יחידה,false,,19.90,0.0000,true,1,185705
7296102105344,false,מברשת פליז מקצועית ל,,,מברשת פליז מקצועית ל,Unknown,0.00,יחידה,false,,26.90,0.0000,true,1,185706
7296102107379,false,מלקחיים נירוסטה,,,מלקחיים נירוסטה,Unknown,0.00,יחידה,false,,16.90,0.0000,true,1,163087
7296102108765,false,מחזיק סכום נירוסטה ע,,,מחזיק סכום נירוסטה ע,Unknown,0.00,יחידה,false,,14.90,0.0000,true,1,163679
7296102109380,false,קופסת אחסון 15 ליטר,,,קופסת אחסון 15 ליטר,Unknown,0.00,יחידה,false,,34.90,0.0000,true,1,193971
7296102112960,false,קפיץ ספירלה לפתיחת ס,,,קפיץ ספירלה לפתיחת ס,Unknown,0.00,יחידה,false,,39.90,0.0000,true,1,176686
7296102113110,false,סל כביסה תחרה פרחים,,,סל כביסה תחרה פרחים,Unknown,0.00,יחידה,false,,39.90,0.0000,true,1,200963
7296102119105,false,משפך מתכווץ 14×11.5×,,,משפך מתכווץ 14×11.5×,Unknown,0.00,יחידה,false,,7.90,0.0000,true,1,200966
7296102121245,false,סט 3 קופסאות מרובע 1,,,סט 3 קופסאות מרובע 1,Unknown,0.00,יחידה,false,,12.90,0.0000,true,1,196598
7296102121276,false,סט 3 קופסאות מלבן 1,,,סט 3 קופסאות מלבן 1,קילוגרמים,1.00,ליטר,false,,12.90,12.9000,true,1,196597
7296102121283,false,סט 3 קופסאות מרובע 1,,,סט 3 קופסאות מרובע 1,Unknown,0.00,יחידה,false,,12.90,0.0000,true,1,196600
7296102121290,false,סט 3 קופסאות מרובע 1,,,סט 3 קופסאות מרובע 1,Unknown,0.00,יחידה,false,,12.90,0.0000,true,1,196601
7296102121696,false,סט 3 קופסאות עגולות,,,סט 3 קופסאות עגולות,Unknown,0.00,יחידה,false,,10.00,0.0000,true,1,200969
7296102123232,false,צידנית בד 18 ליטר,,,צידנית בד 18 ליטר,Unknown,0.00,יחידה,false,,59.90,0.0000,true,1,196143
7296102123256,false,צידנית פרימיום עם גל,,,צידנית פרימיום עם גל,Unknown,0.00,יחידה,false,,199.90,0.0000,true,1,196145
7296102133194,false,מזלג לגריל נירוסטה י,,,מזלג לגריל נירוסטה י,Unknown,0.00,יחידה,false,,19.90,0.0000,true,1,191463
7296102133224,false,מברשת סיליקון לגריל,,,מברשת סיליקון לגריל,Unknown,0.00,יחידה,false,,19.90,0.0000,true,1,191466
7296102133484,false,"רשת מנגל 26*75 ס""מ",,,"רשת מנגל 26*75 ס""מ",Unknown,0.00,יחידה,false,,34.90,0.0000,true,1,196152
7296102133521,false,מלקחיים נירוסטה ידית,,,מלקחיים נירוסטה ידית,Unknown,0.00,יחידה,false,,10.00,0.0000,true,1,201014
7296102133538,false,מלקחיים נירוסטה ידית,,,מלקחיים נירוסטה ידית,Unknown,0.00,יחידה,false,,12.90,0.0000,true,1,201015
7296102183021,false,נוצות בת יענה עם ידי,,,נוצות בת יענה עם ידי,Unknown,0.00,יחידה,false,,39.90,0.0000,true,1,139225
7296102183953,false,כוס עם קשית מתכווצת,,,כוס עם קשית מתכווצת,Unknown,0.00,יחידה,false,,7.90,0.0000,true,1,200977
7296102183960,false,בקבוק לחיץ לרוטב 600,,,בקבוק לחיץ לרוטב 600,Unknown,0.00,יחידה,false,,5.90,0.0000,true,1,200978
7296102190111,false,קולפן ירקות ברקן ידית סיליקון,,,קולפן ירקות ברקן ידי,Unknown,0.00,יחידה,false,,14.90,0.0000,true,1,176733
7296102311097,false,קופסא לאיחסון 3.8 לי,,,קופסא לאיחסון 3.8 לי,Unknown,0.00,יחידה,false,,14.90,0.0000,true,1,200989
7296102320280,false,פח דוושה נירוסטה 5 ל,,,פח דוושה נירוסטה 5 ל,Unknown,0.00,יחידה,false,,149.90,0.0000,true,1,194076
7296102401194,false,סכומון מגירה,,,סכומון מגירה,Unknown,0.00,יחידה,false,,7.90,0.0000,true,1,157489
7296102401316,false,נפנף למנגל (0845),,,נפנף למנגל (0845),Unknown,0.00,יחידה,false,,5.90,0.0000,true,1,176771
7296102401408,false,"גיגית 35 ס""מ + ידיות",,,"גיגית 35 ס""מ + ידיות",Unknown,0.00,יחידה,false,,10.90,0.0000,true,1,156437
7296102440025,false,מברשת פלדה מגהץ 5 שו,,,מברשת פלדה מגהץ 5 שו,Unknown,0.00,יחידה,false,,19.90,0.0000,true,1,185723
7296102519103,false,בקבוק תרסיס זכוכית ל,,,בקבוק תרסיס זכוכית ל,Unknown,0.00,יחידה,false,,12.90,0.0000,true,1,200996
7296102619025,false,משחיז סכינים דו שלבי,,,משחיז סכינים דו שלבי,Unknown,0.00,יחידה,false,,19.90,0.0000,true,1,176793
7296102619339,false,פומפיה מרובעת נירוסטה,,,פומפיה מרובעת נירוסט,Unknown,0.00,יחידה,false,,26.90,0.0000,true,1,191453
7296102619414,false,"משפך נירוסטה 10 ס""מ",,,"משפך נירוסטה 10 ס""מ",Unknown,0.00,יחידה,false,,16.90,0.0000,true,1,181151
7296102630020,false,משטח סימפטקס רב שימו,,,משטח סימפטקס רב שימו,Unknown,0.00,יחידה,false,,29.90,0.0000,true,1,181154
7296102637067,false,מצית גז רשף מטאלי,,,מצית גז רשף מטאלי,Unknown,0.00,יחידה,false,,14.90,0.0000,true,1,191481
7296102710326,false,"מערכת תליה 70 ס""מ 5",,,"מערכת תליה 70 ס""מ 5",Unknown,0.00,יחידה,false,,99.90,0.0000,true,1,200909
7296102718117,false,מערכת רחצה איריס Ner,,,מערכת רחצה איריס Ner,Unknown,0.00,יחידה,false,,69.90,0.0000,true,1,200914
7296102718148,false,מערכת רחצה 3 מצבים ד,,,מערכת רחצה 3 מצבים ד,Unknown,0.00,יחידה,false,,69.90,0.0000,true,1,200917
7296102718155,false,מערכת רחצה 5 מצבים ש,,,מערכת רחצה 5 מצבים ש,Unknown,0.00,יחידה,false,,79.90,0.0000,true,1,200918
7296102729267,false,מקלח יד 3 מצבים הרדו,,,מקלח יד 3 מצבים הרדו,Unknown,0.00,יחידה,false,,39.90,0.0000,true,1,200928
7296102758106,false,וילון אמבטיה PVC 180,,,וילון אמבטיה PVC 180,Unknown,0.00,יחידה,false,,26.90,0.0000,true,1,201009
7296102812075,false,מדף פינתי דו קומתי מ,,,מדף פינתי דו קומתי מ,Unknown,0.00,יחידה,false,,109.90,0.0000,true,1,194093
7296102830161,false,"שק רשת לכביסה 40*50 ס""מ",,,שק רשת לכביסה 40*50,Unknown,0.00,יחידה,false,,7.90,0.0000,true,1,176804
7296168089183,false,sweetie מספריים לתינ,סוויטי,,sweetie מספריים לתינ,Unknown,0.00,יחידה,false,,22.90,0.0000,true,1,156853
7296181224011,false,סטנד קערה גדולה קריס,,,סטנד קערה גדולה קריס,Unknown,0.00,יחידה,false,,300.00,0.0000,true,1,126108
7296181905736,false,סט מלח/פלפל/נירוסטה/,,,סט מלח/פלפל/נירוסטה/,Unknown,0.00,יחידה,false,,45.00,0.0000,true,1,126131
7297028139628,false,גוזיות נשים סנטוני ע,,,גוזיות נשים סנטוני ע,Unknown,0.00,יחידה,false,,19.90,0.0000,true,1,176927
7297028157479,false,גוזיות נשים סנטוני V,,,גוזיות נשים סנטוני V,Unknown,0.00,יחידה,false,,19.90,0.0000,true,1,176932
7297028167454,false,בוקסר גבר רגיל,,,בוקסר גבר רגיל,Unknown,0.00,יחידה,false,,14.90,0.0000,true,1,167607
7297445032670,false,מערכת מצעים מיכל נגר,,,מערכת מצעים מיכל נגר,Unknown,0.00,יחידה,false,,499.90,0.0000,true,1,202759
7297445032847,false,מערכת מצעים דגם פינל,,,מערכת מצעים דגם פינל,Unknown,0.00,יחידה,false,,379.90,0.0000,true,1,202764
7297445047568,false,שטיח מעוצב עם פרנזים,,,שטיח מעוצב עם פרנזים,Unknown,0.00,יחידה,false,,69.90,0.0000,true,1,198787
7297445047636,false,שטיח למטבח בעיצוב מי,,,שטיח למטבח בעיצוב מי,Unknown,0.00,יחידה,false,,149.90,0.0000,true,1,199264
7297445047674,false,שטיח למטבח בעיצוב מי,,,שטיח למטבח בעיצוב מי,Unknown,0.00,יחידה,false,,149.90,0.0000,true,1,199266
7297445047759,false,שטיח מעוצב דגם אולימ,,,שטיח מעוצב דגם אולימ,Unknown,0.00,יחידה,false,,59.90,0.0000,true,1,198793
7297445053385,false,מגבת גוף דגם אינדיה,,,מגבת גוף דגם אינדיה,Unknown,0.00,יחידה,false,,79.90,0.0000,true,1,175890
7297445053835,false,מגבת פנים בעיצוב אפר,,,מגבת פנים בעיצוב אפר,Unknown,0.00,יחידה,false,,49.90,0.0000,true,1,175910
7297445054146,false,מגבת גוף דגם מיקונוס,,,מגבת גוף דגם מיקונוס,Unknown,0.00,יחידה,false,,59.90,0.0000,true,1,198801
7297445054283,false,מגבת תליה בעיצוב מיכ,,,מגבת תליה בעיצוב מיכ,Unknown,0.00,יחידה,false,,49.90,0.0000,true,1,199278
7297445063452,false,ציפית לכרית נוי בעיצ,,,ציפית לכרית נוי בעיצ,Unknown,0.00,יחידה,false,,49.90,0.0000,true,1,175953
7297445072287,false,סט זוג מגשי אירוח דג,,,סט זוג מגשי אירוח דג,Unknown,0.00,יחידה,false,,139.90,0.0000,true,1,165678
7297445072515,false,סט זוג מגשי ארוח מלב,,,סט זוג מגשי ארוח מלב,Unknown,0.00,יחידה,false,,119.90,0.0000,true,1,175963
7297488097995,false,גרנולה דבש ללא גלוטן 250 גרם דגש,תות תעשיות מזון (201,,דגש גרנולה דבש 250ג,גרמים,250.00,100 גרם,false,,17.90,7.1600,true,1,153544
7297488098015,false,גרנולה קרנץ' עם שוקולד צ'יפס מריר ללא גלוטן 250 גרם דגש,תות תעשיות מזון (201,,דגש גרנולה קרנצי שוק,גרמים,250.00,100 גרם,false,,17.90,7.1600,true,1,153546
7297488098152,false,קמח חומוס ללא גלוטן דגש 500 גרם,אף.סי תבליני בגליל ב,,דגש קמח חומוס 500גר,גרמים,500.00,100 גרם,false,,19.90,3.9800,true,1,153551
7297488098176,false,קמח סויה 500 גר`ללא גלוטן,אף.סי. תבליני הגליל,,קמח סויה 500,גרמים,500.00,100 גרם,false,,12.90,2.5800,true,1,153553
7297488098183,false,קמח אורז ללא גלוטן דוכן גן שמואל 500 גרם,"תבליני העליון בע""מ",,דגש קמח אורז 500ג,גרמים,500.00,100 גרם,false,,12.90,2.5800,true,1,153554
7297488098213,false,קמח קינואה ללא גלוטן דוכן גן שמואל 500 ג,"תבליני העליון בע""מ",,קמח קינואה ללא גלוטן,גרמים,500.00,100 גרם,false,,29.90,5.9800,true,1,153556
7297488098299,false,קמח טפיוקה ללא גלוטן500ג,אף סי תבליני הגליל ב,,קמח טפיוקה ללא גלוטן,גרמים,500.00,100 גרם,false,,11.90,2.3800,true,1,153559
7297488098305,false,"מרק דגש""קמח שקדים""250גרם",תות תעשיות מזון (201,,קמח שקדים 250 גרם,גרמים,250.00,100 גרם,false,,31.90,12.7600,true,1,153560
7297488199620,false,פצפוצי אורז מלא תפוח ללא גלוטן,דגש- דוכן גן שמואל,,דגש פצפוצי אורז מלא,גרמים,450.00,100 גרם,false,,25.90,5.7556,true,1,153570
7297579010322,false,שטיח אמבטיה פרווה 50,,,שטיח אמבטיה פרווה 50,Unknown,1.00,יחידה,false,,49.90,49.9000,true,1,187319
7297579010391,false,סט מצעים פליז דגם אנגליה יחיד 90/200,,,סט מצעים פליז אנגליה,Unknown,1.00,יחידה,false,,99.90,99.9000,true,1,187309
7297588037181,false,כובע ילדים סרוג NO?,,,כובע ילדים סרוג NO?,Unknown,0.00,יחידה,false,,16.90,0.0000,true,1,188279
7297594015357,false,190880 מתקן עוגיות B,,,190880 מתקן עוגיות B,Unknown,0.00,יחידה,false,,149.90,0.0000,true,1,177072
7297594037359,false,196005 סט 6 כוסות שת,,,196005 סט 6 כוסות שת,Unknown,0.00,יחידה,false,,29.90,0.0000,true,1,193277
7297594044418,false,197049 עציץ עלי אוזנ,,,197049 עציץ עלי אוזנ,Unknown,0.00,יחידה,false,,129.90,0.0000,true,1,193291
7297594051416,false,197976 צנצנת אחסון ז,,,197976 צנצנת אחסון ז,Unknown,0.00,יחידה,false,,9.90,0.0000,true,1,193298
7297594051423,false,197980 צנצנת עוגיות,,,197980 צנצנת עוגיות,Unknown,0.00,יחידה,false,,29.90,0.0000,true,1,193299
7297594060012,false,200019 תרמוס נירוסטה,,,200019 תרמוס נירוסטה,Unknown,0.00,יחידה,false,,49.90,0.0000,true,1,189876
7297594069183,false,201359 קומקום נירוסט,,,201359 קומקום נירוסט,Unknown,0.00,יחידה,false,,79.90,0.0000,true,1,189861
7297594069367,false,201377 קומקום נירוסט,,,201377 קומקום נירוסט,Unknown,0.00,יחידה,false,,89.90,0.0000,true,1,189868
7297594070455,false,|צנצנת זכוכית מכסה מתכת,מ.י.ד גוליאן בעמ,,201611 צנצנת זכוכית,Unknown,0.00,יחידה,false,,24.90,0.0000,true,1,193473
7297594078178,false,בובת סנטה Guliano עם,,,בובת סנטה Guliano עם,Unknown,0.00,יחידה,false,,99.90,0.0000,true,1,203840
7297594078185,false,בובת סנטה Guliano עם,,,בובת סנטה Guliano עם,Unknown,0.00,יחידה,false,,99.90,0.0000,true,1,203841
7297594078659,false,קנקן סנטה Guliano קר,,,קנקן סנטה Guliano קר,Unknown,0.00,יחידה,false,,69.90,0.0000,true,1,203844
7297594079021,false,"סט 6 ספלי קפה 90 מ""ל",,,"סט 6 ספלי קפה 90 מ""ל",Unknown,0.00,יחידה,false,,69.90,0.0000,true,1,203850
7297594084087,false,מאג + תחתית וכפית קר,,,מאג + תחתית וכפית קר,Unknown,0.00,יחידה,false,,19.90,0.0000,true,1,203873
7297594084100,false,מאג + כפית קרמיקה ומ,,,מאג + כפית קרמיקה ומ,Unknown,0.00,יחידה,false,,29.90,0.0000,true,1,203874
7297594084551,false,מאג Guliano לחג המול,,,מאג Guliano לחג המול,Unknown,0.00,יחידה,false,,9.90,0.0000,true,1,203824
7297594084612,false,מאג Guliano סנטה,,,מאג Guliano סנטה,Unknown,0.00,יחידה,false,,9.90,0.0000,true,1,203826
7297603014401,false,לקקן סיליקון גדולה י,,,לקקן סיליקון גדולה י,Unknown,0.00,יחידה,false,,19.90,0.0000,true,1,191512
7297623200082,false,גרבי אלגנט מודפס שלי,,,גרבי אלגנט מודפס שלי,Unknown,0.00,יחידה,false,,10.00,0.0000,true,1,201292
7297623200143,false,גרבי נשים בייסיק,,,גרבי נשים בייסיק,Unknown,0.00,יחידה,false,,12.90,0.0000,true,1,201296
7297623200204,false,גרבי שאניל נשים שליש,,,גרבי שאניל נשים יוק,Unknown,0.00,יחידה,false,,12.90,0.0000,true,1,201299
7297623200228,false,גרבי שפרה נשים,,,גרבי שפרה נשים,Unknown,0.00,יחידה,false,,12.90,0.0000,true,1,201301
7297623200303,false,גרבי ספורט גבר שליש,,,גרבי ספורט גבר שליש,Unknown,0.00,יחידה,false,,10.00,0.0000,true,1,201307
7297623210203,false,גופיה חמה גבר ROUND,,,גופיה חמה גבר ROUND,Unknown,0.00,יחידה,false,,16.90,0.0000,true,1,201313
7297623210326,false,גופיה חמה נשים ROUN,,,גופיה חמה נשים ROUN,Unknown,0.00,יחידה,false,,16.90,0.0000,true,1,201315
7297623210333,false,גופיה חמה בייבי לבן,,,גופיה חמה בייבי לבן,Unknown,0.00,יחידה,false,,10.00,0.0000,true,1,201316
7297623210357,false,געטקס גבר לבן,,,געטקס גבר,Unknown,0.00,יחידה,false,,16.90,0.0000,true,1,201318
7297623210388,false,טייץ נשים יוקרתי דגם,,,טייץ נשים יוקרתי דגם,Unknown,0.00,יחידה,false,,16.90,0.0000,true,1,202055
7297623210494,false,גאקט שפרה גבר,,,גאקט שפרה גבר,Unknown,0.00,יחידה,false,,49.90,0.0000,true,1,201323
7297623220011,false,נעלי בית סנופי,,,נעלי בית סנופי,Unknown,0.00,יחידה,false,,16.90,0.0000,true,1,188937
7297623220127,false,נעלי בית קופסא גבר,,,נעלי בית קופסא גבר,Unknown,0.00,יחידה,false,,29.90,0.0000,true,1,201325
7297623220134,false,נעלי בית קופסא נשים,,,נעלי בית קופסא נשים,Unknown,0.00,יחידה,false,,29.90,0.0000,true,1,201326
7297623230027,false,שמיכת פלנל זוגי,,,שמיכת פלנל זוגי,Unknown,0.00,יחידה,false,,39.90,0.0000,true,1,188938
7297623230065,false,שמיכת כבש זוגי ללא מ,,,שמיכת כבש זוגי ללא מ,Unknown,0.00,יחידה,false,,69.90,0.0000,true,1,188939
7297623230171,false,שמיכת פלנל יחיד,,,שמיכת פלנל יחיד,Unknown,0.00,יחידה,false,,29.90,0.0000,true,1,201327
7297623230232,false,מפה תחרה 30*40,,,מפה תחרה 30*40,Unknown,0.00,יחידה,false,,8.90,0.0000,true,1,199110
7297623230249,false,מפה תחרה 40*40,,,מפה תחרה 40*40,Unknown,0.00,יחידה,false,,9.90,0.0000,true,1,199111
7297623230256,false,מפה תחרה 85*40,,,מפה תחרה 85*40,Unknown,0.00,יחידה,false,,16.90,0.0000,true,1,199112
7297623230270,false,מפה תחרה 1180*40,,,מפה תחרה 1180*40,Unknown,0.00,יחידה,false,,29.90,0.0000,true,1,199114
7297623230287,false,מפה תחרה 85*85,,,מפה תחרה 85*85,Unknown,0.00,יחידה,false,,24.90,0.0000,true,1,199115
7297623230423,false,מפה ציצית 140*220,,,מפה ציצית 140*220,Unknown,0.00,יחידה,false,,59.90,0.0000,true,1,199119
7297623230478,false,מפה קטיפה 45*130,,,מפה קטיפה 45*130,Unknown,0.00,יחידה,false,,24.90,0.0000,true,1,199124
7297623300133,false,זוג צפיות 100% כותנה,,,זוג צפיות 100% כותנה,Unknown,0.00,יחידה,false,,12.90,0.0000,true,1,185699
7297623300225,false,סט תחרה לי קופר זוגי,,,סט תחרה לי קופר זוגי,Unknown,0.00,יחידה,false,,149.90,0.0000,true,1,195404
7297623313034,false,גרבי אלגנט גבר,,,גרבי אלגנט גבר,Unknown,0.00,יחידה,false,,12.90,0.0000,true,1,187914
7297623313041,false,גרבי בריאות,,,גרבי בריאות,Unknown,0.00,יחידה,false,,12.90,0.0000,true,1,187915
7297623313379,false,שמיכות פיקה סנטה ברב,,,שמיכות פיקה סנטה ברב,Unknown,0.00,יחידה,false,,49.90,0.0000,true,1,201329
7297623313386,false,שמיכות שפרה דו צדדי,,,שמיכות שפרה דו צדדי,Unknown,0.00,יחידה,false,,69.90,0.0000,true,1,201330
7297623313409,false,שמיכת פלנל זוגי,,,שמיכת פלנל זוגי,Unknown,0.00,יחידה,false,,39.90,0.0000,true,1,201332
7297623313430,false,סט מצעים זוגי אקסטרה,,,סט מצעים זוגי אקסטרה,Unknown,0.00,יחידה,false,,99.90,0.0000,true,1,199135
7297623313447,false,סט מצעים יחיד,,,סט מצעים יחיד,Unknown,0.00,יחידה,false,,69.90,0.0000,true,1,199136
7297623321312,false,מגבות ראש השנה,,,מגבות ראש השנה,Unknown,0.00,יחידה,false,,12.90,0.0000,true,1,199143
7297623500007,false,סט 5 מגבות ידיים,,,סט 5 מגבות ידיים,Unknown,0.00,יחידה,false,,14.90,0.0000,true,1,202045
7297623500052,false,שטיח קוקוס,,,שטיח קוקוס,Unknown,0.00,יחידה,false,,19.90,0.0000,true,1,201334
7297623500144,false,מגבת ענק,,,מגבת ענק,Unknown,0.00,יחידה,false,,39.90,0.0000,true,1,202056
7297623500151,false,מגבת פנים,,,מגבת פנים,Unknown,0.00,יחידה,false,,12.90,0.0000,true,1,202272
7297623500588,false,שטיח יוקרתי,,,שטיח יוקרתי,Unknown,0.00,יחידה,false,,24.90,0.0000,true,1,201336
7297623500595,false,כרית ויסקו לי קופר,,,"כרית ממורי 38/85 ס""מ",Unknown,0.00,יחידה,false,,79.90,0.0000,true,1,202044
7394376615825,false,אוטלי משקה שיבולת שועל מועשר בסידן וויטמינים 1 ליטר,ש. שסטוביץ בע`מ,,אוטלי משקה שיבולת שו,Unknown,0.00,יחידה,false,,13.90,0.0000,true,1,161101
7394376615832,false,אוטלי משקה שיבולת שועל בטעם שוקולד 1 ליטר,ש. שסטוביץ בע`מ,,אוטלי משקה שיבולת שו,Unknown,0.00,יחידה,false,,15.90,0.0000,true,1,161102
7394376616778,false,אוטלי משקה שיבולת שועל להקצפה בריסטה 1 ליטר,ש. שסטוביץ בע`מ,,אוטלי משקה שיבולת שו,Unknown,0.00,יחידה,false,,15.90,0.0000,true,1,161094
7394376620294,false,אוטלי משקה שיבולת שועל בטעם וניל 1 ליטר,איי אם פי אס איי תעש,NL,משקה שיבולת שועל בטע,קילוגרמים,1.00,ליטר,false,,15.90,15.9000,true,1,201256
7441000720605,false,לבבות דקל LA CIMA צנצנת 410 גרם,אינקופלמיטו אס. אי,,לבבות דקל צנצנת 410,גרמים,410.00,100 גרם,false,,18.90,4.6098,true,1,157998
7501013101393,false,"ג'ומקס אננס בקבוק 473 מ""ל תריסר",חומקס קומר קומרסאליזדורה,,ג'ומקס אננס בקבוק 47,מיליליטרים,473.00,"100 מ""ל",false,,9.90,2.0930,true,1,142476
7501013122039,false,ג'ומקס מיץ מנגו קרטונית ליטר תריסר,חומקס קומר קומרסאליזדורה,,ג'ומקס מיץ מנגו קרטו,קילוגרמים,1.00,ליטר,false,,9.90,9.9000,true,1,142479
7501013122053,false,ג'ומקס מיץ אפרסק קרטונית ליטר תריסר,חומקס קומר קומרסאליזדורה,,ג'ומקס מיץ אפרסק קרט,קילוגרמים,1.00,ליטר,false,,9.90,9.9000,true,1,142480
7501013122114,false,"נקטר משקה אננס בקרטונית ג'ומקס, 1 ל'",חומקס קומר קומרסאליזדורה,,ג'ומקס מיץ אננס קרטו,קילוגרמים,1.00,ליטר,false,,9.90,9.9000,true,1,142481
7501013122992,false,ג'ומקס מיץ קוקוס אננס קרטונית ליטר תריסר,חומקס קומר קומרסאליזדורה,,ג'ומקס מיץ קוקוס אננ,קילוגרמים,1.00,ליטר,false,,9.90,9.9000,true,1,142483
7501013138047,false,משקה רימונים יוניקו פרסקו ג'ומקס בקרטונית 1 ליטר,חומקס קומר קומרסאליזדורה,,יוניקו פרסקו רימונים,קילוגרמים,1.00,ליטר,false,,10.90,10.9000,true,1,142489
7503012779405,false,סירופ אגבה כחולה – נטורפוד (גדול),נוטריאגבס דה מקסיקו,,נטורפוד 100% סירופ א,Unknown,0.00,יחידה,false,,36.90,0.0000,true,1,153578
7509546061672,false,דאודורנט סטיק אקסטרים אינטנס,קולגייט פלמוליב,,ספיד סטיק אקסטרים סט,גרמים,70.00,100 גרם,false,,19.90,28.4286,true,1,200210
7509546063515,false,ליידי ספיד סטיק -סטיק פרו 5 ספריי 150 מל,קולגייט פלמוליב,,ליידי ספיד סטיק פרו,מיליליטרים,150.00,"100 מ""ל",false,,19.90,13.2667,true,1,200209
7509546666846,false,"קולגייט טוטאל משחת שיניים פחם 75 מ""ל",קולגייט פלמוליב,,קולגייט טוטאל משחת ש,Unknown,0.00,יחידה,false,,19.90,0.0000,true,1,182301
7509546678702,false,קולגייט משחת שיניים טוטל אנטי טרטר 100 מ,קולגייט-פלמוליב,,קולגייט משחת שיניים,מיליליטרים,100.00,"100 מ""ל",false,,17.90,17.9000,true,1,198629
7610100034084,false,מיונז טומי בשפורפרת 265 גרם,ליימן שליסל בע`מ,,מיונז טומי 265 גרם,גרמים,265.00,100 גרם,false,,14.90,5.6226,true,1,121198
7610243004463,false,"דורגול - מרסס להסרת אבנית במקלחון 600 מ""ל","יעקב יעקבי ובניו בע""מ",,דורגול מסיר אבן מרסס,מיליליטרים,500.00,"100 מ""ל",false,,24.90,4.9800,true,1,111409
7610400010481,false,לינדט אקסלנס שוקולד חלב 100 גרם,לינדט ושפרונגלי קילשברג,,לינדט אקסלנס חלב 100,גרמים,100.00,100 גרם,false,,15.10,15.1000,true,1,121599
7610400014632,false,שוקולד לינדור בודד וואיט 100 ג',משה סידס ובנו בעמ,,לינדט לינדור לבן 100,גרמים,100.00,100 גרם,false,,15.10,15.1000,true,1,121600
7610400014649,false,לינדור קוביות במילוי קרם שוקולד חלב 100 גרם,לינדט ושפרונגלי קילשברג,,לינדט לינדור שוק.חלב,גרמים,100.00,100 גרם,false,,15.10,15.1000,true,1,121601
7610400068369,false,לינדט לינדור טבלאה קוביות במילוי קרם ושב,משה סידס ובנו בעמ,,לינדט לינדור עם אגוז,גרמים,100.00,100 גרם,false,,15.10,15.1000,true,1,121604
7610400068505,false,לינדט לינדור בונבוניירה שוקולד חלב 200 גרם,לינדט ושפרונגלי קילשברג,,לינדור בונבוניירה חל,גרמים,200.00,100 גרם,false,,29.90,14.9500,true,1,121605
7610400068529,false,לינדט לינדור בונבוניירה כדורי שוקולד מטעמים 200 גרם,לינדט ושפרונגלי קילשברג,,לינדור בונבוניירה אס,גרמים,200.00,100 גרם,false,,29.90,14.9500,true,1,121606
7610400074155,false,לינדט לינדור קוביות במילוי קרם שוקולד 60% מוצקי קקאו 100 גרם,לינדט ושפרונגלי קילשברג,,לינדט לינדור 60% 100,גרמים,100.00,100 גרם,false,,15.10,15.1000,true,1,121608
7610400075770,false,לינדט לה גרנד שוקולד מריר אגוז 150 גרם,לינדט ושפרונגלי קילשברג,,לינדט לה גרנד מריר ע,גרמים,150.00,100 גרם,false,,24.10,16.0667,true,1,121609
7610400085946,false,לינדט לגרנד דארק אלמונד סולט 150 גרם,לינדט ושפרונגלי קילשברג,,לינדט לה גרנד ד.אלמ,גרמים,150.00,100 גרם,false,,24.10,16.0667,true,1,121613
7610400091060,false,שוקולד מריר לינדט אקסלנס בתוספת תפוז ושקדים,לינדט ושפרונגלי קילש,,לינדט מריר אקסלנס תפ,גרמים,100.00,100 גרם,false,,14.90,14.9000,true,1,160088
7610700002681,false,ריקולה סוכריות ללא סוכר בטעם צמחים 50 גר',שוקוטרייד בעמ,,ריקולה ללא ת. סוכר -,Unknown,0.00,יחידה,false,,14.90,0.0000,true,1,163156
7610700607046,false,סוכריות צמחים לימון ומנטה ללא תוספת סוכר,שוקוטרייד בעמ,,ריקולה ללא ת. סוכר -,Unknown,0.00,יחידה,false,,14.90,0.0000,true,1,163158
7610700607077,false,סוכריות צמחים תפוז ומנטה ללא תוספת סוכר,שוקוטרייד בעמ,,ריקולה ללא ת. סוכר -,Unknown,0.00,יחידה,false,,14.90,0.0000,true,1,163159
7613030979647,false,דגני בוקר טריקס פירות עולם היורה 480 ג',קבוצת אוסם סחר שותפות מוגבלת,,טריקס קדם עולם היורה,גרמים,480.00,100 גרם,false,,26.90,5.6042,true,1,127587
7613032045753,false,פיטנס דגנים מחיטה מלאה שוקולד 375גרם,קבוצת אוסם סחר שותפות מוגבלת,,פיטנס שוקולד 375 גר,גרמים,375.00,100 גרם,false,,19.90,5.3067,true,1,127592
7613033548192,false,פיטנס - דגני בוקר שוקולד מריר 375 גרם,קבוצת אוסם סחר שותפות מוגבלת,,פיטנס דגני בוקר שוקו,גרמים,375.00,100 גרם,false,,19.90,5.3067,true,1,127607
7613034146656,false,מזון לכלבים קטנים בטעם בקר פורינה ONE,שחורי אריה ואנסטסיה,,פורינה ONE כלב מיני,פריט,1.50,"ק""ג",false,,59.90,39.9333,true,1,127616
7613035618794,false,"פורינה ONE חתול בוגר עוף 3 ק""ג",שחורי אריה ואנסטסיה,,פורינה ONE חתול בוג,פריט,3.00,"ק""ג",false,,119.90,39.9667,true,1,127628
7613035622623,false,פיטנס גרנולה שקדים ודבש נסטלה (300 גרם),קבוצת אוסם סחר-שות.מוגבלת,,פיטנס גרנולה שקדים ו,גרמים,300.00,100 גרם,false,,16.90,5.6333,true,1,127629
7613035635845,false,פיטנס גרנולה שוקולד 300 גר`אסם,קבוצת אוסם סחר-שות.מוגבלת,,פיטנס גרנולה שוקולד,גרמים,300.00,100 גרם,false,,16.90,5.6333,true,1,127630
7613035758834,false,פיטנס סופר גרנולה וחמוציות 300 גרם,קבוצת אוסם סחר שותפות מוגבלת,,אסם פיטנס גרנולה חמו,גרמים,300.00,100 גרם,false,,16.90,5.6333,true,1,127631
7613035807778,false,פרפקטו רוטב עגבניות לבולונז אסם 400 גרם,קבוצת אוסם סחר שותפות מוגבלת,,פרפקטו רוטב עגבניות,גרמים,400.00,100 גרם,false,,10.90,2.7250,true,1,127632
7613035809109,false,פרפקטו רוטב עגבניות ובזיליקום אסם 400 גרם,קבוצת אוסם סחר שותפות מוגבלת,,פרפקטו רוטב עגבניות,גרמים,400.00,100 גרם,false,,10.90,2.7250,true,1,127633
7613035809123,false,פרפקטו רוטב עגבניות עם פלפלים אסם 400 גרם,קבוצת אוסם סחר שותפות מוגבלת,,פרפקטו רוטב עגבניות,גרמים,400.00,100 גרם,false,,10.90,2.7250,true,1,127634
7613035809857,false,פרפקטו רוטב עגבניות לפסטה ולבישול אסם 400 גרם,קבוצת אוסם סחר שותפות מוגבלת,,פרפקטו רוטב עגבניות,גרמים,400.00,100 גרם,false,,10.90,2.7250,true,1,127635
7613036105545,false,"דוגלי גזע קטן 4*3 קילו ""אסם""",קבוצת אוסם סחר שותפות מוגבלת,,"דוגלי גזע קטן 3 ק""ג",פריט,3.00,"ק""ג",false,,59.90,19.9667,true,1,127642
7613036288026,false,מזון כלבים דוגלי גור,קבוצת אוסם סחר-שות.מוגבלת,,"דוגלי גורים 3 ק""ג",פריט,3.00,"ק""ג",false,,59.90,19.9667,true,1,127651
7613036520492,false,פרפקטו רוטב עגבניות לפיצה אסם 400 גרם,קבוצת אוסם סחר-שות.מוגבלת,,פרפקטו רוטב עגבניות,גרמים,400.00,100 גרם,false,,10.90,2.7250,true,1,127657
7613036737623,false,דגני בוקר קראנץ מיקס 410גר,קבוצת אוסם סחר שותפות מוגבלת,,קראנץ מקס 410 גרם,גרמים,410.00,100 גרם,false,,26.90,6.5610,true,1,127660
7613036880534,false,גרבר מחית ירקות מעורבים מטרנה 190 גר',קבוצת אוסם סחר שותפות מוגבלת,,גרבר מחית מרק ירקות,גרמים,190.00,100 גרם,false,,5.90,3.1053,true,1,127663
7613036976671,false,פריסקיז פאוצ' עוף ברוטב 26*85גרם,קבוצת אוסם סחר שותפות מוגבלת,,אסם פריסקיז פאוצ' עו,גרמים,100.00,100 גרם,false,,5.50,5.5000,true,1,175056
7613036976732,false,פריסקיז פאוצ`סלמון ברוטב 85גר,קבוצת אוסם סחר-שות.מוגבלת,,פריסקיז פאוצ' סלמון,Unknown,0.00,יחידה,false,,5.50,0.0000,true,1,168319
7613037012095,false,פיטנס סופר גרנולה שוקולד קינואה ושקדים 300 גרם,קבוצת אסם סחר שות. מוגבלת,,פיטנס סופר גרנולה שו,גרמים,300.00,100 גרם,false,,16.90,5.6333,true,1,127667
7613037204889,false,סטארבקס - פולי קפה אספרסו 450 גרם,קבוצת אוסם סחר-שות.מוגבלת,,סטארבקס פולי קפה אספ,גרמים,450.00,100 גרם,false,,54.90,12.2000,true,1,172376
7613037686906,false,פיטנס שקדים ודבש 355 גרם מופחת סוכר,קבוצת אוסם סחר שותפות מוגבלת,,פיטנס שקדים ודבש 355,גרמים,355.00,100 גרם,false,,19.90,5.6056,true,1,127674
7613038268262,false,דגני בוקר צ'יריוס דבש ושקדים במתיקות מעודנת,קבוצת אוסם סחר שותפות מוגבלת,,האני נאט ציריוס מופח,גרמים,410.00,100 גרם,false,,21.90,5.3415,true,1,127676
7613038451954,false,דגני בוקר שוקולד מופחת סוכר 410 ג' קראנץ',קבוצת אוסם סחר-שות.מוגבלת,,קראנץ שוקולד מופחת ס,גרמים,410.00,100 גרם,false,,21.90,5.3415,true,1,127677
7613039770450,false,טבעול סנסשיונל בורגר צמחוני 226 גרם,קבוצת אוסם סחר שותפות מוגבלת,,טבעול סנסשיונל בורגר,גרמים,226.00,100 גרם,false,,29.90,13.2301,true,1,166652
7613039879382,false,מחית תפוח עץ 190 גר` גרבר כשר לפסח,קבוצת אוסם סחר שותפות מוגבלת,,גרבר מחית תפוחי עץ 1,Unknown,0.00,יחידה,false,,5.90,0.0000,true,1,175060
7613039881521,false,גרבר מחית מרק מנגו 190 גרם,קבוצת אוסם סחר שותפות מוגבלת,,גרבר מחית מנגו 190 ג,גרמים,190.00,100 גרם,false,,5.90,3.1053,true,1,171093
7613287008497,false,סטארבקס - פולי קפה פייק פלייס 450 גרם,קבוצת אוסם סחר-שות.מוגבלת,,סטארבקס פולי קפה פיי,גרמים,450.00,100 גרם,false,,54.90,12.2000,true,1,172377
7613287155832,false,מחית תפוח פאוץ 90 גר`גרבר כשלפ,קבוצת אוסם סחר שותפות מוגבלת,,מחית גרבר תפוח פאוץ,Unknown,0.00,יחידה,false,,5.90,0.0000,true,1,175061
7613287155863,false,מחית אגס פאוץ 90 גר`גרבר כשלפ,קבוצת אוסם סחר שותפות מוגבלת,,מחית גרבר אגס פאוץ 9,Unknown,0.00,יחידה,false,,5.90,0.0000,true,1,175062
7613287155894,false,"גרבר מחית אפרסק פאוץ כשל""פ 90 גרם",קבוצת אוסם סחר שותפות מוגבלת,,גרבר אפרסק מחית פאו,Unknown,0.00,יחידה,false,,5.90,0.0000,true,1,202602
7613287155924,false,מטרנה מחית תפוח וגזר פאוץ' 90 גר',קבוצת אוסם סחר-שות.מוגבלת,,מחית גרבר תפוח גזר,Unknown,0.00,יחידה,false,,5.90,0.0000,true,1,175064
7613287162281,false,קפסולות קפה אספרסו גרנדה אינטנסו דולצ'ה גוסטו 144 ג',קבוצת אוסם סחר שותפות מוגבלת,,נסקפה דולצה גוסטו גר,גרמים,144.00,100 גרם,false,,27.90,19.3750,true,1,182913
7613287182456,false,ויטמינציק מחית אגס בננה תפוח 110 גרם,קבוצת אוסם סחר שותפות מוגבלת,,ויטמינצ'יק אגס תפוח,Unknown,0.00,יחידה,false,,6.50,0.0000,true,1,186757
7613287186928,false,קפסולות קפה סומטרה (10 יח) סטארבקס (56 ג,קבוצת אוסם סחר שותפות מוגבלת,,סטארבקס קפסולות ברקפ,Unknown,0.00,יחידה,false,,21.90,0.0000,true,1,186748
7613287302373,false,סטארבקס קפסולות איטליאן סטייל רוסט 56 גרם,קבוצת אוסם סחר שותפות מוגבלת,,סטארבקס קפסולות איטל,Unknown,0.00,יחידה,false,,21.90,0.0000,true,1,175065
7613287325808,false,אוסם - דיפ אנד ספרד מטבל איולי שום 295 גרם,קבוצת אוסם סחר שותפות מוגבלת,,אסם רוטב איולי שום ל,גרמים,295.00,100 גרם,false,,14.90,5.0508,true,1,194116
7613287325822,false,אוסם - דיפ אנד ספרד מטבל מיקס 295 גרם,קבוצת אוסם סחר שותפות מוגבלת,,אסם רוטב מיקס לחיץ 2,גרמים,295.00,100 גרם,false,,14.90,5.0508,true,1,194117
7613287325853,false,אוסם - דיפ אנד ספרד מטבל איולי ספייסי 295 גרם,קבוצת אוסם סחר שותפות מוגבלת,,אסם רוטב ספייסי איול,גרמים,295.00,100 גרם,false,,14.90,5.0508,true,1,194118
7613287325983,false,אוסם - דיפ אנד ספרד מטבל סלסה 335 גרם,קבוצת אוסם סחר שותפות מוגבלת,,אסם רוטב סלסה לחיץ 3,גרמים,335.00,100 גרם,false,,14.90,4.4478,true,1,194121
7613287476678,false,דגני בוקר סינימיניס צ'ורוס נסטלה 360 ג',קבוצת אוסם סחר שותפות מוגבלת,,סינימיניס צ'ורוס 360,גרמים,360.00,100 גרם,false,,26.90,7.4722,true,1,186743
7613287821348,false,נתחוני עוף טבעוני סנסשיונל טבעול 350 גרם,קבוצת אוסם סחר-שות.מוגבלת,,טבעול נתחוני עוף טבע,גרמים,350.00,100 גרם,false,,29.90,8.5429,true,1,186747
7613287855640,false,סטארבקס קפסולות קפה גוואטמלה 10 יחידות,קבוצת אוסם סחר שותפות מוגבלת,,סטארבקס קפסולות גווא,Unknown,0.00,יחידה,false,,21.90,0.0000,true,1,198489
7614500035788,false,טובלרון שוקולד חלב 200 גרם,דיפלומט מפיצים (1968) בעמ**,,טובלרון חלב 200ג,גרמים,200.00,100 גרם,false,,16.00,8.0000,true,1,140814
7616500553460,false,שוקולד פריי מהודר מריר תפוז 100 ג',צוקולאט פריי אייץגיץ,,פריי שוק.מריר תפוז 1,גרמים,100.00,100 גרם,false,,7.90,7.9000,true,1,127794
7616500553484,false,שוקולד פריי מהודר מריר 78% 100גר,צוקולאט פריי אייץגיץ,,פריי שוקו.מריר78% 10,גרמים,100.00,100 גרם,false,,7.90,7.9000,true,1,127795
7616500646087,false,שוקולד פריי חלב עם שבבי אגוזים 100ג,צוקולאט פריי אייץגיץ,,שוקולד פריי מהודר ממ,גרמים,100.00,100 גרם,false,,7.90,7.9000,true,1,127802
7622010001858,false,עוגיות אוראו ממולאות קרם וניל 176 גרם.,דיפלומט מפיצים (1968) בעמ**,,אוראו ממולאות קרם ונ,גרמים,176.00,100 גרם,false,,9.90,5.6250,true,1,140815
7622200009084,false,מילקה טבלאות שוקולד ממולא בסקויט 300 גר,מונדליז,,מילקה ביסקוויט 300 ג,גרמים,300.00,100 גרם,false,,10.90,3.6333,true,1,176881
7622201050757,false,מילקה שוקולד חלב במילוי קרם קרמל 100 ג,דיפלומט מפיצים (1968) בעמ**,,מילקה קרמל 100 גר,גרמים,100.00,100 גרם,false,,8.00,8.0000,true,1,140816
7622201137052,false,אוראו מיני קוקיס - עוגיות שוקולד צ'יפס ותחתית מצופה שוקולד חלב,דיפלומט מפיצים (1968) בעמ**,,מילקה מיני קוקיז 110,גרמים,110.00,100 גרם,false,,10.90,9.9091,true,1,176884
7622201401900,false,עוגיות סנסיישן אוראו מילקה 156 גרם,דיפלומט מפיצים (1968) בעמ**,,עוגיות מילקה סנשיין,גרמים,150.00,100 גרם,false,,11.90,7.9333,true,1,169206
7622201502515,false,עוגיות מילקה קוקי לופ שוקולד צ'יפס,דיפלומט מפיצים (1968) בעמ**,,מילקה קוקי לופ 132גר,גרמים,132.00,100 גרם,false,,11.90,9.0152,true,1,186282
7622201801809,false,מילקה שוקולד חלב עם אגוזים 100 גרם חדש,מנדלז דויצ'\לנד סנקס פרו,,מילקה שוק.חלב עם אגו,גרמים,100.00,100 גרם,false,,8.00,8.0000,true,1,185011
7622201802394,false,שוקולד מילקה חלב מסרונים 100 גרם,מנדלז דויצ'\לנד סנקס פרו,,מילקה שוק.חלב 100 גר,גרמים,100.00,100 גרם,false,,8.00,8.0000,true,1,185010
7622201808631,false,אוראו מיני עוגיות ממולאות קרם וניל 67גרם,דיפלומט מפיצים (1968) בעמ**,,אוראו מיני כוסות בטע,Unknown,0.00,יחידה,false,,8.90,0.0000,true,1,185014
7622201813390,false,עוגיות מילקה וואפל במילוי קרם קקאו 150 ג,דיפלומט מפיצים (1968) בעמ**,,מילקה ואפל במילוי קר,גרמים,150.00,100 גרם,false,,11.90,7.9333,true,1,183666
7622201819170,false,שוקולד מילקה דרק שקדים 85 גרם.,דיפלומט מפיצים (1968) בעמ**,,מילקה דרק 85 גרם,Unknown,0.00,יחידה,false,,7.90,0.0000,true,1,186283
7622201819408,false,שוקולד מילקה דרק קרמל 85 גרם.,מונדלז דויטשלנד סנאק,,מילקה דארק שקדים 85,Unknown,0.00,יחידה,false,,7.90,0.0000,true,1,186548
7622201819552,false,מילקה דארק שוקולד 85 גרם חדש,מונדלז דויטשלנד סנאק,,מילקה דארק קרמל 85 ג,Unknown,0.00,יחידה,false,,7.90,0.0000,true,1,186549
7622210078131,false,שוקולד חלב עם שבבי קרמל מילקה דיים 100 גרם,מנדלז דויצ'\לנד סנקס פרו,,מילקה שוקולד חלב עם,גרמים,100.00,100 גרם,false,,8.00,8.0000,true,1,176885
7622210137234,false,אוראו עוגיות עם דאבל קרם בטעם וניל 170ג,דיפלומט מפיצים (1968) בעמ**,,עוגיות אוראו עם דאבל,גרמים,170.00,100 גרם,false,,10.90,6.4118,true,1,140818
7622210163899,false,שוקולד חלב במילוי סוכריות עדשים,דיפלומט מפיצים (1968) בעמ**,,מילקה שוקולד חלב עם,גרמים,100.00,100 גרם,false,,8.00,8.0000,true,1,140819
7622210240200,false,מילקה שוקולד חלב ועוגיות אוריאו 300 גרם,מונדליז,,מילקה אוראו 300 גרם,גרמים,300.00,100 גרם,false,,10.90,3.6333,true,1,155359
7622210453327,false,עוגיות שוקוצ'יפס במילוי שוקולד סנסיישן,דיפלומט מפיצים (1968) בעמ**,,מילקה סנסיישן 156 גר,גרמים,156.00,100 גרם,false,,11.90,7.6282,true,1,140821
7622210637994,false,מיני עוגיות אוראו קראנצ'י בייטס אורגינל,דיפלומט מפיצים (1968) בעמ**,,אוראו ביס קראנ'צי או,Unknown,0.00,יחידה,false,,10.90,0.0000,true,1,169199
7622210638021,false,מיני עוגיות אוראו קראנצ'י בייטס מצופים,דיפלומט מפיצים (1968) בעמ**,,אוראו ביס קראנ'צי בצ,Unknown,0.00,יחידה,false,,10.90,0.0000,true,1,169200
7622210642295,false,אוראו עוגיות אורגינל,,,אוראו עוגיות אורגינל,גרמים,608.00,100 גרם,false,,19.90,3.2730,true,1,144972
7622210826053,false,מילקה שוקולד אוראו סנדוויץ 100 גרם,דיפלומט מפיצים (1968) בעמ**,,שוקולד מילקה אוראו ס,גרמים,92.00,100 גרם,false,,8.00,8.6957,true,1,169207
7622210835338,false,אוראו עוגיות ממולאות טעם בראוניז 176 גרם,דיפלומט מפיצים (1968) בעמ**,,אוראו בראוניז 176 גר,גרמים,176.00,100 גרם,false,,9.90,5.6250,true,1,140828
7622300134532,false,שוקולד מילקה קרם חלב אגוזי לוז וקרמל 300,מונדליז,,מילקה טופי אגוזים 30,גרמים,300.00,100 גרם,false,,10.60,3.5333,true,1,176886
7622300270506,false,מילקה גריינס - עוגיות שיבולת שועל מצופות שוקולד 168 ג',דיפלומט מפיצים (1968) בעמ**,,מילקה גריינס עוגיות,גרמים,168.00,100 גרם,false,,11.90,7.0833,true,1,140835
7622300340285,false,גבינת שמנת 22% שומן 175 ג' פילדלפיה,מונדלז דויצ'לנד פרוד,,פילדלפיה 22% שומן 17,גרמים,175.00,100 גרם,false,,16.90,9.6571,true,1,123103
7622300340292,false,גבינת שמנת 11% שומן 175 ג' פילדלפיה,מונדלז דויצ'לנד פרוד,,פילדלפיה מופחת שומן,גרמים,175.00,100 גרם,false,,16.90,9.6571,true,1,123104
7622300489427,false,עוגיות אוראו בציפוי בטעם שוקולד לבן 246 גרם,דיפלומט מפיצים (1968) בעמ**,,אוראו פאג שוקולד לבן,גרמים,246.00,100 גרם,false,,19.00,7.7236,true,1,140840
7622300489434,false,"עוגיות אוראו פאדג' בציפוי שוקולד חלב, 246 גרם",דיפלומט מפיצים (1968) בעמ**,,אוראו פאג שוקולד חלב,גרמים,246.00,100 גרם,false,,19.00,7.7236,true,1,140841
7622300495046,false,מילקה שוקולד חלב עם אקסטרה קקאו 100 גרם,מנדלז דויצ'\לנד סנקס פרו,,מילקה אקסטרה קקאו 30,גרמים,100.00,100 גרם,false,,8.00,8.0000,true,1,140842
7622300498429,false,שוקולד חלב עם יוגורט תות מילקה (100 גרם),מנדלז דויצ'\לנד סנקס פרו,,מילקה שוקולד קרם תות,גרמים,100.00,100 גרם,false,,8.00,8.0000,true,1,140843
7622300503079,false,עוגיות ביסקוויט מצופה שוקולד חלב מילקה 200 גרם,דיפלומט מפיצים (1968) בעמ**,,מילקה מוו - ביסקוויט,גרמים,200.00,100 גרם,false,,11.90,5.9500,true,1,140844
7622300617820,false,מילקה שוקולד חלב במילוי קרם חלב ווניל ושבבי עוגיות אוראו 100 גרם,מנדלז דויצ'\לנד סנקס פרו,,מילקה שוקולד אוראו 1,גרמים,100.00,100 גרם,false,,8.00,8.0000,true,1,140845
7622300756383,false,"ממרח גבינה פילדלפיה עם ממרח שוקולד ""מילקה"" 175 גרם",מונדלייז,,ממרח גבינה פילדלפיה,גרמים,175.00,100 גרם,false,,16.90,9.6571,true,1,174205
7622300756413,false,גבינת פילדלפיה 20% שומן עם תבלינים 175 ג',מונדלז דויצ'לנד פרוד,,פילדלפיה 20%שומן עם,גרמים,175.00,100 גרם,false,,16.90,9.6571,true,1,123105
7622400005190,false,שוקולד חלב נגיעות שוקולד לבן מילקה 100 ג,מנדלז דויצ'\לנד סנקס פרו,,מילקה שוקולד נגיעות,גרמים,100.00,100 גרם,false,,5.90,5.9000,true,1,140846
7630477891592,false,סטארבקס קפסולות קפה האוס בלנד 10 יחידות,קבוצת אוסם סחר שותפות מוגבלת,,סטארבקס קפסולות האוס,Unknown,0.00,יחידה,false,,21.90,0.0000,true,1,172087
7630477891615,false,סטארבקס קפסולות קפה סומטרה 10 יחידות,קבוצת אוסם סחר שותפות מוגבלת,,סטארבקס קפסולות סומט,Unknown,0.00,יחידה,false,,21.90,0.0000,true,1,163823
7630477891639,false,קפסולות קפה סומטרה (10 יח) סטארבקס ( 55,קבוצת אוסם סחר שותפות מוגבלת,,סטארבקס קפסולות ורונ,Unknown,0.00,יחידה,false,,21.90,0.0000,true,1,163824
7630477891653,false,סטארבקס קפסולות קפה אספרסו נטול 10 יחידו,קבוצת אוסם סחר שותפות מוגבלת,,סטארבקס קפסולות אספר,Unknown,0.00,יחידה,false,,21.90,0.0000,true,1,163819
7630477891677,false,סטארבקס קפסולות קפה פייק פלייס 10 יחידות,קבוצת אוסם סחר שותפות מוגבלת,,סטארבקס קפסולות פייק,Unknown,0.00,יחידה,false,,21.90,0.0000,true,1,163820
7630477891714,false,סטארבקס קפסולות קפה אספרסו 10 יחידות,קבוצת אוסם סחר שותפות מוגבלת,,סטארבקס קפסולות אספר,Unknown,0.00,יחידה,false,,21.90,0.0000,true,1,175066
7630477891738,false,סטארבקס קפסולות קפה אספרסו בלונד 10 יחיד,קבוצת אוסם סחר שותפות מוגבלת,,סטארבקס קפסולות אספר,Unknown,0.00,יחידה,false,,21.90,0.0000,true,1,163827
7638900295641,false,זוג סוללות אנרגייזר A23,אנרג'ייזר,,סוללות אנרג'ייזר זוג,Unknown,0.00,יחידה,false,,17.90,0.0000,true,1,138241
7702018094455,false,ג'ילט קצף גילוח לעור,,PL,ג'ילט קצף גילוח לעור,מיליליטרים,300.00,"100 מ""ל",false,,14.90,4.9667,true,1,201656
7702018271788,false,"דאודורנט קליר ג'ילט בניחוח ספורט 70 מ""ל",פארמה דיל (פ.א.ב.) שיווק והפצה,,קליר דאודורנט ג'ל 70,מיליליטרים,70.00,"100 מ""ל",false,,16.90,24.1429,true,1,116659
7702018364510,false,מכשיר גילוח מוקטן +,,,מכשיר גילוח מוקטן +,Unknown,0.00,יחידה,false,,29.90,0.0000,true,1,144817
7702018462032,false,סכיני גילוח גילט מאך 3 רביעייה,דיפלומט מפיצים (1986) בע`מ,,גילט מאך 3 רביעיות,Unknown,0.00,יחידה,false,,29.90,0.0000,true,1,161054
7702018468447,false,גילט בלו 2 פלוס סכינים חד פעמיים עשירייה,דיפלומט מפיצים (1968) בעמ,,בלו 2 פלוס אולטרא גר,Unknown,10.00,יחידה,false,,24.90,2.4900,true,1,116674
7702018471423,false,גילט פיוזן סטארט סכיני גילוח 4יח,דיפלומט מפיצים {1968}בעמ,,גילט פיוזן רביעיות,Unknown,0.00,יחידה,false,,44.90,0.0000,true,1,161055
7702018607518,false,גילט מארז פיוזן מכשיר+סכיני גילוח שישייה,דיפלומט מפיצים 1968 בעמ,,מארז גילט פיוזן + 6,Unknown,0.00,יחידה,false,,119.90,0.0000,true,1,200530
7702018610280,false,גילט מארז פרוגלייד מכשיר+4 סכינים,דיפלומט מפיצים (1986) בע`מ,,ג'ילט פרוגלייד ידית,Unknown,0.00,יחידה,false,,119.90,0.0000,true,1,200303
7702018844791,false,ג'ילט בלו 2 פלוס לאי,,,ג'ילט בלו 2 פלוס לאי,Unknown,1.00,יחידה,false,,12.90,12.9000,true,1,198291
7702018911981,false,דאודורנט גל פאוור בי,ג'\ילט פרוקטר אנד גמבל,,דאודורנט גל פאוור בי,Unknown,0.00,יחידה,false,,19.90,0.0000,true,1,201101
7702018913374,false,דאודורנט גל פאואר בי,פרוקטר & גמבל,,דאודורנט גל פאואר בי,Unknown,0.00,יחידה,false,,19.90,0.0000,true,1,201102
7702018980819,false,"גילט ג'ל גילוח 200 מ""ל- רגיש",,,גילט גל גילוח סנסיט,מיליליטרים,200.00,"100 מ""ל",false,,16.90,8.4500,true,1,152860
7702018980826,false,"גילט ג'ל גילוח טורקיז 200 מ""ל- להגנה",ג'ילט,,ג'ילט ג'ל גלוח טורקי,Unknown,0.00,יחידה,false,,16.90,0.0000,true,1,184411
7702018980833,false,"ג'ילט ג'ל גילוח סירייס מועשר בלחות - 200 מ""ל",פרוקטר אנד גמבל,,גל גילוח סירייס מועש,מיליליטרים,250.00,"100 מ""ל",false,,16.90,6.7600,true,1,116680
7702018980925,false,"קצף גילוח לעור רגיל 200 מ""ל ג'ילט",קימברלי,,ג'ילט קצף גילוח לעור,Unknown,0.00,יחידה,false,,9.90,0.0000,true,1,155926
7702024074625,false,פיטנס - חטיפי קרקר חיטה מלאה 234 גרם,קבוצת אוסם סחר שותפות מוגבלת,,פיטנס חטיפי קרקר חיט,גרמים,234.00,100 גרם,false,,12.90,5.5128,true,1,127678
7702024258322,false,"חטיפי קרקר עם חיטה מלאה, צ'יה וזרעי פשתן פיטנס",קבוצת אוסם סחר שותפות מוגבלת,,פיטנס חטיפי קרקר צ'י,גרמים,269.00,100 גרם,false,,12.90,4.7955,true,1,168390
7702174066631,false,לקקן יוגטה פין פופ במילוי מסטיק 170 גר,קומסטיבלס לה רוזה אס.איי,,יוגטה פין פופ לקקן 1,גרמים,180.00,100 גרם,false,,7.90,4.3889,true,1,121212
7702174068826,false,יוגטה מבחר סוכריות לקקן קשות ממולאות טופי בטעמי יוגורט ופירות 204 גרם,הדקלאים אגודת שיתופי,,יוגטה לקקן חדש 12יח,גרמים,216.00,100 גרם,false,,8.90,4.1204,true,1,121215
7702174068833,false,יוגטה סוכריות קשות על מקל ממולאות טופי בטעמי גלידת פירות 12 יח' 204 גרם,הדקלאים אגודת שיתופי,,יוגטה טעם גלידה בשקי,גרמים,216.00,100 גרם,false,,7.90,3.6574,true,1,121216
7702174073783,false,סוכריות על מקל בטעם קולה במילוי גומי לעיסה,הדקלאים אגודת שיתופי,,לקקן פין פופ קולה 18,גרמים,180.00,100 גרם,false,,7.90,4.3889,true,1,121218
7702174073844,false,לקקן יוגטה פין פופ פירות 48 יח 672 גרם,הדקלאים אגודת שיתופי,,לקקן פין פופ פירות 4,Unknown,0.00,יחידה,false,,19.90,0.0000,true,1,121219
7790580108489,false,ממרח בוטנים בון בון 290 גרם,לירון קרביץ יבוא שיווק וסחר,,ממרח על בסיס בוטנים,Unknown,0.00,יחידה,false,,9.90,0.0000,true,1,197469
7791875005353,false,ריבת חלב הוואנה דוצה דה לצה 450 גרם,משה סידס ובנו בעמ,,הוואנה דולצה דה לצה,גרמים,450.00,100 גרם,false,,19.90,4.4222,true,1,183918
7798304600042,false,אוכמניות טריות 125 ג,מרינה,,אוכמניות טריות 125 ג,גרמים,125.00,100 גרם,false,,14.90,11.9200,true,1,166373
7840009011507,false,גרבה מתה 500 גרם,,,גרבה מתה 500 גרם,גרמים,500.00,100 גרם,false,,14.90,2.9800,true,1,142883
7862118140237,false,וואנבאנה חטיף מחית פ,,,וואנבאנה חטיף מחית פ,Unknown,0.00,יחידה,false,,5.90,0.0000,true,1,161775
7862118140251,false,וואנבאנה חטיף מחית פ,,,וואנבאנה חטיף מחית פ,Unknown,0.00,יחידה,false,,5.90,0.0000,true,1,161776
7862118140268,false,וואנבאנה חטיף מחית פ,,,וואנבאנה חטיף מחית פ,Unknown,0.00,יחידה,false,,5.90,0.0000,true,1,161777
7862118142156,false,וואנבאנה חטיף מחית ת,,,וואנבאנה חטיף מחית ת,Unknown,0.00,יחידה,false,,5.90,0.0000,true,1,161778
7862118143412,false,וואנבאנה חטיף מחית א,,,וואנבאנה חטיף מחית א,Unknown,0.00,יחידה,false,,5.90,0.0000,true,1,161779
7891024030974,false,"קולגייט משחת שיניים טריפל אקשן 75 מ""ל",הנסיך- מפעל לייצור ט,,קולגייט משחת טריפל א,Unknown,0.00,יחידה,false,,6.90,0.0000,true,1,159541
7891024124826,false,קולגייט משחת אופטיק ספרקלינג וייט 75מל,הנסיך- מפעל לייצור ט,,משחת שיניים קולגייט,Unknown,0.00,יחידה,false,,19.90,0.0000,true,1,111457
7891024130063,false,"קולגייט מי פה פלאקס ללא אלכוהול 500 מ""ל מהדרין",קולגייט- פלמוליב,,קולגייט פלאקס ללא אל,מיליליטרים,500.00,"100 מ""ל",false,,29.90,5.9800,true,1,128448
7891024179482,false,"שטיפת פה קולגייט אופטיק וייט 500מ""ל",יבואן ומשווק: ש. שסט,,קולגייט מי פה אופטיק,מיליליטרים,500.00,"100 מ""ל",false,,29.90,5.9800,true,1,111458
7898542023976,false,בשר אקסטרא 340 גרם,,,בשר אקסטרא 340 גרם,גרמים,340.00,100 גרם,false,,14.90,4.3824,true,1,192208
8000020000389,false,"וורמוט צינזנו יבש 750 מ""ל",,,ורמוט צינזנו יבש 750,Unknown,0.00,יחידה,false,,60.00,0.0000,true,1,113218
8000070010680,false,קפסולות אספרסו לוואצה NCC מותאמות למכונו,לאוג'י לוואצה אס.פי.אי,,קפה לוואצה ויגורוסו,Unknown,0.00,יחידה,false,,16.90,0.0000,true,1,182505
8000070012783,false,קפה לוואצה קלוי וטחון חוזק 5 אורו 250 גר,לאוג'י לוואצה אס.פי.אי,,קפה לוואצה אורו 250,גרמים,250.00,100 גרם,false,,35.90,14.3600,true,1,121221
8000070032835,false,קפה לוואצה קלוי וטחון חוזק 10 מטינו 250 גר,לאוג'י לוואצה אס.פי.אי,,קפה לוואצה מאטינו 25,גרמים,250.00,100 גרם,false,,26.90,10.7600,true,1,121222
8000070038868,false,קפה לוואצה קלוי וטחון חוזק 8 קלאסיקו 250 גר,לאוג'י לוואצה אס.פי.אי,,קפה לוואצה קרמה גוסט,גרמים,250.00,100 גרם,false,,29.90,11.9600,true,1,121224
8000070038974,false,"קרמה גוסטו פולי קפה 1 ג""ק לוואזה",,,"קפה אספרסו 1 ק""ג",פריט,1.00,"ק""ג",false,,110.00,110.0000,true,1,172001
8000070081000,false,לוואצה הורמוניקו מס' 8קפסולות לקפה 50 גרם,לאוג'\י לוואצה אס.פי.אי,,קפה לוואצה הרמוניקו,Unknown,0.00,יחידה,false,,16.90,0.0000,true,1,121225
8000070081017,false,קפסולות קפה אספרסו דיצו 10 10 יחידות,לאוג'\י לוואצה אס.פי.אי,,קפה לוואצה דיצו,Unknown,0.00,יחידה,false,,16.90,0.0000,true,1,121226
8000070081109,false,קפסולות לוואצה ריקו נטולקפאין 6 נספרס 50,לאוג'\י לוואצה אס.פי.אי,,קפה לוואצה ריקו נטול,Unknown,0.00,יחידה,false,,16.90,0.0000,true,1,121227
8000113003402,false,"קמח תירס בוואקום 1 ק""ג",גורי מוצרי צריכה (1991) בעמ,,"קמח תירס 1 ק""ג",פריט,1.00,"ק""ג",false,,16.50,16.5000,true,1,116178
8000139910838,false,גרופלו פוזילי חיטה מ,,,גרופלו פוזילי חיטה מ,גרמים,500.00,100 גרם,false,,11.90,2.3800,true,1,137166
8000155507500,false,עוגיות עם פיצוצי שוקולד 650 ג',,,ביסקויט איטלקי שוקו,גרמים,750.00,100 גרם,false,,18.90,2.5200,true,1,134847
8000155726505,false,עוגיות מקמח מלא 750 ג',,,ביסקויט איטלקי חיטה,גרמים,750.00,100 גרם,false,,18.90,2.5200,true,1,186139
8000215204554,false,ויטאריז משקה אורז קוקוס אורגני 1 ליטר,נטורפוד בעמ,,ויטאריז משקה אורז קו,Unknown,0.00,יחידה,false,,16.90,0.0000,true,1,153591
8000215204714,false,משקה שיבולת שועל אורגני פרימונה 1 ליטר,בטר אנד דיפרנט,,פרימוונה משקה שיבולת,Unknown,0.00,יחידה,false,,16.90,0.0000,true,1,153595
8000380000388,false,טורטינה לואקר 90 גרם מארז מהודר,ליימן מותגים,,טורטינה מיני 9* 10 ג,Unknown,0.00,יחידה,false,,15.90,0.0000,true,1,121243
8000380001446,false,פרלינים וופל ושוקולד חלב לואקיני Loackini,"כד בני דרום בע""מ",,לואקיני שוקולד חלב 1,גרמים,100.00,100 גרם,false,,14.90,14.9000,true,1,121244
8000380003723,false,וופלים גרנד פטיסרי במילוי קרם אגוזים 100,קריניציה ויטמינה אס,,גרנד פטיסרי אגוז 100,Unknown,0.00,יחידה,false,,12.90,0.0000,true,1,121246
8000380003754,false,וופל גראן פטיסרי Gran Pasticceria קפוצ'ינו,ליימן שליסל בעמ,,לואקר גרנד פטיסרי קפ,גרמים,100.00,100 גרם,false,,12.90,12.9000,true,1,121247
8000380003761,false,וופל גרנד פטיסרי שוקולד וקוקוס לואקר 100 גרם,קריניציה ויטמינה אס,,גרנד פטיסרי קוקוס 10,גרמים,100.00,100 גרם,false,,12.90,12.9000,true,1,121248
8000380004669,false,וופל לואקר סנדוויץ קוביות ושוקולד 200ג',"א. לואקר, קונפקט ג'י",,לואקר וופל סנדוויץ',גרמים,200.00,100 גרם,false,,11.90,5.9500,true,1,121250
8000380004676,false,קוביות וופל סנדוויץ Sandwich עם וניל וחלב,"א. לואקר, קונפקט ג'י",,לואקר וופל סנדוויץ',גרמים,200.00,100 גרם,false,,11.90,5.9500,true,1,121251
8000380004881,false,וופל קוארדטיני לואקר קוביות טרמיסו 220ג',קריניציה ויטמינה אס,,קואדרטיני טרמיסו 220,גרמים,220.00,100 גרם,false,,13.90,6.3182,true,1,121252
8000380004911,false,קוביות וופל קואדרטיני Quadratini קרם אגוזים,קריניציה ויטמינה אס,,קואדרטיני אגוז 250 ג,גרמים,250.00,100 גרם,false,,13.90,5.5600,true,1,121253
8000380004966,false,וופל קוארדטיני לואקר קוביות שוקולד 250ג',קריניציה ויטמינה אס,,קואדרטיני שוקולד 250,גרמים,250.00,100 גרם,false,,13.90,5.5600,true,1,121256
8000380005598,false,מארז וופל שוקולד טורטינה Tortina שוקולד מריר,א. לואקר אס. פי. אי-אי.,,טורטינה מריר 125 גרם,גרמים,125.00,100 גרם,false,,16.90,13.5200,true,1,121257
8000380007219,false,וופל לואקר ממולא קרם אגוזים 175 גרם,ליימן שליסל בע`מ,,לואקר קלאסיק אגוז 17,גרמים,175.00,100 גרם,false,,11.90,6.8000,true,1,121262
8000380007257,false,וופל גרדנה במילוי קרם אגוזים מצופה,קריניציה ויטמינה אס,,גרדנה אגוז 200 גרם,גרמים,200.00,100 גרם,false,,13.90,6.9500,true,1,121263
8000380007264,false,וופל לואקר ממולא קרם קקאו 175 גרם,קריניציה ויטמינה אס,,לואקר קלאסיק שוקולד,גרמים,175.00,100 גרם,false,,11.90,6.8000,true,1,121264
8000380007271,false,וופל במילוי קרם חלב לואקר (175 גרם),ליימן שליסל בע`מ,,לואקר קלאסיק חלב 175,גרמים,175.00,100 גרם,false,,11.90,6.8000,true,1,121265
8000380106028,false,טורטינה לואקר וופל שוקולד ואגוזים שישיה 125ג',קריניציה ויטמינה אס,,טורטינה חלב 125 גרם,גרמים,125.00,100 גרם,false,,16.90,13.5200,true,1,121266
8000380142484,false,קוביות וופל קואדרטיני Quadratini בטעם שוקולד מריר,ליימן שליסל בע`מ,,קואדרטיני שוקולד מרי,גרמים,250.00,100 גרם,false,,13.90,5.5600,true,1,121267
8000380144044,false,גרדנה וופל מצופה שוקולד חלב לואקר 200 גרם,ליימן שליסל בע`מ,,גרדנה שוקולד 200 גרם,גרמים,200.00,100 גרם,false,,13.90,6.9500,true,1,121269
8000380148035,false,וופל אגוזי לוג שוקולד מריר גראן פטיסרי Gran Pasticceria,קריניציה ויטמינה אס,,גרנד פטיסרי מריר אגו,גרמים,100.00,100 גרם,false,,12.90,12.9000,true,1,121270
8000380152704,false,מארז חטיפי אצבעות גרדנה אגוז לואקר 125 גרם,ליימן שליסל בע`מ,,גרדנה אצבעות אגוז 12,גרמים,125.00,100 גרם,false,,14.90,11.9200,true,1,121275
8000380152728,false,מארז חטיפי אצבעות גרנדה שוקולד 125 גרם,ליימן שליסל בע`מ,,גרדנה אצבעות שוקולד,גרמים,125.00,100 גרם,false,,14.30,11.4400,true,1,121276
8000380153534,false,מארז וופל שוקולד טורטינה Tortina שוקולד לבן,א. לואקר אס. פי. אי-אי.,,טורטינה לבן 125 גרם,גרמים,125.00,100 גרם,false,,16.90,13.5200,true,1,121280
8000380155699,false,שלישיית וופל טורטינה לבן לואקר 21 גרם,קריניציה ויטמינה אס,,טורטינה לבן 63 גרם,Unknown,0.00,יחידה,false,,10.90,0.0000,true,1,121284
8000380156009,false,פרלינים ורד הדולומיטים חלב לואקר 150 גרם,קריניציה ויטמינה אס,,לואקר ורד הדולומיטים,Unknown,0.00,יחידה,false,,23.90,0.0000,true,1,121286
8000380156573,false,לואקר בונבוניירה ורד הדולמיטים 150 גרם,קריניציה ויטמינה אס,,לואקר ורד הדולומיטים,גרמים,150.00,100 גרם,false,,23.90,15.9333,true,1,121287
8000380156825,false,שוקולד חלב במילוי קרם חלב וופל לואקר 87 גרם,ליימן שליסל בעמ,,לואקר שוק.חלב במילוי,Unknown,0.00,יחידה,false,,7.90,0.0000,true,1,196082
8000380156856,false,שוקולד לבן במילוי קרם חלב וופל לואקר 87 גרם,ליימן שליסל בע`מ,,לואקר שוק. לבן במילו,Unknown,0.00,יחידה,false,,7.90,0.0000,true,1,196084
8000380157440,false,שוקולד חלב במילוי קרם אגוזי לוז לואקר 87 גרם,ליימן שליסל בע`מ,,טבלאות לואקר שוקולד,Unknown,0.00,יחידה,false,,7.90,0.0000,true,1,121293
8000380157570,false,וופלים לואקר קלאסיק אגוז 262.5 גר,ליימן שליסל בע`מ,,לואקר קלאסי 50%+ 175,גרמים,262.50,100 גרם,false,,12.90,4.9143,true,1,121294
8000380157587,false,וופלים לואקר קלאסיק קקאו 262.5 גר,ליימן שליסל בע`מ,,לואקר וופל שוקולד50%,גרמים,262.50,100 גרם,false,,12.90,4.9143,true,1,121295
8000380180721,false,לואקר וופל קקאו במילוי קרם חלבי 175 גר,קריניציה ויטמינה אס,,לואקר קלאסיק שוקו חל,גרמים,175.00,100 גרם,false,,11.90,6.8000,true,1,121298
8000380180745,false,וופל קוביות קקאו במילוי קרם חלב לואקר 250 גרם,"א. לואקר, קונפקט ג'י",,לואקר קואדרטיני שוקו,גרמים,250.00,100 גרם,false,,13.90,5.5600,true,1,121299
8000380180837,false,וופל גרנד פטיסרי קוקוס לבן מצופה שוקולד לבן לואקר 100 גרם,ליימן שליסל בע`מ,,גרנד פטיסרי במילוי ק,Unknown,0.00,יחידה,false,,12.90,0.0000,true,1,121301
8000380180943,false,בונ. לואקר ורד דולומיטים בטעמים 300 גרם,ליימן מותגים,,דולומיטים מגוון טעמי,גרמים,300.00,100 גרם,false,,44.90,14.9667,true,1,121302
8000380181032,false,"לואקר גרדנה חטיפי אצבעות אגוזים ושוקולד לבן, 125 גרם",ליימן שליסל בע`מ,,לואקר גרדנה אצבעות ש,גרמים,125.00,100 גרם,false,,14.30,11.4400,true,1,121303
8000380184644,false,לואקר מיניס טעמים שונים 150 גרם,ליימן שליסל בעמ,,לואקר מיניס טעמים שו,גרמים,150.00,100 גרם,false,,13.90,9.2667,true,1,121310
8000380187119,false,עוגיות במילוי קרם אגוזי לוז לואקר 100 גר,ליימן שליסל בע`מ,,עוגיות אגוזי לוז 100,Unknown,0.00,יחידה,false,,14.90,0.0000,true,1,167419
8000380187249,false,עוגיות עם מילוי קרם שקדים ושוקולד חלב,ליימן שליסל בע`מ,,עוגיות שקדים 100 גרם,Unknown,0.00,יחידה,false,,14.90,0.0000,true,1,167420
8000380187775,false,לואקר וופל גרנדה אגוז 136 גרם,Unknown,,גרדנה אגוז 136 גרם,גרמים,136.00,100 גרם,false,,11.90,8.7500,true,1,200246
8000380189281,false,מארז מיני מיקס לואקר בשקית 210 גרם,ליימן שליסל בעמ,,מארז מיני מיקס לואקר,גרמים,210.00,100 גרם,false,,22.90,10.9048,true,1,121313
8000380192151,false,טורטינה שישיה טריפל שוקולד מריר 125 גר`,א. לואקר אס. פי. אי-אי.,,טורטינה טריפל שוקולד,גרמים,125.00,100 גרם,false,,16.90,13.5200,true,1,121315
8000380192199,false,וופל בטעם דאבל שוקולד לואקר (175 גרם),ליימן שליסל בעמ,,לואקר דאבל שוקולד 17,גרמים,175.00,100 גרם,false,,11.90,6.8000,true,1,121316
8000380192588,false,וופלים קואדרטיני דאבל שוקולד לואקר 250 גרם,קריניציה ויטמינה אס,,קואדרטיני דאבל שוקול,גרמים,250.00,100 גרם,false,,13.90,5.5600,true,1,121317
8000380201396,false,שוקולד חלב ממולא קרם קרמל ועלי וופל פריכ,ליימן שליסל בע`מ,,טורטינה קרמל 125 גרם,גרמים,125.00,100 גרם,false,,16.90,13.5200,true,1,173974
8000380201525,false,חטיפי גרנד פטיסרי אגוזי לוז שישייה,ליימן שליסל בעמ,,פטיסרי בטעם אגוזי לו,גרמים,126.00,100 גרם,false,,16.90,13.4127,true,1,186880
8000380205400,false,וופלים קואדרטיני חמאת בוטנים לואקר 250 גרם,ליימן שליסל בע`מ,,קואדרטיני חמאת בוטני,גרמים,250.00,100 גרם,false,,13.90,5.5600,true,1,196032
8000380206896,false,וופל גרדנה במילוי חמאת בוטנים 200 גרם,ליימן שליסל בע`מ,,גרדנה חמאת בוטנים 20,גרמים,200.00,100 גרם,false,,13.90,6.9500,true,1,196033
8000380207183,false,שוקולד לואקר טורטינה חמאת בוטנים 126 גר,ליימן שליסל בע`מ,,טורטינה חמאת בוטנים,גרמים,125.00,100 גרם,false,,16.90,13.5200,true,1,196034
8000500009673,false,בונבונרייה פררו רושר 300 גרם,פרימיום-חברה לדברי מתיקה ולמסח,,רושר בונבוניירה 300,גרמים,300.00,100 גרם,false,,45.90,15.3000,true,1,154193
8000500011461,false,בונבונייה רושר 525 ג,פררו,,רושר ענק 525 גרם,גרמים,525.00,100 גרם,false,,59.90,11.4095,true,1,154194
8000500023624,false,חטיפי הפי היפו Happy Hippo במילוי קרם חלב וקקאו,פרימיום-חברה לדברי מתיקה ולמסח,,הפי היפו 5*20 גרם,Unknown,0.00,יחידה,false,,13.00,0.0000,true,1,154196
8000500023976,false,בונבוניירת רפאלו פררו (150 גרם),פרימיום-חברה לדברי מתיקה ולמסח,,בונבוניירת רפאלו 150,גרמים,150.00,100 גרם,false,,15.90,10.6000,true,1,154197
8000500026731,false,ביצי שוקולד קינדר מארז 3 יח סופרייז,פרימיום-חברה לדברי מתיקה ולמסח,,קינדר ביצי שוקולד 3*,Unknown,3.00,יחידה,false,,15.00,5.0000,true,1,154198
8000500029350,false,מארז וופל מצופה 3יח' *43 גרם קינדר בואנו,פרימיום-חברה לדברי מתיקה ולמסח,,קינדר בואנו 3*43 גרם,גרמים,129.00,100 גרם,false,,9.90,7.6744,true,1,154199
8000500032237,false,בונבונרייה פררו רושר 375 גרם,פרימיום-חברה לדברי מתיקה ולמסח,,רושר 375גר,גרמים,375.00,100 גרם,false,,45.90,12.2400,true,1,154200
8000500037874,false,בונבונרייה פררו רושר 200 גרם,פרימיום-חברה לדברי מתיקה ולמסח,,בונבוניירת רושר 200,גרמים,200.00,100 גרם,false,,24.90,12.4500,true,1,154201
8000500071083,false,אצבעות שוקולד קינדר Kinder שש עשרה יחידות,פרימיום-חברה לדברי מתיקה ולמסח,,קינדר אצבעות שוקולד,גרמים,200.00,100 גרם,false,,12.90,6.4500,true,1,154203
8000500121436,false,מארז קינדר בואנו Kinder Bueno לבן שלוש יחידות,פרימיום-חברה לדברי מתיקה ולמסח,,קינדר בואנו לבן 3*43,גרמים,129.00,100 גרם,false,,9.90,7.6744,true,1,154206
8000500127728,false,סלייס עוגת ספוג במילוי קרם חלבי ק'נדר מילק 112 ג',פררו טורקיה צ'\יקולטה וו,,קינדר מילק סלייס עוג,Unknown,0.00,יחידה,false,,13.90,0.0000,true,1,181921
8000500167656,false,קינדר שוקולד עם דגנים סיריאל 94 ג',פרימיום-חברה לדברי מתיקה ולמסח,,קינדר קאונטרי רביעיו,Unknown,0.00,יחידה,false,,8.90,0.0000,true,1,154213
8000500217740,false,קינדר בואנו מיני 86 גרם,פרימיום-חברה לדברי מתיקה ולמסח,,מארז מיני בואנו 86.4,Unknown,0.00,יחידה,false,,10.90,0.0000,true,1,154219
8000500227848,false,נוטלה - בי רדי אצבעות ביסקוויט במילוי שוקולד 6 יח' * 22 גרם,פרימיום-חברה לדברי מתיקה ולמסח,,נוטלה בי רדי שישיה,Unknown,0.00,יחידה,false,,10.90,0.0000,true,1,154220
8000500247167,false,פררו קולקשן - כדורי וופל מצופים 24 יחידו,פרימיום-חברה לדברי מתיקה ולמסח,,פררו קולקשין 249.50,גרמים,249.50,100 גרם,false,,45.90,18.3968,true,1,178674
8000500249352,false,קינדר בואנו מיני מיקס שקית 205 ג',פרימיום-חברה לדברי מתיקה ולמסח,,קינדר בואנו מיני מיק,Unknown,0.00,יחידה,false,,19.90,0.0000,true,1,149041
8000500256213,false,קינדר שוקולד חלב במילוי קרם חלבי,פרימיום-חברה לדברי מתיקה ולמסח,,קינדר מיני שוקולד בש,גרמים,120.00,100 גרם,false,,9.90,8.2500,true,1,154223
8000500267103,false,קינדר דליס עוגת ספוג קקאו במילוי חלבי*10,פרימיום-חברה לדברי מתיקה ולמסח,,קינדר דליס 10*42 גרם,גרמים,420.00,100 גרם,false,,19.90,4.7381,true,1,154225
8000500269169,false,קינדר קארדס Kinder Cards - חמישייה,פרימיום-חברה לדברי מתיקה ולמסח,,קינדר קארדס מארז חמי,גרמים,128.00,100 גרם,false,,13.90,10.8594,true,1,199384
8000500363539,false,גלידה פררו רושה חלבית בטעם אגוזי מצופה שוקולד ואגוזים 200 גרם,,,*מבצע* גלידת פררו רו,גרמים,200.00,100 גרם,false,,26.90,13.4500,true,1,196952
8000798038034,false,כף אשפה מתקפל ( איטל,שייני Shiny,,יעה + מקל מתקפל + פס,Unknown,0.00,יחידה,false,,9.90,0.0000,true,1,145151
8001003100164,false,יוגטה סוכריות ג'לי בטעמי פירות 450 גרם,ליימן שליסל בע`מ,,יוגטה סוכריות ג'לי 4,גרמים,450.00,100 גרם,false,,9.90,2.2000,true,1,121318
8001003100218,false,סוכריות יוגטה ג'לי פירות 800 גר',ליימן שליסל בע`מ,,יוגטה סוכריות גלי פי,גרמים,800.00,100 גרם,false,,15.90,1.9875,true,1,121319
8001003202035,false,סוכריות ג'לי בטעם פירות יוגטה 80 גרם,ליימן שליסל בעמ,,יוגטה ג'לי בטעם פירו,גרמים,80.00,100 גרם,false,,4.90,6.1250,true,1,196045
8001090033512,false,"טייד אבקת כביסה קולור 8 ק""ג",דיפלומט מפיצים (1968) בעמ,,טייד אבקת כביסה קולו,פריט,8.00,"ק""ג",false,,56.90,7.1125,true,1,173178
8001090184375,false,"נוזל כלים פיירי 900 מ""ל ירוק אורגינל",דיפלומט מפיצים (1968) בעמ,,פיירי נוזל כלים אולט,Unknown,0.00,יחידה,false,,12.90,0.0000,true,1,196740
8001090184412,false,"פיירי נוזל לניקוי כלים לימון שקוף, 900 מ""ל",דיפלומט מפיצים (1968) בעמ,,פיירי אולטרא נוזל כל,Unknown,0.00,יחידה,false,,12.90,0.0000,true,1,196741
8001090196224,false,שמפו הייד אנד שולדרס,,,שמפו הייד אנד שולדרס,Unknown,0.00,יחידה,false,,14.90,0.0000,true,1,202041
8001090196262,false,שמפו הייד אנד שולדרס,,,שמפו הייד אנד שולדרס,Unknown,0.00,יחידה,false,,14.90,0.0000,true,1,202040
8001090196347,false,שמפו הייד אנד שולדרס,,,שמפו הייד אנד שולדרס,Unknown,0.00,יחידה,false,,14.90,0.0000,true,1,202043
8001090196385,false,שמפו הייד אנד שולדרס,,,שמפו הייד אנד שולדרס,Unknown,0.00,יחידה,false,,14.90,0.0000,true,1,202042
8001090206855,false,לנור מרכך כביסה מרוכז כחול-930,איינשטיין צור-יבוא-יצוא וסחר ב,,לנור מרכך כביסה מרוכ,מיליליטרים,930.00,"100 מ""ל",false,,12.90,1.3871,true,1,152868
8001090206930,false,לנור מרכך כביסה מרוכז לבן לתינוק-930,איינשטיין צור-יבוא-יצוא וסחר ב,,לנור מרכך כביסה מרוכ,מיליליטרים,930.00,"100 מ""ל",false,,12.90,1.3871,true,1,110321
8001090222541,false,הרבל אסנסס שמפו תות שדה ומנטה 400 גרם,דיפלומט מפיצים (1968) בעמ,,הרבל אסנסס שמפו תות,מיליליטרים,400.00,"100 מ""ל",false,,19.90,4.9750,true,1,116697
8001090222572,false,הרבל אסנסס מרכך תות שדה ומנטה 400 גרם,דיפלומט מפיצים (1968) בעמ,,הרבל אסנסס מרכך תות,מיליליטרים,400.00,"100 מ""ל",false,,19.90,4.9750,true,1,116698
8001090222725,false,"הרבל אסנסס - שמפו שמן מורינגה 400 מ""ל",דיפלומט מפיצים (1968) בעמ,,הרבל אסנסס שמפו שמן,מיליליטרים,400.00,"100 מ""ל",false,,19.90,4.9750,true,1,111271
8001090290830,false,"אוראל בי משחת שיניים- להלבנה פנינה בוהקת 75 מ""ל",דיפלומט מפיצים (1968) בעמ,,אורל בי משחת שיניים3,Unknown,0.00,יחידה,false,,22.90,0.0000,true,1,183695
8001090290939,false,"אוראל בי משחת שיניים- להלבנה לובן בוהק 75 מ""ל",דיפלומט מפיצים (1968) בעמ,,אורל בי משחה WHITE D,Unknown,0.00,יחידה,false,,22.90,0.0000,true,1,183370
8001090336354,false,חיתולי ביביי דריי מידה 2 ( 46 יח) פמפרס,דיפלומט מפיצים (1986) בע`מ,,פמפרס בייבי דריי מיד,Unknown,0.00,יחידה,false,,34.90,0.0000,true,1,111274
8001090336491,false,פמפרס בייבי דריי חיתולים מידה +4 31 יח,דיפלומט מפיצים (1986) בע`מ,,פמפרס בייבי דריי מיד,Unknown,0.00,יחידה,false,,34.90,0.0000,true,1,116703
8001090336521,false,חיתולי פמפרס בייבי דריי מידה 5 30 יח` `,דיפלומט מפיצים (1986) בע`מ,,פמפרס בייבי דריי מיד,Unknown,0.00,יחידה,false,,34.90,0.0000,true,1,116704
8001090336606,false,פמפרס בייבי דריי חיתולים מידה 6 26 יח,דיפלומט מפיצים (1986) בע`מ,,פמפרס בייבי דריי מיד,Unknown,0.00,יחידה,false,,34.90,0.0000,true,1,116705
8001090364104,false,"משחת שיניים אורל בי G&E אורגינל 75 מ""ל",דיפלומט מפיצים (1968) בעמ,,אורל בי משחה G&E או,Unknown,0.00,יחידה,false,,16.90,0.0000,true,1,183766
8001090375186,false,"מרכך מרוכז 200 מ""ל לצבע מלא חיים ""פנטן""",דיפלומט מפיצים (1986) בע`מ,,פנטן מרכך מרוכז לצבע,Unknown,0.00,יחידה,false,,19.90,0.0000,true,1,116707
8001090375230,false,"מרכך מרוכז 200 מ""ל לחות מוגברת ""פנטן""",דיפלומט מפיצים (1968) בעמ,,פנטן מרכך מרוכז לחות,Unknown,0.00,יחידה,false,,19.90,0.0000,true,1,116708
8001090379337,false,פמפרס פרימיום קר חיתולים שלב 3 40 יח VP,דיפלומט מפיצים (1986) בע`מ,,פמפמרס חיתולים פרימי,Unknown,40.00,יחידה,false,,36.90,0.9225,true,1,116714
8001090379368,false,פמפרס פרימיום קר חיתולים שלב 4 34 יח VP,דיפלומט מפיצים (1986) בע`מ,,פמפרס חיתולים פרימיו,Unknown,34.00,יחידה,false,,36.90,1.0853,true,1,116715
8001090379399,false,פמפרס פרימיום קר חיתולים שלב 5 30 יח VP,דיפלומט מפיצים (1986) בע`מ,,פמפרס חיתולים פרימיו,Unknown,30.00,יחידה,false,,36.90,1.2300,true,1,116716
8001090458353,false,סבון כלים פעולה אנטי-בקטריאלית אקליפטוס,דיפלומט מפיצים (1986) בע`מ,,פיירי אנטי בקטריאלי,Unknown,0.00,יחידה,false,,10.90,0.0000,true,1,116718
8001090493637,false,"הד אנד שולדרס שמפו אולטרא טוטאל קר 450 מ""ל",דיפלומט מפיצים (1986) בע`מ,,הד אנד שולדרס אולטרה,Unknown,0.00,יחידה,false,,19.90,0.0000,true,1,116725
8001090580122,false,"הד אנד שולדרס שמפו סופרים משקם 400 מ""ל",דיפלומט מפיצים 1968 בעמ,,הד אנד שולדרס שמפו,מיליליטרים,400.00,"100 מ""ל",false,,19.90,4.9750,true,1,116729
8001090678225,false,"הד אנד שולדרס מרכך סופרים משקם 275 מ""ל",דיפלומט מפיצים 1968 בעמ,,הד אנד שולדרס מרכך ס,מיליליטרים,275.00,"100 מ""ל",false,,15.00,5.4545,true,1,111276
8001090678614,false,"שמפו סופרים לחות הד אנד שולדרס 400 מ""ל",דיפלומט מפיצים (1986) בע`מ,,הד אנד שולדרס שמפו,מיליליטרים,400.00,"100 מ""ל",false,,19.90,4.9750,true,1,116732
8001090734044,false,אולוויז מגן תחתון גיגה פק לארג' אקסטרה פרוטקט 64 יח',דיפלומט מפיצים (1986) בע`מ,,מגן תחתון אולוויז מג,Unknown,0.00,יחידה,false,,19.90,0.0000,true,1,116739
8001090737809,false,מגן תחתון אולוויז סינגל טנגה 36 יחידות,דיפלומט מפיצים (1968) בעמ,,מגן תחתון אולוויז סי,Unknown,36.00,יחידה,false,,19.90,0.5528,true,1,116740
8001090802385,false,קפסולות גל לכביסה טייד בניחוח לנור 26 יח,דיפלומט מפיצים (1986) בע`מ,,טייד קפסולות ג'ל בני,Unknown,0.00,יחידה,false,,29.90,0.0000,true,1,116747
8001090832450,false,"שמפו פנטן הנוסחה הקלאסית 660 מ""ל",דיפלומט מפיצים (1986) בע`מ,,פנטן שמפו נוסחה קלאס,Unknown,0.00,יחידה,false,,19.90,0.0000,true,1,160222
8001090832535,false,"שמפו פנטן שמן מרוקאי משקם 660 מ""ל",דיפלומט מפיצים (1986) בע`מ,,פנטן שמפו שמן מרוקאי,Unknown,0.00,יחידה,false,,19.90,0.0000,true,1,160223
8001090832573,false,שמפו שמן לחות מוגברת 660 מל פנטן,דיפלומט מפיצים (1986) בע`מ,,פנטן שמפו לחות מוגבר,Unknown,0.00,יחידה,false,,19.90,0.0000,true,1,160224
8001090832610,false,שמפו שמן למגע רך כמשי 660 מל פנטן,דיפלומט מפיצים (1986) בע`מ,,פנטן שמפו למגע רך כמ,Unknown,0.00,יחידה,false,,19.90,0.0000,true,1,160225
8001090832696,false,"פנטן שמפו לתלתלים מושלמים 660 מ""ל",דיפלומט מפיצים (1986) בע`מ,,פנטן שמפו לתלתלים מו,Unknown,0.00,יחידה,false,,19.90,0.0000,true,1,160226
8001090832771,false,"פנטן שמפו להזנת קרטין 660 מ""ל",דיפלומט מפיצים (1986) בע`מ,,פנטן שמפו הזנת קרטין,Unknown,0.00,יחידה,false,,19.90,0.0000,true,1,160227
8001090832818,false,מרכך פנטן הנוסחה הקלאסית לשיער רגיל ומעורב,דיפלומט מפיצים (1986) בע`מ,,פנטן קונדישנר נוסחה,Unknown,0.00,יחידה,false,,19.90,0.0000,true,1,160228
8001090832856,false,"פנטן 660 מ""ל קונדישינר מרוקאי משקם",דיפלומט מפיצים (1986) בע`מ,,פנטן קונדישנר מרוקאי,Unknown,0.00,יחידה,false,,19.90,0.0000,true,1,160229
8001090832894,false,מרכך לשיער חלש ופגום לחות מוגברת,דיפלומט מפיצים (1986) בע`מ,,פנטן קונדישנר מרוקאי,Unknown,0.00,יחידה,false,,19.90,0.0000,true,1,160230
8001090832979,false,"פנטן 660 מ""ל קונדישינר לתלתלים מושלמים",דיפלומט מפיצים (1986) בע`מ,,פנטן מרכך לתלתלים מו,Unknown,0.00,יחידה,false,,19.90,0.0000,true,1,160235
8001090833051,false,"פנטן 660 מ""ל קונדישינר הזנת קרטין",דיפלומט מפיצים (1986) בע`מ,,פנטן מרכך הזנת קרטין,Unknown,0.00,יחידה,false,,19.90,0.0000,true,1,160236
8001090833136,false,אריאל ג`ל כביסה 2.255 ליטר בייבי,דיפלומט מפיצים (1986) בע`מ,,אריאל נוזל כביסה ביי,קילוגרמים,2.26,ליטר,false,,29.90,13.2301,true,1,116756
8001090833259,false,אריאל ג`ל כביסה 3.740 ליטר בניחוח הרים,דיפלומט מפיצים (1968) בעמ,,אריאל גל ניחוח הרים,קילוגרמים,3.74,ליטר,false,,42.90,11.4706,true,1,116760
8001090886385,false,לנור כדוריות הבושם בניחוח רענן 140 גרם,דיפלומט מפיצים (1968) בעמ,,לנור כדוריות בושם 14,Unknown,0.00,יחידה,false,,14.90,0.0000,true,1,198134
8001090886460,false,לנור כדוריות הבושם בניחוח אביבי 140 גרם,דיפלומט מפיצים (1968) בעמ,,לנור כדוריות הבושם ב,גרמים,140.00,100 גרם,false,,14.90,10.6429,true,1,110619
8001090943095,false,סבון כלים פעולה אנטי-בקטריאלית אקליפטוס,דיפלומט מפיצים (1968) בעמ,,פיירי נוזל כלים אנטי,קילוגרמים,1.01,ליטר,false,,14.90,14.7525,true,1,110621
8001440120756,false,עגבניות בחתיכות עם ב,,,צ'יריו- עגבניות בזיל,גרמים,400.00,100 גרם,false,,11.90,2.9750,true,1,179187
8001440120763,false,עגבניות חתוכות עם עש,,,צ'יריו- עגבניות מרוס,גרמים,400.00,100 גרם,false,,11.90,2.9750,true,1,179188
8001440120770,false,צ'יריו- עגבניות מרוס,,,צ'יריו- עגבניות מרוס,גרמים,400.00,100 גרם,false,,11.90,2.9750,true,1,179189
8001841062624,false,פמפרס מגבונים לחים ללא בישום רביעייה,דיפלומט מפיצים (1968) בעמ,,מגבוני פמפרס ללא ביש,Unknown,0.00,יחידה,false,,16.90,0.0000,true,1,169167
8001841105093,false,פמפרס פרימיום קר חיתולים שלב 6 26 יח VP,דיפלומט מפיצים (1986) בע`מ,,פמפמרס חיתולים פרימי,Unknown,38.00,יחידה,false,,36.90,0.9711,true,1,116777
8001841137179,false,קונדישינר הד&שולדרס הנוסחה הקלאסית 275מל,דיפלומט מפיצים (1986) בע`מ,,הד אנד שולדרס מרכך ה,מיליליטרים,275.00,"100 מ""ל",false,,15.00,5.4545,true,1,110615
8001841137216,false,"קונדישנר למגע רך כמשי הד אנד שולדרס 275 מ""ל",דיפלומט מפיצים (1986) בע`מ,,הד אנד שולדרס מרכך ל,מיליליטרים,275.00,"100 מ""ל",false,,15.00,5.4545,true,1,110616
8001841272757,false,אורל-בי משחת שיניים להלבנה פחם- לניקוי עמוק,דיפלומט מפיצים (1968) בעמ,,אורל בי משחת שיניים,Unknown,0.00,יחידה,false,,29.90,0.0000,true,1,189700
8001841375809,false,לנור מרכך כביסה מרוכז סגול -750,איינשטיין צור-יבוא-יצוא וסחר ב,,לנור סגול בהיר מרכך,Unknown,0.00,יחידה,false,,12.90,0.0000,true,1,178544
8001841376042,false,לנור מרכך כביסה מרוכז שחור-750,איינשטיין צור-יבוא-יצוא וסחר ב,,לנור-מרכך כביסה שחור,מיליליטרים,750.00,"100 מ""ל",false,,12.90,1.7200,true,1,179596
8001841500942,false,"הרבל אסנסס - שמפו ללא סולפטים אלוורה ובמבוק 380 מ""ל",דיפלומט מפיצים (1986) בע`מ,,הרבל אסנס שמפו ללא ס,Unknown,0.00,יחידה,false,,16.90,0.0000,true,1,169472
8001841587684,false,"גילט דאודורנט היידרה גל אלוורה 70 מ""ל",דיפלומט,,ג'ילט דאודורנט היידר,Unknown,0.00,יחידה,false,,19.90,0.0000,true,1,184783
8001841625188,false,סבון כלים פלטינום לימון X3 פעולות להסרת שומנים,דיפלומט מפיצים (1986) בע`מ,,פיירי פלטינום לימון,Unknown,0.00,יחידה,false,,10.90,0.0000,true,1,158533
8001841625287,false,סבון כלים פלטינום לימון X3 פעולות להסרת שומנים,דיפלומט מפיצים (1968) בעמ,,פיירי נוזל כלים פלטי,קילוגרמים,1.01,ליטר,false,,14.90,14.7525,true,1,157870
8001841625508,false,"נוזל כלים פיירי פלטינום אורגינל 1.015 ליטר בד""צ",דיפלומט מפיצים (1968) בעמ,,פיירי נוזל כלים פלטי,קילוגרמים,1.01,ליטר,false,,14.90,14.7525,true,1,157871
8001841660257,false,מסכה לשיער פנטן מיראקלס במבוק 160 מל,דיפלומט מפיצים (1968) בעמ,,פנטן מיראקלס במבוק מ,Unknown,0.00,יחידה,false,,18.90,0.0000,true,1,182674
8001841660530,false,קרם לחות מינרלס במבוק + חלבון משקם לשיער ארוך,דיפלומט מפיצים (1968) בעמ,,פנטן מיראקלס במבוק ק,Unknown,0.00,יחידה,false,,18.90,0.0000,true,1,182676
8001841663654,false,"פיירי נוזל כלים אקסטרה 650 מ""ל - צהוב",פרוקטר אנד גמבל,,פיירי נוזל כלים אקסט,מיליליטרים,650.00,"100 מ""ל",false,,8.90,1.3692,true,1,189466
8001841669519,false,קפסולות לכביסה ALL IN ONE אריאל 55 יחידות,דיפלומט מפיצים (1986) בע`מ,,אריאל קפסולות לכביסה,Unknown,0.00,יחידה,false,,59.90,0.0000,true,1,161057
8001841722146,false,אולוויז מגן תחתון וליופק נורמל 56 יחידות,דיפלומט,,אולוייז תחתוניות נור,Unknown,0.00,יחידה,false,,15.90,0.0000,true,1,189641
8001841722184,false,אולוייז תחתוניות נור,,,אולוייז תחתוניות נור,Unknown,0.00,יחידה,false,,15.90,0.0000,true,1,191459
8001841722221,false,אולוויז מגן תחתון ביג פק לארג 48 יחידות,פרוקטר & גמבל,,אולוייז תחתוניות לאר,Unknown,0.00,יחידה,false,,15.90,0.0000,true,1,197447
8001841722269,false,אולוייז תחתוניות לאר,,,אולוייז תחתוניות לאר,Unknown,0.00,יחידה,false,,15.90,0.0000,true,1,197450
8001841722306,false,מגן תחתון אלוויז וליופק לונג פלוס 40 יחי',פרוקטר & גמבל,,אולוייז תחתוניות לונ,Unknown,0.00,יחידה,false,,15.90,0.0000,true,1,197448
8001841722344,false,מגן תחתון לונג פלוס 40 י,,,אולוייז תחתוניות לונ,Unknown,0.00,יחידה,false,,15.90,0.0000,true,1,197449
8001841722481,false,אולוויז מגן תחתון פלקסי סטייל נורמל 54 יח',פרוקטר & גמבל,,אולוייז תחתוניות נור,Unknown,0.00,יחידה,false,,15.90,0.0000,true,1,197446
8001841780818,false,פיירי - לימון 1.50 ליטר,פרוקטר & גמבל,,פיירי לימון 1.5 ליטר,קילוגרמים,1.50,ליטר,false,,13.90,9.2667,true,1,197057
8001841893990,false,פיירי טבליות למדיח פלטינום פלוס - מארז 30 יח',דיפלומט מפיצים (1986) בע`מ,,פיירי קפסולות למדיח,Unknown,0.00,יחידה,false,,34.90,0.0000,true,1,170368
8001841958460,false,פיירי טבליות למדיח אורגינל הכל באחד - מארז 48 יח',דיפלומט מפיצים (1986) בע`מ,,פיירי טבליות למדיח 4,Unknown,48.00,יחידה,false,,37.90,0.7896,true,1,170369
8001841960258,false,פיירי פלטינום טבליות למד,,,פיירי טבליות גל למדי,Unknown,0.00,יחידה,false,,54.90,0.0000,true,1,196784
8001841971193,false,אולוויז אולטרה קוואט,,,אולוויז אולטרה קוואט,Unknown,1.00,יחידה,false,,33.90,33.9000,true,1,203819
8001841971384,false,אולוויז אולטרה קוואט,,,אולוויז אולטרה קוואט,Unknown,1.00,יחידה,false,,33.90,33.9000,true,1,203822
8001841971735,false,אולוויז אולטרה קוואט,,,אולוויז אולטרה קוואט,Unknown,1.00,יחידה,false,,33.90,33.9000,true,1,203820
8002130205678,false,אורז לבן ארוך להכנת ריזוטו,,,אורז לבן ארוך להכנת,גרמים,500.00,100 גרם,false,,9.90,1.9800,true,1,187203
8002130205685,false,אורז לבן ארוך להכנת ריזוטו,RRiseria Vignola Gio,,אורז לבן ארוך להכנת,גרמים,500.00,100 גרם,false,,9.90,1.9800,true,1,187204
8002213011301,false,"קמח לפסטה סוג 00 ק""ג {כחול}",,,"קמח לפסטה 1 ק""ג .(כח",גרמים,1000.00,100 גרם,false,,17.90,1.7900,true,1,146340
8002713056925,false,ספל בירה,,,ספל בירה,Unknown,0.00,יחידה,false,,45.00,0.0000,true,1,171870
8002795002254,false,גיבנה מסקרפונה איטלקי 500 ג',,,מסקרפונה איטלקי 500,גרמים,500.00,100 גרם,false,,39.90,7.9800,true,1,181302
8002910043476,false,ויט רצועות שעווה מוכנות לקו הביקיני 12 יחידות,רקיט בנקיזר (ניר איסט) בעמ,,רצועות שעווה לבית הש,Unknown,12.00,יחידה,false,,24.90,2.0750,true,1,134189
8003440997710,false,מסטיק ביג באבול בטעם קולה לימון צ'ופה צ'ופס 27.6 גרם,ליימן שליסל בעמ,,גומי לעיסה ביג באבול,Unknown,0.00,יחידה,false,,3.90,0.0000,true,1,173975
8003440997741,false,גומי לעיסה ביג באבול בטעם תפוח ירוק 27.6 ג',ליימן שליסל בעמ,,גומי לעיסה ביג באבול,Unknown,0.00,יחידה,false,,3.90,0.0000,true,1,173976
8003440997772,false,גומי לעיסה ביג באבול - פטל כחול צובע לשון 27.6 גרם,ליימן שליסל בעמ,,גומי לעיסה ביג באבול,Unknown,0.00,יחידה,false,,3.90,0.0000,true,1,173977
8003440997857,false,מסטיק פיור פרש בטעם מנטה אריזת חיסכון,פרפטי ואן מלה ברדה,,מסטיק פיור פרש 100 י,Unknown,0.00,יחידה,false,,19.90,0.0000,true,1,182507
8003440997871,false,מסטיק מנטוס פיור פרש אריזה 100יח טעם תות,פרפטי ואן מלה ברדה,,מסטיק פיור פרש 100 י,Unknown,0.00,יחידה,false,,19.90,0.0000,true,1,182508
8003512243226,false,מקינטה 12 ספלונים מא,,,מקינטה 12 ספלונים מא,Unknown,0.00,יחידה,false,,79.90,0.0000,true,1,172971
8003753158556,false,אילי קפסולות אספרסו קלאסיקו 10 יח' 57 גרם,דיפלומט מפיצים (1968) בעמ**,,אילי קפסולות אספרסו,Unknown,0.00,יחידה,false,,24.90,0.0000,true,1,183581
8004030022010,false,ירקות גינה עם טונה ריו מרה אינסלטיסימי 160 ג',"בולטון אלימנטרי בע""\מ",,ריו מרה טונה אינסלטי,גרמים,160.00,100 גרם,false,,14.90,9.3125,true,1,128453
8004030026018,false,"מקסיקני עם טונה ריו מרה אינסלטיסימי, 160 ג'","בולטון אלימנטרי בע""\מ",,ריו מרה מקסיקני עם ט,גרמים,160.00,100 גרם,false,,14.90,9.3125,true,1,128454
8004030081024,false,נתחי טונה עם שום ופלפל אדום ריו מרה 160 ג',"בולטון אלימנטרי בע""\מ",,ריו מארה נתחי טונה ש,גרמים,160.00,100 גרם,false,,16.90,10.5625,true,1,128456
8004030102033,false,טונה בשמן זית עם מיץ לימון ופלפל שחור - מארז 3 יח',בולטון אלימנטרי,,ריו מרה טונה בשמן עם,גרמים,540.00,100 גרם,false,,24.90,4.6111,true,1,128457
8004030103399,false,טונה בשמן זית רביעיו,BOLTON GROUP- RIO,,ריו מרה בשמן זית רבי,Unknown,0.00,יחידה,false,,29.90,0.0000,true,1,168042
8004030180000,false,ריו מרה טונה בשמן זית כתית מעולה 3*80 גרם,"בולטון אלימנטרי בע""\מ",,ריו מרה טונה בשמן זי,גרמים,240.00,100 גרם,false,,29.90,12.4583,true,1,191876
8004030344938,false,"ריו מרה טונה בשמן זית 3X80 גרם מתכון חדש כשל""פ","בולטון אלימנטרי בע""\מ",,ריו מרה טונה בשמן זי,גרמים,540.00,100 גרם,false,,24.90,4.6111,true,1,128462
8004030381681,false,ריו מרה נתחי טונה בהירה בשמן זית זוג 160 גר,ש. שסטוביץ בע`מ,,ריו מארה טונה בשמן ז,גרמים,320.00,100 גרם,false,,29.90,9.3437,true,1,128465
8004030845046,false,טונה עם ירקות בתוספת עם אורז ריו מרה אינסלטיסימי 160 ג',בולטון אלימנטרי,,ריו מארה אינסלטיסימי,גרמים,160.00,100 גרם,false,,14.90,9.3125,true,1,128466
8004030860001,false,ירקות עם קוקוס וטונה ריו מרה אינסלטיסימי 160 ג',"בולטון אלימנטרי בע""\מ",,ריו מרה אינסלטיסמה ק,גרמים,160.00,100 גרם,false,,16.90,10.5625,true,1,128467
8004800000064,false,לאגו פלאסיר- גלילי ופל קרם קקאו בציפוי ש.חלב - 100 ג',תה ויסוצקי (ישראל) בעמ,IT,לאגו פלאסיר גלילי ופ,גרמים,100.00,100 גרם,false,,11.90,11.9000,true,1,203782
8004800004826,false,לאגו פלאסיר - וופלים במילוי קרם קוקוס שוקולד מריר - 98ג,תה ויסוצקי (ישראל) בעמ,IT,לאגו פלאסיר וופלים ב,גרמים,98.00,100 גרם,false,,11.90,12.1429,true,1,203786
8004905550334,false,עוגה אישית ממולא קרם חלב מצופה שוקולד מארז עשירה,,,מידי עוגה אישי ממולא,גרמים,350.00,100 גרם,false,,13.90,3.9714,true,1,127879
8005110170300,false,עגבניות מרוסקות חתוכות מוטי MUTTI שלישיה *400,רסטרטו יבוא ושיווק בעמ*אין החז,,MUTTI עגבניות מרוסקו,פריט,1.20,"ק""ג",false,,19.90,16.5833,true,1,168188
8005110200014,false,רסק עגבניות 210 ג' CONCENTRATO MUTTI,רסטרטו יבוא ושיווק בעמ,,מאוטי רכז עגבניות 22,גרמים,210.00,100 גרם,false,,9.90,4.7143,true,1,168989
8005200256587,false,נסטי - תה קר בטעם אפרסק 1.5 ליטר,מפעל סאנפלגרינו S.P.A,,נסטי אפרסק 1.5 ליטר,Unknown,0.00,יחידה,false,,8.90,0.0000,true,1,189522
8005709204027,false,גרנו ארמנדו פסטה פטו,,,גרנו ארמנדו פסטה פטו,גרמים,500.00,100 גרם,false,,12.90,2.5800,true,1,146379
8005709204041,false,ספגטו גרנד ארמנדו 500 גרם,,,גרנו ארמנדו ספגטו 50,גרמים,500.00,100 גרם,false,,12.90,2.5800,true,1,146380
8005709204638,false,גרנו ארמנדו פסטה מפל,,,גרנו ארמנדו פסטה מפל,גרמים,500.00,100 גרם,false,,17.90,3.5800,true,1,146382
8005709204959,false,גרנו ארמנדו פסטה פוז,,,גרנו ארמנדו פסטה פוז,גרמים,500.00,100 גרם,false,,11.90,2.3800,true,1,146384
8005803010357,false,גריסיני קלאסי - מקלות אפויים עם שמן זית ומלח,ליימן שליסל בע`מ,,גריסיני קלאסי 125 גר,גרמים,125.00,100 גרם,false,,7.50,6.0000,true,1,121331
8005803010371,false,"גריסיני רוזמרין - מקלות אפויים עם שמן זית, מלח ורוזמרין",ליימן שליסל בע`מ,,גריסיני רוזמרין 125,גרמים,125.00,100 גרם,false,,7.50,6.0000,true,1,121332
8005803010586,false,"מקלות אפויים עם שמן זית, מלח, עגבניות ואורגנו, 125 גרם, אמור די פאן","הוסטה איטליה, ס.ר.ל.",,גריסיני פיצה 125 גרם,גרמים,125.00,100 גרם,false,,7.50,6.0000,true,1,121333
8005803010661,false,"מקלות אפויים עם שמן זית, מלח, ושומשום, 125 גרם, אמור די פאן","הוסטה איטליה, ס.ר.ל.",,גריסיני שומשום 125 ג,גרמים,125.00,100 גרם,false,,7.50,6.0000,true,1,121334
8005840096703,false,מעדן קפוא בטעם שמנת וניל קקאו וקפה 1000,,,קינוח קפוא בטעם שמנת,Unknown,0.00,יחידה,false,,29.90,0.0000,true,1,195793
8005840096710,false,מעדן קפוא בטעם אגוזי לוז קקאו פנקוטה וני,,,"""קינוח קפוא בטעם אגו",Unknown,0.00,יחידה,false,,29.90,0.0000,true,1,195791
8006227000405,false,סמנצאטו-לחם פרוס חיטה מלאה 400 גרם,,,לחם פרוס חיטה מלאה 4,גרמים,400.00,100 גרם,false,,13.90,3.4750,true,1,181006
8006540088401,false,אולוייז אולטרא לונג,,,אולוייז אולטרא לונג,Unknown,0.00,יחידה,false,,12.90,0.0000,true,1,201013
8006540088432,false,אולוייז אולטרא לילה,,,אולוייז אולטרא לילה,Unknown,0.00,יחידה,false,,12.90,0.0000,true,1,201012
8006540091906,false,לנור כדוריות הבושם בניחוח אריאל 140 גרם,פטר קרמר עבור פרוקטור אנ,,לנור כדוריות בושם 14,Unknown,0.00,יחידה,false,,14.90,0.0000,true,1,198133
8006540112793,false,"מרכך כביסה מרוכז בניחוח יסמין לנור 900 מ""ל",דיפלומט מפיצים (1986) בע`מ,,לנור מרכך כביסה בניח,Unknown,0.00,יחידה,false,,15.90,0.0000,true,1,201399
8006540112823,false,"לנור מרכך כביסה מרוכז בניחוח האוקיינוס 900 מ""ל",דיפלומט מפיצים (1968) בעמ,,לנור מרכך מרוכז בניח,Unknown,0.00,יחידה,false,,15.90,0.0000,true,1,182955
8006540112854,false,"מרכך כביסה מרוכז בניחוח סחלב לנור 900 מ""ל",דיפלומט מפיצים (1986) בע`מ,,לנור מרכך מרוכז בניח,Unknown,0.00,יחידה,false,,15.90,0.0000,true,1,182954
8006540163986,false,אריאל קפסולות לכביסה 35 יח`,דיפלומט מפיצים (1968) בעמ,,אריאל קפסולות ג'ל לכ,Unknown,0.00,יחידה,false,,39.90,0.0000,true,1,194440
8006540221778,false,מגן תחתון אולוויז מג,,,מגן תחתון אולוויז מג,Unknown,68.00,יחידה,false,,19.90,0.2926,true,1,202429
8006540302538,false,הד&שולדרס שמפו קלאסי,,,שמפו הד אנד שולדרס ק,מיליליטרים,350.00,"100 מ""ל",false,,14.90,4.2571,true,1,200315
8006540348116,false,תחבושות אולוויז כפול,,,תחבושות אולוויז כפול,Unknown,0.00,יחידה,false,,14.90,0.0000,true,1,201212
8006540495186,false,לנור מרכך כביסה מרוכז רגיש בייבי 900 מל,דיפלומט מפיצים (1986) בע`מ,FR,לנור מרכך כביסה בייב,מיליליטרים,900.00,"100 מ""ל",false,,15.90,1.7667,true,1,202564
8006540495216,false,"לנור מרכך כביסה מרוכז בניחוח אמאטיסט 900 מ""ל",דיפלומט מפיצים (1986) בע`מ,FR,לנור מרכך כביסה בניח,מיליליטרים,900.00,"100 מ""ל",false,,15.90,1.7667,true,1,202565
8006540495247,false,"לנור מרכך כביסה מרוכז בניחוח פרחי בר 900 מ""ל",דיפלומט מפיצים (1968) בעמ,FR,לנור מרכך כביסה בניח,מיליליטרים,900.00,"100 מ""ל",false,,15.90,1.7667,true,1,202566
8006540592434,false,אולוויז תחבושות נורמל 28 יח,פרוקטר & גמבל,,תחבושת אולוויז אולטר,Unknown,0.00,יחידה,false,,19.90,0.0000,true,1,198113
8006540592465,false,אולוויז תחבושות לונג 24 יח,פרוקטר & גמבל,,תחבושת אולוויז אולטר,Unknown,0.00,יחידה,false,,19.90,0.0000,true,1,198112
8006540598078,false,אולוייז אולטרא נורמל,,,אולוייז אולטרא נורמל,Unknown,0.00,יחידה,false,,12.90,0.0000,true,1,198615
8006922084410,false,גלידה משפחתית בטעם שמנת עם פיסטוקים סיווירו מאריה 2 ל',,,גלידת איטלקית בטעם פ,קילוגרמים,2.00,ליטר,false,,34.90,17.4500,true,1,180892
8006922085219,false,גלידה משפחתית בטעם שמנת עם תות שדה סיווירו מאריה 2 ל',,,גלידת איטלקית בטעם ש,קילוגרמים,2.00,ליטר,false,,34.90,17.4500,true,1,180868
8006922085349,false,גלידה משפחתית בטעם שמנת עם פירות יער סיווירו מאריה 2 ל',,,גלידה 2 ליטר בטעם שמ,קילוגרמים,2.00,ליטר,false,,34.90,17.4500,true,1,180863
8006922085356,false,גלידה משפחתית בטעם שמנת עם דובדבנים סיווירו מאריה 2 ל',,,גלידת איטלקית 1 ליטר,קילוגרמים,1.00,ליטר,false,,34.90,34.9000,true,1,180873
8007178223547,false,ג`קובזי קרם בלסמי מצומצם ממודנה 250 מל,דיפלומט מפיצים (1968) בעמ**,,ג'קובזי קרם בלסמי מצ,מיליליטרים,250.00,"100 מ""ל",false,,26.90,10.7600,true,1,140869
8008660210014,false,מעדן משמש מנז אנד גאסר ויסוצקי 300 גרם,תה ויסוצקי (ישראל) בעמ,,מנז אנד גאסר מעדן מש,גרמים,300.00,100 גרם,false,,16.90,5.6333,true,1,129748
8008660210021,false,מעדן ריבה מנץ אנד גאססר דובדבן 300 גר,תה ויסוצקי (ישראל) בעמ,,מנז אנד גאסר מעדן דו,גרמים,300.00,100 גרם,false,,16.90,5.6333,true,1,129749
8008660210038,false,מעדן ריבה מנץ אנד גאססר תות שדה 300 גר,תה ויסוצקי (ישראל) בעמ,,מנז אנד גאסר מעדן תו,גרמים,300.00,100 גרם,false,,16.90,5.6333,true,1,129750
8008660210045,false,מעדן פירות יער מנז אנד גאסר ויסוצקי 300 גרם,תה ויסוצקי (ישראל) בעמ,,מנז אנד גאסר מעדן פי,גרמים,300.00,100 גרם,false,,16.90,5.6333,true,1,129751
8008660210052,false,מעדן פרי תפוז מנז אנד גאסר ויסוצקי 320 גרם,תה ויסוצקי (ישראל) בעמ,,מעדן פרי תפוז 330 גר,גרמים,330.00,100 גרם,false,,16.90,5.1212,true,1,129752
8008698002049,false,קרקרים עגולים 175 גרם ללא גלוטן,ל.י.ב. (לחיות יותר בטבע) בעמ,,שר קרקרים עגולים 175,גרמים,175.00,100 גרם,false,,23.90,13.6571,true,1,146066
8008698002100,false,מקלות גריסיני 200 גרם ד''ר שר,"ד""ר שר ס.ר.ל",,מקלות גריסיני ללא גל,גרמים,150.00,100 גרם,false,,22.90,15.2667,true,1,161506
8008698003503,false,עוגיות שיבולת שועל עם צימוקים 250 גר,ל.י.ב. (לחיות יותר בטבע) בעמ,,שר קרקרים מלבניים 21,גרמים,210.00,100 גרם,false,,29.90,14.2381,true,1,146069
8008698004630,false,SORRISI עוגיות סנדוויץ' במילוי קרם קקאו 250 גר',ל.י.ב. (לחיות יותר בטבע) בעמ,,עוגיות סנדוויץ ללא ג,גרמים,250.00,100 גרם,false,,26.90,10.7600,true,1,146071
8008698004807,false,תערובת קמחים לאפיית לחם ל.גלוטן 1020קג,ל.י.ב. (לחיות יותר בטבע) בעמ,,"קמח B ד""ר שר 1 ק""ג",פריט,1.00,"ק""ג",false,,30.90,30.9000,true,1,146072
8008698005231,false,עוגיות סנדוויץ בטעם שוקולד ממולאות קרם חלב ללא גלוט,שר Schar,,עוגיות שוקולד 165 גר,גרמים,165.00,100 גרם,false,,21.90,13.2727,true,1,160523
8008698005347,false,"ביסקוויט מצופות שוקולד מריר לל""ג 150 גר",שר Schar,,ביסקויט שוקולד 150 ג,גרמים,150.00,100 גרם,false,,16.90,11.2667,true,1,160530
8008698008157,false,שר עוגיות שוקולד במילוי קרם שמנת ללא גלוטן 100 גר',ל.י.ב. (לחיות יותר בטבע) בעמ,,שר עוגיות דאבל מילוי,גרמים,100.00,100 גרם,false,,12.90,12.9000,true,1,146073
8008698012857,false,ביסקויט פתי בר בטעם חמאה 165 גרם ללא גלוטן petit,ל.י.ב. (לחיות יותר בטבע) בעמ,,דר שר עוגיות פתי בר,גרמים,165.00,100 גרם,false,,18.90,11.4545,true,1,146078
8008698013021,false,עוגיות שוקולד צ`יפס פריכות ללא גלוטן 1,דר שר פוסטל,,דר שר עוגיות שוקולד,גרמים,100.00,100 גרם,false,,13.90,13.9000,true,1,146079
8009915000039,false,פסטה קפליני ללא גלוטן 250 גר (12) (3),לה וואניציאני La Venezian,,לה ונציאנה פסטה מקמח,Unknown,0.00,יחידה,false,,15.90,0.0000,true,1,146421
8009915000701,false,פסטה תירס ריגוטיני ללא גלוטן,לה וואניציאני La Venezian,,פסטה ריגטוני ללא גלו,גרמים,250.00,100 גרם,false,,15.90,6.3600,true,1,146423
8009915008905,false,מיני גריסיני ל.גלוטן עם שמן זית 250 גרם,מולינו דה פירו,,מיני גריסיני ללא גלו,גרמים,250.00,100 גרם,false,,19.90,7.9600,true,1,146432
8009915008950,false,מיני גריסיני ל.גלוטן עם רוזמרין 250 גרם,מולינו דה פירו,,מיני גריסיני ללא גלו,גרמים,250.00,100 גרם,false,,19.90,7.9600,true,1,146434
8013108003530,false,בונבוניירה קרמיני 165 גר CAFFAREL,CAFFAREL,,בונ' קורנט קרמיני 16,גרמים,165.00,100 גרם,false,,29.90,18.1212,true,1,174756
8013399145278,false,דיאטורל סוכריות סטיביה ליקוריץ רך 70 גרם,גורי מוצרי צריכה בעמ,,דיטורל סוכריות ליקור,Unknown,0.00,יחידה,false,,9.90,0.0000,true,1,116182
8013399145315,false,סוכריות סטיביה דיטרול תות 70 גרם,קלואטה איטליה,,דיטורל סוכריות תות ש,Unknown,0.00,יחידה,false,,9.90,0.0000,true,1,116184
8014595000750,false,מטאטא מירלה,,,מטאטא מירלה,Unknown,0.00,יחידה,false,,10.00,0.0000,true,1,173557
8015361255886,false,קישוט לתלייה כובע סנ,,,קישוט לתלייה כובע סנ,Unknown,0.00,יחידה,false,,14.90,0.0000,true,1,188726
8015361328924,false,שטיח חצי עיגול עם דו,,,שטיח חצי עיגול עם דו,Unknown,0.00,יחידה,false,,99.90,0.0000,true,1,188745
8015789000013,false,מיכל נירוסטה 75 ליטר,,,מיכל נירוסטה 75 ליטר,Unknown,0.00,יחידה,false,,799.90,0.0000,true,1,200863
8015789000020,false,מיכל נירוסטה 100 ליט,,,מיכל נירוסטה 100 ליט,Unknown,0.00,יחידה,false,,849.90,0.0000,true,1,200864
8015789000211,false,מיכל נירוסטה 5 ל' לאחסון שמן זית פרימיום + מעמד נירוסטה,,,מיכל נירוסטה 5 ליטר,Unknown,0.00,יחידה,false,,329.90,0.0000,true,1,200867
8015789000273,false,מיכל נירוסטה 3 ל' לאחסון שמן זית פרימיום + מעמד נירוסטה,,,מיכל נירוסטה 3 ליטר,Unknown,0.00,יחידה,false,,289.90,0.0000,true,1,200869
8015789000303,false,מיכל נירוסטה 30 ליטר פרימיום + ברז,,,מיכל נירוסטה 30 ליטר,Unknown,0.00,יחידה,false,,549.90,0.0000,true,1,200870
8015789651659,false,מעמד נירוסטה למיכל 3,,,מעמד נירוסטה למיכל 3,Unknown,0.00,יחידה,false,,219.90,0.0000,true,1,200874
8015789651710,false,מעמד נירוסטה למיכל 7,,,מעמד נירוסטה למיכל 7,Unknown,0.00,יחידה,false,,249.90,0.0000,true,1,200876
8015789651819,false,מעמד נירוסטה למיכל 5,,,מעמד נירוסטה למיכל 5,Unknown,0.00,יחידה,false,,219.90,0.0000,true,1,200877
8015789757573,false,מיכל נירוסטה 75 ל' לאחסון שמן זית + ברז,,,מיכל נירוסטה 75 ליטר,Unknown,0.00,יחידה,false,,549.90,0.0000,true,1,201670
8015997000911,false,מאריני- בישקוטים פריכים 200 גרם,Biscottificio Verona,,מאריני בישקוטים פריכ,גרמים,200.00,100 גרם,false,,6.90,3.4500,true,1,131204
8017938005122,false,"נטורפוד חומץ תפוחים אורגני 750 מ""ל",מריה לוצ'יה מלצ'יורי,,ביוטרנטינו חומץ תפוח,Unknown,0.00,יחידה,false,,21.90,0.0000,true,1,153637
8019006014524,false,מעמד ברזל צבוע בתנור למיכל 75 או 100 ליטר,,,מעמד ברזל צבוע בתנור,Unknown,0.00,יחידה,false,,149.90,0.0000,true,1,200879
8019428000105,false,משקה שיבולת שועל אורגני 1 ליטר,the bridge,,משקה שיבולת שועל 1לי,Unknown,0.00,יחידה,false,,13.90,0.0000,true,1,177457
8019428007173,false,משקה אורז אורגני בתוספת קוקוס 1 ליטר,,,משקה אורז אורגני - ק,Unknown,0.00,יחידה,false,,14.90,0.0000,true,1,177460
8021735745563,false,כבל סנכרון וטעינה למ,,,כבל סנכרון וטעינה למ,Unknown,0.00,יחידה,false,,59.00,0.0000,true,1,199406
8022470213393,false,דרגיה שקד מריר 500 גר PRISCO MAX,ITALIANA CONFETTI-PR,,דרג'ה שקד מריר 500 ג,גרמים,500.00,100 גרם,false,,39.90,7.9800,true,1,125502
8022470213423,false,דרגיה לוז מריר 500 גר PRISCO MAX,ITALIANA CONFETTI-PR,,דרג'ה לוז מריר 500 ג,גרמים,500.00,100 גרם,false,,39.90,7.9800,true,1,174758
8022470226379,false,דרגיה קשיו מריר 500 גר PRISCO MAX,ITALIANA CONFETTI-PR,,דרג'ה קשיו מריר 500,גרמים,500.00,100 גרם,false,,39.90,7.9800,true,1,125529
8022470226478,false,דרזה מקסטרים קליפת ת,ITALIANA CONFETTI-PR,,דרג'ה קליפות תפוז לב,גרמים,500.00,100 גרם,false,,35.90,7.1800,true,1,174762
8022470242980,false,PAISCO דרג'ה שומשום,,,PAISCO דרג'ה שומשום,גרמים,500.00,100 גרם,false,,34.90,6.9800,true,1,125568
8022470253559,false,MAX פארטי עדשים עם בוטנים 250 ג PRISCO,ITALIANA CONFETTI,,פארטי עדשים עם בוטני,גרמים,250.00,100 גרם,false,,14.90,5.9600,true,1,174768
8023492000091,false,סטיק שוקולד גינדויה חלב עם אגוז 150 DG 3,די.גי 3 דולצאריה ס.ר,,ג'יאנדויה חלב עם אגו,גרמים,150.00,100 גרם,false,,15.90,10.6000,true,1,174774
8023492000237,false,סטיק נוגט טורונה שקד,די.גי 3 דולצאריה ס.ר,,סטיק נוגט טורונה שקד,גרמים,150.00,100 גרם,false,,15.90,10.6000,true,1,174775
8023492000336,false,סטיק שוקולד מריר עם אגוזים 150 גר DG 3,די.גי 3 דולצאריה ס.ר,,סטיק שוקולד מריר עם,גרמים,150.00,100 גרם,false,,15.90,10.6000,true,1,174776
8023492000695,false,סטיק שוקולד מריר אגוזים וקפה 150 גר DG 3,Dg3 dolciaria,,סטיק שוקולד ג'נדויה,גרמים,150.00,100 גרם,false,,15.90,10.6000,true,1,174778
8023492003665,false,סטיק שוקולד גנדויה ע,Dg3 dolciaria,,ג'אנדויה חלב עם אגוז,גרמים,150.00,100 גרם,false,,15.90,10.6000,true,1,174779
8024985000062,false,מחית תפוח אורגני 100% פרי 200 גר נטורה,"נטורפוד בע""מ",,נטורה נובה מחית תפוח,Unknown,0.00,יחידה,false,,11.90,0.0000,true,1,153640
8024985000079,false,מחית תפוח משמש 100% פרי 200 ג נטורה נובה,נטורפוד בעמ,,נטורה נובה מחית תפוח,Unknown,0.00,יחידה,false,,11.90,0.0000,true,1,153641
8024985000086,false,נטורה נובה מחית תפוח בננה אורגנית 100% פרי 200 גרם,"נטורפוד בע""מ",,נטורה נובה מחית תפוח,Unknown,0.00,יחידה,false,,11.90,0.0000,true,1,153642
8024985000093,false,מחית תפוח שזיף 100% פרי 200 ג נטורה נובה,"נטורפוד בע""מ",,נטורה נובה מחית תפוח,Unknown,0.00,יחידה,false,,11.90,0.0000,true,1,153643
8024985000109,false,נטורה נובה מחית אגס אורגנית 100% פרי 200 גרם,נטורפוד בעמ,,נטורה נובה מחית תפוח,Unknown,0.00,יחידה,false,,11.90,0.0000,true,1,153644
8024985000116,false,מחית תפוח אוכמ 100% פרי 200 ג נטורה נובה,"נטורפוד בע""מ",,נטורה נובה מחית תפוח,Unknown,0.00,יחידה,false,,11.90,0.0000,true,1,153645
8024985002783,false,מחית פירות סמוצ`י תפוח גזר דלעת ללא תוספ,נטורפוד בעמ,,נטורה נובה סמוזי גזר,גרמים,100.00,100 גרם,false,,6.90,6.9000,true,1,153646
8024985002912,false,מחית סמוצ`י תפוח אגס בטטה אורגנית נטורה,נטורפוד בעמ,,נטורה נובה סמוזי תפו,גרמים,100.00,100 גרם,false,,6.90,6.9000,true,1,153647
8024985003988,false,מחית פירות סמוצ`י תפוחים ובננה אורגנית ל,נטורפוד בעמ,,נטורה נובה סמוזי תפו,Unknown,0.00,יחידה,false,,6.90,0.0000,true,1,153650
8024985004282,false,סמוזי אגס רביעיה 400 גר נטורה נובה,נטורה נובה,,נטורה נובה סמוזי אגס,Unknown,0.00,יחידה,false,,23.90,0.0000,true,1,153651
8024985004299,false,סמוזי מעורב תפוח/פירות רביעיה 400 גר,נטורפוד בעמ,,נטורה נובה סמוזי מעו,Unknown,0.00,יחידה,false,,23.90,0.0000,true,1,153652
8024985004305,false,נטורה נובה סמוזי תפוח רביעייה 100 גרם,נטורה נובה,,נטורה נובה סמוזי תפו,Unknown,0.00,יחידה,false,,23.90,0.0000,true,1,153653
8024985006309,false,נטורה נובה סמוזי מנגו רביעייה 100 גרם,נטורפוד בעמ,,נטורה נובה סמוזי מנג,גרמים,400.00,100 גרם,false,,23.90,5.9750,true,1,153658
8024985008037,false,מחית פירות סמוצ`י תפוח אורגנית ללא תוספת,"נטורפוד בע""מ",,נטורה נובה סמוזי תפו,Unknown,0.00,יחידה,false,,6.90,0.0000,true,1,153659
8024985008044,false,מחית פירות סמוצ`י אגס אורגנית ללתס נטור,"נטורפוד בע""מ",,נטורה נובה סמוזי אגס,Unknown,0.00,יחידה,false,,6.90,0.0000,true,1,153660
8025358603149,false,בוזק אבקת סוכר N473,,,בוזק אבקת סוכר N473,Unknown,0.00,יחידה,false,,12.90,0.0000,true,1,172980
8025358608588,false,תבנית קפיץ מלבנית 31,,,תבנית קפיץ מלבנית 31,Unknown,0.00,יחידה,false,,49.90,0.0000,true,1,170835
8025358613759,false,צנצנת רונדו 0.85 ל',,,צנצנת רונדו 0.85 ל',Unknown,0.00,יחידה,false,,9.90,0.0000,true,1,162063
8032685196800,false,עגבניות אורגניות מרוסקות 720 גרם SOLANIA,נטורפוד בעמ,,סולאניה עגבניות אורג,Unknown,0.00,יחידה,false,,14.90,0.0000,true,1,153665
8032793344292,false,עגבניות מרוסקות דק בקבוק 700 גר` פולפה,קונסוריזיו קאסאלסקו דל פ,,עג.דק בקבוק 700,גרמים,700.00,100 גרם,false,,12.90,1.8429,true,1,173104
8032793344520,false,תרכיז עגבניות רסק עגבניות מרוכז מאוד,גורי מוצרי צריכה (1991) בעמ,,ר.עגבניות מרוכז,Unknown,0.00,יחידה,false,,9.90,0.0000,true,1,173105
8032804430440,false,אטריות כוסמת אורגניות ללא גלוטן,אף.סי תבליני בגליל ב,,פליסיה קופסא ספגטי כ,Unknown,0.00,יחידה,false,,20.90,0.0000,true,1,113899
8032804431287,false,ספגטי אורז מלא אורגני 400 גרם פליסיה,פליסיה Felicia Bio,,פליסיה קופסא ספגטי א,Unknown,0.00,יחידה,false,,16.90,0.0000,true,1,153673
8032804432000,false,פליסיה קופסא - פנה כוסמת אורגני 340 גרם,מולינו אנדריאני,,פליסיה קופסא פנה כוס,Unknown,0.00,יחידה,false,,17.90,0.0000,true,1,153675
8032880800243,false,פיקניק הפתעה - אגוזי לוז ומקלות אפויים,"הוסטה איטליה, ס.ר.ל.",,פיקניק הפתעה 50 גרם,Unknown,0.00,יחידה,false,,7.10,0.0000,true,1,121335
8048792765624,false,אורז בסמטי וואיט גול,,,אורז בסמטי וואיט גול,פריט,5.00,"ק""ג",false,,49.90,9.9800,true,1,190031
8052440756216,false,שמן חמניות אורגני כבישה קרה 1 ליטר,תות תעשיות מזון (201,,שמן חמניות אורגני נ,Unknown,0.00,יחידה,false,,39.90,0.0000,true,1,153683
8076800195019,false,ברילה - צ.א ספגטי מס1 קפליני 500 גרם,ברילה גי.אי.אר פרטלי ס.פ,,ברילה ספגטי קפליני מ,גרמים,500.00,100 גרם,false,,6.90,1.3800,true,1,128469
8076800195033,false,ברילה - צ.א ספגטיני מס3 חדש 500 גרם,ברילה גי.אי.אר פרטלי ס.פ,,ברילה ספגטי מס' 3 50,גרמים,500.00,100 גרם,false,,6.90,1.3800,true,1,128470
8076800195057,false,ברילה - צ.א ספגטי מס5 חדש 500 גרם,ברילה גי.אי.אר פרטלי ס.פ,,ברילה ספגטיני מס 5 5,גרמים,500.00,100 גרם,false,,6.90,1.3800,true,1,128471
8076800195132,false,ברילה - צ.א בבטה מס13 500 גרם,ברילה גי.אי.אר פרטלי ס.פ,,ברילה ספגטי בבטה מס,גרמים,500.00,100 גרם,false,,6.90,1.3800,true,1,128472
8076800315097,false,פסטה מקרוני בוקטיני מספר 9 ברילה 500 גרם,ברילה גי.אי.אר פרטלי ס.פ,,ברילה ספגטי בוקטיני,גרמים,500.00,100 גרם,false,,6.90,1.3800,true,1,128473
8076802085738,false,ברילה צ.ק פנה רגטה מס' 73 500 גרם,ברילה גי.אי.אר פרטלי ס.פ,,ברילה פנה רגטה מס 73,גרמים,500.00,100 גרם,false,,6.90,1.3800,true,1,128476
8076802085837,false,ברילה - צ.ק טורטליוני מס83 500 גרם,הנסיך- מפעל לייצור ט,,ברילה פסטה טורטיליונ,גרמים,500.00,100 גרם,false,,6.90,1.3800,true,1,128477
8076802085936,false,ברילה פסטה צ.ק. קונצילה ריגטה חדש,ברילה גי.אי.אר פרטלי ס.פ,,ברילה פסטה קונצילה ר,גרמים,500.00,100 גרם,false,,6.90,1.3800,true,1,172691
8076802085981,false,ברילה - צ.ק פוזילי חדש 500 גרם,ברילה גי.אי.אר פרטלי ס.פ,,ברילה פסטה פוזילי 50,גרמים,500.00,100 גרם,false,,6.90,1.3800,true,1,128479
8076808050440,false,פסטה מקרוני מספר 44 ברילה 500 גרם,ש. שסטוביץ בע`מ,,ברילה פסטה מקרוני מס,גרמים,500.00,100 גרם,false,,6.90,1.3800,true,1,128480
8076808060654,false,פסטה פרפלה מספר 65 ברילה 500 גרם,ברילה גי.אי.אר פרטלי ס.פ,,ברילה פסטה פרפלה 65,גרמים,500.00,100 גרם,false,,6.90,1.3800,true,1,128481
8076809513388,false,ברילה רוטב אראביאטה צילי לפסטה 400 ג,ברילה גי.אי.אר פרטלי ס.פ,,ברילה רוטב ארביאטה 4,גרמים,400.00,100 גרם,false,,14.90,3.7250,true,1,128485
8076809513395,false,ברילה פומודורו רוטב עגבניות קלאסי 400 גר,ברילה גי.אי.אר פרטלי ס.פ,,ברילה רוטב פורמודרו,גרמים,400.00,100 גרם,false,,14.90,3.7250,true,1,128486
8076809513654,false,בסיס רוטב עגבניות לבולונז ברילה 400 גרם,ברילה גי.אי.אר פרטלי ס.פ,,בסיס רוטב עגבניות לב,גרמים,400.00,100 גרם,false,,14.90,3.7250,true,1,128488
8076809513692,false,רוטב עגבניות נפולטנה בתוספת ירקות,ברילה גי.אי.אר פרטלי ס.פ,,ברילה רוטב נפוליטנה,גרמים,400.00,100 גרם,false,,14.90,3.7250,true,1,128489
8076809513739,false,ברילה רוטב עגבניות עם בזיליקום 400 גרם,ברילה גי.אי.אר פרטלי ס.פ,,רוטב פסטה ברילה בזיל,גרמים,400.00,100 גרם,false,,14.90,3.7250,true,1,128491
8076809514774,false,ברילה פפרדלה איטריות ביצים 250 גרם,ברילה גי.אי.אר פרטלי ס.פ,,ברילה פפרדלה ביצים 2,גרמים,250.00,100 גרם,false,,18.90,7.5600,true,1,128493
8076809515399,false,ברילה אמיליאנה טליאטלה 500 גר`ברילה,ברילה גי.אי.אר פרטלי ס.פ,,ברילה אמיליאנה טליאט,גרמים,500.00,100 גרם,false,,14.90,2.9800,true,1,159333
8076809523738,false,דפי לזניה ברילה 500 גרם,ברילה גי.אי.אר פרטלי ס.פ,,ברילה לזניה 500 ג,גרמים,500.00,100 גרם,false,,24.90,4.9800,true,1,128498
8076809545440,false,ספגטי מספר 5 ללא גלוטן ברילה (400 גרם),ברילה ג'.אי.אר פרטלי,,ברילה אטריות ללא גלו,גרמים,400.00,100 גרם,false,,15.90,3.9750,true,1,175114
8076809545464,false,ברילה פסטה ללא גלוטן צורת ספירלי 400 גר,מולינו אנדריאני אס.א,,ברילה ספירלי עב קמח,גרמים,400.00,100 גרם,false,,15.90,3.9750,true,1,128506
8076809547956,false,פסטה ברילה קיפרי 500 גרם,ברילה ג'.אי.אר פרטלי,,ברילה קיפרי 500 גרם,גרמים,500.00,100 גרם,false,,6.90,1.3800,true,1,159330
8076809580496,false,פסטה פפירי 450 ג' ברילה,"ש.שסטוביץ בע""\מ",,ברילה צ.מ פפירי 450,גרמים,450.00,100 גרם,false,,15.90,3.5333,true,1,189149
8121300207004,false,טרוביה - סטיביה ממתיק בצנצנת 270 גרם,קספרס פאקאגעהג,,טרוביה סטיביה ממתיק,גרמים,270.00,100 גרם,false,,34.90,12.9259,true,1,133425
8121300207172,false,טרוביה- סטיביה תערובת סוכר קנים 500 גרם,קספרס פאקאגעהג,,טרוביה סטיביה תערובת,גרמים,500.00,100 גרם,false,,34.90,6.9800,true,1,133426
8121300208780,false,טרוביה תחליף סוכר לכל מטרה 360 גרם,גורי ע.ע.ע. בעמ,,טרוביה תחליף סוכר לכ,גרמים,360.00,100 גרם,false,,34.90,9.6944,true,1,199500
8235731180307,false,קומקום חשמלי מעוצב נ,,,קומקום חשמלי מעוצב נ,Unknown,0.00,יחידה,false,,99.90,0.0000,true,1,164429
8272383376061,false,BT-6061 בלנדר מוט אי,,,BT-6061 בלנדר מוט אי,Unknown,0.00,יחידה,false,,99.90,0.0000,true,1,179505
8356919000016,false,טרמוס1 ליטר,,,טרמוס1 ליטר,Unknown,0.00,יחידה,false,,99.90,0.0000,true,1,201172
8356919000019,false,טרמוס 1 ליטר,,,טרמוס 1 ליטר,Unknown,0.00,יחידה,false,,79.90,0.0000,true,1,201173
8356919000030,false,טרמוס 2 ליטר,,,טרמוס 2 ליטר,Unknown,0.00,יחידה,false,,79.90,0.0000,true,1,201174
8410076600622,false,חטיפי גרנולה קראנצ'י עם שוקולד מריר נייצ'ר ואלי 210 גרם,ג'נרל מילס סאן אדריאן,,קראנצי חטיף שבבי שוק,גרמים,210.00,100 גרם,false,,18.90,9.0000,true,1,121339
8410076610379,false,"חטיף בוטנים, חלבון סויה ושוקולד מריר עם ציפוי בטעם שוקולד",סריילטו ספיין פודס,,נייטשר וואלי פרוטאין,גרמים,160.00,100 גרם,false,,24.90,15.5625,true,1,121342
8410076610386,false,נייטשר ואלי פרוטאין בוטנים עם ציפוי בטעם קרמל מלוח 160 ג',ג'\נרל מילס סאן אדריאן S,,נייטשר וואלי פרוטאין,Unknown,0.00,יחידה,false,,24.90,0.0000,true,1,121343
8410076610492,false,חטיף שיבולת שועל מלאה ובוטנים בציפוי עם חמאת בוטנים,יבואן ומשווק: ש. שסט,,נייטשר ואלי חטיף בוט,גרמים,150.00,100 גרם,false,,18.90,12.6000,true,1,121344
8410076610508,false,"חטיף שיבולת שועל מלאה עם בוטנים, שקדים ושוקולד מריר בציפוי בטעם שוקולד",נייצ'ר ואלי Nature Valley,,נייטשר ואלי חטיף סשו,גרמים,150.00,100 גרם,false,,18.90,12.6000,true,1,121345
8410076621009,false,עוגות אישיות בטעם קרמל עם חתיכות בטעם קרמל מלוח,ליימן שליסל בע`מ,,פייבר וואן טעם קרמל,Unknown,5.00,יחידה,false,,15.90,3.1800,true,1,170224
8410076621047,false,עוגות אישיות בטעם שוקולד עם חתיכות בטעם שוקולד,ליימן שליסל בע`מ,,פייבר וואן בראוניז ט,Unknown,0.00,יחידה,false,,15.90,0.0000,true,1,170225
8410085042277,false,תירמה זירו 14 יח',,,תירמה זירו,Unknown,0.00,יחידה,false,,22.90,0.0000,true,1,186554
8410085219891,false,שוקולד מיני שקיות 85% מריר-210 ג',,,שוקולד מיני שקיות 21,גרמים,210.00,100 גרם,false,,19.90,9.4762,true,1,170470
8410085219983,false,שוקולד מיני 210ג' מריר,,,שוקולד מיני שקיות 21,Unknown,0.00,יחידה,false,,15.90,0.0000,true,1,134854
8410085230643,false,שוקולד מיני שקיות חלב 50% קקאו -210 ג',,,שוקולד מיני שקיות 21,גרמים,210.00,100 גרם,false,,15.90,7.5714,true,1,170471
8410085422406,false,תירמה אגוזים 35 יח',,,"חטיפי תירמה 35 יח""",Unknown,35.00,יחידה,false,,34.90,0.9971,true,1,134857
8410085427371,false,וופל מצופה מיני בטעם אגוזים 13.5 ג' *40 יח',,,וופל מצופה מיני בטעם,גרמים,540.00,100 גרם,false,,22.90,4.2407,true,1,134861
8410104039134,false,"מנקה ומחדש מדיח כלים פיניש 250 מ""ל",רקיט בנקיזר (ניר איסט) בעמ,,פיניש מנקה ומחדש מדי,מיליליטרים,250.00,"100 מ""ל",false,,14.90,5.9600,true,1,111514
8410104044916,false,אבקה למדיח כלים פיניש (2.7 קג),רקיט בנקיזר (ניר איסט) בעמ,,פיניש 2.7 קג רגיל,פריט,2.70,"ק""ג",false,,44.90,16.6296,true,1,134191
8410104045111,false,"פיניש מלח למדיח כלים 2ק""ג",רקיט בנקיזר (ניר איסט) בעמ,,"פיניש מלח למדיח 2 ק""",פריט,2.00,"ק""ג",false,,14.90,7.4500,true,1,159272
8410104437268,false,מפיג ריח רגיל למדיח פיניש 1 יחידה,רקיט בנקיזר (ניר איסט) בעמ,,פיניש דאו ציטרופרש מ,Unknown,0.00,יחידה,false,,14.90,0.0000,true,1,134193
8410104511340,false,ויט רצועות שעווה מוכנות לעור יבש 12 יחידות,רקיט בנקיזר (ניר איסט) בעמ,,רצועות שעווה לעור יב,Unknown,14.00,יחידה,false,,24.90,1.7786,true,1,111515
8410109055795,false,ואלור טבלאות שוקולד,,,ואלור טבלאות שוקולד,Unknown,0.00,יחידה,false,,15.90,0.0000,true,1,174783
8410109056532,false,ואלור טב שוק מריר במילוי טראפלס 100 ג,LAVDAS,,ואלור טבלאות שוקולד,Unknown,0.00,יחידה,false,,15.90,0.0000,true,1,174785
8410109109832,false,ואלור טבלאות שוקולד,LAVDAS,,ואלור טבלאות שוקולד,Unknown,0.00,יחידה,false,,15.90,0.0000,true,1,174788
8410109115628,false,ואלור מארז מיני שוקו,,,ואלור מארז מיני שוקו,גרמים,144.00,100 גרם,false,,29.90,20.7639,true,1,174789
8410184010108,false,אורז לה סיגלה עגול 1,בני ג'ורג' שוקחה חיפ,,"לה סיגלה אורז 1 ק""ג",פריט,1.00,"ק""ג",false,,9.90,9.9000,true,1,142889
8410184010504,false,"לה סיגלה אורז 5 ק""ג",,,"לה סיגלה אורז 5 ק""ג",פריט,5.00,"ק""ג",false,,39.90,7.9800,true,1,142890
8410342003508,false,"טוראס- ממרח שוקולד ללת""ס 200 גרם",,,טוראס ממרח שוקולד וא,גרמים,200.00,100 גרם,false,,22.90,11.4500,true,1,163844
8410342004796,false,שוקולד מריר 85% ללא סוכר טוראס 100ג',צ'יקולטס טוארס,,טוראס-שוקולד מריר 85,Unknown,0.00,יחידה,false,,15.90,0.0000,true,1,156279
8410376009408,false,גולון-דורדה ביסקוויט זהב ללא סוכר 330 גר'1/15,GULLON,,גולון דורדה ביסקוויט,גרמים,330.00,100 גרם,false,,18.90,5.7273,true,1,131215
8410376010701,false,"ביסקוויט ללת""ס גולון גלטה מריה 400 גר",תות תעשיות מזון (201,,גולון ביסקוויט מרי ל,גרמים,400.00,100 גרם,false,,22.90,5.7250,true,1,131217
8410376023831,false,גולון-ביסקוויט ח.מלאה 400 גר' ללא סוכר 1/15,גולון,,גולן ביסקוויט מחיטה,גרמים,400.00,100 גרם,false,,18.40,4.6000,true,1,131220
8410376024326,false,גולון עוגיות מחיטה מלאה בציפוי שוקולד,,,גולון עוגיות מחיטה מ,גרמים,300.00,100 גרם,false,,22.90,7.6333,true,1,131221
8410376029079,false,גולון רונדיטוס ביסקויט ללא תוספת סוכר 186 גר,GULLON,,רונדיטוס ביסקוויט,Unknown,0.00,יחידה,false,,21.90,0.0000,true,1,131223
8410376033267,false,גולון ביסקוויט דגנים ללא סוכר 410 ג',GULLON,,ביסקוויט דגנים ללא ס,גרמים,410.00,100 גרם,false,,15.90,3.8780,true,1,172699
8410376037784,false,גולון ביסקויט סנדויץ שוקו ללא סוכר 250ג,תות תעשיות מזון (201,,גולון סנדוויץ שוקולד,גרמים,250.00,100 גרם,false,,13.90,5.5600,true,1,131226
8410376037883,false,גוליאן עוגיות שוקו צפס ללא גלוטן 130 ג ו,תות תעשיות מזון (201,,גולון עוגיות שוקו צפ,גרמים,130.00,100 גרם,false,,13.90,10.6923,true,1,131227
8410376044393,false,עוגיות סנדוויץ וניל ללא תוספת סוכר 210,גולון,,או 2 ללא תוספת סוכר,גרמים,210.00,100 גרם,false,,18.90,9.0000,true,1,175374
8410376044959,false,גולון דיבוס שרקיז ללא גלוטן ולקטוז 250גר,דן נקסט,,גולון דיבוס בסקוויט,גרמים,250.00,100 גרם,false,,19.90,7.9600,true,1,131228
8410376047509,false,גולון ביסקויט ללא תוספת סוכר 400 גרם,גלטס גולון,,ביסקויט פתי בר ללא ת,גרמים,400.00,100 גרם,false,,14.90,3.7250,true,1,175375
8410376057270,false,גולון-ביסקוויט ללא סוכר עם ש.מריר 150 גר' 1/12,גולון,,ביסקויט ללא תוספת סו,גרמים,150.00,100 גרם,false,,17.90,11.9333,true,1,175376
8410376059380,false,גולון וופל וניל ללא תוספת סוכר 180 גרם,GULLON,,וופל וניל ללא תוספת,גרמים,180.00,100 גרם,false,,14.90,8.2778,true,1,175377
8410376059397,false,גולון וופל שוקולד ללא תוספת סוכר 180 גרם,GULLON,,וופל שוקולד ללא תוספ,גרמים,180.00,100 גרם,false,,14.90,8.2778,true,1,175378
8410628460612,false,טונה ספרדית בשמן זית ולימון 190 גרם,קונסורסיו ספרד,,טונה ספרדית שמן זית,גרמים,190.00,100 גרם,false,,29.90,15.7368,true,1,130062
8410793263834,false,שישיית אסטרייה דאם דאורה ללא גלוטן 6*330,"סי סי דאם, אס.אל, בר",,שישיית בירה אסטרייה,מיליליטרים,330.00,"100 מ""ל",false,,69.90,21.1818,true,1,112208
8412497601615,false,בקבוק פלסטיק 370 מל דופן כפולה עם נצנצים - מיני,,,בקבוק פלסטיק דופן כפ,Unknown,0.00,יחידה,false,,39.90,0.0000,true,1,185102
8413295300205,false,טורמוס ואקום 350 גרם,,,טורמוס ואקום 350 גרם,גרמים,350.00,100 גרם,false,,10.00,2.8571,true,1,141938
8413295800514,false,טורמוס צנצנת 600 גרם,,,טורמוס צנצנת 600 גרם,גרמים,600.00,100 גרם,false,,14.90,2.4833,true,1,141940
8420822130600,false,"ספריי סופר מסיר שומנים 750מ""ל יעקבי","יעקב יעקבי ובניו בע""מ",,KH-7 סופר מסיר שומני,מיליליטרים,750.00,"100 מ""ל",false,,17.90,2.3867,true,1,189384
8421002014406,false,סכין שולחן / מריחה 1,,,סכין שולחן / מריחה 1,Unknown,0.00,יחידה,false,,14.90,0.0000,true,1,199255
8421002282140,false,"סכין לחם 20ס""מ ידית",,,"סכין לחם 20ס""מ ידית",Unknown,0.00,יחידה,false,,99.90,0.0000,true,1,179738
8421002373626,false,סכין שולחן / מריחה 1,,,סכין שולחן / מריחה 1,Unknown,0.00,יחידה,false,,14.90,0.0000,true,1,185991
8421002373640,false,סכין שולחן / מריחה 1,,,סכין שולחן / מריחה 1,Unknown,0.00,יחידה,false,,14.90,0.0000,true,1,185989
8421002373688,false,סכין שולחן / מריחה 1,,,סכין שולחן / מריחה 1,Unknown,0.00,יחידה,false,,14.90,0.0000,true,1,199257
8423207206488,false,סלים דליס חטיף דגנים מצופה שוקולד חלב מרבה 6*20 גרם,אף.סי תבליני בגליל ב,,סלים דליס חטיף דגנים,גרמים,120.00,100 גרם,false,,10.90,9.0833,true,1,128520
8423207206495,false,סלים דליס חטיף דגנים מצופה שוקולד מריר מרבה 6*20 גרם,אף.סי תבליני בגליל ב,,סלים דליס חטיף דגנים,גרמים,120.00,100 גרם,false,,10.90,9.0833,true,1,128521
8423207206501,false,סלים דליס חטיף דגנים עם שוקולד חלב מרבה 6*13 גרם,סלים דליס Slim Delis,,סלים דליס חטיף דגנים,Unknown,0.00,יחידה,false,,10.90,0.0000,true,1,128522
8423207207362,false,חטיפי סלים דליס שוקולד לבן מרבה 6 יחידות,ביסנצ'ורי אס.אל.יו,,סלים דליס חטיף דגנים,גרמים,120.00,100 גרם,false,,10.90,9.0833,true,1,128523
8423207208260,false,מרבה סלים דליס 125 ג' ללא גלוטן שוקולד חלב,ביסנצ'ורי אס.אל.יו,,סלים דליס ללא גלוטן,Unknown,0.00,יחידה,false,,10.90,0.0000,true,1,128524
8423207208680,false,חטיף דגנים שוקולד סלים דליס לילדים מרבה 6 יחידות,ביסנצ'ורי אס.אל.יו,,סלים דליס קידס בציפו,גרמים,120.00,100 גרם,false,,10.90,9.0833,true,1,128525
8423207208697,false,חטיפי סלים דליס לילדים שוקולד לבן מרבה 6 יחידות,ביסנצ'ורי אס.אל.יו,,סלים דליס קידס עוגיו,גרמים,120.00,100 גרם,false,,10.90,9.0833,true,1,128526
8423207208703,false,חטיפי סלים דליס שוקולד מריר מרבה 6 יחידות,ביסנצ'ורי אס.אל.יו,,סלים דליס אקסטרא חט.,גרמים,120.00,100 גרם,false,,10.90,9.0833,true,1,128527
8423207208871,false,פריכיות תירס בטעם טבעי סלים דליס 130 גרם,גורי מוצרי צריכה (1991) בעמ,,פרכיות תירס בטעם טבע,Unknown,0.00,יחידה,false,,9.90,0.0000,true,1,116187
8423207208888,false,פריכיות תירס בטעם עגבניות ועשבי תיבול סלים דליס 123 ג',גורי מוצרי צריכה (1991) בעמ,,פרכיות תירס בטעם עגב,Unknown,0.00,יחידה,false,,9.90,0.0000,true,1,116188
8423207208895,false,פריכיות תירס בטעם זיתים ועירית סלים דליס 123 ג',גורי מוצרי צריכה (1991) בעמ,,פרכיות תירס בטעם זית,Unknown,0.00,יחידה,false,,9.90,0.0000,true,1,116189
8423207209885,false,מרבה חטיפי סלים דליס מהדורה מיוחדת שוקולד חלב,סלים דליס Slim Delis,,מרבה סלים דליס מהדור,גרמים,120.00,100 גרם,false,,10.90,9.0833,true,1,128531
8423207210287,false,מרבה סלים דליס שוקולד לבן בטעם יוגורט 120 ג',סלים דליס Slim Delis,,מרבה סלים דליס שוקול,גרמים,120.00,100 גרם,false,,10.90,9.0833,true,1,128532
8423207210928,false,חטיף דגנים מצופה שוקולד חלב ואגוזי לוז - 5 במארז,נוטרישן אנד סנטה קוב,,סלים דליס טופינג אגו,Unknown,0.00,יחידה,false,,9.90,0.0000,true,1,163908
8423207210942,false,חטיף דגנים מצופה שוקולד לבן ופירות יער,נוטרישן אנד סנטה קוב,,סלים דליס טופינג פיר,Unknown,0.00,יחידה,false,,9.90,0.0000,true,1,163909
8423207210966,false,חטיף רב דגנים מצופה שוקולד לבן קוקוס ולימון,נוטרישן אנד סנטה קוב,,סלים דליס טופינג קוק,Unknown,0.00,יחידה,false,,9.90,0.0000,true,1,163910
8424842050016,false,צ'יפס בטעם כמהין 125 גרם רביו,א. סיימן סחר בעמ,,צ'יפס בטעם כמהין 125,גרמים,125.00,100 גרם,false,,12.90,10.3200,true,1,183072
8424842050030,false,צ'יפס בטעם מלח הימלאי 125 גרם רביו,א. סיימן סחר בעמ,,צ'יפס עם מלח הימלאיה,גרמים,125.00,100 גרם,false,,12.90,10.3200,true,1,183067
8424842050085,false,צ'יפס בטעם חרדל ודבש 125 גרם רביו,א. סיימן סחר בעמ,,צ'יפס בטעם חרדל ודבש,גרמים,125.00,100 גרם,false,,12.90,10.3200,true,1,183068
8424842201340,false,צ'יפס בטעם מסורתי פרימיום 130 גרם רביו,א. סיימן סחר בעמ,,צ'יפס מסורתי פרימיום,גרמים,130.00,100 גרם,false,,12.90,9.9231,true,1,183070
8425206000081,false,ריבת חלב מרדל 450 גרם,גורי מוצרי צריכה (1991) בעמ,,מרדל ריבת חלב 450 גר,גרמים,450.00,100 גרם,false,,19.90,4.4222,true,1,116191
8427030007281,false,סימילאק גולד קומפורט 1 תרכובת מזון על בסיס חלב,שקד תבל בעמ-סימילק,,סימילאק קומפורט שלב,גרמים,820.00,100 גרם,false,,99.90,12.1829,true,1,167570
8428751003118,false,פפטיד- מסכה ללא שטיפ,,,פפטיד- מסכה ללא שטיפ,מיליליטרים,250.00,"100 מ""ל",false,,39.90,15.9600,true,1,190093
8435495805199,false,אבקת כביסה תינוקלין- 66 כביסות (3 קג),מולינו ניקולי s.p.a,,תינוקלין אבקת כביסה,פריט,3.00,"ק""ג",false,,39.70,13.2333,true,1,121362
8435495807605,false,תינוקלין מרכך כביסה היפואלרגני מרוכז 1 ליטר,מולינו ניקולי s.p.a,,תינוקלין מרכך כביסה,קילוגרמים,1.00,ליטר,false,,16.90,16.9000,true,1,121364
8435495807636,false,תינוקלין ג`ל כביסה בייבי סנסטיב היפואל,ליימן שליסל בע`מ,,תינוקלין גל כביסה 2,קילוגרמים,2.00,ליטר,false,,28.90,14.4500,true,1,111412
8436025305608,false,GARDEN OASIS מארז 8 פצצות אמבטיה,,,GARDEN OASIS מארז 8,Unknown,8.00,יחידה,false,,16.90,2.1125,true,1,192400
8437000906209,false,"עלי טורטיה קמח חיטה 20ס""מ 8יח' אזטקה 325ג'",Azteca foods europe,,מאסטרפוד טורטיה קמח,גרמים,325.00,100 גרם,false,,11.00,3.3846,true,1,130064
8445290427120,false,דגני פיטנס Fitness שוקולד מריר ובננה,קבוצת אוסם סחר שותפות מוגבלת,,פיטנס שוקולד מריר וב,גרמים,330.00,100 גרם,false,,19.90,6.0303,true,1,198488
8593419327582,false,קומקום תה עם מסננת,,,קומקום תה עם מסננת,Unknown,0.00,יחידה,false,,49.90,0.0000,true,1,187644
8606018615827,false,גלידת וניל עם שברי עוגיות אוראו 480 גרם,נגה גלידות שותפות מוגבלת,,גלידת וניל עם שברי ע,Unknown,0.00,יחידה,false,,15.90,0.0000,true,1,194113
8606018615841,false,גלידה וניל עם ליבת שוקולד חלב מעולה 480 גרם,נגה גלידות שותפות מוגבלת,,פיינט מילקה וניל ליב,Unknown,0.00,יחידה,false,,15.90,0.0000,true,1,194114
8606018615865,false,פיינט מילקה קרמל ליבת שוקולד 480 גרם,נגה גלידות שותפות מוגבלת,,פיינט מילקה קרמל ליב,Unknown,0.00,יחידה,false,,15.90,0.0000,true,1,194115
8606107628028,false,VODAVODA בקבוק מים 3,,,VODAVODA בקבוק מים 3,מיליליטרים,330.00,"100 מ""ל",false,,4.90,1.4848,true,1,160751
8621616095406,false,קולפן אנכי עם ידית,PENGUEN,,קולפן אנכי עם ידית,Unknown,0.00,יחידה,false,,14.90,0.0000,true,1,202380
8621616189976,false,קולפן עם ידית בצור,PENGUEN,,קולפן עם ידית בצור,Unknown,0.00,יחידה,false,,14.90,0.0000,true,1,202418
8625896314790,false,מגש אלמניום 32,,,מגש אלמניום 32,Unknown,0.00,יחידה,false,,10.00,0.0000,true,1,186389
8680202110824,false,שמרים לאפיה יבשים נמסים אינסטנט,נאמן לאורך זמן בעמ,,אירופאן שמרים יבשים,Unknown,0.00,יחידה,false,,4.50,0.0000,true,1,122065
8680381800202,false,מחבת 22 דגם סוגר קנד,OZEL ַELIK,,מחבת 22 דגם סוגר קנד,Unknown,0.00,יחידה,false,,39.90,0.0000,true,1,194373
8680518402019,false,צנצנת זכוכית 1.5 ליט,,,צנצנת זכוכית 1.5 ליט,Unknown,0.00,יחידה,false,,10.00,0.0000,true,1,201176
8680518402293,false,צנצנת זכוכית,,,צנצנת זכוכית,Unknown,0.00,יחידה,false,,14.90,0.0000,true,1,186402
8680518402309,false,צנצנת זכוכית,,,צנצנת זכוכית,Unknown,0.00,יחידה,false,,14.90,0.0000,true,1,186403
8680518405041,false,צנצנת זכוכית 660cc,,,צנצנת זכוכית 660cc,Unknown,0.00,יחידה,false,,8.90,0.0000,true,1,201178
8680518409841,false,צנצנת זכוכית,,,צנצנת זכוכית,Unknown,0.00,יחידה,false,,8.90,0.0000,true,1,186412
8680518416535,false,צנצנת שחור,,,צנצנת שחור,Unknown,0.00,יחידה,false,,11.90,0.0000,true,1,186424
8680534836355,false,"בקבוק שמן 1000 מ""ל M",,,"בקבוק שמן 1000 מ""ל M",Unknown,0.00,יחידה,false,,19.90,0.0000,true,1,194403
8681006003084,false,סט סכנים,,,סט סכנים,Unknown,0.00,יחידה,false,,8.90,0.0000,true,1,197700
8681690003872,false,פח אשפה 15 ליטר,Tuffex Plastik,,פח אשפה 15 ליטר,Unknown,0.00,יחידה,false,,24.90,0.0000,true,1,202788
8681690003889,false,פח אשפה 25 ליטר,Tuffex Plastik,,פח אשפה 25 ליטר,Unknown,0.00,יחידה,false,,29.90,0.0000,true,1,202728
8681690003896,false,פח אשפה 35 ליטר,Tuffex Plastik,,פח אשפה 35 ליטר,Unknown,0.00,יחידה,false,,39.90,0.0000,true,1,202791
8681690003902,false,פח אשפה 50 ליטר,Tuffex Plastik,,פח אשפה 50 ליטר,Unknown,0.00,יחידה,false,,49.90,0.0000,true,1,202775
8681690004749,false,שלישיה כריות יפניות,Tuffex Plastik,,שלישיה כריות יפניות,Unknown,0.00,יחידה,false,,6.90,0.0000,true,1,150635
8681690005142,false,"כוס קפה 400 מ""ל",Tuffex Plastik,,"כוס קפה 400 מ""ל",Unknown,0.00,יחידה,false,,5.90,0.0000,true,1,201827
8681690005210,false,דלי פופקורן / רב תכל,Tuffex Plastik,,דלי פופקורן / רב תכל,Unknown,0.00,יחידה,false,,5.90,0.0000,true,1,201828
8681690005647,false,מחזיק כוסות לשתייה ו,Tuffex Plastik,,מחזיק כוסות לשתייה ו,Unknown,0.00,יחידה,false,,10.00,0.0000,true,1,201829
8681690006057,false,סלסלת כביסה Woow Des,Tuffex Plastik,,סלסלת כביסה Woow Des,Unknown,0.00,יחידה,false,,49.90,0.0000,true,1,201830
8681690006064,false,סלסלת כביסה Woow Des,Tuffex Plastik,,סלסלת כביסה Woow Des,Unknown,0.00,יחידה,false,,29.90,0.0000,true,1,201831
8681690006101,false,בקבוק מים עם קש ומנע,Tuffex Plastik,,בקבוק מים עם קש ומנע,Unknown,0.00,יחידה,false,,19.90,0.0000,true,1,202794
8681690006231,false,דלי פופ תירס וסיפס מ,Tuffex Plastik,,דלי פופ תירס וסיפס מ,Unknown,0.00,יחידה,false,,5.90,0.0000,true,1,201833
8681690006262,false,מחזיק כוסות לשתייה ו,Tuffex Plastik,,מחזיק כוסות לשתייה ו,Unknown,0.00,יחידה,false,,10.00,0.0000,true,1,202741
8681690505130,false,כוס BAT MAN עם כיסוי,Tuffex Plastik,,כוס BAT MAN עם כיסוי,Unknown,0.00,יחידה,false,,7.90,0.0000,true,1,202356
8681690506106,false,בקבוק מים באטמן עם ק,Tuffex Plastik,,בקבוק מים באטמן עם ק,Unknown,0.00,יחידה,false,,19.90,0.0000,true,1,202358
8681690515139,false,גביע סופרמן עם כיסוי,Tuffex Plastik,,גביע סופרמן עם כיסוי,Unknown,0.00,יחידה,false,,7.90,0.0000,true,1,202359
8681690516105,false,בקבוק מים סופרמן עם,Tuffex Plastik,,בקבוק מים סופרמן עם,Unknown,0.00,יחידה,false,,19.90,0.0000,true,1,202361
8681690535137,false,כוס טוויטי עם כיסוי,Tuffex Plastik,,כוס טוויטי עם כיסוי,Unknown,0.00,יחידה,false,,7.90,0.0000,true,1,202362
8681690535298,false,קופסת אוכל עם בקבוק,Tuffex Plastik,,קופסת אוכל עם בקבוק,Unknown,0.00,יחידה,false,,19.90,0.0000,true,1,202721
8681690536103,false,בקבוק מים טוויטי עם,Tuffex Plastik,,בקבוק מים טוויטי עם,Unknown,0.00,יחידה,false,,19.90,0.0000,true,1,202364
8681690555135,false,גביע ברבי עם כיסוי ו,Tuffex Plastik,,גביע ברבי עם כיסוי ו,Unknown,0.00,יחידה,false,,7.90,0.0000,true,1,202365
8681690555388,false,BARBIE דלי אשפה 5.5,Tuffex Plastik,,BARBIE דלי אשפה 5.5,Unknown,0.00,יחידה,false,,19.90,0.0000,true,1,202744
8681863065270,false,מלח ים מים האגאי וילי פוד 350 גר,ג. וילי-פוד אינטרנשיונל בע`מ,,מלח ים מים האגאי 350,Unknown,0.00,יחידה,false,,21.90,0.0000,true,1,197182
8681863065294,false,מלח ים בטעם מעושן 350 ג' ויליפוד,ג.וילי-פוד אינטרנשיונל בעמ,,מלח ים בטעם מעושן 35,Unknown,0.00,יחידה,false,,21.90,0.0000,true,1,197184
8681863065362,false,saltbae מלח ים עם פלפל שחור 350 גרם ויליפוד,ג. וילי-פוד אינטרנשיונל בע`מ,,מלח ים עם פלפל שחור,Unknown,0.00,יחידה,false,,21.90,0.0000,true,1,197186
8682120010279,false,"ספל קלאסי 310 מ""ל",germiyan seramik,,"ספל קלאסי 310 מ""ל",Unknown,0.00,יחידה,false,,5.90,0.0000,true,1,202611
8682120012754,false,"ספל קלאסי 310 מ""ל",germiyan seramik,,"ספל קלאסי 310 מ""ל",Unknown,0.00,יחידה,false,,5.90,0.0000,true,1,201849
8682120012761,false,"ספל מילאס 270 מ""ל",germiyan seramik,,"ספל מילאס 270 מ""ל",Unknown,0.00,יחידה,false,,5.90,0.0000,true,1,201850
8683088001217,false,קערה 14 סמ' LYRA,KAIZEN PORCELAN,,קערה 14 סמ' LYRA,Unknown,0.00,יחידה,false,,9.90,0.0000,true,1,201845
8683090001199,false,מקס סט 2 תבניות אפיי,MAXQUA,,מקס סט 2 תבניות אפיי,Unknown,0.00,יחידה,false,,39.90,0.0000,true,1,190408
8683090001205,false,מקס סט 2 תבניות אפיי,MAXQUA,,מקס סט 2 תבניות אפיי,Unknown,0.00,יחידה,false,,39.90,0.0000,true,1,190409
8683090001212,false,מקס סט 2 תבניות אפיי,MAXQUA,,מקס סט 2 תבניות אפיי,Unknown,0.00,יחידה,false,,39.90,0.0000,true,1,190410
8683130008355,false,מיונז שום לחיץ אמיתי הלמנס 400 גרם,יוניליוור ישראל שיווק בע`מ,,מיונז הלמנס שום לחיץ,גרמים,400.00,100 גרם,false,,15.00,3.7500,true,1,187663
8683130008935,false,"הלמנס קטשיונז 425 גר{הרב רלב""ג}",יוניליוור ישראל שיווק בע`מ,,הלמנס קטשיונז 425 גר,גרמים,425.00,100 גרם,false,,15.00,3.5294,true,1,190278
8683130014905,false,"קליר שמפו לגברים 2 ב 1 400 מ""ל",,,קליר שמפו גבר 2 ב 1,מיליליטרים,400.00,"100 מ""ל",false,,11.90,2.9750,true,1,198326
8683130014912,false,"קליר שמפו לגברים קלאסי 400 מ""ל",,,קליר שמפו גבר מנטול,מיליליטרים,400.00,"100 מ""ל",false,,11.90,2.9750,true,1,198327
8683130025574,false,"מרכך כביסה מרוכז אקסטרה לבנדר בדין 960 מ""ל",יוניליוור ישראל שיווק בע`מ,,בדין אקסטרא לבנדר 96,מיליליטרים,960.00,"100 מ""ל",false,,16.90,1.7604,true,1,196112
8683130025581,false,"מרכך כביסה מרוכז אקסטרה ענבר בדין 960 מ""ל",יוניליוור ישראל שיווק בע`מ,,בדין אקסטרא אמבר 960,מיליליטרים,960.00,"100 מ""ל",false,,16.90,1.7604,true,1,196109
8683323063024,false,יוגטה שטיחים בטעם תותי פרוטי 220 גרם,ליימן שליסל בע`מ,,ממתק בטעם תותי פרוטי,גרמים,220.00,100 גרם,false,,5.90,2.6818,true,1,121368
8683463221095,false,עוגיות מזרחיות 550 ג,,,עוגיות מזרחיות 550 ג,גרמים,550.00,100 גרם,false,,49.90,9.0727,true,1,201266
8683463221096,false,בקלאווה 500 גרם,,,בקלאווה 500 גרם,גרמים,500.00,100 גרם,false,,69.90,13.9800,true,1,201267
8690053773680,false,סט צלחות 18 חלקים בצ,KUTAHYA,,סט צלחות 18 חלקים בצ,Unknown,0.00,יחידה,false,,199.90,0.0000,true,1,191911
8690053773727,false,סט צלחות 18 חלקים ב,KUTAHYA,,סט צלחות 18 חלקים ב,Unknown,0.00,יחידה,false,,199.90,0.0000,true,1,191912
8690120160177,false,מארז וופל נאמבר וואן 24 יחידות,רויאל קנדיס בעמ,,וופל NO' 1,Unknown,0.00,יחידה,false,,27.90,0.0000,true,1,154311
8690504013303,false,"פתי בר 1 ק""ג",,,"פתי בר 1 ק""ג",פריט,1.00,"ק""ג",false,,11.90,11.9000,true,1,201337
8690504081913,false,מקוויטיס טינס מצופה שוקולד חלב 150 גרם,תה ויסוצקי (ישראל) בעמ,,ויסוצקי טינס מצופה ש,גרמים,150.00,100 גרם,false,,10.90,7.2667,true,1,129760
8690504081920,false,מקוויטיס טינס מצופה שוקולד מריר 150 גרם,"אולקר ביסקווי סנאי, א.ס.",,ויסוצקי טינס מצופה ש,גרמים,150.00,100 גרם,false,,10.90,7.2667,true,1,129761
8690504081937,false,מקוויטיס טינס שוקולד חלב וקפוצינו 150 גר,תה ויסוצקי (ישראל) בעמ,,ויסוצקי טינס מצופה ש,גרמים,150.00,100 גרם,false,,10.90,7.2667,true,1,129762
8690504153740,false,גודייבה שוקולד מריר במילוי קרם גנאש 86 גרם,תה ויסוצקי (ישראל) בעמ,,גודייבה טבלת שוקולד,Unknown,0.00,יחידה,false,,13.90,0.0000,true,1,129764
8690504153849,false,גודייבה שוקולד חלב במילוי קרם בטעם פרלין אגוזים 83 גרם,תה ויסוצקי (ישראל)בעמ,,גודייבה טבלת שוקולד,Unknown,0.00,יחידה,false,,13.90,0.0000,true,1,129769
8690504868996,false,קאט קאט 24*20גר,,,קאט קאט 24*20גר,גרמים,672.00,100 גרם,false,,15.90,2.3661,true,1,148496
8690526009353,false,אי טי אי - מיני חטיף בוטנים נוגט קרמל מצופה שוקולד חלב 140 גרם,"GIDA ETI , טורקיה n\",,חטיף נוגט 140 גרם,גרמים,140.00,100 גרם,false,,6.90,4.9286,true,1,171816
8690526019147,false,אי טי אי - וופל במילוי קרם אגוזי לוז 142 גרם,"GIDA ETI , טורקיה n\",,וופל אגוזים 142 גרם,גרמים,142.00,100 גרם,false,,6.90,4.8592,true,1,171803
8690526019154,false,אי טי אי - וופל קקאו במילוי קרם קקאו 142 גרם,מולינו ניקולי s.p.a,,וופל קקאו 142 גרם,גרמים,142.00,100 גרם,false,,6.90,4.8592,true,1,171797
8690526019178,false,אי טי אי - וופל קקאו במילוי קרם קוקוס 142 גרם,מולינו ניקולי s.p.a,,וופל קוקוס 142 גרם,גרמים,142.00,100 גרם,false,,6.90,4.8592,true,1,171804
8690530007147,false,מגבות סלפאק קומפורט דו שכבתיות 6 גלילים,,,סלפאק קומפורט מגבות,Unknown,0.00,יחידה,false,,11.90,0.0000,true,1,160466
8690530016514,false,מפיות סלפאק 2 שכבות 75 יח',,,מפיות סלפאק 75 יחידו,Unknown,0.00,יחידה,false,,7.90,0.0000,true,1,178812
8690530029330,false,מפיות קולקשן מודפס 20 יח' סלפק,,,מפיות סלפאק 3 שכבות,Unknown,0.00,יחידה,false,,6.90,0.0000,true,1,178813
8690530032866,false,מפיות סלפאק קומפורט חד שכבתיות 100,,,מפיות סלפאק קומפורט,Unknown,0.00,יחידה,false,,5.90,0.0000,true,1,184952
8690530032880,false,מפיות סלפאק קומפורט חד שכבתיות 200,,,מפיות סלפאק קומפורט,Unknown,0.00,יחידה,false,,8.90,0.0000,true,1,184953
8690530036444,false,נייר מגבות ג'מבו סלפאק קומפורט 2 שכבות 1=6,,,נייר מגבות קומפורט 2,Unknown,0.00,יחידה,false,,10.90,0.0000,true,1,194106
8690530036727,false,ממחטות סלפאק מקסי 3 שכבות 100 יח,איפק קג'יט,,סלפאק ממחטות טישו קו,Unknown,100.00,יחידה,false,,6.90,0.0690,true,1,195888
8690530036741,false,ממחטות נייר סלפאק 3 שכבות 48 יח,,,סלפאק ממחטות טישו בק,Unknown,48.00,יחידה,false,,4.90,0.1021,true,1,195889
8690530151338,false,ממחטות נייר סלפאק פרמיום קלאסי 10 יח,,,סלפאק ממחטות פרימיום,Unknown,0.00,יחידה,false,,7.90,0.0000,true,1,154638
8690530151345,false,ממחטות נייר סלפאק פרמיום מנטול 10 יח,,,סלפאק ממחטות פרימיום,Unknown,0.00,יחידה,false,,7.90,0.0000,true,1,154639
8690530151352,false,ממחטות נייר סלפאק פרמיום פרחים 10 יח,,,סלפאק ממחטות פרימיום,Unknown,0.00,יחידה,false,,7.90,0.0000,true,1,154640
8690530161320,false,ממחטות נייר סלפאק פרמיום לושיין 10 יח,,,סלפאק ממחטות פרימיום,Unknown,0.00,יחידה,false,,7.90,0.0000,true,1,154643
8690530274471,false,נייר טואלט סלפאק קומפורט 2 שכבות 32 גל,איפק קג'יט,,סלפאק נייר טואלט 2 ש,Unknown,32.00,יחידה,false,,36.90,1.1531,true,1,154647
8690530284463,false,נייר טואלט 3 שכבות 32 גלילים סלפאק,איפק קג'יט,,סלפאק נייר טואלט 3ש,Unknown,32.00,יחידה,false,,47.90,1.4969,true,1,154648
8690530324930,false,נייר טואלט דו שכבתי 32 גליל SILEN,איפק,,סילן נייר טואלט דו-ש,Unknown,32.00,יחידה,false,,32.90,1.0281,true,1,154650
8690530615120,false,נייר מגבת סילאן 2 שכבות 6 יח,,,סילן מגבות מטבח שישי,Unknown,6.00,יחידה,false,,10.90,1.8167,true,1,154653
8690531402729,false,פלפל אדום קלוי בחומץ 680 גרם,,,פלפל אדום קלוי בחומץ,גרמים,680.00,100 גרם,false,,12.90,1.8971,true,1,122071
8690572778234,false,"גליס מרכך כוח מופלא 400 מ""ל",הנקל סוד בעמ,,גליס מרכך כוח מופלא,מיליליטרים,400.00,"100 מ""ל",false,,15.90,3.9750,true,1,125989
8690572778326,false,פה ד.ספרי אנטיפרספינט 200 מל 1/12,שוורצקופף והנקל,,פה דאודרנט ספריי 200,מיליליטרים,200.00,"100 מ""ל",false,,11.90,5.9500,true,1,125990
8690572783931,false,"פה - דאודורנט ספריי לגבר אינוויזיבל פאוואר 200 מ""ל",שוורצקופף והנקל,,פה דאודורנט ספרייי א,מיליליטרים,200.00,"100 מ""ל",false,,11.90,5.9500,true,1,125991
8690572788851,false,"גליס - שמפו ביו טק 400 מ""ל",שוורצקופף והנקל,,גליס שמפו ביוטק 400,Unknown,0.00,יחידה,false,,15.90,0.0000,true,1,161683
8690572794692,false,"גליס - שמפו לאיזון והזנת הקרקפת 400 מ""ל","הובי קוסמטיק, חברת ייצור",,שמפו גליס לאיזון והז,Unknown,0.00,יחידה,false,,19.90,0.0000,true,1,179475
8690572799482,false,"סאיוס מרכך לשיער גלי ומתולתל 500 מ""ל","הובי קוסמטיק, אנקרה, תור",,סאיוס מרכךסדרת קרטין,מיליליטרים,500.00,"100 מ""ל",false,,12.90,2.5800,true,1,179478
8690572799499,false,"סאיוס - מרכך אולאו 500 מ""ל",הנקל סוד בע`מ,,סאיוס מרכך סדרת אולי,מיליליטרים,500.00,"100 מ""ל",false,,12.90,2.5800,true,1,179479
8690572799512,false,"מרכך לחיזוק שורשי סיב השערה סאיוס 500מ""ל","הובי קוסמטיק, אנקרה, תור",,סאיוס מרכך סדרת קורל,מיליליטרים,500.00,"100 מ""ל",false,,12.90,2.5800,true,1,179481
8690572799529,false,"סאיוס - שמפו קרטין 500 מ""ל","הובי קוסמטיק, אנקרה, תור",,סאיוס שמפו סדרת קרטי,מיליליטרים,500.00,"100 מ""ל",false,,12.90,2.5800,true,1,179482
8690572799536,false,"סאיוס שמפו שמני הזנה 500 מ""ל","הובי קוסמטיק, אנקרה, תור",,סאיוס שמפו סדרת אולי,מיליליטרים,500.00,"100 מ""ל",false,,12.90,2.5800,true,1,179483
8690612415105,false,"צ'יפס 2.5 ק""ג",,,"צ'יפס 2.5 ק""ג",פריט,2.50,"ק""ג",false,,36.90,14.7600,true,1,155381
8690612415693,false,"פוטטו 2.5 ק""ג",,,"פוטטו 2.5 ק""ג",פריט,2.50,"ק""ג",false,,39.90,15.9600,true,1,182503
8690637073434,false,תה ארל גריי בטעם ברגמוט ללא שקית100ש,יוניליוור ישראל שיווק בע`מ,,תה ליפטון ארל גריי 1,גרמים,200.00,100 גרם,false,,19.90,9.9500,true,1,119949
8690637503856,false,ממרח הלמנס כ- 40% פחות שומן לעומת מיונז,יוניליוור ישראל שיווק בע`מ,,מיונז הלמנס ממרח לחי,גרמים,375.00,100 גרם,false,,15.00,4.0000,true,1,169897
8690637504426,false,"קרם ניקוי סיף בניחוח לימון 500 מ""ל",יוניליוור ישראל שיווק בע`מ,,"סיף קרם לימון 500 מ""",מיליליטרים,500.00,"100 מ""ל",false,,10.90,2.1800,true,1,187693
8690637505607,false,מרכך כביסה מרוכז בדין אקסטרה בניחוח פינוק כחול,יוניליוור ישראל שיווק בע`מ,,בדין אקסטרא פינוק קל,מיליליטרים,960.00,"100 מ""ל",false,,16.90,1.7604,true,1,184336
8690637505959,false,דאב סבון ידיים הזנה לוטוס 500 מל,יוניליוור ישראל שיווק בעמ,,דאב תרחיץ ידיים לוטו,מיליליטרים,500.00,"100 מ""ל",false,,16.90,3.3800,true,1,187654
8690637506956,false,"דאב שמפו נגד קשקשים אלוורה 600 מ""ל",יוניליוור ישראל שיווק בע`מ,,דאב שמפו אלוורה קשקש,מיליליטרים,600.00,"100 מ""ל",false,,18.90,3.1500,true,1,200301
8690637555084,false,"מרכך כביסה מרוכז אקסטרה פריחת התפוז בדין 960 מ""ל",יוניליוור ישראל שיווק בע`מ,,בדין אקסטרה לבן 960,מיליליטרים,960.00,"100 מ""ל",false,,16.90,1.7604,true,1,119955
8690637688195,false,"תה ירוק קלאסי ליפטון 20 יחידות בד""צ",יוניליוור ישראל שיווק בע`מ,,ליפטון תה ירוק מעטפו,Unknown,20.00,יחידה,false,,16.90,0.8450,true,1,119966
8690637704277,false,"שמפו ומרכך לשיער רגיל 600 מ""ל דאב","יוניליוור ישראל שיווק בע""מ",,דאב שמפו יום יומי 2ב,מיליליטרים,600.00,"100 מ""ל",false,,18.90,3.1500,true,1,111378
8690637704291,false,שמפו לשיקום אינטנסיבי לשיער פגום,"יוניליוור ישראל שיווק בע""מ",,"דאב שמפו משקם 600 מ""",מיליליטרים,600.00,"100 מ""ל",false,,18.90,3.1500,true,1,119969
8690637704376,false,"שמפו לטיפוח יום יומי דאב 600 מ""ל","יוניליוור ישראל שיווק בע""מ",,דאב שמפו יום יומי 60,מיליליטרים,600.00,"100 מ""ל",false,,18.90,3.1500,true,1,111379
8690637704390,false,"מרכך שיער לטיפוח יום יומי דאב 600 מ""ל","יוניליוור ישראל שיווק בע""מ",,דאב מרכך יום יומי 60,מיליליטרים,600.00,"100 מ""ל",false,,18.90,3.1500,true,1,119970
8690637704413,false,מרכך לשיקום אינטנסיבי לשיער פגום,"יוניליוור ישראל שיווק בע""מ",,"דאב מרכך משקם 600 מ""",מיליליטרים,600.00,"100 מ""ל",false,,18.90,3.1500,true,1,119971
8690637704437,false,שמפו עם שמני הזנה לטיפוח לשיער יבש,יוניליוור ישראל שיווק בע`מ,,דאב שמפו שמני הזנה 6,מיליליטרים,600.00,"100 מ""ל",false,,18.90,3.1500,true,1,111380
8690637704451,false,מרכך עם שמני הזנה לטיפוח לשיער יבש,"יוניליוור ישראל שיווק בע""מ",,דאב מרכך שמני הזנה 6,מיליליטרים,600.00,"100 מ""ל",false,,18.90,3.1500,true,1,119972
8690637799594,false,תה ירוק ליפטון נענע בסגנון מרוקאי 20יח',יוניליוור ישראל שיווק בע`מ,,ליפטון תה ירוק נענע,Unknown,0.00,יחידה,false,,19.00,0.0000,true,1,119975
8690637835643,false,"תה ירוק לימונית ולאויזה 30 גרם ""ליפטון""",יוניליוור ישראל שיווק בע`מ,,ליפטון תה ירוק לואיז,Unknown,0.00,יחידה,false,,16.90,0.0000,true,1,119979
8690637842399,false,מאגדת מגנום מיני דאבל פרי יער שוקולד 6 יח' נסטלה,יוניליוור סנאי וי סי,,מיני מגנום דאבל שוקו,Unknown,0.00,יחידה,false,,26.90,0.0000,true,1,135453
8690637858734,false,ג'ל לניקוי כללי בתוספת אקונומיקה בניחוח לימון,יוניליוור ישראל שיווק בע`מ,,סיף ג'ל אקונומיקה לי,מיליליטרים,750.00,"100 מ""ל",false,,12.90,1.7200,true,1,119983
8690637858741,false,ג'ל לניקוי כללי בתוספת אקונומיקה בניחוח רוח ים,יוניליוור ישראל שיווק בע`מ,,סיף גל אקונומיקה רוח,מיליליטרים,750.00,"100 מ""ל",false,,12.90,1.7200,true,1,119984
8690637858758,false,ג'ל לניקוי כללי בתוספת אקונומיקה בניחוח אורנים,יוניליוור ישראל שיווק בע`מ,,סיף ג'ל אקונומיקה או,מיליליטרים,750.00,"100 מ""ל",false,,12.90,1.7200,true,1,119985
8690637865596,false,תחליב רחצה לניקוי וטיפוח עור היד 750 מ,"יוניליוור ישראלשיווק בע""מ",,דאב תרחיץ ידיים 500,מיליליטרים,500.00,"100 מ""ל",false,,16.90,3.3800,true,1,119987
8690637866654,false,תה ירוק קלאסי בדצ 50 מעטפות ללא קפאין,יוניליוור ישראל שיווק בע`מ,,קלאסי תה ירוק 75 גרם,Unknown,0.00,יחידה,false,,29.90,0.0000,true,1,169240
8690637871047,false,דאב שמפו בתוספת שמן קוקוס וכורכום 600 מל,"יוניליוור ישראל שיווק בע""מ",,דאב שמפו קוקוס 600 מ,מיליליטרים,600.00,"100 מ""ל",false,,18.90,3.1500,true,1,182447
8690637871061,false,"דאב שמפו עם שמן אבוקדו ותמצית קלנדולה 600 מ""ל",יוניליוור ישראל שיווק בע`מ,,דאב שמפו אבוקדו600,מיליליטרים,600.00,"100 מ""ל",false,,18.90,3.1500,true,1,111381
8690637871108,false,הלמנ'ס ממרח חרדל 250 גרם,יוניליוור ישראל שיווק בע`מ,,הלמנס חרדל 250 גרם,גרמים,250.00,100 גרם,false,,14.90,5.9600,true,1,119992
8690637871245,false,הלמנס מיונז אמיתי 395 גר' בקבוק לחיץ.,יוניליוור ישראל שיווק בע`מ,,הלמנס לחיץ מיונז 375,גרמים,375.00,100 גרם,false,,15.00,4.0000,true,1,119993
8690637890666,false,מאגדת מגנום מיני דאבל פיסטוק 6 יח' שטראוס,יוניליוור סנאיי וי ט,,מיני מגנום דאבל פיסט,Unknown,0.00,יחידה,false,,26.90,0.0000,true,1,135455
8690637916977,false,מרכך עם שמן קוקוס וכורכום למראה שיער משוקם,יוניליוור ישראל שיווק בעמ,,דאב מרכך קוקוס 600 מ,מיליליטרים,600.00,"100 מ""ל",false,,18.90,3.1500,true,1,185985
8690637916991,false,מרכך דאב עם שמן אבוקדו ותמצית קלנדולה600,"יוניליוור ישראל שיווק בע""מ",,דאב מרכך עם שמן אבוק,מיליליטרים,600.00,"100 מ""ל",false,,18.90,3.1500,true,1,119999
8690637946301,false,"בדין - מרכך כביסה אקסטרא בייביי כחול 960 מ""ל",יוניליוור ישראל שיווק בע`מ,,בדין אקסטרה בייבי כח,מיליליטרים,960.00,"100 מ""ל",false,,16.90,1.7604,true,1,159047
8690637946318,false,"מרכך כביסה בדין מרוכז אקסטרה בייבי טלק 960 מ""ל",יוניליוור ישראל שיווק בע`מ,,בדין אקסטרא בייבי צה,מיליליטרים,960.00,"100 מ""ל",false,,16.90,1.7604,true,1,159048
8690637971310,false,"מרכך כביסה מרוכז אקסטרה בניחוח יערת הדבש בדין 960 מ""ל",יוניליוור ישראל שיווק בע`מ,,בדין אקסטרא יערת הד,מיליליטרים,960.00,"100 מ""ל",false,,16.90,1.7604,true,1,166350
8690637976995,false,"מרכך כביסה מרוכז אקסטרה ורוד סחלבים פראי בדין 960 מ""ל",יוניליוור ישראל שיווק בע`מ,,בדין אקסטרא ורוד- 96,מיליליטרים,960.00,"100 מ""ל",false,,16.90,1.7604,true,1,166351
8690637989612,false,שלגון שמנת בטעם וניל עם ריפל בטעם שוקולד 246 גרם,יונילוור סנאיי וי טיג'\,,מיני מגנום דאבל פיסט,Unknown,0.00,יחידה,false,,26.90,0.0000,true,1,175847
8690637994029,false,מרכך כביסה אקסטרה בניחוח סחלבים פראי,"יוניליוור ישראל שיווק בע""מ",,בדין אקסטרה ורוד 1.4,Unknown,0.00,יחידה,false,,19.90,0.0000,true,1,173677
8690757002376,false,"משחה להברקת נעליים עם ספוג 50 SILVERמ""ל-צבע שחור",אינטרסן (1996) בעמ,,משחה להברקת נעליים ע,Unknown,0.00,יחידה,false,,4.90,0.0000,true,1,163388
8690757002444,false,"נוזל להברקת נעליים שחור 75 SILVERמ""ל",אינטרסן (1996) בעמ,,נוזל להברקת נעליים ש,Unknown,0.00,יחידה,false,,4.90,0.0000,true,1,163390
8690757002451,false,"נוזל להברקת נעליים חום 75 SILVERמ""ל",אינטרסן (1996) בעמ,,נוזל להברקת נעליים ח,Unknown,0.00,יחידה,false,,4.90,0.0000,true,1,163391
8690766156367,false,טבלת שוקולד חלב מעולה 90 גר` גודייבה,תה ויסוצקי (ישראל) בעמ,,ויסוצקי שוקולד חלב מ,Unknown,0.00,יחידה,false,,15.90,0.0000,true,1,129777
8690766156381,false,גודייבה שוקולד מריר 90% מוצקי קקאו 90 גרם,תה ויסוצקי (ישראל) בעמ,,טבלת שוקולד מריר 90%,Unknown,0.00,יחידה,false,,15.90,0.0000,true,1,129779
8690766156398,false,"שוקולד חלב מעולה בתוספת שברי שקדים קלויים,דבש ומלח 90 גרם","אולקר מקבוצת פלאדיס, ציק",,טבלת שוקולד חלב עם ש,Unknown,0.00,יחידה,false,,15.90,0.0000,true,1,129780
8690766156411,false,שוקולד מריר מעולה בטעם פלפל ורוד עם חתיכות תות מסוכר 90 גרם,תה ויסוצקי (ישראל)בעמ,,טבלת שוקולד מריר עם,Unknown,0.00,יחידה,false,,15.90,0.0000,true,1,129782
8690771130109,false,מלח 500 גרם,,,מלח 500 גרם,Unknown,0.00,יחידה,false,,4.90,0.0000,true,1,182962
8690777203012,false,פלפלים ירוקים כבושים לא חריפים סרה ויליפוד 600 גרם,ג. וילי-פוד אינטרנשיונל בע`מ,,פלפל ירוק כבוש לא חר,גרמים,600.00,100 גרם,false,,13.90,2.3167,true,1,115898
8690777206051,false,חציל קלוי על האש סרה ויליפוד 650 גרם,ג. וילי-פוד אינטרנשיונל בע`מ,,חציל קלוי על האש 650,גרמים,650.00,100 גרם,false,,13.90,2.1385,true,1,115900
8690777221405,false,פלפל אדום קלוי על האש 650 גר` ויליפוד,ג. וילי-פוד אינטרנשיונל בע`מ,,פלפל אדום קלוי על הא,גרמים,650.00,100 גרם,false,,13.90,2.1385,true,1,115902
8690784611442,false,סבון מוצק לניקוי אסלה בניחוח הדרים בתוספת אקונומיקה,דאופלור אס פי אי כונ,,דאק סבון אקטיבי לניק,Unknown,0.00,יחידה,false,,6.90,0.0000,true,1,138256
8690784614665,false,סבון דאק לניקוי אסלה בניחוח ים נתלה,דאופלור אס.פי.אי כונ,,דאק סבון אקטיבי לניק,Unknown,0.00,יחידה,false,,6.90,0.0000,true,1,138258
8690784614771,false,דאק כדוריות ניקוי אסלה בניחוח רענן,דאופלור אס.פי.אי כונ,,דאק סבון אקטיבי לניק,Unknown,0.00,יחידה,false,,6.90,0.0000,true,1,138259
8690784711777,false,דאק סבון אקטיבי בתוספת אקונומיקה מקציפה בניחוח ים,דאופלור אס.פי.אי כונ,,דאק סבון אקטיבי לניק,Unknown,0.00,יחידה,false,,6.90,0.0000,true,1,138266
8691058100020,false,"שישיית משקה סודה 200 מ""ל סירמה",,,"סירמה סודה 200 מ""ל",מיליליטרים,200.00,"100 מ""ל",false,,9.90,4.9500,true,1,186868
8691058141238,false,ערמונים שלמים קלויים וקלופים 100 גר` Ave,אבאל יזמות בעמ,,אבאל ערמונים שלמים ק,גרמים,100.00,100 גרם,false,,4.90,4.9000,true,1,178596
8691058145144,false,מים סירמה קטן 1/12,,,מים סירמה קטן 1/12,Unknown,0.00,יחידה,false,,11.90,0.0000,true,1,157856
8691066106014,false,גלילי וופל במילוי שוקולד גרייב 24 יח' TIME,,,מארז חטיפי קרפ 24 יח,Unknown,24.00,יחידה,false,,23.00,0.9583,true,1,148992
8691066111124,false,וופלים ממולאים קרם קקאו ואגוזים 24 יח' SUPERROOL,,,חטיפי סופר רול 24 יח,Unknown,24.00,יחידה,false,,19.90,0.8292,true,1,148993
8691066111612,false,קופסה גלילי וופל במילוי קרם אגוזים וקקאו 400 ג' TIME,,,ביסקוויט רול 400 גר,גרמים,400.00,100 גרם,false,,15.90,3.9750,true,1,148994
8691066112442,false,חטיף מיני האי האי 24 יח',,TR,חטיפי האי האי 24 יח',Unknown,24.00,יחידה,false,,9.90,0.4125,true,1,148996
8691066129037,false,גליליות וופל רול 280 ג' TIME,,TR,רול 280 גרם,גרמים,280.00,100 גרם,false,,9.90,3.5357,true,1,202838
8691066203836,false,ביסקוויט מיני האי האי 50*12 ג',,,מיני האי האי שוקולד,גרמים,600.00,100 גרם,false,,19.90,3.3167,true,1,186625
8691066233833,false,מיני ביסקוויט עם קקאו ממולא קרם 11*50 יח' HEYO,,,מיני היו שקית 550 גר,גרמים,550.00,100 גרם,false,,19.90,3.6182,true,1,186624
8691066234625,false,מיני ביסקוויט סנדוויץ מילוי וניל 24 יח' HEYO,,TR,ביסקוויט סנדוויץ במי,Unknown,0.00,יחידה,false,,9.90,0.0000,true,1,148999
8691066263830,false,מיני ביסקוויט בציפוי שוקולד קרמל 12*50 ג' hay hay,,,מיני האי האי קראמל ש,גרמים,600.00,100 גרם,false,,19.90,3.3167,true,1,186626
8691066511023,false,וופל ממולא קרם בטעם שקולד 24 יח' TIME,,,גופריט וופל שוקולד 2,Unknown,24.00,יחידה,false,,19.90,0.8292,true,1,149001
8691066525020,false,מיני וופל במילוי קרם בטעם שוקולד 24 יח' gofrette,,TR,וופל במילוי קרם בטעם,Unknown,0.00,יחידה,false,,9.90,0.0000,true,1,149004
8691066534824,false,וופלים במילוי קרם בטעם לימון 800 ג' waw,,,וופלים במילוי קרם בט,גרמים,800.00,100 גרם,false,,16.90,2.1125,true,1,200317
8691066534923,false,וופלים במילוי קרם בטעם חמאת בוטנים 800 ג' waw,,,וופלים במילוי קרם בט,גרמים,800.00,100 גרם,false,,16.90,2.1125,true,1,200316
8691066535029,false,וופל במילוי קרם בטעם שוקולד 800 ג' WAW,,,וופל במילוי קרם בטעם,גרמים,800.00,100 גרם,false,,16.90,2.1125,true,1,149006
8691066564029,false,ביסקוויט קוקוס 24 יח' GOFRET,,TR,מיני גופרת ציפוי אגו,Unknown,0.00,יחידה,false,,9.90,0.0000,true,1,149013
8691066572024,false,וופל במילוי קרם ובציפוי שוקלד חלב 24 יח' BRITTLE,,,פריתל-וופל במילוי קר,Unknown,0.00,יחידה,false,,24.90,0.0000,true,1,149016
8691451018335,false,"דבק בעט סופר גלו גל לוקטייט, כשרות עטרה, 4 גרם","יעקב יעקבי ובניו בע""מ",,עט סופר גלו 4 גרם,Unknown,0.00,יחידה,false,,24.90,0.0000,true,1,110468
8691530924670,false,סירופ רימונים נאטרסן345ג,נטורסן,,סירופ רימונים 345 גר,מיליליטרים,345.00,"100 מ""ל",false,,19.90,5.7681,true,1,158048
8691707036014,false,אוזמו שוקולד בצורת ביצה,מוחמד נעמה (1994) בעמ,,אוזמו ביצים 20 גרם,Unknown,0.00,יחידה,false,,2.90,0.0000,true,1,121687
8691707066035,false,אוזמו בורגר ביסקוויט סנדוויץ ממולא,מוחמד נעמה (1994) בעמ,,אוזמו בורגיר 40 גרם,Unknown,0.00,יחידה,false,,2.50,0.0000,true,1,171760
8691707087962,false,אוזמו סוכריה שוקולד על מקל,מוחמד נעמה (1994) בעמ,,אוזמו בובה,Unknown,0.00,יחידה,false,,2.90,0.0000,true,1,156397
8691707088006,false,ממתק אוזמו גו 30 גר,,,אוזמו גו 30 גרם 4*20,Unknown,0.00,יחידה,false,,3.90,0.0000,true,1,160677
8691707090122,false,אוזמו טילון 4 קופסאו,,,אוזמו טילון 4 קופסאו,Unknown,0.00,יחידה,false,,2.90,0.0000,true,1,170395
8691707096322,false,ביסקולטה טריא קוקוס 100 ג',,,ביסקולטה טריא קוקוס,גרמים,100.00,100 גרם,false,,8.90,8.9000,true,1,121690
8691707096476,false,ביסקולטה טריא אגוזים 100 ג',,,ביסקולטה טריא אגוזים,גרמים,100.00,100 גרם,false,,8.90,8.9000,true,1,121691
8691707135441,false,אוזמו ביצי הפתעה זוג,,,אוזמו ביצי הפתעה זוג,Unknown,0.00,יחידה,false,,5.90,0.0000,true,1,202892
8691707140117,false,אוזמו הוקסי פוקסי 36ג',,,אוזמו הוקסי פוקסי 36,Unknown,0.00,יחידה,false,,2.90,0.0000,true,1,121700
8691707190495,false,דגני בוקר אוזמו ספייס325,סולן צ'וקולטה,,אוזמו ספייס פתיתים 3,גרמים,325.00,100 גרם,false,,10.90,3.3538,true,1,171220
8691707190792,false,אוזמו אוגובוגו ששיה 6*16 ג',,,אוזמו אוגובוגו שישיי,Unknown,0.00,יחידה,false,,6.90,0.0000,true,1,197543
8691707590042,false,אוזמו וופל בצורת טילון ממולא שוקולד (4יח,מוחמד נעמה (1994) בעמ,,אוזמו טילון,Unknown,0.00,יחידה,false,,6.90,0.0000,true,1,121711
8691913100424,false,HOUSE PLUS קרש גיהוץ,DOGRULAR,,HOUSE PLUS קרש גיהוץ,Unknown,0.00,יחידה,false,,119.90,0.0000,true,1,194684
8692952051210,false,כוסות גלידה,,,כוסות גלידה,Unknown,0.00,יחידה,false,,38.00,0.0000,true,1,118992
8693323099107,false,מרשמלו לבבות בטעם תות ווניל,ליימן שליסל בעמ,,יוגטה מרשמלו לבבות 1,גרמים,150.00,100 גרם,false,,6.90,4.6000,true,1,121400
8693357065468,false,סט גביע גלידה,,,סט גביע גלידה,Unknown,1.00,יחידה,false,,30.00,30.0000,true,1,124575
8693357090965,false,פסבצ'ה סט 4 כוסות שת,PASABACHE,,פסבצ'ה סט 4 כוסות שת,Unknown,0.00,יחידה,false,,26.90,0.0000,true,1,157406
8693357111752,false,כוס מים\ויסקי סט (6),,,כוס מים\ויסקי סט (6),Unknown,0.00,יחידה,false,,59.90,0.0000,true,1,196622
8693357116221,false,קנקן זכוכית מכסה אדו,PASABACHE,,קנקן זכוכית מכסה אדו,Unknown,0.00,יחידה,false,,24.90,0.0000,true,1,194141
8693357154254,false,פסבצ'ה סט 6 כוסות לש,PASABACHE,,פסבצ'ה סט 6 כוסות לש,Unknown,0.00,יחידה,false,,29.90,0.0000,true,1,197846
8693357339279,false,פסבצה קנקן זכוכית עם,PASABACHE,,פסבצה קנקן זכוכית עם,Unknown,0.00,יחידה,false,,24.90,0.0000,true,1,194156
8693357360358,false,PASABACHE סט כסות לק,PASABACHE,,PASABACHE סט כסות לק,Unknown,0.00,יחידה,false,,39.90,0.0000,true,1,194202
8693357368378,false,זוג בקבוקי שמן מרובע,PASABACHE,,זוג בקבוקי שמן מרובע,Unknown,0.00,יחידה,false,,29.90,0.0000,true,1,161715
8693357371705,false,פסבצ'ה צלחת זכוכית ג,PASABACHE,,פסבצ'ה צלחת זכוכית ג,Unknown,0.00,יחידה,false,,16.90,0.0000,true,1,197850
8693357423114,false,"קראף 200 מ""ל 43818 ז",,,"קראף 200 מ""ל 43818 ז",Unknown,0.00,יחידה,false,,6.90,0.0000,true,1,196661
8693357430983,false,*מבצע* פסבצ'ה סט 4 כ,PASABACHE,,*מבצע* פסבצ'ה סט 4 כ,Unknown,0.00,יחידה,false,,29.90,0.0000,true,1,197853
8693357460034,false,*מבצע* פסבצ'ה סט 3 צ,PASABACHE,,*מבצע* פסבצ'ה סט 3 צ,Unknown,0.00,יחידה,false,,19.90,0.0000,true,1,197854
8693357490017,false,פסבצ'ה קנקן זכוכית ע,PASABACHE,,פסבצ'ה קנקן זכוכית ע,Unknown,0.00,יחידה,false,,29.90,0.0000,true,1,177922
8693357493520,false,פסבצ'ה סט 4 קופסאות,PASABACHE,,פסבצ'ה סט 4 קופסאות,Unknown,0.00,יחידה,false,,24.90,0.0000,true,1,197857
8693357507173,false,פסבצ'ה פעמון עוגה זכ,PASABACHE,,פסבצ'ה פעמון עוגה זכ,Unknown,0.00,יחידה,false,,49.90,0.0000,true,1,197858
8693357512955,false,פסבצה קנקן זכוכית,PASABACHE,,פסבצה קנקן זכוכית,Unknown,0.00,יחידה,false,,29.90,0.0000,true,1,194158
8693357527935,false,NAPA גביע יין זהב 4,,,NAPA גביע יין זהב 4,Unknown,0.00,יחידה,false,,119.90,0.0000,true,1,196668
8693357537019,false,סט 6 כוסות מים אוטו,PASABACHE,,סט 6 כוסות מים אוטו,Unknown,0.00,יחידה,false,,16.90,0.0000,true,1,194153
8693357537132,false,סט 6 כוסות זכוכית פא,PASABACHE,,סט 6 כוסות זכוכית פא,Unknown,0.00,יחידה,false,,14.90,0.0000,true,1,194154
8693357537415,false,סט 6 כוסות זכוכית פא,PASABACHE,,סט 6 כוסות זכוכית פא,Unknown,0.00,יחידה,false,,12.90,0.0000,true,1,194151
8693357537439,false,פסבצ'ה מגש עם הגבהה,PASABACHE,,פסבצ'ה מגש עם הגבהה,Unknown,0.00,יחידה,false,,39.90,0.0000,true,1,197862
8693357537453,false,פסבצ'ה מגש זכוכית מל,PASABACHE,,פסבצ'ה מגש זכוכית מל,Unknown,0.00,יחידה,false,,34.90,0.0000,true,1,197863
8693495037853,false,זוג מברשות שיניים קולגייט סלים סופט זהב,הנסיך- מפעל לייצור ט,,קולגייט מברשות סלים,Unknown,2.00,יחידה,false,,29.90,14.9500,true,1,111459
8693495041461,false,קולגייט זוג מברשות שיניים סלים סופט פחם,הנסיך- מפעל לייצור ט,,קולגייט מברשת סלים ס,Unknown,2.00,יחידה,false,,29.90,14.9500,true,1,128536
8693495051002,false,קולגייט מברשת שיניים מיניונים 6+ לילדים,קולגייט פלמוליב,,קולגייט מברשת ילדים,Unknown,1.00,יחידה,false,,13.90,13.9000,true,1,128539
8693495052177,false,פלמוליב נטורלס תחליב רחצה זיתים 750 מל,קולגייט פלמוליב,,"פלמוליב זיתים 750 מ""",מיליליטרים,750.00,"100 מ""ל",false,,19.90,2.6533,true,1,128541
8693495052931,false,זוג מברשות שיניים אדוונסט 360 לניקוי כל חלל הפה,קולגייט פלמוליב,,קולגייט זוג מברשות 3,Unknown,0.00,יחידה,false,,29.90,0.0000,true,1,128545
8693495054058,false,סבון נוזלי פלמוליב לומינוס עם תמציות שמן מקדמיה,קולגייט פלמוליב,,פלמוליב סבון לומינוס,מיליליטרים,750.00,"100 מ""ל",false,,19.90,2.6533,true,1,188012
8693855000640,false,פרשר משקה בטעם תות 2,,,פרשר משקה בטעם תות 2,מיליליטרים,250.00,"100 מ""ל",false,,5.00,2.0000,true,1,158554
8693855000657,false,"פרישר תות 200מ""ל מארז שישייה",,,פרשר בטעם תות שישייה,מיליליטרים,200.00,"100 מ""ל",false,,12.90,6.4500,true,1,158535
8693855000664,false,"פרישר תות 200 מ""ל מארז 24 יח'",,,משקה פרש תות 24 יחיד,Unknown,24.00,יחידה,false,,44.00,1.8333,true,1,184348
8693855004433,false,"פרישר סודה מארז שישיה * 200 מ""ל",,,פרישר סודה שישייה 20,מיליליטרים,200.00,"100 מ""ל",false,,12.90,6.4500,true,1,121722
8693855006635,false,"פרישר מנטה 200 מ""ל מארז שישייה",,,שישיית פרישר מנטה 20,מיליליטרים,200.00,"100 מ""ל",false,,12.90,6.4500,true,1,160526
8693855007175,false,"פרישר מילון בננה 200 מ""ל מארז שישייה",,,פרישר לימון שישייה 2,מיליליטרים,200.00,"100 מ""ל",false,,12.90,6.4500,true,1,164766
8695122002593,false,חובט שטיחים 259 TITI,,,חובט שטיחים 259 TITI,Unknown,0.00,יחידה,false,,12.90,0.0000,true,1,173879
8695122005754,false,קופסא צבעונית אורגני,,,קופסא צבעונית אורגני,Unknown,0.00,יחידה,false,,14.90,0.0000,true,1,188141
8695122006867,false,סל נייר עגול 686 TIT,,,סל נייר עגול 686 TIT,Unknown,0.00,יחידה,false,,16.90,0.0000,true,1,157718
8696219000645,false,ארגונית סכום תכלת,IRAK PLASTIC,,ארגונית סכום תכלת,Unknown,0.00,יחידה,false,,24.90,0.0000,true,1,195872
8696219000669,false,מעמד סכום,IRAK PLASTIC,,מעמד סכום,Unknown,1.00,יחידה,false,,10.00,10.0000,true,1,178248
8696219004070,false,פח אשפה אפור 5.5 ליט,IRAK PLASTIC,,פח אשפה אפור 5.5 ליט,Unknown,0.00,יחידה,false,,16.90,0.0000,true,1,173562
8696219340840,false,קופסת אחסון מלבנית 2,IRAK PLASTIC,,קופסת אחסון מלבנית 2,Unknown,0.00,יחידה,false,,10.00,0.0000,true,1,197485
8696219344107,false,קופסת אחסון 0.6 ליטר,IRAK PLASTIC,,קופסת אחסון 0.6 ליטר,Unknown,0.00,יחידה,false,,7.90,0.0000,true,1,197483
8696219345067,false,קופסאת 4 מגירות,IRAK PLASTIC,,קופסאת 4 מגירות,Unknown,0.00,יחידה,false,,39.90,0.0000,true,1,198066
8696219348884,false,קערה פלסטיק,IRAK PLASTIC,,קערה פלסטיק,Unknown,0.00,יחידה,false,,10.00,0.0000,true,1,195862
8696219353727,false,מסחטת הדרים פלסטיק,ד.ג.ש ייבוא ושיווק בעמ,,מסחטת הדרים,Unknown,0.00,יחידה,false,,5.90,0.0000,true,1,166527
8696219360954,false,סט 3 קופסאות עגולה הברגה,חביב את פרנק בעמ,,סט 3 קופסאות עגולות,Unknown,0.00,יחידה,false,,12.90,0.0000,true,1,197508
8696219363665,false,סט 3 קופסאות,IRAK PLASTIC,,סט 3 קופסאות,Unknown,0.00,יחידה,false,,12.90,0.0000,true,1,198034
8696219363726,false,סט 4 יח' קופסאות איח,IRAK PLASTIC,,סט 4 קופסאות אחסון,Unknown,0.00,יחידה,false,,29.90,0.0000,true,1,150676
8696219364242,false,סט 3 קופסאות עגולות,IRAK PLASTIC,,סט 3 קופסאות עגולות,Unknown,0.00,יחידה,false,,14.90,0.0000,true,1,197509
8696219364310,false,פח אשפה 6 ליטר,IRAK PLASTIC,,פח אשפה 6 ליטר,Unknown,1.00,יחידה,false,,49.90,49.9000,true,1,198101
8696219364938,false,קופסת אכסון מרובעת מ,IRAK PLASTIC,,קופסת אכסון מרובעת מ,Unknown,0.00,יחידה,false,,16.90,0.0000,true,1,195865
8696219364945,false,קופסת אכסון מחולקת ל,IRAK PLASTIC,,קופסת אכסון מחולקת ל,Unknown,0.00,יחידה,false,,16.90,0.0000,true,1,195873
8696219365911,false,קופסת אחסון עם ידית,IRAK PLASTIC,,קופסת אחסון עם ידית,Unknown,0.00,יחידה,false,,12.90,0.0000,true,1,197486
8696219367533,false,קערה צבעונית מחולקת,,,קערה צבעונית מחולקת,Unknown,0.00,יחידה,false,,19.90,0.0000,true,1,118857
8696219368813,false,קרש חיתוך שטוח ללא ה,IRAK PLASTIC,,קרש חיתוך שטוח ללא ה,Unknown,0.00,יחידה,false,,29.90,0.0000,true,1,173565
8696219374159,false,קרש חיתוך בצורת לימו,IRAK PLASTIC,,קרש חיתוך בצורת לימו,Unknown,0.00,יחידה,false,,14.90,0.0000,true,1,118860
8696219376351,false,קרש חיתוך הצורת אבטי,IRAK PLASTIC,,קרש חיתוך הצורת אבטי,Unknown,0.00,יחידה,false,,16.90,0.0000,true,1,118861
8696219381690,false,קופסא עגולה עם מסננת,IRAK PLASTIC,,קופסא עגולה עם מסננת,Unknown,0.00,יחידה,false,,24.90,0.0000,true,1,118862
8696219382444,false,מסחטת הדרים 0.25 ליט,IRAK PLASTIC,,מסחטת הדרים 0.25 ליט,Unknown,0.00,יחידה,false,,7.90,0.0000,true,1,178260
8696219398407,false,מג צבעוני,IRAK PLASTIC,,מג צבעוני,Unknown,0.00,יחידה,false,,5.90,0.0000,true,1,178262
8696219402463,false,*מבצע* סלסלה אטבים ס,IRAK PLASTIC,,*מבצע* סלסלה אטבים ס,Unknown,0.00,יחידה,false,,10.00,0.0000,true,1,157597
8696219402470,false,סל כביסה לבן עם מכסה,IRAK PLASTIC,,סל כביסה לבן עם מכסה,Unknown,0.00,יחידה,false,,24.90,0.0000,true,1,198076
8696219405150,false,סלסלה גבוהה פלסט ארט,IRAK PLASTIC,,מארגן ארונות עמוק,Unknown,0.00,יחידה,false,,10.00,0.0000,true,1,150683
8696219405235,false,פח אשפה תלוי תכלת,IRAK PLASTIC,,פח אשפה תלוי תכלת,Unknown,0.00,יחידה,false,,11.90,0.0000,true,1,198060
8696219405914,false,מעמד מגירות לסידור,IRAK PLASTIC,,מעמד מגירות לסידור,Unknown,0.00,יחידה,false,,39.90,0.0000,true,1,198070
8696219407031,false,*מבצע* סל כביסה קטן,IRAK PLASTIC,,*מבצע* סל כביסה קטן,Unknown,0.00,יחידה,false,,24.90,0.0000,true,1,199209
8696219408533,false,תבנית קרח עיגולים בל,IRAK PLASTIC,,תבנית קרח עיגולים בל,Unknown,0.00,יחידה,false,,7.90,0.0000,true,1,159742
8696219408823,false,מעמד קיסמי אוזניים,IRAK PLASTIC,,מעמד קיסמי אוזניים,Unknown,0.00,יחידה,false,,12.90,0.0000,true,1,198074
8696219412554,false,קופסה לאכסון ביצים 1,IRAK PLASTIC,,קופסה לאכסון ביצים 1,Unknown,0.00,יחידה,false,,9.90,0.0000,true,1,195880
8696219413223,false,קופסה קטנה מחולקת ל,IRAK PLASTIC,,קופסה קטנה מחולקת ל,Unknown,0.00,יחידה,false,,14.90,0.0000,true,1,198335
8696219415265,false,שירות כלבים חכם,IRAK PLASTIC,,שירות כלבים חכם,Unknown,0.00,יחידה,false,,39.90,0.0000,true,1,198581
8696219416477,false,כף אוכל לכלבים,IRAK PLASTIC,,כף אוכל לכלבים,Unknown,0.00,יחידה,false,,5.90,0.0000,true,1,198385
8696219416484,false,כף אוכל לכלבים מסננת,IRAK PLASTIC,,כף אוכל לכלבים מסננת,Unknown,0.00,יחידה,false,,5.90,0.0000,true,1,198386
8696219416828,false,כלוב חיות מחמד סגול,IRAK PLASTIC,,כלוב חיות מחמד סגול,Unknown,0.00,יחידה,false,,39.90,0.0000,true,1,198337
8696219419003,false,*מבצע* מייבש חסה 4.7,IRAK PLASTIC,,*מבצע* מייבש חסה 4.7,Unknown,0.00,יחידה,false,,29.90,0.0000,true,1,198503
8696236583442,false,PERILLA מתקן לייבוש,DOGRULAR,,PERILLA מתקן לייבוש,Unknown,0.00,יחידה,false,,129.90,0.0000,true,1,195510
8696287301673,false,קופסת צעצועים עמוקה,DUNYA,TR,קופסת צעצועים עמוקה,Unknown,0.00,יחידה,false,,69.90,0.0000,true,1,201548
8697040108975,false,אסותא סבון נוזלי להיגיינה אישית 1/12,עיסא ערטול בעמ-סוכן הנקל סוד,,אסותא סבון נוזלי להי,Unknown,0.00,יחידה,false,,9.90,0.0000,true,1,125999
8697040108982,false,אסותא סבון נוזלי לש.אינטמ,עיסא ערטול בעמ-סוכן הנקל סוד,,אסותא סבון נוזלי נשי,Unknown,0.00,יחידה,false,,9.90,0.0000,true,1,126000
8697040109958,false,"אסותא שמפו לשיער רגיל 700מ""ל",עיסא ערטול בעמ-סוכן הנקל סוד,,אסותא שמפו לשיער רגי,Unknown,0.00,יחידה,false,,9.90,0.0000,true,1,184896
8697040109965,false,"אסותא שמפו ומרכך 700מ""ל",עיסא ערטול בעמ-סוכן הנקל סוד,,אסותא שמפו ומרכך 70,Unknown,0.00,יחידה,false,,9.90,0.0000,true,1,184897
8697040109972,false,"אסותא שמפו לשיער יבש 700מ""ל",עיסא ערטול בעמ-סוכן הנקל סוד,,אסותא שמפו לשיער יבש,Unknown,0.00,יחידה,false,,9.90,0.0000,true,1,184898
8697040109996,false,"אסותא שמפו אלוורה 700מ""ל",עיסא ערטול בעמ-סוכן הנקל סוד,,אסותא שמפו אלוורה 70,Unknown,0.00,יחידה,false,,9.90,0.0000,true,1,184900
8697040110008,false,"אסותא שמפו לשיער צבוע 700מ""ל",עיסא ערטול בעמ-סוכן הנקל סוד,,אסותא שמפו לשיער צבו,Unknown,0.00,יחידה,false,,9.90,0.0000,true,1,184901
8697040110077,false,"אסותא מרכך לשיער רגיל 700מ""ל",עיסא ערטול בעמ-סוכן הנקל סוד,,אסותא מרכך לשיער רגי,Unknown,0.00,יחידה,false,,9.90,0.0000,true,1,185219
8697402645230,false,ירקות כבושים מעורבים 680 ג',,,ירקות כבושים מעורבים,גרמים,680.00,100 גרם,false,,6.90,1.0147,true,1,174112
8697402648972,false,שקיות עלי גפן 400 גר,,,שקיות עלי גפן 400 גר,גרמים,400.00,100 גרם,false,,9.90,2.4750,true,1,187774
8697410555231,false,מתקן לייבוש כביסה,,,מתקן לייבוש כביסה,Unknown,0.00,יחידה,false,,79.90,0.0000,true,1,192184
8697431460378,false,קונפיטורה 70% שזיף פרופה 450 גרם,פרוטנגו Fruitango,,קונפיטורה 70% פרי -,גרמים,450.00,100 גרם,false,,17.90,3.9778,true,1,118779
8697431921718,false,קונפיטורה דובדבן חמוץ 70% פרי פרופה 454 גר',תומר יבוא ושיווק מוצרי מזון (1,,תומר קונפיטורה 70% ד,גרמים,450.00,100 גרם,false,,17.90,3.9778,true,1,130072
8697480522041,false,פח אשפה מדווש יוקרתי,Tuffex Plastik,,פח אשפה מדווש יוקרתי,Unknown,0.00,יחידה,false,,49.90,0.0000,true,1,202778
8697512622237,false,SUN - בקבוק שמן סמל,SUN PLASTIC,,SUN - בקבוק שמן סמל,Unknown,0.00,יחידה,false,,9.90,0.0000,true,1,194719
8697512622640,false,מועך שום איכותי,,,מועך שום איכותי,Unknown,0.00,יחידה,false,,12.90,0.0000,true,1,195728
8697512622978,false,SUN - קולפן ירקות,SUN PLASTIC,,SUN - קולפן ירקות,Unknown,0.00,יחידה,false,,9.90,0.0000,true,1,194725
8697512623043,false,SUN - קופסת עוגת כוכ,SUN PLASTIC,,SUN - קופסת עוגת כוכ,Unknown,0.00,יחידה,false,,39.90,0.0000,true,1,194727
8697512623074,false,SUN - צנצנת אחסון סמ,SUN PLASTIC,,SUN - צנצנת אחסון סמ,Unknown,0.00,יחידה,false,,9.90,0.0000,true,1,194730
8697512623081,false,SUN - צנצנת אחסון סמ,SUN PLASTIC,,SUN - צנצנת אחסון סמ,Unknown,0.00,יחידה,false,,9.90,0.0000,true,1,194731
8697512623241,false,SUN - כלים לשירות סל,SUN PLASTIC,,SUN - כלים לשירות סל,Unknown,0.00,יחידה,false,,9.90,0.0000,true,1,195713
8697512623760,false,SUN - צנצנת מדידת ני,SUN PLASTIC,,SUN - צנצנת מדידת ני,Unknown,0.00,יחידה,false,,9.90,0.0000,true,1,194734
8697512624422,false,SUN - חותך בצק ניאון,SUN PLASTIC,,SUN - חותך בצק ניאון,Unknown,0.00,יחידה,false,,9.90,0.0000,true,1,194742
8697512624897,false,SUN - פומפיה של גבינ,SUN PLASTIC,,SUN - פומפיה של גבינ,Unknown,0.00,יחידה,false,,9.90,0.0000,true,1,194749
8697512627669,false,SUN - מחזיק נייר טוא,SUN PLASTIC,,SUN - מחזיק נייר טוא,Unknown,0.00,יחידה,false,,9.90,0.0000,true,1,194750
8697512627676,false,SUN - מתקן לנייר טוא,SUN PLASTIC,,SUN - מתקן לנייר טוא,Unknown,0.00,יחידה,false,,12.90,0.0000,true,1,195813
8697512628901,false,SUN - קולב לבבות 2x3,SUN PLASTIC,,SUN - קולב לבבות 2x3,Unknown,0.00,יחידה,false,,9.90,0.0000,true,1,195721
8697512628918,false,SUN - קולב דייזי 2x3,SUN PLASTIC,,SUN - קולב דייזי 2x3,Unknown,0.00,יחידה,false,,9.90,0.0000,true,1,195722
8697617171807,false,תרכיז עגבניות 950 גר,,,תרכיז עגבניות 950 גר,גרמים,950.00,100 גרם,false,,19.90,2.0947,true,1,186873
8697659234164,false,"דיסני שמפו מיני מאוס 2ב- 600 1מ""ל",,,דיסני שמפו ומרכך מינ,מיליליטרים,600.00,"100 מ""ל",false,,17.90,2.9833,true,1,144884
8697659238155,false,"משחת שיניים לילדים מלך האריות לגיל 2-6שנים 50מ""ל",,,משחת שיניים לילדים מ,Unknown,0.00,יחידה,false,,9.90,0.0000,true,1,144908
8697659238551,false,"דיסני אל סבון נוזלי פרוזן 400 מ""ל",,,דיסני אל סבון נוזלי,Unknown,0.00,יחידה,false,,9.90,0.0000,true,1,162207
8697659244385,false,אסותא מילוי מטהר אוויר בניחוח ורדים,עיסא ערטול בעמ,,אסותא מילוי מטהר אוו,Unknown,0.00,יחידה,false,,9.90,0.0000,true,1,184908
8697659244422,false,מילוי מטהר אוויר בני,,,אסותא מילוי מטהר אוו,Unknown,0.00,יחידה,false,,9.90,0.0000,true,1,184911
8697659244446,false,אסותא מילוי מטהר אוויר בניחוח לבנדר,עיסא ערטול בעמ,,אסותא מילוי מטהר אוו,Unknown,0.00,יחידה,false,,9.90,0.0000,true,1,184913
8697659244453,false,מילוי מטהר אוויר אנט,,,אסותא מילוי מטהר אוו,Unknown,0.00,יחידה,false,,9.90,0.0000,true,1,184914
8697713205123,false,סיר נרוסטה,ONCU MUTFAK,,סיר נרוסטה,Unknown,0.00,יחידה,false,,69.90,0.0000,true,1,196000
8697713209015,false,תבנית לאפיה,ONCU MUTFAK,,תבנית לאפיה,Unknown,0.00,יחידה,false,,44.90,0.0000,true,1,195886
8697728790287,false,סט צנצנות קטן,,,סט צנצנות קטן,Unknown,0.00,יחידה,false,,15.00,0.0000,true,1,150832
8697806730068,false,מלקחי ברביקיו מתכת,UNVER-BBQ,,מלקחי ברביקיו מתכת,Unknown,0.00,יחידה,false,,9.90,0.0000,true,1,196097
8697806730228,false,מלקחי ברביקיו מתכת,UNVER-BBQ,,מלקחי ברביקיו מתכת,Unknown,0.00,יחידה,false,,9.90,0.0000,true,1,196098
8697828877079,false,סט צלחות 18 חלקים בצ,KUTAHYA,,סט צלחות 18 חלקים בצ,Unknown,0.00,יחידה,false,,199.90,0.0000,true,1,191913
8697853094823,false,"קופסא מרובעת 1000 מ""",,,"קופסא מרובעת 1000 מ""",Unknown,0.00,יחידה,false,,12.90,0.0000,true,1,191397
8697853094847,false,"קופסא מרובעת 1700 מ""",,,"קופסא מרובעת 1700 מ""",Unknown,0.00,יחידה,false,,16.90,0.0000,true,1,191399
8697853095110,false,סט 3 קופסאות אחסון מ,,,סט 3 קופסאות אחסון מ,Unknown,0.00,יחידה,false,,24.90,0.0000,true,1,190739
8697950723381,false,SUN - חותך פיצה מתכת,SUN PLASTIC,,SUN - חותך פיצה מתכת,Unknown,0.00,יחידה,false,,9.90,0.0000,true,1,195586
8697950725613,false,SUN - טחנת מלח ופלפל,SUN PLASTIC,,SUN - טחנת מלח ופלפל,Unknown,0.00,יחידה,false,,29.90,0.0000,true,1,194769
8697950726023,false,מברשת למאפה מסיליקון,SUN PLASTIC,,מברשת למאפה מסיליקון,Unknown,0.00,יחידה,false,,14.90,0.0000,true,1,194773
8697950726030,false,מטרפה ידבנית סאן פלס,SUN PLASTIC,,מטרפה ידבנית סאן פלס,Unknown,0.00,יחידה,false,,14.90,0.0000,true,1,194774
8697950726061,false,מסחיטת הדרים ידנית,SUN PLASTIC,,מסחיטת הדרים ידנית,Unknown,0.00,יחידה,false,,9.90,0.0000,true,1,194777
8697950726092,false,קולפן לגבינה סאן פלס,SUN PLASTIC,,קולפן לגבינה סאן פלס,Unknown,0.00,יחידה,false,,9.90,0.0000,true,1,194780
8697950726221,false,SUN - מברשת מאפה סיל,SUN PLASTIC,,SUN - מברשת מאפה סיל,Unknown,0.00,יחידה,false,,9.90,0.0000,true,1,195697
8697950726238,false,SUN - הקצפת ביצים,SUN PLASTIC,,SUN - הקצפת ביצים,Unknown,0.00,יחידה,false,,9.90,0.0000,true,1,194781
8697950726245,false,SUN - פורס גבינה,SUN PLASTIC,,SUN - פורס גבינה,Unknown,0.00,יחידה,false,,9.90,0.0000,true,1,195698
8697950726276,false,SUN - קולפן ירקות,SUN PLASTIC,,SUN - קולפן ירקות,Unknown,0.00,יחידה,false,,9.90,0.0000,true,1,195701
8697950726320,false,SUN - מברשת בצק,SUN PLASTIC,,SUN - מברשת בצק,Unknown,0.00,יחידה,false,,14.90,0.0000,true,1,195706
8697950726337,false,SUN - BONITA PLASTIK,SUN PLASTIC,,SUN - BONITA PLASTIK,Unknown,0.00,יחידה,false,,14.90,0.0000,true,1,194782
8697950726412,false,SUN - מרית סיליקון T,SUN PLASTIC,,SUN - מרית סיליקון T,Unknown,0.00,יחידה,false,,22.88,0.0000,true,1,194783
8697950726443,false,SUN - קולפן ירקות טר,SUN PLASTIC,,SUN - קולפן ירקות טר,Unknown,0.00,יחידה,false,,9.90,0.0000,true,1,194786
8697950731164,false,SUN - חותך בצורות רב,SUN PLASTIC,,SUN - חותך בצורות רב,Unknown,0.00,יחידה,false,,9.90,0.0000,true,1,195689
8697950731249,false,רול לבצק עוגיות ופיצ,SUN PLASTIC,,רול לבצק עוגיות ופיצ,Unknown,0.00,יחידה,false,,14.90,0.0000,true,1,194815
8697950731256,false,SUN - פותחן בצק עץ,SUN PLASTIC,,SUN - פותחן בצק עץ,Unknown,0.00,יחידה,false,,14.90,0.0000,true,1,195582
8697950731331,false,SUN - תבנית חותך בצו,SUN PLASTIC,,SUN - תבנית חותך בצו,Unknown,0.00,יחידה,false,,9.90,0.0000,true,1,194821
8697950733014,false,SUN - חותכי עוגיות ע,SUN PLASTIC,,SUN - חותכי עוגיות ע,Unknown,0.00,יחידה,false,,9.90,0.0000,true,1,194824
8697950733038,false,SUN - חותכי עוגיות מ,SUN PLASTIC,,SUN - חותכי עוגיות מ,Unknown,0.00,יחידה,false,,9.90,0.0000,true,1,194826
8697950733045,false,SUN - חותכי עוגיות כ,SUN PLASTIC,,SUN - חותכי עוגיות כ,Unknown,0.00,יחידה,false,,9.90,0.0000,true,1,194827
8697950740036,false,*מבצע* SUN - מסננת W,SUN PLASTIC,,*מבצע* SUN - מסננת W,Unknown,0.00,יחידה,false,,10.00,0.0000,true,1,194834
8697950740074,false,SUN - WOW קרש חיתוך,SUN PLASTIC,,SUN - WOW קרש חיתוך,Unknown,0.00,יחידה,false,,19.90,0.0000,true,1,194838
8697975036817,false,סט מלח פלפל DORIAN,,,סט מלח פלפל DORIAN,Unknown,0.00,יחידה,false,,18.90,0.0000,true,1,197020
8698313596635,false,"גלידת שמנת עם פיסטוק אריזה משפחתית 500 מ""ל",דילר בי.אם.די. פורמולה בעמ,,"מאראשם וניל 500 מ""ל",מיליליטרים,500.00,"100 מ""ל",false,,22.90,4.5800,true,1,155761
8698313596659,false,גלידה פיסטוק שמנת משפחתי 500ג' מאראשם,דילר בי.אם.די. פורמולה בעמ,,מאראשם פיסטוקים 500,מיליליטרים,500.00,"100 מ""ל",false,,22.90,4.5800,true,1,155763
8698313596666,false,גלידת שמנת עם חתיכות פיסטוק 555 גר,אייס דילר בי.אמ.די בעמ,,"מאראשם פרוסות 650 מ""",מיליליטרים,650.00,"100 מ""ל",false,,31.90,4.9077,true,1,155764
8699038065284,false,בקבוק קטניות זכוכית,,,בקבוק קטניות זכוכית,Unknown,0.00,יחידה,false,,4.90,0.0000,true,1,110651
8699038075788,false,כד מעוצב זכוכית 1 לי,,,כד מעוצב זכוכית 1 לי,Unknown,0.00,יחידה,false,,14.90,0.0000,true,1,201900
8699073290764,false,פלפל אדום קלוי 680 גרם MELIS כשרות K,ג. וילי-פוד אינטרנשיונל בע`מ,,פלפל אדום קלוי 680 ג,גרמים,680.00,100 גרם,false,,12.90,1.8971,true,1,170025
8699073292768,false,חציל קלוי על האש 640 גרם MELIS כשרות K,ג. וילי-פוד אינטרנשיונל בע`מ,,חציל קלוי על האש 640,גרמים,640.00,100 גרם,false,,12.90,2.0156,true,1,170029
8699141057053,false,ממתק ביסקולטה מווד 1,,,ביסקולטה מווד 125 גר,Unknown,0.00,יחידה,false,,6.90,0.0000,true,1,121751
8699141157104,false,ממתק אוזמו הופו 40 ג,,,אוזמו הופו 40 גרם,Unknown,0.00,יחידה,false,,2.90,0.0000,true,1,121758
8699141158095,false,ממתק אוזמו אוגובוגו,,,אוזמו אוגובוגו 24*30,Unknown,0.00,יחידה,false,,22.90,0.0000,true,1,121763
8699375821673,false,*מבצע* קערה עם קרש ח,arslankaya plastik,,*מבצע* קערה עם קרש ח,Unknown,0.00,יחידה,false,,10.00,0.0000,true,1,194843
8699375822243,false,מתלה לצלחת פשוט XL,arslankaya plastik,,מתלה לצלחת פשוט XL,Unknown,0.00,יחידה,false,,39.90,0.0000,true,1,194847
8699375822458,false,מברשת לאסלה 500,arslankaya plastik,,מברשת לאסלה 500,Unknown,0.00,יחידה,false,,24.90,0.0000,true,1,194848
8699375822502,false,*מבצע* פח אשפה 5 5 L,arslankaya plastik,,*מבצע* פח אשפה 5 5 L,Unknown,0.00,יחידה,false,,10.00,0.0000,true,1,194850
8699375822533,false,מחזיק מגבת נייר גליל,arslankaya plastik,,מחזיק מגבת נייר גליל,Unknown,0.00,יחידה,false,,14.90,0.0000,true,1,194851
8699375822793,false,מברשת לאסלה (צבעים),arslankaya plastik,,מברשת לאסלה (צבעים),Unknown,0.00,יחידה,false,,29.90,0.0000,true,1,194853
8699375822809,false,*מבצע* פח אשפה של דו,arslankaya plastik,,*מבצע* פח אשפה של דו,Unknown,0.00,יחידה,false,,19.90,0.0000,true,1,194854
8699375822960,false,*מבצע* פח אשפה 10 LT,arslankaya plastik,,*מבצע* פח אשפה 10 LT,Unknown,0.00,יחידה,false,,19.90,0.0000,true,1,191906
8699375823028,false,*מבצע* קופסת מפיות ת,arslankaya plastik,,*מבצע* קופסת מפיות ת,Unknown,0.00,יחידה,false,,10.00,0.0000,true,1,191909
8699462248291,false,קרש חיתוך מעץ 15,MEVLANA,,קרש חיתוך מעץ 15,Unknown,1.00,יחידה,false,,49.90,49.9000,true,1,195730
8710243962400,false,גבינת קרם אולד אמסטר,ווסטלנד,,אולד אמסטרדם קרם 12,גרמים,125.00,100 גרם,false,,24.90,19.9200,true,1,181310
8710314000796,false,סמנת אלחלוב גולד 800,,,סמנת אלחלוב גולד 800,גרמים,800.00,100 גרם,false,,69.90,8.7375,true,1,198444
8710314000819,false,סמנה 400 ג' אלחלוב,,,שומן חמאה 400 גרם,גרמים,400.00,100 גרם,false,,34.90,8.7250,true,1,160281
8710314000833,false,"סמנת אלחלוב 1.6 ק""ג",,,"סמנת אלחלוב 1.6 ק""ג",פריט,1.60,"ק""ג",false,,119.90,74.9375,true,1,184466
8710314001564,false,חמאה אלחלוב 200 גרם,,,חמאה אלחלוב 200 גרם,Unknown,0.00,יחידה,false,,13.90,0.0000,true,1,184344
8710447211052,false,טרזמה בוטניק שמפו להזנה ושיקום 400 מל,"יוניליוור ישראל שיווק בע""מ",,TRESEMME שמפו בוטניק,מיליליטרים,400.00,"100 מ""ל",false,,22.90,5.7250,true,1,120000
8710447224205,false,"מרכך טרזמה משקם בתוספת ביוטין 400 מ""ל",יוניליוור ישראל שיווק בעמ,,TRESEMME שמפו בוטניק,מיליליטרים,400.00,"100 מ""ל",false,,17.90,4.4750,true,1,159488
8710447224311,false,מרכך בוטניק בתוספת שמן קוקוס ואלוורה,"יוניליוור ישראל שיווק בע""מ",,TRESEMME מרכך בוטניק,מיליליטרים,400.00,"100 מ""ל",false,,22.90,5.7250,true,1,120002
8710447275313,false,דאב קרם ידיים שמן קוקוס וחלב שקדים,יוניליוור ישראל שיווק בעמ,,דאב קרם ידיים קוקוס,Unknown,0.00,יחידה,false,,11.90,0.0000,true,1,120008
8710447284117,false,"ג'ל רחצה אקס בלאק 400 מ""ל",יוניליוור ישראל שיווק בע`מ,,אקס גל רחצה בלאק 400,מיליליטרים,400.00,"100 מ""ל",false,,12.90,3.2250,true,1,120010
8710447320662,false,דאודורנט ספריי בניחוח אפרסק ולימון ללא אלומיניום,יוניליוור ישראל שיווק בע`מ,,דאב דאו ספריי אפרסק,מיליליטרים,150.00,"100 מ""ל",false,,17.90,11.9333,true,1,156711
8710448580089,false,מיונז אמיתי הולנדי 500מל,רמייה,,מיונז הולנדי אמיתי 5,מיליליטרים,500.00,"100 מ""ל",false,,19.90,3.9800,true,1,179191
8710502100864,false,עוגיות מרבה פטיסרי דאבל שוקולד 200 גרם,ש.שסטוביץ בעמ,,מרבה פטיסרי עוגיות ד,גרמים,200.00,100 גרם,false,,11.90,5.9500,true,1,197296
8710502139017,false,עוגיות טריפל שוקולד צ`יפס מרבה (180 גרם),בנקטבקריי מרבה בי.וי,,מרבה טריפל שוקולד צי,גרמים,180.00,100 גרם,false,,9.90,5.5000,true,1,128549
8710502194801,false,"עוגיות שוקלד ציפס רכה פירות יער ""מרבה"" 175 גרם",בנקטבקריי מרבה בי.וי,,מרבה ע.שוקולד ציפס ר,גרמים,175.00,100 גרם,false,,9.90,5.6571,true,1,128550
8710502194825,false,מרבה - עוגיות שוקוצ'יפס כשר למהדרין 150 גרם,ש.שסטוביץ בעמ,,מרבה עוגיות שוקולד צ,גרמים,150.00,100 גרם,false,,8.90,5.9333,true,1,128551
8710502231018,false,מרבה עוגיות מיני שוקולד צ'יפס 175 גרם,ש. שסטוביץ בע`מ,,מרבה עוגיות שוקולד צ,Unknown,0.00,יחידה,false,,9.90,0.0000,true,1,175115
8710502279010,false,מרבה עוגיות שוקולד צ'יפס מצופות שוקולד 175 גרם,"י.מרבה ישראל בע""מ",,מרבה ע.שוקוציפס מצופ,גרמים,175.00,100 גרם,false,,9.90,5.6571,true,1,169921
8710502285509,false,מרבה - עוגיות לימון ושוקולד צ'יפס במרקם רך 175 גרם,בנקטבקריי מרבה בי.וי,,מרבה עוגיות לימון וש,גרמים,225.00,100 גרם,false,,9.90,4.4000,true,1,186619
8710502470028,false,עוגיות שוקולד צ'יפס ממולאות בקרם נוגט,קריניציה ויטמינה אס,,מרבה נוגטלי 160 גרם,גרמים,160.00,100 גרם,false,,9.90,6.1875,true,1,128557
8710552274614,false,שמפו קצף לנ.שטיחים וניש קליה גולד 600 מל,רקיט בנקיזר (ניר איסט) בעמ,,וניש גולד לשטיחים,Unknown,0.00,יחידה,false,,29.90,0.0000,true,1,134194
8710800027573,false,סוכריות מיני בטעם פירות מנטוס 178 גרם,פרפטי ואן מלה ברדה,,מיני מנטוס שקית,גרמים,178.00,100 גרם,false,,13.90,7.8090,true,1,121410
8710800961310,false,סוכריות בטעם תות מנטוס 4*375 גרם,פרפטי ואן מלה ברדה,,מנטוס 1/4 תות,גרמים,150.00,100 גרם,false,,10.90,7.2667,true,1,121412
8710847860829,false,"רקסונה - דאודורנט רול און לאישה כותנה 50 מ""ל",יוניליוור פארם,,רקסונה רולאון כותנה,Unknown,0.00,יחידה,false,,14.90,0.0000,true,1,120020
8710847942679,false,טרזמה שמפו לשיער יבש בתוספת שמן המפ,"יוניליוור ישראלשיווק בע""מ",,"TRESEMME שמפו 400 מ""",מיליליטרים,400.00,"100 מ""ל",false,,22.90,5.7250,true,1,184333
8710847942693,false,טרזמה מרכך לשיער יבש שמן המפ 400 מל,"יוניליוור ישראל שיווק בע""מ",,"TRESEMME מרכך 400 מ""",מיליליטרים,400.00,"100 מ""ל",false,,22.90,5.7250,true,1,184334
8710908326691,false,"תחליב רחצה פרח האדמונית דאב 750 מ""ל",יוניליוור ישראל שיווק בע`מ,,דאב ת.רחצה אדמונית 7,מיליליטרים,750.00,"100 מ""ל",false,,18.90,2.5200,true,1,111385
8710908404184,false,דאודורנט ספריי 0% אלומיניום אורגינל דאב,יוניליוור ישראל שיווק בע`מ,,דאב דאו ספריי אוריגי,מיליליטרים,150.00,"100 מ""ל",false,,17.90,11.9333,true,1,156712
8711000371176,false,ג'ייקובס קפסולות קפה אספרסו קלאסיקו עוצמה 7,ג'ייקובס דאו אגברטס צרפת,,ג'ייקובס קפסולות קפה,Unknown,0.00,יחידה,false,,14.90,0.0000,true,1,140897
8711000371244,false,"ג'ייקובס קפסולות אספרסו (8) 10 יח', 52ג' לונגו",דיפלומט מפיצים (1968) בעמ**,,גייקובס קפסולות אספר,Unknown,0.00,יחידה,false,,14.90,0.0000,true,1,140900
8711000472040,false,קפסולות קפה אספרסו סלקשיין גייקובס 52 גר,דיפלומט מפיצים (1968) בעמ**,,ג'ייקובס קפסולות קפה,Unknown,0.00,יחידה,false,,14.90,0.0000,true,1,185007
8711000497050,false,קפסולות גייקובס בריס,JDE,,קפסולות גייקובס בריס,Unknown,0.00,יחידה,false,,19.90,0.0000,true,1,198127
8711200443789,false,"חרדל דיז'ון גרגירים בבקבוק לחיץ סיימן 235 מ""ל",מיילי,,חרדל גרגירים לחיץ 2,גרמים,235.00,100 גרם,false,,12.90,5.4894,true,1,153822
8711200443802,false,"חרדל דיזון בבקבוק לחיץ 235 מ""ל",מיילי,,חרדל דיז'ון לחיץ 23,גרמים,235.00,100 גרם,false,,12.90,5.4894,true,1,153823
8711314021507,false,"אבקת חלב מורני 2.5ק""",,,"אבקת חלב מורני 2.5ק""",Unknown,0.00,יחידה,false,,110.00,0.0000,true,1,142895
8711327475618,false,מגנום פיינט וניל קלאסיק 260 גר`,"מפעל גלידות בווספרם, רחו",,מגנום פיינט וניל קלא,מיליליטרים,440.00,"100 מ""ל",false,,18.90,4.2955,true,1,172002
8711327475717,false,מגנום פיינט וניל שקדים 260 גרם,"מפעל גלידות בווספרם, רחו",,מגנום פיינט וניל שקד,מיליליטרים,440.00,"100 מ""ל",false,,18.90,4.2955,true,1,172004
8711327475762,false,מגנום פיינט שוקולד לבן עוגיות 260 גרם,"מפעל גלידות בווספרם, רחו",,מגנום פיינט שוקולד ל,מיליליטרים,440.00,"100 מ""ל",false,,18.90,4.2955,true,1,172005
8711700665834,false,סבון מוצק Beauty cream bar בניחוח מלפפון ותה ירוק - מארז שישיה,"יוניליוור ישראלשיווק בע""מ",,דאב סבון מוצק מלפפונ,Unknown,6.00,יחידה,false,,19.90,3.3167,true,1,111386
8712000051099,false,"שישיית בירה היינקן 0% אלכוהל בקבוק 330 מ""ל","מבשלת היינקן, ריטבלדנברג",,היינקן ללא אלכהול שי,Unknown,6.00,יחידה,false,,32.90,5.4833,true,1,142513
8712092005802,false,גבינה מעושנת טבעי 200 ג',,,מעושנת 200 גרם,גרמים,200.00,100 גרם,false,,22.90,11.4500,true,1,137204
8712400802499,false,תרכובת מזון המשך לפעוטות על בסיס חלב שלב 1,דיפלומט מפיצים (1968) בעמ**,,נוטרילון 1 800 גרם,גרמים,800.00,100 גרם,false,,59.90,7.4875,true,1,111529
8712400802512,false,תרכובת מזון המשך לפעוטות על בסיס חלב שלב 2,דיפלומט מפיצים (1968) בעמ**,,נוטרילון 2 800 גרם,גרמים,800.00,100 גרם,false,,59.90,7.4875,true,1,111530
8712400802536,false,תרכובת מזון המשך לפעוטות על בסיס חלב שלב 3,דיפלומט מפיצים (1968) בעמ**,,נוטרילון 3 800 גרם,גרמים,800.00,100 גרם,false,,59.90,7.4875,true,1,111531
8712436103751,false,קופה קוסמופוליטן קוק,,,קופה קוסמופוליטן קוק,מיליליטרים,700.00,"100 מ""ל",false,,70.00,10.0000,true,1,112973
8712561594240,false,"דאב תחליב רחצה להזנה עמוקה500 מ""ל-מרכז",יוניליוור ישראל שיווק בע`מ,,דאב ת.רחצה אוריגינל,מיליליטרים,500.00,"100 מ""ל",false,,12.90,2.5800,true,1,196786
8712561594608,false,"דאב תחליב רחיצה להזנה עמוקה 750 מ""ל",יוניליוור ישראל שיווק בע`מ,,דאב ת.רחצה להזנה עמו,מיליליטרים,750.00,"100 מ""ל",false,,18.90,2.5200,true,1,111387
8712561611183,false,דאב סבון נוזלי 500 תמציות מלפפונים ותה,יוניליוור ישראל שיווק בע`מ,,דאב ת.רחצה תה ירוק ו,מיליליטרים,500.00,"100 מ""ל",false,,12.90,2.5800,true,1,196785
8712561611411,false,"תחליב רחצה בניחוח מלפפון ותה ירוק דאב 750 מ""ל",יוניליוור ישראל שיווק בע`מ,,דאב ת.רחצה תה ירוק ו,Unknown,0.00,יחידה,false,,18.90,0.0000,true,1,111388
8712561626286,false,תחליב רחצה זוהר כמשי דאב (750 מל),יוניליוור ישראל שיווק בע`מ,,דאב ת.רחצה זוהר כמשי,מיליליטרים,750.00,"100 מ""ל",false,,18.90,2.5200,true,1,120065
8712561631570,false,"תחליב רחצה קוקוס ויסמין דאב 750 מ""ל",יוניליוור ישראל שיווק בע`מ,,דאב ת.רחצה חלב קוקוס,מיליליטרים,750.00,"100 מ""ל",false,,18.90,2.5200,true,1,120066
8714555000058,false,בשר זואן 800 גרם,,,בשר זואן 800 גרם,גרמים,800.00,100 גרם,false,,24.90,3.1125,true,1,119046
8714599104316,false,ג'ייקובס קפה שחור קלוי וטחון טורקי 200 גרם,דיפלומט מפיצים (1968) בעמ**,,גייקובס קפה שחור 200,גרמים,200.00,100 גרם,false,,14.90,7.4500,true,1,140904
8714599410806,false,ג'ייקובס קרוננג מיובש בהקפאה 160 גרם סגירה חוזרת,דיפלומט מפיצים (1968) בעמ**,,ג'ייקובס קרוננג מיוב,גרמים,160.00,100 גרם,false,,19.90,12.4375,true,1,170122
8714599412220,false,ג'ייקובס וולווט קפה נמס מיובש בהקפאה 95 גרם,דיפלומט מפיצים (1968) בעמ**,,ג'ייקובס וולווט קפה,Unknown,0.00,יחידה,false,,19.90,0.0000,true,1,183663
8714599412336,false,קפה נמס בריסטה אמריקנו קלוי וטחון 160 ג' ג'ייקובס,דיפלומט מפיצים (1968) בעמ**,,ג'ייקובס בריסטה אמרי,Unknown,0.00,יחידה,false,,29.90,0.0000,true,1,185004
8714599513781,false,"קפה נמס מיובש בהקפאה זהב צנצנת ג'ייקובס 200 גרם לל""ס",דיפלומט מפיצים (1968) בעמ**,,קפה ג'יקובס גולד 200,גרמים,200.00,100 גרם,false,,27.90,13.9500,true,1,140913
8714599513835,false,גי'קובס קרונונג נייט אנד דיי - נטול קופיאין,דיפלומט מפיצים (1968) בעמ**,,ג'ייקובס נטול קופאין,גרמים,200.00,100 גרם,false,,32.90,16.4500,true,1,140915
8714599513866,false,"קפה נמס מיובש בהקפאה קרונג צנצנת ג'ייקובס 200 גרם לל""ס",דיפלומט מפיצים (1968) בעמ**,,קפה ג'יקובס קרונונג,גרמים,200.00,100 גרם,false,,27.90,13.9500,true,1,140916
8714789177229,false,רבעיית מברשות שיניים קולגייט אקסטרה קלין 1 יחידה,הנסיך- מפעל לייצור ט,,קולגייט מברשת שיניים,Unknown,4.00,יחידה,false,,10.90,2.7250,true,1,128562
8714789218465,false,מברשת שיניים 360 סופט קולגייט 2 יחידות,הנסיך- מפעל לייצור ט,,קולגייט מברשת שיניים,Unknown,2.00,יחידה,false,,31.90,15.9500,true,1,128565
8714789303925,false,מברשת שיניים 360 סנסטיב רכה במיוחד קולגייט 2 יחידות,קולגייט- פלמוליב,,קולגייט מברשת שיניים,Unknown,2.00,יחידה,false,,31.90,15.9500,true,1,128568
8714789402918,false,נוזל לניקוי כללי ורצפות בניחוח פרחי בר אג'קס 1.5 ליטר,הנסיך- מפעל לייצור ט,,אגקס חגיגת הפרחים אד,קילוגרמים,1.50,ליטר,false,,19.90,13.2667,true,1,128569
8714789402932,false,נוזל לניקוי כללי ורצפות בניחוח ורדי בוקר אג'קס 1.5 ליטר,הנסיך- מפעל לייצור ט,,אגקס חגיגת הפרחים ור,קילוגרמים,1.50,ליטר,false,,19.90,13.2667,true,1,111461
8714789450315,false,פלמוליב נוזל כלים לימון 1.5 ליטר,הנסיך- מפעל לייצור ט,,פלמוליב שקוף לימון 1,קילוגרמים,1.50,ליטר,false,,14.90,9.9333,true,1,128570
8714789529561,false,"משחת שיניים סנסטיב פרו ריליף להלבנה קולגייט 75 מ""ל",קולגייט-פלמוליב,,קולגייט סנסיטיב פרו,מיליליטרים,75.00,"100 מ""ל",false,,23.90,31.8667,true,1,128573
8714789831275,false,מברשת שיניים 360 אופטיק ווייט קולגייט 2 יחידות,קולגייט-פלמוליב,,קולגייט מברשת שיניים,Unknown,2.00,יחידה,false,,31.90,15.9500,true,1,128579
8714789834467,false,פלמוליב נוזל לניקוי כלים קלאסי 1.5 ליטר,קולגייט-פלמוליב,,פלמוליב נוזל כלים 1.,קילוגרמים,1.50,ליטר,false,,14.90,9.9333,true,1,128580
8714789930848,false,"משחת שיניים אופטיק וייט הלבנה מיידית קולגייט 75 מ""ל",איינשטיין-צור יבוא-יצוא וסחר ב,,קולגייט משחת שיניים,Unknown,0.00,יחידה,false,,19.90,0.0000,true,1,128583
8714800003384,false,"בירה בווריה 0% אלכוהול אורגינל 330 מ""ל ב",בוואריה,,בוואריה משקה מאלט מו,מיליליטרים,500.00,"100 מ""ל",false,,5.00,1.0000,true,1,131052
8714800017473,false,"בירה בווריה 0% אלכוהול תפוח 330 מ""ל ב",בווריה,,"בוואריה בטעם תפו""ע 3",מיליליטרים,330.00,"100 מ""ל",false,,5.00,1.5152,true,1,131053
8714800017480,false,"בוואריה בטעם תפוח 330 מ""ל מארז שישייה",בוואריה,,בוואריה בטעם תפוח שי,Unknown,0.00,יחידה,false,,29.90,0.0000,true,1,131054
8714800019934,false,"בוואריה בטעם תות 330 מ""ל מארז שישייה",,,בוואריה בטעם אפרסק ש,Unknown,0.00,יחידה,false,,29.90,0.0000,true,1,131058
8714800023399,false,שישיית בווריה 0% אלכוהול אורגינל 330 מל,בוואריה,,בוואריה בטעם אוריגינ,Unknown,6.00,יחידה,false,,29.90,4.9833,true,1,131060
8714800025713,false,"בוואריה בטעם רימון 330 מ""ל מארז שישייה",,,בוואריה בטעם רימונים,Unknown,0.00,יחידה,false,,29.90,0.0000,true,1,131065
8714800027861,false,בוואריה בטעם אפרסק שישייה*330 מ''ל,,,מאלט בוואריה תות שיש,Unknown,0.00,יחידה,false,,29.90,0.0000,true,1,131067
8714800035996,false,בוואריה בטעם ג'ינגיר,,,בוואריה בטעם ג'ינגיר,Unknown,0.00,יחידה,false,,29.90,0.0000,true,1,169910
8715035520301,false,פונזו רוטב יפני מסורתי מבוסס על רוטב סויה ולימון,דיפלומט מפיצים (1968) בעמ**,,פונזו רוטב יפני מסור,Unknown,0.00,יחידה,false,,19.90,0.0000,true,1,140920
8715700110141,false,מיונז קרמי היינץ צנצנת 460ג',דיפלומט מפיצים (1968) בעמ**,,היינץ ממרח מיונז צנצ,גרמים,460.00,100 גרם,false,,11.90,2.5870,true,1,140921
8715700110158,false,היינץ ממרח במרקם קרמי צנצנת 490 גרם,דיפלומט מפיצים (1968) בעמ**,,היינץ ממרח לייט צנצנ,גרמים,490.00,100 גרם,false,,11.90,2.4286,true,1,140922
8715700117805,false,"קטשופ היינץ מתבל עגבניות ללא תוספת סוכר ומלח 425 מ""ל",דיפלומט מפיצים (1968) בעמ**,,היינץ מתבל עגבניותלל,גרמים,555.00,100 גרם,false,,11.90,2.1441,true,1,160486
8715700120874,false,מתבל עגבניות היינץ בתוספת שום,דיפלומט מפיצים (1968) בעמ**,,היינץ קטשופ שום 460,גרמים,460.00,100 גרם,false,,11.90,2.5870,true,1,185008
8715700419732,false,מתבל עגבניות היינץ (700 גרם),דיפלומט מפיצים (1968) בעמ**,,היינץ קטשופ 700 גרם,גרמים,700.00,100 גרם,false,,10.90,1.5571,true,1,140931
8715700421322,false,היינץ רוטב ברביקיו צ'ילי 490 גרם,דיפלומט מפיצים (1968) בעמ**,,היינץ רוטב ברביקיו צ,גרמים,490.00,100 גרם,false,,16.90,3.4490,true,1,140933
8715700422473,false,ממרח לכריכים וסלטים ללא ח. משמרים היינץ 395 גרם,דיפלומט מפיצים (1968) בעמ**,,היינץ מיונז ממרח לח,גרמים,395.00,100 גרם,false,,15.90,4.0253,true,1,140936
8715700423906,false,היינץ מתבל עגבניות מופחת סוכר ומלח 50/50 550 גרם,דיפלומט מפיצים (1968) בעמ**,,היינץ מתבל עגבניות 5,גרמים,555.00,100 גרם,false,,11.90,2.1441,true,1,140938
8717163628355,false,"מרכך טרזמה להחלקה וצביעה 400 מ""ל","יוניליוור ישראלשיווק בע""מ",,TRESEMME מרכך קרטין,מיליליטרים,400.00,"100 מ""ל",false,,22.90,5.7250,true,1,159054
8717163647226,false,"אקס דאודורנט ספריי גוף בלאק 150 מ""ל",יוניליוור ישראל שיווק בע`מ,,אקס בודי ספריי בלק 1,מיליליטרים,150.00,"100 מ""ל",false,,12.90,8.6000,true,1,111394
8717163647240,false,"אקס דאודורנט ספריי גוף לגבר שוקולד 150 מ""ל",יוניליוור ישראל שיווק בע`מ,,אקס בודי ספריי שוקול,מיליליטרים,150.00,"100 מ""ל",false,,12.90,8.6000,true,1,111396
8717163647257,false,"אקס דאודורנט ספריי גוף גולד 150 מ""ל",יוניליוור ישראל שיווק בע`מ,,אקס ספריי גוף לגבר ג,מיליליטרים,150.00,"100 מ""ל",false,,12.90,8.6000,true,1,111397
8717163647264,false,"אקס דאודורנט ספריי גוף אייס צ'יל 150 מ""ל",יוניליוור ישראל שיווק בע`מ,,אקס דאודורנט ספריי ג,מיליליטרים,150.00,"100 מ""ל",false,,12.90,8.6000,true,1,120079
8717163647301,false,אקס דאודורנט ספריי גולד לגבר 150 מל,"יוניליוור ישראל שיווק בע""מ",,אקס דאודורנט אנטי פר,Unknown,0.00,יחידה,false,,12.90,0.0000,true,1,120080
8717163655764,false,"רקסונה - דאודורנט ספריי לאישה שוואר פרש 150 מ""ל","יוניליוור ישראל שיווק בע""מ",,רקסונה דאודורנט ספרי,מיליליטרים,150.00,"100 מ""ל",false,,14.90,9.9333,true,1,120083
8717163655825,false,"רקסונה דאו' ספריי לנשים בניחוח כותנה, 150 מ""ל","יוניליוור ישראל שיווק בע""מ",,רקסונה דאודורנט ספרי,מיליליטרים,150.00,"100 מ""ל",false,,14.90,9.9333,true,1,120084
8717163663493,false,"רקסונה - דאודורנט ספריי לגבר קובלט דריי 150 מ""ל","יוניליוור ישראל שיווק בע""מ",,רקסונה מן ספריי קובל,מיליליטרים,150.00,"100 מ""ל",false,,14.90,9.9333,true,1,120087
8717163711668,false,"דאודורנט רקסונה ספריי נשים טלק 150 מ""ל",יוניליוור ישראל שיווק בע`מ,,רקסונה ספריי טלק 150,מיליליטרים,150.00,"100 מ""ל",false,,14.90,9.9333,true,1,120092
8717163714850,false,דאודורנט ספריי קוקוס ויסמין( 150 מל),"יוניליוור ישראל שיווק בע""מ",,דאב ספריי קוקוס 150,מיליליטרים,150.00,"100 מ""ל",false,,17.90,11.9333,true,1,187047
8717163947692,false,"אקס ג'ל רחצה לגבר פרש ברגמוט ופינק פפר 400 מ""ל",יוניליוור ישראל שיווק בע`מ,,אקס גל רחצה פינק פפר,Unknown,0.00,יחידה,false,,12.90,0.0000,true,1,156715
8717545620236,false,גבינת אולד אמסטרדם 1,,,אולד אמסטרדם פרוס 15,גרמים,150.00,100 גרם,false,,29.90,19.9333,true,1,181307
8717677336593,false,טוניס שוקולד חלב 180 גרם רבנות - נוכרי,ליימן שליסל בע`מ,,שוקולד חלב 180 גרם,גרמים,180.00,100 גרם,false,,19.90,11.0556,true,1,191494
8717677336616,false,שוקולד מריר עם שקדים ומלח טוניס' שוקולונלי 180 גרם,ליימן שליסל בע`מ,,שוקולד מריר עם שקדים,גרמים,180.00,100 גרם,false,,19.90,11.0556,true,1,191496
8717677336630,false,שוקולד חלב עם שקדים ודבש טוניס' שוקולונלי 180 גרם,ליימן שליסל בע`מ,,שוקולד חלב עם שקדים,גרמים,180.00,100 גרם,false,,19.90,11.0556,true,1,191497
8717677336654,false,טוניס - שוקולד חלב מעולה עם שברי קרמל מלוח,ליימן שליסל בע`מ,,שוקולד טוניס חלב מעו,גרמים,180.00,100 גרם,false,,19.90,11.0556,true,1,200245
8717677338436,false,שוקולד חלב עם אגוזי לוז טוניס' שוקולונלי 180 גרם,ליימן שליסל בע`מ,,שוקולד חלב עם אגוזי,גרמים,180.00,100 גרם,false,,19.90,11.0556,true,1,191495
8718114734484,false,ממרח מיוני מיילי 320 גרם,א. סיימן סחר בעמ,,מיונז 320 גרם,Unknown,0.00,יחידה,false,,17.90,0.0000,true,1,153824
8718117607662,false,נוטרילון A.R תרכובת מזון מגיל לידה,דיפלומט מפיצים (1968) בעמ**,,נוטרילון AR ריפלוקס,גרמים,900.00,100 גרם,false,,89.90,9.9889,true,1,140939
8718309255961,false,סודה קלאב סירופ לימו,,,סודה קלאב סירופ לימו,מיליליטרים,500.00,"100 מ""ל",false,,15.00,3.0000,true,1,145349
8718951030169,false,"קולגייט סנסיטיב הלבנה המסייעת בהגנה לשיניים רגישות 75 מ""ל",ש. שסטוביץ בע`מ,,קולגייט סנסיטיב הלבנ,Unknown,0.00,יחידה,false,,17.90,0.0000,true,1,163764
8718951030206,false,"קולגייט סנסיטיב פרוטקשן משחת שיניים לשיניים רגישות 75 מ""ל",קולגייט-פלמוליב,,קולגייט סנסיטיב מולט,Unknown,0.00,יחידה,false,,17.90,0.0000,true,1,159088
8718951079205,false,"קולגייט סנסיטיב פרו רליף רפיר אנד פריוונט 75 מ""ל",קולגייט-פלמוליב,,קולגייט סנסטיב פרו ר,מיליליטרים,75.00,"100 מ""ל",false,,23.90,31.8667,true,1,128592
8718951093331,false,מרידול זוג מברשות שיניים אקסטרה סופט,קולגייט פלמוליב,,מרידול מברשת שיניים,Unknown,2.00,יחידה,false,,34.90,17.4500,true,1,128593
8718951144064,false,מרידול מברשת שיניים פרודונט אקספרט זוג,"ש. שסטוביץ בע""\מ",,מרידול מברשת שיניים,Unknown,2.00,יחידה,false,,34.90,17.4500,true,1,128598
8718951159808,false,מברשות שיניים 360 מדיום- מארז שלישייה,קולגייט-פלמוליב,,קולגייט מברשת שיניים,Unknown,0.00,יחידה,false,,29.90,0.0000,true,1,128600
8718951166288,false,"משחת שיניים קולגייט מקס וייט 125 מ""ל",הנסיך- מפעל לייצור ט,,קולגייט משחת מקס ויי,מיליליטרים,125.00,"100 מ""ל",false,,16.90,13.5200,true,1,111466
8718951166561,false,משחת שיניים לרעננות מוגברת max fresh cooling crystals,הנסיך- מפעל לייצור ט,,קולגייט משחת מקס פרש,מיליליטרים,125.00,"100 מ""ל",false,,16.90,13.5200,true,1,111467
8718951167094,false,נוזל כלים פלמוליב צילינדר תפוז וליים 1 ל,יבואן ומשווק: ש. שסט,,פלמוליב צילינדר תפוז,קילוגרמים,1.00,ליטר,false,,13.90,13.9000,true,1,128604
8718951175280,false,"קולגייט טוטאל משחת שיניים פרו ויזבל אקשן עם קצף פעיל 75 מ""ל",ש.שסטוביץ בעמ,,קולגייט משחת טוטל פר,מיליליטרים,75.00,"100 מ""ל",false,,16.90,22.5333,true,1,128607
8718951175631,false,מש.שיניים קולגייט טוטל פרו גאם אקשן 75מל,ש. שסטוביץ בע`מ,,קולגייט משחת טוטל פר,מיליליטרים,75.00,"100 מ""ל",false,,16.90,22.5333,true,1,128608
8718951176874,false,קולגייט שטיפת פה לילדים מיניונים 250 מל,קולגייט-פלמוליב,,קולגייט מי פה מיניון,Unknown,0.00,יחידה,false,,14.90,0.0000,true,1,184806
8718951222779,false,"מרידול פור משחה לשיניים וחניכיים בריאות 75 מ""ל",קולגייט פלמוליב,,מרידול פור משחה לשינ,Unknown,0.00,יחידה,false,,24.90,0.0000,true,1,128615
8718951236790,false,"קולגייט טוטאל משחת שיניים קלין מינט לפה בריא 100 מ""ל",קולגייט פלמוליב,,קולגייט משחת טוטל קל,מיליליטרים,100.00,"100 מ""ל",false,,17.90,17.9000,true,1,128617
8718951236806,false,"קולגייט טוטאל הלבנה משחת שיניים המסייעת בהסרת כתמים 100 מ""ל",ש. שסטוביץ בע`מ,,קולגייט משחת טוטל הל,מיליליטרים,100.00,"100 מ""ל",false,,17.90,17.9000,true,1,128618
8718951236813,false,"קולגייט טוטאל משחת שיניים ניקוי מתקדם לפה בריא יותר 100 מ""ל",קולגייט פלמוליב,,קולגייט משחת טוטל אד,מיליליטרים,100.00,"100 מ""ל",false,,17.90,17.9000,true,1,111468
8718951240742,false,"קולגייט טוטאל משחת שיניים פסים מרעננים 100 מ""ל",איינשטיין-צור יבוא-יצוא וסחר ב,,קולגייט משחת טוטל פס,מיליליטרים,100.00,"100 מ""ל",false,,17.90,17.9000,true,1,111469
8718951264618,false,"קולגייט אופטיק וייט פחם צ'רקול משחת שיניים, 75 מ""ל",איינשטיין-צור יבוא-יצוא וסחר ב,,קולגייט אופטיק ווייט,מיליליטרים,75.00,"100 מ""ל",false,,29.90,39.8667,true,1,159089
8718951286733,false,"קולגייט אופטיק וייט לסטינג וייט משחת שיניים 75 מ""ל",ש. שסטוביץ בע`מ,,קולגייט אופטיק וייט,Unknown,0.00,יחידה,false,,29.90,0.0000,true,1,186737
8718951313927,false,"סבון ידיים משאבה פלמוליב חימר טונוס 300 מ""ל",ש.שסטוביץ בעמ,,פלמוליב סבון ידיים ח,גרמים,300.00,100 גרם,false,,9.90,3.3000,true,1,163835
8718951314023,false,פלמוליב נטורלס תחליב רחצה אפרסק 750 מל,קולגייט פלמוליב,,"פלמוליב אפרסק 750 מ""",מיליליטרים,750.00,"100 מ""ל",false,,19.90,2.6533,true,1,188014
8718951315303,false,"קולגייט אדומה משחת שיניים להגנה מפני עששת 2*100 מ""ל",קולגייט-פלמוליב,,מארז קולגייט אדומה ב,Unknown,0.00,יחידה,false,,19.90,0.0000,true,1,159966
8718951319806,false,פלמוליב לגבר גל רחצה ושמפו מרענן 750 משא,ש. שסטוביץ בע`מ,,פלמוליב לגבר גל רחצה,מיליליטרים,750.00,"100 מ""ל",false,,19.90,2.6533,true,1,156377
8718951320093,false,זוג מברשות 360 אדוונס וויט שיניים קולגייט,קולגייט-פלמוליב,,קולגייט זוג מברשות 3,Unknown,0.00,יחידה,false,,29.90,0.0000,true,1,161366
8718951333048,false,"פלמוליב סבון לידיים למטבח, 300 מ""ל",הנסיך- מפעל לייצור ט,,פלמוליב סבון ידיים ל,גרמים,300.00,100 גרם,false,,9.90,3.3000,true,1,175120
8718951338128,false,"ליידי ספיד סטיק רול און שאוור פרש 50 מ""ל",קולגייט פלמוליב,,ליידי ספיד סטיק רול,Unknown,0.00,יחידה,false,,19.90,0.0000,true,1,185349
8718951338364,false,ספריי ניקוי אנטיבקטריאלי בניחוח תפוח,קולגייט פלמוליב,,אגקס טריגר פיור הום,מיליליטרים,500.00,"100 מ""ל",false,,14.90,2.9800,true,1,167559
8718951345119,false,נוזל לניקוי רצפות וכללי היביסקוס 2 ליטר,הנסיך- מפעל לייצור ט,,אג'קס ניקוי כללי עוצ,קילוגרמים,2.00,ליטר,false,,22.90,11.4500,true,1,169903
8718951354807,false,נוזל רצפות אגקס חגיגת הפרחים יסמין 1.5 ל,קולגייט פלמוליב,,אגקס חגיגת הפרחים יס,קילוגרמים,1.50,ליטר,false,,19.90,13.2667,true,1,167550
8718951377998,false,קולגייט סופט פואם זוג מברשות שיניים לניק,קולגייט פלמוליב,,קולגייט מברשת שיניים,Unknown,0.00,יחידה,false,,32.00,0.0000,true,1,168966
8718951381292,false,"משחת שיניים מקס דיטוקס פואם קולגייט 125 מ""ל",ש. שסטוביץ בע`מ,,קולגייט משחת מקס דיט,מיליליטרים,125.00,"100 מ""ל",false,,16.90,13.5200,true,1,169904
8718951382640,false,פלמוליב גל רחצה חימר דיטוקס משאבה 750,קולגייט פלמוליב,,פלמוליב ג'ל רחצה חימ,מיליליטרים,750.00,"100 מ""ל",false,,19.90,2.6533,true,1,163832
8718951382664,false,"פלמוליב ג'ל רחצה חימר ואקליפטוס 750 מ""ל",קולגייט פלמוליב,,פלמוליב ג'ל רחצה חימ,מיליליטרים,750.00,"100 מ""ל",false,,19.90,2.6533,true,1,163836
8718951382718,false,"פלמוליב ג`ל רחצה חימר התחדשות 750 מ""ל",קולגייט פלמוליב,,פלמוליב ג'ל רחצה חימ,מיליליטרים,750.00,"100 מ""ל",false,,19.90,2.6533,true,1,163837
8718951382787,false,"משחת שיניים אופטיק וויט חימר ומינרלים 75 מ""ל קולגייט",ש.שסטוביץ בעמ,,קולגייט אופטיק ווייט,מיליליטרים,75.00,"100 מ""ל",false,,29.90,39.8667,true,1,190234
8718951385290,false,אג`קס ניקוי כללי עוצמת ב -7כחול 2 ליטר,קולגייט פלמוליב,,אג'קס ניקוי כללי עוצ,Unknown,0.00,יחידה,false,,22.90,0.0000,true,1,175121
8718951391314,false,"מרסס אגקס טריגר אנטי בקטריאלי 500 מ""ל",קולגייט-פלמוליב,,אגקס טריגר אנטי בקטר,מיליליטרים,500.00,"100 מ""ל",false,,14.90,2.9800,true,1,175124
8718951409798,false,זוג מברשות שיניים מקס וויט פחם קולגייט,הנסיך- מפעל לייצור ט,,קולגייט מברשת מקס וו,Unknown,0.00,יחידה,false,,26.90,0.0000,true,1,182667
8718951415836,false,קולגייט מי פה פלאקס פחם לחיוך לבן 500 מל,ש.שסטוביץ בעמ,,קולגייט מי פה פלאקס,מיליליטרים,500.00,"100 מ""ל",false,,29.90,5.9800,true,1,183381
8718951423558,false,"פלמוליב סבון רחצה גוף ונשמה קמומיל 750 מ""ל",שסטוביץ,,פלמוליב סבון רחצה גו,מיליליטרים,750.00,"100 מ""ל",false,,19.90,2.6533,true,1,190230
8718951428492,false,"פלמוליב סבון רחצה לגבר 4ב1 מועשר בפחם 750 מ""ל",ש.שסטוביץ בעמ,,פלמוליב סבון רחצה לג,מיליליטרים,750.00,"100 מ""ל",false,,19.90,2.6533,true,1,190231
8718951431614,false,"סבון רחצה פלמוליב סו פירם מינרלים משאבה 750 מ""ל",קולגייט פלמוליב,,פלמוליב סבון רחצה סו,מיליליטרים,750.00,"100 מ""ל",false,,19.90,2.6533,true,1,186736
8718951433120,false,קולגייט טוטאל משחת שיניים לילדים לגילאי,קולגייט פלמוליב,,קולגייט טוטאל ג'וניו,Unknown,0.00,יחידה,false,,16.90,0.0000,true,1,198627
8718951470323,false,קולגייט סופט פואם פחם זוג מברשות שיניים,קולגייט פלמוליב,,קולגייט זוג מברשת שי,Unknown,0.00,יחידה,false,,34.90,0.0000,true,1,197834
8718951477384,false,"קולגייט משחת שיניים טוטאל ג'ל מתקדם פיור 75 מ""ל",קולגייט פלמוליב,,קולגייט טוטאל משחת ש,Unknown,0.00,יחידה,false,,19.90,0.0000,true,1,190238
8718951498754,false,שישיית מברשות שיניים סופר פלקסי קולגייט,קולגייט פלמוליב,,מברשת שיניים קולגייט,Unknown,0.00,יחידה,false,,19.90,0.0000,true,1,197361
8718951509627,false,"קולגייט אופטיק וייט לאוהבי קפה ותה משחת שיניים 75 מ""ל",קולגייט פלמוליב,,קולגייט אופטיק וייט,Unknown,0.00,יחידה,false,,29.90,0.0000,true,1,196270
8719128110325,false,"סירופ סודה סטרים לימונדה 500 מ""ל",סודהסטרים ישראל בעמ,,סודה סטרים לימונדה 5,מיליליטרים,500.00,"100 מ""ל",false,,22.90,4.5800,true,1,145370
8719128110332,false,"סירופ סודה סטרים אנרגיה 500 מ""ל",סודהסטרים ישראל בעמ,,סודה סטרים אנרגיה 50,מיליליטרים,500.00,"100 מ""ל",false,,22.90,4.5800,true,1,145371
8719128112633,false,בקבוקי הגזה סודה סטרים לילדים 0.5 ל*2,סודה סטרים,,זוג בקבוקי הגזה 500,Unknown,0.00,יחידה,false,,39.90,0.0000,true,1,145381
8719128117232,false,"סירופ פפסי 440 מ""ל סודהסטרים",סודה סטרים ישראל בעמ,,"סירופ פפסי 440 מ""ל",מיליליטרים,440.00,"100 מ""ל",false,,22.90,5.2045,true,1,181551
8719128117256,false,"סירופ סבן אפ 440 מ""ל סודהסטרים",סודהסטרים ישראל בעמ,,"סירופ סבן אפ 440 מ""ל",מיליליטרים,440.00,"100 מ""ל",false,,22.90,5.2045,true,1,181569
8719128118673,false,ספיריט פלסטיק ירוק,,,ספיריט פלסטיק ירוק,Unknown,0.00,יחידה,false,,499.00,0.0000,true,1,199425
8719200997998,false,מרגרינה למריחה בישול וטיגון 200 ג' בלו בנד,דיפלומט מפיצים (1968) בעמ**,,בלובנד עם מלח 200 גר,גרמים,200.00,100 גרם,false,,4.50,2.2500,true,1,120102
8719200998001,false,מרגרינה לאפיה ובישול בלי מלח 200 ג' בלו בנד,יוניליוור ישראל מזון בע\,,בלובנד בלי מלח 200 ג,גרמים,200.00,100 גרם,false,,4.50,2.2500,true,1,120103
8719200998018,false,מחמאה מרגרינה בטעם חמאה בלובנד 200 גרם,"מיוצר ע""\י יוניליוור ישר",,מחמאה בלו בנד 200 גר,גרמים,200.00,100 גרם,false,,4.40,2.2000,true,1,120104
8719200998032,false,"מרגרינה מזולה גלורי טעם חמאה 250גר 8 יחידות - כשל""פ","מיוצר ע""\י יוניליוור ישר",,מזולה גלורי טעם חמאה,גרמים,250.00,100 גרם,false,,10.00,4.0000,true,1,120106
8719200998049,false,"מרגרינה מזולה גלורי רגיל 250גר 8 יחידות -כשל""פ","מיוצר ע""\י יוניליוור ישר",,מזולה גלורי רגיל 250,גרמים,250.00,100 גרם,false,,10.00,4.0000,true,1,120107
8719200998094,false,"מרגרינה מזולה לאפיה ללא תוספת מלח 200גר - 40 יח' -כשל""פ","מיוצר ע""\י יוניליוור ישר",,מזולה לאפיה ללא מלח,גרמים,200.00,100 גרם,false,,6.50,3.2500,true,1,120112
8719200998100,false,מרגרינה מזולה לאפיה טעם חמאה 200גר - 40 יח',דיפלומט מפיצים (1968) בעמ**,,מזולה לאפיה בטעם חמא,גרמים,200.00,100 גרם,false,,6.50,3.2500,true,1,120113
8719326034041,false,"תמר ג'מבו מג'הול 2 ק""ג",,,"תמר גמבו מגהול 2 ק""ג",פריט,0.00,"ק""ג",false,,79.90,0.0000,true,1,204110
8720181045912,false,"אקס דאודורנט ספריי גוף אפריקה 150 מ""ל",יוניליוור ישראל שיווק בע`מ,,אקס דאו ספריי אפריקה,מיליליטרים,150.00,"100 מ""ל",false,,12.90,8.6000,true,1,167412
8720181046605,false,דאב - דאודורנט ספריי לאישה אורגינל כחול 150מל,יוניליוור ישראל שיווק בע`מ,,דאב ספריי אוריגינל 1,מיליליטרים,150.00,"100 מ""ל",false,,17.90,11.9333,true,1,169208
8720181046612,false,"דאב - דאודורנט רול און לאישה אורגינל 50 מ""ל",יוניליוור ישראל שיווק בע`מ,,דאו רול און אורגינל,Unknown,0.00,יחידה,false,,17.90,0.0000,true,1,182314
8720181090219,false,תחליב רחצה רימונים ותמצית פרח היביסקוס,יוניליוור ישראל שיווק בע`מ,,דאב ת.רחצה להזנה עמו,מיליליטרים,750.00,"100 מ""ל",false,,18.90,2.5200,true,1,182679
8720181114458,false,אקס דאו ספריי לאישה 150 מל(יבוא מקביל,איינשטיין-צור יבוא-יצוא וסחר ב,,אקס דאודורנט ספריי 1,Unknown,0.00,יחידה,false,,12.90,0.0000,true,1,194352
8720181114489,false,"אקס - דאודורנט ספריי לגבר בלק 150 מ""ל",איינשטיין-צור יבוא-יצוא וסחר ב,,אקס דאודורנט ספריי 1,Unknown,0.00,יחידה,false,,12.90,0.0000,true,1,194349
8720181123955,false,"אקס - ג'ל רחצה ריצארג קריד 400 מ""ל","יוניליוור ישראלשיווק בע""מ",,אקס גל רחצה לגבר ריצ,מיליליטרים,400.00,"100 מ""ל",false,,12.90,3.2250,true,1,187655
8720608014958,false,תה שחור ליפטון ילו לייבל 100 שק 150 ג,יוניליוור ישראל שיווק בעמ,,תה ליפטון יילו לייבל,Unknown,100.00,יחידה,false,,12.90,0.1290,true,1,199160
8721200060107,false,בקרסלנד-סטרופ וופל הולנדי 250 גרם,דה בנקט גרופ,,וופל הולנדי 260 גרם,גרמים,260.00,100 גרם,false,,12.10,4.6538,true,1,131251
8723400756552,false,מארז סוכריות מנטוס Mentos ריינבואו,פרפטי ואן מלה ברדה,,מנטוס ריינבואו 4*37.,גרמים,150.00,100 גרם,false,,10.90,7.2667,true,1,121414
8723400793922,false,מנטוס גליל בטעם דובדבן אריזת רביעיה 150 ג',פרפטי ואן מלה ברדה,,מנטוס מנטה גליל בטעם,גרמים,150.00,100 גרם,false,,10.90,7.2667,true,1,180690
8736737320051,false,BT-2005 בלנדרPRO+ 1.,,,BT-2005 בלנדרPRO+ 1.,Unknown,0.00,יחידה,false,,159.90,0.0000,true,1,179531
8760420002290,false,קרש עגול+קליפת עץ 4*,,,קרש עגול+קליפת עץ 4*,Unknown,0.00,יחידה,false,,49.90,0.0000,true,1,174559
8760919004064,false,מגש מלבני עץ מגולף 1,,,מגש מלבני עץ מגולף 1,Unknown,0.00,יחידה,false,,39.90,0.0000,true,1,174611
8760921112696,false,62.307 מגש עץ עם ידי,,,62.307 מגש עץ עם ידי,Unknown,0.00,יחידה,false,,159.90,0.0000,true,1,200781
8797816248680,false,מסחטה מצמים,,,מסחטה מצמים,Unknown,0.00,יחידה,false,,199.90,0.0000,true,1,201179
8801055707966,false,קפה טייסטרס צ`ויס בריסטה נסקפה (180 גרם),קבוצת אוסם סחר שותפות מוגבלת,,טייסטרס צ'וייס בריסט,גרמים,180.00,100 גרם,false,,31.90,17.7222,true,1,127689
8801055709434,false,קפה נמס טסטר'ס צ'ויס קולומביה 100 גרם,קבוצת אוסם סחר שותפות מוגבלת,,נסקפה טייסטרס צ'ויס,Unknown,0.00,יחידה,false,,24.90,0.0000,true,1,186750
8801055709458,false,אבקה להכנת משקה קפה בטעם קפוצ'ינו קרמל,קבוצת אוסם סחר שותפות מוגבלת,,נסקפה קפוצ'ינו קרמל,גרמים,180.00,100 גרם,false,,21.90,12.1667,true,1,197321
8801055709465,false,אבקה להכנת משקה קפה בטעם קפוצ'ינו וניל,קבוצת אוסם סחר שותפות מוגבלת,,נסקפה קפוצ'ינו וניל,גרמים,180.00,100 גרם,false,,21.90,12.1667,true,1,197322
8801055709472,false,נסטלה - נסקפה קפוצ'ינו קלאסי 12.50 גרם * 10,קבוצת אוסם סחר שותפות מוגבלת,,נסקפה קפוצ'ינו קלאסי,גרמים,180.00,100 גרם,false,,21.90,12.1667,true,1,197323
8801055709489,false,אבקה להכנת משקה קפה בטעם קפוצ'ינו אגוזים,קבוצת אוסם סחר שותפות מוגבלת,,נסקפה קפוצ'ינו אגוזי,גרמים,180.00,100 גרם,false,,21.90,12.1667,true,1,197320
8801085020301,false,אטריות נאמה אודון 200 גרם,Alpha international,,אטריות נאמה אודון 20,גרמים,200.00,100 גרם,false,,7.90,3.9500,true,1,190478
8809168840471,false,חטיף אצות מיובשות 9יח 4.5גרם.,מזרח ומערב יבוא ושיווק,,חטיף אצות מיובשות 4.,Unknown,0.00,יחידה,false,,24.90,0.0000,true,1,175672
8809168840488,false,חטיף אצות מיובשות 4.5ג*3 יחידות,מזרח ומערב יבוא ושיווק,,חטיף אצות מיובשות 4.,Unknown,0.00,יחידה,false,,11.90,0.0000,true,1,167416
8832774554005,false,תנור קוורץ BENATON BT-55400,קונסיגנציה-ד.ש.ש. אלקטרוניקה ב,,תנור קוורץ BENATON B,Unknown,0.00,יחידה,false,,59.90,0.0000,true,1,169021
8850006331699,false,שלישיית מברשת שיניים קולגייט סלים סופט,קולגייט פלמוליב,,קולגייט מברשת סלים ס,Unknown,0.00,יחידה,false,,34.90,0.0000,true,1,111471
8850006932964,false,מארז מברשות שיניים טוויסטר קולגייט חמישייה,קולגייט פלמוליב,,מארז מברשות שיניים ק,Unknown,0.00,יחידה,false,,29.90,0.0000,true,1,175125
8850161161247,false,קוקו מקס 100% מי קוקוס 1 ליטר,טויו סייקאן קו.אל.טי.די,,מי קוקוס קוקו מקס 1,קילוגרמים,1.00,ליטר,false,,19.90,19.9000,true,1,142515
8850180040028,false,קמח טמפורה להכנת בלי,מזרח ומערב יבוא ושיווק,,מזרח ומערב יבוא טמפו,גרמים,500.00,100 גרם,false,,10.90,2.1800,true,1,133285
8850206250592,false,רוטב צ'ילי סריראצ'ה 540 גרם (מזרח ומערב),מזרח ומערב יבוא ושיווק,,רוטב צ'ילי סיראצ'ה 5,גרמים,530.00,100 גרם,false,,19.90,3.7547,true,1,133286
8850367992171,false,קרם קוקוס 1 ליטר 20-22% ללא חומר משמר,מזרח ומערב יבוא ושיווק,,מזרח ומערב קרם קוקוס,מיליליטרים,1000.00,"100 מ""ל",false,,24.90,2.4900,true,1,135232
8850367994021,false,"רוטב צ'ילי מתוק ללא סוכר מזרח ומערב ללא גלוטן 280 מ""ל",מזרח ומערב יבוא ושיווק,,רוטב צ'ילי מתוק ללא,מיליליטרים,280.00,"100 מ""ל",false,,10.90,3.8929,true,1,182889
8850367994786,false,מחית קארי אדומה 50 גרם,מזרח ומערב יבוא ושיווק,,מחית קארי אדומה 50 ג,Unknown,0.00,יחידה,false,,5.90,0.0000,true,1,182876
8850389103111,false,סאפי משקה אלוורה בטעם ענבים 300מל,פארייפאבה אגרואינדוס,,סאפה ענבים בקבוק 300,מיליליטרים,300.00,"100 מ""ל",false,,7.90,2.6333,true,1,142518
8850389103159,false,"משקה ליצ'י עם חתיכות גלי קוקוס 320 מ""ל מוגו מוגו",סאפה פובליק קומפני לימיט,,מוגו מוגו ליצי' עם ח,Unknown,0.00,יחידה,false,,10.90,0.0000,true,1,190119
8850389104637,false,"משקה קל סאפה אלוורה אפרסק 300 מ""ל",פארייפאבה אגרואינדוס,,סאפה אפרסק בקבוק 300,מיליליטרים,300.00,"100 מ""ל",false,,7.90,2.6333,true,1,142520
8850389105832,false,סאפה משקה אלוורה בטעם תפוח עם קוביות אלוורה 1 ליטר,סאפה פובליק קומפני לימיט,,סאפה תפוח בקבוק ליטר,קילוגרמים,1.00,ליטר,false,,13.90,13.9000,true,1,142523
8850389105849,false,סאפה משקה אלוורה מופחת קלוריות בטעם אפרסק 1 ליטר,סאפה פובליק קומפני לימיט,,סאפה אפרסק בקבוק ליט,קילוגרמים,1.00,ליטר,false,,13.90,13.9000,true,1,142524
8850389111352,false,"משקה מלון עם חתיכות גלי קוקוס 320 מ""ל מוגו מוגו",סאפה פובליק קומפני לימיט,,מוגו מוגו מלון עם חת,מיליליטרים,320.00,"100 מ""ל",false,,10.90,3.4063,true,1,190120
8850389115312,false,"סאפה אלוורה מלון בקבוק 300 מ""ל",סאפה פובליק קומפני ל,,סאפה מלון בקבוק 300,מיליליטרים,300.00,"100 מ""ל",false,,7.90,2.6333,true,1,142527
8850521151215,false,קמח אורז דביק 400 גר,Oriental food co. lt,,קמח אורז דביק 400 גר,גרמים,400.00,100 גרם,false,,9.90,2.4750,true,1,190481
8850632604259,false,"יוגטה, חיספוסים, ממתק חמוץ בצורת מקלות בטעם תות שדה,50 גרם",ליימן שליסל בע`מ,,יוגטה חיספוסים מקלות,Unknown,0.00,יחידה,false,,4.90,0.0000,true,1,121422
8850632604266,false,"יוגטה, ממתק חמוץ בצורת מקלות בטעם קולה, 50 גרם",ליימן שליסל בע`מ,,יוגטה חיספוסים מקלות,Unknown,0.00,יחידה,false,,4.90,0.0000,true,1,121423
8850632604372,false,"יוגטה, חיספוסים בצורת שטיח בטעם תות שדה 50 גרם",ליימן שליסל בע`מ,,יוגטה חיספוסים שטיח,Unknown,0.00,יחידה,false,,4.90,0.0000,true,1,121424
8850632604402,false,יוגטה חיספוסים בטעם מעורב תות שדה אבטיח ענבים בננה 50 גרם,ליימן שליסל בע`מ,,יוגטה חיספוסים שטיח,Unknown,0.00,יחידה,false,,4.90,0.0000,true,1,121425
8850851700381,false,ספוג לתינוק רך במיוחד,אינטרסן (1996) בעמ,,ספוג לתינוק רך,Unknown,0.00,יחידה,false,,13.90,0.0000,true,1,163454
8851613101378,false,"נוזל קוקוס ארוי די 250 מ""ל",גורי מוצרי צריכה (1991) בעמ,,"חלב קוקוס 250 מ""ל",גרמים,250.00,100 גרם,false,,9.80,3.9200,true,1,116197
8852633020403,false,פניני טפיוקה 500 גרם (כשר),מזרח ומערב יבוא ושיווק,,מזרח ומערב יבוא פנינ,גרמים,500.00,100 גרם,false,,11.90,2.3800,true,1,133301
8852633520408,false,סוכר דקלים 400 גרם SUP,Super J Internationa,,סוכר דקלים 400 גרם,גרמים,400.00,100 גרם,false,,14.90,3.7250,true,1,190486
8853662056661,false,"רוטב סריראצ''ה מיו 455 מ""ל",EXOTIC FOOD PCL,,רוטב סריראצ'ה מיו 45,מיליליטרים,455.00,"100 מ""ל",false,,28.90,6.3516,true,1,177473
8853662056982,false,"רוטב סריראצ'ה צ'ילי ירוק חריף 455 מ""ל",EXOTIC FOOD PCL,,רוטב סריראצ'ה עם צ'י,מיליליטרים,455.00,"100 מ""ל",false,,28.90,6.3516,true,1,177474
8853662060026,false,רוטב סריראצה חריף455,EXOTIC FOOD PCL,,רוטב סריראצ'ה חריף 4,מיליליטרים,455.00,"100 מ""ל",false,,28.90,6.3516,true,1,177479
8854661001850,false,קוקטייל פירות ים 500,,,קוקטייל פירות ים 500,גרמים,500.00,100 גרם,false,,29.90,5.9800,true,1,137208
8854661003786,false,שרימפס מבושל עם ראש 500 גר,,,שרימפס מבושל עם ראש,גרמים,500.00,100 גרם,false,,32.90,6.5800,true,1,137212
8856202106161,false,ענף דובדובנים אדום,,,ענף דובדובנים אדום,Unknown,0.00,יחידה,false,,14.90,0.0000,true,1,204077
8856202106178,false,ענף דובדובנים וורוד,,,ענף דובדובנים וורוד,Unknown,0.00,יחידה,false,,14.90,0.0000,true,1,204078
8856202106208,false,ענף דובדובנים ביג' H,,,ענף דובדובנים ביג' H,Unknown,0.00,יחידה,false,,14.90,0.0000,true,1,204081
8857101301008,false,רוטב צילי מתוק וילי 700 מל יצרןמותג: פאן,ג.וילי-פוד אינטרנשיונל בעמ,,וילי פוד רוטב צילי מ,גרמים,700.00,100 גרם,false,,10.90,1.5571,true,1,115909
8858271003020,false,רוטב סויה פורמולה 1 - 700 מ'ל מקסצ'אפ,מזרח ומערב יבוא ושיווק,,מזרח ומערב יבוא מקסצ,מיליליטרים,700.00,"100 מ""ל",false,,15.90,2.2714,true,1,133304
8858271003044,false,רוטב סויה כהה פורמולה 5 700 גרם מקסצאפ,מזרח ומערב יבוא ושיווק,,מז ומע יבוא מקסצ'אפ,מיליליטרים,700.00,"100 מ""ל",false,,15.90,2.2714,true,1,182894
8858271003068,false,"רוטב סויה מתוקה כהה 250 מ""ל מקסצאפ",מזרח ומערב יבוא ושיווק,,מזרח ומערב יבוא מקסצ,מיליליטרים,250.00,"100 מ""ל",false,,10.90,4.3600,true,1,133305
8858271003075,false,"רוטב סויה מתוקה מקסצ'אפ 700 מ""ל",מזרח ומערב יבוא ושיווק,,מזרח ומערב יבוא מקסצ,מיליליטרים,700.00,"100 מ""ל",false,,16.90,2.4143,true,1,133306
8858271003938,false,רוטב קארי ירוק 250 מ'ל - מקסצ'אפ,מזרח ומערב יבוא ושיווק,,מזרח ומערב יבוא מקסצ,מיליליטרים,250.00,"100 מ""ל",false,,10.90,4.3600,true,1,133310
8858271003945,false,"רוטב קארי צהוב 250 מ""ל מקסצאפ",Yan Wal Yun Corpora,,רוטב קארי צהוב 250 מ,גרמים,250.00,100 גרם,false,,10.90,4.3600,true,1,182886
8858271004034,false,רוטב צ'ילי חריף 700 מ'ל מקסצ'אפ,מזרח ומערב יבוא ושיווק,,מזרח ומערב יבוא מקסצ,מיליליטרים,700.00,"100 מ""ל",false,,15.90,2.2714,true,1,182892
8858271004126,false,רוטב חמוץ מתוק 700 מ'ל - מקסצ'אפ,מזרח ומערב יבוא ושיווק,,מזרח ומערב יבוא מקסצ,מיליליטרים,700.00,"100 מ""ל",false,,15.50,2.2143,true,1,133311
8858271004300,false,"רוטב טרייאקי 70 מ""ל מקסצ`אפ",מזרח ומערב יבוא ושיווק,,מזרח ומערב יבוא מקסצ,מיליליטרים,700.00,"100 מ""ל",false,,21.90,3.1286,true,1,133312
8858271004423,false,"רוטב טום ים 250 מ""ל מקסצ'אפ",מזרח ומערב יבוא ושיווק,,מזרח ומערב יבוא מקסצ,מיליליטרים,250.00,"100 מ""ל",false,,11.90,4.7600,true,1,133313
8858271004799,false,"רוטב צילי מתוק אל פורפסיס 700 מ""ל",מזרח ומערב יבוא ושיווק,,מזרח ומערב יבוא רוטב,מיליליטרים,700.00,"100 מ""ל",false,,12.90,1.8429,true,1,133315
8858271005772,false,"רוטב סויה ללא גלוטן (תמרי)300 מ""ל (כ)",מזרח ומערב יבוא ושיווק,,מזרח ומערב רוטב סויה,מיליליטרים,300.00,"100 מ""ל",false,,16.90,5.6333,true,1,133316
8859103400697,false,דג בברית צנינית צהובה מלוח מיובש 100 גר,,,דג בברית צנינית צהוב,Unknown,0.00,יחידה,false,,13.90,0.0000,true,1,189078
8859103400734,false,דג צנינון מלוח מיובש 100 גר,,,דג צנינון מלוח מיובש,Unknown,0.00,יחידה,false,,13.90,0.0000,true,1,189080
8859103401199,false,דג ברקודה מלוח מיובש 100 גר,,,דג ברקודה מלוח מיובש,Unknown,0.00,יחידה,false,,13.90,0.0000,true,1,189081
8888021200256,false,סוללות אנרג'ייזר AA מקס 8 יחידות,יצרן: אנרג'ייזר סינג,,AA אנרג'ייזר שמיניית,Unknown,8.00,יחידה,false,,29.90,3.7375,true,1,111523
8888757101506,false,100% שמן מזוכך משומשום קלוי,אוך אייק גואן פוד אי,,"שמן שומשום 150 מ""ל",מיליליטרים,150.00,"100 מ""ל",false,,11.10,7.4000,true,1,116202
8888757103005,false,"שמן שומשום טהור 300 מ""ל",אוך אייק גואן פוד אינדוס,,"שמן שומשום 300 מ""ל",מיליליטרים,300.00,"100 מ""ל",false,,19.00,6.3333,true,1,116203
8901138825591,false,"משחת שיניים הימלאיה מלבינה 75 מ""ל",הימלאיה Himalaya,,*מבצע* הימלאיה משחת,Unknown,0.00,יחידה,false,,16.90,0.0000,true,1,158447
8901537024014,false,"אורז בסמטי מובחר 1 ק""ג - דוואט) יורה דיעה",ג. וילי-פוד אינטרנשיונל בע`מ,,וילי פוד אורז בסמטי,פריט,1.00,"ק""ג",false,,13.90,13.9000,true,1,115913
8901571005833,false,מברשות שיניים סנסודיין שלישייה יבוא מקבי,פארמה דיל (פ.א.ב.) שיווק והפצה,,סנסודיין שלישיית מבר,Unknown,0.00,יחידה,false,,14.90,0.0000,true,1,178889
8904180001333,false,רוטב מנגו צאטני מתוק 340 גרם,,,מנגו צ'אטני מתוק נמס,גרמים,340.00,100 גרם,false,,24.90,7.3235,true,1,177480
8906000596999,false,אורז בסגנון בסמטי מלא 1 ק``ג,בני ג ורג שוקחה (חיפה) בעמ,,"אורז בסמטי מלא 1ק""ג",פריט,1.00,"ק""ג",false,,10.90,10.9000,true,1,142901
8906006432512,false,מבריק נעליים קיווי שקוף,,,קיוי אקספרס שקוף חדש,Unknown,0.00,יחידה,false,,14.90,0.0000,true,1,155101
8906040370054,false,"אורז בסמטי מנסה 5 ק""",,,"אורז בסמטי מנסה 5 ק""",פריט,5.00,"ק""ג",false,,59.90,11.9800,true,1,173576
8906076277495,false,"אורז תלס 1 ק""ג",,,"אורז תלס 1 ק""ג",פריט,1.00,"ק""ג",false,,10.90,10.9000,true,1,172378
8906076277501,false,"אורז תלס 5 ק""ג",,,"אורז תלס 5 ק""ג",פריט,5.00,"ק""ג",false,,49.90,9.9800,true,1,172379
8934878081811,false,"דפי אורז 22 ס""מ 400 גר'(Trav) ללא גלוטן",מזרח ומערב יבוא ושיווק,,מזרח ומערב יבוא טראו,גרמים,400.00,100 גרם,false,,12.90,3.2250,true,1,133322
8938535541366,false,"דפי אורז 22ס""מ צבעוני 400גר ללא גלוטן",מזרח ומערב יבוא ושיווק,,דפי אורז צבעוניים לל,גרמים,400.00,100 גרם,false,,14.90,3.7250,true,1,182879
8964000114025,false,"שמן חבת אלברקה 30 מ""",,,"שמן חבת אלברקה 30 מ""",Unknown,0.00,יחידה,false,,15.00,0.0000,true,1,183196
8964000114179,false,"שמן שומשום 30 מ""ל",,,"שמן שומשום 30 מ""ל",Unknown,0.00,יחידה,false,,15.00,0.0000,true,1,183200
8964001150756,false,בכור ג'לא זיד,,,בכור ג'לא זיד,Unknown,0.00,יחידה,false,,60.00,0.0000,true,1,183210
9000100591058,false,"סאיוס - ג'ל לשיער לייצוב מקסימלי 250 מ""ל",הנקל סוד,,סאיוס ג'ל לשיער לייצ,מיליליטרים,250.00,"100 מ""ל",false,,20.00,8.0000,true,1,126044
9000100760591,false,"פה - דאודורנט רול און לגבר אינוויזיבל פאוואר 50 מ""ל",שוורצקופף והנקל,,פה רול און אינביזיבל,Unknown,0.00,יחידה,false,,11.90,0.0000,true,1,163076
9000100806657,false,"פה - דאודורנט רול און לאישה בלתי נראה 50 מ""ל",שוורצקופף והנקל,,פה דאודורנט בלתי נר,מיליליטרים,50.00,"מ""ל",false,,11.90,0.2380,true,1,126047
9000100843256,false,"גליס תמציות שמן 6 פעולות משקמות 75 מ""ל",שוורצקוף Schwarzkopf,,גליס תמצית שמן 75,Unknown,0.00,יחידה,false,,21.90,0.0000,true,1,165352
9000101375268,false,ברף דלקס שלישייה ניחוח יסמין,הנקל,,ברף דלקס שילשייה סבו,Unknown,0.00,יחידה,false,,19.90,0.0000,true,1,200014
9000101380255,false,פרסיל דיסקס לכביסה ניקיון היגייני 22 יחידות,גורי שיווק בעמ,,פרסיל דיסקס ניקיון ה,Unknown,0.00,יחידה,false,,34.90,0.0000,true,1,187099
9000101418163,false,שלישיית סבון אסלה בניחוח מתחלף תפוח ירוק ברף,גורי שיווק בעמ,,ברף שלישיה בניחוח מת,Unknown,0.00,יחידה,false,,19.90,0.0000,true,1,196453
9000101509151,false,ברף - סבון אסלה ג'ל אוקיינוס הקרח הצפוני שלשות,הנקל,,ברף בריליאנט ג'ל אוק,Unknown,0.00,יחידה,false,,19.90,0.0000,true,1,200196
9000101520965,false,"סבון אסלה בניחוח מתחלף לוטוס עדין במבוק, 3 יחידות",גורי שיווק בעמ,,ברף שלישיה בניחוח מת,Unknown,0.00,יחידה,false,,19.90,0.0000,true,1,196454
9000101537550,false,פרסיל קאפסולות לכביסה לבנה וצבעונית 52 יח',גורי שיווק בעמ,,פרסיל פאוור קאפס קפס,Unknown,0.00,יחידה,false,,64.90,0.0000,true,1,197261
9000101537581,false,פרסיל קאפסולות לכביסה צבעונית 52 יחידו,גורי שיווק בעמ,,פרסיל פאוור קאפס קפס,Unknown,0.00,יחידה,false,,64.90,0.0000,true,1,197263
9001148803103,false,שיני שום קלופות 170,ביכורי השדה הצפון בעמ` 1964,,שיני שום קלופות 170,Unknown,0.00,יחידה,false,,11.90,0.0000,true,1,198835
9001616202155,false,מוצץ לתינוק אולטי סיליקון ללא ביספנול 16+ מאם,אלפא קוסמטיקה בעמ,,MAM מוצץ סיליקון 16+,Unknown,0.00,יחידה,false,,39.90,0.0000,true,1,131633
9001616202186,false,"בקבוק לתינוק 330 מ""ל 4+ חודשים Easy Active",טרופיקל דגיל תעשיות,,MAM בקבוק תינוק 330,Unknown,0.00,יחידה,false,,39.90,0.0000,true,1,111473
9001616203626,false,מאם זוג פטמות מס 3 זרימה מהירה,אלפא קוסמטיקה בעמ,,MAM זוג פטמות 3,Unknown,0.00,יחידה,false,,34.90,0.0000,true,1,131645
9001616205828,false,מאם מברשת לניקוי בקבוקים ירוק,אלפא,,MAM מברשת בקבוק GREE,Unknown,0.00,יחידה,false,,39.90,0.0000,true,1,131649
9001616205835,false,מאם כוס ספורט 330 מל כחול,אלפא,,MAM כוס ספורט BOY,Unknown,0.00,יחידה,false,,39.90,0.0000,true,1,131650
9001616702723,false,זוג מוצצים סיליקון 6+ לילה זוהרים בחושך,אלפא קוסמטיקה בעמ,,MAM לילה זוהרים 6+ U,Unknown,0.00,יחידה,false,,39.90,0.0000,true,1,131675
9001616702730,false,זוג מוצצי סיליקון לאב אנד אפקשן 6+ ו רוד,אלפא קוסמטיקה בעמ,,MAM זמן לאהבה 6+ GIR,Unknown,0.00,יחידה,false,,39.90,0.0000,true,1,131676
9001616702785,false,זוג מוצצי סיליקון כיתובים בעברית 6+ בנות,אלפא קוסמטיקה,,MAM מוצצים עברית 6+,Unknown,0.00,יחידה,false,,39.90,0.0000,true,1,172157
9001616702808,false,מוצצים 6+ סיליקון קלירליין-בנות (ורוד),אלפא קוסמטיקה בעמ,,MAM מוצצים קליר 6+ G,Unknown,0.00,יחידה,false,,39.90,0.0000,true,1,131682
9001616702822,false,זוג מוצצים סיליקון קריסטל מאמ +6 ורוד,General,,MAM מוצץ קריסטל 6+ G,Unknown,0.00,יחידה,false,,39.90,0.0000,true,1,131684
9001616702853,false,מאם מוצצים סיליקון 6+ אייר ורוד,General,,MAM מוצץ איר 6+ GIRL,Unknown,0.00,יחידה,false,,39.90,0.0000,true,1,131687
9001616702969,false,"בקבוק 270מ""ל ללא חלקים מתפרקים ורוד",אלפא קוסמטיקה בעמ,,MAM בקבוק תינוק 270,Unknown,0.00,יחידה,false,,39.90,0.0000,true,1,131694
9001616702976,false,"בקבוק 270מ""ל ללא חלקים מתפרקים לבן",אלפא קוסמטיקה,,MAM בקבוק תינוק 270,Unknown,0.00,יחידה,false,,39.90,0.0000,true,1,131695
9001616702983,false,בקבוק תינוק 330 מל -סגול,אלפא קוסמטיקה בעמ,,MAM בקבוק תינוק 330,Unknown,0.00,יחידה,false,,39.90,0.0000,true,1,131696
9001616703027,false,בקבוק תינוק 330 מל -אפור,אלפא קוסמטיקה בעמ,,MAM בקבוק תינוק 330,Unknown,0.00,יחידה,false,,39.90,0.0000,true,1,131699
9001616703089,false,מאם כוס ספורט 330 מל ורוד,אלפא,,MAM כוס ספורט GIRL,Unknown,0.00,יחידה,false,,39.90,0.0000,true,1,131701
9001616703102,false,מאם בקבוק אימון 220 מל ירוק,General,,MAM בקבוק אימון UNIS,Unknown,0.00,יחידה,false,,39.90,0.0000,true,1,131703
9001616703225,false,מחזיק מוצץ בת יחידה,טרופיקל דגיל תעשיות,,MAM מחזיק מוצץ GIRL,Unknown,0.00,יחידה,false,,29.90,0.0000,true,1,131707
9001616703249,false,מחזיק מוצץ יוניסקס יחידה,אלפא,,MAM מחזיק מוצץ UNISE,Unknown,0.00,יחידה,false,,29.90,0.0000,true,1,131709
9001616703256,false,נשכן בת יחידה,General,,MAM נשכן GIRL,Unknown,0.00,יחידה,false,,29.90,0.0000,true,1,131710
9001616703317,false,מאם מברשת לניקוי בקבוקים צהוב,אלפא,,MAM מברשת בקבוק YELL,Unknown,0.00,יחידה,false,,39.90,0.0000,true,1,131713
9001616813856,false,מוצצי +6 יום לילה מארז שלישיה,אלפא קוסמטיקה,,מאם מוצצים אריזת שלי,Unknown,0.00,יחידה,false,,34.90,0.0000,true,1,197023
9002859058172,false,בונבוניירה בננה ציפוי שוקולד מריר 300 גר,GUNZ WARENHANDELS,,גונץ-בננה ציפוי שוקו,גרמים,300.00,100 גרם,false,,16.90,5.6333,true,1,131279
9002859067570,false,דפדפי שוקולד תפוז - גונץ 200 גרם,GUNZ WARENHANDELS,,גונץ-דפדפי שוקולד תפ,גרמים,200.00,100 גרם,false,,18.90,9.4500,true,1,131286
9002975393836,false,סוכריות גילי הריבו האפי קולה 70 גרם,"האריבו , ג'\י.אם.בי.אייץ",,הריבו האפי קולה 70 ג,Unknown,0.00,יחידה,false,,7.90,0.0000,true,1,169867
9002975393843,false,סוכריות גילי הריבו גולדברס 70 גרם,"האריבו , ג'\י.אם.בי.אייץ",,הריבו גולדברס 70 גרם,Unknown,0.00,יחידה,false,,7.90,0.0000,true,1,169863
9002975393850,false,סוכריות גילי הריבו וורמס 70 גרם,"האריבו , ג'\י.אם.בי.אייץ",,הריבו וורמס 70 גרם,Unknown,0.00,יחידה,false,,7.90,0.0000,true,1,169868
9005800345291,false,"ניוואה היידרה סקין אפקט ג'ל מיסלרי לניקוי הפנים עם חומצה היאלורונית 150 מ""ל",אלפא,,ניוואה היידרה סקין א,מיליליטרים,150.00,"100 מ""ל",false,,39.90,26.6000,true,1,194123
9005835313609,false,קלרו טבליות למדיח כלים 15 יחידות CLARO,יעקב יעקבי ובניו בעמ,,קלרו טבליות למדיח כל,Unknown,0.00,יחידה,false,,10.90,0.0000,true,1,189388
9008700111546,false,נקטר דובדבנים חמוצים 1ל',Rauch fruchtsafte gm,,תומר נקטר דובדובן 1,קילוגרמים,1.00,ליטר,false,,13.90,13.9000,true,1,118782
9008700146982,false,מיץ מולטיויטמין פרי אדומים 100% 1 ל ראוך,Rauch fruchtsafte gm,,תומר מיץ מולטיוויטמי,Unknown,0.00,יחידה,false,,11.90,0.0000,true,1,130085
9008700148146,false,נקטר לי'צי ראוץ' 1 ליטר,Rauch fruchtsafte gm,,תומר נקטר ליצ'י 1 לי,קילוגרמים,1.00,ליטר,false,,11.90,11.9000,true,1,130086
9008700170666,false,מיץ תפוח פטל 1 ליטר ראוך,Rauch fruchtsafte gm,,מיץ תפוחים+פטל 1ליטר,קילוגרמים,1.00,ליטר,false,,13.90,13.9000,true,1,161963
9015340100441,false,"רביעית מיץ בטעם דובדבן 200 מ""ל WMIST",,,רביעיית מיץ בטעם דוב,Unknown,0.00,יחידה,false,,9.90,0.0000,true,1,197456
9015340100458,false,"רביעית מיץ בטעם תפוח 200 מ""ל WMIST",,,רביעיית מיץ בטעם תפו,Unknown,0.00,יחידה,false,,9.90,0.0000,true,1,197459
9015340100465,false,"רביעית מיץ בטעם פירות יער 200 מ""ל WMIST",,,רביעיית מיץ בטעם פיר,Unknown,0.00,יחידה,false,,9.90,0.0000,true,1,197457
9015340101301,false,"רביעית מיץ בטעם תות 200 מ""ל WMIST",,,רביעיית מיץ בטעם תות,Unknown,0.00,יחידה,false,,9.90,0.0000,true,1,197461
9015340103794,false,"רביעיה מיץ בטעם אננס אקזוטי 200 מ""ל WMIST",,,רביעיית מיץ בטעם אננ,Unknown,0.00,יחידה,false,,9.90,0.0000,true,1,197455
9044400822320,false,מארז פז בובה + 10 סוכריות 85 גר,פז פרודוקשיין,,סוכריות פז 10+1,גרמים,85.00,100 גרם,false,,14.90,17.5294,true,1,189129
9044400851672,false,סוכריות פז סוגים שונים + 3 מילויים,ר.ב. מוצרי דגנים בעמ,,פז דמויות מתחלפות 25,Unknown,0.00,יחידה,false,,11.90,0.0000,true,1,196272
9090853830221,false,סנטה קלאוס עומד צבע,,,סנטה קלאוס עומד צבע,Unknown,0.00,יחידה,false,,149.90,0.0000,true,1,203699
9090853840220,false,סנטה קלאוס עומד צבע,,,סנטה קלאוס עומד צבע,Unknown,0.00,יחידה,false,,179.90,0.0000,true,1,203700
9090853860228,false,סנטה קלאוס עומד צבע,,,סנטה קלאוס עומד צבע,Unknown,0.00,יחידה,false,,199.90,0.0000,true,1,203702
9092854000245,false,סנטה קלאוס עומד אדום,,,סנטה קלאוס עומד אדום,Unknown,0.00,יחידה,false,,199.90,0.0000,true,1,204117
9098060531627,false,צנצנת זכוכית 3 קומות,,,צנצנת זכוכית 3 קומות,Unknown,0.00,יחידה,false,,89.90,0.0000,true,1,184436
9098204061225,false,סט 1/3 מעמדים לעוגות,,,סט 1/3 מעמדים לעוגות,Unknown,0.00,יחידה,false,,329.90,0.0000,true,1,177228
9098204161321,false,מעמד לעוגה גדול צורת,,,מעמד לעוגה גדול צורת,Unknown,0.00,יחידה,false,,139.90,0.0000,true,1,172438
9098340397622,false,בונבוניירה מחולקות צ,,,בונבוניירה מחולקות צ,Unknown,0.00,יחידה,false,,179.90,0.0000,true,1,184460
9310072028743,false,טים טם ביסקוויט במילוי שוקולד 200 גרם,"ארנוטס ביסקוויטס בע""",,טים טם אוריגינל 200,גרמים,200.00,100 גרם,false,,19.90,9.9500,true,1,121643
9310072028750,false,חטיף שוקולד דאבל קרם טים טם (200 גרם),"ארנוטס ביסקוויטס בע""",,טים טם דאבל 200 גרם,גרמים,200.00,100 גרם,false,,19.90,9.9500,true,1,121644
9310088007015,false,דיפנד תחבושות אוברנייט בלילה,קימברלי קלארק ישראל שיווק בעמ,,תחבושות דיפנד לילה 8,Unknown,8.00,יחידה,false,,22.90,2.8625,true,1,119208
9322969000015,false,פריכיות תירס בטעם אורגינל ריל פודס 150 ג',אף.סי תבליני בגליל ב,,פריכיות תירס 150 גרם,גרמים,150.00,100 גרם,false,,13.90,9.2667,true,1,138273
9322969000046,false,פריכיות תירס שומשום אורגני ריל פודס 150 ג',אף.סי תבליני בגליל ב,,פריכיות תירס אורגניו,גרמים,150.00,100 גרם,false,,13.90,9.2667,true,1,138276
9414897010904,false,מול ניו זילנדי על חצ,,,מול ניו זילנדי קפוא,גרמים,500.00,100 גרם,false,,62.90,12.5800,true,1,134255
9700000000079,false,סילו תבלינים מפלסטיק,,,סילו תבלינים מפלסטיק,Unknown,0.00,יחידה,false,,2.90,0.0000,true,1,186440
9700000002888,false,לקשיון,,,לקשיון,Unknown,0.00,יחידה,false,,5.90,0.0000,true,1,186457
9700000007073,false,תבנית לפלאפל,,,תבנית לפלאפל,Unknown,0.00,יחידה,false,,8.90,0.0000,true,1,193129
9700000100022,false,פנגאן נחושת,,,פנגאן נחושת,Unknown,0.00,יחידה,false,,34.90,0.0000,true,1,193006
9700003000048,false,צנצנת פלסטיק,,,צנצנת פלסטיק,Unknown,0.00,יחידה,false,,2.90,0.0000,true,1,186505
9700003000050,false,צנצנת פלסטיק,,,צנצנת פלסטיק,Unknown,0.00,יחידה,false,,5.90,0.0000,true,1,186506
9700003000051,false,צנצנת פלסטיק 3 ליטר,,,צנצנת פלסטיק 3 ליטר,Unknown,0.00,יחידה,false,,7.90,0.0000,true,1,186507
9700003000052,false,צנצנת פלסטיק,,,צנצנת פלסטיק,Unknown,0.00,יחידה,false,,7.90,0.0000,true,1,186508
9700004000053,false,צנצנת פלסטיק,,,צנצנת פלסטיק,Unknown,0.00,יחידה,false,,14.90,0.0000,true,1,186510
9720188050109,false,ממרח על בסיס סויה בסגנון גבינה טופוטי 225 גרם,החברה המרכזית טלהפצת משקאות בע,,טופוטי ממרח טופו בטע,גרמים,227.00,100 גרם,false,,21.90,9.6476,true,1,118037
9780201351149,false,מייב שער,,,מייב שער,Unknown,0.00,יחידה,false,,99.90,0.0000,true,1,197739
